Nome,Marca,Quantidade,Preço Primário,Preço Por Unidade,Promo
H&S Shampoo Reconstrutor para Couro Cabeludo Muito Seco embalagem 300 ml,H&S,,"4,94 €","(16,47 € / Litro)",
Galbani Queijo Mascarpone embalagem 500 g,Galbani,,"7,69 €","(15,38 € / Kg)",
Ultra Suave Condicionador Camomila e Mel de Flores para Cabelos Louros embalagem 400 ml,Ultra Suave,,"5,59 €","(13,98 € / Litro)",
Moura Azeite Virgem Extra DOP garrafa 500 ml,Moura,,"3,39 €","(6,78 € / Litro)",
A Vaca Que Ri Queijo Fundido 8 Porções embalagem 140 g,A Vaca Que Ri,,"2,23 €","(15,93 € / Kg)",
Provamel Bebida de Soja Adoçada com Maçã Biológica embalagem 1 L,Provamel,,"2,25 €","(2,25 € / Litro)",
Bom Sucesso Arroz Carolino Extra Longo embalagem 1 kg,Bom Sucesso,,"1,44 €","(1,44 € / Kg)",
Billingtons Açúcar Demerara embalagem 500 g,Billingtons,,"2,79 €","(5,58 € / Kg)",
Macieira Brandy Cream garrafa 70 cl,Macieira,,"15,99 €","(22,84 € / Litro)",
El Corte Inglés Massa Fresca Tortellini 4 Queijos embalagem 250 g,El Corte Inglés,,"2,09 €","(8,36 € / Kg)",
Special Line El Corte Inglés Chá Vermelho Pu-Erh embalagem 25 unidades,Special Line El Corte Inglés,,"2,37 €","(94,80 € / Kg)",
Lyle's Xarope Ácer garrafa 454 g,Lyle's,,"4,85 €","(10,68 € / Kg)",
Messias Vinho do Porto Ruby garrafa 75 cl,Messias,,"6,85 €","(9,13 € / Litro)",
Comfort Amaciador Intensificador de Perfume Frescura embalagem 760 ml,Comfort,,"5,99 €","(7,88 € / Litro)",
Denim Original Creme de Barbear embalagem 100 ml,Denim Original,,"2,59 €","(25,90 € / Litro)",
El Corte Inglés Salada Variada embalagem 200 g,El Corte Inglés,,"1,45 €","(7,25 € / Kg)",
Sonatural Sumo de Manga embalagem 750 ml,Sonatural,,"4,49 €","(5,99 € / Litro)",
Dom Diogo Vinho Verde Arinto Branco garrafa 75 cl,Dom Diogo,,"4,95 €","(6,60 € / Litro)",
Cem Porcento Infusão para Pernas Cansadas embalagem 13 g,Cem Porcento,,"0,85 €","(65,38 € / Kg)",
El Corte Inglés Amaciador para a Roupa Violeta e Âmbar Concentrado embalagem 30 doses,El Corte Inglés,,"1,95 €","(0,06 € / Dose)",
Goshua Iogurte com Pêssego frasco 145 g,Goshua,,"1,85 €","(12,76 € / Kg)",
Presunto 100% Ibérico Bolota Fatiado Mão unidade 50 g,,,"13,99 €","(279,80 € / Kg)",
King C. Gillette Máquina de Barbear Lâmina Dupla + 5 Recargas embalagem 6 unidades,King C. Gillette,,"19,99 €","(19,99 € / Unidade)",
Bolo do Caco unidade 100 g,,,"1,10 €","(0,01 € / Unidade)",
Palette Coloração Nº 5 Castanho Claro embalagem 1 unidade,Palette,,"5,99 €","(5,99 € / Unidade)",
Johnson's Óleo para Bebé Cotton Juice embalagem 300 ml,Johnson's,,"3,49 €","(11,63 € / Litro)",
Interdoces Gomas Bananas embalagem 150 g,Interdoces,,"1,85 €","(12,33 € / Kg)",
Gelpeixe Miolo de Camarão 10/25 Gourmet Perfect Moments embalagem 250 g,Gelpeixe,,"7,79 €","(31,16 € / Kg)",
Mimosa Aroma Iogurte Aroma a Coco Pack 4 embalagem 120 g,Mimosa Aroma,,"1,09 €","(2,27 € / Kg)",
The Berry Company Sumo de Romã embalagem 1 L,The Berry Company,,"2,99 €","(2,99 € / Litro)",
Bonne Maman Doce de 4 Frutos Vermelhos frasco 370 g,Bonne Maman,,"3,49 €","(9,43 € / Kg)",
La Hispalana Picos Dieta Mediterranea embalagem 210 g,La Hispalana,,"1,49 €","(7,10 € / Kg)",
Pera Rocha Extra 80+ Peso Aproximado por unidade 210 g,,,"2,49 €/kg",,
Quanto Amaciador para a Roupa Flores Silvestres Concentrado embalagem 122 doses,Quanto,,"7,69 €","(0,06 € / Unidade)",
RTM Queijo Emmental em Fatias sem Glúten e sem Lactose embalagem 150 g,RTM,,"2,65 €","(17,67 € / Kg)",
Vinho Tinto Regional da Península de Setúbal Syrah garrafa 75 cl,,,"11,90 €","(15,87 € / Litro)",
Vulcânico Vinho Branco dos Açores Vulcânico garrafa 75 cl,Vulcânico,,"19,90 €","(26,53 € / Litro)",
Víctor Fernandes Queijo de Azeitão DOP Pequeno embalagem 110 g,Víctor Fernandes,,"3,35 €","(30,45 € / Kg)",
Nescafé Dolce Gusto Cápsulas de Chocolate Quente Chococino embalagem 16 cápsulas,Nescafé Dolce Gusto,,"5,99 €","(0,37 € / Unidade)",
Reguta Espumante Prosecco garrafa 75 cl,Reguta,,"8,79 €","(11,72 € / Litro)",
Yoçor Gelatina de Ananás 0% Gordura Pack 4 embalagem 100 g,Yoçor,,"1,29 €","(3,22 € / Kg)",
Danonino BebeDino Bebida de Morango Pack 4 embalagem 100 g,Danonino BebeDino,,"1,69 €","(4,22 € / Kg)",
Gesprocarne Pernil Assado unidade 600 g,Gesprocarne,,"8,99 €","(14,98 € / Kg)",
Danone Activia Bifidus Naturais Iogurte Líquido de Frutos Silvestres 0% Gordura Pack 8 embalagem 155 g,Danone Activia Bifidus Naturais,,"3,49 €","(2,81 € / Kg)",
"Nestlé Nesquik Achocolatado + 50% Oferta sem Glúten embalagem 1,2 kg",Nestlé Nesquik,,"5,59 €","(4,66 € / Kg)",
"Campofrio Frango Assado Recheado Peso Aproximado por unidade 2,2 kg",Campofrio,,"19,98 €/kg",,
Maybelline Super Stay Batom Ink Crayon Nº 80 embalagem 1 unidade,Maybelline Super Stay,,"8,99 €","(8,99 € / Unidade)",
3 Corações Café Torrado e Moído Tradicional embalagem 250 g,3 Corações,,"4,29 €","(17,16 € / Kg)",
García Baquero Queijo Cunha sem Lactose unidade 200 g,García Baquero,,"4,75 €","(23,75 € / Kg)",
Espiga Oregãos Folha embalagem 10 g,Espiga,,"1,05 €",(105 € / Kg),
Granarolo Queijo Grana Padano embalagem 200 g,Granarolo,,"3,89 €","(19,45 € / Kg)",
Cabeça de Burro Vinho Branco do Douro garrafa 75 cl,Cabeça de Burro,,"7,49 €","(9,99 € / Litro)",
Special Line El Corte Inglés Infusão de Cavalinha embalagem 25 unidades,Special Line El Corte Inglés,,"2,37 €","(94,80 € / Kg)",
Comenda Grande Vinho Branco Regional do Algarve Sauvignon garrafa 75 cl,Comenda Grande,,"7,59 €","(10,12 € / Litro)",
Fruut Maçã Desidratada e Amendoins sem Glúten embalagem 40 g,Fruut,,"1,15 €","(28,75 € / Kg)",
Quinta de Sães Vinho Branco do Dão garrafa 75 cl,Quinta de Sães,,"14,95 €","(19,93 € / Litro)",
Tres Sombreros Tequila Silver garrafa 70 cl,Tres Sombreros,,"13,90 €","(19,86 € / Litro)",
Tai Leite de Coco lata 400 ml,Tai,,"2,05 €","(5,12 € / Litro)",
Real Natura Máscara Capilar Intensiva Pro-Lisos Anti-Frizz com Proteína de Seda embalagem 1 kg,Real Natura,,"11,90 €","(11,90 € / Kg)",
Vahiné Gelatina em Pó embalagem 18 g,Vahiné,,"2,19 €","(121,67 € / Kg)",
Mimosa Bem Especial Leite sem Lactose Magro embalagem 1 L,Mimosa Bem Especial,,"1,09 €","(1,09 € / Litro)",
Ausonia Discreet Pensos Extra embalagem 20 unidades,Ausonia Discreet,,"5,19 €","(0,26 € / Unidade)",
Renova Super Papel Higiénico Branco 12 unidades,Renova Super,,"4,59 €","(0,38 € / Unidade)",
Whole Earth Refrigerante de Laranja e Limão Biológico embalagem 330 ml,Whole Earth,,"1,59 €","(4,82 € / Litro)",
Cocimar Polvo Cozido Laminado à Galega embalagem 200 g,Cocimar,,"12,99 €","(64,95 € / Kg)",
Air Wick Essential Mist Ambientador Eléctrico e Recarga Nenuco embalagem 20 ml,Air Wick Essential Mist,,"21,99 €","(1.099,50 € / Litro)",
Maritávora Vinho Tinto do Douro Biológico garrafa 75 cl,Maritávora,,"9,95 €","(13,27 € / Litro)",
Lindt Lindor Bombons de Leite embalagem 200 g,Lindt Lindor,,"6,39 €","(31,95 € / Kg)",
Milka Chocolate de Trufa com Amêndoas embalagem 300 g,Milka,,"3,99 €","(13,30 € / Kg)",
O Gelado Gelado à Base de Vegetal Ananás copo 460 ml,O Gelado,,"7,85 €","(17,07 € / Litro)",
Nutella B-Ready Bolachas Recheadas embalagem 132 g,Nutella B-Ready,,"2,65 €","(20,08 € / Kg)",
Diaz Sortido Ibérico do Campo unidade 90 g,Diaz,,"5,59 €","(62,11 € / Kg)",
Secos da Aldeia Alperce Seco embalagem 250 g,Secos da Aldeia,,"4,59 €","(18,36 € / Kg)",
Messias Espumante Meio Seco garrafa 75 cl,Messias,,"5,75 €","(7,67 € / Litro)",
Iberia Revolution Tira-Nódoas Acidentais 150 ml,Iberia Revolution,,"5,65 €","(37,67 € / Litro)",
Próvida Papas de Aveia Porridge Amaranto e Chia Fibra sem Adição Açúcar Vegan Biológico sem Glúten embalagem 300 g,Próvida,,"3,19 €","(10,63 € / Kg)",
Margão Segredos Mistura para Massas frasco 32 g,Margão Segredos,,"2,89 €","(90,31 € / Kg)",
Bud Cerveja Pack 6 unidades 25 cl,Bud,,"7,99 €","(5,33 € / Litro)",
Ruffles Original Batatas Fritas Onduladas com Sal sem Glúten embalagem 160 g,Ruffles Original,,"1,89 €","(8,69 € / Kg)","1,89 €"
Rinatura Óleo de Sésamo Biológico embalagem 100 ml,Rinatura,,"3,79 €","(3,79 € / 10 ml.)",
Progelcone Cones Coloridos para Gelado Pack 9 embalagem 27 g,Progelcone,,"1,69 €","(62,59 € / Kg)",
Feletti Bombons Sortidos Elodi embalagem 250 g,Feletti,,"16,99 €","(67,96 € / Kg)",
Soignon Rolo Mini-Longo Natural unidade 125 g,Soignon,,"2,99 €","(23,92 € / Kg)",
La Carloteña Frango Racheado com Queijo Brie e Tomate Confitado unidade 300 g,La Carloteña,,"6,49 €","(21,63 € / Kg)",
Ranchera M-Xico Totopos Sal embalagem 200 g,Ranchera M-Xico,,"3,39 €","(16,95 € / Kg)",
Palette Coloração Nº 8 Louro Claro embalagem 1 unidade,Palette,,"5,99 €","(5,99 € / Unidade)",
Trident Senses Pastilhas Berry Party sem Açúcar Pack 3 embalagem 23 g,Trident Senses,,"2,59 €","(112,61 € / Kg)",
Ultra Suave Champô para Cabelos Muito Secos com Abacate e Karité unidade 400 ml,Ultra Suave,,"5,59 €","(13,98 € / Litro)",
Labello Batom de Cieiro com Óleo de Jojoba e Manteiga de Karité embalagem 5 g,Labello,,"2,29 €","(416,36 € / Litro)",
Gourmet Carne Maturada Entrecôte Peso Aproximado por cuvete 200 g,Gourmet Carne Maturada,,"7,24 €","(28,95 € / Kg)",
Tetley Cold Infusão de Mirtilo e Maçã embalagem 10 unidades,Tetley Cold,,"1,29 €","(0,13 € / Unidade)",
Elpozo King Salsichas com Bacon e Queijo Cheddar embalagem 330 g,Elpozo King,,"3,29 €","(9,97 € / Kg)",
"Coca-Cola Refrigerante com Gás Zero Açúcar garrafa 1,75 L",Coca-Cola,,"1,99 €","(1,14 € / Litro)",
Gillette Desodorizante Hydra Gel Aloe embalagem 70 ml,Gillette,,"4,99 €","(71,29 € / Litro)",
Dodot Activity Fraldas 12 a 17 Kg Tamanho 5+ embalagem 48 unidades,Dodot Activity,,"20,49 €","(0,43 € / Unidade)",
Delaviuda Torrões Sortidos embalagem 380 g,Delaviuda,,"11,25 €","(29,61 € / Kg)",
Castelões Queijo Cura Especial com Pimentão Barrado embalagem 500 g,Castelões,,"7,24 €","(14,48 € / Kg)",
Yoçor Iogurte Grego dos Açores com Ananás dos Açores Pack 4 embalagem 115 g,Yoçor,,"2,59 €","(4,98 € / Litro)",
Trevijano Risotto de Hongo embalagem 280 g,Trevijano,,"3,79 €","(13,54 € / Kg)",
Vieira Cream Cracker Bolachas Pack 6 embalagem 180 g,Vieira Cream Cracker,,"1,65 €","(9,17 € / Kg)",
Diadermine Toalhitas de Limpeza Hidratantes embalagem 25 unidades,Diadermine,,"4,99 €","(0,20 € / Unidade)",
Narta Bacti-Puro Desodorizante para Mulher Roll-On embalagem 50 ml,Narta Bacti-Puro,,"3,79 €","(75,80 € / Litro)",
Soalheiro Vinho Verde Alvarinho Granit Branco garrafa 75 cl,Soalheiro,,"11,75 €","(15,67 € / Litro)",
El Corte Inglés Lenços Extra Suave embalagem 60 unidades,El Corte Inglés,,"1,25 €","(0,02 € / Unidade)",
Nestlé Cerelac Papa Infantil Láctea Maçã embalagem 250 g,Nestlé Cerelac,,"3,39 €","(13,56 € / Kg)",
Miguelañez Chupa Chupas de Caramelo Halloween 1 unidade embalagem 15 g,Miguelañez,,"2,59 €","(172,67 € / Kg)",
Diese Bolachas de Gengibre e Canela com Açúcar Amarelo embalagem 200 g,Diese,,"2,65 €","(13,25 € / Kg)",
Valsoia Gelado Cone de Soja Vegan Pack 4 embalagem 300 g,Valsoia,,"4,19 €","(13,97 € / Kg)",
Lima & Quental Licor de Uva garrafa 70 cl,Lima & Quental,,"12,95 €","(18,50 € / Litro)",
Codyfer Atacador Azul 90 cm 1 unidade,Codyfer,,"2,05 €","(2,05 € / Unidade)",
Duracell Plus Pilhas AA8 LR6 / MN1500 +100% Extra Life embalagem 8 unidades,Duracell Plus,,"9,49 €","(1,19 € / Unidade)",
BIP Globe Spinner com Caramelos Sortido embalagem,BIP,,"6,20 €","(6,20 € / Unidade)",
Nobre Jardineira lata 420 g,Nobre,,"3,65 €","(5,98 € / Kg)","3,65 €"
Greco Queijo Halloumi unidade 200 g,Greco,,"3,95 €","(19,75 € / Kg)",
Dr.Organic Creme Hidratante de Dia Rosa Biológico embalagem 50 ml,Dr.Organic,,"14,69 €","(293,80 € / Litro)",
El Corte Inglés Selection Mel de Flores Anti-Gotejamento embalagem 500 g,El Corte Inglés Selection,,"4,39 €","(8,78 € / Kg)",
El Corte Inglés Amêndoas Marcona Torradas e Salgadas embalagem 225 g,El Corte Inglés,,"5,99 €","(26,62 € / Kg)",
Patak's Pasta Tempero Tandoori frasco 170 g,Patak's,,"3,99 €","(23,47 € / Kg)",
Doritos Aperitivo sabor Pizza embalagem 140 g,Doritos,,"1,65 €","(11,79 € / Kg)",
Renova Black Label Guardanapos Xmas Toys embalagem 20 unidades,Renova Black Label,,"1,99 €","(0,09 € / Unidade)","1,99 €"
Luís Pato Vinho Tinto das Beiras Vinhas Velhas garrafa 75 cl,Luís Pato,,"16,49 €","(21,99 € / Litro)",
Mouchão Vinho Tinto do Alentejo garrafa 75 cl,Mouchão,,"42,50 €","(56,67 € / Litro)",
Bergader Queijo Basil Original Rauchkase com Presunto sem Glúten,Bergader,,"17,99 €/kg",,
El Corte Inglés Desengordurante Cítrico Recarga embalagem 750 ml,El Corte Inglés,,"1,35 €","(1,80 € / Litro)",
Milka Moments Chocolates de Caramelo e Avelã embalagem 97 g,Milka Moments,,"3,19 €","(32,89 € / Kg)",
Haagen-Dazs Gelado de Cheesecake de Morango embalagem 460 ml,Haagen-Dazs,,"6,79 €","(14,76 € / Litro)",
Pato Real Arroz Integral com Vegetais e Sementes Nutriminuto embalagem 250 g,Pato Real,,"3,35 €","(13,40 € / Kg)",
Fiorentini Sumo de Mirtilos garrafa 330 ml,Fiorentini,,"6,35 €","(19,24 € / Litro)",
Listerine Dentes & Gengivas Elixir Protecção com Flúor Menta Fresca embalagem 1 L,Listerine Dentes & Gengivas,,"8,99 €","(8,99 € / Litro)",
Collonil Tubo Waterstop Colours Castanho 75 ml,Collonil,,"7,75 €","(103,33 € / Litro)",
Cimarrom Banana Seca com Mel embalagem 100 g,Cimarrom,,"1,29 €","(12,90 € / Kg)",
Faisão Sangria Tinto garrafa 100 cl,Faisão,,"2,79 €","(2,79 € / Litro)",
La Molisana Massa Fusilli embalagem 500 g,La Molisana,,"1,99 €","(3,98 € / Kg)",
Boletus Cogumelos Shitake frasco 180 g,Boletus,,"2,49 €","(13,83 € / Kg)",
Santo António Rebuçados de Eucalipto embalagem 180 g,Santo António,,"2,45 €","(17,50 € / Kg)",
Domuz Licor de Café garrafa 75 cl,Domuz,,"10,99 €","(14,65 € / Litro)",
Dr.Organic Sabonete de Alfazema Biológico embalagem 100 g,Dr.Organic,,"4,19 €","(41,90 € / Kg)",
Gullón Zero Bolachas Choco Tablet com Chocolate Preto sem Açúcares Adicionados Pack 4 embalagem 150 g,Gullón Zero,,"2,85 €",(19 € / Kg),
Coalho Queijo Terrincho Velho DOP,Coalho,,"32,98 €/kg",,
Sonasol Detergente Líquido Amoniacal para o Chão 1300 ml,Sonasol,,"2,99 €","(2,30 € / Litro)",
Nau do Cacau Chocolate Cru Amoras embalagem 70 g,Nau do Cacau,,"4,35 €","(62,14 € / Kg)",
Sorini Bombons Latte Crema Bianca embalagem 500 g,Sorini,,"7,49 €","(14,98 € / Kg)",
Condi Preparado para Pudim Toucinho do Céu embalagem 200 g,Condi,,"1,99 €","(9,95 € / Kg)",
Gancia Espumante Rosé Proseco garrafa 75 cl,Gancia,,"9,69 €","(9,72 € / Litro)","9,69 €"
El Corte Inglés Selection Corações de Alcachofras ao Natural 12/16 Unidades frasco 400 g,El Corte Inglés Selection,,"7,15 €","(17,88 € / Kg)",
Cabriz Vinho Branco do Dão Colheita Selecionada garrafa 75 cl,Cabriz,,"3,99 €","(5,32 € / Litro)",
Saloinha Batatas Fritas Palha embalagem 200 g,Saloinha,,"1,75 €","(8,75 € / Kg)",
Skip Ultimate Detergente para a Máquina da Roupa Sensitive 3 em 1 embalagem 42 cápsulas,Skip Ultimate,,"12,49 €","(0,30 € / Dose)",
Lupucinus Vinho Branco do Douro garrafa 75 cl,Lupucinus,,"9,45 €","(12,60 € / Litro)",
Margão Cebola Picada frasco 30 g,Margão,,"2,89 €","(96,33 € / Kg)",
Ti António Bife de Porco Peso Aproximado 300 g,Ti António,,"6,49 €/kg",,
Compal da Horta Feijão Frade lata 845 g,Compal da Horta,,"1,99 €","(2,36 € / Kg)",
Novycera Detergente Pavimentos de Madeira Ecológico embalagem 500 ml,Novycera,,"2,99 €","(5,98 € / Litro)",
Sidul Açúcar Mascavado com Stevia embalagem 500 g,Sidul,,"3,55 €","(7,10 € / Kg)",
Old Spice Desodorizante Stick Whitewater embalagem 50 ml,Old Spice,,"4,49 €","(89,80 € / Litro)",
Chimay Cerveja Belga Pères Trappistes Pack 3 com Copo garrafa 33 cl,Chimay,,"12,99 €","(4,37 € / Litro)",
Milaneza Cotovelos Cortados embalagem 500 g,Milaneza,,"1,59 €","(3,18 € / Kg)",
Pescanova Camarão Tigre 8/14 Moçambique embalagem 500 g,Pescanova,,"29,99 €","(59,98 € / Kg)",
Bio Kill Insecticida Recarga embalagem 375 ml,Bio Kill,,"4,49 €","(11,97 € / Litro)",
Fumeiro da Gardunha Presunto Fatiado do Fundão unidade 150 g,Fumeiro da Gardunha,,"5,35 €","(35,67 € / Kg)",
Mestemacher Pão de Mistura com Cereais embalagem 500 g,Mestemacher,,"2,29 €","(4,58 € / Kg)",
Regina Chocolate de Leite com Caramelo e Sal sem Glúten embalagem 100 g,Regina,,"1,65 €","(16,50 € / Kg)",
Pedras Água com Gás Sabor a Maracujá Pack 4 garrafa 25 cl,Pedras,,"2,39 €","(9,56 € / Litro)",
Real Filetes Filetes de Cavala Fumados embalagem 100 g,Real Filetes,,"4,29 €","(42,90 € / Kg)",
Yoçor Gelatina de Morango Pack 4 embalagem 100 g,Yoçor,,"1,29 €","(3,22 € / Kg)",
Cono Sur Vinho Tinto do Chile Carmenere garrafa 75 cl,Cono Sur,,"5,95 €","(7,93 € / Litro)",
Natural Cool Morangos Biológicos embalagem 300 g,Natural Cool,,"4,29 €","(14,30 € / Kg)",
Tenorio Atum em Azeite Filete lata 120 g,Tenorio,,"2,69 €","(22,42 € / Kg)",
Magno Gel de Banho Classic embalagem 550 ml,Magno,,"5,90 €","(1,07 € / 10 ml.)",
Millan Vicente Queijo Edam Light em Fatias sem Glúten embalagem 150 g,Millan Vicente,,"1,89 €","(12,60 € / Kg)",
Campofrio Salame Alerce Coberto com Finas Ervas sem Glúten,Campofrio,,"17,49 €/kg",,
Gold Grail Gin Gold garrafa 50 cl,Gold Grail,,"24,99 €","(49,98 € / Litro)",
Madre de Àgua Vinho Branco do Dão Madre de Encruzado garrafa 75 cl,Madre de Àgua,,"19,99 €","(26,65 € / Litro)",
3 Corações Café Extra Forte embalagem 250 g,3 Corações,,"7,29 €","(29,16 € / Kg)",
Vanish Pet Expert Espuma de Limpeza de Animais embalagem 600 ml,Vanish Pet Expert,,"9,99 €","(16,65 € / Litro)",
Iberia Protect Toalhitas Proteção de Cores embalagem 15 unidades,Iberia Protect,,"5,99 €","(0,40 € / Unidade)",
Kikkoman Molho Wok frasco 250 ml,Kikkoman,,"4,19 €","(16,76 € / Litro)",
Frozen Gel de Banho Elsa embalagem 400 ml,Frozen,,"5,95 €","(14,88 € / Litro)",
Pescanova Argolas do Mar embalagem 400 g,Pescanova,,"3,99 €","(9,98 € / Kg)",
Isostar Concentrado em Pó de Laranja lata 400 g,Isostar,,"11,99 €","(29,98 € / Kg)",
El Corte Inglés Selection Pizza de Espinafres e Queijo embalagem 415 g,El Corte Inglés Selection,,"2,69 €","(6,48 € / Kg)",
Desidrata Gengibre Laminado Desidratado sem Glúten Biológico embalagem 25 g,Desidrata,,"3,49 €","(139,60 € / Kg)",
L'Oréal Elvive Color Vive Champô More Than para Cabelo Pintado ou com Madeixas embalagem 200 ml,L'Oréal,,"5,99 €","(29,95 € / Litro)",
Dove Baby Gel de Banho para Corpo e Cabelo embalagem 400 ml,Dove Baby,,"5,49 €","(13,72 € / Litro)",
Villacenteno Queijo Manchego DOP Velho Peso Aproximado por unidade 3 kg,Villacenteno,,"27,98 €/kg",,
Kilom Asas de Frango Peso Aproximado por cuvete 350 g,Kilom,,"1,14 €","(3,25 € / Kg)",
Niva Q10 Power Sérum Anti-Rugas Pérolas Concentradas embalagem 30 ml,Niva Q10 Power,,"16,99 €","(396,33 € / Litro)","16,99 €"
Fastio Água Natural garrafa 50 cl,Fastio,,"0,59 €","(0,14 € / Litro)",
J & B Whisky Rare garrafa 70 cl,J & B,,"16,99 €","(19,41 € / Litro)","16,99 €"
El Gran Cardenal Queijo de Ovelha com Leite Cru Cunha unidade 250 g,El Gran Cardenal,,"6,69 €","(26,76 € / Kg)",
García Baquero Queijo de Ovelha Reserva 12 Meses com Trufa e Mel unidade 200 g,García Baquero,,"6,89 €","(34,45 € / Kg)",
Somnium Vinho Tinto do Douro garrafa 75 cl,Somnium,,"19,45 €","(25,93 € / Litro)",
Monte Cascas Vinho Rosé Regional de Lisboa Bonita garrafa 75 cl,Monte Cascas,,"7,99 €","(10,65 € / Litro)",
Gallo Vinagre de Sidra e Hortelã garrafa 250 ml,Gallo,,"2,69 €","(10,76 € / Litro)",
El Corte Inglés Bolachas Recheadas com Chocolate Pack 3 embalagem 750 g,El Corte Inglés,,"2,29 €","(3,05 € / Kg)",
Skip Ultimate Detergente Liquido para a Máquina de Roupa Active Fresh Ultimate embalagem 70 doses,Skip Ultimate,,"31,99 €","(0,46 € / Dose)",
Marmoré de Borba Vinho Tinto Regional do Alentejo Syrah garrafa 75 cl,Marmoré de Borba,,"15,99 €","(21,32 € / Litro)",
Emmi Queijo Appenzeller sem Glúten,Emmi,,"29,99 €/kg",,
Poveira Atum Posta em Azeite lata 120 g,Poveira,,"1,99 €","(16,58 € / Kg)",
La Cocina de Senén Mini Tortilhas de Batata com Cebola sem Glúten embalagem 360 g,La Cocina de Senén,,"5,49 €","(15,25 € / Kg)",
Magabel Tisana Cidreira embalagem 10 unidades,Magabel,,"1,10 €","(0,11 € / Unidade)",
Kambly Bolachas Carré aux Amandes embalagem 80 g,Kambly,,"3,29 €","(41,12 € / Kg)",
Jacobs Café Solúvel Kronung frasco 100 g,Jacobs,,"7,69 €","(76,90 € / Kg)",
Eci Selection Bloco de Foie Gras de Pato Trufado sem Glúten lata 200 g,Eci Selection,,"13,05 €","(65,25 € / Kg)",
Inecto Naturals Creme para Mãos e Unhas de Coco embalagem 75 ml,Inecto Naturals,,"4,49 €","(59,87 € / Litro)",
Pastoret Iogurte Natural embalagem 900 g,Pastoret,,"4,39 €","(4,88 € / Kg)",
Neoblanc Desinfectante Elimina Vírus e Bactérias em Spray spray 750 ml,Neoblanc,,"3,99 €","(5,32 € / Litro)",
Compagnia Dell'Arabica Café Arabica para Nespresso Biológico embalagem 10 cápsulas,Compagnia Dell'Arabica,,"4,79 €","(0,48 € / Unidade)",
Babaria Rosa Mosqueta Creme Hidratante Regenerador embalagem 50 ml,Babaria Rosa Mosqueta,,"11,75 €",(235 € / Litro),
Cimarrom Papaia em Cubos embalagem 150 g,Cimarrom,,"1,99 €","(13,27 € / Kg)",
Narta Desodorizante Invisível 0% Álcool Spray embalagem 200 ml,Narta,,"4,29 €","(21,45 € / Litro)",
Yogolino Pacotinho de Maçã e Morango sem Glúten embalagem 90 g,Yogolino,,"1,20 €","(13,33 € / Kg)",
Louis Pommery Espumante Inglês Brut garrafa 75 cl,Louis Pommery,,"29,90 €","(39,87 € / Litro)",
El Corte Inglés Pãezinhos de Leite embalagem 200 g,El Corte Inglés,,"0,73 €","(3,65 € / Kg)",
Cif Power & Shine Detergente Casa de Banho Spray Recarga embalagem 70 ml,Cif Power & Shine,,"3,49 €","(49,86 € / Litro)",
Gelpeixe Polvo Cozido Cortado embalagem 250 g,,,"7,19 €","(28,76 € / Kg)",
Grand'Arte Vinho Tinto de Lisboa Shiraz garrafa 75 cl,Grand'Arte,,"8,25 €",(11 € / Litro),
Jocca Dispensador de Água 1 unidade,Jocca,,"9,90 €","(9,90 € / Unidade)",
"Vanish Detergente para Roupa Branca Gel White embalagem 2,25 L",Vanish,,"21,99 €","(4,88 € / Litro)","21,99 €"
Serrano Lombo de Atum em Fatias unidade 100 g,Serrano,,"6,49 €","(64,90 € / Kg)",
Coca-Cola Refrigerante com Gás Sabor Original Pack 6 lata 33 cl,Coca-Cola,,"4,55 €","(2,30 € / Litro)",
Pinheiro Miolo de Pinhão embalagem 90 g,Pinheiro,,"10,45 €","(116,11 € / Kg)",
Coslys Desodorizante de Chá Verde 48H embalagem 50 ml,Coslys,,"5,70 €",(114 € / Litro),
The Glenrothes Whisky Single Malt 12 Anos garrafa 70 cl,The Glenrothes,,"51,50 €","(73,57 € / Litro)",
Paladin Vinagre de Sidra garrafa 500 ml,Paladin,,"1,35 €","(2,70 € / Litro)",
Codyfer Atacador Castanho 90 cm 1 unidade,Codyfer,,"2,35 €","(2,35 € / Unidade)",
Chouriço Pincho Picante peso aproximado por cuvete 1 kg,,,"8,95 €","(8,95 € / Kg)",
Dr. Bentes Rebuçados de Limão e Mentol sem Glúten embalagem 100 g,Dr. Bentes,,"1,09 €","(10,90 € / Kg)",
Quiabos embalagem 400 g,,,"6,69 €","(16,72 € / Kg)",
Pão de Ló de Arouca embalagem 350 g,,,"7,99 €","(22,83 € / Kg)",
El Corte Inglés Bio Sumo de Maçã Biológico embalagem 1 L,El Corte Inglés Bio,,"2,20 €","(2,10 € / Kg)",
Regina Pai Natal embalagem 152 g,Regina,,"3,19 €","(20,99 € / Kg)",
Saloio Requeijão Light embalagem 170 g,Saloio,,"1,75 €","(10,29 € / Kg)",
Pantene Miracles Champô Volume e Nutrição embalagem 225 ml,Pantene Miracles,,"5,99 €","(26,62 € / Litro)",
Panidor Bolo Rei Chocolate Pronto 750 g unidade 1,Panidor,,"8,59 €","(8,59 € / Unidade)",
Super Pop Ultra Detergente de Lavagem à Mão Ultra Performance Gel Hipoalergénico Água Micelar Concentrado embalagem 675 ml,Super Pop Ultra,,"3,19 €","(4,73 € / Litro)",
Frubis Maçã Vermelha embalagem 20 g,Frubis,,"0,89 €","(44,50 € / Kg)",
Predilecta Goiabada lata 300 g,Predilecta,,"2,59 €","(8,63 € / Kg)",
El Corte Inglés Miolo de Sementes de Girassol Fritas sem Glúten embalagem 125 g,El Corte Inglés,,"0,74 €","(5,92 € / Kg)",
El Corte Inglés Atum Branco em Escabeche lata 73 g,El Corte Inglés,,"1,99 €","(27,26 € / Kg)",
Opivm Gin garrafa 70 cl,Opivm,,"18,95 €","(27,07 € / Litro)",
"JP Vinho Branco de Terras do Sado garrafa 37,5 cl",JP,,"1,85 €","(4,93 € / Litro)",
Vileda Recarga Super Esfregona Limpeza e Resistência embalagem 1 unidade,Vileda,,"3,99 €","(3,99 € / Unidade)",
Kinder Chocolate de Leite Pack 8 embalagem 100 g,Kinder,,"1,79 €","(17,90 € / Kg)",
Starbucks Discoveries Caramel-Macchiato embalagem 220 ml,Starbucks,,"1,79 €","(8,14 € / Litro)",
El Corte Inglés Torrão de Gema Tostada sem Açúcares Adicionados sem Glúten embalagem 200 g,El Corte Inglés,,"3,79 €","(18,95 € / Kg)",
Don Algodon Ambientador para Carro Dama de Noite embalagem 1 unidade,Don Algodon,,"3,25 €","(3,25 € / Unidade)",
Kikkoman Molho de Soja Doce frasco 250 ml,Kikkoman,,"4,19 €","(16,76 € / Litro)",
Sidul Açúcar Mascavado em Sticks embalagem 50 unidades,Sidul,,"1,99 €","(0,04 € / Unidade)",
D.G. Vinho Tinto do Douro garrafa 75 cl,D.G.,,"4,59 €","(6,12 € / Litro)",
Pousio Vinho Tinto do Alentejo Alicante Bouschet garrafa 75 cl,Pousio,,"14,99 €","(19,99 € / Litro)",
Nescafé Dolce Gusto Café Espresso Intenso Intensidade 7 Mega Pack embalagem 64 cápsulas,Nescafé Dolce Gusto,,"17,99 €","(0,28 € / Unidade)",
Desidrata Beterraba Desidratada Biológica embalagem 60 g,Desidrata,,"3,79 €","(63,17 € / Kg)",
Gelpeixe Miolo de Camarão 20/40 embalagem 250 g,Gelpeixe,,"6,39 €","(25,56 € / Kg)",
Haute Fromagerie Queijo Boursault Fondant unidade 180 g,Haute Fromagerie,,"6,99 €","(38,83 € / Kg)",
"Diese Chá ""sem Barriga"" embalagem 10 unidades",Diese,,"1,45 €","(96,67 € / Kg)",
Pringles Rice Fusion Aperitivos de Arroz Tandoori Masala embalagem 160 g,Pringles Rice Fusion,,"2,65 €","(16,56 € / Kg)",
Swiffer Duster Espanador Limpa o Pó Recarga 10 unidades,Swiffer Duster,,"7,99 €","(0,80 € / Unidade)",
Chábom Bolo de Mel da Madeira embalagem 490 g,Chábom,,"6,55 €","(13,37 € / Kg)",
Pato Bloco Sanitário Água Azul Pack 2 Recargas 80 g,Pato,,"3,89 €","(48,62 € / Kg)",
Special Line Açúcar de Xilitol de Bétula embalagem 500 g,Special Line,,"9,99 €","(19,98 € / Kg)",
El Corte Inglés Selection Torrão de Praliné de Chocolate e Amêndoas embalagem 250 g,El Corte Inglés Selection,,"5,49 €","(21,96 € / Kg)",
Croft Vinho do Porto Pink e Tonic lata 25 cl,Croft,,"2,99 €","(11,96 € / Litro)",
Argal Salada com Pasta de Marisco embalagem 200 g,Argal,,"2,65 €","(13,25 € / Kg)",
Milaneza Cotovelos Grandes Gobetti Rigate embalagem 500 g,Milaneza,,"1,70 €","(3,40 € / Kg)",
Narta Desodorizante Bio Eficácia Frescura Natural Roll-On embalagem 50 ml,Narta,,"3,79 €","(75,80 € / Litro)",
Fairy Detergente de Lavagem à Mão para Loiça Ultra Original embalagem 53 doses,Fairy,,"15,99 €","(0,30 € / Dose)",
Saborosa Bolachas Mini Bites Mistério Pack 5 embalagem 150 g,Saborosa,,"1,99 €","(13,27 € / Kg)",
Emanuel Casado Caramelos de Ananás embalagem 150 g,Emanuel Casado,,"4,35 €",(29 € / Kg),
Jardin Bio Infusão Adelgaçante Bioloógica embalagem 30 g,Jardin Bio,,"5,15 €","(171,67 € / Kg)",
Gourmet da Aldeia Entremeada Assada Saloia Fatiada unidade 500 g,Gourmet da Aldeia,,"6,99 €","(13,98 € / Kg)",
Renova Red Label Rolo de Cozinha Red embalagem 1 unidade,Renova Red Label,,"2,39 €","(2,39 € / Unidade)",
The Sexton Whisky Irlandês Single Malt garrafa 70 cl,The Sexton,,"34,99 €","(49,99 € / Litro)",
Gullón Bio Organic Bolachas Cookies com Pepitas de Chocolate Vegetarianas Biológicas embalagem 150 g,Gullón Bio Organic,,"3,39 €","(22,60 € / Kg)",
Eno Digestivo Pó para Bebida Efervescente embalagem 150 g,Eno Digestivo,,"6,89 €","(45,93 € / Kg)",
Nestlé Cerelac Papa Infantil Láctea Bolacha Maria sem Açúcares Adicionados embalagem 250 g,Nestlé Cerelac,,"2,55 €","(10,20 € / Kg)",
Coral Cerveja Pack 6 garrafa 33 cl,Coral,,"6,34 €","(3,20 € / Litro)",
Porca de Murça Vinho Tinto do Douro Reserva garrafa 75 cl,Porca de Murça,,"9,49 €","(12,65 € / Litro)",
Nutrísse Creme Coloração Nº 8.0 Louro Claro embalagem 190 ml,Nutrísse Creme,,"9,49 €","(49,95 € / Litro)",
El Corte Inglés Arroz 3 Delícias Tradicional 2 Doses embalagem 500 g,El Corte Inglés,,"2,99 €","(5,98 € / Kg)",
Nestlé Mokambo + Intenso Cereais e Café frasco 175 g,Nestlé Mokambo,,"4,49 €","(25,66 € / Kg)",
Santal 100% Sumo de Ananás Pack 3 embalagem 20 unidade,Santal 100%,,"1,85 €","(3,08 € / Litro)",
"Cif Lava Tudo com Lavanda embalagem 1,4 L",Cif Lava Tudo,,"3,99 €","(2,85 € / Litro)",
Búfalo Detergente para Pavimentos de Madeira com Sabão e Óleo de Linhaça 750 ml,Búfalo,,"3,79 €","(5,05 € / Litro)",
Cataliment Pérolas de Alho Preto Biológico frasco 100 g,Cataliment,,"5,59 €","(55,90 € / Kg)",
El Corte Inglés Argolas de Pota embalagem 400 g,El Corte Inglés,,"3,59 €","(8,98 € / Kg)",
El Corte Inglés Selection Grão de Bico de Fuentesaúco embalagem 1 kg,El Corte Inglés Selection,,"4,09 €","(4,09 € / Kg)",
Vileda Esfregona de Microfibras e Algodão com Cabo embalagem 1 unidade,Vileda,,"7,65 €","(7,65 € / Unidade)",
Frutis Máscara Hairfood Cacau embalagem 390 ml,Frutis,,"8,99 €","(23,05 € / Litro)",
Herdade da Maia Queijo de Vaca Curado unidade 110 g,Herdade da Maia,,"1,95 €","(17,73 € / Kg)",
"Frutis Refrigerante de Maçã sem Gás garrafa 1,5 L",Frutis,,"2,09 €","(1,39 € / Litro)",
Pertegaz Eau de Toilette Femme embalagem 130 ml,Pertegaz,,"10,95 €","(84,23 € / Litro)",
Trident Senses Pastilhas de Melancia sem Açúcar Pack 3 embalagem 23 g,Trident Senses,,"2,59 €","(112,61 € / Kg)",
Pardo Sabão Amarelo Puro Natural Glicerina pack 3 unidades,Pardo,,"1,99 €","(0,66 € / Unidade)",
Avianense Bombons Imperador Sino de Natal embalagem 420 g,Avianense,,"21,95 €","(52,26 € / Kg)",
El Corte Inglés Selection Sardinhas em Azeite Baixo Teor de Sal 16-20 Unidades lata 81 g,El Corte Inglés Selection,,"2,15 €","(18,70 € / Kg)",
Krissia 12 Barritas de Surimi 0% Gordura embalagem 180 g,Krissia,,"3,49 €","(19,39 € / Kg)",
Adega Czar Licor de Amora garrafa 50 cl,Adega Czar,,"32,90 €","(65,80 € / Litro)",
Hikari Pasta Miso Vermelha Biológica embalagem 500 g,Hikari,,"12,29 €","(24,58 € / Kg)",
H&S Champô Anti-Caspa 7 em 1 Fórmula Potente Anti-Queda embalagem 300 ml,H&S,,"6,59 €","(16,47 € / Litro)","6,59 €"
Peter Lehmann Vinho Branco da Austrália Portrait Riesling garrafa 75 cl,Peter Lehmann,,"13,75 €","(18,33 € / Litro)",
Quinta de Ventozelo Vinho Branco do Douro Viosinho garrafa 75 cl,Quinta de Ventozelo,,"12,90 €","(17,20 € / Litro)",
Cockburn's Vinho do Porto White garrafa 75 cl,Cockburn's,,"6,49 €","(8,65 € / Litro)",
Babaria Desodorizante em Spray Efeito Duplo 200 ml,Babaria,,"3,69 €","(18,45 € / Litro)",
El Corte Inglés Bolos de Gema de Maçapão embalagem 300 g,El Corte Inglés,,"5,49 €","(18,30 € / Kg)",
Ceifeira Arroz Carolino embalagem 1 kg,Ceifeira,,"1,09 €","(1,09 € / Kg)",
Green Vie Creme de Barrar Original Vegan Sem Lactose e sem Glúten embalagem 250 g,Green Vie,,"4,25 €",(17 € / Kg),
Naturefoods Beterraba Biológica frasco 340 g,Naturefoods,,"1,39 €","(4,09 € / Kg)",
Vieira Bolachas Maria 12 Doses embalagem 300 g,Vieira,,"2,89 €","(9,63 € / Kg)",
Giovanni Rana Massa Fresca para Lasanha embalagem 250 g,Giovanni Rana,,"2,79 €","(11,16 € / Kg)",
Quinta das Lamelas Vinho Tinto do Douro Reserva garrafa 75 cl,Quinta das Lamelas,,"13,49 €","(17,99 € / Litro)",
Rozès Vinho do Porto White Reseva garrafa 75 cl,Rozès,,"17,49 €","(23,32 € / Litro)",
Fini Marshmallow Twistis embalagem 80 g,Fini,,"0,89 €","(11,12 € / Kg)",
Ferrarini Queijo Parmigiano Reggiano unidade 80 g,Ferrarini,,"2,85 €","(35,62 € / Kg)",
Cem Porcento Chá de Infusão de Anis Estrelado 50 g,Cem Porcento,,"1,99 €","(39,80 € / Kg)",
Coca-Cola Refrigerante Mini com Gás Sabor Original lata 15 cl,Coca-Cola,,"0,59 €","(3,93 € / Litro)",
Regateiro Espumante Bruto da Bairrada garrafa 75 cl,Regateiro,,"11,49 €","(15,32 € / Litro)",
Nova Classe Agitadores de Madeira embalagem 20 unidades,Nova Classe,,"1,50 €","(0,08 € / Unidade)",
Minhofumeiro Linguiça Picante unidade 150 g,Minhofumeiro,,"3,89 €","(25,93 € / Kg)",
Swiffer Duster Espanador Recargas com Perfume Ambi Pur embalagem 9 unidades,Swiffer Duster,,"7,39 €","(0,82 € / Unidade)",
Comfort Amaciador Intensificador de Perfume Floral embalagem 760 ml,Comfort,,"5,99 €","(7,88 € / Litro)",
Ti António Salsicha Fresca de Porco embalagem 450 g,Ti António,,"6,95 €","(15,44 € / Kg)",
Padaria da Arrifana Biscoitos de Manteiga embalagem 300 g,Padaria da Arrifana,,"2,29 €","(7,63 € / Kg)",
Neo Botanica Gomas de Gengibre e Limão sem Glúten embalagem 150 g,Neo Botanica,,"1,85 €","(12,33 € / Kg)",
"Body Natur Esfoliante Corporal Purificante Detox com Manga, Papaia e Marula embalagem 200 ml",Body Natur,,"8,49 €","(31,75 € / Litro)","8,49 €"
El Corte Inglés Pistachos Torrados embalagem 375 g,El Corte Inglés,,"8,99 €","(23,97 € / Kg)",
Fini Gelado de Stracciatella frasco 465 ml,Fini,,"6,70 €","(14,41 € / Litro)",
Kambly Éclats Croquants Bolachas com Pistacho embalagem 80 g,Kambly Éclats Croquants,,"3,29 €","(41,12 € / Kg)",
Oliveira Ramos Vinagre de Vinho do Tejo DOP garrafa 250 ml,Oliveira Ramos,,"8,99 €","(35,96 € / Litro)",
Vianeza Maionese com Azeite frasco 450 ml,Vianeza,,"3,59 €","(7,98 € / Litro)",
El Corte Inglés Pau de Canela embalagem 50 g,El Corte Inglés,,"4,99 €","(99,80 € / Kg)",
Milaneza Esparguete Linguine com Cogumelos embalagem 500 g,Milaneza,,"3,89 €","(7,78 € / Kg)",
Knorr Las Clásicas Creme de Cenoura com Natas embalagem 1 L,Knorr Las Clásicas,,"4,29 €","(4,29 € / Litro)",
Mackays Compota de Morango frasco 340 g,Mackays,,"3,79 €","(7,79 € / Kg)","3,79 €"
Santa Maria Mel de Castanheiro Biológico frasco 500 g,Santa Maria,,"10,35 €","(20,70 € / Kg)",
Entremont Queijo Azul de França unidade 100 g,Entremont,,"1,75 €","(17,50 € / Kg)",
Salutem Chá Sem Barriga embalagem 10 unidades,Salutem,,"0,99 €","(0,10 € / Unidade)",
Fresbeira Chanfana Assada embalagem 500 g,Fresbeira,,"7,95 €","(15,90 € / Kg)",
Miss Den Paris Verniz Rosa Bailarina Nº 81 embalagem 10 ml,Miss Den Paris,,"3,49 €",(349 € / Litro),
Paladin Vinagre Balsâmico em Spray garrafa 250 ml,Paladin,,"1,99 €","(7,96 € / Litro)",
Sorini Joaninhas Chocolate de Leite embalagem 100 g,Sorini,,"1,99 €","(19,90 € / Kg)",
Pinheiro Miolo de Pinhão Gourmet embalagem 150 g,Pinheiro,,"17,55 €",(117 € / Kg),
Calvé Manteiga 100% de Amendoim embalagem 350 g,Calvé,,"4,49 €","(12,83 € / Kg)",
Herédias Vinho Tinto do Douro garrafa 75 cl,Herédias,,"8,49 €","(11,32 € / Litro)",
Qampo Azeitonas Galegas frasco 210 g,Qampo,,"1,80 €","(8,57 € / Kg)",
Ultra Suave Champô Sólido Iluminador de Camomila para Cabelos Loiros embalagem 60 g,Ultra Suave,,"5,99 €","(99,83 € / Kg)",
Snapy Bolachas Wafer de Chocolate embalagem 250 g,Snapy,,"1,34 €","(5,36 € / Kg)",
Abóbora Esparguete embalagem 300 g,,,"2,39 €","(7,97 € / Kg)",
Dove Purely Pampering Gel de Banho Coco&Jasmine embalagem 750 ml,Dove Purely Pampering,,"4,79 €","(6,39 € / Litro)",
El Corte Inglés Selection Lulas Recheadas com Tinta lata 72 g,El Corte Inglés Selection,,"3,45 €","(31,08 € / Kg)",
Izidoro O Merceeiro Salsichas Frankfurt 8 Unidades lata 350 g,Izidoro O Merceeiro,,"1,89 €","(5,40 € / Kg)",
Mr. Cheese Queijo Camembert Porção Peso Aproximado por unidade 190 g,Mr. Cheese,,"16,65 €/kg",,
Feijão Azuki Granel Biológico,,,"6,99 €/kg",,
Paulo Laureano Vinho Branco Regional do Alentejno garrafa 75 cl,Paulo Laureano,,"4,99 €","(6,65 € / Litro)",
Vileda Capa Premium 2 em 1 Metalizada com Três Camadas Extra Grossas embalagem 1 unidade,Vileda,,"15,89 €","(15,89 € / Unidade)",
"Ferrero Rocher Bombons Pack 3 embalagem 37,5 g",Ferrero Rocher,,"1,39 €","(37,07 € / Kg)",
Regina Chocolate com Aromas Pack 3 embalagem 20 g,Regina,,"1,89 €","(94,50 € / Kg)",
Ben & Jerry's Gelado de Cheesecake de Morango embalagem 465 ml,Ben & Jerry's,,"6,79 €","(14,60 € / Litro)",
Búfalo Express Creme para Calçado com Aplicador Autobrilhante Castanho embalagem 1 unidade,Búfalo Express,,"2,39 €","(2,39 € / Unidade)",
Kambly Florentin Bolachas Caramelizadas com Amêndoas embalagem 100 g,Kambly Florentin,,"3,29 €","(32,90 € / Kg)",
Alternativa 3 Cacau Instantâneo sem Glúten Biológico embalagem 400 g,Alternativa 3,,"7,69 €","(19,22 € / Kg)",
Generous Biscoitos Sylvain Speculoos embalagem 125 g,Generous,,"4,95 €","(39,60 € / Kg)",
H&S Shampoo Suave e Sedoso embalagem 300 ml,H&S,,"4,49 €","(14,97 € / Litro)",
Raia em Posta Peso Aproximado 500 g,,,"10,99 €/kg",,"10,99 €/kg"
Nestlé Kit Kat Chunky Snack Chocolate Branco MP 4x embalagem 42 g,Nestlé Kit Kat,,"3,39 €","(20,18 € / Kg)",
Delaviuda Panettone Chocolate Receita Original embalagem 750 g,Delaviuda,,"9,39 €","(12,52 € / Kg)",
Nazaré Caramelos de Mentol embalagem 100 g,Nazaré,,"1,09 €","(10,90 € / Kg)",
Freixenet Cava Ice garrafa 75 cl,Freixenet,,"9,99 €","(13,32 € / Litro)",
Nova Açores Manteiga com Sal embalagem 250 g,Nova Açores,,"2,29 €","(9,16 € / Kg)",
Nescafé Dolce Gusto Café Ristretto Napoli Style Intensidade 13 embalagem 30 cápsulas,Nescafé Dolce Gusto,,"10,49 €","(0,35 € / Unidade)",
Quinta dos Açores Gelado de Chocolate com Morango embalagem 2000 ml,Quinta dos Açores,,"15,49 €","(7,74 € / Litro)",
Kerzo Shampoo Anti Caída Fortificante Cabelos Normais embalagem 400 ml,Kerzo,,"4,99 €","(12,48 € / Litro)",
Leitões de Negrais Leitão Assado Pedaços unidade 750 g,Leitões de Negrais,,"13,39 €","(17,85 € / Kg)",
El Corte Inglés Gomas Tronquitos Pequenos de Morango embalagem 200 g,El Corte Inglés,,"0,89 €","(4,45 € / Kg)",
Próvida Multicereais com Mel Biológico embalagem 150 g,Próvida,,"3,05 €","(20,33 € / Kg)",
Franc Beauséjour Vinho Tinto de França Bordeaux garrafa 75 cl,Franc Beauséjour,,"7,15 €","(9,53 € / Litro)",
Smileat Snack de Milho Smilitos Biológico embalagem 38 g,Smileat,,"1,79 €","(47,11 € / Kg)",
Nestlé Maggi Sopa Primavera embalagem 63 g,Nestlé Maggi,,"1,49 €","(17,30 € / Kg)","1,49 €"
Cuétara Freslemon Bolachas Wafer Recheadas com Limão embalagem 150 g,Cuétara Freslemon,,"1,89 €","(12,60 € / Kg)",
Sical Café Torrado Moído Lote Espírito Santo Brasil Moagem Universal Intensidade 7 embalagem 220 g,Sical,,"3,89 €","(17,68 € / Kg)",
Madre Coxinha Coxinhas Vegetarianas para Forno embalagem 380 g,Madre Coxinha,,"8,39 €","(22,08 € / Kg)",
Noglut Santiveri Bolachas Maria sem Glúten embalagem 180 g,Noglut Santiveri,,"2,39 €","(13,28 € / Kg)",
Ehrmann Pudim de Café Rico em Proteína embalagem 200 g,Ehrmann,,"2,05 €","(10,25 € / Kg)",
El Corte Inglés Couve-Flor embalagem 750 g,El Corte Inglés,,"1,59 €","(2,12 € / Kg)",
Ferbar Polvlho Azedo embalagem 500 g,Ferbar,,"3,29 €","(6,58 € / Kg)",
Unii Sabonete de Karité e Erva Príncipe embalagem 1 unidade,Unii,,"6,90 €","(6,90 € / Unidade)",
Gillette Fusion Máquinas Recargas embalagem 4 unidades,Gillette Fusion,,"15,99 €",(4 € / Unidade),
El Corte Inglés 6 Cones de Chocolate embalagem 720 ml,El Corte Inglés,,"1,99 €","(2,76 € / Litro)",
Stark Algodão Mágico Limpa Metais embalagem 1 kg,Stark,,"6,55 €","(6,55 € / Unidade)",
Pastoret Caprichos de Iogurte Laranja e Chocolate embalagem 150 g,Pastoret,,"2,49 €","(16,60 € / Kg)",
Condi Aroma Líquido de Limão frasco 25 ml,Condi,,"1,49 €","(59,60 € / Litro)",
Gullón Zero Bolachas Douradas Forno sem Açúcar embalagem 330 g,Gullón Zero,,"3,25 €","(9,85 € / Kg)",
Martiko Salmão Fumado Selvagem do Alaska sem Açúcar embalagem 80 g,Martiko,,"6,99 €","(87,38 € / Kg)",
Rústica Mini Tostas com Passas Biscottina embalagem 100 g,Rústica,,"1,99 €","(19,90 € / Kg)",
"Innocent Super Smoothie Recarga de Tangerina, Cenoura, Maçã, Gengibre e Sementes de Linhaça garrafa 300 ml",Innocent,,"2,29 €","(7,63 € / Litro)",
Sonatural Hummus de Caril e Açafrão com Azeite Virgem Extra 100% Natural embalagem 200 g,Sonatural,,"3,39 €","(16,95 € / Kg)",
Kaiku Caffé Latte Light sem Lactose e sem Glúten embalagem 230 ml,Kaiku,,"1,69 €","(7,35 € / Litro)",
Lipton Ice Tea de Limão embalagem 1 L,Lipton Ice Tea,,"1,99 €","(1,99 € / Litro)",
Fiorentini Mini Snack com Chia sem Glúten Biológico embalagem 50 g,Fiorentini,,"1,69 €","(33,80 € / Kg)",
El Corte Inglés Ambientador Spray Colónia 335 ml,El Corte Inglés,,"2,99 €","(8,93 € / Litro)",
Artiach Artinata Bolachas Wafer de Chocolate Recheadas com Menta embalagem 210 g,Artiach Artinata,,"2,29 €","(10,90 € / Kg)",
Zanuy Snack Chips de Tortilha e Chia sem Glúten embalagem 130 g,Zanuy,,"1,99 €","(15,31 € / Kg)",
Kellogg's Cereais Rice Krispies embalagem 340 g,Kellogg's,,"3,89 €","(11,44 € / Kg)",
O Gelado Gelado com Pedaços de Tarte de Amêndoa e Caramelo Salgado embalagem 750 ml,O Gelado,,"10,99 €","(14,65 € / Litro)",
Fumeiros da Guarda Chouriço de Peru embalagem 180 g,Fumeiros da Guarda,,"4,69 €","(26,06 € / Kg)",
Cabriz Vinho Tinto do Dão Biológico garrafa 75 cl,Cabriz,,"7,49 €","(9,99 € / Litro)",
Sossego Vinho Tinto do Alentejo garrafa 75 cl,Sossego,,"4,99 €","(6,65 € / Litro)",
Alface Frisada,,,"1,99 €/kg",,
Planta Creme Vegetal embalagem 400 g,Planta,,"3,49 €","(8,72 € / Kg)",
Barra de Cereais Plus unidade 330 g,,,"1,35 €","(1,35 € / Unidade)",
Special Line Sementes de Linhaça Dourado Alto Teor em Fibra embalagem 400 g,Special Line,,"2,39 €","(5,98 € / Kg)",
Nature's Charm Scallop Vegan lata 425 g,Nature's Charm,,"4,99 €","(11,74 € / Kg)",
Gelpeixe Miolo de Camarão 100-200 embalagem 250 g,Gelpeixe,,"4,29 €","(17,16 € / Kg)",
Margão Segredos Frango no Forno frasco 73 g,Margão Segredos,,"2,89 €","(39,59 € / Kg)",
"Cem Porcento Chá Solúvel Tília, Cidreira e Flor de Laranjeira para Dormir Bem embalagem 60 g",Cem Porcento,,"1,89 €","(31,50 € / Kg)",
Oh K! Kombucha de Frutos Silvestres Biológica garrafa 750 ml,Oh K!,,"7,85 €","(10,47 € / Litro)",
Murganheira Espumante Cuveé Especial Bruto garrafa 75 cl,Murganheira,,"30,59 €","(40,79 € / Litro)",
Brasmar Lombos de Bacalhau Demolhado embalagem 700 g,Brasmar,,"9,49 €","(13,56 € / Kg)",
Renova Guardanapos Gold Black embalagem 75 unidades,Renova,,"4,99 €","(66,53 € / Kg)",
Mimosa Bem Especial Crescimento Leite Meio Gordo 1 a 3 Anos embalagem 1 L,Mimosa Bem Especial Crescimento,,"1,79 €","(1,79 € / Litro)",
Lee Kum Molho Agridoce garrafa 240 g,Lee Kum,,"3,49 €","(14,54 € / Kg)",
Veet Creme Depilatório para Duche para Pele Sensível embalagem 150 ml,Veet,,"9,99 €","(66,60 € / Litro)",
Colmeia Melaço de Cana frasco 500 g,Colmeia,,"2,49 €","(4,98 € / Kg)",
El Corte Inglés Selection Sumo de Laranja Recém Espremido embalagem 750 ml,El Corte Inglés Selection,,"2,95 €","(3,93 € / Litro)",
El Serpis Azeitonas Recheadas com Anchova lata 350 g,El Serpis,,"3,49 €","(9,97 € / Kg)",
Próvida Quinoa Biológica Vermelha embalagem 500 g,Próvida,,"3,99 €","(7,98 € / Kg)",
Iglo Medalhões de Pescada embalagem 360 g,Iglo,,"3,49 €","(9,69 € / Kg)",
Cimarrom Pistachos Torrados com Sal embalagem 125 g,Cimarrom,,"3,80 €","(30,40 € / Kg)",
Presunto Ibérico Fatiado ao peso 1 kg,,,"99,00 €/kg",,
Margão Mistura de Pimentas com Moinho frasco 24 g,Margão,,"4,49 €","(187,08 € / Kg)",
"De Marchi Polpa de Cenoura, Beterraba e Laranja embalagem 100 g",De Marchi,,"1,19 €","(11,90 € / Kg)",
Mortier Paté Pimenta Verde embalagem 150 g,Mortier,,"2,10 €",(14 € / Kg),
Victorio & Lucchino Colónia Feminina Nº 9 Pasion Tropical embalagem 150 ml,Victorio & Lucchino,,"11,49 €","(76,60 € / Litro)",
Pescarias do Algarve Sardinhas sem Pele e sem Espinha sem Glúten lata 120 g,Pescarias do Algarve,,"2,95 €","(24,58 € / Kg)",
Bom Petisco Sardinhas em Óleo lata 120 g,Bom Petisco,,"1,45 €","(12,08 € / Kg)",
Yogi Tea Infusão de Ervas Bons Sonhos Biológica embalagem 17 unidades,Yogi Tea,,"4,09 €","(0,24 € / Unidade)",
Bioterra Figos da Extremadura Bio embalagem 200 g,Bioterra,,"2,29 €","(11,45 € / Kg)",
Clean & Clear Gel Exfoliante Facial Diário embalagem 150 ml,Clean & Clear,,"6,99 €","(46,60 € / Litro)",
Magnum Gelado de Pistachio Pack 3 embalagem 100 ml,Magnum,,"4,99 €","(16,63 € / Litro)",
Glamour Limas Pequenas + Palito embalagem 24 unidades,Glamour,,"2,79 €","(0,12 € / Unidade)",
Quinta da Coitena Hambúrguer de Peru Biológico embalagem 320 g,Quinta da Coitena,,"9,75 €","(30,47 € / Kg)",
Aquabona Água sem Gás garrafa 50 cl,Aquabona,,"0,65 €","(1,30 € / Litro)",
Babaria Creme para o Corpo com Aloe Vera para Peles Atópicas embalagem 400 ml,Babaria,,"5,29 €","(13,22 € / Litro)",
Nova Açores Leite de Pastagem Meio Gordo embalagem 200 ml,Nova Açores,,"0,44 €","(2,20 € / Litro)",
Bontà Divina Panna Cotta de Caramelo Pack 2 embalagem 120 g,Bontà Divina,,"3,19 €","(13,29 € / Kg)",
Rubrica Vinho Tinto Regional do Alentejo Magnum garrafa 150 cl,Rubrica,,"34,90 €","(23,27 € / Litro)",
Parmareggio Queijo de Itália Reggiano 30 Meses embalagem 150 g,Parmareggio,,"6,69 €","(44,60 € / Kg)",
Fapil Ambientador Mini Fresh Multiusos 5 unidades,Fapil,,"2,19 €","(2,19 € / Unidade)",
Gullón Tortitas de Arroz Viltaday sem Glúten embalagem 130 g,Gullón,,"2,09 €","(16,08 € / Kg)",
Erdinger Cerveja da Alemanha Pack 5 + Copo do Mundial garrafa 50 cl,Erdinger,,"25,50 €","(10,20 € / Litro)",
Ox Nature Sementes de Cânhamo Biológico embalagem 125 g,Ox Nature,,"6,89 €","(55,12 € / Kg)",
Mimosa Bem Especial Iogurte Magro de Morango 0% Lactose Pack 4 embalagem 120 ml,Mimosa Bem Especial,,"2,85 €","(4,56 € / Kg)","2,85 €"
Gullón Bio Organic Bolachas Digestivas de Aveia com Fruta Vegetarianas Biológicas embalagem 270 g,Gullón Bio Organic,,"3,89 €","(14,41 € / Kg)",
Valdecabras Queijo Fresco de Cabra com Baixo Teor de Sal,Valdecabras,,"19,25 €/kg",,
Sidul Açúcar Branco Saquetas 125 Unidades embalagem 750 g,Sidul,,"1,99 €","(2,65 € / Kg)",
Mc Vitie's Digestive Bolacha Original Digestiva embalagem 2x500 g,Mc Vitie's Digestive,,"4,29 €","(4,29 € / Kg)",
El Almendro Torrão Imperial sem Açúcar embalagem 200 g,El Almendro,,"5,72 €","(28,60 € / Kg)",
Pastoret Crème Fraîche embalagem 500 g,Pastoret,,"4,39 €","(8,78 € / Kg)",
Angelina Alheira de Mirandela Reserva de Caça unidade 200 g,Angelina,,"3,55 €","(17,75 € / Kg)",
Alternativa 3 Chocolate com Gengibre e Limão 60% Cacau sem Glúten Biológico embalagem 80 g,Alternativa 3,,"2,49 €","(31,12 € / Kg)",
Control Finissimo Preservativos Easy Way embalagem 10 unidades,Control Finissimo,,"9,99 €",(1 € / Unidade),
Riberalves Bacalhau Desfiado Premium embalagem 400 g,Riberalves,,"7,49 €","(18,72 € / Kg)",
"Frutis Refrigerante de Laranja sem Gás garrafa 1,5 L",Frutis,,"2,09 €","(1,39 € / Litro)",
Sagrado Vinho Tinto do Douro Magnum garrafa 150 cl,Sagrado,,"15,99 €","(10,66 € / Litro)",
Schwarzkopf Root Retoucher Spray Retoca Raízes Louro Claro embalagem 120 ml,Schwarzkopf Root Retoucher,,"12,95 €","(107,92 € / Litro)",
Fragata Azeitonas Verdes Recheadas com Anchova lata 150 g,Fragata,,"1,39 €","(9,27 € / Kg)",
Tropico Refrigerante Limonada sem Gás garrafa 1.5 L,Tropico,,"1,99 €","(1,33 € / Litro)",
TRESEMME Shampoo Pro Pure Volume embalagem 380 ml,TRESEMME,,"4,79 €","(12,61 € / Litro)",
"Don Simon Sangria garrafa 1,5 L",Don Simon,,"2,19 €","(1,46 € / Litro)",
Excellence Coloração Reflexos Intensos Nº 4.3 embalagem 1 unidade,Excellence,,"11,99 €","(11,99 € / Unidade)",
Garofalo Farfalle embalagem 500 g,Garofalo,,"2,09 €","(4,18 € / Kg)",
Tampax Pearl Tampões Regular embalagem 24,Tampax Pearl,,"4,99 €","(0,21 € / Unidade)",
Yopro Iogurte Sólido Proteína sabor de Banana e Manteiga de Amendoim embalagem 160 g,Yopro,,"1,39 €","(8,69 € / Kg)",
Ahmad Tea Tisana Mistura de Bagas embalagem 20 unidades,Ahmad Tea,,"4,09 €","(0,20 € / Unidade)",
"Shoyce Bebida de Aveia 0% Açúcares Adicionados, 0% Lactose sem Glúten embalagem 1 L",Shoyce,,"2,09 €","(2,09 € / Litro)",
JR Massa Filó embalagem 250 g,JR,,"2,95 €","(11,80 € / Kg)",
El Corte Inglés Cominhos embalagem 80 g,El Corte Inglés,,"2,49 €","(31,12 € / Kg)",
Dermacotton Discos Desmaquilhantes embalagem 80 unidades,Dermacotton,,"1,45 €","(0,02 € / Unidade)",
JR Folha de Brick Carré embalagem 160 g,JR,,"2,09 €","(13,06 € / Kg)",
Gliss Oil Nutritive Champô para Pontas Espigadas embalagem 250 ml,Gliss Oil Nutritive,,"4,99 €","(19,96 € / Litro)",
El Corte Inglés 20 Placas Pré-Cozidas para Lasanha embalagem 250 g,El Corte Inglés,,"0,95 €","(3,80 € / Kg)",
Espiga Pão Ralado Clássico embalagem 200 g,Espiga,,"1,09 €","(5,45 € / Kg)",
Celeiro da Terra Doce Extra de Laranja dos Açores frasco 250 g,Celeiro da Terra,,"3,99 €","(15,96 € / Kg)",
Pála-Pála Batatas Fritas Palha embalagem 250 g,Pála-Pála,,"2,19 €","(8,76 € / Kg)",
Renova Skin Care Maxi Discos Desmaquilhantes embalagem 40 unidades,Renova Skin Care,,"1,65 €","(0,04 € / Unidade)",
"Diaz Lombo em Fatias ""Já Cortado"" sem Glúten embalagem 300 g",Diaz,,"8,45 €","(28,17 € / Kg)",
Cem Porcento Chá para Infusão Ginkgo Biloba 10 Unidades embalagem 13 g,Cem Porcento,,"0,95 €","(73,08 € / Kg)",
El Corte Inglés Selection Tomate Triturado lata 400 g,El Corte Inglés Selection,,"1,15 €","(2,88 € / Kg)",
E.A Vinho Branco do Alentejo garrafa 75 cl,E.A,,"5,99 €","(7,99 € / Litro)",
McVitie's Bolacha Crunch de Aveia Coberta com Chocolate de Leite embalagem 205 g,McVitie's,,"2,99 €","(14,59 € / Kg)",
El Corte Inglés Vinagre de Jerez garrafa 750 ml,El Corte Inglés,,"2,99 €","(3,99 € / Litro)",
Quinta do Coro Geleia de Marmelo frasco 450 g,Quinta do Coro,,"3,89 €","(8,64 € / Kg)",
Valformoso Manteiga com Sal embalagem 250 g,Valformoso,,"2,35 €","(9,40 € / Kg)",
Alternativa 3 Copo de Bambu Into My Eyes unidade,Alternativa 3,,"13,49 €","(13,49 € / Unidade)",
Maçarico Azeitonas Verdes em Rodelas frasco 345 g,Maçarico,,"2,19 €","(6,35 € / Kg)",
Mozart Licor de Chocolate Branco garrafa 50 cl,Mozart,,"15,99 €","(31,98 € / Litro)",
Dodot Splashers Fraldas 9 a 15 Kg Tamanho 4-5 embalagem 11 unidades,Dodot Splashers,,"8,99 €","(0,82 € / Unidade)",
Pema Pão Integral de Centeio Biológico embalagem 500 g,Pema,,"2,80 €","(5,60 € / Kg)",
Quinta da Fonte do Ouro Vinho Branco do Dão Encruzado garrafa 75 cl,Quinta da Fonte do Ouro,,"11,90 €","(15,87 € / Litro)",
Galbani Queijo de Itália Mozzarella Maxi unidade 250 g,Galbani,,"3,49 €","(13,96 € / Kg)",
Victorio & Lucchino Colónia Masculina Nº2 Frescor Extremo embalagem 150 ml,Victorio & Lucchino,,"11,49 €","(76,60 € / Litro)",
Ferbar Cerejas Cristalizadas embalagem 150 g,Ferbar,,"3,30 €",(22 € / Kg),
Tellu's Conjunto Dois Vinhos do Douro + 1 Copo garrafa 75 cl,Tellu's,,"8,19 €","(5,46 € / Litro)",
Bia Couscous com Cúrcuma embalagem 250 g,Bia,,"2,99 €","(11,96 € / Kg)",
Diadermine Creme de Noite Expert Rejuvenescimento embalagem 50 ml,Diadermine,,"23,99 €","(479,80 € / Litro)",
Cuetara Rosquilhas de Canela embalagem 300 g,Cuetara,,"1,99 €","(6,63 € / Kg)",
Iswari Bebida com Alfarroba Moída Macaccino Dark Bio embalagem 250 g,Iswari,,"7,99 €","(31,96 € / Kg)",
Nivea Sabonete Sólido Creme Care embalagem 100 g,Nivea,,"1,19 €","(11,90 € / Kg)",
Fanya Germinados de Rabanito embalagem 95 g,Fanya,,"2,15 €","(22,63 € / Kg)",
Martiko Carpaccio de Bacalhau Fumado embalagem 80 g,Martiko,,"6,89 €","(86,12 € / Kg)",
Ilchester Queijo Crandale,Ilchester,,"28,49 €/kg",,
Moo Free Calendário de Advento embalagem 70 g,Moo Free,,"7,59 €","(108,43 € / Kg)",
Pronto Limpa-Móveis Madeira Revitaliza Óleo Nutritivo Ambar e Argão Spray embalagem 250 ml,Pronto,,"4,79 €","(14,36 € / Litro)","4,79 €"
Hagerty Limpa Cobre e Latão embalagem 250 ml,Hagerty,,"12,75 €",(51 € / Litro),
El Corte Inglés Marmelada com Stevia Pack 2 embalagem 370 g,El Corte Inglés,,"1,75 €","(4,73 € / Kg)",
Knorr Sopa de Legumes 4 porções embalagem 63 g,Knorr,,"1,49 €","(23,65 € / Kg)",
"Franziskaner Cerveja da Alemanha Weissbier garrafa 35,5 cl",Franziskaner,,"1,69 €","(4,76 € / Litro)",
El Corte Inglés Atum em Azeite Pack 3 embalagem 180 g,El Corte Inglés,,"2,49 €","(11,06 € / Kg)","2,49 €"
Pur Natur & Fruit Iogurte de Framboesa e Muesli Biológico embalagem 135 g,Pur Natur & Fruit,,"1,99 €","(12,44 € / Kg)",
After Eight Sticks de Chocolate Preto com Menta embalagem 125 g,After Eight,,"5,25 €",(42 € / Kg),
Nova Açores Leite de Pastagem Magro embalagem 1 L,Nova Açores,,"0,89 €","(0,89 € / Litro)",
Nivea Body Lotion Loção para Corpo Refirmante Bronze Q10 Tom de Pele Claro a Médio embalagem 200 ml,Nivea Body Lotion,,"7,69 €","(24,95 € / Litro)","7,69 €"
Bettery Barra Plant Based Zero Bar de Chocolate embalagem 55 g,Bettery,,"1,90 €","(34,55 € / Kg)",
El Corte Inglés Mozzarella Bufala DOP embalagem 125 g,El Corte Inglés,,"2,39 €","(19,12 € / Kg)",
Natural & Easy Coloração Permanente Nutritiva Nº 555 Castanho Claro Dourado embalagem 1 unidade,Natural & Easy,,"8,99 €","(8,99 € / Unidade)",
Shakira Colónia Feminina Dance embalagem 50 ml,Shakira,,"16,49 €","(329,80 € / Litro)",
Mézete Húmus Gourmet com Ervas Frescas Vegan sem Glúten embalagem 215 g,Mézete,,"3,19 €","(14,84 € / Kg)",
Larsa Iogurte de Morango embalagem 125 g,Larsa,,"0,38 €","(3,04 € / Kg)",
Vinho Tinto do Dão Reserva garrafa 75 cl,,,"19,90 €","(26,53 € / Litro)",
Caves Velhas Pack 1 Vinho de Bucelas Branci + 1 Vinho Romeira Tinto embalagem 75 cl,Caves Velhas,,"10,98 €","(2,61 € / Litro)",
Cavendish & Harvey Rebuçados de Cereja com Recheio de Lima lata 175 g,Cavendish & Harvey,,"3,09 €","(17,66 € / Kg)",
Periquita Vinho Tinto de Setúbal Reserva garrafa 75 cl,Periquita,,"9,99 €","(13,32 € / Litro)",
Ucal Light Leite com Chocolate Pack 6 garrafa 250 ml,Ucal Light,,"5,76 €","(3,84 € / Litro)",
Pontual Vinho Tinto do Alentejo Superior garrafa 75 cl,Pontual,,"6,35 €","(8,47 € / Litro)",
Vitacress Salsa Fresca embalagem 30 g,Vitacress,,"1,29 €",(43 € / Kg),
Just For Men Coloração Castanho Escuro embalagem 60 ml,Just For Men,,"12,99 €","(216,50 € / Litro)",
Minerva Salmão Natural lata 120 g,Minerva,,"3,99 €","(33,25 € / Kg)",
Bochechas de Suíno Peso Aproximado 400 g,,,"4,38 €","(10,95 € / Kg)",
Estrella Galicia 1906 Cerveja de Espanha Reserva Especial garrafa 33 cl,Estrella Galicia 1906,,"1,29 €","(3,91 € / Litro)",
Durex Sensitivo Preservativos XL embalagem 10 unidades,Durex Sensitivo,,"11,99 €","(1,20 € / Unidade)",
Mimosa Biogurte Iogurte Líquido de Morango Pack 4 Biológico embalagem 151 g,Mimosa Biogurte,,"2,79 €","(18,48 € / Kg)",
Rubicon Água Gasosa com Sabor  Morango e Limão garrafa 50 cl,Rubicon,,"1,99 €","(3,98 € / Litro)",
Hot Nuts Aperitivos Sensation frasco 80 g,Hot Nuts,,"1,89 €","(23,62 € / Kg)",
Riegele Cerveja Privat garrafa 50 cl,Riegele,,"3,49 €","(6,98 € / Litro)",
El Corte Inglés Cereais Recheados com Creme de Leite sem Glúten embalagem 500 g,El Corte Inglés,,"2,65 €","(5,30 € / Kg)",
Toque Especial Especiaria Marroco embalagem 40 g,Toque Especial,,"3,45 €","(86,25 € / Kg)",
+ Cru Granola Crua com Coco Biológica embalagem 300 g,+ Cru,,"7,15 €","(23,83 € / Kg)",
Vasco da Gama Polvo e Pota em Azeite lata 120 g,Vasco da Gama,,"1,79 €","(14,92 € / Kg)",
Elpozo Fuet Salsichão Nobreza sem Glúten embalagem 200 g,Elpozo,,"3,19 €","(15,95 € / Kg)",
Le Conserve della Nonne Molho de Tomate embalagem 700 g,Le Conserve della Nonne,,"3,95 €","(5,64 € / Kg)",
Scotch-Brite Esfregão Fresh Não Risca embalagem 2 unidades,Scotch-Brite,,"2,59 €","(1,30 € / Unidade)",
El Corte Inglés Abrilhantador para Loiça embalagem 750 ml,El Corte Inglés,,"1,09 €","(1,45 € / Litro)",
Aromas das Castas Vinho Verde Branco garrafa 75 cl,Aromas das Castas,,"4,19 €","(5,59 € / Litro)",
Culture Food Adoçante Granulado Hey Sweety 0% Calorias embalagem 400 g,Culture Food,,"7,79 €","(19,48 € / Kg)",
Bushmills Whisky Irlandês garrafa 70 cl,Bushmills,,"20,99 €","(29,99 € / Litro)",
Barranco Longo Vinho Branco do Algarve Grande Escolha garrafa 75 cl,Barranco Longo,,"9,65 €","(12,87 € / Litro)",
JP Vinho Tinto de Terras do Sado garrafa 75 cl,JP,,"3,09 €","(4,12 € / Litro)",
"Kona Cerveja Hanalei garrafa 35,5 cl",Kona,,"3,99 €","(11,24 € / Litro)",
Yaranza Kéfir de Vaca frasco 140 g,Yaranza,,"1,19 €","(8,50 € / Kg)",
Pride Butter Ghee lata 500 g,Pride,,"8,49 €","(16,98 € / Kg)",
Olá Gelado Epá Pintarolas Pack 6 unidades embalagem 100 ml,Olá,,"4,99 €","(8,32 € / Litro)",
Top Sabor Mini Chamuças sem Picante 10 Unidades embalagem 170 g,Top Sabor,,"4,79 €","(28,18 € / Kg)",
Montaraz Lagartos de Porco Preto embalagem 250 g,Montaraz,,"4,99 €",(19 € / Kg),"4,99 €"
Bicafé Café Descafeinado para Dolce Gusto Intensidade 6 embalagem 16 cápsulas,Bicafé,,"3,49 €","(0,22 € / Unidade)",
Triunfo Digestive Go Bolachas de Aveia Pack 6 embalagem 171 g,Triunfo Digestive Go,,"1,69 €","(9,88 € / Kg)",
La Antigua Queijo Curado com Trufa 1/2,La Antigua,,"32,98 €/kg",,
Queijaria das Romãs Queijo Fresco de Ovelha Pack 6 embalagem 420 g,Queijaria das Romãs,,"7,98 €",(19 € / Kg),
Gullón Zero Bolacha Chip Choco com Pepitas de Chocolate sem Açúcar embalagem 125 g,Gullón Zero,,"2,29 €","(18,32 € / Kg)",
Maybelline Brow Extensions Lápis de Sobrancelhas Nº 02 Soft embalagem 1 unidade,Maybelline Brow Extensions,,"9,99 €",(5 € / Unidade),
Durex Natural Comfort Preservativos embalagem 6 unidades,Durex Natural Comfort,,"4,99 €","(0,83 € / Unidade)",
Veckia Creme Corporal de Damasco embalagem 250 ml,Veckia,,"4,05 €","(1,62 € / 10 ml.)",
Nivea Protect e Bronze Desmaquilhante de Olhos Dupla Acção embalagem 125 ml,Nivea Protect e Bronze,,"4,94 €","(39,52 € / Litro)",
Dietisa Chá de Flor de Alfazema embalagem 50 g,Dietisa,,"1,99 €","(39,80 € / Kg)",
Mézete Húmus Gourmet Clássico Vegan sem Glúten embalagem 215 g,Mézete,,"3,19 €","(14,84 € / Kg)",
Dove Talc Soft Desodorizante Spray embalagem 150 ml,Dove Talc Soft,,"2,79 €","(18,60 € / Litro)",
El Corte Inglés Luvas Interior de Algodão Rosa Tamanho M embalagem 1 par,El Corte Inglés,,"0,79 €","(0,79 € / Unidade)",
"English Tea Shop Infusão de Erva Mate, Cacau e Coco Biológica embalagem 35 g",English Tea Shop,,"3,99 €",(114 € / Kg),
Minerva Paté de Sardinha lata 75 g,Minerva,,"1,49 €","(19,87 € / Kg)",
"Sierra Nevada Cerveja dos EUA Torpedo Extra IPA garrafa 35,5 cl",Sierra Nevada,,"4,39 €","(12,37 € / Litro)",
Nobre Hot Dog Salsichas de Aves 4 Unidades frasco 210 g,Nobre Hot Dog,,"2,55 €","(12,14 € / Kg)",
Cadbury Chocolate Dairy Milk Clássico embalagem 180 g,Cadbury,,"3,69 €","(20,50 € / Kg)",
Mr. Cheese Queijo Gouda Porção Peso Aproximado por unidade 200 g,Mr. Cheese,,"15,39 €/kg",,
Glamour Ganchos para Cabelo embalagem 2 unidades,Glamour,,"3,55 €","(3,55 € / Unidade)",
Brise Ambientador Toque & Fresh Marine recarga 10 ml,Brise,,"3,49 €","(34,90 € / 10 ml.)",
Avianense Peluche Pai Natal com Bombos embalagem 125 g,Avianense,,"5,45 €","(43,60 € / Kg)",
Soria Natural Bebida de Aveia com Cacau Biológico embalagem 1 L,Soria Natural,,"2,89 €","(2,89 € / Litro)",
Renova Papel Higiénico Amarelo embalagem 6 unidades,Renova,,"6,99 €","(1,16 € / Unidade)",
Condi Marinada para Frango e Peru embalagem 250 ml,Condi,,"4,59 €","(18,36 € / Litro)",
Bahlsen Leibniz Mini Bolachas Cobertas com Chocolate de Leite embalagem 125 g,Bahlsen Leibniz,,"1,99 €","(13,52 € / Kg)","1,99 €"
Nestlé Kit Kat Chunky Snack de Chocolate de Leite Single embalagem 40 g,Nestlé Kit Kat,,"1,10 €","(27,50 € / Kg)",
Tipiak Express Couscous embalagem 400 g,Tipiak,,"2,15 €","(5,38 € / Kg)",
Nestlé Calendário Advennto Chocolate Bran Milky embalagem 85 g,Nestlé,,"4,45 €","(52,35 € / Kg)",
Próvida Caracol Biológico embalagem 100 g,Próvida,,"1,25 €","(12,50 € / Kg)",
English Tea Shop Chá The Perfect Grade Biológico embalagem 20 unidades,English Tea Shop,,"4,99 €","(0,25 € / Unidade)",
La Contadina Queijo Mozzarella Bufala sem Lactose unidade 125 g,La Contadina,,"3,09 €","(24,72 € / Kg)",
Bio Puro Gel Anti-Nódoas para Roupa Biológico embalagem 500 ml,Bio Puro,,"6,69 €","(13,38 € / Litro)",
Koala Leite de Coco lata 400 ml,Koala,,"2,15 €","(5,38 € / Litro)",
Kerrygold Queijo Cheddar Branco Suave embalagem 200 g,Kerrygold,,"3,39 €","(16,95 € / Kg)",
Salsicharia Limiana Bacon Extra em Cubos embalagem 150 g,Salsicharia Limiana,,"2,55 €",(17 € / Kg),
Noglut Madalenas com Pepitas de Chocolate sem Glúten embalagem 170 g,Noglut,,"4,19 €","(24,65 € / Kg)",
Casa de S. Miguel Azeite Virgem Extra Biológico Pack 3 embalagem 600 ml,Casa de S. Miguel,,"19,45 €","(32,42 € / Litro)",
Heidel Chocolate Pai Natal White lata 75 g,Heidel,,"9,95 €","(132,67 € / Kg)",
Neoblanc Detergente Desengordurante Oxigénio Activo spray 750 ml,Neoblanc,,"3,99 €","(5,32 € / Litro)",
Lombinho de Porco Recheado com Ameixa Peso Aproximado 600 g,,,"11,95 €/kg",,
Marisco Mendez Camarão Médio 38-45 caixa 250 g,Marisco Mendez,,"16,59 €","(66,36 € / Kg)",
Quinta da Raza Vinho Branco Verde Magnum garrafa 150 cl,Quinta da Raza,,"18,50 €","(12,33 € / Litro)",
Affective Discreet Cuecas para Adultos com Incontinência Femininas Absorventes Plus Tamanho M embalagem 10 unidades,Affective Discreet,,"11,75 €","(1,18 € / Unidade)",
Matinal Leite Magro embalagem 1 L,Matinal,,"1,09 €","(1,09 € / Litro)",
Benriach Whisky Malte 10 Anos garrafa 70 cl,Benriach,,"39,99 €","(57,13 € / Litro)",
Alpro Bebida de Soja com Chocolate Pack 3 embalagem 250 ml,Alpro,,"2,29 €","(2,39 € / Litro)","2,29 €"
Delaviuda Torrão de Gema Tostada embalagem 250 g,Delaviuda,,"4,99 €","(19,96 € / Kg)",
El Corte Inglés Chá Preto Chai 20 Pirâmides lata 40 g,El Corte Inglés,,"2,99 €","(74,75 € / Kg)",
Globo Cereja Verde em Calda frasco 400 g,Globo,,"3,09 €","(7,72 € / Kg)",
Museu do Pão Tostas de Mistura sem Glúten embalagem 140 g,Museu do Pão,,"3,85 €","(27,50 € / Kg)",
Sadino Vinho Tinto de Setúbal garrafa 75 cl,Sadino,,"2,99 €","(3,99 € / Litro)",
Santal Fruit Power Néctar de 8 Frutos Pack 3 embalagem 20 cl,Santal Fruit Power,,"1,85 €","(3,08 € / Litro)",
Activia Cremoso Iogurte 0% de Framboesa e Mirtilo Pack 4 embalagem 120 g,Activia Cremoso,,"2,49 €","(5,19 € / Kg)",
Real Natura Sérum Capilar Intensivo Pro-Lisos Anti-Frizz embalagem 50 ml,Real Natura,,"9,43 €","(188,60 € / Litro)",
Elpozo Presunto Serrano 9 Meses em Fatias sem Glúten e sem Lactose unidade 900 g,Elpozo,,"2,99 €","(33,22 € / Kg)",
Margão Oregãos em Folha embalagem 8 g,Margão,,"1,09 €","(136,25 € / Kg)",
Damm Cerveja de Espanha Inedit Pack 4 garrafa 33 cl,Damm,,"8,75 €","(6,63 € / Litro)",
Dove Creme para o Corpo para Peles Extra Secas embalagem 250 ml,Dove,,"3,99 €","(15,96 € / Litro)",
Renova Black Label Guardanapos Decorados com Hibiscus embalagem 20 unidades,Renova Black Label,,"2,19 €","(0,11 € / Unidade)",
Villa Rebuçados Sortido de Festas embalagem 1 kg,Villa,,"9,35 €","(9,35 € / Kg)",
"El Corte Inglés Detergente Líquido para Chão Pinho embalagem 1,5 L",El Corte Inglés,,"0,75 €","(0,50 € / Litro)",
Jameson Whisky Irlandês Caskmates IPA garrafa 70 cl,Jameson,,"25,99 €","(37,13 € / Litro)",
Santa Teresa Creme de Legumes embalagem 400 ml,Santa Teresa,,"3,49 €","(8,72 € / Litro)",
Maltesers Chocolate Maxi embalagem 300 g,Maltesers,,"5,49 €","(18,30 € / Kg)",
Margão Bio Pimenta Preta Moída Biológica frasco 43 g,Margão Bio,,"3,49 €","(81,16 € / Kg)",
Cem Porcento Chocolate Preto 70% Cacau sem Glúten Biológico embalagem 100 g,Cem Porcento,,"2,89 €","(28,90 € / Kg)",
Cantinho das Aromáticas Infusão de Perpétua-Roxa Biológica embalagem 30 g,Cantinho das Aromáticas,,"4,55 €","(151,67 € / Kg)",
L' Arbre Vert Detergente para a Máquina da Loiça Tudo em 1 Sal e Abrilhantador Ecológico embalagem 30 pastilhas,L' Arbre Vert,,"6,29 €","(0,21 € / Unidade)",
Pão de Milho às Fatias unidade 350 g,,,"1,79 €","(5,11 € / Kg)",
Arcádia Bonjour Drageias de Licor embalagem 150 g,Arcádia,,"6,99 €","(46,60 € / Kg)",
Babaria Gel de Banho Peles Atópicas embalagem 600 ml,Babaria,,"6,99 €","(11,65 € / Litro)",
Golden Lily Cogumelos Secos Inteiros embalagem 100 g,Golden Lily,,"6,79 €","(67,90 € / Kg)",
Tresemmé Keratin Smooth Colour Champô para Cabelo Pintado embalagem 400 ml,Tresemmé Keratin Smooth Colour,,"4,19 €","(10,48 € / Litro)",
Cantinho das Aromáticas Infusão de Tília Biológica embalagem 20 unidades,Cantinho das Aromáticas,,"4,10 €","(0,20 € / Unidade)",
Antonio Banderas Eau de Toilette Icon embalagem 100 ml,Antonio Banderas,,"26,99 €","(269,90 € / Litro)",
Quinta de San Joanne Vinho Verde Branco Terroir Mineral garrafa 75 cl,Quinta de San Joanne,,"7,15 €","(9,53 € / Litro)",
Condi Pudim Flan com Caramelo Líquido embalagem 190 g,Condi,,"1,99 €","(10,47 € / Kg)",
Artiach Chiquilín Bolachas Ositos de Chocolate Pack 4 embalagem 160 g,Artiach Chiquilín,,"2,09 €","(13,06 € / Kg)",
Xixo Ice Tea Manga Zero lata 25 cl,Xixo,,"0,59 €","(2,36 € / Litro)",
Margão Pimentão Doce embalagem 100 g,Margão,,"1,99 €","(19,90 € / Kg)",
Skip Ultimate Detergente para a Máquina da Roupa Cores 3 em 1 embalagem 42 cápsulas,Skip Ultimate,,"24,99 €","(0,60 € / Dose)",
Carina Croquetes de Carne 10 Unidades embalagem 310 g,Carina,,"1,99 €","(6,42 € / Kg)",
Pedras Salgadas Levíssima Água com Gás garrafa 33 cl,Pedras Salgadas Levíssima,,"0,69 €","(2,09 € / Litro)",
Sacla Molho Pesto Genovese frasco 190 g,Sacla,,"4,55 €","(23,95 € / Kg)",
Dr. Beckmann Spray Placas Vitrocerâmicas embalagem 250 ml,Dr. Beckmann,,"4,39 €","(17,56 € / Litro)",
Renova First Pensos Higiénicos Ultra sem Abas Normal embalagem 16 unidades,Renova First,,"2,20 €","(0,14 € / Unidade)",
Sun Detergente para a Máquina da Loiça Optimum Limão embalagem 48 pastilhas,Sun,,"8,99 €","(0,19 € / Dose)",
Iswari Bagas de Goji Biológico embalagem 125 g,Iswari,,"5,99 €","(47,92 € / Kg)",
El Corte Inglés Pescada com Molho Verde e Mexilhão embalagem 300 g,El Corte Inglés,,"3,99 €","(13,30 € / Kg)",
Duorum Vinho Branco do Douro garrafa 75 cl,Duorum,,"12,49 €","(16,65 € / Litro)",
Delta Cevada Solúvel frasco 200 g,Delta,,"2,49 €","(12,45 € / Kg)",
El Corte Inglés Ambientador Aerossol de Lavanda Recarga embalagem 1 unidade,El Corte Inglés,,"3,19 €","(3,19 € / Unidade)",
Russian Standard Vodka garrafa 70 cl,Russian Standard,,"14,99 €","(17,13 € / Litro)","14,99 €"
Grant's Whisky garrafa 1 L,Grant's,,"15,99 €","(15,99 € / Litro)",
Goa-Kook Chamuças da Mamã Picantes embalagem 12 unidades,Goa-Kook,,"9,99 €","(0,83 € / Unidade)",
Pantene Champô Miracle Repara embalagem 225 ml,Pantene,,"5,99 €","(26,62 € / Litro)",
El Corte Inglés Rúcula embalagem 100 g,El Corte Inglés,,"1,79 €","(17,90 € / Kg)",
El Corte Inglés Selection Torrão de Jijona embalagem 250 g,El Corte Inglés Selection,,"3,89 €","(15,56 € / Kg)",
Quinta dos Muros Vinho do Porto Vintage 2016 garrafa 75 cl,Quinta dos Muros,,"51,50 €","(68,67 € / Litro)",
Pacari Chocolate Negro 100% Cacau Vegan embalagem 50 g,Pacari,,"3,99 €","(79,80 € / Kg)",
Skip Desinfectante de Roupa embalagem 1200 ml,Skip,,"4,99 €","(4,16 € / Litro)",
Becel Creme de Barrar com Sabor a Manteiga embalagem 400 g,Becel,,"5,29 €","(13,22 € / Kg)",
Hermesetas Adoçante Stevia Sweet embalagem 60 unidades,Hermesetas,,"6,35 €","(105,83 € / Kg)",
Damm Cerveja Estrella Pack 12 unidades embalagem 25 cl,Damm,,"8,58 €","(2,04 € / Litro)",
Elpozo Peito de Peru sem Glúten Peso Aproximado por unidade 5 kg,Elpozo,,"12,99 €/kg",,
Hengstenberg Pepinos em Vinagre Knax frasco 330 g,Hengstenberg,,"2,55 €","(7,73 € / Kg)",
Palhais Queijo Regional de Cabra Pack 2 embalagem 120 g,Palhais,,"3,99 €","(19,95 € / Kg)",
McVitie's Bolachas com Gengibre Ginger Nuts embalagem 250 g,McVitie's,,"1,89 €","(7,56 € / Kg)",
Haute Queijo Saintagur Bleufondant ao peso 1 kg,Haute,,"28,99 €/kg",,
Martiko Salmão Fumado da Noruega sem Açúcar embalagem 80 g,Martiko,,"6,19 €","(77,38 € / Kg)",
Gelpeixe Mexilhão 1/2 Concha embalagem 500 g,Gelpeixe,,"8,99 €","(17,98 € / Kg)",
Terra Nostra Leite de Pastagem Meio Gordo Biológico embalagem 1 L,Terra Nostra,,"1,47 €","(1,47 € / Litro)",
English Teashop Chá Edição Limitada Christmas Ceylon embalagem 40 g,English Teashop,,"5,39 €","(134,75 € / Kg)",
Vinho Branco do Dão garrafa 75 cl,,,"11,49 €","(15,32 € / Litro)",
El Corte Inglés Pão de Leite 12 Unidades embalagem 480 g,El Corte Inglés,,"2,99 €","(6,23 € / Kg)",
Green Shield Toalhitas de Limpeza para Madeira embalagem 50 unidades,Green Shield,,"5,25 €","(0,10 € / Unidade)",
S.D' Fruta Sumo Fresco de Laranja e Maçã embalagem 1 L,S.D' Fruta,,"3,45 €","(3,45 € / Litro)",
English Tea Shop Chá Women's Wellness Biológico embalagem 20 unidades,English Tea Shop,,"4,99 €","(0,25 € / Unidade)",
Nivea Naturally Good Desodorizante Chá Verde Biológico Roll-On embalagem 50 ml,Nivea Naturally Good,,"4,99 €","(99,80 € / Litro)",
El Corte Inglés Paté de Pato com Boletus lata 130 g,El Corte Inglés,,"3,59 €","(27,62 € / Kg)",
Jean Louis David Alicate para Peles e Unhas embalagem 1 unidade,Jean Louis David,,"14,14 €","(14,14 € / Unidade)",
Cabeça de Toiro Vinho Rosé do Tejo Reserva garrafa 75 cl,Cabeça de Toiro,,"7,49 €","(9,99 € / Litro)",
Gelpeixe Arroz de Pato embalagem 400 g,Gelpeixe,,"4,69 €","(11,72 € / Kg)",
Mão Chispe ao peso 1 kg,,,"2,95 €/kg",,
Juvé y Camps Espumante Cava Pack 2 garrafa 75 cl,Juvé y Camps,,"33,80 €","(22,53 € / Litro)",
Naturefoods Bolachas Integrais Biológicas embalagem 300 g,Naturefoods,,"2,75 €","(9,17 € / Kg)",
El Corte Inglés Bio Sumo de Aloe Vera Biológico garrafa 500 ml,El Corte Inglés Bio,,"9,99 €","(19,98 € / Litro)",
Ajax Toalhitas Limpa-Vidros 20 unidades,Ajax,,"3,99 €","(0,20 € / Unidade)",
Avibom Perna de Pato Peso Aproximado por embalagem 200 g,Avibom,,"9,49 €/kg",,"9,49 €/kg"
Diese Bolachas Integrais com Goji embalagem 200 g,Diese,,"2,59 €","(12,95 € / Kg)",
Angelina Alheira de Mirandela Certificada unidade 200 g,Angelina,,"2,15 €","(10,75 € / Kg)",
Ameijoa Japonica embalagem 1 kg,,,"11,99 €","(11,99 € / Unidade)",
Secos da Aldeia Mistura Frita com Sal embalagem 100 g,Secos da Aldeia,,"0,75 €","(7,50 € / Kg)",
Herdade da Maia Queijo Alentejano de Ovelha com Pimentão unidade 210 g,Herdade da Maia,,"4,55 €","(21,67 € / Kg)",
Magnum Gelado Classic de Baunilha com Pedaços de Chocolate embalagem 440 ml,Magnum,,"5,99 €","(13,61 € / Litro)",
Dalva Vinho Tinto do Douro Reserva garrafa 150 cl,Dalva,,"25,90 €","(17,27 € / Litro)",
Maybelline Vivid Matte Liquid Gloss Líquido Mate Cremoso Nº 37 Coffee Buzz embalagem 1 unidade,Maybelline Vivid Matte Liquid,,"7,99 €","(7,99 € / Unidade)",
Dr. Beckmann Tira Nódoas para Sofás embalagem 400 ml,Dr. Beckmann,,"4,49 €","(11,22 € / Litro)",
El Corte Inglés Bio Tomate Frito com Pimentos de Piquillo sem Glúten Biológico frasco 340 g,El Corte Inglés Bio,,"2,95 €","(8,68 € / Kg)",
Próvida Arroz Integral Terra Verde Biológico embalagem 500 g,Próvida,,"3,49 €","(6,98 € / Kg)",
Fritz Haag Vinho Branco da Alemanha Riesling Trocken garrafa 75 cl,Fritz Haag,,"12,25 €","(16,33 € / Litro)",
Eddoes Tradicional Peso Aproximado por Unidade ao peso 1 kg,,,"6,99 €/kg",,
Finn Crisp Tostas Tradicionais embalagem 200 g,Finn Crisp,,"2,25 €","(11,25 € / Kg)",
Antiquissima Aguardente Velha garrafa 70 cl,Antiquissima,,"30,90 €","(44,14 € / Litro)",
Babaria Creme para o Corpo de Coco embalagem 400 ml,Babaria,,"4,59 €","(8,60 € / Litro)","4,59 €"
Vileda Attractive Plus Mopa Descartável Pack 24 + 6 Grátis embalagem 30 unidades,Vileda Attractive Plus,,"8,99 €","(0,30 € / Unidade)",
Jordan Escova de Dentes Clean Soft embalagem 1,Jordan,,"4,99 €","(4,99 € / Unidade)",
Santa Catarina Atum ao Natural em Filetes lata 120 g,Santa Catarina,,"2,29 €","(17,08 € / Kg)","2,29 €"
Pescanova Camarão Vannamei 24/40 embalagem 800 g,Pescanova,,"19,99 €","(24,99 € / Kg)",
Xixo Ginger Ale lata 25 cl,Xixo,,"0,59 €","(2,36 € / Litro)",
Mum Desodorizante Ocean Fresh Roll-On embalagem 50 ml,Mum,,"2,75 €","(5,50 € / 10 ml.)",
Nature Box Champô Color de Romã Vegan Ecológico embalagem 385 ml,Nature Box,,"4,49 €","(11,66 € / Litro)",
Aliada Rosquilhas embalagem 180 g,Aliada,,"1,65 €","(9,17 € / Kg)",
"Coelheiros Vinho Tinto do Alentejo garrafa 1,5 L",Coelheiros,,"23,75 €","(15,83 € / Litro)",
Tremoços,,,"4,99 €/kg",,
Bote Vinho Branco de Lisboa garrafa 75 cl,Bote,,"4,49 €","(5,99 € / Litro)",
Glade Vela Ambientador Honey & Chocolate embalagem 129 g,Glade,,"4,99 €","(38,68 € / Kg)",
Gourmet da Aldeia Lombo Assado embalagem 400 g,Gourmet da Aldeia,,"6,39 €","(15,98 € / Kg)",
Barilla Massa Penne Rigate Integral embalagem 500 g,Barilla,,"1,94 €","(3,88 € / Kg)",
Lacasa Bola de Natal Peppa Pig Sortido lata 18 g,Lacasa,,"3,40 €","(188,89 € / Kg)",
El Corte Inglés Arroz 3 Delícias com Marisco 2 Doses embalagem 500 g,El Corte Inglés,,"1,99 €","(3,98 € / Kg)",
Soft&Co Serum Anti Imperfeições embalagem 30 ml,Soft&Co,,"5,99 €","(199,67 € / Litro)",
Confeitaria Vale Biscoitos de Canela Corações embalagem 250 g,Confeitaria Vale,,"2,39 €","(9,56 € / Kg)",
Próvida Mix Puff Quinoa Biológico embalagem 200 g,Próvida,,"2,95 €","(14,75 € / Kg)",
El Corte Inglés Selection Espargos Brancos de Navarra 6/12 Peças lata 125 g,El Corte Inglés Selection,,"4,99 €","(39,92 € / Kg)",
Oral-B 3D White Escova de Dentes Médio embalagem 1 unidade,Oral-B 3D White,,"2,19 €","(2,19 € / Unidade)",
Babaria Creme para o Corpo Nutritivo com Óleo de Azeitona embalagem 250 ml,Babaria,,"2,79 €","(11,16 € / Litro)",
Lindt Excellence Chocolate Preto Suave 70% de Cacau embalagem 100 g,Lindt Excellence,,"2,79 €","(27,90 € / Kg)",
Ponti Vinagre Balsâmico garrafa 500 ml,Ponti,,"2,99 €","(5,98 € / Litro)",
Margão Piri-Piri Moído frasco 38 g,Margão,,"2,39 €","(62,89 € / Kg)",
Paysan Breton Queijo Camembert Pays Peso Aproximado por unidade 1 kg,Paysan Breton,,"18,89 €","(18,89 € / Kg)",
Dessange Escova de Cabelo para Cabelos Finos embalagem 1 unidade,Dessange,,"6,99 €","(6,99 € / Unidade)",
Snock Wrap de Frango 2 Unidades embalagem 170 g,Snock,,"3,09 €","(18,18 € / Kg)",
Humydry Anti-Humidade Recarga 450 g,Humydry,,"2,99 €","(6,64 € / Kg)",
Tyrrell's Batatas Fritas com Chili e Pimenta Vermelha embalagem 150 g,Tyrrell's,,"2,64 €","(17,60 € / Kg)",
Fairy Detergente de Lavagem à Mão Rosa e Cetim Concentrado 500 ml,Fairy,,"2,89 €","(4,04 € / Litro)","2,89 €"
El Corte Inglés Óleo Refinado de Girassol garrafão 5 L,El Corte Inglés,,"16,69 €","(3,34 € / Litro)",
Castas de Monção Espumante Bruto garrafa 75 cl,Castas de Monção,,"8,55 €","(11,40 € / Litro)",
El Corte Inglés Milho Frito embalagem 350 g,El Corte Inglés,,"1,89 €","(5,40 € / Kg)",
Bombay Sapphire Gin garrafa 70 cl,Bombay Sapphire,,"23,59 €","(31,41 € / Litro)","23,59 €"
La Dispensa Iogurte Bufala sabor Limão embalagem 150 g,La Dispensa,,"3,09 €","(23,77 € / Kg)",
El Corte Inglés Bife de Peru Peso Aproximado por cuvete 500 g,El Corte Inglés,,"4,97 €","(9,95 € / Kg)",
Margão Glu-Tai-Moto frasco 63 g,Margão,,"3,49 €","(55,40 € / Kg)",
Noglut Santiveri Bolachas Digestivas de Laranja sem Glúten embalagem 195 g,Noglut Santiveri,,"3,29 €","(16,87 € / Kg)",
Nau do Cacau Chocolate Preto São Tomé e Príncipe 66% Cacau Biológico embalagem 80 g,Nau do Cacau,,"5,29 €","(66,12 € / Kg)",
Alpro Bebida de Soja com Banana embalagem 1 L,Alpro,,"2,39 €","(1,89 € / Litro)","2,39 €"
Gillette Fusion 5 Máquina de Barbear embalagem 1 unidade,Gillette Fusion 5,,"11,99 €","(11,99 € / Unidade)",
Bola Rústica unidade 90 g,,,"0,25 €","(2,78 € / Kg)",
Pescanova Nuggets de Frango embalagem 1 kg,Pescanova,,"18,49 €","(18,49 € / Kg)",
Moskovskaya Vodka garrafa 70 cl,Moskovskaya,,"12,49 €","(17,84 € / Litro)",
Bonduelle Salteado Rústico embalagem 400 g,Bonduelle,,"2,89 €","(7,22 € / Kg)",
Narta Men Desodorizante Inviximax Roll-On embalagem 50 ml,Narta Men,,"3,79 €","(75,80 € / Litro)",
Lee Kum Kee Molho de Pato à Pequim frasco 383 g,Lee Kum Kee,,"4,65 €","(12,14 € / Kg)",
Nestea de Pêssego lata 33 cl,Nestea,,"0,79 €","(2,39 € / Litro)",
Vileda Ultra Fresh Esfregão de Fibra Verde embalagem 3 unidades,Vileda Ultra Fresh,,"1,99 €","(0,66 € / Unidade)",
Sonasol Turquoise Activ+ Bloco Sanitário Desinfectante Oceano embalagem 50 g,Sonasol Turquoise Activ+,,"3,09 €","(61,80 € / Kg)",
Macal Barriga Fumada em Fatias unidade 90 g,Macal,,"1,98 €",(22 € / Kg),
"Ajax Detergente Líquido Lava-Tudo Gardénia e Coco embalagem 1,25 L",Ajax,,"2,09 €","(1,67 € / Litro)",
Disney Refrigerante com Gás Princesas garrafa 75 cl,Disney,,"4,45 €","(5,93 € / Litro)",
Ox Nature Maqui Berry Powder Biológico embalagem 70 g,Ox Nature,,"18,49 €","(264,14 € / Kg)",
Ribeira Proteína Natural Peito de Peru lata 160 g,Ribeira,,"3,74 €","(23,38 € / Kg)",
Knorr Molho de Cervejeira 8 Cubos embalagem 72 g,Knorr,,"2,30 €","(31,94 € / Kg)",
Milhafre Leite de Pastagem Magro embalagem 1 L,Milhafre,,"0,99 €","(0,99 € / Litro)",
Jean Louis David Lima de Metal Média embalagem 1 unidade,Jean Louis David,,"2,83 €","(2,83 € / Unidade)",
Donaire Wind Ambientador para Armários e Gavetas embalagem 2 unidades,Donaire Wind,,"3,60 €","(1,80 € / Unidade)",
Margão Coentros em Grão frasco 22 g,Margão,,"2,39 €","(108,64 € / Kg)",
Dez Prá Uma Bolo Mousse de Chocolate até 6 pessoas embalagem 950 g,Dez Prá Uma,,25 €,"(26,32 € / Kg)",
Nobre Chilli com Carne lata 420 g,Nobre,,"3,89 €","(7,02 € / Kg)","3,89 €"
Saitaku Shirataki Noodles sem Glúten embalagem 200 g,Saitaku,,"3,78 €","(18,90 € / Kg)",
El Corte Inglés Molho de Soja frasco 200 ml,El Corte Inglés,,"1,25 €","(6,25 € / Litro)",
Frutaçor Geleia de Maracujá Vermelho frasco 230 g,Frutaçor,,"3,35 €","(14,57 € / Kg)",
Globo Amendoins com Piripiri embalagem 200 g,Globo,,"2,49 €","(12,45 € / Kg)",
Flor das Tecedeiras Vinho Tinto do Douro garrafa 150 cl,Flor das Tecedeiras,,"19,79 €","(13,19 € / Litro)",
Espiga Pimenta Preta Grão frasco 45 g,Espiga,,"3,09 €","(68,67 € / Kg)",
Condi Preparado para Gelatina de Mirtilo embalagem 170 g,Condi,,"1,75 €","(10,29 € / Kg)",
Fita Azul Espumante Woman Doce garrafa 75 cl,Fita Azul,,"6,59 €","(8,79 € / Litro)",
Jean L David Pinça Depilatória embalagem 1 unidade,Jean L David,,"5,09 €","(5,09 € / Unidade)",
Flash Acendalhas embalagem 32 unidades,Flash,,"1,29 €","(0,04 € / Unidade)",
Ausonia Cotton Protection Pensos Higiénicos com Abas 100% Orgânico de Noite embalagem 9 unidades,Ausonia Cotton Protection,,"2,99 €","(0,12 € / Unidade)",
"K2R Tira-Nódoas Branqueador embalagem 1,3 L",K2R,,"4,99 €","(3,84 € / Litro)",
Werther's Original Caramelos com Recheio de Caramelo embalagem 135 g,Werther's Original,,"2,99 €","(22,15 € / Kg)",
Dettol Sabonete Líquido para as Mãos Anti-Bacteriano Hidratante com Aloe Vera embalagem 250 ml,Dettol,,"3,99 €","(15,96 € / Litro)",
Origens Leite de Coco Light Biológico embalagem 400 ml,Origens,,"2,99 €","(7,48 € / Litro)",
Cem Porcento Infusão de Camomila Biológica embalagem 13 g,Cem Porcento,,"0,89 €","(68,46 € / Kg)",
Luxardo Licor Limoncello garrafa 70 cl,Luxardo,,"16,99 €","(24,27 € / Litro)",
Crete Kotsifali Vinho Tinto da Grécia garrafa 75 cl,Crete Kotsifali,,"5,59 €","(7,45 € / Litro)",
Milaneza Espirais embalagem 500 g,Milaneza,,"1,19 €","(2,38 € / Kg)",
Veckia Óleo Corporal de Aloé Vera frasco 400 ml,Veckia,,"2,69 €","(0,67 € / 10 ml.)",
Le Difese Vinho Tinto Regional de Itália Toscana garrafa 75 cl,Le Difese,,"19,90 €","(26,53 € / Litro)",
Oral-B 3D White Luxe Pasta de Dentes Intensivo embalagem 75 ml,Oral-B 3D White Luxe,,"4,49 €","(374,17 € / Litro)",
Diadermine Lift+ Creme Multi-Protector Fluído FP 50+ embalagem 40 ml,Diadermine Lift+,,"17,59 €","(439,75 € / Litro)",
"Frei João Vinho Branco da Bairrada garrafa 37,5 cl",Frei João,,"2,29 €","(6,11 € / Litro)",
Delta Café em Grão Lote Platinum embalagem 500 g,Delta,,"15,99 €","(31,98 € / Kg)",
Mimosa Receita Clássica Iogurte Cremoso de Baunilha Pack 3 embalagem 125 g,Mimosa Receita Clássica,,"2,49 €","(6,64 € / Kg)",
Capri-Sun Refrigerante de Laranja embalagem 20 cl,Capri-Sun,,"0,69 €","(3,45 € / Litro)",
Quinta da Ponte Pedrinha Vinho Branco do Dão garrafa 75 cl,Quinta da Ponte Pedrinha,,"5,19 €","(6,92 € / Litro)",
Milram Creme Fresco de Nata embalagem 250 g,Milram,,"1,45 €","(5,80 € / Kg)",
Búfalo Cera Acrílica para Pavimentos Cerâmicos 500 ml,Búfalo,,"6,25 €","(12,50 € / Litro)",
Not Guilty Bombons de Chocolate Preto com Manteiga de Amendoim 50% embalagem 80 g,Not Guilty,,"1,99 €","(24,88 € / Kg)",
La Costeña Nachos Fritos embalagem 200 g,La Costeña,,"2,99 €","(14,95 € / Kg)",
G'Vine Gin Nouaison garrafa 70 cl,G'Vine,,"44,90 €","(64,14 € / Litro)",
Presunto de Porco Preto Campo ao peso 1 kg,,,"46,99 €/kg",,
Sabores com Tradição Bolos de Gema embalagem 250 g,Sabores com Tradição,,"4,35 €","(17,40 € / Kg)",
El Corte Inglés Bio Sumo de Laranja com Polpa Biológico garrafa 1 L,El Corte Inglés Bio,,"4,15 €","(4,15 € / Litro)",
Kikkoman Molho Poke garrafa 250 ml,Kikkoman,,"4,79 €","(19,16 € / Litro)",
Martiko Sortido de Paté Superior Pack 4 embalagem 140 g,Martiko,,"5,89 €","(42,07 € / Kg)",
Protex Máscara Hidratante Intensa para Pés embalagem 150 ml,Protex,,"6,49 €","(43,27 € / Litro)",
El Corte Inglés Selection Torrão de Alicante embalagem 250 g,El Corte Inglés Selection,,"3,89 €","(15,56 € / Kg)",
Biomit Manteiga de Amêndoa e Cacau com Pedaços de Amêndoa Biológica frasco 230 g,Biomit,,"8,49 €","(36,91 € / Kg)",
Milka Chips Ahoy Chocolate de Leite embalagem 100 g,Milka Chips Ahoy,,"1,69 €","(16,90 € / Kg)",
Lipton Chá Verde com Gengibre Immune Support embalagem 20 unidades,Lipton,,"2,09 €","(0,10 € / Unidade)",
Vidal Gomas Dilpper de Morango embalagem 100 g,Vidal,,"1,05 €","(10,50 € / Kg)",
Prato Pronto Creme de Alho Francês embalagem 400 ml,Prato Pronto,,"1,69 €","(4,22 € / Litro)",
"Yoco Suissinho de Alperce, Maçã e Pera e Morango Pack 6 embalagem 42 g",Yoco,,"2,35 €","(9,33 € / Kg)",
Zerotre Sêmola de Trigo Duro Mezzelune Biológica embalagem 250 g,Zerotre,,"3,99 €","(15,96 € / Kg)",
Caves São João Aguardente Velha Bagaceira garrafa 70 cl,Caves São João,,"19,95 €","(28,50 € / Litro)",
Marbu Mini Cookies com Pepitas de Chocolate 0% Açúcares embalagem 120 g,Marbu,,"2,09 €","(11,25 € / Kg)","2,09 €"
Legado Presunto da Pá Ibérico em Fatias unidade 70 g,Legado,,"4,99 €","(71,29 € / Kg)",
Origens Curgete em Cubos Biológico embalagem 300 g,Origens,,"1,59 €","(5,30 € / Kg)",
Bandida do Pomar Sidra sem Glúten Pack 16 garrafa 25 cl,Bandida do Pomar,,"10,99 €","(2,75 € / Litro)",
Milaneza Estrelinhas embalagem 250 g,Milaneza,,"0,84 €","(3,36 € / Kg)",
Porminho Rodelas de Linguiça Pack 2 embalagem 150 g,Porminho,,"2,29 €","(15,27 € / Kg)",
"Maçarico Azeitonas Verdes Descaroçadas com Azeite, Alho e Louro embalagem 125 g",Maçarico,,"2,25 €",(18 € / Kg),
Magabel Tisana Sene Folhas embalagem 10 unidades,Magabel,,"1,10 €","(0,11 € / Unidade)",
Quinta do Bucheiro Vinho Branco do Douro Malvasia Fina garrafa 75 cl,Quinta do Bucheiro,,"4,85 €","(6,47 € / Litro)",
Nau Mexilhão Ria 1/2 Concha embalagem 227 g,Nau,,"3,59 €","(15,81 € / Kg)",
Panrico Pão de Forma Cerealia 100% Farinha Integral 0% Açúcares Adicionados Vegan sem Lactose embalagem 385 g,Panrico,,"1,69 €","(4,39 € / Kg)",
Old Spice Desodorizante Stick Captain embalagem 50 ml,Old Spice,,"4,49 €","(89,80 € / Litro)",
Gullón Bio Organic Bolachas de Aveia Biológicas sem Lactose embalagem 250 g,Gullón Bio Organic,,"3,29 €","(13,16 € / Kg)",
Nestlé L'Atelier Les Bouchées Bombons de Chocolate Sortido embalagem 186 g,Nestlé L'Atelier Les Bouchées,,"6,36 €","(34,19 € / Kg)",
Corretora Filete de Atum em Azeite Biológico lata 120 g,Corretora,,"2,95 €","(24,58 € / Kg)",
Avianense Caixa Feliz Natal Figuras de Chocolate embalagem 85 g,Avianense,,"2,19 €","(25,76 € / Kg)",
True Gum Pastilhas de Gengibre Biodegradáveis embalagem 21 g,True Gum,,"1,99 €","(94,76 € / Kg)",
Florette Salada Cuidatte Antiox embalagem 100 g,Florette,,"1,99 €","(19,90 € / Kg)",
"Nestlé Kit Kat Snack de Chocolate com Laranja Pack 9 embalagem 20,7 g",Nestlé Kit Kat,,"2,99 €","(16,05 € / Kg)",
Delta Café Solúvel com Chicória lata 250 g,Delta,,"5,49 €","(21,96 € / Kg)",
Dietisa Tisana Barbas de Milho embalagem 50 g,Dietisa,,"1,69 €","(33,80 € / Kg)",
Outeiros Altos Vinho Tinto do Alentejo sem Sulfitos Biológico garrafa 75 cl,Outeiros Altos,,"18,95 €","(25,27 € / Litro)",
Sinha Farinha de Rosca embalagem 500 g,Sinha,,"1,75 €","(3,50 € / Kg)",
Go-Tan Ramen Noodles embalagem 250 g,Go-Tan,,"2,85 €","(11,40 € / Kg)",
Desiam Noodles Pad Thai embalagem 300 g,Desiam,,"6,90 €",(23 € / Kg),
Denim Gold Desodorizante Spray embalagem 150 ml,Denim Gold,,"4,80 €",(32 € / Litro),
Palmolive Sabonete Liquido Milk & Olive embalagem 500 ml,Palmolive,,"4,99 €","(9,98 € / Litro)",
Fribourgeois Queijo Vacherin,Fribourgeois,,"45,69 €/kg",,
Nestlé Nestum Cereais Mel com Cereais Integrais embalagem 250 g,Nestlé Nestum,,"2,49 €","(9,96 € / Kg)",
Museu do Pão Pão de Centeio da Serra da Estrela embalagem 450 g,Museu do Pão,,"1,85 €","(4,11 € / Kg)",
Quinta do Piloto Vinho Tinto de Setúbal Collection Touriga Nacional garrafa 75 cl,Quinta do Piloto,,"8,19 €","(10,92 € / Litro)",
Granforno Gressinos Tradicional embalagem 125 g,Granforno,,"1,45 €","(11,60 € / Kg)",
Disiclin Vinagre de Limpeza Multiusos Spray spray 750 ml,Disiclin,,"1,75 €","(2,33 € / Litro)",
Cabo de Peñas Polvo em Azeite Virgem Extra Biológico embalagem 111 g,Cabo de Peñas,,"5,69 €","(51,26 € / Kg)",
Huggies Toalhitas Pure Care Extra embalagem 168 unidades,Huggies,,"3,98 €","(0,02 € / Unidade)",
Quinta do Avelar Vinho Branco de Bucelas Arinto garrafa 75 cl,Quinta do Avelar,,"12,69 €","(16,92 € / Litro)",
Sedinhas Vinho Tinto do Douro Reserva garrafa 75 cl,Sedinhas,,"7,49 €","(9,99 € / Litro)",
Frionda Filetes de Pescada embalagem 400 g,Frionda,,"3,99 €","(9,98 € / Kg)",
Durex Preservativos Natural embalagem 10 unidades,Durex,,"11,99 €","(1,20 € / Unidade)",
"Iswari Despertar de Buda Açai, Banana e Morango Biológicos embalagem 360 g",Iswari Despertar de Buda,,"9,79 €","(27,19 € / Kg)",
Casas Altas Vinho Tinto da Beira Interior Rufete garrafa 75 cl,Casas Altas,,"12,90 €","(17,20 € / Litro)",
Izidoro 5 Salsichas de Aves Teor de Sal Reduzido sem Glúten frasco 220 g,Izidoro,,"3,32 €","(15,09 € / Kg)",
Malhadinha Vinho Branco do Alentejo garrafa 75 cl,Malhadinha,,"25,90 €","(34,53 € / Litro)",
Ojo de Tigre Mezcal Artesanal garrafa 70 cl,Ojo de Tigre,,"37,50 €","(53,57 € / Litro)",
Peito de Frango Biológico embalagem 300 g,,,"6,99 €","(23,30 € / Kg)",
Renova Gold Guardanapos Verde embalagem 30 unidades,Renova Gold,,"1,99 €","(0,07 € / Unidade)",
Pringles Aperitivos de Batatas Passaport Cheeseburguer embalagem 185 g,Pringles,,"2,65 €","(14,32 € / Kg)",
"Gullón Tortitas de Arroz Vitalday Cobertas com Chocolate Preto e Framboesa Pack 4 embalagem 122,4 g",Gullón,,"2,55 €","(20,90 € / Kg)",
Oliveira da Serra Azeite Virgem Extra Gourmet garrafa 500 ml,Oliveira da Serra,,"6,69 €","(13,38 € / Litro)",
Sanchez Alcaraz Lombo Curado Reserva em Fatias sem Glúten embalagem 100 g,Sanchez Alcaraz,,"3,19 €","(31,90 € / Kg)",
Pacari Chocolate Negro com Hierbaluisa Vegan embalagem 50 g,Pacari,,"3,09 €","(61,80 € / Kg)",
Glamour Ganchos para Cabelo embalagem 6 unidades,Glamour,,"3,49 €","(0,58 € / Unidade)",
Pitéu Lulas Recheadas lata 120 g,Pitéu,,"2,99 €","(24,92 € / Kg)",
Antonio Banderas Power of Seduction Colónia Masculina embalagem 100 ml,Antonio Banderas Power of Seduction,,"26,79 €","(267,90 € / Litro)",
Ambi Pur Ambientador Eléctrico Difusor e Recarga Campos de Lavanda embalagem 20 ml,Ambi Pur,,"7,49 €","(374,50 € / Litro)",
Cartuxa Vinho Branco do Alentejo garrafa 75 cl,Cartuxa,,"17,99 €","(23,99 € / Litro)",
Manga Palmer Maturada Peso aproximado por unidade 460 g,,,"4,49 €/kg",,
Lago Maggiore Queijo Mozzarella embalagem 100 g,Lago Maggiore,,"1,49 €","(14,90 € / Kg)",
King C. Gillette Conjunto com Gel de Barbear + Gel de Lavagem para Barba + Máquina Descartável + 5 Lâminas embalagem,King C. Gillette,,"34,99 €","(34,99 € / Unidade)",
Maçarico Pasta de Azeitona Galega frasco 100 g,Maçarico,,"2,29 €","(22,90 € / Kg)",
"Bolo de Noz com Fios de Ovos unidade 1,5 kg",,,"19,70 €","(13,13 € / Kg)",
Frutidry Figos Recheados com Noz embalagem 250 g,Frutidry,,"5,49 €","(21,96 € / Kg)",
Alpro Ananás e Maracujá sem Açúcar embalagem 400 g,Alpro,,"2,99 €","(5,98 € / Kg)","2,99 €"
São Jorge Queijo Regional DOP 4 Meses de Cura,São Jorge,,"13,99 €/kg",,
Juvamine Cellislim Infusão Adelgaçante Detox embalagem 20 unidades,Juvamine Cellislim,,"4,45 €","(0,22 € / Unidade)",
Garnier Olia Coloração Permanente 1.10 Preto Safira embalagem 1 unidade,Garnier Olia,,"11,99 €","(11,99 € / Unidade)",
Nau Tentáculos de Polvo Cozido embalagem 227 g,Nau,,"13,79 €","(60,75 € / Kg)",
Porta da Ravessa Vinho Branco do Alentejo Reserva DOC garrafa 75 cl,Porta da Ravessa,,"5,99 €","(7,99 € / Litro)",
Seeberger Miolo de Avelã embalagem 125 g,Seeberger,,"3,39 €","(27,12 € / Kg)",
Kellogg's Cereais Extra Bio embalagem 375 g,Kellogg's,,"4,99 €","(13,31 € / Kg)",
Coslys Gel de Banho para Pele Sensível de Figo Biológico embalagem 1 L,Coslys,,"17,50 €","(17,50 € / Litro)",
Mainova Azeite Virgem Extra Clássico garrafa 500 ml,Mainova,,"7,35 €","(14,70 € / Litro)",
Ahmad Tea Chá Preto English Breakfast embalagem 20 unidades,Ahmad Tea,,"3,24 €","(0,16 € / Unidade)",
Shakira Colónia Feminina Dance Midnight embalagem 50 ml,Shakira,,"16,49 €","(329,80 € / Litro)",
Cem Porcento Barrita de Maçã embalagem 44 g,Cem Porcento,,"1,59 €","(36,14 € / Kg)",
"Labello Protector Labial de Baunilha embalagem 5,5 ml",Labello,,"3,49 €","(634,55 € / Litro)",
Cem Porcento Aveia Instantânea Express sabor Morango embalagem 400 g,Cem Porcento,,"3,99 €","(9,98 € / Kg)",
Maybelline Color Sensational Batom Nº 382 Red For Me embalagem 1 unidade,Maybelline Color Sensational,,"11,99 €","(11,99 € / Unidade)",
Quinta D' Avó Piri-Piri Turbo frasco 95 ml,Quinta D' Avó,,"1,75 €","(18,42 € / Litro)",
Villar Presunto sem Osso Baixo em Sal,Villar,,"25,95 €/kg",,
Paté du Chef Mini Patés Sortidos embalagem 150 g,Paté du Chef,,"3,79 €","(25,27 € / Kg)",
Eat Real Snack Hummus Vegan com Sabor a Chilli e Limão embalagem 135 g,Eat Real,,"2,65 €","(19,63 € / Kg)",
Popz Pipocas para Microondas com Sabor a Manteiga Pack 3 embalagem 90 g,Popz,,"2,99 €","(33,22 € / Kg)",
Ti Piedade Pão de Ló de Café embalagem 500 g,Ti Piedade,,"11,90 €","(23,80 € / Kg)",
Presa de Porco Ibérico embalagem 1 kg,,,"24,95 €/kg",,
Antonio Banderas The Icon Colónia Masculina embalagem 100 ml,Antonio Banderas The Icon,,"26,79 €","(267,90 € / Litro)",
"El Corte Inglés Iogurte Líquido Desnatado Lima-Limão 0,0% Açúcares Adicionados embalagem 1 L",El Corte Inglés,,"1,39 €","(1,11 € / Kg)","1,39 €"
Lusiaves Bifes de Peru Corte Extrafino Peso Aproximado por cuvete 500 g,Lusiaves,,"4,50 €","(8,99 € / Kg)",
Salutem Farinha de Arroz embalagem 500 g,Salutem,,"1,59 €","(3,18 € / Kg)",
Gullón Zero Barritas de Aveia e Laranja sem Açúcares Adicionados Pack 6 embalagem 144 g,Gullón Zero,,"3,15 €","(21,88 € / Kg)",
Lindt Bombom Branco Lindor embalagem 3 kg,Lindt,,111 €,(37 € / Kg),
El Corte Inglés Torrão de Praliné Preto e Branco embalagem 200 g,El Corte Inglés,,"2,39 €","(11,95 € / Kg)",
Tassimo Café Toffee Nut Latte embalagem 16 cápsulas,Tassimo,,"5,39 €","(0,34 € / Unidade)",
Primeira Folha Mizuna Germinada embalagem 30 g,Primeira Folha,,"2,99 €","(99,67 € / Kg)",
Nestlé Nesquik Cereais de Chocolate embalagem 300 g,Nestlé Nesquik,,"2,29 €","(7,63 € / Kg)",
Gullón Bolachas com Pepitas de Chocolate Chip Choco Vegetariano sem Adição de Açúcar e sem Glúten embalagem 130 g,Gullón,,"3,19 €","(24,54 € / Kg)",
Joselito Presunto de Bolota,Joselito,,"299,00 €/kg",,
Gelpeixe Filetes de Tamboril embalagem 250 g,Gelpeixe,,"5,79 €","(23,16 € / Kg)",
"Borrego Inteiro Metades Peso da Embalagem Aproximado 1,8 kg",,,"9,95 €/kg",,
El Corte Inglés Selection Sortido de Natal embalagem 700 g,El Corte Inglés Selection,,"5,49 €","(7,84 € / Kg)",
Reyes Varón Mini Blinis 30 Unidades unidade 135 g,Reyes Varón,,"3,89 €","(28,81 € / Kg)",
Listerine Elixir Advanced White 500+250 embalagem 500 ml,Listerine,,"6,49 €","(12,98 € / Litro)",
Schweppes Água Tónica garrafa 25 cl,Schweppes,,"0,85 €","(3,40 € / Litro)",
English Tea Shop Chás Variados Teas For Busy Bees Biológico embalagem 20 unidades,English Tea Shop,,"4,99 €","(0,25 € / Unidade)",
Tanqueray Gin garrafa 70 cl,Tanqueray,,"24,49 €","(34,99 € / Litro)",
Dessange Elásticos Design embalagem 2 unidades,Dessange,,"3,29 €","(1,64 € / Unidade)",
Glade Vela Ambientador Apple Cosy Cider embalagem 129 g,Glade,,"5,99 €","(46,43 € / Kg)",
Conde de Vimioso Vinho do Tejo Tinto garrafa 75 cl,Conde de Vimioso,,"4,90 €","(6,53 € / Litro)",
Delicatalia Barra de Quinoa e Mirtilo Biológica embalagem 40 g,Delicatalia,,"1,75 €","(43,75 € / Kg)",
Valor Chocolate de Leite com Amêndoas Mediterrâneas Inteiras sem Glúten embalagem 250 g,Valor,,"3,79 €","(15,16 € / Kg)",
Natural & Easy Coloração Permanente Nutritiva Nº 542 Louro embalagem 1 unidade,Natural & Easy,,"8,99 €","(8,99 € / Unidade)",
La Mole Pancrek Crackers com Rosmaninho embalagem 250 g,La Mole Pancrek,,"2,69 €","(10,76 € / Kg)",
Joselito Lombo Ibérico de Bolota Peso Aproximado por unidade 500 g,Joselito,,"52,88 €","(105,75 € / Kg)",
Espiga Funcho Semente frasco 30 g,Espiga,,"1,15 €","(38,33 € / Kg)",
Don Simon Sumo de Tomate embalagem 1 L,Don Simon,,"0,99 €","(0,99 € / Litro)",
Fharmonat Chá Biolimão Gold com Sabor a Ananás embalagem 20 unidades,Fharmonat,,"10,65 €","(0,53 € / Unidade)",
Gillette Venus Máquina Depilatória embalagem 1 unidade,Gillette Venus,,"9,49 €","(9,49 € / Unidade)",
Heinz Maionese Trufada Top Down embalagem 220 ml,Heinz,,"2,79 €","(12,68 € / Kg)",
Vasco da Gama Sardinhas Portuguesas em Tomate Picante lata 120 g,Vasco da Gama,,"1,19 €","(9,92 € / Kg)",
Toque Especial Especiarias Índia embalagem 48 g,Toque Especial,,"3,49 €","(72,71 € / Kg)",
5 Jotas Lombo Ibérico Bolota Pata Negra 1/2 Peça embalagem 400 g,5 Jotas,,"44,99 €","(112,48 € / Kg)",
Parodontax Pasta de Dentes Cuidado Branqueador embalagem 75 ml,Parodontax,,"5,59 €","(74,53 € / Litro)",
El Corte Inglés Amaciador para a Roupa Flor Oriental Concentrado embalagem 30 doses,El Corte Inglés,,"1,95 €","(0,06 € / Dose)",
Fructis Anti Caspa Champô para Cabelos Normais embalagem 400 ml,Fructis Anti Caspa,,"5,99 €","(14,98 € / Litro)",
Nestlé Fitness Cereais de Aveia Integral com Chocolate embalagem 375 g,Nestlé Fitness,,"3,99 €","(10,64 € / Kg)",
Cerveja Original Edição Especial garrafa 33 cl,,,"1,19 €","(3,61 € / Litro)",
Jordans Granola Super Berry embalagem 550 g,Jordans,,"9,25 €","(16,82 € / Kg)",
Neoblanc Detergente Desengordurante para Cozinha spray 750 ml,Neoblanc,,"3,99 €","(5,32 € / Litro)",
Efiseptyl Porta Fio Dental com Sabor a Menta embalagem 30 unidades,Efiseptyl,,"6,15 €","(0,21 € / Unidade)",
Glade Ambientador Vela Aromaterapia Pure Happiness embalagem 260 g,Glade,,"11,99 €","(46,12 € / Kg)",
Excellence Creme Coloração Nº 6.46 Louro Escuro Acobreado Vermelho embalagem 1 unidade,Excellence Creme,,"11,99 €","(11,99 € / Unidade)",
Quinta do Poço do Lobo Vinho Branco da Bairrada Reserva garrafa 75 cl,Quinta do Poço do Lobo,,"19,90 €","(26,53 € / Litro)",
L'Arbre Vert Detergente para Máquina de Roupa Amêndoa Doce embalagem 33 doses,L'Arbre Vert,,"10,99 €","(0,33 € / Dose)",
Special Line El Corte Inglés Flor de Tília embalagem 30 g,Special Line El Corte Inglés,,"1,69 €","(56,33 € / Kg)",
Peccato Gelado de Amêndoa e Caramelo embalagem 500 ml,Peccato,,"5,99 €","(11,98 € / Litro)",
"Trina Refrigerante de Laranja sem Gás garrafa 1,5 L",Trina,,"2,15 €","(1,43 € / Litro)",
"Innocent Super Smoothie Antioxidante de Kiwi, Pepino, Maçã, Chá Matcha, Sementes de Linhaça garrafa 300 ml",Innocent,,"2,29 €","(7,63 € / Litro)",
Nobre Vegalia Nuggets Vegan embalagem 160 g,Nobre Vegalia,,"4,39 €","(27,44 € / Kg)",
Freixenet Espumante Cava Cordon Negro Brut Reserva garrafa 75 cl,Freixenet,,"7,49 €","(9,99 € / Litro)",
Alcurnia Pêssego em Calda Metades Extra Pack 3 embalagem 345 g,Alcurnia,,"3,99 €","(11,57 € / Kg)",
Bushmills Malt Whisky Irlandês 10 Anos garrafa 70 cl,Bushmills Malt,,"39,50 €","(56,43 € / Litro)",
Vileda Esfregona Microfibras Super Recarga embalagem 1 unidade,Vileda,,"4,99 €","(4,99 € / Unidade)",
Lindahls Iogurte Sólido Proteíco Natural embalagem 150 g,Lindahls,,"1,19 €","(7,93 € / Kg)",
Gullón Bio Organic Bolachas Maria Integral Vegetarianas Biológicas embalagem 400 g,Gullón Bio Organic,,"3,49 €","(8,72 € / Kg)",
Le Pain des Fleurs Tostas com Cebola Biológico embalagem 150 g,Le Pain des Fleurs,,"4,45 €","(29,67 € / Kg)",
Vicentino Vinho Branco do Alentejo Reserva garrafa 75 cl,Vicentino,,"17,45 €","(23,27 € / Litro)",
"Barão do Hospital Vinho Verde Alvarinho Magnum garrafa 1,5 L",Barão do Hospital,,"32,50 €","(21,67 € / Litro)",
Mentos Rebuçados de Frutas embalagem 38 g,Mentos,,"0,85 €","(22,37 € / Kg)",
Herbal Essences Bio-Renew Óleo para o Cabelo Aloe Vera e Cânhamo Anti-Frizz embalagem 100 ml,Herbal Essences Bio-Renew,,"4,99 €",(3.740 € / Litro),"4,99 €"
Kaiku Caffé Latte Capuccino embalagem 230 ml,Kaiku,,"1,69 €","(7,35 € / Litro)",
Campofrio Chouriço Grand Doblon em Fatias sem Glúten 60,Campofrio,,"1,89 €","(23,62 € / Kg)",
Chouffe Cerveja Ipa Tripel garrafa 33 cl,Chouffe,,"5,29 €","(16,03 € / Litro)",
Quinta das Cerejeiras Vinho Rosé Regional de Lisboa garrafa 75 cl,Quinta das Cerejeiras,,"19,95 €","(0,27 € / Litro)",
El Corte Inglés Queijo Curado de Ovelha em Fatias embalagem 240 g,El Corte Inglés,,"4,69 €","(19,54 € / Kg)",
Búfalo Creme com Aplicador para Calçado Branco embalagem 50 ml,Búfalo,,"2,39 €","(4,78 € / 10 ml.)",
Luzia Sabonete Líquido para as Mãos de Maçã Verde Recarga embalagem 500 ml,Luzia,,"0,99 €","(1,98 € / Litro)",
Bahlsen Bolachas Originais Zoo Leibniz embalagem 125 g,Bahlsen,,"1,89 €","(12,72 € / Kg)","1,89 €"
M&M'S Bolachas de Chocolate com Pepitas embalagem 180 g,M&M'S,,"3,09 €","(17,17 € / Kg)",
Guloso Molho para Francesinha frasco 500 g,Guloso,,"4,19 €","(8,38 € / Kg)",
Lua Nova Vinho Tinto do Douro Vinhas Velhas Reserva garrafa 75 cl,Lua Nova,,"9,69 €","(12,92 € / Litro)",
Lebanon Gardens Preparado para Falafel embalagem 200 g,Lebanon Gardens,,"3,25 €","(16,25 € / Kg)",
Carlsberg Cerveja da Dinamarca Pack 12 em Balde de Gelo garrafa 25 cl,Carlsberg,,"18,50 €","(6,17 € / Litro)",
Swiffer Mopa Agarra o Pó embalagem 20 unidades,Swiffer,,"4,79 €","(0,24 € / Unidade)",
Nau do Cacau Chocolate Preto São Tomé e Príncipe com Café da Colômbia 67% Cacau Biológico embalagem 80 g,Nau do Cacau,,"5,29 €","(66,12 € / Kg)",
Acorelle Protector Solar Capilar Biológico embalagem 50 ml,Acorelle,,"18,95 €",(379 € / Litro),
Dodot Activity Fraldas 13+ kg Tamanho 6 embalagem 46 unidades,Dodot Activity,,"15,74 €","(0,34 € / Unidade)",
Estrella Galicia 1906 Cerveja de Espanha Black Coupage garrafa 33 cl,Estrella Galicia 1906,,"1,29 €","(3,91 € / Litro)",
"Drink6 Sumo Detox de Aveia, Ananás e Morango embalagem 230 ml",Drink6,,"2,50 €","(10,87 € / Litro)",
Delta Café Moído 100% Arábica Drip Coffee embalagem 5 unidades,Delta,,"2,05 €","(45,56 € / Kg)",
Kinder Cards Bolachas Recheadas com Leite e Chocolate Pack 5 embalagem 131 g,Kinder Cards,,"2,49 €","(19,01 € / Kg)",
Moinho Velho Vinho Verde Branco garrafa 75 cl,Moinho Velho,,"2,99 €","(3,99 € / Litro)",
Delverde Spaghetti Nido embalagem 250 g,Delverde,,"1,89 €","(7,56 € / Kg)",
Salutem Barrita Crocante de Sésamo e Chia sem Glúten embalagem 40 g,Salutem,,"0,89 €","(22,25 € / Kg)",
El Corte Inglés Detergente Liquido para Máquina de Roupa Aloe Vera embalagem 46 doses,El Corte Inglés,,"5,29 €","(1,76 € / Litro)",
Romeira Vinho Tinto Regional de Lisboa Reserva garrafa 75 cl,Romeira,,"3,99 €","(5,32 € / Litro)",
+ Cru Mix + Saúde Cru Biológico embalagem 150 g,+ Cru,,"5,35 €","(35,67 € / Kg)",
Cem Porcento Bolachas de Alfarroba Nutríssimas embalagem 50 g,Cem Porcento,,"0,85 €",(17 € / Kg),
Rafeiro Vinho Tinto do Alentejo garrafa 75 cl,Rafeiro,,"6,99 €","(9,32 € / Litro)",
Bio Greno Trigo Sarraceno Biológico embalagem 500 g,Bio Greno,,"5,49 €","(10,98 € / Kg)",
Beyra Vinho Branco da Beira Interior Riesling garrafa 75 cl,Beyra,,11 €,"(14,67 € / Litro)",
Chicco Fraldas Ultra Fit&Dry T5 embalagem 34 unidades,Chicco,,"16,99 €","(0,50 € / Unidade)",
L'Oréal Elvive Máscara Dream Long Curl Caracóis 3 em 1 embalagem 680 ml,L'Oréal,,"13,99 €","(20,57 € / Litro)",
Nivea Creme de Mãos Q10 3 em 1 Anti-Idade embalagem 75 ml,Nivea,,"3,99 €","(39,87 € / Litro)","3,99 €"
Sanchez Alcaraz Presunto Ibérico em Fatias sem Lactose sem Glúten embalagem 100 g,Sanchez Alcaraz,,"6,39 €","(63,90 € / Kg)",
Dalva Vinho do Porto Branco 20 Anos Dry garrafa 75 cl,Dalva,,"41,90 €","(55,87 € / Litro)",
Fornos de Algodres Queijo Amanteigado de Ovelha Pastor unidade 500 g,Fornos de Algodres,,"12,95 €","(21,98 € / Kg)","12,95 €"
Maybelline Super Stay 30H Base Líquida Nº 22 Light Bisque embalagem 1 unidade,Maybelline Super Stay 30H,,"13,99 €","(13,99 € / Unidade)",
El Corte Inglés Presunto Curado Grande Reserva em Fatias Finas embalagem 120 g,El Corte Inglés,,"3,30 €","(27,50 € / Kg)",
Bettery Barra Plant Based Zero Bar Chocolate e Framboesa embalagem 55 g,Bettery,,"1,90 €","(34,55 € / Kg)",
El Corte Inglés Selection Café em Grão de Torrefação Natural Etiopia Sidama embalagem 125 g,El Corte Inglés Selection,,"2,49 €","(19,92 € / Kg)",
Guilherme Queijo de Cabra Curado Atabafado Metade embalagem 300 g,Guilherme,,"8,89 €","(29,63 € / Kg)",
Bauducco Tostas Integral embalagem 284 g,Bauducco,,"2,09 €","(7,36 € / Kg)",
Barbeito Vinho da Madeira Rainwater 5 Anos Meio Seco garrafa 75 cl,Barbeito,,"12,49 €","(16,65 € / Litro)",
Dove Invisible Care Desodorizante Spray embalagem 150 ml,Dove Invisible Care,,"2,79 €","(18,60 € / Litro)",
Cif Antibacteriano Verde 750 ml,Cif,,"4,99 €","(6,65 € / Litro)",
El Corte Inglés Iogurte Natural Pack 8 embalagem 125 g,El Corte Inglés,,"1,69 €","(1,69 € / Kg)",
Frize Água com Gás com Sabor a Limão Pack 4 garrafa 25 cl,Frize,,"2,79 €","(11,16 € / Litro)",
Vieira Circus Bolachas de Mel embalagem 300 g,Vieira Circus,,"2,65 €","(8,83 € / Kg)",
Mery Esfregona Microfibras Recarga 1 unidade,Mery,,"7,59 €","(7,59 € / Unidade)",
El Corte Inglés Queijo Edam em Fatias embalagem 200 g,El Corte Inglés,,"1,79 €","(8,95 € / Kg)",
Nairn's Bolachas de Aveia com Pepitas de Coco e Chia embalagem 200 g,Nairn's,,"2,19 €","(10,95 € / Kg)",
Nivea Cellular Sérum Tratamento Avançado Luminous Anti-Manchas embalagem 30 ml,Nivea Cellular,,"26,99 €","(899,67 € / Litro)",
Tenorio Filetes de Atum em Azeite Biológico lata 120 g,Tenorio,,"2,89 €","(24,08 € / Kg)",
"El Corte Inglés Amêndoas ""Largueta"" Torradas e Salgadas sem Glúten embalagem 150 g",El Corte Inglés,,"2,89 €","(19,27 € / Kg)",
Galbani Queijo Ralado Parmigiano Reggiano embalagem 60 g,Galbani,,"2,25 €","(37,50 € / Kg)",
Hellmann's Maionese Top Down embalagem 412 g,Hellmann's,,"4,39 €","(10,66 € / Kg)",
Babaria Rosa Mosqueta Serum Facial embalagem 50 ml,Babaria Rosa Mosqueta,,"10,05 €",(201 € / Litro),
Vidal Gomas de Morango Recheadas embalagem 100 g,Vidal,,"1,39 €","(13,90 € / Kg)",
Caçarola Massa Espirais com Vegetais embalagem 500 g,Caçarola,,"1,59 €","(3,18 € / Kg)",
Vileda Mopa Casa de Banho Recarga embalagem 1 unidade,Vileda,,"6,49 €","(6,49 € / Unidade)",
Travesso Vinho Tinto do Douro garrafa 75 cl,Travesso,,"5,29 €","(7,05 € / Litro)",
Avó Filó Baba de Camelo Pack 2 embalagem 80 g,Avó Filó,,"2,99 €","(18,69 € / Kg)",
Tang Concentrado em Pó de Morango embalagem 30 g,Tang,,"0,79 €","(26,33 € / Kg)",
"Danone Puro Iogurte Aroma a Morango, Banana e Tutti-Frutti Pack 8 embalagem 120 g",Danone Puro,,"1,99 €","(2,07 € / Kg)",
Herdade de Gâmbia Vinho Branco de Setúbal garrafa 75 cl,Herdade de Gâmbia,,"4,90 €","(6,53 € / Litro)",
Naturefoods Polpa de Maçã e Pera Biológica embalagem 100 g,Naturefoods,,"0,99 €","(9,90 € / Kg)",
Soofty Água com Gás sabor Cereja garrafa 33 cl,Soofty,,"1,60 €","(4,85 € / Litro)",
Spontex Cabo Anatómico para Esfregona Recarga 1 unidade,Spontex,,"3,85 €","(3,85 € / Unidade)",
Président Natas para Culinária Magra embalagem 25 cl,Président,,"1,79 €","(7,16 € / Litro)",
Ferbar Pickles Cocktail em Vinagre frasco 345 g,Ferbar,,"2,49 €","(7,22 € / Kg)",
+ Cru Pinhão Cru Biológico embalagem 125 g,+ Cru,,"16,15 €","(129,20 € / Kg)",
Rians Creme Brûlée de Baunilha Pack 2 embalagem 100 g,Rians,,"3,89 €","(17,45 € / Kg)","3,89 €"
Paciência Vinho Tinto do Tejo garrafa 75 cl,Paciência,,"7,99 €","(10,65 € / Litro)",
Bjorg Bolachas Recheadas com Framboesa Biológico embalagem 175 g,Bjorg,,"3,69 €","(21,09 € / Kg)",
"Coren Del Valle Frango Inteiro Biológico Peso Aproximado por cuvete 1,4 kg",Coren Del Valle,,"16,09 €","(11,49 € / Kg)",
Avó Filó Mousse de Chocolate Pack 2 embalagem 80 g,Avó Filó,,"2,99 €","(18,69 € / Kg)",
Theramed 2 em 1 Dentífrico com Elixir Menta Fresca embalagem 75 ml,Theramed 2 em 1,,"3,39 €","(45,20 € / Litro)",
Regina Chocolate Extra Preto 70% embalagem 100 g,Regina,,"1,95 €","(19,50 € / Kg)",
Infinitude Vinho Tinto de Lisboa Blend garrafa 75 cl,Infinitude,,"14,50 €","(0,19 € / Litro)",
Cristal Vinagre de Vinho Tinto garrafa 500 ml,Cristal,,"1,59 €","(3,18 € / Litro)",
Ach Brito Sabonete de Coco para Malhas e Sedas embalagem 120 g,Ach Brito,,"2,69 €","(22,42 € / Kg)",
Gorila Go Fresh Pastilhas Spearmint sem Açúcar embalagem 20 g,Gorila Go Fresh,,"0,95 €","(47,50 € / Kg)",
El Corte Inglés Selection Feijão Catarino de Castilla e León embalagem 1 kg,El Corte Inglés Selection,,"4,75 €","(4,75 € / Kg)",
Costeleta de Cachaço de Porco Peso Aproximado 350 g,,,"4,89 €/kg",,
El Corte Inglés Esfregona Microfibra Recarga embalagem 1 unidade,El Corte Inglés,,"1,09 €","(1,09 € / Unidade)",
Candycat Bombons de Chocolate com Recheio de Menta embalagem 150 g,Candycat,,"3,20 €","(21,33 € / Kg)",
Freixenet Espumante + 2 Flutes pack 2 75 cl,Freixenet,,"15,99 €","(10,66 € / Litro)",
Quinta do Bucheiro Vinho do Porto Vintage garrafa 75 cl,Quinta do Bucheiro,,"32,50 €","(43,33 € / Litro)",
Sorini Bombons de Chocolate de Leite com Creme de Avelãs e Cereais Casa de Natal embalagem 150 g,Sorini,,"8,99 €","(59,93 € / Kg)",
El Corte Inglés Miolo de Camarão Gigante 35/40 Peças embalagem 400 g,El Corte Inglés,,"8,99 €","(22,48 € / Kg)",
Glamour Elásticos para Cabelo sem Metal Mix de Cores embalagem 14 unidades,Glamour,,"3,49 €","(0,25 € / Unidade)",
Globo Bagas de Goji embalagem 90 g,Globo,,"3,39 €","(37,67 € / Kg)",
Vaqueiro Creme Vegetal 31% embalagem 1 L,Vaqueiro,,"4,99 €","(4,99 € / Litro)",
Isostar Fitness Bebida Isotónica garrafa 50 cl,Isostar Fitness,,"1,71 €","(3,42 € / Litro)",
Pagesa Montovanes Integral embalagem 250 g,Pagesa,,"2,99 €","(11,96 € / Kg)",
El Corte Inglés Miolo de Camarão Panado embalagem 280 g,El Corte Inglés,,"3,29 €","(11,75 € / Kg)",
Cachopas Queijo Fresco de Vaca e Cabra unidade 370 g,Cachopas,,"3,09 €","(8,35 € / Kg)",
Haagen-Dazs Gelado de Chocolate e Amêndoas Pack 3 embalagem 80 ml,Haagen-Dazs,,"4,69 €","(19,54 € / Litro)",
El Corte Inglés Selection Tomate Frito pack 1200 g,El Corte Inglés Selection,,"2,99 €","(2,49 € / Kg)",
Schnitzer Baguette Clássica de Milho sem Glúten Biológica Pack 2 embalagem 180 g,Schnitzer,,"5,55 €","(30,83 € / Kg)",
Beterraba Peso Aproximado por 950 g,,,"2,59 €/kg",,
Fruut Palitos de Maçã Crocante embalagem 75 g,Fruut,,"2,25 €",(30 € / Kg),
El Corte Inglés Selection Iogurte Grego embalagem 500 g,El Corte Inglés Selection,,"2,69 €","(5,38 € / Kg)",
Lacrau Vinho Branco do Douro Moscatel Galego garrafa 75 cl,Lacrau,,"8,99 €","(11,99 € / Litro)",
La Costeña Molho de Chilli Habanero Verde garrafa 150 g,La Costeña,,"2,19 €","(14,60 € / Kg)",
Jose Cuervo Tequila Reposado garrafa 70 cl,Jose Cuervo,,"19,99 €","(28,56 € / Litro)",
Green Vie Bloco Vintage com Sabor Cheddar Vegan sem Lactose e sem Glúten embalagem 200 g,Green Vie,,"3,55 €","(17,75 € / Kg)",
Virgo Vinho Rosé do Alentejo garrafa 75 cl,Virgo,,"9,99 €","(13,32 € / Litro)",
Baileys Licor Irish Cream garrafa 70 cl,Baileys,,"19,49 €","(27,84 € / Litro)",
Gullón Bolachas Mega Duo com Recheio de Chocolate embalagem 500 g,Gullón,,"2,85 €","(5,70 € / Kg)",
El Corte Inglés Selection Cabeças de Espargos Grossos lata 135 g,El Corte Inglés Selection,,"5,50 €","(40,74 € / Kg)",
Pacheca Vinho Tinto do Douro Grande Reserva garrafa 75 cl,Pacheca,,"25,75 €","(34,33 € / Litro)",
Viñas Altas Vinho Branco de Espanha Toro garrafa 75 cl,Viñas Altas,,"3,49 €","(4,65 € / Litro)",
Próvida Bolinhas de Milho com Mel Biológicas embalagem 150 g,Próvida,,"1,79 €","(11,93 € / Kg)",
Sonasol Detergente Líquido para o Chão Aloe Vera e Flores Brancas embalagem 1300 ml,Sonasol,,"1,94 €","(1,49 € / Litro)",
El Corte Inglés 6 Sandwich de Baunilha e Chocolate embalagem 600 ml,El Corte Inglés,,"2,49 €","(4,15 € / Litro)",
Aga Óleo de Amêndoas Doces embalagem 60 ml,Aga,,"1,45 €","(24,17 € / Litro)",
H&S Shampoo Nutre & Cuida embalagem 300 ml,H&S,,"4,49 €","(14,97 € / Litro)",
Montanegra Presunto Ibérico Bolota Fatiado à Mão embalagem 100 g,Montanegra,,"15,95 €","(159,50 € / Kg)",
Celeiro da Terra Biscoitos Caseiros embalagem 300 g,Celeiro da Terra,,"3,59 €","(11,97 € / Kg)",
Pescanova 4 Filetes de Pescada Panados Tipo Caseiro sem Glúten embalagem 320 g,Pescanova,,"4,59 €","(11,47 € / Kg)","4,59 €"
Edulcor Adoçante em Pó Ideal para Bolos frasco 75 g,Edulcor,,"1,79 €","(23,87 € / Kg)",
Vimeiro Água Mineral Natural garrafa 50 cl,Vimeiro,,"0,51 €","(1,02 € / Litro)",
Demak Up Toalhitas Desmaquilhantes para Peles Sensíveis embalagem 20 unidades,Demak Up,,"2,59 €","(0,13 € / Unidade)",
Portugal Bugs Chocolate Negro com Tenebrio e 70% Cacau Choconebrio embalagem 30 g,Portugal Bugs,,"1,55 €","(51,67 € / Kg)",
Margão Pau de Canela embalagem 30 g,Margão,,"2,99 €","(99,67 € / Kg)",
Millan Vicente Queijo Emmental 100% Natural  em Fatias Biológico embalagem 125 g,Millan Vicente,,"2,49 €","(19,92 € / Kg)",
Fiel Mini Legumes Mistos cuvete 200 g,Fiel,,"5,95 €","(29,75 € / Kg)",
Mumm Champanhe Cordon Rouge garrafa 75 cl,Mumm,,"49,99 €","(66,65 € / Litro)",
Quinta da Lagoalva de Cima Vinho Branco do Tejo Arinto/Chardonnay garrafa 75 cl,Quinta da Lagoalva de Cima,,"9,99 €","(13,32 € / Litro)",
Sanex Dermo Invisible Desodorizante Roll-On embalagem 45 ml,Sanex Dermo Invisible,,"3,49 €","(69,80 € / Litro)",
Knorr Tortellini de Carne embalagem 250 g,Knorr,,"3,69 €","(14,76 € / Kg)",
Alpro Bebida de Amêndoa 100% Vegetal embalagem 1 L,Alpro,,"2,39 €","(2,39 € / Litro)",
Maybelline Corretor SS30H 30 embalagem 1 unidade,Maybelline,,"9,99 €","(9,99 € / Unidade)",
Palmolive Wellness Gel de Banho Balance Extrato de Sementes de Hemp embalagem 500 ml,Palmolive Wellness,,"4,99 €","(9,98 € / Litro)",
Pão com Leitão embalagem 1 unidade,,,"1,99 €","(1,99 € / Unidade)",
El Corte Inglés Pãezinhos 4 Unidades embalagem 200 g,El Corte Inglés,,"1,09 €","(5,45 € / Kg)",
Quinta dos Açores Gelado de Chocolate embalagem 2000 ml,Quinta dos Açores,,"15,49 €","(7,74 € / Litro)",
Ulric de Varens Colónia Feminina Mini Pink embalagem 25 ml,Ulric de Varens,,"9,49 €","(379,60 € / Litro)",
Ribeira Proteína Natural Atum Claro lata 160 g,Ribeira,,"2,99 €","(18,69 € / Kg)",
Colgate Triple Action Elixir Menta Fresca embalagem 500 ml,Colgate Triple Action,,"4,99 €","(9,98 € / Litro)",
Gillette Fusion Bolsa com Máquina + Gel de Barbear e Recarga embalagem 1 unidade,Gillette Fusion,,"25,99 €","(12,99 € / Unidade)","25,99 €"
Pantene Cuidado Clássico Champô e Amaciador 3 em 1 para Cabelo Normal e Misto embalagem 300 ml,Pantene Cuidado Clássico,,"4,99 €","(12,47 € / Litro)","4,99 €"
Poveira Atum Posta em Óleo lata 120 g,Poveira,,"1,89 €","(15,75 € / Kg)",
Vileda Pano Multiquattro Colors embalagem 4 unidades,Vileda,,"4,29 €","(1,07 € / Unidade)",
Bicentury Bolachas de Limão embalagem 160 g,Bicentury,,"2,69 €","(16,81 € / Kg)",
El Corte Inglés Bolachas Redondinhos de Chocolate de Leite embalagem 150 g,El Corte Inglés,,"0,75 €",(5 € / Kg),
El Corte Inglés Café Moído Torrado 50% Colômbia 50% Brasil embalagem 250 g,El Corte Inglés,,"1,99 €","(7,96 € / Kg)",
Capitão Iglo Douradinhos de Salmão 10 Unidades embalagem 280 g,Capitão Iglo,,"7,19 €","(25,68 € / Kg)",
Espetada de Atum com Cebola e Pimento,,,"16,99 €/kg",,
Nova Açores Manteiga Gourmet embalagem 250 g,Nova Açores,,"2,49 €","(9,96 € / Kg)",
Control Retard Preservativos Retardantes embalagem 6 unidades,Control Retard,,"4,99 €","(0,83 € / Unidade)",
El Corte Inglés Bio Bebida de Soja sem Lactose e sem Glúten Biológica embalagem 1 L,El Corte Inglés Bio,,"1,99 €","(1,99 € / Litro)",
Brandymel Licor de Mel Especialidade do Algarve garrafa 70 cl,Brandymel,,"12,99 €","(18,56 € / Litro)",
Carte D'Or Gelado de Iogurte e Frutos Silvestres Les Desserts embalagem 900 ml,Carte D'Or,,"5,49 €","(6,10 € / Litro)",
Confiança Sabonete de Enxofre embalagem 75 g,Confiança,,"1,29 €","(17,20 € / Kg)",
Izidoro O Merceeiro Salsichas Frankfurt 10 Unidades lata 350 g,Izidoro O Merceeiro,,"1,99 €","(5,69 € / Kg)",
Monster Bebida Energética Mule Energy Ginger Brew lata 50 cl,Monster,,"1,60 €","(3,20 € / Litro)",
Próvida Muesli Granola Crunchy Biológico embalagem 350 g,Próvida,,"4,25 €","(12,14 € / Kg)",
Lay's Batatas Fritas Sabor Camponesas embalagem 150 g,Lay's,,"1,89 €","(12,60 € / Kg)",
Espiga Alho frasco 48 g,Espiga,,"3,49 €","(72,71 € / Kg)",
Veckia Gel Anticelulitico embalagem 200 ml,Veckia,,"5,39 €","(2,70 € / 10 ml.)",
Eu Nutrition Breakfast Cereais Crocantes de Centeio e Aveia com Canela Biológicos embalagem 400 g,Eu Nutrition Breakfast,,"3,99 €","(9,98 € / Kg)",
Minerva Atum em Posta de Azeite lata 120 g,Minerva,,"2,19 €","(18,25 € / Kg)",
Cif Power & Shine Detergente Cozinha Spray Recarga embalagem 70 ml,Cif Power & Shine,,"3,49 €","(49,86 € / Litro)",
Salmão em Posta de Aquicultura Peso Aproximado unidade 250 g,,,"9,99 €/kg",,
Morcela de Cebola peso aproximado por cuvete 1 kg,,,"6,80 €","(6,80 € / Kg)",
Ti-ti Batatas Fritas Doces embalagem 170 g,Ti-ti,,"2,75 €","(16,18 € / Kg)",
Schar Pão de Forma sem Glúten embalagem 300 g,Schar,,"3,45 €","(11,50 € / Kg)",
Glamour Pinça e Escova de Sobrancelhas embalagem 1 unidade,Glamour,,"5,59 €","(5,59 € / Unidade)",
Magnum Mini Gelado de Amêndoa Remix Pack 6 unidades embalagem 55 ml,Magnum Mini,,"5,99 €","(18,15 € / Litro)",
"Mimosa Aroma Iogurte Aroma 4 a Morango, 2 a Banana e 2 a Ananás Pack 8 embalagem 120 g",Mimosa Aroma,,"1,94 €","(2,02 € / Kg)",
Ajuda Vinho Tinto do Alentejo Syrah garrafa 75 cl,Ajuda,,"6,99 €","(9,32 € / Litro)",
Delizum Sumo de Maçã Biológico garrafa 200 ml,Delizum,,"1,29 €","(6,45 € / Litro)",
Dalva Vinho do Porto Tawny Reserva garrafa 75 cl,Dalva,,"16,50 €",(22 € / Litro),
Martiko Paté de Pato Superior com Doce de Abóbora embalagem 75 g,Martiko,,"3,39 €","(45,20 € / Kg)",
Lactiser Requeijão de Ovelha Pasteurizado embalagem 250 g,Lactiser,,"1,79 €","(7,16 € / Kg)",
Alara Granola Dourada Crocante sem Glúten Biológica embalagem 325 g,Alara,,"11,79 €","(36,28 € / Kg)",
Presto Detergente de Lavagem à Mão em Pó 540 g,Presto,,"2,99 €","(5,54 € / Kg)",
Saludães Arroz Carolino Extra Longo embalagem 1 kg,Saludães,,"1,29 €","(1,29 € / Kg)",
Dietisa Tisana Jasmim embalagem 50 g,Dietisa,,"2,29 €","(45,80 € / Kg)",
El Corte Inglés Panos Multiusos Microfibras 32x32 cm embalagem 3 unidades,El Corte Inglés,,"3,20 €","(1,07 € / Unidade)",
Ahmad Tea Chá Preto com Frutas Selecção embalagem 20 unidades,Ahmad Tea,,"3,99 €","(0,20 € / Unidade)",
Jules Destrooper Bolachas Crisps de Manteiga embalagem 100 g,Jules Destrooper,,"3,89 €","(38,90 € / Kg)",
Queijadas do Morgado Vila Franca do Campo embalagem 300 g,,,"8,99 €","(29,97 € / Kg)",
Palmolive Naturals Sabonete de Melão embalagem 90 g,Palmolive Naturals,,"0,99 €",(11 € / Kg),
"As 3 Bruxas Detergente de Limpeza Granito, Mármore e Azulejos Concentrado 1 L",As 3 Bruxas,,"4,29 €","(4,29 € / Litro)",
Amiejoa Macha embalagem 1 kg,,,"19,99 €","(19,99 € / Unidade)",
Galbani Preparado para Panna Cotta embalagem 1 L,Galbani,,"6,59 €","(6,59 € / Litro)",
Próvida Muesli Quinoa e Amaranto Biológico e sem Glúten embalagem 350 g,Próvida,,"3,79 €","(10,83 € / Kg)",
"Santal Active Drink Refrigerante de Limonada Limão e Cenoura sem Gás garrafa 1,5 L",Santal Active Drink,,"2,15 €","(1,43 € / Litro)",
Gatorade Cool Blue Bebida Isotónica garrafa 50 cl,Gatorade Cool Blue,,"1,39 €","(2,78 € / Litro)",
Sinha Milho para Canjiquinha Branco embalagem 500 g,Sinha,,"1,59 €","(3,18 € / Kg)",
El Corte Inglés Selection Lentilhas Cozidas ao Natural frasco 400 g,El Corte Inglés Selection,,"0,99 €","(2,48 € / Kg)",
Lombo Recheado com Ameixa Peso Aproximado 1 kg,,,"8,49 €/kg",,
Moaçor Bolachas Mulata embalagem 175 g,Moaçor,,"1,35 €","(7,71 € / Kg)",
Yoçor Iogurte com Aroma a Pêssego Pack 4 embalagem 125 g,Yoçor,,"1,49 €","(2,98 € / Kg)",
"Esteva Vinho Tinto do Douro garrafa 37,5 cl",Esteva,,"2,79 €","(7,44 € / Litro)",
El Corte Inglés Tortilhas Mexicanas de Trigo Pack 8 embalagem 320 g,El Corte Inglés,,"2,15 €","(6,72 € / Kg)",
Seia Requeijão de Ovelha embalagem 200 g,Seia,,"2,15 €","(10,75 € / Kg)",
"El Corte Inglés Toalha de Mesa Bege 1,20 x 8 m embalagem 1 unidade",El Corte Inglés,,"2,70 €","(0,34 € / Unidade)",
Palmolive Naturals Gel de Banho Vegan de Romã embalagem 500 ml,Palmolive Naturals,,"4,99 €","(9,98 € / Litro)",
Vive Soy Bebida de Soja com Cappuccino embalagem 1 L,Vive Soy,,"1,94 €","(1,94 € / Litro)",
Margão Bio Moinho 4 Bagas Biológico frasco 25 g,Margão Bio,,"4,49 €","(179,60 € / Kg)",
Buondi Café Moído Torrado Extreme Intensidade 12 Moagem Normal embalagem 200 g,Buondi,,"3,69 €","(18,45 € / Kg)",
Pacari Chocolate Negro com Rosa Andina Vegan embalagem 50 g,Pacari,,"3,09 €","(61,80 € / Kg)",
Nobre Favinhas com Linguiça lata 420 g,Nobre,,"3,89 €","(9,26 € / Kg)",
Green Shield Toalhitas Anti-Bactérias para Casa embalagem 50 unidades,Green Shield,,"5,25 €","(0,10 € / Unidade)",
Guylian Bombons Sortidos Opus embalagem 180 g,Guylian,,"10,99 €","(61,06 € / Kg)",
Nestum Zero Cereais de Espelta e Aveia 0% Açúcares embalagem 250 g,Nestum Zero,,"2,49 €","(9,96 € / Kg)",
Renova Papel Higiénico Azul embalagem 6 unidades,Renova,,"6,99 €","(1,16 € / Unidade)",
Pasta do Dia Massa Quebrada sem Glúten embalagem 230 g,Pasta do Dia,,"3,39 €","(14,74 € / Kg)",
Chimay Cerveja da Bélgica Blanche garrafa 33 cl,Chimay,,"3,90 €","(11,82 € / Litro)",
Clos de los Siete Vinho Tinto da Argentina garrafa 75 cl,Clos de los Siete,,"18,90 €","(25,20 € / Litro)",
Gullón Bolachas Vegan sem Lactose sem Glúten embalagem 200 g,Gullón,,"3,19 €","(15,95 € / Kg)",
Monte Cascas Vinho Branco do Douro Reserva garrafa 75 cl,Monte Cascas,,"11,99 €","(15,99 € / Litro)",
Bicentury Tortilha de Chocolate Branco com Amendoim e Caramelo Pack 4X2 embalagem 138 g,Bicentury,,"2,75 €","(19,93 € / Kg)",
Renova Art de La Table Guardanapos Bordeaux embalagem 40 unidades,Renova Art de La Table,,"1,99 €","(0,05 € / Unidade)",
"Catarina Vinho Tinto Regional da Península de Setúbal Magnum garrafa 1,5 L",Catarina,,"13,98 €","(9,32 € / Litro)",
Veckia Creme Corporal de Argão embalagem 250 ml,Veckia,,"2,29 €","(0,92 € / 10 ml.)",
Cem Porcento Infusão Digest Biológica embalagem 13 g,Cem Porcento,,"1,19 €","(91,54 € / Kg)",
Secos da Aldeia Miolo de Amêndoa Torrada sem Pele embalagem 180 g,Secos da Aldeia,,"4,19 €","(23,28 € / Kg)",
Poças Vinho Tinto do Douro garrafa 75 cl,Poças,,"7,75 €","(10,33 € / Litro)",
Dr.Organic Creme Hidratante com Vitamina E Biológico embalagem 50 ml,Dr.Organic,,"12,59 €","(251,80 € / Litro)",
Nivea Naturally Good Loção para Corpo Aloe Vera & Hidratante Pele Normal a Seca embalagem 350 ml,Nivea Naturally Good,,"7,19 €","(20,54 € / Litro)",
Origens Super Pequeno Almoço de Curcuma e Abóbora sem Glúten e Lactose Biológico embalagem 300 g,Origens,,"5,99 €","(19,97 € / Kg)",
El Corte Inglés Molho de Pesto embalagem 140 g,El Corte Inglés,,"1,79 €","(12,79 € / Kg)",
Lipton Pyramid Chá de Cidreira embalagem 20 unidade,Lipton Pyramid,,"1,85 €","(0,09 € / Unidade)",
Kinder Chocolate de Leite Pack 4 embalagem 50 g,Kinder,,"1,14 €","(22,80 € / Kg)",
Pretexto Vinho Branco do Dão garrafa 75 cl,Pretexto,,"10,75 €","(14,33 € / Litro)",
Fino Esfregão de Teflon embalagem 1 unidade,Fino,,"0,99 €","(0,99 € / Unidade)",
Tahiti Gel de Banho de Côco embalagem 250 ml,Tahiti,,"2,99 €","(11,96 € / Litro)",
Bear Fruits Máscara Capilar Liso e Suave Flamingo embalagem 20 ml,Bear Fruits,,"6,99 €","(349,50 € / Litro)",
"Búfalo Detergente para Pavimentos de Madeira 1,5 L",Búfalo,,"4,05 €","(2,70 € / Litro)",
Ahmad Tea Chás Caixa de Madeira Keeper embalagem 80 unidades,Ahmad Tea,,"38,95 €","(0,49 € / Unidade)",
Ambi Pur 3 Volution Ambientador Eléctrico Frescura de Primavera Difusor + Recarga embalagem 2 unidades,Ambi Pur 3 Volution,,"9,99 €","(9,99 € / Unidade)",
Sonatural Sumo de Gengibre embalagem 250 ml,Sonatural,,"2,89 €","(11,56 € / Litro)",
Nivea Body Soufflé Creme para Corpo Coconut & Óleo de Monoi embalagem 200 ml,Nivea Body Soufflé,,"7,69 €","(38,45 € / Litro)",
Mentos Rainbow Rebuçados de Fruta Pack 3 embalagem 120 g,Mentos Rainbow,,"1,89 €","(15,75 € / Kg)",
Lusa Monte Azeitona Preta Natural Cobrançosa Descaroçada frasco 360 g,Lusa Monte,,"2,95 €","(8,19 € / Kg)",
Forma + Elegance Plus Barra de Cereais de Chocolate Preto embalagem 55 g,Forma + Elegance Plus,,"1,39 €","(25,27 € / Kg)",
Syoss Rizos Pro Condicionador para Cabelos Encaracolados embalagem 440 ml,Syoss Rizos Pro,,"6,99 €","(15,89 € / Litro)",
Calvé Ketchup -50% Açúcar embalagem 268 g,Calvé,,"2,89 €","(10,78 € / Kg)",
"Life Stream Sumo de Aloe Vera 99,7 % Puro garrafa 500 ml",Life Stream,,"11,99 €","(23,98 € / Litro)",
Indi&Co Organic Kola Soda Pack 4 unidades embalagem 800 ml,Indi&Co,,"7,99 €",,
Gerber Saqueta de Fruta sabor Pera embalagem 90 g,Gerber,,"1,19 €","(13,22 € / Kg)",
Luchito Tortilla Chips embalagem 170 g,Luchito,,"2,99 €","(17,59 € / Kg)",
Cantinho das Aromáticas Infusão de Cavalinha Biológica embalagem 30 g,Cantinho das Aromáticas,,"4,55 €","(151,67 € / Kg)",
Not Guilty Bombons de 70% Chocolate Preto com Manteiga de Amendoim embalagem 115 g,Not Guilty,,"3,99 €","(34,70 € / Kg)",
Veggis Empadas de Cogumelos Pack 2 embalagem 330 g,Veggis,,"3,99 €","(12,09 € / Kg)",
Aga Toalhetes Desinfectantes com Álcool embalagem 10 unidades,Aga,,"1,19 €","(0,12 € / Unidade)",
Silvex Sacos de Conservação para Sandes 50 unidades,Silvex,,"2,29 €",(0 € / Unidade),
Don Bernardo Queijo de Espanha Manchego Velho 100% Ovelha embalagem 200 g,Don Bernardo,,"8,19 €","(40,95 € / Kg)",
Panrico Pão Maxi Burguers com Sésamo 4 Unidades embalagem 300 g,Panrico,,"2,25 €","(7,50 € / Kg)",
Ilauri Vinho Tinto de Itália Montepulciano Bajo garrafa 75 cl,Ilauri,,"8,50 €","(11,33 € / Litro)",
Belvita Breakfast Bolachas Soft Bakes com Pepitas de Chocolate de 5 Cereais Integrais embalagem 250 g,Belvita Breakfast,,"2,99 €","(11,96 € / Kg)",
Isola Bio Bebida de Amêndoa sem Açúcar Biológica embalagem 1 L,Isola Bio,,"4,39 €","(4,39 € / Litro)",
Air Wick Essential Mist Ambientador Eléctrico Lavanda embalagem 20 ml,Air Wick Essential Mist,,"7,99 €","(399,50 € / Litro)",
Quinta dos Açores Hambúrguer de Bovino com Tempero 4 Unidades embalagem 460 g,Quinta dos Açores,,"3,87 €","(8,41 € / Kg)",
Quinta da Alorna Vinho Branco do Tejo Chardonnay/Arinto Reserva garrafa 75 cl,Quinta da Alorna,,"7,99 €","(10,65 € / Litro)",
Bife de Frango peso aproximado por cuvete 500 g,,,"4,75 €","(9,49 € / Kg)",
Durex Sensitivo Contacto Total Preservativos Ultra Finos embalagem 12 unidades,Durex Sensitivo Contacto Total,,"11,99 €",(1 € / Unidade),
"English Tea Shop Chá Branco, Matcha e Canela Biológico embalagem 35 g",English Tea Shop,,"3,99 €",(114 € / Kg),
Disfala Chocolate em Pó embalagem 125 g,Disfala,,"1,15 €","(9,20 € / Kg)",
Corny Barras de Cereais com Chocolate Branco 0% Açúcares Adicionados Pack 6 embalagem 120 g,Corny,,"2,99 €","(24,92 € / Kg)",
Aguinamar Espetada de camarão com Alho embalagem 145 g,Aguinamar,,"4,99 €","(34,41 € / Kg)",
Philadelphia Queijo Fresco para Barrar com Ervas Finas embalagem 150 g,Philadelphia,,"2,19 €","(14,60 € / Kg)",
Tierras Reina Leite Creme com Bolacha Pack 4 embalagem 125 g,Tierras Reina,,"2,35 €","(4,70 € / Kg)",
Companhia das Lezírias Azeite Virgem Extra Reserva garrafa 500 ml,Companhia das Lezírias,,"4,29 €","(8,58 € / Litro)",
Old Spice Desodorizante Stick Original embalagem 50 ml,Old Spice,,"4,49 €","(89,80 € / Litro)",
Ameixa Claudia Tradicional ao peso 1 kg,,,"5,49 €/kg",,
Coqui Achocolatado lata 400 g,Coqui,,"3,35 €","(8,38 € / Kg)",
El Corte Inglés Selection Iogurte Natural Magro 0% embalagem 500 g,El Corte Inglés Selection,,"2,29 €","(4,58 € / Kg)",
Nescafé Dolce Gusto Cappuccino embalagem 30 cápsulas,Nescafé Dolce Gusto,,"10,49 €","(0,35 € / Unidade)",
Mimosa Magro Iogurte Líquido Magro de Morango e Framboesa Pack 8 embalagem 156 ml,Mimosa Magro,,"2,79 €","(2,98 € / Litro)",
Q M Vinho Verde Alvarinho Magnum garrafa 150 cl,Q M,,"24,50 €","(16,33 € / Litro)",
Paño Nature Mistura Frutos do Bosque e Coco Biológicos embalagem 240 g,Paño Nature,,"6,99 €","(29,12 € / Kg)",
Próvida Mistura de Sementes para Saladas Biológicas embalagem 250 g,Próvida,,"4,29 €","(17,16 € / Kg)",
Axe Desodorizante Aerossol Epic Fresh spray 150 ml,Axe,,"3,59 €","(23,93 € / Litro)",
Maçarico Mostarda embalagem 250 g,Maçarico,,"2,05 €","(8,20 € / Kg)",
Aliada Maionese frasco 450 ml,Aliada,,"1,99 €","(4,42 € / Litro)",
Lola Gel Meu Cacho embalagem 500 g,Lola,,"13,55 €","(27,10 € / Kg)",
El Almendro Barrita de Amendoa com Chocolate Branco e Frutos Vermelhos embalagem 100 g,El Almendro,,"3,49 €","(34,90 € / Kg)",
Sadino Vinho Tinto de Setúbal Syrah garrafa 75 cl,Sadino,,"5,99 €","(7,99 € / Litro)",
Ferrarini Salame Milano sem Fosfatos,Ferrarini,,"23,69 €/kg",,
Casa Amarela Vinho Tinto do Douro Selection Km 17 garrafa 75 cl,Casa Amarela,,"17,25 €",(23 € / Litro),
Kellogg's Barras de Cereais Extra com Amêndoas Torradas e Chocolate Pack 4 embalagem 32 g,Kellogg's,,"3,99 €","(124,69 € / Kg)",
Coquette Eau de Toilette Romantic embalagem 130 ml,Coquette,,"10,95 €","(84,23 € / Litro)",
Vinha Paz Vinho Branco do Dão garrafa 75 cl,Vinha Paz,,"8,85 €","(11,80 € / Litro)",
Morgado de Bucelas Vinho Branco de Bucelas garrafa 75 cl,Morgado de Bucelas,,"5,99 €","(7,99 € / Litro)",
Messias Espumante Grand Cuvée Bruto garrafa 75 cl,Messias,,"7,99 €","(10,65 € / Litro)",
Cornetto Gelado Mini 5X Chocolate Cacau e 5X Clássico embalagem 28 ml,Cornetto,,"4,99 €","(17,82 € / Litro)",
El Corte Inglés Ambientador Pérolas Perfumadas de Lima embalagem 1 unidade,El Corte Inglés,,"1,89 €","(1,89 € / Unidade)",
Guloso Tomate Pelado Colheita Fresca embalagem 390 g,Guloso,,"1,09 €","(2,79 € / Kg)",
Panealba Gressinos D'or com Azeite embalagem 250 g,Panealba,,"2,49 €","(9,96 € / Kg)",
Heidel Estojo Princesa com Chocolates embalagem 118 g,Heidel,,"9,45 €","(80,08 € / Kg)",
Axe Ice Chill Desodorizante Hortelã e Limão Spray embalagem 150 ml,Axe Ice Chill,,"3,59 €","(23,93 € / Litro)",
Cem Porcento Barra com Cranberry e Sementes Pack 3 embalagem 72 g,Cem Porcento,,"3,29 €","(45,69 € / Kg)",
Condi Gelatina Vegetal de Morango Vegan embalagem 180 g,Condi,,"2,09 €","(11,61 € / Kg)",
Président Manteiga sem Sal Biológica embalagem 250 g,Président,,"4,85 €","(19,40 € / Kg)",
Roveredo Biscoitos Costas Cobertas embalagem 250 g,Roveredo,,"2,99 €","(11,96 € / Kg)",
Soignon Queijo Natural unidade 140 g,Soignon,,"3,59 €","(25,64 € / Kg)",
Oikos Iogurte Ligeiro Natural Pack 4 unidades embalagem 100 g,Oikos,,"2,99 €","(5,98 € / Kg)","2,99 €"
Antico Casaficio Queijo Parmigiano Reggiano Biológico unidade 150 g,Antico Casaficio,,"5,19 €","(34,60 € / Kg)",
Nortada Cerveja Artesanal Imperial Stout garrafa 33 cl,Nortada,,"2,95 €","(8,94 € / Litro)",
Codorniu Espumante Cava Raventos Reserva garrafa 75 cl,Codorniu,,"10,45 €","(13,93 € / Litro)",
King C. Gillette Máquinas de Barbear Lâmina Dupla Recargas embalagem 10 unidades,King C. Gillette,,"4,99 €","(0,50 € / Unidade)",
Tahiti Gel de Banho Flor de Tiaré embalagem 250 ml,Tahiti,,"2,99 €","(11,96 € / Litro)",
Carlota Organic Almôndegas de Vegetais com Molho de Vegetais e Vinho Tinto frasco 425 g,Carlota Organic,,"5,55 €","(13,06 € / Kg)",
Green Vie Fatias com Sabor Gouda Fumado Vegan sem Lactose e sem Glúten embalagem 180 g,Green Vie,,"3,55 €","(19,72 € / Kg)",
Mevgal Iogurte Grego de Café embalagem 150 g,Mevgal,,"1,39 €","(7,93 € / Kg)","1,39 €"
Margão Segredos do Mundo Tempero Oriental Ideal para Carnes e Legumes frasco 32 g,Margão Segredos do Mundo,,"2,89 €","(90,31 € / Kg)",
Frutidry Sultana Preta Jumbo embalagem 250 g,Frutidry,,"1,99 €","(7,96 € / Kg)",
"Carlsberg Cerveja sem Álcool 0,0% Pack 6 25 cl",Carlsberg,,"5,99 €","(3,99 € / Litro)",
Interdoces Pastilhas Melões embalagem 150 g,Interdoces,,"1,75 €","(11,67 € / Kg)",
Oliveira da Serra Vinagre de Vinho Tinto garrafa 250 ml,Oliveira da Serra,,"1,09 €","(4,36 € / Litro)",
Milram Natas Frescas para Bater 30% embalagem 250 g,Milram,,"1,85 €","(7,40 € / Kg)",
Gillette After Shave Balsamo Hidratante embalagem 100 ml,Gillette,,"6,99 €","(69,90 € / Litro)",
Valfrutta Milho Doce Pack 3 lata 160 g,Valfrutta,,"3,19 €","(19,94 € / Kg)",
Nolita Adoçante Natural Sweety embalagem 100 g,Nolita,,"2,99 €","(29,90 € / Kg)",
Gillette Blue II Máquinas Descartáveis Pack 15 + 5 Grátis embalagem 20 unidades,Gillette Blue II,,"8,49 €","(0,42 € / Unidade)",
Men Expert Stress Resist Gel de Banho Relaxante Extracto de Vinho embalagem 400 ml,Men Expert Stress Resist,,"4,99 €","(12,48 € / Litro)",
Condi Aroma Líquido de Amêndoa frasco 25 ml,Condi,,"1,49 €","(59,60 € / Litro)",
Nova Classe Espetos Bambu embalagem 25 unidades,Nova Classe,,"1,19 €","(0,05 € / Unidade)",
Renova Black Label Guardanapos Bird Embroidery embalagem 20 unidades,Renova Black Label,,"2,19 €","(0,18 € / Unidade)",
"Flamefast Saco de Carvão para Barbecue 1,4 kg",Flamefast,,"4,95 €","(3,54 € / Kg)",
Montiqueijo Queijo Fresco sem Lactose embalagem 85 g,Montiqueijo,,"0,89 €","(10,47 € / Kg)",
El Corte Inglés Ensaimadas 6 Unidades embalagem 220 g,El Corte Inglés,,"1,99 €","(9,05 € / Kg)",
Nestlé Kit Kat Chunky Snack Manteiga de Amendoim Single embalagem 42 g,Nestlé Kit Kat,,1 €,"(23,81 € / Kg)",
Salutem Tostas Integrais com Sésamo embalagem 250 g,Salutem,,"2,99 €","(11,96 € / Kg)",
El Corte Inglés Detergente para a Máquina da Roupa Sabão de Marselha em Pó embalagem 22 doses,El Corte Inglés,,"3,79 €","(0,17 € / Cacito)",
Old El Paso Nachips embalagem 185 g,Old El Paso,,"3,01 €","(16,27 € / Kg)",
Paladares Linguiça Porco Preto,Paladares,,"17,99 €/kg",,
El Corte Inglés Selection Sardinhas em Azeite 16/18 Peças lata 81 g,El Corte Inglés Selection,,"1,99 €","(24,57 € / Kg)",
El Corte Inglés Chouriço Doce Extra sem Lactose e sem Glúten embalagem 280 g,El Corte Inglés,,"3,09 €",,
Sensodyne Pasta dos dentes Nourish Branco Saudável embalagem 75 ml,Sensodyne,,"4,29 €","(57,20 € / Litro)",
Ramirez Atum com Grão lata 120 g,Ramirez,,"1,79 €","(14,92 € / Kg)",
Dodot Happyjama Cuecas Absorventes 27-57 Kg Menina 8-12 Anos 13 unidades,Dodot Happyjama,,"14,99 €","(1,15 € / Unidade)",
5 Jotas Paiola Ibérica Bolota,5 Jotas,,"67,98 €/kg",,
El Corte Inglés Mel de Flores embalagem 500 g,El Corte Inglés,,"3,49 €","(6,98 € / Kg)",
Patak's Tempero Pasta Tikka Masala frasco 165 g,Patak's,,"3,99 €","(24,18 € / Kg)",
La Molisana Massa Farfalle embalagem 500 g,La Molisana,,"1,99 €","(3,98 € / Kg)",
Colgate Sensitive Pasta de Dentes Protecção Diária Alívio Imediato embalagem 75 ml,Colgate Sensitive,,"4,99 €","(66,53 € / Litro)",
Koala Noodles com Galinha embalagem 65 g,Koala,,"1,15 €","(17,69 € / Kg)",
Cem Porcento Tofu Natural Biológico embalagem 300 g,Cem Porcento,,"2,99 €","(9,97 € / Kg)",
Candycat Bombons Corações embalagem 100 g,Candycat,,"3,99 €","(39,90 € / Kg)",
Quinta da Romaneira Vinho do Douro Rosé garrafa 75 cl,Quinta da Romaneira,,"12,90 €","(17,20 € / Litro)",
Nurishh Fatiado Vegan Sabor Cheddar sem Lactose embalagem 160 g,Nurishh,,"2,39 €","(14,94 € / Kg)",
Cem Porcento Chá Verde Solúvel Adelgaçante embalagem 60 g,Cem Porcento,,"1,89 €","(31,50 € / Kg)",
Danone Oikos Iogurte Grego de Caramelo Pack 4 embalagem 110 g,Danone Oikos,,"2,99 €","(6,80 € / Kg)",
Mitjans Pastrami de Peru Peso Aproximado 1 kg,Mitjans,,"27,98 €/kg",,
Beyra Vinho tinto da Beira Interior Reserva garrafa 150 cl,Beyra,,"19,90 €","(13,27 € / Litro)",
Grant's Whisky 12 Anos garrafa 70 cl,Grant's,,"22,49 €","(32,13 € / Litro)",
Aliada Ervilhas Médias ao Natural Pack 3 lata 360 g,Aliada,,"1,89 €","(5,25 € / Kg)",
Johnson's Loção para Bebé Rosto e Corpo Cotton Touch embalagem 500 ml,Johnson's,,"5,35 €","(7,98 € / Litro)","5,35 €"
Mimosa Biogurte Iogurte de Aveia e Maçã Pack 2 Biológico embalagem 115 g,Mimosa Biogurte,,"1,29 €","(5,61 € / Kg)",
Glamour Pincel Blush embalagem 1 unidade,Glamour,,"7,25 €","(7,25 € / Unidade)",
Cem Porcento Chá Solúvel de Tília embalagem 60 g,Cem Porcento,,"1,75 €","(29,17 € / Kg)",
Salutem Chá Sem Gordura Naturlinha embalagem 10 unidades,Salutem,,"0,99 €","(0,10 € / Unidade)",
Skandia Salmão Fumado Vermelho,Skandia,,"72,99 €/kg",,
Lien Ying Esteiras para Sushi embalagem 1 unidade,Lien Ying,,"3,75 €","(3,75 € / Unidade)",
Hagerty Limpa Lustres Cristal 500 ml,Hagerty,,"15,05 €","(30,10 € / Litro)",
Herpac Sardinhas em Azeite e Vinagre unidade 500 g,Herpac,,"19,98 €","(39,96 € / Kg)",
Fibre One Brownies de Chocolate 5 Unidades embalagem 120 g,Fibre One,,"2,99 €","(24,92 € / Kg)",
Gillette Venus Máquina Depilatória com Recarga Ibiza Sugarberry embalagem 1 unidade,Gillette Venus,,"9,49 €","(9,49 € / Unidade)",
Harmony Sensitive Preservativos embalagem 6 unidades,Harmony Sensitive,,"4,75 €","(0,79 € / Unidade)",
Almeida & Filhos Chouriço de Carne da Beira Baixa Peso Aproximado por unidade 250 g,Almeida & Filhos,,4 €,"(15,99 € / Kg)",
Fino Película Aderente embalagem 30 m,Fino,,"1,99 €","(0,07 € / Metro)",
Eci Selection Foie Gras de Pato Inteiro Mi Cuit sem Glúten embalagem 80 g,Eci Selection,,"7,99 €","(99,88 € / Kg)",
Margão Pimenta Preta Moída frasco 48 g,Margão,,"2,59 €","(53,96 € / Kg)",
Gelcampo Couves de Bruxelas embalagem 300 g,Gelcampo,,"0,75 €","(2,50 € / Kg)",
Nestlé Yaos Iogurte Grego Natural Pack 4 embalagem 110 g,Nestlé Yaos,,"3,37 €","(4,98 € / Kg)","3,37 €"
Bife Acém Comprido de Novilho IGP Açores Peso Aproximado 300 g,,,"17,95 €/kg",,
Iglo Green Cuisine Mini Hambúrgueres de Beterraba e Sementes de Linhaça Vegan 6 Unidades embalagem 270 g,Iglo Green Cuisine,,"5,49 €","(20,33 € / Kg)",
Milaneza Lasanha Integral embalagem 500 g,Milaneza,,"2,65 €","(5,30 € / Kg)",
Paladin Molho Vinagrete embalagem 250 ml,Paladin,,"2,05 €","(8,20 € / Litro)",
Delícias Ti Maria Queijo Regional de Vaca e Ovelha Curado Pequeno Queijaria Cachopas unidade 90 g,Delícias Ti Maria,,"1,45 €","(16,11 € / Kg)",
Mimosa Bem Essencial Leite UHT Gordo embalagem 1 L,Mimosa Bem Essencial,,"1,19 €","(1,19 € / Litro)",
A Leiteira Delicia de Chocolate pack 2 125 g,A Leiteira,,"1,89 €","(7,56 € / Kg)",
Skandia Salmão Fumado Norueguês  Pack 2 x 50 g embalagem 100 g,Skandia,,"6,79 €","(67,90 € / Kg)",
Belvita Breakfast Bolachas de Chocolate -30% Açúcar embalagem 300 g,Belvita Breakfast,,"2,49 €","(8,30 € / Kg)",
Nescafé Dolce Gusto Café Lungo Intensidade 6 embalagem 16 cápsulas,Nescafé Dolce Gusto,,"5,99 €","(0,30 € / Unidade)","5,99 €"
Ahmad Tea Tisana de Camomila e Limão embalagem 20 unidades,Ahmad Tea,,"4,09 €","(0,20 € / Unidade)",
Riso Gallo Risotto Pronto de Cogumelos embalagem 175 g,Riso Gallo,,"2,69 €","(15,37 € / Kg)",
Wilkinson Sword Hydro 5 Máquinas Descartáveis Sense Energize embalagem 4 unidades,Wilkinson Sword Hydro 5,,"14,99 €","(3,75 € / Unidade)",
Mézete Húmus Gourmet com Chili Vegan sem Glúten embalagem 215 g,Mézete,,"3,19 €","(14,84 € / Kg)",
Gengibre Biológico Peso Aproximado por unidade 110 g,,,"6,49 €/kg",,
Royal Gelatina Light de Mirtilo embalagem 1 unidade,Royal,,"2,09 €","(2,09 € / Unidade)",
Lactimonte Queijo Amanteigado de Vaca unidade 250 g,Lactimonte,,"2,99 €","(11,96 € / Kg)",
Yopro Iogurte Líquido Proteína sabor Morango e Framboesa embalagem 300 g,Yopro,,"2,39 €","(7,97 € / Kg)",
Olá Gelado de Morango Mini Bites embalagem 10 unidades,Olá,,"1,49 €","(14,90 € / Litro)",
Duvalley Vinho Tinto do Douro garrafa 75 cl,Duvalley,,"6,15 €","(8,20 € / Litro)",
Chocos Nacional ao peso 1 kg,,,"14,99 €/kg",,
Napolitana Massa Espirais embalagem 500 g,Napolitana,,"0,99 €","(1,98 € / Kg)",
Dietisa Tisana Hipericão do Gerês embalagem 50 g,Dietisa,,"4,29 €","(85,80 € / Kg)",
Sanduíche de Frango Braseado embalagem 193 g,,,"2,35 €","(12,18 € / Kg)",
Bio + Iogurte de Limão Biológico embalagem 150 g,Bio +,,"0,79 €","(5,27 € / Kg)",
Colgate Herbal Pasta de Dentes embalagem 75 ml,Colgate Herbal,,"2,49 €","(26,53 € / Litro)","2,49 €"
Hansaplast Pensos Almofadados para Calos embalagem 20 unidades,Hansaplast,,"3,59 €","(0,13 € / Unidade)","3,59 €"
Campofrio Salame Palaciego em Fatias sem Glúten embalagem 60 g,Campofrio,,"1,89 €","(23,62 € / Kg)",
Cantinho das Aromáticas Condimento de Coentros Biológico embalagem 20 g,Cantinho das Aromáticas,,"3,15 €","(157,50 € / Kg)",
El Corte Inglés Nata para Culinária Pack 3 embalagem 200 ml,El Corte Inglés,,"1,99 €","(9,95 € / Litro)",
Renova Red Label Rolo de Cozinha Green embalagem 1 unidade,Renova Red Label,,"3,38 €","(3,38 € / Unidade)",
Dove Hydrating Care Gel de Banho Aloe Vera & Água de Bétula embalagem 750 ml,Dove Hydrating Care,,"4,19 €","(5,59 € / Litro)",
El Corte Inglés Sementes de Girassol Torradas Ligeiramente Salgadas sem Glúten embalagem 130 g,El Corte Inglés,,"0,79 €","(6,08 € / Kg)",
Planta Creme Vegetal para Barrar com Sabor a Manteiga embalagem 225 g,Planta,,"1,99 €","(8,84 € / Kg)",
Mimosa Iogurte Natural Pack 4 embalagem 120 g,Mimosa,,"1,49 €","(3,10 € / Kg)",
Aveyron Vinho Tinto da Beira Interior Natural Biológico garrafa 75 cl,Aveyron,,"9,90 €","(13,20 € / Litro)",
Mercearia da Aldeia Queijo Amanteigado de Ovelha Serpa DOP unidade 250 g,Mercearia da Aldeia,,"9,99 €","(39,96 € / Kg)",
H&S Tratamento Hidratante para Couro Cabeludo Seco embalagem 145 ml,H&S,,"7,49 €","(51,66 € / Litro)",
Crasto Vinho Branco do Douro garrafa 75 cl,Crasto,,"8,99 €","(11,99 € / Litro)",
Noglut Waffers Recheadas com Cacau sem Glúten embalagem 150 g,Noglut,,"4,39 €","(29,27 € / Kg)",
Grappa Nonino Aguardente Cuvée Millesimata garrafa 70 cl,Grappa Nonino,,"39,90 €",(57 € / Litro),
Museu do Pão Pão de Aveia Serra da Estrela embalagem 350 g,Museu do Pão,,"1,70 €","(4,86 € / Kg)",
Ferrarini Salame Emilia em Fatias embalagem 90 g,Ferrarini,,"3,65 €","(40,56 € / Kg)",
Not Guilty Creme para Barrar de Avelã e Cacau frasco 200 g,Not Guilty,,"5,99 €","(29,95 € / Kg)",
Knorr Las Clásicas Creme de Abóbora com Natas embalagem 500 ml,Knorr Las Clásicas,,"2,89 €","(5,78 € / Litro)",
Margão Alho Cortado frasco 22 g,Margão,,"3,09 €","(140,45 € / Kg)",
Maybelline Fit Me Pó Compacto Nº 130 embalagem 1 unidade,Maybelline Fit Me,,"10,29 €","(10,29 € / Unidade)",
La Mole Pancrek Crackers com Sésamo embalagem 250 g,La Mole Pancrek,,"2,69 €","(10,76 € / Kg)",
Neolar Acendalhas embalagem 64 unidades,Neolar,,"2,29 €","(0,04 € / Unidade)",
Ferrarini Fiambre Cozido Alta Qualidade kg,Ferrarini,,"22,98 €/kg",,
Nestlé Go Free Barras de Cereais Corn Flakes sem Glúten Pack 4 embalagem 88 g,Nestlé Go Free,,"1,99 €","(22,61 € / Kg)",
Milaneza Tagliatelle com Ovo embalagem 500 g,Milaneza,,"2,76 €","(5,52 € / Kg)",
Air Wick Vela Anti-Tabaco Pack 2 115 g,Air Wick,,"9,49 €","(20,61 € / Kg)","9,49 €"
El Corte Inglés Selection Azeitonas Gordal Condimentadas frasco 500 g,El Corte Inglés Selection,,"4,79 €","(9,58 € / Kg)",
Bacana Sangria Rosé garrafa 75 cl,Bacana,,"7,49 €","(9,99 € / Litro)",
Sanchez Alcaraz Salsichão Ibérico Extra Fatias embalagem 100 g,Sanchez Alcaraz,,"3,75 €","(37,50 € / Kg)",
Pop Massa Folhada Rectangular embalagem 250 g,Pop,,"2,35 €","(9,40 € / Kg)",
Super Bock Abadia Cerveja Nacional Branca Receita Artesanal Pack 6 garrafa 33 cl,Super Bock Abadia,,"6,25 €","(3,16 € / Litro)",
Nivea Relaxing Moments Gel de Banho embalagem 750 ml,Nivea Relaxing Moments,,"8,49 €","(5,65 € / Litro)","8,49 €"
El Corte Inglés Selection Polvorones sem Açúcar embalagem 350 g,El Corte Inglés Selection,,"5,49 €","(15,69 € / Kg)",
Cabeça de Toiro Vinho Tinto do Tejo Reserva Bull's Temptation garrafa 75 cl,Cabeça de Toiro,,"9,99 €","(13,32 € / Litro)",
Jean Louis David Pente com Cabo embalagem 1 unidade,Jean Louis David,,"4,46 €","(4,46 € / Unidade)",
Indulac Queijo Branco Quartos unidade 500 g,Indulac,,"6,89 €","(13,78 € / Kg)",
Nestlé Fitness Cereais de Aveia Integral Fruits embalagem 375 g,Nestlé Fitness,,"3,99 €","(10,64 € / Kg)",
Castanha Martaínha 70/90 Granel,,,"4,99 €/kg",,
Dr. Oetker Lápis Pasteleiros Aromas Naturais 4 Unidades embalagem 59 g,Dr. Oetker,,"3,99 €","(67,63 € / Kg)",
Kambly Bolachas Bretzeli embalagem 98 g,Kambly,,"3,29 €","(33,57 € / Kg)",
Hans Freitag Bolachas Sortidas Noblesse embalagem 400 g,Hans Freitag,,"2,84 €","(7,10 € / Kg)",
RTM Mon Petit Creamy unidade 125 g,RTM,,"3,99 €","(31,92 € / Kg)",
Brasfrut Polpa de Goiaba Congelada embalagem 100 g,Brasfrut,,"2,99 €","(7,48 € / Kg)",
Pescanova Bacalhau Especial Islândia Peso Aproximado por unidade 3 kg,Pescanova,,"17,49 €/kg",,
El Corte Inglés Selection Hambúrguer de Frango do Campo embalagem 250 g,El Corte Inglés Selection,,"4,79 €","(19,16 € / Kg)",
"Kellogg's Special K Barras de Cereais com Chocolate de Leite Pack 6 embalagem 21,5 g",Kellogg's Special K,,"3,79 €","(176,28 € / Kg)",
Dr. Oetker Pizza Ristorante de Frango embalagem 355 g,Dr. Oetker,,"4,99 €","(14,06 € / Kg)",
Moo Free Caixa Sortido de Chocolates embalagem 80 g,Moo Free,,"6,29 €","(78,62 € / Kg)",
Lindamccartney Salsichas Vegan embalagem 270 g,Lindamccartney,,"3,99 €","(14,78 € / Kg)",
Rozès Vinho do Porto Vintage garrafa 75 cl,Rozès,,"46,50 €",(62 € / Litro),
Oh K! Kombucha de Canela Biológica garrafa 750 ml,Oh K!,,"7,85 €","(10,47 € / Litro)",
Beirabaga Doce de Ginja frasco 270 g,Beirabaga,,"3,49 €","(12,93 € / Kg)",
Johnson's Condicionador para Crianças Gotas de Força embalagem 500 ml,Johnson's,,"5,59 €","(11,18 € / Litro)",
Dalva Vinho do Porto L.B.V. garrafa 75 cl,Dalva,,"13,75 €","(18,33 € / Litro)",
Nacional Farinha Integral de Aveia embalagem 800 g,Nacional,,"1,99 €","(2,49 € / Kg)",
Aliança Espumante Danúbio Bruto garrafa 75 cl,Aliança,,"5,99 €","(7,99 € / Litro)",
Président Queijo Fundido Light 16 Porções embalagem 250 g,Président,,"3,39 €","(13,56 € / Kg)",
"Sierra Nevada Cerveja Triple Ipa garrafa 35,5 cl",Sierra Nevada,,"5,49 €","(15,46 € / Litro)",
Maybelline Color Sensational Batom Nº 388 Plum For Me embalagem 1 unidade,Maybelline Color Sensational,,"11,99 €","(11,99 € / Unidade)",
Pantene Laca Volume Perfeito embalagem 250 ml,Pantene,,"4,99 €","(14,96 € / Litro)","4,99 €"
Ahumados Dominguez Salmão Marinado em Fatias Seleção Especial embalagem 100 g,Ahumados Dominguez,,"7,69 €","(76,90 € / Kg)",
Cayo Grande Club Rum Branco garrafa 70 cl,Cayo Grande Club,,"9,90 €","(14,14 € / Litro)",
Vitalis Água sem Gás garrafão 6 L,Vitalis,,"1,85 €","(0,31 € / Litro)",
Rana Massa Fresca Tagliatelle embalagem 250 g,Rana,,"1,69 €","(6,76 € / Kg)",
Isola Bio Creme de Arroz Biológico embalagem 200 ml,Isola Bio,,"1,75 €","(8,75 € / Litro)",
Cem Porcento Biscoitos Integrais de Batata Doce e Chocolate embalagem 200 g,Cem Porcento,,"2,49 €","(12,45 € / Kg)",
Lacasa Chocolate Preto com Amêndoas Inteiras 70% Cacau embalagem 200 g,Lacasa,,"3,29 €","(16,45 € / Kg)",
Benlian Tortas de Arroz sem Glúten embalagem 100 g,Benlian,,"0,99 €","(9,90 € / Kg)",
Le Tribute Ginger Ale Pack 4 garrafa 20 cl,Le Tribute,,"6,99 €","(8,74 € / Litro)",
Narta Men Desodorizante Invisimax Spray embalagem 200 ml,Narta Men,,"4,29 €","(21,45 € / Litro)",
Twinings Chá Preto Pure Darjeeling embalagem 25 unidades,Twinings,,"4,49 €","(0,18 € / Unidade)",
Lindt Excellence Chocolate Preto com Laranja e Amêndoas 70% Cacau embalagem 100 g,Lindt Excellence,,"3,39 €","(33,90 € / Kg)",
Julián Martín Chouriço Ibérico de Bolota em Fatias embalagem 100 g,Julián Martín,,"3,99 €","(39,90 € / Kg)",
Delícias do Brasil Doce de Leite frasco 350 g,Delícias do Brasil,,"5,79 €","(16,54 € / Kg)",
Izidoro o Talhante Lombinho de Porco com Azeite e Ervas Provençais Peso Aproximado 550 g,Izidoro o Talhante,,"7,14 €","(12,99 € / Kg)",
Monari Federzoni Vinagre Balsâmico Picasso garrafa 500 ml,Monari Federzoni,,"3,89 €","(7,78 € / Litro)",
Pão Crocante 3 Grãos embalagem 180 g,,,"2,69 €","(14,94 € / Kg)",
Cistér Feijão Manteiga Cozido lata 425 g,Cistér,,"0,81 €","(1,91 € / Kg)",
Crios Vinho Tinto da Argentina Malbec garrafa 75 cl,Crios,,"11,95 €","(15,93 € / Litro)",
Viñas Altas Vinho Jerez Pedro Ximénez garrafa 75 cl,Viñas Altas,,"7,75 €","(10,33 € / Litro)",
Matutano Amendoins Tostados no Forno com Sal e Mel embalagem 150 g,Matutano,,"2,59 €","(12,93 € / Kg)","2,59 €"
El Corte Inglés Selection Biqueirão em Vinagre unidade 150 g,El Corte Inglés Selection,,"6,99 €","(39,93 € / Kg)","6,99 €"
Milaneza Meada Fina embalagem 500 g,Milaneza,,"1,79 €","(3,58 € / Kg)",
Nivea Cellular Creme de Dia Luminous Anti-Manchas FP 50 embalagem 40 ml,Nivea Cellular,,"26,99 €","(674,75 € / Litro)",
Demuerte Vinho Branco Yecla garrafa 75 cl,Demuerte,,"10,75 €","(14,33 € / Litro)",
Tortas de Azeitão Tortas de Azeitão com Chocolate embalagem 4 unidades,Tortas de Azeitão,,"6,99 €","(1,75 € / Unidade)",
Altos Las Hormigas Vinho Tinto Malbec Clássico garrafa 75 cl,Altos Las Hormigas,,"11,95 €","(15,93 € / Litro)",
Bonduelle Gallettes de Legumes Grelhados embalagem 300 g,Bonduelle,,"3,59 €","(11,97 € / Kg)",
La Piara Hummus Biológico sem Glúten embalagem 200 g,La Piara,,"4,99 €","(24,95 € / Kg)",
Globo Coco Desidratado embalagem 90 g,Globo,,"2,99 €","(33,22 € / Kg)",
Avianense Pai Natal de Chocolate embalagem 500 g,Avianense,,"14,95 €","(29,90 € / Kg)",
Mutti Polpa de Tomate Triturada lata 400 g,Mutti,,"2,14 €","(5,35 € / Kg)",
Casa de Santar Vinho Tinto do Dão Pack 2 unidades embalagem 75 cl,Casa de Santar,,"14,98 €","(9,99 € / Litro)",
Baygon Apanha Moscas embalagem 4,Baygon,,"2,29 €","(0,57 € / Unidade)",
Colgate Escova de Dentes Carvão Macia embalagem 1 unidade,Colgate,,"3,99 €","(3,99 € / Unidade)",
Elpozo Chouriço de Perú em Fatias unidade 80 g,Elpozo,,"2,59 €","(32,38 € / Kg)",
Negrini Burrata Gioiella unidade 100 g,Negrini,,"3,19 €","(31,90 € / Kg)",
Native Gelado de Açaí e Guaraná 0% Açúcar embalagem 160 ml,Native,,"2,69 €","(16,81 € / Litro)",
Diplomata Crackers Capinhas embalagem 125 g,Diplomata,,"2,99 €","(23,92 € / Kg)",
Quinta da Marinha Tarte de Pato embalagem 700 g,Quinta da Marinha,,"12,69 €","(18,13 € / Kg)",
Gallo Vinagre de Sidra garrafa 250 ml,Gallo,,"2,29 €","(9,16 € / Litro)",
Botanical Origin Amaciador para Roupa Flor de Laranja e Folhas Citricas embalagem 900 ml,Botanical Origin,,"7,99 €","(8,88 € / Litro)",
Dr.Organic Gel de Banho com Coco Biológico embalagem 250 ml,Dr.Organic,,"8,39 €","(33,56 € / Litro)",
Nivea Urban Skin Água Micelar para Pele Mista e Oleosa embalagem 400 ml,Nivea Urban Skin,,"7,99 €","(19,98 € / Litro)",
Glamour Mini Molas para Cabelo embalagem 24 unidades,Glamour,,"3,49 €","(0,15 € / Unidade)",
Espiga Preparado para Tempura embalagem 125 g,Espiga,,"1,49 €","(11,92 € / Kg)",
Medeiros Vinho Tinto do Alentejo garrafa 75 cl,Medeiros,,"7,99 €","(10,65 € / Litro)",
"Sossego Vinho Tinto do Alentejo Magnum garrafa 1,5 L",Sossego,,"10,99 €","(7,33 € / Litro)",
"Boon Cerveja de Framboesa garrafa 37,5 cl",Boon,,"6,55 €","(1,75 € / Litro)",
El Corte Inglés Pistachos Torrados com Sal sem Glúten embalagem 175 g,El Corte Inglés,,"3,49 €","(19,94 € / Kg)",
Noglut Santiveri Wafers de Baunilha sem Glúten embalagem 150 g,Noglut Santiveri,,"4,29 €","(28,60 € / Kg)",
El Corte Inglés Selection Pizza Americana embalagem 570 g,El Corte Inglés Selection,,"3,69 €","(6,47 € / Kg)",
Lindahls Iogurte Líquido Pro+ de Banana e Noz embalagem 330 g,Lindahls,,"2,57 €","(5,73 € / Kg)","2,57 €"
Old El Paso Tortilhas de Trigo Pack 8 embalagem 326 g,Old El Paso,,"3,41 €","(10,46 € / Kg)",
Tena Cuecas para Adultos com Incontinência Absorventes Pants Super Tamanho L embalagem 12 unidades,Tena,,"20,79 €","(1,30 € / Unidade)","20,79 €"
Nobre Queijo de Cabra em Fatias embalagem 70 g,Nobre,,"1,69 €","(24,14 € / Kg)",
Chiwan Molho Picante Sambal Oelek frasco 190 ml,Chiwan,,"1,99 €","(10,47 € / Litro)",
Courvoisier Cognac VSOP garrafa 70 cl,Courvoisier,,"47,95 €","(68,50 € / Litro)",
Campofrio Forno de Lenha Peito de Frango em Fatias Clássicas sem Glúten embalagem 120 g,Campofrio Forno de Lenha,,"1,99 €","(16,58 € / Kg)",
El Corte Inglés Picos Camperos com Azeite e Alho embalagem 250 g,El Corte Inglés,,"1,59 €","(6,36 € / Kg)",
"Lagunitas Cerveja dos Estados Unidos da América Artesanal IPA garrafa 35,5 cl",Lagunitas,,"1,99 €","(5,61 € / Litro)",
Cerveja Artesanal garrafa 33 cl,,,"2,49 €","(7,55 € / Litro)",
Nestlé Refeição de Legumes com Salmão sem Adição de Sal desde 8 meses embalagem 190 g,Nestlé,,"2,19 €","(11,53 € / Kg)",
Sharwood's Caril Suave em Pó frasco 102 g,Sharwood's,,"3,89 €","(38,14 € / Kg)",
Babaria Desodorizante Roll On Cotton embalagem 50 ml,Babaria,,"2,35 €",(47 € / Litro),
Gallo Azeite Virgem Extra Socalcos do Norte garrafa 750 ml,Gallo,,"7,99 €","(10,65 € / Litro)",
King C. Gillette Creme Hidratante para Rosto e Barba embalagem 100 ml,King C. Gillette,,"9,99 €","(99,90 € / Litro)",
Cem Porcento Biscoitos Proteína de Baunilha Vegan embalagem 200 g,Cem Porcento,,"2,99 €","(14,95 € / Kg)",
Ultra Suave Tesouros de Mel Champô Reconstituinte para Cabelos Frágeis e Quebradiços embalagem 400 ml,Ultra Suave Tesouros de Mel,,"5,59 €","(13,98 € / Litro)",
Buitoni Massa Fusili Eliche Biológica embalagem 500 g,Buitoni,,"2,19 €","(4,38 € / Kg)",
Redondo Iglesias Lombo Ibérico do Campo unidade 120 g,Redondo Iglesias,,"8,29 €","(69,08 € / Kg)",
Aliada Fiambre da Pá em Fatias embalagem 200 g,Aliada,,"1,29 €","(6,45 € / Kg)",
Skip Aditivo Líquido Protege Cores e Delicados embalagem 3 L,Skip,,"3,74 €","(1,25 € / Litro)",
Lucien Aviet Vinho Tinto de França Trousseau garrafa 75 cl,Lucien Aviet,,"40,90 €","(54,53 € / Litro)",
Iberia Tinta para Roupa Ganga Azul 40º embalagem 70 g,Iberia,,"4,95 €","(70,71 € / Kg)",
Nocilla Creme de Barrar Original embalagem 715 g,Nocilla,,"7,34 €","(10,27 € / Kg)",
Ti Almerinda 10 Almofadas Mistas embalagem 300 g,Ti Almerinda,,"4,29 €","(14,30 € / Kg)",
Cacaolat Leite UHT Batido com Cacau 0% Açúcares Adicionados garrafa 1 L,Cacaolat,,"2,75 €","(2,75 € / Litro)",
Diese Tostas Integrais com Algas embalagem 225 g,Diese,,"2,69 €","(11,96 € / Kg)",
Frutidry Miolo de Amêndoa com Pele embalagem 200 g,Frutidry,,"3,99 €","(19,95 € / Kg)",
Dona Graça Vinho Branco do Douro Viosinho Reserva garrafa 75 cl,Dona Graça,,"9,99 €","(13,32 € / Litro)",
Cuétara Cream Cracker embalagem 200 g,Cuétara Cream Cracker,,"1,29 €","(6,45 € / Kg)",
Paladin Molho para Batatas Fritas embalagem 250 g,Paladin,,"2,29 €","(9,16 € / Kg)",
Dory Vinho Tinto de Lisboa Reserva garrafa 75 cl,Dory,,"11,95 €","(15,93 € / Litro)",
Garnier Bio Óleo de Noite Reparador de Cânhamo frasco 30 ml,Garnier Bio,,"14,99 €","(499,67 € / Litro)",
El Corte Inglés Pano Escorredor de Loiça 50x40 cm embalagem 1 unidade,El Corte Inglés,,"1,39 €","(1,39 € / Unidade)",
Pão com Chocolate 3 unidades,,,"5,85 €","(1,95 € / Unidade)",
Paysan Breton Queijo Brie Caractére unidade 200 g,Paysan Breton,,"3,79 €","(18,95 € / Kg)",
El Corte Inglés Selection Lentilhas Cozidas frasco 200 g,El Corte Inglés Selection,,"0,72 €","(3,60 € / Kg)",
El Corte Inglés Selection Torrão de Praliné de Chocolate e Avelã embalagem 250 g,El Corte Inglés Selection,,"4,79 €","(19,16 € / Kg)",
Pegados Vinho Branco do Douro garrafa 75 cl,Pegados,,"11,70 €","(15,60 € / Litro)",
Syoss Oleo Intense Coloração Nº 6-10 Louro Escuro embalagem 1 unidade,Syoss Oleo Intense,,"11,29 €","(11,29 € / Unidade)",
Codyfer Atacador Castanho 70 cm 1 par,Codyfer,,"2,39 €","(2,39 € / Unidade)",
Maçanita Vinho Tinto do Douro DOC Reserva garrafa 75 cl,Maçanita,,"21,50 €","(28,67 € / Litro)",
Dove Men +Care Gel de Banho Sports Care 3 em 1 embalagem 400 ml,Dove Men +Care,,"4,39 €","(10,98 € / Litro)",
Le Pain des Fleurs Tostas com Trigo Sarraceano sem Açúcar Biológicas embalagem 150 g,Le Pain des Fleurs,,"3,75 €",(25 € / Kg),
Miss Den Paris Verniz Rouge Fatal Nº 91 embalagem 10 ml,Miss Den Paris,,"3,49 €",(349 € / Litro),
Tena Pensos Higiénicos Protetores Discreet Maxi embalagem 12 unidades,Tena,,"8,49 €","(0,71 € / Unidade)",
Larnaudie Bloco Foie Gras de Ganso unidade 130 g,Larnaudie,,"22,59 €","(173,77 € / Kg)",
Nivea Men Strong Power Champô Fortalecedor embalagem 250 ml,Nivea Men Strong Power,,"4,39 €","(17,56 € / Litro)",
El Almendro Barritas de Amendoas com Sal embalagem 84 g,El Almendro,,"3,49 €","(41,55 € / Kg)",
Ach Brito Sabonete de Ameixa embalagem 160 g,Ach Brito,,"2,19 €","(13,69 € / Kg)",
Mimosa Iogurtes de Aroma Eleva Kiwi sem Adição Açúcar sem Lactose sem Glúten Probióticos Pack 4 embalagem 115 g,Mimosa,,"2,99 €","(6,50 € / Kg)",
Tribe Sorbet de Graviola copo 160 ml,Tribe,,"2,89 €","(18,06 € / Litro)",
Biosaurus Snack de Milho com Queijo sem Glúten Biológico embalagem 15 g,Biosaurus,,"0,89 €","(59,33 € / Kg)",
Monte Cascas Espumante Bruto Reserva garrafa 75 cl,Monte Cascas,,"14,99 €","(19,99 € / Litro)",
Diese Tostas Integrais embalagem 225 g,Diese,,"2,69 €","(11,96 € / Kg)",
Vigor Leite Meio Gordo Pasteurizado embalagem 1 L,Vigor,,"1,09 €","(1,09 € / Litro)",
St. Dalfour Doce de Cereja frasco 284 g,St. Dalfour,,"4,39 €","(15,46 € / Kg)",
Espiga Paprika Fumada frasco 45 g,Espiga,,"2,79 €",(62 € / Kg),
Palhais Queijo Regional de Cabra embalagem 180 g,Palhais,,"3,89 €","(21,61 € / Kg)",
"Innocent Sumo Mantenimento Que Te Quiero Verde de Maçã, Pera, Pepino, Matcha e Vitaminas garrafa 330 ml",Innocent,,"2,09 €","(6,33 € / Litro)",
Interdoces Gomas Morangos embalagem 150 g,Interdoces,,"1,85 €","(12,33 € / Kg)",
Oldenburger Manteiga com Sal embalagem 250 g,Oldenburger,,"3,75 €",(15 € / Kg),
Renova Art de La Table Guardanapos de Natal embalagem 20 unidades,Renova Art de La Table,,"1,45 €","(0,06 € / Unidade)","1,45 €"
Nestlé Nan Supreme pro HA Leite Infantil 1 lata 800 g,Nestlé Nan Supreme pro HA,,"25,99 €","(32,49 € / Kg)",
Gluck Doce Puré de Damasco frasco 230 g,Gluck,,"5,49 €","(23,87 € / Kg)",
Airwick Ambientador Eléctrico Eucalipto Recarga recarga 19 ml,Airwick,,"7,99 €","(420,53 € / Litro)",
Izidoro Salsicharia Clássica Salsichas 100% de Peru 6 unidades lata 160 g,Izidoro Salsicharia Clássica,,"2,55 €","(15,94 € / Kg)",
Gerber Sobremesa de Fruta sabor de  Pera e Banana embalagem 125 g,Gerber,,"1,45 €","(11,60 € / Kg)",
Frutaçor Doce de Batata Doce frasco 230 g,Frutaçor,,"3,35 €","(14,57 € / Kg)",
Swadist Pappadums com Pimenta Preta embalagem 200 g,Swadist,,"3,19 €","(15,95 € / Kg)",
"Rui Simeão Sal Marinho Artesanal 1,5",Rui Simeão,,"1,25 €","(0,83 € / Kg)",
Lindt Excellence Chocolate Preto 85% de Cacau embalagem 100 g,Lindt Excellence,,"2,79 €","(27,90 € / Kg)",
Fragosa Vinho Tinto do Douro Reserva DOC garrafa 75 cl,Fragosa,,"8,99 €","(11,99 € / Litro)",
Elpozo 1954 Fiambre da Perna Extra Braseado,Elpozo 1954,,"14,99 €/kg",,
Queijo Comté ao peso 1 kg,,,"26,49 €/kg",,
Noglut Santiveri Bolachas Digestivas de Cacau sem Glúten embalagem 200 g,Noglut Santiveri,,"3,29 €","(16,45 € / Kg)",
El Corte Inglés Leite Creme de Baunilha Pack 4 embalagem 125 g,El Corte Inglés,,"1,29 €","(2,58 € / Kg)",
Interdoces Gomas Sortidas Ácidas embalagem 150 g,Interdoces,,"1,85 €","(12,33 € / Kg)",
Serqueijos Queijo de Vaca e Ovelha Serras de Penela Aperitivo unidade 250 g,Serqueijos,,"3,79 €","(15,16 € / Kg)",
Vale do Prata Salgadinhos de Pimenta embalagem 120 g,Vale do Prata,,"1,99 €","(16,58 € / Kg)",
Natural & Easy Coloração Permanente Nutritiva Nº 550 Louro Escuro embalagem 1 unidade,Natural & Easy,,"8,99 €","(8,99 € / Unidade)",
Nivea Invisible Desodorizante Active Black & White Roll-On embalagem 50 ml,Nivea Invisible,,"4,49 €","(89,80 € / Litro)",
OGX Champô Kukui Hidratante e Desfrizante embalagem 385 ml,OGX,,"7,99 €","(221,94 € / Litro)",
Raid Ambientador Casa e Plantas Spray embalagem 600 ml,Raid,,"6,59 €","(10,98 € / Litro)",
Scottex Compact Rolo Multiusos 1 unidade,Scottex Compact,,"4,39 €","(4,39 € / Unidade)",
Elpozo Fuetec unidade 170 g,Elpozo,,"3,69 €","(21,71 € / Kg)",
Liefmans Cerveja Cuvée Kriek garrafa 75 cl,Liefmans,,"16,50 €",(22 € / Litro),
Madre de Agua Vinho Tinto do Dão Madre de Jaen garrafa 75 cl,Madre de Agua,,"17,90 €","(23,87 € / Litro)",
Santa Maria Tortilha de Beterraba embalagem 240 g,Santa Maria,,"3,89 €","(16,21 € / Kg)",
Cerveja Biére Garde garrafa 33 cl,,,"3,55 €","(10,76 € / Litro)",
Lindt Bombons de Chocolate Dulces Deseos embalagem 150 g,Lindt,,"6,99 €","(46,60 € / Kg)",
Garnier Pure Active Creme Exfoliante embalagem 150 ml,Garnier Pure Active,,"10,49 €","(69,93 € / Litro)",
Ferradosa Vinho Branco do Douro Vinhas Velhas garrafa 75 cl,Ferradosa,,"22,90 €","(30,53 € / Litro)",
El Corte Inglés Bifes de Frango Peso Aproximado por 500 g,El Corte Inglés,,"6,25 €","(12,49 € / Kg)",
Mother Bio Bolachas de Cacau Vegan sem Glúten e sem Lactose Biológicas embalagem 100 g,Mother Bio,,"3,49 €","(34,90 € / Kg)",
Desiam Pasta de Caril Amarelo embalagem 70 g,Desiam,,"3,45 €","(49,29 € / Kg)",
Tresemmé Liso Keratina Condicionador Protecção do Calor embalagem 200 ml,Tresemmé Liso Keratina,,"5,39 €","(26,95 € / Litro)",
GL Pão de Forma Brioche embalagem 500 g,GL,,"2,99 €","(5,98 € / Kg)",
Origens Manteiga de Amendoim com Pedaços Biológica embalagem 340 g,Origens,,"4,59 €","(13,50 € / Kg)",
Renova Guardanapos Tipo E Branco 70 unidades,Renova,,"0,79 €","(0,01 € / Unidade)",
Chips Ahoy Cookies com Pepitas de Chocolate embalagem 128 g,Chips Ahoy,,"1,89 €","(14,77 € / Kg)",
Condi Preparado para Brownie embalagem 370 g,Condi,,"3,99 €","(10,78 € / Kg)",
El Corte Inglés Leite com Chocolate Pack 6 embalagem 200 ml,El Corte Inglés,,"1,55 €","(1,29 € / Litro)",
Werther's Original Caramelos com Sabor a Chocolate sem Açúcar embalagem 60 g,Werther's Original,,"2,99 €","(49,83 € / Kg)",
Greens Favas embalagem 450 g,Greens,,"1,69 €","(3,76 € / Kg)",
Knorr Sopa de Cozido 4 porções embalagem 69 g,Knorr,,"1,49 €","(21,59 € / Kg)",
Evax Cottonlike Pensos Higiénicos Ultra com Abas Super Plus embalagem 10 unidades,Evax Cottonlike,,"2,59 €","(0,26 € / Unidade)",
Noly Berbigão ao Natural Pequeno lata 65 g,Noly,,"3,35 €","(51,54 € / Kg)",
Marquês de Borba Vinho Tinto do Alentejo garrafa 75 cl,Marquês de Borba,,"6,69 €","(8,92 € / Litro)",
Vahiné Bio Fermento de Padeiro Biológico embalagem 18 g,Vahiné Bio,,"3,19 €","(177,22 € / Kg)",
Vileda Pá com Cabo 1 unidade,Vileda,,"4,99 €","(4,99 € / Unidade)",
São Gião Queijo da Serra da Estrela Velho kg,São Gião,,"28,75 €/kg",,
Alvelhe Queijo de Vaca e Ovelha Curado Reserva embalagem 500 g,Alvelhe,,"11,59 €","(28,98 € / Kg)",
Glamour Pente de Cabelo embalagem 1 unidade,Glamour,,"4,85 €","(4,85 € / Unidade)",
Fructis Máscara Capilar Super Suavidade de Macadâmia embalagem 390 ml,Fructis,,"8,99 €","(23,05 € / Litro)",
Marnoto Flor de Sal Saleiro Vidro frasco 150 g,Marnoto,,"6,59 €","(43,93 € / Kg)",
Provamel Bebida de Soja com Baunilha Biológica embalagem 250 ml,Provamel,,"1,09 €","(4,36 € / Litro)",
La Buona Terra Gressinos Integrais com Rosmaninho Biológicos embalagem 120 g,La Buona Terra,,"1,29 €","(10,75 € / Kg)",
Lola Máscara Densidade embalagem 230 g,Lola,,"9,45 €","(41,09 € / Kg)",
Tostagrill Tostas de Trigo Integrais com Milho e Sementes embalagem 225 g,Tostagrill,,"1,90 €","(8,44 € / Kg)",
Varanda do Conde Vinho Verde Alvarinho Trajadura Branco garrafa 75 cl,Varanda do Conde,,"4,49 €","(5,99 € / Litro)",
Confeitaria Carlos Gonçalves Bolos Línguas de Gato embalagem 300 g,Confeitaria Carlos Gonçalves,,"1,99 €","(6,63 € / Kg)",
Terra Nostra Queijo Flamengo de Pastagem em Fatias embalagem 200 g,Terra Nostra,,"2,69 €","(0,64 € / Kg)",
Niepoort Vinho Tinto do Dão garrafa 75 cl,Niepoort,,"6,59 €","(8,79 € / Litro)",
Globo Mistura para Pão de Queijo embalagem 500 g,Globo,,"5,89 €","(11,78 € / Kg)",
Nazaré Rebuçados de Alteia e Mel Peitoral embalagem 100 g,Nazaré,,"0,99 €","(9,90 € / Kg)",
Nestlé L'Atelier Chocolate Preto Frutado Nº 1 70% embalagem 100 g,Nestlé L'Atelier,,"2,65 €","(26,50 € / Kg)",
Condi Zero % Pudim de Chocolate Vegan embalagem 22 g,Condi Zero %,,"0,84 €","(38,18 € / Kg)",
Armada Sidra de Maçã garrafa 40 cl,Armada,,"1,99 €","(4,98 € / Litro)",
Escova dos Dentes Cuidado das Gengivas embalagem 1 unidade,,,"4,39 €","(4,39 € / Unidade)",
El Corte Inglés Vinagre Balsâmico de Modena embalagem 250 ml,El Corte Inglés,,"2,99 €","(11,96 € / Litro)",
Búfalo Cera Acrílica para Madeira 500 ml,Búfalo,,"6,25 €","(12,50 € / Litro)",
Milka Creme para Barrar de Avelãs e Cacau embalagem 600 g,Milka,,"4,99 €","(8,32 € / Kg)",
Oral-B Trident Pastilhas Spearmint sem Açúcar embalagem 17 g,Oral-B Trident,,"1,25 €","(73,53 € / Kg)",
Quinta do Monte D'Oiro Vinho Tinto de Lisboa garrafa 75 cl,Quinta do Monte D'Oiro,,"10,99 €","(14,65 € / Litro)",
Cabeça de Toiro Vinho Tinto do Tejo Bull Tentation Pack 2 unidades embalagem 75 cl,Cabeça de Toiro,,"19,98 €","(3,69 € / Litro)","19,98 €"
Porminho Mini Snacks de Chouriço Ilustre embalagem 100 g,Porminho,,"2,59 €","(25,90 € / Kg)",
Bonne Maman Doce Extra de Framboesa frasco 370 g,Bonne Maman,,"3,49 €","(9,43 € / Kg)",
Cacaolat Leite UHT Batido com Cacau Original garrafa 1 L,Cacaolat,,"2,75 €","(2,75 € / Litro)",
Dom Iguarias Farinheira da Sertã unidade 200 g,Dom Iguarias,,"2,49 €","(12,45 € / Kg)",
Vanish Oxi Advance White embalagem 400 g,Vanish,,"8,99 €","(22,48 € / Kg)",
El Corte Inglés Ervilhas embalagem 300 g,El Corte Inglés,,"0,62 €","(2,07 € / Kg)",
Beher Presunto Ibérico Fatiado à Mão embalagem 50 g,Beher,,"8,99 €","(179,80 € / Kg)",
"Andros Sumo Fresco de Maçã embalagem 1,5 L",Andros,,"5,59 €","(3,73 € / Litro)",
Pringles Aperitivos de BBQ embalagem 175 g,Pringles,,"2,99 €","(17,09 € / Kg)",
Gogo Squeez Maçã e Manga 100% Fruta Pack 4 embalagem 90 g,Gogo Squeez,,"3,89 €","(10,81 € / Kg)",
Confiança Sabonete de Coco embalagem 125 g,Confiança,,"1,79 €","(14,32 € / Kg)",
Super Bock Selecção 1927 Cerveja Artesanal Bengal Amber IPA + Munich Dunkel + Bavaria Weiss Pack 3 garrafa 33 cl,Super Bock Selecção 1927,,"5,99 €","(6,05 € / Litro)",
Lebreton 6 Crepes de La Bretagne embalagem 170 g,Lebreton,,"3,45 €","(20,29 € / Kg)",
Dietica Tisana Cascara Sagrada embalagem 50 g,Dietica,,"2,79 €","(55,80 € / Kg)",
Companhia das Abóboras Doce de Maçã frasco 300 g,Companhia das Abóboras,,"3,45 €","(11,50 € / Kg)",
El Corte Inglés Rebuçados de Nata sem Açúcar sem Glúten embalagem 90 g,El Corte Inglés,,"1,09 €","(12,11 € / Kg)",
Solan de Cabras Água com Sumo de Limão e Chinotto garrafa 33 cl,Solan de Cabras,,"1,65 €",(5 € / Litro),
Panrico Pão de Forma sem Côdea Vegan sem Lactose embalagem 450 g,Panrico,,"2,09 €","(4,64 € / Kg)",
Château Bellegr Vinho Tinto Francês Pomerol garrafa 75 cl,Château Bellegr,,"49,90 €","(66,53 € / Litro)",
Aliada Farinha de Trigo embalagem 1 kg,Aliada,,"0,85 €","(0,85 € / Kg)",
Ramirez Filetes de Atum em Óleo lata 800 g,Ramirez,,"10,49 €","(13,11 € / Kg)",
Milaneza Esparguete Linguine embalagem 500 g,Milaneza,,"1,99 €","(3,98 € / Kg)",
Whitworths Açúcar em Cubos 500 g,Whitworths,,"3,38 €","(6,76 € / Kg)",
Aurora Croissants embalagem 240 g,Aurora,,"2,49 €","(10,38 € / Kg)",
Compal da Horta Feijão Encarnado lata 420 g,Compal da Horta,,"1,29 €","(3,15 € / Kg)",
Casa de Mateus Doce de Morango 0% Açúcares frasco 280 g,Casa de Mateus,,"3,35 €","(11,96 € / Kg)",
Alara Muesli com Goji e Arandos sem Glúten Biológico embalagem 450 g,Alara,,"11,59 €","(25,76 € / Kg)",
Dilea Queijo Gouda Zero Lactose em Fatias embalagem 150 g,Dilea,,"2,59 €","(17,27 € / Kg)",
DeltaQ XXL Café MythiQ Intensidade 15 embalagem60 cápsulas,DeltaQ XXL,,"17,99 €","(0,30 € / Unidade)",
Ultra Suave Máscara Capilar Cremosa de Gengibre e Mel para Cabelos Estragados embalagem 300 ml,Ultra Suave,,"6,79 €","(22,63 € / Litro)",
"Oedipus Cerveja Artesanal NO.35 Barrel Aged garrafa 37,5 cl",Oedipus,,"8,99 €","(23,97 € / Litro)",
Casa do Porco Preto Presunto da Pá Barrancos DOP Fatiada à Mão unidade 100 g,Casa do Porco Preto,,"17,49 €","(174,90 € / Kg)",
Costeleta de Novilho com Pé,,,"17,95 €/kg",,
Babaria Ampolas Anti-Manchas embalagem 10 ml,Babaria,,"6,39 €",(639 € / Litro),
Affective Ladies Pensos para Adultos com Incontinência Super Largo embalagem 10 unidades,Affective Ladies,,"5,25 €","(0,52 € / Unidade)",
Yopro Iogurte Líquido Proteína sabor Coco embalagem 300 g,Yopro,,"2,39 €","(7,97 € / Kg)",
Delta Café Torrado Moído Platinum embalagem 16 pastilhas,Delta,,"3,15 €","(28,12 € / Kg)",
Comfort Essência Essencia Creation Angelic & Baunilha embalagem 50 doses,Comfort Essência,,"6,59 €","(0,13 € / Dose)",
Lipton Chá de Menta e Eucalipto embalagem 20 unidades,Lipton,,"2,99 €","(0,15 € / Unidade)",
Fructis Máscara Capilar de Melancia para Cabelos Normais a Finos embalagem 390 ml,Fructis,,"8,99 €","(23,05 € / Litro)",
El Corte Inglés Queijo de Cabra Curado unidade 300 g,El Corte Inglés,,"6,69 €","(22,30 € / Kg)",
Evian Brumisateur Tónico Facial em Spray embalagem 50 ml,Evian Brumisateur,,"3,99 €","(79,80 € / Litro)",
Olá Gelado Super Maxi Pack 6 embalagem 390 ml,Olá,,"4,99 €","(12,79 € / Litro)",
Fiore di Puglia Aperitivos Taralli Chilli Pepper embalagem 250 g,Fiore di Puglia,,"2,69 €","(10,76 € / Kg)",
Heineken Cerveja da Holanda garrafa 25 cl,Heineken,,"0,90 €","(3,60 € / Litro)",
Anchova Cantábrico unidade 250 g,,,"11,99 €","(47,96 € / Kg)",
Dez Prá Uma Espiritual de Cogumelos para 2 pessoas embalagem 600 g,Dez Prá Uma,,12 €,(20 € / Kg),
Ruffles Batatas Fritas com Sabor a Queijo Cheddar e Cebola embalagem 140 g,Ruffles,,"1,99 €","(10,64 € / Kg)","1,99 €"
"Búfalo Detergente para Pavimentos de Madeira com Sabão 1,5 L",Búfalo,,"6,59 €","(4,39 € / Litro)",
Trinca Bolotas Conjunto 2 Vinhos Tinto do Alentejo Herdade do Peso garrafa 75 cl,Trinca Bolotas,,"17,98 €","(11,99 € / Litro)",
Ribeira Atum Posta Natural sem Glúten lata 385 g,Ribeira,,"5,49 €","(14,26 € / Kg)",
Porminho Lombo Curado Cabeço Class Gourmet em Fatias embalagem 100 g,Porminho,,"4,29 €","(42,90 € / Kg)",
Natursoy Seitam Assado com Tofu Vegan embalagem 200 g,Natursoy,,"4,85 €","(24,25 € / Kg)",
Fossil Pétalas de Sal embalagem 300 g,Fossil,,"3,99 €","(13,30 € / Kg)",
Codyfer Palmilhas com Esponja Tamanho Único 1 par,Codyfer,,"4,79 €","(4,79 € / Unidade)",
Collonil Tubo Waterstop Colours Preto 75 ml,Collonil,,"7,75 €","(103,33 € / Litro)",
Elnett Laca Fixação Normal embalagem 300 ml,Elnett,,"5,99 €","(19,97 € / Litro)",
Santa Catarina Atum ao Natural Posta embalagem 120 unidade,Santa Catarina,,"1,45 €","(12,08 € / Kg)",
El Corte Inglés Bio Feijão Extra Biológico frasco 660 g,El Corte Inglés Bio,,"2,85 €","(4,32 € / Kg)",
Cantinho das Aromáticas Infusão de Tomilho-Limão Biológica embalagem 20 unidades,Cantinho das Aromáticas,,"4,10 €","(0,20 € / Unidade)",
Johnson's Óleo para Bebé Bons Sonhos embalagem 300 ml,Johnson's,,"3,49 €","(11,63 € / Litro)",
Babaria Rosa Mosqueta Creme Anti-Rugas 4 Efeitos 3 Zonas XXL embalagem 125 ml,Babaria Rosa Mosqueta,,"9,99 €","(79,92 € / Litro)",
Um Bongo Néctar de 8 Frutos embalagem 1 L,Um Bongo,,"1,49 €","(1,49 € / Litro)",
Regateiro Vinho Tinto da Bairrada Reserva garrafa 75 cl,Regateiro,,"11,95 €","(15,93 € / Litro)",
Fructis Hidra-Bomb Champô Fortificante para Cabelos Normais com Aloe Vera embalagem 400 ml,Fructis Hidra-Bomb,,"5,99 €","(14,98 € / Litro)",
Maçarico Cebolinhas Agridoces frasco 380 g,Maçarico,,"2,49 €","(6,55 € / Kg)",
El Corte Inglés Massa Fresca Tortellini de Bacon e Frango embalagem 250 g,El Corte Inglés,,"2,09 €","(8,36 € / Kg)",
Artiach Bolachas Filipinos Caramelo embalagem 128 g,Artiach,,"1,79 €","(13,98 € / Kg)",
Nestlé Chocolate Chokito embalagem 32 g,Nestlé,,"1,65 €","(51,56 € / Kg)",
Quinta do Portal Vinho Tinto do Douro 2019 garrafa 75 cl,Quinta do Portal,,"7,99 €","(10,65 € / Litro)",
Sun All in 1 Detergente para a Máquina da Loiça de Limão embalagem 70 pastilhas,Sun All in 1,,"19,99 €","(0,29 € / Unidade)",
Moura Azeite Virgem Extra DOP garrafão 5 L,Moura,,"27,99 €","(5,60 € / Litro)",
Paiva Queijo Flamengo Light,Paiva,,"12,29 €/kg",,
Glint Iogurte com Pedaços de Amora Pack 2 frasco 125 g,Glint,,"1,99 €","(15,92 € / Kg)",
Simple Rebuçados com Stevia de Plantas Medicinais com Sabor a Mel e Anis embalagem 50 g,Simple,,"2,05 €",(41 € / Kg),
Lagosta Vinho Verde Ice Branco garrafa 75 cl,Lagosta,,"6,39 €","(8,52 € / Litro)",
Kikkoman Molho Teriyaki BBQ frasco 250 ml,Kikkoman,,"4,99 €","(19,96 € / Litro)",
Quintada Extrema Pack 2 Vinhos Tinto do Douro Reserva embalagem 75 cl,Quintada Extrema,,"25,65 €","(17,10 € / Litro)",
Diadermine Expert 3D Creme Anti-Rugas Alta Eficácia de Dia embalagem 50 ml,Diadermine Expert 3D,,"17,59 €","(351,80 € / Litro)",
Gordon's Gin Sicilian Lemon garrafa 70 cl,Gordon's,,"18,99 €","(27,13 € / Litro)",
Dodot Sensitive Toalhitas Infantis sem Perfume Recarga Pack 4 54 unidades,Dodot Sensitive,,"5,99 €","(0,03 € / Unidade)",
St. Dalfour Doce de Framboesa frasco 284 g,St. Dalfour,,"4,39 €","(15,46 € / Kg)",
Lello Vinho Branco do Douro garrafa 75 cl,Lello,,"4,19 €","(5,59 € / Litro)",
Cem Porcento Biscoitos Proteína de Chocolate Vegan embalagem 200 g,Cem Porcento,,"2,99 €","(14,95 € / Kg)",
Aliada Paté de Fígado de Porco Pack 3 embalagem 240 g,Aliada,,"1,60 €","(6,67 € / Kg)",
Miguelañez Mini Teddy Monsters Halloween embalagem 1 unidade,Miguelañez,,"4,49 €","(4,49 € / Unidade)",
Renova Love & Action Papel Higiénico embalagem 4 unidades,Renova Love & Action,,"3,19 €","(0,80 € / Unidade)",
"Trident Pastilhas de Morango sem Açúcar embalagem 14,5 g",Trident,,"1,05 €","(72,41 € / Kg)",
Dodot Activity Fraldas +15 Kg Tamanho 6 Extra Suave embalagem 37 unidades,Dodot Activity,,"24,99 €","(0,34 € / Unidade)","24,99 €"
Scottex Acolchado Papel Higiénico embalagem 9 unidades,Scottex Acolchado,,"4,19 €","(0,47 € / Unidade)",
Vileda Attractive Plus Mopa Descartável embalagem 1 unidade,Vileda Attractive Plus,,"17,99 €","(17,99 € / Unidade)",
Prozis Chili com Carne embalagem 400 g,Prozis,,"5,39 €","(5,39 € / Unidade)",
Gallo Azeite Virgem Extra Clássico garrafão 2 L,Gallo,,"14,99 €","(7,50 € / Litro)",
Millan Vicente Queijo Cheddar 100% Natural em Fatias Biológico embalagem 125 g,Millan Vicente,,"2,49 €","(19,92 € / Kg)",
Randy Queijo Cabra Massa Folhado embalagem 240 g,Randy,,"5,99 €","(24,96 € / Kg)",
Ucal Leite de Pastagem Meio Gordo embalagem 1 L,Ucal,,"1,10 €","(1,10 € / Litro)",
"Letra Cerveja Artesanal ""B"" Pilsener garrafa 75 cl",Letra,,"5,39 €","(7,19 € / Litro)",
Dovo Pasta de Frango embalagem 250 g,Dovo,,"4,75 €",(19 € / Kg),
Artiach Mini Dinosaurus Bolachas de Cereais embalagem 120 g,Artiach Mini Dinosaurus,,"1,89 €","(15,75 € / Kg)",
Salutem Tortas de Arroz com Milho Integral embalagem 130 g,Salutem,,"1,49 €","(11,46 € / Kg)",
Barnhouse Granola Crunchy Aveia Biológico embalagem 375 g,Barnhouse,,"4,65 €","(12,40 € / Kg)",
Flamefast Fósforos Cozinha embalagem 100 unidades,Flamefast,,"1,25 €","(0,31 € / Unidade)",
Globo Pimenta Verde frasco 100 g,Globo,,"1,69 €","(16,90 € / Kg)",
Cheetos Futebolas Snack de Milho com Sabor a Queijo sem Glúten embalagem 130 g,Cheetos,,"1,65 €","(12,69 € / Kg)",
Regina Protein Chocolate Preto sem Açúcar e sem Glúten embalagem 30 g,Regina Protein,,"0,99 €",(33 € / Kg),
Mensajero Pêssego em Metades frasco 400 g,Mensajero,,"3,39 €","(4,84 € / Kg)",
Espiga Cebolinho frasco 6 g,Espiga,,"1,59 €",(265 € / Kg),
Sonasol Detergente Líquido para o Chão Camomila embalagem 1300 ml,Sonasol,,"1,94 €","(1,49 € / Litro)",
Próvida Pasta de Sésamo Clara Biológica embalagem 230 g,Próvida,,"5,19 €","(22,57 € / Kg)",
Maybelline Brow Extensions Lápis de Sobrancelhas Nº 01 Blond embalagem 1 unidade,Maybelline Brow Extensions,,"9,99 €","(9,99 € / Unidade)",
Paulo Coutinho Vinho Rosé do Douro garrafa 75 cl,Paulo Coutinho,,"39,50 €","(52,67 € / Litro)",
A Tarte Tarte de Caramelo e Flor de Sal unidade,A Tarte,,"11,95 €","(11,95 € / Unidade)",
A.Montesinho Alheira de Caça unidade 180 g,A.Montesinho,,"2,25 €","(12,50 € / Kg)",
Renova Toalhitas com Álcool embalagem 20 unidades,Renova,,"1,65 €","(0,08 € / Unidade)",
Ox Nature Cacau Nibs Biológico embalagem 125 g,Ox Nature,,"7,59 €","(60,72 € / Kg)",
Lipton Pyramid Chá de Tília embalagem 20 unidade,Lipton Pyramid,,"1,85 €","(0,09 € / Unidade)",
Compal Essencial Doses de Fruta de Pêssego Pack 3 embalagem 110 ml,Compal Essencial,,"2,34 €","(7,09 € / Litro)",
Kaiserdom Cerveja da Alemanha Dark Lager garrafa 50 cl,Kaiserdom,,"1,99 €","(3,98 € / Litro)",
Flamefast Acendalhas Ecológicas 32 unidades,Flamefast,,"1,19 €","(0,04 € / Unidade)",
"Quinta da Alorna Vinho Tinto do Tejo Magnum garrafa 1,5 L",Quinta da Alorna,,"8,99 €",(4 € / Litro),
Garden Gourmet Almôndegas Vegetarianas Garden Gourmet embalagem 200 g,Garden Gourmet,,"3,99 €","(19,95 € / Kg)",
Origens Cogumelos Laminados Biológicos lata 200 g,Origens,,"2,49 €","(12,45 € / Kg)",
Starbucks Café Descafeinado Espresso para Nespresso Intensidade 11 embalagem 10 cápsulas,Starbucks,,"4,49 €","(0,45 € / Unidade)",
Vaseline Creme para as Mãos e Unhas com Keratina embalagem 75 ml,Vaseline,,"5,49 €","(73,20 € / Litro)",
Ilauri Espumante Prosecco Branco garrafa 75 cl,Ilauri,,"12,90 €","(17,20 € / Litro)",
Vahiné Maxi Pepitas de Chocolate Preto embalagem 100 g,Vahiné,,"3,89 €","(38,90 € / Kg)",
Bicentury Bolachas Integrais de Arroz com Chocolate Preto embalagem 140 g,Bicentury,,"2,34 €",(18 € / Kg),
"Terra Nostra Snack de Queijo Flamengo, Nozes e Passas embalagem 40 g",Terra Nostra,,"0,99 €","(24,75 € / Kg)",
Cem Porcento Chá para Infusão Sene Folículos embalagem 50 g,Cem Porcento,,"1,39 €","(27,80 € / Kg)",
Antonio Banderas King of Seduction Desodorizante Spray embalagem 150 ml,Antonio Banderas King of Seduction,,"7,95 €",(53 € / Litro),
Nissin Soba Teriyaki embalagem 90 g,Nissin,,"2,39 €","(26,56 € / Kg)",
Pato Real Take&Loveat Creme de Ervilhas e Hortelã embalagem 250 g,Pato Real Take&Loveat,,"2,45 €","(9,80 € / Kg)",
Pato Gel Sanitário Ação Total Marine embalagem 750 ml,Pato,,"11,99 €","(3,99 € / Litro)","11,99 €"
El Corte Inglés Selection Alperce Seco embalagem 350 g,El Corte Inglés Selection,,"7,30 €","(20,86 € / Kg)",
Próvida Puré de Fruta Maçã e Ameixa Pack 2 embalagem 100 g,Próvida,,"1,99 €","(19,90 € / Kg)",
Parmareggio Queijo Petali di Parma unidade 80 g,Parmareggio,,"3,29 €","(41,12 € / Kg)",
Próvida Feijão Vermelho Biológico embalagem 500 g,Próvida,,"3,29 €","(6,58 € / Kg)",
Redondo Iglesias Presunto Ibérico do Campo unidade 120 g,Redondo Iglesias,,"12,79 €","(106,58 € / Kg)",
Burgo de Arias Queijo Fresco Batido Cremoso 0% Gordura embalagem 400 g,Burgo de Arias,,"3,09 €","(7,72 € / Kg)",
English Tea Shop Chás Variados Movers & Shakers Biológico embalagem 20 unidades,English Tea Shop,,"4,99 €","(0,25 € / Unidade)",
Nutrégi Antioxidantes Iogurte Líquido de Polpa de Framboesa Pack 4 embalagem 170 g,Nutrégi Antioxidantes,,"2,39 €","(3,51 € / Kg)",
Tyrrell's Batatas Fritas com Sal e Pimenta Preta embalagem 150 g,Tyrrell's,,"2,64 €","(17,60 € / Kg)",
Casting Creme Gloss Coloração Nº 645 Âmbar embalagem 1 unidade,Casting Creme Gloss,,"9,99 €","(9,99 € / Unidade)",
La Antigua Queijo Curado com Trufa Branca unidade 250 g,La Antigua,,"8,99 €","(35,96 € / Kg)",
Margão Tomilho em Folhas embalagem 15 g,Margão,,"1,30 €","(86,67 € / Kg)",
Wasa Tostas de Sésamo embalagem 200 g,Wasa,,"2,49 €","(12,45 € / Kg)",
Magabel Tisana Flor de Laranjeira embalagem 10 unidades,Magabel,,"1,10 €","(0,11 € / Unidade)",
Dietisa Chá de Ervas Rooibos embalagem 50 g,Dietisa,,"2,29 €","(45,80 € / Kg)",
Nobre Hot Dog Salsichas de Aves 8 Unidades frasco 420 g,Nobre Hot Dog,,"4,35 €","(10,36 € / Kg)",
Bolodoce 4 Doces de Amêndoas embalagem 120 g,Bolodoce,,"6,95 €","(57,92 € / Kg)",
El Corte Inglés Selection Batatas Fritas Super Estaladiças sem Glúten embalagem 180 g,El Corte Inglés Selection,,"1,19 €","(6,61 € / Kg)",
Twinings Chá Verde de Limão embalagem 25 unidades,Twinings,,"3,99 €","(0,16 € / Unidade)",
Vitacress Salada de Rúcula Selvagem embalagem 100 g,Vitacress,,"1,99 €","(14,90 € / Kg)","1,99 €"
Raid Insecticida Eléctrico Líquido 30 Noites Recarga embalagem 21 ml,Raid,,"6,29 €","(299,52 € / Litro)",
Diplomata Crackes Ondina Mar embalagem 125 g,Diplomata,,"2,99 €","(23,92 € / Kg)",
Nova Classe Caixa de Palitos embalagem 200 unidades,Nova Classe,,"1,49 €","(0,01 € / Unidade)",
Drink6 Sumo Plano Detox Pack 6 embalagem 400 ml,Drink6,,45 €,"(18,75 € / Litro)",
Carlsberg Cerveja da Dinamarca lata 33 cl,Carlsberg,,"0,79 €","(2,39 € / Litro)",
Dietisa Tisana Abacate embalagem 50 g,Dietisa,,"1,79 €","(35,80 € / Kg)",
Garden Gourmet Tiras Braseadas Vegetarianas Garden Gourmet embalagem 175 g,Garden Gourmet,,"3,99 €","(19,14 € / Kg)","3,99 €"
Babaria Creme Hidratante Anti Age embalagem 50 ml,Babaria,,"8,49 €","(169,80 € / Litro)",
Glamour Bolsa para Viagens embalagem 3 unidades,Glamour,,"5,49 €","(5,49 € / Unidade)",
Jean Louis David Pinça Obliqua embalagem 1,Jean Louis David,,"5,99 €","(5,99 € / Unidade)",
Cem Porcento Doce Extra Light de Morango frasco 280 g,Cem Porcento,,"2,59 €","(9,25 € / Kg)",
Tangerinas Peso Aproximado por unidade 150 g,,,"3,99 €/kg",,
Grisette Cerveja da Bélgica Strong Belgian Ale Biológica sem Glúten garrafa 25 cl,Grisette,,"2,45 €","(9,80 € / Litro)",
Nova Classe Copos de Cartão 200 ml embalagem 8 unidades,Nova Classe,,"1,29 €","(0,16 € / Unidade)",
Brillante Arroz Integral com Bulgur embalagem 250 g,Brillante,,"1,95 €","(7,80 € / Kg)",
Snock Hamburguer Cheeseburguer Pack 2 embalagem 122 g,Snock,,"3,09 €","(12,66 € / Kg)",
Quanto Amaciador para a Roupa Concentrado Rubi e& Jasmim embalagem 76 doses,Quanto,,"9,99 €","(0,13 € / Dose)",
Capitan America Gel & Shampoo Capitan AmericaMERICA SH GEL&SHAMPOO embalagem 400 ml,Capitan America,,"5,95 €","(14,88 € / Litro)",
Ultra Suave Máscara Ultra Reparadora Seiva embalagem 300 ml,Ultra Suave,,"6,79 €","(22,63 € / Litro)",
Bio Caramulo Chouriça de Peru Bio unidade 180 g,Bio Caramulo,,"6,75 €","(37,50 € / Kg)",
Cister Nuts Amendoins Torrados embalagem 200 g,Cister Nuts,,"1,49 €","(7,45 € / Kg)",
Magabel Tisana Ginkgo Biloba embalagem 10 unidades,Magabel,,"1,10 €","(0,11 € / Unidade)",
Poppenburger Salsichas Cocktail frasco 150 g,Poppenburger,,"4,39 €","(29,27 € / Kg)",
Próvida Pão de Leite Integral com Soja Biológico embalagem 100 g,Próvida,,"1,25 €","(12,50 € / Kg)",
Presunto Pá Ibérico Campo 50% unidade 150 g,,,"12,99 €","(86,60 € / Kg)",
Caçarola Feijão Branco Cozido frasco 540 g,Caçarola,,"1,05 €","(1,94 € / Kg)",
I Love Milka Bombons de Morango embalagem 110 g,I Love Milka,,"4,59 €","(41,73 € / Kg)",
Margão Salsa em Folhas embalagem 6 g,Margão,,"1,29 €",(215 € / Kg),
Dona Pimentinha Pimenta Picada frasco 370 g,Dona Pimentinha,,"2,70 €","(7,30 € / Kg)",
El Corte Inglés Atum em Óleo de Girassol Pack 3 lata 168 g,El Corte Inglés,,"2,25 €","(13,39 € / Kg)",
El Corte Inglés Selection Café em Grão de Torrefação Natural Papua Nova Guiné embalagem 125 g,El Corte Inglés Selection,,"2,65 €","(21,20 € / Kg)",
Maria Mora Vinho Tinto do Alentejo Reserva garrafa 75 cl,Maria Mora,,"8,99 €","(11,99 € / Litro)",
Copa Sumo Natural de Laranja e Maçã embalagem 750 ml,Copa,,"2,49 €","(3,32 € / Litro)",
Prodigy Coloração Permanente Nº 5.35 Chcoolate embalagem 1 unidade,Prodigy,,"11,45 €","(11,45 € / Unidade)",
Dom Iguarias Bucho da Sertã em Fatias Peso Aproximado por unidade 250 g,Dom Iguarias,,"23,95 €/kg",,
Alvelhe Queijo da Serra Reserva unidade 400 g,Alvelhe,,"11,19 €","(27,98 € / Kg)",
Garcia Baquero Queijo Semi Curado Castelhano,Garcia Baquero,,"18,98 €/kg",,
Miguelañez Chupa Chupa Super Lolly embalagem 135 g,Miguelañez,,"3,49 €","(25,85 € / Kg)",
Vahiné Flores de Açúcar embalagem 16 g,Vahiné,,"3,49 €","(161,88 € / Kg)","3,49 €"
Nutrégi Antioxidantes Iogurte Líquido de Polpa de Mirtilo Pack 4 embalagem 170 g,Nutrégi Antioxidantes,,"2,29 €","(3,37 € / Kg)",
Condi Light Gelatina de Groselha embalagem 30 g,Condi Light,,"1,85 €","(61,67 € / Kg)",
Harvest Moon Iogurte de Coco Natural Biológico embalagem 125 g,Harvest Moon,,"2,10 €","(16,80 € / Kg)",
Tena Cuecas para Adultos com Incontinência Absorventes Pants Super Tamanho M embalagem 12 unidades,Tena,,"18,65 €","(1,16 € / Unidade)","18,65 €"
Real Ginja d' Óbidos Licor de Ginja garrafa 70 cl,Real Ginja d' Óbidos,,"14,99 €","(21,41 € / Litro)",
So' Bio Óleo Puro Argão Biológico embalagem 100 ml,So' Bio,,"25,49 €","(254,90 € / Litro)",
Terras do Grifo Vinho Branco do Douro Reserva garrafa 75 cl,Terras do Grifo,,"12,49 €","(16,65 € / Litro)",
Ahmad Tea Chá Preto do Ceilão lata 100 g,Ahmad Tea,,"5,10 €",(51 € / Kg),
Heidi Queijo para Fondue para Micro-Ondas embalagem 150 g,Heidi,,"3,98 €","(26,53 € / Kg)",
"Snock Good4me Pão de Multicereais, Frango, Tomate, Ovo, Queijo, Bacon, Maionese e Sementes de Sésamo embalagem 200 g",Snock Good4me,,"3,19 €","(15,95 € / Kg)",
Mercurochrome Banda Universal embalagem 10 unidades,Mercurochrome,,"2,69 €","(0,27 € / Unidade)",
Delta Q Qids Bebida de Cereais embalagem 10 cápsulas,Delta Q Qids,,"3,79 €","(0,38 € / Unidade)",
Cimarrom Espargos Brancos frasco 330 g,Cimarrom,,"4,29 €",(13 € / Kg),
Lactaçores Queijo da Ilha Regional,Lactaçores,,"13,69 €/kg",,
Oriente Arroz Basmati embalagem 1 kg,Oriente,,"3,29 €","(3,29 € / Kg)",
Nestlé Nestum 5 Cereais com Cereais Integrais embalagem 250 g,Nestlé Nestum,,"2,49 €","(9,96 € / Kg)",
Lacta Bombom Sono de Valsa embalagem 1 kg,Lacta,,"24,95 €","(24,95 € / Kg)",
Posta de Novilho Peso Aproximado 350 g,,,"12,95 €/kg",,
El Corte Inglés Selection Berbigões ao Natural Médios 30-40 Unidades lata 63 g,El Corte Inglés Selection,,"11,15 €","(176,98 € / Kg)",
Special Line El Corte Inglés Farelo de Aveia embalagem 350 g,Special Line El Corte Inglés,,"0,95 €","(2,71 € / Kg)",
Pão Crocante de Espelta e Girassol embalagem 180 g,,,"2,69 €","(14,94 € / Kg)",
El Corte Inglés Creme para Calçado Marron Médio embalagem 50 ml,El Corte Inglés,,"1,55 €",(31 € / Litro),
Prozis Icense Gelado de Baunilha e Caramelo Salgado sem Glúten embalagem 4 unidades,Prozis Icense,,"6,99 €","(1,75 € / Unidade)",
Swadist Pappadums com Cominhos embalagem 200 g,Swadist,,"3,19 €","(15,95 € / Kg)",
Panten Pro-V Champô Repair & Care Recarga embalagem 480 ml,Panten Pro-V,,"5,99 €","(9,35 € / Litro)","5,99 €"
Glade Vela Ambientador Longa Duração Berry Wine embalagem 224 g,Glade,,"8,29 €","(37,01 € / Kg)",
Palmolive Sabonete Liquido Aloe Vera doseador 300 ml,Palmolive,,"3,79 €","(12,63 € / Litro)",
Huggies Pull-Ups Trainers Fraldas para Menina 2-4 Anos 15-23 kg embalagem 28 unidades,Huggies Pull-Ups Trainers,,"11,99 €","(0,43 € / Unidade)",
Tomate para Salada Peso Aproximado por unidade 250 g,,,"2,29 €/kg",,
Magabel Chá Verde com Mel embalagem 10 unidades,Magabel,,"1,25 €","(0,12 € / Unidade)",
Codyfer Graxa de Cavalo para Calçado Desportivo de Pele 200 ml,Codyfer,,"7,35 €","(36,75 € / Litro)",
Al'Fez Molho de Alperce e Coentros frasco 450 g,Al'Fez,,"3,79 €","(8,42 € / Kg)",
Maçã Golden Nacional 80/85 Peso Aproximado por unidade 260 g,,,"2,99 €/kg",,
Emanuel Casado Rebuçados de Anis embalagem 150 g,Emanuel Casado,,"4,35 €",(29 € / Kg),
Medici Vinho Rosé de Itália Lambrusco Doce garrafa 75 cl,Medici,,"5,25 €",(7 € / Litro),
"Don Simon Sangria Branca garrafa 1,5 L",Don Simon,,"2,19 €","(1,46 € / Litro)",
Walkers Bolachas de Chocolate com Pedaços de Chocolate Belga embalagem 150 g,Walkers,,"4,15 €","(27,67 € / Kg)",
Dona Pimentinha Massa de Pimentão frasco 370 g,Dona Pimentinha,,"3,30 €","(8,92 € / Kg)",
Pack 2 Champanhe  Brut Reserva de La Familia embalagem 75 cl,,,"23,90 €","(15,93 € / Litro)",
Don Gaucho Bolachas Afajores de Cacau Puro embalagem 220 g,Don Gaucho,,"10,89 €","(49,50 € / Kg)",
Herdade dos Grous Vinho Tinto do Alentejo garrafa 75 cl,Herdade dos Grous,,"14,99 €","(19,99 € / Litro)",
Campolargo Vinho Tinto do Dão garrafa 75 cl,Campolargo,,"13,95 €","(18,60 € / Litro)",
Atelier do Doce Drip Cake com Chocolate e Avelã embalagem 1 kg,Atelier do Doce,,"15,70 €","(15,70 € / Unidade)",
Blanche de Namur Cerveja da Bélgica Rosée garrafa 33 cl,Blanche de Namur,,"3,15 €","(9,55 € / Litro)",
Garijo Baigorri Batatas Fritas em Azeite Virgem Extra embalagem 140 g,Garijo Baigorri,,"2,45 €","(17,50 € / Kg)",
Naturefoods Waffles de Mel Tipo Stroop Wafels Biológicos embalagem 175 g,Naturefoods,,"2,29 €","(13,09 € / Kg)",
Cem Porcento Aveia Instantânia Express sabor Chocolate embalagem 400 g,Cem Porcento,,"4,99 €","(12,48 € / Kg)",
Cem Porcento Flocos Finos de Aveia sem Glúten embalagem 400 g,Cem Porcento,,"2,35 €","(5,88 € / Kg)",
Medici Vinho Branco de Itália Lambrusco garrafa 75 cl,Medici,,"4,15 €","(5,53 € / Litro)",
El Corte Inglés Anti-Calcário para a Máquina da Roupa em Pastilhas embalagem 40 unidades,El Corte Inglés,,"3,49 €","(0,09 € / Unidade)",
Monster Bebida Energética Absolutely Energy Zero Açúcar lata 50 cl,Monster,,"1,60 €","(3,20 € / Litro)",
La Mole Gressinos Sfornatini de Azeite embalagem 200 g,La Mole,,"2,45 €","(12,25 € / Kg)",
Vepo Cheese Queijo Gouda em Fatias sem Lactose embalagem 150 g,Vepo Cheese,,"2,49 €","(16,60 € / Kg)",
Nestlé Lion Chocolate Caramelo Blond Edição Limitada Pack 5 embalagem 30 g,Nestlé Lion,,"2,99 €","(99,67 € / Kg)",
Ballantine's Finest Whisky Escocês garrafa 70 cl,Ballantine's Finest,,"12,99 €","(18,56 € / Litro)",
Oral-B 3D White Escova de Dentes Média embalagem 2 unidades,Oral-B 3D White,,"4,89 €","(2,44 € / Unidade)",
Pringles Aperitivos de Natas e Cebola embalagem 175 g,Pringles,,"2,99 €","(17,09 € / Kg)",
Heidel Chocolate de Leite Angles tablete 100 g,Heidel,,"5,99 €","(59,90 € / Kg)",
Babaria Rosa Mosqueta Sabonete Líquido para as Mãos embalagem 500 ml,Babaria Rosa Mosqueta,,"2,69 €","(5,38 € / Litro)",
Glamour Elásticos para Cabelo embalagem 5 unidades,Glamour,,"3,49 €","(0,70 € / Unidade)",
Taboadella Vinho Tinto do Dão Reserva Touriga Nacional garrafa 75 cl,Taboadella,,"16,99 €","(22,65 € / Litro)",
Quinta do Vallado Vinho do Porto 20 Anos garrafa 50 cl,Quinta do Vallado,,"30,90 €","(61,80 € / Litro)",
Codyfer Palmilhas Tamanho 41-42 1 par,Codyfer,,"3,95 €","(3,95 € / Unidade)",
Veckia Elixir Menta Fresca com Flúor embalagem 500 ml,Veckia,,"1,29 €","(0,26 € / 10 ml.)",
Monte Cascas Vinho da Beira Interior Colheita DOC Biológico garrafa 75 cl,Monte Cascas,,"7,99 €","(10,65 € / Litro)",
El Corte Inglés Lasanha Vegetal 2 Porções embalagem 600 g,El Corte Inglés,,"3,29 €","(5,48 € / Kg)",
El Corte Inglés Bolachas Wafer de Cacau embalagem 200 g,El Corte Inglés,,"0,79 €","(3,95 € / Kg)",
"Shoyce Bebida de Coco Suave 0% Açúcares Adicionados, 0% Lactose sem Glúten embalagem 1 L",Shoyce,,"2,39 €","(2,39 € / Litro)",
Rana Ravioli Trufa Branca Gourmet com Cogumelos e Queijo embalagem 250 g,Rana,,"3,99 €","(15,96 € / Kg)",
Espiga Aipo Moído frasco 45 g,Espiga,,"2,55 €","(56,67 € / Kg)",
Artesanas Chupa Chupa embalagem 55 g,Artesanas,,"1,45 €","(26,36 € / Kg)",
Officer Ovas de Bacalhau lata 200 g,Officer,,"2,89 €","(14,45 € / Kg)",
Gelpeixe Crepes de Chocolate Belga embalagem 540 g,Gelpeixe,,"5,49 €","(10,17 € / Kg)",
Snapy Bolachas Wafer de Canela embalagem 250 g,Snapy,,"1,34 €","(5,36 € / Kg)",
Ben & Jerry's Gelado Cookie Dough embalagem 465 ml,Ben & Jerry's,,"6,79 €","(14,60 € / Litro)",
Magabel Chá Preto Descafeinado embalagem 10 unidades,Magabel,,"1,25 €","(0,12 € / Unidade)",
Muros Antigos Vinho Verde Escolha Branco garrafa 75 cl,Muros Antigos,,"5,09 €","(6,79 € / Litro)",
El Corte Inglés Queijo Mozzarella em Fatias embalagem 200 g,El Corte Inglés,,"1,99 €","(9,95 € / Kg)",
"Mateus Vinho Rosé garrafa 37,5 cl",Mateus,,"2,59 €","(6,91 € / Litro)",
El Corte Inglés Pão Ralado Caseiro embalagem 500 g,El Corte Inglés,,"1,19 €","(2,38 € / Kg)",
Haagen-Dazs Gelado de Macadâmia e Avelã Brittle Pack 3 embalagem 80 ml,Haagen-Dazs,,"4,69 €","(19,54 € / Litro)",
Koala Gelatina de Morango 0% Açúcar embalagem 130 g,Koala,,"1,15 €","(8,85 € / Kg)",
Mentos Rebuçados de Morango embalagem 38 g,Mentos,,"0,85 €","(22,37 € / Kg)",
Dermexcellence Máscara para Adulto Branca embalagem 1 unidade,Dermexcellence,,"1,75 €","(1,75 € / Unidade)",
Hikari Pasta de Miso Branco embalagem 400 g,Hikari,,"4,20 €","(10,50 € / Kg)",
"Safrina Açafrão embalagem 0,5 g",Safrina,,"2,99 €",(5.980 € / Kg),
Cem Porcento Infusão Detox Matinal embalagem 13 g,Cem Porcento,,"1,09 €","(83,85 € / Kg)",
Ioniki Folhado Grego de Espinafres e Azeite Vegan embalagem 850 g,Ioniki,,"6,69 €","(7,87 € / Kg)",
El Corte Inglés Ambientador Pérolas Perfumadas de Frutos Vermelhos embalagem 1 unidade,El Corte Inglés,,"1,89 €","(1,89 € / Unidade)",
Glamour Corta Unhas Pedicure embalagem 1 unidade,Glamour,,"4,19 €","(4,19 € / Unidade)",
Nivea Visage Q10 Creme Anti-Rugas embalagem 15 ml,Nivea Visage Q10,,"12,99 €",(606 € / Litro),"12,99 €"
Hein Salsichas Rostbratwurst para Grelhar 10 x 100 g,Hein,,"19,98 €/kg",,
Body Natur Serum Corporal Velvet com Arandanos e Açai embalagem 200 ml,Body Natur,,"9,35 €","(34,95 € / Litro)","9,35 €"
Santa Catarina Atum ao Natural em Posta lata 160 g,Santa Catarina,,"1,99 €","(12,44 € / Kg)",
Cem Porcento Chá Solúvel Verde Ventre Plano embalagem 60 g,Cem Porcento,,"1,89 €","(31,50 € / Kg)",
Excellence Creme Coloração Nº 8.1 Louro Claro Cendrê embalagem 1 unidade,Excellence Creme,,"11,99 €","(11,99 € / Unidade)",
Oriente Arroz Oriente Thai Jasmin embalagem 1 kg,Oriente,,"2,69 €","(2,69 € / Kg)",
Valor Chocolate Preto com 70% de Cacau sem Glúten e sem Açúcar Adicionado embalagem 125 g,Valor,,"2,75 €",(22 € / Kg),
Tostagrill Tostas embalagem 225 g,Tostagrill,,"1,59 €","(7,07 € / Kg)",
Gelcampo Grelos embalagem 1 kg,Gelcampo,,"2,75 €","(2,75 € / Kg)",
Gazela Sangria Rosé garrafa 75 cl,Gazela,,"3,79 €","(5,05 € / Litro)",
Popz Pipocas para Microondas com Sal Pack 3 embalagem 90 g,Popz,,"2,99 €","(33,22 € / Kg)",
Carr's Crackers embalagem 125 g,Carr's,,"1,65 €","(13,20 € / Kg)",
Granini Néctar de Toranja Rosa garrafa 1 L,Granini,,"2,75 €","(2,75 € / Litro)",
Ausonia Discreet Cuecas para Adultos com Incontinência Cintura Baixa Tamanho M embalagem 8 unidades,Ausonia Discreet,,"7,99 €","(0,75 € / Unidade)","7,99 €"
Pardo Sabonete Líquido para as Mãos Glicerina Hidratante embalagem 500 ml,Pardo,,"4,40 €","(0,88 € / 10 ml.)",
Badedas Gel de Banho embalagem 750 ml,Badedas,,"21,05 €","(2,81 € / 10 ml.)",
"Mother Bio Bolachas de Framboesa Vegan, sem Açúcar e sem Glúten Biológicas embalagem 100 g",Mother Bio,,"4,19 €","(41,90 € / Kg)",
Terras de Mogadouro Vinho Tinto de Trás os Montes garrafa 75 cl,Terras de Mogadouro,,"5,99 €","(7,99 € / Litro)",
Lacasa Chocolate Quente para Beber embalagem 350 g,Lacasa,,"3,55 €","(10,14 € / Kg)",
Suchard Torrão de Chocolate Preto com Laranja embalagem 260 g,Suchard,,"4,55 €","(17,50 € / Kg)",
Nestlé Bombons de Chocolate com Recheio de Cereja embalagem 158 g,Nestlé,,"4,11 €","(26,01 € / Kg)",
Mimosa Leite UHT Magro Pack 3 embalagem 200 ml,Mimosa,,"1,19 €","(1,98 € / Litro)",
"Lizi's Super Muesli Cleanse com Cranberry, Raspberry e Cherry Vegan embalagem 400 g",Lizi's,,"12,89 €","(32,22 € / Kg)",
Paladar Pronto Esparregado de Espinafres embalagem 350 g,Paladar Pronto,,"2,99 €","(8,54 € / Kg)",
Special Line Rolo de Hambúrguer Vegetal com Tofu e Algas embalagem 750 g,Special Line,,"9,89 €","(13,19 € / Kg)",
Magabel Tisana Equinácea embalagem 50 g,Magabel,,"3,45 €",(69 € / Kg),
Pirata Pimenta Biquinho frasco 90 g,Pirata,,"3,29 €","(36,56 € / Kg)",
"Monsaraz Vinho Tinto do Alentejo garrafa 37,5 cl",Monsaraz,,"2,39 €","(6,37 € / Litro)",
Iglo Green Cuisine Veggie Bowl Couscous com Feijões de Edamame e Rebentos de Bambu Vegan embalagem 350 g,Iglo Green Cuisine,,"3,99 €","(9,11 € / Kg)","3,99 €"
Nestlé L'Atelier Chocolate Preto com Amêndoas embalagem 115 g,Nestlé L'Atelier,,"2,65 €","(23,04 € / Kg)",
Cobra Cerveja garrafa 33 cl,Cobra,,"1,69 €","(5,12 € / Litro)",
Jean Louis David Escova de Metal embalagem 1 unidade,Jean Louis David,,"11,20 €","(11,20 € / Unidade)",
Hengstenberg Couve Roxa frasco 680 g,Hengstenberg,,"3,39 €","(4,99 € / Kg)",
Moët & Chandon Champanhe Ice Impérial garrafa 75 cl,Moët & Chandon,,"60,45 €","(80,60 € / Litro)",
El Corte Inglés Selection Gaspacho sem Glúten embalagem 1 L,El Corte Inglés Selection,,"3,25 €","(3,25 € / Litro)",
Mestemacher Base para Tortilha embalagem 270 g,Mestemacher,,"2,79 €","(10,33 € / Kg)",
El Corte Inglés Miolo de Camarão 35/40 Peças embalagem 200 g,El Corte Inglés,,"3,99 €","(19,95 € / Kg)",
Q M Conjunto 2 Vinhos Verde Alvarinho + Copo garrafa 75 cl,Q M,,"19,90 €","(13,27 € / Litro)",
Lay's Batatas Fritas sabor Queijo e Cebola embalagem 150 g,Lay's,,"1,99 €","(13,27 € / Kg)",
Matutano Mix Amendoins e Milho com Sal embalagem 130 g,Matutano Mix,,"1,69 €","(9,62 € / Kg)","1,69 €"
Spontex Sensitive Luvas Ultra Fresh Médias 1 par,Spontex Sensitive,,"2,99 €","(2,99 € / Unidade)",
Pescanova Camarão Cozido embalagem 250 g,Pescanova,,"24,99 €","(99,96 € / Kg)",
Bísaro Presunto de Porco 30 Meses em Fatias unidade 70 g,Bísaro,,"10,59 €","(151,29 € / Kg)",
Lola Acidificante Densidade embalagem 250 g,Lola,,"9,45 €","(37,80 € / Kg)",
Body Natur Desodorizante Anti-Transpirante para Pés embalagem 150 ml,Body Natur,,"5,75 €","(38,33 € / Litro)",
Glade Ambientador Sense&Spray Pure Clean Linen Recarga embalagem 18 ml,Glade,,"11,98 €","(665,56 € / Litro)",
Titular Vinho Tinto do Dão garrafa 75 cl,Titular,,"7,49 €","(9,99 € / Litro)",
Sagres Cerveja Mini Pack 24 unidades embalagem 25 cl,Sagres,,"10,99 €","(1,83 € / Litro)",
Nolita Preparado Mix Panquecas Chia Zero Açúcar Adicionado Biológico sem Glúten embalagem 420 g,Nolita,,"5,99 €","(14,26 € / Kg)",
Salutem Chocolate Preto Extra 99% Cacau com Arandos sem Açúcar Adicionado embalagem 75 g,Salutem,,"1,89 €","(25,20 € / Kg)",
Nestlé Nesquik Cereais de Chocolate embalagem 625 g,Nestlé Nesquik,,"4,59 €","(7,34 € / Kg)",
Gordons Cerveja da Escócia garrafa 33 cl,Gordons,,"3,49 €","(10,58 € / Litro)",
Macal Paio do Lombo em Fatias embalagem 90 g,Macal,,"1,99 €","(22,11 € / Kg)",
Panettone sem Glúten embalagem 420 g,,,"10,95 €","(26,07 € / Kg)",
Mercurochrome Pensos para Mãos e Pés embalagem 20 unidades,Mercurochrome,,"3,99 €","(0,20 € / Unidade)",
Control Gel Lubrificante Tropical embalagem 75 ml,Control,,"9,49 €","(126,53 € / Litro)",
Tena Cuecas para Adultos com Incontinência Silhouete Plus Cor Preto de Cintura Alta Tamanho M embalagem 9 unidades,Tena,,"11,99 €","(1,33 € / Unidade)",
Fructis Condicionador Super Nutrição de Banana para Cabelos Secos embalagem 350 ml,Fructis,,"6,59 €","(18,83 € / Litro)",
"Aquarel Água sem Gás garrafa 1,5 L",Aquarel,,"0,59 €","(0,39 € / Litro)",
Lola Máscara Capilar Super Hidratante Morte Súbita embalagem 450 g,Lola,,"12,47 €","(27,71 € / Kg)",
Nova Açores Queijo Flamengo em Fatias embalagem 200 g,Nova Açores,,"2,25 €","(11,25 € / Kg)",
Kellogg's Special K Cereais Classic embalagem 750 unidade,Kellogg's Special K,,"6,35 €","(8,47 € / Kg)",
Gillette After Shave Loção Revitalizing embalagem 100 ml,Gillette,,"6,99 €","(69,90 € / Litro)",
Hempology Café Torrado com Sementes de Cânhamo Moídas e Canela de Ceilão Biológico embalagem 250 g,Hempology,,"13,79 €","(55,16 € / Kg)",
Glamour Escova de Cabelo Pneumática embalagem 1 unidade,Glamour,,"12,65 €","(12,65 € / Unidade)",
Kahlua Licor de Café garrafa 75 cl,Kahlua,,"20,99 €","(29,99 € / Litro)",
Dodot Sensitive Fraldas 2 a 5 kg Tamanho 1 embalagem 80 unidades,Dodot Sensitive,,"22,49 €","(0,28 € / Unidade)",
Renova Art de La Table Guardanapos embalagem 50 unidades,Renova Art de La Table,,"2,49 €","(0,05 € / Unidade)",
Depend Cuecas Para Adultos Homem com Incontinência Absorção Super Tamanho S/M embalagem 10 unidades,Depend,,"9,79 €","(0,98 € / Unidade)",
Lien Ying Goma Bio embalagem 50 g,Lien Ying,,"1,30 €",(26 € / Kg),
Murganheira Espumante Bruto Único garrafa 75 cl,Murganheira,,"30,59 €","(40,79 € / Litro)",
Seeberger Alperce Seco embalagem 125 g,Seeberger,,"2,79 €","(22,32 € / Kg)",
Esteva Conjunto Dois Vinhos Tinto do Douro garrafa 75 cl,Esteva,,"9,98 €","(6,65 € / Litro)",
Regina Chocolates Sortidos Barco Recreio embalagem 300 g,Regina,,"14,50 €","(48,33 € / Kg)",
Vieira Bolacha Sortida Vegan Chocolate Negro Princesa embalagem 200 g,Vieira,,"2,39 €","(11,95 € / Kg)",
Paiva Queijo Amanteigado Grande Peso Aproximado por unidade 1 kg,Paiva,,"13,99 €/kg",,
Smint Clean Breath Rebuçados de Limão 2H com Extracto de Melissa sem Açúcar Pack 2 embalagem 35 g,Smint Clean Breath,,"4,35 €","(124,29 € / Kg)",
Kompassus Vinho Tinto da Bairrada garrafa 75 cl,Kompassus,,"5,59 €","(7,45 € / Litro)",
El Corte Inglés Selection Feijão Verde Redondo Cortado em Pedaços Médios embalagem 350 g,El Corte Inglés Selection,,"1,99 €","(5,69 € / Kg)",
Ile Bolachas Trakinas com Recheio de Morango embalagem 126 g,Ile,,"1,39 €","(11,03 € / Kg)",
Prozis Frango com Molho de Parmesão High Protein embalagem 370 g,Prozis,,"6,99 €","(18,89 € / Kg)",
Gerber Sobremesa de Fruta sabor Maçã Alperce e Pêssego frasco 125 g,Gerber,,"1,45 €","(11,60 € / Kg)",
Duracell Plus Pilhas AA LR6 / MN1500 +100% Extra Life embalagem 4 unidades,Duracell Plus,,"5,49 €","(1,37 € / Unidade)",
Glamour Pincel Pálpebras embalagem 1 unidade,Glamour,,"5,95 €","(5,95 € / Unidade)",
José de Sousa Vinho Tinto do Alentejo garrafa 75 cl,José de Sousa,,"9,99 €","(13,32 € / Litro)",
Herbal Essences Bio-Renew Champô Aloe Vera + Cânhamo Repara e Suaviza para Cabelo Seco embalagem 380 ml,Herbal Essences Bio-Renew,,"4,99 €",(3.740 € / Litro),"4,99 €"
El Corte Inglés Queijo Flamengo em Fatias embalagem 200 g,El Corte Inglés,,"1,89 €","(9,45 € / Kg)",
Costa do Pombal Vinho Tinto do Douro garrafa 75 cl,Costa do Pombal,,"4,99 €","(6,65 € / Litro)",
Porminho Bacon Extra em Fatias Finas embalagem 150 g,Porminho,,"2,69 €","(17,93 € / Kg)",
G - Tan Noodles de Arroz Pad Thai embalagem 250 g,G - Tan,,"2,89 €","(11,56 € / Kg)",
Vitacress Croutons de Queijo e Sésamo embalagem 75 g,Vitacress,,"1,49 €","(19,87 € / Kg)",
Serras de Penela Queijo Curado de Mistura com Alho e Oregãos unidade 180 g,Serras de Penela,,"3,79 €","(21,06 € / Kg)",
Pastoret Caprichos de Iogurte Framboesa e Líchia embalagem 150 g,Pastoret,,"2,49 €","(16,60 € / Kg)",
Président Queijo Creme Semi Curado embalagem 125 g,Président,,"2,49 €","(19,92 € / Kg)",
Palmer's Loção Hidratante Óleo de Coco embalagem 250 ml,Palmer's,,"8,35 €","(33,40 € / Litro)",
Burmester Vinho do Porto Tawny garrafa 75 cl,Burmester,,"7,49 €","(9,99 € / Litro)",
Skandia Vida Salmão Fumado Norueguês -30% de Sal embalagem 80 g,Skandia Vida,,"5,45 €","(68,12 € / Kg)",
Mercurochrome Pensos Hidrocoloides para Bolhas embalagem 6 unidades,Mercurochrome,,"4,29 €","(0,53 € / Unidade)","4,29 €"
Qampo Salicórnia 100% embalagem 45 g,Qampo,,"5,59 €","(124,22 € / Kg)",
Bourgogne Vinho Tinto de França Pinot Noir Cuvee Saint Vincent garrafa 75 cl,Bourgogne,,"19,45 €","(25,93 € / Litro)",
Men Expert Desodorizante Stress Resist Spray embalagem 150 ml,Men Expert,,"3,99 €","(26,60 € / Litro)",
Compal Vital Sumo de Frutos Vermelhos Protecção Anti-Ox embalagem 33 cl,Compal Vital,,"0,85 €","(2,58 € / Litro)",
Conimex Wok Noodles embalagem 248 g,Conimex,,"3,59 €","(14,48 € / Kg)",
Doce Contradição Boneca de Natal Vermelha com Bombons embalagem 150 g,Doce Contradição,,"24,95 €","(166,33 € / Kg)",
Paço dos Infantes Vinho Branco Alentejano Antão Vaz garrafa 75 cl,Paço dos Infantes,,"13,50 €",(18 € / Litro),
Tripel Karmeliet Cerveja da Bélgica Premium Ale garrafa 75 cl,Tripel Karmeliet,,"13,95 €","(18,60 € / Litro)",
Old Spice Desodorizante Spray Whitewater embalagem 150 ml,Old Spice,,"4,49 €","(29,93 € / Litro)",
Roti Extra de Lombo de Porco Peso Aproximado 700 g,,,"6,75 €/kg",,
"Mix Amêndoa, Caju e Amendoim Torrado com Sal embalagem 130 g",,,"3,79 €","(29,15 € / Kg)",
Reyes Varón Blinis 4 Unidades unidade 200 g,Reyes Varón,,"3,19 €","(15,95 € / Kg)",
"Garoupa Peso Aproximado por unidade 2,5 kg",,,"14,99 €/kg",,
Natursoy Hambúrguer com Cogumelos 2 Unidades embalagem 75 g,Natursoy,,"3,69 €","(24,60 € / Kg)",
Margão Piri-Piri Moído embalagem 50 g,Margão,,"1,49 €","(29,80 € / Kg)",
Cem Porcento Bolachas Wafer de Fibra e Chocolate embalagem 180 g,Cem Porcento,,"2,19 €","(12,17 € / Kg)",
Patak's Molho Indiano Tandoori frasco 450 g,Patak's,,"3,89 €","(8,64 € / Kg)",
RTM Trufa L'Ortolan unidade 135 g,RTM,,"4,99 €","(36,96 € / Kg)",
Delta Q Café Biológico embalagem 10 cápsulas,Delta Q,,"4,39 €","(0,44 € / Unidade)",
Goldbee Licor de Limão garrafa 50 cl,Goldbee,,"13,45 €","(26,90 € / Litro)",
Parodontax Pasta de Dentes Cuidado Diário embalagem 75 ml,Parodontax,,"5,59 €","(74,53 € / Litro)",
Salutem Flocos de Aveia Tostados embalagem 375 g,Salutem,,"2,79 €","(7,44 € / Kg)",
Jubileu Árvore de Natal com Bombons embalagem 135 g,Jubileu,,"6,25 €","(46,30 € / Kg)",
Nivea Micellair Água Micelar Óleo e Água de Rosas embalagem 400 ml,Nivea Micellair,,"7,99 €","(19,98 € / Litro)",
Vale da Mata Vinho Tinto de Lisboa garrafa 75 cl,Vale da Mata,,"10,30 €","(13,73 € / Litro)",
GOT2B Spray Proteção de Calor 220º C Guardian Angel embalagem 200 ml,GOT2B,,"6,59 €","(32,95 € / Litro)",
Soft&Co Creme Hidratante para o Corpo Hipoalergénico embalagem 1000 ml,Soft&Co,,"14,40 €","(14,40 € / Litro)",
Nissin Soba Noodles Clássico embalagem 109 g,Nissin,,"1,69 €","(15,50 € / Kg)",
Maybelline Super Stay Batom Ink Crayon Nº 85 Change is Good embalagem 1 unidade,Maybelline Super Stay,,"8,99 €","(8,99 € / Unidade)",
Cantinho das Aromáticas Tisana Caixa de Madeira Biológica embalagem 54 unidades,Cantinho das Aromáticas,,"24,10 €","(0,45 € / Unidade)",
Lindt Gold Chocolate de Leite com Avelãs e Passas embalagem 300 g,Lindt Gold,,"7,99 €","(26,63 € / Kg)",
Acqua Nutrition Matcha Limão em saquetas embalagem 9 g,,,"0,39 €","(43,33 € / Kg)",
Codyfer Palmilhas Tamanho 37-38 1 unidade,Codyfer,,"3,95 €","(3,95 € / Unidade)",
Cosi Bio Coppa em Fatias Biológica unidade 80 g,Cosi Bio,,"7,29 €","(91,12 € / Kg)",
Babaria Fluido Revitalizante Energy embalagem 50 ml,Babaria,,"8,49 €","(169,80 € / Litro)",
Iswari Spirulina em Pó Biológica embalagem 125 g,Iswari,,"7,49 €","(59,92 € / Kg)",
Rexona Men Invisible Ice Desodorizante Roll-On embalagem 50 ml,Rexona Men Invisible Ice,,"4,49 €","(89,80 € / Litro)",
Parmalat Molho Béchamel embalagem 200 ml,Parmalat,,"1,06 €","(5,30 € / Litro)",
Finish Power Gel Detergente para a Máquina da Loiça em Gel embalagem 900 ml,Finish Power Gel,,"19,99 €","(22,21 € / Litro)",
Dr Pepper Refrigerante lata 33 cl,Dr Pepper,,"1,49 €","(4,52 € / Litro)",
Veckia Esponja de Banho para Bebés embalagem 1 unidade,Veckia,,"0,99 €","(0,99 € / Unidade)",
Próvida Biscoitos de Maçã Biológicos embalagem 250 g,Próvida,,"2,69 €","(10,76 € / Kg)",
Président Queijo Creme de Cabra embalagem 125 g,Président,,"2,49 €","(19,92 € / Kg)",
Jardim da Estrela Vinho Branco do Dão garrafa 75 cl,Jardim da Estrela,,"5,39 €","(7,19 € / Litro)",
Compal Clássico Néctar de Pera Rocha embalagem 1 L,Compal Clássico,,"0,99 €","(0,99 € / Litro)",
O Gelado Gelado de Avelã Piemonte com Praliné de Avelã embalagem 460 ml,O Gelado,,"7,85 €","(17,07 € / Litro)",
Starbucks Bebida de Chocolate Solúvel Signature 70% Cacau lata 330 g,Starbucks,,"6,49 €","(19,67 € / Kg)",
Agua Brava Desodorizante para Homem Spray embalagem 150 ml,Agua Brava,,"11,79 €","(7,86 € / 10 ml.)",
Cigala Arroz Agulha Integral embalagem 1 kg,Cigala,,"1,49 €","(1,49 € / Kg)",
García Baquero Burgos Línea Queijo Fresco sem Lactose Pack 4 embalagem 240 g,García Baquero Burgos Línea,,"2,85 €","(11,88 € / Kg)",
Filippo Berio Vinagre Balsâmico de Modena garrafa 250 ml,Filippo Berio,,"3,80 €","(15,20 € / Litro)",
Cimarrom Tosta Ralada embalagem 250 g,Cimarrom,,"0,55 €","(2,20 € / Kg)",
El Corte Inglés Atum em Óleo de Girassol Pack 3 embalagem 180 g,El Corte Inglés,,"1,99 €","(11,06 € / Kg)",
Maybelline Fit Me Base Fluída Matificante Matte para Pele Normal a Oleosa Nº 320 Natural Tan embalagem 1 unidade,Maybelline Fit Me,,"9,99 €","(9,99 € / Unidade)",
Real Natura Ativador Intensivo Pro-Cachos Definidos com Colagénio embalagem 500 ml,Real Natura,,"9,76 €","(19,52 € / Litro)",
Saldomar Sal Cristal 1 kg,Saldomar,,"0,32 €","(0,32 € / Kg)",
Gillette Blue II Plus Máquinas Descartáveis Pack 5 + 1 Grátis embalagem 6 unidades,Gillette Blue II Plus,,"3,69 €","(0,62 € / Unidade)",
Gillette Labs Máquinas de Barbear Recargas embalagem 4 unidades,Gillette Labs,,"24,99 €","(6,25 € / Unidade)",
Fructis Condicionador Cresce Forte Prevenção da Queda embalagem 200 ml,Fructis,,"3,99 €","(19,95 € / Litro)",
El Corte Inglés Açafrão embalagem 1 g,El Corte Inglés,,"8,99 €",(8.990 € / Kg),
Ahmad Tea Chá Preto Darjeeling embalagem 20 unidades,Ahmad Tea,,"3,99 €","(0,20 € / Unidade)",
Gresso Leite com Chocolate Pack 4 embalagem 200 ml,Gresso,,"1,59 €","(1,99 € / Litro)",
Portugueza Xarope de Groselha garrafa 1 L,Portugueza,,"3,59 €","(3,59 € / Litro)",
Campogrill Salsicha de Churrasco Vital unidade 360 g,Campogrill,,"3,25 €","(7,64 € / Kg)","3,25 €"
Babaria Desodorizante Spray Skin+Protect 200 ml,Babaria,,"3,69 €","(18,45 € / Litro)",
A Cagarrita Bolos Fósseis Doces embalagem 300 g,A Cagarrita,,"6,69 €","(22,30 € / Kg)",
Dr. Oetker Pizza Ristorante Margherita Pomodori Vegan embalagem 340 g,Dr. Oetker,,"5,69 €","(14,68 € / Kg)","5,69 €"
Aliada Salsichas Tipo Frankfurt Cozidas e Fumadas 5 Unidades frasco 250 g,Aliada,,"2,49 €","(9,96 € / Kg)",
Cif Detergente de Lavagem à Mão Ultra Desengordurante Limão Verde Concentrado embalagem 600 ml,Cif,,"2,99 €","(4,98 € / Litro)",
Antonio Banderas Eau de Toilette Queen embalagem 50 ml,Antonio Banderas,,"16,49 €","(329,80 € / Litro)",
El Corte Inglés Gel Sanitário 3 em 1 Spa embalagem 1 L,El Corte Inglés,,"1,09 €","(1,09 € / Litro)",
El Corte Inglés Selection Sumo de Romã embalagem 750 ml,El Corte Inglés Selection,,"3,89 €","(5,19 € / Litro)",
Fino Sacos do Lixo Green Life embalagem 10 unidades,Fino,,"2,39 €","(0,24 € / Unidade)",
D.Graça Vinho Tinto do Douro Magnum garrafa 150 cl,D.Graça,,"10,49 €","(6,99 € / Litro)",
Icecare Gelado Artesanal Stracciatella embalagem 500 ml,Icecare,,"6,95 €","(13,90 € / Litro)",
Cadão Vinho do Porto Vintage garrafa 75 cl,Cadão,,"29,50 €","(39,33 € / Litro)",
"Aquarius Bebida Isotónica de Limão sem Gás garrafa 1,5 L",Aquarius,,"2,35 €","(1,57 € / Litro)",
Glade Ambientador Automatic Lavanda Duo Recarga embalagem 269 ml,Glade,,"11,98 €","(44,54 € / Litro)",
Bacardi Rum Cocktail Mojito lata 25 cl,Bacardi,,"2,59 €","(10,36 € / Litro)",
Blandy's Vinho da Madeira Coleção de Miniaturas Pack 4 garrafa 5 cl,Blandy's,,"9,49 €","(47,45 € / Litro)",
Skip Ultimate Detergente para a Máquina da Roupa Higiene 3 em 1 embalagem 42 cápsulas,Skip Ultimate,,"12,99 €","(0,31 € / Dose)",
El Corte Inglés Rebuçados de Café sem Açúcar sem Glúten embalagem 90 g,El Corte Inglés,,"1,09 €","(12,11 € / Kg)",
"Clawson Queijo Scarlet White com Arandos Peso Aproximado por unidade 1,2 kg",Clawson,,"31,39 €/kg",,
Panealba Gressinos Stiratini embalagem 250 g,Panealba,,"2,49 €","(9,96 € / Kg)",
Alambre Moscatel de Setúbal garrafa 75 cl,Alambre,,"5,99 €","(7,99 € / Litro)",
Gliss Protecção Cor Champô para Cabelo Pintado embalagem 250 ml,Gliss Protecção Cor,,"4,99 €","(19,96 € / Litro)",
Nestlé NAN Optipro Leite de Transição 2 a partir dos 6 Meses embalagem 500 ml,Nestlé NAN Optipro,,"3,05 €","(6,10 € / Litro)",
Dalva Vinho do Porto Vintage garrafa 75 cl,Dalva,,"53,90 €","(71,87 € / Litro)",
Prozis Zero Wafer de Chocolate Preto Baixo em Açúcar embalagem 40 g,Prozis Zero,,"1,69 €","(42,25 € / Kg)",
El Corte Inglés Amendoins Runner Fritos com Pele embalagem 500 g,El Corte Inglés,,"2,75 €","(5,50 € / Kg)",
Cozinha Pronta Mini Empadas de Frango embalagem 560 g,Cozinha Pronta,,"6,68 €","(11,93 € / Kg)",
"Just For Men Coloração em Gel para Bigode, Barba e Patilhas Moreno M-45 embalagem 1 unidade",Just For Men,,"11,89 €","(11,89 € / Unidade)",
"Blédina Papa de Trigo, Aveia e Centeio +6 Meses sem Açúcar Não Láctea embalagem 200 g",Blédina,,"2,26 €","(8,45 € / Kg)","2,26 €"
El Almendro Cubits de Amêndoa e Chocolate de Leite sem Glúten embalagem 100 g,El Almendro,,"2,45 €","(24,50 € / Kg)",
La Piara Paté de Frango lata 75 g,La Piara,,"1,75 €","(23,33 € / Kg)",
Cem Porcento Chá Solúvel de Cidreira embalagem 60 g,Cem Porcento,,"1,75 €","(29,17 € / Kg)",
Hards VR Vinho Tinto Austrália Shiraz garrafa 75 cl,Hards VR,,"7,99 €","(10,65 € / Litro)",
Ruffles Double Crunch Batatas Fritas com Sabor a Barbecue embalagem 140 g,Ruffles Double Crunch,,"1,99 €","(10,64 € / Kg)","1,99 €"
McCain Batatas Golden Long para Frigideira Vegan embalagem 750 g,McCain,,"2,69 €","(3,59 € / Kg)",
Vileda Multi Sensitive Luvas Tamanho S/M embalagem 40 unidades,Vileda Multi Sensitive,,"13,49 €","(0,34 € / Unidade)",
Control Senso Preservativos Mais Finos embalagem 6 unidades,Control Senso,,"4,99 €","(0,83 € / Unidade)",
Ribeira Petingas em Azeite sem Glúten lata 85 g,Ribeira,,"1,49 €","(17,53 € / Kg)",
Vahiné Vela Nº 1 embalagem 1 unidade,Vahiné,,"2,19 €","(2,19 € / Unidade)",
E.A Vinho Branco do Alentejo garrafa 75 cl,E.A,,"9,49 €","(12,65 € / Litro)",
Real Natura Máscara Capilar Intensiva Pro-Cachos Definidos com Aloe Vera embalagem 1 kg,Real Natura,,"11,90 €","(11,90 € / Kg)",
El Cantero de Letur Iogurte Natural de Cabra Biológico Pack 2 embalagem 125 g,El Cantero de Letur,,"2,49 €","(9,96 € / Kg)",
Codyfer Atacador Branco 110 cm 1 unidade,Codyfer,,"2,65 €","(2,65 € / Unidade)",
Tulipán Negro Desodorizante 5 em 1 Spray embalagem 200 ml,Tulipán Negro,,"4,49 €","(22,45 € / Litro)",
Parmalat Nata para Culinária Carbonara embalagem 200 ml,Parmalat,,"1,27 €","(6,35 € / Litro)",
Santiveri Corn Bites Mini Tortas de Milho embalagem 100 g,Santiveri,,"2,09 €","(20,90 € / Kg)",
Kellogg's Cereais de Mel Pops embalagem 375 g,Kellogg's,,"2,55 €","(6,80 € / Kg)",
São Gião Queijo da Serra da Estrela DOP Peso Aproximado por unidade 900 g,São Gião,,"30,49 €/kg",,
El Corte Inglés Bases de Pizza Fina embalagem 450 g,El Corte Inglés,,"1,99 €","(4,42 € / Kg)",
Rodenbach Cerveja Alexander garrafa 33 cl,Rodenbach,,"3,99 €","(12,09 € / Litro)",
Kandoo Toalhitas Infantis Recarga 60 unidades,Kandoo,,"3,29 €","(0,05 € / Unidade)",
La Buona Terra Gressinos com Sésamo Biológicos embalagem 120 g,La Buona Terra,,"1,79 €","(14,92 € / Kg)",
The Famous Grouse Whisky garrafa 1 L,The Famous Grouse,,"18,99 €","(18,99 € / Litro)",
Doce Contradição Boneco de Natal Vermelho com Bombons embalagem 150 g,Doce Contradição,,"24,95 €","(166,33 € / Kg)",
Condi Sêmola de Milho embalagem 500 g,Condi,,"1,19 €","(2,38 € / Kg)",
"Intercoelho Coelho Inteiro Peso Aproximado por unidade 1,2 kg",Intercoelho,,"7,49 €/kg",,
Monte da Ravasqueira Vinho Branco do Alentejo Superior garrafa 75 cl,Monte da Ravasqueira,,"9,99 €","(13,32 € / Litro)",
El Corte Inglés Sóis Recheados com Presunto Ibérico embalagem 250 g,El Corte Inglés,,"2,09 €","(8,36 € / Kg)",
Garden Gourmet Panado Vegan embalagem 270 g,Garden Gourmet,,"4,99 €","(18,48 € / Kg)",
Ehrmann Pudim de Baunilha Rico em Proteína embalagem 200 g,Ehrmann,,"2,05 €","(10,25 € / Kg)",
Rana Tortellini 4 Queijos embalagem 250 g,Rana,,"3,29 €","(13,16 € / Kg)",
Judas Cerveja da Bélgica garrafa 33 cl,Judas,,"3,69 €","(11,18 € / Litro)",
Dum Dum Insecticida Casa e Plantas embalagem 400 ml,Dum Dum,,"4,99 €","(12,48 € / Litro)",
Green Shield Toalhetes de Limpeza para o Chão Antibacteriano embalagem 24 unidades,Green Shield,,"5,25 €","(0,22 € / Unidade)",
Babybel Queijo Mini Mix unidade 180 g,Babybel,,"3,99 €","(22,17 € / Kg)",
Paladar Pronto Grão à Indiana com Legumes Frescos embalagem 300 g,Paladar Pronto,,"4,99 €","(16,63 € / Kg)",
Mimosa Magro Aroma Iogurte Aroma Magro a Morango Pack 4 embalagem 120 g,Mimosa Magro Aroma,,"1,89 €","(3,94 € / Kg)",
Martin's Cerveja garrafa 33 cl,Martin's,,"3,79 €","(11,48 € / Litro)",
Mimosa Leite UHT Meio Gordo Pack 3 embalagem 200 ml,Mimosa,,"1,19 €","(1,98 € / Litro)",
Maria da Penha Vinho Branco do Alentejo garrafa 75 cl,Maria da Penha,,"2,19 €","(2,92 € / Litro)",
Dr. Beckmann Tira-Nódoas Caneta Express embalagem 9 ml,Dr. Beckmann,,"6,09 €","(676,67 € / Litro)",
A Leiteira Arroz Doce Pack 4 Unidades embalagem 115 g,A Leiteira,,"2,39 €","(5,20 € / Kg)",
Renova Papel Higiénico Azul embalagem 6 unidades,Renova,,"4,73 €","(0,79 € / Unidade)",
Lactimonte Queijo Fresco Magro Médio embalagem 200 g,Lactimonte,,"1,55 €","(7,75 € / Kg)",
Babaria Desodorizante Roll On Efeito Duplo embalagem 50 ml,Babaria,,"2,19 €","(43,80 € / Litro)",
KH-7 Tira Gorduras embalagem 750 ml,KH-7,,"4,89 €","(6,52 € / Litro)",
Finish Abrilhantador para a Máquina da Loiça Limão embalagem 800 ml,Finish,,"15,89 €","(19,86 € / Litro)",
El Corte Inglés Ají de Galinha com Fatias de Ovo Cozido e Azeitonas Pretas embalagem 300 g,El Corte Inglés,,"3,99 €","(13,30 € / Kg)",
Ariel Actilift Detergente para a Máquina da Roupa em Pó embalagem 42 doses,Ariel Actilift,,"19,25 €","(0,46 € / Cacito)",
Vahiné Velas Mágicas embalagem,Vahiné,,"2,29 €","(2,29 € / Unidade)",
El Corte Inglés 6 Cones de Baunilha sem Açúcar embalagem 720 ml,El Corte Inglés,,"2,89 €","(4,01 € / Litro)",
"Natura Bulgur Trigo, Tomate e Mangericão 2 Porções embalagem 250 g",Natura,,"1,99 €","(7,96 € / Kg)",
G'Vine Gin Floraison de França garrafa 70 cl,G'Vine,,"42,90 €","(45,70 € / Litro)","42,90 €"
Soberbo Vermute garrafa 70 cl,Soberbo,,"14,95 €","(21,36 € / Litro)",
Compagnia Dell'Arabica Café Colombia para Nespresso embalagem 10 cápsulas,Compagnia Dell'Arabica,,"3,59 €","(0,36 € / Unidade)",
Cem Porcento Flocos Finos de Aveia Integrais embalagem 400 g,Cem Porcento,,"0,99 €","(2,48 € / Kg)",
Queijo Creme unidade 150 g,,,"3,29 €","(21,93 € / Kg)",
Cristal Gourmet Vinagre de Romã Mater Biológico embalagem 250 ml,Cristal Gourmet,,"3,99 €","(15,96 € / Litro)",
Seleccion Alface Iceberg embalagem 500 g,Seleccion,,"1,49 €","(1,49 € / Unidade)",
Sonatural Beterraba embalagem 750 ml,Sonatural,,"4,49 €","(5,99 € / Litro)",
Soria Natural Bebida Vegetal Alpista Biológica embalagem 1 L,Soria Natural,,"1,99 €","(1,99 € / Litro)",
El Corte Inglés Gomas sem Glúten embalagem 200 g,El Corte Inglés,,"1,35 €","(6,75 € / Kg)",
Quinta Valdoeiro Vinho Tinto da Bairrada embalagem 75 cl,Quinta Valdoeiro,,"16,90 €","(11,27 € / Litro)",
Iswari Macaccino Sensual em Pó para Bebida com Cacau Biológico embalagem 250 g,Iswari,,"7,99 €","(31,96 € / Kg)",
Garnier Olia Coloração de Longa Duração Nº 7.0 Louro embalagem 1 unidade,Garnier Olia,,"11,99 €","(11,99 € / Unidade)",
Renova Skin Care Papel Higiénico Purissímo embalagem 24 unidades,Renova Skin Care,,"19,98 €","(0,42 € / Unidade)","19,98 €"
Veckia Água de Colónia Bebé Fragrância Suave embalagem 750 ml,Veckia,,"2,49 €","(0,33 € / 10 ml.)",
Rexona Motion Sense Desodorizante Shower Fresh Spray embalagem 200 ml,Rexona Motion Sense,,"4,69 €","(23,45 € / Litro)",
"Mimosa Eleva Iogurte Bifidus de Pêssego, Cenoura, Millet e Quinoa Vermelha sem Glúten e Lactose Pack 4 embalagem 115 g",Mimosa Eleva,,"2,99 €","(6,50 € / Kg)",
Maybelline Lash Sensational Máscara de Volume Efeito Leque Preto 1 unidade,Maybelline Lash Sensational,,"9,99 €","(9,99 € / Unidade)",
Lay's Originais Batatas Fritas sem Glúten embalagem 282 g,Lay's Originais,,"2,75 €","(9,75 € / Kg)",
Compal Essencial Doses de Fruta de Laranja sem Adição de Açúcar Pack 3 embalagem 110 ml,Compal Essencial,,"2,34 €","(7,09 € / Litro)",
Seia Queijo de Ovelha Curado Seco Apimentado unidade 550 g,Seia,,"10,99 €","(19,98 € / Kg)",
Nestlé Yogolino Alperce sem Glúten Pack 4 embalagem 100 g,Nestlé Yogolino,,"2,89 €","(7,22 € / Kg)",
Côte D'Or Chocolate Preto embalagem 200 g,Côte D'Or,,"3,29 €","(16,45 € / Kg)",
Espiga Açafrão das Índias frasco 45 g,Espiga,,"1,49 €","(33,11 € / Kg)",
Babaria Creme para as Mãos com Ureia embalagem 50 ml,Babaria,,"3,09 €","(61,80 € / Litro)",
Ahumados Dominguez Lombo de Salmão Fumado em Fatias Suprême embalagem 100 g,Ahumados Dominguez,,"9,99 €","(99,90 € / Kg)",
Evel Vinho Branco do Douro garrafa 75 cl,Evel,,"5,69 €","(7,59 € / Litro)",
Secos da Aldeia Amendoins Fritos Picantes embalagem 100 g,Secos da Aldeia,,"0,75 €","(7,50 € / Kg)",
Frutóbidos Licor de Ginja garrafa 50 cl,Frutóbidos,,"12,99 €","(25,98 € / Litro)",
Babaria Creme Facial com Ácido Glicólico embalagem 50 ml,Babaria,,"5,99 €","(119,80 € / Litro)",
Gullón Bolachas Digestivas de Aveia e Laranja embalagem 425 g,Gullón,,"2,95 €","(6,94 € / Kg)",
Tojeira Azeitona Galega Biológica frasco 320 g,Tojeira,,"4,35 €","(13,59 € / Kg)",
El Corte Inglés Queijo Curado embalagem 300 g,El Corte Inglés,,"4,49 €","(14,97 € / Kg)",
Sonasol Bloco Sanitário Desinfectante Gel Brilhante Tudo em 1 Oceano Ártico embalagem 42 g,Sonasol,,"3,39 €","(80,71 € / Kg)",
Brasmar Strudel de Maçã embalagem 500 g,Brasmar,,"3,39 €","(6,78 € / Kg)",
ADA Comfort Resguardo para Incontinência 60x40 cm embalagem 30 unidades,ADA Comfort,,"5,95 €","(0,20 € / Unidade)",
El Corte Inglés Selection Gofres Belgas de Açúcar 5 Unidades embalagem 275 g,El Corte Inglés Selection,,"2,25 €","(8,18 € / Kg)",
Dez Prá Uma Peito de Pato com Vinho do Porto embalagem 500 g,Dez Prá Uma,,22 €,(44 € / Kg),
Bonodor Discos Anti-Traça Roupa Limpa 2 unidades,Bonodor,,"2,99 €","(1,50 € / Unidade)",
JP Vinho Branco de Terras do Sado garrafa 75 cl,JP,,"3,09 €","(4,12 € / Litro)",
Joya Tofu Fumado Biológico embalagem 250 g,Joya,,"2,89 €","(11,56 € / Kg)",
Mars Whisky Japonês Cosmo garrafa 70 cl,Mars,,"69,50 €","(99,29 € / Litro)",
Beirabaga Doce de Figo frasco 270 g,Beirabaga,,"3,49 €","(12,93 € / Kg)",
Q M Vinho Rosé do Minho garrafa 75 cl,Q M,,"11,99 €","(15,99 € / Litro)",
Oboé Vinho Tinto do Douro Magnum garrafa 150 cl,Oboé,,"59,89 €","(39,93 € / Litro)",
El Corte Inglés Gomas Nuvens sem Glúten embalagem 200 g,El Corte Inglés,,"0,89 €","(4,45 € / Kg)",
Condi Gelatina Vegetal de Anánas Vegan embalagem 180 g,Condi,,"2,09 €","(11,61 € / Kg)",
Actimel Iogurte Líquido de Multifrutas Pack 6 embalagem 100 g,Actimel,,"3,29 €","(5,48 € / Kg)",
Mackays Doce de Laranja frasco 340 g,Mackays,,"3,69 €","(7,32 € / Kg)","3,69 €"
Reber Bombons Sortidos Mozart Constanze embalagem 240 g,Reber,,"16,99 €","(70,79 € / Kg)",
Espiga Chimichurri frasco 15 g,Espiga,,"1,99 €","(132,67 € / Kg)",
Frutas do Bosque Trimix Cuvete 170 g,,,"3,99 €","(23,47 € / Kg)",
Barilla Molho à Napolitana frasco 400 g,Barilla,,"3,99 €","(9,98 € / Kg)",
Gal Vaselina Neutra Perfumada embalagem 40 g,Gal,,"4,30 €","(107,50 € / Kg)",
Not Guilty Creme para Barrar de Amendoim e Cacau frasco 200 g,Not Guilty,,"2,99 €","(14,95 € / Kg)",
Hell Energy Bebida de Café Double Expresso lata 25 cl,Hell Energy,,"1,39 €","(5,56 € / Litro)",
Moaçor Bolacha Rural embalagem 250 g,Moaçor,,"1,15 €","(4,60 € / Kg)",
Helios Doce Natural de Pêssego sem Glúten frasco 330 g,Helios,,"3,34 €","(10,12 € / Kg)",
Pescarias do Algarve Petinga em Azeite Picante sem Glúten lata 115 g,Pescarias do Algarve,,"2,55 €","(22,17 € / Kg)",
Royal Salmão Fumado em Fatias embalagem 100 g,Royal,,"8,29 €","(82,90 € / Kg)",
Cantorel Queijo Bleu D'Auvergne,Cantorel,,"14,49 €/kg",,
Officer Mousse de Fígado de Bacalhau lata 115 g,Officer,,"2,95 €","(25,65 € / Kg)",
"Ozeki Bebida Japonesa Sake garrafa 37,5 cl",Ozeki,,"8,99 €","(23,97 € / Litro)",
Cabeça de Toiro Vinho Tinto do Tejo Grande Reserva garrafa 75 cl,Cabeça de Toiro,,"17,99 €","(23,99 € / Litro)",
Mercearia da Aldeia Queijo de Cabra Curado com Azeite e Pimenta Preta unidade 280 g,Mercearia da Aldeia,,"11,99 €","(42,82 € / Kg)",
Sical 5 Estrelas Café Torrado em Grão Lote Clássico Intensidade 9 embalagem 1 kg,Sical 5 Estrelas,,"13,99 €","(13,99 € / Kg)",
Lacasa Chocolate Preto com Avelãs Inteiras 70% Cacau embalagem 200 g,Lacasa,,"3,29 €","(16,45 € / Kg)",
Babaria Aloe Vera Creme Anti-Rugas embalagem 50 ml,Babaria Aloe Vera,,"9,65 €",(193 € / Litro),
Delicass Bloc de Foie Gras de Pato embalagem 130 g,Delicass,,"8,49 €","(65,31 € / Kg)",
Danone Iogurte de Baunilha Bicompartimentado com M&M'S embalagem 120 g,Danone,,"1,34 €","(11,17 € / Kg)",
Alpro Bebida de Soja Crescimento embalagem 1 L,Alpro,,"2,39 €","(1,89 € / Litro)","2,39 €"
El Corte Inglés Farfalle embalagem 500 g,El Corte Inglés,,"1,39 €","(2,78 € / Kg)",
Bourgogne Vinho Branco de França Cuvee Saint-Vincent garrafa 75 cl,Bourgogne,,"17,49 €","(23,32 € / Litro)",
Lindt Swiss Thins Chocolate de Leite e Laranja embalagem 125 g,Lindt Swiss Thins,,"6,99 €","(41,52 € / Kg)","6,99 €"
Ach Brito Sabonete Suave de Lavanda embalagem 125 g,Ach Brito,,"1,54 €","(12,32 € / Kg)",
Lay's Originais Batatas Fritas Lisas sem Glúten Pack 6 embalagem 30 g,Lay's Originais,,"2,29 €","(76,33 € / Kg)",
Quinta da Pedra Escrita Vinho Branco do Douro Biológico garrafa 75 cl,Quinta da Pedra Escrita,,"13,90 €","(18,53 € / Litro)",
OGX Condicionador Leite de Coco embalagem 385 ml,OGX,,"7,99 €","(221,94 € / Litro)",
Simplu Granola Berry com Mirtilo e Baunilha de Madagáscar Vegan sem Glúten Biológica embalagem 300 g,Simplu,,"8,25 €","(27,50 € / Kg)",
Humydry Ambientador Anti-Humidade Recarga com Oferta de Aparelho 3 unidades,Humydry,,"6,99 €","(2,33 € / Unidade)",
Delta Café Solúvel Grancafé Gold frasco 100 g,Delta,,"4,79 €","(47,90 € / Kg)",
Jordans Muesli Biológico embalagem 500 g,Jordans,,"5,69 €","(11,38 € / Kg)",
Smileat Morango e Banana +4 Meses Biológico embalagem 100 g,Smileat,,"1,39 €","(13,90 € / Kg)",
Quinta dos Abibes Vinho Tinto da Bairrada Reserva garrafa 75 cl,Quinta dos Abibes,,"13,75 €","(18,33 € / Litro)",
El Corte Inglés Espinafres Cortados 2 Porções embalagem 400 g,El Corte Inglés,,"0,75 €","(1,88 € / Kg)",
Valformoso Queijo Fresco para Barrar Light embalagem 200 g,Valformoso,,"1,45 €","(7,25 € / Kg)",
Nutrégi Iogurte com Polpa de Manga sem Lactose Pack 4 embalagem 125 g,Nutrégi,,"2,89 €","(4,62 € / Kg)","2,89 €"
Hempology Óleo de Semente de Cânhamo Biológico frasco 250 ml,Hempology,,"13,95 €","(55,80 € / Litro)",
Belleville Chocolate Culinário embalagem 200 g,Belleville,,"2,09 €","(10,45 € / Kg)",
Cem Porcento Manteiga de Amendoim embalagem 200 g,Cem Porcento,,"2,19 €","(10,95 € / Kg)",
Kaiku Leite sem Lactose embalagem 1 L,Kaiku,,"1,39 €","(1,39 € / Litro)",
Quinta da Pedra Escrita Vinho Tinto do Douro Magnum garrafa 300 cl,Quinta da Pedra Escrita,,"74,50 €","(24,83 € / Litro)",
Opo74 Cerveja Artesanal Gyroscope Ipa garrafa 33 cl,Opo74,,"2,99 €","(9,06 € / Litro)",
Garijo Baigorri Batatas Fritas em Azeite embalagem 150 g,Garijo Baigorri,,"2,09 €","(13,93 € / Kg)",
Ameixa Vermelha Peso Aproximado por unidade 100 g,,,"3,49 €/kg",,
Baguete Barra Lusa unidade 285 g,,,"1,19 €","(1,19 € / Unidade)",
El Corte Inglés Selection Pimentos Vermelhos Assados Pack 3 embalagem 180 g,El Corte Inglés Selection,,"2,54 €","(14,11 € / Kg)",
Globo Cubos de Papaia em Calda lata 425 g,Globo,,"2,45 €","(5,76 € / Kg)",
Nutrégi Iogurte com Pedaços de Pêssego sem Lactose Pack 4 embalagem 120 g,Nutrégi,,"2,89 €","(4,81 € / Kg)","2,89 €"
Special Line El Corte Inglés Tomilho embalagem 40 g,Special Line El Corte Inglés,,"1,50 €","(37,50 € / Kg)",
Santo António Bolachas de Gengibre embalagem 250 g,Santo António,,"3,89 €","(15,56 € / Kg)",
Condi Mousse de Manga embalagem 80 g,Condi,,"1,64 €","(20,50 € / Kg)",
Kleenex Lenços Faciais Pack 100% Reciclado embalagem 56 unidades,Kleenex,,"1,99 €","(0,04 € / Unidade)",
Ribeira Filetes de Cavala do Sul em Óleo lata 120 g,Ribeira,,"2,19 €","(18,25 € / Kg)",
Abre a Pestana Vinho Branco de Setúbal garrafa 75 cl,Abre a Pestana,,"4,49 €","(5,99 € / Litro)",
Milka Chocolate Triple Recheado com Chocolate embalagem 90 g,Milka,,"1,69 €","(18,78 € / Kg)",
Minhofumeiro Barriga Fumada de Ponte de Lima Peso Aproximado por unidade 200 g,Minhofumeiro,,"5,80 €","(28,99 € / Kg)",
Corretora Atum em Azeite Posta lata 200 g,Corretora,,"3,09 €","(15,45 € / Kg)",
"Dgdegusta Argolas de Côco ""Lisboa"" lata 160 g",Dgdegusta,,"7,39 €","(46,19 € / Kg)",
Santal Néctar de Pera Pack 3 embalagem 20 cl,Santal,,"1,85 €","(3,08 € / Litro)",
Lindt Chocolate de Leite com Avelãs embalagem 126 g,Lindt,,"2,69 €","(21,52 € / Kg)",
Almôndegas de Bovino Carnalentejana DOP embalagem 360 g,,,"6,95 €","(18,03 € / Kg)","6,95 €"
Condi Tooping de Caramelo embalagem 300 g,Condi,,"2,99 €","(9,97 € / Kg)",
"Terra Nostra Snack de Queijo Flamengo, Nozes e Passas embalagem 120 g",Terra Nostra,,"2,95 €","(24,58 € / Kg)",
Casas Altas Vinho Tinto da Beira Interior Reserva Touriga Nacional garrafa 75 cl,Casas Altas,,"14,90 €","(19,87 € / Litro)",
Calvé Molho de Cocktail frasco 253 g,Calvé,,"2,94 €","(11,62 € / Kg)",
Président Natas para Café embalagem 10 unidades,Président,,"1,05 €",(105 € / Kg),
El Corte Inglés Torrão Mousse de Chocolate sem Açúcares Adicionados sem Glúten embalagem 200 g,El Corte Inglés,,"3,99 €","(19,95 € / Kg)",
"Quinta da Foz Vinho Tinto do Douro Magnum garrafa 1,5 L",Quinta da Foz,,"39,90 €","(26,60 € / Litro)",
Dodot Pants Fraldas 9 a 15 kg Tamanho 4 embalagem 33 unidades,Dodot Pants,,"9,99 €","(0,30 € / Unidade)",
Covela Vinho Rosé do Minho garrafa 75 cl,Covela,,"8,99 €","(11,99 € / Litro)",
Nestlé Milo Achocolatado lata 400 g,Nestlé Milo,,"7,90 €","(19,75 € / Kg)",
Acqua Panna Água Mineral Natural garrafa 1 L,Acqua Panna,,"1,79 €","(1,79 € / Litro)",
Cadbury Chocolate Dairy Milk Wholenut embalagem 180 g,Cadbury,,"3,69 €","(20,50 € / Kg)",
Herdade do Rocim Vinho Tinto do Alentejo Amphora garrafa 75 cl,Herdade do Rocim,,"13,99 €","(18,65 € / Litro)",
Color Silk Coloração Permanente Nº 41 Castanho Médio embalagem 1 unidade,Color Silk,,"6,95 €","(6,95 € / Unidade)",
Quinta do Ameal Vinho Verde Loureiro Branco garrafa 75 cl,Quinta do Ameal,,"8,99 €","(11,99 € / Litro)",
"Conto Tarte de Maçã unidade 1,5 kg",Conto,,25 €,"(16,67 € / Kg)",
Autan Repelente Multi Insectos embalagem 100 ml,Autan,,"7,69 €","(76,90 € / Litro)",
Brisa Refrigerante de Maçã sem Açúcar Adicionado garrafa 1 L,Brisa,,"1,73 €","(1,73 € / Litro)",
El Corte Inglés Bio Macadamia Crua Biológica embalagem 200 g,El Corte Inglés Bio,,"9,99 €","(49,95 € / Kg)",
Fini Gomas Fizzy Sahara sem Glúten embalagem 80 g,Fini,,"0,89 €","(11,12 € / Kg)",
Feletti Bombons Sortidos Dame lata 400 g,Feletti,,"19,99 €","(49,98 € / Kg)",
Tanqueray Nº Ten Gin garrafa 70 cl,Tanqueray Nº Ten,,"43,99 €","(62,84 € / Litro)",
Skip Sensitive Detergente para a Máquina da Roupa Peles Sensíveis Líquido embalagem 66 doses,Skip Sensitive,,"24,99 €","(0,38 € / Dose)",
Queijo Mozzarella Ralado unidade 200 g,,,"3,25 €","(16,25 € / Kg)",
Fairy Detergente de Lavagem à Mão para Loiça Maxi Poder Frutos Vermelhos embalagem 640 ml,Fairy,,"4,60 €","(5,03 € / Litro)","4,60 €"
Cuétara Cream Cracker Leve 3 Pague 2 embalagem 200 g,Cuétara Cream Cracker,,"2,49 €","(12,45 € / Kg)",
Ambi Pur 3 Volution Ambientador Eléctrico Tatami do Japão Recarga 21 ml,Ambi Pur 3 Volution,,"6,99 €","(332,86 € / Litro)",
Trident Max Pastilhas de Pêssego e Melancia sem Açúcar embalagem 23 g,Trident Max,,"1,10 €","(47,83 € / Kg)",
Regina Chocolate de Leite com Sabor a Laranja embalagem 100 g,Regina,,"1,59 €","(15,90 € / Kg)",
Gullón Zero Bolachas Pequeno Almoço com Cereais Integrais sem Açúcares Adicionados Pack 6 embalagem 216 g,Gullón Zero,,"2,95 €","(13,66 € / Kg)",
Reverso Conjunto 2 Vinhos Tinto de Lisboa garrafa 75 cl,Reverso,,"37,50 €",(25 € / Litro),
Pato Brewing Cerveja Artesanal Patinho garrafa 33 cl,Pato Brewing,,"2,99 €","(9,06 € / Litro)",
Neo Blanc Gentil Líxivia para a Roupa a Cores e Delicada 1 L,Neo Blanc Gentil,,"2,99 €","(2,99 € / Litro)",
Vieira Bolachas Sortidas Princesa Ruby embalagem 200 g,Vieira,,"2,89 €","(14,45 € / Kg)",
La Molisana Massa Radiatori Nº 73 embalagem 500 g,La Molisana,,"1,99 €","(3,98 € / Kg)",
"Innocent Smoothie de Manga, Maracujá e Maçã sem Açúcares Adicionados garrafa 250 ml",Innocent,,"1,99 €","(7,96 € / Litro)",
Serra da Estrela Água sem Gás garrafão 6 L,Serra da Estrela,,"1,85 €","(0,31 € / Litro)",
Couve Chinesa Roxa Peso Aproximado por cuvete 800 g,,,"2,39 €","(2,99 € / Kg)",
Veckia Elixir Branqueador embalagem 500 ml,Veckia,,"1,49 €","(0,30 € / 10 ml.)",
L'Or Café Espresso Ristretto para Nespresso Intensidade 11 embalagem 40 cápsulas,L'Or,,"11,49 €","(0,29 € / Unidade)",
Mimosa Natas para Bater Light embalagem 200 ml,Mimosa,,"0,99 €","(4,45 € / Litro)","0,99 €"
Luzia Sabonete Líquido para as Mãos Recarga embalagem 500 ml,Luzia,,"0,79 €","(1,58 € / Litro)",
Desiam Kit Thai Caril Vermelho embalagem 285 g,Desiam,,"9,19 €","(32,25 € / Kg)",
Ferrero Rocher Chocolate de Leite tablete 90 g,Ferrero Rocher,,"2,59 €","(28,78 € / Kg)",
El Corte Inglés Bio Kéfir de Cabra Desnatado Biológico frasco 420 g,El Corte Inglés Bio,,"3,09 €","(7,36 € / Kg)",
Aussie Condicionador Reconstrutor embalagem 200 ml,Aussie,,"7,99 €","(39,95 € / Litro)",
Vaseline Bálsamo Labial Aloe embalagem 20 g,Vaseline,,"2,99 €","(149,50 € / Kg)",
Babaria Desinfectante para as Mãos 70% Álcool de Aloe Vera Spray embalagem 100 ml,Babaria,,"2,49 €","(24,90 € / Litro)",
Bísaro Cachaço de Porco unidade 250 g,Bísaro,,"9,95 €","(39,80 € / Kg)",
Studio Line Indestructible Cera Modeladora Fixação Forte embalagem 75 ml,Studio Line Indestructible,,"5,99 €","(79,87 € / Litro)",
Colmi Leite Condensado Cozido embalagem 397 g,Colmi,,"2,15 €","(5,42 € / Kg)",
El Cantero de Letur Iogurte Natural de Vaca Biológico embalagem 420 g,El Cantero de Letur,,"3,29 €","(7,83 € / Kg)",
Annas Bolachas Finas de Capuccino embalagem 150 g,Annas,,"2,24 €","(14,93 € / Kg)",
Parmalat Nata para Culinária embalagem 200 ml,Parmalat,,"1,06 €","(5,30 € / Litro)",
Eno Digestivo Pó para Bebida Efervescente de Limão Pack 10 embalagem 5 g,Eno Digestivo,,"4,99 €","(99,80 € / Kg)",
Glamour Pincel Base embalagem 1 unidade,Glamour,,"10,35 €","(10,35 € / Unidade)",
Fanta Go Refrigerante de Laranja com Gás Pack 6 lata 33 cl,Fanta Go,,"4,29 €","(2,17 € / Litro)",
Pimento Tricolor embalagem 500 g,,,"2,49 €","(4,98 € / Kg)",
Boulevard Cerveja Tank 7 Farmhouse garrafa 33 cl,Boulevard,,"5,15 €","(15,61 € / Litro)",
Ferbar Frutas Sortidas Cristalizadas embalagem 150 g,Ferbar,,"2,20 €","(14,67 € / Kg)",
"Carljung Vinho Tinto sem Álcool garrafa 0,75 L",Carljung,,"4,30 €","(5,73 € / Litro)",
Nivea Protect e Bronze Água Micelar para Pele Sensível embalagem 100 ml,Nivea Protect e Bronze,,"2,99 €","(29,90 € / Litro)",
Lindt Chocolate Preto 52% Cacau embalagem 125 g,Lindt,,"2,49 €","(19,92 € / Kg)",
Sani Higiene Ativa Bloco Sanitário Fresh Recarga embalagem 80 g,Sani Higiene Ativa,,"1,99 €","(24,88 € / Kg)",
El Corte Inglés Alcachofras Cortadas embalagem 450 g,El Corte Inglés,,"2,49 €","(5,53 € / Kg)",
Adega Cooperativa Ponte de Lima Vinho Tinto Verde garrafa 75 cl,Adega Cooperativa Ponte de Lima,,"3,49 €","(4,65 € / Litro)",
Berbigão Médio embalagem 1 kg,,,"5,99 €","(5,99 € / Unidade)",
Bauducco Mini Tostas embalagem 110 g,Bauducco,,"1,19 €","(10,82 € / Kg)",
Veet Bandas de Cera Depilatória Facial embalagem 40,Veet,,"12,99 €","(0,32 € / Unidade)",
Milka Choco Tutti Bolos de Chocolate embalagem 150 g,Milka Choco Tutti,,"2,49 €","(16,60 € / Kg)",
El Corte Inglés Cajus Fritos com Sal sem Glúten embalagem 150 g,El Corte Inglés,,"2,99 €","(19,93 € / Kg)",
Compal Vital Equilíbrio Sumo de Manga e Laranja embalagem 1 L,Compal Vital Equilíbrio,,"1,69 €","(1,69 € / Litro)",
Ti António Costeleta do Lombo Peso Aproximado por cuvete 670 g,Ti António,,6 €,"(8,95 € / Kg)",
Vianeza Massa Macarronete de Amaranto Teff e Quinoa sem Glúten embalagem 250 g,Vianeza,,"3,09 €","(12,36 € / Kg)",
Nutrégi Antioxidantes Iogurte com Pedaços de Frutos Silvestres Pack 4 embalagem 120 g,Nutrégi Antioxidantes,,"1,98 €","(16,50 € / Kg)",
Cornetto Gelado Clássico Pack 6 embalagem 540 ml,Cornetto,,"4,99 €","(9,24 € / Litro)",
El Corte Inglés Lasanha Bolonhesa embalagem 400 g,El Corte Inglés,,"2,65 €","(6,62 € / Kg)",
Quinta dos Monteirinhos Vinho Branco do Dão Reserva Encruzado garrafa 75 cl,Quinta dos Monteirinhos,,"13,95 €","(18,60 € / Litro)",
São Jorge Queijo Regional Dop 3 Meses unidade 300 g,São Jorge,,"3,99 €","(13,30 € / Kg)",
"Porta dos Cavaleiros Vinho Tinto do Dão garrafa 37,5 cl",Porta dos Cavaleiros,,"2,25 €",(6 € / Litro),
Sonasol Pro Nature Bloco Sanitário Desinfectante Menta Eucalipto 100% Embalagem Reciclada embalagem 50 g,Sonasol Pro Nature,,"2,20 €",(44 € / Kg),
El Corte Inglés 9 Mini Pizzas de 3 Queijos embalagem 270 g,El Corte Inglés,,"2,69 €","(9,96 € / Kg)",
Delta Q Café XXL Epiq Intensidade 14 embalagem 60 cápsulas,Delta Q,,"17,99 €","(0,30 € / Unidade)",
Quinta dos Murças Vinho Tinto do Douro Minas garrafa 75 cl,Quinta dos Murças,,"12,49 €","(16,65 € / Litro)",
Lola Tónico Noturno Densidade embalagem 25 ml,Lola,,"24,99 €","(999,60 € / Litro)",
Hermesetas Adoçante Stevia Sweet embalagem 300 unidades,Hermesetas,,"7,45 €","(0,02 € / Unidade)",
Ribeira Filetes de Cavala do Sul em Azeite lata 120 g,Ribeira,,"2,29 €","(19,08 € / Kg)",
Nivea Invisible Desodorizante Black & White Fresh Roll-On embalagem 50 ml,Nivea Invisible,,"4,49 €","(89,80 € / Litro)",
Bolo de Maçã e Canela embalagem 400 g,,,"3,90 €","(9,75 € / Kg)",
Smileat Papa 7 Cereais Biológica embalagem 220 g,Smileat,,"3,59 €","(16,32 € / Kg)",
Panrico Pão de Forma sem Côdea Familiar Vegan sem Lactose embalagem 650 g,Panrico,,"2,99 €","(4,60 € / Kg)",
"Letra Cerveja Artesanal ""D"" Red Ale garrafa 75 cl",Letra,,"5,39 €","(7,19 € / Litro)",
Lacasa Bombons de Chocolate Preto com Mirtilo embalagem 125 g,Lacasa,,"3,19 €","(25,52 € / Kg)",
El Corte Inglés Placas Pré-Cozidas para Canelones embalagem 125 g,El Corte Inglés,,"0,65 €","(5,20 € / Kg)",
R K M Limpa-Ouro embalagem 150 ml,R K M,,"12,99 €","(86,60 € / Litro)",
Gancia Espumante Asti Doce garrafa 75 cl,Gancia,,"8,69 €","(8,79 € / Litro)","8,69 €"
Mercurochrome Raspador e Lima para Pés embalagem 1 unidade,Mercurochrome,,"9,15 €","(6,85 € / Unidade)","9,15 €"
Barilla Fusilli embalagem 500 g,Barilla,,"1,55 €","(3,10 € / Kg)",
Drambuie Licor de Whisky garrafa 70 cl,Drambuie,,"24,99 €","(35,70 € / Litro)",
El Corte Inglés Feijão Catarino embalagem 1 kg,El Corte Inglés,,"2,29 €","(2,29 € / Kg)",
Búfalo Protector de Peles Incolor embalagem 250 ml,Búfalo,,"6,85 €","(27,40 € / Litro)",
El Corte Inglés Bio Milho Doce Biológico frasco 240 g,El Corte Inglés Bio,,"1,99 €","(8,29 € / Kg)",
Instituto Espanol Gel de Banho para Peles Atópicas embalagem 500 ml,Instituto Espanol,,"5,49 €","(10,98 € / Litro)",
São Gonçalo Vinho Verde Branco garrafa 75 cl,São Gonçalo,,"4,99 €","(6,65 € / Litro)",
Terra Nostra Queijo de Pastagem Original Flamengo em Barra,Terra Nostra,,"10,89 €/kg",,
Nova Classe Talheres de Madeira embalagem 12 unidades,Nova Classe,,"1,99 €","(0,17 € / Unidade)",
Rústica Biscottina Tostas com Alho e Salsa embalagem 100 g,Rústica Biscottina,,"1,49 €","(14,90 € / Kg)",
Go Tan Hóstias com Sabor a Camarão embalagem 50 g,Go Tan,,"1,75 €","(23,33 € / Kg)",
El Corte Inglés Selection Azeitonas Verdes Gordal 70/80 frasco 500 g,El Corte Inglés Selection,,"3,45 €","(6,90 € / Kg)",
Vianeza Massa Espirais de Trigo Sarraceno sem Glúten embalagem 250 g,Vianeza,,"4,39 €","(17,56 € / Kg)",
Cuétara Krit Aperitivos Piscis embalagem 350 g,Cuétara Krit,,"2,69 €","(7,69 € / Kg)",
Danzka Vodka garrafa 70 cl,Danzka,,"14,69 €","(20,99 € / Litro)",
Meatrading Bife Bovino Premium ao peso 1 kg,Meatrading,,"17,95 €/kg",,
"Zonin Espumante Bruto Proseco garrafa 1,50 L",Zonin,,"24,95 €","(16,63 € / Litro)",
Mestre Henriques Farinheira com Canela embalagem 220 g,Mestre Henriques,,"2,59 €","(11,77 € / Kg)",
Shikran Ovas de Peixe Mujjol frasco 100 g,Shikran,,"7,39 €","(58,90 € / Kg)","7,39 €"
Suchard Torrão de Chocolate Preto embalagem 260 g,Suchard,,"4,55 €","(17,50 € / Kg)",
Nacional Zero Bolachas Mini Cookies com Pepitas de Chocolate 0% Açúcares Adicionados embalagem 120 g,Nacional Zero,,"2,09 €","(17,42 € / Kg)",
Montanheira Chouriço de Porco Preto unidade 200 g,Montanheira,,"4,49 €","(22,45 € / Kg)",
Azeitona Preta Laminada,,,"8,69 €/kg",,
El Corte Inglés Detergente para a Máquina da Roupa em Cápsulas embalagem 20 doses,El Corte Inglés,,"4,39 €","(0,22 € / Dose)",
Paio Lombo Porco Preto Fatias unidade 100 g,,,"4,99 €","(49,90 € / Kg)",
Valor Chocolate Puro com Mousse de Trufa sem Açúcar embalagem 150 g,Valor,,"2,75 €","(18,33 € / Kg)",
Saloio Azeite Virgem Extra lata 500 ml,Saloio,,"4,15 €","(8,30 € / Litro)",
TRESEMME Mousse para Cabelo com Caracóis Botanique embalagem 200 ml,TRESEMME,,"3,59 €","(17,95 € / Litro)",
Nesquik Achocolatado em Pó embalagem 1 kg,Nesquik,,"7,99 €","(7,99 € / Kg)",
Herbas Infusão Tomilho e Limão Bio bolsa 30 g,Herbas,,"3,99 €",(133 € / Kg),
Gancia Espumante Grand Reale garrafa 75 cl,Gancia,,"4,99 €","(6,65 € / Litro)",
Zaini Mealheiro com Chocolate Patrulha Pata lata 30 g,Zaini,,"4,99 €","(166,33 € / Kg)",
Want Want Crackers de Arroz com Algas embalagem 160 g,Want Want,,"6,35 €","(39,69 € / Kg)",
Mexifoods Tortilhas de Milho Tacos embalagem 250 g,Mexifoods,,"3,05 €","(12,20 € / Kg)",
Ti Piedade Pão de Ló 4 Unidades embalagem 340 g,Ti Piedade,,"9,25 €","(27,21 € / Kg)",
Vieira Crackers com Sésamo embalagem 200 g,Vieira,,"1,59 €","(7,95 € / Kg)",
Delouis Mostarda com Vinagre de Cidra Biológica frasco 200 g,Delouis,,"5,49 €","(27,45 € / Kg)",
Iglo Green Cuisine Nuggets Polme Estilo Americano Vegan 11 Unidades embalagem 220 g,Iglo Green Cuisine,,"5,49 €","(24,95 € / Kg)",
Bolachas Ducales embalagem 294 g,,,"2,35 €","(7,99 € / Kg)",
Shakira Eau de Toilette Shakira embalagem 50 ml,Shakira,,"16,49 €","(329,80 € / Litro)",
Gourmet Passion Curry Vegan embalagem 400 g,Gourmet Passion,,"3,25 €","(8,12 € / Kg)",
Gogo Squeez Maçã e Morango 100% Fruta Pack 4 embalagem 90 g,Gogo Squeez,,"3,89 €","(10,81 € / Kg)",
El Corte Inglés Azeitonas Manzanilla Inteiras 180/200 frasco 500 g,El Corte Inglés,,"2,99 €","(5,98 € / Kg)",
Carlota Organic Sopa de Legumes Cogumelos Shitak frasco 450 g,Carlota Organic,,"4,09 €","(9,09 € / Kg)",
Cantorel Queijo Brie,Cantorel,,"12,99 €/kg",,
Quinta do Infantado Vinho Tinto do Douro Biológico garrafa 75 cl,Quinta do Infantado,,"14,25 €",(19 € / Litro),
Airwick Ambientador Essential Oils Apple Crumble Duo recarga 19 ml,Airwick,,"11,89 €","(625,79 € / Litro)",
Ehrmann Mousse de Avelã High Protein embalagem 200 g,Ehrmann,,"2,09 €","(10,45 € / Kg)",
Globo Polvilho Azedo do Brasil sem Glúten embalagem 500 g,Globo,,"2,39 €","(4,78 € / Kg)",
Royal Lombo de Salmão Fumado embalagem 150 g,Royal,,"15,95 €","(106,33 € / Kg)",
Lima & Quental Licor de Queijada da Vila garrafa 70 cl,Lima & Quental,,"12,49 €","(17,84 € / Litro)",
Cantinho das Aromáticas Infusão de Hortelã-Vulgar Reserva Biológica lata 40 g,Cantinho das Aromáticas,,"7,30 €","(182,50 € / Kg)",
Goshua Leite Creme frasco 140 g,Goshua,,"2,29 €","(14,71 € / Kg)","2,29 €"
Fairy Detergente de Lavagem à Mão para Loiça Concentrado Limão embalagem 1500 ml,Fairy,,"7,29 €","(4,86 € / Litro)",
Alternativa 3 Café Colômbia para Nespresso Biológico embalagem 10 cápsulas,Alternativa 3,,"4,69 €","(0,47 € / Unidade)",
Mentolin Rebuçados de Limão e Cidreira sem Açúcar embalagem 115 g,Mentolin,,"2,19 €","(21,90 € / Kg)",
Nestum Go! Cereais e Bolacha Maria embalagem 80 g,Nestum Go!,,"0,99 €","(12,38 € / Kg)",
Benediktiner Weissbier Cerveja da Alemanha de Trigo garrafa 50 cl,Benediktiner Weissbier,,"2,45 €","(4,90 € / Litro)",
Ta-Tung Hakao de Gambas embalagem 190 g,Ta-Tung,,"6,49 €","(51,10 € / Kg)",
Alternativa 3 Café Moído Colômbia Biológico embalagem 250 g,Alternativa 3,,"5,75 €",(23 € / Kg),
El Corte Inglés Fraldas 9 a 15 Kg Tamanho 4 embalagem 84 unidades,El Corte Inglés,,"10,99 €","(0,13 € / Unidade)",
Ruben Filetes de Arenque Fumado unidade 125 g,Ruben,,"6,59 €","(77,53 € / Kg)",
Maçã Granny Smith 80/85 Peso Aproximado por unidade 170 g,,,"2,79 €/kg",,
Becel Cozinha Creme Vegetal embalagem 450 g,Becel Cozinha,,"3,99 €","(8,87 € / Kg)",
Triboo Snack Sminolas de Morango Bio embalagem 25 g,Triboo,,"1,69 €","(67,60 € / Kg)",
Codyfer Palmilhas Tamanho 39-40 embalagem 1 par,Codyfer,,"10,15 €","(10,15 € / Unidade)",
"Sonatural Sumo de Manga, Laranja e Maçã embalagem 250 ml",Sonatural,,"1,98 €","(7,92 € / Litro)",
Milaneza Couscous Integral embalagem 500 g,Milaneza,,"2,49 €","(4,98 € / Kg)",
Polident Creme Fixador para Próteses Dentárias embalagem 70 g,Polident,,"7,39 €","(105,57 € / Kg)",
Nuts Original Amêndoa Torrada com Sal embalagem 120 g,Nuts Original,,"4,39 €","(36,58 € / Kg)",
El Corte Inglés Bio Cereais com Cobertura de Chocolate de Leite Biológicos embalagem 200 g,El Corte Inglés Bio,,"2,89 €","(14,45 € / Kg)",
Excellence Creme Coloração Nº 8 Louro Claro embalagem 1 unidade,Excellence Creme,,"11,99 €","(11,99 € / Unidade)",
Porco para Churrasco Peso Aproximado por cuvete 1 kg,,,"5,50 €","(5,50 € / Kg)",
Quinta do Olival Queijo de Cabra Curado Peso Aproximado por unidade 800 g,Quinta do Olival,,"18,99 €/kg",,
O Gelado Gelado de Chocolate Cookies e Flor de Sal embalagem 460 ml,O Gelado,,"7,19 €","(15,63 € / Litro)",
Globo Corante Verde frasco 28 ml,Globo,,"1,65 €","(58,93 € / Litro)",
Salutem Couscous de Lentilha embalagem 400 g,Salutem,,"3,99 €","(9,98 € / Kg)",
Sandeman Vinho do Porto 10 Anos + 20 Anos 75 cl,Sandeman,,"40,98 €","(27,32 € / Litro)",
Sagres Cerveja Preta sem Álcool 0.0% lata 33 cl,Sagres,,"0,99 €",(3 € / Litro),
Real Natura Condicionador Intensivo Pro-Vitamina Bomba Café embalagem 500 ml,Real Natura,,"9,76 €","(19,52 € / Litro)",
Damar Queijo de Cabra Curado unidade 250 g,Damar,,"4,89 €","(19,56 € / Kg)",
Sorini Bombom Creme Cacau e leite embalagem 500 g,Sorini,,"7,49 €","(14,98 € / Kg)",
Old Spice Gel Stick + After Shave +Shower Gel embalagem 1 unidade,Old Spice,,"29,99 €","(14,99 € / Unidade)","29,99 €"
Sonatural Hummus de Beterraba 100% Natural com Azeite Virgem Extra embalagem 200 g,Sonatural,,"3,39 €","(16,95 € / Kg)",
Franziskaner Cerveja da Alemanha Dunkel Preta garrafa 50 cl,Franziskaner,,"2,69 €","(5,38 € / Litro)",
Super Bock Cerveja garrafa 66 cl,Super Bock,,"1,49 €","(2,26 € / Litro)",
Yogolino Fruta com Iogurte Morango e Maçã sem Açúcares Adicionados desde 6 meses embalagem 100 g,Yogolino,,"1,15 €","(11,50 € / Kg)",
Baci Bombons de Chocolate Preto embalagem 175 g,Baci,,"8,39 €","(47,94 € / Kg)",
Finish Quantum Powerball Detergente para a Máquina da Loiça Ultimate embalagem 54 cápsulas,Finish Quantum Powerball,,"27,49 €","(0,51 € / Unidade)",
Pato Liquido Sanitário Bio Ocean embalagem 750 ml,Pato,,"3,39 €","(4,52 € / Litro)",
Smileat 3 Frutos Biológico frasco 130 g,Smileat,,"1,69 €",(13 € / Kg),
Chicco Baby Moments Toalhitas Infantis Húmidas Pack 3 embalagem 216 unidades,Chicco Baby Moments,,"7,99 €","(0,04 € / Unidade)",
Maheso Lasanha 4 Queijos embalagem 280 g,Maheso,,"3,29 €","(11,75 € / Kg)",
Scotch Brite Esfregão Fibra Verde Grande 1 unidade,Scotch Brite,,"1,75 €","(1,75 € / Unidade)",
El Corte Inglés Carne Picada de Frango do Campo Peso Aproximado por embalagem 400 g,El Corte Inglés,,"2,40 €","(5,99 € / Kg)",
"Voltan Girasoli de Abóbora, Sálvia e Queijo Provola embalagem 250 g",Voltan,,"4,45 €","(17,80 € / Kg)",
Johnson's Baby Creme Protector Contra Assaduras embalagem 100 ml,Johnson's Baby,,"4,99 €","(49,90 € / Litro)",
Maçã Golden Biológica Peso Aproximado por unidade 150 g,,,"3,89 €/kg",,
Benlian Barritas de Arroz com Chocolate Preto 70% sem Glúten Pack 5 embalagem 90 g,Benlian,,"1,99 €","(22,11 € / Kg)",
Globo Aroma de Baunilha frasco 28 ml,Globo,,"1,19 €","(42,50 € / Litro)",
Cajuberto Alternativa Vegetal ao Queijo Bio Vegan embalagem 130 g,,,"8,90 €","(68,46 € / Kg)",
La Fabrica Vieira Limpa Concha Média embalagem 80 g,La Fabrica,,"5,99 €","(5,99 € / Unidade)",
El Corte Inglés Café Kenya para Nespresso Intensidade 6 embalagem 10 cápsulas,El Corte Inglés,,"2,39 €","(45,96 € / Kg)",
Delta Q Café Qharacter Intensidade 9 embalagem 10 cápsulas,Delta Q,,"3,49 €","(0,35 € / Unidade)",
Bear Fruits Máscara Capilar Detox Revitalizante de Ananás embalagem 20 ml,Bear Fruits,,"5,99 €","(299,50 € / Litro)",
Swadist Pappadums com Alho embalagem 200 g,Swadist,,"3,19 €","(15,95 € / Kg)",
Sagres Cerveja Stout Edição Limitada lata 33 cl,Sagres,,"1,10 €","(3,33 € / Litro)",
Lindt Chocolates Napolitanas embalagem 250 g,Lindt,,"11,99 €","(38,60 € / Kg)","11,99 €"
Matinal Queijo Fresco Pack 3 embalagem 216 g,Matinal,,"1,69 €","(7,82 € / Kg)",
Gildo Rachelli Tiramisu embalagem 500 g,Gildo Rachelli,,"6,59 €","(13,18 € / Kg)",
Meggle Manteiga sem Sal embalagem 250 g,Meggle,,"4,65 €","(18,60 € / Kg)",
El Corte Inglés Salada Russa embalagem 1 kg,El Corte Inglés,,"1,69 €","(1,69 € / Kg)",
Liefmans Cerveja da Bélgica Fruitesse garrafa 25 cl,Liefmans,,"4,15 €","(16,60 € / Litro)",
Quinta do Poço do Lobo Vinho Tinto da Bairrada garrafa 75 cl,Quinta do Poço do Lobo,,"19,90 €","(26,53 € / Litro)",
5 Jotas Presunto Jabugo,5 Jotas,,"299,00 €/kg",,
Tello Peru Recheado com Trufas,Tello,,"11,29 €/kg",,
Renova Guardanapos Tipo E Azul 70 unidades,Renova,,"0,79 €","(0,01 € / Unidade)",
Beutelsbacher Sumo de Beterraba Biológico embalagem 700 ml,Beutelsbacher,,"4,45 €","(6,36 € / Litro)",
Guilherme Queijo de Cabra Curado Atabafado unidade 80 g,Guilherme,,"2,29 €","(28,62 € / Kg)",
Moët & Chandon Champanhe Brut Rosé Impérial garrafa 75 cl,Moët & Chandon,,"55,45 €","(73,93 € / Litro)",
Minerva Pescada Natural lata 120 g,Minerva,,"3,99 €","(33,25 € / Kg)",
Johnson's Baby Spray para Cabelo Penteia Fácil embalagem 200 ml,Johnson's Baby,,"4,39 €","(21,95 € / Litro)",
Porminho Rodelas de Pepperoni 2x75 g unidade 150 g,Porminho,,"3,09 €","(20,60 € / Kg)",
Danone Activia Zero Iogurte Líquido de Morango e Kiwi Pack 4 embalagem 160 g,Danone Activia Zero,,"1,99 €","(3,11 € / Kg)",
Pato Liquido Sanitário Bio Forest embalagem 750 ml,Pato,,"3,39 €","(4,52 € / Litro)",
Tons de Duorum Vinho Branco do Douro garrafa 75 cl,Tons de Duorum,,"4,99 €","(6,65 € / Litro)",
Special Line El Corte Inglés Camomila Doce embalagem 30 g,Special Line El Corte Inglés,,"1,09 €","(36,33 € / Kg)",
Bio Inside Batata Doce Biológica embalagem 400 g,Bio Inside,,"3,45 €","(8,62 € / Kg)",
Lindt Creme de Barrar de Avelã 25% frasco 200 g,Lindt,,"5,99 €","(29,95 € / Kg)",
Herbora Barrita de Chocolate Preto e Iogurte embalagem 1 unidade,Herbora,,"1,99 €","(1,99 € / Unidade)",
Naturefoods Barra de Frutos Secos Biológica embalagem 40 g,Naturefoods,,"1,45 €","(36,25 € / Kg)",
Tapada de Coelheiros Vinho Tinto do Alentejo garrafa 75 cl,Tapada de Coelheiros,,"29,90 €","(39,87 € / Litro)",
Gillette Máquina Deluxe Smooth Sensitive embalagem 3,Gillette,,"15,99 €","(5,33 € / Unidade)",
Santini Gelado de Avelã embalagem 500 ml,Santini,,"14,95 €","(29,90 € / Litro)",
Hansaplast Pensos Marvel embalagem 20 unidades,Hansaplast,,"3,24 €","(0,16 € / Unidade)",
Cuétara Bolachas Sortidas embalagem 210 g,Cuétara,,"3,09 €","(14,71 € / Kg)",
El Corte Inglés Espargos Brancos Grossos 6/12 Unidades frasco 205 g,El Corte Inglés,,"2,89 €","(14,10 € / Kg)",
Tena Cuecas para Adultos com Incontinência Silhouete Plus Cor Preto de Cintura Alta Tamanho L embalagem 8 unidades,Tena,,"11,99 €","(1,50 € / Unidade)",
Consensual Vinho Branco do Douro Reserva garrafa 75 cl,Consensual,,"7,85 €","(10,47 € / Litro)",
+ Cru Noz Pecan Crua Biológica embalagem 250 g,+ Cru,,"13,99 €","(55,96 € / Kg)",
Tradizionale Pizza Spinaci e Ricotta embalagem 390 g,Tradizionale,,"5,49 €","(14,08 € / Kg)",
El Corte Inglés Pão Hot Dog Pack 6 embalagem 330 g,El Corte Inglés,,"1,45 €","(4,39 € / Kg)",
"Freixenet Espumante Cava Cordon Negro Brut garrafa 37,5 cl",Freixenet,,"5,49 €","(14,64 € / Litro)",
Avianense Bombons Sino de Natal embalagem 420 g,Avianense,,"21,95 €","(52,26 € / Kg)",
Plantation Rum Pineaple garrafa 70 cl,Plantation,,"39,90 €",(57 € / Litro),
Rexona Biorhythm Desodorizante Roll-On embalagem 50 ml,Rexona Biorhythm,,"4,49 €","(89,80 € / Litro)",
Iswari Pequeno Buda! Pequeno Almoço Mirtilo Mágico sem Glúten Biológico embalagem 400 g,Iswari Pequeno Buda!,,"8,49 €","(21,22 € / Kg)",
Tetley Chá Preto Boost com Vitaminas B6 embalagem 20 unidades,Tetley,,"2,95 €","(0,15 € / Unidade)",
Pescanova Barrinhas de Pescada Ómega 3 embalagem 900 g,Pescanova,,"7,99 €","(8,88 € / Kg)",
Pardusco Vinho Tinto Verde garrafa 75 cl,Pardusco,,"6,15 €","(8,20 € / Litro)",
Colgate Plax Elixir de Menta Suave embalagem 500 ml,Colgate Plax,,"6,49 €","(8,38 € / Litro)","6,49 €"
Chicco Fraldas Airy Ultra Fit&Dry T6 embalagem 28,Chicco,,"16,99 €","(0,61 € / Unidade)",
Mimosa Bem Especial Leite Magro de Aveia sem Lactose embalagem 1 L,Mimosa Bem Especial,,"1,69 €","(1,69 € / Litro)",
Três Bagos Vinho Branco do Douro garrafa 75 cl,Três Bagos,,"8,49 €","(11,32 € / Litro)",
Hein Paté de Carne Fumada embalagem 125 g,Hein,,"2,19 €","(17,52 € / Kg)",
Fharmonat Chá de Hibisco com Stevia embalagem 20 unidades,Fharmonat,,"6,85 €","(0,34 € / Unidade)",
El Corte Inglés Amaciador para a Roupa Fresh Concentrado embalagem 80 doses,El Corte Inglés,,"2,30 €","(0,03 € / Dose)",
Special Line El Corte Inglés Edulcorante embalagem 650 unidades,Special Line El Corte Inglés,,"1,39 €",(0 € / Unidade),
Dove Original Desodorizante Creme embalagem 50 ml,Dove Original,,"5,60 €","(11,20 € / 10 ml.)",
Yang-Tse Noodles Chow Mein embalagem 250 g,Yang-Tse,,"2,65 €","(10,60 € / Kg)",
Porminho Salsichão Curado Fino embalagem 190 g,Porminho,,"3,09 €","(16,26 € / Kg)",
Hengstenberg Cornichons frasco 330 g,Hengstenberg,,"3,09 €","(9,36 € / Kg)",
Montiqueijo Queijo Fresco Pequeno Pack 4 embalagem 320 g,Montiqueijo,,"2,95 €","(9,22 € / Kg)",
L'Oréal Elvive Óleo Extraordinário Champô para Cabelos Secos embalagem 400 ml,L'Oréal,,"5,99 €","(14,98 € / Litro)",
Bioterra Sultanas Bio embalagem 200 g,Bioterra,,"2,29 €","(11,45 € / Kg)",
Trevijano Couscous Oriental embalagem 300 g,Trevijano,,"3,79 €","(12,63 € / Kg)",
Nivea Visage Young Clean Deeper Gel Exfoliante de Limpeza Profunda embalagem 150 ml,Nivea Visage Young Clean Deeper,,"7,99 €","(53,27 € / Litro)",
Hagerty Banho Limpa Pratas 170 ml,Hagerty,,"12,95 €","(76,18 € / Litro)",
El Corte Inglés Bio Pinhões sem Pele Biológicos embalagem 200 g,El Corte Inglés Bio,,"13,50 €","(67,50 € / Kg)",
Magabel Chá Unha de Gato embalagem 50 g,Magabel,,"3,39 €","(67,80 € / Kg)",
Vitasnack Roots Crunch Batata Doce e Beterraba Vegan Biológico embalagem 20 g,Vitasnack,,"2,25 €","(112,50 € / Kg)",
Cigala Banzai Noodles com Sabor a Galinha embalagem 67 g,Cigala Banzai,,"1,19 €","(17,76 € / Kg)",
Dalva Vinho do Porto Vintage 1997 garrafa 75 cl,Dalva,,"34,90 €","(46,53 € / Litro)",
Bounty Cookies com Pepitas embalagem 180 g,Bounty,,"3,09 €","(17,17 € / Kg)",
Santal 100% Sumo de Laranja Pack 3 embalagem 20 unidade,Santal 100%,,"1,85 €","(3,08 € / Litro)",
Libella Espetinhos de Salsicha embalagem 175 g,Libella,,"3,29 €","(18,80 € / Kg)",
Go Tan Noodles de Arroz embalagem 250 g,Go Tan,,"2,59 €","(10,36 € / Kg)",
Anthon Berg Garrafas de Chocolate com Licor embalagem 125 g,Anthon Berg,,"11,45 €","(91,60 € / Kg)",
Oral B Escova de Dentes Pro 1 700 Branca embalagem 1,Oral B,,"44,99 €","(44,99 € / Unidade)",
"Arisco Vinho Tinto do Douro Grande Reserva Magnum garrafa 1,5 L",Arisco,,"48,50 €","(32,33 € / Litro)",
Diplomático Rum Mantuano garrafa 70 cl,Diplomático,,"27,90 €","(34,70 € / Litro)","27,90 €"
Fiore di Puglia Aperitivos Taralli Clássico com Azeite embalagem 250 g,Fiore di Puglia,,"2,69 €","(10,76 € / Kg)",
Lacasa Chocolate Preto 85% Cacau sem Glúten embalagem 100 g,Lacasa,,"2,19 €","(21,90 € / Kg)",
Cabeço do Mocho Vinho Branco do Dão garrafa 75 cl,Cabeço do Mocho,,"5,85 €","(7,80 € / Litro)",
Manga Kent  Selecção Peso Aproximado por unidade 700 g,,,"11,99 €/kg",,
Hammer Muhle Cereais Bolas de Mel sem Glúten embalagem 250 g,Hammer Muhle,,"4,29 €","(17,16 € / Kg)",
"Pudim Francês 1,5 kg",,,"12,95 €","(8,63 € / Kg)",
Scotch Brite Esfregão de Fibra Verde Normal embalagem 2 unidades,Scotch Brite,,"2,24 €","(1,12 € / Unidade)",
Fibre One Barras de Caramelo Salgado 5 Unidades embalagem 120 g,Fibre One,,"2,99 €","(24,92 € / Kg)",
Dr. Beckmann Tira-Nódas de Sangue e Proteínas embalagem 50 ml,Dr. Beckmann,,"3,79 €","(75,80 € / Litro)",
Brasmar Polvo Cozido embalagem 500 g,Brasmar,,"23,99 €","(47,98 € / Kg)",
Herbal Essences Bio-Renew Máscara Capilar Intensiva de Abacate Nutre e Calma embalagem 450 ml,Herbal Essences Bio-Renew,,"7,99 €","(13,31 € / Litro)","7,99 €"
Nestlé Chocolate de Leite Extrafino + Peluche embalagem 176 g,Nestlé,,"8,55 €","(48,58 € / Kg)",
Aussie Champô Limpeza Diária embalagem 300 ml,Aussie,,"7,99 €","(26,63 € / Litro)",
Santa Teresa Marmelada Artesanal,Santa Teresa,,"14,49 €/kg",,
Alma Cerveja Artesanal Transmontana garrafa 33 cl,Alma,,"2,59 €","(7,85 € / Litro)",
Boca Doce Pudim de Caramelo embalagem 22 g,Boca Doce,,"0,45 €","(20,45 € / Kg)",
Parmareggio Queijo Formaggini Reggiano unidade 140 g,Parmareggio,,"2,39 €","(17,07 € / Kg)",
Cereal Vit Cereais de Chocolate Piu sem Glúten Biológicos embalagem 375 g,Cereal Vit,,"4,99 €","(13,31 € / Kg)",
Castello Finna Água com Gás garrafa 75 cl,Castello Finna,,"1,65 €","(2,20 € / Litro)",
Nivea Invisible Desodorizante Black&White Ultimate Impact Roll-On embalagem 50 ml,Nivea Invisible,,"4,49 €","(89,80 € / Litro)",
Clean & Clear Advantage Gel de Limpeza Anti-Borbulhas embalagem 150 ml,Clean & Clear Advantage,,"7,99 €","(53,27 € / Litro)",
Guloso Polpa de Tomate e Coentros garrafa 500 g,Guloso,,"2,29 €","(4,58 € / Kg)",
8ª Colina Cerveja Artesanal Zé Arnaldo garrafa 33 cl,8ª Colina,,"3,15 €","(9,55 € / Litro)",
Babaria Leite para o Corpo Reparador de Aloe embalagem 400 ml,Babaria,,"3,90 €","(7,22 € / Litro)","3,90 €"
Borges Vinho Verde Alvarinho Trajadura Branco garrafa 75 cl,Borges,,"4,99 €","(6,65 € / Litro)",
Margem Gel Desinfectante com Aloe Vera embalagem 500 ml,Margem,,"4,25 €","(8,50 € / Litro)",
Super Bock Selecção 1927 Cerveja Artesanal Munich Dunkel garrafa 33 cl,Super Bock Selecção 1927,,"1,59 €","(4,82 € / Litro)",
Iswari Spirulina Comprimidos Biológica embalagem 100 g,Iswari,,"9,99 €","(99,90 € / Kg)",
Fructis Champô Super Suavidade de Macadâmia para Cabelos Secos embalagem 350 ml,Fructis,,"6,59 €","(18,83 € / Litro)",
Margão Sal Mediterrâneo com Moinho frasco 68 g,Margão,,"4,49 €","(66,03 € / Kg)",
Kerrygold Manteiga com Sal embalagem 200 g,Kerrygold,,"2,99 €","(14,95 € / Kg)",
"Knorr 1,2,3..Sabor Lasanha embalagem 52 g","Knorr 1,2,3..Sabor",,"1,55 €","(29,81 € / Kg)",
Cem Porcento Rebuçados Peitorais embalagem 75 g,Cem Porcento,,"1,39 €","(18,53 € / Kg)",
Lola Spray para Crescimento Rapunzel embalagem 250 ml,Lola,,"12,10 €","(48,40 € / Litro)",
Benlian Tortas de Arroz Finas com Mix de Cereais sem Glúten embalagem 100 g,Benlian,,"1,39 €","(13,90 € / Kg)",
Dom Martinho Vinho Branco do Alentejo garrafa 75 cl,Dom Martinho,,"5,99 €","(7,99 € / Litro)",
Salutem Couscous de Grão Vegan sem Sal embalagem 400 g,Salutem,,"3,99 €","(9,98 € / Kg)",
Campolargo Espumante Rosé garrafa 75 cl,Campolargo,,"17,49 €","(23,32 € / Litro)",
Quinta da Levandeira do Roncão Vinho Branco do Douro DR garrafa 75 cl,Quinta da Levandeira do Roncão,,"4,79 €","(6,39 € / Litro)",
Gin Lovers Gin Black garrafa 70 cl,Gin Lovers,,"29,90 €","(42,71 € / Litro)",
Air Wick Essential Oils Ambientador Eléctrico Nenuco + Recarga embalagem 19 ml,Air Wick Essential Oils,,"8,99 €","(473,16 € / Litro)",
Andechser Iogurte Proteína Magro de Baunilha Bio embalagem 400 g,Andechser,,"3,29 €","(8,22 € / Kg)",
Baygon Insecticida para Rastejante Baratas e Formigas spray 400 ml,Baygon,,"6,29 €","(15,72 € / Litro)",
Curgete Peso Aproximado por unidade 455 g,,,"2,49 €/kg",,
Cif Power Cream Desengordurante com Lixívia 750 ml,Cif Power Cream,,"4,99 €","(6,65 € / Litro)",
Liakada Malaguetas em Pickles frasco 320 g,Liakada,,"5,75 €","(17,97 € / Kg)",
Carefree Plus Protege-Slip Long embalagem 40 unidades,Carefree Plus,,"4,49 €","(0,11 € / Unidade)",
"Trident White Pastilhas de Menta sem Açúcar embalagem 14,5 g",Trident White,,"1,05 €","(72,41 € / Kg)",
Vichy Catalan Água com Gás 1881 garrafa 75 cl,Vichy Catalan,,"1,89 €","(2,52 € / Litro)",
Q M Vinho Rosé Magnum garrafa 150 cl,Q M,,"26,50 €","(17,67 € / Litro)",
El Corte Inglés Amêndoas Recheadas embalagem 150 g,El Corte Inglés,,"4,25 €","(28,33 € / Kg)",
Kaffa Alumínio Café Brasil Intensidade 7 para Nespresso embalagem 10 cápsulas,Kaffa Alumínio,,"2,12 €","(0,21 € / Unidade)",
Delta Q Café Epiq Intensidade 14 embalagem 10 cápsulas,Delta Q,,"3,49 €","(0,35 € / Unidade)",
Minas Pão de Queijo 16 Unidades embalagem 400 g,Minas,,"3,89 €","(9,72 € / Kg)",
Biomit Manteiga de Caju Biológica embalagem 230 g,Biomit,,"7,99 €","(34,74 € / Kg)",
Espargos Verdes embalagem 420 g,,,"4,79 €","(11,40 € / Kg)",
Campofrio Mortadela de Peru com Azeitona sem Glúten,Campofrio,,"7,09 €/kg",,
Esperanza Arroz Calasparra embalagem 1 kg,Esperanza,,"2,89 €","(2,89 € / Kg)",
Special Line Adoçante em Pó de Mesa embalagem 75 g,Special Line,,"1,99 €","(21,20 € / Kg)","1,99 €"
Humydry Ambientador Anti-Humidade Cabide embalagem 450 g,Humydry,,"6,94 €","(15,42 € / Kg)",
Condi Zero % Pudim de Pêssego e Maracujá embalagem 22 g,Condi Zero %,,"0,84 €","(38,18 € / Kg)",
Compagnia Dell'Arabica Café Gayo Mountain Indonesia para Nespresso Biológico embalagem 10 cápsulas,Compagnia Dell'Arabica,,"4,79 €","(0,48 € / Unidade)",
Margão Pimenta Preta com Moinho frasco 35 g,Margão,,"4,49 €","(128,29 € / Kg)",
Sanytol Desinfectante Multiusos Spray embalagem 400 ml,Sanytol,,"7,99 €","(19,98 € / Litro)",
Guylian Bombons de Chocolate Sortido Sea Horse Selection embalagem 154 g,Guylian,,"5,99 €","(38,90 € / Kg)",
El Corte Inglés Brócolos embalagem 750 g,El Corte Inglés,,"1,49 €","(2,21 € / Kg)",
Mouton Cadet Vinho Tinto de França Bordeaux garrafa 75 cl,Mouton Cadet,,"13,99 €","(18,65 € / Litro)",
Nocilla Creme de Barrar Noir frasco 180 g,Nocilla,,"2,84 €","(15,78 € / Kg)",
La Montesa Vinho Tinto de Espanha Rioja garrafa 75 cl,La Montesa,,"14,49 €","(19,32 € / Litro)",
Special Line El Corte Inglés Stevia embalagem 100 unidades,Special Line El Corte Inglés,,"2,95 €","(0,03 € / Unidade)",
Cebola 2 kg,,,"1,99 €",(1 € / Kg),
El Corte Inglés Gelado de Morango sem Glúten embalagem 1000 ml,El Corte Inglés,,"2,19 €","(2,19 € / Litro)",
Bote Vinho Tinto do Douro Reserva garrafa 75 cl,Bote,,"9,99 €","(13,32 € / Litro)",
Gillette Espuma de Barbear para Pele Normal embalagem 200 ml,Gillette,,"2,99 €","(14,95 € / Litro)",
Nestlé Chocolate Preto com Avelãs Inteiras embalagem 150 g,Nestlé,,"2,99 €","(19,93 € / Kg)",
Vieira Digestive Bolachas Thins de Laranja Pack 6 embalagem 174 g,Vieira Digestive,,"2,49 €","(14,31 € / Kg)",
Margão Pimenta Branca Moída frasco 48 g,Margão,,"2,59 €","(53,96 € / Kg)",
Nestlé Fitness Granola Cereais Integrais 57% Aveia com Mel embalagem 300 g,Nestlé Fitness,,"3,99 €","(13,30 € / Kg)",
Boon Cerveja Black Label garrafa 75 cl,Boon,,"20,90 €","(27,87 € / Litro)",
La Higuera Bombons de Figo Pack 9 embalagem 142 g,La Higuera,,"8,85 €","(62,32 € / Kg)",
Casa de Saima Vinho Branco da Bairrada Vinhas Velhas garrafa 75 cl,Casa de Saima,,"12,45 €","(16,60 € / Litro)",
Vahiné Fermento em Pó frasco 108 g,Vahiné,,"3,29 €","(30,46 € / Kg)",
Fini Gomas Anéis sabor Pêssego embalagem 90 g,Fini,,"0,89 €","(9,89 € / Kg)",
Pantagruel Petitas de Chocolate 70% Cacau embalagem 200 g,Pantagruel,,"3,39 €","(16,95 € / Kg)",
Yoggi Iogurte Líquido de Stracciatela sem Lactose Pack 4 embalagem 160 g,Yoggi,,"3,29 €","(5,14 € / Kg)",
Herbex Alecrim embalagem 20 g,Herbex,,"1,50 €",(75 € / Kg),
Cunha Martins Vinho Tinto do Dão garrafa 75 cl,Cunha Martins,,"3,25 €","(4,33 € / Litro)",
Neo Blanc Wc Bloco Sanitário Espuma Activa Anti-Calcário Explosão Cítrica embalagem 2 unidades,Neo Blanc Wc,,"5,99 €","(1,50 € / Unidade)","5,99 €"
Grands Moldavie Brandy 5 Anos garrafa 50 cl,Grands Moldavie,,"15,99 €","(31,98 € / Litro)",
Bicentury Tortilhas de Chocolate Branco com Coco e Limão  Pack 4X2 embalagem 138 g,Bicentury,,"2,59 €","(18,77 € / Kg)",
Milka Bolachas Wafer Cobertas com Chocolate Branco embalagem 180 g,Milka,,"2,39 €","(13,28 € / Kg)",
Izidoro o Talhante Lombinho de Porco com Azeite e Pimenta Peso Aproximado 550 g,Izidoro o Talhante,,"7,14 €","(12,99 € / Kg)",
Globo Coco Ralado embalagem 200 g,Globo,,"1,19 €","(5,95 € / Kg)",
Cabeço do Mocho Vinho Tinto do Dão Grande Escolha garrafa 75 cl,Cabeço do Mocho,,"5,85 €","(7,80 € / Litro)",
"Pato Active Clean Moon embalagem 38,6 g",Pato,,"3,69 €","(47,67 € / Kg)","3,69 €"
"Nestlé Kit Kat Snack Chocolate Negro 70% Single embalagem 41,5 g",Nestlé Kit Kat,,"0,99 €","(23,86 € / Kg)",
Nivea Body Milk Loção para Corpo Repara & Cuida 72h Pele Extra Seca embalagem 400 ml,Nivea Body Milk,,"9,19 €","(17,22 € / Litro)","9,19 €"
Assar Vitela Barrosã DOP Peso Aproximado por cuvete 650 g,,,"14,92 €","(22,95 € / Kg)",
Nordic Água Tónica garrafa 20 cl,Nordic,,"1,19 €","(5,95 € / Litro)",
La Buona Terra Gressinos Biológicos embalagem 120 g,La Buona Terra,,"1,79 €","(14,92 € / Kg)",
Prozis Diet Tikka Masala Frango embalagem 1 unidade,Prozis Diet,,"5,59 €","(5,59 € / Unidade)",
Quinta do Gradil Vinho Tinto Regional de Lisboa Arinto garrafa 75 cl,Quinta do Gradil,,"10,49 €","(13,99 € / Litro)",
Nescafé Dolce Gusto Café Colombia Lungo Intensidade 5 Biológico embalagem 12 cápsulas,Nescafé Dolce Gusto,,"5,59 €","(0,47 € / Unidade)",
Salutem Acqua Nutrition Chá Verde e Maçã em saquetas embalagem 9 g,Salutem,,"0,39 €","(43,33 € / Kg)",
Novilho para Estufar Peso Aproximado 450 g,,,"9,49 €/kg",,
Garcia&Filhos Pão de Mistura Alongado unidade 1 unidade,Garcia&Filhos,,"1,20 €","(2,67 € / Kg)",
El Chico Chouricito embalagem 250 g,El Chico,,"4,59 €","(18,36 € / Kg)",
Provamel Bebida de Soja sem Açúcar Biológica embalagem 1 L,Provamel,,"2,29 €","(2,29 € / Litro)",
Margão Pimenta Preta em Grão embalagem 35 g,Margão,,"1,79 €","(51,14 € / Kg)",
Dr. Beckmann Limpa Máquinas de Roupa Frescura embalagem 250 g,Dr. Beckmann,,"6,95 €","(27,80 € / Kg)",
Captain Kombucha de Pêssego Bio Vegan embalagem 400 ml,Captain Kombucha,,"2,29 €","(5,72 € / Litro)",
Diese Crackers embalagem 288 g,Diese,,"3,19 €","(11,08 € / Kg)",
RTM Queijo Brie Neutro ao peso 1 kg,RTM,,"10,99 €/kg",,
El Corte Inglés Amendoins Fritos com Mel embalagem 225 g,El Corte Inglés,,"2,99 €","(13,29 € / Kg)",
Adpan Palmiers sem Lactose sem Glúten embalagem 100 g,Adpan,,"3,99 €","(39,90 € / Kg)",
Prova Régia Vinho Branco de Bucelas Arinto garrafa 75 cl,Prova Régia,,"4,99 €","(6,65 € / Litro)",
El Corte Inglés Selection Espargos Brancos Extra Grossos 9/12 Unidades lata 500 g,El Corte Inglés Selection,,"18,79 €","(37,58 € / Kg)",
Nivea Body Milk Loção para Corpo Nutritiva 48h Pele Seca a Muito Seca embalagem 400 ml,Nivea Body Milk,,"6,24 €","(15,60 € / Litro)",
Old El Paso Tortilhas de Trigo Integral 6 Unidades embalagem 350 g,Old El Paso,,"3,31 €","(9,46 € / Kg)",
El Corte Inglés Aipo Ralado em Ripas frasco 250 g,El Corte Inglés,,"1,35 €","(5,40 € / Kg)",
Veggis Chick'n Nuggets embalagem 154 g,Veggis,,"3,99 €","(25,91 € / Kg)",
Captain Kombucha Bebida Probiótica de Coco Biológica embalagem 400 ml,Captain Kombucha,,"2,29 €","(5,72 € / Litro)",
Iglo Medalhões de Pescada embalagem 500 g,Iglo,,"4,79 €","(9,58 € / Kg)",
Ucal Leite com Chocolate Pack 6 embalagem 250 ml,Ucal,,"5,76 €","(3,84 € / Litro)",
Península de Lisboa Vinho Branco de Lisboa garrafa 75 cl,Península de Lisboa,,"6,45 €","(8,60 € / Litro)",
Garnier Color Sensation Coloração Permanente Intensa Nº 5.35 Castanho Canela embalagem 1 unidade,Garnier Color Sensation,,"8,15 €","(8,15 € / Unidade)",
Plateia Xerovias Peso Aproximado por 1 kg,Plateia,,"3,99 €/kg",,
Oral-B Baby Escova de Dentes Extra Suave 0 a 2 Anos Winnie embalagem 1 unidade,Oral-B Baby,,"2,89 €","(2,89 € / Unidade)",
Corine de Farme Água Micelar Biológica embalagem 500 ml,Corine de Farme,,"7,49 €","(14,98 € / Litro)",
Color Silk Coloração Permanente Nº 37 Castanho Dourado Escuro embalagem 1 unidade,Color Silk,,"6,95 €","(6,95 € / Unidade)",
Amoy Molho Dark Soy frasco 150 ml,Amoy,,"3,29 €","(21,93 € / Litro)",
Parodontax Elixir Fresh Mint Cuidado Ativo embalagem 500 ml,Parodontax,,"6,59 €","(13,18 € / Litro)",
Qampo Azeitonas Pretas frasco 210 g,Qampo,,"1,89 €",(9 € / Kg),
Iswari Moringa em Pó Biológico embalagem 125 g,Iswari,,"9,99 €","(79,92 € / Kg)",
Dieter Hein Salsichas com Queijo embalagem 360 g,Dieter Hein,,"6,35 €","(17,64 € / Kg)",
Diet Food Leite de Coco em Pó Biológico embalagem 200 g,Diet Food,,"15,99 €","(79,95 € / Kg)",
Avianense Sardinhas em Chocolate de Leite 5 Unidades lata 40 g,Avianense,,"3,45 €","(86,25 € / Kg)",
Cozinha Pronta Rissóis de Camarão 10 Unidades embalagem 400 g,Cozinha Pronta,,"2,49 €","(6,22 € / Kg)",
Carm Vinho Rosé do Douro garrafa 75 cl,Carm,,"10,49 €","(13,99 € / Litro)",
El Corte Inglés Pizza de Fiambre e Queijo embalagem 415 g,El Corte Inglés,,"2,59 €","(6,24 € / Kg)",
Celeiro da Terra Doce Extra de Ananás DOP frasco 250 g,Celeiro da Terra,,"3,99 €","(15,96 € / Kg)",
Casa Agrícola Horácio Simões Moscatel de Setúbal garrafa 75 cl,Casa Agrícola Horácio Simões,,"6,29 €","(8,39 € / Litro)",
Picagrill Croutons de Queijo e Sésamo embalagem 75 g,Picagrill,,"1,19 €","(15,87 € / Kg)",
Salutem Tortas de Arroz Finíssimas Integrais sem Sal embalagem 130 g,Salutem,,"0,99 €","(7,62 € / Kg)",
Legado Peru com  Trufas e Boletus embalagem 170 g,Legado,,"3,49 €","(23,27 € / Kg)",
Maré Cheia Vinho Branco de Mesa garrafa 75 cl,Maré Cheia,,"4,75 €","(6,33 € / Litro)",
Naturefoods Polpa de Maçã Biológica embalagem 100 g,Naturefoods,,"0,99 €","(9,90 € / Kg)",
Fapil Pá para o Lixo com Cabo 1 unidade,Fapil,,2 €,(2 € / Unidade),
Special Line El Corte Inglés Chá Verde embalagem 50 g,Special Line El Corte Inglés,,"1,59 €","(31,80 € / Kg)",
Jacquot Frutos do Mar Chocolates embalagem 200 g,Jacquot,,"5,49 €","(27,45 € / Kg)",
Neolar Cesto com Maximolas embalagem 25 unidades,Neolar,,"3,69 €","(0,15 € / Unidade)",
Casa di Mama Pizza de Salame embalagem 390 g,Casa di Mama,,"5,59 €","(14,33 € / Kg)",
Old El Paso Guacamole Seasoning Mix embalagem 20 g,Old El Paso,,"1,46 €",(73 € / Kg),
Porta da Ravessa Vinho Branco do Alentejo garrafa 75 cl,Porta da Ravessa,,"2,19 €","(2,92 € / Litro)",
Deoro Rosca Rústica Serrana embalagem 480 g,Deoro,,"3,89 €","(8,10 € / Kg)",
Mamoré Vinho Licoroso Edição Comemorativa 50 Anos garrafa 50 cl,Mamoré,,"28,90 €","(57,80 € / Litro)",
Ultra Suave Champô para Cabelos Louros com Camomila embalagem 400 ml,Ultra Suave,,"5,59 €","(13,98 € / Litro)",
Eci Selection Salsichas Bockwurst frasco 200 g,Eci Selection,,"3,39 €","(16,95 € / Kg)",
Natursoy Tofu Frankfurt Biológico embalagem 200 g,Natursoy,,"3,99 €","(19,95 € / Kg)",
Condi Caramelo Líquido garrafa 400 g,Condi,,"2,35 €","(5,88 € / Kg)",
Oreo Bolachas Recheadas com Creme embalagem 440 g,Oreo,,"3,99 €","(9,07 € / Kg)",
Beher Chouriço Ibérico Bio 100% Ibérico unidade 250 g,Beher,,"9,49 €","(37,96 € / Kg)",
Izidoro Veggie Lovers Salsichas de Vegetais Vegan sem Glúten 5 Unidades frasco 220 g,Izidoro Veggie Lovers,,"4,65 €","(21,14 € / Kg)",
Schweppes Água Tónica Zero garrafa 1 L,Schweppes,,"1,95 €","(1,95 € / Litro)",
Efiseptyl Escova de Dentes para Prótese Dentária embalagem 1 unidade,Efiseptyl,,"3,45 €","(3,45 € / Unidade)",
Rui Costa Bochechas de Bacalhau Peso Aproximado por embalagem 500 g,Rui Costa,,"7,99 €","(15,98 € / Kg)",
Pato Real Minuto Arroz com Feijoada de Chocos embalagem 300 g,Pato Real Minuto,,"4,99 €","(16,63 € / Kg)",
Pantene Style Espuma Caracóis Perfeitos embalagem 200 ml,Pantene Style,,"3,74 €","(18,70 € / Litro)",
Bio Inside Feijão Verde Biológico embalagem 300 g,Bio Inside,,"1,55 €","(5,17 € / Kg)",
Monster Bebida Energética Mango Loco Energy Juiced lata 50 cl,Monster,,"1,60 €","(3,20 € / Litro)",
Margão Segredos Mistura Alho e Salsa frasco 43 g,Margão Segredos,,"2,89 €","(67,21 € / Kg)",
Garnier Color Sensation Coloração Permanente Intensa Nº 7.30 Louro Dourado embalagem 1 unidade,Garnier Color Sensation,,"8,85 €","(8,85 € / Unidade)",
Sanduíche Mista Queijo e Fiambre embalagem 181 g,,,"2,45 €","(13,54 € / Kg)",
Aga Removedor de Verniz embalagem 250 ml,Aga,,"3,30 €","(13,20 € / Litro)",
Labello Fruity Shine Batom Protector Labial Melancia embalagem 5 g,Labello Fruity Shine,,"2,79 €",(558 € / Kg),
Blackett Vinho do Porto 10 Anos garrafa 75 cl,Blackett,,"26,79 €","(35,72 € / Litro)",
Bandida do Pomar Sidra de Maçã Ácidas sem Glúten lata 50 cl,Bandida do Pomar,,"1,25 €","(2,50 € / Litro)",
Bimbo Pão de Forma Grande embalagem 375 g,Bimbo,,"1,59 €","(4,24 € / Kg)",
Cadbury Dairy Milk Chocolate com Frutos Secos e Nozes embalagem 110 g,Cadbury Dairy Milk,,"2,59 €","(23,55 € / Kg)",
Herbal Essences Bio-Renew Condicionador de Abacate para Cabelo Seco embalagem 275 ml,Herbal Essences Bio-Renew,,"4,99 €","(13,60 € / Litro)","4,99 €"
Capitão Iglo Nuggets de Frango com Queijo 18 Unidades embalagem 375 g,Capitão Iglo,,"9,99 €","(26,64 € / Kg)",
Secos da Aldeia Sementes de Abóbora embalagem 180 g,Secos da Aldeia,,"2,89 €","(16,06 € / Kg)",
Royal Preparado em Pó para Gelatina de Ananás embalagem 114 g,Royal,,"1,79 €","(15,70 € / Kg)",
Maybelline Super Stay 30H Base Líquida Nº 36 Warm Sun embalagem 1 unidade,Maybelline Super Stay 30H,,"13,99 €","(13,99 € / Unidade)",
La Fabrique Green Elásticos de Cabelo Torcidos 100% Origem Natural Vegan embalagem 8 unidades,La Fabrique Green,,"2,89 €","(0,36 € / Unidade)",
Guilherme Manteiga de Cabra com Sal embalagem 125 g,Guilherme,,"4,09 €","(32,72 € / Kg)",
Knorr Caldo de Carne 24 Cubos embalagem 240 g,Knorr,,"4,79 €","(19,96 € / Kg)",
Johnson's Pure Protect Sabonete Líquido para as Mãos Infantil embalagem 300 ml,Johnson's Pure Protect,,"3,99 €","(9,97 € / Litro)","3,99 €"
Glamour Institut Estojo de Manicure embalagem 4 unidades,Glamour Institut,,"8,55 €","(8,55 € / Unidade)",
Sunquick Concentrado de Maracujá garrafa 58 cl,Sunquick,,"3,83 €","(0,91 € / Litro)",
Coca-Cola Refrigerante com Gás Sabor Original  Pack 4 garrafa 1 L,Coca-Cola,,"5,20 €","(1,30 € / Litro)",
Maçã Royal Gala 80/85 Peso Aproximado por unidade 245 g,,,"2,69 €/kg",,
Matinados Ovos Frescos de Galinhas Criadas ao Ar Livre Classe M/L embalagem 12 unidades,Matinados,,"3,95 €","(0,33 € / Unidade)",
Triunfo Fruit & Fit Bolachas Recheadas com Frutos Vermelhos Pack 6 embalagem 148 g,Triunfo Fruit & Fit,,"2,19 €","(14,80 € / Kg)",
Twinings Collection Chá de Frutos 5 x 5 embalagem 20 unidades,Twinings Collection,,"4,49 €","(0,22 € / Unidade)",
El Corte Inglés Selection Presunto Ibérico Bolota unidade 120 g,El Corte Inglés Selection,,"17,99 €","(149,92 € / Kg)",
Yoçor Iogurte Grego com Figo dos Açores embalagem 115 g,Yoçor,,"2,59 €","(0,01 € / Kg)",
Margão Pimenta para Bifes embalagem 38 g,Margão,,"2,69 €","(70,79 € / Kg)",
Lima & Quental Licor de Leite garrafa 70 cl,Lima & Quental,,"12,95 €","(18,50 € / Litro)",
Maçarico Molho Sweet Chilli frasco 210 g,Maçarico,,"2,19 €","(10,43 € / Kg)",
Lindt Sensation Crispy Bombons de Chocolate Preto Recheados com Cereal Crocante embalagem 140 g,Lindt Sensation Crispy,,"3,99 €","(28,50 € / Kg)",
Minigrill Mini Tostas de Trigo Integrais embalagem 100 g,Minigrill,,"1,45 €","(14,50 € / Kg)",
Hardy Salmão Fumado com Endro e Sementes de Mostarda embalagem 120 g,Hardy,,"9,89 €","(82,42 € / Kg)",
Lysol Desinfectante Cozinha Spray embalagem 500 ml,Lysol,,"4,49 €","(8,98 € / Litro)",
Babaria Desinfectante para as Mãos 70% Álcool Mineral embalagem 100 ml,Babaria,,"2,49 €","(24,90 € / Litro)",
El Corte Inglés Café Solúvel Descafeinado embalagem 100 g,El Corte Inglés,,"1,79 €","(17,90 € / Kg)",
Globo Fubá de Mandioca Extra embalagem 500 g,Globo,,"2,39 €","(4,78 € / Kg)",
Gerber Snack Bio com Amendoim + 12 meses embalagem 7 g,Gerber,,"0,79 €","(112,86 € / Kg)",
Pescanova Barrinhas de Pescada sem Glúten 10 Unidades embalagem 300 g,Pescanova,,"3,99 €","(13,30 € / Kg)",
Swiffer Kit Mopa + 8 Panos embalagem 1,Swiffer,,"15,99 €","(15,99 € / Unidade)",
Regina Caixa Máquina de Furos de Chocolate Sortido embalagem 513 g,Regina,,"20,99 €","(40,92 € / Kg)",
Flor de Burgos Queijo em Cubos para Salada sem Lactose embalagem 150,Flor de Burgos,,"2,49 €","(16,60 € / Kg)",
Terras de Santo António Vinho Tinto do Dão Reserva garrafa 75 cl,Terras de Santo António,,"9,99 €","(13,32 € / Litro)",
Pantene Creme de Pentear Caracóis Disciplinados embalagem 270 ml,Pantene,,"5,99 €","(22,19 € / Litro)",
"Landana Queijo Gouda com Ervas Peso Aproximado 4,5 kg",Landana,,"19,49 €/kg",,
Pastoret Iogurte Artesanal com Framboesas embalagem 125 g,Pastoret,,"0,85 €","(6,80 € / Kg)",
L'Oréal Elvive Óleo Extraordinário Máscara Capilar Caracóis Nutridos embalagem 300 ml,L'Oréal,,"6,99 €","(23,30 € / Litro)",
Farias Vinho Tinto de Mesa garrafa 75 cl,Farias,,"5,95 €","(7,93 € / Litro)",
Lombo de Porco Ibérico ao peso 1 kg,,,"27,95 €/kg",,
Collonil Tubo Waterstop Colours Incolor 75 ml,Collonil,,"7,75 €","(103,33 € / Litro)",
Scottex Guardanapos Folha Dupla embalagem 50 unidades,Scottex,,"1,69 €","(0,03 € / Unidade)",
Aloma Mil Folhas unidade,Aloma,,"0,95 €","(0,95 € / Unidade)",
Lay's 3D'S Snack Cones de Milho com Sabor a Presunto e Queijo sem Glúten embalagem 85 g,Lay's 3D'S,,"1,65 €","(19,41 € / Kg)",
Agros Queijo Flamengo em Barra,Agros,,"10,69 €/kg",,
Milka Chocolate Triple Recheado com Caramelo embalagem 90 g,Milka,,"1,69 €","(18,78 € / Kg)",
Gluck Doce de Puré Ruibardo frasco 230 g,Gluck,,"5,49 €","(23,87 € / Kg)",
Mabiju Requeijão Cremoso Tradicional embalagem 500 g,Mabiju,,"6,75 €","(13,50 € / Kg)",
Cem Porcento Waffers Manteiga de Amendoim embalagem 180 g,Cem Porcento,,"2,99 €","(16,61 € / Kg)",
Panidor Bolo Rei Tradicional unidade 700 g,Panidor,,"9,49 €","(13,56 € / Kg)",
Globo Pão Ralado embalagem 200 g,Globo,,"0,49 €","(2,45 € / Kg)",
Corpos Danone +Proteína Iogurte Aroma a Ananás embalagem 145 g,Corpos Danone +Proteína,,"0,89 €","(6,14 € / Kg)",
Sagrado Vinho Branco do Douro garrafa 75 cl,Sagrado,,"7,99 €","(10,65 € / Litro)",
Penetra Vinho Branco de Mesa Semillon do Douro garrafa 75 cl,Penetra,,"19,70 €","(26,27 € / Litro)",
Cataliment Pérolas de Queijo Roquefort frasco 50 g,Cataliment,,"4,59 €","(91,80 € / Kg)",
Kumala Vinho Tinto da África do Sul Pinotage garrafa 75 cl,Kumala,,"7,99 €","(10,65 € / Litro)",
Laphroaig Whisky Malte 10 Anos garrafa 70 cl,Laphroaig,,"54,50 €","(77,86 € / Litro)",
Dr. Bentes Rebuçados Peitoral Alteia e Mel embalagem 100 g,Dr. Bentes,,"1,09 €","(10,90 € / Kg)",
Emanuel Casado Rebuçados de Eucalipto embalagem 150 g,Emanuel Casado,,"4,35 €",(29 € / Kg),
Heinz Mostarda Mel embalagem 220 ml,Heinz,,"2,39 €","(10,86 € / Litro)",
Gelito Gelo Picado embalagem 2 kg,Gelito,,"0,99 €","(0,50 € / Kg)",
Aliada Doce de Ameixa Extra frasco 410 g,Aliada,,"1,49 €","(3,63 € / Kg)",
El Corte Inglés Amêndoas Cruas embalagem 150 g,El Corte Inglés,,"2,99 €","(19,93 € / Kg)",
Vitasnack Batata Doce Crocante com Caril sem Glúten Biológica embalagem 26 g,Vitasnack,,"2,79 €","(107,31 € / Kg)",
Bimbo Pão de Forma Integral 10 Cereais e Sementes embalagem 450 g,Bimbo,,"1,99 €","(4,42 € / Kg)",
Ti Almerinda Mini Rissóis de Leitão embalagem 300 g,Ti Almerinda,,"3,59 €","(11,97 € / Kg)",
Iglo Green Cuisine Mini Hambúrgueres de Batata Doce e Quinoa Vegan 6 Unidades embalagem 270 g,Iglo Green Cuisine,,"5,49 €","(20,33 € / Kg)",
Président Queijo Creme Camembert embalagem 125 g,Président,,"2,49 €","(19,92 € / Kg)",
Madre Coxinha Coxinhas de Carne Seca Sol para Forno embalagem 380 g,Madre Coxinha,,"8,39 €","(22,08 € / Kg)",
Garnier Color Sensation Coloração Permanente Intensa Nº 6.0 Louro Escuro embalagem 1 unidade,Garnier Color Sensation,,"8,85 €","(8,85 € / Unidade)",
Bonduelle Salteado Estilo Parisino embalagem 400 g,Bonduelle,,"2,94 €","(7,35 € / Kg)",
Maxtris Amêndoas Cobertas com Chocolate Branco de Mirtilo,Maxtris,,"30,00 €/kg",,
El Corte Inglés Salada de Caranguejo Extra embalagem 240 g,El Corte Inglés,,"2,59 €","(10,79 € / Kg)",
Nivea Body Milk Loção para Corpo Repara & Cuida 72h Pele Extra Seca embalagem 250 ml,Nivea Body Milk,,"6,59 €","(26,36 € / Litro)",
Gliss Reparação Total Máscara Capilar Nutritiva Anti-Quebra embalagem 200 ml,Gliss Reparação Total,,"7,99 €","(39,95 € / Litro)",
Colgate Max White Pasta de Dentes Carvão embalagem 75 ml,Colgate Max White,,"4,99 €","(66,53 € / Litro)",
Cacaolat Leite UHT Batido com Cacau 0% Açúcares Adicionados Pack 4 embalagem 200 ml,Cacaolat,,"3,15 €","(15,75 € / Litro)",
Glade Ambientador Eléctrico Sensual Sandalwood & Jasmin embalagem 20 ml,Glade,,"11,99 €","(599,50 € / Litro)",
Soalheiro Vinho Rosé do Minho garrafa 75 cl,Soalheiro,,"11,75 €","(15,67 € / Litro)",
El Corte Inglés Selection Queijo de Ovelha Manchego DOP unidade 250 g,El Corte Inglés Selection,,"6,19 €","(24,76 € / Kg)",
Soalheiro Germinar Vinho Branco Loureiro Vinhas Velhas garrafa 75 cl,Soalheiro Germinar,,"10,95 €","(14,60 € / Litro)",
Tyrrell's Batatas Fritas com Sal Marinho embalagem 150 g,Tyrrell's,,2 €,"(13,33 € / Kg)",
Maldonado Chouriço 100% Ibérico Bolota,Maldonado,,"44,98 €/kg",,
Primeira Folha Daikon Germinado embalagem 30 g,Primeira Folha,,"2,99 €","(99,67 € / Kg)",
Aussie Óleo Reconstrutor Miracle embalagem 100 ml,Aussie,,"9,99 €","(99,90 € / Litro)",
Messias Vinho Tinto da Bairrada garrafa 75 cl,Messias,,"3,95 €","(5,27 € / Litro)",
Margão Pimenta Preta Moída embalagem 50 g,Margão,,"1,99 €","(39,80 € / Kg)",
Aga Soro Fisiológico em Unidoses de 5 ml embalagem 30 unidades,Aga,,"3,99 €","(0,13 € / Unidade)",
Seven Up Refrigerante de Lima Limão com Gás garrafa 50 cl,Seven Up,,"1,10 €","(2,20 € / Litro)",
Magabel Chá Verde com Ginseng embalagem 10 unidades,Magabel,,"1,25 €","(0,12 € / Unidade)",
Riedenburger Cerveja Einkorn Biológica garrafa 33 cl,Riedenburger,,"2,75 €","(8,33 € / Litro)",
Glade Ambientador Toque & Fresh  Relax Zen recarga 10 ml,Glade,,"3,49 €","(34,90 € / 10 ml.)",
Pantene Color Protect Máscara Capilar para Cabelo Pintado embalagem 200 ml,Pantene Color Protect,,"6,59 €","(21,97 € / Litro)",
El Corte Inglés Gomas Pica embalagem 200 g,El Corte Inglés,,"0,89 €","(4,45 € / Kg)",
Mimosa Proteína Iogurte Quark de Chocolate Pack 2 140 g,Mimosa Proteína,,"2,09 €","(5,68 € / Kg)","2,09 €"
L'or Espresso Café Fortissimo para Nespresso Intensidade 10 embalagem 10 cápsulas,L'or Espresso,,"4,29 €","(0,43 € / Unidade)",
Pringles Aperitivos de Ketchup embalagem 175 g,Pringles,,"2,65 €","(15,14 € / Kg)",
Patron Tequila Silver garrafa 70 cl,Patron,,"53,69 €","(71,59 € / Litro)",
Sorini Bombons Maxi Per Te Rosa embalagem 500 g,Sorini,,"7,95 €","(15,90 € / Kg)",
Vitasnack Beterraba Crocante sem Glúten Biológica embalagem 24 g,Vitasnack,,"3,29 €","(137,08 € / Kg)",
Karlova Vodka Black garrafa 70 cl,Karlova,,"8,99 €","(12,84 € / Litro)",
Glade Ambientador Eléctrico Lavanda Recarga 2 unidades embalagem 20 ml,Glade,,"11,99 €","(599,50 € / Litro)",
Nivea Protect e Bronze Creme embalagem 250 ml,Nivea Protect e Bronze,,"5,59 €","(22,36 € / Litro)",
"Patrulha Pata Barritas de Chocolate com Recheio de Leite + Surpresa embalagem 12,5 g",Patrulha Pata,,"0,99 €","(79,20 € / Kg)",
Air Wick Ambientador Elétrico Delícias de Verão Recarga embalagem 250 ml,Air Wick,,"11,89 €","(47,56 € / Litro)",
Pasta dos Dentes Gengivas Branqueamento PerioGard embalagem 75 ml,,,"5,59 €","(74,53 € / Litro)",
Olmeca Tequila Branca garrafa 70 cl,Olmeca,,"22,49 €","(32,13 € / Litro)",
Mimosa Bem Especial Crescimento Leite Meio Gordo Pack 4 embalagem 200 ml,Mimosa Bem Especial Crescimento,,"2,19 €","(2,74 € / Litro)",
Pringles Aperitivos de Batatas Flame Hot Chilli embalagem 160 g,Pringles,,"2,99 €","(18,69 € / Kg)",
Dilea Manteiga Zero Lactose embalagem 200 g,Dilea,,"3,99 €","(19,95 € / Kg)",
Flor das Hortas Alho para Bifes frasco 60 g,Flor das Hortas,,"1,55 €","(25,83 € / Kg)",
Pantene Miracles Tratamento Intensivo Redensificante Volume com Água de Rosas embalagem 100 ml,Pantene Miracles,,"9,99 €","(99,90 € / Litro)",
Babaria Creme para Pés Secos e Gretados com Aloe Vera embalagem 150 ml,Babaria,,"2,79 €","(18,60 € / Litro)",
Hengstenberg Couve Branca com Vinho Branco frasco 680 g,Hengstenberg,,"3,85 €","(5,66 € / Kg)",
Alhambra Cerveja de Espanha 1925 garrafa 70 cl,Alhambra,,"4,25 €","(6,07 € / Litro)",
Cantinho das Aromáticas Infusão de Limão Biológica embalagem 20 unidades,Cantinho das Aromáticas,,"4,10 €","(0,20 € / Unidade)",
"Delicatalia Barra de Cereais, Fruta e Chocolate Biológica embalagem 50 g",Delicatalia,,"1,79 €","(35,80 € / Kg)",
Bush Cerveja Charácter garrafa 75 cl,Bush,,"20,90 €","(27,87 € / Litro)",
Jacobsen Cookies Holiday Tradicional Butter lata 454 g,Jacobsen,,"7,59 €","(16,72 € / Kg)",
El Corte Inglés Toalhitas Infantis com Aloe Vera e Camomila Pack 2x72 embalagem 144 unidades,El Corte Inglés,,"2,48 €","(0,01 € / Unidade)","2,48 €"
Blédina Frutapura Pera a Partir dos 4 Meses Pack 4 embalagem 95 g,Blédina Frutapura,,"2,79 €","(29,37 € / Kg)",
Listerine Elixir Oral Protecção de Esmalte Sabor Suave Menta embalagem 500 ml,Listerine,,"6,49 €","(12,98 € / Litro)",
Randy Massa Folhada de Fiambre e Cogumelos embalagem 280 g,Randy,,"4,99 €","(17,82 € / Kg)",
Borges Vinho Branco Verde Alvarinho garrafa 75 cl,Borges,,"11,25 €",(15 € / Litro),
Ultra Suave Azeitona Mítica Champô para Cabelos Secos e Sensibilizados embalagem 400 ml,Ultra Suave Azeitona Mítica,,"5,59 €","(13,98 € / Litro)",
Fino Esfregão Fibra com Esponja Recarga embalagem 3 unidades,Fino,,"2,79 €","(0,93 € / Unidade)",
Avianense Reis Magos de Chocolate 3 unidades caixa 84 g,Avianense,,"2,99 €","(35,60 € / Kg)",
Raid Insecticida Casa e Plantas embalagem 400 ml,Raid,,"4,99 €","(12,48 € / Litro)",
Vitasnack Maçã e Papaia Crocante Vegan Biológica embalagem 20 g,Vitasnack,,"2,19 €","(109,50 € / Kg)",
Skippy Creme para Barrar de Manteiga de Amendoim Crocante embalagem 400 g,Skippy,,"4,39 €","(9,85 € / Kg)","4,39 €"
Gillette Fusion Hydra Gel Pele Sensível embalagem 200 ml,Gillette Fusion,,"4,99 €","(24,95 € / Litro)",
Peccato Gelado de Melão embalagem 500 ml,Peccato,,"5,99 €","(11,98 € / Litro)",
Romeu Azeite Virgem Extra Biológico garrafa 250 ml,Romeu,,"4,95 €","(19,80 € / Litro)",
"Azuaga Sortido Ibérico com Presunto, Chouriço e Salsichão embalagem 140 g",Azuaga,,"5,99 €","(42,79 € / Kg)",
Antonio Banderas The Icon Desodorizante Spray embalagem 150 ml,Antonio Banderas The Icon,,"8,75 €","(58,33 € / Litro)",
El Corte Inglés Selection Tomate Pelado aos Pedaços Extra lata 410 g,El Corte Inglés Selection,,"1,35 €","(3,29 € / Kg)",
El Corte Inglés Sumo de Laranja sem Polpa embalagem 1 L,El Corte Inglés,,"1,49 €","(1,49 € / Litro)",
Condi Vagem de Baunilha embalagem 4 g,Condi,,"5,99 €","(5,99 € / Unidade)",
Finish Detergente para Máquina de Loiça All In 1 Max embalagem 42 pastilhas,Finish,,"8,99 €","(0,21 € / Unidade)",
Triunfo Digestive Go Bolachas com Pepitas de Maçã Pack 6 embalagem 171 g,Triunfo Digestive Go,,"1,69 €","(9,88 € / Kg)",
Sanex Zero % Desodorizante Roll-On embalagem 50 ml,Sanex Zero %,,"3,99 €","(79,80 € / Litro)",
Andros Puré Sobremesa de Maçã Natural frasco 750 g,Andros,,"3,39 €","(4,52 € / Kg)",
Al-Andalus Compota de Framboesa frasco 250 g,Al-Andalus,,"3,95 €","(15,80 € / Kg)",
El Corte Inglés Selection Gambão Cru 20/30 Peças embalagem 1 kg,El Corte Inglés Selection,,"17,99 €","(17,99 € / Kg)",
Lactimonte Queijo Fresco de Cabra kg,Lactimonte,,"9,99 €/kg",,
Margão Segredos Mistura para Porco frasco 34 g,Margão Segredos,,"2,89 €",(85 € / Kg),
Collonil Nubuk e Velours Incolor Spray 200 ml,Collonil,,"8,65 €","(43,25 € / Litro)",
El Corte Inglés Óleo Alimentar embalagem 5 L,El Corte Inglés,,"16,69 €","(3,34 € / Litro)",
Nicola Café Alumínio 100% Arábica embalagem 10 unidades,Nicola,,"3,79 €","(0,38 € / Unidade)",
Heinz Maionese Light frasco 480 ml,Heinz,,"3,75 €","(4,98 € / Litro)","3,75 €"
El Corte Inglés Azeite de Oliva 1º garrafão 5 L,El Corte Inglés,,"19,65 €","(3,93 € / Litro)",
Milka Chocolate de Leite com Avelã embalagem 100 g,Milka,,"1,69 €","(16,90 € / Kg)",
Desiam Pasta de Galanga embalagem 30 g,Desiam,,"2,89 €","(96,33 € / Kg)",
Compal da Horta Tomate Triturado frasco 500 g,Compal da Horta,,"1,49 €","(2,98 € / Kg)",
Próvida Miso Arroz Integral Biológico frasco 300 g,Próvida,,"7,29 €","(24,30 € / Kg)",
Quinta dos Açores Gelado de Banana Split embalagem 2 L,Quinta dos Açores,,"15,49 €","(7,74 € / Litro)",
El Corte Inglés Torrão Duro sem Açúcares Adicionados sem Glúten embalagem 200 g,El Corte Inglés,,"3,79 €","(18,95 € / Kg)",
"Wiloco Chocolate Preto Tropical Vegan sem Glúten, sem Lactose Biológico embalagem 90 g",Wiloco,,"3,69 €",(41 € / Kg),
Barilla Massa Bavette nº13 embalagem 500 g,Barilla,,"1,55 €","(3,10 € / Kg)",
Casa Matias Requeijão de Ovelha unidade 250 g,Casa Matias,,"1,99 €","(7,96 € / Kg)",
Oboé Vinho Branco do Douro Vinha da Parcela garrafa 150 cl,Oboé,,"44,89 €","(29,93 € / Litro)",
Astronauta Vinho Branco da Alemanha Riesling garrafa 75 cl,Astronauta,,"7,49 €","(9,99 € / Litro)",
Nivea Pack Essencials Pele Sensível pack 1 unidade,Nivea,,"23,09 €","(14,99 € / Unidade)","23,09 €"
Lynce Miolo de Noz Nacional embalagem 150 g,Lynce,,"2,39 €","(15,93 € / Kg)",
"Vileda Mopa 1.2 Spray Max Recarga, Pronta a Usar e sem Balde embalagem 1 unidade",Vileda,,"7,99 €","(7,99 € / Unidade)",
Barilla Molho Pesto de Ricotta e Noz frasco 190 g,Barilla,,"4,25 €","(22,37 € / Kg)",
Herbal Essences Bio-Renew Champô Aloe Vera + Bambu Fortalece e Hidrata para Cabelo Seco embalagem 380 ml,Herbal Essences Bio-Renew,,"4,99 €",(3.740 € / Litro),"4,99 €"
Margem Cera de Abelhas para Móveis embalagem 500 ml,Margem,,"9,55 €","(19,10 € / Litro)",
Zambudio Cebolitas Peso Aproximado ao peso 1 kg,Zambudio,,"7,79 €/kg",,
Castello Finna Água com Gás Pack 4 garrafa 25 cl,Castello Finna,,2 €,(2 € / Litro),
El Corte Inglés Espetos Doces de Pickles frasco 160 g,El Corte Inglés,,"2,45 €","(15,31 € / Kg)",
Miss Organic Infusão de Menta Biológica embalagem 10 unidades,Miss Organic,,"1,99 €","(0,20 € / Unidade)",
Matutano Cajus Tostados no Forno embalagem 170 g,Matutano,,"4,99 €",(22 € / Kg),"4,99 €"
Ezalo Difusor Eléctrico para Líquido 90 Noites embalagem 60 ml,Ezalo,,"12,99 €","(216,50 € / Litro)",
Montaria Vinho Tinto do Alentejo garrafa 75 cl,Montaria,,"3,99 €","(5,32 € / Litro)",
Schneider Weisse Cerveja da Alemanha Hopfenweisse Tap 5 garrafa 50 cl,Schneider Weisse,,"4,19 €","(8,38 € / Litro)",
Saludães Arroz Basmati embalagem 500 g,Saludães,,"1,52 €","(3,04 € / Kg)",
Dove Cream Bar Sabonete Pack 4 embalagem 100 g,Dove Cream Bar,,"4,99 €","(12,48 € / Kg)",
A Leiteira Delicia de Bolacha pack 2 125 g,A Leiteira,,"1,89 €","(7,56 € / Kg)",
Próvida Farinha de Trigo Branca Tipo 65 embalagem 500 g,Próvida,,"1,89 €","(3,78 € / Kg)",
Macal Peito de Peru em Fatias embalagem 100 g,Macal,,"1,69 €","(16,90 € / Kg)",
Nestlé Nat Cereais Ursinhos com Mel Pack 6 embalagem 32 g,Nestlé Nat,,"3,69 €","(115,31 € / Kg)",
Olá Gelado de Baunilha e Baunilha Azul Frozen embalagem 900 ml,Olá,,"5,49 €","(6,10 € / Litro)",
Dow's Vinho do Porto 20 Anos garrafa 75 cl,Dow's,,"39,99 €","(53,32 € / Litro)",
El Corte Inglés Batatas Fritas Lisas sem Glúten embalagem 170 g,El Corte Inglés,,"0,99 €","(5,82 € / Kg)",
Cem Porcento Crispies de Arroz embalagem 250 g,Cem Porcento,,"1,99 €","(7,96 € / Kg)",
Hillfield Chilli Beans lata 400 g,Hillfield,,"1,75 €","(4,38 € / Kg)",
El Corte Inglés Atum em Azeite frasco 135 g,El Corte Inglés,,"5,09 €","(37,70 € / Kg)",
Monte da Ravasqueira Vinho Tinto do Alentejo Vinha das Romãs garrafa 75 cl,Monte da Ravasqueira,,"18,99 €","(25,32 € / Litro)",
McCain Batatas Forno Express em Palitos Vegan embalagem 500 g,McCain,,"2,69 €","(5,38 € / Kg)",
Jordan Escova de Dentes Interdental Brush Between X embalagem 1,Jordan,,"5,99 €","(5,99 € / Unidade)",
Ferrarini Provolone Doce de Itália kg,Ferrarini,,"17,35 €/kg",,
Villar Salsichão Ibérico Extra embalagem 200 g,Villar,,"5,29 €","(26,45 € / Kg)",
Elpozo King Salsichas embalagem 330 g,Elpozo King,,"3,29 €","(9,97 € / Kg)",
Ballantine's Whisky Escocês 12 Anos garrafa 70 cl,Ballantine's,,"26,99 €","(38,56 € / Litro)",
Pato Real Minuto Arroz de Legumes embalagem 260 g,Pato Real Minuto,,"3,29 €","(12,65 € / Kg)",
Porminho Presunto em Fatias embalagem 150 g,Porminho,,"4,89 €","(32,60 € / Kg)",
Mirtilos embalagem 125 g,,,"1,99 €","(12,72 € / Kg)","1,99 €"
El Corte Inglés Mini Tortilha de Batata Fresca com Cebola embalagem 200 g,El Corte Inglés,,"1,69 €","(8,45 € / Kg)",
Wasa Tostas Finas de Centeio Delikatess embalagem 250 g,Wasa,,"2,49 €","(9,96 € / Kg)",
Cozinha Pronta Esparregado embalagem 350 g,Cozinha Pronta,,"2,68 €","(7,66 € / Kg)",
Parmalat Natas com Caril embalagem 200 ml,Parmalat,,"1,27 €","(0,64 € / 10 ml.)",
Feletti Bombom Sortido Lisette caixa 300 g,Feletti,,"14,39 €","(47,97 € / Kg)",
Pai Vinho Branco do Alentejo Reserva garrafa 75 cl,Pai,,"3,85 €","(5,13 € / Litro)",
Garnier Essencials Desmaquilhante para os Olhos embalagem 150 ml,Garnier Essencials,,"4,99 €","(33,27 € / Litro)",
Cem Porcento Chá para Infusão Hibisco embalagem 50 g,Cem Porcento,,"1,99 €","(39,80 € / Kg)",
Condi Fermento para Massas Doces embalagem 40 g,Condi,,"1,69 €","(42,25 € / Kg)",
Khor Vodka garrafa 70 cl,Khor,,"12,49 €","(17,84 € / Litro)",
Meica Salsichas Bockwurst Biológicas frasco 180 g,Meica,,"6,09 €","(33,83 € / Kg)",
Mestemacher Pão Preto da Westfalia embalagem 250 g,Mestemacher,,"1,49 €","(5,96 € / Kg)",
Isola Bio Água de Coco Biológica embalagem 500 ml,Isola Bio,,"4,25 €","(8,50 € / Litro)",
Cabo de Peñas Atum Claro em Azeite Virgem Extra Pack 3 Biológico embalagem 80 g,Cabo de Peñas,,"4,79 €","(59,88 € / Kg)",
Protein Pudding Caramelo embalagem 150 g,,,"1,99 €","(9,93 € / Kg)","1,99 €"
Casa de Santar Vinho Branco do Dão Reserva garrafa 75 cl,Casa de Santar,,"14,99 €","(19,99 € / Litro)",
Delta Café Moído Torrado Lote Brasil Moagem Universal embalagem 220 g,Delta,,"3,69 €","(16,77 € / Kg)",
San José Tequila Silver garrafa 70 cl,San José,,"14,99 €","(21,41 € / Litro)",
Canderel Adoçante Líquido embalagem 125 ml,Canderel,,"3,99 €","(31,92 € / Litro)",
"Sonatural Sumo de Maçã, Banana, Framboesa e Mirtilo embalagem 250 ml",Sonatural,,"1,98 €","(7,92 € / Litro)",
Aliada Pontas de Espargos Brancos Médias Extra frasco 110 g,Aliada,,"3,04 €","(27,64 € / Kg)",
Bio Puro Desengordurante Biológico embalagem 500 ml,Bio Puro,,"4,99 €","(9,98 € / Litro)",
Quinta do Carmo Vinho Branco Regional Alentejano + Vinho Tinto Regional Alentejo Pack 2 unidades embalagem 75 cl,Quinta do Carmo,,"26,98 €","(6,42 € / Litro)",
El Corte Inglés Tostas Integrais embalagem 270 g,El Corte Inglés,,"1,09 €","(4,04 € / Kg)",
Desidrata Banana Passa Desidratada sem Glúten Biológica embalagem 100 g,Desidrata,,"3,65 €","(36,50 € / Kg)",
Gliss Oil Nutritive Condicionador Express para Pontas Espigadas em Spray embalagem 200 ml,Gliss Oil Nutritive,,"7,59 €","(37,95 € / Litro)",
El Corte Inglés Selection Tomate Triturado lata 800 g,El Corte Inglés Selection,,"2,15 €","(2,69 € / Kg)",
Vahiné Vela Nº 4 embalagem 1 unidade,Vahiné,,"2,19 €","(2,19 € / Unidade)",
Finish Detergente Líquido para Máquina da Loiça Power Limão embalagem 65 doses,Finish,,"27,49 €","(0,17 € / Unidade)","27,49 €"
Campainha Queijo Flamengo Ralado embalagem 150 g,Campainha,,"1,79 €","(11,93 € / Kg)",
Cogumelos Laminados embalagem 250 g,,,"1,89 €","(7,56 € / Kg)",
Nestlé Fitness Cereais de Trigo Integral embalagem 375 g,Nestlé Fitness,,"3,59 €","(9,57 € / Kg)",
"Margão Mistura Sal, Limão e Pimenta frasco 65 g",Margão,,"4,49 €","(69,08 € / Kg)",
Lysol Limpa Máquinas de Roupa Desinfectante embalagem 250 ml,Lysol,,"9,99 €","(39,96 € / Litro)",
Actimel Iogurte Líquido Natural Pack 6 embalagem 100 g,Actimel,,"3,29 €","(32,90 € / Kg)",
Swiffer Espanador para Pêlos de Animais embalagem 9 unidades,Swiffer,,"7,39 €","(0,82 € / Unidade)",
Olá Gelado Frozen II Olaf Pack 6 uidades embalagem 60 ml,Olá,,"4,99 €","(13,86 € / Litro)",
Sonasol Wc Blue Activ Bloco Sanitário Higiene embalagem 50 g,Sonasol Wc Blue Activ,,"3,09 €","(61,80 € / Kg)",
St. Dalfour Doce de Morango frasco 284 g,St. Dalfour,,"4,39 €","(15,46 € / Kg)",
Walkers Shortbread Bolachas de Manteiga Triangles embalagem 150 g,Walkers Shortbread,,"4,25 €","(28,33 € / Kg)",
Panrico Pão de Forma Rústico 0% Açúcares Adicionados Vegan sem Lactose embalagem 375 g,Panrico,,"2,09 €","(5,57 € / Kg)",
Beirabaga Amêndoas Picantes frasco 125 g,Beirabaga,,"4,19 €","(33,52 € / Kg)",
Dove Men +Care Desodorizante Cool Fresh Roll-On embalagem 50 ml,Dove Men +Care,,"4,69 €","(93,80 € / Litro)",
The Kraken Rum garrafa 70 cl,The Kraken,,"28,49 €","(40,70 € / Litro)",
Santini Gelado de Limão embalagem 500 g,Santini,,"14,95 €","(29,90 € / Kg)",
Gillette Venus Snap Lâminas Depilatórias Recarga embalagem 2,Gillette Venus,,"11,39 €","(5,70 € / Unidade)",
Oliveira da Serra Vinagre de Tomate garrafa 250 ml,Oliveira da Serra,,"1,49 €","(5,96 € / Litro)",
Dr.Organic Desodorizante com Alfazema Roll-On Biológico embalagem 50 ml,Dr.Organic,,"7,34 €","(146,80 € / Litro)",
Cosi Bio Peito de Frango em Fatias sem Glúten Biológico embalagem 80 g,Cosi Bio,,"5,98 €","(74,75 € / Kg)",
Rexona Women Invisible Diamond Desodorizante Spray embalagem 150 ml,Rexona Women Invisible Diamond,,"4,69 €","(31,27 € / Litro)",
Banana Premium Peso Aproximado por cuvete 330 g,,,"0,60 €","(1,99 € / Kg)",
Lindahls Pudding Baunilha Proteico embalagem 150 g,Lindahls,,"1,99 €","(9,93 € / Kg)","1,99 €"
Primor Manteiga com Sal embalagem 250 g,Primor,,"2,34 €","(9,36 € / Kg)",
Bitburger Pils Cerveja da Alemanha garrafa 33 cl,Bitburger Pils,,"2,15 €","(6,52 € / Litro)",
El Corte Inglés Espargos Curtos Verdes frasco 100 g,El Corte Inglés,,"3,45 €","(34,50 € / Kg)",
Nestlé Cerelac Farinha Láctea - 40% de Acúcar embalagem 1 kg,Nestlé Cerelac,,"6,69 €","(6,69 € / Kg)",
Kellogg's Special K Cereais Classic embalagem 375 g,Kellogg's Special K,,"3,65 €","(6,11 € / Kg)","3,65 €"
Double Pagoda Óleo de Sésamo garrafa 150 ml,Double Pagoda,,"5,20 €","(34,67 € / Litro)",
Gelpeixe Choco Limpo Pequeno Inteiro embalagem 500 g,Gelpeixe,,"7,99 €","(15,98 € / Kg)",
Terra Nostra Leite de Pastagem Magro embalagem 1 L,Terra Nostra,,"1,04 €","(1,04 € / Litro)",
Próvida Puré de Fruta Maçã Banana sem Adição de Açúcar Biológico embalagem 100 g,Próvida,,"0,99 €","(9,90 € / Kg)",
Société Queijo Roquefort,Société,,"25,99 €/kg",,
Not Guilty Bombons 50% Negro Mant. Frutos Secos cubo 80 g,Not Guilty,,"2,99 €","(37,38 € / Kg)",
Penina Vinho Branco Regional do Tejo garrafa 75 cl,Penina,,"4,99 €","(6,65 € / Litro)",
Sol Cerveja Mexicana garrafa 33 cl,Sol,,"1,25 €","(3,79 € / Litro)",
Clawson Queijo Blue Stilton,Clawson,,"27,99 €/kg",,
Sorini Bombons de Leite Coração embalagem 80 g,Sorini,,"4,79 €","(59,88 € / Kg)",
Cano Cabide de Madeira 45 cm 1 unidade,Cano,,"4,35 €","(4,35 € / Unidade)",
Aliada Presunto da Pá Ibérico Reserva em Fatias embalagem 200 g,Aliada,,"4,10 €","(20,50 € / Kg)",
Renova Art de La Table Guardanapos Branco Pequenos 90 unidades,Renova Art de La Table,,"1,09 €","(0,01 € / Unidade)",
Condi Tooping de Morango embalagem 300 g,Condi,,"2,99 €","(9,97 € / Kg)",
Agromar Paté de Ouriços do Mar lata 100 g,Agromar,,"5,55 €","(55,50 € / Kg)",
Morgadio de Estremoz Vinho Tinto do Alentejo DOC Private Selection garrafa 75 cl,Morgadio de Estremoz,,"5,95 €","(7,93 € / Litro)",
El Corte Inglés Rolo de Cozinha Decorado 3 Camadas embalagem 2 unidades,El Corte Inglés,,"3,05 €","(1,52 € / Unidade)",
Lipton Ice Tea de Manga garrafa 50 cl,Lipton Ice Tea,,"1,09 €","(2,18 € / Litro)",
El Corte Inglés Muesli Crocante com Pedaços de Chocolate embalagem 500 g,El Corte Inglés,,"2,39 €","(4,78 € / Kg)",
Tipiak Quinoa Gourmand embalagem 400 g,Tipiak,,"4,19 €","(10,48 € / Kg)",
Grisbi Bolachas com Creme de Limão sem Glúten embalagem 150 g,Grisbi,,"3,99 €","(26,60 € / Kg)",
Milhafre Queijo São Luiz,Milhafre,,"10,79 €/kg",,
Knorr Caldo de Carne 16 Cubos embalagem 160 g,Knorr,,"3,70 €","(23,12 € / Kg)",
Kuchen Meister Base de Tarte Simples embalagem 200 g,Kuchen Meister,,"1,99 €","(9,95 € / Kg)",
Sonasol Wc Poder Activo Desinfectante Sanitário Pinho Pack 2 embalagem 50 g,Sonasol Wc Poder Activo,,"5,99 €","(59,90 € / Kg)",
Raia Peso Aproximado por unidade 2 kg,,,"4,99 €/kg",,
Frapin Cognac 1270 garrafa 70 cl,Frapin,,"41,75 €","(59,64 € / Litro)",
Alternativa Chupa Chupa Biológico embalagem 8 unidades,Alternativa,,"1,35 €","(0,17 € / Unidade)",
H&S Champô Anti-Caspa Limpeza Profunda e Alívio da Comichão embalagem 300 ml,H&S,,"6,59 €","(21,97 € / Litro)",
Martiko Ovas de Capelim e Lumpo Vermelhas frasco 50 g,Martiko,,"3,95 €",(79 € / Kg),
Sanex Dermo Invisible Desodorizante Spray embalagem 150 ml,Sanex Dermo Invisible,,"3,99 €","(26,60 € / Litro)",
Nacional Massa Macarrão Alga Kombu Bio embalagem 300 g,Nacional,,"3,29 €","(10,97 € / Kg)",
Special Line Polpa de Açai Pronto a Beber embalagem 190 g,Special Line,,"4,49 €","(23,63 € / Kg)",
Rudolfs Risotto Bio +8 meses frasco 190 g,Rudolfs,,"2,39 €","(12,58 € / Kg)",
Vitalia Sumo de Beterraba Biológico garrafa 750 ml,Vitalia,,"4,19 €","(5,59 € / Litro)",
Vive Soy Bebida de Aveia sem Açúcar embalagem 1 L,Vive Soy,,"2,45 €","(2,45 € / Litro)",
Presunto 100% Alentejano ao peso 1 kg,,,"59,95 €/kg",,
Skip Ultimate Detergente para a Roupa 3 em 1 Active Clean embalagem 42 cápsulas,Skip Ultimate,,"12,49 €","(0,30 € / Dose)",
Orval Cerveja da Bélgica garrafa 33 cl,Orval,,"3,69 €","(11,18 € / Litro)",
Rhum Quinina Loção Capilar Revitalizante Anti-Queda embalagem 500 ml,Rhum Quinina,,"13,10 €","(2,62 € / 10 ml.)",
Aliada Cubinhos de Presunto Reserva 12 Meses Pack 2 unidade 80 g,Aliada,,"1,59 €","(19,88 € / Kg)",
Ename Cerveja Pater garrafa 33 cl,Ename,,"2,99 €","(9,06 € / Litro)",
Johnnie Walker Whisky Velho Double Black garrafa 70 cl,Johnnie Walker,,"43,99 €","(62,84 € / Litro)",
Efiseptyl Colutório Protecção Halitose embalagem 500 ml,Efiseptyl,,"7,49 €","(14,98 € / Litro)",
Aussie Máscara Repair 3MM embalagem 225 ml,Aussie,,"9,99 €","(44,40 € / Litro)",
Herbex Manjericão 20 g,Herbex,,"1,49 €","(74,50 € / Kg)",
Chá Mate Dente de Leão Original embalagem 250 g,,,"4,55 €","(18,20 € / Kg)",
El Corte Inglés Vinagre de Jerez Reserva garrafa 250 ml,El Corte Inglés,,"1,95 €","(7,80 € / Litro)",
Dodot Fraldas Bébé Seco Tamanho 5 embalagem 34,Dodot,,"9,99 €","(0,29 € / Unidade)",
Lusiaves Strogonoff de Peru Peso Aproximado por cuvete 500 g,Lusiaves,,"4,88 €","(9,75 € / Kg)",
Tierra de Oro Cava Brut garrafa 75 cl,Tierra de Oro,,"2,99 €","(3,99 € / Litro)",
"Blédina Frutapura Maçã, Kiwi e Ananás + 8 Meses Pack 4 embalagem 95 g",Blédina Frutapura,,"2,79 €","(29,37 € / Kg)",
Condi Pectina embalagem 25 g,Condi,,"1,84 €","(73,60 € / Kg)",
Hell Energy Bebida de Café e Coco sem Lactose lata 25 cl,Hell Energy,,"1,39 €","(5,56 € / Litro)",
Nobre Presunto Curado Reserva 7 Meses kg,Nobre,,"26,95 €/kg",,
Skip Active Clean Detergente Liquido para a Máquina da Roupa Concentrado embalagem 60 doses,Skip Active Clean,,"24,99 €","(0,42 € / Dose)",
Margão Mistura de Sal e Ervas Aromáticas frasco 45 g,Margão,,"4,49 €","(99,78 € / Kg)",
Entremont Queijo Roquefort unidade 100 g,Entremont,,"2,99 €","(29,90 € / Kg)",
Margão Pimentão Doce embalagem 35 g,Margão,,"1,19 €",(34 € / Kg),
Mimosa Iogurte Grego de Cheesecake de Limão Pack 4 embalagem 110 g,Mimosa,,"2,89 €","(4,98 € / Kg)","2,89 €"
Qampo Azeitonas Verdes frasco 210 g,Qampo,,"1,89 €",(9 € / Kg),
"Revilla Chouriço Curado Picante Extra Revilla sem Glúten Peso Aproximado por unidade 1,4 kg",Revilla,,"19,99 €/kg",,
Gullón Bolachas Maria Ligera com Sementes de Sésamo sem Sal e sem Açúcares Adicionados embalagem 600 g,Gullón,,"4,35 €","(7,25 € / Kg)",
Heineken Cerveja garrafa 33 cl,Heineken,,"1,25 €","(3,79 € / Litro)",
Fini Gomas Caveiras de Piratas embalagem 90 g,Fini,,"0,89 €","(9,89 € / Kg)",
Brownie com Noz e Pistacho 1 unidade,,,4 €,,
Cristal Gourmet Vinagre de Figo com 5% de Acidez garrafa 250 ml,Cristal Gourmet,,"2,39 €","(9,56 € / Litro)",
Seeberger Banana Seca em Rodelas embalagem 150 g,Seeberger,,"2,09 €","(13,93 € / Kg)",
Renova Black Label Guardanapos Hearts embalagem 20 unidades,Renova Black Label,,"2,19 €","(0,11 € / Unidade)",
Gaião Vinho Tinto do Alentejo Reserva garrafa 75 cl,Gaião,,"5,90 €","(7,87 € / Litro)",
Vahiné Pasta de Baunilha de Bourbon 4 Vagens embalagem 50 g,Vahiné,,"7,99 €","(103,80 € / Kg)","7,99 €"
Guylian Frutos do Mar embalagem 125 g,Guylian,,"4,99 €","(39,92 € / Kg)",
Doces D'Aveiro Bolos Raivas embalagem 250 g,Doces D'Aveiro,,"3,49 €","(13,96 € / Kg)",
Ortiz Atum Bonito do Norte em Azeite frasco 220 g,Ortiz,,8 €,"(36,36 € / Kg)",
Greens Espinafres Folhas em Porções embalagem 1 kg,Greens,,"2,29 €","(2,29 € / Kg)",
Hershey's Cookies Recheadas com Creme Pack 5 embalagem 63 g,Hershey's,,"2,19 €","(34,76 € / Kg)",
Nobre Vegalia Hambúrgueres Vegetarianos com Pimentos Assados sem Lactose unidade 160 g,Nobre Vegalia,,"4,39 €","(27,44 € / Kg)",
Caçarola Feijão Branco Fidalgo embalagem 500 g,Caçarola,,"1,99 €","(3,98 € / Kg)",
Cavendish & Harvey Rebuçados de Café lata 175 g,Cavendish & Harvey,,"3,09 €","(17,66 € / Kg)",
Reny Picot Molho Béchamel embalagem 500 ml,Reny Picot,,"1,59 €","(3,18 € / Litro)",
Nivea Toalhitas de LImpeza Refrescantes embalagem 40 unidades,Nivea,,"2,49 €","(0,06 € / Unidade)",
Dr.Organic Champô com Argão Biológico embalagem 265 ml,Dr.Organic,,"11,54 €","(43,55 € / Litro)",
Sanchez Alcaraz Taquitos de Presunto Light Pack 2x50 g embalagem 100 g,Sanchez Alcaraz,,"2,79 €","(27,90 € / Kg)",
Secos da Aldeia Amendoins Fritos com Sal embalagem 100 g,Secos da Aldeia,,"0,75 €","(7,50 € / Kg)",
Starbucks Café Grande para Dolce Gusto Intensidade 8 embalagem 12 cápsulas,Starbucks,,"5,39 €","(0,45 € / Unidade)",
Naturefoods Bulgur Grosso Biológico embalagem 500 g,Naturefoods,,"2,19 €","(4,38 € / Kg)",
El Corte Inglés Vinagre de Vinho Branco embalagem 500 ml,El Corte Inglés,,"0,49 €","(0,98 € / Litro)",
Aloma Pastel de Nata embalagem 6 unidades,Aloma,,"5,75 €","(0,96 € / Unidade)",
Queijadas da Avo Vila Franca do Campo embalagem 300 g,,,"7,49 €","(24,97 € / Kg)",
Triunfo Bolachas de Manteiga embalagem 168 g,Triunfo,,"1,89 €","(11,25 € / Kg)",
Riso Gallo Arroz Arborio Risotto embalagem 500 g,Riso Gallo,,"2,89 €","(5,78 € / Kg)",
Pangudi Pão Pita Vegan sem Lactose embalagem 400 g,Pangudi,,"1,79 €","(4,48 € / Kg)",
Narta Magnesium Protect Desodorizante Anti-Stress Spray embalagem 100 ml,Narta Magnesium Protect,,"4,29 €","(42,90 € / Litro)",
El Corte Inglés Selection Sortido de Chocolates e Especialidades embalagem 400 g,El Corte Inglés Selection,,"7,49 €","(18,72 € / Kg)",
"El Corte Inglés Lava-Tudo com Aloe Vera Concentrado embalagem 1,5 L",El Corte Inglés,,"2,05 €","(1,37 € / Litro)",
Fundação Abreu Callado Vinho Branco do Alentejo Lágrima garrafa 75 cl,Fundação Abreu Callado,,"9,90 €","(13,20 € / Litro)",
Sortegel Castanhas Congeladas embalagem 1 kg,Sortegel,,"13,49 €","(10,59 € / Kg)","13,49 €"
Bicentury Nackis Tortas de Milho embalagem 130 g,Bicentury Nackis,,"1,79 €","(13,77 € / Kg)",
Ritter Sport Chocolate Preto com Amêndoas e Laranja embalagem 100 g,Ritter Sport,,"2,29 €","(22,90 € / Kg)",
Aptamil Junior Leite de Crescimento 1-3 Anos garrafa 1 L,Aptamil Junior,,"2,39 €","(1,84 € / Litro)","2,39 €"
Duvel Cerveja da Bélgica garrafa 33 cl,Duvel,,"3,59 €","(10,88 € / Litro)",
Koala Creme de Coco lata 165 ml,Koala,,"1,59 €","(9,64 € / Litro)",
Gelpeixe Postas de Salmão Selvagem embalagem 400 g,Gelpeixe,,"5,19 €","(12,98 € / Kg)",
St.Michel Madalenas com Pepitas de Chocolate Pack 10 embalagem 250 g,St.Michel,,"2,79 €","(11,16 € / Kg)",
Cooper Protect Alcool Limpeza embalagem 300 ml,Cooper Protect,,"2,49 €","(8,30 € / Litro)",
Swiffer Mopa Húmida Recarga embalagem 24 unidades,Swiffer,,"8,99 €","(0,37 € / Unidade)",
Kellogg's Special K Protein Cereais Granola com Frutos Secos e Sementes embalagem 330 g,Kellogg's Special K Protein,,"4,49 €","(13,61 € / Kg)",
Pão de Moita Alongado unidade 450 g,,,"1,20 €","(2,44 € / Kg)","1,20 €"
Nana Vinho Tinto do Tejo Reserva garrafa 75 cl,Nana,,"6,90 €","(9,20 € / Litro)",
Asacor Pimentos Vermelhos Assados em Tiras sem Pele embalagem 350 g,Asacor,,"3,29 €","(9,40 € / Kg)",
Aga Acetona com Óleo de Ricino embalagem 250 ml,Aga,,"2,55 €","(10,20 € / Litro)",
Iswari Despertar de Buda Cacau Cru em Pó Biológico embalagem 360 g,Iswari Despertar de Buda,,"9,79 €","(27,19 € / Kg)",
Diadermine Lift+ Super Preenchedor Creme Anti-Rugas de Dia embalagem 50 ml,Diadermine Lift+ Super Preenchedor,,"23,99 €","(479,80 € / Litro)",
Izidoro Fiambre da Perna Extra,Izidoro,,"20,69 €/kg",,
Iglo Green Cuisine Nuggets Vegan 11 Unidades embalagem 250 g,Iglo Green Cuisine,,"5,49 €","(21,96 € / Kg)",
Offley Vinho do Porto Branco garrafa 75 cl,Offley,,"5,89 €","(7,85 € / Litro)",
Desidrata Maçã e Canela Desidratada sem Glúten Biológica embalagem 70 g,Desidrata,,"2,69 €","(38,43 € / Kg)",
Meia Encosta Vinho Tinto do Dão garrafa 75 cl,Meia Encosta,,"3,99 €","(5,32 € / Litro)",
Rayen Escova para Roupa 1 unidade,Rayen,,"9,25 €","(9,25 € / Unidade)",
Monari Federzoni Vinagre Balsâmico de Modena em Spray embalagem 250 ml,Monari Federzoni,,"4,19 €","(16,76 € / Litro)",
Schlagfix Nata Culinária Açucarada sem Lactose e sem Glúten embalagem 200 ml,Schlagfix,,"1,19 €","(5,95 € / Litro)",
Dr.Organic Pasta de Dentes com Aloe Vera Biológico embalagem 100 ml,Dr.Organic,,"6,29 €","(62,90 € / Litro)",
Lowensenf Mostarda Extra Forte frasco 100 ml,Lowensenf,,"2,79 €","(27,90 € / Litro)",
O Gelado Gelado de Maracujá 22% com Leite de Coco Vegan embalagem 460 ml,O Gelado,,"7,85 €","(17,07 € / Litro)",
El Corte Inglés Toalhitas  2X72 unidades embalagem 144 unidades,El Corte Inglés,,"1,99 €","(0,01 € / Unidade)",
Santa Maria Mel de Rosmaninho Biológico frasco 250 g,Santa Maria,,"7,85 €","(31,40 € / Kg)",
Panrico Pão de Forma Cerealia 100% Farinha de Centeio 0% Açúcares Adicionados Vegan sem Lactose embalagem 400 g,Panrico,,"1,69 €","(4,22 € / Kg)",
Miguel Vergara Hambúrguer Angus 2 Unidades kg,Miguel Vergara,,"6,95 €","(20,28 € / Kg)","6,95 €"
Euro Chocolate Bombons Sortidos Árvore de Natal embalagem 170 g,Euro Chocolate,,"4,39 €","(25,82 € / Kg)",
Nestlé Snack de Waffer e Avelã embalagem 34 g,Nestlé,,"0,69 €","(20,29 € / Kg)",
H&S Shampoo Citrus Fresh para Cabelos Oleosos embalagem 300 ml,H&S,,"4,49 €","(14,97 € / Litro)",
Santa Maria Mel de Castanheiro Biológico frasco 50 g,Santa Maria,,"3,25 €",(65 € / Kg),
O.B. ProComfort Tampões Mini embalagem 32 unidades,O.B. ProComfort,,"4,89 €","(0,15 € / Unidade)",
Casting Creme Gloss Coloração Nº 400 Castanho Natural embalagem 1 unidade,Casting Creme Gloss,,"9,99 €","(9,99 € / Unidade)",
Gelpeixe Posta de Pescada Nº3 para Fritar embalagem 500 g,Gelpeixe,,"4,19 €","(8,38 € / Kg)",
Iglo Crocantes de Frango com Recheio de Queijo e Fiambre 2 Unidades embalagem 204 g,Iglo,,"5,35 €","(26,23 € / Kg)",
Al-Andalus Mel Mil Flores frasco 500 g,Al-Andalus,,"7,95 €","(15,90 € / Kg)",
Tresemmé Cuidado Clássico Condicionador para Cabelos Normais a Oleosos embalagem 500 ml,Tresemmé Cuidado Clássico,,"4,19 €","(8,38 € / Litro)",
Quinta do Infantado Vinho do Porto LBV garrafa 75 cl,Quinta do Infantado,,"18,99 €","(25,32 € / Litro)",
Develey Mostarda Doce frasco 250 ml,Develey,,"3,25 €",(13 € / Litro),
Izidoro o Charcuteiro Peito de Peru em Forno a Lenha em Fatias Finas embalagem 110 g,Izidoro o Charcuteiro,,"2,45 €","(22,27 € / Kg)",
Magnum Mini Gelados Double Gold Caramelo Billionaire Pack 6 embalagem 330 ml,Magnum,,"5,99 €","(18,15 € / Litro)",
Sanex Zero % Desodorizante para Pele Sensível Roll-On embalagem 50 unidade,Sanex Zero %,,"3,99 €","(79,80 € / Litro)",
Hansaplast Pensos com Animais para Crianças embalagem 20 unidades,Hansaplast,,"3,09 €","(0,15 € / Unidade)",
Cimarrom Fubá de Mandioca embalagem 500 g,Cimarrom,,"2,85 €","(5,70 € / Kg)",
Coca-Cola Refrigerante com Gás garrafa 50 cl,Coca-Cola,,1 €,(2 € / Litro),
Renova Black Label Guardanapos Decorados embalagem 20 unidades,Renova Black Label,,"2,19 €","(0,11 € / Unidade)",
Alpro Bebida de Coco e Amêndoa embalagem 1 L,Alpro,,"2,39 €","(2,39 € / Litro)",
Bimbo Pão de Forma sem Côdea embalagem 650 g,Bimbo,,"2,19 €","(3,37 € / Kg)",
Ferbar Abóbora Cristalizada embalagem 150 g,Ferbar,,"2,40 €",(16 € / Kg),
Cockburn's Vinho do Porto Special Reserve garrafa 75 cl,Cockburn's,,"10,99 €","(14,65 € / Litro)",
Rexona Men Cobalt Desodorizante Stick embalagem 50 ml,Rexona Men Cobalt,,"4,49 €","(89,80 € / Litro)",
Miss Organic Infusão Conforto Vias Urinárias Biológica embalagem 10 unidades,Miss Organic,,"1,99 €","(0,20 € / Unidade)",
Castello Água com Gás com Sabor a Lima Pack 4 garrafa 25 cl,Castello,,"2,39 €","(2,39 € / Litro)",
Maybelline Lash Sensational Máscara de Volume Preto embalagem 1 unidade,Maybelline Lash Sensational,,"12,49 €","(12,49 € / Unidade)",
Espiga Pimenta para Bifes frasco 45 g,Espiga,,"2,35 €","(52,22 € / Kg)",
Batata Doce Esparguete embalagem 300 g,,,"2,39 €","(7,97 € / Kg)",
Ambi Pur Ambientador Casa de Banho Erva Fresca embalagem 2 unidades,Ambi Pur,,"7,99 €",(2 € / Unidade),"7,99 €"
Fapil Saco de Água Quente 1 unidade,Fapil,,"9,09 €","(9,09 € / Unidade)",
Gillette Venus Rosegold Máquina Depilatória Extra Smooth Sensitive embalagem 1 unidade,Gillette Venus Rosegold,,"12,99 €","(12,99 € / Unidade)",
Cif Toalhitas para Vidros embalagem 20 unidades,Cif,,"2,99 €","(0,15 € / Unidade)",
Bicentury Sarialis Barras de Cereais e Chocolate de Leite embalagem 120 g,Bicentury Sarialis,,"3,19 €","(26,58 € / Kg)",
Renova Guardanapos Cor-de-Laranja Pequenos 30 unidades,Renova,,"1,69 €","(0,06 € / Unidade)",
Desiam Pasta de Gengibre embalagem 30 g,Desiam,,"3,25 €","(108,33 € / Kg)",
Nestlé Caja Roja 5 Bombons Sortidos embalagem 45 g,Nestlé Caja Roja,,"1,89 €",(42 € / Kg),
Volteface Vinho Tinto do Alentejo Reserva garrafa 75 cl,Volteface,,"11,95 €","(15,93 € / Litro)",
Dove Talc Soft Desodorizante Roll-On embalagem 50 ml,Dove,,"2,79 €","(55,80 € / Litro)",
Codesa Filetes de Anchova em Azeite unidade 85 g,Codesa,,"7,99 €",(94 € / Kg),
Orbit Pastilhas de Morango sem Açúcar embalagem 84 g,Orbit,,"2,99 €","(35,60 € / Kg)",
El Corte Inglés Mousse de Pato com Armagnac sem Glúten embalagem 90 g,El Corte Inglés,,"1,79 €","(19,89 € / Kg)",
Brócolos Cortados embalagem 500 g,,,"2,49 €","(4,98 € / Kg)",
Sharish Licor de Poejo garrafa 50 cl,Sharish,,"14,99 €","(29,98 € / Litro)",
Hamburguesa Nostra Molho de Queijo Cabrales embalagem 200 ml,Hamburguesa Nostra,,"4,49 €","(22,45 € / Litro)",
Sical Café Torrado Moído Lote Santa Bárbara Honduras Moagem Universal Intensidade 9 embalagem 220 g,Sical,,"3,89 €","(17,68 € / Kg)",
El Corte Inglés Ananás às Rodelas em Sumo Natural lata 493 g,El Corte Inglés,,"2,19 €","(4,44 € / Kg)",
Chupa Chups Chupa Chupa sem Açúcar embalagem 1 unidade,Chupa Chups,,"0,79 €","(0,79 € / Unidade)",
"Mamoré de Borba Vinho Tinto do Alentejo garrafa 1,5 L",Mamoré de Borba,,"17,90 €","(11,93 € / Litro)",
Cossart Gordon Vinho da Madeira 5 Anos Malvasia garrafa 75 cl,Cossart Gordon,,"19,95 €","(26,60 € / Litro)",
Kaito Farofa Pronta Sabor Costela embalagem 350 g,Kaito,,"2,85 €","(8,14 € / Kg)",
Nescafé Gold Café Descafeinado frasco 100 g,Nescafé Gold,,"5,99 €","(59,90 € / Kg)",
Dori Gomas Tutti Fruitt embalagem 32 g,Dori,,"0,55 €","(17,19 € / Kg)",
Vedett Cerveja da Bélgica Extra White garrafa 33 cl,Vedett,,"4,29 €",(13 € / Litro),
Renova Touch Rolos de Cozinha embalagem 3 unidades,Renova Touch,,"4,98 €","(1,66 € / Unidade)",
Nutrégi Iogurte Natural Açucarado sem Lactose Pack 4 embalagem 120 g,Nutrégi,,"2,25 €","(3,75 € / Kg)","2,25 €"
Salutem Couscous de Ervilha Vegan sem Sal embalagem 400 g,Salutem,,"3,99 €","(9,98 € / Kg)",
Cem Porcento Bolachas Integrais com Ameixa e Fibra embalagem 140 g,Cem Porcento,,"2,49 €","(17,79 € / Kg)",
Nacional Espirais embalagem 500 g,Nacional,,"1,59 €","(3,18 € / Kg)",
St. Dalfour Doce de Ananás e Manga frasco 284 g,St. Dalfour,,"4,39 €","(15,46 € / Kg)",
"Labello Proteção Labial Glossy Shine embalagem 5,5 ml",Labello,,"8,49 €","(1.543,64 € / Litro)",
St Germain Licor Flor de Sabugueiro garrafa 70 cl,St Germain,,"31,50 €",(45 € / Litro),
Miolo de Noz em Quartos embalagem 150 g,,,"3,29 €","(21,93 € / Kg)",
Pato Gel Sanitário Ação Total Pinho embalagem 750 ml,Pato,,"2,99 €","(3,99 € / Litro)",
Jean Louis David Pincel Oval Teint embalagem 1 unidade,Jean Louis David,,"11,65 €","(11,65 € / Unidade)",
Casting Creme Gloss Coloração Nº 700 Louro embalagem 1 unidade,Casting Creme Gloss,,"9,99 €","(9,99 € / Unidade)",
Campofrio Tapas Salsichão em Fatias unidade 80 g,Campofrio Tapas,,"1,89 €","(23,62 € / Kg)",
My Kit Kit Acessórios Gin & Tonic embalagem,My Kit,,"27,90 €","(27,90 € / Unidade)",
Isostar Concentrado em Pó de Toranja com Oferta de Braçadeira Smartphone embalagem 400 g,Isostar,,"11,99 €","(29,98 € / Kg)",
Nestlé Fitness Granola Cereais Integrais 53% Aveia com Chocolate embalagem 300 g,Nestlé Fitness,,"3,99 €","(13,30 € / Kg)",
Babaria Ampolas Ácido Hialurónico embalagem 10 ml,Babaria,,"5,89 €",(589 € / Litro),
Trumpeter Vinho Tinto Argentino Reseva garrafa 75 cl,Trumpeter,,"29,99 €","(39,99 € / Litro)",
Chocolate After Eight 2 + Oferta Sabor Laranja embalagem 600 g,,,"6,30 €","(10,50 € / Kg)",
Karo Xarope de Milho Light garrafa 470 ml,Karo,,"5,95 €","(12,66 € / Litro)",
El Corte Inglés Sacos do Lixo Brancos 70 x 75 cm 50 L embalagem 15 unidades,El Corte Inglés,,"1,65 €","(0,11 € / Unidade)",
Trident Senses Pastilhas Rainforest Mint sem Açúcar embalagem 23 g,Trident Senses,,"1,10 €","(47,83 € / Kg)",
Codyfer Atacador Castanho 120 cm 1 unidade,Codyfer,,"2,35 €","(2,35 € / Unidade)",
"El Corte Inglés Infusão ""Para os Seus Sonhos"" Melisa & Roobios"" embalagem 44 g",El Corte Inglés,,"1,55 €","(35,23 € / Kg)",
Nutri Goiabada do Brasil embalagem 300 g,Nutri,,"1,65 €","(5,50 € / Kg)",
Sabita Chutney de Manga Doce frasco 170 g,Sabita,,"3,60 €","(21,18 € / Kg)",
Amendoim Pelado Cru Granel Biológico,,,"10,99 €/kg",,
Comfort Essência Essência Creation Lirios e Morango embalagem 50 doses,Comfort Essência,,"6,59 €","(0,13 € / Dose)",
Gillette Espuma de Barbear Hidratante embalagem 200 ml,Gillette,,"3,49 €","(17,45 € / Litro)",
Ferbar Molho Inglês frasco 192 ml,Ferbar,,"1,59 €","(6,20 € / Litro)","1,59 €"
El Corte Inglés Detergente Liquido para Máquina de Roupa Concentrado Marsella embalagem 46 doses,El Corte Inglés,,"4,29 €","(1,21 € / Litro)","4,29 €"
Vitacress Coentros Frescos embalagem 40 g,Vitacress,,"1,15 €","(38,33 € / Kg)",
Salt & More Bloco de Sal Pérsia embalagem 1100 g,Salt & More,,"9,99 €","(9,08 € / Kg)",
Cimarrom Vagem de Baunilha embalagem 1 unidade,Cimarrom,,"5,45 €","(5,45 € / Unidade)",
Brasserie de La Taupe Cerveja garrafa 75 cl,Brasserie de La Taupe,,"20,95 €","(27,93 € / Litro)",
Paladar Pronto Bacalhau sem Natas Fit com Batata Cozida embalagem 350 g,Paladar Pronto,,"4,99 €","(14,26 € / Kg)",
El Corte Inglés Lentilha Loura embalagem 1 kg,El Corte Inglés,,"2,49 €","(2,49 € / Kg)",
Terra a Terra Vinho Branco do Douro Reserva garrafa 75 cl,Terra a Terra,,"11,95 €","(15,93 € / Litro)",
Johnson's Loção para Crianças Bons Sonhos embalagem 500 ml,Johnson's,,"5,59 €","(8,38 € / Litro)","5,59 €"
Casademont Fuet Espetec Extra sem Glúten Pack 2 embalagem 340 g,Casademont,,"5,98 €","(17,59 € / Kg)",
Maybelline Super Stay Matte Ink Gloss Líquido Nº 05 Loyalist embalagem 1 unidade,Maybelline Super Stay Matte Ink,,"10,49 €","(10,49 € / Unidade)",
Sunquick Zero Concentrado Líquido de Frutos Tropicais sem Adição de Açúcar garrafa 70 cl,Sunquick Zero,,"4,39 €","(1,05 € / Litro)",
Jack Link's Carne Seca Original embalagem 25 g,Jack Link's,,"3,29 €","(131,60 € / Kg)",
Avianense Pai Natal de Chocolate 3 Unidades embalagem 84 g,Avianense,,"2,99 €","(35,60 € / Kg)",
Casa de Mateus Doce de Abóbora 0% Açúcares frasco 280 g,Casa de Mateus,,"3,35 €","(11,96 € / Kg)",
Ausonia Cotton Protection Protege Slip 100% Orgânico Normal embalagem 28 unidades,Ausonia Cotton Protection,,"2,99 €","(0,20 € / Unidade)",
Elpozo Fuet Caseiro de Peru unidade 150 g,Elpozo,,"3,19 €",(19 € / Kg),"3,19 €"
Ti Piedade Pão de Ló embalagem 500 g,Ti Piedade,,"10,79 €","(21,58 € / Kg)",
Oroweat Pão Integral com Cereais e Sementes embalagem 680 g,Oroweat,,"2,05 €","(3,01 € / Kg)",
Not Guilty Bombons de 50% Chocolate Preto com Manteiga de Amendoim embalagem 115 g,Not Guilty,,"3,99 €","(34,70 € / Kg)",
Maybelline Super Stay Batom Matte Ink Voyage Nº 50 embalagem 1 unidade,Maybelline Super Stay,,"10,49 €","(10,49 € / Unidade)",
Bio Inside Camarão Ultra Congelado Biológico embalagem 200 g,Bio Inside,,"9,99 €","(49,95 € / Kg)",
Néstle Barras de Cereais Lion Pack 6 unidades embalagem 150 g,Néstle,,"3,29 €","(21,93 € / Kg)",
Xanpa Desinfectante Multisuperfícies Frescura do Bosque embalagem 1 L,Xanpa,,"3,69 €","(3,69 € / Litro)",
Hansaplast Pomada para Cicatrização de Feridas embalagem 20 g,Hansaplast,,"3,69 €","(184,50 € / Kg)",
Vale D.Maria Vinho Branco do Douro Vinhas do Sabor garrafa 75 cl,Vale D.Maria,,"14,39 €","(19,19 € / Litro)",
Garcia Baquero Queijo Velho Castelhano,Garcia Baquero,,"20,98 €/kg",,
Mexifoods Tortilhas de Trigo Fajitas embalagem 320 g,Mexifoods,,"2,79 €","(8,72 € / Kg)",
Lacasitos Chocolate Patrulha Pata embalagem 20 g Imagem Sortida.,Lacasitos,,"2,19 €","(109,50 € / Kg)",
Dr. Oetker Pizza Ristorante 4 Queijos embalagem 340 g,Dr. Oetker,,"4,99 €","(11,74 € / Kg)","4,99 €"
Veckia Escova de Dentes Média embalagem 1 unidade,Veckia,,"1,45 €","(1,45 € / Unidade)",
Delaviuda Panettone 3 Chocolates Receita Original embalagem 750 g,Delaviuda,,"11,73 €","(15,64 € / Kg)",
Senhor Doutor Vinho Tinto do Alentejo Touriga Nacional garrafa 75 cl,Senhor Doutor,,"19,49 €","(25,99 € / Litro)",
Herdade da Comporta Vinho Tinto de Setúbal Private Selection garrafa 75 cl,Herdade da Comporta,,"14,95 €","(19,93 € / Litro)",
Heineken Cerveja Silver Pack 12 25 cl,Heineken,,"11,69 €","(2,78 € / Litro)",
Santal Néctar de Manga Pack 3 embalagem 20 cl,Santal,,"1,85 €","(3,08 € / Litro)",
Codyfer Palmilhas Recortáveis Tamanho 36-48 embalagem 1 par,Codyfer,,"4,85 €","(4,85 € / Unidade)",
Camolas Vinho Branco de Setúbal garrafa 75 cl,Camolas,,"4,99 €","(6,65 € / Litro)",
Garcia Pão de Cereais sem Lactose sem Glúten Congelado embalagem 500 g,Garcia,,"4,39 €","(8,78 € / Kg)",
Saborosa Bolachas Belga de Manteiga embalagem 220 g,Saborosa,,"1,99 €","(9,05 € / Kg)",
Benediktiner Weissbier Cerveja da Alemanha de Trigo Dunkel garrafa 50 cl,Benediktiner Weissbier,,"3,55 €","(7,10 € / Litro)",
Delamotte Champanhe Rosé garrafa 75 cl,Delamotte,,80 €,"(106,67 € / Litro)",
Sical Café Torrado Moído Lote Tradição África e Ásia Moagem Universal Intensidade 11 embalagem 250 g,Sical,,"3,49 €",(9 € / Kg),"3,49 €"
Swee Gelado Vegetal Bolo de Chocolate copo 450 ml,Swee,,"4,99 €","(11,09 € / Litro)",
"Shoyce Bebida de Arroz Suave 0% Açúcares Adicionados, 0% Lactose sem Glúten Pack 3 embalagem 200 ml",Shoyce,,"1,69 €","(2,82 € / Litro)",
Babaria Leite para o Corpo Vitamina B3+ embalagem 500 ml,Babaria,,"3,79 €","(5,68 € / Litro)","3,79 €"
Danone Activia Iogurte com Cereais Pack 4 embalagem 115 g,Danone Activia,,"2,79 €","(24,26 € / Kg)",
Garnier Olia Coloração de Longa Duração Nº 3.16 Castanho Violino embalagem 1,,,"11,99 €","(11,99 € / Unidade)",
Zebro Vinho Tinto do Alentejo Biológico garrafa 75 cl,Zebro,,"8,65 €","(11,53 € / Litro)",
McCain Batatas Tradicionais para Frigideira Vegan embalagem 1 kg,McCain,,"3,49 €","(3,49 € / Kg)",
Ervideira Vinho Tinto do Alentejo Bio-Nature Biológico garrafa 75 cl,Ervideira,,"12,45 €","(16,60 € / Litro)",
Colgate ZigZag Escova de Dentes Suave Leve 3 Pague 2 embalagem 3 unidades,Colgate ZigZag,,"3,99 €",(2 € / Unidade),
"El Corte Inglés Chouriço de Pamplona em Fatias sem Glúten Pack 2 embalagem 112,5 g",El Corte Inglés,,"3,15 €",(14 € / Kg),
Eric Kayser Pastel de Nata embalagem 6 unidades,Eric Kayser,,"7,50 €","(1,25 € / Unidade)",
Danone Activia Fibras Iogurte Aveia & Frutos Secos Pack 4 embalagem 115 g,Danone Activia Fibras,,"2,79 €","(24,26 € / Kg)",
Miyata Alga Nori Sushi embalagem 14 g,Miyata,,"1,99 €","(142,14 € / Kg)",
Vitabio Maçã Biológica Pack 4 embalagem 90 g,Vitabio,,"5,99 €","(66,56 € / Kg)",
Bicentury Nackis Mini Tortitas de Presunto Ibérico com Sal embalagem 70 g,Bicentury Nackis,,"1,69 €","(24,14 € / Kg)",
Vernel Suprême Amaciador para a Roupa Romance Concentrado embalagem 1050 ml,Vernel Suprême,,"7,99 €","(7,61 € / Litro)",
Pão de Leite embalagem 350 g,,,"2,69 €","(7,69 € / Kg)",
Fructis Hidra Liso & Suave Condicionador Fortificante com Óleo de Argão para Cabelos Frisados embalagem 300 ml,Fructis Hidra Liso & Suave,,"5,89 €","(19,63 € / Litro)",
Evian Água sem Gás Sport garrafa 75 cl,Evian,,"1,49 €","(1,99 € / Litro)",
Maria da Penha Vinho Tinto do Alentejo Reserva garrafa 75 cl,Maria da Penha,,"2,99 €","(3,99 € / Litro)",
El Corte Inglés Horchata de Chufa embalagem 1 L,El Corte Inglés,,"1,69 €","(1,69 € / Litro)",
Cano Cabide de Madeira com Molas 45 cm 1 unidade,Cano,,"4,09 €","(4,09 € / Unidade)",
Valfrutta Farro ao Vapor Pack 3 lata 150 g,Valfrutta,,"2,59 €","(17,27 € / Kg)",
Sinha Farofa Pronta de Picanha com Pimentos embalagem 250 g,Sinha,,"1,89 €","(7,56 € / Kg)",
Grafic Espuma Normal Mega Caracóis embalagem 200 ml,Grafic,,"4,99 €","(24,95 € / Litro)",
Cointreau Licor de Laranja garrafa 70 cl,Cointreau,,"23,49 €","(33,56 € / Litro)",
Jubileu Chocolate Preto Flor de Sal embalagem 100 g,Jubileu,,"2,75 €","(27,50 € / Kg)",
Victorio & Lucchino Colónia Feminina Nº 6 Magnólia Sensual embalagem 150 ml,Victorio & Lucchino,,"11,49 €","(76,60 € / Litro)",
Camarão Cozido de Aquicultura 30/40 Vannamei,,,"14,99 €/kg",,
Oral-B Kids Escova de Dentes a Pilhas 3+ Anos Princess embalagem 1 unidade,Oral-B Kids,,"28,99 €","(28,99 € / Unidade)",
"L'Oréal Elvive Dream Long Champô Seco Air Volume para Raízes Oleosas, Cabelos Compridos embalagem 150 ml",L'Oréal,,"7,99 €","(53,27 € / Litro)",
Ambientador Automatic Spray Relaxing Zen Duo embalagem 269 ml,,,"11,98 €","(44,54 € / Litro)",
Codyfer Palmilhas Grandes Tamanho Único 1 par,Codyfer,,"5,19 €","(5,19 € / Unidade)",
Quinta das Lamelas Vinho do Porto 40 Anos garrafa 75 cl,Quinta das Lamelas,,"119,50 €","(159,33 € / Litro)",
El Corte Inglés Taça de Natas e Chocolate Pack 4 embalagem 100 g,El Corte Inglés,,"1,49 €","(3,72 € / Kg)",
Bezgluten Pão sem Glúten com Arando e Sementes Vegan embalagem 200 g,Bezgluten,,"2,69 €","(13,45 € / Kg)",
Ichnusa Cerveja de Itália  Non Filtrata garrafa 33 cl,Ichnusa,,"2,99 €","(9,06 € / Litro)",
Paladin Vinagre de Fruta com Aroma a Framboesa Spray garrafa 250 ml,Paladin,,"1,45 €","(5,80 € / Litro)",
Sharish Gin garrafa 50 cl,Sharish,,"27,49 €","(54,98 € / Litro)",
"Pato Active Clean Pine embalagem 38,6 g",Pato,,"3,29 €","(85,23 € / Kg)",
Glade Ambientador Vela Calm embalagem 260 g,Glade,,"11,99 €","(46,12 € / Kg)",
La Sagra Cerveja de Espanha Artesanal Bohemia Lager Pilsner lata 33 cl,La Sagra,,"2,99 €","(9,06 € / Litro)",
"Sumol Refrigerante de Maracujá com Gás garrafa 1,25 L",Sumol,,"0,99 €","(0,79 € / Litro)",
Scotch-Brite Esfregão Wc Fibra Branca 1 unidade,Scotch-Brite,,"2,49 €","(2,49 € / Unidade)",
Pescanova Hambúrgueres de Frango 4 Unidades sem Glúten embalagem 300 g,Pescanova,,"3,99 €","(13,30 € / Kg)",
Evax Cottonlike Pensos Higiénicos Ultra sem Abas Normal embalagem 20 unidades,Evax Cottonlike,,"2,59 €","(0,13 € / Unidade)",
Margão Pimenta Branca Moída embalagem 50 g,Margão,,"2,19 €","(43,80 € / Kg)",
Ortiz Atum Bonito em Azeite lata 350 g,Ortiz,,"8,40 €",(24 € / Kg),
Burmester Vinho Branco do Douro 2021 garrafa 75 cl,Burmester,,"5,99 €","(7,99 € / Litro)",
Aliada Feijão Verde Largo em Pedaços Médios frasco 360 g,Aliada,,"1,15 €","(3,19 € / Kg)",
Serra de Portel Pólen de Flores frasco 220 g,Serra de Portel,,"7,59 €","(34,50 € / Kg)",
Izidoro 5 Salsichas Bockwurst Teor de Sal Reduzido sem Glúten frasco 220 g,Izidoro,,"3,25 €","(14,77 € / Kg)",
Mimosa Proteína Iogurte Quark de Morango Pack 2 140 g,Mimosa Proteína,,"2,09 €","(5,68 € / Kg)","2,09 €"
Just For Men Coloração Castanho Médio embalagem 60 ml,Just For Men,,"12,99 €","(216,50 € / Litro)",
Borges Brandy Reserva dos Fundadores garrafa 70 cl,Borges,,"13,25 €","(18,93 € / Litro)",
Herpac Sardinhas Fumadas unidade 270 g,Herpac,,"11,98 €","(44,37 € / Kg)",
Air Wick Ambientador Micado Perfumado Black Berry embalagem 50 ml,Air Wick,,"10,99 €","(219,80 € / Litro)",
Segafredo Café Intermezzo para Nespresso Intensidade 12 embalagem 10 cápsulas,Segafredo,,"2,79 €","(0,28 € / Unidade)",
Cem Porcento Barrita de Iogurte embalagem 44 g,Cem Porcento,,"1,79 €","(40,68 € / Kg)",
Mercurochrome Spray Auricular embalagem 50 ml,Mercurochrome,,"8,99 €","(179,80 € / Litro)",
Daelmans Bolachas Recheadas com Caramelo Tipo Stroop Wafels embalagem 230 g,Daelmans,,"2,39 €","(10,39 € / Kg)",
H&S Champô Anti-Caspa 7 em 1 Fórmula Potente Ultra Refrescante embalagem 300 ml,H&S,,"6,59 €","(16,47 € / Litro)","6,59 €"
McCain Batatas Chef Gourmet para Forno Vegan embalagem 500 g,McCain,,"2,89 €","(5,78 € / Kg)",
"Vimeiro Água sem Gás Pack 4 garrafa 1,5 L",Vimeiro,,"2,89 €","(0,48 € / Litro)",
Skandia Gourmet Experience Salmão Marinado com Endro embalagem 80 g,Skandia Gourmet Experience,,"6,29 €","(78,62 € / Kg)",
Cem Porcento Chá para Infusão Perpétuas Roxas embalagem 35 g,Cem Porcento,,"1,99 €","(56,86 € / Kg)",
Natural One 100% Sumo de Laranja embalagem 300 ml,Natural One,,"1,99 €","(6,63 € / Litro)",
Mestre Henriques Chouriço embalagem 240 g,Mestre Henriques,,"3,85 €","(16,04 € / Kg)",
Syoss Oleo Intense Coloração Nº 4-18 Castanho Praliné embalagem 1 unidade,Syoss Oleo Intense,,"11,29 €","(11,29 € / Unidade)",
Millan Vicente Queijo Emmental em Fatias sem Glúten e sem Lactose embalagem 100 g,Millan Vicente,,"1,69 €","(16,90 € / Kg)",
Finish Powerball Detergente para a Máquina da Loiça All in One Max embalagem 27 pastilhas,Finish Powerball,,"11,99 €","(0,22 € / Unidade)","11,99 €"
Saldomar Sal Marinho embalagem 1 kg,Saldomar,,"0,99 €","(0,99 € / Kg)",
Interdoces Gomas Tubarões embalagem 150 g,Interdoces,,"1,85 €","(12,33 € / Kg)",
Pantene Superalimento BB7 Três Ampolas embalagem 45 ml,Pantene Superalimento BB7,,"4,64 €","(103,11 € / Litro)",
Saludães Arroz Doce embalagem 500 g,Saludães,,"0,85 €","(1,70 € / Kg)",
Condi Preparado para Gelatina de Cereja embalagem 170 g,Condi,,"1,75 €","(10,29 € / Kg)",
Herdade do Sobroso Vinho Tinto do Alentejo garrafa 75 cl,Herdade do Sobroso,,"12,59 €","(16,79 € / Litro)",
El Corte Inglés Bolachas Redondas Salgadas embalagem 350 g,El Corte Inglés,,"1,59 €","(4,54 € / Kg)",
Nescafé Clássico Café Solúvel frasco 100 g,Nescafé Clássico,,"3,99 €","(39,90 € / Kg)",
Delta Mistura Peninsular Moagem Média embalagem 250 g,Delta,,"1,64 €","(6,56 € / Kg)",
Renova Papel Higiénico Divine Perfection embalagem 6 unidades,Renova,,"3,75 €","(0,62 € / Unidade)",
Monari Federzoni Creme Balsâmico garrafa 250 ml,Monari Federzoni,,"4,99 €","(19,96 € / Litro)",
Oreo Snack Fresh Milk embalagem 30 g,Oreo,,"3,19 €","(26,58 € / Kg)",
Innocent Sumo de Maçã e Framboesa garrafa 900 ml,Innocent,,"2,89 €","(3,21 € / Litro)",
Delicatalia Barra de Fruta e Frutos Secos Biológica embalagem 40 g,Delicatalia,,"2,09 €","(52,25 € / Kg)",
Salutem Tostas Integrais com Sultanas embalagem 250 g,Salutem,,"2,79 €","(11,16 € / Kg)",
Milaneza Natura Esparguete sem Glúten embalagem 500 g,Milaneza Natura,,"2,79 €","(5,58 € / Kg)",
Danone Oikos Iogurte Grego 100% Natural com Pedaços de Coco Pack 4 embalagem 110 g,Danone Oikos,,"2,39 €","(5,43 € / Kg)",
Bio Inside Postas de Salmão Biológicas embalagem 250 g,Bio Inside,,"11,49 €","(45,96 € / Kg)",
Renova Black Label Guardanapos Spider embalagem 20 unidades,Renova Black Label,,"2,19 €","(0,11 € / Unidade)",
Crocodor Anti-Odores para Frigorífico embalagem 1 unidades,Crocodor,,"3,55 €","(3,55 € / Unidade)",
El Corte Inglés Bio Paté Vegetal de Pimentos e Azeitonas sem Lactose e sem Glúten Biológico lata 125 g,El Corte Inglés Bio,,"2,29 €","(18,32 € / Kg)",
Codina Caviar Babaganoush embalagem 200 g,Codina,,"3,39 €","(16,95 € / Kg)",
Mahou Cerveja de Espanha Preta Dunkel garrafa 33 cl,Mahou,,"1,39 €","(4,21 € / Litro)",
Cabriolet Vinho Tinto do Alentejo garrafa 75 cl,Cabriolet,,"26,50 €","(35,33 € / Litro)",
Iswari Despertar de Buda Matcha em Pó Biológico embalagem 360 g,Iswari Despertar de Buda,,"9,79 €","(27,19 € / Kg)",
Desiam Molho para Wok Coco e Tamarindo embalagem 100 g,Desiam,,"4,99 €","(49,90 € / Kg)",
Queijo Creme Queru Real embalagem 100 g,,,"1,75 €","(17,50 € / Kg)",
L'Oréal Elvive Amaciador 72H de Hidratação Hidra Hialurónico embalagem 300 ml,L'Oréal,,"6,49 €","(21,63 € / Litro)",
Salutem Chocolate Preto Extra 99% Cacau sem Açúcar Adicionado embalagem 75 g,Salutem,,"1,89 €","(25,20 € / Kg)",
Mercurochrome Pensos Efeito Tatuagem para Criança embalagem 12 unidades,Mercurochrome,,"3,99 €","(0,33 € / Unidade)",
Artiach Marbú Bolachas Douradas embalagem 200 g,Artiach Marbú,,"1,29 €","(6,45 € / Kg)",
Rui Simeão Flor de Sal 500 g,Rui Simeão,,"4,29 €","(8,58 € / Kg)",
Herdade de Cotéis Requeijão de Ovelha,Herdade de Cotéis,,"7,99 €/kg",,
Erdinger Cerveja da Alemanha Dunkel garrafa 50 cl,Erdinger,,"2,89 €","(5,78 € / Litro)",
Clarim Sabão Natural embalagem 400 g,Clarim,,"2,45 €","(6,12 € / Kg)",
"Casal Garcia Vinho Verde Branco garrafa 37,5 cl",Casal Garcia,,"3,10 €","(8,27 € / Litro)",
Special Line El Corte Inglés Infusão Chá Branco embalagem 25 unidades,Special Line El Corte Inglés,,"2,35 €",(94 € / Kg),
Schar Tostas Crostini sem Glúten embalagem 150 g,Schar,,"4,09 €","(27,27 € / Kg)",
Capitão Iglo Hambúrgueres de Frango 4 Unidades embalagem 240 g,Capitão Iglo,,"5,99 €","(24,96 € / Kg)",
Vértice Espumante Rosé garrafa 75 cl,Vértice,,"14,95 €","(19,93 € / Litro)",
Panrico Pão de Forma Cerealia 14 Cereais e Sementes 0% Açúcares Adicionados Vegan sem Lactose embalagem 435 g,Panrico,,"1,85 €","(4,25 € / Kg)",
Zerotre Sêmola de Trigo Duro Anelletti Biológica embalagem 250 g,Zerotre,,"3,99 €","(15,96 € / Kg)",
El Corte Inglés Selection Arroz Doce com Leite Pack 2 embalagem 140 g,El Corte Inglés Selection,,"2,99 €","(10,68 € / Kg)",
Parmareggio Queijo Ralado Parmigiano Reggiano unidade 60 g,Parmareggio,,"2,09 €","(34,83 € / Kg)",
Elpozo Presunto Ibérico Moldeado Peso Aproximado 3 kg,Elpozo,,"72,95 €/kg",,
Cem Porcento Chá Solúvel Menta embalagem 12 g,Cem Porcento,,"1,75 €","(145,83 € / Kg)",
Gillette Máquina Sensor 4 Recycled embalagem 4,Gillette,,"7,99 €",(2 € / Unidade),
Smileat Multifrutos Biológico frasco 130 g,Smileat,,"1,69 €",(13 € / Kg),
Nissin Demae Ramen de Galinha embalagem 100 g,Nissin,,"1,49 €","(14,90 € / Kg)",
Terrazza Mediterranean Risotto Marinheiro embalagem 175 g,Terrazza Mediterranean,,"3,15 €",(18 € / Kg),
Grafic Espuma Extra Forte Mega Volume embalagem 200 ml,Grafic,,"4,99 €","(24,95 € / Litro)",
Nacional Farinha de Centeio Integral embalagem 900 g,Nacional,,"1,59 €","(1,77 € / Kg)",
Maçã Royal Gala Biológica Peso Aproximado por unidade 150 g,,,"3,89 €/kg",,
"Safrina Açafrão Moído 4 Doses embalagem 0,5 g",Safrina,,"2,99 €",(5.980 € / Kg),
Quinta do Espinho Vinho Tinto do Douro garrafa 75 cl,Quinta do Espinho,,"7,25 €","(9,67 € / Litro)",
Marnoto Flor de Sal embalagem 500 g,Marnoto,,"3,19 €","(6,38 € / Kg)",
Quinta da Pacheca Vinho Tinto do Douro Reserva Vinhas Velhas garrafa 75 cl,Quinta da Pacheca,,"15,25 €","(20,33 € / Litro)",
Nutribén Papa Multifrutas embalagem 00250 g,Nutribén,,"2,45 €","(9,80 € / Kg)",
Lombo de Porco Ibérico embalagem 1 kg,,,"23,95 €","(23,95 € / Kg)",
O Gelado Gelado de Chocolate Vegan 72% Cacau com Leite de Coco embalagem 460 ml,O Gelado,,"7,85 €","(17,07 € / Litro)",
Sericaia Vinho Tinto do Alentejo garrafa 75 cl,Sericaia,,"9,90 €","(13,20 € / Litro)",
Jules Destrooper Bolachas Florentines de Amêndoa embalagem 100 g,Jules Destrooper,,"5,29 €","(52,90 € / Kg)",
Museu do Pão Pão São em Fatias embalagem 350 g,Museu do Pão,,"2,45 €","(5,69 € / Kg)","2,45 €"
Bicafé Biodegradável Café Ristretto Intensidade 14 para Nespresso embalagem 10 cápsulas,Bicafé Biodegradável,,"2,49 €","(0,25 € / Unidade)",
Pousio Vinho Branco do Alentejo Arinto garrafa 75 cl,Pousio,,"13,99 €","(18,65 € / Litro)",
Chipicao Mini Croissants Recheados com Chocolate embalagem 199 g,Chipicao Mini,,"2,09 €","(10,50 € / Kg)",
Renova Red Label Rolo de Cozinha embalagem 1 unidade,Renova Red Label,,"3,38 €","(3,38 € / Unidade)",
Delverde Capellini Nº1 embalagem 500 g,Delverde,,"1,79 €","(3,58 € / Kg)",
Passadouro Vinho Branco do Douro garrafa 75 cl,Passadouro,,"12,75 €",(17 € / Litro),
Liefmans Cerveja Fruitesse Pack 2 + Copo garrafa 25 cl,Liefmans,,"13,99 €","(13,99 € / Litro)",
Faria's Vineyard Vinho Tinto dos Açores Vinho dos Impérios garrafa 75 cl,Faria's Vineyard,,"6,99 €","(9,32 € / Litro)",
Globo Bicarbonato de Sódio frasco 225 g,Globo,,"1,29 €","(5,73 € / Kg)",
Hakubaku Soba Noodles Biológico embalagem 270 g,Hakubaku,,"6,19 €","(22,93 € / Kg)",
"Hatozaki Whisky Pure Malte "" Japão"" garrafa 70 cl",Hatozaki,,"53,50 €","(12,74 € / Litro)",
Cimarrom Caju sem Sal embalagem 150 g,Cimarrom,,"3,99 €","(26,60 € / Kg)",
Iglo Esparregado de Espinafres embalagem 750 g,Iglo,,"3,99 €","(4,79 € / Kg)","3,99 €"
Chupa Chups Crazy Dips de Morango embalagem 16 g,Chupa Chups,,"0,59 €","(36,88 € / Kg)",
Old Amsterdam Queijo Curado em Fatias embalagem 125 g,Old Amsterdam,,"3,79 €","(30,32 € / Kg)",
Pitéu Bacalhau em Azeite e Alho lata 120 g,Pitéu,,"3,35 €","(27,92 € / Kg)",
Açor Piri-Piri Moído frasco 200 g,Açor,,"4,29 €","(21,45 € / Kg)",
La Trappe Cerveja da Holanda Pack 4 com Cálice garrafa 33 cl,La Trappe,,"18,49 €","(14,01 € / Litro)",
El Corte Inglés Torrão Creme de Amêndoas sem Açúcares Adicionados sem Glúten embalagem 200 g,El Corte Inglés,,"3,49 €","(17,45 € / Kg)",
Oedipus Cerveja da Holanda Thai Thai Tripel garrafa 33 cl,Oedipus,,"4,69 €","(14,21 € / Litro)",
Naturefoods Trio de Barras de Sésamo sem Glúten Biológicas embalagem 75 g,Naturefoods,,"2,29 €","(30,53 € / Kg)",
Lay's Receita Camponesa Batatas Fritas Lisas com Sabor sem Glúten embalagem 250 g,Lay's Receita Camponesa,,"2,49 €","(9,96 € / Kg)",
Longa Vida Iogurte Aroma a Morango Pack 4 embalagem 480 g,Longa Vida,,"1,68 €","(3,50 € / Kg)",
Garnier Olia Coloração de Longa Duração Nº 6.0 Louro Escuro embalagem 1 unidade,Garnier Olia,,"11,99 €","(11,99 € / Unidade)",
Filoco Vinho Branco do Douro garrafa 75 cl,Filoco,,"6,49 €","(8,65 € / Litro)",
El Corte Inglés Espargos Brancos  6/12 Unidades frasco 325 g,El Corte Inglés,,"5,10 €","(15,69 € / Kg)",
"Landana Queijo de Cabra Velho Peso Aproximado por unidade 4,5 kg",Landana,,"24,49 €/kg",,
Bísaro Lombo de Porco em Fatias embalagem 70 g,Bísaro,,"6,59 €","(94,14 € / Kg)",
El Corte Inglés Batatas Fritas Onduladas com Sabor a Presunto sem Glúten embalagem 150 g,El Corte Inglés,,"0,99 €","(6,60 € / Kg)",
Palmolive Hygiene Plus Sabonete Líquido para as Mãos Antibacteriano com Propolis embalagem 300 ml,Palmolive Hygiene Plus,,"3,79 €","(12,63 € / Litro)",
Maldonado Presunto Pá 100% Ibérico Bolota Sem Osso ao peso 1 kg,Maldonado,,"135,00 €/kg",,
Oral-B Escova de Dentes Shiny embalagem 4 unidades,Oral-B,,"4,99 €","(3,74 € / Unidade)","4,99 €"
Pantagruel 100% Pepitas de Chocolate Vegan sem Glúten embalagem 200 g,Pantagruel,,"4,09 €","(20,45 € / Kg)",
Pedra Cancela Vinho Tinto do Dão Reserva garrafa 75 cl,Pedra Cancela,,"12,99 €","(17,32 € / Litro)",
Halls Vita-C Rebuçados de Limão e Laranja sem Açúcar embalagem 32 g,Halls Vita-C,,"1,09 €","(34,06 € / Kg)",
Royal Salmão Fumado Marinado em Whisky embalagem 80 g,Royal,,"7,79 €","(97,38 € / Kg)",
L'Oréal Elvive Óleo Extraordinário Champô com Óleo de Coco para Cabelos Normais a Secos embalagem 400 ml,L'Oréal,,"5,99 €","(14,98 € / Litro)",
St.Michel Bolachas de Manteiga embalagem 150 g,St.Michel,,"2,99 €","(1,81 € / Kg)",
Flor de Mapa Pack 2 Vinhos Tinto do Douro embalagem 75 cl,Flor de Mapa,,"19,49 €","(12,99 € / Litro)",
Maybelline Super Stay Batom Matte Ink Lover Nº 15 embalagem 1 unidade,Maybelline Super Stay,,"10,49 €","(10,49 € / Unidade)",
Mimosa Fruta Batida Iogurte com Polpa de Morango e Banana Pack 4 embalagem 125 g,Mimosa Fruta Batida,,"1,99 €","(4,15 € / Kg)",
Vieira Tarteletes Bolachas Recheadas com Morango Pack 4 embalagem 192 g,Vieira Tarteletes,,"2,59 €","(13,49 € / Kg)",
Benlian Tortas de Arroz Finas sem Glúten embalagem 100 g,Benlian,,"1,39 €","(13,90 € / Kg)",
Ultra Suave Champô Óleos de Argão e Camélia para Cabelos Secos embalagem 400 ml,Ultra Suave,,"5,59 €","(13,98 € / Litro)",
Santiago Queijo Fresco para Barrar embalagem 150 g,Santiago,,"1,59 €","(10,60 € / Kg)",
Vahiné Fixe Chantilly embalagem 20 g,Vahiné,,"1,79 €","(89,50 € / Kg)",
Fini Gelado de Chocolate Branco com Maracujá frasco 465 ml,Fini,,"6,70 €","(14,41 € / Litro)",
Vahiné Placa Felicidades embalagem 1 unidade,Vahiné,,"1,99 €","(1,99 € / Unidade)",
Knorr Pasta Pot Massa Queijo embalagem 62 g,Knorr Pasta Pot,,"2,15 €","(34,68 € / Kg)",
"Fonte Mourisca Queijo vaca meio gordo 1,1 kg",Fonte Mourisca,,"13,69 €/kg",,
Gallo Azeite Virgem Extra Reserva garrafa 750 ml,Gallo,,"7,99 €","(10,65 € / Litro)",
El Corte Inglés Iogurte Líquido L.Casei 6 de Morango e Banana e 6 de Coco e Ananás Pack 12 embalagem 100 g,El Corte Inglés,,"3,85 €","(3,21 € / Kg)",
Cogumelos Shimeji embalagem 150 g,,,"4,99 €","(33,27 € / Kg)",
Redondo Iglesias Chouriço Ibérico de Bolota unidade 200 g,Redondo Iglesias,,"6,59 €","(32,95 € / Kg)",
Magnum Gelado de Chocolate Branco e Amêndoas Pack 4 embalagem 110 ml,Magnum,,"4,99 €","(11,34 € / Litro)",
Oscar Mayer Salsichas Jumbo Classic 4 Unidades embalagem 350 g,Oscar Mayer,,"2,99 €","(8,54 € / Kg)",
Dez Prá Uma Crepes de Salmão 6 unidades embalagem 600 g,Dez Prá Uma,,"16,50 €","(27,50 € / Kg)",
El Corte Inglés Pão Hot Dog 6 Unidades embalagem 330 g,El Corte Inglés,,"1,25 €","(3,79 € / Kg)",
Luso Fruta Água com Sumo de Frutos Vermelhos garrafa 50 cl,Luso Fruta,,"0,75 €","(1,50 € / Litro)",
Belissimo Café Torrado Moído Moagem Universal Aroma Intenso Intensidade 10 embalagem 200 g,Belissimo,,"3,39 €","(16,95 € / Kg)",
Pão com Salada de Peru embalagem 179 g,,,"2,35 €","(13,13 € / Kg)",
Scotch-Brite Esfregão com Esponja Salva Unhas embalagem 2 unidades,Scotch-Brite,,"2,59 €","(1,30 € / Unidade)",
Gillette Proglide Máquinas Recargas Power embalagem 4 unidades,Gillette Proglide,,"22,99 €","(5,75 € / Unidade)",
Prozis Zero Wafer de Baunilha Baixo em Açúcar embalagem 40 g,Prozis Zero,,"1,69 €","(42,25 € / Kg)",
Aneto Caldo Natural de Peixe embalagem 500 ml,Aneto,,"3,15 €","(6,30 € / Litro)",
Abre a Pestana Vinho Tinto de Setúbal garrafa 75 cl,Abre a Pestana,,"4,49 €","(5,99 € / Litro)",
Air Wick Freshmatic Ambientador Aerossol Automático Max de Lavanda + Recarga 250 ml,Air Wick Freshmatic,,"10,99 €","(43,96 € / Litro)",
Ioniki Folhado Bougatsa com Creme Pastel FiloSophy embalagem 500 g,Ioniki,,"4,49 €","(8,98 € / Kg)",
"Rosmaninho Azeite Virgem Extra 0,2º de Trás-os-Montes DOP garrafa 500 ml",Rosmaninho,,"3,76 €","(7,52 € / Litro)",
Regina Chocolate de Leite com Amêndoas Pack 3 embalagem 24 g,Regina,,"1,75 €","(24,31 € / Kg)",
Compal da Horta Feijão Preto lata 410 g,Compal da Horta,,"1,29 €","(3,15 € / Kg)",
Margem Óleo Lubrificante Multiusos embalagem 30 ml,Margem,,"1,89 €",(63 € / Litro),
Dezoito by Maniche Vinho Tinto do Douro Reserva garrafa 75 cl,Dezoito by Maniche,,"21,50 €","(28,67 € / Litro)",
A.Montesinho Alheira unidade 180 g,A.Montesinho,,"1,29 €","(7,17 € / Kg)",
Finish Ambientador para a Máquina da Loiça de Lima e Limão embalagem 4 ml,Finish,,"4,99 €","(1.247,50 € / Litro)",
Président Queijo Brie embalagem 200 g,Président,,"3,79 €","(18,95 € / Kg)",
Bimbo Pão Branco sem Glúten embalagem 300 g,Bimbo,,"2,99 €","(9,97 € / Kg)",
Pantagruel Cacau em Pó embalagem 125 g,Pantagruel,,"1,65 €","(13,20 € / Kg)",
Lavradores de Feitoria Vinho Tinto do Douro garrafa 75 cl,Lavradores de Feitoria,,"4,99 €","(6,65 € / Litro)",
Andros Compota de Fruta Fresca Maçã e Manga sem Açúcar Adicionado Pack 4 embalagem 100 g,Andros,,"2,99 €","(7,48 € / Kg)",
Bandida do Pomar Sidra sem Glúten Pack 4 garrafa 25 cl,Bandida do Pomar,,"2,99 €","(2,99 € / Litro)",
Ucal São Lourenço Leite UHT Galão Pack 3 embalagem 200 ml,Ucal São Lourenço,,"2,29 €","(3,82 € / Litro)",
Quinta da Pacheca Vinho Tinto do Douro garrafa 75 cl,Quinta da Pacheca,,"5,99 €","(7,99 € / Litro)",
Aliada Metades de Pêssego em Calda 8/10 Unidade lata 480 g,Aliada,,"1,99 €","(4,15 € / Kg)",
Casa de Mateus Doce de Morango frasco 345 g,Casa de Mateus,,"2,99 €","(8,67 € / Kg)",
Goshawk Gin de Maracujá garrafa 70 cl,Goshawk,,"17,95 €","(25,64 € / Litro)",
Brasmar Miolo de Camarão 40/60 embalagem 200 g,Brasmar,,"3,55 €","(17,75 € / Kg)",
Estrella Galicia 1906 Cerveja de Espanha Irish Red Ale Pack 6 garrafa 33 cl,Estrella Galicia 1906,,"7,15 €","(3,61 € / Litro)",
Biologic Hambúrguer de Bovino Biológico embalagem 224 g,Biologic,,"3,59 €","(16,03 € / Kg)",
L' Arbre Vert Detergente para Máquina de Roupa Brisa e Frescura Hipoalergénico embalagem 33 doses,L' Arbre Vert,,"10,99 €","(0,33 € / Dose)",
El Corte Inglés Selection Ventresca de Atum do Norte em Azeite Fresco da Costa embalagem 82 g,El Corte Inglés Selection,,"8,35 €","(101,83 € / Kg)",
Fini Gomas Kilimanjaro sem Glúten embalagem 80 g,Fini,,"0,89 €","(11,12 € / Kg)",
Fructis Condicionador Super Hidratação de Aloe Vera para Cabelos Normais a Secos embalagem 350 ml,Fructis,,"6,59 €","(18,83 € / Litro)",
Hellmann's Maionese Magra frasco 460 ml,Hellmann's,,"4,39 €","(9,54 € / Kg)",
El Corte Inglés Óleo Refinado de Girassol garrafa 1 L,El Corte Inglés,,"2,59 €","(2,59 € / Litro)",
Lula Costa Peso Aproximado por unidade 900 g,,,"19,99 €/kg",,
Silvex Toucas de Banho embalagem 3 unidades,Silvex,,"1,65 €","(0,55 € / Unidade)",
Doce Contradição Caneca de Natal Alta com Bombons embalagem 100 g,Doce Contradição,,"9,95 €","(99,50 € / Kg)",
Brise Ambientador Relax Zen Sense&Spray recarga 18 ml,Brise,,"5,99 €","(33,28 € / 10 ml.)",
Xanpa Detergente Líquido para o Chão PH Neutro embalagem 1 L,Xanpa,,"1,79 €","(1,79 € / Litro)",
Dietisa Chá de Ervas Funcho Planta embalagem 50 g,Dietisa,,"1,49 €","(29,80 € / Kg)",
Fullprotein Bebida de Morango embalagem 320 ml,Fullprotein,,"1,95 €","(6,09 € / Litro)",
Lu Bolachas Mini Prince Recheadas com Chocolate embalagem 160 g,Lu,,"1,99 €","(12,44 € / Kg)",
Persil Power Caps Detergente para Máquina de Roupa Lavanda embalagem 52 doses,Persil Power Caps,,"27,49 €","(0,53 € / Dose)",
Comfort Amaciador de Roupa Concentrado Essência Lily embalagem 86 doses,Comfort,,"4,99 €","(0,06 € / Dose)",
Quinta do Regainho Vinho Verde Branco Loureiro garrafa 75 cl,Quinta do Regainho,,"14,99 €","(19,99 € / Litro)",
Sossego Vinho do Alentejo Branco garrafa 75 cl,Sossego,,"4,99 €","(6,65 € / Litro)",
Ceres 100% Sumo de Laranja sem Açúcar embalagem 1 L,Ceres,,"2,55 €","(2,55 € / Litro)",
Nivea Naturally Good Água Micelar Aloe Vera Biológico embalagem 400 ml,Nivea Naturally Good,,"7,99 €","(19,98 € / Litro)",
Antonio Banderas Eau de Toilette King Of Absolute embalagem 100 ml,Antonio Banderas,,"26,99 €","(269,90 € / Litro)",
"Azores Gourmet Queijo da Ilha Terceira Cura Prolongada Peso Aproximado 3,5 kg",Azores Gourmet,,"18,69 €/kg",,
Valformoso Queijo da Ilha Ralado embalagem 150 g,Valformoso,,"1,69 €","(11,27 € / Kg)",
Calypso Natural Esponja de Banho Peeling Exfoliante embalagem 1 unidade,Calypso Natural,,"6,99 €","(6,99 € / Unidade)",
Happy Cow Queijo Magro 8 Porções embalagem 160 g,Happy Cow,,"1,59 €","(11,36 € / Kg)",
Scotch-Brite Esfregão Fibra Verde com Esponja 1 unidade,Scotch-Brite,,"2,15 €","(2,15 € / Unidade)",
Banzé Insecticida em Pó embalagem 100 g,Banzé,,"3,49 €","(34,90 € / Kg)",
Bolo Mármore embalagem 400 g,,,"3,50 €","(8,75 € / Kg)",
Walkers Mincemeat Tarts embalagem 372 g,Walkers,,"7,95 €","(21,37 € / Kg)",
Bonduelle Feijão Branco Pack 3 embalagem 175 g,Bonduelle,,"3,49 €","(19,94 € / Kg)",
Baguete Rústica Maxi unidade 250 g,,,"0,79 €","(3,16 € / Kg)",
Mestemacher Pão Negro Integral com Nozes embalagem 250 g,Mestemacher,,"2,09 €","(8,36 € / Kg)",
"Ambi Pur Ambientador Eléctrico Essência de Baunilha Recarga 21,5 ml",Ambi Pur,,"5,39 €","(250,70 € / Litro)",
Jardim da Estrela Vinho Tinto do Dão garrafa 75 cl,Jardim da Estrela,,"4,99 €","(6,65 € / Litro)",
Chicco Fraldas Airy Ultra&Dry T1 embalagem 27 unidades,Chicco,,"8,99 €","(0,33 € / Unidade)",
"Chiclets Pastilhas de Morango sem Açúcar embalagem 16,5 g",Chiclets,,"1,09 €","(66,06 € / Kg)",
Henriques & Henriques Vinho da Madeira 3 Anos Doce garrafa 75 cl,Henriques & Henriques,,"8,25 €",(11 € / Litro),
Regina Protein Chocolate Preto de Cereais e Amêndoas sem Açúcar e sem Glúten embalagem 27 g,Regina Protein,,"0,99 €","(36,67 € / Kg)",
Amstel Cerveja da Holanda Pack 6 garrafa 25 cl,Amstel,,"4,49 €","(2,63 € / Litro)",
Margão Pimenta Rosa em Grão embalagem 25 g,Margão,,"2,99 €","(119,60 € / Kg)",
Quinta da Serra Queijo Picante da Beira Baixa Regional DOP Peso Aproximado por unidade 900 g,Quinta da Serra,,"21,59 €/kg",,
Santiago Queijo de Ovelha Amanteigado de Azeitão DOP unidade 250 g,Santiago,,"6,99 €","(27,96 € / Kg)",
Vive Soy Bebida de Frutos Secos sem Açúcar embalagem 1 L,Vive Soy,,"2,45 €","(2,45 € / Litro)",
Old Spice Desodorizante Spray Wolfthorn embalagem 150 ml,Old Spice,,"4,49 €","(29,93 € / Litro)",
Maybelline Super Stay 30H Base Líquida Nº 34 Soft Bronze embalagem 1 unidade,Maybelline Super Stay 30H,,"13,99 €","(13,99 € / Unidade)",
Montanheira Farinheira de Castanha de Porco Preto unidade 180 g,Montanheira,,"3,69 €","(18,28 € / Kg)","3,69 €"
Kinder Surpresa Ovo de Chocolate Pack 3 embalagem 60 g,Kinder Surpresa,,"3,69 €","(61,50 € / Kg)",
Gillette Satin Care Gel de Depilação para Pele Sensível com Aloe Vera embalagem 200 ml,Gillette Satin Care,,"4,99 €","(24,95 € / Litro)",
Phisalis peso aproximado por embalagem 125 g,,,"2,99 €","(23,92 € / Kg)",
Cem Porcento Bolachas Wafer de Fibra e Coco embalagem 180 g,Cem Porcento,,"2,19 €","(12,17 € / Kg)",
Jordan Green Clean Fio Dental embalagem 1 unidade,Jordan Green Clean,,"3,99 €","(3,99 € / Unidade)",
Feijão Verde Peso Aproximado por 30 g,,,"3,99 €/kg",,
Heno de Pravia Gel de Banho com Glicerina e Chá Branco embalagem 750 ml,Heno de Pravia,,"5,15 €","(6,87 € / Litro)",
"Voltan Girasoli de Ricotta de Búfala, Espinafres e Pinhões embalagem 250 g",Voltan,,"4,45 €","(17,80 € / Kg)",
Valformoso Queijo Flamengo 1/4 unidade 350 g,Valformoso,,"3,49 €","(9,97 € / Kg)",
Maybelline Super Stay Batom Ink Crayon Nº 50 Own Your empire embalagem 1 unidade,Maybelline Super Stay,,"9,49 €","(9,49 € / Unidade)",
Fumeiro da Gardunha Lombo de Porco Fatias Finas unidade 110 g,Fumeiro da Gardunha,,"3,19 €",(29 € / Kg),
El Corte Inglés Raviolis Recheados com Cogumelos e Trufa embalagem 250 g,El Corte Inglés,,"2,09 €","(8,36 € / Kg)",
Lindamccartney Preparado Vegan Picado embalagem 00500 g,Lindamccartney,,"7,49 €","(14,98 € / Kg)",
Schweppes Água Soda Pack 6 unidades embalagem 20 cl,Schweppes,,"5,40 €","(4,50 € / Litro)",
Vértice Espumante Millésime garrafa 75 cl,Vértice,,"22,50 €",(30 € / Litro),
Luso Fruta Refrigerante Água sem Gás com Sabor a Limão garrafa 1 L,Luso Fruta,,"1,25 €","(1,25 € / Litro)",
Vasco da Gama Sardinhas Portuguesas em Azeite lata 120 g,Vasco da Gama,,"1,39 €","(11,58 € / Kg)",
Nivea Goodbye Stress Gel de Banho de Lavanda e Mel embalagem 750 ml,Nivea Goodbye Stress,,"8,49 €","(11,32 € / Litro)",
Jordan Escova de Dentes Ultralite Medium pack 2 unidades,Jordan,,"2,99 €","(1,50 € / Unidade)",
Syoss Repair Champô para Cabelo Seco ou Estragado embalagem 440 ml,Syoss Repair,,"6,99 €","(15,89 € / Litro)",
Dodot Sensitive Fraldas 2 a 5 kg Tamanho 1 embalagem 44 unidades,Dodot Sensitive,,"12,49 €","(0,28 € / Unidade)",
Nestlé Golden Grahams Barras de Cereais de Trigo Integral com Leite Pack 6 embalagem 150 g,Nestlé Golden Grahams,,"3,29 €","(21,93 € / Kg)",
Topázio Vinho Tinto do Douro Reserva DOC garrafa 75 cl,Topázio,,"5,99 €","(7,99 € / Litro)",
Whisky Irlandês Black Barrel garrafa 70 cl,,,"32,49 €","(46,41 € / Litro)",
Skip Sensitive Detergente para a Roupa Líquido Concentrado embalagem 100 doses,Skip Sensitive,,"19,99 €","(0,20 € / Dose)",
Frioleiras Barrinhas de Avelã e Chocolate sem Glúten Biológicas Pack 3 embalagem 27 g,Frioleiras,,"4,89 €","(181,11 € / Kg)",
Special Line Pão Tostado Integral Dextrinado com Linhaça embalagem 300 g,Special Line,,"2,69 €","(8,97 € / Kg)",
Natur Vital Coloursafe Champô para Cabelos Ruivos embalagem 300 ml,Natur Vital Coloursafe,,"6,99 €","(23,30 € / Litro)",
Saitaku Poké Sushi & Salad Sprinkle embalagem 35 g,Saitaku,,"4,50 €","(128,57 € / Kg)",
Heinz Maionese Top Down embalagem 400 ml,Heinz,,"3,29 €","(5,22 € / Litro)","3,29 €"
The Antiquary Whisky 12 Anos garrafa 70 cl,The Antiquary,,"24,95 €","(35,64 € / Litro)",
Milaneza Massa Gigli embalagem 500 g,Milaneza,,"1,86 €","(3,72 € / Kg)",
Kaiku Caffé Latte sem Açúcar e sem Glúten embalagem 230 ml,Kaiku,,"1,69 €","(7,35 € / Litro)",
El Corte Inglés Selection Iogurte Natural embalagem 500 g,El Corte Inglés Selection,,"2,25 €","(4,50 € / Kg)",
Entralimentar Ovas de Truta frasco 50 g,Entralimentar,,"7,79 €","(155,80 € / Kg)",
Pão Integral com Nozes e Passas unidade 350 g,,,"2,19 €","(6,95 € / Kg)",
Florette Salada Completa Deluxe Gorgonzo embalagem 165 g,Florette,,"4,49 €","(27,21 € / Kg)",
Olá Gelado Mini Milk Pack 12 embalagem 35 ml,Olá,,"3,99 €","(9,50 € / Litro)",
Fini Gomas Delijelly embalagem 80 g,Fini,,"0,89 €","(11,12 € / Kg)",
Cheetos Snack de Milho Pandilla com Sabor a Queijo embalagem 75 g,Cheetos,,"1,65 €",(22 € / Kg),
Garijo Baigorri Batatas Fritas Artesanais com Sumo de Beterraba em Azeite embalagem 130 g,Garijo Baigorri,,"2,49 €","(19,15 € / Kg)",
"Samuel Smith's Cerveja do Reino Unido Imperial Stout garrafa 35,5 cl",Samuel Smith's,,"2,99 €","(8,42 € / Litro)",
Vianeza Maionese Tradicional frasco 750 ml,Vianeza,,"3,39 €","(4,52 € / Litro)",
Skandia Carpaccio de Salmão Parmesão e Vinagrete unidade 90 g,Skandia,,"7,99 €","(88,78 € / Kg)",
Captain Kombucha Bebida Probiótica Original Biológica embalagem 400 ml,Captain Kombucha,,"2,29 €","(5,72 € / Litro)",
Cogumelos Rechear embalagem 250 g,,,"1,89 €","(7,56 € / Kg)",
Ramirez Salmão ao Natural lata 110 g,Ramirez,,"3,59 €","(32,64 € / Kg)",
El Corte Inglés Selection Sortido de Natal embalagem 1400 g,El Corte Inglés Selection,,"9,99 €","(7,14 € / Kg)",
Moo Free Calendário de Advento Branco embalagem 70 g,Moo Free,,"7,59 €","(108,43 € / Kg)",
"Diaz Presunto da Pá Curado Grande Reserva + Tábua peça 3,175 kg",Diaz,,"52,98 €","(16,69 € / Kg)",
Inecto Naturals Esfoliante para o Corpo de Coco embalagem 150 ml,Inecto Naturals,,"7,05 €",(47 € / Litro),
Havana Club Rum Anejo 3 Anos 70 cl,Havana Club,,"19,99 €","(28,56 € / Litro)",
Biscoitos da Vila Bolos de Manteiga embalagem 500 g,Biscoitos da Vila,,"4,15 €","(8,30 € / Kg)",
Emmi Queijo Emmental sem Glúten,Emmi,,"25,69 €/kg",,
Maçarico Tremoços frasco 870 g,Maçarico,,"2,39 €","(2,75 € / Kg)",
Próvida Puré de Fruta Pera Pack 2 embalagem 100 g,Próvida,,"1,99 €","(19,90 € / Kg)",
Quinta dos Avidagos Vinho Branco do Douro garrafa 75 cl,Quinta dos Avidagos,,"5,99 €","(7,99 € / Litro)",
Koala Zero Gelatina Vegetal de Ananás 0% Açúcar embalagem 130 g,Koala Zero,,"1,15 €","(8,85 € / Kg)",
Vanish Power Gel Tira-Nódoas 200 ml,Vanish Power Gel,,"5,99 €","(29,95 € / Litro)",
Forma + Batido de Morango embalagem 750 g,Forma +,,"15,99 €","(21,32 € / Kg)",
Veckia Escova de Dentes Dura embalagem 3 unidades,Veckia,,"1,45 €","(0,48 € / Unidade)",
Nestlé Fitness Cereais Integrais Trigo e Aveia Original 320g de Oferta embalagem 960 g,Nestlé Fitness,,"5,69 €","(5,93 € / Kg)",
Aliada Torrão Duro sem Glúten embalagem 200 g,Aliada,,"2,79 €","(13,95 € / Kg)",
Barão Bebida Erva Tereré embalagem 500 g,Barão,,"3,39 €","(6,78 € / Kg)",
Walkers Bolachas Shortbread Christmas Tree lata 130 g,Walkers,,"9,95 €","(76,54 € / Kg)",
Gillette Mach 3 Turbo Máquinas Recargas embalagem 8 unidades,Gillette Mach 3 Turbo,,"26,89 €","(3,36 € / Unidade)",
Ruffles Batata Frita com Sal Original embalagem 265 g,Ruffles,,"2,75 €","(7,74 € / Kg)","2,75 €"
Sumol Refrigerante de Ananás com Gás garrafa 50 cl,Sumol,,"0,90 €","(1,80 € / Litro)",
El Corte Inglés Queijo de Cabra Pré-Cortado Pack 2 embalagem 200 g,El Corte Inglés,,"3,65 €","(18,25 € / Kg)",
Espiga Piripíri Inteiro embalagem 25 g,Espiga,,"1,05 €",(42 € / Kg),
"Bolo Conventual de Santarém unidade 1,3 kg",,,"16,70 €","(12,85 € / Kg)",
Cem Porcento Biscoito Integral Coco e Espelta embalagem 200 g,Cem Porcento,,"2,49 €","(12,45 € / Kg)",
Redondo Iglesias Centro de Presunto Serrano Grande Reserva kg,Redondo Iglesias,,"21,98 €/kg",,
Lombinho Romero Extratenro ao peso 1 kg,,,"11,49 €/kg",,
Quinta da Lixa Vinho Tinto Verde Vinhão garrafa 75 cl,Quinta da Lixa,,"3,55 €","(4,73 € / Litro)",
Sorini Bombons Saco Matto embalagem 500 g,Sorini,,"7,95 €","(15,90 € / Kg)",
Panealba Crostini com Sabor a Rosmaninho embalagem 100 g,Panealba,,"1,89 €","(18,90 € / Kg)",
Lipton Chá Verde com Aroma a Framboesa e Romã embalagem 20 unidades,Lipton,,"1,59 €","(0,08 € / Unidade)",
Unii Esponja Facial Konjac embalagem 1 unidade,Unii,,"9,90 €","(9,90 € / Unidade)",
Not Guilty Manteiga de Amêndoa frasco 200 g,Not Guilty,,"5,59 €","(27,95 € / Kg)",
Halls Rebuçados de Canela sem Açúcar embalagem 32 g,Halls,,"1,09 €","(34,06 € / Kg)",
The Berry Company Sumo de Goji sem Açúcar embalagem 1 L,The Berry Company,,"2,99 €","(2,99 € / Litro)",
Bio + Leito Meio Gordo Biológico embalagem 1 L,Bio +,,"1,85 €","(1,85 € / Litro)",
Acorelle Spray Solar para Crianças e Peles Sensíveis Biológico FP 50 embalagem 100 ml,Acorelle,,"21,95 €","(219,50 € / Litro)",
Peito de Frango,,,"6,49 €/kg",,
Lutti Fruitador Rebuçados de Frutas embalagem 175 g,Lutti Fruitador,,"2,29 €","(13,09 € / Kg)",
Soft&Co Creme Gordo Vegan para Peles Secas e Sensíveis embalagem 200 ml,Soft&Co,,"13,05 €","(65,25 € / Litro)",
Veckia Gel de Banho Dermoprotector para Pele Normal embalagem 750 ml,Veckia,,"1,55 €","(0,21 € / 10 ml.)",
Super Pop Detergente de Lavagem à Mão para Loiça Ultra Performance Gel Limão Concentrado embalagem 700 ml,Super Pop,,"4,29 €","(6,13 € / Litro)",
Nivea Dry Comfort Desodorizante Spray embalagem 200 ml,Nivea Dry Comfort,,"2,99 €","(14,95 € / Litro)",
Ceder's Gin Classic sem Álcool garrafa 50 cl,Ceder's,,"26,49 €","(52,98 € / Litro)",
Lusoforma Formas de Alumínio Pequenas Rectangulares Nº 1345A 5 unidades,Lusoforma,,"2,19 €","(0,44 € / Unidade)",
Carlsberg Cerveja da Dinamarca garrafa 25 cl,Carlsberg,,"0,89 €","(3,56 € / Litro)",
Beefeater Gin de Morango com Tónica lata 33 cl,Beefeater,,"2,29 €","(6,94 € / Litro)",
Valsoia Gelado Vegan de Cookie Pack 3 unidades embalagem 270 g,Valsoia,,"5,29 €","(19,59 € / Kg)",
Pescanova Filetes de Pescada XL no Forno embalagem 250 g,Pescanova,,"2,49 €","(9,96 € / Kg)",
Carte D'Or Gelado Romântica Original embalagem 750 ml,Carte D'Or,,"7,99 €","(10,65 € / Litro)",
Delverde Massa Gemelli com Sementes de Linhaça embalagem 450 g,Delverde,,"2,39 €","(5,31 € / Kg)",
Babaria Leite para o Corpo Nutrição Intensa de Amêndoas Doces embalagem 400 ml,Babaria,,"3,90 €","(7,22 € / Litro)","3,90 €"
Dalva Espumante Bruto garrafa 75 cl,Dalva,,"7,99 €","(10,65 € / Litro)",
7Th Heaven Máscara de Limpeza Facial Peel-Off Carvão embalagem 100 ml,7Th Heaven,,"6,99 €","(69,90 € / Litro)",
Sweetness Sweet Like Sugar com Stevia embalagem 450 g,Sweetness,,"12,99 €","(28,87 € / Kg)",
Agromar Paté de Bogavante lata 100 g,Agromar,,"3,99 €","(39,90 € / Kg)",
Caves São João Espumante Reserva Meio Seco Bruto garrafa 75 cl,Caves São João,,"7,29 €","(9,72 € / Litro)",
Indulac Queijo de Ovelha Valmadeiros Peso Aproximado por unidade 500 g,Indulac,,"9,98 €","(19,95 € / Kg)",
Ahmad Tea Tisana Detox embalagem 20 unidades,Ahmad Tea,,"2,99 €","(0,15 € / Unidade)",
Fructis Champô Super Hidratação de Aloe Vera para Cabelos Normais a Secos embalagem 350 ml,Fructis,,"6,59 €","(18,83 € / Litro)",
"Brites Bacalhau Especial Asa Branca 3,8 kg",Brites,,"15,99 €/kg",,
Villar Mini Presunto com Tábua e Faca unidade 1 kg,Villar,,"25,99 €","(25,99 € / Kg)",
García Baquero Queijo Terno Light em Fatias embalagem 100 g,García Baquero,,"2,19 €","(21,90 € / Kg)",
El Corte Inglés Pão Hambúrguer com Sésamo embalagem 220 g,El Corte Inglés,,"0,89 €","(4,05 € / Kg)",
El Corte Inglés Chocolate de Leite Extrafino sem Glúten embalagem 100 g,El Corte Inglés,,"0,55 €","(5,50 € / Kg)",
Trackdown Cerveja artesanal lata 33 cl,Trackdown,,"3,95 €","(11,97 € / Litro)",
Alpro Bebida de Soja com Baunilha embalagem 1 L,Alpro,,"2,39 €","(1,89 € / Litro)","2,39 €"
Monte Tondo Vinho Branco de Itália Pinot Grigio garrafa 75 cl,Monte Tondo,,"8,19 €","(10,92 € / Litro)",
Lipton Chá Preto Yellow Label embalagem 100 unidades,Lipton,,"4,89 €","(0,05 € / Unidade)",
El Corte Inglés Guardanapos 2 Camadas 30x30 cm embalagem 100 unidades,El Corte Inglés,,"1,25 €","(0,01 € / Unidade)",
Belvita Barras de 5 Cereais com Arandos e Avelãs Pack 4 embalagem 160 g,Belvita,,"3,29 €","(20,56 € / Kg)",
Leite Montanha Manteiga Rainha do Pico unidade 250 g,Leite Montanha,,"3,99 €","(15,96 € / Kg)",
Veckia Gel de Banho + Champô 2 em 1 para Pele Normal embalagem 250 ml,Veckia,,"1,25 €","(0,50 € / 10 ml.)",
Gordons Gin garrafa 70 cl,Gordons,,"13,19 €","(18,84 € / Litro)",
Porminho Mortadela com Azeitonas,Porminho,,"5,39 €/kg",,
El Corte Inglés Pedaços de Potas em Molho à Galega lata 67 g,El Corte Inglés,,"1,69 €","(15,23 € / Kg)",
Nau do Cacau Chocolate de Leite República Dominicana 37% Cacau Biológico embalagem 80 g,Nau do Cacau,,"5,29 €","(66,12 € / Kg)",
Vianeza Maionese frasco 450 ml,Vianeza,,"2,49 €","(5,53 € / Litro)",
Jardin Bio Infusão Noite Tranquila Biológica embalagem 30 g,Jardin Bio,,"5,15 €","(171,67 € / Kg)",
Gullón Bio Organic Bolachas Digestivas de Aveia com Chocolate Vegetarianas Biológicas embalagem 270 g,Gullón Bio Organic,,"3,89 €","(14,41 € / Kg)",
Ti Almerinda Chamuças de Carne 6 Unidades embalagem 270 g,Ti Almerinda,,"4,99 €","(18,48 € / Kg)",
Pertegaz Eau de Toilette Seducteur embalagem 130 ml,Pertegaz,,"10,95 €","(84,23 € / Litro)",
"Quinta dos Açores Gelado de Chocolate, Leite e Nata embalagem 500 ml",Quinta dos Açores,,"5,99 €","(11,98 € / Litro)",
Spontex Mopas Agarra o Pó embalagem 20 unidades,Spontex,,"5,40 €","(0,27 € / Unidade)",
Nazarena Enguias em Escabeche embalagem 120 g,Nazarena,,"6,39 €","(53,25 € / Kg)",
Meia Desfeita de Bacalhau 1 unidade,,,12 €,,
Men Expert Cool Power Desodorizante Spray embalagem 150 unidade,Men Expert Cool Power,,"3,99 €","(26,60 € / Litro)",
Compal Essencial Doses de Frutos Vermelhos Pack 3 embalagem 110 ml,Compal Essencial,,"2,34 €","(7,09 € / Litro)",
Ares de Medeiros Vinho Branco do Alentejo garrafa 75 cl,Ares de Medeiros,,"5,99 €","(7,99 € / Litro)",
Moaçor Bolachas Maria Mulata Pack 8 embalagem 35 g,Moaçor,,"2,75 €","(78,57 € / Kg)",
Prozis Chocolate Preto Zero Açúcares Adicionados embalagem 30 g,Prozis,,"0,99 €",(33 € / Kg),
Latvs Vinho Tinto do Douro garrafa 75 cl,Latvs,,"5,99 €","(7,99 € / Litro)",
Pescanova Lulas Limpas 20/40 Unidades embalagem 450 g,Pescanova,,"7,99 €","(17,76 € / Kg)",
Orbit Pastilhas Pepperimint sem Açúcar embalagem 14 g,Orbit,,"0,89 €","(63,57 € / Kg)",
Narta Desodorizante Protection 5 Roll-On embalagem 50 ml,Narta,,"3,79 €","(75,80 € / Litro)",
El Corte Inglés Bolachas Digestivas de Chocolate embalagem 300 g,El Corte Inglés,,"1,85 €","(6,17 € / Kg)",
Provamel Yofu Fresco de Frutos Vermelhos Biológico embalagem 400 g,Provamel,,"2,39 €","(5,98 € / Kg)",
Noglut Madalenas sem Glúten embalagem 170 g,Noglut,,"3,55 €","(20,88 € / Kg)",
Cem Porcento Bolachas Marinheiras sem Sal e sem Açúcares Adicionados Biológicas embalagem 200 g,Cem Porcento,,"2,99 €","(14,95 € / Kg)",
Borututo Chá embalagem 70 g,Borututo,,"8,89 €",(127 € / Kg),
Nutriflor Tisana embalagem 10 unidades,Nutriflor,,"3,79 €","(0,38 € / Unidade)",
Pála-Pála Batatas Fritas Palha embalagem 170 g,Pála-Pála,,"1,69 €","(9,94 € / Kg)",
O.B. Tampões Super Orgânico embalagem 16 unidades,O.B.,,"3,99 €","(0,25 € / Unidade)",
Neo Blanc Wc Gel Brisa do Mar embalagem 700 ml,Neo Blanc Wc Gel,,"2,79 €","(2,59 € / Litro)","2,79 €"
Sinhá Leite de Coco embalagem 200 ml,Sinhá,,"1,95 €","(9,75 € / Litro)",
Nestlé Cerelac Nutripuffs de Framboesa desde os 8 Meses embalagem 7 g,Nestlé Cerelac,,"0,89 €","(127,14 € / Kg)",
Atelier do Doce Mini Bolo Red Velvet,Atelier do Doce,,"2,10 €","(2,10 € / Unidade)",
Mimosa Magro Iogurte + Gelatina de Framboesa Pack 4 embalagem 120 g,Mimosa Magro,,"2,28 €","(4,75 € / Kg)",
M.O.B. Vinho Tinto do Dão Alfrocheiro garrafa 75 cl,M.O.B.,,"16,75 €","(22,33 € / Litro)",
Condi Pau de Canela embalagem 30 unidades,Condi,,"4,59 €","(0,15 € / Unidade)",
Colgate Kids Pasta de Dentes + 3 Anos embalagem 50 ml,Colgate Kids,,"2,89 €","(57,80 € / Litro)",
Ambi Pur Air Effects Ambientador Aerossol Japan Tatami Spray embalagem 300 ml,Ambi Pur Air Effects,,"3,99 €","(9,97 € / Litro)","3,99 €"
Comfort Intense Care Amaciador para Roupa Nature Rosa & Maçã Verde Ultra Concentrado embalagem 60 doses,Comfort Intense Care,,"7,99 €","(0,13 € / Dose)",
Mimosa Iogurte de Pedaços Cereais e Avelã 120 g,Mimosa,,"1,79 €","(3,73 € / Kg)",
Herdade dos Veros Vinho Tinto do Alentejo Selection garrafa 75 cl,Herdade dos Veros,,"6,35 €","(8,47 € / Litro)",
Vitacress Salada Suprema de Frango e Queijo embalagem 225 g,Vitacress,,"3,99 €","(17,73 € / Kg)",
So' Bio Água Micelar Anti-Idade Argão Biológico embalagem 500 ml,So' Bio,,"9,29 €","(18,58 € / Litro)",
Renova Maxi Absorption XXL Rolos de Cozinha Multiusos 1 unidade,Renova Maxi Absorption XXL,,"1,19 €","(1,19 € / Unidade)",
Companhia das Abóboras Doce de Cenoura frasco 300 g,Companhia das Abóboras,,"3,45 €","(11,50 € / Kg)",
Jean Louis David Pente Ganchos Largos embalagem 1 unidade,Jean Louis David,,"4,49 €","(4,49 € / Unidade)",
"Pato Active Clean Marine embalagem 38,6 g",Pato,,"3,29 €","(85,23 € / Kg)",
Mamá Vaca Requeijão de Vaca Natural Pack 2 embalagem 250 g,Mamá Vaca,,"2,59 €","(10,36 € / Kg)",
Arnaud Rillttes de Ganso frasco 180 g,Arnaud,,"5,09 €","(28,28 € / Kg)",
Special Line El Corte Inglés Tortas de Milho sem Glúten embalagem 140 g,Special Line El Corte Inglés,,"0,79 €","(5,64 € / Kg)",
Nicola Café Alumínio Intenso embalagem 10 unidade,Nicola,,"3,79 €","(0,38 € / Unidade)",
El Corte Inglés Sóis Recheados com Gorgonzola e Nozes embalagem 250 g,El Corte Inglés,,"2,35 €","(9,40 € / Kg)",
Capri-Sun Refrigerante Safari embalagem 20 cl,Capri-Sun,,"0,69 €","(3,45 € / Litro)",
Lu Mikado Chocolate de Leite embalagem 75 g,Lu,,"1,99 €","(26,53 € / Kg)",
El Corte Inglés Guardanapos Rosa 1 Folha 38x38 cm embalagem 35 unidades,El Corte Inglés,,"2,40 €","(0,07 € / Unidade)",
Milaneza Pevide embalagem 250 g,Milaneza,,"0,84 €","(3,36 € / Kg)",
Versátil Vinho do Alentejo Branco garrafa 75 cl,Versátil,,"3,69 €","(4,92 € / Litro)",
Calem Vinho do Porto Reserva garrafa 75 cl,Calem,,"12,99 €","(17,32 € / Litro)",
Renova Black Papel Higiénico 3 unidades,Renova Black,,"9,49 €","(3,16 € / Unidade)",
Marquês de Marialva Vinho Tinto da Bairrada Colheita Seleccionada garrafa 75 cl,Marquês de Marialva,,"3,99 €","(5,32 € / Litro)",
Juvamine Cellislim Infusão Ventre Plano com Aroma a Menta Suave embalagem 20 unidades,Juvamine Cellislim,,"4,45 €","(0,22 € / Unidade)",
Dittmann Pepperballs com Queijo Fresco frasco 290 ml,Dittmann,,"5,75 €","(19,83 € / Kg)",
Compal Fresco Sumo Mirtilo do Minho e Framboesa do Algarve Fruta 100% Fresca embalagem 250 ml,Compal Fresco,,"1,89 €","(7,56 € / Litro)",
Excellence Coloração Permanente Nº 7.7 Caramelo embalagem 1 unidade,Excellence,,"11,99 €","(11,99 € / Unidade)",
Lombo de Espadarte Descongelado Peso Aproximado 200 g,,,"19,95 €/kg",,
Mimosa Magro Aroma Iogurte Aroma Magro a Manga Pack 4 embalagem 125 g,Mimosa Magro Aroma,,"1,89 €","(2,36 € / Kg)",
Corine de Farme Creme Hidratante Peles Sensíveis embalagem 100 ml,Corine de Farme,,"4,99 €","(49,90 € / Litro)",
Matinal Queijo Fresco sem Lactose Pack 3 embalagem 72 g,Matinal,,"2,25 €","(10,42 € / Kg)",
Provamel Sobremesa de Soja com Chocolate Biológica Pack 4 embalagem 125 g,Provamel,,"3,49 €","(6,98 € / Kg)",
Timmermans Cerveja Griotteke garrafa 75 cl,Timmermans,,"32,50 €","(43,33 € / Litro)",
El Corte Inglés Mexilhões em Molho de Vieira 13-18 Unidades lata 69 g,El Corte Inglés,,"1,95 €","(17,41 € / Kg)",
Sensodyne Escova de Dentes para Gengivas Sensíveis Extra Suave embalagem 1 unidade,Sensodyne,,"4,29 €","(4,29 € / Unidade)",
Danone Polpa de Morango Pack 4 embalagem 120 g,Danone,,"1,59 €","(3,31 € / Kg)",
Eric Kayser Baguette Rústica unidade 280 g,Eric Kayser,,"2,05 €","(7,32 € / Kg)",
Aromas Premium Queijo de Ovelha Curado embalagem 100 g,Aromas Premium,,"2,55 €","(25,50 € / Kg)",
Paysan Breton Queijo Camembert unidade 250 g,Paysan Breton,,"5,09 €","(20,36 € / Kg)",
Segafredo Café Moído Espresso Casa Intensidade 10 embalagem 225 g,Segafredo,,"3,45 €","(15,33 € / Kg)",
Ajuda Vinho Branco do Alentejo garrafa 75 cl,Ajuda,,"3,95 €","(5,27 € / Litro)",
Aphros Vinho Verde Tinto Vinhão garrafa 75 cl,Aphros,,"11,95 €","(15,93 € / Litro)",
Covela Vinho Verde Arinto Branco garrafa 75 cl,Covela,,"7,99 €","(10,65 € / Litro)",
Coroa D'Ouro Vinho Tinto do Douro garrafa 75 cl,Coroa D'Ouro,,"5,19 €","(6,92 € / Litro)",
Cif Gel Activo Detergente Líquido Lava-Tudo com Lixívia 750 ml,Cif Gel Activo,,"2,49 €","(3,32 € / Litro)",
Joana Reymão Nogueira Bolo da Avó de Laranja embalagem 500 g,Joana Reymão Nogueira,,"5,25 €","(5,25 € / Unidade)",
Fapil Sacos do Lixo Fecho Fácil 30 L embalagem 20 unidades,Fapil,,"2,05 €","(0,10 € / Unidade)",
La Carloteña Asas de Frango Assadas embalagem 300 g,La Carloteña,,"3,89 €","(12,97 € / Kg)",
Trolli Gomas Minhocas Pica com Açúcar embalagem 100 g,Trolli,,"1,19 €","(11,90 € / Kg)",
Ruwet Sidra Maçã garrafa 33 cl,Ruwet,,"3,19 €","(9,67 € / Litro)",
Um Bongo Néctar de 8 Frutos Pack 3 embalagem 20 cl,Um Bongo,,"1,49 €","(2,48 € / Litro)",
Naturefoods Puré de Maçã Biológico embalagem 350 g,Naturefoods,,"1,35 €","(3,86 € / Kg)",
Bimbo Bagels 4 Unidades Clásico embalagem 300 g,Bimbo,,"2,40 €",(8 € / Kg),
Ribeira Filetes de Atum ao Natural sem Glúten lata 120 g,Ribeira,,"2,49 €","(20,75 € / Kg)",
Aga Álcool Gel embalagem 250 ml,Aga,,"0,89 €","(3,56 € / Litro)",
Ballarini Queijo de Itália Gorgonzola Dop em Cunha sem Glúten embalagem 100 g,Ballarini,,"2,09 €","(20,90 € / Kg)",
"L'Oréal Elvive Dream Long Spray Protetor de Calor para Cabelo Comprido, Liso embalagem 150 ml",L'Oréal,,"7,99 €","(53,27 € / Litro)",
Lindt Excellence Chocolate Preto com Recheio de Laranja embalagem 100 g,Lindt Excellence,,"2,79 €","(27,90 € / Kg)",
Filete de Robalo de Aquicultura Peso Aproximado por unidade 100 g,,,"24,99 €/kg",,
Bounty Bebida Láctea com Sabor a Coco garrafa 350 ml,Bounty,,"1,75 €",(5 € / Litro),
Margão Caril Tandoori frasco 37 g,Margão,,"2,69 €","(72,70 € / Kg)",
Iberia Revolution Tira-Nódoas Sec embalagem 200 ml,Iberia Revolution,,"5,65 €","(28,25 € / Litro)",
El Corte Inglés Madalenas Valencianas 12 Unidades embalagem 350 g,El Corte Inglés,,"1,89 €","(5,40 € / Kg)",
Chipicao Mini Croissants Recheados com Chocolate embalagem 80 g,Chipicao Mini,,"1,15 €","(14,38 € / Kg)",
La Piara Paté de Fígado de Porco com Ervas Finas -50% Gordura frasco 100 g,La Piara,,"1,99 €","(19,90 € / Kg)",
Lombo de Salmão com Pele de Aquicultura Peso Aproximado 300 g,,,"19,99 €/kg",,
F.A.H. Chamuças de Frango 10 Unidades embalagem 20 g,F.A.H.,,"5,49 €","(27,45 € / Kg)",
Affective Cuecas para Adulto com Incontinência Tamanho Grande embalagem 10 unidades,Affective,,"11,75 €","(1,18 € / Unidade)",
Julián Martín Chouriço Ibérico Roscal Peso Aproximado por unidade 500 g,Julián Martín,,"19,95 €/kg",,
Ultra Suave Champô Sólido Hidratante de Coco e Aloe Vera para Cabelos Normais embalagem 60 g,Ultra Suave,,"5,99 €","(99,83 € / Kg)",
Casal Mendes Sangria Branca garrafa 75 cl,Casal Mendes,,"3,99 €","(5,32 € / Litro)",
Cuétara Tosta Rica Bolachas de Chocolate Oceanix embalagem 165 g,Cuétara Tosta Rica,,"2,49 €","(15,09 € / Kg)",
Panrico Pão de Forma sem Côdea Especial para Torradas embalagem 510 g,Panrico,,"2,69 €","(5,27 € / Kg)",
Linic Men Champô Anti-Caspa Controlo de Oleosidade de Citrinos embalagem 360 ml,Linic Men,,"4,94 €","(13,72 € / Litro)",
Aliada Bolachas Recheadas com Creme embalagem 220 g,Aliada,,"1,69 €","(5,12 € / Kg)",
Pote Açafrão Moído embalagem 4 unidades,Pote,,"2,99 €","(7,48 € / Unidade)",
Valor Chocolate de Leite com Avelãs Mediterrâneas Inteiras sem Glúten embalagem 250 g,Valor,,"3,79 €","(15,16 € / Kg)",
Penina Vinho Tinto Regional do Tejo garrafa 75 cl,Penina,,"4,99 €","(6,65 € / Litro)",
Veckia Mola Branca para Cabelo embalagem 1 unidade,Veckia,,"1,58 €","(1,58 € / Unidade)",
Nescafé Gold Café Solúvel em Saquetas embalagem 45 g,Nescafé Gold,,"3,49 €","(77,56 € / Kg)",
Sensodyne Escova de Dentes Extra Soft Gengivas embalagem 1 unidade,Sensodyne,,"4,99 €","(4,99 € / Unidade)",
Danacol Iogurte Líquido Natural sem Açúcar Pack 6 embalagem 100 g,Danacol,,"2,99 €","(4,98 € / Kg)",
Axe Gel de Banho Epic Fresh embalagem 400 ml,Axe,,"3,59 €","(8,98 € / Litro)",
Herbex Endro embalagem 20 g,Herbex,,"1,50 €",(75 € / Kg),
Próvida Arroz Branco Biológico embalagem 1 kg,Próvida,,"4,45 €","(4,45 € / Kg)",
Iswari Cogumelos Reishi Biológicos embalagem 100 g,Iswari,,"11,99 €","(119,90 € / Kg)",
Dr.Organic Desodorizante com Aloe Vera Roll-On Biológico embalagem 50 ml,Dr.Organic,,"7,34 €","(146,80 € / Litro)",
"Veckia Creme para o Corpo Hidrata, Nutre e Regenera para Peles Muito Secas embalagem 250 ml",Veckia,,"2,69 €","(1,08 € / 10 ml.)",
Dr. Beckmann Tira-Nódoas para Máquina da Roupa embalagem 80 ml,Dr. Beckmann,,"1,49 €","(18,62 € / Litro)",
Pato Brewing Cerveja Artesanal Loonie garrafa 33 cl,Pato Brewing,,"2,99 €","(9,06 € / Litro)",
Casademont Fuet Espetec Extra sem Glúten embalagem 170 g,Casademont,,"3,09 €","(18,18 € / Kg)",
Prozis Diet Frango Carbonara embalagem 280 g,Prozis Diet,,"6,09 €","(21,75 € / Kg)",
Bola Regional 4 unidades,,,"1,39 €","(4,34 € / Kg)",
Cabo de Peñas Mexilhões em Escabeche 13/18 Peças Biológicos embalagem 111 g,Cabo de Peñas,,"2,19 €","(19,73 € / Kg)",
Tetley Cold Infusão de Morango e Maçã embalagem 10 unidades,Tetley Cold,,"1,29 €","(0,13 € / Unidade)",
Terra do Bacalhau Bacalhau Seco Desfiado embalagem 400 g,Terra do Bacalhau,,"6,90 €","(17,25 € / Kg)",
Vandevi Asafoetida embalagem 50 g,Vandevi,,"2,35 €",(47 € / Kg),
Call Valls Marmelada com Açúcar de Cana Biológica embalagem 300 g,Call Valls,,"5,05 €","(16,83 € / Kg)",
Delícias Ti Maria Queijo Regional de Vaca e Ovelha Curado Merendeira Queijaria Cachopas unidade 120 g,Delícias Ti Maria,,"3,19 €","(26,58 € / Kg)",
Dove Sabonete Líquido para as Mãos Recarga embalagem 500 ml,Dove,,"2,99 €","(5,98 € / Litro)",
Quinta Cova da Raposa Vinho Verde Alvarinho Branco Biológico garrafa 75 cl,Quinta Cova da Raposa,,"12,95 €","(17,27 € / Litro)",
Ti Almerinda Crepes de Legumes embalagem 270 g,Ti Almerinda,,"4,89 €","(18,11 € / Kg)",
Bandida do Pomar Sidra de Maçã sem Glúten lata 50 cl,Bandida do Pomar,,"1,25 €","(2,50 € / Litro)",
Dr. Beckmann Limpa Máquinas de Roupa com Carvão Activo embalagem 250 ml,Dr. Beckmann,,"6,59 €","(26,36 € / Litro)",
Miss Den Paris Verniz Orange Tentation Nº 89 embalagem 10 ml,Miss Den Paris,,"3,49 €",(349 € / Litro),
Depend Cuecas Para Adultos Mulher com Incontinência Absorção Super Tamanho L embalagem 9 unidades,Depend,,"9,79 €","(1,09 € / Unidade)",
Negrini Centro de Presunto de Parma sem Osso,Negrini,,"41,95 €/kg",,
Knorr Sopa de Cebola 4 porções embalagem 50 g,Knorr,,"1,49 €","(29,80 € / Kg)",
La Chouffe Cerveja da Bélgica Pack 2 + Copo garrafa 33 cl,La Chouffe,,"12,99 €","(19,68 € / Litro)",
Vizela Bolinhol de Vivela embalagem 250 g,Vizela,,"5,95 €","(23,80 € / Kg)",
Pastoret Creme Catalana embalagem 150 g,Pastoret,,"1,89 €","(12,60 € / Kg)",
Super Bock Cerveja sem Glúten Pack 6 garrafa 33 cl,Super Bock,,"4,99 €","(2,52 € / Litro)",
Efiseptyl Dentífrico Protecção Halitose embalagem 750 ml,Efiseptyl,,"5,49 €","(7,32 € / Litro)",
Globo Bagas de Mirtilo embalagem 90 g,Globo,,"2,69 €","(29,89 € / Kg)",
Garden Gourmet Panado de Espinafres e Queijo Vegetariano Garden Gourmet embalagem 180 g,Garden Gourmet,,"3,99 €","(18,61 € / Kg)","3,99 €"
La Toja Gel de Banho Leite de Aveia e Sais Minerais embalagem 550 ml,La Toja,,"4,35 €","(0,79 € / 10 ml.)",
Veckia Máquinas Descartáveis embalagem 4 unidades,Veckia,,2 €,"(0,50 € / Unidade)",
Sojasun Iogurte Bifidus com Muesli embalagem 250 g,Sojasun,,"1,79 €","(7,16 € / Kg)",
Naturattiva Mini Gelado Vegetal sem Glúten Biológico Pack 4 embalagem 35 g,Naturattiva,,"5,89 €","(42,07 € / Kg)",
Porminho Chourição em Fatias unidade 150 g,Porminho,,"1,79 €","(11,93 € / Kg)",
Dez Prá Uma Tiramisù para 1 pessoa frasco 350 g,Dez Prá Uma,,"3,50 €",(10 € / Kg),
Not Guilty Bombons de Chocolate Preto 50% com Creme de Avelã embalagem 80 g,Not Guilty,,"1,99 €","(24,88 € / Kg)",
Cano Cabides de Metal 3 unidades,Cano,,"7,29 €","(7,29 € / Unidade)",
Domestos Power 5 Bloco Sanitário Desinfectante de Lima embalagem 55 g,Domestos Power 5,,"2,99 €","(54,36 € / Kg)",
"Wiloco Chocolate Branco Praliné Vegan sem Glúten, sem Lactose Biológico embalagem 90 g",Wiloco,,"3,99 €","(44,33 € / Kg)",
Gonga Margarina Culinária embalagem 500 g,Gonga,,"1,99 €","(0,01 € / Kg)",
Quinta da Coitena Hambúrguer de Peru 100% Bio embalagem 320 g,Quinta da Coitena,,"9,75 €","(30,47 € / Kg)",
Aliada Mexilhões em Escabeche 13-18 Unidades Pack 3 lata 129 g,Aliada,,"2,75 €","(21,32 € / Kg)",
Nestlé Nat Cereais Ursinhos de Chocolate embalagem 32 g,Nestlé Nat,,"3,69 €","(115,31 € / Kg)",
Oreo Bolachas Recheadas com Morango e Cheesecake 154 g,Oreo,,"1,49 €","(9,68 € / Kg)",
"Tropico Refrigerante Tropical sem Gás garrafa 1,5 L",Tropico,,"1,99 €","(1,33 € / Litro)",
El Corte Inglés Salsichas Bockwurst frasco 360 g,El Corte Inglés,,"5,95 €","(16,53 € / Kg)",
Quinta do Romeu Vinho Tinto do Douro Touriga Nacional garrafa 75 cl,Quinta do Romeu,,"29,90 €","(39,87 € / Litro)",
Fonte Mourisca Queijo de Vaca Meio Gordo unidade 550 g,Fonte Mourisca,,"7,99 €","(14,53 € / Kg)",
Jade Cerveja de França Hoppy Blonde Biológica garrafa 25 cl,Jade,,"2,99 €","(11,96 € / Litro)",
Future Farm Salsichas Sausage Plant Based embalagem 250 g,Future Farm,,"4,99 €","(19,96 € / Kg)",
Pasta de Tamarindo frasco 360 g,,,"7,32 €","(20,33 € / Kg)",
Naturefoods Barra de Sementes de Sésamo Biológica embalagem 40 g,Naturefoods,,"1,25 €","(31,25 € / Kg)",
"Sonatural Sumo de Abacate, Maçã, Pepino, Espinafres e Pera embalagem 750 ml",Sonatural,,"5,99 €","(7,99 € / Litro)",
Nau Lombo de Espadarte embalagem 300 g,Nau,,"8,09 €","(26,97 € / Kg)",
Nestlé NAN Optipro HA 2 Leite de Transição lata 800 g,Nestlé NAN Optipro HA,,"19,75 €","(24,69 € / Kg)",
Beyra Vinho da Beira Interior Superior garrafa 150 cl,Beyra,,31 €,"(20,67 € / Litro)",
Conde Vimioso Vinho Tinto Regional do Tejo Reserva garrafa 75 cl,Conde Vimioso,,"14,99 €","(19,99 € / Litro)",
Veckia Creme para os Pés Hidratante Contra a Secura embalagem 125 ml,Veckia,,"1,69 €","(1,08 € / 10 ml.)","1,69 €"
Angelina Alheira Reserva de Caça Peso Aproximado por unidade 200 g,Angelina,,"3,40 €","(16,99 € / Kg)",
Dodot Básico Toalhitas Infantis Recarga embalagem 54 unidades,Dodot Básico,,"1,15 €","(0,02 € / Unidade)",
Maybelline Corrector The Eraser Anti-Idade Nº 20 Nude embalagem 1 unidade,Maybelline,,"9,99 €","(9,99 € / Unidade)",
El Corte Inglés Selection Gaspacho sem Glúten Pack 3 embalagem 330 ml,El Corte Inglés Selection,,"3,39 €","(3,42 € / Litro)",
Dez Prá Uma Empada de Frango até 10 pessoas embalagem 1850 g,Dez Prá Uma,,"35,90 €","(19,41 € / Kg)",
Milka Chocolate de Leite embalagem 270 g,Milka,,"3,99 €","(14,78 € / Kg)",
Fever-Tree Água Tónica Mediterranean garrafa 50 cl,Fever-Tree,,"2,49 €","(4,98 € / Litro)",
+Cru Banana Baby Seca Biológica embalagem 250 g,+Cru,,"7,89 €","(31,56 € / Kg)",
Vallado Vinho Tinto do Douro garrafa 75 cl,Vallado,,"7,75 €","(10,33 € / Litro)",
Vileda Cabo Universal embalagem 1,Vileda,,"4,79 €","(4,79 € / Unidade)",
Scottex Guardanapos Folha Simples 45 unidades,Scottex,,"0,99 €","(0,02 € / Unidade)",
Espetadas de Porco Peso Aproximado 750 g,,,"8,95 €/kg",,
Greens Framboesas Congeladas embalagem 450 g,Greens,,"5,29 €","(11,76 € / Kg)",
Nestlé Nesquik Iogurte Bicompartimentado com Chocolate Pack 2 embalagem 116 g,Nestlé Nesquik,,"2,54 €","(9,01 € / Kg)","2,54 €"
Delaviuda Trufas de Chocolate Branco embalagem 150 g,Delaviuda,,"3,19 €","(21,27 € / Kg)",
Gullón Bolachas de Chocolate de Leite Choco Bom embalagem 100 g,Gullón,,"1,90 €",(19 € / Kg),
El Corte Inglés Lixívia Densa para a Roupa embalagem 2 L,El Corte Inglés,,"0,95 €","(0,48 € / Litro)",
Guloso Polpa de Tomate Pack 3 embalagem 210 g,Guloso,,"2,39 €","(11,38 € / Kg)",
Brasmar Camarão Inteiro Vannamei 40/48 embalagem 800 g,Brasmar,,"9,99 €","(12,49 € / Kg)",
Paño Nature Amendoins Salgados Biológicos embalagem 90 g,Paño Nature,,"1,89 €",(21 € / Kg),
Khanum Chutney Manga Bengal frasco 350 g,Khanum,,"3,69 €","(10,54 € / Kg)",
Walkers Mini Bolachas de Manteiga com Formas Natalícias embalagem 150 g,Walkers,,"5,95 €","(39,67 € / Kg)",
Pantene Miracles Condicionador Volume e Nutrição com Água de Rosas embalagem 200 ml,Pantene Miracles,,"5,99 €","(29,95 € / Litro)",
El Corte Inglés Gel para a Máquina da Loiça embalagem 720 ml,El Corte Inglés,,"3,75 €","(5,21 € / Litro)",
Beyond Meat Preparado de Picada de Origem  Vegetal embalagem 300 g,Beyond Meat,,"6,99 €","(23,30 € / Kg)",
Control Finissimo Preservativos embalagem 12 unidades,Control Finissimo,,"9,99 €","(0,83 € / Unidade)",
Pescanova Tiras de Pota embalagem 500 g,Pescanova,,"5,29 €","(7,38 € / Kg)","5,29 €"
Mimosa Bem Essencial Leite Fresco Meio Gordo embalagem 1 L,Mimosa Bem Essencial,,"1,09 €","(1,09 € / Litro)",
Horta Osório Vinho Branco do Douro garrafa 75 cl,Horta Osório,,"9,95 €","(13,27 € / Litro)",
El Corte Inglés Doce de Mirtilo frasco 410 g,El Corte Inglés,,"2,99 €","(7,29 € / Kg)",
Chão da Quinta Vinho Branco do Dão Malvasia Fina garrafa 75 cl,Chão da Quinta,,"13,50 €",(18 € / Litro),
Costeletas de Porco,,,"6,95 €/kg",,
Ramirez Atum Selvagem Rico em Omega 3 embalagem 120 g,Ramirez,,"2,45 €","(20,42 € / Kg)",
Opo74 Cerveja Mini Lager garrafa 25 cl,Opo74,,"2,49 €","(9,96 € / Litro)",
Ulric de Varens for Men Água de Colónia Masculina embalagem 60 ml,Ulric de Varens for Men,,"7,59 €","(126,50 € / Litro)",
Château de Montifaud Cognac V.S. garrafa 70 cl,Château de Montifaud,,"42,75 €","(61,07 € / Litro)",
Trident Fresh Pastilhas de Hortelã sem Açúcar embalagem 82 g,Trident Fresh,,"2,99 €","(36,20 € / Kg)",
Desidrata Cebola Desidratada sem Glúten Biológica embalagem 70 g,Desidrata,,"2,99 €","(42,71 € / Kg)",
O Gelado Gelado á Base de Vegetal Chocolate com Nougat e Amêndoa copo 460 ml,O Gelado,,"7,85 €","(17,07 € / Litro)",
Pedra Antiga Vinho Verde Alvarinho garrafa 75 cl,Pedra Antiga,,"7,99 €","(10,65 € / Litro)",
Branca de Neve Preparado para Bolo de Laranja embalagem 450 g,Branca de Neve,,"3,19 €","(7,09 € / Kg)",
Frutidry Miolo de Amêndoa Torrada com Pele embalagem 200 g,Frutidry,,"3,99 €","(19,95 € / Kg)",
Garden Gourmet Hambúrguer Vegetal 2 Unidades Garden Gourmet embalagem 150 g,Garden Gourmet,,"3,99 €","(26,60 € / Kg)",
Nivea Micellair Toalhitas Desmaquilhantes Água de Rosas embalagem 25 unidades,Nivea Micellair,,"4,94 €","(0,20 € / Unidade)",
Tinto Gin garrafa 70 cl,Tinto,,"30,95 €","(44,21 € / Litro)",
Vista Alegre Vinho do Porto 10 Anos Medium Dry White garrafa 50 cl,Vista Alegre,,"16,99 €","(33,98 € / Litro)",
Valor Puro Chocolate com Amêndoas sem Açúcar embalagem 150 g,Valor Puro,,"3,35 €","(22,33 € / Kg)",
Camomila Intea Loção Capilar Louro Natural embalagem 100 ml,Camomila Intea,,"10,89 €","(108,90 € / Litro)",
Flor das Hortas Piri Piri Extra Forte garrafa 50 ml,Flor das Hortas,,"1,55 €","(3,10 € / 10 ml.)",
Dove Loção Corporal Secrets Shea embalagem 400 g,Dove,,"4,85 €","(12,12 € / Kg)",
Pastoret Iogurte Grego embalagem 500 g,Pastoret,,"2,69 €","(5,38 € / Kg)",
Eru Queijo Creme Queru Light embalagem 100 g,Eru,,"1,75 €","(17,50 € / Kg)",
Nivea Men Active Clean Champô Limpa em Profundidade & Fortalece embalagem 250 ml,Nivea Men Active Clean,,"4,39 €","(17,56 € / Litro)",
Quinta do Convento Vinho Branco do Douro DOC garrafa 75 cl,Quinta do Convento,,"9,95 €","(13,27 € / Litro)",
Ach Brito Coffret Sabonete embalagem 270 g,Ach Brito,,"11,99 €","(44,41 € / Kg)",
Cru Monplaisir Vinho Tinto de França Bordeaux Superior garrafa 75 cl,Cru Monplaisir,,"12,25 €","(16,33 € / Litro)",
Oral-B Precision Clean Escova de Dentes a Pilhas Recarga embalagem 2 unidades,Oral-B Precision Clean,,"14,99 €","(7,50 € / Unidade)",
Malagueta Vermelha embalagem 200 g,,,"2,99 €","(14,95 € / Kg)",
Villa Maria Vinho Branco da Nova Zelândia Sauvignon garrafa 75 cl,Villa Maria,,"11,49 €","(15,32 € / Litro)",
Quinta da Foz Vinho Tinto do Dão garrafa 00075 cl,Quinta da Foz,,"19,49 €","(25,99 € / Litro)",
Heno de Pravia Sabonete Pack 2 + 1 Grátis embalagem 115 g,Heno de Pravia,,"3,99 €","(17,35 € / Kg)",
Santo António Rebuçados de Gengibre embalagem 160 g,Santo António,,"2,45 €","(17,50 € / Kg)",
Studio Mineral FX Gel Ultra Fixante embalagem 150 ml,Studio Mineral FX,,"5,99 €","(39,93 € / Litro)",
1724 Água Tónica Pack 6 lata 20 cl,1724,,"7,96 €","(6,63 € / Litro)",
Larnaudie Foie Gras de Ganso Inteiro Jurançon unidade 120 g,Larnaudie,,"20,89 €","(174,08 € / Kg)",
Tiger Fondue de Queijo embalagem 400 g,Tiger,,"6,59 €","(16,48 € / Kg)",
Cantinho das Aromáticas Condimento de Cebolinho Biológico embalagem 20 g,Cantinho das Aromáticas,,"3,15 €","(157,50 € / Kg)",
Carefree Protege-Slips Flexiform embalagem 30 unidades,Carefree,,"2,49 €","(0,08 € / Unidade)",
Catarina Vinho Branco de Terras do Sado 2020 garrafa 75 cl,Catarina,,"5,19 €","(6,92 € / Litro)",
Axe Signature Cera Signature embalagem 75 ml,Axe Signature,,"3,59 €","(47,87 € / Litro)",
Dom Diogo Vinho Rosé Verde Padeiro garrafa 75 cl,Dom Diogo,,"5,49 €","(7,32 € / Litro)",
Corralejo Tequila Añejo garrafa 70 cl,Corralejo,,"52,50 €",(75 € / Litro),
So' Bio Gel Puro Aloe Vera Biológico embalagem 125 ml,So' Bio,,"18,49 €","(147,92 € / Litro)",
Deutz Champanhe Bruto Clássico garrafa 75 cl,Deutz,,"49,50 €",(66 € / Litro),
Lindor Fraldas para Adultos com Incontinência Tamanho Médio embalagem 14 unidades,Lindor,,"18,55 €","(0,93 € / Unidade)","18,55 €"
Paiva Queijo Fresco Natural Pack 2 embalagem 125 g,Paiva,,"1,59 €","(12,72 € / Kg)",
Cheetos Aperitivo Favoritos Mix embalagem 115 g,Cheetos,,"1,59 €","(13,83 € / Kg)",
El Almendro Torrões Sortido Selecção embalagem 370 g,El Almendro,,"11,35 €","(30,68 € / Kg)",
Bomipatec Biscoito Bono Doce de Leite embalagem 126 g,Bomipatec,,"1,55 €","(12,30 € / Kg)",
Fil Choice Mistura para Tempura com Tamarindo embalagem 40 g,Fil Choice,,"1,20 €",(30 € / Kg),
Puerto de Indias Gin Premium Strawberry + Copo garrafa 70 cl,Puerto de Indias,,"19,99 €","(28,56 € / Litro)",
Fiel Mini Ervilha Torta cuvete 250 g,Fiel,,"4,99 €","(19,96 € / Kg)",
Midi Farci Bolo Farcikao Recheado com Cacau 10 Unidades embalagem 280 g,Midi Farci,,"2,49 €","(8,89 € / Kg)",
El Corte Inglés Esfregão Verde com Esponja para Cozinhas embalagem 3 unidades,El Corte Inglés,,"0,95 €","(0,32 € / Unidade)",
Pantene Máscara Capilar Força com Água de Rosas embalagem 160 ml,Pantene,,"6,59 €","(41,19 € / Litro)",
Confeitaria Alvorada Pão de Ló de Chocolate unidade 600 g,Confeitaria Alvorada,,"7,49 €","(10,32 € / Kg)","7,49 €"
Iggy's Pão Pita Integral embalagem 375 g,Iggy's,,"2,29 €","(6,11 € / Kg)",
Nacional Esparguete Alentejano 100% Trigo Eco embalagem 500 g,Nacional,,"1,35 €","(2,70 € / Kg)",
Moreninha do Rio Doce de Amendoim Retangular Diet embalagem 480 g,Moreninha do Rio,,"6,95 €","(14,48 € / Kg)",
Miss Organic Infusão Calma Sistema Nervoso Biológica embalagem 10 unidades,Miss Organic,,"1,99 €","(0,20 € / Unidade)",
Alavão Queijo de Vaca e Cabra Curado embalagem 470 g,Alavão,,"6,49 €","(13,81 € / Kg)",
Miolo Pão de Avelã e Trigo Sarraceno Biológico unidade 420 g,Miolo,,"3,35 €","(7,98 € / Kg)",
Philadelphia Queijo Fresco para Barrar embalagem 270 g,Philadelphia,,"2,99 €","(11,07 € / Kg)",
Castello Água com Gás com Sabor a Limão Pack 4 garrafa 25 cl,Castello,,"2,39 €","(2,39 € / Litro)",
Dettol Sabonete Líquido para as Mãos Anti-Bacteriano com Aloe Vera Recarga embalagem 250 ml,Dettol,,"3,19 €","(12,76 € / Litro)",
Delser Crackers sem Sal Pack 20 embalagem 500 g,Delser,,"2,49 €","(4,98 € / Kg)",
"Letra Cerveja Artesanal Minhota ""A"" Weiss garrafa 33 cl",Letra,,"2,19 €","(6,64 € / Litro)",
El Corte Inglés Baguetes de 4 Queijos 2 Unidades embalagem 250 g,El Corte Inglés,,"2,49 €","(9,96 € / Kg)",
Mester D'Aviz Painho de Porco Ibérico unidade 300 g,Mester D'Aviz,,"7,49 €","(24,97 € / Kg)",
Noglut Santiveri Bolachas com Pepitas de Chocolate sem Glúten embalagem 150 g,Noglut Santiveri,,"2,75 €","(18,33 € / Kg)",
Condi Gelatina Light de Melancia embalagem 30 g,Condi,,"1,85 €","(61,67 € / Kg)",
Ambi Pur Ambientador Casa de Banho Flores Elegantes embalagem 2 unidades,Ambi Pur,,"7,99 €",(2 € / Unidade),"7,99 €"
+Cru Granola Crua Spicy Cacau e Pimenta Biológica embalagem 300 g,+Cru,,"7,15 €","(23,83 € / Kg)",
Kinder Joy Ovo de Chocolate com Surpresa Pack 3 embalagem 20 g,Kinder Joy,,"3,89 €","(194,50 € / Kg)",
Nestlé Cerelac Papa Infantil Farinha Láctea + 6 meses embalagem 900 g,Nestlé Cerelac,,"6,69 €","(5,54 € / Kg)","6,69 €"
Innerme Bebida Isotonic Energy Drink Fruta Bio embalagem 520 g,Innerme,,"19,95 €","(38,37 € / Kg)",
Paladin Creme de Vinagre Balsâmico Modena garrafa 250 ml,Paladin,,"2,09 €","(8,36 € / Litro)",
Frufresh Tomate Cherry Mix embalagem 450 g,Frufresh,,"3,69 €","(8,20 € / Kg)",
Ambi Pur 3 Volution Ambientador Eléctrico Ar Fresco embalagem 1 unidade,Ambi Pur 3 Volution,,"9,99 €","(9,99 € / Unidade)",
Limiano Queijo Flamengo Light -50% Gordura em Fatias Pack 2 embalagem 400 g,Limiano,,"4,19 €","(10,48 € / Kg)",
Kandoo Aquas Toalhitas Infantis embalagem 15 unidades,Kandoo Aquas,,"1,99 €","(0,13 € / Unidade)",
Gullón Bolachas de Aveia Vitalday com Pepitas de Chocolate embalagem 240 g,Gullón,,"2,55 €","(10,62 € / Kg)",
Gardiners Caramelos Fundge Marina lata 200 g,Gardiners,,"11,95 €","(59,75 € / Kg)",
Vigor Kefir Natural Pack 4 embalagem 200 ml,Vigor,,"3,14 €","(2,94 € / Litro)","3,14 €"
Lactimonte Queijo Fresco de Vaca Meio Gordo Pasteurizado Pack 2 embalagem 140 g,Lactimonte,,"1,29 €","(9,21 € / Kg)",
"Cem Porcento Bolachas Marinheiras com Quinoa  sem Açúcares Adicionados, Vegan Biológicas embalagem 200 g",Cem Porcento,,"2,99 €","(14,95 € / Kg)",
Magabel Tisana Pau D'Arco embalagem 10 unidades,Magabel,,"1,10 €","(0,11 € / Unidade)",
DS Lasanha de Carne sem Glúten embalagem 300 g,DS,,"4,95 €","(16,50 € / Kg)",
Gotas de Oro Água de Colónia Masculina Gotas de Oro Sport embalagem 750 ml,Gotas de Oro,,"5,99 €","(7,99 € / Litro)",
El Corte Inglés Detergente Liquido para a Máquina de Roupa Branca e Cor embalagem 61 doses,El Corte Inglés,,"7,49 €","(18,72 € / Litro)",
Silvex Sacos do Lixo para Wc 5 L 30 unidades,Silvex,,"1,65 €","(1,65 € / Unidade)",
El Corte Inglés Selection Mexilhões em Escabeche Picante 8/12 Unidades lata 69 g,El Corte Inglés Selection,,"3,45 €",(50 € / Kg),
SIMON COLL Calendário Advento Infantil embalagem 00120 g,SIMON COLL,,"9,99 €","(83,25 € / Kg)",
Mini Pastéis de Bacalhau caixa 8 unidades,,,"5,60 €",,
El Corte Inglés Radiatori embalagem 500 g,El Corte Inglés,,"1,39 €","(2,78 € / Kg)",
El Corte Inglés Torrão Duro sem Glúten embalagem 250 g,El Corte Inglés,,"3,15 €","(12,60 € / Kg)",
Paulo Coutinho Vinho Tinto do Douro garrafa 75 cl,Paulo Coutinho,,"39,50 €","(52,67 € / Litro)",
De Marchi Polpa de Abacaxi embalagem 100 g,De Marchi,,"1,19 €","(11,90 € / Kg)",
Lombinho de Porco Recheado com Queijo e Espinafre peso aproxmado ao peso 1 kg,,,"11,95 €/kg",,
Lingueirão embalagem 1 kg,,,"9,99 €","(9,99 € / Unidade)",
Nestlé Fitness Cereais de Aveia Integral de Chocolate Preto embalagem 375 g,Nestlé Fitness,,"3,99 €","(10,64 € / Kg)",
Bio Sabor Gaspacho Fresh Vegan sem Glúten Biológico embalagem 1 L,Bio Sabor,,"3,39 €","(3,39 € / Litro)",
Vidigueira Vinho Tinto do Alentejo Syrah 2015 garrafa 75 cl,Vidigueira,,"6,99 €","(9,32 € / Litro)",
Chocapalha Vinho Tinto de Lisboa Vinha Mãe garrafa 75 cl,Chocapalha,,"24,25 €","(32,33 € / Litro)",
Sidul Açúcar Amarelo Areado embalagem 1 kg,Sidul,,"1,79 €","(1,79 € / Kg)",
Colgate Total Pasta de Dentes embalagem 75 ml,Colgate Total,,"4,99 €","(66,53 € / Litro)",
El Corte Inglés Paté com Pimenta sem Glúten frasco 160 g,El Corte Inglés,,"1,09 €","(6,81 € / Kg)",
Ceres 100% Sumo de Maçã sem Açúcar embalagem 1 L,Ceres,,"2,55 €","(2,55 € / Litro)",
Valle Pradinhos Vinho Tinto de Trás-os-Montes Reserva garrafa 75 cl,Valle Pradinhos,,"14,99 €","(19,99 € / Litro)",
Denim Original Colónia Masculina embalagem 100 ml,Denim Original,,"9,99 €","(99,90 € / Litro)",
Iglo Donna Pizza Gran Pepperoni embalagem 524 g,Iglo,,"7,89 €","(15,06 € / Kg)",
Porta da Ravessa Vinho Tinto do Alentejo Reserva garrafa 75 cl,Porta da Ravessa,,"5,99 €","(7,99 € / Litro)",
Casa Ermelinda Freitas Vinho Tinto de Terras do Sado Touriga Nacional garrafa 75 cl,Casa Ermelinda Freitas,,"9,99 €","(13,32 € / Litro)",
Izidoro Salsicharia Clássica Salsichas 100% de Peru 4 Unidades frasco 235 g,Izidoro Salsicharia Clássica,,"3,89 €","(16,55 € / Kg)",
Cantares de Portugal Licor de Chocolate com Ginja garrafa 70 cl,Cantares de Portugal,,"16,95 €","(24,21 € / Litro)",
Discos Ativos Lime Duo embalagem 36 ml,,,"6,79 €","(188,61 € / Litro)",
Halls Energy Rebuçados de Cola sem Açúcar embalagem 32 g,Halls Energy,,"1,09 €","(34,06 € / Kg)",
El Gran Cardenal Queijo de Ovelha com Leite Cru 1/2 kg,El Gran Cardenal,,"23,99 €/kg",,
Veckia Gel de Banho Albaricoque com glicerina embalagem 750 ml,Veckia,,"1,42 €","(0,19 € / 10 ml.)",
El Corte Inglés Selection Torrão de Jijona embalagem 400 g,El Corte Inglés Selection,,"5,79 €","(19,30 € / Kg)",
Glade Ambientador Eléctrico Baunilha Pack 2 Recarga embalagem 20 ml,Glade,,"11,99 €","(599,50 € / Litro)",
Búfalo Cera Líquida Encarnada Pavimentos de Tijoleira e Mosaicos 500 ml,Búfalo,,"6,59 €","(13,18 € / Litro)",
Smint Rebuçados de Limão sem Açúcar embalagem 35 g,Smint,,"2,19 €","(62,57 € / Kg)",
Compal Chocolate de Leite Crispy embalagem 127 g,Compal,,"2,59 €","(20,72 € / Kg)",
Croc Odor Anti-Odores XL para Frigorífico embalagem 1 unidade,Croc Odor,,"4,65 €","(4,65 € / Unidade)",
Nestlé L'Atelier Chocolate Preto 80% embalagem 100 g,Nestlé L'Atelier,,"2,65 €","(26,50 € / Kg)",
Nestlé Tablete de Chocolate Preto embalagem 90 g,Nestlé,,"1,65 €","(18,33 € / Kg)",
5 Jotas Presunto da Pá Ibérico de Bolota de Jabugo Peso Aproximado por peça 5 kg,5 Jotas,,"53,99 €/kg",,
The Berry Company Sumo de Frutos Vermelhos sem Açúcar embalagem 1 L,The Berry Company,,"2,99 €","(2,99 € / Litro)",
El Almendro Torrão de Chocolate com Amêndoas embalagem 250 g,El Almendro,,"5,99 €","(23,96 € / Kg)",
Filippo Berio Molho Pesto com Tomate Seco ao Sol frasco 190 g,Filippo Berio,,"3,90 €","(20,53 € / Kg)",
Ferreira Vinho do Porto Reserva Dona Antónia garrafa 75 cl,Ferreira,,"11,99 €","(15,99 € / Litro)",
Progelcone Tulipas de Baunilha com Chocolate para Gelado Pack 6 embalagem 148 g,Progelcone,,"3,49 €","(23,58 € / Kg)",
Casa Ermelinda Freitas Vinho Tinto de Terras do Sado Syrah garrafa 75 cl,Casa Ermelinda Freitas,,"9,99 €","(13,32 € / Litro)",
"Nestlé Pacotinho de Maçã, Cenoura e Manga + 6 Meses sem Glúten embalagem 90 g",Nestlé,,"1,05 €","(11,67 € / Kg)",
Herdade do Esporão Azeite Virgem Extra Galega garrafa 500 ml,Herdade do Esporão,,"8,79 €","(17,58 € / Litro)",
Oh K! Kombucha de Gengibre e Limão Biológica garrafa 200 ml,Oh K!,,"2,45 €","(12,25 € / Litro)",
Dr.Organic Gel de Banho Melaleuca Biológico embalagem 250 ml,Dr.Organic,,"7,34 €","(29,36 € / Litro)",
Nestlé Maggi Sopa de Cebola 4 Pratos embalagem 60 g,Nestlé Maggi,,"1,49 €","(24,83 € / Kg)",
Iglo Milho Extra Doce embalagem 750 g,Iglo,,"3,49 €","(4,65 € / Kg)",
Ati Manel Lingueirão ao Natural lata 110 g,Ati Manel,,"7,80 €","(70,91 € / Kg)",
Henri Leblanc Espumante Bruto de França Rosé garrafa 75 cl,Henri Leblanc,,"6,99 €","(9,32 € / Litro)",
Margão Caril Madras Forte frasco 45 g,Margão,,"2,69 €","(59,78 € / Kg)",
El Corte Inglés Selection Azeitonas Verdes Recheadas com Pimentos Vermelhos Pack 3X50g embalagem 150 g,El Corte Inglés Selection,,"1,49 €","(9,93 € / Kg)",
Smint Rebuçados de Morango embalagem 35 g,Smint,,"2,19 €","(62,57 € / Kg)",
Artiach Mini Dinosaurus Bolachas de Chocolate embalagem 120 g,Artiach Mini Dinosaurus,,"1,89 €","(15,75 € / Kg)",
After Eight Chocolate com Recheio de Menta embalagem 200 g,After Eight,,"2,36 €","(11,80 € / Kg)",
Maldonado Chouriço Sobrassada 100%Ibérico Bolota unidade 250 g,Maldonado,,"6,99 €","(27,96 € / Kg)",
Bolodoce Dentinhos de Figo embalagem 145 g,Bolodoce,,"5,75 €","(39,66 € / Kg)",
"Samuel Smith's Cervejado Reino Unido  Nut Brown Ale garrafa 35,5 cl",Samuel Smith's,,"2,99 €","(8,42 € / Litro)",
"Schlagfix Natas Vegan sem Açúcar, sem Lactose, sem Glúten embalagem 200 ml",Schlagfix,,"1,29 €","(6,45 € / Litro)",
Salmonete Peso Aproximado por unidade 250 g,,,"29,99 €/kg",,
Origens Granola com Chocolate Biológica embalagem 300 g,Origens,,"4,99 €","(16,63 € / Kg)",
Valsoia Pizza com Vegetais de Soja Vegan embalagem 330 g,Valsoia,,"5,99 €","(18,15 € / Kg)",
El Corte Inglés Batatas Fritas em Azeite sem Glúten embalagem 170 g,El Corte Inglés,,"1,24 €","(7,29 € / Kg)",
La Rose Sardinhas em Tomate Picante lata 120 g,La Rose,,"2,39 €","(19,92 € / Kg)",
Ausonia Cotton Protection Pensos Higiénicos com Abas 100% Orgânico Normal embalagem 12 unidades,Ausonia Cotton Protection,,"2,99 €","(0,15 € / Unidade)",
Delta Q Belissimo Café Torrado Descafeinado para Delta Q Intensidade 7 embalagem 10 cápsulas,Delta Q Belissimo,,"3,59 €","(0,36 € / Unidade)",
"Adega Cooperativa Ponte de Lima Vinho Tinto Verde garrafa 37,5 cl",Adega Cooperativa Ponte de Lima,,"1,75 €","(4,67 € / Litro)",
Mapa Vinho Tinto do Douro Reserva garrafa 75 cl,Mapa,,"19,45 €","(25,93 € / Litro)",
Prima Vinho Tinto de Espanha Toro garrafa 75 cl,Prima,,"11,59 €","(15,45 € / Litro)",
Dodot Activity Fraldas 12 a 17 Kg Tamanho 5 Extra Suave embalagem 40 unidades,Dodot Activity,,"24,99 €","(0,31 € / Unidade)","24,99 €"
Domestos Power Fresh Gel Casa de Banho Lime 700 ml,Domestos Power Fresh,,"2,49 €","(3,56 € / Litro)",
Nutrisse Creme Coloração Nº 3.0 Castanho Escuro embalagem 140 ml,Nutrisse Creme,,"9,49 €","(67,79 € / Litro)",
Dettol Sabonete Líquido para as Mãos Frutos do Bosque embalagem 250 ml,Dettol,,"3,99 €","(15,96 € / Litro)",
Iglo Ervilhas embalagem 700 g,Iglo,,"2,99 €","(4,27 € / Kg)",
Nau do Cacau Chocolate Cru Uvas e Passas embalagem 70 g,Nau do Cacau,,"4,35 €","(62,14 € / Kg)",
Sagres Bohemia Cerveja Pack 6 garrafa 33 cl,Sagres Bohemia,,"4,99 €","(2,52 € / Litro)",
Ines Rosales Tortas com Canela sem Açúcar embalagem 180 g,Ines Rosales,,"2,65 €","(14,72 € / Kg)",
Nestlé Lion Chocolate de Amendoim embalagem 41 g,Nestlé Lion,,"0,99 €","(24,15 € / Kg)",
Capdevila Mousse Foie Gras de Pato Trufa Branca unidade 40 g,Capdevila,,"2,85 €","(71,25 € / Kg)",
Vicentino Vinho Tinto do Alentejo Syrah garrafa 75 cl,Vicentino,,"11,95 €","(15,93 € / Litro)",
Belvita Breakfast Bolachas Muesli embalagem 300 g,Belvita Breakfast,,"2,49 €","(8,30 € / Kg)",
Saint Aubert Kids Bolos Discos com Pepitas de Chocolate embalagem 180 g,Saint Aubert Kids,,"2,09 €","(11,61 € / Kg)",
La Trappe Cerveja da Holanda Tripel garrafa 75 cl,La Trappe,,"9,49 €","(12,65 € / Litro)",
Nescafé Dolce Gusto Café Sical Pack 3 embalagem 48 cápsulas,Nescafé Dolce Gusto,,"14,89 €","(0,31 € / Unidade)",
Greens Alho Francês Cortado embalagem 1 kg,Greens,,"2,19 €","(2,19 € / Kg)",
Vinha da Guiça Vinho Tinto do Alentejo Reserva garrafa 75 cl,Vinha da Guiça,,"11,90 €","(15,87 € / Litro)",
Carte D'Or Gelado de Menta com Chocolate embalagem 1 L,Carte D'Or,,"4,49 €","(4,49 € / Litro)",
"Cif Lava Tudo Detergente Lava-Tudo com Vinagre embalagem 1,4 L",Cif Lava Tudo,,"3,99 €","(2,85 € / Litro)",
Santo António Rebuçados de Funcho embalagem 180 g,Santo António,,"2,45 €","(17,50 € / Kg)",
Dalva Vinho Branco do Douro Reserva garrafa 75 cl,Dalva,,"7,99 €","(10,65 € / Litro)",
Matilde Vicenzi Bolos Glassate Millefoglie de Itália embalagem 125 g,Matilde Vicenzi,,"2,79 €","(22,32 € / Kg)",
El Corte Inglés Pimentos de Piquillo Recheados com Carne e Presunto embalagem 230 g,El Corte Inglés,,"2,45 €","(10,65 € / Kg)",
Quinta de Linhares Vinho Verde Avesso Branco garrafa 75 cl,Quinta de Linhares,,"4,79 €","(6,39 € / Litro)",
Porminho Mini Snacks de Salsichão Fino embalagem 100 g,Porminho,,"2,59 €","(25,90 € / Kg)",
Greens Espargos Verdes embalagem 450 g,Greens,,"5,49 €","(12,20 € / Kg)",
Provamel Bebida de Soja com Chocolate Biológica embalagem 250 ml,Provamel,,"1,09 €","(4,36 € / Litro)",
El Corte Inglés Selection Mantecados de Estepa Artesanos embalagem 300 g,El Corte Inglés Selection,,"2,99 €","(9,97 € / Kg)",
Estrella Galicia 1906 Cerveja de Espanha Reserva Especial Pack 6 garrafa 33 cl,Estrella Galicia 1906,,"7,15 €","(3,61 € / Litro)",
Nestlé Nesquik Barras de Cereais de Chocolate com Leite Pack 6 embalagem 150 g,Nestlé Nesquik,,"3,29 €","(21,93 € / Kg)",
Intensus Vinho Tinto do Alentejo garrafa 75 cl,Intensus,,"4,99 €","(6,65 € / Litro)",
Condi Gelatina de Tangerina embalagem 170 g,Condi,,"1,75 €","(10,29 € / Kg)",
Vieira Bolachas de Cacau Ruca embalagem 300 g,Vieira,,"2,55 €","(8,50 € / Kg)",
Renova Black Label Guardanapos Viana embalagem 20 unidades,Renova Black Label,,"2,19 €","(0,11 € / Unidade)",
Walkers Bolachas Shortbread Festive Shapes lata 250 g,Walkers,,"17,95 €","(71,80 € / Kg)",
El Chico Panceta Baixa em Sal embalagem 300 g,El Chico,,"5,95 €","(19,83 € / Kg)",
Avianense Pai Natal de Chocolate embalagem 175 g,Avianense,,"5,95 €",(34 € / Kg),
Knorr Rice Pot Arroz de Caril embalagem 73 g,Knorr Rice Pot,,"1,99 €","(27,26 € / Kg)",
Glade Ambientador Eléctrico Relaxing Zen Recarga embalagem 20 ml,Glade,,"5,99 €","(299,50 € / Litro)",
Maybelline Máscara Curl Bounce embalagem 1 unidade,Maybelline,,"10,99 €","(10,99 € / Unidade)",
El Corte Inglés Xarope de Chocolate embalagem 300 g,El Corte Inglés,,"1,75 €","(5,83 € / Kg)",
Spontex Sensitive Luvas Ultra Fresh Grandes 1 par,Spontex Sensitive,,"2,99 €","(2,99 € / Unidade)",
Twinings Chá Verde embalagem 25 unidades,Twinings,,"3,99 €","(0,16 € / Unidade)",
Clearspring Puré de Pera e Banana Biológico  Pack 2 embalagem 100 g,Clearspring,,"2,19 €","(10,95 € / Kg)",
Margão Alecrim frasco 23 g,Margão,,"1,89 €","(82,17 € / Kg)",
Tenorio Filetes de Atum em Azeite frasco 200 g,Tenorio,,"4,85 €","(24,25 € / Kg)",
Mc Vitie's Bolachas Integrais de Aveia Light Digestive embalagem 400 g,Mc Vitie's,,"2,39 €","(5,98 € / Kg)",
Sagres Cerveja Mini Pack 15 unidades embalagem 25 cl,Sagres,,"13,99 €","(3,73 € / Litro)",
Rodnik's Absinto Black garrafa 70 cl,Rodnik's,,"19,49 €","(27,84 € / Litro)",
"Monte da Ravasqueira Vinho Branco do Alentejo Colheita Tardia garrafa 37,5 cl",Monte da Ravasqueira,,"11,95 €","(31,87 € / Litro)",
Santiveri Bolachas Digestivas com Muesli sem Açúcar embalagem 190 g,Santiveri,,"2,55 €","(13,42 € / Kg)",
Hakubaku Udon Noodles Japoneses Biológicos 270 g,Hakubaku,,"6,19 €","(22,93 € / Kg)",
Jordan Escova de Dentes Ultimate Média embalagem 4 unidades,Jordan,,"3,99 €",(1 € / Unidade),
Cem Porcento Crisps com Queijo e Paprika embalagem 400 g,Cem Porcento,,"1,99 €","(4,98 € / Kg)",
Quinta D' Avó Molho Quitango frasco 90 g,Quinta D' Avó,,"1,55 €","(17,22 € / Kg)",
Vieira Bolachas Maria Leve 4 Pague 3 embalagem 800 g,Vieira,,"2,69 €","(3,36 € / Kg)",
Riberalves Bacalhau à Brás embalagem 240 g,Riberalves,,"4,49 €","(18,71 € / Kg)",
Dalva Vinho Tinto do Douro Grande Reserva garrafa 75 cl,Dalva,,"28,90 €","(38,53 € / Litro)",
Barão Chá de Camomila embalagem 10 g,Barão,,"1,75 €",(175 € / Kg),
"Halls Mini Mints Rebuçados de Citrus sem Açúcar embalagem 12,5 g",Halls Mini Mints,,"1,19 €","(95,20 € / Kg)",
Belfine Figura de Chocolate Rena embalagem 75 g,Belfine,,"6,95 €","(92,67 € / Kg)",
Bifinhos de Frango com Alho Francês embalagem 500 g,,,12 €,(24 € / Kg),
Oral-B Kids Escova de Dentes a Pilhas 3+ Anos Cars embalagem 1 unidade,Oral-B Kids,,"28,99 €","(28,99 € / Unidade)",
Salutem Bulgur Fino Baixo Teor de Sal embalagem 500 g,Salutem,,"1,96 €","(3,92 € / Kg)",
"Nutrégi Snack 0% Iogurte Magro com Pedaços de Pêssego, Manga, Cenoura, Frutos Secos e Milho Pack 2 embalagem 150 g",Nutrégi Snack 0%,,"1,79 €","(0,01 € / Kg)",
El Corte Inglés Caramelo Líquido embalagem 300 g,El Corte Inglés,,"1,19 €","(3,97 € / Kg)",
Intensus Vinho Branco do Alentejo garrafa 75 cl,Intensus,,"4,99 €","(6,65 € / Litro)",
Leberwurst Paté de Vitela unidade 200 g,Leberwurst,,"2,99 €","(14,95 € / Kg)",
Cuticura Pó de Talco Ligeiramente Medicado embalagem 150 ml,Cuticura,,"5,10 €",(34 € / Litro),
Delaviuda Bombons Sortidos Sem Acuçar embalagem 200 g,Delaviuda,,"4,99 €","(19,95 € / Kg)","4,99 €"
Quintal dos Açores Pimenta da Terra Cozida frasco 500 g,Quintal dos Açores,,"3,30 €","(6,60 € / Kg)",
Renova Kids Toalhitas Infantis 12 unidades,Renova Kids,,"1,32 €","(0,11 € / Unidade)",
Celeiro Terra Licor de Café garrafa 0 cl,Celeiro Terra,,"13,49 €","(26,98 € / Litro)",
Três Bagos Vinho Branco do Douro Sauvignon Blanc garrafa 75 cl,Três Bagos,,"9,99 €","(13,32 € / Litro)",
Vizela Bolo Prata de Vizela embalagem 1000 g,Vizela,,"9,95 €","(9,95 € / Kg)",
Carbrica Carvão Vegetal saco 5 kg,Carbrica,,"5,19 €","(1,04 € / Kg)",
Campofrio Pizza & Salsa Pizza de Frango Assado com Mostarda e Mel unidade 355 g,Campofrio Pizza & Salsa,,"2,79 €","(7,86 € / Kg)",
Sugapack Açúcar Mascavado Claro em Saquetas Biológico 50 x 5 embalagem 250 g,Sugapack,,"2,39 €","(9,56 € / Kg)",
Larnaudie Confit de Cebola unidade 100 g,Larnaudie,,"6,09 €","(60,90 € / Kg)",
Diadermine Creme Hidratante Matificante de Dia para Pele Normal a Mista embalagem 50 ml,Diadermine,,"9,99 €","(199,80 € / Litro)",
Don Simon Néctar de Frutos do Bosque embalagem 1 L,Don Simon,,"0,99 €","(0,99 € / Litro)",
Nestlé Lion Mini Snack de Chocolate de Leite embalagem 198 g,Nestlé Lion,,"2,79 €","(14,09 € / Kg)",
Knorr Sopa 100% Tomate Toscana embalagem 58 g,Knorr,,"1,79 €","(30,86 € / Kg)",
Tenorio Filetes de Atum em Azeite com Limão e Piripri lata 120 g,Tenorio,,"2,89 €","(24,08 € / Kg)",
Naturefoods Barra de Sementes de Abóbora Biológica embalagem 40 g,Naturefoods,,"1,25 €","(31,25 € / Kg)",
Mimosa Bem Especial Iogurte Líquido de Morango sem Lactose Pack 4 embalagem 151 ml,Mimosa Bem Especial,,"2,99 €","(14,50 € / Litro)","2,99 €"
Veckia Elixir Dentes e Gengivas Sensíveis embalagem 500 ml,Veckia,,"1,99 €","(0,40 € / 10 ml.)",
Glamour Escova de Cabelo embalagem 1 unidade,Glamour,,"4,90 €","(4,90 € / Unidade)",
Poças Vinho do Porto Ruby garrafa 75 cl,Poças,,"8,29 €","(11,05 € / Litro)",
Now Refrigerante Black Cola com Gás Biológico garrafa 33 cl,Now,,"1,84 €","(5,58 € / Litro)",
Aga Água de Rosas embalagem 250 ml,Aga,,"1,40 €","(5,60 € / Litro)",
Pescanova 4 Filetes de Pescada Panados Forno com Ervas Aromáticas embalagem 400 g,Pescanova,,"4,59 €","(10,72 € / Kg)","4,59 €"
"Trident Fruit Pastilhas de Frutos Silvestres sem Açúcar embalagem 14,5 g",Trident Fruit,,"1,05 €","(0,07 € / Unidade)",
Sabita Molho Madras frasco 200 ml,Sabita,,"3,99 €","(19,95 € / Litro)",
Kandoo Toalhitas Rrefrescantes embalagem 40 unidades,Kandoo,,"4,95 €","(0,04 € / Unidade)",
Galipette Sidra Biológica garrafa 33 cl,Galipette,,"2,75 €","(8,33 € / Litro)",
Panetto Pão Campestre unidade 350 g,Panetto,,"2,39 €","(6,83 € / Kg)",
Nivea Visage Vital Creme Extra Nutritivo de Dia para Pele Madura-Seca embalagem 50 ml,Nivea Visage Vital,,"9,99 €","(199,80 € / Litro)",
Feletti Bombons Sortido Gianduiotti lata 170 g,Feletti,,"12,45 €","(73,24 € / Kg)",
"Quinta do Carmo Vinho do Alentejo Magnum garrafa 1,5 L",Quinta do Carmo,,"35,99 €","(19,93 € / Litro)","35,99 €"
Delta Café Moído Torrado Lote Timor Moagem Universal embalagem 220 g,Delta,,"2,55 €","(11,59 € / Kg)",
Sensodyne Escoava de Dentes  Repair e Protect Suave embalagem 1 unidade,Sensodyne,,"4,29 €","(4,29 € / Unidade)",
Picatostes Croutons com Alho embalagem 75 g,Picatostes,,"1,39 €","(18,53 € / Kg)",
Santiago Queijo Curado Apimentado Guardião 2 x 90 g unidade 180 g,Santiago,,"2,99 €","(16,61 € / Kg)",
Decisão Vinho Tinto Távora Varosa Reserva garrafa 75 cl,Decisão,,"6,15 €","(8,20 € / Litro)",
Santiveri Tortas Biológicas de Arroz sem Sal Integral sem Glúten embalagem 100 g,Santiveri,,"2,09 €","(20,90 € / Kg)",
Mimosa Nata para Bater Cremosa embalagem 1 L,Mimosa,,"4,59 €","(4,59 € / Litro)",
Papa Figos Vinho Branco do Douro garrafa 75 cl,Papa Figos,,"7,49 €","(9,99 € / Litro)",
Comfort Amaciador de Roupa Concentrado Jasmin & Mirtilo embalagem 80 doses,Comfort,,"9,99 €","(0,12 € / Dose)",
Ferbar Marmelada com Stevia embalagem 350 g,Ferbar,,"4,09 €","(11,69 € / Kg)",
Garnier Creme Hidratante Vitamina C embalagem 30 ml,Garnier,,"8,99 €","(299,67 € / Litro)",
Quinta da Bacalhôa Moscatel de Setúbal Roxo garrafa 75 cl,Quinta da Bacalhôa,,"24,99 €","(33,32 € / Litro)",
El Corte Inglés Amêndoas Califórnia Fritas embalagem 250 g,El Corte Inglés,,"5,59 €","(22,36 € / Kg)",
Côte D'Or Bombons de Chocolate Preto Mini Roc embalagem 195 g,Côte D'Or,,"6,99 €","(35,85 € / Kg)",
Diálogo Vinho Tinto do Douro garrafa 75 cl,Diálogo,,"6,75 €",(9 € / Litro),
Quinta Vale de Lobos Azeite Virgem Extra garrafa 500 ml,Quinta Vale de Lobos,,"6,99 €","(13,98 € / Litro)",
"Vero Sorbetto Sorbet Limão Siciliano com Raspas embalagem 1,5 L",Vero Sorbetto,,"9,29 €","(6,19 € / Litro)",
Tenorio Filetes de Atum em Azeite Virgem Extra com Alcaparras lata 120 g,Tenorio,,"2,89 €","(24,08 € / Kg)",
"Beyra Vinho Tinto da Beira Interior Grande Reserva Magnum garrafa 1,5 L",Beyra,,"54,90 €","(36,60 € / Litro)",
Azeitona Verde Descaroçada,,,"10,99 €/kg",,
Zebro Vinho Branco do Alentejo Arinto garrafa 75 cl,Zebro,,"8,75 €","(11,67 € / Litro)",
Magnum Gelado com Amêndoas embalagem 440 ml,Magnum,,"5,99 €","(13,61 € / Litro)",
Tyrrell's Batatas Fritas sem Sal embalagem 150 g,Tyrrell's,,"2,64 €","(17,60 € / Kg)",
Cantinho das Aromáticas Condimento de Mistura para Carne Biológico embalagem 20 g,Cantinho das Aromáticas,,"3,70 €",(185 € / Kg),
Margem Renovador de Móveis 300 ml,Margem,,"5,15 €","(17,17 € / Litro)",
La Toja Sabonete com Sais Minerais Hidrotermal Pack 2 embalagem 125 g,La Toja,,"4,45 €","(1,78 € / 100 gr.)",
Minh Duong Noodles de Batata Vermicelli embalagem 180 g,Minh Duong,,"2,45 €","(13,61 € / Kg)",
El Corte Inglés Snack de Chouriço sem Glúten embalagem 50 g,El Corte Inglés,,"1,55 €",(31 € / Kg),
Corpos Danone Queijo Fresco Light Cottage embalagem 180 g,Corpos Danone,,"1,99 €","(11,06 € / Kg)",
Tetley Chá Verde embalagem 20 unidades,Tetley,,"1,89 €","(0,09 € / Unidade)",
Ramirez Atum em Óleo com Piri-Piri lata 125 g,Ramirez,,"1,69 €","(14,08 € / Kg)",
De Marchi Polpa de Tangerina embalagem 100 g,De Marchi,,"1,19 €","(11,90 € / Kg)",
Vileda Pano Esponja embalagem 5 unidades,Vileda,,"4,29 €","(0,09 € / Unidade)",
Beirabaga Doce de Tomate frasco 270 g,Beirabaga,,"3,49 €","(12,93 € / Kg)",
Acorelle Protector Solar para Rosto FP 50 embalagem 50 ml,Acorelle,,"18,95 €",(379 € / Litro),
Kellogg's Extra Granola Original embalagem 375 g,Kellogg's Extra,,"4,39 €","(11,71 € / Kg)",
Cem Porcento Infusão de Menta Biológica embalagem 13 g,Cem Porcento,,"0,99 €","(76,15 € / Kg)",
Iswari Açúcar de Coco Biológico embalagem 250 g,Iswari,,"3,99 €","(15,96 € / Kg)",
Alara Muesli Delight sem Glúten Biológico embalagem 250 g,Alara,,"9,59 €","(38,36 € / Kg)",
Coca-Cola Refrigerante com Gás Sabor Original Vidro Pack 4 garrafa 20 cl,Coca-Cola,,"2,92 €","(14,60 € / Litro)",
Bioterra Pistachio Descascado Cru Bio embalagem 100 g,Bioterra,,"6,49 €","(64,90 € / Kg)",
Mingorra Vinho Branco do Alentejo garrafa 75 cl,Mingorra,,"6,25 €","(8,33 € / Litro)",
Colgate 360º Clean Escova de Dentes Suave embalagem 1 unidade,Colgate 360º Clean,,"4,39 €","(2,85 € / Unidade)","4,39 €"
Santiago Queijo Fresco Pasteurizado Pequeno 100% Natural embalagem 80 g,Santiago,,"0,55 €","(6,88 € / Kg)",
Kellogg's Krave Cereais Snax de Chocolate e Avelã embalagem 120 g,Kellogg's Krave,,"2,49 €","(20,75 € / Kg)",
D'Angelo Ravioli com Queijo Vegan Biológico embalagem 250 g,D'Angelo,,"4,59 €","(18,36 € / Kg)",
Curado Tequila Epandín garrafa 70 cl,Curado,,"53,90 €",(77 € / Litro),
Andechser Natur Iogurte Suave de Mirtilho e Cassis Biológico frasco 500 g,Andechser Natur,,"3,79 €","(7,58 € / Kg)",
Santini Gelado de Morango embalagem 500 ml,Santini,,"14,95 €","(29,90 € / Litro)",
Haagen-Dazs Gelado de Manteiga de Amendoim embalagem 460 ml,Haagen-Dazs,,"6,79 €","(14,76 € / Litro)",
Campofrio Pizza & Salsa Pizza Barbacoa embalagem 410 g,Campofrio Pizza & Salsa,,"2,79 €","(6,80 € / Kg)",
Tomate Cherry Redondo embalagem 200 g,,,"0,99 €","(4,95 € / Kg)",
El Corte Inglés Salsa embalagem 25 g,El Corte Inglés,,"2,49 €","(99,60 € / Kg)",
Secos da Aldeia Figo Branco Seco com Farinha embalagem 500 g,Secos da Aldeia,,"3,69 €","(7,38 € / Kg)",
Chimay Cerveja da Bélgica Dorée garrafa 33 cl,Chimay,,"4,89 €","(14,82 € / Litro)",
1800 Tequila Reserva Reposado garrafa 70 cl,1800,,"33,99 €","(48,56 € / Litro)",
Pescanova 4 Filetes de Pescada Panados com Limão embalagem 400 g,Pescanova,,"4,59 €","(10,72 € / Kg)","4,59 €"
Schwarzkopf Root Retoucher Spray Retoca Raízes Preto embalagem 120 ml,Schwarzkopf Root Retoucher,,"12,39 €","(103,25 € / Litro)",
Garnier Bio Creme de Dia em Gel Reparador Biológico embalagem 50 ml,Garnier Bio,,"10,99 €","(219,80 € / Litro)",
Olá Gelado Pé sabor Morango Pack 6 unidades embalagem 79 ml,Olá,,"4,99 €","(10,53 € / Litro)",
Casal da Eira Vinho Branco de Mesa embalagem 25 cl,Casal da Eira,,"0,69 €","(2,76 € / Litro)",
Cutty Sark Whisky 12 Anos garrafa 70 cl,Cutty Sark,,"29,99 €","(42,84 € / Litro)",
Haagen-Dazs Gelado de Natas e Morango embalagem 95 ml,Haagen-Dazs,,"2,45 €","(25,79 € / Litro)",
Secos da Aldeia Miolo de Avelã embalagem 180 g,Secos da Aldeia,,"3,65 €","(20,28 € / Kg)",
Alpro Sobremesa de Soja com Chocolate Preto Pack 4 embalagem 125 g,Alpro,,"2,89 €","(5,78 € / Kg)",
Babaria Desodorizante Hidratante Coco e Baunilha Roll-On embalagem 70 ml,Babaria,,"1,69 €","(24,14 € / Litro)",
Albino Armani Espumante Prosecco garrafa 75 cl,Albino Armani,,"10,25 €","(13,67 € / Litro)",
Caxamar Lombos de Bacalhau Gourmet embalagem 2 kg,Caxamar,,"64,90 €","(32,45 € / Kg)",
Espetadas Mistas Peso Aproximado 800 g,,,"11,95 €/kg",,
Nestlé Bombons Sortido de Chocolate Preto Dark Sublime 70% Cacau embalagem 288 g,Nestlé,,"9,89 €","(34,34 € / Kg)",
Margão Paprika embalagem 50 g,Margão,,"1,49 €","(29,80 € / Kg)",
Nescafé Clássico Café Solúvel Creme frasco 100 g,Nescafé Clássico,,"3,99 €","(39,90 € / Kg)",
Foral dos Quatro Ventos Vinho Tinto do Douro Superior garrafa 75 cl,Foral dos Quatro Ventos,,"6,49 €","(8,65 € / Litro)",
Milka Chocolate Recheado de Framboesa e Cheescake MMMax embalagem 300 g,Milka,,"3,99 €","(13,30 € / Kg)",
Ezequiel Licor de Maracujá garrafa 70 cl,Ezequiel,,"13,49 €","(19,27 € / Litro)",
"Iglo Green Cuisine Veggie Bowls com Quinoa, Abóbora e Ervilhas Vegan embalagem 350 g",Iglo Green Cuisine,,"3,99 €","(9,11 € / Kg)","3,99 €"
Knorr Caldo de Legumes 8 Cubos embalagem 80 g,Knorr,,"2,15 €","(26,88 € / Kg)",
Parodontax Pasta de Dentes Cuidado Diário Cuidado Extra Fresco embalagem 75 ml,Parodontax,,"5,59 €","(74,53 € / Litro)",
Dove Loção Corporal Secrets Lotus embalagem 400 ml,Dove,,"4,85 €","(12,12 € / Litro)",
Presunto 100% Ibérico Bolota Fatiado Mão (2 x 50 g) unidade 100 g,,,"29,95 €","(299,50 € / Kg)",
Koala Cobertura de Morango embalagem 227 g,Koala,,"1,75 €","(7,71 € / Kg)",
Tresemmé Dry Champô Seco Fresh&Clean embalagem 250 ml,Tresemmé Dry,,"5,39 €","(21,56 € / Litro)",
Dodot Fraldas Bebé Seco Tamanho 3 embalagem 84,Dodot,,"19,49 €","(0,23 € / Unidade)",
Magabel Tisana Perpétua Roxa embalagem 50 g,Magabel,,"2,59 €","(51,80 € / Kg)",
Delaviuda Torrão de Chocolate Preto 70% embalagem 200 g,Delaviuda,,"3,60 €",(18 € / Kg),
Mar Azul Anchova Cantábrico unidade 160 g,Mar Azul,,"5,49 €","(34,31 € / Kg)",
Simply Sumo Fruit de Morango garrafa 33 cl,Simply,,"1,29 €","(3,91 € / Litro)",
Lactimonte Queijo Fresco Magro Pequeno Pack 2 embalagem 140 g,Lactimonte,,"1,38 €","(9,86 € / Kg)",
Vieira Digestive Bolachas Thins de Frutos Silvestres Pack 6 embalagem 174 g,Vieira Digestive,,"2,49 €","(14,31 € / Kg)",
Búfalo Creme para Calçado Autobrilhante Azul embalagem 1 unidade,Búfalo,,"3,45 €","(3,45 € / Unidade)",
Ponti Molho 4 Queijos frasco 280 g,Ponti,,"4,99 €","(17,82 € / Kg)",
Lipton Infusão de Menta e Lima Cold embalagem 34 g,Lipton,,"3,29 €","(96,76 € / Kg)",
Couscous Granel Biológico,,,"4,49 €/kg",,
Kopparberg Sidra Mix Fruta lata 50 cl,Kopparberg,,"2,59 €","(5,18 € / Litro)",
La Carloteña Frango Recheado com Paté de Pato e Pêssego Confitado unidade 300 g,La Carloteña,,"6,49 €","(21,63 € / Kg)",
Ach Brito Sabonete Musgo embalagem 160 g,Ach Brito,,"1,99 €","(12,44 € / Kg)",
Jordan Green Clean Pasta de Dentes Infantil 0-5 Anos embalagem 50 ml,Jordan Green Clean,,"2,99 €","(59,80 € / Litro)",
Gullón Bolachas Integrais Crocantes Vitalday com Pepitas de Fruta embalagem 300 g,Gullón,,"2,35 €","(7,83 € / Kg)",
Vileda Microfibre Panos Multiusos Cores embalagem 4 unidades,Vileda Microfibre,,"4,49 €","(1,12 € / Unidade)",
Mimosa Iogurte Grego Stracciatella Pack 4 unidades embalagem 110 g,Mimosa,,"2,89 €","(4,98 € / Kg)","2,89 €"
Costeleta Coxa de Peru embalagem 400 g,,,"3,98 €","(8,95 € / Kg)","3,98 €"
Mimosa Bem Especial Leite Infantil Meio Gordo sem Lactose Pack 4 embalagem 200 ml,Mimosa Bem Especial,,"2,19 €","(2,74 € / Litro)",
Grand Fermage Manteiga Biológica embalagem 250 g,Grand Fermage,,"5,45 €","(21,80 € / Kg)",
Kerel Cerveja Kaishaku garrafa 33 cl,Kerel,,"4,19 €","(12,70 € / Litro)",
Bio Puro Detergente Spray para Vidros e Multiusos Biológico embalagem 500 ml,Bio Puro,,"5,65 €","(11,30 € / Litro)",
Cozer de Vitela Mirandesa DOP Peso Aproximado 300 g,,,"10,95 €/kg",,
Mar Ibérica Miolo de Camarão 10-20 Unidades embalagem 300 g,Mar Ibérica,,"9,58 €","(31,93 € / Kg)",
El Corte Inglés 6 Cones com Sabor a Nata e Morango embalagem 720 ml,El Corte Inglés,,"1,99 €","(2,76 € / Litro)",
Pur Natur Iogurte Magro Artesanal Biológico embalagem 750 g,Pur Natur,,"3,99 €","(5,32 € / Kg)",
Seeberger Castanha de Caju Torrado sem Sal embalagem 150 g,Seeberger,,"5,29 €","(35,27 € / Kg)",
Sério de Síria Vinho Branco da Beira Interior DOC garrafa 75 cl,Sério de Síria,,"15,95 €","(21,27 € / Litro)",
Delaviuda Bolos de Gema embalagem 300 g,Delaviuda,,"5,49 €","(18,30 € / Kg)",
Prozis Frango Penne com Pesto Diet Mediterrânea embalagem 1 unidade,Prozis,,"6,29 €","(6,29 € / Unidade)",
Instituto Espanol Creme para o Corpo Reparador com Ureia embalagem 400 ml,Instituto Espanol,,"4,49 €","(11,22 € / Litro)",
Biosaurus Snack de Milho com Sal Marinho sem Glúten Biológico embalagem 50 g,Biosaurus,,"1,99 €","(39,80 € / Kg)",
Cavendish & Harvey Rebuçados de Frutos Tropicais lata 200 g,Cavendish & Harvey,,"3,09 €","(15,45 € / Kg)",
Sacla Molho Pesto Rosso frasco 190 g,Sacla,,"4,55 €","(23,95 € / Kg)",
Paiola Porco Preto Fatias unidade 100 g,,,"5,99 €","(59,90 € / Kg)",
Glade Ambientador Touch & Fresh Lavanda embalagem 10 ml,Glade,,"4,49 €",(449 € / Litro),
Seeberger Nozes sem Casca embalagem 150 g,Seeberger,,"5,49 €","(36,60 € / Kg)",
Roler Carpaccio com Queijo Parmigiano Reggiano embalagem 110 g,Roler,,"4,99 €","(45,36 € / Kg)",
Nobre Cuida-t + Fiambre da Perna Extra em Fatias Finas Baixo Teor de Sal e Gordura sem Lactose sem Glúten embalagem 110 g,Nobre Cuida-t +,,"2,69 €","(24,45 € / Kg)",
Gelpeixe Postas de Pescada Nº 5 embalagem 600 g,Gelpeixe,,"5,79 €","(9,65 € / Kg)",
Izidoro o Talhante Salsicha Brasileira de Porco embalagem 600 g,Izidoro o Talhante,,"4,49 €","(7,48 € / Kg)",
Nivea Men Dry Impact Desodorizante Roll-On Anti-Transpirante embalagem 50 ml,Nivea Men Dry Impact,,"2,99 €","(59,80 € / Litro)",
El Corte Inglés Pão Tostado Multicereais embalagem 270 g,El Corte Inglés,,"1,25 €","(4,63 € / Kg)",
El Corte Inglés Batatas Fritas Onduladas sem Glúten embalagem 170 g,El Corte Inglés,,"0,99 €","(5,82 € / Kg)",
Conventual Vinho Branco do Alentejo Reserva garrafa 75 cl,Conventual,,"9,59 €","(12,79 € / Litro)",
Harpic Gel Lixívia Eucalipto e Menta embalagem 750 ml,Harpic,,"2,25 €",(3 € / Litro),
El Corte Inglés Mostachones Artesanais embalagem 280 g,El Corte Inglés,,"2,70 €","(9,64 € / Kg)",
Incap Rebuçados Cola Toffee embalagem 125 g,Incap,,"0,99 €","(7,92 € / Kg)",
Alternativa 3 Café Moído Nicaragua Biológico embalagem 250 g,Alternativa 3,,"5,75 €",(23 € / Kg),
La Costeña Nachos de Jalapeño em Escabeche lata 220 g,La Costeña,,"2,05 €","(9,32 € / Kg)",
Aussie Champô Miracle Hidratante embalagem 300 ml,Aussie,,"7,99 €","(26,63 € / Litro)",
Nivea Men Sensitive Bálsamo After Shave Ultra-Calming com Óleo de Sementes de Hemp embalagem 100 ml,Nivea Men Sensitive,,"8,49 €","(84,90 € / Litro)",
Marcilla Café Descafeinado Mezcla embalagem 400 g,Marcilla,,"7,45 €","(18,62 € / Kg)",
Mentos Pure Chewing Gum Pastilhas de Menta Verde + 20% Grátis sem Açúcar embalagem 36 g,Mentos Pure Chewing Gum,,"1,59 €","(44,17 € / Kg)",
Origens Ervilhas Biológicas embalagem 300 g,Origens,,"1,99 €","(6,63 € / Kg)",
Pur Natur Iogurte de Alperce Biológico embalagem 150 g,Pur Natur,,"1,79 €","(11,93 € / Kg)",
Dabri Óleo de Cedro 200 ml,Dabri,,"1,99 €","(9,95 € / Litro)",
Colgate Smiles Escova de Dentes 2-6 Anos embalagem 1 unidade,Colgate Smiles,,"3,49 €","(3,49 € / Unidade)",
Karibou Copo de Cartão 120 ML embalagem 10 unidades,Karibou,,"1,15 €","(0,11 € / Unidade)",
Mar Ibérica Caldeirada de Bacalhau embalagem 800 g,Mar Ibérica,,"6,99 €","(8,74 € / Kg)",
Nivea Body Lotion Loção para Corpo Refirmante Q10 Plus Vit. C Pele Normal embalagem 250 ml,Nivea Body Lotion,,"7,69 €","(19,96 € / Litro)","7,69 €"
Prados dos Açores Queijo de Vaca Curado Amanteigado Mistério do Pico 1/4 unidade 180 g,Prados dos Açores,,"2,98 €","(16,56 € / Kg)",
Coelheiros Vinho Branco do Alentejo garrafa 75 cl,Coelheiros,,"10,99 €","(14,65 € / Litro)",
H&S Shampoo Coco Hidratação Profunda embalagem 300 ml,H&S,,"4,49 €","(14,97 € / Litro)",
L'or Espresso Café Forza para Nespresso Intensidade 9 embalagem 10 capsulas,L'or Espresso,,"4,29 €","(0,43 € / Unidade)",
Vileda Recarga de Esfregona Ultra Resistente Suave embalagem 1 unidade,Vileda,,"3,99 €","(3,99 € / Unidade)",
Nutribén Farinha Láctea com Frutas Desde os 6 Meses embalagem 600 g,Nutribén,,"4,25 €","(7,08 € / Kg)",
Calvé Manteiga de Amendoim Cremosa sem Adição de Açúcares frasco 350 g,Calvé,,"3,49 €","(9,97 € / Kg)",
Pringles Aperitivos Original embalagem 175 g,Pringles,,"2,99 €","(17,09 € / Kg)",
Nolita Adoçante Natural Sweetener Zero Açúcar Adicionado Biológico sem Glúten embalagem 500 g,Nolita,,"9,99 €","(19,98 € / Kg)",
Santiago Queijo Fresco Pasteurizado Meio Gordo 100% Natural embalagem 200 g,Santiago,,"1,59 €","(7,95 € / Kg)",
El Caserio Queijo Fundido em Fatias embalagem 300 g,El Caserio,,"1,98 €","(6,60 € / Kg)",
Mc Vitie's Bolachas de Aveia  Hobnobs embalagem 300 g,Mc Vitie's,,"1,99 €","(6,63 € / Kg)",
El Corte Inglés Cogumelos Laminados lata 105 g,El Corte Inglés,,"0,99 €","(9,43 € / Kg)",
Vinha da Malhada Espumante Bruto Super Reserva Biológico garrafa 75 cl,Vinha da Malhada,,"10,35 €","(13,80 € / Litro)",
Milka Daim Chocolate de Leite Daim embalagem 100 g,Milka Daim,,"1,69 €","(16,90 € / Kg)",
Quinta da Fonte do Ouro Vinho Tinto do Dão Reserva garrafa 75 cl,Quinta da Fonte do Ouro,,"11,90 €","(15,87 € / Litro)",
"Nestlé Kit Kat Gold Chocolate de Leite com Caramelo Pack 3 embalagem 41,5 g",Nestlé Kit Kat Gold,,"3,69 €","(88,92 € / Kg)",
El Corte Inglés Pedaços de Potas em Molho Americano Pack 3 embalagem 177 g,El Corte Inglés,,"2,49 €","(10,38 € / Kg)",
Neo Botanica Gomas de Frutos do Bosque sem Glúten embalagem 150 g,Neo Botanica,,"1,85 €","(12,33 € / Kg)",
Biscoitos da Vila Lagartinhos embalagem 500 g,Biscoitos da Vila,,"4,15 €","(8,30 € / Kg)",
Espiga Piripiri Moído frasco 45 g,Espiga,,"1,69 €","(37,56 € / Kg)",
Eci Selection Chouriço Ibérico Extra em Tripa Cular embalagem 550 g,Eci Selection,,"11,49 €","(20,89 € / Kg)",
Pera Rocha peso aproximado por embalagem 1 kg,,,"2,29 €/kg",,
Royal Chef Fideuá de Marisco embalagem 350 g,Royal Chef,,"3,49 €","(9,97 € / Kg)",
Piri-Piri Verde embalagem 100 g,,,"1,99 €","(19,90 € / Kg)",
Dez Prá Uma Almôndegas de Carne até 2 pessoas embalagem 500 g,Dez Prá Uma,,12 €,(24 € / Kg),
Monção Vinho Tinto Verde garrafa 75 cl,Monção,,"2,50 €","(3,33 € / Litro)",
Flor das Hortas Massa de Pimento sem Sal frasco 200 g,Flor das Hortas,,"1,65 €","(8,25 € / Kg)",
Nutriflor Rebuçados Peitorais embalagem 12 unidades,Nutriflor,,"3,79 €","(0,32 € / Unidade)",
Quinta da Alorna Vinho Tinto do Tejo Reserva garrafa 75 cl,Quinta da Alorna,,"7,99 €","(10,65 € / Litro)",
Campofrio Salsichas Bratwurst embalagem 260 g,Campofrio,,"2,79 €","(10,73 € / Kg)",
"Ajax Fabuloso Detergente Líquido Lava-Tudo Lavanda embalagem 1,25 L",Ajax Fabuloso,,"2,09 €","(1,67 € / Litro)",
Go Chill Bebida Caffe Latte embalagem 243 ml,Go Chill,,"1,59 €","(6,54 € / Litro)",
Bimbo Pães para Hambúrgueres com Sésamo 4 Unidades embalagem 220 g,Bimbo,,"1,25 €","(5,68 € / Kg)",
Silvex Sacos de Conservação para Alimentos 16 unidades,Silvex,,"2,15 €","(0,13 € / Unidade)",
Nescafé Gold Café Solúvel frasco 100 g,Nescafé Gold,,"5,69 €","(39,50 € / Kg)","5,69 €"
Maria Organic Filetes de Cavala em Azeite Virgem Extra Biológico embalagem 120 g,Maria Organic,,"3,35 €","(27,92 € / Kg)",
Royal Salmão Fumado Pré-Cortado,Royal,,"73,99 €/kg",,
Bonduelle Ervilhas Muito Finas Pack 3 embalagem 200 g,Bonduelle,,"3,74 €","(6,23 € / Kg)",
Prozis 100% Peito de Frango Pack 2 embalagem 80 g,Prozis,,"2,99 €","(18,69 € / Kg)",
Pescarias do Algarve Petinga em Azeite sem Glúten lata 115 g,Pescarias do Algarve,,"2,55 €","(22,17 € / Kg)",
Sagres Cerveja Preta sem Álcool 0.0% Pack 4 garrafa 33 cl,Sagres,,"4,60 €","(3,48 € / Litro)",
Pantene Liso e Sedoso Champô e Amaciador 3 em 1 para Cabelo Seco embalagem 300 ml,Pantene Liso e Sedoso,,"4,99 €","(12,47 € / Litro)","4,99 €"
Woolite Detergente para a Máquina da Roupa Líquido Protecção Brancos 30 doses,Woolite,,"13,99 €","(0,47 € / Dose)",
Espiga Coentros Grão frasco 22 g,Espiga,,"1,95 €","(88,64 € / Kg)",
Beat's Licor de Maçã Verde garrafa 70 cl,Beat's,,"5,25 €","(7,50 € / Litro)",
El Almendro Seleção de Torrões embalagem 200 g,El Almendro,,"5,19 €","(25,95 € / Kg)",
Mr. Cheese Queijo Edam em Fatias embalagem 150 g,Mr. Cheese,,"2,39 €","(15,93 € / Kg)",
Triunfo Bolachas de Aveia embalagem 190 g,Triunfo,,"1,49 €","(7,84 € / Kg)",
Heidel Chocolates Sortidos Nostalgia lata 45 g,Heidel,,"7,95 €","(176,67 € / Kg)",
8ª Colina Cerveja Artesanal Mosquita Blonde Ale garrafa 33 cl,8ª Colina,,"2,79 €","(8,45 € / Litro)",
Alho Francês Peso Aproximado por unidade 265 g,,,"3,56 €/kg",,
Queijo Queru Surpresa embalagem 80 g,,,"2,39 €","(29,88 € / Kg)",
ADA Comfort Fraldas para Adulto com Incontinência Tamanho M embalagem 20 unidades,ADA Comfort,,"7,99 €","(0,40 € / Unidade)",
Fino Esfregão Fibra com Esponja Salva-Unhas embalagem 2 unidades,Fino,,"1,55 €","(0,78 € / Unidade)",
El Corte Inglés Chocolate de Leite sem Açúcares Adicionados e sem Glúten embalagem 125 g,El Corte Inglés,,"1,45 €","(11,60 € / Kg)",
Cantinho das Aromáticas Condimento de Alecrim Biológico embalagem 20 g,Cantinho das Aromáticas,,"3,15 €","(157,50 € / Kg)",
L'Oréal Elvive Amaciador Intensivo Color-Vive para Cabelo Comprido Pintado embalagem 180 ml,L'Oréal,,"5,99 €","(33,28 € / Litro)",
Calvé Maionese Top Down embalagem 240 ml,Calvé,,"1,55 €","(6,46 € / Litro)",
Dittmann Malagueta Vermelha com Queijo Fresco frasco 290 ml,Dittmann,,"4,09 €","(14,10 € / Litro)",
Maçarico Tempero para Peixe frasco 200 g,Maçarico,,"1,65 €","(8,25 € / Kg)",
Delverde Ondine Lasanha Sêmola Nº106 embalagem 500 g,Delverde,,"2,99 €","(5,98 € / Kg)",
Lenor Aditivo Perfumado em Pérolas Frescura de Abril embalagem 210 g,Lenor,,"10,99 €","(31,38 € / Kg)","10,99 €"
Guilherme Queijo de Cabra Curado Atabafado embalagem 230 g,Guilherme,,"7,19 €","(31,26 € / Kg)",
El Almendro Torrão sem Acuçar Gift Pack embalagem 380 g,El Almendro,,"9,99 €","(26,29 € / Kg)",
El Corte Inglés Bolos Glória embalagem 300 g,El Corte Inglés,,"4,99 €","(16,63 € / Kg)",
Grand'Arte Vinho Tinto da Estremadura Alicante Bouchet garrafa 75 cl,Grand'Arte,,"8,25 €",(11 € / Litro),
Glade Gel Ambientador WC Peony&Cherry embalagem 180 g,Glade,,"4,99 €","(27,72 € / Kg)",
Powerade Bebida Isotónica de Citrus garrafa 50 cl,Powerade,,"1,59 €","(3,18 € / Litro)",
D.R. Vinho do Porto White garrafa 75 cl,D.R.,,"6,79 €","(9,05 € / Litro)",
Salsicharia Limiana Chouriço de Carne unidade 200 g,Salsicharia Limiana,,"1,20 €",(6 € / Kg),
Cimarrom Açúcar em Pó para Cobertura embalagem 500 g,Cimarrom,,"2,55 €","(5,10 € / Kg)",
Magic Retouch Spray Retoca Raízes Castanho Muito Escuro embalagem 150 ml,Magic Retouch,,"14,99 €","(99,93 € / Litro)",
Margão Piri-Piri embalagem 15 g,Margão,,"1,29 €",(86 € / Kg),
Woolite Toalhitas Protecção de Cores embalagem 20 unidades,Woolite,,"9,99 €","(0,50 € / Unidade)",
Zundert Cerveja da Holanda Trappist 8º garrafa 33 cl,Zundert,,"4,39 €","(13,30 € / Litro)",
Prozis Cookies Proteína de Chocolate Recheadas com Creme embalagem 70 g,Prozis,,"1,79 €","(25,57 € / Kg)",
Frangus Canja de Frango do Campo embalagem 350 g,Frangus,,"2,69 €","(0,15 € / Kg)",
Yoçor Iogurte Grego dos Açores com Amora Silvestre dos Açores Pack 4 embalagem 115 g,Yoçor,,"2,59 €","(4,98 € / Litro)",
Swadist Pappadums Simples embalagem 200 g,Swadist,,"3,19 €","(15,95 € / Kg)",
Old Spice Captain Stick + GEL + After Shave pack 1 unidade,Old Spice,,"24,99 €","(12,49 € / Unidade)","24,99 €"
El Corte Inglés Vinagre de Vinho Branco embalagem 1 L,El Corte Inglés,,"0,59 €","(0,59 € / Litro)",
Huggies Drynites Cuecas Menina 3 aos 5 Anos 16 unidades,Huggies Drynites,,"9,09 €","(0,57 € / Unidade)",
Dum Dum Insecticida para Moscas e Mosquitos Aerosol embalagem 300 ml,Dum Dum,,"2,99 €","(9,97 € / Litro)",
Weetabix Cereais Oatibix de Aveia embalagem 550 g,Weetabix,,"4,19 €","(7,62 € / Kg)",
Brasmar Miolo de Berbigão embalagem 300 g,Brasmar,,"5,99 €","(19,97 € / Kg)",
Desiam Molho Doce Chilli embalagem 250 ml,Desiam,,"2,95 €","(11,80 € / Litro)",
Fizzy Fantasia com Chocolates Les Véhicules embalagem 75 g,Fizzy,,"9,90 €",(132 € / Kg),
El Corte Inglés Crackers embalagem 200 g,El Corte Inglés,,"0,65 €","(3,25 € / Kg)",
Carte D'Or Gelado Solero Exotic Baunilha embalagem 900 ml,Carte D'Or,,"5,49 €","(6,10 € / Litro)",
Kellogg's All-Bran Cereais de Fruta & Fibra embalagem 500 g,Kellogg's All-Bran,,"4,99 €","(9,98 € / Kg)",
"Brasmar Caras de Bacalhau Peso Aproximado por embalagem 1,5 kg",Brasmar,,"8,99 €","(5,99 € / Kg)",
Globo Caril Indiano frasco 100 g,Globo,,"2,89 €","(28,90 € / Kg)",
Sonasol Brilhante Detergente Casa de Banho Anti-Calcário embalagem 500 ml,Sonasol Brilhante,,"3,99 €","(7,98 € / Litro)",
Salsicha Argentina ao peso 1 kg,,,"10,95 €/kg",,
Veckia Protector Solar FP 30 embalagem 250 ml,Veckia,,"5,45 €","(2,18 € / 10 ml.)",
"Real Lavrador Vinho Tinto do Alentejo garrafa 37,5 cl",Real Lavrador,,"1,39 €","(3,71 € / Litro)",
Becel Pro-Activ Creme de Barrar embalagem 225 g,Becel Pro-Activ,,"3,99 €","(15,96 € / Kg)",
Ambi Pur Air Effects Ambientador Aerossol Nuvens de Algodão Spray 300 ml,Ambi Pur Air Effects,,"3,99 €","(9,97 € / Litro)","3,99 €"
Dois Ponto Cinco Vinho Tinto da Beira Interior Rufete Vinhas Velhas garrafa 75 cl,Dois Ponto Cinco,,"11,99 €","(15,99 € / Litro)",
Pão Pão Queijo Queijo Queijo Edamer em Fatias embalagem 150 g,Pão Pão Queijo Queijo,,"1,45 €","(9,67 € / Kg)",
Wilkinson Sword Hydro Gel de Barbear Sensitive embalagem 240 ml,Wilkinson Sword Hydro,,"5,25 €","(21,88 € / Litro)",
"El Corte Inglés Gasosa garrafa 1,5 L",El Corte Inglés,,"0,65 €",,"0,65 €"
"Heidel Chocolate de Leite ""Sereia"" Estojo embalagem 118 g",Heidel,,"9,45 €","(80,08 € / Kg)",
Quaker Papas de Aveia Flocos 100% Integral sem Açúcares Adicionados embalagem 500 g,Quaker,,"1,99 €","(3,98 € / Kg)",
Haagen-Dazs Gelado de Macadâmia e Avelã Brittle embalagem 80 ml,Haagen-Dazs,,"2,15 €","(26,88 € / Litro)",
Palmolive For Men Creme de Barbear embalagem 100 ml,Palmolive For Men,,"3,49 €","(34,90 € / Litro)",
Encosta do Sobral Vinho Tinto do Tejo Syrah garrafa 75 cl,Encosta do Sobral,,"9,49 €","(12,65 € / Litro)",
Nobre Cocktail Salsichas de Aves lata 180 g,Nobre Cocktail,,"1,49 €","(8,28 € / Kg)",
Quinta do Pinto Vinho Tinto de Lisboa Touriga Nacional garrafa 75 cl,Quinta do Pinto,,"12,75 €",(17 € / Litro),
Hempology Chá de Cânhamo com Goji e Gengibre Biológico embalagem 45 g,Hempology,,"8,89 €","(197,56 € / Kg)",
Naturefoods Vinagre de Sidra Biológico embalagem 750 ml,Naturefoods,,"4,44 €","(5,92 € / Litro)",
Coroa D'Ouro Vinho Branco do Douro garrafa 75 cl,Coroa D'Ouro,,"5,19 €","(6,92 € / Litro)",
Amoreira da Torre Vinho Tinto do Alentejo Biológico garrafa 75 cl,Amoreira da Torre,,"6,45 €","(8,60 € / Litro)",
Aliada Ovos Frescos de Galinhas Criadas no Solo Classe M embalagem 12 unidades,Aliada,,"2,19 €","(2,19 € / Dúzia)",
Victorio & Lucchino Colónia Feminina Nº 2 Rosa Fresca embalagem 150 ml,Victorio & Lucchino,,"11,49 €","(76,60 € / Litro)",
Captain Kombucha Bebida Probiótica de Ananás Biológica embalagem 400 ml,Captain Kombucha,,"2,29 €","(5,72 € / Litro)",
Margão Noz Moscada Moída frasco 32 g,Margão,,"2,69 €","(84,06 € / Kg)",
Ucal Leite com Chocolate Pack 3 embalagem 250 ml,Ucal,,"2,94 €","(3,92 € / Litro)",
Emmi Queijo Gruyère sem Glúten,Emmi,,"34,99 €/kg",,
Graham's Vinho do Porto Ruby garrafa 75 cl,Graham's,,"7,49 €","(9,99 € / Litro)",
Renova Black Papel Higiénico 6 unidades,Renova Black,,"7,99 €","(1,33 € / Unidade)",
El Corte Inglés Guardanapos Verde 1 Folha 38x38 cm embalagem 35 unidades,El Corte Inglés,,"2,40 €","(0,07 € / Unidade)",
Tresemmé Colour Revitalise Champô Protecção da Cor embalagem 500 ml,Tresemmé Colour Revitalise,,"4,19 €","(8,38 € / Litro)",
Herbal Essences Bio-Renew Condicionador Brilho Toranja Branca embalagem 275 ml,Herbal Essences Bio-Renew,,"4,99 €","(13,60 € / Litro)","4,99 €"
El Corte Inglés Selection Coalhada com Leite de Ovelha Pack 2 embalagem 140 g,El Corte Inglés Selection,,"2,95 €","(10,54 € / Kg)",
Knorr Big Pasta Pot Carbonara embalagem 92 g,Knorr,,"2,29 €","(24,89 € / Kg)",
Manná Gourmet Filetes de Anchova em Azeite lata 50 g,Manná Gourmet,,"4,35 €",(87 € / Kg),
Bicafé Premium Café Ristretto Nº 10 para Nespresso embalagem 10 cápsulas,Bicafé Premium,,"2,49 €","(0,25 € / Unidade)",
Martiko Tártaro de Salmão Fumado Pack 2 embalagem 150 g,Martiko,,"8,69 €","(57,93 € / Kg)",
Tokinoka Whiksy Black Japão garrafa 50 cl,Tokinoka,,"55,90 €","(111,80 € / Litro)",
El Corte Inglés Preparado para Creme Catalana embalagem 117 g,El Corte Inglés,,"0,89 €","(7,61 € / Kg)",
Cozinha Pronta Pastéis de Nata Cozidos embalagem 360 g,Cozinha Pronta,,"3,85 €","(10,69 € / Kg)",
Dr. Oetker Pizza Ristorante de Presunto sem Glúten embalagem 345 g,Dr. Oetker,,"5,69 €","(16,49 € / Kg)",
Yopro Iogurte Líquido Proteína sabor Baunilha e Cookies embalagem 300 g,Yopro,,"2,39 €","(7,97 € / Kg)",
Aliada Doce de Morango Light frasco 330 g,Aliada,,"2,49 €","(7,55 € / Kg)",
Maybelline Corrector de Olheiras embalagem 1 unidade,Maybelline,,"9,99 €","(9,99 € / Unidade)",
Gautier Cognac VSOP garrafa 70 cl,Gautier,,"45,50 €",(65 € / Litro),
Alternativa 3 Copo Bambú Widdlebirdy unidade,Alternativa 3,,"13,49 €","(13,49 € / Unidade)",
Sloeber Cerveja Ipa garrafa 33 cl,Sloeber,,"3,49 €","(10,58 € / Litro)",
"Buckler Cerveja 0,0 sem Álcool Pack 6 garrafa 25 cl",Buckler,,"3,99 €","(2,66 € / Litro)",
Malagueta Vermelha Recheada com Queijo Fresco,,,"15,99 €/kg",,
Nivea Creme Hidratante Pele Sensivel embalagem 450 ml,Nivea,,"9,29 €","(20,64 € / Litro)",
Mestemacher Pão com Quinoa e Amaranto Biológico embalagem 350 g,Mestemacher,,"2,59 €","(7,40 € / Kg)",
Barnangen Creme para as Mãos Caring Balans embalagem 75 ml,Barnangen,,"3,99 €","(53,20 € / Litro)",
De Marchi Polpa de Manga embalagem 100 g,De Marchi,,"1,19 €","(11,90 € / Kg)",
Margão Louro em Pó frasco 24 g,Margão,,"2,19 €","(91,25 € / Kg)",
Knorr Caldo de Peixe 8 Cubos embalagem 80 g,Knorr,,"2,15 €","(26,88 € / Kg)",
Pantene Champô Sérum Miracle Liso E sedoso embalagem 225 ml,Pantene,,"5,99 €","(26,62 € / Litro)",
Legenda Moldovei Brandy XO garrafa 50 cl,Legenda Moldovei,,"24,50 €",(49 € / Litro),
Dessange Escova de Cabelo Cerâmica embalagem 1 unidade,Dessange,,"6,99 €","(6,99 € / Unidade)",
Museu do Pão Pão Multi-Grãos embalagem 00450 g,Museu do Pão,,"1,90 €","(4,22 € / Kg)",
Ermitage Queijo Camembert Royal 45% unidade 250 g,Ermitage,,"3,99 €","(15,96 € / Kg)",
Irmãos Oliveira Alheira de Legumes e Cogumelos Biológica embalagem 180 g,Irmãos Oliveira,,"3,75 €","(20,83 € / Kg)",
El Corte Inglés Pano Suave Multiusos embalagem 9 unidades,El Corte Inglés,,"1,69 €","(0,19 € / Unidade)",
Compal Clássico Néctar de Pera Rocha e Framboesa do Oeste DOP Algarve embalagem 1 L,Compal Clássico,,"1,69 €","(1,69 € / Litro)",
Cuétara Bolachas Torradas embalagem 800 g,Cuétara,,"2,89 €","(3,61 € / Kg)",
El Corte Inglés Camarão Recém Cozido 40-60 Peso Aproximado por embalagem 400 g,El Corte Inglés,,"6,99 €","(14,98 € / Kg)","6,99 €"
Minerva Filetes de Atum em Azeite lata 120 g,Minerva,,"3,29 €","(27,42 € / Kg)",
Jacquot Bombons Sortidos de Amêndoa e Avelã embalagem 260 g,Jacquot,,"5,49 €","(21,12 € / Kg)",
Burn Bebida Energética lata 50 cl,Burn,,"1,25 €","(2,50 € / Litro)",
Margão Canla Moída embalagem 30 g,Margão,,"1,79 €","(59,67 € / Kg)",
Jardin Bio Couscous com Vegetais Biológico embalagem 220 g,Jardin Bio,,"5,35 €","(24,32 € / Kg)",
El Corte Inglés Presunto Serrano em Fatias unidade 200 g,El Corte Inglés,,"4,55 €","(22,75 € / Kg)",
Lusa Monte Azeitona Galega da Beira Baixa frasco 360 g,Lusa Monte,,"2,49 €","(6,92 € / Kg)",
Maybelline Super Stay Matte Ink Batom Nº 320 Individualist embalagem 1 unidade,Maybelline Super Stay Matte Ink,,"10,49 €","(0,52 € / Unidade)",
Sonasol Wc Desinfectante Purple Active de Lavanda embalagem 50 g,Sonasol Wc,,"3,09 €","(61,80 € / Kg)",
Carmencita Preparado para Paella Verdura embalagem 255 g,Carmencita,,"4,55 €","(17,84 € / Kg)",
Monster Bebida Energética Rehab Chá + Limonada + Energy sem Gás lata 50 cl,Monster,,"1,60 €","(3,20 € / Litro)",
Quinta do Crasto Vinho Tinto do Douro Superior garrafa 75 cl,Quinta do Crasto,,"15,99 €","(21,32 € / Litro)",
Ferrarini Manteiga embalagem 125 g,Ferrarini,,"1,95 €","(15,60 € / Kg)",
Mercurochrome Champô Anti-Piolhos e Lêndeas Rápido embalagem 1 unidade,Mercurochrome,,"8,15 €","(8,15 € / Unidade)",
Ahmad Tea Chá Preto Darjeeling lata 100 g,Ahmad Tea,,"6,29 €","(62,90 € / Kg)",
Tuc Crackers embalagem 250 g,Tuc,,"2,49 €","(9,96 € / Kg)",
Veckia Escova de Dentes Suave embalagem 3 unidades,Veckia,,"1,45 €","(0,48 € / Unidade)",
Shakira Eau de Toilette Dance Midnight Muse embalagem 50 ml,Shakira,,"15,99 €","(319,80 € / Litro)",
El Corte Inglés Selection Pimentos Vermelhos Assados embalagem 125 g,El Corte Inglés Selection,,"1,94 €","(15,52 € / Kg)",
Companhia das Abóboras Doce de Abóbora frasco 500 g,Companhia das Abóboras,,"4,90 €","(9,80 € / Kg)",
Listerine Reach Total Care Elixir Oral com Sabor a Menta embalagem 1 L,Listerine Reach Total Care,,"9,89 €","(9,89 € / Litro)",
Bimbo Pães para Hot Dogs 6 Unidades embalagem 330 g,Bimbo,,"1,59 €","(4,82 € / Kg)",
"Avianense Chocolate de Leite ""Sé de Lisboa"" embalagem 100 g",Avianense,,"2,69 €","(26,90 € / Kg)",
Nau do Cacau Chocolate Preto são Tomé e Príncipe com Especiarias de Natal 66% Biológico embalagem 80 g,Nau do Cacau,,"5,29 €","(66,12 € / Kg)",
Panrico Pão para Hambúrgueres com Sésamo 4 Unidades embalagem 220 g,Panrico,,"1,69 €","(7,68 € / Kg)",
Campofrio Fiambre de Peru em Fatias sem Glúten embalagem 90 g,Campofrio,,"1,30 €","(14,44 € / Kg)",
Atelier do Doce Pão de Ló Ouro 2016 unidade,Atelier do Doce,,"10,50 €","(10,50 € / Unidade)",
Serra da Estrela Água sem Gás Pack 6 garrafa 50 cl,Serra da Estrela,,"1,99 €","(0,66 € / Litro)",
Cem Porcento Infusão Relax Biológica embalagem 13 g,Cem Porcento,,"1,19 €","(91,54 € / Kg)",
Bonne Maman Doce de Ameixa Mirabelle frasco 370 g,Bonne Maman,,"3,49 €","(9,43 € / Kg)",
Spaten Cerveja da Alemanha garrafa 50 cl,Spaten,,"2,45 €","(4,90 € / Litro)",
"Três Igrejas Queijo de Vaca, Ovelha e Cabra Curado unidade 450 g",Três Igrejas,,"7,49 €","(16,64 € / Kg)",
Quinta de Lafões Franguito do Campo Peso Aproximado por cuvete 300 g,Quinta de Lafões,,"1,95 €","(6,49 € / Kg)",
Hamburguesa Nostra Pão Artesanal 8 Unidades embalagem 160 g,Hamburguesa Nostra,,"2,90 €","(18,12 € / Kg)",
Bicentury Sarialis Barras de Cereais com Chocolate Preto embalagem 120 g,Bicentury Sarialis,,"3,19 €","(26,58 € / Kg)",
Cabo da Roca Vinho Tinto de Lisboa Merlot garrafa 75 cl,Cabo da Roca,,"7,99 €","(10,65 € / Litro)",
Cabo de Peñas Mexilhões em Escabeche 8/12 Peças Biológicos embalagem 111 g,Cabo de Peñas,,"3,29 €","(29,64 € / Kg)",
La Fabrique Green Mola de Cabelo Reciclada embalagem 1 unidade,La Fabrique Green,,"2,89 €","(2,89 € / Unidade)",
Ultra Suave Leite Hidratante Aveia para Criança embalagem 250 ml,Ultra Suave,,"5,99 €","(23,96 € / Litro)",
Confeitaria Vale Bolo d´Avó de Laranja embalagem 500 g,Confeitaria Vale,,"4,99 €","(9,98 € / Kg)",
Terrenus Vinho Tinto do Alentejo garrafa 75 cl,Terrenus,,"12,49 €","(16,65 € / Litro)",
Moo Free Mini Chocolate Vegan sem Glúten embalagem 20 g,Moo Free,,"1,29 €","(64,50 € / Kg)",
Montaraz Bifinhos de Porco Preto Criado no Campo embalagem 250 g,Montaraz,,"6,49 €","(25,96 € / Kg)",
Ilha Vinho Tinto Dop da Madeira Tinta Negra garrafa 75 cl,Ilha,,"20,90 €","(27,87 € / Litro)",
Quinta da Pedra Escrita Vinho Tinto do Douro garrafa 75 cl,Quinta da Pedra Escrita,,"18,90 €","(25,20 € / Litro)",
Naturefoods Doce de Mirtilo sem Açúcar Biológico embalagem 260 g,Naturefoods,,"4,59 €","(17,65 € / Kg)",
Macal Linguiça 180,Macal,,"1,99 €","(11,06 € / Kg)",
Piraquê Biscoito Roladinho de Goiabada embalagem 75 g,Piraquê,,"1,49 €","(19,87 € / Kg)",
Lindamccartney Hambúrguer Panado Vegan embalagem 270 g,Lindamccartney,,"4,99 €","(18,48 € / Kg)",
L' Arbre Vert Gel WC de Alecrim Ecológico embalagem 740 ml,L' Arbre Vert,,"2,99 €","(4,04 € / Litro)",
Saitaku Maionese com Wasabi embalagem 160 g,Saitaku,,"4,55 €","(28,44 € / Kg)",
Triunfo Bolachas Digestivas com Pepitas de Chocolate embalagem 338 g,Triunfo,,"2,69 €","(7,96 € / Kg)",
Sunquick Gelado para Congelar de Laranja sem Glúten Pack 8 embalagem 6 cl,Sunquick,,"3,49 €","(0,83 € / Litro)",
"Dona Ermelinda Vinho Tinto de Palmela garrafa 1,5 L",Dona Ermelinda,,"10,59 €","(5,33 € / Litro)","10,59 €"
Fides Paté de Atum Pack 4 sem Glúten embalagem 22 g,Fides,,"1,55 €","(17,61 € / Kg)",
Antonio Banderas Queen of Seduction Colónia Feminina Lively Muse embalagem 50 ml,Antonio Banderas Queen of Seduction,,"17,45 €",(349 € / Litro),
Duvel Cerveja da Bélgica Reserve garrafa 75 cl,Duvel,,"9,69 €","(12,92 € / Litro)",
Granola Granel Biológica Peso Aproximado por unidade 800 g,,,"8,99 €/kg",,
Encoberta Vinho Tinto do Dão garrafa 75 cl,Encoberta,,"15,95 €","(21,27 € / Litro)",
Rana Tortellini Bolonhesa embalagem 250 g,Rana,,"3,29 €","(13,16 € / Kg)",
Flocos de Aveia Finos Granel Biológicos,,,"2,99 €/kg",,
Soalheiro Espumante Alvarinho Bruto garrafa 75 cl,Soalheiro,,"14,29 €","(19,05 € / Litro)",
Cedrinca Rebuçados de Laranja e Limão embalagem 150 g,Cedrinca,,"1,99 €","(13,27 € / Kg)",
Arizona Ice Tea Branco de Mirtilo garrafa 50 cl,Arizona,,"1,14 €","(2,28 € / Litro)",
Gallo Piri-Piri com Azeite garrafa 50 ml,Gallo,,"2,49 €","(49,80 € / Litro)",
Corn Flakes Granel Biológicos,,,"6,90 €/kg",,
Sonasol Detergente Líquido para o Chão Ph Neutro embalagem 1300 ml,Sonasol,,"1,94 €","(1,49 € / Litro)",
Fairy Detergente Manual para Loiça Original Ultra Poder embalagem 1015 ml,Fairy,,"6,39 €","(6,30 € / Litro)",
Bróculos Peso Aproximado por cuvete 800 g,,,"4,39 €","(5,49 € / Kg)",
Dr Port Vinho do Porto Vintage garrafa 75 cl,Dr Port,,"49,50 €",(66 € / Litro),
Chupa Chups Donut de Gomas embalagem 130 g,Chupa Chups,,"2,99 €",(23 € / Kg),
Desiam Pasta Folhas Lima Kaffir embalagem 30 g,Desiam,,"2,89 €","(96,33 € / Kg)",
Fresquinho Queijo Fresco de Alho e Ervas para Barrar embalagem 125 g,Fresquinho,,"1,45 €","(11,60 € / Kg)",
Raid Papel Anti-Traças embalagem 12 unidades,Raid,,"6,99 €","(581,67 € / Kg)","6,99 €"
"Wiloco Bombons Sortidos Praliné Vegan sem Glúten, sem Lactose Biológico embalagem 250 g",Wiloco,,"11,69 €","(46,76 € / Kg)",
"Mevgal Iogurte Grego de Limão 0,9% embalagem 150 g",Mevgal,,"1,39 €","(7,93 € / Kg)","1,39 €"
D.S.F Moscatel Roxo Colheita Privada garrafa 75 cl,D.S.F,,"27,99 €","(37,32 € / Litro)",
Delta Café Solúvel Intenso frasco 200 g,Delta,,"4,79 €","(23,95 € / Kg)",
Trident Senses Pastilhas Berry Party sem Açúcar embalagem 23 g,Trident Senses,,"1,10 €","(47,83 € / Kg)",
Búfalo Lava e Encera de Alfazema 500 ml,Búfalo,,"4,05 €","(8,10 € / Litro)",
Sovina Cerveja Artesanal Amber garrafa 33 cl,Sovina,,"2,69 €","(8,15 € / Litro)",
Frize Água com Gás com Sabor a Maracujá Pack 4 garrafa 25 cl,Frize,,"2,79 €","(2,79 € / Litro)",
Estrella Galicia Cerveja de Espanha Especial Pack 6 garrafa 25 cl,Estrella Galicia,,"3,99 €","(2,66 € / Litro)",
Bimbo Mini Tostas Redondas embalagem 100 g,Bimbo,,"1,59 €","(15,90 € / Kg)",
Vieira Digestive Bolachas Thins de Aveia embalagem 174 g,Vieira Digestive,,"2,45 €","(14,08 € / Kg)",
Inecto Naturals Óleo para Corpo de Argão embalagem 200 ml,Inecto Naturals,,"9,89 €","(49,45 € / Litro)",
Guaraná Antarctica Pack 6 lata 33 cl,Guaraná Antarctica,,"4,59 €","(2,32 € / Litro)",
Hansaplast Pensos Impermeáveis e Respiráveis embalagem 20 unidades,Hansaplast,,"4,19 €","(0,21 € / Unidade)",
Bicentury Nackis Mini Tortitas Mediterrânea com Sal embalagem 70 g,Bicentury Nackis,,"1,69 €","(24,14 € / Kg)",
El Almendro Torta Imperial sem Açúcar embalagem 200 g,El Almendro,,"6,99 €","(34,95 € / Kg)",
Villar Salsichão Ibérico Baixo Teor em Sal em Fatias embalagem 50 g,Villar,,"1,59 €","(31,80 € / Kg)",
Lindahls Iogurte Sólido Proteico sabor Banana e Caramelo embalagem 150 g,Lindahls,,"1,49 €","(7,27 € / Kg)","1,49 €"
Martiko Paté de Pato 2 x 75 g unidade 150 g,Martiko,,"5,69 €","(37,93 € / Kg)",
Finn Crisp Tostas Integrais Hi-Fibre embalagem 200 g,Finn Crisp,,"2,25 €","(11,25 € / Kg)",
Palmolive Memories of Nature Gel de Banho Palm Beach embalagem 500 ml,Palmolive Memories of Nature,,"5,99 €","(11,98 € / Litro)",
Président Queijo Creme Brie com Trufa embalagem 105 g,Président,,"2,49 €","(23,71 € / Kg)",
Ch`ti Cerveja Blonde garrafa 33 cl,Ch`ti,,"3,99 €","(12,09 € / Litro)",
Fapil Forra Multiusos para Vassoura 1 unidade,Fapil,,"2,85 €","(2,85 € / Unidade)",
"Prozis Diet Frango com Mel, Mostarda e Brócolos embalagem 1 unidade",Prozis Diet,,"6,09 €","(6,09 € / Unidade)",
Santa Catarina Posta de Atum em Óleo de Girassol Biológico lata 120 g,Santa Catarina,,"1,95 €","(16,25 € / Kg)",
Veckia Luva de Banho Exfoliante Suave embalagem 2 unidades,Veckia,,"1,15 €","(0,58 € / Unidade)",
El Corte Inglés Lixívia para a Roupa embalagem 2 L,El Corte Inglés,,"0,85 €","(0,42 € / Litro)",
Franziskaner Cerveja da Alemanha Weissbier garrafa 50 cl,Franziskaner,,"2,69 €","(5,38 € / Litro)",
Rana Girasoli Abóbora e Cebola Caramelizada embalagem 250 g,Rana,,"3,69 €","(14,76 € / Kg)",
Ceres 100% Sumo de Maracujá sem Açúcar embalagem 1 L,Ceres,,"2,55 €","(2,55 € / Litro)",
Miranda d'Espiells Vinho Branco de Espanha Penedès garrafa 75 cl,Miranda d'Espiells,,"10,95 €","(14,60 € / Litro)",
Quinta dos Açores Gelado Doce de Figo embalagem 2 L,Quinta dos Açores,,"15,49 €","(7,74 € / Litro)",
Fiuza Vinho Branco do Tejo Sauvignon Blanc Reserva garrafa 75 cl,Fiuza,,"7,99 €","(10,65 € / Litro)",
D.R. Vinho do Porto Ruby garrafa 75 cl,D.R.,,"7,45 €","(9,93 € / Litro)",
Casting Creme Gloss Coloração Nº 426 Borgonha embalagem 1 unidade,Casting Creme Gloss,,"9,99 €","(9,99 € / Unidade)",
Kinder Chocolate de Leite 12 Unidades embalagem 150 g,Kinder,,"2,49 €","(16,60 € / Kg)",
Captain Kombucha Bebida Probiótica de Maracujá Zero Açúcar Biológica embalagem 400 ml,Captain Kombucha,,"2,29 €","(5,72 € / Litro)",
Skip Detergente para Máquina de Roupa em Pó Active Clean embalagem 60 doses,Skip,,"9,99 €","(0,17 € / Dose)",
"Eat Real Aperitivos de Quinoa, Nata e Cebolinha Vegan sem Glúten embalagem 80 g",Eat Real,,"2,65 €","(33,12 € / Kg)",
Sumol Refrigerante de Laranja com Gás garrafa 50 cl,Sumol,,"0,90 €","(1,80 € / Litro)",
Dione Zero Gelado de Manteiga de Amendoim sem Açúcar Adicionado Pack 4 embalagem 90 ml,Dione Zero,,"5,99 €","(15,81 € / Litro)","5,99 €"
Garnier Bio Óleo Facial Regenerador de Lavanda Biológico embalagem 30 ml,Garnier Bio,,"14,99 €","(499,67 € / Litro)",
Snapy Bolachas Wafer de Caramelo embalagem 250 g,Snapy,,"1,34 €","(5,36 € / Kg)",
Canja de Galinha 1 unidade,,,"2,75 €",,
Mauri Sombrinhas de Chocolate Pack 5 embalagem 10 g,Mauri,,"2,29 €","(45,80 € / Kg)",
"Corpos Danone Iogurte Aroma Tutti-Frutti, Morango e Ananás sem Açúcar Aidicionado Super Pack 8 embalagem 120 g",Corpos Danone,,"2,29 €","(2,39 € / Kg)",
Holland Master Tábua de Queijos unidade 90 g,Holland Master,,"2,95 €","(32,78 € / Kg)",
Martini Vermute Rubino Reserva garrafa 75 cl,Martini,,"17,09 €","(22,79 € / Litro)",
Costeleta de Vitela Branca com Pé,,,"19,95 €/kg",,
KTC Leite de Côco embalagem 400 ml,KTC,,"2,25 €","(5,62 € / Litro)",
DOCE CONTRAD Bombons de Leite de Amêndoa embalagem 120 g,DOCE CONTRAD,,"6,75 €","(56,25 € / Kg)",
El Corte Inglés Almôndegas com Caril Vermelho embalagem 350 g,El Corte Inglés,,"3,89 €","(11,11 € / Kg)",
Paiva Queijo 1/4 Flamengo de Lamego unidade 300 g,Paiva,,"4,65 €","(15,50 € / Kg)",
Conimex Massa Chinesa Eiermie embalagem 250 g,Conimex,,"3,99 €","(15,96 € / Kg)",
Cru Chips Snack de Carne de Porco Desidratado Fuet unidade 25 g,Cru Chips,,"2,25 €",(90 € / Kg),
Coca-Cola Zero Açúcar Baunilha lata 33 cl,Coca-Cola,,"0,79 €","(2,39 € / Litro)",
Santini Gelado de Moka embalagem 500 g,Santini,,"14,95 €","(29,90 € / Kg)",
Herbal Essences Bio-Renew Óleo para o Cabelo Aloe Vera e Coco Hidrata embalagem 100 ml,Herbal Essences Bio-Renew,,"4,99 €",(3.740 € / Litro),"4,99 €"
Kellogg's Special K Cereais de Aveia Torrada e Mel embalagem 420 g,Kellogg's Special K,,"4,99 €","(11,88 € / Kg)",
El Corte Inglés Bolachas Torradas Pack 4 embalagem 800 g,El Corte Inglés,,"1,49 €","(1,86 € / Kg)",
M&M'S Chocolate com Caramelo Salgado embalagem 160 g,M&M'S,,"3,69 €","(23,06 € / Kg)",
El Corte Inglés Torrão de Chocolate Crocante sem Açúcares Adicionados sem Glúten embalagem 200 g,El Corte Inglés,,"3,79 €","(18,95 € / Kg)",
Old Spice Eau de Toilette Original embalagem 100 ml,Old Spice,,"12,49 €","(124,90 € / Litro)",
Starbucks Bebida de Chocolate Solúvel Signature 42% Cacau lata 330 g,Starbucks,,"6,49 €","(19,67 € / Kg)",
Milaneza Macarrão Riscado embalagem 500 g,Milaneza,,"1,59 €","(3,18 € / Kg)",
Saison Cerveja da Bélgica 1858 garrafa 33 cl,Saison,,"3,99 €","(12,09 € / Litro)",
Celnat Tapioca Biológica embalagem 250 g,Celnat,,"2,99 €","(11,96 € / Kg)",
Palmer's Creme para as Mãos com Óleo de Coco embalagem 60 g,Palmer's,,"7,99 €","(133,17 € / Kg)",
Napolitana Massa Cotovelinhos embalagem 500 g,Napolitana,,"0,89 €","(1,78 € / Kg)",
Veet Easy-Gelwax Bandas de Cera Fria Depilatória para Peles Normais embalagem 20 unidades,Veet Easy-Gelwax,,"8,99 €","(0,45 € / Unidade)",
Lipton Tisana Detox embalagem 20 unidades,Lipton,,"2,99 €","(0,15 € / Unidade)",
El Corte Inglés Selection Queijo da Espanha Curado com Leite Cru embalagem 250 g,El Corte Inglés Selection,,"4,85 €","(19,40 € / Kg)",
"Quinta de São Francisco Vinho de Óbidos Magnum Tinto garrafa 1,5 L",Quinta de São Francisco,,15 €,(10 € / Litro),
Knorr Asia Pot Noodles de Frango embalagem 65 g,Knorr,,"2,15 €","(33,08 € / Kg)",
Dr.Organic Desodorizante com Mel Manuka Roll-On Biológico embalagem 50 ml,Dr.Organic,,"7,34 €","(146,80 € / Litro)",
Scotch Brite Esfregão Vitrocerâmicas 3M Cabo + 2 Recargas embalagem 3 unidades,Scotch Brite,,"8,99 €","(4,50 € / Unidade)",
Sonasol Purple Activ+ Bloco Sanitário de Lavanda embalagem 100 g,Sonasol Purple Activ+,,"5,99 €","(59,90 € / Kg)",
Poças Vinho do Porto Datado 10 Anos garrafa 75 cl,Poças,,"19,25 €","(25,67 € / Litro)",
Compal Polpa de Tomate Original frasco 500 g,Compal,,"1,09 €","(2,18 € / Kg)",
Predilecta Goiabada embalagem 600 g,Predilecta,,"4,59 €","(7,65 € / Kg)",
Knorr Creme de Abóbora com Noz-Moscada embalagem 64 g,Knorr,,"1,79 €","(27,97 € / Kg)",
Palácio da Brejoeira Vinho Branco Verde Alvarinho Pack 2 unidades embalagem 75 cl,Palácio da Brejoeira,,"43,98 €","(29,32 € / Litro)",
Miller Cerveja dos EUA Genuine Draft garrafa 33 cl,Miller,,"1,19 €","(3,61 € / Litro)",
Espiga Alecrim Folha embalagem 20 g,Espiga,,"0,99 €","(49,50 € / Kg)",
Naturefoods Feijão Branco Biológico frasco 360 g,Naturefoods,,"1,35 €","(3,75 € / Kg)",
Mayador Sidra Extra garrafa 75 cl,Mayador,,"1,99 €","(2,65 € / Litro)",
Pringles Aperitivos de Presunto embalagem 200 g,Pringles,,"2,99 €","(14,95 € / Kg)",
Vasco da Gama Filetes de Atum em Azeite lata 120 g,Vasco da Gama,,"2,35 €","(19,58 € / Kg)",
Special Line El Corte Inglés Óleo de Amêndoas Doces embalagem 250 ml,Special Line El Corte Inglés,,"3,25 €",(13 € / Litro),
Mamoré Aguardente Vínica Velhíssima garrafa 70 cl,Mamoré,,"59,90 €","(85,57 € / Litro)",
Ritter Sport Chocolate de Leite com Avelãs Inteiras embalagem 100 g,Ritter Sport,,"2,59 €","(25,90 € / Kg)",
Joana Reymão Nogueira Bolo da Avó de Nozes embalagem 500 g,Joana Reymão Nogueira,,"5,25 €","(10,50 € / Kg)",
El Corte Inglés 7 Croissants Recheados de Creme de Cacau e Avelãs embalagem 315 g,El Corte Inglés,,"2,45 €","(7,78 € / Kg)",
D.R. Vinho Tinto do Douro garrafa 75 cl,D.R.,,"4,49 €","(5,99 € / Litro)",
Sanchez Alcaraz Presunto Ibérico de Cebo unidade 150 g,Sanchez Alcaraz,,"10,99 €","(73,27 € / Kg)",
Sococo Água de Coco embalagem 33 cl,Sococo,,"1,99 €","(6,03 € / Litro)",
Iglo Lombos de Salmão do Atlântico 2 Unidades embalagem 250 g,Iglo,,"14,49 €","(57,96 € / Kg)",
Jacquot Trufas com Amêndoa embalagem 200 g,Jacquot,,"3,49 €","(17,45 € / Kg)",
Lactimonte Queijo Fresco de Cabra com Oregãos Vácuo embalagem 150 g,Lactimonte,,"1,75 €","(11,67 € / Kg)",
Fapil Escova para Lavar a Loiça 1 unidade,Fapil,,"2,15 €","(2,15 € / Unidade)",
De Pauline Bolachas Macarons de Chocolate Pack 6 embalagem 72 g,De Pauline,,"2,99 €","(41,53 € / Kg)",
Bonne Maman Doce de Castanha com Baunilha frasco 370 g,Bonne Maman,,"2,99 €","(8,08 € / Kg)",
Men Expert Desodorizante em Roll-on Defenser Magnesium embalagem 50 ml,Men Expert,,"3,99 €","(79,80 € / Litro)",
Nestlé Sobremesas Tablete Chocolate Culinária 44% Cacau embalagem 200 g,Nestlé Sobremesas,,"1,89 €","(9,45 € / Kg)",
Gengibre Peso Aproximado por Raiz 120 g,,,"4,69 €/kg",,
Glamour Esponja de Carvão Purificante embalagem 1 unidade,Glamour,,"4,99 €","(4,99 € / Unidade)",
Evax Liberty Pensos de Noite com Abas embalagem 9 unidades,Evax Liberty,,"2,99 €","(0,33 € / Unidade)",
Chão do Prado Vinho Branco de Bucelas Colheita Tardia garrafa 50 cl,Chão do Prado,,"8,95 €","(17,90 € / Litro)",
Bio Inside Pizza 3 Queijos Biológica embalagem 350 g,Bio Inside,,"5,39 €","(15,40 € / Kg)",
El Corte Inglés Paté de Fígado de Pato sem Glúten lata 130 g,El Corte Inglés,,"2,45 €","(18,85 € / Kg)",
Heidel Bombos de Chocolate de Leite Pai Natal lata 86 g,Heidel,,"9,45 €","(109,88 € / Kg)",
Fula Spray & Go Óleo Alimentar embalagem 200 ml,Fula Spray & Go,,"3,09 €","(15,45 € / Litro)",
BioBon Gomas de Iogurte e Fruta Biológicas embalagem 100 g,BioBon,,"2,19 €","(21,90 € / Kg)",
Cif Ultra Desengordurante Spray embalagem 500 ml,Cif,,"2,79 €","(5,58 € / Litro)",
Fumeiros da Guarda Barriga Fumada unidade 180 g,Fumeiros da Guarda,,"4,39 €","(24,39 € / Kg)",
Lindt Chocolate de Leite com Recheio de Licor Cointreau embalagem 100 g,Lindt,,"3,49 €","(34,90 € / Kg)",
Don Simon Sumo 100% Esprimido de Uva Moscatel embalagem 1 L,Don Simon,,"1,39 €","(1,39 € / Litro)",
Johnnie Walker Whisky Swing garrafa 70 cl,Johnnie Walker,,"81,99 €","(117,13 € / Litro)",
Gillette Series Espuma de Barbear Sensitive com Aloe Vera embalagem 100 ml,Gillette Series,,"2,49 €","(24,90 € / Litro)",
Cantinho das Aromáticas Tisana Especialidade da Casa Biológica embalagem 40 g,Cantinho das Aromáticas,,"6,25 €","(156,25 € / Kg)",
La Ermita Cantabria Leite Creme sem Glúten frasco 145 g,La Ermita Cantabria,,"2,69 €","(18,55 € / Kg)",
Denim Black After-Shave embalagem 100 ml,Denim Black,,"7,99 €","(79,90 € / Litro)",
Legado Banha de Porco Ibérico embalagem 400 g,Legado,,"3,49 €","(8,72 € / Kg)",
Espiga Cravinho Grão embalagem 35 g,Espiga,,"2,49 €","(71,14 € / Kg)",
Quinta das Lamelas Vinho do Porto Branco 10 Aanos Old garrafa 50 cl,Quinta das Lamelas,,"23,90 €","(47,80 € / Litro)",
Nivea Men Cool Kick Desodorizante Fresh Spray embalagem 150 ml,Nivea Men Cool Kick,,"4,49 €","(29,93 € / Litro)",
Cerveja Rookie Ipa lata 33 cl,,,"3,99 €","(12,09 € / Litro)",
Gordon's Gin Pink garrafa 70 cl,Gordon's,,"15,90 €","(22,71 € / Litro)",
Excellence Creme Coloração Nº 3 Castanho Escuro embalagem 1 unidade,Excellence Creme,,"11,99 €","(11,99 € / Unidade)",
Sonasol Wc Blue Activ Bloco Sanitário Desinfectante Duplo Floral embalagem 50 g,Sonasol Wc Blue Activ,,"5,99 €","(119,80 € / Kg)",
Argal Batatas Bravas embalagem 240 g,Argal,,"2,49 €","(10,38 € / Kg)",
Compal 100% Sumo de Laranja Clássico embalagem 33 cl,Compal,,"0,79 €","(2,39 € / Litro)",
Juvé y Camps Espumante Cava Brut Rosé garrafa 75 cl,Juvé y Camps,,"12,45 €","(16,60 € / Litro)",
Natursoy Hambúrguer de Abóbora Biológico 2 Unidades embalagem 75 g,Natursoy,,"3,99 €","(26,60 € / Kg)",
Belmonte Biqueirão em Vinagre com Alho e Salsa embalagem 62 g,Belmonte,,"3,49 €","(56,29 € / Kg)",
Remy Martin Cognac XO garrafa 70 cl,Remy Martin,,175 €,(250 € / Litro),
Búfalo Creme Autobrilhante para Calçado Preto embalagem 50 ml,Búfalo,,"2,39 €","(47,80 € / Litro)",
Evian Água sem Gás Vidro garrafa 75 cl,Evian,,"2,59 €","(3,45 € / Litro)",
Trumpeter Vinho Tinto Argentino Torrontes garrafa 75 cl,Trumpeter,,"22,99 €","(30,65 € / Litro)",
Zonin Vinho Branco de Itália Pinot Grigio Blush garrafa 75 cl,Zonin,,"8,49 €","(11,32 € / Litro)",
El Corte Inglés Chá Verde embalagem 25 unidades,El Corte Inglés,,"0,99 €",(36 € / Kg),
Garofalo Tagliatelle Nido embalagem 500 g,Garofalo,,"3,15 €","(6,30 € / Kg)",
Maçarico Azeitonas Pretas Inteiras ao Natural Kalamata frasco 350 g,Maçarico,,"2,89 €","(8,26 € / Kg)",
Gillette Blue II Máquinas Descartáveis Slalom embalagem 10 unidades,Gillette Blue II,,"5,99 €","(0,60 € / Unidade)",
Vieira Waffers de Caramelo -40% Açúcares embalagem 125 g,Vieira,,"1,55 €","(12,40 € / Kg)",
Matero Vinho Tinto de Itália Toscana garrafa 75 cl,Matero,,"16,50 €",(22 € / Litro),
Página Vinho Tinto de Lisboa Pinot Noir garrafa 75 cl,Página,,"13,45 €","(17,93 € / Litro)",
Monte Cascas Vinho Branco da Beira Interior Colheita DOC Biológico garrafa 75 cl,Monte Cascas,,"7,99 €","(10,65 € / Litro)",
Landana Queijo Gouda,Landana,,"27,79 €/kg",,
St.Michel Bolachas de Manteiga Shortbread Francês embalagem 150 g,St.Michel,,"2,49 €","(16,60 € / Kg)",
Tuc Crackers Bakefuls com Sal embalagem 80 g,Tuc,,"1,69 €","(21,12 € / Kg)",
Cem Porcento Chocolate Preto Extraído da Planta Stevia embalagem 100 g,Cem Porcento,,"2,49 €","(24,90 € / Kg)",
Tipiak Couscous com Limão e Menta embalagem 250 g,Tipiak,,"2,95 €","(11,80 € / Kg)",
Lipton Ice Tea de Pêssego garrafa 2 L,Lipton Ice Tea,,"2,65 €","(1,32 € / Litro)",
Evax Liberty Pensos Normal sem Abas embalagem 12 unidades,Evax Liberty,,"2,99 €","(0,25 € / Unidade)",
Sococo Cocada Cremosa Branca embalagem 335 g,Sococo,,"3,55 €","(10,60 € / Kg)",
Corine de Farme Gel Íntimo Sensível Bio embalagem 250 ml,Corine de Farme,,"5,49 €","(21,96 € / Litro)",
Dove Sabonete Líquido Silk embalagem 250 ml,Dove,,"2,39 €","(9,56 € / Litro)",
Body Natur Creme Depilatório Hidratante para o Corpo Peles Sensíveis com Flor de Lótus embalagem 200 ml,Body Natur,,"4,39 €","(16,45 € / Litro)","4,39 €"
Natural One 100% Sumo Pink Lemonade embalagem 900 ml,Natural One,,"3,79 €","(4,21 € / Litro)",
Gullón Bolachas Dibus Magic embalagem 220 g,Gullón,,"2,56 €","(11,64 € / Kg)",
Moreninha do Rio Doce de Amendoim com Cobertura Sabor de Chocolate embalagem 500 g,Moreninha do Rio,,"6,15 €","(12,30 € / Kg)",
Pasta do Dia Massa Folhada em Quadradinhos embalagem 300 g,Pasta do Dia,,"2,39 €","(7,97 € / Kg)",
Demak Up Discos Desmaquilhantes para Peles Sensíveis embalagem 60 unidades,Demak Up,,"1,79 €","(0,03 € / Unidade)",
Primeira Folha Coentros Germinados embalagem 30 g,Primeira Folha,,"2,99 €","(99,67 € / Kg)",
Old Amsterdam Queijo Curado 1/4 kg,Old Amsterdam,,"21,98 €/kg",,
Camomila Intea Champô Reflexos Louros embalagem 500 ml,Camomila Intea,,"15,59 €","(31,18 € / Litro)",
Nova Classe Copos de Cartão 80 ml embalagem 25 unidades,Nova Classe,,"1,49 €","(0,06 € / Unidade)",
Paço dos Infantes Vinho Rosé Alentejano Touriga Nacional garrafa 75 cl,Paço dos Infantes,,"12,50 €","(16,67 € / Litro)",
La Piara Bocadelia Tikka Masala embalagem 180 g,La Piara,,"2,99 €","(16,61 € / Kg)",
Espetadas de Tamboril com Bacon e Arroz Açafronado 1 unidade,,,"9,50 €",,
Compal da Horta Cogumelos Cortados lata 290 g,Compal da Horta,,"1,05 €","(3,62 € / Kg)",
Nolita Preparado Mix Panquecas Prebióticas Cacau Zero Açúcar Adicionado Bilógico sem Glúten embalagem 420 g,Nolita,,"5,99 €","(14,26 € / Kg)",
Fragosa Vinho Branco do Douro Reserva DOC garrafa 75 cl,Fragosa,,"8,99 €","(11,99 € / Litro)",
Segafredo Café Espresso Casa para Nespresso Torra Média Intensidade 10 embalagem 10 cápsulas,Segafredo,,"2,79 €","(0,28 € / Unidade)",
Próvida Seitan Fresco embalagem 500 g,Próvida,,"3,45 €","(6,90 € / Kg)",
Bio Inside Focaccia Rústica Biológica embalagem 310 g,Bio Inside,,"5,39 €","(17,39 € / Kg)",
Maybelline Super Stay Batom Ink Crayon Nº 25 Stay Excepcional embalagem 1 unidade,Maybelline Super Stay,,"9,49 €","(9,49 € / Unidade)",
M.O.B. Vinho Branco do Dão Lote 3 garrafa 75 cl,M.O.B.,,"8,99 €","(11,99 € / Litro)",
Lombo 100% Ibérico Bolota 1/2 peso aproximado por ao peso 1 kg,,,"75,95 €/kg",,
Eci Selection Salsicha de Frango do Campo embalagem 350 g,Eci Selection,,"6,95 €","(17,11 € / Kg)","6,95 €"
Bacalhôa Vinho Branco de Setúbal Greco Di Tufo garrafa 75 cl,Bacalhôa,,"11,99 €","(15,99 € / Litro)",
Nobre Vegalia Fingers Vegan embalagem 160 g,Nobre Vegalia,,"4,39 €","(27,44 € / Kg)",
Ucal Leite 0% Lactose Meio Gordo Pack 3 embalagem 200 ml,Ucal,,"1,82 €","(9,10 € / Litro)",
Vitalis+ Água com Sabor a Limão + Magnésio garrafa 1 L,Vitalis+,,"1,55 €","(1,55 € / Litro)",
Weetabix Cereais Original 50% Grátis embalagem 645 g,Weetabix,,"3,59 €","(5,57 € / Kg)",
Fides Paté de Sardinha Pack 4 sem Glúten embalagem 22 g,Fides,,"1,35 €","(15,34 € / Kg)",
Doves Farm Freee Bolachas com Duplo Chocolate sem Glúten embalagem 180 g,Doves Farm Freee,,"4,99 €","(27,72 € / Kg)",
Pantene Óleo para Cabelo de Coco embalagem 100 ml,Pantene,,"9,99 €","(99,90 € / Litro)",
Calvé Mostarda embalagem 257 ml,Calvé,,"2,39 €","(9,30 € / Litro)",
"Nutribén Maçã, Laranja, Banana e Bolacha 4 Meses frasco 120 g",Nutribén,,"1,05 €","(8,75 € / Kg)",
Próvida Noz Metades Biológica embalagem 125 g,Próvida,,"3,99 €","(31,92 € / Kg)",
Develey Chucrute com Vinho Branco frasco 680 g,Develey,,"3,15 €","(4,63 € / Kg)",
Quinta dos Avidagos Vinho Tinto do Douro Avidagos garrafa 75 cl,Quinta dos Avidagos,,"5,99 €","(7,99 € / Litro)",
Casa do Aido Ovos Frescos de Galinhas Criadas ao Ar Livre Ovo Camponês Classe L embalagem 6 unidades,Casa do Aido,,"2,89 €","(0,48 € / Unidade)",
Dum Dum Armadilha Anti-Traça de Alimentos embalagem 2 unidades,Dum Dum,,"3,49 €","(3,49 € / Unidade)",
Amantis Vinho Tinto do Alentejo Reserva garrafa 75 cl,Amantis,,"15,45 €","(20,60 € / Litro)",
Landana Queijo Maasdam,Landana,,"14,99 €/kg",,
Ultra Suave Riqueza D' Argão Máscara Creme de Nutrição para Cabelos Muito Secos embalagem 300 ml,Ultra Suave Riqueza D' Argão,,"6,79 €","(22,63 € / Litro)",
"Malandra Vinho Tinto Regional do Alentejo Magnum garrafa 1,5 L",Malandra,,"30,50 €","(20,33 € / Litro)",
Al'Fez Pasta de Pimento Verde embalagem 100 g,Al'Fez,,"3,29 €","(32,90 € / Kg)",
Sanytol Desinfetante Multiusos embalagem 750 ml,Sanytol,,"4,49 €","(5,99 € / Litro)",
Cadbury Dairy Milk Chocolate com Frutos e Nozes embalagem 200 g,Cadbury Dairy Milk,,"3,59 €","(17,95 € / Kg)",
Cantaril Peso Aproximado por unidade 900 g,,,"14,99 €/kg",,
Ajax Toalhitas Desinfectantes Essentials embalagem 50 unidades,Ajax,,"4,49 €","(0,09 € / Unidade)",
L'Oréal Elvive Color Vive Máscara Capilar Protectora embalagem 300 ml,L'Oréal,,"6,99 €","(23,30 € / Litro)",
Ambre Solaire Natural Bronzer Mousse Autobronzeadora com Água de Coco embalagem 200 ml,Ambre Solaire Natural Bronzer,,"14,99 €","(74,95 € / Litro)",
Silvex Sacos para Fazer Pão embalagem 3 unidades,Silvex,,"1,69 €","(0,56 € / Unidade)",
Marqués de Riscal Vinho Branco de Espanha Sauvignon garrafa 75 cl,Marqués de Riscal,,"11,49 €","(15,32 € / Litro)",
Sonasol Bloco Sanitário Desinfectante Gel Brilhante Tudo em 1 Brisa Mágica embalagem 42 g,Sonasol,,"3,39 €","(80,71 € / Kg)",
Herbal Essences Bio-Renew Condicionador Purifica e Hidrata com Morango e Menta embalagem 275 ml,Herbal Essences Bio-Renew,,"4,99 €","(13,60 € / Litro)","4,99 €"
Giovanni Rana Molho Cogumelos e Boleto embalagem 180 g,Giovanni Rana,,"2,49 €","(13,83 € / Kg)",
Condi Gelatina de Pêssego embalagem 170 g,Condi,,"1,75 €","(10,29 € / Kg)",
Próvida Óleo de Coco Extra Virgem Biológico garrafa 270 ml,Próvida,,"6,59 €","(24,41 € / Litro)",
Dodot Toalhitas Infantis embalagem 64 unidades,Dodot,,"0,98 €","(0,02 € / Unidade)",
Mouton Cadet Vinho Branco de França Bordeaux garrafa 75 cl,Mouton Cadet,,"11,90 €","(15,87 € / Litro)",
Pantagruel Chocolate de Culinária Caramelo & Sal tablete 200 g,Pantagruel,,"2,99 €","(14,95 € / Kg)",
Espiga Alho e Pimentão frasco 50 g,Espiga,,"1,99 €","(39,80 € / Kg)",
Le Pain des Fleurs Fatias de Pão Estaladiço com Quinoa Biológicas embalagem 150 g,Le Pain des Fleurs,,"4,99 €","(33,27 € / Kg)",
Mister Freed Tortilha Chips Abacate embalagem 135 g,Mister Freed,,"2,49 €","(18,44 € / Kg)",
Gullón Bio Organic Tortitas de Milho sem Glúten Biológicas embalagem 130 g,Gullón Bio Organic,,"2,19 €","(16,85 € / Kg)",
Jean Louis David Molas pequenas para Cabelo embalagem 1 unidade,Jean Louis David,,"5,60 €","(5,60 € / Unidade)",
El Corte Inglés Ambientador Aerossol Água de Colónia Infantil Recarga embalagem 1 unidade,El Corte Inglés,,"3,19 €","(3,19 € / Unidade)",
Bife Redondo de Novilho Primeiro Preço Peso Aproximado 200 g,,,"11,95 €/kg",,
Barnangen Bálsamo para o Corpo All Over Rescue embalagem 200 ml,Barnangen,,"7,69 €","(38,45 € / Litro)",
Diet Food Adoçante Super Eritritol embalagem 500 g,Diet Food,,"12,99 €","(25,98 € / Kg)",
Actimel Iogurte Líquido de Morango 0% M.G. Pack 6 embalagem 100 g,Actimel,,"3,29 €","(5,48 € / Kg)",
Saitaku Kit Ramen embalagem 407 g,Saitaku,,"8,50 €","(20,88 € / Kg)",
Biscoitos de Sintra Biscoitos Manteigas embalagem 330 g,Biscoitos de Sintra,,"3,95 €","(11,97 € / Kg)",
Vahiné Pepitas de Chocolate 70% Cacau embalagem 100 g,Vahiné,,"4,39 €","(43,90 € / Kg)",
Colgate Pasta de Dentes 3-5 Anos embalagem 50 ml,Colgate,,"2,89 €","(57,80 € / Litro)",
Cataliment Pérolas de Salmão Fumado frasco 100 g,Cataliment,,"5,99 €","(59,90 € / Kg)",
Apis Paté de Atum em Azeite Pack 2 embalagem 160 g,Apis,,"2,39 €","(14,94 € / Kg)",
El Corte Inglés Chouriço Picante Extra sem Lactose e sem Glúten embalagem 280 g,El Corte Inglés,,"3,09 €",,
Nivea Men Protect & Care Espuma de Barbear embalagem 200 ml,Nivea Men Protect & Care,,"4,49 €","(22,45 € / Litro)",
Tetley Chá de Camomila embalagem 10 unidades,Tetley,,"0,99 €","(0,10 € / Unidade)",
Isola Bio Sumo de Mirtilo sem Açúcar Biológico Pack 3 embalagem 200 ml,Isola Bio,,"3,80 €",(19 € / Litro),
Grand'Arte Vinho Tinto da Estremadura Touriga Nacional garrafa 75 cl,Grand'Arte,,"8,25 €",(11 € / Litro),
Halberstadter Salsichas Premium frasco 400 g,Halberstadter,,"8,85 €","(22,12 € / Kg)",
Bandida do Pomar Sidra de Maçã com Frutos Vermelhos lata 50 cl,Bandida do Pomar,,"1,25 €","(2,50 € / Litro)",
"De Marchi Polpa Mista de Kiwi, Abacaxi, Maçã e Hortelã embalagem 100 g",De Marchi,,"1,49 €","(14,90 € / Kg)",
El Corte Inglés Selection Fiambre da Perna Extra,El Corte Inglés Selection,,"11,99 €/kg",,
Lindt Lindor Bombons Cornet Sortido embalagem 200 g,Lindt Lindor,,"6,39 €","(31,95 € / Kg)",
Quinta de La Rosa Vinho Tinto do Douro Reserva garrafa 75 cl,Quinta de La Rosa,,"28,50 €",(38 € / Litro),
"Macal Torresmos em Barra Peso Aproximado por unidade 2,2 kg",Macal,,"8,49 €/kg",,
Aquafresh Pasta de Dentes Júnior 6 - 9 anos embalagem 50 ml,Aquafresh,,"2,84 €","(56,80 € / Litro)",
Vieira Princesa Bolachas Sortidas embalagem 400 g,Vieira Princesa,,"3,75 €","(9,38 € / Kg)",
Fairy Ultra Poder Detergente de Lavagem à Mão para Loiça Eucalipto Concentrado embalagem 1015 ml,Fairy Ultra Poder,,"6,39 €","(6,30 € / Litro)",
Quinta dos Açores Hambúrguer de Bovino 2 Unidades embalagem 390 g,Quinta dos Açores,,"3,99 €","(10,23 € / Kg)",
Moaçor Bolachas de Água e Sal embalagem 200 g,Moaçor,,"1,05 €","(5,25 € / Kg)",
Hellmann's Maionese Vegan sem Glúten frasco 270 g,Hellmann's,,"4,39 €","(16,26 € / Kg)",
Rinatura Óleo de Noz embalagem 500 ml,Rinatura,,"8,69 €","(1,74 € / 10 ml.)",
Natursoy Hambúrguer com Queijo 2 Unidades embalagem 75 g,Natursoy,,"3,69 €","(24,60 € / Kg)",
Cachet Bombons Sortidos Casa de Natal embalagem 100 g,Cachet,,"6,99 €","(69,90 € / Kg)",
Grisbi Bolacha Cremosa Baunilha embalagem 150 g,Grisbi,,"2,79 €","(18,60 € / Kg)",
Gourmet Carne Maturada Bife da Vazia Peso Aproximado por 200 g,Gourmet Carne Maturada,,"4,79 €","(23,95 € / Kg)",
Sabores com Tradição Línguas da Sogra embalagem 100 g,Sabores com Tradição,,"2,45 €","(24,50 € / Kg)",
Confiança Sabonete Imperial embalagem 125 g,Confiança,,"1,54 €","(12,32 € / Kg)",
Sonasol Deluxe Bloco Sanitário Delicadeza da Magnólia embalagem 50 g,Sonasol Deluxe,,"2,20 €",(44 € / Kg),
Marquês de Borba Espumante Rosé DOC garrafa 75 cl,Marquês de Borba,,"15,49 €","(0,21 € / Litro)",
Nivea Pure & Natural Desodorizante 0% Alumínio Fresh Sensation Spray embalagem 150 ml,Nivea Pure & Natural,,"4,69 €","(18,60 € / Litro)","4,69 €"
Estrella Damm Cerveja de Espanha Pack 6 garrafa 25 cl,Estrella Damm,,"4,29 €","(2,86 € / Litro)",
Porminho Fiambre Vale da Garça kg,Porminho,,"7,69 €/kg",,
Red Bull Bebida Energética Pack 4 lata 25 cl,Red Bull,,"5,39 €","(21,56 € / Litro)",
Palato do Côa Vinho Tinto do Douro garrafa 75 cl,Palato do Côa,,"8,89 €","(11,85 € / Litro)",
Vimeiro Água Mineral Natural garrafa 50 cl,Vimeiro,,"3,09 €","(1,03 € / Litro)",
Margão Bio Salsa Folhas Biológica frasco 7 g,Margão Bio,,"2,49 €","(355,71 € / Kg)",
Dez Prá Uma Lasanha de Novilho até 4 pessoas embalagem 1 kg,Dez Prá Uma,,"18,75 €","(18,75 € / Kg)",
Atelier do Doce Bolo Rei Especial embalagem 700 g,Atelier do Doce,,"10,95 €","(15,64 € / Kg)",
"Syoss Ceramide Champô para Cabelo Fraco, Quebradiço embalagem 440 ml",Syoss Ceramide,,"6,99 €","(15,89 € / Litro)",
Syoss Oleo Intense Coloração Permanente Nº 12-00 Aclarante Extremo embalagem 1 unidade,Syoss Oleo Intense,,"11,29 €","(11,29 € / Unidade)",
Pink Albatross Gelado Chocolate Chip Double Vegan embalagem 480 ml,Pink Albatross,,"7,25 €","(15,10 € / Litro)",
Próvida Papas de Aveia Porridge Coco Spirulina Fibra sem Adição Açúcar Vegan Biológico sem Glúten embalagem 300 g,Próvida,,"3,19 €","(10,63 € / Kg)",
García Baquero Tábua de Queijo Manchego embalagem 110 g,García Baquero,,"3,55 €","(32,27 € / Kg)",
Dois Corvos Cerveja Artesanal Murmúrio American Amber Ale garrafa 33 cl,Dois Corvos,,"2,69 €","(8,15 € / Litro)",
Agerul Desengordurante Concentrado Recarga 750 ml,Agerul,,"3,99 €","(5,32 € / Litro)",
S&B Mistura de Pimenta frasco 15 g,S&B,,"5,01 €",(334 € / Kg),
Yaranza Iogurte Cremoso de Limão frasco 140 g,Yaranza,,"1,29 €","(9,21 € / Kg)",
Quinta da Barreira Vinho Tinto de Lisboa Reserva garrafa 75 cl,Quinta da Barreira,,"6,15 €","(8,20 € / Litro)",
Berthet Bondet Vinho Branco de França Savagnier Côtes du Jura Biológico garrafa 75 cl,Berthet Bondet,,25 €,"(33,33 € / Litro)",
Maggi Pasta Oriental de Frango XXL embalagem 185 g,Maggi,,"1,69 €","(9,14 € / Kg)",
El Corte Inglés Torrão de Chocolate com Amêndoas embalagem 250 g,El Corte Inglés,,"2,99 €","(11,96 € / Kg)",
Cem Porcento Chá Solúvel Verde embalagem 12 g,Cem Porcento,,"1,89 €","(157,50 € / Kg)",
Carefree Protege-Slip Perfect Fit embalagem 40 unidades,Carefree,,"2,89 €","(0,07 € / Unidade)",
Silvex Frappé 1 unidade,Silvex,,"7,95 €","(7,95 € / Unidade)",
El Corte Inglés Infusão Linha embalagem 20 unidades,El Corte Inglés,,"1,25 €","(41,67 € / Kg)",
Malhadinha Vinho Tinto Regional Regional do Algarve Aragones garrafa 150 cl,Malhadinha,,70 €,"(46,67 € / Litro)",
Natursoy Tofu Fumado Biológico embalagem 250 g,Natursoy,,"3,65 €","(14,60 € / Kg)",
Cem Porcento Esparguete com Legumes embalagem 250 g,Cem Porcento,,"1,60 €","(6,40 € / Kg)",
Nivea Visage Clear-Up Tiras Purificantes de Acne para Todo o Tipo de Pele embalagem 6 unidades,Nivea Visage Clear-Up,,"7,99 €","(1,33 € / Unidade)",
Frize Água com Gás Rodela de Limão Pack 4 garrafa 25 cl,Frize,,"2,79 €","(2,79 € / Litro)",
Intercoelho Lombinhos de Coelho Peso Aproximado por cuvete 600 g,Intercoelho,,"8,69 €","(14,49 € / Kg)",
Macal Presunto 100,Macal,,"2,39 €","(23,90 € / Kg)",
Pastel de Chaves 1 unidade,,,"1,20 €","(1,20 € / Unidade)",
Eci Selection Sucedâneo de Caviar sem Glúten frasco 55 g,Eci Selection,,"2,39 €","(43,45 € / Kg)",
Forma + Batido de Baunilha embalagem 750 g,Forma +,,"15,99 €","(21,32 € / Kg)",
Prozis Frango com Macarrão e Queijo Alta Proteína embalagem 1 unidade,Prozis,,"6,99 €","(6,99 € / Unidade)",
Ach Brito Água de Colónia Lavanda embalagem 200 ml,Ach Brito,,"16,49 €","(82,45 € / Litro)",
Compagnia Dell'Arabica Café Selecção Origens para Nespresso embalagem 9 cápsulas,Compagnia Dell'Arabica,,"3,59 €","(0,40 € / Unidade)",
Special Line Frutose embalagem 800 g,Special Line,,"3,19 €","(3,99 € / Kg)",
Underberg Licor Pack 3 garrafa 2 cl,Underberg,,"3,79 €","(189,50 € / Litro)",
Bahlsen Pick Up Bolachas Recheadas com Chocolate Pack 5 embalagem 140 g,Bahlsen Pick Up,,"2,69 €","(16,36 € / Kg)","2,69 €"
Cristal Gourmet Vinagre de Vinho Tinto garrafa 250 ml,Cristal Gourmet,,"2,39 €","(9,56 € / Litro)",
Starbucks Café Latte para Nescafé Dolce Gusto embalagem 12 cápsulas,Starbucks,,"5,49 €","(0,46 € / Unidade)",
Mackays Compota de Laranja frasco 340 g,Mackays,,"3,69 €","(7,32 € / Kg)","3,69 €"
Aveleda Vinho Verde Rosé Fonte garrafa 75 cl,Aveleda,,"4,49 €","(5,99 € / Litro)",
Babaria Sérum Ultra Hidratante Ácido Hialurónico embalagem 30 ml,Babaria,,"7,69 €","(256,33 € / Litro)",
Adega Mayor Azeite Virgem Extra garrafa 500 ml,Adega Mayor,,"6,99 €","(13,98 € / Litro)",
Veckia Protector Solar para Criança FP 30 Spray embalagem 250 ml,Veckia,,"6,49 €","(2,60 € / 10 ml.)",
Dum Dum Insecticida Eléctrico Melgas e Mosquitos 5 em 1 embalagem 36 ml,Dum Dum,,"14,99 €","(416,39 € / Litro)",
Snickers Chocolate embalagem 50 g,Snickers,,"1,05 €",(21 € / Kg),
Jordan Escova de Dentes até aos 2 Anos Extra Suave embalagem 1 unidade,Jordan,,"2,99 €","(2,99 € / Unidade)",
Nacional Bolachas Shortcake embalagem 180 g,Nacional,,"1,75 €","(9,72 € / Kg)",
"Tyrrell's Batatas Fritas Vegetais de Beterraba, Nabo e Cenoura com Sal Marinho embalagem 125 g",Tyrrell's,,"3,59 €","(28,72 € / Kg)",
Calgon Powerball Anti-Calcário 3 em 1 para a Máquina da Roupa embalagem 45 pastilhas,Calgon Powerball,,"18,69 €","(0,42 € / Unidade)",
Burro de Sancho Cerveja de Espanha Artesanal Aromatizada com Tequila garrafa 33 cl,Burro de Sancho,,"1,39 €","(4,21 € / Litro)",
El Corte Inglés Coentros em Grão embalagem 50 g,El Corte Inglés,,"2,79 €","(55,80 € / Kg)",
Maybelline Rimel Sky Hight Cosmic Black embalagem 1 unidade,Maybelline,,"12,99 €","(12,99 € / Unidade)",
Président Queijo Comté Le Montarlier unidade 225 g,Président,,"6,79 €","(30,18 € / Kg)",
S D Fruta Sumo Fresco Maçã e Ananás embalagem 500 ml,S D Fruta,,"2,45 €","(4,90 € / Litro)",
Mimosa Biogurte Iogurte Líquido de Mirtilo e Framboesa Pack 4 Biológico embalagem 151 g,Mimosa Biogurte,,"2,79 €","(18,48 € / Kg)",
Just For Men Coloração Castanho Claro embalagem 60 ml,Just For Men,,"12,99 €","(216,50 € / Litro)",
+ Cru Noz do Brasil Crua Biológica embalagem 250 g,+ Cru,,"16,19 €","(64,76 € / Kg)",
Maldonado Presunto 100% Ibérico Bolota Peso Aproximado por peça 8 kg,Maldonado,,"99,95 €/kg",,
El Corte Inglés Recheio de Verduras e Frango para Fajitas embalagem 400 g,El Corte Inglés,,"2,39 €","(5,98 € / Kg)",
Fructis Hidra Liso Champô para Cabelos Difíceis de Alisar embalagem 400 ml,Fructis Hidra Liso,,"5,99 €","(14,98 € / Litro)",
"Valle Pradinhos Vinho Tinto de Trás- os - Montes Magnum garrafa 1,5 L",Valle Pradinhos,,"31,98 €","(21,32 € / Litro)",
Call Valls Sumo de Maçã  Biológico garrafa 1 L,Call Valls,,"4,09 €","(4,09 € / Litro)",
"Sierra Nevada Cerveja dos EUA IPA Session Editon lata 35,5 cl",Sierra Nevada,,"4,39 €","(12,37 € / Litro)",
Sagres Cerveja pack 6 unidades embalagem 25 cl,Sagres,,"3,99 €","(2,66 € / Litro)",
Condicionador Aqualight embalagem 275 ml,,,"4,99 €","(18,15 € / Litro)",
El Corte Inglés Fraldas 17 a 28 Kg Tamanho 6 embalagem 29 unidades,El Corte Inglés,,"6,60 €","(0,23 € / Unidade)",
8ª Colina Cerveja Artesanal Borges Imperial Stout garrafa 33 cl,8ª Colina,,"2,85 €","(8,64 € / Litro)",
Lipton Ice Tea de Limão garrafa 2 L,Lipton Ice Tea,,"2,65 €","(1,32 € / Litro)",
"Sonatural Sumo de Maçã, Cenoura, Banana e Manga embalagem 250 ml",Sonatural,,"1,99 €","(7,96 € / Litro)",
Nestlé Maçã e Manga desde os 6 Meses sem Glúten embalagem 90 g,Nestlé,,"1,05 €","(11,67 € / Kg)",
"Knorr Las Clásicas Creme de Alicia com Abóbora, Cenoura e Ervilhas embalagem 500 ml",Knorr Las Clásicas,,"2,89 €","(5,78 € / Litro)",
Fumeiros da Guarda Selecção Morcela embalagem 250 g,Fumeiros da Guarda Selecção,,"2,35 €","(9,40 € / Kg)",
Caçarola Crackies de Milho sem Sal embalagem 130 g,Caçarola,,"1,19 €","(9,15 € / Kg)",
"Royal Fermento de Padeiro embalagem 27,5 g",Royal,,"2,19 €","(79,64 € / Kg)",
El Corte Inglés Ambientador Aerossol Roupa Limpa embalagem 300 ml,El Corte Inglés,,"0,99 €","(3,30 € / Litro)",
Rana Ravioli Cogumelos do Bosque embalagem 250 g,Rana,,"3,69 €","(14,76 € / Kg)",
"Diaz Chouriço Ibérico em Fatias ""Já Cortado"" sem Glúten unidade 200 g",Diaz,,"5,85 €","(29,25 € / Kg)",
Isola Bio Sumo de Ananás Sem Açúcar Biológico Pack 3 embalagem 200 ml,Isola Bio,,"3,90 €","(19,50 € / Litro)",
Nivea Men Creme de Rosto Sensitive Pro Ultra-Calming com Sementes de Hemp embalagem 75 ml,Nivea Men,,"11,99 €","(159,87 € / Litro)",
Evax Fina & Segura Pensos Higiénicos Maxi/Super embalagem 13 unidades,Evax Fina & Segura,,"1,99 €","(0,15 € / Unidade)",
Dom Rafael Vinho Tinto do Alentejo garrafa 75 cl,Dom Rafael,,"9,99 €","(13,32 € / Litro)",
Cadbury Chocolates Eclairs embalagem 420 g,Cadbury,,"4,95 €","(11,79 € / Kg)",
Efiseptyl Porta Fio Dental Anti-Bacteriano 3 em 1 embalagem 18 unidades,Efiseptyl,,"2,59 €","(0,14 € / Unidade)",
El Corte Inglés Canelones de Carne 2 Porções embalagem 600 g,El Corte Inglés,,"3,29 €","(5,48 € / Kg)",
Eno Digestivo Pó para Bebida Efervescente Original Pack 10 embalagem 5 g,Eno Digestivo,,"4,99 €","(99,80 € / Kg)",
Condi Chocolate Granulado frasco 250 g,Condi,,"3,65 €","(14,60 € / Kg)",
Colgate Max White One Elixir embalagem 500 ml,Colgate Max White One,,"6,99 €","(13,98 € / Litro)",
Red Bull Bebida Energética de Melancia lata 25 cl,Red Bull,,"1,39 €","(5,56 € / Litro)",
Boletus Cogumelos de Cultivo frasco 180 g,Boletus,,"1,95 €","(10,83 € / Kg)",
"Jardin Bio Esparguete Quinoa, Salsa e Alho Biológico embalagem 500 g",Jardin Bio,,"5,35 €","(10,70 € / Kg)",
Vieira Cream Cracker Bolachas embalagem 200 g,Vieira Cream Cracker,,"0,95 €","(4,75 € / Kg)",
Delta Café Torrado Moído Descafeinado embalagem 16 pastilhas,Delta,,"3,15 €","(28,12 € / Kg)",
Beretta Presunto de Parma DOP unidade 70 g,Beretta,,"4,49 €","(64,14 € / Kg)",
Beretta Presunto Parma kg,Beretta,,"57,95 €/kg",,
Veet Bandas de Cera Depilatória Fria para Peles Normais embalagem 40 unidades,Veet,,"16,99 €","(0,42 € / Unidade)",
Fini Marshmallow Bicolor embalagem 80 g,Fini,,"0,89 €","(11,12 € / Kg)",
La Española Azeitonas Verdes Recheadas com Anchova Suaves Pack 3 lata 120 g,La Española,,"4,49 €","(12,47 € / Kg)",
Espiga Mostarda Grão embalagem 60 g,Espiga,,"1,05 €","(17,50 € / Kg)",
Viñas Altas Manzanilla garrafa 75 cl,Viñas Altas,,"3,99 €","(5,32 € / Litro)",
"Andros Sumo Fresco de Clementina embalagem 1,5 L",Andros,,"5,59 €","(3,73 € / Litro)",
Président Queijo Ralado 4 Queijos embalagem 150 g,Président,,"2,99 €","(19,93 € / Kg)",
Chouriço 100% Ibérico Bolota peso aproximado por ao peso 1 kg,,,"25,99 €/kg",,
Kellogg's Cereais Krave sabor Leite embalagem 410 g,Kellogg's,,"4,49 €","(10,95 € / Kg)",
Quinta das Lamelas Vinho do Porto 20 Anos garrafa 75 cl,Quinta das Lamelas,,"46,90 €","(62,53 € / Litro)",
Gerber Snack de Banana Bio embalagem 35 g,Gerber,,"2,35 €","(67,14 € / Kg)",
La Molisana Fusilli Integral embalagem 500 g,La Molisana,,"1,99 €","(3,98 € / Kg)",
Ambi Pur 3 Volution Ambientador Eléctrico Ar Fresco Recarga embalagem 21 ml,Ambi Pur 3 Volution,,"6,99 €","(332,86 € / Litro)",
Cadbury Chocolate Dairy Milk Fruit e Nut embalagem 180 g,Cadbury,,"3,69 €","(20,50 € / Kg)",
Poppels Cerveja da Suécia Dipa Double India Pale Ale garrafa 33 cl,Poppels,,"4,89 €","(14,82 € / Litro)",
El Corte Inglés Atum em Azeite Virgem Extra lata 82 g,El Corte Inglés,,"1,95 €","(17,57 € / Kg)",
El Corte Inglés Bio Tortilha de Batata Fresca com Cebola sem Glúten e sem Lactose Biológica embalagem 500 g,El Corte Inglés Bio,,"5,95 €","(11,90 € / Kg)",
Tetley Infusão de Lúcia-Lima embalagem 10 unidades,Tetley,,"0,99 €","(0,10 € / Unidade)",
Oleander Amêndoas Biológicas sem Pele embalagem 200 g,Oleander,,"7,29 €","(36,45 € / Kg)",
Tomate Mini Cherry embalagem 250 g,,,"1,29 €","(5,16 € / Kg)",
5 Jotas Lombo Ibérico de Bolota Pata Negra em Fatias embalagem 80 g,5 Jotas,,"16,99 €","(212,38 € / Kg)",
Miravalles Biqueirão em Molho de Tomate e Cebola embalagem 100 g,Miravalles,,"2,99 €","(29,90 € / Kg)",
Elpozo 1954 Fiambre da Perna Superior sem Lactose e sem Glúten unidade 5 kg,Elpozo 1954,,"14,99 €/kg",,
"Cola Cao Achocolatado Original embalagem 2,5 kg",Cola Cao,,"19,95 €","(7,98 € / Kg)",
Excellence Creme Coloração Nº 7.3 Louro Dourado embalagem 1 unidade,Excellence Creme,,"11,99 €","(11,99 € / Unidade)",
Syoss Oleo Intense Coloração Permanente Nº 5-10 Castanho Claro embalagem 1 unidades,Syoss Oleo Intense,,"11,29 €","(11,29 € / Unidade)",
El Corte Inglés Pano Microfibra para Secar Loiça pack 2 unidades,El Corte Inglés,,"1,65 €","(0,82 € / Unidade)",
Sadiva Hambúrguer Vegetal ao Estilo de Frango sem Lactose e sem Glúten Pack 2 embalagem 110 g,Sadiva,,"4,99 €","(22,68 € / Kg)",
Condi Preparado para Bolo Brigadeiro embalagem 630 g,Condi,,"4,49 €","(7,13 € / Kg)",
Whisky Irlandês 16 Anos garrafa 70 cl,,,"89,90 €","(128,43 € / Litro)",
Nestlé L'Atelier Les Bouchées Chocolate Sortido Mediant embalagem 265 g,Nestlé L'Atelier Les Bouchées,,"9,49 €","(35,81 € / Kg)",
Campodulce Presunto Serrano em Fatias unidade 150 g,Campodulce,,"4,95 €",(33 € / Kg),
Arcor Bombom de Chocolate de Leite embalagem 480 g,Arcor,,"5,85 €","(12,19 € / Kg)",
Cabra D'Ouro Queijo Fresco de Cabra Pack 5 x 30 g embalagem 150 g,Cabra D'Ouro,,"4,99 €","(33,27 € / Kg)",
El Corte Inglés Bio Tomate Frito Extra sem Glúten Biológico frasco 340 g,El Corte Inglés Bio,,"2,65 €","(7,79 € / Kg)",
Peito de Peru Peso Aproximado 1 kg,,,"6,95 €/kg",,
Coslys Champô sem Sulfatos Extrato de Pessegueiro embalagem 380 ml,Coslys,,"9,90 €","(26,05 € / Litro)",
Royal Caramelo Líquido garrafa 400 g,Royal,,"2,69 €","(6,72 € / Kg)",
Gogo Squeez Maçã e Pera 100% Fruta embalagem 360 g,Gogo Squeez,,"3,89 €","(10,81 € / Kg)",
"Simple Rebuçados com Stevia de Equinácea, Menta e Própolis embalagem 50 g",Simple,,"2,05 €",(41 € / Kg),
"El Pozo Salsichão Montanhês sem Glúten Peso Aproximado por unidade 1,7 kg",El Pozo,,"18,49 €/kg",,
Mimosa Bem Essencial Leite com Sabor a Cereais Pack 4 embalagem 200 ml,Mimosa Bem Essencial,,"1,99 €","(2,49 € / Litro)",
Musa Cerveja Artesanal Red Zeppelin garrafa 33 cl,Musa,,"2,79 €","(8,45 € / Litro)",
Condi Chocolate em Pó embalagem 100 g,Condi,,"1,05 €","(10,50 € / Kg)",
Castelões Queijo Curado em Fatias embalagem 200 g,Castelões,,"2,49 €","(12,45 € / Kg)",
Alice Vinho Branco do Douro garrafa 75 cl,Alice,,"7,89 €","(10,52 € / Litro)",
Espiga Cebola e Alho frasco 35 g,Espiga,,"2,19 €","(62,57 € / Kg)",
Delta Café Moído Torrado Lote Colômbia Moagem Universal embalagem 220 g,Delta,,"3,69 €","(16,77 € / Kg)",
Koala Salada de Frutas em Calda lata 425 g,Koala,,"2,05 €","(4,82 € / Kg)",
El Corte Inglés Salada Gourmet embalagem 175 g,El Corte Inglés,,"1,59 €","(9,09 € / Kg)",
Gogo Squeez Maçã e Pêssego 100% Fruta embalagem 90 g,Gogo Squeez,,"0,99 €",(11 € / Kg),
Marnoto Flor de Sal em Saco de Algodão embalagem 125 g,Marnoto,,"3,95 €","(31,60 € / Kg)",
Men Expert Fresh Extreme Desodorizante Roll-On embalagem 50 unidade,Men Expert Fresh Extreme,,"3,99 €","(79,80 € / Litro)",
Espiga Pimenta Branca em Grão embalagem 55 g,Espiga,,"2,39 €","(43,45 € / Kg)",
Raposeira Espumante Reserva Bruto garrafa 75 cl,Raposeira,,"8,39 €","(11,19 € / Litro)",
Cristasol Spray Limpa Vidros embalagem 750 ml,Cristasol,,"3,30 €","(4,40 € / Litro)",
El Corte Inglés Refrigerante de Laranja com Gás lata 33 cl,El Corte Inglés,,"0,39 €",,
Haagen-Dazs Gelado Duo de Chocolate Belga e Baunilha embalagem 420 ml,Haagen-Dazs,,"6,79 €","(16,17 € / Litro)",
Mackays Chutney de Tomate Seco e Pimenta Defumada frasco 225 g,Mackays,,"4,09 €","(18,18 € / Kg)",
Meia Baguete de 6 Cereais unidade 110 g,,,"0,80 €","(7,27 € / Kg)",
Colgate Max White Pasta de Dentes Crystal Mint embalagem 75 ml,Colgate Max White,,"3,09 €","(41,20 € / Litro)",
Ceres 100% Sumo de Laranja sem Açúcar embalagem 200 ml,Ceres,,"0,95 €","(4,75 € / Litro)",
Branca de Neve Farinha Super Fina embalagem 1 kg,Branca de Neve,,"2,29 €","(2,29 € / Kg)",
Quinta de Gomariz Vinho Rosé Verde Espadeiro garrafa 75 cl,Quinta de Gomariz,,"5,69 €","(7,59 € / Litro)",
Alpro Bebida de Coco sem Açúcar embalagem 1 L,Alpro,,"2,69 €","(2,69 € / Litro)",
Próvida Fermento Biológico embalagem 45 g,Próvida,,"5,55 €","(123,33 € / Kg)",
Gin Lovers Kit Lisboa Gin,Gin Lovers,,"59,99 €","(59,99 € / Unidade)",
Nescafé Dolce Gusto Café Espresso Intensidade 5 embalagem 16 cápsulas,Nescafé Dolce Gusto,,"5,99 €","(0,30 € / Unidade)","5,99 €"
Coslys Desodorizante Lotus 48H embalagem 50 ml,Coslys,,"5,70 €",(114 € / Litro),
Nestlé Chocolate Culinário Branco sem Glúten Postres embalagem 180 g,Nestlé,,"2,49 €","(13,83 € / Kg)",
Swiffer Mopa para Madeira Recarga embalagem 34 unidades,Swiffer,,"7,59 €","(0,22 € / Unidade)",
Codyfer Atacador Preto Encerado 150 cm 1 unidade,Codyfer,,"2,85 €","(2,85 € / Unidade)",
Frutidry Frutos Secos Recheados embalagem 250 g,Frutidry,,"5,79 €","(23,16 € / Kg)",
Tassimo L'Or Café Espresso Cappuccino embalagem 16 cápsulas,Tassimo L'Or,,"5,39 €","(0,34 € / Unidade)",
Quinta da Terrugem Vinho Tinto do Alentejo garrafa 75 cl,Quinta da Terrugem,,"11,99 €","(15,99 € / Litro)",
OGX Óleo para Cabelo Anti-Queda Queratina embalagem 118 ml,OGX,,"9,99 €","(84,66 € / Litro)",
Silvex Sacos do Lixo Reciclados 130 Litros 10 unidades,Silvex,,"4,25 €","(0,42 € / Unidade)",
El Corte Inglés Selection Queijo Velho unidade 250 g,El Corte Inglés Selection,,"5,39 €","(21,56 € / Kg)",
Jean Louis David Lima de Cartão embalagem 1 unidade,Jean Louis David,,"3,06 €","(3,06 € / Unidade)",
Bimbo Pães de Leite 8 Unidades embalagem 280 g,Bimbo,,"1,85 €","(6,61 € / Kg)",
"Cabriz Vinho Tinto do Dão Reserva Magnum garrafa 1,5 L",Cabriz,,"20,99 €","(13,99 € / Litro)",
El Corte Inglés Selection Pizza de Fiambre e Queijo embalagem 390 g,El Corte Inglés Selection,,"4,95 €","(10,10 € / Kg)",
Croustipate Massa Pizza sem Glúten embalagem 260 g,Croustipate,,"3,39 €","(13,04 € / Kg)",
Vioblock Manteiga com Sal embalagem 250 g,Vioblock,,"2,99 €","(9,56 € / Kg)","2,99 €"
El Corte Inglés Bio Pistachos Crús Biológicos embalagem 200 g,El Corte Inglés Bio,,"9,99 €","(49,95 € / Kg)",
El Corte Inglés Selection Mexilhões em Molho de Vieira 8/12 Unidades lata 69 g,El Corte Inglés Selection,,"3,45 €",(50 € / Kg),
Pantene Volume Texturizante embalagem 250 ml,Pantene,,"9,99 €","(29,96 € / Litro)","9,99 €"
Casa de S. Miguel Mel de Rosmaninho frasco 250 g,Casa de S. Miguel,,"5,09 €","(20,36 € / Kg)",
Special Line Óleo de Rosa Mosqueta com Essência de Rosas embalagem 50 ml,Special Line,,"8,30 €",(166 € / Litro),
Frei João Vinho Tinto da Bairrada garrafa 75 cl,Frei João,,"3,99 €","(5,32 € / Litro)",
Lola Shampoo Fortificante embalagem 250 ml,Lola,,"10,54 €","(42,16 € / Litro)",
Fanta Refrigerante de Laranja com Gás embalagem 33 cl,Fanta,,"0,79 €","(2,39 € / Litro)",
Mr Cheese Queijo Gouda 1000 Dias de Cura embalagem 200 g,Mr Cheese,,"32,59 €/kg",,
Brasmar Lombos de Bacalhau da Noruega embalagem 2 kg,Brasmar,,"49,90 €","(24,95 € / Kg)",
Dr. Beckmann Limpa Frigoríficos embalagem 250 ml,Dr. Beckmann,,"4,29 €","(17,16 € / Litro)",
E.A Vinho Tinto do Alentejo Biológico garrafa 75 cl,E.A,,"9,49 €","(12,65 € / Litro)",
Lindamccartney Salsichas Vegan Cebola e Alecrim embalagem 270 g,Lindamccartney,,"3,99 €","(14,78 € / Kg)",
Scotch Brite Esfregão Fibra com Esponja Não Risca embalagem 2 unidades,Scotch Brite,,"2,65 €","(1,32 € / Unidade)",
Quinta do Gradil Vinho Branco de Lisboa Chardonnay garrafa 75 cl,Quinta do Gradil,,"10,49 €","(13,99 € / Litro)",
Not Guilty Manteiga de Amendoim frasco 200 g,Not Guilty,,"3,49 €","(17,45 € / Kg)",
Affective Discreet Cuecas para Adultos com Incontinência Femininas Absorventes Plus Tamanho L embalagem 10 unidades,Affective Discreet,,"12,85 €","(1,28 € / Unidade)",
Cantinho das Aromáticas Condimento de Oregãos Biológico embalagem 20 g,Cantinho das Aromáticas,,"3,15 €","(157,50 € / Kg)",
Nobre Vegalia Salsichas de Tofu Vegetarianas sem Lactose sem Glúten embalagem 200 g,Nobre Vegalia,,"2,79 €","(13,95 € / Kg)",
"El Pozo Presunto Grande Reserva Peso Aproximado por unidade 6,6 kg",El Pozo,,"25,49 €/kg",,
Penetra Vinho Branco de Mesa Malvasia do Douro garrafa 75 cl,Penetra,,"19,10 €","(25,47 € / Litro)",
Delta Café Café Torrado em Grão Lote Colômbia embalagem 220 g,Delta Café,,"3,69 €","(16,77 € / Kg)",
Air Wick Botanica Sticks Perfumados de Hortelã Marroquina e Toranja Rosa embalagem 80 ml,Air Wick Botanica,,"8,49 €","(106,12 € / Litro)",
Syoss Oleo Intense Coloração Nº 9-10 Louro Luminoso embalagem 1 unidade,Syoss Oleo Intense,,"11,29 €","(11,29 € / Unidade)",
Babaria Desodorizante Spray Zero 200 ml,Babaria,,"3,69 €","(18,45 € / Litro)",
Veckia Dentífrico + Elixir Branqueador embalagem 100 ml,Veckia,,"1,05 €","(1,05 € / 10 ml.)",
Lu Prince Bolachas Recheadas com Chocolate embalagem 300 g,Lu Prince,,"1,99 €","(6,63 € / Kg)",
Caçarola Massa Ninhos com Ovo embalagem 500 g,Caçarola,,"2,39 €","(4,78 € / Kg)",
Prestige Queijo Brie unidade 125 g,Prestige,,"2,79 €","(22,32 € / Kg)",
Mentos Rebuçados de Menta Pack 3 embalagem 120 g,Mentos,,"1,89 €","(15,75 € / Kg)",
Queijaria de S. Romão Queijo de Ovelha Curado Amanteigado,Queijaria de S. Romão,,"17,99 €/kg",,
"Nutrégi Snack 0% Iogurte Magro com Pedaços de Maçã, Ananás, Cenoura, Frutos Secos e Milho Pack 2 embalagem 150 g",Nutrégi Snack 0%,,"1,79 €","(0,01 € / Kg)",
Milka Bolachas Wafer Cobertas com Chocolate de Leite embalagem 180 g,Milka,,"2,39 €","(13,28 € / Kg)",
Pommery Champanhe Rosé garrafa 75 cl,Pommery,,"64,50 €",(86 € / Litro),
"Herdade do Barão Queijo de Vaca, Cabra e Ovelha Curado Apimentado unidade 190 g",Herdade do Barão,,"3,49 €","(18,37 € / Kg)",
Alpro Bebida de Soja Proteina sabor Caramelo e Café embalagem 250 ml,Alpro,,"1,09 €","(3,48 € / Litro)","1,09 €"
DOCE CONTRAD Fantasias de Natal de Chocolate caixa 100 g,DOCE CONTRAD,,"2,49 €","(24,90 € / Kg)",
Tena Cuecas para Adultos com Incontinência Absorventes Pants Plus Tamanho L embalagem 14 unidades,Tena,,"16,79 €","(0,90 € / Unidade)","16,79 €"
Madre de Àgua Vinho Branco do Dão Madre Colheita Tardia garrafa 50 cl,Madre de Àgua,,"16,95 €","(33,90 € / Litro)",
Espiga Salva Folha frasco 12 g,Espiga,,"1,29 €","(107,50 € / Kg)",
Beiralacte Queijo de Ovelha Curado Reserva Peso Aproximado por unidade 800 g,Beiralacte,,"20,71 €","(25,89 € / Kg)",
Annas Bolachas Finas de Gengibre embalagem 150 g,Annas,,"2,24 €","(14,93 € / Kg)",
Yoçor Iogurte Magro Aroma a Frutos Vermelhos 0% Açúcares Adicionados sem Lactose Pack 4 embalagem 125 g,Yoçor,,"2,39 €","(4,78 € / Kg)",
Lindt Excellence Chocolate Preto com Pedaços de Limão embalagem 100 g,Lindt Excellence,,"2,79 €","(27,90 € / Kg)",
Gullón Zero Bolachas Digestivas de Aveia sem Açúcares Adicionados embalagem 410 g,Gullón Zero,,"3,45 €","(8,41 € / Kg)",
Harpic Fresh Power Bloco Sanitário Flor Tropical embalagem 1 unidade,Harpic Fresh Power,,"3,29 €","(3,29 € / Unidade)",
WILLIAMS Desodorizante Ice Blue Stick Expert embalagem 75 ml,WILLIAMS,,"4,35 €","(5,80 € / 10 ml.)",
Diadermine Sérum Regenerador Lift + Botology embalagem 30 ml,Diadermine,,"23,99 €","(799,67 € / Litro)",
Ox Nature Matcha Chá Verde Biológico embalagem 70 g,Ox Nature,,"18,89 €","(269,86 € / Kg)",
El Corte Inglés Gelado de Torrão embalagem 1000 ml,El Corte Inglés,,"1,99 €","(4,42 € / Litro)",
Andresen Vinho do Porto LBV garrafa 75 cl,Andresen,,"17,50 €","(23,33 € / Litro)",
Coren Selecta Secreto de Porco Peso Aproximado por cuvete 300 g,Coren Selecta,,"5,69 €","(18,95 € / Kg)",
Kellogg's Special K Cereais com Chocolate Preto embalagem 375 g,Kellogg's Special K,,"4,39 €","(11,71 € / Kg)",
Seeberger Figos Secos embalagem 200 g,Seeberger,,"3,99 €","(19,95 € / Kg)",
Cem Porcento Cereais + Proteína Choco Crispies sem Adição de Açúcar embalagem 250 g,Cem Porcento,,"4,99 €","(19,96 € / Kg)",
Saborosa Bolachas Belgas Cobertas com Chocolate embalagem 198 g,Saborosa,,"2,09 €","(10,56 € / Kg)",
Enso Sopa Miso embalagem 60 g,Enso,,"3,69 €","(61,50 € / Kg)",
Miguelañez Gomas Jellypack Parisiense embalagem 150 g,Miguelañez,,"2,79 €","(13,95 € / Kg)",
El Corte Inglés Sacos do Lixo Cinzentos 85 x 105 cm 100 L embalagem 10 unidades,El Corte Inglés,,"2,05 €","(0,20 € / Unidade)",
Lactimonte Queijo Fresco de Cabra unidade 150 g,Lactimonte,,"1,59 €","(10,60 € / Kg)",
Fructis Champô Super Revitalização de Melancia para Cabelos Normais a Finos embalagem 350 ml,Fructis,,"6,59 €","(18,83 € / Litro)",
+ Cru Goji do Tibete Biológico embalagem 250 g,+ Cru,,"11,99 €","(47,96 € / Kg)",
Vieira Bolachas de Água e Sal com Azeite e Azeitonas Pack 12 embalagem 192 g,Vieira,,"3,39 €","(17,66 € / Kg)",
Drink6 Sumo Cold Care Shot 100% Natural sem Glúten embalagem 60 ml,Drink6,,"2,19 €","(36,50 € / Litro)",
Vallado Vinho do Porto 10 Anos garrafa 50 cl,Vallado,,"18,45 €","(36,90 € / Litro)",
El Corte Inglés Leite Gordo sem Lactose embalagem 1 L,El Corte Inglés,,"1,05 €","(1,05 € / Litro)",
Millan Vicente Queijo Cheddar em Fatias embalagem 150 g,Millan Vicente,,"1,99 €","(13,27 € / Kg)",
Iogurte Líquido Magro sabor Morango e Framboesa Pack 8 unidades embalagem 156 ml,,,"3,99 €","(25,58 € / Litro)",
Finish Detergente para Máquina de Lavar Loiça All in 1 Regular embalagem 69 capsulas,Finish,,"32,49 €","(0,19 € / Unidade)","32,49 €"
1808 Vinho Tinto da Beira Interior garrafa 75 cl,1808,,"5,99 €","(7,99 € / Litro)",
Ferrarini Queijo de Itália Parmigiano Reggiano Taquit sem Fosfatos embalagem 200 g,Ferrarini,,"6,49 €","(32,45 € / Kg)",
"Quinta de Lafões Frango Inteiro sem Miúdos Peso Aproximado por cuvete 1,2 kg",Quinta de Lafões,,"5,51 €","(4,59 € / Kg)",
"Soflan Classic Detergente Líquido para Roupa Delicada e Lãs 36 Doses embalagem 1,8 L",Soflan Classic,,"5,99 €","(3,33 € / Litro)",
Bote Vinho Tinto de Setúbal garrafa 75 cl,Bote,,"4,49 €","(5,99 € / Litro)",
Fini Gomas Jolly Jamboree embalagem 165 g,Fini,,"1,59 €","(9,64 € / Kg)",
Glade By Brise Ambientador Aerossol de Lavanda embalagem 300 ml,Glade By Brise,,"2,04 €","(6,80 € / Litro)",
"Helios Conjunto de Três Doces Pêssego, Figo Negro e Framboesa para Foie frasco 135 g",Helios,,"3,59 €","(26,59 € / Kg)",
Danet Creme de Caramelo Pack 4 embalagem 125 g,Danet,,"1,99 €","(3,98 € / Kg)",
Vahiné Aroma de Baunilha frasco 200 ml,Vahiné,,"4,49 €","(22,45 € / Litro)",
Quinta da Romaneira Vinho Tinto do Douro garrafa 75 cl,Quinta da Romaneira,,"21,90 €","(29,20 € / Litro)",
Ras 17 Geleinha do Rio embalagem 20 g,Ras 17,,"8,49 €","(424,50 € / Kg)",
Desiam Molho de Curry Vermelho com Legumes embalagem 200 g,Desiam,,"4,95 €","(24,75 € / Kg)",
Cif Easy Clean Cozinha 750 ml,Cif Easy Clean,,"4,99 €","(6,65 € / Litro)",
Espiga 5 Pimentas embalagem 50 g,Espiga,,"1,95 €",(39 € / Kg),
Uva Red Globe Peso Aproximado por embalagem 500 g,,,"2,99 €","(4,78 € / Kg)","2,99 €"
El Corte Inglés Selection Pêssego em Calda 5/7 Metades lata 480 g,El Corte Inglés Selection,,"2,95 €","(6,15 € / Kg)",
Filippo Berio Azeite Virgem Extra Spray garrafa 200 ml,Filippo Berio,,"4,10 €","(20,50 € / Litro)",
Pescanova Favas Finas embalagem 500 g,Pescanova,,"2,49 €","(4,98 € / Kg)",
Penetra Vinho Branco  de Mesa Arinto do Douro garrafa 00075 cl,Penetra,,"15,90 €","(21,20 € / Litro)",
Secos da Aldeia Miolo de Amêndoa Granulada embalagem 100 g,Secos da Aldeia,,"1,99 €","(19,90 € / Kg)",
+ Cru Amêndoas com Pele Crua Biológicas embalagem 250 g,+ Cru,,"11,29 €","(45,16 € / Kg)",
Casal Sta. Maria Vinho Branco de Lisboa Bruma garrafa 75 cl,Casal Sta. Maria,,"8,95 €","(11,93 € / Litro)",
Yogi Tea Infusão de Ervas Detox Biológica embalagem 17 unidades,Yogi Tea,,"4,09 €","(0,24 € / Unidade)",
Starbucks Café Blonde Espresso para Dolce Gusto Intensidade 6 embalagem 12 cápsulas,Starbucks,,"5,39 €","(0,45 € / Unidade)",
Bacalhôa Vinho Branco de Setúbal Chardonnay garrafa 75 cl,Bacalhôa,,"11,99 €","(15,99 € / Litro)",
Oh K! Kombucha Pure de Chá Verde e Jasmim Biológica garrafa 750 ml,Oh K!,,"7,85 €","(10,47 € / Litro)",
Benlian Tortas de Arroz com Chia e Quinoa sem Glúten embalagem 100 g,Benlian,,"0,99 €","(9,90 € / Kg)",
Salada Micromix embalagem 125 g,,,"6,95 €","(55,60 € / Kg)",
Arnaud Paté Terrina de Pato frasco 180 g,Arnaud,,"2,59 €","(14,39 € / Kg)",
Nestlé Fitness Cereais Fitness Chocolate Preto e Banana embalagem 330 g,Nestlé Fitness,,"3,99 €","(12,09 € / Kg)",
La Piara Paté de Gambas lata 75 g,La Piara,,"2,39 €","(31,87 € / Kg)",
"Fruut Mix Crocante de Maçã, Coco e Abacaxi Vegan sem Glúten embalagem 60 g",Fruut,,"2,25 €","(37,50 € / Kg)",
Bonne Maman Doce Extra de Mirtilos Silvestres frasco 370 g,Bonne Maman,,"3,49 €","(9,43 € / Kg)",
Qeuijo Mozzrella Bufala Dop unidade 125 g,,,"2,89 €","(23,12 € / Kg)",
Iglo Cebola Picada embalagem 350 g,Iglo,,"1,19 €","(3,40 € / Kg)",
Iggy's Pão Pita Maxi 5 Unidades embalagem 400 g,Iggy's,,"2,65 €","(6,62 € / Kg)",
Condi Preparado para Gelatina de Frutos do Bosque embalagem 170 g,Condi,,"1,75 €","(10,29 € / Kg)",
Bio Puro Detergente Líquido para a Roupa Branca Biológico embalagem 1 L,Bio Puro,,"7,35 €","(7,35 € / Litro)",
Real Lavrador Vinho Branco do Alentejo garrafa 75 cl,Real Lavrador,,"2,49 €","(3,32 € / Litro)",
Boklunder Salsichas Hot Dog 6 Unidades frasco 550 g,Boklunder,,"3,99 €","(5,89 € / Kg)","3,99 €"
Ines Rosales Tortas de Azeite Vegan 6 Unidades embalagem 180 g,Ines Rosales,,"2,35 €","(13,06 € / Kg)",
Quinta da Esperança Vinho Tinto Regional do Alentejo Escolha Touriga Nacional garrafa 300 cl,Quinta da Esperança,,"27,99 €","(9,33 € / Litro)",
"Solan de Cabras Água sem Gás garrafa 1,5 L",Solan de Cabras,,"1,89 €","(1,26 € / Litro)",
Guinea's Moamba lata 410 g,Guinea's,,"3,75 €","(9,15 € / Kg)",
GOT2B Creme em Pó com Textura embalagem 150 ml,GOT2B,,"6,59 €","(43,93 € / Litro)",
Companhia das Abóboras Doce de Abóbora frasco 300 g,Companhia das Abóboras,,"3,45 €","(11,50 € / Kg)",
The Berry Company Sumo de Açai embalagem 33 cl,The Berry Company,,"1,69 €","(5,12 € / Litro)",
Kaiku Leite Sem Lactose Semi Desnatado embalagem 1 L,Kaiku,,"1,39 €","(1,39 € / Litro)",
Encosta do Sobral Vinho Tinto do Tejo Touriga Nacional garrafa 75 cl,Encosta do Sobral,,"9,49 €","(12,65 € / Litro)",
"Abacaxi Sweet Gold Gama Ouro Peso Aproximado unidade 1,7 kg",,,"1,99 €/kg",,
Tenorio Atum Filete ao Natural lata 120 g,Tenorio,,"2,69 €","(22,42 € / Kg)",
Chimay Cerveja da Bélgica Grande Reserva garrafa 75 cl,Chimay,,"8,69 €","(11,59 € / Litro)",
Johnson's Baby Champô de Camomila embalagem 500 ml,Johnson's Baby,,"3,89 €","(7,78 € / Litro)",
Super Bock Selecção 1927 Cerveja Artesanal Munich Dunkel garrafa 75 cl,Super Bock Selecção 1927,,"3,59 €","(4,79 € / Litro)",
Dum Dum Insecticida Anti-Traça Perfume de Maçã Verde 2 unidades,Dum Dum,,"3,99 €",(2 € / Unidade),
Dodot Aqua Pure Toalhitas Infantis embalagem 48 unidades,Dodot Aqua Pure,,"2,49 €","(0,05 € / Unidade)",
Renova Papel Higiénico Verde embalagem 4 unidades,Renova,,"4,73 €","(1,18 € / Unidade)",
Globo Cocktail de Frutas lata 825 g,Globo,,"3,25 €","(3,94 € / Kg)",
Picagrill Cubitos Tostados Normal embalagem 75 g,Picagrill,,"1,05 €",(14 € / Kg),
Hofstetten Cerveja da Áustria GranitBoock garrafa 33 cl,Hofstetten,,"4,99 €","(15,12 € / Litro)",
El Corte Inglés Ervilhas Finas embalagem 1 kg,El Corte Inglés,,"1,49 €","(1,49 € / Kg)",
Brewdog Cerveja Elvis Juice garrafa 33 cl,Brewdog,,"2,85 €","(8,64 € / Litro)",
Conde de Vimioso Vinho Tinto do Tejo Sommelier Edition garrafa 75 cl,Conde de Vimioso,,"7,99 €","(10,65 € / Litro)",
RTM Tábua de Queijos Mediterranea unidade 200 g,RTM,,"8,99 €","(44,95 € / Kg)",
Villa Jolanda Espumante Rosé Moscato garrafa 75 cl,Villa Jolanda,,"5,39 €","(7,19 € / Litro)",
Iswari Cacau em Pó Cru Biológico embalagem 250 g,Iswari,,"7,29 €","(29,16 € / Kg)",
Napolitana Esparguete embalagem 500 g,Napolitana,,"0,80 €","(1,60 € / Kg)",
Nestlé Dark Chocolate Negro 70% Cacau sem Glúten tablete 250 g,Nestlé Dark,,"3,79 €","(15,16 € / Kg)",
El Almendro Sticks de Torrão de Chocolate e Caramelo embalagem 126 g,El Almendro,,"6,25 €","(49,60 € / Kg)",
Martini Vermute Rosso Mini Pack 10 garrafa 6 cl,Martini,,"9,09 €","(15,15 € / Litro)",
Lipton Ice Tea de Limão Zero Açúcar garrafa 2 L,Lipton,,"2,29 €","(1,14 € / Litro)",
Palmolive Naturals Gel de Banho Azeitona e Leite embalagem 500 ml,Palmolive Naturals,,"4,49 €","(8,98 € / Litro)",
Grand-Mère Mousse de Pato kg,Grand-Mère,,"18,98 €/kg",,
Pasta do Dia Massa para Pizza embalagem 230 g,Pasta do Dia,,"2,15 €","(9,35 € / Kg)",
Codyfer Atacador Marron Encerado 90 cm 1 unidade,Codyfer,,"2,15 €","(2,15 € / Unidade)",
Cirio Tomate em Cubos lata 400 g,Cirio,,"1,99 €","(4,98 € / Kg)",
Maybelline Brow Extensions Lápis de Sobrancelhas Nº 06 Deep embalagem 1 unidade,Maybelline Brow Extensions,,"9,99 €",(2 € / Unidade),
Kikkoman Molho de Soja Menos Sal frasco 150 ml,Kikkoman,,"3,99 €","(26,60 € / Litro)",
Bottega Espumante Prosecco Poeti garrafa 75 cl,Bottega,,"8,49 €","(11,32 € / Litro)",
Oriente Arroz Basmati Biológico embalagem 1 kg,Oriente,,"5,45 €","(5,45 € / Kg)",
Segafredo Café em Grão Intermezzo embalagem 500 g,Segafredo,,"4,59 €","(9,18 € / Kg)",
Estrella Galicia Cerveja de Espanha Tostada sem Álcool Pack 6 garrafa 25 cl,Estrella Galicia,,"4,49 €","(2,99 € / Litro)",
Patak's Pasta Tikka Médio frasco 300 g,Patak's,,"4,45 €","(14,83 € / Kg)",
Poças Vinho Branco do Douro garrafa 75 cl,Poças,,"7,75 €","(10,33 € / Litro)",
"BI Refrigerante de Maracujá embalagem 1,5 L",BI,,"1,75 €","(1,17 € / Litro)",
Santa Catarina Filetes de Atum com Alecrim lata 120 g,Santa Catarina,,"3,09 €","(22,92 € / Kg)","3,09 €"
Pastor Serrano Queijo de Ovelha unidade 500 g,Pastor Serrano,,"11,99 €","(23,98 € / Kg)",
Bacalhôa Moscatel Roxo de Setúbal 5 Anos garrafa 75 cl,Bacalhôa,,"12,99 €","(17,32 € / Litro)",
Oral-B Ultrashine Escova de Dentes Eléctrica Recarga embalagem 2 unidades,Oral-B Ultrashine,,"14,99 €","(7,50 € / Unidade)",
Próvida Sementes de Linhaça Dourada Moída Bio embalagem 250 g,Próvida,,"2,29 €","(9,16 € / Kg)",
Sonatural Sumo de Gengibre e Maçã embalagem 750 ml,Sonatural,,"6,79 €","(9,05 € / Litro)",
Président Queijo Rolo de Cabra unidade 180 g,Président,,"5,19 €","(28,83 € / Kg)",
Cadbury Chocolates  Little Robns Daim embalagem 77 g,Cadbury,,"2,35 €","(30,52 € / Kg)",
Fortunna Naturally Unique Steak Tomahawk Novilho Maturada 21 Dias kg,Fortunna Naturally Unique,,"31,19 €","(25,99 € / Kg)",
Nobre Chispalhada lata 500 g,Nobre,,"2,35 €","(4,70 € / Kg)",
Compal Feijão Preto lata 845 g,Compal,,"1,99 €","(2,36 € / Kg)",
Capitão Iglo Hambúrgueres de Vaca 4 Unidades sem Glúten embalagem 320 g,Capitão Iglo,,"2,99 €","(9,34 € / Kg)",
São Jorge Queijo Regional Dop 7 Meses unidade 400 g,São Jorge,,"6,19 €","(15,48 € / Kg)",
OGX Champô Nutritivo Leite de Coco embalagem 385 ml,OGX,,"7,99 €","(221,94 € / Litro)",
Alternativa 3 Chocolate 75% Cacau Peru Biológico embalagem 80 g,Alternativa 3,,"3,45 €","(43,12 € / Kg)",
Casaleiro Conjunto 2 Vinhos Tinto do Tejo Reserva garrafa 75 cl,Casaleiro,,"9,98 €","(6,65 € / Litro)",
Megasil Biscoitos Carrilhos Regionais embalagem 500 g,Megasil,,"5,25 €","(10,50 € / Kg)",
Provamel Bebida de Amêndoa sem Açúcar Biológica embalagem 1 L,Provamel,,"3,45 €","(3,45 € / Litro)",
Miolo Pão de Espelta e Centeio Biológico unidade 450 g,Miolo,,"3,95 €","(8,78 € / Kg)",
Elpozo King Salsichas com Queijo Mozzarella embalagem 330 g,Elpozo King,,"3,29 €","(9,97 € / Kg)",
Paño Nature Mix de Frutos Secos Biológicos embalagem 90 g,Paño Nature,,"2,39 €","(26,56 € / Kg)",
Perrier Água com Gás garrafa 1 L,Perrier,,"1,95 €","(1,95 € / Litro)",
Arroz Branco 1 unidade,,,"2,50 €",,
Mackays Chutney de Beterraba Doce e Cebola Vermelha frasco 225 g,Mackays,,"3,74 €","(16,62 € / Kg)",
Minions Snack Chocolate e Baunilha embalagem 27 g,Minions,,"2,59 €","(23,98 € / Kg)",
El Corte Inglés Selection Lulas Recheadas em Azeite lata 72 g,El Corte Inglés Selection,,"3,45 €","(31,08 € / Kg)",
Renova Kids Papel Higiénico embalagem 9 unidades,Renova Kids,,"3,75 €","(0,47 € / Unidade)",
Heidel Chocolates Rocket lata 64 g,Heidel,,"9,95 €","(155,47 € / Kg)",
Colgate Escovilhões Interdentários embalagem 8 unidades,Colgate,,"5,99 €","(0,75 € / Unidade)",
Cogumelos Eryngi embalagem 200 g,,,"3,99 €","(19,95 € / Kg)",
Secos da Aldeia Amendoins Torrados Miúdo embalagem 200 g,Secos da Aldeia,,"1,89 €","(9,45 € / Kg)",
Rambol Queijo com Nozes,Rambol,,"29,99 €/kg",,
El Corte Inglés Café Etiopía para Nespresso Intensidade 7 embalagem 10 cápsulas,El Corte Inglés,,"2,39 €","(45,96 € / Kg)",
Sensodyne Pro-Esmalte Pasta de Dentes embalagem 75 ml,Sensodyne Pro-Esmalte,,"4,99 €","(66,53 € / Litro)",
Super Bock Cerveja Nacional Branca Pack 15 garrafa 33 cl,Super Bock,,"16,99 €","(3,43 € / Litro)",
Bernard & Fils Xarope de Ácer Maple Puro garrafa 251 ml,Bernard & Fils,,"11,29 €","(44,98 € / Litro)",
Aptamil Confort Leite de Transição 2 embalagem 800 g,Aptamil Confort,,"20,29 €","(25,36 € / Kg)",
Qampo Azeitonas Retalhadas DOP frasco 200 g,Qampo,,"1,65 €","(8,25 € / Kg)",
"Don Simon Sumo de Laranja, Manga e Cenoura sem Açúcar garrafa 1,5 L",Don Simon,,"1,39 €","(0,93 € / Litro)",
Chef Queijo Ralado para Gratinar embalagem 125 g,Chef,,"1,85 €","(14,80 € / Kg)",
Carm Vinho Tinto do Douro SO2 Touriga Nacional Biológico garrafa 75 cl,Carm,,"16,75 €","(22,33 € / Litro)",
Mercurochrome Compressas Esterilizadas embalagem 30 unidades,Mercurochrome,,"3,15 €","(0,10 € / Unidade)",
St. Dalfour Doce de Arando e Mirtilos frasco 284 g,St. Dalfour,,"4,39 €","(15,46 € / Kg)",
Iswari Adoçanate Xilitol embalagem 250 g,Iswari,,"6,40 €","(25,60 € / Kg)",
Bom Sucesso Arroz Agulha Extra Longo embalagem 1 kg,Bom Sucesso,,"1,39 €","(1,39 € / Kg)",
"Chiclets Pastilhas Peppermint sem Açúcar 12 Unidades embalagem 16,5 g",Chiclets,,"1,09 €","(66,06 € / Kg)",
Agerul Limpa-Móveis 400 ml + 100 ml embalagem 500 ml,Agerul,,"4,39 €","(8,78 € / Litro)",
Danone Activia Iogurte com Pedaços de Ananás com Probióticos 0% M.G. 0% Açúcares Adicionados Pack 4 embalagem 120 g,Danone Activia,,"2,69 €","(5,60 € / Kg)",
Diadermine Creme de Dia Expert Rejuvenescimento embalagem 50 ml,Diadermine,,"23,99 €","(479,80 € / Litro)",
Starbucks Café Espresso para Dolce Gusto Intensidade 11 embalagem 12 cápsulas,Starbucks,,"5,39 €","(0,45 € / Unidade)",
Herbex Tomilho embalagem 20 g,Herbex,,"1,50 €",(75 € / Kg),
Bife de Alcatra de Borrego Peso Aproximado por cuvete 300 g,,,"8,39 €","(27,95 € / Kg)",
Ambi Pur 3 Volution Ambientador Eléctrico Recarga Campos de Lavanda embalagem 20 ml,Ambi Pur 3 Volution,,"6,99 €","(349,50 € / Litro)",
Copa Sumo Natural Limonada embalagem 750 ml,Copa,,"3,85 €","(5,13 € / Litro)",
"L'Oréal Elvive Dream Long Champô Reconstrutor para Cabelo Comprido, Estragado embalagem 690 ml",L'Oréal,,"9,99 €","(14,48 € / Litro)",
Magnum Mini Gelados Double Caramelo Pack 6 embalagem 360 ml,Magnum,,"5,99 €","(16,64 € / Litro)",
Moreninha do Rio Doce de Amendoim Embalagem Retangular embalagem 1 kg,Moreninha do Rio,,"10,89 €","(9,90 € / Kg)",
Lorenz Aperitivos Saltletts Mini Brezel embalagem 150 g,Lorenz,,"1,95 €",(13 € / Kg),
Quinta do Piloto Vinho Branco de Setúbal Collection Síria garrafa 75 cl,Quinta do Piloto,,"8,19 €","(10,92 € / Litro)",
Gelpeixe Chef Pinças de Caranguejo Panadas embalagem 250 g,Gelpeixe Chef,,"2,29 €","(9,16 € / Kg)",
Nivea Protect e Bronze Gel de Banho Orquídea & Cashmere Extract embalagem 750 ml,Nivea Protect e Bronze,,"6,99 €","(9,32 € / Litro)",
Splendor Creme para Calçado Autobrilhante Preto 50 ml,Splendor,,"1,79 €","(35,80 € / Litro)",
Gliss Protein Máscara Capilar de Brilho Óleo de Noz para Cabelo sem Brilho embalagem 400 ml,Gliss Protein,,"9,99 €","(24,98 € / Litro)",
Provamel Yofu Fresco de Soja e Coco sem Açúcar Biológico embalagem 400 g,Provamel,,"2,39 €","(5,98 € / Kg)",
García Baquero Queijo Ralado Curado em Pó embalagem 90 g,García Baquero,,"1,75 €","(19,44 € / Kg)",
"Nestlé Nestum Super Digestão Flocos de Aveia, Maçã, Ameixa e Linhaça embalagem 210 g",Nestlé Nestum,,"3,39 €","(16,14 € / Kg)",
La Cocina de Senén Croquetes com Queijo Azul e Nozes para Forno sem Glúten embalagem 240 g,La Cocina de Senén,,"4,19 €","(17,46 € / Kg)",
Gullón Bolachas Sabor Canela Cobertas de Açúcar embalagem 470 g,Gullón,,"2,89 €","(6,15 € / Kg)",
Paio do Cachaço Porco Preto embalagem 100 g,,,"3,99 €","(39,90 € / Kg)",
Veuve du Vernay Espumante da França Bruto garrafa 75 cl,Veuve du Vernay,,"9,99 €","(13,32 € / Litro)",
Incap Rebuçados Magic Mix embalagem 125 g,Incap,,"0,99 €","(7,92 € / Kg)",
Haute Fromagerie Queijo Saint André unidade 200 g,Haute Fromagerie,,"7,89 €","(39,45 € / Kg)",
Secret Spot Moscatel do Douro 10 Anos garrafa 50 cl,Secret Spot,,"20,95 €","(41,90 € / Litro)",
Fairy Detergente de Lavagem à Mão para Loiça Concentrado Aloe Vera embalagem 400 ml,Fairy,,"2,30 €","(5,75 € / Litro)",
Maçarico Cebolinhas frasco 380 g,Maçarico,,"2,19 €","(5,76 € / Kg)",
Eric Kayser Pão Tourte 1/2,Eric Kayser,,"2,60 €","(2,60 € / Unidade)",
Sir Winston Tea Chá Verde Descafeinado embalagem 35 g,Sir Winston Tea,,"2,89 €","(82,57 € / Kg)",
Salutem Fructose embalagem 1 kg,Salutem,,"3,99 €","(3,99 € / Kg)",
Actimel Iogurte Líquido de Morango Pack 12 embalagem 100 g,Actimel,,"5,99 €","(4,99 € / Kg)",
Biomit Manteiga de Amendoim Crocante sem Açúcar Biológica frasco 230 g,Biomit,,"3,95 €","(17,17 € / Kg)",
Iglo Filetes Primavera Cereais de Espelta e Cevada embalagem 250 g,Iglo,,"4,99 €","(19,96 € / Kg)",
Maçarico Mostarda Picante embalagem 250 g,Maçarico,,"2,39 €","(9,56 € / Kg)",
Mestre Henriques Morcela Fumada do Ribatejo unidade 320 g,Mestre Henriques,,"3,98 €","(12,44 € / Kg)",
Quinta do Banco Vinho Branco do Douro garrafa 75 cl,Quinta do Banco,,"8,90 €","(11,87 € / Litro)",
Gillette Venus Comfortglide Lâminas Depilatórias 3 Recargas + Cabo embalagem 3 unidades,Gillette Venus Comfortglide,,"13,49 €","(4,50 € / Unidade)",
San José Tequila Gold garrafa 70 cl,San José,,"14,99 €","(21,41 € / Litro)",
Dr. António Martins Água de Coco Biológica embalagem 50 cl,Dr. António Martins,,"2,65 €","(5,30 € / Litro)",
Air Wick Ambientador Micado Perfumado Mulled Wine embalagem 50 ml,Air Wick,,"10,99 €","(219,80 € / Litro)",
Barbeito Vinho da Madeira Meio Doce Boal 5 Anos garrafa 50 cl,Barbeito,,"10,75 €","(21,50 € / Litro)",
Eci Selection Cogumelos Laminados lata 185 g,Eci Selection,,"1,69 €","(9,14 € / Kg)",
Shoyce Bebida de Aveia Barista embalagem 1 L,Shoyce,,"2,49 €","(2,49 € / Litro)",
Pescanova Tranches de Pescada do Cabo embalagem 500 g,Pescanova,,"6,39 €","(12,38 € / Kg)","6,39 €"
Twinings Chá Infusão Superblend Antioxidante embalagem 18 unidades,Twinings,,"3,19 €","(0,18 € / Unidade)",
Espiga Farinha de Centeio embalagem 500 g,Espiga,,"1,59 €","(3,18 € / Kg)",
Nivea Men Invisible Desodorizante Spray embalagem 150 ml,Nivea Men Invisible,,"4,69 €","(31,27 € / Litro)",
Haagen-Dazs Gelado de Cookies e Nata embalagem 460 ml,Haagen-Dazs,,"6,79 €","(14,76 € / Litro)",
Atelier do Doce Mini Cheesecake de Lima,Atelier do Doce,,"2,10 €","(2,10 € / Unidade)",
Bimbo Pão Integral sem Glúten embalagem 300 g,Bimbo,,"2,99 €","(9,97 € / Kg)",
Whitworths Açúcar Demerara 500 g,Whitworths,,"3,69 €","(7,38 € / Kg)",
Sunquick Concentrado Líquido de Ice Tea de Pêssego garrafa 70 cl,Sunquick,,"4,99 €","(0,71 € / Litro)",
Atelier do Doce Tartelete de Amêndoa unidade,Atelier do Doce,,"1,60 €","(1,60 € / Unidade)",
Filoco Vinho Rosé do Douro garrafa 75 cl,Filoco,,"6,49 €","(8,65 € / Litro)",
Gullón Bolachas Integrais Crocantes Tradicionais Vitalday com Flocos de Aveia embalagem 280 g,Gullón,,"2,35 €","(8,39 € / Kg)",
Rayen Pano para Engomar 1 unidade,Rayen,,"3,49 €","(3,49 € / Unidade)",
Capri-Sun Refrigerante de Fruta Multivitaminas sem Gás embalagem 200 ml,Capri-Sun,,"0,69 €","(3,45 € / Litro)",
Gliss Protein Máscara Capilar Hidratante Manteiga de Cacau para Cabelo Normal embalagem 400 ml,Gliss Protein,,"9,99 €","(24,98 € / Litro)",
Valfrutta Grão de Bico ao Vapor Pack 3 lata 150 g,Valfrutta,,"2,99 €","(19,93 € / Kg)",
Nestlé Mokambo Cereais e Café frasco 200 g,Nestlé Mokambo,,"4,49 €","(22,45 € / Kg)",
El Cantero de Letur Iogurte de Ovelha Biológico embalagem 420 g,El Cantero de Letur,,"3,65 €","(8,69 € / Kg)",
Montes Ermos Vinho Tinto do Douro Touriga Nacional garrafa 75 cl,Montes Ermos,,"6,99 €","(9,32 € / Litro)",
Clearspring Alga Marinha Kombu Japonesa embalagem 40 g,Clearspring,,"8,59 €","(214,75 € / Kg)",
Prozis Burrito de Frango Mexicano embalagem 200 g,Prozis,,"3,99 €","(19,95 € / Kg)",
Eci Selection Pappardelle com 33% de Ovo Fresco embalagem 250 g,Eci Selection,,"1,99 €","(7,96 € / Kg)",
Cantoliva Cocktail Algarvio em Azeite,Cantoliva,,"6,49 €/kg",,
Serrano Mojama Taco unidade 100 g,Serrano,,"6,59 €","(65,90 € / Kg)",
Secos da Aldeia Sultanas Douradas embalagem 100 g,Secos da Aldeia,,"1,59 €","(15,90 € / Kg)",
Danonino Petit Suisse de Morango Pack 6 embalagem 50 g,Danonino,,"1,79 €","(5,97 € / Kg)",
Delta Cappuccino embalagem 140 g,Delta,,"2,35 €","(16,79 € / Kg)",
La Cocina de Senén Tortilha de Batata com Cebola sem Glúten embalagem 700 g,La Cocina de Senén,,"8,99 €","(12,84 € / Kg)",
Margão Anis Estrelado embalagem 25 g,Margão,,"3,69 €","(147,60 € / Kg)",
El Corte Inglés Água Destilada embalagem 5 L,El Corte Inglés,,"1,19 €","(0,24 € / Litro)",
Nacional Farinha Preparada para Pão de Mistura embalagem 1 kg,Nacional,,"2,59 €","(2,59 € / Kg)",
Diaz Paiola Extra Salamanca sem Glúten,Diaz,,"20,69 €/kg",,
Eurofumeiro Alheira de Bacalhau embalagem 200 g,Eurofumeiro,,"2,49 €","(12,45 € / Kg)",
Andros Sumo Frutos Tropicais embalagem 1 L,Andros,,"4,99 €","(4,99 € / Litro)",
Eurochocolate Bombons de Chocolate Praliné embalagem 125 g,Eurochocolate,,"3,29 €","(26,32 € / Kg)",
Nestlé Cereais Nat Crunch Mel embalagem 300 g,Nestlé,,"2,99 €","(9,97 € / Kg)",
Vaqueiro Culinesse Margarina Líquida embalagem 500 g,Vaqueiro Culinesse,,"3,49 €","(6,98 € / Kg)",
Maçarico Azeitonas Pretas Inteiras lata 360 g,Maçarico,,"2,07 €","(5,75 € / Kg)",
Encostas de Estremoz Pack 2 Vinhos Tinto + Vinho Branco Sagrado do Douro Dop embalagem 75 cl,Encostas de Estremoz,,"15,98 €","(10,65 € / Litro)",
El Corte Inglés 18 Madalenas Redondas embalagem 615 g,El Corte Inglés,,"3,45 €","(5,61 € / Kg)",
Alternativa 3 Café Moído Fortíssimo Biológico embalagem 250 g,Alternativa 3,,"4,49 €","(17,96 € / Kg)",
Quinta dos Currais Vinho Tinto da Beira Reserva garrafa 75 cl,Quinta dos Currais,,"8,99 €","(11,99 € / Litro)",
Abelheira Licor de Mel garrafa 70 cl,Abelheira,,"13,95 €","(19,93 € / Litro)",
Yogi Tea Infusão de Ervas Respiração Biológica embalagem 17 unidades,Yogi Tea,,"4,09 €","(0,24 € / Unidade)",
Minhofumeiro Presunto da Pá Fumado Peso Aproximado por unidade 200 g,Minhofumeiro,,"5,80 €","(28,99 € / Kg)",
Carmencita Molho para Preparar Arroz Paella embalagem 45 g,Carmencita,,"2,75 €","(61,11 € / Kg)",
Nestlé Nestum Cereais com Aveia e Maçã embalagem 250 g,Nestlé Nestum,,"2,49 €","(9,96 € / Kg)",
Vieira Rebuçados Flocos de Neve embalagem 250 g,Vieira,,"1,85 €","(7,40 € / Kg)",
Altos Las Hormigas Vinho Tinto Mendoza garrafa 75 cl,Altos Las Hormigas,,"9,95 €","(13,27 € / Litro)",
Fini Premium Gelato Gelado de Chocolate frasco 465 ml,Fini Premium Gelato,,"6,70 €","(14,41 € / Litro)",
Innocent Smoothie de Morango e Banana sem Açúcares Adicionados garrafa 250 ml,Innocent,,"1,99 €","(7,96 € / Litro)",
Alpro Bebida de Soja com Chocolate Light Pack 3 embalagem 250 ml,Alpro,,"2,79 €","(2,92 € / Litro)","2,79 €"
Cem Porcento Doce de Framboesa com Stevia embalagem 200 g,Cem Porcento,,"3,49 €","(0,29 € / Kg)",
Bísaro Cachaço de Porco em Fatias unidade 70 g,Bísaro,,"5,29 €","(75,57 € / Kg)",
Joya Tofu Natural Biológico embalagem 250 g,Joya,,"2,89 €","(11,56 € / Kg)",
Twinings Chá Earl Grey embalagem 25 unidades,Twinings,,"3,49 €","(0,14 € / Unidade)",
Yofu de Soja Natural com Coco embalagem 500 g,,,"2,99 €","(4,78 € / Kg)","2,99 €"
Guloso Polpa de Tomate Biológico frasco 500 g,Guloso,,"3,65 €","(7,30 € / Kg)",
Bonodor Discos Anti-Traça de Alfazema 2 unidades,Bonodor,,"2,99 €","(1,50 € / Unidade)",
"Nestlé Nestum Super Imunidade Aveia, Groselha Preta, Framboesas e Banana embalagem 210 g",Nestlé Nestum,,"3,39 €","(16,14 € / Kg)",
Fapil Balde com Separador e Escorredor 1 unidade,Fapil,,"10,59 €","(10,59 € / Unidade)",
Eu Nutrition Avelãs Descascadas Biológicas embalagem 150 g,Eu Nutrition,,"4,49 €","(29,93 € / Kg)",
Tresemmé Expert Máscara Capilar Reparadora Color Keratina embalagem 300 ml,Tresemmé Expert,,"5,39 €","(17,97 € / Litro)",
Próvida Damascos Secos sem Caroço Biológico embalagem 200 g,Próvida,,"4,99 €","(24,95 € / Kg)",
Delta Q Café XXL Qalidus Intensidade 10 embalagem 60 cápsulas,Delta Q,,"17,99 €","(0,30 € / Unidade)",
Billy's Farm Wafles com Xarope de Trigo Tipo Stroop Wafels Biológicos embalagem 315 g,Billy's Farm,,"4,95 €","(15,71 € / Kg)",
Bonduelle Espinafres Mil-Folhas Natur + embalagem 400 g,Bonduelle,,"1,84 €","(4,60 € / Kg)",
Evax Cottonlike Pensos Higiénicos Normal com Abas embalagem 16 unidades,Evax Cottonlike,,"2,25 €","(0,14 € / Unidade)",
Segura Viudas Espumante Cava Reserva Herdade garrafa 75 cl,Segura Viudas,,"23,65 €","(31,53 € / Litro)",
Frize Água com Gás com Sabor a Tangerina Pack 4 garrafa 25 cl,Frize,,"2,79 €","(2,79 € / Litro)",
Fumeiros da Guarda Selecção Salpicão embalagem 290 g,Fumeiros da Guarda Selecção,,"4,55 €","(15,69 € / Kg)",
Fairy Detergente de Lavagem à Mão para Loiça Platinum Plus Limão embalagem 34 doses,Fairy,,"12,35 €","(0,36 € / Dose)",
Vitasnack Banana Crocante Biológica embalagem 28 g,Vitasnack,,"3,29 €","(117,50 € / Kg)",
Walkers Festive Shapes Bolachas Shortbreah embalagem 175 g,Walkers Festive Shapes,,"7,45 €","(42,57 € / Kg)",
"Próvida Puré de Fruta Maçã, Cenoura e Abóbora sem Adição de Açúcar Biológico embalagem 100 g",Próvida,,"0,99 €","(9,90 € / Kg)",
Pierre Martinet Salada de Quinoa com Legumes embalagem 200 g,Pierre Martinet,,"3,89 €","(19,45 € / Kg)",
Koala Óleo de Coco boião 450 ml,Koala,,"6,25 €","(13,89 € / Litro)",
Dove Creme Corporal One Cream embalagem 250 g,Dove,,"4,85 €","(19,40 € / Kg)",
Porminho Bacon Extra Naco embalagem 200 g,Porminho,,"3,09 €","(15,45 € / Kg)",
Cuétara Tosta Rica Oceanix Bolachas de Chocolate embalagem 160 g,Cuétara Tosta Rica Oceanix,,"2,09 €","(13,06 € / Kg)",
Cavicchioli Vinho Tinto de Itália Lambru garrafa 75 cl,Cavicchioli,,"3,99 €","(5,32 € / Litro)",
Soft&Co Serum Anti Envelhicimento embalagem 30 ml,Soft&Co,,"5,99 €","(199,67 € / Litro)",
Desiam Molho de Caril Verde embalagem 200 g,Desiam,,"5,85 €","(29,25 € / Kg)",
Corine de Farme Gel de Banho Corpo e Zona Íntima Suave embalagem 250 ml,Corine de Farme,,"4,99 €","(19,96 € / Litro)",
El Corte Inglés 4 Super Sanduíche de Baunilha e Cookies embalagem 600 ml,El Corte Inglés,,"3,99 €","(6,65 € / Litro)",
Nestlé L'Atelier Chocolate Preto com Avelãs tablete 115 g,Nestlé L'Atelier,,"2,65 €","(23,04 € / Kg)",
Lindt Creation Chocolate de Leite com Mousse de Chocolate embalagem 140 g,Lindt Creation,,"3,99 €","(28,50 € / Kg)",
Pietra Pura Vinho Tinto de Itália Mandus Primitivo garrafa 75 cl,Pietra Pura,,"11,49 €","(15,32 € / Litro)",
Aptamil Leite Junior 5 embalagem 750 g,Aptamil,,"12,34 €","(12,79 € / Kg)","12,34 €"
Budweiser Budvar Cerveja da República Checa garrafa 33 cl,Budweiser Budvar,,"1,25 €","(3,79 € / Litro)",
Fruut Maçã Crocante Doce Vermelho sem Glúten embalagem 60 g,Fruut,,"1,99 €","(33,17 € / Kg)",
Nestlé Tablete de Chocolate de Leite embalagem 90 g,Nestlé,,"1,49 €","(16,56 € / Kg)",
Denivit Dentífrico Anti-Manchas embalagem 50 ml,Denivit,,"4,25 €",(85 € / Litro),
Cif Detergente Liquido Cítrico embalagem 1100 ml,Cif,,"3,99 €","(3,63 € / Litro)",
Fanya Germinados de Cebola embalagem 95 g,Fanya,,"3,29 €","(34,63 € / Kg)",
Gazela Vinho Verde Rosé lata 25 cl,Gazela,,"1,62 €","(6,48 € / Litro)",
Amphora Cerveja Artesanal Imperial Stout Centurium garrafa 33 cl,Amphora,,"2,49 €","(7,55 € / Litro)",
Murganheira Espumante Bruto Reserva Tinto garrafa 75 cl,Murganheira,,"11,79 €","(15,72 € / Litro)",
So' Bio Óleo Desmaquilhante Anti-Idade Argão Biológico embalagem 150 ml,So' Bio,,"12,49 €","(83,27 € / Litro)",
Garnier Olia Coloração de Longa Duração Nº 5.3 Castanho Dourado embalagem 1 unidade,Garnier Olia,,"11,99 €","(11,99 € / Unidade)",
Alsa Preparado para Gelatina de Manga e Maracujá Origem Vegetal embalagem 180 g,Alsa,,"2,99 €","(16,61 € / Kg)",
Nuts Original Aperitivos Luxury Beer embalagem 80 g,Nuts Original,,"1,89 €","(23,62 € / Kg)",
Forma + Chá Solúvel de Preparação Instantânea Energia embalagem 10 unidades,Forma +,,"2,49 €","(55,33 € / Kg)",
Embuastur Enchido de Avestruz com Pimenta embalagem 200 g,Embuastur,,"6,99 €","(34,95 € / Kg)",
Naturefoods Farelo Biológico de Aveia embalagem 375 g,Naturefoods,,"1,69 €","(4,51 € / Kg)",
Cem Porcento Infusão sem Gordura embalagem 13 g,Cem Porcento,,"0,99 €","(76,15 € / Kg)",
Dodot Happyjama Cuecas Absorventes 17-29 Kg Menina 4-7 Anos 17 unidades,Dodot Happyjama,,"14,99 €","(0,88 € / Unidade)",
Campofrio Salsichas Baviera embalagem 260 g,Campofrio,,"2,79 €","(10,73 € / Kg)",
Margão Pimenta Branca com Moinho frasco 39 g,Margão,,"4,49 €","(115,13 € / Kg)",
Sonasol Wc Poder Activo Bloco Sanitário de Lavanda Pack 2 embalagem 50 g,Sonasol Wc Poder Activo,,"5,99 €","(119,80 € / Kg)",
Lebanon Gardens Hummus lata 400 g,Lebanon Gardens,,"3,15 €","(7,88 € / Kg)",
Botanical Origin Detergente para a Máquina da Roupa de Origem Natural Peles Sensíveis Flor de Laranjeira e embalagem 35 doses Folhas Cítricas Líquido Ecológico,Botanical Origin,,"19,99 €","(0,57 € / Dose)",
Flor das Hortas Molho para Franguinho com Picante Suave garrafa 250 ml,Flor das Hortas,,"1,89 €","(0,76 € / 10 ml.)",
"Monte Roble Presunto Ibérico unidade 9,500 kg",Monte Roble,,"199,00 €/kg",,
Palmolive Gel de Banho Memories Relax embalagem 500 ml,Palmolive,,"4,99 €","(9,98 € / Litro)",
Merimar Polvo Cozido Tentáculo Extra embalagem 250 g,Merimar,,"15,99 €","(63,96 € / Kg)",
Soofty Água com Gás sabor Mojito garrafa 33 cl,Soofty,,"1,60 €","(4,85 € / Litro)",
Romeu Vinho Tinto do Douro Reserva Biológico garrafa 75 cl,Romeu,,"17,25 €",(23 € / Litro),
Cereais Lion Wild embalagem 360 g,,,"3,89 €","(10,81 € / Kg)",
L'or Espresso Café Descafeinado Ristretto para Nespresso Intensidade 9 embalagem 10 cápsulas,L'or Espresso,,"4,29 €","(0,43 € / Unidade)",
Jacquot Bombons de Chocolate Preto e Praliné embalagem 1 kg,Jacquot,,"7,39 €","(7,39 € / Kg)",
Just For Men Coloração Preto embalagem 60 ml,Just For Men,,"12,99 €","(216,50 € / Litro)",
Palette Coloração Nº 1 Preto embalagem 1 unidade,Palette,,"5,99 €","(5,99 € / Unidade)",
Fapil Escova Limpa Vidros 1 unidade,Fapil,,"2,89 €","(2,89 € / Unidade)",
Mabiju Feijão Preto embalagem 1 kg,Mabiju,,"2,99 €","(2,99 € / Kg)",
Natursoy Tofu Fresco Biológico embalagem 250 g,Natursoy,,"2,79 €","(11,16 € / Kg)",
Nobre Vegalia Salsichas de Soja Vegetarianas sem Lactose sem Glúten frasco 200 g,Nobre Vegalia,,"2,79 €","(13,95 € / Kg)",
Tortas de Azeitão Queijadas de Azeitão embalagem 6 unidades,Tortas de Azeitão,,"7,50 €","(1,25 € / Unidade)",
L' Arbre Vert Abrilhantador para a Máquina da Loiça Ecológico embalagem 750 ml,L' Arbre Vert,,"9,75 €","(13,93 € / Litro)",
Lagosta Conjunto 2 Vinhos Verde Branco e Rosé garrafa 75 cl,Lagosta,,"11,99 €","(7,99 € / Litro)",
Cigala Banzai Noodles com Sabor a Carne embalagem 67 g,Cigala Banzai,,"1,19 €","(17,76 € / Kg)",
Zaini Caneca Sortido Princesas com Chocolates embalagem 30 g,Zaini,,"6,49 €","(216,33 € / Kg)",
Carm Vinho Branco do Douro Rabigato 2020 garrafa 75 cl,Carm,,"13,99 €","(18,65 € / Litro)",
Caprice Vinho Rosé de França garrafa 75 cl,Caprice,,"8,49 €","(11,32 € / Litro)",
Filete de Dourada de Aquicultura Peso Aproximado por unidade 100 g,,,"24,99 €/kg",,
Nivea Protect e Bronze Óleo de Limpeza Hidratante Rosto e Olhos para Pele Normal embalagem 150 ml,Nivea Protect e Bronze,,"6,99 €","(46,60 € / Litro)",
Haagen-Dazs Gelado de Pralines e Nata embalagem 460 ml,Haagen-Dazs,,"6,79 €","(14,76 € / Litro)",
Heineken Cerveja da Holanda Pack 6 garrafa 25 cl,Heineken,,"3,99 €","(2,66 € / Litro)",
Poppenburger Salsichas Bockwurst frasco 360 g,Poppenburger,,"6,89 €","(19,14 € / Kg)",
Cif Toalhitas para Casa de Banho Biodegradável embalagem 36 unidades,Cif,,"4,49 €","(0,12 € / Unidade)",
El Corte Inglés Malaguetas em Vinagre frasco 160 g,El Corte Inglés,,"1,79 €","(11,19 € / Kg)",
Mississippi Belle Marshmallow Fluff embalagem 213 g,Mississippi Belle,,"3,95 €","(18,54 € / Kg)",
Sonasol Desinfectante Lava Tudo sem Lixívia embalagem 1100 ml,Sonasol,,"3,99 €","(3,63 € / Litro)",
Quinta de São Cosme Queijo da Serra da Estrela Regional DOP Peso Aproximado por unidade 500 g,Quinta de São Cosme,,"15,50 €","(30,99 € / Kg)",
Doces D'Aveiro Bolos Raivas de Canela embalagem 250 g,Doces D'Aveiro,,"3,49 €","(13,96 € / Kg)",
Adega Santana Licor de Neveda garrafa 70 cl,Adega Santana,,"18,50 €","(26,43 € / Litro)",
Scottex Papel Higiénico Húmido para Adulto Recarga embalagem 74 unidades,Scottex,,"2,99 €","(0,04 € / Unidade)",
Jean-Marc Brocard Vinho Branco de França Chablis Biológico garrafa 75 cl,Jean-Marc Brocard,,"18,99 €","(25,32 € / Litro)",
José Posada Marron Glacé com Brandy frasco 150 g,José Posada,,"9,95 €","(66,33 € / Kg)",
Aquafresh Escova de Dentes Suave Júnior embalagem 1 unidade,Aquafresh,,"3,09 €","(3,09 € / Unidade)",
Compal da Horta Ervilhas com Cenoura lata 420 g,Compal da Horta,,"1,89 €","(4,61 € / Kg)",
"Gloria Patri Água Natural garrafa 1,5 L",Gloria Patri,,"0,59 €","(0,39 € / Litro)",
Alternativa 3 Café Moído Guatemala Biológico embalagem 250 g,Alternativa 3,,"7,29 €","(29,16 € / Kg)",
Pescanova Postas de Bacalhau do Atlântico embalagem 700 g,Pescanova,,"17,49 €","(24,99 € / Kg)",
Simplu Granola de Chai com Chá Oolong e Chai Masala Vegan sem Glúten Biológica embalagem 300 g,Simplu,,"8,25 €","(27,50 € / Kg)",
Margão Segredos Ervas e Especiarias para Aves embalagem 8 g,Margão Segredos,,"1,49 €","(186,25 € / Kg)",
Dietisa Chá de Ervas Freixo embalagem 50 g,Dietisa,,"1,59 €","(31,80 € / Kg)",
Ribeiro Santo Espumante Bruto garrafa 75 cl,Ribeiro Santo,,"8,95 €","(11,93 € / Litro)",
Pála-Pála Batatas Fritas Rodelas Lisas embalagem 180 g,Pála-Pála,,"1,69 €","(9,39 € / Kg)",
Pronto Limpa Multisuperfícies Classic spray 300 ml,Pronto,,"4,79 €","(10,30 € / Litro)","4,79 €"
Paladin Vinagre de Figo Seco garrafa 110 ml,Paladin,,"1,15 €","(10,45 € / Litro)",
Dez Prá Uma Crumble de Abóbora e Espinafres embalagem 600 g,Dez Prá Uma,,12 €,(20 € / Kg),
Kerzo Shampoo Força Cabelos Normais embalagem 400 ml,Kerzo,,"4,99 €","(12,48 € / Litro)",
Truppi Manga Desidratada Bio embalagem 20 g,Truppi,,"1,75 €","(87,50 € / Kg)",
Jubileu Chocolate Preto 70% Cacau com Caramelo Salgado embalagem 100 g,Jubileu,,"2,75 €","(27,50 € / Kg)",
Presunto Pá 100% Ibérido Bolota ao peso 1 kg,,,"139,00 €/kg",,
Espiga Zimbro Bagas frasco 28 g,Espiga,,"2,09 €","(74,64 € / Kg)",
Bimbo Mini Tostas Integrais embalagem 100 g,Bimbo,,"1,59 €","(15,90 € / Kg)",
Natursoy Hambúrguer de Cereais Provençal Biológico Pack 2 embalagem 75 g,Natursoy,,"2,89 €","(19,27 € / Kg)",
Santiago Queijo Fresco Pasteurizado Magro Médio 100% Natural embalagem 200 g,Santiago,,"1,59 €","(7,95 € / Kg)",
Ausonia Discreet Boutique Cuecas para Adultos com Incontinência Plus Tamanho Grande embalagem 8 unidades,Ausonia Discreet Boutique,,"11,99 €","(1,50 € / Unidade)",
García Baquero Queijo de Espanha de Cabra unidade 250 g,García Baquero,,"6,19 €","(24,76 € / Kg)",
Ferreira Vinho do Porto Ruby garrafa 75 cl,Ferreira,,"6,29 €","(8,39 € / Litro)",
Granini Néctar de Laranja Doce garrafa 1 L,Granini,,"2,99 €","(2,99 € / Litro)",
"La Gavilla Tostas com Pimento, Tomate e Cebola Caramelizada Especial para Ibéricos e Fuet embalagem 80 g",La Gavilla,,"4,25 €","(53,12 € / Kg)",
Babaria Gel Facial Exfoliante Aloe embalagem 100 ml,Babaria,,"6,49 €","(64,90 € / Litro)",
Oedipus Cerveja Gaia India Pale Ale garrafa 33 cl,Oedipus,,"3,95 €","(11,97 € / Litro)",
Moinette Cerveja da Bélgica Ambrée garrafa 33 cl,Moinette,,"3,90 €","(11,82 € / Litro)",
"Vanish Powder White embalagem 1,2 kg",Vanish,,"19,99 €","(9,16 € / Kg)","19,99 €"
Rummo Paccheri Rigati Nº150 embalagem 500 g,Rummo,,"2,89 €","(5,78 € / Kg)",
Canderel Adoçante com Stevia embalagem 120 unidades,Canderel,,"2,99 €","(0,02 € / Unidade)",
Cif Perfect Finish Spray Limpa Fornos e Grelhadores embalagem 435 ml,Cif Perfect Finish,,"4,99 €","(11,47 € / Litro)",
L'Oréal Elvive Máscara 72H Hidratação Intensiva Hidra Hialurónico embalagem 300 ml,L'Oréal,,"7,69 €","(25,63 € / Litro)",
Beirão Licor garrafa 70 cl,Beirão,,"12,75 €","(18,21 € / Litro)",
Margão Pimenta Preta Moída Brasil frasco 32 g,Margão,,"3,19 €","(99,69 € / Kg)",
Prozis Frango com Macarrão e Queijo High Protein embalagem 360 g,Prozis,,"7,29 €","(20,25 € / Kg)",
Naturefoods Tostas Integrais com Sementes de Chia e Aveia Biológicas embalagem 200 g,Naturefoods,,"3,69 €","(18,45 € / Kg)",
Dodot Fraldas Cuidado Total T4 embalagem 40 unidades,Dodot,,"18,45 €","(0,46 € / Unidade)",
Altano Vinho Tinto do Douro garrafa 75 cl,Altano,,"5,49 €","(7,32 € / Litro)",
Jordan Interdental Brush Between L embalagem 1,Jordan,,"5,99 €","(5,99 € / Unidade)",
Amêndoa sem Pele Granel Biológica,,,"27,95 €/kg",,
Woolite Detergente para Máquina de Roupa Pro-Care embalagem 30 doses,Woolite,,"13,99 €","(0,47 € / Dose)",
Cabeça D'Velho Vinho Branco do Dão garrafa 75 cl,Cabeça D'Velho,,"4,99 €","(6,65 € / Litro)",
Globo Canjica Branca embalagem 700 g,Globo,,"2,39 €","(3,41 € / Kg)",
Santiveri Bolachas Maria Integrais sem Açúcar embalagem 190 g,Santiveri,,"2,39 €","(12,58 € / Kg)",
"Peixe Espada Branco Peso Aproximado por unidade 1,5 kg",,,"9,99 €/kg",,
Pastoret Kéfir Natural Biológico embalagem 500 g,Pastoret,,"2,65 €","(5,30 € / Kg)",
Gin Lovers garrafa 70 cl,,,"72,57 €","(103,67 € / Litro)",
Danacol Iogurte Líquido de Morango sem Açúcar Pack 6 embalagem 100 g,Danacol,,"2,99 €","(4,98 € / Kg)",
Gourmet Carne Maturada Bife do Lombo Peso Aproximado por cuvete 200 g,Gourmet Carne Maturada,,"9,80 €",(49 € / Kg),
La Ermita Cantabria Pudim de Queijo sem Glúten frasco 110 g,La Ermita Cantabria,,"2,35 €","(21,36 € / Kg)",
Shoyce Bebida de Soja Essencial Suave 0% Açúcares embalagem 1 L,Shoyce,,"1,59 €","(1,59 € / Litro)",
Smileat Legumes com Pescada +8 Meses Biológico frasco 230 g,Smileat,,"2,29 €","(9,96 € / Kg)",
Popz Pipocas para Microondas Doces Pack 3 embalagem 90 g,Popz,,"2,99 €","(33,22 € / Kg)",
Coren Medalhões de Frango Fatiado com Ervas Finas Peso Aproximado por cuvete 400 g,Coren,,5 €,"(12,49 € / Kg)",
Trolli Gomas Tropicos embalagem 100 g,Trolli,,"1,19 €","(11,90 € / Kg)",
Milho Doce 2 Unidades embalagem 400 g,,,"3,49 €","(8,72 € / Kg)",
Fairy Ultra Poder Detergente de Lavagem à Mão para Loiça Limão Concentrado embalagem 1015 ml,Fairy Ultra Poder,,"6,39 €","(6,30 € / Litro)",
Vitacress Croutons de Tomate e Oregãos embalagem 75 g,Vitacress,,"1,29 €","(17,20 € / Kg)",
El Cantero de Letur Iogurte Grego Natural de Cabra com Leite Biológico Pack 2 embalagem 125 g,El Cantero de Letur,,"2,45 €","(9,40 € / Kg)","2,45 €"
Guylian Bombons Frutos do Mar embalagem 250 g,Guylian,,"7,59 €","(30,36 € / Kg)",
Burgo de Arias Queijo Fresco Pack 3 Biológico embalagem 70 g,Burgo de Arias,,"3,45 €","(16,43 € / Kg)",
Ahmad Tea Chá Preto Earl Grey Descafeinado embalagem 20 unidades,Ahmad Tea,,"4,09 €","(0,20 € / Unidade)",
Eci Selection Mousse Fígado de Pato com Pimenta sem Glúten embalagem 95 g,Eci Selection,,"2,05 €","(22,78 € / Kg)",
Goshua Iogurte com Morango frasco 145 g,Goshua,,"1,85 €","(11,94 € / Kg)",
El Cantero de Letur Iogurte Grego de Cabra Biológico embalagem 420 g,El Cantero de Letur,,"3,55 €","(8,19 € / Kg)","3,55 €"
L'Oréal Elvive Óleo Extraordinário Creme de Lavagem sem Espuma para Cabelos Secos embalagem 100 ml,L'Oréal,,"9,99 €","(99,90 € / Litro)",
Magnum Mini Gelados de Chocolate com Amêndoas Pack 6 embalagem 330 ml,Magnum,,"4,99 €","(15,12 € / Litro)",
Vitasnack Morango Crocante sem Glúten Biológico embalagem 24 g,Vitasnack,,"3,29 €","(137,08 € / Kg)",
Artiach Filipinos Bolachas Cobertas de Chocolate Branco com Frutos Vermelhos embalagem 128 g,Artiach Filipinos,,"1,79 €","(13,98 € / Kg)",
Carefree Plus Protege-Slips Large + Aloe embalagem 48 unidades,Carefree Plus,,"4,79 €","(0,10 € / Unidade)",
Grandjó Vinho Branco do Douro garrafa 75 cl,Grandjó,,"5,69 €","(7,59 € / Litro)",
Nipeixe Lombos de Pescada do Cabo embalagem 400 g,Nipeixe,,"3,19 €","(7,98 € / Kg)",
Sun Detergente para a Máquina de Lavar Loiça Gel  Limão All In One embalagem 52 doses,Sun,,"7,99 €","(0,15 € / Dose)",
Izidoro Sabor Caseiro Chouriço com Feijão Branco lata 420 g,Izidoro Sabor Caseiro,,"4,49 €","(10,69 € / Kg)",
Ignotizado Vinho Tinto do Douro Reserva garrafa 75 cl,Ignotizado,,"22,90 €","(30,53 € / Litro)",
Pantene Micelar Champô para Cabelo Oleoso e Baço embalagem 360 ml,Pantene Micelar,,"4,99 €","(13,86 € / Litro)",
Martiko Paté de Ganso 2 x 75 g unidade 150 g,Martiko,,"5,79 €","(38,60 € / Kg)",
El Chico Bacon Porções embalagem 300 g,El Chico,,"5,89 €","(19,63 € / Kg)",
Narta Desodorizante Frescura Sensual Toque de Nácar Roll-On embalagem 50 ml,Narta,,"3,79 €","(75,80 € / Litro)",
Mc Vitie's Bolachas de Aveia e Chocolate Preto Digestive embalagem 300 g,Mc Vitie's,,"2,99 €","(9,97 € / Kg)",
Quinta das Camélias Vinho Tinto do Dão Reserva garrafa 75 cl,Quinta das Camélias,,"8,45 €","(11,27 € / Litro)",
Delas Vinho Tinto de França Saint-Espirit Côtes-du-Rhône garrafa 75 cl,Delas,,"10,95 €","(14,60 € / Litro)",
Pastoret Iogurte com Ananás e Coco Biológico embalagem 135 g,Pastoret,,"1,69 €","(12,52 € / Kg)",
Sagrado Vinho Branco do Douro Reserva garrafa 75 cl,Sagrado,,"14,99 €","(19,99 € / Litro)",
Cruz de Malta Erva Mate embalagem 1 kg,Cruz de Malta,,"8,95 €","(8,95 € / Kg)",
Terra Nostra Queijo de Pastagem Curado em Fatias embalagem 180 g,Terra Nostra,,"2,69 €","(14,94 € / Kg)",
El Corte Inglés Ambientador Eléctrico Alfazema Recarga embalagem 1 unidade,El Corte Inglés,,"2,35 €","(2,35 € / Unidade)",
Oreo Mini Bolachas Recheadas com Creme Pack 4 embalagem 40 g,Oreo Mini,,"1,99 €","(49,75 € / Kg)",
Andechser Skyr Proteína de Manga Biológico embalagem 135 g,Andechser,,"1,85 €","(13,70 € / Kg)",
"Don Simon Néctar de Maracujá garrafa 1,5 L",Don Simon,,"1,39 €","(0,93 € / Litro)",
El Corte Inglés Selection Azeitonas Manzanilla Tempero da Avó 240/260 frasco 500 g,El Corte Inglés Selection,,"3,79 €","(7,58 € / Kg)",
Aptamil Leite Prosyneo Ha 2 dos 0 aos 6 aos Meses embalagem 800 g,Aptamil,,"22,39 €","(27,99 € / Kg)",
Izidoro o Talhante Salsichas Frescas Extra de Porco embalagem 500 g,Izidoro o Talhante,,"4,19 €","(8,38 € / Kg)",
Ceres 100% Sumo de Lichias sem Açúcar embalagem 200 ml,Ceres,,"0,95 €","(4,75 € / Litro)",
Padaria da Arrifana Raivas embalagem 250 g,Padaria da Arrifana,,"2,49 €","(9,96 € / Kg)",
Messias Vinho Tinto  Regional do Douro Doc + Reserva Pack 3 unidades embalagem 75 cl,Messias,,"29,95 €","(13,31 € / Litro)",
Aliada Doce de Laranja Amarga frasco 410 g,Aliada,,"1,49 €","(3,63 € / Kg)",
Próvida Papas de Aveia Porridge Canela e Fibra Psílio sem Adição Açúcar Vegan Biológico sem Glúten embalagem 300 g,Próvida,,"3,19 €","(10,63 € / Kg)",
Al-Andalus Doce de Arando frasco 250 g,Al-Andalus,,"3,95 €","(15,80 € / Kg)",
Renova Papel Higiénico Vermelho embalagem 6 unidades,Renova,,"6,99 €","(1,16 € / Unidade)",
Danacol Iogurte Líquido de Morango 0% Açúcar Adicionado Pack 12 embalagem 120 g,Danacol,,"5,29 €","(3,67 € / Kg)",
Knorr Caldo de Galinha 36 Cubos embalagem 360 g,Knorr,,"6,99 €","(19,42 € / Kg)",
Narta Magnesium Protect Desodorizante Anti-Stress Homem Spray embalagem 100 ml,Narta Magnesium Protect,,"4,29 €","(42,90 € / Litro)",
Moreninha do Rio Doce de Amendoim embalagem 300 g,Moreninha do Rio,,"3,49 €","(11,63 € / Kg)",
Oktoberfest Cerveja Pack 3 embalagem 50 cl,Oktoberfest,,"10,76 €","(21,52 € / Litro)",
Bio + Nata Pasteurizada Biológica embalagem 200 g,Bio +,,"1,19 €","(5,95 € / Kg)",
Confiança Sabonete de Algas embalagem 75 g,Confiança,,"1,29 €","(17,20 € / Kg)",
Halls Rebuçados de Mentol Extra sem Açúcar embalagem 32 g,Halls,,"1,09 €","(34,06 € / Kg)",
Condi Gelatina de Piña Colada sem Glúten embalagem 170 g,Condi,,"1,75 €","(10,29 € / Kg)",
Panrico Pão de Forma Especial Torradas Vegan sem Lactose embalagem 750 g,Panrico,,"2,19 €","(2,92 € / Kg)",
Açores Geleia de Vinho de Cheiro frasco 230 g,Açores,,"2,99 €",(13 € / Kg),
El Corte Inglés Selection Hambúrguer de Bovino 4 Unidades sem Glúten embalagem 400 g,El Corte Inglés Selection,,"4,49 €","(11,22 € / Kg)",
Delser Crackers com Sal Pack 20 embalagem 500 g,Delser,,"2,49 €","(4,98 € / Kg)",
Quinta da Marinha Perna de Pato Confitada embalagem 250 g,Quinta da Marinha,,"4,75 €",(19 € / Kg),
"Croffee Barra de Cereais com Aveia, Amêndoa e Canela embalagem 110 g",Croffee,,"2,05 €","(18,64 € / Kg)",
"Joselito Paleta sem Osso Peso Aproximado por peça 2,2 kg",Joselito,,"179,95 €/kg",,
Vileda Turbo Recarga de Esfregona Microfibras 3 em 1 embalagem 1 unidade,Vileda Turbo,,"9,99 €","(9,99 € / Unidade)",
Tropicana Sumo de Maçã embalagem 900 ml,Tropicana,,"3,49 €","(3,88 € / Litro)",
Condi Gelatina + Proteína sabor Frutos Vermelhos Zero Açúcar sem Glúten embalagem 80 g,Condi,,"3,09 €","(38,62 € / Kg)",
Pedras Salgadas Água com Gás Pack 10 garrafa 25 cl,Pedras Salgadas,,"4,69 €","(18,76 € / Litro)",
Apaixonado Vinho Tinto do Douro Reserva garrafa 75 cl,Apaixonado,,"19,90 €","(26,53 € / Litro)",
Kilom Strogonoff de Frango Peso Aproximado por cuvete 600 g,Kilom,,"5,37 €","(8,95 € / Kg)",
El Cantero de Letur Kéfir de Cabra Biológico Pack 2 embalagem 125 g,El Cantero de Letur,,"2,39 €","(9,56 € / Kg)",
Garnier Pure Active Máscara Hidratante Purificante Carvão e Alga Preta embalagem 1 unidade,Garnier Pure Active,,"2,99 €","(2,99 € / Unidade)",
Minhofumeiro Salpicão embalagem 200 g,Minhofumeiro,,"6,29 €","(24,95 € / Kg)","6,29 €"
Yutaka Ervilhas com Wasabi embalagem 100 g,Yutaka,,"5,75 €","(57,50 € / Kg)",
El Corte Inglés Batatas Fritas Palha sem Glúten embalagem 100 g,El Corte Inglés,,"0,59 €","(5,90 € / Kg)",
Nobre Forno de Lenha Salsichas de Peru lata 160 g,Nobre Forno de Lenha,,"1,89 €","(11,81 € / Kg)",
El Corte Inglés Atum ao Natural Pack 6 embalagem 360 g,El Corte Inglés,,"5,09 €","(14,14 € / Kg)",
Vinha Antiga Vinho Verde Alvarinho Branco garrafa 75 cl,Vinha Antiga,,"11,49 €","(15,32 € / Litro)",
Bird's Preparado para Creme Custard embalagem 300 g,Bird's,,"3,99 €","(13,30 € / Kg)",
Air Wick Essential Mist Ambientador Eléctrico White Bouquet embalagem 20 ml,Air Wick Essential Mist,,"7,99 €","(399,50 € / Litro)",
Schweppes Água Tónica Pack 6 unidades garrafa 20 cl,Schweppes,,"5,40 €","(4,50 € / Litro)",
Loacker Bolachas Waffer com Canela Quadratini embalagem 250 g,Loacker,,"3,29 €","(13,16 € / Kg)",
Palmolive Naturals Sabonete Líquido para as Mãos com Leite e Mel Recarga embalagem 300 ml,Palmolive Naturals,,"1,79 €","(5,97 € / Litro)",
Huggies Toalhitas Infantis Naturais Biodegradáveis embalagem 48 unidades,Huggies,,"2,99 €","(0,06 € / Unidade)",
Buitoni Massa Folhada Rectangular embalagem 280 g,Buitoni,,"2,89 €","(10,32 € / Kg)",
Camarão Tigre 2/4,,,"64,90 €/kg",,
El Corte Inglés Pastéis de Maçapão Recehados com Gema embalagem 200 g,El Corte Inglés,,"3,79 €","(18,95 € / Kg)",
Quinta da Coitena Peito de Peru Fatiado Biológico embalagem 300 g,Quinta da Coitena,,"12,95 €","(43,17 € / Kg)",
Heineken Cerveja Silver Pure Malte Lager Pack 6 25 cl,Heineken,,"3,99 €","(2,66 € / Litro)",
Nivea Visage Q10 Creme Anti-Rugas de Dia FP 15 embalagem 50 ml,Nivea Visage Q10,,"8,99 €","(179,80 € / Litro)",
Clearspring Massa Noodles Soba Biológica embalagem 200 g,Clearspring,,"4,74 €","(23,70 € / Kg)",
Margão Bio Gengibre Moído Biológico frasco 32 g,Margão Bio,,"4,29 €","(134,06 € / Kg)",
Quintal dos Açores Pimenta com Alho Picante frasco 500 g,Quintal dos Açores,,"3,35 €","(6,70 € / Kg)",
Gullón Bolachas Crackers Vegan sem Lactose sem Glúten embalagem 200 g,Gullón,,"2,89 €","(14,45 € / Kg)",
Smileat Polpa de Abacate & Mirtilos embalagem 100 g,Smileat,,"1,79 €","(17,90 € / Kg)",
S.D' Fruta Sumo Fresco de Pera e Maçã embalagem 1 L,S.D' Fruta,,"3,45 €","(3,45 € / Litro)",
Salutem Flocos de Aveia Finos embalagem 375 g,Salutem,,"0,99 €","(2,64 € / Kg)",
Vitaquell Margarina Vegetal Extra Biológica embalagem 250 g,Vitaquell,,"3,99 €","(15,96 € / Kg)",
Salutem Corn Flakes sem Açúcar embalagem 250 g,Salutem,,"1,89 €","(7,56 € / Kg)",
Mevgal Queijo Feta Cubos unidade 200 g,Mevgal,,"4,79 €","(23,95 € / Kg)",
Blue Dragon Molho Teriyaki frasco 190 ml,Blue Dragon,,"3,35 €","(17,63 € / Litro)",
Koala Zero Gelatina Vegetal de Frutos Silvestres 0% Açúcar embalagem 130 g,Koala Zero,,"1,15 €","(8,85 € / Kg)",
La Lechera Leite Condensado embalagem 370 g,La Lechera,,"1,29 €","(3,49 € / Kg)",
Nestlé Dark Tablete Chocolate Preto com Amêndoas sem Glúten embalagem 270 g,Nestlé Dark,,"3,79 €","(14,04 € / Kg)",
Roti Acém Comprido Assar de Novilho Peso Aproximado 700 g,,,"12,95 €/kg",,
Palette Coloração Permanente Intensive Creme Color Nº 6.1 Louro Escuro Cendré embalagem 1 unidade,Palette,,"5,99 €","(5,99 € / Unidade)",
Gardiners Caramelos Fudge Fadas lata 200 g,Gardiners,,"11,95 €","(59,75 € / Kg)",
Boquêt de Ervas Aromáticas embalagem 30 g,,,"3,39 €",(113 € / Kg),
Healsi Água sem Gás garrafa 1 L,Healsi,,"1,39 €","(1,39 € / Litro)",
Brillante Arroz Integral com Quinoa Branca e Vermelha embalagem 250 g,Brillante,,"1,95 €","(7,80 € / Kg)",
El Corte Inglés Infusão de Frutos Silvestres Vermelhos lata 20 unidades,El Corte Inglés,,"2,99 €","(49,83 € / Kg)",
Dessange Escova de Cabelo Brushing Intenso embalagem 1 unidade,Dessange,,"8,99 €","(8,99 € / Unidade)",
Nivea Creme Care Gel de Banho embalagem 750 ml,Nivea Creme Care,,"6,99 €","(9,32 € / Litro)",
Old Spice Desodorizante Spray Original embalagem 150 ml,Old Spice,,"4,49 €","(29,93 € / Litro)",
Guinea's Gordura de Palma Virgem lata 400 ml,Guinea's,,"3,44 €","(8,60 € / Litro)",
Alho Seco Biológico Peso Aproximado por unidade 45 g,,,"6,49 €/kg",,
Disfala Cacau Puro em Pó embalagem 125 g,Disfala,,"1,49 €","(11,92 € / Kg)",
Diadermine Lift+ Creme Hidratante de Dia Ultra-Refirmante embalagem 50 ml,Diadermine Lift+,,"17,59 €","(351,80 € / Litro)",
Pig's Nose Whisky garrafa 70 cl,Pig's Nose,,"14,39 €","(20,56 € / Litro)",
Peito para Churrasco de Vitela Mirandesa DOP  Peso Aproximado 300 g,,,"12,95 €/kg",,
Pastoret Kefir de Vegetal embalagem 500 g,Pastoret,,"2,45 €","(4,90 € / Kg)",
Saitaku Sementes de Sésamo Pretas frasco 95 g,Saitaku,,"4,62 €","(48,63 € / Kg)",
"Gullón Bolachas Digestivas Finas de Aveia, Pedaços de Chocolate e Arandos embalagem 270 g",Gullón,,"2,95 €","(10,93 € / Kg)",
Bom Petisco Atum Posta em Azeite lata 385 g,Bom Petisco,,"5,69 €","(14,78 € / Kg)",
Cabo da Roca Vinho Tinto de Lisboa Syrah garrafa 75 cl,Cabo da Roca,,"10,49 €","(13,99 € / Litro)",
Neo Blanc Wc Bloco Sanitário Espuma Activa Anti-Calcário Brisa Marinha embalagem 2 unidades,Neo Blanc Wc,,"5,99 €","(1,50 € / Unidade)","5,99 €"
Le Chef Atlantic Arroz Selvagem embalagem 500 g,Le Chef Atlantic,,"2,19 €","(4,38 € / Kg)",
Nobre Fiambre de Perú Fatias Finas Económico unidade 140 g,Nobre,,"1,99 €","(14,21 € / Kg)",
Schar Pão com Hambúrguer sem Glúten embalagem 300 g,Schar,,"4,19 €","(13,97 € / Kg)",
Matilde Vicenzi Bolos Ladyfinger Vicenzovo de Itália embalagem 200 g,Matilde Vicenzi,,"2,39 €","(11,95 € / Kg)",
Codina Trio de Humus embalagem 210 g,Codina,,"3,79 €","(18,05 € / Kg)",
Margão Alho em Pó embalagem 50 g,Margão,,"1,59 €","(31,80 € / Kg)",
Biográ Esparguete Bio 100% Grão sem Lactose embalagem 250 g,Biográ,,"3,99 €","(15,96 € / Kg)",
Trevijano Risotto Mediterrâneo embalagem 280 g,Trevijano,,"3,79 €","(13,54 € / Kg)",
Château du Breuil Aguardente Fine Calvados garrafa 70 cl,Château du Breuil,,"20,95 €","(29,93 € / Litro)",
Montanari Gruzza Queijo Parmesão 24 Meses Biológico embalagem 200 g,Montanari Gruzza,,"8,99 €","(44,95 € / Kg)",
L'Or Café Índia Karnataka para Nespresso embalagem 10 cápsulas,L'Or,,"4,49 €","(0,34 € / Unidade)","4,49 €"
Dr. Oetker Pizza Ristorante Especial embalagem 330 g,Dr. Oetker,,"4,99 €","(14,46 € / Kg)",
Limiano Queijo Flamengo em Fatias Pack 2 embalagem 400 g,Limiano,,"4,19 €","(10,48 € / Kg)",
Pescanova Miolo de Camarão de Mocambique 30-50 embalagem 250 g,Pescanova,,"7,99 €","(31,96 € / Kg)",
Margão Pau de Canela para Café frasco 120 g,Margão,,"8,69 €","(72,42 € / Kg)",
Grant's Whisky 8 Anos garrafa 70 cl,Grant's,,"15,99 €","(22,84 € / Litro)",
Super Bock Mini Cerveja Pack 30 garrafa 25 cl,Super Bock Mini,,"13,49 €","(1,80 € / Litro)",
Joana Reymão Nogueira Bolo Médio Merengado de Noz e Amêndoa embalagem 1 unidade,Joana Reymão Nogueira,,"27,90 €","(27,90 € / Unidade)",
Pronto Limpa-Móveis Madeira Embeleza Lavanda Spray embalagem 300 ml,Pronto,,"4,79 €","(11,97 € / Litro)","4,79 €"
Hellmann's Maionese Top Down embalagem 238 g,Hellmann's,,"3,29 €","(13,82 € / Kg)",
El Corte Inglés Madalenas Artesanais sem Lactose embalagem 480 g,El Corte Inglés,,"3,79 €","(7,90 € / Kg)",
Buondi Descafeinado Caffé Nespresso embalagem 10,Buondi,,"4,09 €","(0,41 € / Unidade)",
Elda Queijo Creme Mascarpone embalagem 500 g,Elda,,"5,69 €","(11,38 € / Kg)",
Palitos de Queijo embalagem 250 g,,,"2,55 €","(10,20 € / Kg)",
"El Corte Inglés Selection Sumo de Uvas Vermelhas, Romã e Groselha embalagem 750 ml",El Corte Inglés Selection,,"2,95 €","(3,93 € / Litro)",
Quintal dos Açores Doce de Ananás frasco 250 g,Quintal dos Açores,,"4,19 €","(16,76 € / Kg)",
"Vanish Oxi Advance Desinfectante para Roupa Gel Pink embalagem 1,5 L",Vanish Oxi Advance,,"9,74 €","(6,49 € / Litro)",
Splendor Creme para Calçado Autobrilhante Castanho 50 ml,Splendor,,"1,79 €","(35,80 € / Litro)",
Quinta de São Francisco Vinho Branco da Estremadura Óbidos garrafa 75 cl,Quinta de São Francisco,,"5,95 €","(7,93 € / Litro)",
Casademont Fuet Snacks de Chouriço sem Glúten embalagem 50 g,Casademont,,"1,89 €","(37,80 € / Kg)",
Mr. Cheese Queijo Emmental Porção Peso Aproximado por unidade 200 g,Mr. Cheese,,"16,29 €/kg",,
Ti-ti Pipocas Doces embalagem 65 g,Ti-ti,,"0,65 €",(10 € / Kg),
Condi Mousse de Chocolate embalagem 150 g,Condi,,"1,64 €","(10,93 € / Kg)",
Cristal Gourmet Vinagre Balsâmico de Modena Biológico embalagem 250 ml,Cristal Gourmet,,"3,29 €","(13,16 € / Litro)",
Salutem Chá de Erva Príncipe Digestivo Natural embalagem 10 unidades,Salutem,,"0,99 €","(0,10 € / Unidade)",
Ambi Pur Ambientador Eléctrico Flores Elegantes Recarga embalagem 43 ml,Ambi Pur,,"9,59 €","(223,02 € / Litro)",
Gullón Zero Bolachas de Cacau Twins Recheadas com Creme sem Açúcares Adicionados embalagem 147 g,Gullón Zero,,"2,29 €","(15,58 € / Kg)",
El Corte Inglés Chá de Tiliia 25 unidades embalagem 30 g,El Corte Inglés,,"0,69 €",(23 € / Kg),
Dez Prá Uma Bacalhau Espiritual com Gambas para 2 pessoas embalagem 600 g,Dez Prá Uma,,15 €,(25 € / Kg),
Axe Wild Desodorizante Mojito Verde + Cedro Spray embalagem 150 ml,Axe Wild,,"3,59 €","(23,93 € / Litro)",
Paltsidis Paté Baba Ganoush embalagem 200 g,Paltsidis,,"4,29 €","(21,45 € / Kg)",
Miolo Pão Low Carb Biológico unidade 400 g,Miolo,,"4,95 €","(12,38 € / Kg)",
Nemea Vinho Tinto da Grécia garrafa 75 cl,Nemea,,"6,39 €","(8,52 € / Litro)",
Magno Sabonete Clássico Pack 2 embalagem 200 g,Magno,,"7,60 €","(3,80 € / 100 gr.)",
Segurelha Biológica embalagem 30 g,,,"1,50 €",(50 € / Kg),
Sabita Pasta de Caril Suave frasco 125 g,Sabita,,"2,80 €","(22,40 € / Kg)",
Bontá Divina Creme de Caramelo Pack 2 embalagem 120 g,Bontá Divina,,"2,99 €","(12,46 € / Kg)",
El Corte Inglés Mini Folhados embalagem 300 g,El Corte Inglés,,"3,09 €","(10,30 € / Kg)",
El Corte Inglés Bio Muesli com Malte Biológico embalagem 400 g,El Corte Inglés Bio,,"4,39 €","(10,98 € / Kg)",
Cuétara Bolachas Wafer Rolitos embalagem 225 g,Cuétara,,"3,69 €","(16,40 € / Kg)",
Quaker Muesli de Aveia Crocante com Bagas de Goji e Mirtilos embalagem 350 g,Quaker,,"2,75 €","(7,86 € / Kg)",
El Corte Inglés Café Exta Intenso para Nespresso Intensidade 11 embalagem 10 cápsulas,El Corte Inglés,,"1,99 €","(38,27 € / Kg)",
Arco D'Aguieira Vinho Tinto da Bairrada garrafa 75 cl,Arco D'Aguieira,,"17,99 €","(23,99 € / Litro)",
Bayeco Esfregão de Fibra com Esponja Azul Recarga embalagem 2 unidades,Bayeco,,"2,15 €","(1,08 € / Unidade)",
Yaranza Iogurte de Arandos frasco 500 g,Yaranza,,"2,79 €","(5,58 € / Kg)",
Mission Wraps Original embalagem 370 g,Mission,,"2,98 €","(8,05 € / Kg)",
Bonduelle Ervilhas sem Adição de Acúcar Biológicas Pack 2 embalagem 150 g,Bonduelle,,"3,34 €","(11,13 € / Kg)",
Carmencita Especiarias para Gin Tónico embalagem 16 g,Carmencita,,"3,79 €","(236,88 € / Kg)",
Lien Ying Panko embalagem 120 g,Lien Ying,,"3,69 €","(30,75 € / Kg)",
Old El Paso Tortilhas Chips Queijo embalagem 185 g,Old El Paso,,"2,96 €",(16 € / Kg),
Niepoort Vinho Branco do Dão garrafa 75 cl,Niepoort,,"6,59 €","(8,79 € / Litro)",
Almôndegas com Esparguete 1 unidade,,,"8,50 €",,
Museu do Pão Bolo de Arroz sem Glúten 4 Unidades embalagem 225 g,Museu do Pão,,"4,55 €","(18,18 € / Kg)","4,55 €"
Danone Activia Fibras Iogurte com Aveia e Nozes Pack 4 embalagem 115 g,Danone Activia Fibras,,"2,79 €","(24,26 € / Kg)",
Vasco da Gama Atum ao Natural em Posta lata 120 g,Vasco da Gama,,"1,39 €","(11,58 € / Kg)",
Grey Goose Vodka La Poire garrafa 70 cl,Grey Goose,,"47,90 €","(63,87 € / Litro)",
Codyfer Atacador Branco 60 cm 2 unidades,Codyfer,,"2,25 €","(2,25 € / Unidade)",
Heidel Chocolates Princesa lata 118 g,Heidel,,"9,95 €","(84,32 € / Kg)",
Panrico Pão de Forma Vegan sem Lactose embalagem 475 g,Panrico,,"1,74 €","(3,66 € / Kg)",
3 Pauly Bolachas Cremeo Vegan embalagem 120 g,3 Pauly,,"3,99 €","(33,25 € / Kg)",
Maybelline Color Sensational Batom Hidratante Nº 144 Naked Care embalagem 1 unidade,Maybelline Color Sensational,,"10,99 €","(10,99 € / Unidade)",
Oleander Amêndoas com Pele Tostada Biológicas embalagem 200 g,Oleander,,"7,65 €","(38,25 € / Kg)",
Lusoforma Formas de Alumínio Pequenas Redondas Nº 0210 20 unidades,Lusoforma,,"2,09 €","(0,10 € / Unidade)",
Campofrio Peito de Frango em Fatias Finas sem Glúten embalagem 220 g,Campofrio,,"3,59 €","(16,32 € / Kg)",
Storck Chocolates Black and White embalagem 240 g,Storck,,"7,29 €","(19,75 € / Kg)","7,29 €"
Margão Bio Curcuma Biológica frasco 42 g,Margão Bio,,"3,59 €","(85,48 € / Kg)",
Doces D'Aveiro Bolos Súplicas embalagem 200 g,Doces D'Aveiro,,"3,49 €","(17,45 € / Kg)",
Fapil Cabo Metálico Extensível para Esfregona 1 unidade,Fapil,,"6,19 €","(6,19 € / Unidade)",
M&M'S Chocolate com Amendoim embalagem 100 g,M&M'S,,"2,19 €","(21,90 € / Kg)",
Garnier Color Sensation Coloração Permanente Intensa Nº 3.0 Castanho Escuro embalagem 1 unidade,Garnier Color Sensation,,"8,85 €","(8,85 € / Unidade)",
Royal Preparado em Pó para Gelatina de Limão embalagem 114 g,Royal,,"1,99 €","(17,46 € / Kg)",
Mimosa Proteína Leite UHT Sabor Morango sem Lactose Pack 3 embalagem 250 ml,Mimosa Proteína,,"2,99 €","(3,99 € / Litro)",
El Corte Inglés Arroz Vaporizado embalagem 1 kg,El Corte Inglés,,"1,25 €","(1,25 € / Kg)",
Pousada Vinho do Porto Tawny garrafa 75 cl,Pousada,,"8,29 €","(11,05 € / Litro)",
Lindt Gold Chocolate Preto com Amêndoas embalagem 300 g,Lindt Gold,,"7,99 €","(26,63 € / Kg)",
Camarão Selvagem Cozido 10/20,,,"49,90 €/kg",,
Babaria Sérum Anti-Rugas Retinol embalagem 30 ml,Babaria,,"7,69 €","(256,33 € / Litro)",
Dory Vinho Branco de Lisboa garrafa 75 cl,Dory,,"5,45 €","(7,27 € / Litro)",
Yoçor Iogurte com Aroma Docinho de Morango Pack 4 embalagem 125 g,Yoçor,,"1,49 €","(2,98 € / Kg)",
Bio Inside Mistura de Legumes Ratatouille Biológica embalagem 400 g,Bio Inside,,"3,45 €","(8,62 € / Kg)",
Q M Espumante Bruto Super Reserva Alvarinho garrafa 75 cl,Q M,,"17,90 €","(23,87 € / Litro)",
Glamour Studio Pente embalagem 1 unidade,Glamour Studio,,"3,15 €","(3,15 € / Unidade)",
Eci Selection Croquetes de Presunto Ibérico embalagem 500 g,Eci Selection,,"3,49 €","(6,98 € / Kg)",
Villa Rebuçados de Mentol embalagem 200 g,Villa,,"1,55 €","(7,75 € / Kg)",
Delaviuda Trufas de Chocolate de Leite sem Açúcar embalagem 150 g,Delaviuda,,"3,40 €","(22,67 € / Kg)",
Dez Prá Uma Arroz Basmati para 3 Pessoas embalagem 400 g,Dez Prá Uma,,"3,75 €","(9,38 € / Kg)",
Queijada do Mosteiro unidade 85 g,,,"1,15 €","(13,53 € / Kg)",
Kinder Bueno Snack de Chocolate Branco embalagem 43 g,Kinder Bueno,,"1,09 €","(25,35 € / Kg)",
Naturefoods Coco Ralado Biológico embalagem 250 g,Naturefoods,,"1,99 €","(7,96 € / Kg)",
"Sprite Refrigerante de Lima-Limão sem Açúcar com Gás garrafa 1,5 L",Sprite,,"1,25 €","(0,83 € / Litro)",
Magic Retouch Escova Cobre Brancos para Cabelo Louro embalagem 1 unidade,Magic Retouch,,"11,99 €","(11,99 € / Unidade)",
Magabel Tisana Tília embalagem 10 unidades,Magabel,,"1,10 €","(0,11 € / Unidade)",
Cantinho das Aromáticas Infusão de Erva-Cidreira Biológica embalagem 22 unidades,Cantinho das Aromáticas,,"4,10 €","(0,19 € / Unidade)",
Loic D' Artimont Vieiras de Frutos do Mar embalagem 720 g,Loic D' Artimont,,"13,99 €","(19,43 € / Kg)",
El Corte Inglés Bolachas Cobertas com Chocolate Branco embalagem 150 g,El Corte Inglés,,"1,19 €","(7,93 € / Kg)",
Santini Gelado de Manga embalagem 500 ml,Santini,,"14,95 €","(29,90 € / Litro)",
Bicafé Café Gourmet para Dolce Gusto Intensidade 8 embalagem 16 cápsulas,Bicafé,,"3,49 €","(0,22 € / Unidade)",
"Rudolfs Puré de Maçã, Morango com Biscoito Bio +6 meses frasco 190 g",Rudolfs,,"2,39 €","(12,58 € / Kg)",
El Corte Inglés Chouriço de Peru sem Glúten Pack 2 embalagem 150 g,El Corte Inglés,,"2,35 €","(15,67 € / Kg)",
Pato Real Arroz Integral Mix 5 Cerais Integrais Nutriminuto embalagem 250 g,Pato Real,,"3,35 €","(13,40 € / Kg)",
Domestos Power 5 Bloco Sanitário Água Turquesa Activa de Limão embalagem 53 g,Domestos Power 5,,"3,49 €","(65,85 € / Kg)",
Cirio Passata Pack 3 embalagem 200 g,Cirio,,"2,19 €","(10,95 € / Kg)",
Elpozo Bien Star Peito de Peru sem Gordura Reduzido em Sal em Fatias sem Lactose e sem Glúten embalagem 85 g,Elpozo Bien Star,,"1,89 €","(22,24 € / Kg)",
Dietisa Chá de Carqueja em Flor embalagem 50 g,Dietisa,,"2,55 €",(51 € / Kg),
Oral-B Pasta de Dentes Sensíveis embalagem 75 ml,Oral-B,,"4,49 €","(38,53 € / Litro)","4,49 €"
Bon Roll Choconolas Gomas de Mirtilo com Cobertura de Chocolate embalagem 150 g,Bon Roll Choconolas,,"1,95 €",(13 € / Kg),
Color Silk Coloração Permanente Nº 30 Castanho Escuro 00001,Color Silk,,"6,95 €","(6,95 € / Unidade)",
Codyfer Palmilhas Pequenas Tamanho Único 1 par,Codyfer,,"5,05 €","(5,05 € / Unidade)",
Nescafé Dolce Gusto Café Latte de Amêndoa Vegan Intensidade 5 embalagem 12 cápsulas,Nescafé Dolce Gusto,,"5,59 €","(0,47 € / Unidade)",
Renova Uno Guardanapos Tipo E Verdes 70 unidades,Renova Uno,,"0,79 €","(0,01 € / Unidade)",
Martiko Carpaccio de Atum Fumado sem Açúcar embalagem 80 g,Martiko,,"6,49 €","(81,12 € / Kg)",
Molho para Wok Coco & Erva Principe frasco 240 ml,,,"3,80 €","(15,83 € / Litro)",
Maçarico Azeitonas Verdes Recheadas com Pasta de Pimento frasco 350 g,Maçarico,,"2,99 €","(8,54 € / Kg)",
Cem Porcento Sumo Natural de Maçã Biológico garrafa 200 ml,Cem Porcento,,"1,49 €","(7,45 € / Litro)",
Casa Santos Lima Vinho Branco da Estremadura Verdelho garrafa 75 cl,Casa Santos Lima,,"4,49 €","(5,99 € / Litro)",
Paperquer Bolachas Recheadas Passatempo embalagem 130 g,Paperquer,,"1,55 €","(11,92 € / Kg)",
Merimar Polvo Cozido embalagem 500 g,Merimar,,"22,99 €","(45,98 € / Kg)",
Aliada Escova com Pega 1 unidade,Aliada,,"1,45 €","(1,45 € / Unidade)",
El Corte Inglés Gressinos de Àgua e Sal em Azeite Virgem Extra e Cebola embalagem 180 g,El Corte Inglés,,"1,69 €","(9,39 € / Kg)",
Corralejo Tequila Blanco garrafa 70 cl,Corralejo,,"33,90 €","(48,43 € / Litro)",
Ferrero Rocher Gelado Pack 4 embalagem 280 ml,Ferrero Rocher,,"4,85 €","(17,32 € / Litro)",
Garnier Skin Naturals Água Micelar para Todos os Tipos de Pele embalagem 400 ml,Garnier Skin Naturals,,"6,89 €","(17,22 € / Litro)",
Medalhões de Lombo do Porco Peso Aproximado 350 g,,,"5,95 €/kg",,
Mississippi Belle Xarope para Panquecas embalagem 710 ml,Mississippi Belle,,"7,25 €","(10,21 € / Litro)",
Colgate Natural Extracts Pasta de Dentes Brilho Intenso Carvão Vegetal embalagem 75 ml,Colgate Natural Extracts,,"4,99 €","(66,53 € / Litro)",
Renova Black Label Guardanapos Paeonia 20 unidades,Renova Black Label,,"2,19 €","(0,11 € / Unidade)",
NOS Douradinhos de Pescada embalagem 1 kg,NOS,,"5,98 €","(0,01 € / Kg)",
Gelpeixe Lula Limpa Inteira 10/20 embalagem 800 g,Gelpeixe,,"12,69 €","(15,86 € / Kg)",
El Corte Inglés Gelado de Limão sem Glúten embalagem 1000 ml,El Corte Inglés,,"1,79 €","(1,79 € / Litro)",
Scotch-Brite Esfregão Fibra Verde com Esponja Não Risca Vitrocerâmica e Superfícies Antiaderentes 1 unidade,Scotch-Brite,,"2,15 €","(2,15 € / Unidade)",
Vidal Gomas Ovas Estrelados embalagem 100 g,Vidal,,"1,39 €","(13,90 € / Kg)",
Native Pitaya Pitaia Sorbet copo 160 ml,Native Pitaya,,"2,69 €","(16,81 € / Litro)",
Millan Vicente Queijo Edam 100% Natural em Fatias Biológico embalagem 125 g,Millan Vicente,,"2,49 €","(19,92 € / Kg)",
"Sumol Refrigerante de Laranjas do Algarve com Gás garrafa 1,5 L",Sumol,,"1,39 €","(0,33 € / Litro)",
Lowenbrau Cerveja da Alemanha garrafa 33 cl,Lowenbrau,,"1,65 €",(5 € / Litro),
Heidsieck Champanhe Piper garrafa 75 cl,Heidsieck,,"42,89 €","(57,19 € / Litro)",
Kellogg's Extra Cereais de Chocolate e Avelã embalagem 375 g,Kellogg's Extra,,"4,39 €","(11,71 € / Kg)",
Vileda Microfibre Premium Esfregona 2 em 1 Recarga embalagem 1 unidade,Vileda Microfibre Premium,,"5,29 €","(5,29 € / Unidade)",
Monte da Ravasqueira Vinho Tinto do Alentejo Syrah garrafa 75 cl,Monte da Ravasqueira,,"9,99 €","(13,32 € / Litro)",
Duracell Optimum Pilhas AA 200% Extra Power embalagem 8 unidades,Duracell Optimum,,"12,99 €","(1,62 € / Unidade)",
Nivea Men Sensitive Pro Gel de Limpeza e Barba embalagem 200 ml,Nivea Men Sensitive Pro,,"11,99 €","(59,95 € / Litro)",
Vileda Esfregona Suave com Cabo embalagem 1 unidade,Vileda,,"7,65 €","(7,65 € / Unidade)",
Quinta de Camarate Vinho Tinto de Terras do Sado garrafa 75 cl,Quinta de Camarate,,"8,99 €","(11,99 € / Litro)",
Beutelsbacher Sumo de Multi Frutas Biológico embalagem 200 ml,Beutelsbacher,,"2,45 €","(12,25 € / Litro)",
Bolachas de Framboesa embalagem 403 g,,,"3,19 €","(7,92 € / Kg)",
Lugrade Lombinhos do Cachaço de Bacalhau embalagem 900 g,Lugrade,,"24,49 €","(27,21 € / Kg)",
Special Line El Corte Inglés Infusão Antioxidante Verde do Japão e Rooibos Verde embalagem 25 unidades,Special Line El Corte Inglés,,"2,40 €","(0,10 € / Unidade)",
"Abóbora cortada Peso Aproximado por cuvete 1,3 kg",,,"3,63 €","(2,79 € / Kg)",
Carretilla Macarrões à Bolonhesa embalagem 325 g,Carretilla,,"2,75 €","(8,46 € / Kg)",
"El Corte Inglés Gel de Limpeza com Lixívia embalagem 1,5 L",El Corte Inglés,,"1,69 €","(1,13 € / Litro)",
Izidoro Veggie Lovers Vegan Steak de Ervilha e Soja embalagem 150 g,Izidoro Veggie Lovers,,"2,49 €","(16,60 € / Kg)",
Luso Junior Água sem Gás Pack 6 garrafa 33 cl,Luso Junior,,"2,39 €","(7,24 € / Litro)",
Nonno Nanni Queijo Ricottine pack 200 g,Nonno Nanni,,"2,95 €","(14,75 € / Kg)",
Ilha Vinho Verde Branco da Madeira Verdelho DOP garrafa 75 cl,Ilha,,"24,99 €","(33,32 € / Litro)",
El Corte Inglés Cogumelos Inteiros lata 185 g,El Corte Inglés,,"1,19 €","(6,61 € / Kg)",
Nacional Massa Laços Alentejanos 100% Trigo Eco embalagem 500 g,Nacional,,"1,94 €","(3,88 € / Kg)",
Kastellbier Cerveja da Bélgica garrafa 75 cl,Kastellbier,,"9,99 €","(13,32 € / Litro)",
Jacquot Fantasias de Natal embalagem 143 g,Jacquot,,"2,39 €","(16,71 € / Kg)",
Pão de Centeio Fatiado embalagem 400 g,,,"1,30 €","(3,25 € / Kg)",
Montanari Gruzza Queijo Parmesão Grande Reserva 36 Meses Biológico embalagem 250 g,Montanari Gruzza,,"11,99 €","(47,96 € / Kg)",
Kinder Surpresa Ovo de Chocolate embalagem 20 g,Kinder Surpresa,,"1,35 €","(67,50 € / Kg)",
Ferbar Molho de Piri-Piri frasco 210 g,Ferbar,,"1,19 €","(4,24 € / Kg)","1,19 €"
Iggy's Pão Pita Natural embalagem 375 g,Iggy's,,"2,29 €","(6,11 € / Kg)",
Kaiku Bifi Iogurte com Nozes Pack 4 embalagem 125 g,Kaiku Bifi,,"2,69 €","(5,38 € / Kg)",
Cantorel Queijo Roquefort DOP,Cantorel,,"29,98 €/kg",,
Nescafé Cappuccino Café Solúvel Descafeinado 10 Saquetas embalagem 125 g,Nescafé,,"3,19 €","(25,52 € / Kg)",
Castelões Queijo Curado -30% Gordura Receita Original embalagem 500 g,Castelões,,"7,24 €","(14,48 € / Kg)",
Matutano Amendoins Tostados no Forno embalagem 200 g,Matutano,,"2,29 €","(8,45 € / Kg)","2,29 €"
Palmiers 3 Unidades embalagem 240 g,,,"3,35 €","(13,96 € / Kg)",
Sílica Vinho do Douro Tinto garrafa 75 cl,Sílica,,"5,99 €","(7,99 € / Litro)",
Queijaria das Romãs Queijo Fresco de Ovelha embalagem 120 g,Queijaria das Romãs,,"1,99 €","(16,58 € / Kg)",
Vianeza Massa Macarronete de Milho e Arroz sem Glúten embalagem 250 g,Vianeza,,"3,09 €","(12,36 € / Kg)",
"Ajax Detergente Líquido Lava-Tudo Montanha embalagem 1,25 L",Ajax,,"2,09 €","(1,67 € / Litro)",
"Vanish Oxi Advance Detergente para Roupa Branca Gel White embalagem 1,5 L",Vanish Oxi Advance,,"9,74 €","(6,49 € / Litro)",
El Corte Inglés Tâmaras embalagem 350 g,El Corte Inglés,,"2,99 €","(8,54 € / Kg)",
Provamel Bebida de Amêndoa não Adoçada Biológica embalagem 1 L,Provamel,,"3,19 €","(3,19 € / Litro)",
Gillette Venus Máquina Depilatória + Recarga embalagem 1 unidade,Gillette Venus,,"6,49 €","(6,49 € / Unidade)",
"El Corte Inglés Detergente Especial para Madeira, Mármore, Cerâmica e Granito PH Neutro embalagem 1,5 L",El Corte Inglés,,"1,69 €","(1,13 € / Litro)",
Canderel Chocolate Preto sem Açúcar embalagem 100 g,Canderel,,"2,59 €","(25,90 € / Kg)",
Dom Diogo Vinho Verde Azal Branco garrafa 75 cl,Dom Diogo,,"4,95 €","(6,60 € / Litro)",
Syoss Volumen Champô para Cabelo Fino ou Sem volume embalagem 440 ml,Syoss Volumen,,"6,99 €","(15,89 € / Litro)",
Encostas do Trogão Vinho Branco de Trás-os-Montes garrafa 75 cl,Encostas do Trogão,,"4,99 €","(6,65 € / Litro)",
Naturefoods Arroz Longo Extra Agulha Biológico sem Glúten Bilógico embalagem 1 kg,Naturefoods,,"3,49 €","(3,49 € / Kg)",
De Marchi Polpa de Maracujá embalagem 100 g,De Marchi,,"1,49 €","(14,90 € / Kg)",
Búfalo Express Esponja Autobrilhante Incolor embalagem 1 unidade,Búfalo Express,,"2,59 €","(2,59 € / Unidade)",
Serra Valmadeiros Queijo de Ovelha Curado,Serra Valmadeiros,,"19,95 €/kg",,
Ponti Molho Carbonara frasco 280 g,Ponti,,"4,29 €","(15,32 € / Kg)",
Capitão Iglo Douradinhos de Pescada 12 Unidades embalagem 300 g,Capitão Iglo,,"2,84 €","(9,47 € / Kg)",
Président Queijo Camembert 8 Porções embalagem 250 g,Président,,"4,19 €","(16,76 € / Kg)",
Tetley Ice Tea Chá Preto e Manga lata 33 cl,Tetley,,"0,69 €","(2,09 € / Litro)",
Condi Gelatina Zero Ananás embalagem 28 g,Condi,,"1,85 €","(66,07 € / Kg)",
Molico Leite em Pó Magro com Cálcio embalagem 380 g,Molico,,"5,75 €","(15,13 € / Kg)",
Vinha da Urze Vinho Branco do Douro garrafa 75 cl,Vinha da Urze,,"4,65 €","(6,20 € / Litro)",
Bicentury Barritas de Chocolate Branco com Frutos Vermelhos embalagem 90 g,Bicentury,,"3,20 €","(35,56 € / Kg)",
Sovina Cerveja Artesanal IPA garrafa 33 cl,Sovina,,"2,69 €","(8,15 € / Litro)",
Nuts Original Mix de Amendoins embalagem 75 g,Nuts Original,,"1,85 €","(24,67 € / Kg)",
Santiveri Bolachas Digestivas de Aveia embalagem 190 g,Santiveri,,"2,20 €","(11,58 € / Kg)",
Ribeiro Santo Vinho Tinto do Dão garrafa 75 cl,Ribeiro Santo,,"5,99 €","(7,99 € / Litro)",
Green Vie Creme de Barrar Cogumelos e Trufa Vegan sem Lactose e sem Glúten embalagem 250 g,Green Vie,,"4,69 €","(18,76 € / Kg)",
Moo Free Mini Chocolate de Caramelo Vegan sem Glúten embalagem 20 g,Moo Free,,"1,29 €","(64,50 € / Kg)",
Yoçor Iogurte Líquido Meio Gordo de Maracujá Pack 4 embalagem 170 ml,Yoçor,,"2,19 €","(3,22 € / Litro)",
"El Corte Inglés Selection Queijo de Ovelha Curado Elaborado com Leite Cru Peso Aproximado por unidade 3,2 kg",El Corte Inglés Selection,,"18,50 €/kg",,
Hamburguesa Nostra Molho Diabla Picante sem Glúten embalagem 200 ml,Hamburguesa Nostra,,"4,49 €","(22,45 € / Litro)",
Immunity Bowl Frutos Tropicais embalagem 190 g,,,"4,49 €","(23,63 € / Kg)",
Vasco da Gama Lulas de Caldeirada lata 120 g,Vasco da Gama,,"1,69 €","(14,08 € / Kg)",
"Serra da Estrela Água sem Gás Pack 4 garrafa 1,5 L",Serra da Estrela,,"2,25 €","(0,38 € / Litro)",
Villar Centro de Presunto Bodega 12 Meses,Villar,,"23,95 €/kg",,
Codyfer Atacador Branco 90 cm 1 unidade,Codyfer,,"2,05 €","(2,05 € / Unidade)",
Greens Frutos do Bosque embalagem 450 g,Greens,,"2,99 €","(6,64 € / Kg)",
Generous Biscoitos Victor Baunilha embalagem 125 g,Generous,,"4,95 €","(39,60 € / Kg)",
Pitéu Pota com Alho lata 120 g,Pitéu,,"2,55 €","(21,25 € / Kg)",
Gullón Bolachas Sandwich Recheadas de Chocolate sem Açúcares Adicionados embalagem 250 g,Gullón,,"2,55 €","(10,20 € / Kg)",
Veckia Água de Colónia Bebé Fragrância Suave embalagem 300 ml,Veckia,,"1,75 €","(0,58 € / 10 ml.)",
Serra da Malcata Mel Queiró frasco 500 g,Serra da Malcata,,"6,39 €","(12,78 € / Kg)",
Glamour Mademoiselle Escova Girly embalagem 1 unidade,Glamour Mademoiselle,,"3,69 €","(3,69 € / Unidade)",
Carlota Organic Sopa de Abóbora com Sementes de Chia frasco 450 g,Carlota Organic,,"4,09 €","(9,09 € / Kg)",
Santa Catarina Atum em Azeite Filete embalagem 120 g,Santa Catarina,,"2,39 €","(18,25 € / Kg)","2,39 €"
Sexy Vinho Rosé do Alentejo garrafa 75 cl,Sexy,,"8,49 €","(11,32 € / Litro)",
El Corte Inglés Paté de Pimenta Pack 2X50g embalagem 100 g,El Corte Inglés,,"1,59 €",,
Savora Mostarda frasco 190 g,Savora,,"2,49 €","(13,11 € / Kg)",
Costa do Pombal Vinho Rosé do Douro garrafa 75 cl,Costa do Pombal,,"4,99 €","(6,65 € / Litro)",
San Pellegrino Água com Sabor a Tangerina e Morango Selvagem garrafa 50 cl,San Pellegrino,,"1,69 €","(3,38 € / Litro)",
Duvel Cerveja da Bélgica Tripel Hop garrafa 33 cl,Duvel,,"3,99 €","(12,09 € / Litro)",
A Neta Manuela Vinho Branco de Espanha Ribeiro garrafa 75 cl,A Neta Manuela,,"9,49 €","(12,65 € / Litro)",
Milka Chocolate de Leite com Amêndoas embalagem 125 g,Milka,,"1,99 €","(15,92 € / Kg)",
Milaneza Macarrão Grande Rigatoni embalagem 500 g,Milaneza,,"1,75 €","(3,50 € / Kg)",
Porminho Fiambre da Perna Extra,Porminho,,"12,49 €/kg",,
El Corte Inglés Pão de Cádiz embalagem 350 g,El Corte Inglés,,"4,99 €","(14,26 € / Kg)",
Pescada Nacional 2/3 KG ao peso 1 kg,,,"15,99 €/kg",,
Schweppes Ginger Ale garrafa 100 cl,Schweppes,,"1,95 €","(1,95 € / Litro)",
Aptamil Leite de Transição 3 a Partir dos 9 Meses embalagem 800 g,Aptamil,,"16,69 €","(20,86 € / Kg)",
Panrico Pão de Forma Integral Especial Torradas Vegan sem Lactose embalagem 520 g,Panrico,,"1,99 €","(3,83 € / Kg)",
Cuétara Ricanela Bolachas de Canela com Oferta de 100 g embalagem 500 g,Cuétara Ricanela,,"2,69 €","(5,38 € / Kg)",
Pote Pimentão Doce embalagem 75 g,Pote,,"2,49 €","(33,20 € / Kg)",
Calendário do Advento Triângulo embalagem 25 unidades,,,"17,99 €","(0,72 € / Unidade)",
Ranchera M-Xico Molho Guacamole frasco 250 ml,Ranchera M-Xico,,"3,05 €","(12,20 € / Litro)",
Ines Rosales 4 Tortas de Azeite Biológicas embalagem 120 g,Ines Rosales,,"2,35 €","(19,58 € / Kg)",
Al'Fez Falafel Mix embalagem 150 g,Al'Fez,,"3,19 €","(21,27 € / Kg)",
Pacheca Vinho Moscatel do Douro garrafa 75 cl,Pacheca,,"17,49 €","(23,32 € / Litro)",
Haagen-Dazs Gelado de Caramelo com Pedaços de Bolacha Speculoos embalagem 460 ml,Haagen-Dazs,,"6,79 €","(14,76 € / Litro)",
Andresen Vinho do Porto Branco 10 Anos garrafa 50 cl,Andresen,,"19,95 €","(39,90 € / Litro)",
Esporão Vinho Branco do Alentejo Colheita Biológico garrafa 75 cl,Esporão,,"7,99 €","(10,65 € / Litro)",
Conde Vimioso Vinho Branco Regional do Tejo garrafa 75 cl,Conde Vimioso,,"7,99 €","(10,65 € / Litro)",
Quinta do Olival Queijo Regional Metade unidade 400 g,Quinta do Olival,,"8,75 €","(21,88 € / Kg)",
Santa Vitória Azeite Virgem Extra Premium garrafa 500 ml,Santa Vitória,,"9,15 €","(1,83 € / 10 ml.)",
Minerva Sardinha com Limão em Azeite lata 120 g,Minerva,,"1,99 €","(16,58 € / Kg)",
Ti António Lombo de Porco Peso Aproximado por cuvete 900 g,Ti António,,"9,86 €","(10,95 € / Kg)",
Scottex Papel Higiénico Gigante embalagem 18 unidades,Scottex,,"19,99 €","(1,11 € / Unidade)",
Dr.Organic Sabonete de Azeite Biológico embalagem 100 g,Dr.Organic,,"4,19 €","(41,90 € / Kg)",
Air Wick Aqua Essences Ambientador Eléctrico White Bouquet Recarga 21 ml,Air Wick Aqua Essences,,"5,99 €","(285,24 € / Litro)",
Tété Queijo Fresco de Cabra embalagem 300 g,Tété,,"3,75 €","(12,50 € / Kg)",
Protos Vinho Tinto de Espanha Roble Ribeira Duero garrafa 75 cl,Protos,,"10,95 €","(14,60 € / Litro)",
Compal da Horta Concentrado de Polpa de Tomate Bisnaga embalagem 140 g,Compal da Horta,,"0,99 €","(7,07 € / Kg)",
KTC Moinho de Curcuma Indiana frasco 55 g,KTC,,"2,89 €","(52,55 € / Kg)",
Secos da Aldeia Amendoins Torrados Grosso embalagem 200 g,Secos da Aldeia,,"1,49 €","(7,45 € / Kg)",
Tapa Mania Tapas Empanada para Fritar embalagem 330 g,Tapa Mania,,"3,49 €","(10,58 € / Kg)",
El Corte Inglés Rolo de Cozinha Multiusos 2 Camadas embalagem 1 unidade,El Corte Inglés,,"3,75 €","(3,75 € / Unidade)",
Lay's Batatas Fritas sabor Frango Assado embalagem 150 g,Lay's,,"1,89 €","(12,60 € / Kg)",
Elpozo All Natural Salsichão Extra sem Glúten embalagem 70 g,Elpozo All Natural,,"2,29 €","(32,71 € / Kg)",
Vinha do Pastor Vinho Branco do Alentejo garrafa 75 cl,Vinha do Pastor,,"4,75 €","(6,33 € / Litro)",
Vitasnack Maçã Crocante com Canela sem Glúten Biológico embalagem 20 g,Vitasnack,,"2,55 €","(127,50 € / Kg)",
El Corte Inglés Selection Espargos Brancos Grossos 9/14 Unidades lata 250 g,El Corte Inglés Selection,,"6,45 €","(16,54 € / Kg)",
Jordan Green Clean Escova de Dentes Infantil 5-10 Anos Extra Suave embalagem 1 unidade,Jordan Green Clean,,"2,99 €","(2,99 € / Unidade)",
Aliada Luvas Interior de Algodão Rosa Tamanho Grande embalagem 1 par,Aliada,,"0,79 €","(0,79 € / Unidade)",
Nutella Creme para Barrar frasco 600 g,Nutella,,"5,29 €","(8,82 € / Kg)",
RTM Pack Queijo Manchego de Ovelha com Castanhas unidade 00330 g,RTM,,"11,99 €","(36,33 € / Kg)",
Chupa Chups Chupa Chupa Melody Pops embalagem 1 unidade,Chupa Chups,,"0,69 €","(0,69 € / Unidade)",
Dr. Beckmann Aditivo para Lavagem Super Branco embalagem 80 ml,Dr. Beckmann,,"1,49 €","(18,62 € / Litro)",
Clawson Queijo do Reino Unido Cheddar com Cebola e Cebolinho,Clawson,,"32,59 €/kg",,
Mimosa Molho de Nata para Bacalhau e Outros Peixes embalagem 200 ml,Mimosa,,"0,98 €","(4,90 € / Litro)",
Knorr Sopa Rústica Massa e Lentilhas embalagem 155 g,Knorr,,"2,09 €","(13,48 € / Kg)",
Diadermine Tónico Facial sem Álcool para Todos os Tipos de Pele embalagem 200 ml,Diadermine,,"6,49 €","(32,45 € / Litro)",
Echo Falls Vinho Branco E.U.A. Zinfandel garrafa 75 cl,Echo Falls,,"7,99 €","(10,65 € / Litro)",
Fructis Máscara Capilar Super Brilho de Goji embalagem 390 ml,Fructis,,"8,99 €","(23,05 € / Litro)",
Evax Protege-Slip Normal embalagem 28 unidades,Evax,,"1,79 €","(0,06 € / Unidade)",
El Corte Inglés Amaciador para a Roupa Frescura Azul embalagem 80 doses,El Corte Inglés,,"2,30 €","(0,03 € / Dose)",
Meggle Manteiga com Sal e Alho embalagem 125 g,Meggle,,"2,99 €","(23,92 € / Kg)",
Taboadella Vinho Branco do Dão Reserva Encruzado garrafa 75 cl,Taboadella,,"16,99 €","(22,65 € / Litro)",
Semear Chutney Manga frasco 200 g,Semear,,"5,39 €","(26,95 € / Kg)",
Smileat Boião de Feijão Guisado Bio embalagem 230 g,Smileat,,"2,29 €","(9,96 € / Kg)",
Ausonia Cottonlike Extra Abas embalagem 16 unidades,,,"4,99 €","(0,31 € / Unidade)",
Comfort Intense Care Amaciador para Roupa Sensitive Gentle Touch Ultra Concentrado embalagem 60 doses,Comfort Intense Care,,"7,99 €","(0,13 € / Dose)",
Borges Vinho do Porto Tawny em Decante garrafa 75 cl,Borges,,"17,49 €","(23,32 € / Litro)",
Marisco Mendez Camarão Tigre Médio 40-60 caixa 250 g,Marisco Mendez,,"11,49 €","(45,96 € / Kg)",
Progelcone Cones de Baunilha para Gelado Pack 10 embalagem 110 g,Progelcone,,"1,69 €","(15,36 € / Kg)",
Aneto Caldo Natural de Galinha embalagem 1 L,Aneto,,"4,79 €","(4,79 € / Litro)",
Lien Ying Noodles Shirataki Konjac sem Glúten embalagem 270 g,Lien Ying,,"3,39 €","(12,56 € / Kg)",
Condi Corante Líquido Azul frasco 25 ml,Condi,,"1,49 €","(59,60 € / Litro)",
El Zagal Sobrasada Doce Semirizada,El Zagal,,"16,45 €/kg",,
Steripan Compressas Ultra Suave 15 x 15 cm embalagem 20 unidades,Steripan,,"3,70 €","(0,18 € / Unidade)",
Red Bull Bebida Energética com Sabor a Açaí lata 25 cl,Red Bull,,"1,39 €","(5,56 € / Litro)",
Pantene Sérum Selador de Pontas Abertas embalagem 75 ml,Pantene,,"9,99 €","(133,20 € / Litro)",
Dove Baby Gel de Banho Hidrata Corpo e Cabelo embalagem 200 ml,Dove Baby,,"2,99 €","(14,95 € / Litro)",
Fruut Mix Maçã Crocante embalagem 100 g,Fruut,,"2,49 €","(24,90 € / Kg)",
Pescanova Bacalhau Desfiado embalagem 400 g,Pescanova,,"7,99 €","(16,22 € / Kg)","7,99 €"
Glamour Institut Esponjas Vegetais embalagem 2 unidades,Glamour Institut,,"3,39 €","(1,70 € / Unidade)",
Green Vie Natas de Creme Azedo Vegan sem Lactose e sem Glúten embalagem 250 g,Green Vie,,"4,69 €","(18,76 € / Kg)",
De Marchi Polpa de Acerola embalagem 100 g,De Marchi,,"1,19 €","(11,90 € / Kg)",
Oatly Organic Mocha Latte Preparado de Bebida de Aveia com Café e Cacau lata 240 ml,Oatly,,"2,15 €","(8,96 € / Litro)",
"Campoaves Frango Inteiro Bio do Campo Peso Aproximado por cuvete 2,5 kg",Campoaves,,"21,23 €","(8,49 € / Kg)",
Natursoy Hambúrguer de Cereais com Jardineira Biológico Pack 2 embalagem 75 g,Natursoy,,"2,59 €","(17,27 € / Kg)",
Implicit Vinho Branco do Alentejo garrafa 75 cl,Implicit,,"6,95 €","(9,27 € / Litro)",
Jules Destrooper Biscoitos de Chocolate e Canela embalagem 100 g,Jules Destrooper,,"2,99 €","(29,90 € / Kg)",
Iberia Tinta para Roupa Chocolate 40º embalagem 70 g,Iberia,,"4,95 €","(70,71 € / Kg)",
Syoss Oleo Intense Coloração Nº 7-10 Louro Natural embalagem 1 unidade,Syoss Oleo Intense,,"11,29 €","(11,29 € / Unidade)",
Tierra de Oro Vinho Tinto de Espanha Reserva Ribera del Duero garrafa 75 cl,Tierra de Oro,,"5,79 €","(7,72 € / Litro)",
Liefmans Cerveja Goudenband garrafa 75 cl,Liefmans,,"32,50 €","(43,33 € / Litro)",
Quinta da Rebôtea Vinho Tinto do Dão Selecção garrafa 75 cl,Quinta da Rebôtea,,"6,95 €","(9,27 € / Litro)",
Skandia Bacalhau Fumado embalagem 80 g,Skandia,,"5,99 €","(74,88 € / Kg)",
Oral-B Pro-Expert Escova de Dentes Pulsar Médio embalagem 1 unidade,Oral-B Pro-Expert,,"5,59 €","(5,59 € / Unidade)",
Lola Máscara de Reparação Intensivo Vorazes embalagem 450 ml,Lola,,"12,47 €","(27,71 € / Litro)",
Colgate Plax Elixir White + Charcoal embalagem 500 ml,Colgate Plax,,"6,99 €","(13,98 € / Litro)",
Bledina Puré de Fruta de Maçã Pack de 4 embalagem 95 g,Bledina,,"2,79 €","(29,37 € / Kg)",
Nobre Churrasco Salsichas de Peru embalagem 200 g,Nobre Churrasco,,"2,69 €","(13,45 € / Kg)",
Casa Santos Lima Vinho Branco da Estremadura Moscatel garrafa 75 cl,Casa Santos Lima,,"4,49 €","(5,99 € / Litro)",
Paladin Vinagre de Vinho Branco garrafa 500 ml,Paladin,,"1,45 €","(0,29 € / 10 ml.)",
Oral-B Pro-Expert Pasta de Dentes Multi-Protecção embalagem 75 ml,Oral-B Pro-Expert,,"3,99 €","(53,20 € / Litro)",
Fornos de Algodres Queijo Amanteigado Peso Aproximado por unidade 1 kg,Fornos de Algodres,,"20,75 €/kg",,"20,75 €/kg"
Dietisa Chá de Ervas Alcaçuz embalagem 50 g,Dietisa,,"1,69 €","(33,80 € / Kg)",
Magnum Mini Gelados Double Framboesa Pack 6 embalagem 360 ml,Magnum,,"5,99 €","(16,64 € / Litro)",
Jade Phoenix Cogumelos Shitake embalagem 50 g,Jade Phoenix,,"5,45 €",(109 € / Kg),
Nivea Protect e Bronze Exfoliante de Arroz Purificante para Pele Oleosa embalagem 75 ml,Nivea Protect e Bronze,,"6,99 €","(93,20 € / Litro)",
Gullón Zero Bolachas Choco Ring Cobertas de Chocolate de Leite sem Açúcares Adicionados embalagem 150 g,Gullón Zero,,"2,09 €","(13,93 € / Kg)",
Nivea Men Fresh Ocean Desodorizante 0% Aluminium Spray embalagem 150 ml,Nivea Men Fresh Ocean,,"4,69 €","(18,60 € / Litro)","4,69 €"
Mississippi Belle Base para Bolos Graham Crackers embalagem 170 g,Mississippi Belle,,"3,99 €","(23,47 € / Kg)",
Renata Biscoito de Água e Sal embalagem 200 g,Renata,,"1,15 €","(5,75 € / Kg)",
El Corte Inglés Rebuçados de Mel e Limão sem Glúten embalagem 125 g,El Corte Inglés,,"0,75 €",(6 € / Kg),
Bergader Queijo da Alemanha Azul,Bergader,,"19,45 €/kg",,
Campofrio Fuet Extra sem Glúten embalagem 170 g,Campofrio,,"3,59 €","(21,12 € / Kg)",
Serrano Fiambre de Caranguejo,Serrano,,"12,29 €/kg",,
Neo Botanica Gomas de Maçã Veggie sem Glúten embalagem 150 g,Neo Botanica,,"1,85 €","(12,33 € / Kg)",
Fastio Go Água sem Gás garrafa 50 cl,Fastio Go,,"0,59 €","(1,18 € / Litro)",
Trackdown Cerveja Artesanal de Limão lata 33 cl,Trackdown,,"3,95 €","(11,97 € / Litro)",
Absolut Vodka Elyx garrafa 1 L,Absolut,,"69,99 €","(69,99 € / Litro)",
Campofrio Pizza & Salsa Pizza Carbonara embalagem 360 g,Campofrio Pizza & Salsa,,"2,79 €","(7,75 € / Kg)",
Humydry Anti-Humidade Mini de Lavanda Recarga Pack 3 75 g,Humydry,,"4,98 €","(22,13 € / Kg)",
Mother's Recipe Pickles Avakaya Mango frasco 300 g,Mother's Recipe,,"2,79 €","(9,30 € / Kg)",
El Corte Inglés Farinha de Trigo Candial embalagem 1 kg,El Corte Inglés,,"0,85 €","(0,85 € / Kg)",
5 Jotas Presunto da Pá Ibérico de Bolota Fatiado à Mão embalagem 40 g,5 Jotas,,"12,69 €","(317,25 € / Kg)",
El Corte Inglés Papel Higiénico Compacto 2 Capas embalagem 6 unidades,El Corte Inglés,,"2,75 €","(0,46 € / Unidade)",
"Mimosa Iogurte de Fruta Batida com Polpa de Fruta Banana, Laranja e Bolacha pack 120 g",Mimosa,,"1,99 €","(4,15 € / Kg)",
Condi Chocolate em Pó 70% Cacau embalagem 75 g,Condi,,"1,39 €","(18,53 € / Kg)",
Terras D'El Rei Vinho Branco do Alentejo garrafa 75 cl,Terras D'El Rei,,"2,79 €","(3,72 € / Litro)",
Trident Fruit Pastilhas de Frutos Silvestres sem Açúcar embalagem 82 g,Trident Fruit,,"2,99 €","(0,04 € / Unidade)",
Alpro Bebida de Amêndoa embalagem 250 ml,Alpro,,"0,99 €","(3,96 € / Litro)",
Morgadio de Estremoz Vinho Tinto do Alentejo DOC garrafa 75 cl,Morgadio de Estremoz,,"3,95 €","(5,27 € / Litro)",
L' Arbre Vert Detergente Lavagem à Mão para Loiça com Amêndoas Ecológico 500 ml,L' Arbre Vert,,"2,39 €","(4,78 € / Litro)",
Campofrio Forno de Lenha Peito de Peru em Fatias sem Glúten embalagem 120 g,Campofrio Forno de Lenha,,"1,99 €","(16,58 € / Kg)",
Good Good Creme de Barrar Choco Hazel com Stevia embalagem 350 g,Good Good,,"7,59 €","(21,69 € / Kg)",
Nutrégi Gelatina de Melancia Pack 4 embalagem 400 g,Nutrégi,,"1,45 €",(0 € / Kg),
Goshua Creme de Chocolate Belga frasco 130 g,Goshua,,"2,29 €","(15,85 € / Kg)","2,29 €"
Nobre Fiambre da Perna Extra em Fatias Finíssimas sem Glúten embalagem 220 g,Nobre,,"4,29 €","(19,50 € / Kg)",
Société Queijo Roquefort 4x25 g unidade 100 g,Société,,"4,89 €","(48,90 € / Kg)",
Star Cott Algodão Hidrófilo Zig-Zag embalagem 50 g,Star Cott,,"0,89 €",(89 € / 100 gr.),
Dalva Vinho do Porto Tawny garrafa 75 cl,Dalva,,"6,49 €","(8,65 € / Litro)",
Garcia & Filhos Bio pão 4 cereais unidade 300 g,Garcia & Filhos,,"3,29 €","(12,19 € / Kg)",
"Don Simon Sumo de Pêssego garrafa 1,5 L",Don Simon,,"1,39 €","(0,93 € / Litro)",
Color Silk Coloração Permanente Nº 03 Louro Iluminado Ultra Claro embalagem 1 unidade,Color Silk,,"6,95 €","(6,95 € / Unidade)",
Quinta do Côa Vinho Tinto do Douro Reserva Biológico garrafa 75 cl,Quinta do Côa,,"12,90 €","(17,20 € / Litro)",
The Balvenie Whisky Malte DoubleWood 12 Anos garrafa 70 cl,The Balvenie,,"56,99 €","(81,41 € / Litro)",
Mini Bolo Tiramisú,,,"2,10 €","(2,10 € / Unidade)",
Branca de Neve Bolo Mármore embalagem 450 g,Branca de Neve,,"2,99 €","(6,64 € / Kg)",
El Corte Inglés Batata para Guarnição embalagem 1 kg,El Corte Inglés,,"1,79 €","(1,79 € / Kg)",
Secos da Aldeia Miolo de Noz embalagem 150 g,Secos da Aldeia,,"3,29 €","(21,93 € / Kg)",
Garijo Baigorri Batatas Fritas em Azeite embalagem 50 g,Garijo Baigorri,,"0,99 €","(19,80 € / Kg)",
Delser Crackers de Azeite e Rosaminho Pack 8 embalagem 200 g,Delser,,"1,49 €","(7,45 € / Kg)",
Cupper Infusão Nighty Night embalagem 40 g,Cupper,,"3,99 €","(99,75 € / Kg)",
"Kellogg's Special K Barras de Cereais com Chocolate Preto Pack 6 embalagem 21,5 g",Kellogg's Special K,,"3,79 €","(176,28 € / Kg)",
"Kit Kat Snack Chocolate Negro e Menta 9x embalagem 20,7 g",Kit Kat,,"2,99 €","(16,05 € / Kg)",
Castelões Queijo Regional unidade 575 g,Castelões,,"7,99 €","(13,90 € / Kg)",
Nacional Granola de Aveia e Cacau embalagem 300 g,Nacional,,"3,69 €","(12,30 € / Kg)",
The Last Bite Snack de Avelã embalagem 37 g,The Last Bite,,"2,98 €","(80,54 € / Kg)",
Ketchup em Saquetas 18 unidades embalagem 12 g,,,"2,24 €","(10,37 € / Kg)",
Nova Classe Facas de Madeira embalagem 12 unidades,Nova Classe,,"2,05 €","(0,17 € / Unidade)",
Pescanova Pescada Panada em Forma de Filete embalagem 1 kg,Pescanova,,"7,89 €","(7,89 € / Kg)",
Benlian Tortas de Arroz Finas com Mix de Sementes sem Glúten embalagem 100 g,Benlian,,"1,39 €","(13,90 € / Kg)",
As 3 Bruxas Casa de Banho Desinfectante embalagem 750 ml,As 3 Bruxas,,"3,49 €","(4,65 € / Litro)",
Moaçor Kids Mini Bolachas Maria embalagem 150 g,Moaçor Kids,,"1,05 €",(7 € / Kg),
Trident 60 Minutes Pastilhas Spearmint sem Açúcar embalagem 80 g,Trident 60 Minutes,,"2,99 €","(37,38 € / Kg)",
Redondo Iglesias Chouriço Ibérico de Bolota unidade 100 g,Redondo Iglesias,,"5,45 €","(54,50 € / Kg)",
JR Folhas de Brick em Rolo embalagem 90 g,JR,,"1,89 €",(21 € / Kg),
El Corte Inglés Molho Barbecue embalagem 560 g,El Corte Inglés,,"1,89 €","(3,38 € / Kg)",
Herbas Infusão de Hortelã Bio embalagem 24 g,Herbas,,"3,95 €","(164,58 € / Kg)",
Riberalves Lombos de Bacalhau embalagem 550 g,Riberalves,,"12,99 €","(23,62 € / Kg)",
Santa Catarina Filete de Atum com Oregãos lata 120 g,Santa Catarina,,"3,09 €","(22,92 € / Kg)","3,09 €"
Pescanova Lombos de Bacalhau do Atlântico embalagem 600 g,Pescanova,,"19,49 €","(32,48 € / Kg)",
Andros Puré de Maçã sem Açúcares Adicionados frasco 730 g,Andros,,"3,45 €","(4,73 € / Kg)",
Maybelline Eyestudio Master Precise Eye Liner Líquido 1 unidade,Maybelline Eyestudio Master Precise,,"8,99 €","(8,99 € / Unidade)",
Skandia Carpaccio de Bacalhau com Parmesão e Vinagrete unidade 90 g,Skandia,,"7,99 €","(88,78 € / Kg)",
Cunha Martins Vinho Branco do Dão garrafa 75 cl,Cunha Martins,,"2,99 €","(3,99 € / Litro)",
Cuétara Tosta Rica Bolachas Recheadas com Chocolate Guay embalagem 168 g,Cuétara Tosta Rica,,"2,09 €","(12,44 € / Kg)",
Le Biodelizie Presunto de Parma 16 Meses Biológico unidade 70 g,Le Biodelizie,,"10,49 €","(149,86 € / Kg)",
Cavacas das Caldas Suspiros Finos embalagem 220 g,Cavacas das Caldas,,"2,85 €","(12,95 € / Kg)",
El Corte Inglés Amendoins Fritos e Salgados sem Glúten embalagem 150 g,El Corte Inglés,,"0,69 €","(4,60 € / Kg)",
Renova Papel Higiénico Blue 2 unidades,Renova,,"3,38 €","(1,69 € / Unidade)",
La Sagra Cerveja Preta de Espanha Artesanal Mulata Ale Porter garrafa 33 cl,La Sagra,,"1,99 €","(6,03 € / Litro)",
Airwish Ambientador em Spray Hortelã Marroquina & Toranja Rosa embalagem 237 ml,Airwish,,"4,19 €","(17,68 € / Litro)",
Barilla Tagliatelle embalagem 500 g,Barilla,,"2,25 €","(4,50 € / Kg)",
Torre de Nuñez Panceta em Fatias sem Lactose e sem Glúten unidade 120 g,Torre de Nuñez,,"3,39 €","(28,25 € / Kg)",
Cem Porcento Chá para Infusão Erva Príncipe embalagem 50 g,Cem Porcento,,"1,89 €","(37,80 € / Kg)",
Manz Vinho Tinto de Lisboa Penedo do Lexim garrafa 75 cl,Manz,,"5,59 €","(7,45 € / Litro)",
Frias Bebida de Arroz embalagem 1 L,Frias,,"1,99 €","(1,99 € / Litro)",
Mitsuba Amendoins com Wasabi embalagem 125 g,Mitsuba,,"3,95 €","(31,60 € / Kg)",
Mevgal Iogurte Grego Mix 'N Match com Mel e Nozes embalagem 160 g,Mevgal,,"2,19 €","(13,69 € / Kg)",
Feletti Bombons de Chocolate Le Praliné Emmanuelle embalagem 255 g,Feletti,,"17,99 €","(70,55 € / Kg)",
Quinta do Monte Bravo Vinho Tinto do Douro Vinhas da Porrinhas garrafa 75 cl,Quinta do Monte Bravo,,"14,99 €","(19,99 € / Litro)",
Valor Chocolate de Leite com Mousse de Avelã sem Açúcar embalagem 150 g,Valor,,"2,75 €","(18,33 € / Kg)",
Iswari Proteína de Ervilha em Pó Biológica embalagem 250 g,Iswari,,"8,99 €","(35,96 € / Kg)",
Syoss Oleo Intense Coloração Permanente Nº 5-54 Castanho Claro Cendré embalagem 1 unidade,Syoss Oleo Intense,,"11,29 €","(11,29 € / Unidade)",
Palmolive Gel de Banho Memories Flower embalagem 500 ml,Palmolive,,"4,99 €","(9,98 € / Litro)",
"Prima Donna Queijo Peso Aproximado 1,2 kg",Prima Donna,,"19,65 €/kg",,
Skip Detergente Líquido para a Máquina da roupa Lavanda Concentrado embalagem 80 doses,Skip,,"15,99 €","(0,20 € / Dose)",
Damm Cerveja Daura sem Glúten Pack 6 garrafa 33 cl,Damm,,"7,99 €","(4,04 € / Litro)",
Nescafé Dolce Gusto Café Doppio Expresso Intensidade 10 embalagem 16 cápsulas,Nescafé Dolce Gusto,,"5,99 €","(0,37 € / Unidade)",
El Charcutero Fiambre Gourmet sem Glúten sem Lactose embalagem 240 g,El Charcutero,,"5,19 €","(21,62 € / Kg)",
Nestlé Minibombóm de Amendôa Gelado de Baunilha sem Açucares Adicionados Pack 6 unidades embalagem 240 ml,Nestlé,,"5,59 €","(23,29 € / Litro)",
Neolar Super Maximolas Resistentes embalagem 15 unidades,Neolar,,"1,99 €","(0,13 € / Unidade)",
Old El Paso Dinner Taco Kit embalagem 308 g,Old El Paso,,"5,01 €","(16,27 € / Kg)",
Vista Alegre Vinho do Porto Tawny garrafa 75 cl,Vista Alegre,,"5,79 €","(7,72 € / Litro)",
El Corte Inglés Doce de Figo frasco 410 g,El Corte Inglés,,"2,99 €","(7,29 € / Kg)",
Bio + Leitelho Pasteurizado Biológico embalagem 500 g,Bio +,,"1,29 €","(2,58 € / Kg)",
Vahiné Velas de Aniversário Unicórnio embalagem 15 unidades,Vahiné,,"3,39 €","(135,60 € / Kg)",
Bife de Novilho do Acém Comprido Peso Aproximado 400 g,,,"9,95 €/kg",,
Skandia Salmão Fumado Escandinavo unidade 80 g,Skandia,,"7,49 €","(93,62 € / Kg)",
Naturefoods Feijão Verde Cozido sem Glúten Biológico frasco 340 g,Naturefoods,,"1,75 €","(5,15 € / Kg)",
McVitie's Bolacha Digestiva Coberta com Chocolate de Leite embalagem 200 g,McVitie's,,"2,99 €","(14,95 € / Kg)",
El Corte Inglés Detergente para a Máquina da Roupa Branca e de Cor em Pó embalagem 50 doses,El Corte Inglés,,"5,85 €","(0,12 € / Cacito)",
Vileda Actifibre Pano Multiusos Microfibra embalagem 2 unidades,Vileda Actifibre,,"3,99 €",(2 € / Unidade),
Red Bull Bebida Energética lata 473 ml,Red Bull,,"2,49 €","(5,26 € / Litro)",
Planta Margarina para Cozinhar embalagem 500 g,Planta,,"2,99 €","(5,98 € / Kg)",
Grisbi Bolachas Recheadas com Creme de Limão embalagem 150 g,Grisbi,,"2,79 €","(18,60 € / Kg)",
Sidónio de Sousa Espumante Rosé Bruto garrafa 75 cl,Sidónio de Sousa,,"9,25 €","(12,33 € / Litro)",
Outeiros Altos Vinho Tinto do Alentejo Reserva Biológico garrafa 75 cl,Outeiros Altos,,"15,95 €","(21,27 € / Litro)",
Saludães Arroz Agulha Extra Longo 1 kg,Saludães,,"1,39 €","(1,39 € / Kg)",
Sanduíche de Atum e Tomate embalagem 180 g,,,"2,25 €","(12,50 € / Kg)",
Oral B Escova de Dentes Pro Vitality Cls Branca embalagem 1,Oral B,,"33,99 €","(33,99 € / Unidade)",
El Corte Inglés Torrão de Chocolate Crocante embalagem 250 g,El Corte Inglés,,"2,15 €","(8,60 € / Kg)",
Nestlé Cerelac Farinha Não Láctea Multicereais embalagem 250 g,Nestlé Cerelac,,"2,55 €","(10,20 € / Kg)",
Margão Pimenta Cayenne Moída embalagem 35 g,Margão,,"1,79 €","(51,14 € / Kg)",
Bio Puro Detergente Líquido para Pavimentos de Madeira Biológico embalagem 1 L,Bio Puro,,"5,55 €","(5,55 € / Litro)",
Vigor Leite Magro Pasteurizado embalagem 1 L,Vigor,,"1,09 €","(1,09 € / Litro)",
Ucal Leite com Chocolate 0% Lactose Pack 6 frasco 250 ml,Ucal,,"6,46 €","(25,84 € / Litro)",
Mr. Cheese Queijo Ibérico Curado Porção Peso Aproximado por unidade 180 g,Mr. Cheese,,"22,19 €/kg",,
Don Bernardo Queijo Manchego Prata,Don Bernardo,,"30,59 €/kg",,
Murganheira Espumante Rosé Grand Cuvée Czar Bruto garrafa 75 cl,Murganheira,,"37,99 €","(50,65 € / Litro)",
Pronto Limpa-Móveis Reparador Escuro 100 ml,Pronto,,"5,49 €","(40,90 € / Litro)","5,49 €"
Maria da Penha Vinho Tinto do Alentejo garrafa 75 cl,Maria da Penha,,"2,35 €","(3,13 € / Litro)",
Icecare Gelado Artesanal Framboesa embalagem 500 ml,Icecare,,"6,95 €","(13,90 € / Litro)",
Romã Bio ao peso 1 kg,,,"6,99 €/kg",,
Yoçor Iogurte com Aroma a Maracujá Pack 4 embalagem 125 g,Yoçor,,"1,49 €","(2,98 € / Kg)",
Aga Óleo Reparador de Pele embalagem 60 ml,Aga,,"8,29 €","(138,17 € / Litro)",
Vitacress Salada Aromática embalagem 100 g,Vitacress,,"1,59 €","(15,90 € / Kg)",
Murganheira Espumante Millesime Bruto garrafa 75 cl,Murganheira,,"30,59 €","(40,79 € / Litro)",
Coren Selecta Presa de Porco Fatiada Peso Aproximado por cuvete 300 g,Coren Selecta,,"6,27 €","(20,90 € / Kg)",
Compal Clássico Néctar de Ananás Pack 3 embalagem 20 cl,Compal Clássico,,"1,49 €","(2,48 € / Litro)",
Quinta de Linhares Vinho Verde Loureiro Branco garrafa 75 cl,Quinta de Linhares,,"4,49 €","(5,99 € / Litro)",
"Dom Martinho Vinho do Alentejo MagnumTinto garrafa 1,5 L",Dom Martinho,,"11,98 €","(7,99 € / Litro)",
Bretzke Mistura para Maria Mole de Morango embalagem 50 g,Bretzke,,"1,75 €",(35 € / Kg),
Andros Sumo de Laranja embalagem 250 ml,Andros,,"1,79 €","(7,16 € / Litro)",
Président La Motte Manteiga com Sal embalagem 250 g,Président La Motte,,"3,89 €","(15,56 € / Kg)",
Billy's Farm Biscoitos de Espelta com Canela Biológicos embalagem 175 g,Billy's Farm,,"3,45 €","(19,71 € / Kg)",
Licor Beirão Cocktail Caipirão lata 25 cl,Licor Beirão,,"1,99 €","(7,96 € / Litro)",
Portal do Fidalgo Vinho Verde Alvarinho Branco garrafa 75 cl,Portal do Fidalgo,,"7,29 €","(9,72 € / Litro)",
Miss Brownie Mini Bolo São Valentim 1 unidade,,,"3,49 €","(3,49 € / Unidade)",
Casas Brancas Vinho Tinto do Alentejo garrafa 75 cl,Casas Brancas,,"4,45 €","(5,93 € / Litro)",
Korisca Cerveja Artesanal Stout garrafa 33 cl,Korisca,,"3,99 €","(12,09 € / Litro)",
Ahumados Dominguez Blinis 6 Unidades embalagem 162 g,Ahumados Dominguez,,"5,19 €","(32,04 € / Kg)",
Herdade do Esporão Azeite Virgem Extra garrafa 3 L,Herdade do Esporão,,"25,99 €","(8,66 € / Litro)",
Kilom Bifes de Frango Peso Aproximado por cuvete 450 g,Kilom,,"3,46 €","(7,69 € / Kg)",
Milka Brownies de Chocolate de Leite embalagem 150 g,Milka,,"2,49 €","(16,60 € / Kg)",
Margem Gel Desinfectante com Aloe Vera embalagem 100 ml,Margem,,"1,85 €","(18,50 € / Litro)",
Paladin Molho Pitta embalagem 250 ml,Paladin,,"2,39 €","(9,56 € / Litro)",
Cataliment Pérolas de Esturjão embalagem 130 g,Cataliment,,"18,99 €","(146,08 € / Kg)",
"Asturiana Leite Desnatado embalagem 1,5 L",Asturiana,,"1,59 €","(1,06 € / Litro)",
Delta Q Café Comendador Collection Rui Nabeiro embalagem 10 cápsulas,Delta Q,,"4,39 €","(0,44 € / Unidade)",
Pescanova Jardineira embalagem 400 g,Pescanova,,"1,99 €","(4,98 € / Kg)",
Cimarrom Sultanas Orange embalagem 150 g,Cimarrom,,"1,25 €","(8,33 € / Kg)",
Krisprolls Tostas Integrais Natura embalagem 225 g,Krisprolls,,"2,69 €","(11,96 € / Kg)",
Avó Elvira Bolachas de Amendoim embalagem 260 g,Avó Elvira,,"2,99 €","(11,50 € / Kg)",
Schar Crackers sem Glúten embalagem 175 g,Schar,,"3,94 €","(22,51 € / Kg)",
El Corte Inglés Batatas Fritas sem Sal Adicionado sem Glúten embalagem 160 g,El Corte Inglés,,"0,99 €","(6,19 € / Kg)",
Cemoi Napolitanas Sortidas embalagem 400 g,Cemoi,,"6,15 €","(15,38 € / Kg)",
Fuchs Cereais Flakes de Espelta Bio embalagem 300 g,Fuchs,,"4,39 €","(14,63 € / Kg)",
Casa de Paços Vinho Verde Loureiro Arinto Branco garrafa 75 cl,Casa de Paços,,"4,95 €","(6,60 € / Litro)",
Labello SOS Bálsamo Reparação de Lábios 6 ml,Labello SOS,,"4,49 €","(748,33 € / Litro)",
Herdade dos Grous Vinho Branco do Alentejo garrafa 75 cl,Herdade dos Grous,,"14,99 €","(19,99 € / Litro)",
Palmolive Gel de Banho Memories Summer Dream embalagem 500 ml,Palmolive,,"4,99 €","(9,98 € / Litro)",
Vaginesil Gel Íntimo Gynoprebiótico embalagem 250 ml,Vaginesil,,"5,95 €","(23,80 € / Litro)",
Camarão Vanamei Bio Cozido 30-40 embalagem 400 g,,,"7,99 €","(19,98 € / Kg)",
Salutem Tortas de Arroz Integral com Pevides de Abóbora embalagem 130 g,Salutem,,"1,59 €","(12,23 € / Kg)",
Avianense Pai Natal Médio embalagem 65 g,Avianense,,"1,69 €",(26 € / Kg),
Celibene Bolachas de Quinoa Biológicas embalagem 200 g,Celibene,,"2,89 €","(14,45 € / Kg)",
Pantene Laca Fix Ultra Forte embalagem 250 ml,Pantene,,"4,99 €","(14,96 € / Litro)","4,99 €"
Duracell Carregador de Pilhas CEF14 2AA1700 + 2AAA750 embalagem 1 unidade,Duracell,,"19,99 €","(19,99 € / Unidade)",
Nivea Body Lotion Loção para Corpo Hidratante Express 48h Pele Normal a Seca embalagem 250 ml,Nivea Body Lotion,,"5,49 €","(21,96 € / Litro)",
Renova Red Label Rolo de Cozinha Blue embalagem 1 unidade,Renova Red Label,,"3,39 €","(3,39 € / Unidade)",
Mani Tapioca Hidratada Premium embalagem 500 g,Mani,,"3,67 €","(5,50 € / Kg)","3,67 €"
Lindahls Iogurte Sólido Protéico de Stracciatella embalagem 150 g,Lindahls,,"1,49 €","(7,27 € / Kg)","1,49 €"
Parmareggio Queijo ABC do Lanche unidade 196 g,Parmareggio,,"1,59 €","(8,11 € / Kg)",
Panrico Travesseiros de Chocolate Recheados com Creme 3 Unidades embalagem 240 g,Panrico,,"2,29 €","(9,54 € / Kg)",
Powerade Bebida Isotónica de Laranja garrafa 50 cl,Powerade,,"1,59 €","(3,18 € / Litro)",
Ausonia Discreet Maxi Dia embalagem 8,Ausonia,,"4,99 €","(0,62 € / Unidade)",
Bonodor Ambientador e Anti-Mosquitos Citronela lata 75 g,Bonodor,,"3,29 €/kg",,
Cabo de Peñas Choquinhos Recheados em Azeite Virgem Extra Biológicos embalagem 111 g,Cabo de Peñas,,"5,99 €","(53,96 € / Kg)",
Jardineira de Vitela Barrosã DOP Peso Aproximado 200 g,,,"14,95 €/kg",,
Lindahls Iogurte Líquido Proteina Caramelo embalagem 330 g,Lindahls,,"2,57 €","(5,73 € / Kg)","2,57 €"
Old Spice Shower Gel Captain embalagem 400 ml,Old Spice,,"4,99 €","(12,48 € / Litro)",
Urso Vinho Branco de Mesa Frizante garrafa 75 cl,Urso,,"2,29 €","(3,05 € / Litro)",
Nobre Cuida-t + Salsichas de Frango frasco 210 g,Nobre Cuida-t +,,"2,55 €","(12,14 € / Kg)",
Hempology Proteína de Cânhamo em Pó com Baunilha Biológica embalagem 200 g,Hempology,,"12,75 €","(63,75 € / Kg)",
Branca de Neve Farinha Flor Ultra Fina embalagem 500 g,Branca de Neve,,"2,39 €","(4,78 € / Kg)",
Tenorio Filetes de Atum em Azeite com Tomate Seco e Manjericão lata 120 g,Tenorio,,"2,89 €","(24,08 € / Kg)",
Renova Gold Guardanapos Fúcsia embalagem 40 unidades,Renova Gold,,"1,99 €","(0,05 € / Unidade)",
Mui Gin Gin garrafa 70 cl,Mui Gin,,"34,50 €","(49,29 € / Litro)",
Encantado Vinho Tinto do Alentejo garrafa 75 cl,Encantado,,"7,99 €","(10,65 € / Litro)",
Prozis Calzone Artesanal Mediterrânea Vegan embalagem 175 g,Prozis,,"3,49 €","(19,94 € / Kg)",
Matinados Ovos Frescos de Galinhas Criadas ao Ar Livre Classe M/L embalagem 6 unidades,Matinados,,"2,25 €","(0,25 € / Unidade)","2,25 €"
Sabarot Mistura de Cogumelos Selecção frasco 40 g,Sabarot,,"4,50 €","(112,50 € / Kg)",
El Corte Inglés Presunto Curado em Tiras Pack 2 x 50 g embalagem 100 g,El Corte Inglés,,"1,99 €","(19,90 € / Kg)",
Cem Porcento Bolachas Marinheiras de Espelta sem Adição de Açúcar embalagem 200 g,Cem Porcento,,"2,89 €","(14,45 € / Kg)",
Soofty Água com Gás sabor Pêssego garrafa 33 cl,Soofty,,"1,60 €","(4,85 € / Litro)",
"Seven Up Refrigerante de Lima Limão sem Açúcar com Gás garrafa 1,75 L",Seven Up,,"1,89 €","(1,08 € / Litro)",
Santiveri Barra Lite Bite de Chocolate Preto sem Açúcar embalagem 17 g,Santiveri,,"1,09 €","(64,12 € / Kg)",
Quintinha D'Aldeia Paio do Cachaço em Fatias embalagem 100 g,Quintinha D'Aldeia,,"3,99 €","(39,90 € / Kg)",
"Coca-Cola Refrigerante com Gás Zero Cafeína Zero Açúcar garrafa 1,75 L",Coca-Cola,,"1,99 €","(1,14 € / Litro)",
Bio + Iogurte de Morango Biológico embalagem 150 g,Bio +,,"0,79 €","(5,27 € / Kg)",
Mentos Pure Fresh Pastilhas de Morango sem Açúcar Pack 3 embalagem 60 g,Mentos Pure Fresh,,"2,99 €","(49,83 € / Kg)",
El Corte Inglés Ambientador Aerossol de Lavanda embalagem 300 ml,El Corte Inglés,,"0,99 €","(3,30 € / Litro)",
Egle Vinho Tinto de Itália Valpolicella garrafa 75 cl,Egle,,"10,49 €","(13,99 € / Litro)",
Quintal dos Açores Molho de Vilão frasco 200 g,Quintal dos Açores,,"2,35 €","(11,75 € / Kg)",
Fumeiros da Guarda Chouriço Mouro unidade 200 g,Fumeiros da Guarda,,"3,19 €","(15,95 € / Kg)",
Fumeiro da Gardunha Presunto Naco do Fundão unidade 350 g,Fumeiro da Gardunha,,"9,39 €","(26,83 € / Kg)",
Alpro Skyr Soja Morango embalagem 400 g,Alpro,,"2,99 €","(5,98 € / Kg)","2,99 €"
Terras de Santo António Vinho Tinto do Dão Touriga Nacional garrafa 150 cl,Terras de Santo António,,"19,99 €","(13,33 € / Litro)",
Narta Desodorizante Roll-On Impecável embalagem 50 ml,Narta,,"3,79 €","(75,80 € / Litro)",
Próvida Flocos de Quinoa Biológicos embalagem 400 g,Próvida,,"4,89 €","(12,22 € / Kg)",
Renova Papel Higiénico Verde embalagem 6 unidades,Renova,,"6,99 €","(1,16 € / Unidade)",
"Bicentury Tortitas de Milho com Queijo e Manjericão embalagem 123,5 g",Bicentury,,"2,49 €","(20,16 € / Kg)",
Magnum Gelado de Amendôa e Caramelo e Sal Tarrina copo 440 ml,Magnum,,"5,99 €","(13,61 € / Litro)",
Gudi Paté de Sardinha com Piri-Piri embalagem 65 g,Gudi,,"0,99 €","(15,23 € / Kg)",
Cozinha Pronta Bacalhau Espiritual embalagem 400 g,Cozinha Pronta,,"4,19 €","(10,48 € / Kg)",
La Niverdiere Vinho Tinto de França Chinon garrafa 75 cl,La Niverdiere,,"29,90 €","(39,87 € / Litro)",
Cola Cao 0% Achocolatado embalagem 300 g,Cola Cao 0%,,"5,05 €","(16,83 € / Kg)",
Narta Magnesium Protect Desodorizante Hipoalergénico Spray embalagem 100 ml,Narta Magnesium Protect,,"4,29 €","(42,90 € / Litro)",
Garnier Skin Active Máscara em Tecido para Olhos Revitalizante com Água de Coco embalagem 1 unidade,Garnier Skin Active,,"2,99 €","(2,99 € / Unidade)",
El Corte Inglés Chouriço em Cubinhos embalagem 140 g,El Corte Inglés,,"2,15 €","(15,36 € / Kg)",
La Merced Erva Mate Monte embalagem 500 g,La Merced,,"5,85 €","(11,70 € / Kg)",
Nestlé Cerelac Papa Infantil Láctea Banana Laranja embalagem 250 g,Nestlé Cerelac,,"3,39 €","(13,56 € / Kg)",
"Rosmaninho Azeite Virgem Extra 0,5 Biológico garrafa 500 ml",Rosmaninho,,"5,10 €","(10,20 € / Litro)",
Alvalle Gaspacho Original embalagem 500 ml,Alvalle,,"2,20 €","(4,40 € / Litro)",
Marston's Bebida Láctea com Sabor a Chocolate garrafa 350 ml,Marston's,,"1,75 €",(5 € / Litro),
Palmolive Naturals Sabonete Líquido para as Mãos Ultra Hidratante com Leite de Oliva embalagem 300 ml,Palmolive Naturals,,"3,79 €","(12,63 € / Litro)",
Ferbar Marmelada embalagem 800 g,Ferbar,,"3,59 €","(4,49 € / Kg)",
Larios Gin Rosé garrafa 70 cl,Larios,,"15,99 €","(22,84 € / Litro)",
Caçarola Grão de Bico Cozido frasco 540 g,Caçarola,,"1,05 €","(1,94 € / Kg)",
Nelson Neves Vinho Tinto da Bairrada Merlot garrafa 75 cl,Nelson Neves,,"8,75 €","(11,67 € / Litro)",
Pantene Ampolas de Reparação 1 Minuto Pack 3 embalagem 15 ml,Pantene,,"4,64 €","(309,33 € / Litro)",
Hein Breakfast Bacon Fumado em Fatias Finas embalagem 100 g,Hein,,"2,49 €","(24,90 € / Kg)",
Tierra de Oro Vinho Tinto de Espanha Reserva Rioja garrafa 75 cl,Tierra de Oro,,"4,49 €","(5,99 € / Litro)",
Açor PIMENTA MOIDA embalagem 280 g,Açor,,"3,35 €","(11,96 € / Kg)",
Próvida Quinoa Puff Biológica embalagem 150 g,Próvida,,"3,39 €","(22,60 € / Kg)",
Bolo de Xadrez,,,"1,10 €","(1,10 € / Unidade)",
Angelina Alheira de Presunto unidade 200 g,Angelina,,"3,09 €","(15,45 € / Kg)",
Helios Doce Extra de Morango sem Glúten Biológico frasco 350 g,Helios,,"3,89 €","(11,11 € / Kg)",
Hein Salame Picante com Especiarias sem Fosfatos,Hein,,"22,79 €/kg",,
100% Titular Puré de Pera e Banana sem Glúten embalagem 150 g,100% Titular,,"0,89 €","(5,93 € / Kg)",
Gillette Desodorizante Cleargel Cool Wave embalagem 70 ml,Gillette,,"4,99 €","(71,29 € / Litro)",
"Serra da Estrela Água sem Gás garrafa 1,5 L",Serra da Estrela,,"0,59 €","(0,39 € / Litro)",
Sical Café Torrado Moído Lote Masaka Uganda Intensidade 11 embalagem 220 g,Sical,,"3,89 €","(17,68 € / Kg)",
Cillit Bang Lixívia e Higiene embalagem 500 ml,Cillit Bang,,"4,49 €","(374,17 € / Litro)",
+ Cru Sementes de Cânhamo Biológicas embalagem 250 g,+ Cru,,"8,79 €","(35,16 € / Kg)",
Ahumados Dominguez Salmão Fumado em Fatias Suprême embalagem 250 g,Ahumados Dominguez,,"21,98 €","(87,92 € / Kg)",
Avó Filó Salame de Chocolate embalagem 60 g,Avó Filó,,"0,98 €","(16,33 € / Kg)",
Dietisa Tisana Pés de Cereja embalagem 50 g,Dietisa,,"1,79 €","(35,80 € / Kg)",
Nestlé Lion Snack de Chocolate de Leite Pack 3 embalagem 42 g,Nestlé Lion,,"2,19 €","(52,14 € / Kg)",
La Trappe Cerveja da Holanda Dubbel garrafa 75 cl,La Trappe,,"8,99 €","(11,99 € / Litro)",
Sonatural Salada de Taboulé com Falafel de Batata Doce 100% Natural Vegetariana embalagem 185 g,Sonatural,,"4,39 €","(23,73 € / Kg)",
Cadbury Chocolates Sortidos Heroes embalagem 185 g,Cadbury,,"4,40 €","(23,78 € / Kg)",
Paiva Queijo de Lamego Meio Gordo Curado -25% Gordura em Fatias embalagem 180 g,Paiva,,"2,65 €","(14,72 € / Kg)",
Eci Selection Croquetes de Bacalhau embalagem 500 g,Eci Selection,,"2,99 €","(5,98 € / Kg)",
Eci Selection Bloco de Foie Gras de Pato sem Glúten lata 130 g,Eci Selection,,"6,99 €","(53,77 € / Kg)",
Pantagruel Chocolate Culinário com 70% de Cacau embalagem 200 g,Pantagruel,,"2,69 €","(13,45 € / Kg)",
Montesano Presunto da Pá Ibérico Bolota em Fatias embalagem 100 g,Montesano,,"11,99 €","(119,90 € / Kg)",
El Corte Inglés Água sem Gás garrafa 50 cl,El Corte Inglés,,"0,16 €","(0,32 € / Litro)",
Bife Parisiense com Ervas Provençais de Novilho Peso Aproximado 350 g,,,"13,95 €/kg",,
"Trina Refrigerante de Limão sem Gás garrafa 1,5 L",Trina,,"2,15 €","(1,43 € / Litro)",
Sanex Natur Protect Desodorizante Fresh Efficacy Bambu Roll-On embalagem 50 ml,Sanex Natur Protect,,"3,99 €","(79,80 € / Litro)",
El Corte Inglés Muesli Crocante com Frutas embalagem 500 g,El Corte Inglés,,"2,39 €","(4,78 € / Kg)",
Padaria da Arrifana Salame embalagem 300 g,Padaria da Arrifana,,"2,79 €","(9,30 € / Kg)",
Cem Porcento Chá Boas Noites embalagem 13 g,Cem Porcento,,"0,85 €","(65,38 € / Kg)",
Cif Detergente Creme Branco embalagem 700 ml,Cif,,"2,49 €","(3,56 € / Litro)",
Ocean Spray Bebida de Arando Clássica embalagem 1 L,Ocean Spray,,"2,99 €","(2,99 € / Litro)",
Artesans Chupa Chupa Natural embalagem 80 g,Artesans,,"1,95 €","(24,38 € / Kg)",
Deus Cerveja da Bélgica garrafa 75 cl,Deus,,"35,50 €","(47,33 € / Litro)",
Tomate Cherry Rama Redondo embalagem 350 g,,,"2,69 €","(7,69 € / Kg)",
Dom Iguarias Maranho da Sertã,Dom Iguarias,,"21,99 €/kg",,
Nobre Salsichas Extra Suculentas frasco 350 g,Nobre,,"2,25 €","(6,43 € / Kg)",
"Abóbora aos cubos Peso Aproximado por cuvete 1,1 kg",,,"4,01 €","(3,65 € / Kg)",
"Costeletas de Cordeiro 1,2 kg",,,"23,95 €/kg",,
Quinta da Pedra Escrita Vinho Tinto do Douro Magnum garrafa 150 cl,Quinta da Pedra Escrita,,"38,90 €","(25,93 € / Litro)",
Martiko Salmão Fumado da Noruega Pack 2 x 50 g embalagem 100 g,Martiko,,"7,19 €","(71,90 € / Kg)",
Eu Nutrition Cajus 100% Biológicos embalagem 150 g,Eu Nutrition,,"4,99 €","(33,27 € / Kg)",
Fita Azul Espumante Reserva Doce garrafa 75 cl,Fita Azul,,"5,99 €","(7,99 € / Litro)",
Condi Corante Líquido Verde frasco 25 ml,Condi,,"1,49 €","(59,60 € / Litro)",
Aussie Champô Reconstrutor embalagem 300 ml,Aussie,,"7,99 €","(26,63 € / Litro)",
El Corte Inglés Ambientador Spray Mirra 335 ml,El Corte Inglés,,"2,99 €","(8,93 € / Litro)",
Knorr Sopa Económica Creme de Marisco 4 porções embalagem 60 g,Knorr,,"1,09 €","(18,17 € / Kg)",
Kellogg's Cereais Froot Loops embalagem 375 g,Kellogg's,,"2,55 €","(6,80 € / Kg)",
El Corte Inglés Bio Muesli com Frutas Biológico embalagem 500 g,El Corte Inglés Bio,,"2,85 €","(5,70 € / Kg)",
Lusiaves Asinhas de Frango com Molho de Pimentão Peso Aproximado por embalagem 1 kg,Lusiaves,,"5,79 €","(5,79 € / Kg)",
Pantene Hair Biology Champô Limpeza e Reconstrução embalagem 250 ml,Pantene Hair Biology,,"4,99 €","(19,96 € / Litro)",
Atelier do Doce Bolo de Aniversário Doce de Ovos embalagem 1 kg,Atelier do Doce,,"15,90 €","(15,90 € / Unidade)",
Medici Vinho Tinto de Itália Lambrusco Grasparossa garrafa 75 cl,Medici,,"5,25 €",(7 € / Litro),
Bimbo Tostas embalagem 270 g,Bimbo,,"1,49 €","(5,52 € / Kg)",
Barilla Massa Trofie embalagem 500 g,Barilla,,"1,94 €","(3,88 € / Kg)",
Christis Queijo Halloumi unidade 250 g,Christis,,"4,69 €","(18,76 € / Kg)",
Espiga Cacau Magro em Pó embalagem 125 g,Espiga,,"1,49 €","(11,92 € / Kg)",
Schneider Cerveja Eisbock garrafa 33 cl,Schneider,,"3,69 €","(11,18 € / Litro)",
Nestlé Dark Tablete Chocolate Preto 85% Cacau sem Glúten embalagem 120 g,Nestlé Dark,,"2,69 €","(22,42 € / Kg)",
Condado Real Vinho Tinto de Espanha Castilla y León Tempranillo garrafa 75 cl,Condado Real,,"3,95 €","(5,27 € / Litro)",
The Antiquary Whisky 5 Anos garrafa 70 cl,The Antiquary,,"14,55 €","(20,79 € / Litro)",
Plantation Rum 5 Anos garrafa 70 cl,Plantation,,"29,90 €","(42,71 € / Litro)",
Sagres Cerveja sem Álcool 0.0% Pack 4 garrafa 33 cl,Sagres,,"2,99 €","(9,06 € / Litro)",
Caçarola Arroz Selvagem embalagem 500 g,Caçarola,,"3,35 €","(6,70 € / Kg)",
Mimosa Molho de Nata para Massas embalagem 200 ml,Mimosa,,"0,98 €","(4,90 € / Litro)",
Cavicchioli Vinho de Itália Espumante Extra Dry Proseco garrafa 75 cl,Cavicchioli,,"7,65 €","(10,20 € / Litro)",
Quinta de Porrais Vinho Branco do Douro garrafa 75 cl,Quinta de Porrais,,"5,19 €","(6,92 € / Litro)",
Kinder Schoko-Bons Bombons de Chocolate de Leite com Recheio de Avelã embalagem 46 g,Kinder Schoko-Bons,,"1,05 €","(22,83 € / Kg)",
Estufar 2ª de Novilho Carnalentejana DOP Peso Aproximado por cuvete 400 g,,,"3,98 €","(9,95 € / Kg)",
Dr. Beckmann Tira Nódoas e Odores Especial Animais de Estimação embalagem 650 ml,Dr. Beckmann,,"6,69 €","(10,29 € / Litro)",
Ben & Jerry's Gelado Netflix & Chill'd de Manteiga de Amendoim embalagem 465 ml,Ben & Jerry's,,"6,79 €","(14,60 € / Litro)",
Aquafresh Pasta dos dentes Splash Sabor Morango embalagem 75 ml,Aquafresh,,"3,29 €","(43,87 € / Litro)",
Biscoitos da Vila Bolos de Canela embalagem 500 g,Biscoitos da Vila,,"4,15 €","(8,30 € / Kg)",
Carte D'Or Gelado de Stracciatella embalagem 900 ml,Carte D'Or,,"5,49 €","(6,10 € / Litro)",
Cem Porcento Bolacha Integral de Aveia sem Açúcar embalagem 140 g,Cem Porcento,,"2,99 €","(21,36 € / Kg)",
García Baquero Burgos Línea Queijo Fresco Natural sem Glúten Pack 2 embalagem 450 g,García Baquero Burgos Línea,,"4,98 €","(11,07 € / Kg)",
Garcia Baquero Queijo Creme de Ovelha embalagem 125 g,Garcia Baquero,,"1,65 €","(13,20 € / Kg)",
Hell Energy Bebida de Café com Leite lata 25 cl,Hell Energy,,"1,39 €","(5,56 € / Litro)",
Cabeça de Burro Vinho Tinto do Douro garrafa 75 cl,Cabeça de Burro,,"8,89 €","(11,85 € / Litro)",
"Iglo Green Cuisine Veggie Bowls com Trigo Sarraceno, Brócolos e Feijão Preto Vegan embalagem 350 g",Iglo Green Cuisine,,"3,99 €","(9,11 € / Kg)","3,99 €"
Rucker's Queijo Feta em Azeite e Ervas unidade 300 g,Rucker's,,"4,69 €","(15,63 € / Kg)",
Kopke Vinho Tinto do Douro garrafa 75 cl,Kopke,,"7,49 €","(9,99 € / Litro)",
"Bolo Tentação unidade 1,5 kg",,,"16,70 €","(11,13 € / Kg)",
El Corte Inglés Amendoins Runner Fritos embalagem 500 g,El Corte Inglés,,"2,95 €","(5,90 € / Kg)",
Tresemmé Cuidado Clássico Champô para Cabelos Normais a Oleosos embalagem 500 ml,Tresemmé Cuidado Clássico,,"4,19 €","(8,38 € / Litro)",
Bottega Espumante Prosecco White Gold garrafa 75 cl,Bottega,,"23,90 €","(31,87 € / Litro)",
Taboadella Vinho Branco do Dão Villae garrafa 75 cl,Taboadella,,"10,99 €","(14,65 € / Litro)",
Vieira Digestive Bolachas Thins de Maçã embalagem 174 g,Vieira Digestive,,"2,49 €","(14,31 € / Kg)",
Progelcone Bolachas Wafer Corações de Baunilha embalagem 125 g,Progelcone,,"1,54 €","(12,32 € / Kg)",
Açai Native Açai Zero Sorbet copo 480 ml,Açai Native,,"5,99 €","(12,48 € / Litro)",
Duracell Plus Pilhas AAA LR03 / MN2400 100% +Extra Life embalagem 4 unidades,Duracell Plus,,"5,69 €","(1,42 € / Unidade)",
Nacional Cookies XL com Pepitas de Chocolate e Alfarroba embalagem 180 g,Nacional,,"2,59 €","(14,39 € / Kg)",
Condi Preparado para Bolo Mármore embalagem 450 g,Condi,,"2,69 €","(5,98 € / Kg)",
Montaraz Entrecosto de Porco Preto embalagem 250 g,Montaraz,,"2,90 €","(11,60 € / Kg)",
Padaria da Arrifana Biscoitos de Canela embalagem 300 g,Padaria da Arrifana,,"2,29 €","(7,63 € / Kg)",
Compal Grão lata 845 ml,Compal,,"1,59 €","(1,88 € / Kg)",
Kellogg's Cereais Crunchy Nut embalagem 500 g,Kellogg's,,"4,69 €","(9,38 € / Kg)",
Ajax Tripla Acção Limpa-Vidros Spray 500 ml,Ajax Tripla Acção,,"3,59 €","(7,18 € / Litro)",
Halls Rebuçados Extra Forte sem Açúcar Pack 4 embalagem 32 g,Halls,,"2,99 €","(93,44 € / Kg)",
Iglo Macedônia de Ervilhas embalagem 650 g,Iglo,,"2,99 €","(4,60 € / Kg)",
Gullón Zero Bolachas Digestivas com Chocolate sem Açúcares embalagem 270 g,Gullón Zero,,"3,15 €","(11,67 € / Kg)",
Stubb`s Molho Bar-B-Q Original frasco 300 ml,Stubb`s,,"4,99 €","(16,63 € / Litro)",
Humydry Anti-Humidade e Ambientador Mini com Aroma de Maçã Recarga 450 g,Humydry,,"2,99 €","(6,64 € / Kg)",
Mercurochrome Banda Elástica embalagem 1 unidade,Mercurochrome,,"3,59 €","(3,59 € / Unidade)",
Camomila Intea Máscara Capilar Reflexos Louros embalagem 250 ml,Camomila Intea,,"11,49 €","(45,96 € / Litro)",
Cosmo Figura de Natal de Chocolate embalagem 85 g,Cosmo,,"1,55 €","(18,24 € / Kg)",
El Caserio Caramelos Ligeiros Pinhão embalagem 85 g,El Caserio,,"1,65 €","(19,41 € / Kg)",
"Calypso Esponja de Banho ""Fleur de Bair"" embalagem 1 unidade",Calypso,,"4,35 €","(4,35 € / Unidade)",
Azeitona Verde Recheada com Amêndoa,,,"22,69 €/kg",,
Glamour Escova de Cabelo Brushing e Brillance embalagem 1 unidade,Glamour,,"12,65 €","(12,65 € / Unidade)",
Imperial Manteiga com Sal lata 250 g,Imperial,,"5,25 €",(21 € / Kg),
Heinz Ketchup Hot Chilli embalagem 342 g,Heinz,,"2,99 €","(5,67 € / Kg)","2,99 €"
Ajax Boost Detergente Líquido Multisuperfícies Vinagre + Lavanda embalagem 1 L,Ajax Boost,,"3,99 €","(3,99 € / Litro)",
Gudi Paté de Atum com Abacate embalagem 65 g,Gudi,,"1,35 €","(20,77 € / Kg)",
Camolas Vinho Tinto de Setúbal Grande Escolha garrafa 75 cl,Camolas,,"19,49 €","(25,99 € / Litro)",
Schwarzkopf Root Retoucher Spray Retoca Raízes Vermelho Cashmere embalagem 120 ml,Schwarzkopf Root Retoucher,,"12,39 €","(103,25 € / Litro)",
Buitoni Pizza Forno di Pietra de 4 Queijos embalagem 340 g,Buitoni,,"4,25 €","(12,50 € / Kg)",
Marmelos tradicionais peso aproximado por unidade 1 kg,,,"2,49 €/kg",,
Alvalle Gaspacho Original embalagem 1 L,Alvalle,,"3,70 €","(3,70 € / Litro)",
Passa Vinho Branco do Douro garrafa 75 cl,Passa,,"7,85 €","(10,47 € / Litro)",
Margão Pimenta para Bife em Grão embalagem 35 g,Margão,,"2,79 €","(79,71 € / Kg)",
Air Wick Ambientador Aerossol Automático Apple Winter embalagem 250 ml,Air Wick,,"9,99 €","(39,96 € / Litro)",
Valor Chocolate de Leite com Amêndoas sem Açúcar embalagem 150 g,Valor,,"3,15 €",(21 € / Kg),
Trident 60 Minutes Pastilhas Peppermint sem Açúcar embalagem 80 g,Trident 60 Minutes,,"2,99 €","(37,38 € / Kg)",
Schweppes Ginger Ale Pack 4 garrafa 20 cl,Schweppes,,"6,76 €","(8,45 € / Litro)",
Beirabaga Doce de Medronho frasco 270 g,Beirabaga,,"3,49 €","(12,93 € / Kg)",
Nobre Bolonhesa lata 420 g,Nobre,,"3,65 €","(5,98 € / Kg)","3,65 €"
Maybelline Corrector The Eraser Anti-Idade Nº 00 Ivory embalagem 1 unidade,Maybelline,,"9,99 €","(9,99 € / Unidade)",
El Corte Inglés Atum Albacora em Tomate Pack 3 lata 156 g,El Corte Inglés,,"2,69 €","(17,24 € / Kg)",
El Corte Inglés Lasanha Bolonhesa com Massa Wanton embalagem 400 g,El Corte Inglés,,"3,99 €","(9,98 € / Kg)",
Dr.Organic Pasta de Dentes Melaleuca Biológico embalagem 100 ml,Dr.Organic,,"6,29 €","(62,90 € / Litro)",
Santal Néctar de Frutos Vermelhos embalagem 1 L,Santal,,"1,80 €","(1,80 € / Litro)",
McCain Puré de Batata ao Natural embalagem 750 g,McCain,,"2,59 €","(3,45 € / Kg)",
Cadbury Chocolates Select Santa embalagem 145 g,Cadbury,,"4,35 €",(30 € / Kg),
El Corte Inglés Bio Feijão Verde Extra Biológico frasco 660 g,El Corte Inglés Bio,,"3,49 €","(5,29 € / Kg)",
Excellence Coloração Nudes sem Amoníaco Louro Claro Universal 10 U embalagem 1 unidade,Excellence,,"12,99 €","(12,99 € / Unidade)",
Capitan America Eau de Toilette Capitan America embalagem 30 ml,Capitan America,,"7,30 €","(243,33 € / Litro)",
"Lipton Tisana Silhueta de Cavalinha, Erva Príncipe e Gengibre embalagem 20 unidades",Lipton,,"2,99 €","(0,15 € / Unidade)",
Vale da Nora Vinho do Alentejo Tinto garrafa 75 cl,Vale da Nora,,"3,99 €","(5,32 € / Litro)",
Neoblanc Lixívia Tradicional 4 L,Neoblanc,,"3,79 €","(0,01 € / Litro)",
Mom Gin garrafa 70 cl,Mom,,"24,99 €","(35,70 € / Litro)",
Codyfer Palmilhas Tamanho 43-44 1 par,Codyfer,,"3,95 €","(3,95 € / Unidade)",
Ferreira Vinho do Porto Datado 10 Anos garrafa 75 cl,Ferreira,,"16,99 €","(22,65 € / Litro)",
Lida Sabonete 100% Natural de Glicerina embalagem 3 unidades,Lida,,"4,05 €","(1,35 € / Unidade)",
"Shoyce Bebida de Aveia e Amêndoa 0% Açúcares Adicionados, sem Lactose e sem Glúten embalagem 1 L",Shoyce,,"2,09 €","(2,09 € / Litro)",
Serrano Peru com Trufas sem Glúten unidade 90 g,Serrano,,"1,49 €","(16,56 € / Kg)",
Riedenburger Cerveja Brauhaus 5 Grãos Biológica garrafa 33 cl,Riedenburger,,"2,69 €","(8,15 € / Litro)",
Negrini Burrata di Bufala Cilento unidade 200 g,Negrini,,"5,79 €","(28,95 € / Kg)",
Diese Infusão de Ervas Hipericão embalagem 15 g,Diese,,"1,45 €","(96,67 € / Kg)",
Gullón Bolachas Moment Choco Tablet Cobertas com Chocolate de Leite Pack 4 embalagem 150 g,Gullón,,"1,90 €","(12,67 € / Kg)",
Xixo Água Tónica lata 25 cl,Xixo,,"0,59 €","(2,36 € / Litro)",
Lactovit Lactourea Gel de Banho Reparador embalagem 650 ml,Lactovit Lactourea,,"5,19 €","(7,98 € / Litro)",
Queijaria das Romãs Queijo Fresco de Ovelha embalagem 200 g,Queijaria das Romãs,,"2,98 €","(14,90 € / Kg)",
Kiwi Zespri Green calibre 30+ ao peso 1 kg,,,"3,99 €/kg",,
Dodot Activity Fraldas 6 a 10 kg Tamanho 3 embalagem 66 unidades,Dodot Activity,,"15,74 €","(0,24 € / Unidade)",
Durex Gel Intense Orgasmic embalagem 10 ml,Durex,,"12,99 €",(1.299 € / Litro),
Nicola Infusão de Camomila para Nespresso embalagem 10 cápsulas,Nicola,,"1,99 €","(0,20 € / Unidade)",
Syoss Oleo Intense Coloração Nº 1-10 Preto Intenso embalagem 1 unidade,Syoss Oleo Intense,,"11,29 €","(11,29 € / Unidade)",
M&M'S Snack de Chocolate embalagem 400 g,M&M'S,,"5,79 €","(14,48 € / Kg)",
Mr. Cheese Queijo Gouda de Cabra Velho Peso Aproximado por unidade 200 g,Mr. Cheese,,"28,99 €/kg",,
Cif Detergente Creme Activo com Lixívia embalagem 700 ml,Cif,,"2,49 €","(3,56 € / Litro)",
Maybelline Fit Me Pó Compacto Nº 120 embalagem 1 unidade,Maybelline Fit Me,,"10,29 €","(10,29 € / Unidade)",
Boklunder Salsichas Cocktail frasco 380 g,Boklunder,,"3,49 €","(7,34 € / Kg)","3,49 €"
Patak's Pickle Manga Forte frasco 283 g,Patak's,,"4,45 €","(15,72 € / Kg)",
Dom Iguarias Morcela de Arroz da Sertã unidade 200 g,Dom Iguarias,,"3,19 €","(15,95 € / Kg)",
Saison Cerveja da Bélgica Dupont garrafa 33 cl,Saison,,"2,99 €","(9,06 € / Litro)",
Helios Doce Natural de Alperce sem Glúten frasco 330 g,Helios,,"3,34 €","(10,12 € / Kg)",
Búfalo Cera Líquida Amarela lata 500 ml,Búfalo,,"5,99 €","(11,98 € / Litro)",
Crasto Vinho Rosé do Douro garrafa 75 cl,Crasto,,"8,99 €","(11,99 € / Litro)",
Borgo Molino Espumante Prosecco Zero Senza Solfite garrafa 75 cl,Borgo Molino,,"9,99 €","(13,32 € / Litro)",
Corretora Atum Filete em Tomate lata 120 g,Corretora,,"2,59 €","(21,58 € / Kg)",
Nestlé Maggi Suculento no Forno Frango à Provençal com Ervas Aromáticas embalagem 28 g,Nestlé Maggi,,"0,99 €","(26,43 € / Kg)","0,99 €"
Naturefoods Sementes de Abóbora Biológicas embalagem 250 g,Naturefoods,,"3,40 €","(13,60 € / Kg)",
Pescanova Barrinhas de Pescada Ómega 3 15 Unidades embalagem 450 g,Pescanova,,"4,99 €","(11,09 € / Kg)",
Spencer Cerveja dos EUA India Pale Ale garrafa 33 cl,Spencer,,"4,75 €","(14,39 € / Litro)",
Vinha do Mouro Vinho Tinto do Alentejo garrafa 75 cl,Vinha do Mouro,,"6,85 €","(9,13 € / Litro)",
Néstle Achocolatado em Pó Nescau embalagem 400 g,Néstle,,"4,75 €","(11,88 € / Kg)",
"BI Refrigerante de Laranja embalagem 1,5 L",BI,,"1,75 €","(1,17 € / Litro)",
Veckia Gel para Pés e Pernas Cansadas embalagem 125 ml,Veckia,,"2,29 €","(1,83 € / 10 ml.)",
Brasfrut Polpa de Maracujá Congelada embalagem 100 g,Brasfrut,,"4,59 €","(11,48 € / Kg)",
Salsicharia Limiana Farinheira unidade 200 g,Salsicharia Limiana,,"1,29 €","(6,45 € / Kg)",
Secos da Aldeia Milho Frito Grande embalagem 100 g,Secos da Aldeia,,"1,25 €","(12,50 € / Kg)",
Quinta de Ventozelo Vinho Tinto do Douro Tinta Amarela garrafa 75 cl,Quinta de Ventozelo,,"13,90 €","(18,53 € / Litro)",
"Sanytol Desinfectante Lava Tudo embalagem 1,2 L",Sanytol,,"4,59 €","(3,82 € / Litro)",
KH-7 Espuma Activa para Placas de Vitrocerâmica 750 ml,KH-7,,"6,55 €","(8,73 € / Litro)",
Fazendeiro Vinho Branco de Mesa embalagem 1 L,Fazendeiro,,"1,05 €","(1,05 € / Litro)",
El Corte Inglés Selection Iogurte com Pêssego e Maracujá embalagem 500 g,El Corte Inglés Selection,,"2,45 €","(4,90 € / Kg)",
Copa Sumo Natural de Morango e Maçã embalagem 750 ml,Copa,,"2,85 €","(3,80 € / Litro)",
Rozès Vinho do Porto Tawny garrafa 75 cl,Rozès,,"7,45 €","(9,93 € / Litro)",
El Almendro Torrão de Creme de Amêndoa sem Açúcar embalagem 200 g,El Almendro,,"5,72 €","(28,60 € / Kg)",
Captain Kombucha Bebida Probiótica de Melancia e Menta Zero Açúcar Biológica embalagem 400 ml,Captain Kombucha,,"2,29 €","(5,72 € / Litro)",
Nestlé L'Atelier Chocolate Preto com Avelãs embalagem 170 g,Nestlé L'Atelier,,"3,99 €","(23,47 € / Kg)",
Salutem Farelo de Trigo embalagem 400 g,Salutem,,"0,96 €","(2,40 € / Kg)",
Salutem Chá Verde embalagem 15 g,Salutem,,"0,79 €","(52,67 € / Kg)",
Paladin Piri-Piri com Alho e Louro embalagem 75 ml,Paladin,,"2,09 €","(27,87 € / Litro)",
Regina Chocolate Floc Choc com Cereais Crocantes embalagem 100 g,Regina,,"1,65 €","(16,50 € / Kg)",
Paiva Queijo Flamengo em Fatias sem Lactose embalagem 150 g,Paiva,,"2,55 €",(17 € / Kg),
Filoco Vinho Tinto do Douro Casarões garrafa 75 cl,Filoco,,"9,49 €","(12,65 € / Litro)",
Evax Cottonlike Pensos Higiénicos Super Plus com Abas embalagem 20 unidades,Evax Cottonlike,,"4,98 €","(0,25 € / Unidade)",
Oliveira da Serra Vinagre de Figo garrafa 250 ml,Oliveira da Serra,,"1,49 €","(5,96 € / Litro)",
Mimosa Manteiga com Sal e Alho Pack 20 embalagem 8 g,Mimosa,,"2,25 €",(255 € / Kg),"2,25 €"
Ferrero Bolachas Recheadas com Nutella embalagem 304 g,Ferrero,,"4,19 €","(13,78 € / Kg)",
Fini Marshmallow de Morango embalagem 80 g,Fini,,"0,89 €","(11,12 € / Kg)",
Fula Óleo Natural garrafa 1 L,Fula,,"3,49 €","(3,49 € / Litro)",
Periquita Conjunto Dois Vinhos de Setúbal Tinto garrafa 75 cl,Periquita,,"9,98 €","(6,65 € / Litro)",
"Muralhas Vinho Verde Branco garrafa 37,5 cl",Muralhas,,"2,75 €","(7,33 € / Litro)",
Herbex Menta embalagem 20 g,Herbex,,"1,50 €",(75 € / Kg),
Rudolfs Puré de Maçã Bio +4 meses frasco 190 g,Rudolfs,,"1,79 €","(9,42 € / Kg)",
Salsicharia Limiana Morcela unidade 200 g,Salsicharia Limiana,,"1,29 €","(6,45 € / Kg)",
Fairy Detergente de Lavagem à Mão para Loiça Concentrado Limão embalagem 820 ml,Fairy,,"4,89 €","(5,96 € / Litro)",
Cossart Gordon Vinho da Madeira 5 Anos Boal garrafa 75 cl,Cossart Gordon,,"19,95 €","(26,60 € / Litro)",
Peripécia Vinho Branco de Lisboa Chardonnay garrafa 75 cl,Peripécia,,"11,25 €",(15 € / Litro),
La Estrella de Galicia Cerveja Edição Especial Pack 6 unidades embalagem 33 cl,La Estrella de Galicia,,"6,69 €","(3,38 € / Litro)",
El Corte Inglés Molho Fresco de Trufa embalagem 140 g,El Corte Inglés,,"1,98 €","(14,14 € / Kg)",
El Corte Inglés Ambientador Eléctrico Água de Colónia Infantil Recarga embalagem 1 unidade,El Corte Inglés,,"2,35 €","(2,35 € / Unidade)",
McCain Batata Doce em Palitos para Forno Vegan embalagem 500 g,McCain,,"3,59 €","(7,18 € / Kg)",
Efiseptyl Escovinhas Interdentais Ultra Suave embalagem 6 unidades,Efiseptyl,,"5,29 €","(0,88 € / Unidade)",
Nivea Men Dry Fresh Desodorizante Roll-On Anti-Transpirante embalagem 50 ml,Nivea Men Dry Fresh,,"3,99 €","(79,80 € / Litro)",
Georgette Anchovas Enroladas em Alcaparras em Azeite lata 50 g,Georgette,,"4,95 €",(99 € / Kg),
Toque Especial Pimenta embalagem 45 g,Toque Especial,,"3,45 €","(76,67 € / Kg)",
Capri-Sun RefrigeranteTropical embalagem 20 cl,Capri-Sun,,"0,69 €","(3,45 € / Litro)",
Alpro Bebida de Soja com Chocolate embalagem 1 L,Alpro,,"2,39 €","(1,89 € / Litro)","2,39 €"
Esencias de Saphir Eau de Toilette Vetiver & Moss embalagem 180 ml,Esencias de Saphir,,"10,95 €","(60,83 € / Litro)",
Ultra Suave Champô de Cacau e Coco para Cabelos Difíceis de Alisar embalagem 400 ml,Ultra Suave,,"5,59 €","(13,98 € / Litro)",
Próvida Seitan Fresco embalagem 250 g,Próvida,,"2,39 €","(9,56 € / Kg)",
Cistér Grão de Bico Cozido lata 850 g,Cistér,,"0,99 €","(1,16 € / Kg)",
Nivea Body Milk Duche Nutritivo 24h Fómula Activada com Água Pele Seca embalagem 250 ml,Nivea Body Milk,,"5,49 €","(21,96 € / Litro)",
Brasfrut Polpa de Mamão Integral Congelada embalagem 100 g,Brasfrut,,"0,95 €","(9,50 € / Kg)",
El Corte Inglés Esfregão com Esponja para Casa de Banho embalagem 2 unidades,El Corte Inglés,,"1,10 €","(0,55 € / Unidade)",
Cabo da Roca Vinho Tinto Região de Lisboa garrafa 150 cl,Cabo da Roca,,"15,99 €","(10,66 € / Litro)",
L'or Espresso Café Sontuoso para Nespresso Intensidade 8 embalagem 10 cápsulas,L'or Espresso,,"4,29 €","(0,43 € / Unidade)",
Persil Detergente para a Roupa Powercaps Lavanda embalagem 56 doses,Persil,,"24,99 €","(0,45 € / Dose)",
Harpic Líquido Sanitário Gel Lixívia embalagem 750 ml,Harpic,,"2,26 €","(3,01 € / Litro)",
Coordonne Coco Ralado Fino Puro sem Açucar embalagem 100 g,Coordonne,,"1,29 €","(12,90 € / Kg)",
Companhia das Abóboras Doce de Tomate frasco 300 g,Companhia das Abóboras,,"3,45 €","(11,50 € / Kg)",
Ferbar Cogumelos Laminados lata 290 g,Ferbar,,"1,29 €","(4,45 € / Kg)",
Roku Gin Japão garrafa 70 cl,Roku,,"29,99 €","(42,84 € / Litro)",
Artiach Dinosaurus Bolachas de Cereais sem Açúcar embalagem 185 g,Artiach Dinosaurus,,"2,29 €","(12,38 € / Kg)",
Compal da Horta Feijão Branco lata 410 g,Compal da Horta,,"1,29 €","(3,15 € / Kg)",
Gomas Fruta com Iogurte sem Gordura embalagem 180 g,,,"1,59 €","(8,83 € / Kg)",
Globo Corações de Palmitos Inteiros para Saladas lata 400 g,Globo,,"3,39 €","(8,27 € / Kg)",
Santini Gelado de Framboesa embalagem 500 ml,Santini,,"14,95 €","(29,90 € / Litro)",
Tampax Tampões Super embalagem 16 unidades,Tampax,,"3,99 €","(0,25 € / Unidade)",
Aga Água Oxigenada 10 Volumes embalagem 500 ml,Aga,,1 €,(2 € / Litro),
Espiga Noz-Moscada Grão frasco 16 g,Espiga,,"2,79 €","(174,38 € / Kg)",
Knorr Sopa de Rabo de Boi 4 porções embalagem 71 g,Knorr,,"1,49 €","(20,99 € / Kg)",
Naturefoods Lentilhas Biológicas frasco 360 g,Naturefoods,,"1,70 €","(4,72 € / Kg)",
Trianon Chocolate Preto de Menta embalagem 125 g,Trianon,,"3,89 €","(31,12 € / Kg)",
La Balinesa Truta Fumada embalagem 100 g,La Balinesa,,"6,39 €","(63,90 € / Kg)",
Tostagrill Tostas Integrais sem Sal e sem Açúcar embalagem 225 g,Tostagrill,,"2,15 €","(9,56 € / Kg)",
Letur Iogurte de Cabra com Mirtilo Biológico Pack 2 embalagem 125 g,Letur,,"2,85 €","(11,40 € / Kg)",
Biqueirão com Tomate Frito,,,"41,99 €/kg",,
Haagen-Dazs Gelados Mini Copos Fruit Collection Pack 4 embalagem 380 ml,Haagen-Dazs,,"6,75 €","(17,76 € / Litro)",
Merci Chocolate Crispy embalagem 250 g,Merci,,"7,29 €","(18,96 € / Kg)","7,29 €"
Frutidry Miolo de Amêndoa Torrada sem Pele embalagem 200 g,Frutidry,,"4,49 €","(22,45 € / Kg)",
Renova Rolo de Cozinha Reciclável Ecológico embalagem 2 unidades,Renova,,"2,25 €","(0,55 € / Unidade)","2,25 €"
Krishna Fuli Gathia embalagem 200 g,Krishna,,"1,85 €","(9,25 € / Kg)",
Miss Organic Infusão Gengibre Biológica embalagem 10 unidades,Miss Organic,,"1,99 €","(0,20 € / Unidade)",
Dr. Oetker Pizza Ristorante Funghi embalagem 365 g,Dr. Oetker,,"4,99 €","(13,67 € / Kg)",
Nova Açores Leite de Pastagem Meio Gordo sem Lactose embalagem 1 L,Nova Açores,,"1,39 €","(1,39 € / Litro)",
Palette Coloração Nº 7 Louro Escuro embalagem 1 unidade,Palette,,"6,99 €","(6,99 € / Unidade)",
El Corte Inglés Bolachas Maria Tradicional embalagem 730 g,El Corte Inglés,,"3,89 €","(5,33 € / Kg)",
Al'Fez Taboulé embalagem 150 g,Al'Fez,,"2,69 €","(17,93 € / Kg)",
Saphir Fruits Attraction Colónia Feminina de Bergamota da Calábria embalagem 100 ml,Saphir Fruits Attraction,,"5,55 €","(55,50 € / Litro)",
Yoçor Iogurte Grego dos Açores com Maracujá Pack 4 embalagem 115 g,Yoçor,,"2,79 €","(5,37 € / Kg)",
Cadbury Chocolates Little Robins Merry Christmas embalagem 77 g,Cadbury,,"2,35 €","(30,52 € / Kg)",
Valor Cacau Puro em Pó sem Glúten e 0% Açúcar Adicionado embalagem 250 g,Valor,,"4,79 €","(19,16 € / Kg)",
Hellmann's Maionese frasco 225 ml,Hellmann's,,"3,29 €","(14,62 € / Litro)",
Fino Pano Esponja embalagem 3 unidades,Fino,,"1,99 €","(0,66 € / Unidade)",
Renova Red Label Rolo de Cozinha Black embalagem 1 unidade,Renova Red Label,,"5,19 €","(5,19 € / Unidade)",
Moura Azeite Virgem Extra DOP garrafa 750 ml,Moura,,"4,79 €","(6,39 € / Litro)",
Mimosa Natas Uht de Culinária sem Lactose embalagem 200 ml,Mimosa,,"1,09 €","(5,45 € / Litro)",
Moo Free Mini Chocolate de Morango Vegan sem Glúten embalagem 20 g,Moo Free,,"1,29 €","(64,50 € / Kg)",
Dr.Organic Desodorizante com Romã Roll-On Biológico embalagem 50 ml,Dr.Organic,,"7,34 €","(146,80 € / Litro)",
Lekha Folhas de Caril embalagem 15 g,Lekha,,"2,95 €","(196,67 € / Kg)",
Eric Kayser Pão Boule Campagne unidade 400 g,,,"2,75 €","(6,88 € / Kg)",
Soflan Classic Detergente Líquido para Roupa Delicada e Lãs 13 Doses embalagem 650 ml,Soflan Classic,,"4,99 €","(3,83 € / Litro)","4,99 €"
Margão Segredos Provençais Misturas frasco 39 g,Margão Segredos,,"2,89 €","(74,10 € / Kg)",
Delaviuda Marquesas sem Açúcar embalagem 250 g,Delaviuda,,"6,90 €","(27,60 € / Kg)",
Companhia dos Açores Doce Extra de Maracujá dos Açores com Banana frasco 230 g,Companhia dos Açores,,"4,55 €","(19,78 € / Kg)",
Nivea Protect e Bronze Gel de Banho Care & Cocunut embalagem 500 ml,Nivea Protect e Bronze,,"6,49 €","(12,98 € / Litro)",
Florette Salada Vega embalagem 200 g,Florette,,"1,89 €","(9,45 € / Kg)",
"Frei João Vinho Tinto da Bairrada garrafa 37,5 cl",Frei João,,"2,29 €","(6,11 € / Litro)",
Twinings Chá Superblend Energise 18 unidades,Twinings,,"3,19 €","(0,18 € / Unidade)",
Monte Cascas Vinho Tinto do Douro garrafa 75 cl,Monte Cascas,,"7,49 €","(9,99 € / Litro)",
Vianeza Maionese Top Down embalagem 430 ml,Vianeza,,"1,59 €","(3,70 € / Litro)",
Domestos Power 5 Bloco Sanitário Desinfectante Ocean embalagem 55 g,Domestos Power 5,,"2,99 €","(54,36 € / Kg)",
Santini Gelado Picolini de Chocolate Pack 6 embalagem 65 g,Santini,,15 €,"(38,46 € / Kg)",
Quinta de Ventozelo Vinho Tinto do Douro DOC Sousão garrafa 75 cl,Quinta de Ventozelo,,"13,90 €","(18,53 € / Litro)",
Cavino Vinho Branco da Grécia garrafa 75 cl,Cavino,,"4,49 €","(5,99 € / Litro)",
Jacquot Casa com Fantasias de Chocolate embalagem 200 g,Jacquot,,"2,89 €","(14,45 € / Kg)",
Herdade da Maia Queijo de Nisa Dop Merendeira embalagem 320 g,Herdade da Maia,,"8,49 €","(26,53 € / Kg)",
Brillante Vinho Tinto de Palmela garrafa 75 cl,Brillante,,"9,99 €","(13,32 € / Litro)",
Glint Iogurte com Pedaços de Manga Pack 2 frasco 125 g,Glint,,"1,99 €","(7,96 € / Kg)",
Milaneza Lasanha de Ovo Especial embalagem 500 g,Milaneza,,"2,59 €","(5,18 € / Kg)",
Marmota Peso Aproximado por unidade 600 g,,,"6,99 €/kg",,
Hein Salsichas Viena 6 Unidades embalagem 360 g,Hein,,"5,65 €","(15,69 € / Kg)",
Soft&Co Óleo Puro Rosa Mosqueta embalagem 40 ml,Soft&Co,,"7,99 €","(199,75 € / Litro)",
Hempology Chá de Cânhamo Go Home Biológico embalagem 25 g,Hempology,,"8,89 €","(355,60 € / Kg)",
Eric Kayser Caracol,Eric Kayser,,2 €,(2 € / Unidade),
La Trappe Cerveja da Holanda Trappist Puur Biológica garrafa 33 cl,La Trappe,,"3,15 €","(9,55 € / Litro)",
Quinta dos Açores Elegant Iogurte Líquido de Amora embalagem 200 ml,Quinta dos Açores Elegant,,"1,09 €","(5,45 € / Litro)",
Krissia Surimi Ralado embalagem 150 g,Krissia,,"2,49 €","(16,60 € / Kg)",
Milaneza Sabores Linguine Al Pesto embalagem 500 g,Milaneza Sabores,,"2,69 €","(5,38 € / Kg)",
Milaneza Massa Mezze Maniche Rigate embalagem 500 g,Milaneza,,"1,86 €","(3,72 € / Kg)",
Torre de Nuñez Lombo Duroc em Fatias sem Glúten e sem Lactose unidade 110 g,Torre de Nuñez,,"3,75 €","(34,09 € / Kg)",
Gullón Bio Organic Bolachas de Cereais Espelta Vegetarianas Biológicas sem Lactose embalagem 170 g,Gullón Bio Organic,,"3,49 €","(20,53 € / Kg)",
Colgate Smiles Escova de Dentes Extra Suave + 6 Anos Spider Man embalagem 1 unidade,Colgate Smiles,,"3,49 €","(3,49 € / Unidade)",
Timmermans Cerveja da Bélgica de Framboesa garrafa 25 cl,Timmermans,,"3,39 €","(13,56 € / Litro)",
Solano Caramelos Tradicionais sem Açucar embalagem 99 g,Solano,,"2,99 €/kg",,
Cantorel Tábua de Queijos Franceses em Porções unidade 400 g,Cantorel,,"9,89 €","(24,72 € / Kg)",
Nescafé Capuccino Latte  Shakissimo embalagem 190 ml,Nescafé,,"1,59 €","(8,37 € / Litro)",
Prozis Pizza Artesanal Capricciosa embalagem 345 g,Prozis,,"5,99 €","(17,36 € / Kg)",
Paulo Laureano Vinho Tinto Regional Alentejano garrafa 75 cl,Paulo Laureano,,"4,99 €","(6,65 € / Litro)",
Sensodyne Gengivas Pasta de Dentes embalagem 75 ml,Sensodyne Gengivas,,"3,99 €","(53,20 € / Litro)",
"Snock Good4me Pão Integral com Salmão Fumado, Queijo Creme, Alface e Rúcula embalagem 145 g",Snock Good4me,,"4,09 €","(28,21 € / Kg)",
Nestlé Kéfir Natural Pack 6 embalagem 100 g,Nestlé,,"3,09 €","(5,15 € / Kg)",
Armada Sidra de Morango garrafa 40 cl,Armada,,"1,99 €","(4,98 € / Litro)",
Salada Rúcula embalagem 125 g,,,"5,95 €","(47,60 € / Kg)",
Bocadelia Recheio para Sandes de Atum embalagem 180 g,Bocadelia,,"2,99 €","(16,61 € / Kg)",
Lusoforma Formas de Alumínio Grandes Rectangulares Nº 7313A 5 unidades,Lusoforma,,"4,05 €","(0,81 € / Unidade)",
Nortada Cerveja Artesanal Porto Lager garrafa 33 cl,Nortada,,"1,70 €","(5,15 € / Litro)",
Cricket Isqueiros Mini Simplicity 3 unidades,Cricket,,"2,89 €","(0,96 € / Unidade)",
Merci Chocolate Preto embalagem 100 g,Merci,,"2,59 €","(25,90 € / Kg)",
Monólogo Vinho Verde Avesso Branco garrafa 75 cl,Monólogo,,"7,99 €","(10,65 € / Litro)",
Gullón Zero Wafers de Chocolate Vegetarianas sem Açúcar Pack 3 embalagem 180 g,Gullón Zero,,"2,29 €","(12,72 € / Kg)",
Nivea Body Cream Creme Repara & Cuida Intensivo para Pele Extra Seca embalagem 300 ml,Nivea Body Cream,,"9,19 €","(30,63 € / Litro)",
Natursoy Hambúrguer com Cenoura 2 Unidades embalagem 75 g,Natursoy,,"3,69 €","(24,60 € / Kg)",
Raid Armadilha Detectora de Traças dos Alimentos embalagem 3 unidades,Raid,,"5,49 €","(0,91 € / Unidade)","5,49 €"
Côte D'Or Chocolate Preto com Sésamo embalagem 100 g,Côte D'Or,,"2,29 €","(22,90 € / Kg)",
Loimer Vinho Branco da Áustria Langenlois Kamptal Gruner Biológico garrafa 75 cl,Loimer,,"15,75 €",(21 € / Litro),
Cerrado do Vale Queijo de Ovelha Peso Aproximado por unidade 500 g,Cerrado do Vale,,"19,99 €/kg",,
Alpro Bebida de Soja com Cálcio Pack 3 embalagem 250 ml,Alpro,,"2,29 €","(2,39 € / Litro)","2,29 €"
Biona Leite de Coco Biológico embalagem 400 ml,Biona,,"3,39 €","(8,48 € / Litro)",
Super Gorila Pastilhas de Banana embalagem 1 unidade,Super Gorila,,"0,69 €","(0,69 € / Unidade)",
"Alandra Vinho Tinto de Mesa garrafa 37,5 cl",Alandra,,"1,85 €","(4,93 € / Litro)",
El Corte Inglés Berbigão ao Natural 25-35 Unidades lata 63,El Corte Inglés,,"7,59 €","(68,38 € / Kg)",
Evax Pensos Higiénicos Cottonlike com Alas embalagem 9 unidades,Evax,,"2,59 €","(0,29 € / Unidade)",
Mr Muscle Desinfectante de Cozinha embalagem 500 ml,Mr Muscle,,"3,99 €","(7,98 € / Litro)",
Bon Roll Choconolas Gomas de Laranja com Cobertura de Chocolate embalagem 150 g,Bon Roll Choconolas,,"1,95 €",(13 € / Kg),
Nestlé Cheerios Cereais Integrais Multi embalagem 375 g,Nestlé Cheerios,,"3,89 €","(10,37 € / Kg)",
Turm Natas para Café 10% Gordura frasco 250 g,Turm,,"1,39 €","(5,56 € / Kg)",
Bicentury Barritas de Chocolate Negro com Pedaços de Laranja embalagem 95 g,Bicentury,,"3,20 €","(33,68 € / Kg)",
Manhãzitos Bolos com Pepitas de Chocolate 8 Unidades embalagem 280 g,Manhãzitos,,"2,79 €","(9,96 € / Kg)",
"Nestea Ice Tea de Manga e Ananás garrafa 1,5 L",Nestea,,"1,79 €","(1,19 € / Litro)",
Oral-B Calm Pasta de Dentes Sensibilidade e Gengivas embalagem 75 ml,Oral-B Calm,,"4,49 €","(38,53 € / Litro)","4,49 €"
Torres Sangre de Toro Vinho Tinto de Espanha garrafa 75 cl,Torres Sangre de Toro,,"8,99 €","(11,99 € / Litro)",
Cadbury Dairy Milk Chocolate com Avelãs Inteiras embalagem 120 g,Cadbury Dairy Milk,,"2,59 €","(21,58 € / Kg)",
Sacla Italia Molho Napoletana frasco 350 g,Sacla Italia,,"4,99 €","(14,26 € / Kg)",
Delta Q Café Qalidus Intensidade 10 embalagem 10 cápsulas,Delta Q,,"3,49 €","(0,35 € / Unidade)",
Heidel Bombons Sortidos Bota de Natal lata 97 g,Heidel,,"9,95 €","(102,58 € / Kg)",
Próvida Couscous Milho Biológico embalagem 500 g,Próvida,,"3,29 €","(6,58 € / Kg)",
Diadermine Lift+ Super Preenchedor Creme Anti-Rugas de Noite embalagem 50 ml,Diadermine Lift+ Super Preenchedor,,"23,99 €","(479,80 € / Litro)",
English Tea Shop Chá de Menta sem Cafeína Biológico embalagem 30 g,English Tea Shop,,"3,99 €",(133 € / Kg),
Herdade Grande Vinho Branco do Alentejo Gerações garrafa 75 cl,Herdade Grande,,"9,95 €","(13,27 € / Litro)",
Colgate Total Pasta de Dentes Branqueadora Avançada embalagem 75 ml,Colgate Total,,"3,99 €","(53,20 € / Litro)",
Gazela Vinho Branco lata 25 cl,Gazela,,"6,48 €","(6,48 € / Litro)",
Casal Mendes Vinho Rosé garrafa 75 cl,Casal Mendes,,"3,99 €","(5,32 € / Litro)",
Celeiro Terra Bolinhos de Canela embalagem g,Celeiro Terra,,"3,59 €","(14,36 € / Kg)",
Fonte Mourisca Queijo de Vaca Amanteigado unidade 550 g,Fonte Mourisca,,"7,99 €","(14,53 € / Kg)",
Terras de Santo António Vinho Tinto do Dão garrafa 75 cl,Terras de Santo António,,"4,29 €","(5,72 € / Litro)",
Narta Magnesium Protect Desodorizante Anti-Stress Homem Roll-On embalagem 50 ml,Narta Magnesium Protect,,"3,79 €","(75,80 € / Litro)",
Cepera Molho Pimenta Calabresa frasco 150 ml,Cepera,,"1,85 €","(12,33 € / Litro)",
El Corte Inglés Bio Vinagre de Maçã Biológico frasco 500 ml,El Corte Inglés Bio,,"1,99 €","(3,98 € / Litro)",
La Rosa Cerveja Artesanal Lager garrafa 33 cl,La Rosa,,"3,99 €","(12,09 € / Litro)",
El Corte Inglés Queijo Fundido Light em Porções 16 Unidades embalagem 250 g,El Corte Inglés,,"2,19 €","(8,76 € / Kg)",
Pontual Vinho Branco do Alentejo garrafa 75 cl,Pontual,,"6,35 €","(8,47 € / Litro)",
Um Bongo Néctar de Laranja embalagem 1 L,Um Bongo,,"1,49 €","(1,49 € / Litro)",
Avianense Chocolate Culinário embalagem 180 g,Avianense,,"2,19 €","(12,17 € / Kg)",
Moinho do Gato Vinho Tinto do Douro Biológico garrafa 75 cl,Moinho do Gato,,"8,65 €","(11,53 € / Litro)",
Folhado Misto unidade 128 g,,,"1,09 €","(8,52 € / Kg)",
Cosi Bio Bresaola em Fatias Biológica unidade 80 g,Cosi Bio,,"8,98 €","(112,25 € / Kg)",
Lusa Monte Azeitona Verde frasco 360 g,Lusa Monte,,"1,99 €","(5,53 € / Kg)",
Pitéu Filetes de Anchovas em Azeite 80 g,Pitéu,,"2,85 €","(35,62 € / Kg)",
Caçarola Feijão Manteiga Cozido frasco 540 g,Caçarola,,"1,05 €","(1,94 € / Kg)",
Macal Presunto sem Osso 9 Meses embalagem 450 g,Macal,,"6,99 €","(15,53 € / Kg)",
Quinta dos Abibes Espumante Bruto garrafa 75 cl,Quinta dos Abibes,,"13,15 €","(17,53 € / Litro)",
"Monte Cascas Vinho Tinto Regional do Alentejo garrafa 1,5 L",Monte Cascas,,"12,95 €","(8,63 € / Litro)",
Nestlé Maggi Suculento no Forno Frango Campestre com Alho e Cebola embalagem 30 g,Nestlé Maggi,,"0,99 €","(24,67 € / Kg)","0,99 €"
Cif Detergente Creme de Limão embalagem 700 ml,Cif,,"2,49 €","(3,56 € / Litro)",
Margem Renovador de Móveis Escuros 300 ml,Margem,,"5,15 €","(17,17 € / Litro)",
Khanum Chutney Manga & Lima frasco 350 g,Khanum,,"3,69 €","(10,54 € / Kg)",
Legado Peito de Peru Assado,Legado,,"19,99 €/kg",,
Garnier BB Cream Creme Hidratante FP50 Tom Médio embalagem 100 ml,Garnier BB Cream,,"10,99 €","(109,90 € / Litro)",
Skip Detergente Líquido para Máquina de Roupa Escura Concentrado embalagem 60 doses,Skip,,"24,99 €","(0,42 € / Dose)",
Interdoces Gomas Minhocas embalagem 150 g,Interdoces,,"1,85 €","(12,33 € / Kg)",
Quinta da Foz do Arouce Vinho Branco das Beiras garrafa 75 cl,Quinta da Foz do Arouce,,"19,95 €","(26,60 € / Litro)",
Nobre Queijo Semi-Curado em Fatias embalagem 80 g,Nobre,,"1,69 €","(21,12 € / Kg)",
Nature Box Champô Sólido Nutritivo de Argão Ecológico embalagem 85 g,Nature Box,,"5,99 €","(70,47 € / Kg)",
El Corte Inglés Pastilhas com Sabor a Menta sem Açúcar sem Glúten embalagem 70 g,El Corte Inglés,,"1,35 €","(19,29 € / Kg)",
Amphora Cerveja Artesanal Quaduprel Imperator garrafa 33 cl,Amphora,,"2,49 €","(7,55 € / Litro)",
El Corte Inglés Bio Caju Cru Biológico embalagem 200 g,El Corte Inglés Bio,,"5,50 €",(22 € / Kg),"5,50 €"
Catedral Vinho Tinto do Dão Reserva Catedral garrafa 75 cl,Catedral,,"5,49 €","(7,32 € / Litro)",
Gelado Vanila Pecan Blondie copo 465 ml,,,"6,79 €","(14,60 € / Litro)",
"Bledina Saqueta Pêra, Banana e Alperce embalagem 85 g",Bledina,,"1,04 €","(12,24 € / Kg)",
El Corte Inglés Queijo Creme Mascarpone embalagem 250 g,El Corte Inglés,,"3,09 €","(12,36 € / Kg)",
Fapil Vassoura Espalmada com Cabo Metálico 1 unidade,Fapil,,"6,15 €","(6,15 € / Unidade)",
Acqua Panna Água Mineral Natural garrafa 50 cl,Acqua Panna,,"1,19 €","(2,38 € / Litro)",
Quinta Serra da Gardunha Queijo Regional de Cabra Curado Mini unidade 300 g,Quinta Serra da Gardunha,,"5,99 €","(18,17 € / Kg)","5,99 €"
Nestlé L'Atelier Les Bouchées Bombons de Chocolate Preto com Caramelo Salgado embalagem 166 g,Nestlé L'Atelier,,"4,75 €","(28,61 € / Kg)",
Lindamccartney Preparado Ckick'N Vegan embalagem 300 g,Lindamccartney,,"5,49 €","(18,30 € / Kg)",
Cataliment Ovas de Salmão com Doseador embalagem 270 g,Cataliment,,"15,99 €","(59,22 € / Kg)",
Cantinho das Aromáticas Infusão de Cavalinha Biológica embalagem 20 unidades,Cantinho das Aromáticas,,"4,10 €","(0,20 € / Unidade)",
"Carmencita Açafrão Moído embalagem 0,40 g",Carmencita,,"3,65 €","(0,91 € / Unidade)",
Président Manteiga com Sal embalagem 250 g,Président,,"3,69 €","(14,76 € / Kg)",
Corine de Farme Gel de Duche Aloe Vera embalagem 750 ml,Corine de Farme,,"4,99 €","(6,65 € / Litro)",
Diplomata Bolacha Capinhas Doces de Canela caixa 125 g,Diplomata,,"3,29 €","(26,32 € / Kg)",
Kellogg's Krave Cereais com Chocolate Branco embalagem 375 g,Kellogg's Krave,,"3,80 €","(10,13 € / Kg)",
Açores Geleia Extra de Ananás DOP frasco 230 g,Açores,,"2,49 €","(10,83 € / Kg)",
Don Algodon Mikado Perfumado Dama de Noite embalagem 1 unidade,Don Algodon,,"6,35 €","(6,35 € / Unidade)",
Diese Chá Verde com Ginseng embalagem 10 unidades,Diese,,"1,45 €","(96,67 € / Kg)",
Finish Pastilhas Lava Loiça Regular Limão embalagem 53,Finish,,"24,99 €","(0,47 € / Unidade)",
"Quinta de Lafões Frango do Campo com Patas e Cabeça Peso Aproximado por cuvete 1,7 kg",Quinta de Lafões,,"5,93 €","(3,49 € / Kg)",
Don Algodon Hombre Colónia Masculina embalagem 100 ml,Don Algodon Hombre,,"13,99 €","(139,90 € / Litro)",
Santal Néctar de Tutti Frutti Pack 3 embalagem 20 cl,Santal,,"1,85 €","(3,08 € / Litro)",
Roveredo Biscoitos Carrilhos embalagem 250 g,Roveredo,,"2,99 €","(11,96 € / Kg)",
Lindt Chocolate Branco embalagem 100 g,Lindt,,"2,49 €","(24,90 € / Kg)",
Nivea Urban Skin Máscara Facial Detox 10 Minutos embalagem 1 unidade,Nivea Urban Skin,,"2,99 €","(2,99 € / Unidade)",
Casa do Porco Preto Presunto de Porco Ibérico Bolota em Fatias unidade 80 g,Casa do Porco Preto,,"13,99 €","(174,88 € / Kg)",
Danone Original Iogurte com Pedaços de Morango Pack 2 embalagem 130 g,Danone Original,,"1,75 €","(6,73 € / Kg)",
Bonduelle Tus Recetas Rusticas lata 300 g,Bonduelle,,"2,99 €","(9,97 € / Kg)",
Quinta do Convento Vinho Tinto do Douro DOC garrafa 75 cl,Quinta do Convento,,"9,95 €","(13,27 € / Litro)",
Lola Champô Rapunzel Rejuvenescedor embalagem 250 ml,Lola,,"9,93 €","(39,72 € / Litro)",
Bife Pojadouro de Novilho IGP Açores Peso Aproximado 200 g,,,"17,95 €/kg",,
"Gullón Vitalday Tortitas de Arroz Vitalday Cobertas com Chocolate Preto e Coco Pack 4 embalagem 117,6 g",Gullón Vitalday,,"2,55 €","(21,79 € / Kg)",
Nobre Cuida-t + Salsichas de Peru frasco 210 g,Nobre Cuida-t +,,"2,55 €","(12,14 € / Kg)",
Ach Brito Sabonete de Limão embalagem 160 g,Ach Brito,,"2,19 €","(13,69 € / Kg)",
Vidal Gomas Fatias de Melancia embalagem 100 g,Vidal,,"1,39 €","(13,90 € / Kg)",
Luxardo Aperitivo garrafa 70 cl,Luxardo,,"13,75 €","(19,64 € / Litro)",
OGX Champô Óleo de Argão embalagem 385 ml,OGX,,"7,99 €","(221,94 € / Litro)",
El Corte Inglés Crackers Integrais embalagem 200 g,El Corte Inglés,,"0,79 €","(3,95 € / Kg)",
Dal Forno Panettone embalagem 500 g,Dal Forno,,"6,99 €","(13,98 € / Kg)",
Yukibio Crackers com Curgete e Gengibre Bio embalagem 200 g,Yukibio,,"3,99 €","(19,95 € / Kg)",
Semear Doce de Framboesa e Manjericão frasco 200 g,Semear,,"5,89 €","(29,45 € / Kg)",
Sipsmith Dry Gin garrafa 70 cl,Sipsmith,,"38,99 €","(55,70 € / Litro)",
"Fanta Refrigerante de Maracujá com Gás sem Adição de Açúcar garrafa 1,5 L",Fanta,,"1,89 €","(1,26 € / Litro)",
Ultra Suave Delicadeza de Aveia Champô Apaziguante Hipoalergénico para Cabelo e Couro Cabeludo Delicados Ecopack embalagem 500 ml,Ultra Suave Delicadeza de Aveia,,"4,99 €","(9,98 € / Litro)",
Jean L David Enrolador de Pestanas embalagem 1 unidade,Jean L David,,"4,75 €","(4,75 € / Unidade)",
Florette Salada Canónigos + Rúcula embalagem 100 g,Florette,,"1,99 €","(19,90 € / Kg)",
Mimosa Aroma Iogurte Liquido de Banana Leve 6 Pague 4 embalagem 151 ml,Mimosa Aroma,,"2,09 €","(13,84 € / Litro)",
Sonatural Sumo de Limão e Hortelã embalagem 250 ml,Sonatural,,"1,99 €","(7,96 € / Litro)",
Nivea Men Deep Desodorizante Dry & Clean Spray embalagem 150 ml,Nivea Men Deep,,"4,69 €","(31,27 € / Litro)",
Açores Doce de Goiaba Vermelha frasco 230 g,Açores,,"4,15 €","(18,04 € / Kg)",
Nutribén Fruta&Go Iogurte Natural Banana e Morango desde os 12 Meses embalagem 90 g,Nutribén Fruta&Go,,"1,19 €","(13,22 € / Kg)",
"Innocent Smoothie Azulmenta de Goiaba, Ananás, Maçã, Sepirulina e Vitaminas garrafa 300 ml",Innocent,,"2,29 €","(7,63 € / Litro)",
Frutidry Tâmaras Medjoul embalagem 250 g,Frutidry,,"5,99 €","(23,96 € / Kg)",
Prozis Frango Tandoori com Arroz High Protein embalagem 375 g,Prozis,,"5,99 €","(15,97 € / Kg)",
Doritos Snack de Milho com Sabor a Queijo Tex-Mex embalagem 120 g,Doritos,,"1,65 €","(13,75 € / Kg)",
Diálogo Vinho Branco do Douro garrafa 75 cl,Diálogo,,"6,75 €",(9 € / Litro),
Hansaplast Banda Green & Protect embalagem 10 unidades,Hansaplast,,"2,99 €","(0,30 € / Unidade)",
Marufa Vinho Tinto do Tejo garrafa 75 cl,Marufa,,"6,49 €","(8,65 € / Litro)",
Neo Blanc Gentil Lixívia para a Roupa a Cores e Delicada 2 L,Neo Blanc Gentil,,"4,09 €","(2,04 € / Litro)",
Ubago Fígado de Bacalhau Fumado lata 115 g,Ubago,,"3,75 €","(32,61 € / Kg)",
Embaré Caramelos de Leite embalagem 150 g,Embaré,,"1,19 €","(7,93 € / Kg)",
Seeberger Mistura de Nozes e Passas Luxury embalagem 150 g,Seeberger,,"4,39 €","(29,27 € / Kg)",
Delta Mistura Solúvel de Cereais+Café frasco 200 g,Delta,,"4,09 €","(20,45 € / Kg)",
Ferrero Rocher Gelado Dark 4 unidades embalagem 280 ml,Ferrero Rocher,,"4,85 €","(17,32 € / Litro)",
Nestlé Pensal 100% Cevada frasco 200 g,Nestlé Pensal,,"2,59 €","(12,95 € / Kg)",
Renova Fraicheur Papel Higiénico Humedecido 12 unidades,Renova Fraicheur,,"1,32 €","(0,11 € / Unidade)",
Aliada Rosquilhas Integrais embalagem 180 g,Aliada,,"1,65 €","(9,17 € / Kg)",
Gelpeixe Folhado de Bacalhau e Espinafres 2 Unidades embalagem 300 g,Gelpeixe,,"3,99 €","(13,30 € / Kg)",
Pronto Óleo de Cedro 250 ml,Pronto,,"3,59 €","(10,76 € / Litro)","3,59 €"
Cigala Arroz Basmati Brajma embalagem 1 kg,Cigala,,"2,94 €","(2,94 € / Kg)",
Pato Discos Ativos Lavanda Recarga embalagem 36 ml,Pato,,"4,49 €","(124,72 € / Litro)",
Paltsidis Paté de Tamâra com Ovas de Bacalhau embalagem 00200 g,Paltsidis,,"3,39 €","(16,95 € / Kg)",
Mercurochrome Penso Waterproof embalagem 10 unidades,Mercurochrome,,"6,99 €","(0,70 € / Unidade)",
Espiga Alho e Piripiri frasco 48 g,Espiga,,"2,39 €","(49,79 € / Kg)",
Danone Oikos Iogurte Ligeiro de Morango Pack 4 unidades embalagem 100 g,Danone Oikos,,"2,99 €","(5,98 € / Kg)","2,99 €"
Tipiak Couscous com Especiarias embalagem 250 g,Tipiak,,"2,98 €","(11,92 € / Kg)",
Buondi Café Extreme para Nespresso embalagem 10 cápsulas,Buondi,,"3,79 €","(0,38 € / Unidade)",
El Corte Inglés Bolo Tipo Caseiro embalagem 250 g,El Corte Inglés,,"2,39 €","(9,56 € / Kg)",
Bonduelle Grelos Natur + embalagem 400 g,Bonduelle,,"2,24 €","(5,60 € / Kg)",
Santiveri Tostas com Lentilhas Bio Vegan embalagem 100 g,Santiveri,,"2,69 €","(26,90 € / Kg)",
El Corte Inglés Pepinos Pequenos em Vinagre com Sabor a Anchova frasco 250 g,El Corte Inglés,,"2,35 €","(9,40 € / Kg)",
Quinta de Cabriz Vinho Tinto do Dão Touriga Nacional garrafa 75 cl,Quinta de Cabriz,,"8,99 €","(11,99 € / Litro)",
Alara Papas de Aveia Escocesa sem Glúten Biológicas embalagem 500 g,Alara,,"11,35 €","(22,70 € / Kg)",
Terras do Avô Vinho Branco da Madeira DOP garrafa 75 cl,Terras do Avô,,"13,65 €","(18,20 € / Litro)",
Gullón Digestive Bolachas Digestivas de Aveia e Laranja com Pepitas de Chocolate embalagem 280 g,Gullón Digestive,,"2,95 €","(10,54 € / Kg)",
Glade Ambientador Sense&Spray Baunilha Recarga embalagem 18 ml,Glade,,"5,99 €","(332,78 € / Litro)",
Ruffles Batatas Fritas com Sabor a Presunto sem Glúten embalagem 295 g,Ruffles,,"2,99 €","(7,59 € / Kg)","2,99 €"
Baygon Insecticida para Moscas Mosquitos e Melgas spray 400 ml,Baygon,,"4,39 €","(10,98 € / Litro)",
Creme de Legumes sem Batata 1 unidade,,,"2,75 €",,
Maheso Baguetinas 4 Unidades embalagem 500 g,Maheso,,"2,89 €","(5,78 € / Kg)",
Ben & Jerry's Gelado Caramelo Brownie Party embalagem 465 ml,Ben & Jerry's,,"6,79 €","(14,60 € / Litro)",
Ambre Solaire Leite Autobronzeador Hidratante Rosto e Corpo embalagem 150 ml,Ambre Solaire,,"12,99 €","(86,60 € / Litro)",
Vasco da Gama Sardinhas Portuguesas em Tomate lata 120 g,Vasco da Gama,,"1,19 €","(9,92 € / Kg)",
Vasenol Intensive Care Loção para o Corpo Recuperação Avançada embalagem 200 ml,Vasenol Intensive Care,,"3,99 €","(19,95 € / Litro)",
El Corte Inglés Spaghetti al Nero di Seppia embalagem 500 g,El Corte Inglés,,"2,99 €","(5,98 € / Kg)",
Veet For Men Creme Depilatório para Axilas Roll-On embalagem 100 ml,Veet For Men,,"7,99 €","(79,90 € / Litro)",
Renova Papel Higiénico Reciclado Embalado em Papel embalagem 4 unidades,Renova,,"2,49 €","(0,62 € / Unidade)",
Paiva Queijo Curado sem Lactose unidade 275 g,Paiva,,"4,75 €","(17,27 € / Kg)",
Boulgour Granel Biológico,,,"3,99 €/kg",,
Nestlé Maggi Puré de Batata embalagem 250 g,Nestlé Maggi,,"2,49 €","(9,96 € / Kg)",
Labeyrie Bloc de Foie Gras de Pato em Porções embalagem 190 g,Labeyrie,,"27,99 €","(147,32 € / Kg)",
El Corte Inglés Café Torrado em Monodoses embalagem 32 pastilhas,El Corte Inglés,,"2,39 €","(10,67 € / Kg)",
Ajax Limpa-Vidros embalagem 500 ml,Ajax,,"3,49 €","(6,98 € / Litro)",
Pasta do Dia Massa Folhada sem Glúten embalagem 280 g,Pasta do Dia,,"3,39 €","(12,11 € / Kg)",
Veckia Escova para Dentes Sensíveis embalagem 1 unidade,Veckia,,"1,45 €","(1,45 € / Unidade)",
Saitaku Mistura para Tempura embalagem 150 g,Saitaku,,"3,19 €","(21,27 € / Kg)",
Florette Salada Completa César com Frango e Queijo embalagem 205 g,Florette,,"3,79 €","(18,49 € / Kg)",
Garnier Color Sensation Coloração Permanente Intensa Nº 110 Louro Extra Claro embalagem 1 unidade,Garnier Color Sensation,,"8,85 €","(8,85 € / Unidade)",
QMF Espumante Bruto garrafa 75 cl,QMF,,"6,59 €","(8,79 € / Litro)",
Old El Paso 8 Tortilhas Pocket embalagem 223 g,Old El Paso,,"4,01 €","(17,98 € / Kg)",
Margão Segredos Mistura para Peixe frasco 39 g,Margão Segredos,,"2,89 €","(78,11 € / Kg)",
Gourmet Carne Maturada Picanha Peso Aproximado por 200 g,Gourmet Carne Maturada,,"4,19 €","(20,95 € / Kg)",
Glade Ambientadpr Eléctrico AromaterapiaPure Happiness embalagem 20 ml,Glade,,"9,99 €","(499,50 € / Litro)",
Nestlé Corn Flakes Cereais de Milho sem Glúten embalagem 375 g,Nestlé,,"2,99 €","(7,97 € / Kg)",
Jubileu Avelãs Cobertas com Chocolate lata 460 g,Jubileu,,"17,06 €","(37,09 € / Kg)",
Doces D'Aveiro Bolos Vareiras embalagem 150 g,Doces D'Aveiro,,"2,49 €","(16,60 € / Kg)",
"Nestlé Cerelac Seleção da Natureza Papa Infantil com Aveia, Manga e Banana desde 6 Meses embalagem 240 g",Nestlé Cerelac Seleção da Natureza,,"3,49 €","(14,54 € / Kg)",
Aliada Tomate Frito frasco 550 g,Aliada,,"1,39 €","(2,53 € / Kg)",
Quinta dos Currais Vinho Branco da Beira Interior Colheita Seleccionada garrafa 75 cl,Quinta dos Currais,,"5,49 €","(7,32 € / Litro)",
La Piara Paté de Fígado de Porco lata 75 g,La Piara,,"1,49 €","(19,87 € / Kg)",
Quinta de São Francisco Vinho Tinto de Óbidos garrafa 75 cl,Quinta de São Francisco,,"7,95 €","(10,60 € / Litro)",
La Piara Paté de Atum em Óleo lata 82 g,La Piara,,"1,65 €",(22 € / Kg),
Tulipán Negro Desodorizante Algodão e Talco Roll-On embalagem 50 ml,Tulipán Negro,,"3,69 €","(73,80 € / Litro)",
Palette Coloração Permanente Nº 5.6 Castanho Caramelo embalagem 1 unidade,Palette,,"5,99 €","(5,99 € / Unidade)",
El Corte Inglés Selection Smoothie de Maçã e Frutas do Bosque embalagem 250 ml,El Corte Inglés Selection,,"1,09 €","(4,36 € / Litro)",
Tetley Super Tea Infusão Immune de Fruta com Limão e Gengibre com Vitamina C embalagem 20 unidades,Tetley Super Tea,,"2,95 €","(0,15 € / Unidade)",
"Landana Queijo Gouda Wasabi Peso Aproximado por unidade 4,5 kg",Landana,,"26,49 €/kg",,
Sabita Pasta Kerala embalagem 40 g,Sabita,,"1,99 €","(49,75 € / Kg)",
Primeira Folha Ervilha Germinada embalagem 30 g,Primeira Folha,,"2,99 €","(99,67 € / Kg)",
Paulsen Chucrute com Vinho Branco lata 810 g,Paulsen,,"2,55 €","(3,15 € / Kg)",
Freixenet Espumante Meio Seco Ice Rosé garrafa 75 cl,Freixenet,,"9,99 €","(13,32 € / Litro)",
Codyfer Toalhitas Limpa Calçado Desportivo 35 unidades,Codyfer,,"4,29 €","(0,12 € / Unidade)",
Opivm Gin Passion Fruit garrafa 70 cl,Opivm,,"18,95 €","(27,07 € / Litro)",
Milaneza Esparguete Nº 7 embalagem 500 g,Milaneza,,"1,99 €","(3,98 € / Kg)",
Salutem Flocos de Aveia Integral embalagem 375 g,Salutem,,"0,99 €","(2,64 € / Kg)",
Pardo Sabonete Natural de Glicerina e Aloe Vera pack 375 g,Pardo,,"3,49 €","(1,16 € / Unidade)",
El Corte Inglés Queijo de Azeião DOP unidade 240 g,El Corte Inglés,,"6,69 €","(27,88 € / Kg)",
Casal da Eira Vinho Tinto de Mesa embalagem 1 L,Casal da Eira,,"1,69 €","(1,69 € / Litro)",
Cockburn's Vinho do Porto Tawny garrafa 75 cl,Cockburn's,,"6,49 €","(8,65 € / Litro)",
Cavendish & Harvey Rebuçados de Menta lata 200 g,Cavendish & Harvey,,"3,09 €","(15,45 € / Kg)",
Quinta D' Avó Piri-Piri Extra Forte frasco 90 g,Quinta D' Avó,,"1,25 €","(13,89 € / Kg)",
Sadiva Hambúrguer Vegetal ao Estilo de Carne sem Lactose e sem Glúten Pack 2 embalagem 110 g,Sadiva,,"4,99 €","(22,68 € / Kg)",
Huercasa Beterraba Vermelha Cozida embalagem 500 g,Huercasa,,"1,29 €","(2,58 € / Kg)",
Picagrill Cubitos Tostados com Tomate e Oregãos embalagem 75 g,Picagrill,,"1,19 €","(15,87 € / Kg)",
Eci Selection Farfilato com 33% de Ovo Fresco embalagem 250 g,Eci Selection,,"1,99 €","(7,96 € / Kg)",
Safari Licor Exótico de Fruta garrafa 70 cl,Safari,,"17,99 €","(25,70 € / Litro)",
Monte Cascas Vinho Tinto do Alentejo garrafa 75 cl,Monte Cascas,,"6,99 €","(9,32 € / Litro)",
Côvo Queijo Regional Aperitivo Pack 3 unidade 225 g,Côvo,,"8,59 €","(38,18 € / Kg)",
Raposeira Espumante Reserva Doce garrafa 75 cl,Raposeira,,"8,39 €","(11,19 € / Litro)",
Heinz Maionese com Cebola e Alho Top Down embalagem 400 ml,Heinz,,"3,79 €","(9,48 € / Litro)",
A Vaca Que Ri Queijo Fundido Palitos embalagem 140 g,A Vaca Que Ri,,"2,29 €","(16,36 € / Kg)",
Dodot Fraldas Bebé Seco Tamanho 2 embalagem 44 unidade,Dodot,,"9,99 €","(0,23 € / Unidade)",
Copa Sumo Natural de Maçã embalagem 750 ml,Copa,,"2,29 €","(3,05 € / Litro)",
Giz Vinho Branco da Bairrada Vinhas Velhas garrafa 75 cl,Giz,,"24,90 €","(33,20 € / Litro)",
Nestlé Extrafino Chocolate de Leite com Avelãs sem Glúten embalagem 123 g,Nestlé Extrafino,,"1,89 €","(15,37 € / Kg)",
Ferbar Feijão Encarnado Cozido com Pouco Sal lata 420 g,Ferbar,,"1,29 €","(3,07 € / Kg)",
Nestlé Fitness Barras de Cereais de Trigo Integral com Morango Pack 6 embalagem 141 g,Nestlé Fitness,,"3,59 €","(25,46 € / Kg)",
Penha Rebuçados com Recheio de Mel embalagem 100 g,Penha,,"1,65 €","(16,50 € / Kg)",
Cristal Gourmet Vinagre de Romã Biológico embalagem 250 ml,Cristal Gourmet,,"3,19 €","(12,76 € / Litro)",
Frutidry Caju Frito com Sal embalagem 200 g,Frutidry,,"3,99 €","(19,95 € / Kg)",
Farcedo Chouriço em Fatias unidade 100 g,Farcedo,,"1,99 €","(19,90 € / Kg)",
Iglo Lombos de Pescada 4 Unidades embalagem 400 g,Iglo,,"4,59 €","(11,48 € / Kg)",
Cavacas das Caldas Bolachas Wafer de Baunilha embalagem 300 g,Cavacas das Caldas,,"2,69 €","(8,97 € / Kg)",
Ferraton Père e Fils Vinho Tinto Francês Cozes - Hermitage Les Pichères garrafa 75 cl,Ferraton Père e Fils,,25 €,"(33,33 € / Litro)",
Sanytol Sabonete Líquido para as Mãos Desinfectante Hidratante com Aloe Vera embalagem 250 ml,Sanytol,,"4,19 €","(16,76 € / Litro)",
Denim Black Desodorizante Spray embalagem 150 ml,Denim Black,,"4,80 €",(32 € / Litro),
Nestlé Nesquik Batido de Chocolate Shake embalagem 180 ml,Nestlé Nesquik,,"1,60 €","(8,89 € / Litro)",
Dani Berbigão Pequeno ao Natural embalagem 90 g,Dani,,"4,19 €","(46,56 € / Kg)",
Gillette Series Gel de Barbear com Aloe Vera para Pele Sensível embalagem 200 ml,Gillette Series,,"3,19 €","(15,95 € / Litro)",
El Corte Inglés Selection Torrão de Gema Tostada embalagem 400 g,El Corte Inglés Selection,,"8,29 €","(27,63 € / Kg)",
Maggi Noodles Fusion India embalagem 130 g,Maggi,,"1,99 €","(15,31 € / Kg)",
Woolite Detergente Líquido Protecção de Roupa Escura embalagem 72 doses,Woolite,,"29,99 €","(0,42 € / Dose)",
Abacate Hass Biológico 350 g,,,"3,09 €","(8,83 € / Kg)",
Suchard Torrão de Chocolate com Oreo embalagem 260 g,Suchard,,"4,55 €","(17,50 € / Kg)",
Lugrade Lombos de Bacalhau Demolhados embalagem 600 g,Lugrade,,"18,99 €","(31,65 € / Kg)",
Margão Cravinho em Grão embalagem 22 g,Margão,,"1,79 €","(81,36 € / Kg)",
Pittjes Amendoins Tostados com Sal lata 200 g,Pittjes,,"2,19 €","(10,95 € / Kg)",
Delaviuda Figuras de Maçapão sem Açúcar embalagem 200 g,Delaviuda,,"4,33 €","(21,65 € / Kg)",
Montaraz Presa de Porco Preto em Skin embalagem 250 g,Montaraz,,"6,99 €","(27,96 € / Kg)",
Quinta da Garrida Vinho Tinto do Dão Reserva garrafa 75 cl,Quinta da Garrida,,"7,99 €","(10,65 € / Litro)",
Capdevila Paté com Pimenta Verde unidade 100 g,Capdevila,,"1,79 €","(17,90 € / Kg)",
Carley's Creme de Sésamo Tahini para Barrar Biológico frasco 250 g,Carley's,,"7,59 €","(30,36 € / Kg)",
Nivea Body Milk Loção para Corpo Cacau 48h Pele Seca embalagem 250 ml,Nivea Body Milk,,"5,49 €","(21,96 € / Litro)",
Color Silk Coloração Permanente Nº 80 Louro Claro embalagem 1 unidade,Color Silk,,"6,95 €","(6,95 € / Unidade)",
Montiqueijo Queijo Curado de Vaca embalagem 95 g,Montiqueijo,,"2,09 €","(0,02 € / Unidade)",
Vileda Luvas Descartáveis M/G embalagem 100,Vileda,,"19,99 €","(0,10 € / Unidade)","19,99 €"
Sandeman Vinho do Porto Old Tawny 20 anos garrafa 75 cl,Sandeman,,"44,99 €","(59,99 € / Litro)",
Herbas Infusão de Tomilho e Limão Bio embalagem 24 g,Herbas,,"3,95 €","(164,58 € / Kg)",
Virgílio de Sousa Espumante Bruto garrafa 75 cl,Virgílio de Sousa,,"34,50 €",(46 € / Litro),
El Corte Inglés Selection Grão Cozido Extra frasco 200 g,El Corte Inglés Selection,,"0,70 €","(3,50 € / Kg)",
V de Valpaços Vinho Tinto de Trás-os-Montes Reserva garrafa 75 cl,V de Valpaços,,"12,35 €","(16,47 € / Litro)",
Carina Miniaturas Pastéis de Chaves 12 Unidades embalagem 300 g,Carina,,"4,59 €","(15,30 € / Kg)",
Lola Condicionador Ondulados embalagem 500 ml,Lola,,"14,99 €","(29,98 € / Litro)",
Cecinas Pablo Cecina Curada Extra sem Glúten,Cecinas Pablo,,"34,98 €/kg",,
Espiga Coentros Folha embalagem 10 g,Espiga,,"1,09 €",(109 € / Kg),
Lee Kum Kee Molho de Feijão Preto e Alho frasco 368 g,Lee Kum Kee,,"4,49 €","(12,20 € / Kg)",
Glamour Pincel Sobrancelhas embalagem 1 unidade,Glamour,,"5,95 €","(5,95 € / Unidade)",
Desidrata Abacaxi Desidratado sem Glúten Biológico embalagem 30 g,Desidrata,,"3,95 €","(131,67 € / Kg)",
Delta Café em Grão Lote Superior embalagem 1 kg,Delta,,"15,49 €","(15,49 € / Kg)",
Pantene Miracles Condicionador Crescimento com Força com Bambu embalagem 200 ml,Pantene Miracles,,"5,99 €","(29,95 € / Litro)",
Garcia Baquero Queijo Creme de Cabra embalagem 125 g,Garcia Baquero,,"1,65 €","(13,20 € / Kg)",
Cru Chips Sticks de Fuet de Porco unidade 30 g,Cru Chips,,"1,49 €","(49,67 € / Kg)",
Mestemacher Pão com Linhaça Dourada Biológico embalagem 350 g,Mestemacher,,"2,59 €","(7,40 € / Kg)",
Monte das Servas Vinho Branco do Alentejo Escolha garrafa 75 cl,Monte das Servas,,"5,49 €","(7,32 € / Litro)",
Trinca Bolotas Vinho Tinto do Alentejo garrafa 75 cl,Trinca Bolotas,,"6,99 €","(9,32 € / Litro)",
+ Cru Pão Cru de Cebola Biológico embalagem 100 g,+ Cru,,"3,99 €","(39,90 € / Kg)",
Koala Leite de Coco Condensado 100% Vegetal lata 490 g,Koala,,"3,35 €","(6,84 € / Kg)",
Cavalle Café Descafeinado Biológico embalagem 100 g,Cavalle,,"8,45 €","(84,50 € / Kg)",
"Tomate Chucha Peso Aproximado por cuvete 1,2 kg",,,"4,79 €","(3,99 € / Kg)",
Chipicao Maxi Croissant Recheado com Chocolate embalagem 80 g,Chipicao Maxi,,"1,19 €","(14,88 € / Kg)",
Nivea Men Hyaluron Bálsamo After-Shave Anti-Idade embalagem 100 ml,Nivea Men Hyaluron,,"8,99 €","(89,90 € / Litro)",
Gliss Hair Repair Condicionador para Cabelo Muito Estragado Spray embalagem 200 ml,Gliss Hair Repair,,"7,59 €","(37,95 € / Litro)",
"Shoyce Bebida de Avelã 0% Açúcares, sem Lactose e sem Glúten embalagem 1 L",Shoyce,,"2,39 €","(2,39 € / Litro)",
Lima & Quental Licor de Tangerina garrafa 70 cl,Lima & Quental,,"13,95 €","(19,93 € / Litro)",
Magnum Gelado de Chocolate Branco e Cookies embalagem 440 ml,Magnum,,"5,99 €","(13,61 € / Litro)",
Triunfo Pim's Bolachas Recheadas de Laranja embalagem 150 g,Triunfo Pim's,,"1,99 €","(13,27 € / Kg)",
"Nestlé Brasa Cevada, Chicória e Centeio frasco 200 g",Nestlé Brasa,,"1,95 €","(9,75 € / Kg)",
Villar Lombo Curado unidade 320 g,Villar,,"9,95 €","(31,09 € / Kg)",
Damatta Presunto Supremos em Fatias Pack 2 embalagem 75 g,Damatta,,"5,15 €","(34,33 € / Kg)",
Brimi Ricotta Biológico embalagem 200 g,Brimi,,"3,39 €","(16,95 € / Kg)",
Cimarrom Farinha de Mandioca embalagem 500 g,Cimarrom,,"1,85 €","(3,70 € / Kg)",
Malagueta Carolina Reaper embalagem 50 g,,,"6,99 €","(139,80 € / Kg)",
Yopro Mousse Proteína sabor Chocolate e Caramelo Salgado embalagem 200 g,Yopro,,"2,74 €","(13,70 € / Kg)",
Bonne Maman Doce de Frutos Vermelhos Intenso frasco 335 g,Bonne Maman,,"3,49 €","(10,42 € / Kg)",
Jean Louis David Pente de Ripar Grande embalagem 1 unidade,Jean Louis David,,"5,09 €","(5,09 € / Unidade)",
Vinha da Urze Vinho Tinto do Douro garrafa 75 cl,Vinha da Urze,,"4,65 €","(6,20 € / Litro)",
Casa do Porco Preto Paio de Porco Ibérico Bolota em Fatias embalagem 80 g,Casa do Porco Preto,,"3,99 €","(49,88 € / Kg)",
Nestlé Chocolate Lion Peanut Pack 5 unidades embalagem 31 g,Nestlé,,"2,99 €","(96,45 € / Kg)",
Lactiser Queijo de Ovelha Curado Seco unidade 500 g,Lactiser,,"9,75 €","(19,50 € / Kg)",
Gullón Bolachas Maria Integrais embalagem 200 g,Gullón,,"1,35 €","(6,75 € / Kg)",
Babaria Acetona Pura embalagem 200 ml,Babaria,,"2,29 €","(11,45 € / Litro)",
Iswari Despertar de Buda Manga e Baobab Biológica embalagem 360 g,Iswari Despertar de Buda,,"9,79 €","(27,19 € / Kg)",
El Corte Inglés Rebuçados de Mel e Limão sem Açúcar sem Glúten embalagem 125 g,El Corte Inglés,,"1,19 €","(9,52 € / Kg)",
Fiore di Puglia Aperitivo Taralli Mediterrâneo de Tomate e Oregãos embalagem 250 g,Fiore di Puglia,,"2,69 €","(10,76 € / Kg)",
Próvida Farinha de Alfarroba Biológica embalagem 250 g,Próvida,,"2,69 €","(10,76 € / Kg)",
Knorr Tempero em Pó de Galinha embalagem 135 g,Knorr,,"3,99 €","(29,56 € / Kg)",
Salutem Trigo Integral com Mel embalagem 250 g,Salutem,,"2,49 €","(9,96 € / Kg)",
Lenor Unstoppables Aditivo Perfumado em Pérolas Dreams embalagem 210 g,Lenor Unstoppables,,"10,99 €","(52,33 € / Kg)",
El Chico Panceta com Ervas Finas sem Lactose e sem Glúten embalagem 150 g,El Chico,,"4,15 €","(27,67 € / Kg)",
Graham's Vinho do Porto 10 Anos garrafa 75 cl,Graham's,,"22,95 €","(30,60 € / Litro)",
Naturefoods Ervilhas Biológicas frasco 350 g,Naturefoods,,"2,10 €",(6 € / Kg),
Martiko Bombons de Foie Gras de Pato com Crocante de Amêndoa embalagem 80 g,Martiko,,"9,99 €","(124,88 € / Kg)",
Montanheira Paio do Cachaço de Porco Preto unidade 200 g,Montanheira,,"10,99 €","(54,95 € / Kg)",
Nova Classe Palhinhas Vermelho e Branco embalagem 20 unidades,Nova Classe,,"1,99 €","(0,10 € / Unidade)",
Magabel Chá Hortelã Pimenta embalagem 50 g,Magabel,,"1,25 €",(25 € / Kg),
Lindamccartney Hambúrguer Maxi Vegan embalagem 227 g,Lindamccartney,,"4,69 €","(20,66 € / Kg)",
Ahumados Dominguez Salmão Fumado Inteiro Suprême kg,Ahumados Dominguez,,"99,50 €/kg",,
Galbani Queijo Ralado Paesano embalagem 80 g,Galbani,,"1,79 €","(22,38 € / Kg)",
Nestlé Cerelac Papa Infantil Não Láctea 8 Cereais e Mel embalagem 250 g,Nestlé Cerelac,,"2,55 €","(10,20 € / Kg)",
Renova Skin Care Discos de Aleitação embalagem 50 unidades,Renova Skin Care,,"4,99 €","(0,08 € / Unidade)","4,99 €"
Vidal Gomas Dulcitor de Morango embalagem 100 g,Vidal,,"1,39 €","(13,90 € / Kg)",
Yoggi Iogurte Líquido de Ananás e Coco Pack 4 embalagem 160 g,Yoggi,,"2,09 €","(3,27 € / Kg)",
Dom Martinho Conjunto Dois Vinhos Tinto do Alentejo garrafa 75 cl,Dom Martinho,,"11,98 €","(7,99 € / Litro)",
Nacional Farinha Especial para Pizza embalagem 1 kg,Nacional,,"1,85 €","(1,85 € / Kg)",
Citadelle Gin Reserve garrafa 70 cl,Citadelle,,"39,90 €",(57 € / Litro),
Danone Activia Iogurte Líquido de Framboesa e Romã Pack 4 embalagem 160 g,Danone Activia,,"1,99 €","(3,11 € / Kg)",
Iglo Filetes Primavera de Limão com Pimenta 2 Unidades embalagem 225 g,Iglo,,"4,99 €","(22,18 € / Kg)",
Quinta do Cume Vinho Branco do Douro Reserva garrafa 75 cl,Quinta do Cume,,"13,99 €","(18,65 € / Litro)",
Azeitona Gordal Recheada com Pimentos e Biqueirão,,,"39,69 €/kg",,
Ramirez Atum ao Natural lata 120 g,Ramirez,,"1,69 €","(14,08 € / Kg)",
Desperados Cerveja de França Tequilla Pack 6 garrafa 33 cl,Desperados,,"7,95 €","(4,02 € / Litro)",
"Trina Zero Refrigerante de Maçã sem Gás garrafa 1,5 L",Trina Zero,,"2,15 €","(1,43 € / Litro)",
Cornetto Gelado de Morango Pack 6 embalagem 90 ml,Cornetto,,"4,99 €","(9,24 € / Litro)",
Heidel Chocolate 3D Astronauta tablete 100 g,Heidel,,"5,95 €","(59,50 € / Kg)",
"Evian Água sem Gás garrafa 1,5 L",Evian,,"1,79 €","(1,19 € / Litro)",
Grand-Mère Paté de Pato com Porto Fatia Grande embalagem 125 g,Grand-Mère,,"1,99 €","(15,92 € / Kg)",
Pastoret Iogurte Artesanal Grego embalagem 125 g,Pastoret,,"0,85 €","(6,80 € / Kg)",
La Antigua Queijo de Ovelha Añejo Peso Aproximado por unidade 6 kg,La Antigua,,"28,59 €/kg",,
Casal Garcia Vinho Verde Branco garrafa 75 cl,Casal Garcia,,"4,19 €","(5,59 € / Litro)",
D. Graça Vinho Branco do Douro Rabigato garrafa 75 cl,D. Graça,,"9,99 €","(13,32 € / Litro)",
Gliss Liso Asiático Condicionador para Cabelo Firsado e Rebelde com Essências de Bamboo e Orquídia embalagem 200 ml,Gliss Liso Asiático,,"4,99 €","(24,95 € / Litro)",
Kerel Cerveja Grapefruit garrafa 33 cl,Kerel,,"3,55 €","(10,76 € / Litro)",
Folhado de Salsicha e Fiambre unidade 120 g,,,"0,90 €","(0,90 € / Unidade)",
Fumeiro da Gardunha Morcela de Arroz do Fundão unidade 200 g,Fumeiro da Gardunha,,"2,99 €","(14,95 € / Kg)",
Vanish Mousse Activa Limpeza Carpetes embalagem 600 ml,Vanish,,"8,99 €","(14,98 € / Litro)",
Shoyce Bebida de Soja Proteína de Chocolate 0% Lactose embalagem 200 ml,Shoyce,,"1,09 €","(5,45 € / Litro)",
Humydry Ambientador Anti-Humidade Lavanda Recarga embalagem 500 g,Humydry,,"5,49 €","(10,98 € / Kg)",
Dove Gel de Banho Nature Coco & Amênoda embalagem 400 ml,Dove,,"2,39 €","(5,98 € / Litro)",
Fabs Bolacha de Chocolate Leite Origin México embalagem 150 g,Fabs,,"2,89 €","(19,27 € / Kg)",
+ Cru Granola Crua com Gengibre e Laranja Biológica embalagem 300 g,+ Cru,,"7,15 €","(23,83 € / Kg)",
Naturefoods Sementes de Girassol Descascadas Biológicas embalagem 250 g,Naturefoods,,"1,65 €","(6,60 € / Kg)",
Atlantis Vinho Rosé da Madeira garrafa 75 cl,Atlantis,,"8,15 €","(10,87 € / Litro)",
Smint Rebuçados de Limão sem Açúcar Pack 2 embalagem 60 g,Smint,,"3,69 €","(61,50 € / Kg)",
Vila das Rainhas Licor de Ginja Extra garrafa 70 cl,Vila das Rainhas,,"13,49 €","(19,27 € / Litro)",
Izidoro Salsichas de Aves frasco 8 unidades,Izidoro,,"4,75 €","(0,59 € / Unidade)",
L' Arbre Vert Spray Desengordurante Multiusos Ecológico embalagem 740 ml,L' Arbre Vert,,"3,99 €","(5,39 € / Litro)",
Berchtesgadener Land Queijo Creme Quark Biológico embalagem 250 g,Berchtesgadener Land,,"1,89 €","(7,56 € / Kg)",
Frip Selecção Lagosta Selvagem de Moçambique 4 Unidades embalagem 800 g,Frip Selecção,,"43,99 €","(54,99 € / Kg)",
Nestlé Chocolate Preto com Amêndoas Inteiras embalagem 150 g,Nestlé,,"2,99 €","(19,93 € / Kg)",
Nestlé Chocolate Negro L'Ateli de Caramelo Salgado embalagem 115 g,Nestlé,,"2,65 €","(23,04 € / Kg)",
Peito para Churrasco de Vitela Barrosã DOP Peso Aproximado por cuvete 400 g,,,"5,58 €","(13,95 € / Kg)",
Buitoni Massa para Empadas embalagem 160 g,Buitoni,,"1,25 €","(7,81 € / Kg)",
Dove Go Fresh Desodorizante Açaí e Nenúfar Roll-On embalagem 50 ml,Dove Go Fresh,,"2,79 €","(55,80 € / Litro)",
Cem Porcento Flocos de Aveia Integrais Biológicos embalagem 400 g,Cem Porcento,,"1,49 €","(3,72 € / Kg)",
Alpro Bebida de Soja de Banana Pack 3 embalagem 250 ml,Alpro,,"2,29 €","(2,39 € / Litro)","2,29 €"
"Bicentury Tortitas de Milho com Azeite e Cebola embalagem 123,5 g",Bicentury,,"2,49 €","(20,16 € / Kg)",
Nestlé Maggi Noodles Pasta Oriental Vitela embalagem 71 g,Nestlé Maggi,,"0,99 €","(13,94 € / Kg)",
Ferrarini Guanciale com Pepperoni kg,Ferrarini,,"21,99 €/kg",,
Pantagruel Chocolate para Culinária 85% Cacau sem Glúten embalagem 200 g,Pantagruel,,"3,09 €","(15,45 € / Kg)",
Greens Mistura Chinesa embalagem 450 g,Greens,,"1,59 €",(0 € / Kg),
Pantene Shampoo Hydra embalagem 225 ml,Pantene,,"5,99 €","(26,62 € / Litro)",
Royal Salmão Fumado da Islândia embalagem 80 g,Royal,,"7,69 €","(96,12 € / Kg)",
"Maçã Pink Lady 80/85 Peso Aproximado por cuvete 1,3 kg",,,"5,19 €","(3,99 € / Kg)",
Mini Sanduíche Sortidas 8 Unidades embalagem 380 g,,,"5,95 €","(15,66 € / Kg)",
Alpro Bebida de Soja sem Açúcar embalagem 1 L,Alpro,,"1,99 €","(1,59 € / Litro)","1,99 €"
Quinta Vale do Ruivo Vinho Branco da Beira Interior garrafa 75 cl,Quinta Vale do Ruivo,,"8,95 €","(11,93 € / Litro)",
Snickers Snack de Chocolate Crisp Pack 4 embalagem 40 g,Snickers,,"3,19 €","(79,75 € / Kg)",
RTM Tábua de Queijo da Minha Terra unidade 200 g,RTM,,"8,79 €","(43,95 € / Kg)",
Greens Salsa embalagem 250 g,Greens,,"1,49 €","(5,96 € / Kg)",
Tipiak Quinoa embalagem 200 g,Tipiak,,"2,99 €","(14,95 € / Kg)",
Ausonia Cotton Protection Pensos Higiénicos com Abas 100% Orgânico Super embalagem 10 unidades,Ausonia Cotton Protection,,"2,99 €","(0,15 € / Unidade)",
Calem Vinho do Porto Datado 10 Anos garrafa 75 cl,Calem,,"17,99 €","(23,99 € / Litro)",
El Corte Inglés Ambientador Eléctrico Água de Colónia Infantil e Recarga embalagem 2 unidades,El Corte Inglés,,"3,75 €","(3,75 € / Unidade)",
Airwick Ambientador Freshmatic Lavanda Oásis e Delícias de Verão embalagem 250 ml,Airwick,,"17,79 €","(71,16 € / Litro)",
Safrina Tempero Natural com Açafrão para Paella embalagem 9 g,Safrina,,"2,85 €","(316,67 € / Kg)",
Lindt Bombons Lindor Duplo Leite kg,Lindt,,"111,00 €/kg",,
Frutidry Pistachos embalagem 200 g,Frutidry,,"4,99 €","(24,95 € / Kg)",
Nutrégi Iogurte Grego de Cereja Pack 2 embalagem 115 g,Nutrégi,,"1,69 €","(0,01 € / Kg)",
"Pescanova Barrinhas de Pescada Panada embalagem 1,2 kg",Pescanova,,"7,89 €","(6,58 € / Kg)",
L'Oréal Elvive Color Vive Champô Protector para Cabelo Pintado ou com Madeixas embalagem 690 ml,L'Oréal,,"9,99 €","(14,48 € / Litro)",
Nestlé Nestum Cereais Mel embalagem 300 g,Nestlé Nestum,,"2,59 €","(8,63 € / Kg)",
Freixo Vinho Branco do Alentejo Terroir garrafa 75 cl,Freixo,,"10,99 €","(14,65 € / Litro)",
El Corte Inglés Pano Microfibra Vidros e Espelhos embalagem 1 unidade,El Corte Inglés,,"1,30 €","(1,30 € / Unidade)",
Chablis Vinho Branco de França Chablis garrafa 75 cl,Chablis,,"16,45 €","(21,93 € / Litro)",
Semear Pasta de Azeitona frasco 125 g,Semear,,"4,55 €","(36,40 € / Kg)",
Super Bock Mini Cerveja Pack 20 garrafa 25 cl,Super Bock Mini,,"18,99 €","(3,80 € / Litro)",
Magnum Gelado Vegan de Amêndoas Pack 3 embalagem 90 ml,Magnum,,"4,99 €","(18,48 € / Litro)",
El Corte Inglés Cereais com Cacau sem Glúten embalagem 500 g,El Corte Inglés,,"1,69 €","(3,38 € / Kg)",
Gardiners Caramelos Fungde Animais da Quinta lata 200 g,Gardiners,,"11,95 €","(59,75 € / Kg)",
Adega Velha Aguardente Velha 12 Anos X.O. garrafa 50 cl,Adega Velha,,"42,99 €","(85,98 € / Litro)",
Fairy Detergente de Lavagem à Mão para Loiça Maxi Poder Original embalagem 440 ml,Fairy,,"3,45 €","(7,84 € / Litro)",
Milka Bolachas de Chocolate Finas embalagem 126 g,Milka,,"1,99 €","(15,79 € / Kg)",
Nestlé Fitness Barras de Cereais de Trigo Integral Crunchy Caramel Pack 6 embalagem 141 g,Nestlé Fitness,,"3,59 €","(25,46 € / Kg)",
Coslys Gel de Duche Aveia Suave embalagem 1 L,Coslys,,"15,50 €","(15,50 € / Litro)",
Outeiros Altos Vinho Tinto do Alentejo Talha Biológico garrafa 75 cl,Outeiros Altos,,"15,45 €","(20,60 € / Litro)",
Air Wick Double Fresh Ambientador Eléctrico Pack 2 x 19 ml Recarga embalagem 38 ml,Air Wick Double Fresh,,"11,89 €","(312,89 € / Litro)",
Nacional Raínha Farinha para Bolos embalagem 1 kg,Nacional Raínha,,"1,65 €","(1,65 € / Kg)",
Tullamore Dew Whisky Irlandês garrafa 70 cl,Tullamore Dew,,"15,19 €","(21,70 € / Litro)",
Pantene Máscara Hydra embalagem 160 ml,Pantene,,"6,59 €","(41,19 € / Litro)",
El Corte Inglés Noz Macadâmia Torrada embalagem 150 g,El Corte Inglés,,"6,99 €","(46,60 € / Kg)",
El Corte Inglés Figurinhas de Maçapão sem Açúcares Adicionados embalagem 200 g,El Corte Inglés,,"3,49 €","(17,45 € / Kg)",
Château de Montifaud Cognac V.S.O.P. garrafa 70 cl,Château de Montifaud,,52 €,"(74,29 € / Litro)",
Nortada Cerveja Artesanal Weiss Bier garrafa 33 cl,Nortada,,"2,35 €","(7,12 € / Litro)",
Quinta do Penedo Vinho Tinto do Dão garrafa 75 cl,Quinta do Penedo,,"6,35 €","(8,47 € / Litro)",
Fricarnes Salsichas Frankfurt 8 unidades embalagem 170 g,Fricarnes,,"0,75 €","(4,41 € / Kg)",
Vieira Bolachas de Água e Sal Pack 12 embalagem 168 g,Vieira,,"2,69 €","(16,01 € / Kg)",
Fructis Style Gel Fixador Efeito Molhado Forte embalagem 200 ml,Fructis Style,,"4,99 €","(24,95 € / Litro)",
Barilla Tortiglioni embalagem 500 g,Barilla,,"1,55 €","(3,10 € / Kg)",
El Corte Inglés Mozzarella Fresca de Vaca embalagem 125 g,El Corte Inglés,,"1,58 €","(7,12 € / Kg)","1,58 €"
El Corte Inglés Preparado em Pó para Gelatina de Limão embalagem 170 g,El Corte Inglés,,"0,75 €","(4,41 € / Kg)",
Renova Super Papel Higiénico Duplo 9 unidades,Renova Super,,"7,49 €","(0,83 € / Unidade)",
Gallo Condimento à Base de Azeite Virgem Extra e Aroma de Alecrim garrafa 250 ml,Gallo,,"2,99 €","(11,96 € / Litro)",
Cinco Forais Vinho Tinto do Alentejo Alicante Bouschet garrafa 75 cl,Cinco Forais,,"13,95 €","(18,60 € / Litro)",
El Corte Inglés Mopa Microfibra com Cabo Extensível embalagem 1 unidade,El Corte Inglés,,"8,35 €","(8,35 € / Unidade)",
Bonne Maman Tartelettes Bolachas Recheadas com Chocolate e Caramelo embalagem 135 g,Bonne Maman Tartelettes,,"2,79 €","(20,67 € / Kg)",
Nestlé Fitness Barras de Cereais de Trigo Integral Pack 6 embalagem 141 g,Nestlé Fitness,,"3,59 €","(25,46 € / Kg)",
Noval Vinho do Porto Tawny garrafa 75 cl,Noval,,"11,99 €","(15,99 € / Litro)",
Bicafé Café Honduras para Nespresso Intensidade 8 Biológico embalagem 10 cápsulas,Bicafé,,"2,99 €","(0,30 € / Unidade)",
Yoggi Iogurte Líquido de Morango Pack 4 embalagem 160 ml,Yoggi,,"2,09 €","(3,27 € / Litro)",
Mimosa Magro Iogurte + Gelatina de Morango Pack 4 embalagem 120 g,Mimosa Magro,,"2,28 €","(4,75 € / Kg)",
Duerr's Molho de Menta frasco 200 g,Duerr's,,"2,35 €","(11,75 € / Kg)",
Dessange Escova de Cabelo Brushing Express embalagem 1 unidade,Dessange,,"8,99 €","(8,99 € / Unidade)",
Esparguete de Espelta 100% Bio embalagem 500 g,,,"4,79 €","(9,58 € / Kg)",
Monte da Vinha Queijo de Ovelha Curado unidade 120 g,Monte da Vinha,,"2,95 €","(24,58 € / Kg)",
Quinta do Monte Travesso Vinho Branco do Douro garrafa 75 cl,Quinta do Monte Travesso,,"5,29 €","(7,05 € / Litro)",
"Periquita Vinho de Setúbal Reserva ""Magnum"" Tinto garrafa 1,5 L",Periquita,,"19,98 €","(13,32 € / Litro)",
Neo Blanc Gentil Lixívia para a Roupa Higiene embalagem 2 L,Neo Blanc Gentil,,"6,49 €","(3,24 € / Litro)",
Hillfield Feijão Cozido lata 400 g,Hillfield,,"1,39 €","(3,48 € / Kg)",
Nivea Protect e Bronze Creme de Noite Óleo de Argão Bio embalagem 50 ml,Nivea Protect e Bronze,,"8,99 €","(179,80 € / Litro)",
El Corte Inglés Tostas de Trigo Integrais embalagem 225 g,El Corte Inglés,,"0,65 €","(2,89 € / Kg)",
Blédina Puré de Legumes e Vitela a Partir dos 6 Meses embalagem 200 g,Blédina,,"2,09 €","(10,45 € / Kg)",
Quinta de Lafões Strogonoff de Frango Peso Aproximado por cuvete 900 g,Quinta de Lafões,,"9,71 €","(10,79 € / Kg)",
El Corte Inglés Preparado para Fazer Bolo embalagem 375 g,El Corte Inglés,,"1,70 €","(4,53 € / Kg)",
Jordan Escova de Dentes Step Suave 6-9 Anos embalagem 1 unidade,Jordan,,"2,99 €","(2,99 € / Unidade)",
Prozis Manteiga de Amendoim Crocante embalagem 1000 g,Prozis,,"6,99 €","(6,99 € / Kg)",
Veggis Empadas de Soja Pack 4 embalagem 260 g,Veggis,,"3,99 €","(15,35 € / Kg)",
Bonduelle Feijão Encarnado Pack 3 embalagem 160 g,Bonduelle,,"3,49 €","(21,81 € / Kg)",
Dr. Oetker Pizza Ristorante de Espinafres embalagem 390 g,Dr. Oetker,,"4,99 €","(10,23 € / Kg)","4,99 €"
Disaronno Licor Amaretto Original garrafa 70 cl,Disaronno,,"18,49 €","(26,41 € / Litro)",
Paño Nature Quinoa Duo Branca e Vermelha embalagem 500 g,Paño Nature,,"5,15 €","(10,30 € / Kg)",
Bimbo Little Bites Mini Muffins com Pepitas de Chocolate 16 Unidades embalagem 188 g,Bimbo Little Bites,,"2,09 €","(11,12 € / Kg)",
Garnier Olia Coloração de Longa Duração Nº 4.15 Castanho Chocolate embalagem 1 unidade,Garnier Olia,,"11,99 €","(11,99 € / Unidade)",
"Frioleiras Barrinhas de Amêndoas, Arandos e Sementes de Chia sem Glúten Biológicas Pack 3 embalagem 27 g",Frioleiras,,"4,89 €","(181,11 € / Kg)",
Tassimo L'Or Café Espresso Descafeinado embalagem 16 cápsulas,Tassimo L'Or,,"5,39 €","(0,34 € / Unidade)",
Cif Eco Refill Desinfectante Multiusos Spray Recarga embalagem 70 ml,Cif Eco Refill,,"3,49 €","(49,86 € / Litro)",
Porminho Bacon sem Courato 1/2,Porminho,,"13,59 €/kg",,
Progelcone Tulipas de Baunilha para Gelado Pack 6 embalagem 75 g,Progelcone,,"2,49 €","(33,20 € / Kg)",
El Corte Inglés Ambientador Aerossol Colónia Infantil embalagem 300 ml,El Corte Inglés,,"0,99 €","(3,30 € / Litro)",
Fula Nativos Óleo de Grainha de Uva Refinado garrafa 250 ml,Fula Nativos,,"5,99 €","(23,96 € / Litro)",
Tuc Crackers de Queijo embalagem 100 g,Tuc,,"1,19 €","(11,90 € / Kg)",
Sanytol Desinfetante Calçado embalagem 150 ml,Sanytol,,"5,29 €","(35,27 € / Litro)",
Margão Segredos Mistura para Aves frasco 75 g,Margão Segredos,,"2,89 €","(57,80 € / Kg)",
Veckia Escova de Dentes Média embalagem 3 unidades,Veckia,,"1,45 €","(0,48 € / Unidade)",
Men Expert Total Clean Gel de Banho Carvão 5 em 1 embalagem 400 ml,Men Expert Total Clean,,"4,99 €","(12,48 € / Litro)",
"Monchique Água Mineral Natural 9,5 PH garrafa 1,5 L",Monchique,,"0,67 €","(0,45 € / Litro)",
Tresemmé Caracóis Hidratados Condicionador para Cabelo Encaracolado embalagem 500 ml,Tresemmé Caracóis Hidratados,,"4,19 €","(8,38 € / Litro)",
Mimosa Nata para Culinária Ligeira embalagem 200 ml,Mimosa,,"0,99 €","(4,45 € / Litro)","0,99 €"
1000 Curvas Vinho Branco do Minho Oak garrafa 75 cl,1000 Curvas,,"14,35 €","(19,13 € / Litro)",
Prozis Waffles com Sabor a Baunilha sem Açúcar embalagem 25 g,Prozis,,"2,99 €","(19,93 € / Kg)",
El Corte Inglés Selection Sardinhas em Azeite 10/14 Unidades lata 85 g,El Corte Inglés Selection,,"1,95 €","(22,94 € / Kg)",
Nivea Q10 Multi Power Gel Anti-Celulite + Refirmante para Todos os Tipos de Pele embalagem 200 ml,Nivea Q10 Multi Power,,"11,99 €","(38,95 € / Litro)","11,99 €"
Plateia Vinho Tinto do Alentejo garrafa 75 cl,Plateia,,"5,49 €","(7,32 € / Litro)",
Luso Água Natural sem Gás garrafão 7 L,Luso,,"1,95 €","(0,28 € / Litro)",
Lindt Bombom Lindor Avelã embalagem 3 kg,Lindt,,111 €,(37 € / Kg),
António Lopes Ribeiro Vinho Tinto do Douro Reserva Biológico garrafa 75 cl,António Lopes Ribeiro,,"13,75 €","(18,33 € / Litro)",
Ramirez Bacalhau à Portuguesa lata 120 g,Ramirez,,"3,09 €","(25,75 € / Kg)",
Nordic Água Tónica Original Pack 4 garrafa 20 cl,Nordic,,"3,35 €","(16,75 € / Litro)",
Vici Gyozas de Carne embalagem 400 g,Vici,,"4,99 €","(12,48 € / Kg)",
Fonseca Vinho do Porto Terra Prima Biológico garrafa 75 cl,Fonseca,,"17,45 €","(23,27 € / Litro)",
Grimbergen Cerveja da Bélgica Double Ambrée garrafa 33 cl,Grimbergen,,"1,85 €","(5,61 € / Litro)",
Castelomor Vinho do Alentejo Tinto garrafa 75 cl,Castelomor,,"3,99 €","(5,32 € / Litro)",
Minerva Filetes de Cavala em Azeite lata 120 g,Minerva,,"3,49 €","(29,08 € / Kg)",
Corine de Farme Gel de Higiene Íntima Protecção embalagem 250 ml,Corine de Farme,,"4,99 €","(19,96 € / Litro)",
"Coco Verde Peso Apoximado 2,2 kg",,,"5,99 €/kg",,
Tresemmé Botanique Condicionador Hemp + Hydration embalagem 400 ml,Tresemmé Botanique,,"4,79 €","(11,98 € / Litro)",
Hein Salsichas de Vitela embalagem 1 kg,Hein,,"19,49 €/kg",,
Buitoni Pizza Bella Napoli de Presunto e Cogumelos embalagem 425 g,Buitoni,,"5,49 €","(12,92 € / Kg)",
Pantene Liso e Sedoso Máscara Capilar 2 Minutos embalagem 200 ml,Pantene Liso e Sedoso,,"6,59 €","(21,97 € / Litro)",
Montaraz Secretos de Porco Preto embalagem 250 g,Montaraz,,"5,99 €","(23,96 € / Kg)",
Simplu Granola de Cacau com Lascas de Coco e Avelãs Vegan sem Glúten Biológica embalagem 300 g,Simplu,,"8,25 €","(24,63 € / Kg)","8,25 €"
Jordan Escova de Dentes Expert Clean embalagem 1 unidade,Jordan,,"3,99 €","(3,99 € / Unidade)",
Diadermine Creme Anti-Rugas Dupla Acção de Dia embalagem 50 ml,Diadermine,,"14,99 €","(299,80 € / Litro)",
Elpozo Fiambre de Peru Baixo Teor de Gordura em Fatias sem Glúten embalagem 150 g,Elpozo,,"1,99 €","(13,27 € / Kg)",
Bicafé Premium Café Blue Nº 12 para Nespresso embalagem 10 cápsulas,Bicafé Premium,,"2,49 €","(0,25 € / Unidade)",
Ferrarini Queijo Provolone Picante sem Fosfatos,Ferrarini,,"16,79 €/kg",,
Malandra Vinho Tinto Regional do Alentejo Petit Verdot garrafa 75 cl,Malandra,,"9,49 €","(12,65 € / Litro)",
Estrella Damm Cerveja de Espanha Inedit garrafa 75 cl,Estrella Damm,,"4,49 €","(5,99 € / Litro)",
Coren Lombinhos de Peru embalagem 400 g,Coren,,"4,78 €","(11,95 € / Kg)",
Esporão Vinho Tinto do Alentejo Reserva garrafa 75 cl,Esporão,,"19,99 €","(26,65 € / Litro)",
Fini Gomas Pretas sem Glúren embalagem 180 g,Fini,,"1,59 €","(8,83 € / Kg)",
Real Natura Champô Intensivo Pro-Reparação Bomba Café com Keratina embalagem 500 ml,Real Natura,,"10,10 €","(20,20 € / Litro)",
"Active Clean Lime embalagem 38,6 g",,,"3,29 €","(85,23 € / Kg)",
Socilink Filetes de Cavala em Azeite Virgem Extra Biológico embalagem 120 g,Socilink,,"6,49 €","(54,08 € / Kg)",
Reber Bombons de Chocolate de Leite Constanze embalagem 120 g,Reber,,"8,75 €","(72,92 € / Kg)",
Lindt Champs Elysées Bombons Sortidos Edição Or embalagem 468 g,Lindt Champs Elysées,,"16,99 €","(36,30 € / Kg)",
Cem Porcento Sumo Natural de Uva Preta Bio garrafa 1 L,Cem Porcento,,"2,99 €","(2,89 € / Litro)","2,99 €"
"Gerber Saqueta de Fruta sabor Pera, Maçã e Banana embalagem 90 g",Gerber,,"1,19 €","(13,22 € / Kg)",
Pacari Chocolate Negro Raw 70% Cacau embalagem 50 g,Pacari,,"3,99 €","(79,80 € / Kg)",
Isola Bio Creme de Coco sem Glúten Biológico embalagem 200 ml,Isola Bio,,"2,45 €","(12,25 € / Litro)",
Simple Rebuçados com Stevia de Gengibre e Mel com Sabor a Laranja embalagem 50 g,Simple,,"2,05 €",(41 € / Kg),
Amália Vinho do Porto Tawny Edition garrafa 75 cl,Amália,,"24,90 €","(33,20 € / Litro)",
Palpite Vinho Branco do Alentejo garrafa 75 cl,Palpite,,"21,90 €","(29,20 € / Litro)",
Glade Ambientador Eléctrico Lavanda Recarga embalagem 20 ml,Glade,,"5,99 €","(299,50 € / Litro)",
El Corte Inglés Tostas de Trigo embalagem 300 g,El Corte Inglés,,"0,72 €","(2,40 € / Kg)",
Aliada Doce de Mirtilo Light frasco 330 g,Aliada,,"2,49 €","(7,55 € / Kg)",
Body Natur Esfoliante Corporal Purificante Detox com Óleo de Coco embalagem 200 ml,Body Natur,,"8,49 €","(31,75 € / Litro)","8,49 €"
Pimento Verde peso aproximado por cuvete 1 kg,,,"3,99 €","(3,99 € / Kg)",
Montes Ermos Vinho Tinto do Douro Grande Reserva garrafa 75 cl,Montes Ermos,,"18,99 €","(25,32 € / Litro)",
Carte D'Or Gelado de Chocolate e Brownie embalagem 900 ml,Carte D'Or,,"5,49 €","(6,10 € / Litro)",
Cheetos Snack Giants de Milho com Sabor a Extra Queijo embalagem 100 g,Cheetos,,"1,65 €","(16,50 € / Kg)",
Sagres Cerveja Nacional Branca garrafa 1 L,Sagres,,"2,19 €","(2,19 € / Litro)",
Tetley Infusão de Tília embalagem 10 unidades,Tetley,,"0,99 €","(0,10 € / Unidade)",
Dietisa Tisana Centelha Asiática embalagem 50 g,Dietisa,,"1,99 €","(39,80 € / Kg)",
Sadiva Hambúrguer de Ervilha Vegan sem Glúten embalagem 150 g,Sadiva,,"4,29 €","(28,60 € / Kg)",
Carmencita Infusão para Gin Tónico Spicy embalagem 10 unidades,Carmencita,,"4,35 €","(0,43 € / Unidade)",
Nutriva Pão com Chouriço unidade 110 g,Nutriva,,"0,99 €",(9 € / Kg),
Jacobs Cream Crackers embalagem 200 g,Jacobs,,"0,75 €","(3,75 € / Kg)",
Delta Q Café Deqafeinatus Intensidade 1 embalagem 10 cápsulas,Delta Q,,"3,49 €","(0,35 € / Unidade)",
Espiga Lavanda Alfazema Folha frasco 11 g,Espiga,,"1,59 €","(144,55 € / Kg)",
Gatão Vinho Branco de Mesa Frizante lata 25 cl,Gatão,,"1,29 €","(5,16 € / Litro)",
Khanum Achar de Manga frasco 300 g,Khanum,,"4,39 €","(14,63 € / Kg)",
Herdade da Maia Queijo de Mistura Pack 2 unidade 200 g,Herdade da Maia,,"4,45 €","(22,25 € / Kg)",
Rabanete peso aproximado por cuvete 1 kg,,,"6,59 €","(6,59 € / Kg)",
La Ermita Cantabria Iogurte Natural com Bifidus sem Glúten frasco 185 g,La Ermita Cantabria,,"2,05 €","(11,08 € / Kg)",
Renova Guardanapos Gold Red embalagem 40 unidades,Renova,,"2,15 €","(0,05 € / Unidade)",
Ferrero Collection Bombons Sortidos Pack 24 embalagem 269 g,Ferrero Collection,,"11,89 €","(44,20 € / Kg)",
Compal Clássico Néctar de Laranja do Algarve embalagem 33 cl,Compal Clássico,,"0,85 €","(2,58 € / Litro)",
Haute Fromagerie Queijo Cabrissac de Cabra peso aproximado por unidade 150 g,Haute Fromagerie,,"7,99 €","(53,27 € / Kg)",
Elpozo 1954 Peito de Peru Braseado sem Glúten,Elpozo 1954,,"14,99 €/kg",,
Lima Peso Aproximado por unidade 85 g,,,"3,69 €/kg",,
El Corte Inglés Paté de Pato com Trufa lata 130 g,El Corte Inglés,,"3,59 €","(27,62 € / Kg)",
Heinz Maionese Original Top Down embalagem 220 ml,Heinz,,"2,29 €","(6,59 € / Litro)","2,29 €"
El Corte Inglés Selection Torrão de Alicante sem Glúten embalagem 400 g,El Corte Inglés Selection,,"5,79 €","(19,30 € / Kg)",
El Corte Inglés Bio Tahini Sésamo Tostado sem Glúten Biológico frasco 300 g,El Corte Inglés Bio,,"4,49 €","(14,97 € / Kg)",
Nova Classe Paltos Dia dos Namorados embalagem 24 unidades,Nova Classe,,"1,49 €","(0,06 € / Unidade)",
Roveredo Biscoitos Rural embalagem 250 g,Roveredo,,"2,55 €","(10,20 € / Kg)",
Santal Néctar de Pêssego Pack 3 embalagem 20 cl,Santal,,"1,85 €","(3,08 € / Litro)",
Excellence Coloração Nudes sem Amoníaco Castanho Claro Universal 5 U embalagem 1 unidade,Excellence,,"12,99 €","(12,99 € / Unidade)",
Nacional Farinha de Trigo e Alfarroba embalagem 1 kg,Nacional,,"2,45 €","(2,45 € / Kg)",
Aliada Doce de Pêssego Extra frasco 410 g,Aliada,,"1,49 €","(3,63 € / Kg)",
Titan of Douro Vinho do Douro garrafa 150 cl,Titan of Douro,,"29,99 €","(15,33 € / Litro)","29,99 €"
Mortier Paté de Cogumelos embalagem 150 g,Mortier,,"2,10 €",(14 € / Kg),
Neoblanc Toalhitas de Higienização Desengordurante embalagem 40 unidades,Neoblanc,,"4,49 €","(0,11 € / Unidade)",
Paladin Molho de Iogurte frasco 250 ml,Paladin,,"2,39 €","(9,56 € / Litro)",
Special Line Rolo de Hambúrguer Vegetal com Cogumelos e Pimentos embalagem 750 g,Special Line,,"9,49 €","(12,65 € / Kg)",
Laoganma Feijão Preto em Óleo Chili frasco 280 g,Laoganma,,"4,05 €","(14,46 € / Kg)",
El Corte Inglés Corações de Alcachofras em Quartos ao Natural lata 240 g,El Corte Inglés,,"1,99 €","(8,29 € / Kg)",
La Molisana Spaghetti Integral embalagem 500 g,La Molisana,,"1,99 €","(3,98 € / Kg)",
Danet Creme Duo de Chocolate e Baunilha Pack 2 embalagem 125 g,Danet,,"2,99 €","(5,98 € / Kg)",
Pantene Champô Repara e Protege embalagem 360 ml,Pantene,,"3,74 €","(10,39 € / Litro)",
Pescanova Gambão Argentino Gigante 14/22 embalagem 800 g,Pescanova,,"20,99 €","(26,24 € / Kg)",
Babaria Aloe Vera Óleo para o Corpo embalagem 400 ml,Babaria Aloe Vera,,"5,15 €","(9,48 € / Litro)","5,15 €"
Quinta do Sagrado Conjunto 3 Vinhos Tinto do Douro garrafa 75 cl,Quinta do Sagrado,,"33,99 €","(22,66 € / Litro)",
Callabriga Vinho Tinto do Douro 2019 garrafa 75 cl,Callabriga,,"18,49 €","(24,65 € / Litro)",
Valfrutta Quinoa ao Vapor Pack 3 lata 140 g,Valfrutta,,"3,99 €","(28,50 € / Kg)",
Pirassununga 51 Cachaça Gold garrafa 70 cl,Pirassununga 51,,"14,99 €","(21,41 € / Litro)",
Confiança Sabão Azul embalagem 400 g,Confiança,,"1,29 €","(3,22 € / Kg)",
Jean Louis David Escova de Limpeza e de Massagem embalagem 1 unidade,Jean Louis David,,"5,64 €","(5,64 € / Unidade)",
Veckia Ganchos Grandes para Cabelo embalagem 6 unidades,Veckia,,"1,32 €","(0,22 € / Unidade)",
Pato Real Take&Loveat Creme de Cenouras e Coentros embalagem 250 g,Pato Real Take&Loveat,,"2,45 €","(9,80 € / Kg)",
Uva Mista sem Sementes embalagem 500 g,,,"2,99 €","(5,98 € / Kg)",
Mimosa Aroma Iogurte Aroma a Banana Pack 4 embalagem 120 g,Mimosa Aroma,,"1,09 €","(2,27 € / Kg)",
El Corte Inglés Infusão Rooibos embalagem 35 g,El Corte Inglés,,"1,49 €","(42,57 € / Kg)",
Margão Paprika embalagem 35 g,Margão,,"1,39 €","(39,71 € / Kg)",
Don Simon Sumo 100% Espremido de Maçã embalagem 1 L,Don Simon,,"1,39 €","(1,39 € / Litro)",
El Corte Inglés Bolachas Digestivas embalagem 800 g,El Corte Inglés,,"1,99 €","(2,49 € / Kg)",
Ayam Leite de Coco embalagem 200 ml,Ayam,,"1,69 €","(8,45 € / Litro)",
Maçarico Azeitonas Pretas Inteiras frasco 350 g,Maçarico,,"2,25 €","(6,43 € / Kg)",
Luchito Chips Tortila Chipotle embalagem 150 g,Luchito,,"2,99 €","(19,93 € / Kg)",
Terra Nostra Queijo Flamengo de Pastagem Original em Fatias embalagem 2x200 g,Terra Nostra,,"5,09 €","(12,72 € / Kg)",
El Corte Inglés Selection Perninhas de Frango do Campo Peso Aproximado por cuvete 700 g,El Corte Inglés Selection,,"5,80 €","(8,29 € / Kg)",
Riberalves Lombos de Bacalhau embalagem 1 kg,Riberalves,,"24,49 €","(24,49 € / Kg)",
Duracell Pilhas CR 2025 +50% Extra Life embalagem 2 unidades,Duracell,,"3,99 €",(2 € / Unidade),
La Bio Idea Lasanha Biológica embalagem 250 g,La Bio Idea,,"2,69 €","(10,76 € / Kg)",
Guloso Polpa de Tomate Cebola e Alho garrafa 500 g,Guloso,,"2,29 €","(4,58 € / Kg)",
Excellence Creme Coloração Nº 6 Louro Escuro embalagem 1 unidade,Excellence Creme,,"11,99 €","(11,99 € / Unidade)",
Rayen Esfregona Super Absorvente com Cabo 1 unidade,Rayen,,"19,99 €","(19,99 € / Unidade)",
"Chiclets Ice Pastilhas Spearmint sem Açúcar embalagem 16,5 g",Chiclets Ice,,"1,09 €","(66,06 € / Kg)",
Men Expert Desodorizante em Spray Defense Magnesium spray 150 ml,Men Expert,,"3,99 €","(26,60 € / Litro)",
Pittjes Caju Tostado com Sal lata 150 g,Pittjes,,"4,15 €","(27,67 € / Kg)",
Salutem Couscous Integral Vegan sem Sal embalagem 400 g,Salutem,,"1,59 €","(3,98 € / Kg)",
Pão com Atum e Alface embalagem 189 g,,,"2,15 €","(11,38 € / Kg)",
Flechas Andes Vinho Tinto da Argentina Aguaribay garrafa 75 cl,Flechas Andes,,"13,29 €","(17,72 € / Litro)",
Gordon Cerveja da Escócia Finest Platinum garrafa 33 cl,Gordon,,"4,49 €","(13,61 € / Litro)",
Albali Vinho Tinto do Tejo Bio Pack 3 unidades embalagem 75 cl,Albali,,"29,70 €","(13,20 € / Litro)",
Coeur de Lion Queijo Brie unidade 200 g,Coeur de Lion,,"3,99 €","(19,95 € / Kg)",
"Fino Slide & Lock Sacos de Conservação 1,5 L embalagem 15 unidades",Fino Slide & Lock,,"3,49 €","(0,23 € / Unidade)",
Magic Retouch Spray Retoca Raízes Castanho embalagem 100 ml,Magic Retouch,,"11,99 €","(119,90 € / Litro)",
Linda Mccartney Preparado de Soja com Molho Hoisin embalagem 300 g,Linda Mccartney,,"5,49 €","(18,30 € / Kg)",
Ostras Correntes embalagem 1 kg,,,"5,99 €","(5,99 € / Unidade)",
Renova Royal Papel Higiénico 4 Folhas Branco embalagem 9 unidades,Renova Royal,,"5,39 €","(0,60 € / Unidade)",
Salutem Flocos de Cevada Integral embalagem 375 g,Salutem,,"2,29 €","(6,11 € / Kg)",
Villar Cabeça de Lombo Curada unidade 400 g,Villar,,"10,99 €","(27,48 € / Kg)",
Filippo Berio Pesto de Azeitonas frasco 190 g,Filippo Berio,,"3,90 €","(20,53 € / Kg)",
Liakada Pasta de Azeitona Kalamata frasco 180 g,Liakada,,"5,45 €","(30,28 € / Kg)",
Quinta dos Açores Queijo da Ilha com Alho e Salsa unidade 400 g,Quinta dos Açores,,"8,45 €","(21,12 € / Kg)",
Palmolive Naturals Sabonete Líquido para as Mãos com Leite de Amêndoas Nutritivo Recarga embalagem 300 ml,Palmolive Naturals,,"1,79 €","(5,97 € / Litro)",
Naturefoods Bolachas de Arroz com Chocolate Preto sem Glúten Biológicas embalagem 100 g,Naturefoods,,"1,80 €",(18 € / Kg),
Santa Maria Pólen de Flores Biológico frasco 150 g,Santa Maria,,"9,69 €","(64,60 € / Kg)",
Hershey's Cookies de Chocolate Recheadas com Creme XL embalagem 113 g,Hershey's,,"2,49 €","(22,04 € / Kg)",
Harvest Moon Iogurte de Coco e Limão Biológico embalagem 125 g,Harvest Moon,,"2,10 €","(16,80 € / Kg)",
Knorr Caldo para Arroz 24 Cubos embalagem 240 g,Knorr,,"4,79 €","(19,96 € / Kg)",
Pontas de Espargos Verdes embalagem 200 g,,,"5,79 €","(28,95 € / Kg)",
Martiko Tártaro de Bacalhau Fumado Pack 2 embalagem 150 g,Martiko,,"8,49 €","(56,60 € / Kg)",
Raposeira Espumante Reserva Meio Seco garrafa 75 cl,Raposeira,,"8,39 €","(11,19 € / Litro)",
Maria Organic Atum em Azeite Virgem Extra Biológico embalagem 120 g,Maria Organic,,"2,59 €","(21,58 € / Kg)",
Dolci Preziosi Calendário de Natal com Chocolates Looney Tunes embalagem 50 g,Dolci Preziosi,,"2,59 €","(51,80 € / Kg)",
Guloso Tomate Triturado Colheita Fresca 500 g,Guloso,,"2,39 €","(4,78 € / Kg)",
Knorr Pasta Pot Massa Carbonara 1 porção embalagem 68 g,Knorr Pasta Pot,,"2,15 €","(31,62 € / Kg)",
Lycia Tiras depilatórias para Rosto Peles Sensíveis Delicate Touch embalagem 20 unidades,Lycia,,"3,55 €","(0,18 € / Unidade)",
El Corte Inglés Mix Selecto de Frutos Secos embalagem 200 g,El Corte Inglés,,"3,95 €","(19,75 € / Kg)",
La Molisana Spaghetti Al Nero di Seppia embalagem 500 g,La Molisana,,"4,49 €","(8,98 € / Kg)",
Globo Manga Desidratada em Fatias embalagem 120 g,Globo,,"3,35 €","(27,92 € / Kg)",
Feinkost Dittmann Pimentos Recheados com Queijo embalagem 280 g,Feinkost Dittmann,,"3,99 €","(14,25 € / Kg)",
Bicentury Devoragras Bolachas de Laranja embalagem 160 g,Bicentury Devoragras,,"2,79 €","(17,44 € / Kg)",
Burmester Vinho do Porto Branco garrafa 75 cl,Burmester,,"7,49 €","(9,99 € / Litro)",
8ª Colina Cerveja Artesanal Florinda garrafa 33 cl,8ª Colina,,"3,15 €","(9,55 € / Litro)",
Naturefoods Trio de Barras de Limão sem Glúten Biológicas embalagem 75 g,Naturefoods,,"2,29 €","(30,53 € / Kg)",
Brasmar Choco Limpo embalagem 320 g,Brasmar,,"3,99 €","(12,47 € / Kg)",
Encostas de Estremoz Vinho Branco do Alentejo Antão Vaz garrafa 75 cl,Encostas de Estremoz,,"8,99 €","(11,99 € / Litro)",
Alpro Coco Stracciatella embalagem 120 g,Alpro,,"1,79 €","(14,92 € / Kg)",
El Corte Inglés Bolachas com Relevo de Mel embalagem 700 g,El Corte Inglés,,"1,94 €","(2,77 € / Kg)",
Quinta de Lubazim Vinho Tinto do Douro Reserva garrafa 75 cl,Quinta de Lubazim,,"20,45 €","(27,27 € / Litro)",
"Castelo do Sulco Vinho Tinto de Lisboa Reserva garrafa 1,5 L",Castelo do Sulco,,"6,49 €","(4,33 € / Litro)",
Kumala Vinho Tinto da África do Sul Reserva Shiraz garrafa 75 cl,Kumala,,"7,99 €","(10,65 € / Litro)",
Clearspring Puré de Pera Biológico Pack 2 embalagem 100 g,Clearspring,,"2,19 €","(10,95 € / Kg)",
El Corte Inglés Chocolate Preto sem Açúcar sem Glúten embalagem 125 g,El Corte Inglés,,"1,45 €","(11,60 € / Kg)",
"English Tea Shop Chá Shape Me Verde de Canela, Ginseng e Gengibre Biológico embalagem 30 g",English Tea Shop,,"3,99 €",(133 € / Kg),
Maybelline Shaping Lip Liner Color Sensational 10 embalagem 1 unidade,Maybelline,,"4,99 €","(4,99 € / Unidade)",
Super Pop Original Detergente de Lavagem à Mão para Loiça Maçãs Concentrado embalagem 700 ml,Super Pop Original,,"1,89 €","(2,70 € / Litro)",
Babaria Men Gel After Shave embalagem 150 ml,Babaria Men,,"3,59 €","(23,93 € / Litro)",
Tyrrell's Batatas Fritas com Queijo Cheddar e Cebolinho embalagem 150 g,Tyrrell's,,"2,64 €","(17,60 € / Kg)",
Bife de Vitela Branca da Vazia Peso Aproximado por cuvete 200 g,,,"5,95 €","(29,75 € / Kg)",
"L'Oréal Elvive Dream Long Champô More Than para Cabelo Comprido, Estragado embalagem 200 ml",L'Oréal,,"5,99 €","(29,95 € / Litro)",
"Mimosa Magro Aroma Iogurte Aroma Magro 4 a Morango, 2 a Banana e 2 a Pêssego embalagem 125 g",Mimosa Magro Aroma,,"2,49 €","(2,59 € / Kg)",
Té O Manga Desidratada Biológica embalagem 75 g,Té O,,"3,45 €",(46 € / Kg),
Belvedere Vodka garrafa 70 cl,Belvedere,,"48,95 €","(69,93 € / Litro)",
Cem Porcento Mini Bolachas Marinheiras Natural Vegan e sem Adição de Açúcar embalagem 50 g,Cem Porcento,,"0,89 €","(17,80 € / Kg)",
Secos da Aldeia Pevides Torradas embalagem 100 g,Secos da Aldeia,,"1,39 €","(13,90 € / Kg)",
Casa de S. Miguel Azeite Virgem Extra Biológico lata 500 ml,Casa de S. Miguel,,"8,50 €",(17 € / Litro),
Sonatural Sumo de Maçã e Laranja sem Açúcar Adicionado Patrulha Pata Pack 4 embalagem 440 ml,Sonatural,,"4,49 €","(10,20 € / Litro)",
Aliada Ervilhas Médias lata 265 g,Aliada,,"0,85 €","(3,40 € / Kg)",
Próvida Pão de Forma de Arroz Integral Biológico embalagem 550 g,Próvida,,"1,79 €","(3,25 € / Kg)",
Gillette Labs Gel de Barbear embalagem 198 ml,Gillette Labs,,"5,24 €","(26,46 € / Litro)",
Santa Catarina Atum em Azeite Posta lata 160 g,Santa Catarina,,"2,25 €","(14,06 € / Kg)",
Búfalo Detergente para Pavimentos Flutuantes 750 ml,Búfalo,,"3,95 €","(5,27 € / Litro)",
Porminho Chourição Extra em Fatias embalagem 80 g,Porminho,,"1,35 €","(16,88 € / Kg)",
Garden Gourmet Hambúrgueres Deluxe Vegetais Garden Gourmet embalagem 180 g,Garden Gourmet,,"3,99 €","(22,17 € / Kg)",
Beneditinos Licor Moscatel de Singeverga garrafa 50 cl,Beneditinos,,"24,99 €","(49,98 € / Litro)",
Bauli Pandoro di Verona embalagem 500 g,Bauli,,"10,49 €","(20,98 € / Kg)",
El Corte Inglés Filetes de Bacalhau embalagem 400 g,El Corte Inglés,,"5,49 €","(13,72 € / Kg)",
Seven Up Refrigerante de Lima Limão com Gás Pack 6 lata 33 cl,Seven Up,,"4,39 €","(2,22 € / Litro)",
Lusa Monte Azeitona Preta Natural Cobrançosa Inteira frasco 360 g,Lusa Monte,,"2,35 €","(6,53 € / Kg)",
Heno de Pravia Sabonete Líquido para as Mãos embalagem 300 ml,Heno de Pravia,,"4,75 €","(15,83 € / Litro)",
Chipicao Original Bolos Recheados com Chocolate 4 Unidades embalagem 228 g,Chipicao Original,,"2,85 €","(12,50 € / Kg)",
Nova Classe Palitos Redondos embalagem 3 unidades,Nova Classe,,"2,69 €","(0,90 € / Unidade)",
Prados de Melgaço Queijo de Cabra Curado unidade 400 g,Prados de Melgaço,,"12,45 €","(31,12 € / Kg)",
Condi Corante Líquido Vermelho frasco 25 ml,Condi,,"1,49 €","(59,60 € / Litro)",
Fraga do Calvo Vinho Tinto do Douro Reserva garrafa 75 cl,Fraga do Calvo,,"14,95 €","(19,93 € / Litro)",
Magno Gel de Banho Rouge Intense embalagem 550 ml,Magno,,"5,90 €","(1,07 € / 10 ml.)",
Quinta de Chocapalha Vinho Tinto Regional de Lisboa garrafa 75 cl,Quinta de Chocapalha,,"8,29 €","(11,05 € / Litro)",
"Labello Batom Naturally Vegan Óleo de Açaí Hidratação 24h embalagem 5,2 ml",Labello,,"4,49 €","(863,46 € / Litro)",
Yoggi Iogurte Líquido de Chocolate embalagem 250 ml,Yoggi,,"1,09 €","(4,36 € / Litro)",
Vahiné Pepitas de Chocolate Preto embalagem 100 g,Vahiné,,"3,89 €","(38,90 € / Kg)",
Barão do Hospital Vinho Verde Loureiro garrafa 75 cl,Barão do Hospital,,"8,49 €","(11,32 € / Litro)",
Buitoni Pizza Forno di Pietra Hawaii embalagem 380 g,Buitoni,,"4,25 €","(11,18 € / Kg)",
Yaranza Kéfir de Limão frasco 500 g,Yaranza,,"2,95 €","(5,90 € / Kg)",
Sunny Delight Florida embalagem 310 ml,Sunny Delight,,"0,95 €","(3,06 € / Litro)",
Fides Paté de Salmão Fumado sem Glúten Pack 4 embalagem 22 g,Fides,,"2,25 €","(25,57 € / Kg)",
Casting Sunkiss Jelly Gel de Aclaração Progressivo Nº 01 embalagem 1 unidade,Casting Sunkiss Jelly,,"11,99 €","(11,99 € / Unidade)",
Garnier Olia Coloração de Longa Duração Nº 8.31 Louro Mel embalagem 1 unidade,Garnier Olia,,"11,99 €","(11,99 € / Unidade)",
Scotch-Brite Rolo Removedor de Pêlos 1 unidade,Scotch-Brite,,"5,99 €","(5,99 € / Unidade)",
Hellmann's Maionese frasco 763 g,Hellmann's,,"6,99 €","(9,16 € / Kg)",
51 Cachaça garrafa 70 cl,51,,"11,49 €","(16,41 € / Litro)",
Raposeira Espumante Blanc de Blanc Bruto garrafa 75 cl,Raposeira,,"11,19 €","(14,92 € / Litro)",
Carbrica Lenha de Sobro embalagem 10 kg,Carbrica,,"3,59 €","(3,59 € / Kg)",
GOT2B Fixador Extra Forte Glued embalagem 300 ml,GOT2B,,"6,59 €","(21,97 € / Litro)",
La Ermita Cantabria Iogurte Natural Açucarado sem Glúten frasco 185 g,La Ermita Cantabria,,"2,09 €","(11,30 € / Kg)",
Entre II Santos Vinho Tinto da Bairrada garrafa 75 cl,Entre II Santos,,"6,95 €","(9,27 € / Litro)",
Saborosa Bolachas Belgas com Cobertura de Chocolate Branco embalagem 198 g,Saborosa,,"2,29 €","(11,57 € / Kg)",
Quinta da Viçosa Vinho Tinto do Alentejo garrafa 75 cl,Quinta da Viçosa,,"29,90 €","(39,87 € / Litro)",
Farias Massa Sovada Mini embalagem 500 g,Farias,,"4,25 €","(8,50 € / Kg)",
Maybelline Dream Radiant Liquid Fond de Teint Líquido Nº24 embalagem 1 unidade,Maybelline Dream Radiant Liquid,,"11,99 €","(11,99 € / Unidade)",
Woolite Color Protection Toalhitas para Lavagem de Roupa de Côr 10 unidades,Woolite Color Protection,,"6,99 €","(0,70 € / Unidade)",
Yaranza Kéfir de Morango frasco 500 g,Yaranza,,"2,95 €","(5,90 € / Kg)",
El Corte Inglés Torrão de Praliné de Leite Creme sem Glúten embalagem 250 g,El Corte Inglés,,"3,59 €","(17,95 € / Kg)",
Tulipán Negro Água de Colónia 1953 embalagem 800 ml,Tulipán Negro,,"6,49 €","(8,11 € / Litro)",
Pão de Centeio unidade 400 g,,,"1,30 €",,
Cimarrom Aroma Baunilha embalagem 12 g,Cimarrom,,"1,79 €","(149,17 € / Kg)",
"Nivea Soft Creme Hidratante Intensivo Rosto, Corpo e Mãos embalagem 200 ml",Nivea Soft,,"5,69 €","(28,45 € / Litro)",
Salsicharia Limiana Cachaço Curado Seleção em Fatias unidade 100 g,Salsicharia Limiana,,"3,79 €","(37,90 € / Kg)",
Margão Segredos Mistura para Grelhados frasco 17 g,Margão Segredos,,"2,89 €",(170 € / Kg),
Dietica Chá de Ervas Hibisco embalagem 50 g,Dietica,,"1,69 €","(33,80 € / Kg)",
El Corte Inglés Selection Camarões Selvagens Cozidos 30-40 Peças embalagem 750 g,El Corte Inglés Selection,,"19,79 €","(26,39 € / Kg)",
Ribeiro Santo Vinho Branco do Dão garrafa 75 cl,Ribeiro Santo,,"5,99 €","(7,99 € / Litro)",
Renova Plenitude Lenços Faciais 80 unidades,Renova Plenitude,,"0,99 €","(0,01 € / Unidade)",
Filoco Vinho Branco do Douro Reserva garrafa 75 cl,Filoco,,"10,95 €","(14,60 € / Litro)",
"Nestlé Kit Kat Chunky Snack de Chocolate, Pipoca e Caramelo Salgado MP 4x embalagem 42 g",Nestlé Kit Kat,,"3,39 €","(20,18 € / Kg)",
Mestemacher Pão Fitness embalagem 500 g,Mestemacher,,"2,55 €","(5,10 € / Kg)",
Delta Café Torrado Moído Lote Indonésia embalagem 220 g,Delta,,"2,55 €","(11,59 € / Kg)",
Evax Protege-Slip Normal embalagem 40 unidades,Evax,,"2,39 €","(0,06 € / Unidade)",
Búfalo Esponja para Limpeza de Camurças 1 unidade,Búfalo,,"2,99 €","(2,99 € / Unidade)",
Inecto Naturals Condicionador de Abacate Vegan embalagem 500 ml,Inecto Naturals,,"5,79 €","(11,58 € / Litro)",
Lion Wild Snack de Chocolate com Amendoim Doce e Salgado Pack 5 embalagem 30 g,Lion Wild,,"2,99 €","(99,67 € / Kg)",
Coco Seco Peso Aproximado por unidade 250 g,,,"2,79 €/kg",,
Bauducco Tostas Multicereais embalagem 142 g,Bauducco,,"1,19 €","(8,38 € / Kg)",
Gullón Zero Bolachas Maria sem Açúcar embalagem 400 g,Gullón Zero,,"3,15 €","(7,88 € / Kg)",
Santa Catarina Filete de Atum com Poejo lata 120 g,Santa Catarina,,"3,09 €","(22,92 € / Kg)","3,09 €"
Señorio de Montanera Presunto da Pá 100% Ibérico Bolota Biológica unidade 100 g,Señorio de Montanera,,"21,49 €","(214,90 € / Kg)",
Koala Zero Gelatina de Pêssego Origem Vegetal 0% Açúcar embalagem 130 g,Koala Zero,,"1,15 €","(8,85 € / Kg)",
Babaria Rosa Mosqueta Creme para as Mãos Leve 2 Pague 1 embalagem 100 ml,Babaria Rosa Mosqueta,,"5,29 €","(26,45 € / Litro)",
Knorr Noodles Tentação de Galinha 1 porção embalagem 61 g,Knorr,,"1,39 €","(22,79 € / Kg)",
El Corte Inglés Almôndegas de Carne com Arroz embalagem 300 g,El Corte Inglés,,"2,99 €","(9,97 € / Kg)",
El Corte Inglés Guardanapos Decorados 3 Camadas 33x33 cm embalagem 50 unidades,El Corte Inglés,,"1,70 €","(0,03 € / Unidade)",
Luís Pato Vinho Tinto das Beiras Baga Touriga Nacional garrafa 75 cl,Luís Pato,,"7,99 €","(10,65 € / Litro)",
Quinta dos Açores Iogurte Líquido de Ananás embalagem 200 ml,Quinta dos Açores,,"0,92 €","(4,60 € / Litro)",
El Corte Inglés Desentupidor Líquido embalagem 1 L,El Corte Inglés,,"1,79 €","(1,79 € / Litro)",
El Chico Favada Asturiana unidade 500 g,El Chico,,"13,95 €","(27,90 € / Kg)",
Scotch Brite Esponja Lava Fácil Classic Recarga embalagem 2 unidades,Scotch Brite,,"2,99 €","(1,50 € / Unidade)",
Gelpeixe Filete de Peixe Espada Preto embalagem 300 g,Gelpeixe,,"9,49 €","(31,63 € / Kg)",
Bolodoce Frutos Doce de Amendoa embalagem 180 g,Bolodoce,,"9,95 €","(55,28 € / Kg)",
Quinta da Coitena Costeleta de Peru Bio embalagem 300 g,Quinta da Coitena,,"8,75 €","(29,17 € / Kg)",
Cîroc Vodka garrafa 70 cl,Cîroc,,"56,99 €","(81,41 € / Litro)",
Mandioca Granel peso aproximado por unidade 1 kg,,,"3,79 €/kg",,
Little Becky Marshmallows Original Mini embalagem 280 g,Little Becky,,"2,95 €","(10,54 € / Kg)",
Cem Porcento Chá Verde embalagem 50 g,Cem Porcento,,"1,79 €","(35,80 € / Kg)",
Johnson's Baby Loção para Bebé Rosa embalagem 500 ml,Johnson's Baby,,"5,59 €","(8,38 € / Litro)","5,59 €"
Cister Grão de Bico Cozido lata 425 g,Cister,,"0,81 €","(1,91 € / Kg)",
Lenor Aditivo Perfumado em Pérolas Sensations embalagem 210 g,Lenor,,"10,99 €","(52,33 € / Kg)",
Le Paysan Queijo Raclette Roda,Le Paysan,,"27,99 €/kg",,
Zaini Caneca Mickey com Chocolates embalagem 30 g,Zaini,,"4,99 €","(166,33 € / Kg)",
Somersby Sidra de Maçã Pack 10 garrafa 33 cl,Somersby,,"10,29 €","(31,18 € / Litro)",
"Knorr 1,2,3..Sabor Esparguete à Carbonara embalagem 36 g","Knorr 1,2,3..Sabor",,"1,55 €","(43,06 € / Kg)",
Halls Energy Rebuçados de Cola sem Açúcar Pack 4 embalagem 32 g,Halls Energy,,"2,99 €","(93,44 € / Kg)",
Linda 100% Sumo de Tomate e Wasabi garrafa 50 cl,Linda,,"3,99 €","(7,98 € / Litro)",
Nutella Creme para Barrar frasco 200 g,Nutella,,"2,39 €","(11,95 € / Kg)",
Dione Gelado de Chocolate e Avelã embalagem 500 ml,Dione,,"5,99 €","(11,98 € / Litro)",
Nobre Hot Dog Salsichas 4 Unidades frasco 210 g,Nobre Hot Dog,,"2,55 €","(12,14 € / Kg)",
Gotitas de Oro Champô Infantil Anti-Piolhos embalagem 500 ml,Gotitas de Oro,,"6,79 €","(13,58 € / Litro)",
Loios Vinho do Alentejo Branco garrafa 75 cl,Loios,,"3,99 €","(5,32 € / Litro)",
El Corte Inglés Leite Creme de Chocolate Pack 4 embalagem 125 g,El Corte Inglés,,"1,45 €","(2,90 € / Kg)",
Jean Louis David Pincel Kabuki de Bambu embalagem 1 unidade,Jean Louis David,,"12,58 €","(12,58 € / Unidade)",
Panidor Bolo Rainha Tradicional unidade 700 g,Panidor,,"10,99 €","(15,70 € / Kg)",
Mexifoods Jalapenos Cortados frasco 225 g,Mexifoods,,"4,19 €","(18,62 € / Kg)",
Cabrito Metades 6 kg,,,"19,95 €/kg",,
Heidel Chocolate Recheado Unicórnio lata 97 g,Heidel,,"9,45 €","(97,42 € / Kg)",
Lactiser Requeijão de Cabra kg,Lactiser,,"9,98 €/kg",,
Santiago Queijo da Ilha Império do Pico com Pimenta kg,Santiago,,"13,99 €/kg",,
"El Corte Inglés Mistura de Camarão, Alho Francês e Espargos Verdes embalagem 450 g",El Corte Inglés,,"3,19 €","(7,09 € / Kg)",
Tipiak Croutons Caeser embalagem 50 g,Tipiak,,"0,94 €","(18,80 € / Kg)",
Cellislim Café Verde Emagrecimento embalagem 16 unidades,Cellislim,,"8,15 €","(0,51 € / Unidade)",
Smileat Frango com Arroz + 6 Meses Biológico frasco 230 g,Smileat,,"2,29 €","(9,96 € / Kg)",
Mentos Rebuçados de Menta embalagem 38 g,Mentos,,"0,85 €","(22,37 € / Kg)",
Croft Pink Vinho do Porto garrafa 75 cl,Croft Pink,,"9,99 €","(13,32 € / Litro)",
Halberstadter Salsichas Premium frasco 250 g,Halberstadter,,"6,45 €","(25,80 € / Kg)",
Maybelline The City Kits Sombra de Olhos e Blush Pink Edge embalagem 1 unidade,Maybelline The City Kits,,"12,99 €","(12,99 € / Unidade)",
Ariel Detergente para a Máquina da Roupa Fresh Sensations All in One embalagem 40 cápsulas,Ariel,,"24,95 €","(0,62 € / Dose)",
Herbal Essences Bio-Renew Champô Volume Menta e Hortelã embalagem 400 ml,Herbal Essences Bio-Renew,,"4,99 €","(9,35 € / Litro)","4,99 €"
L'or Espresso Café Barista para Nespresso Intensidade 13 embalagem 10 cápsulas,L'or Espresso,,"4,29 €","(0,43 € / Unidade)",
Fini Cone de Festa embalagem 70 g,Fini,,1 €,"(14,29 € / Kg)",
El Corte Inglés Feijoada Asturiana lata 425 g,El Corte Inglés,,"1,55 €","(3,65 € / Kg)",
Colgate Escova de Dentes a Pilhas - Sortido Pedidos satisfeitos de acordo com existências embalagem 1 unidade Não podemos garantir a entrega de um modelo específico.,Colgate,,"9,49 €","(9,49 € / Unidade)",
Kilom Peito de Frango Peso Aproximado por cuvete 450 g,Kilom,,"3,15 €","(6,99 € / Kg)",
Ferbar Pepinos em Vinagre frasco 345 g,Ferbar,,"1,79 €","(5,19 € / Kg)",
Nobre Appetitliche Salsichas de Porco 5 Unidades frasco 250 g,Nobre Appetitliche,,"3,49 €","(13,96 € / Kg)",
Soft&Co Óleo Seco Anti-Manchas embalagem 100 ml,Soft&Co,,"12,99 €","(129,90 € / Litro)",
Nobre Peito de Peru Fumado Baixo Teor de Sal e Gordura sem Lactose e sem Glúten Cuida-T+ kg,Nobre,,"16,99 €/kg",,
Not Guilty Chocolate Preto com Recheio de Manteiga de Amêndoa 50% embalagem 30 g,Not Guilty,,"0,99 €",(33 € / Kg),
Sonatural Sumo de Abacate embalagem 250 ml,Sonatural,,"2,04 €","(8,16 € / Litro)",
Panidor Boltone Cacau 650 g unidade 1,Panidor,,"6,99 €","(6,99 € / Unidade)",
"García Baquero Tábua de Queijos (Pok, Cabra e Semicurado) unidade 150 g",García Baquero,,"3,85 €","(25,67 € / Kg)",
Conjunto 3 Vinhos Tinto Trinca Bolotas + Papa Figos + Mélange à 3 garrafa 75 cl,,,"20,47 €","(13,65 € / Litro)",
Rocha Negra Gin dos Açores garrafa 70 cl,Rocha Negra,,"27,50 €","(39,29 € / Litro)",
Biscoitos de Sintra Biscoitos Amores embalagem 330 g,Biscoitos de Sintra,,"3,95 €","(11,97 € / Kg)",
Pur Natur Iogurte Natural Biológico embalagem 125 g,Pur Natur,,"4,99 €","(6,65 € / Kg)",
"Cartuxa Vinho Tinto do Alentejo Reserva Magnum garrafa 1,5 L",Cartuxa,,85 €,"(56,67 € / Litro)",
"Vileda Ultra Max Recarga de Mopa 1,2 Spray embalagem 1 unidade",Vileda Ultra Max,,"9,99 €","(9,99 € / Unidade)",
Discos Ativos Moon Recarga embalagem 36 ml,,,"4,79 €","(66,39 € / Litro)","4,79 €"
El Lancero Salada Corações Romana 2 unidades embalagem 500 g,El Lancero,,"2,25 €","(4,50 € / Kg)",
Twix Bebida Láctea com Sabor a Chocolate garrafa 350 ml,Twix,,"1,85 €","(5,29 € / Litro)",
São Gião Queijo de Ovelha Velho unidade 425 g,São Gião,,"11,99 €","(28,21 € / Kg)",
Abelharuco Vinho Tinto do Alentejo garrafa 75 cl,Abelharuco,,"5,99 €","(7,99 € / Litro)",
Espargos Biológicos embalagem 250 g,,,"3,99 €","(15,96 € / Kg)",
Doritos Snack de Milho com Sabor a BBQ embalagem 140 g,Doritos,,"1,65 €","(11,79 € / Kg)",
Moo Free Chocolate Preto 65% sem Glúten Biológico embalagem 80 g,Moo Free,,"3,99 €","(49,88 € / Kg)",
Dum Dum Anti-Traça Bolsinhas Perfumadas de Lavanda embalagem 20 unidades,Dum Dum,,"5,99 €","(0,30 € / Unidade)",
Hein Salsichas Tipo Viena 6 Unidades embalagem 200 g,Hein,,"2,99 €","(14,95 € / Kg)",
Native Açúcar Moreno Biológico embalagem 1 kg,Native,,"5,55 €","(5,55 € / Kg)",
Babaria Serum Facial com Ácido Glicólico embalagem 30 ml,Babaria,,"6,99 €",(233 € / Litro),
Mini Chamuças caixa 8 unidades,,,8 €,,
Cem Porcento Biscoito Integral sabor Chia e Limão embalagem 200 g,Cem Porcento,,"2,49 €","(12,45 € / Kg)",
Biologic Strogonoff de Frango Biológico embalagem 300 g,Biologic,,"5,75 €","(19,17 € / Kg)",
Naturefoods Mel de Rosmaninho Biológico frasco 500 g,Naturefoods,,"7,89 €","(15,78 € / Kg)",
Taylor's Vinho do Porto LBV garrafa 75 cl,Taylor's,,"14,99 €","(19,99 € / Litro)",
Casal da Eira Vinho Tinto de Mesa embalagem 25 cl,Casal da Eira,,"0,69 €","(2,76 € / Litro)",
DS Barritas Crocantes de Frango sem Glúten embalagem 375 g,DS,,"6,04 €","(16,11 € / Kg)",
El Corte Inglés Azeitonas Verdes Descaroçadas 300/320 embalagem 210,El Corte Inglés,,"1,49 €","(3,10 € / Kg)",
San Carlo Gressinos Torino embalagem 250 g,San Carlo,,"3,49 €","(13,96 € / Kg)",
Mexifoods Tortilhas de Trigo Integrais embalagem 320 g,Mexifoods,,"3,19 €","(9,97 € / Kg)",
Bud Cerveja dos EUA garrafa 33 cl,Bud,,"1,85 €","(5,61 € / Litro)",
Quesle Queijo de Mistura Semicurado,Quesle,,"11,39 €/kg",,
Cimarrom Flocos de Batata para Puré embalagem 400 g,Cimarrom,,"2,89 €","(7,22 € / Kg)",
Cimarrom Ervilhas Metades Secas embalagem 500 g,Cimarrom,,"2,19 €","(4,38 € / Kg)",
Tresemmé Hidratação Intensa Champô para Cabelos Secos e sem Brilho embalagem 500 ml,Tresemmé Hidratação Intensa,,"4,19 €","(8,38 € / Litro)",
Oral-B Junior Escova de Dentes 6-12 Anos Suave embalagem 1 unidade,Oral-B Junior,,"2,89 €","(2,89 € / Unidade)",
Maybelline Fit Me Base Líquida Matificante para Pele Normal e Mista Nº 230 Natural Buff embalagem 1 unidade,Maybelline Fit Me,,"9,99 €","(9,99 € / Unidade)",
Espiga Ervas Finas embalagem 20 g,Espiga,,"1,05 €","(52,50 € / Kg)",
Próvida Coco Laminado Tostado Biológico embalagem 100 g,Próvida,,"1,79 €","(17,90 € / Kg)",
Cantinho das Aromáticas Condimento de Mistura para Saladas Biológico embalagem 20 g,Cantinho das Aromáticas,,"3,70 €",(185 € / Kg),
Garijo Baigorri Mix de Vegetais Fritos em Azeite embalagem 50 g,Garijo Baigorri,,"1,39 €","(27,80 € / Kg)",
Maldita Cerveja Artesanal Robust Porter garrafa 33 cl,Maldita,,"2,99 €","(9,06 € / Litro)",
Mimosa Molho Béchamel embalagem 500 ml,Mimosa,,"1,79 €","(3,58 € / Litro)",
Condi Gelatina Zero de Morango embalagem 28 g,Condi,,"1,85 €","(66,07 € / Kg)",
Nivea Men Protect & Care Gel de Barbear embalagem 200 ml,Nivea Men Protect & Care,,"5,49 €","(27,45 € / Litro)",
"La Natural Barra de Amêndoa, Cacau e Chia Vegan sem Glúten embalagem 30 g",La Natural,,"1,49 €","(49,67 € / Kg)",
Smint Rebuçados de Menta embalagem 8 g,Smint,,"1,59 €","(198,75 € / Kg)",
Casa de Santar Vinho Branco do Dão garrafa 75 cl,Casa de Santar,,"5,99 €","(7,99 € / Litro)",
Koala Polpa de Manga lata 450 g,Koala,,"2,39 €","(5,31 € / Kg)",
Smint Rebuçados de Frutos Silvestres sem Açúcar embalagem 8 g,Smint,,"1,59 €","(198,75 € / Kg)",
Quinta D' Avó Preparado África Pura frasco 150 ml,Quinta D' Avó,,"2,05 €","(13,67 € / Litro)",
Erdinger Cerveja da Alemanha de Trigo Urweisse garrafa 50 cl,Erdinger,,"3,99 €","(7,98 € / Litro)",
"Nuts Original Caju, Amendoins e Amêndoas com Mel e Sal embalagem 120 g",Nuts Original,,"3,99 €","(33,25 € / Kg)",
Abacaxi Baby Tradicional Peso Aproximado por unidade 1 kg,,,"8,99 €/kg",,
Delamotte Champanhe Brut garrafa 75 cl,Delamotte,,"39,50 €","(52,67 € / Litro)",
"Mimosa Aroma Iogurte Aroma 4 a Morango, 2 a Tutti Frutti e 2 a Coco Pack 8 embalagem 120 g",Mimosa Aroma,,"1,94 €","(2,02 € / Kg)",
El Corte Inglés Sementes de Girassol Torradas e Salgadas embalagem 200 g,El Corte Inglés,,"1,69 €","(8,45 € / Kg)",
Compal Essencial Doses de Fruta de Manga Pack 3 embalagem 110 ml,Compal Essencial,,"2,34 €","(7,09 € / Litro)",
Dalva Vinho Branco do Douro garrafa 75 cl,Dalva,,"4,79 €","(6,39 € / Litro)",
Gillette Proglide Máquina de Barbear Power embalagem 1 unidade,Gillette Proglide,,"15,99 €","(15,99 € / Unidade)",
Fructis Champô Vitamin Strenght embalagem 400 ml,Fructis,,"5,99 €","(14,98 € / Litro)",
El Corte Inglés Rodelas de Pota Panadas embalagem 400 g,El Corte Inglés,,"3,59 €","(8,98 € / Kg)",
Iswari Super Vegan Protein em Pó Biológico embalagem 250 g,Iswari,,"9,99 €","(39,96 € / Kg)",
Cantinho das Aromáticas Condimento de Poejo Biológico embalagem 20 g,Cantinho das Aromáticas,,"3,15 €","(157,50 € / Kg)",
Isola Bio Bebida de Arroz com Amêndoa  Biológica embalagem 1 L,Isola Bio,,"3,55 €","(3,55 € / Litro)",
Greco Queijo Halloumi Biológico embalagem 200 g,Greco,,"4,99 €","(24,95 € / Kg)",
Lipton Pyramid Chá Preto Forest Fruit embalagem 20 unidades,Lipton Pyramid,,"1,89 €","(0,09 € / Unidade)",
Condi Fermento de Padeiro Vegan embalagem 44 g,Condi,,"1,69 €","(38,41 € / Kg)",
Falgaroso Vinho Branco do Douro Falgaroso garrafa 75 cl,Falgaroso,,"5,99 €","(7,32 € / Litro)","5,99 €"
Gillette Fusion Proglide Styler Máquina de Barbear embalagem 1 unidade,Gillette Fusion Proglide Styler,,"24,99 €","(24,99 € / Unidade)",
Veckia Sabonete de Glicerina Natural embalagem 125 g,Veckia,,"1,15 €","(9,20 € / Kg)",
Gorreana Chá Verde Hysson embalagem 100 g,Gorreana,,"4,59 €","(45,90 € / Kg)",
El Corte Inglés Selection Carne de Porco 300 g,El Corte Inglés Selection,,"1,20 €","(3,99 € / Kg)",
Wilkinson Quattro For Women Máquina Depilatória Bikini embalagem 1 unidade,Wilkinson Quattro For Women,,"19,39 €","(19,39 € / Unidade)",
Scotch-Brite Esponja de Limpeza Fresh embalagem 2 unidades,Scotch-Brite,,"2,75 €","(1,38 € / Unidade)",
Sol Cerveja do México Pack 4 garrafa 33 cl,Sol,,"4,49 €","(3,40 € / Litro)",
Ti-ti Batatas Fritas embalagem 250 g,Ti-ti,,"1,90 €","(7,60 € / Kg)",
Bontá Divina Doce de Limão Pack 2 embalagem 95 g,Bontá Divina,,"2,99 €","(15,74 € / Kg)",
Vigor Leite Gordo Pasteurizado embalagem 1 L,Vigor,,"1,19 €","(1,19 € / Litro)",
Ricard Aperitivo garrafa 70 cl,Ricard,,"16,99 €","(24,27 € / Litro)",
"Active Clean Pack2 Marine embalagem 38,6 g",,,"6,58 €","(170,47 € / Kg)",
Margão Pimenta Preta Moída embalagem 35 g,Margão,,"1,79 €","(51,14 € / Kg)",
Salutem Bio Crispy Queijo e Cebola embalagem 50 g,Salutem,,"1,39 €","(27,80 € / Kg)",
Vitasnack Papaia Crocante sem Glúten Biológica embalagem 20 g,Vitasnack,,"3,25 €","(162,50 € / Kg)",
Dourada de Aquicultura 200/600 g Peso Aproximado por unidade 400 g,,,"6,49 €/kg",,
El Corte Inglés Miolo de Noz embalagem 150 g,El Corte Inglés,,"2,09 €","(13,93 € / Kg)",
Margão Bio Moinho Pimenta Preta Biológico frasco 30 g,Margão Bio,,"4,49 €","(149,67 € / Kg)",
Kandoo Toalhitas Infantis de Frutos do Bosque Recarga Pack 2 embalagem 60 unidades,Kandoo,,"5,39 €","(0,03 € / Unidade)","5,39 €"
D.R. Vinho do Porto Datado 10 Anos garrafa 75 cl,D.R.,,"22,85 €","(30,47 € / Litro)",
Palato do Côa Vinho Branco do Douro garrafa 75 cl,Palato do Côa,,"8,89 €","(11,85 € / Litro)",
Président Queijo Creme Clássico embalagem 125 g,Président,,"1,99 €","(15,92 € / Kg)",
Cimarrom Miolo de Avelã embalagem 150 g,Cimarrom,,"3,09 €","(20,60 € / Kg)",
Coelheiros Vinho Tinto do Alentejo garrafa 75 cl,Coelheiros,,"10,99 €","(14,65 € / Litro)",
Knorr Caldo para Arroz 8 Cubos embalagem 80 g,Knorr,,"2,15 €","(26,88 € / Kg)",
Freixenet Espumante Prosecco Extra Dry Branco garrafa 75 cl,Freixenet,,"10,99 €","(14,65 € / Litro)",
Quinta de Ventozelo Vinho do Porto Vintage 2018 garrafa 75 cl,Quinta de Ventozelo,,"58,90 €","(78,53 € / Litro)",
Finish Detergente Líquido para a Máquina da  Loiça Hygiene Tudo em 2 embalagem 1 L,Finish,,"18,99 €","(18,99 € / Litro)",
Soft&Co Sabonete Líquido para as Mãos de Glicerina embalagem 500 ml,Soft&Co,,"7,25 €","(14,50 € / Litro)",
El Corte Inglés Selection Azeitonas Manzanilla Gazpacha 180/200 frasco 500 g,El Corte Inglés Selection,,"3,45 €","(6,90 € / Kg)",
Pur Natur Iogurte Natural Magro Biológico embalagem 125 g,Pur Natur,,"3,29 €","(26,32 € / Kg)",
Paladin Mostarda embalagem 250 g,Paladin,,"1,64 €","(6,56 € / Kg)",
Espinheira Licor de Ginja sem Fruto garrafa 70 cl,Espinheira,,"9,99 €","(14,27 € / Litro)",
Air Wick Ambientador Eléctrico Dlelight Winter Homenade Cookie embalagem 250 ml,Air Wick,,"4,99 €","(19,96 € / Litro)",
Garnier Skin Naturals Creme Hidratante Nutritivo Vitaminado Diário embalagem 50 ml,Garnier Skin Naturals,,"5,99 €","(119,80 € / Litro)",
Aneto Caldo Natural de Verduras embalagem 1 L,Aneto,,"4,79 €","(4,79 € / Litro)",
Gullón Bolachas Duplo Cacau Vitalday embalagem 220 g,Gullón,,"2,69 €","(12,23 € / Kg)",
Marqués Griñón Vinho Tinto de Espanha Rioja Crianza garrafa 75 cl,Marqués Griñón,,"8,99 €","(11,99 € / Litro)",
Tyrrell's Batatas Fritas Vegetais de Vinagre Balsâmico e Sal Marinho embalagem 125 g,Tyrrell's,,"3,59 €","(28,72 € / Kg)",
Piranã Hard Seltzer com Álcool Pine e Limon lata 33 cl,Piranã,,"1,35 €","(4,09 € / Litro)",
"Maçã Royal Gala 75/80 Peso Aproximado por cuvete 1,2 kg",,,"3,59 €","(2,99 € / Kg)",
"Mamão Brasil Peso Aproximado por unidade 1,3 kg",,,"4,59 €/kg",,
Babaria Fluido Hidratante Antimanchas embalagem 50 ml,Babaria,,"8,49 €","(169,80 € / Litro)",
Spontex Origin Pano Absorvente e Resistente Grande 1 unidade,Spontex Origin,,"4,59 €","(4,59 € / Unidade)",
Pringles Aperitivo Barbecue embalagem 40 g,Pringles,,"1,29 €","(32,25 € / Kg)",
Cuetara Bolachas Tosta Rica de Chocolate embalagem 210 g,Cuetara,,"2,89 €","(13,76 € / Kg)",
Paysan Breton Queijo Ralado Emmental embalagem 150 g,Paysan Breton,,"2,75 €","(18,33 € / Kg)",
"Stone Cerveja dos EUA IPA lata 35,5 cl",Stone,,"3,99 €","(11,24 € / Litro)",
Josema Tremoços frasco 470 g,Josema,,"2,45 €","(5,21 € / Kg)",
Veckia Máquina Depilatória + Recarga embalagem 2 unidades,Veckia,,"4,99 €","(4,99 € / Unidade)",
Renova Toalhitas de Mão embalagem 180 unidades,Renova,,"13,49 €","(0,07 € / Unidade)",
Quinta da Pacheca Vinho Tinto do Douro Superior garrafa 75 cl,Quinta da Pacheca,,"9,95 €","(13,27 € / Litro)",
Aliada Azeitonas Recheadas com Anchova Suave lata 150 g,Aliada,,"1,19 €","(7,93 € / Kg)",
Soalheiro Vinho Verde Alvarinho Branco garrafa 75 cl,Soalheiro,,"10,15 €","(13,53 € / Litro)",
Duracell Pilhas CR 2016 +50% Extra Life embalagem 2 unidades,Duracell,,"3,99 €",(2 € / Unidade),
Henri Leblanc Espumante Bruto de França Branco garrafa 75 cl,Henri Leblanc,,"6,49 €","(8,65 € / Litro)",
Piraquê Biscoitos Salgadinhos Presunto embalagem 100 g,Piraquê,,"1,79 €","(17,90 € / Kg)",
Curral Atlantis Vinho Branco dos Açores Verdelho garrafa 75 cl,Curral Atlantis,,"20,95 €","(27,93 € / Litro)",
Napolitana Macarronete Estriado embalagem 500 g,Napolitana,,"0,89 €","(1,78 € / Kg)",
Delta Forestry Café Moído Torrado Moagem Universal embalagem 220 g,Delta Forestry,,"4,49 €","(20,41 € / Kg)",
Próvida Sementes de Linhaça e Castanha Moída Bio embalagem 250 g,Próvida,,"1,99 €","(7,96 € / Kg)",
Scotch Brite Esfregão Vitrocerâmicas 3M embalagem 1 unidade,Scotch Brite,,"2,49 €","(2,49 € / Unidade)",
Airwick Ambientador Essential Oils Wintur Walks Duo embalagem 19 ml,Airwick,,"11,89 €","(625,79 € / Litro)",
Mabel Vizhoja Biscoito Banana e Canela embalagem 350 g,Mabel Vizhoja,,"3,19 €","(9,11 € / Kg)",
El Corte Inglés Pipocas com Sabor a Manteiga para Micro-Ondas Pack 3 embalagem 300 g,El Corte Inglés,,"1,20 €",(4 € / Kg),
Mars Whisky Japonês Kasei garrafa 70 cl,Mars,,"49,50 €","(70,71 € / Litro)",
Enso Molho Teryaki para Marinados frasco 150 ml,Enso,,"6,39 €","(42,60 € / Litro)",
Açaí Native Gelado de Açaí e Guaraná embalagem 160 ml,Açaí Native,,"2,69 €","(16,81 € / Litro)",
Veckia Desodorizante para Homem Estimulante Spray embalagem 150 ml,Veckia,,"1,29 €","(0,86 € / 10 ml.)",
De Marchi Tradicional Açaí Sport embalagem 205 g,De Marchi,,"3,29 €","(16,05 € / Kg)",
Frias Bebida de Soja com Cálcio embalagem 1 L,Frias,,"1,39 €","(1,39 € / Litro)",
Nescafé Dolce Gusto Café Sical Intensidade 7 embalagem 16 cápsulas,Nescafé Dolce Gusto,,"5,99 €","(0,37 € / Unidade)",
Oleander Passas Sultanas Biológicas embalagem 200 g,Oleander,,"2,89 €","(14,45 € / Kg)",
Red Bull Bebida Energética Pack 6 unidades embalagem 25 cl,Red Bull,,"8,59 €","(5,73 € / Litro)",
Anonas Peso Aproximado por unidade 400 g,,,"3,49 €/kg",,
Ahmad Tea Chá Preto Earl Grey embalagem 20 unidades,Ahmad Tea,,"3,24 €","(0,16 € / Unidade)",
Dietica Chá de Ervas Quebra Pedra embalagem 50 g,Dietica,,"1,79 €","(35,80 € / Kg)",
Miguelañez Chocolate para Fondue embalagem 175 g,Miguelañez,,"4,95 €","(28,29 € / Kg)",
Super Pop Original Detergente de Lavagem à Mão para Loiça Limão Concentrado embalagem 700 ml,Super Pop Original,,"1,89 €","(2,70 € / Litro)",
+ Cru Granola Crua com Cacau Biológica embalagem 300 g,+ Cru,,"7,15 €","(23,83 € / Kg)",
Coren Bife do Lombo Biológico Peso Aproximado por cuvete 350 g,Coren,,"6,63 €","(18,95 € / Kg)",
Danone Oikos Iogurte Grego de Natural Açucarado Pack 4 embalagem 110 g,Danone Oikos,,"2,39 €","(5,43 € / Kg)",
Kellogg's Special K Protein Cereais Granola com Frutos Vermelhos e Sementes embalagem 320 g,Kellogg's Special K Protein,,"3,99 €","(12,47 € / Kg)",
Aliada Cerveja Rubia lata 33 cl,Aliada,,"0,59 €","(1,79 € / Litro)",
Sumo Fresco de Cenoura e Maçã embalagem 500 ml,,,"1,99 €","(3,98 € / Litro)",
Sr. Bacalhau Lombos de Bacalhau embalagem 1 kg,Sr. Bacalhau,,"27,99 €","(27,99 € / Kg)",
Smileat Maçã e Laranja Biológica frasco 130 g,Smileat,,"1,69 €",(13 € / Kg),
Dez Prá Uma Bolo Chocolate para 6 pessoas embalagem 950 g,Dez Prá Uma,,"15,75 €","(16,58 € / Kg)",
Pescanova Caprichos do Mar sem Glúten 20 Unidades embalagem 400 g,Pescanova,,"3,39 €","(8,48 € / Kg)",
Barão Erva Mate embalagem 1 kg,Barão,,"8,49 €","(8,49 € / Kg)",
Perca à Posta Peso Aproximado por unidade 300 g,,,"9,99 €/kg",,
Barilla Molho de Tomate e Manjericão frasco 400 g,Barilla,,"3,99 €","(9,98 € / Kg)",
Magic Retouch Escova Cobre Brancos para Cabelo Preto embalagem 1 unidade,Magic Retouch,,"11,99 €","(11,99 € / Unidade)",
Costeletas de Borrego Peso Aproximado 800 g,,,"19,95 €/kg",,
Gullón Zero Bolachas Crocantes com Flocos de Aveia sem Açúcares Adicionados embalagem 280 g,Gullón Zero,,"2,29 €","(8,18 € / Kg)",
L'Oréal Elvive Total Reapair 5 Champô para Cabelos Estragados embalagem 400 ml,L'Oréal,,"5,99 €","(14,98 € / Litro)",
KH-7 Desengordurante Recarga 750 ml,KH-7,,"4,69 €","(6,25 € / Litro)",
Quanto Amaciador Concentrado Flores Silvestres embalagem 76 doses,Quanto,,"9,99 €","(0,13 € / Dose)",
Baileys Irish Cream de Morango garrafa 70 cl,Baileys,,"26,99 €","(38,56 € / Litro)",
El Corte Inglés Produto de Limpeza para Vitrocerâmica embalagem 500 ml,El Corte Inglés,,"1,99 €","(3,98 € / Litro)",
Quinta dos Termos Vinho Tinto da Beira Interior garrafa 75 cl,Quinta dos Termos,,"4,49 €","(5,99 € / Litro)",
Rians Queijo Roulé com Alho e Finas Ervas,Rians,,"28,19 €/kg",,
Nutrísse Creme Coloração Nº 7.0 Louro embalagem 190 ml,Nutrísse Creme,,"9,49 €","(49,95 € / Litro)",
Wyke Farms Queijo do Reino Unido Extra Maduro embalagem 200 g,Wyke Farms,,"4,75 €","(23,75 € / Kg)",
Cosi Bio Fiambre Cozido em Fatias sem Glúten Biológico embalagem 80 g,Cosi Bio,,"6,29 €","(78,62 € / Kg)",
Wilkinson Sword Hydro 5 Máquinas Recargas embalagem 8 unidades,Wilkinson Sword Hydro 5,,"34,85 €","(4,36 € / Unidade)",
Danone Original Iogurte Natural Açucarado Pack 2 embalagem 130 g,Danone Original,,"1,75 €","(6,73 € / Kg)",
"Ramos Pinto Quinta de Ervamoira Vinho do Porto Vintage garrafa 37,5 cl",Ramos Pinto Quinta de Ervamoira,,"31,50 €",(84 € / Litro),
"Fiel Pera Conferência Peso Aproximado por cuvete 1,2 kg",Fiel,,"3,47 €","(2,89 € / Kg)",
Raposeira Espumante Peerless Bruto garrafa 75 cl,Raposeira,,"11,19 €","(14,92 € / Litro)",
Magellan Gin garrafa 70 cl,Magellan,,"34,90 €","(49,86 € / Litro)",
Grand-Mère Paté com Cogumelos kg,Grand-Mère,,"23,69 €/kg",,
Savora Mostarda Dijon frasco 190 g,Savora,,"2,69 €","(14,16 € / Kg)",
Beyond Meat Hambúrguer Vegan sem Glúten embalagem 226 g,Beyond Meat,,"3,99 €","(17,65 € / Kg)",
Odenwald Compota de Maçã Assada frasco 720 ml,Odenwald,,"4,49 €","(6,24 € / Litro)",
Oral-B Trident Pastilhas Peppermint sem Açúcar embalagem 17 g,Oral-B Trident,,"1,25 €","(73,53 € / Kg)",
Tété Queijo Fresco Magro Pequeno embalagem 80 g,Tété,,"0,85 €","(1,06 € / 100 gr.)",
El Corte Inglés Selection Queijo de Espanha Curado Elaborado com Leite Cru Peso Aproximado por unidade 1 kg,El Corte Inglés Selection,,"16,85 €/kg",,
El Corte Inglés Azeite Virgem Extra garrafa 750 ml,El Corte Inglés,,"3,24 €","(4,32 € / Litro)",
Iswari Pequeno Almoço de Banana e Maçã sem Glúten Biológico embalagem 400 g,Iswari,,"8,49 €","(21,22 € / Kg)",
O'Haras Cerveja Irish Stout garrafa 33 cl,O'Haras,,"2,59 €","(7,85 € / Litro)",
Vitalis Água sem Gás Pack 6 garrafa 33 cl,Vitalis,,"1,35 €","(0,68 € / Litro)",
Clama Vinho Tinto do Douro Touriga Nacional garrafa 75 cl,Clama,,"6,49 €","(8,65 € / Litro)",
Walkers Shortbread Bolachas de Manteiga Rounds embalagem 150 g,Walkers Shortbread,,"3,95 €","(26,33 € / Kg)",
Quinta de Chocapalha Vinho Branco de Lisboa Chardonnay garrafa 75 cl,Quinta de Chocapalha,,"9,49 €","(12,65 € / Litro)",
Hempology Chá de Cânhamo com Calendula e Verbena Biológico embalagem 25 g,Hempology,,"8,89 €","(355,60 € / Kg)",
Mestre Henriques Chouriço Extra Picante unidade 220 g,Mestre Henriques,,"3,59 €","(16,32 € / Kg)",
Villa Maria Vinho Branco da Nova Zelândia Gewurztraminer garrafa 75 cl,Villa Maria,,"11,49 €","(15,32 € / Litro)",
Maria Mansa Vinho Tinto do Douro DOC garrafa 75 cl,Maria Mansa,,"8,80 €","(11,73 € / Litro)",
Skip Detergente Liquido de Roupa Cores embalagem 60 doses,Skip,,"12,49 €","(0,21 € / Dose)",
Delícias Ti Maria Queijo Regional de Ovelha Merendeira Curado Queijaria Cachopas unidade 150 g,Delícias Ti Maria,,"4,99 €","(33,27 € / Kg)",
Castello D'Alba Vinho Tinto do Douro Superior 2019 garrafa 75 cl,Castello D'Alba,,"14,90 €","(19,87 € / Litro)",
7Th Heaven Máscara de Limpeza Facial Peel-Off Carvão + Argila embalagem 100 ml,7Th Heaven,,"6,95 €","(69,50 € / Litro)",
Fructis Hidra Liso Condicionador para Cabelos Difíceis de Alisar embalagem 200 ml,Fructis Hidra Liso,,"3,99 €","(19,95 € / Litro)",
Salutem Rooibos Chá Vermelho embalagem 10 unidades,Salutem,,"0,99 €","(0,10 € / Unidade)",
"Martiko Sortido de Fumados, Salmão, Atum e Bacalhau embalagem 100 g",Martiko,,"7,39 €","(73,90 € / Kg)",
Estrella Galicia Cerveja de Espanha Preta sem Álcool Pack 6 garrafa 25 cl,Estrella Galicia,,"4,19 €","(2,79 € / Litro)",
Asturiana Manteiga Ligeira embalagem 250 g,Asturiana,,"2,49 €","(9,96 € / Kg)",
Heller Rebuçados de Fruta Sortida embalagem 175 g,Heller,,"1,99 €","(11,37 € / Kg)",
El Corte Inglés Esfregão Verde Pack 4 embalagem,El Corte Inglés,,"0,95 €","(0,24 € / Unidade)",
Cabeça de Toiro Conjunto 2 Vinhos do Tejo Reserva Tinto garrafa 75 cl,Cabeça de Toiro,,"14,98 €","(9,99 € / Litro)",
Vitamont Sumo de Frutas Vita 12 Biológico embalagem 20 cl,Vitamont,,"1,49 €","(7,45 € / Litro)",
Weetabix Cereais Crispy Minis Choco embalagem 450 g,Weetabix,,"3,69 €","(8,20 € / Kg)",
Veet Minima Creme Facial Depilatório embalagem 100 ml,Veet Minima,,"7,99 €","(79,90 € / Litro)",
Margão Louro em Folhas embalagem 7 g,Margão,,"1,49 €","(212,86 € / Kg)",
Borututo Chá embalagem 20 unidades,Borututo,,"11,19 €","(0,56 € / Unidade)",
Montegusto Lombo de Javali sem Glúten Peso Aproximado por embalagem 400 g,Montegusto,,"9,60 €","(23,99 € / Kg)",
Bote Vinho Tinto de Lisboa garrafa 75 cl,Bote,,"4,49 €","(5,99 € / Litro)",
Holle Biscoitos de Trigo e Espelta Biológicos embalagem 150 g,Holle,,"4,59 €","(30,60 € / Kg)",
Jordan Escova de Dentes Infantil 3-5 Anos embalagem 1 unidade,Jordan,,"2,99 €","(2,99 € / Unidade)",
Charles Quint Cerveja da Bélgica Blonde garrafa 33 cl,Charles Quint,,"2,65 €","(8,03 € / Litro)",
Espiga Pimentão Doce Colorau frasco 45 g,Espiga,,"1,45 €","(32,22 € / Kg)",
Aurora Waffles Pack 4 embalagem 220 g,Aurora,,"2,49 €","(11,32 € / Kg)",
Gelpeixe Lombos de Salmão embalagem 300 g,Gelpeixe,,"10,59 €","(35,30 € / Kg)",
Axe Apollo Desodorizante Spray embalagem 150 ml,Axe Apollo,,"3,59 €","(23,93 € / Litro)",
Camélia Morimoto Secha com Matcha Biológico embalagem 100 g,Camélia,,"14,75 €","(147,50 € / Kg)",
Vive Soy Bebida Vegetal de Amêndoas sem Açúcar embalagem 1 L,Vive Soy,,"2,45 €","(2,45 € / Litro)",
Lindor Resguardo Salvacamas Adultos 60x90 cm embalagem 15 unidades,Lindor,,"9,11 €","(0,49 € / Unidade)","9,11 €"
Castello D'Alba Vinho Branco do Douro Reserva garrafa 75 cl,Castello D'Alba,,"9,49 €","(12,65 € / Litro)",
Maybelline Super Stay 30H Base Líquida Nº 48 Sun Beige embalagem 1 unidade,Maybelline Super Stay 30H,,"13,99 €","(13,99 € / Unidade)",
Pousio Vinho Tinto do Alentejo Reserva garrafa 75 cl,Pousio,,"10,90 €","(14,53 € / Litro)",
Provamel Bebida de Aveia Biológica embalagem 1 L,Provamel,,"2,19 €","(2,19 € / Litro)",
Nivea Men Dry Impact Desodorizante Spray Anti-Transpirante embalagem 200 ml,Nivea Men Dry Impact,,"2,99 €","(14,95 € / Litro)",
El Corte Inglés Pimentos Vermelhos Pack 3 lata 420 g,El Corte Inglés,,"2,24 €","(12,44 € / Kg)",
Rola Pipa Vinho Branco dos Açores do Pico garrafa 75 cl,Rola Pipa,,"24,90 €","(33,20 € / Litro)",
Sensodyne Repair & Protect Pasta de Dentes embalagem 75 ml,Sensodyne Repair & Protect,,"4,99 €","(66,53 € / Litro)",
Central Queijo Pecorino com Trufas kg,Central,,"59,98 €/kg",,
M&M'S Drageias de Chocolate com Amendoins embalagem 45 g,M&M'S,,"1,05 €","(23,33 € / Kg)",
Nutrísse Ultra Color Coloração Nº 5.62 Vermelho Ousado embalagem 190 ml,Nutrísse Ultra Color,,"9,49 €","(49,95 € / Litro)",
Aliada Doce de Morango Extra frasco 410 g,Aliada,,"1,49 €","(3,63 € / Kg)",
Krisprolls Tostas Integrais embalagem 225 g,Krisprolls,,"2,35 €","(10,44 € / Kg)",
Nobre Fiambre da Perna Extra em Fatias sem Glúten embalagem 120 g,Nobre,,"2,69 €","(22,42 € / Kg)",
Delirium Cerveja da Bélgica Red garrafa 33 cl,Delirium,,"3,59 €","(10,88 € / Litro)",
Happy Cow Queijo Magro em Fatias embalagem 200 g,Happy Cow,,"1,99 €","(9,95 € / Kg)",
Buondi Café Torrado em Grão Extreme Intensidade 12 embalagem 220 g,Buondi,,"3,69 €","(16,77 € / Kg)",
Belvedere Vodka Pure garrafa 70 cl,Belvedere,,"45,95 €","(65,64 € / Litro)",
Garnier Olia Coloração de Longa Duração Nº 6.3 Louro Escuro Dourado embalagem 1 unidade,Garnier Olia,,"11,99 €","(11,99 € / Unidade)",
Condi Açúcar Baunilhado embalagem 25 g,Condi,,"0,84 €","(33,60 € / Kg)",
Milaneza Bagos embalagem 250 g,Milaneza,,"0,84 €","(3,36 € / Kg)",
Soft&Co Óleo de Abacate Puro Vegetal embalagem 40 ml,Soft&Co,,"7,99 €","(199,75 € / Litro)",
1800 Tequila Silver Reserva garrafa 70 cl,1800,,"32,99 €","(47,13 € / Litro)",
Mr. Cheese Queijo Alemão com Presunto Porção Peso Aproximado por unidade 190 g,Mr. Cheese,,"23,99 €/kg",,
Milka Bubbly Chocolate de Leite Buflee embalagem 90 g,Milka Bubbly,,"1,69 €","(18,78 € / Kg)",
Casa do Porco Preto Presunto da Pá Ibérico Bolota Fatiada unidade 80 g,Casa do Porco Preto,,"10,99 €","(137,38 € / Kg)",
El Pozo Lascas de Presunto Ibérico unidade 80 g,El Pozo,,"6,99 €","(87,38 € / Kg)",
Artesans Chupa Chupa embalagem 40 g,Artesans,,"0,99 €","(24,75 € / Kg)",
Canderel Chocolate de Leite com Cereal Crocante sem Açúcar embalagem 100 g,Canderel,,"2,59 €","(25,90 € / Kg)",
Renova Guardanapos Folha Dupla Decorada embalagem 80 unidades,Renova,,"2,99 €","(0,04 € / Unidade)",
El Corte Inglés Feijocas Extra Cozidas frasco 400 g,El Corte Inglés,,"0,89 €","(2,22 € / Kg)",
Karta Vinho Tinto do Douro garrafa 75 cl,Karta,,"4,99 €","(6,65 € / Litro)",
Appel Arenque em Molho de Ervas Finas lata 200 g,Appel,,"3,79 €","(18,95 € / Kg)",
La Fabrique Green Escova de Cabelo Rectangular de Madeira Vegan embalagem 1 unidade,La Fabrique Green,,"7,79 €","(7,79 € / Unidade)",
Pantene Miracles Champô Anti-Frizz embalagem 225 ml,Pantene Miracles,,"5,99 €","(26,62 € / Litro)",
Vista Alegre Vinho do Porto Vintage 2016 garrafa 75 cl,Vista Alegre,,"42,90 €","(57,20 € / Litro)",
Dione Zero Gelado de Straciatella sem Açúcar copo 00 ml,Dione Zero,,"6,99 €","(10,48 € / Litro)","6,99 €"
Quinta Vale do Ruivo Vinho Tinto da Beira Interior garrafa 75 cl,Quinta Vale do Ruivo,,"8,95 €","(11,93 € / Litro)",
Agros Leite Uht Meio Gordo sem Lactose embalagem 1 L,Agros,,"1,25 €","(1,25 € / Litro)",
El Corte Inglés Iogurte Líquido de Morango embalagem 1 L,El Corte Inglés,,"1,39 €","(1,11 € / Kg)","1,39 €"
Royal Gelatina Light de Melancia embalagem 31 g,Royal,,"2,09 €","(67,42 € / Kg)",
Eu Nutrition Amêndoas Cruas com Pele Biológicas embalagem 150 g,Eu Nutrition,,"4,29 €","(28,60 € / Kg)",
Air Wick Freshmatic Touch Of Luxury Ambientador Eléctrico Smooth Satin e Moon Lilly Recarga embalagem 21 ml,Air Wick Freshmatic Touch Of Luxury,,"5,99 €","(285,24 € / Litro)",
Presunto Ouro 100% Ibérico Bolota ao peso 1 kg,,,"69,95 €/kg",,
El Corte Inglés Gomas Tronquitos de Morango embalagem 200 g,El Corte Inglés,,"0,89 €","(4,45 € / Kg)",
"Danone Iogurte de Banana, Laranja e Bolacha Pack 4 embalagem 120 g",Danone,,"2,39 €","(4,98 € / Kg)",
Babaria Creme  Proteção Luz Azul Anti-Envelhecimento embalagem 50 ml,Babaria,,"6,99 €","(139,80 € / Litro)",
Calgon Sal para Máquina de Loiça embalagem 1 kg,Calgon,,"2,59 €","(2,59 € / Kg)",
Nescafé Cappuccino Café Solúvel 10 Saquetas embalagem 140 g,Nescafé,,"3,19 €","(227,86 € / Kg)",
Dom Vicente Vinho Branco do Dão Reserva garrafa 75 cl,Dom Vicente,,"13,99 €","(18,65 € / Litro)",
Quintinha D'Aldeia Queijo de Cabra Pack 2 unidade 150 g,Quintinha D'Aldeia,,"4,69 €","(31,27 € / Kg)",
"Trinca Bolotas Vinho Tinto do Alentejo Herdade do Peso Magnum garrafa 1,5 L",Trinca Bolotas,,"17,99 €","(11,99 € / Litro)",
Libella Espetinhos de Queijo Coalho embalagem 120 g,Libella,,"3,99 €","(33,25 € / Kg)",
Aliança Espumante Danúbio Meio Seco garrafa 75 cl,Aliança,,"5,99 €","(7,99 € / Litro)",
Selza Água com Gás e Álcool Low Carb Vegan com Sabor a Lima e Hortelã lata 25 cl,Selza,,"1,59 €","(6,36 € / Litro)",
Camomila Intea Loção Capilar Reflexos Louros para Cabelo Castanho ou Louro Escuro embalagem 100 ml,Camomila Intea,,"13,49 €","(134,90 € / Litro)",
Natural Cool Batatas Fritas Country Biológicas embalagem 450 g,Natural Cool,,"3,59 €","(7,98 € / Kg)",
Castello D'Alba Vinho Branco do Douro Moscatel Galego garrafa 75 cl,Castello D'Alba,,"8,49 €","(11,32 € / Litro)",
Go Tan Thai Crackers embalagem 50 g,Go Tan,,"1,69 €","(33,80 € / Kg)",
Dr. Bentes Rebuçados de Mentol e Eucalipto embalagem 100 g,Dr. Bentes,,"1,09 €","(10,90 € / Kg)",
Ermitage Queijo Raclette em Fatias unidade 200 g,Ermitage,,"3,89 €","(19,45 € / Kg)",
"Sunny Delight Florida embalagem 1,25 L",Sunny Delight,,"1,99 €","(1,59 € / Litro)",
Buondi Café para Nespresso Encorpado Intensidade 9 embalagem 10 cápsulas,Buondi,,"3,79 €","(0,38 € / Unidade)",
La Buona Terra Gressinos Integrais Biológicos embalagem 120 g,La Buona Terra,,"1,79 €","(14,92 € / Kg)",
Skittles Drageias de Fruta embalagem 174 g,Skittles,,"2,49 €","(14,31 € / Kg)",
Larroche Feijão Verde lata 400 g,Larroche,,"2,35 €","(5,88 € / Kg)",
Napolitana Pevide embalagem 250 g,Napolitana,,"0,55 €","(2,20 € / Kg)",
Du Bois de La Roche Palmiers Kids embalagem 100 g,Du Bois de La Roche,,"1,15 €","(11,50 € / Kg)",
Porminho Morcela Fumada embalagem 180 g,Porminho,,"2,09 €","(11,61 € / Kg)",
Snock Cheeseburguer de Frango Pack 2 embalagem 120 g,Snock,,"3,45 €","(14,38 € / Kg)",
Provamel Bebida de Arroz Biológica embalagem 1 L,Provamel,,"2,05 €","(2,05 € / Litro)",
Ausonia Ultrafina Pensos Higiénicos com Abas Normal embalagem 14 unidades,Ausonia Ultrafina,,"1,99 €","(0,14 € / Unidade)",
Jardin Bio Linguine com Tinta de Chocos Biológico embalagem 500 g,Jardin Bio,,"5,95 €","(11,90 € / Kg)",
Espiga Alho e Limão frasco 24 g,Espiga,,"2,19 €","(91,25 € / Kg)",
Florette Molho Vinagrete embalagem 250 ml,Florette,,"2,39 €","(9,56 € / Litro)",
Naturefoods Cenouras e Ervilhas sem Glúten Biológicas frasco 340 g,Naturefoods,,"1,99 €","(5,85 € / Kg)",
Giz Vinho Tinto da Bairrada Vinhas Velhas garrafa 75 cl,Giz,,"24,90 €","(33,20 € / Litro)",
"Knorr Tempero Tempero de Alho, Louro e Pimentão 8 Cubos embalagem 72 g",Knorr Tempero,,"2,30 €","(31,94 € / Kg)",
Minhofumeiro Chouriço Mouro embalagem 190 g,Minhofumeiro,,"3,49 €","(16,26 € / Kg)","3,49 €"
El Pastor Pérolas de Queijo Recheado com Manga embalagem 125 g,El Pastor,,"2,89 €","(23,12 € / Kg)",
Old Amsterdam Queijo Semi Curado Cortado unidade 200 g,Old Amsterdam,,"5,45 €","(27,25 € / Kg)",
Pato Real Arroz Integral Nutriminuto embalagem 250 g,Pato Real,,"2,79 €","(11,16 € / Kg)",
Sensodyne Pasta de Dentes Herbal com Extracto de Eucalipto e Funcho embalagem 75 ml,Sensodyne,,"3,99 €","(53,20 € / Litro)",
Red Bull Bebida Energética sem Açúcar lata 25 cl,Red Bull,,"1,39 €","(5,56 € / Litro)",
Bom Petisco Sardinhas sem Pele e sem Espinhas em Azeite lata 120 g,Bom Petisco,,"2,79 €","(23,25 € / Kg)",
Président Queijo Petit Camembert Tartine unidade 135 g,Président,,"2,59 €","(19,19 € / Kg)",
Ceres 100% Sumo de Manga sem Açúcar embalagem 200 ml,Ceres,,"0,95 €","(4,75 € / Litro)",
Vitasnack Abóbora Crocante Biológica embalagem 24 g,Vitasnack,,"2,99 €","(124,58 € / Kg)",
"Sical Café Torrado Moído Lote Clássico África, Ásia e Brasil Moagem Grossa Intensidade 10 embalagem 250 g",Sical,,"3,59 €","(14,36 € / Kg)",
Pimento Padrão embalagem 200 g,,,"1,79 €","(8,95 € / Kg)",
El Corte Inglés Pimenta Preta Moída embalagem 100 g,El Corte Inglés,,"3,49 €","(34,90 € / Kg)",
Nissin Sopa Miso Demae Ramen embalagem 100 g,Nissin,,"1,49 €","(14,90 € / Kg)",
Président Manteiga com Sal Magra embalagem 250 g,Président,,"2,65 €","(10,60 € / Kg)",
Pio Cesare Vinho Tinto de Itália Langhe Nebbiolo garrafa 75 cl,Pio Cesare,,"26,50 €","(35,33 € / Litro)",
Smint Rebuçados Peppermint embalagem 35 g,Smint,,"2,19 €","(62,57 € / Kg)",
Danacol Iogurte Líquido de Frutos Exóticos sem Açúcar Pack 6 embalagem 100 g,Danacol,,"2,99 €","(4,98 € / Kg)",
Aussie Champô de Cânhamo embalagem 300 ml,Aussie,,"7,99 €","(26,63 € / Litro)",
Dodot Fraldas Cuidado Total T2 embalagem 56 unidades,Dodot,,"16,40 €","(0,29 € / Unidade)",
Glade Ambientador Sense & Spray Apple Cosy & Cider embalagem 18 ml,Glade,,"9,99 €",(555 € / Litro),
Rians Queijo Le Roulé com Arandos Peso Aproximado por unidade 950 g,Rians,,"29,99 €/kg",,
Lacasa Trufas de Chocolate 70% embalagem 150 g,Lacasa,,"3,49 €","(23,27 € / Kg)",
"Natura Bulgur, Lentilhas, Cevada,Tomate e Azeitonas Sabores do do Mediterrâneo 2 porções embalagem 250 g",Natura,,"1,99 €","(7,96 € / Kg)",
Cem Porcento Infusão Dren Activ com Sabor a Ananás embalagem 13 g,Cem Porcento,,"1,09 €","(83,85 € / Kg)",
Delta Café Lote Chávena embalagem 16 pastilhas,Delta,,"2,75 €","(24,55 € / Kg)",
Margão Curcuma Açafrão das Indias embalagem 35 g,Margão,,"1,19 €",(34 € / Kg),
Avibom Frango Cozido Desfiado embalagem 350 g,Avibom,,"6,49 €","(18,54 € / Kg)",
Starbucks Café Italian Style Roast para Nespresso Intensidade 11 embalagem 10 cápsulas,Starbucks,,"4,49 €","(0,45 € / Unidade)",
Triple Karmeliet Cerveja + 2 Copos garrafa 75 cl,Triple Karmeliet,,"19,99 €","(26,65 € / Litro)",
Lombo de Porco com Alho sem Glúten Peso Aproximado por cuvete 500 g,,,"4,47 €","(8,95 € / Kg)",
Noglut Santiveri Cereais de Cacau e Mel sem Glúten embalagem 225 g,Noglut Santiveri,,"4,40 €","(19,56 € / Kg)",
William Hinton Rum da Madeira 3 Anos garrafa 70 cl,William Hinton,,"20,99 €","(29,99 € / Litro)",
Neves Vinho Rosé da Bairrada Merlot garrafa 75 cl,Neves,,"8,10 €","(10,80 € / Litro)",
Glade Ambientador Vela Vanilla embalagem 129 g,Glade,,"4,99 €","(38,68 € / Kg)",
Matilde Vicenzi Bolos Amaretto de Itália embalagem 200 g,Matilde Vicenzi,,"2,99 €","(14,95 € / Kg)",
Macal Chourição Extra em Fatias unidade 90 g,Macal,,"1,15 €","(12,78 € / Kg)",
Aliada Vassoura para o Chão para Espaços Pequenos embalagem 1 unidade,Aliada,,"1,95 €","(1,95 € / Unidade)",
Botanicals Spray Multiusos de Origem Natural Flor de Laranjeira e Folhas Cítricas Ecológico embalagem 500 ml,Botanicals,,"4,99 €","(5,98 € / Litro)","4,99 €"
Ferbar Feijão Branco Cozido com Pouco Sal lata 420 g,Ferbar,,"1,29 €","(3,07 € / Kg)",
Camomila Intea Loção Capilar Louro Infantil embalagem 100 ml,Camomila Intea,,"12,89 €","(128,90 € / Litro)",
El Corte Inglés Torrão de Coco sem Glúten embalagem 250 g,El Corte Inglés,,"2,25 €",(9 € / Kg),
Palette Coloração Intensive Permanente Preto Nº 1 embalagem 1 unidade,Palette,,"6,99 €","(6,99 € / Unidade)",
José Posada Farinha de Castanha frasco 530 g,José Posada,,"7,45 €","(13,19 € / Kg)","7,45 €"
El Corte Inglés Pão de Forma Integral embalagem 450 g,El Corte Inglés,,"1,69 €","(3,76 € / Kg)",
Budweiser Cerveja Budweiser garrafa 33 cl,Budweiser,,"1,59 €","(4,82 € / Litro)",
Vidal Gomas Mega Sortido embalagem 100 g,Vidal,,"1,39 €","(13,90 € / Kg)",
Próvida Creme para Barrar de Avelã sem Pele Biológico embalagem 230 g,Próvida,,"6,79 €","(29,52 € / Kg)",
El Corte Inglés Selection Picos 100% Integrais embalagem 250 g,El Corte Inglés Selection,,"1,45 €","(5,80 € / Kg)",
Snack de Fuet ao peso kg,,,"39,99 €/kg",,
Jos Poell Gressinos Naturais embalagem 100 g,Jos Poell,,"2,35 €","(23,50 € / Kg)",
Legado Fiambre de Peru com Trufas e Boletus,Legado,,"16,99 €/kg",,
Walkers Cookies de Manteiga de Frutas e Limão embalagem 150 g,Walkers,,"4,15 €","(27,67 € / Kg)",
Ti-ti Batatas Fritas embalagem 50 g,Ti-ti,,"0,60 €",(12 € / Kg),
Fiorentini Snack de Milho com Rosmaninho Biológico embalagem 50 g,Fiorentini,,"1,89 €","(37,80 € / Kg)",
Neo Blanc Wc Gel com Lixívia Lavanda embalagem 700 ml,Neo Blanc Wc Gel,,"2,55 €","(2,36 € / Litro)","2,55 €"
Vieira Milenium Bolachas de Chocolate Recheadas com Natas embalagem 163 g,Vieira Milenium,,"1,09 €","(6,69 € / Kg)",
"Ambi Pur Ambientador Eléctrico Tatami do Japão difusor 21,5 ml",Ambi Pur,,"5,39 €","(250,70 € / Litro)",
Margão Bio Oregãos Folhas Biológicos frasco 10 g,Margão Bio,,"2,39 €",(239 € / Kg),
Randy Massa Folhada de Tomate e Mozzarella embalagem 260 g,Randy,,"4,99 €","(19,19 € / Kg)",
Carte D'Or Gelado Cheesecake com Caramelo Salgado Les Desserts embalagem 900 ml,Carte D'Or,,"5,49 €","(6,10 € / Litro)",
Beirabaga Amêndoas com Sal frasco 125 g,Beirabaga,,"4,19 €","(33,52 € / Kg)",
Lipton Ice Tea Double de Frutos Exóticos garrafa 2 L,Lipton Ice Tea,,"2,65 €","(1,32 € / Litro)",
Sanytol Sabonete Líquido para as Mãos Desinfectante Nutritivo com Leite de Amêndoa embalagem 250 ml,Sanytol,,"4,19 €","(16,76 € / Litro)",
Hochland Queijo Sabanitas Light -30% de Gordura em Fatias sem Glúten embalagem 150 g,Hochland,,"1,89 €","(12,60 € / Kg)",
Fructis Pure Non Stop Champô Menta Fresh Anti-Caspa para Cabelos Oleosos com Caspa embalagem 400 ml,Fructis Pure Non Stop,,"5,99 €","(14,98 € / Litro)",
The Famous Grouse Whisky Ruby Cask garrafa 70 cl,The Famous Grouse,,"20,99 €","(29,99 € / Litro)",
Lancers Vinho Rosé garrafa 75 cl,Lancers,,"3,99 €","(5,32 € / Litro)",
Fumeiros da Guarda Chouriço unidade 200 g,Fumeiros da Guarda,,"2,95 €","(14,75 € / Kg)",
Santini Gelado de Nata embalagem 500 ml,Santini,,"14,95 €","(29,90 € / Litro)",
Consensual Vinho Rosé do Douro garrafa 75 cl,Consensual,,"7,49 €","(9,99 € / Litro)",
Lindt Gold Chocolate Branco com Amêndoas embalagem 300 g,Lindt Gold,,"7,99 €","(26,63 € / Kg)",
Veckia Loção para o Corpo Reafirmante para Todos os Tipos de Pele embalagem 400 ml,Veckia,,"2,35 €","(0,59 € / 10 ml.)",
Popz Pipocas Doces e Salgadas para Micro Ondas embalagem 85 g,Popz,,"1,10 €","(12,94 € / Kg)",
Espiga Louro Folha embalagem 10 g,Espiga,,"1,05 €",(105 € / Kg),
Ritter Sport Chocolate Preto 61% Nicaragua embalagem 100 g,Ritter Sport,,"2,39 €","(23,90 € / Kg)",
Posta de Vitela Mirandesa Peso Aproximado 250 g,,,"21,95 €/kg",,
Naked Noodle Sopa Pad Thai Ramen Noodles embalagem 25 g,Naked Noodle,,"1,09 €","(43,60 € / Kg)",
Quinta de Ventozelo Vinho Tinto do Douro Touriga França garrafa 75 cl,Quinta de Ventozelo,,"13,90 €","(18,53 € / Litro)",
Pipocas Doces Coloridas embalagem 150 g,,,"1,05 €",(7 € / Kg),
Quinta da Marinha Peito de Pato Peso Aproximado por embalagem 250 g,Quinta da Marinha,,"4,94 €","(19,75 € / Kg)",
Casa de Paços Vinho Branco do Minho Fernão Pires garrafa 75 cl,Casa de Paços,,"5,35 €","(7,13 € / Litro)",
Grand'Arte Vinho Branco de Lisboa Chardonnay garrafa 75 cl,Grand'Arte,,"6,15 €","(8,20 € / Litro)",
Margão Cravinho em Grão frasco 23 g,Margão,,"2,59 €","(112,61 € / Kg)",
Nestlé Bombons Sortido de Chocolate Preto Dark Sublime 70% Cacau embalagem 85 g,Nestlé,,"3,49 €","(41,06 € / Kg)",
Scotch Brite Esregão Metálico embalagem 3 unidades,Scotch Brite,,"2,49 €","(0,83 € / Unidade)",
Papel Higiénico Design Kids embalagem 4 unidades,,,"2,49 €","(0,62 € / Unidade)",
Renova Sensitive Papel Higiénico Ultra Forte Embalado em Papel embalagem 4 unidades,Renova Sensitive,,"2,49 €","(0,62 € / Unidade)",
Quinta do Monte Bravo Vinho Tinto do Douro Reserva garrafa 75 cl,Quinta do Monte Bravo,,"8,99 €","(11,99 € / Litro)",
Martiko Carpaccio de Salmão Fumado sem Açúcar embalagem 80 g,Martiko,,"6,59 €","(74,88 € / Kg)","6,59 €"
Montiqueijo Queijo Fresco de Vaca Pasteurizado Meio Gordo embalagem 200 g,Montiqueijo,,"1,65 €","(8,25 € / Kg)",
Miguel Vergara Medalhões de Rabadilha Angus Skin peso aproximado por embalagem 1 kg,Miguel Vergara,,"24,95 €","(24,95 € / Kg)",
Mars Bolachas de Chocolate com Pepitas de Caramelo embalagem 162 g,Mars,,"3,09 €","(19,07 € / Kg)",
Fabs Bolacha de Chocolate Negro Origin Tanzania embalagem 150 g,Fabs,,"2,89 €","(19,27 € / Kg)",
Próvida Biscoitos de Sésamo Biológicos embalagem 250 g,Próvida,,"2,45 €","(9,80 € / Kg)",
Dina Aguiar Vinho Tinto do Douro Reserva garrafa 75 cl,Dina Aguiar,,"14,35 €","(19,13 € / Litro)",
Lola Creme de Pentear Meu Cacho embalagem 500 g,Lola,,"15,97 €","(31,94 € / Kg)",
Royal Ovas de Capelão Pretas unidade 50 g,Royal,,"3,39 €","(67,80 € / Kg)",
Quinta do Infantado Vinho do Porto Reserva Biológico garrafa 75 cl,Quinta do Infantado,,"17,99 €","(23,99 € / Litro)",
Pantene Aqua Light Champô para Cabelo Fino embalagem 360 ml,Pantene Aqua Light,,"4,99 €","(13,86 € / Litro)",
Couve Portuguesa Peso Aproximado 900 g,,,"1,99 €/kg",,
Gallo Azeite Virgem Extra Primeiro Azeite garrafa 500 ml,Gallo,,"5,99 €","(11,98 € / Litro)",
Oral-B Satin Tape Fio Dental com Sabor a Menta embalagem 25 m,Oral-B Satin Tape,,"2,35 €","(0,09 € / Metro)",
Access' Bicarbonato de Sódio Branqueador embalagem 75 g,Access',,"5,99 €","(79,87 € / Kg)",
Pantene Hair Biology Condicionador Controlo de Frizz e Luminosidade embalagem 250 ml,Pantene Hair Biology,,"4,99 €","(19,96 € / Litro)",
"L'Oréal Elvive Dream Long Mousse Waves Waterfall para Cabelo Comprido, Ondulado embalagem 200 ml",L'Oréal,,"7,99 €","(39,95 € / Litro)",
Simón Coll Lápis de Chocolate embalagem 20 g,Simón Coll,,"0,99 €","(49,50 € / Kg)",
El Corte Inglés Salsichão de Peru sem Glúten Pack 2 embalagem 150 g,El Corte Inglés,,"2,35 €","(15,67 € / Kg)",
Gazela Vinho Verde Branco garrafa 75 cl,Gazela,,"3,79 €","(5,05 € / Litro)",
Persil Premium Detergente para a Máquina da Roupa Limpo e Fresco embalagem 60 doses,Persil Premium,,"24,99 €","(0,42 € / Dose)",
El Corte Inglés Selection Pimentos de Piquillo Inteiros Assados com Tempero à La Guilho frasco 290 g,El Corte Inglés Selection,,"3,99 €","(13,76 € / Kg)",
Nestlé Estrelitas Cereais de Mel embalagem 550 g,Nestlé Estrelitas,,"4,19 €","(7,62 € / Kg)",
Blue Dragon Pauzinhos de Bambu embalagem 8 unidades,Blue Dragon,,"2,79 €","(0,35 € / Unidade)",
Banzé Insecticida em Gel para Formigas embalagem 5 g,Banzé,,"5,99 €",(1.198 € / Kg),
Bolo Mousse de Chocolate 1 unidade,,,"4,50 €",,
Beirabaga Doce de Amora frasco 270 g,Beirabaga,,"3,49 €","(12,93 € / Kg)",
Quinta de Lafões Pernas de Frango do Campo Peso Aproximado por cuvete 700 g,Quinta de Lafões,,"5,57 €","(7,95 € / Kg)",
Codyfer Palmilhas Tamanho 35-36 1 par,Codyfer,,"3,95 €","(3,95 € / Unidade)",
Bolachas de Coco embalagem 403 g,,,"3,19 €","(7,92 € / Kg)",
Vale da Arca Azeite Virgem Extra Gourmet garrafa 500 ml,Vale da Arca,,"4,99 €","(9,98 € / Litro)",
Pronto Limpa Móveis Cuidado Madeira Limão spray 300 ml,Pronto,,"4,79 €","(11,97 € / Litro)","4,79 €"
La Molisana Massa Integral Penne Rigate embalagem 500 g,La Molisana,,"1,99 €","(3,98 € / Kg)",
Próvida Tofu Biológico embalagem 250 g,Próvida,,"1,89 €","(7,56 € / Kg)",
Riso Gallo Arroz para Risotto embalagem 500 g,Riso Gallo,,"2,05 €","(4,10 € / Kg)",
Garnier Skin Naturals Creme Hidratante Nutritivo Vitaminado embalagem 50 ml,Garnier Skin Naturals,,"5,99 €","(119,80 € / Litro)",
My Smoothie 100% Sumo de Mirtilo embalagem 25 cl,My Smoothie,,"1,45 €","(5,80 € / Litro)",
Koala Wraps de Trigo 6 Unidades embalagem 370 g,Koala,,"2,39 €","(6,46 € / Kg)",
Renova First Pensos Higiénicos Ultra com Abas Super embalagem 12 unidades,Renova First,,"2,20 €","(0,14 € / Unidade)","2,20 €"
Werther's Original Caramelos Pack 3 embalagem 50 g,Werther's Original,,"3,05 €","(20,33 € / Kg)",
Triboo Cereais para Criança Bio embalagem 300 g,Triboo,,"4,49 €","(14,97 € / Kg)",
Condi Fécula de Batata sem Glúten embalagem 250 g,Condi,,"1,55 €","(6,20 € / Kg)",
"Casal Sta. Maria Vinho Branco de Lisboa Colheita Tardia garrafa 37,5 cl",Casal Sta. Maria,,"24,90 €","(66,40 € / Litro)",
Walkers Bolacha Shortbread Festive Shapes embalagem 125 g,Walkers,,"5,95 €","(47,60 € / Kg)",
Paladin Vinagre de Vinho Branco Spray garrafa 250 ml,Paladin,,"1,49 €","(5,96 € / Litro)",
Vahiné Corantes Alimentares Pack 3 embalagem 6 ml,Vahiné,,"2,69 €","(149,44 € / Litro)",
Nescafé Dolce Gusto Café Buondi Intensidade 8 Mega Pack embalagem 64 cápsulas,Nescafé Dolce Gusto,,"17,99 €","(0,28 € / Unidade)",
Ultra Suave Tesouros de Mel Máscara Capilar para Cabelos Frágeis e Quebradiços embalagem 300 ml,Ultra Suave Tesouros de Mel,,"6,79 €","(22,63 € / Litro)",
Cuétara Maria Choco Bolacha Maria de Chocolate embalagem 265 g,Cuétara Maria Choco,,"2,09 €","(7,89 € / Kg)",
Walkers Bolachas de Manteiga Shortbread com Gengibre e Limão sem Glúten embalagem 140 g,Walkers,,"5,10 €","(36,43 € / Kg)",
Halls Rebuçados de Eucalipto sem Açúcar embalagem 4 unidades,Halls,,"2,99 €","(23,36 € / Kg)",
Enso Molho Wasabi frasco 150 ml,Enso,,"6,49 €","(43,27 € / Litro)",
El Corte Inglés Salmão Fumado embalagem 250 g,El Corte Inglés,,"10,99 €","(43,96 € / Kg)",
Lacrau Vinho Branco do Douro garrafa 75 cl,Lacrau,,"6,09 €","(8,12 € / Litro)",
Schweppes Água Tónica de Hibiscus garrafa 45 cl,Schweppes,,"3,29 €","(7,31 € / Litro)",
Casting Creme Gloss Coloração Nº 323 Chocolate Preto embalagem 1 unidade,Casting Creme Gloss,,"9,99 €","(9,99 € / Unidade)",
El Corte Inglés Churro Laço embalagem 500 g,El Corte Inglés,,"1,39 €","(2,78 € / Kg)",
Lindt Lindor Bombons de Chocolate de Leite embalagem 600 g,Lindt Lindor,,"16,99 €","(28,32 € / Kg)",
Izidoro Sabor Caseiro Sopa da Pedra lata 420 g,Izidoro Sabor Caseiro,,"4,49 €","(10,69 € / Kg)",
Zanetti Queijo Grana Padano DOP Cunha unidade 200 g,Zanetti,,"4,89 €","(24,45 € / Kg)",
El Corte Inglés Doce de Morango frasco 410 g,El Corte Inglés,,"2,99 €","(7,29 € / Kg)",
Nivea Men Fresh Ocean Desodorizante 0% Aluminium Roll-On embalagem 50 ml,Nivea Men Fresh Ocean,,"4,49 €","(53,80 € / Litro)","4,49 €"
Body Natur Pó de Talco para os Pés embalagem 75 g,Body Natur,,"4,65 €",(62 € / Kg),
Cister Nuts Cajus Torrados embalagem 200 g,Cister Nuts,,"3,29 €","(16,45 € / Kg)",
Espiga Noz-Moscada Moída frasco 45 g,Espiga,,"3,45 €","(76,67 € / Kg)",
Beher Chouriço Ibérico de Bolota 100% Bio unidade 70 g,Beher,,"2,98 €","(42,57 € / Kg)",
García Baquero Queijo Semicurado em Fatias embalagem 200 g,García Baquero,,"4,49 €","(22,45 € / Kg)",
Costeletas com Pé de Vitela Mirandesa DOP Peso Aproximado 200 g,,,"21,95 €/kg",,
Rana Bio Integral Ravioli Integral com Espinafres e Ricotta Biológico embalagem 250 g,Rana Bio Integral,,"3,99 €","(15,96 € / Kg)",
Herdade dos Cotéis Queijo de Serpa Regional DOP,Herdade dos Cotéis,,"19,95 €/kg",,
"Ferrero Bombons Mon Cheri 25 unidade 252,5 g",Ferrero,,"8,99 €","(35,60 € / Kg)",
Margão Ervas de Provence embalagem 18 g,Margão,,"1,09 €","(60,56 € / Kg)",
Ajuda Vinho Tinto do Alentejo garrafa 75 cl,Ajuda,,"3,95 €","(5,27 € / Litro)",
Dodot Sensitive Toalhitas Infantis embalagem 324 unidades,Dodot Sensitive,,"11,49 €","(0,21 € / Unidade)",
Vinho Tinto Argentina garrafa 75 cl,,,"16,95 €","(22,60 € / Litro)",
Bicentury Tortitas de Chocolate Branco com Pedaços de Frutos Vermelhos Pack 4x2 embalagem 131 g,Bicentury,,"2,59 €","(19,77 € / Kg)",
Predilecta Goiabada embalagem 600 g,Predilecta,,"4,49 €","(7,48 € / Kg)",
Pasta do Dia Massa Folhada para Tarte embalagem 230 g,Pasta do Dia,,"1,99 €","(8,65 € / Kg)",
Pão Pita Pocket embalagem 8,,,"2,59 €","(0,32 € / Unidade)",
La Farella Arroz Especial Cremoso embalagem 1 kg,La Farella,,"3,39 €","(3,39 € / Kg)",
Mariquinhas Licor de Ginja de Óbidos Pack Oferta de 1 Garrafa de Água Tónica + 1 Copo 50 cl,Mariquinhas,,"19,99 €","(39,98 € / Litro)",
Panealba Gressinos Stiratini com Azeitona embalagem 250 g,Panealba,,"2,49 €","(9,96 € / Kg)",
Call Valls Mostarda Biológica embalagem 200 g,Call Valls,,"3,45 €","(17,25 € / Kg)",
Sonasol Detergente Líquido para o Chão Flores da Montanha embalagem 1300 ml,Sonasol,,"1,94 €","(1,49 € / Litro)",
"El Corte Inglés Infusão Digestiva Maçã, Menta e Anís Verde embalagem 20 unidades",El Corte Inglés,,"1,05 €",(35 € / Kg),
Espiga Laranja Desidratada frasco 20 g,Espiga,,"2,39 €","(119,50 € / Kg)",
Nivea Dry Comfort Desodorizante Plus Roll-On embalagem 50 ml,Nivea Dry Comfort,,"2,70 €",(54 € / Litro),
Cem Porcento Chocolate Preto com Frutos Vermelhos Stevia embalagem 125 g,Cem Porcento,,"2,99 €","(23,92 € / Kg)",
Margão Segredos Limao e Tomilho frasco 43 g,Margão Segredos,,"2,89 €","(67,21 € / Kg)",
Brasfrut Polpa de Manga embalagem 100 g,Brasfrut,,"0,95 €","(9,50 € / Kg)",
Ti Almerinda Croquetes de Carne 12 Unidades embalagem 300 g,Ti Almerinda,,"4,69 €","(15,63 € / Kg)",
Diadermine Lift+ Contorno de Olhos Creme Alisador Anti-Rugas embalagem 15 ml,Diadermine Lift+,,"17,59 €","(1.172,67 € / Litro)",
Coslys Creme de Corpo Hidratação Intensa embalagem 200 ml,Coslys,,"10,90 €","(54,50 € / Litro)",
Fiel Mini Cenoura embalagem 200 g,Fiel,,"5,95 €","(29,75 € / Kg)",
Dilea Queijo Emmental Zero Lactose em Fatias embalagem 150 g,Dilea,,"2,59 €","(17,27 € / Kg)",
Cillit Bang Limpa Vidros embalagem 500 ml,Cillit Bang,,"4,49 €","(8,98 € / Litro)",
Cavalle Café Torrado Moído Nº 5 Biológico embalagem 250 g,Cavalle,,"5,69 €","(22,76 € / Kg)",
Blédina Frutapura Maçã e Pera a Partir dos 4 Meses Pack 4 embalagem 95 g,Blédina Frutapura,,"2,79 €","(29,37 € / Kg)",
Rovisco Garcia Vinho Branco do Alentejo garrafa 75 cl,Rovisco Garcia,,"6,19 €","(8,25 € / Litro)",
Lenor Aditivo Perfumado em Pérolas Alpine embalagem 210 g,Lenor,,"10,99 €","(52,33 € / Kg)",
Nacional Linguine Alentejo embalagem 500 g,Nacional,,"2,01 €","(4,02 € / Kg)",
Ahumados Dominguez Salmão Fumado Especial Sashimi embalagem 300 g,Ahumados Dominguez,,"18,99 €","(63,30 € / Kg)",
McCain Batatas La Noisette para Forno embalagem 1 kg,McCain,,"3,99 €","(3,99 € / Kg)",
Queijada de Laranja unidade 95 g,,,"1,15 €","(12,11 € / Kg)",
Ubago Ovas de Bacalhau lata 200 g,Ubago,,"3,85 €","(19,25 € / Kg)",
Lekha Pão Naan Super Pack 5 embalagem 450 g,Lekha,,"3,25 €","(7,22 € / Kg)",
Lacasitos Chocolates com Estojo Pack 4 embalagem 20 g,Lacasitos,,"2,69 €","(134,50 € / Kg)",
Delaviuda Trufas de Cacau embalagem 250 g,Delaviuda,,"3,15 €","(12,60 € / Kg)",
Soofty Água com Gás sabor Melão garrafa 33 cl,Soofty,,"1,60 €","(4,85 € / Litro)",
Nescafé Cappuccino Café Solúvel Intenso 10 Saquetas embalagem 125 g,Nescafé,,"3,19 €","(25,52 € / Kg)",
Nestlé Maggi Noodles Pasta Oriental Camarão embalagem 71 g,Nestlé Maggi,,"0,99 €","(13,94 € / Kg)",
Quinta Monte D`Oiro Vinho Tinto da Região de Lisboa Magnum garrafa 150 cl,Quinta Monte D`Oiro,,"21,99 €","(14,66 € / Litro)",
Canderel Adoçante Erythritol e Stevia embalagem 150 g,Canderel,,"4,19 €","(27,93 € / Kg)",
Nairn's Bolachas de Aveia com Pepitas de Chocolate Preto embalagem 200 g,Nairn's,,"2,19 €","(10,95 € / Kg)",
Veckia Loção Corporal Hidratante com Óleo de Argão e Vitamina E para Peles Secas embalagem 400 ml,Veckia,,"2,05 €","(0,41 € / 10 ml.)","2,05 €"
Marisco Mendez Gamba Branca embalagem 300 g,Marisco Mendez,,"9,99 €","(33,30 € / Kg)",
Kaiku Bifi Iogurte Bifi Natural Desnatado 0% Pack 4 embalagem 125 g,Kaiku Bifi,,"1,99 €","(3,98 € / Kg)",
Color Silk Coloração Permanente Nº 54 Castanho Dourado Claro embalagem 1 unidade,Color Silk,,"7,05 €","(7,05 € / Unidade)",
Tassimo Chocolate Milka embalagem 16 unidades,Tassimo,,"5,39 €","(0,34 € / Unidade)",
Nestlé Extrafino Chocolate de Leite com Amêndoas sem Glúten embalagem 270 g,Nestlé Extrafino,,"3,69 €","(13,67 € / Kg)",
Aliada Tomate Frito Pack 3 embalagem 400 g,Aliada,,"1,85 €","(1,54 € / Kg)",
Espiga Farinha de Trigo Integral embalagem 500 g,Espiga,,"1,27 €","(2,54 € / Kg)",
Maybelline Dream Radiant Liquid Base Líquida Nº 40 Fawn embalagem 1 unidade,Maybelline Dream Radiant Liquid,,"11,99 €","(11,99 € / Unidade)",
El Corte Inglés Iogurte Aroma Mix Sabores Pack 8 embalagem 125 g,El Corte Inglés,,"2,65 €","(2,65 € / Kg)",
Miwi Kombucha Gosto Wild Berries sem Açúcar embalagem 330 ml,Miwi,,"2,79 €","(8,45 € / Litro)",
"Angelina Alheira de Aves Peso Aproximado por unidade 1,6 kg",Angelina,,"7,59 €/kg",,
Villa Nogueira Vinho Tinto de Lisboa garrafa 75 cl,Villa Nogueira,,"9,45 €","(12,60 € / Litro)",
Naturefoods Tostas Integrais com Queijo e Sementes de Abóbora Biológicas embalagem 200 g,Naturefoods,,"3,89 €","(19,45 € / Kg)",
Martin's Cerveja garrafa 75 cl,Martin's,,"12,95 €","(17,27 € / Litro)",
Mimosa Iogurte Grego sabor Caramelo Pack 4 unidades embalagem 110 g,Mimosa,,"2,89 €","(4,98 € / Kg)","2,89 €"
Nicola Café Alumínio Descafeinado embalagem 10 unidades,Nicola,,"3,79 €","(0,38 € / Unidade)",
Individo Vinho Tinto da Feteasca Neagrã garrafa 75 cl,Individo,,"9,49 €","(12,65 € / Litro)",
Santiveri Bolachas Digestivas de Arandos embalagem 190 g,Santiveri,,"2,65 €","(13,95 € / Kg)",
Jaffelin Vinho Tinto de França Bourgogne Pinot Noir garrafa 75 cl,Jaffelin,,"16,99 €","(22,65 € / Litro)",
Body Natur Bandas de Cera Facial embalagem 1,Body Natur,,4 €,(4 € / Unidade),
Nescafé Dolce Gusto Café Expresso Intenso Intensidade 7 embalagem 16 cápsulas,Nescafé Dolce Gusto,,"5,99 €","(0,37 € / Unidade)",
Mini Croquetes de Carne caixa 8 unidades,,,"5,60 €",,
Página Vinho Branco de Lisboa Sauvignon Blanc garrafa 75 cl,Página,,"12,95 €","(17,27 € / Litro)",
Alpro Bebida de Aveia Barista sem Gluten embalagem 1 L,Alpro,,"2,59 €","(2,59 € / Litro)",
Vinha da Malhada Vinho Tinto de Lisboa Biológico garrafa 75 cl,Vinha da Malhada,,"5,55 €","(7,40 € / Litro)",
Real Companhia Velha Moscatel do Douro garrafa 75 cl,Real Companhia Velha,,"6,95 €","(9,27 € / Litro)",
Dietisa Tisana Alcachofra embalagem 50 g,Dietisa,,"1,45 €",(29 € / Kg),
Gran Pavesi Crackers Folhas Clássicas embalagem 180 g,Gran Pavesi,,"2,98 €","(16,56 € / Kg)",
Quinta das Tecedeiras Vinho Tinto do Douro Reserva garrafa 75 cl,Quinta das Tecedeiras,,"26,99 €","(35,99 € / Litro)",
Quinta da Atela Vinho Branco do Tejo garrafa 75 cl,Quinta da Atela,,"5,65 €","(7,53 € / Litro)",
Elpozo Fiambre Peito de Frango Braseado unidade 85 g,Elpozo,,"1,89 €","(22,24 € / Kg)",
Renova Extra XXL Rolos de Cozinha embalagem 2 unidades,Renova Extra XXL,,"2,49 €","(1,24 € / Unidade)",
Casa d'Arrochella Vinho Tinto do Douro Reserva garrafa 75 cl,Casa d'Arrochella,,"17,95 €","(23,93 € / Litro)",
Du Bois de La Roche Mousse D'Or Palitos de La Reine embalagem 200 g,Du Bois de La Roche,,"2,89 €","(14,45 € / Kg)",
Coca-Cola Refrigerante Mini com Gás Zero Cafeína Zero Açúcar lata 15 cl,Coca-Cola,,"0,49 €","(3,27 € / Litro)",
Jack Daniel's Whisky com Cola lata 33 cl,Jack Daniel's,,"2,99 €","(9,06 € / Litro)",
Tresemmé Liso Keratina Champô embalagem 400 ml,Tresemmé Liso Keratina,,"4,19 €","(10,48 € / Litro)",
El Corte Inglés Selection Queijo Semi-Curado Pré-Cortado sem Lactose embalagem 250 g,El Corte Inglés Selection,,"5,15 €","(20,60 € / Kg)",
El Corte Inglés Beterraba Ralada em Ripas frasco 250 g,El Corte Inglés,,"1,09 €","(4,36 € / Kg)",
Millan Vicente Queijo Havarti em Fatias sem Glúten embalagem 150 g,Millan Vicente,,"1,99 €","(13,27 € / Kg)",
Mission Wraps com Sementes de Linhaça embalagem 370 g,Mission,,"2,98 €","(8,05 € / Kg)",
Mentos Pure Chewing Gum Pastilhas Fresh Mint sem Açúcar embalagem 30 g,Mentos Pure Chewing Gum,,"1,59 €",(53 € / Kg),
Ribeira Atum Posta em Azeite lata 385 g,Ribeira,,"6,49 €","(16,86 € / Kg)",
H&S Shampoo Hidratante para Couro Cabeludo Seco embalagem 300 ml,H&S,,"4,94 €","(16,47 € / Litro)",
Confeitaria Alvorada Torta de Noz embalagem 600 g,Confeitaria Alvorada,,"6,95 €","(8,82 € / Kg)","6,95 €"
Président Queijo Fresco Natural Pack 4 embalagem 250 g,Président,,"1,99 €","(7,96 € / Kg)",
Gullón Zero Wafers de Baunilha Vegetarianas sem Açúcar Pack 3 embalagem 180 g,Gullón Zero,,"2,29 €","(12,72 € / Kg)",
Gran Capitan Queijo de Espanha Curado embalagem 210 g,Gran Capitan,,"6,59 €","(31,38 € / Kg)",
Costeleta de Lombo de Porco Peso Aproximado 350 g,,,"4,89 €/kg",,
Vaqueiro Óleo Alimentar garrafa 1 L,Vaqueiro,,"3,99 €","(3,99 € / Litro)",
Pato Discos Ativos Monn Duo Recarga embalagem 36 ml,Pato,,"6,99 €","(96,94 € / Litro)","6,99 €"
Carr's Melts Crackers embalagem 150 g,Carr's Melts,,"1,75 €","(11,67 € / Kg)",
Ferreira Vinho do Porto Dona Antónia Reserva Branco garrafa 75 cl,Ferreira,,"11,99 €","(15,99 € / Litro)",
Pote Pimentão Picante embalagem 75 g,Pote,,"2,29 €","(30,53 € / Kg)",
Origens Abóbora em Cubos Biológica embalagem 300 g,Origens,,"1,59 €","(5,30 € / Kg)",
La Rose Filetes de Sardinha em Azeite lata 120 g,La Rose,,"2,79 €","(23,25 € / Kg)",
Magnificat Água do Açores com Gás garrafa 33 cl,Magnificat,,"0,72 €","(2,18 € / Litro)",
Pantagruel Chocolate Culinário embalagem 200 g,Pantagruel,,"1,79 €","(8,95 € / Kg)",
Sagres Cerveja Pack 6 garrafa 33 cl,Sagres,,"5,29 €","(2,67 € / Litro)",
El Corte Inglés Queijo Mole Light em Fatias embalagem 240 g,El Corte Inglés,,"3,55 €","(14,79 € / Kg)",
Jules Destroop Manteiga Speculoos Canela frasco 250 g,Jules Destroop,,"8,95 €","(35,80 € / Kg)",
Gillette Sensor 3 Máquinas Descartáveis Pack 4 + 1 Grátis embalagem 5 unidades,Gillette Sensor 3,,"7,99 €",(2 € / Unidade),
Carmencita Tempero para Paelha com Açafrão embalagem 20 g,Carmencita,,"3,09 €","(154,50 € / Kg)",
Tierra de Oro Vinho Tinto de Espanha Rioja garrafa 75 cl,Tierra de Oro,,"2,90 €","(3,87 € / Litro)",
Pão Shape unidade 400 g,,,"2,59 €","(6,48 € / Kg)",
Murganheira Espumante Reserva Meio Seco garrafa 75 cl,Murganheira,,"11,79 €","(15,72 € / Litro)",
Terras de Santo António Vinho Branco do Dão garrafa 75 cl,Terras de Santo António,,"4,29 €","(5,72 € / Litro)",
Huggies Toalhitas Húmidas Natural Care embalagem 56 unidades,Huggies,,"5,99 €","(0,04 € / Unidade)",
Magno Gel de Banho Marine Fresh embalagem 550 ml,Magno,,"5,90 €","(1,07 € / 10 ml.)",
Sun Sal para a Máquina de Loiça Anti-Calcário 1 kg,Sun,,"1,99 €","(1,99 € / Kg)",
Renova Guardanapos Brancos 25 unidades,Renova,,"1,75 €","(0,07 € / Unidade)",
Gallo Condimento Balsâmico Branco garrafa 250 ml,Gallo,,"2,29 €","(6,76 € / Litro)","2,29 €"
Milka Sensations Cookies com Pepitas de Chocolate embalagem 156 g,Milka Sensations,,"2,69 €","(17,24 € / Kg)",
Aliada Doce de Tomate Extra frasco 410 g,Aliada,,"1,49 €","(3,63 € / Kg)",
El Corte Inglés Filetes de Peixe Judeu em Azeite lata 85 g,El Corte Inglés,,"2,59 €","(30,47 € / Kg)",
Generous Biscoitos Nicole Noisette embalagem 125 g,Generous,,"5,49 €","(43,92 € / Kg)",
Iglo Green Cuisine Chilli sem Carne Vegetariano embalagem 400 g,Iglo Green Cuisine,,"6,79 €","(16,98 € / Kg)",
Palmer's Loção Restruturante para Pós-Parto embalagem 250 ml,Palmer's,,"13,29 €","(53,16 € / Litro)",
Eno Pó para Bebida Efervescente de Laranja embalagem 150 g,Eno,,"6,89 €","(45,93 € / Kg)",
De Marchi Gelado Bombons de Açaí Cobertos com Chocolate embalagem 100 g,De Marchi,,"3,59 €","(35,90 € / Kg)",
Chips Ahoy Cookies com Pepitas de Chocolate embalagem 300 g,Chips Ahoy,,"3,29 €","(10,97 € / Kg)",
El Corte Inglés Tostas Multicereais embalagem 540 g,El Corte Inglés,,"1,94 €","(3,59 € / Kg)",
Nestlé Achocolatado Intenso 40% Cacau lata 330 g,Nestlé,,"4,89 €","(14,82 € / Kg)",
Buitoni Pizza Forno di Pietra de Fiambre e Queijo embalagem 350 g,Buitoni,,"4,25 €","(12,14 € / Kg)",
Real Companhia Velha Vinho do Porto Vintage garrafa 75 cl,Real Companhia Velha,,"48,50 €","(64,67 € / Litro)",
Gillette Simply Venus 3 Lâminas Depilatórias embalagem 4 unidades,Gillette Simply Venus 3,,"4,99 €","(1,25 € / Unidade)",
"Sanchez Alcaraz Presunto Ibérico unidade 8,250 kg",Sanchez Alcaraz,,185 €,"(22,42 € / Kg)",
Danone Danonino Pouch de Morango Pack 4 embalagem 70 g,Danone,,"1,85 €","(6,61 € / Kg)",
Poco Loco Tortilhas de Trigo Pack 8 embalagem 320 g,Poco Loco,,"2,40 €","(7,50 € / Kg)",
El Corte Inglés Panos Microfibras Grandes 40X38 cm Pack 3 unidades,El Corte Inglés,,"3,05 €","(1,02 € / Unidade)",
Guloso Tomate Seco frasco 185 g,Guloso,,"4,40 €","(23,78 € / Kg)",
Le Rustique Queijo Camembert embalagem 250 g,Le Rustique,,"3,99 €","(15,96 € / Kg)",
Celeiro de Cistér Grão de Bico embalagem 500 g,Celeiro de Cistér,,"1,09 €","(2,18 € / Kg)",
Fapil Pá para o Lixo com Cabo de Borracha 1 unidade,Fapil,,"3,25 €","(3,25 € / Unidade)",
Alpro Frutos Vermelhos sem Açúcar embalagem 400 g,Alpro,,"2,99 €","(5,98 € / Kg)","2,99 €"
Codyfer Palmilhas Tamanho 36-48 1 par,Codyfer,,"4,09 €","(4,09 € / Unidade)",
La Leyenda Queijo de Mistura Ibérico Cunha unidade 200 g,La Leyenda,,"3,39 €","(16,95 € / Kg)",
La Toja Gel e Creme de Banho Abacate e Sais Minerais embalagem 550 ml,La Toja,,"4,35 €","(0,79 € / 10 ml.)",
Air Wick Botanica Ambientador Eléctrico Baunilha & Magnólia Asiática Difusor + Recarga embalagem 19 ml,Air Wick Botanica,,"9,99 €","(525,79 € / Litro)",
Denim Desodorizante Dry Sensation Spray embalagem 150 ml,Denim,,"4,80 €",(32 € / Litro),
Espiga Cebolinho Desidratado embalagem 6 g,Espiga,,"1,49 €","(248,33 € / Kg)",
Fanta Refrigerante de Laranja com Gás Pack 12 lata 15 cl,Fanta,,"6,99 €","(3,88 € / Litro)",
Yopro Iogurte Líquido Proteína sabor Limão e Menta embalagem 300 g,Yopro,,"2,39 €","(7,97 € / Kg)",
El Corte Inglés Atum Albacora em Azeite lata 82 g,El Corte Inglés,,"1,09 €","(13,29 € / Kg)",
Old El Paso Mini Barquitas Mexicanas de Trigo 12 unidades embalagem 145 g,Old El Paso,,"4,20 €","(28,77 € / Kg)",
Espiga Chocolate em Pó embalagem 125 g,Espiga,,"1,09 €","(8,72 € / Kg)",
Pimento Verde Italiano embalagem 380 g,,,"2,99 €","(7,87 € / Kg)",
Oleander Caju Cru Biológicos embalagem 150 g,Oleander,,"4,59 €","(30,60 € / Kg)",
Real Ginja d' Óbidos Gin garrafa 70 cl,Real Ginja d' Óbidos,,"38,75 €","(55,36 € / Litro)",
Maldonado Presunto da Pá 100% Ibérico Bolota Peso Aproximado por peça 6 kg,Maldonado,,"49,95 €/kg",,
Pescanova Nuggets de Pescada embalagem 1 kg,Pescanova,,"7,89 €","(7,89 € / Kg)",
Somersby Sidra de Maçã Pack 15 garrafa 20 cl,Somersby,,"10,49 €","(3,50 € / Litro)",
Outros Montes Cacau Cru em Pepitas Biológico embalagem 200 g,Outros Montes,,"8,19 €","(40,95 € / Kg)",
Alternativa 3 Açúcar em Cana Panela do Equador Biológico embalagem 400 g,Alternativa 3,,"3,09 €","(7,72 € / Kg)",
El Corte Inglés Selection Filetes de Peixe-Judeu Liso em Azeite lata 85 g,El Corte Inglés Selection,,"3,55 €","(41,76 € / Kg)",
Nutrégi Iogurte Líquido Natural Açucarado sem Lactose Pack 4 embalagem 170 g,Nutrégi,,"2,99 €","(3,51 € / Kg)","2,99 €"
Schweppes Água Tónica Zero Calorias lata 25 cl,Schweppes,,"0,64 €","(2,56 € / Litro)",
"Bicentury Tortitas de Milho com Tomate e Azeite embalagem 123,5 g",Bicentury,,"2,49 €","(20,16 € / Kg)",
Merci Chocolate Preto embalagem 250 g,Merci,,"7,29 €","(18,96 € / Kg)","7,29 €"
Lotus Bolachas Biscoff embalagem 250 g,Lotus,,"2,39 €","(9,56 € / Kg)",
Kellogg's Chocos Cereais de Chocolate Choco Krispies - 30% Açúcares embalagem 375 g,Kellogg's Chocos,,"2,55 €","(6,80 € / Kg)",
Bom Petisco Sardinhas em Tomate lata 120 g,Bom Petisco,,"1,45 €","(12,08 € / Kg)",
Maracujá Roxo Peso Aproximado por unidade 60 g,,,"7,99 €/kg",,"7,99 €/kg"
Smileat Fruta Variada +4 Meses Biológico embalagem 100 g,Smileat,,"1,39 €","(13,90 € / Kg)",
Casa Amarela Vinho Rosé do Douro garrafa 75 cl,Casa Amarela,,"10,50 €",(14 € / Litro),
Artiach Chiquilín Bolachas de Cereais com Pepitas de Chocolate Energy embalagem 200 g,Artiach Chiquilín,,"2,69 €","(8,75 € / Kg)","2,69 €"
El Corte Inglés Rolo de Cozinha Decorado 2 Camadas embalagem 1 unidade,El Corte Inglés,,"3,20 €","(3,20 € / Unidade)",
Campofrio Peito de Peru em Fatias sem Glúten embalagem 140 g,Campofrio,,"2,69 €","(19,21 € / Kg)",
Lipton Pyramid Chá Preto de Caramelo e Baunilha embalagem 20 unidades,Lipton Pyramid,,"1,89 €","(0,09 € / Unidade)",
Martini Espumante Coctkail Bianco Spritz garrafa 70 cl,Martini,,"10,09 €","(14,41 € / Litro)",
Capitão Iglo Nuggets de Peito de Frango com Cereais Integrais 10 Unidades embalagem 208 g,Capitão Iglo,,"5,99 €","(28,80 € / Kg)",
Silvex Sacos para Forno e Microondas 8 unidades,Silvex,,"2,25 €",(0 € / Unidade),
Caladessa Vinho Tinto do Alentejo garrafa 75 cl,Caladessa,,"8,25 €",(11 € / Litro),
Casa do Porco Preto Paio de Barrancos Bolota Fatiado à Mão unidade 100 g,Casa do Porco Preto,,"6,89 €","(68,90 € / Kg)",
Perugina Bombom Sortido Baci Gift Box caixa 150 g,Perugina,,"8,75 €","(58,33 € / Kg)",
Jean L David Escova de Brushing Pequena embalagem 1 unidade,Jean L David,,"13,99 €","(13,99 € / Unidade)",
Nonno Nanni Queijo Stracchino unidade 125 g,Nonno Nanni,,"3,39 €","(27,12 € / Kg)",
Palette Coloração Permanente Intensive Creme Color Nº 7.5 Louro Dourado Caramelo embalagem 1 unidade,Palette,,"5,99 €","(5,99 € / Unidade)",
Ezalo Insecticida Eléctrico Recarga Líquida embalagem 1 unidade,Ezalo,,"7,49 €","(7,49 € / Unidade)",
Terra do Bacalhau Bacalhau Desfiado Cod Bag embalagem 1 kg,Terra do Bacalhau,,"15,95 €","(15,95 € / Kg)",
Beyra Vinho Branco da Beira Interior Superior garrafa 75 cl,Beyra,,"11,90 €","(15,87 € / Litro)",
Poggio Spino Vinho Tinto de Itália Chianti garrafa 75 cl,Poggio Spino,,"16,50 €",(22 € / Litro),
Blue Dragon Esteira Bambu 240MM embalagem 1 unidade,Blue Dragon,,"2,99 €","(2,99 € / Unidade)",
Ultra Suave Champô Hidratante com Leite de Amêndoa para Cabelo Desidratado embalagem 400 ml,Ultra Suave,,"5,59 €","(13,98 € / Litro)",
Condi Zero % Pudim de Mirtilo embalagem 22 g,Condi Zero %,,"0,84 €","(38,18 € / Kg)",
La Ermita Cantabria Pudim de Café sem Glúten frasco 110 g,La Ermita Cantabria,,"2,35 €","(21,36 € / Kg)",
Natursoy Hambúrguer com Algas 2 Unidades embalagem 75 g,Natursoy,,"3,54 €","(23,60 € / Kg)",
Cem Porcento Chá para Infusão Cavalinha embalagem 50 g,Cem Porcento,,"1,29 €","(25,80 € / Kg)",
Martin Miller's Gin Canela garrafa 70 cl,Martin Miller's,,"28,90 €","(41,29 € / Litro)",
Pescanova Gambão para o Forno sem Cabeça 30/40 embalagem 650 g,Pescanova,,"24,99 €","(38,45 € / Kg)",
Cristal Gourmet Vinagre de Marmelo 5% Acidez garrafa 250 ml,Cristal Gourmet,,"2,99 €","(11,96 € / Litro)",
Primeira Folha Rabanete Germinado embalagem 30 g,Primeira Folha,,"2,99 €","(99,67 € / Kg)",
Codyfer Palmilhas Médias Tamanho Único 1 par,Codyfer,,"4,95 €","(4,95 € / Unidade)",
Milaneza Wok Massa Macarrão embalagem 500 g,Milaneza Wok,,"1,99 €","(3,98 € / Kg)",
Condi Gelatina de Maracujá embalagem 170 g,Condi,,"1,75 €","(10,29 € / Kg)",
Vileda Recarga Super Esfregona Dupla embalagem 2 unidades,Vileda,,"6,89 €","(3,44 € / Unidade)",
Paño Nature Ameixas Desidratadas Biológicas embalagem 200 g,Paño Nature,,"7,19 €","(35,95 € / Kg)",
La Piara Bocadelia Recheio para Sandes de Carangueijo embalagem 170 g,La Piara Bocadelia,,"2,99 €","(17,59 € / Kg)",
Pantene Hair Biology Condicionador Volume e Brilho embalagem 250 ml,Pantene Hair Biology,,"4,99 €","(19,96 € / Litro)",
Bolo de Mousse de Chocolate Atrian embalagem 1 kg,,,"32,90 €","(32,90 € / Kg)",
Dr.Organic Condicionador Fortificante com Argão Biológico embalagem 200 ml,Dr.Organic,,"12,59 €","(62,95 € / Litro)",
Kilom Perninhas de Frango Familiar Peso Aproximado por cuvete 900 g,Kilom,,"5,21 €","(5,79 € / Kg)",
"Compal Néctar Vital Bom Dia Frutos Amarelos, Chia e Curcuma embalagem 1 L",Compal,,"1,99 €","(1,99 € / Litro)",
Bife do Redondo IGP Açores Peso Aproximado 200 g,,,"17,95 €/kg",,
Magnum Gelado Double Gold Caramelo Billionaire embalagem 440 ml,Magnum,,"5,99 €","(13,61 € / Litro)",
SIMON COLL Chocolate de Leite Tira Unicórnio embalagem 36 g,SIMON COLL,,"2,15 €","(59,72 € / Kg)",
Susana Esteban Vinho Regional Alentejano garrafa 75 cl,Susana Esteban,,"15,45 €","(20,60 € / Litro)",
Koala Gelatina Vegetal de Coco embalagem 130 g,Koala,,"0,99 €","(7,62 € / Kg)",
Nescafé Café Solúvel Creme frasco 200 g,Nescafé,,"7,49 €","(22,95 € / Kg)","7,49 €"
Pleno Bebida Tisana de Chá Verde garrafa 33 cl,Pleno,,"0,79 €","(2,39 € / Litro)",
El Corte Inglés Fraldas 9 a 15 Kg Tamanho 4 embalagem 38 unidades,El Corte Inglés,,"5,10 €","(0,13 € / Unidade)",
Ramirez Sardinhas Selvagens em Azeite Virgem Extra Biológico embalagem 120 g,Ramirez,,"1,69 €","(14,08 € / Kg)",
Tetley Infusão de Frutos Vermelhos embalagem 10 unidades,Tetley,,"1,29 €","(0,13 € / Unidade)",
Air Wick Essential Mist Ambientador Eléctrico e Recarga Lavanda embalagem 20 ml,Air Wick Essential Mist,,"21,99 €","(1.099,50 € / Litro)",
El Corte Inglés Sacos do Lixo para Jardim 82 x 105 cm 100 L embalagem 10 unidades,El Corte Inglés,,3 €,"(0,30 € / Unidade)",
Silvex Filtros para Chá 50 unidades,Silvex,,"2,09 €","(0,04 € / Unidade)",
Cornetto Gelado de Chocolate Pack 6 embalagem 90 ml,Cornetto,,"4,99 €","(9,24 € / Litro)",
Cif Detergente Liquido Floral embalagem 1100 ml,Cif,,"3,99 €","(3,63 € / Litro)",
Campogrill Salsicha Crioulo Picante unidade 350 g,Campogrill,,"2,69 €","(7,69 € / Kg)",
Gullón Zero Bolachas Torradas Vegetarianas sem Açúcares Adicionados embalagem 400 g,Gullón Zero,,"3,15 €","(7,88 € / Kg)",
Cantinho das Aromáticas Condimento de Aneto Biológico embalagem 20 g,Cantinho das Aromáticas,,"3,15 €","(157,50 € / Kg)",
Cem Porcento Infusão para Colestrol embalagem 13 g,Cem Porcento,,"0,99 €","(76,15 € / Kg)",
El Corte Inglés Bio Doce de Laranja Biológico frasco 350 g,El Corte Inglés Bio,,"1,99 €","(5,69 € / Kg)",
Axe Black Desodorizante Spray embalagem 150 ml,Axe Black,,"3,59 €","(23,93 € / Litro)",
Kandoo Aquas Toalhitas Infantis 100% Descartáveis embalagem 60,Kandoo Aquas,,"3,49 €","(0,06 € / Unidade)",
Cantharellus Cibarius embalagem 30 g,,,"6,49 €","(216,33 € / Kg)",
Dum Dum Difusor Eléctrico Citronela embalagem 1 unidade,Dum Dum,,"9,99 €","(9,99 € / Unidade)",
Veggie Lovers Panados de Frango Vegan 4 unidades embalagem 520 g,Veggie Lovers,,"7,99 €","(15,37 € / Kg)",
Belsuis Sortido de Bombons Belgas embalagem 250 g,Belsuis,,"5,49 €","(19,80 € / Kg)","5,49 €"
"Porta dos Cavaleiros Vinho Branco do Dão garrafa 37,5 cl",Porta dos Cavaleiros,,"2,25 €",(6 € / Litro),
Le Pain des Fleurs Tostas com Castanhas sem Açúcar Biológico embalagem 150 g,Le Pain des Fleurs,,"6,29 €","(36,60 € / Kg)","6,29 €"
Izidoro o Talhante Rolo de Carne de Bovino com Fiambre e Queijo Peso Aproximado por cuvete 900 g,Izidoro o Talhante,,"10,34 €","(11,49 € / Kg)",
Cadbury Calendário Advento Dairy Milk embalagem 90 g,Cadbury,,"3,95 €","(43,89 € / Kg)",
Oliveira da Serra Azeite Virgem Extra Clássico garrafa 750 ml,Oliveira da Serra,,"4,49 €","(5,99 € / Litro)",
Montaraz Lombinho de Porco Preto embalagem 250 g,Montaraz,,"6,99 €","(27,96 € / Kg)",
Meggle Manteiga com Sal e Ervas Finas embalagem 125 g,Meggle,,"2,99 €","(23,92 € / Kg)",
Dermexcellence Máscara para Criança Azul embalagem 1 unidade,Dermexcellence,,"1,49 €","(1,49 € / Unidade)",
Henri Leblanc Espumante Bruto de França Cremant de Bourgogne garrafa 75 cl,Henri Leblanc,,"12,45 €","(16,60 € / Litro)",
Catarina Vinho Tinto de Setúbal Bacalhoa garrafa 75 cl,Catarina,,"5,19 €","(6,92 € / Litro)",
"El Corte Inglés Chouriço Extra em Fatias sem Glúten Pack 2 embalagem 112,5 g",El Corte Inglés,,"2,79 €","(12,40 € / Kg)",
Mar Ibérica Seleção de Mariscos Gourmet embalagem 500 g,Mar Ibérica,,"8,69 €","(17,38 € / Kg)",
Vahiné Corações de Açúcar embalagem 16 g,Vahiné,,"4,19 €","(174,38 € / Kg)","4,19 €"
Mirabilis Vinho Branco do Douro Grande Reserva garrafa 75 cl,Mirabilis,,46 €,"(61,33 € / Litro)",
Wittmann Vinho Branco da Alemanha Riesling Trocken garrafa 75 cl,Wittmann,,"14,90 €","(19,87 € / Litro)",
Twinings Infusão de Limão e Gengibre embalagem 20 unidades,Twinings,,"3,99 €","(0,20 € / Unidade)",
Espiga Jindungo Moído frasco 45 g,Espiga,,"1,69 €","(37,56 € / Kg)",
Desiam Molho de Curry Amarelo com Legumes embalagem 200 g,Desiam,,"4,95 €","(24,75 € / Kg)",
Lenor Aditivo Perfumado em Pérolas Ruby e Ametista embalagem 210 g,Lenor,,"10,99 €","(31,38 € / Kg)","10,99 €"
Lindt Lindor Bombons com Recheio Cremoso embalagem 200 g,Lindt Lindor,,"6,39 €","(31,95 € / Kg)",
Vallegre Conjunto 2 Vinhos do Douro Tinto garrafa 75 cl,Vallegre,,"9,90 €","(6,60 € / Litro)",
Codyfer Palmilhas Tamanho 37-52 1 par,Codyfer,,"4,79 €","(4,79 € / Unidade)",
Dez Prá Uma Bacalhau Espiritual para 2 pessoas embalagem 600 g,Dez Prá Uma,,12 €,(20 € / Kg),
Cuetara Cereais Choco Flakes Duo embalagem 420 g,Cuetara,,"3,99 €","(9,50 € / Kg)",
Joya Bebida de Aveia Vegan Biológica Pack 3 embalagem 200 ml,Joya,,"2,49 €","(12,45 € / Litro)",
Don Algodon Ambientador para Carro Flor de Cerejeira embalagem 1 unidade,Don Algodon,,"3,25 €","(3,25 € / Unidade)",
Cachet Bombons Sortidos Coração embalagem 185 g,Cachet,,"13,45 €","(72,70 € / Kg)",
Santiago Queijo Fresco de Ovelha embalagem 70 g,Santiago,,"0,99 €","(14,14 € / Kg)",
Atelier do Doce Drip Cake Rosa com Frutos Silvestres embalagem 1 kg,Atelier do Doce,,"15,70 €","(15,70 € / Unidade)",
Phunk Bebida Hard Seltzer Água com Gás e Álcool com Sabor a Lima e Gengibre lata 25 cl,Phunk,,"1,89 €","(7,56 € / Litro)",
Manná Gourmet Ovas de Cavala em Azeite lata 120 g,Manná Gourmet,,"5,99 €","(49,92 € / Kg)",
Quinta dos Currais Vinho Tinto da Beira Interior garrafa 75 cl,Quinta dos Currais,,"4,69 €","(6,25 € / Litro)",
Pescanova Muslitos do Mar com Sabor a Caranguejo sem Glúten embalagem 1 kg,Pescanova,,"10,49 €","(10,49 € / Kg)",
"Aquarius Zero Bebida Isotónica de Laranja sem Gás Zero Açúcar garrafa 1,5 L",Aquarius Zero,,"2,25 €","(1,50 € / Litro)",
Gillette Máquina Descartável Skinguard pack 3,Gillette,,"6,99 €","(2,33 € / Unidade)",
Graham's Vinho do Porto Tawny 20 Anos garrafa 75 cl,Graham's,,47 €,"(62,67 € / Litro)",
Dove Deeply Nourishing Gel de Banho embalagem 500 ml,Dove Deeply Nourishing,,"2,99 €","(5,98 € / Litro)",
Vidal Rebuçados de Frutas embalagem 100 g,Vidal,,"1,39 €","(13,90 € / Kg)",
Renova Guardanapos Tipo E Branco Duplo 140 unidades,Renova,,"1,99 €","(0,01 € / Unidade)",
Fiel Mini Alho Francês cuvete 180 g,Fiel,,"4,99 €","(27,72 € / Kg)",
Oliveira da Serra Piri-Piri Extra Audaz com Azeite garrafa 50 ml,Oliveira da Serra,,"2,49 €","(37,80 € / Litro)","2,49 €"
Mother Bio Bolachas de Limão Vegan sem Açúcar e sem Glúten Biológicas embalagem 100 g,Mother Bio,,"3,49 €","(34,90 € / Kg)",
Sonasol Wc Poder Activo Bloco Sanitário Floral 50 g,Sonasol Wc Poder Activo,,"3,19 €","(63,80 € / Kg)",
Bife de Peru embalagem 350 g,,,"4,53 €","(11,95 € / Kg)","4,53 €"
Nivea Invisible Desodorizante Black & White Roll-On embalagem 50 ml,Nivea Invisible,,"4,49 €","(89,80 € / Litro)",
SHIKRA'N Ovas de Peixe Mujjol frasco 50 g,SHIKRA'N,,"4,99 €","(99,80 € / Kg)",
Haagen-Dazs Gelado Mini Joy Collection Pack 4 unidades 95 ml,Haagen-Dazs,,"6,75 €","(17,76 € / Litro)",
Ti António Lombo de Porco Fatiado Peso Aproximado por cuvete 690 g,Ti António,,"7,93 €","(11,49 € / Kg)",
Vidal Pastilhas Melões embalagem 100 g,Vidal,,"1,39 €","(13,90 € / Kg)",
Fructis Força & Brilho Creme de Pentear 10 em 1 para Todos os Tipos de Cabelo embalagem 400 ml,Fructis Força & Brilho,,"7,99 €","(19,98 € / Litro)",
Quinta dos Carvalhais Vinho Branco do Dão Reserva garrafa 75 cl,Quinta dos Carvalhais,,25 €,"(33,33 € / Litro)",
Vigor Batido de Leite Fresco com Chocolate Pack 4 embalagem 200 ml,Vigor,,"2,20 €","(2,75 € / Litro)",
Rafeiro Vinho Branco do Alentejo garrafa 75 cl,Rafeiro,,"6,99 €","(9,32 € / Litro)",
L'or Espresso Café Guatemala Huehuetenango para Nespresso embalagem 10 cápsulas,L'or Espresso,,"4,49 €","(0,34 € / Unidade)","4,49 €"
Casa do Porco Preto Linguiça Ibérica embalagem 180 g,Casa do Porco Preto,,"3,99 €","(22,17 € / Kg)",
H&S Shampoo Classic 2em1 embalagem 300 ml,H&S,,"4,49 €","(14,97 € / Litro)",
B.S.E. Vinho Branco de Terras do Sado garrafa 75 cl,B.S.E.,,"3,99 €","(5,32 € / Litro)",
Alpro Bebida de Soja Proteína com Sabor a Chocolate embalagem 1 L,Alpro,,"2,39 €","(1,89 € / Litro)","2,39 €"
Lagos Queijo Amanteigado de Ovelha unidade 500 g,Lagos,,"10,89 €","(23,17 € / Kg)",
Magabel Tisana Erva S. Roberto embalagem 10 unidades,Magabel,,"1,10 €","(0,11 € / Unidade)",
El Corte Inglés Fraldas 3 a 6 Kg Tamanho 2 embalagem 56 unidades,El Corte Inglés,,"9,15 €","(0,16 € / Unidade)",
Fonte do Douro Pack 2 Vinhos Tinto do Dão embalagem 75 cl,Fonte do Douro,,"12,90 €","(8,60 € / Litro)",
Quinta D' Avó Molho African Piri-Piri frasco 95 ml,Quinta D' Avó,,"1,75 €","(18,42 € / Litro)",
Crete Vilana Vinho Branco da Grécia garrafa 75 cl,Crete Vilana,,"5,59 €","(7,45 € / Litro)",
El Corte Inglés Moeda de Chocolate embalagem 125 g,El Corte Inglés,,"3,50 €",(28 € / Kg),
Giovanni Rana Lasanha de Bolonhesa embalagem 350 g,Giovanni Rana,,"3,59 €","(10,26 € / Kg)",
Bio + Manteiga sem Sal 82% Gordura Biológica embalagem 250 g,Bio +,,"3,49 €","(13,96 € / Kg)",
Nobre Receita Tradicional Linguiça sem Glúten embalagem 130 g,Nobre Receita Tradicional,,"2,69 €","(20,69 € / Kg)",
Nissin Cup Noodles de Camarão e Soja embalagem 63 g,Nissin Cup Noodles,,"1,79 €","(28,41 € / Kg)",
Cigala Arroz Sabroz embalagem 1 kg,Cigala,,"1,95 €","(1,95 € / Kg)",
Taylor's Vinho do Porto Tawny Datado 10 Anos garrafa 75 cl,Taylor's,,"19,99 €","(26,65 € / Litro)",
Ti-ti Batatas Fritas Palha embalagem 170 g,Ti-ti,,"1,40 €","(8,24 € / Kg)",
Portas da Herdade Vinho Tinto do Alentejo garrafa 75 cl,Portas da Herdade,,"3,39 €","(4,52 € / Litro)",
Ferreira Vinho do Porto Tawny garrafa 75 cl,Ferreira,,"6,29 €","(8,39 € / Litro)",
Maçanita Vinho Branco do Douro garrafa 75 cl,Maçanita,,"9,95 €","(13,27 € / Litro)",
Sidul Açúcar Fino Granulado embalagem 1 kg,Sidul,,"1,79 €","(1,79 € / Kg)",
Renova Lenços embalagem 6 unidades,Renova,,"0,79 €","(0,13 € / Unidade)",
El Cantero de Letur Kéfir de Cabra Magro com Leite Biológico frasco 420 g,El Cantero de Letur,,"3,49 €","(8,31 € / Kg)",
Ach Brito Sabonete Sólido Green Pine embalagem 200 g,Ach Brito,,"12,49 €","(62,45 € / Kg)",
El Corte Inglés 4 Gelados com Chocolate Preto sem Glúten embalagem 440 ml,El Corte Inglés,,"1,55 €","(3,52 € / Litro)",
Nestlé Kit Kat Chunky Snack Manteiga de Amendoim MP 4x embalagem 42 g,Nestlé Kit Kat,,"3,39 €","(80,71 € / Kg)",
Miguelañez Abóbora com Chocolates Halloween embalagem 100 g,Miguelañez,,"5,75 €","(57,50 € / Kg)",
Nova Açores Leite de Pastagem Magro sem Lactose embalagem 1 L,Nova Açores,,"1,39 €","(1,39 € / Litro)",
Glade Ambientador Eléctrico Aromaterapia Cool Mist Moment of Zen Lavanda+Sandalwood Recarga embalagem 17 ml,Glade,,"7,99 €",(470 € / Litro),
Fairy Detergente de Lavagem à Mão para Loiça Maxi Poder Naturals 0% embalagem 640 ml,Fairy,,"4,60 €","(5,03 € / Litro)","4,60 €"
Natural One 100% Sumo de Laranja embalagem 900 ml,Natural One,,"3,79 €","(4,21 € / Litro)",
Encosta do Sobral Vinho Branco do Tejo garrafa 75 cl,Encosta do Sobral,,"5,25 €",(7 € / Litro),
Presunto Ouro 100% Ibérico Bolota ao peso 1 kg,,,"199,00 €/kg",,
Delicass Perna de Pato Confitada sem Glúten unidade 230 g,Delicass,,"9,39 €","(40,83 € / Kg)",
Dietisa Tisana Alecrim embalagem 50 g,Dietisa,,"1,29 €","(25,80 € / Kg)",
Delta Café Moído Torrado Lote Portugal Moagem Universal embalagem 250 g,Delta,,"3,29 €","(13,16 € / Kg)",
Pomares Vinho Branco do Douro Pomares garrafa 75 cl,Pomares,,"7,49 €","(9,99 € / Litro)",
Grainha Vinho Tinto do Douro garrafa 75 cl,Grainha,,"14,99 €","(19,99 € / Litro)",
Salutem Acqua Nutrition Chá Preto e Açaí  em saquetas embalagem 9 g,Salutem,,"0,39 €","(43,33 € / Kg)",
Dove Renewing Gel de Banho Peony & Rose embalagem 750 ml,Dove Renewing,,"6,99 €","(9,32 € / Litro)",
Compal da Horta Feijão Branco lata 845 g,Compal da Horta,,"1,99 €","(2,36 € / Kg)",
Carlota Organic Almôndegas de Vegetais com Molho de Tomate frasco 425 g,Carlota Organic,,"5,55 €","(13,06 € / Kg)",
Mimosa Bem Especial Crescimento Leite Meio Gordo a Partir dos 3 Anos embalagem 1 L,Mimosa Bem Especial Crescimento,,"1,79 €","(1,79 € / Litro)",
Prozis Manteiga de Amendoim com Caramelo Crocante frasco 250 g,Prozis,,"3,69 €","(14,76 € / Kg)",
Milka Chocolate de Leite embalagem 100 g,Milka,,"1,26 €","(12,60 € / Kg)",
Creme Skin Ultra Sensitive embalagem 175 ml,,,"5,99 €","(34,23 € / Litro)",
Bonduelle Ervilhas Natur + embalagem 400 g,Bonduelle,,"1,94 €","(4,85 € / Kg)",
Sanduíche Vegetal embalagem 190 g,,,"2,15 €","(11,32 € / Kg)",
Moutard Champanhe Brut Grande Cuvée garrafa 75 cl,Moutard,,"31,90 €","(42,53 € / Litro)",
Dr. Beckmann Tira-Nódoas Lubrificantes & Óleos embalagem 50 ml,Dr. Beckmann,,"3,79 €","(75,80 € / Litro)",
Iswari Psyllium Husk em Pó Biológico embalagem 125 g,Iswari,,"5,99 €","(47,92 € / Kg)",
Fastio Água Natural garrafa 1 L,Fastio,,"0,55 €","(0,55 € / Litro)",
Quinta da Esperança Vinho Tinto + Branco Regional Alentejano Pack 2 pack 2 75 cl,Quinta da Esperança,,"34,99 €","(8,33 € / Litro)",
Weetabix Cereais Proteína embalagem 440 g,Weetabix,,"5,39 €","(12,25 € / Kg)",
"El Corte Inglés Paio do Lombo em Fatias sem Glúten Pack 2 embalagem 112,5 g",El Corte Inglés,,"6,49 €","(28,84 € / Kg)",
Pão D'Avó Alongado unidade 440 g,,,"0,95 €","(2,16 € / Kg)",
Couve Bruxelas embalagem 500 g,,,"2,39 €","(4,78 € / Kg)",
Quinta dos Currais Vinho Branco da Beira Interior Síria 2020 garrafa 75 cl,Quinta dos Currais,,"5,49 €","(7,32 € / Litro)",
Milaneza Talharim embalagem 500 g,Milaneza,,"1,85 €","(3,70 € / Kg)",
Nescafé Dolce Gusto Café Ristretto Ardenza Intensidade 11 embalagem 16 cápsulas,Nescafé Dolce Gusto,,"5,99 €","(0,37 € / Unidade)",
Theramed 2 em 1 Dentífrico com Elixir Super Branqueador embalagem 75 ml,Theramed 2 em 1,,"3,39 €","(45,20 € / Litro)",
Fernão D Magalhães Vinho Tinto do Douro Reserva garrafa 75 cl,Fernão D Magalhães,,"7,95 €","(10,60 € / Litro)",
Quinta do Côa Vinho Tinto do Douro Biológico garrafa 75 cl,Quinta do Côa,,"8,99 €","(11,99 € / Litro)",
Sunquick Zero Concentrado Líquido de Laranja sem Adição de Açúcar garrafa 70 cl,Sunquick Zero,,"4,39 €","(1,05 € / Litro)",
Condi Chantilly embalagem 72 g,Condi,,"1,74 €","(24,17 € / Kg)",
Nestlé Tablete de Chocolate de Leite com Amendoim embalagem 90 g,Nestlé,,"1,49 €","(16,56 € / Kg)",
El Corte Inglés Torrão de Praliné de Trufa embalagem 250 g,El Corte Inglés,,"3,69 €","(18,45 € / Kg)",
Gullón Bolachas Digestivas sem Lactose sem Glutén embalagem 150 g,Gullón,,"2,99 €","(19,93 € / Kg)",
3 Corações Café Tradicional embalagem 250 g,3 Corações,,"7,29 €","(29,16 € / Kg)",
Cem Porcento Espelta Tufada com Mel Biológico embalagem 125 g,Cem Porcento,,"2,29 €","(18,32 € / Kg)",
Lu Mikado Chocolate Negro embalagem 75 g,Lu,,"1,99 €","(26,53 € / Kg)",
Bola de Berlim com Recheio de Frutos Silvestres,,,"0,95 €","(0,95 € / Unidade)",
Delta Q XL Café Qalidus Intensidade 10 embalagem 40 cápsulas,Delta Q XL,,"12,99 €","(0,32 € / Unidade)",
Intimy Gel Lubrificante Flor de Algodão embalagem 70 ml,Intimy,,"8,39 €","(119,86 € / Litro)",
El Corte Inglés Selection Penne Rigate embalagem 500 g,El Corte Inglés Selection,,"1,39 €","(2,78 € / Kg)",
Salsicharia Limiana Sanguinhas unidade 170 g,Salsicharia Limiana,,"1,75 €","(10,29 € / Kg)",
Manga Palmier peso aproximado por cuvete 1 kg,,,"5,99 €","(5,99 € / Kg)",
"Magnum Mini Gelados de Chocolate Classic, de Amêndoas e de Branco Pack 6 embalagem 330 ml",Magnum,,"4,99 €","(15,12 € / Litro)",
Nicola Café Alumínio Alma Peru embalagem 10 unidades,Nicola,,"3,39 €","(0,34 € / Unidade)",
Montegusto Bife da Perna de Veado sem Glúten Peso Aproximado por embalagem 400 g,Montegusto,,"11,98 €","(29,95 € / Kg)",
Coslys Gel de Banho para Pele Seca Biológico embalagem 1 L,Coslys,,"17,50 €","(17,50 € / Litro)",
Linic Men Champô + Condicionador Eficácia Ativa 2 em 1 para Todos os Tipos de Cabelo embalagem 360 ml,Linic Men,,"4,94 €","(13,72 € / Litro)",
Ruffles Original Batatas Fritas Onduladas sem Glúten embalagem 90 g,Ruffles Original,,"0,99 €","(8,22 € / Kg)","0,99 €"
Cif Detergente Líquido Desinfectante embalagem 1100 ml,Cif,,"3,99 €","(3,63 € / Litro)",
Bolachas de Limão embalagem 403 g,,,"3,19 €","(7,92 € / Kg)",
Desiam Pasta Caril Panang embalagem 70 g,Desiam,,"3,09 €","(44,14 € / Kg)",
Copa Sumo Natural de Ananás e Maçã embalagem 750 ml,Copa,,"3,29 €","(4,39 € / Litro)",
Royal Gelatina de Tutti Frutti 30% Menos Açúcares embalagem 114 g,Royal,,"1,99 €","(17,46 € / Kg)",
Oliveira Ramos Azeite Virgem Extra Premium garrafa 500 ml,Oliveira Ramos,,"9,99 €","(19,98 € / Litro)",
Coral Sidra de Maçã Pack 6 garrafa 25 cl,Coral,,"5,90 €","(3,93 € / Litro)",
Soria Natural Batatas Fritas Biológicas embalagem 40 g,Soria Natural,,"0,99 €","(24,75 € / Kg)",
Vileda Microfibre Pano Microfibras Ultra Fresh embalagem 3 unidades,Vileda Microfibre,,"3,99 €","(1,33 € / Unidade)",
Sinha Farofa Pronta Sabor Costela embalagem 250 g,Sinha,,"1,89 €","(7,56 € / Kg)",
Pousio Espumante Bruto garrafa 75 cl,Pousio,,"13,95 €","(18,60 € / Litro)",
Pedras Água com Gás com Sabor a Limão Pack 4 garrafa 33 cl,Pedras,,"2,75 €","(2,08 € / Litro)",
Martini Espumante Cocktail Bellini garrafa 70 cl,Martini,,"10,09 €","(14,41 € / Litro)",
Lorenz Aperitivos Saltletts Sticks embalagem 150 g,Lorenz,,"1,95 €",(13 € / Kg),
Quintal dos Açores Doce de Araçál frasco 250 g,Quintal dos Açores,,"4,19 €","(16,76 € / Kg)",
L' Arbre Vert Amaciador para a Roupa Pureza Campestre embalagem 800 ml,L' Arbre Vert,,"5,05 €","(6,31 € / Litro)",
Santa Catarina Posta de Atum em Azeite Biológico lata 120 g,Santa Catarina,,"1,95 €","(16,25 € / Kg)",
Codyfer Palmilhas com Esponja Tamanho Único 1 par,Codyfer,,"3,09 €","(3,09 € / Unidade)",
Ehrmann Skyr de Morango embalagem 150 g,Ehrmann,,"1,09 €","(7,27 € / Kg)",
Quinta do Sobreiró de Cima Vinho Tinto de Trás-os-Montes Reserva garrafa 75 cl,Quinta do Sobreiró de Cima,,"9,85 €","(13,13 € / Litro)",
Nescafé Shakissimo com Sabor a Cookies embalagem 190 ml,Nescafé Shakissimo,,"1,59 €","(8,37 € / Litro)",
Nissin Soba Clássico embalagem 90 g,Nissin,,"2,39 €","(26,56 € / Kg)",
Bledina Saqueta de Frutas Variadas Fruta Pura sem Adição de Açúcares embalagem 85 g,Bledina,,"1,04 €","(12,24 € / Kg)",
Snock Wrap de Espinafres com Chutney de Manga Vegetariano embalagem 220 g,Snock,,"4,29 €","(21,45 € / Kg)",
Mimosa Leite UHT Gordo Pack 3 embalagem 200 ml,Mimosa,,"1,29 €","(6,45 € / Litro)",
Piporé Yerba Mate embalagem 500 g,Piporé,,"3,99 €","(7,98 € / Kg)",
Delaviuda Panettone Brownie Receita Original embalagem 750 g,Delaviuda,,"10,53 €","(14,04 € / Kg)",
Pancas Vinho Tinto de Lisboa garrafa 75 cl,Pancas,,"4,49 €","(5,99 € / Litro)",
Glamour Bolsa Grande embalagem 1 unidade,Glamour,,"8,49 €","(8,49 € / Unidade)",
El Corte Inglés Bio Ervilhas Finas Extra Biológicas frasco 345 g,El Corte Inglés Bio,,"2,69 €","(6,23 € / Kg)","2,69 €"
Yoçor Kefir Natural Meio Gordo Pack 4 embalagem 170 ml,Yoçor,,"2,79 €","(4,10 € / Litro)",
S 3 Colónia Familiar Classic Fresh embalagem 600 ml,S 3,,"7,35 €","(1,22 € / 10 ml.)",
Airwick Ambientador Winter Walks Duo recarga 250 ml,Airwick,,"11,89 €","(47,56 € / Litro)",
Fernet Branca Licor garrafa 70 cl,Fernet Branca,,"22,90 €","(32,71 € / Litro)",
Alpro Bebida de Coco sem Açúcares Adicionados embalagem 1 L,Alpro,,"2,39 €","(2,39 € / Litro)",
Heno de Pravia Água de Colónia com Glicerina e Chá Branco embalagem 780 ml,Heno de Pravia,,"7,99 €","(10,24 € / Litro)",
Scotch-Brite Esfregão de Fibra Verde com Esponja embalagem 2 unidades,Scotch-Brite,,"3,25 €","(1,62 € / Unidade)",
"Cabo da Roca Vinho Branco de Setúbal Late Harvest garrafa 37,5 cl",Cabo da Roca,,"11,95 €","(31,87 € / Litro)",
Cabriz Vinho Branco do Dão Touriga Nacional garrafa 75 cl,Cabriz,,"8,99 €","(11,99 € / Litro)",
Doces D'Aveiro Areias de Cascais embalagem 200 g,Doces D'Aveiro,,"2,89 €","(14,45 € / Kg)",
Clarim Sabão Natural 400 g,Clarim,,"1,39 €","(3,48 € / Kg)",
El Corte Inglés Cocktail Oriental embalagem 250 g,El Corte Inglés,,"2,99 €","(11,96 € / Kg)",
Ponti Alcaparras com Sal frasco 155 g,Ponti,,"1,79 €","(11,55 € / Kg)",
Laranja Bio Embalada peso aproximado por cuvete 1 kg,,,"2,89 €/kg",,
L'Oréal Elvive Color Vive Máscara Capilar Intensiva Violeta para Cabelo com Madeixas embalagem 250 ml,L'Oréal,,"6,99 €","(27,96 € / Litro)",
Andros Fruit Me Up 100% Fruta de Maçã Pack 4 embalagem 90 g,Andros Fruit Me Up,,"2,99 €","(8,31 € / Kg)",
Condi Preparado para Pudim de Ovos embalagem 120 g,Condi,,"1,94 €","(16,17 € / Kg)",
Emile Noel Óleo de Sésamo 1º Pressão Biológico garrafa 500 ml,Emile Noel,,"10,99 €","(21,98 € / Litro)",
Dietisa Chá de Ervas Valeriana Raiz embalagem 50 g,Dietisa,,"2,99 €","(59,80 € / Kg)",
Moinette Cerveja da Bélgica Blonde Magnum garrafa 150 cl,Moinette,,"26,50 €","(17,67 € / Litro)",
Lien Ying Molho para Wok Cantonês frasco 240 ml,Lien Ying,,"3,95 €","(1,65 € / 10 ml.)",
Frias Bebida de Aveia embalagem 1 L,Frias,,"1,99 €","(1,99 € / Litro)",
Delta Platinum Café Moído Torrado Moagem Universal lata 250 g,Delta Platinum,,"6,59 €","(26,36 € / Kg)",
Iswari Sementes de Linhaça e Proteína de Cânhamo Biológicas embalagem 360 g,Iswari,,"9,79 €","(27,19 € / Kg)",
Pata Negra Vinho Tinto de Espanha Rioja Crianza garrafa 75 cl,Pata Negra,,"4,99 €","(6,65 € / Litro)",
La Trappe Cerveja da Holanda Quadrupel garrafa 33 cl,La Trappe,,"3,69 €","(11,18 € / Litro)",
Lello Vinho Tinto do Douro garrafa 75 cl,Lello,,"4,49 €","(5,99 € / Litro)",
Maybelline Super Stay 30H Base Líquida Nº 05 Ligth Beige embalagem 1 unidade,Maybelline Super Stay 30H,,"13,99 €",(2 € / Unidade),
Frize Água com Gás garrafa 75 cl,Frize,,"1,09 €","(1,45 € / Litro)",
Atrix Creme para as Mãos Proteção Suave embalagem 100 ml,Atrix,,"4,99 €","(49,90 € / Litro)",
Quinta da Serra da Gardunha Queijo Amanteigado Peso Aproximado por unidade 1 kg,Quinta da Serra da Gardunha,,"15,69 €","(15,69 € / Kg)",
Globo Tremoços Cozidos com Sal frasco 500 g,Globo,,"1,69 €","(3,38 € / Kg)",
Fapil Sacos do Lixo 130 L embalagem 10 unidades,Fapil,,"3,65 €","(0,36 € / Unidade)",
Veckia Laca de Fixação Normal Brilho e Suavidade embalagem 400 ml,Veckia,,"2,25 €","(0,56 € / 10 ml.)",
Aliada Fiambre da Perna Extra em Fatias Finas embalagem 150 g,Aliada,,"1,39 €","(9,27 € / Kg)",
Codina Hummus Libanês embalagem 200 g,Codina,,"3,19 €","(15,95 € / Kg)",
Scotch-Brite Detergente para Vitrocerâmicas 500 ml,Scotch-Brite,,"7,49 €","(14,98 € / Litro)",
Ermitage Queijo Comté Roda kg,Ermitage,,"28,99 €/kg",,
Andros Puré Sobremesa de Maçã - 30% Açúcares frasco 740 g,Andros,,"3,39 €","(4,64 € / Kg)",
Minerva Ventresca de Atum em Azeite lata 120 g,Minerva,,"3,99 €","(33,25 € / Kg)",
Ameias Vinho Tinto de Setúbal Colheita garrafa 75 cl,Ameias,,"3,99 €","(5,32 € / Litro)",
Maybelline Color Sensational Batom Nº 376 Pink embalagem 1 unidade,Maybelline Color Sensational,,"11,99 €","(11,99 € / Unidade)",
Quinta de Linhares Vinho Verde Azal Branco garrafa 75 cl,Quinta de Linhares,,"4,49 €","(5,99 € / Litro)",
Confeitaria Alvorada Bolinhol unidade 500 g,Confeitaria Alvorada,,"6,95 €","(13,90 € / Kg)",
Zesty Creme de Avelã e Cacau Vegan embalagem 180 g,Zesty,,"6,95 €","(38,61 € / Kg)",
Flor das Hortas Tempero para Aves frasco 200 g,Flor das Hortas,,"1,55 €","(7,75 € / Kg)",
El Corte Inglés Gomas Tijolos Pica embalagem 200 g,El Corte Inglés,,"0,89 €","(4,45 € / Kg)",
Huggies Little Swimmers Fraldas Fato de Banho 3 kg a  8 kg T2-T3 12 unidades,Huggies Little Swimmers,,"8,49 €","(0,71 € / Unidade)",
Provam Vinho Verde Branco garrafa 75 cl,Provam,,"3,25 €","(4,33 € / Litro)",
Secos da Aldeia Sementes de Girassol embalagem 180 g,Secos da Aldeia,,"1,35 €","(7,50 € / Kg)",
"Organique Batatas Fritas Veggie de Cenoura, Beterraba e Bróculos sem Glúten Biológicas embalagem 85 g",Organique,,"2,99 €","(35,18 € / Kg)",
Ázeo Vinho Branco do Douro garrafa 75 cl,Ázeo,,"11,25 €",(15 € / Litro),
Casaleiro Vinho Tinto Regional do Tejo Reserva garrafa 75 cl,Casaleiro,,"4,99 €","(6,65 € / Litro)",
Palmolive Memories of Nature Gel de Banho Berry Pincking embalagem 500 ml,Palmolive Memories of Nature,,"5,99 €","(11,98 € / Litro)",
Serras de Penela Queijo Mistura Pack 4 unidade 360 g,Serras de Penela,,"6,49 €","(18,03 € / Kg)",
Tapada do Barão Vinho Rosé do Alentejo garrafa 75 cl,Tapada do Barão,,"4,49 €","(5,99 € / Litro)",
Oliveira da Serra Azeite Virgem Extra Biológico garrafa 500 ml,Oliveira da Serra,,"6,99 €","(13,98 € / Litro)",
Le Grotte Vinho Tinto de Itália Lambrusco Doce garrafa 75 cl,Le Grotte,,"2,99 €","(3,99 € / Litro)",
El Corte Inglés Pão de Forma Integral embalagem 550 g,El Corte Inglés,,"1,69 €","(3,07 € / Kg)",
Mackays Chutney de Pimentão Vermelho e Paprika Defumada frasco 205 g,Mackays,,"3,74 €","(18,24 € / Kg)",
Maçarico Azeitonas Verdes Inteiras Haldikini frasco 350 g,Maçarico,,"2,89 €","(8,26 € / Kg)",
Colgate Natural Extracts Pasta de Dentes Frescura Máxima embalagem 75 ml,Colgate Natural Extracts,,"4,99 €","(66,53 € / Litro)",
Izidoro Paté Merenda de Carne lata 175 g,Izidoro,,"3,05 €","(17,43 € / Kg)",
Coquette Eau de Tiolette Sensuelle embalagem 130 ml,Coquette,,"10,95 €","(84,23 € / Litro)",
Dodot Toalhitas Cuidado Total embalagem 144 unidades,Dodot,,"7,49 €","(0,05 € / Unidade)",
Osso Buco de Novilho ao peso 1 kg,,,"9,95 €/kg",,
Milhafre Queijo Açoriano em Fatias embalagem 200 g,Milhafre,,"2,49 €","(12,45 € / Kg)",
Tété Requeijão de Cabra embalagem 240 g,Tété,,"2,39 €","(9,96 € / Kg)",
Pronto Limpa-Móveis Reparador embalagem 100 ml,Pronto,,"5,49 €","(40,90 € / Litro)","5,49 €"
Naturefoods Tortas de Arroz sem Sal Biológicas embalagem 120 g,Naturefoods,,"1,45 €","(12,08 € / Kg)",
Cozinha Pronta Bacalhau à Brás embalagem 240 g,Cozinha Pronta,,"3,79 €","(15,79 € / Kg)",
"Herdade da Maia Queijo de Vaca, Ovelha e Cabra Curado unidade 110 g",Herdade da Maia,,"2,09 €",(19 € / Kg),
Cartuxa Azeite Virgem Extra garrafa 500 ml,Cartuxa,,"10,99 €","(21,98 € / Litro)",
Reguengos Vinho Tinto do Alentejo DOC garrafa 75 cl,Reguengos,,"3,49 €","(4,65 € / Litro)",
Dove Original Desodorizante Roll-On embalagem 50 ml,Dove Original,,"4,49 €","(89,80 € / Litro)",
Delta Q Café Kenya embalagem 10 cápsulas,Delta Q,,"4,39 €","(0,44 € / Unidade)",
Serra de Portel Mel de Rosmaninho frasco 500 g,Serra de Portel,,"5,39 €","(11,23 € / Kg)",
Dan Cake Torta de Morango embalagem 300 g,Dan Cake,,"2,79 €","(9,30 € / Kg)",
Aliada Vassoura para Exteriores 1 unidade,Aliada,,"1,95 €","(1,95 € / Unidade)",
Sunquick Gelado para Congelar Tropical sem Glúten Pack 8 embalagem 6 cl,Sunquick,,"3,49 €","(0,83 € / Litro)",
Elnett Laca Fixação Forte embalagem 300 ml,Elnett,,"5,99 €","(19,97 € / Litro)",
Margem Renovador de Chão Envernizado embalagem 500 ml,Margem,,"5,89 €","(11,78 € / Litro)",
Alternativa 3 Café Forte para Nespresso Biológico embalagem 10 cápsulas,Alternativa 3,,"3,95 €","(0,40 € / Unidade)",
Fizzy Peluche com Choclates Zaminours embalagem 135 g,Fizzy,,"17,45 €","(129,26 € / Kg)",
Alpro Bebida de Avelã embalagem 1 L,Alpro,,"2,39 €","(2,39 € / Litro)",
"Vértice Espumante Reserva Cuvée garrafa 1,5 L",Vértice,,"34,90 €","(23,27 € / Litro)",
Luso Fruta Água com Sabor a Melancia garrafa 1 L,Luso Fruta,,"1,25 €","(1,25 € / Litro)",
Messias Vinho do Porto Special Reserve garrafa 75 cl,Messias,,"10,60 €","(14,13 € / Litro)",
Nivea Men Deep Desodorizante Dry & Clean Roll-On embalagem 50 ml,Nivea Men Deep,,"4,49 €","(89,80 € / Litro)",
Sidónio de Sousa Vinho Tinto da Bairrada Merlot garrafa 75 cl,Sidónio de Sousa,,"11,49 €","(15,32 € / Litro)",
So' Bio Creme Protector 5 em 1 Aloe Vera Biológico embalagem 50 ml,So' Bio,,"10,49 €","(209,80 € / Litro)",
Quinta do Poço do Lobo Espumante da Bairrada Bruto garrafa 75 cl,Quinta do Poço do Lobo,,"9,99 €","(13,32 € / Litro)",
Instituto Espanol Gel de Banho embalagem 750 ml,Instituto Espanol,,"2,49 €","(3,32 € / Litro)",
Saco de Ráfia Morangos 1 unidade,,,"0,50 €",,
Joya Bebida de Amêndoa 0% Açúcar sem Glúten embalagem 1 L,Joya,,"2,89 €","(2,89 € / Litro)",
El Corte Inglés Detergente para Pavimentos de Madeira e Parqués com Sabão Especial embalagem 1 L,El Corte Inglés,,"1,39 €","(1,39 € / Litro)",
Bicentury Tortas de Arroz Negro com Sal Rosa dos Himalaias embalagem 130 g,Bicentury,,"2,65 €","(20,38 € / Kg)",
Codyfer Palmilhas Tamanho 23-26 1 par,Codyfer,,"3,19 €","(3,19 € / Unidade)",
Cuétara Tosta Rica Bolachas embalagem 570 g,Cuétara Tosta Rica,,"3,89 €","(6,82 € / Kg)",
"135 Gin ""Japão"" garrafa 70 cl",135,,"33,50 €","(44,67 € / Litro)",
Patak's Pasta Caril Médio frasco 283 g,Patak's,,"4,45 €","(15,72 € / Kg)",
Popz Pipocas com Manteiga para Microondas embalagem 90 g,Popz,,"1,10 €","(12,22 € / Kg)",
Delta Café Creme Solúvel embalagem 160 g,Delta,,"4,69 €","(29,31 € / Kg)",
Salutem Acqua Nutrition Chá Verde e Melancia em saquetas embalagem 9 g,Salutem,,"0,39 €","(43,33 € / Kg)",
Galipette Sidra Brut garrafa 33 cl,Galipette,,"2,75 €","(8,33 € / Litro)",
El Corte Inglés Bio Amêndoas Cruas sem Pele Biológicas embalagem 200 g,El Corte Inglés Bio,,"6,49 €","(32,45 € / Kg)",
Soft&Co Sabonete de Glicerina Vegan embalagem 100 g,Soft&Co,,"1,75 €","(17,50 € / Kg)",
Gliss Hair Repair Elixir Suavidade e Brilho Para Cabelo Muito Estragado 75,Gliss Hair Repair,,"11,99 €","(159,87 € / Litro)",
Super Bock Coruja Cerveja Amber Lager Pack 4 garrafa 33 cl,Super Bock Coruja,,"3,59 €","(2,72 € / Litro)",
Izidoro Salsichas 100% de Peru 5 Unidades frasco 160 g,Izidoro,,"3,12 €","(19,50 € / Kg)",
Air Wick Recarga Essential Citrus embalagem 20 ml,Air Wick,,"7,99 €","(399,50 € / Litro)",
Instituto Espanol Loção para o Corpo com Aloe Vera embalagem 500 ml,Instituto Espanol,,"4,49 €","(8,98 € / Litro)",
El Corte Inglés Sementes de Girassol Tostadas e Ligeiramente Salgadas embalagem 200 g,El Corte Inglés,,"1,69 €","(8,45 € / Kg)",
Lay's Batatas Fritas sabor Paprika embalagem 150 g,Lay's,,"1,99 €","(13,27 € / Kg)",
Niepoort Vinho do Porto Tawny Dee garrafa 75 cl,Niepoort,,"9,49 €","(12,65 € / Litro)",
Quintal dos Açores Doce de Figo frasco 250 g,Quintal dos Açores,,"4,19 €","(16,76 € / Kg)",
Dodot Fraldas Bebe Seco Tamanho 3 embalagem 40,Dodot,,"9,99 €","(0,25 € / Unidade)",
Eu Nutrition Nozes Descascadas Biológicas embalagem 150 g,Eu Nutrition,,"3,99 €","(26,60 € / Kg)",
"Pêra Rocha 70/75 Peso Aproximado por cuvete 1,2 kg",,,"3,47 €","(2,89 € / Kg)",
Nature Valley Barritas de Cereais com Xarope de Ácer embalagem 210 g,Nature Valley,,"2,99 €","(14,24 € / Kg)",
Renata Biscoito Cream Craker embalagem 200 g,Renata,,"1,15 €","(5,75 € / Kg)",
Ameias Vinho Tinto de Setúbal Sauvignon Blanc garrafa 75 cl,Ameias,,"6,29 €","(8,39 € / Litro)",
Lugrade Cachaços de Bacalhau embalagem 600 g,Lugrade,,"22,99 €","(38,32 € / Kg)",
Avianense Bombons de Chocolate Preto embalagem 160 g,Avianense,,"7,65 €","(47,81 € / Kg)",
Cadão Vinho do Porto Ruby garrafa 75 cl,Cadão,,"6,99 €","(9,32 € / Litro)",
Brussels Cerveja Picobello Zero lata 33 cl,Brussels,,"3,85 €","(11,67 € / Litro)",
Pantene Anti-Caspa Champô e Amaciador 3 em 1 para Todo o Tipo de Cabelo embalagem 300 ml,Pantene Anti-Caspa,,"4,99 €","(12,47 € / Litro)","4,99 €"
Real Abadia Conjunto Licor de Ginja + 2 Copos garrafa 50 cl,Real Abadia,,"23,50 €",(47 € / Litro),
El Mandarin Preparado em Pó para Leite Creme embalagem 92 g,El Mandarin,,"1,49 €","(16,20 € / Kg)",
King C. Gillette Máquina de Barbear + Gel de Barbear embalagem 1 unidade,King C. Gillette,,"34,99 €","(17,49 € / Unidade)","34,99 €"
Redondo Iglesias Presunto Serrano Grande Reserva unidade 100 g,Redondo Iglesias,,"3,69 €","(36,90 € / Kg)",
Shoyce Bebida de Amêndoa sem Açúcar sem Glúten 0% Lactose embalagem 1 L,Shoyce,,"2,09 €","(1,65 € / Litro)","2,09 €"
Alternativa 3 Café Descafeinado Moído Biológico embalagem 250 g,Alternativa 3,,"6,29 €","(25,16 € / Kg)",
Mr. Cheese Queijo Brie Peso Aproximado por unidade 180 g,Mr. Cheese,,"17,19 €/kg",,
Nobre Cocktail Mini Salsichas frasco 200 g,Nobre Cocktail,,"1,95 €","(10,26 € / Kg)",
Luso Sport Água Mineral sem Gás garrafa 75 cl,Luso Sport,,"0,75 €",(1 € / Litro),
Socilink Filete de Atum em Azeite Biológico embalagem 120 g,Socilink,,"5,69 €","(47,42 € / Kg)",
Pato Discos Ativos Mar Duo embalagem 36 ml,Pato,,"6,79 €","(188,61 € / Litro)",
El Corte Inglés Chá de Camomila com Sabor a Mel embalagem 20 unidades,El Corte Inglés,,"1,05 €","(40,38 € / Kg)",
Dan'up Iogurte Líquido de Stracciatella Pack 4 embalagem 155 g,Dan'up,,"2,99 €","(4,82 € / Kg)",
Globo Lentilhas Verdes embalagem 400 g,Globo,,"0,99 €","(2,48 € / Kg)",
H&S Condicionador Suavizante embalagem 220 ml,H&S,,"4,94 €","(22,45 € / Litro)",
Not Guilty Chocolate Preto com Creme de Amêndoa 50% embalagem 90 g,Not Guilty,,"2,29 €","(25,44 € / Kg)",
Aguinamar Mexilhões Cozidos Biológicos embalagem 500 g,Aguinamar,,"6,49 €","(12,98 € / Kg)",
Delirium Cerveja Barrel Aged Black garrafa 75 cl,Delirium,,"37,90 €","(50,53 € / Litro)",
Harmony Preservativos Normais embalagem 6 unidades,Harmony,,"4,59 €","(0,76 € / Unidade)",
Boletus Cogumelos Desidratados frasco 15 g,Boletus,,"5,25 €",(350 € / Kg),
Vasco da Gama Petinga em Tomate lata 90 g,Vasco da Gama,,"1,15 €","(12,78 € / Kg)",
Pata Negra Espumante Cava Brut garrafa 75 cl,Pata Negra,,"4,49 €","(5,99 € / Litro)",
KH-7 Tira-Nódoas 750 ml,KH-7,,"6,19 €","(8,25 € / Litro)",
Compal Clássico Néctar de Laranja embalagem 1 L,Compal Clássico,,"0,99 €","(0,99 € / Litro)",
Nacional Esparguete Fino embalagem 500 g,Nacional,,"1,99 €","(3,98 € / Kg)",
Delta Cevada Especial Moagem para Máquina embalagem 250 g,Delta,,"0,89 €","(3,56 € / Kg)",
Delaviuda Bolos Glória embalagem 300 g,Delaviuda,,"5,49 €","(18,30 € / Kg)",
El Corte Inglés Café Colombia para Nespresso Intensidade 6 embalagem 10 cápsulas,El Corte Inglés,,"2,39 €","(45,96 € / Kg)",
Tomilho Biológico embalagem 30 g,,,"1,50 €",(50 € / Kg),
Macal Paio York 1/2 Peça,Macal,,"10,75 €/kg",,
Cardhu Whisky Malte Gold Reserve garrafa 70 cl,Cardhu,,"41,50 €","(59,29 € / Litro)",
Cem Porcento Infusão de Príncipe Biológica embalagem 13 g,Cem Porcento,,"1,19 €","(91,54 € / Kg)",
Nestlé Lion Snack de Chocolate de Leite embalagem 42 g,Nestlé Lion,,"1,10 €","(26,19 € / Kg)",
Maldonado Lombo 100% Ibérico Bolota,Maldonado,,"89,95 €/kg",,
Salutem Chá Prosono embalagem 15 g,Salutem,,"0,79 €","(52,67 € / Kg)",
Abacate Hass Extra Selecção Peso Aproximado por unidade 300 g,,,"6,49 €/kg",,
El Corte Inglés Guinas com Alho Picante embalagem 120 g,El Corte Inglés,,"1,99 €","(16,58 € / Kg)",
Chupa Chups Chupa Chupa embalagem 1 unidade,Chupa Chups,,"0,59 €","(0,59 € / Unidade)",
The Berry Company 100% Sumo de Açai embalagem 1 L,The Berry Company,,"2,99 €","(2,99 € / Litro)",
Primeira Folha Red Vein Sorrel Germinado embalagem 30 g,Primeira Folha,,"2,99 €","(99,67 € / Kg)",
Reese's Calendário do Advento de Natal embalagem 242 g,Reese's,,"13,99 €","(57,81 € / Kg)",
Parmalat Molho Béchamel embalagem 500 ml,Parmalat,,"2,19 €","(4,38 € / Litro)",
Buondi Café Moído Torrado Original Intensidade 9 Moagem Normal embalagem 220 g,Buondi,,"3,69 €","(16,77 € / Kg)",
Ferrarini Queijo Provolone Dolce Oregano unidade 180 g,Ferrarini,,"3,65 €","(20,28 € / Kg)",
San Marcos Frijoles Refritos com Chilpotle frasco 430 g,San Marcos,,"2,49 €","(5,79 € / Kg)",
Chipicao Maxi Croissant Recheado com Creme de Baunilha embalagem 80 g,Chipicao Maxi,,"1,19 €","(14,88 € / Kg)",
El Corte Inglés Salada Chinesa frasco 250 g,El Corte Inglés,,"1,35 €","(5,40 € / Kg)",
Sanex Natur Protect Desodorizante para Pele Sensível Roll-On embalagem 50 ml,Sanex Natur Protect,,"3,99 €","(79,80 € / Litro)",
Altano Vinho Tinto do Douro garrafa 150 cl,Altano,,"9,99 €","(6,66 € / Litro)",
Donettes Bolo de Chocolate Donuts 6 unidades embalagem 114 g,Donettes,,"1,99 €","(17,46 € / Kg)",
Dr.Organic Serum Anti-Idade para os Olhos Biológico embalagem 30 ml,Dr.Organic,,"17,84 €","(594,67 € / Litro)",
Heller Rebuçados de Café e Nata embalagem 135 g,Heller,,"2,45 €","(18,15 € / Kg)",
Snock Wrap Vegetariano 2 Unidades embalagem 170 g,Snock,,"3,09 €","(18,18 € / Kg)",
Beutelsbacher Sumo de Ananás Biológico embalagem 700 ml,Beutelsbacher,,"6,49 €","(9,27 € / Litro)",
Kinross Gin Wild Berry Fruits garrafa 70 cl,Kinross,,"21,99 €","(31,41 € / Litro)",
Vapza Carne Seca Desfiada embalagem 400 g,Vapza,,"9,49 €","(17,72 € / Kg)","9,49 €"
Próvida Geleia de Agave Doseador Biológico embalagem 480 g,Próvida,,"5,19 €","(10,81 € / Kg)",
Pimento Laranja embalagem 450 g,,,"2,99 €","(6,64 € / Kg)",
Schweppes Refrigerante Citrus com Gás garrafa 100 cl,Schweppes,,"1,95 €","(1,95 € / Litro)",
Garnier Olia Coloração de Longa Duração Nº 6.60 Vermelho Intenso embalagem 1 unidade,Garnier Olia,,"11,99 €","(11,99 € / Unidade)",
Baron Fuenté Champanhe Bruto garrafa 75 cl,Baron Fuenté,,"22,90 €","(30,53 € / Litro)",
Sharwood's Caril Picante em Pó frasco 102 g,Sharwood's,,"3,89 €","(38,14 € / Kg)",
Veckia Tampões Super com Aplicador embalagem 14 unidades,Veckia,,"1,99 €","(0,14 € / Unidade)",
Bio Puro Detergente Líquido para a Roupa de Bebé Biológico embalagem 1 L,Bio Puro,,"8,35 €","(8,35 € / Litro)",
Limão ao peso 1 kg,,,"2,29 €/kg",,
Leão Dourado Espumante Doce garrafa 75 cl,Leão Dourado,,"4,25 €","(5,67 € / Litro)",
Pepsi Refrigerante garrafa 1 L,Pepsi,,"1,24 €","(1,24 € / Litro)",
Celibene Bolachas de Chocolate Biológicas embalagem 200 g,Celibene,,"2,99 €","(14,95 € / Kg)",
Nivea Kite Sensitive pack 1 unidade,Nivea,,"24,64 €","(15,99 € / Unidade)","24,64 €"
Santa Catarina Filetes de Atum com Gengibre lata 120 g,Santa Catarina,,"3,09 €","(22,92 € / Kg)","3,09 €"
Dom José Vinho do Porto Ruby garrafa 75 cl,Dom José,,"6,50 €","(8,67 € / Litro)",
Brisa Refrigerante de Maracujá com Gás lata 33 cl,Brisa,,"0,91 €","(2,76 € / Litro)",
Aliada Vassoura Básica embalagem 1 unidade,Aliada,,"1,25 €","(1,25 € / Unidade)",
Paladin Molho de Caril e Leite de Coco embalagem 250 ml,Paladin,,"2,45 €","(9,80 € / Litro)",
Quinta dos Açores Gelado de Morango embalagem 100 ml,Quinta dos Açores,,"2,50 €",(25 € / Litro),
Tipiak Quinoa Oriental embalagem 180 g,Tipiak,,"3,75 €","(20,83 € / Kg)",
Dez Prá Uma Tarte de Leite Condensado até 6 pessoas embalagem 950 g,Dez Prá Uma,,"15,75 €","(16,58 € / Kg)",
Comfort Intense Care Amaciador para Roupa Revive Lavish Blossom Ultra Concentrado embalagem 60 doses,Comfort Intense Care,,"7,99 €","(0,13 € / Dose)",
Casal da Adega Vinho Tinto do Douro Touriga Nacional garrafa 75 cl,Casal da Adega,,"8,95 €","(11,93 € / Litro)",
Casa Matias Queijo de Ovelha sem Lactose embalagem 500 g,Casa Matias,,"9,95 €","(19,90 € / Kg)",
Casillero del Diablo Vinho Branco do Chile Sauvignon 2020 garrafa 75 cl,Casillero del Diablo,,"7,49 €","(9,99 € / Litro)",
El Corte Inglés Rebuçados de Eucalipto sem Glúten embalagem 125 g,El Corte Inglés,,"0,75 €",(6 € / Kg),
Skip Active Clean Detergente Liquido para a Máquina da Roupa Concentrado embalagem 80 doses,Skip Active Clean,,"15,99 €","(0,20 € / Dose)",
Salutem Mini Palmieres Integrais com Fructose embalagem 150 g,Salutem,,"2,65 €","(17,67 € / Kg)",
Dalva Vinho do Porto Branco 10 Anos Dry garrafa 75 cl,Dalva,,"17,99 €","(23,99 € / Litro)",
Casas Altas Vinho Branco das Beiras Chardonnay garrafa 75 cl,Casas Altas,,"11,99 €","(15,99 € / Litro)",
Nestlé Cerelac 1ªPapa Arroz sem Glúten 250g embalagem 250 g,Nestlé Cerelac,,"3,15 €","(12,60 € / Kg)",
Dr. Oetker Pizza Ristorante Prosciuto Funghi embalagem 350 g,Dr. Oetker,,"4,99 €","(11,40 € / Kg)","4,99 €"
Villa Truffo Queijo Gouda 1/4 kg,Villa Truffo,,"31,98 €/kg",,
Biomit Manteiga de Avelã Biológica embalagem 220 g,Biomit,,"7,99 €","(36,32 € / Kg)",
Tenorio Filetes de Atum ao Natural frasco 200 g,Tenorio,,"4,85 €","(24,25 € / Kg)",
Lindt Chocolate Negro sem Açúcares Adicionados sem Glúten embalagem 100 g,Lindt,,"4,99 €","(49,90 € / Kg)",
Generous Biscoitos Charlotte Chocolat embalagem 125 g,Generous,,"5,49 €","(43,92 € / Kg)",
Nivea Visage Leite de Limpeza Reconfortante para Pele Seca a Sensível embalagem 200 ml,Nivea Visage,,"5,99 €","(19,45 € / Litro)","5,99 €"
Vinha do Putto Vinho Tinto da Bairrada garrafa 75 cl,Vinha do Putto,,"5,95 €","(7,93 € / Litro)",
Saco de Plástico 1 unidade,,,"0,10 €",,
Garofalo Massa Mafalda Corta embalagem 500 g,Garofalo,,"2,09 €","(4,18 € / Kg)",
Babaria For Men Desodorizante Choco Late Spray embalagem 200 ml,Babaria For Men,,"2,99 €","(14,95 € / Litro)",
Frioleiras Barrinhas de Frutos Secos e Manteiga de Amendoim sem Glúten Biológicas Pack 3 embalagem 32 g,Frioleiras,,"4,89 €","(152,81 € / Kg)",
Oral-B Complete Pasta de Dentes Elixir + Branqueamento embalagem 75 ml,Oral-B Complete,,"2,99 €","(39,87 € / Litro)",
Trappistes Rochefort Cerveja da Bélgica 10º garrafa 33 cl,Trappistes Rochefort,,"4,45 €","(13,48 € / Litro)",
Skip Sensitive Detergente Liquido para a Máquina da Roupa Concentrado embalagem 46 doses,Skip Sensitive,,"9,99 €","(0,22 € / Dose)",
El Corte Inglés Selection Feijão Branco ao Natural frasco 400 g,El Corte Inglés Selection,,"0,95 €","(2,38 € / Kg)",
Mar Azul Biqueirão Cantábrico unidade 160 g,Mar Azul,,"3,75 €","(23,44 € / Kg)",
Hempology Proteína de Cânhamo em Pó com Coco Biológica embalagem 200 g,Hempology,,"12,75 €","(63,75 € / Kg)",
"Trina Zero Refrigerante de Limão sem Gás garrafa 1,5 L",Trina Zero,,"2,15 €","(1,43 € / Litro)",
Max Lumen Lamparina para Fondue + 2 Recargas embalagem 95 ml,Max Lumen,,"12,55 €","(66,05 € / Litro)",
Bom Petisco Hambúrguer de Atum 2 Unidades embalagem 150 g,Bom Petisco,,"4,09 €","(27,27 € / Kg)",
Pastoret Iogurte Artesanal Natural Açucarado embalagem 500 g,Pastoret,,"2,55 €","(5,10 € / Kg)",
Vinho Tinto do Douro Reserva garrafa 75 cl,,,"14,35 €","(19,13 € / Litro)",
Nicola Café Lote Rossio para Nespresso Intensidade 10 embalagem 30 cápsulas,Nicola,,"7,35 €","(0,24 € / Unidade)",
La Cetto Vinho Tinto do Chile Zinfandel garrafa 75 cl,La Cetto,,"10,99 €","(14,65 € / Litro)",
Domaine Borba Viinho Tinto Regional Alentejano garrafa 75 cl,Domaine Borba,,"39,50 €","(52,67 € / Litro)",
Not Guilty Chocolate Preto com Manteiga de Amendoim 50% embalagem 30 g,Not Guilty,,"0,99 €",(33 € / Kg),
Lusoforma Formas de Alumínio Redonda embalagem 50 unidades,Lusoforma,,"2,75 €","(0,06 € / Unidade)",
Sharish Gin Magic Blue garrafa 50 cl,Sharish,,"27,49 €","(54,98 € / Litro)",
Joya Bebida de Arroz Vegan sem Glúten Biológica Pack 3 embalagem 200 ml,Joya,,"2,49 €","(12,45 € / Litro)",
Montanegra Presunto da Pá Ibérico Fatiado à Mão embalagem 80 g,Montanegra,,"7,99 €","(99,88 € / Kg)",
Garcia Baquero Queijo de Espanha Curado em Fatias embalagem 200 g,Garcia Baquero,,"3,19 €","(25,52 € / Kg)",
Spontex Esfregona Microfibras Extra Recarga 1 unidade,Spontex,,"3,69 €","(3,69 € / Unidade)",
Mestemacher Muesli com Frutas Secas Biológico embalagem 500 g,Mestemacher,,"4,09 €","(8,18 € / Kg)",
Axe Black Dry Desodorizante Spray embalagem 150 ml,Axe Black Dry,,"3,59 €","(23,93 € / Litro)",
Origens Óleo Extra Virgem de Coco Biológico embalagem 200 ml,Origens,,"4,69 €","(23,45 € / Litro)",
Globo Corante Rosa frasco 28 ml,Globo,,"1,65 €","(58,93 € / Litro)",
Salutem Snack Crocante de Queijo com Alho sem Açúcar Biológico embalagem 50 g,Salutem,,"1,39 €","(27,80 € / Kg)",
Nah Eat Water Slim Rice sem Glúten embalagem 200 g,Nah Eat Water,,"2,89 €","(14,45 € / Kg)",
Nacional Macarrão Grande embalagem 500 g,Nacional,,"1,59 €","(3,18 € / Kg)",
Zerotre Sêmola de Trigo Duro com Vegetais Alfabeto Biológica embalagem 250 g,Zerotre,,"4,75 €",(19 € / Kg),
Condado Real Vinho Branco de Espanha Castilla y León Verdejo Viura garrafa 75 cl,Condado Real,,"3,95 €","(5,27 € / Litro)",
Green Shield Toalhitas de Limpeza Food Surface embalagem 50 unidades,Green Shield,,"5,25 €","(0,10 € / Unidade)",
Gliss Reparação Total Máscara Capilar para Cabelo Seco e Estragado Extra-Brilho embalagem 150 ml,Gliss Reparação Total,,"7,99 €","(53,27 € / Litro)",
Paladar Pronto Empadão de Batata Doce com Carne de Vaca e Frango embalagem 350 g,Paladar Pronto,,"4,99 €","(14,26 € / Kg)",
Couve Flor peso aproximado por ao peso 1 kg,,,"3,99 €/kg",,
Dez Prá Uma Strogonoff de Peru para 2 pessoas embalagem 500 g,Dez Prá Uma,,12 €,(24 € / Kg),
Nivea Care&Orange Gel de Banho embalagem 500 ml,Nivea Care&Orange,,"6,49 €","(12,98 € / Litro)",
Presunto 100% Ibérico Campo ao peso 1 kg,,,"37,99 €/kg",,
Unicef - Ajudar as crianças na Ucrânia,,,5 €,,
Heineken Cerveja Silver lata 33 cl,Heineken,,"0,85 €","(2,58 € / Litro)",
Eat Real Aperitivos Hummus e Sal Marinho Vegan sem Glúten embalagem 135 g,Eat Real,,"2,65 €","(19,63 € / Kg)",
Ramón Bilbao Vinho Branco de Espanha Verdeja Rueda garrafa 75 cl,Ramón Bilbao,,"7,49 €","(9,99 € / Litro)",
Juvamine Café Digestão e Ventre Liso com Alcachofra Aroma Intenso sem Açúcares embalagem 16 unidades,Juvamine,,"8,09 €","(0,51 € / Unidade)",
Nortindal Molho Tinta de Chocos frasco 100 g,Nortindal,,"5,35 €","(53,50 € / Kg)",
Twix Bolachas com Caramelo e Pepitas de Chocolate embalagem 144 g,Twix,,"3,09 €","(21,46 € / Kg)",
Côto de Mamoelas Espumante Alvarinho garrafa 75 cl,Côto de Mamoelas,,"14,95 €","(19,93 € / Litro)",
Glade Ambientador Eléctrico Clean Line embalagem 20 ml,Glade,,"8,99 €","(449,50 € / Litro)",
Secos da Aldeia Amendoins Fritos com Sal embalagem 180 g,Secos da Aldeia,,"1,69 €","(9,39 € / Kg)",
Sagres Bohemia Cerveja Puro Malte Pack 6 garrafa 33 cl,Sagres Bohemia,,"4,99 €","(2,52 € / Litro)",
Aussie Máscara Capilar Miracle 3 Minutos SOS embalagem 225 ml,Aussie,,"9,99 €","(44,40 € / Litro)",
Actibel Esponja de Banho Vegetal Touch embalagem 1 unidade,Actibel,,"3,55 €","(3,55 € / Unidade)",
Granini Néctar de Cocktail de Frutas Multivitaminadas garrafa 1 L,Granini,,"2,75 €","(2,75 € / Litro)",
Sr. Bacalhau Pastéis de Bacalhau embalagem 360 g,Sr. Bacalhau,,"3,89 €","(10,81 € / Kg)",
Veet Institut Cera Depilatória sem Bandas Profissional embalagem 300 g,Veet Institut,,"12,49 €","(41,63 € / Kg)",
Encostas de Estremoz Vinho Tinto do Alentejo Alicante Bouschet garrafa 75 cl,Encostas de Estremoz,,"8,99 €","(11,99 € / Litro)",
Bjorg Pão 3 Cereais Biológico embalagem 500 g,Bjorg,,"3,35 €","(6,70 € / Kg)",
Castillo San Diego Vinho Branco de Espanha Castillo garrafa 70 cl,Castillo San Diego,,"4,99 €","(6,65 € / Litro)",
Axe Collision Gel de Banho Leather & Cookies para Homem embalagem 400 ml,Axe Collision,,"3,59 €","(8,98 € / Litro)",
Iswari Cacau Pepitas Cru Biológico embalagem 125 g,Iswari,,"4,59 €","(36,72 € / Kg)",
Quinta da Lapa Vinho Branco do Tejo Reserva garrafa 75 cl,Quinta da Lapa,,"5,50 €","(7,33 € / Litro)",
Glade Ambientdor Eléctrico Sandalwood embalagem 20 ml,Glade,,"8,99 €","(449,50 € / Litro)",
Dodot Fraldas Cuidado Total T3 embalagem 46 unidades,Dodot,,"18,45 €","(0,40 € / Unidade)",
Quinta D' Avó Piri-Piri com Alho frasco 90 g,Quinta D' Avó,,"1,55 €","(17,22 € / Kg)",
Casa do Porco Preto Lombo de Porco Preto Bolota Fatiado à Mão unidade 100 g,Casa do Porco Preto,,"12,99 €","(129,90 € / Kg)",
Cem Porcento Infusão Emagrecimento embalagem 13 g,Cem Porcento,,"0,99 €","(76,15 € / Kg)",
El Corte Inglés Chocolate Branco sem Glúten embalagem 100 g,El Corte Inglés,,"0,69 €","(6,90 € / Kg)",
Aliada Tomate Triturado Extra lata 800 g,Aliada,,"1,35 €","(1,69 € / Kg)",
"Mon Cheri Bombons Pack 15 embalagem 157,5 g",Mon Cheri,,"5,29 €","(33,59 € / Kg)",
Compal Clássico Néctar de Pera Rocha embalagem 33 cl,Compal Clássico,,"0,79 €","(2,39 € / Litro)",
Beretta Breasaola embalagem 100 g,Beretta,,"5,99 €","(59,90 € / Kg)",
Santa Teresa Hummus sem Glúten Biológico embalagem 180 g,Santa Teresa,,"3,45 €","(19,17 € / Kg)",
"Trina Refrigerante de Maçã sem Gás garrafa 1,5 L",Trina,,"2,15 €","(1,43 € / Litro)",
Babaria Creme Hidratante com Aloe Vera para Pele Atópica embalagem 50 ml,Babaria,,"7,65 €",(153 € / Litro),
L'Oréal Elvive Total Repair 5 Máscara Capilar para Cabelos Estragados embalagem 300 ml,L'Oréal,,"6,99 €","(23,30 € / Litro)",
Globo Goiabada lata 600 g,Globo,,"2,95 €","(4,92 € / Kg)",
Peninsular Vinagre de Vinho Branco garrafa 500 ml,Peninsular,,"0,85 €","(1,70 € / Litro)",
"Wyke Farms Queijo Cheddar Vintage Peso Aproximado por unidade 3,3 kg",Wyke Farms,,"26,29 €/kg",,
Forma + Chá Regulador Intestinal Regulax embalagem 10 unidades,Forma +,,"1,99 €","(0,20 € / Unidade)",
Miolo Pão Kumut com Sementes Biológico unidade 450 g,Miolo,,"4,55 €","(10,11 € / Kg)",
Leite Montanha Queijo dos Açores Ilha dos Mistérios,Leite Montanha,,"23,49 €/kg",,
Milka Chocolate de Leite com Avelãs embalagem 270 g,Milka,,"3,99 €","(14,78 € / Kg)",
Margão Segredos Mistura de Alho e Ervas Aromáticas frasco 40 g,Margão Segredos,,"2,89 €","(72,25 € / Kg)",
Herbal Essences Bio-Renew Condicionador Aloe Vera + Cânhamo Repara e Suaviza para Cabelo Seco embalagem 275 ml,Herbal Essences Bio-Renew,,"4,99 €",(3.740 € / Litro),"4,99 €"
Nestlé Chocolate Lion Coconut Pack 5 unidades embalagem 30 g,Nestlé,,"2,99 €","(99,67 € / Kg)",
Mimosa Iogurte Liquido Frutos Vermelhos pack 8 embalagem 156 ml,Mimosa,,"3,69 €","(24,44 € / Litro)",
Lipton Ice Tea de Pêssego garrafa 50 cl,Lipton Ice Tea,,"1,09 €","(2,18 € / Litro)",
Maçarico Pasta de Azeitona Verde frasco 100 g,Maçarico,,"1,89 €","(18,90 € / Kg)",
Vive Soy Bebida de Soja Light embalagem 1 L,Vive Soy,,"1,94 €","(1,94 € / Litro)",
Eurofumeiro Alheira de Caça Especial Terras do Vento Leste embalagem 200 g,Eurofumeiro,,"2,69 €","(13,45 € / Kg)",
Muros Antigos Vinho Verde Loureiro Branco garrafa 75 cl,Muros Antigos,,"5,90 €","(7,87 € / Litro)",
Oreo Leite com Cobertura de Oreo embalagem 200 ml,Oreo,,"1,99 €","(9,95 € / Litro)",
Villa Maria Vinho Branco da Nova Zelândia Riesling garrafa 75 cl,Villa Maria,,"11,49 €","(15,32 € / Litro)",
Coca-Cola Refrigerante com Gás Zero Açúcar Pack 6 lata 33 cl,Coca-Cola,,"4,30 €","(2,17 € / Litro)",
El Corte Inglés Bolachas Wafer Barquilhos de Chocolate embalagem 150 g,El Corte Inglés,,"0,75 €",(5 € / Kg),
Nescafé Dolce Gusto Café Latte de Aveia Vegan Intensidade 5 embalagem 12 cápsulas,Nescafé Dolce Gusto,,"5,59 €","(0,47 € / Unidade)",
Cockburn's Vinho do Porto 10 Anos garrafa 75 cl,Cockburn's,,"16,99 €","(22,65 € / Litro)",
KYLIE MINOGUE Vinho Rosé Francês garrafa 75 cl,KYLIE MINOGUE,,"10,49 €","(13,99 € / Litro)",
"Porca de Murça Vinho Branco do Douro garrafa 37,5 cl",Porca de Murça,,"3,45 €","(9,20 € / Litro)",
Royal Coalhada sem Glúten embalagem 48 g,Royal,,"2,19 €","(45,62 € / Kg)",
Pitéu Mexilhões em Escabeche lata 115 g,Pitéu,,"2,45 €","(21,30 € / Kg)",
Dez Prá Uma Empadinhas de Pato 12 unidades PATO embalagem 840 g,Dez Prá Uma,,"16,80 €",(20 € / Kg),
Special Line El Corte Inglés Açúcar Moreno de Cana Integral embalagem 1 kg,Special Line El Corte Inglés,,"6,19 €","(6,19 € / Kg)",
Herbas Infusão de Hortelã Bio bolsa 30 g,Herbas,,"3,99 €",(133 € / Kg),
Bola de Berlim,,,"0,85 €","(0,85 € / Unidade)",
De Marchi Polpa de Frutos Vermelhos embalagem 100 g,De Marchi,,"1,49 €","(14,90 € / Kg)",
El Corte Inglés Salmão Fumado Norueguês unidade 100 g,El Corte Inglés,,"4,59 €","(45,90 € / Kg)",
Pantene Miracles Máscara Capilar Intensiva Anti-Frizz embalagem 160 ml,Pantene Miracles,,"6,59 €","(41,19 € / Litro)",
Sunquick Concentrado Líquido de Frutos Tropicais garrafa 70 cl,Sunquick,,"4,63 €","(0,66 € / Litro)",
Montiqueijo Queijo Curado de Vaca embalagem 200 g,Montiqueijo,,"3,55 €","(17,75 € / Kg)",
Milka Chocolate Moments Mix embalagem 268 g,Milka,,"8,49 €","(31,68 € / Kg)",
Antiqua Aguardente Velha VSOP garrafa 70 cl,Antiqua,,"15,75 €","(22,50 € / Litro)",
Nacional + Bio Esparguete Biológico embalagem 500 g,Nacional + Bio,,"1,89 €","(3,78 € / Kg)",
Ribeira Mexilhões em Molho de Vieira 13-18 Pequenos sem Glúten lata 111 g,Ribeira,,"1,69 €","(15,23 € / Kg)",
Panrico Pão de Forma  Cerealia 50%Farinha de Millho e 50% Farinha de Centeio Alto Teor em Fibra embalagem 385 g,Panrico,,"1,09 €","(2,83 € / Kg)",
A Vaca Que Ri Queijo Fundido Light 16 Porções embalagem 280 g,A Vaca Que Ri,,"3,68 €","(13,14 € / Kg)",
Palette Coloração Nº 3 Castanho Escuro embalagem 1 unidade,Palette,,"5,99 €","(5,99 € / Unidade)",
Serra da Malcata Mel Cremoso de Flores de Laranjeira frasco 420 g,Serra da Malcata,,"6,49 €","(15,45 € / Kg)",
Donuts Bombon de Chocolate 4 Unidades embalagem 188 g,Donuts Bombon,,"3,35 €","(17,82 € / Kg)",
Espiga Tomilho Folha embalagem 20 g,Espiga,,"1,10 €",(55 € / Kg),
Seven Up Light Refrigerante de Lima Limão com Gás Pack 6 lata 33 cl,Seven Up Light,,"3,99 €","(12,09 € / Litro)",
Garnier Skin Active Máscara Facial 5 Minutos Vitamina C Anti Fadiga de Ananás embalagem 1 unidade,Garnier Skin Active,,"2,99 €","(2,99 € / Unidade)",
Capdevila Bloc Foie Gras de Pato Mi-Cuit Vermouth unidade 100 g,Capdevila,,"9,29 €","(92,90 € / Kg)",
Sensodyne Rapid Action Pasta de Dentes Protecção Duradoura embalagem 75 ml,Sensodyne Rapid Action,,"4,99 €","(66,53 € / Litro)",
Glade Ambientador Vela Moment of Zen embalagem 260 g,Glade,,"11,99 €","(46,12 € / Kg)",
El Corte Inglés Queijo de Espanha Meia Cura em Fatias embalagem 240 g,El Corte Inglés,,"3,55 €","(14,79 € / Kg)",
Sanex Zero % Gel de Banho Família embalagem 750 ml,Sanex Zero %,,"7,15 €","(9,53 € / Litro)",
Neoblanc Lixivia Densa embalagem 1 L,Neoblanc,,"3,69 €","(3,69 € / Litro)",
"Nestea Ice Tea de Limão garrafa 1,5 L",Nestea,,"1,79 €","(1,19 € / Litro)",
Valor Chocolate Puro com Amêndoas Inteiras sem Glúten embalagem 250 g,Valor,,"3,79 €","(15,16 € / Kg)",
Ti-ti Batatas Fritas embalagem 400 g,Ti-ti,,"2,95 €","(7,38 € / Kg)",
Nestlé Tablete Chocolate Preto 70% Cacau sem Glúten embalagem 120 g,Nestlé,,"2,59 €","(21,58 € / Kg)",
Capitão Iglo Nuggets de Frango 18 Unidades embalagem 375 g,Capitão Iglo,,"9,99 €","(26,64 € / Kg)",
"Dessange Escova de Cabelo ""Carvão Vegetal"" embalagem 1 unidade",Dessange,,"9,99 €","(9,99 € / Unidade)",
Pronto Limpa Multisuperfícies Classic embalagem 500 ml,Pronto,,"5,99 €","(11,98 € / Litro)",
El Corte Inglés Azeite garrafão 5 L,El Corte Inglés,,"19,65 €","(3,93 € / Litro)",
Ferbar Laranja Cristalizada embalagem 150 g,Ferbar,,"3,30 €",(22 € / Kg),
Castello Água com Gás Pack 6 garrafa 25 cl,Castello,,"2,79 €","(1,86 € / Litro)",
Pato Discos Activos Marine embalagem 36 ml,Pato,,"8,09 €","(224,72 € / Litro)",
Andresen Vinho do Porto Branco 20 Anos garrafa 50 cl,Andresen,,"47,50 €",(95 € / Litro),
Ta-Tung Gyoza de Frango ao Vapor embalagem 170 g,Ta-Tung,,"3,65 €","(21,47 € / Kg)",
Sojasun Iogurte Grego Natural pack 4 unidades,Sojasun,,"2,99 €","(5,98 € / Kg)",
Mevgal Iogurte Grego 10% embalagem 1 kg,Mevgal,,"5,69 €","(5,69 € / Kg)",
Castello D'Alba Vinho Tinto do Douro Vinhas Velhas garrafa 150 cl,Castello D'Alba,,"28,50 €",(19 € / Litro),
Johnson's Champô Baby Eco Refill embalagem 1 L,Johnson's,,"8,49 €","(8,49 € / Litro)",
Pastor Serrano Queijo Amanteigado de Ovelha ao peso 1 kg,Pastor Serrano,,"23,69 €/kg",,
Delta Café em Grão Lote Gold embalagem 500 g,Delta,,"14,99 €","(29,98 € / Kg)",
Fini Gomas Savana Mix sem Glúten embalagem 160 g,Fini,,"1,59 €","(9,94 € / Kg)",
Beretta Salame Pepperoni em Fatias embalagem 80 g,Beretta,,"3,29 €","(41,12 € / Kg)",
Fini Gomas Amazónia Mix sem Glúten embalagem 160 g,Fini,,"1,59 €","(9,94 € / Kg)",
Sensodyne Pasta de Dentes com Protecção Diária embalagem 75 ml,Sensodyne,,"3,99 €","(53,20 € / Litro)",
"Simple Rebuçados com Stevia de Canela, Curcuma e Pimenta Preta embalagem 50 g",Simple,,"2,05 €",(41 € / Kg),
Illy Café Espresso Lungo para Nespresso embalagem 10 cápsulas,Illy,,"5,24 €","(0,52 € / Unidade)",
Glade Vela Ambientador Cherry & Peony embalagem 129 g,Glade,,"4,99 €","(38,68 € / Kg)",
Quinta do Valdoeiro Vinho Branco da Bairrada Chardonnay garrafa 75 cl,Quinta do Valdoeiro,,"7,85 €","(10,47 € / Litro)",
Soft&Co Serum Ultra Hidratação embalagem 30 ml,Soft&Co,,"5,99 €","(199,67 € / Litro)",
Dr. Bentes Rebuçados de Laranja e Mentol sem Glúten embalagem 100 g,Dr. Bentes,,"1,09 €","(10,90 € / Kg)",
Renova Papel Higiénico Yellow embalagem 2 unidades,Renova,,"3,38 €","(1,69 € / Unidade)",
Depend Cuecas Para Adultos Mulher com Incontinência Absorção Super Tamanho XL embalagem 9 unidades,Depend,,"9,79 €","(1,09 € / Unidade)",
Strogonoff de Novilho Peso Aproximado 200 g,,,"14,90 €/kg",,
Pine Flavour Miolo de Pinhão Biológico embalagem 100 g,Pine Flavour,,"12,95 €","(129,50 € / Kg)",
Quanto Amaciador Twist para a Roupa Lírios e Flor de Algodão Concentrado embalagem 74 doses,Quanto,,"9,99 €","(0,14 € / Dose)",
Khanum Pó de Caril Médio embalagem 100 g,Khanum,,"3,39 €","(33,90 € / Kg)",
L'Arbre Vert Detergente Manual para a Loiça Ecológico Limão Verde embalagem 500 ml,L'Arbre Vert,,"2,39 €","(4,78 € / Litro)",
Le Pain des Fleurs Tostas com Figo Biológico embalagem 150 g,Le Pain des Fleurs,,"5,49 €","(36,60 € / Kg)",
Bife da Vazia de Vitela Branca Peso Aproximado por cuvete 350 g,,,"10,48 €","(29,95 € / Kg)",
Old El Paso Chili com Carne embalagem 418 g,Old El Paso,,"4,89 €","(11,70 € / Kg)",
Nivea Visage Creme Hidratante de Dia para Pele Normal a Mista embalagem 50 ml,Nivea Visage,,"5,99 €","(119,80 € / Litro)",
Ferrarini Mortadela de Bolonha em Fatias sem Glúten sem Lactose embalagem 120 g,Ferrarini,,"3,45 €","(28,75 € / Kg)",
Frei João Vinho Branco da Bairrada garrafa 75 cl,Frei João,,"3,99 €","(5,32 € / Litro)",
Alma Cerveja Artesanal Brasileira garrafa 50 cl,Alma,,"3,19 €","(6,38 € / Litro)",
Nivea Naturally Good Toalhitas Desmaquilhantes Biodegradáveis com Aloe Vera embalagem 25 unidades,Nivea Naturally Good,,"4,94 €","(0,20 € / Unidade)",
Incap Rebuçados de Menta e Chocolate embalagem 125 g,Incap,,"0,99 €","(7,92 € / Kg)",
Icecare Gelado Artesanal Morango embalagem 500 ml,Icecare,,"6,95 €","(13,90 € / Litro)",
Vahiné Rosas de Açúcar embalagem 38 g,Vahiné,,"3,99 €","(72,37 € / Kg)","3,99 €"
El Corte Inglés Queijo Ralado Emmental embalagem 200 g,El Corte Inglés,,"2,45 €","(12,25 € / Kg)",
Super Bock Selecção 1927 Cerveja Artesanal Dunkelweizen Edição Limitada garrafa 33 cl,Super Bock Selecção 1927,,"1,99 €","(6,03 € / Litro)",
Quinta do Infantado Colecção Miniaturas Vinho do Porto Pack 5 embalagem 5 cl,Quinta do Infantado,,"12,49 €","(49,96 € / Litro)",
Cono Sur Vinho Branco do Chile Sauvignon Blanc garrafa 75 cl,Cono Sur,,"7,99 €","(10,65 € / Litro)",
Pure Piraña Água com Gás + Álcool com Sabor a Frutos Vermelhos lata 33 cl,Pure Piraña,,"1,35 €","(0,32 € / Litro)",
Azeitona Manzanilla Natural,,,"12,99 €/kg",,
Royal Gelatina de Morango Pack 4 embalagem 100 g,Royal,,"2,19 €","(3,35 € / Kg)","2,19 €"
Adega Ponte de Lima Vinho Branco Verde Reserva Loureiro garrafa 75 cl,Adega Ponte de Lima,,"8,99 €","(11,99 € / Litro)",
Hansaplast Pensos Forte Adesividade embalagem 20 unidades,Hansaplast,,"2,19 €","(0,11 € / Unidade)",
Pescanova Muslitos do Mar 8 Unidades embalagem 250 g,Pescanova,,"2,69 €","(10,76 € / Kg)",
El Cantero de Letur Iogurte Natural Magro de Cabra Biológico Pack 2 embalagem 125 g,El Cantero de Letur,,"2,45 €","(9,80 € / Kg)",
Persil Detergente para Máquina da Roupa Liquido Sabão embalagem 60 doses,Persil,,"9,99 €","(0,17 € / Dose)",
Maheso Tempura de Verduras embalagem 400 g,Maheso,,"3,99 €","(9,98 € / Kg)",
Carm Vinho Tinto do Douro garrafa 75 cl,Carm,,"10,49 €","(13,99 € / Litro)",
Muralhas de Monção Vinho Rosé Verde garrafa 75 cl,Muralhas de Monção,,"3,75 €",(5 € / Litro),
Skip Limpa Máquinas embalagem 120 g,Skip,,"6,49 €","(54,08 € / Kg)",
Queijo Creme Brie embalagem 125 g,,,"2,49 €","(23,71 € / Kg)",
Caçarola Arroz Branqueado Biológico embalagem 500 g,Caçarola,,"2,39 €","(4,78 € / Kg)",
Palmolive Toque Suave Sabonete Glicerina Hidratante embalagem 90 g,Palmolive Toque Suave,,"0,99 €",(11 € / Kg),
Secos da Aldeia Sementes de Papoila embalagem 180 g,Secos da Aldeia,,"2,59 €","(14,39 € / Kg)",
Sunny Delight Sumo Waikiki Lima e Limão embalagem 310 ml,Sunny Delight,,"0,95 €","(3,06 € / Litro)",
La Dispensa Iogurte Bufala sabor Morango embalagem 150 g,La Dispensa,,"3,09 €","(23,77 € / Kg)",
Quinta de São Cosme Requeijão de Ovelha Magro embalagem 250 g,Quinta de São Cosme,,"2,15 €","(8,60 € / Kg)",
Jameson Whisky Irlandês garrafa 70 cl,Jameson,,"21,49 €","(30,70 € / Litro)",
Trolli Gomas Beijinhos de Morango embalagem 100 g,Trolli,,"1,19 €","(11,90 € / Kg)",
Lusiaves Peito de Peru Peso Aproximado por cuvete 850 g,Lusiaves,,"7,64 €","(8,99 € / Kg)",
El Corte Inglés Refrigerante Cola com Gás lata 33 cl,El Corte Inglés,,"0,45 €",,
Milka Moments Chocolates de Oreo embalagem 97 g,Milka Moments,,"3,19 €","(32,89 € / Kg)",
Kaffa Alumínio Café Fortíssimo Intensidade 12 para Nespresso embalagem 10 cápsulas,Kaffa Alumínio,,"2,12 €","(0,21 € / Unidade)",
Babaria Creme para o Corpo Hidratante com Cannabis Peles Sensíveis embalagem 200 ml,Babaria,,"4,49 €","(22,45 € / Litro)",
Delverde Tostas Melba Redondas embalagem 100 g,Delverde,,"1,09 €","(10,90 € / Kg)",
Cem Porcento Chá Sem Barriga embalagem 13 g,Cem Porcento,,"0,99 €","(76,15 € / Kg)",
Cavendish & Harvey Rebuçados de Limão Amargo lata 200 g,Cavendish & Harvey,,"3,09 €","(15,45 € / Kg)",
Quanto Amaciador de Roupa Concentrado Violetas do Bosque embalagem 122 doses,Quanto,,"12,49 €","(0,10 € / Dose)",
Axe Dry Black Desodorizante Roll-On embalagem 50 ml,Axe Dry Black,,"5,99 €","(119,80 € / Litro)",
Jean Louis David Lima de Vidro embalagem 1 unidade,Jean Louis David,,"4,52 €","(4,52 € / Unidade)",
Prozis Tortitas Krispees de Arroz com Chocolate Vegan embalagem 30 g,Prozis,,"2,29 €","(19,08 € / Kg)",
"Raid Insecticida Eléctrico Anti Mosquitos embalagem 36,2 ml",Raid,,"10,99 €","(303,59 € / Litro)",
Ferbar Cogumelos Inteiros lata 290 g,Ferbar,,"1,79 €","(6,17 € / Kg)",
Cantinho das Aromáticas Infusão de Hortelã-Pimenta Biológica embalagem 40 g,Cantinho das Aromáticas,,"4,55 €","(113,75 € / Kg)",
Old El Paso Tortilhas Wraps Pack 6 embalagem 350 g,Old El Paso,,"3,40 €","(9,71 € / Kg)",
Woolite Detergente para a Máquina da Roupa Líquido Protecção Escuros embalagem 30 doses,Woolite,,"13,99 €","(0,47 € / Dose)",
Mousse Skin Ultra Sensitive embalagem 200 ml,,,"5,99 €","(29,95 € / Litro)",
Merci Chocolate de Creme de Café embalagem 100 g,Merci,,"2,59 €","(25,90 € / Kg)",
Tio Pepe Vinho Jerez garrafa 75 cl,Tio Pepe,,"10,90 €","(14,53 € / Litro)",
Pernas de Frango Peso Aproximado,,,"2,95 €/kg",,
Burgo de Arias Aperitivos Queijos Provençais unidade 100 g,Burgo de Arias,,"3,79 €","(37,90 € / Kg)",
Bonne Maman Tartelettes Bolachas Recheadas com Framboesa embalagem 135 g,Bonne Maman Tartelettes,,"2,79 €","(20,67 € / Kg)",
Ines Rosales Tortas de Azeite sem Açúcar Vegan 5 Unidades embalagem 150 g,Ines Rosales,,"2,69 €","(17,93 € / Kg)",
Nacional Pontinha embalagem 250 g,Nacional,,"0,84 €","(3,36 € / Kg)",
El Corte Inglés Selection Queijo da Espanha Velho com Leite Cru embalagem 250 g,El Corte Inglés Selection,,"4,95 €","(19,80 € / Kg)",
Pescanova Fishburgers de Salmão 4 Unidades embalagem 300 g,Pescanova,,"6,49 €","(21,63 € / Kg)",
Oh K! Kombucha de Frutos Silvestres Biológica garrafa 200 ml,Oh K!,,"2,45 €","(12,25 € / Litro)",
Martin Miller's Gin garrafa 70 cl,Martin Miller's,,"28,90 €","(41,29 € / Litro)",
Magnum Gelado Double com Caramelo Salgado embalagem 440 ml,Magnum,,"5,99 €","(13,61 € / Litro)",
Gran Pavesi Crackers Folhas de Azeitona embalagem 150 g,Gran Pavesi,,"2,98 €","(19,87 € / Kg)",
Lenços de Bolso 3 Camadas embalagem 15 unidades,,,"1,49 €","(0,10 € / Unidade)",
Glenfiddich Whisky Malte 15 Anos garrafa 70 cl,Glenfiddich,,"48,99 €","(69,99 € / Litro)",
Pescanova Lulinhas 3 a 6 cm embalagem 500 g,Pescanova,,"5,99 €","(10,98 € / Kg)","5,99 €"
Ceres 100% Sumo de Maçã sem Açúcar embalagem 200 ml,Ceres,,"0,95 €","(4,75 € / Litro)",
Vimeiro Água com Gás garrafa 75 cl,Vimeiro,,"1,29 €","(1,72 € / Litro)",
Suavipiel Esponja Spa embalagem 1 unidade,Suavipiel,,"3,29 €","(3,29 € / Unidade)",
Neo Blanc Wc Bloco Sanitário Espuma Activa Anti-Calcário Brisa Marinha embalagem 1 unidade,Neo Blanc Wc,,"2,99 €","(1,49 € / Unidade)","2,99 €"
Dinol Esfregão de Arame 30 g,Dinol,,"1,45 €","(48,33 € / Kg)",
Lombo de Veado sem Glúten Peso Aproximado por embalagem 600 g,,,"26,97 €","(44,95 € / Kg)",
Gelcampo Ervilhas embalagem 300 g,Gelcampo,,"0,69 €","(2,30 € / Kg)",
Gillette Venus Breeze Máquina Depilatória 2 em 1 embalagem 1 unidade,Gillette Venus Breeze,,"8,49 €","(8,49 € / Unidade)",
Babaria Desmaquilhante Olhos e Lábios embalagem 100 ml,Babaria,,"3,29 €","(32,90 € / Litro)",
Tojeira Azeitona Cordovil Biológica frasco 320 g,Tojeira,,"4,35 €","(13,59 € / Kg)",
My Smoothie 100% Sumo de Framboesa embalagem 25 cl,My Smoothie,,"1,45 €","(5,80 € / Litro)",
Larnaudie Confit de Figo unidade 100 g,Larnaudie,,"6,09 €","(60,90 € / Kg)",
Suchard Express Achocolatado embalagem 500 g,Suchard Express,,"3,99 €","(7,98 € / Kg)",
Bicentury Nackis Tortitas de Arroz Integral embalagem 130 g,Bicentury Nackis,,"1,76 €","(13,54 € / Kg)",
Vigor Kefir de Frutos Vermelhos Pack 4 embalagem 200 g,Vigor,,"3,14 €","(2,94 € / Kg)","3,14 €"
Dalva Vinho Tinto do Douro Reserva garrafa 600 cl,Dalva,,"69,99 €","(11,66 € / Litro)",
NewGene Autoteste Sars Cov2 embalagem 1 unidade,NewGene,,"1,59 €","(1,59 € / Unidade)",
Ferbar Farinha de Mandioca embalagem 500 g,Ferbar,,"1,99 €","(3,98 € / Kg)",
Leonor Rosa Pão de Ló Margaride unidade 500 g,Leonor Rosa,,"12,95 €","(25,90 € / Kg)",
Clearspring Chá Verde Matcha Sencha do Japão Biológico embalagem 20 unidades,Clearspring,,"6,65 €","(0,33 € / Unidade)",
Garnier Creme Corporal Hidratante para Pele Desidratada Melancia + Ácido Hialurónico embalagem 300 ml,Garnier,,"7,69 €","(25,63 € / Litro)",
Knorr Tempero Tempero de Alho e Salsa 8 Cubos embalagem 72 g,Knorr Tempero,,"2,30 €","(31,94 € / Kg)",
La Fabrique Green Tiara de Cabelo 100% Origem Natural Vegan embalagem 1 unidade,La Fabrique Green,,"2,89 €","(2,89 € / Unidade)",
"Labello Proteção Labial Dress Nude embalagem 5,5 ml",Labello,,"8,49 €","(1.543,64 € / Litro)",
Royal Gelatina de Limão Pack 4 embalagem 100 g,Royal,,"2,19 €","(3,35 € / Kg)","2,19 €"
Kandoo Toalhitas Infantis Recarga embalagem 120 unidades,Kandoo,,"5,39 €","(0,03 € / Unidade)","5,39 €"
Fini Gomas Rãs embalagem 90 g,Fini,,"0,89 €","(9,89 € / Kg)",
Terra Nostra Manteiga com Sal embalagem 250 g,Terra Nostra,,"2,35 €","(9,40 € / Kg)",
Pancas Vinho Branco de Lisboa garrafa 75 cl,Pancas,,"4,49 €","(5,99 € / Litro)",
A Vaca Que Ri Queijo Fundido Palitos embalagem 35 g,A Vaca Que Ri,,"0,79 €","(22,57 € / Kg)",
Vahiné Decoração Kawaii embalagem 7 g,Vahiné,,"4,19 €","(398,57 € / Kg)","4,19 €"
Gelpeixe Cubos de Tamboril embalagem 500 g,Gelpeixe,,"10,99 €","(16,48 € / Kg)","10,99 €"
Vinho Tinto Syrah garrafa 75 cl,,,"12,95 €","(17,27 € / Litro)",
Alternativa 3 Cacau em Pó sem Glúten e sem Lactose Biológico embalagem 150 g,Alternativa 3,,"3,59 €","(23,93 € / Kg)",
Seiamor Queijo de Ovelha unidade 350 g,Seiamor,,"11,95 €","(34,14 € / Kg)",
Pringles Aperitivos Original embalagem 40 g,Pringles,,"1,29 €","(32,25 € / Kg)",
Lindahls Iogurte Pro+ de Limão e Cookies embalagem 150 g,Lindahls,,"1,49 €","(9,93 € / Kg)",
Blue Dragon Molho Teriyaki embalagem 120 g,Blue Dragon,,"1,95 €","(16,25 € / Kg)",
Zambudio Guindilhas Picantes Peso Aproximado ao peso 1 kg,Zambudio,,"16,69 €/kg",,
Persil Universal Detergente para a Máquina da Roupa em Pó embalagem 40 doses,Persil Universal,,"6,99 €","(0,17 € / Dose)",
Knorr Las Clásicas Creme de Verduras Mediterrâneas embalagem 500 ml,Knorr Las Clásicas,,"2,89 €","(5,78 € / Litro)",
Veckia Escova de Dentes para Viagem embalagem 1 unidade,Veckia,,"1,65 €","(1,65 € / Unidade)",
Cartuxa Vinho Tinto do Alentejo garrafa 75 cl,Cartuxa,,"19,99 €","(26,65 € / Litro)",
Lacta Bombom Ouro Branco embalagem 1 kg,Lacta,,"24,95 €","(24,95 € / Kg)",
Fructis STRENGHT VITAMIN embalagem 300 ml,Fructis,,"5,89 €","(19,63 € / Litro)",
Sabores do Vez Chouriça de Carne unidade 200 g,Sabores do Vez,,"3,19 €","(15,95 € / Kg)",
Sorini Bombons de Chocolate Sortido Veneza lata 198 g,Sorini,,"12,95 €","(65,40 € / Kg)",
Petit Cheri Colónia Familiar embalagem 750 ml,Petit Cheri,,"7,20 €","(0,96 € / 10 ml.)",
Neoblanc Lixívia Densa Perfumada 1 L,Neoblanc,,"2,04 €","(2,04 € / Litro)",
Valfrutta Tomate em Cubos Biológico embalagem 400 g,Valfrutta,,"1,79 €","(4,48 € / Kg)",
Celeiro da Terra Bolinhos de Coco embalagem 300 g,Celeiro da Terra,,"4,45 €","(14,83 € / Kg)",
Veckia Sérum de Reparação para Cabelo Seco ou Danificado embalagem 50 ml,Veckia,,"3,95 €","(7,90 € / 10 ml.)",
Quinta do Piloto Vinho Branco de Setúbal Collection Roxo garrafa 75 cl,Quinta do Piloto,,"8,19 €","(10,92 € / Litro)",
Jacobsen Cookies de Manteiga Happy Days lata 150 g,Jacobsen,,"3,49 €","(23,27 € / Kg)",
El Corte Inglés Leite Condensado Magro embalagem 450 g,El Corte Inglés,,"1,75 €","(3,89 € / Kg)",
Desiam Sopa Instantânea Thai Tom Yam embalagem 240 g,Desiam,,"8,45 €","(35,21 € / Kg)",
Flor das Hortas Tempero para Febras frasco 200 g,Flor das Hortas,,"1,55 €","(7,75 € / Kg)",
From Heaven Chocolate de Leite Biológico embalagem 100 g,From Heaven,,"3,29 €","(32,90 € / Kg)",
Agerul Vinagre de Limpeza Multiusos embalagem 1 L,Agerul,,"0,99 €","(0,99 € / Litro)",
Jacquot Trufas Caffe Latte embalagem 200 g,Jacquot,,"3,49 €","(17,45 € / Kg)",
El Corte Inglés Pedaços de Potas em Tinta Pack 3 embalagem 177 g,El Corte Inglés,,"2,49 €","(10,38 € / Kg)",
Quinta dos Açores Queijo da Mina Pasta Mole unidade 400 g,Quinta dos Açores,,"7,89 €","(19,72 € / Kg)",
Yoçor Iogurte Grego dos Açores com Banana dos Açores Pack 4 embalagem 115 g,Yoçor,,"2,59 €","(4,98 € / Litro)",
"Cif Lava Tudo Marinho embalagem 1,4 L",Cif Lava Tudo,,"3,99 €","(2,85 € / Litro)",
Grey Goose Vodka Orange garrafa 70 cl,Grey Goose,,"47,09 €","(67,27 € / Litro)",
Nova Classe Palitos Finos embalagem 85 unidades,Nova Classe,,"0,75 €","(0,01 € / Unidade)",
Dalva Vinho do Porto Colheita 1968 garrafa 75 cl,Dalva,,399 €,(532 € / Litro),
Fruut Cubos de Abacaxi embalagem 30 g,Fruut,,"1,29 €",(43 € / Kg),
Lipton Pyramid Chá de Camomila embalagem 20 unidade,Lipton Pyramid,,"1,79 €","(0,09 € / Unidade)",
Nolita Granola Sporty Zero Açúcar Adicionado Biológico sem Glúten embalagem 420 g,Nolita,,"7,49 €","(17,83 € / Kg)",
Dodot Pants Fraldas 17+ kg Tamanho 7 embalagem 23 unidades,Dodot Pants,,"9,99 €","(0,43 € / Unidade)",
Próvida Miso Cevada Biológico frasco 300 g,Próvida,,"9,49 €","(31,63 € / Kg)",
Orbit Pastilhas Spearmint sem Açúcar embalagem 14 g,Orbit,,"0,89 €","(63,57 € / Kg)",
Belvita Bolachas Soft Cake com Pepitas de Frutos Vermelhos embalagem 250 g,Belvita,,"2,99 €","(11,96 € / Kg)",
Carefree Protege-Slip Respirare Maxi embalagem 64 unidades,Carefree,,"4,79 €","(0,07 € / Unidade)",
Ambi Pur 3 Volution Ambientador Eléctrico Ar Fresco Recarga 43 ml,Ambi Pur 3 Volution,,"9,59 €","(223,02 € / Litro)",
Renova Black Label Guardanapos Eléctrico embalagem 20 unidades,Renova Black Label,,"2,19 €","(0,11 € / Unidade)",
Maldonado Chistorra 100% Ibérico Bolota,Maldonado,,"19,95 €/kg",,
"El Pozo Salsichão Nobreza sem Glúten Peso Aproximado por unidade 1,8 kg",El Pozo,,"18,49 €/kg",,
Don Gaucho Molho Chimi Churri garrafa 270 ml,Don Gaucho,,"3,49 €","(12,93 € / Litro)",
Cigala Arroz Vaporizado Extra Longo 1 kg,Cigala,,"1,59 €","(1,59 € / Kg)",
Isola Bio Bebida de Arroz com Coco  Biológica embalagem 1 L,Isola Bio,,"2,95 €","(2,95 € / Litro)",
Gallo Vinagre de Sidra Biológico garrafa 250 ml,Gallo,,"2,15 €","(0,01 € / Unidade)",
Mimosa Iogurte sem Lactose Magro de Mirtilo pack 120 g,Mimosa,,"2,69 €","(4,35 € / Kg)","2,69 €"
Studio Vinho Róse Francês Perrin garrafa 75 cl,Studio,,"13,50 €",(18 € / Litro),
Delverde Tortiglioni Nº37 embalagem 500 g,Delverde,,"1,99 €","(3,98 € / Kg)",
Vileda One Zip Sacos de Congelação com Fecho Hermético 1 L embalagem 15 unidades,Vileda One Zip,,"4,79 €","(0,32 € / Unidade)",
Cecinas Pablo Cecina Curada em Fatias sem Glúten embalagem 100 g,Cecinas Pablo,,"5,79 €","(57,90 € / Kg)",
Mão de Cordeiro 350 g,,,"24,95 €/kg",,
Glamour Elásticos para Cabelo Mix Cores embalagem 8 unidades,Glamour,,"3,99 €","(0,50 € / Unidade)",
Salsicharia Limiana Bacon Extra em Fatias embalagem 150 g,Salsicharia Limiana,,"2,55 €",(17 € / Kg),
Diadermine Lift+ Luminosidade Creme Anti-Rugas Ultra-Refirmante de Dia embalagem 50 ml,Diadermine Lift+ Luminosidade,,"17,59 €","(351,80 € / Litro)",
Silvex Sacos do Lixo para Fraldas 35 unidades,Silvex,,"2,15 €","(0,06 € / Unidade)",
Nobre Chouriço Curado Suave Sabor sem Glúten embalagem 160 g,Nobre,,"1,99 €","(12,44 € / Kg)",
Gelpeixe Ovas de Bacalhau embalagem 400 g,Gelpeixe,,"11,49 €","(28,72 € / Kg)",
"Fruut Maçã Desidratada, Amêndoas e Coco sem Glúten embalagem 30 g",Fruut,,"1,15 €","(38,33 € / Kg)",
Sumol Refrigerante de Ananás com Gás Pack 6 lata 33 cl,Sumol,,"4,39 €","(2,22 € / Litro)",
Tropical Bebida de Aloe Vera e Chá Verde embalagem 500 ml,Tropical,,"1,79 €","(3,58 € / Litro)",
Biscoitos de Sintra Broas de Mel embalagem 330 g,Biscoitos de Sintra,,"4,25 €","(12,88 € / Kg)",
Mimosa Magro Aroma Iogurte Líquido de Morango e Kiwi Leve 6 Pague 4 embalagem 151 ml,Mimosa Magro Aroma,,"2,79 €","(18,48 € / Litro)",
Eric Kayser Madalenas embalagem 3 unidades,Eric Kayser,,"2,50 €","(0,83 € / Unidade)",
Quinta do Regueiro Vinho Verde Primitivo Alvarinho Reserva Branco garrafa 75 cl,Quinta do Regueiro,,"15,99 €","(21,32 € / Litro)",
Labello Fruity Shine Batom de Cieiro com Aroma a Cereja embalagem 5 g,Labello Fruity Shine,,"2,79 €",(558 € / Kg),
Cem Porcento Infusão de Lúcia-Lima Biológica embalagem 13 g,Cem Porcento,,"0,99 €","(76,15 € / Kg)",
Gillette Bolsa + Styler + Gel embalagem 1 unidade,Gillette,,"30,99 €","(15,49 € / Unidade)","30,99 €"
Tierras Reina Pudim Flan de Ovos sem Glúten Pack 4 embalagem 110 g,Tierras Reina,,"3,45 €","(7,84 € / Kg)",
El Corte Inglés Amaciador para a Roupa Branco Delicado Concentrado embalagem 80 doses,El Corte Inglés,,"2,30 €","(0,03 € / Dose)",
Quinta do Infantado Vinho do Porto Reserva Especial garrafa 75 cl,Quinta do Infantado,,"11,99 €","(15,99 € / Litro)",
Chips Ahoy Bolachas de Chocolat Rings embalagem 156 g,Chips Ahoy,,"2,59 €","(16,60 € / Kg)",
Carefree Plus Protege-Slips Maxi embalagem 36 unidades,Carefree Plus,,"2,99 €","(0,08 € / Unidade)",
Clen Creme Limpa Placas de Vitrocerâmicas e Indução embalagem 450 ml,Clen,,"11,99 €","(26,64 € / Litro)",
De Pauline Bolachas Macarons de Pistacho Pack 6 embalagem 72 g,De Pauline,,"2,99 €","(41,53 € / Kg)",
Percebe Médio Berlengas,,,"34,90 €/kg",,
Mar de Lisboa Vinho Tinto de Lisboa garrafa 75 cl,Mar de Lisboa,,"4,99 €","(6,65 € / Litro)",
Pastoret Iogurte com Mirtilos Biológico embalagem 135 g,Pastoret,,"1,69 €","(12,52 € / Kg)",
Salmão Enrolado com Legume e Batata Assada sem Pele 1 unidade,,,"11,50 €",,
Coca-Cola Refrigerante Mini com Gás Zero Cafeína Zero Açúcar Pack 12 lata 15 cl,Coca-Cola,,"5,40 €",(3 € / Litro),
Seeberger Nozes e Frutas embalagem 150 g,Seeberger,,"3,99 €","(26,60 € / Kg)",
Cem Porcento Infusão Hibisco Biológica embalagem 13 g,Cem Porcento,,"0,89 €","(68,46 € / Kg)",
Lindt Excellence Chocolate Preto 70% de Cacau embalagem 100 g,Lindt Excellence,,"2,79 €","(27,90 € / Kg)",
Veckia Corta-Unhas para Pedicure embalagem 1 unidade,Veckia,,"1,99 €","(1,99 € / Unidade)",
Ponti Creme Vinagre Bâlsamico Biológico embalagem 250 g,Ponti,,"3,99 €","(15,96 € / Kg)",
M. Henriques Bacon Extra do Ribatejo Peso Aproximado por unidade 200 g,M. Henriques,,"24,99 €","(24,99 € / Kg)",
Body Natur Gel Depilatório para o Corpo Todo o Tipo de Peles com Frutos Vermelhos embalagem 150 ml,Body Natur,,"5,49 €","(27,27 € / Litro)","5,49 €"
Herdade do Peso Vinho Tinto do Alentejo Reserva garrafa 75 cl,Herdade do Peso,,"16,99 €","(22,65 € / Litro)",
Gloria Patri Água Natural garrafa 33 cl,Gloria Patri,,"0,29 €","(0,88 € / Litro)",
Mimosa Iogurte Grego de Morango Pack 4 embalagem 110 g,Mimosa,,"2,89 €","(4,98 € / Kg)","2,89 €"
Henriques & Henriques Vinho da Madeira 3 Anos Meio Doce garrafa 75 cl,Henriques & Henriques,,"8,25 €",(11 € / Litro),
Sensodyne Pasta de Dentes para Sensibilidade e Gengivas Branqueadora embalagem 75 ml,Sensodyne,,"4,99 €","(66,53 € / Litro)",
Guidalberto Vinho Tinto Regional de Itália Toscana garrafa 75 cl,Guidalberto,,"47,90 €","(63,87 € / Litro)",
Desiam Pasta de Citronela embalagem 30 g,Desiam,,"3,25 €","(108,33 € / Kg)",
Aliada Milho Doce em Grão Pack 3 lata 420 g,Aliada,,"2,05 €","(4,88 € / Kg)",
Oskri Barra de Amêndoas e Arandos Vegan sem Glúten embalagem 40 g,Oskri,,"1,99 €","(49,75 € / Kg)",
"Ermitage Queijo Comté Peso Aproximado por unidade 2,5 kg",Ermitage,,"31,89 €/kg",,
Gorreana Chá Verde embalagem 10 unidades,Gorreana,,"1,49 €","(1,49 € / Unidade)",
I Love Milka Bombons Pralinés embalagem 165 g,I Love Milka,,"7,99 €","(48,42 € / Kg)",
La Ermita Cantabria Iogurte com Compota de Maçã sem Glúten frasco 200 g,La Ermita Cantabria,,"2,85 €","(14,25 € / Kg)",
"Grão Vasco Vinho do Dão Magnum Tinto garrafa 1,5 L",Grão Vasco,,"8,89 €","(5,93 € / Litro)",
Super Bock Selecção 1927 Cerveja Artesanal Japanese Rice Lager garrafa 33 cl,Super Bock Selecção 1927,,"1,59 €","(4,82 € / Litro)",
Bio Inside Mistura de Vegetais Biológico embalagem 400 g,Bio Inside,,"3,29 €","(8,22 € / Kg)",
Nova Classe Pratos Coloridos Verde 23 cm embalagem 4 unidades,Nova Classe,,"3,65 €","(0,91 € / Unidade)",
Alpro Bebida de Aveia Not Milk Light Vegan embalagem 1 L,Alpro,,"2,39 €","(1,89 € / Litro)","2,39 €"
Glade Vela Ambientador Berry Splash embalagem 129 g,Glade,,"4,99 €","(38,68 € / Kg)",
El Gran Cardenal Queijo de Ovelha com Alecrim Cunha unidade 250 g,El Gran Cardenal,,"7,99 €","(31,96 € / Kg)",
Nacional Cookies com Pepitas de Chocolate embalagem 150 g,Nacional,,"1,79 €","(11,93 € / Kg)",
Nutrégi Antioxidantes Iogurte com Pedaços de Cereja Pack 4 embalagem 120 g,Nutrégi Antioxidantes,,"1,98 €","(16,50 € / Kg)",
Mimosa Bem Essencial Leite UHT Meio Gordo embalagem 1 L,Mimosa Bem Essencial,,"0,89 €","(0,89 € / Litro)",
"Sonatural Sumo de Romã, Maçã e Limão embalagem 750 ml",Sonatural,,"6,75 €","(7,99 € / Litro)","6,75 €"
El Corte Inglés Esfregão Metálico de Aço Inoxidável embalagem 3 unidades,El Corte Inglés,,"0,79 €","(0,26 € / Unidade)",
Lammsbrau Cerveja sem Álcool sem Glúten Biológica garrafa 33 cl,Lammsbrau,,"2,25 €","(6,82 € / Litro)",
Cana de Açucar do Brasil Peso Aproximado por Unidade ao peso 1 kg,,,"5,99 €/kg",,
Montiqueijo Requeijão Pasteurizado Meio Gordo embalagem 190 g,Montiqueijo,,"1,45 €","(7,63 € / Kg)",
Margem Cera Acrílica para Madeiras embalagem 500 ml,Margem,,"6,59 €","(13,18 € / Litro)",
Ox Nature Chocolate Artesanal 70% Cacau Biológico embalagem 80 g,Ox Nature,,"5,79 €","(72,38 € / Kg)",
Nobre Fiambre da Perna Extra sem Glúten,Nobre,,"13,95 €/kg",,
Maçã Fuji 70/75 Peso Aproximado por unidade 230 g,,,"1,99 €/kg",,
SIMON COLL Chocolate de Leite Tira Dinossauro embalagem 36 g,SIMON COLL,,"2,15 €","(59,72 € / Kg)",
OGX Champô Óleo de Orquídea Protecção de Cor embalagem 385 ml,OGX,,"7,99 €","(20,75 € / Litro)",
Werther's Original Caramelos sem Açúcar embalagem 90 g,Werther's Original,,"2,99 €","(33,22 € / Kg)",
São Jorge Queijo Regional Dop 24 Meses unidade 300 g,São Jorge,,"9,69 €","(32,30 € / Kg)",
Tarte de Maçã 1 unidade,,,4 €,,
Granja São Francisco Mel 100% Eficaz frasco 350 g,Granja São Francisco,,"5,89 €","(16,83 € / Kg)",
Bioterra Farinha de Amêndoa com Pele Bio embalagem 500 g,Bioterra,,"11,99 €","(23,98 € / Kg)",
Snapy Bolachas Wafer de Manteiga embalagem 250 g,Snapy,,"1,34 €","(5,36 € / Kg)",
Herbal Essences Bio-Renew Condicionador Aloe Vera + Manga Protecção de Cor e Brilho embalagem 275 ml,Herbal Essences Bio-Renew,,"4,99 €",(3.740 € / Litro),"4,99 €"
Vidigueira Vinho Branco do Alentejo Antão Vaz garrafa 75 cl,Vidigueira,,"4,39 €","(5,85 € / Litro)",
Nivea Partilhe o Cuidado pack 1 unidade,Nivea,,"24,29 €","(24,29 € / Unidade)",
Valor Cacau Preto 70% Solúvel embalagem 300 g,Valor,,"5,49 €","(18,30 € / Kg)",
Harzlander Salsichas Bratwurst 4 Unidades frasco 320 g,Harzlander,,"3,49 €","(10,91 € / Kg)",
Antonio Banderas Eau de Toilette The Icon + After Shave pack 1 unidade,Antonio Banderas,,"22,99 €","(19,49 € / Unidade)","22,99 €"
Fini Gomas Feijões embalagem 165 g,Fini,,"1,59 €","(9,64 € / Kg)",
Dalva Conjunto 3 Vinhos Tinto do Douro Reserva garrafa 75 cl,Dalva,,"20,97 €","(29,96 € / Litro)",
Meloa Galia Peso Aproximado por unidade 800 g,,,"2,69 €/kg",,
Cimarrom Ameixa Seca sem Caroço embalagem 150 g,Cimarrom,,"2,89 €","(19,27 € / Kg)",
Santa Catarina Filete de Atum com Funcho lata 120 g,Santa Catarina,,"3,09 €","(22,92 € / Kg)","3,09 €"
Quinta do Valdoeiro Vinho Branco da Bairrada garrafa 75 cl,Quinta do Valdoeiro,,"6,35 €","(8,47 € / Litro)",
Nobre Vegalia Pizza de Legumes com Queijo Vegan embalagem 360 g,Nobre Vegalia,,"3,59 €","(9,97 € / Kg)",
Coslys Pasta de Dentes com Fluor e Laranja Biológico embalagem 75 ml,Coslys,,6 €,(80 € / Litro),
Semear Chutney de Pêra com Mostarda frasco 200 g,Semear,,"5,39 €","(26,95 € / Kg)",
Barnangen Creme para as Mãos Nutritive Lycka embalagem 75 ml,Barnangen,,"3,99 €","(53,20 € / Litro)",
Fruut Maçã Crocante Vermelho Doce sem Glúten embalagem 20 g,Fruut,,"0,85 €","(42,50 € / Kg)",
Château La Croix Melin Vinho Tinto de França Saint-Émilion garrafa 75 cl,Château La Croix Melin,,"16,25 €","(21,67 € / Litro)",
Dessange Molas para o Cabelo embalagem 2 unidades,Dessange,,"3,99 €","(3,99 € / Unidade)",
Bacardi Rum 8 Anos garrafa 70 cl,Bacardi,,"30,59 €","(43,70 € / Litro)",
"Original Sumo de Laranja sem Polpa embalagem 1,5 L",Original,,"5,59 €",(0 € / Litro),
Bioterra Amêndoa com Pele Tostada com Sal Bio embalagem 200 g,Bioterra,,"5,99 €","(29,95 € / Kg)",
Nivea Protect e Bronze Desodorizante em Spray Naturally Good embalagem 150 ml,Nivea Protect e Bronze,,"4,99 €","(33,27 € / Litro)",
Rebouça Espumante de Vinho Verde Alvarinho Bruto garrafa 75 cl,Rebouça,,"16,50 €",(22 € / Litro),
Jean Louis David Esponja Redonda embalagem 1 unidade,Jean Louis David,,"3,27 €","(3,27 € / Unidade)",
Borges Vinho do Porto Soalheira 10 Anos garrafa 75 cl,Borges,,"31,50 €",(42 € / Litro),
Linic Men Champô Anti-Queda com Ginseng embalagem 360 ml,Linic Men,,"4,94 €","(13,72 € / Litro)",
Estufar de Novilho IGP Açores Peso Aproximado 350 g,,,"9,95 €/kg",,
Ausonia Discreet Boutique Cuecas para Adultos com Incontinência PlusTamanho Grande embalagem 8 unidades,Ausonia Discreet Boutique,,"11,99 €","(11,99 € / Unidade)",
Lavradores de Feitoria Vinho Branco do Douro garrafa 75 cl,Lavradores de Feitoria,,"4,99 €","(6,65 € / Litro)",
Mestre Henriques Chouriço Negro unidade 220 g,Mestre Henriques,,"3,39 €","(15,41 € / Kg)",
Gran Pasta Tagliatelle embalagem 250 g,Gran Pasta,,"2,49 €","(9,96 € / Kg)",
Delaviuda Bombons de Chocolate com Recheio de Doce de Leite embalagem 150 g,Delaviuda,,"3,19 €","(21,27 € / Kg)",
Panceta Ibérica Bolota 100% ao peso 1 kg,,,"18,95 €/kg",,
Pink Albatross Gelado Manga Tropical Vegan embalagem 480 ml,Pink Albatross,,"7,25 €","(15,10 € / Litro)",
Espiga Cebola e Coentros frasco 20 g,Espiga,,"1,75 €","(87,50 € / Kg)",
El Corte Inglés Selection Café em Grão de Torrefação Natural Kenya AA embalagem 125 g,El Corte Inglés Selection,,"2,79 €","(22,32 € / Kg)",
Foral dos Quatro Ventos Conjunto Dois Vinhos Tinto do Douro garrafa 75 cl,Foral dos Quatro Ventos,,"8,98 €","(5,99 € / Litro)",
Codyfer Palmilhas Tamanho 43-44 1 par,Codyfer,,"6,39 €","(6,39 € / Unidade)",
Dodot Toalhitas Pack 6x64 unidades embalagem 384 unidades,Dodot,,"8,85 €","(0,02 € / Unidade)",
Mon Cheri Bombons Pack 5 embalagem 42 g,Mon Cheri,,"1,59 €","(37,86 € / Kg)",
Veckia Creme de Corpo Hidratante embalagem 250 ml,Veckia,,"1,89 €","(0,76 € / 10 ml.)",
Nescafé Gold Café Solúvel com Bebida de Coco Vegan Pack 6 embalagem 15 g,Nescafé Gold,,"3,69 €",(246 € / Kg),
Margão Chipotle Mistura Médio Sabor Fumado frasco 46 g,Margão,,"3,39 €","(73,70 € / Kg)",
Gogo Squeez Maçã e Manga 100% Fruta embalagem 90 g,Gogo Squeez,,"0,99 €",(11 € / Kg),
Codyfer Atacador Preto 90 cm 1 unidade,Codyfer,,"2,35 €","(2,35 € / Unidade)",
Moo Free Chocolate Pai Natal sem Glúten embalagem 32 g,Moo Free,,"1,79 €","(55,94 € / Kg)",
Granja São Francisco Mel frasco 250 g,Granja São Francisco,,"3,78 €","(15,12 € / Kg)",
Sococo Cocada Cremosa Queimada embalagem 335 g,Sococo,,"3,55 €","(10,60 € / Kg)",
Gillette Venus Swirl Máquina Depilatória embalagem 1 unidade,Gillette Venus Swirl,,"11,99 €","(11,99 € / Unidade)",
Fapil Sacos do Lixo com Fecho Fácil 50 L embalagem 15 unidades,Fapil,,"2,79 €","(0,19 € / Unidade)",
El Corte Inglés Bio Creme de Curgette sem Glúten Biológico frasco 485 g,El Corte Inglés Bio,,"3,45 €","(7,11 € / Kg)",
Poças Vinho do Porto Datado 20 Anos garrafa 75 cl,Poças,,"42,50 €","(56,67 € / Litro)",
Mazzetti Vinagre Balsâmico garrafa 250 ml,Mazzetti,,"5,69 €","(22,76 € / Litro)",
Silvex Filtros para Café Nº 4 embalagem 100 unidades,Silvex,,"3,89 €","(0,04 € / Unidade)",
Johnson's Baby Champô Penteia Fácil embalagem 500 ml,Johnson's Baby,,"5,59 €","(11,18 € / Litro)",
Murganheira Espumante Reserva Doce garrafa 75 cl,Murganheira,,"11,79 €","(15,72 € / Litro)",
Pantene Champô Liso e Sedoso embalagem 225 ml,Pantene,,"4,99 €","(22,18 € / Litro)",
Cantinho das Aromáticas Infusão de Camomila Biológica embalagem 40 g,Cantinho das Aromáticas,,"4,55 €","(113,75 € / Kg)",
Lan Vinho Tinto de Espanha Rioja D-12 garrafa 75 cl,Lan,,"12,99 €","(17,32 € / Litro)",
La Molisana Passata frasco 690 g,La Molisana,,"1,99 €","(2,88 € / Kg)",
Confeitaria Vale Bolo d´Avó de Amênda embalagem 500 g,Confeitaria Vale,,"4,99 €","(9,98 € / Kg)",
"Wyke Farms Queijo Cheddar Extra Mature Peso Aproximodo 2,5 kg",Wyke Farms,,"22,99 €/kg",,
La Tourangelle Óleo de Sésamo embalagem 25 cl,La Tourangelle,,"6,95 €","(27,80 € / Kg)",
Margem Cera Acrílica para Soalho Flutuante embalagem 500 ml,Margem,,"6,59 €","(13,18 € / Litro)",
Batata Branca Peso Aproximado por unidade 200 g,,,"1,19 €/kg",,
Lindt Calendário de Natal Teddy embalagem 265 g,Lindt,,"19,99 €","(56,53 € / Kg)","19,99 €"
Queijo Ralado com Dispensador embalagem 80 g,,,"2,19 €","(27,38 € / Kg)",
+ Cru Granola Crua com Maracujá e Banana Biológica embalagem 300 g,+ Cru,,"7,15 €","(23,83 € / Kg)",
Le Hameau Vinho Branco de França Sauvignon Blanc garrafa 75 cl,Le Hameau,,"8,25 €",(11 € / Litro),
Lindt Swiss Thins Chocolate de Leite embalagem 125 g,Lindt Swiss Thins,,"6,99 €","(41,52 € / Kg)","6,99 €"
Vinha Grande Vinho Tinto do Douro garrafa 75 cl,Vinha Grande,,"9,99 €","(13,32 € / Litro)",
Veckia Espuma em Mousse para Depilação com Lâmina embalagem 100 ml,Veckia,,"1,30 €","(1,30 € / 10 ml.)",
Gliss Protecção Cor e Brilho Máscara Capilar para Cabelo Pintado embalagem 200 ml,Gliss Protecção Cor e Brilho,,"7,99 €","(39,95 € / Litro)",
Sr. Pastel Pastel de Chaves 6 Unidades embalagem 85 g,Sr. Pastel,,"4,99 €","(9,78 € / Kg)",
Arla Queijo Apetina em Cubos para Saladas embalagem 200 g,Arla,,"5,39 €","(26,95 € / Kg)",
Casa Américo Vinho Tinto do Dão Reserva garrafa 75 cl,Casa Américo,,"9,35 €","(12,47 € / Litro)",
Sei Lá! Vinho Branco do Alentejo garrafa 75 cl,Sei Lá!,,"3,99 €","(5,32 € / Litro)",
Kavalan Whisky garrafa 70 cl,Kavalan,,"56,90 €","(81,29 € / Litro)",
El Corte Inglés Sortido de Mini Barras de Torrões embalagem 225 g,El Corte Inglés,,"5,35 €","(23,78 € / Kg)",
Sonasol Brilhante Limpa Vidros embalagem 500 ml,Sonasol Brilhante,,"3,99 €","(7,98 € / Litro)",
Feno de Portugal Sabonete Sólido Pack 4 embalagem 90 g,Feno de Portugal,,"2,90 €","(8,06 € / Kg)",
Ehrmann Mousse de Chocolate High Protein embalagem 200 g,Ehrmann,,"2,09 €","(10,45 € / Kg)",
Mimosa Nata Cremosa para Bater sem Lactose embalagem 200 ml,Mimosa,,"1,09 €","(4,90 € / Litro)","1,09 €"
Dove Nourishing Secrets Sabonete Líquido para as Mãos de Coco embalagem 250 ml,Dove Nourishing Secrets,,"2,39 €","(9,56 € / Litro)",
El Corte Inglés Cereais de Chocolate embalagem 500 g,El Corte Inglés,,"1,59 €","(3,18 € / Kg)",
Diese Bolachas Integrais com Cacau embalagem 200 g,Diese,,"2,59 €","(12,95 € / Kg)",
Aga Lixívia Sólida em Pastilhas embalagem 48 unidades,Aga,,"4,55 €","(0,09 € / Unidade)",
Super Pop Detergente para a Máquina da Loiça Oxyplus embalagem 45 unidades,Super Pop,,"16,99 €","(0,38 € / Unidade)",
Corine de Farme Gel de Duche Leite e Mel embalagem 750 ml,Corine de Farme,,"4,99 €","(6,65 € / Litro)",
Cristal Gourmet Vinagre Balsâmico de Maçãs Portuguesas garrafa 250 ml,Cristal Gourmet,,"2,99 €","(11,96 € / Litro)",
Fini Gomas Hawaii sem Glúten embalagem 80 g,Fini,,"0,89 €","(11,12 € / Kg)",
Mercurochrome Bandas Elásticas Bamboo 10 cm x 6 cm embalagem 5 unidades,Mercurochrome,,"2,99 €","(0,60 € / Unidade)",
Herdade da Maia Queijo de Nisa DOP Grande Peso Aproximado por unidade 1 kg,Herdade da Maia,,"23,29 €","(23,29 € / Kg)",
Château de Bernon Vinho Tinto de França Côtes de Castillon garrafa 75 cl,Château de Bernon,,"12,45 €","(16,60 € / Litro)",
El Cantero de Letur Kéfir de Cabra Biológico embalagem 420 g,El Cantero de Letur,,"3,49 €","(8,31 € / Kg)",
El Corte Inglés Selection Gambão Cru 12/16 Peças embalagem 400 g,El Corte Inglés Selection,,"9,49 €","(23,72 € / Kg)",
Ferrero Bombons Raffaello Cubo 30 Unidades embalagem 300 g,Ferrero,,"8,99 €","(29,97 € / Kg)",
Vianeza Massa Macarrão de Ervilha sem Glúten embalagem 250 g,Vianeza,,"3,95 €","(15,80 € / Kg)",
Quinta do Escudial Vinho Tinto do Dão Touriga Nacional garrafa 75 cl,Quinta do Escudial,,"15,49 €","(20,65 € / Litro)",
El Corte Inglés Selection Tortilha de Batata Fresca e Ovos do Campo com Cebola sem Lactose embalagem 500 g,El Corte Inglés Selection,,"3,25 €","(6,50 € / Kg)",
Vidago Água com Gás Pack 4 embalagem 25 cl,Vidago,,"1,85 €","(7,40 € / Litro)",
Ezalo Insecticida Citronela Eléctrico Difusor e Recarga embalagem 2 unidades,Ezalo,,"7,99 €",(4 € / Unidade),
Rexona Women Desodorizante Clean Fresh Scent Stick embalagem 45 ml,Rexona Women,,"7,99 €","(177,56 € / Litro)",
Panetto Pão de Forma com Quinoa unidade 400 g,Panetto,,"2,95 €","(0,14 € / Unidade)",
Minnie Eau de Toilette Minnie embalagem 30 ml,Minnie,,"7,30 €","(243,33 € / Litro)",
Jubileu Chocolate Preto 99% sem Glúten embalagem 100 g,Jubileu,,"2,89 €","(28,90 € / Kg)",
Quintal dos Açores Conjunto de Pimentas Pack 3 frasco 150 g,Quintal dos Açores,,"3,80 €","(25,33 € / Kg)",
Heinz Ketchup Squeezable frasco 342 g,Heinz,,"2,99 €","(8,74 € / Kg)",
Aliada Mexilhões ao Natural 13-18 Unidades lata 69 g,Aliada,,"1,95 €","(17,41 € / Kg)",
Peccato Gelado de Menta e Chocolate embalagem 500 ml,Peccato,,"5,99 €","(11,98 € / Litro)",
Gallo Vinagre de Vinho do Porto garrafa 250 ml,Gallo,,"6,99 €","(27,96 € / Litro)",
Salutem Tofu Natural Biológico embalagem 250 g,Salutem,,"3,49 €","(13,96 € / Kg)",
Vinha de Santa Maria Vinho Tinto do Dão Reserva garrafa 75 cl,Vinha de Santa Maria,,"12,75 €",(17 € / Litro),
Just For Men Tratamento para Cabelos Pintados Castanho embalagem 1 unidade,Just For Men,,"12,99 €","(12,99 € / Unidade)",
Bolachas Wafers de Ananás embalagem 140 g,,,"1,59 €","(11,36 € / Kg)",
Body Natur Esfoliante Corporal Purificante Detox de Romã e Frutos Vermelhos embalagem 200 ml,Body Natur,,"8,49 €","(31,75 € / Litro)","8,49 €"
Dalva Vinho do Porto Branco garrafa 75 cl,Dalva,,"6,49 €","(8,65 € / Litro)",
Neo Blanc Mousse Lixívia + Desengordurante Casa e Roupa Floral Spray 700 ml,Neo Blanc,,"3,49 €","(4,99 € / Litro)",
Codyfer Palmilhas Tamanho Único 1 par,Codyfer,,"5,79 €","(5,79 € / Unidade)",
Quinta do Penedo do Salto Vinho Tinto do Douro Reserva garrafa 75 cl,Quinta do Penedo do Salto,,"8,99 €","(11,99 € / Litro)",
Ile Bolachas Traquinas com Recheio de Chocolate embalagem 126 g,Ile,,"1,39 €","(11,03 € / Kg)",
Lipton Herbal Infusion Infusão de Limão e Gengibre embalagem 20 unidades,Lipton Herbal Infusion,,"2,99 €","(0,15 € / Unidade)",
Colgate Max Fresh Pasta de Dentes Cool Mint embalagem 75 ml,Colgate Max Fresh,,"3,09 €","(41,20 € / Litro)",
Veckia Champô Natural Amacia e Nutre com Aloe Vera embalagem 400 ml,Veckia,,"2,20 €","(0,55 € / 10 ml.)",
Ox Nature Cacau em Pó Biológico embalagem 125 g,Ox Nature,,"7,49 €","(59,92 € / Kg)",
Per Se Aperitivo garrafa 70 cl,Per Se,,"15,99 €","(19,99 € / Litro)","15,99 €"
Iswari Despertar de Buda Maca e Baunilha em Pó Biológico embalagem 360 g,Iswari Despertar de Buda,,"9,79 €","(27,19 € / Kg)",
Q.L. Vinho Verde Alvarinho Branco garrafa 75 cl,Q.L.,,"6,25 €","(8,33 € / Litro)",
Sensodyne Repair & Protect Pasta de Dentes Branqueadora embalagem 75 ml,Sensodyne Repair & Protect,,"4,99 €","(66,53 € / Litro)",
Robalo 200/600 Aquicultura da Turquia Peso Aproximado por unidade 400 g,,,"7,99 €/kg",,
Coca-Cola Refrigerante com Gás sabor Original garrafa 50 cl,Coca-Cola,,1 €,(2 € / Litro),
Salutem Tortas de Arroz Finissímas Integrais de Milho sem Sal embalagem 130 g,Salutem,,"0,99 €","(7,62 € / Kg)",
Vimeiro Aguá Mineral Natural Original garrafa 75 cl,Vimeiro,,"1,19 €","(1,59 € / Litro)",
Próvida Biscoitos Bio Canela com Aveia embalagem 200 g,Próvida,,"2,99 €","(14,95 € / Kg)",
Iswari Super Green Protein em Pó Biológico embalagem 250 g,Iswari,,"11,99 €","(47,96 € / Kg)",
Atelier do Doce Cornucópias com Recheio embalagem 6 unidades,Atelier do Doce,,"11,70 €","(27,86 € / Kg)",
Fuchs Corn Flakes com Chocolate Bio embalagem 300 g,Fuchs,,"3,55 €","(11,83 € / Kg)",
Lactimonte Requeijão de Cabra unidade 220 g,Lactimonte,,"1,79 €","(8,14 € / Kg)",
OGX Condicionador Óleo de Argão embalagem 385 ml,OGX,,"7,99 €","(221,94 € / Litro)",
Nivea Men Hyaluron Creme de Rosto Anti-Idade embalagem 50 ml,Nivea Men Hyaluron,,"12,99 €","(259,80 € / Litro)",
El Corte Inglés Gelado de Iogurte e Frutos do Bosque sem Glúten embalagem 900 ml,El Corte Inglés,,"2,65 €","(2,94 € / Litro)",
Carte D'Or Gelado de Caramelo Salgado embalagem 900 ml,Carte D'Or,,"5,49 €","(6,10 € / Litro)",
Beirabaga Amêndoas Doces frasco 125 g,Beirabaga,,"3,25 €",(26 € / Kg),
Próvida Tempeh Biológica embalagem 250 g,Próvida,,"3,39 €","(13,56 € / Kg)",
Pronto Detergente para Pavimentos de Madeira 750 ml,Pronto,,"4,39 €","(3,80 € / Litro)","4,39 €"
Nivea Visage Q10 Creme Anti-Rugas de Noite embalagem 50 ml,Nivea Visage Q10,,"12,99 €","(181,80 € / Litro)","12,99 €"
Atelier do Doce Bolo Rei Gourmet Peso Aproximado,Atelier do Doce,,"23,50 €","(23,50 € / Kg)",
Gerber Saqueta de Fruta sabor Manga embalagem 90 g,Gerber,,"1,19 €","(13,22 € / Kg)",
Palmolive Naturals Sabonete Líquido para as Mãos de Amêndoa Recarga embalagem 500 ml,Palmolive Naturals,,"4,99 €","(9,98 € / Litro)",
Panealba Crostini Mediterrâneo com Azeite e Sal embalagem 100 g,Panealba,,"1,89 €","(18,90 € / Kg)",
Nobleza Gaucha Chá Erva Mate com Pau embalagem 1 kg,Nobleza Gaucha,,"8,75 €","(8,75 € / Kg)",
El Corte Inglés Leite Condensado embalagem 450 g,El Corte Inglés,,"1,75 €","(3,89 € / Kg)",
Cantinho das Aromáticas Infusão de Camomila Biológica embalagem 20 unidades,Cantinho das Aromáticas,,"4,10 €","(0,20 € / Unidade)",
Barilla Farfalle embalagem 500 g,Barilla,,"1,55 €","(3,10 € / Kg)",
Uva Preta sem Graínha embalagem 500 g,,,"2,99 €","(5,98 € / Kg)",
Nescafé Dolce Gusto Café com Leite Galão embalagem 16 cápsulas,Nescafé Dolce Gusto,,"5,99 €","(0,37 € / Unidade)",
"Van Zellers Vinho Tinto do Dão Magnum 2014 garrafa 1,5 L",Van Zellers,,"11,95 €","(7,97 € / Litro)",
Aloma Jesuíta unidade,Aloma,,"0,95 €","(0,95 € / Unidade)",
Al-Andalus Doce de Amora frasco 250 g,Al-Andalus,,"3,95 €","(15,80 € / Kg)",
L'Oréal Elvive Color Vive Champô para Cabelos Pintados embalagem 400 ml,L'Oréal,,"5,99 €","(14,98 € / Litro)",
Popp Salada Coleslaw Estilo Western embalagem 400 g,Popp,,"3,89 €","(9,72 € / Kg)",
Guilherme Queijo de Ovelha Curado Serpa Dop Merendeira unidade 250 g,Guilherme,,"8,59 €","(34,36 € / Kg)",
Torre de Nuñez Chouriço Imperial Duroc sem Glúten e sem Lactose unidade 100 g,Torre de Nuñez,,"2,89 €","(28,90 € / Kg)",
Artiach Dinosaurus Bolachas com Chocolate de Leite embalagem 340 g,Artiach Dinosaurus,,"3,29 €","(9,68 € / Kg)",
Ceremony Vinho do Porto Lágrima Tinto garrafa 75 cl,Ceremony,,"6,99 €","(9,32 € / Litro)",
7Th Heaven Máscara de Limpeza Facial Peel-Off Carvão + Açúcar embalagem 100 ml,7Th Heaven,,"6,95 €","(69,50 € / Litro)",
Nobre Cuida-t + Salsichas de Peru com Ervas Aromáticas sem Glúten 4 unidades frasco 210 g,Nobre Cuida-t +,,"2,85 €","(13,57 € / Kg)",
El Chico Chouriço Extra embalagem 250 g,El Chico,,"4,49 €","(17,96 € / Kg)",
Captain Kombucha Bebida Probiótica de Romã Zero Açúcar Biológica embalagem 400 ml,Captain Kombucha,,"2,29 €","(5,72 € / Litro)",
Aliada Doce de Laranja Amarga Light frasco 330 g,Aliada,,"2,49 €","(7,55 € / Kg)",
Cossart Gordon Vinho da Madeira 4 Miniaturas garrafa 5 cl,Cossart Gordon,,"11,50 €",(230 € / Litro),
Cortes de Cima Vinho Tinto do Alentejo Pinot Noir garrafa 75 cl,Cortes de Cima,,"27,50 €","(36,67 € / Litro)",
Próvida Cevada Perolada Biológica embalagem 500 g,Próvida,,"2,29 €","(4,58 € / Kg)",
L'Oréal Elvive Multivitaminas Fresh Champô para Cabelos Normais a Oleosos embalagem 400 ml,L'Oréal,,"5,99 €","(14,98 € / Litro)",
Naturefoods Quiche de Alho Francês embalagem 180 g,Naturefoods,,"3,05 €","(16,94 € / Kg)",
El Corte Inglés Selection Torrão de Guirlache embalagem 250 g,El Corte Inglés Selection,,"3,15 €","(12,60 € / Kg)",
Listerine Advanced Elixir Anti-Tártaro Menta Polar embalagem 500 ml,Listerine Advanced,,"6,49 €","(12,98 € / Litro)",
"Gullón Tortitas de Arroz Vitalday Cobertas com Chocolate Preto e Laranja Pack 4 embalagem 137,2 g",Gullón,,"2,55 €","(18,61 € / Kg)",
Papillon Queijo Roquefort DOP Biológico unidade 100 g,Papillon,,"4,19 €","(41,90 € / Kg)",
Belvita Breakfast Bolachas Recheadas com Chocolate e Avelã de 5 Cereais Integrais embalagem 250 g,Belvita Breakfast,,"2,99 €","(11,96 € / Kg)",
Miolo Pão com Tâmaras e Nozes Biológico unidade 400 g,Miolo,,"4,75 €","(11,88 € / Kg)",
El Pozo Presunto Curado em Fatias embalagem 80 g,El Pozo,,"2,79 €","(34,88 € / Kg)",
Mamma Emma Puré de Batata embalagem 400 g,Mamma Emma,,"2,99 €","(7,48 € / Kg)",
Ariel 3 em 1 Detergente para a Máquina da Roupa Colour & Style embalagem 19 doses,Ariel 3 em 1,,"14,45 €","(0,76 € / Dose)",
Outros Montes Sultanas Bio embalagem 100 g,Outros Montes,,"1,85 €","(18,50 € / Kg)",
Lu Bolachas Mini Drive Prince embalagem 178 g,Lu,,"1,99 €","(11,18 € / Kg)",
Edulcor Adoçante Líquido frasco 125 ml,Edulcor,,"2,09 €","(16,72 € / Litro)",
Scotch-Brite Esfregão Fibra com Esponja Salva-Unhas Verde 2 + 1 Grátis embalagem 3 unidades,Scotch-Brite,,"2,19 €","(0,73 € / Unidade)",
Green Shield Toalhitas de Limpeza para Vidros e Janelas embalagem 50 unidades,Green Shield,,"5,25 €","(0,10 € / Unidade)",
Condi Gelatina Light de Manga e Laranja embalagem 30 g,Condi,,"1,85 €","(61,67 € / Kg)",
El Corte Inglés Pão de Forma sem Côdea embalagem 450 g,El Corte Inglés,,"1,48 €","(3,29 € / Kg)",
S.D' Fruta Sumo Fresco de Maçã embalagem 500 ml,S.D' Fruta,,"1,99 €","(3,98 € / Litro)",
Cadão Vinho do Porto White garrafa 75 cl,Cadão,,"6,99 €","(9,32 € / Litro)",
Globo Milho para Pipocas embalagem 400 g,Globo,,"0,95 €","(2,38 € / Kg)",
Heinz Top Down Molho de Cocktail embalagem 220 ml,Heinz Top Down,,"2,39 €","(10,86 € / Litro)",
El Corte Inglés Queijo Fresco Tipo Burgos Pack 4 embalagem 250 g,El Corte Inglés,,"1,89 €","(7,56 € / Kg)",
Baguete unidade 1 unidade,,,"0,79 €","(0,79 € / Unidade)",
Legado Mortadela Ibérica em Fatias Finas sem Glúten embalagem 150 g,Legado,,"2,99 €","(19,93 € / Kg)",
Fairy Detergente de Lavagem à Mão para Loiça Tudo em 1 Original embalagem 70 doses,Fairy,,"16,29 €","(0,23 € / Dose)",
Babaria Creme para os Pés para Calosidades embalagem 50 ml,Babaria,,"4,09 €","(81,80 € / Litro)",
Kikkoman Molho Teriyaki frasco 250 ml,Kikkoman,,"4,49 €","(17,96 € / Litro)",
Pintarolas Fantasias de Chocolate Boneco de Neve embalagem 118 g,Pintarolas,,"3,45 €","(29,24 € / Kg)",
Evax Cottonlike Protege-Slips Maxi embalagem 40 unidades,Evax Cottonlike,,"3,25 €","(0,06 € / Unidade)","3,25 €"
Collonil Nubuk e Velours Preto Spray 200 ml,Collonil,,"8,65 €","(43,25 € / Litro)",
Ucal Leite Magro 0% Lactose embalagem 1 L,Ucal,,"1,67 €","(1,67 € / Litro)",
Porminho Paio do Lombo 1/2 kg,Porminho,,"13,69 €/kg",,
Scotch-Brite Mini Rolo Removedor de Pêlos embalagem 1 unidade,Scotch-Brite,,"2,50 €","(2,50 € / Unidade)",
"Diaz Salsichão Ibérico em Fatias ""Já Cortado"" sem Glúten unidade 200 g",Diaz,,"5,85 €","(29,25 € / Kg)",
Milka Chocolate Recheado com Amêndoas e Caramelo MMMax embalagem 300 g,Milka,,"3,99 €","(13,30 € / Kg)",
Werther's Original Caramelos de Chocolate Toffees embalagem 120 g,Werther's Original,,"2,99 €","(24,92 € / Kg)",
Ritter Sport Chocolate Branco com Avelãs embalagem 100 g,Ritter Sport,,"2,59 €","(25,90 € / Kg)",
Anthon Berg Garrafas de Chocolate com Cocktail Líquido embalagem 125 g,Anthon Berg,,"11,45 €","(91,60 € / Kg)",
Condi Condi Gelatina Zero Pêra embalagem 28 g,Condi,,"1,85 €","(66,07 € / Kg)",
Andros Sumo de Arando embalagem 1 L,Andros,,"4,99 €","(4,99 € / Litro)",
Piraat Cerveja da Bélgica garrafa 75 cl,Piraat,,"6,99 €","(9,32 € / Litro)",
Loacker Gran Pasticceria Bolachas Wafer de Chocolate Branco e Coco embalagem 100 g,Loacker Gran Pasticceria,,"3,39 €","(33,90 € / Kg)",
Herdade do Rocim Vinho Tinto do Alentejo Indígena Biológico garrafa 75 cl,Herdade do Rocim,,"11,75 €","(15,67 € / Litro)",
Monte da Capela Vinho Tinto do Alentejo Reserva DOC garrafa 75 cl,Monte da Capela,,"12,99 €","(17,32 € / Litro)",
La Fabrique Green Pente de Cabelo Reciclado embalagem 1 unidade,La Fabrique Green,,"2,99 €","(2,99 € / Unidade)",
Cebralín Tira-Nódoas em Spray embalagem 200 ml,Cebralín,,"5,80 €",(29 € / Litro),
Izidoro Salsichas 100% de Porco + Proteína frasco 160 g,Izidoro,,"3,12 €","(19,50 € / Kg)",
Serqueijos Queijo de Vaca e Ovelha Serras de Penela Curado unidade 500 g,Serqueijos,,"7,39 €","(14,78 € / Kg)",
Algaplus Algas Secas Inteiras Alface do Mar Biológico embalagem 30 g,Algaplus,,"5,35 €","(178,33 € / Kg)",
Rana Kit para Cozinhar Gnocchi Sorrentina embalagem 430 g,Rana,,"4,59 €","(10,67 € / Kg)",
Página Vinho de Lisboa Rosé Touriga Nacional garrafa 75 cl,Página,,"12,95 €","(17,27 € / Litro)",
"Coca-Cola Refrigerante com Gás Sabor Original garrafa 1,75 L",Coca-Cola,,"2,29 €","(1,31 € / Litro)",
Nestlé Nesquik All Natural Achocolatado embalagem 168 g,Nestlé Nesquik All Natural,,"2,29 €","(13,63 € / Kg)",
El Corte Inglés Tomate Triturado Bio embalagem 660 g,El Corte Inglés,,"2,25 €","(3,41 € / Kg)",
Biosaurus Snack de Milho com Queijo sem Glúten Biológico embalagem 50 g,Biosaurus,,"1,99 €","(39,80 € / Kg)",
Danone Oikos Iogurte Grego de Maracujá Pack 4 embalagem 110 g,Danone Oikos,,"2,39 €","(5,43 € / Kg)",
Fever-Tree Água Tónica Indian Pack 4 garrafa 20 cl,Fever-Tree,,"4,75 €","(5,94 € / Litro)",
Paiva Queijo Bola de Flamengo em Fatias embalagem 180 g,Paiva,,"2,59 €","(14,39 € / Kg)",
Beutelsbacher Sumo de Maçã e Manga Biológico embalagem 700 ml,Beutelsbacher,,"5,45 €","(7,79 € / Litro)",
Babaria Creme Facial com Colagénio Vegan embalagem 50 ml,Babaria,,"5,99 €","(119,80 € / Litro)",
Quinta do Pinto Vinho Branco de Lisboa Estate Collection garrafa 75 cl,Quinta do Pinto,,"10,59 €","(14,12 € / Litro)",
Naturefoods Tortas de Arroz com Sal Biológicas embalagem 120 g,Naturefoods,,"1,45 €","(12,08 € / Kg)",
Kikkoman Molho Teriaki de Sésamo Tostado garrafa 250 ml,Kikkoman,,"4,99 €","(19,96 € / Litro)",
DOCE CONTRAD Bombons de Chocolate Negro e Amêndoa embalagem 120 g,DOCE CONTRAD,,"6,75 €","(56,25 € / Kg)",
La Balinesa Salmão Fumado Escocês embalagem 200 g,La Balinesa,,"16,49 €","(82,45 € / Kg)",
Saldomar Sal Refinado Iodado frasco 250 g,Saldomar,,"0,65 €","(2,60 € / Kg)",
M&M'S Bebida Láctea com Sabor a Chocolate garrafa 350 ml,M&M'S,,"1,85 €","(5,29 € / Litro)",
Vitasnack Cenoura Crocante Bio embalagem 26 g,Vitasnack,,"2,89 €","(111,15 € / Kg)",
Nobre Vegalia Fiambre Vegetariano com Legumes sem Glúten unidade 100 g,Nobre Vegalia,,"2,19 €","(21,90 € / Kg)",
Espiga Paprika Moída frasco 45 g,Espiga,,"1,59 €","(35,33 € / Kg)",
Colgate Pasta de Dentes Detox Total embalagem 75 ml,Colgate,,"3,99 €","(53,20 € / Litro)",
Vega Vinho Tinto do Douro garrafa 75 cl,Vega,,"4,95 €","(6,60 € / Litro)",
El Pastor Queijo de Ovelha Curado,El Pastor,,"17,95 €/kg",,
Próvida Papas de Aveia Porridge Curcuma Fibra Psílio sem Adição Açúcar Vegan Biológico sem Glúten embalagem 300 g,Próvida,,"3,19 €","(10,63 € / Kg)",
Adamus Gin garrafa 70 cl,Adamus,,"53,90 €",(77 € / Litro),
Nobre Fiambre da Perna Extra em Fatias Finíssimas sem Glúten embalagem 120 g,Nobre,,"2,29 €","(19,08 € / Kg)",
Valle do Nídeo Vinho Branco do Douro garrafa 75 cl,Valle do Nídeo,,"7,25 €","(9,67 € / Litro)",
Dr. Beckmann Tira-Nódoas de Fruta e Bebidas embalagem 50 ml,Dr. Beckmann,,"3,79 €","(75,80 € / Kg)",
Nestum Cereais Arroz sem Glúten Zero Açucares Adicionados embalagem 250 g,Nestum,,"2,89 €","(11,56 € / Kg)",
Vieira Digestive Bolachas Thins embalagem 174 g,Vieira Digestive,,"2,45 €","(14,08 € / Kg)",
OGX Champô de Alisamento Keratina Brasil embalagem 385 ml,OGX,,"7,99 €","(221,94 € / Litro)",
Sorini Garrafa de Bombons Sortido embalagem 280 g,Sorini,,"9,49 €","(33,89 € / Kg)",
El Corte Inglés Selection Pimentão Doce DOP lata 75 g,El Corte Inglés Selection,,"2,35 €","(31,33 € / Kg)",
El Corte Inglés Mopa Recarga embalagem 1 unidade,El Corte Inglés,,"3,59 €","(3,59 € / Unidade)",
Eci Selection Massa Tagliatelle de Sêmola de Trigo Duro com Ovo embalagem 250 g,Eci Selection,,"2,19 €","(8,76 € / Kg)",
Frico Queijo Gouda Chevrette sem Glúten,Frico,,"21,95 €/kg",,
Laphroaig Whisky Malte Quarter Cask garrafa 70 cl,Laphroaig,,"54,50 €","(77,86 € / Litro)",
5 Jotas Presunto Ibérico de Bolota Pata Negra Fatiado à Mão embalagem 80 g,5 Jotas,,"33,99 €","(424,88 € / Kg)",
Beher Presunto Ibérico Fatiado á Mão unidade 90 g,Beher,,"12,95 €","(143,89 € / Kg)",
Martiko Bloco de Fígado de Pato unidade 130 g,Martiko,,"12,29 €","(94,54 € / Kg)",
RTM PAck Queijo Manchego Ovelha com Trufas unidade 300 g,RTM,,"13,99 €","(46,63 € / Kg)",
Bife Redondo de Vitela Mirandesa Peso Aproximado 200 g,,,"21,95 €/kg",,
Dez Prá Uma Chili com Carne para 2 pessoas embalagem 500 g,Dez Prá Uma,,"11,75 €","(23,50 € / Kg)",
Mum Unperfumed Desodorizante Soft Roll-On embalagem 50 ml,Mum Unperfumed,,"2,75 €","(5,50 € / 10 ml.)",
Primavera Vinho Branco da Bairrada garrafa 75 cl,Primavera,,"5,85 €","(7,80 € / Litro)",
Magic Retouch Spray Retoca Raízes Castanho Escuro embalagem 100 ml,Magic Retouch,,"11,99 €","(119,90 € / Litro)",
Johnnie Walker Red Label Whisky Red garrafa 70 cl,Johnnie Walker Red Label,,"18,99 €","(27,13 € / Litro)",
Cereal Vit 5 Cereais embalagem 250 g,Cereal Vit,,"3,69 €","(14,76 € / Kg)",
Blue Dragon Arroz Sushi embalagem 500 g,Blue Dragon,,"2,99 €","(5,98 € / Kg)",
Aloma Bola de Berlim com Creme unidade,Aloma,,"0,95 €","(0,95 € / Unidade)",
Corine de Farme Creme Protector Rosto e Corpo Biológico embalagem 100 ml,Corine de Farme,,"7,49 €","(74,90 € / Litro)",
Fabridoce Pudim de Ovos embalagem 500 g,Fabridoce,,"6,49 €","(12,98 € / Kg)",
Mão de Borrego Peso Aproximado 800 g,,,"13,95 €/kg",,
El Corte Inglés Cocktail Festa Frita embalagem 400 g,El Corte Inglés,,"2,99 €","(7,48 € / Kg)",
Doves Farm Organic Bolachas de Gengibre Biológicas embalagem 150 g,Doves Farm Organic,,"4,29 €","(28,60 € / Kg)",
Fita Preta Vinho Tinto do Alentejo garrafa 75 cl,Fita Preta,,"11,95 €","(15,93 € / Litro)",
Chupa Chups Chupa Chupa de Morango Love embalagem 120 g,Chupa Chups,,"2,99 €","(24,92 € / Kg)",
Forma + Elegance Plus Barra de Cereais de Chocolate Branco e Ameixa embalagem 55 g,Forma + Elegance Plus,,"1,39 €","(25,27 € / Kg)",
Fever-Tree Água Tónica Indian garrafa 20 cl,Fever-Tree,,"1,55 €","(7,75 € / Litro)",
Romariz Vinho do Porto LBV garrafa 75 cl,Romariz,,"10,95 €","(14,60 € / Litro)",
Serra da Malcata Polen de Flores frasco 230 g,Serra da Malcata,,"8,19 €","(35,61 € / Kg)",
El Corte Inglés Batatas Fritas sem Glúten embalagem 300 g,El Corte Inglés,,"1,90 €","(6,33 € / Kg)",
Aneto Vinho Tinto do Douro garrafa 75 cl,Aneto,,"9,85 €","(13,13 € / Litro)",
Nigel Polvo à Lagareiro embalagem 400 g,Nigel,,"11,49 €","(28,72 € / Kg)",
El Corte Inglés Papel Higiénico 4 Capas embalagem 8 unidades,El Corte Inglés,,"3,85 €","(0,48 € / Unidade)",
Marquês D'Almeida Vinho Tinto da Beira Interior garrafa 75 cl,Marquês D'Almeida,,"5,49 €","(7,32 € / Litro)",
Gillette Sensor 3 Máquinas Descartáveis Cool embalagem 6 unidades,Gillette Sensor 3,,"8,99 €","(1,50 € / Unidade)",
Trident Pastilhas de Mentol sem Açúcar embalagem 14 g,Trident,,"1,05 €",(75 € / Kg),
Nobre Cuida-t + Salsichas de Peru com Ervas Aromáticas sem Glúten Pack 8 lata 160 g,Nobre Cuida-t +,,"2,29 €","(14,31 € / Kg)",
Werther's Original Caramelos com Creme de Café sem Açúcar embalagem 90 g,Werther's Original,,"2,99 €","(33,22 € / Kg)",
Raid Insecticida Eléctrico Anti osquitos Pack 3 embalagem 27 ml,Raid,,"21,99 €","(814,44 € / Litro)",
Serramel Mel Queiró e Rosmaninho da Serra da Malcata frasco 300 g,Serramel,,"4,25 €","(14,17 € / Kg)",
Paysan Breton Queijo da França Camembert unidade 250 g,Paysan Breton,,"3,85 €","(15,40 € / Kg)",
Tampax Compak Tampões Regular embalagem 22 unidades,Tampax Compak,,"3,99 €","(0,18 € / Unidade)",
Nature's Charm Jaca Verde Jovem em Confit embalagem 510 g,Nature's Charm,,"6,49 €","(12,73 € / Kg)",
Camolas Vinho Rosé de Setúbal garrafa 75 cl,Camolas,,"4,99 €","(6,65 € / Litro)",
"Twinings Tisana Camomila, Mel e Baunilha embalagem 20 unidades",Twinings,,"3,99 €","(0,20 € / Unidade)",
Manhãzitos Pão de Leite 8 Unidades embalagem 216 g,Manhãzitos,,"1,69 €","(7,82 € / Kg)",
Kinder Cereali Snack de Chocolate de Leite e 5 Cereais embalagem 96 g,Kinder Cereali,,"1,99 €","(20,73 € / Kg)",
El Corte Inglés Esponja para Limpar Calçado Incolor embalagem 1 unidade,El Corte Inglés,,"0,54 €","(0,54 € / Unidade)",
Estrella Damm Cerveja de Espanha garrafa 25 cl,Estrella Damm,,"0,79 €","(3,16 € / Litro)",
Bjorg Palmiers Biológico embalagem 100 g,Bjorg,,"2,59 €","(25,90 € / Kg)",
Santa Catarina Posta de Atum com Tomate Biológico lata 120 g,Santa Catarina,,"1,95 €","(16,25 € / Kg)",
Colgate Kit de Viagem com Pasta de Dentes + Escova embalagem 2 unidades,Colgate,,"4,99 €","(4,99 € / Unidade)",
El Corte Inglés Pipocas para Micro-Ondas com Sal Pack 6 embalagem 600 g,El Corte Inglés,,"2,20 €","(2,93 € / Kg)","2,20 €"
Minerva Atum em Posta Natural lata 120 g,Minerva,,"1,99 €","(16,58 € / Kg)",
Maeloc Sidra Ecológica Doce Pack 4 20 cl,Maeloc,,"5,99 €","(7,49 € / Litro)",
Green Vie Bloco Estilo Grego com Azeite e Oregãos Vegan sem Lactose e sem Glúten embalagem 200 g,Green Vie,,"4,15 €","(20,75 € / Kg)",
Isola Bio Bebida de Aveia pack 3 250 ml,Isola Bio,,"2,99 €","(3,99 € / Litro)",
Cristal Gourmet Vinagre Balsâmico de Frutos Vermelhos garrafa 250 ml,Cristal Gourmet,,"2,99 €","(11,96 € / Litro)",
Vileda Ecobag Sacos do Lixo 30 L Fecho Fácil Extra Forte embalagem 15 unidades,Vileda Ecobag,,"3,69 €","(0,18 € / Unidade)","3,69 €"
Helios Doce Natural de Framboesa sem Glúten frasco 330 g,Helios,,"3,55 €","(10,76 € / Kg)",
Tena Fraldas para Adultos com Incontinência ProSkin Slip Plus Tamanho M embalagem 20 unidades,Tena,,"11,99 €","(0,60 € / Unidade)",
El Corte Inglés Carne de Vaca com Molho Chimichurri embalagem 250 g,El Corte Inglés,,"3,99 €","(15,96 € / Kg)",
Bushmills Whisky Irlandês Black Bush garrafa 70 cl,Bushmills,,"26,90 €","(38,43 € / Litro)",
Kopke Vinho Branco do Douro 2021 garrafa 75 cl,Kopke,,"7,49 €","(9,99 € / Litro)",
Zambudio Azeitonas Yeyé com Sal Reduzido,Zambudio,,"8,59 €/kg",,
Arla Queijo Apetina Taco para Saladas embalagem 150 g,Arla,,"3,49 €","(23,27 € / Kg)",
Jubileu Premium Chocolate Preto de Pimenta embalagem 250 g,Jubileu Premium,,"4,19 €","(16,76 € / Kg)",
Provamel Yofu Fresco de Soja sem Açúcar Biológico embalagem 400 g,Provamel,,"2,39 €","(5,98 € / Kg)",
Sátiro Vinho Tinto do Alentejo Clandestino garrafa 75 cl,Sátiro,,"12,95 €","(17,27 € / Litro)",
Smileat Abóbora e Curgete +4 Meses Biológico frasco 230 g,Smileat,,"2,19 €","(9,52 € / Kg)",
Mercearia da Aldeia Queijo de Ovelha Amanteigado de Serpa unidade 500 g,Mercearia da Aldeia,,"16,99 €","(33,98 € / Kg)",
Innerme Gel Fast Morango embalagem 35 g,Innerme,,"2,89 €","(82,57 € / Kg)",
"Valsoia Gelado Vegan de Coco, Manga e Ananás embalagem 300 g",Valsoia,,"5,69 €","(18,97 € / Kg)",
Vidal Gomas Tijolos com Açúcar embalagem 400 g,Vidal,,"3,99 €","(9,98 € / Kg)",
Veckia Loção Hidratante para o Corpo com Aloe Vera para Peles Secas embalagem 400 ml,Veckia,,"1,95 €","(0,49 € / 10 ml.)",
Vileda Recarga Dupla de Esfregona Suave embalagem 2 unidades,Vileda,,"6,89 €","(3,44 € / Unidade)",
Biscoitos de Sintra Broas dos Santos embalagem 330 g,Biscoitos de Sintra,,"4,25 €","(12,88 € / Kg)",
Natural Cool Mirtilos Biológicos embalagem 300 g,Natural Cool,,"4,99 €","(16,63 € / Kg)",
Encostas de Estremoz Vinho Tinto do Alentejo Trincadeira garrafa 75 cl,Encostas de Estremoz,,"8,99 €","(11,99 € / Litro)",
Quinta dos Açores Iogurte Líquido de Morango embalagem 200 ml,Quinta dos Açores,,"0,92 €","(4,60 € / Litro)",
Tipiak Quinoa Integral embalagem 200 g,Tipiak,,"3,35 €","(16,75 € / Kg)",
Musa Cerveja Artesanal Born in Theipa garrafa 33 cl,Musa,,"2,79 €","(8,45 € / Litro)",
Babaria Creme para o Corpo Aloe embalagem 400 ml,Babaria,,"4,49 €","(8,38 € / Litro)","4,49 €"
Gioiella Queijo Burrata com Hortelã unidade 335 g,Gioiella,,"10,98 €","(32,78 € / Kg)",
"Kressmann Vinho Branco de França garrafa 37,5 cl",Kressmann,,"9,95 €","(26,53 € / Litro)",
El Corte Inglés Salada de Frutas em Calda Extra lata 480 g,El Corte Inglés,,"3,25 €","(6,77 € / Kg)",
Flor das Hortas Massa de Pimentão frasco 200 g,Flor das Hortas,,"1,55 €","(7,75 € / Kg)",
Merenda Mista unidade 140 g,,,"1,09 €","(7,79 € / Kg)",
Mensagem Vinho Tinto do Tejo Reserva garrafa 75 cl,Mensagem,,"17,75 €","(23,67 € / Litro)",
Molho Picante Red frasco 57 ml,,,"2,99 €","(52,46 € / Litro)",
Quinta da Biaia Vinho Branco da Beira Interior Biológico garrafa 75 cl,Quinta da Biaia,,"9,49 €","(12,65 € / Litro)",
Quinta D' Avó Piri-Piri em Whisky frasco 85 g,Quinta D' Avó,,"3,45 €","(40,59 € / Kg)",
Storck Pipocas de Caramelo Classic Werther embalagem 140 g,Storck,,"5,09 €","(36,36 € / Kg)",
El Cantero de Letur Kéfir de Ovelha Biológico embalagem 420 g,El Cantero de Letur,,"3,59 €","(8,55 € / Kg)",
Mulher de Capote Licor de Anis garrafa 1 L,Mulher de Capote,,"12,95 €","(12,95 € / Litro)",
Travia Requeijão de Ovelha da Quinta da Serra da Gardunha embalagem 200 g,Travia,,"1,89 €","(3,78 € / Kg)",
Fructis Hidra-Bomb Condicionador Fortificante Aloe Vera para Cabelos Normais embalagem 300 ml,Fructis Hidra-Bomb,,"5,89 €","(19,63 € / Litro)",
"Compal Néctar Vital Bom Dia Frutos Vermelhos, Aveia e Canela embalagem 1 L",Compal,,"1,99 €","(1,99 € / Litro)",
Eric Kayser Brownie,Eric Kayser,,"2,80 €","(2,80 € / Unidade)",
Capitão Iglo Douradinhos de Peixe 30 Unidades embalagem 840 g,Capitão Iglo,,"13,59 €","(16,18 € / Kg)",
Ausonia Discreet Cuecas para Adultos com Incontinência Plus Tamanho Médio embalagem 9 unidades,Ausonia Discreet,,"9,99 €","(0,83 € / Unidade)","9,99 €"
Nestlé Cerelac Farinha Láctea embalagem 500 g,Nestlé Cerelac,,"3,99 €","(7,98 € / Kg)",
Raffaello Bombons Pack 15 embalagem 153 g,Raffaello,,"3,99 €","(26,08 € / Kg)",
Casal Mendes Sangria Tinta garrafa 75 cl,Casal Mendes,,"3,99 €","(5,32 € / Litro)",
Affective Toalhitas Húmidas embalagem 40 unidades,Affective,,"2,55 €","(0,06 € / Unidade)",
Espiga Pimenta Branca Moída embalagem 55 g,Espiga,,"2,99 €","(54,36 € / Kg)",
Dez Prá Uma Tarte de Limão até 12 pessoas embalagem 1860 g,Dez Prá Uma,,25 €,"(13,44 € / Kg)",
Yukibio Crackers Clássicas Bio embalagem 250 g,Yukibio,,"3,69 €","(14,76 € / Kg)",
El Corte Inglés Lixívia com Detergente de Limão embalagem 2 L,El Corte Inglés,,"0,90 €","(0,45 € / Litro)",
"Nestlé Kit Kat Chunky Snack de Chocolate, Pipoca e Caramelo Salgado embalagem 42 g",Nestlé Kit Kat,,"0,99 €","(23,57 € / Kg)",
Corpos Danone Iogurte Líquido Magro de Morango Pack 4 embalagem 155 g,Corpos Danone,,"3,39 €","(5,47 € / Kg)",
Cuétara Hojaldrada Bolachas Maria embalagem 600 g,Cuétara Hojaldrada,,"2,89 €","(4,82 € / Kg)",
Florette Salada Classics embalagem 100 g,Florette,,"1,99 €","(19,90 € / Kg)",
Seagram's Gin garrafa 70 cl,Seagram's,,"24,99 €","(35,70 € / Litro)",
Margão Bio Ervas de Provence Biológicas frasco 16 g,Margão Bio,,"2,29 €","(143,12 € / Kg)",
Youwok Óleo de Sésamo garrafa 145 ml,Youwok,,"5,39 €","(37,17 € / Litro)",
Próvida Pão Integral com Passas Biológico embalagem 150 g,Próvida,,"1,19 €","(7,93 € / Kg)",
Búfalo Extra Care Detergente para Pavimentos de Madeira com Óleo de Amêndoas embalagem 750 ml,Búfalo Extra Care,,"3,85 €","(5,13 € / Litro)",
Adega 23 Vinho Rosé da Beira Interior garrafa 75 cl,Adega 23,,"12,50 €","(16,67 € / Litro)",
Kinder Maxi Chocolate de Leite 6 Unidades embalagem 126 g,Kinder Maxi,,"2,29 €","(18,17 € / Kg)",
Queixería Barral Queijo Tetilla DOP unidade 550 g,Queixería Barral,,"9,89 €","(17,98 € / Kg)",
Maldonado Presunto Bolota Fatiado à Mão 100% Ibérico unidade 100 g,Maldonado,,"27,75 €","(277,50 € / Kg)",
Huggies Little Swimmers Fraldas Fato de Banho 7 a 12 kg 12 unidades,Huggies Little Swimmers,,"8,49 €","(0,71 € / Unidade)",
Capri-Sun Refrigerante de Laranja e Pêssego sem Gás embalagem 33 cl,Capri-Sun,,"0,89 €","(2,70 € / Litro)",
Mc Vitie's Bolachas de Aveia com Pepitas de Chocolate embalagem 300 g,Mc Vitie's,,"2,09 €","(6,97 € / Kg)",
Danone Iogurte Açucarado Bicompartimentado Twix Mix embalagem 120 g,Danone,,"1,34 €","(11,17 € / Kg)",
Salt e Sweet Empadas Argentinas de Espinafres Pack 4 unidades embalagem 340 g,Salt e Sweet,,"7,59 €","(22,32 € / Kg)",
Aveia Integral Granel Biológica,,,"2,99 €/kg",,
Kaiku Caffé Latte Arábica Intenso Espresso embalagem 230 ml,Kaiku,,"1,69 €","(7,35 € / Litro)",
Lipton Pyramid Chá Preto de Limão embalagem 20 unidades,Lipton Pyramid,,"1,89 €","(0,09 € / Unidade)",
Casa Ferreirinha Vinho Tinto do Douro Castas Escondidas garrafa 75 cl,Casa Ferreirinha,,29 €,"(38,67 € / Litro)",
Croft Brandy garrafa 70 cl,Croft,,"10,29 €","(14,70 € / Litro)",
El Corte Inglés Chapatas 3 Unidades embalagem 195 g,El Corte Inglés,,"1,35 €","(6,92 € / Kg)",
Sabita Mistura de Especiarias Panch Phoran frasco 28 g,Sabita,,"2,65 €","(94,64 € / Kg)",
Koala Polpa de Maracujá com Sementes lata 565 g,Koala,,"3,99 €","(7,06 € / Kg)",
Broa de Maçã e Passas unidade 400 g,,,"2,79 €","(6,98 € / Kg)",
Solar dos Lobos Vinho Tinto do Alentejo Syrah garrafa 75 cl,Solar dos Lobos,,"9,99 €","(13,32 € / Litro)",
Mentolin Rebuçados de Eucalipto sem Açúcar embalagem 115 g,Mentolin,,"2,19 €","(21,90 € / Kg)",
Jules Destrooper Waffles de Manteiga embalagem 100 g,Jules Destrooper,,"3,89 €","(38,90 € / Kg)",
Alsa Arroz Doce embalagem 125 g,Alsa,,"1,69 €","(13,52 € / Kg)",
Herdade Aldeia de Cima Vinho Tinto do Alentejo Reserva garrafa 75 cl,Herdade Aldeia de Cima,,"16,90 €","(22,53 € / Litro)",
Amantis Vinho Branco do Alentejo Reserva garrafa 75 cl,Amantis,,"14,95 €","(19,93 € / Litro)",
"Nestlé Kit Kat Chocolate Branco embalagem 41,5 g",Nestlé Kit Kat,,"0,99 €","(23,86 € / Kg)",
Evax Adapt Protege-Slips embalagem 30 unidades,Evax Adapt,,"2,75 €","(0,09 € / Unidade)",
Tampax Compak Pearl Tampões Regular embalagem 16 unidades,Tampax Compak Pearl,,"3,99 €","(0,25 € / Unidade)",
Rajah Caril Hot Madras embalagem 100 g,Rajah,,"1,99 €","(19,90 € / Kg)",
Cenoura Biológica Peso Aproximado por unidade 75 g,,,"2,49 €/kg",,
El Corte Inglés Pizza de Atum e Queijo embalagem 400 g,El Corte Inglés,,"2,29 €","(5,72 € / Kg)",
Iswari Aveia Divina Instantânea com Avelã e Cacau Biológica embalagem 360 g,Iswari,,"5,99 €","(16,64 € / Kg)",
Nobre Bacon em Fatias sem Glúten embalagem 120 g,Nobre,,"2,99 €","(24,92 € / Kg)",
Stella Artois Cerveja da Bélgica garrafa 33 cl,Stella Artois,,"1,95 €","(5,91 € / Litro)",
Izidoro o Talhante Bife da Vazia de Novilho embalagem 300 g,Izidoro o Talhante,,"8,99 €","(29,97 € / Kg)",
El Corte Inglés Atum em Óleo de Girassol lata 650 g,El Corte Inglés,,"7,99 €","(12,29 € / Kg)",
Vasco da Gama Petinga em Óleo Vegetal lata 90 g,Vasco da Gama,,"1,15 €","(12,78 € / Kg)",
Polident Pastilhas de Limpeza para Próteses Dentárias Branqueadoras embalagem 30 unidades,Polident,,"3,99 €","(0,13 € / Unidade)",
Nau do Cacau Chocolate Preto Equador 80% Biológico embalagem 40 g,Nau do Cacau,,"2,85 €","(71,25 € / Kg)",
Ahmad Tea Chá Preto Earl Grey embalagem 100 unidades,Ahmad Tea,,"8,99 €","(0,09 € / Unidade)",
Aneto Caldo Natural de Peixe embalagem 1 L,Aneto,,"4,99 €","(4,99 € / Litro)",
Barilla Molho Pesto Alla Genovese frasco 190 g,Barilla,,"4,99 €","(17,05 € / Kg)","4,99 €"
Blandy's Vinho da Madeira 5 Anos Bual garrafa 75 cl,Blandy's,,"15,99 €","(21,32 € / Litro)",
Victorio & Lucchino Eau de Toilette Aguas Intensas Masculinas 9 embalagem 150 ml,Victorio & Lucchino,,"16,49 €","(109,93 € / Litro)",
El Corte Inglés Bolachas Recheadas com Creme Banhadas em Chocolate Branco embalagem 252 g,El Corte Inglés,,"2,09 €","(8,29 € / Kg)",
Casa do Porco Preto Presunto de Barrancos Bolota DOP Peso Aproximado por peça 7 kg,Casa do Porco Preto,,"74,99 €/kg",,
Clearspring Massa Noodles Udon Larga Bio embalagem 200 g,Clearspring,,"4,30 €","(21,50 € / Kg)",
Cif Ultra Limpeza Bilhante spray 500 ml,Cif,,"2,79 €","(5,58 € / Litro)",
Garcia & Filhos Pão de Leite pack 4,Garcia & Filhos,,"2,20 €","(0,55 € / Unidade)",
Provamel Yofu Fresco de Baunilha Biológico embalagem 400 g,Provamel,,"2,39 €","(5,98 € / Kg)",
Feletti Bombons de Chocolate Sortido Glamour embalagem 305 g,Feletti,,"20,95 €","(68,69 € / Kg)",
El Corte Inglés Gelado de Menta com Pedaços de Chocolate embalagem 500 ml,El Corte Inglés,,"3,19 €","(6,38 € / Litro)",
Quinta D' Avó Preparado Timorense frasco 140 g,Quinta D' Avó,,"2,05 €","(14,64 € / Kg)",
Knorr Asia Pot Noodles de Pato embalagem 61 g,Knorr,,"2,15 €","(35,25 € / Kg)",
Cenouras embalagem 1 kg,,,"0,99 €","(0,99 € / Kg)",
Buitoni Pizzas Piccolin Salame embalagem 270 g,Buitoni,,"3,99 €","(14,78 € / Kg)",
Lipton Ice Tea Pêssego lata 25 cl,Lipton Ice Tea,,"0,89 €","(3,56 € / Litro)",
El Corte Inglés Spray Repelente e Impermeabilizante embalagem 200 ml,El Corte Inglés,,"2,95 €","(14,75 € / Litro)",
Omira Milch Tornado de Cacau e Baunilha embalagem 150 g,Omira Milch,,"0,78 €","(5,20 € / Kg)",
Greens Mistura Mexicana embalagem 450 g,Greens,,"1,39 €","(3,09 € / Kg)",
Alternativa 3 Café Solúvel Biológico embalagem 100 g,Alternativa 3,,"7,85 €","(78,50 € / Kg)",
Alambre Moscatel de Setúbal 20 Anos garrafa 50 cl,Alambre,,"27,90 €","(55,80 € / Litro)",
Gelpeixe Chef Crepes Doces embalagem 1 kg,Gelpeixe Chef,,"5,59 €","(5,59 € / Kg)",
Glade Ambientador Sense & Spray Apple Cider embalagem 36 ml,Glade,,"12,98 €","(360,56 € / Litro)",
Serra Oca Vinho Tinto de Lisboa garrafa 75 cl,Serra Oca,,"13,99 €","(18,65 € / Litro)",
Lipton Ice Tea de Pêssego embalagem 1 L,Lipton Ice Tea,,"1,99 €","(1,99 € / Litro)",
Olá Gelado Feast Pack 4 embalagem 90 ml,Olá,,"4,99 €","(13,86 € / Litro)",
Dr. Beckmann Toalhitas Renova Cores Pretas e Tecidos embalagem 10 unidades,Dr. Beckmann,,"7,99 €","(0,80 € / Unidade)",
"Corpos Danone Iogurte Aroma 4 Morango, 2 Coco e 2 Frutos Silvestres sem Açúcar Aidicionado Super Pack 8 embalagem 120 g",Corpos Danone,,"2,29 €","(2,39 € / Kg)",
Villacenteno Queijo de Espanha Manchego Curado embalagem 440 g,Villacenteno,,"13,29 €","(30,20 € / Kg)",
Babaria Máscara Facial Microbiotica Balance embalagem 20 ml,Babaria,,"4,99 €","(249,50 € / Litro)",
Stollenwerk Couve Roxa com Maçã embalagem 520 g,Stollenwerk,,"1,95 €","(3,75 € / Kg)",
Padaria da Arrifana Palmiers embalagem 300 g,Padaria da Arrifana,,"2,79 €","(9,30 € / Kg)",
Cachet Bola de Natal com Bombons de Chocolate Sortido lata 100 g,Cachet,,"9,99 €","(99,90 € / Kg)",
"Asturiana Leite Gordo embalagem 1,5 L",Asturiana,,"1,59 €","(1,06 € / Litro)",
Domingos Soares Franco Vinho Rosé de Terras do Sado Moscatel garrafa 75 cl,Domingos Soares Franco,,"9,95 €","(13,27 € / Litro)",
Quinta da Lixa Vinho Verde Branco 2021 garrafa 75 cl,Quinta da Lixa,,"3,39 €","(4,52 € / Litro)",
"Vinha Grande Vinho Tinto do Douro garrafa 1,5 L",Vinha Grande,,"19,99 €","(13,33 € / Litro)",
Intimy Preservativos Classic embalagem 6 unidades,Intimy,,"3,65 €","(0,61 € / Unidade)",
Alsa Preparado para Mousse de Chocolate de Leite Pack 2 embalagem 150 g,Alsa,,"3,99 €","(26,60 € / Kg)",
Chivas Regal Whisky Gold Signature 18 Anos garrafa 70 cl,Chivas Regal,,"72,99 €","(104,27 € / Litro)",
Mouro Rebuçados de Mentol embalagem 250 g,Mouro,,"1,99 €","(7,96 € / Kg)",
Quinta dos Açores Queijo da Quinta Amanteigado unidade 400 g,Quinta dos Açores,,"7,89 €","(19,72 € / Kg)",
Orbit Pastilhas de Menta sem Açúcar embalagem 84 g,Orbit,,"2,99 €","(35,60 € / Kg)",
Gullón Tortitas de Milho Viltaday sem Glúten embalagem 130 g,Gullón,,"2,09 €","(16,08 € / Kg)",
Cogumelos Pleurothus embalagem 250 g,,,"2,19 €","(8,76 € / Kg)",
Veckia Toalhitas Refrescantes embalagem 25 unidades,Veckia,,"0,69 €","(0,03 € / Unidade)",
Antonio Banderas Black Seduction Desodorizante Spray embalagem 150 ml,Antonio Banderas Black Seduction,,"7,95 €",(53 € / Litro),
Musa Cerveja Artesanal Eye of the Lager garrafa 33 cl,Musa,,"2,79 €","(8,45 € / Litro)",
Palmer's Creme para a Barriga Anti-Estrias embalagem 125 g,Palmer's,,"15,49 €","(123,92 € / Kg)",
De Marchi Mandioca Palito embalagem 300 g,De Marchi,,"2,39 €","(7,97 € / Kg)",
O Gelado Gelado Speculoos de Biscoito Caramelizado embalagem 460 ml,O Gelado,,"7,19 €","(15,63 € / Litro)",
Prato Pronto Creme de Tomate com Manjericão embalagem 400 ml,Prato Pronto,,"1,69 €","(4,22 € / Litro)",
Fiuza Vinho Tinto do Tejo 3 Castas Reserva garrafa 75 cl,Fiuza,,"5,99 €","(7,99 € / Litro)",
Pastoret Creme de Chocolate com Avelãs Biológico embalagem 100 g,Pastoret,,"2,09 €","(20,90 € / Kg)",
Colgate Escova de Dentes Recyclean Suave embalagem 1 unidade,Colgate,,"3,99 €","(3,99 € / Unidade)",
Carefree Protege-Slips com Aloe Vera embalagem 32 unidades,Carefree,,"2,49 €","(0,08 € / Unidade)",
Quinta do Espírito Santo Vinho Tinto da Estremadura Reserva garrafa 75 cl,Quinta do Espírito Santo,,"8,29 €","(11,05 € / Litro)",
Açai Native Açai Sorbet copo 480 ml,Açai Native,,"5,99 €","(12,48 € / Litro)",
D.G. Vinho Branco do Douro garrafa 75 cl,D.G.,,"4,59 €","(6,12 € / Litro)",
Mistolin Tira Gorduras embalagem 545 ml,Mistolin,,"3,05 €","(5,60 € / Litro)",
Paladin Maionese de Coentrada Top Down embalagem 275 ml,Paladin,,"2,39 €","(8,69 € / Litro)",
Colgate Pasta de Dentes Sabor a Menta 6-9 Anos embalagem 50 ml,Colgate,,"2,89 €","(40,14 € / Litro)",
Bonne Maman Doce de Alperce Intenso frasco 335 g,Bonne Maman,,"3,49 €","(10,42 € / Kg)",
Protex Sport Creme Relaxante para os Pés embalagem 40 ml,Protex Sport,,"4,99 €","(124,75 € / Litro)",
Johnson's Baby Condicionador Penteia Fácil embalagem 500 ml,Johnson's Baby,,"5,59 €","(11,18 € / Litro)",
"Hatozaki Whisky Blende ""Japão"" garrafa 70 cl",Hatozaki,,"37,50 €","(8,93 € / Litro)",
Lacasitos Chocolates com Copo e Palhinha Pack 3 embalagem 20 g,Lacasitos,,"2,99 €","(149,50 € / Kg)",
Alpen Muesli sem Açúcar embalagem 560 g,Alpen,,"4,19 €","(7,48 € / Kg)",
"Jói Refrigerante de Laranja sem Gás garrafa 1,5 L",Jói,,"1,90 €","(0,70 € / Litro)","1,90 €"
Birra Moretti Cerveja de Itália Pack 4 garrafa 33 cl,Birra Moretti,,"6,99 €","(5,30 € / Litro)",
Embare Caramelo de Chocolate Bala embalagem 660 g,Embare,,"6,95 €","(10,53 € / Kg)",
Gogo Squeez Saquetas Multifrutos Pack 4 unidades embalagem 90 g,Gogo Squeez,,"3,89 €","(14,41 € / Kg)",
Scottex Lenços Faciais embalagem 10 unidades,Scottex,,"1,75 €","(0,18 € / Unidade)",
Pimento Amarelo embalagem 450 g,,,"2,99 €","(6,64 € / Kg)",
Milaneza Margaridas com Vegetais embalagem 500 g,Milaneza,,"1,99 €","(3,98 € / Kg)",
Renova Super Compact Papel Higiénico 4 unidades,Renova Super Compact,,"2,49 €","(0,62 € / Unidade)",
Glamour Escova de Cabelo Grande com Cerdas de Javali embalagem 1 unidade,Glamour,,"12,09 €","(12,09 € / Unidade)",
La Piara Paté de Fígado de Porco Picante lata 73 g,La Piara,,"1,65 €","(22,60 € / Kg)",
Faisão Vinho Branco de Mesa garrafa 1 L,Faisão,,2 €,(2 € / Litro),
Gullón Zero Bolachas de Fibra Integral sem Açúcar embalagem 170 g,Gullón Zero,,"2,69 €","(15,82 € / Kg)",
Salutem Vinagre de Sidra garrafa 50 cl,Salutem,,"2,89 €","(5,78 € / Litro)",
Bala Caramelo de Coco embalagem 660 g,Bala,,"6,95 €","(10,53 € / Kg)",
Trident Max Pastilhas Watermelon sem Açúcar embalagem 20 g,Trident Max,,"1,10 €",(55 € / Kg),
Mimosa Leite UHT Magro embalagem 1 L,Mimosa,,"0,89 €","(0,89 € / Litro)",
Hansaplast Pensos Universal Resistente à Água 1m x 6cm embalagem 10 unidades,Hansaplast,,"2,49 €","(0,25 € / Unidade)",
Bonne Maman Doce Extra de Morango frasco 370 g,Bonne Maman,,"3,49 €","(9,43 € / Kg)",
Asbach Bombons de Cereja embalagem 100 g,Asbach,,"7,95 €","(79,50 € / Kg)",
Vasques de Carvalho Vinho Tinto do Douro Oxum garrafa 75 cl,Vasques de Carvalho,,"12,25 €","(16,33 € / Litro)",
Museu do Pão Pão Integral embalagem 450 g,Museu do Pão,,"2,19 €","(4,87 € / Kg)",
Fructis Hidra Condicionador Fortificante Aloe Vera para Cabelos Normais embalagem 200 ml,Fructis Hidra,,"3,99 €","(19,95 € / Litro)",
Heinz Esparguete à Bolonhesa lata 400 g,Heinz,,"2,95 €","(7,38 € / Kg)",
Valor Chocolate Culinário para Chocolate Quente sem Glúten embalagem 300 g,Valor,,"2,99 €","(9,97 € / Kg)",
Harpic Líquido Sanitário Desinfectante Força do Oceano embalagem 750 ml,Harpic,,"1,94 €","(2,59 € / Litro)",
Herbalthy Chá de Hibisco embalagem 30 g,Herbalthy,,"2,49 €",(83 € / Kg),
Nestlé Nesquik Extra Choc Achocolatado em Pó sem Glúten lata 390 g,Nestlé Nesquik,,"5,49 €","(14,08 € / Kg)",
Ramirez Atum Selvagem em Azeite Baixo em Sal lata 120 g,Ramirez,,"1,89 €","(15,75 € / Kg)",
Bimbo Pão de Forma sem Côdea 100% Natural embalagem 450 g,Bimbo,,"2,49 €","(5,53 € / Kg)",
Motta Panettone embalagem 90 g,Motta,,"2,60 €","(28,89 € / Kg)",
Buitoni Mini Pizza Piccolinis Salsicha embalagem 270 g,Buitoni,,"3,99 €","(14,78 € / Kg)",
Blandy's Vinho da Madeira 3 Anos Duque Of Sussex garrafa 75 cl,Blandy's,,"9,99 €","(13,32 € / Litro)",
Milaneza Wok Massa Noodles embalagem 250 g,Milaneza Wok,,"1,99 €","(7,96 € / Kg)",
El Monaguillo Tâmaras Medjoul embalagem 1 kg,El Monaguillo,,"19,95 €","(19,95 € / Kg)",
Pacari Chocolate Negro com Sal e Nibs embalagem 50 g,Pacari,,"3,09 €","(61,80 € / Kg)",
Buitoni Pizza Bella Napoli Margherita com Mozzarela de Leite de Búfala embalagem 425 g,Buitoni,,"5,49 €","(12,92 € / Kg)",
Aviko Batatas Crinkle Super Crunch embalagem 750 g,Aviko,,"2,99 €","(3,99 € / Kg)",
"Pleno Bebida Tisana de Chá Verde e Limão garrafa 1,5 L",Pleno,,"1,75 €","(1,17 € / Litro)",
Mimosa Manteiga com Sal Magra embalagem 250 g,Mimosa,,"2,39 €","(8,56 € / Kg)","2,39 €"
Croissant Multicereais unidade 1 unidade,,,1 €,"(11,76 € / Kg)",
Monte da Raposinha Vinho Branco do Alentejo garrafa 75 cl,Monte da Raposinha,,"9,95 €","(13,27 € / Litro)",
Babaria Leite para o Corpo Calmante de Aveia embalagem 400 ml,Babaria,,"3,90 €","(7,22 € / Litro)","3,90 €"
Minerva Paté de Atum lata 75 g,Minerva,,"1,59 €","(21,20 € / Kg)",
Caprice Des Dieux Queijo embalagem 200 g,Caprice Des Dieux,,"4,99 €","(24,95 € / Kg)",
Mercearia da Aldeia Queijo de Serpa DOP kg,Mercearia da Aldeia,,"27,99 €/kg",,
Ritter Sport Chocolate Preto com Avelãs embalagem 100 g,Ritter Sport,,"2,59 €","(25,90 € / Kg)",
"Dourada do Mar Peso Aproximado por unidade 1,5 kg",,,"29,99 €/kg",,
Medici Ermete Vinho Tinto de Itália Lambrusco garrafa 75 cl,Medici Ermete,,"4,15 €","(5,53 € / Litro)",
Becel Pro Activ Creme para Barrar Magra embalagem 450 g,Becel Pro Activ,,"6,99 €","(15,53 € / Kg)",
Limiano Queijo Flamengo 1/4 Bola unidade 325 g,Limiano,,"3,85 €","(11,85 € / Kg)",
Zonin Vinho Tinto de Itália Valpolicella Ripasso garrafa 75 cl,Zonin,,"15,75 €",(21 € / Litro),
Soft&Co Óleo Vegetal Puro Cannabis Sativa Corpo e Cabelo embalagem 40 ml,Soft&Co,,"8,99 €","(224,75 € / Litro)",
Gillette Blue 3 Máquinas Descartáveis Sensitive embalagem 12 unidades,Gillette Blue 3,,"13,49 €","(13,49 € / Unidade)",
El Corte Inglés Alperces Secos sem Caroço embalagem 195 g,El Corte Inglés,,"1,94 €","(9,95 € / Kg)",
Quinta da Raza Vinho Verde Grande Escolha Branco garrafa 75 cl,Quinta da Raza,,"5,95 €","(7,93 € / Litro)",
Globo Manga Desidratada em Cubos embalagem 90 g,Globo,,"1,99 €","(22,11 € / Kg)",
"Berchtesgadener Land Quark Cremoso 0,2% Biológico embalagem 350 g",Berchtesgadener Land,,"1,69 €","(4,83 € / Kg)",
Gallo Molho Picante Jalapeño garrafa 50 ml,Gallo,,"2,99 €","(59,80 € / Litro)",
Hein Salame Picante com Pimenta Preta sem Fosfatos,Hein,,"22,79 €/kg",,
Minigrill Mini Tostas de Trigo Normais embalagem 100 g,Minigrill,,"1,45 €","(14,50 € / Kg)",
Carte D'Or Gelado de Baunilha com Nozes embalagem 900 ml,Carte D'Or,,"5,49 €","(6,10 € / Litro)",
La Hispalana Picos Artesanos embalagem 200 g,La Hispalana,,"0,99 €","(4,95 € / Kg)",
Marmelada de Manga embalagem 420 g,,,"3,49 €","(8,31 € / Kg)",
Lindt Lindor Bombons de Chocolate Branco embalagem 200 g,Lindt Lindor,,"6,39 €","(31,95 € / Kg)",
Yogi Tea Infusão de Ervas com Gengibre embalagem 17 unidades,Yogi Tea,,"4,09 €","(0,24 € / Unidade)",
Goes Sumo de Uva Tinta garrafa 1 L,Goes,,"5,75 €","(7,67 € / Litro)",
Soria Natural Tostas de Arroz e Linhaça Integral sem Glúten Biológicas embalagem 100 g,Soria Natural,,"2,79 €","(27,90 € / Kg)",
Biomit Manteiga de Coco sem Açúcar Biológica frasco 230 g,Biomit,,"6,69 €","(29,09 € / Kg)",
Couve Chinesa Peso Aproximado por embalagem 1 kg,,,"2,99 €","(2,99 € / Kg)",
Maldita Cerveja Artesanal English Barleyw garrafa 33 cl,Maldita,,"3,49 €","(10,58 € / Litro)",
Nestlé Caja Roja Bombons de Chocolate embalagem 200 g,Nestlé Caja Roja,,"5,61 €","(28,05 € / Kg)",
Nestlé Chocolate Prestigio com Coco embalagem 33 g,Nestlé,,"1,65 €",(50 € / Kg),
Bettery Barra Plant Based Zero Bar Cookies e Cream embalagem 55 g,Bettery,,"1,90 €","(34,55 € / Kg)",
Medieval de Ourém Vinho Rosé Encostas D´Aire Biológico garrafa 75 cl,Medieval de Ourém,,"8,65 €","(11,53 € / Litro)",
Alternativa 3 Café Moído Chiapas México Biológico embalagem 250 g,Alternativa 3,,"6,19 €","(24,76 € / Kg)",
Delas Vinho Branco de França Saint-Espirit Côtes-du-Rhône garrafa 75 cl,Delas,,"11,25 €",(15 € / Litro),
Atelier do Doce Bolo Rocher unidade 650 g,Atelier do Doce,,"15,95 €","(15,95 € / Unidade)",
Planalto Vinho Branco do Douro Reserva garrafa 75 cl,Planalto,,"4,99 €","(6,65 € / Litro)",
Quintal dos Açores Pimenta do Queijo Picante garrafa 125 ml,Quintal dos Açores,,"2,30 €","(18,40 € / Litro)",
Glenmorangie Whisky Single Malt The Original 10 Anos garrafa 70 cl,Glenmorangie,,"49,95 €","(71,36 € / Litro)",
García Baquero Queijo de Espanha Curado Reserva Peso Aproximado por unidade 3 kg,García Baquero,,"21,98 €/kg",,
Cambozola Queijo Alemão Mini embalagem 150 g,Cambozola,,"3,09 €","(20,60 € / Kg)",
Timmermans Cerveja da Bélgica Oude Gueuze Limited Editon garrafa 75 cl,Timmermans,,"18,59 €","(24,79 € / Litro)",
Comfort Vaporesse Engoma Fácil 1 L,Comfort Vaporesse,,"2,99 €","(2,99 € / Litro)",
El Corte Inglés Bolachas Wafer de Nata embalagem 200 g,El Corte Inglés,,"0,79 €","(3,95 € / Kg)",
Linic Men Champô Anti-Caspa Eficácia Ativa 2 em 1 para Todos os Tipos de Cabelo embalagem 360 ml,Linic Men,,"4,94 €","(13,72 € / Litro)",
Cola Cao Achocolatado embalagem 400 g,Cola Cao,,"2,99 €","(7,48 € / Kg)",
Pringles Aperitivos de Paprika embalagem 175 g,Pringles,,"2,99 €","(17,09 € / Kg)",
Quinta do Cume Vinho Tinto do Douro Selection garrafa 75 cl,Quinta do Cume,,"9,85 €","(13,13 € / Litro)",
La Ermita Cantabria Iogurte Natural Desnatado 0% sem Glúten frasco 185 g,La Ermita Cantabria,,"1,85 €",(10 € / Kg),
Secos da Aldeia Mix de Frutos Secos embalagem 150 g,Secos da Aldeia,,"3,05 €","(20,33 € / Kg)",
Parmalat Molho Béchamel Levíssima embalagem 500 ml,Parmalat,,"2,19 €","(4,38 € / Litro)",
Collonil Escova de Sapatos 1 unidade,Collonil,,"7,05 €","(7,05 € / Unidade)",
Vahiné Vela Nº 2 embalagem 1 unidade,Vahiné,,"2,19 €","(2,19 € / Unidade)",
Mabel Vizhoja Biscoito Rosca COCO embalagem 350 g,Mabel Vizhoja,,"3,19 €","(9,11 € / Kg)",
Lactovit Gel de Banho para Pele Muito Seca embalagem 650 ml,Lactovit,,"5,19 €","(7,98 € / Litro)",
El Corte Inglés Bio Xarope de Agáve 100% Vegetal Biológico embalagem 360 g,El Corte Inglés Bio,,"2,86 €","(7,94 € / Kg)",
Aliada Regañas embalagem 250 g,Aliada,,"1,35 €","(5,40 € / Kg)",
Cano Cabides de Plástico Verdes 43 cm 5 unidades,Cano,,"4,59 €","(4,59 € / Unidade)",
Milka Oreo Chocolate de Leite Oreo Sandwich embalagem 92 g,Milka Oreo,,"1,69 €","(18,37 € / Kg)",
Seeberger Manga Desidratada embalagem 100 g,Seeberger,,"3,99 €","(39,90 € / Kg)",
Bísaro Presunto de Porco Cortado à Mão unidade 80 g,Bísaro,,"12,99 €","(162,38 € / Kg)",
Tuc Crackers Pack 3 embalagem 100 g,Tuc,,"3,09 €","(10,30 € / Kg)",
Beutelsbacher Sumo de Maçã Biológico embalagem 200 ml,Beutelsbacher,,"1,95 €","(9,75 € / Litro)",
Freixo Vinho do Alentejo Chardonnay Branco garrafa 75 cl,Freixo,,"10,30 €","(13,73 € / Litro)",
Vaga Lume Vinho Branco do Alentejo garrafa 75 cl,Vaga Lume,,"6,25 €","(8,33 € / Litro)",
Sílica Vinho Branco do Douro garrafa 75 cl,Sílica,,"5,99 €","(7,99 € / Litro)",
Adamus Aguardente Vínica Velhíssima 20 Anos garrafa 70 cl,Adamus,,69 €,"(98,57 € / Litro)",
Oral-B 3D White Pasta de Dentes Efeito Pérola embalagem 75 ml,Oral-B 3D White,,"4,49 €","(59,87 € / Litro)",
Panrico Pão de Forma Integral Vegan sem Lactose embalagem 520 g,Panrico,,"1,69 €","(3,25 € / Kg)",
Alcachofra Marinada,,,"15,95 €/kg",,
Swiffer Mopa Ambipur Recarga embalagem 18 unidades,Swiffer,,"4,19 €","(0,23 € / Unidade)",
Annas Bolachas Finas de Amêndoa embalagem 150 g,Annas,,"2,24 €","(14,93 € / Kg)",
Cantinho das Aromáticas Condimento de Estragão Biológico embalagem 20 g,Cantinho das Aromáticas,,"3,15 €","(157,50 € / Kg)",
Padaria da Arrifana Biscoitos de Laranja embalagem 300 g,Padaria da Arrifana,,"2,29 €","(7,63 € / Kg)",
Fula Óleo de Coco Virgem Biológico frasco 200 ml,Fula,,"5,99 €","(29,95 € / Litro)",
Peceguina Vinho Branco do Alentejo Verdelho garrafa 75 cl,Peceguina,,"15,20 €","(20,27 € / Litro)",
Pur Natur Iogurte Natural Grego Bio embalagem 700 g,Pur Natur,,"5,74 €","(8,20 € / Kg)",
El Corte Inglés Tâmaras embalagem 350 g,El Corte Inglés,,"2,75 €","(7,86 € / Kg)",
Super Bock Selecção 1927 Super Bock Selecção 1927 Cerveja Artesanal Munich Dunkel Cerveja Japanese Rice Lager garrafa 75 cl Pack 2 com oferta de copo,Super Bock Selecção 1927,,"13,99 €","(9,33 € / Litro)",
The Last Bite Snack de Chocolate Branco embalagem 55 g,The Last Bite,,"2,98 €","(54,18 € / Kg)",
Babaria Creme Facial Retinol Anti-Rugas embalagem 50 ml,Babaria,,"5,39 €","(107,80 € / Litro)",
El Corte Inglés Selection Queijo Semi-Curado embalagem 250 g,El Corte Inglés Selection,,"4,95 €","(19,80 € / Kg)",
Rios Morcela Preta de Arroz de Burgos Peso Aproximado por unidade 200 g,Rios,,"1,30 €","(6,49 € / Kg)",
Tremoji Tremoço Extra frasco 370 g,Tremoji,,"1,59 €","(4,30 € / Kg)",
Cister Nuts Cocktail de Frutos Secos embalagem 200 g,Cister Nuts,,"2,99 €","(14,95 € / Kg)",
Sabita Pasta Masala Tandoori Picante frasco 125 g,Sabita,,"3,90 €","(31,20 € / Kg)",
Fini Gomas Cinema Mix embalagem 165 g,Fini,,"1,59 €","(9,64 € / Kg)",
Bom Petisco Sardinhas em Tomate Biológico lata 120 g,Bom Petisco,,"1,89 €","(15,75 € / Kg)",
Duracell Pilhas DL/CR 2032 +50% More Power embalagem 4 unidades,Duracell,,"6,99 €","(1,75 € / Unidade)",
Chicco Baby Moments Toalhitas Infantis embalagem 16 unidades,Chicco Baby Moments,,"1,49 €","(0,09 € / Unidade)",
El Corte Inglés Coalhada de Vaca Pack 4 embalagem 125 g,El Corte Inglés,,"1,99 €","(3,98 € / Kg)",
Tello Pepperoni em Fatias embalagem 75 g,Tello,,"1,65 €",(22 € / Kg),
Jack Daniel's Whisky Bourbon Honey garrafa 70 cl,Jack Daniel's,,"22,99 €","(32,84 € / Litro)",
Chocup Taça Mini Waffer com Chocolate 20 Unidades embalagem 125 g,Chocup,,"7,99 €","(63,92 € / Kg)",
El Corte Inglés Massa Fresca Tortellini de Carne embalagem 250 g,El Corte Inglés,,"2,09 €","(8,36 € / Kg)",
Kinder Délice Snack de Chocolate e Cacau embalagem 39 g,Kinder Délice,,"0,79 €","(20,26 € / Kg)",
Guinness Cerveja da Irlanda Special Export garrafa 33 cl,Guinness,,"4,15 €","(12,58 € / Litro)",
Barnhouse Granola Krunchy de Frutos Silvestres embalagem 375 g,Barnhouse,,"6,39 €","(17,04 € / Kg)",
Cabo de Peñas Bonito do Norte em Azeite Virgem Extra Biológico embalagem 111 g,Cabo de Peñas,,"3,09 €","(27,84 € / Kg)",
Musa Cerveja Artesanal Saison O'Connor garrafa 33 cl,Musa,,"2,79 €","(8,45 € / Litro)",
Wilkinson Sword Hydro Gel de Barbear embalagem 75 ml,Wilkinson Sword Hydro,,"3,25 €","(43,33 € / Litro)",
Goldbee Licor de Chocolate de Gengibre garrafa 50 cl,Goldbee,,"17,50 €",(35 € / Litro),
Koala Polpa de Manga lata 860 g,Koala,,"4,15 €","(4,83 € / Kg)",
Herbora Barrita Saciante de Chocolate Preto e Laranja embalagem 1 unidade,Herbora,,"1,99 €","(1,99 € / Unidade)",
Martini Espumante Bruto garrafa 75 cl,Martini,,"10,25 €","(13,67 € / Litro)",
Don Simon Néctar de Manga embalagem 1 L,Don Simon,,"0,99 €","(0,99 € / Litro)",
Amicis Gin garrafa 70 cl,Amicis,,"35,90 €","(51,29 € / Litro)",
Intimy Gel Lubrificante Maxi embalagem 150 ml,Intimy,,"9,45 €",(63 € / Litro),
El Corte Inglés Avelãs Torradas embalagem 250 g,El Corte Inglés,,"5,49 €","(21,96 € / Kg)",
Costa do Pombal Vinho Tinto do Douro Reserva garrafa 75 cl,Costa do Pombal,,"7,49 €","(9,99 € / Litro)",
Monte da Ravasqueira Vinho Tinto do Alentejo Syrah + Viogner garrafa 75 cl,Monte da Ravasqueira,,"14,99 €","(19,99 € / Litro)",
Iswari Guaraná em Pó Biológico embalagem 70 g,Iswari,,"8,98 €","(128,29 € / Kg)",
Master Cake Base de Tarte de Chocolate embalagem 400 g,Master Cake,,"3,35 €","(8,38 € / Kg)",
Tojeira Azeite Virgem Extra Biológico garrafa 3 L,Tojeira,,"35,99 €",(12 € / Litro),
Billy's Farm Biscoitos de Espelta com Especiarias Vegan Biológico embalagem 230 g,Billy's Farm,,"3,75 €","(16,30 € / Kg)",
Nestlé Sobremesas Tablete Chocolate Culinária 53% Cacau embalagem 200 g,Nestlé Sobremesas,,"2,49 €","(12,45 € / Kg)",
Vahiné Vela Nº 9 embalagem 1 unidade,Vahiné,,"2,19 €","(2,19 € / Unidade)",
Quinta da Serra da Gardunha Queijo Curado de Ovelha Peso Aproximado por unidade 1 kg,Quinta da Serra da Gardunha,,"16,49 €/kg",,"16,49 €/kg"
Persil Detergente para Máquina de Roupa Sensitive Gel embalagem 50 doses,Persil,,"19,99 €","(0,40 € / Dose)",
"Gelpeixe Espetadas de Choco, Lula e Camarão embalagem 1 kg",Gelpeixe,,"17,19 €","(17,19 € / Kg)",
El Corte Inglés Bio Doce de Alperce Biológico frasco 350 g,El Corte Inglés Bio,,"1,99 €","(5,69 € / Kg)",
Rústica Biscottina Tostas com Tomate e Oregãos embalagem 100 g,Rústica Biscottina,,"1,49 €","(14,90 € / Kg)",
Kikkoman Molho de Soja frasco 150 ml,Kikkoman,,"3,99 €","(26,60 € / Litro)",
Comenda de Ansemil Vinho Branco de Lafões DOP Biológico garrafa 75 cl,Comenda de Ansemil,,"7,15 €","(9,53 € / Litro)",
Cem Porcento Cornflakes sem Açúcar embalagem 250 g,Cem Porcento,,"1,99 €","(7,96 € / Kg)",
Coxa de Frango com Arroz Branco 1 unidade,,,"8,50 €",,
Nikka Whisky Japonês From The Barrel garrafa 50 cl,Nikka,,"47,90 €","(95,80 € / Litro)",
Cofisa Atum em Óleo Vegetal lata 110 g,Cofisa,,"0,75 €","(6,82 € / Kg)",
Huggies Drynites Cuecas Menino 3 aos 5 Anos 16 unidades,Huggies Drynites,,"9,09 €","(0,57 € / Unidade)",
Naturefoods Manteiga de Amendoim Crocante sem Glúten Biológica embalagem 350 g,Naturefoods,,"3,49 €","(9,97 € / Kg)",
Casa de Mouraz Vinho Tinto do Dão Biológico garrafa 75 cl,Casa de Mouraz,,"10,50 €",(14 € / Litro),
Dona Ermelinda Vinho Tinto de Palmela Reserva garrafa 75 cl,Dona Ermelinda,,"9,99 €","(13,32 € / Litro)",
Dodot Fraldas Cuidao Total T5 embalagem 36 unidades,Dodot,,"18,45 €","(0,51 € / Unidade)",
Destop Desentupidor de Canos Gel Express 1 L,Destop,,"7,99 €","(7,99 € / Litro)",
Fonte Mourisca Queijo de Vaca Apimentado unidade 550 g,Fonte Mourisca,,"7,99 €","(14,53 € / Kg)",
Huggies Toalhitas Húmidas Pure Pack 3 embalagem 56 unidades,Huggies,,"5,99 €","(0,04 € / Unidade)",
Fuchs Muesli com Frutos Bio embalagem 350 g,Fuchs,,"6,95 €","(19,86 € / Kg)",
Iglo Crocantes de Frango Cordon Bleu 2 Unidades embalagem 200 g,Iglo,,"4,99 €","(22,45 € / Kg)","4,99 €"
Próvida Farinha de Quinoa Biológica embalagem 500 g,Próvida,,"3,89 €","(7,78 € / Kg)",
Pepino Holandês peso Aproximado por unidade 360 g,,,"3,79 €/kg",,
Pouca Roupa Vinho Tinto do Alentejo garrafa 75 cl,Pouca Roupa,,"4,99 €","(6,65 € / Litro)",
Pepsi Refrigerante com Gás Pack 6 lata 33 cl,Pepsi,,"4,59 €","(2,32 € / Litro)",
Elpozo King Salsichas Bockwurst sem Glúten embalagem 330 g,Elpozo King,,"3,29 €","(9,97 € / Kg)",
Trevo Queijo com Alho e Salsa unidade 90 g,Trevo,,"1,89 €",(21 € / Kg),
Inecto Naturals Máscara Capilar de Abacate embalagem 300 ml,Inecto Naturals,,"10,45 €","(34,83 € / Litro)",
Milka Choco Biscuit Bolachas de Chocolate de Leite embalagem 150 g,Milka Choco Biscuit,,"2,49 €","(16,60 € / Kg)",
Próvida Lentilhas sem Casca Biológicas embalagem 500 g,Próvida,,"3,49 €","(6,98 € / Kg)",
El Corte Inglés Bio Doce de Morango Biológico frasco 350 g,El Corte Inglés Bio,,"2,49 €","(7,11 € / Kg)",
Proalimentar Bolachas de Chocolate e Cereais embalagem 300 g,Proalimentar,,"2,49 €","(8,30 € / Kg)",
Vila Jardim Vinho Tinto do Dão Reserva Santa Magalhães garrafa 75 cl,Vila Jardim,,"17,50 €","(23,33 € / Litro)",
Bimbo Pão de Forma Familiar embalagem 700 g,Bimbo,,"2,32 €","(3,31 € / Kg)",
Nau do Cacau Chocolate Preto República Dominicana Puro 100% Cacau Biológico embalagem 80 g,Nau do Cacau,,"5,29 €","(66,12 € / Kg)",
Nivea Men Gel de Banho Boost embalagem 500 ml,Nivea Men,,"6,99 €","(13,98 € / Litro)",
Jean Louis David Esponja Desmaquilhante embalagem 1,Jean Louis David,,"8,20 €","(8,20 € / Unidade)",
Delta Q Origens Collection Café embalagem 40 cápsulas,Delta Q Origens Collection,,"13,29 €","(0,33 € / Unidade)",
Facialderm Máscara Reafirmante para Rosto e Pescoço embalagem 1 unidade,Facialderm,,"5,49 €","(5,49 € / Unidade)",
Chouriço em Cubos unidade 130 g,,,"2,89 €","(22,23 € / Kg)",
St. Dalfour Doce de Morango sem Açúcar frasco 284 g,St. Dalfour,,"4,39 €","(15,46 € / Kg)",
Glennscott Whisky Malte 12 Anos garrafa 70 cl,Glennscott,,"25,90 €",(37 € / Litro),
Sidul Açúcar Mascavado 500 g,Sidul,,"1,79 €","(3,58 € / Kg)",
Bom Petisco Sardinhas em Azeite Biológico lata 120 g,Bom Petisco,,"1,89 €","(15,75 € / Kg)",
Goes Sumo de Uva Branca garrafa 1 L,Goes,,"5,75 €","(7,67 € / Litro)",
Gallo Vinagrete&Go Azeite Virgem Extra e Vinagre de Vinho Tinto Pack 10 garrafa 20 ml,Gallo Vinagrete&Go,,"4,99 €","(249,50 € / Litro)",
Pescanova Miolo de Camarão Panado embalagem 300 g,Pescanova,,"7,59 €","(25,30 € / Kg)",
Milka Chocolate Branco embalagem 100 g,Milka,,"1,69 €","(16,90 € / Kg)",
Erdinger Cerveja da Alemanha Weissbier garrafa 33 cl,Erdinger,,"2,85 €","(8,64 € / Litro)",
"Capdevila Paté de Maçã Peso Aproximado por unidade 1,5 kg",Capdevila,,"23,99 €/kg",,
Merimar Polvo Cozido Pedaços embalagem 200 g,Merimar,,"12,99 €","(64,95 € / Kg)",
Quinta de Cabriz Vinho Tinto do Dão Reserva garrafa 75 cl,Quinta de Cabriz,,"9,49 €","(12,65 € / Litro)",
Guloso Polpa de Tomate Colheita Fresca garrafa 500 g,Guloso,,"1,55 €","(3,10 € / Kg)",
Miguel Vergara Bife da Vazia Novilho Angus kg,Miguel Vergara,,"10,99 €","(43,95 € / Kg)",
Margão Ervas Finas frasco 6 g,Margão,,"2,39 €","(398,33 € / Kg)",
Garcia&Filhos Croissant Brioche 4 unidades embalagem 320 g,Garcia&Filhos,,"2,35 €","(33,57 € / Kg)",
Marinhas Manteiga com Sal embalagem 125 g,Marinhas,,"3,29 €","(26,32 € / Kg)",
Nestlé Naturnes Fruta para Bebé 7 Frutos sem Glúten Pack 4 embalagem 100 g,Nestlé Naturnes,,"3,29 €","(8,22 € / Kg)",
Herdade do Esporão Azeite Virgem Extra Cordovil garrafa 500 ml,Herdade do Esporão,,"8,79 €","(17,58 € / Litro)",
Hein Fiambre da Perna Extra Fumado Picante sem Fosfatos,Hein,,"23,99 €/kg",,
Porminho Fiambre da Perna Extra em Fatias embalagem 150 g,Porminho,,"2,55 €",(17 € / Kg),
Batata Especial embalagem 1 kg,,,"1,39 €","(1,19 € / Kg)","1,39 €"
Quinta de Lafões Perninhas de Frango do Campo Peso Aproximado por cuvete 700 g,Quinta de Lafões,,"5,57 €","(7,95 € / Kg)",
St.Michel Madalenas Pack 10 embalagem 250 g,St.Michel,,"2,79 €","(11,16 € / Kg)",
Florette Salada César com Frango e Queijo embalagem 200 g,Florette,,"3,79 €","(18,95 € / Kg)",
Mester D'Aviz Chouriço Ibérico de Carne embalagem 200 g,Mester D'Aviz,,"3,99 €","(19,95 € / Kg)",
Ponti Molho de Tomate & Parmesão frasco 280 g,Ponti,,"3,29 €","(11,75 € / Kg)",
Ehrmann Pudim de Caramelo Rico em Proteína embalagem 200 g,Ehrmann,,"2,05 €","(10,25 € / Kg)",
Lipton Chá Cherry Love embalagem 20 unidades,Lipton,,"2,99 €","(0,15 € / Unidade)",
Codyfer Palmilhas Tamanho 39-40 1 par,Codyfer,,"3,95 €","(3,95 € / Unidade)",
Pepsi Max Refrigerante com Gás Zero Açúcar garrafa 1 L,Pepsi Max,,"1,09 €","(0,26 € / Litro)",
Cimarrom Miolo de Amêndoa Palitos embalagem 100 g,Cimarrom,,"0,98 €","(9,80 € / Kg)",
Bom Sucesso Arroz para Risotto embalagem 1 kg,Bom Sucesso,,"2,55 €","(2,55 € / Kg)",
Próvida Farinha de Aveia Biológica embalagem 500 g,Próvida,,"1,75 €","(3,50 € / Kg)",
Byly Desodorizante Extrem Roll-On embalagem 50 ml,Byly,,"3,60 €","(7,20 € / 10 ml.)",
Corine de Farme Toalhitas Íntimas Suaves e Protectoras embalagem 10 unidades,Corine de Farme,,"2,19 €","(0,22 € / Unidade)",
Bacalhôa Vinho Branco de Setúbal Verdelho garrafa 75 cl,Bacalhôa,,"11,99 €","(15,99 € / Litro)",
Pantene Creme Anti-Frizz embalagem 145 ml,Pantene,,"5,99 €","(41,31 € / Litro)",
Gel de Barba Pro Sensitive embalagem 200 ml,,,"5,99 €","(29,95 € / Litro)",
Garnier Creme Corporal Reparador para Pele Extra Seca Cacau+ Ceramida embalagem 300 ml,Garnier,,"7,69 €","(25,63 € / Litro)",
Lay's Batatas Fritas sabor Sal e Vinagre embalagem 150 g,Lay's,,"1,89 €","(12,60 € / Kg)",
Esencias de Saphir Eau de Toilette Bergamota e Mandarina embalagem 180 ml,Esencias de Saphir,,"10,95 €","(60,83 € / Litro)",
Gillette Simply Venus 3 Plus Máquinas Depilatórias embalagem 6 unidades,Gillette Simply Venus 3 Plus,,"5,99 €",(1 € / Unidade),
L'or Espresso Café Onxy para Nespresso Intensidade 12 embalagem 20 cápsulas,L'or Espresso,,"8,79 €","(0,44 € / Unidade)",
Bliss Out Manteiga de Amendoim Golden Elixir Biológica frasco 225 g,Bliss Out,,"5,75 €","(25,56 € / Kg)",
Avó Filó Salame de Chocolate e Amêndoas embalagem 450 g,Avó Filó,,"5,99 €","(13,31 € / Kg)",
Carina Rissóis de Camarão 8 Unidades embalagem 350 g,Carina,,"1,79 €","(5,11 € / Kg)",
Bimbo Bagels de Sementes 4 Unidades embalagem 300 g,Bimbo,,"2,09 €","(6,97 € / Kg)",
Montanheira Cacholeira de Porco Preto unidade 200 g,Montanheira,,"2,99 €","(14,95 € / Kg)",
Deliria Cerveja Edição Limitada garrafa 75 cl,Deliria,,"12,50 €","(16,67 € / Litro)",
Gin Lovers Acessórios para Gin embalagem 4 unidades,Gin Lovers,,"36,50 €","(36,50 € / Unidade)",
Veggis Cowow Almôndegas embalagem 150 g,Veggis,,"3,99 €","(26,60 € / Kg)",
El Corte Inglés Fuet Extra embalagem 170 g,El Corte Inglés,,"2,29 €","(13,47 € / Kg)",
"Vero Sorbetto Sorbet Manga embalagem 1,5 L",Vero Sorbetto,,"9,29 €","(6,19 € / Litro)",
Cristal Vinagre de Sidra Biológico embalagem 500 ml,Cristal,,"1,89 €","(3,78 € / Litro)",
Biomit Manteiga de Amendoim Cremosa sem Açúcar Biológica frasco 230 g,Biomit,,"3,95 €","(17,17 € / Kg)",
Maçã Royal Gala 70/75 Peso Aproximado por unidade 180 g,,,"1,99 €/kg",,
Nivea Magnesium Dry Desodorizante Fresh Roll-On embalagem 50 ml,Nivea Magnesium Dry,,"4,99 €","(59,80 € / Litro)","4,99 €"
Prozis Creme de Amêndoa embalagem 250 g,Prozis,,"6,49 €","(25,96 € / Kg)",
El Corte Inglés Nuggets de Frango Panados embalagem 450 g,El Corte Inglés,,"2,59 €","(5,76 € / Kg)",
Belvita Breakfast Bolachas Recheadas com Morango de 5 Cereais Integrais embalagem 250 g,Belvita Breakfast,,"2,99 €","(11,96 € / Kg)",
Macal Presunto Curado 9 Meses unidade 240 g,Macal,,"4,59 €","(19,12 € / Kg)",
Carefree Cotton Pensos Higiénicos Aloe Vera embalagem 56 unidades,Carefree Cotton,,"4,49 €","(0,08 € / Unidade)",
Alma Cerveja Artesanal Aveirense garrafa 33 cl,Alma,,"2,59 €","(7,85 € / Litro)",
Espiga Pão Ralado com Alho e Salsa embalagem 200 g,Espiga,,"1,69 €","(8,45 € / Kg)",
"Vanish Oxi Action Gel Desinfectante para Roupa embalagem 1,786 L",Vanish Oxi Action,,"14,99 €","(8,39 € / Litro)",
Quintal dos Açores Doce de Groselha frasco 250 g,Quintal dos Açores,,"2,79 €","(11,16 € / Kg)",
Glamour Fita de Cabelo Preta embalagem 2 unidades,Glamour,,"2,39 €","(1,20 € / Unidade)",
JJ Vinho Tinto do Alentejo Vinho de Talha garrafa 75 cl,JJ,,"22,90 €","(30,53 € / Litro)",
Sharwood's Pasta de Caril Tandoori Médio frasco 300 g,Sharwood's,,"4,69 €","(15,63 € / Kg)",
Veggis Croquetes de Vegetais Pack 4 embalagem 220 g,Veggis,,"3,99 €","(18,14 € / Kg)",
Bicentury Sarialis Barras Multicereais com Chocolate de Leite sem Glúten embalagem 78 g,Bicentury Sarialis,,"3,19 €","(40,90 € / Kg)",
Babaria Creme Antioxidante com Vitamina C embalagem 50 ml,Babaria,,"5,39 €","(107,80 € / Litro)",
"Sprite Refrigerante de Lima-Limão Baixo em Açúcar com Gás garrafa 1,5 L",Sprite,,"1,25 €","(0,83 € / Litro)",
Lipton Pyramid Chá Lúcia-Lima embalagem 20 unidade,Lipton Pyramid,,"1,85 €","(0,09 € / Unidade)",
Nivea Dry Fresh Desodorizante Roll-On embalagem 50 ml,Nivea Dry Fresh,,"3,99 €","(79,80 € / Litro)",
Panrico Pão de Forma Branco Vegan embalagem 475 g,Panrico,,"2,09 €","(4,40 € / Kg)",
Milka Choco Jelly Chocolate de Leite MMMax embalagem 250 g,Milka Choco Jelly,,"3,99 €","(15,96 € / Kg)",
Confeitaria Alvorada Pão de Ló unidade 600 g,Confeitaria Alvorada,,"6,95 €","(11,58 € / Kg)",
Nescafé Clássico Café Solúvel Descafeinado 10 Saquetas embalagem 20 g,Nescafé Clássico,,"1,69 €","(84,50 € / Kg)",
Al Amier Harissa em Pó frasco 25 g,Al Amier,,"2,20 €",(88 € / Kg),
Carne Picada de Bovino Carnalentejana DOP embalagem 400 g,,,"6,95 €","(16,22 € / Kg)","6,95 €"
Haribo Gomas Ositos Doro embalagem 100 g,Haribo,,"1,09 €","(10,90 € / Kg)",
Saco de Ráfia Pêssego 1 unidade,,,"0,50 €",,
Oreo Bolachas Cobertas com Chocolate Crunchy Bites embalagem 110 g,Oreo,,"1,99 €","(18,09 € / Kg)",
Casa Cadaval Vinho Branco do Tejo Padre Pedro Reserva garrafa 75 cl,Casa Cadaval,,"9,65 €","(12,87 € / Litro)",
Atelier do Doce Tubo Tacinhos Dom Abade de Alcobaça embalagem 300 g,Atelier do Doce,,"7,50 €",(25 € / Kg),
Clear Spring Puré Biológico de Maçã e Mirtilo Pack 2 embalagem 100 g,Clear Spring,,"2,19 €","(10,95 € / Kg)",
Calem Vinho do Porto Vintage garrafa 75 cl,Calem,,39 €,(52 € / Litro),
Yaranza Iogurte Natural de Cabra frasco 140 g,Yaranza,,"1,19 €","(8,50 € / Kg)",
El Corte Inglés Anti-Calcário Spray embalagem 750 ml,El Corte Inglés,,"1,59 €","(2,12 € / Litro)",
Danone Oikos Iogurte Grego de Maçã e Canela Pack 4 embalagem 110 g,Danone Oikos,,"2,99 €","(6,80 € / Kg)",
Eu Nutrition Breakfast Flakes 0% Açúcar Adicionado de Centeio e Aveia Biológicos embalagem 400 g,Eu Nutrition Breakfast,,"3,99 €","(9,98 € / Kg)",
Ahmad Tea Chá Preto Earl Grey lata 100 g,Ahmad Tea,,"5,10 €",(51 € / Kg),
Nestlé Fitness Granola Cereais Integrais 53% Aveia com Arandos e Sementes embalagem 300 g,Nestlé Fitness,,"3,99 €","(13,30 € / Kg)",
Renova Lenços de Bolso Fátima embalagem 6 unidades,Renova,,"0,99 €","(0,16 € / Unidade)",
Guloso Tomate em Pedaços lata 800 g,Guloso,,"3,05 €","(3,81 € / Kg)",
Vitalis+ Água com Sabor a Limão + Magnésio garrafa 33 cl,Vitalis+,,"0,72 €","(2,18 € / Litro)",
Knorr Caldo de Galinha 24 Cubos embalagem 240 g,Knorr,,"4,79 €","(19,96 € / Kg)",
Maçarico Azeitonas Verdes Inteiras frasco 350 g,Maçarico,,"2,45 €",(7 € / Kg),
Diet Radisson Fructose embalagem 500 g,Diet Radisson,,"4,19 €","(8,38 € / Kg)",
Lindt Excellence Chocolate Preto com Pêra embalagem 100 g,Lindt Excellence,,"2,79 €","(27,90 € / Kg)",
Tena Pensos Higiénicos Protetores Discreet Extra embalagem 20 unidades,Tena,,"5,59 €","(0,28 € / Unidade)",
Garnier Olia Bold Coloração Permanente Nº 7.22 Rosa Neon embalagem 1 unidade,Garnier Olia Bold,,"11,99 €","(11,99 € / Unidade)",
Oskri Barra de Coco Vegan sem Glúten Biológica embalagem 53 g,Oskri,,"1,99 €","(37,55 € / Kg)",
Humydry Cabide Anti Humidade Inodoro embalagem 250 g,Humydry,,"6,99 €","(27,96 € / Kg)",
Dez Prá Uma Caril Peito de Frango par 2 pessoas embalagem 500 g,Dez Prá Uma,,14 €,(28 € / Kg),
Garnier Color Sensation Coloração Permanente Intensa Nº 1.0 Ultra Preto embalagem 1 unidade,Garnier Color Sensation,,"8,85 €","(8,85 € / Unidade)",
El Corte Inglés Mini Tostas Integrais embalagem 120 g,El Corte Inglés,,"0,65 €","(5,42 € / Kg)",
Kressmann Vinho Branco de França Monopole Sauvignon Blanc Bordeaux garrafa 75 cl,Kressmann,,"6,75 €",(9 € / Litro),
Garofalo Massa Integral Fusilli Biológica embalagem 500 g,Garofalo,,"2,19 €","(4,38 € / Kg)",
"Maçarico Azeitonas Mistas Retalhadas com Azeite, Alho e Oregãos embalagem 155 g",Maçarico,,"1,99 €","(12,84 € / Kg)",
Mimosa Magro Aroma Iogurte Líquido de Morango Leve 6 Pague 4 embalagem 151 ml,Mimosa Magro Aroma,,"2,79 €","(18,48 € / Litro)",
Gud Concentrado Líquido de Laranja garrafa 74 cl,Gud,,"4,89 €","(6,61 € / Litro)",
Lycia Creme Depilatório para o Rosto Peles Normais Perfect Touch embalagem 50 ml,Lycia,,"4,99 €","(99,80 € / Litro)",
Renova Guardanapos Dobrados Pretos 25 unidades,Renova,,"2,79 €","(0,11 € / Unidade)",
Banzé Insecticida Líquido Vaporizador embalagem 500 ml,Banzé,,"4,99 €","(9,98 € / Litro)",
Vianeza Maionese com Flor de Sal Vatel Top Down embalagem 250 ml,Vianeza,,"1,59 €","(6,36 € / Litro)",
Moltex Pure & Nature Fraldas Junior 13-18 Kg Tamanho 5 Ecológicas embalagem 44 unidades,Moltex Pure & Nature,,"20,05 €","(0,46 € / Unidade)",
Cem Porcento Chocolate Preto 90% Cacau sem Glúten Biológico embalagem 100 g,Cem Porcento,,"2,99 €","(29,90 € / Kg)",
Jardineira de Novilho IGP Açores Peso Aproximado 250 g,,,"10,95 €/kg",,
Vileda Turbo Recarga de Esfregona embalagem 1 unidade,Vileda Turbo,,"7,49 €","(7,49 € / Unidade)",
El Corte Inglés Atum em Azeite Virgem Extra Pack 6 embalagem 360 g,El Corte Inglés,,"6,89 €","(19,14 € / Kg)",
Sorini Bombons de Chocolate de Leite Modern Time lata 188 g,Sorini,,"12,95 €","(68,88 € / Kg)",
Goshua Arroz Doce frasco 140 g,Goshua,,"2,29 €","(14,71 € / Kg)","2,29 €"
"Lipton Infusão de Roseira Brava, Erva Príncipe e Hibisco Elegância embalagem 20 unidades",Lipton,,"2,99 €","(0,15 € / Unidade)",
Milaneza Natura Massa Laços Integrais com Fibra de Aveia embalagem 500 g,Milaneza Natura,,"1,99 €","(3,98 € / Kg)",
Grandes Quintas Vinho Tinto do Douro Reserva garrafa 75 cl,Grandes Quintas,,"15,95 €","(21,27 € / Litro)",
Mercurochrome Baby Discos de Amamentação Ultra Absorventes embalagem 30 unidades,Mercurochrome Baby,,"6,02 €","(0,20 € / Unidade)",
Codyfer Palmilhas Tamanho 39-40 1 par,Codyfer,,"6,39 €","(6,39 € / Unidade)",
Próvida Boulgur embalagem 500 g,Próvida,,"2,49 €","(4,98 € / Kg)",
Pur Natur Iogurte Magro Biológico frasco 500 g,Pur Natur,,"3,19 €","(6,38 € / Kg)",
El Corte Inglés Queijo Manchego DOP Velho ao peso 3 kg,El Corte Inglés,,"22,98 €/kg",,
Desidrata Maçã Reineta Desidratada sem Glúten Biológica embalagem 80 g,Desidrata,,"2,19 €","(27,38 € / Kg)",
Confiança Sabonete Glicerina Dourada embalagem 125 g,Confiança,,"1,29 €","(10,32 € / Kg)",
Carbonell Azeite Virgem Extra Ideal para Forno em Spray embalagem 200 ml,Carbonell,,"3,25 €","(16,25 € / Litro)",
Quinta da Manoella Vinho Tinto do Douro garrafa 75 cl,Quinta da Manoella,,"13,15 €","(17,53 € / Litro)",
La Rosa Cerveja Artesanal IPA garrafa 33 cl,La Rosa,,"3,99 €","(12,09 € / Litro)",
Sanchez Alcaraz Chouriço Ibérico Extra Fatias embalagem 100 g,Sanchez Alcaraz,,"3,75 €","(37,50 € / Kg)",
L'or Espresso Café Ristretto Intensidade 11 para Nespresso embalagem 20 cápsulas,L'or Espresso,,"8,19 €","(0,41 € / Unidade)",
Schnitzer Pão Brunch Mix sem Glúten Biológico Pack 2 embalagem 100 g,Schnitzer,,"5,09 €","(50,90 € / Kg)",
Ezalo Insecticida Eléctrico para Moscas em Pastilhas Recarga 20 unidades,Ezalo,,"7,29 €",(0 € / Unidade),
Candycat Chocolates Moedas Com Báu embalagem 150 g,Candycat,,"3,39 €","(22,60 € / Kg)",
Pimento Vermelho peso aproximado por cuvete 1 kg,,,"3,99 €","(3,99 € / Kg)",
Alpro Yofu de Soja 2 de Amora e 2 de Framboesa e Arando Pack 4 embalagem 125 g,Alpro,,"2,89 €","(5,78 € / Kg)",
Acorelle Desodorizante Longa Duração Lótus Bergamota Biológico embalagem 50 ml,Acorelle,,"5,95 €",(119 € / Litro),
Mimosa Receita Clássica Iogurte Natural Açucarado Pack 3 embalagem 125 g,Mimosa Receita Clássica,,"2,49 €","(6,64 € / Kg)",
Milhafre Leite de Pastagem Meio Gordo Biológico embalagem 1 L,Milhafre,,"1,29 €","(1,29 € / Litro)",
Not Guilty Chocolate Preto com Recheio de Manteiga de Caju 50% embalagem 30 g,Not Guilty,,"0,99 €",(33 € / Kg),
Montes Ermos Vinho Branco do Douro Códega do Larinho garrafa 75 cl,Montes Ermos,,"6,99 €","(9,32 € / Litro)",
Paladin Vinagre Balsâmico de Modena garrafa 250 ml,Paladin,,"2,10 €","(0,84 € / 10 ml.)",
Blue Dragon Wraps de Arroz embalagem 134 g,Blue Dragon,,"3,69 €","(27,54 € / Kg)",
Iglo Crocantes de Frango com Parmesão e Ervas 2 Unidades embalagem 180 g,Iglo,,"5,29 €","(29,39 € / Kg)",
Porminho Paio do Lombo em Fatias embalagem 80 g,Porminho,,"1,35 €","(16,88 € / Kg)",
So' Bio Creme de Dia Anti-Idade de Argão Biológico embalagem 50 ml,So' Bio,,"12,99 €","(259,80 € / Litro)",
Le Grotte Vinho Rosé de Itália Lambrusco Doce garrafa 75 cl,Le Grotte,,"2,99 €","(3,99 € / Litro)",
Carina Panados de Frango embalagem 330 g,Carina,,"3,99 €","(12,09 € / Kg)",
Royal Preparado em Pó para Gelatina de Morango embalagem 114 g,Royal,,"1,99 €","(17,46 € / Kg)",
Ach Brito Sabonete Luxo-Banho Classic embalagem 350 g,Ach Brito,,"4,69 €","(13,40 € / Kg)",
Companhia das Abóboras Doce de Melão frasco 300 g,Companhia das Abóboras,,"3,45 €","(11,50 € / Kg)",
Torre de Nuñez Centro de Presunto Serrano Reserva 14 Meses kg,Torre de Nuñez,,"22,98 €/kg",,
Royal Alcaparras frasco 70 g,Royal,,"2,25 €","(32,14 € / Kg)",
Companhia das Abóboras Marmelada embalagem 380 g,Companhia das Abóboras,,"2,99 €","(7,87 € / Kg)",
Margão Funcho frasco 30 g,Margão,,"2,09 €","(69,67 € / Kg)",
Knorr Noodles Asia Chili embalagem 65 g,Knorr,,"2,15 €","(33,08 € / Kg)",
Nutribén Leite Continuação de Transição 2 a Partir dos 6 Meses embalagem 800 g,Nutribén,,"15,99 €","(19,99 € / Kg)",
Ambre Solaire Bruma Autobronzeadora Médio embalagem 150 ml,Ambre Solaire,,"13,99 €","(93,27 € / Litro)",
"Condi Pudim Flan Zero % Açúcares Vegan embalagem 14,4 g",Condi,,"1,54 €","(106,94 € / Kg)",
Pescanova Delicias do Mar sem Glúten embalagem 250 g,Pescanova,,"2,49 €","(6,76 € / Kg)","2,49 €"
Maybelline Super Stay 24h Pó Compacto Nº 30 Sand embalagem 1 unidade,Maybelline Super Stay 24h,,"12,99 €","(12,99 € / Unidade)",
Cem Porcento Chá para Infusão Centelha Asiática embalagem 50 g,Cem Porcento,,"1,69 €","(33,80 € / Kg)",
Delirium Cerveja da Bélgica Nocturnum garrafa 33 cl,Delirium,,"4,79 €","(14,52 € / Litro)",
Quinta do Sobreiró de Cima Vinho Tinto de Trá-os-Montes Touriga Nacional garrafa 75 cl,Quinta do Sobreiró de Cima,,"11,95 €","(15,93 € / Litro)",
El Corte Inglés Selection Sortido de Porco Ibérico em Fatias embalagem 300 g,El Corte Inglés Selection,,"15,99 €","(53,30 € / Kg)",
Encostas de Estremoz Vinho Estremadura Pack 2 pack 2 75 cl,Encostas de Estremoz,,"17,99 €","(4,28 € / Litro)",
P & H Moldes para Madalenas N.8 embalagem 50 unidades,P & H,,"1,40 €","(0,03 € / Unidade)",
Compal da Horta Feijão de Manteiga lata 420 g,Compal da Horta,,"1,29 €","(3,15 € / Kg)",
"Sonasol Brilhante Detergente Lava-Tudo embalagem 1,1 L",Sonasol Brilhante,,"3,99 €","(3,63 € / Litro)",
El Corte Inglés Selection Tomate Frito com Azeite sem Glúten Pack 3 frasco 350 g,El Corte Inglés Selection,,"3,75 €","(3,57 € / Kg)",
Margão Alho Picado frasco 60 g,Margão,,"3,49 €","(58,17 € / Kg)",
Sumol Refrigerante de Laranja com Gás Pack 6 lata 33 cl,Sumol,,"4,39 €","(2,22 € / Litro)",
Fautor Vinho Tinto da Moldávia Cabernet Sauvignon garrafa 75 cl,Fautor,,"9,19 €","(12,25 € / Litro)",
El Corte Inglés Selection Camarões Crus Selvagens 10-15 Peças embalagem 700 g,El Corte Inglés Selection,,"27,99 €","(39,99 € / Kg)",
Kleenex The Original Lenços de Bolso embalagem 12 unidades,Kleenex The Original,,"1,99 €","(0,17 € / Unidade)",
Sanytol Desinfetante Cozinhas embalagem 750 ml,Sanytol,,"4,49 €","(5,99 € / Litro)",
Iglo Green Cuisine Veggie Bowls  Bulgur com Courgete e Grão de Bico Vegan embalagem 350 g,Iglo Green Cuisine,,"3,99 €","(9,11 € / Kg)","3,99 €"
Reese's Chocolate de Leite com Manteiga de Amendoim Minis embalagem 90 g,Reese's,,"2,19 €","(24,33 € / Kg)",
Vianeza Massa Rolitos com Trufa Rolitos sem Glúten embalagem 250 g,Vianeza,,"5,49 €","(21,96 € / Kg)",
Estrella Galicia 1906 Cerveja Preta de Espanha sem Álcool garrafa 25 cl,Estrella Galicia 1906,,"0,79 €","(3,16 € / Litro)",
Lusiaves Perna de Frango com Molho de Alho Peso Aproximado por cuvete 500 g,Lusiaves,,"4,47 €","(8,95 € / Kg)",
Somersby Sidra de Maçã Pack 4 garrafa 33 cl,Somersby,,"3,99 €","(3,02 € / Litro)",
Colgate Herbal Pasta de Dentes Branqueadora com Bicarbonato de Sódio embalagem 75 ml,Colgate Herbal,,"2,49 €","(26,53 € / Litro)","2,49 €"
Fortunna Naturally Unique Costeleta de Bovino kg,Fortunna Naturally Unique,,"13,19 €","(21,99 € / Kg)",
Green Vie Parveggio Ralado Vegan sem Lactose e sem Glúten embalagem 100 g,Green Vie,,"2,95 €","(29,50 € / Kg)",
Vileda Sacos de Congelação XL 5 L embalagem 10 unidades,Vileda,,"5,49 €","(5,49 € / Unidade)",
Nivea Invisible Desodorizante Spray embalagem 150 ml,Nivea Invisible,,"4,69 €","(31,27 € / Litro)",
El Corte Inglés Corações de Alcachofras lata 240,El Corte Inglés,,"3,29 €","(13,71 € / Kg)",
Veckia Loção para o Corpo Nutritiva para Peles Muito Secas embalagem 400 ml,Veckia,,"1,65 €","(0,41 € / 10 ml.)",
Delaviuda Bolos Maçapão embalagem 200 g,Delaviuda,,"3,25 €","(16,25 € / Kg)",
"El Corte Inglés Selection Feijão Branco IGP de ""La Bañeza-León"" embalagem 1 kg",El Corte Inglés Selection,,"3,45 €","(3,45 € / Kg)",
Dittmann Filetes de Anchova frasco 50 g,Dittmann,,"3,39 €","(67,80 € / Kg)",
Mother's Recipe Chutney de Tâmaras garrafa 380 g,Mother's Recipe,,"3,75 €","(9,87 € / Kg)",
Adega Santana Licor de Uva do Mato garrafa 70 cl,Adega Santana,,"21,90 €","(31,29 € / Litro)",
Porminho Presunto em Fatias unidade 80 g,Porminho,,"2,15 €","(26,88 € / Kg)",
Glamour Limas Grandes + Palito embalagem 24 unidades,Glamour,,"2,79 €","(0,12 € / Unidade)",
Vicaris Cerveja da Bélgica Generaal Strong Dark Ale garrafa 33 cl,Vicaris,,"3,69 €","(0,88 € / Litro)",
Vale da Rosa Uva Branca Nacional sem Graínha cuvete 500 g,Vale da Rosa,,"3,99 €","(7,98 € / Kg)",
Denim Original After Shave + Creme de Barbear + Pincel de Barbear embalagem 200 ml,Denim Original,,"12,99 €","(34,95 € / Litro)","12,99 €"
El Corte Inglés Selection Camarões Crus Selvagens 24-32 Peças embalagem 800 g,El Corte Inglés Selection,,"18,99 €","(23,74 € / Kg)",
L'OREAL Spray Retoca Raízes Castanho Acajou embalagem 100 ml,L'OREAL,,"11,99 €","(119,90 € / Litro)",
Delta Fair Trade Café Moído Torrado Moagem Universal embalagem 220 g,Delta Fair Trade,,"4,49 €","(20,41 € / Kg)",
Cossart Gordon Vinho da Madeira 5 Anos Verdelho garrafa 75 cl,Cossart Gordon,,"19,95 €","(26,60 € / Litro)",
Aga Recargas para Lamparinas embalagem 3 unidades,Aga,,"4,20 €","(17,50 € / Litro)",
Palha Canas Vinho Tinto da Estremadura Reserva garrafa 75 cl,Palha Canas,,"8,65 €","(11,53 € / Litro)",
El Corte Inglés Sebo de Cavalo embalagem 50 ml,El Corte Inglés,,"1,35 €",(27 € / Litro),
Lindahls Iogurte Sólido Proteico de Chocolate Branco embalagem 150 g,Lindahls,,"1,49 €","(7,27 € / Kg)","1,49 €"
Gerber Snack Bio com Tomate + 10 meses embalagem 7 g,Gerber,,"0,79 €","(112,86 € / Kg)",
El Corte Inglés Torrão de Chocolate com Amêndoas sem Açúcares Adicionados sem Glúten embalagem 200 g,El Corte Inglés,,"4,49 €","(22,45 € / Kg)",
Doves Farm Gomas Xantana sem Glúten embalagem 110 g,Doves Farm,,"8,49 €","(77,18 € / Kg)",
Ramirez Filetes de Atum Selvagem em Azeite Virgem Extra Biológico embalagem 120 g,Ramirez,,"1,99 €","(16,58 € / Kg)",
Ultra Suave Champô Revitalizante Gengibre Vital para Cabelos Estragados embalagem 400 ml,Ultra Suave,,"5,59 €","(13,98 € / Litro)",
Parmalat Nata para Culinária com 3 Queijos embalagem 200 ml,Parmalat,,"1,27 €","(6,35 € / Litro)",
Starbucks Café House Blend Lungo para Nespresso Intensidade 8 embalagem 10 cápsulas,Starbucks,,"4,49 €","(0,45 € / Unidade)",
Green Vie Bloco Blue Vegan sem Lactose e sem Glúten embalagem 200 g,Green Vie,,"4,59 €","(22,95 € / Kg)",
Santal 100% Sumo de Maçã embalagem 1 L,Santal,,"1,89 €","(1,89 € / Litro)",
Serrano Ovas de Bacalhau em Fatias unidade 100 g,Serrano,,"6,99 €","(6,99 € / Kg)",
Gillette Lâminas Blue 3 Smooth Descartáveis embalagem 16 unidades,Gillette,,"12,99 €","(0,93 € / Unidade)",
Terras de Santo António Vinho Tinto do Dão Touriga Nacional garrafa 75 cl,Terras de Santo António,,"8,49 €","(11,32 € / Litro)",
El Corte Inglés Batatas Inteiras frasco 400 g,El Corte Inglés,,"1,59 €","(2,41 € / Kg)",
Compal da Horta Grão lata 410 g,Compal da Horta,,"1,29 €","(3,15 € / Kg)",
El Corte Inglés Feijão Cozido frasco 400 g,El Corte Inglés,,"0,69 €","(1,72 € / Kg)",
El Corte Inglés Cenoura Ralada em Tiras frasco 250 g,El Corte Inglés,,"1,49 €","(5,96 € / Kg)",
Antonio Banderas Blue Seduction Desodorizante Spray embalagem 150 ml,Antonio Banderas Blue Seduction,,"7,95 €",(53 € / Litro),
Maybelline Colorshow Lápis para os Olhos Nº 100 embalagem 1 unidade,Maybelline Colorshow,,"3,99 €","(3,99 € / Unidade)",
Branca de Neve Preparado em Pó para Mousse de Café embalagem 140 g,Branca de Neve,,"1,99 €","(14,21 € / Kg)",
Ahmad Tea Chá Verde lata 100 g,Ahmad Tea,,"5,10 €",(51 € / Kg),
Beretta Salame Milano em Fatias unidade 80 g,Beretta,,"3,09 €","(38,62 € / Kg)",
Salutem Bolachas Marinhas com Chia sem Açúcar embalagem 200 g,Salutem,,"2,29 €","(11,45 € / Kg)",
Donuts Glacé 4 Unidades embalagem 192 g,Donuts,,"3,35 €","(17,45 € / Kg)",
Quinta do Piloto Moscatel de Setúbal Superior garrafa 50 cl,Quinta do Piloto,,"9,99 €","(13,32 € / Litro)",
Millan Vicente Queijo Emmental Biológico unidade 200 g,Millan Vicente,,"3,89 €","(19,45 € / Kg)",
Monsaraz Vinho Branco do Alentejo garrafa 75 cl,Monsaraz,,"3,99 €","(5,32 € / Litro)",
Millan Vicente Queijo Cheddar 100% Natural Laranja Biológico embalagem 200 g,Millan Vicente,,"3,89 €","(19,45 € / Kg)",
Nestlé Fitness Barras Fitness Delice Chocolate e Avelã embalagem 135 g,Nestlé Fitness,,"3,59 €","(26,59 € / Kg)",
Parodontax Escova de Dentes Expert Clean Suave embalagem 1 unidade,Parodontax,,"5,59 €","(5,59 € / Unidade)",
Eric Kayser Folhado de Chocolate,Eric Kayser,,"1,95 €","(1,95 € / Unidade)",
Diplomata Crackers de Alho e Oregãs embalagem 125 g,Diplomata,,"2,99 €","(23,92 € / Kg)",
Platino Espumante Moscatel Rosé Doce garrafa 75 cl,Platino,,"3,49 €","(4,65 € / Litro)",
Porto Muiños Alga Desidratada Dulse embalagem 50 g,Porto Muiños,,"4,69 €","(93,80 € / Kg)",
Jean Louis David Polidor de Unhas embalagem 1 unidade,Jean Louis David,,"2,83 €","(2,83 € / Unidade)",
Kilom Miúdos de Frango Peso Aproximado por cuvete 400 g,Kilom,,"1,80 €","(4,49 € / Kg)",
Sanex Men Zero% Desodorizante Pele Normal Spray embalagem 200 ml,Sanex Men Zero%,,"4,49 €","(22,45 € / Litro)",
Don Algodon Colónia Feminina embalagem 100 ml,Don Algodon,,"13,99 €","(139,90 € / Litro)",
Corine de Farme Água Desmaquilhante para Peles Secas ou Sensíveis embalagem 500 ml,Corine de Farme,,"6,29 €","(12,58 € / Litro)",
Kinder Délice Snack de Chocolate e Cacau 10 Unidades embalagem 390 g,Kinder Délice,,"4,99 €","(12,79 € / Kg)",
Queijaria das Romãs Queijo Fresco de Ovelha Pack 2 embalagem 400 g,Queijaria das Romãs,,"5,25 €","(13,12 € / Kg)",
Blédina Frutapura Ameixa e Maçã a Partir dos 6 Meses Pack 4 embalagem 95 g,Blédina Frutapura,,"2,79 €","(29,37 € / Kg)",
Quinta do Monte D'Oiro Vinho Branco de Lisboa garrafa 75 cl,Quinta do Monte D'Oiro,,"9,90 €","(13,20 € / Litro)",
Regina Chocolate de Leite com Amêndoas Caramelizadas e Sal sem Glúten embalagem 200 g,Regina,,"3,95 €","(19,75 € / Kg)",
Chicco Fraldas Airy Ultra Fit&dry T2 embalagem 50 unidades,Chicco,,"16,99 €","(0,34 € / Unidade)",
Asian Home Gourmet Pasta Especiaria para Sopa Pho Noodle Soup embalagem 50 g,Asian Home Gourmet,,"2,45 €",(49 € / Kg),
Nutrégi Iogurte com Pedaços de Frutos Vermelhos sem Lactose Pack 4 embalagem 120 g,Nutrégi,,"2,89 €","(4,81 € / Kg)","2,89 €"
Sunbites Snack de Multicereais com Sabor a Queijo e Cebola Caramelizada embalagem 95 g,Sunbites,,"1,89 €","(19,89 € / Kg)",
Pescanova Choco Limpo 10/30 Unidades embalagem 500 g,Pescanova,,"9,29 €","(18,58 € / Kg)",
"Gullón Tortitas Aveia e Arroz Vitalday Cobertas de Iogurte e Framboesa sem Glúten Pack 4 embalagem 112,8 g",Gullón,,"2,55 €","(22,61 € / Kg)",
Quinta da Alorna Vinho Branco do Tejo Sauvignon Blanc garrafa 75 cl,Quinta da Alorna,,"6,49 €","(8,65 € / Litro)",
Maybelline Matte Ink Batom Nº 95 Visionary embalagem 1 unidade,Maybelline Matte Ink,,"10,49 €","(10,49 € / Unidade)",
Seusabor Pão de Queijo embalagem 300 g,Seusabor,,"3,49 €","(11,63 € / Kg)",
Scottex Toalhitas Spa Sensation embalagem 66 unidades,Scottex,,"2,24 €","(0,03 € / Unidade)",
El Corte Inglés Molho Mexicano sem Glúten frasco 315 g,El Corte Inglés,,"1,99 €","(6,32 € / Kg)",
Secos da Aldeia Miolo de Amêndoa sem Pele Torrada embalagem 100 g,Secos da Aldeia,,"2,19 €","(21,90 € / Kg)",
Benlian Barritas de Arroz com Chocolate Branco e Coco 70% sem Glúten Pack 5 embalagem 90 g,Benlian,,"1,99 €","(22,11 € / Kg)",
Dr.Organic Sabonete de Aloe Vera Biológico embalagem 100 g,Dr.Organic,,"4,19 €","(41,90 € / Kg)",
Finish Ultimate All in One Limão embalagem 45,Finish,,"24,99 €","(0,56 € / Unidade)",
Magnum Mini Gelados de Chocolate 70% Preto Intenso Pack 6 embalagem 330 ml,Magnum,,"5,99 €","(18,15 € / Litro)",
Janeiro Cachaça garrafa 70 cl,Janeiro,,"15,99 €","(22,84 € / Litro)",
Yopro Iogurte Sólido Proteína sabor Baunilha embalagem 160 g,Yopro,,"1,39 €","(8,69 € / Kg)",
Fapil Espanador para Vassoura 1 unidade,Fapil,,"2,85 €","(2,85 € / Unidade)",
Espiga Farinha de Trigo Tipo 55 sem Fermento embalagem 1 kg,Espiga,,"1,98 €","(1,98 € / Kg)",
Dodot Fraldas Bébe Seco Tamanho 6 embalagem 28,Dodot,,"9,99 €","(0,36 € / Unidade)",
La Closerie de Malescase Vinho Tinto Francês garrafa 75 cl,La Closerie de Malescase,,"17,90 €","(23,87 € / Litro)",
Lindt Chocolate de Leite com Recheio de Licor Kirsch embalagem 100 g,Lindt,,"3,49 €","(34,90 € / Kg)",
Halls Energy Rebuçados de Ice Tea sem Açúcar embalagem 32 g,Halls Energy,,"1,09 €","(34,06 € / Kg)",
Escasso Vindo do Douro Vinhas Velhas garrafa 75 cl,Escasso,,"7,25 €","(9,67 € / Litro)",
Kiwi Gold peso aproximado por embalagem 600 g,,,"4,89 €","(8,15 € / Kg)",
Integralia Colágeno Plus embalagem 120 comprimidos,Integralia,,"11,90 €","(0,10 € / Unidade)",
Pacheca Vinho do Porto 10 Anos garrafa 75 cl,Pacheca,,"21,50 €","(28,67 € / Litro)",
Sabores com Tradição Beijinhos de Pombal embalagem 90 g,Sabores com Tradição,,"3,15 €",(35 € / Kg),
Lebanon Gardens Sobremesa de Sésamo embalagem 200 g,Lebanon Gardens,,"3,15 €","(15,75 € / Kg)",
Lusa Monte Azeitonas Pretas em Rodelas frasco 360 g,Lusa Monte,,"1,99 €","(5,53 € / Kg)",
Veja de Tordin Queijo de Espanha Cabrales DOP,Veja de Tordin,,"32,99 €","(32,99 € / Kg)",
"Letra Cerveja Artesanal ""D"" Red Ale garrafa 33 cl",Letra,,"2,69 €","(8,15 € / Litro)",
Puro Vinho Tinto do Douro garrafa 75 cl,Puro,,"16,99 €","(22,65 € / Litro)",
El Corte Inglés Selection Mel de Flores de Espanha frasco 500 g,El Corte Inglés Selection,,"3,29 €","(6,58 € / Kg)",
El Corte Inglés Croquetes de Cozido embalagem 500 g,El Corte Inglés,,"3,49 €","(6,98 € / Kg)",
Lactiser Queijo de Ovelha Curado Seco Picante unidade 475 g,Lactiser,,"11,99 €","(25,24 € / Kg)",
Ferrero Raffaello Chocolate de Leite Branco tablete 90 g,Ferrero Raffaello,,"2,59 €","(28,78 € / Kg)",
Babaria Mousse Limpeza Rosa Mosqueta embalagem 150 ml,Babaria,,"5,99 €","(39,93 € / Litro)",
Bimbo Pão de Forma Integral embalagem 480 g,Bimbo,,"1,45 €","(3,02 € / Kg)",
Serra da Malcata Mel de Rosmaninho Lacre frasco 500 g,Serra da Malcata,,"7,65 €","(15,30 € / Kg)",
El Cantero de Letur Iogurte Grego Natural de Vaca com Leite Biológico Pack 2 embalagem 125 g,El Cantero de Letur,,"2,15 €","(7,96 € / Kg)","2,15 €"
Sumol Refrigerante de Laranjas do Algarve com Gás lata 33 cl,Sumol,,"0,79 €","(0,19 € / Litro)",
Maredsous Cerveja da Bélgica 10 Triple garrafa 33 cl,Maredsous,,"3,99 €","(12,09 € / Litro)",
Eru Queijo Creme Queru com Presunto embalagem 100 g,Eru,,"1,65 €","(16,50 € / Kg)",
De Marchi Gelado de Açaí Sport com Morango e Guaraná embalagem 205 g,De Marchi,,"3,29 €","(16,05 € / Kg)",
Aperol Aperitivo garrafa 70 cl,Aperol,,"15,99 €","(22,84 € / Litro)",
Milaneza Macarronete Grande Cortado embalagem 500 g,Milaneza,,"1,75 €","(3,50 € / Kg)",
Vileda Pano Microfibras 100% Reciclado embalagem 3 unidades,Vileda,,"3,99 €","(1,33 € / Unidade)",
El Corte Inglés Caldo Líquido de Frango embalagem 1 L,El Corte Inglés,,"1,15 €","(1,15 € / Litro)",
Parmalat Natas 0% Lactose embalagem 200 ml,Parmalat,,"1,32 €","(0,66 € / 10 ml.)",
Pocket Coffee Gelado Pack 4 unidades embalagem 200 ml,Pocket Coffee,,"4,85 €","(24,25 € / Litro)",
Lindt Bombom Lindor Morango e Nata embalagem 3 kg,Lindt,,111 €,(37 € / Kg),
Offley Vinho do Porto Clink Branco e Água Tónica lata 25 cl,Offley,,"2,99 €","(11,96 € / Litro)",
Elpozo Mortadela com Azeitonas embalagem 300 g,Elpozo,,"2,29 €","(7,63 € / Kg)",
Gillette Skinguard Sensitive Máquina de Barbear + Recarga embalagem 2 unidades,Gillette Skinguard Sensitive,,"13,99 €","(13,99 € / Unidade)",
Naturefoods Tostas Integrais de 3 Sementes Biológicas embalagem 200 g,Naturefoods,,"3,39 €","(16,95 € / Kg)",
Fever-Tree Ginger Ale Pack 4 garrafa 20 cl,Fever-Tree,,"4,75 €","(5,94 € / Litro)",
Dettol Sabonete Líquido para as Mãos de Lavanda Recarga embalagem 250 ml,Dettol,,"3,19 €","(12,76 € / Litro)",
Leffe Cerveja da Bélgica Blonde garrafa 33 cl,Leffe,,"2,45 €","(7,42 € / Litro)",
Brasfrut Polpa de Açai Médio Congelada embalagem 100 g,Brasfrut,,"1,49 €","(14,90 € / Kg)",
Milaneza Massa Casarecce Molde de Bronze embalagem 500 g,Milaneza,,"1,85 €","(3,70 € / Kg)",
Magic Retouch Spray Retoca Raízes Castanho embalagem 150 ml,Magic Retouch,,"14,99 €","(99,93 € / Litro)",
Bio Origens Cordon Bleu Vegetariano Biológico embalagem 200 g,Bio Origens,,"6,89 €","(34,45 € / Kg)",
Bom Petisco Atum com Caril lata 120 g,Bom Petisco,,"2,09 €","(17,42 € / Kg)",
Danone Oikos Iogurte Grego Natural embalagem 900 g,Danone Oikos,,"4,99 €","(4,43 € / Kg)","4,99 €"
"El Corte Inglés Pedaços de Potas ""Al Ajilho"" lata 67 g",El Corte Inglés,,"1,69 €","(15,23 € / Kg)",
Blédina Papa de Arroz +4 Meses sem Glúten e sem Açúcar Não Láctea embalagem 200 g,Blédina,,"2,26 €","(8,45 € / Kg)","2,26 €"
El Corte Inglés Sacos do Lixo Amarelo 55x60 cm 30 L embalagem 30 unidades,El Corte Inglés,,"1,40 €","(0,05 € / Unidade)",
Hansaplast Pensos Elastic Extra Flexível embalagem 20 unidades,Hansaplast,,"2,55 €","(0,13 € / Unidade)",
Neolar Maxi Molas de Plástico Cores Variadas embalagem 50 unidades,Neolar,,"2,49 €","(0,05 € / Unidade)",
Cillit Bang Limpeza Poderosa Manchas & Sanita embalagem 750 ml,Cillit Bang,,"4,49 €","(5,99 € / Litro)",
Ritter Sport Chocolate de Leite com Passas e Avelãs embalagem 100 g,Ritter Sport,,"2,29 €","(22,90 € / Kg)",
Renova Toalhetes Refrescantes de Limão embalagem 20 unidades,Renova,,"2,32 €","(0,07 € / Unidade)","2,32 €"
Axe Cera Fixadora embalagem 75 ml,Axe,,"3,59 €","(47,87 € / Litro)",
Innerme Barra Energética Baunilha Bio embalagem 40 g,Innerme,,"2,89 €","(72,25 € / Kg)",
Lipton Infusão de Camomila embalagem 50 g,Lipton,,"3,69 €","(73,80 € / Kg)",
Cem Porcento Xarope de Agave Biológico embalagem 370 g,Cem Porcento,,"4,49 €","(12,14 € / Kg)",
Yutaka Algas Secas Wakame embalagem 40 g,Yutaka,,"4,45 €","(111,25 € / Kg)",
Lindahls Pudding Chocolate Proteico embalagem 150 g,Lindahls,,"1,99 €","(9,93 € / Kg)","1,99 €"
Colgate Sensation Pasta de Dentes Branqueadora embalagem 75 ml,Colgate Sensation,,"3,09 €","(41,20 € / Litro)",
Body Natur Bandas de Cera Depilatória para Rosto embalagem 12 unidades,Body Natur,,"3,75 €","(0,31 € / Unidade)",
"Coca-Cola Refrigerante com Gás Zero Açúcar Pack 2 garrafa 1,75 L",Coca-Cola,,"3,35 €","(0,96 € / Litro)",
Aliada Presunto Serrano Reserva em Fatias Finas unidade 120 g,Aliada,,"2,99 €","(24,92 € / Kg)",
Picatostes Croutons Natural embalagem 75 g,Picatostes,,"1,39 €","(18,53 € / Kg)",
Condi Amido de Milho embalagem 150 g,Condi,,"1,24 €","(8,27 € / Kg)",
Diadermine Creme Hidratante Protector de Dia para Pele Seca a Sensível embalagem 50 ml,Diadermine,,"9,99 €","(199,80 € / Litro)",
"Jubileu Selection Amêndoas, Cereal e Nougat Cobertas com Chocolate lata 200 g",Jubileu Selection,,"8,29 €","(41,45 € / Kg)",
Brasil Pithaya Vermelha Cuvete ao peso 700 g,Brasil,,"10,49 €","(14,99 € / Kg)",
El Corte Inglés Selection Gressinos de Água e Sal em Azeite Virgem Extra embalagem 180 g,El Corte Inglés Selection,,"1,79 €","(9,94 € / Kg)",
Bliss Out Manteiga de Amendoim 100% Biológica frasco 225 g,Bliss Out,,"5,75 €","(25,56 € / Kg)",
Hellmann's Molho César para Salada garrafa 210 ml,Hellmann's,,"2,59 €","(12,33 € / Litro)",
Bom Petisco Atum Posta ao Natural lata 120 g,Bom Petisco,,"1,89 €","(15,75 € / Kg)",
Quinta D' Avó Vinha D' Alho frasco 200 g,Quinta D' Avó,,"1,75 €","(8,75 € / Kg)",
Jean Louis David Apara Lápis Cosmético embalagem 1 unidade,Jean Louis David,,"4,99 €","(4,99 € / Unidade)",
Eric Kayser Pão de Curcuma unidade 300 g,,,"4,40 €","(14,67 € / Kg)",
Compal Sumo 100% Multifrutas embalagem L,Compal,,"1,35 €","(1,35 € / Litro)",
Cataliment Pérolas de Trufa Melanosporum frasco 50 g,Cataliment,,"10,99 €","(219,80 € / Kg)",
Belfine Chupa Chupa de Chocolate Boneco de Neve embalagem 35 g,Belfine,,"2,29 €","(65,43 € / Kg)",
"Sagres Radler Cerveja sem Álcool 0,0% lata 33 cl",Sagres Radler,,"0,69 €","(2,09 € / Litro)",
Seeberger Mistura de Cajus e Arandos embalagem 150 g,Seeberger,,"4,49 €","(29,93 € / Kg)",
Vit Hit Sumo Lean e Green Apple+Elderflower Maté Tea+L-Carnitine garrafa 50 cl,Vit Hit,,"2,24 €","(4,48 € / Litro)",
Tostagrill Tostas de Trigo com Centeio e Sementes embalagem 225 g,Tostagrill,,"1,89 €","(8,40 € / Kg)",
Bicafé Biodegradável Café Gourmet Intensidade 9 para Nespresso embalagem 10 cápsulas,Bicafé Biodegradável,,"2,49 €","(0,25 € / Unidade)",
Veckia Escova de Dentes Próteses Dura embalagem 1 unidade,Veckia,,"2,15 €","(2,15 € / Unidade)",
Nivea Q10 Multi Power Óleo Refirmante + Anti-Estrias para Todos os Tipos de Pele embalagem 100 ml,Nivea Q10 Multi Power,,"6,49 €","(64,90 € / Litro)",
Sharish Gin Edição Limitada Pêra Rocha garrafa 50 cl,Sharish,,"39,99 €","(79,98 € / Litro)",
Pé de Moleque Tradicional embalagem 170 g,,,"3,29 €","(19,35 € / Kg)",
Président Queijo Fresco sem Lactose Pack 4 embalagem 250 g,Président,,"2,09 €","(8,36 € / Kg)",
"Landana Queijo Gouda de Cabra com Noz e Figo Peso Aproximado por unidade 4,5 kg",Landana,,"26,99 €/kg",,
La Guillotine Cerveja da Bélgica garrafa 33 cl,La Guillotine,,"4,39 €","(13,30 € / Litro)",
Nicola Chá Verde Marrakech para Nespresso embalagem 10 cápsulas,Nicola,,"1,99 €","(0,20 € / Unidade)",
El Almendro Torrão Crocante com Laranja embalagem 75 g,El Almendro,,"2,19 €","(29,20 € / Kg)",
El Corte Inglés Selection Peito de Peru sem Glúten,El Corte Inglés Selection,,"11,95 €/kg",,
Iglo Green Cuisine Falafel Grão de Bico e Especiarias 26 Unidades Vegan embalagem 450 g,Iglo Green Cuisine,,"6,79 €","(15,09 € / Kg)",
Carm Vinho Branco do Douro Reserva garrafa 75 cl,Carm,,"16,49 €","(21,99 € / Litro)",
Bandeja de Churrasco Pequeno peso aproximado por cuvete 1 kg,,,"8,50 €/kg",,
Chicco Sensitive Amaciador para a Máquina da Roupa de Bebé 0 M+ Concentrado de Baunilha embalagem 750 ml,Chicco Sensitive,,"4,99 €","(6,65 € / Litro)",
Condi Preparado para Gelatina de Maçã embalagem 170 g,Condi,,"1,75 €","(10,29 € / Kg)",
Royal Gelatina de Maracujá embalagem 114 g,Royal,,"1,99 €","(17,46 € / Kg)",
Nivea Men Sensitive Bálsamo After Shave Cool embalagem 100 ml,Nivea Men Sensitive,,"8,49 €","(84,90 € / Litro)",
Nestlé Nesquik Petit Suisse de Chocolate Pack 6 embalagem 60 g,Nestlé Nesquik,,"3,25 €","(7,19 € / Kg)","3,25 €"
Glint Iogurte com Pedaços de Cereja Pack 2 frasco 125 g,Glint,,"1,99 €","(15,92 € / Kg)",
Wunda Bebida Vegetal de Chocolate embalagem 230 ml,Wunda,,"0,88 €","(3,83 € / Litro)",
Ferrarini Coppa em Fatias embalagem 90 g,Ferrarini,,"4,59 €",(51 € / Kg),
Kaiku Iogurte Líquido Kaikucol Natural Pack 8 embalagem 65 g,Kaiku,,"3,99 €","(7,67 € / Kg)",
El Corte Inglés Cogumelos Laminados lata 185 g,El Corte Inglés,,"1,19 €","(6,43 € / Kg)",
Guaraná Brasil Refrigerante com Gás lata 33 cl,Guaraná Brasil,,"0,55 €","(1,67 € / Litro)",
Terra a Terra Vinho Tinto do Douro Reserva garrafa 75 cl,Terra a Terra,,"11,69 €","(15,59 € / Litro)",
El Caserio Caramelos de Pinhão embalagem 200 g,El Caserio,,"4,09 €","(20,45 € / Kg)",
Babaria Cera Moldeadora Mate embalagem 100 ml,Babaria,,"3,99 €","(39,90 € / Litro)",
Mini Babybel Queijo Light 6 Porções embalagem 120 g,Mini Babybel,,"2,39 €","(16,58 € / Kg)","2,39 €"
Ferrero Rocher Bombons Pack 16 embalagem 200 g,Ferrero Rocher,,"5,49 €","(27,45 € / Kg)",
Sr. Pastel Mini Pastel de Chaves 12 Unidades embalagem 30 g,Sr. Pastel,,"6,49 €","(18,03 € / Kg)",
Ta-Tung Tallarines Al Wok embalagem 00300 g,Ta-Tung,,"4,15 €","(13,83 € / Kg)",
Vileda Pano Suave Ultra Fresh Antibactérias +30% Microfibras embalagem 2 unidades,Vileda,,"2,65 €","(20,38 € / Litro)",
Syoss Champô de Hidratação para Cabelo Normal a Seco embalagem 440 ml,Syoss,,"6,99 €","(15,89 € / Litro)",
Sonasol Desinfectante Multiusos sem Lixívia Spray embalagem 500 ml,Sonasol,,"3,99 €","(7,98 € / Litro)",
Tetley Superfruits Infusão de Mirtilo e Açai embalagem 20 unidades,Tetley Superfruits,,"2,89 €","(0,14 € / Unidade)",
O Gelado Gelado com Pedaços de Tarte de Amêndoa e Caramelo Salgado embalagem 460 ml,O Gelado,,"7,19 €","(15,63 € / Litro)",
Santa Teresa Sopa Creme de Ervilhas embalagem 400 ml,Santa Teresa,,"3,49 €","(8,72 € / Litro)",
Nestlé Tablete de Chocolate de Leite com Amêndoas Extrafino sem Glúten embalagem 123 g,Nestlé,,"1,89 €","(15,37 € / Kg)",
Fortunna Naturally Unique Tornedó Novilho Maturada 21 Dias kg,Fortunna Naturally Unique,,"18,29 €","(30,49 € / Kg)",
El Corte Inglés Selection Fiambre da Perna Extra em Fatias Finas embalagem 150 g,El Corte Inglés Selection,,"2,95 €","(19,67 € / Kg)",
Skip Active Clean Detergente para a Roupa Líquido Nódoas Difícies embalagem 100 doses,Skip Active Clean,,"19,99 €","(0,20 € / Dose)",
Oreo Bolachas com Recheio Caramelo e Baunilha Remix embalagem 157 g,Oreo,,"1,49 €","(9,49 € / Kg)",
Cem Porcento Palmiers Integrais Rico em Fibras embalagem 115 g,Cem Porcento,,"1,59 €","(13,83 € / Kg)",
Pescanova Peskitos de Pescada Panada 25 Unidades embalagem 1 kg,Pescanova,,"7,89 €","(7,89 € / Kg)",
Giovanni Rana Molho de Queijos Italianos embalagem 180 g,Giovanni Rana,,"2,49 €","(13,83 € / Kg)",
Schwarzkopf Root Retoucher Spray Retoca Raízes Castanho embalagem 120 ml,Schwarzkopf Root Retoucher,,"12,39 €","(103,25 € / Litro)",
Ramirez Atum em Óleo Posta lata 385 g,Ramirez,,"4,79 €","(12,44 € / Kg)",
Quintal dos Açores Doce de Capucho frasco 250 g,Quintal dos Açores,,"4,99 €","(19,96 € / Kg)",
Knorr Caldo de Galinha sem Sal Pack 8 embalagem 72 g,Knorr,,"2,30 €","(31,94 € / Kg)",
"Polvo Peso Aproximado por unidade 1,5 kg",,,"12,99 €/kg",,
El Corte Inglés Selection Roscas de Vinho embalagem 300 g,El Corte Inglés Selection,,"2,99 €","(9,97 € / Kg)",
Filete de Peixe de Espada Preto Peso Aproximado unidade 250 g,,,"19,99 €/kg",,
Santiveri Caldo de Vegetais Biológico embalagem 110 g,Santiveri,,"3,99 €","(36,27 € / Kg)",
El Corte Inglés Selection Pontas de Espargos Brancas Extra Grossas frasco 110 g,El Corte Inglés Selection,,6 €,"(54,55 € / Kg)",
Haute Fromagerie Queijo Bleaufondant unidade 125 g,Haute Fromagerie,,"6,99 €","(55,92 € / Kg)",
Magabel Chá Vermelho embalagem 10 unidades,Magabel,,"1,25 €","(0,12 € / Unidade)",
Skip Oxigénio Bioativo Tira-Nódoas para Roupa de Cor embalagem 1 kg,Skip Oxigénio Bioativo,,"12,99 €","(12,99 € / Kg)",
Pato Gel Sanitário Extra Power Fresh embalagem 750 ml,Pato,,"3,39 €","(4,52 € / Litro)",
Garnier Olia Bold Coloração Permanente Nº 7.40 Acobreado embalagem 1 unidade,Garnier Olia Bold,,"11,99 €","(11,99 € / Unidade)",
Pato Real Minuto Arroz Integral embalagem 250 g,Pato Real Minuto,,"3,29 €","(13,16 € / Kg)",
Pantene Miracles Champô Crescimento com Força Bambu embalagem 225 ml,Pantene Miracles,,"5,99 €","(26,62 € / Litro)",
Lagosta Vinho Verde Rosé Ice garrafa 75 cl,Lagosta,,"6,39 €","(8,52 € / Litro)",
Riso Gallo Arroz Vermelho Integral embalagem 500 g,Riso Gallo,,"4,05 €","(8,10 € / Kg)",
El Corte Inglés Queijo Curado em Fatias embalagem 240 g,El Corte Inglés,,"3,69 €","(15,38 € / Kg)",
El Corte Inglés Selection Tortas de Azeite 180 g,El Corte Inglés Selection,,"2,05 €","(11,39 € / Kg)",
Ambre Solaire Toalhita Autobronzeadora Rosto e Corpo embalagem 1 unidade,Ambre Solaire,,"2,49 €","(2,49 € / Unidade)",
Vasco da Gama Atum em Óleo Vegetal Posta lata 120 g,Vasco da Gama,,"1,49 €","(12,42 € / Kg)",
Oroweat Pão Integral com Quinoa Biológico embalagem 400 g,Oroweat,,"3,25 €","(8,12 € / Kg)",
Dodot Activity Fraldas 10 a 15 kg Tamanho 4 Extra embalagem 52 unidades,Dodot Activity,,"20,49 €","(0,39 € / Unidade)",
Plomari Aguardente Ouzo garrafa 70 cl,Plomari,,"14,95 €","(21,36 € / Litro)",
Haagen-Dazs Gelado de Chocolate com Caramelo Salgado embalagem 460 ml,Haagen-Dazs,,"6,79 €","(14,76 € / Litro)",
Anselmo Mendes Vinho Tinto Verde Vinhão garrafa 75 cl,Anselmo Mendes,,"6,15 €","(8,20 € / Litro)",
Tomatin Whisky 12 Anos garrafa 70 cl,Tomatin,,"42,90 €","(61,29 € / Litro)",
Ausonia Pensos Higiénicos Maxi Noite Dicreet embalagem 12,Ausonia,,"7,99 €","(0,67 € / Unidade)",
Gullón Bolachas Crocantes de Aveia Vitalday Cobertas com Chocolate de Leite embalagem 300 g,Gullón,,"3,25 €","(10,83 € / Kg)",
Alvalle Gaspacho Gourmet com Amêndoas embalagem 1 L,Alvalle,,"4,75 €","(4,75 € / Litro)",
Wilkinson Sword Intuition Naturals Máquina Depilatória Sensitive Care embalagem 1 unidade,Wilkinson Sword Intuition Naturals,,"9,35 €","(9,35 € / Unidade)",
Codyfer Atacador Preto 120 cm 1 unidade,Codyfer,,"2,35 €","(2,35 € / Unidade)",
Antonio Banderas Power of Seduction Desodorizante Spray embalagem 150 ml,Antonio Banderas Power of Seduction,,"7,95 €",(53 € / Litro),
La Rose Sardinhas em Azeite de Oliveira lata 120 g,La Rose,,"2,39 €","(19,92 € / Kg)",
Cabo de Peñas Petinga em Azeite Virgem Extra Biológica embalagem 85 g,Cabo de Peñas,,"2,39 €","(28,12 € / Kg)",
Fructis Pure Non Stop Champô Água de Coco para Cabelos com Raízes Oleosas e Pontas Secas embalagem 400 ml,Fructis Pure Non Stop,,"5,99 €","(14,98 € / Litro)",
Nicola Café Moído Lote Bocage Cremoso embalagem 250 g,Nicola,,"3,15 €","(12,60 € / Kg)",
Margão Pimentão Doce frasco 40 g,Margão,,"1,59 €","(39,75 € / Kg)",
Hards VR Vinho Tinto Autrália Merlot garrafa 00075 cl,Hards VR,,"7,99 €","(10,65 € / Litro)",
Próvida Empada de Algas Biológica embalagem 100 g,Próvida,,"1,75 €","(17,50 € / Kg)",
Aphros Vinho Verde Branco Loureiro garrafa 75 cl,Aphros,,"10,95 €","(14,60 € / Litro)",
P & H Bandejas 22x28 cm e Naperon 26x32 cm embalagem 5 unidades,P & H,,"2,95 €","(0,59 € / Unidade)",
Ideal Tinge Roupa Preto 1 unidade,Ideal,,"4,99 €","(0,05 € / Unidade)",
Lindt Chocolate de Leite sem Açúcares Adicionados sem Glúten embalagem 100 g,Lindt,,"4,99 €","(49,90 € / Kg)",
J.Blanc Gordura de Pato frasco 320 g,J.Blanc,,"7,75 €","(24,22 € / Kg)",
Château Andriet Vinho Tinto de França Bordeaux garrafa 75 cl,Château Andriet,,"10,45 €","(13,93 € / Litro)",
Scottex Junior Toalhitas Infantis embalagem 76 unidades,Scottex Junior,,"2,99 €","(0,04 € / Unidade)",
Veckia Sabonete Líquido para as Mãos Amêndoas e Mel embalagem 500 ml,Veckia,,"1,35 €","(0,27 € / 10 ml.)",
"Sonasol Brilhante Detergente para Pavimentos de Madeira embalagem 1,1 L",Sonasol Brilhante,,"3,99 €","(3,63 € / Litro)",
"Latbri Queijo Taleggio DOP Peso Aproximado por unidade 2,4 kg",Latbri,,"22,99 €/kg",,
Vitacress Espinafre Biológico embalagem 150 g,Vitacress,,"2,49 €","(16,60 € / Kg)",
Gravuras do Côa Vinho Tinto do Douro DOC garrafa 75 cl,Gravuras do Côa,,"4,99 €","(6,65 € / Litro)",
Le Gruyére Queijo,Le Gruyére,,"34,75 €/kg",,
El Corte Inglés Selection Coxas de Frango do Campo Peso Aproximado por 650 g,El Corte Inglés Selection,,"5,39 €","(8,29 € / Kg)",
Alpro Creme para Barrar embalagem 225 g,Alpro,,"1,89 €","(8,40 € / Kg)",
Corine de Farme Creme Muda de Fralda embalagem 100 ml,Corine de Farme,,"4,99 €","(49,90 € / Litro)",
Dez Prá Uma Salsichas com Couve para 2 pessoas embalagem 500 g,Dez Prá Uma,,12 €,(24 € / Kg),
Messias Vinho Tinto da Bairrada Tradição Baga garrafa 75 cl,Messias,,"10,95 €","(14,60 € / Litro)",
El Corte Inglés Madalenas Quadradas Recheadas com Cacau 8 Unidades embalagem 336 g,El Corte Inglés,,"1,79 €","(5,33 € / Kg)",
Spontex Frotaspon Esfregão Fibra com Esponja Super Absorvente 2 unidades,Spontex Frotaspon,,"3,49 €","(3,49 € / Unidade)",
Nescafé Gold Cappuccino embalagem 250 g,Nescafé Gold,,"6,39 €","(25,56 € / Kg)",
Sôttal Vinho Branco da Estremadura garrafa 75 cl,Sôttal,,"3,95 €","(5,27 € / Litro)",
Twinings Chá Infusão Superblend Focus embalagem 18 unidades,Twinings,,"3,19 €","(0,18 € / Unidade)",
Tomate Chucha ao peso 1 kg,,,"2,29 €/kg",,
Mr Muscle Desentupidor de Canos embalagem 1 L,Mr Muscle,,"11,99 €","(6,99 € / Litro)","11,99 €"
Saitaku Pasta Miso Shiro Vegan sem Glúten embalagem 300 g,Saitaku,,"6,40 €","(21,33 € / Kg)",
Chamois D' Or Queijo da Suiça Suave unidade 200 g,Chamois D' Or,,"6,79 €","(33,95 € / Kg)",
Bonne Maman Bolachas Sablés des Prés com Sementes e Cereais embalagem 150 g,Bonne Maman,,"2,49 €","(16,60 € / Kg)",
Special Line El Corte Inglés Infusão Pernas Cansadas embalagem 25 unidades,Special Line El Corte Inglés,,"2,37 €","(94,80 € / Kg)",
Condi Light Gelatina de Morango 0% Açúcar embalagem 30 g,Condi Light,,"1,85 €","(61,67 € / Kg)",
Porto Muiños Alga Desidratada Musgo de Irlanda embalagem 50 g,Porto Muiños,,"4,49 €","(89,80 € / Kg)",
"Saloio Queijo Vaca, Ovelha e Cabra Curado Três Igrejas",Saloio,,"14,99 €/kg",,
Cem Porcento Biscoitos Integrais de Canela embalagem 200 g,Cem Porcento,,"2,99 €","(14,95 € / Kg)",
Garofalo Massa Casarecce sem Glúten embalagem 400 g,Garofalo,,"2,99 €","(7,48 € / Kg)",
Président Crème Fraiche embalagem 200 ml,Président,,"1,79 €","(8,95 € / Litro)",
Cem Porcento Bolachas Marinheiras de Aveia Vegan embalagem 200 g,Cem Porcento,,"2,89 €","(14,45 € / Kg)",
Shakira Colónia Feminina embalagem 80 ml,Shakira,,"24,99 €","(312,38 € / Litro)",
Paladar Pronto Creme de Abóbora com Gengibre sem Batata embalagem 400 g,Paladar Pronto,,"2,29 €","(5,72 € / Kg)",
Bonito dos Açores Atum Posta em Óleo lata 120 g,Bonito dos Açores,,"1,45 €","(12,08 € / Kg)",
Loua Máscara Facial Anti-Idade embalagem 1 unidade,Loua,,"4,09 €","(4,09 € / Unidade)",
Nature Valley Barritas de Manteiga de Amendoim embalagem 210 g,Nature Valley,,"2,99 €","(14,24 € / Kg)",
El Corte Inglés Mini Gelados Sortidos sem Glúten Pack 9 embalagem 450 ml,El Corte Inglés,,"2,19 €","(4,87 € / Litro)",
El Corte Inglés Selection Torrão de Praliné de Nata e Morango embalagem 250 g,El Corte Inglés Selection,,"5,45 €","(27,25 € / Kg)",
Renova Papel Higiénico Fuchsia embalagem 2 unidades,Renova,,"3,38 €","(1,69 € / Unidade)",
Nova Açores Leite de Pastagem Meio Gordo embalagem 1 L,Nova Açores,,"0,89 €","(0,89 € / Litro)",
Amarguinha Licor de Amêndoa Amarga garrafa 70 cl,Amarguinha,,"10,99 €","(15,70 € / Litro)",
Babaria Leite para o Corpo Vitamina E+ embalagem 500 ml,Babaria,,"4,09 €","(5,98 € / Litro)","4,09 €"
From Heaven Chocolate Preto Peru 80% Biológico embalagem 100 g,From Heaven,,"3,29 €","(32,90 € / Kg)",
Kellogg's Cereais de Chocolate Extra Bio embalagem 375 g,Kellogg's,,"4,99 €","(13,31 € / Kg)",
Nesquik Achocolatado em Pó embalagem 700 g,Nesquik,,"6,99 €","(9,99 € / Kg)",
Oleander Damascos Biológicos embalagem 250 g,Oleander,,"5,95 €","(23,80 € / Kg)",
Fini Premium Gelato Gelado de Coco com Chocolate frasco 465 ml,Fini Premium Gelato,,"6,70 €","(14,41 € / Litro)",
Caçarola Feijão Preto embalagem 500 g,Caçarola,,"1,95 €","(3,90 € / Kg)",
Avibom Pato Cozido Desfiado embalagem 350 g,Avibom,,"8,49 €","(24,26 € / Kg)",
Tierra de Oro Vinho Tinto de Espanha Rioja Crianza garrafa 75 cl,Tierra de Oro,,"3,49 €","(4,65 € / Litro)",
El Corte Inglés Pizza Carbonara embalagem 430 g,El Corte Inglés,,"2,69 €","(6,26 € / Kg)",
Adega Mãe Vinho Branco de Lisboa Viogner garrafa 75 cl,Adega Mãe,,"9,65 €","(12,87 € / Litro)",
Cabo da Roca Vinho Branco de Bucelas Arinto garrafa 75 cl,Cabo da Roca,,"7,99 €","(10,65 € / Litro)",
Destop Manutenção de Canalizações Perfumado embalagem 1 unidade,Destop,,"7,99 €","(7,99 € / Unidade)",
Sagres Bohemia Cerveja Bock Pack 6 garrafa 33 cl,Sagres Bohemia,,"4,99 €","(2,52 € / Litro)",
Fructis Anti Caspa Champô 2 em 1 para Cabelos Normais embalagem 400 ml,Fructis Anti Caspa,,"5,99 €","(14,98 € / Litro)",
Cimarrom Miolo de Amêndoa com Pele embalagem 150 g,Cimarrom,,"2,55 €",(17 € / Kg),
A Saloinha Batatas Fritas embalagem 200 g,A Saloinha,,"1,75 €","(8,75 € / Kg)",
Scotch Brite Lava Fácil Não Risca recarga 2 unidades,Scotch Brite,,"2,99 €","(1,50 € / Unidade)",
El Corte Inglés Maçapão de Soto embalagem 500 g,El Corte Inglés,,"8,19 €","(16,38 € / Kg)",
Próvida Biscoitos de Coco Biológico embalagem 220 g,Próvida,,"2,99 €","(13,59 € / Kg)",
"Margão Cebolinho frasco 2,5 g",Margão,,"2,39 €",(956 € / Kg),
Vahiné Vela Nº 8 embalagem 1 unidade,Vahiné,,"2,19 €","(2,19 € / Unidade)",
Polvo em Vinagre,,,"54,99 €/kg",,
Hein Paté de Fígado unidade 125 g,Hein,,"2,19 €","(17,52 € / Kg)",
Naturefoods Trio de Barras de Frutos Secos sem Glúten Biológicas embalagem 75 g,Naturefoods,,"2,29 €","(30,53 € / Kg)",
Sprite Refrigerante Lima-Limão com Gás garrafa 1 L,Sprite,,"0,99 €","(0,99 € / Litro)",
Mevgal Iogurte Grego 0% embalagem 150 g,Mevgal,,"1,35 €",(9 € / Kg),
Glendronach Whisky Malte 12 Anos garrafa 70 cl,Glendronach,,49 €,(70 € / Litro),
El Corte Inglés Anti-Calcário para Máquina da Loiça embalagem 750 ml,El Corte Inglés,,"1,99 €","(2,65 € / Litro)",
Vivesoy Bebida de Soja Clássica sem Açúcar embalagem 1 L,Vivesoy,,"2,15 €","(2,15 € / Litro)",
Miss Den Paris Verniz Perle Nº 80 embalagem 10 ml,Miss Den Paris,,"3,49 €",(349 € / Litro),
Lay's Mediterrâneas Batatas Fritas embalagem 220 g,Lay's Mediterrâneas,,"2,79 €","(12,68 € / Kg)",
Drink6 Sumo Energy Shot 100% Natural sem Glúten embalagem 60 ml,Drink6,,"2,19 €","(36,50 € / Litro)",
Compal Feijão Encarnado lata 845 g,Compal,,"1,99 €","(2,36 € / Kg)",
Minhofumeiro Lombo Fumado de Ponte de Lima Peso Aproximado por unidade 200 g,Minhofumeiro,,"6,20 €","(30,99 € / Kg)",
H&S Condicionador Reconstrutor para Cabelos e Couro Cabeludo Secos embalagem 220 ml,H&S,,"4,94 €","(22,45 € / Litro)",
La Piara Paté de Fiambre lata 84 g,La Piara,,"1,75 €","(22,73 € / Kg)",
Terrazza Mediterranean Risotto de Trufa embalagem 175 g,Terrazza Mediterranean,,"3,45 €","(19,71 € / Kg)",
Granja São Francisco Mel Serras de Portugal 100% Português embalagem 500 g,Granja São Francisco,,"5,99 €","(11,98 € / Kg)",
Grisbi Bolachas de Chocolate com Creme de Chocolate sem Glúten embalagem 150 g,Grisbi,,"3,99 €","(26,60 € / Kg)",
Villar Presunto Curado em Fatias unidade 50 g,Villar,,"1,69 €","(33,80 € / Kg)",
Domaine Royal de Jarras Vinho Rosé de França Tête de Cuvée Biológico garrafa 75 cl,Domaine Royal de Jarras,,"11,49 €","(15,32 € / Litro)",
Belsuis Sortido de Bombons Belgas lata 500 g,Belsuis,,"13,55 €","(27,10 € / Kg)",
Dr.Organic Loção para o Corpo com Argão  Biológico embalagem 200 ml,Dr.Organic,,"12,59 €","(62,95 € / Litro)",
Super Bock Cerveja Mini Pack 30 unidades embalagem 20 cl,Super Bock,,"10,99 €","(1,83 € / Litro)",
Casa Milo Folhas de Lasanha Bio embalagem 250 g,Casa Milo,,"2,09 €","(8,36 € / Kg)",
Loacker Bolachas Wafer com Cacau embalagem 175 g,Loacker,,"2,29 €","(13,09 € / Kg)",
Huggies Drynites Cuecas Grandes Menino 8 aos 15 Anos 13 unidades,Huggies Drynites,,"9,09 €","(0,70 € / Unidade)",
Renova Design Rolos de Cozinha XXL 3 unidades,Renova Design,,"4,99 €","(0,83 € / Unidade)","4,99 €"
El Corte Inglés Sementes de Girassol Fritas embalagem 250 g,El Corte Inglés,,"1,59 €","(6,36 € / Kg)",
Guylian Bombons Frutos do Mar Temptation Snow embalagem 135 g,Guylian,,"8,39 €","(62,15 € / Kg)",
Vahiné Vagem de Baunilha 2 Unidades embalagem 6 g,Vahiné,,"6,49 €","(1.081,67 € / Kg)",
Halls Vita-C Rebuçados de Melancia sem Açúcar Pack 4 embalagem 32 g,Halls Vita-C,,"2,99 €","(23,36 € / Kg)",
Marquês de Marialva Vinho Tinto da Bairrada Baga Reserva garrafa 75 cl,Marquês de Marialva,,"7,59 €","(10,12 € / Litro)",
Ox Nature Sementes de Chia Biológica embalagem 125 g,Ox Nature,,"4,79 €","(38,32 € / Kg)",
Campestre Ovos Frescos de Criação Biológica Classe M Biológicos embalagem 6 unidades,Campestre,,"3,49 €","(0,58 € / Unidade)",
Maybelline Dream Radiant Liquid Fond de Teint Líquido Nº21 embalagem 1 unidade,Maybelline Dream Radiant Liquid,,"11,99 €","(11,99 € / Unidade)",
Cantinho das Aromáticas Condimento de Malaguetas Biológico embalagem 20 g,Cantinho das Aromáticas,,"3,15 €","(157,50 € / Kg)",
Nobre Cuida-t + Salsichas de Peru lata 160 g,Nobre Cuida-t +,,"1,89 €","(11,81 € / Kg)",
Arvad Vinho Tinto Regional do Algarve garrafa 75 cl,Arvad,,"7,90 €","(10,53 € / Litro)",
Lu Bolachas Cracker Clássico embalagem 250 g,Lu,,"2,49 €","(9,96 € / Kg)",
El Corte Inglés Feijão Verde Plano Cortado embalagem 1 kg,El Corte Inglés,,"1,99 €","(1,99 € / Kg)",
Soft&Co Creme Hidratante para o Corpo embalagem 500 ml,Soft&Co,,"8,05 €","(16,10 € / Litro)",
Hero Muesly Barras de Cereais com Avelã Pack 6 embalagem 25 g,Hero Muesly,,"2,99 €","(19,93 € / Kg)",
El Corte Inglés Baguetes de Presunto e Queijo 2 Unidades embalagem 250 g,El Corte Inglés,,"2,49 €","(9,96 € / Kg)",
Queijadas da Graciosa embalagem 6 unidades,,,"7,89 €","(1,32 € / Unidade)",
Lombinho de Porco Recheado com Farinheira Peso Aproximado 600 g,,,"11,95 €/kg",,
Glade Ambientador Touch & Fresh Marine embalagem 10 ml,Glade,,"4,49 €",(449 € / Litro),
La Chapelle Gordonne Vinho Rosé de França Côtes de Provence garrafa 75 cl,La Chapelle Gordonne,,"18,49 €","(24,65 € / Litro)",
Nah Eat Water Slim Pasta Fettucine sem Glúten Vegan embalagem 200 g,Nah Eat Water,,"2,89 €","(14,45 € / Kg)",
Veckia Lima para Unhas 2 Caras embalagem 1 unidade,Veckia,,"1,25 €","(1,25 € / Unidade)",
Babaria Sabonete Líquido Íntimo com Aloe Vera embalagem 300 ml,Babaria,,"2,79 €","(9,30 € / Litro)",
Bauli Pandoro de Chocolate Chips embalagem 750 g,Bauli,,"15,99 €","(21,32 € / Kg)",
Izidoro O Merceeiro Salsichas de Aves 5 unidades frasco 250 g,Izidoro O Merceeiro,,"3,22 €","(12,88 € / Kg)",
Cimarrom Caju Cru embalagem 150 g,Cimarrom,,"2,99 €","(19,93 € / Kg)",
Carmencita Infusão para Gin Tónico Floral embalagem 10 unidades,Carmencita,,"4,35 €","(0,43 € / Unidade)",
Hobby Vinho Tinto do Tejo garrafa 75 cl,Hobby,,"8,90 €","(11,87 € / Litro)",
Vileda Papel Vegetal embalagem 8 m,Vileda,,"2,99 €","(0,37 € / Metro)",
Du Bois de La Roche Crackers sem Sal Pack 20 embalagem 500 g,Du Bois de La Roche,,"3,25 €","(6,50 € / Kg)",
Pato Discos Ativos Peach embalagem 36 ml,Pato,,"4,79 €","(66,39 € / Litro)","4,79 €"
Officer Filetes de Arenque Fumados em Óleo embalagem 190 g,Officer,,"2,89 €","(15,21 € / Kg)",
Dove Go Fresh Gel de Banho Chá Verde embalagem 750 ml,Dove Go Fresh,,"4,19 €","(5,59 € / Litro)",
Frutidry Miolo de Amêndoa sem Pele embalagem 200 g,Frutidry,,"3,49 €","(17,45 € / Kg)",
Forma + Batido de Chocolate embalagem 750 g,Forma +,,"15,99 €","(21,32 € / Kg)",
Instituto Espanol Creme para o Corpo Peles Atópicas embalagem 400 ml,Instituto Espanol,,"6,99 €","(17,48 € / Litro)",
Pringles Aperitivos de Pizza embalagem 175 g,Pringles,,"2,99 €","(17,09 € / Kg)",
Almirez Fiambre de Peru kg,Almirez,,"6,99 €/kg",,
Super Bock Stout Cerveja Nacional Preta Pack 6 garrafa 33 cl,Super Bock Stout,,"6,49 €","(3,28 € / Litro)",
S&B Sopa Aka Miso embalagem 30 g,S&B,,"3,95 €","(131,67 € / Kg)",
Compal Vital Equilíbrio Sumo de Laranja e Maracujá embalagem 1 L,Compal Vital Equilíbrio,,"1,69 €","(1,69 € / Litro)",
El Corte Inglés Queijo Fundido em Porções 16 Unidades embalagem 250 g,El Corte Inglés,,"2,09 €","(8,36 € / Kg)",
El Corte Inglés Selection Grão Cozido frasco 400 g,El Corte Inglés Selection,,"0,98 €","(2,45 € / Kg)",
El Almendro Palitos de Torrão embalagem 136 g,El Almendro,,"6,25 €","(45,96 € / Kg)",
Quintal dos Açores Massa de Churrasco frasco 200 g,Quintal dos Açores,,"2,35 €","(11,75 € / Kg)",
Nazaré Caramelos de Frutas embalagem 250 g,Nazaré,,"2,45 €","(9,80 € / Kg)",
El Pozo Mortadela de Peru sem Glúten,El Pozo,,"8,29 €/kg",,
Pacheca Vinho Branco do Douro Superior garrafa 75 cl,Pacheca,,"9,95 €","(13,27 € / Litro)",
Hero Muesly Barras de Cereais com Chocolate de Leite Pack 6 embalagem 150 g,Hero Muesly,,"2,99 €","(19,93 € / Kg)",
Ameias Vinho Tinto de Setúbal Syrah garrafa 75 cl,Ameias,,"6,29 €","(8,39 € / Litro)",
Excellence Coloração Nudes sem Amoníaco Louro Universal 7 U embalagem 1 unidade,Excellence,,"12,99 €","(12,99 € / Unidade)",
Miyata Gengibre Rosa para Sushi frasco 190 g,Miyata,,"2,59 €","(13,63 € / Kg)",
Jordans Muesli Special embalagem 500 g,Jordans,,"5,59 €","(11,18 € / Kg)",
Delidu Folhado de Alheira com Cogumelos 2 Unidades embalagem 300 g,Delidu,,"4,29 €","(14,30 € / Kg)",
Nestlé Caja Roja Bombons de Chocolate Bombons embalagem 400 g,Nestlé Caja Roja,,"10,49 €","(14,02 € / Kg)","10,49 €"
Pastoret Iogurte Grego Biológico embalagem 135 g,Pastoret,,"1,69 €","(12,52 € / Kg)",
Dovo Pasta de Atum embalagem 250 g,Dovo,,"3,99 €","(15,96 € / Kg)",
Yang-Tse Massa Vermicelli embalagem 100 g,Yang-Tse,,"1,55 €","(15,50 € / Kg)",
Alpro Bebida de Soja com Baunilha Pack 3 embalagem 250 ml,Alpro,,"2,29 €","(2,39 € / Litro)","2,29 €"
Vileda Sacos do Lixo 100% Biológico embalagem 12 unidades,Vileda,,"3,99 €","(0,25 € / Unidade)","3,99 €"
Landana Queijo da Holanda Azul Gouda,Landana,,"27,75 €/kg",,
Triunfo Digestive Go Bolachas de Chocolate de Leite Pack 6 embalagem 195 g,Triunfo Digestive Go,,"1,99 €","(10,21 € / Kg)",
Erdinger Cerveja da Alemanha sem Álcool garrafa 33 cl,Erdinger,,"2,49 €","(7,55 € / Litro)",
Lipton Infusão Green Fitness 20 saquetas embalagem 32 g,Lipton,,"2,09 €","(65,31 € / Kg)",
Condi Preparado para Panquecas + Proteína embalagem 260 g,Condi,,"4,34 €","(16,69 € / Kg)",
Diadermine Lift+ Creme Ultra-Refirmante de Dia embalagem 50 ml,Diadermine Lift+,,"17,59 €","(351,80 € / Litro)",
Eruptio Vinho Branco do Pico garrafa 75 cl,Eruptio,,"21,90 €","(29,20 € / Litro)",
Fayas Atum Posta em Óleo lata 120 g,Fayas,,"1,39 €","(11,58 € / Kg)",
Renova Red Label Lenços Orange embalagem 6 unidades,Renova Red Label,,"1,09 €","(0,18 € / Unidade)",
"Asturiana Leite Semi-Desnatado embalagem 1,5 L",Asturiana,,"1,59 €","(1,06 € / Litro)",
Ati Manel Picas em Azeite Picante lata 120 g,Ati Manel,,"3,50 €","(29,17 € / Kg)",
Scotch-Brite Esfregão Fibra Verde com Esponja Salva-Unhas 2 unidades,Scotch-Brite,,"2,19 €","(1,10 € / Unidade)",
Globo Ananás Desidratado em Cubos embalagem 90 g,Globo,,"1,95 €","(21,67 € / Kg)",
Fundação Abreu Callado Vinho Tinto do Alentejo Infinitum garrafa 75 cl,Fundação Abreu Callado,,"10,99 €","(14,65 € / Litro)",
Eric Kayser Pão de Cereais unidade 300 g,Eric Kayser,,3 €,(10 € / Kg),
Margão Gengibre Branco Moído frasco 30 g,Margão,,"2,09 €","(69,67 € / Kg)",
Beyra Vinho Tinto da Beira Interior garrafa 75 cl,Beyra,,"6,49 €","(8,65 € / Litro)",
"Nivea Men Creme Fresh para Rosto, Corpo e Mãos embalagem 75 ml",Nivea Men,,"5,39 €","(71,87 € / Litro)",
Mandril Cerveja de Espanha Artesanal Pale Ale garrafa 33 cl,Mandril,,"2,55 €","(7,73 € / Litro)",
Philadelphia Queijo para Barrar com Trufa embalagem 150 g,Philadelphia,,"2,19 €","(14,60 € / Kg)",
Regina Bombons Sortidos embalagem 200 g,Regina,,"6,55 €","(32,75 € / Kg)",
Delas Vinho Tinto de França Les Launes Crozes-Hermitage garrafa 75 cl,Delas,,"21,50 €","(28,67 € / Litro)",
Innocent Sumo de Tutti-Frutti garrafa 900 ml,Innocent,,"2,89 €","(3,21 € / Litro)",
"Fanta Refrigerante de Ananás com Gás sem Adição de Açúcar garrafa 1,5 L",Fanta,,"1,89 €","(1,26 € / Litro)",
Veet Creme Depilatório para Peles Normais Leite de Lótus e Jasmim embalagem 200 ml,Veet,,"9,99 €","(49,95 € / Litro)",
Garnier Pure Active Gel de Limpeza para Pele Sensível com Tendência Acneica embalagem 150 ml,Garnier Pure Active,,"7,99 €","(53,27 € / Litro)",
Nutrégi Iogurte Líquido Natural Açucarado embalagem 750 g,Nutrégi,,"2,25 €",(3 € / Kg),
Spiderman Gel & Shampoo Spiderman 1D embalagem 400 ml,Spiderman,,"3,95 €","(9,88 € / Litro)",
Foral de Évora Vinho Branco do Alentejo garrafa 75 cl,Foral de Évora,,"12,99 €","(17,32 € / Litro)",
Harpic Blocos Sanitários Freshpower Lavanda embalagem 35 g,Harpic,,"3,29 €",(94 € / Kg),
El Corte Inglés Selection Milho Doce em Grão sem Açúcares Adicionados lata 285 g,El Corte Inglés Selection,,"0,86 €","(3,02 € / Kg)",
Sonatural Sumo Probiótico de Cenoura e Gengibre Pack 3 embalagem 100 ml,Sonatural,,"3,99 €","(13,30 € / Litro)",
Gresso Leite Uht Meio Gordo sem Lactose embalagem 1 L,Gresso,,"1,19 €","(1,19 € / Litro)",
Oliveira da Serra Azeite Virgem garrafa 750 ml,Oliveira da Serra,,"5,29 €","(7,05 € / Litro)",
Pringles Aperitivos de Queijo Emmental embalagem 175 g,Pringles,,"2,99 €","(17,09 € / Kg)",
Pescanova Medalhões de Pescada do Cabo embalagem 400 g,Pescanova,,"7,99 €","(19,98 € / Kg)",
Mojama de Atum unidade 240 g,,,"15,98 €","(66,58 € / Kg)",
Fuchs Cereais Shells com Aveia Bio embalagem 300 g,Fuchs,,"5,75 €","(19,17 € / Kg)",
Koala Leite de Coco Light lata 165 ml,Koala,,"1,65 €",(10 € / Litro),
Colinas do Douro Vinho Tinto do Douro Superior garrafa 75 cl,Colinas do Douro,,"5,25 €",(7 € / Litro),
Yoçor Iogurte Líquido Meio Gordo de Morango Pack 4 embalagem 170 ml,Yoçor,,"2,19 €","(3,22 € / Litro)",
Twinings Chá Infusão Superblend Calmante embalagem 18 unidades,Twinings,,"3,19 €","(0,18 € / Unidade)",
Coca-Cola Refrigerante com Gás Zero Cafeína Zero Açúcar Pack 6 lata 33 cl,Coca-Cola,,"4,30 €","(2,17 € / Litro)",
Carlota Organic Ratatouille com Cogumelos Shiitake frasco 425 g,Carlota Organic,,"4,35 €","(10,24 € / Kg)",
Albert Ménès Doce de Limão Curd frasco 240 g,Albert Ménès,,"8,10 €","(33,75 € / Kg)",
St. Dalfour Doce de Amoras sem Açúcar frasco 284 g,St. Dalfour,,"4,39 €","(15,46 € / Kg)",
Garnier Skin Active Máscara Facial Tecido Hidratante Hydra Bomb Chá Verde para Peles Mistas a Oleosas embalagem 1 unidade,Garnier Skin Active,,"2,99 €","(2,99 € / Unidade)",
Millan Vicente Queijo Gouda com Cominhos ao peso 1 kg,Millan Vicente,,"12,99 €/kg",,
Blue Gin garrafa 70 cl,Blue,,"34,50 €","(49,29 € / Litro)",
Veckia Champô para Cabelo Seco Reparação embalagem 400 ml,Veckia,,"2,25 €","(0,56 € / 10 ml.)",
Santa Catarina Atum em Molho de Tomate lata 120 g,Santa Catarina,,"1,59 €","(13,25 € / Kg)",
Cedrinca Caramelos Sortidos embalagem 150 g,Cedrinca,,"1,99 €","(13,27 € / Kg)",
Castello D'Alba Vinho Tinto do Douro Reserva garrafa 75 cl,Castello D'Alba,,"9,49 €","(12,65 € / Litro)",
Dietisa Tisana Anis Estrelado embalagem 50 g,Dietisa,,"3,89 €","(77,80 € / Kg)",
Lipton Ice Tea de Pêssego Zero Açúcar garrafa 2 L,Lipton Ice Tea,,"2,29 €","(1,14 € / Litro)",
El Corte Inglés Torrão de Gema Tostada sem Glúten embalagem 250 g,El Corte Inglés,,"2,79 €","(11,16 € / Kg)",
"Esporão Vinho do Alentejo Magnum Tinto garrafa 1,5 L",Esporão,,"38,99 €","(25,99 € / Litro)",
Campofrio Forno de Lenha Fiambre de Peito de Frango Assado sem Glúten,Campofrio Forno de Lenha,,"19,49 €/kg",,
Granini Néctar de Pêssego garrafa 1 L,Granini,,"2,75 €","(2,75 € / Litro)",
Quinta das Carvalhas Vinho do Porto Reserva Tawny garrafa 75 cl,Quinta das Carvalhas,,"15,79 €","(21,05 € / Litro)",
Nature Valley Barras de Cereais com Aveia e Mel Pack 10 embalagem 210 g,Nature Valley,,"2,99 €","(14,24 € / Kg)",
Men Expert Cool Power Desodorizante Roll-On embalagem 50 unidade,Men Expert Cool Power,,"3,99 €","(79,80 € / Litro)",
Yoçor Iogurte Líquido Meio Gordo Natural Pack 4 embalagem 170 ml,Yoçor,,"2,19 €",(0 € / Litro),
Men Expert Shirt Protect Desodorizante Anti-Manchas Roll-On embalagem 50 unidade,Men Expert Shirt Protect,,"3,99 €","(79,80 € / Litro)",
El Corte Inglés Chocolate Preto com Recheio de Menta sem Glúten embalagem 100 g,El Corte Inglés,,"0,99 €","(9,90 € / Kg)",
Ceifeira Farinha de Arroz embalagem 500 g,Ceifeira,,"0,99 €","(1,98 € / Kg)",
"Quinta dos Açores Gelado de Baunilha, Leite e Nata embalagem 500 ml",Quinta dos Açores,,"5,99 €","(11,98 € / Litro)",
Regina Bombons de Chocolate de Leite com Amêndoas embalagem 90 g,Regina,,"4,89 €","(54,33 € / Kg)",
Hellmann's Maionese Light Top Down embalagem 251 g,Hellmann's,,"3,29 €","(13,11 € / Kg)",
Forma + Chá Solúvel de Preparação Instantânea Sono embalagem 10 unidades,Forma +,,"2,19 €","(48,67 € / Kg)",
Ahumados Dominguez Molho Funcho com Mostarda e Mel embalagem 185 g,Ahumados Dominguez,,"3,99 €","(21,57 € / Kg)",
Da Vinci Cocada Branca Dacolónia embalagem 130 g,Da Vinci,,"2,95 €","(22,69 € / Kg)",
Nacional Corn Flakes embalagem 500 g,Nacional,,"3,45 €","(6,90 € / Kg)",
Montellano Presunto 100% Ibérico Bolota embalagem 1 kg,Montellano,,245 €,(245 € / Kg),
Xanpa Detergente Líquido para o Chão de Lavanda embalagem 1 L,Xanpa,,"1,79 €","(1,79 € / Litro)",
Gullón Bolachas Choco Sandwich Tuestis com Recheio de Chocolate Pack 5 embalagem 220 g,Gullón,,"2,09 €","(9,50 € / Kg)",
Nestlé Maggi Molho de Tempero Líquido frasco 125 ml,Nestlé Maggi,,"2,59 €","(20,72 € / Litro)",
Cem Porcento Infusão Drena & Limpa embalagem 13 g,Cem Porcento,,"0,85 €","(65,38 € / Kg)",
Super Bock Mini Cerveja Nacional Branca Pack 24 garrafa 20 cl,Super Bock Mini,,"19,99 €","(4,16 € / Litro)",
Jean Louis David Corta Unhas Pés embalagem 1,Jean Louis David,,"4,17 €","(4,17 € / Unidade)",
Bicentury Barritas de chocolate de Leite com Pedaços de Aveia embalagem 90 g,Bicentury,,"3,20 €","(35,56 € / Kg)",
One Protect Máscara Proteção Facial FFP2 embalagem 20,One Protect,,"3,15 €","(0,16 € / Unidade)",
Frutidry Cesta de Frutos Sortidos embalagem 515 g,Frutidry,,"7,99 €","(15,51 € / Kg)",
Schweppes Ginger Ale lata 33 cl,Schweppes,,"0,64 €","(1,94 € / Litro)",
Galbani Queijo Mozzarella Bufala Mini unidade 150 g,Galbani,,"3,35 €","(22,33 € / Kg)",
Gallo Azeite Virgem Extra Biológico garrafa 750 ml,Gallo,,"4,99 €","(6,65 € / Litro)",
Prato Pronto Creme de Cenoura embalagem 400 ml,Prato Pronto,,"1,69 €","(4,22 € / Litro)",
Portillo Vinho Tinto Pinot Noir garrafa 75 cl,Portillo,,"9,49 €","(12,65 € / Litro)",
Cem Porcento Sumo Natural de Cenoura Biológico garrafa 200 ml,Cem Porcento,,"0,89 €","(4,45 € / Litro)",
Nature's Charm Flor de Banana em Salmoura embalagem 510 g,Nature's Charm,,"2,99 €","(5,86 € / Kg)",
Glade Ambientador Eléctrico Aromaterapia Calm Mind Recarga embalagem 20 ml,Glade,,"6,99 €","(349,50 € / Litro)",
Oral-B Pasta de Dentes Gengivas Cuidado Antibacteriano embalagem 75 ml,Oral-B,,"4,49 €","(59,87 € / Litro)",
Vallegre Vinho Branco do Douro Moscatel Galego garrafa 75 cl,Vallegre,,"5,99 €","(7,99 € / Litro)",
Quintinha D'Aldeia Morcela de Arroz embalagem 200 g,Quintinha D'Aldeia,,"2,09 €","(10,45 € / Kg)",
Paltsidis Paté de Beringela Fumada embalagem 200 g,Paltsidis,,"3,25 €","(16,25 € / Kg)",
Sabores do Vez Moira unidade 200 g,Sabores do Vez,,"3,19 €","(15,95 € / Kg)",
Ramirez Caldeirada de Atum lata 120 g,Ramirez,,"1,69 €","(14,08 € / Kg)",
Bísaro Chouriça de Porco embalagem 160 g,Bísaro,,"2,69 €","(16,81 € / Kg)",
Condi Corante Líquido Amarelo frasco 25 ml,Condi,,"1,49 €","(59,60 € / Litro)",
Q M Vinho Verde Vinhas Velhas Branco garrafa 75 cl,Q M,,"13,90 €","(18,53 € / Litro)",
Ajax Detergente Desinfectante em Spray embalagem 500 ml,Ajax,,"3,99 €","(7,98 € / Litro)",
Soft&Co Serum Especial Olhos embalagem 30 ml,Soft&Co,,"5,99 €","(199,67 € / Litro)",
Nescafé Gold Café Solúvel com Bebida de Amêndoa Vegan Pack 6 embalagem 16 g,Nescafé Gold,,"3,69 €","(230,62 € / Kg)",
Ti-ti Pipocas Salgadas embalagem 36 g,Ti-ti,,"0,45 €","(12,50 € / Kg)",
Beher Presunto Ibérico Bolota Fatiado á MÃO unidade 90 g,Beher,,"17,99 €","(199,89 € / Kg)",
Alternativa 3 Chocolate 100% Cacau sem Glúten Biológico embalagem 80 g,Alternativa 3,,"2,89 €","(36,12 € / Kg)",
Prozis Esparguete a Bolonhesa Vegan embalagem 400 g,Prozis,,"5,29 €","(5,29 € / Unidade)",
Renova Love & Action Guardanapos embalagem 90 unidades,Renova Love & Action,,"2,78 €","(0,03 € / Unidade)",
Andechser Queijo Amanteigado de Cabra Fatiado Bio unidade 100 g,Andechser,,"4,55 €","(45,50 € / Kg)",
El Corte Inglés Infusão de Menta 25 unidades embalagem 37 g,El Corte Inglés,,"0,79 €","(21,35 € / Kg)",
Copa Sumo Natural Detox Pepino embalagem 250 ml,Copa,,"1,49 €","(5,96 € / Litro)",
Kellogg's All-Bran Granola Prebiótico com Amêndoas e Sementes de Abóbora embalagem 380 g,Kellogg's All-Bran,,"5,19 €","(13,66 € / Kg)",
Compal Clássico Néctar de Manga embalagem 1 L,Compal Clássico,,"1,49 €","(1,49 € / Litro)",
Casa de Mouraz Vinho Branco do Dão Encruzado Biológico garrafa 75 cl,Casa de Mouraz,,"13,90 €","(18,53 € / Litro)",
Baton Vinho Tinto do Douro garrafa 75 cl,Baton,,"21,90 €","(29,20 € / Litro)",
El Corte Inglés Amêndoas Fritas e Salgadas sem Glúten embalagem 150 g,El Corte Inglés,,"2,89 €","(19,27 € / Kg)",
Beyra Vinho Branco da Beira Interior Sauvignon Blanc garrafa 75 cl,Beyra,,"9,49 €","(12,65 € / Litro)",
Lagos Queijo de Cabra Curado de Seia unidade 250 g,Lagos,,"6,25 €",(25 € / Kg),
Syoss Rizos Pro Champô para Cabelo Encaracolado embalagem 440 ml,Syoss Rizos Pro,,"6,99 €","(15,89 € / Litro)",
Florette Croutons Alho e Ervas Finas embalagem 70 g,Florette,,"1,79 €","(25,57 € / Kg)",
Paysan Breton Queijo Brie Cunha unidade 180 g,Paysan Breton,,"2,89 €","(16,06 € / Kg)",
El Corte Inglés Spray Restaurador de Camurça e Nobuck embalagem 200 ml,El Corte Inglés,,"2,68 €","(13,40 € / Litro)",
Tena Pensos Higiénicos Protetores Super embalagem 30 unidades,Tena,,"16,99 €","(0,57 € / Unidade)",
Mercearia da Aldeia Queijo Fresco de Cabra com Alho e Oregãos embalagem 150 g,Mercearia da Aldeia,,"2,55 €",(17 € / Kg),
Raposeira Espumante Velha Reserva Bruto garrafa 75 cl,Raposeira,,"14,49 €","(19,32 € / Litro)",
Fairy Detergente de Lavagem à Mão Aloe Vera Concentrado embalagem 650 ml,Fairy,,"3,45 €","(3,71 € / Litro)","3,45 €"
Renova Papel Higiénico Hyper Soft embalagem 4 unidades,Renova,,"2,49 €","(0,62 € / Unidade)",
Queijo de Cabra Curado Pack 2 embalagem 160 g,,,"4,99 €","(31,19 € / Kg)",
Nescafé Gold Café Solúvel Espresso Intenso frasco 100 g,Nescafé Gold,,"6,59 €","(65,90 € / Kg)",
Covete de Abacate Hass Peso Aproximado embalagem 300 g,,,"2,99 €/kg",,
Nivea Naturally Good Creme Anti-Rugas de Noite Óleo de Argão Biológico embalagem 50 ml,Nivea Naturally Good,,"14,49 €","(289,80 € / Litro)",
Triboo Snack de Maça Sminolas Bio embalagem 25 g,Triboo,,"1,69 €","(67,60 € / Kg)",
Saloio Requeijão de Cabra embalagem 170 g,Saloio,,"1,99 €","(11,71 € / Kg)",
Kleenex Balsam Lenços de Bolso embalagem 8 unidades,Kleenex Balsam,,"1,69 €","(0,21 € / Unidade)",
Nobre Vegalia Hambúrgueres Vegetarianos de Espinafres sem Lactose embalagem 160 g,Nobre Vegalia,,"4,39 €","(27,44 € / Kg)",
Cerveja garrafa 33 cl,,,"2,19 €","(6,64 € / Litro)",
Delaviuda Bombons de Chocolate 70% Preto Creations embalagem 185 g,Delaviuda,,"8,99 €","(48,59 € / Kg)",
"Búfalo Cera Acrílica para Pavimentos de Madeira 1,5 L",Búfalo,,"12,49 €","(8,33 € / Litro)",
Scottex Original Papepl Higiénico 16 unidades,Scottex Original,,"4,99 €","(0,31 € / Unidade)",
Compal Origens Néctar de Ameixa da Estremadura embalagem 1 L,Compal Origens,,"1,69 €","(1,69 € / Litro)",
Delicass Foie Gras de Pato unidade 40 g,Delicass,,"3,59 €","(89,75 € / Kg)",
5 Jotas Presunto Ibérico de Bolota Fatiado à Mão embalagem 40 g,5 Jotas,,"18,99 €","(474,75 € / Kg)",
Palmer's Óleo para o Corpo Hidratante para o Alívio da Comichão embalagem 150 ml,Palmer's,,"11,45 €","(76,33 € / Litro)",
Curral Atlantis Vinho Tinto dos Açores Syrah garrafa 75 cl,Curral Atlantis,,"9,25 €","(12,33 € / Litro)",
Nestlé Chocolate Lion White Pack 5 unidades embalagem 30 g,Nestlé,,"2,99 €","(99,67 € / Kg)",
Paperquer Bolachas Recheadas Chocolate Passatempo embalagem 130 g,Paperquer,,"1,55 €","(11,92 € / Kg)",
Kleenex Lenços Faciais Ultra Soft embalagem 48 unidades,Kleenex,,"1,99 €","(0,04 € / Unidade)",
Annas Bolachas Finas de Laranja embalagem 150 g,Annas,,"2,24 €","(14,93 € / Kg)",
Wilkinson Xtreme 3 Activ Máquinas Descartáveis embalagem 10 unidades,Wilkinson Xtreme 3 Activ,,"12,19 €","(1,22 € / Unidade)",
Damatta Toucinho Fumado Nacos embalagem 200 g,Damatta,,"4,15 €","(20,75 € / Kg)",
Ati Manel Picas em Azeite lata 120 g,Ati Manel,,"3,50 €","(29,17 € / Kg)",
Comfort Amaciador de Roupa Concentrado Essência Azul embalagem 56 doses,Comfort,,"6,59 €","(0,12 € / Dose)",
Maçã Fuji Tradicional 80+ Peso Aproximado por unidade 240 g,,,"3,29 €/kg",,
Aga Pastilhas Desinfectantes de Frutas e Legumes embalagem 32 unidades,Aga,,"3,69 €","(23,06 € / Kg)",
Nestlé Naturnes Pacotinho de Banana e Maçã sem Glúten embalagem 90 g,Nestlé Naturnes,,"1,05 €","(11,67 € / Kg)",
Lipton Pyramid Chá de Marrocos embalagem 20 unidades,Lipton Pyramid,,"2,99 €","(0,15 € / Unidade)",
Dois Corvos Cerveja Artesanal Finisterra garrafa 33 cl,Dois Corvos,,"2,99 €","(9,06 € / Litro)",
Palmolive Indulging Delight Sabonete com Leite e Mel Pack 4 embalagem 90 g,Palmolive Indulging Delight,,"4,49 €","(12,47 € / Kg)",
Gallo Vinagre Balsâmico de Modena garrafa 250 ml,Gallo,,"2,29 €","(6,76 € / Litro)","2,29 €"
Dan'up Iogurte Líquido de Morango Pack 4 embalagem 155 g,Dan'up,,"2,99 €","(4,82 € / Kg)",
Culture Food Alternativa Vegan para Ovos Mexidos embalagem 180 g,Culture Food,,"5,29 €","(29,39 € / Kg)",
Vitacress Salada Iberica Biológica embalagem 100 g,Vitacress,,"2,49 €","(24,90 € / Kg)",
Paladar Pronto Feijoada de Legumes Frescos embalagem 300 g,Paladar Pronto,,"4,99 €","(16,63 € / Kg)",
Mayor de Castilla Vinho Tinto de Espanha Ribera del Duero garrafa 75 cl,Mayor de Castilla,,"4,45 €","(5,93 € / Litro)",
M&M'S Bebida Láctea com Sabor a Chocolate com Amendoim garrafa 350 ml,M&M'S,,"1,75 €",(5 € / Litro),
Sunquick Concentrado Exótico garrafa 58 cl,Sunquick,,"3,83 €","(0,91 € / Litro)",
Mabel Vizhoja Biscoitos Rosca Chocolate embalagem 350 g,Mabel Vizhoja,,"3,19 €","(9,11 € / Kg)",
Sidul Açúcar em Pó embalagem 250 g,Sidul,,"1,55 €","(6,20 € / Kg)",
Gelpeixe Lulas Limpas embalagem 500 g,Gelpeixe,,"7,79 €","(15,58 € / Kg)",
Quinta do Sobreiró de Cima Vinho Branco de Trás-os-Montes Reserva garrafa 75 cl,Quinta do Sobreiró de Cima,,"9,85 €","(13,13 € / Litro)",
Cimarrom Sultanas Douradas embalagem 150 g,Cimarrom,,"1,55 €","(10,33 € / Kg)",
Aliada Ananás às Rodelas em Sumo Natural lata 490 g,Aliada,,"1,89 €","(3,83 € / Kg)",
Hansaplast Compressas Esterilizadas embalagem 10 unidades,Hansaplast,,"2,39 €","(0,24 € / Unidade)",
Dodot Sensitive Fraldas para Recém Nascido Menos de 3 kg Tamanho  0 24 unidades,Dodot Sensitive,,"7,99 €","(0,33 € / Unidade)",
Tomate Cherry Divino Imperial embalagem 270 g,,,"2,29 €","(8,48 € / Kg)",
Garoupa em Posta Peso Aproximado unidade 600 g,,,"32,90 €/kg",,
Glade Ambientador Eletrico Romantic Baunilha recarga 20 ml,Glade,,"5,99 €","(299,50 € / Litro)",
El Corte Inglés Paté de Campanha Pack 2X50g embalagem 100 g,El Corte Inglés,,"1,59 €",,
Amaranth embalagem 30 g,,,"2,99 €","(99,67 € / Kg)",
Jordan Green Clean Escova de Dentes Suave embalagem 1 unidade,Jordan Green Clean,,"2,99 €","(2,99 € / Unidade)",
Raid Insecticida Super Rápido Moscas e Mosquitos Spray 400 ml,Raid,,"5,09 €","(12,72 € / Litro)",
Alento Vinho Tinto do Alentejo Reserva garrafa 75 cl,Alento,,"14,99 €","(19,99 € / Litro)",
Greens Cenoura Parisiense embalagem 450 g,Greens,,"1,29 €","(2,87 € / Kg)",
Secos da Aldeia Ameixa Seca com Caroço embalagem 250 g,Secos da Aldeia,,"3,29 €","(13,16 € / Kg)",
Eurofumeiro Alheira de Caça Peso Aproximado por unidade 250 g,Eurofumeiro,,"3,50 €","(13,99 € / Kg)",
Brasmar Medalhões de Pescada embalagem 350 g,Brasmar,,"3,79 €","(10,83 € / Kg)",
Cuétara Frescoco Bolachas Wafer Recheadas com Coco embalagem 150 g,Cuétara Frescoco,,"1,89 €","(12,60 € / Kg)",
Antico Casaficio Queijo Parmigiano Reggiano unidade 150 g,Antico Casaficio,,"5,99 €","(39,93 € / Kg)",
Don Algodon Ambients Ambientador para Casa e Cama em Spray embalagem 90 ml,Don Algodon Ambients,,"3,85 €","(42,78 € / Litro)",
Campoaves Perna de Frango Bio do Campo Peso Aproximado por cuvete 1 kg,Campoaves,,"13,29 €/kg",,"13,29 €/kg"
Gelito Gelo em Cubos embalagem 2 kg,Gelito,,"0,99 €","(0,50 € / Kg)",
Pastel de Nata 1 unidade,,,1 €,(1 € / Unidade),
Margão Coentros Moídos frasco 37 g,Margão,,"2,29 €","(61,89 € / Kg)",
Parmareggio Queijo Reggiano 22 Meses,Parmareggio,,"30,98 €/kg",,
Dodot Pants Fraldas 15+ kg Tamanho 6 embalagem 27 unidades,Dodot Pants,,"9,99 €","(0,37 € / Unidade)",
Santiveri Bolachas Digestivas com Sésamo sem Açúcar embalagem 190 g,Santiveri,,"2,55 €","(13,42 € / Kg)",
Nacional Farinha para Uso Culinário sem Fermento embalagem 1 kg,Nacional,,"1,39 €","(1,39 € / Kg)",
Margão Tomilho em Folhas frasco 11 g,Margão,,"1,89 €","(171,82 € / Kg)",
Andros Sumo de Clementinas embalagem 1 L,Andros,,"4,99 €","(4,99 € / Litro)",
La Carloteña Frango Recheado com Ameixas e Nozes unidade 600 g,La Carloteña,,"11,75 €","(19,58 € / Kg)",
Fini Gomas Chips 6 embalagem 180 g,Fini,,"1,59 €","(8,83 € / Kg)",
José Posada Castanhas Pré-Cozidas embalagem 200 g,José Posada,,"3,20 €","(14,95 € / Kg)","3,20 €"
Inecto Naturals Champô de Coco embalagem 500 ml,Inecto Naturals,,"5,85 €","(11,70 € / Litro)",
Cartuxa Vinho Tinto do Alentejo garrafa 5 L,Cartuxa,,"142,50 €","(28,50 € / Litro)",
Le Pain des Fleurs Tostas com Cacau Biológico embalagem 160 g,Le Pain des Fleurs,,"4,55 €","(28,44 € / Kg)",
El Corte Inglés Arroz Chaulafán embalagem 300 g,El Corte Inglés,,"2,99 €","(9,97 € / Kg)",
Rubrica Vinho Tinto do Alentejo 75 cl,Rubrica,,"15,95 €","(21,27 € / Litro)",
Seeberger Cajus Torrados com Sal embalagem 150 g,Seeberger,,"4,79 €","(31,93 € / Kg)",
Lacasa Trufas de Chocolate de Caramelo sem Sal embalagem 200 g,Lacasa,,"3,49 €","(17,45 € / Kg)",
Herdade dos Grous Vinho Tinto do Alentejo Magnum garrafa 150 cl,Herdade dos Grous,,"31,49 €","(17,06 € / Litro)","31,49 €"
Lien Ying Molho de Ostra frasco 200 ml,Lien Ying,,"3,85 €","(19,25 € / Litro)",
Cantinho das Aromáticas Infusão de Alfazema Biológica embalagem 40 g,Cantinho das Aromáticas,,"4,55 €","(113,75 € / Kg)",
Aga Agadine Dérmica embalagem 125 ml,Aga,,"2,49 €","(19,92 € / Litro)",
Margão Louro Folhas embalagem 6 g,Margão,,"1,59 €",(265 € / Kg),
Minigrill Mini Tostas embalagem 90 g,Minigrill,,"1,09 €","(12,11 € / Kg)",
Castello D'Alba Vinho Tinto do Douro Superior 2019 Magnum garrafa 150 cl,Castello D'Alba,,"29,90 €","(19,93 € / Litro)",
El Corte Inglés Esparguete á Carbonara embalagem 300 g,El Corte Inglés,,"2,99 €","(9,97 € / Kg)",
Lindor Men Fraldas para Adultos Homem Tamanho L embalagem 7 unidades,Lindor Men,,"11,37 €","(1,06 € / Unidade)","11,37 €"
Coslys Gel de Banho para Todos os Tipos de Pele de Azeitona Biológico embalagem 1 L,Coslys,,"15,50 €","(15,50 € / Litro)",
Celeiro da Terra Licor de Chá garrafa 50 cl,Celeiro da Terra,,"14,45 €","(28,90 € / Litro)",
Caçarola Crackies de Milho com Sal embalagem 130 g,Caçarola,,"1,19 €","(9,15 € / Kg)",
Ox Nature Açúcar de Coco Biológico embalagem 125 g,Ox Nature,,"5,29 €","(42,32 € / Kg)",
Grainha Vinho Branco do Douro garrafa 75 cl,Grainha,,"14,99 €","(19,99 € / Litro)",
Dr. Beckmann Tira-Nódas de Escritório e Bricolagem embalagem 50 ml,Dr. Beckmann,,"3,79 €","(75,80 € / Litro)",
Condi Preparado para Bolo de Coco com Calda embalagem 450 g,Condi,,"3,09 €","(6,87 € / Kg)",
Oliveira da Serra Vinagre de Pera Rocha garrafa 250 ml,Oliveira da Serra,,"1,49 €","(5,96 € / Litro)",
Tomate Marmande Bio Peso Aproximado por unidade 100 g,,,"4,29 €/kg",,
Gillette Fusion Máquinas Recargas embalagem 8 unidades,Gillette Fusion,,"28,49 €","(3,56 € / Unidade)",
Gallo Condimento à Base de Azeite Virgem Extra e Aroma de Manjericão garrafa 250 ml,Gallo,,"2,99 €","(11,96 € / Litro)",
Salutem Milho Expandido com Mel embalagem 250 g,Salutem,,"2,29 €","(9,16 € / Kg)",
Kostritzer Schwarzebier Cerveja da Alemanha Preta Pack 4 + Copo garrafa 33 cl,Kostritzer Schwarzebier,,"8,49 €","(6,43 € / Litro)",
Nau Ameijoa Portuguesa embalagem 454 g,Nau,,"3,29 €","(7,25 € / Kg)",
Nivea Men Protect & Care Gel de Limpeza Refrescante embalagem 100 ml,Nivea Men Protect & Care,,"7,29 €","(72,90 € / Litro)",
"Amstel Cerveja da Holanda Pura Malta 0,0% Álcool Pack 6 garrafa 25 cl",Amstel,,"3,99 €","(1,40 € / Litro)",
Air Wick Ambientador Eléctrico de Lavanda e Camomila + Recarga embalagem 19 ml,Air Wick,,"8,99 €","(473,16 € / Litro)",
S de Sol Vinho Tinto do Alentejo garrafa 75 cl,S de Sol,,"4,39 €","(5,85 € / Litro)",
Minhofumeiro Chouriço de Carne embalagem 200 g,Minhofumeiro,,"5,09 €","(25,45 € / Kg)",
Caldo Verde 1 unidade,,,"2,75 €",,
Scottex Rolo de Cozinha Ultra Forte embalagem 2 unidades,Scottex,,"4,99 €","(2,50 € / Unidade)",
Nobre Vegalia Fiambre Vegetariano com Ervas Mediterrâneas sem Glúten unidade 100 g,Nobre Vegalia,,"2,19 €","(21,90 € / Kg)",
Merci Chef Queijo Camembert unidade 125 g,Merci Chef,,"2,65 €","(21,20 € / Kg)",
Jean Louis David Esponja de Banho embalagem 1,Jean Louis David,,"3,73 €","(3,73 € / Unidade)",
Hagerty Limpa Pratas Luvas 1 unidade,Hagerty,,"17,45 €","(17,45 € / Unidade)",
Botanicals Origin Amaciador Lavanda embalagem 50 doses,Botanicals Origin,,"7,99 €","(0,16 € / Dose)",
Diadermine Lift + Botology Creme de Olhos embalagem 15 ml,Diadermine Lift + Botology,,"23,99 €","(1.599,33 € / Litro)",
Ervilha Torta embalagem 250 g,,,"3,99 €","(15,96 € / Kg)",
Cristal Gourmet Vinagre de Arroz 5% Acidez garrafa 250 ml,Cristal Gourmet,,"2,39 €","(9,56 € / Litro)",
Old Virginia Whisky Bourbon Ten Honey garrafa 70 cl,Old Virginia,,"15,99 €","(22,84 € / Litro)",
Old El Paso Barquitas Mexicanas de Trigo embalagem 193 g,Old El Paso,,"3,51 €","(18,19 € / Kg)",
"El Corte Inglés Bio Paté Vegetal de Shiitake sem Lactose, sem Ovo e sem Glúten Biológico lata 125 g",El Corte Inglés Bio,,"2,29 €","(18,32 € / Kg)",
Renova Extra XXL Papel Higiénico 6 unidades,Renova Extra XXL,,"3,95 €","(0,66 € / Unidade)",
Blandy's Vinho da Madeira 5 Anos Verdelho garrafa 75 cl,Blandy's,,"15,99 €","(21,32 € / Litro)",
Próvida Feijão Catarino Biológico embalagem 500 g,Próvida,,"4,49 €","(8,98 € / Kg)",
Taittinger Champanhe Prestige Rosé Brut garrafa 75 cl,Taittinger,,"49,50 €",(66 € / Litro),
Pescanova 2 Lombos de Salmão Noruega embalagem 250 g,Pescanova,,"8,99 €","(35,96 € / Kg)",
El Corte Inglés Paté de Presunto de Porco frasco 160 g,El Corte Inglés,,"1,29 €","(8,06 € / Kg)",
Guylian Frutos do Mar Temptations Christmas Tree embalagem 96 g,Guylian,,"6,65 €","(69,27 € / Kg)",
El Corte Inglés Sal para Máquina de Lavar Loiça bolsa 2 kg,El Corte Inglés,,"1,65 €","(0,82 € / Kg)",
Van Rooy Mini Formas para Rechear Pack 12 embalagem 72 g,Van Rooy,,"2,45 €","(34,03 € / Kg)",
Babaria Ampolas Faciais Vitamina C embalagem 10 ml,Babaria,,"5,89 €",(589 € / Litro),
Buitoni Massa para Empadas e Sobremesas 280 g,Buitoni,,"1,99 €","(7,11 € / Kg)",
Président Queijo de França Petit Brie 60% embalagem 500 g,Président,,"9,49 €","(18,98 € / Kg)",
Frubis Snack Fruta Morango com Chocolate de Leite embalagem 25 g,Frubis,,"1,49 €","(59,60 € / Kg)",
Cif Limpa-Vidros Amoniacal 750 ml,Cif,,"4,99 €","(6,65 € / Litro)",
Santiveri Pão Dextrin com Sementes de Linhó embalagem 300 g,Santiveri,,"3,65 €","(12,17 € / Kg)",
Roveredo Biscoitos Camélias embalagem 250 g,Roveredo,,"3,39 €","(13,56 € / Kg)",
Diadermine Creme de Limpeza Facial com Chá Kombucha em Stick embalagem 40 g,Diadermine,,"13,99 €","(349,75 € / Kg)",
Nobre Fiambre em Fatias Finas sem Glúten embalagem 100 g,Nobre,,"1,30 €",(13 € / Kg),
Compagnia Dell'Arabica Café Kenya Intenso para Nespresso embalagem 10 cápsulas,Compagnia Dell'Arabica,,"3,59 €","(0,36 € / Unidade)",
"Knorr 1,2,3..Sabor Strogonoff embalagem 33 g","Knorr 1,2,3..Sabor",,"1,55 €","(46,97 € / Kg)",
Cantinho das Aromáticas Condimento de Salva Biológico embalagem 20 g,Cantinho das Aromáticas,,"3,15 €","(157,50 € / Kg)",
Kellogg's All-Bran Flocos de Cereais com Fibras embalagem 375 g,Kellogg's All-Bran,,"4,39 €","(11,71 € / Kg)",
Jubileu Chocolate Preto sem Glúten Pack 4 embalagem 400 g,Jubileu,,"9,99 €","(24,98 € / Kg)",
Esteva Vinho Tinto do Douro garrafa 75 cl,Esteva,,"4,99 €","(6,65 € / Litro)",
Aliada Luvas Acetinadas Sensíveis Pequenas embalagem 1 par,Aliada,,"0,79 €","(0,79 € / Unidade)",
Prozis Chocolate de Leite com Amêndoas Zero Açúcares Adicionados embalagem 27 g,Prozis,,"0,99 €","(36,67 € / Kg)",
L' Arbre Vert Detergente de Lavagem à Mão para Loiça Peles Sensíveis Ecológico embalagem 500 ml,L' Arbre Vert,,"2,39 €","(4,78 € / Litro)",
Maçarico Azeitonas Pretas Galegas Inteiras frasco 350 g,Maçarico,,"2,75 €","(7,86 € / Kg)",
Tyto Alba Vinho Tinto do Tejo Biológico garrafa 75 cl,Tyto Alba,,"9,90 €","(13,20 € / Litro)",
Carbrica Briquetes embalagem 10 unidades,Carbrica,,"3,99 €","(0,40 € / Unidade)",
Juste Vinho Verde Branco Superior garrafa 75 cl,Juste,,"5,49 €","(7,32 € / Litro)",
El Corte Inglés Cera Autobrilhante Incolor embalagem 1 L,El Corte Inglés,,"2,15 €","(2,15 € / Litro)",
Plateia Covete Diospiro Norma Nacional Peso Aproximado ao peso 1 kg,Plateia,,"4,99 €/kg",,
Próvida Creme para Barrar de Amendoim Biológico embalagem 230 g,Próvida,,"4,65 €","(20,22 € / Kg)",
Quinta da Bica Vinho Branco do Dão garrafa 75 cl,Quinta da Bica,,"9,75 €",(13 € / Litro),
"Carlota Organic Quinoa Ckale, Espinafres e Maçã frasco 425 g",Carlota Organic,,"4,99 €","(11,74 € / Kg)",
Haagen-Dazs Gelado de Chocolate Belga embalagem 460 ml,Haagen-Dazs,,"6,79 €","(14,76 € / Litro)",
Quinta do Crasto Vinho Tinto do Douro Vinhas Velhas garrafa 75 cl,Quinta do Crasto,,"28,50 €",(38 € / Litro),
Batata para Assar Roxa Nacional saco 1 kg,,,"1,49 €","(1,49 € / Kg)",
Oral-B 3D White Luxe Elixir Brilho Sedutor Menta Fresca embalagem 500 ml,Oral-B 3D White Luxe,,"5,99 €","(11,98 € / Litro)",
Bicentury Nackis Bolachas Integrais de Iogurte embalagem 150 g,Bicentury Nackis,,"2,34 €",(18 € / Kg),
Kellogg's All-Bran Cereais com Fibras embalagem 375 g,Kellogg's All-Bran,,"3,69 €","(9,84 € / Kg)",
Skittles Drops de Fruta embalagem 38 g,Skittles,,"0,89 €","(23,42 € / Kg)",
Danonino BebeDino Iogurte Líquido de Tutti Frutti Pack 4 embalagem 100 g,Danonino BebeDino,,"1,69 €","(4,22 € / Kg)",
Glenfiddich Whisky Malte 18 Anos garrafa 70 cl,Glenfiddich,,"91,50 €","(130,71 € / Litro)",
Pato Discos Ativos Lavanda Recarga embalagem 36 ml,Pato,,"6,79 €","(188,61 € / Litro)",
El Corte Inglés Torrão de Chocolate Preto Crocante embalagem 250 g,El Corte Inglés,,"2,15 €","(8,60 € / Kg)",
"Cif Lava Tudo de Limão Verde embalagem 1,4 L",Cif Lava Tudo,,"3,99 €","(2,85 € / Litro)",
Coren Secreto Fatiado Biológico Peso Aproximado por cuvete 350 g,Coren,,"6,63 €","(18,95 € / Kg)",
Donaire Detergente Líquido para o Chão Florália Concentrado embalagem 750 ml,Donaire,,"3,89 €","(5,19 € / Litro)",
Lindt Sensation Crispy Bombons de Chocolate de Leite com Arroz Tufado e Cereais embalagem 150 g,Lindt Sensation Crispy,,"3,99 €","(26,60 € / Kg)",
Pimm's Nº1 Licor Cup garrafa 70 cl,Pimm's Nº1,,"15,49 €","(22,13 € / Litro)",
A Vaca Que Ri Queijo Fundido Light Palitos de Pão Integral embalagem 140 g,A Vaca Que Ri,,"2,39 €","(17,07 € / Kg)",
Linic Champô Anti-Caspa Cuidado Suave para Todos os Tipos de Cabelo embalagem 360 ml,Linic,,"4,94 €","(13,72 € / Litro)",
Oatly Bebida de Aveia Barista embalagem 1 L,Oatly,,"2,79 €","(2,74 € / Litro)",
Dermacotton Cotonetes embalagem 200 unidade,Dermacotton,,"1,39 €","(0,01 € / Unidade)",
Ginja do Bairro Licor garrafa 70 cl,Ginja do Bairro,,"9,99 €","(14,27 € / Litro)",
Kambly Bolachas Matterhorn embalagem 100 g,Kambly,,"3,29 €","(32,90 € / Kg)",
Timmermans Cerveja da Bélgica com Sabor a Cereja garrafa 25 cl,Timmermans,,"3,39 €","(13,56 € / Litro)",
Interaves Codornizes 4 Unidades cuvete 600 g,Interaves,,"5,95 €","(9,92 € / Kg)",
Gullón Bolachas Cookies de Cacau com Pepitas de Chocolate sem Glúten embalagem 200 g,Gullón,,"2,99 €","(14,95 € / Kg)",
Açores Mel Mel Incenso frasco 300 g,Açores Mel,,"7,69 €","(25,63 € / Kg)",
Alento Vinho Branco do Alentejo garrafa 75 cl,Alento,,"6,99 €","(9,32 € / Litro)",
"Castello D'Alba Vinho Tinto do Douro Reserva garrafa 1,5 L",Castello D'Alba,,"19,90 €","(13,27 € / Litro)",
Helios Doce Natural de Frutos Tropicais sem Glúten frasco 330 g,Helios,,"3,34 €","(10,12 € / Kg)",
"Wiloco Frutos do Mar Praliné Vegan sem Glúten, sem Lactose Biológico embalagem 150 g",Wiloco,,"6,92 €","(46,13 € / Kg)",
Sedinhas Vinho Branco do Douro garrafa 75 cl,Sedinhas,,"6,79 €","(9,05 € / Litro)",
Ford Farm Queijo Cheddar Cave Aged,Ford Farm,,"34,59 €/kg",,
Cantorel Queijo Emmental unidade 220 g,Cantorel,,"3,29 €","(14,95 € / Kg)",
Yaranza Iogurte Bífidus com Limão frasco 500 g,Yaranza,,"2,79 €","(5,58 € / Kg)",
Globo Polvilho Doce do Brasil sem Glúten embalagem 500 g,Globo,,"2,39 €","(4,78 € / Kg)",
Birra Moretti Cerveja de Itália Baffo d'Oro garrafa 33 cl,Birra Moretti,,"2,49 €","(7,55 € / Litro)",
Coral Cerveja Pure Malte Pilsner Pack 6 garrafa 25 cl,Coral,,"5,65 €","(3,77 € / Litro)",
Schnitzer Pão Focaccia Biológico Pack 2 embalagem 110 g,Schnitzer,,"4,75 €","(43,18 € / Kg)",
Milka XL Cookies Bolachas de Chocolate embalagem 184 g,Milka XL Cookies,,"2,69 €","(14,62 € / Kg)",
English Teashop Calendário do Advento Sachets embalagem 25 unidades,English Teashop,,"9,25 €","(0,37 € / Unidade)",
Qinta Monte Alegre Vinho Tinto de Palmela garrafa 75 cl,Qinta Monte Alegre,,"3,99 €","(5,32 € / Litro)",
Gullón Bio Organic Bolachas Maria Dourada Vegetrianas Biológicas embalagem 400 g,Gullón Bio Organic,,"3,49 €","(8,72 € / Kg)",
Murganheira Espumante Super Reserva Bruto garrafa 75 cl,Murganheira,,"14,29 €","(19,05 € / Litro)",
Codyfer Palmilhas de Gel embalagem 1 par,Codyfer,,"8,89 €","(8,89 € / Unidade)",
Evax Cottonlike Pensos Higiénicos Normal com Abas embalagem 32 unidades,Evax Cottonlike,,"3,74 €","(0,12 € / Unidade)",
Cimarrom Gengibre Desidratado com Açúcar embalagem 150 g,Cimarrom,,"2,89 €","(19,27 € / Kg)",
Setálcool Álcool Canforado 85% embalagem 250 ml,Setálcool,,"2,99 €","(11,96 € / Litro)",
Maredsous Cerveja da Bélgica garrafa 33 cl,Maredsous,,"3,59 €","(10,88 € / Litro)",
Tsingtao Cerveja da China IPA garrafa 33 cl,Tsingtao,,"1,49 €","(4,52 € / Litro)",
Chicco Fraldas Airy Ultra Fit&Ultra T4 embalagem 38 unidades,Chicco,,"16,99 €","(0,45 € / Unidade)",
Cachet Bombons Sortidos embalagem 200 g,Cachet,,"16,95 €","(84,75 € / Kg)",
Lysol Desinfectante Têxtil Flor de Algodão embalagem 720 ml,Lysol,,"6,99 €","(9,71 € / Litro)",
Gatão Vinho Verde Branco Pack 2 unidades + 1 Lata embalagem 75 cl,Gatão,,"7,30 €","(1,74 € / Litro)",
Dr.Organic Loção para o Corpo de Aloe Vera Biológico embalagem 200 ml,Dr.Organic,,"9,99 €","(49,95 € / Litro)",
Kleenex Lenços Faciais Ultra Soft embalagem 64 unidades,Kleenex,,"1,99 €","(0,03 € / Unidade)",
El Corte Inglés Selection Ervilhas Extra Finos ao Natural Pack 3 frasco 360 g,El Corte Inglés Selection,,"2,55 €","(7,08 € / Kg)",
Espiga Farinha de Trigo sem Fermento Tipo 65 embalagem 1 kg,Espiga,,"1,89 €","(1,89 € / Kg)",
Mr. Cheese Queijo Gouda em Fatias embalagem 150 g,Mr. Cheese,,"2,39 €","(0,02 € / Kg)",
Globo Aroma de Chocolate frasco 28 ml,Globo,,"1,19 €","(42,50 € / Litro)",
Canderel Chocolate de Leite com Avelãs sem Açúcar embalagem 100 g,Canderel,,"2,59 €","(25,90 € / Kg)",
Regina Chocolate de Leite com Sabor a Ananás embalagem 100 g,Regina,,"1,59 €","(15,90 € / Kg)",
Tokinoka Whiksy Blended Japão garrafa 50 cl,Tokinoka,,"36,90 €","(73,80 € / Litro)",
Duraglit Limpa-Pratas Antioxidante 150 ml,Duraglit,,"8,99 €","(59,93 € / Litro)",
Smileat Legumes e Peru + 6 Meses sem Glúten Biológico frasco 230 g,Smileat,,"2,29 €","(9,96 € / Kg)",
"Aliada Azeite 0,4º garrafa 1 L",Aliada,,"3,79 €","(3,79 € / Litro)",
Cimarrom Pimenta Verde em Grão frasco 100 g,Cimarrom,,"2,09 €","(20,90 € / Kg)",
Merci Chocolates de Mousse de Chocolate embalagem 210 g,Merci,,"7,29 €","(22,57 € / Kg)","7,29 €"
Culture Food Adoçante em Pó Hey Sweetie 0% Calorias embalagem 250 g,Culture Food,,"9,99 €","(39,96 € / Kg)",
Tété Conjunto de Queijos Curado Pack 3 unidade 300 g,Tété,,"5,29 €","(17,63 € / Kg)",
Margão Caril embalagem 35 g,Margão,,"1,49 €","(42,57 € / Kg)",
Lombo de Porco Marinado Peso Aproximado 750 g,,,"9,95 €/kg",,
Grão Vasco Conjunto 2 Vinhos Tinto do Dão Carvalhais DOC garrafa 75 cl,Grão Vasco,,"7,98 €","(5,32 € / Litro)",
El Corte Inglés Selection Gelado de Baunilha e Nozes-Macadâmia sem Glúten embalagem 500 ml,El Corte Inglés Selection,,"3,49 €","(6,98 € / Litro)",
Kasteel Cerveja da Bélgica garrafa 33 cl,Kasteel,,"3,85 €","(11,67 € / Litro)",
El Corte Inglés Ambientador Eléctrico Colónia Infantil + Recarga embalagem 1 unidade,El Corte Inglés,,"5,65 €","(5,65 € / Unidade)",
Groselha embalagem 125 g,,,"3,49 €","(27,92 € / Kg)",
Moltex Pure & Nature Fraldas 4-10 Kg Tamanho 3 Ecológicas embalagem 56 unidades,Moltex Pure & Nature,,"20,05 €","(0,36 € / Unidade)",
Vinhas do Lasso Vinho Tinto de Alenquer Colheita Seleccionada garrafa 75 cl,Vinhas do Lasso,,"5,99 €","(7,99 € / Litro)",
Nestlé Kit Kat Chunky Snack Lotus Single embalagem 42 g,Nestlé Kit Kat,,"0,99 €","(23,57 € / Kg)",
Torre de Nuñez Presunto Duroc em Fatias unidade 100 g,Torre de Nuñez,,"3,09 €","(30,90 € / Kg)",
Quinta da Vegia Vinho Tinto do Dão garrafa 75 cl,Quinta da Vegia,,"8,15 €","(10,87 € / Litro)",
Semear Doce de Abóbora frasco 200 g,Semear,,"5,99 €","(29,95 € / Kg)",
Parmalat Nata para Bater 0% Lactose embalagem 200 ml,Parmalat,,"1,32 €","(6,60 € / Litro)",
Pantene Hair Biology Máscara Capilar Limpeza e Reconstrução embalagem 160 ml,Pantene Hair Biology,,"5,99 €","(37,44 € / Litro)",
Cem Porcento Infusão para Melhor Digestão embalagem 13 g,Cem Porcento,,"0,85 €","(65,38 € / Kg)",
Andros Fruit Me Up 100% Fruta de Maçã e Morango Pack 4 embalagem 90 g,Andros Fruit Me Up,,"2,99 €","(8,31 € / Kg)",
Izidoro o Talhante Jardineira de Novilho 100% Nacional embalagem 400 g,Izidoro o Talhante,,"5,99 €","(14,98 € / Kg)",
El Corte Inglés Selection Atum em Azeite da Costa Cantábrica frasco 260 g,El Corte Inglés Selection,,"8,35 €","(32,12 € / Kg)",
Hagerty Tira Nódoas de Carpetes 500 ml,Hagerty,,"12,75 €","(25,50 € / Litro)",
Penetra Vinho Branco de Mesa Noir Pinot garrafa 75 cl,Penetra,,"23,50 €","(31,33 € / Litro)",
Swiffer Duster Espanador XXL + 2 Recargas 1 unidade,Swiffer Duster,,"7,99 €","(7,99 € / Unidade)",
"Atelier do Doce Bolo de Bolacha unidade 1,200 g",Atelier do Doce,,"17,90 €","(17,90 € / Unidade)",
La Piara Sólo Natural Paté de Atum em Escabeche Pack 2 embalagem 150 g,La Piara Sólo Natural,,"2,29 €","(15,27 € / Kg)",
Dutch Lady Leite Evaporado lata 410 g,Dutch Lady,,"2,15 €","(5,24 € / Kg)",
Ripanço Vinho Tinto do Alentejo garrafa 75 cl,Ripanço,,"6,99 €","(9,32 € / Litro)",
Vaseline Vaselina embalagem 100 ml,Vaseline,,"2,99 €","(29,90 € / Litro)",
Sonatural Hummus com Azeite Virgem Extra 100% Natural embalagem 200 g,Sonatural,,"3,39 €","(16,95 € / Kg)",
Valsoia Gelado Cookies Chocolate embalagem 270 g,Valsoia,,"5,29 €","(19,59 € / Kg)",
Vianeza Maionese Light Top Down embalagem 400 ml,Vianeza,,"2,39 €","(5,98 € / Litro)",
Vahiné Vela Nº 3 embalagem 1 unidade,Vahiné,,"2,19 €","(2,19 € / Unidade)",
Comfort Essência Pure Amaciador para a Roupa embalagem 86 doses,Comfort Essência Pure,,"4,99 €","(0,06 € / Dose)",
El Corte Inglés Café Intenso para Nespresso Intensidade 8 embalagem 10 cápsulas,El Corte Inglés,,"1,99 €","(38,27 € / Kg)",
Fiji Água Artesanal sem Gás garrafa 33 cl,Fiji,,"1,99 €","(6,03 € / Litro)",
Marqués de Riscal Vinho Tinto de Espanha Rioja Reserva garrafa 75 cl,Marqués de Riscal,,"19,49 €","(25,99 € / Litro)",
Cacaolat Batido com Cacau Mocca Pack 4 unidades embalagem 200 ml,Cacaolat,,"2,89 €","(14,45 € / Litro)",
Special Line El Corte Inglés Corn Flakes sem Glúten embalagem 375 g,Special Line El Corte Inglés,,"3,75 €",(10 € / Kg),
El Corte Inglés Lentilhas com Chouriço lata 400 g,El Corte Inglés,,"1,29 €","(3,22 € / Kg)",
Ceres 100% Sumo Segredos do Vale sem Açúcar embalagem 1 L,Ceres,,"2,55 €","(2,55 € / Litro)",
Margão Piripiri Malagueta Moída embalagem 35 g,Margão,,"1,39 €","(39,71 € / Kg)",
Prozis Carne de Porco Picada Picante com Macarrão e Queijo Alta Proteína embalagem 1 unidade,Prozis,,"6,79 €","(6,79 € / Unidade)",
Schweppes Água Tónica de Toranja Pack 4 unidades embalagem 20 cl,Schweppes,,"6,76 €","(8,45 € / Litro)",
Trident 60 Minutes of Freshness Pastilhas Spearmint sem Açúcar embalagem 20 g,Trident 60 Minutes of Freshness,,"1,10 €",(55 € / Kg),
Quinta dos Açores Gelado de Morango embalagem 500 ml,Quinta dos Açores,,"5,99 €","(11,98 € / Litro)",
Nestlé Kit Kat Snack de Chocolate embalagem 415 g,Nestlé Kit Kat,,"5,49 €","(13,23 € / Kg)",
Próvida Farinha de Arroz Integral Crua Biológica embalagem 500 g,Próvida,,"2,99 €","(5,98 € / Kg)",
Confeitaria Vale Bolo d´Avó de Cenoura embalagem 500 g,Confeitaria Vale,,"4,99 €","(9,98 € / Kg)",
Air Wick Botanica Ambientador Vetiver das Caraíbas e Madeira de Sândalo em Spray embalagem 237 ml,Air Wick Botanica,,"4,19 €","(17,68 € / Litro)",
Wudy Salsichas de Aves sem Glúten embalagem 250 g,Wudy,,"1,54 €","(6,16 € / Kg)",
Jean Louis David Corta Cuticulas embalagem 1 unidade,Jean Louis David,,"5,89 €","(5,89 € / Unidade)",
Sierra de Aragena Tequila Reposado garrafa 70 cl,Sierra de Aragena,,"17,99 €","(25,70 € / Litro)",
Bollycao Mini Bolos Recheados com Chocolate 6 Unidades embalagem 90 g,Bollycao,,"1,29 €","(14,33 € / Kg)",
Serra de Portel Mel Rosmaninho com Própolis frasco 270 g,Serra de Portel,,"7,29 €",(27 € / Kg),
Torre de Nuñez Salsichão Imperial Duroc sem Glúten e sem Lactose unidade 100 g,Torre de Nuñez,,"2,89 €","(28,90 € / Kg)",
Ferrarini Queijo Parmesão Reggiano,Ferrarini,,"29,79 €/kg",,
Bom Petisco Sardinhas em Tomate Picante lata 120 g,Bom Petisco,,"1,45 €","(12,08 € / Kg)",
Gelpeixe Miolo de Amêijoa embalagem 250 g,Gelpeixe,,"3,29 €","(13,16 € / Kg)",
El Corte Inglés Bio Cocktail de Frutos Secos com Arandos Biológicos embalagem 200 g,El Corte Inglés Bio,,"6,95 €","(34,75 € / Kg)",
Cupper Infusão de Limão e Gengibre embalagem 50 g,Cupper,,"3,99 €","(79,80 € / Kg)",
Lindt Gold Chocolate Preto 49% Berne embalagem 300 g,Lindt Gold,,"7,99 €","(26,63 € / Kg)",
Torre de Nuñez Chouriço Semicurado unidade 280 g,Torre de Nuñez,,"4,69 €","(16,75 € / Kg)",
Dalva Vinho do Porto Datado 10 Anos garrafa 75 cl,Dalva,,"17,99 €","(23,99 € / Litro)",
Gerber Snack de Amendoim Bio embalagem 35 g,Gerber,,"2,35 €","(67,14 € / Kg)",
Mabel Vizhoja Biscoito Rosca Leite embalagem 350 g,Mabel Vizhoja,,"3,19 €","(9,11 € / Kg)",
Actimel Kids Iogurte Líquido de Morango Pack 12 unidades embalagem 100 g,Actimel Kids,,"5,99 €","(4,99 € / Kg)",
Jordan Escova de Dentes Clean Medium embalagem 1 unidade,Jordan,,"4,99 €","(4,99 € / Unidade)",
Fiuza Vinho Tinto do Tejo Alicante Bouschet Reserva garrafa 75 cl,Fiuza,,"7,99 €","(10,65 € / Litro)",
"Calgon Gel Desinfectante embalagem 1,5 L",Calgon,,"17,32 €","(8,66 € / Litro)","17,32 €"
Chupa Chups Gomas Mini Tubos com Açúcar embalagem 150 g,Chupa Chups,,"2,09 €","(13,93 € / Kg)",
Los Vascos Vinho Branco Do Chile Sauvignon garrafa 75 cl,Los Vascos,,"11,99 €","(15,99 € / Litro)",
Ferrarini Queijo de Itália Parmigiano Regiano sem Fosfatos embalagem 210 g,Ferrarini,,"6,79 €","(32,33 € / Kg)",
Queijada de Leite e Caramelo unidade 90 g,,,"1,15 €","(12,78 € / Kg)",
Russian Premium Caviar Kaluga Hybrid unidade 100 g,Russian Premium,,"179,50 €",(1.795 € / Kg),
Tampax Pearl Tampões Super embalagem 24,Tampax Pearl,,"4,99 €","(0,21 € / Unidade)",
El Charcutero Lombo da Sajonia Peso Aproximado por unidade 1 kg,El Charcutero,,"10,98 €/kg",,
Beefeater Gin com Tónica lata 33 cl,Beefeater,,"2,29 €","(6,94 € / Litro)",
Coca-Cola Refrigerante com Gás Sabor Original Vidro garrafa 1 L,Coca-Cola,,"1,85 €","(1,85 € / Litro)",
Boca Doce Pudim de Ananás embalagem 22 g,Boca Doce,,"0,45 €","(20,45 € / Kg)",
El Corte Inglés Salsichas Cocktail frasco 150 g,El Corte Inglés,,"3,49 €","(23,27 € / Kg)",
Air Wick Exotic Scents Vela Duo com Fragrância de Maçã embalagem 105 g,Air Wick Exotic Scents,,"9,49 €","(45,14 € / Kg)","9,49 €"
Biográ Esparguete Bio 100% Lentilhas sem Lactose embalagem 250 g,Biográ,,"3,99 €","(15,96 € / Kg)",
Sojasun Iogurte Natural Bio embalagem 400 g,Sojasun,,"2,69 €","(6,72 € / Kg)",
Sossego Vinho Rosé do Alentejo garrafa 75 cl,Sossego,,"4,99 €","(6,65 € / Litro)",
El Corte Inglés Bio Creme de Amêndoas sem Glúten Biológico frasco 330 g,El Corte Inglés Bio,,"4,50 €","(13,64 € / Kg)",
William Lawson's Whisky garrafa 70 cl,William Lawson's,,"14,79 €","(21,13 € / Litro)",
Limão Peso Aproximado por cuvete 1 kg,,,"2,99 €","(2,99 € / Kg)",
Veckia Sabonete Líquido para as Mãos Bubble embalagem 500 ml,Veckia,,"1,45 €","(0,29 € / 10 ml.)",
Special Line El Corte Inglés Farelo de Trigo Integral embalagem 150 g,Special Line El Corte Inglés,,"0,69 €","(4,60 € / Kg)",
Tarni Shield Limpa Cobre 250 ml,Tarni Shield,,"5,60 €","(22,40 € / Litro)",
Condi Mousse de Maracujá embalagem 80 g,Condi,,"1,64 €","(20,50 € / Kg)",
Castelões Queijo Curado em Fatias - 30% Gordura sem Lactose embalagem 150 g,Castelões,,"2,19 €","(14,60 € / Kg)",
Skip Ultimate Detergente para a Maquina da Roupa Active Fresh embalagem 54 cápsulas,Skip Ultimate,,"29,99 €","(0,56 € / Dose)",
Glenfiddich Whisky Malte 12 Anos garrafa 70 cl,Glenfiddich,,"34,99 €","(49,99 € / Litro)",
El Corte Inglés Salada de Massa com Atum embalagem 240 g,El Corte Inglés,,"2,19 €","(9,12 € / Kg)",
Lay's Forno Batatas Fritas Onduladas -50% Gordura embalagem 150 g,Lay's Forno,,"2,19 €","(14,60 € / Kg)",
Gullón Bolachas Digestivas de Aveia Choco com Chips de Chocolate Preto embalagem 425 g,Gullón,,"2,95 €","(6,94 € / Kg)",
Delaviuda Bombons de Chocolate Preto sem Açúcar embalagem 150 g,Delaviuda,,"3,40 €","(22,67 € / Kg)",
Danone Activia Bifidus Naturais Iogurte Líquido de Cereais Integrais Pack 8 embalagem 155 g,Danone Activia Bifidus Naturais,,"3,49 €","(2,81 € / Kg)",
Casting Creme Gloss Coloração Nº 300 Castanho Escuro embalagem 1 unidade,Casting Creme Gloss,,"9,99 €","(9,99 € / Unidade)",
Ferrero Rocher Bombons 6 Unidades embalagem 75 g,Ferrero Rocher,,"3,49 €","(46,53 € / Kg)",
Mae Ploy Espiga de Milho Doce Baby lata 425 g,Mae Ploy,,"3,83 €","(9,01 € / Kg)",
Iswari Despertar de Buda Framboesa em Pó Biológica embalagem 360 g,Iswari Despertar de Buda,,"9,79 €","(27,19 € / Kg)",
El Corte Inglés Selection Filetes de Cavala do Sul em Azeite 8-14 Unidades lata 200 g,El Corte Inglés Selection,,"4,35 €","(21,75 € / Kg)",
Margão Bagas de Zimbro frasco 28 g,Margão,,"2,49 €","(88,93 € / Kg)",
Nobre Cuida-t + Peito de Peru em Fatias Finas Baixo Teor de Sal e Gordura sem Lactose sem Glúten embalagem 110 g,Nobre Cuida-t +,,"2,69 €","(24,45 € / Kg)",
Quinta dos Açores Gelado Queijada Graciosa de Leite e Nata embalagem 500 ml,Quinta dos Açores,,"5,99 €","(11,98 € / Litro)",
Victorio & Lucchino Colónia Feminina Nº 7 Explosión Cítrica embalagem 150 ml,Victorio & Lucchino,,"11,49 €","(76,60 € / Litro)",
Buondi Café para Nespresso Intenso 10 embalagem 10 cápsulas,Buondi,,"3,79 €","(0,38 € / Unidade)",
"Kellogg's Krave Barra de Cereais Stix de Chocolate e Avelã Pack 5 embalagem 102,5 g",Kellogg's Krave,,"2,59 €","(25,27 € / Kg)",
RTM Queijo de Ovelha com Trufa unidade 390 g,RTM,,"13,99 €","(35,87 € / Kg)",
Mercurochrome Pensos para Dedos embalagem 12 unidades,Mercurochrome,,"4,65 €","(0,39 € / Unidade)",
Anti-Rob Erva Tereré Menta com Boldo embalagem 500 g,Anti-Rob,,"3,99 €","(7,98 € / Kg)",
Neo Blanc Wc Bloco Sanitário Espuma Activa com Lixívia embalagem 1 unidade,Neo Blanc Wc,,"2,99 €","(1,49 € / Unidade)","2,99 €"
Cebola Roxa embalagem 500 g,,,"1,49 €","(2,98 € / Kg)",
Lipton Chá Preto Yellow Label embalagem 20 unidades,Lipton,,"1,15 €","(0,06 € / Unidade)",
Alpro Yofu de Soja com Morango Pack 4 embalagem 500 g,Alpro,,"2,89 €","(23,12 € / Kg)",
Heinz Top Down Ketchup embalagem 460 g,Heinz Top Down,,"3,69 €","(5,20 € / Kg)","3,69 €"
"Três Bagos Vinho Tinto do Douro Reserva garrafa 1,5 L",Três Bagos,,"20,99 €","(13,99 € / Litro)",
Kit Kat Gelado embalagem 480 ml,Kit Kat,,"6,99 €","(14,56 € / Litro)",
Milaneza Wok Massa Espirais embalagem 500 g,Milaneza Wok,,"1,99 €","(3,98 € / Kg)",
"El Corte Inglés Detergente Líquido para Chão Colónia embalagem 1,5 L",El Corte Inglés,,"1,10 €","(0,73 € / Litro)",
Renova Maxi Absorption Rolos de Cozinha 6 + 2 Grátis 8 unidades,Renova Maxi Absorption,,"4,65 €","(0,58 € / Unidade)",
Kikkoman Molho de Soja com Limão Ponzu garrafa 250 ml,Kikkoman,,"4,69 €","(18,76 € / Litro)",
Heinz Esparguete com Salsichas em Molho de Tomate lata 400 g,Heinz,,"2,95 €","(7,38 € / Kg)",
Cillit Bang Casa de Banho Super Limpeza embalagem 500 ml,Cillit Bang,,"4,49 €","(8,98 € / Litro)",
Neo Botanica Gomas de Gelatina sem Glúten embalagem 150 g,Neo Botanica,,"2,09 €","(13,93 € / Kg)",
Santa Catarina Atum em Azeite Posta lata 120 g,Santa Catarina,,"1,74 €","(14,50 € / Kg)",
Babaria After Shave Balsamo Aloe embalagem 100 ml,Babaria,,"6,49 €","(64,90 € / Litro)",
Delaviuda Bombons Artesanais embalagem 180 g,Delaviuda,,"8,99 €","(49,94 € / Kg)",
Go Chill Bebida de Cappuccino embalagem 243 ml,Go Chill,,"1,59 €","(6,54 € / Litro)",
Quinta das Bageiras Vinho Branco da Bairrada Reserva garrafa 75 cl,Quinta das Bageiras,,"9,25 €","(12,33 € / Litro)",
Nestlé Cheerios Cereais Integrais com Mel Biológicos embalagem 330 g,Nestlé Cheerios,,"3,99 €","(12,09 € / Kg)",
BeiraNova Tentáculos de Pota embalagem 800 g,BeiraNova,,"4,99 €","(5,36 € / Kg)","4,99 €"
El Corte Inglés Cozido Madrileño lata 425 g,El Corte Inglés,,"1,65 €","(3,88 € / Kg)",
Dietisa Tisana Folha de Malva embalagem 50 g,Dietisa,,"1,89 €","(37,80 € / Kg)",
Jacquot Bombons Praliné embalagem 1000 g,Jacquot,,"7,39 €","(7,39 € / Kg)",
"Rosmaninho Azeite Virgem Extra 0,5 De Trás-os-Montes DOP garrafão 5 L",Rosmaninho,,"26,95 €","(5,39 € / Litro)",
Isola Bio Bebida de Amendôa sem Açúcar pack 3 250 ml,Isola Bio,,"3,45 €","(4,60 € / Litro)",
Canã Nature Guacamole Clássico embalagem 200 g,Canã Nature,,"2,89 €","(14,45 € / Kg)",
Air Wick Stick' Up Ambientador Decorativo Fresh Aqua 2 em 1 embalagem 2 unidades,Air Wick Stick' Up,,"3,99 €",(2 € / Unidade),
Renova Grand Royal Papel Higiénico 4 Folhas embalagem 18 unidades,Renova Grand Royal,,"17,49 €","(0,97 € / Unidade)",
Letra Cerveja Artesanal Minhota F garrafa 33 cl,Letra,,"2,99 €","(9,06 € / Litro)",
Nutribén Primeira Papa Lactea embalagem 250 g,Nutribén,,"3,19 €","(12,76 € / Kg)",
100% Titular Rabanetes embalagem 125 g,100% Titular,,"1,19 €","(9,52 € / Kg)",
El Corte Inglés Corações de Alcachofras ao Natural 15/20 Unidades frasco 160 g,El Corte Inglés,,"2,75 €","(17,19 € / Kg)",
Eci Selection Lagostin Cozido Mediterraneo 800 g,Eci Selection,,"33,49 €","(41,86 € / Kg)",
Lola Máscara Capilar Hidratante Meu Cacho embalagem 450 g,Lola,,"14,60 €","(32,44 € / Kg)",
Terras do Grifo Vinho do Branco do Bio garrafa 75 cl,Terras do Grifo,,"6,79 €","(9,05 € / Litro)",
"Cantillon Cerveja da Bélgica Kriek Lambic Biológica garrafa 37,5 cl",Cantillon,,"13,90 €","(37,07 € / Litro)",
Smileat Vitela com Legumes +6 Meses Biológico frasco 230 g,Smileat,,"2,29 €","(9,96 € / Kg)",
Schwarzkopf Root Retoucher Spray Retoca Raízes Louro Escuro embalagem 120 ml,Schwarzkopf Root Retoucher,,"12,39 €","(103,25 € / Litro)",
Old Spice Desodorizante Spray Captain embalagem 150 ml,Old Spice,,"4,49 €","(29,93 € / Litro)",
Encinas de Hurtada Salsichão Cular Ibérico 1/2,Encinas de Hurtada,,"22,95 €/kg",,
Tabasco Molho Jalapeno frasco 57 ml,Tabasco,,"2,95 €","(51,75 € / Litro)",
Strogonoff de Porco Peso Aproximado 200 g,,,"5,95 €/kg",,
Compal Sumo 100% Frutos Vermelhos embalagem 1 L,Compal,,"1,49 €","(1,49 € / Litro)",
La Costeña Molho Mexicano Caseiro lata 220 g,La Costeña,,"2,19 €","(9,95 € / Kg)",
Ajax Desinfectante Lava Tudo Essentials embalagem 100 ml,Ajax,,"3,99 €","(39,90 € / Litro)",
Lindt Sensation Fruit Bombons de Chocolate Preto Recheados com Mirtilo e Açai embalagem 150 g,Lindt Sensation Fruit,,"4,99 €","(33,27 € / Kg)",
El Corte Inglés Creme de Abóbora sem Lactose embalagem 500 g,El Corte Inglés,,"1,35 €","(2,70 € / Kg)",
Nutribén Maçã Golden 4 Meses frasco 120 g,Nutribén,,"0,99 €","(8,25 € / Kg)",
Abacate Hass Peso Aproximado por unidade 300 g,,,"4,49 €/kg",,
Garofalo Selezione Spaghetti com Tinta de Chocos embalagem 500 g,Garofalo Selezione,,"4,69 €","(9,38 € / Kg)",
Cellislim Chá de Frutos Vermelhos Drenante Activo embalagem 30 g,Cellislim,,"4,55 €","(151,67 € / Kg)",
Veckia Luva de Banho de Crina Exfoliante Natural embalagem 1 unidade,Veckia,,"2,10 €","(2,10 € / Unidade)",
Bicentury Tortas de Milho com Trigo Sarraceno sem Glutén embalagem 130 g,Bicentury,,"2,65 €","(20,38 € / Kg)",
Kikkoman Molho de Soja Biológico embalagem 250 ml,Kikkoman,,"5,49 €","(21,96 € / Litro)",
Vileda Microfibre Panos Multiusos Cores embalagem 4 unidades,Vileda Microfibre,,"5,69 €","(1,42 € / Unidade)",
Nutrísse Creme Coloração Nº 5.0 Castanho Claro embalagem 190 ml,Nutrísse Creme,,"9,49 €","(49,95 € / Litro)",
Helios Doce Natural de Figo Negro sem Glúten frasco 330 g,Helios,,"3,34 €","(10,12 € / Kg)",
"Super Bock Cerveja 0,0% Álcool Pack 6 garrafa 33 cl",Super Bock,,"4,99 €","(2,52 € / Litro)",
Raposeira Espumante Blanc de Noirs Bruto garrafa 75 cl,Raposeira,,"11,19 €","(14,92 € / Litro)",
Fabridoce Ovos Moles de Aveiro embalagem 250 g,Fabridoce,,"5,29 €","(21,16 € / Kg)",
Garnier Skin Active Água Micelar com Rosas para Pele Baça e Sensível embalagem 400 ml,Garnier Skin Active,,"7,99 €","(19,98 € / Litro)",
Provamel Quark Soja Biológico embalagem 400 g,Provamel,,"2,89 €","(7,22 € / Kg)",
El Corte Inglés Barrinhas de Surimi embalagem 450 g,El Corte Inglés,,"2,15 €","(4,78 € / Kg)",
Eau de Présent Colónia Feminina embalagem 1 L,Eau de Présent,,"38,10 €","(3,81 € / 10 ml.)",
El Corte Inglés 9 Mini Pizzas de Presunto e Queijo embalagem 270 g,El Corte Inglés,,"2,69 €","(9,96 € / Kg)",
Demak Up Discos Desmaquilhantes Cocoon embalagem 85 unidades,Demak Up,,"1,99 €","(0,02 € / Unidade)",
Nestlé L'Atelier Les Bouchées Bombons de Chocolate Sortido embalagem 398 g,Nestlé L'Atelier Les Bouchées,,"12,95 €","(32,54 € / Kg)",
Sonasol Poder Activo Bloco Sanitário de Pinho 50 g,Sonasol Poder Activo,,"3,19 €","(63,80 € / Kg)",
Somersby Sidra Blackberry lata 50 cl,Somersby,,"1,29 €","(2,58 € / Litro)",
Ferbar Grão Cozido com Pouco Sal lata 420 g,Ferbar,,"1,29 €","(3,07 € / Kg)",
Herbal Essences Bio-Renew Máscara Capilar Intensiva de Coco Hidrata e Suaviza embalagem 450 ml,Herbal Essences Bio-Renew,,"7,99 €","(13,31 € / Litro)","7,99 €"
Calheiros Cruz Vinho Tinto do Douro Reserva garrafa 75 cl,Calheiros Cruz,,"9,95 €","(13,27 € / Litro)",
Nongshim Snacks Argolas com Sabor a Cebola embalagem 90 g,Nongshim,,"2,99 €","(33,22 € / Kg)",
Trindade Cerveja Fénix garrafa 33 cl,Trindade,,"2,49 €","(7,55 € / Litro)",
Cem Porcento Infusão de Funcho Biológica embalagem 13 g,Cem Porcento,,"0,99 €","(76,15 € / Kg)",
Espiga Aneto Endro Folha frasco 17 g,Espiga,,"1,29 €","(75,88 € / Kg)",
Acorelle Desodorizante Especial Peles Sensíveis Biológico embalagem 50 ml,Acorelle,,"5,99 €","(119,80 € / Litro)",
"Terras do Grifo Vinho Branco do Douro Magnum Reseva garrafa 1,5 L",Terras do Grifo,,"31,50 €",(21 € / Litro),
Lobo de Vasconcelos Vinho Tinto Alentejano Reserva 2018 garrafa 75 cl,Lobo de Vasconcelos,,"9,95 €","(13,27 € / Litro)",
Casa de Mateus Doce de Pêssego 0% Açúcares frasco 280 g,Casa de Mateus,,"3,35 €","(11,96 € / Kg)",
Evian Brumisateur Tónico Facial Hidratante em Spray embalagem 150 ml,Evian Brumisateur,,"8,69 €","(57,93 € / Litro)",
Dinol Esfregão Lã de Aço 125 g,Dinol,,"1,95 €","(15,60 € / Kg)",
"Knorr Las Clásicas Creme Alicia com Abóbora, Cenoura e Ervilhas embalagem 1 L",Knorr Las Clásicas,,"4,29 €","(4,29 € / Litro)",
Coalho Queijo de Cabra de Trás-os-Montes Regional DOP Peso Aproximado por unidade 1 g,Coalho,,"24,98 €","(24,98 € / Kg)",
Couve Flor Peso Aproximado por Cuvete 800 g,,,"3,11 €","(3,89 € / Kg)",
Silvex Papel Chupóleo para Fritos 8 unidades,Silvex,,"1,39 €",(0 € / Unidade),
Jameson Whisky com Ginger Ale e Lima lata 33 cl,Jameson,,"2,29 €","(6,94 € / Litro)",
Sujaira Queijo de Cabra Curado Biológico embalagem 240 g,Sujaira,,"5,98 €","(24,92 € / Kg)",
Lindor Fraldas para Adultos com Elásticos Tamanho Médio embalagem 52 unidades,Lindor,,"22,49 €","(0,43 € / Unidade)",
Maybelline Super Stay 30H Base Líquida Nº 10 Ivory embalagem 8 unidades,Maybelline Super Stay 30H,,"13,99 €","(1,75 € / Unidade)",
Villar Sortido Serrano em Fatias Pack 4 x 50 g embalagem 200 g,Villar,,"5,99 €","(29,95 € / Kg)",
Dove Care & Protect Sabonete Líquido para as Mãos Recarga embalagem 500 ml,Dove Care & Protect,,"4,99 €","(9,98 € / Litro)",
Néstle Cereais Cini Mini's Churros embalagem 360 g,Néstle,,"3,89 €","(10,81 € / Kg)",
Dietisa Tisana Planta Cidreira embalagem 50 g,Dietisa,,"1,89 €","(37,80 € / Kg)",
Andechser Iogurte de Proteína Mirtilo Biológico embalagem 135 g,Andechser,,"1,85 €","(13,70 € / Kg)",
"Rustica Pizza Rustica Duplo Pepperoni, Queijo Cheddar e Mozzarella embalagem 565 g",Rustica,,"6,99 €","(12,37 € / Kg)",
Garnier Skin Active Água Micelar Olhos Sensíveis embalagem 400 ml,Garnier Skin Active,,"7,99 €","(19,98 € / Litro)",
"Sumol Refrigerante Laranja Zero garrafa 1,75 L",Sumol,,"1,39 €","(0,79 € / Litro)",
Lebanon Gardens Beringelas com Pasta de Sésamo lata 380 g,Lebanon Gardens,,"5,45 €","(14,34 € / Kg)",
Pão de Cenoura e Gengibre unidade 1 unidade,,,"2,29 €","(2,29 € / Unidade)",
Schweppes Refrigerante de Laranja com Gás garrafa 1 L,Schweppes,,"1,95 €","(1,95 € / Litro)",
Renova Black Label Guardanapos Cookies Gingerbread embalagem 20 g,Renova Black Label,,"1,99 €","(89,50 € / Kg)","1,99 €"
Johnson's Cotonetes Macios e Suaves embalagem 200 unidades,Johnson's,,"2,99 €","(0,01 € / Unidade)",
L'or Espresso Café Colombia para Nespresso embalagem 10 cápsulas,L'or Espresso,,"4,49 €","(0,34 € / Unidade)","4,49 €"
Johnson's Baby Óleo de Aloe Vera embalagem 500 ml,Johnson's Baby,,"5,59 €","(11,18 € / Litro)",
Milka Chocolate com Recheio de Amendoim e Caramelo MMMax embalagem 276 g,Milka,,"3,99 €","(14,46 € / Kg)",
Aussie Condicionador SOS embalagem 200 ml,Aussie,,"7,99 €","(39,95 € / Litro)",
Framboesa embalagem 125 g,,,"1,99 €","(15,92 € / Kg)",
González Byass Vinho Jerez Elegante Dry Fino garrafa 75 cl,González Byass,,"7,99 €","(10,65 € / Litro)",
Atelier do Doce Bolo Rei Selecionado Peso Aproximadao embalagem 800 g,Atelier do Doce,,"19,95 €/kg",,
Pommery Champanhe Royal Brut garrafa 75 cl,Pommery,,"37,50 €",(50 € / Litro),
Vidal Gomas Cintas Multicor embalagem 100 g,Vidal,,"1,39 €","(13,90 € / Kg)",
"Herdade Catapereiro Vinho Tinto Regional do Tejo Tyto alba garrafa 1,5 L",Herdade Catapereiro,,"12,90 €","(8,60 € / Litro)",
Cedro do Noval Vinho Branco do Douro garrafa 75 cl,Cedro do Noval,,"17,99 €","(23,99 € / Litro)",
Le Tribute Gin garrafa 70 cl,Le Tribute,,"38,99 €","(55,70 € / Litro)",
Barão Erva Nativa embalagem 1 kg,Barão,,"8,49 €","(8,49 € / Kg)",
Ferbar Ananás em Rodelas em Sumo Natural lata 820 g,Ferbar,,"4,49 €","(5,48 € / Kg)",
Delta Q Café Ethiopia embalagem 10 cápsulas,Delta Q,,"3,99 €","(0,40 € / Unidade)",
Jordan Pasta de Dentes Infantil 0-5 Anos embalagem 75 ml,Jordan,,"2,99 €","(39,87 € / Litro)",
Neo Clean Panos Esponja Absorvente Suave embalagem 3 unidades,Neo Clean,,"0,99 €","(0,33 € / Unidade)",
Cister Pop Pipocas Doces Coloridas embalagem 240 g,Cister Pop,,"2,90 €","(12,08 € / Kg)",
Air Wick Freshmatic Ambientador Aerossol Automático com Recarga Max White embalagem 250 ml,Air Wick Freshmatic,,"10,99 €","(43,96 € / Litro)",
Maçarico Tempero para Carne frasco 200 g,Maçarico,,"1,75 €","(8,75 € / Kg)",
Herdade de Gâmbia Vinho Tinto de Setúbal garrafa 75 cl,Herdade de Gâmbia,,"4,90 €","(6,53 € / Litro)",
Pescanova Camarão 22/34 Unidades embalagem 400 g,Pescanova,,"11,49 €","(28,72 € / Kg)",
Nestlé Cerelac Leite e Cereais Pijama Pack 2 embalagem 200 ml,Nestlé Cerelac,,"2,89 €","(7,22 € / Litro)",
Quinta D' Aldeia Lote de Enchidos e Queijo unidade 530 g,Quinta D' Aldeia,,"15,99 €","(30,17 € / Kg)",
Açor Massa Pimenta frasco 200 g,Açor,,"3,35 €","(16,75 € / Kg)",
Monte Bluna Vinho Tinto da Arruda Reserva garrafa 75 cl,Monte Bluna,,"28,90 €","(38,53 € / Litro)",
Lasanha à Bolonhesa 1 unidade,,,9 €,,
Sanex Natur Protect Desodorizante Invisible Fresh Bambu Roll-On embalagem 50 ml,Sanex Natur Protect,,"3,99 €","(79,80 € / Litro)",
Duracell Plus Pilhas 9V 6LR61/ MN1604 embalagem 1 unidade,Duracell Plus,,"5,99 €","(5,99 € / Unidade)",
Warre's Vinho do Porto Otima 10 Anos garrafa 75 cl,Warre's,,"16,50 €",(22 € / Litro),
Gold Cup Pó Agar-Agar embalagem 25 g,Gold Cup,,"3,45 €",(138 € / Kg),
Dr. Oetker Pizza Ristorante Pepperoni e Salame embalagem 320 g,Dr. Oetker,,"4,99 €","(15,59 € / Kg)",
Johnson's Baby Champô Gotas de Brilho embalagem 500 ml,Johnson's Baby,,"5,59 €","(11,18 € / Litro)",
Martiko Paté de Pato Superior embalagem 75 g,Martiko,,"3,49 €","(46,53 € / Kg)",
Calvé Top Down Ketchup embalagem 275 g,Calvé Top Down,,"1,39 €","(5,05 € / Kg)",
Eci Selection Esparguete com 33% de Ovo Fresco embalagem 250 g,Eci Selection,,"1,99 €","(7,96 € / Kg)",
Quinta de Cidrô Vinho Branco do Douro Gewurztraminer garrafa 75 cl,Quinta de Cidrô,,"14,99 €","(19,99 € / Litro)",
Saborosa Bolachas Belgas de Chocolate e Laranja embalagem 205 g,Saborosa,,"2,29 €","(11,17 € / Kg)",
Azeitona Verde Recheada com Chili,,,"16,45 €/kg",,
Nau do Cacau Chocolate Preto São Tomé e Príncipe 66% Biológico embalagem 40 g,Nau do Cacau,,"2,85 €","(71,25 € / Kg)",
Letra Oak Cerveja Artesanal Imperial Stout Letra G garrafa 33 cl,Letra Oak,,"3,49 €","(10,58 € / Litro)",
H&S Champô Anti-Caspa Suprême Suave com Óleo de Argão e de Amêndoa embalagem 300 ml,H&S,,"4,99 €","(16,63 € / Litro)",
Delta Q Double Café embalagem 10 cápsulas,Delta Q Double,,"4,39 €","(0,44 € / Unidade)",
Martini Vermute Floreale sem Álcool garrafa 75 cl,Martini,,"11,09 €","(14,79 € / Litro)",
Cerrado do Vale Queijo Regional de Ovelha Reserva Metade unidade 500 g,Cerrado do Vale,,"9,49 €","(18,98 € / Kg)",
Diaz Presunto G.Reserva Fatiado à Mão unidade 80 g,Diaz,,"7,99 €","(99,88 € / Kg)",
Lenor Aditivo Perfumado em Pérolas Wild Flower Blomm embalagem 224 g,Lenor,,"11,49 €","(29,20 € / Kg)","11,49 €"
Lindt Excellence Chocolate Preto 50% Cacau embalagem 100 g,Lindt Excellence,,"2,79 €","(27,90 € / Kg)",
Mimosa Iogurte Grego de Chocolate Pack 4 embalagem 110 g,Mimosa,,"2,89 €","(4,98 € / Kg)","2,89 €"
Riberalves Lombos de Bacalhau sem Espinhas embalagem 450 g,Riberalves,,"18,99 €","(42,20 € / Kg)",
Pedras Água com Gás com Sabor a Tangerina Pack 4 garrafa 25 cl,Pedras,,"2,39 €","(2,39 € / Litro)",
Lipton Ice Tea de Limão Zero Açúcar garrafa 1 L,Lipton Ice Tea,,"1,59 €","(1,59 € / Litro)",
Kaiku Bifi Iogurte Natural sem Glúten Pack 4 embalagem 125 g,Kaiku Bifi,,"1,99 €","(3,98 € / Kg)",
Soria Natural Batatas Fritas Biológicas embalagem 125 g,Soria Natural,,"3,49 €","(27,92 € / Kg)",
Merci Chocolates Sortidos embalagem 400 g,Merci,,"11,29 €","(28,22 € / Kg)",
Pão Prokorn embalagem 400 g,,,"2,05 €","(5,12 € / Kg)",
Moltex Pure & Nature Fraldas 2-5 Kg Tamanho 1 Ecológicas embalagem 22 unidades,Moltex Pure & Nature,,"8,45 €","(0,38 € / Unidade)",
Intocável Vinho Branco de Setúbal Herdade da Comporta garrafa 75 cl,Intocável,,"5,49 €","(7,32 € / Litro)",
Tradição Vinho Tinto Regional de Lisboa garrafa 75 cl,Tradição,,"3,39 €","(4,52 € / Litro)",
Margão Bio Cebolinho Biológico frasco 4 g,Margão Bio,,"2,69 €","(672,50 € / Kg)",
Babaria Gel de Banho de Leite de Coco e Baunilha embalagem 1 L,Babaria,,"3,25 €","(3,25 € / Litro)",
Quinta do Regueiro Vinho Verde Alvarinho Reserva Branco garrafa 75 cl,Quinta do Regueiro,,"9,99 €","(13,32 € / Litro)",
Vege Óleo Alimentar garrafa 1 L,Vege,,"3,49 €","(3,49 € / Litro)",
Lorenz Aperitivos Monster Munch Original embalagem 75 g,Lorenz,,"2,09 €","(27,87 € / Kg)",
Gelpeixe Polvo Limpo embalagem 500 g,Gelpeixe,,"7,69 €","(15,38 € / Kg)",
Nivea Naturally Good Creme Anti-Rugas de Dia Óleo de Argão Biológico embalagem 50 ml,Nivea Naturally Good,,"14,49 €","(289,80 € / Litro)",
Secos da Aldeia Amêndoas Caramelizadas embalagem 100 g,Secos da Aldeia,,"1,99 €","(19,90 € / Kg)",
La Molisana Spaghetti Nº15 embalagem 500 g,La Molisana,,"1,99 €","(3,98 € / Kg)",
Zaini Ovo de Chocolate de Leite Hotwheels Sortido embalagem 20 g,Zaini,,"1,29 €","(64,50 € / Kg)",
Prince Molho Tahini Orgânico embalagem 500 g,Prince,,"5,59 €","(11,18 € / Kg)",
Monte da Roquina Vinho Branco do Alentejo garrafa 75 cl,Monte da Roquina,,"3,99 €","(5,32 € / Litro)",
Preparado para Sopa Portuguesa embalagem 500 g,,,"1,79 €","(3,58 € / Kg)",
O.B. Tampões Normal Orgânico embalagem 16 unidades,O.B.,,"3,99 €","(0,25 € / Unidade)",
Milka Chocolate de Leite Recheado com Oreo Brownie embalagem 90 g,Milka,,"1,69 €","(18,78 € / Kg)",
Dove Nourishing Secrets Loção para o Corpo de Abacate Spray embalagem 190 ml,Dove Nourishing Secrets,,"3,89 €","(20,47 € / Litro)",
Cuétara Bolachas Maria Leve 4 Pague 3 embalagem 200 g,Cuétara,,"2,69 €","(3,36 € / Kg)",
Maybelline Color Sensational Batom Nº 385 Ruby For Me embalagem 1 unidade,Maybelline Color Sensational,,"11,99 €","(11,99 € / Unidade)",
Celeiro da Terra Doce Extra de Figo frasco 250 g,Celeiro da Terra,,"3,99 €","(15,96 € / Kg)",
Cockburn's Vinho do Porto Ruby garrafa 75 cl,Cockburn's,,"6,49 €","(8,65 € / Litro)",
Zerotre Sêmola de Trigo Duro com Verduras Pennine Biológica embalagem 250 g,Zerotre,,"4,75 €",(19 € / Kg),
Dione Zero Gelado de Amêndoa e Baunilha sem Açúcar Adicionado Pack 4 embalagem 90 ml,Dione Zero,,"5,99 €","(15,81 € / Litro)","5,99 €"
Renova Guardanapos Black Label Jungle embalagem 20 unidades,Renova,,"1,20 €","(0,10 € / Unidade)",
Soria Natural Bebida de Arroz W3-6 Biológica 1 L,Soria Natural,,"1,99 €","(1,99 € / Litro)",
Fapil Sacos do Lixo para Balde de Wc embalagem 20 unidades,Fapil,,"1,29 €","(0,06 € / Unidade)",
Carmim Vinho Tinto Regional do Alentejo Primitivo garrafa 75 cl,Carmim,,"12,95 €","(17,27 € / Litro)",
Tribe Sorbet de Goiaba copo 160 ml,Tribe,,"2,89 €","(18,06 € / Litro)",
Aneto Caldo Natural de Frango embalagem 500 ml,Aneto,,"3,09 €","(6,18 € / Litro)",
Secos da Aldeia Sementes de Chia embalagem 180 g,Secos da Aldeia,,"3,09 €","(17,17 € / Kg)",
Ambi Pur Ambientador para Casa de Banho Nuvens de Algodão embalagem 1 unidade,Ambi Pur,,"4,99 €","(2,49 € / Unidade)","4,99 €"
Antonio Banderas Eau de Toilette Blue Seduction + Body Lotion pack 1 unidade,Antonio Banderas,,"22,99 €","(19,49 € / Unidade)","22,99 €"
Barilla Esparguete de Lentilhas embalagem 250 g,Barilla,,"4,25 €",(17 € / Kg),
Margão Tomilho em Folhas embalagem 11 g,Margão,,"1,29 €","(117,27 € / Kg)",
Blue Dragon Molho Chow Mein para Saltear embalagem 120 g,Blue Dragon,,"1,95 €","(16,25 € / Kg)",
Rummo Penne Rigate Nº66 embalagem 500 g,Rummo,,"2,39 €","(4,78 € / Kg)",
Garoto Bombom Sortido embalagem 250 g,Garoto,,"7,25 €",(29 € / Kg),
Berchtesgadener Land Quark Magro Biológico embalagem 250 g,Berchtesgadener Land,,"1,75 €",(7 € / Kg),
Spontex Poder Verde Esfregão com Esponja embalagem 3 unidades,Spontex Poder Verde,,"3,99 €","(1,33 € / Unidade)",
Mayador Sidra Pack 6 garrafa 25 cl,Mayador,,"4,45 €","(17,80 € / Litro)",
Adega Cooperativa Ponte de Lima Vinho Verde Branco garrafa 75 cl,Adega Cooperativa Ponte de Lima,,"3,49 €","(4,65 € / Litro)",
Dez Prá Uma Bifinhos de Peru com Molho de Café até 2 pessoas embalagem 500 g,Dez Prá Uma,,12 €,(24 € / Kg),
Maria Organic Petingas em Azeite Virgem Extra Biológico embalagem 120 g,Maria Organic,,"2,95 €","(24,58 € / Kg)",
La Cetto Vinho Branco do Chile Sauvignon garrafa 75 cl,La Cetto,,"10,99 €","(14,65 € / Litro)",
Heinz Feijões em Molho de Tomate lata 415 g,Heinz,,"2,39 €","(5,76 € / Kg)",
Margão Bicarbonato de Sódio embalagem 60 g,Margão,,"0,99 €","(16,50 € / Kg)",
Diaz Chouriço Ibéico unidade 250 g,Diaz,,"4,19 €","(0,02 € / Kg)",
Côvo Queijo Regional de Reserva embalagem 400 g,Côvo,,"14,39 €","(35,98 € / Kg)",
Vitacress Espinafres embalagem 300 g,Vitacress,,"2,49 €","(8,30 € / Kg)",
Ti António Espetada Mista Peso Aproximado por cuvete 850 g,Ti António,,"11,01 €","(12,95 € / Kg)",
Palmolive Sabonete Liquido Leite & Mel embalagem 500 ml,Palmolive,,"4,99 €","(9,98 € / Litro)",
Gullón Bolachas Moment Choco Tablet Cobertas com Chocolate Preto Pack 4 embalagem 150 g,Gullón,,"1,90 €","(12,67 € / Kg)",
Old Spice After Shave Captain embalagem 100 ml,Old Spice,,"9,99 €","(99,90 € / Litro)",
Air Wick Life Scents Ambientador Eléctrico Delícias de Verão Recarga 2x 19 ml embalagem 38 ml,Air Wick Life Scents,,"11,89 €","(312,89 € / Litro)",
Cabeça de Toiro Vinho Branco Grande Reserva garrafa 75 cl,Cabeça de Toiro,,"17,99 €","(23,99 € / Litro)",
Eru Queijo Quero Classic unidade 135 g,Eru,,"2,19 €","(16,22 € / Kg)",
Paw Patrol Mini Cookies sem Açúcar embalagem 225 g,Paw Patrol,,"1,99 €","(8,84 € / Kg)",
Lipton Chá Preto English Breakfast embalagem 20 unidades,Lipton,,"1,39 €","(0,07 € / Unidade)",
Aussie Mascára SOS Repara embalagem 450 ml,Aussie,,"9,99 €","(22,20 € / Litro)",
Desidrata Dióspiro Desidratado sem Glúten Biológico embalagem 70 g,Desidrata,,"3,99 €",(57 € / Kg),
Secos da Aldeia Passas de Uva sem Graínha embalagem 100 g,Secos da Aldeia,,"0,75 €","(7,50 € / Kg)",
Gallo Vinagre de Vinho Tinto Cabernet Sauvignon garrafa 250 ml,Gallo,,"2,66 €","(10,64 € / Litro)",
Yoçor Iogurte Líquido Meio Gordo de Ananás Pack 4 embalagem 170 ml,Yoçor,,"2,19 €","(3,22 € / Litro)",
Atelier do Doce Broa Castelar embalagem 250 g,Atelier do Doce,,"6,49 €","(25,96 € / Kg)",
Mentos Rebuçados de Frutas embalagem 160 g,Mentos,,"2,19 €","(13,69 € / Kg)",
Sagres Cerveja sem Álcool 0.0% lata 33 cl,Sagres,,"0,65 €","(1,97 € / Litro)",
Arcos do Marquês Vinho Tinto da Bairrada Colheita Selecionada garrafa 75 cl,Arcos do Marquês,,"7,25 €","(9,67 € / Litro)",
Lindt Excellence Chocolate de Leite Extra Cremoso embalagem 100 g,Lindt Excellence,,"2,79 €","(27,90 € / Kg)",
Helios Doce Extra de Pêssego sem Glúten Biológico embalagem 00350 g,Helios,,"3,89 €","(11,11 € / Kg)",
Chimay Cerveja 150 Anniversair garrafa 33 cl,Chimay,,"3,39 €","(10,27 € / Litro)",
Sorini Notas de Chocolate de Leite embalagem 100 g,Sorini,,"1,99 €","(19,90 € / Kg)",
Gesprocarn Pernil de Porco Pré Cozido embalagem 600 g,Gesprocarn,,"8,99 €","(14,98 € / Kg)",
El Corte Inglés Grão de Bico embalagem 1 kg,El Corte Inglés,,"1,99 €","(1,99 € / Kg)",
"Nivea Cellular Filler Ampolas Elasticidade e Antigravidade Efeito Lifting com Ácido Hialurónico embalagem 8,4 ml",Nivea Cellular Filler,,"19,99 €","(2.379,76 € / Litro)",
Cadbury Achocolatado embalagem 250 g,Cadbury,,"4,99 €","(19,96 € / Kg)",
Mexifoods Molho Dip Sour Cream embalagem 240 g,Mexifoods,,"2,89 €","(12,04 € / Kg)",
Renova Skin Care Papel Higiénico Plus embalagem 12 unidades,Renova Skin Care,,"9,98 €","(0,83 € / Unidade)",
"Fastio Água sem Gás garrafa 2,5 L",Fastio,,"1,19 €","(0,48 € / Litro)",
Belfine Chupa Chupa de Chocolate Gata Bailarina embalagem 30 g,Belfine,,"2,29 €","(76,33 € / Kg)",
Top Sabor Mini Chamuças Picantes 10 Unidades embalagem 170 g,Top Sabor,,"4,79 €","(28,18 € / Kg)",
Dove Deeply Nourishing Gel de Banho embalagem 750 ml,Dove Deeply Nourishing,,"4,19 €","(5,59 € / Litro)",
Adega Czar Licor de Morango garrafa 50 cl,Adega Czar,,"28,99 €","(57,98 € / Litro)",
Bioterra Farinha de Amêndoa sem Pele Bio embalagem 500 g,Bioterra,,"12,99 €","(25,98 € / Kg)",
Instituto Espanol Água de Colónia Gotas Frescas embalagem 750 ml,Instituto Espanol,,"11,49 €","(15,32 € / Litro)",
Sonasol Wc Poder Activo Desinfectante Sanitário Aqua Pack 2 embalagem 50 g,Sonasol Wc Poder Activo,,"5,99 €","(59,90 € / Kg)",
Gillette Satin Care Espuma Depilatória Manteiga de Karité embalagem 200 ml,Gillette Satin Care,,"4,99 €","(138,61 € / Litro)",
Mercurochrome Pensos Cicatrização Activa embalagem 6 unidades,Mercurochrome,,"7,99 €","(1,33 € / Unidade)",
Titular Vinho Branco do Dão Colheita garrafa 75 cl,Titular,,"7,49 €","(9,99 € / Litro)",
Kleenex Lenços Faciais Collection embalagem 48 unidades,Kleenex,,"1,99 €","(0,04 € / Unidade)",
El Corte Inglés Espinafres em Folhas embalagem 1 kg,El Corte Inglés,,"1,89 €","(1,89 € / Kg)",
El Corte Inglés Cereais de Trigo com Mel embalagem 500 g,El Corte Inglés,,"1,85 €","(3,70 € / Kg)",
Casa dos Zagalos Vinho Branco do Alentejo Reserva garrafa 75 cl,Casa dos Zagalos,,"12,45 €","(16,60 € / Litro)",
"Vitabio Cool Fruits Maçã, Pêssego, Acerola e Alperce biológicas Pack 4 embalagem 90 g",Vitabio Cool Fruits,,"5,99 €","(66,56 € / Kg)",
Gillette Series Gel Hidratante da Barba embalagem 200 ml,Gillette Series,,"4,49 €","(22,45 € / Litro)",
La Carloteña Frango Assado embalagem 900 g,La Carloteña,,"8,49 €","(9,43 € / Kg)",
Naturefoods Massa de Sêmola de Trigo Duro Biológica embalagem 500 g,Naturefoods,,"1,35 €","(2,70 € / Kg)",
Hansaplast Penso Flexible Elastic XL embalagem 10,Hansaplast,,"2,89 €","(0,29 € / Unidade)",
Pato Brewing Cerveja Artesanal Pipa garrafa 33 cl,Pato Brewing,,"2,99 €","(9,06 € / Litro)",
Poli Phonia Vinho Tinto do Alentejo Reserva garrafa 75 cl,Poli Phonia,,"12,99 €","(17,32 € / Litro)",
Dom Vicente Vinho Tinto do Dão Reserva garrafa 75 cl,Dom Vicente,,"10,99 €","(14,65 € / Litro)",
Ceifeira Farinha de Milho embalagem 500 g,Ceifeira,,"0,64 €","(1,28 € / Kg)",
Delicatalia Barra de Coco e Chia Vegan sem Glúten Biológica embalagem 30 g,Delicatalia,,"1,79 €","(59,67 € / Kg)",
Amukina Desinfectante de Frutas e Verduras embalagem 500 ml,Amukina,,"6,35 €","(12,70 € / Litro)",
Sr. Basílio Batatas Fritas Palhíssima embalagem 180 g,Sr. Basílio,,"2,75 €","(15,28 € / Kg)",
El Corte Inglés Batatas Corte Fino embalagem 1 kg,El Corte Inglés,,"1,69 €","(1,69 € / Kg)",
Axe Dry Desodorizante Dark Temptation Roll-On embalagem 50 ml,Axe Dry,,"5,99 €","(119,80 € / Litro)",
Globo Tapioca Granulada Brasileira sem Glúten embalagem 250 g,Globo,,"1,69 €","(6,76 € / Kg)",
Bicafé Café Colômbia para Dolce Gusto Intensidade 8 Biológico embalagem 12 cápsulas,Bicafé,,"3,79 €","(0,32 € / Unidade)",
Pema Pão Integral Alemão com 5% de Sementes de Linho embalagem 500 g,Pema,,"2,65 €","(5,30 € / Kg)",
Dove Nourishing Secrets Sabonete Líquido para as Mãos de Coco Recarga embalagem 500 ml,Dove Nourishing Secrets,,"2,99 €","(5,98 € / Litro)",
Rozès Vinho do Porto Colheita garrafa 00075 cl,Rozès,,"25,50 €",(34 € / Litro),
Pão Regional unidade 500 g,,,"1,65 €","(3,30 € / Kg)",
Kinder Bueno Mini Chocolates embalagem 108 g,Kinder Bueno,,"2,49 €","(23,06 € / Kg)",
Delta Q Café XL Deqafeinatus Intensidade 1 embalagem 40 cápsulas,Delta Q,,"12,99 €","(0,32 € / Unidade)",
Ritter Sport Cholcolate Recheado de Biscoito embalagem 100 g,Ritter Sport,,"2,29 €","(22,90 € / Kg)",
Pato Real Arroz Basmati com Caril de Frango embalagem 300 g,Pato Real,,"6,19 €","(20,63 € / Kg)",
Quinta da Marinha Perna de Pato Peso Aproximado por embalagem 200 g,Quinta da Marinha,,"1,98 €","(9,89 € / Kg)",
Peito de Peru em Fatias Finas unidade 120 g,,,"2,59 €","(21,58 € / Kg)",
Oliveira da Serra Azeite Virgem Extra 1ª Colheita garrafa 500 ml,Oliveira da Serra,,"5,99 €","(11,98 € / Litro)",
Gullón Bio Organic Tortitas de Arroz Integral Biológicas sem Glúten embalagem 130 g,Gullón Bio Organic,,"2,19 €","(16,85 € / Kg)",
El Almendro Torrão Duro Suprema embalagem 250 g,El Almendro,,"5,85 €","(23,40 € / Kg)",
"Nestlé Kit Kat Original Pack 5 unidades embalagem 41,5 g",Nestlé,,"3,59 €","(86,51 € / Kg)",
Nestlé Maggi Canja de Galinha com Aletria embalagem 82 g,Nestlé Maggi,,"1,49 €","(13,29 € / Kg)","1,49 €"
Codyfer Palmilhas Tamanho 35-36 1 par,Codyfer,,"11,75 €","(11,75 € / Unidade)",
Men Expert Carbon Protect Desodorizante Ice Intense Roll-On embalagem 50 unidade,Men Expert Carbon Protect,,"3,99 €","(79,80 € / Litro)",
Biologic Bife de Frango Biológico embalagem 300 g,Biologic,,"7,99 €","(26,63 € / Kg)",
Ranchera M-Xico Molho de Queijo frasco 250 ml,Ranchera M-Xico,,"3,05 €","(12,20 € / Litro)",
Joya Bebida de Aveia Vegan sem Açúcar Biológica embalagem 1 L,Joya,,"2,75 €","(2,75 € / Litro)",
Nestlé L'Atelier Les Bouchées Chocolate Negro Mediant Caramelo Salgado embalagem 193 g,Nestlé L'Atelier Les Bouchées,,"6,49 €","(33,63 € / Kg)",
"Cheesecake de Frutos Silvestes unidade 1,5 kg",,,"14,95 €","(9,97 € / Kg)",
Macal Torresmos Soltos unidade 200 g,Macal,,"2,98 €","(14,90 € / Kg)",
Oreo Bolachas Recheadas com Creme embalagem 220 g,Oreo,,"1,99 €","(9,05 € / Kg)",
Wilkinson Sword Quattro Titanium Máquinas Recargas embalagem 4 unidades,Wilkinson Sword Quattro Titanium,,"9,85 €","(2,46 € / Unidade)",
Renova Esponjas Ensaboadas embalagem 10 unidades,Renova,,"2,06 €","(0,21 € / Unidade)",
Comfort Intense Care Amaciador para Roupa Sport Active Rush Ultra Concentrado embalagem 60 doses,Comfort Intense Care,,"7,99 €","(0,13 € / Dose)",
Globo Aroma de Morango frasco 28 ml,Globo,,"1,19 €","(42,50 € / Litro)",
Especialidades Tinta de Choco 4 Unidades embalagem 16 g,Especialidades,,"1,77 €","(110,62 € / Kg)",
Quinta dos Açores Bife da Vazia de Novilho Peso Aproximado por cuvete 400 g,Quinta dos Açores,,"8,78 €","(21,95 € / Kg)",
Paladin Maionese do Mar Top Down embalagem 225 ml,Paladin,,"1,89 €","(8,40 € / Litro)",
Nivea Q10 Creme Nutritivo Anti-Rugas Pele Muito Seca embalagem 50 ml,Nivea Q10,,"15,99 €","(223,80 € / Litro)","15,99 €"
"Nestlé Cerelac Seleção da Natureza Aveia, Quinoa e Ananás sem Açúcar desde os 6 Meses Pack 2 embalagem 240 g",Nestlé Cerelac Seleção da Natureza,,"3,49 €","(14,54 € / Kg)",
Trindade Cerveja Aurea garrafa 33 cl,Trindade,,"2,49 €","(7,55 € / Litro)",
Martini Vermute Fiero com Tónica lata 25 cl,Martini,,"2,19 €","(2,92 € / Litro)",
Ti-ti Pipocas Doces embalagem 115 g,Ti-ti,,"1,05 €","(9,13 € / Kg)",
Nestlé Cerelac Papa Infantil Láctea 5 Frutos sem Açúcares Adicionados embalagem 250 g,Nestlé Cerelac,,"3,39 €","(13,56 € / Kg)",
Doves Farm Organic Farinha de Espelta Biológica embalagem 1 kg,Doves Farm Organic,,"6,99 €","(6,99 € / Kg)",
Alpro Bebida de Soja com Frutos Vermelhos Pack 3 embalagem 250 ml,Alpro,,"2,29 €","(2,39 € / Litro)","2,29 €"
Naturefoods Barra de Amendoim Biológica embalagem 40 g,Naturefoods,,"1,30 €","(32,50 € / Kg)",
Bonduelle Tus Recetas Mediterranicas lata 300 g,Bonduelle,,"2,99 €","(9,97 € / Kg)",
Skittles Drageias de Fruta embalagem 38 g,Skittles,,"0,89 €","(23,42 € / Kg)",
Chão da Quinta Vinho Tinto do Dão garrafa 75 cl,Chão da Quinta,,"9,90 €","(13,20 € / Litro)",
Codyfer Calçadeira de Metal 1 unidade,Codyfer,,"2,65 €","(2,65 € / Unidade)",
Instituto Espanol Loção para o Corpo com Ureia para Pele Seca embalagem 500 ml,Instituto Espanol,,"4,49 €","(8,98 € / Litro)",
Verleal Salteado Campestre Bio embalagem 400 g,Verleal,,"2,99 €","(7,48 € / Kg)",
Aguinamar Mexilhões em Molho de Tomate embalagem 500 g,Aguinamar,,"5,49 €","(8,78 € / Kg)","5,49 €"
True Gum Pastilhas de Menta Biodegradáveis embalagem 21 g,True Gum,,"1,99 €","(94,76 € / Kg)",
El Corte Inglés Bolo Tipo Caseiro com Pepitas de Chocolate embalagem 240 g,El Corte Inglés,,"2,25 €","(9,38 € / Kg)",
Ferbar Marmelada Extra embalagem 400 g,Ferbar,,"1,99 €","(4,98 € / Kg)",
Raid Bolsinhas Perfumadas de Lavanda embalagem 1 unidade,Raid,,"5,49 €","(2,74 € / Unidade)","5,49 €"
Berbereta Espumante Brut Nature Reserva garrafa 75 cl,Berbereta,,"18,45 €","(24,60 € / Litro)",
Oriente Arroz Oriente Agulha embalagem 1 kg,Oriente,,"1,69 €","(1,69 € / Kg)",
Fim de Século Aguardente Velha garrafa 70 cl,Fim de Século,,"18,99 €","(24,27 € / Litro)","18,99 €"
Musa Cerveja Pack 4 + Abre Caricas garrafa 33 cl,Musa,,"10,99 €","(7,57 € / Litro)","10,99 €"
Vahiné Vela Nº 7 embalagem 1 unidade,Vahiné,,"2,19 €","(2,19 € / Unidade)",
Ox Nature Baobab Fruit Pulp Biológica embalagem 100 g,Ox Nature,,"8,49 €","(84,90 € / Kg)",
"Vitalis Água Mineral Natural Pack 6 garrafa 1,5 L",Vitalis,,"2,59 €","(0,29 € / Litro)",
Mevgal Iogurte Grego 2% embalagem 150 g,Mevgal,,"1,35 €",(9 € / Kg),
Gullón Bolachas Integrais Crocantes de Chocolate Vitalday com Flocos de Aveia embalagem 280 g,Gullón,,"2,35 €","(8,39 € / Kg)",
Tradizionale Pizza de Mozzarella e Pesto embalagem 370 g,Tradizionale,,"5,49 €","(14,84 € / Kg)",
Cataliment Coco Bio Perolas unidade 100 g,Cataliment,,"5,99 €","(59,90 € / Kg)",
Wasa Tostas embalagem 275 g,Wasa,,"2,49 €","(9,05 € / Kg)",
Maçarico Molho de Francesinha frasco 500 g,Maçarico,,"2,79 €","(5,58 € / Kg)",
Secos da Aldeia Mistura Tropical de Frutos Secos embalagem 100 g,Secos da Aldeia,,"1,09 €","(10,90 € / Kg)",
Starbucks Cappuccino embalagem 220 ml,Starbucks,,"1,79 €","(8,14 € / Litro)",
La Farella Arroz Redondo embalagem 1 kg,La Farella,,"1,99 €","(1,99 € / Kg)",
Chivas Regal Whisky XV garrafa 70 cl,Chivas Regal,,"54,99 €","(78,56 € / Litro)",
Raid Insecticida Eléctrico Anti Mosquitos Family 2 em 1 embalagem 27 ml,Raid,,"8,79 €","(325,56 € / Litro)",
Helios Doce Extra de Alperce sem Glúten Biológico frasco 350 g,Helios,,"3,89 €","(11,11 € / Kg)",
Garnier Color Sensation Coloração Permanente Intensa Nº 4.15 Chocolate embalagem 1 unidade,Garnier Color Sensation,,"8,85 €","(8,85 € / Unidade)",
Fernando de Castilla Brandy Jerez Solera Reserva garrafa 70 cl,Fernando de Castilla,,"13,95 €","(19,93 € / Litro)",
Veckia Pasta de Dentes Acção Total embalagem 75 ml,Veckia,,"0,84 €","(1,12 € / 10 ml.)",
"English Tea Shop Chá Verde, Romã e Rosas Biológico embalagem 40 g",English Tea Shop,,"3,99 €","(99,75 € / Kg)",
El Corte Inglés Frango Tandoori embalagem 250 g,El Corte Inglés,,"3,49 €","(13,96 € / Kg)",
Gallo Vinagre de Vinho Branco garrafa 250 ml,Gallo,,"1,49 €","(5,96 € / Litro)",
Nutella B-Ready Bolachas Recheadas com Nutella 2 Unidades embalagem 44 g,Nutella B-Ready,,"1,25 €","(28,41 € / Kg)",
El Corte Inglés Tomate Frito Pack 3 embalagem 210 g,El Corte Inglés,,"0,99 €","(1,57 € / Kg)",
Atelier do Doce Bolo de Aniversário Artesanal embalagem 1 kg,Atelier do Doce,,21 €,(21 € / Unidade),
Caves Sabrosa Vinho Tinto do Douro garrafa 75 cl,Caves Sabrosa,,"4,89 €","(6,52 € / Litro)",
Hempology Proteína de Cânhamo em Pó com Cacau Biológica embalagem 200 g,Hempology,,"12,75 €","(63,75 € / Kg)",
Colgate ZigZag Escova de Dentes Média Pack 2 + 1 Grátis embalagem 3 unidades,Colgate ZigZag,,"3,99 €",(2 € / Unidade),
Walkers Bolachas com Pedaços de Caramelo e Pecan embalagem 150 g,Walkers,,"4,15 €","(27,67 € / Kg)",
Margão Noz Moscada Moída embalagem 50 g,Margão,,"2,59 €","(51,80 € / Kg)",
Condi Gelatina Light Ananás embalagem 30 g,Condi,,"1,85 €","(61,67 € / Kg)",
"Couve Flor Peso Aproximado por unidade 1,2 kg",,,"1,99 €/kg",,
Renova Art de La Table Guardanapos Azuis embalagem 40 unidades,Renova Art de La Table,,"1,99 €","(0,05 € / Unidade)",
Xanpa Spray Multiusos Animais Perfumado embalagem 750 ml,Xanpa,,"3,05 €","(4,07 € / Litro)",
Margão Jalapenho Malagueta Partida Forte frasco 26 g,Margão,,"3,39 €","(130,38 € / Kg)",
Quiche de Espinafres unidade 80 g,,,"1,35 €","(1,35 € / Unidade)",
Indulac Queijo Minas Padrão unidade 500 g,Indulac,,"7,69 €","(15,38 € / Kg)",
Jordan Green Clean Pasta de Dentes Infantil +6 Anos embalagem 1 unidade,Jordan Green Clean,,"2,99 €","(2,99 € / Unidade)",
Olá Gelado Perna de Pau Pack 6 unidades embalagem 70 ml,Olá,,"3,99 €","(9,50 € / Litro)",
Bioterra Laminas de Amêndoa sem Pele Bio embalagem 200 g,Bioterra,,"6,49 €","(32,45 € / Kg)",
Triunfo Bolachas Wafer Recheadas com Chocolate embalagem 146 g,Triunfo,,"1,49 €","(10,21 € / Kg)",
Quinta das Marias Vinho Tinto do Dão Lote 2018 garrafa 75 cl,Quinta das Marias,,"9,65 €","(12,87 € / Litro)",
Dietisa Chá de Erva Doce embalagem 50 g,Dietisa,,"1,49 €","(29,80 € / Kg)",
Naturefoods Rodelas de Pêra Seca Bio embalagem 60 g,Naturefoods,,"2,20 €","(36,67 € / Kg)",
Ti Almerinda Bacalhau com Natas embalagem 450 g,Ti Almerinda,,"6,39 €","(14,20 € / Kg)",
Kellogg's All-Bran Barras de Cereais de Chocolate Pack 6 embalagem 240 g,Kellogg's All-Bran,,"3,85 €","(16,04 € / Kg)",
Morgadio de Estremoz Vinho Branco do Alentejo DOC Private Selection garrafa 75 cl,Morgadio de Estremoz,,"5,95 €","(7,93 € / Litro)",
El Corte Inglés Azeite de Oliva 1º garrafa 1 L,El Corte Inglés,,"3,99 €","(3,99 € / Litro)",
Palette Coloração Permanente Intensive Creme Color Nº 8.1 Louro Claro Cendré embalagem 1 unidade,Palette,,"5,99 €","(5,99 € / Unidade)",
Cozer de Novilho Carnalentejana DOP Peso Aproximado 500 g,,,"7,95 €/kg",,
Semear Doce de Tomate frasco 200 g,Semear,,"5,99 €","(29,95 € / Kg)",
Da Vinci Pé de Moça da Colónia Pote embalagem 190 g,Da Vinci,,"3,55 €","(18,68 € / Kg)",
Incap Rebuçados Mou Froll Toffee embalagem 125 g,Incap,,"0,99 €","(7,92 € / Kg)",
Royal Preparado para Cheescake embalagem 325 g,Royal,,"4,29 €","(13,20 € / Kg)",
Margão Pimenta Preta em Grão frasco 48 g,Margão,,"2,69 €","(56,04 € / Kg)",
Koka Massa Instantânea Light embalagem 330 g,Koka,,"3,29 €","(9,97 € / Kg)",
Duvalley Vinho Branco do Douro garrafa 75 cl,Duvalley,,"6,15 €","(8,20 € / Litro)",
Blue Dragon Folhas de Alga Sushi Nori embalagem 11 g,Blue Dragon,,"3,29 €","(299,09 € / Kg)",
Valle do Nídeo Vinho Tinto do Douro Reserva garrafa 75 cl,Valle do Nídeo,,"7,75 €","(10,33 € / Litro)",
Kerrygold Queijo Cheddar Branco Maduro embalagem 200 g,Kerrygold,,"3,98 €","(19,90 € / Kg)",
"Vahiné Fermento de Padeiro Pack 4 embalagem 4,6 g",Vahiné,,"1,89 €","(102,72 € / Kg)",
Florette Cenoura Ralada embalagem 150 g,Florette,,"0,99 €","(6,60 € / Kg)",
8ª Colina Cerveja Artesanal Red IPA garrafa 33 cl,8ª Colina,,"3,49 €","(10,58 € / Litro)",
Scotch-Brite Esfregão com Punho Super Limpeza 1 unidade,Scotch-Brite,,"5,89 €","(5,89 € / Unidade)",
Denim Original Desodorizante Spray embalagem 150 ml,Denim Original,,"4,80 €",(32 € / Litro),
Gliss Reparação Total Condicionador para Cabelos Secos e Estragados embalagem 200 ml,Gliss Reparação Total,,"4,99 €","(24,95 € / Litro)",
Dieter Hein Salame com Pimenta em Fatias unidade 100 g,Dieter Hein,,"3,69 €","(36,90 € / Kg)",
English Tea Shop Chá de Citrinos e Gengibre Biológico embalagem 30 g,English Tea Shop,,"3,99 €",(133 € / Kg),
Emanuel Casado Rebuçados de Funcho embalagem 150 g,Emanuel Casado,,"4,35 €",(29 € / Kg),
Santini Gelado de Chocolate embalagem 500 ml,Santini,,"14,95 €","(29,90 € / Litro)",
Doces D'Aveiro Areias de Canela embalagem 200 g,Doces D'Aveiro,,"2,89 €","(14,45 € / Kg)",
Naturefoods Flocos de Aveia Grossos Integrais sem Glúten Biológicos embalagem 475 g,Naturefoods,,"2,99 €","(6,29 € / Kg)",
Lindt Creation Chocolate com Recheio de Laranja embalagem 150 g,Lindt Creation,,"3,99 €","(26,60 € / Kg)",
Comfort Amaciador de Roupa Concentrado Angelica & Flor de Baunilha embalagem 80 doses,Comfort,,"9,99 €","(0,12 € / Dose)",
"Vinho Tinto do Dão Doc Magnum garrafa 1,5 L",,,"25,90 €","(17,27 € / Litro)",
Maçarico Azeitonas Pretas Inteiras Galega com Azeite Virgem Extra e Alho embalagem 155 g,Maçarico,,"2,99 €","(19,29 € / Kg)",
El Corte Inglés Selection Gelado de Tarte de Queijo com Xarope de Morango e Bolachas embalagem 500 ml,El Corte Inglés Selection,,"3,19 €","(6,38 € / Litro)",
Jean Louis David Pente de Alisar embalagem 1 unidade,Jean Louis David,,"4,46 €","(4,46 € / Unidade)",
Isostar Bebida Isotónica de Limão garrafa 50 cl,Isostar,,"1,71 €","(3,42 € / Litro)",
Renova Lenços Faciais Design School embalagem 70 unidades,Renova,,"3,45 €","(0,05 € / Unidade)",
Q M Espumante Bruto Alvarinho garrafa 75 cl,Q M,,"10,90 €","(14,53 € / Litro)",
Beyra Vinho Tinto da Beira Interior Reserva garrafa 300 cl,Beyra,,"42,90 €","(14,30 € / Litro)",
Beher Lote Fatiados Ibérico Bolota unidade 500 g,Beher,,"49,95 €","(99,90 € / Kg)",
Lekha Pão Nann Super com Alho embalagem 450 g,Lekha,,"3,79 €","(8,42 € / Kg)",
Veet Bandas Depilatórias Pure Biquini embalagem 16,Veet,,"7,99 €","(0,50 € / Unidade)",
Gillette Proshield Máquina de Barbear + Recarga embalagem 2 unidades,Gillette Proshield,,"15,99 €","(15,99 € / Unidade)",
Garofalo Massa Bucatini embalagem 500 g,Garofalo,,"2,09 €","(4,18 € / Kg)",
Schar Bolachas Spekulatius sem Glúten embalagem 100 g,Schar,,"2,19 €","(21,90 € / Kg)",
El Corte Inglés 10 Mini Cones com Sabor a Nata e Chocolate embalagem 300 ml,El Corte Inglés,,"2,19 €","(7,30 € / Litro)",
Espiga Cebola Picada embalagem 30 g,Espiga,,"1,29 €",(43 € / Kg),
Nivea Creme Smooth Gel de Banho embalagem 750 ml,Nivea Creme Smooth,,"6,99 €","(9,32 € / Litro)",
Quinta do Côtto Vinho Tinto do Douro Magnum garrafa 150 cl,Quinta do Côtto,,"18,69 €","(12,46 € / Litro)",
Babaria Desinfectante para as Mãos 70% Álcool Mineral Spray embalagem 100 ml,Babaria,,"2,49 €","(0,02 € / Unidade)",
Lindor Fraldas para Adultos com Elásticos Tamanho Grande embalagem 46 unidades,Lindor,,"28,75 €","(0,50 € / Unidade)","28,75 €"
Planta Natur Chá Boa Noite embalagem 15 g,Planta Natur,,"1,69 €","(112,67 € / Kg)",
Twix Mini Chocolates embalagem 170 g,Twix,,"2,15 €","(12,65 € / Kg)",
Garofalo Massa Penne Ziti Rigate Biológica embalagem 500 g,Garofalo,,"2,85 €","(5,70 € / Kg)",
Santiago Queijo Fresco de Cabra para Barrar embalagem 125 g,Santiago,,"1,99 €","(15,92 € / Kg)",
Soignon Queijo Rolo de Cabra com Mel unidade 125 g,Soignon,,"2,99 €","(23,92 € / Kg)",
Desidrata Morango Desidratado sem Glúten Biológico embalagem 30 g,Desidrata,,"4,99 €","(166,33 € / Kg)",
Delidu Folhado de Salsicha 6 Unidades embalagem 360 g,Delidu,,"4,19 €","(11,64 € / Kg)",
L'Oréal Elvive Óleo Extraordinário Champô para Cabelos Normais a Secos embalagem 400 ml,L'Oréal,,"5,99 €","(14,98 € / Litro)",
Boodles Gin garrafa 70 cl,Boodles,,"27,50 €","(39,29 € / Litro)",
De Marchi Polpa de Graviola embalagem 100 g,De Marchi,,"1,49 €","(14,90 € / Kg)",
Cogumelos Portobello Pequenos embalagem 250 g,,,"1,89 €","(5,96 € / Kg)","1,89 €"
Vive Soy Bebida de Amêndoa embalagem 1 L,Vive Soy,,"2,45 €","(2,45 € / Litro)",
Campofrio Tapas Presunto Serrano em Fatias unidade 80 g,Campofrio Tapas,,"2,59 €","(32,38 € / Kg)",
Not Guilty Chocolate Preto com Creme de Avelã 50% embalagem 90 g,Not Guilty,,"2,29 €","(25,44 € / Kg)",
Cepa Pura Vinho Branco de Lisboa Late Harvest garrafa 50 cl,Cepa Pura,,"19,25 €","(38,50 € / Litro)",
La Ermita Cantabria Iogurte Natural sem Glúten frasco 1000 g,La Ermita Cantabria,,"5,25 €","(5,25 € / Kg)",
Sagres Cerveja Pack 20 garrafa 25 cl,Sagres,,"8,99 €","(1,80 € / Litro)",
English Tea Shop Chá Because You´re Amazing Biológico embalagem 20 unidades,English Tea Shop,,"4,99 €","(0,25 € / Unidade)",
Hellmann's Ketchup 100% Natural embalagem 486 g,Hellmann's,,"3,69 €","(7,59 € / Kg)",
Maracujá Amarelo Peso Aproximado por unidade 180 g,,,"15,99 €/kg",,
Burgo de Arias Queijo Fresco de Cabra Pack 3 embalagem 70 g,Burgo de Arias,,"3,69 €","(17,57 € / Kg)",
Dez Prá Uma Marquisa de Chocolate com Praline embalagem 860 g,Dez Prá Uma,,"22,50 €","(26,16 € / Kg)",
Antonio Banderas The Secret Água de Colónia embalagem 100 ml,Antonio Banderas The Secret,,"25,95 €","(259,50 € / Litro)",
Pescanova Gambão Fácil de Descascar 21-25 embalagem 300 g,Pescanova,,"9,99 €","(33,30 € / Kg)",
Super Bock Cerveja Nacional Branca lata 50 cl,Super Bock,,"0,85 €","(1,70 € / Litro)",
Ti António Vitelão Fondu ATP Peso Aproximado por cuvete 450 g,Ti António,,"9,77 €","(21,70 € / Kg)",
Açores Doce Extra de Ananás DOP frasco 230 g,Açores,,"4,15 €","(18,04 € / Kg)",
Millan Vicente Queijo Gouda 100% Natural em Fatias Biológico embalagem 125 g,Millan Vicente,,"2,49 €","(19,92 € / Kg)",
Guloso Tomate em Pedaços com Manjericão e Oregãos embalagem 390 g,Guloso,,"2,35 €","(6,03 € / Kg)",
Fino Esfregão Fibra com Esponja e com Cabo embalagem 1 unidade,Fino,,"2,79 €","(2,79 € / Unidade)",
Carlsberg Cerveja da Dinamarca Pack 6 garrafa 25 cl,Carlsberg,,"3,74 €","(2,49 € / Litro)",
Roquette & Cazes Vinho Tinto do Douro garrafa 75 cl,Roquette & Cazes,,"21,50 €","(28,67 € / Litro)",
Mamma Emma Gnochi com Ricotta e Espinafres embalagem 400 g,Mamma Emma,,"4,29 €","(10,72 € / Kg)",
Frize Água com Gás sabor Ananás Pack 4 embalagem 25 cl,Frize,,"2,79 €","(2,79 € / Litro)",
Old El Paso Tortilhas para Wrap com uma Oferta embalagem 440 g,Old El Paso,,"3,15 €","(7,16 € / Kg)",
Secos da Aldeia Miolo de Pinhão embalagem 80 g,Secos da Aldeia,,"11,29 €","(141,12 € / Kg)",
Neo Blanc Lixívia Densa Perfumada Verde 2 L,Neo Blanc,,"3,45 €","(1,72 € / Litro)",
Excellence Creme Coloração Tripla Protecção Avançada Nº 8.3 Smooth Jazz embalagem 1 unidade,Excellence Creme,,"11,99 €","(11,99 € / Unidade)",
Castelomor Vinho Tinto do Alentejo Reserva garrafa 75 cl,Castelomor,,"5,99 €","(7,99 € / Litro)",
Compal Origens Néctar de Laranja do Algarve Pack 3 embalagem 20 cl,Compal Origens,,"1,69 €","(2,82 € / Litro)",
San Miguel Cerveja sem Glúten garrafa 33 cl,San Miguel,,"0,99 €",(3 € / Litro),
Poppels Cerveja da Suécia Passion Pale Ale garrafa 33 cl,Poppels,,"4,89 €","(14,82 € / Litro)",
St. Dalfour Doce de Groselha Preta frasco 284 g,St. Dalfour,,"3,49 €","(12,29 € / Kg)",
Weltenburger Kloster Cerveja da Alemanha garrafa 50 cl,Weltenburger Kloster,,"1,59 €","(3,18 € / Litro)",
Yaranza Kéfir de Mirtilos frasco 500 g,Yaranza,,"2,95 €","(5,90 € / Kg)",
"Terras do Grifo Vinho Tinto do Douro Magnum Reserva garrafa 1,5 L",Terras do Grifo,,"34,50 €",(23 € / Litro),
Nestlé Naturnes Fruta para Bebé Maçã e Manga sem Glúten Pack 4 embalagem 100 g,Nestlé Naturnes,,"3,29 €","(8,22 € / Kg)",
OGX Óleo para Cabelo de Argão Marrocos embalagem 100 ml,OGX,,"9,99 €","(99,90 € / Litro)",
Neoblanc Lixívia Frescura do Campo 2 L,Neoblanc,,"2,86 €","(0,02 € / Litro)",
Billy's Farm Cookies de Mirtilo com Pepitas de Chocolate Biológicos embalagem 175 g,Billy's Farm,,"3,45 €","(19,71 € / Kg)",
Febreze Tira Odores Extra Forte 500 ml,Febreze,,"3,99 €","(7,98 € / Litro)",
Portillo Vinho Tinto Malbec garrafa 75 cl,Portillo,,"9,49 €","(12,65 € / Litro)",
Pantagruel Chocolate de Culinária Proteína 0% Açúcar sem Glúten embalagem 200 g,Pantagruel,,"3,99 €","(19,95 € / Kg)",
Pimento Vermelho Peso Aproximado por unidade 215 g,,,"2,99 €/kg",,
Hershey's Syrup Topping de Chocolate garrafa 680 g,Hershey's Syrup,,"5,85 €","(8,60 € / Kg)",
Compal Clássico Néctar de Manga Magdalena embalagem 1 L,Compal Clássico,,"1,69 €","(1,69 € / Litro)",
Quinta da Atela Pack 3 Vinhos Branco + Tinto + Rosé Regional do Tejo embalagem 75 cl,Quinta da Atela,,"39,90 €","(22,80 € / Litro)",
Flor de Trois Vinho Branco Regional de Setúbal garrafa 75 cl,Flor de Trois,,"5,99 €","(7,99 € / Litro)",
Adega do Passo Vinho Tinto do Alentejo garrafa 75 cl,Adega do Passo,,"2,99 €","(3,99 € / Litro)",
Kinder Joy Ovo de Chocolate com Surpresa embalagem 20 g,Kinder Joy,,"1,45 €","(72,50 € / Kg)",
Konecke Salsichas Cocktail frasco 600 g,Konecke,,"7,79 €","(12,98 € / Kg)",
Milaneza Canelones embalagem 250 g,Milaneza,,"1,79 €","(7,16 € / Kg)",
Cimarrom Caju com Sal embalagem 150 g,Cimarrom,,"3,99 €","(26,60 € / Kg)",
Brasmar Polvo Limpo Nacional embalagem 1 kg,Brasmar,,"14,79 €","(14,79 € / Kg)",
El Corte Inglés Cerveja Nacional Clássica Pack 6 unidades embalagem 25 cl,El Corte Inglés,,"2,99 €",,
"English Tea Shop Chá Super Goodness Branco, Sencha e Matcha Biológico embalagem 35 g",English Tea Shop,,"3,99 €",(114 € / Kg),
Nivea Visage Tónico Facial Suave sem Álcool para Pele Seca a Sensível embalagem 200 ml,Nivea Visage,,"5,99 €","(19,45 € / Litro)","5,99 €"
Villa Maria Vinho Branco da Nova Zelândia Chardonnay garrafa 75 cl,Villa Maria,,"11,49 €","(15,32 € / Litro)",
Dunn's Molho Piri-Piri Extra Picante garrafa 85 ml,Dunn's,,"2,85 €","(33,53 € / Litro)",
Gullón Bio Organic Bolacha de Aveia Coberta de Chocolate de Leite Vegetarianas Biológicas embalagem 265 g,Gullón Bio Organic,,"3,99 €","(15,06 € / Kg)",
Taittinger Champanhe Prestige garrafa 75 cl,Taittinger,,"42,50 €","(56,67 € / Litro)",
"Sumol Refrigerante de Ananás com Gás garrafa 1,25 L",Sumol,,"0,99 €","(0,79 € / Litro)",
Isola Bio Bebida Miglio Biológica embalagem 1 L,Isola Bio,,"3,69 €","(3,69 € / Litro)",
Tena Pensos Higiénicos Protetores Noite Discreet Maxi embalagem 12 unidades,Tena,,"8,49 €","(0,71 € / Unidade)",
San Marcos Chiles Jalapeños em Pedaços em Salmoura lata 215 g,San Marcos,,"1,75 €","(8,14 € / Kg)",
Babaria Gel Limpeza Facial Matificante Aloe embalagem 150 ml,Babaria,,"4,79 €","(31,93 € / Litro)",
Lindt Sensation Fruit Bombons de Chocolate Preto Recheados com Framboesa e Mirtilo embalagem 150 g,Lindt Sensation Fruit,,"4,99 €","(33,27 € / Kg)",
Skittles Drageias de Fruta Crazy Sours embalagem 174 g,Skittles,,"2,49 €","(14,31 € / Kg)",
Royal Gelatina de Pêssego -30% Açúcar embalagem 114 g,Royal,,"1,99 €","(17,46 € / Kg)",
Regina Chocolate Preto 72% com Avelãs Inteiras Vegan sem Glúten embalagem 200 g,Regina,,"3,99 €","(19,95 € / Kg)",
Casa de Sabicos Vinho Tinto do Alentejo Reserva DOC garrafa 75 cl,Casa de Sabicos,,"11,95 €","(15,93 € / Litro)",
Estrella Galicia 1906 Cerveja de Espanha Black Coupage Pack 6 garrafa 33 cl,Estrella Galicia 1906,,"7,15 €","(3,61 € / Litro)",
Babaria Rosa Mosqueta Água Micelar embalagem 400 ml,Babaria Rosa Mosqueta,,"4,49 €","(11,22 € / Litro)",
Santa Catarina Filetes de Atum com Pimenta dos Açores lata 120 g,Santa Catarina,,"3,09 €","(25,75 € / Kg)",
Aliada Sumo de Laranja com Polpa embalagem 1 L,Aliada,,"1,49 €","(1,49 € / Litro)",
Nescafé Dolce Gusto Café Sical Intensidade 7 embalagem 30 cápsulas,Nescafé Dolce Gusto,,"10,49 €","(0,35 € / Unidade)",
"Gin Lovers Pack Selection II 1 Lisboa Gin + 1 Gin Lovers + 8 botânicos + 4 Águas Tónicas Premium + 3 Utensílios (Copo Medidor, Colher de Bar, Coador)",Gin Lovers,,58 €,(58 € / Unidade),
Mimosa Aroma Iogurte Aroma a Morango Pack 4 embalagem 120 g,Mimosa Aroma,,"1,09 €","(2,27 € / Kg)",
Lusiaves Salsichas de Peru embalagem 500 g,Lusiaves,,"4,29 €","(8,58 € / Kg)",
Cabriz Conjunto 2 Vinhos Tinto do Dão garrafa 75 cl,Cabriz,,"9,98 €","(6,65 € / Litro)",
Lupucinus Vinho Tinto do Douro garrafa 75 cl,Lupucinus,,"9,45 €","(12,60 € / Litro)",
Tostagrill Tostas Integrais embalagem 750 g,Tostagrill,,"3,79 €","(5,05 € / Kg)",
Grand Marnier Licor Cordon Rouge de Laranja garrafa 70 cl,Grand Marnier,,"27,99 €","(39,99 € / Litro)",
Diplomático Rum Reserva Exclusiva garrafa 70 cl,Diplomático,,46 €,(57 € / Litro),46 €
Go Chill Bebida Cappuccino de Aveia Biológica embalagem 240 ml,Go Chill,,"1,69 €","(7,04 € / Litro)",
Barbeito Vinho da Madeira 4 Miniaturas garrafa 5 cl,Barbeito,,"9,25 €","(46,25 € / Litro)",
Ruben Filetes de Cavala Fumada unidade 85 g,Ruben,,"5,49 €","(64,59 € / Kg)",
El Corte Inglés Queijo de Cabra em Fatias embalagem 240 g,El Corte Inglés,,"4,69 €","(19,54 € / Kg)",
Pazo do Queixo Queijo San Simon da Costa ao peso 1 kg,Pazo do Queixo,,"18,98 €/kg",,
Búfalo Decapante de Ceras para o Chão 500 ml,Búfalo,,"3,29 €","(6,58 € / Litro)",
Tostagrill Tostas de Trigo 40 Unidades embalagem 300 g,Tostagrill,,"2,49 €","(8,30 € / Kg)",
El Corte Inglés Feijão Branco embalagem 1 kg,El Corte Inglés,,"2,45 €","(2,45 € / Kg)",
Secos da Aldeia Cajus Fritos com Sal embalagem 180 g,Secos da Aldeia,,"3,99 €","(22,17 € / Kg)",
Vale da Calada Vinho Tinto do Alentejo garrafa 75 cl,Vale da Calada,,"5,19 €","(6,92 € / Litro)",
Gullón Zero Bolachas Maria Dourada sem Açúcares Adicionados embalagem 400 g,Gullón Zero,,"3,35 €","(8,38 € / Kg)",
Renova Maxi Absorption XXL Rolos de Cozinha embalagem 3 unidades,Renova Maxi Absorption XXL,,"3,35 €","(1,12 € / Unidade)",
The Berry Company Sumo Goji Berry embalagem 33 cl,The Berry Company,,"1,69 €","(5,12 € / Litro)",
Glade Ambientador Aromaterapia Cool Mist Bergamot+ Lemongrass Recarga embalagem 17 ml,Glade,,"7,99 €",(470 € / Litro),
Serpis Azeitonas Pretas com Caroço lata 300 g,Serpis,,"3,19 €","(10,63 € / Kg)",
Minhofumeiro Farinheira embalagem 180 g,Minhofumeiro,,"3,09 €","(17,17 € / Kg)",
Bicentury Barritas de Chocolatae Branco com Coco e Limão embalagem 90 g,Bicentury,,"3,20 €","(35,56 € / Kg)",
El Corte Inglés Selection Mini Madalenas Artesanais Sem Lactose embalagem 150 g,El Corte Inglés Selection,,"1,70 €","(11,33 € / Kg)",
Marazul Sardinha Asturiana embalagem 100 g,Marazul,,"2,39 €","(23,90 € / Kg)",
Smint Clean Breath Rebuçados Menta Intensa 2H sem Açúcar Pack 2 embalagem 35 g,Smint Clean Breath,,"4,95 €","(70,71 € / Kg)",
Al'Fez Molho de Almôndegas Marroquino frasco 450 g,Al'Fez,,"3,79 €","(8,42 € / Kg)",
Casa di Mama Pizza 4 Queijos embalagem 410 g,Casa di Mama,,"5,59 €","(13,63 € / Kg)",
Skip Detergente Líquido para a Máquina da Roupa Sensitive Concentrado embalagem 80 doses,Skip,,"15,99 €","(0,20 € / Dose)",
Hein Salsichas Brancas Picantes 4 Unidades embalagem 360 g,Hein,,"6,45 €","(17,92 € / Kg)",
Tom de Baton Vinho Branco do Douro garrafa 75 cl,Tom de Baton,,"7,35 €","(9,80 € / Litro)",
Eric Kayser Mini Amoreiras embalagem 3 unidades,,,"1,65 €","(0,55 € / Unidade)",
Jardineira de Novilho Carnalentejana DOP Peso Aproximado 350 g,,,"10,95 €/kg",,
El Corte Inglés Amendoins Virgínia Fritos embalagem 500 g,El Corte Inglés,,"3,29 €","(6,58 € / Kg)",
Destroop Bolachas Dentelles embalagem 75 g,Destroop,,"3,45 €",(46 € / Kg),
Redondo Iglesias Presunto de Bolota 100% Ibérico unidade 80 g,Redondo Iglesias,,"15,89 €","(198,62 € / Kg)",
Cister Nuts Pistachos Torrados embalagem 200 g,Cister Nuts,,"4,99 €","(24,95 € / Kg)",
Greens Cebola Pérola embalagem 450 g,Greens,,"1,59 €","(3,53 € / Kg)",
Nescafé Dolce Gusto Latte Macchiato Caramelo embalagem 16 cápsulas,Nescafé Dolce Gusto,,"5,99 €","(0,37 € / Unidade)",
El Corte Inglés Lentilhas Cozidas 400 g,El Corte Inglés,,"0,69 €","(1,72 € / Kg)",
Glamour Esponja de Aloe Vera Hidratante embalagem 1 unidade,Glamour,,"4,99 €","(4,99 € / Unidade)",
Air Wick Botanica Ambientador Eléctrico Vetiver das Caraíbas e Madeira de Sândalo Difusor + Recarga embalagem 19 ml,Air Wick Botanica,,"9,99 €","(525,79 € / Litro)",
Cem Porcento Planta Borututu para Chá embalagem 50 g,Cem Porcento,,"3,49 €","(69,80 € / Kg)",
Biopure Amaciador Suave e Delicado Bio 35 doses embalagem 1 L,Biopure,,"7,99 €","(7,99 € / Litro)",
Renova Guardanapos Pretos Pequenos 30 unidades,Renova,,"1,69 €","(0,06 € / Unidade)",
Pescanova Camarão de Moçambique Selvagem Médio 48/64 Unidades embalagem 800 g,Pescanova,,"21,49 €","(19,99 € / Kg)","21,49 €"
Herbopuntia Barrita Saciante de Chocolate embalagem 1 unidade,Herbopuntia,,"2,65 €","(2,65 € / Unidade)",
Prozis Waffles Cobertos com Chocolate sem Açúcar embalagem 30 g,Prozis,,"3,99 €","(22,17 € / Kg)",
William Lawson's Scotch Whisky & Cola lata 25 cl,William Lawson's,,"2,19 €","(8,76 € / Litro)",
Philadelphia Queijo Fresco para Barrar sem Lactose embalagem 150 g,Philadelphia,,"2,19 €","(14,60 € / Kg)",
Jack Daniel's Whisky Bourbon Gentleman garrafa 70 cl,Jack Daniel's,,"30,99 €","(44,27 € / Litro)",
Air Wick Pure Ambientador Aerossol Nenuco Colónia do Bebé embalagem 250 ml,Air Wick Pure,,"6,99 €","(27,96 € / Litro)",
Yoçor Iogurte Magro Aroma a Maracujá 0% Açúcares Adicionados sem Lactose Pack 4 embalagem 125 g,Yoçor,,"2,39 €","(4,78 € / Kg)",
Mercurochrome Pensos Rápidos embalagem 50 unidades,Mercurochrome,,"4,49 €","(0,09 € / Unidade)",
Ferrarini Fiambre da Perna em Fatias sem Glúten sem Lactose sem Fosfatos embalagem 90 g,Ferrarini,,"4,19 €","(34,92 € / Kg)",
Secos da Aldeia Miolo de Avelã embalagem 100 g,Secos da Aldeia,,"2,39 €","(23,90 € / Kg)",
Real Companhia Velha Vinho do Porto Malvasia garrafa 75 cl,Real Companhia Velha,,"6,50 €","(8,67 € / Litro)",
Lindt Bombom Lindor Pistacho embalagem 3 kg,Lindt,,111 €,(37 € / Kg),
Carlota Organic Pesto Tomate Secos Bio frasco 140 g,Carlota Organic,,"4,25 €","(30,36 € / Kg)",
Porminho Salame em Fatias embalagem 80 g,Porminho,,"1,35 €","(16,88 € / Kg)",
El Corte Inglés Alcool de Limpeza embalagem 1 L,El Corte Inglés,,"2,49 €","(2,49 € / Litro)",
Nutribén 6 Frutas com Cereais 4 Meses frasco 120 g,Nutribén,,"1,05 €","(8,75 € / Kg)",
Nestlé Nestum Cereais de Mel Integrais embalagem 600 g,Nestlé Nestum,,"4,64 €","(7,73 € / Kg)",
Colonia Las Liebres Vinho Tinto Bonarda Clásica garrafa 75 cl,Colonia Las Liebres,,"9,95 €","(13,27 € / Litro)",
Cillit Bang Spray Bolor e Sujidade embalagem 500 ml,Cillit Bang,,"4,49 €","(8,98 € / Litro)",
Duerr's Molho de Arando frasco 200 g,Duerr's,,"2,35 €","(11,75 € / Kg)",
Quaker Papas de Aveia Original embalagem 45 g,Quaker,,"1,09 €","(24,22 € / Kg)",
Topázio Vinho Branco do Douro garrafa 75 cl,Topázio,,"4,99 €","(6,65 € / Litro)",
"Messias Vinho do Porto 10 Anos + LBV 2007 garrafa 37,5 cl",Messias,,"18,25 €","(24,33 € / Litro)",
Vitamont Sumo de Maçã Biológico embalagem 200 ml,Vitamont,,"1,49 €","(7,45 € / Litro)",
Chaokoh Leite de Coco em Pó embalagem 60 g,Chaokoh,,"2,99 €","(49,83 € / Kg)",
La Molisana Maccheroni embalagem 500 g,La Molisana,,"1,99 €","(3,98 € / Kg)",
Sunny Delight Sumo Florida embalagem 500 ml,Sunny Delight,,"1,29 €","(2,58 € / Litro)",
Santa Margherita Vinho Branco de Itália Pinot Grigio garrafa 75 cl,Santa Margherita,,"13,85 €","(18,47 € / Litro)",
Beringelas Recheadas com Pimentos ao peso 1 kg,,,"12,49 €/kg",,
Campoaves Peito de Frango Bio do Campo Peso Aproximado por cuvete 1 kg,Campoaves,,"19,99 €","(19,99 € / Kg)",
Margão Ervas de Provence frasco 18 g,Margão,,"1,89 €",(105 € / Kg),
Ti Almerinda Rissóis de Leitão 4 Unidades embalagem 360 g,Ti Almerinda,,"3,59 €","(9,97 € / Kg)",
Tierra de Oro Vinho Rosé de Espanha Rioja garrafa 75 cl,Tierra de Oro,,"2,90 €","(3,87 € / Litro)",
Ramirez Atum em Azeite lata 120 g,Ramirez,,"1,89 €","(15,75 € / Kg)",
Nicola Café Alumínio Alma Kenia embalagem 10 unidades,Nicola,,"3,39 €","(0,34 € / Unidade)",
Vileda Luvas Descartáveis P/M embalagem 100,Vileda,,"19,99 €","(0,10 € / Unidade)","19,99 €"
Du Bois de La Roche Crackers Integrais Pack 20 embalagem 500 g,Du Bois de La Roche,,"3,25 €","(6,50 € / Kg)",
Terra Nostra Queijo Flamengo Light -50% Gordura em Fatias embalagem 200 g,Terra Nostra,,"2,79 €","(13,95 € / Kg)",
Kellogg's Krave Cereais com Recheio de Chocolate Preto embalagem 410 g,Kellogg's Krave,,"4,49 €","(10,95 € / Kg)",
Mimosa Bem Especial Leite Uht Magro Equilíbrio sem Lactose com Fibra e Coco embalagem 1 L,Mimosa Bem Especial,,"1,69 €","(1,69 € / Litro)",
El Corte Inglés Miolo de Camarão 50/55 embalagem 400 g,El Corte Inglés,,"7,99 €","(19,98 € / Kg)",
Illy Café Espresso Forte para Nespresso embalagem 10 cápsulas,Illy,,"5,24 €","(0,52 € / Unidade)",
El Corte Inglés Selection Marquesas embalagem 250 g,El Corte Inglés Selection,,"3,69 €","(14,76 € / Kg)",
Mimosa Proteína Leite Uht Café Pack 3 unidades 250 ml,Mimosa Proteína,,"2,99 €","(3,99 € / Litro)",
Fairy Detergente de Lavagem à Mão para Loiça Original Ultra Poder embalagem 650 ml,Fairy,,"4,49 €","(6,91 € / Litro)",
Veckia Esponja para Desmaquilhagem embalagem 3 unidades,Veckia,,"1,35 €","(0,45 € / Unidade)",
Beefeater Gin Lemon garrafa 70 cl,Beefeater,,"19,49 €","(27,84 € / Litro)",
Joaquim Costa Vargas Vinho Branco do Alentejo Antão Vaz garrafa 75 cl,Joaquim Costa Vargas,,"5,95 €","(7,93 € / Litro)",
Mimi Cerveja Artesanal Grape Ale garrafa 33 cl,Mimi,,"3,49 €","(10,58 € / Litro)",
Quinta do Romeu Vinho Tinto do Douro Biológico garrafa 75 cl,Quinta do Romeu,,"10,75 €","(14,33 € / Litro)",
Banzé Insecticida para Rastejantes Spray embalagem 400 ml,Banzé,,"3,79 €","(9,48 € / Litro)",
Crunch Chocolate Preto embalagem 100 g,Crunch,,"1,99 €","(19,90 € / Kg)",
Oral-B Kids Pasta de Dentes Frozen 3+ Anos embalagem 75 ml,Oral-B Kids,,"3,59 €","(47,87 € / Litro)",
Dove Go Fresh Desodorizante Pear e Aloe Vera Spray embalagem 150 ml,Dove Go Fresh,,"2,79 €","(18,60 € / Litro)",
Dum Dum Insecticida Anti-Traça Perfume de Cedro 2 unidades,Dum Dum,,"3,99 €",(2 € / Unidade),
"Carré de Porco Peso Aproximado 1,2 kg",,,"5,95 €/kg",,
Bioterra Massa Pãn de Amêndoa Bio embalagem 200 g,Bioterra,,"9,49 €","(47,45 € / Kg)",
Pirata Molho de Alho embalagem 150 ml,Pirata,,"1,99 €","(13,27 € / Litro)",
Cocomax Água de Coco Natural lata 315 ml,Cocomax,,"1,49 €","(4,73 € / Litro)",
Fula Nativos Óleo de Sementes de Sésamo Tostadas garrafa 250 ml,Fula Nativos,,"5,99 €","(23,96 € / Litro)",
Paladares Alentejanos Cabeça de Xara embalagem 200 g,Paladares Alentejanos,,"5,99 €","(29,95 € / Kg)",
Mestre Saul Filetes de Atum em Azeite lata 120 g,Mestre Saul,,"2,79 €","(23,25 € / Kg)",
Real Natura Champô Intensivo Pro-Cor Complexo B com Pantenol e Óleo de Noz embalagem 500 ml,Real Natura,,"10,10 €","(20,20 € / Litro)",
Lindt Lindor Chocolate de Leite embalagem 100 g,Lindt Lindor,,"2,69 €","(26,90 € / Kg)",
Ambi Pur Air Effects Ambientador Aerossol Brisa de Flores Spray 300 ml,Ambi Pur Air Effects,,"3,99 €","(9,97 € / Litro)","3,99 €"
Clearspring Gengibre Pickle para Sushi embalagem 50 g,Clearspring,,"3,95 €",(79 € / Kg),
Hengstenberg Pepinos em Vinagre com Coentros frasco 670 g,Hengstenberg,,"3,25 €","(4,85 € / Kg)",
Interdoces Gomas Marshmallows Sortido embalagem 350 g,Interdoces,,"3,75 €","(10,71 € / Kg)",
Fruter Mel dos Açores Bio embalagem 500 g,Fruter,,"14,49 €","(28,98 € / Kg)",
Riedenburger Cerveja Dolden Sud IPA India Pale Biológica garrafa 33 cl,Riedenburger,,"2,69 €","(8,15 € / Litro)",
El Corte Inglés Chocolate de Leite com Recheio de Morango sem Glúten embalagem 100 g,El Corte Inglés,,"0,99 €","(9,90 € / Kg)",
Novilho para Assar Chã de Fora Primeiro Preço Peso Aproximado 750 g,,,"10,95 €/kg",,
Condi Mix Grajeias frasco 65 g,Condi,,"1,79 €","(27,54 € / Kg)",
Campogrill Salsicha Crioulo unidade 350 g,Campogrill,,"2,69 €","(7,69 € / Kg)",
Mamoré de Borba Vinho Branco do Alentejo garrafa 75 cl,Mamoré de Borba,,"6,95 €","(9,27 € / Litro)",
Parodontax Escova de Dentes e Gengivas Suave embalagem 1 unidade,Parodontax,,"4,39 €","(4,39 € / Unidade)",
Torres Coronas Vinho Tinto de Espanha Penedes Tempranillo garrafa 75 cl,Torres Coronas,,"9,99 €","(13,32 € / Litro)",
Fuchs Muesli com Maçã Bio embalagem 350 g,Fuchs,,"5,85 €","(16,71 € / Kg)",
"El Corte Inglés Gel de Limpeza Casa de Banho embalagem 1,5 L",El Corte Inglés,,"1,65 €","(1,10 € / Litro)",
El Corte Inglés Canela Moída embalagem 100 g,El Corte Inglés,,"4,99 €","(49,90 € / Kg)",
El Corte Inglés Sumo de Laranja e Cenoura embalagem 750 ml,El Corte Inglés,,"2,85 €","(3,80 € / Litro)",
Cem Porcento Chá para Infusão Alcachofra e Dente de Leão embalagem 10 unidades,Cem Porcento,,"0,89 €","(68,46 € / Kg)",
Milka Milkinis Barras de Chocolate de Leite embalagem 87 g,Milka Milkinis,,"1,59 €","(18,17 € / Kg)",
Garnier Handrepair Creme de Mãos Reparador embalagem 120 ml,Garnier Handrepair,,"9,99 €","(83,25 € / Litro)",
Lactovit Loção Corporal Nutritiva embalagem 400 ml,Lactovit,,"7,39 €","(18,48 € / Litro)",
Globo Folhas de Gelatina Encarnada embalagem 4 unidades,Globo,,"0,85 €","(0,21 € / Unidade)",
El Almendro Cubits de Amêndoa e Caramelo com Sal sem Glúten embalagem 100 g,El Almendro,,"2,45 €","(24,50 € / Kg)",
Brillante Arroz com Quinoa e Lentilhas embalagem 250 g,Brillante,,"1,95 €","(7,80 € / Kg)",
Ruffles Original Batatas Fritas Onduladas sem Glúten Pack 6 embalagem 30 g,Ruffles Original,,"2,29 €","(56,33 € / Kg)","2,29 €"
Maybelline Fit Me Base Fluída Matificante Matte para Pele Normal a Oleosa Nº 245 Classic Beige embalagem 1 unidade,Maybelline Fit Me,,"9,99 €","(9,99 € / Unidade)",
Vidal Gomas Amoras embalagem 100 g,Vidal,,"1,39 €","(13,90 € / Kg)",
El Corte Inglés Entrecosto de Porco Preto Peso Aproximado 400 g,El Corte Inglés,,"7,95 €/kg",,
Miguelañez Gomas Marshmallows embalagem 150 g,Miguelañez,,"2,39 €","(15,93 € / Kg)",
Miwi Kombucha Ginger e Lemon sem Açúcar embalagem 00330 ml,Miwi,,"2,79 €","(8,45 € / Litro)",
Branca de Neve Preparado para Crepes embalagem 380 g,Branca de Neve,,"2,99 €","(7,87 € / Kg)",
Nestlé Cerelac Leite e Cereais 8 Cereais e Mel Pack 2 embalagem 200 ml,Nestlé Cerelac,,"2,89 €","(14,45 € / Litro)",
Outeiros Altos Vinho Branco do Alentejo Biológico garrafa 75 cl,Outeiros Altos,,"12,45 €","(16,60 € / Litro)",
Biologic Pernas de Frango Biológicas embalagem 400 g,Biologic,,"6,49 €","(16,22 € / Kg)",
Nestlé Snack de Leite embalagem 34 g,Nestlé,,"0,69 €","(20,29 € / Kg)",
Nivea Naturally Clean Barra de Limpeza Facial Exfoliante de Limpeza Profunda Carvão Ativo Ecológico embalagem 75 g,Nivea Naturally Clean,,"7,49 €","(99,87 € / Kg)",
Cem Porcento Rebuçados de Mel e Limão embalagem 75 g,Cem Porcento,,"1,49 €","(19,87 € / Kg)",
Dow's Vinho do Porto Branco garrafa 75 cl,Dow's,,"6,99 €","(9,32 € / Litro)",
El Corte Inglés Figurinhas de Maçapão embalagem 200 g,El Corte Inglés,,"2,49 €","(12,45 € / Kg)",
Manhãzitos Mini Bolos com Pepitas de Chocolate com Leite embalagem 84 g,Manhãzitos,,"1,29 €","(15,36 € / Kg)",
Aga Álcool Etílico 70% embalagem 250 ml,Aga,,"0,85 €","(3,40 € / Litro)",
"El Corte Inglés Água Tónica garrafa 1,5 L",El Corte Inglés,,"1,26 €",,
El Charcutero Costeletas Sajonia 1,El Charcutero,,"12,98 €/kg",,
"Voltan Ravioli de Nduja, Mascarpone e Cebola Vermelha embalagem 250 g",Voltan,,"4,45 €","(17,80 € / Kg)",
Barnangen Loção para o Corpo Nutritive para Pele Seca a Muito Seca embalagem 400 ml,Barnangen,,"7,69 €","(19,22 € / Litro)",
Beet It Sumo de Beterraba 100% Biológico garrafa 75 cl,Beet It,,"3,49 €","(4,65 € / Litro)",
Mimosa Cremoso Zero Iogurte Líquido de Pêssego e Maracujá 0% Açúcar Pack 4 embalagem 151 ml,Mimosa Cremoso Zero,,"2,79 €","(18,48 € / Litro)",
Casa Cadaval Vinho Regional Tejo Casa Cadaval Marquesa Cadaval garrafa 75 cl,Casa Cadaval,,"34,50 €",(46 € / Litro),
Lutti Carachoco Caramelos de Chocolate Carachoco embalagem 125 g,Lutti Carachoco,,"2,39 €","(15,93 € / Kg)",
El Corte Inglés Bio Creme de Abóbora sem Glúten Biológico frasco 485 g,El Corte Inglés Bio,,"3,45 €","(7,11 € / Kg)",
Simplu Granola com Amêndoa e Sementes Vegan sem Glúten Biológica embalagem 300 g,Simplu,,"6,40 €","(21,33 € / Kg)",
Santiveri Tortas de Espelta Biológicas embalagem 90 g,Santiveri,,"2,38 €","(26,44 € / Kg)",
Special Line Hambúrguer Vegetal de Hortelã Biológico embalagem 160 g,Special Line,,"2,49 €","(15,56 € / Kg)",
Swiffer Mopas para Madeira com Cera de Abelha Recarga embalagem 18 unidades,Swiffer,,"4,79 €","(0,27 € / Unidade)",
La Ermita Cantabria Iogurte Natural Açucarado sem Glúten frasco 1000 g,La Ermita Cantabria,,"6,19 €","(6,19 € / Kg)",
Unii Esponja Corporal Konjac embalagem 1 unidade,Unii,,"9,90 €","(9,90 € / Unidade)",
Alvarinho Vinho Verde Deu la Deu Grande Escolha Reserva Branco 75 cl,Alvarinho,,"10,90 €","(14,53 € / Litro)",
Savoie Queijo Reblochon Peso Aproximado 550 g,Savoie,,"24,59 €/kg",,
Hempology Cacau em Pó com Cânhamo para Criança Biológico embalagem 195 g,Hempology,,"9,80 €","(50,26 € / Kg)",
El Corte Inglés Pão Tostado com Tomate e Oregãos embalagem 160 g,El Corte Inglés,,"1,25 €","(7,81 € / Kg)",
Bife Acém Comprido Primeiro Preço Peso Aproximado 400 g,,,"8,49 €/kg",,
Magnum Gelado Double de Caramelo Pack 3 embalagem 88 ml,Magnum,,"4,99 €","(18,90 € / Litro)",
Milhafre Leite de Pastagem Meio Gordo embalagem 1 L,Milhafre,,"0,99 €","(0,99 € / Litro)",
Frutidry Caju Frito com Piri-Piri embalagem 200 g,Frutidry,,"4,49 €","(22,45 € / Kg)",
Bonduelle Legumes Primavera Pack 3 lata 200 g,Bonduelle,,"3,49 €","(17,45 € / Kg)",
Actimel Iogurte Líquido de Morango Pack 6 embalagem 100 g,Actimel,,"3,29 €","(32,90 € / Kg)",
Luso Fruta Água sem Gás com Sabor a Frutos Vermelhos garrafa 1 L,Luso Fruta,,"1,25 €","(1,25 € / Litro)",
Rocim Vinho Tinto do Alentejo garrafa 75 cl,Rocim,,"9,49 €","(12,65 € / Litro)",
Mc Vitie's Fruit & Form Bolachas Recheadas com Maçã e Canela embalagem 218 g,Mc Vitie's Fruit & Form,,"2,39 €","(10,96 € / Kg)",
Vileda Ultra Fresh Esfregão Fibra e Esponja Não Risca embalagem 3 unidades,Vileda Ultra Fresh,,"1,99 €","(0,66 € / Unidade)",
Buondi Café Moído Torrado Intenso Intensidade 10 Moagem Normal embalagem 220 g,Buondi,,"3,69 €","(16,77 € / Kg)",
Tetley Superfruits Infusão de Romã e Framboesa embalagem 20 unidades,Tetley Superfruits,,"2,89 €","(0,14 € / Unidade)",
Evax Cottonlike Pensos Higiénicos Ultra com Abas Fluxo Super embalagem 12 unidades,Evax Cottonlike,,"2,59 €","(0,22 € / Unidade)",
"Gordons Cerveja Barrel Aged Scoth Ale garrafa 37,5 cl",Gordons,,"21,90 €","(58,40 € / Litro)",
Artiach Crackers embalagem 200 g,Artiach,,"2,89 €","(14,45 € / Kg)",
Vahiné Pasta de Amêndoa Tricolor embalagem 150 g,Vahiné,,"5,39 €","(23,93 € / Kg)","5,39 €"
Flora Creme de Barrar embalagem 225 g,Flora,,"1,99 €","(8,84 € / Kg)",
Angelina Alheira de Mirandela unidade 200 g,Angelina,,"1,45 €","(7,25 € / Kg)",
Clearspring Puré Biológico de Maçã e Morango Pack 2 embalagem 100 g,Clearspring,,"2,19 €","(10,95 € / Kg)",
Blédina Papa de Espelta com Morango e Framboesa +8 Meses sem Açúcar Não Láctea embalagem 200 g,Blédina,,"2,77 €","(10,75 € / Kg)","2,77 €"
"Magnum Gelados Bombons de Chocolate Classic, de Amêndoas e de Branco Pack 12 embalagem 140 ml",Magnum,,"4,99 €","(37,80 € / Litro)",
"Trident Fruit Pastilhas de Morango Pack 4 embalagem 14,5 g",Trident Fruit,,"2,59 €","(178,62 € / Kg)",
Trident Max Pastilhas Spearmint sem Açúcar embalagem 23 g,Trident Max,,"1,10 €","(47,83 € / Kg)",
Margão Caril frasco 42 g,Margão,,"2,09 €","(49,76 € / Kg)",
Gelpeixe Gourmet Perfect Moments Miolo de Vieira embalagem 250 g,Gelpeixe Gourmet Perfect Moments,,"10,99 €","(43,96 € / Kg)",
Cubos de Bacon 2X70 unidade 130 g,,,"2,89 €","(22,23 € / Kg)",
Alara Mingau de Aveia Old Fashioned Biológica embalagem 650 g,Alara,,"7,89 €","(12,14 € / Kg)",
Fondue de Novilho Carnalentejana DOP Peso Aproximado por cuvete 350 g,,,"6,28 €","(17,95 € / Kg)",
Victorio & Lucchino Eau de Toilette Aguas Intensas Masculinas 8 embalagem 150 ml,Victorio & Lucchino,,"16,49 €","(109,93 € / Litro)",
Veet Creme Descolorante Pack 2 embalagem 75 ml,Veet,,"10,99 €","(73,27 € / Litro)",
Espiga Farinha de Arroz embalagem 500 g,Espiga,,"1,35 €","(2,70 € / Kg)",
Garden Gourmet Almondegas Vegan embalagem g,Garden Gourmet,,"4,99 €","(16,63 € / Kg)",
Bio Greno Puré de Maçã e Banana Biológico embalagem 370 g,Bio Greno,,"3,59 €","(9,70 € / Kg)",
Volteface Vinho Branco do Alentejo garrafa 75 cl,Volteface,,"11,95 €","(15,93 € / Litro)",
El Corte Inglés Salada de Carangueijo Extra embalagem 500 g,El Corte Inglés,,"4,79 €","(9,58 € / Kg)",
Freixo Vinho Tinto do Alentejo Reserva garrafa 75 cl,Freixo,,20 €,"(26,67 € / Litro)",
Blédina Estufado de Frango com Arroz a Partir dos 6 Meses embalagem 200 g,Blédina,,"2,09 €","(10,45 € / Kg)",
Salutem Cereais Mix de Mel embalagem 375 g,Salutem,,"1,99 €","(5,31 € / Kg)",
Tuc Crackers embalagem 100 g,Tuc,,"1,19 €","(11,90 € / Kg)",
Knorr Momentos Gourmet Creme de Abóbora e Batata Doce com Cogumelos embalagem 70 g,Knorr Momentos Gourmet,,"1,79 €","(25,57 € / Kg)",
Saludães Arroz Integral embalagem 1 kg,Saludães,,"1,39 €","(1,39 € / Kg)",
Smacks Cereais embalagem 375 g,Smacks,,"2,55 €","(6,80 € / Kg)",
El Corte Inglés Café Solúvel Descafeinado embalagem 200 g,El Corte Inglés,,"3,58 €","(17,90 € / Kg)",
Vietti Vinho Tinto de Itália Barbera D' Alba garrafa 75 cl,Vietti,,"19,95 €","(26,60 € / Litro)",
Danone Oikos Iogurte Grego de Stracciatella Pack 4 embalagem 110 g,Danone Oikos,,"2,99 €","(6,80 € / Kg)",
Walkers Miniaturas Mince Pies embalagem 225 g,Walkers,,"6,95 €","(30,89 € / Kg)",
St. Dalfour Doce de Morango frasco 500 g,St. Dalfour,,"6,65 €","(13,30 € / Kg)",
Confiança Sabonete de Alcatrão embalagem 75 g,Confiança,,"1,29 €","(17,20 € / Kg)",
Narta Desodorizante Invisível Roll-On embalagem 50,Narta,,"3,79 €","(75,80 € / Litro)",
Pontual Vinho Tinto do Alentejo Reserva garrafa 75 cl,Pontual,,"10,59 €","(14,12 € / Litro)",
Bio Kill Insecticida Aerosol Extra GT embalagem 375 ml,Bio Kill,,"6,99 €","(18,64 € / Litro)",
El Corte Inglés Cornichons em Vinagre Sabor Anchova frasco 225 g,El Corte Inglés,,"2,25 €",(10 € / Kg),
El Corte Inglés Detergente para a Máquina da Roupa Líquido Aloe Vera embalagem 40 doses,El Corte Inglés,,"5,99 €","(0,15 € / Dose)",
Merci Chocolate de Amêndoas e Avelãs embalagem 100 g,Merci,,"2,59 €","(25,90 € / Kg)",
Flor de Burgos Queijo Fresco Ilheu unidade 1 kg,Flor de Burgos,,"7,69 €","(7,69 € / Kg)",
El Corte Inglés Levedura em Pó embalagem 90 g,El Corte Inglés,,"0,83 €","(9,22 € / Kg)",
Lindt Swiss Luxury Bombons Sortidos embalagem 230 g,Lindt Swiss Luxury,,"19,99 €","(86,91 € / Kg)",
Cristal Vinagre de Vinho Branco garrafa 750 ml,Cristal,,"1,99 €","(2,65 € / Litro)",
El Corte Inglés Iogurte Líquido de Coco e Ananás embalagem 1000 g,El Corte Inglés,,"1,39 €","(1,11 € / Kg)","1,39 €"
Haagen-Dazs Gelado de Cookies e Natas embalagem 95 ml,Haagen-Dazs,,"2,45 €","(25,79 € / Litro)",
Melindres Pão de Ló de Arouca embalagem 250 g,Melindres,,"7,99 €","(31,96 € / Kg)",
Loacker Gran Pasticceria Bolachas Wafer de Chocolate Triplo Tortina embalagem 63 g,Loacker Gran Pasticceria,,"2,64 €","(41,90 € / Kg)",
Soft&Co Óleo Essencial da Árvore do Chá Tee Trea embalagem 40 ml,Soft&Co,,"7,05 €","(176,25 € / Litro)",
Carte D'Or Gelado de Noz embalagem 1 L,Carte D'Or,,"4,49 €","(4,49 € / Litro)",
Lombinho com Boletus Extratenro ao peso 1 kg,,,"11,49 €/kg",,
Men Expert Hydra Sensitive Espuma de Barbear embalagem 200 ml,Men Expert Hydra Sensitive,,"7,15 €","(3,58 € / 10 ml.)",
+ Bio Queijo de Cabra e Ovelha Biológico Peso Aproximado por unidade 1 kg,+ Bio,,"23,75 €/kg",,
Patak's Molho Indiano Madras frasco 450 g,Patak's,,"3,89 €","(8,64 € / Kg)",
Castelo do Sulco Vinho Tinto de Lisboa Reserva garrafa 75 cl,Castelo do Sulco,,"4,65 €","(6,20 € / Litro)",
Cutty Sark Whisky garrafa 70 cl,Cutty Sark,,"14,49 €","(20,70 € / Litro)",
Cimarrom Passas de Uva Dourada embalagem 150 g,Cimarrom,,"1,89 €","(12,60 € / Kg)",
Beyra Vinho Branco da Beira Interior garrafa 75 cl,Beyra,,"6,49 €","(8,65 € / Litro)",
Herdade de Catapereiro Vinho Branco do Tejo garrafa 75 cl,Herdade de Catapereiro,,"3,35 €","(4,47 € / Litro)",
Casa Ermelinda Freitas Vinho Branco de Terras do Sado Sauvignon Blanc garrafa 75 cl,Casa Ermelinda Freitas,,"9,99 €","(13,32 € / Litro)",
Herdade do Peso Vinho Tinto Regional do Alentejo Doc Revelado garrafa 75 cl,Herdade do Peso,,15 €,(20 € / Litro),
Edulcor Adoçante Doseador embalagem 650 unidades,Edulcor,,"2,09 €",(0 € / Unidade),
Biaia Vinho Branco da Beira Interior Biológico garrafa 75 cl,Biaia,,"6,99 €","(9,32 € / Litro)",
Aromas Premium Queijo de Ovelha Serpa DOP unidade 250 g,Aromas Premium,,"9,95 €","(39,80 € / Kg)",
1/2 Frango Assado 1 unidade,,,"5,50 €",,
"Yoco Iogurte de Fruta Morango, Banana e Maçã Pack 4 uniddades embalagem 90 g",Yoco,,"2,85 €","(7,92 € / Kg)",
Marquês de Borba Conjunto 2 Vinhos Tinto do Alentejo garrafa 75 cl,Marquês de Borba,,"11,98 €","(7,99 € / Litro)",
García Baquero Queijo de Ovelha Reserva com Mel e Trufas Peso Aproximado por unidade 3 kg,García Baquero,,"31,98 €/kg",,
Penita Ventresca de Atum em Azeite lata 125 g,Penita,,"3,55 €","(28,40 € / Kg)",
Cedrinca Rebuçados de Café Expresso embalagem 125 g,Cedrinca,,"1,99 €","(15,92 € / Kg)",
Danet Creme de Baunilha Pack 4 embalagem 125 g,Danet,,"1,99 €","(3,98 € / Kg)",
Nivea Visage Toalhitas de Limpeza Refrescantes para Pele Sensível Leve 2 Pague 1 embalagem 50 unidades,Nivea Visage,,"2,99 €","(0,06 € / Unidade)",
Hamburguesa Nostra Molho Alioli de Alhos Assados sem Glúten embalagem 200 ml,Hamburguesa Nostra,,"4,49 €","(22,45 € / Litro)",
Affective Ladies Pensos para Adultos com Incontinência Extra Largo embalagem 10 unidades,Affective Ladies,,"4,09 €","(0,41 € / Unidade)",
Glade Ambientador Sense & Spray Marry Berry & Wine embalagem 36 ml,Glade,,"12,98 €","(360,56 € / Litro)",
El Corte Inglés Endro embalagem 30 g,El Corte Inglés,,"2,49 €",(83 € / Kg),
Palmolive Naturals Sabonete Líquido para as Mãos com Leite de Amêndoas Nutritivo embalagem 300 ml,Palmolive Naturals,,"3,79 €","(12,63 € / Litro)",
Heidel Bombons Sortidos Casa de Natal lata 113 g,Heidel,,"13,45 €","(119,03 € / Kg)",
Lindt Gold Chocolate de Leite com Amêndoas embalagem 300 g,Lindt Gold,,"7,99 €","(26,63 € / Kg)",
Danone Oikos Iogurte Grego Natural Pack 4 embalagem 110 g,Danone Oikos,,"2,99 €","(6,80 € / Kg)",
Renova Guardanapos Black Label Green embalagem 40 unidades,Renova,,"1,99 €","(0,05 € / Unidade)",
Kopparberg Sidra Morango&Limão lata 50 cl,Kopparberg,,"2,59 €","(5,18 € / Litro)",
Porto Muiños Alga Desidratada Espaguete do Mar embalagem 50 g,Porto Muiños,,"4,99 €","(99,80 € / Kg)",
Bala Caramelo de Leite embalagem 660 g,Bala,,"6,95 €","(10,53 € / Kg)",
Free Damm Cerveja sem Álcool Pack 6 garrafa 25 cl,Free Damm,,"4,29 €","(2,86 € / Litro)",
Compagnia Dell'Arabica Café Costa Rica para Nespresso embalagem 10 cápsulas,Compagnia Dell'Arabica,,"3,59 €","(0,36 € / Unidade)",
García Baquero Queijo Tetilha Castillo de Pambre DOP unidade 600 g,García Baquero,,"11,69 €","(19,48 € / Kg)",
Blue Dragon Pasta Wasabi embalagem 45 g,Blue Dragon,,"4,59 €",(102 € / Kg),
Pousio Azeite Virgem Extra garrafa 500 ml,Pousio,,"6,99 €","(13,98 € / Litro)",
Sanex Gel de Banho Pele Seca Zero % embalagem 550 ml,Sanex,,"5,49 €","(9,98 € / Litro)",
Pimensor Molho Indiano de Caril frasco 200 g,Pimensor,,"2,95 €","(14,75 € / Kg)",
Hell Energy Bebida de Café e Baunilha sem Lactose lata 25 cl,Hell Energy,,"1,39 €","(5,56 € / Litro)",
Bimbo Tostas Integrais embalagem 225 g,Bimbo,,"1,49 €","(6,62 € / Kg)",
Lay's Light Batatas Fritas Lisas -30% Gordura embalagem 140 g,Lay's Light,,"1,89 €","(13,50 € / Kg)",
Maybelline Super Stay Matte Ink Gloss Líquido Nº 20 Pioneer embalagem 1 unidade,Maybelline Super Stay Matte Ink,,"10,49 €","(10,49 € / Unidade)",
Quintal dos Açores Doce de Morango frasco 250 g,Quintal dos Açores,,"4,19 €","(16,76 € / Kg)",
Antonio Banderas Desodorizante em Spray Icon embalagem 150 ml,Antonio Banderas,,"9,99 €","(66,60 € / Litro)",
La Costeña Molho Verde lata 220 g,La Costeña,,"2,15 €","(9,77 € / Kg)",
Walkers Bolachas Shortbread Santa Claus lata 250 g,Walkers,,"19,95 €","(79,80 € / Kg)",
Airwick Ambientador Vela Baunilha embalagem 105 g,Airwick,,"9,49 €","(90,38 € / Kg)",
Tapada do Barão Vinho Tinto do Alentejo Colheita Seleccionada garrafa 75 cl,Tapada do Barão,,"4,49 €","(5,99 € / Litro)",
Narta Magnesium Protect Desodorizante Invisível Spray embalagem 100 ml,Narta Magnesium Protect,,"4,29 €","(42,90 € / Litro)",
Loacker Bolachas Wafer Créme Noisette embalagem 100 g,Loacker,,"3,39 €","(33,90 € / Kg)",
Chipicao Original Bolo Recheados com Chocolate embalagem 57 g,Chipicao Original,,"1,05 €","(18,42 € / Kg)",
St. Dalfour Doce de Uva frasco 284 g,St. Dalfour,,"4,39 €","(15,46 € / Kg)",
Don Simon Sumo de Pêssego e Uva embalagem 1 L,Don Simon,,"0,99 €","(0,99 € / Litro)",
Paiva Queijo Meio Gordo 1 kg,Paiva,,"13,99 €","(13,99 € / Kg)",
Casa Losito Panettone Nº 3 embalagem 750 g,Casa Losito,,"22,95 €","(30,60 € / Kg)",
Nestlé Naturnes Pacotinho de 4 Frutas sem Glúten embalagem 90 g,Nestlé Naturnes,,"1,05 €","(11,67 € / Kg)",
Glade Ambientador Automatic Relaxing+Calm+Sensual spray 269 ml,Glade,,"17,97 €","(66,80 € / Litro)",
Garnier Pure Active Máscara Peel-Off Carvão Anti Pontos Negros embalagem 50 ml,Garnier Pure Active,,"9,99 €","(199,80 € / Litro)",
Carbrica Acendalhas embalagem 32 unidades,Carbrica,,"1,15 €","(0,04 € / Unidade)",
Nissin Demae Ramen de Vitela embalagem 100 g,Nissin,,"1,49 €","(14,90 € / Kg)",
Iglo Canelones à Bolonhesa embalagem 400 g,Iglo,,"4,39 €","(10,98 € / Kg)",
La Molisana Esparguete Trighetto embalagem 500 g,La Molisana,,"1,99 €","(3,98 € / Kg)",
El Corte Inglés Ananás ás Rodelas em Sumo Natural Pack 3 embalagem 417 g,El Corte Inglés,,"2,99 €","(7,17 € / Kg)",
Violife Sabor a Mozzarella Ralado Vegan sem Glúten embalagem 200 g,Violife,,"3,99 €","(19,95 € / Kg)",
Bicentury Nackis Tortitas de Chocolate de Leite Kids embalagem 108 g,Bicentury Nackis,,"2,39 €","(22,13 € / Kg)",
Dez Prá Uma Cheesecake até 2 pessoas frasco 350 g,Dez Prá Uma,,"3,50 €",(10 € / Kg),
Vale do Prata Salgadinhos de Bacon embalagem 120 g,Vale do Prata,,"1,99 €","(16,58 € / Kg)",
Noglut Santiveri Bolachas de Chocolate sem Glúten embalagem 60 g,Noglut Santiveri,,"1,99 €","(33,17 € / Kg)",
Capitão Iglo Nuggets de Peito de Frango 12 Unidades embalagem 220 g,Capitão Iglo,,"5,99 €","(27,23 € / Kg)",
Nestlé L'Atelier Chocolate de Leite com Avelãs embalagem 170 g,Nestlé L'Atelier,,"3,99 €","(23,47 € / Kg)",
Ti António Assar de Porco Peso Aproximado 750 g,Ti António,,"6,49 €/kg",,
Ambi Pur Car Ambientador Brisa Marinha 2 ml,Ambi Pur Car,,"3,49 €",(1.745 € / Litro),
BioBon Gomas Bi-Ba-Barchen Biológicas embalagem 100 g,BioBon,,"2,19 €","(21,90 € / Kg)",
Sonasol Wc Poder Activo Bloco Sanitário Aqua 50 g,Sonasol Wc Poder Activo,,"3,19 €","(63,80 € / Kg)",
Castillo de Pambre Queijo Tetilha DOP,Castillo de Pambre,,"18,98 €/kg",,
El Corte Inglés Selection Bolinhas de Coco embalagem 300 g,El Corte Inglés Selection,,"3,99 €","(13,30 € / Kg)",
Naturefoods Galetes de Milho Biológicas embalagem 120 g,Naturefoods,,"1,59 €","(13,25 € / Kg)",
Belissimo Café Torrado Moído Moagem Universal Aroma Original Intensidade 8 embalagem 200 g,Belissimo,,"3,39 €","(16,95 € / Kg)",
"Danone Activia Bifidus Naturais Iogurte Líquido de Aveia, Linhaça, Quinoa e Sésamo Pack 4 embalagem 155 g",Danone Activia Bifidus Naturais,,"1,99 €","(3,21 € / Kg)",
Opo74 Cerveja Artesanal Red Mosquito garrafa 33 cl,Opo74,,"2,99 €","(9,06 € / Litro)",
Quinta Nova de Nossa Sra. do Carmo Vinho Tinto do Douro garrafa 75 cl,Quinta Nova de Nossa Sra. do Carmo,,"10,99 €","(14,65 € / Litro)",
Glade Ambientador Eléctrico Pure Happiness recarga 20 ml,Glade,,"6,99 €","(349,50 € / Litro)",
Lacasa Trufas de Chocolate embalagem 250 g,Lacasa,,"2,69 €","(10,76 € / Kg)",
Suchard Torrão de Chocolate com Amêndoas embalagem 260 g,Suchard,,"4,55 €","(17,50 € / Kg)",
Blanche de Namur Cerveja da Bélgica de Trigo garrafa 33 cl,Blanche de Namur,,"3,25 €","(9,85 € / Litro)",
Pastoret Iogurte Artesanal Natural com Stevia 0% embalagem 500 g,Pastoret,,"2,55 €","(5,10 € / Kg)",
El Corte Inglés Acelgas em Folhas embalagem 400 g,El Corte Inglés,,"0,99 €","(2,48 € / Kg)",
Nutrégi Gelatina de Tangerina 0% Pack 4 embalagem 100 g,Nutrégi,,"1,45 €","(3,62 € / Kg)",
Sical Café Torrado Moído Lote Descafeínado Moagem Universal Intensidade 8 embalagem 220 g,Sical,,"4,89 €","(22,23 € / Kg)",
Victor Fernandes Requeijão de Ovelha de Azeitão embalagem 220 g,Victor Fernandes,,"3,85 €","(17,50 € / Kg)",
Fumeiros da Guarda Farinheira embalagem 200 g,Fumeiros da Guarda,,"2,09 €","(10,45 € / Kg)",
Disney Refrigerante Mickey & Minnie garrafa 75 cl,Disney,,"4,45 €","(5,93 € / Litro)",
"El Corte Inglés Salame Extra em Fatias sem Glúten Pack 2 embalagem 112,5 g",El Corte Inglés,,"2,65 €","(11,78 € / Kg)",
Ausonia Discreet Boutique Cuecas para Adultos com Incontinência Plus Tamanho Médio embalagem 9 unidades,Ausonia Discreet Boutique,,"11,99 €","(11,99 € / Unidade)",
La Trappe Cerveja da Holanda Tripel garrafa 33 cl,La Trappe,,"3,89 €","(11,79 € / Litro)",
Peccato Gelado de Doce de Leite embalagem 500 ml,Peccato,,"5,99 €","(11,98 € / Litro)",
El Corte Inglés Bolo Tipo Caseiro com Nozes embalagem 240 g,El Corte Inglés,,"1,99 €","(8,29 € / Kg)",
Margão Cardamono em Grão frasco 24 g,Margão,,"5,29 €","(220,42 € / Kg)",
Ferrarini Queijo Parmigiano Reggiano em Fatias embalagem 150 g,Ferrarini,,"2,65 €","(17,67 € / Kg)",
Quinta do Cidrô Vinho Branco do Douro Chardonnay garrafa 75 cl,Quinta do Cidrô,,"15,99 €","(21,32 € / Litro)",
Haagen-Dazs Gelado Brownie Macchiato Barista Collection embalagem 460 ml,Haagen-Dazs,,"6,79 €","(14,76 € / Litro)",
Conde de Anadia Pack 2 Vinhos Tinto do Dão embalagem 75 cl,Conde de Anadia,,"12,90 €","(8,60 € / Litro)",
"Pack Lisboa Gin 1 Garrafa + 6 Botânicos (Zimbro, Laranja, Limão, Hibisco, Estrela de Anis, embalagem 9 unidades Pétala Rosa) + 2 Utensílios (Copo medidor, Colher Bar)",,,"34,70 €","(34,70 € / Unidade)",
BioBon Gomas de Fruta Ácida Biológicas embalagem 100 g,BioBon,,"2,05 €","(20,50 € / Kg)",
Sementes de Linhaça Granel Biológicas,,,"5,49 €/kg",,
Condi Gelatina + Proteína sabor Banana Zero Açúcar sem Glúten embalagem 80 g,Condi,,"3,09 €","(38,62 € / Kg)",
Super Bock Selecção 1927 Cerveja Artesanal Japanese Rice Lager garrafa 75 cl,Super Bock Selecção 1927,,"3,59 €","(4,79 € / Litro)",
Grandes Quintas Vinho Tinto do Douro garrafa 75 cl,Grandes Quintas,,"7,95 €","(10,60 € / Litro)",
Campofrio Pizza & Salsa Pizza de Fiambre e Queijo embalagem 360 g,Campofrio Pizza & Salsa,,"2,79 €","(7,75 € / Kg)",
1000 Curvas Vinho Branco do Minho Chardonnay Alvarinho garrafa 75 cl,1000 Curvas,,"11,80 €","(15,73 € / Litro)",
Naturefoods Grão de Bico sem Glúten Biológico frasco 360 g,Naturefoods,,"1,45 €","(4,03 € / Kg)",
Dona Paterna Vinho Verde Alvarinho Branco garrafa 75 cl,Dona Paterna,,"8,95 €","(11,93 € / Litro)",
Fullprotein Bebida de Baunilha embalagem 320 ml,Fullprotein,,"1,95 €","(6,09 € / Litro)",
Queijaria de S. Romão Queijo de Ovelha Curado Amanteigado unidade 490 g,Queijaria de S. Romão,,"9,79 €","(19,98 € / Kg)",
O Gelado Gelado Tiramisu copo 460 ml,O Gelado,,"7,85 €","(17,07 € / Litro)",
Alpro Yofu de Soja 2 de Pêssego e Pera e 2 de Morango e Banana Pack 4 embalagem 125 g,Alpro,,"2,89 €","(5,78 € / Kg)",
Noval Black Vinho do Porto garrafa 75 cl,Noval Black,,"18,45 €","(24,60 € / Litro)",
"Letra Cerveja Artesanal Minhota ""B"" Pilsner garrafa 33 cl",Letra,,"2,69 €","(8,15 € / Litro)",
Corretora Atum em Azeite Posta lata 120 g,Corretora,,"1,79 €","(14,92 € / Kg)",
Chupa Chups CHUPA MINI 35,Chupa Chups,,"3,85 €","(0,11 € / Unidade)",
Nivea Protect e Bronze Creme para as Mãos Protector com Mel embalagem 100 ml,Nivea Protect e Bronze,,"2,99 €","(29,90 € / Litro)",
Herdade de Espirra Vinho Tinto de Palmela DOP garrafa 75 cl,Herdade de Espirra,,"7,45 €","(9,93 € / Litro)",
Jean Louis David Pinça Dupla Depilatória embalagem 1 unidade,Jean Louis David,,"4,98 €","(4,98 € / Unidade)",
Lola Shampoo Ondulados embalagem 500 ml,Lola,,"15,29 €","(30,58 € / Litro)",
Loção Corporal Revitalising Care Goji embalagem 400 g,,,"4,85 €","(12,12 € / Kg)",
Heineken Cerveja sem Álcool 0.0% Pack 6 garrafa 25 cl,Heineken,,"5,75 €","(3,83 € / Litro)",
Maybelline Colossal Máscara de Olhos embalagem 1 unidade,Maybelline Colossal,,"11,99 €","(11,99 € / Unidade)",
Bísaro Presunto da Pá de Porco 18 Meses em Fatias embalagem 70 g,Bísaro,,"6,39 €","(91,29 € / Kg)",
Pretexto Vinho Tinto do Dão garrafa 75 cl,Pretexto,,"10,75 €","(14,33 € / Litro)",
"Smileat Cereja, Açaí e Amaranto +8 Meses sem Glúten Biológico embalagem 100 g",Smileat,,"1,59 €","(15,90 € / Kg)",
Veggis Empadas de Espinafres e Queijo Pack 2 embalagem 330 g,Veggis,,"3,99 €","(12,09 € / Kg)",
Ultra Suave Tesouros de Mel Condicionador para Cabelos Frágeis embalagem 400 ml,Ultra Suave Tesouros de Mel,,"5,59 €","(13,98 € / Litro)",
Regina Fantasias Casa de Natal embalagem 130 g,Regina,,"3,85 €","(29,62 € / Kg)",
Cimarrom Amendoins sem Sal embalagem 150 g,Cimarrom,,"1,25 €","(8,33 € / Kg)",
Vinha da Urze Vinho Tinto do Douro Grande Reserva garrafa 75 cl,Vinha da Urze,,"16,95 €","(22,60 € / Litro)",
Dr.Organic Gel de Banho Aloe Vera Biológico embalagem 250 ml,Dr.Organic,,"7,34 €","(29,36 € / Litro)",
"K2R Tira-Nódoas Cores embalagem 1,3 L",K2R,,"9,99 €","(7,68 € / Litro)",
Baci Bombons Sortidos de Chocolate embalagem 175 g,Baci,,"8,39 €","(47,94 € / Kg)",
Diadermine Lift+ Naturetinol Creme de Noite Multi-Acção com Extracto de Algas Marinhas embalagem 50 ml,Diadermine Lift+ Naturetinol,,"23,99 €","(479,80 € / Litro)",
Vietti Vinho Tinto de Itália Perbacco garrafa 75 cl,Vietti,,"20,95 €","(27,93 € / Litro)",
Tetley Infusão de Menta embalagem 10 unidades,Tetley,,"0,99 €","(0,10 € / Unidade)",
Agerul Desengordurante Concentrado 750 ml,Agerul,,"4,29 €","(5,72 € / Litro)",
Espinafres Biológicos Peso Aproximado por saco 500 g,,,"2,69 €/kg",,
Président Queijo Creme Cheddar embalagem 125 g,Président,,"2,49 €","(19,92 € / Kg)",
Antonio Banderas Eau de Toilette King of Seduction + After Shave pack 1 unidade,Antonio Banderas,,"22,99 €","(19,49 € / Unidade)","22,99 €"
Kilchoman Whisky garrafa 70 cl,Kilchoman,,"67,50 €","(96,43 € / Litro)",
Dan Cake Bolo Mármore Meia Lua embalagem 350 g,Dan Cake,,"4,09 €","(11,69 € / Kg)",
Nova Açores Leite de Pastagem Meio Gordo sem Lactose embalagem 200 ml,Nova Açores,,"0,46 €","(2,30 € / Litro)",
Santa Maria Mel de Urze Biológico frasco 50 g,Santa Maria,,"3,25 €",(65 € / Kg),
Cabo de Peñas Lulas com Molho Americano Biológico embalagem 111 g,Cabo de Peñas,,"1,79 €","(16,13 € / Kg)",
SOS Arroz Ecológico Vidasania embalagem 1 kg,SOS,,"3,65 €","(3,65 € / Kg)",
Santa Teresa Creme Couve Flor embalagem 400 g,Santa Teresa,,"3,49 €","(8,72 € / Kg)",
Ramirez Atum com Feijão Frade lata 120 g,Ramirez,,"1,79 €","(14,92 € / Kg)",
Quintinha D'Aldeia Chouriço de Touro Bravo unidade 200 g,Quintinha D'Aldeia,,"5,99 €","(29,95 € / Kg)",
"Vero Sorbetto Sorbet Graviola embalagem 1,5 L",Vero Sorbetto,,"9,29 €","(5,99 € / Litro)","9,29 €"
Espiga Pimenta Rosa em Grão embalagem 30 g,Espiga,,"2,19 €",(73 € / Kg),
El Corte Inglés Selection Pernas de Frango do Campo Peso Aproximado por cuvete 750 g,El Corte Inglés Selection,,"5,96 €","(6,99 € / Kg)","5,96 €"
Cerveja Super Bock Christmas Brew 4X pack 33 cl,,,"4,49 €","(3,40 € / Litro)",
Viña Encina Vinho La Mancha Mevushal Branco garrafa 750 ml,Viña Encina,,"7,79 €","(10,39 € / Litro)",
Espiga Pimenta Rosa Grão frasco 20 g,Espiga,,"2,49 €","(124,50 € / Kg)",
Nivea Men Fresh Kick Gel de Barbear com Menta e Água de Cato embalagem 200 ml,Nivea Men Fresh Kick,,"5,49 €","(27,45 € / Litro)",
Quanto Amaciador Concentrado Violetas do Bosque embalagem 76 doses,Quanto,,"9,99 €","(0,13 € / Dose)",
Espiga Coentros Moídos embalagem 40 g,Espiga,,"1,19 €","(29,75 € / Kg)",
Don Algodon Ambientador para Armário Flor de Cerejeira embalagem 1 unidade,Don Algodon,,"2,75 €","(2,75 € / Unidade)",
Président Queijo au Chèvre unidade 145 g,Président,,"2,59 €","(17,86 € / Kg)",
Cem Porcento Doce de Morango com Stevia embalagem 200 g,Cem Porcento,,"3,09 €","(0,25 € / Kg)",
Próvida Puré de Fruta Pêra sem Adição de Açúcar Biológico embalagem 100 g,Próvida,,"0,99 €","(9,90 € / Kg)",
Nestlé Happy Fruits Frutas Variadas sem Açúcar embalagem 110 g,Nestlé Happy Fruits,,"1,25 €","(11,36 € / Kg)",
Interdoces Gomas Minhocas Ácidas embalagem 90 g,Interdoces,,"1,19 €","(13,22 € / Kg)",
"Antarctica Cerveja Subzero lata 26,9 cl",Antarctica,,"1,99 €","(7,40 € / Litro)",
El Corte Inglés Sandwich de Nata sem Açúcar Pack 6 embalagem 600 ml,El Corte Inglés,,"2,49 €","(4,15 € / Litro)",
Johnson's Champô para Crianças Gotas de Força embalagem 500 ml,Johnson's,,"5,59 €","(11,18 € / Litro)",
El Corte Inglés Salada Russa Extra embalagem 500 g,El Corte Inglés,,"4,59 €","(9,18 € / Kg)",
Old Spice Desodorizante Stick Wolfthorn embalagem 50 ml,Old Spice,,"4,49 €","(89,80 € / Litro)",
Garnier Skin Active Água Micelar em Óleo embalagem 100 ml,Garnier Skin Active,,"3,99 €","(39,90 € / Litro)",
Tulipán Negro Desodorizante Intensity Classic Roll-On embalagem 200 ml,Tulipán Negro,,"4,65 €","(2,32 € / 10 ml.)",
El Corte Inglés Roti Nervo de Ganso de Novilho Peso Aproximado 700 g,El Corte Inglés,,"11,95 €/kg",,
Trident Oral-B Pastilhas Peppermint sem Açúcar embalagem 68 g,Trident Oral-B,,"3,29 €","(48,38 € / Kg)",
Dez Prá Uma Tarte de Queijo e Fiambre até 10 pessoas embalagem 1850 g,Dez Prá Uma,,24 €,"(12,97 € / Kg)",
Basiron Queijo Gouda com Trufas unidade 200 g,Basiron,,"7,49 €","(37,45 € / Kg)",
Vigor Leite Meio Gordo Pack 4 embalagem 250 ml,Vigor,,"1,99 €","(1,99 € / Litro)",
Holle Puré de Abóbora com Arroz Depois dos 4 Meses Biológico frasco 190 g,Holle,,"1,89 €","(9,95 € / Kg)",
OGX Condicionador Kukui Hidratante e Desfrizante embalagem 385 ml,OGX,,"7,99 €","(221,94 € / Litro)",
Ajax Detergente Casa de Banho Spray embalagem 500 ml,Ajax,,"3,99 €","(7,98 € / Litro)",
Lactovit Loção Corporal Lactooil Cuidado Extra Pela Seca embalagem 400 ml,Lactovit,,"7,39 €","(18,48 € / Litro)",
Nortada Cerveja Artesanal Viena Lager garrafa 33 cl,Nortada,,"2,35 €","(7,12 € / Litro)",
Taboadella Vinho Tinto do Dão Villae garrafa 75 cl,Taboadella,,"10,99 €","(14,65 € / Litro)",
Santa Catarina Filetes de Atum com 4 Pimentas lata 120 g,Santa Catarina,,"3,09 €","(22,92 € / Kg)","3,09 €"
Sinha Canjiquinha de Milho Fino embalagem 500 g,Sinha,,"1,19 €","(2,38 € / Kg)",
Syoss Coloração Permanente Violino3-33 Oleo Rich Pum embalagem 1 unidade,Syoss,,"11,29 €","(11,29 € / Unidade)",
Babaria Sérum Facial 7 Efeitos com Aloe Vera embalagem 50 ml,Babaria,,"11,75 €",(235 € / Litro),
Lactimonte Queijo Curado de Cabra unidade 200 g,Lactimonte,,"3,55 €","(17,75 € / Kg)",
Yogolino Fruta com Iogurte de Banana sem Açúcares Adicionados desde 6 meses embalagem 100 g,Yogolino,,"1,15 €","(11,50 € / Kg)",
El Corte Inglés Lixívia embalagem 2 L,El Corte Inglés,,"0,65 €","(0,32 € / Litro)",
Moreninha do Rio Doce de Amendoim Coberto com Chocolate embalagem 500 g,Moreninha do Rio,,"5,95 €","(11,90 € / Kg)",
Bonduelle Salteado Mediterrâneo embalagem 700 g,Bonduelle,,"4,59 €","(6,56 € / Kg)",
Wasa Tostas de Fibra embalagem 230 g,Wasa,,"2,49 €","(10,83 € / Kg)",
Caçarola Arroz Carolino Vaporizado embalagem 1 kg,Caçarola,,"2,29 €","(2,29 € / Kg)",
Conde D' Ervideira Vinho Branco do Alentejo Reserva garrafa 75 cl,Conde D' Ervideira,,"11,95 €","(15,93 € / Litro)",
Babaria Acetona Hidrata e Protege embalagem 200 ml,Babaria,,"3,19 €","(15,95 € / Litro)",
Côto de Mamoelas Espumante de Vinho Verde Bruto Reserva garrafa 150 cl,Côto de Mamoelas,,"38,90 €","(25,93 € / Litro)",
La Cocina de Senén Croquetes com Queijo Parmesão e Stracciatella de Tomate sem Glúten embalagem 200 g,La Cocina de Senén,,"4,19 €","(20,95 € / Kg)",
Pescanova Barrinhas de Salmão Sem Glúten 10 Unidades embalagem 300 g,Pescanova,,"3,99 €","(13,30 € / Kg)",
Eric Kayser Pão Rústico unidade 270 g,Eric Kayser,,"2,40 €","(8,89 € / Kg)",
Elnett Laca para Cabelos Pintados embalagem 300 ml,Elnett,,"5,99 €","(19,97 € / Litro)",
Nabos sem Rama peso aproximado por cuvete 1 kg,,,"3,89 €","(3,89 € / Kg)",
El Corte Inglés Empadas de Atum embalagem 400 g,El Corte Inglés,,"1,99 €","(4,98 € / Kg)",
Président Natas para Culinária garrafa 25 cl,Président,,"1,79 €","(7,16 € / Litro)",
Aliada Salsichas Tipo Frankfurt Pack 4 embalagem 640 g,Aliada,,"2,49 €","(3,89 € / Kg)",
Batata Roxa Doce Biológica Peso Aproximado por unidade 200 g,,,"1,99 €/kg",,
Knorr Risotteria Risotto de Abóbora Vegan embalagem 175 g,Knorr Risotteria,,"2,65 €","(15,14 € / Kg)",
Confiança Sabonete de Argila embalagem 75 g,Confiança,,"1,29 €","(17,20 € / Kg)",
Pão de São Lourenço unidade 90 g,,,"0,42 €","(5,25 € / Kg)",
Pão de Leite unidade,,,"0,62 €","(0,62 € / Unidade)",
Finish Detergente Liquido para Máquina da Loiça Gel Anti Odores embalagem 1 L,Finish,,"16,99 €","(16,99 € / Litro)",
Nescafé Clássico Café Solúvel Intenso frasco 100 g,Nescafé Clássico,,"3,99 €","(39,90 € / Kg)",
Hochland Queijo Cheddar em Fatias Extra Grossas embalagem 250 g,Hochland,,"2,89 €","(11,56 € / Kg)",
Calvé Molho Mad Chips embalagem 260 g,Calvé,,"2,69 €","(10,35 € / Kg)",
Colgate Tripla Acção Pasta de Dentes embalagem 75 ml,Colgate Tripla Acção,,"2,24 €","(23,87 € / Litro)","2,24 €"
Excellence Coloração Permanente Nº 4.11 Castanho Gelado embalagem 1 unidade,Excellence,,"11,99 €","(11,99 € / Unidade)",
Carley's Creme de Barrar com Amêndoa e Coco Biológico embalagem 250 g,Carley's,,"11,49 €","(45,96 € / Kg)",
Tâmaras Medjoul Peso Aproximado por unidade 100 g,,,"19,99 €/kg",,
"Real Lavrador Vinho Branco do Alentejo garrafa 37,5 cl",Real Lavrador,,"1,39 €","(3,71 € / Litro)",
Codyfer Desodorizante Para os Pés Spray 75 ml,Codyfer,,"6,39 €","(85,20 € / Litro)",
Tampax Compak Tampões Super embalagem 20 unidades,Tampax Compak,,"3,99 €","(0,20 € / Unidade)",
Bimbo Pão Thins 8 Cereais embalagem 310 g,Bimbo,,"2,29 €","(7,39 € / Kg)",
Aloma Torta unidade,Aloma,,"0,90 €","(0,90 € / Unidade)",
Peroni Cerveja de Itália Premium Lager garrafa 33 cl,Peroni,,"1,79 €","(5,42 € / Litro)",
Lipton Ice Tea de Manga lata 25 cl,Lipton Ice Tea,,"0,89 €","(3,56 € / Litro)",
Globo Lentilhas Vermelhas embalagem 400 g,Globo,,"1,24 €","(3,10 € / Kg)",
Orbit Pastilhas de Hortelã sem Açúcar Pack 4 embalagem 14 g,Orbit,,"1,99 €","(142,14 € / Kg)",
Babaria Rosa Mosqueta Contorno de Olhos e Lábios embalagem 15 ml,Babaria Rosa Mosqueta,,"10,15 €","(676,67 € / Litro)",
Bioterra Tâmaras sem Caroço Bio embalagem 200 g,Bioterra,,"2,99 €","(14,95 € / Kg)",
El Corte Inglés Selection Feijão Branco Cozido Extra frasco 200 g,El Corte Inglés Selection,,"0,70 €","(3,50 € / Kg)",
Márdel Doce de Leite frasco 450 g,Márdel,,"3,45 €","(7,67 € / Kg)",
El Mandarin Preparado em Pó para Arroz Doce sem Glúten embalagem 24 g,El Mandarin,,"1,89 €","(78,75 € / Kg)",
Frei João Vinho Tinto da Bairrada Reserva garrafa 75 cl,Frei João,,"10,50 €",(14 € / Litro),
Bonne Maman Doce Extra de Cereja frasco 370 g,Bonne Maman,,"3,49 €","(9,43 € / Kg)",
Salutem Chá de Carqueja Natural embalagem 10 unidades,Salutem,,"0,99 €","(0,10 € / Unidade)",
Pez Recarga para Rebuçados 8 Unidades embalagem 68 g,Pez,,"1,85 €","(27,21 € / Kg)",
Kerzo Shampoo Stop Caspa embalagem 400 ml,Kerzo,,"4,99 €","(12,48 € / Litro)",
Pronto Detergente para Madeira Amêndoa embalagem 750 ml,Pronto,,"4,39 €","(3,80 € / Litro)","4,39 €"
Vileda Folha de Alumínio 50 m,Vileda,,"9,89 €","(0,20 € / Metro)",
Ben & Jerry's Gelado Cookie & Brownie Collection Pack 4 embalagem 400 ml,Ben & Jerry's,,"6,99 €","(17,48 € / Litro)",
"Sanchez Alcaraz Presunto Serrano Reserva 12 Meses peça 6,25 kg",Sanchez Alcaraz,,59 €,"(9,44 € / Kg)",
Campofrio Peito de Peru em Fatias Finas sem Glúten embalagem 140 g,Campofrio,,"2,69 €","(19,21 € / Kg)",
Suchard Torrão de Chocolate Branco com Oreo embalagem 260 g,Suchard,,"4,55 €","(17,50 € / Kg)",
Mar da Palha Vinho Tinto de Lisboa garrafa 75 cl,Mar da Palha,,"8,35 €","(11,13 € / Litro)",
"Vitabio Puré de Fruta com Maçã, Manga e Acerola Biológico Pack 4 embalagem 120 g",Vitabio,,"5,99 €","(49,92 € / Kg)",
Dr. Oetker Pizza Ristorante Salame Mozzarella Pesto embalagem 360 g,Dr. Oetker,,"4,99 €","(13,86 € / Kg)",
Glade Vela Ambientador Longa Duração Baunilha embalagem 224 g,Glade,,"10,19 €","(32,54 € / Kg)","10,19 €"
Aussie Champô Aussome Volume embalagem 300 ml,Aussie,,"7,99 €","(26,63 € / Litro)",
Campogrill Salsicha Crioulo de Frango unidade 360 g,Campogrill,,"2,95 €","(7,64 € / Kg)","2,95 €"
3 Pauly Bolachas Choceo Vegan embalagem 120 g,3 Pauly,,"3,99 €","(33,25 € / Kg)",
Martiko Salmão Fumado com Limão da Noruega sem Açúcar embalagem 80 g,Martiko,,"6,69 €","(83,62 € / Kg)",
Condi Gelatina Light de Frutos Tropicais embalagem 30 g,Condi,,"1,85 €","(61,67 € / Kg)",
Ares Raia Vinho Branco Verde Alvarinho garrafa 75 cl,Ares Raia,,"4,59 €","(6,12 € / Litro)",
Frutidry Miolo de Avelã com Pele embalagem 200 g,Frutidry,,"2,99 €","(12,45 € / Kg)","2,99 €"
Glade Ambientador Spray Automatic Sandalwood recarga 269 ml,Glade,,"5,99 €","(22,27 € / Litro)",
Miss Brownie Bolo São Valentim unidade 700 g,,,"22,90 €","(15,27 € / Kg)",
Herpac Atum e Queijo unidade 294 g,Herpac,,"12,98 €","(44,15 € / Kg)",
Avianense Imperador Bombons de Chocolate embalagem 160 g,Avianense Imperador,,"7,65 €","(47,81 € / Kg)",
El Corte Inglés Paté de Fígado de Ganso sem Glúten lata 130 g,El Corte Inglés,,"2,50 €","(19,23 € / Kg)",
D'el Rei Arroz Vaporizado embalagem 1 kg,D'el Rei,,"1,49 €","(1,49 € / Kg)",
"Nacional Morning Break Bolachas de Aveia Integral, Alfarroba e Chocolate embalagem 300 g",Nacional Morning Break,,"2,19 €","(7,30 € / Kg)",
Pur Natur Iogurte de Morango Biológico embalagem 150 g,Pur Natur,,"1,75 €","(11,67 € / Kg)",
El Corte Inglés Molho de Queijos embalagem 140 g,El Corte Inglés,,"1,59 €","(11,36 € / Kg)",
Cem Porcento Fructose embalagem 250 g,Cem Porcento,,"1,59 €","(6,36 € / Kg)",
L'Oréal Elvive Óleo Extraordinário Amaciador Nutritivo para Cabelo Seco embalagem 300 ml,L'Oréal,,"5,89 €","(19,63 € / Litro)",
Dr. Beckmann Tira-Nódoas de Ferrugem e Desodorizante embalagem 50 ml,Dr. Beckmann,,"3,79 €","(75,80 € / Litro)",
Virgo Vinho Branco do Alentejo garrafa 75 cl,Virgo,,"9,99 €","(13,32 € / Litro)",
Nutriva Tarte de Amêndoa embalagem 900 g,Nutriva,,"16,99 €","(18,88 € / Kg)",
Nivea Men Sensitive Espuma de Barbear Ultra-Calming com Óleo de Sementes de Hemp embalagem 200 ml,Nivea Men Sensitive,,"5,19 €","(25,95 € / Litro)",
Taboadella Vinho Tinto do Dão Reserva Alfrocheiro garrafa 75 cl,Taboadella,,"16,99 €","(0,23 € / Litro)",
KTC Óleo de Coco garrafa 250 ml,KTC,,"3,99 €","(15,96 € / Litro)",
Ravasqueira Vinho Branco Regional Alentejano Vinha das Romãs garrafa 75 cl,Ravasqueira,,"16,99 €","(22,65 € / Litro)",
Officer Filetes de Arenque Fumado com Pimenta lata 130 g,Officer,,"2,95 €","(22,69 € / Kg)",
Nortada Cerveja Artesanal IPA garrafa 33 cl,Nortada,,"2,35 €","(7,12 € / Litro)",
Nacional Tagliatelle embalagem 500 g,Nacional,,"2,49 €","(4,98 € / Kg)",
Nestlé Extrafino Chocolate com Doce de Leite embalagem 120 g,Nestlé Extrafino,,"1,99 €","(16,58 € / Kg)",
Shoyce Bebida de Soja Natural Cálcio Pack 3 embalagem 200 ml,Shoyce,,"1,59 €","(2,65 € / Litro)",
Cozinha Velha Arroz Vaporizado Cozinha Velha embalagem 1 kg,Cozinha Velha,,"1,69 €","(1,69 € / Kg)",
El Almendro Cubits de Amêndoa e Chocolate Branco com Framboesa embalagem 100 g,El Almendro,,"2,45 €","(24,50 € / Kg)",
Cadão Vinho Tinto do Douro Reserva garrafa 75 cl,Cadão,,"6,25 €","(8,33 € / Litro)",
Grand-Mère Paté de Cogumelos Fatiado unidade 125 g,Grand-Mère,,"1,99 €","(15,92 € / Kg)",
Banana da Madeira Peso Aproximado por unidade 70 g,,,"2,69 €/kg",,
Delta Q Café Qanela embalagem 10 cápsulas,Delta Q,,"4,39 €","(0,44 € / Unidade)",
Alma Cerveja Artesanal D' Ouro garrafa 33 cl,Alma,,"3,75 €","(11,36 € / Litro)",
Clearspring Puré Biológico de Maçã e Ameixa Pack 2 embalagem 100 g,Clearspring,,"2,19 €","(10,95 € / Kg)",
Nazaré Rebuçados com Recheio de Café embalagem 100 g,Nazaré,,"0,95 €","(9,50 € / Kg)",
Nescafé Dolce Gusto Café Espresso Descafeinado Intensidade 5 embalagem 16 cápsulas,Nescafé Dolce Gusto,,"5,99 €","(0,37 € / Unidade)",
De Marchi Pão de Queijo Lanche embalagem 1 kg,De Marchi,,"9,99 €","(9,99 € / Kg)",
Nivea Men Deep Gel de Barbear embalagem 200 ml,Nivea Men Deep,,"5,49 €","(21,95 € / Litro)","5,49 €"
Ahmad Tea Tisana de Limão e Gengibre embalagem 20 unidades,Ahmad Tea,,"4,09 €","(0,20 € / Unidade)",
Cistér Feijão Preto Cozido lata 420 g,Cistér,,"0,74 €","(1,76 € / Kg)",
Lusoforma Formas de Alumínio Pequenas Rectangulares Nº 1365A 5 unidades,Lusoforma,,"2,69 €","(0,54 € / Unidade)",
Lindt Champs Elysées Bombons de Chocolate de Leite embalagem 973 g,Lindt Champs Elysées,,"32,99 €","(33,91 € / Kg)",
Próvida Pão de Forma Integral Alemão embalagem 500 g,Próvida,,"1,79 €","(3,58 € / Kg)",
Salutem Chá Pro Colestrol embalagem 15 g,Salutem,,"0,79 €","(52,67 € / Kg)",
Gullón Zero Bolachas Finas Choco Cobertas de Chocolate de Leite sem Açúcares Adicionados embalagem 150 g,Gullón Zero,,"2,39 €","(13,27 € / Kg)","2,39 €"
El Corte Inglés Preparado para Coalhada embalagem 48 g,El Corte Inglés,,"1,49 €","(31,04 € / Kg)",
Poças Vinho do Porto Datado 30 Anos garrafa 75 cl,Poças,,"79,90 €","(106,53 € / Litro)",
Bombay Gin Premier Cru & Lemon garrafa 70 cl,Bombay,,"34,59 €","(37,20 € / Litro)","34,59 €"
Lindt Lindor Bombons de Chocolate Preto 70% embalagem 75 g,Lindt Lindor,,"2,25 €",(30 € / Kg),
Cozinha Pronta Bacalhau com Espinafres embalagem 300 g,Cozinha Pronta,,"4,19 €","(13,97 € / Kg)",
Green Shield Toalhitas de Limpeza para Aço Inoxidável embalagem 50 unidades,Green Shield,,"5,25 €","(0,10 € / Unidade)",
Martiko Ovas de Capelim e Lumpo Pretas frasco 100 g,Martiko,,"6,29 €","(62,90 € / Kg)",
Mr. Cheese Queijo de Ovelha com Alho Negro Peso Aproximado por unidade 150 g,Mr. Cheese,,"34,69 €/kg",,
Danone Activia Iogurte Líquido de Manga e Papaia Pack 4 embalagem 160 g,Danone Activia,,"1,99 €","(3,11 € / Kg)",
Pema Pão Integral Alemão de Centeio embalagem 500 g,Pema,,"2,65 €","(5,30 € / Kg)",
Santal Néctar de Frutos Vermelhos Pack 3 unidade 20 cl,Santal,,"1,85 €","(3,08 € / Litro)",
Bollycao Dip Dip Palitos e Creme de Chocolate embalagem 52 g,Bollycao Dip Dip,,"1,49 €","(28,65 € / Kg)",
Azeitona Galega kg,,,"7,59 €/kg",,
"Prozis Melty Gelado de Amendoins, Caramelo e Chocolate Preto sem Glúten embalagem 4 unidades",Prozis Melty,,"5,99 €","(1,50 € / Unidade)",
Herdade Vale Ferreiros Chouriço de Porco Preto Ibérico Barrancos embalagem 200 g,Herdade Vale Ferreiros,,"4,29 €","(21,45 € / Kg)",
Lusiaves 4 Hambúrgueres de Frango cuvete 460 g,Lusiaves,,"3,49 €","(7,59 € / Kg)",
Eci Selection Salsichas Knacker frasco 400 g,Eci Selection,,"6,99 €","(17,48 € / Kg)",
Real Natura Condicionador Intensivo Pro-Cor Complexo B com Pantenol embalagem 500 ml,Real Natura,,"9,76 €","(19,52 € / Litro)",
Ramirez Filetes de Atum Selvagem ao Natural Diet & Fitness lata 120 g,Ramirez,,"2,19 €","(18,25 € / Kg)",
Nivea Kit Energy Boost pack 1 unidade,Nivea,,"23,84 €","(15,49 € / Unidade)","23,84 €"
Sanex Natur Protect Desodorizante para Pele Normal Roll-On embalagem 50 ml,Sanex Natur Protect,,"3,99 €","(79,80 € / Litro)",
Fabridoce Pastéis de Águeda embalagem 6 unidades,Fabridoce,,"5,70 €","(0,95 € / Unidade)",
El Corte Inglés Corações de Alcachofras ao Natural 6/8 Unidades lata 240 g,El Corte Inglés,,"2,45 €","(10,21 € / Kg)",
Garcia&Filhos Pão de Forma embalagem 1 kg,Garcia&Filhos,,"2,79 €","(2,79 € / Kg)",
Portalegre Vinho Tinto do Alentejo garrafa 75 cl,Portalegre,,"15,99 €","(21,32 € / Litro)",
Veckia Gel de Banho Revitalizante para Pele Normal com Sais Minerais embalagem 750 ml,Veckia,,"1,55 €","(0,21 € / 10 ml.)",
Poças Vinho Tinto do Douro Fora de Série garrafa 75 cl,Poças,,"18,90 €","(25,20 € / Litro)",
Isola Bio Bebida de Arroz Bio embalagem 1 L,Isola Bio,,"2,39 €","(2,39 € / Litro)",
Poli Phonia Vinho Branco do Alentejo Reserva garrafa 75 cl,Poli Phonia,,"12,99 €","(17,32 € / Litro)",
El Corte Inglés Azeite Virgem Extra garrafão 5 L,El Corte Inglés,,"20,85 €","(4,17 € / Litro)",
Pantene Miracles Fortalecedor de Raízes com Bambu embalagem 100 ml,Pantene Miracles,,"9,99 €","(99,90 € / Litro)",
Magabel Tisana Camomila embalagem 10 unidades,Magabel,,"1,10 €","(0,11 € / Unidade)",
Nacional Farinha Nacional Extra Fina embalagem 1 kg,Nacional,,"1,49 €","(1,49 € / Kg)",
Lorenz Aperitivos de Milho Amendoins Curly embalagem 150 g,Lorenz,,"2,09 €","(13,93 € / Kg)",
Dalva Vinho Branco do Douro Biológico garrafa 75 cl,Dalva,,"7,49 €","(9,99 € / Litro)",
Ambi Pur Ambientador Casa de Banho Flores Elegantes embalagem 1 unidade,Ambi Pur,,"4,99 €","(2,49 € / Unidade)","4,99 €"
Royal Salmão Fumado em Fatias Biológico embalagem 80 g,Royal,,"9,99 €","(124,88 € / Kg)",
Nestlé Cereais Chococrush Chocapic embalagem 360 g,Nestlé,,"3,89 €","(10,81 € / Kg)",
Nivea Bolsa Q10 Melhor de Si pack 1 unidade,Nivea,,"35,39 €","(22,99 € / Unidade)","35,39 €"
Defesa do Esporão Vinho Branco do Alentejo garrafa 75 cl,Defesa do Esporão,,"4,99 €","(6,65 € / Litro)",
Lindt Calendário de Natal Urso embalagem 170 g,Lindt,,"9,99 €","(44,06 € / Kg)","9,99 €"
Santiveri Bolachas Digestivas de Cacau embalagem 200 g,Santiveri,,"2,29 €","(11,45 € / Kg)",
Martini Vermute Extra Dry garrafa 1 L,Martini,,"12,09 €","(12,09 € / Litro)",
Cinco Forais Vinho Tinto do Alentejo Alicante Bouschet garrafa 75 cl,Cinco Forais,,"19,95 €","(26,60 € / Litro)",
Nutribén Fruta&Go Frutas Variadas Desde os 12 Meses sem Açúcar e sem Glúten embalagem 90 g,Nutribén Fruta&Go,,"0,99 €",(11 € / Kg),
Presunto Pá Ibérico Bolota Fatiado 100% unidade 100 g,,,"16,99 €","(169,90 € / Kg)",
SHIKRA'N Ovas de Salmão frasco 50 g,SHIKRA'N,,"4,99 €","(99,80 € / Kg)",
Pote Açafrão em Rama embalagem 4 unidades,Pote,,"2,99 €","(7,48 € / Unidade)",
Paño Nature Figos Desidratados Biológicos embalagem 200 g,Paño Nature,,"5,75 €","(28,75 € / Kg)",
Yoçor Iogurte Grego dos Açores com Meloa embalagem 115 g,Yoçor,,"2,59 €","(0,01 € / Kg)",
El Corte Inglés Chocolate Preto com Amêndoas Inteiras sem Glúten embalagem 200 g,El Corte Inglés,,"1,59 €","(7,95 € / Kg)",
Colgate Max White One Optic Pasta de Dentes embalagem 75 ml,Colgate Max White One Optic,,"4,49 €","(59,87 € / Litro)",
The Last Bite Snack de Chocolate Negro embalagem 55 g,The Last Bite,,"2,98 €","(54,18 € / Kg)",
Côte D'Or Chocolate Preto Truffé embalagem 190 g,Côte D'Or,,"3,29 €","(17,32 € / Kg)",
Nestlé Cereais Nat Delice Flakes embalagem 300 g,Nestlé,,"2,99 €","(9,97 € / Kg)",
Ahmad Tea Tisana de Rosa Mosqueta e Cereja embalagem 20 unidades,Ahmad Tea,,"4,09 €","(0,20 € / Unidade)",
El Corte Inglés Selection Kéfir de Vaca embalagem 500 g,El Corte Inglés Selection,,"2,19 €","(4,38 € / Kg)",
Babaria Creme Hidratante para os Pés com Aloe Vera embalagem 150 ml,Babaria,,"3,49 €","(23,27 € / Litro)",
Soft&Co Gel para o Corpo de Aloe Vera Refresca e Regenera a Pele embalagem 490 ml,Soft&Co,,"8,99 €","(18,35 € / Litro)",
El Corte Inglés Presunto Curado Grande Reserva embalagem 150 g,El Corte Inglés,,"3,65 €","(24,33 € / Kg)",
El Corte Inglés Salada Iceberg embalagem 250 g,El Corte Inglés,,"1,29 €","(3,80 € / Kg)","1,29 €"
Requeijão de Mistura com Doce de Abóbora unidade 250 g,,,"2,29 €","(9,16 € / Kg)",
Fastio Água sem Gás garrafão 6 L,Fastio,,"1,79 €","(0,30 € / Litro)",
Luminia Limpa Ecrãs Ultra embalagem 250 ml,Luminia,,"2,29 €","(9,16 € / Litro)",
OKF Bebida Aloe Vera Original garrafa 50 cl,OKF,,"1,99 €","(3,98 € / Litro)",
Kerel Cerveja Dark garrafa 33 cl,Kerel,,"3,55 €","(10,76 € / Litro)",
Menodiciotto Gelado de Creme Caramel copo 500 ml,Menodiciotto,,"6,59 €","(13,18 € / Litro)",
El Corte Inglés Bolachas Cobertas com Chocolate de Leite embalagem 150 g,El Corte Inglés,,"1,19 €","(7,93 € / Kg)",
Conventual Vinho Tinto do Alentejo Reserva garrafa 75 cl,Conventual,,"9,59 €","(12,79 € / Litro)",
Ritter Sport Chocolate com Rum e Frutos Secos embalagem 100 g,Ritter Sport,,"2,29 €","(22,90 € / Kg)",
Tresemmé Condicionador Purifica e Hidrata para Cabelo Oleoso embalagem 400 ml,Tresemmé,,"4,19 €","(10,48 € / Litro)",
Fructis Creme de Pentear Vitamina Strenght embalagem 400 ml,Fructis,,"7,99 €","(19,98 € / Litro)",
Ausonia Discreet Cuecas para Adultos com Incontinência Cintura Baixa Tamanho G embalagem 7 unidades,Ausonia Discreet,,"7,99 €","(0,86 € / Unidade)","7,99 €"
Cuétara Bolachas Napolitanas Chai com Trigo Sarraceno e Centeio embalagem 180 g,Cuétara,,"2,29 €","(12,72 € / Kg)",
Toffifee Bombons de Avelã com Recheio de Nougat e Chocolate embalagem 125 g,Toffifee,,"3,85 €","(30,80 € / Kg)",
La Antigua Queijo de Ovelha Curado Biológico unidade 250 g,La Antigua,,"7,99 €","(31,96 € / Kg)",
Espiga Pão Ralado Crocante embalagem 150 g,Espiga,,"1,55 €","(10,33 € / Kg)",
Aliada Maionese Suave Top Down embalagem 300 ml,Aliada,,"1,49 €","(4,97 € / Litro)",
Sanex Gel de Banho Dermo Sensitive embalagem 550 ml,Sanex,,"5,49 €","(9,98 € / Litro)",
"English Tea Shop Chá Verde, Jasmim e Flor de Sabugueiro Biológico embalagem 40 g",English Tea Shop,,"3,99 €","(99,75 € / Kg)",
Garofalo Gnocchi de Batata embalagem 500 g,Garofalo,,"2,49 €","(4,98 € / Kg)",
Axe Gold Temptation Desodorizante Spray embalagem 150 ml,Axe Gold Temptation,,"3,59 €","(23,93 € / Litro)",
Trevo Queijo Curado embalagem 90 g,Trevo,,"1,89 €",(21 € / Kg),
Branca Menta Licor de Menta garrafa 70 cl,Branca Menta,,"18,90 €",(27 € / Litro),
Bola de Berlim com Recheio de Chocolate,,,"0,95 €","(0,95 € / Unidade)",
Mestemacher Pão de Linhaça com Grãos Integrais Inteiros de Centeio e Linhaça Biológico embalagem 500 g,Mestemacher,,"2,29 €","(4,58 € / Kg)",
Vitasnack Maçã Crocante sem Glúten Biológica embalagem 20 g,Vitasnack,,"2,39 €","(119,50 € / Kg)",
El Corte Inglés Gomas Ursos sem Glúten embalagem 200 g,El Corte Inglés,,"0,89 €","(4,45 € / Kg)",
Ralston Goiabinha embalagem 30 g,Ralston,,"0,65 €","(21,67 € / Kg)",
Joana Reymão Nogueira Bolo Paparrucha embalagem 1 unidade,Joana Reymão Nogueira,,"4,30 €","(4,30 € / Unidade)",
Bicafé Biodegradável Café Forte Intensidade 10 para Nespresso embalagem 10 capsulas,Bicafé Biodegradável,,"2,49 €","(0,25 € / Unidade)",
Jean Louis David Palito para Cuticulas embalagem 1,Jean Louis David,,"2,94 €","(2,94 € / Unidade)",
Garijo Baigorri Batatas Fritas Artesanais com Agria em Azeite embalagem 130 g,Garijo Baigorri,,"2,49 €","(19,15 € / Kg)",
Chocolta Caneca de Natal com Fantasias embalagem 90 g,,,"5,49 €",(61 € / Kg),
Gorila Go Fruity Pastilhas Tutti Frutti sem Açúcar embalagem 14 unidades,Gorila Go Fruity,,"0,95 €","(47,50 € / Kg)",
Magnificat Água dos Açores com Gás garrafa 1 L,Magnificat,,"1,35 €","(1,35 € / Litro)",
Nobre Cuida-t + Peito de Frango em Fatias Finas Baixo Teor de Sal e Gordura sem Lactose sem Glúten embalagem 110 g,Nobre Cuida-t +,,"2,69 €","(24,45 € / Kg)",
Compal da Horta Feijão Frade lata 410 g,Compal da Horta,,"1,29 €","(3,15 € / Kg)",
Kinder Barras de Chocolate de Leite Pack 16 embalagem 200 g,Kinder,,"3,19 €","(15,95 € / Kg)",
Condi Coco Ralado embalagem 200 g,Condi,,"2,95 €","(14,75 € / Kg)",
Alsa Preparado para Gelatina de Ananás Origem Vegetal embalagem 180 g,Alsa,,"2,99 €","(16,61 € / Kg)",
Regateiro V.BAIRRADA REGA JUNIOR TTO garrafa 00075 cl,Regateiro,,"5,99 €","(7,99 € / Litro)",
Compal Preparado para Bolo de Coco embalagem 400 g,Compal,,"2,19 €","(5,48 € / Kg)",
Oedipus Cerveja Artesanal Liefde Saison garrafa 33 cl,Oedipus,,"3,99 €","(12,09 € / Litro)",
El Corte Inglés Massa Quebrada embalagem 230 g,El Corte Inglés,,"1,29 €","(5,61 € / Kg)",
Dove Loção Corporal Coconut Oil embalagem 400 g,Dove,,"4,85 €","(12,12 € / Kg)",
Cem Porcento Farinha de Espelta Integral Biológica embalagem 500 g,Cem Porcento,,"1,99 €","(3,98 € / Kg)",
Mentos Rebuçados de Fruta Pack 3 embalagem 120 g,Mentos,,"1,89 €","(15,75 € / Kg)",
Dodot Toalhitas Cuidado Total embalagem 48 unidades,Dodot,,"2,69 €","(0,06 € / Unidade)",
Diet Radisson Açúcar de Cana Amarelo embalagem 500 g,Diet Radisson,,"2,99 €","(5,98 € / Kg)",
Ti Almerinda Rolinhos de Salsicha 7 Unidades embalagem 385 g,Ti Almerinda,,"3,49 €","(9,06 € / Kg)",
Mortier Paté de Bruxelas embalagem 150 g,Mortier,,"2,10 €",(14 € / Kg),
Erva Mate Campo Sur embalagem 500 g,,,"5,85 €","(11,70 € / Kg)",
Persil Detergente para Máquina de Roupa Lavanda de Provence Líquido Gel embalagem 50 doses,Persil,,"19,99 €","(0,40 € / Dose)",
Agros Leite Meio Gordo Pack 3 embalagem 200 ml,Agros,,"1,19 €","(1,98 € / Litro)",
Iglo Crocantes de Frango com Piri Piri 2 Unidades embalagem 180 g,Iglo,,"4,99 €","(27,72 € / Kg)",
Cem Porcento Gel Desinfectante de Mãos embalagem 500 ml,Cem Porcento,,"2,99 €","(5,98 € / Litro)",
Royal Chef Arroz Negro embalagem 350 g,Royal Chef,,"3,69 €","(10,54 € / Kg)",
Nacional Bolachas Mini Alfa embalagem 120 g,Nacional,,"1,45 €","(12,08 € / Kg)",
Nacional Cookies XL com Pepitas de Chocolate de Leite embalagem 180 g,Nacional,,"2,59 €","(14,39 € / Kg)",
Quinta do Monte Travesso Vinho Tinto do Douro Reserva garrafa 75 cl,Quinta do Monte Travesso,,"15,95 €","(21,27 € / Litro)",
El Corte Inglés Sementes de Girassol Torradas embalagem 220 g,El Corte Inglés,,"1,49 €","(6,77 € / Kg)",
Juvamine Infusão Gengibre Curcuma embalagem 20 unidades,Juvamine,,"4,49 €","(0,22 € / Unidade)",
Herdade Grande Vinho Tinto do Alentejo garrafa 75 cl,Herdade Grande,,"8,25 €",(11 € / Litro),
El Corte Inglés Camarões Cozidos 43/48 Peças embalagem 1 kg,El Corte Inglés,,"17,65 €","(17,65 € / Kg)",
Calgon Express Balls Anti-Calcário 2 em 1 para a Máquina da Roupa embalagem 15 unidades,Calgon Express Balls,,"9,32 €","(0,62 € / Unidade)",
Unigrana Queijo Grana Padano,Unigrana,,"21,19 €/kg",,
El Corte Inglés Molletes 2 Unidades embalagem 200 g,El Corte Inglés,,"1,35 €","(6,75 € / Kg)",
Président Queijo de Cabra Riblaire,Président,,"19,99 €/kg",,
São Jorge Queijo 24 Meses,São Jorge,,"29,99 €/kg",,
Kevago Cebola Frita Crocante embalagem 100 g,Kevago,,"2,19 €","(21,90 € / Kg)",
Cem Porcento Mini Bolachas Marinheiras com Girassol e Alecrim sem Adição de Açúcares embalagem 50 g,Cem Porcento,,"0,89 €","(17,80 € / Kg)",
Du Bois Espumante Cava Meio Seco garrafa 75 cl,Du Bois,,"3,59 €","(4,79 € / Litro)",
Giovanni Rana de La Huerta Ravioli de Verduras Mediterrâneas embalagem 250 g,Giovanni Rana de La Huerta,,"3,69 €","(14,76 € / Kg)",
Maybelline Fit Me Base Fluída Matificante Matte para Pele Normal a Oleosa Nº 128 Warm Nude embalagem 1 unidade,Maybelline Fit Me,,"9,99 €","(9,99 € / Unidade)",
Du Bois de La Roche Crackers com Sal Pack 20 embalagem 500 g,Du Bois de La Roche,,"3,25 €","(6,50 € / Kg)",
Alpro Yofu de Soja Natural Pack 4 embalagem 125 g,Alpro,,"2,89 €","(5,78 € / Kg)",
Nivea Q10 Óleo Nutritivo Anti-Rugas embalagem 30 ml,Nivea Q10,,"16,99 €","(396,33 € / Litro)","16,99 €"
Milka Chocolate de Leite com Toffe e Avelãs embalagem 300 g,Milka,,"3,99 €","(13,30 € / Kg)",
Koka Massa Instantânea com Legumes embalagem 85 g,Koka,,"0,81 €","(9,53 € / Kg)",
El Corte Inglés Iogurte Proteico Natural 0% Açúcares Adicionados embalagem 180 g,El Corte Inglés,,"1,05 €","(5,83 € / Kg)",
Ceifeira Sêmola de Milho embalagem 500 g,Ceifeira,,"0,64 €","(1,28 € / Kg)",
Vinho Branco do Dão Reserva garrafa 75 cl,,,"12,45 €","(16,60 € / Litro)",
Codyfer Palmilhas Tamanho 39-40 1 par,Codyfer,,"11,75 €","(11,75 € / Unidade)",
Nestlé L'Atelier Les Bouchées Bombons de Chocolate Preto com Framboesa Intensa embalagem 158 g,Nestlé L'Atelier,,"4,75 €","(30,06 € / Kg)",
Quaker Papas de Aveia com Maçã e Mirtilos embalagem 57 g,Quaker,,"1,09 €","(19,12 € / Kg)",
Schnitzer Muffin de Mirtilo Biológico embalagem 70 g,Schnitzer,,"4,75 €","(67,86 € / Kg)",
Exquisa Queijo Fresco Proteína Alta embalagem 200 g,Exquisa,,"2,09 €","(10,45 € / Kg)",
Ambi Pur Air Effects Ambientador Aerossol Brisa Marinha Spray 300 ml,Ambi Pur Air Effects,,"3,99 €","(9,97 € / Litro)","3,99 €"
Mimosa Manteiga com Sal embalagem 250 g,Mimosa,,"2,29 €","(8,36 € / Kg)","2,29 €"
Knorr Sopa Tailandesa embalagem 69 g,Knorr,,"1,79 €","(25,94 € / Kg)",
Branca de Neve Farinha Fina para Bolos embalagem 1 kg,Branca de Neve,,"1,99 €","(1,99 € / Kg)",
Blédina Papa de 7 Cereais +6 Meses sem Açúcar Não Láctea embalagem 200 g,Blédina,,"2,26 €","(8,45 € / Kg)","2,26 €"
Viñas Altas Vinho Tinto de Espanha Crianza garrafa 75 cl,Viñas Altas,,"5,49 €","(7,32 € / Litro)",
Violife Cheddar Fatias Vegan sem Lactose e Glúten embalagem 200 g,Violife,,"4,29 €","(21,45 € / Kg)",
Renata Mistura para Bolo de Fuba embalagem 400 g,Renata,,"2,79 €","(6,98 € / Kg)",
Karta Vinho Branco do Douro garrafa 75 cl,Karta,,"4,99 €","(6,65 € / Litro)",
Royal Chef Codilho de Presunto Inteiro embalagem 720 g,Royal Chef,,"6,19 €","(8,60 € / Kg)",
Quinta dos Roques Vinho Tinto do Dão garrafa 75 cl,Quinta dos Roques,,"10,99 €","(14,65 € / Litro)",
Nutrísse Creme Coloração Nº 6.0 Louro Escuro embalagem 190 ml,Nutrísse Creme,,"9,49 €","(49,95 € / Litro)",
El Corte Inglés Pimentos de Piquillo em Pedaços frasco 280 g,El Corte Inglés,,"2,33 €","(8,32 € / Kg)",
Veuve Clicquot Champanhe Bruto Ice Jacket garrafa 75 cl,Veuve Clicquot,,"60,95 €","(81,27 € / Litro)",
Cheetos Rolitos Snack de Milho com Sabor a Queijo embalagem 100 g,Cheetos,,"1,65 €","(16,50 € / Kg)",
Coslys Esfoliante Hidratação Intensa embalagem 150 g,Coslys,,"9,90 €",(66 € / Kg),
"Nivea Creme para Rosto, Corpo e Mãos Good Naturally 24 Horas embalagem 200 ml",Nivea,,"6,99 €","(34,95 € / Litro)",
Doces D'Aveiro Bolos Suspiros embalagem 150 g,Doces D'Aveiro,,"2,49 €","(16,60 € / Kg)",
Excellence Coloração Nudes sem Amoníaco Louro Claro Universal 8 U embalagem 1 unidade,Excellence,,"12,99 €","(12,99 € / Unidade)",
Santiago Feijão Carioca embalagem 1 kg,Santiago,,"3,29 €","(3,29 € / Kg)",
Próvida Empada de Lentilhas Biológica embalagem 100 g,Próvida,,"1,75 €","(17,50 € / Kg)",
Listerine Elixir Oral Protecção Gengivas Sabor Suave Menta embalagem 500 ml,Listerine,,"6,49 €","(12,98 € / Litro)",
Ajax Detergente Multiusos Spray embalagem 500 ml,Ajax,,"3,99 €","(7,98 € / Litro)",
El Corte Inglés Iogurte Líquido com Açúcar de Cana garrafa 1 L,El Corte Inglés,,"1,39 €","(1,11 € / Kg)","1,39 €"
Lan Vinho Tinto de Espanha Rioja Crianza garrafa 75 cl,Lan,,"7,89 €","(10,52 € / Litro)",
Pescanova Fishburgers de Pescada 4 Unidades embalagem 300 g,Pescanova,,"4,19 €","(13,97 € / Kg)",
Próvida Feijão Branco Biológico embalagem 500 g,Próvida,,"3,75 €","(7,50 € / Kg)",
Enjoy Trill Gelado Vegan Baixo Teor de Açúcar Choca-Choc Pack 3 unidades embalagem 100 ml,Enjoy Trill,,"4,99 €","(16,63 € / Litro)",
Vidal Abóbora Halloween embalagem 180 g,Vidal,,"5,99 €","(33,28 € / Kg)",
Norit Detergente Líquido para Viagem embalagem 100 ml,Norit,,"3,05 €","(30,50 € / Litro)",
Oikos Gelado Dark Chocolate embalagem 500 ml,Oikos,,"6,99 €","(14,98 € / Litro)","6,99 €"
Zaini Caneca com Chocolates LOL embalagem 30 g,Zaini,,"6,49 €","(216,33 € / Kg)",
Ponti Molho Arrabbiata frasco 280 g,Ponti,,"3,29 €","(11,75 € / Kg)",
Domestos Bloco Sanitário 3 em 1 Ocean embalagem 1 unidade,Domestos,,"1,99 €","(1,99 € / Unidade)",
Mister Freed Tortilha Chips Barbecue embalagem 135 g,Mister Freed,,"2,49 €","(18,44 € / Kg)",
Doces D'Aveiro Biscoitos de Limão embalagem 250 g,Doces D'Aveiro,,"2,99 €","(11,96 € / Kg)",
Labello Bálsamo Labial Exfoliante e Hidratante de Rosa Canina embalagem 1 unidade,Labello,,"4,49 €","(4,49 € / Unidade)",
Scottex Papel Higiénico Dermo Cuidado embalagem 18 unidades,Scottex,,"14,99 €","(0,83 € / Unidade)",
Château Paradis Casseuil Vinho Tinto de França Bordeaux garrafa 75 cl,Château Paradis Casseuil,,"15,95 €","(21,27 € / Litro)",
Marquês de Riscal Vinho Tinto de Espanha Próximo garrafa 75 cl,Marquês de Riscal,,"5,99 €","(7,99 € / Litro)",
Nestlé Yaos Iogurte Grego Magro Natural Pack 4 embalagem 110 g,Nestlé Yaos,,"3,29 €","(4,98 € / Kg)","3,29 €"
El Corte Inglés Chocolate Culinário sem Glúten embalagem 200 g,El Corte Inglés,,"1,29 €","(6,45 € / Kg)",
El Corte Inglés 9 Croissants embalagem 270 g,El Corte Inglés,,"2,29 €","(8,48 € / Kg)",
Nescafé Dolce Gusto Café Latte de Coco Vegan Intensidade 5 embalagem 12 cápsulas,Nescafé Dolce Gusto,,"5,59 €","(0,47 € / Unidade)",
Maçarico Azeitonas Verdes Descaroçadas frasco 345 g,Maçarico,,"2,45 €","(7,10 € / Kg)",
Frip Selecção Camarão de Moçambique Selvagem 20/30 Unidades embalagem 800 g,Frip Selecção,,"29,99 €","(37,49 € / Kg)",
Quinta do Valdoeiro Vinho Tinto da Bairrada garrafa 75 cl,Quinta do Valdoeiro,,"6,35 €","(8,47 € / Litro)",
Al'Fez Pasta Harissa embalagem 100 g,Al'Fez,,"4,19 €","(41,90 € / Kg)",
Espiga Pimentão Doce Moído Colorau embalagem 60 g,Espiga,,"1,29 €","(21,50 € / Kg)",
Compal Vital Néctar de Frutos Vermelhos Protecção Anti-Ox Pack 3 embalagem 20 cl,Compal Vital,,"1,69 €","(2,82 € / Litro)",
Clearspring Amido Araruto Kuzu Biológico sem Glúten embalagem 125 g,Clearspring,,"9,59 €","(76,72 € / Kg)",
Mr. Cheese Queijo Vieux Pané Porção Peso Aproximado por unidade 150 g,Mr. Cheese,,"34,99 €/kg",,
Vale do Prata Biscoitos Sequilhos com Sabor a Leite sem Lactose embalagem 350 g,Vale do Prata,,"3,69 €","(10,54 € / Kg)",
Madramge Mousse de Ganso com Sauternes,Madramge,,"19,98 €/kg",,
Dr. Beckmann Aditivo para Cortinas 5 Unidades embalagem 200 g,Dr. Beckmann,,"5,99 €","(49,92 € / Kg)",
Listerine Advanced White Elixir Sabor Suave a Menta embalagem 1 L,Listerine Advanced White,,"9,89 €","(9,89 € / Litro)",
Ach Brito Sabonete de Leite de Cabra embalagem 90 g,Ach Brito,,"1,65 €","(18,33 € / Kg)",
Red Bull Bebida Energética sem Açúcar Pack 2 lata 25 cl,Red Bull,,"2,69 €","(10,76 € / Litro)",
Pringles Rice Fusion Aperitivos de Arroz BBQ Teriyaki embalagem 160 g,Pringles Rice Fusion,,"2,65 €","(16,56 € / Kg)",
Carm Vinho Tinto do Douro Reserva garrafa 75 cl,Carm,,"16,49 €","(21,99 € / Litro)",
Burmester Vinho Tinto do Douro garrafa 75 cl,Burmester,,"5,99 €","(7,99 € / Litro)",
Dove Men +Care Desodorizante Clean Comfort Roll-On embalagem 50 ml,Dove Men +Care,,"4,69 €","(93,80 € / Litro)",
Rui Simeão Flor de Sal Marinho 250 g,Rui Simeão,,"1,99 €","(7,96 € / Kg)",
Le Farto Thones LEITE CÔCO embalagem 400 ml,Le Farto Thones,,"1,85 €","(4,62 € / Litro)",
Gillette Blue II Plus Máquinas Descartáveis embalagem 6 unidades,Gillette Blue II Plus,,"2,99 €","(0,50 € / Unidade)",
Mackays Compota de Coalhada de Limão frasco 340 g,Mackays,,"3,99 €","(8,09 € / Kg)","3,99 €"
Renova Guardanapos Black Label Hounted House embalagem 20 unidades,Renova,,"1,20 €","(0,10 € / Unidade)",
Artesans Chupa-Chupas Coração 60 g,Artesans,,"1,49 €","(24,83 € / Kg)",
Lipton Chá Verde Springy Mint embalagem 20 unidades,Lipton,,"1,59 €","(0,08 € / Unidade)",
Elpenor Vinho Rosé do Dão Biológico garrafa 75 cl,Elpenor,,"9,95 €","(13,27 € / Litro)",
Iswari Macaccino Gold em Pó para Bebida Biológico embalagem 250 g,Iswari,,"8,65 €","(34,60 € / Kg)",
Actibel Esponja de Banho Vegetal Baby embalagem 1 unidade,Actibel,,"3,95 €","(3,95 € / Unidade)",
Nestlé Yogolino Morango sem Glúten Pack 4 embalagem 100 g,Nestlé Yogolino,,"2,89 €","(7,22 € / Kg)",
7Th Heaven Máscara Kitten Calmante de Pepino e Aloe embalagem 1 unidade,7Th Heaven,,"2,99 €","(2,99 € / Unidade)",
Président Rondelé Queijo Creme com Alho e Ervas Finas embalagem 125 g,Président Rondelé,,"2,35 €","(18,80 € / Kg)",
Quejio de Ovelha de Seia ao peso 1 kg,,,"29,75 €/kg",,
Eruptio Vinho Branco do Pico Verdelho garrafa 75 cl,Eruptio,,"21,90 €","(29,20 € / Litro)",
Ferrero Rocher Chocolate Negro e Avelã tablete 90 g,Ferrero Rocher,,"2,59 €","(28,78 € / Kg)",
El Corte Inglés Molho Napolitano frasco 300 g,El Corte Inglés,,"0,89 €","(2,97 € / Kg)",
Manz Vinho Tinto de Setúbal Contador de Estórias garrafa 75 cl,Manz,,"11,80 €","(15,73 € / Litro)",
Nabo Peso Aproximado por unidade 250 kg,,,"2,39 €/kg",,
El Corte Inglés Detergente Liquido para Roupa com Cor embalagem 46 doses,El Corte Inglés,,"5,29 €",,
Margão Segredos do Mundo Tailândia frasco 52 g,Margão Segredos do Mundo,,"2,89 €","(55,58 € / Kg)",
Bimbo Briche Bagels embalagem 300 g,Bimbo,,"2,29 €","(6,63 € / Kg)","2,29 €"
Jules Destrooper Bolachas Thins de Gengibre embalagem 95 g,Jules Destrooper,,"3,79 €","(39,89 € / Kg)",
El Corte Inglés Selection Lombo Ibérico embalagem 550 g,El Corte Inglés Selection,,"30,99 €","(56,35 € / Kg)",
Poco Loco Tortilhas de Milho Pack 8 embalagem 320 g,Poco Loco,,"2,58 €","(8,06 € / Kg)",
Glade Vela Ambientador Marshmallow embalagem 129 g,Glade,,"5,99 €","(46,43 € / Kg)",
Seia Queijo Amanteigado de Ovelha unidade 550 g,Seia,,"10,99 €","(17,73 € / Kg)","10,99 €"
Pur Natur Iogurte de Framboesa Biológico frasco 150 g,Pur Natur,,"1,75 €","(11,67 € / Kg)",
Royal Gelatina de Framboesa e Morango  -30% Açúcar embalagem 114 g,Royal,,"1,99 €","(17,46 € / Kg)",
Mery Balde com Escorredor e Rodas 1 unidade,Mery,,"10,99 €","(10,99 € / Unidade)",
5 Jotas Presunto da Pá Ibérico Fatiado à Mão Pata Negra embalagem 80 g,5 Jotas,,"20,99 €","(262,38 € / Kg)",
Capitão Iglo Nuggets de Frango 38 Unidades embalagem 697 g,Capitão Iglo,,"17,99 €","(25,81 € / Kg)",
Globo Molho para Moamba lata 410 g,Globo,,"3,65 €","(8,90 € / Kg)",
Tetley Infusão de Cidreira embalagem 20 unidades,Tetley,,"1,65 €","(0,08 € / Unidade)",
Bischofshof Cerveja da Alemanha Hefe-Weissbier Hell garrafa 50 cl,Bischofshof,,"1,59 €","(3,18 € / Litro)",
Maybelline Tattoo Liner Lápis para Olhos Nº 910 Bold Brown embalagem 1 unidade,Maybelline Tattoo Liner,,"9,99 €","(9,99 € / Unidade)",
Sovina Cerveja Artesanal Lager garrafa 33 cl,Sovina,,"2,69 €","(8,15 € / Litro)",
Saborosos Ovos Frescos Classe M embalagem 6 unidades,Saborosos,,"1,95 €","(0,32 € / Unidade)",
El Corte Inglés Atum Claro em Azeite Baixo Teor de Sal Pack 3 lata 180 g,El Corte Inglés,,"3,29 €","(18,28 € / Kg)",
Maltesers Trufas de Chocolate embalagem 200 g,Maltesers,,"7,45 €","(37,25 € / Kg)",
Vive Soy Bebida de Soja Natural embalagem 1 L,Vive Soy,,"2,15 €","(2,15 € / Litro)",
San Marcos Salsa Chilpotle frasco 230 g,San Marcos,,"2,49 €","(10,83 € / Kg)",
Gillette Venus Lâminas Depilatórias Recarga embalagem 4 unidades,Gillette Venus,,"13,49 €","(3,37 € / Unidade)",
Edulcor Adoçante Edulcorante embalagem 300 unidades,Edulcor,,"2,09 €","(0,01 € / Unidade)",
Delta Café Solúvel Creme frasco 80 g,Delta,,"3,39 €","(42,38 € / Kg)",
Kellogg's Cereais Corn Flakes embalagem 375 g,Kellogg's,,"2,05 €","(5,47 € / Kg)",
Trevijano Couscous Mediterrâneo embalagem 300 g,Trevijano,,"3,79 €","(12,63 € / Kg)",
Denim Original After-Shave embalagem 100 ml,Denim Original,,"7,99 €","(79,90 € / Litro)",
Renova Skin Care Papel Higiénico Plus embalagem 6 unidades,Renova Skin Care,,"4,99 €","(0,83 € / Unidade)",
Jordan Escova Interdental de Alcance Fácil embalagem 25 unidades,Jordan,,"4,99 €","(4,99 € / Unidade)",
Narta Desodorizante Invisível 0% Álcool Roll-On embalagem 50 ml,Narta,,"3,79 €","(75,80 € / Litro)",
Ultra Suave Delicadeza de Aveia Máscara Capilar Bálsamo Nutritivo embalagem 300 ml,Ultra Suave Delicadeza de Aveia,,"6,79 €","(22,63 € / Litro)",
Aquarius Bebida sem Gás Isotónica de Laranja garrafa 50 cl,Aquarius,,"1,19 €",,
Dr. Beckmann Limpa Inox Spray embalagem 250 ml,Dr. Beckmann,,"4,19 €","(16,76 € / Litro)",
Chips Ahoy Bolachas com Extra Pepitas de Chocolate XL embalagem 184 g,Chips Ahoy,,"2,59 €","(14,08 € / Kg)",
Dolci Preziosi Calendário de Natal com Chocolates Justice League embalagem 50 g,Dolci Preziosi,,"2,59 €","(51,80 € / Kg)",
"Grand-Mère Paté Ardenas 1,5 kg",Grand-Mère,,"14,49 €/kg",,
El Corte Inglés Selection Salsichão Ibérico 2 x 75 g unidade 150 g,El Corte Inglés Selection,,"4,25 €","(28,33 € / Kg)",
Cocina de Senen Mini Tortilhas com Cebola embalagem 360 g,Cocina de Senen,,"7,99 €","(22,19 € / Kg)",
Not Guilty Chocolate Preto com Recheio de Manteiga de Avelã 50% embalagem 30 g,Not Guilty,,"0,99 €",(33 € / Kg),
Desidrata Framboesa Desidratada Biológica embalagem 30 g,Desidrata,,"3,99 €",(133 € / Kg),
Porminho Cubos de Bacon Pack 2x75 g embalagem 150 g,Porminho,,"2,59 €","(17,27 € / Kg)",
El Chico Centro de Panceta embalagem 200 g,El Chico,,"5,19 €","(25,95 € / Kg)",
Westfalia Salsichas Frankfurt Picantes embalagem 270 g,Westfalia,,"4,75 €","(17,59 € / Kg)",
Bimbo Pão Especial Torrada embalagem 700 g,Bimbo,,"2,29 €","(3,27 € / Kg)",
Delirium Cerveja da Bélgica Tremens garrafa 33 cl,Delirium,,"3,15 €","(9,55 € / Litro)",
Guinness Cerveja da Irlanda Draught Stout lata 44 cl,Guinness,,"2,19 €","(4,98 € / Litro)",
Ruffles Batatas Fritas sabor Yorkeso embalagem 150 g,Ruffles,,"1,89 €","(9,27 € / Kg)","1,89 €"
Talamonti Vinho Tinto de Itália Moda garrafa 75 cl,Talamonti,,"8,45 €","(11,27 € / Litro)",
Três Bagos Vinho Tinto do Douro Reserva garrafa 75 cl,Três Bagos,,"9,69 €","(12,92 € / Litro)",
Nacional Morning Break Bolachas de Aveia Integral e Chia embalagem 300 g,Nacional Morning Break,,"2,19 €","(7,30 € / Kg)",
Bauducco Tostas Integrais embalagem 142 g,Bauducco,,"1,19 €","(8,38 € / Kg)",
"Nestlé Cheerios Cereais de Aveia, Maçã e Canela embalagem 300 g",Nestlé Cheerios,,"3,59 €","(11,97 € / Kg)",
Xixo Ice Tea Mirtillo lata 25 cl,Xixo,,"0,59 €","(2,36 € / Litro)",
Antonio Banderas Blue Seduction Colónia Masculina embalagem 100 ml,Antonio Banderas Blue Seduction,,"24,39 €","(243,90 € / Litro)",
Malandra Vinho Tinto do Alentejo Reserva garrafa 75 cl,Malandra,,"9,49 €","(12,65 € / Litro)",
Gravuras do Côa Vinho Branco do Douro DOC garrafa 75 cl,Gravuras do Côa,,"4,99 €","(6,65 € / Litro)",
"Wiloco Chocolate Castanho Praliné Vegan sem Glúten, sem Lactose Biológico embalagem 90 g",Wiloco,,"3,99 €","(44,33 € / Kg)",
El Corte Inglés Selection Espinafres Extra frasco 350 g,El Corte Inglés Selection,,"2,15 €","(6,14 € / Kg)",
Rana Kit Tagliolini com Cogumelos embalagem 407 g,Rana,,"4,59 €","(11,28 € / Kg)",
Duorum Vinho Tinto do Douro garrafa 75 cl,Duorum,,"12,49 €","(16,65 € / Litro)",
Cal Valls Sumo de Pera Biológico garrafa 1 L,Cal Valls,,"4,25 €","(4,25 € / Litro)",
La Antigua Queijo Curado 1/2 sem Lactose,La Antigua,,"23,69 €/kg",,
Tanqueray Gin Flor de Sevilha garrafa 70 cl,Tanqueray,,"31,99 €","(45,70 € / Litro)",
Narta Magnesium Protect Desodorizante Anti-Stress Roll-On embalagem 50 ml,Narta Magnesium Protect,,"3,79 €","(75,80 € / Litro)",
Sonasol Wc Deluxe Bloco Sanitário Elegância do Jasmim embalagem 50 g,Sonasol Wc Deluxe,,"2,20 €",(44 € / Kg),
Nutrégi Iogurte Líquido com Aroma a Morango embalagem 750 g,Nutrégi,,"2,29 €","(3,05 € / Kg)",
Peccato Gelado de Caramelo Biscuit Speculoos embalagem 500 ml,Peccato,,"5,99 €","(11,98 € / Litro)",
Quinta Sães Vinho Tinto do Dão Estágio Prolongado garrafa 75 cl,Quinta Sães,,"14,95 €","(19,93 € / Litro)",
Corguete Ecológica embalagem 500 g,,,"2,29 €","(4,58 € / Kg)",
El Corte Inglés Selection Torta de Torrão de Alicante embalagem 200 g,El Corte Inglés Selection,,"3,15 €","(15,75 € / Kg)",
D.R. Vinho do Porto Tawny garrafa 75 cl,D.R.,,"6,79 €","(9,05 € / Litro)",
Vileda Ultra Fresh Esfregão Fibra com Esponja Antibactérias embalagem 3 unidades,Vileda Ultra Fresh,,"1,99 €","(1,99 € / Unidade)",
Renova Black Label Guardanapos Merry Christmas embalagem 20 unidades,Renova Black Label,,"1,99 €","(0,09 € / Unidade)","1,99 €"
Pasta dos Dentes Gengivas Sensiveis PeiroGard embalagem 75 ml,,,"5,59 €","(74,53 € / Litro)",
Just For Men Champô Redutor de Cabelos Grisalhos embalagem 118 ml,Just For Men,,"13,99 €","(118,56 € / Litro)",
Skandia Salmão Fumado Norueguês embalagem 200 g,Skandia,,"11,99 €","(59,95 € / Kg)",
Desiam Molho Chilli Doce e Ananás frasco 285 g,Desiam,,"5,29 €","(18,56 € / Kg)",
Lindt Bombons Lindor Duplo Chocolate embalagem 200 g,Lindt,,"6,39 €","(31,95 € / Kg)",
Beefeater Gin Pink garrafa 70 cl,Beefeater,,"19,49 €","(27,84 € / Litro)",
Cif Lava Tudo em Gel Casa de Banho 750 ml,Cif Lava Tudo,,"2,49 €","(3,32 € / Litro)",
Espiga Pimenta Preta Moída embalagem 55 g,Espiga,,"2,29 €","(41,64 € / Kg)",
Korisca Cerveja Artesanal IPA garrafa 33 cl,Korisca,,"3,99 €","(12,09 € / Litro)",
Mortier Paté de Pato com vinho do Porto unidade 150 g,Mortier,,"2,10 €",(14 € / Kg),
Enjoy Trill Gelado Vegan Baixo Teor de Açúcar de Chocolate copo 480 ml,Enjoy Trill,,"6,99 €","(14,56 € / Litro)",
Schweppes Água Tónica Hibiscus Pack 4 garrafa 20 cl,Schweppes,,"6,76 €","(8,45 € / Litro)",
Savora Molho Inglês garrafa 120 ml,Savora,,"1,69 €","(14,08 € / Litro)",
St.Michel Bolachas de Manteiga e Chocolate embalagem 150 g,St.Michel,,"2,89 €","(19,27 € / Kg)",
Kostritzer Cerveja da Alemanha Schwarzebier garrafa 33 cl,Kostritzer,,"2,59 €","(7,85 € / Litro)",
Sabita Pasta Mistura de Especiarias Raita frasco 35 g,Sabita,,"2,65 €","(75,71 € / Kg)",
Pazo do Queixo Queijo Tetilla Peso Aproximado por unidade 1 kg,Pazo do Queixo,,"12,79 €/kg",,
Santa Catarina Filetes de Atum com Manjericão lata 120 g,Santa Catarina,,"3,09 €","(25,75 € / Kg)",
Actimel Kids Iogurte Líquido de Morango e Banana Pack 6 unidades embalagem 100 g,Actimel Kids,,"3,29 €","(5,48 € / Kg)",
Clearspring Vinagre de Arroz Integral Biológico garrafa 150 ml,Clearspring,,"3,74 €","(24,93 € / Litro)",
Brickcity Favas Baby frasco 680 g,Brickcity,,"3,45 €","(4,79 € / Litro)",
Gran Capitan Queijo de Espanha Curado embalagem 250 g,Gran Capitan,,"6,79 €","(27,16 € / Kg)",
Progelcone Bolachas Wafer Rolitos de Baunilha embalagem 125 g,Progelcone,,"1,54 €","(12,32 € / Kg)",
Coca-Cola Refrigerante com Gás Sabor Baunilha lata 25 cl,Coca-Cola,,"1,49 €","(5,96 € / Litro)",
Old El Paso Condimento para Fajitas embalagem 30 g,Old El Paso,,"1,46 €","(48,67 € / Kg)",
Santal Néctar de Manga embalagem 1 L,Santal,,"1,80 €","(1,80 € / Litro)",
Ultra Suave Creme de Pentear com Leite de Amêndoa para Cabelo Desidratado embalagem 200 ml,Ultra Suave,,"4,99 €","(24,95 € / Litro)",
Enso Vinagre de Arroz frasco 150 ml,Enso,,"4,49 €","(29,93 € / Litro)",
Vinhas do Lasso Vinho Branco da Estremadura Colheita Seleccionada garrafa 75 cl,Vinhas do Lasso,,"5,99 €","(7,99 € / Litro)",
Old El Paso Fajitas Kit embalagem 550 g,Old El Paso,,"6,12 €","(12,24 € / Kg)",
Nivea Creme Soft Sabonete Pack 3 embalagem 100 g,Nivea Creme Soft,,"3,49 €","(11,63 € / Kg)",
Maçarico Massa de Alho frasco 200 g,Maçarico,,"2,09 €","(10,45 € / Kg)",
Generous Biscoitos Stella Stracciatella embalagem 125 g,Generous,,"4,95 €","(39,60 € / Kg)",
Cadbury Chocolate Buttons tubo 72 g,Cadbury,,"2,35 €","(32,64 € / Kg)",
Adega 23 Vinho Branco da Beira Interior garrafa 75 cl,Adega 23,,"12,50 €","(16,67 € / Litro)",
Haagen-Dazs Gelados Mini Copos Chocolate Collection Pack 4 embalagem 380 ml,Haagen-Dazs,,"6,75 €","(17,76 € / Litro)",
Oliveira da Serra Vinagre Balsâmico garrafa 250 ml,Oliveira da Serra,,"1,99 €","(7,96 € / Litro)",
Compal Clássico 100% Sumo de Laranja embalagem 1 L,Compal Clássico,,"1,35 €","(1,35 € / Litro)",
"Serra da Malcata Mel de Rosmaninho frasco 1,1 kg",Serra da Malcata,,"12,75 €","(11,59 € / Kg)",
"Dgdegusta Rebuçados Mini Flocos de Neve ""Lisboa"" lata 30 g",Dgdegusta,,"2,99 €","(99,67 € / Kg)",
Margem Bolas Perfumadas de Lavanda embalagem 80 g,Margem,,"2,59 €","(32,38 € / Kg)",
Sabita Pasta Tikka Masala Suave frasco 125 g,Sabita,,"4,10 €","(32,80 € / Kg)",
Natura Arroz Selvagem Mix embalagem 400 g,Natura,,"1,99 €","(4,98 € / Kg)",
Gelpeixe Pescada do Chile Postas Nº 5 embalagem 600 g,Gelpeixe,,"8,49 €","(14,15 € / Kg)",
Pulsin Barra Keto Bar de Chocolate e Amendoim embalagem 50 g,Pulsin,,"2,55 €",(51 € / Kg),
Ferradura de Chocolate unidade 170 g,,,"0,90 €","(5,29 € / Kg)",
Trolli Gomas Minhocas Brilhantes embalagem 100 g,Trolli,,"1,19 €","(11,90 € / Kg)",
"Mimosa Eleva Iogurte Bifidus de Framboesa, Amêndoa e Sementes de Linhaça sem Glúten e Lactose Pack 4 embalagem 115 g",Mimosa Eleva,,"2,99 €","(6,50 € / Kg)",
Cem Porcento Espelta Tufada com Chocolate Biológica embalagem 125 g,Cem Porcento,,"2,29 €","(18,32 € / Kg)",
Santa Teresa Sopa de Abóbora embalagem 400 ml,Santa Teresa,,"3,49 €","(8,72 € / Litro)",
Pringles Aperitivos de Sal e Vinagre embalagem 175 g,Pringles,,"2,99 €","(17,09 € / Kg)",
Argal Ensalada de Cocktail de Gambas 240 g,Argal,,"3,99 €","(16,62 € / Kg)",
Skandia Salmão Fumado com Alga Nori Gourmet Japonés embalagem 80 g,Skandia,,"6,29 €","(78,62 € / Kg)",
Calheiros Cruz Vinho Branco do Douro Reserva garrafa 75 cl,Calheiros Cruz,,"9,95 €","(13,27 € / Litro)",
Yoggi Iogurte Líquido de Morango Pack 8 embalagem 160 g,Yoggi,,"4,91 €","(3,84 € / Kg)",
Renova Red Label Lenços Faciais Maxi embalagem 1 unidade,Renova Red Label,,"1,99 €","(1,99 € / Unidade)",
Tetley Chá Preto embalagem 20 unidades,Tetley,,"1,55 €","(0,08 € / Unidade)",
Oh K! Kombucha de Canela Biológica garrafa 200 ml,Oh K!,,"2,45 €","(12,25 € / Litro)",
Herdade Aldeia de Cima Vinho Branco do Alentejo Reserva garrafa 75 cl,Herdade Aldeia de Cima,,"16,90 €","(22,53 € / Litro)",
Kilom Moelas de Frango Peso Aproximado por cuvete 400 g,Kilom,,2 €,"(4,99 € / Kg)",
Bonne Maman Geleia Extra de Groselha frasco 370 g,Bonne Maman,,"3,59 €","(9,70 € / Kg)",
El Corte Inglés Miolo de Avelã Torrado sem Glúten embalagem 150 g,El Corte Inglés,,"2,99 €","(19,93 € / Kg)",
"Batata Doce Amarela saco 1,5 kg",,,"2,99 €","(1,99 € / Kg)",
Tsingtao Cerveja da China de Trigo garrafa 33 cl,Tsingtao,,"1,49 €","(4,52 € / Litro)",
Skip Active Clean Detergente Liquido para a Máquina da Roupa Concentrado embalagem 46 doses,Skip Active Clean,,"19,99 €","(0,43 € / Unidade)",
Swiffer Duster Espanador Recargas embalagem 20 unidades,Swiffer Duster,,"15,99 €","(0,80 € / Unidade)",
Canderel Adoçante embalagem 100 unidades,Canderel,,"2,09 €","(0,02 € / Unidade)",
Disney Refrigerante Frozen garrafa 75 cl,Disney,,"4,45 €","(5,93 € / Litro)",
Cantoliva Azeitona à Alentejana,Cantoliva,,"6,99 €/kg",,
Aveleda Loureiro & Alvarinho Vinho Branco do Minho garrafa 75 cl,Aveleda Loureiro & Alvarinho,,"4,99 €","(6,65 € / Litro)",
Gullón Bolachas Mega Duo com Recheio de Baunilha embalagem 500 g,Gullón,,"2,85 €","(5,70 € / Kg)",
Villar Chouriço Ibérico Extra unidade 200 g,Villar,,"5,29 €","(26,45 € / Kg)",
Blue Dragon Molho de Chilli e Alho para Saltear embalagem 120 g,Blue Dragon,,"1,95 €","(16,25 € / Kg)",
Pescanova Mimos de Pescada Panados de Alho e Salsa embalagem 360 g,Pescanova,,"4,89 €","(13,58 € / Kg)",
Johnson's Bolhas de Espuma de Banho para Crianças embalagem 750 ml,Johnson's,,"7,79 €","(10,39 € / Litro)",
Steripan Vaselina embalagem 50 ml,Steripan,,"4,35 €",(87 € / Litro),
La Piara Bocadelia Recheio de Peito de Frango com Curry embalagem 180 g,La Piara Bocadelia,,"2,99 €","(16,61 € / Kg)",
Domestos Lixívia em Gel Pink embalagem 750 ml,Domestos,,"2,49 €","(3,32 € / Litro)",
Ferbar Cogumelos Laminados lata 185 g,Ferbar,,"0,99 €","(5,35 € / Kg)",
Cem Porcento Sumo Natural de Uva Preta Biológico garrafa 200 ml,Cem Porcento,,"0,99 €","(4,95 € / Litro)",
Nutrégi Iogurte Líquido Magro de Polpa de Morango e Cereais 0% Açúcar Pack 4 embalagem 170 g,Nutrégi,,"2,29 €","(3,37 € / Kg)",
El Corte Inglés Queijo de Nisa DOP unidade 300 g,El Corte Inglés,,"6,99 €","(23,30 € / Kg)",
Monchique Aguardente de Medronho garrafa 50 cl,Monchique,,"33,90 €","(67,80 € / Litro)",
El Pastor Queijo de Cabra em Cubos unidade 150 g,El Pastor,,"3,19 €","(21,27 € / Kg)",
Ambi Pur 3 Volution Ambientador Eléctrico Nuvens de Algodão Recarga embalagem 21 ml,Ambi Pur 3 Volution,,"6,99 €","(332,86 € / Litro)",
Tostagrill Tostas Integrais de Trigo embalagem 225 g,Tostagrill,,"2,15 €","(9,56 € / Kg)",
Sidul Açúcar com Stevia embalagem 500 g,Sidul,,"2,64 €","(5,28 € / Kg)",
Pantene Amaciador Clássico embalagem 225 ml,Pantene,,"4,99 €","(22,18 € / Litro)",
Dalva Vinho do Porto Datado Rosé garrafa 75 cl,Dalva,,"9,90 €","(13,20 € / Litro)",
El Cantero de Letur Iogurte de Vaca sem Lactose Pack 2 embalagem 125 g,El Cantero de Letur,,"2,05 €","(7,60 € / Kg)","2,05 €"
El Corte Inglés Cocktail de Aperitivos Fritos embalagem 100 g,El Corte Inglés,,"0,99 €","(9,90 € / Kg)",
Aga Vaselina Purificada embalagem 20 ml,Aga,,"1,19 €","(59,50 € / Litro)",
Espiga Cravinho Grão frasco 30 g,Espiga,,"2,05 €","(68,33 € / Kg)",
Aliada Vassoura Multiusos 1 unidade,Aliada,,"2,45 €","(2,45 € / Unidade)",
"Nestlé Kit Kat Snack de Chocolate de Leite embalagem 41,5 g",Nestlé Kit Kat,,"1,10 €","(26,51 € / Kg)",
"BI Refrigerante de Maçã embalagem 1,5 L",BI,,"1,75 €","(1,17 € / Litro)",
Midi Farci Bolo Farci Nocciola Recheado com Avelã 10 Unidades embalagem 280 g,Midi Farci,,"2,49 €","(8,89 € / Kg)",
Cara a Cara Vinho Branco do Douro Superior garrafa 75 cl,Cara a Cara,,"4,99 €","(6,65 € / Litro)",
Dez Prá Uma Arroz de Pato até 2 pessoas embalagem 500 g,Dez Prá Uma,,"10,25 €","(20,50 € / Kg)",
Xixo Ice Tea Morango lata 25 cl,Xixo,,"0,55 €","(2,20 € / Litro)",
GOT2B Fixador em Pó Volume embalagem 10 g,GOT2B,,"6,59 €",(659 € / Kg),
Espiga Alcaçuz Raiz frasco 28 g,Espiga,,"2,19 €","(78,21 € / Kg)",
Nestlé Yaos Iogurte Grego Natural embalagem 450 g,Nestlé Yaos,,"2,89 €","(4,42 € / Kg)","2,89 €"
Merimar Polvo Cozido Tentáculo embalagem 250 g,Merimar,,"12,99 €","(51,96 € / Kg)",
Kaffa Alumínio Café Descafeinado Intensidade 5 para Nespresso embalagem 10 cápsulas,Kaffa Alumínio,,"2,12 €","(0,21 € / Unidade)",
Justino's Vinho da Madeira Meio Doce 3 Anos garrafa 75 cl,Justino's,,"9,99 €","(13,32 € / Litro)",
Cimarrom Miolo de Amêndoa Moído embalagem 100 g,Cimarrom,,"1,95 €","(19,50 € / Kg)",
Bicentury Tortilhas de Chocolate com Pedaços de Laranja Pack 4X2 embalagem 139 g,Bicentury,,"2,59 €","(18,63 € / Kg)",
Espiga Piripíri Moído embalagem 60 g,Espiga,,"1,65 €","(27,50 € / Kg)",
Panealba Gressinos Stiratini com Sésamo embalagem 250 g,Panealba,,"2,49 €","(9,96 € / Kg)",
Bergader Queijo Azul em Fatias embalagem 100 g,Bergader,,"1,59 €","(15,90 € / Kg)",
Merci Chocolate de Leite embalagem 250 g,Merci,,"7,29 €","(18,96 € / Kg)","7,29 €"
Listerine Elixir Mentol Suave 500+250 embalagem 500 ml,Listerine,,"5,99 €","(11,98 € / Litro)",
Tampax Compak Tampão Super embalagem 32 unidades,Tampax Compak,,"5,99 €","(0,19 € / Unidade)",
Cacaolat Leite Achocolatado Batido com Cacau Original Minibar pack 3 200 ml,Cacaolat,,"1,79 €","(8,95 € / Litro)",
Veckia Escova de Dentes Suave embalagem 1 unidade,Veckia,,"1,45 €","(1,45 € / Unidade)",
Paladar Pronto Lasanha Fit de Carne com Espinafres embalagem 380 g,Paladar Pronto,,"4,99 €","(13,13 € / Kg)",
Viñas Altas Vinho Branco de Espanha Toro Reserva garrafa 75 cl,Viñas Altas,,"6,90 €","(9,20 € / Litro)",
"Papillon Queijo Tomme de Brebis Peso Aproximado 4,6 kg",Papillon,,"29,49 €/kg",,
Granforno Gressinos com Alho embalagem 125 g,Granforno,,"1,45 €","(11,60 € / Kg)",
Heno de Pravia Água de Colónia Familiar embalagem 650 ml,Heno de Pravia,,"7,99 €","(12,29 € / Litro)",
Pedras Salgadas Água com Gás Sabor Pêssego Pack 4 pack 25 cl,Pedras Salgadas,,"2,39 €","(2,39 € / Litro)",
Gullón Bolachas Digestivas embalagem 400 g,Gullón,,"2,95 €","(7,38 € / Kg)",
Smint Rebuçados de Menta sem Açúcar Pack 3 embalagem 24 g,Smint,,"3,55 €","(147,92 € / Kg)",
Tello Centro de Presunto,Tello,,"17,99 €/kg",,
Cistér Feijão Branco Cozido lata 850 g,Cistér,,"0,99 €","(1,16 € / Kg)",
El Corte Inglés Bolachas Recheadas com Creme Banhadas em Chocolate de Leite embalagem 252 g,El Corte Inglés,,"1,99 €","(7,90 € / Kg)",
D'Angelo Cappelletti de Tofu Vegan Biológico embalagem 250 g,D'Angelo,,"4,59 €","(18,36 € / Kg)",
Redondo Iglesias Presunto Ibérico do Campo unidade 80 g,Redondo Iglesias,,"8,98 €","(112,25 € / Kg)",
Mr. Cheese Queijo Reblochon Savoie Porção Peso Aproximado 130 g,Mr. Cheese,,"29,49 €/kg",,
El Corte Inglés Chá de Camomila embalagem 25 unidades,El Corte Inglés,,"0,69 €","(20,91 € / Kg)",
Gillette Venus Comfortglide Máquinas Recargas Breeze embalagem 4 unidades,Gillette Venus Comfortglide,,"15,49 €","(3,87 € / Unidade)",
Johnson's Champô e Condicionador 2 em 1 embalagem 500 ml,Johnson's,,"5,59 €","(11,18 € / Litro)",
Nestlé Nesquik Noche Achocolatado em Pó sem Glúten embalagem 400 g,Nestlé Nesquik Noche,,"3,59 €","(8,98 € / Kg)",
Tribe Sorbet de Coco copo 160 ml,Tribe,,"2,89 €","(18,06 € / Litro)",
Knorr Las Clásicas Creme de Verduras Mediterrâneas embalagem 1 L,Knorr Las Clásicas,,"4,29 €","(4,29 € / Litro)",
Quinta de Carvalhais Vinho Tinto do Dão garrafa 75 cl,Quinta de Carvalhais,,"8,99 €","(11,99 € / Litro)",
Caspian Pearl Caviar Beluga Imper Esturao embalagem 30 g,Caspian Pearl,,249 €,(8.300 € / Kg),
Pescanova Tentáculos de Pota Cozidos embalagem 300 g,Pescanova,,"5,99 €","(19,97 € / Kg)",
5 Jotas Lote de Presunto Fatiado 100% Ibérico Bolota +Tangran unidade 480 g,5 Jotas,,"175,50 €","(365,62 € / Kg)",
El Corte Inglés Filetes de Anchova em Azeite lata 29 g,El Corte Inglés,,"1,39 €","(47,93 € / Kg)",
Antonio Banderas Blue Seduction Colónia Feminina embalagem 50 ml,Antonio Banderas Blue Seduction,,"16,49 €","(329,80 € / Litro)",
Joaquim Costa Vargas Vinho Tinto do Alentejo garrafa 75 cl,Joaquim Costa Vargas,,"5,95 €","(7,93 € / Litro)",
Dum Dum Insecticida Eléctrico Melgas e Mosquitos 135 Noites embalagem 18 ml,Dum Dum,,"19,99 €","(1.110,56 € / Litro)",
Gelcampo Salteado de Vegetais com Batata Assada embalagem 600 g,Gelcampo,,"2,79 €","(4,65 € / Kg)",
Kunquat Peso Aproximado por cuvete 400 g,,,"6,40 €","(15,99 € / Kg)",
Palette Coloração Intensive Permanente Castanho Claro Nº 5 embalagem 1 unidade,Palette,,"6,99 €","(6,99 € / Unidade)",
Sanytol Desinfectante Anti Ácaros embalagem 300 ml,Sanytol,,"7,99 €","(26,63 € / Litro)",
El Cantero de Letur Kéfir de Ovelha Desnatado Biológico frasco 420 g,El Cantero de Letur,,"3,65 €","(8,69 € / Kg)",
José Posada Creme de Marron Glacé lata 250 g,José Posada,,"3,75 €",(15 € / Kg),
Globo Corante Encarnado frasco 28 ml,Globo,,"1,65 €","(58,93 € / Litro)",
Nicola Chá Preto Citrus para Nespresso embalagem 10 cápsulas,Nicola,,"1,99 €","(0,20 € / Unidade)",
Monsaraz Vinho Branco Regional Alententejano garrafa 75 cl,Monsaraz,,"6,99 €","(1,66 € / Litro)",
"Don Simon Ice Tea de Pêssego garrafa 1,5 L",Don Simon,,"0,85 €","(0,57 € / Litro)",
Sierra Leales Presunto Ibérico Bolota em Fatias unidade 150 g,Sierra Leales,,"12,95 €","(86,33 € / Kg)",
Gillette Proglide Máquinas Recargas embalagem 4 unidades,Gillette Proglide,,"20,99 €","(5,25 € / Unidade)",
Quinta Nova de Nossa Sra. do Carmo Vinho do Porto Vintage garrafa 75 cl,Quinta Nova de Nossa Sra. do Carmo,,75 €,(100 € / Litro),
Veet Minima Bandas de Cera Depilatória Facial embalagem 20 unidades,Veet Minima,,"7,99 €","(0,40 € / Unidade)",
Koala Noodles com Camarão embalagem 65 g,Koala,,"1,15 €","(17,69 € / Kg)",
Poppenburger Salsichas Hot Dog frasco 300 g,Poppenburger,,"6,25 €","(20,83 € / Kg)",
Companhia das Abóboras Geleia de Marmelo frasco 300 g,Companhia das Abóboras,,"3,45 €","(11,50 € / Kg)",
Durex Lubrificante Natural Hidratante embalagem 100 ml,Durex,,"17,99 €","(179,90 € / Litro)",
Maybelline Color Sensational Batom Powder Mattes Nº 45 Smoky Jade embalagem 1 unidade,Maybelline Color Sensational,,"11,99 €","(11,99 € / Unidade)",
Próvida Empada de Cogumelos Shiitake Biológica embalagem 100 g,Próvida,,"1,89 €","(18,90 € / Kg)",
Compal Sumo 100% Pera e Ananás embalagem 100 cl,Compal,,"1,35 €","(1,35 € / Litro)",
Nestlé Maggi Noodles Pasta Oriental Caril embalagem 71 g,Nestlé Maggi,,"0,99 €","(13,94 € / Kg)",
Tena Cuecas para Adultos com Incontinência Silhouete Plus Cor Creme de Cintura Alta Tamanho M embalagem 9 unidades,Tena,,"11,99 €","(1,33 € / Unidade)",
Colmeia Mestre Queijo de Azeitão DOP unidade 100 g,Colmeia Mestre,,"2,99 €","(29,90 € / Kg)",
Gourmet Garden Alho Picado embalagem 80 g,Gourmet Garden,,"3,99 €","(49,88 € / Kg)",
Pur Natur Compota 4 Frutos Vermelhos Biológica embalagem 370 g,Pur Natur,,"4,30 €","(11,62 € / Kg)",
Nocilla Creme para Barras de Duo Cacau e Leite com Avelãs -40% Gordura frasco 190 g,Nocilla,,"2,39 €","(12,58 € / Kg)",
Naturefoods Couscous Branco Biológico embalagem 500 g,Naturefoods,,"2,29 €","(4,58 € / Kg)",
Glamour Escova de Cabelo para Desembaraçar embalagem 1 unidade,Glamour,,"6,85 €","(6,85 € / Unidade)",
Messias Vinho do Porto Datado 10 Anos garrafa 75 cl,Messias,,"19,50 €",(26 € / Litro),
Skip Detergente para a Máquina da Roupa Lavanda Líquido embalagem 100 doses,Skip,,"19,99 €","(0,20 € / Dose)",
Salutem Tortas de Arroz Finíssimas Integrais sem Glúten embalagem 130 g,Salutem,,"0,99 €","(7,62 € / Kg)",
Strogonoff de Novilho Carnalentejana DOP Peso Aproximado por cuvete 200 g,,,"3,79 €","(18,95 € / Kg)",
Millan Vicente Queijo Emmental embalagem 150 g,Millan Vicente,,"1,99 €","(13,27 € / Kg)",
Lipton Chá Lipton Digestão Fácil embalagem 20 unidades,Lipton,,"2,99 €","(0,15 € / Unidade)",
Corpos Danone Iogurte Líquido de Pinacolada Pack 4 embalagem 155 g,Corpos Danone,,"3,39 €","(5,47 € / Kg)",
Baygon Insecticida em Pó Contra Baratas e Formigas 250 g,Baygon,,"4,99 €","(19,96 € / Kg)",
Glamour Luva Desmaquilhante embalagem 1 unidade,Glamour,,"4,15 €","(4,15 € / Unidade)",
Paladares Alentejanos Farinheira unidade 200 g,Paladares Alentejanos,,"2,39 €","(11,95 € / Kg)",
Activia Iogurte de Fibras 0% Aveia e Linhaça Pack 4 embalagem 115 g,Activia,,"2,79 €","(6,07 € / Kg)",
Vive Soy Bebida de Soja com Chocolate embalagem 1 L,Vive Soy,,"1,94 €","(1,94 € / Litro)",
Ultra Suave Máscara Capilar de Iogurte com Leite de Amêndoa para Cabelo Desidratado embalagem 300 ml,Ultra Suave,,"6,79 €","(22,63 € / Litro)",
Helios Triângulos Doces de Morango 8 Porções embalagem 170 g,Helios,,"1,79 €","(10,53 € / Kg)",
Gillette Venus Máquina Depilatória Simply embalagem 10 unidades,Gillette Venus,,"3,99 €","(0,40 € / Unidade)",
"Simple Rebuçados com Stevia de Matcha, Cacau e Bagas de Goji embalagem 50 g",Simple,,"2,05 €",(41 € / Kg),
Lay's Batatas Fritas Gourmet sabor Ovo Trufado com sabor de Batata embalagem 150 g,Lay's,,"2,29 €","(15,27 € / Kg)",
Baguetina unidade 125 g,,,"0,40 €","(3,20 € / Kg)",
Anthon Berg Chocolate Preto Cocktails com Licor Pack 12 embalagem 187 g,Anthon Berg,,"17,45 €","(93,32 € / Kg)",
Diospiro Perssimon Nacional peso aproximado por cuvete 1 kg,,,"3,99 €","(3,99 € / Kg)",
Ajax Tripla Acção Limpa-Vidros Recarga 500 ml,Ajax Tripla Acção,,"2,99 €","(5,98 € / Litro)",
Joselito Presunto Ibérico Peso Aproximado por peça 7 kg,Joselito,,"99,95 €/kg",,
Hennessy Cognac Very Special garrafa 70 cl,Hennessy,,"39,25 €","(56,07 € / Litro)",
Aluzé Vinho Tinto do Douro garrafa 75 cl,Aluzé,,"10,85 €","(14,47 € / Litro)",
El Corte Inglés Pano Microfibra Cozinha e Casa de Banho embalagem 1 unidade,El Corte Inglés,,"1,25 €","(1,25 € / Unidade)",
Ines Rosales Tortas de Canela embalagem 180 g,Ines Rosales,,"1,95 €","(10,83 € / Kg)",
Margão Oregãos Moídos frasco 33 g,Margão,,"3,39 €","(102,73 € / Kg)",
Alpro Bebida de Amêndoa sem Açúcar embalagem 1 L,Alpro,,"2,39 €","(2,39 € / Litro)",
Euro Chocolate Bombons Belgas Praliné Ballottin embalagem 250 g,Euro Chocolate,,"5,49 €","(21,96 € / Kg)",
Guloso Tomate em Pedaços com Pimentos embalagem 390 g,Guloso,,"2,35 €","(6,03 € / Kg)",
Gliss 7Sec Máscara Reparadora Color Perfector para Cabelo Pintado / com Madeixas embalagem 200 ml,Gliss 7Sec,,"11,99 €","(59,95 € / Litro)",
Savora Mostarda com Grãos embalagem 190 g,Savora,,"2,69 €","(14,16 € / Kg)",
El Corte Inglés Selection Filetes de Anchova em Azeite frasco 55 g,El Corte Inglés Selection,,"4,55 €","(82,73 € / Kg)",
Cimarrom Coco Ralado embalagem 200 g,Cimarrom,,"1,55 €","(7,75 € / Kg)",
DHC Queijo Parmiggiano Reggiano DOP unidade 80 g,DHC,,"2,69 €","(33,62 € / Kg)",
Condi Cremor Tártaro frasco 50 g,Condi,,"2,59 €","(51,80 € / Kg)",
Saitaku Noodles para Ramen embalagem 250 g,Saitaku,,"3,10 €","(12,40 € / Kg)",
Schleiermacher's Pepinos Agridoces frasco 670 g,Schleiermacher's,,"2,79 €","(4,16 € / Kg)",
Outros Montes Psílio Bio embalagem 150 g,Outros Montes,,"6,99 €","(46,60 € / Kg)",
Tomate Rosa Peso Aproximado por unidade 220 g,,,"3,99 €/kg",,
Vinha D'Ervideira Vinho Branco do Alentejo Vindima Tardia garrafa 50 cl,Vinha D'Ervideira,,"13,90 €","(27,80 € / Litro)",
Rocha Massa Pronta para Tapioca embalagem 70 g,Rocha,,"0,99 €","(14,14 € / Kg)",
El Corte Inglés Panos Agarra o Pó embalagem 30 unidades,El Corte Inglés,,"2,19 €","(0,07 € / Unidade)",
Peccato Gelado de Coco embalagem 500 ml,Peccato,,"5,99 €","(11,98 € / Litro)",
Renova Lenços Faciais 50 unidades,Renova,,"1,65 €","(0,03 € / Unidade)","1,65 €"
Bellini Espumante Canella Aromatizado a Pêssego garrafa 75 cl,Bellini,,"12,65 €","(16,87 € / Litro)",
Cantinho das Aromáticas Infusão de Equinácea Biológica embalagem 40 g,Cantinho das Aromáticas,,"4,55 €","(113,75 € / Kg)",
"El Corte Inglés Selection Smoothie de Maçã, Kiwi e Ananás embalagem 250 ml",El Corte Inglés Selection,,"1,05 €","(4,20 € / Litro)",
Farias Vinho Branco de Mesa garrafa 75 cl,Farias,,"5,95 €","(7,93 € / Litro)",
Nestlé Golden Grahams Cereais Integrais embalagem 375 g,Nestlé Golden Grahams,,"3,89 €","(10,37 € / Kg)",
Varanegra Painho Porco Preto Campo unidade 300 g,Varanegra,,"10,75 €","(35,83 € / Kg)",
Ambientador Absorve Odores Lavanda embalagem 150 g,,,"4,99 €","(33,27 € / Kg)",
V de Valpaços Vinho Tinto de Trás os Montes garrafa 75 cl,V de Valpaços,,"7,55 €","(10,07 € / Litro)",
Victorio & Lucchino Colónia Feminina Nº 1 Azahar Radiante embalagem 150 ml,Victorio & Lucchino,,"11,49 €","(76,60 € / Litro)",
Bacalhôa Vinho Tinto de Setúbal Merlot garrafa 75 cl,Bacalhôa,,"11,99 €","(15,99 € / Litro)",
Sonasol Wc Blue Activ Desinfectante de Eucalipto embalagem 50 g,Sonasol Wc Blue Activ,,"3,09 €","(61,80 € / Kg)",
Porta 6 Vinho Tinto Regional de Lisboa garrafa 75 cl,Porta 6,,"5,99 €","(7,99 € / Litro)",
Espiga Erva-Doce Anis Moída frasco 40 g,Espiga,,"1,79 €","(44,75 € / Kg)",
Victor Fernandes Queijo Fresco de Ovelha embalagem 150 g,Victor Fernandes,,"1,99 €","(13,27 € / Kg)",
Bife da Vazia de Novilho Carnalentejana DOP Peso Aproximado por cuvete 200 g,,,"3,99 €","(19,95 € / Kg)",
Nivea Men Protect & Care Gel de Limpeza Exfoliante embalagem 75 ml,Nivea Men Protect & Care,,"6,99 €","(93,20 € / Litro)",
Bolachas de Baunilha embalagem 403 g,,,"3,19 €","(7,92 € / Kg)",
Diese Chá Kit Emagrecimento embalagem 30 g,Diese,,"2,49 €",(83 € / Kg),
Excellence Creme Coloração Nº 4.54 Castanho Acobreado embalagem 1 unidade,Excellence Creme,,"11,99 €","(11,99 € / Unidade)",
El Corte Inglés Camarões Crus 43/48 Peças embalagem 1 kg,El Corte Inglés,,"15,95 €","(15,95 € / Kg)",
Compal Fresco Sumo Maçãs de Alcobaça Fruta 100% Fresca embalagem 250 ml,Compal Fresco,,"1,89 €","(7,56 € / Litro)",
Messias Vinho do Porto Tawny garrafa 75 cl,Messias,,"6,85 €","(9,13 € / Litro)",
El Corte Inglés Selection Leite Creme de Ovo com Caramelo sem Glúten Pack 2 embalagem 140 g,El Corte Inglés Selection,,"3,09 €","(11,04 € / Kg)",
El Corte Inglés Malaguetas Secas embalagem 40 g,El Corte Inglés,,"2,29 €","(57,25 € / Kg)",
"Manuel Patrício Batata Vermelha Nacional saco 2,5 kg",Manuel Patrício,,"2,59 €","(1,04 € / Kg)",
Khanum Chutney de Manga & Gengibre frasco 350 g,Khanum,,"3,69 €","(10,54 € / Kg)",
"Brites Bacalhau Jumbo da Noruega Peso Aproximado 5,5 kg",Brites,,"17,99 €/kg",,
Air Wick Ambientador Eléctrico de Lavanda e Camomila Recarga embalagem 21 ml,Air Wick,,"5,99 €","(285,24 € / Litro)",
Bola de Enchidos unidade 550 g,,,"6,49 €","(6,49 € / Unidade)",
Trident Fruit Pastilhas de Morango sem Açúcar embalagem 82 g,Trident Fruit,,"2,99 €","(36,20 € / Kg)",
Tostagrill Tostas Baixo em Sal e Açúcar embalagem 225 g,Tostagrill,,"1,99 €","(8,84 € / Kg)",
Quinta da Leda Vinho Tinto do Douro garrafa 75 cl,Quinta da Leda,,"44,99 €","(59,99 € / Litro)",
Sanex Dermo Sensitive Desodorizante Roll-On embalagem 50 ml,Sanex Dermo Sensitive,,"3,49 €","(69,80 € / Litro)",
Olympos Queijo da Grécia Feta DOP embalagem 150 g,Olympos,,"2,99 €","(19,93 € / Kg)",
Milka Cake & Choc Bolo Recheado com Chocolate embalagem 175 g,Milka Cake & Choc,,"2,49 €","(14,23 € / Kg)",
Danacol Iogurte Líquido de Aveia sem Açúcar Pack 6 embalagem 100 g,Danacol,,"2,99 €","(4,98 € / Kg)",
Jardin Bio Esparguete Quinoa e Tomate Biológico embalagem 500 g,Jardin Bio,,"5,59 €","(11,18 € / Kg)",
"Ferrarini Queijo Gorgonzola sem Fosfatos Peso Aproximado por unidade 1,5 kg",Ferrarini,,"17,69 €/kg",,
Eric Kayser Croissant embalagem 3 unidades,,,"4,80 €","(1,60 € / Unidade)",
Dr. Beckmann Limpa Inox Intensivo embalagem 250 ml,Dr. Beckmann,,"5,29 €","(21,16 € / Litro)",
Compal Vital Equilíbrio Néctar de Manga e Maracujá embalagem 1 L,Compal Vital Equilíbrio,,"1,69 €","(1,69 € / Litro)",
Matinal Leite Magro Leve Pack 3 embalagem 200 ml,Matinal,,"1,59 €","(2,65 € / Litro)",
Nutrisse Creme Coloração Permanente Nutritiva Nº 6.41 Louro Escuro embalagem 1 unidade,Nutrisse Creme,,"9,49 €","(9,49 € / Unidade)",
Mimosa Leite Magro +Cálcio +Vitamina D embalagem 1 L,Mimosa,,"1,09 €","(1,09 € / Litro)",
Vinho Branco de França Bourgogne Chardonnay garrafa 75 cl,,,"16,99 €","(22,65 € / Litro)",
Koala Zero Gelatina Vegetal de Maracujá 0% Açúcar embalagem 130 g,Koala Zero,,"1,15 €","(8,85 € / Kg)",
Candycat Bombons Sortidos embalagem 230 g,Candycat,,"5,39 €","(23,43 € / Kg)",
Natural One 100% Sumo de Manga embalagem 900 ml,Natural One,,"3,79 €","(4,21 € / Litro)",
Sonatural Sumo Probiótico de Maçã Pack 3 embalagem 100 ml,Sonatural,,"3,99 €","(13,30 € / Litro)",
Imperial Pai Natal de Chocolate embalagem 100 g,Imperial,,"2,39 €","(23,90 € / Kg)",
Alface Trocadero embalagem 500 g,,,"2,59 €","(2,59 € / Unidade)",
Nutrégi Iogurte Grego Natural Pack 2 embalagem 115 g,Nutrégi,,"1,69 €","(0,01 € / Kg)",
"Ramirez Bacalhau à Portuguesa com Azeite, Alho e Piri-Piri lata 120 g",Ramirez,,"2,59 €","(21,58 € / Kg)",
Monte da Ravasqueira Vinho Tinto do Alentejo garrafa 75 cl,Monte da Ravasqueira,,"5,49 €","(7,32 € / Litro)",
Lee Kum Kee Molho de Ameixa frasco 397 g,Lee Kum Kee,,"4,89 €","(12,32 € / Kg)",
Cadão Vinho Branco do Douro garrafa 75 cl,Cadão,,"4,25 €","(5,67 € / Litro)",
Paladin Molho de Azeitonas e Oregãos embalagem 250 g,Paladin,,"2,39 €","(9,56 € / Kg)",
Martiko Sortido de Bloco Foie Gras Pack 4 unidade 80 g,Martiko,,"10,29 €","(128,62 € / Kg)",
Pedras Salgadas Água com Gás garrafa 1 L,Pedras Salgadas,,"1,59 €","(1,59 € / Litro)",
El Corte Inglés Guardanapos 2 Camadas 33x33 cm embalagem 100 unidades,El Corte Inglés,,"2,25 €","(0,02 € / Unidade)",
Ariel 3 em 1 Detergente para a Máquina da Roupa embalagem 25 cápsulas,Ariel 3 em 1,,"14,65 €","(0,59 € / Dose)",
Veckia Espuma de Barbear para Pele Normal com Aloe Vera embalagem 300 ml,Veckia,,"1,49 €","(0,50 € / 10 ml.)",
Diadermine Lift + Botology Creme de Dia Anti-Idade embalagem 50 ml,Diadermine Lift + Botology,,"23,99 €","(479,80 € / Litro)",
El Corte Inglés Selection Gelado de Iogurte Natural sem Glúten embalagem 500 ml,El Corte Inglés Selection,,"3,19 €","(6,38 € / Litro)",
"Campofrio Chouriço Curado Extra Gran Doblon sem Glúten Peso Aproximado por peça 1,8 g",Campofrio,,"20,99 €/kg",,
Quinta da Atela Vinho Tinto Regional do Tejo garrafa 75 cl,Quinta da Atela,,"5,65 €","(7,53 € / Litro)",
Minerva Sardinha Inteira em Azeite lata 120 g,Minerva,,"1,99 €","(16,58 € / Kg)",
Cem Porcento Bolachas Marinheiras com Chia sem Adição de Açúcares Biológicas embalagem 200 g,Cem Porcento,,"2,99 €","(14,95 € / Kg)",
Smileat Snack Smilitos de Morango e Banana embalagem 25 g,Smileat,,"1,49 €","(59,60 € / Kg)",
Picagrill Cubitos Tostados Integrais embalagem 75 g,Picagrill,,"1,05 €",(14 € / Kg),
Amazon Molho Picante Suave Chipotle frasco 155 ml,Amazon,,"2,65 €","(17,10 € / Litro)",
Hansaplast Penso Flexible Elástico XXL embalagem 5,Hansaplast,,"3,89 €","(0,78 € / Unidade)",
Quinta de La Rosa Vinho Tinto do Douro garrafa 75 cl,Quinta de La Rosa,,"10,99 €","(14,65 € / Litro)",
El Corte Inglés Selection Torrão Crocante de Amêndoa embalagem 300 g,El Corte Inglés Selection,,"7,49 €","(24,97 € / Kg)",
Pimento Vermelho Italiano ITALIANO PIMENTO VERMELH embalagem 380 g,,,"2,99 €","(7,87 € / Kg)",
Sanytol Tira Nódoas e Desinfetante embalagem 450 g,Sanytol,,"8,99 €","(19,98 € / Kg)",
Mentos Rainbow Rebuçados embalagem 40 g,Mentos Rainbow,,"0,85 €","(21,25 € / Kg)",
Pousio Vinho Tinto do Alentejo Selection garrafa 75 cl,Pousio,,"6,25 €","(8,33 € / Litro)",
Mevgal Queijo da Grécia Feta embalagem 200 g,Mevgal,,"3,39 €","(16,95 € / Kg)",
Pescanova Miolo de Camarão Grande Cozido 40/60 embalagem 200 g,Pescanova,,"8,39 €","(41,95 € / Kg)",
Dr.Organic Champô Restaurador de Alfazema Biológico embalagem 250 ml,Dr.Organic,,"9,44 €","(37,76 € / Litro)",
Don Algodon Mikado Perfumado Flor de Cerejeira embalagem 1 unidade,Don Algodon,,"6,30 €","(6,30 € / Unidade)",
Hugo Mendes Vinho Branco Regional de Lisboa garrafa 75 cl,Hugo Mendes,,"14,95 €","(19,93 € / Litro)",
Quinta do Espírito Santo Vinho Tinto da Estremadura garrafa 75 cl,Quinta do Espírito Santo,,"4,49 €","(5,99 € / Litro)",
Aliada Bacon Fumado Extra em Fatias embalagem 150 g,Aliada,,"1,69 €","(11,27 € / Kg)",
Lycia Bandas de Cera Braços e Pernas para Peles Sensíveis embalagem 20 unidades,Lycia,,"4,54 €","(0,23 € / Unidade)",
Linda 100% Sumo de Tangerina e Alecrim garrafa 50 cl,Linda,,"3,99 €","(7,98 € / Litro)",
Monte Velho Vinho Branco do Alentejo garrafa 75 cl,Monte Velho,,"5,59 €","(7,45 € / Litro)",
Pão Regional com Chouriço 1 unidade,,,"1,75 €","(1,75 € / Unidade)",
Manz Vinho Rosé Regional de Lisboa 100% Castelão garrafa 75 cl,Manz,,"7,50 €",(10 € / Litro),
Planta Margarina para Cozinhar embalagem 250 g,Planta,,"1,59 €","(6,36 € / Kg)",
Victorio & Lucchino Colónia Feminina Nº 14 Maçã Vermelha embalagem 150 ml,Victorio & Lucchino,,"11,49 €","(76,60 € / Litro)",
"Fruut Craaks Tortitas de Lentilhas, Beterraba e Cenoura embalagem 20 g",Fruut Craaks,,"0,99 €","(49,50 € / Kg)",
Pantene 3 Minute Miracle Condicionador Liso e Sedoso embalagem 200 ml,Pantene 3 Minute Miracle,,"5,99 €","(29,95 € / Litro)",
Humydry Ambientador Anti-Humidade Recarga embalagem 500 g,Humydry,,"4,99 €","(9,98 € / Kg)",
Nestum Zero Cereais Mel unidade 250 g,Nestum Zero,,"2,49 €","(9,96 € / Kg)",
Dodot Fraldas Bebé Seco Tamanho 4 embalagem 78,Dodot,,"19,49 €","(0,25 € / Unidade)",
Miesko Bombons Cherrisimo de Cereja embalagem 142 g,Miesko,,"2,19 €","(15,42 € / Kg)",
Condi Grajeias Sticks frasco 55 g,Condi,,"1,79 €","(32,55 € / Kg)",
Adega Cooperativa de Barcelos Vinho Branco de Mesa Verde garrafa 1 L,Adega Cooperativa de Barcelos,,"3,15 €","(3,15 € / Litro)",
Vinha de Reis Vinho Tinto do Dão garrafa 75 cl,Vinha de Reis,,"8,10 €","(10,80 € / Litro)",
Quinta da Lixa Vinho Verde Loureiro Branco garrafa 75 cl,Quinta da Lixa,,"3,45 €","(4,60 € / Litro)",
Cliper Concentrado Líquido de Maracujá garrafa 1 L,Cliper,,"9,19 €","(9,19 € / Litro)",
El Corte Inglés Pão de Forma Integral embalagem 460 g,El Corte Inglés,,"0,90 €","(1,96 € / Kg)",
Mateus Espumante Sparkling Rosé Bruto garrafa 75 cl,Mateus,,"6,99 €","(9,32 € / Litro)",
A Tarte Tarte de Amêndoa -30% Açúcar sem Lactose e sem Glúten unidade 350 g,A Tarte,,"12,95 €",(37 € / Kg),
Quinta da Pacheca Vinho Rosé do Douro garrafa 75 cl,Quinta da Pacheca,,"5,99 €","(7,99 € / Litro)",
Fapil Recarga de Esfregona Rotativa embalagem 1 unidade,Fapil,,"3,59 €","(3,59 € / Unidade)",
Cem Porcento Infusão de Cidreira Biológica embalagem 13 g,Cem Porcento,,"0,89 €","(68,46 € / Kg)",
Mimosa Proteína Iogurte Quark Natural Pack 2 140 g,Mimosa Proteína,,"2,09 €","(5,68 € / Kg)","2,09 €"
Plateia Morango embalagem 250 g,Plateia,,"2,49 €","(9,96 € / Kg)",
Nestlé Leite Condensado Cozido lata 397 g,Nestlé,,"2,09 €","(5,26 € / Kg)",
Quinta dos Açores Queijo Morião Cura 3 Meses unidade 350 g,Quinta dos Açores,,"6,89 €","(19,69 € / Kg)",
Jules Destrooper Bolachas Thins de Chocolate com Amêndoa embalagem 125 g,Jules Destrooper,,"4,75 €",(38 € / Kg),
Nobre Vegalia Vegan Bites de Abóbora e Cenoura embalagem 160 g,Nobre Vegalia,,"4,39 €","(27,44 € / Kg)",
Piranã Hard Seltzer com Álcool Melon e Berry lata 33 cl,Piranã,,"1,35 €","(4,09 € / Litro)",
São Jorge Queijo Regional Dop 4 Meses unidade 400 g,São Jorge,,"5,69 €","(14,22 € / Kg)",
Humydry Anti-Humidade para Armários 3D embalagem 250 g,Humydry,,"9,99 €","(39,96 € / Kg)",
Caçarola Arroz Agulha Extra Longo embalagem 1 kg,Caçarola,,"1,55 €","(1,55 € / Kg)",
Chicco Amaciador para a Máquina da Roupa de Bebé Líquido Talco embalagem 750 ml,Chicco,,"4,99 €","(6,65 € / Litro)",
Blandy's Vinho da Madeira 5 Anos Reserva garrafa 50 cl,Blandy's,,"12,49 €","(24,98 € / Litro)",
Cem Porcento Infusão Funcho embalagem 13 g,Cem Porcento,,"0,95 €","(73,08 € / Kg)",
JuraFlore Queijo Comté DOP Biológico unidade 200 g,JuraFlore,,"6,98 €","(34,90 € / Kg)",
Palmolive Naturals Gel de Banho Vegan de Coco embalagem 500 ml,Palmolive Naturals,,"4,99 €","(9,98 € / Litro)",
El Corte Inglés Espinafres embalagem 250 g,El Corte Inglés,,"1,89 €","(7,56 € / Kg)",
Fructis Sérum Vitamina Strenght embalagem 125 ml,Fructis,,"9,99 €","(79,92 € / Litro)",
Axe Gold Desodorizante Dry Protection Spray embalagem 150 ml,Axe Gold,,"3,59 €","(23,93 € / Litro)",
El Corte Inglés Selection Mel de Rosmaninho embalagem 350 g,El Corte Inglés Selection,,"3,49 €","(9,97 € / Kg)",
Matutano Pistachos Tostados no Forno embalagem 70 g,Matutano,,"2,89 €","(30,71 € / Kg)","2,89 €"
Milupa Aptamil Leite para Lactantes Confort 1 embalagem 800 g,Milupa Aptamil,,"20,29 €","(25,36 € / Kg)",
Megval Queijo da Grécia Feta,Megval,,"18,49 €/kg",,
Napolitana Cuscus embalagem 250 g,Napolitana,,"0,55 €","(2,20 € / Kg)",
Laforet Vinho Branco de França Chardonnay garrafa 75 cl,Laforet,,"14,99 €","(19,99 € / Litro)",
Gianni Negrini Mortadela com Peperoncino ao peso kg,Gianni Negrini,,"21,98 €/kg",,
Herdade dos Veros Vinho Tinto do Alentejo Reserva DOC garrafa 75 cl,Herdade dos Veros,,"11,95 €","(15,93 € / Litro)",
Glade Ambientador Mikado Aromaterapia Calm Mind embalagem 80 ml,Glade,,"13,99 €","(174,88 € / Litro)",
El Corte Inglés Espanador Agarra Pó com Cabo com 3 Recargas embalagem 1 unidade,El Corte Inglés,,"2,10 €","(2,10 € / Unidade)",
Aga Álcool Etílico 96% embalagem 250 ml,Aga,,"0,90 €","(3,60 € / Litro)",
Banana Biológica Peso Aproximado por unidade 250 g,,,"2,39 €/kg",,
"Lizi's Super Muesli Glow Figo, Maçã e Amêndoa Vegan embalagem 400 g",Lizi's,,"12,89 €","(32,22 € / Kg)",
Costeleta de Borrego Peso Aproximado por cuvete 490 g,,,"11,71 €","(23,90 € / Kg)",
Kellogg's Special K Cereais com Chocolate Preto embalagem 550 g,Kellogg's Special K,,"5,69 €","(10,35 € / Kg)",
Lipton Chá Noite Tranquila embalagem 20 unidades,Lipton,,"2,99 €","(0,15 € / Unidade)",
Krisprolls Tostas Douradas Naturais embalagem 225 g,Krisprolls,,"2,29 €","(10,18 € / Kg)",
Ti-ti Pipocas com Canela embalagem 65 g,Ti-ti,,"0,65 €",(10 € / Kg),
Maybelline Delineador de Sobrancelhas Tatto Brown embalagem 1 unidade,Maybelline,,"12,99 €","(12,99 € / Unidade)",
Mimosa Biogurte Iogurte de Mirtilos Pack 2 Biológico embalagem 115 g,Mimosa Biogurte,,"1,29 €","(5,61 € / Kg)",
El Corte Inglés Selection Berbigões ao Natural Médios 40-50 Unidades lata 63 g,El Corte Inglés Selection,,"9,79 €","(155,40 € / Kg)",
Real Doçaria Sericaia unidade 500 g,Real Doçaria,,"15,90 €","(31,80 € / Kg)",
Mon Cheri Bombons Pack 30 embalagem 315 g,Mon Cheri,,"8,29 €","(26,32 € / Kg)",
Neutradol Desinfectante para Carpetes embalagem 350 g,Neutradol,,"3,99 €","(11,40 € / Kg)",
Corine de Farme Gel de Duche Água de Coco embalagem 750 ml,Corine de Farme,,"4,99 €","(6,65 € / Litro)",
Mestre Henriques Chouriço Extra de Vinho unidade 220 g,Mestre Henriques,,"4,29 €","(19,50 € / Kg)",
Veggie Lovers Almôndegas de Ervilha e Soja Vegan embalagem 840 g,Veggie Lovers,,"11,79 €","(14,04 € / Kg)",
García Baquero Queijo Baixo em Sal em Fatias embalagem 200 g,García Baquero,,"3,25 €","(21,67 € / Kg)",
Espiga Farinha Fuba de Milho embalagem 500 g,Espiga,,"1,25 €","(2,50 € / Kg)",
Buitoni Mini Pizza Piccolinis Capricciosa embalagem 270 g,Buitoni,,"3,99 €","(14,78 € / Kg)",
Veet Silk & Fresh Creme Depilatório para Duche para Peles Sensíveis embalagem 400 ml,Veet Silk & Fresh,,"16,99 €","(42,48 € / Litro)",
Tello Fuet Ibérico unidade 160 g,Tello,,"2,69 €","(16,81 € / Kg)",
Whole Earth Refrigerante de Gengibre sem Açúcar Biológico embalagem 330 ml,Whole Earth,,"1,59 €","(4,82 € / Litro)",
Edulcor Adoçante em Pó frasco 90 g,Edulcor,,"3,09 €","(34,33 € / Kg)",
Tresemmé Liso Keratina Máscara Capilar Intensiva embalagem 300 ml,Tresemmé Liso Keratina,,"5,39 €","(17,97 € / Litro)",
Monster Bebida Energética Ultra Paradise Energy Zero Açúcar lata 50 cl,Monster,,"1,60 €","(3,20 € / Litro)",
L'Oréal Elvive Champô Hidra Hialurónico embalagem 400 ml,L'Oréal,,"6,59 €","(16,48 € / Litro)",
Sargo Peso Aproximado por unidade 700 g,,,"14,99 €/kg",,
Ramón Bilbao Vinho Tinto de Espanha Rioja Crianza garrafa 75 cl,Ramón Bilbao,,"9,45 €","(12,60 € / Litro)",
Delaviuda Torrão com Rum e Passas embalagem 200 g,Delaviuda,,"3,60 €",(18 € / Kg),
Herdade do Portocarro Vinho de Terras do Sado Tinto garrafa 75 cl,Herdade do Portocarro,,"8,90 €","(11,87 € / Litro)",
Milaneza Lasanha sem Glúten embalagem 250 g,Milaneza,,"3,95 €","(15,80 € / Kg)",
Silvex Sacos do Lixo com Alsa 48x60 cm embalagem 25 unidades,Silvex,,"1,95 €","(0,08 € / Litro)",
Milupa Aptamil Leite Confort 1 até aos 6 Meses embalagem 400 g,Milupa Aptamil,,"11,19 €","(27,98 € / Kg)",
Palmilar Novelo Fio de Linho Polido 70 g,Palmilar,,"3,29 €",(47 € / Kg),
Nivea Cellular Filler Creme Anti-Rugas de Dia FP 30 embalagem 50 ml,Nivea Cellular Filler,,"24,99 €","(499,80 € / Litro)",
Emanuel Casado Rebuçados de Maracujá embalagem 150 g,Emanuel Casado,,"4,35 €",(29 € / Kg),
El Corte Inglés Preparado para Brownies com Pepitas de Chocolate embalagem 375 g,El Corte Inglés,,"2,99 €","(7,97 € / Kg)",
Garofalo Fusilli Lunghi embalagem 500 g,Garofalo,,"3,15 €","(6,30 € / Kg)",
Quinta de São Cosme Requeijão de Gouveia embalagem 250 g,Quinta de São Cosme,,"2,05 €","(8,20 € / Kg)",
La Española Azeitonas Recheadas com Anchova Clássicas Pack 3 lata 120 g,La Española,,"4,49 €","(37,42 € / Kg)",
Consensual Vinho Tinto do Douro Premium garrafa 75 cl,Consensual,,"10,45 €","(13,93 € / Litro)",
Renova Papel Higiénico Rosa embalagem 4 unidades,Renova,,"4,74 €","(1,18 € / Unidade)",
Toque Especial Sal com Ervas embalagem 78 g,Toque Especial,,"2,25 €","(28,85 € / Kg)",
Clearspring Puré Biológico de Maçã Pack 2 embalagem 100 g,Clearspring,,"2,19 €","(10,95 € / Kg)",
Duracell Pilhas Recarregáveis AA HR6 / DC1500 embalagem 4 unidades,Duracell,,"13,25 €","(3,31 € / Unidade)",
Old Spice Shower Gel Wolfthorn embalagem 400 ml,Old Spice,,"4,99 €","(12,48 € / Litro)",
Le Pain des Fleurs Tostas de Multicereais Biológicas embalagem 150 g,Le Pain des Fleurs,,"5,15 €","(34,33 € / Kg)",
El Corte Inglés Sementes de Girassol Torradas e Salgadas embalagem 220 g,El Corte Inglés,,"1,49 €","(6,77 € / Kg)",
"Cuétara Krit Aperitivos com Ervas Mediterrâneas, Quinoa e Sésamo embalagem 150 g",Cuétara Krit,,"1,69 €","(11,27 € / Kg)",
Lafuente Queijo Edam Sem Lactose em Fatias 150 g,Lafuente,,"2,59 €","(17,27 € / Kg)",
Anti-Rob Erva Tereré Menta Limão embalagem 500 g,Anti-Rob,,"3,99 €","(7,98 € / Kg)",
Silvex Sacos para Resíduos Canino 30 unidades,Silvex,,"1,59 €","(0,05 € / Unidade)",
Nacional Bolachas Passitas embalagem 150 g,Nacional,,"1,95 €",(13 € / Kg),
Super Pop Detergente de Lavagem à Mão para Loiça Gel Bicarbonato de Sódio de Limão Concentrado embalagem 675 ml,Super Pop,,"4,29 €","(6,36 € / Litro)",
Woolite Detergente Líquido Protecção Cores embalagem 72 doses,Woolite,,"29,99 €","(0,42 € / Dose)",
Bebida Erva Tereré com Menta e Limã embalagem 00 g,,,"3,49 €","(6,98 € / Kg)",
Icecare Gelado Artesanal Pistachio embalagem 500 ml,Icecare,,"6,95 €","(13,90 € / Litro)",
Maybelline Colossal Máscara de Volume 36H embalagem 1 unidade,Maybelline Colossal,,"9,99 €","(9,99 € / Unidade)",
Pescanova Camarão de Moçambique Selvagem Grande 32/48 Unidades embalagem 800 g,Pescanova,,"22,99 €","(28,74 € / Kg)",
Truppi Pitaia Desidratada Bio embalagem 20 g,Truppi,,"1,96 €",(98 € / Kg),
Sidónio de Sousa Espumante da Bairrada Special Cuvée garrafa 75 cl,Sidónio de Sousa,,"13,25 €","(17,67 € / Litro)",
Rana Fusilli 4 Queijos embalagem 370 g,Rana,,"4,59 €","(12,41 € / Kg)",
Bom Sucesso Arroz Aromático embalagem 500 g,Bom Sucesso,,"0,85 €","(1,70 € / Kg)",
Royal Gelatina de Ananás Pack 4 embalagem 100 g,Royal,,"2,19 €","(3,35 € / Kg)","2,19 €"
Renova Lenços Faciais Kids embalagem 50 unidades,Renova,,"1,89 €","(0,04 € / Unidade)",
"Bledina Saqueta de Maçã, Manga e Laranja embalagem 85 g",Bledina,,"1,04 €","(12,24 € / Kg)",
Super Pop Detergente de Lavagem à Mão para Loiça Plus + Lima Limão Concentrado embalagem 1000 ml,Super Pop,,"4,30 €","(4,30 € / Litro)",
Sr. Basílio Batatas Fritas Lisas embalagem 135 g,Sr. Basílio,,"1,89 €",(14 € / Kg),
Splendor Creme para Calçado Autobrilhante Preto 40 ml,Splendor,,"2,59 €","(64,75 € / Litro)",
Savora Mostarda embalagem 230 g,Savora,,"2,09 €","(9,09 € / Kg)",
Miguel Vergara Hambúrgueres Blonda embalagem 320 g,Miguel Vergara,,"6,95 €","(21,72 € / Kg)",
El Corte Inglés Selection Lombos de Salmão Fumado unidade 100 g,El Corte Inglés Selection,,"7,19 €","(71,90 € / Kg)",
Casas Brancas Conjunto 3 Vinhos Tinto do Alentejo garrafa 75 cl,Casas Brancas,,"18,90 €","(8,40 € / Litro)",
Aliada Doce de Framboesa Extra frasco 410 g,Aliada,,"2,19 €","(5,34 € / Kg)",
Quinta de La Rosa Vinho Branco do Douro Reserva 2020 garrafa 75 cl,Quinta de La Rosa,,"11,89 €","(15,85 € / Litro)",
Pão de Centeio,,,"3,19 €/kg",,
Hansaplast Pensos para Calos embalagem 8 unidades,Hansaplast,,"3,59 €","(0,34 € / Unidade)","3,59 €"
Kerrygold Manteiga sem Sal embalagem 200 g,Kerrygold,,"2,99 €","(14,95 € / Kg)",
Noglut Santiveri Bolachas Animais da Selva sem Glúten embalagem 100 g,Noglut Santiveri,,"1,69 €","(16,90 € / Kg)",
Quinta dos Termos Vinho Branco da Beira Interior garrafa 75 cl,Quinta dos Termos,,"4,49 €","(5,99 € / Litro)",
Bohme Bombom Cream Irish Whisky embalagem 150 g,Bohme,,"3,29 €","(21,93 € / Kg)",
L'or Espresso Café Intensidade 9 Biológico embalagem 10 cápsulas,L'or Espresso,,"3,39 €","(0,34 € / Unidade)",
Santiveri Roscos sem Glúten embalagem 180 g,Santiveri,,"2,49 €","(13,83 € / Kg)",
Condes de Barcelos Vinho Verde Branco garrafa 75 cl,Condes de Barcelos,,"3,69 €","(4,92 € / Litro)",
Tété Requeijão Light de Vaca embalagem 170 g,Tété,,"1,25 €","(7,35 € / Kg)",
Magnum Gelado Strawberry White Pack 4 embalagem 110 ml,Magnum,,"4,99 €","(11,34 € / Litro)",
Seeberger Amendoins com Casca embalagem 400 g,Seeberger,,"3,19 €","(7,98 € / Kg)",
Ausonia Pensos com Abas Noite embalagem 24 unidades,Ausonia,,"4,99 €","(0,21 € / Unidade)",
Nivea Essentials Creme Nutritivo de Dia FP 30 Pele Seca e Sensível embalagem 50 ml,Nivea Essentials,,"8,99 €","(179,80 € / Litro)",
El Corte Inglés Sacos do Lixo Perfumados 30 L 55 x 60 cm embalagem 20 unidades,El Corte Inglés,,"1,65 €","(0,08 € / Unidade)",
Bimbo Pão Rolls 6 Unidades embalagem 240 g,Bimbo,,"1,99 €","(8,29 € / Kg)",
Plateia Vinho Branco do Alentejo garrafa 75 cl,Plateia,,"5,49 €","(7,32 € / Litro)",
El Corte Inglés Selection Marmelada 100% Natural sem Glúten embalagem 400 g,El Corte Inglés Selection,,"2,55 €","(6,38 € / Kg)",
El Corte Inglés Roti de Porco Peso Aproximado 700 g,El Corte Inglés,,"5,95 €/kg",,
Mercearia da Aldeia Queijo de Cabra Amanteigado unidade 120 g,Mercearia da Aldeia,,"4,99 €","(41,58 € / Kg)",
Veet Bandas de Cera Facial para Peles Normais embalagem 20 unidades,Veet,,"6,99 €","(0,35 € / Unidade)",
Tecedeiras Vinho Tinto do Douro Touriga França garrafa 75 cl,Tecedeiras,,25 €,"(33,33 € / Litro)",
Encostas de Estremoz Conjunto 2 Vinhos Branco e Tinto garrafa 75 cl,Encostas de Estremoz,,"17,99 €","(11,99 € / Litro)",
Toque Especial Especiaria Ibérico embalagem 28 g,Toque Especial,,"3,45 €","(123,21 € / Kg)",
Silvex Papel Vegetal embalagem 8 m,Silvex,,"2,79 €","(2,79 € / Unidade)",
Frei Gigante Vinho Branco dos Açores garrafa 75 cl,Frei Gigante,,"14,50 €","(19,33 € / Litro)",
Not Guilty Bombons de Chocolate Preto com Creme de Amêndoa 50% embalagem 80 g,Not Guilty,,"1,99 €","(24,88 € / Kg)",
Maçã Golden 70/75 Peso Aproximado unidade 190 g,,,"1,79 €/kg",,
Andechser Iogurte de Proteína Natural Biológico embalagem 135 g,Andechser,,"1,85 €","(13,70 € / Kg)",
Provamel Bebida de Soja com Chocolate Biológica embalagem 1 L,Provamel,,"2,99 €","(2,99 € / Litro)",
Folha Rúcula embalagem 80 g,,,"3,99 €","(49,88 € / Kg)",
Babaria Sabonete Íntimo Líquido com Amêndoas Doces embalagem 300 ml,Babaria,,"2,79 €","(9,30 € / Litro)",
Sabita Pickles de Alho frasco 210 g,Sabita,,"3,29 €","(15,67 € / Kg)",
Desidrata Mix 3 Cogumelos Desidratado sem Glúten Biológico embalagem 25 g,Desidrata,,"3,99 €","(159,60 € / Kg)",
Nivea Men Invisible Desodorizante Black&White Ultimate Impact Spray embalagem 150 ml,Nivea Men Invisible,,"4,69 €","(31,27 € / Litro)",
Pato Discos Ativos Eucalipto embalagem 36 ml,Pato,,"4,49 €","(124,72 € / Litro)",
Vaseline Desodorizante Aloe Sensitive Spray embalagem 250 ml,Vaseline,,"4,49 €","(17,96 € / Litro)",
El Almendro Palitos de Torrão de Caramelo com Sal embalagem 136 g,El Almendro,,"6,25 €","(45,96 € / Kg)",
La Mia Grande Pizza de Salame Picante embalagem 380 g,La Mia Grande,,"6,89 €","(18,13 € / Kg)",
Vileda Microfibra Pano Multiusos embalagem 1 unidades,Vileda Microfibra,,"2,29 €","(2,29 € / Unidade)",
Nestlé Chocapic Duo Cereais de Chocolate e Chocolate Branco embalagem 400 g,Nestlé Chocapic Duo,,"3,89 €","(9,72 € / Kg)",
Barão Chá de Cidreira embalagem 13 g,Barão,,"1,75 €","(134,62 € / Kg)",
Mr. Salt Amêndoas Torradas com Sal e Pó de Cacau embalagem 100 g,Mr. Salt,,"2,99 €","(29,90 € / Kg)",
Nobre Peito de Peru Extra ao peso 1 kg,Nobre,,"19,49 €/kg",,
Cigala Arroz Integral com Quinoa embalagem 250 g,Cigala,,"1,74 €","(6,96 € / Kg)",
Prados de Melgaço Queijo de Cabra Cura Longa unidade 320 g,Prados de Melgaço,,"11,89 €","(37,16 € / Kg)",
Quinta do Sagrado Vinho Tinto Reserva do Douro garrafa 150 cl,Quinta do Sagrado,,"29,99 €","(19,99 € / Litro)",
"Shoyce Bebida de Aveia 0% Açúcares Adicionados, 0% Lactose sem Glúten Pack 3 embalagem 200 ml",Shoyce,,"2,10 €","(3,50 € / Litro)",
Dodot Splashers Fraldas 6 a 11 Kg Tamanho 3 embalagem 12 unidades,Dodot Splashers,,"8,99 €","(0,75 € / Unidade)",
El Corte Inglés Pão de Forma embalagem 460 g,El Corte Inglés,,"1,09 €","(2,37 € / Kg)",
Quinta dos Açores Elegant Iogurte Líquido de Pêssego embalagem 200 ml,Quinta dos Açores Elegant,,"1,09 €","(5,45 € / Litro)",
"Fairy Ultra Detergente de Lavagem à Mão Concetrado embalagem 1,5 L",Fairy Ultra,,"6,65 €","(4,43 € / Litro)",
Sau Tao Noodles Udon embalagem 600 g,Sau Tao,,"3,45 €","(5,75 € / Kg)",
Atelier do Doce Tartelete de Maçã unidade,Atelier do Doce,,"1,60 €","(1,60 € / Unidade)",
Smileat Bebida de Amêndoa e Cacau embalagem 100 g,Smileat,,"1,79 €","(17,90 € / Kg)",
Oreo Cereais embalagem 350 g,Oreo,,"4,29 €","(12,26 € / Kg)",
Brisa Refrigerante de Maracujá com Gás sem Açúcar garrafa 1 L,Brisa,,"1,73 €","(1,73 € / Litro)",
Prato Pronto Sopa Juliana embalagem 400 ml,Prato Pronto,,"1,69 €","(4,22 € / Litro)",
Why Not Soda de Pêssego e Gengibre Biológica garrafa 330 ml,Why Not,,"1,95 €","(5,91 € / Litro)",
Condi Farinha de Mandioca embalagem 500 g,Condi,,"2,46 €","(4,92 € / Kg)",
Fresbeira Bochechas de Porco à Serrana embalagem 500 g,Fresbeira,,"7,95 €","(15,90 € / Kg)",
Spontex Frotamax Esfregão Fibra com Esponja Salva-Unhas 1 unidade,Spontex Frotamax,,"1,75 €","(1,75 € / Unidade)",
El Corte Inglés Gelado de Baunilha sem Glúten embalagem 1 L,El Corte Inglés,,"2,19 €","(2,19 € / Litro)",
Veckia Condicionador Natural com Aloe Vera embalagem 300 ml,Veckia,,"1,95 €","(0,65 € / 10 ml.)",
"Avianense Chocolate de Leite ""Terreiro do Paço"" embalagem 100 g",Avianense,,"2,69 €","(26,90 € / Kg)",
"Edulcor Adoçante 250 Sticks embalagem 187,5 g",Edulcor,,"5,65 €","(30,13 € / Kg)",
Frutogal Melaço de Cana frasco 450 g,Frutogal,,"2,85 €","(6,33 € / Kg)",
Sovina Cerveja Artesanal Stout garrafa 33 cl,Sovina,,"2,69 €","(8,15 € / Litro)",
Vieira Bolachas Integrais Pack 6 embalagem 180 g,Vieira,,"2,09 €","(11,61 € / Kg)",
Beyra Vinho Rosé da Beira Interior garrafa 75 cl,Beyra,,"6,49 €","(8,65 € / Litro)",
El Corte Inglés Luvas de Látex Alta Adaptabilidade Pequenas Médias embalagem 50 unidades,El Corte Inglés,,"6,99 €","(0,14 € / Unidade)",
Air Wick Pure Ambientador Aerossol Flor de Cerejeira Recarga Freshmatic embalagem 250 ml,Air Wick Pure,,"5,99 €","(23,96 € / Litro)",
Padaria da Arrifana Folhados de Chila embalagem 300 g,Padaria da Arrifana,,"2,79 €","(9,30 € / Kg)",
Icecare Gelado Artesanal Iogurte embalagem 500 ml,Icecare,,"6,95 €","(13,90 € / Litro)",
El Corte Inglés Frango Recheado Assado no Forno em Glúten embalagem 500 g,El Corte Inglés,,"8,95 €","(17,90 € / Kg)",
Patak's Molho Indiano Tikka Masala sem Glúten frasco 450 g,Patak's,,"3,89 €","(8,64 € / Kg)",
El Corte Inglés Tomate Triturado Extra lata 400 g,El Corte Inglés,,"0,69 €","(1,72 € / Kg)",
Vasenol Double Invisible Desodorizante Roll-On embalagem 50 ml,Vasenol Double Invisible,,"3,99 €","(79,80 € / Litro)",
Nova Açores Queijo Flamengo 1/4 unidade 320 g,Nova Açores,,"3,39 €","(10,59 € / Kg)",
Quinta da Romaneira Vinho Branco do Douro Reserva garrafa 75 cl,Quinta da Romaneira,,"14,90 €","(19,87 € / Litro)",
Veckia Espuma de Barbear Dermoprotectora com Alantoina e Aloé Vera para Pele Sensível embalagem 300 ml,Veckia,,"1,35 €","(0,45 € / 10 ml.)",
Knorr Tortellini de Queijo embalagem 250 g,Knorr,,"3,69 €","(14,76 € / Kg)",
Nescafé Clássico Café Solúvel Descafeinado frasco 100 g,Nescafé Clássico,,"4,39 €","(43,90 € / Kg)",
Control Preservativos Xtra Sensation embalagem 12 unidades,Control,,"9,79 €","(0,82 € / Unidade)",
Quinta de Camarate Vinho Branco de Terras do Sado Doce garrafa 75 cl,Quinta de Camarate,,"8,99 €","(11,99 € / Litro)",
El Corte Inglés Selection Mel de Azahar embalagem 350 g,El Corte Inglés Selection,,"4,15 €","(11,86 € / Kg)",
Margão O Moinho Mistura para Grelhados frasco 32 g,Margão O Moinho,,"4,49 €","(140,31 € / Kg)",
Just For Men Gel de Limpeza para Barba e Rosto embalagem 97 ml,Just For Men,,"9,99 €","(102,99 € / Litro)",
Lusiaves Perninha de Peru ATP Peso Aproximado por cuvete 900 g,Lusiaves,,"3,60 €",(4 € / Kg),
Paño Nature Avelãs Salgadas Biológicas embalagem 90 g,Paño Nature,,"3,99 €","(44,33 € / Kg)",
Galbani Queijo de Itália Mozzarella Bufala unidade 125 g,Galbani,,"2,99 €","(23,92 € / Kg)",
Post Scriptum Vinho Tinto do Douro garrafa 75 cl,Post Scriptum,,"15,99 €","(21,32 € / Litro)",
Coslys Desodorizante de Limão 48H embalagem 50 ml,Coslys,,"4,70 €",(94 € / Litro),
Lombinho de Porco Peso Aproximado por cuvete 400 g,,,"2,78 €","(6,95 € / Kg)",
Tropico Refrigerante de Laranja sem Gás lata 33 cl,Tropico,,"0,72 €","(2,18 € / Litro)",
"Picanha de Novilho Inteira Premium Reino Unido Peso Aproximado 1,5 kg",,,"21,95 €/kg",,
Frize Água com Sabor a Pepino e Gengibre com Gás Pack 4 garrafa 25 cl,Frize,,"2,79 €","(2,79 € / Litro)",
Vinha da Roca Vinho Tinto Regional de Lisboa garrafa 75 cl,Vinha da Roca,,"12,45 €","(16,60 € / Litro)",
Porminho Chouriço de Vinho embalagem 200 g,Porminho,,"1,98 €","(9,90 € / Kg)",
Paladar Pronto Chili Azuki com Carne Levemente Picante embalagem 300 g,Paladar Pronto,,"4,99 €","(16,63 € / Kg)",
Ultra Suave Riqueza D' Argão Condicionador Cremoso Nutritivo para Cabelos Muito Secos embalagem 400 ml,Ultra Suave Riqueza D' Argão,,"5,59 €","(13,98 € / Litro)",
Manná PICANTE PASTA ATUM lata 65 g,Manná,,"1,49 €","(22,92 € / Kg)",
Próvida Pão de Ceres 3 Cereais e 4 Sementes Biológico embalagem 700 g,Próvida,,"3,25 €","(4,64 € / Kg)",
"Reese's Chocolate de Leite com Manteiga de Amendoim 4 Cups Full Size embalagem 42,5 g",Reese's,,"4,34 €","(102,12 € / Kg)",
Dan'up Iogurte Líquido de Morango e Banana Pack 4 embalagem 155 g,Dan'up,,"2,99 €","(4,82 € / Kg)",
"Kent & Fraser Tostas com Azeite, Noz e Pimento sem Glúten embalagem 110 g",Kent & Fraser,,"5,85 €","(53,18 € / Kg)",
Maizena Topping para Panquecas embalagem 215 g,Maizena,,"2,49 €","(11,58 € / Kg)",
Aliada Doce de Pêssego Light frasco 330 g,Aliada,,"2,49 €","(7,55 € / Kg)",
Próvida Broas de Espelta com Azeite Biológicas embalagem 220 g,Próvida,,"2,98 €","(13,55 € / Kg)",
Nestlé Nutripuffs de Banana Desde os 8 Meses sem Açúcar embalagem 7 g,Nestlé,,"0,89 €","(127,14 € / Kg)",
Mestre Saul Filetes de Atum em Azeite frasco 250 g,Mestre Saul,,"5,65 €","(22,60 € / Kg)",
Maggi Noodles Fusion Teriyaki embalagem 118 g,Maggi,,"1,99 €","(16,86 € / Kg)",
Trident Pastilhas de Extreme Mentol  sem Açúcar Pack 4 embalagem 14 g,Trident,,"2,59 €",(185 € / Kg),
Coren Costeletas do Vão Biológicas Peso Aproximado por cuvete 400 g,Coren,,6 €,"(14,99 € / Kg)",
Parmareggio Queijo Parmigiano Reggiano 40 Meses unidade 200 g,Parmareggio,,"10,29 €","(51,45 € / Kg)",
Reyes Varón Coxa de Pato Confitada embalagem 250 g,Reyes Varón,,"8,75 €",(35 € / Kg),
Toca Pólen de Castanha Biológico frasco 125 g,Toca,,"7,06 €","(5,65 € / 100 gr.)",
El Corte Inglés 6 Cones de Nata e Chocolate embalagem 720 ml,El Corte Inglés,,"1,99 €","(2,76 € / Litro)",
Sensodyne Escova de Dentes Suave embalagem 1 unidade,Sensodyne,,"3,99 €","(3,99 € / Unidade)",
Halls Rebuçados de Mel e Limão sem Açúcar Pack 4 embalagem 32 g,Halls,,"2,99 €","(93,44 € / Kg)",
O.B. Tampão Proconfort Super Digital embalagem 54 unidades,O.B.,,"9,01 €","(0,17 € / Unidade)",
Ahmad Tea Infusão Seleção Herbalist embalagem 60 unidades,Ahmad Tea,,"9,95 €","(0,17 € / Unidade)",
Lactaçores Queijo da Ilha Azul Regional Peso Aproximado por unidade 1 kg,Lactaçores,,"9,99 €","(9,99 € / Kg)",
Nivea Smooth Milk Loção para Corpo Suavizante 48h Pele Seca embalagem 400 ml,Nivea Smooth Milk,,"6,69 €","(12,48 € / Litro)","6,69 €"
Cristal Vinagre de Vinho Branco garrafa 500 ml,Cristal,,"0,99 €","(1,98 € / Litro)",
Plantanatur Supér Omega 3 6 & 9 com Epa e Dha embalagem 30 g,Plantanatur,,"5,29 €","(0,14 € / Unidade)","5,29 €"
Dietisa Chá de Ervas Urtiga Branca embalagem 50 g,Dietisa,,"1,49 €","(29,80 € / Kg)",
Shiro Arroz Shiro Calrose embalagem 1 kg,Shiro,,"2,49 €","(2,49 € / Kg)",
Suchard Torrão Crocante embalagem 260 g,Suchard,,"4,55 €","(17,50 € / Kg)",
Gorreana Chá Preto embalagem 20 g,Gorreana,,"1,75 €","(87,50 € / Kg)",
Azeitona Kalamata,,,"17,69 €/kg",,
Schar Bolachas com Pepitas de Chocolate sem Glúten embalagem 200 g,Schar,,"3,09 €","(15,45 € / Kg)",
Soalheiro Espumante Alvarinho Rosé garrafa 75 cl,Soalheiro,,"14,29 €","(19,05 € / Litro)",
Milaneza Laços Tricolores embalagem 500 g,Milaneza,,"2,15 €","(4,30 € / Kg)",
Nivea Men Sensitive Bálsamo After-Shave Alívio Imediato embalagem 100 ml,Nivea Men Sensitive,,"7,49 €","(74,90 € / Litro)",
Silvex Sacos do Lixo Fecho Fácil Ecológico 50 L 65 X 75 cm 12 unidades,Silvex,,"2,99 €","(0,25 € / Unidade)",
Comfort Amaciador para a Roupa Intense Care Repair embalagem 60 doses,Comfort,,"7,99 €","(0,13 € / Dose)",
Gullón Bolachas Dibus Mini Cereais Angry Birdes sem Lactose embalagem 250 g,Gullón,,"2,75 €",(11 € / Kg),
Scottex Lenços Faciais embalagem 70 unidades,Scottex,,"1,49 €","(0,02 € / Unidade)",
Aguinamar Mexilhão Cozido embalagem 500 g,Aguinamar,,"5,49 €","(10,98 € / Kg)",
El Corte Inglés Cravo em Grão embalagem 60 g,El Corte Inglés,,"3,69 €","(61,50 € / Kg)",
Naturefoods Sementes de Papoila Biológicas embalagem 250 g,Naturefoods,,"3,59 €","(14,36 € / Kg)",
Cantinho das Aromáticas Condimento de Segurelha Biológico embalagem 20 g,Cantinho das Aromáticas,,"3,15 €","(157,50 € / Kg)",
Juvé y Camps Espumante Cava Reserva Família garrafa 75 cl,Juvé y Camps,,"18,90 €","(25,20 € / Litro)",
"Carljung Espumante sem Álcool garrafa 0,75 L",Carljung,,"6,55 €","(8,73 € / Litro)",
Roveredo Biscoitos Deliciosos embalagem 250 g,Roveredo,,"2,99 €","(11,96 € / Kg)",
Santal 100% Sumo de Laranja embalagem 1 L,Santal,,"1,89 €","(1,89 € / Litro)",
Predilecta Goiabada Cascão embalagem 350 g,Predilecta,,"2,49 €","(7,11 € / Kg)",
El Corte Inglés Guardanapos 1 Camada 30x30 cm embalagem 200 unidades,El Corte Inglés,,"1,65 €","(0,01 € / Unidade)",
Villa Antinori Vinho Tinto Regional de Itália Toscana garrafa 75 cl,Villa Antinori,,"16,90 €","(22,53 € / Litro)",
Altas Quintas Vinho Tinto do Alentejo Crescendo garrafa 75 cl,Altas Quintas,,"9,95 €","(13,27 € / Litro)",
Viñas Altas Vinho Tinto de Espanha Toro Reserva garrafa 75 cl,Viñas Altas,,"9,95 €","(13,27 € / Litro)",
Affective Advanced Fraldas para Adulto com Incontinência Tamanho Médio embalagem 20 unidades,Affective Advanced,,"10,49 €","(0,52 € / Unidade)",
Go Chill Bebida Caramel Macchiato embalagem 230 ml,Go Chill,,"1,59 €","(6,91 € / Litro)",
El Corte Inglés Tâmaras sem Caroço embalagem 300 g,El Corte Inglés,,"2,99 €","(9,97 € / Kg)",
Bonduelle Brócolos embalagem 400 g,Bonduelle,,"1,94 €","(4,85 € / Kg)",
Fructis Força & Brilho Champô 2 em 1 para Cabelos Normais embalagem 400 ml,Fructis Força & Brilho,,"5,99 €","(14,98 € / Litro)",
Babaria Creme para o Corpo Vitamina E+ embalagem 400 ml,Babaria,,"4,79 €","(8,98 € / Litro)","4,79 €"
Mercurochrome Pensos Rápidos Corte Fácil embalagem 1 unidade,Mercurochrome,,"4,39 €","(4,39 € / Unidade)",
Cantinho das Aromáticas Condimento de Tomilho Bela-Luz Biológico embalagem 20 g,Cantinho das Aromáticas,,"3,15 €","(157,50 € / Kg)",
El Corte Inglés Selection Sumo de Ananás embalagem 1 L,El Corte Inglés Selection,,"2,49 €","(2,49 € / Litro)",
El Corte Inglés Selection Salsichão Ibérico Extra embalagem 550 g,El Corte Inglés Selection,,"11,49 €","(20,89 € / Kg)",
+ Cru Granola Crua Spirulina Biológica embalagem 300 g,+ Cru,,"7,49 €","(24,97 € / Kg)",
Paladin Piri-Piri Ai Ai Sacana frasco 75 ml,Paladin,,"3,09 €","(41,20 € / Litro)",
El Corte Inglés Esfregão com Esponja Salva-Unhas embalagem 3 unidades,El Corte Inglés,,"0,75 €","(0,25 € / Unidade)",
Gillette Mach 3 Máquinas Recargas embalagem 8 unidades,Gillette Mach 3,,"21,69 €","(2,71 € / Unidade)",
Cem Porcento Chá para Infusão Hibisco embalagem 10 unidades,Cem Porcento,,"0,99 €","(76,15 € / Kg)",
Skip Detergente Líquido para Máquina da Roupa Concentrado Sabão Natural embalagem 64 doses,Skip,,"19,99 €","(0,31 € / Dose)",
Andros Sumo Fresco de Limão embalagem 1 L,Andros,,"4,60 €","(4,60 € / Litro)",
Saldomar Sal Refinado frasco 250 g,Saldomar,,"0,45 €","(1,80 € / Kg)",
Tropical Bebida de Aloe Vera e Romã embalagem 500 ml,Tropical,,"1,79 €","(3,58 € / Litro)",
Periquita Vinho Tinto Regional de Setúbal Clássico garrafa 75 cl,Periquita,,"24,90 €","(33,20 € / Litro)",
Nacional Bolachas Shortcake de Chocolate embalagem 180 g,Nacional,,"1,75 €","(9,72 € / Kg)",
Ti António Bifana da Perna de Porco Peso Aproximado por cuvete 600 g,Ti António,,"4,77 €","(7,95 € / Kg)",
Nestlé Naturnes Pacotinho de Banana Laranja e Bolacha embalagem 90 g,Nestlé Naturnes,,"1,05 €","(11,67 € / Kg)",
Posta de Vitela Barrosã DOP Peso Aproximado 350 g,,,"22,95 €/kg",,
Babaria Bruma Protectora Infantil FP 50 embalagem 200 ml,Babaria,,"14,99 €","(74,95 € / Litro)",
"Vitabio Puré de Fruta com Maçã, Goiaba e Mirtilo Biológico Pack 4 embalagem 120 g",Vitabio,,"5,99 €","(49,92 € / Kg)",
Mimosa Leite Meio Gordo sem Lactose Pack 4 embalagem 200 ml,Mimosa,,"2,09 €","(2,61 € / Litro)",
Vitabio Maçã e Banana Biológica Pack 4 embalagem 90 g,Vitabio,,"5,99 €","(66,56 € / Kg)",
Affective Cuecas para Adulto com Incontinência Tamanho Médio embalagem 10 unidades,Affective,,"11,75 €","(1,18 € / Unidade)",
"Magnum Mini Gelados de Chocolate Classic, Amêndoa e Branco Pack 10 embalagem 550 ml",Magnum,,"7,49 €","(13,62 € / Litro)",
Gliss Liso Asiático Champô para Cabelo Frisado e Rebelde embalagem 250 ml,Gliss Liso Asiático,,"4,99 €","(19,96 € / Litro)",
Morgadio de Estremoz Vinho Rosé Regional Alentejano garrafa 75 cl,Morgadio de Estremoz,,"3,95 €","(5,27 € / Litro)",
Nivea Protect & Care Desodorizante Roll-On embalagem 50 ml,Nivea Protect & Care,,"4,49 €","(89,80 € / Litro)",
Gliss Split Hair Miracle Sérum Selante para Cabelo Estragado embalagem 75 ml,Gliss Split Hair Miracle,,"11,99 €","(159,87 € / Litro)",
Ramirez Bacalhau à Portuguesa com Azeite e Alho lata 120 g,Ramirez,,"2,59 €","(21,58 € / Kg)",
El Corte Inglés Molho de Tomate com Manjericão frasco 300 g,El Corte Inglés,,"1,05 €","(3,50 € / Kg)",
Real Filetes Filetes de Cavala Marinados em Vinagre embalagem 100 g,Real Filetes,,"3,49 €","(34,90 € / Kg)",
El Corte Inglés Tâmaras Medjoul embalagem 350 g,El Corte Inglés,,"7,25 €","(20,71 € / Kg)",
Prozis Icense Gelado de Chocolate Preto e Creme de Avelã sem Glúten embalagem 4 unidades,Prozis Icense,,"6,99 €","(1,75 € / Unidade)",
Seeberger Amêndoas com Pele embalagem 200 g,Seeberger,,"5,59 €","(27,95 € / Kg)",
De Marchi Açai Sport Zero de Açúcares embalagem 500 g,De Marchi,,"9,49 €","(18,98 € / Kg)",
Côte D'Or Chocolate Preto com Amêndoas Inteiras embalagem 180 g,Côte D'Or,,"3,29 €","(18,28 € / Kg)",
Valsoia Mini Gelados de Chocolate e Coco Vegan Pack 4 embalagem 200 g,Valsoia,,"4,49 €","(22,45 € / Kg)",
Color Silk Coloração Permanente Nº 48 Bôrdo embalagem 1 unidade,Color Silk,,"6,95 €","(6,95 € / Unidade)",
"Monte Velho Vinho Branco do Alentejo garrafa 37,5 cl",Monte Velho,,"2,89 €","(7,71 € / Litro)",
Dr.Organic Condicionador Óleo de Rosa Biológico embalagem 265 ml,Dr.Organic,,"9,44 €","(35,62 € / Litro)",
Bonne Maman Doce de Laranja Intenso frasco 335 g,Bonne Maman,,"3,49 €","(10,42 € / Kg)",
Simón Coll Chocolate de Leite Garrafa de Campanhe embalagem 300 g,Simón Coll,,"12,99 €","(43,30 € / Kg)",
Babaria Lluvia Fresca Desodorizante Spray embalagem 200 ml,Babaria Lluvia Fresca,,"3,45 €","(17,25 € / Litro)",
Biologic Bife da Vazia Bio embalagem 200 g,Biologic,,"8,95 €","(44,75 € / Kg)",
Martini Vermute Ambrato Reserva garrafa 75 cl,Martini,,"17,09 €","(22,79 € / Litro)",
Serramel Pólen de Flores Serra da Malcata frasco 150 g,Serramel,,"4,49 €","(29,93 € / Kg)",
Lutti Magnificat Caramelos Crocantes com Recheio de Caramelo Magnificat embalagem 150 g,Lutti Magnificat,,"2,29 €","(15,27 € / Kg)",
Bear Fruits Máscara Capilar de Brilho de Morango embalagem 20 ml,Bear Fruits,,"5,99 €","(299,50 € / Litro)",
Cem Porcento Bolachas Maria sem Açúcar embalagem 220 g,Cem Porcento,,"2,29 €","(10,41 € / Kg)",
Messias Vinho do Porto White Dry garrafa 75 cl,Messias,,"6,85 €","(9,13 € / Litro)",
Renova Art de La Table Guardanapos Amarelos embalagem 40 unidades,Renova Art de La Table,,"1,99 €","(0,05 € / Unidade)",
Vileda Esfregona Microfibras Recarga Eco embalagem 1,Vileda,,"4,19 €","(4,19 € / Unidade)",
Gallo Azeite Virgem Extra Novo garrafa 500 ml,Gallo,,"7,99 €","(15,98 € / Litro)",
Desidrata Tâmara sem Caroço Desidratado sem Glúten Biológico embalagem 130 g,Desidrata,,"3,49 €","(26,85 € / Kg)",
Glamour Institut Empurra e Corta Cutículas embalagem 2 unidades,Glamour Institut,,"5,15 €","(5,15 € / Unidade)",
Renova Red Label Guardanapos Red embalagem 70 unidades,Renova Red Label,,"0,79 €","(0,01 € / Unidade)",
Dr.Organic Exfoliante para o Corpo de Azeite Biológico embalagem 200 ml,Dr.Organic,,"9,44 €","(47,20 € / Litro)",
Nescafé Machiatto Latte SShakissimo embalagem 190 ml,Nescafé,,"1,59 €","(8,37 € / Litro)",
Paladin Piri-Piri frasco 80 ml,Paladin,,"1,24 €","(15,50 € / Litro)",
K2R Tira-Nódoas Cores em Pó embalagem 750 g,K2R,,"9,99 €","(13,32 € / Kg)",
Ferbar Cogumelos Inteiros lata 185 g,Ferbar,,"1,29 €","(6,97 € / Kg)",
De Pauline Macarons de Baunilha 6 Unidades embalagem 72 g,De Pauline,,"2,99 €","(41,53 € / Kg)",
Moreninha do Rio Doce de Amendoim embalagem 900 g,Moreninha do Rio,,"8,45 €","(9,39 € / Kg)",
Vimeiro Água com Gás Pack 6 garrafa 50 cl,Vimeiro,,"3,19 €","(1,06 € / Litro)",
Cebola Doce Peso Aproximado por unidade 125 g,,,"2,49 €/kg",,
Ceifeira Arroz Thai Jasmine Extra Longo 1 kg,Ceifeira,,"1,99 €","(1,99 € / Kg)",
Lola Tónico de Crescimento embalagem 250 ml,Lola,,"13,33 €","(53,32 € / Litro)",
Açores Doce Extra de Morango frasco 230 g,Açores,,"2,69 €","(11,70 € / Kg)",
Biedermann Cocogurte Natural Vegan Biológico embalagem 150 g,Biedermann,,"2,09 €","(13,93 € / Kg)",
Quinta do Bucheiro Vinho Tinto do Douro garrafa 75 cl,Quinta do Bucheiro,,"8,49 €","(11,32 € / Litro)",
Tena Cuecas para Adultos Homem com Incontinência Men Active Fit Plus Tamanho M embalagem 9 unidades,Tena,,"11,99 €",(3 € / Unidade),
Tomate Mini Alongado embalagem 500 g,,,"2,59 €","(5,18 € / Kg)",
Compal Figos Secos Biológicos embalagem 250 g,Compal,,"5,29 €","(21,16 € / Kg)",
Artiach Dinosaurus Bolachas Ovos com Pepitas de Chocolate embalagem 140 g,Artiach Dinosaurus,,"2,09 €","(14,93 € / Kg)",
Qampo Salicórnia Mix para Carnes embalagem 50 g,Qampo,,"4,39 €","(87,80 € / Kg)",
Heineken Cerveja Pack 18 garrafa 25 cl,Heineken,,"16,45 €","(3,66 € / Litro)",
El Corte Inglés Chocolate Preto 72% sem Glúten embalagem 100 g,El Corte Inglés,,"0,99 €","(9,90 € / Kg)",
Yoco Iogurte Líquido de Morango Pack 6 embalagem 90 g,Yoco,,"3,19 €","(5,91 € / Kg)",
Curado Tequila Cupreata garrafa 70 cl,Curado,,"53,90 €",(77 € / Litro),
Glamour Elásticos de Cabelo sem Metal embalagem 14 unidades,Glamour,,"3,65 €","(0,26 € / Unidade)",
Carefree Protege-Slip Wiht Cotton Extract embalagem 76 unidades,Carefree,,"4,49 €","(0,06 € / Unidade)",
Margem Decapante de Ceras para Todos os Pavimentos embalagem 500 ml,Margem,,"3,59 €","(7,18 € / Litro)",
Ultra Suave Riqueza D' Argão Champô Cremoso Nutritivo para Cabelos Muito Secos embalagem 400 ml,Ultra Suave Riqueza D' Argão,,"5,59 €","(13,98 € / Litro)",
Veckia Gel de Banho Nutritivo para Pele Seca e Sensível com Amêndoas e Mel embalagem 750 ml,Veckia,,"1,55 €","(0,21 € / 10 ml.)",
Freixenet Espumante Cava Cordon Negro Pack 3 garrafa 18 cl,Freixenet,,"8,99 €","(16,65 € / Litro)",
From Heaven Chocolate Preto 74% Biológico embalagem 100 g,From Heaven,,"3,29 €","(32,90 € / Kg)",
Bicentury Devoragras Bolachas com Pepitas de Frutos Vermelhos embalagem 160 g,Bicentury Devoragras,,"2,79 €","(17,44 € / Kg)",
Alface Frisada embalagem 300 g,,,"2,59 €","(2,59 € / Kg)",
Sanex Dermo Extra Control Desodorizante Roll-On embalagem 50 ml,Sanex Dermo Extra Control,,"3,49 €","(69,80 € / Litro)",
"García Baquero Tábua de Queijos (Pok, Reserva e Cava) unidade 150 g",García Baquero,,"4,09 €","(27,27 € / Kg)",
A Leiteira Mousse de Chocolate Crocante Pack de 4 Unidades embalagem 57 g,A Leiteira,,"1,89 €","(8,29 € / Kg)",
Fructis Style Gel Fixador Extra Forte embalagem 200 ml,Fructis Style,,"4,99 €","(24,95 € / Litro)",
El Corte Inglés Papel Higiénico Compacto 2 Capas embalagem 24 unidades,El Corte Inglés,,"9,95 €","(0,41 € / Unidade)",
Vallado Vinho Tinto do Douro Superior garrafa 75 cl,Vallado,,"13,95 €","(18,60 € / Litro)",
Millan Vicente Sortido de Queijos Selecção embalagem 250 g,Millan Vicente,,"7,99 €","(31,96 € / Kg)",
Nutrísse Creme Coloração Nº 5.4 Castanho Claro Acobreado embalagem 190 ml,Nutrísse Creme,,"9,49 €","(49,95 € / Litro)",
Ti António Vitelão Bife Dianteiro ATP Peso Aproximado por cuvete 450 g,Ti António,,"8,10 €","(17,99 € / Kg)",
Camarão Selvagem Madagáscar 10/20,,,"49,90 €/kg",,
Billy's Farm Bolachas Waffles de Espelta Vegan Biológico embalagem 300 g,Billy's Farm,,"5,19 €","(17,30 € / Kg)",
Salva Biológica embalagem 30 g,,,"1,50 €",(50 € / Kg),
Heinz Ketchup embalagem 250 g,Heinz,,"2,29 €","(5,80 € / Kg)","2,29 €"
Dove Men +Care Desodorizante Clean Comfort Spray embalagem 150 ml,Dove Men +Care,,"4,99 €","(33,27 € / Litro)",
Ferbar Feijão Encarnado Cozido com Pouco Sal lata 850 g,Ferbar,,"2,29 €","(2,69 € / Kg)",
Nivea Cellular Filler Máscara Facial Contorno 10 Minutos embalagem 1 unidade,Nivea Cellular Filler,,"3,99 €","(3,99 € / Unidade)",
Nestlé Yogolino Morango e Banana 0% Açúcar Pack 4 embalagem 100 g,Nestlé Yogolino,,"2,89 €","(7,22 € / Kg)",
Garnier Color Sensation Coloração Permanente Intensa Nº 6.46 Acobreado Intenso embalagem 1 unidade,Garnier Color Sensation,,"8,85 €","(8,85 € / Unidade)",
Cuétara Choco Flakes Bolachas de Cereais com Chocolate embalagem 250 g,Cuétara Choco Flakes,,"3,09 €","(9,16 € / Kg)","3,09 €"
Dove Creme Corporal One Cream Hidratante embalagem 250 g,Dove,,"4,85 €","(19,40 € / Kg)",
Nobre Cocktail Salsichas lata 180 g,Nobre Cocktail,,"1,49 €","(8,28 € / Kg)",
Banzé Fita Apanha Mosca embalagem 4 unidades,Banzé,,"1,99 €","(0,50 € / Unidade)",
Vittel Água Natural garrafa 75 cl,Vittel,,"1,39 €","(1,85 € / Litro)",
El Corte Inglés Cocktail Runner sem Glúten embalagem 195 g,El Corte Inglés,,"2,99 €","(15,33 € / Kg)",
Padaria da Arrifana Jesuítas de Amêndoa embalagem 300 g,Padaria da Arrifana,,"2,79 €","(9,30 € / Kg)",
Quinta dos Açores Elegant Iogurte Líquido de Maracujá embalagem 200 ml,Quinta dos Açores Elegant,,"1,09 €","(5,45 € / Litro)",
Poppels Cerveja Witbier garrafa 33 cl,Poppels,,"4,89 €","(14,82 € / Litro)",
Casa Jardín Insecticida Eléctrico Ati-Melgas e Mosquitos Recarga embalagem 33 ml,Casa Jardín,,"4,65 €","(140,91 € / Litro)",
Carm Vinho Tinto do Douro Touriga Nacional garrafa 75 cl,Carm,,"24,99 €","(33,32 € / Litro)",
Garnier Skin Active Gel Micelar para Todo o Tipo de Pele embalagem 200 ml,Garnier Skin Active,,"4,99 €","(24,95 € / Litro)",
Jean Louis David Pincel Pó de Bambu embalagem 1 unidade,Jean Louis David,,"12,58 €","(12,58 € / Unidade)",
El Corte Inglés Raviolis Recheados com Tomate e Mozzarella embalagem 250 g,El Corte Inglés,,"2,09 €","(8,36 € / Kg)",
Banzé Insecticida para Voadores Spray embalagem 400 ml,Banzé,,"5,55 €","(13,88 € / Litro)",
Cem Porcento Infusão Detox Biológico embalagem 13 g,Cem Porcento,,"0,99 €","(76,15 € / Kg)",
Naturefoods Cenouras sem Glúten Biológicas frasco 340 g,Naturefoods,,"1,69 €","(4,97 € / Kg)",
Al Mudd Vinho Tinto Regional do Algarve Clarete garrafa 75 cl,Al Mudd,,"10,59 €","(14,12 € / Litro)",
Dalfour Doce de Alperce frasco 284 g,Dalfour,,"3,49 €","(12,29 € / Kg)",
Dom Iguarias Chouriço Magro unidade 200 g,Dom Iguarias,,"3,69 €","(18,45 € / Kg)",
Heidel Bombons Sortido Vela Angels lata 64 g,Heidel,,"9,99 €","(156,09 € / Kg)",
Lombo de Porco Marinado com Alho Peso Aproximado 750 g,,,"9,95 €/kg",,
Drink6 Sumo Antiox Shot 100% Natural sem Glúten embalagem 60 ml,Drink6,,"2,19 €","(36,50 € / Litro)",
"English Tea Shop Infusão Energise Me sem Cafeína de Hortelã Pimenta, Hortelã Verde Biológica embalagem 30 g",English Tea Shop,,"3,99 €",(133 € / Kg),
Trinca Bolotas Vinho Branco do Alentejo Trinca Bolotas garrafa 75 cl,Trinca Bolotas,,"6,99 €","(9,32 € / Litro)",
Cascina Belvedere Polenta embalagem 500 g,Cascina Belvedere,,"4,39 €","(8,78 € / Kg)",
Gallo Vinagre de Vinho Tinto garrafa 250 ml,Gallo,,"1,49 €","(5,96 € / Litro)",
Gliss Hair Repair Máscara Capilar Longo e Sublime para Cabelos Compridos embalagem 300 ml,Gliss Hair Repair,,"7,99 €","(26,63 € / Litro)",
"Innocent Sumo Fortalecedor El Príncipe Azul de Maçã, Água de Coco, Lima e Espirulina garrafa 330 ml",Innocent,,"2,09 €","(6,33 € / Litro)",
Eno Digestivo Pó para Bebida Efervescente de Laranja Pack 10 embalagem 5 g,Eno Digestivo,,"4,99 €",(998 € / Kg),
Delta Cevada Cereais + Fibra Solúvel frasco 200 g,Delta,,"2,49 €","(12,45 € / Kg)",
Sanchez Alcaraz Presunto Serrano Reserva ao Corte,Sanchez Alcaraz,,"39,00 €/kg",,
Moussel Sabonete Líquido para as Mãos embalagem 300 ml,Moussel,,"4,85 €","(1,62 € / 10 ml.)",
Pantene Laca Fix Flexível embalagem 250 ml,Pantene,,"4,99 €","(14,96 € / Litro)","4,99 €"
Pickles em Vinagre,,,"8,79 €/kg",,
Titan Vinho Tinto do Douro garrafa 75 cl,Titan,,"9,99 €","(13,32 € / Litro)",
Neolar Maxi Clip para Sacos de Plástico Azul e Vermelho 8 unidades,Neolar,,"1,39 €","(0,17 € / Unidade)",
"L'Oréal Elvive Full Resist Champô Fortificante para Cabelo Frágil, Tendência a Queda embalagem 690 ml",L'Oréal,,"9,99 €","(14,48 € / Litro)",
Damar Queijo Regional Dop Amarelo Mini unidade 300 g,Damar,,"9,35 €","(31,17 € / Kg)",
Dez Prá Uma Cheesecake com Doce de Amora embalagem 950 g,Dez Prá Uma,,"15,75 €","(16,58 € / Kg)",
Donnhoff Vinho Branco da Alemanha Riesling Kabinett garrafa 75 cl,Donnhoff,,"19,95 €","(26,60 € / Litro)",
Silvex Discos Anti-Transpirantes embalagem 10 unidades,Silvex,,"2,15 €","(0,22 € / Unidade)",
Milka Choco-Swing Chocolate de Leite Choco-Swing com Bolacha MMMax embalagem 300 g,Milka Choco-Swing,,"3,99 €","(13,30 € / Kg)",
Predilecta Goiabada Cremosa frasco 230 g,Predilecta,,"3,09 €","(13,43 € / Kg)",
Unii Óleo Essencial de Alecrim frasco 10 ml,Unii,,"10,90 €",(1.090 € / Litro),
Carley's Creme para Barrar de Avelã Biológico frasco 250 g,Carley's,,"12,59 €","(50,36 € / Kg)",
Presunto Pá Ibérico unidade 5 kg,,,"86,95 €","(17,39 € / Kg)",
Grabd Fermage Manteiga Sal do Mar embalagem 125 g,Grabd Fermage,,"2,25 €",(18 € / Kg),
Diaz Chouriço Extra Ibérico Fatias unidade 90 g,Diaz,,"3,49 €","(38,78 € / Kg)",
Jói Refrigerante de Laranja Baixo Teor de Açúcares sem Gás lata 33 cl,Jói,,"0,75 €","(2,27 € / Litro)",
Carina Rissóis de Carne 8 Unidades embalagem 350 g,Carina,,"1,59 €","(4,54 € / Kg)",
Nivea Q10 Plus Creme Anti-Rugas de Noite Pele Cansada embalagem 50 ml,Nivea Q10 Plus,,"11,19 €","(223,80 € / Litro)",
Lindt Lindor Bombons Sortidos com Recheio Cremoso embalagem 600 g,Lindt Lindor,,"16,99 €","(28,32 € / Kg)",
Dr.Organic Creme para o Corpo de Aloe Vera Biológico embalagem 50 ml,Dr.Organic,,"12,59 €","(251,80 € / Litro)",
El Corte Inglés Bolachas Maria Douradas Pack 4 embalagem 800 g,El Corte Inglés,,"1,79 €","(1,56 € / Kg)","1,79 €"
Preparado para Sopa de Espinafres embalagem 500 g,,,"1,79 €","(3,58 € / Kg)",
Président Queijo Brie Gourmet embalagem 200 g,Président,,"3,99 €","(19,95 € / Kg)",
Quinta de Sães Vinho Branco do Dão Reserva garrafa 75 cl,Quinta de Sães,,"12,75 €",(17 € / Litro),
Veckia Tampões Super Plus com Aplicador embalagem 14 unidades,Veckia,,"1,99 €","(0,14 € / Unidade)",
Special Line Tortilha de Milho sem Glúten 8 unidades embalagem 200 g,Special Line,,"2,49 €","(12,45 € / Kg)",
Garden Gourmet Nuggets Vegetarianos Garden Gourmet embalagem 200 g,Garden Gourmet,,"3,99 €","(19,95 € / Kg)",
Roler Tapas Mini Hambúrgueres de Bovino embalagem 250 g,Roler,,"4,75 €",(19 € / Kg),
Renova Guardanapos Reciclados embalagem 80 unidades,Renova,,"1,49 €","(18,62 € / Kg)",
Pantene Repara & Protege Máscara Capilar Intensiva para Cabelo Normal a Espesso embalagem 200 ml,Pantene Repara & Protege,,"6,59 €","(21,97 € / Litro)",
Santa Teresa Hummus Mediterrâneo sem Glúten embalagem 180 g,Santa Teresa,,"2,69 €","(14,94 € / Kg)",
El Corte Inglés Café Torrado Moído Descafeinado em Monodoses embalagem 32 pastilhas,El Corte Inglés,,"2,39 €","(10,67 € / Kg)",
Cozinha Pronta Rissóis de Leitão 6 Unidades embalagem 390 g,Cozinha Pronta,,"3,69 €","(9,46 € / Kg)",
Collonil Esponja Autobrilhante Preto embalagem 1 unidade,Collonil,,"3,55 €","(3,55 € / Unidade)",
Gullón Zero Bolachas Sortidas com Chocolate Preto sem Açúcares Adicionados embalagem 329 g,Gullón Zero,,"5,89 €","(17,90 € / Kg)",
Secos da Aldeia Miolo de Amêndoa sem Pele embalagem 100 g,Secos da Aldeia,,"1,99 €","(19,90 € / Kg)",
Knorr Noodles Queijo e Ervas embalagem 61 g,Knorr,,"1,39 €","(22,79 € / Kg)",
Emma Giordani Tortellini com Ricotta e Espinafres embalagem 250 g,Emma Giordani,,"3,29 €","(13,16 € / Kg)",
Terras de Lava Vinho Tinto dos Açores garrafa 75 cl,Terras de Lava,,"8,95 €","(11,93 € / Litro)",
Haagen-Dazs Gelado Duo de Chocolate Preto e Caramelo Salgado Crocante embalagem 420 ml,Haagen-Dazs,,"6,79 €","(16,17 € / Litro)",
Dr. Oetker Pizza Ristorante de Atum embalagem 355 g,Dr. Oetker,,"4,99 €","(14,06 € / Kg)",
Mr. Cheese Queijo Gouda de Cabra Porção Peso Aproximado 200 g,Mr. Cheese,,"25,89 €/kg",,
Bolo de Arroz,,,"0,90 €","(0,90 € / Unidade)",
Mimosa Fruta Batida Iogurte com Polpa de Morango Pack 4 embalagem 125 g,Mimosa Fruta Batida,,"1,99 €","(4,15 € / Kg)",
Parmalat Nata para Culinária com Cogumelos embalagem 200 ml,Parmalat,,"1,27 €","(6,35 € / Litro)",
Activia Cremoso Iogurte de Lima-Limão Pack 4 embalagem 120 g,Activia Cremoso,,"2,49 €","(5,19 € / Kg)",
Parmareggio Queijo Parmigiano Reggiano unidade 150 g,Parmareggio,,"4,65 €",(31 € / Kg),
Delta Q Café Descafeinado Qalidus Intensidade 10 embalagem 10 cápsulas,Delta Q,,"3,49 €","(0,35 € / Unidade)",
Sorini Bombom Maxi Per Te Azul embalagem 500 g,Sorini,,"7,95 €","(15,90 € / Kg)",
Chupa Chups Chupa Chupa de Leite com Sabores Sortidos Pack 10 embalagem 120 g,Chupa Chups,,"2,99 €","(24,92 € / Kg)",
Miolo Pão de Centeio Integral e Espelta Biológico unidade 450 g,Miolo,,"3,25 €","(7,22 € / Kg)",
Borges Vinho do Porto Tawny Coroa garrafa 75 cl,Borges,,"6,49 €","(8,65 € / Litro)",
Um Bongo Pouch Puré de Fruta Manga sem Adição de Açúcares embalagem 90 g,Um Bongo,,"0,99 €",(11 € / Kg),
Don Bernardo Queijo de Espanha Manchego Mini unidade 880 g,Don Bernardo,,"26,98 €","(30,66 € / Kg)",
Maçã Pink Lady Calibre 70/75 Peso Aproximado por unidade 190 g,,,"2,99 €/kg",,
Colgate Dentagard Pasta de Dentes embalagem 75 ml,Colgate Dentagard,,"2,49 €","(26,53 € / Litro)","2,49 €"
Brioche 1 unidade,,,"0,55 €","(0,55 € / Unidade)",
Condi Flocos de Batata embalagem 400 g,Condi,,"3,09 €","(7,72 € / Kg)",
Nah Eat Water Slim Noodles sem Glúten embalagem 200 g,Nah Eat Water,,"2,89 €","(14,45 € / Kg)",
Saco de Ráfia Cerejas 1 unidade,,,"0,50 €",,
Lay's Aperitivos 3D'S embalagem 160 g,Lay's,,"2,39 €","(14,94 € / Kg)",
Soria Natural Tostas de Arroz e Quinoa Integral sem Glúten Biológica embalagem 100 g,Soria Natural,,"2,79 €","(27,90 € / Kg)",
Kellogg's Krave Cereais com  Chocolate de Avelã embalagem 375 g,Kellogg's Krave,,"3,79 €","(10,11 € / Kg)",
Nutregi Iogurte Magro sem Lactose MorangoI 120 g,Nutregi,,"2,29 €","(3,81 € / Kg)","2,29 €"
Codyfer Palmilhas Tamanho 36-48 1 par,Codyfer,,"3,95 €","(3,95 € / Unidade)",
Madrí Cerveja de Espanha Artesanal Ale IPA garrafa 33 cl,Madrí,,"1,99 €","(6,03 € / Litro)",
Vileda Balde Vermelho + Espremedor 1 unidade,Vileda,,"16,49 €","(16,49 € / Unidade)",
Rol de Coisas Vinho Tinto da Bairrada garrafa 75 cl,Rol de Coisas,,"15,49 €","(20,65 € / Litro)",
Tresemmé Botanique Condicionador Nourish & Replenish embalagem 400 ml,Tresemmé Botanique,,"4,79 €","(11,98 € / Litro)",
Señorio de Los Llanos Vinho Tinto de Espanha Valdepeñas Reserva garrafa 75 cl,Señorio de Los Llanos,,"2,85 €","(3,80 € / Litro)",
Nova Classe Agitadores de Madeira embalagem 30 unidades,Nova Classe,,"0,99 €","(0,03 € / Unidade)",
Humydry Ambientador Anti-Humidade Maçã Verde Recarga embalagem 500 g,Humydry,,"4,99 €","(9,98 € / Kg)",
El Corte Inglés Bolachas de Manteiga lata 454 g,El Corte Inglés,,"3,99 €","(8,79 € / Kg)",
Paiva Queijo Fresco Meio Gordo Leve 4 Pague 3 embalagem 250 g,Paiva,,"2,09 €","(8,36 € / Kg)",
Ilheu Queijo Flamengo em Fatias sem Glúten embalagem 200 g,Ilheu,,"2,79 €","(13,95 € / Kg)",
"Calgon Anti-Calcário 2 em 1 em Gel para a Máquina da Roupa embalagem 1,5 L",Calgon,,"15,99 €","(7,99 € / Litro)","15,99 €"
Brasmar Posta Tradicional de Bacalhau Demolhado embalagem 700 g,Brasmar,,"11,40 €","(16,29 € / Kg)",
Pormenor Vinho Tinto do Douro DOC garrafa 75 cl,Pormenor,,"16,49 €","(21,99 € / Litro)",
Vidal Gomas Light Multi Sortido Jelly Mix embalagem 100 g,Vidal,,"1,39 €","(13,90 € / Kg)",
Sidul Açúcar em Pó 500 g,Sidul,,"1,55 €","(3,10 € / Kg)",
Fiambre Peito de Perú Braseado unidade 85 g,,,"1,89 €","(22,24 € / Kg)",
El Corte Inglés Selection Surimi Ralado embalagem 125 g,El Corte Inglés Selection,,"1,89 €","(15,12 € / Kg)",
Pantene Miracles Creme de Pentear Anti-Frizz embalagem 75 ml,Pantene Miracles,,"6,59 €","(87,87 € / Litro)",
Hugo Mendes Vinho Tinto Regional de Lisboa Castelão garrafa 75 cl,Hugo Mendes,,"14,95 €","(19,93 € / Litro)",
Johnson's Baby Brilho Mágico Condicionador Gotas de Brilho embalagem 500 ml,Johnson's Baby Brilho Mágico,,"5,59 €","(11,18 € / Litro)",
Caves Velhas Vinho Branco Regional de Lisboa Romeira Chardonnay garrafa 75 cl,Caves Velhas,,"6,99 €","(6,65 € / Litro)","6,99 €"
"Sonasol Brilhante Detergente Líquido para o Chão Floral Euphoria embalagem 1,1 L",Sonasol Brilhante,,"3,99 €","(3,63 € / Litro)",
Listerine Elixir Anti-Cáries embalagem 500 ml,Listerine,,"6,49 €","(12,98 € / Litro)",
Gianni Negrini Salame Napoli Picante unidade 125 g,Gianni Negrini,,"5,79 €","(46,32 € / Kg)",
Corine de Farme Gel de Banho Pure 0% embalagem 500 ml,Corine de Farme,,"5,19 €","(10,38 € / Litro)",
El Corte Inglés Alho Granulado embalagem 150 g,El Corte Inglés,,"3,49 €","(23,27 € / Kg)",
Carte D'Or Gelado de Nata Les Classiques embalagem 750 ml,Carte D'Or,,"2,99 €","(3,99 € / Litro)",
Control Touch & Feel Preservativos embalagem 6 unidades,Control Touch & Feel,,"4,99 €","(0,83 € / Unidade)",
Mexifoods Queijo para Nachos Salsa embalagem 200 g,Mexifoods,,"2,69 €","(13,45 € / Kg)",
El Corte Inglés Avelãs Cruas embalagem 250 g,El Corte Inglés,,"4,99 €","(19,96 € / Kg)",
Atelier do Doce Bolo Rainha ao peso 800 g,Atelier do Doce,,"20,95 €/kg",,
Bolachas Filipinos de Leite embalagem 128 g,,,"1,79 €","(13,98 € / Kg)",
Gliss Hair Repair Condicionador Longo e Sublime para Cabelos Compridos embalagem 200 ml,Gliss Hair Repair,,"4,99 €","(24,95 € / Litro)",
Ariel 3 em 1 Detergente para a Máquina da Roupa Fresh Sensations embalagem 30 cápsulas,Ariel 3 em 1,,"19,50 €","(0,65 € / Dose)",
Collonil Autobrilhante Incolor 100 ml,Collonil,,"7,69 €","(76,90 € / Litro)",
Broa de Carne e Chouriço unidade 400 g,,,"2,95 €","(7,38 € / Kg)",
Vileda Vassoura 3 Action embalagem 1,Vileda,,"7,49 €","(7,49 € / Unidade)",
Herdade de Catapereiro Vinho Tinto do Tejo garrafa 75 cl,Herdade de Catapereiro,,"3,35 €","(4,47 € / Litro)",
Folhado de Carne unidade 100 g,,,"0,95 €","(9,50 € / Kg)",
José Posada Marron Glacé frasco 86 g,José Posada,,"5,45 €","(63,37 € / Kg)",
Terra Nostra Leite de Pastagem Meio Gordo embalagem 1 L,Terra Nostra,,"1,04 €","(1,04 € / Litro)",
Comfort Amaciador Concentrado de Roupa Essência Azul embalagem 86 doses,Comfort,,"4,99 €","(0,06 € / Dose)",
Asana Leite Semidesnatado Meio Gordo Biológico embalagem 1 L,Asana,,"1,59 €","(1,59 € / Litro)",
Vanish Oxi Advance White em Pó embalagem 800 g,Vanish,,"14,99 €","(18,74 € / Kg)",
Condi Gelatina Vegetal de Manga Vegan embalagem 180 g,Condi,,"2,09 €","(11,61 € / Kg)",
Quinta da Coitena Peito de Peru Bio embalagem 300 g,Quinta da Coitena,,"12,95 €","(43,17 € / Kg)",
Paladin 100% Vinagre de Sidra garrafa 500 ml,Paladin,,"1,99 €","(3,98 € / Litro)",
Bimbo Tostas Integrais embalagem 270 g,Bimbo,,"1,49 €","(5,52 € / Kg)",
Pantene Ampolas Liso Extremo em 1 Minuto Pack 3 embalagem 15 ml,Pantene,,"4,64 €","(154,67 € / Litro)",
Nolita Granola Nutty Frutos Secos Zero Açúcar Adicionado Biológico sem Glúten embalagem 420 g,Nolita,,"7,49 €","(17,83 € / Kg)",
Condi Preparado para Bolo de Chocolate embalagem 450 g,Condi,,"2,69 €","(5,98 € / Kg)",
Terra Nostra Queijo Flamengo de Pastagem em Fatias Biológico embalagem 150 g,Terra Nostra,,"2,49 €","(16,60 € / Kg)",
Izidoro O Merceeiro Salsichas Hot Dog frasco 4 unidades,Izidoro O Merceeiro,,"3,35 €","(0,84 € / Unidade)",
Biscoitos de Sintra Biscoitos Areias embalagem 330 g,Biscoitos de Sintra,,"3,95 €","(11,97 € / Kg)",
Nivea Protect e Bronze Emulsão Desmaquilhante Naturally Clean Barrra de Limpeza Facial embalagem 75 g,Nivea Protect e Bronze,,"7,49 €","(99,87 € / Kg)",
Oliveira da Serra Piri-Piri Audaz com Azeite garrafa 50 ml,Oliveira da Serra,,"2,99 €","(45,80 € / Litro)","2,99 €"
Trimbach Vinho Branco de França Alsace Pinot garrafa 75 cl,Trimbach,,"15,29 €","(20,39 € / Litro)",
Buitoni Forno di Pietra Pizza de Presunto e Cogumelos embalagem 340 g,Buitoni Forno di Pietra,,"4,25 €","(12,50 € / Kg)",
El Corte Inglés Preparado em Pó para Gelatina de Framboesa embalagem 170 g,El Corte Inglés,,"0,75 €","(4,41 € / Kg)",
Margão Erva Doce Moída embalagem 25 g,Margão,,"0,99 €","(39,60 € / Kg)",
Azeitona Retalhada,,,"6,49 €/kg",,
Serramel Mel de Acácia frasco 300 g,Serramel,,"5,79 €","(19,30 € / Kg)",
Old El Paso Sazonador para Tacos embalagem 25 g,Old El Paso,,"1,20 €",(48 € / Kg),
"Guloso Polpa de Tomate, Tomilho e Alecrim garrafa 500 g",Guloso,,"2,29 €","(4,58 € / Kg)",
"Nestlé Kit Kat sabor Laranja embalagem 41,5 g",Nestlé,,"0,99 €","(23,86 € / Kg)",
Colmi Leite Condensado com Cacau embalagem 397 g,Colmi,,"1,99 €","(5,01 € / Kg)",
Bola de Centeio unidade 90 g,,,"0,30 €","(3,75 € / Kg)",
Martini Vermute Fiero garrafa 75 cl,Martini,,"11,59 €","(15,45 € / Litro)",
Macal Presunto Cura 9 Meses em Fatias Finas embalagem 100 g,Macal,,"2,45 €","(24,50 € / Kg)",
São Jorge Queijo 12 Meses,São Jorge,,"20,89 €/kg",,
Miguelañez Gomas Jellypack Frutas embalagem 200 g,Miguelañez,,"2,79 €","(13,95 € / Kg)",
El Corte Inglés Sal Marinho para Máquina de Lavar Loiça embalagem 3 kg,El Corte Inglés,,"1,85 €","(0,62 € / Kg)",
Leão Dourado Espumante Meio Seco garrafa 75 cl,Leão Dourado,,"4,25 €","(5,67 € / Litro)",
Schweppes Ginger Beer garrafa 20 cl,Schweppes,,"1,69 €","(8,45 € / Litro)",
Persil Universal Detergente para a Máquina da Roupa Líquido embalagem 42 doses,Persil Universal,,"8,49 €","(0,20 € / Dose)",
Haribo Gomas Spaghetti de Morango embalagem 75 g,Haribo,,"1,09 €","(14,53 € / Kg)",
Calvé Molho Bifana com Mostarda embalagem 260 g,Calvé,,"2,69 €","(10,35 € / Kg)",
The Macallan Whisky 12 Anos garrafa 70 cl,The Macallan,,"79,90 €","(114,14 € / Litro)",
"Fanta Zero Refrigerante de Laranja com Gás Zero Adição de Açúcar garrafa 1,5 L",Fanta Zero,,"1,89 €","(1,26 € / Litro)",
Airwick Vela Winter Apple embalagem 105 g,Airwick,,"4,99 €","(47,52 € / Kg)",
Sonasol Wc Poder Activo Bloco Sanitário de Limão embalagem 50 g,Sonasol Wc Poder Activo,,"3,19 €","(63,80 € / Kg)",
El Pozo Presunto Serrano Peso Aproximado por unidade 2 kg,El Pozo,,"25,99 €/kg",,
Fruter Mel bio embalagem 270 g,Fruter,,"8,99 €","(33,30 € / Kg)",
Paiva Queijo Curado de Ovelha em Fatias embalagem 150 g,Paiva,,"2,99 €","(19,93 € / Kg)",
Milaneza Laços Farfalle embalagem 500 g,Milaneza,,"1,86 €","(3,72 € / Kg)",
H&S Champô Anti-Caspa 7 em 1 Fórmula Potente Multi-Ação embalagem 300 ml,H&S,,"6,59 €","(16,47 € / Litro)","6,59 €"
Jean Louis David Molas Pequenas para Cabelo embalagem 1 unidade,Jean Louis David,,"5,09 €","(5,09 € / Unidade)",
Salsicharia Limiana Sortido de Enchidos para Cozido à Portuguesa unidade 800 g,Salsicharia Limiana,,"6,99 €","(8,74 € / Kg)",
Quinta do Espinho Vinho Branco do Douro Noémi garrafa 75 cl,Quinta do Espinho,,"7,25 €","(9,67 € / Litro)",
Portas da Herdade Vinho Tinto do Alentejo Trincadeira garrafa 75 cl,Portas da Herdade,,"6,99 €","(9,32 € / Litro)",
El Corte Inglés Lentilhas Parda embalagem 1 kg,El Corte Inglés,,"2,55 €","(2,55 € / Kg)",
Quinta do Sagrado Vinho do Porto Ruby Reserva garrafa 75 cl,Quinta do Sagrado,,"9,95 €","(13,27 € / Litro)",
Gerio Chupa Chupa Piruletas embalagem 40 g,Gerio,,"1,20 €",(30 € / Kg),
Blackett Vinho do Porto Extra Dry White garrafa 75 cl,Blackett,,"14,89 €","(19,85 € / Litro)",
Prozis Diet Frango Teriyaki embalagem 310 g,Prozis Diet,,"6,09 €","(19,65 € / Kg)",
Garnier BB Cream Creme Aperfeiçoador Sublime Diário Tudo em Um embalagem 50 ml,Garnier BB Cream,,"9,99 €","(199,80 € / Litro)",
Parmalat Nata para Culinária Levíssima embalagem 200 ml,Parmalat,,"1,12 €","(5,60 € / Litro)",
Cem Porcento Crisps com Queijo e Cebola embalagem 100 g,Cem Porcento,,"1,99 €","(19,90 € / Kg)",
Quinta da Lixa Espumante de Vinho Verde Bruto garrafa 75 cl,Quinta da Lixa,,"6,45 €","(8,60 € / Litro)",
Gillette Labs Creme Hidratante embalagem 100 ml,Gillette Labs,,"9,99 €","(99,90 € / Litro)",
Margão Pimentão Doce lata 75 g,Margão,,"2,69 €","(35,87 € / Kg)",
El Corte Inglés Barrinhas de Pescada Panadas embalagem 500 g,El Corte Inglés,,"3,39 €","(6,78 € / Kg)",
Costeletas do Lombo de Vitela Mirandesa DOP Peso Aproximado 200 g,,,"23,95 €/kg",,
El Corte Inglés Torrão Duro sem Açúcares Adicionados sem Glúten embalagem 200 g,El Corte Inglés,,"3,49 €","(17,45 € / Kg)",
Monte das Servas Vinho Rosé do Alentejo garrafa 75 cl,Monte das Servas,,"5,49 €","(7,32 € / Litro)",
Casa do Porco Preto Salsichão de Porco Ibérico Bolota em Fatias unidade 80 g,Casa do Porco Preto,,"4,29 €","(53,62 € / Kg)",
My Smoothie 100% Sumo de Romã embalagem 25 cl,My Smoothie,,"1,45 €","(5,80 € / Litro)",
Kaffa Alumínio Café Colômbia Intensidade 8 para Nespresso embalagem 10 cápsulas,Kaffa Alumínio,,"2,12 €","(0,21 € / Unidade)",
Nivea Kit Men Protect & Care pack 1 unidade,Nivea,,"23,09 €","(14,99 € / Unidade)","23,09 €"
El Corte Inglés Torrão de Fruta sem Glúten embalagem 250 g,El Corte Inglés,,"2,79 €","(11,16 € / Kg)",
La Lechera Leite Condensado embalagem 450 g,La Lechera,,"2,99 €","(6,64 € / Kg)",
Double Phoenix Castanhas d'Água Fatiadas lata 227 g,Double Phoenix,,"2,29 €","(10,09 € / Kg)",
Kopke Vinho do Porto LBV garrafa 75 cl,Kopke,,"17,49 €","(23,32 € / Litro)",
Cru Chips Snack de Carne de Vaca Desidratado Light unidade 25 g,Cru Chips,,"2,25 €",(90 € / Kg),
Special Line Flocos de Aveia embalagem 500 g,Special Line,,"1,59 €","(3,18 € / Kg)",
Magabel Tisana Lúcia-Lima embalagem 10 unidades,Magabel,,"1,10 €","(0,11 € / Unidade)",
Chi Wán Molho Japonês Teriyaki garrafa 250 ml,Chi Wán,,"2,85 €","(11,40 € / Litro)",
Amarguinha Licor Cocktail Sour lata 25 cl,Amarguinha,,"1,99 €","(7,96 € / Litro)",
"Macal Torresmos com Presunto em Barra Peso Aproximado por unidade 1,3 kg",Macal,,"7,99 €/kg",,
Pastoret Iogurte com Banana e Bolacha Biológico embalagem 135 g,Pastoret,,"1,69 €","(12,52 € / Kg)",
Luís Pato Vinho Branco das Beiras Vinhas Velhas garrafa 75 cl,Luís Pato,,"9,99 €","(13,32 € / Litro)",
Glamour Institut Pinça Dupla Acção embalagem 1 unidade,Glamour Institut,,"4,55 €","(4,55 € / Unidade)",
Leblon Cachaça garrafa 70 cl,Leblon,,"32,69 €","(46,70 € / Litro)",
Qampo Azeitonas Pretas Descaroçadas frasco 160 g,Qampo,,"1,99 €","(12,44 € / Kg)",
Colgate Total Pasta de Dentes Pack de Viagem Pack 3 embalagem 20 ml,Colgate Total,,"4,99 €","(249,50 € / Litro)",
Cacaolat Batido com Cacau sem Lactose Pack 6 embalagem 200 ml,Cacaolat,,"2,85 €","(14,25 € / Litro)",
Sanytol Desinfectante Limpa Máquina de Lavar Roupa embalagem 250 ml,Sanytol,,"7,99 €","(31,96 € / Litro)",
Special Line El Corte Inglés Bebida de Amêndoa sem Glúten embalagem 1 L,Special Line El Corte Inglés,,"1,49 €","(1,49 € / Litro)",
Yang-Tse Molho Chili Picante embalagem 200 g,Yang-Tse,,"3,19 €","(15,95 € / Kg)",
Fapil Balde de Plástico 16 L 1 unidade,Fapil,,"5,19 €","(5,19 € / Unidade)",
Costelas do Lombo de Vitela Barrosã DOP Peso Aproximado por cuvete 200 g,,,"4,99 €","(24,95 € / Kg)",
Gotas Frescas Água de Colónia Concentrada embalagem 250 ml,Gotas Frescas,,"5,99 €","(2,40 € / 10 ml.)",
Barilla Penne Rigate embalagem 500 g,Barilla,,"1,55 €","(3,10 € / Kg)",
Sidul Açúcar Branco Sticks embalagem 50 unidades,Sidul,,"1,45 €","(0,03 € / Unidade)",
Ahumados Dominguez Salmão Fumado Salada Nórdica embalagem 100 g,Ahumados Dominguez,,"4,79 €","(47,90 € / Kg)",
Pastoret Iogurte Artesanal Natural 0% embalagem 125 g,Pastoret,,"0,79 €","(6,32 € / Kg)",
El Corte Inglés Tarte de Nata com Lâminas de Cacau sem Glúten embalagem 1 L,El Corte Inglés,,"1,99 €","(1,99 € / Litro)",
Medusa Vinho Tinto da Bairrada garrafa 75 cl,Medusa,,"5,75 €","(7,67 € / Litro)",
Sonasol Brilhante Desengordurante Spray embalagem 500 ml,Sonasol Brilhante,,"3,99 €","(7,98 € / Litro)",
Artiach Chiquilín Bolachas embalagem 175 g,Artiach Chiquilín,,"1,55 €","(8,86 € / Kg)",
Colgate Escova de Dentes Bambu Carvão Suave embalagem 1 unidade,Colgate,,"3,99 €","(3,99 € / Unidade)",
Cadbury Chocolate de Leite Crunchie embalagem 40 g,Cadbury,,"1,19 €","(29,75 € / Kg)",
Future Farm Carne picada Mince Plant Based embalagem 250 g,Future Farm,,"4,99 €","(19,96 € / Kg)",
Justino's Vinho da Madeira Seco 3 Anos garrafa 75 cl,Justino's,,"9,99 €","(13,32 € / Litro)",
Raid Ganchos Perfumados de Lavanda embalagem 2 unidades,Raid,,"4,19 €","(1,04 € / Unidade)","4,19 €"
Vinho Branco do Dão Reserva garrafa 75 cl,,,"19,90 €","(26,53 € / Litro)",
Mascarpone sem Lactose embalagem 250 g,,,"3,69 €","(14,76 € / Kg)",
Celeiro da Terra Biscoitos de Nata embalagem 250 g,Celeiro da Terra,,"3,25 €",(13 € / Kg),
Castelo do Sulco Vinho Tinto de Lisboa Reserva garrafa 500 cl,Castelo do Sulco,,"66,50 €","(13,30 € / Litro)",
Buitoni Forno di Pietra Pizza 4 Estações embalagem 355 g,Buitoni Forno di Pietra,,"4,25 €","(11,97 € / Kg)",
Cem Porcento Bolachas Marinheiras sem Sal e sem Adição de Açúcar embalagem 200 g,Cem Porcento,,"2,89 €","(14,45 € / Kg)",
El Pastor Queijo de Vaca em Rolo 140 g,El Pastor,,"1,59 €","(11,36 € / Kg)",
Delta Café Solúvel frasco 200 g,Delta,,"4,79 €","(23,95 € / Kg)",
SHIKRA'N Ovas de Mujjol + Sucedâneo + Salmão Pack 3x25g frasco 75 g,SHIKRA'N,,"6,99 €","(93,20 € / Kg)",
Lay's Batatas Fritas Gourmet com sabor a Lombo de Novilho Braseado com Cebola Caramelizada embalagem 150 g,Lay's,,"2,29 €","(15,27 € / Kg)",
Oreo Bolachas com Recheio Framboesa e Baunilha Remix embalagem 157 g,Oreo,,"1,49 €","(9,49 € / Kg)",
Coren Mimos Lombinhos Frango do Campo Peso Aproximado por 350 g,Coren Mimos,,"4,88 €","(13,95 € / Kg)",
Lindt Excellence Chocolate Preto com Sal embalagem 100 g,Lindt Excellence,,"2,79 €","(27,90 € / Kg)",
Affective Advanced Fraldas para Adulto com Incontinência Tamanho Grande embalagem 20 unidades,Affective Advanced,,"12,85 €","(0,64 € / Unidade)",
Original Vinho Tinto Syrah sem Álcool garrafa 75 cl,Original,,"4,99 €","(6,65 € / Litro)",
Carte D'Or Gelado de Tiramisu embalagem 900 ml,Carte D'Or,,"5,49 €","(6,10 € / Litro)",
La Española Azeitonas Pretas sem Caroço lata 300 g,La Española,,"2,45 €","(8,17 € / Kg)",
Old El Paso Tortilhas sem Glúten embalagem 216 g,Old El Paso,,"3,47 €","(16,06 € / Kg)",
Cantinho das Aromáticas Infusão de Limão Biológica embalagem 15 g,Cantinho das Aromáticas,,"4,55 €","(303,33 € / Kg)",
Danet Creme de Chocolate Pack 4 embalagem 125 g,Danet,,"1,99 €","(3,98 € / Kg)",
Johnson's Gel de Banho Bons Sonhos embalagem 500 ml,Johnson's,,"3,89 €","(7,78 € / Litro)",
Granja Amareleja Vinho Tinto do Alentejo Vinhas Velhas garrafa 75 cl,Granja Amareleja,,"13,49 €","(17,99 € / Litro)",
"Herdade da Ajuda Vinho Tinto Regional Alentejano Reserva Magnum garrafa 1,5 L",Herdade da Ajuda,,"36,50 €","(24,33 € / Litro)",
Quinta dos Açores Gelado de Lima e Gengibre embalagem 2000 ml,Quinta dos Açores,,"15,49 €","(7,74 € / Litro)",
Delicass Coxas de Pato em Confit 2 Unidades unidade 600 g,Delicass,,"18,99 €","(31,65 € / Kg)",
El Corte Inglés Esfregão com Esponja Salva-Unhas Vitrocerâmicas embalagem 3 unidades,El Corte Inglés,,"0,79 €","(0,26 € / Unidade)",
Gillette Sensor 3 Lâminas Descartáveis embalagem 8 unidades,Gillette Sensor 3,,"11,99 €","(1,50 € / Unidade)",
Milka Moments Mix de Chocolates embalagem 97 g,Milka Moments,,"3,19 €","(32,89 € / Kg)",
Tangente Vinho Branco do Alentejo garrafa 75 cl,Tangente,,"8,99 €","(11,99 € / Litro)",
Capitão Iglo Nuggets de Peito de Frango com Queijo 10 Unidades embalagem 208 g,Capitão Iglo,,"5,99 €","(28,80 € / Kg)",
Go Chill Bebida de Café Double Espresso embalagem 230 ml,Go Chill,,"1,69 €","(7,35 € / Litro)",
Corine de Farme Toalhitas de Rosto com Óleo de Amêndoas Doces embalagem 25 unidades,Corine de Farme,,"2,29 €","(0,09 € / Unidade)",
+ Cru Tâmaras Deglet Noor Biológicas embalagem 200 g,+ Cru,,"4,09 €","(20,45 € / Kg)",
Pantene Caracóis Perfeitos Champô e Amaciador 3 em 1 para Caracóis Definidos embalagem 300 ml,Pantene Caracóis Perfeitos,,"4,99 €","(12,47 € / Litro)","4,99 €"
Nestlé Bolacha de Leite Passatempo embalagem 150 g,Nestlé,,"1,55 €","(10,33 € / Kg)",
Carte D'Or Gelado de Baunilha embalagem 1 L,Carte D'Or,,"4,49 €","(4,49 € / Litro)",
Próvida Amendoins Tostados com Pele Biológico embalagem 200 g,Próvida,,"2,99 €","(14,95 € / Kg)",
Ritter Sport Bombom Sortido Mini Cubos de Chocolate Iogurte Love embalagem 176 g,Ritter Sport,,"6,60 €","(37,50 € / Kg)",
Vitamont Sumo de Uva Biológico embalagem 20 cl,Vitamont,,"1,49 €","(7,45 € / Litro)",
Rexona Invisible Diamond Desodorizante Roll-On embalagem 50 ml,Rexona Invisible Diamond,,"4,49 €","(89,80 € / Litro)",
La Molisana Gnocchi de Batata embalagem 500 g,La Molisana,,"2,59 €","(5,18 € / Kg)",
Granja São Francisco Mel Granja com Dosificador embalagem 500 g,Granja São Francisco,,"5,99 €","(11,98 € / Kg)",
Nobre Moelas lata 420 g,Nobre,,"3,89 €","(9,26 € / Kg)",
Margem Óleo de Cedro 200 ml,Margem,,"2,75 €","(13,75 € / Litro)",
Babaria Serum Antioxidante Skinage embalagem 30 ml,Babaria,,"8,49 €",(283 € / Litro),
Guloso Molho de Pizza O Pizzaiollo embalagem 440 g,Guloso,,"3,65 €","(8,30 € / Kg)",
Fiorentini Snack de Milho sem Glúten Biológico embalagem 20 g,Fiorentini,,"1,15 €","(57,50 € / Kg)",
El Corte Inglés Grão de Bico Branco embalagem 1 kg,El Corte Inglés,,"2,89 €","(2,89 € / Kg)",
Vinho Rosé de Setúbal garrafa 75 cl,,,"4,99 €","(6,65 € / Litro)",
Pescarias do Algarve Paté de Cavala Pack 4 embalagem 88 g,Pescarias do Algarve,,"1,69 €","(76,82 € / Kg)",
Vinha Paz Vinho Tinto do Dão Reserva garrafa 75 cl,Vinha Paz,,"19,49 €","(25,99 € / Litro)",
Villars Chocolate Preto com Laranja embalagem 100 g,Villars,,"2,99 €","(29,90 € / Kg)",
Terrazza Mediterranean Risotto de Cogumelos embalagem 175 g,Terrazza Mediterranean,,"2,75 €","(15,71 € / Kg)",
Lugrade Bacalhau sem Espinhas Cubos do Lombo embalagem 600 g,Lugrade,,"28,99 €","(48,32 € / Kg)",
Paiva Queijo Amanteigado unidade 480 g,Paiva,,"7,19 €","(14,98 € / Kg)",
Outeiros Altos Vinho Tinto do Alentejo Biológico garrafa 75 cl,Outeiros Altos,,"9,45 €","(12,60 € / Litro)",
Borgo Molino Espumante Prosecco Bruto garrafa 75 cl,Borgo Molino,,"9,99 €","(13,32 € / Litro)",
Aliada Doce de Ameixa Light frasco 330 g,Aliada,,"2,49 €","(7,55 € / Kg)",
Salutem Flocos de Cevada Integral Tostados embalagem 250 g,Salutem,,"1,79 €","(7,16 € / Kg)",
Dione Gelado Starligh Heart pack 3 80 ml,Dione,,"5,99 €","(24,96 € / Litro)",
Aga Vaselina Labial Natural embalagem 16 g,Aga,,"2,29 €","(143,12 € / Kg)",
Padaria da Arrifana Broas de Noz embalagem 300 g,Padaria da Arrifana,,"2,29 €","(7,63 € / Kg)",
O Gelado Gelado de Lima 15% com Leite de Coco Vegan embalagem 460 ml,O Gelado,,"7,85 €","(17,07 € / Litro)",
Starbucks Latte Macchiato para Dolce Gusto embalagem 12 cápsulas,Starbucks,,"5,49 €","(0,46 € / Unidade)",
Bio Inside Ervilhas Ultracongeladas Biológicas embalagem 300 g,Bio Inside,,"1,90 €","(6,33 € / Kg)",
La Cueva del Abuelo Queijo Manchego 12 Meses Peso Aproximado 3 kg,La Cueva del Abuelo,,"30,39 €/kg",,
El Corte Inglés Selection Mel de Flores Cremoso frasco 450 g,El Corte Inglés Selection,,"3,85 €","(8,56 € / Kg)",
Nivea Invisible Desodorizante Black & White Silky Smooth Roll-On embalagem 50 ml,Nivea Invisible,,"4,49 €","(89,80 € / Litro)",
Poveira Atum Posta ao Natural Pack 3 lata 120 g,Poveira,,"3,38 €","(9,39 € / Kg)",
Ariel Actilift Detergente para a Máquina da Roupa Líquido embalagem 45 doses,Ariel Actilift,,"19,65 €","(0,44 € / Dose)",
Erdinger Cerveja da Alemanha Oktoberfest garrafa 50 cl,Erdinger,,"3,49 €","(6,98 € / Litro)",
Tyrrell's Batatas Fritas Doces com Sal Marinho embalagem 125 g,Tyrrell's,,"3,29 €","(26,32 € / Kg)",
Glade Ambientador Aerosol de Baunilha embalagem 300 ml,Glade,,"2,59 €","(8,63 € / Litro)",
Juvamine Cellislim Infusão Trânsito Intestinal Aroma a Limão embalagem 20 unidades,Juvamine Cellislim,,"4,59 €","(0,23 € / Unidade)",
Joya Bebida de Arroz e Coco Vegan sem Glúten Biológica Pack 3 embalagem 200 ml,Joya,,"2,49 €","(12,45 € / Litro)",
Villar Presunto Serrano unidade 100 g,Villar,,"3,89 €","(38,90 € / Kg)",
Portada Vinho Branco de Lisboa Reserva garrafa 75 cl,Portada,,"4,25 €","(5,67 € / Litro)",
King C. Gillette Gel Bálsamo Hidratante embalagem 1 unidade,King C. Gillette,,"15,99 €","(15,99 € / Unidade)",
Twix Chocolate Pack 3 embalagem 50 g,Twix,,"1,79 €","(35,80 € / Kg)",
Espetada de Salmão e Abacaxi,,,"16,99 €/kg",,
Cem Porcento Argolinhas de Milho e Mel sem Glúten embalagem 250 g,Cem Porcento,,"3,49 €","(13,96 € / Kg)",
Bonduelle Macedónia de Legumes Pack 3 embalagem 200 g,Bonduelle,,"3,74 €","(18,70 € / Kg)",
Familia Hehn Espumante Bruto Reserva Távora Varosa garrafa 75 cl,Familia Hehn,,"12,90 €","(17,20 € / Litro)",
"Landana Queijo Gouda com 3 Pimentas Peso Aproximado 4,5 kg",Landana,,"19,25 €/kg",,
Baxters Beterraba Bebé frasco 340 g,Baxters,,"3,89 €","(11,44 € / Kg)",
Canderel Chocolate de Amêndoas e Cereais embalagem 27 g,Canderel,,"0,99 €","(36,67 € / Kg)",
"Maçarico Tremoços com Azeite Virgem Extra, Alho e Oregãos embalagem 155 g",Maçarico,,"1,59 €","(10,26 € / Kg)",
Casa do Aido Ovos Frescos de Cordoniz embalagem 12 unidades,Casa do Aido,,"2,45 €","(0,20 € / Unidade)",
Glade Ambientador Eléctrico Cidra embalagem 20 ml,Glade,,"9,99 €","(499,50 € / Litro)",
Estufar de Novilho Primeiro Preço Peso Aproximado 450 g,,,"7,95 €/kg",,
Paulo Coutinho Vinho Branco do Douro garrafa 75 cl,Paulo Coutinho,,"39,50 €","(52,67 € / Litro)",
Cadbury Dairy Milk Chocolate com Frutos e Avelãs embalagem 45 g,Cadbury Dairy Milk,,"1,19 €","(26,44 € / Kg)",
Carte D'Or Gelado de Chocolate e Avelãs embalagem 1 L,Carte D'Or,,"4,49 €","(4,49 € / Litro)",
Pão Crocante de Abóbora e Queijo embalagem 180 g,,,"2,69 €","(14,94 € / Kg)",
Persil Power Caps Detergente para Máquina de Roupa Universal embalagem 52 doses,Persil Power Caps,,"27,49 €","(0,53 € / Dose)",
Vileda Mopa para o Banho com Cabo Extensível embalagem 1 unidade,Vileda,,"17,29 €","(17,29 € / Unidade)",
Original Vinho Branco de Mesa sem Álcool garrafa 75 cl,Original,,"4,99 €","(6,65 € / Litro)",
Vahiné Velas de Aniversário Adulto embalagem 27 g,Vahiné,,"3,29 €","(121,85 € / Kg)",
Frutidry Figo Pingo Mel com Farinha embalagem 300 g,Frutidry,,"2,49 €","(6,63 € / Kg)","2,49 €"
Gresso Queijo Mozzarella Chef,Gresso,,"9,34 €/kg",,
Cistér Pêssego Metades em Calda lata 840 g,Cistér,,"3,29 €","(3,92 € / Kg)",
Fermento Torta de Laranja embalagem 750 g,Fermento,,"14,95 €",(23 € / Kg),
La Balinesa Salmão Fumado Lombitos embalagem 88 g,La Balinesa,,"8,69 €","(98,75 € / Kg)",
Damatta Sabor Português Chouriço Picante embalagem 160 g,Damatta Sabor Português,,"2,85 €","(17,81 € / Kg)",
Dez Tostões Vinho Rosé do Alentejo garrafa 75 cl,Dez Tostões,,"7,69 €","(10,25 € / Litro)",
Isola Bio Sumo de Pêra sem Glúten Biológico Pack 3 embalagem 200 ml,Isola Bio,,"3,75 €","(18,75 € / Litro)",
Oral B Pasta dos Dentes Sensitive Pro Expert embalagem 75 ml,Oral B,,"3,99 €","(53,20 € / Litro)",
Bacana Sangria Tinta garrafa 75 cl,Bacana,,"7,49 €","(9,99 € / Litro)",
Santa Catarina Filete de Atum com Tomilho lata 120 g,Santa Catarina,,"3,09 €","(22,92 € / Kg)","3,09 €"
Babaria Fluído Facial Reparador Hidratante embalagem 50 ml,Babaria,,"6,99 €","(139,80 € / Litro)",
Hawkins & Brimble Óleo para Barba embalagem 50 ml,Hawkins & Brimble,,"14,39 €","(287,80 € / Litro)",
Vale D.Maria Vinho Branco do Douro Superior garrafa 75 cl,Vale D.Maria,,"6,99 €","(9,32 € / Litro)",
Entre II Santos Vinho Branco da Bairrada garrafa 75 cl,Entre II Santos,,"6,95 €","(9,27 € / Litro)",
DS Croissants de Massa Folhada sem Glúten embalagem 220 g,DS,,"5,24 €","(23,82 € / Kg)",
Próvida Farinha de Espelta Integral Biológica embalagem 500 g,Próvida,,"2,19 €","(4,38 € / Kg)",
Serqueijos Queijo de Vaca e Ovelha Serras de Penela Aperitivo unidade 180 g,Serqueijos,,"2,59 €","(14,39 € / Kg)",
Spontex Frotamax Esfregão Fibra com Esponja Salva-Unhas Não Risca 1 unidade,Spontex Frotamax,,"1,75 €","(1,75 € / Unidade)",
Elpozo Fiambre em Fatias sem Glúten embalagem 150 g,Elpozo,,"1,99 €","(0,01 € / Kg)",
Loua Adesivos para Pontos Negros Carvão Vegetal embalagem 1 unidade,Loua,,"4,09 €","(4,09 € / Unidade)",
Herdade das Servas Vinho Tinto do Alentejo Colheita Seleccionada 2018 garrafa 75 cl,Herdade das Servas,,"9,25 €","(12,33 € / Litro)",
Weetabix Cereais Proteína Crunch embalagem 450 g,Weetabix,,"4,29 €","(9,53 € / Kg)",
"Cabeça de Toiro Vinho Tinto do Tejo Reserva Magnum garrafa 1,5 L",Cabeça de Toiro,,"14,99 €","(9,99 € / Litro)",
"Wiloco Chocolate Preto Praliné Vegan sem Glúten, sem Lactose Biológico embalagem 90 g",Wiloco,,"3,99 €","(44,33 € / Kg)",
Elpozo 1954 Peito de Peru Braseado sem Lactose e sem Glúten embalagem 120 g,Elpozo 1954,,"2,99 €","(24,92 € / Kg)",
Dodot Activity Fraldas 7 a 11 kg Tamanho 3 Extra embalagem 60 unidades,Dodot Activity,,"20,49 €","(0,34 € / Unidade)",
Le Rustique Queijo da Suiça Raclette em Fatias sem Glúten embalagem 400 g,Le Rustique,,"7,39 €","(18,48 € / Kg)",
Teeling Whisky Irlandês Small garrafa 70 cl,Teeling,,"32,50 €","(46,43 € / Litro)",
Pousio Vinho Rosé do Alentejo Selection garrafa 75 cl,Pousio,,"6,25 €","(8,33 € / Litro)",
Nordés Gin garrafa 70 cl,Nordés,,"34,25 €","(48,93 € / Litro)",
Lindt Bombom Lindor Straciatella embalagem 3 kg,Lindt,,111 €,(37 € / Kg),
Maybelline Color Sensational Lápis de Lábios Nº 90 Brick Red embalagem 1 unidade,Maybelline Color Sensational,,"4,99 €","(4,99 € / Unidade)",
Seeberger Amendoins Torrados com Sésamo embalagem 150 g,Seeberger,,"2,19 €","(14,60 € / Kg)",
Nivea Invisible Desodorizante Active Black&White Spray embalagem 150 ml,Nivea Invisible,,"4,69 €","(31,27 € / Litro)",
Nova Classe Colheres de Madeira embalagem 12 unidades,Nova Classe,,"2,05 €","(0,17 € / Unidade)",
"Frutis Refrigerante de Laranja e Maracujá sem Gás garrafa 1,5 L",Frutis,,"2,09 €","(1,39 € / Litro)",
Milaneza Massa Espirais Molde de Bronze embalagem 500 g,Milaneza,,"1,85 €","(3,70 € / Kg)",
Pantene Miracles Máscara Capilar Forte de Keratina com Bambu embalagem 160 ml,Pantene Miracles,,"6,59 €","(41,19 € / Litro)",
Fruut Cubos de Manga embalagem 30 g,Fruut,,"1,29 €",(43 € / Kg),
El Corte Inglés Bolachas Redondinhos de Chocolate Branco embalagem 150 g,El Corte Inglés,,"0,79 €","(5,27 € / Kg)",
Gravuras do Côa Vinho Branco do Douro Reserva garrafa 75 cl,Gravuras do Côa,,"6,09 €","(8,12 € / Litro)",
Delirium Cerveja Tresmens barril 5 L,Delirium,,"42,95 €","(8,59 € / Litro)",
Andechser Queijo Ralado Biológico embalagem 150 g,Andechser,,"3,99 €","(26,60 € / Kg)",
Blue Dragon Noodles com Ovo embalagem 300 g,Blue Dragon,,"3,35 €","(11,17 € / Kg)",
Origens Farinha de Coco Biológica embalagem 250 g,Origens,,"1,99 €","(7,96 € / Kg)",
Dona Pimentinha Pimenta Moída frasco 370 g,Dona Pimentinha,,"2,30 €","(6,22 € / Kg)",
Esporão Vinho Branco do Alentejo Reserva Biológico garrafa 75 cl,Esporão,,"16,99 €","(22,65 € / Litro)",
Serra de Portel Mel com Favo frasco 500 g,Serra de Portel,,"5,79 €","(12,06 € / Kg)",
Dr.Organic Protector de Unhas Melaleuca Biológico embalagem 10 ml,Dr.Organic,,"7,34 €",(734 € / Litro),
Compal Clássico Néctar de Tutti Frutti embalagem 1 L,Compal Clássico,,"0,99 €","(0,99 € / Litro)",
Vieira Bolachas Wafer de Cacau -40% Açúcares embalagem 100 g,Vieira,,"1,55 €","(15,50 € / Kg)",
Vahiné Rolinhos Arco-Íris frasco 71 g,Vahiné,,"1,79 €","(16,76 € / Kg)","1,79 €"
Garcia Pão de Forma sem Lactose sem Glúten Congelado embalagem 500 g,Garcia,,"4,39 €","(8,78 € / Kg)",
Vaseline Gel de Banho Aloe Sensitive embalagem 700 ml,Vaseline,,"5,99 €","(8,56 € / Litro)",
Luzia Sabonete Líquido para as Mãos embalagem 500 ml,Luzia,,"1,19 €","(2,38 € / Litro)",
Nobre Salada de Polvo com Grão lata 420 g,Nobre,,"4,79 €","(11,40 € / Kg)",
Heinz Ketchup 50% Menos Açúcares embalagem 555 g,Heinz,,"4,29 €","(7,73 € / Kg)",
Kl Protein Proteína Vegetal de Soja Texturizada Vegan embalagem 300 g,Kl Protein,,"1,99 €","(6,63 € / Kg)",
Celeiro de Cistér Feijão Preto embalagem 500 g,Celeiro de Cistér,,"1,09 €","(2,18 € / Kg)",
La Balinesa Salmão Fumado Escocês embalagem 100 g,La Balinesa,,"9,19 €","(91,90 € / Kg)",
El Corte Inglés Café Descafeinado embalagem 10 cápsulas,El Corte Inglés,,"1,89 €","(36,35 € / Kg)",
London Hill Gin Dry garrafa 70 cl,London Hill,,"14,95 €","(21,36 € / Litro)",
Herdade do Rocim Vinho Branco do Alentejo Amphora garrafa 75 cl,Herdade do Rocim,,"13,99 €","(18,65 € / Litro)",
Bonduelle Milho Doce Pack 3 embalagem 150 g,Bonduelle,,"3,74 €","(24,93 € / Kg)",
Campofrio Forno de Lenha Peito de Peru Assado sem Glúten,Campofrio Forno de Lenha,,"19,49 €/kg",,
Bellapelle Limpa Couros 250 ml,Bellapelle,,"6,99 €","(27,96 € / Litro)",
Pantene Purificante Champô para Todo o Tipo de Cabelo embalagem 360 ml,Pantene Purificante,,"4,99 €","(13,86 € / Litro)",
"Vileda Turbo Balde com Pedal, Escorredor e Esfregona com Cabo",Vileda Turbo,,"49,99 €","(49,99 € / Unidade)",
Globo Gelatina em Pó embalagem 70 g,Globo,,"1,89 €",(27 € / Kg),
Malhadinha Vinho Tinto do Alentejo garrafa 75 cl,Malhadinha,,"41,90 €","(55,87 € / Litro)",
Camélia Yanagicha Biológico embalagem 100 g,Camélia,,"9,49 €","(94,90 € / Kg)",
"Alento Vinho Tinto do Alentejo Monte Branco Magnum garrafa 1,5 L",Alento,,"15,99 €","(10,66 € / Litro)",
Colgate Max Fresh Escova de Dentes Média Leve 2 Pague 1 embalagem 2 unidades,Colgate Max Fresh,,"3,99 €",(2 € / Unidade),
Ribeira Lulas em Molho Americano sem Glúten lata 111 g,Ribeira,,"1,69 €","(15,23 € / Kg)",
Bauducco Tostas Tradicional embalagem 284 g,Bauducco,,"2,09 €","(7,36 € / Kg)",
Valformoso Queijo Fresco para Barrar com Ervas e Alho embalagem 200 g,Valformoso,,"1,45 €","(7,25 € / Kg)",
Vitacress Salada de Agrião de Água embalagem 125 g,Vitacress,,"1,99 €","(15,92 € / Kg)",
Gillette Recarga embalagem 9 unidades,Gillette,,"39,99 €","(4,44 € / Unidade)",
As 3 Bruxas Detergente para Pavimentos Madeiras Concentrado 1 L,As 3 Bruxas,,"3,95 €","(3,95 € / Litro)",
Margão Mistura de Ervas Italianas frasco 11 g,Margão,,"2,29 €","(208,18 € / Kg)",
Parmareggio Queijo Parmigiano Reggiano 30 Meses,Parmareggio,,"37,99 €/kg",,
Mimosa Leite Proteína Uht Magro embalagem 1 L,Mimosa,,"2,39 €","(2,39 € / Litro)",
Mimosa Magro Aroma Iogurte Líquido de Frutos Tropicais Pack 6 unidades embalagem 151 ml,Mimosa Magro Aroma,,"2,79 €","(18,48 € / Litro)",
Zacapa Rum 23 Anos garrafa 70 cl,Zacapa,,"67,99 €","(97,13 € / Litro)",
Rocca delle Macìe Vinho Tinto de Itália Chianti Vernaiolo garrafa 75 cl,Rocca delle Macìe,,"7,49 €","(9,99 € / Litro)",
Comfort Amaciador de Roupa Concentrado Creations Leite de Coco e Óleo de Argão embalagem 80 doses,Comfort,,"9,99 €","(0,12 € / Dose)",
Pescanova Camarão Vanname 8/16 Gigante embalagem 800 g,Pescanova,,"26,99 €","(33,74 € / Kg)",
Domestos Lixívia Regular 2000 ml,Domestos,,"3,49 €","(1,74 € / Litro)",
Agua Brava Colónia Masculina embalagem 100 ml,Agua Brava,,"26,99 €","(269,90 € / Litro)",
El Corte Inglés Torrão de Praliné com Rum e Passas sem Glúten embalagem 250 g,El Corte Inglés,,"3,15 €","(15,75 € / Kg)",
Bollycao Bolos Recheados com Chocolate 4 Unidades embalagem 228 g,Bollycao,,"3,29 €","(14,43 € / Kg)",
Hansaplast Pensos Universal Resistente à Água embalagem 10 unidades,Hansaplast,,"1,49 €","(0,15 € / Unidade)",
Xau Limpa Máquinas de Roupa Frescura de Limão embalagem 250 ml,Xau,,"7,99 €","(15,96 € / Litro)","7,99 €"
Caçarola Arroz Basmati embalagem 1 kg,Caçarola,,"3,15 €","(3,15 € / Kg)",
Cimarrom Passas de Uva Preta sem Grainha embalagem 150 g,Cimarrom,,"1,45 €","(9,67 € / Kg)",
Pastoret Iogurte Artesanal Natural embalagem 500 g,Pastoret,,"2,55 €","(5,10 € / Kg)",
Cem Porcento Tisana Bagas de Zimbro embalagem 40 g,Cem Porcento,,"1,49 €","(37,25 € / Kg)",
Oikos Gelado Caramelo Salgado embalagem 500 ml,Oikos,,"6,99 €","(11,98 € / Litro)","6,99 €"
Nutribén Papa 8 Cereais e Mel Lactea embalagem 250 g,Nutribén,,"3,19 €","(12,76 € / Kg)",
Paço Teixeiró Vinho Verde Branco garrafa 75 cl,Paço Teixeiró,,"7,99 €","(10,65 € / Litro)",
Cricket Firepower 1 unidade,Cricket,,"5,15 €","(5,15 € / Unidade)",
Patak's Aperitivo Pappadum embalagem 100 g,Patak's,,"3,99 €","(39,90 € / Kg)",
Mar Ibérica Cubos de Tamboril embalagem 250 g,Mar Ibérica,,"3,99 €","(13,56 € / Kg)","3,99 €"
Lindt Lindor Bombons Recheados com Chocolate Extra Preto embalagem 200 g,Lindt Lindor,,"6,39 €","(31,95 € / Kg)",
Musa Cerveja Artesanal Frank Apa garrafa 33 cl,Musa,,"2,79 €","(8,45 € / Litro)",
Maminha de Novilho Reino Unido Peso Aproximado 700 g,,,"14,95 €/kg",,"14,95 €/kg"
Veckia Creme Redutor tubo 200 ml,Veckia,,"5,75 €","(2,88 € / 10 ml.)",
Bife de Novilho Vazia Peso Aproximado 200 g,,,"18,95 €/kg",,
Gillette Fusion 5 Máquina de Barbear Power embalagem 1 unidade,Gillette Fusion 5,,"13,49 €","(13,49 € / Unidade)",
Amphora Cerveja Artesanal Nemesis Special Ale garrafa 33 cl,Amphora,,"3,59 €","(10,88 € / Litro)",
"Somersby Sidra Mini Pera 0,0% pack 6x20 cl embalagem 20 cl",Somersby,,"4,59 €","(3,82 € / Litro)",
Jean Louis David BAMBU PINCEL embalagem 1,Jean Louis David,,"8,77 €","(8,77 € / Unidade)",
Canderel Adoçante Recarga embalagem 300 unidades,Canderel,,"5,29 €","(0,02 € / Unidade)",
Lindt Bombons Lindor Vintage lata 225 g,Lindt,,"11,99 €","(53,29 € / Kg)",
El Corte Inglés Bio Kéfir de Cabra Biológico frasco 420 g,El Corte Inglés Bio,,"3,09 €","(7,36 € / Kg)",
Zambudio Mini Maçarocas de Milho,Zambudio,,"14,99 €/kg",,
Lien Ying Molho para Wok de Ananás e Caril frasco 240 ml,Lien Ying,,"4,40 €","(1,83 € / 10 ml.)",
Nacional Lasanha Pré Cozida embalagem 400 g,Nacional,,"1,89 €","(4,72 € / Kg)",
Cachet Bengala de Chocolate de Leite e Avelã embalagem 100 g,Cachet,,"7,49 €","(74,90 € / Kg)",
Pringles Aperitivos de Natas e Cebola embalagem 40 g,Pringles,,"1,29 €","(32,25 € / Kg)",
Interdoces Gomas Ursos Brilho embalagem 90 g,Interdoces,,"1,19 €","(13,22 € / Kg)",
5 Jotas Presunto Ibérico de Jabugo Peso Aproximado por peça 7 kg,5 Jotas,,"112,00 €/kg",,
"Knorr 1,2,3..Sabor Bolonhesa embalagem 38 g","Knorr 1,2,3..Sabor",,"1,55 €","(40,79 € / Kg)",
Aipo 100% Titular embalagem 500 g,,,"1,49 €","(2,98 € / Kg)",
Ocho Tequila Reposado garrafa 50 cl,Ocho,,"58,30 €","(116,60 € / Litro)",
Falua Vinho Tinto Regional do Tejo garrafa 75 cl,Falua,,"5,99 €","(7,99 € / Litro)",
El Corte Inglés Vinagre Bâlsamico Envelhicido de Modena garrafa 250 ml,El Corte Inglés,,"3,99 €","(15,96 € / Litro)",
"Organique Batatas de Cenoura, Beterraba e Bróculos sem Glúten Biológicas embalagem 25 g",Organique,,"1,09 €","(43,60 € / Kg)",
Mabiju Palmito embalagem 400 g,Mabiju,,"4,99 €","(12,48 € / Kg)",
Stubb`s Molho Bar-B-Q Dr. Pepper frasco 510 ml,Stubb`s,,"5,99 €","(11,75 € / Litro)",
Ox Nature Spirulina em Pó embalagem 125 g,Ox Nature,,"10,95 €","(87,60 € / Kg)",
Veggie Lovers Nuggets de Frango Vegan embalagem 640 g,Veggie Lovers,,"8,79 €","(13,73 € / Kg)",
Codyfer Graxa de Cavalo para Calçado Desportivo em Pele 100 ml,Codyfer,,"4,75 €","(47,50 € / Litro)",
Chupa Chups Chupa Chupa Flavour Playlist XXL embalagem 147 g,Chupa Chups,,"2,99 €","(20,34 € / Kg)",
Merci Chocolate de Leite embalagem 100 g,Merci,,"2,59 €","(25,90 € / Kg)",
Duvel Cerveja da Bélgica Tripel Hop Cashmere garrafa 33 cl,Duvel,,"4,35 €","(13,18 € / Litro)",
Galbani Queijo Mozzarella sem Lactose embalagem 100 g,Galbani,,"1,95 €","(19,50 € / Kg)",
Moo Free Coelho de Chocolate sem Glúten Biológico unidade 32 g,Moo Free,,"1,79 €","(55,94 € / Kg)",
Beirabaga Doce de Framboesa com Mel frasco 270 g,Beirabaga,,"4,35 €","(16,11 € / Kg)",
Casal Sta Maria Vinho Tinto Regional de Lisboa Reserva garrafa 75 cl,Casal Sta Maria,,"9,99 €","(13,32 € / Litro)",
Herbal Essences Bio-Renew Champô Aloe Vera + Manga Protecção de Cor e Brilho embalagem 380 ml,Herbal Essences Bio-Renew,,"4,99 €",(3.740 € / Litro),"4,99 €"
King C. Gillette Gel de Barbear Transparente embalagem 150 ml,King C. Gillette,,"9,99 €","(49,93 € / Litro)","9,99 €"
Morgadio da Torre Vinho Verde Alvarinho Branco garrafa 75 cl,Morgadio da Torre,,"8,99 €","(11,99 € / Litro)",
Baguete unidade 250 g,,,"0,59 €","(2,36 € / Kg)",
Colmans Mostarda Original frasco 100 g,Colmans,,"2,79 €","(27,90 € / Kg)",
El Corte Inglés Ameixas Secas sem Caroço embalagem 195 g,El Corte Inglés,,"1,74 €","(8,92 € / Kg)",
Salutem Bolachas Marinhas Integrais sem Açúcar embalagem 200 g,Salutem,,"2,29 €","(11,45 € / Kg)",
El Corte Inglés Tarte de Whisky embalagem 1 L,El Corte Inglés,,"2,99 €","(2,99 € / Litro)",
Schneider Weisse Cerveja da Alemanha Tap 7 garrafa 50 cl,Schneider Weisse,,"4,19 €","(8,38 € / Litro)",
Salutem Bolachas Marinhas com Linhaça sem Açúcar embalagem 200 g,Salutem,,"2,29 €","(11,45 € / Kg)",
Mozart Licor Dark garrafa 50 cl,Mozart,,"15,99 €","(31,98 € / Litro)",
Erdinger Cerveja da Alemanha Pikantus garrafa 50 cl,Erdinger,,"4,59 €","(9,18 € / Litro)",
"Arieiro Água com Gás garrafa 1,5 L",Arieiro,,"1,19 €","(0,79 € / Litro)",
Gliss Hair Repair Spray Condicionador Longo e Sublime para Cabelos Compridos embalagem 200 ml,Gliss Hair Repair,,"7,59 €","(37,95 € / Litro)",
Danzka Vodka Citron garrafa 70 cl,Danzka,,"14,99 €","(21,41 € / Litro)",
Casa Matias Queijo de Cabra Cura Superior unidade 400 g,Casa Matias,,"11,29 €","(28,22 € / Kg)",
Wilkinson Sword Extra 2 Sensitive Máquinas Descartáveis Pack 5 + 2 Grátis embalagem 7 unidades,Wilkinson Sword Extra 2 Sensitive,,"4,49 €","(0,90 € / Unidade)",
Poveira Atum Posta ao Natural lata 120 g,Poveira,,"1,79 €","(14,92 € / Kg)",
Nobre Hot Dog Salsichas 8 Unidades frasco 420 g,Nobre Hot Dog,,"4,35 €","(10,36 € / Kg)",
Donettes Donettes Bolo Rayados 6 Unidades embalagem 126 g,Donettes,,"1,99 €","(15,79 € / Kg)",
João Pires Vinho Rosé Regional de Setúbal garrafa 75 cl,João Pires,,"4,75 €","(6,33 € / Litro)",
Huercasa Milho Doce Cozido 2 unidades embalagem 500 g,Huercasa,,"1,99 €","(3,98 € / Kg)",
Fraga do Calvo Vinho Branco do Douro Reserva garrafa 75 cl,Fraga do Calvo,,"10,95 €","(14,60 € / Litro)",
Bísaro Entrecôte de Porco,Bísaro,,"6,73 €","(14,95 € / Kg)",
Magnum Mini Gelado Coockie Mania Pack 6 unidades embalagem 55 ml,Magnum Mini,,"5,99 €","(18,15 € / Litro)",
Queijo Brique ao peso 1 kg,,,"11,75 €/kg",,
Aptamil Leite para Lactantes 1 até aos 6 Meses embalagem 400 g,Aptamil,,"8,49 €","(21,22 € / Kg)",
Feel Natural Panos Desmaquilhantes Laváveis ??e Reutilizáveis embalagem 4 unidades,Feel Natural,,"9,99 €","(9,99 € / Unidade)",
Sabita Chutney Tamarindo Doce frasco 170 g,Sabita,,"4,10 €","(24,12 € / Kg)",
Espiga Sêmola de Trigo embalagem 250 g,Espiga,,"1,45 €","(5,80 € / Kg)",
Coslys Gel de Duche Verbena e Limão embalagem 1 L,Coslys,,"13,50 €","(13,50 € / Litro)",
Carlota Organic Estufado de Lentilhas com Quinoa frasco 425 g,Carlota Organic,,"4,35 €","(10,24 € / Kg)",
El Corte Inglés Laranja para Sumo embalagem 3 kg,El Corte Inglés,,"4,99 €","(1,66 € / Kg)",
Cif Toalhitas Desinfectantes Biodegradável embalagem 36 unidades,Cif,,"4,49 €","(0,12 € / Unidade)",
"Shoyce Bebida de Noz 0% Açúcares Adicionados, sem Lactose e sem Glúten embalagem 1 L",Shoyce,,"2,39 €","(2,39 € / Litro)",
El Corte Inglés Refrigerante Cola com Gás garrafa 2 L,El Corte Inglés,,"1,76 €",,
"Mercurochrome Penso Líquido embalagem 3,25 ml",Mercurochrome,,"8,60 €","(2.646,15 € / Litro)",
Naturefoods Castanha do Brasil Biológica embalagem 200 g,Naturefoods,,"4,79 €","(23,95 € / Kg)",
Mazzetti Vinagre Balsâmico de Modena garrafa 250 ml,Mazzetti,,"3,85 €","(15,40 € / Litro)",
Wilkinson Sword Hydro 5 Máquinas Descartáveis Carregador embalagem 4 unidades,Wilkinson Sword Hydro 5,,"19,85 €","(4,96 € / Unidade)",
Mackays Molho de Cebola Vermelha Caramelizada e Pimenta frasco 225 g,Mackays,,"4,09 €","(18,18 € / Kg)",
Nestlé Mix-In Iogurte de Morango Bicompartimentado com Kit Kat Pack 2 embalagem 115 g,Nestlé Mix-In,,"2,54 €","(9,09 € / Kg)","2,54 €"
Pantene Creme para Styling Caracóis Naturais embalagem 235 ml,Pantene,,"9,99 €","(31,87 € / Litro)","9,99 €"
Tulip Bacon Fumado em Fatias embalagem 150 g,Tulip,,"3,89 €","(25,93 € / Kg)",
Danone Activia Iogurte Natural Pack 4 embalagem 120 g,Danone Activia,,"2,49 €","(5,19 € / Kg)",
Ti Piedade Pão de Ló 2 Unidades embalagem 170 g,Ti Piedade,,"4,95 €","(29,12 € / Kg)",
Syoss Keratin Champô para Cabelo Encrespado e Seco embalagem 440 ml,Syoss Keratin,,"6,99 €","(15,89 € / Litro)",
Persil Power Caps Detergente para a Máquina da Roupa Color 4 em 1 Limpeza Ativa embalagem 56 cápsulas,Persil Power Caps,,"24,99 €","(0,45 € / Dose)",
Vinho Tinto garrafa 75 cl,,,"1,29 €","(1,72 € / Litro)",
Nova Açores Queijo Flamengo Light em Fatias embalagem 200 g,Nova Açores,,"2,25 €","(11,25 € / Kg)",
Domestos Bloco Sanitário Turquesa Tropical Duo Pack embalagem 106 g,Domestos,,"5,49 €","(51,79 € / Kg)",
Pagos D Anguix Vinho Tinto Ribera Del Duero Costalara garrafa 75 cl,Pagos D Anguix,,"22,90 €","(30,53 € / Litro)",
Casting Sunkiss Jelly Gel de Aclaração Progressivo Nº 02 embalagem 1 unidade,Casting Sunkiss Jelly,,"11,99 €","(11,99 € / Unidade)",
Juan Valdez Café Moído Cumbre embalagem 250 g,Juan Valdez,,"8,49 €","(33,96 € / Kg)",
Mount Hagen Café Solúvel Biológico embalagem 100 g,Mount Hagen,,"9,49 €","(94,90 € / Kg)",
Bife Acém Redondo de Novilho Carnalentejana DOP Peso Aproximado 200 g,,,"19,95 €/kg",,
Twinings Chá English Breakfast embalagem 25 unidades,Twinings,,"3,49 €","(0,14 € / Unidade)",
Jordans Granola Super Nutty embalagem 550 g,Jordans,,"9,25 €","(16,82 € / Kg)",
Canjinha peso aproximado por cuvete 1 kg,,,"6,49 €","(6,49 € / Kg)",
Martiko Salmão Nature da Noruega sem Açúcar embalagem 80 g,Martiko,,"6,29 €","(78,62 € / Kg)",
Jour de Soif Vinho Tinto de França Loire Bourgueil garrafa 75 cl,Jour de Soif,,"19,90 €","(26,53 € / Litro)",
"Nairn's Bolachas de Aveia, Mirtilo e Framboesa sem Glúten Pack 4 embalagem 160 g",Nairn's,,"2,25 €","(14,06 € / Kg)",
Periquita Vinho Tinto de Terras do Sado garrafa 75 cl,Periquita,,"4,99 €","(6,65 € / Litro)",
Monte da Ravasqueira Vinho Tinto do Alentejo Reserva da Família garrafa 75 cl,Monte da Ravasqueira,,"13,99 €","(18,65 € / Litro)",
El Corte Inglés Lenços Faciais Extra Suaves com Loção Suavizante embalagem 150 unidades,El Corte Inglés,,"1,35 €","(0,01 € / Unidade)",
Minerva Filetes de Atum Natural lata 120 g,Minerva,,"3,29 €","(27,42 € / Kg)",
Veckia Creme para os Pés Reparador de Gretas com Ureia embalagem 125 ml,Veckia,,"1,75 €","(1,40 € / 10 ml.)",
Dr. Oetker Pizza Ristorante de Bolonhesa embalagem 375 g,Dr. Oetker,,"4,99 €","(10,64 € / Kg)","4,99 €"
Cavacas das Caldas Bolos Raivas embalagem 300 g,Cavacas das Caldas,,"2,89 €","(9,63 € / Kg)",
Gullón Bolachas de Aveia com Laranja Vegetarianas sem Lactose sem Glúten embalagem 180 g,Gullón,,"2,49 €","(13,83 € / Kg)",
Landana Queijo Gouda com Pesto Verde,Landana,,"25,99 €/kg",,
El Corte Inglés Selection Gelado de Chocolate com Pedaços de Bolacha de Chocolate embalagem 500 ml,El Corte Inglés Selection,,"3,19 €","(6,38 € / Litro)",
Margão Segredos do Mundo Tempero México Ideal para Carnes e Legumes frasco 40 g,Margão Segredos do Mundo,,"2,89 €","(72,25 € / Kg)",
El Corte Inglés Bio Tortas de Trigo Espelta Biológicas embalagem 120 g,El Corte Inglés Bio,,"2,05 €","(17,08 € / Kg)",
Heidsieck Champanhe Monopole Blue Top But garrafa 75 cl,Heidsieck,,"30,50 €","(40,67 € / Litro)",
Le Conserve Della Nonna Molho de Manjericão Biológico embalagem 350 g,Le Conserve Della Nonna,,"3,85 €",(11 € / Kg),
Why Not Soda de Framboesa e Tomilho Biológica garrafa 330 ml,Why Not,,"1,95 €","(5,91 € / Litro)",
Super Bock Selecção 1927 Cerveja Artesanal Bengal Amber Ipa garrafa 33 cl,Super Bock Selecção 1927,,"1,59 €","(4,82 € / Litro)",
Beyra Vinho Tinto da Beira Interior Superior garrafa 75 cl,Beyra,,"14,90 €","(19,87 € / Litro)",
Sabita Molho Tikka Masala Picante frasco 200 ml,Sabita,,"4,10 €","(20,50 € / Litro)",
Vileda Glitzi Esfregão Power Inox embalagem 2 unidades,Vileda Glitzi,,"3,49 €","(1,74 € / Unidade)",
Castello D'Alba Vinho Tinto do Douro Vinhas Velhas garrafa 300 cl,Castello D'Alba,,"57,90 €","(19,30 € / Litro)",
Vileda Pá com Vassoura 2 em 1 1 unidade,Vileda,,"6,49 €","(6,49 € / Unidade)",
Herdade das Servas Vinho Branco do Alentejo Colheita Seleccionada garrafa 75 cl,Herdade das Servas,,"9,25 €","(12,33 € / Litro)",
Magnum Gelado de Amêndoas Pack 4 embalagem 110 ml,Magnum,,"4,99 €","(11,34 € / Litro)",
"Abóbora Manteiga Peso Aproximado por unidade unidade 1,3 kg",,,"1,89 €/kg",,
Excellence Creme Coloração Nº 10 Louro Claríssimo embalagem 1 unidade,Excellence Creme,,"11,99 €","(11,99 € / Unidade)",
Nestlé Naturnes Pacotinho de Multifrutas sem Glúten embalagem 90 g,Nestlé Naturnes,,"1,05 €","(11,67 € / Kg)",
Moo Free Mini Ovos de Chocolate Branco embalagem 50 g,Moo Free,,"4,19 €","(83,80 € / Kg)",
Crocante de Morango com Chocolate Bio embalagem 30 g,,,"3,99 €",(133 € / Kg),
Gazela Sangria Branca garrafa 75 cl,Gazela,,"3,79 €","(5,05 € / Litro)",
Head Rock Vinho Branco de Trás-os-Montes Colheita Branco garrafa 75 cl,Head Rock,,"9,59 €","(12,79 € / Litro)",
La Quintinye Vermute Royal Rouge garrafa 75 cl,La Quintinye,,"24,50 €","(32,67 € / Litro)",
Dietisa Tisana S.Roberto embalagem 50 g,Dietisa,,"1,89 €","(37,80 € / Kg)",
Cem Porcento Infusão de Chá Preto Biológica embalagem 13 g,Cem Porcento,,"1,19 €","(91,54 € / Kg)",
Jean Louis David Pinça Pontas Direitas embalagem 1 unidade,Jean Louis David,,"5,09 €","(5,09 € / Unidade)",
Lipton Ice Tea de Manga garrafa 2 L,Lipton Ice Tea,,"2,65 €","(1,32 € / Litro)",
"Saloio Queijo de Ovelha, Cabra e Ovelha embalagem 190 g",Saloio,,"3,49 €","(15,74 € / Kg)","3,49 €"
Scotch-Brite Esfregão Fibra Não Risca embalagem 2 unidades,Scotch-Brite,,"3,29 €","(1,64 € / Unidade)",
Hamburguesa Nostra Pão de Sésamo 2 Unidades embalagem 140 g,Hamburguesa Nostra,,"1,80 €","(12,86 € / Kg)",
Mevgal Iogurte Grego 0% embalagem 1 kg,Mevgal,,"5,69 €","(5,69 € / Kg)",
Glade Ambientador Aerossol Relaxing Zen embalagem 300 ml,Glade,,"2,59 €","(8,63 € / Litro)",
Raposeira Espumante Super Reserva Bruto garrafa 75 cl,Raposeira,,"11,19 €","(14,92 € / Litro)",
Fapil Desentupidor de Fole com Cabo 1 unidade,Fapil,,"2,39 €","(2,39 € / Unidade)",
El Corte Inglés Berbigão ao Natural 35-45 Unidades lata 63,El Corte Inglés,,"6,29 €","(56,67 € / Kg)",
"Soft&Co Óleo Bronzeador para o Corpo com Urucun, Argan e Cenoura embalagem 200 ml",Soft&Co,,"8,60 €",(43 € / Litro),
Lusiaves Carne Picada de Aves cuvete 400 g,Lusiaves,,"3,19 €","(7,98 € / Kg)",
Dan Cake Torta com Recheio de Chocolate e Avelã embalagem 300 g,Dan Cake,,"2,79 €","(9,30 € / Kg)",
Cabo da Roca Vinho Tinto da Bairrada Reserva Baga garrafa 75 cl,Cabo da Roca,,"9,99 €","(13,32 € / Litro)",
Toscanella Burrata unidade 150 g,Toscanella,,"3,39 €","(22,60 € / Kg)",
Skip Detergente para Máquina de Roupa Sabão Natural embalagem 100 doses,Skip,,"29,99 €","(0,30 € / Dose)",
Pringles Aperitivos de Paprika embalagem 40 g,Pringles,,"1,29 €","(32,25 € / Kg)",
Yoggi Iogurte Líquido de Frutos Tropicais Pack 4 embalagem 160 ml,Yoggi,,"2,09 €","(3,27 € / Litro)",
Tojeira Azeitonas Cordovil Biológica frasco 750 g,Tojeira,,"6,45 €","(8,60 € / Kg)",
Aliada Cabo Extensível 1 unidade,Aliada,,"2,15 €","(2,15 € / Unidade)",
Mel de Barroso Mel DOP frasco 500 g,Mel de Barroso,,"7,29 €","(14,58 € / Kg)",
Fini Marsmallow de Chocolate embalagem 80 g,Fini,,"0,89 €","(11,12 € / Kg)",
Cistér Feijão Branco Cozido lata 425 g,Cistér,,"0,81 €","(1,91 € / Kg)",
Tavedo Vinho Tinto do Douro garrafa 75 cl,Tavedo,,"3,99 €","(5,32 € / Litro)",
Ezequiel Licor de Amora garrafa 70 cl,Ezequiel,,"13,49 €","(19,27 € / Litro)",
Nestlé Extrafino Chocolate de Leite sem Glúten embalagem 270 g,Nestlé Extrafino,,"3,79 €","(14,04 € / Kg)",
Meandro Vinho Tinto do Douro garrafa 75 cl,Meandro,,"14,69 €","(19,59 € / Litro)",
Quinta do Bucheiro Vinho Tinto do Douro Reserva Touriga Nacional garrafa 75 cl,Quinta do Bucheiro,,"4,85 €","(6,47 € / Litro)",
Master Cake Base de Tarte de Baunilha embalagem 400 g,Master Cake,,"3,35 €","(8,38 € / Kg)",
Nestlé Leite Condensado Magro Cozido lata 387 g,Nestlé,,"2,09 €","(5,40 € / Kg)",
Nutrégi Iogurte Líquido Magro de Polpa de Frutos Vermelhos 0% Açúcar Pack 4 embalagem 170 g,Nutrégi,,"2,29 €","(3,37 € / Kg)",
Herdade da Farizoa Vinho Tinto do Alentejo Reserva garrafa 75 cl,Herdade da Farizoa,,"12,95 €","(17,27 € / Litro)",
Baileys Irish Cream Chocolate Luxe garrafa 50 cl,Baileys,,"25,99 €","(51,98 € / Litro)",
Burn Bebida Energética de Framboesa Zero Açúcar lata 50 cl,Burn,,"1,25 €","(2,50 € / Litro)",
El Corte Inglés Bebida de Amêndoa sem Açúcares Adicionados embalagem 1 L,El Corte Inglés,,"1,49 €","(1,19 € / Litro)","1,49 €"
Cebola Nova Peso Aproximado por unidade 200 g,,,"1,99 €/kg",,
Nicola Café Bocage Cremoso para Dolce Gusto Intensidade 7 embalagem 16 cápsulas,Nicola,,"4,59 €","(0,29 € / Unidade)",
Santiveri Rice Bites Mini Tortas de Arroz sem Glúten embalagem 100 g,Santiveri,,"1,95 €","(19,50 € / Kg)",
Société Queijo Roquefort unidade 100 g,Société,,"3,35 €","(33,50 € / Kg)",
Qampo Salicórnia Mix para Massas embalagem 50 g,Qampo,,"4,39 €","(87,80 € / Kg)",
Nutrísse Creme Coloração Nº 7.3 Louro Dourado embalagem 190 ml,Nutrísse Creme,,"9,49 €","(49,95 € / Litro)",
I Love Milka Bombons de Nougat embalagem 110 g,I Love Milka,,"4,59 €","(41,73 € / Kg)",
Compal Fresco Sumo Frutas Frescas do Pomar Fruta 100% Fresca embalagem 750 ml,Compal Fresco,,"3,45 €","(4,60 € / Litro)",
El Corte Inglés Creme Líquido Marron Médio tubo 50 ml,El Corte Inglés,,"0,99 €","(1,98 € / 10 ml.)",
The Tottori Whisky Blended do Japão garrafa 50 cl,The Tottori,,"49,50 €",(99 € / Litro),
Garrafa com Chocolates com Licor caixa 155 g,,,"14,95 €","(96,45 € / Kg)",
"Terras do Grifo Vinho Tinto do Douro Magnum garrafa 1,5 L",Terras do Grifo,,"18,90 €","(12,60 € / Litro)",
Especialidades Tinta de Choco frasco 90 g,Especialidades,,"5,22 €",(58 € / Kg),
Cantinho das Aromáticas Tisana Doce Menta Biológica embalagem 40 g,Cantinho das Aromáticas,,"6,25 €","(156,25 € / Kg)",
Espiga Pimentão Doce Fumado frasco 45 g,Espiga,,"2,15 €","(47,78 € / Kg)",
Heinz Sopa de Tomate lata 405 g,Heinz,,"2,99 €","(7,38 € / Kg)",
O.B. Tampões Super embalagem 32 unidades,O.B.,,"4,89 €","(0,15 € / Unidade)",
Antonio Banderas Eau de Toilette Power of Seduction + After Shave pack 1 unidade,Antonio Banderas,,"22,99 €","(19,49 € / Unidade)","22,99 €"
El Corte Inglés Ventrescas de Atum Branco em Azeite lata 73 g,El Corte Inglés,,"6,25 €","(85,62 € / Kg)",
Alma Cerveja Artesanal Lisboeta lata 33 cl,Alma,,"2,59 €","(7,85 € / Litro)",
Actimel Iogurte Líquido Natural 0% M.G. Pack 6 embalagem 100 g,Actimel,,"3,29 €","(32,90 € / Kg)",
Nacional Farinha de Espelta Integral embalagem 500 g,Nacional,,"2,15 €","(4,30 € / Kg)",
Luminia Limpa Vidros Ultra embalagem 750 ml,Luminia,,"2,25 €",(3 € / Litro),
Lacta Bolachas Cobertas de Chocolate Preto embalagem 126 g,Lacta,,"3,85 €","(30,56 € / Kg)",
Banana Rosa Tradicional Peso Aproximado por unidade 175 g,,,"6,49 €/kg",,
Camomila Intea Champô Reflexos Louros de Camomila embalagem 250 ml,Camomila Intea,,"10,55 €","(42,20 € / Litro)",
Finish Detergente para Máquina de Loiça Ultimate Limão embalagem 54 doses,Finish,,"27,49 €","(0,51 € / Unidade)",
Burro de Sancho Cerveja de Espanha Artesanal Rubia garrafa 33 cl,Burro de Sancho,,"1,59 €","(4,82 € / Litro)",
Cataliment Pérolas de Tomate frasco 100 g,Cataliment,,"3,55 €","(35,50 € / Kg)",
Ficacci Azeitonas Receitas Abruzo unidade 150 g,Ficacci,,"2,99 €","(19,93 € / Kg)",
Quinta do Prado Amarelo Ovos Frescos de Galinhas Criadas no Solo Classe M/L embalagem 6 unidades,Quinta do Prado Amarelo,,"1,95 €","(0,32 € / Unidade)",
After Eight Chocolate com Recheio de Menta embalagem 400 g,After Eight,,"5,69 €","(14,22 € / Kg)",
Elpozo Bien Star Peito de Peru sem Gordura e Reduzido em Sal sem Glúten,Elpozo Bien Star,,"14,99 €/kg",,
Mini Rissóis de Camarão caixa 8 unidades,,,"5,60 €",,
Aliada Naco de Presunto Curado Reserva unidade 300 g,Aliada,,"6,89 €","(22,97 € / Kg)",
Shoyce Bebida de Soja com Chocolate Pack 3 embalagem 200 ml,Shoyce,,"1,69 €","(2,82 € / Litro)",
Tete Queijo Fresco Pequeno embalagem 80 g,Tete,,"0,85 €","(1,06 € / 100 gr.)",
Mimosa Iogurte Liquido Magro Manga e Ananás pack 151 ml,Mimosa,,"3,99 €","(26,42 € / Litro)",
Naco do Lombo Suíno Peso Aproximado 900 g,,,"4,46 €","(4,95 € / Kg)",
Casa Milo Gnocchi de Batata embalagem 500 g,Casa Milo,,"2,45 €","(4,90 € / Kg)",
Dodot Splashers Fraldas 14+ Kg Tamanho 5-6 embalagem 10 unidades,Dodot Splashers,,"8,99 €","(0,90 € / Unidade)",
Kwark Kit Cerveja + Copos garrafa 75 cl,Kwark,,"23,50 €","(31,33 € / Litro)",
Pittjes Pistachos com Sal 125 g,Pittjes,,"3,59 €","(28,72 € / Kg)",
Lysol Spray Desinfectante Multisuperfícies embalagem 400 ml,Lysol,,"8,99 €","(22,48 € / Litro)",
Saloio Requeijão Natural Pasteurizado embalagem 170 g,Saloio,,"1,75 €","(10,29 € / Kg)",
Blue Dragon Noodles Integrais embalagem 300 g,Blue Dragon,,"3,39 €","(11,30 € / Kg)",
El Corte Inglés Mini Bolachas Recheadas com Creme de Chocolate de Leite embalagem 236 g,El Corte Inglés,,"1,55 €","(6,57 € / Kg)",
Morgadio de Estremoz Vinho Tinto do Alentejo Magnum garrafa 150 cl,Morgadio de Estremoz,,"11,99 €","(7,99 € / Litro)",
Quinta dos Açores Iogurte Líquido com Sabor dos Açores embalagem 200 ml,Quinta dos Açores,,"0,92 €","(4,60 € / Litro)",
Cadbury Chocolates Sortidos Roses embalagem 186 g,Cadbury,,"4,40 €","(23,66 € / Kg)",
Casa de Mouraz Vinho Branco do Dão Biológico garrafa 75 cl,Casa de Mouraz,,"10,75 €","(14,33 € / Litro)",
Korisca Cerveja Artesanal APA garrafa 33 cl,Korisca,,"3,99 €","(12,09 € / Litro)",
Florette Salada com Massa Integral com Queijo com Ervas e Tomate em Azeite embalagem 285 g,Florette,,"3,89 €","(13,65 € / Kg)",
Próvida Puré de Fruta Maçã e Mirtilo Pack 2 embalagem 100 g,Próvida,,"1,99 €","(19,90 € / Kg)",
El Corte Inglés Cereais Recheados de Creme de Cacau com Avelã sem Glúten embalagem 500 g,El Corte Inglés,,"2,59 €","(5,18 € / Kg)",
Espiga Alho Moído embalagem 60 g,Espiga,,"1,79 €","(29,83 € / Kg)",
Ehrmann Skyr de Maracujá embalagem 150 g,Ehrmann,,"1,09 €","(7,27 € / Kg)",
"El Mandarin Preparado em Pó para Pudim Flan embalagem 19,2 g",El Mandarin,,"1,49 €","(77,60 € / Kg)",
Blédina Bolachinhas embalagem 125 g,Blédina,,"2,69 €","(21,52 € / Kg)",
GOT2B Fixador para Cabelo Roaring High Spray embalagem 150 ml,GOT2B,,"6,59 €","(43,93 € / Litro)",
Schnitzer Snack Grão Sem Gluten embalagem 30 g,Schnitzer,,"1,99 €","(66,33 € / Kg)",
Fini Gomas Crocodilo embalagem 90 g,Fini,,"0,89 €","(9,89 € / Kg)",
Kellogg's Chocos Cereais de Chocolate Choco Crispies embalagem 375 g,Kellogg's Chocos,,"2,15 €","(5,73 € / Kg)",
Quinta do Escudial Vinho Tinto do Dão Colheita Selecionada garrafa 75 cl,Quinta do Escudial,,"7,49 €","(9,99 € / Litro)",
Yoçor Iogurte Grego dos Açores Natural embalagem 500 g,Yoçor,,"2,59 €","(5,18 € / Kg)",
Colinas do Douro Vinho Branco do Douro Superior garrafa 75 cl,Colinas do Douro,,"5,29 €","(7,05 € / Litro)",
Vimeiro Água com Gás Pack 6 garrafa 25 cl,Vimeiro,,"2,75 €","(1,83 € / Litro)",
The Botanist Gin garrafa 70 cl,The Botanist,,"36,49 €","(52,13 € / Litro)",
Malaguetas Mix embalagem 200 g,,,"2,95 €","(14,75 € / Kg)",
Ti António Vitelão Jardineira ATP Peso Aproximado por cuvete 450 g,Ti António,,"7,63 €","(16,95 € / Kg)",
Gelpeixe Gourmet Recheio de Sapateira embalagem 250 g,Gelpeixe Gourmet,,"5,59 €","(22,36 € / Kg)",
Kressmann Vinho Tinto de França Monopole Bordeaux garrafa 75 cl,Kressmann,,"8,49 €","(11,32 € / Litro)",
Madramge Mousse de Pato com Porto,Madramge,,"21,49 €/kg",,
Beiralacte Queijo de Cabra Curado Peso Aproximado por unidade 700 g,Beiralacte,,"16,02 €","(22,89 € / Kg)",
Jordan Escova de Dentes Smile Suave embalagem 3 unidades,Jordan,,"2,99 €",(1 € / Unidade),
Ranchera M-Xico Feijão Preto lata 390 g,Ranchera M-Xico,,"1,95 €",(5 € / Kg),
Flor das Hortas Piri-Piri com Aroma de Barbecue frasco 50 ml,Flor das Hortas,,"1,75 €",(35 € / Litro),
Fortunna Naturally Unique Bife da Vazia de Bovino Maturado 21 Dias kg,Fortunna Naturally Unique,,"5,50 €","(21,99 € / Kg)",
Casa Matias Requeijão de Ovelha Cuvete unidade 250 g,Casa Matias,,"2,09 €","(8,36 € / Kg)",
"Nobre Vegalia Vegan Bites de Espinafres, Kale e Brócolos embalagem 160 g",Nobre Vegalia,,"4,39 €","(27,44 € / Kg)",
Vieira Concha Média embalagem 170 g,,,"6,99 €","(6,99 € / Unidade)",
El Corte Inglés Selection Fiambre da Perna em Fatias embalagem 350 g,El Corte Inglés Selection,,"6,25 €","(17,86 € / Kg)",
Grappa Nonino Aguardente Grappa Moscato garrafa 70 cl,Grappa Nonino,,"39,90 €",(57 € / Litro),
Belarte Chocolate Preto Gianduja sem Açúcar embalagem 42 g,Belarte,,"1,54 €","(36,67 € / Kg)",
Quinta Nova de Nossa Sra. do Carmo Conjunto 3 Vinhos Tinto do Douro garrafa 75 cl,Quinta Nova de Nossa Sra. do Carmo,,"26,90 €","(11,96 € / Litro)",
Eu Nutrition Manteiga de Amendoim 100% Natural Crocante embalagem 500 g,Eu Nutrition,,"4,55 €","(9,10 € / Kg)",
El Corte Inglés Amendoins Fritos com Mel sem Glúten embalagem 150 g,El Corte Inglés,,"1,39 €","(9,27 € / Kg)",
Mensagem Vinho Tinto do Tejo garrafa 75 cl,Mensagem,,"6,25 €","(8,33 € / Litro)",
Gillette Mach 3 Máquina + Recarga embalagem 2 unidades,Gillette Mach 3,,"8,99 €","(8,99 € / Unidade)",
Vaseline Bálsamo Labial Rosy embalagem 20 g,Vaseline,,"2,99 €","(149,50 € / Kg)",
Secos da Aldeia Mix de Sementes e Bagas embalagem 150 g,Secos da Aldeia,,"2,79 €","(18,60 € / Kg)",
Ramón Bilbao Vinho Tinto de Espanha Reserva garrafa 75 cl,Ramón Bilbao,,"13,99 €","(18,65 € / Litro)",
Ultra Suave Crianças Champô de Alperce embalagem 400 ml,Ultra Suave Crianças,,"5,59 €","(13,98 € / Litro)",
"Casal das Freiras Vinho Tinto Regional do Tejo Magnum garrafa 1,5 L",Casal das Freiras,,"36,90 €","(24,60 € / Litro)",
Corny Barras de Cereais com Chocolate de Leite 0% Açúcares Adicionados Pack 6 embalagem 150 g,Corny,,"2,99 €","(24,92 € / Kg)",
Solan de Cabras Água com Sumo de Toranja Rosa e Flor de Laranjeira garrafa 33 cl,Solan de Cabras,,"1,65 €",(5 € / Litro),
Azeitona Verde Recheada com Pimento,,,"9,59 €/kg",,
Gliss Máscara Capilar Regenerador Intensivo para Cabelos Estregados embalagem 200 ml,Gliss,,"7,99 €","(39,95 € / Litro)",
Calgon Express Action Anti-Calcário 2 em 1 em Gel para Máquina da Roupa embalagem 750 ml,Calgon Express Action,,"9,32 €","(12,43 € / Litro)",
"Compal Néctar Vital Bom Dia Frutos Vermelhos, Aveia e Canela embalagem 33 cl",Compal,,"0,95 €","(2,88 € / Litro)",
Santiveri Bolachas Digestivas embalagem 190 g,Santiveri,,"2,35 €","(12,37 € / Kg)",
Vapza Mandioquinha sem Glúten embalagem 500 g,Vapza,,"5,15 €","(7,70 € / Kg)","5,15 €"
Quinta dos Monteirinhos Vinho Tinto do Dão Reserva garrafa 75 cl,Quinta dos Monteirinhos,,"9,49 €","(12,65 € / Litro)",
Fino Panos Multiusos embalagem 3 unidades,Fino,,"1,65 €","(0,55 € / Unidade)",
Duorum Vinho Tinto do Douro Reserva garrafa 75 cl,Duorum,,"29,90 €","(39,87 € / Litro)",
Mamoré de Borba Vinho Tinto do Alentejo garrafa 75 cl,Mamoré de Borba,,"6,95 €","(9,27 € / Litro)",
Oral B Escova de Dentes Pro Vitality Cls Negra embalagem 1 unidade,Oral B,,"33,99 €","(33,99 € / Unidade)",
Voll-Damm Cerveja de Espanha garrafa 25 cl,Voll-Damm,,"0,79 €","(3,16 € / Litro)",
Kerel Cerveja Saison garrafa 33 cl,Kerel,,"4,19 €","(12,70 € / Litro)",
Babaria Aloe Vera Creme para o Corpor Revitalizador embalagem 250 ml,Babaria Aloe Vera,,"8,55 €","(34,20 € / Litro)",
Marquês de Marialva Espumante Blanc de Noirs garrafa 75 cl,Marquês de Marialva,,"9,49 €","(12,65 € / Litro)",
Ile Achocolatado em Pó Toddy embalagem 400 g,Ile,,"4,75 €","(11,88 € / Kg)",
Companhia das Abóboras Doce de Chila frasco 300 g,Companhia das Abóboras,,"3,45 €","(11,50 € / Kg)",
Damatta Linguiça Picante embalagem 180 g,Damatta,,"5,14 €","(28,56 € / Kg)",
Fiorentini Snack Mini Quinoa com Sal Marinho sem Glúten Biológico embalagem 50 g,Fiorentini,,"1,69 €","(33,80 € / Kg)",
El Corte Inglés Selection Centro de Presunto Serrano Grande Reserva Peso Aproximado por peça 3 kg,El Corte Inglés Selection,,"20,98 €/kg",,
Al'Fez Ras El Hanout Spice Mix embalagem 42 g,Al'Fez,,"4,29 €","(102,14 € / Kg)",
Kiwi Gold Biológico embalagem 400 g,,,"4,79 €","(11,98 € / Kg)",
Knorr Caldo de Marisco 8 Cubos embalagem 80 g,Knorr,,"2,15 €","(26,88 € / Kg)",
Globo Kiwi Desidratado em Rodelas embalagem 120 g,Globo,,"3,35 €","(27,92 € / Kg)",
Gresso Leite Meio Gordo embalagem 1 L,Gresso,,"0,89 €","(0,84 € / Litro)","0,89 €"
Nº3 Gin garrafa 70 cl,Nº3,,"35,90 €","(40,56 € / Litro)","35,90 €"
Rozès Vinho do Porto L.B.V. garrafa 75 cl,Rozès,,"24,50 €","(32,67 € / Litro)",
El Almendro Torta de Torrão Imperial embalagem 200 g,El Almendro,,"5,29 €","(26,45 € / Kg)",
Super Bock Cerveja Nacional Branca garrafa 1 L,Super Bock,,"1,99 €","(1,99 € / Litro)",
Yogi Tea Infusão de Especiarias com Cacau Biológica embalagem 17 unidades,Yogi Tea,,"4,09 €","(0,24 € / Unidade)",
Fairy Detergente de Lavagem à Mão para Loiça Ultra Poder Laranja embalagem 780 ml,Fairy,,"5,19 €","(6,65 € / Litro)",
Da Vinci Doce de Banana Mariola Dacolôn embalagem 300 g,Da Vinci,,"3,35 €","(11,17 € / Kg)",
Oscar Mayer Bacon em Tiras sem Glúten embalagem 130 g,Oscar Mayer,,"2,69 €","(20,69 € / Kg)",
Chipicao Mini Croissants Recheados com Creme de Baunilha embalagem 80 g,Chipicao Mini,,"1,15 €","(14,38 € / Kg)",
El Corte Inglés Azeitonas Pretas Descaroçadas lata 150 g,El Corte Inglés,,"0,89 €","(5,93 € / Kg)",
Le Chef Atlantic Arroz Sushi embalagem 500 g,Le Chef Atlantic,,"1,29 €","(2,58 € / Kg)",
Cem Porcento Biscoitos Integrais de Maçã e Canela embalagem 250 g,Cem Porcento,,"2,69 €","(10,76 € / Kg)",
"Danone Puro Iogurte Aroma a Morango, Pêssego e Manga Pack 8 embalagem 125 g",Danone Puro,,"1,99 €","(2,07 € / Kg)",
Divinus Requeijão de Ovelha Monte D'Arrábida embalagem 200 g,Divinus,,"1,99 €","(9,95 € / Kg)",
Mimosa Magro Aroma Iogurte Líquido de Frutos Silvestres Leve 6 Pague 4 embalagem 151 ml,Mimosa Magro Aroma,,"2,79 €","(18,48 € / Litro)",
Mercurochrome Baby Compressas Ultra Suaves Especial Pele Sensível embalagem 30 unidades,Mercurochrome Baby,,"3,09 €","(0,10 € / Unidade)",
Choco com Tinta Peso Aproximado por unidade 900 g,,,"9,99 €/kg",,
Dietisa Chá de Ervas Sabugueiro Flor embalagem 50 g,Dietisa,,"3,49 €","(69,80 € / Kg)",
Valsoia Creme para Barrar de Cacau Vegetal sem Glúten embalagem 400 g,Valsoia,,"5,29 €","(11,22 € / Kg)","5,29 €"
Jardin Bio Muesli sem Açúcar com 3 Sementes Biológico embalagem 375 g,Jardin Bio,,"5,75 €","(15,33 € / Kg)",
Cuétara Demecao Bolachas Wafer Recheadas com Cacau embalagem 150 g,Cuétara Demecao,,"1,89 €","(12,60 € / Kg)",
Cem Porcento Chocolate Preto com Avelãs Extraído da Planta Stevia embalagem 125 g,Cem Porcento,,"2,99 €","(23,92 € / Kg)",
Tello Pepperoni em Fatias,Tello,,"11,99 €/kg",,
Nescafé Espresso Latte Shakissimo embalagem 190 ml,Nescafé,,"1,59 €","(8,37 € / Litro)",
Vale D.Maria Vinho Tinto do Douro Superior garrafa 75 cl,Vale D.Maria,,"6,99 €","(9,32 € / Litro)",
Porminho Mortadela,Porminho,,"5,39 €/kg",,
Fiuza Vinho Branco do Tejo Chardonnay garrafa 75 cl,Fiuza,,"6,49 €","(8,65 € / Litro)",
Maizena Farinha Amido de Milho sem Glúten embalagem 400 g,Maizena,,"2,60 €","(6,50 € / Kg)",
Aliada Leite UHT Gordo embalagem 1 L,Aliada,,"0,88 €","(0,88 € / Litro)",
Don Simon Sumo 100% Espremido de Laranja com Polpa embalagem 1 L,Don Simon,,"1,39 €","(1,39 € / Litro)",
Vasenol Derma Care Desodorizante Roll-On embalagem 50 ml,Vasenol Derma Care,,"3,99 €","(79,80 € / Litro)",
Nissin Cup Noodles de Galinha e Gengibre embalagem 63 g,Nissin,,"1,79 €","(28,41 € / Kg)",
Canderel Edulcorante em Pó embalagem 90 g,Canderel,,"4,19 €","(46,56 € / Kg)",
Condi Aroma Líquido de Morango frasco 25 ml,Condi,,"1,49 €","(59,60 € / Litro)",
Vinhas de Penalva Vinho Tinto do Dão Reserva garrafa 75 cl,Vinhas de Penalva,,"7,25 €","(9,67 € / Litro)",
Nivea Coffret Lata pack 1 unidade,Nivea,,"19,99 €","(12,99 € / Unidade)","19,99 €"
Globo Missanga Decorativa frasco 50 g,Globo,,"1,65 €",(33 € / Kg),
Lindt Creation Chocolate Preto com Avelã embalagem 150 g,Lindt Creation,,"3,99 €","(26,60 € / Kg)",
Fragata Azeitona Mista Inteira frasco 350 g,Fragata,,"1,69 €","(4,83 € / Kg)",
Danone Activia Iogurte Líquido de Morango Pack 4 embalagem 160 g,Danone Activia,,"1,99 €","(3,11 € / Kg)",
"Robalo do Mar Peso Aproximado por unidade 1,5 kg",,,"29,99 €/kg",,
Penha Caramelos de Fruta embalagem 100 g,Penha,,"1,39 €","(13,90 € / Kg)",
Oliveira da Serra Azeite Virgem Extra Trilogia garrafa 250 ml,Oliveira da Serra,,"9,20 €","(12,27 € / Litro)",
Monte da Vinha Queijo Artesanal de Ovelha Curado Pack 3 unidade 120 g,Monte da Vinha,,"4,49 €","(37,42 € / Kg)",
Lindt Urso de Chocolate de Leite embalagem 100 g,Lindt,,"3,99 €","(29,90 € / Kg)","3,99 €"
Oliveira da Serra Azeite Virgem Extra Clássico garrafão 3 L,Oliveira da Serra,,"21,86 €","(7,29 € / Litro)",
El Corte Inglés Mostarda embalagem 300 g,El Corte Inglés,,"1,19 €","(3,97 € / Kg)",
El Corte Inglés Selection Salmão Marinado embalagem 100 g,El Corte Inglés Selection,,"6,79 €","(67,90 € / Kg)",
Palette Coloração Permanente Intensive Creme Color Nº 10.0 Louro Muito Claro embalagem 1 unidade,Palette,,"5,99 €","(5,99 € / Unidade)",
Eric Kayser Pastel de Nata,Eric Kayser,,"1,25 €","(1,25 € / Unidade)",
Dom Pérignon Champanhe Vintage 2010 garrafa 75 cl,Dom Pérignon,,"230,90 €","(307,87 € / Litro)",
Nurishh Fatiado Vegan Sabor Original sem Lactose embalagem 160 g,Nurishh,,"2,39 €","(14,94 € / Kg)",
Oral-B Pro-Expert Elixir Protecção Profissional Menta Fresca embalagem 500 ml,Oral-B Pro-Expert,,"5,99 €","(11,98 € / Litro)",
McCain Batatas Estilo Original Vegan embalagem 500 g,McCain,,"2,59 €","(5,18 € / Kg)",
Nescafé Dolce Gusto Café Espresso Intenso Descafeinado embalagem 16 cápsulas,Nescafé Dolce Gusto,,"5,99 €","(0,30 € / Unidade)","5,99 €"
Nocilla Creme de Cacau e Avelã frasco 380 g,Nocilla,,"4,19 €","(11,64 € / Kg)",
Zesty Chocolate Negro 70% Cacau com Creme de Amedoim Vegan sem Açúcar Adicionado e sem Glúten embalagem 80 g,Zesty,,"4,50 €","(56,25 € / Kg)",
Hengstenberg Creme de Rábano frasco 145 g,Hengstenberg,,"3,69 €","(25,45 € / Kg)",
Soofty Água com Gás Sabor Morango garrafa 33 cl,Soofty,,"1,60 €","(4,85 € / Litro)",
La Chouffe Cerveja da Bélgica Blonde garrafa 33 cl,La Chouffe,,"4,89 €","(14,82 € / Litro)",
Coral Cerveja Preta Tónica garrafa 33 cl,Coral,,"6,35 €","(3,21 € / Litro)",
Mimosa Magro Aroma Iogurte Aroma Magro 3 a Coco e 3 a Morango Pack 6 embalagem 120 g,Mimosa Magro Aroma,,"1,99 €","(2,76 € / Kg)",
Portugal Bugs Chocolate de Leite com Tenebrio Choconebrio embalagem 30 g,Portugal Bugs,,"1,55 €","(51,67 € / Kg)",
Cem Porcento Chá para Infusão Carqueja embalagem 10 unidades,Cem Porcento,,"1,10 €","(84,62 € / Kg)",
Maré Cheia Vinho Tinto de Mesa garrafa 75 cl,Maré Cheia,,"4,75 €","(6,33 € / Litro)",
"Red Bull Bebida Energética lata 33,5 ml",Red Bull,,"1,89 €","(5,32 € / Litro)",
Comfort Amaciador para a Roupa Flor de Lotus e Lima embalagem 80 doses,Comfort,,"9,99 €","(0,12 € / Dose)",
Mission Wraps com Espelta e Aveia embalagem 370 g,Mission,,"2,98 €","(8,05 € / Kg)",
El Almendro Barrita de Amendoas e chocolate de Leite embalagem 00100 g,El Almendro,,"3,49 €","(34,90 € / Kg)",
Lusoforma Formas de Alumínio embalagem 20 unidades,Lusoforma,,"3,35 €","(0,17 € / Unidade)",
El Cantero de Letur Iogurte de Ovelha Magro Biológico embalagem 420 g,El Cantero de Letur,,"3,65 €","(8,69 € / Kg)",
Omo Detergente de Lavagem à Mão em Pó 540 g,Omo,,"2,49 €","(4,61 € / Kg)",
Minerva Sardinha sem Pele e sem Espinhas em Azeite lata 120 g,Minerva,,"3,49 €","(29,08 € / Kg)",
Coquette Eau de Toilette Fleurs du Paradis embalagem 130 ml,Coquette,,"10,95 €","(84,23 € / Litro)",
Korisca Cerveja Artesanal Petra India Pale Ale dos Açores garrafa 33 cl,Korisca,,"3,99 €","(12,09 € / Litro)",
Igor Queijo de Itália Gorgonzola embalagem 200 g,Igor,,"3,45 €","(17,25 € / Kg)",
Nazaré Rebuçados de Mentol embalagem 250 g,Nazaré,,"1,85 €","(7,40 € / Kg)",
Porminho Paio York embalagem 80 g,Porminho,,"1,35 €","(16,88 € / Kg)",
Sexy Espumante Bruto Gold Starling garrafa 75 cl,Sexy,,"20,95 €","(27,93 € / Litro)",
Fuxing Noodles Udon embalagem 200 g,Fuxing,,"1,09 €","(5,45 € / Kg)",
"Próvida Puré de Fruta Maçã, Mirtilo e Morango sem Adição de Açúcar Biológico embalagem 100 g",Próvida,,"0,99 €","(9,90 € / Kg)",
S&B Sopa Tofu Miso embalagem 30 g,S&B,,"3,99 €",(133 € / Kg),
Camolas Vinho Tinto de Setúbal garrafa 75 cl,Camolas,,"4,99 €","(6,65 € / Litro)",
Lacrau Vinho Tinto do Douro Orgânico Biológico garrafa 75 cl,Lacrau,,"10,65 €","(14,20 € / Litro)",
Ceres 100% Sumo de Manga sem Açúcar embalagem 1 L,Ceres,,"2,55 €","(2,55 € / Litro)",
"English Tea Shop Infusão de Arando, Hibiscus e Roseira Brava Biológica embalagem 35 g",English Tea Shop,,"3,99 €",(114 € / Kg),
3 Toques Bouchées Pack 6 embalagem 150 g,3 Toques,,"3,49 €","(23,27 € / Kg)",
Milaneza Wok Bulgur embalagem 500 g,Milaneza Wok,,"2,29 €","(4,58 € / Kg)",
"Trina Refrigerante de Frutos Tropicais sem Gás garrafa 1,5 L",Trina,,"2,15 €","(1,43 € / Litro)",
Valformoso Queijo Mozzarella,Valformoso,,"7,95 €/kg",,
Nestlé Cerelac Farinha Láctea Menos 40% Açúcar embalagem 250 g,Nestlé Cerelac,,"2,39 €","(9,56 € / Kg)",
William Hinton Rum da Madeira garrafa 70 cl,William Hinton,,"17,99 €","(25,70 € / Litro)",
Espiga Anis Estrelado frasco 14 g,Espiga,,"1,79 €","(127,86 € / Kg)",
Nivea Men Sensitive Loção After-Shave Alívio Imediato embalagem 100 ml,Nivea Men Sensitive,,"8,99 €","(89,90 € / Litro)",
La Piara Sólo Natural Paté de Sardinha lata 75 g,La Piara Sólo Natural,,"1,65 €",(22 € / Kg),
Garofalo Esparguete sem Glúten embalagem 400 g,Garofalo,,"2,99 €","(7,48 € / Kg)",
Tampax Tampões Super Plus embalagem 24 unidades embalagem 24,Tampax,,"4,99 €","(0,21 € / Unidade)",
Oral-B Junior Pasta de Dentes Star Wars 6+ Anos embalagem 75 ml,Oral-B Junior,,"3,59 €","(47,87 € / Litro)",
Excellence Coloração Permanente Poder Matizador Nº 6.11 Louro Escuro Gelado embalagem 1 unidade,Excellence,,"11,99 €","(11,99 € / Unidade)",
Padaria da Arrifana Broas de Amêndoa embalagem 300 g,Padaria da Arrifana,,"2,29 €","(7,63 € / Kg)",
Russian Premium Caviar Kaluga Hybrid unidade 50 g,Russian Premium,,"89,98 €","(1.799,60 € / Kg)",
Dodot Sensitive Fraldas 4 a 8 kg Tamanho 2 embalagem 39 unidades,Dodot Sensitive,,"9,99 €","(0,26 € / Unidade)",
Gallo Vinagre Balsâmico Rosé garrafa 250 ml,Gallo,,"2,49 €","(7,40 € / Litro)","2,49 €"
"Alvelhe Queijo Amanteigado de Mistura Peso Aproximado por unidade 1,1 kg",Alvelhe,,"16,29 €/kg",,
Aliada Luvas Acetinadas Sensíveis Médias embalagem 1 par,Aliada,,"0,79 €","(0,79 € / Unidade)",
"Duas Quintas Vinho Tinto do Douro garrafa 1,5 L",Duas Quintas,,"44,90 €","(29,93 € / Litro)",
Vanish Tira Nódoas Desengordurante em Spray embalagem 750 g,Vanish,,"7,99 €","(5,32 € / Kg)","7,99 €"
Neo Botanica Gomas de Chá Verde e Lima sem Glúten embalagem 150 g,Neo Botanica,,"1,85 €","(12,33 € / Kg)",
Aguinamar Pintxo de Atum sem Glúten embalagem 180 g,Aguinamar,,"3,99 €","(22,17 € / Kg)",
Oreo Bolachas Recheadas com Chocolate de Leite embalagem 246 g,Oreo,,"2,99 €","(12,15 € / Kg)",
Lindahls Iogurte Sólido Protéico de Framboesa embalagem 150 g,Lindahls,,"1,49 €","(7,27 € / Kg)","1,49 €"
A Leiteira Mousse de Caramelo Pack de 4 Unidades embalagem 60 g,A Leiteira,,"1,89 €","(7,88 € / Kg)",
Woolite Detergente para a Máquina da Roupa Branca Líquido embalagem 56 doses,Woolite,,"24,99 €","(0,45 € / Dose)",
Fairy Detergente de Lavagem à Mão para Loiça Platinum Plus Limão embalagem 48 doses,Fairy,,"15,70 €","(0,33 € / Dose)",
Sensodyne Pasta de Dentes Branqueadora embalagem 75 ml,Sensodyne,,"3,99 €","(53,20 € / Litro)",
Heinz Ketchup Hot Chilli Top Down embalagem 460 g,Heinz,,"3,69 €","(5,20 € / Kg)","3,69 €"
Quinta Ribeira da Vila Vinho Tinto do Douro Reserva garrafa 75 cl,Quinta Ribeira da Vila,,"11,45 €","(0,15 € / Litro)",
Granforno Gressinos com Sésamo embalagem 125 g,Granforno,,"1,45 €","(11,60 € / Kg)",
Magabel Tisana Jasmim embalagem 10 unidades,Magabel,,"1,10 €","(0,11 € / Unidade)",
Celia Cerveja da República Checa sem Glúten Biológica garrafa 33 cl,Celia,,"1,85 €","(5,61 € / Litro)",
Caldo Verde embalagem 100 g,,,"1,29 €","(12,90 € / Kg)",
Supremo de Morango,,,"1,10 €","(1,10 € / Unidade)",
El Corte Inglés Selection Tomate Frito de Colheita com Azeite frasco 350 g,El Corte Inglés Selection,,"1,45 €","(4,14 € / Kg)",
Blandy's Vinho da Madeira 5 Anos Sercial garrafa 75 cl,Blandy's,,"15,99 €","(21,32 € / Litro)",
Bimbo Pão Rústico embalagem 450 g,Bimbo,,"2,39 €","(5,31 € / Kg)",
King C. Gillette Óleo para a Barba embalagem 30 ml,King C. Gillette,,"9,99 €","(249,67 € / Litro)","9,99 €"
Liakada Massa Kritharaki embalagem 500 g,Liakada,,"2,49 €","(4,98 € / Kg)",
Valsoia Lasanha de Bolonhesa Vegan embalagem 300 g,Valsoia,,"5,99 €","(19,97 € / Kg)",
Alternativa 3 Chocolate em Pó com Açúcar de Coco Instantâneo Biológico embalagem 250 g,Alternativa 3,,"5,29 €","(21,16 € / Kg)",
Cem Porcento Chá Solúvel de Camomila embalagem 60 g,Cem Porcento,,"1,89 €","(31,50 € / Kg)",
Heidel Bombons de Chocolate de Leite Roda Natal lata 118 g,Heidel,,"11,95 €","(101,27 € / Kg)",
Codyfer Palmilhas Tamanho 37-38 1 unidade,Codyfer,,"10,15 €","(10,15 € / Unidade)",
"Landana Queijo Gouda com Nozes Peso Aproximado 4,5 kg",Landana,,"18,99 €/kg",,
El Corte Inglés Tostas sem Sal e sem Açúcar embalagem 270 g,El Corte Inglés,,"1,09 €","(4,04 € / Kg)",
Açores Doce Extra de Nêspera frasco 220 g,Açores,,"5,15 €","(22,39 € / Kg)",
Bauli Panettone embalagem 500 g,Bauli,,"8,49 €","(16,98 € / Kg)",
Lelia Azeitonas Pretas no Forno embalagem 275 g,Lelia,,"3,29 €","(11,96 € / Kg)",
Yaranza Kéfir de Cabra frasco 1000 g,Yaranza,,"5,35 €","(5,35 € / Kg)",
Smint Rebuçados Peppermint sem Açúcar Pack 2 embalagem 35 g,Smint,,"3,69 €","(105,43 € / Kg)",
Um Bongo Néctar de Laranja Pack 3 embalagem 20 cl,Um Bongo,,"1,49 €","(2,48 € / Litro)",
Mazzetti Vinagre Balsâmico de Modena garrafa 500 ml,Mazzetti,,"4,49 €","(8,98 € / Litro)",
Costa Eco Bebida de Arroz com Coco sem Lactose Biológica embalagem 1 L,Costa Eco,,"2,25 €","(2,25 € / Litro)",
GOT2B Cera de Argila embalagem 75 ml,GOT2B,,"6,59 €","(87,87 € / Litro)",
Santa Maria Amêndoas em Grão Torradas Biológicas embalagem 250 g,Santa Maria,,"11,55 €","(46,20 € / Kg)",
Danone Activia Iogurte Liquido de Kiwi Pack 4 embalagem 160 g,Danone Activia,,"1,99 €","(3,11 € / Kg)",
Herbopuntia Barrita Saciante de Morango embalagem 1 unidade,Herbopuntia,,"2,65 €","(2,65 € / Unidade)",
Knorr Sopa de Espargos 4 porções embalagem 70 g,Knorr,,"1,49 €","(21,29 € / Kg)",
Neolar Maxi Molas embalagem 15 unidades,Neolar,,"1,35 €","(0,09 € / Unidade)",
Dr.Organic Gel para o Corpo de Aloe Vera Biológico embalagem 200 ml,Dr.Organic,,"9,44 €","(47,20 € / Litro)",
Hagerty Gold Clean Limpa-Ouro e Pedras Preciosas 170 ml,Hagerty Gold Clean,,"12,19 €","(71,71 € / Litro)",
Condado de La Vega Vinho Tinto de Espanha Rioja Tempranillo garrafa 75 cl,Condado de La Vega,,"5,95 €","(7,93 € / Litro)",
Panrico Pão de Forma Cerealia 5 Sementes 0% Açúcares Adicionados Vegan sem Lactose embalagem 435 g,Panrico,,"1,69 €","(3,89 € / Kg)",
Swiffer Mopas Húmidas Recarga embalagem 12 unidades,Swiffer,,"4,79 €","(0,40 € / Unidade)",
Madre Coxinha Coxinhas de Frango embalagem 380 g,Madre Coxinha,,"8,39 €","(22,08 € / Kg)",
Secos da Aldeia Miolo de Amêndoa com Pele embalagem 100 g,Secos da Aldeia,,"2,09 €","(20,90 € / Kg)",
La Trappe Cerveja da Holanda Blonde 7º garrafa 33 cl,La Trappe,,"3,59 €","(10,88 € / Litro)",
Compal Sumo 100% Fruta Laranja Espremida Pack 3 unidades embalagem 20 cl,Compal,,"1,69 €","(2,82 € / Litro)",
Nescafé Gold Origins Café Solúvel Puro Colombia Suave frasco 100 g,Nescafé Gold Origins,,"6,39 €","(63,90 € / Kg)",
Aromas Premium Queijo de Cabra Curado Pack 2 unidade 180 g,Aromas Premium,,"4,99 €","(27,72 € / Kg)",
Mars Chocolate Pack 3 embalagem 45 g,Mars,,"2,39 €","(53,11 € / Kg)",
Elpozo Salsichão Imperial unidade 230 g,Elpozo,,"4,99 €","(21,70 € / Kg)",
Nova Classe Palhinhas de Cartão embalagem 20 unidades,Nova Classe,,"2,25 €","(0,11 € / Unidade)",
Capela Vinho Tinto do Alentejo garrafa 75 cl,Capela,,"6,99 €","(9,32 € / Litro)",
Pão de Sesimbra unidade 400 g,,,"1,25 €",,
Reguengos Vinho Tinto do Alentejo Reserva garrafa 75 cl,Reguengos,,"5,99 €","(7,99 € / Litro)",
Lien Ying Pasta Tom Yum frasco 100 g,Lien Ying,,"3,09 €","(30,90 € / Kg)",
Dez Prá Uma Crepes Vegetarianos 6 Unidades embalagem 600 g,Dez Prá Uma,,13 €,"(21,67 € / Kg)",
Crunch Chocolate Branco embalagem 100 g,Crunch,,"1,99 €","(19,90 € / Kg)",
Titan Vinho Branco do Douro garrafa 75 cl,Titan,,"9,99 €","(13,32 € / Litro)",
"El Corte Inglés Salteado de Espinafres, Passas e Pinhões embalagem 400 g",El Corte Inglés,,"2,19 €","(4,72 € / Kg)","2,19 €"
Maximo's Vinho Tinto do Tejo garrafa 75 cl,Maximo's,,"8,25 €",(11 € / Litro),
Kinross Pack Gin Citric & Dry + 1 Copo garrafa 70 cl,Kinross,,"21,99 €","(31,41 € / Litro)",
Maybelline Sensational Batom Nº 200 Rose Embrace embalagem 1 unidade,Maybelline Sensational,,"10,99 €","(10,99 € / Unidade)",
Joselito Chouriço Ibérico Bolota Extra Peso Aproximado por unidade 500 g,Joselito,,"48,99 €/kg",,
Riberalves Lombos de Bacalhau Demolhado embalagem 550 g,Riberalves,,"14,99 €","(27,25 € / Kg)",
Dez Prá Uma Bacalhau com Coentros até 2 pessoas embalagem 600 g,Dez Prá Uma,,12 €,(20 € / Kg),
Cavacas das Caldas Suspirinhos embalagem 150 g,Cavacas das Caldas,,"2,39 €","(15,93 € / Kg)",
Nazaré Rebuçados de Chocolate e Coco com Recheio embalagem 100 g,Nazaré,,"0,95 €","(9,50 € / Kg)",
Campoaves 2 Hambúrgueres de Frango do Campo embalagem 320 g,Campoaves,,"3,95 €","(12,34 € / Kg)",
Casa de Mouraz Vinho Rosé do Dão Biológico garrafa 75 cl,Casa de Mouraz,,"10,65 €","(14,20 € / Litro)",
Aussie Máscara SOS Hidratante embalagem 450 ml,Aussie,,"9,99 €","(22,20 € / Litro)",
Air Wick Essential Mist Ambientador Eléctrico Recarga Nenuco embalagem 20 ml,Air Wick Essential Mist,,"7,99 €","(399,50 € / Litro)",
Natur Vital Coloursafe Champô Reflexos Louros embalagem 300 ml,Natur Vital Coloursafe,,"6,99 €","(23,30 € / Litro)",
Vahiné Açúcar Baunilhado frasco 190 g,Vahiné,,"3,09 €","(16,26 € / Kg)",
Collonil Nubuk E Velours Castanho Escuro Spray 200 ml,Collonil,,"8,65 €","(43,25 € / Litro)",
L'Oréal Elvive Amaciador Color Vive Magic Water embalagem 200 ml,L'Oréal,,"9,99 €","(49,95 € / Litro)",
Sr. Basílio Batatas Fritas Onduladas Extra Largas embalagem 135 g,Sr. Basílio,,"1,89 €",(14 € / Kg),
"Carm Vinho Tinto do Douro Reserva Magnum garrafa 1,5 L",Carm,,"34,49 €","(19,73 € / Litro)","34,49 €"
Panidor Bolo Rei Virado embalagem 750 g,Panidor,,"9,49 €","(12,65 € / Kg)",
Aliada Luvas Flocadas Pequenas Rosa embalagem 1 par,Aliada,,"0,79 €","(0,79 € / Unidade)",
Cavacas das Caldas Bolos Raivas de Canela embalagem 300 g,Cavacas das Caldas,,"2,85 €","(9,50 € / Kg)",
Nescafé Dolce Gusto Café Espresso Intenso Intensidade 13 Pack 3 embalagem 48 cápsulas,Nescafé Dolce Gusto,,"14,89 €","(0,31 € / Unidade)",
Biomit Manteiga de Amêndoa com Pele Torrada Biológica frasco 230 g,Biomit,,"8,49 €","(36,91 € / Kg)",
Maredsous Cerveja da Bélgica Abbaye-Abdij garrafa 33 cl,Maredsous,,"3,29 €","(9,97 € / Litro)",
Hein Salsichas Bockwurst 4 Unidades embalagem 360 g,Hein,,"4,65 €","(12,92 € / Kg)",
Regateiro Vinho Branco da Bairrada Junior garrafa 75 cl,Regateiro,,"5,99 €","(7,99 € / Litro)",
Parodontax Escova de Dentes Interdental Suave embalagem 1 unidade,Parodontax,,"4,39 €","(4,39 € / Unidade)",
Bettery Barra Plant Based Zero Bar Caramelo embalagem 55 g,Bettery,,"1,90 €","(34,55 € / Kg)",
Ideal Tinge Tecidos Verde Escuro embalagem 1 unidade,Ideal,,"4,99 €","(4,99 € / Unidade)",
Capri-Sun Refrigerante de Manga e Maracujá embalagem 33 cl,Capri-Sun,,"0,89 €","(2,70 € / Litro)",
Los Vascos Vinho Branco do Chile Chardonnay garrafa 75 cl,Los Vascos,,"11,99 €","(15,99 € / Litro)",
Ultra Suave Condicionador Hidratante com Leite de Amêndoa para Cabelo Desidratado embalagem 400 ml,Ultra Suave,,"5,59 €","(13,98 € / Litro)",
Mimosa Proteína Leite de Cacau Pack 3 embalagem 250 ml,Mimosa Proteína,,"2,99 €","(3,99 € / Litro)",
Joana Reymão Nogueira A Colherada de Ovos Moles frasco 200 g,Joana Reymão Nogueira,,"5,90 €","(29,50 € / Kg)",
Casa do Porco Preto Copita de Porco Ibérico Bolota em Fatias unidade 80 g,Casa do Porco Preto,,"5,99 €","(74,88 € / Kg)",
El Corte Inglés Caldo de Legumes Líquido embalagem 1 L,El Corte Inglés,,"1,15 €","(1,15 € / Litro)",
Icecare Gelado Artesanal Chocolate embalagem 500 ml,Icecare,,"6,95 €","(13,90 € / Litro)",
After Eight Chocolates Sortidos de Menta embalagem 122 g,After Eight,,"6,25 €","(51,23 € / Kg)",
Adega Czar Licor Blue Berries garrafa 50 cl,Adega Czar,,"31,50 €",(63 € / Litro),
Airwick Ambientador Stick Perfumados Romã & Bergamota Italiana embalagem 80 ml,Airwick,,"16,99 €","(212,38 € / Litro)",
Ausonia Ultrafina Pensos de Noite Extra com Abas embalagem 8 unidades,Ausonia Ultrafina,,"1,99 €","(0,25 € / Unidade)",
Fever-Tree Água Tónica Light Pack 4 garrafa 20 cl,Fever-Tree,,"4,75 €","(5,94 € / Litro)",
Lactimonte Queijo Fresco de Vaca Meio Gordo Pasteurizado Médio embalagem 200 g,Lactimonte,,"1,45 €","(7,25 € / Kg)",
Santa Catarina Filete de Atum em Azeite Biológico lata 120 g,Santa Catarina,,"2,99 €","(22,42 € / Kg)","2,99 €"
Jean Louis David Super Polidor embalagem 1,Jean Louis David,,"2,83 €","(2,83 € / Unidade)",
Carte D'Or Gelado New York Cheeecake embalagem 900 ml,Carte D'Or,,"5,49 €","(6,10 € / Litro)",
Corpos Danone Iogurte Líquido Magro de Morango e Kiwi Pack 4 embalagem 155 g,Corpos Danone,,"3,39 €","(5,47 € / Kg)",
Bontá Divina Babà al Rum Pack 2 embalagem 240 g,Bontá Divina,,"3,19 €","(13,29 € / Kg)",
Nacional Farinha de Grão de Bico embalagem 400 g,Nacional,,"2,15 €","(5,38 € / Kg)",
Mimosa Manteiga sem Sal embalagem 250 g,Mimosa,,"2,29 €","(8,36 € / Kg)","2,29 €"
Viakal Detergente Tira Calcário embalagem 700 ml,Viakal,,"3,99 €","(5,70 € / Litro)",
Secos da Aldeia Pistcaho Torrado embalagem 180 g,Secos da Aldeia,,"4,99 €","(27,72 € / Kg)",
Serpis Azeitonas Recheadas de Anchova -35% Sal lata 350 g,Serpis,,"3,49 €","(9,97 € / Kg)",
Alma Cerveja Artesanal Alentejana garrafa 33 cl,Alma,,"2,59 €","(7,85 € / Litro)",
Listerine Elixir Oral Protecção Dentes & Gengivas Sabor Suave embalagem 1 L,Listerine,,"8,99 €","(8,99 € / Litro)",
Pantene Hair Biology Máscara Capilar Volume e Brilho embalagem 160 ml,Pantene Hair Biology,,"5,99 €","(37,44 € / Litro)",
"Don Simon Sumo de Ananás garrafa 1,5 L",Don Simon,,"1,49 €","(0,99 € / Litro)",
Cem Porcento Bolachas Marinheiras Integrais sem Adição de Açúcar embalagem 200 g,Cem Porcento,,"2,89 €","(14,45 € / Kg)",
Syoss Oleo Intense Coloração Permanente Nº 4-86 Castanho Gelado embalagem 1 unidade,Syoss Oleo Intense,,"11,29 €","(11,29 € / Unidade)",
Renova Gigaroll Déco Rolo de Cozinha Multiusos embalagem 1 unidade,Renova Gigaroll Déco,,"5,98 €","(5,98 € / Unidade)",
Mestre Henriques Chouriço Curado do Ribatejo embalagem 260 g,Mestre Henriques,,"4,98 €","(19,15 € / Kg)",
Condi Gelatina Light de Maçã embalagem 30 g,Condi,,"1,85 €","(61,67 € / Kg)",
Louro Arroz Doce embalagem 500 g,Louro,,"1,09 €","(2,18 € / Kg)",
Espiga Limão Desidratado frasco 20 g,Espiga,,"2,29 €","(114,50 € / Kg)",
Iswari Proteina Vegan de Chocolate e Canela Bio embalagem 400 g,Iswari,,"18,99 €","(47,48 € / Kg)",
Pepsi Max Zero Refrigerante com Gás sem Açúcar Pack 6 lata 33 cl,Pepsi Max Zero,,"3,99 €","(2,02 € / Litro)",
Maeloc Sidra Pera Pack 4 20 cl,Maeloc,,"5,99 €","(7,49 € / Litro)",
Pescanova Preparado para Mariscada sem Glúten embalagem 500 g,Pescanova,,"6,49 €","(12,98 € / Kg)",
Delta Café Moído Torrado Lote Chávena Moagem Saco embalagem 250 g,Delta,,"2,35 €","(9,40 € / Kg)",
Yoggi Iogurte Líquido de Morango e Banana Pack 4 embalagem 160 g,Yoggi,,"2,09 €","(3,27 € / Kg)",
El Zagal Sobrasada de Porco Preto,El Zagal,,"32,99 €/kg",,
Monte Cristo Cerveja da Bélgica garrafa 33 cl,Monte Cristo,,"6,95 €","(21,06 € / Litro)",
Ti António Fígado de Porco Fatiado Peso Aproximado por cuvete 450 g,Ti António,,"2,23 €","(4,95 € / Kg)",
Viñas Altas Vinho Tinto de Espanha Toro Jovem garrafa 75 cl,Viñas Altas,,"3,49 €","(4,65 € / Litro)",
Fernando de Castilla Vinho Jerez garrafa 75 cl,Fernando de Castilla,,"13,95 €","(18,60 € / Litro)",
Carte D'Or Gelado de Morango Les Classiques embalagem 750 ml,Carte D'Or,,"2,99 €","(3,99 € / Litro)",
Chipa de Queijo embalagem 240 g,,,"2,55 €","(10,62 € / Kg)",
Dalva Vinho do Porto Datado 20 Anos garrafa 75 cl,Dalva,,"41,90 €","(55,87 € / Litro)",
Boca Doce Pudim de Morango embalagem 22 g,Boca Doce,,"0,45 €","(20,45 € / Kg)",
Delaviuda Bombons de Chocolate Preto embalagem 150 g,Delaviuda,,"3,19 €","(21,27 € / Kg)",
Conde de Vimioso Vinho do Tejo Branco garrafa 75 cl,Conde de Vimioso,,"4,90 €","(6,53 € / Litro)",
O.B. ProComfort Tampões Normal embalagem 32 unidades,O.B. ProComfort,,"4,89 €","(0,15 € / Unidade)",
Funcho Peso Aproximado por cuvete 500 g,,,"2,50 €","(4,99 € / Kg)",
Iglo Green Cuisine Hambúrgueres Vegan 2 Unidades embalagem 200 g,Iglo Green Cuisine,,"5,49 €","(27,45 € / Kg)",
Colgate Maximum Pasta de Dentes Protection Caries embalagem 75 ml,Colgate Maximum,,"3,09 €","(26,53 € / Litro)","3,09 €"
Nau do Cacau Chocolate Preto Equador com Sementes de Cacau do Peru 82% Cacau Biológico embalagem 80 g,Nau do Cacau,,"5,29 €","(66,12 € / Kg)",
Provamel Bebida de Coco e Amêndoa Biológica embalagem 1 L,Provamel,,"3,45 €","(3,45 € / Litro)",
Andros Sobremesa de Maçã Pack 4 embalagem 100 g,Andros,,"2,29 €","(5,72 € / Kg)",
García Baquero Queijo Semicurado Light -42% de Gordura em Fatias embalagem 150 g,García Baquero,,"3,25 €","(21,67 € / Kg)",
Quaker Papas de Aveia com Canela embalagem 57 g,Quaker,,"1,09 €","(19,12 € / Kg)",
Vahiné Pasta de Açúcar Branca embalagem 250 g,Vahiné,,"5,19 €","(14,36 € / Kg)","5,19 €"
Adega Mayor Vinho Branco do Alentejo Seleção garrafa 75 cl,Adega Mayor,,"8,99 €","(11,99 € / Litro)",
Mum For Men Desodorizante Classic Roll-On embalagem 50 ml,Mum For Men,,"2,75 €","(5,50 € / 10 ml.)",
Fita Azul Espumante Bruto garrafa 75 cl,Fita Azul,,"5,99 €","(7,99 € / Litro)",
Bia Couscous com Tomate embalagem 250 g,Bia,,"2,99 €","(11,96 € / Kg)",
"English Tea Shop Infusão de Citronela, Maçã, Laranja e Especiarias Biológica embalagem 30 g",English Tea Shop,,"3,99 €",(133 € / Kg),
Secos da Aldeia Caju Frito com Sal embalagem 100 g,Secos da Aldeia,,"2,45 €","(24,50 € / Kg)",
Feel Natural Discos Desmaquilhantes Laváveis ??e Reutilizáveis embalagem 6 unidades,Feel Natural,,"9,99 €","(9,99 € / Unidade)",
Condi Zero % Gelatina de Papaia sem Glúten embalagem 28 g,Condi Zero %,,"1,85 €","(66,07 € / Kg)",
Abacate Biológico Peso Aproximado por unidade 350 g,,,"7,99 €/kg",,
Espiga Oregãos Folha frasco 8 g,Espiga,,"1,49 €","(186,25 € / Kg)",
Lindt Lindor Bombons de Avelã embalagem 200 g,Lindt Lindor,,"6,39 €","(31,95 € / Kg)",
Vitasnack Ananás Crocante Bio embalagem 28 g,Vitasnack,,"3,19 €","(113,93 € / Kg)",
Vale dos Ares Vinho Verde Branco Alvarinho garrafa 75 cl,Vale dos Ares,,"8,49 €","(11,32 € / Litro)",
Copa Sumo Natural de Maçã embalagem 250 ml,Copa,,"1,09 €","(4,36 € / Litro)",
Dr. Oetker Pizza Ristorante de Queijo Mozzarella sem Glúten embalagem 370 g,Dr. Oetker,,"5,69 €","(15,38 € / Kg)",
Maybelline Dream Radiant Liquid Base Líquida Nº 45 Mel embalagem 1 unidade,Maybelline Dream Radiant Liquid,,"11,99 €","(11,99 € / Unidade)",
Palmolive Wellness Gel de Banho Radiance Extrato de Coco embalagem 500 ml,Palmolive Wellness,,"4,99 €","(9,98 € / Litro)",
Orelha de Porco ao peso 1 kg,,,"4,95 €/kg",,
Innocent 100% Sumo de Laranja sem Polpa garrafa 900 ml,Innocent,,"2,79 €","(3,10 € / Litro)",
El Corte Inglés Folhas de Gelatina Neutra embalagem 20 g,El Corte Inglés,,"1,39 €","(69,50 € / Kg)",
Smileat Iogurte e Framboesa +12 Meses sem Glúten Biológico embalagem 100 g,Smileat,,"1,59 €","(15,90 € / Kg)",
Mc Chouffe Cerveja da Bélgica Brune garrafa 33 cl,Mc Chouffe,,"4,69 €","(14,21 € / Litro)",
Skyy Vodka garrafa 70 cl,Skyy,,"19,99 €","(28,56 € / Litro)",
Toddy Achocolatado em Pó Light embalagem 400 g,Toddy,,"3,29 €","(8,22 € / Kg)",
SIMON COLL Chocolate Negro Napolitanas embalagem 60 g,SIMON COLL,,"7,85 €","(130,83 € / Kg)",
Forma + Elegance Plus Barra de Cereais de Chocolate e Caramelo embalagem 55 g,Forma + Elegance Plus,,"1,35 €","(24,55 € / Kg)",
Persil Premium Detergente para a Máquina da Roupa Limpo e Suave Gel embalagem 60 doses,Persil Premium,,"24,99 €","(0,42 € / Dose)",
Royal Chef Paella Mista embalagem 1000 g,Royal Chef,,"8,95 €","(8,95 € / Kg)",
Alifar Soro Fisiológico embalagem 100 ml,Alifar,,"0,69 €","(6,90 € / Litro)",
Prozis Chocolate de Leite Proteína embalagem 27 g,Prozis,,"1,29 €","(47,78 € / Kg)",
Voltan Ravioli de Queijo de Cabra e Cebola Vermelha Caramelizada embalagem 250 g,Voltan,,"4,45 €","(17,80 € / Kg)",
Whipering Angel Vinnho Rosé Francês garrafa 75 cl,Whipering Angel,,"20,95 €","(27,93 € / Litro)",
Don Algodon Ambientador Mikado embalagem 45 ml,Don Algodon,,"6,35 €","(141,11 € / Litro)",
Lombo de Moxama de Atum ao peso 1 kg,,,"90,35 €","(69,50 € / Kg)",
Don Bernardo Queijo de Espanha Manchego Velho embalagem 250 g,Don Bernardo,,"8,98 €","(35,92 € / Kg)",
Mr. Cheese Queijo Gouda Ervas Porção Peso Aproximado 200 g,Mr. Cheese,,"20,99 €/kg",,
Globo Folha de Gelatina Prata embalagem 1 unidade,Globo,,"0,85 €","(0,85 € / Unidade)",
"Guaraná Antarctica garrafa 1,5 L",Guaraná Antarctica,,"2,29 €","(1,53 € / Litro)",
Delverde Fettuccine Nido Ovo embalagem 250 g,Delverde,,"1,89 €","(7,56 € / Kg)",
Topázio Vinho Tinto do Douro garrafa 75 cl,Topázio,,"4,99 €","(6,65 € / Litro)",
Storck Pipocas de Caramelo Brezel Werther embalagem 140 g,Storck,,"5,09 €","(36,36 € / Kg)",
Ambi Pur 3 Volution Ambientador Eléctrico Campos de Lavanda embalagem 20 ml,Ambi Pur 3 Volution,,"9,99 €","(499,50 € / Litro)",
Veggis Chick'n Yuumi embalagem 150 g,Veggis,,"6,99 €","(46,60 € / Kg)",
Diese Bolachas Integrais com Limão embalagem 200 g,Diese,,"2,59 €","(12,95 € / Kg)",
Conjunto Vinho Tinto do Douro Papa Figos + Vinho Tinto do Alentejo Trinca Bolotas garrafa 75 cl,,,"14,48 €","(9,65 € / Litro)",
"Syoss Color Champô para Cabelo Pintado, com Madeixas embalagem 440 ml",Syoss Color,,"6,99 €","(15,89 € / Litro)",
Arco D'Aguieira Vinho Branco da Bairrada garrafa 75 cl,Arco D'Aguieira,,"17,99 €","(23,99 € / Litro)",
Próvida Sementes de Girassol Biológicas embalagem 200 g,Próvida,,"1,75 €","(8,75 € / Kg)",
Fresh Wave Neutralizador de Odores Pérolas embalagem 400 g,Fresh Wave,,"12,99 €","(32,48 € / Kg)",
El Corte Inglés Selection Mexilhões em Escabeche Fritos em Azeite 6-8 Unidades lata 69 g,El Corte Inglés Selection,,"6,45 €","(93,48 € / Kg)",
Dermexcellence Máscara para Criança Rosa embalagem 1 unidade,Dermexcellence,,"1,49 €","(1,49 € / Unidade)",
Quinta do Passadouro Vinho do Porto Vintage 2019 garrafa 75 cl,Quinta do Passadouro,,"49,90 €","(66,53 € / Litro)",
Nestlé Lion Cereais de Chocolate e Caramelo embalagem 400 g,Nestlé Lion,,"3,89 €","(9,72 € / Kg)",
Canderel Choclate de Leite e Avelãs embalagem 27 g,Canderel,,"0,99 €","(36,67 € / Kg)",
Azeitona Preta Extra kg,,,"9,49 €/kg",,
Serramel Mel de Tília frasco 300 g,Serramel,,"4,75 €","(15,83 € / Kg)",
Mackays Compota de Framboesa frasco 340 g,Mackays,,"3,79 €","(7,79 € / Kg)","3,79 €"
Frial Peito de Peru Peso,Frial,,"22,99 €/kg",,
Knorr Pasta Pot Massa Cogumelos 1 porção embalagem 68 g,Knorr Pasta Pot,,"2,15 €","(31,62 € / Kg)",
Pip's Néctar de Maçã embalagem 100 cl,Pip's,,"1,59 €","(1,59 € / Litro)",
Delverde Festonati Nº225 embalagem 500 g,Delverde,,"1,99 €","(3,98 € / Kg)",
Studio Mineral FX Gel Muito Fixante embalagem 150 ml,Studio Mineral FX,,"5,99 €","(39,93 € / Litro)",
El Corte Inglés Paté de Fígado de Ganso + Pato Pack 2 embalagem 70 g,El Corte Inglés,,"3,15 €","(22,50 € / Kg)",
Renova Art de La Table Guardanapos Branco Grandes 90 unidades,Renova Art de La Table,,"1,39 €","(0,02 € / Unidade)",
Vitasnack Laranja Crocante sem Glúten Biológica embalagem 20 g,Vitasnack,,"2,99 €","(149,50 € / Kg)",
Vileda Microfibra Esfregona de Microfibras e Algodão Recarga embalagem 1 unidade,Vileda Microfibra,,"4,19 €","(4,19 € / Unidade)",
Jacquot Trufas de Avelãs embalagem 200 g,Jacquot,,"3,49 €","(17,45 € / Kg)",
Instituto Espanol Desodorizante para Peles Atópicas Roll-On embalagem 75 ml,Instituto Espanol,,"3,49 €","(46,53 € / Litro)",
Ti António Entrecosto de Porco Fatiado Peso Aproximado por cuvete 750 g,Ti António,,"8,62 €","(11,49 € / Kg)",
Segafredo Café Moído Intermezzo embalagem 250 g,Segafredo,,"3,59 €","(14,36 € / Kg)",
Herbex Louro embalagem 40 g,Herbex,,"0,75 €","(18,75 € / Kg)",
Gorila Super Pastilhas Tutti Frutti embalagem 1 unidade,Gorila Super,,"0,69 €","(0,69 € / Unidade)",
Lacasitos Chocolate Minions embalagem 20 g Imagem Sortida.,Lacasitos,,"2,19 €","(109,50 € / Kg)",
Herédias Vinho Branco do Douro garrafa 75 cl,Herédias,,"8,65 €","(11,53 € / Litro)",
Compal Clássico Néctar de Manga Magdalena embalagem 33 cl,Compal Clássico,,"0,85 €","(2,58 € / Litro)",
El Corte Inglés Cocktail de Frutas sem Açúcares Adicionados lata 480 g,El Corte Inglés,,"2,75 €","(5,73 € / Kg)",
Fabridoce Risonhas com Sésamo e Pevides embalagem 120 g,Fabridoce,,"2,29 €","(19,08 € / Kg)",
Valformoso Queijo Flamengo Ralado embalagem 150 g,Valformoso,,"1,39 €","(9,27 € / Kg)",
Yogolino Sobremesa Láctea Natural sem Açúcares Adicionados desde 6 meses embalagem 100 g,Yogolino,,"1,15 €","(11,50 € / Kg)",
Maria Saudade Vinho Verde Branco garrafa 75 cl,Maria Saudade,,"4,49 €","(5,99 € / Litro)",
Nobre Cuida-t + Peito de Peru Braseado em Fatias Finas Baixo Teor de Sal e Gordura sem Lactose sem Glúten embalagem 110 g,Nobre Cuida-t +,,"2,69 €","(24,45 € / Kg)",
Santiveri Fatia de Bolo com Passas embalagem 1 unidade,Santiveri,,"1,55 €","(28,18 € / Kg)",
Dez Prá Uma Mousse de Chocolate para 1 pessoa frasco 350 g,Dez Prá Uma,,"3,50 €",(10 € / Kg),
Ausonia Discreet Cuecas para Adultos com Incontinência Plus Tamanho Grande embalagem 8 unidades,Ausonia Discreet,,"9,99 €","(0,94 € / Unidade)","9,99 €"
Jean Louis David Esponja Desmaquilhante embalagem 1 unidade,Jean Louis David,,"3,27 €","(3,27 € / Unidade)",
Xanpa Detergente Líquido Chão Amigos dos Animais embalagem 1 L,Xanpa,,"3,05 €","(3,05 € / Litro)",
Smileat Pera e Maçã Biológica frasco 130 g,Smileat,,"1,69 €",(13 € / Kg),
Koala Gelatina Vegetal de Manga embalagem 130 g,Koala,,"0,99 €","(7,62 € / Kg)",
Babaria Gel Extreme Control embalagem 150 ml,Babaria,,"2,49 €","(16,60 € / Litro)",
Poco Loco Tortilha Chips Natural embalagem 200 g,Poco Loco,,"2,35 €","(11,75 € / Kg)",
Hansaplast Pensos Forte Adesividade embalagem 20 unidades,Hansaplast,,"2,08 €","(0,10 € / Unidade)",
Nau Filete de Robalo embalagem 300 g,Nau,,"7,49 €","(24,97 € / Kg)",
"Trident Fruit Pastilhas de Frutos Silvestres Pack 4 embalagem 14,5 g",Trident Fruit,,"2,59 €","(0,04 € / Unidade)",
Bear Fruits Máscara Capilar Hidratante de Coco embalagem 20 ml,Bear Fruits,,"5,99 €","(299,50 € / Litro)",
Miolo Pão de Alfarroba Biológico unidade 420 g,Miolo,,"3,95 €","(9,40 € / Kg)",
Glade Ambientador Automatic Merry Berry + Apple Cosy Cider embalagem 807 ml,Glade,,"19,47 €","(24,13 € / Litro)",
Cachaço de Borrego Peso Aproximado 450 g,,,"13,95 €/kg",,
Cem Porcento Nutríssimas Bolachas Integrais de Gengibre embalagem 160 g,Cem Porcento Nutríssimas,,"2,69 €","(16,81 € / Kg)",
Monte da Ravasqueira Vinho Tinto do Alentejo Reserva garrafa 75 cl,Monte da Ravasqueira,,"9,99 €","(13,32 € / Litro)",
El Corte Inglés Limões embalagem 750 g,El Corte Inglés,,"1,99 €","(2,65 € / Kg)",
Nivea Naturally Good Gel de Banho com Infusão de Óleo Perfume de Gerânio embalagem 500 ml,Nivea Naturally Good,,"6,49 €","(12,98 € / Litro)",
Sonasol Wc Bloco Sanitário Blue Activ Floral embalagem 50 g,Sonasol Wc,,"3,09 €","(61,80 € / Kg)",
Intimy Preservativos embalagem 18 unidades,Intimy,,"9,15 €","(0,51 € / Unidade)",
Saltin Bolachas de Queijo e Manteiga embalagem 385 g,Saltin,,"3,19 €","(8,29 € / Kg)",
Tresemmé Hidratação Intensa Condicionador para Cabelo Seco embalagem 500 ml,Tresemmé Hidratação Intensa,,"4,19 €","(8,38 € / Litro)",
Tété Queijo Fresco de Vaca Pack 2 embalagem 160 g,Tété,,"1,55 €","(9,69 € / Kg)",
Pera Rocha Tradicional 65/70 Peso Aproximado por unidade 130 g,,,"2,19 €/kg",,
Lysol Desinfectante Multiusos Spray embalagem 500 ml,Lysol,,"4,49 €","(8,98 € / Litro)",
Murganheira Espumante Touriga Nacional Bruto garrafa 75 cl,Murganheira,,"30,59 €","(40,79 € / Litro)",
El Corte Inglés Cogumelos Laminados Pack 3 embalagem 315 g,El Corte Inglés,,"1,95 €","(6,19 € / Kg)",
Solan de Cabras Água Mineral Natural garrafa 33 cl,Solan de Cabras,,"0,65 €","(1,97 € / Litro)",
Solar dos Lobos Vinho Tinto Regional do Algarve Trios garrafa 75 cl,Solar dos Lobos,,"9,99 €","(13,32 € / Litro)",
Secos da Aldeia Caju Frito sem Sal embalagem 100 g,Secos da Aldeia,,"2,45 €","(24,50 € / Kg)",
Yang-Tse Arroz para Sushi embalagem 500 g,Yang-Tse,,"2,89 €","(5,78 € / Kg)",
Nonno Nanni Queijo Stracciatella unidade 150 g,Nonno Nanni,,"4,29 €","(28,60 € / Kg)",
"Cordeiro Metades ou Inteiro Peso da Embalagem Aproximado 1,2 kg",,,"19,95 €/kg",,
El Corte Inglés Rolo de Cozinha Compacto 2 Camadas embalagem 6 unidades,El Corte Inglés,,"5,75 €","(0,96 € / Unidade)",
Chavroux Rolo de Queijo de Cabra unidade 150 g,Chavroux,,"3,59 €","(23,93 € / Kg)",
Couve Flor Cortada embalagem 500 g,,,"2,49 €","(4,98 € / Kg)",
Quinta dos Roques Vinho Branco do Dão garrafa 75 cl,Quinta dos Roques,,"7,25 €","(9,67 € / Litro)",
Codyfer Atacador Castanho 90 cm 1 unidade,Codyfer,,"2,05 €","(2,05 € / Unidade)",
Starbucks Café Colombia para Dolce Gusto Intensidade 7 embalagem 12 cápsulas,Starbucks,,"5,39 €","(0,45 € / Unidade)",
Falua Vinho Branco Regional do Tejo garrafa 75 cl,Falua,,"5,99 €","(7,99 € / Litro)",
Gran Bavaresse Queijo Azul kg,Gran Bavaresse,,"12,99 €/kg",,
Iogurte Activia Natural 120 g,,,"2,49 €","(5,19 € / Kg)",
Quanto Amaciador para a Roupa Lírios e Frutos Vermelhos Concentrado embalagem 76 doses,Quanto,,"9,99 €","(0,13 € / Dose)",
Rapazotes Vinho Tinto do Douro Reserva garrafa 75 cl,Rapazotes,,"11,99 €","(15,99 € / Litro)",
Nacional Bolachas Coockies de Aveia embalagem 150 g,Nacional,,"2,09 €","(13,93 € / Kg)",
Gatão Vinho Verde Garrafa Bordalesa Branco garrafa 75 cl,Gatão,,"3,65 €","(4,87 € / Litro)",
Condi Gelatina de Ananás embalagem 170 g,Condi,,"1,75 €","(10,29 € / Kg)",
Bicafé Café Ristretto Maxi para Nespressoi Intensidade 12 embalagem 30 cápsulas,Bicafé,,"5,95 €","(0,20 € / Unidade)",
Belfine Chupa de Chocolate Unicórnio e Dragão embalagem 35 g,Belfine,,"2,29 €","(65,43 € / Kg)",
Só Vinha Vinho Branco Regional do Minho garrafa 75 cl,Só Vinha,,"8,90 €","(11,87 € / Litro)",
El Cantero de Letur Kéfir de Vaca sem Lactose Pack 2 frasco 125 g,El Cantero de Letur,,"2,15 €","(8,60 € / Kg)",
Aluzé Vinho Branco do Douro garrafa 75 cl,Aluzé,,"10,85 €","(14,47 € / Litro)",
"Aneto Vinho Branco do Douro Colheita Tardia garrafa 37,5 cl",Aneto,,"16,50 €",(44 € / Litro),
Adega Mayor Vinho Tinto do Alentejo garrafa 75 cl,Adega Mayor,,"4,99 €","(6,65 € / Litro)",
Cem Porcento Farelo de Aveia Integral embalagem 400 g,Cem Porcento,,"1,49 €","(3,72 € / Kg)",
Glade Ambientador Aerosol Pure Clean Linen embalagem 300 ml,Glade,,"2,59 €","(8,63 € / Litro)",
Adegamãe Vinho Branco de Lisboa Viosinho garrafa 75 cl,Adegamãe,,"9,65 €","(12,87 € / Litro)",
Codyfer Atacador Preto 180 cm 1 unidade,Codyfer,,"2,85 €","(2,85 € / Unidade)",
Nolita Preparado Mix Panquecas Prebióticas Blackberry Zero Açúcar Adicionado Biológico sem Glúten embalagem 420 g,Nolita,,"6,49 €","(15,45 € / Kg)",
São Jorge Queijo Regional DOP Cura 3 Meses,São Jorge,,"13,95 €/kg",,
Nobre Vegalia Salsichas de Soja Vegetarianas lata 160 g,Nobre Vegalia,,"2,29 €","(11,81 € / Kg)","2,29 €"
Lacasa Trufas de Cacau Puro lata 100 g,Lacasa,,"7,39 €","(73,90 € / Kg)",
Gillette Mach 3 Turbo Máquinas Recargas embalagem 4 unidades,Gillette Mach 3 Turbo,,"14,99 €","(3,75 € / Unidade)",
Johnson's Gel de Banho Cotton Touch embalagem 500 ml,Johnson's,,"3,89 €","(7,78 € / Litro)",
Côte D'Or Mignonnette Chocolate Preto embalagem 240 g,Côte D'Or Mignonnette,,"5,99 €","(24,96 € / Kg)",
El Corte Inglés Selection Mirtilos Desidratados embalagem 300 g,El Corte Inglés Selection,,"3,99 €","(13,30 € / Kg)",
"Courgette Peso Aproximado por cuvete 1,100 kg",,,"4,39 €","(3,99 € / Kg)",
Yogi Tea Infusão de Ervas com Equinácea Biológica embalagem 17 unidades,Yogi Tea,,"4,09 €","(0,24 € / Unidade)",
Nutrísse Creme Coloração Nº 5.3 Castanho Dourado embalagem 190 ml,Nutrísse Creme,,"9,49 €","(49,95 € / Litro)",
Redondo Iglesias Salsichão Ibérico de Bolota unidade 100 g,Redondo Iglesias,,"5,45 €","(54,50 € / Kg)",
Quintal dos Açores Pimenta com Alho frasco 500 g,Quintal dos Açores,,"3,35 €","(6,70 € / Kg)",
Hell Energy Bebidas Energética Energy R- Grape lata 25 cl,Hell Energy,,"0,79 €","(3,16 € / Litro)",
Martiko Salmão Fumado da Noruega sem Açúcar embalagem 200 g,Martiko,,"15,98 €","(79,90 € / Kg)",
"Nestlé Cerelac Seleção da Natureza Aveia, Maçã e Cenoura desde os 6 Meses embalagem 240 g",Nestlé Cerelac Seleção da Natureza,,"3,49 €","(14,54 € / Kg)",
El Corte Inglés Água Tónica Pack 6 garrafa 120 cl,El Corte Inglés,,"2,19 €",,
Ti Piedade Pão de Ló de Canela embalagem 500 g,Ti Piedade,,"11,90 €","(23,80 € / Kg)",
Dettol Sabonete Líquido para as Mãos Suavizante embalagem 250 ml,Dettol,,"3,99 €","(15,96 € / Litro)",
Gelado Dona Amélia copo 150 ml,,,"2,70 €",(18 € / Litro),
Muros Antigos Vinho Verde Alvarinho Branco garrafa 75 cl,Muros Antigos,,"9,99 €","(13,32 € / Litro)",
Babaria Creme para o Corpo Vitamina B3+ embalagem 400 ml,Babaria,,"4,79 €","(8,98 € / Litro)","4,79 €"
Not Guilty Manteiga de Amendoim Crocante 100% frasco 200 g,Not Guilty,,"2,99 €","(14,95 € / Kg)",
Terras do Avô Vinho Tinto da Madeira DOP garrafa 75 cl,Terras do Avô,,16 €,"(21,33 € / Litro)",
Camarão Selvagem 30/40 1 kg,,,"32,90 €/kg",,"32,90 €/kg"
Beyra Conjunto Três Vinhos Tinto da Beira Interior Reserva garrafa 75 cl,Beyra,,"25,90 €","(34,53 € / Litro)",
Serramel Mel de Eucalipto da Beira Litoral frasco 300 g,Serramel,,"4,59 €","(15,30 € / Kg)",
Dona Pimentinha Molho de Piri-Piri frasco 200 ml,Dona Pimentinha,,"1,70 €","(0,85 € / 10 ml.)",
Ambi Pur 3 Volution Ambientador Eléctrico Puro e Fresco Recarga 42 ml,Ambi Pur 3 Volution,,"10,99 €","(261,67 € / Litro)",
Noval Vinho do Porto Ruby garrafa 75 cl,Noval,,"11,99 €","(15,99 € / Litro)",
Matinal Manteiga com Sal Magra embalagem 250 g,Matinal,,"2,59 €","(10,36 € / Kg)",
+ Cru Sementes de Chia Biológicas embalagem 250 g,+ Cru,,"4,99 €","(19,96 € / Kg)",
Kaiku Col Iogurte Líquido de Framboesa 0% Açúcar Pack 6 embalagem 65 ml,Kaiku Col,,"3,79 €","(9,72 € / Litro)",
Johnnie Walker Whisky White Walker garrafa 70 cl,Johnnie Walker,,"46,99 €","(67,13 € / Litro)",
Paiva Queijo de Lamego Curado Amanteigado em Fatias embalagem 180 g,Paiva,,"2,65 €","(14,72 € / Kg)",
Ultra Suave Crianças Creme para Pentear Delicadeza de Aveia embalagem 150 ml,Ultra Suave Crianças,,"4,99 €","(33,27 € / Litro)",
"Lagunitas Cerveja dos Estados Unidos da América Artesanal IPA lata 35,5 cl",Lagunitas,,"1,79 €","(5,04 € / Litro)",
Mélange à 3 Conjunto 2 Vinhos Tinto do Dão Caravalhais garrafa 75 cl,Mélange à 3,,"11,98 €","(7,99 € / Litro)",
Simple Farinha de Coco sem Glúten Biológica embalagem 630 g,Simple,,"4,99 €","(7,92 € / Kg)",
Próvida Papas de Aveia Porridge Cacau e Fibra Psílio sem Adição Açúcar Vegan Biológico sem Glúten embalagem 300 g,Próvida,,"3,19 €","(10,63 € / Kg)",
Pão Crocante 5 Grãos embalagem 180 g,,,"2,69 €","(14,94 € / Kg)",
Frosties Cereais embalagem 375 g,Frosties,,"2,55 €","(6,80 € / Kg)",
El Corte Inglés Fraldas 13 a 18 Kg Tamanho 5 embalagem 33 unidades,El Corte Inglés,,"5,30 €","(0,16 € / Unidade)",
Mercurochrome Penso Rápido Sensitive embalagem 40,Mercurochrome,,"3,99 €","(0,10 € / Unidade)",
"Raid Night & Day Insecticida Eléctrico Moscas, Mosquitos e Formigas Recarga 1 unidade",Raid Night & Day,,"7,69 €","(7,69 € / Unidade)",
Gran Pavesi Crackers com Sal embalagem 560 g,Gran Pavesi,,"2,89 €","(5,16 € / Kg)",
Twix Chocolate embalagem 50 g,Twix,,"1,05 €","(15,80 € / Kg)","1,05 €"
Delícias do Vimeiro Pastéis de Coco embalagem 6 unidades,Delícias do Vimeiro,,"6,50 €","(1,08 € / Unidade)",
Quinta da Carregosa Vinho Branco do Douro Colheita garrafa 75 cl,Quinta da Carregosa,,"5,75 €","(7,67 € / Litro)",
Pur Natur Compota de Figo Biológica frasco 370 g,Pur Natur,,"4,30 €","(11,62 € / Kg)",
Gillette Blue II Lâminas de Barbear Descartáveis embalagem 10 unidades,Gillette Blue II,,"5,99 €","(0,60 € / Unidade)",
Quinta de Cabriz Vinho Branco do Dão Encruzado Reserva garrafa 75 cl,Quinta de Cabriz,,"9,49 €","(12,65 € / Litro)",
Brócolos Peso Aproximado por unidade 550 g,,,"2,99 €/kg",,
Vianeza Vida Boa Massa Rolitos com Aveia sem Glúten embalagem 250 g,Vianeza Vida Boa,,"4,39 €","(17,56 € / Kg)",
Bioterra Bombons Recheados de Figo Bio embalagem 162 g,Bioterra,,"14,99 €","(92,53 € / Kg)",
Cabriz Espumante Bruto garrafa 75 cl,Cabriz,,"7,99 €","(10,65 € / Litro)",
Narta Invisível Desodorizante Anti-Manchas Spray embalagem 200 ml,Narta Invisível,,"4,29 €","(21,45 € / Litro)",
Joya Iogurte de Leite de Coco com Pedaços de Morango Vegan embalagem 200 g,Joya,,"2,19 €","(10,95 € / Kg)",
Regina Bombons Coração embalagem 250 g,Regina,,"8,75 €",(35 € / Kg),
Destop Eliminador de Odores Express Gel embalagem 1 L,Destop,,"7,99 €","(7,99 € / Litro)",
Guloso Tomate em Pedaços embalagem 390 g,Guloso,,"1,75 €","(4,49 € / Kg)",
Cistér Feijão Frade Cozido lata 425 g,Cistér,,"0,81 €","(1,91 € / Kg)",
Joana Reymão Nogueira Bolo da Avó de Iogurte embalagem 500 g,Joana Reymão Nogueira,,"5,25 €","(10,50 € / Kg)",
Danone Yopro Mousse de Caramelo Salgado embalagem 200 g,Danone Yopro,,"2,74 €","(13,70 € / Kg)",
Rim 1 unidade,,,"0,90 €","(0,90 € / Unidade)",
Galbani Queijo Mozzarella unidade 125 g,Galbani,,"1,89 €","(15,12 € / Kg)",
Ceres 100% Sumo de Goiaba sem Açúcar embalagem 1 L,Ceres,,"2,55 €","(2,55 € / Litro)",
Ermitão Queijo Amanteigado de Ovelha unidade 400 g,Ermitão,,"7,99 €","(19,98 € / Kg)",
Kellogg's Cereais Krave Chocolate de Leite embalagem 410 g,Kellogg's,,"4,49 €","(10,95 € / Kg)",
Codyfer Atacador Castanho 60 cm 1 unidade,Codyfer,,"2,25 €","(2,25 € / Unidade)",
Gelado Cookie Vermont copo 427 ml,,,"6,79 €","(15,90 € / Litro)",
San Pellegrino Água com Sabor a Laranja e Framboesa Preta garrafa 50 cl,San Pellegrino,,"1,69 €","(3,38 € / Litro)",
Vitacress Batata Jovem embalagem 700 g,Vitacress,,"2,59 €","(3,70 € / Kg)",
Marnoto Flor de Sal embalagem 250 g,Marnoto,,"4,59 €","(18,36 € / Kg)",
Trident Senses Pastilhas Rainforest Mint sem Açúcar Pack 3 embalagem 23 g,Trident Senses,,"2,59 €","(112,61 € / Kg)",
Veckia Elixir Menta Fresca com Flúor embalagem 100 ml,Veckia,,"0,82 €","(0,82 € / 10 ml.)",
Gillette Creme Hidratante Skin Ultra Sensitive embalagem 100 ml,Gillette,,"8,99 €","(44,95 € / Litro)",
Té O Arandos Desidratados Biológicos embalagem 125 g,Té O,,"4,35 €","(34,80 € / Kg)",
Mackays Geleia de Morango e Champanhe frasco 340 g,Mackays,,"3,99 €","(8,21 € / Kg)","3,99 €"
"English Tea Shop Chá Branco, Mirtilo e Flor de Sabugueiro Biológico embalagem 40 g",English Tea Shop,,"3,99 €","(99,75 € / Kg)",
Casa de Santa Vitória Vinho Tinto do Alentejo Seleção garrafa 75 cl,Casa de Santa Vitória,,"6,49 €","(8,65 € / Litro)",
Jean Louis David Escova Desembaraçar Pequena embalagem 1 unidade,Jean Louis David,,"11,21 €","(11,21 € / Unidade)",
Royal Gelatina Light de Frutos do Bosque embalagem 31 g,Royal,,"2,09 €","(67,42 € / Kg)",
Somersby Sidra de Maçã garrafa 20 cl,Somersby,,1 €,(5 € / Litro),
Lu Barquette Bolachas Recheadas com Morango embalagem 120 g,Lu Barquette,,"1,99 €","(16,58 € / Kg)",
Sunbites Snack de Multicereais com Sabor a Sour Cream e Pimenta embalagem 95 g,Sunbites,,"1,89 €","(19,89 € / Kg)",
L'Oréal Elvive Dream Long Super Amaciador para Cabelo Comprido e Estragado embalagem 300 ml,L'Oréal,,"5,89 €","(19,63 € / Litro)",
Dietisa Tisana Oliveira embalagem 50 g,Dietisa,,"1,49 €","(29,80 € / Kg)",
Secretos de Porco Ibérico peso aproximado por embalagem 1 kg,,,"27,95 €/kg",,
Miguel Vergara Escalopes de Novilho Angus kg,Miguel Vergara,,"3,74 €","(24,95 € / Kg)",
"Lello Vinho do Douro Tinto garrafa 1,5 L",Lello,,"16,59 €","(11,06 € / Litro)",
Granini Néctar de Banana garrafa 1 L,Granini,,"2,75 €","(2,75 € / Litro)",
"Vimeiro Água Original sem Gás garrafa 1,5 L",Vimeiro,,"0,72 €","(0,48 € / Litro)",
Flor de Esgueva Queijo de Ovelha Curado,Flor de Esgueva,,"28,89 €/kg",,
Haagen-Dazs Gelado Fudge Brownie Pack 4 unidades 95 ml,Haagen-Dazs,,"6,75 €","(17,76 € / Litro)",
Phunk Bebida Hard Seltzer Água com Gás e Álcool com Sabor a Cereja lata 25 cl,Phunk,,"1,89 €","(7,56 € / Litro)",
Clean & Clear Loção Exfoliante para Pontos Negros embalagem 150 ml,Clean & Clear,,"6,99 €","(46,60 € / Litro)",
Red Bull Bebida energética lata 25 cl,Red Bull,,"1,39 €","(5,56 € / Litro)",
Guylian Frutos do Mar Cubo Presente embalagem 195 g,Guylian,,"9,99 €","(51,23 € / Kg)",
El Corte Inglés Almôndegas lata 415 g,El Corte Inglés,,"1,99 €","(4,80 € / Kg)",
Nivea Men Protect & Care Desodorizante Spray embalagem 150 ml,Nivea Men Protect & Care,,"4,69 €","(31,27 € / Litro)",
Aliada Luvas de Vinil Práticas e Resistentes Médias/Grandes embalagem 20 unidades,Aliada,,"3,99 €","(0,20 € / Unidade)",
Aloma Palmier Recheado unidade,Aloma,,"0,95 €","(0,95 € / Unidade)",
Farcedo Salsichão Extra em Fatias embalagem 100 g,Farcedo,,"1,99 €","(19,90 € / Kg)",
Bombons Licor Vintage lata 250 g,,,"24,95 €","(99,80 € / Kg)",
Andros Gourmand & Végétal Sobremesa de Leite de Coco Natural Pack 4 embalagem 100 g,Andros Gourmand & Végétal,,"2,99 €","(7,48 € / Kg)",
Excellence Creme Coloração Nº 4 Castanho embalagem 1 unidade,Excellence Creme,,"11,99 €","(11,99 € / Unidade)",
Beiralacte Queijo da Beira Baixa DOP Castelo Branco Peso Aproximado por unidade 1 kg,Beiralacte,,"23,69 €","(23,69 € / Kg)",
Goshua Iogurte Natural Açucarado frasco 145 g,Goshua,,"1,79 €","(12,34 € / Kg)",
Salutem Farelo de Aveia embalagem 200 g,Salutem,,"1,08 €","(5,40 € / Kg)",
Jardin Bio Sumo de Ameixa Biológico garrafa 75 cl,Jardin Bio,,"7,55 €","(10,07 € / Litro)",
Airwick Ambientador Vetiver das Caraíbas embalagem 205 g,Airwick,,"9,99 €","(48,73 € / Kg)",
Evax Cottonlike Pensos Higiénicos com Abas Noite embalagem 18 unidades,Evax Cottonlike,,"4,99 €","(0,28 € / Unidade)",
Air Wick Life Scents Ambientador Freshmatic Aerossol Delícias de Verão Recarga embalagem 250 ml,Air Wick Life Scents,,"5,99 €","(23,96 € / Litro)",
"El Corte Inglés Amoníaco Perfumado embalagem 1,5 L",El Corte Inglés,,"0,85 €","(0,57 € / Litro)",
Santini Gelado Picolini de Maracujá Pack 6 embalagem 65 g,Santini,,15 €,"(38,46 € / Kg)",
Mestemacher Pão de Centeio Biológico embalagem 500 g,Mestemacher,,"2,39 €","(4,78 € / Kg)",
Defesa do Esporão Vinho Tinto do Alentejo garrafa 75 cl,Defesa do Esporão,,"4,99 €","(6,65 € / Litro)",
Pur Natur Compota de Morango sem Açúcar Biológica embalagem 250 g,Pur Natur,,"4,85 €","(19,40 € / Kg)",
Fanya Germinados de Brócoli embalagem 100 g,Fanya,,"2,45 €","(24,50 € / Kg)",
Bliss Out Manteiga de Amendoim Mocha Kick com Cacau e Café Biológica frasco 225 g,Bliss Out,,"5,75 €","(25,56 € / Kg)",
"Dessange Escova de Cabelo ""Óleo de Coco"" embalagem 1 unidade",Dessange,,"9,99 €","(9,99 € / Unidade)",
El Corte Inglés Filetes de Anchova em Óleo de Girassol lata 29 g,El Corte Inglés,,"1,15 €","(39,66 € / Kg)",
Vasco da Gama Cavalinhas em Óleo Vegetal lata 120 g,Vasco da Gama,,"1,25 €","(10,42 € / Kg)",
Dietisa Chá de Ervas Sene embalagem 50 g,Dietisa,,"1,49 €","(29,80 € / Kg)",
Snickers Bebida Láctea com Sabor a Chocolate garrafa 350 ml,Snickers,,"1,75 €",(5 € / Litro),
El Corte Inglés Selection Polvo em Molho à Marinheira lata 72 g,El Corte Inglés Selection,,"5,99 €","(53,96 € / Kg)",
Cimarrom Alperce Seco embalagem 150 g,Cimarrom,,"3,75 €",(25 € / Kg),
Messias Vinho Tinto do Douro Superior garrafa 75 cl,Messias,,"11,50 €","(15,33 € / Litro)",
Trois Rivières Rum garrafa 70 cl,Trois Rivières,,"18,49 €","(26,41 € / Litro)",
Monte Cascas Vinho Tinto do Alentejo Reserva garrafa 75 cl,Monte Cascas,,"11,99 €","(15,99 € / Litro)",
El Corte Inglés Selection Anchovas 00 em Azeite Virgem Extra 12/15 Filetes embalagem 55 g,El Corte Inglés Selection,,"7,75 €","(140,91 € / Kg)",
Babaria Desodorizante Refrescante Bergamota e Lima Roll-On embalagem 70 ml,Babaria,,"1,69 €","(24,14 € / Litro)",
Quinas Fósforos Longos 3 unidades,Quinas,,"2,89 €","(0,96 € / Unidade)",
"Taça de Profiteroles com Chocolate unidade 1,6 kg",,,"18,90 €","(11,81 € / Kg)",
Diadermine Lift + Flash Effect Cápsulas Anti-Idade Reafirmantes embalagem 7 unidades,Diadermine Lift + Flash Effect,,"17,59 €","(2,51 € / Unidade)",
Biomit Manteiga de Amendoim e Cacau Biológica frasco 230 g,Biomit,,"5,50 €","(23,91 € / Kg)",
Tulip Carne de Frango Desfiada Cozinhada Lentamente embalagem 450 g,Tulip,,"8,55 €",(19 € / Kg),
Fini Gomas Fizzy Caribe sem Glúten embalagem 80 g,Fini,,"0,89 €","(11,12 € / Kg)",
Nivea Men Cool Fresh Champô Refrescante embalagem 250 ml,Nivea Men Cool Fresh,,"4,39 €","(17,56 € / Litro)",
Maybelline Corretor SS30H 15 embalagem 1 unidade,Maybelline,,"9,99 €","(9,99 € / Unidade)",
Bonduelle Milho Doce lata 300 g,Bonduelle,,"2,44 €","(8,13 € / Kg)",
Bontá Divina Sobremesa de Profiteroles Pack 2 embalagem 90 g,Bontá Divina,,"2,99 €","(16,61 € / Kg)",
Cuétara Bolachas Wafer Recheadas com Morango embalagem 150 g,Cuétara,,"1,89 €","(12,60 € / Kg)",
Dietica Chá de Eucalipto embalagem 50 g,Dietica,,"1,39 €","(27,80 € / Kg)",
Nobre Paio do Lombo sem Glúten kg,Nobre,,"15,95 €/kg",,
Dione Zero Gelado Mini Mix sem Açúcar embalagem 60 ml,Dione Zero,,"5,99 €","(15,81 € / Litro)","5,99 €"
Garnier Creme Corporal Calmante para Pele Normal ou Seca Aloe Vera+Magnesio embalagem 00300 ml,Garnier,,"7,69 €","(25,63 € / Litro)",
Renova Fraicheur Papel Higiénico Humedecido 40 unidades,Renova Fraicheur,,"2,88 €","(0,07 € / Unidade)",
Coren Peito de Frango Fatiado com Ervas Finas Peso Aproximado por cuvete 450 g,Coren,,"5,62 €","(12,49 € / Kg)",
Feijão Verde Peso Aproximado por cuvete 400 g,,,"2,60 €","(6,49 € / Kg)",
Santiveri Pão Dextrin Integral com Sementes de Chia embalagem 300 g,Santiveri,,"3,78 €","(12,60 € / Kg)",
Cacaolat Batido de Cacau Pack 3+1 Grátis embalagem 200 ml,Cacaolat,,"2,09 €","(10,45 € / Litro)",
El Corte Inglés Farinha Integral embalagem 1 kg,El Corte Inglés,,"1,19 €","(1,19 € / Kg)",
St. Dalfour Doce de 4 Frutos Silvestres frasco 284 g,St. Dalfour,,"4,39 €","(15,46 € / Kg)",
Babaria Ampolas Faciais com Ácido Glicólico embalagem 10 ml,Babaria,,"7,49 €",(749 € / Litro),
"Landana Queijo Gouda Peso Aproximado 4,5 kg",Landana,,"12,79 €/kg",,
Próvida Puré de Maçã e Banana Biológico Pack 2 embalagem 100 g,Próvida,,"1,99 €","(19,90 € / Kg)",
Mimosa Iogurtes Líquidos Eleva Framboesa e Maçã sem Adição Açúcar sem Lactose sem Glúten Pack 4 embalagem 156 g Probióticos,Mimosa,,"2,99 €","(4,79 € / Kg)",
El Corte Inglés Bolachas com Pepitas de Chocolate 37% embalagem 225 g,El Corte Inglés,,"2,05 €","(9,11 € / Kg)",
Joya Bebida de Amêndoa Vegan sem Glúten Biológica Pack 3 embalagem 200 ml,Joya,,"2,49 €","(12,45 € / Litro)",
Koka Massa Instantânea com Camarão embalagem 85 g,Koka,,"0,81 €","(9,53 € / Kg)",
Pescanova Mimos de Pescada embalagem 1 kg,Pescanova,,"12,99 €","(12,99 € / Kg)",
Bjorg Waffles com Mel Tipo Stroop Wafels Biológicos embalagem 175 g,Bjorg,,"3,69 €","(21,09 € / Kg)",
Angelica Vinho Licoroso garrafa 50 cl,Angelica,,"12,95 €","(25,90 € / Litro)",
Nestlé Mokambo Mistura Solúvel Chicória e Café frasco 240 g,Nestlé Mokambo,,"6,29 €","(26,21 € / Kg)",
Lipton Ice Tea de Manga embalagem 1 L,Lipton Ice Tea,,"1,99 €","(1,99 € / Litro)",
Aliada Presunto Serrano Reserva em Fatias unidade 200 g,Aliada,,"4,74 €","(23,70 € / Kg)",
El Corte Inglés Chá de Camomila com Erva-Doce embalagem 25 unidades,El Corte Inglés,,"0,95 €","(28,15 € / Kg)",
Izidoro O Merceeiro Salsichas de Aves 8 unidades lata 200 g,Izidoro O Merceeiro,,"1,85 €","(9,25 € / Kg)",
Al-Andalus Marmelada embalagem 300 g,Al-Andalus,,"2,85 €","(9,50 € / Kg)",
El Corte Inglés Bio Amêndoas Marcon Torradas Biológicas embalagem 200 g,El Corte Inglés Bio,,"8,99 €","(44,95 € / Kg)",
"Nestlé Cheerios Cereais de Trigo, Mel e Aveia embalagem 375 g",Nestlé Cheerios,,"3,89 €","(10,37 € / Kg)",
Nestlé Nesquik Achocolatado em Pó 0% Açúcares Adicionados sem Glúten embalagem 345 g,Nestlé Nesquik,,"4,99 €","(14,46 € / Kg)",
Maybelline Super Stay 30H Base Líquida Nº 21 Nude Beige embalagem 1 unidade,Maybelline Super Stay 30H,,"13,99 €","(1,55 € / Unidade)",
Seeberger Pistachos Salgados embalagem 150 g,Seeberger,,"4,79 €","(31,93 € / Kg)",
Pescanova Preparado para Arroz de Marisco sem Glúten embalagem 500 g,Pescanova,,"7,29 €","(14,58 € / Kg)",
L'Oréal Elvive Full Resist Amaciador Fortificante embalagem 300 ml,L'Oréal,,"5,89 €","(19,63 € / Litro)",
Taylor's Vinho do Porto Tawny garrafa 75 cl,Taylor's,,"8,89 €","(11,85 € / Litro)",
Mimosa Bem Especial Leite Magro de Amêndoa sem Lactose embalagem 1 L,Mimosa Bem Especial,,"1,69 €","(1,69 € / Litro)",
Boursin Queijo Fresco com Alho e Ervas Finas embalagem 150 g,Boursin,,"2,49 €","(16,60 € / Kg)",
100% Titular Puré de Maçã sem Glúten embalagem 150 g,100% Titular,,"0,89 €","(5,93 € / Kg)",
Paladin Vinagre de Vinho 20 Saquetas embalagem 100 ml,Paladin,,"1,59 €","(15,90 € / Litro)",
Pierre Martinet Salada Taboule Oriental embalagem 200 g,Pierre Martinet,,"3,59 €","(17,95 € / Kg)",
Jardin Bio Chocolate Preto para Barrar Biológico frasco 350 g,Jardin Bio,,"8,09 €","(23,11 € / Kg)",
Pasta de Goiabada embalagem 595 g,,,"3,95 €","(6,64 € / Kg)",
Sorini Bombons de Chocolate de Leite Gran Maiolica embalagem 660 g,Sorini,,"22,95 €","(34,77 € / Kg)",
Jean Louis David Corta Unhas embalagem 1,Jean Louis David,,"3,73 €","(3,73 € / Unidade)",
Hao Chi Fios Finos de Arroz embalagem 250 g,Hao Chi,,"2,49 €","(9,96 € / Kg)",
Ideal Tinge Roupa Castanho 1 unidade,Ideal,,"4,99 €","(0,05 € / Unidade)",
Pringles Aperitivos de Queijo e Cebola embalagem 175 g,Pringles,,"2,99 €","(17,09 € / Kg)",
Silvex Sacos de Gelo em Cubo para Whisky 10 unidades,Silvex,,"2,05 €","(0,20 € / Unidade)",
Delta Q XL Café Aqtivus Intensidade 8 embalagem 40 cápsulas,Delta Q XL,,"12,99 €","(0,32 € / Unidade)",
PG Tips Chá 80 Unidades embalagem 250 g,PG Tips,,"4,99 €","(19,96 € / Kg)",
Montesano Presunto Ibérico Bolota kg,Montesano,,145 €,(145 € / Kg),
"Santal Active Drink Refrigerante de Frutos Tropicais e Cenoura sem Gás garrafa 1,5 L",Santal Active Drink,,"2,15 €","(1,43 € / Litro)",
Nescafé Gold Café Solúvel com Bebida de Aveia Vegan Pack 6 embalagem 16 g,Nescafé Gold,,"3,69 €","(230,62 € / Kg)",
Compal Clássico 100% Sumo de Maracujá embalagem 1 L,Compal Clássico,,"1,69 €","(1,69 € / Litro)",
Paço dos Infantes Vinho Tinto Alentejano Touriga Naconal garrafa 75 cl,Paço dos Infantes,,"17,50 €","(23,33 € / Litro)",
Vinha da Roca Vinho Branco Regional de Lisboa garrafa 75 cl,Vinha da Roca,,"12,45 €","(16,60 € / Litro)",
Lindt Bombom Lindor de Caramelo Salgado embalagem 3 kg,Lindt,,111 €,(37 € / Kg),
Ponti Vinagre Agridoce garrafa 250 ml,Ponti,,"2,79 €","(11,16 € / Litro)",
"Château Les Guizats Vinho Branco de França Sauternes garrafa 37,5 cl",Château Les Guizats,,"15,99 €","(42,64 € / Litro)",
Demuerte Vinho Tinto Yecla garrafa 75 cl,Demuerte,,"15,45 €","(20,60 € / Litro)",
"Pudim de Abade Priscos unidade 1,5 kg",,,"13,95 €","(9,30 € / Kg)",
Russian Premium Caviar Siberiano unidade 100 g,Russian Premium,,"138,50 €",(1.385 € / Kg),
Origens Manteiga de Amendoim Biológica embalagem 340 g,Origens,,"4,59 €","(13,50 € / Kg)",
Sagres Radler Cerveja garrafa 33 cl,Sagres Radler,,"1,25 €","(3,79 € / Litro)",
Nacional Farinha para Pão Integral embalagem 1 kg,Nacional,,"1,59 €","(1,59 € / Kg)",
Implicit Vinho Tinto do Alentejo garrafa 75 cl,Implicit,,"6,95 €","(9,27 € / Litro)",
El Corte Inglés Molho Guacamole sem Glúten frasco 300 g,El Corte Inglés,,"2,79 €","(9,30 € / Kg)",
Assobio Vinho Branco do Douro garrafa 75 cl,Assobio,,"7,49 €","(9,99 € / Litro)",
Serramel Mel Flor de Laranjeira do Algarve frasco 300 g,Serramel,,"4,59 €","(15,30 € / Kg)",
Dilea Queijo Brie Zero Lactose unidade 125 g,Dilea,,"3,99 €","(31,92 € / Kg)",
Mabiju Mistura para Tapioca sem Glúten embalagem 1 kg,Mabiju,,"6,69 €","(6,69 € / Kg)",
Gaião Vinho Tinto do Alentejo garrafa 75 cl,Gaião,,"4,55 €","(6,07 € / Litro)",
Bálsamo Ultra Sensitive embalagem 100 ml,,,"8,99 €","(89,90 € / Litro)",
Carlos I Brandy de Jerez Solera Gran Reserva + Copo garrafa 70 cl,Carlos I,,"31,90 €","(45,57 € / Litro)",
Salutem Chocolate para Culinária sem Açúcar sem Glúten embalagem 200 g,Salutem,,"2,99 €","(14,95 € / Kg)",
Regina Chocolate de Leite de Morango embalagem 100 g,Regina,,"1,59 €","(15,90 € / Kg)",
Leyenda Queijo de Ovelha com Alho Negro Peso Aproximado por unidade 3 kg,Leyenda,,"31,89 €/kg",,
Comfort Essência Essência Creations Madressilva Sandal embalagem 50 doses,Comfort Essência,,"6,59 €","(0,13 € / Dose)",
Joya Iogurte Natural de Leite de Coco Vegan embalagem 200 g,Joya,,"1,99 €","(9,95 € / Kg)",
Tulip Carne de Porco Desfiada Cozinhada Lentamente embalagem 550 g,Tulip,,"9,45 €","(17,18 € / Kg)",
Quinta da Chinchorra Vinho Tinto do Douro Reserva garrafa 75 cl,Quinta da Chinchorra,,"12,25 €","(16,33 € / Litro)",
Starbucks Bebida de Chocolate Solúvel Signature 42% com Caramelo Salgado 10 Sticks embalagem 220 g,Starbucks,,"6,49 €",(295 € / Kg),
Garnier Skin Active Máscara Super Hidratante Hydra Bomb embalagem 32 g,Garnier Skin Active,,"2,99 €","(93,44 € / Kg)",
Bandida Pomar Sidra Frutos Vermelhos Pack 4 unidades embalagem 25 cl,Bandida Pomar,,"2,99 €","(2,99 € / Litro)",
El Corte Inglés Pudim Flan de Baunilha sem Glúten Pack 4 embalagem 100 g,El Corte Inglés,,"0,99 €","(2,48 € / Kg)",
Lysol Tira-Nódoas Refrescante em Pó embalagem 450 ml,Lysol,,"8,99 €","(19,98 € / Litro)",
Jean L David Escova de Brushing Média embalagem 1 unidade,Jean L David,,"15,28 €","(15,28 € / Unidade)",
El Corte Inglés Toalhitas Anti-Transferência de Cor embalagem 20 unidades,El Corte Inglés,,"1,99 €","(0,10 € / Unidade)",
Próvida Farinha Kamut Integral Biológica embalagem 500 g,Próvida,,"3,79 €","(7,58 € / Kg)",
Gallo Azeite Gallo Subtil garrafa 750 ml,Gallo,,"5,39 €","(7,19 € / Litro)",
Oral B Escova de  Dentes Precision Clean embalagem 1 unidade,Oral B,,"19,99 €","(19,99 € / Unidade)",
Oskri Barra de Coco e Chocolate Preto sem Glúten Biológica embalagem 53 g,Oskri,,"2,49 €","(46,98 € / Kg)",
Greco Queijo de Ovelha Biológico embalagem 135 g,Greco,,"3,95 €","(29,26 € / Kg)",
Hagerty Limpa Pratas e Casquinhas Pano 1 unidade,Hagerty,,"14,29 €","(14,29 € / Unidade)",
Nobre Frankfurt Salsichas 10 Unidades lata 250 g,Nobre Frankfurt,,"1,85 €","(7,40 € / Kg)",
Fructis Condicionador Super Reparação de Papaia para Cabelos Estragados embalagem 350 ml,Fructis,,"6,59 €","(18,83 € / Litro)",
Koala Rebentos de Feijão Mungo lata 184 g,Koala,,"0,99 €","(5,38 € / Kg)",
Nobre Suave Sabor Bacon em Fatias embalagem 75 g,Nobre Suave Sabor,,"1,30 €","(17,33 € / Kg)",
Nestlé Cerelac Papa Infantil Para Preparar com Leite embalagem 250 g,Nestlé Cerelac,,"1,99 €","(7,96 € / Kg)",
Herdade do Rocim Vinho Tinto do Alentejo Alicante Bouschet garrafa 75 cl,Herdade do Rocim,,"12,75 €",(17 € / Litro),
Trapiche Vinho Tinto da Argentina Pinot Noir garrafa 75 cl,Trapiche,,"8,99 €","(11,99 € / Litro)",
Grand-Mère Paté Creme Pimenta Verde unidade 125 g,Grand-Mère,,"1,99 €","(15,92 € / Kg)",
Fructis Condicionador Super Suavidade de Macadâmia para Cabelos Secos embalagem 350 ml,Fructis,,"6,59 €","(18,83 € / Litro)",
José Maria da Fonseca Vinho Branco de Setúbal Verdelho Colecção Privada garrafa 75 cl,José Maria da Fonseca,,"9,95 €","(13,27 € / Litro)",
Vileda One Zip Sacos de Congelação com Fecho Hermético 3 L embalagem 10 unidades,Vileda One Zip,,"5,29 €","(0,53 € / Unidade)",
Fabridoce Pastéis de Vouzela embalagem 4 unidades,Fabridoce,,"5,99 €","(1,50 € / Unidade)",
Nicola Café Rossio Encorpado para Dolce Gusto Intensidade 10 embalagem 16 cápsulas,Nicola,,"4,59 €","(0,29 € / Unidade)",
Canderel Chocolate Negro embalagem 30 g,Canderel,,"0,99 €",(33 € / Kg),
El Corte Inglés Guardanapos 2 Camadas 30x30 cm embalagem 200 unidades,El Corte Inglés,,"2,65 €","(0,01 € / Unidade)",
Salustar Papel Higiénico Húmido Natur Aqua embalagem 100 unidades,Salustar,,"3,25 €","(0,03 € / Unidade)",
Rana Kit Tagliatelle Bolonhesa embalagem 407 g,Rana,,"4,59 €","(11,28 € / Kg)",
"Nestlé Kit Kat Snack Chocolate de Leite 9x embalagem 20,7 g",Nestlé Kit Kat,,"2,99 €","(16,05 € / Kg)",
La Piara Paté de Atum em Azeite lata 82 g,La Piara,,"2,19 €","(29,20 € / Kg)",
Veckia Champô para Cabelo Normal embalagem 400 ml,Veckia,,"2,25 €","(0,56 € / 10 ml.)",
Canderel Adoçante com Stevia frasco 40 unidades,Canderel,,"3,29 €","(0,08 € / Unidade)",
Queijo Cabrales DOP sem Glúten,,,"27,95 €/kg",,
Ti Piedade Pão de Ló de Chocolate embalagem 400 g,Ti Piedade,,"11,90 €","(29,75 € / Kg)",
Lycia Tiras Depilatórias Rosto para Todos os Tipos de Pele Natural Touch embalagem 20 unidades,Lycia,,"5,79 €","(0,29 € / Unidade)",
"El Corte Inglés Leite Gordo garrafa 1,5 L",El Corte Inglés,,"1,45 €","(0,97 € / Litro)",
Compal Família Sumo Néctar de Frutas do Pomar garrafa 125 cl,Compal Família,,"1,59 €","(1,27 € / Litro)",
Ambi Pur Ambientador Casa de Banho Algodão embalagem 2 unidades,Ambi Pur,,"7,99 €",(2 € / Unidade),"7,99 €"
Condi Marinada para Carnes embalagem 250 ml,Condi,,"4,59 €","(18,36 € / Litro)",
Ambi Pur 3 Volution Ambientador Eléctrico Difusor 1 unidade,Ambi Pur 3 Volution,,"3,19 €","(3,19 € / Unidade)",
Yogi Tea Infusão de Ervas com Gengibre e Limão Biológica embalagem 17 unidades,Yogi Tea,,"4,09 €","(0,24 € / Unidade)",
Petit Chablis Vinho Branco de França garrafa 75 cl,Petit Chablis,,"13,75 €","(18,33 € / Litro)",
Paño Nature Noz em Metades Biológica embalagem 90 g,Paño Nature,,"3,19 €","(35,44 € / Kg)",
Delicass Presunto de Pato em Fatias unidade 50 g,Delicass,,"4,79 €","(95,80 € / Kg)",
El Corte Inglés Selection Picos Camperos em Azeite de Oliva embalagem 250 g,El Corte Inglés Selection,,"1,59 €","(6,36 € / Kg)",
Ermitão Queijo de Mistura unidade 190 g,Ermitão,,"3,25 €","(17,11 € / Kg)",
Super Bock Selecção 1927 Cerveja Artesanal Bavaria Weiss garrafa 33 cl,Super Bock Selecção 1927,,"1,59 €","(4,82 € / Litro)",
Kellogg's Barras de Cereais Extra com Amêndoas Torradas e Mel Pack 4 embalagem 32 g,Kellogg's,,"3,99 €","(124,69 € / Kg)",
Exquisa Queijo Fresco sem Lactose embalagem 175 g,Exquisa,,"2,29 €","(13,09 € / Kg)",
Renova Black Label Guardanapos embalagem 20 unidades,Renova Black Label,,"2,19 €","(0,11 € / Unidade)",
Glade Ambientador Luscious Cherry & Peony embalagem 300 ml,Glade,,"2,59 €","(8,63 € / Litro)",
Garcia Tarteletes de Maçã sem Glúten e sem Lactose Pack 2 embalagem 100 g,Garcia,,"3,89 €","(19,45 € / Kg)",
Saltin Bolachas de Fibra embalagem 415 g,Saltin,,"3,19 €","(7,69 € / Kg)",
Quinta de Lafões Coxas de Frango do Campo Peso Aproximado por cuvete 600 g,Quinta de Lafões,,"4,77 €","(7,95 € / Kg)",
Gordon Cerveja da Escócia Xxxtra Strong Finest Titanium lata 50 cl,Gordon,,"1,49 €","(2,98 € / Litro)",
La Antigua Queijo Curado sem Lactose unidade 250 g,La Antigua,,"7,55 €","(30,20 € / Kg)",
Soignon Queijo de Cabra com Alho e Ervas unidade 125 g,Soignon,,"2,99 €","(23,92 € / Kg)",
Ti António Secretos de Porco Peso Aproximado por cuvete 700 g,Ti António,,"10,47 €","(14,95 € / Kg)",
Los Balanchares Tábua de Queijos de Cabra Sortidos embalagem 350 g,Los Balanchares,,"9,49 €","(27,11 € / Kg)",
Justino's Vinho da Madeira Meio Seco 3 Anos garrafa 75 cl,Justino's,,"9,99 €","(13,32 € / Litro)",
Colgate Total Pasta de Dentes Protecção Completa embalagem 75 ml,Colgate Total,,"3,99 €","(53,20 € / Litro)",
Harmony Preservativos Natural embalagem 12 unidades,Harmony,,"8,39 €","(0,70 € / Unidade)",
El Corte Inglés Mistura de Verduras embalagem 600 g,El Corte Inglés,,"1,79 €","(2,98 € / Kg)",
Maçanita Vinho Tinto do Douro garrafa 75 cl,Maçanita,,"11,95 €","(15,93 € / Litro)",
Confiança Sabonete Alfazema do Monte embalagem 125 g,Confiança,,"1,54 €","(12,32 € / Kg)",
Miolo de Avelã embalagem 200 g,,,"3,49 €","(17,45 € / Kg)",
Veckia Desodorizante para Homem Revitalizante Spray embalagem 150 ml,Veckia,,"0,99 €","(0,66 € / 10 ml.)",
Babaria Creme para as Mãos com Óleo de Cannabis embalagem 50 ml,Babaria,,"3,69 €","(73,80 € / Litro)",
Glade Ambientador Sense & Spray Apple Cosy Cider embalagem 538 ml,Glade,,"12,98 €","(24,13 € / Litro)",
Aliada Luvas de Vinil Práticas e Resistentes Pequenas/Médias embalagem 20 unidades,Aliada,,"3,99 €","(0,20 € / Unidade)",
Carte D'Or Gelado de Chocolate Les Classiques embalagem 750 ml,Carte D'Or,,"2,99 €","(3,99 € / Litro)",
De Pauline Macarons Recheados com Morango Pack 6 embalagem 72 g,De Pauline,,"2,99 €","(41,53 € / Kg)",
Glamour Elásticos para Cabelo Mix Cores embalagem 6 unidades,Glamour,,"6,49 €","(1,08 € / Unidade)",
Pato Brewing Cerveja Artesanal Iron Duke garrafa 33 cl,Pato Brewing,,"2,99 €","(9,06 € / Litro)",
Bom Petisco Atum em Posta Pimenta e Tomilho lata 120 g,Bom Petisco,,"2,09 €","(17,42 € / Kg)",
Tang Concentrado em Pó de Ananás embalagem 30 g,Tang,,"0,79 €","(26,33 € / Kg)",
Aliada Doce de Alperce Light frasco 330 g,Aliada,,"2,49 €","(7,55 € / Kg)",
Ahmad Tea Chá Preto English Breakfast embalagem 100 unidades,Ahmad Tea,,"8,99 €","(0,09 € / Unidade)",
Nacional Farinha Nacional para Bolos embalagem 1 kg,Nacional,,"1,59 €","(1,59 € / Kg)",
Aromas Premium Queijo Cabra Curado unidade 220 g,Aromas Premium,,"7,59 €","(34,50 € / Kg)",
Prozis Zero Chocolate de Leite com Amendoim embalagem 40 g,Prozis Zero,,"1,15 €","(28,75 € / Kg)",
Margão Segredos Bifes Misturas frasco 46 g,Margão Segredos,,"2,89 €","(62,83 € / Kg)",
Mia Sangria Tinta Classic Royal Freixenet garrafa 75 cl,Mia,,"5,95 €","(7,93 € / Litro)",
Diplomata Crackers Capinhas Doces embalagem 125 g,Diplomata,,"2,99 €","(23,92 € / Kg)",
Millan Vicente Queijo Gouda Semi Curado Light em Fatias embalagem 150 g,Millan Vicente,,"2,39 €","(15,93 € / Kg)",
Halls Vita-C Rebuçados de Morango sem Açúcar Pack 4 embalagem 32 g,Halls Vita-C,,"2,99 €","(23,36 € / Kg)",
El Corte Inglés Vinagre de Vinho 4 Aromas frasco 250 ml,El Corte Inglés,,"1,49 €","(5,96 € / Litro)",
São Jorge Queijo Regional DOP Cura 7 Meses,São Jorge,,"16,69 €/kg",,
Milka Estrellas Mini Bolachas Recheadas com Leite Cobertas de Chocolate embalagem 185 g,Milka Estrellas,,"2,49 €","(13,46 € / Kg)",
"Soflan Detergente Líquido para Roupa Delicada e Lãs Escuras Roupas Escuras 36 Doses embalagem 1,8 L",Soflan,,"5,99 €","(3,33 € / Litro)",
La Rose Sardinhas em Azeite sem Pele e sem Espinha lata 120 g,La Rose,,"2,79 €","(23,25 € / Kg)",
Cortes de Cima Vinho Tinto do Alentejo Trincadeira garrafa 75 cl,Cortes de Cima,,"17,45 €","(23,27 € / Litro)",
Delser Crackers Integrais Pack 20 embalagem 500 g,Delser,,"2,49 €","(4,98 € / Kg)",
Natursoy Tofu Italiana Biológico embalagem 250 g,Natursoy,,"2,95 €","(11,80 € / Kg)",
Delta Mistura Ibérica para Máquina embalagem 250 g,Delta,,"1,99 €","(7,96 € / Kg)",
Simplu Papas de Aveia de Morango Vegan sem Glúten Biológico embalagem 250 g,Simplu,,"6,95 €","(27,80 € / Kg)",
Quinta do Escudial Vinho Rosé do Dão garrafa 75 cl,Quinta do Escudial,,"8,99 €","(11,99 € / Litro)",
"L' Arbre Vert Detergente para a Máquina da Roupa Peles Sensíveis Líquido Ecológico embalagem 1,5 L",L' Arbre Vert,,"11,05 €","(7,37 € / Litro)",
CR&F Aguardente Velha Reserva Extra garrafa 70 cl,CR&F,,"47,90 €","(68,43 € / Litro)",
Wineskin Saco de Transporte para Vinho embalagem 1 unidade,Wineskin,,"2,85 €","(2,85 € / Unidade)",
Florette Molho de Iogurte embalagem 250 ml,Florette,,"2,99 €","(11,96 € / Litro)",
Naturefoods Flocos de 5 Cereais Biológicos embalagem 500 g,Naturefoods,,"2,49 €","(4,98 € / Kg)",
Gliss Protecção Cor Condicionador para Cabelo Pintado embalagem 200 ml,Gliss Protecção Cor,,"4,99 €","(24,95 € / Litro)",
Ribeira Atum Posta em Óleo sem Glúten lata 385 g,Ribeira,,"5,99 €","(15,56 € / Kg)",
El Corte Inglés Desengordurante Cítrico embalagem 750 ml,El Corte Inglés,,"1,65 €","(2,20 € / Litro)",
Maria Batata Batatas Fritas Doces embalagem 100 g,Maria Batata,,"2,19 €","(21,90 € / Kg)",
Knorr Creme de Marisco 4 porções embalagem 72 g,Knorr,,"1,49 €","(20,69 € / Kg)",
Celeiro da Terra Doce Extra de Maracujá DOP frasco 250 g,Celeiro da Terra,,"3,99 €","(15,96 € / Kg)",
KYLIE MINOGUE Espumante Rosé Prosecco garrafa 75 cl,KYLIE MINOGUE,,"15,49 €","(20,65 € / Litro)",
Gresso Leite Uht Magro sem Lactose embalagem 1 L,Gresso,,"1,19 €","(1,19 € / Litro)",
Delta Café  Moído Torrado Lote Chávena Moagem Máquina embalagem 250 g,Delta,,"2,35 €","(9,40 € / Kg)",
Pato Brewing Cerveja Artesanal Chinook garrafa 33 cl,Pato Brewing,,"2,99 €","(9,06 € / Litro)",
Tena Cuecas para Adultos com Incontinência Silhouete Plus Cor Creme de Cintura Alta Tamanho L embalagem 8 unidades,Tena,,"11,99 €","(1,50 € / Unidade)",
Broa de Alho e Coentros unidade 400 g,,,"2,79 €","(6,98 € / Kg)",
Miguelañez Gomas Jellypack Amoras e Framboesas embalagem 150 g,Miguelañez,,"2,79 €","(13,95 € / Kg)",
Babaria Ampolas Faciais com Colagénio Vegan embalagem 10 ml,Babaria,,"7,49 €",(749 € / Litro),
Ahumados Dominguez Bacalhau Fumado embalagem 80 g,Ahumados Dominguez,,"6,79 €","(84,88 € / Kg)",
Dietisa Chá de Ervas Salva Brava embalagem 50 g,Dietisa,,"1,69 €","(33,80 € / Kg)",
El Corte Inglés Papel Higiénico Compacto 2 Capas embalagem 12 unidades,El Corte Inglés,,"4,95 €","(0,41 € / Unidade)",
Freixo Vinho Branco do Alentejo Sauvignon Blanc garrafa 75 cl,Freixo,,"10,30 €","(13,73 € / Litro)",
Garden Gourmet Vuna Vegan embalagem 175 g,Garden Gourmet,,"5,49 €","(31,37 € / Kg)",
Rexona Women Desodorizante Shower Fresh Roll-On embalagem 50 ml,Rexona Women,,"4,49 €","(89,80 € / Litro)",
Nicola Café Moído Lote Rossio Encorporado embalagem 250 g,Nicola,,"2,09 €","(8,36 € / Kg)",
"Paño Nature Quinoa Branca, Vermelha e Preta Biológica embalagem 500 g",Paño Nature,,"5,49 €","(10,98 € / Kg)",
Call Valls Sumo de Clementina Biológico garrafa 1 L,Call Valls,,"4,75 €","(0,48 € / 100ml)",
Eu Nutrition Manteiga de Amendoim 100% Natural embalagem 500 g,Eu Nutrition,,"4,55 €","(9,10 € / Kg)",
Versátil Vinho Tinto do Alentejo garrafa 75 cl,Versátil,,"3,69 €","(4,92 € / Litro)",
Doritos Snack de Milho com Sabor a Chilli embalagem 140 g,Doritos,,"1,65 €","(11,79 € / Kg)",
"Lizi's Super Muesli Boost Manga, Papaia e Turmeric Vegan embalagem 400 g",Lizi's,,"12,89 €","(32,22 € / Kg)",
"Don Simon Sumo de Romã sem Açúcar garrafa 1,5 L",Don Simon,,"1,39 €","(0,93 € / Litro)",
Lindor Resguardo Salvacamas Adultos 65x75 cm embalagem 15 unidades,Lindor,,"8,49 €","(0,45 € / Unidade)","8,49 €"
"Nestlé Kit Kat Pops Chocolate Leite, Amendoim e Milho embalagem 110 g",Nestlé Kit Kat,,"2,89 €","(26,27 € / Kg)",
Why Not Soda de Limão e Chá Mate Biológica garrafa 330 ml,Why Not,,"1,95 €","(5,91 € / Litro)",
El Corte Inglés Alecrim embalagem 30 g,El Corte Inglés,,"2,29 €","(76,33 € / Kg)",
E.S.B Batata Roxa saco 3 kg,E.S.B,,"3,49 €","(1,16 € / Kg)",
García Baquero Queijo de Ovelha em Fatias embalagem 125 g,García Baquero,,"3,19 €","(25,52 € / Kg)",
Air Wick Pure Ambientador Aerossol Flor de Cerejeira embalagem 250 ml,Air Wick Pure,,"6,99 €","(27,96 € / Litro)",
El Corte Inglés Selection Salmão Fumado em Fatias embalagem 100 g,El Corte Inglés Selection,,"6,29 €","(62,90 € / Kg)",
Comfort Essência Sun Fresh Amaciador para a roupa embalagem 86 doses,Comfort Essência Sun Fresh,,"4,99 €","(0,06 € / Dose)",
Gigante Verde Milho Doce lata 330 g,Gigante Verde,,"1,85 €","(5,61 € / Kg)",
"Innocent Smoothie de Goiaba, Abacaxi e Maçã sem Açúcares Adicionados garrafa 250 ml",Innocent,,"1,99 €","(7,96 € / Litro)",
Fairy Detergente de Lavagem à Mão para Loiça Ultra Original embalagem 35 doses,Fairy,,"11,79 €","(0,34 € / Dose)",
Bezgluten Pão Noble Escuro Fatiado sem Glúten embalagem 260 g,Bezgluten,,"3,49 €","(13,42 € / Kg)",
BIP Drageias de Chocolate Candy Choco Sticks Sortidos embalagem 1,BIP,,"4,25 €","(4,25 € / Unidade)",
Delta Q Eqo Café Biológico embalagem 10 cápsulas,Delta Q Eqo,,"4,39 €","(0,44 € / Unidade)",
Mimosa Natas Frescas para Bater embalagem 200 ml,Mimosa,,"1,89 €","(8,45 € / Litro)","1,89 €"
Bicentury Tortitas de Arroz Integral com Chocolate de Leite Pack 4x2 embalagem 130 g,Bicentury,,"2,39 €","(18,38 € / Kg)",
Old Spice After Shave Lotion Whitewater embalagem 100 ml,Old Spice,,"9,99 €","(99,90 € / Litro)",
Lindor Fraldas para Adultos Anatómico Tamanho Único Plus embalagem 20 unidades,Lindor,,"12,35 €","(0,46 € / Unidade)","12,35 €"
Lindor Lady Fraldas para Adultos Mulher Tamanho L embalagem 7 unidades,Lindor Lady,,"11,37 €","(1,06 € / Unidade)","11,37 €"
Feijão Branco Seitan Estufado frasco 720 g,,,"5,85 €","(8,12 € / Kg)",
Ti Almerinda Coxinhas de Galinha 8 Unidades embalagem 600 g,Ti Almerinda,,"4,49 €","(7,48 € / Kg)",
Riso Gallo Arroz Carnaroli Risotto embalagem 500 g,Riso Gallo,,"3,95 €","(7,90 € / Kg)",
Compagnia Dell'Arabica Café India para Nespresso embalagem 10 cápsulas,Compagnia Dell'Arabica,,"3,59 €","(0,36 € / Unidade)",
Mil Folhas de Ovo com Nougat,,,"0,95 €","(0,95 € / Unidade)",
Isola Bio Bebida de Aveia Biológica embalagem 1 L,Isola Bio,,"2,55 €","(2,55 € / Litro)",
Bontá Divina Tiramisu embalagem 500 g,Bontá Divina,,"6,29 €","(12,58 € / Kg)",
"Quinta da Lixa Vinho Branco do Minho Sweet Creations garrafa 37,5 cl",Quinta da Lixa,,"5,25 €",(14 € / Litro),
Daim Drageias de Chocolate de Leite com Recheio de Caramelo embalagem 200 g,Daim,,"4,39 €","(21,95 € / Kg)",
Delta Café Moído Torrado Lote Bio Coffee Moagem Universal Biológico embalagem 220 g,Delta,,"4,49 €","(20,41 € / Kg)",
Glade Ambientador Automatic Spray Relaxing Zen spray 269 ml,Glade,,"10,99 €","(40,86 € / Litro)",
Ultra Suave Óleo Capilar com Argão e Camélia embalagem 150 ml,Ultra Suave,,"8,99 €","(59,93 € / Litro)",
Super Bock Green Cerveja com Sabor a Limão Pack 6 garrafa 33 cl,Super Bock Green,,"4,99 €","(2,52 € / Litro)",
Arêgos Vinho Verde Grande Escolha Avesso Branco garrafa 75 cl,Arêgos,,"9,65 €","(12,87 € / Litro)",
L'Oréal Elvive Arginina Resist Champô para Cabelos Frágeis embalagem 400 ml,L'Oréal,,"5,99 €","(14,98 € / Litro)",
Condi Preparado de Cheesecake de Frutos Vermelhos F. VERMELHOS CHEESECAKE embalagem 325 g,Condi,,"4,19 €","(12,89 € / Kg)",
Holle Puré de Legumes Depois dos 6 Meses Biológico frasco 190 g,Holle,,"1,89 €","(9,95 € / Kg)",
Nobre Churrasco Salsichas Picantes embalagem 200 g,Nobre Churrasco,,"2,69 €","(13,45 € / Kg)",
Herdade do Esporão Azeite Virgem Extra garrafa 750 ml,Herdade do Esporão,,"7,59 €","(10,12 € / Litro)",
Bibigo Molho BBQ frasco 290 g,Bibigo,,"3,99 €","(13,76 € / Kg)",
Pato Discos Activos Lima Fresca embalagem 36 ml,Pato,,"8,09 €","(224,72 € / Litro)",
El Pastor Rolo de Cabra,El Pastor,,"16,39 €/kg",,
Tsingtao Cerveja da China Stout garrafa 33 cl,Tsingtao,,"1,49 €","(4,52 € / Litro)",
Espiga Pimenta Preta Moída frasco 45 g,Espiga,,"2,39 €","(53,11 € / Kg)",
Iglo Green Cuisine 10  Veggie Fingers de Espinafres embalagem 284 g,Iglo Green Cuisine,,"3,99 €","(14,05 € / Kg)",
Ribeira Mexilhões em Molho Escabeche 13-18 Pequenos sem Glúten lata 111 g,Ribeira,,"1,69 €","(15,23 € / Kg)",
Andros Gourmand & Végétal Sobremesa de Leite de Coco Natural embalagem 400 g,Andros Gourmand & Végétal,,"2,29 €","(5,72 € / Kg)",
Palette Coloração Intensive Permanente Castanho Nº 4 embalagem 1 unidade,Palette,,"6,99 €","(6,99 € / Unidade)",
Selza Água com Gás e Álcool Low Carb Vegan com Sabor a Manga lata 25 cl,Selza,,"1,59 €","(6,36 € / Litro)",
Mimosa Nata para Bater Cremosa embalagem 200 ml,Mimosa,,"0,99 €","(4,45 € / Litro)","0,99 €"
Orbit Pastilhas Bubblemint sem Açúcar embalagem 14 g,Orbit,,"0,89 €","(63,57 € / Kg)",
Nivea Naturally Good Loção para Corpo Aveia Natural & Nutritiva para Pele Seca a Muito Seca embalagem 350 ml,Nivea Naturally Good,,"7,19 €","(20,54 € / Litro)",
Prozis Esparguete à Bolonhesa com Vaca Maturada embalagem 1 unidade,Prozis,,"6,99 €","(6,99 € / Unidade)",
Secos da Aldeia Arandos embalagem 150 g,Secos da Aldeia,,"3,19 €","(21,27 € / Kg)",
Tomate Grelha peso aproximado por embalagem 1 kg,,,"2,59 €","(2,59 € / Kg)",
Veckia Esponja de Banho para Adultos embalagem 1 unidade,Veckia,,"0,99 €","(0,50 € / Unidade)",
Herbal Essences Bio-Renew Condicionador Hidrata com Leite de Coco Vegan embalagem 275 ml,Herbal Essences Bio-Renew,,"4,99 €","(13,60 € / Litro)","4,99 €"
Fairy All In One Detergente para a Máquina da Loiça Orange embalagem 60 cápsulas,Fairy All In One,,"15,59 €","(0,26 € / Dose)",
Royal Preparado de Tarte de Oreo embalagem 215 g,Royal,,"4,29 €","(19,95 € / Kg)",
Marmite Molho Fortificante frasco 125 g,Marmite,,"6,15 €","(49,20 € / Kg)",
Mitsuba Amendoa com Wasabi & Crispies embalagem 100 g,Mitsuba,,"3,95 €","(39,50 € / Kg)",
Branca de Neve Pão de Ló embalagem 435 g,Branca de Neve,,"3,19 €","(7,33 € / Kg)",
Tuc Crackers de Bacon embalagem 100 g,Tuc,,"1,19 €","(11,90 € / Kg)",
Lay's Mediterrâneas Batatas Fritas embalagem 150 g,Lay's Mediterrâneas,,"2,19 €","(14,60 € / Kg)",
Kellogg's Cereais Krave Chocolate e Avelã embalagem 410 g,Kellogg's,,"4,49 €","(10,95 € / Kg)",
Isostar Fresh Concentrado em Pó lata 400 g,Isostar Fresh,,"11,99 €","(29,98 € / Kg)",
"Adega Cooperativa Ponte de Lima Vinho Verde Branco garrafa 37,5 cl",Adega Cooperativa Ponte de Lima,,"1,75 €","(4,67 € / Litro)",
Diaz Paiola Ibérica Salamanca sem Glúten embalagem 500 g,Diaz,,"8,49 €","(16,98 € / Kg)",
Espiga Poejo Folha frasco 9 g,Espiga,,"1,59 €","(176,67 € / Kg)",
Casas Altas Vinho Branco das Beiras Riesling garrafa 75 cl,Casas Altas,,"11,99 €","(15,99 € / Litro)",
Carqueja Fresca Biológica embalagem 30 g,,,"1,50 €",(50 € / Kg),
Hellmann's Maionese frasco 416 g,Hellmann's,,"4,39 €","(10,55 € / Kg)",
Murganheira Espumante Pinot Vintage Bruto garrafa 75 cl,Murganheira,,"37,99 €","(50,65 € / Litro)",
Dione Gelado de Manga e Arandos embalagem 500 ml,Dione,,"5,99 €","(11,98 € / Litro)",
El Corte Inglés Selection Pimentos de Piquillo de Lodosa Inteiros 8/12 Unidades lata 210 g,El Corte Inglés Selection,,"4,65 €","(22,14 € / Kg)",
Glint Iogurte Natural Açucarado Pack 2 embalagem 125 g,Glint,,"1,85 €","(14,80 € / Kg)",
Paysan Breton Queijo Emmental unidade 220 g,Paysan Breton,,"4,45 €","(20,23 € / Kg)",
Ron Barceló Rum Anejo garrafa 70 cl,Ron Barceló,,"17,90 €","(25,57 € / Litro)",
Tira de Pota 100 g,,,"5,99 €/kg",,
Sun Detergente para a Máquina da Loiça em Gel Higiene embalagem 52 doses,Sun,,"7,99 €","(0,15 € / Dose)",
Quinta dos Açores Iogurte Líquido de Maracujá embalagem 200 ml,Quinta dos Açores,,"0,92 €","(4,60 € / Litro)",
El Corte Inglés Selection Queijo de Pasta Mole embalagem 250 g,El Corte Inglés Selection,,"4,49 €","(17,96 € / Kg)",
Bioterra Amêndoa Sem Pele com Rosmaninho e Sal embalagem 200 g,Bioterra,,"7,29 €","(36,45 € / Kg)",
"Sumol Refrigerante Ananás Zero garrafa 1,75 L",Sumol,,"1,39 €","(0,79 € / Litro)",
Coalho Queijo de Évora DOP Merendeira unidade 200 g,Coalho,,"6,39 €","(35,50 € / Kg)",
El Corte Inglés Sopa Juliana embalagem 400 g,El Corte Inglés,,"1,59 €","(3,98 € / Kg)",
Interdoces Gomas Sortido Regaliz embalagem 90 g,Interdoces,,"1,15 €","(12,78 € / Kg)",
Ben & Jerry's Gelado de Manteiga de Amendoim embalagem 465 ml,Ben & Jerry's,,"6,79 €","(14,60 € / Litro)",
Azor Gin Premium garrafa 70 cl,Azor,,"29,49 €","(42,13 € / Litro)",
Mercurochrome Creme para Calos com Ácido de Flor de Hibisco 75 ml,Mercurochrome,,"7,15 €","(71,33 € / Litro)","7,15 €"
Gullón Bio Organic Bolachas Maria Biológicas sem Lactose embalagem 350 g,Gullón Bio Organic,,"3,29 €","(9,40 € / Kg)",
A Vaca Que Ri Queijo Fundido Light 8 Porções embalagem 140 g,A Vaca Que Ri,,"2,23 €","(15,93 € / Kg)",
Bolo Tiramisu 700 g,,,"14,95 €","(21,36 € / Kg)",
Colgate Escova de Dentes High Density pack 2,Colgate,,"4,65 €","(2,32 € / Unidade)",
Oral-B 3D White Luxe Pasta de Dentes com Carvão embalagem 75 ml,Oral-B 3D White Luxe,,"4,49 €","(59,87 € / Litro)",
Pur Natur Iogurte de Romã Biológico frasco 150 g,Pur Natur,,"1,75 €","(11,67 € / Kg)",
Régilait Leite em Pó Magro Instantâneo lata 700 g,Régilait,,"11,60 €","(16,57 € / Kg)",
"Barranco Longo Vinho Branco do Algarve Colheita Tardia garrafa 37,5 cl",Barranco Longo,,"25,75 €","(68,67 € / Litro)",
Carapau Médio Peso Aproximado por unidade 150 g,,,"3,99 €/kg",,
Jordan Pasta de Dentes Junior 6-12 Anos embalagem 75 ml,Jordan,,"2,99 €","(39,87 € / Litro)",
Castello Água com Gás garrafa 75 cl,Castello,,"1,65 €","(2,20 € / Litro)",
Vaga Lume Vinho Tinto do Alentejo garrafa 75 cl,Vaga Lume,,"5,75 €","(7,67 € / Litro)",
El Corte Inglés Selection Mexilhões em Escabeche 8/12 Unidades lata 69,El Corte Inglés Selection,,"3,65 €","(52,90 € / Kg)",
Mr Muscle Desinfectante Multiusos embalagem 500 ml,Mr Muscle,,"3,99 €","(7,98 € / Litro)",
Aliada Tomate Frito embalagem 400 g,Aliada,,"0,59 €","(1,48 € / Kg)",
Gullón Bio Organic Bolachas Choco Tablet Cobertas de Chocolate de Leite Vegetarianas Biológicas embalagem 156 g,Gullón Bio Organic,,"3,99 €","(25,58 € / Kg)",
Acorelle Desodorizante Longa Duração embalagem 50 ml,Acorelle,,"5,99 €","(119,80 € / Litro)",
Oreo Bolachas Recheadas com Creme embalagem 246 g,Oreo,,"2,99 €","(12,15 € / Kg)",
Casa de S. Miguel Azeite Virgem Extra lata 500 ml,Casa de S. Miguel,,"6,90 €","(13,80 € / Litro)",
Carefree Protege-Slips Cotton Fresh Pack 40 + 4 Grátis embalagem 44 unidades,Carefree,,"2,69 €","(0,06 € / Unidade)",
El Corte Inglés Bloco de Foie Gras de Pato sem Glúten embalagem 80 g,El Corte Inglés,,"6,95 €","(86,88 € / Kg)",
El Corte Inglés Favas Baby embalagem 450 g,El Corte Inglés,,"1,19 €","(2,64 € / Kg)",
Aptamil Leite de Transição 2 a Partir dos 6 Meses embalagem 800 g,Aptamil,,"16,69 €","(20,86 € / Kg)",
Farcedo Panceta Ibérica Bolota embalagem 200 g,Farcedo,,"2,99 €","(14,95 € / Kg)",
El Corte Inglés Selection Nuggets de Frango embalagem 350 g,El Corte Inglés Selection,,"2,59 €","(7,40 € / Kg)",
Bicentury Tortitas de Arroz com 6 Sementes e Cereais embalagem 111 g,Bicentury,,"2,49 €","(22,43 € / Kg)",
Naturefoods Farelo de Trigo embalagem 200 g,Naturefoods,,"0,80 €",(4 € / Kg),
Granini Néctar de Romã garrafa 1 L,Granini,,"2,99 €","(2,99 € / Litro)",
Casillero del Diablo Vinho Branco do Chile Chardonnay garrafa 75 cl,Casillero del Diablo,,"7,49 €","(9,99 € / Litro)",
Sanex Zero % Desodorizante Respect & Control Roll-On embalagem 50 ml,Sanex Zero %,,"3,99 €","(79,80 € / Litro)",
Gallo Vinagre Balsâmico de Sidra garrafa 250 ml,Gallo,,"2,49 €","(7,40 € / Litro)","2,49 €"
Espiga Caril frasco 40 g,Espiga,,"1,59 €","(39,75 € / Kg)",
Lipton Ice Tea de Manga Pack 3 embalagem 20 cl,Lipton Ice Tea,,"1,99 €","(3,32 € / Litro)",
Pimento Verde Peso Aproximado por unidade 220 g,,,"2,99 €/kg",,
Goiaba Vermelha Peso Aproximado por unidade 160 g,,,"11,99 €/kg",,
Coren Selecta Cachaço de Porco sem Osso Peso Aproximado por cuvete 300 g,Coren Selecta,,"4,13 €","(13,75 € / Kg)",
Nutriva Petit Gâteau de Chocolate Pack 4 embalagem 80 g,Nutriva,,"4,49 €","(14,03 € / Kg)",
Nestum Flocos de Cereais com Mel embalagem 600 g,Nestum,,"4,14 €","(6,90 € / Kg)",
Nivea Gel de Limpeza de Rosto Sensitive embalagem 100 ml,Nivea,,"7,49 €","(74,90 € / Litro)",
El Corte Inglés Queijo Fresco Tipo Burgos Pack 2 embalagem 500 g,El Corte Inglés,,"3,29 €","(6,58 € / Kg)",
Riberalves Bacalhau Posta Tradicional Demolhado 4 Unidades embalagem 750 g,Riberalves,,"12,99 €","(17,32 € / Kg)",
Nova Classe Pratos Coloridos Verde 19 cm embalagem 6 unidades,Nova Classe,,"3,55 €","(0,59 € / Unidade)",
Branco Vulcânico Vinho Branco dos Açores Arinto Colheita Selecionada Ameixâmbar garrafa 75 cl,Branco Vulcânico,,30 €,(40 € / Litro),
Veet Men Creme Depilatório para Duche Peles Normais embalagem 150 ml,Veet Men,,"9,99 €","(66,60 € / Litro)",
Almendra Vinho Tinto do Douro garrafa 75 cl,Almendra,,"3,99 €","(5,32 € / Litro)",
Palácio da Brejoeira Vinho Verde Alvarinho Branco garrafa 75 cl,Palácio da Brejoeira,,"21,99 €","(29,32 € / Litro)",
Renova Black Label Guardanapos Snowflakes White embalagem 20 unidades,Renova Black Label,,"1,99 €","(0,09 € / Unidade)","1,99 €"
El Corte Inglés Cachaço de Porco com Osso Peso Aproximado por cuvete 1 kg,El Corte Inglés,,"4,90 €","(4,90 € / Kg)",
Delta Café Torrado Moído Angola embalagem 16 pastilhas,Delta,,"3,15 €","(28,12 € / Kg)",
Beirabaga Amêndoas Doces com Canela frasco 125 g,Beirabaga,,"3,30 €","(26,40 € / Kg)",
Delouis Mostarda de Dijon sem Glúten Biológica embalagem 200 g,Delouis,,"5,49 €","(27,45 € / Kg)",
Duraglit Limpa-Metais 150 ml,Duraglit,,"8,99 €","(59,93 € / Litro)",
Leite Montanha Queijo Curado Ilha dos Mistérios,Leite Montanha,,"13,45 €/kg",,
Bicafé Café Ristretto para Dolce Gusto Intensidade 10 embalagem 16 cápsulas,Bicafé,,"3,49 €","(0,22 € / Unidade)",
Yaranza Iogurte Cremoso de Arandos frasco 140 g,Yaranza,,"1,29 €","(9,21 € / Kg)",
Splendor Pomada Preta 35 g,Splendor,,"2,09 €","(59,71 € / Kg)",
The Berry Company Sumo de Mirtilo sem Açúcar embalagem 1 L,The Berry Company,,"2,99 €","(2,99 € / Litro)",
Ausonia Pensos Higiénicos Ultrafina Plus Super embalagem 14 unidades,Ausonia,,"2,54 €","(0,18 € / Unidade)",
Skip Detergente Liquido para a Máquina de Roupa Baby embalagem 60 doses,Skip,,"24,99 €","(0,42 € / Dose)",
Pedras Água com Gás com Sabor a Limão e Chá Verde Pack 4 garrafa 25 cl,Pedras,,"2,39 €","(2,39 € / Litro)",
Quinta dos Açores Iogurte Líquido de Banana embalagem 200 ml,Quinta dos Açores,,"0,92 €","(4,60 € / Litro)",
El Corte Inglés Bolo Caseiro de Maçã embalagem 240 g,El Corte Inglés,,"2,05 €","(8,54 € / Kg)",
Quinta de Ventozelo Vinho Branco do Douro Malvasia Fina DOC garrafa 75 cl,Quinta de Ventozelo,,"10,99 €","(14,65 € / Litro)",
Cardenal Mendoza Brandy Jerez Solera Grande Reserva garrafa 70 cl,Cardenal Mendoza,,"25,90 €",(37 € / Litro),
Almeida & Filhos Farinheira da Beira Baixa Peso Aproximado por unidade 200 g,Almeida & Filhos,,"1,95 €","(9,75 € / Kg)",
Veet Creme Depilatório para Duche para Peles Normais Leite de Lótus e Jasmim embalagem 150 ml,Veet,,"9,99 €","(66,60 € / Litro)",
RRM Vinho Tinto da Beira Interior garrafa 150 cl,RRM,,84 €,(56 € / Litro),
Carlsberg Cerveja da Dinamarca Pilsner Pack 12 garrafa 25 cl,Carlsberg,,"7,39 €","(2,46 € / Litro)",
Margão Pimenta Branca Moída embalagem 35 g,Margão,,"1,99 €","(56,86 € / Kg)",
Confeitaria Carlos Gonçalves Bolos Palmiers embalagem 300 g,Confeitaria Carlos Gonçalves,,"1,99 €","(6,63 € / Kg)",
Curral Atlantis Vinho Tinto dos Açores Selecção da Família garrafa 75 cl,Curral Atlantis,,"25,90 €","(34,53 € / Litro)",
Sanex Dermo Protector Desodorizante Stick embalagem 65 ml,Sanex Dermo Protector,,"3,99 €","(61,38 € / Litro)",
El Corte Inglés Sóis Recheados com Queijo de Cabra e Cebola Caramelizada embalagem 250 g,El Corte Inglés,,"2,39 €","(9,56 € / Kg)",
El Corte Inglés Macarrão embalagem 500 g,El Corte Inglés,,"1,39 €","(2,78 € / Kg)",
Real Natura Máscara Capilar Intensiva Pro-Reparação Bomba Café com Keratina embalagem 1 kg,Real Natura,,"11,90 €","(11,90 € / Kg)",
Leicester Baker Mini Naan Simples embalagem 6,Leicester Baker,,"3,19 €","(0,53 € / Unidade)",
Delizum Sumo de Cenoura Biológico garrafa 200 ml,Delizum,,"1,29 €","(6,45 € / Litro)",
Perna de Porco com Osso Peso Aproximado 850 g,,,"4,49 €/kg",,
Néstle Cereais Cini Mini's embalagem 375 g,Néstle,,"3,89 €","(10,37 € / Kg)",
Fula Óleo de Abacate Refinado garrafa 250 ml,Fula,,"5,99 €","(23,96 € / Litro)",
"Drink6 Sopa de Quinoa, Couve e Cogumelos Shiitake embalagem 330 g",Drink6,,"3,95 €","(11,97 € / Kg)",
Jordan Escova Ultralite Soft pack 2,Jordan,,"2,99 €",(1 € / Unidade),
Moët & Chandon Champanhe Brut Impérial garrafa 75 cl,Moët & Chandon,,"43,95 €","(58,60 € / Litro)",
Riberalves Empadão de Bacalhau embalagem 280 g,Riberalves,,"4,49 €","(14,25 € / Kg)","4,49 €"
Cadbury Dairy Milk Chocolate de Leite Crunchie Bits embalagem 200 g,Cadbury Dairy Milk,,"3,59 €","(17,95 € / Kg)",
Magic Retouch Spray Retoca Raízes Louro embalagem 100 ml,Magic Retouch,,"11,99 €","(119,90 € / Litro)",
Condi Preparado para Bolo de Chocolate embalagem 400 g,Condi,,"2,05 €","(5,12 € / Kg)",
Florette Cebola Crocante embalagem 70 g,Florette,,"1,79 €","(25,57 € / Kg)",
Gullón Bolachas Sharkies Dibus Vegan sem Lactose sem Glúten embalagem 200 g,Gullón,,"3,29 €","(16,45 € / Kg)",
Infinitude Vinho Rosé Regional de Lisboa garrafa 75 cl,Infinitude,,"14,50 €","(0,19 € / Litro)",
Santiago Feijão Canário embalagem 700 g,Santiago,,"3,25 €","(4,64 € / Kg)",
Lusa Monte Azeitona Galega da Beira Baixa Descaroçada frasco 365 g,Lusa Monte,,"2,95 €","(8,08 € / Kg)",
El Corte Inglés Tomate Inteiro Pelado lata 480 g,El Corte Inglés,,"0,89 €","(1,85 € / Kg)",
Monte da Ravasqueira Conjunto Dois Vinhos Tinto do Alentejo garrafa 75 cl,Monte da Ravasqueira,,"10,98 €","(7,32 € / Litro)",
El Corte Inglés Filetes de Pescada do Cabo sem Pele embalagem 580 g,El Corte Inglés,,"5,39 €","(7,22 € / Kg)","5,39 €"
Avianense Copos de Chocolate 12 Unidades embalagem 72 g,Avianense,,"5,09 €","(70,69 € / Kg)",
"Peroni Cerveja Nastro Azzurro 0,0% garrafa 33 cl",Peroni,,"1,99 €","(6,03 € / Litro)",
GOT2B Champô Seco Extra Fresh Luscious Breeze embalagem 200 ml,GOT2B,,"5,29 €","(26,45 € / Litro)",
Fructis Pure Non Stop Champô Pepino Fresh para Cabelos Oleosos embalagem 400 ml,Fructis Pure Non Stop,,"5,99 €","(14,98 € / Litro)",
"Montesano Presunto Ibérico Bolota peça 8,75 kg",Montesano,,399 €,"(45,60 € / Kg)",
Tomate em Rama Peso Aproximado 160 g,,,"2,29 €/kg",,
Dr.Organic Champô com Coco Biológico embalagem 265 ml,Dr.Organic,,"9,44 €","(35,62 € / Litro)",
Caçarola Feijão Vermelho Cozido frasco 540 g,Caçarola,,"1,05 €","(1,94 € / Kg)",
"Leite Montanha Queijo da Ponta da Ilha Curado Peso Aproximado por unidade 1,1 kg",Leite Montanha,,"11,49 €/kg",,
Noval Vinho do Porto LBV garrafa 75 cl,Noval,,"22,50 €",(30 € / Litro),
ADA Comfort Resguardo para Incontinência 60x90 cm embalagem 25 unidades,ADA Comfort,,"8,95 €","(0,36 € / Unidade)",
Cuétara Avenacol Bolachas Digestivas de Aveia embalagem 300 g,Cuétara Avenacol,,"2,99 €","(9,97 € / Kg)",
Camomila Intea Champô Reflexos Louros embalagem 250 ml,Camomila Intea,,"10,05 €","(40,20 € / Litro)",
Cataliment Pérolas de Wasabi frasco 50 g,Cataliment,,"3,55 €",(71 € / Kg),
Papaia Peso Aproximado por ao peso 1000 kg,,,"4,59 €/kg",,
Knorr Natura Caldo Natura de Legumes 4 unidades embalagem 112 g,Knorr Natura,,"2,30 €","(20,54 € / Kg)",
Scotch-Brite Esfregona Ultrasec Recarga 1 unidade,Scotch-Brite,,"3,45 €","(3,45 € / Unidade)",
Renova Kids Toalhitas Infantis Recarga Pack 40 + 20 Grátis embalagem 60 unidades,Renova Kids,,"2,10 €","(0,04 € / Unidade)",
Quinta do Paral Vinho Branco do Alentejo Quinta do Parral garrafa 75 cl,Quinta do Paral,,"8,90 €","(11,87 € / Litro)",
Adega 23 Vinho Tinto da Beira Interior garrafa 75 cl,Adega 23,,"12,50 €","(16,67 € / Litro)",
Monforqueijo Queijo de Nisa Merendeira Dop unidade 300 g,Monforqueijo,,"8,99 €","(29,97 € / Kg)",
Linic Men Champô Anti-Caspa Frescura Diária de Menta e Limão para Todos os Tipos de Cabelo embalagem 360 ml,Linic Men,,"4,94 €","(13,72 € / Litro)",
Kambly Primavera Bolachas Sortidas embalagem 175 g,Kambly Primavera,,"6,19 €","(35,37 € / Kg)",
Margão Erva Doce em Grão embalagem 35 g,Margão,,"1,18 €","(33,71 € / Kg)",
Quinta do Valdoeiro Vinho Tinto da Bairrada Cabernet Sauvignon garrafa 75 cl,Quinta do Valdoeiro,,"7,85 €","(10,47 € / Litro)",
Próvida Ceral Mix Café Instantâneo Biológico embalagem 100 g,Próvida,,"4,19 €","(41,90 € / Kg)",
Próvida Puré de Fruta Maçã Pêra sem Adição de Açúcar Biológico embalagem 100 g,Próvida,,"0,99 €","(9,90 € / Kg)",
Cif Perfect Finish Anti-Calcário Spray embalagem 435 ml,Cif Perfect Finish,,"4,99 €","(11,47 € / Litro)",
Dove Loção Corporal Light Care embalagem 400 g,Dove,,"4,85 €","(12,12 € / Kg)",
Iswari Proteina Vegan de Amendoim e Maçã Bio embalagem 400 g,Iswari,,"18,99 €","(47,48 € / Kg)",
Nacional Alfa Bolachas embalagem 180 g,Nacional Alfa,,"1,45 €","(8,06 € / Kg)",
Q M Conjunto 2 Vinhos Rosé Melgaço + Copo garrafa 75 cl,Q M,,"21,90 €","(14,60 € / Litro)",
Chi Wán Molho Ketjab Manis garrafa 250 ml,Chi Wán,,"2,85 €","(11,40 € / Litro)",
Bimbo Pão de Forma Integral sem Côdea embalagem 450 g,Bimbo,,"1,79 €","(3,98 € / Kg)",
Pescanova Espinafres embalagem 400 g,Pescanova,,"1,99 €","(4,98 € / Kg)",
Nescafé Gold Café Solúvel frasco 200 g,Nescafé Gold,,"9,59 €","(47,95 € / Kg)",
Walkers Shortbread Bolachas de Manteiga embalagem 250 g,Walkers Shortbread,,"8,79 €","(35,16 € / Kg)",
Solan de Cabras Água sem Gás garrafa 50 cl,Solan de Cabras,,"0,95 €","(1,90 € / Litro)",
Don Algodon Ambientador de Carro embalagem 1 unidade,Don Algodon,,"3,25 €","(3,25 € / Unidade)",
Babaria Creme Ultra Hidratante Ácido Hialurônico embalagem 50 ml,Babaria,,"5,39 €","(107,80 € / Litro)",
"Compal Néctar Vital Bom Dia Frutos Amarelos, Chia e Curcuma embalagem 33 cl",Compal,,"0,95 €","(2,88 € / Litro)",
Ghee Easy Manteiga Clarificada Biológica frasco 245 g,Ghee Easy,,"9,85 €","(40,20 € / Kg)",
Herdade do Sobroso Vinho Tinto do Alentejo Rio dos Patos garrafa 75 cl,Herdade do Sobroso,,"7,59 €","(10,12 € / Litro)",
Cem Porcento Chá para Infusão Equinácea embalagem 13 g,Cem Porcento,,"0,95 €","(73,08 € / Kg)",
Ahumados Dominguez Salmão Fumado Suprême em Fatias embalagem 100 g,Ahumados Dominguez,,"7,99 €","(79,90 € / Kg)",
Swiffer Duster Kit Espanador + 4 Recargas Ambi Pur embalagem 5 unidades,Swiffer Duster Kit,,"4,19 €","(1,05 € / Unidade)",
Quinta do Cerrado Vinho Tinto do Dão Reserva garrafa 75 cl,Quinta do Cerrado,,"9,45 €","(12,60 € / Litro)",
Sabita Pickles de Gengibre frasco 210 g,Sabita,,"3,29 €","(15,67 € / Kg)",
Ambientador Absorve Odores Muguet embalagem 150 g,,,"4,99 €","(33,27 € / Kg)",
Bicafé Premium Café Gold Nº 7 para Nespresso embalagem 10 capsulas,Bicafé Premium,,"2,49 €","(0,25 € / Unidade)",
"Avianense Chocolate de Leite ""Ponte 25 de Abril"" embalagem 100 g",Avianense,,"2,69 €","(26,90 € / Kg)",
Harvest Moon Iogurte de Coco e Baunilha Biológico embalagem 125 g,Harvest Moon,,"1,99 €","(15,92 € / Kg)",
Quanto Amaciador Concentrado Ametista & Iris embalagem 52 doses,Quanto,,"6,59 €","(0,13 € / Dose)",
Bon Roll Choconolas Gomas de Morango com Cobertura de Chocolate embalagem 150 g,Bon Roll Choconolas,,"1,95 €",(13 € / Kg),
Dr. Beckmann Aditivo para Roupa Super Branco 4 Unidades embalagem 160 g,Dr. Beckmann,,"4,49 €","(28,06 € / Kg)",
Green Shield Toalhetes de Limpeza para o Chão de Madeira e Laminado embalagem 24 unidades,Green Shield,,"5,25 €","(0,22 € / Unidade)",
Pato Bloco Sanitário Azul Fresco Pack 2 Recargas 80 g,Pato,,"3,29 €","(41,12 € / Kg)",
Brasmar Lombos de Bacalhau Demolhado embalagem 600 g,Brasmar,,"12,99 €","(21,65 € / Kg)",
Heinz Top Down Molho de Alho embalagem 220 ml,Heinz Top Down,,"2,39 €","(10,86 € / Litro)",
Nestlé L'Atelier Les Bouchées Chocolate Negro Mediant embalagem 187 g,Nestlé L'Atelier Les Bouchées,,"6,49 €","(34,71 € / Kg)",
Quinta do Regainho Vinho Verde Loureiro Branco garrafa 75 cl,Quinta do Regainho,,"3,29 €","(4,39 € / Litro)",
Origens Leite de Coco Biológico embalagem 400 ml,Origens,,"2,99 €","(7,48 € / Litro)",
Mionetto Espumante Prosecco garrafa 75 cl,Mionetto,,"7,69 €","(10,25 € / Litro)",
Evax Liberty Pensos Higiénicos Normal com Abas embalagem 12 unidades,Evax Liberty,,"2,99 €","(0,25 € / Unidade)",
Greco Queijo Feta DOP sem Lactose embalagem 150 g,Greco,,"3,79 €","(25,27 € / Kg)",
Segura Viudas Vinho Branco de Espanha Seco Xarel-Lo garrafa 75 cl,Segura Viudas,,"5,95 €","(7,93 € / Litro)",
Lindt Excellence Chocolate Preto com Caramelo e Flor de Sal 70% Cacau embalagem 100 g,Lindt Excellence,,"3,39 €","(33,90 € / Kg)",
El Corte Inglés Massa Folhada embalagem 230 g,El Corte Inglés,,"1,09 €","(4,74 € / Kg)",
Vileda Flip Mopa Microfibra Recarga embalagem 1 unidade,Vileda,,"8,79 €","(8,79 € / Unidade)",
Matilde Vicenzi Bolos Mini Recheados com Avelã Millefoglie de Itália embalagem 125 g,Matilde Vicenzi,,"2,79 €","(22,32 € / Kg)",
Cereal Vit Cereais Benevit sem Glúten Biológico embalagem 375 g,Cereal Vit,,"4,99 €","(13,31 € / Kg)",
Oreo Bolachas Recheadas com Brownie embalagem 154 g,Oreo,,"1,49 €","(9,68 € / Kg)",
Lindt Bombons Lindor de Chocolate com Caramelo Salgado embalagem 200 g,Lindt,,"6,39 €","(31,95 € / Kg)",
El Corte Inglés Pinhões embalagem 100 g,El Corte Inglés,,"2,29 €","(22,90 € / Kg)",
Cogumelos Mix Exóticos embalagem 250 g,,,"4,99 €","(19,96 € / Kg)",
Grappa Nonino Aguardente Grappa Chardonnay garrafa 70 cl,Grappa Nonino,,"39,90 €",(57 € / Litro),
Barrica de Ovos Moles unidade 1 unidade,,,"0,80 €",,
Coca-Cola Refrigerante com Gás Sabor Original lata 33 cl,Coca-Cola,,1 €,"(3,03 € / Litro)",
Oliveira da Serra Vinagre de Vinho Branco garrafa 250 ml,Oliveira da Serra,,"1,09 €","(4,36 € / Litro)",
Maizena Farinha Amido de Milho embalagem 700 g,Maizena,,"4,49 €","(6,41 € / Kg)",
Real Natura Tónico Intensivo Pro-Vitamina Bomba Café sem Sal embalagem 70 ml,Real Natura,,"7,48 €","(106,86 € / Litro)",
Cem Porcento Aveia Nutritiva Instantânea embalagem 500 g,Cem Porcento,,"2,29 €","(4,58 € / Kg)",
Provam Vinho Verde Loureiro Branco garrafa 75 cl,Provam,,"4,45 €","(5,93 € / Litro)",
Haute Fromagerie Queijo de Ovelha Brebiou unidade 180 g,Haute Fromagerie,,"7,99 €","(44,39 € / Kg)",
Beirão Bombons com Licor 15 Unidades embalagem 125 g,Beirão,,"7,49 €","(59,92 € / Kg)",
Dessange Escova de Cabelo para Cabelos Curtos embalagem 1 unidade,Dessange,,"6,99 €","(6,99 € / Unidade)",
"Yoco Suissinho de Framboesa, Maçã e Pera e Morango e Banana Pack 6 embalagem 42 g",Yoco,,"2,35 €","(9,33 € / Kg)",
Beher Snack de Chouriço 100% Ibérico unidade 100 g,Beher,,"5,49 €","(54,90 € / Kg)",
Cadbury Dairy Milk Chocolate de Leite embalagem 200 g,Cadbury Dairy Milk,,"3,59 €","(17,95 € / Kg)",
Nortada Cerveja Artesanal Dark Lager garrafa 33 cl,Nortada,,"1,70 €","(5,15 € / Litro)",
Nivea Men Craft Stylers Gel Fixação Forte Efeito Semi Mate Elastic embalagem 150 ml,Nivea Men Craft Stylers,,"5,59 €","(37,27 € / Litro)",
As 3 Bruxas Desinfectante Limpazul 1 L,As 3 Bruxas,,"3,95 €","(3,95 € / Litro)",
Knorr Sopa de Agrião embalagem 53 g,Knorr,,"1,49 €","(28,11 € / Kg)",
Clearspring Alga Marinha Sushi Nori embalagem 17 g,Clearspring,,"5,29 €","(311,18 € / Kg)",
Margão Bio Caril Biológico frasco 36 g,Margão Bio,,"3,39 €","(94,17 € / Kg)",
Vizela Bolinhol de Vizela embalagem 400 g,Vizela,,"9,95 €","(24,88 € / Kg)",
El Corte Inglés Atum em Escabeche Pack 3 lata 156 g,El Corte Inglés,,"3,15 €","(17,50 € / Kg)",
Gliss 7Sec Máscara Reparadora Oil Nutritive para Cabelo Áspero e Encrespado embalagem 200 ml,Gliss 7Sec,,"11,99 €","(59,95 € / Litro)",
Nestlé Maggi Puré embalagem 460 g,Nestlé Maggi,,"2,99 €","(6,50 € / Kg)",
Ulric de Varens Colónia Masculina embalagem 60 ml,Ulric de Varens,,"7,59 €","(126,50 € / Litro)",
Hansaplast Pensos Frozen embalagem 16 unidades,Hansaplast,,"3,65 €","(0,23 € / Unidade)",
Dr. Oetker Lápis Pasteleiros Sabor a Chocolate 4 Unidades embalagem 59 g,Dr. Oetker,,"3,99 €","(67,63 € / Kg)",
Eurofumeiro Alheira de Mirandela IG Terras do Vento Leste,Eurofumeiro,,"8,99 €/kg",,
Margão Piripiri Malagueta em Grão embalagem 10 g,Margão,,"1,09 €",(109 € / Kg),
Matutano Amêndoas Tostadas no Forno embalagem 83 g,Matutano,,"3,29 €","(29,52 € / Kg)","3,29 €"
Santini Gelado de Coco embalagem 500 ml,Santini,,"14,95 €","(29,90 € / Litro)",
Garofalo Massa Integral Penne Ziti Rigate Biológico embalagem 500 g,Garofalo,,"2,19 €","(4,38 € / Kg)",
Copa Sumo Natural Detox Beterraba embalagem 250 ml,Copa,,"1,49 €","(5,96 € / Litro)",
São Miguel Queijo Regional DOP Velho Cura 9 Meses sem Glúten,São Miguel,,"15,69 €/kg",,
El Corte Inglés Selection Ameixas Secas sem Caroço embalagem 350 g,El Corte Inglés Selection,,"4,95 €","(14,14 € / Kg)",
Hansaplast Creme Hidratante para Pés Secos embalagem 100 ml,Hansaplast,,"6,49 €","(48,50 € / Litro)","6,49 €"
Nivea Q10 Energy Ampolas Anti-Rugas embalagem 7 unidades,Nivea Q10 Energy,,"13,99 €","(13,99 € / Unidade)",
Grisbi Bolachas Recheadas com Coco embalagem 150 g,Grisbi,,"2,39 €","(15,93 € / Kg)",
Nescafé Dolce Gusto Café Sical Intensidade 7 Mega Pack embalagem 64 cápsulas,Nescafé Dolce Gusto,,"17,99 €","(0,28 € / Unidade)",
Poças Vinho do Porto Branco garrafa 75 cl,Poças,,"8,29 €","(11,05 € / Litro)",
Beher Salsichão 100% Ibérico Bolota 1/2 peso aproximado por ao peso 1 kg,Beher,,"25,99 €/kg",,
Skandia Carpaccio de Bacalhau Fumado com Azeite Virgem Extra embalagem 80 g,Skandia,,"8,99 €","(112,38 € / Kg)",
Xarlie Cerveja Artesanal garrafa 75 cl,Xarlie,,"4,95 €","(6,60 € / Litro)",
Ehrmann Pudim de Chocolate Rico em Proteína embalagem 200 g,Ehrmann,,"2,05 €","(10,25 € / Kg)",
Quinta de Lafões Peitos de Frango do Campo Peso Aproximado por cuvete 600 g,Quinta de Lafões,,"4,97 €","(8,29 € / Kg)",
Heinz Molho Sandwich de Tomate e Cebolinha frasco 300 ml,Heinz,,"4,85 €","(16,17 € / Litro)",
Cesare Imperator Licor de Sambuca garrafa 70 cl,Cesare Imperator,,"14,35 €","(20,50 € / Litro)",
Super Bock Mini Cerveja sem Álcool Pack 6 garrafa 20 cl,Super Bock Mini,,"3,39 €","(16,95 € / Litro)",
Corine de Farme Baby Champô Micelar Biológico embalagem 500 ml,Corine de Farme Baby,,"7,49 €","(14,98 € / Litro)",
Jordans Country Crisp Cereais Integrais de Fibra com Chocolate Preto Biológicos embalagem 400 g,Jordans Country Crisp,,"5,69 €","(14,22 € / Kg)",
Planta Creme Vegetal com Sabor a Manteiga embalagem 400 g,Planta,,"3,49 €","(8,72 € / Kg)",
Echo Falls Vinho Branco do Chile Sauvignon garrafa 75 cl,Echo Falls,,"7,99 €","(10,65 € / Litro)",
Kolios Queijo Feta DOP unidade 200 g,Kolios,,"3,29 €","(16,45 € / Kg)",
Próvida Manteiga de Coco Biológica embalagem 200 g,Próvida,,"4,99 €","(24,95 € / Kg)",
Sinha Cuscuz Tradicional embalagem 500 g,Sinha,,"1,49 €","(2,98 € / Kg)",
El Corte Inglés Selection Hambúrgueres de Bovino e Porco embalagem 4 unidades,El Corte Inglés Selection,,"4,59 €","(11,48 € / Kg)",
Veckia Loção Corporal com Urea embalagem 400 ml,Veckia,,"2,35 €","(0,59 € / 10 ml.)",
Maheso Canelones de Espinafres com Queijo Emmental embalagem 300 g,Maheso,,"3,29 €",,
"Compal Essencial Kids Doses de Fruta de Maçã, Banana e Laranja Pack 3 embalagem 110 ml",Compal Essencial Kids,,"2,34 €","(7,09 € / Litro)",
Coca-Cola Refrigerante com Gás Zero Cafeína Zero Açúcar lata 33 cl,Coca-Cola,,"0,79 €","(2,39 € / Litro)",
Búzio Cozido Peso Aproximado por unidade 250 g,,,"10,99 €/kg",,
El Corte Inglés Muffins Duplo Chocolate com Chips embalagem 300 g,El Corte Inglés,,"2,84 €","(9,47 € / Kg)",
Vasco da Gama Polvo e Pota em Alho lata 120 g,Vasco da Gama,,"1,69 €","(14,08 € / Kg)",
Nissin Soba Noodles Chilli embalagem 111 g,Nissin,,"1,69 €","(15,23 € / Kg)",
Perna de Borrego Peso Aproximado 1 kg,,,"13,95 €/kg",,
Margão Segredos Aves embalagem 16 g,Margão,,"2,19 €","(136,88 € / Kg)",
Mongozo Cerveja da Bélgica Biológica sem Glúten garrafa 25 cl,Mongozo,,"3,35 €","(13,40 € / Litro)",
Herdade Outeiros Altos Vinho Rosé do Alentejo DOC garrafa 75 cl,Herdade Outeiros Altos,,"10,95 €","(14,60 € / Litro)",
Nobre Refeição Vegalia Quinoa com Vegetais Vegan lata 420 g,Nobre,,"4,49 €","(10,69 € / Kg)",
Embaré Caramelos de Leite e Chocolate embalagem 150 g,Embaré,,"1,19 €","(7,93 € / Kg)",
Intimy Be'Cup Copo Menstrual T2 embalagem 1 unidade,Intimy Be'Cup,,"22,39 €","(22,39 € / Unidade)",
Naturefoods Flocos de Aveia Finos Biológicos embalagem 500 g,Naturefoods,,"1,80 €","(3,60 € / Kg)",
Super Bock Cerveja Nacional garrafa 33 cl,Super Bock,,"4,39 €","(2,22 € / Litro)",
Paladin Vinagre de Mel garrafa 500 ml,Paladin,,"4,25 €","(8,50 € / Litro)",
Salutem Crisp Bread de Sésamo embalagem 130 g,Salutem,,"1,89 €","(14,54 € / Kg)",
Blaze Creme Balsâmico em Topping Original embalagem 215 ml,Blaze,,"6,05 €","(28,14 € / Litro)",
Skip Detergente para Máquina de Roupa em Pó Active Clean embalagem 80 doses,Skip,,"15,99 €","(0,20 € / Unidade)",
Mercearia da Aldeia Rolo de Queijo de Cabra Biológico unidade 170 g,Mercearia da Aldeia,,"9,69 €","(0,06 € / Kg)",
Nivea Creme Soft Sabonete Líquido para as Mãos com Óleo de Amêndoa embalagem 250 ml,Nivea Creme Soft,,"3,89 €","(15,56 € / Litro)",
El Pozo Mortadela de Peru com Azeitonas sem Glúten,El Pozo,,"8,29 €/kg",,
Triunfo Digestive Go Bolachas com Canela embalagem 171 g,Triunfo Digestive Go,,"1,69 €","(9,88 € / Kg)",
Lindt Excellence Chocolate Preto 78% Cacau embalagem 100 g,Lindt Excellence,,"2,79 €","(27,90 € / Kg)",
Paladar Pronto Puré de Batata Doce com Laranja e Gengibre embalagem 350 g,Paladar Pronto,,"2,99 €","(8,54 € / Kg)",
Men Expert Hydra Energetic Gel de Banho Taurina embalagem 400 ml,Men Expert Hydra Energetic,,"4,99 €","(12,48 € / Litro)",
Dr.Organic Champô Reparação de Aloe Vera Biológico embalagem 250 ml,Dr.Organic,,"9,44 €","(37,76 € / Litro)",
"L'Oréal Elvive Dream Long Máscara Capilar SOS para Cabelo Comprido, Estragado embalagem 300 ml",L'Oréal,,"6,99 €","(23,30 € / Litro)",
"El Corte Inglés Gelado 3 sabores Nata, Baunilha e Chocolate embalagem 1000 ml",El Corte Inglés,,"1,99 €","(4,42 € / Litro)",
Garcia Baquero VeganFeel Ralado embalagem 150 g,Garcia Baquero,,"3,29 €","(21,93 € / Kg)",
Paladin Maionese em Saquetas 10 ml embalagem 18 unidades,Paladin,,"3,09 €","(17,17 € / Kg)",
Sabarot Mistura Boletos & Porcini frasco 40 g,Sabarot,,"4,99 €","(124,75 € / Kg)",
Mississippi Belle Mostarda Americana embalagem 226 g,Mississippi Belle,,"2,59 €","(11,46 € / Kg)",
Sabores do Vez Chouriça de Cebola unidade 180 g,Sabores do Vez,,"2,59 €","(14,39 € / Kg)",
El Corte Inglés Selection Queijo de Ovelha Curado unidade 250 g,El Corte Inglés Selection,,"5,45 €","(21,80 € / Kg)",
Icecare Gelado Artesanal Baunilha embalagem 500 ml,Icecare,,"6,95 €","(13,90 € / Litro)",
Tipiak Couscous embalagem 500 g,Tipiak,,"1,79 €","(3,58 € / Kg)",
El Corte Inglés Activador para Roupa de Cor embalagem 2 L,El Corte Inglés,,"1,05 €","(0,52 € / Litro)",
Fastio Água Mineral Natural Pack 6 garrafa 33 cl,Fastio,,"1,79 €","(5,42 € / Litro)",
Cigala Arroz Thai Jasmim embalagem 1 kg,Cigala,,"2,39 €","(2,39 € / Kg)",
Casal Sta.Maria Vinho Branco Regional de Lisboa Reserva garrafa 75 cl,Casal Sta.Maria,,"9,99 €","(13,32 € / Litro)",
Serra de Portel Mel Rosmaninho frasco 270 g,Serra de Portel,,"3,39 €","(12,56 € / Kg)",
"Compal Sumo de Maçã, Amora, Morango e Mirtilo Bio embalagem 1 L",Compal,,"2,99 €","(2,99 € / Litro)",
Anthon Berg Garrafas de Chocolate com Whisky Malte embalagem 155 g,Anthon Berg,,"14,95 €","(96,45 € / Kg)",
The Singleton Whisky Malte 12 Anos garrafa 70 cl,The Singleton,,"34,99 €","(49,99 € / Litro)",
Ultra Suave Champô Sólido Suavizante Delicadeza de Aveia para Cabelos Delicados embalagem 60 g,Ultra Suave,,"5,99 €","(99,83 € / Kg)",
O'Haras Cerveja O'Haras Irish Red garrafa 33 cl,O'Haras,,"2,59 €","(7,85 € / Litro)",
Olymp Paté de Azeitona Kalamata frasco 180 g,Olymp,,"2,99 €","(16,61 € / Kg)",
Gillette Espuma de Barbear para Pele Sensível embalagem 200 ml,Gillette,,"2,99 €","(14,95 € / Litro)",
Avianense Sombrinha de Chocolate embalagem 25 g,Avianense,,"1,65 €",(66 € / Kg),
El Corte Inglés Sacos do Lixo 10 L embalagem 15 unidades,El Corte Inglés,,"2,20 €","(0,15 € / Unidade)",
Próvida Feijão de Soja Biológico embalagem 500 g,Próvida,,"2,19 €","(4,38 € / Kg)",
Pato Liquido Wc Cosmic Peach embalagem 750 ml,Pato,,"2,99 €","(2,12 € / Litro)","2,99 €"
Bonito dos Açores Atum Posta em Azeite lata 120 g,Bonito dos Açores,,"1,70 €","(14,17 € / Kg)",
Guilherme Queijo de Ovelha Curado unidade 110 g,Guilherme,,"2,49 €","(22,64 € / Kg)",
Magnum Gelado de Caramelo Salgado e Amêndoas Pack 3 embalagem 90 ml,Magnum,,"4,99 €","(18,48 € / Litro)",
Pescanova Bacalhau Desfiado embalagem 850 g,Pescanova,,"12,49 €","(14,69 € / Kg)",
Globo Cereja Vermelha em Calda frasco 400 g,Globo,,"3,09 €","(7,72 € / Kg)",
Popz Pipocas Doces e Salgadas para Micro Ondas Pack 3 embalagem 85 g,Popz,,"2,99 €","(35,18 € / Kg)",
Nescafé Clássico Café Solúvel frasco 200 g,Nescafé Clássico,,"7,49 €","(37,45 € / Kg)",
El Corte Inglés Tâmaras embalagem 350 g,El Corte Inglés,,"2,65 €","(7,57 € / Kg)",
Lindt Bombons Sortidos embalagem 345 g,Lindt,,"11,99 €","(34,75 € / Kg)",
Martiko Paté de Pato Superior com Cebola Caramelizada embalagem 75 g,Martiko,,"3,45 €",(46 € / Kg),
Globo Flocos de Aveia embalagem 400 g,Globo,,"0,69 €","(1,72 € / Kg)",
Mercearia da Aldeia Queijo de Cabra Amanteigado unidade 250 g,Mercearia da Aldeia,,"8,99 €","(35,96 € / Kg)",
Condi Bolo de Chocolate com Pepitas embalagem 460 g,Condi,,"3,69 €","(8,02 € / Kg)",
Denim Gold After-Shave embalagem 100 ml,Denim Gold,,"7,99 €","(79,90 € / Litro)",
Super Bock Selecção 1927 Cerveja Artesanal Barrel Aged garrafa 75 cl,Super Bock Selecção 1927,,"12,49 €","(16,65 € / Litro)",
Gallo Azeite Virgem Extra Gourmet garrafa 750 ml,Gallo,,"8,78 €","(11,71 € / Litro)",
Président Queijo Ralado Emmental embalagem 90 g,Président,,"2,19 €","(24,33 € / Kg)",
Conde de Vimioso Vinho Tinto do Tejo Magnum garrafa 150 cl,Conde de Vimioso,,"17,99 €","(11,99 € / Litro)",
Miyata Pasta Wasabi embalagem 43 g,Miyata,,"1,95 €","(45,35 € / Kg)",
Nonna Amelia Massa para Lasanha embalagem 250 g,Nonna Amelia,,"1,09 €","(4,36 € / Kg)",
Espiga Canela em Pau embalagem 12 g,Espiga,,"1,89 €","(157,50 € / Kg)",
Próvida Farinha de Amêndoa Biológica embalagem 200 g,Próvida,,"5,99 €","(29,95 € / Kg)",
Alma Cerveja Artesanal Minhota garrafa 75 cl,Alma,,"8,90 €","(11,87 € / Litro)",
Delaviuda Panettone Receita Original embalagem 750 g,Delaviuda,,"9,39 €","(12,52 € / Kg)",
Musa Cerveja Artesanal Twist and Stout garrafa 33 cl,Musa,,"2,79 €","(8,45 € / Litro)",
Mercurochrome Fita Adesiva Microporosa embalagem 1 unidade,Mercurochrome,,"3,89 €","(3,89 € / Unidade)",
Ahmad Tea Chá Preto English Breakfast lata 100 g,Ahmad Tea,,"5,10 €",(51 € / Kg),
Cem Porcento Bolachas Marinheiras Naturais sem Açúcares Adicionados Biológicas embalagem 200 g,Cem Porcento,,"2,99 €","(14,95 € / Kg)",
Coalho Queijo de Cabra Trás-os-Montes Velho Apimentado DOP kg,Coalho,,"26,98 €/kg",,
Kaiku Iogurte Desnatado com Framboesa sem Açúcar e sem Lactose Pack 4 embalagem 125 g,Kaiku,,"1,89 €","(3,78 € / Kg)",
Orchard Lane Vinho Branco da Nova Zelândia Sauvage Blanc Marlborough garrafa 75 cl,Orchard Lane,,12 €,(16 € / Litro),
Veet Creme Depilatório para Peles Sensíveis embalagem 200 ml,Veet,,"9,99 €","(49,95 € / Litro)",
Sedinhas Vinho Tinto do Douro Grande Reserva garrafa 75 cl,Sedinhas,,"10,45 €","(13,93 € / Litro)",
Alpro Bebida de Aveia embalagem 1 L,Alpro,,"2,39 €","(2,39 € / Litro)",
Renata Bolo de Cenoura para Misturar embalagem 400 g,Renata,,"2,19 €","(5,48 € / Kg)",
Veckia Esponja de Banho Flor Suavemente Exfoliante embalagem 1 unidade,Veckia,,"0,93 €","(0,93 € / Unidade)",
Cem Porcento Infusão sem Barriga embalagem 13 g,Cem Porcento,,"0,99 €","(76,15 € / Kg)",
Hello Kitty Eau de Toilette Hello Kitty embalagem 30 ml,Hello Kitty,,"7,30 €","(243,33 € / Litro)",
Castello D'Alba Vinho Tinto do Douro Superior Pack 3 unidades embalagem 75 cl,Castello D'Alba,,"39,73 €","(17,66 € / Litro)",
Duracell Pilhas para Comando MN 21 12 V embalagem 2 unidades,Duracell,,"3,55 €","(1,78 € / Unidade)",
Cem Porcento Nutríssimas Bolachas Integrais de Cacau embalagem 200 g,Cem Porcento Nutríssimas,,"2,69 €","(13,45 € / Kg)",
Sunny Delight Sumo de Frutos do Bosque embalagem 310 ml,Sunny Delight,,"0,95 €","(3,06 € / Litro)",
Espiga Manjericão Folha embalagem 20 g,Espiga,,"1,05 €","(52,50 € / Kg)",
Cappeletti de Presunto embalagem 250 g,,,"3,29 €","(13,16 € / Kg)",
Milaneza Massa Couscous Médio embalagem 1 kg,Milaneza,,"2,89 €","(2,89 € / Kg)",
Ceder's Gin Wild sem Álcool garrafa 50 cl,Ceder's,,"26,49 €","(52,98 € / Litro)",
Invisível Vinho Branco do Alentejo garrafa 75 cl,Invisível,,"12,95 €","(17,27 € / Litro)",
+ Bio Ovos Frescos Classe M/L Biológicos embalagem 6 unidades,+ Bio,,"2,39 €","(0,40 € / Unidade)",
"L'Oréal Elvive Dream Long Magic Water 8 Segundos para Cabelo Comprido, Estragado embalagem 200 ml",L'Oréal,,"9,99 €","(49,95 € / Litro)",
Pacari Chocolate Negro com Laranja Vegan embalagem 50 g,Pacari,,"3,09 €","(61,80 € / Kg)",
Pilsener Cerveja Polar garrafa 33 cl,Pilsener,,"1,99 €","(6,03 € / Litro)",
Costa Eco Bebida de Espelta sem Lactose Biológica embalagem 1 L,Costa Eco,,"2,25 €","(2,25 € / Litro)",
Quinta das Lamelas Vinho Branco do Douro Reserva 2020 garrafa 75 cl,Quinta das Lamelas,,"9,95 €","(13,27 € / Litro)",
"Sical Café Torrado Lote Clássico África, Ásia e Brasil Moagem Grão Intensidade 10 embalagem 250 g",Sical,,"3,59 €","(14,36 € / Kg)",
Lipton Pyramid Chá de Menta embalagem 20 unidade,Lipton Pyramid,,"1,85 €","(0,09 € / Unidade)",
El Corte Inglés Salada de Arroz com Delícias do Mar embalagem 240 g,El Corte Inglés,,"2,19 €","(9,12 € / Kg)",
El Corte Inglés Amêndoas Largueta Torradas embalagem 225 g,El Corte Inglés,,"5,99 €","(26,62 € / Kg)",
"Dittmann Pepper Balls Picantes e Doces Recheadas com Queijo, Caril e Abacaxi frasco 290 g",Dittmann Pepper Balls,,"5,75 €","(19,83 € / Kg)",
Sorini Bombons Sortidos Cinema lata 188 g,Sorini,,"12,99 €","(69,10 € / Kg)",
Kilom Frango para Churrasco Peso Aproximado por cuvete 900 g,Kilom,,"3,14 €","(3,49 € / Kg)",
Condi Tapioca embalagem 250 g,Condi,,"3,41 €","(13,64 € / Kg)",
Russian Premium Caviar Siberiano unidade 50 g,Russian Premium,,"69,98 €","(1.399,60 € / Kg)",
H&S Shampoo Antiqueda embalagem 300 ml,H&S,,"4,49 €","(14,97 € / Litro)",
Evian Água Mineral Natural garrafa 33 cl,Evian,,"1,59 €","(4,82 € / Litro)",
Rayen Saco de Rede para a Máquina de Lavar a Roupa 1 kg,Rayen,,"3,49 €","(3,49 € / Unidade)",
Quinta da Serra da Gardunha Queijo Regional de Cabra Peso Aproximado por unidade 1 kg,Quinta da Serra da Gardunha,,"19,99 €/kg",,
Lindt Champs Elysées Bombons de Chocolate de Leite embalagem 469 g,Lindt Champs Elysées,,"16,99 €","(36,23 € / Kg)",
Veckia Gel de Barbear para Pele Normal com Aloe Vera e Óleo de Abacate embalagem 200 ml,Veckia,,"1,59 €","(0,80 € / 10 ml.)",
Pure Leaf Ice Tea Lipton Chá Verde Hortelã e lima garrafa 33 cl,Pure Leaf,,"0,99 €",(3 € / Litro),
El Corte Inglés Papel Higiénico Alcochado embalagem 6 unidades,El Corte Inglés,,"3,85 €","(0,64 € / Unidade)",
Candycat Bombons Recheados Sortidos frasco 800 g,Candycat,,"13,99 €","(17,49 € / Kg)",
The Berry Company Sumo de Bagas Roxas embalagem 33 cl,The Berry Company,,"1,69 €","(5,12 € / Litro)",
Próvida Farinha de Araruta Biológica embalagem 250 g,Próvida,,"2,59 €","(10,36 € / Kg)",
L'Or Café Papua New Guinea para Nespresso embalagem 10 cápsulas,L'Or,,"4,49 €","(0,34 € / Unidade)","4,49 €"
Pronto Óleo Nutritivo Revitaliza Cedro spray 250 ml,Pronto,,"4,79 €","(14,36 € / Litro)","4,79 €"
Cem Porcento Infusão de Gengibre Biológica embalagem 13 g,Cem Porcento,,"0,99 €","(76,15 € / Kg)",
Martiko Bloco Foie Gras de Pato unidade 130 g,Martiko,,"14,35 €","(110,38 € / Kg)",
Aroma D' Minas Pequi Fatiado frasco 140 g,Aroma D' Minas,,"6,55 €","(46,79 € / Kg)",
Nescafé Dolce Gusto Café Espresso Intenso Intensidade 7 embalagem 30 cápsulas,Nescafé Dolce Gusto,,"10,49 €","(0,35 € / Unidade)",
Jordan Interdental Brush Between M embalagem 1 unidade,Jordan,,"5,99 €","(5,99 € / Unidade)",
Dermacotton Cotonetes para Bebé embalagem 56 unidades,Dermacotton,,"1,55 €","(0,03 € / Unidade)",
Curado Tequila Blue Agave garrafa 70 cl,Curado,,"53,90 €",(77 € / Litro),
Captain Morgan Rum garrafa 70 cl,Captain Morgan,,"15,99 €","(22,84 € / Litro)",
Próvida Farinha de Centeio Integral Biológica embalagem 500 g,Próvida,,"1,45 €","(2,90 € / Kg)",
Loic D' Artimont Caracóis com Manteiga embalagem 89 g,Loic D' Artimont,,"5,50 €","(61,80 € / Kg)",
Babaria Sérum Vitamina C embalagem 30 ml,Babaria,,"7,69 €","(256,33 € / Litro)",
Comfort Essência Pure Amaciador de Roupa Concentrado embalagem 56 doses,Comfort Essência Pure,,"6,59 €","(0,12 € / Dose)",
Nivea Cellular Filler Creme Anti-Rugas de Noite embalagem 50 ml,Nivea Cellular Filler,,"24,99 €","(499,80 € / Litro)",
Herdade do Sobroso Vinho Branco do Alentejo Rio dos Patos garrafa 75 cl,Herdade do Sobroso,,"7,59 €","(10,12 € / Litro)",
Alpro Yofu de Soja Natural embalagem 500 g,Alpro,,"2,99 €","(4,78 € / Kg)","2,99 €"
El Corte Inglés Selection Queijo da Espanha Curado de Leite Cru de Ovelha embalagem 250 g,El Corte Inglés Selection,,"5,25 €",(21 € / Kg),
Bom Petisco Atum em Posta em azeite Virgem Extra e Oregãos lata 120 g,Bom Petisco,,"2,09 €","(17,42 € / Kg)",
Gullón Bolachas Spider-Man Tuestis Vegan sem Glúten embalagem 400 g,Gullón,,"4,35 €","(10,88 € / Kg)",
Ramirez Atum com Milho e Feijão Vermelho lata 120 g,Ramirez,,"1,79 €","(14,92 € / Kg)",
Diese Bolachas Artesanais de Gengibre e Canela sem Glúten embalagem 125 g,Diese,,"2,69 €","(21,52 € / Kg)",
Ben & Jerry's Gelado Cookies on Cookie Dough Vegan embalagem 465 ml,Ben & Jerry's,,"6,79 €","(14,60 € / Litro)",
Tierra de Oro Vinho Tinto de Espanha garrafa 75 cl,Tierra de Oro,,"3,99 €","(5,32 € / Litro)",
M.Rainha Licor de Maracujá garrafa 70 cl,M.Rainha,,"9,95 €","(14,21 € / Litro)",
Origens Papas de Aveia Instantânea com Canela e Pedaços de Maçã Biológica embalagem 300 g,Origens,,"4,99 €","(16,63 € / Kg)",
Ti António Lombinho de Porco Peso Aproximado por cuvete 650 g,Ti António,,"9,72 €","(14,95 € / Kg)",
Yopro Iogurte Líquido Proteína sabor Manga embalagem 300 g,Yopro,,"2,39 €","(7,97 € / Kg)",
Lipton Ice Tea Chá Verde de Pêssego Branco garrafa 1 L,Lipton Ice Tea,,"1,75 €","(1,75 € / Litro)",
"Just For Men Coloração em Gel Bigode, Barba e Patilhas Preto Natural embalagem 1 unidade",Just For Men,,"11,89 €","(11,89 € / Unidade)",
Frutaçor Doce Extra de Capucho frasco 230 g,Frutaçor,,"4,99 €","(21,70 € / Kg)",
El Corte Inglés Lombo de Porco com Alho sem Glúten Peso Aproximado por cuvete 500 g,El Corte Inglés,,"4,47 €","(8,95 € / Kg)",
Vertente Vinho Tinto do Douro garrafa 75 cl,Vertente,,"12,99 €","(17,32 € / Litro)",
Vileda Super Esfregona com Cabo Limpeza e Resistência embalagem 1 unidade,Vileda,,"7,65 €","(7,65 € / Unidade)",
Bolachas de Aveia Choco Cobertas de Chocolate de Leite sem Açúcares Adicionados embalagem 150 g,,,"2,39 €","(13,27 € / Kg)","2,39 €"
"Nestlé Kit Kat Snack Chocolate Branco MP 3x embalagem 41,5 g",Nestlé Kit Kat,,"2,99 €","(24,02 € / Kg)",
Doritos Snack de Milho Dippas Original embalagem 180 g,Doritos,,"1,99 €","(11,06 € / Kg)",
Dr.Organic Gel de Limpeza Facial Melaleuca Biológico embalagem 200 ml,Dr.Organic,,"9,44 €","(47,20 € / Litro)",
Fructis Hidra-Caracóis Champô para Cabelos Encaracolados ou Ondulados embalagem 400 ml,Fructis Hidra-Caracóis,,"5,99 €","(14,98 € / Litro)",
Izidoro O Merceeiro Salsichas Bockwurst sem Glúten 9 Unidades frasco 360 g,Izidoro O Merceeiro,,"4,79 €","(13,31 € / Kg)",
Quinta de Ventozelo Gin Premium garrafa 50 cl,Quinta de Ventozelo,,"24,90 €","(49,80 € / Litro)",
Carm Vinho Branco do Douro garrafa 75 cl,Carm,,"10,49 €","(13,99 € / Litro)",
Panealba Gressinos D'or com Sésamo embalagem 250 g,Panealba,,"2,49 €","(9,96 € / Kg)",
"English Tea Shop Infusão Super Goodness de Maçã, Roseira Brava e Canela Biológica embalagem 35 g",English Tea Shop,,"3,99 €",(114 € / Kg),
Renova Papel Higiénico Húmido embalagem 60 unidades,Renova,,"2,10 €","(0,04 € / Unidade)",
Compal Origens Néctar de Laranja do Algarve embalagem 1 L,Compal Origens,,"1,69 €","(1,69 € / Litro)",
Ultra Suave Máscara Capilar Nutritiva com Óleos de Argão e Camélia para Cabelos Secos embalagem 300 ml,Ultra Suave,,"6,79 €","(22,63 € / Litro)",
Fortunna Naturally Unique Lombo de Bovino Pequeno Corte kg,Fortunna Naturally Unique,,"9,95 €","(22,11 € / Kg)",
Graham's Vinho do Porto Branco garrafa 75 cl,Graham's,,"7,49 €","(9,99 € / Litro)",
Nestlé Quality Street Bombons Sortidos embalagem 265 g,Nestlé Quality Street,,"8,29 €","(31,28 € / Kg)",
Kerzo Shampoo Anti Queda Refrescante Cabelos Oleosos embalagem 400 ml,Kerzo,,"4,99 €","(12,48 € / Litro)",
Broa de Milho,,,"3,10 €/kg",,
Dalva Vinho do Porto Datado 40 Anos garrafa 75 cl,Dalva,,"119,90 €","(159,87 € / Litro)",
"Carlsberg Cerveja sem Álcool 0,0% garrafa 25 cl",Carlsberg,,"1,09 €","(4,36 € / Litro)",
Lindt Lindor Chocolate Branco embalagem 100 g,Lindt Lindor,,"2,69 €","(26,90 € / Kg)",
Alpro Bebida de Aveia Not Milk Clássica Vegan embalagem 1 L,Alpro,,"2,39 €","(1,89 € / Litro)","2,39 €"
"Delta Mistura Solúvel Cevada, Chicória e Centeio sem Café frasco 200 g",Delta,,"2,25 €","(11,25 € / Kg)",
Bollycao Bolos Recheados com Chocolate embalagem 57 g,Bollycao,,"0,95 €","(16,67 € / Kg)",
Espiga Cardamomo Verde Semente frasco 25 g,Espiga,,"3,39 €","(135,60 € / Kg)",
A Leiteira Mousse de Chocolate de Leite pack d 4 unidades embalagem 60 g,A Leiteira,,"1,89 €","(7,88 € / Kg)",
Johnson's Spray Condicionador para Crianças Gotas de Força embalagem 500 ml,Johnson's,,"4,39 €","(8,78 € / Litro)",
Dourada de Aquicultura 400/600 Peso Aproximado por unidade 550 g,,,"8,49 €/kg",,
Gravuras do Côa Vinho Rosé do Douro DOC garrafa 75 cl,Gravuras do Côa,,"4,99 €","(6,65 € / Litro)",
Desidrata Mix de Maçã Desidratada sem Glúten Biológica embalagem 40 g,Desidrata,,"2,19 €","(54,75 € / Kg)",
Jubileu Chocolate Preto com Pepitas de Cacau Caramelizadas embalagem 100 g,Jubileu,,"2,75 €","(27,50 € / Kg)",
Vieira Bolachas Torradas Leve 4 Pague 3 embalagem 800 g,Vieira,,"3,35 €","(4,19 € / Kg)",
Cem Porcento Chá de Plantas Infusão Regula Mais embalagem 13 g,Cem Porcento,,"1,09 €","(83,85 € / Kg)",
Salutem Barra Crocante de Sésamo e Mel embalagem 40 g,Salutem,,"0,89 €","(22,25 € / Kg)",
Portal Vinho Tinto do Douro Reserva 2019 garrafa 75 cl,Portal,,"14,45 €","(19,27 € / Litro)",
Corine de Farme Água Micelar para Pele Sensível embalagem 500 ml,Corine de Farme,,"6,49 €","(12,98 € / Litro)",
Quinta dos Açores Queijo Quinta Picante unidade 400 g,Quinta dos Açores,,"8,29 €","(20,72 € / Kg)",
El Almendro Barrita de Amendoas e Fruta embalagem 140 g,El Almendro,,"3,99 €","(28,50 € / Kg)",
Quinta do Cachão Vinho Tinto do Douro garrafa 75 cl,Quinta do Cachão,,"6,35 €","(8,47 € / Litro)",
Ausonia Pensos Higiénicos Ultrafina Plus Normal ULTRAFINA embalagem 16 unidades,Ausonia,,"2,54 €","(0,16 € / Unidade)",
Du Bois de La Roche Crackers com Azeite e Rosmaninho embalagem 200 g,Du Bois de La Roche,,"2,09 €","(10,45 € / Kg)",
Pepsi Max Refrigerante com Gás de Lima Zero Açúcar garrafa 1 L,Pepsi Max,,"1,09 €","(0,26 € / Litro)",
Paño Nature Amêndoas sem Pele Biológicas embalagem 90 g,Paño Nature,,"3,85 €","(42,78 € / Kg)",
Nivea Naturally Clean Barra de Limpeza Facial Luminosidade com Extracto de Rosa e Vitamina E Ecológico embalagem 75 g,Nivea Naturally Clean,,"7,49 €","(99,87 € / Kg)",
Bourgogne des Flandres Cerveja Blond Os garrafa 33 cl,Bourgogne des Flandres,,"3,89 €","(11,79 € / Litro)",
Depend Cuecas Para Adultos Mulher com Incontinência Absorção Super Tamanho S/M embalagem 10 unidades,Depend,,"9,79 €","(0,98 € / Unidade)",
Ezalo Insecticida Citronela Eléctrico Recarga embalagem 1 unidade,Ezalo,,"3,49 €","(3,49 € / Unidade)",
Danone Activia Iogurte Líquido de Frutos Silvestres Pack 4 embalagem 160 g,Danone Activia,,"1,99 €","(3,11 € / Kg)",
Mutti Concentrado de Tomate embalagem 130 g,Mutti,,"1,69 €",(13 € / Kg),
Eci Selection Fiambre da Perna Extra Fatias unidade 150 g,Eci Selection,,"2,50 €","(16,67 € / Kg)",
Artefacto Vinho Tinto Regional do Alentejo Magnum garrafa 150 cl,Artefacto,,"18,99 €","(12,66 € / Litro)",
Cem Porcento Biscoitos de Limão sem Açúcar embalagem 250 g,Cem Porcento,,"2,69 €","(10,76 € / Kg)",
SHIKRA'N Ovas Pack 4x25g embalagem 100 g,SHIKRA'N,,"8,99 €","(89,90 € / Kg)",
Ultra Suave Champô para Cabelos Oleosos com Limão e Argila Suave embalagem 400 ml,Ultra Suave,,"5,59 €","(13,98 € / Litro)",
Glade Ambientador Mikado Aromaterapia Pure Hapiness Orange+Neroli embalagem 80 ml,Glade,,"13,99 €","(174,88 € / Litro)",
Président Queijo Fundido 16 Porções embalagem 250 g,Président,,"3,35 €","(13,40 € / Kg)",
Scotch-Brite Esfregão Fibra com Esponja embalagem 2 unidades,Scotch-Brite,,"2,49 €","(1,24 € / Unidade)",
Limiano Queijo Flamengo Pausa em Cubos com Amêndoas e Arandos Pack 3 embalagem 120 g,Limiano,,"2,49 €","(20,75 € / Kg)",
Vileda Balde Cinzento + Espremedor 1 unidade,Vileda,,"16,49 €","(16,49 € / Unidade)",
Mud House Vinho Branco da Nova Zelândia Sauvignon garrafa 75 cl,Mud House,,"10,99 €","(14,65 € / Litro)",
Why Not Cola Natural Biológica garrafa 330 ml,Why Not,,"1,95 €","(5,91 € / Litro)",
Palette Coloração Nº 6 Louro Escuro embalagem 1 unidade,Palette,,"5,99 €","(5,99 € / Unidade)",
Dani Berbigão ao Natural 65 - Up lata 63 unidade,Dani,,"4,39 €","(69,68 € / Kg)",
Heinz Mostarda Suave embalagem 220 ml,Heinz,,"2,39 €","(10,86 € / Litro)",
Quinta das Camélias Vinho Tinto do Dão Syrah garrafa 75 cl,Quinta das Camélias,,"6,85 €","(9,13 € / Litro)",
Lola Creme de Pentear Milagre embalagem 450 g,Lola,,"14,24 €","(31,64 € / Kg)",
Knorr Caldo para Bifes 8 Cubos embalagem 80 g,Knorr,,"2,15 €","(26,88 € / Kg)",
Titular Vinho Tinto do Dão Colheita garrafa 75 cl,Titular,,"7,49 €","(9,99 € / Litro)",
"Gerber Refeição de Tomate, Cenoura e Peru Bio embalagem 190 g",Gerber,,"2,25 €","(11,84 € / Kg)",
Armada Sidra de Groselha e Morango garrafa 40 cl,Armada,,"1,99 €","(4,98 € / Litro)",
Romanov 100% Carne de Caranguejo lata 60 g,Romanov,,"8,85 €","(80,45 € / Kg)",
Jura Whisky Malte Journey garrafa 70 cl,Jura,,"29,99 €","(42,84 € / Litro)",
Barão do Hospital Vinho Verde Alvarinho garrafa 75 cl,Barão do Hospital,,"14,99 €","(19,99 € / Litro)",
Saltin Bolachas de Água e Sal Tradicional embalagem 300 g,Saltin,,"2,29 €","(7,63 € / Kg)",
Dez Prá Uma Crumble de Maçã para 3 Pessoas Aproximadamente embalagem 600 g,Dez Prá Uma,,10 €,"(16,67 € / Kg)",
Leão Dourado Espumante Bruto garrafa 75 cl,Leão Dourado,,"4,25 €","(5,67 € / Litro)",
Terras do Suão Vinho Tinto do Alentejo Reserva 2013 garrafa 75 cl,Terras do Suão,,"4,99 €","(6,65 € / Litro)",
"Danone Activia Sementes e Cereais Iogurte Líquido de Kiwi, Pera e Linhaça Pack 4 embalagem 160 g",Danone Activia Sementes e Cereais,,"1,99 €","(3,11 € / Kg)",
El Corte Inglés Salada de Rebentos embalagem 70 g,El Corte Inglés,,"1,29 €","(18,43 € / Kg)",
Glint Iogurte com Pedaços de Morango Pack 2 frasco 125 g,Glint,,"1,99 €","(7,96 € / Kg)",
Magabel Tisana Cáscara Sagrada embalagem 10 unidades,Magabel,,"1,10 €","(0,11 € / Unidade)",
El Lancero Corações de Alface Doce embalagem 360 g,El Lancero,,"2,59 €","(7,19 € / Kg)",
Cru Chips Sticks de Presunto de Porco unidade 30 g,Cru Chips,,"1,49 €","(49,67 € / Kg)",
Valfrutta Feijão Vermelho ao Vapor Pack 3 lata 150 g,Valfrutta,,"3,90 €",(26 € / Kg),
Bife Redondo de Novilho Carnalentejana DOP Peso Aproximado 200 g,,,"17,95 €/kg",,
Nivea Men Dry Fresh Desodorizante Spray Anti-Transpirante embalagem 150 ml,Nivea Men Dry Fresh,,"4,49 €","(29,93 € / Litro)",
Confeitaria Carlos Gonçalves Línguas de Veado 300 g,Confeitaria Carlos Gonçalves,,"1,99 €","(6,63 € / Kg)",
Buitoni Tortellini de Espinafres embalagem 276 g,Buitoni,,"1,99 €","(7,21 € / Kg)",
Nobre Fiambre de Frango Fatias Finas Económico unidade 140 g,Nobre,,"1,99 €","(14,21 € / Kg)",
Cirio Tomate Pelado lata 400 g,Cirio,,"1,99 €","(4,98 € / Kg)",
La Mole Gressinos Sfornatini com Sésamo embalagem 200 g,La Mole,,"2,45 €","(12,25 € / Kg)",
Jade Phoenix Noodles Grosso embalagem 375 g,Jade Phoenix,,"3,89 €","(10,37 € / Kg)",
Cem Porcento Chá para Infusão Tília Flor embalagem 25 g,Cem Porcento,,"1,49 €","(59,60 € / Kg)",
Swee Gelado Vegetal de Caramelo copo 450 ml,Swee,,"4,99 €","(11,09 € / Litro)",
Jules Destrooper Bolachas Thins de Amêndoa embalagem 100 g,Jules Destrooper,,"3,99 €","(39,90 € / Kg)",
Renova Red Label Lenços de Bolso Purple embalagem 6 unidades,Renova Red Label,,"1,09 €","(0,18 € / Unidade)",
Camarão Cozido de Aquicultura Vannamei 40/60,,,"11,99 €/kg",,
Cerca Frades Vinho Branco do Pico garrafa 75 cl,Cerca Frades,,"22,50 €",(30 € / Litro),
Jaburu Vinho Branco do Alentejo garrafa 75 cl,Jaburu,,"4,99 €","(6,65 € / Litro)",
Lindt Excellence Chocolate Preto 99% de Cacau embalagem 50 g,Lindt Excellence,,"3,59 €","(71,80 € / Kg)",
Lipton Chá Exotic Passion embalagem 20 unidades,Lipton,,"2,99 €","(0,15 € / Unidade)",
Yoggi Iogurte Líquido de Morango sem Lactose Pack 4 embalagem 160 g,Yoggi,,"3,29 €","(5,14 € / Kg)",
Magic Retouch Escova Cobre Brancos para Cabelo Louro Claro embalagem 1 unidade,Magic Retouch,,"11,99 €","(11,99 € / Unidade)",
Tomate em Molho com Ervas,,,"21,99 €/kg",,
Crunch Chocolate embalagem 40 g,Crunch,,"0,99 €","(24,75 € / Kg)",
Syoss Oleo Intense Coloração Permanente Nº 3-10 Castanho Escuro embalagem 1 unidade,Syoss Oleo Intense,,"11,29 €","(11,29 € / Unidade)",
Renova Toalhitas Fresh 12 unidades,Renova,,"2,21 €","(0,18 € / Unidade)",
El Corte Inglés Corações de Palmito 6/7 Unidades frasco 250 g,El Corte Inglés,,"3,09 €","(12,36 € / Kg)",
Maybelline Super Stay Matte Ink Gloss Líquido Nº 26 Heroine embalagem 1 unidade,Maybelline Super Stay Matte Ink,,"10,49 €","(10,49 € / Unidade)",
Saitaku Concentrado Miso de Galinha para Ramen frasco 210 ml,Saitaku,,"5,50 €","(26,19 € / Litro)",
Pastoret Iogurte Artesanal Natural com Stevia 0% embalagem 125 g,Pastoret,,"0,79 €","(6,32 € / Kg)",
Nivea Cellular Creme Anti-Rugas de Dias FP 15 embalagem 50 ml,Nivea Cellular,,"20,99 €","(419,80 € / Litro)",
Iswari Pequeno Almoço de Cacau e Alfarroba sem Glúten Biológico embalagem 400 g,Iswari,,"8,49 €","(21,22 € / Kg)",
Quinta dos Açores Elegant Iogurte Líquido de Morango embalagem 200 ml,Quinta dos Açores Elegant,,"1,09 €","(5,45 € / Litro)",
Nivea Men Deep Champô Revitaliza & Fortalece embalagem 250 ml,Nivea Men Deep,,"4,39 €","(17,56 € / Litro)",
Pão de Lenha,,,"3,19 €/kg",,
Actimel Iogurte Líquido de Laranja Pack 6 embalagem 100 g,Actimel,,"3,49 €","(5,82 € / Kg)",
Lusiaves Espetada de Peru Peso Aproximado por cuvete 600 g,Lusiaves,,"4,41 €","(7,35 € / Kg)",
Max Lumen Gel Combustível para Uso Doméstico 500 ml,Max Lumen,,"5,20 €","(10,40 € / Litro)",
"Vitabio Cool Fruits Maçã, Morango, Acerola e Mirtilo Biológicas Pack 4 embalagem 90 g",Vitabio Cool Fruits,,"5,99 €","(66,56 € / Kg)",
Nova Classe Garfos de Madeira embalagem 12 unidades,Nova Classe,,"2,05 €","(0,17 € / Unidade)",
Sandeman Vinho do Porto Founders Reserve garrafa 50 cl,Sandeman,,"9,49 €","(18,98 € / Litro)",
Ausonia Pensos com Abas de Noite embalagem 9 unidades,Ausonia,,"1,99 €","(0,22 € / Unidade)",
Neo Blanc Lixívia Azul Densa Activa 20% Grátis 2 L,Neo Blanc,,"3,45 €","(1,72 € / Litro)",
Ferbar Frutas Cristalizadas embalagem 200 g,Ferbar,,"3,80 €",(19 € / Kg),
Frubis Snack de Fruta Manga Soft embalagem 50 g,Frubis,,"1,19 €","(23,80 € / Kg)",
Globo Alperce Metades em Calda lata 410 g,Globo,,"2,29 €","(5,59 € / Kg)",
Casting Creme Gloss Coloração Nº 600 Louro Escuro embalagem 1 unidade,Casting Creme Gloss,,"9,99 €","(9,99 € / Unidade)",
Riberalves Bacalhau Desfiado embalagem 400 g,Riberalves,,"4,99 €","(12,48 € / Kg)",
Lenor Aditivo Perfumado em Pérolas Flor de Ametista embalagem 210 g,Lenor,,"10,99 €","(31,38 € / Kg)","10,99 €"
Herbopuntia Barrita Saciante de Iogurte embalagem 1 unidade,Herbopuntia,,"2,65 €","(2,65 € / Unidade)",
Ortiz Ventresca de Atum Bonito do Norte em Azeite lata 110 g,Ortiz,,"9,85 €","(89,55 € / Kg)",
Grolsch Cerveja da Holanda garrafa 45 cl,Grolsch,,"5,19 €","(11,53 € / Litro)",
Delta Q Belissimo Café Torrado Aroma Original para Delta Q Intensidade 8 embalagem 10 cápsulas,Delta Q Belissimo,,"3,59 €","(0,36 € / Unidade)",
Pão de Forma Sete Cereais embalagem 550 g,,,"2,59 €","(4,71 € / Kg)",
Petit Virgo Vinho Branco do Alentejo garrafa 75 cl,Petit Virgo,,"5,95 €","(7,93 € / Litro)",
Ribeira Tacos de Pota em Caldeirada sem Glúten lata 111 g,Ribeira,,"1,99 €","(17,93 € / Kg)",
Ribeiro Santo Vinho Rosé do Dão garrafa 75 cl,Ribeiro Santo,,"5,99 €","(7,99 € / Litro)",
El Corte Inglés Chistorra sem Glúten embalagem 200 g,El Corte Inglés,,"2,49 €","(9,95 € / Kg)","2,49 €"
Tena Pensos para Adultos Homem com Incontinência Men Discreet Protetores e Absorventes embalagem 20 unidades,Tena,,"11,99 €","(0,60 € / Unidade)",
Glade Vela Ambientador Longa Duração Mação & Canela embalagem 224 g,Glade,,"10,19 €","(32,54 € / Kg)","10,19 €"
Viñas Altas Vinho Jerez Fino garrafa 75 cl,Viñas Altas,,"4,95 €","(6,60 € / Litro)",
Giovanni Rana Gourmet Massa Queijo de Cabra e Cebola Caramelizada embalagem 250 g,Giovanni Rana Gourmet,,"3,99 €","(15,96 € / Kg)",
SIMON COLL Chocolate de Leite Moeda Unicórnio embalagem 50 g,SIMON COLL,,"2,15 €",(43 € / Kg),
Espiga Alho Picado embalagem 60 g,Espiga,,"2,15 €","(35,83 € / Kg)",
Museu do Pão Pão São Especial Forma embalagem 350 g,Museu do Pão,,"2,45 €",(7 € / Kg),
Nobre Fiambre da Perna Extra em Fatias sem Glúten embalagem 220 g,Nobre,,"4,29 €","(19,50 € / Kg)",
Naturefoods Empanadilhas de Espinafres e Queijo embalagem 2 unidades,Naturefoods,,"2,95 €","(1,48 € / Unidade)",
Dietisa Tisana Funcho Semente embalagem 50 g,Dietisa,,"1,49 €","(29,80 € / Kg)",
Mimosa Chantilly embalagem 250 ml,Mimosa,,"2,89 €","(11,56 € / Litro)",
Ajax Detergente para Pavimentos de Madeira 1 L,Ajax,,"3,99 €","(3,99 € / Litro)",
Legado Chouriço Ibérico embalagem 75 g,Legado,,"3,19 €","(42,53 € / Kg)",
Ahmad Tea Infusão de Erva-Cidreira embalagem 20 unidades,Ahmad Tea,,"2,99 €","(0,15 € / Unidade)",
Dez Prá Uma Bolo de Chocolate até 12 pessoas 1 embalagem 1385 g,Dez Prá Uma,,25 €,"(18,05 € / Kg)",
Gelpeixe Delícias de Lagosta embalagem 255 g,Gelpeixe,,"2,59 €","(10,16 € / Kg)",
Terra Nostra Queijo Flamengo de Pastagem Light em Fatias embalagem 2x200 g,Terra Nostra,,"5,19 €","(12,98 € / Kg)",
Popz Pipocas Doces para Microondas embalagem 90 g,Popz,,"1,10 €","(12,22 € / Kg)",
Nestlé Caja Roja Bombons Caixa Vermelha embalagem 800 g,Nestlé Caja Roja,,"19,79 €","(24,74 € / Kg)",
Triboo Cereais de Chocolate para Criança Bio embalagem 300 g,Triboo,,"4,49 €","(14,97 € / Kg)",
Cozinha Pronta Açorda de Camarão e Marisco embalagem 300 g,Cozinha Pronta,,"4,19 €","(13,97 € / Kg)",
Conde D' Ervideira Vinho Tinto do Alentejo Reserva garrafa 75 cl,Conde D' Ervideira,,"14,25 €",(19 € / Litro),
Garnier Creme Corporal Nutritivo para Pele Seca ou Muito Seca Abacate+Omega 6 embalagem 300 ml,Garnier,,"7,69 €","(25,63 € / Litro)",
Mia Sangria Branca Frisante Freixenet garrafa 75 cl,Mia,,"5,95 €","(7,93 € / Litro)",
Aliada Cacau em Pó embalagem 400 g,Aliada,,"2,09 €","(5,22 € / Kg)",
Espuña Barritas de Fuet D'Olot sem Glúten embalagem 60 g,Espuña,,"1,49 €","(24,83 € / Kg)",
"V de Virgo Vinho Tinto do Alentejo garrafa 1,5 L",V de Virgo,,"27,99 €","(18,66 € / Litro)",
Veckia Esponja de Banho Turco embalagem 2 unidades,Veckia,,"0,99 €","(0,50 € / Unidade)",
Garrafa Mágica Desinfectante de Frigorifícos embalagem 500 ml,Garrafa Mágica,,"3,95 €","(7,90 € / Litro)",
Nova Classe Copos Coloridos embalagem 4 unidades,Nova Classe,,"2,35 €","(0,59 € / Unidade)",
Grisette Cerveja da Bélgica Blonde Biológica garrafa 25 cl,Grisette,,"2,49 €","(9,96 € / Litro)",
"Trident Pastilhas de Hortelã sem Açúcar embalagem 14,5 g",Trident,,"1,05 €","(72,41 € / Kg)",
Próvida Empada de Pera Biológica embalagem 100 g,Próvida,,"1,75 €","(17,50 € / Kg)",
El Almendro Torrão de Chocolate Crocante embalagem 250 g,El Almendro,,"3,29 €","(13,16 € / Kg)",
Danacol Iogurte Líquido de Noz sem Açúcar Pack 6 embalagem 100 g,Danacol,,"2,99 €","(4,98 € / Kg)",
Falgaroso Vinho Tinto do Douro garrafa 75 cl,Falgaroso,,"5,99 €","(7,32 € / Litro)","5,99 €"
"Ultra Suave Tesouros de Mel Creme de Pentear Reconstituinte 3 em 1 para Cabelos Frágeis, Quebradiços embalagem 150 ml",Ultra Suave Tesouros de Mel,,"4,99 €","(33,27 € / Litro)",
Monte Cascas Vinho Branco do Douro garrafa 75 cl,Monte Cascas,,"7,49 €","(9,99 € / Litro)",
Margão Noz Moscada Moída embalagem 45 g,Margão,,"2,99 €","(66,44 € / Kg)",
Codyfer Atacador Azul 60 cm 1 unidade,Codyfer,,"2,25 €","(2,25 € / Unidade)",
Skip Detergente em Pó Lavanda embalagem 66 doses,Skip,,"24,99 €","(0,38 € / Dose)",
"Margão Segredos do Mundo Tempero Itália Ideal para Massas, Molhos e Pizzas frasco 30 g",Margão Segredos do Mundo,,"2,89 €","(96,33 € / Kg)",
Seeberger Frutas Secas Sortidas embalagem 200 g,Seeberger,,"4,39 €","(21,95 € / Kg)",
Delta Q Café XXL Qharacter Intensidade 9 embalagem 60 cápsulas,Delta Q,,"17,99 €","(0,30 € / Unidade)",
Secos da Aldeia Tâmaras embalagem 250 g,Secos da Aldeia,,"2,45 €","(9,80 € / Kg)",
Fini Premium Gelato Gelado de Morango frasco 465 ml,Fini Premium Gelato,,"6,70 €","(14,41 € / Litro)",
Malhadinha Vinho Tinto Regional Regional do Algarve Aragones garrafa 75 cl,Malhadinha,,"30,49 €","(40,65 € / Litro)",
Veckia Filamentos Interdental Extra Fino embalagem 5 unidades,Veckia,,"2,09 €","(0,42 € / Unidade)",
Valsoia Pannacota Pack 4 unidades embalagem 230 g,Valsoia,,"1,79 €","(7,78 € / Kg)",
Jos Poell Tostas Redondas Crocantes embalagem 100 g,Jos Poell,,"1,89 €","(18,90 € / Kg)",
Santiago Tábua de Queijos Sabores Mistura unidade 270 g,Santiago,,"5,99 €","(22,19 € / Kg)",
Nah Eat Water Slim Pasta Esparguete sem Glúten embalagem 200 g,Nah Eat Water,,"2,89 €","(14,45 € / Kg)",
Maybelline Colossal Máscara de Olhos Waterproof embalagem 1 unidade,Maybelline Colossal,,"11,99 €","(11,99 € / Unidade)",
"Pleno Tisanas Bebida de Romã e Camomila garrafa 1,5 L",Pleno Tisanas,,"1,75 €","(1,17 € / Litro)",
El Corte Inglés 6 Sandwich com Sabor a Nata embalagem 600 ml,El Corte Inglés,,"2,49 €","(4,15 € / Litro)",
Studio Line Remix Pasta Fibra Efeito Remodelável embalagem 150 ml,Studio Line Remix,,"5,99 €","(39,93 € / Litro)",
Blue Dragon Molho de Soja frasco 150 ml,Blue Dragon,,"2,39 €","(15,93 € / Litro)",
Dr. Beckmann Tira-Nódoas Pré-Tratamento Intensivo embalagem 250 ml,Dr. Beckmann,,"4,99 €","(19,96 € / Litro)",
Iglo Favas embalagem 350 g,Iglo,,"2,59 €","(7,40 € / Kg)",
Dona Ermelinda Vinho Branco Regional de Palmela garrafa 75 cl,Dona Ermelinda,,"9,99 €","(13,32 € / Litro)",
Calypso Esponja de Banho Relax embalagem 1 unidade,Calypso,,"2,99 €","(2,99 € / Unidade)",
Peccato Gelado de Frutos Silvestres embalagem 500 ml,Peccato,,"5,99 €","(11,98 € / Litro)",
Puerto de Indias Gin Premium Clássico + Copo garrafa 70 cl,Puerto de Indias,,"17,79 €","(25,41 € / Litro)",
Caçarola Feijão Manteiga embalagem 500 g,Caçarola,,"2,19 €","(4,38 € / Kg)",
"Moët & Chandon Champanhe Brut Impérial garrafa 37,5 cl",Moët & Chandon,,"28,75 €","(76,67 € / Litro)",
Seeberger Macadâmia Salgada embalagem 125 g,Seeberger,,"6,19 €","(49,52 € / Kg)",
Nobre Refeição Vegalia Bolonhesa de Seitan Vegan lata 420 g,Nobre,,"4,49 €","(10,69 € / Kg)",
Marquês de Borba Vinho Tinto do Alentejo Reserva garrafa 75 cl,Marquês de Borba,,"47,95 €","(63,93 € / Litro)",
Pantagruel Pastilhas de Chocolate embalagem 200 g,Pantagruel,,"2,89 €","(14,45 € / Kg)",
Taylor's Vinho do Porto Datado 20 Anos garrafa 75 cl,Taylor's,,"43,89 €","(58,52 € / Litro)",
Izidoro O Merceeiro Salsichas Frankfurt 6 Unidades lata 240 g,Izidoro O Merceeiro,,"1,29 €","(10,75 € / Kg)",
Narta Desodorizante Bio Eficácia Spray 200 ml,Narta,,"4,29 €","(21,45 € / Litro)",
Efiseptyl Easy&Soft Mini Escovinhas Ergonómicas embalagem 30 unidades,Efiseptyl Easy&Soft,,"4,15 €","(0,14 € / Unidade)",
Jean Louis David Corta Unhas Puequeno embalagem 1,Jean Louis David,,"2,44 €","(2,44 € / Unidade)",
Bonne Maman Doce de Figo frasco 370 g,Bonne Maman,,"3,49 €","(9,43 € / Kg)",
La Cocina de Senén Croquetes com Bacalhau e Cebola Caramelizada para Forno sem Glúten embalagem 240 g,La Cocina de Senén,,"4,19 €","(17,46 € / Kg)",
Beirabaga Doce de Morango frasco 270 g,Beirabaga,,"3,49 €","(12,93 € / Kg)",
Skandia Carpaccio de Atum Parmesão e Vinagrete unidade 90 g,Skandia,,"7,99 €","(88,78 € / Kg)",
Sabita Pasta Mistura de Especiarias Sambar frasco 27 g,Sabita,,"2,65 €","(98,15 € / Kg)",
Desidrata Alho Francês Desidratado sem Glúten Biológico embalagem 30 g,Desidrata,,"3,99 €",(133 € / Kg),
Nestlé Yaos Iogurte Grego de Stracciatella Pack 4 embalagem 110 g,Nestlé Yaos,,"3,37 €","(4,98 € / Kg)","3,37 €"
El Corte Inglés Super Sanduíche de Stracciatella 4 Unidades embalagem 600 ml,El Corte Inglés,,"3,99 €","(6,65 € / Litro)",
Delta Q Belissimo Café Torrado Aroma Intenso para Delta Q Intensidade 10 embalagem 10 cápsulas,Delta Q Belissimo,,"3,59 €","(0,36 € / Unidade)",
Croissant Açucarado 1 unidade,,,1 €,(1 € / Unidade),
Julián Martín Chouriço Ibérico de Bolota,Julián Martín,,"25,95 €/kg",,
Ahmad Tea Tisana de Hortelã e Limão embalagem 20 unidades,Ahmad Tea,,"4,09 €","(0,20 € / Unidade)",
Anchovas em Óleo kg,,,"71,99 €/kg",,
Bimbo Pão de Forma 100% Natural embalagem 460 g,Bimbo,,"1,99 €","(4,33 € / Kg)",
Reina Toucinho do Céu Pack 2 embalagem 100 g,Reina,,"2,99 €","(14,95 € / Kg)",
Secos da Aldeia Banana Frita embalagem 100 g,Secos da Aldeia,,"1,19 €","(11,90 € / Kg)",
Cillit Bang Tira Gorduras Spray embalagem 500 ml,Cillit Bang,,"4,49 €","(8,98 € / Litro)",
Biscoitos da Vila Biscoitos de Amêndoa embalagem 500 g,Biscoitos da Vila,,"4,15 €","(8,30 € / Kg)",
Super Bock Cerveja lata 33 cl,Super Bock,,"0,63 €","(1,91 € / Litro)",
Guloso Polpa de Tomate com Manjericão e Oregãos garrafa 500 g,Guloso,,"2,29 €","(4,58 € / Kg)",
Delaviuda Bombons de Chocolate com Avelã embalagem 150 g,Delaviuda,,"3,19 €","(21,27 € / Kg)",
Folhado de Frango unidade 120 g,,,"0,99 €","(8,25 € / Kg)",
Nivea Care Gel de Banho Star Fruit embalagem 500 ml,Nivea Care,,"6,49 €","(12,98 € / Litro)",
El Corte Inglés Mistura de Verduras Assadas embalagem 400 g,El Corte Inglés,,"1,69 €","(4,22 € / Kg)",
Nacional Esparguete+10% Grátis embalagem 550 g,Nacional,,"0,97 €","(1,76 € / Kg)",
La Sagra Cerveja de Espanha Artesanal sem Glúten garrafa 33 cl,La Sagra,,"1,99 €","(6,03 € / Litro)",
Cazcabel Tequila Reposado garrafa 70 cl,Cazcabel,,"34,90 €","(49,86 € / Litro)",
Tahiti Gel de Banho de Baunilha embalagem 250 ml,Tahiti,,"2,99 €","(11,96 € / Litro)",
Santa Maria Amêndoas em Grão ao Natural Biológicas embalagem 250 g,Santa Maria,,"9,39 €","(37,56 € / Kg)",
Skip Ultimate Detergente para Máquina de Roupa Active Clean Ultimate embalagem 70 doses,Skip Ultimate,,"31,99 €","(0,46 € / Dose)",
Garnier Color Sensation Coloração Permanente Intensa Nº 8 Louro Claro embalagem 1 unidade,Garnier Color Sensation,,"8,85 €","(8,85 € / Unidade)",
Lindt Gold Chocolate de Leite com Avelãs embalagem 300 g,Lindt Gold,,"7,99 €","(26,63 € / Kg)",
Duracell Plus Pilhas D LR20/ MN1300 +50% Extra Life embalagem 2 unidades,Duracell Plus,,"6,99 €","(3,50 € / Unidade)",
Próvida Tofu Fumado Biológico embalagem 250 g,Próvida,,"4,59 €","(18,36 € / Kg)",
Palmolive For Men Creme de Barbear Sensitive com Aloe Vera embalagem 100 ml,Palmolive For Men,,"3,49 €","(34,90 € / Litro)",
Halls Mini Mints Rebuçados de Menta Forte sem Açúcar embalagem 13 g,Halls Mini Mints,,"1,19 €","(95,20 € / Kg)",
El Corte Inglés Pedaços de Potas em Tinta lata 72 g,El Corte Inglés,,"1,69 €","(15,23 € / Kg)",
Regina Chocolate de Leite com Avelãs Inteiras sem Glúten embalagem 100 g,Regina,,"1,85 €","(18,50 € / Kg)",
Quinta de Cidrô Vinho Tinto do Douro Touriga Nacional garrafa 75 cl,Quinta de Cidrô,,"17,29 €","(23,05 € / Litro)",
Real Companhia Velha Vinho do Porto Tawny Fundador garrafa 75 cl,Real Companhia Velha,,"6,50 €","(8,67 € / Litro)",
Belarte Chocolate de Leite com Avelãs e Arroz embalagem 42 g,Belarte,,"1,54 €","(36,67 € / Kg)",
El Corte Inglés Doce de Frutos Vermelhos frasco 410 g,El Corte Inglés,,"2,99 €","(7,29 € / Kg)",
Knorr Pasta Pot Massa Tomate e Mozzarella embalagem 72 g,Knorr Pasta Pot,,"2,15 €","(29,86 € / Kg)",
Shikran Ovas Vermelhas de Peixe Mujjol frasco 50 g,Shikran,,"4,99 €","(99,80 € / Kg)",
Fanta Refrigerante WTF 3 lata 33 cl,Fanta,,"0,69 €","(2,09 € / Litro)",
I Granfarciotti Girassol de Ricotta e Espinafres embalagem 250 g,I Granfarciotti,,"3,19 €","(12,76 € / Kg)",
Montaria Vinho Branco do Alentejo Reserva garrafa 75 cl,Montaria,,"6,19 €","(8,25 € / Litro)",
Biscoitos de Sintra Biscoitos Lagartos embalagem 330 g,Biscoitos de Sintra,,"3,95 €","(11,97 € / Kg)",
Lay's Forno Batatas Fritas Onduladas com Sabor a Ervas -50% Gordura embalagem 130 g,Lay's Forno,,"2,19 €","(16,85 € / Kg)",
Veckia Óleo Bronzeador SPF 30 com Óleo de Coco e Aloe Vera embalagem 200 ml,Veckia,,"5,79 €","(2,90 € / 10 ml.)",
Trevijano Risotto de Algas Vegan sem Glúten embalagem 280 g,Trevijano,,"3,79 €","(13,54 € / Kg)",
Gelcampo Mistura de Cogumelos Silvestres embalagem 400 g,Gelcampo,,"1,99 €","(4,98 € / Kg)",
Veggis Chick'n Panados embalagem 200 g,Veggis,,"4,59 €","(22,95 € / Kg)",
Sun Limpa Máquinas de Loiça Desengordurante & Anti-Calcário embalagem 120 g,Sun,,"7,99 €","(66,58 € / Kg)",
Aptamil Leite de Crescimento 4 a Partir dos 12 Meses embalagem 750 g,Aptamil,,"13,29 €","(13,80 € / Kg)","13,29 €"
Bom Petisco Atum em Azeite Posta lata 120 g,Bom Petisco,,"1,89 €","(15,75 € / Kg)",
Covela Vinho Branco do Minho garrafa 75 cl,Covela,,"9,99 €","(13,32 € / Litro)",
Xisto Ilimitado Vinho Branco do Douro garrafa 75 cl,Xisto Ilimitado,,"12,95 €","(17,27 € / Litro)",
Mars Mini Chocolates embalagem 170 g,Mars,,"2,89 €",(17 € / Kg),
Jack Daniel's Whisky Tennessee Apple garrafa 70 cl,Jack Daniel's,,"22,99 €","(32,84 € / Litro)",
Tulipán Negro Desodorizante Aloe Vera e Jojoba Roll-On embalagem 50 ml,Tulipán Negro,,"3,69 €","(73,80 € / Litro)",
Iberia Tinge Roupa Tinta 90º Preto Nº 21 Pack 2 10 g,Iberia,,"4,95 €","(247,50 € / Kg)",
São Vicente Aguardente Bagaceira garrafa 1 L,São Vicente,,"12,45 €","(12,45 € / Litro)",
Vieira Bolachas Torradas embalagem 200 g,Vieira,,"0,99 €","(4,95 € / Kg)",
Tetley Cold Infusão de Limão e Lima embalagem 10 unidades,Tetley Cold,,"1,29 €","(0,13 € / Unidade)",
"Terras D'El Rei Vinho Branco do Alentejo garrafa 37,5 cl",Terras D'El Rei,,"1,79 €","(4,77 € / Litro)",
Veet Creme Depilatório Spray para Peles Sensíveis embalagem 150 ml,Veet,,"9,99 €","(66,60 € / Litro)",
Starbucks Café Colombia para Nespresso Intensidade 7 embalagem 10 cápsulas,Starbucks,,"4,49 €","(0,45 € / Unidade)",
Président Queijo Cheddar & Emmental Fundido em Fatias embalagem 200 g,Président,,"2,69 €","(13,45 € / Kg)",
Cabeça D'Velho Vinho Tinto do Dão garrafa 75 cl,Cabeça D'Velho,,"4,99 €","(6,65 € / Litro)",
Nacional Farinha Preparada para Pão de Sementes embalagem 1 kg,Nacional,,"2,79 €","(2,79 € / Kg)",
Bimbo Tostas embalagem 225 g,Bimbo,,"1,49 €","(6,62 € / Kg)",
El Corte Inglés Copos de Cartão Branco 220cc embalagem 20 unidades,El Corte Inglés,,"0,99 €","(0,05 € / Unidade)",
Heineken Cerveja da Holanda Pack 12 garrafa 25 cl,Heineken,,"11,69 €","(3,90 € / Litro)",
Toque Especial Especiaria Thai embalagem 38 g,Toque Especial,,"3,45 €","(90,79 € / Kg)",
El Corte Inglés Copos Compostáveis 330 cc embalagem 15 unidades,El Corte Inglés,,"2,34 €","(0,16 € / Unidade)",
Fiorentini Snack de Milho com Chili Biológico sem Glúten embalagem 50 g,Fiorentini,,"1,89 €","(37,80 € / Kg)",
Castello D'Alba Vinho Tinto do Douro Grande Reserva garrafa 75 cl,Castello D'Alba,,"24,50 €","(32,67 € / Litro)",
Solan de Cabras Água sem Gás garrafão 5 L,Solan de Cabras,,"2,49 €","(0,50 € / Litro)",
Regina Bombons de Chocolate de Leite com Recheio Cremoso embalagem 150 g,Regina,,"4,49 €","(29,93 € / Kg)",
Nivea Protect e Bronze Creme de Mãos 3 em 1 Reparador embalagem 75 ml,Nivea Protect e Bronze,,"4,99 €","(66,53 € / Litro)",
Body Natur Bandas de Cera Depilatória para Corpo Peles Sensíveis com Flor de Lótus embalagem 16 unidades,Body Natur,,"4,70 €","(0,22 € / Unidade)","4,70 €"
Garnier Creme Sérum com Vitamina C embalagem 50 ml,Garnier,,"14,99 €","(299,80 € / Litro)",
Jardim Granito Vinho Branco do Dão Encruzado garrafa 75 cl,Jardim Granito,,"14,99 €","(19,99 € / Litro)",
Dove Silk Glow Gel de Banho embalagem 500 ml,Dove Silk Glow,,"2,99 €","(5,98 € / Litro)",
Ramos Pinto Adriano Vinho do Porto Reserva Particular garrafa 75 cl,Ramos Pinto Adriano,,"12,99 €","(17,32 € / Litro)",
Vahiné Lápis de Pasteleiro Sabor a Baunilha embalagem 25 g,Vahiné,,"3,39 €","(89,60 € / Kg)","3,39 €"
Fromi Queijo Appenzeller Extra Peso Aproximado por unidade 7 kg,Fromi,,"37,99 €/kg",,
Tostagrill Tostas embalagem 750 g,Tostagrill,,"3,79 €","(5,05 € / Kg)",
"Innocent Sumo Energizante Vaya Bayas de Framboesa, Cerejas, Goji, Guaraná e Vitaminas garrafa 330 ml",Innocent,,"2,09 €","(6,33 € / Litro)",
Nivea Care Soap Sabonete Milk embalagem 90 g,Nivea Care Soap,,"1,19 €","(13,22 € / Kg)",
Mélange à 3 Vinho Tinto do Dão Carvalhais garrafa 150 cl,Mélange à 3,,"11,99 €","(7,99 € / Litro)",
Coeur de Lion Queijo Camembert embalagem 250 g,Coeur de Lion,,"4,59 €","(18,36 € / Kg)",
Companhia dos Açores Doce de Pera frasco 300 g,Companhia dos Açores,,"3,45 €","(11,50 € / Kg)",
Ruffles Batatas Fritas Ketchup Heinz embalagem 150 g,Ruffles,,"1,89 €","(9,27 € / Kg)","1,89 €"
Mc Vitie's Digestive Bolachas Digestivas Thins de Chocolate Preto embalagem 150 g,Mc Vitie's Digestive,,"2,69 €","(17,93 € / Kg)",
Delaviuda Bolos de Natal Sortidos embalagem 460 g,Delaviuda,,"11,79 €","(25,63 € / Kg)",
Jubileu Chocolate de Leite Premium tablete 250 g,Jubileu,,"4,15 €","(16,60 € / Kg)",
Quinta da Esperança Vinho Branco Regional Alentejano garrafa 75 cl,Quinta da Esperança,,"14,95 €","(19,93 € / Litro)",
Bandida do Pomar Sidra de Maçã sem Glúten Pack 4 garrafa 33 cl,Bandida do Pomar,,"3,99 €","(3,02 € / Litro)",
So' Bio Água Micelar Hydra Aloe Vera Biológico embalagem 500 ml,So' Bio,,"9,49 €","(18,98 € / Litro)",
Pedras Salgadas Levíssima Água com Gás Pack 6 garrafa 33 cl,Pedras Salgadas Levíssima,,"3,85 €","(11,67 € / Litro)",
Hell Energy Bebida Energética Watermelon lata 25 cl,Hell Energy,,"0,79 €","(3,16 € / Litro)",
"Dessange Escova de Cabelo ""Aloe Vera"" embalagem 1 unidade",Dessange,,"9,99 €","(9,99 € / Unidade)",
El Corte Inglés Selection Sumo de Ananás 100% Exprimido embalagem 1 L,El Corte Inglés Selection,,"1,79 €",,
Tetley Infusão de Cidreira e Mel embalagem 10 unidades,Tetley,,"1,29 €","(0,13 € / Unidade)",
M.Rainha Licor de Aniz Real Escarchado garrafa 1 L,M.Rainha,,"12,49 €","(12,49 € / Litro)",
Compal Sumo 100% Fruta Multifrutos Pack 3 unidades embalagem 20 cl,Compal,,"1,69 €","(2,82 € / Litro)",
Tierra de Oro Espumante Cava Brut Rosado garrafa 75 cl,Tierra de Oro,,"2,99 €","(3,99 € / Litro)",
Vinha Vale dos Alhos Vinho Tinto de Palmela garrafa 75 cl,Vinha Vale dos Alhos,,"5,99 €","(7,99 € / Litro)",
The Berry Company Sumo de Bagas Vermelhas embalagem 33 cl,The Berry Company,,"1,69 €","(5,12 € / Litro)",
Erdinger Cerveja da Alemanha Pack 2 + Copo garrafa 50 cl,Erdinger,,"17,99 €","(17,99 € / Litro)",
Acelgas Biológicas ao peso 1 kg,,,"2,49 €/kg",,
Menodiciotto Gelado de Morango e Cheesecake copo 500 ml,Menodiciotto,,"6,59 €","(13,18 € / Litro)",
Salutem Tofu com Ervas Aromáticas Biológico embalagem 250 g,Salutem,,"4,19 €","(16,76 € / Kg)",
Terras D'El Rei Vinho Tinto do Alentejo garrafa 75 cl,Terras D'El Rei,,"2,79 €","(3,72 € / Litro)",
Dietisa Chá de Ervas Cardo Mariano embalagem 50 g,Dietisa,,"1,89 €","(37,80 € / Kg)",
Isostar Bebida Energética de Laranja garrafa 50 cl,Isostar,,"1,71 €","(3,42 € / Litro)",
Heinz Molho American Burguer embalagem 220 ml,Heinz,,"2,39 €","(10,86 € / Litro)",
Santiveri Bolachas Integrais com Pepitas de Chocolate embalagem 185 g,Santiveri,,"3,36 €","(18,16 € / Kg)",
Cem Porcento Biscoitos de Linhaça embalagem 200 g,Cem Porcento,,"2,89 €","(14,45 € / Kg)",
Martin Miller's Gin garrafa 100 cl,Martin Miller's,,"39,99 €","(39,99 € / Litro)",
H&S Classic Champô Anti-Caspa Recarga embalagem 480 ml,H&S Classic,,"5,99 €","(12,48 € / Litro)",
Paiva Queijo Fresco sem Lactose embalagem 125 g,Paiva,,"1,75 €",(14 € / Kg),
Globo Açúcar Baunilhado 70 g,Globo,,"0,79 €","(11,29 € / Kg)",
Glint Pudim de Caramelo Pack 4 embalagem 100 g,Glint,,"1,99 €","(4,98 € / Kg)",
Fini Premium Gelato Gelado de Avelã frasco 465 ml,Fini Premium Gelato,,"6,70 €","(14,41 € / Litro)",
Sunbites Snack de Multicereais com Sal Marinho embalagem 95 g,Sunbites,,"1,89 €","(19,89 € / Kg)",
El Corte Inglés Café Moído Torrado Arábica Colômbia 100% embalagem 250 g,El Corte Inglés,,"1,99 €","(7,96 € / Kg)",
Quinta da Fata Vinho Tinto do Dão Reserva garrafa 75 cl,Quinta da Fata,,"11,50 €","(15,33 € / Litro)",
From Heaven Chocolate Branco Biológico embalagem 100 g,From Heaven,,"3,29 €","(32,90 € / Kg)",
Valor Chocolate Preto 70% sem Glúten embalagem 300 g,Valor,,"4,19 €","(13,97 € / Kg)",
Flying Dragon Maionese Sriracha Mayo embalagem 235 ml,Flying Dragon,,"3,95 €","(16,81 € / Litro)",
Noel Peito de Peru em Fatias sem Glúten embalagem 110 g,Noel,,"2,19 €","(19,91 € / Kg)",
Neoblanc Lixivia Densa + Harmonias Florais embalagem 1 L,Neoblanc,,"3,69 €","(3,69 € / Litro)",
Mimosa Aroma Iogurte Líquido de Frutos Tropicais Leve 6 Pague 4 embalagem 151 ml,Mimosa Aroma,,"2,09 €","(2,31 € / Litro)",
Knorr Risotteria Risotto de Açafrão e Cogumelos Vegan embalagem 175 g,Knorr Risotteria,,"2,65 €","(15,14 € / Kg)",
Elpozo Peito de Frango sem Glúten,Elpozo,,"12,99 €/kg",,
Renova Toalhitas de Mão Soft embalagem 160 unidades,Renova,,"16,89 €","(0,11 € / Unidade)",
Carbrica Pinhas saco 2 kg,Carbrica,,"3,19 €","(1,60 € / Kg)",
Ausonia Protege-Slips Normal embalagem 40 unidades,Ausonia,,"1,99 €","(0,05 € / Unidade)",
Elpenor Vinho Tinto do Dão Bio garrafa 75 cl,Elpenor,,"11,99 €","(15,99 € / Litro)",
Gillette Lâminas Venus Descartáveis Dragonfruit embalagem 3 unidades,Gillette,,"3,99 €","(1,33 € / Unidade)",
"Granarolo Queijo Gorgonzola Peso Aproximado 1,5 kg",Granarolo,,"15,45 €/kg",,
Innerme Barra Energética Cacau e Laranja embalagem 40 g,Innerme,,"2,89 €","(72,25 € / Kg)",
Pescanova Delícias com Forma de Lagosta embalagem 255 g,Pescanova,,"3,29 €","(12,90 € / Kg)",
L'Oréal Elvive Amaciador Intensivo Elvive Dream Long para Cabelo Comprido Estragado embalagem 180 ml,L'Oréal,,"5,99 €","(33,28 € / Litro)",
Kilom Perninhas de Frango Peso Aproximado por cuvete 500 g,Kilom,,"2,90 €","(5,79 € / Kg)",
Babaria Tónico Facial Calmante embalagem 200 ml,Babaria,,"4,29 €","(21,45 € / Litro)",
Tetley Super Tea Infusão Boost de Arando Vermelho e Flor de Sabugueiro com Vitaminas B6 embalagem 20 unidades,Tetley Super Tea,,"2,95 €","(0,15 € / Unidade)",
Cirio Tomate para Pizza lata 400 g,Cirio,,"1,74 €","(4,35 € / Kg)",
Renova Blk Guardanapos Tipo G Branco embalagem 75 unidade,Renova Blk,,"2,69 €","(2,69 € / Unidade)",
Herdade dos Veros Espumante Brut Nature garrafa 75 cl,Herdade dos Veros,,"14,99 €","(19,99 € / Litro)",
Corisca Pimenta Moída Picante frasco 200 g,Corisca,,"2,35 €","(11,75 € / Kg)",
Beyra Vinho Tinto da Beira Interior Biológico garrafa 75 cl,Beyra,,"6,99 €","(9,32 € / Litro)",
Capdevila Mousse de Fígado de Pato unidade 55 g,Capdevila,,"1,55 €","(28,18 € / Kg)",
Ultra Suave Champô Sólido Reconstituinte Tesouros de Mel para Cabelos Frágeis embalagem 60 g,Ultra Suave,,"5,99 €","(99,83 € / Kg)",
Unii Óleo Essencial de Eucalipto frasco 10 ml,Unii,,"7,50 €",(750 € / Litro),
Jean Louis David Tesoura Unhas Curvas embalagem 1 unidade,Jean Louis David,,"7,89 €","(7,89 € / Unidade)",
Mentos Gum Pastilhas de Frutos Silvestres embalagem 30 g,Mentos Gum,,"1,59 €",(53 € / Kg),
Nestlé Barras de Cereais Estrelitas Pack 6 unidades embalagem 132 g,Nestlé,,"3,29 €","(24,92 € / Kg)",
Nestlé Mix-In Iogurte Bicompartimentado com Kit Kat Pack 2 embalagem 115 g,Nestlé Mix-In,,"2,54 €","(9,09 € / Kg)","2,54 €"
Lola Creme Texturizador embalagem 500 ml,Lola,,"15,97 €","(31,94 € / Litro)",
"Quinta da Leda Vinho Tinto do Douro Magnum garrafa 1,5 L",Quinta da Leda,,107 €,"(71,33 € / Litro)",
A Tarte Tarte de Amêndoa Pequena unidade 350 g,A Tarte,,"11,95 €","(34,14 € / Kg)",
Sagres Cerveja lata 33 cl,Sagres,,"0,69 €","(2,09 € / Litro)",
Ficacci Azeitonas Receita Genovesa unidade 150 g,Ficacci,,"2,99 €","(19,93 € / Kg)",
Pousio Vinho Branco do Alentejo Selection garrafa 75 cl,Pousio,,"6,25 €","(8,33 € / Litro)",
Ahmad Tea Chá Verde embalagem 20 unidades,Ahmad Tea,,"3,99 €","(0,20 € / Unidade)",
Grand'Arte Vinho Tinto da Estremadura Pinot Noir garrafa 75 cl,Grand'Arte,,"8,25 €",(11 € / Litro),
Pescanova Filetes de Pescada sem pele embalagem 400 g,Pescanova,,"5,19 €","(12,98 € / Kg)",
Izidoro Peito de Frango em Fatias Finas unidade 120 g,Izidoro,,"2,59 €","(21,58 € / Kg)",
Ferbar Feijão Preto Cozido com Pouco Sal lata 420 g,Ferbar,,"1,39 €","(3,31 € / Kg)",
Guylian Bombons Frutos do Mar Embrulhados embalagem 250 g,Guylian,,"11,59 €","(46,36 € / Kg)",
Nobre Suave Sabor Mortadela em Fatias sem Glúten embalagem 120 g,Nobre Suave Sabor,,"1,30 €","(10,83 € / Kg)",
Maria Organic Filetes de Cavala em Azeite Virgem Extra com Piri-Piri Biológico embalagem 120 g,Maria Organic,,"3,35 €","(27,92 € / Kg)",
Panealba Gressinos D'or com Azeitona Preta embalagem 250 g,Panealba,,"2,49 €","(9,96 € / Kg)",
Florette Salada Gourmet com Nozes e Queijo de Cabra embalagem 180 g,Florette,,"3,79 €","(21,06 € / Kg)",
Mercurochrome Creme de Pés Reparador embalagem 75 ml,Mercurochrome,,"6,99 €","(93,20 € / Litro)",
Papa Figos Vinho Tinto do Douro Mangum garrafa 150 cl,Papa Figos,,"16,99 €","(11,33 € / Litro)",
Steripan Raspa Calos Dupla Face embalagem 1 unidade,Steripan,,"4,29 €","(4,29 € / Unidade)",
Norit Detergente para a Máquina da Roupa Líquido Delicada Preta embalagem 32 doses,Norit,,"7,99 €","(0,25 € / Dose)",
Pantene Champô Miracle Sérum Caracóis Perfeitos embalagem 225 ml,Pantene,,"5,99 €","(26,62 € / Litro)",
Dovo Ovo Cozido Descascado 4 unidades,Dovo,,"1,99 €","(0,50 € / Unidade)",
Romã Extra Peso Aproximado por unidade 355 g,,,"3,29 €/kg",,
Provamel Sobremesa de Soja com Baunilha Biológica Pack 4 embalagem 125 g,Provamel,,"3,49 €","(6,98 € / Kg)",
Santiveri Barra de Chocolate de Leite Lite Bite sem Açúcar embalagem 17 g,Santiveri,,"1,09 €","(64,12 € / Kg)",
Heineken Cerveja sem Álcool lata 33 cl,Heineken,,"0,79 €","(2,39 € / Litro)",
Tetley Infusão Digestão com Zinco e Vitamina D embalagem 20 unidades,Tetley,,"2,95 €","(0,15 € / Unidade)",
Condi Gelatina Zero de Amora embalagem 28 g,Condi,,"1,85 €","(66,07 € / Kg)",
Mimosa Bem Especial Iogurte Magro Natural 0% Lactose Pack 4 embalagem 120 ml,Mimosa Bem Especial,,"2,85 €","(4,56 € / Kg)","2,85 €"
Varanegra Presunto Porco Preto Fatiado à Mão unidade 80 g,Varanegra,,"11,99 €","(149,88 € / Kg)",
Dez Tostões Vinho Branco do Alentejo garrafa 75 cl,Dez Tostões,,"9,99 €","(13,32 € / Litro)",
Eric Kayser Maxi Financier embalagem 150 g,Eric Kayser,,"7,50 €","(68,18 € / Kg)",
Control Non Stop Preservativos embalagem 12 unidades,Control Non Stop,,"8,95 €","(0,75 € / Unidade)",
El Corte Inglés Leite Condensado lata 370 g,El Corte Inglés,,"1,09 €","(2,95 € / Kg)",
El Corte Inglés Selection Sardinhas em Escabeche 3-5 Unidades lata 87 g,El Corte Inglés Selection,,"1,15 €","(13,22 € / Kg)",
Sal Fóssil Sal Líquido Trufa frasco 100 ml,Sal Fóssil,,"2,99 €","(29,90 € / Litro)",
Arcos do Marquês Vinho Branco da Bairrada Colheita Selecionada garrafa 75 cl,Arcos do Marquês,,"7,25 €","(9,67 € / Litro)",
Coudene Brandada de Bacalhau frasco 200 g,Coudene,,"5,25 €","(26,25 € / Kg)",
G'Vine Gin Floraison com Copo garrafa 70 cl,G'Vine,,"39,90 €",(57 € / Litro),
Tipiak Wholewheat Couscous embalagem 500 g,Tipiak,,"1,85 €","(3,70 € / Kg)",
Jean Louis David Tesoura de Cuticulas embalagem 1 unidade,Jean Louis David,,"7,88 €","(7,88 € / Unidade)",
Ralston Goiabada Cascão embalagem 300 g,Ralston,,"3,49 €","(11,63 € / Kg)",
Biscoitos da Vila Broa de Noz e Mel embalagem 500 g,Biscoitos da Vila,,"4,15 €","(8,30 € / Kg)",
Herdade dos Cotéis Azeite Virgem Extra DOP Moura garrafa 500 ml,Herdade dos Cotéis,,"2,99 €","(5,98 € / Litro)",
Special Line El Corte Inglés Pão Integral com 5 Cereais e Sementes embalagem 400 g,Special Line El Corte Inglés,,"2,59 €","(6,48 € / Kg)",
Diadermine Leite de Limpeza Hidratante para Todos os Tipos de  Pele embalagem 200 ml,Diadermine,,"6,49 €","(32,45 € / Litro)",
Cock Brand Massa de Arroz Larga embalagem 375 g,Cock Brand,,"3,65 €","(9,73 € / Kg)",
Freya Sumo de Romã Biológico embalagem 750 ml,Freya,,"6,20 €","(8,27 € / Litro)",
Sonasol Wc Detergente Desinfectante MaxSan Spray embalagem 500 ml,Sonasol Wc,,"3,99 €","(7,98 € / Litro)",
Gulden Draak Cerveja da Bélgica garrafa 33 cl,Gulden Draak,,"3,75 €","(11,36 € / Litro)",
Casa de Santar Vinho Tinto do Dão garrafa 75 cl,Casa de Santar,,"5,99 €","(7,99 € / Litro)",
Innerme Barra Energética Maçã e Canela embalagem 40 g,Innerme,,"2,89 €","(72,25 € / Kg)",
Gallo Azeite Virgem Extra Planícies do Sul garrafa 750 ml,Gallo,,"7,99 €","(10,65 € / Litro)",
Raid Insecticida Eléctrico Líquido 30 Noites Aparelho + Recarga embalagem 21 ml,Raid,,"6,99 €","(332,86 € / Litro)",
Bledina Frutapura Frutos Variados Pack 4 unidades 95 g,Bledina,,"4,49 €","(47,26 € / Kg)",
Prozis Cookies Belgas sem Açúcar Pack 5 embalagem 34 g,Prozis,,"2,99 €","(87,94 € / Kg)",
Dr. António Martins Água de Coco Biológico embalagem 1 L,Dr. António Martins,,"4,89 €","(4,89 € / Litro)",
Salutem Mini Tortas de Milho embalagem 130 g,Salutem,,"2,59 €","(19,92 € / Kg)",
Porca de Murça Vinho Tinto do Douro garrafa 75 cl,Porca de Murça,,"4,79 €","(6,39 € / Litro)",
Vadio Vinho Branco da Bairrada garrafa 75 cl,Vadio,,"14,65 €","(19,53 € / Litro)",
Bio Puro Creme Limpa Madeiras Biológico embalagem 200 ml,Bio Puro,,"5,29 €","(26,45 € / Litro)",
Icecare Gelado Artesanal Banana embalagem 500 ml,Icecare,,"6,95 €","(13,90 € / Litro)",
Fiuza Vinho Branco do Tejo Sauvignon garrafa 75 cl,Fiuza,,"4,89 €","(6,52 € / Litro)",
Ambi Pur Ambientador Eléctrico Difusor 1 unidade,Ambi Pur,,"1,99 €","(1,99 € / Unidade)",
Ocean Spray Sumo de Amora e Framboesa embalagem 1 L,Ocean Spray,,"2,99 €","(2,99 € / Litro)",
Estufar de Vitela Mirandesa DOP Peso Aproximado 300 g,,,"11,95 €/kg",,
El Corte Inglés Bebida de Aveia sem Adição de Açúcares embalagem 1 L,El Corte Inglés,,"1,49 €","(1,49 € / Litro)",
Agros Nata para Bater embalagem 200 ml,Agros,,"0,96 €","(4,80 € / Litro)",
"Tons de Duorum Vinho Tinto do Douro garrafa 1,5 L",Tons de Duorum,,"9,99 €","(6,66 € / Litro)",
Renova First Pensos Higiénicos Ultra com Abas Noite embalagem 10 unidades,Renova First,,"2,20 €","(0,22 € / Unidade)",
Nobre Receita Tradicional Chouriço embalagem 200 g,Nobre Receita Tradicional,,"3,99 €","(19,95 € / Kg)",
Nestlé Dark Tablete Chocolate Preto sem Glúten embalagem 125 g,Nestlé Dark,,"1,99 €","(15,92 € / Kg)",
Kerzo Shampoo Antiqueda Mulher embalagem 400 ml,Kerzo,,"4,99 €","(12,48 € / Litro)",
Bolodoce Queijo de Figo embalagem 250 g,Bolodoce,,"9,90 €","(39,60 € / Kg)",
Buitoni Mini Pizzas Piccolinis 3 Queijos embalagem 270 g,Buitoni,,"3,99 €","(14,78 € / Kg)",
Neo Clean Engoma Fácil 500 ml,Neo Clean,,"2,05 €","(4,10 € / Litro)",
Antonio Banderas Her Secret Colónia Feminina Desire embalagem 50 ml,Antonio Banderas Her Secret,,"17,45 €",(349 € / Litro),
Super Bock Cerveja Abadia Mini Pack 6 20 cl,Super Bock,,"3,35 €","(2,79 € / Litro)",
Fita Azul Conjunto 2 Espumantes Reserva Meio Seco com Flute garrafa 75 cl,Fita Azul,,"11,98 €","(7,99 € / Litro)",
Ben & Jerry's Gelado Phish food embalagem 465 ml,Ben & Jerry's,,"6,79 €","(14,60 € / Litro)",
Cal Valls Limonada Biológica garrafa 1 L,Cal Valls,,"4,55 €","(0,46 € / 100ml)",
Excellence Coloração Permanente Poder Matizador Nº 5.11 Castanho Claro Gelado embalagem 1 unidade,Excellence,,"11,99 €","(11,99 € / Unidade)",
Xau Anti-Calcário para a Máquina da Roupa embalagem 250 ml,Xau,,"7,99 €","(15,96 € / Litro)","7,99 €"
El Corte Inglés Pão Torrado com Alho e Salsa embalagem 160 g,El Corte Inglés,,"1,19 €","(7,44 € / Kg)",
Nobre Churrasco Salsichas Clássicas embalagem 200 g,Nobre Churrasco,,"2,69 €","(13,45 € / Kg)",
Blue Moon Cerveja dos Estados Unidos da América Artesanal de Trigo Belgian White garrafa 33 cl,Blue Moon,,"1,55 €","(4,70 € / Litro)",
Dr. Bayard Rebuçados Mentolados embalagem 200 g,Dr. Bayard,,"2,59 €","(12,95 € / Kg)",
Dietisa Chá de Ervas Carqueja Planta embalagem 50 g,Dietisa,,"1,49 €","(29,80 € / Kg)",
Président Queijo Creme Azul embalagem 125 g,Président,,"2,49 €","(19,92 € / Kg)",
Magabel Tisana Menta embalagem 10 unidades,Magabel,,"1,10 €","(0,11 € / Unidade)",
Tété Queijo Fresco Meio Gordo Médio embalagem 200 g,Tété,,"1,98 €","(9,90 € / Kg)",
Fuchs Corn Flakes Bio embalagem 275 g,Fuchs,,"2,99 €","(10,87 € / Kg)",
Vidago Água Mineral Gasocarbónica garrafa 75 cl,Vidago,,"1,79 €","(2,39 € / Litro)",
Nivea Men Deep Gel de Banho embalagem 500 ml,Nivea Men Deep,,"6,99 €","(13,98 € / Litro)",
Simón Coll Sardinhas de Chocolate embalagem 24 g,Simón Coll,,"2,49 €","(103,75 € / Kg)",
Karibou Copo de Cartão 300 ML embalagem 10 unidades,Karibou,,184 €,"(0,18 € / Unidade)",184 €
Pescanova Miolo de Camarão Cru 80-100 Unidades embalagem 350 g,Pescanova,,"9,79 €","(27,97 € / Kg)",
Aliada Maionese Light frasco 450 ml,Aliada,,"1,99 €","(4,42 € / Litro)",
Dove Gel de Banho Nature Matcha Green Tea & Sakura Blossom embalagem 400 ml,Dove,,"2,39 €","(5,98 € / Litro)",
Tyrrell's Batatas Fritas com Sal Marinho e Vinagre embalagem 150 g,Tyrrell's,,"2,64 €","(17,60 € / Kg)",
Nativa Tamarilho Peso Aproximado por embalagem 500 g,Nativa,,12 €,"(23,99 € / Kg)",
Paladin Vinagre de Arroz frasco 135 ml,Paladin,,"1,09 €","(8,07 € / Litro)",
Tena Pensos Higiénicos Protetores Discreet Normal embalagem 24 unidades,Tena,,"5,59 €","(0,23 € / Unidade)",
Sanex Gel de Banho Pele Normal Zero % embalagem 550 ml,Sanex,,"5,49 €","(9,98 € / Litro)",
Finish Detergente para a Máquina de Loiça Regular Ultimate embalagem 45 doses,Finish,,"24,99 €","(0,56 € / Unidade)",
Castello D'Alba Conjunto 2 Vinhos Tinto do Douro Reserva garrafa 75 cl,Castello D'Alba,,"16,98 €","(11,32 € / Litro)",
Silvex Película Transparente Aderente XL 50 m,Silvex,,"3,79 €","(0,04 € / Unidade)",
Cuétara Oro Bolachas Maria embalagem 200 g,Cuétara Oro,,"1,05 €","(5,25 € / Kg)",
Lombinho Extra 4 Pimentas ao peso 1 kg,,,"11,49 €/kg",,
Maybelline Super Stay Batom Ink Crayon Nº 45 Hustle Heels embalagem 1 unidade,Maybelline Super Stay,,"9,49 €","(9,49 € / Unidade)",
Velho Barreiro Cachaça garrafa 70 cl,Velho Barreiro,,"10,99 €","(15,70 € / Litro)",
Galbani Queijo Ralado Mozzarella embalagem 150 g,Galbani,,"2,99 €","(19,93 € / Kg)",
Nescafé Dolce Gusto Café Buondi Intensidade 8 embalagem 16 cápsulas,Nescafé Dolce Gusto,,"5,99 €","(0,37 € / Unidade)",
Knorr Vitalie Caldo de Carne 8 Cubos embalagem 80 g,Knorr Vitalie,,"2,30 €","(28,75 € / Kg)",
Quinta de Lafões Bife de Frango Peso Aproximado por cuvete 500 g,Quinta de Lafões,,"4,39 €","(8,79 € / Kg)",
Casa do Porco Preto Farinheira Ibérica de Barrancos unidade 200 g,Casa do Porco Preto,,"2,25 €","(11,25 € / Kg)",
Feijão Branco Granel Biológico,,,"6,49 €/kg",,
Nacional + Linha Barras de Cereais com Frutos Vermelhos Pack 6 embalagem 138 g,Nacional + Linha,,"2,49 €","(18,04 € / Kg)",
Garofalo Cappelletti embalagem 500 g,Garofalo,,"2,09 €","(4,18 € / Kg)",
Espiga Pimenta Jamaica Moída frasco 40 g,Espiga,,"1,89 €","(47,25 € / Kg)",
Ralston Fruta Bananinha Receita Tradicional embalagem 30 g,Ralston,,"0,85 €","(28,33 € / Kg)",
Cistér Feijão Encarnado Cozido lata 850 g,Cistér,,"0,99 €","(1,16 € / Kg)",
Elda Queijo Ricotta unidade 250 g,Elda,,"1,79 €","(7,16 € / Kg)",
Nescafé Dolce Gusto Café Ristretto Napoli embalagem 16 cápsulas,Nescafé Dolce Gusto,,"5,99 €","(0,37 € / Unidade)",
Ultra Suave Máscara Multiusos 3 em 1 com Leite de Coco embalagem 300 ml,Ultra Suave,,"6,79 €","(22,63 € / Litro)",
Quinta da Atela Vinho Branco Regional do Tejo garrafa 75 cl,Quinta da Atela,,"13,35 €","(17,80 € / Litro)",
Nutrégi Gelatina de Ananás 0% Pack 4 embalagem 100 g,Nutrégi,,"1,45 €","(3,62 € / Kg)",
Dove Invisible Care Desodorizante Roll-On embalagem 50 ml,Dove Invisible Care,,"2,79 €","(55,80 € / Litro)",
Riegele Cerveja da Alemanha Auris 19 Goldenes Feuer garrafa 66 cl,Riegele,,"7,69 €","(11,65 € / Litro)",
Mimosa Magro Iogurte + Gelatina de Maracujá Pack 4 embalagem 120 g,Mimosa Magro,,"2,28 €","(4,75 € / Kg)",
Eristoff Vodka Black garrafa 70 cl,Eristoff,,"12,99 €","(18,56 € / Litro)",
Le Tribute Água Tónica 4 Unidades garrafa 20 cl,Le Tribute,,"6,99 €","(34,95 € / Litro)",
Freixenet Espumante Cava Blanc de Blancs garrafa 75 cl,Freixenet,,"5,79 €","(7,72 € / Litro)",
Quinta do Valdoeiro Espumante da Bairrada Baga Chardonnay Bruto garrafa 75 cl,Quinta do Valdoeiro,,"9,95 €","(13,27 € / Litro)",
Aveleda Fonte Vinho Verde Branco garrafa 75 cl,Aveleda Fonte,,"4,59 €","(6,12 € / Litro)",
Berthet Bondet Vinho Branco de França Tradicional Côtes du Jura Biológico garrafa 75 cl,Berthet Bondet,,25 €,"(33,33 € / Litro)",
Panetto Pão de Forma Integral Extra Fofo unidade 400 g,Panetto,,"2,59 €","(6,48 € / Kg)",
Porminho Fiambre da Perna em Fatias embalagem 100 g,Porminho,,"1,35 €","(13,50 € / Kg)",
La Piara Paté de Peru sem Glúten lata 75 g,La Piara,,"1,75 €","(23,33 € / Kg)",
Freixenet Espumante Cava Mini Nevada Pack 3 garrafa 18 cl,Freixenet,,"7,99 €","(14,80 € / Litro)",
Herdade da Maia Queijo de Ovelha Curado,Herdade da Maia,,"20,99 €/kg",,
Agriform Queijo Grana Padano Biológico unidade 150 g,Agriform,,"5,19 €","(34,60 € / Kg)",
Redondo Iglesias Presunto Ibérico de Bolota unidade 80 g,Redondo Iglesias,,"13,99 €","(174,88 € / Kg)",
Sorini Bombons Maxi Per Te Leite embalagem 500 g,Sorini,,"7,95 €","(15,90 € / Kg)",
Condi Gelatina Light de Pêssego embalagem 30 g,Condi,,"1,85 €","(61,67 € / Kg)",
Pormenor Vinho Branco do Douro garrafa 75 cl,Pormenor,,"14,49 €","(19,32 € / Litro)",
Invictus Vinho do Porto em Decanter garrafa 75 cl,Invictus,,"15,50 €","(20,67 € / Litro)",
Nivea Smooth Milk Loção para Corpo Suavizante 48h Pele Seca embalagem 250 ml,Nivea Smooth Milk,,"5,49 €","(21,96 € / Litro)",
Kiwi Zespri Calibre 27 Peso Aproximado por unidade 140 g,,,"5,99 €/kg",,
Nacional A Quinta Massa em Forma de Animais embalagem 500 g,Nacional A Quinta,,"1,89 €","(3,78 € / Kg)",
Mutti Tomate Inteiro Pelado lata 400 g,Mutti,,"2,17 €","(5,42 € / Kg)",
Dalva Vinho do Porto Datado 30 Anos garrafa 75 cl,Dalva,,"69,90 €","(93,20 € / Litro)",
Pescanova Miolo de Gambão 20/40 embalagem 200 g,Pescanova,,"7,99 €","(39,95 € / Kg)",
Santiago Feijão Preto embalagem 700 g,Santiago,,"1,99 €","(2,84 € / Kg)",
Sweetness Sweet Tabs de Stevia embalagem 12 g,Sweetness,,"4,99 €","(415,83 € / Kg)",
Filoco Vinho Tinto do Douro Reserva garrafa 75 cl,Filoco,,"10,95 €","(14,60 € / Litro)",
Pêra Grave Vinho Branco do Alentejo garrafa 75 cl,Pêra Grave,,"8,75 €","(11,67 € / Litro)",
Codyfer Atacador Castanho 180 cm 1 unidade,Codyfer,,"2,85 €","(2,85 € / Unidade)",
Ferbar Molho de Soja frasco 192 ml,Ferbar,,"1,59 €","(6,20 € / Litro)","1,59 €"
Figos em Vinho do Porto frasco 200 g,,,"5,25 €","(26,25 € / Kg)",
Monte das Talhas Vinho Tinto do Alentejo garrafa 75 cl,Monte das Talhas,,"4,25 €","(5,67 € / Litro)",
Alternativa 3 Copo Bambu  Yeah Baby unidade,Alternativa 3,,"12,49 €","(12,49 € / Unidade)",
Milaneza Esparguete Integral com Aveia embalagem 500 g,Milaneza,,"1,99 €","(3,98 € / Kg)",
Gelpeixe Lombos de Pescada sem Pele embalagem 400 g,Gelpeixe,,"4,65 €","(11,62 € / Kg)",
Quinta do Gradil Vinho Branco Regional de Lisboa garrafa 75 cl,Quinta do Gradil,,"6,69 €","(8,92 € / Litro)",
Tradizionale Pizza Salame Romana embalagem 370 g,Tradizionale,,"5,49 €","(14,84 € / Kg)",
Findus Massa Folhada Estendida embalagem 500 g,Findus,,"3,59 €","(7,18 € / Kg)",
Flamefast Acendalhas 32 unidades,Flamefast,,"1,29 €","(0,04 € / Unidade)",
Manga Maturada Tommy Atkins Peso Aproximado por unidade 545 g,,,"2,99 €/kg",,
Larroche Milho Doce lata 150 g,Larroche,,"1,45 €","(9,67 € / Kg)",
Renata Biscoioto Maizena embalagem 200 g,Renata,,"1,79 €","(8,95 € / Kg)",
Scotch-Brite Rolo Removedor de Pêlos Recarga 1 unidade,Scotch-Brite,,"4,99 €","(4,99 € / Unidade)",
K2R Colour Catcher embalagem 10 unidades,K2R,,"4,99 €","(0,50 € / Unidade)",
Hansaplast Pensos Elastic Extra Flexível Repele a Água embalagem 10 unidades,Hansaplast,,"2,19 €","(0,22 € / Unidade)",
Sr. Basílio Batatas Fritas Lisas em Azeite embalagem 135 g,Sr. Basílio,,"2,09 €","(15,48 € / Kg)",
Trigo Sarraceno Granel Biológico,,,"5,49 €/kg",,
"Nutribén Fruta&Go Pera, Banana, Laranja e Bolacha Desde os 6 Meses embalagem 90 g",Nutribén Fruta&Go,,"0,99 €",(11 € / Kg),
Tetley Cold Infusão de Arando e Lima sem Adoçantes embalagem 10 unidades,Tetley Cold,,"1,29 €","(0,13 € / Unidade)",
Megaplast Sport Adesivo Elástico embalagem 1 unidade,Megaplast Sport,,"8,95 €","(8,95 € / Unidade)",
Montanheira Lombo Branco de Porco Preto unidade 200 g,Montanheira,,"11,99 €","(59,95 € / Kg)",
Nestlé Sobremesas Chocolate Culinário 70% Cacau embalagem 170 g,Nestlé Sobremesas,,"2,59 €","(15,24 € / Kg)",
Côvo Queijo com Colorau,Côvo,,"21,98 €/kg",,
Cabeça de Toiro Vinho Branco do Tejo Reserva garrafa 75 cl,Cabeça de Toiro,,"7,49 €","(9,99 € / Litro)",
El Corte Inglés Selection Ervilhas Muito Finos lata 280 g,El Corte Inglés Selection,,"1,19 €","(4,25 € / Kg)",
Quinta do Monte Bravo Vinho Tinto do Douro Grande Reserva garrafa 75 cl,Quinta do Monte Bravo,,"23,99 €","(31,99 € / Litro)",
Anti-Rob Erva Tereré Menta embalagem 500 g,Anti-Rob,,"3,99 €","(7,98 € / Kg)",
Solan de Cabras Refrigerante Multifrutas garrafa 33 cl,Solan de Cabras,,"1,65 €",(5 € / Litro),
Belfine Figuras de Natal de Chocolate Pai Natal ou Boneco de Neve embalagem 35 g,Belfine,,"6,99 €","(199,71 € / Kg)",
Nestlé Smarties Mini Drageais de Chocolate embalagem 187 g,Nestlé Smarties,,"2,99 €","(15,99 € / Kg)",
Ati Manel Vieiras em Caldeirada lata 120 g,Ati Manel,,"4,95 €","(41,25 € / Kg)",
Alsa Preparado para Gelatina de Mirtilos Origem Vegetal embalagem 180 g,Alsa,,"2,99 €","(16,61 € / Kg)",
Renova Lenços Faciais Tubo Black 50 unidades,Renova,,"3,19 €","(0,06 € / Unidade)",
Vale da Mata Vinho Branco de Lisboa garrafa 75 cl,Vale da Mata,,"10,30 €","(13,73 € / Litro)",
Nivea Dermo Sensitive Gel de Banho embalagem 650 ml,Nivea Dermo Sensitive,,"3,29 €","(5,06 € / Litro)",
Branca de Neve Preparado em Pó para Mousse de Limão embalagem 125 g,Branca de Neve,,"1,99 €","(15,92 € / Kg)",
Freixenet Espumante Italiano Rosé garrafa 75 cl,Freixenet,,"10,99 €","(14,65 € / Litro)",
Poças Vinho do Porto Dry Branco garrafa 75 cl,Poças,,"12,85 €","(17,13 € / Litro)",
Quinta do Cume Vinho Tinto do Douro Reserva garrafa 75 cl,Quinta do Cume,,"18,75 €",(25 € / Litro),
Amaizin Tiras de Milho ao Natural Biológicas embalagem 75 g,Amaizin,,"1,89 €","(25,20 € / Kg)",
"El Corte Inglés Cerveja sem Álcool 0,0% Pack 12 lata 33 cl",El Corte Inglés,,"4,99 €","(1,26 € / Litro)",
Mulher de Capote Licor O Menino Mija garrafa 70 cl,Mulher de Capote,,"15,95 €","(22,79 € / Litro)",
Mini Hamburguer Frango Bio Mix Vegetais embalagem 300 g,,,"6,99 €","(23,30 € / Kg)",
Cossart Gordon Vinho da Madeira 5 Anos Sercial garrafa 75 cl,Cossart Gordon,,"19,95 €","(26,60 € / Litro)",
Dittmann Argolas de Anchova Recheadas com Alcaparra frasco 50 g,Dittmann,,"3,39 €","(67,80 € / Kg)",
Santa Teresa Maionese com Azeite Virgem Extra sem Glúten embalagem 125 ml,Santa Teresa,,"2,09 €","(16,72 € / Litro)",
Halls Rebuçados de Mel e Limão sem Açúcar embalagem 32 g,Halls,,"1,09 €","(34,06 € / Kg)",
Oboé Vinho Douro Branco Vinhas D.Parcela garrafa 75 cl,Oboé,,"18,45 €","(24,60 € / Litro)",
"Trident Fresh Pastilhas de Menta sem Açúcar Pack 4 embalagem 14,5 g",Trident Fresh,,"2,59 €","(178,62 € / Kg)",
Branca de Neve Farinha para Pão de Mistura embalagem 500 g,Branca de Neve,,"2,38 €","(4,76 € / Kg)",
Lola Shampoo Densidade embalagem 250 ml,Lola,,"9,85 €","(39,40 € / Litro)",
Président Queijo de França Camembert embalagem 250 g,Président,,"3,89 €","(15,56 € / Kg)",
Cuétara Tosta Rica Mini Go Bolachas Pack 8 embalagem 240 g,Cuétara Tosta Rica Mini Go,,"2,69 €","(11,21 € / Kg)",
Cem Porcento Infusão de Tomilho Biológica embalagem 13 g,Cem Porcento,,"0,99 €","(76,15 € / Kg)",
Somnium Vinho Branco do Douro DOC garrafa 75 cl,Somnium,,"19,45 €","(25,93 € / Litro)",
Herdade da Ajuda Vinho Tinto do Alentejo Reserva garrafa 75 cl,Herdade da Ajuda,,"11,90 €","(15,87 € / Litro)",
Heineken Cerveja da Holanda lata 33 cl,Heineken,,"0,89 €","(2,70 € / Litro)",
Sovibor Borba Vinho Branco do Alentejo garrafa 75 cl,Sovibor Borba,,"2,89 €","(3,85 € / Litro)",
Pierre Martinet Salada de Bulgur e Arando com Avelãs embalagem 200 g,Pierre Martinet,,"3,79 €","(18,95 € / Kg)",
Moura Azeite Virgem DOP Moura e Barrancos garrafão 5 L,Moura,,"24,99 €",(5 € / Litro),
Sonatural Pepino e Aipo embalagem 750 ml,Sonatural,,"4,49 €","(5,99 € / Litro)",
Margão Coentros Moídos embalagem 40 g,Margão,,"2,09 €","(52,25 € / Kg)",
João Pires Vinho Branco de Terras do Sado garrafa 75 cl,João Pires,,"4,49 €","(5,32 € / Litro)","4,49 €"
Mutti Molho de Tomate para Pizza lata 400 g,Mutti,,"2,26 €","(5,65 € / Kg)",
Jacobsen Cookies de Manteiga Nostalgia de Natal lata 150 g,Jacobsen,,"3,49 €","(23,27 € / Kg)",
Gorreana Chá Broken Leaf embalagem 100 g,Gorreana,,"2,59 €","(25,90 € / Kg)",
Campofrio Forno de Lenha Peito de Frango em Fatias Finas sem Glúten embalagem 120 g,Campofrio Forno de Lenha,,"1,99 €","(16,58 € / Kg)",
Alternativa 3 Chocolate com Nibs 70% Cacau sem Glúten Biológico embalagem 80 g,Alternativa 3,,"3,09 €","(38,62 € / Kg)",
Maçarico Molho Inglês frasco 180 ml,Maçarico,,"1,55 €","(8,61 € / Litro)",
Nestlé Chocolate de Leite Crunch Pack 3 unidades embalagem 100 g,Nestlé,,"3,99 €","(39,90 € / Kg)",
Haagen-Dazs Mini Gelado de Noz de Macadâmia embalagem 95 ml,Haagen-Dazs,,"2,45 €","(25,79 € / Litro)",
Quinta da Casa Amarela Vinho Tinto do Douro 2019 garrafa 75 cl,Quinta da Casa Amarela,,"10,99 €","(14,65 € / Litro)",
Solo Vinho Tinto do Dão Touriga Nacional Reserva garrafa 75 cl,Solo,,"8,99 €","(11,99 € / Litro)",
Bettery Barra Plant Based Zero Bar Chocolate e Coco embalagem 55 g,Bettery,,"1,90 €","(34,55 € / Kg)",
Gliss Split Hair Miracle Champô Selante para Cabelos Estragados embalagem 250 ml,Gliss Split Hair Miracle,,"4,99 €","(19,96 € / Litro)",
Oroweat Pão de Hambúrguer Maxi com Sementes e Cereais embalagem 300 g,Oroweat,,"1,99 €","(6,63 € / Kg)",
Cru Chips Sticks de Chouriço de Porco unidade 30 g,Cru Chips,,"1,49 €","(49,67 € / Kg)",
Sical 5 Estrelas Café Torrado Moído Lote Clássico Intensidade 9 embalagem 16 pastilhas,Sical 5 Estrelas,,"3,89 €","(37,40 € / Kg)",
Coronita Cerveja do México Extra Pack 6 garrafa 21 cl,Coronita,,"7,49 €","(35,67 € / Litro)",
Unii Sabonete de Coco e Limão embalagem 1 unidade,Unii,,"6,90 €","(6,90 € / Unidade)",
Neutrex Tira-Nódoas Transpirex embalagem 600 ml,Neutrex,,6 €,(10 € / Litro),
Grand-Mère Paté de Arandos Fatiado embalagem 125 g,Grand-Mère,,"1,99 €","(15,92 € / Kg)",
Gliss Reparação Total Condicionador Express em Spray embalagem 200 ml,Gliss Reparação Total,,"7,59 €","(37,95 € / Litro)",
Syoss Oleo Intense Coloração Permanente Nº 5-92 Vermelho Intenso embalagem 1 unidade,Syoss Oleo Intense,,"11,29 €","(11,29 € / Unidade)",
Rosbife de Novilho Lardeado Peso Aproximado 700 g,,,"19,95 €/kg",,
Hagerty Banho Limpa Pratas 580 ml,Hagerty,,"15,99 €","(27,57 € / Litro)",
Fructis Condicionador de Melancia para Cabelos Normais a Finos embalagem 350 ml,Fructis,,"6,59 €","(18,83 € / Litro)",
Villa Nogueira Vinho Branco de Lisboa garrafa 75 cl,Villa Nogueira,,"9,45 €","(12,60 € / Litro)",
Scotch Brite Lava Fácil Completo embalagem 1 unidade,Scotch Brite,,"3,89 €","(3,89 € / Unidade)",
Parmareggio Queijo Reggiano 22 Meses,Parmareggio,,"32,99 €/kg",,
Garnier Skin Active Máscara Hidratante Revitalizante Hydra Bomb embalagem 32 g,Garnier Skin Active,,"2,99 €","(93,44 € / Kg)",
Casa dos Zagalos Vinho Tinto do Alentejo Reserva garrafa 75 cl,Casa dos Zagalos,,"13,49 €","(17,99 € / Litro)",
Cosbe Champô Sólido de Uva embalagem 120 g,Cosbe,,"11,90 €","(99,17 € / Kg)",
Porminho Fiambre da Perna Extra em Fatias Extra Finas embalagem 150 g,Porminho,,"2,55 €",(17 € / Kg),
Mister Freed Tortilha Chips Queijo embalagem 135 g,Mister Freed,,"2,49 €","(18,44 € / Kg)",
Oral-B Complete Escova de Dentes 5 Benefícios Média embalagem 1 unidade,Oral-B Complete,,"2,79 €","(2,09 € / Unidade)","2,79 €"
El Corte Inglés Açúcar Doses Individuais Pack 40 embalagem 280 g,El Corte Inglés,,"1,49 €","(5,32 € / Kg)",
Arnaud Paté de Faisão com Armagnac frasco 180 g,Arnaud,,"2,75 €","(15,28 € / Kg)",
Colgate Total Pasta de Dentes Acção Profundidade embalagem 75 ml,Colgate Total,,"4,99 €","(66,53 € / Litro)",
Barilla Massa Orecchiette embalagem 500 g,Barilla,,"1,94 €","(3,88 € / Kg)",
Mentolin Rebuçados Extra Fortes sem Açúcar 115 g,Mentolin,,"2,09 €","(20,90 € / Kg)",
"Mimosa Magro Aroma Iogurte Aroma Magro 2 a Coco, 2 a Manga e 4 a  Morango Pack 8 embalagem 120 g",Mimosa Magro Aroma,,"2,49 €","(2,59 € / Kg)",
Delverde Tagliatelle Nido Agli Spinaci embalagem 250 g,Delverde,,"1,89 €","(7,56 € / Kg)",
Caladessa Vinho Branco do Alentejo garrafa 75 cl,Caladessa,,"8,25 €",(11 € / Litro),
Finish Detergente para Máquina de Loiça Limão All In 1 Max embalagem 42 pastilhas,Finish,,"17,99 €","(0,43 € / Unidade)",
Matutano no Forno Cocktail de Frutos Secos embalagem 95 g,Matutano no Forno,,"2,49 €","(19,47 € / Kg)","2,49 €"
Bettery Aveia com Proteína Vegetal Vegan embalagem 300 g,Bettery,,"6,99 €","(23,30 € / Kg)",
Maria Organic Atum em Água Biológico embalagem 120 g,Maria Organic,,"3,75 €","(31,25 € / Kg)",
Cantinho das Aromáticas Condimento de Manjericão Biológico embalagem 20 g,Cantinho das Aromáticas,,"3,15 €","(157,50 € / Kg)",
Knorr Natura Caldo Natura de Galinha 4 unidades embalagem 112 g,Knorr Natura,,"2,30 €","(20,54 € / Kg)",
El Corte Inglés Vinagre de Vinho Tinto garrafa 1 L,El Corte Inglés,,"0,98 €","(0,98 € / Litro)",
El Corte Inglés Torrão Mole sem Glúten embalagem 250 g,El Corte Inglés,,"3,15 €","(12,60 € / Kg)",
Pescanova Medalhões de Pescada do Cabo embalagem 1 kg,Pescanova,,"17,99 €","(13,49 € / Kg)","17,99 €"
El Corte Inglés Selection Nuggets de Frango Panados com Molho Barbeque embalagem 350 g,El Corte Inglés Selection,,"2,69 €","(7,69 € / Kg)",
Château Matigno Vinho Tinto Frânces Saint-Emilion garrafa 75 cl,Château Matigno,,"39,50 €","(52,67 € / Litro)",
Eric Kayser Pão Bola Tradicional,Eric Kayser,,"2,40 €","(2,40 € / Unidade)",
"Compal Néctar Vital Bom Dia Frutos Tropicais, Chia e Alfarroba embalagem 1 L",Compal,,"1,99 €","(1,99 € / Litro)",
El Corte Inglés Mozzarella Fresca Light de Vaca embalagem 125 g,El Corte Inglés,,"1,75 €",(14 € / Kg),
Real Thai Pasta de Caril Massaman frasco 227 g,Real Thai,,"3,65 €","(16,08 € / Kg)",
Cantinho das Aromáticas Condimento de Tomilho-Limão Biológico embalagem 20 g,Cantinho das Aromáticas,,"3,15 €","(157,50 € / Kg)",
Pantene Miracles Condicionador Anti-Frizz embalagem 200 ml,Pantene Miracles,,"5,99 €","(29,95 € / Litro)",
Salt e Sweet Mini Empadas de Frango Pack 12 unidades embalagem 420 g,Salt e Sweet,,"15,49 €","(36,88 € / Kg)",
Garcia Baquero Queijo Fresco de Burgos,Garcia Baquero,,"11,29 €/kg",,
Schweppes Refrigerante Ginger Ale Pack 6 unidades embalagem 20 cl,Schweppes,,"5,40 €","(4,50 € / Litro)",
Renova Papel Higiénico Balance Embalado em Papel embalagem 4 unidades,Renova,,"2,49 €","(0,62 € / Unidade)",
Beher Snack de Presunto 100% Ibérico unidade 100 g,Beher,,"5,49 €","(54,90 € / Kg)",
Ignotizado Vinho Tinto do Douro Bastardo garrafa 75 cl,Ignotizado,,"22,90 €","(30,53 € / Litro)",
Diadermine Lift+ Naturetinol Creme de Dia Multi-Acção com Extracto de Algas Marinhas embalagem 50 ml,Diadermine Lift+ Naturetinol,,"23,99 €","(479,80 € / Litro)",
Nutrísse Creme Coloração Nº 100 Louro Muito Claro Natural embalagem 190 ml,Nutrísse Creme,,"9,49 €","(49,95 € / Litro)",
Delta Café Solúvel Pack 10 embalagem 20 g,Delta,,"1,14 €",(57 € / Kg),
Gelcampo Esparregado de Grelos embalagem 650 g,Gelcampo,,"2,95 €","(4,54 € / Kg)",
Nacional Granola de Aveia e Mel embalagem 300 g,Nacional,,"3,69 €","(12,30 € / Kg)",
Arizona Ice Tea de Pêssego garrafa 50 cl,Arizona,,"1,14 €","(2,28 € / Litro)",
Cristal Gourmet Vinagre de Vinho Branco garrafa 250 ml,Cristal Gourmet,,"1,95 €","(7,80 € / Litro)",
Quinta da Raza Vinho Verde Avesso Branco garrafa 75 cl,Quinta da Raza,,"6,15 €","(8,20 € / Litro)",
Martiko Lombo de Salmão Fumado embalagem 150 g,Martiko,,"9,99 €","(66,60 € / Kg)",
Batata Branca saco 3 kg,,,"3,49 €","(1,16 € / Kg)",
Fuchs Cereais Choco Shells Bio embalagem 300 g,Fuchs,,"3,79 €","(12,63 € / Kg)",
"Esteva Vinho do Douro Magnum Tinto garrafa 1,5 L",Esteva,,"10,99 €","(7,33 € / Litro)",
Cuétara Flakes Bolachas de Chocolate com Pepitas de Cereais embalagem 175 g,Cuétara Flakes,,"2,89 €","(12,29 € / Kg)","2,89 €"
Nestlé Chocapic Barras de Cereais de Chocolate com Leite Pack 8 + 4 Grátis embalagem 300 g,Nestlé Chocapic,,"4,39 €","(14,63 € / Kg)",
Porminho Bacon Extra Metades kg,Porminho,,"14,69 €/kg",,
García Baquero Queijo Light Terno em Fatias unidade 68 g,García Baquero,,1 €,"(14,71 € / Kg)",
"El Corte Inglés Amaciador para a Roupa Engoma Fácil Concentrado embalagem 1,5 L",El Corte Inglés,,"2,55 €","(1,70 € / Litro)",
Nutrísse Creme Coloração Nº 4.3 Castanho Dourado embalagem 190 ml,Nutrísse Creme,,"9,49 €","(49,95 € / Litro)",
Danone Puro Iogurte Aroma a Morango Pack 4 embalagem 120 g,Danone Puro,,"1,19 €","(2,48 € / Kg)",
Vapza Feijão Carioca sem Glúten embalagem 500 g,Vapza,,"3,79 €","(5,68 € / Kg)","3,79 €"
Pringles Aperitivos de Batatas Pepperoni Pizza embalagem 185 g,Pringles,,"2,65 €","(14,32 € / Kg)",
Secos da Aldeia Farinha de Amêndoa embalagem 100 g,Secos da Aldeia,,"2,29 €","(22,90 € / Kg)",
Alsa Mousse de Chocolate Preto embalagem 148 g,Alsa,,"2,59 €","(17,50 € / Kg)",
Heller Rebuçados de Nata e Caramelo embalagem 135 g,Heller,,"2,45 €","(18,15 € / Kg)",
Bombay Gin Bramble Amora e Framboesa garrafa 70 cl,Bombay,,"25,59 €","(30,84 € / Litro)","25,59 €"
Garcia Pão Forma Branca sem Glúten Congelado embalagem 500 g,Garcia,,"4,20 €","(8,40 € / Kg)",
Quinta D' Avó Tempero para Grelhados de Carne frasco 200 g,Quinta D' Avó,,"1,89 €","(9,45 € / Kg)",
"El Corte Inglés Amoníaco Forte embalagem 1,5 L",El Corte Inglés,,"1,19 €","(0,79 € / Litro)",
Theramed 2 em 1 Dentífrico com Elixir Original embalagem 75 ml,Theramed 2 em 1,,"3,39 €","(45,20 € / Litro)",
Heinz Molho Nordic de Mel e Mostarda embalagem 400 ml,Heinz,,"3,99 €","(9,98 € / Litro)",
Desiam Sopa Instântanea Tom Kha embalagem 50 g,Desiam,,"2,99 €","(59,80 € / Kg)",
Malhadinha Vinho Tinto Regional do Algarve da Peceguina garrafa 00075 cl,Malhadinha,,"30,49 €","(40,65 € / Litro)",
Persil Detergente para a Máquina da Roupa Lavanda Líquido Gel embalagem 55 doses,Persil,,"19,99 €","(0,36 € / Dose)",
Duracell Optimum Pilhas AA 200% Extra Power embalagem 4 unidades,Duracell Optimum,,"6,99 €","(1,75 € / Unidade)",
Paladin Mostarda Picante frasco 210 g,Paladin,,"2,19 €","(10,43 € / Kg)",
La Fartoria Gaia Queijo de Itália Mozzarela de Búfala embalagem 250 g,La Fartoria Gaia,,"7,99 €","(31,96 € / Kg)",
Comfort Intense Care Amaciador para Roupa Protect Fuchsia Passion Ultra Concentrado embalagem 60 doses,Comfort Intense Care,,"7,99 €","(0,13 € / Dose)",
Gillette Venus Snap Máquina Depilatória embalagem 1 unidade,Gillette Venus Snap,,"10,99 €","(10,99 € / Unidade)",
El Corte Inglés Torrão de Chocolate Branco Crocante embalagem 250 g,El Corte Inglés,,"2,35 €","(9,40 € / Kg)",
Pastoret Kefir Kiwi embalagem 500 g,Pastoret,,"2,99 €","(5,98 € / Kg)",
El Corte Inglés Limpa Vidros com Amoníaco embalagem 1 L,El Corte Inglés,,"1,10 €","(1,10 € / Litro)",
Scottex Acolchado Papel Higiénico embalagem 24 unidades,Scottex Acolchado,,"15,99 €","(0,67 € / Unidade)",
Knorr Sopa de Feijão Verde 4 porções embalagem 81 g,Knorr,,"1,85 €","(22,84 € / Kg)",
Serras de Penela Queijo Curado Apimentado de Mistura Pack 2 unidade 180 g,Serras de Penela,,"3,59 €","(19,94 € / Kg)",
Trianon Chocolate Preto embalagem 125 g,Trianon,,"3,89 €","(31,12 € / Kg)",
Denim Conjunto Homem Bolsa + After-Shave + Desodorizante Spray embalagem 250 ml,Denim,,"16,99 €","(35,96 € / Litro)","16,99 €"
Ti António Vitelão Costeletas ATP Peso Aproximado por cuvete 350 g,Ti António,,"7,68 €","(21,95 € / Kg)",
Le Conserve Della Nonna Molho Arrabiatta Biológico frasco 350 g,Le Conserve Della Nonna,,"3,85 €",(11 € / Kg),
Açaí Native Gelado de Açaí com Banana e Guaraná embalagem 160 ml,Açaí Native,,"2,69 €","(16,81 € / Litro)",
Um Bongo Néctar de Manga Tum-Tum embalagem 1 L,Um Bongo,,"1,49 €","(1,49 € / Litro)",
Crunch Chocolate embalagem 100 g,Crunch,,"1,99 €","(19,90 € / Kg)",
Nau do Cacau Chocolate Preto São Tomé e Príncipe Café da Colômbia e Sementes de Cacau 67% Biológico embalagem 40 g,Nau do Cacau,,"2,85 €","(71,25 € / Kg)",
Carrs's Assorted Cheese Crackers embalagem 200 g,Carrs's Assorted Cheese,,"2,99 €","(14,95 € / Kg)",
Companhia das Abóboras Doce de Abóbora com Pinhões frasco 300 g,Companhia das Abóboras,,"3,45 €","(11,50 € / Kg)",
Reguengos Vinho Tinto do Alentejo Garrafeira dos Sócios 2017 garrafa 75 cl,Reguengos,,"22,99 €","(30,65 € / Litro)",
Beirabaga Doce de Alperce frasco 270 g,Beirabaga,,"3,49 €","(12,93 € / Kg)",
Jean Louis David Pente com Cauda embalagem 1 unidade,Jean Louis David,,"3,50 €","(3,50 € / Unidade)",
Altano Vinho Branco do Douro garrafa 75 cl,Altano,,"5,49 €","(7,32 € / Litro)",
Cistér Polpa de Tomate garrafa 500 ml,Cistér,,"0,99 €","(1,98 € / Litro)",
Babaria Sabonete Líquido para as Mãos com Aloe Vera embalagem 500 ml,Babaria,,"2,69 €","(5,38 € / Litro)",
Pur Natur Iogurte com Frutos dos Bosques Bio embalagem 150 g,Pur Natur,,"1,75 €","(11,67 € / Kg)",
Babaria Espuma de Barbear Aloe Vera embalagem 300 ml,Babaria,,"3,19 €","(10,63 € / Litro)",
Al-Andalus Doce de Morango frasco 250 g,Al-Andalus,,"3,95 €","(15,80 € / Kg)",
"El Corte Inglés Leite Meio Gordo Semi-Desnatado garrafa 1,5 L",El Corte Inglés,,"1,39 €","(0,93 € / Litro)",
Glade Ambientador Vela Relaxing Zen embalagem 129 g,Glade,,"4,99 €","(38,68 € / Kg)",
Isola Bio Bebida de Arroz + Amêndoa sem Açúcar Biológica embalagem 250 ml,Isola Bio,,"1,39 €","(5,56 € / Litro)",
Hagerty Limpa Pratas 200 ml,Hagerty,,"12,99 €","(64,95 € / Litro)",
"Flor de Lis Vinho de Lisboa Reserva Tinto garrafa 1,5 L",Flor de Lis,,"6,49 €","(4,33 € / Litro)",
Ambi Pur Air Ambientador Aerossol Ar Fresco embalagem 300 ml,Ambi Pur Air,,"3,99 €","(9,97 € / Litro)","3,99 €"
Tampax Compak Tampões Lites Ligeiro embalagem 24 unidades,Tampax Compak,,"3,99 €","(0,17 € / Unidade)",
Prato Pronto Canja de Galinha embalagem 400 ml,Prato Pronto,,"1,99 €","(4,98 € / Litro)",
Tipiak Boulgour embalagem 500 g,Tipiak,,"3,24 €","(6,48 € / Kg)",
Casa Santos Lima Vinho Tinto da Estremadura Pinot Noir garrafa 75 cl,Casa Santos Lima,,"7,85 €","(10,47 € / Litro)",
Margão Mistura de Tomate e Ervas do Mediterrâneo com Moinho frasco 38 g,Margão,,"4,49 €","(118,16 € / Kg)",
Delirium Cerveja da Bélgica Nocturnum garrafa 75 cl,Delirium,,"11,99 €","(15,99 € / Litro)",
Salutis Água Natural 100% garrafão 5 L,Salutis,,"1,69 €","(0,28 € / Litro)",
Maybelline Máscara de Volume Sky High embalagem 1 unidade,Maybelline,,"12,99 €","(12,99 € / Unidade)",
Olá Gelado Corneto Tips Pack 5 unidades embalagem 16 g,Olá,,"4,99 €","(62,38 € / Kg)",
Monsaraz Vinho Tinto do Alentejo garrafa 75 cl,Monsaraz,,"3,99 €","(5,32 € / Litro)",
Victorio & Lucchino Colónia Masculina Nº 4 Evasão Exótica embalagem 150 ml,Victorio & Lucchino,,"11,49 €","(76,60 € / Litro)",
El Corte Inglés Selection Batatas Inteiras Extra frasco 450 g,El Corte Inglés Selection,,"2,25 €",(5 € / Kg),
Palmolive Naturals SABONETE DELICATE CARE COM LEITE DE AMENDOAS embalagem 90 g,Palmolive Naturals,,"4,49 €","(12,47 € / Kg)",
Manhãzitos Bolos com Pepitas de Chocolate de Leite 8 Unidades embalagem 280 g,Manhãzitos,,"2,79 €","(9,96 € / Kg)",
Cogumelos Portobello embalagem 250 g,,,"2,39 €","(9,56 € / Kg)",
El Cantero de Letur Iogurte de Cabra Natural Biológico embalagem 420 g,El Cantero de Letur,,"3,29 €","(7,83 € / Kg)",
Bicafé Chocolate embalagem 16 cápsulas,Bicafé,,"3,49 €","(0,22 € / Unidade)",
Primor Manteiga sem Sal embalagem 250 g,Primor,,"2,29 €","(9,16 € / Kg)",
Tostagrill Tostas de Trigo Integral 40 Unidades embalagem 300 g,Tostagrill,,"2,49 €","(8,30 € / Kg)",
Cimarrom Granulado de Chocolate para Cobertura de Bolos embalagem 150 g,Cimarrom,,"2,25 €",(15 € / Kg),
Elvive Rapid Reviver Elvive Amaciador Intensivo Óleo Extraordinário Cabelo Seco embalagem 180 ml,Elvive Rapid Reviver,,"5,99 €","(33,28 € / Litro)",
Burmester Vinho do Porto Reserva Jockey Club garrafa 75 cl,Burmester,,"12,99 €","(17,32 € / Litro)",
Toblerone Chocolate Pack 3 x 100 g embalagem 300 g,Toblerone,,"5,45 €","(18,17 € / Kg)",
El Corte Inglés Bio Creme de Legumes sem Glúten Biológico frasco 485 g,El Corte Inglés Bio,,"3,45 €","(7,11 € / Kg)",
Splendor Creme para Calçado Autobrilhante Incolor 40 ml,Splendor,,"2,59 €","(64,75 € / Litro)",
Casal Sta. Maria Vinho Tinto de Lisboa Bruma garrafa 75 cl,Casal Sta. Maria,,"9,49 €","(12,65 € / Litro)",
Nicola Café Alumínio Encorpado embalagem 10 unidades,Nicola,,"3,79 €","(0,38 € / Unidade)",
Old Spice After Shave Original embalagem 100 ml,Old Spice,,"9,99 €","(99,90 € / Litro)",
Santa Teresa Molho Béchamel embalagem 500 ml,Santa Teresa,,"4,09 €","(8,18 € / Litro)",
Santa Maria Mel de Rosmaninho Anti Gotas Biológico embalagem 370 g,Santa Maria,,"10,35 €","(27,97 € / Kg)",
Beyra Vinho Branco da Beira Interior Moscatel Galego garrafa 75 cl,Beyra,,"9,49 €","(12,65 € / Litro)",
Riberalves Bacalhau com Natas embalagem 300 g,Riberalves,,"4,49 €","(14,97 € / Kg)",
Sorini Bombons de Chocolate de Leite Gold Bag embalagem 150 g,Sorini,,"9,99 €","(66,60 € / Kg)",
Espiga Alho Moído frasco 55 g,Espiga,,"1,80 €","(32,73 € / Kg)",
Yoçor Iogurte Líquido Magro de Frutos Vermelhos Pack 4 embalagem 170 ml,Yoçor,,"2,59 €","(3,81 € / Litro)",
Nestlé Barras Fitness Mel e Amendoas embalagem 141 g,Nestlé,,"3,59 €","(25,46 € / Kg)",
El Corte Inglés Mirtilo Desidratado embalagem 195 g,El Corte Inglés,,"2,49 €","(12,77 € / Kg)",
Flora Creme Vegetal para Barrar embalagem 400 g,Flora,,"3,49 €","(8,72 € / Kg)",
Diplomata Crackers Ondina Sésamo embalagem 125 g,Diplomata,,"2,99 €","(23,92 € / Kg)",
Condi Gelatina de Tutti Frutti embalagem 170 g,Condi,,"1,75 €","(10,29 € / Kg)",
Ambi Pur Car Ambientador Elimina Odores Aqua Frescura Natural Recarga 7 ml,Ambi Pur Car,,"4,99 €","(712,86 € / Litro)",
Sunquick Concentrado de Ananás garrafa 58 cl,Sunquick,,"3,83 €","(0,91 € / Litro)",
Santa Maria Mel de Castanheiro Biológico frasco 250 g,Santa Maria,,"7,85 €","(31,40 € / Kg)",
Interdoces Gomas Dentaduras embalagem 90 g,Interdoces,,"1,19 €","(13,22 € / Kg)",
Heinz Top Down Molho 3 Pimentas embalagem 220 ml,Heinz Top Down,,"2,39 €","(10,86 € / Litro)",
After Eight Chocolate Preto com Recheio de Menta embalagem 400 g,After Eight,,"7,25 €","(18,12 € / Kg)",
Arnaud Paté Terrina Campestre frasco 180 g,Arnaud,,"2,29 €","(12,72 € / Kg)",
Cem Porcento Flocos Finos de Aveia Integrais embalagem 1 kg,Cem Porcento,,"1,79 €","(1,79 € / Kg)",
Monte da Cal Vinho Tinto Regional Alentejano garrafa 75 cl,Monte da Cal,,"5,99 €","(7,99 € / Litro)",
El Corte Inglés Selection Mel de Flores com Própolis frasco 250 g,El Corte Inglés Selection,,"3,85 €","(15,40 € / Kg)",
Próvida Farinha de Coco Biológica embalagem 250 g,Próvida,,"4,29 €","(17,16 € / Kg)",
Garnier Sérum Antimanchas Vitamina C embalagem 30 ml,Garnier,,"13,99 €","(466,33 € / Litro)",
Cem Porcento Nutríssimas Bolachas de Aveia Integral e Canela embalagem 50 g,Cem Porcento Nutríssimas,,"0,85 €",(17 € / Kg),
Tresemmé Champô Purifica e Hidrata para Cabelo Oleoso embalagem 400 ml,Tresemmé,,"4,19 €","(10,48 € / Litro)",
Sharwood's Pasta de Caril Suave frasco 295 g,Sharwood's,,"4,69 €","(15,90 € / Kg)",
Desafinado Vinho Tinto do Douro garrafa 75 cl,Desafinado,,"6,99 €","(9,32 € / Litro)",
Delta Q Café Aqtivus Intensidade 8 embalagem 10 cápsulas,Delta Q,,"3,99 €","(0,40 € / Unidade)",
Schweppes Água Tónica Pink garrafa 1 L,Schweppes,,"1,95 €","(1,95 € / Litro)",
Garcia Baquero Fatiado Vegan sem Lactose sem Glúten embalagem 150 g,Garcia Baquero,,"3,49 €","(23,27 € / Kg)",
Muros de Melgaço Vinho Verde Alvarinho Branco garrafa 75 cl,Muros de Melgaço,,"15,95 €","(21,27 € / Litro)",
Sanabria Queijo de Cabra Grande Madurado sem Glúten,Sanabria,,"20,98 €/kg",,
Fanta Refrigerante WTF 1 lata 33 cl,Fanta,,"0,69 €","(2,09 € / Litro)",
Pitéu Ventresca de Atum em Azeite lata 115 g,Pitéu,,"4,49 €","(39,04 € / Kg)",
Mil Folhas de Ovo com Chocolate,,,"0,95 €","(0,95 € / Unidade)",
Gelpeixe Bife de Atum embalagem 400 g,Gelpeixe,,"8,69 €","(21,72 € / Kg)",
Celeiro Terra Compota de Tomate frasco 250 g,Celeiro Terra,,"3,99 €","(15,96 € / Kg)",
Ehrmann Pudim de Avelã Rico em Proteína embalagem 200 g,Ehrmann,,"2,05 €","(10,25 € / Kg)",
Scylla Vinho Tinto do Douro garrafa 75 cl,Scylla,,"27,90 €","(37,20 € / Litro)",
Ramirez Filetes de Sardinha em Óleo Vegetal lata 100 g,Ramirez,,"1,69 €","(16,90 € / Kg)",
Glade Vela Ambientador Merry Berry & Wine embalagem 129 g,Glade,,"5,99 €","(46,43 € / Kg)",
English Tea Shop Chá The Greatest Sips Biológico embalagem 20 unidades,English Tea Shop,,"4,99 €","(0,25 € / Unidade)",
Quattro Colli Queijo Pecorino Romano,Quattro Colli,,"34,69 €/kg",,
Peccato Gelado de Chocolate embalagem 500 ml,Peccato,,"5,99 €","(11,98 € / Litro)",
Dove Toalhitas Baby Biodegradáveis embalagem 313 g,Dove,,"4,49 €","(14,35 € / Kg)",
Sprite Refrigerante com Gás Pack 6 lata 33 cl,Sprite,,"4,14 €","(2,09 € / Litro)",
Fructis Força & Brilho Condicionador Suaviza com Essência de Toranja para Cabelos Normais embalagem 300 ml,Fructis Força & Brilho,,"5,89 €","(19,63 € / Litro)",
Quintinha D'Aldeia Chouriço Mouro unidade 200 g,Quintinha D'Aldeia,,"2,09 €","(10,45 € / Kg)",
Açor Cebola Curtida frasco 400 g,Açor,,"4,75 €","(11,88 € / Kg)",
Sazon Tempero Pronto para Carne embalagem 60 g,Sazon,,"1,95 €","(32,50 € / Kg)",
João Portugal Ramos Vinho Verde Alvarinho Branco garrafa 75 cl,João Portugal Ramos,,"9,99 €","(13,32 € / Litro)",
Ultra Suave Champô para Cabelos Muito Estragados com Óleo de Rícino e Seiva de Ácer embalagem 400 ml,Ultra Suave,,"5,59 €","(13,98 € / Litro)",
Fita Preta Vinho Branco do Alentejo garrafa 75 cl,Fita Preta,,"11,95 €","(15,93 € / Litro)",
Limiano Queijo Amanteigado de Vaca e Ovelha Meio Gordo sem Casca unidade 450 g,Limiano,,"6,19 €","(13,76 € / Kg)",
El Corte Inglés Bio Trigo Espelta Tufado Biológico embalagem 125 g,El Corte Inglés Bio,,"2,65 €","(21,20 € / Kg)",
Herdade da Maia Queijo de Ovelha Curado unidade 110 g,Herdade da Maia,,"2,79 €","(25,36 € / Kg)",
Condi Chocolate Tooping embalagem 300 g,Condi,,"2,99 €","(9,97 € / Kg)",
Montiqueijo Queijo Fresco de Vaca,Montiqueijo,,"10,29 €/kg",,
Ultra Suave Amaciador sem Enxaguar Tesouro de Mel embalagem 200 ml,Ultra Suave,,"5,99 €","(29,95 € / Litro)",
Natura Sincera Mozzarella Light -40% Gordura embalagem 125 g,Natura Sincera,,"1,85 €","(14,80 € / Kg)",
Banzé Insecticida em Gel para Baratas embalagem 5 g,Banzé,,"5,99 €",(1.198 € / Kg),
Portada Vinho Tinto de Lisboa Reserva garrafa 75 cl,Portada,,"4,25 €","(5,67 € / Litro)",
El Corte Inglés Selection Sardinhas com Tomate 3-5 Unidades lata 87 g,El Corte Inglés Selection,,"1,15 €","(13,22 € / Kg)",
Koala Gelatina Vegetal de Ananás embalagem 130 g,Koala,,"0,99 €","(7,62 € / Kg)",
0186 Vinho Tinto Do Douro garrafa 75 cl,0186,,"4,99 €","(6,65 € / Litro)",
Paño Nature Avelãs Torradas Biológicas embalagem 90 g,Paño Nature,,"3,99 €","(44,33 € / Kg)",
Ritter Sport Chocolate com Recheio de Menta embalagem 100 g,Ritter Sport,,"2,29 €","(22,90 € / Kg)",
El Corte Inglés Esfregona Suave Absorvente Recarga embalagem 1 unidade,El Corte Inglés,,"1,05 €","(1,05 € / Unidade)",
La Lechera Leite Condensado Desnatado embalagem 450 g,La Lechera,,"2,99 €","(6,64 € / Kg)",
Koala Gelatina de Lima-Limão Origem Vegetal embalagem 130 g,Koala,,"0,99 €","(7,62 € / Kg)",
Gildo Rachelli Tiramisu Pack 2 embalagem 80 g,Gildo Rachelli,,"2,79 €","(17,44 € / Kg)",
King C. Gillette Gel de Limpeza + Bálsamo e Pente embalagem 1 unidade,King C. Gillette,,"28,99 €","(14,49 € / Unidade)","28,99 €"
Ausonia Discreet Pensos Higiénicos 5 Maxi embalagem 16 unidades,Ausonia Discreet,,"7,99 €","(0,50 € / Unidade)",
Simply Sumo Fruit de Laranja garrafa 33 cl,Simply,,"1,29 €","(3,91 € / Litro)",
Nau do Cacau Chocolate Cru Amêndoas embalagem 70 g,Nau do Cacau,,"4,35 €","(62,14 € / Kg)",
Call Valls Tomate Inteiro Pelado Biológico embalagem 420 g,Call Valls,,"2,45 €","(5,83 € / Kg)",
Duracell Optimum Pilhas AAA 100% Extra Power embalagem 8 unidades,Duracell Optimum,,"12,99 €","(1,62 € / Unidade)",
Royal Topping de Chocolate Milka embalagem 300 g,Royal,,"3,69 €","(12,30 € / Kg)",
Nivea Men Power Champô Anti Caspa Combate a Caspa & Fortalece embalagem 250 ml,Nivea Men Power,,"4,39 €","(17,56 € / Litro)",
Call Valls Tomate Triturado Biológico embalagem 670 g,Call Valls,,"2,55 €","(3,81 € / Kg)",
Rolo de Carne Recheado com Espinafres e Arroz Açafronado 1 unidade,,,"9,50 €",,
Meia Encosta Vinho Branco do Dão garrafa 75 cl,Meia Encosta,,"3,75 €",(5 € / Litro),
Vitacress Salada Ibérica embalagem 100 g,Vitacress,,"1,99 €","(19,90 € / Kg)",
Sabores com Tradição Telhas de Amêndoa embalagem 138 g,Sabores com Tradição,,"3,95 €","(28,62 € / Kg)",
El Corte Inglés Arroz Integral embalagem 1 kg,El Corte Inglés,,"0,99 €","(0,99 € / Kg)",
Próvida Empada Seitan com Alga Kombu Biológica embalagem 100 g,Próvida,,"1,75 €","(17,50 € / Kg)",
Walkers Bolachas com Pedaços de Gengibre embalagem 150 g,Walkers,,"4,15 €","(27,67 € / Kg)",
Herbopuntia Barrita Saciante de Leite e Canela embalagem 1 unidade,Herbopuntia,,"2,65 €","(2,65 € / Unidade)",
Chimay Cerveja da Bélgica Red Rouge garrafa 33 cl,Chimay,,"2,59 €","(7,85 € / Litro)",
Vileda Sacos para Cubos de Gelo com Auto Fecho embalagem 10 unidades,Vileda,,"1,99 €","(0,20 € / Unidade)",
Eruptio Vinho Branco do Pico garrafa 75 cl,Eruptio,,"19,90 €","(26,53 € / Litro)",
Dove Invisible Dry Desodorizante Anti-Manchas Roll-On embalagem 50 ml,Dove Invisible Dry,,"2,79 €","(55,80 € / Litro)",
Al-Andalus Rebuçados de Mel e Limão embalagem 175 g,Al-Andalus,,"2,75 €","(15,71 € / Kg)",
"Meia Encosta Vinho do Dão Magnum Tinto garrafa 1,5 L",Meia Encosta,,"15,79 €","(10,53 € / Litro)",
Camélia Chá Morimoto Secha Quente e Frio Biológico embalagem 100 g,Camélia,,"15,89 €","(158,90 € / Kg)",
Delta Café Moído Torrado Lote Chávena Moagem Universal Pack 2 embalagem 250 g,Delta,,"3,99 €","(7,98 € / Kg)",
Biologic Almôndegas de Bovino Biológicas embalagem 380 g,Biologic,,"6,35 €","(16,71 € / Kg)",
Maldonado Chouriço 100% Ibérico Bolota em Fatias Pack 2x50 g embalagem 100 g,Maldonado,,"12,98 €","(129,80 € / Kg)",
Van Rooy Formas para Rechear Pack 4 embalagem 100 g,Van Rooy,,"2,09 €","(20,90 € / Kg)",
Palmer's Loção de Massagem para Estrias embalagem 250 ml,Palmer's,,"13,05 €","(52,20 € / Litro)",
Codyfer Protector de Gel para Calcanhar embalagem 1 par,Codyfer,,"5,39 €","(5,39 € / Unidade)",
Vinha de Santa Maria Vinho Branco do Dão Granítico garrafa 75 cl,Vinha de Santa Maria,,"11,49 €","(15,32 € / Litro)",
Absolut Vodka Blue garrafa 70 cl,Absolut,,"18,99 €","(27,13 € / Litro)",
Knorr Momentos Gourmet Creme Gourmet de Cogumelos Selvagens 2 porções embalagem 61 g,Knorr Momentos Gourmet,,"1,79 €","(29,34 € / Kg)",
Tom de Baton Vinho Tinto do Douro garrafa 75 cl,Tom de Baton,,"6,99 €","(9,32 € / Litro)",
Narta Men Desodorizante Icemax Roll-On embalagem 50 ml,Narta Men,,"3,79 €","(75,80 € / Litro)",
Búfalo Creme para Calçado Autobrilhante Castanho embalagem 1 unidade,Búfalo,,"3,45 €","(3,45 € / Unidade)",
Loacker Quadratini Bolachas Wafer de Chocolate embalagem 250 g,Loacker Quadratini,,"3,29 €","(13,16 € / Kg)",
Dodot Activity Fraldas 9 a 15 Kg Tamanho 4 Extra Suave embalagem 45 unidades,Dodot Activity,,"24,99 €","(0,28 € / Unidade)","24,99 €"
Vieira de Sousa Vinho do Porto Vintage 2016 garrafa 75 cl,Vieira de Sousa,,"44,50 €","(59,33 € / Litro)",
Desiam Folhas de Lima Kaffir embalagem 3 g,Desiam,,"2,15 €","(716,67 € / Kg)",
Próvida Mistura de Frutos Secos para Saladas Biológicos embalagem 170 g,Próvida,,"5,19 €","(30,53 € / Kg)",
Biona Leite de Coco Light Biológico embalagem 400 ml,Biona,,"2,99 €","(7,48 € / Litro)",
Cantinho das Aromáticas Infusão de Erva-Príncipe Reserva Biológica lata 40 g,Cantinho das Aromáticas,,"7,30 €","(182,50 € / Kg)",
Gazela Vinho Verde Rosé garrafa 75 cl,Gazela,,"3,79 €","(5,05 € / Litro)",
Cem Porcento Bolacha Maria Integral embalagem 140 g,Cem Porcento,,"2,49 €","(17,79 € / Kg)",
Ferrarini Queijo Ralado Parmigiano Reggiano embalagem 60 g,Ferrarini,,"1,79 €","(29,83 € / Kg)",
Legado Mortadela Ibérica kg,Legado,,"8,29 €/kg",,
Quinta de São Sebastião Vinho Tinto Regional de Lisboa Reserva garrafa 75 cl,Quinta de São Sebastião,,16 €,"(21,33 € / Litro)",
Chupa Chups Surprise embalagem 1 unidade,Chupa Chups,,"2,25 €","(173,08 € / Kg)",
Twix Chocolate embalagem 75 g,Twix,,"1,65 €","(16,53 € / Kg)","1,65 €"
Heinz Maionese Deliciosa frasco 480 ml,Heinz,,"3,75 €","(4,98 € / Litro)","3,75 €"
Pure Piraña Água com Gás + Álcool com Sabor a Lima Limão lata 33 cl,Pure Piraña,,"1,35 €","(0,32 € / Litro)",
Pescanova Miolo de Camarão Cru 15/30 Unidades embalagem 250 g,Pescanova,,"9,99 €","(29,16 € / Kg)","9,99 €"
Castello D'Alba Vinho Branco do Douro Superior 2020 garrafa 75 cl,Castello D'Alba,,"14,90 €","(19,87 € / Litro)",
Eurochocolate Bombons Vermelhos com Recheio de Avelãs embalagem 1 kg,Eurochocolate,,"12,95 €","(12,95 € / Kg)",
Iswari Baobab em Pó Biológico embalagem 125 g,Iswari,,"7,69 €","(61,52 € / Kg)",
Icecare Gelado Artesanal Maracujá embalagem 500 ml,Icecare,,"6,95 €","(13,90 € / Litro)",
Paño Nature Pistachos Torrados e Salgados Biológicos embalagem 90 g,Paño Nature,,"4,69 €","(52,11 € / Kg)",
"Blédina Papa de Manga, Banana e Frutos do Bosque com Aveia +8 Meses sem Açúcar embalagem 200 g",Blédina,,"3,08 €","(15,40 € / Kg)",
Adega Cooperativa de Barcelos Vinho Verde Branco garrafa 75 cl,Adega Cooperativa de Barcelos,,"2,75 €","(3,67 € / Litro)",
Guilherme Queijo de Ovelha Amanteigado Merendeira unidade 170 g,Guilherme,,"4,99 €","(29,35 € / Kg)",
Président Chantilly embalagem 250 ml,Président,,"2,89 €","(11,56 € / Litro)",
Secos da Aldeia Castanha Maranhão embalagem 100 g,Secos da Aldeia,,"3,59 €","(35,90 € / Kg)",
Vieira Bolachas Maria sem Açúcar Pack 12 embalagem 276 g,Vieira,,"3,55 €","(12,86 € / Kg)",
Kuchen Meister Base de Tarte Tripla Clara embalagem 400 g,Kuchen Meister,,"3,29 €","(8,22 € / Kg)",
Moltex Pure & Nature Toalhitas Húmidas Infantis embalagem 60 unidades,Moltex Pure & Nature,,"2,19 €","(0,04 € / Unidade)",
Diadermine Lift + Botology Creme de Noite Anti-Idade embalagem 50 ml,Diadermine Lift + Botology,,"23,99 €","(479,80 € / Litro)",
El Corte Inglés Atum em Azeite lata 73 g,El Corte Inglés,,"3,75 €","(51,37 € / Kg)",
Gillette Fusion 5 Espuma de Barbear Ultra Sensível embalagem 250 ml,Gillette Fusion 5,,"3,99 €","(15,96 € / Litro)",
OGX Champô Anti-Quebra Óleo de Keratina embalagem 385 ml,OGX,,"7,99 €","(221,94 € / Litro)",
El Corte Inglés Ovos Camponês Classe M embalagem 12 unidades,El Corte Inglés,,"3,05 €","(3,05 € / Dúzia)",
Harpic Active Fresh Líquido Abrasivo Sanitário Pinho da Montanha embalagem 750 ml,Harpic Active Fresh,,"1,94 €","(2,59 € / Litro)",
"Santal Active Drink Refrigerante sem Gás Pack 5 com Oferta de Mala Térmica garrafa 1,5 L",Santal Active Drink,,"10,45 €","(1,39 € / Litro)",
Chivas Regal Whisky 12 Anos garrafa 70 cl,Chivas Regal,,"32,99 €","(47,13 € / Litro)",
Cem Porcento Aveia Proteica Instantânea embalagem 500 g,Cem Porcento,,"2,89 €","(5,78 € / Kg)",
Babaria Creme para o Corpo Aloe embalagem 400 ml,Babaria,,"4,59 €","(8,60 € / Litro)","4,59 €"
Senhor Doutor Vinho Branco do Alentejo Field Blend garrafa 75 cl,Senhor Doutor,,"11,49 €","(15,32 € / Litro)",
Cantinho das Aromáticas Infusão de Limão Reserva Biológica lata 15 g,Cantinho das Aromáticas,,"7,30 €","(486,67 € / Kg)",
Santa Maria Mel de Urze Biológico frasco 500 g,Santa Maria,,"10,35 €","(20,70 € / Kg)",
Murganheira Espumante Reserva pack 2UM. pack 2 75 cl,Murganheira,,"23,58 €","(5,61 € / Litro)",
Maybelline Corretor SS30H 20 embalagem 1 unidade,Maybelline,,"9,99 €","(9,99 € / Unidade)",
Palmer's Loção para o Corpo Hidratante embalagem 250 ml,Palmer's,,"9,85 €","(39,40 € / Litro)",
Le Pain des Fleurs Tostas Serraceano Biológicas embalagem 150 g,Le Pain des Fleurs,,"3,79 €","(25,27 € / Kg)",
Huggies Pull-Ups Explorers Fraldas para Menino 1-3 Anos 12-17 kg embalagem 34 unidades,Huggies Pull-Ups Explorers,,"11,99 €","(0,35 € / Unidade)",
El Corte Inglés Selection Queijo de Cabra Pré-Cortado unidade 250 g,El Corte Inglés Selection,,"5,45 €","(21,80 € / Kg)",
"Periquita Vinho Tinto de Terras do Sado garrafa 1,5 L",Periquita,,"9,98 €","(6,65 € / Litro)",
Mingorra Vinho Tinto do Alentejo garrafa 75 cl,Mingorra,,"6,25 €","(8,33 € / Litro)",
Sovina Cerveja Artesanal Trigo garrafa 33 cl,Sovina,,"2,69 €","(8,15 € / Litro)",
El Corte Inglés Gelado de Chocolate com Pedaços de Chocolate Belga embalagem 500 ml,El Corte Inglés,,"3,19 €","(6,38 € / Litro)",
"Alandra Vinho Branco de Mesa garrafa 37,5 cl",Alandra,,"1,85 €","(4,93 € / Litro)",
Moo Free Ovo Original unidade 95 g,Moo Free,,"7,49 €","(78,84 € / Kg)",
Asana Manteiga dos Alpes Biológica embalagem 100 g,Asana,,"1,59 €","(13,50 € / Kg)","1,59 €"
Cadão Vinho Branco do Douro Reserva garrafa 75 cl,Cadão,,"6,25 €","(8,33 € / Litro)",
Oreo Golden Bolachas Recheadas com Creme embalagem 154 g,Oreo Golden,,"1,49 €","(9,68 € / Kg)",
Susana Esteban Vinho Branco Tira o Véu garrafa 75 cl,Susana Esteban,,"31,50 €",(42 € / Litro),
Pão de Milho unidade 500 g,,,"1,39 €","(2,58 € / Kg)","1,39 €"
Vit Hit Sumo Detox Mandarin+Orange Green Tea+Vitamins garrafa 50 cl,Vit Hit,,"2,24 €","(4,48 € / Litro)",
S.D' Fruta Sumo Fresco de Maçã embalagem 1 L,S.D' Fruta,,"3,45 €","(3,45 € / Litro)",
Nestlé Nido Leite em Pó Gordo embalagem 700 g,Nestlé Nido,,"10,35 €","(14,79 € / Kg)",
Lien Ying Molho Hoisin frasco 200 ml,Lien Ying,,"4,25 €","(21,25 € / Litro)",
D'Angelo Tortellini de Vegetais Vegan Biológico embalagem 250 g,D'Angelo,,"4,59 €","(18,36 € / Kg)",
El Corte Inglés Selection Mortadela Bologna IGP em Fatias embalagem 120 g,El Corte Inglés Selection,,"2,95 €","(24,58 € / Kg)",
Capdevila Bloco Foie Gras de Pato Mi-Cuit embalagem 40 g,Capdevila,,"4,19 €","(104,75 € / Kg)",
Estrella Galicia 1906 Cerveja de Espanha Irish Red Ale garrafa 33 cl,Estrella Galicia 1906,,"1,29 €","(3,91 € / Litro)",
Margão Bio Pimenta Cayenne Biológica frasco 32 g,Margão Bio,,"2,39 €","(74,69 € / Kg)",
L' Arbre Vert Limpa-Vidros Ecológico embalagem 740 ml,L' Arbre Vert,,"3,99 €","(5,39 € / Litro)",
Pato Discos Ativos Eucalipto recarga 36 ml,Pato,,"6,79 €","(188,61 € / Litro)",
Té O Frutos Vermelhos Desidratados Biológicos embalagem 25 g,Té O,,"5,45 €",(218 € / Kg),
El Corte Inglés Bio Grão de Bico Extra Biológico frasco 660 g,El Corte Inglés Bio,,3 €,"(4,55 € / Kg)",
Andros Compota de Fruta Fresca Macã e Pera sem Açúcar Adicionado Pack 4 embalagem 100 g,Andros,,"2,99 €","(7,48 € / Kg)",
Diadermine Creme de Peeling Facial com Chá Matcha em Stick embalagem 40 g,Diadermine,,"5,59 €","(139,75 € / Kg)",
Flor Toalhitas Suavizante Acondicionador para Secadoras embalagem 40 unidades,Flor,,"8,15 €","(0,20 € / Unidade)",
Porminho Chouriço Curado embalagem 190 g,Porminho,,"3,09 €","(16,26 € / Kg)",
Gurmesa Tira de Costela Marinada ao peso 1 kg,Gurmesa,,"9,99 €/kg",,
Fabridoce Risonhas com Sésamo e Girassol embalagem 120 g,Fabridoce,,"2,29 €","(19,08 € / Kg)",
Saldomar Sal Cristal Iodado 1 kg,Saldomar,,"0,55 €","(0,55 € / Kg)",
Bolachas Wafers de Morango embalagem 140 g,,,"1,59 €","(11,36 € / Kg)",
Canderel Adoçante Aspartame frasco 40 g,Canderel,,"3,19 €","(79,75 € / Kg)",
Delta Cafe Moído Torrado Lote Angola Moagem Universal embalagem 220 g,Delta,,"2,55 €","(11,59 € / Kg)",
Quintal dos Açores Vinha D'Alhos frasco 200 g,Quintal dos Açores,,"2,35 €","(11,75 € / Kg)",
Kumala Vinho Branco da África do Sul Chenin garrafa 75 cl,Kumala,,"7,99 €","(10,65 € / Litro)",
Donuts Gelado embalagem 500 ml,Donuts,,"6,49 €","(14,26 € / Litro)","6,49 €"
Clearspring Puré de Fruta Maçã e Alperce Pack 2 embalagem 100 g,Clearspring,,"2,19 €","(10,95 € / Kg)",
Paiva Queijo Curado Light Metade unidade 550 g,Paiva,,"8,49 €","(15,44 € / Kg)",
Filoco Vinho Tinto do Douro garrafa 75 cl,Filoco,,"6,49 €","(8,65 € / Litro)",
Aloma Pão de Deus unidade,Aloma,,"0,90 €","(0,90 € / Unidade)",
La Ermita Cantabria Iogurte Natural sem Glúten frasco 185 g,La Ermita Cantabria,,"1,85 €",(10 € / Kg),
"Lima & Quental Laranjada embalagem 1,5 L",Lima & Quental,,"1,95 €","(1,30 € / Litro)",
Air Wick Botanica Ambientador Eléctrico Rosas & Gerânio Africano Recarga embalagem 19 ml,Air Wick Botanica,,"6,99 €","(367,89 € / Litro)",
Codyfer Escova de Sapatos de Camurça 1 unidade,Codyfer,,"6,99 €","(6,99 € / Unidade)",
Espiga Pimenta Branca Moída frasco 45 g,Espiga,,"2,19 €","(48,67 € / Kg)",
Esencias de Saphir Eau de Toilette Ámbar e Mugget embalagem 180 ml,Esencias de Saphir,,"10,95 €","(60,83 € / Litro)",
"Nestlé Fitness Granola Cereais Integrais 51% Aveia com Quinoa, Amêndoas e Chocolate embalagem 300 g",Nestlé Fitness,,"3,99 €","(13,30 € / Kg)",
Quinta de Cidrô Vinho Branco do Douro Sauvignon Blanc garrafa 75 cl,Quinta de Cidrô,,"15,99 €","(21,32 € / Litro)",
Vasco da Gama Filetes de Cavala em Azeite lata 120 g,Vasco da Gama,,"2,65 €","(22,08 € / Kg)",
Oleander Avelãs Biológicas embalagem 200 g,Oleander,,"5,89 €","(29,45 € / Kg)",
El Corte Inglés Selection Cardo Cortado em Pedaços frasco 400 g,El Corte Inglés Selection,,"2,55 €","(6,38 € / Kg)",
Iswari Proteína de Arroz Integral Biológica embalagem 250 g,Iswari,,"8,99 €","(35,96 € / Kg)",
Koala Lichias em Calda lata 567 g,Koala,,"2,75 €","(4,85 € / Kg)",
Celeiro de Cistér Feijão Branco embalagem 500 g,Celeiro de Cistér,,"0,99 €","(1,98 € / Kg)",
Cem Porcento Areias sem Açúcar embalagem 200 g,Cem Porcento,,"2,49 €","(12,45 € / Kg)",
Carmencita Sal Light Salsana embalagem 110 g,Carmencita,,"2,45 €","(22,27 € / Kg)",
Descobre Vinho Branco do Douro garrafa 75 cl,Descobre,,"5,99 €","(7,99 € / Litro)",
Fritz Haag Vinho Branco da Alemanha Brauneberger Riesling Kabinett garrafa 75 cl,Fritz Haag,,"16,95 €","(22,60 € / Litro)",
Pronto Limpa Móveis Aloe Vera spray 500 ml,Pronto,,"5,99 €","(1,20 € / 10 ml.)",
Poppels Cerveja Americam Pale Ale garrafa 33 cl,Poppels,,"4,89 €","(14,82 € / Litro)",
El Corte Inglés Queijo Ralado Fundido em Pó embalagem 100 g,El Corte Inglés,,"1,19 €","(11,90 € / Kg)",
Magnum Gelado White de Chocolate Branco embalagem 440 ml,Magnum,,"5,99 €","(13,61 € / Litro)",
Izidoro Hot Dog Salsichas de Aves 4 Unidades frasco 4 unidades,Izidoro Hot Dog,,"3,22 €","(0,80 € / Unidade)",
Codorniu Espumante Cava Noir Pinot Brut garrafa 75 cl,Codorniu,,"10,45 €","(13,93 € / Litro)",
Quanta Terra Vinho do Douro Grande Reserva Tinto Magnum garrafa 150 cl,Quanta Terra,,"55,90 €","(37,27 € / Litro)",
Jean Louis David Esponjas de Maquilhagem embalagem 1,Jean Louis David,,"3,27 €","(3,27 € / Unidade)",
Renova Black Label Guardanapos Xmas Ribbon embalagem 20 unidades,Renova Black Label,,"1,99 €","(0,09 € / Unidade)","1,99 €"
Espiga Pimenta Branca Grão frasco 45 g,Espiga,,"3,35 €","(74,44 € / Kg)",
Renova Maxi Absorption XXL Rolos de Cozinha 2 unidades,Renova Maxi Absorption XXL,,"1,79 €","(0,90 € / Unidade)",
"Luso Água Mineral Natural garrafão 5,4 L",Luso,,"1,35 €","(0,25 € / Litro)",
Condi Preparado para Bolo de Amêndoa embalagem 400 g,Condi,,"2,05 €","(5,12 € / Kg)",
Maçarico Pickles Mistura frasco 350 g,Maçarico,,"2,84 €","(8,11 € / Kg)",
Pontual Vinho Tinto do Alentejo Shiraz garrafa 75 cl,Pontual,,"8,45 €","(11,27 € / Litro)",
El Corte Inglés Selection Salada de Pimentos frasco 280 g,El Corte Inglés Selection,,"2,58 €","(9,21 € / Kg)",
El Corte Inglés Selection Mexilhões em Escabeche 8/12 Unidades lata 69 g,El Corte Inglés Selection,,"3,45 €",(50 € / Kg),
Cem Porcento Infusão Regulax Biológica embalagem 13 g,Cem Porcento,,"0,99 €","(76,15 € / Kg)",
Alavão Queijo de Vaca kg,Alavão,,"11,99 €/kg",,
Veckia Gel de Banho + Champô embalagem 100 ml,Veckia,,"0,95 €","(0,95 € / 10 ml.)",
Oliveira da Serra Azeite Virgem Extra Azeitona Verde garrafa 750 ml,Oliveira da Serra,,"6,19 €","(6,11 € / Litro)","6,19 €"
Corpos Danone Iogurte Líquido Magro de Morango e Framboesa Pack 4 embalagem 155 g,Corpos Danone,,"3,39 €","(5,47 € / Kg)",
El Corte Inglés Detergente para a Máquina da Roupa Sabão de Marselha em Pó embalagem 50 doses,El Corte Inglés,,"5,39 €","(0,11 € / Cacito)",
Byly Desodorizante Organic Fresh Activo Roll-On embalagem 50 ml,Byly,,"3,65 €","(7,30 € / 10 ml.)",
Fabridoce Trufas de Ovos Moles embalagem 120 g,Fabridoce,,"3,75 €","(31,25 € / Kg)",
Coslys Pasta dos dentes sabor Mentol embalagem 100 g,Coslys,,"3,50 €",(35 € / Kg),
Youwok Mistura de Legumes Chop Suey frasco 330 g,Youwok,,"2,89 €","(8,76 € / Kg)",
Fage Iogurte Grego Magro 0% Gordura embalagem 500 g,Fage,,"4,49 €","(8,98 € / Kg)",
Pertegaz Eau de Toilette Belle embalagem 130 ml,Pertegaz,,"10,95 €","(84,23 € / Litro)",
Frangus Migas de Couve e Broa embalagem 350 g,Frangus,,"3,69 €","(10,54 € / Kg)",
Gillette Labs Máquina de Barbear embalagem 1 unidade,Gillette Labs,,"18,74 €","(18,74 € / Unidade)",
Koala Gelatina Vegetal de Morango embalagem 130 g,Koala,,"0,99 €","(7,62 € / Kg)",
Dr.Organic Óleo para o Corpo Natural Biológico embalagem 10 ml,Dr.Organic,,"9,44 €",(944 € / Litro),
Corine de Farme Gel de Banho com Óleo de Amêndoas Doces embalagem 500 ml,Corine de Farme,,"5,19 €","(10,38 € / Litro)",
Starbucks Café Macchiato Caramelo para Dolce Gusto embalagem 12 cápsulas,Starbucks,,"5,49 €","(0,46 € / Unidade)",
Real Thai Molho de Peixe Tailandês frasco 200 ml,Real Thai,,"2,85 €","(14,25 € / Litro)",
Lacasa Bombons de Chocolate Negro com Passas embalagem 125 g,Lacasa,,"3,19 €","(25,52 € / Kg)",
Greco Queijo de Cabra Biológico embalagem 150 g,Greco,,"4,09 €","(27,27 € / Kg)",
Real Natura Champô Intensivo Pro-Cachos Definidos com Aloe Vera embalagem 500 ml,Real Natura,,"10,10 €","(20,20 € / Litro)",
El Corte Inglés Barrinhas de Frango Marinado embalagem 400 g,El Corte Inglés,,"3,99 €","(9,98 € / Kg)",
Dona Pimentinha Pimenta Picante frasco 370 g,Dona Pimentinha,,"2,50 €","(6,76 € / Kg)",
Président Queijo de Cabra Medalhões embalagem 200 g,Président,,"3,99 €","(19,95 € / Kg)",
Royal Gelatina Light de Limão embalagem 31 g,Royal,,"2,09 €","(67,42 € / Kg)",
Persil Sabão Azul e Branco Detergente para a Máquina da Roupa Líquido Poder Anti-Nódoas embalagem 48 doses,Persil Sabão Azul e Branco,,"14,99 €","(0,31 € / Dose)",
Alara Linhaça Moída com Superalimentos sem Glúten Biológica embalagem 500 g,Alara,,"14,99 €","(29,98 € / Kg)",
Gillette Simply Venus 3 Máquinas Descartáveis embalagem 4 unidades,Gillette Simply Venus 3,,"4,99 €","(1,25 € / Unidade)",
Miss Organic Infusão Laranjeira Biológica embalagem 10 unidades,Miss Organic,,"1,99 €","(0,20 € / Unidade)",
Ultra Suave Amaciador sem Enxaguar Abacate embalagem 200 ml,Ultra Suave,,"5,99 €","(29,95 € / Litro)",
Tang Concentrado em Pó de Laranja embalagem 30 g,Tang,,"0,79 €","(26,33 € / Kg)",
Evel Vinho Tinto do Douro garrafa 75 cl,Evel,,"5,69 €","(7,59 € / Litro)",
Durex Invisible Preservativos Invisible Extra Fino embalagem 12 unidades,Durex Invisible,,"12,99 €","(1,08 € / Unidade)",
Fresbeira Lombo Recheado à Pastor embalagem 500 g,Fresbeira,,"7,95 €","(15,90 € / Kg)",
Barilla Massa Fusilli Integral embalagem 500 g,Barilla,,"2,89 €","(5,78 € / Kg)",
Compal Clássico Néctar de Manga Magdalena Pack 3 embalagem 20 cl,Compal Clássico,,"1,69 €","(2,82 € / Litro)",
Fapil Pano Microfibras Multiusos 34 x 34 cm 1 unidade,Fapil,,"1,59 €","(1,59 € / Unidade)",
Arnaud Rillettes de Porco frasco 180 g,Arnaud,,"4,19 €","(23,28 € / Kg)",
São Miguel Queijo da Ilha Velho 18 Meses unidade 270 g,São Miguel,,"4,69 €","(17,37 € / Kg)",
McVitie's Digestive Bolachas embalagem 400 g,McVitie's Digestive,,"2,29 €","(5,72 € / Kg)",
Villa Caramelos de Frutas embalagem 200 g,Villa,,"1,69 €","(8,45 € / Kg)",
Beher Lombo 100% Ibérico Bolota Bio unidade 70 g,Beher,,"8,69 €","(124,14 € / Kg)",
Gelcampo Castanhas embalagem 400 g,Gelcampo,,"5,39 €","(13,48 € / Kg)",
Royal Linea Gelatina de Morango embalagem 31 g,Royal Linea,,"2,09 €","(67,42 € / Kg)",
Glamour Separador de Dedos dos Pés de Silicone embalagem 1 unidade,Glamour,,"3,09 €","(3,09 € / Unidade)",
Pur Natur Iogurte Natural Biológico embalagem 750 g,Pur Natur,,"3,99 €","(5,32 € / Kg)",
Monte da Vinha Queijo Amanteigado unidade 120 g,Monte da Vinha,,"3,49 €","(29,08 € / Kg)",
Nobre Fiambre da Pá Seleção em Fatias sem Glúten embalagem 220 g,Nobre,,"3,99 €","(18,14 € / Kg)",
Pantene Superalimento BB7 Condicionador 3 Minutos embalagem 200 ml,Pantene Superalimento BB7,,"5,99 €","(29,95 € / Litro)",
Oreo Bolachas Recheadas com Creme Birthday Party embalagem 154 g,Oreo,,"1,49 €","(9,68 € / Kg)",
Iglo Tranches de Salmão Selvagem do Pacífico 2 Unidades embalagem 250 g,Iglo,,"9,79 €","(33,96 € / Kg)","9,79 €"
English Tea Shop Chá Prisma Vermelho Colecção Natal Biológico embalagem 12 unidades,English Tea Shop,,"8,99 €","(0,75 € / Unidade)",
Cara a Cara Vinho Tinto do Douro Superior garrafa 75 cl,Cara a Cara,,"4,99 €","(6,65 € / Litro)",
Icecare Gelado Artesanal Manga embalagem 500 ml,Icecare,,"6,95 €","(13,90 € / Litro)",
Aguinamar Espetada de Camarão com Chilli e Limão embalagem 145 g,Aguinamar,,"4,99 €","(34,41 € / Kg)",
"La Gavilla Tostas com Cebola Caramelizada Especial para Fumados, Carne e Peixe embalagem 80 g",La Gavilla,,"2,99 €","(37,38 € / Kg)",
Vedett Cerveja da Bélgica Extra Ordinary IPA garrafa 33 cl,Vedett,,"3,25 €","(9,85 € / Litro)",
Moo Free Ovo Bunny Comb unidade 95 g,Moo Free,,"7,49 €","(78,84 € / Kg)",
Codyfer Palmilhas de Gel Recortáveis Tamanho 39-42 embalagem 1 par,Codyfer,,"13,55 €","(13,55 € / Unidade)",
Koala Óleo de Coco frasco 180 ml,Koala,,"3,45 €","(19,17 € / Litro)",
Neoblanc Lixívia Densa Verde 1 L,Neoblanc,,"2,04 €","(2,04 € / Litro)",
Mestemacher Pão Pita embalagem 400 g,Mestemacher,,"2,09 €","(5,22 € / Kg)",
Persil Detergente Liquido para Máquina de Roupa Universal embalagem 50 doses,Persil,,"19,99 €","(0,40 € / Dose)",
Skandia Gran Selección Salmão Fumado Vermelho do Alasca embalagem 80 g,Skandia Gran Selección,,"6,19 €","(77,38 € / Kg)",
Iglo Ervilhas Primavera embalagem 500 g,Iglo,,"2,59 €","(5,18 € / Kg)",
Jordans Country Crisp Cereais de Mel e Avelã embalagem 400 g,Jordans Country Crisp,,"3,89 €","(9,72 € / Kg)",
Nestlé Naturnes Fruta para Bebé Maçã e Banana sem Glúten Pack 4 embalagem 100 g,Nestlé Naturnes,,"3,29 €","(8,22 € / Kg)",
Air Wick Ambientador Eléctrico Smooth Satin & Moon Lily Recarga embalagem 250 ml,Air Wick,,"5,99 €","(23,96 € / Litro)",
Padaria da Arrifana Biscoitos de Limão embalagem 300 g,Padaria da Arrifana,,"2,29 €","(7,63 € / Kg)",
Walkers Bolacha Shortbread Santa'Sleigh lata 130 g,Walkers,,"9,95 €","(76,54 € / Kg)",
Paiva Queijo Fresco Light -60% Gordura Leve 4 Pague 3 embalagem 250 g,Paiva,,"2,09 €","(8,36 € / Kg)",
Saludães Arroz Thai Aromático embalagem 500 g,Saludães,,"1,69 €","(3,38 € / Kg)",
Renova Sensitive Lenços de Bolso Pack 18 + 6 Grátis 24 unidades,Renova Sensitive,,"2,98 €","(0,12 € / Unidade)",
Sagres Cerveja Branca Pack 12 lata 33 cl,Sagres,,"14,99 €","(3,79 € / Litro)",
Whitworths Açúcar Light Brown Soft 500 g,Whitworths,,"3,69 €","(7,38 € / Kg)",
Vaqueiro Margarina de Culinária embalagem 250 g,Vaqueiro,,"1,59 €","(6,36 € / Kg)",
Aguacana Cachaça de Cana 100% Natural garrafa 70 cl,Aguacana,,"10,99 €","(15,70 € / Litro)",
Gurmesa Chouriço Fresco peso aproximado por cuvete 1 kg,Gurmesa,,"8,75 €/kg",,
Maybelline Super Stay 30H Base Líquida Nº 31 Warm Nude embalagem 1 unidade,Maybelline Super Stay 30H,,"13,99 €","(13,99 € / Unidade)",
Creme Antimanchas embalagem 50 ml,,,"8,49 €","(169,80 € / Litro)",
Calvé Maionese Magra Top Down frasco 447 g,Calvé,,"3,49 €","(7,81 € / Kg)",
Dessange Escova de Cabelo para Todos os Tipos de Cabelo embalagem 1 unidade,Dessange,,"5,69 €","(5,69 € / Unidade)",
"Bledina Saqueta de Maçã, Morango, Banana e Cereja Fruta Pura sem Adição de Açúcares embalagem 85 g",Bledina,,"1,04 €","(12,24 € / Kg)",
Koala Rebentos de Feijão Mungo lata 410 g,Koala,,"1,99 €","(4,85 € / Kg)",
Oliveira da Serra Azeite para Fritar garrafa 750 ml,Oliveira da Serra,,"5,09 €","(6,79 € / Litro)",
Alpro Bebida de Aveia e Amêndoa embalagem 1 L,Alpro,,"2,39 €","(2,39 € / Litro)",
Nestlé Cerelac Seleção da Natureza Aveia e Centeio desde 6 Meses embalagem 240 g,Nestlé Cerelac Seleção da Natureza,,"3,49 €","(14,54 € / Kg)",
El Corte Inglés Selection Espargos Brancos de Navarra 6/8 Peças lata 250 g,El Corte Inglés Selection,,"6,75 €",(27 € / Kg),
Sunquick Concentrado de Laranja e Manga garrafa 70 cl,Sunquick,,"4,63 €","(1,10 € / Litro)",
Lindahls Iogurte Líquido Pro+ de Framboesa e Baunilha embalagem 330 g,Lindahls,,"2,57 €","(5,73 € / Kg)","2,57 €"
Jacquot Bombons Recheados com Creme embalagem 500 g,Jacquot,,"6,99 €","(13,98 € / Kg)",
Sensodyne Pasta dos Dentes Nourish Protecção Calmante embalagem 75 ml,Sensodyne,,"4,29 €","(57,20 € / Litro)",
Landana Queijo Gouda com Pesto Vermelho,Landana,,"25,99 €/kg",,
Natura Sincera Mozzarella sem Lactose embalagem 125 g,Natura Sincera,,"1,95 €","(15,60 € / Kg)",
Sonatural Sumo de Cenoura embalagem 750 ml,Sonatural,,"4,49 €","(5,99 € / Litro)",
Apartado 1 Vinho Branco da Bairrada Colheita Tardia garrafa 50 cl,Apartado 1,,"18,99 €","(37,98 € / Litro)",
El Pastor Queijo de Cabra Semicurado,El Pastor,,"20,39 €/kg",,
Flocos de Aveia Granel Biológicos,,,"2,49 €/kg",,
Próvida Aveia Integral Biológica embalagem 500 g,Próvida,,"2,49 €","(4,98 € / Kg)",
Not Guilty Bombons de Chocolate Preto com Creme de Caju 50% embalagem 80 g,Not Guilty,,"1,99 €","(24,88 € / Kg)",
Santa Teresa Sopa Creme de Bróculos embalagem 400 ml,Santa Teresa,,"3,49 €","(8,72 € / Litro)",
Compal Fresco Sumo Pêssego da Beira e Clementina do Algarve Fruta 100% Fresca embalagem 750 ml,Compal Fresco,,"3,45 €","(4,60 € / Litro)",
Lindor Fraldas para Adultos Anatómico Tamanho Único Maxi embalagem 20 unidades,Lindor,,"12,49 €","(0,47 € / Unidade)","12,49 €"
Axe Ice Chill Desodorizante Dry Spray embalagem 150 ml,Axe Ice Chill,,"5,99 €","(39,93 € / Litro)",
O.B. Tampões Normal embalagem 32 unidades,O.B.,,"4,89 €","(0,15 € / Unidade)",
Guinness Cerveja da Irlanda Draught Stout garrafa 33 cl,Guinness,,"1,79 €","(5,42 € / Litro)",
El Corte Inglés Ambientador Eléctrico Frutos Vermelhos Recarga embalagem 1 unidade,El Corte Inglés,,"2,35 €","(2,35 € / Unidade)",
Belarte Chocolate Preto sem Açúcar embalagem 42 g,Belarte,,"1,54 €","(36,67 € / Kg)",
Knorr Sopa de Cogumelos Receita Económica embalagem 62 g,Knorr,,"1,09 €","(17,58 € / Kg)",
Gullón Zero Bolachas Digestivas sem Açúcares embalagem 400 g,Gullón Zero,,"3,15 €","(7,88 € / Kg)",
OGX Condicionador Anti-Quebra Óleo de Keratina embalagem 385 ml,OGX,,"7,99 €","(221,94 € / Litro)",
Veckia Gel de Barbear para Pele Sensível embalagem 200 ml,Veckia,,"1,59 €","(0,80 € / 10 ml.)",
Contraste Vinho Branco do Douro garrafa 75 cl,Contraste,,"8,49 €","(11,32 € / Litro)",
Branca de Neve Bolo de Chocolate embalagem 450 g,Branca de Neve,,"2,99 €","(6,64 € / Kg)",
Garofalo Fusilli Tricolor embalagem 500 g,Garofalo,,"2,99 €","(5,98 € / Kg)",
"Gullón Vitalday Tortitas Vitalday Aveia, Quinoa e Linho sem Glúten Pack 4 embalagem 115,2 g",Gullón Vitalday,,"2,19 €","(19,04 € / Kg)",
Bicentury Tortitas de Chocolate Preto com 6 Sementes e Cereais Pack 4x2 embalagem 112 g,Bicentury,,"2,59 €","(23,12 € / Kg)",
Eveline Removedor de Verniz embalagem 190 ml,Eveline,,"8,19 €","(43,11 € / Litro)",
Sabita Pasta Mistura de Especiarias Chaat Masala frasco 25 g,Sabita,,"2,65 €",(106 € / Kg),
Pedras Salgadas Água com Gás Pack 6 garrafa 33 cl,Pedras Salgadas,,"2,79 €","(1,41 € / Litro)",
Victorio & Lucchino Colónia Feminina Nº 4 Peonia Imperial embalagem 150 ml,Victorio & Lucchino,,"11,49 €","(76,60 € / Litro)",
Don Julio Tequila Reposado garrafa 70 cl,Don Julio,,"59,99 €","(85,70 € / Litro)",
Sagrado Vinho Rosé do Douro garrafa 75 cl,Sagrado,,"7,99 €","(10,65 € / Litro)",
Air Wick Botanica Sticks Perfumados de Vetiver das Caraíbas e Madeira de Sândalo embalagem 80 ml,Air Wick Botanica,,"8,49 €","(106,12 € / Litro)",
Arvad Vinho Branco Regional do Algarve garrafa 75 cl,Arvad,,"7,90 €","(10,53 € / Litro)",
Sunny Delight Sumo Florida embalagem 200 ml,Sunny Delight,,"1,99 €","(2,49 € / Litro)",
Justino's Vinho da Madeira Doce 3 Anos garrafa 75 cl,Justino's,,"9,99 €","(13,32 € / Litro)",
Vieira Príncipe Bolachas Recheadas com Chocolate embalagem 145 g,Vieira Príncipe,,"1,09 €","(7,52 € / Kg)",
Tello Chouriço Sarta Doce embalagem 225 g,Tello,,"2,99 €","(13,29 € / Kg)",
Ta-Tung Arroz Três Delicias embalagem 350 g,Ta-Tung,,"3,65 €","(13,04 € / Kg)",
Dr.Organic Pasta de Dentes com Romã Biológico embalagem 100 ml,Dr.Organic,,"6,29 €","(62,90 € / Litro)",
Nicola Café Bocage Cremoso para Nespresso embalagem 30 cápsulas,Nicola,,"7,35 €","(0,24 € / Unidade)",
Milka Choc & Choc Bolachas Recheadas embalagem 175 g,Milka Choc & Choc,,"2,49 €","(14,23 € / Kg)",
Mexifoods Tortilhas de Trigo Wraps embalagem 370 g,Mexifoods,,"2,85 €","(7,70 € / Kg)",
Milaneza Macarrão Integral com Aveia embalagem 500 g,Milaneza,,"1,99 €","(3,98 € / Kg)",
Victorio & Lucchino Colónia Feminina Nº 3 Iris Luminoso embalagem 150 ml,Victorio & Lucchino,,"11,49 €","(76,60 € / Litro)",
Compal da Horta Ervilhas lata 420 g,Compal da Horta,,"0,99 €","(2,41 € / Kg)",
Reber Bombons Sortidos Mozart embalagem 120 g,Reber,,"8,75 €","(72,92 € / Kg)",
Lindt Excellence Chocolate Preto Tostado com Pepitas de Sésamo embalagem 100 g,Lindt Excellence,,"2,79 €","(27,90 € / Kg)",
Colgate Pasta de Dentes Gengivas Revitalizante Fortificante embalagem 75 ml,Colgate,,"4,49 €","(59,87 € / Litro)",
Milaneza Fettuccine embalagem 500 g,Milaneza,,2 €,(4 € / Kg),
Bimbo Pão Rústico Cereais embalagem 450 g,Bimbo,,"2,39 €","(5,31 € / Kg)",
Adega Ponte de Lima Vinho Branco Verde Solos de Xistos garrafa 75 cl,Adega Ponte de Lima,,"6,99 €","(9,32 € / Litro)",
Cuétara Cream Cracker Integrais embalagem 200 g,Cuétara Cream Cracker,,"1,29 €","(6,45 € / Kg)",
Rana Ravioli Gorgonzola e Nozes embalagem 250 g,Rana,,"3,99 €","(15,96 € / Kg)",
Iglo Green Cuisine Douradinhos Vegan 12 unidades embalagem 336 g,Iglo Green Cuisine,,"4,89 €","(14,55 € / Kg)",
Loacker Quadratini Napolitaner Bolachas Wafer de Avelã embalagem 250 g,Loacker Quadratini Napolitaner,,"3,29 €","(13,16 € / Kg)",
Koala Wraps Integrais embalagem 320 g,Koala,,"2,09 €","(6,53 € / Kg)",
Vahiné Vela Nº 6 embalagem 1 unidade,Vahiné,,"2,19 €","(2,19 € / Unidade)",
Campofrio Pizza & Salsa Pizza 4 Queijos embalagem 365 g,Campofrio Pizza & Salsa,,"2,79 €","(7,64 € / Kg)",
Capdevila Extreme Tostas com Passas Especial Foie Gras unidade 100 g,Capdevila Extreme,,"2,19 €","(21,90 € / Kg)",
Messias Espumantes da Bairrada Doc Pack 2 unidades embalagem 75 cl,Messias,,"32,90 €","(21,93 € / Litro)",
Quinta do Escudial Vinho Tinto do Dão 2013 garrafa 75 cl,Quinta do Escudial,,"38,50 €","(51,33 € / Litro)",
Colgate Max White Escova de Dentes Média Leve 2 Pague 1 embalagem 2 unidades,Colgate Max White,,"3,99 €","(3,99 € / Unidade)",
Veckia Champô Anti-Caspa embalagem 400 ml,Veckia,,"1,49 €","(0,37 € / 10 ml.)",
Santa Rosalia Hambúrguer de Novilho Wagyu embalagem 300 g,Santa Rosalia,,"10,80 €",(36 € / Kg),
Babaria Serum Antimanchas embalagem 30 ml,Babaria,,"8,49 €",(283 € / Litro),
Crunch Snack Wafer Crunch Pack 3 unidades 33 g,Crunch,,"1,79 €","(54,24 € / Kg)",
Nuts Original Amendoins Torrados embalagem 75 g,Nuts Original,,"1,99 €","(26,53 € / Kg)",
Loacker Quadratini Bolachas Wafer de Baunilha embalagem 250 g,Loacker Quadratini,,"3,29 €","(13,16 € / Kg)",
Yopro Pudim Proteína sabor Chocolate embalagem 180 g,Yopro,,"2,29 €","(12,72 € / Kg)",
Nestlé Bolachas a Partir de 6 Meses embalagem 180 g,Nestlé,,"3,79 €","(21,06 € / Kg)",
Nestlé L'Atelier Chocolate Preto com Amêndoas Torradas embalagem 170 g,Nestlé L'Atelier,,"3,99 €","(23,47 € / Kg)",
Vasco da Gama Mexilhões em Escabeche lata 118 g,Vasco da Gama,,"1,85 €","(15,68 € / Kg)",
Montanegra Panceta Ibérica unidade 250 g,Montanegra,,"2,25 €",(9 € / Kg),
Cimarrom Granulado Cores para Cobertura de Bolos embalagem 150 g,Cimarrom,,"2,25 €",(15 € / Kg),
Domestos Power 5 Bloco Sanitário Desinfectante Ocean embalagem 53 g,Domestos Power 5,,"3,49 €","(65,85 € / Kg)",
Quinta do Romeu Vinho Rosé do Douro Biológico garrafa 75 cl,Quinta do Romeu,,"9,25 €","(12,33 € / Litro)",
Nestlé Caja Roja Bombons de Chocolate embalagem 100 g,Nestlé Caja Roja,,"3,45 €","(34,50 € / Kg)",
Saborosos Ovos Frescos Classe XL embalagem 12 unidades,Saborosos,,"3,99 €","(0,33 € / Unidade)",
El Corte Inglés Selection Espargos Brancos Muito Grossos 7/10 Peças frasco 325 g,El Corte Inglés Selection,,"13,29 €","(40,89 € / Kg)",
El Corte Inglés 6 Mini Sanduíches de Straccitella embalagem 510 ml,El Corte Inglés,,"2,39 €","(7,38 € / Litro)",
Sr. Bacalhau Lombo de Bacalhau Individual embalagem 280 g,Sr. Bacalhau,,"8,49 €","(30,32 € / Kg)",
Arnaud Paté de Veado com Cognac frasco 180 g,Arnaud,,"2,59 €","(14,39 € / Kg)",
Verleal Ervilhas Finas Biológicas embalagem 400 g,Verleal,,"2,99 €","(7,48 € / Kg)",
Vila Santa Vinho Tinto do Alentejo Reserva garrafa 75 cl,Vila Santa,,"12,99 €","(17,32 € / Litro)",
"Tropico Refrigerante de Laranja sem Gás garrafa 1,5 L",Tropico,,"1,99 €","(1,33 € / Litro)",
Pantagruel Chocolate de Leite para Culinária sem Glúten embalagem 200 g,Pantagruel,,"2,75 €","(13,75 € / Kg)",
El Corte Inglés Atum Claro em Azeite Virgem Extra Pack 3 lata 180 g,El Corte Inglés,,"3,39 €","(18,83 € / Kg)",
Aguardente de Figo garrafa 70 cl,,,"30,50 €","(43,57 € / Litro)",
El Abuelo Queijo Fresco de Vaca embalagem 300 g,El Abuelo,,"2,69 €","(8,97 € / Kg)",
Eurofumeiro Alheira Detinha unidade 200 g,Eurofumeiro,,"1,39 €","(6,95 € / Kg)",
Triunfo Digestive Go Bolachas Pack 6 embalagem 160 g,Triunfo Digestive Go,,"1,69 €","(10,56 € / Kg)",
Quinta dos Açores Entrecote de Novilho Peso Aproximado por cuvete 350 g,Quinta dos Açores,,"7,68 €","(21,95 € / Kg)",
Prozis Lasanha de Carne embalagem 340 g,Prozis,,"6,79 €","(19,97 € / Kg)",
Dez Prá Uma Bolo de Noz com Doce de Ovos até 2 pessoas frasco 350 g,Dez Prá Uma,,4 €,"(11,43 € / Kg)",
Special Line El Corte Inglés Trigo Integral Tufado com Mel embalagem 375 g,Special Line El Corte Inglés,,"3,15 €","(8,40 € / Kg)",
Marufa Vinho Branco do Tejo garrafa 75 cl,Marufa,,"6,49 €","(8,65 € / Litro)",
Greens Milho embalagem 450 g,Greens,,"1,49 €","(3,31 € / Kg)",
+ Cru Granola Crua Natura Biológica embalagem 300 g,+ Cru,,"5,99 €","(19,97 € / Kg)",
Dittmann Pepper Balls Picantes Recheadas com Rábano frasco 290 g,Dittmann Pepper Balls,,"5,75 €","(19,83 € / Kg)",
El Corte Inglés Mini Tortilha de Batata Fresca sem Cebola embalagem 200 g,El Corte Inglés,,"1,69 €","(8,45 € / Kg)",
Kellogg's All-Bran Barras de Cereais Nature Pack 6 embalagem 240 g,Kellogg's All-Bran,,"3,85 €","(16,04 € / Kg)",
"Jói Refrigerante de Manga sem Gás garrafa 1,5 cl",Jói,,"1,90 €","(0,70 € / Litro)","1,90 €"
Diplomata Crackers Sete Folhas embalagem 125 g,Diplomata,,"2,99 €","(23,92 € / Kg)",
Filippo Berio Pesto Picante frasco 190 g,Filippo Berio,,"3,90 €","(20,53 € / Kg)",
Bife Cheio da Pá de Novilho IGP Açores Peso Aproximado 200 g,,,"17,95 €/kg",,
El Corte Inglés Spaghetti embalagem 500 g,El Corte Inglés,,"1,39 €","(2,78 € / Kg)",
Nascente Vinho Branco do Douro garrafa 75 cl,Nascente,,"11,75 €","(15,67 € / Litro)",
Quinta das Cerejeiras Vinho Tinto de Óbidos Grande Reserva garrafa 75 cl,Quinta das Cerejeiras,,"22,95 €","(30,60 € / Litro)",
Minigrill Mini Tostas embalagem 350 g,Minigrill,,"2,39 €","(6,83 € / Kg)",
Emanuel Casado Caramelos de Leite embalagem 150 g,Emanuel Casado,,"4,35 €",(29 € / Kg),
Heidel Caixa de Correio com Bombons Sortidos lata 95 g,Heidel,,"9,95 €","(104,74 € / Kg)",
Negrini Queijo Grana Padano embalagem 250 g,Negrini,,"8,49 €","(33,96 € / Kg)",
Drink6 Sumo Detox de Limão e Pimenta Caiena embalagem 230 ml,Drink6,,"2,50 €","(10,87 € / Litro)",
El Corte Inglés Bolachas Wafers Mix embalagem 400 g,El Corte Inglés,,"2,39 €","(5,98 € / Kg)",
El Corte Inglés Selection Cabeça de Lombo Ibérico em Fatias unidade 100 g,El Corte Inglés Selection,,"4,25 €","(42,50 € / Kg)",
"Gerber Refeição de Ervilha, Batata e Frango embalagem 190 g",Gerber,,"2,25 €","(11,84 € / Kg)",
Dodot Aqua Pure Toalhitas Infantis Pack 3 embalagem 48 unidades,Dodot Aqua Pure,,"7,19 €","(0,15 € / Unidade)",
"Rogue Cerveja dos Estados Unidos da América Artesanal Hazelnut lata 35,5 cl",Rogue,,"4,19 €","(11,80 € / Litro)",
Tresemmé Liso Keratina Condicionador embalagem 400 ml,Tresemmé Liso Keratina,,"6,99 €","(17,48 € / Litro)",
"JP Vinho Tinto de Terras do Sado garrafa 37,5 cl",JP,,"1,85 €","(4,93 € / Litro)",
Tampax Compak Pearl Tampões Super embalagem 36 unidades,Tampax Compak Pearl,,"7,99 €","(0,22 € / Unidade)",
Sidónio de Sousa Vinho Tinto da Bairrada Reserva garrafa 75 cl,Sidónio de Sousa,,"12,25 €","(16,33 € / Litro)",
Glamour Escova para Cabelo Rosa embalagem 1 unidade,Glamour,,"6,49 €","(6,49 € / Unidade)",
Ferrarini Bresaola sem Fosfatos Peso Aproximado por unidade 3 kg,Ferrarini,,"49,98 €/kg",,
Shanyuan Algas Secas embalagem 80 g,Shanyuan,,"5,95 €","(74,38 € / Kg)",
Youwok Crackers de Camarão embalagem 75 g,Youwok,,"2,09 €","(27,87 € / Kg)",
Grand-Mère Paté com Pimenta Verde kg,Grand-Mère,,"14,49 €/kg",,
"El Corte Inglés Leite Desnatado UHT garrafa 1,5 L",El Corte Inglés,,"1,39 €","(0,93 € / Litro)",
Adega Mayor Vinho Branco do Alentejo garrafa 75 cl,Adega Mayor,,"5,49 €","(7,32 € / Litro)",
The Irishman Whisky Irlandês garrafa 70 cl,The Irishman,,"19,45 €","(27,79 € / Litro)",
Belfine Chupa Chupa de Chocolate Jogador de Futebol embalagem 35 g,Belfine,,"2,29 €","(65,43 € / Kg)",
Bal da Madre Vinho Tinto da Beira Interior Biológico garrafa 75 cl,Bal da Madre,,"8,25 €",(11 € / Litro),
Glade Ambientador Automatic Berry Wine embalagem 538 ml,Glade,,"12,98 €","(24,13 € / Litro)",
Greens Morangos embalagem 450 g,Greens,,"3,29 €","(7,31 € / Kg)",
A Vaca Que Ri Queijo Creme para Barrar Original embalagem 150 g,A Vaca Que Ri,,"2,09 €","(13,93 € / Kg)",
Real Doçaria Pudim de Gema embalagem 500 g,Real Doçaria,,"6,95 €","(13,90 € / Kg)",
Pitéu Pota em Caldeirada lata 120 g,Pitéu,,"2,55 €","(21,25 € / Kg)",
Gillette Proglide Máquinas Recargas embalagem 8 unidades,Gillette Proglide,,"36,99 €","(4,62 € / Unidade)",
Heidel Chocolates Sortidos Nostalgia embalagem 158 g,Heidel,,"13,45 €","(85,13 € / Kg)",
Limiano Queijo Flamengo Pausa em Cubos com Amêndoas e Arandos embalagem 40 g,Limiano,,"0,89 €","(22,25 € / Kg)",
Sagres Mini Cerveja Pack 10 Unidades 25 cl,Sagres Mini,,"9,59 €","(3,84 € / Litro)",
Nacional Cotovelos embalagem 500 g,Nacional,,"1,59 €","(3,18 € / Kg)",
Quinta D' Avó Massa de Pimentão frasco 380 g,Quinta D' Avó,,"2,39 €","(6,29 € / Kg)",
Gelpeixe Camarão Selvagem Moçambique 20/30 embalagem 700 g,Gelpeixe,,"24,69 €","(35,27 € / Kg)",
Aquafresh Escova de Dentes Kids Advance embalagem 1 unidade,Aquafresh,,"3,09 €","(3,09 € / Unidade)",
Delser Crackers de Pizza Pack 8 embalagem 200 g,Delser,,"1,49 €","(7,45 € / Kg)",
Naturefoods Puré de Maçã e Banana Biológico embalagem 350 g,Naturefoods,,"1,89 €","(5,40 € / Kg)",
Colgate Max White Pasta de Dentes com Argila e Minerais embalagem 75 ml,Colgate Max White,,"4,99 €","(66,53 € / Litro)",
Ramirez Sardinhas em Azeite Baixo em Sal lata 125 g,Ramirez,,"1,39 €","(11,12 € / Kg)",
Sexy Espumante Bruto garrafa 75 cl,Sexy,,"18,75 €",(25 € / Litro),
Tena Cuecas para Adultos com Incontinência Absorventes Pants Plus Tamanho M embalagem 14 unidades,Tena,,"14,99 €","(0,80 € / Unidade)","14,99 €"
El Corte Inglés Luvas Especiais Lixívia Tamanho S embalagem 1 par,El Corte Inglés,,"1,75 €","(1,75 € / Unidade)",
Pão de Ló de Arouca embalagem 750 g,,,"14,99 €","(19,99 € / Kg)",
Quinta da Escusa Vinho Tinto do Tejo Syrah garrafa 75 cl,Quinta da Escusa,,"13,25 €","(17,67 € / Litro)",
Castelomor Vinho Branco do Alentejo garrafa 75 cl,Castelomor,,"3,99 €","(5,32 € / Litro)",
Victor Fernandes Queijo de Azeitão DOP unidade 250 g,Victor Fernandes,,"7,99 €","(31,96 € / Kg)",
Aguinamar Pintxo de Salmão Fumado sem Glúten embalagem 180 g,Aguinamar,,"4,49 €","(24,94 € / Kg)",
Montesano Lombo Ibérico de Cebo Peso Aproximado por unidade 500 g,Montesano,,"27,49 €","(54,98 € / Kg)",
Renova Gold Guardanapos Azul embalagem 40 unidades,Renova Gold,,"1,99 €","(0,05 € / Unidade)",
El Corte Inglés Cera Parquet e Laminados Sintéticos embalagem 1 L,El Corte Inglés,,"3,49 €","(3,49 € / Litro)",
Cozer de Novilho IGP Açores Peso Aproximado 350 g,,,"7,95 €/kg",,
Papaia Frutana Peso Aproximado por cuvete 900 g,,,"5,66 €","(6,29 € / Kg)",
Comfort Keepfresh Saquetas Perfumadas para Gavetas e Armários Pack 3 30 g,Comfort Keepfresh,,"1,99 €","(66,33 € / Kg)",
Andros Sumo de Ananás embalagem 250 ml,Andros,,"1,79 €","(7,16 € / Litro)",
Lusiaves Coxa de Peru Peso Aproximado por cuvete 500 g,Lusiaves,,"3,25 €","(6,49 € / Kg)",
Hamburguer Fumado Smoked Plant Based embalagem 230 g,,,"4,99 €","(21,70 € / Kg)",
Varanegra Chouriço Carne Porco Preto Campo unidade 200 g,Varanegra,,"4,99 €","(24,95 € / Kg)",
El Corte Inglés Massa Fresca Tagliatelle embalagem 250 g,El Corte Inglés,,"1,59 €","(6,36 € / Kg)",
Oboé Vinho Douro Tinto garrafa 75 cl,Oboé,,"27,50 €","(36,67 € / Litro)",
St. Dalfour Doce de Framboesa e Romã sem Açúcar frasco 284 g,St. Dalfour,,"4,39 €","(15,46 € / Kg)",
Cuétara Cereais Flakes embalagem 500 g,Cuétara,,"4,09 €","(6,10 € / Kg)","4,09 €"
Kopiko Rebuçados Cappuccino sem Glúten embalagem 71 g,Kopiko,,"1,49 €","(20,99 € / Kg)",
Interdoces Gomas Tubo Mágico de Morango Ácido embalagem 100 g,Interdoces,,"1,35 €","(13,50 € / Kg)",
Nestlé Fitness Barras Fitness Delice Milk Chocolate embalagem 135 g,Nestlé Fitness,,"3,59 €","(26,59 € / Kg)",
Margão Pimenta Jamaica em Grão embalagem 10 g,Margão,,"0,99 €",(99 € / Kg),
Herdade do Esporão Azeite Virgem Extra DOP garrafa 500 ml,Herdade do Esporão,,"7,99 €","(15,98 € / Litro)",
Codyfer Palmilhas Tamanho 41-42 1 par,Codyfer,,"10,15 €","(10,15 € / Unidade)",
Lycia Tiras Depilatórias para Rosto Peles Normais Perfect Touch embalagem 20 unidades,Lycia,,"5,79 €","(0,29 € / Unidade)",
Cem Porcento Grão de Trigo Sarraceno Integral embalagem 500 g,Cem Porcento,,"1,69 €","(3,38 € / Kg)",
Candycat Bombons Sortidos lata 290 g,Candycat,,"9,95 €","(34,31 € / Kg)",
Serrano Peito de Peru com Ervas Finas sem Glúten unidade 200 g,Serrano,,"3,55 €","(17,75 € / Kg)",
Muffin de Chocolate Milka unidade 110 g,,,"1,55 €","(14,09 € / Kg)",
"Vittel Água sem Gás garrafa 1,5 L",Vittel,,"1,59 €","(1,06 € / Litro)",
"Quinta da Alorna Vinho Branco do Tejo Colheita Tardia garrafa 37,5 cl",Quinta da Alorna,,"14,99 €","(39,97 € / Litro)",
Chão da Quinta Vinho Tinto do Dão garrafa 75 cl,Chão da Quinta,,"11,50 €","(15,33 € / Litro)",
Cimarrom Alcaparras frasco 100 g,Cimarrom,,"2,29 €","(22,90 € / Kg)",
Renova Papel Higiénico Red 2 unidades,Renova,,"3,38 €","(1,69 € / Unidade)",
Garnier Pure Active Creme Hidratante Anti-Imperfeições para Pele Oleosa embalagem 1 unidade,Garnier Pure Active,,"9,99 €","(9,99 € / Unidade)",
Globo Lichias em Calda lata 565 g,Globo,,"3,79 €","(6,71 € / Kg)",
Theramed 2 em 1 Dentífrico com Elixir Hálito Puro embalagem 75 ml,Theramed 2 em 1,,"3,39 €","(45,20 € / Litro)",
Shoyce Bebida de Amêndoa 0% Pack 3 unidades embalagem 200 ml,Shoyce,,"2,39 €","(11,95 € / Litro)",
Danone Iogurte Natural Leve 8 Pague 7 embalagem 120 g,Danone,,"2,59 €","(2,70 € / Kg)",
Pringles Aperitivos Picante embalagem 175 g,Pringles,,"2,99 €","(17,09 € / Kg)",
Vahiné Velas embalagem,Vahiné,,"2,19 €","(2,19 € / Unidade)",
La Antigua Queijo Velho Brandy 1/2,La Antigua,,"23,99 €/kg",,
Scones Scones pack 4,Scones,,"3,20 €","(0,80 € / Unidade)",
Latbri Queijo Mozzarella em Porções embalagem 150 g,Latbri,,"2,29 €","(15,27 € / Kg)",
Kikkoman Molho Teriyaki sem Glúten embalagem 250 ml,Kikkoman,,"5,29 €","(21,16 € / Litro)",
Gillette Gel Series Revitalizante embalagem 240 ml,Gillette,,"4,49 €","(18,71 € / Litro)",
Garofalo Fusilli embalagem 500 g,Garofalo,,"2,09 €","(4,18 € / Kg)",
Yopro Iogurte Líquido Proteína sabor Caramelo embalagem 300 g,Yopro,,"2,39 €","(7,97 € / Kg)",
Scotch-Brite Esponja Wc de Fibra Branca 1 unidade,Scotch-Brite,,"2,05 €","(2,05 € / Unidade)",
Sortido Hungaro com Recheio ao peso kg,,,"17,90 €/kg",,
El Corte Inglés Massa Fettuccini de Sêmola de Trigo Duro com Ovo embalagem 250 g,El Corte Inglés,,"2,19 €","(8,76 € / Kg)",
Smileat Tostinhas Multicereais Biológicas embalagem 60 g,Smileat,,"3,09 €","(51,50 € / Kg)",
Quinta de Ventozelo Vinho Tinto do Douro Blend DOC garrafa 75 cl,Quinta de Ventozelo,,"14,49 €","(19,32 € / Litro)",
Mercearia da Aldeia Queijo de Cabra Atabafado com Alho e Oregãos unidade 250 g,Mercearia da Aldeia,,"6,59 €","(26,36 € / Kg)",
Nivea Naturally Good Desodorizante Aloe Vera Biológico Roll-On frasco 50 ml,Nivea Naturally Good,,"4,99 €","(99,80 € / Litro)",
Eruptio Vinho Branco do Pico Terrantez do Pico garrafa 75 cl,Eruptio,,"29,90 €","(39,87 € / Litro)",
Knorr Caldo de Legumes sem Sal Pack 8 embalagem 72 g,Knorr,,"2,30 €","(31,94 € / Kg)",
Stolichnaya Vodka garrafa 70 cl,Stolichnaya,,"16,09 €","(22,99 € / Litro)",
Perdigão Vinho Branco do Minho Morgado garrafa 75 cl,Perdigão,,"6,99 €","(9,32 € / Litro)",
Fairy Detergente de Lavagem à Mão para Loiça Ultra Poder Limão embalagem 650 ml,Fairy,,"4,49 €","(6,91 € / Litro)",
Nestlé Posters Chocolate de Leite para Culinária tablete 170 g,Nestlé Posters,,"2,59 €","(15,24 € / Kg)",
Tang Concentrado em Pó de Limão embalagem 30 g,Tang,,"0,79 €","(26,33 € / Kg)",
Vapza Mandioca sem Glúten embalagem 500 g,Vapza,,"4,35 €","(6,50 € / Kg)","4,35 €"
"Callabriga Vinho Tinto do Douro Magnum garrafa 1,5 L",Callabriga,,43 €,"(28,67 € / Litro)",
Wilkinson Sword Hydro 5 Máquina de Barbear Sense Energize embalagem 1 unidade,Wilkinson Sword Hydro 5,,"10,09 €","(10,09 € / Unidade)",
Theramed 2 em 1 Dentífrico com Elixir a Partir dos 6 Anos embalagem 75 ml,Theramed 2 em 1,,"3,39 €","(45,20 € / Litro)",
Ti-ti Batatas Fritas embalagem 180 g,Ti-ti,,"1,50 €","(8,33 € / Kg)",
Pasta do Dia Massa Quebrada para Tarte embalagem 230 g,Pasta do Dia,,"1,99 €","(8,65 € / Kg)",
Cadbury Chocolate Dairy Milk Caramelo embalagem 180 g,Cadbury,,"3,69 €","(20,50 € / Kg)",
Quinta da Bacalhôa Vinho Branco de Terras do Sado garrafa 75 cl,Quinta da Bacalhôa,,"14,99 €","(19,99 € / Litro)",
Garcia Baquero Queijo Creme Curado embalagem 125 g,Garcia Baquero,,"1,65 €","(13,20 € / Kg)",
Côte D'Or Chocolate Preto com Avelãs Inteiras embalagem 180 g,Côte D'Or,,"3,29 €","(18,28 € / Kg)",
El Corte Inglés Guinas Aguinaga 2x125 g embalagem 250 g,El Corte Inglés,,"3,49 €","(13,96 € / Kg)",
Dan'Up Summer Edition Iogurte Líquido de Melancia e Melão Pack 4 embalagem 155 g,Dan'Up Summer Edition,,"2,99 €","(4,82 € / Kg)",
Renova Green Lenços Ecológicos embalagem 10 unidades,Renova Green,,"1,09 €","(0,11 € / Unidade)",
Villa Rebuçados de Frutas embalagem 200 g,Villa,,"1,55 €","(7,75 € / Kg)",
Fiel Mini Milho cuvete 200 g,Fiel,,"3,99 €","(31,92 € / Kg)",
De Marchi Gelado de Açaí Sport com Banana Congelada e Guaraná embalagem 205 g,De Marchi,,"3,29 €","(16,05 € / Kg)",
Secos da Aldeia Bagas de Goji embalagem 150 g,Secos da Aldeia,,"3,65 €","(24,33 € / Kg)",
La Cocina de Senén Croquetes para Forno de Presunto Ibérico sem Glúten embalagem 240 g,La Cocina de Senén,,"4,19 €","(17,46 € / Kg)",
Ceremony Vinho do Porto Lágrima Branco garrafa 75 cl,Ceremony,,"6,99 €","(9,32 € / Litro)",
"Monte da Ravasqueira Vinho Tinto do Alentejo garrafa 1,5 L",Monte da Ravasqueira,,"10,98 €","(7,32 € / Litro)",
Voltan Mezzelune de Cogumelos Porcini e Trufa embalagem 250 g,Voltan,,"4,45 €","(17,80 € / Kg)",
El Corte Inglés Preparado para Tarte de Chocolate embalagem 350 g,El Corte Inglés,,"2,99 €","(8,54 € / Kg)",
Ultra Suave Amaciador para Cabelos Muito Secos ou Frisados com Óleo de Abacate e Manteiga de Carité embalagem 400 ml,Ultra Suave,,"5,59 €","(13,98 € / Litro)",
Brasmar Medalhões de Salmão embalagem 250 g,Brasmar,,"7,89 €","(31,56 € / Kg)",
Portal Moscatel do Douro garrafa 75 cl,Portal,,"10,95 €","(14,60 € / Litro)",
Actoner Spray Higienizante 70% Álcool para Superfícies embalagem 400 ml,Actoner,,"6,15 €","(15,38 € / Litro)",
Mevgal Iogurte Grego 10% embalagem 500 g,Mevgal,,"3,49 €","(6,98 € / Kg)",
Branca de Neve Farinha para Pão de Sementes embalagem 500 g,Branca de Neve,,"2,33 €","(4,66 € / Kg)",
Dum Dum Difusor Eléctrico Recarga Líquida Citronela embalagem 1 unidade,Dum Dum,,"8,99 €","(8,99 € / Unidade)",
Nestlé Clusters Cereais de Chocolate embalagem 330 g,Nestlé Clusters,,"3,99 €","(12,09 € / Kg)",
Fruut Maçã Crocante Verde Intenso sem Glúten embalagem 60 g,Fruut,,"1,99 €","(33,17 € / Kg)",
Monte da Cal Vinho Branco do Alentejo garrafa 75 cl,Monte da Cal,,"5,99 €","(7,99 € / Litro)",
Jean L David Esvoa Unhas Design DESIGN embalagem 1 unidade,Jean L David,,"3,96 €","(3,96 € / Unidade)",
Tassimo L'Or Café Espresso Lungo Profondo embalagem 16 cápsulas,Tassimo L'Or,,"5,39 €","(0,34 € / Unidade)",
Quinta de Ventozelo Vinho Tinto do Douro Touriga Nacional garrafa 75 cl,Quinta de Ventozelo,,"13,90 €","(18,53 € / Litro)",
El Corte Inglés Selection Gressinos de Antequera embalagem 140 g,El Corte Inglés Selection,,"2,15 €","(15,36 € / Kg)",
Sorini Bombons Merry Christmas de Avelã caixa 300 g,Sorini,,"13,45 €","(44,83 € / Kg)",
El Corte Inglés Grão de Bico Cozido frasco 400 g,El Corte Inglés,,"0,69 €","(1,21 € / Kg)",
Lactimonte Queijo Curado de Vaca unidade 500 g,Lactimonte,,"5,79 €","(11,58 € / Kg)",
Kaiserdom Cerveja da Alemanha Trigo garrafa 50 cl,Kaiserdom,,"1,99 €","(3,98 € / Litro)",
El Corte Inglés Fiambre de Perú em fatias 150 g,El Corte Inglés,,"1,99 €","(13,27 € / Kg)",
Penha Caramelos de Frutas embalagem 250 g,Penha,,"2,75 €",(11 € / Kg),
Skip Ultimate Detergente para a Roupa 3 em 1 Active Fresh embalagem 42 cápsulas,Skip Ultimate,,"12,49 €","(0,30 € / Dose)",
Quinta da Biaia Vinho Tinto da Beira Interior Biológico garrafa 75 cl,Quinta da Biaia,,"9,49 €","(12,65 € / Litro)",
"Bicentury Tortilhas de Cogumelos, Trufa e Queijo Parmesão embalagem 124 g",Bicentury,,"2,49 €","(20,08 € / Kg)",
Codyfer Atacador Branco 110 cm 1 unidade,Codyfer,,"2,19 €","(2,19 € / Unidade)",
Ermitage Queijo Raclette em Fatias Peso Aproximado por unidade 800 g,Ermitage,,"18,29 €/kg",,
Al-Andalus Mel da Serra frasco 500 g,Al-Andalus,,"7,95 €","(15,90 € / Kg)",
Super Bock Cerveja Stout lata 33 cl,Super Bock,,"0,80 €","(2,42 € / Litro)",
Glamour Style Elásticos para Cabelo embalagem 6 unidades,Glamour Style,,"2,89 €","(2,89 € / Unidade)",
Diadermine Lift+ Naturetinol Ampolas Anti-Rugas + Firmeza com Extracto de Algas Marinhas embalagem 7 unidades,Diadermine Lift+ Naturetinol,,"23,99 €","(3,43 € / Unidade)",
Sunlover Bebida Nutricosmética lata 25 cl,Sunlover,,"1,10 €","(4,40 € / Litro)",
Milka Chocolate de Leite com Recheio de Creme de Cacau embalagem 100 g,Milka,,"1,69 €","(16,90 € / Kg)",
Confiança Sabonete de Leite de Burra embalagem 75 g,Confiança,,"1,29 €","(17,20 € / Kg)",
Luzia Sabonete Líquido para as Mãos de Maçã Verde embalagem 500 ml,Luzia,,"1,15 €","(2,30 € / Litro)",
Raid Insecticida Eléctrico PACK 3 Recarga embalagem 27 ml,Raid,,"18,49 €","(684,81 € / Litro)",
Nau do Cacau Chocolate Preto Equador com Flor de Sal 80% Biológico embalagem 40 g,Nau do Cacau,,"2,85 €","(71,25 € / Kg)",
Macieira Brandy garrafa 1 L,Macieira,,"16,49 €","(16,49 € / Litro)",
El Corte Inglés Creme de Verduras sem Lactose embalagem 500 g,El Corte Inglés,,"1,35 €","(2,70 € / Kg)",
Veckia Espuma Forte Acabado Perfeito embalagem 75 ml,Veckia,,"1,49 €","(1,99 € / 10 ml.)",
El Corte Inglés Pão de Leite com Pepitas de Chocolate 6 Unidades embalagem 270 g,El Corte Inglés,,"1,99 €","(7,37 € / Kg)",
Wilkinson Sword Extra 2 Precision Mâquinas Descartáveis embalagem 5 unidades,Wilkinson Sword Extra 2 Precision,,"3,89 €","(0,78 € / Unidade)",
Cloudy Bay Vinho Branco Nova Zelândia Sauvignon garrafa 75 cl,Cloudy Bay,,"30,95 €","(41,27 € / Litro)",
Camolas Moscatel de Setúbal garrafa 75 cl,Camolas,,"7,95 €","(10,60 € / Litro)",
Natural & Easy Coloração Permanente Nutritiva Nº 530 Louro Claro embalagem 1 unidade,Natural & Easy,,"8,99 €","(8,99 € / Unidade)",
Delta Q Cevada Pure embalagem 10 cápsulas,Delta Q,,"3,29 €","(0,33 € / Unidade)",
Ramos Pinto Quinta de Ervamoira Vinho do Porto Vintage 2007 garrafa 75 cl,Ramos Pinto Quinta de Ervamoira,,"93,50 €","(124,67 € / Litro)",
Haagen-Dazs Gelado de Chocolate Belga embalagem 95 ml,Haagen-Dazs,,"2,45 €","(25,79 € / Litro)",
El Corte Inglés Amêndoas Largueta Torradas e Salgadas embalagem 225 g,El Corte Inglés,,"4,95 €",(22 € / Kg),
Don Simon Sumo 100% Espremido de Laranja sem Polpa embalagem 1 L,Don Simon,,"1,39 €","(1,39 € / Litro)",
Nivea Visage Gel de Limpeza Refrescante para Pele Normal a Mista embalagem 150 ml,Nivea Visage,,"6,99 €","(30,27 € / Litro)","6,99 €"
Capitão Iglo Nuggets de Peito de Frango 10 Unidades embalagem 208 g,Capitão Iglo,,"5,99 €","(28,80 € / Kg)",
Celeiro de Cistér Feijão Frade embalagem 500 g,Celeiro de Cistér,,"0,99 €","(1,98 € / Kg)",
Nestlé NAN Optipro Leite de Transição 1 embalagem 200 ml,Nestlé NAN Optipro,,"1,99 €","(9,95 € / Litro)",
Cacaolat Batido com Cacau Doble Cacao Pack 4 Unidades embalagem 200 ml,Cacaolat,,"2,89 €","(14,45 € / Litro)",
Quinta da Coitena Costeleta de Peru Biológico embalagem 300 g,Quinta da Coitena,,"8,75 €","(29,17 € / Kg)",
Garcia Baquero Queijo de Espanha Castelhano Semi Curado embalagem 250 g,Garcia Baquero,,"5,19 €","(20,76 € / Kg)",
Curral Atlantis Vinho Branco dos Açores Seleção da Família garrafa 75 cl,Curral Atlantis,,"14,49 €","(19,32 € / Litro)",
Delverde Ondine Lasanha de Espinafres Nº108 embalagem 500 g,Delverde,,"2,99 €","(5,98 € / Kg)",
V de Virgo Vinho Tinto do Alentejo garrafa 75 cl,V de Virgo,,"14,49 €","(19,32 € / Litro)",
Vinho Tinto Merlot garrafa 75 cl,,,"15,90 €","(21,20 € / Litro)",
Santa Teresa Molho Ali Oli com Azeite sem Glúten embalagem 125 ml,Santa Teresa,,"1,85 €","(14,80 € / Litro)",
Grafic AquaGel de Fixação Extra Forte embalagem 200 ml,Grafic,,"4,99 €","(24,95 € / Litro)",
DS Panados Smiles com Tomate e Queijo sem Glúten Pack 4 embalagem 210 g,DS,,"4,05 €","(19,29 € / Kg)",
Secos da Aldeia Sementes de Linhaça Dourada embalagem 180 g,Secos da Aldeia,,"1,29 €","(7,17 € / Kg)",
Kilom Pernas de Frango Peso Aproximado por cuvete 400 g,Kilom,,"4,46 €","(4,95 € / Kg)",
Codyfer Palmilhas em Arco Tamanho 34-38 1 par,Codyfer,,"5,95 €","(5,95 € / Unidade)",
Covela Azeite Virgem Extra Biológico garrafa 500 ml,Covela,,"11,99 €","(23,98 € / Litro)",
El Corte Inglés Gomas de Cola com Açúcar sem Glúten embalagem 200 g,El Corte Inglés,,"0,89 €","(4,45 € / Kg)",
Nivea Q10 Multi Power Creme Refirmante + Remodelador para Todos os Tipos Pele embalagem 300 ml,Nivea Q10 Multi Power,,"11,99 €","(25,97 € / Litro)","11,99 €"
Isola Bio Bebida de Arroz e Coco sem Açúcar Biológica embalagem 250 ml,Isola Bio,,"1,39 €","(5,56 € / Litro)",
"El Corte Inglés Infusão Calmante Tília, Azhar, Melisa e Erva Luisa embalagem 20 unidades",El Corte Inglés,,"1,05 €",(35 € / Kg),
Origens Granola com Frutos Vermelhos Biológica embalagem 300 g,Origens,,"4,99 €","(16,63 € / Kg)",
Condi Preparado para Creme Custard embalagem 150 g,Condi,,"1,94 €","(12,93 € / Kg)",
Beutelsbacher Sumo de Maçã Biológico embalagem 700 ml,Beutelsbacher,,"3,45 €","(4,93 € / Litro)",
Anselmo Mendes Vinho Verde Alvarinho Contacto Branco 2021 garrafa 75 cl,Anselmo Mendes,,"9,99 €","(13,32 € / Litro)",
Ezalo Ambientador Líquido por Evaporação Tropical embalagem 75 ml,Ezalo,,"6,99 €","(93,20 € / Litro)",
Veckia Elixir Acção Total embalagem 500 ml,Veckia,,"1,29 €","(0,26 € / 10 ml.)",
El Serpis Azeitonas Verdes com Caroço lata 350 g,El Serpis,,"3,49 €","(9,97 € / Kg)",
Bioterra Farinha de Amêndoa sem Pele Bio embalagem 200 g,Bioterra,,"5,79 €","(28,95 € / Kg)",
Knorr Sopa Económica Canja de Galinha 4 porções embalagem 61 g,Knorr,,"1,09 €","(17,87 € / Kg)",
El Corte Inglés Iogurte Grego Natural Pack 6 embalagem 125 g,El Corte Inglés,,"2,29 €","(3,05 € / Kg)",
Azeitona Britada,,,"7,79 €/kg",,
Atelier do Doce Bolo de Chocolate e Noz embalagem 750 g,Atelier do Doce,,"14,95 €","(14,95 € / Unidade)",
El Corte Inglés Rolo de Cozinha 2 Capas embalagem 6 unidades,El Corte Inglés,,"2,99 €","(0,50 € / Unidade)",
Oreo Mini Bolachas Golden Recheadas com Creme Pack 4 embalagem 160 g,Oreo,,"1,99 €","(12,44 € / Kg)",
Lacasa Trufas de Chocolate embalagem 200 g,Lacasa,,"3,49 €","(17,45 € / Kg)",
Tierra de Oro Vinho Branco de Espanha Rioja garrafa 75 cl,Tierra de Oro,,"2,90 €","(3,87 € / Litro)",
Castelo de Marvão Azeite Virgem Extra DOP garrafa 500 ml,Castelo de Marvão,,"9,75 €","(19,50 € / Litro)",
Frioleiras Barrinhas de Muesli e Coco sem Glúten Biológicas Pack 3 embalagem 29 g,Frioleiras,,"4,89 €","(168,62 € / Kg)",
Listerine Nightly Reset Elixir Sabor Suave embalagem 400 ml,Listerine Nightly Reset,,"6,49 €","(16,22 € / Litro)",
Lee Kum Kee Molho Teriyaki Vegan sem Glúten frasco 368 g,Lee Kum Kee,,"5,09 €","(13,83 € / Kg)",
Mimosa Manteiga Tradicional com Sal sem Lactose embalagem 250 g,Mimosa,,"2,59 €","(9,36 € / Kg)","2,59 €"
Lindt Chocolate de Leite com Recheio de Cognac embalagem 100 g,Lindt,,"3,49 €","(34,90 € / Kg)",
Beirabaga Doce de Tomate Verde frasco 270 g,Beirabaga,,"3,49 €","(12,93 € / Kg)",
Tetley Super Tea Chá Verde Matcha Aromatizado embalagem 20 unidades,Tetley Super Tea,,"2,95 €","(0,15 € / Unidade)",
Quinta da Bacalhôa Moscatel de Setúbal Superior garrafa 75 cl,Quinta da Bacalhôa,,"19,99 €","(26,65 € / Litro)",
Nestlé Yogolino Pêssego e Banana sem Glúten desde 6 Meses Pack 4 embalagem 100 g,Nestlé Yogolino,,"2,89 €","(7,22 € / Kg)",
Dove Men +Care Gel de Banho Skin Defense Hidratante embalagem 400 ml,Dove Men +Care,,"4,39 €","(10,98 € / Litro)",
Milaneza Natura Espirais sem Glúten embalagem 500 g,Milaneza Natura,,"2,79 €","(5,58 € / Kg)",
El Corte Inglés Selection Chouriço Ibérico 2 x 75 g unidade 150 g,El Corte Inglés Selection,,"4,29 €","(28,60 € / Kg)",
El Corte Inglés Selection Feijão Branco Cozido Extra frasco 400 g,El Corte Inglés Selection,,"1,15 €","(2,88 € / Kg)",
Finish Tudo em 1 Detergente para a Máquina da Loiça em Gel de Limão embalagem 1 L,Finish Tudo em 1,,"18,99 €","(18,99 € / Litro)",
Mestre Henriques Salpicão do Ribatejo embalagem 350 g,Mestre Henriques,,"6,98 €","(19,94 € / Kg)",
El Corte Inglés Detergente para a Máquina de Lavar a Loiça Pastilhas embalagem 50 unidades,El Corte Inglés,,"2,99 €","(0,06 € / Unidade)",
Nova Açores Leite de Pastagem Gordo embalagem 1 L,Nova Açores,,"0,87 €","(0,87 € / Litro)",
Glamour Mola para Cabelo embalagem 1 unidade,Glamour,,"6,19 €","(6,19 € / Unidade)",
Fallini Queijo Ralado em Pó Doseador unidade 80 g,Fallini,,"2,19 €","(27,38 € / Kg)",
Veckia Esponja de Banho Massagem embalagem 1 unidade,Veckia,,"1,49 €","(1,49 € / Unidade)",
Iglo Filetes de Dourada Aquicultura embalagem 200 g,Iglo,,"8,59 €","(42,95 € / Kg)",
Gullón Bolachas de Aveia Vitalday Recheadas com Avelã e Chips de Chocolate embalagem 220 g,Gullón,,"2,55 €","(11,59 € / Kg)",
Assar 1ª Novilho Alentejano DOP Peso Aproximado 700 g,,,"17,95 €/kg",,
Avianense Pinheiro de Chocolate embalagem 100 g,Avianense,,"4,95 €","(49,50 € / Kg)",
Quinta dos Carvalhais Vinho Branco do Dão Encruzado garrafa 75 cl,Quinta dos Carvalhais,,19 €,"(25,33 € / Litro)",
Camélia Matcha N.3 Biológico embalagem 100 g,Camélia,,"14,95 €","(149,50 € / Kg)",
Triunfo Bolachas Maria embalagem 200 g,Triunfo,,"1,09 €","(5,45 € / Kg)",
Manná Pasta de Sardinha Pack 4 lata 22 g,Manná,,"2,45 €","(27,84 € / Kg)",
Espiga Farinha Frita Fácil embalagem 450 g,Espiga,,"2,49 €","(5,53 € / Kg)",
Batata Doce Amarela Peso Aproximado por unidade 260 g,,,"1,79 €/kg",,
Simplu Granola de Matcha com Canela e Curcuma Vegan sem Glúten Biológica embalagem 300 g,Simplu,,"8,25 €","(24,63 € / Kg)","8,25 €"
Cimarrom Sultanas Pretas embalagem 150 g,Cimarrom,,"1,35 €",(9 € / Kg),
Ferrarini Mortadela Bolonhesa sem Fosfatos ao peso 1 kg,Ferrarini,,"17,89 €/kg",,
Gullón Biscoitos Palitos de Ovo embalagem 400 g,Gullón,,"2,49 €","(6,22 € / Kg)",
El Corte Inglés Selection Salmão Fumado em Fatias embalagem 250 g,El Corte Inglés Selection,,"14,98 €","(59,92 € / Kg)",
Compal Clássico Néctar de Tutti-Frutti Pack 3 embalagem 20 cl,Compal Clássico,,"1,49 €","(2,48 € / Litro)",
Bolodoce 8 Bombons de Figo e Amêndoa embalagem 200 g,Bolodoce,,"11,90 €","(59,50 € / Kg)",
Rians Panna Cotta de 5 Frutos Vermelhos Pack 2 embalagem 240 g,Rians,,"3,89 €","(14,54 € / Kg)","3,89 €"
Corine de Farme Soro Fisiológico Pack 24 + 6 Grátis embalagem 5 ml,Corine de Farme,,"4,59 €","(30,60 € / Litro)",
Veet Creme Depilatório For Men embalagem 400 ml,Veet,,"16,99 €","(42,48 € / Litro)",
Kambly Bolachas Orange Intense Cobertas de Chocolate embalagem 100 g,Kambly,,"3,29 €","(32,90 € / Kg)",
Gullón Tortitas de Milho Vitalday com Chocolate Preto sem Açúcares Adicionados sem Glúten Pack 4 embalagem 100 g,Gullón,,"2,49 €","(24,90 € / Kg)",
Bacana Sangria Branca garrafa 75 cl,Bacana,,"7,49 €","(9,99 € / Litro)",
Bife Novilho da Vazia Primeiro Preço Peso Aproximado por cuvete 200 g,,,"14,95 €/kg",,
Quinta do Infantado Vinho do Porto Vintage garrafa 75 cl,Quinta do Infantado,,"67,49 €","(89,99 € / Litro)",
Babaria Aloe Vera Creme Contorno de Olhos embalagem 15 ml,Babaria Aloe Vera,,"9,89 €","(659,33 € / Litro)",
Becel Pro-Activ Creme de Barrar com Sabor a Manteiga embalagem 225 g,Becel Pro-Activ,,"3,99 €","(15,96 € / Kg)",
Nivea Protect & Care Desodorizante Anti-Transpirante Spray embalagem 150 ml,Nivea Protect & Care,,"4,69 €","(31,27 € / Litro)",
Frutaçor Doce Extra de Figo frasco 230 g,Frutaçor,,"4,15 €","(18,04 € / Kg)",
Codyfer Palmilhas Tamanho 43-44 1 par,Codyfer,,"10,15 €","(10,15 € / Unidade)",
La Piara Paté de Fígado de Porco com Pimenta -50% Gordura frasco 100 g,La Piara,,"1,99 €","(19,90 € / Kg)",
Beirabaga Doce de Framboesa frasco 270 g,Beirabaga,,"3,49 €","(12,93 € / Kg)",
Vieira de Sousa Vinho do Porto Tawny garrafa 75 cl,Vieira de Sousa,,"8,80 €","(11,73 € / Litro)",
Quinta do Portal Vinho Branco do Douro 2020 garrafa 75 cl,Quinta do Portal,,"7,99 €","(10,65 € / Litro)",
Miss Organic Infusão Hortelã Pimenta Biológica embalagem 10 unidades,Miss Organic,,"1,99 €","(0,20 € / Unidade)",
Pure Leaf Ice Tea Lipton Chá Verde Citrus garrafa 33 cl,Pure Leaf,,"0,99 €",(3 € / Litro),
Le Chef Atlantic Arroz Risotto embalagem 500 g,Le Chef Atlantic,,"1,29 €","(2,58 € / Kg)",
Lipton Chá Preto Immune Support de Gengibre e Cúrcuma embalagem 20 unidades,Lipton,,"1,89 €","(0,09 € / Unidade)",
Nestlé Cerelac Leite e Cereais Bolacha Maria Pack 2 embalagem 200 ml,Nestlé Cerelac,,"2,89 €","(14,45 € / Litro)",
Iswari Proteina Vegan de Frutos Vermelhos Bio embalagem 400 g,Iswari,,"18,99 €","(47,48 € / Kg)",
Blédina Papa de Bolacha +6 Meses sem Açúcar embalagem 200 g,Blédina,,"3,08 €","(15,40 € / Kg)",
Paysan Breton Queijo Emmental unidade 200 g,Paysan Breton,,"4,19 €","(20,95 € / Kg)",
Campofrio Peito de Peru,Campofrio,,"15,99 €/kg",,
Morcela Pincho Cebola peso aproximado por cuvete 1 kg,,,"7,10 €","(7,10 € / Kg)",
Gelpeixe Postas de Pescada para Cozer Nº 3 embalagem 500 g,Gelpeixe,,"4,19 €","(8,38 € / Kg)",
"Trident White Pastilhas de Menta sem Açúcar embalagem 14,5 g",Trident White,,"2,59 €","(44,66 € / Kg)",
Garnier Skin Active Sabonete com Carvão Pure Active Limpeza Sólida Anti-Borbulhas embalagem 1 unidade,Garnier Skin Active,,"6,99 €","(6,99 € / Unidade)",
Mare Gin garrafa 70 cl,Mare,,"38,90 €","(55,57 € / Litro)",
Biscoitos de Sintra Biscoitos Canelas embalagem 330 g,Biscoitos de Sintra,,"4,25 €","(12,88 € / Kg)",
Ultra Suave Amaciador sem Enxaguar de Coco embalagem 200 ml,Ultra Suave,,"5,99 €","(29,95 € / Litro)",
Gillette Series Gel de Barbear para Pele Sensível embalagem 75 ml,Gillette Series,,"3,49 €","(46,53 € / Litro)",
El Corte Inglés Chocolate de Leite com Amêndoas sem Glúten embalagem 200 g,El Corte Inglés,,"1,65 €","(8,25 € / Kg)",
El Corte Inglés Selection Tortilha de Batata Fresca com Ovos do Campo sem Lactose embalagem 500 g,El Corte Inglés Selection,,"3,59 €","(7,18 € / Kg)",
Cadbury Dairy Milk Chocolate de Leite com Recheio de Caramelo embalagem 45 g,Cadbury Dairy Milk,,"1,19 €","(26,44 € / Kg)",
Narta Desodorizante Spray Impecável embalagem 200 ml,Narta,,"4,29 €","(21,45 € / Litro)",
Pão Pão Queijo Queijo Queijo Edamer em Fatias embalagem 500 g,Pão Pão Queijo Queijo,,"4,39 €","(8,78 € / Kg)",
Sabores do Vez Salpicão do Soajo unidade 300 g,Sabores do Vez,,"5,99 €","(19,97 € / Kg)",
Cem Porcento Chá para Infusão Lúcia Lima embalagem 50 g,Cem Porcento,,"1,69 €","(33,80 € / Kg)",
Sanchez Alcaraz Bloco de Presunto Serrano kg,Sanchez Alcaraz,,"16,99 €/kg",,
Vieira Bolachas Maria do Ruca embalagem 300 g,Vieira,,"2,89 €","(9,63 € / Kg)",
St.Michel Mini Madalenas com Pepitas de Chocolate embalagem 175 g,St.Michel,,"2,25 €","(12,86 € / Kg)",
Baygon Insecticida para Rastejantes Baratas e Formigas 2 em 1 spray 400 ml,Baygon,,"5,99 €","(14,98 € / Litro)",
"Sical Café Torrado Moído Lote Clássico África, Ásia e Brasil Moagem Fina Intensidade 10 embalagem 250 g",Sical,,"3,59 €","(14,36 € / Kg)",
E.A Vinho Tinto do Alentejo garrafa 75 cl,E.A,,"5,99 €","(7,99 € / Litro)",
Future Farm Hamburguer Burguer Plant Based embalagem 230 g,Future Farm,,"4,99 €","(21,70 € / Kg)",
Cozinha Pronta Folhados de Queijo e Espinafres embalagem 280 g,Cozinha Pronta,,"3,39 €","(12,11 € / Kg)",
Garofalo Couscous embalagem 1 kg,Garofalo,,"3,15 €","(3,15 € / Kg)",
Maybelline Super Stay 30H Base Líquida Nº 30 Sand embalagem 1 unidade,Maybelline Super Stay 30H,,"13,99 €","(13,99 € / Unidade)",
Ti António Bife de Vitelão Redondo ATP Peso Aproximado por cuvete 450 g,Ti António,,"8,87 €","(19,70 € / Kg)",
Veet Banda de Cera Depilatória embalagem 20,Veet,,"8,99 €","(0,45 € / Unidade)",
Billy's Farm Biscoitos de Muesli Biológicos embalagem 260 g,Billy's Farm,,"3,45 €","(13,27 € / Kg)",
Mabiju Requeijão Cremoso para Barrar frasco 200 g,Mabiju,,"2,69 €","(13,45 € / Kg)",
Magic Retouch Spray Retoca Raízes Preto embalagem 100 ml,Magic Retouch,,"11,99 €","(119,90 € / Litro)",
Tomate Cherry Amarelo embalagem 250 g,,,"2,95 €","(11,80 € / Kg)",
Vieira Bolachas Maria embalagem 200 g,Vieira,,"0,99 €","(4,95 € / Kg)",
Jordan Fio Dental 3 em 1 embalagem 36 unidades,Jordan,,"4,99 €","(3,74 € / Unidade)","4,99 €"
Tuc Crackers Cream Onion embalagem 100 g,Tuc,,"1,19 €","(11,90 € / Kg)",
Silvex Sacos de Congelação 25 unidades,Silvex,,"2,69 €","(0,11 € / Unidade)",
Nivea Leite para Corpo Nutritivo 48h Pele Seca a Muito Seca embalagem 625 ml,Nivea,,"9,99 €","(15,98 € / Litro)",
Barnangen Loção para o Corpo Óleo Intenso embalagem 400 ml,Barnangen,,"7,69 €","(19,22 € / Litro)",
Pato Real Minuto Arroz Basmati embalagem 260 g,Pato Real Minuto,,"3,29 €","(12,65 € / Kg)",
Manga de Avião Palmer Peso Aproximado por unidade 450 g,,,"4,49 €/kg",,
Dez Prá Uma Empadinhas de Galinha 12 unidades embalagem 840 g,Dez Prá Uma,,"16,60 €","(19,76 € / Kg)",
Mevgal Iogurte Grego 2% sem Lactose embalagem 150 g,Mevgal,,"1,35 €",(9 € / Kg),
Française de Gastronomie Folhados de Queijo de Cabra 4 Unidades embalagem 240 g,Française de Gastronomie,,"4,55 €","(18,96 € / Kg)",
Royal Conti Licor Amaretto garrafa 70 cl,Royal Conti,,"8,69 €","(12,41 € / Litro)",
Glamour Molas para Cabelo Fantasia embalagem 3 unidades,Glamour,,"3,49 €","(1,16 € / Unidade)",
Salsicharia Limiana Bacon Extra em Nacos embalagem 200 g,Salsicharia Limiana,,"2,25 €","(11,25 € / Kg)",
Knorr Creme de Lagosta 4 porções embalagem 61 g,Knorr,,"1,49 €","(24,43 € / Kg)",
La Toja Gel de Banho Aloe Vera e Sais Minerais embalagem 550 ml,La Toja,,"4,35 €","(0,79 € / 10 ml.)",
Herdade do Peso Conjunto de 2 Garrafas Vinho do Alentejo Trinca Bolotas garrafa 75 cl,Herdade do Peso,,"13,98 €","(9,32 € / Litro)",
Alternativa 3 Café Descafeinado para Nespresso Biológico embalagem 10 cápsulas,Alternativa 3,,"4,45 €","(0,44 € / Unidade)",
Develey Mostarda Picante frasco 250 ml,Develey,,"2,99 €","(11,96 € / Litro)",
Casting Creme Gloss Coloração Nº 550 Acaju embalagem 1 unidade,Casting Creme Gloss,,"9,99 €","(9,99 € / Unidade)",
Cem Porcento Farinha de Coco Biológica embalagem 200 g,Cem Porcento,,"1,69 €","(8,45 € / Kg)",
Not Guilty Manteiga de Caju frasco 200 g,Not Guilty,,"5,99 €","(29,95 € / Kg)",
Cachopas Queijo Fresco de Vaca e Cabra com Salsa e Alho unidade 150 g,Cachopas,,"1,79 €","(11,93 € / Kg)",
Président Snack de Cabra embalagem 170 g,Président,,"3,45 €","(20,29 € / Kg)",
Portas da Herdade Vinho Tinto Regional Alentejano Touriga Nacional garrafa 75 cl,Portas da Herdade,,"6,99 €","(9,32 € / Litro)",
Gillette Venus Platinum Máquina Depilatória Extra Smooth embalagem 1 unidade,Gillette Venus Platinum,,"11,99 €","(11,99 € / Unidade)",
Nivea Cera Efeito Mate embalagem 75 ml,Nivea,,"5,99 €","(79,87 € / Litro)",
Mackays Geleia de Gengibre frasco 340 g,Mackays,,"3,79 €","(7,79 € / Kg)","3,79 €"
Beefeater Gin garrafa 70 cl,Beefeater,,"16,99 €","(24,27 € / Litro)",
Rozés Vinho do Porto Reserva garrafa 75 cl,Rozés,,"15,45 €","(20,60 € / Litro)",
L'Oréal Elvive Total Reapair 5 Champô Reparador para Cabelo Estragado embalagem 690 ml,L'Oréal,,"9,99 €","(14,48 € / Litro)",
Toalhitas Desinfectantes embalagem 15 unidades,,,"1,99 €","(0,13 € / Unidade)",
"Entrecosto de Porco à Italiana Peso Aproximado 1,2 kg",,,"5,95 €/kg",,
Salutem Hambúrguer de Tofu e Cenoura biológico embalagem 150 g,Salutem,,"3,69 €","(24,60 € / Kg)",
Gorila Super Pastilhas Menta embalagem 1 unidade,Gorila Super,,"0,69 €","(0,69 € / Unidade)",
"Carbonell Azeite 0,4º embalagem 1 L",Carbonell,,"5,99 €","(5,99 € / Litro)",
Pancrek Crackers embalagem 250 g,Pancrek,,"2,69 €","(10,76 € / Kg)",
Ruffles Batatas Fritas Onduladas com Sabor a Presunto sem Glúten embalagem 80 g,Ruffles,,"0,99 €","(9,25 € / Kg)","0,99 €"
Nestlé Cerelac 1ª Papa Infantil Láctea Multifrutos Sem Glúten embalagem 250 g,Nestlé Cerelac,,"3,99 €","(15,96 € / Kg)",
Nobre Refeição Vegalia Caril de Grão Vegan embalagem 420 g,Nobre,,"4,49 €","(10,69 € / Kg)",
El Almendro Torrão Macio com Chocolate Negro embalagem 250 g,El Almendro,,"5,79 €","(23,16 € / Kg)",
Chicco Toalhitas de Limpeza embalagem 72 unidades,Chicco,,"2,99 €","(0,04 € / Unidade)",
Barilla Massa para Lasanha embalagem 250 g,Barilla,,"1,59 €","(6,36 € / Kg)",
Glamour Style Elástico para Cabelo Castanho embalagem,Glamour Style,,"2,29 €","(2,29 € / Unidade)",
Soria Natural Bebida de Aveia com Cálcio Biológica 1 L,Soria Natural,,"2,20 €","(2,20 € / Litro)",
Pescanova Argolas do Mar embalagem 1 kg,Pescanova,,"9,99 €","(9,99 € / Kg)",
El Corte Inglés Pão de Forma Rústico embalagem 550 g,El Corte Inglés,,"1,59 €","(2,89 € / Kg)",
"Vinho Tinto do Dão Magnum garrafa 1,5 L",,,"59,90 €","(39,93 € / Litro)",
Paté de Azeitonas Pretas Bio frasco 140 g,,,"3,85 €","(27,50 € / Kg)",
Eidmann Salsichas Frankfurt frasco 250 g,Eidmann,,"7,45 €","(29,80 € / Kg)",
Clean & Clear Creme Hidratante de Dupla Acção embalagem 100 ml,Clean & Clear,,"6,99 €","(69,90 € / Litro)",
El Corte Inglés Sacos do Lixo com Auto Fecho 30 L 55 x 60 cm embalagem 40 unidades,El Corte Inglés,,"1,90 €","(0,05 € / Unidade)",
Monster Bebida Energética Ultra Red Energy Zero Açúcar lata 50 cl,Monster,,"1,60 €","(3,20 € / Litro)",
Harpic Power 6 Desinfectante Blue Explosão Atlântica embalagem 39 g,Harpic Power 6,,"3,29 €","(84,36 € / Kg)",
Huggies Drynites Cuecas Médias Menina 4 aos 7 Anos embalagem 16 unidades,Huggies Drynites,,"9,09 €","(0,57 € / Unidade)",
Lactovit Activit Gel de Banho Protetor embalagem 650 ml,Lactovit Activit,,"5,19 €","(7,98 € / Litro)",
Jordan Escova de Dentes Expert Clean Suave embalagem 1 unidade,Jordan,,"3,99 €","(3,99 € / Unidade)",
Lizi's Granola Biológica embalagem 400 g,Lizi's,,"12,49 €","(31,22 € / Kg)",
Royal Gelatin 10 KCAL sabor Morango embalagem 100 g,Royal,,"3,85 €","(4,81 € / Kg)",
Celeiro da Terra Biscoitos de Manteiga embalagem 250 g,Celeiro da Terra,,"3,59 €","(14,36 € / Kg)",
Vinha da Urze Vinho Tinto do Douro Reserva Biológico garrafa 75 cl,Vinha da Urze,,"9,50 €","(12,67 € / Litro)",
Becel Creme de Barrar embalagem 225 g,Becel,,"2,99 €","(13,29 € / Kg)",
Sagres Cerveja Preta Mini Pack 6 unidades embalagem 25 cl,Sagres,,"4,45 €","(2,97 € / Litro)",
Prince Molho Tahini embalagem 300 g,Prince,,"3,39 €","(11,30 € / Kg)",
Renova Black Label Guardanapos Mexican Skull embalagem 20 unidades,Renova Black Label,,"2,19 €","(0,11 € / Unidade)",
Ahumados Dominguez Molho Nórdico Especial para Salmão Fumado embalagem 185 g,Ahumados Dominguez,,"3,99 €","(22,42 € / Kg)",
"El Corte Inglés Detergente Líquido para o Chão embalagem 1,5 L",El Corte Inglés,,"1,10 €","(0,73 € / Litro)",
Confiança Sabonete Pedra Pomes embalagem 75 g,Confiança,,"1,29 €","(17,20 € / Kg)",
Ramirez Sardinhas em Azeite lata 125 g,Ramirez,,"1,39 €","(11,58 € / Kg)",
Blackett Vinho do Porto Tawny Reserva garrafa 75 cl,Blackett,,"15,49 €","(20,65 € / Litro)",
English Tea Shop Chá de Camomila Biológico embalagem 20 g,English Tea Shop,,"3,99 €","(199,50 € / Kg)",
Codyfer Cabide para Cintos 1 unidade,Codyfer,,"4,65 €","(4,65 € / Unidade)",
Dr.Organic Sabonete Melale Biológico embalagem 100 g,Dr.Organic,,"4,19 €","(41,90 € / Kg)",
Estragão embalagem 20 g,,,"1,50 €",(75 € / Kg),
Nobre Presunto Sabor Português 1/4 embalagem 1 kg,Nobre,,"22,99 €","(22,99 € / Kg)",
Exquisa Quark Natural embalagem 500 g,Exquisa,,"3,09 €","(6,18 € / Kg)",
Pai Vinho Tinto do Tejo Edição Comemorativa Reserva garrafa 75 cl,Pai,,"3,85 €","(5,13 € / Litro)",
"Nestlé Naturnes Pacotinho de Maçã, Banana e Aveia embalagem 90 g",Nestlé Naturnes,,"1,05 €","(11,67 € / Kg)",
Luso Água Mineral com Torneira embalagem 10 L,Luso,,"4,25 €","(0,42 € / Litro)",
Manoella Vinho Branco do Douro garrafa 75 cl,Manoella,,"13,15 €","(17,53 € / Litro)",
Capdevila Extreme Foie Gras Mi Cuit de Pato com Confit de Figo unidade 65 g,Capdevila Extreme,,"5,99 €","(92,15 € / Kg)",
Joya Bebida de Aveia com Chia Enriquecido em Ómega 3 embalagem 1 L,Joya,,"2,90 €","(2,90 € / Litro)",
"Sunny Delight Morango embalagem 1,25 L",Sunny Delight,,"1,99 €","(1,59 € / Litro)",
Garnier Color Sensation Coloração Permanente Intensa Nº 6.35 Louro Caramelo embalagem 1 unidade,Garnier Color Sensation,,"8,85 €","(8,85 € / Unidade)",
Veckia Sabonete de Rosa Mosqueta embalagem 125 g,Veckia,,"1,15 €","(0,92 € / 100 gr.)",
La Cocina de Senén Croquetes de Presunto Ibérico sem Glúten embalagem 200 g,La Cocina de Senén,,"4,19 €","(20,95 € / Kg)",
Herbal Essences Bio-Renew Máscara Capilar Hidrata Leite de Coco embalagem 250 ml,Herbal Essences Bio-Renew,,"4,99 €","(14,96 € / Litro)","4,99 €"
Campofrio Salsichas Frankfurt embalagem 140 g,Campofrio,,"0,99 €","(7,07 € / Kg)",
Quinta da Bacalhôa Vinho Tinto de Terras do Sado garrafa 75 cl,Quinta da Bacalhôa,,"16,99 €","(22,65 € / Litro)",
Evax Maxi Plus Protege-Slips embalagem 30 unidades,Evax Maxi Plus,,"3,25 €","(0,08 € / Unidade)","3,25 €"
Lu Bolachas Mini Stars Recheadas com Chocolate de Leite embalagem 187 g,Lu,,"2,39 €","(12,78 € / Kg)",
Aliada Luvas de Látex Alta Adaptabilidade Médias/Grandes embalagem 50 unidades,Aliada,,"6,99 €","(0,14 € / Unidade)",
Bovril Molho Fortificante Alimentar frasco 125 g,Bovril,,"5,95 €","(47,60 € / Kg)",
Vileda Ultra Max Sistema de Limpeza com Balde + Mopa embalagem 2 unidades,Vileda Ultra Max,,"39,99 €","(39,99 € / Unidade)",
Letur Kéfir de Vaca com Mirtilos Biológico Pack 2 embalagem 125 g,Letur,,"2,79 €","(11,16 € / Kg)",
Wudy Salsichas de Aves com Queijo sem Glúten embalagem 150 g,Wudy,,"1,19 €","(7,93 € / Kg)",
Tropical Bebida Natural de Aloe Vera embalagem 500 ml,Tropical,,"1,79 €","(3,58 € / Litro)",
Colgate Max White Pasta de Dentes Pack 2 embalagem 150 ml,Colgate Max White,,"7,13 €","(47,53 € / Litro)",
Max Lumen Gel Combustível embalagem 1 L,Max Lumen,,"8,50 €","(8,50 € / Litro)",
Letra Cerveja Artesanal Bicho Mato Double Rye IPA garrafa 33 cl,Letra,,"3,29 €","(9,97 € / Litro)",
Delta Café Solúvel Grancafe Gold frasco 200 g,Delta,,"5,99 €","(29,95 € / Kg)",
Milka Chocolate de Leite com Extra Cacau embalagem 100 g,Milka,,"1,69 €","(16,90 € / Kg)",
Quinta do Crasto Vinho Tinto do Douro garrafa 75 cl,Quinta do Crasto,,"8,99 €","(11,99 € / Litro)",
Tulip Corned Beef lata 340 g,Tulip,,"5,69 €","(16,74 € / Kg)",
Dom Rafael Vinho Branco do Alentejo garrafa 75 cl,Dom Rafael,,"9,99 €","(13,32 € / Litro)",
Nacional Macarrão Penne Biológico embalagem 500 g,Nacional,,"1,89 €","(3,78 € / Kg)",
Baguete Rústica unidade 270 g,,,"0,95 €","(3,52 € / Kg)",
Enso Gengibre para Sushi embalagem 200 g,Enso,,"6,19 €","(30,95 € / Kg)",
El Corte Inglés Selection Tomate Inteiro Pelado lata 240 g,El Corte Inglés Selection,,"1,45 €","(6,04 € / Kg)",
Carina Rissóis de Queijo e Fiambre 350 g,Carina,,"1,69 €","(4,83 € / Kg)",
Westfalia Salsichas Frankfurt sem Glúten e sem Lactose embalagem 275 g,Westfalia,,"4,35 €","(15,82 € / Kg)",
Campofrio Churrasco Salsichas com Finas Ervas embalagem 200 g,Campofrio Churrasco,,"2,69 €","(13,45 € / Kg)",
S&B Sopa Shiro Miso embalagem 30 g,S&B,,"5,15 €","(171,67 € / Kg)",
Croustipate Massa Folhada com Manteiga embalagem 280 g,Croustipate,,"3,19 €","(11,39 € / Kg)",
Gullón Bolachas de Aveia Vitalday Recheadas com Iogurte e Frutos Vermelhos embalagem 220 g,Gullón,,"2,55 €","(11,59 € / Kg)",
St. Dalfour Doce de Maçã e Canela frasco 284 g,St. Dalfour,,"4,39 €","(15,46 € / Kg)",
Couquinho Vinho Branco do Douro Superior garrafa 75 cl,Couquinho,,"10,45 €","(13,93 € / Litro)",
Dr.Organic Loção para o Corpo com Coco Biológica embalagem 200 ml,Dr.Organic,,"12,59 €","(62,95 € / Litro)",
Président Queijo Fresco Magro 0% Gordura Pack 4 embalagem 250 g,Président,,"1,99 €","(7,96 € / Kg)",
Vaseline Desodorizante Active Fresh Spray embalagem 250 ml,Vaseline,,"4,49 €","(17,96 € / Litro)",
Aliada Doce de Alperce frasco 410 g,Aliada,,"1,49 €","(3,63 € / Kg)",
Castello D'Alba Vinho Tinto do Douro Reserva Magnum garrafa 3 L,Castello D'Alba,,79 €,"(26,33 € / Litro)",
"Super Bock Cerveja sem Álcool 0,0% lata 33 cl",Super Bock,,"0,85 €","(2,58 € / Litro)",
Special Line Edulcante Granulado embalagem 100 g,Special Line,,"1,89 €","(0,02 € / Unidade)",
Babaria Desinfectante para as Mãos 70% Álcool de Baunilha embalagem 100 ml,Babaria,,"2,49 €","(0,02 € / Unidade)",
"Marquês de Borba Vinho Branco do Alentejo Late Harvest garrafa 37,5 cl",Marquês de Borba,,"22,90 €","(0,61 € / Litro)",
Gliss Oil Nutritive Condicionador para Pontas Espigadas embalagem 200 ml,Gliss Oil Nutritive,,"4,99 €","(24,95 € / Litro)",
Ferbar Polvilho Doce embalagem 500 g,Ferbar,,"2,99 €","(5,98 € / Kg)",
Kellogg's Cereais Variety Pack 8 embalagem 215 g,Kellogg's,,"4,09 €","(19,02 € / Kg)",
Dez Prá Uma Espinafres à Lá Créme até 2 pessoas embalagem 500 g,Dez Prá Uma,,"8,50 €",(17 € / Kg),
Celeiro de Cistér Feijão Encarnado embalagem 500 g,Celeiro de Cistér,,"0,99 €","(1,98 € / Kg)",
Monte da Ravasqueira Vinho Branco do Alentejo Sauvignon Blanc garrafa 75 cl,Monte da Ravasqueira,,"6,45 €","(8,60 € / Litro)",
Nonno Nanni Queijo Robiola unidade 100 g,Nonno Nanni,,"2,69 €","(26,90 € / Kg)",
Calgon Express Balls Anti-Calcário 2 em 1 para a Máquina da Roupa embalagem 38 unidades,Calgon Express Balls,,"17,32 €","(0,34 € / Unidade)","17,32 €"
Quinta da Soalheira Vinho do Porto Datado 10 Anos garrafa 75 cl,Quinta da Soalheira,,"21,99 €","(29,32 € / Litro)",
Curral Atlantis Vinho Branco dos Açores garrafa 75 cl,Curral Atlantis,,"37,90 €","(50,53 € / Litro)",
Paltsidis Patê Feta Tyrosalata embalagem 200 g,Paltsidis,,"4,29 €","(21,45 € / Kg)",
Maria Organic Sardinhas em Azeite Virgem Extra Biológico embalagem 120 g,Maria Organic,,"2,49 €","(20,75 € / Kg)",
Vallegre Vinho do Porto Reserva Ruby garrafa 75 cl,Vallegre,,"23,49 €","(31,32 € / Litro)",
Curral Atlântis Vinho Tinto dos Açores Merlot Cabernet Sauvignon garrafa 75 cl,Curral Atlântis,,"9,25 €","(12,33 € / Litro)",
Aliada Arroz Redondo Extra embalagem 1 kg,Aliada,,"0,99 €","(0,99 € / Kg)",
Cellislim Infusão Quilos Supérfluos embalagem 20 unidades,Cellislim,,"4,45 €","(0,22 € / Unidade)",
Próvida Pevides de Abóbora sem Casca Biológicas embalagem 200 g,Próvida,,"3,99 €","(19,95 € / Kg)",
Pêra Comice Peso Aproximado por unidade 185 g,,,"2,29 €/kg",,"2,29 €/kg"
Coren Bife da Perna Biológico Peso Aproximado por cuvete 350 g,Coren,,"6,63 €","(18,95 € / Kg)",
Oldenburger Manteiga sem Sal embalagem 250 g,Oldenburger,,"3,75 €",(15 € / Kg),
Globo Trigo para Kibe embalagem 500 g,Globo,,"2,79 €","(5,58 € / Kg)",
Ribeira Proteína Natural Peito de Frango lata 160 g,Ribeira,,"2,99 €","(18,69 € / Kg)",
Codyfer Palmilhas Tamanho 41-42 1 par,Codyfer,,"6,39 €","(6,39 € / Unidade)",
Maybelline Colossal Máscara de Volume Big Shot Black embalagem 1 unidade,Maybelline Colossal,,"9,99 €","(9,99 € / Unidade)",
Ahumados Dominguez Mini Blinis 30 Unidades embalagem 135 g,Ahumados Dominguez,,"4,99 €","(36,96 € / Kg)",
El Corte Inglés Bolachas Redondinhos de Chocolate Preto embalagem 150 g,El Corte Inglés,,"0,85 €","(5,67 € / Kg)",
Vileda Luvas Multi Latex M/L embalagem 10 unidades,Vileda,,"2,99 €","(0,30 € / Unidade)",
Yoggi Iogurte Líquido de Frutos Silvestres sem Lactose Pack 4 embalagem 160 g,Yoggi,,"3,29 €","(5,14 € / Kg)",
Norit Detergente para a Máquina da Roupa Peles Sensíveis ou Atópicas embalagem 40 doses,Norit,,"13,19 €","(0,33 € / Dose)",
Triunfo Digestive Bolachas Digestivas Cobertas com Chocolate embalagem 300 g,Triunfo Digestive,,"2,69 €","(8,97 € / Kg)",
Protex Desodorizante para os Pés em Spray embalagem 150 ml,Protex,,"5,65 €","(37,67 € / Litro)",
Marquês de Marialva Vinho Tinto da Bairrada Grande Reserva garrafa 75 cl,Marquês de Marialva,,"24,90 €","(33,20 € / Litro)",
Chaumes Queijo Fromages des Chaumes,Chaumes,,"30,99 €/kg",,
Alho Francês em Rodelas embalagem 450 g,,,"1,49 €","(3,31 € / Kg)",
El Corte Inglés Peito de Frango Assado embalagem 280 g,El Corte Inglés,,"5,59 €","(19,96 € / Kg)",
"Dgdegusta Rebuçados de Fruta Sortida ""Lisboa"" lata 100 g",Dgdegusta,,"3,99 €","(39,90 € / Kg)",
El Corte Inglés Pedaços de Potas em Molho Americano lata 72 g,El Corte Inglés,,"1,69 €","(15,23 € / Kg)",
Kellogg's Extra Granola com Frutas embalagem 375 g,Kellogg's Extra,,"4,39 €","(11,71 € / Kg)",
"Mateus Vinho Rosé garrafa 1,5 L",Mateus,,"8,59 €","(5,73 € / Litro)",
Skandia Salmão Fumado com Pimenta Jamaica unidade 80 g,Skandia,,"5,59 €","(69,88 € / Kg)",
Magno Gel de Banho Gold Exclusive embalagem 550 ml,Magno,,"5,90 €","(1,07 € / 10 ml.)",
Schlagfix Chantily Vegan sem Glúten embalagem 200 ml,Schlagfix,,"3,49 €","(17,45 € / Litro)",
Confiança Sabonete Hidratante embalagem 100 g,Confiança,,"1,49 €","(14,90 € / Kg)",
Andros Sumo de Maçã embalagem 1 L,Andros,,"3,99 €","(3,99 € / Litro)",
Vinho Branco garrafa 75 cl,,,"1,29 €","(1,72 € / Litro)",
Alfaiate Vinho Branco de Setúbal garrafa 75 cl,Alfaiate,,"12,95 €","(17,27 € / Litro)",
Cem Porcento Bolachas Wafers de Fibra e Baunilha embalagem 180 g,Cem Porcento,,"2,19 €","(12,17 € / Kg)",
Museu do Pão Pão de Trigo embalagem 450 g,Museu do Pão,,"1,80 €",(4 € / Kg),
Nestlé Leite Condensado Magro lata 387 g,Nestlé,,"1,99 €","(5,14 € / Kg)",
Condi Preparado para Gelatina Vegetal de Coco embalagem 180 g,Condi,,"2,05 €","(11,39 € / Kg)",
Chanteau Minuty Vinho Rosé Francês Provence garrafa 75 cl,Chanteau Minuty,,"17,49 €","(23,32 € / Litro)",
Laoganma Base Sopa Picante para Hot Pot embalagem 160 g,Laoganma,,"3,35 €","(20,94 € / Kg)",
Peppa Pig Bola de Natal com Chocolates lata 15 g,Peppa Pig,,"3,40 €","(226,67 € / Kg)",
Diadermine Lift+ Creme Nutritivo de Noite embalagem 50 ml,Diadermine Lift+,,"17,59 €","(351,80 € / Litro)",
Chocapic Cereais de Chocolate 250 g Grátis embalagem 1 kg,Chocapic,,"4,99 €","(4,99 € / Kg)",
Farmhouse Mini Biscoitos de Chocolate com Pepitas Rena embalagem 200 g,Farmhouse,,"9,30 €","(46,50 € / Kg)",
Bolachas Wafers de Coco embalagem 140 g,,,"1,59 €","(11,36 € / Kg)",
Herbal Essences Bio-Renew Condicionador Repara com Óleo de Argão Vegan embalagem 275 ml,Herbal Essences Bio-Renew,,"4,99 €","(13,60 € / Litro)","4,99 €"
Studio Line Indestructible Gel Fixação Extrema embalagem 150 ml,Studio Line Indestructible,,"5,99 €","(39,93 € / Litro)",
El Corte Inglés Leite Meio Gordo sem Lactose embalagem 1 L,El Corte Inglés,,"1,05 €","(1,05 € / Litro)",
Villar Lombo Curado em Fatias unidade 50 g,Villar,,"1,79 €","(35,80 € / Kg)",
Lapas ao peso 1,,,"12,99 €/kg",,
Globo Corante Amarelo Ovo frasco 28 ml,Globo,,"1,65 €","(58,93 € / Litro)",
Danone Activia Zero Iogurte Líquido de Lima e Limão Pack 4 embalagem 160 g,Danone Activia Zero,,"1,99 €","(3,11 € / Kg)",
Al-Andalus Doce de Frutos do Bosque frasco 250 g,Al-Andalus,,"3,95 €","(15,80 € / Kg)",
Planta Natur Chá Imunidade embalagem 15 g,Planta Natur,,"1,69 €","(112,67 € / Kg)",
Alpro Bebida de Aveia sem Açúcar embalagem 1 L,Alpro,,"2,39 €","(2,39 € / Litro)",
Gullón Bolachas Twins Sandwich Pack 4 embalagem 176 g,Gullón,,"1,25 €","(7,10 € / Kg)",
Beef Jerky Carne Seca dos Açores embalagem 150 g,Beef Jerky,,"23,95 €","(159,67 € / Kg)",
Globo Morango Desidratado embalagem 90 g,Globo,,"2,99 €","(33,22 € / Kg)",
Instituto Espanol Loção para o Corpo Peles Atópicas embalagem 300 ml,Instituto Espanol,,"5,49 €","(18,30 € / Litro)",
Findus Espinafres com Alho embalagem 450 g,Findus,,"3,99 €","(8,87 € / Kg)",
Paladin Molho de Coentros e Alho embalagem 250 ml,Paladin,,"2,39 €","(9,56 € / Litro)",
Aga Acetona Lanolizada embalagem 60 ml,Aga,,"1,40 €","(23,33 € / Litro)",
Quinta de Ventozelo Vinho Tinto do Douro Tinta Roriz garrafa 75 cl,Quinta de Ventozelo,,"13,90 €","(18,53 € / Litro)",
Saloio Azeite Virgem Extra Premium garrafa 500 ml,Saloio,,"6,15 €","(12,30 € / Litro)",
Fini Gomas Fizzy Arizona sem Glúten embalagem 80 g,Fini,,"0,89 €","(11,12 € / Kg)",
Biscoitos da Vila Broas de Mel embalagem 500 g,Biscoitos da Vila,,"4,15 €","(8,30 € / Kg)",
Grand-Mère Paté com Cogumelos kg,Grand-Mère,,"14,49 €/kg",,
Mississippi Belle Manteiga de Amendoim Cremosa embalagem 510 g,Mississippi Belle,,"7,89 €","(15,47 € / Kg)",
El Corte Inglés Espargos Brancos Curtos Médios frasco 110 g,El Corte Inglés,,"2,80 €","(25,45 € / Kg)",
"Valsoia Mini Gelados de Chocolate, Caju e Caramelo Vegan Pack 4 embalagem 252 g",Valsoia,,"4,59 €","(18,21 € / Kg)",
Gillette Fusion Power Máquinas Recargas embalagem 4 unidades,Gillette Fusion Power,,"19,99 €",(5 € / Unidade),
Panrico Pão Hot Dog 6 Unidades embalagem 330 g,Panrico,,"1,79 €","(5,42 € / Kg)",
Real Natura Máscara Capilar Intensiva Pro-Cor Complexo B com Pantenol embalagem 1 kg,Real Natura,,"11,90 €","(11,90 € / Kg)",
Enso Panko-Pão Ralado embalagem 100 g,Enso,,"4,25 €","(42,50 € / Kg)",
Lima & Quental Licor de Banana garrafa 70 cl,Lima & Quental,,"12,95 €","(18,50 € / Litro)",
Salutem Flocos de Aveia 0% Açúcar embalagem 375 g,Salutem,,"2,29 €","(6,11 € / Kg)",
Dettol Sabonete Líquido para as Mãos Anti-Bacteriano Suavizante embalagem 250 ml,Dettol,,"3,19 €","(12,76 € / Litro)",
Ben & Jerry's Gelado de Chocolate Fudge Brownie embalagem 465 ml,Ben & Jerry's,,"6,79 €","(14,60 € / Litro)",
Danone Oikos Iogurte Grego de Pêssego Pack 4 embalagem 110 g,Danone Oikos,,"2,39 €","(5,43 € / Kg)",
Colgate 360º Advanced Escova de Dentes Média embalagem 1 unidade,Colgate 360º Advanced,,"4,99 €","(4,99 € / Unidade)",
Spontex Microfibre Pano Multiusos 1 unidade,Spontex Microfibre,,"2,29 €","(2,29 € / Unidade)",
Nature's Charm Flor de Banana em Marinada de Algas Vegan lata 510 g,Nature's Charm,,"4,49 €","(8,80 € / Kg)",
Altas Quintas Vinho Branco do Alentejo Crescendo garrafa 75 cl,Altas Quintas,,"9,95 €","(13,27 € / Litro)",
Labeyrie Bloc de Foie Gras de Pato com Armagnac embalagem 80 g,Labeyrie,,"14,90 €","(186,25 € / Kg)",
Palmolive Gel de Banho Naturals Olive Pump embalagem 750 ml,Palmolive,,"6,49 €","(8,65 € / Litro)",
Babaria Serum Facial com Colagénio Vegan embalagem 30 ml,Babaria,,"6,99 €",(233 € / Litro),
Nobre Salsichas Frankfurt 8 unidades lata 200 g,Nobre,,"1,49 €","(7,45 € / Kg)",
Nestlé Kit Kat Pops Chocolate Leite e Avelãs embalagem 110 g,Nestlé Kit Kat,,"2,89 €","(26,27 € / Kg)",
Milhafre Queijo da Ilha Terceira Meia Cura Cremoso kg,Milhafre,,"13,99 €/kg",,
"Oroweat Pão Integral com Sementes de Girassol, Abóbora e Papoila embalagem 680 g",Oroweat,,"2,05 €","(3,01 € / Kg)",
Quintal dos Açores Pimenta do Queijo Normal garrafa 125 ml,Quintal dos Açores,,"2,30 €","(18,40 € / Litro)",
Espiga Noz Moscada Moída embalagem 50 g,Espiga,,"3,79 €","(75,80 € / Kg)",
Aveleda Vinho Branco do Minho Alvarinho garrafa 75 cl,Aveleda,,"5,99 €","(7,99 € / Litro)",
"Innocent Super Smoothie Energia de Morango, Cereja, Maçã, Guaraná, Sementes de Linhaça e Vitaminas garrafa 300 ml",Innocent,,"2,29 €","(7,63 € / Litro)",
Bonduelle Salteado da Horta embalagem 400 g,Bonduelle,,"2,94 €","(7,35 € / Kg)",
El Corte Inglés Creme de Queijo Camembert para Barrar embalagem 125 g,El Corte Inglés,,"1,79 €","(14,32 € / Kg)",
Fanta Refrigerante com Sabor a Guaraná sem Adição de Açúcares com Gás lata 33 cl,Fanta,,"0,69 €","(2,09 € / Litro)",
El Corte Inglés Selection Queijo Curado Pré-Cortado unidade 250 g,El Corte Inglés Selection,,"5,29 €","(21,16 € / Kg)",
Aoste Mousse de Foie de Pato 2 Unidades embalagem 200 g,Aoste,,"3,95 €","(19,75 € / Kg)",
Nutribén Banana e Maçã 4 Meses frasco 120 g,Nutribén,,"1,05 €","(8,75 € / Kg)",
Wunda Bebida Vegetal embalagem 950 ml,Wunda,,"2,69 €","(2,83 € / Litro)",
Bio Inside Ervas Aromáticas Ultra Congeladas Biológicas embalagem 75 g,Bio Inside,,"2,30 €","(30,67 € / Kg)",
Cataliment Pérolas de Cavala frasco 100 g,Cataliment,,"3,99 €","(39,90 € / Kg)",
Bonne Maman Doces em Miniaturas Pack 5 frasco 50 g,Bonne Maman,,"5,19 €","(20,76 € / Kg)",
Mestemacher Pão Negro Integral embalagem 250 g,Mestemacher,,"2,19 €","(8,76 € / Kg)",
Ta-Tung Rollito Primavera embalagem 280 g,Ta-Tung,,"2,99 €","(10,68 € / Kg)",
Branca de Neve Farinha para Pão Brioche embalagem 500 g,Branca de Neve,,"2,66 €","(5,32 € / Kg)",
Miguelañez Gomas Jellypack Tacos Recheados embalagem 200 g,Miguelañez,,"2,79 €","(13,95 € / Kg)",
Veckia Creme para as Mãos Nutritivo com Karité para Todos os Tipos de Pele embalagem 50 ml,Veckia,,"1,05 €","(2,10 € / 10 ml.)",
Linguini com Bacon e Cogumelos 1 unidade,,,"8,50 €",,
Delta Q Café Tanzania embalagem 10 cápsulas,Delta Q,,"3,99 €","(0,40 € / Unidade)",
Mercurochrome Prevenção Bolhas embalagem 1 unidade,Mercurochrome,,"5,15 €","(3,85 € / Unidade)","5,15 €"
Joana Reymão Nogueira Cupcakes de Maçã e Crumble embalagem 2 unidades,Joana Reymão Nogueira,,"1,95 €","(1,95 € / Unidade)",
Sonasol Brilhante Detergente Líquido para Chão de Eucalipto e Menta embalagem 1100 ml,Sonasol Brilhante,,"3,99 €","(3,63 € / Litro)",
A Cagarrita Biscoitos de Orelha embalagem 300 g,A Cagarrita,,"6,25 €","(20,83 € / Kg)",
Cavalle Café Torrado em Grão Biológico embalagem 500 g,Cavalle,,"9,99 €","(19,98 € / Kg)",
St. Dalfour Doce de Gengibre e Laranja frasco 284 g,St. Dalfour,,"3,49 €","(12,29 € / Kg)",
Corisca Pimenta em Vinagre frasco 300 g,Corisca,,"2,79 €","(9,30 € / Kg)",
Dove Creme Intensivo para o Corpo embalagem 150 ml,Dove,,"3,99 €","(26,60 € / Litro)",
Maybelline The Falsies Lash Lift Máscara de Volume Preto embalagem 1 unidade,Maybelline The Falsies Lash Lift,,"12,99 €","(12,99 € / Unidade)",
Camarão Cozido 60/80 ao peso 1 kg,,,"9,99 €/kg",,
El Corte Inglés Torrão de Guirlache sem Glúten embalagem 200 g,El Corte Inglés,,"2,49 €","(12,45 € / Kg)",
Khanum Garam Masala embalagem 100 g,Khanum,,"3,65 €","(36,50 € / Kg)",
Nescafé Dolce Gusto Café Ristretto Barista Intensidade 9 embalagem 16 cápsulas,Nescafé Dolce Gusto,,"5,99 €","(0,37 € / Unidade)",
Ambi Pur Air Ambientador Aerossol Anti-Tabaco de Citrinos embalagem 300 ml,Ambi Pur Air,,"3,99 €","(9,97 € / Litro)","3,99 €"
Joana Reymão Nogueira Bolo da Avó Mármore embalagem 500 g,Joana Reymão Nogueira,,"5,25 €","(10,50 € / Kg)",
Nutribén Leite Crescimento 3 a Partir dos 12 Meses embalagem 800 g,Nutribén,,"13,85 €","(17,31 € / Kg)",
McCain Batatas Mediterrânias com Pele e Ervas Aromáticas para Frigideira Vegan embalagem 750 g,McCain,,"2,99 €","(3,99 € / Kg)",
"Nestlé Boião de Fruta Maçã, Alperce e Banana sen Glutén desde 6 meses embalagem 125 g",Nestlé,,"1,15 €","(9,20 € / Kg)",
"Cem Porcento Chá para Cabelo, Pele e Unhas embalagem 13 g",Cem Porcento,,"0,99 €","(76,15 € / Kg)",
Garijo Baigorri Batatas Fritas Artesanais Doces em Azeite embalagem 130 g,Garijo Baigorri,,"2,79 €","(21,46 € / Kg)",
Blandy's Vinho da Madeira 5 Anos Malmsey garrafa 75 cl,Blandy's,,"15,99 €","(21,32 € / Litro)",
Reserva do Comendador Vinho Tinto do Alentejo garrafa 75 cl,Reserva do Comendador,,"24,19 €","(32,25 € / Litro)",
June Gin Sabor Pêssego e Frutas de Verão garrafa 70 cl,June,,"29,99 €","(42,84 € / Litro)",
"Sunny Delight Sumo de Frutos do Bosque embalagem 1,25 L",Sunny Delight,,"1,99 €","(1,59 € / Litro)",
Maybelline Vivid Matte Liquid Gloss Líquido Mate Cremoso Vivid Matte Nº 43 Vivid Violet embalagem 1 unidade,Maybelline Vivid Matte Liquid,,"7,99 €","(7,99 € / Unidade)",
Espadacinta Vinho Tinto do Douro garrafa 75 cl,Espadacinta,,"4,99 €","(6,65 € / Litro)",
El Corte Inglés Cebola Cortada aos Cubinhos embalagem 300 g,El Corte Inglés,,"0,59 €","(1,97 € / Kg)",
Legado Salsichão Ibérico embalagem 75 g,Legado,,"3,19 €","(42,53 € / Kg)",
Salutem Nutrition Leite de Coco sem Açúcar Biológico embalagem 400 ml,Salutem Nutrition,,"2,29 €","(5,72 € / Litro)",
El Corte Inglés Selection Truta Fumada em Fatias embalagem 100 g,El Corte Inglés Selection,,"5,69 €","(56,90 € / Kg)",
"Franziskaner Cerveja da Alemanha Pack 6 garrafa 35,5 cl",Franziskaner,,"9,99 €","(4,69 € / Litro)",
Gurmesa Espetada Morcela de Arroz peso aproximado por cuvete 1 kg,Gurmesa,,"7,10 €","(7,10 € / Kg)",
Limiano Queijo Flamengo em Fatias sem Lactose embalagem 200 g,Limiano,,"2,69 €","(13,45 € / Kg)",
Nutrégi Gelatina de Maracujá 0% Gordura Pack 4 embalagem 100 g,Nutrégi,,"1,45 €","(3,62 € / Kg)",
Enso Amendoins com Wasabi embalagem 100 g,Enso,,"8,79 €","(87,90 € / Kg)",
Lugrade Lombos de Bacalhau Sublime caixa 1 kg,Lugrade,,"32,95 €","(32,95 € / Kg)",
Ti-ti Batatas Fritas Palha embalagem 500 g,Ti-ti,,"3,55 €","(7,10 € / Kg)",
Gullón Bio Organic Bolachas Digestivas com Chia Vegetarianas  Biológicas embalagem 270 g,Gullón Bio Organic,,"3,89 €","(14,41 € / Kg)",
Nivea Men Sensitive Bálsamo para Pele e Barba de 3 Dias embalagem 125 ml,Nivea Men Sensitive,,"8,99 €","(71,92 € / Litro)",
Luzia Sabonete Líquido para as Mãos Milk Honey Recarga embalagem 500 ml,Luzia,,"0,89 €","(1,78 € / Litro)",
Helios Triângulos Doces de Marmelada 8 Porções embalagem 170 g,Helios,,"1,79 €","(10,53 € / Kg)",
La Carloteña Frango Recheado com Passas e Queijo Cabra unidade 300 g,La Carloteña,,"6,49 €","(21,63 € / Kg)",
Castelões Queijo Curado unidade 500 g,Castelões,,"7,24 €","(14,48 € / Kg)",
Bife da Pá Vitela Barrosã DOP Peso Aproximado por cuvete 200 g,,,"4,59 €","(22,95 € / Kg)",
El Corte Inglés Muesli Crocante com Frutas Vermelhas embalagem 500 g,El Corte Inglés,,"3,09 €","(6,18 € / Kg)",
Vaseline Loção para o Corpo para Pele Seca de Manteiga de Cacau embalagem 200 ml,Vaseline,,"3,99 €","(19,95 € / Litro)",
Sr. Basílio Batatas Fritas Palhíssimas embalagem 400 g,Sr. Basílio,,"5,35 €","(13,38 € / Kg)",
Afonso dos Leitões Leitão Desfiado embalagem 500 g,Afonso dos Leitões,,"12,99 €","(25,98 € / Kg)",
Glamour Pincel Duplo embalagem 1 unidade,Glamour,,"10,35 €","(10,35 € / Unidade)",
Launis Pérolas de Algas frasco 100 g,Launis,,"3,45 €","(34,50 € / Kg)",
San Marcos Salsa Mexicana Pico de Gallo frasco 230 g,San Marcos,,"2,49 €","(10,83 € / Kg)",
Président Queijo Ralado Mozzarella Especial Pizza embalagem 150 g,Président,,"2,99 €","(19,93 € / Kg)",
Pizza Veggie Mix embalagem 390 g,,,"5,69 €","(14,59 € / Kg)",
Azeitona Preta Descaroçada,,,"9,69 €/kg",,
Rexona Men Active Protection+ Desodorizante Invisible Roll-On embalagem 50 ml,Rexona Men Active Protection+,,"4,49 €","(89,80 € / Litro)",
Cif Detergente de Lavagem à Mão Antibacteriano Concentrado embalagem 600 ml,Cif,,"2,99 €","(4,98 € / Litro)",
Manhãzitos Planetus Panquecas embalagem 208 g,Manhãzitos Planetus,,"1,95 €","(9,38 € / Kg)",
Garcia Baquero Queijo Fresco 0% Gordura sem Sal e sem Glúten Pack 4 embalagem 240 g,Garcia Baquero,,"2,35 €","(9,79 € / Kg)",
Kinder Schoko-Bons Bombons de Chocolate embalagem 125 g,Kinder Schoko-Bons,,"3,09 €","(24,72 € / Kg)",
Jean Louis David Tesoura para Unhas embalagem 1 unidade,Jean Louis David,,"7,89 €","(7,89 € / Unidade)",
"Auvermont Queijo Nectaire Aoc Jeune Peso Aproximado por unidade 1,8 kg",Auvermont,,"30,99 €/kg",,
Ritter Sport Chocolate de Leite com Caju embalagem 100 g,Ritter Sport,,"2,59 €","(25,90 € / Kg)",
Patrulha Pata Calendário de Natal com Chocolates embalagem 50 g,Patrulha Pata,,"2,39 €","(47,80 € / Kg)",
Nivea Creme Soft Sabonete Líquido para as Mãos com Óleo de Amêndoa para 2 Recargas embalagem 500 ml,Nivea Creme Soft,,"4,79 €","(9,58 € / Litro)",
Sexy Vinho Tinto do Alentejo garrafa 75 cl,Sexy,,"8,99 €","(11,99 € / Litro)",
Ioniki Folhado Grego Beyond Meat Vegan embalagem 400 g,Ioniki,,"9,49 €","(23,72 € / Kg)",
Monte da Ravasqueira Vinho Rosé do Alentejo garrafa 75 cl,Monte da Ravasqueira,,"5,49 €","(7,32 € / Litro)",
Nivea Protect e Bronze Champô Anti-Grease embalagem 250 ml,Nivea Protect e Bronze,,"4,39 €","(17,56 € / Litro)",
H&S Shampoo Citrus Fresh para Cabelo Oleoso embalagem 1000 ml,H&S,,"9,99 €","(9,99 € / Litro)",
Beaufort Queijo Tradition,Beaufort,,"50,69 €/kg",,
Ausonia Discreet Pensos Mini embalagem 16 unidades,Ausonia Discreet,,"3,99 €","(0,25 € / Unidade)",
Pantene Hair Biology Condicionador Limpeza e Reconstrução embalagem 250 ml,Pantene Hair Biology,,"4,99 €","(19,96 € / Litro)",
Dez Prá Uma Couve Flor Gratinada para 3 pessoas embalagem 00500 g,Dez Prá Uma,,"7,50 €",(15 € / Kg),
Knorr Caldo de Carne sem Sal Pack 8 embalagem 72 g,Knorr,,"2,30 €","(31,94 € / Kg)",
El Chico Preparado para Fabada sem Glúten unidade 250 g,El Chico,,"4,79 €","(19,16 € / Kg)",
Santa Rosalia Mini Hambúrguer Novilho Wagyu embalagem 264 g,Santa Rosalia,,"9,95 €","(37,69 € / Kg)",
Milka Snack Choco embalagem 32 g,Milka,,"3,19 €","(24,92 € / Kg)",
"Body Natur Manteiga Corporal com Manga, Papaia e Marula embalagem 200 ml",Body Natur,,"9,35 €","(34,95 € / Litro)","9,35 €"
Glamour Ganchos para Cabelo Fantasia embalagem 6 unidades,Glamour,,"3,49 €","(0,58 € / Unidade)",
Vicentino Vinho Tinto do Alentejo Reserva garrafa 75 cl,Vicentino,,"17,45 €","(23,27 € / Litro)",
Shoyce Bebida de Amêndoa Suave 0% Lactose embalagem 1 L,Shoyce,,"2,09 €","(2,09 € / Litro)",
Maybelline Tattoo Liner Tinta Temporária para Sobrancelhas Light Brown embalagem 1 unidade,Maybelline Tattoo Liner,,"12,99 €","(12,99 € / Unidade)",
El Corte Inglés Molho Bolonhesa frasco 300 g,El Corte Inglés,,"0,89 €","(2,97 € / Kg)",
Beat's Licor de Avelã garrafa 70 cl,Beat's,,"5,25 €","(7,50 € / Litro)",
Lentilhas Castanhas Granel Biológicas,,,"5,49 €/kg",,
Panrico Pão sem Côdea 9 Cereais Vegan sem Lactose embalagem 480 g,Panrico,,"2,49 €","(5,19 € / Kg)",
Quinta do Pessegueiro Vinho Branco do Douro DOC Reserva garrafa 75 cl,Quinta do Pessegueiro,,"16,99 €","(22,65 € / Litro)",
El Corte Inglés Bolachas Wafer Barquilhos de Nata embalagem 150 g,El Corte Inglés,,"0,79 €","(5,27 € / Kg)",
Voltan Raviolli de Burrata e Tomate Assado embalagem 250 g,Voltan,,"4,45 €","(17,80 € / Kg)",
Gogo Squeez Maçã e Pêssego 100% Fruta Pack 4 embalagem 90 g,Gogo Squeez,,"3,89 €","(10,81 € / Kg)",
Santa Teresa Maionese com Sabor Suave sem Glúten embalagem 125 ml,Santa Teresa,,"1,49 €","(11,92 € / Litro)",
Pantene Champô Super - Alimento BB7 embalagem 360 ml,Pantene,,"4,99 €","(13,86 € / Litro)",
"Carlota Organic Quinoa, Vegetais, Curcúma e Molho de Caril frasco 425 g",Carlota Organic,,"4,99 €","(11,74 € / Kg)",
JJ Vinho Branco do Alentejo Vinho de Talha garrafa 75 cl,JJ,,"22,90 €","(30,53 € / Litro)",
P&H Bandejas 25x34 cm e Renda 31x38 cm embalagem 5 unidades,P&H,,"2,85 €",(570 € / Kg),
Tradizionale Pizza Pancetta Delicata embalagem 375 g,Tradizionale,,"5,49 €","(14,64 € / Kg)",
Cem Porcento Corn Flakes sem Açúcar embalagem 350 g,Cem Porcento,,"1,99 €","(5,69 € / Kg)",
"Emmentaler Queijo Peso Aproximado 2,2 kg",Emmentaler,,"30,99 €/kg",,
Gullón Bolachas Sortidas Choco Premium embalagem 402 g,Gullón,,"4,95 €","(12,31 € / Kg)",
Cabriz Espumante Bruto Mangum garrafa 150 cl,Cabriz,,"17,99 €","(11,99 € / Litro)",
Magnum Mini Gelados Double Caramelo Pack 3 e Double Chocolate Pack 3 embalagem 360 ml,Magnum,,"5,99 €","(16,64 € / Litro)",
Skip Detergente para a Máquina da Roupa Active Clean Ultimate embalagem 66 doses,Skip,,"17,49 €","(0,26 € / Dose)",
Maçarico Azeitonas Mistas Retalhadas com Ervas Aromáticas frasco 350 g,Maçarico,,"2,29 €","(6,54 € / Kg)",
Peccato Gelado de Baunilha embalagem 500 ml,Peccato,,"5,99 €","(11,98 € / Litro)",
Glade Ambientador Eléctrico Relaxing Zen embalagem 20 ml,Glade,,"8,99 €","(449,50 € / Litro)",
Naturefoods Galetes de Trigo Espelta Biológicas embalagem 120 g,Naturefoods,,"1,79 €","(14,92 € / Kg)",
Lusa Monte Azeitonas Verdes Recheadas frasco 360 g,Lusa Monte,,"1,99 €","(5,53 € / Kg)",
Nescafé Dolce Gusto Café Ristretto Ardenza Intensidade 11 Mega Pack embalagem 64 cápsulas,Nescafé Dolce Gusto,,"17,99 €","(0,28 € / Unidade)",
Limiano Queijo Amanteigado de Vaca e Ovelha sem Casca unidade 450 g,Limiano,,"6,19 €","(13,76 € / Kg)",
Nestlé Toffee Crisp Snack de Chocolate de Leite embalagem 38 g,Nestlé Toffee Crisp,,"1,10 €","(28,95 € / Kg)",
Xanpa Spray Multiusos Desinfectante Frescura do Bosque embalagem 750 ml,Xanpa,,"4,29 €","(5,72 € / Litro)",
Knorr Risotteria Risotto Milanesa de Açafrão embalagem 175 g,Knorr Risotteria,,"2,65 €","(15,14 € / Kg)",
El Corte Inglés Feijão Verde Redondo Cortado embalagem 1 kg,El Corte Inglés,,"1,99 €","(1,99 € / Kg)",
Museu do Pão Muffins de Chocolate sem Glúten Pack 4 embalagem 240 g,Museu do Pão,,"4,55 €","(17,04 € / Kg)","4,55 €"
Aga Acetona com Ricino embalagem 250 ml,Aga,,"3,30 €","(13,20 € / Litro)",
Ares de Medeiros Vinho Tinto do Alentejo garrafa 75 cl,Ares de Medeiros,,"5,99 €","(7,99 € / Litro)",
Iglo Crocantes de Frango 2 Unidades embalagem 180 g,Iglo,,"5,29 €","(29,39 € / Kg)",
Mr. Salt Amêndoas Torradas com Sal e Alecrim embalagem 100 g,Mr. Salt,,"2,99 €","(29,90 € / Kg)",
García Baquero Queijo Terno Baixo em Sal em Fatias unidade 68 g,García Baquero,,1 €,"(14,71 € / Kg)",
Whole Earth Refrigerante Cola sem Açúcar Biológico embalagem 330 ml,Whole Earth,,"1,59 €","(4,82 € / Litro)",
Lacasa Ovo de Chocolate LOL embalagem 60 g,Lacasa,,"2,29 €","(38,17 € / Kg)",
Clean & Clear Gel Exfoliante para Pontos Negros embalagem 150 ml,Clean & Clear,,"7,99 €","(53,27 € / Litro)",
Pão Rústico Artesana unidade 400 g,,,"1,25 €","(3,12 € / Kg)",
Santal 100% Sumo de Ananás embalagem 1 L,Santal,,"1,89 €","(1,89 € / Litro)",
Swiffer Mopa Ambipur Recarga embalagem 34 unidades,Swiffer,,"7,59 €","(0,22 € / Unidade)",
Garijo Baigorri Batatas Fritas Artesanais com Wasabi em Azeite embalagem 130 g,Garijo Baigorri,,"2,49 €","(19,15 € / Kg)",
Captain Kombucha Bebida Probiótica de Framboesa Biológica embalagem 400 ml,Captain Kombucha,,"2,29 €","(5,72 € / Litro)",
El Corte Inglés Tostas embalagem 270 g,El Corte Inglés,,"0,96 €","(3,56 € / Kg)",
Skandia Basics Salmão Fumado Norueguês embalagem 80 g,Skandia Basics,,"6,39 €","(79,88 € / Kg)",
Ucal Leite com Chocolate embalagem 1 L,Ucal,,"2,85 €","(2,85 € / Litro)",
Schweppes Refrigerante de Limão com Gás garrafa 1 L,Schweppes,,"1,95 €","(1,95 € / Litro)",
Maldita Cerveja Artesanal Bohemian Pilsen garrafa 33 cl,Maldita,,"2,99 €","(9,06 € / Litro)",
Próvida Óleo de Coco Extra Virgem Biológico garrafa 500 ml,Próvida,,"10,79 €","(21,58 € / Litro)",
Tête de Mort Cerveja Triple Red garrafa 33 cl,Tête de Mort,,"3,59 €","(10,88 € / Litro)",
Quinta do Couquinho Vinho Tinto do Douro garrafa 75 cl,Quinta do Couquinho,,"12,95 €","(17,27 € / Litro)",
El Corte Inglés Azeitonas Recheadas com Anchova Extra 200/400 embalagem 150 g,El Corte Inglés,,"1,99 €","(13,27 € / Kg)",
Not Guilty Bombons 70% Negro Mant. Frutos Secos cubo 80 g,Not Guilty,,"2,99 €","(37,38 € / Kg)",
Casal Mendes Vinho Verde Branco garrafa 75 cl,Casal Mendes,,"3,99 €","(5,32 € / Litro)",
Frosch Detergente de Lavagem à Mão de Limão Ecológico embalagem 750 ml,Frosch,,"3,65 €","(4,87 € / Litro)",
Donaire Detergente para o Chão Harmonia Concentrado embalagem 750 ml,Donaire,,"3,89 €","(5,19 € / Litro)",
Dove Sabonete Líquido Silk 500ML embalagem 500 ml,Dove,,"2,99 €","(5,98 € / Litro)",
Gianni Negrini Pancetta Arrot Mezza Peso Aproximado por unidade 3 kg,Gianni Negrini,,"30,69 €/kg",,
Millan Vicente Sortido de Queijos Tradicionais embalagem 200 g,Millan Vicente,,"2,99 €","(14,95 € / Kg)",
Beirabaga Doce de Maçã e Castanha frasco 270 g,Beirabaga,,"3,49 €","(11,07 € / Kg)","3,49 €"
"Shoyce Bebida de Aveia e Chocolate 0% Açúcares Adicionados, sem Lactose e sem Glúten embalagem 1 L",Shoyce,,"2,09 €","(2,09 € / Litro)",
Gillot Queijo Petit Camembert Biológico unidade 150 g,Gillot,,"4,69 €","(31,27 € / Kg)",
Magabel Chá Graviola Folhas embalagem 50 g,Magabel,,"3,39 €","(67,80 € / Kg)",
Gillette Máquina Deluxe Swirl embalagem 3,Gillette,,"15,49 €","(5,16 € / Unidade)",
La Toja Gel de Banho Hidrotermal com Sais Minerais embalagem 550 ml,La Toja,,"4,35 €","(0,79 € / 10 ml.)",
Reber Bombons Constanze Mozart Herz'l embalagem 80 g,Reber,,"7,49 €","(93,62 € / Kg)",
Old Spice Shower Gel Original embalagem 400 ml,Old Spice,,"4,99 €","(12,48 € / Litro)",
Hendrick`s Gin Neptunia garrafa 70 cl,Hendrick`s,,"41,29 €","(58,99 € / Litro)",
"Bonduelle Três Legumes Couve-Flor, Brócolos e Romanesco embalagem 750 g",Bonduelle,,"3,64 €","(4,85 € / Kg)",
Veckia Gel de Banho Nutritivo para Pele Sensível com Aveia embalagem 750 ml,Veckia,,"1,55 €","(0,21 € / 10 ml.)",
Nestlé Cerelac To Go Farinha Láctea com Mel +12 Meses embalagem 110 g,Nestlé Cerelac To Go,,"1,49 €","(13,55 € / Kg)",
"Croffee Barra de Cereais Amêndoa, Chocolate e Sal Marinho embalagem 90 g",Croffee,,"2,05 €","(22,78 € / Kg)",
"Raid Insecticida Eléctrica Proteção Anti Mosquitos recarga embalagem 36,2 ml",Raid,,"9,89 €","(273,20 € / Litro)",
Xquise Bombons Renas e Pai Natal embalagem 95 g,Xquise,,"6,49 €","(68,32 € / Kg)",
Garnier Bio Creme Hidratante Equilibrante Refrescante de Erva-Limão Biológico embalagem 50 ml,Garnier Bio,,"9,99 €","(199,80 € / Litro)",
Garrafas de Chocolate com Licor embalagem 245 g,,,"19,95 €","(81,43 € / Kg)",
Dr. Oetker Decomagia Fantasia embalagem 78 g,Dr. Oetker,,"4,69 €","(60,13 € / Kg)",
Minerva Filetes de Atum em Azeite com Malagueta lata 120 g,Minerva,,"3,29 €","(27,42 € / Kg)",
Encostas Estremoz Vinho Reserva Estremoz A.B + SY Pack 2 pack 2 75 cl,Encostas Estremoz,,"15,99 €","(3,81 € / Litro)",
Consensual Vinho Tinto do Douro Reserva garrafa 75 cl,Consensual,,"7,85 €","(10,47 € / Litro)",
Sunquick Concentrado Líquido de Laranja garrafa 70 cl,Sunquick,,"4,63 €","(0,66 € / Litro)",
Amêndoas Vale da Rosa embalagem 150 g,,,"3,99 €","(26,60 € / Kg)",
Faisão Vinho de Mesa de Frutos Vermelhos garrafa 75 cl,Faisão,,"2,79 €","(3,72 € / Litro)",
L'Oréal Elvive Sérum Preenchedor Hidra Hialurónico embalagem 150 ml,L'Oréal,,"8,79 €","(58,60 € / Litro)",
Simple Açúcar de Coco Dourado sem Glúten Biológico embalagem 115 g,Simple,,"2,19 €","(19,04 € / Kg)",
Vinho Branco da Argentina garrafa 75 cl,,,"9,49 €","(12,65 € / Litro)",
Heidel Bombons Sortido Angels lata 129 g,Heidel,,"12,95 €","(100,39 € / Kg)",
El Corte Inglés Nachos Naturales bolsa 200 g,El Corte Inglés,,"1,19 €","(5,95 € / Kg)",
Dettol Sabonete Liquido Hidratante Aloe Vera embalagem 500 ml,Dettol,,"4,99 €","(9,98 € / Litro)",
Naturefoods Puré de Maçã e Manga Biológico embalagem 350 g,Naturefoods,,"1,45 €","(4,14 € / Kg)",
Garnier Skin Active Máscara Facial Tecido Nutritiva Iluminadora Nutri Bomb Leite de Coco para Peles Secas embalagem 1 unidade,Garnier Skin Active,,"2,99 €","(2,99 € / Unidade)",
Moaçor Bolachas Maria Pack 8 embalagem 34 g,Moaçor,,"2,09 €","(61,47 € / Kg)",
Lobo de Vasconcelos Vinho Branco Regional Alentejano 2020 garrafa 75 cl,Lobo de Vasconcelos,,"9,95 €","(13,27 € / Litro)",
Quinta de São Cosme Queijo da Serra da Estrela Curado Regional DOP Peso Aproximado por unidade 500 g,Quinta de São Cosme,,16 €,"(31,99 € / Kg)",
Origens Corn Flakes Biológicos embalagem 250 g,Origens,,"2,29 €","(9,16 € / Kg)",
Fini Gomas de Fruta Gourmet embalagem 165 g,Fini,,"1,59 €","(9,64 € / Kg)",
Buondi Café para Nespresso Original Intensidade 8 embalagem 10 cápsulas,Buondi,,"3,79 €","(0,38 € / Unidade)",
Super Bock Mini Cerveja Leve 10 Pague 8 Pack 10 garrafa 20 cl,Super Bock Mini,,"4,99 €","(2,50 € / Litro)",
BIOBARRA Miolo de Noz Bio embalagem 60 g,BIOBARRA,,"2,29 €","(38,17 € / Kg)",
Rojões de Porco Peso Aproximado 500 g,,,"4,89 €/kg",,
Esporão Vinho Verde Branco Bico Amarelo garrafa 75 cl,Esporão,,"4,99 €","(6,65 € / Litro)",
Activia Cremoso Iogurte de Coco Pack 4 embalagem 120 g,Activia Cremoso,,"2,49 €","(21,65 € / Kg)",
Grisbi Bolachas Recheadas com Creme de Cacau embalagem 150 g,Grisbi,,"2,79 €","(18,60 € / Kg)",
Danone Iogurte de Morango Super Mário Pack 2 unidades embalagem 110 g,Danone,,"2,39 €","(10,86 € / Kg)",
Rocca delle Macìe Vinho Tinto de Itália Chianti Clássico garrafa 75 cl,Rocca delle Macìe,,"12,25 €","(16,33 € / Litro)",
"Pescanova Bacalhau Graúdo da Islândia Peso Aproximado 2,5 kg",Pescanova,,"15,99 €/kg",,
Gliss Split Hair Miracle Condicionador Champô Selante para Cabelos Estragados embalagem 200 ml,Gliss Split Hair Miracle,,"4,99 €","(24,95 € / Litro)",
Fini Gomas Sour Boom Mix embalagem 165 g,Fini,,"1,59 €","(9,64 € / Kg)",
Próvida Feijão Azuki Biológico embalagem 500 g,Próvida,,"3,99 €","(7,98 € / Kg)",
Quinta do Infantado Vinho do Porto Ruby garrafa 75 cl,Quinta do Infantado,,"8,99 €","(10,12 € / Litro)","8,99 €"
Ausonia Pensos com Abas Super embalagem 12 unidades,Ausonia,,"1,99 €","(0,17 € / Unidade)",
Compal Clássico 100% Sumo de Maçã embalagem 1 L,Compal Clássico,,"1,35 €","(1,35 € / Litro)",
Soria Natural Bebida de Aveia Fibra Biológica embalagem 1 L,Soria Natural,,"2,59 €","(2,59 € / Litro)",
Conde Vimioso Conjunto 2 Vinhos Tinto do Tejo Reserva garrafa 75 cl,Conde Vimioso,,"29,98 €","(19,99 € / Litro)",
Muros Antigos Vinho Verde Avesso Branco garrafa 75 cl,Muros Antigos,,"8,15 €","(10,87 € / Litro)",
Regina Amêndoas de Chocolate Sortidas lata 180 g,Regina,,"5,99 €","(33,28 € / Kg)",
Fuchs Muesli com Frutos Bio embalagem 375 g,Fuchs,,"6,95 €","(18,53 € / Kg)",
Quinta do Noval Vinho do Porto Datado 10 Anos garrafa 75 cl,Quinta do Noval,,"25,90 €","(34,53 € / Litro)",
L'Oréal Elvive Color Vive Amaciador Protector para Cabelo Pintado embalagem 300 ml,L'Oréal,,"5,89 €","(19,63 € / Litro)",
Le Gourmet Bolo de Natal Stollen embalagem 500 g,Le Gourmet,,"4,99 €","(9,98 € / Kg)",
Iglo Postas de Pescada Nº 5 embalagem 800 g,Iglo,,"10,99 €","(13,74 € / Kg)",
Campoaves Bife de Frango Bio Peso aproximado por cuvete 400 g,Campoaves,,"8,60 €","(21,49 € / Kg)",
Schar Crackers com Alecrim sem Glúten embalagem 210 g,Schar,,"4,79 €","(22,81 € / Kg)",
Espiga Alho Laminado frasco 25 g,Espiga,,"2,05 €",(82 € / Kg),
Santiver Tortitas Biológicas de Cereais embalagem 130 g,Santiver,,"2,55 €","(19,62 € / Kg)",
Babaria Creme para o Corpo Vitamina C+ embalagem 400 ml,Babaria,,"4,59 €","(8,60 € / Litro)","4,59 €"
Beretta Antipasto em Fatias embalagem 140 g,Beretta,,"6,39 €","(45,64 € / Kg)",
Cantinho das Aromáticas Condimento de Funcho Biológico embalagem 20 g,Cantinho das Aromáticas,,"3,15 €","(157,50 € / Kg)",
Hell Energy Bebida de Café com Cappuccino lata 25 cl,Hell Energy,,"1,39 €","(5,56 € / Litro)",
Aroma D'Minas Pimenta Bode Vermelha frasco 75 g,Aroma D'Minas,,"3,19 €","(42,53 € / Kg)",
Sanex For Men Desodorizante Invisible Spray embalagem 1 unidade,Sanex For Men,,"3,99 €","(19,95 € / Litro)",
El Corte Inglés Gelado de Stracciatella sem Glúten embalagem 1 L,El Corte Inglés,,"2,99 €","(2,99 € / Litro)",
Biográ Esparguete Bio 100% Ervilhas sem Lactose embalagem 250 g,Biográ,,"3,99 €","(15,96 € / Kg)",
Intimy Preservativos Extra Finos embalagem 12 unidades,Intimy,,"7,09 €","(0,59 € / Unidade)",
Staropramen Cerveja da República Tcheca Premium garrafa 33 cl,Staropramen,,"1,49 €","(4,52 € / Litro)",
Nestlé NAN Optipro 2 Leite de Transição + 6 Meses lata 800 g,Nestlé NAN Optipro,,"16,99 €","(21,24 € / Kg)",
Izidoro o Charcuteiro Banha de Porco embalagem 470 g,Izidoro o Charcuteiro,,"3,85 €","(8,19 € / Kg)",
Alpro Creme de Soja Chantili embalagem 250 ml,Alpro,,"1,99 €","(7,96 € / Litro)",
Frias Bebida de Aveia Biológica embalagem 1 L,Frias,,"2,19 €","(2,19 € / Litro)",
Collonil Líquido para Calçado Clean & Care 200 ml,Collonil,,"11,59 €","(57,95 € / Litro)",
Fiuza Vinho Branco do Tejo Três Castas garrafa 75 cl,Fiuza,,"4,89 €","(6,52 € / Litro)",
Quinta da Escusa Vinho Tinto do Tejo Harvest garrafa 75 cl,Quinta da Escusa,,"9,45 €","(12,60 € / Litro)",
Jack Link's Carne Seca Original embalagem 70 g,Jack Link's,,"6,99 €","(99,86 € / Kg)",
Qampo Azeitonas Verdes Descaroçadas frasco 160 g,Qampo,,"1,89 €","(11,81 € / Kg)",
Air Wick Ambientador Eléctrico Colónia de Nenuco Recarga embalagem 1 unidade,Air Wick,,"6,55 €","(6,55 € / Unidade)",
Huggies Toalhitas Húmidas Infantis embalagem 56 unidades,Huggies,,"1,09 €","(0,02 € / Unidade)",
Condi Light Gelatina Light de Mirtilos 0% Açúcar embalagem 30 g,Condi Light,,"1,85 €","(61,67 € / Kg)",
Konecke Salsichas Bockwurst frasco 380 g,Konecke,,"4,95 €","(13,03 € / Kg)",
Loios Vinho do Alentejo Tinto garrafa 75 cl,Loios,,"3,99 €","(5,32 € / Litro)",
Natura Sincera Mozzarella 100% Natural Vaca embalagem 125 g,Natura Sincera,,"1,59 €","(12,72 € / Kg)",
Ameixa Rainha Cláudia embalagem 700 g,,,"3,99 €","(5,70 € / Kg)",
Garnier Bio Creme Anti-Idade de Noite de Lavanda para Todos os Tipos de Pele Biológico embalagem 50 ml,Garnier Bio,,"12,99 €","(259,80 € / Litro)",
Mahou Cerveja de Espanha Cinco Estrelas Pack 6 garrafa 25 cl,Mahou,,"4,75 €","(3,17 € / Litro)",
Ausonia Discreet Protege-Slips Micro embalagem 28 unidades,Ausonia Discreet,,"2,99 €","(0,11 € / Unidade)",
El Corte Inglés Lagostins Cozidos ASC 30-40 400 g,El Corte Inglés,,"7,99 €","(19,98 € / Kg)",
Gardiners Caramelos Fudge Gatos lata 200 g,Gardiners,,"11,95 €","(59,75 € / Kg)",
Fuchs Muesli com Chocolate Bio embalagem 350 g,Fuchs,,"5,85 €","(16,71 € / Kg)",
Ferbar Cebolinhas em Vinagre frasco 345 g,Ferbar,,"1,75 €","(5,07 € / Kg)",
Fresh Wave Neutralizador de Odores Spray embalagem 250 ml,Fresh Wave,,"6,99 €","(27,96 € / Litro)",
Cadão Vinho do Porto 10 Anos garrafa 75 cl,Cadão,,"11,49 €","(15,32 € / Litro)",
La Lémance Queijo La Bûche de Chèvre Biológico unidade 150 g,La Lémance,,"7,99 €","(53,27 € / Kg)",
"Kellogg's Special K Barras de Cereais com Frutos Vermelhos Pack 6 embalagem 21,5 g",Kellogg's Special K,,"3,79 €","(176,28 € / Kg)",
Natural & Easy Coloração Permanente Nutritiva Nº 560 Castanho Claro embalagem 1 unidade,Natural & Easy,,"8,99 €","(8,99 € / Unidade)",
Finish Powerball Detergente para a Máquina da Loiça 0% em Pastilhas embalagem 32 pastilhas,Finish Powerball,,"17,99 €","(0,56 € / Unidade)",
Vianeza Massa Espirais com Fibra de Bambu sem Glúten embalagem 250 g,Vianeza,,"3,09 €","(12,36 € / Kg)",
Ruffles Batatas Fritas Hotdog embalagem 130 g,Ruffles,,"1,89 €","(10,69 € / Kg)","1,89 €"
Jameson Whisky Irlandês Caskmates garrafa 70 cl,Jameson,,"25,99 €","(37,13 € / Litro)",
Vionta Vinho Branco de Espanha Albarino garrafa 75 cl,Vionta,,"11,35 €","(15,13 € / Litro)",
Romaneira Vinho do Porto LBV garrafa 75 cl,Romaneira,,"18,50 €","(24,67 € / Litro)",
Origens Golden Mylk Biológico frasco 80 g,Origens,,"2,99 €","(37,38 € / Kg)",
Dove Purely Pampering Gel de Banho Butter&Baunilha embalagem 750 ml,Dove Purely Pampering,,"4,79 €","(6,39 € / Litro)",
Dona Ermelinda Vinho Tinto de Palmela garrafa 75 cl,Dona Ermelinda,,"5,29 €","(7,05 € / Litro)",
Bliss Out Manteiga de Amendoim Especial Natal embalagem 225 g,Bliss Out,,"5,75 €","(25,56 € / Kg)",
Bife Redondo de Vitela Barrosã Peso Aproximado 200 g,,,"22,95 €/kg",,
O Gelado Gelado de Nougat e Manteiga de Amendoim embalagem 460 ml,O Gelado,,"7,19 €","(15,63 € / Litro)",
Dieter Hein Salsicha de Aves embalagem 400 g,Dieter Hein,,"5,69 €","(14,22 € / Kg)",
Artiach Chiquilín Mini Cookies com Pepitas de Chocolate Chiqui Chocs Pack 4 embalagem 140 g,Artiach Chiquilín,,"2,09 €","(9,64 € / Kg)","2,09 €"
Santiveri Tostas com Farelo embalagem 125 g,Santiveri,,"2,69 €","(21,52 € / Kg)",
Iglo Filetes Primavera de Peixe com Alecrim e Sal Marinho 2 Unidades embalagem 225 g,Iglo,,"4,99 €","(22,18 € / Kg)",
Valformoso Queijo Ralado 4 Queijos embalagem 150 g,Valformoso,,"1,59 €","(10,60 € / Kg)",
Hambúrguer de Bovino Carnalentejana DOP embalagem 465 g,,,"6,95 €","(13,96 € / Kg)","6,95 €"
Quinta da Lagoalva Vinho Tinto do Tejo Reserva garrafa 75 cl,Quinta da Lagoalva,,"9,99 €","(13,32 € / Litro)",
Prados de Melgaço Queijo Camembert de Cabra com Vinho Alvarinho embalagem 120 g,Prados de Melgaço,,"5,45 €","(45,42 € / Kg)",
Altano Vinho Tinto do Douro Biológico garrafa 75 cl,Altano,,"7,99 €","(10,65 € / Litro)",
Herdade do Sobroso Vinho Branco do Alentejo garrafa 75 cl,Herdade do Sobroso,,"12,59 €","(16,79 € / Litro)",
Mic-Mac Sumo de Laranja e Maracujá embalagem 20 cl,Mic-Mac,,"0,99 €","(4,95 € / Litro)",
Delta Q Café XL Mythiq Intensidade 15 embalagem 40 capsulas,Delta Q,,"12,99 €","(0,32 € / Unidade)",
Nestlé Chocapic Cereais de Chocolate embalagem 375 g,Nestlé Chocapic,,"2,99 €","(5,31 € / Kg)","2,99 €"
Evax Cottonlike Protege-Slips Normal embalagem 44 unidades,Evax Cottonlike,,"3,65 €","(0,07 € / Unidade)",
Cem Porcento Infusão para Diabetes embalagem 13 g,Cem Porcento,,"0,99 €","(76,15 € / Kg)",
H&S Shampoo de Maçã embalagem 300 ml,H&S,,"4,49 €","(14,97 € / Litro)",
Fizzy Bracelete Peluche Sortido embalagem 75 g,Fizzy,,"9,45 €",(126 € / Kg),
Cosi Bio Peito de Peru em Fatias sem Glúten Biológico embalagem 80 g,Cosi Bio,,"6,99 €","(87,38 € / Kg)",
Cebola Buti embalagem 1 kg,,,"1,49 €","(1,49 € / Kg)",
Illy Café Espresso Intenso para Nespresso embalagem 10 cápsulas,Illy,,"5,24 €","(0,52 € / Unidade)",
Mr. Cheese Queijo Azul Porção Peso Aproximado por unidade 180 g,Mr. Cheese,,"17,65 €/kg",,
Pantene Óleo Protector de Cabelo Queratina embalagem 100 ml,Pantene,,"9,99 €","(99,90 € / Litro)",
Aliada Ananás às Rodelas em Sumo Natural Pack 3 frasco 417 g,Aliada,,"2,79 €","(6,69 € / Kg)",
Fructis Máscara Capilar Super Reparação de Papaia embalagem 390 ml,Fructis,,"8,99 €","(23,05 € / Litro)",
Dez Prá Uma Rolinhos de Beringela com Requeijão embalagem 500 g,Dez Prá Uma,,"13,90 €","(27,80 € / Kg)",
Lipton Ice Tea de Limão Pack 3 embalagem 20 cl,Lipton Ice Tea,,"1,99 €","(3,32 € / Litro)",
Knorr Rice Pot Arroz de Frango e Cogumelos embalagem 75 g,Knorr Rice Pot,,"1,99 €","(26,53 € / Kg)",
Ping'Amor Vinho Branco Espumoso Frizante garrafa 75 cl,Ping'Amor,,"3,25 €","(4,33 € / Litro)",
Guinness Cerveja Preta Original garrafa 33 cl,Guinness,,"1,25 €","(3,79 € / Litro)",
English Teashop Calendário do Advento Branco embalagem 25,English Teashop,,"6,99 €","(0,28 € / Unidade)",
Nau do Cacau Chocolate Preto Equador Gengibre de Fiji 80% Cacau Biológico embalagem 80 g,Nau do Cacau,,"5,49 €","(68,62 € / Kg)",
Pão de Centeio com Passas,,,"4,29 €/kg",,
Vitalis Go Água sem Gás garrafa 75 cl,Vitalis Go,,"0,55 €","(0,73 € / Litro)",
Dr. Oetker Pizza Ristorante Hawaii embalagem 355 g,Dr. Oetker,,"4,99 €","(11,24 € / Kg)","4,99 €"
Côte D'Or Bombons de Chocolate Praliné Mini Roc embalagem 195 g,Côte D'Or,,"6,99 €","(35,85 € / Kg)",
Cuétara Krit Aperitivos Pub Mix embalagem 350 g,Cuétara Krit,,"2,69 €","(7,69 € / Kg)",
Margão Pimenta Preta em Grão embalagem 50 g,Margão,,"1,99 €","(39,80 € / Kg)",
Coren Perna de Frango Biológico Peso Aproximado por cuvete 600 g,Coren,,"7,49 €","(12,49 € / Kg)",
Lelia Azeitonas Pretas Kalamata lata 400 g,Lelia,,"3,65 €","(9,12 € / Kg)",
Yogolino Cereais e Bolacha Maria Pack 4 embalagem 100 g,Yogolino,,"2,89 €","(28,90 € / Kg)",
Quinta do Escudial Vinho Branco do Dão garrafa 75 cl,Quinta do Escudial,,"7,49 €","(9,99 € / Litro)",
Vileda Comfort & Care Luvas com Forro de Espuma Médias/Grandes embalagem 1 par,Vileda Comfort & Care,,"2,99 €","(2,24 € / Unidade)","2,99 €"
Tojeira Azeitona Galega Biológica frasco 750 g,Tojeira,,"6,45 €","(8,60 € / Kg)",
Danone Activia Iogurte com Aveia e Nozes com Probióticos Pack 8 embalagem 120 g,Danone Activia,,"4,99 €","(10,85 € / Kg)",
Ferbar Pickles de Vinagre frasco 345 g,Ferbar,,"1,39 €","(4,03 € / Kg)",
Nestlé Yogolino Pera sem Glúten Pack 4 embalagem 100 g,Nestlé Yogolino,,"2,89 €","(7,22 € / Kg)",
Monari Federzoni Vinagre Balsâmico de Modena Biológico garrafa 500 ml,Monari Federzoni,,"4,59 €","(9,18 € / Litro)",
Carte D'Or Gelado Feast Original Chocolate e Avelã embalagem 900 ml,Carte D'Or,,"5,49 €","(6,10 € / Litro)",
Magic Retouch Escova Cobre Brancos para Cabelo Castanho embalagem 1 unidade,Magic Retouch,,"11,99 €","(11,99 € / Unidade)",
Special Line El Corte Inglés Mel Multiflores Biológico frasco 500 g,Special Line El Corte Inglés,,"6,95 €","(13,90 € / Kg)",
Damatta Chouriço Picante embalagem 200 g,Damatta,,"3,99 €","(19,95 € / Kg)",
Mevgal Queijo Feta Biológico unidade 200 g,Mevgal,,"3,79 €","(18,95 € / Kg)",
Nivea Body Soufflé Creme para Corpo Cherry Blossom & Óleo de Jojoba embalagem 200 ml,Nivea Body Soufflé,,"7,69 €","(38,45 € / Litro)",
Hans Freitag Bolachas Sortidas Desiree embalagem 400 g,Hans Freitag,,"2,84 €","(7,10 € / Kg)",
Aquarel Água Natural Sport para Criança garrafa 33 cl,Aquarel,,"0,39 €","(1,18 € / Litro)",
Próvida Empada de Tofu com Alga Kombu Biológica embalagem 100 g,Próvida,,"1,75 €","(17,50 € / Kg)",
Artiach Chiquilín Bolachas Ositos de Mel Pack 4 embalagem 160 g,Artiach Chiquilín,,"2,09 €","(13,06 € / Kg)",
St. Dalfour Doce de 4 Frutos frasco 500 g,St. Dalfour,,"6,65 €","(13,30 € / Kg)",
Cano Cabides de Plástico Pretos 2 unidades,Cano,,"4,09 €","(4,09 € / Unidade)",
El Corte Inglés Selection Gelado de Doce de Leite sem Glúten embalagem 500 ml,El Corte Inglés Selection,,"3,19 €","(6,38 € / Litro)",
Nestlé Cerelac To Go Farinha Láctea embalagem 110 g,Nestlé Cerelac To Go,,"1,49 €","(13,55 € / Kg)",
"L'Oréal Elvive Dream Long Champô Reconstrutor para Cabelo Comprido, Estragado embalagem 400 ml",L'Oréal,,"5,99 €","(14,98 € / Litro)",
"Kilom Pato Inteiro com Miúdos Peso Aproximado por cuvete 1,8 kg",Kilom,,"8,01 €","(4,45 € / Kg)",
Aliança Bolachas Maria embalagem 200 g,Aliança,,"0,85 €","(4,25 € / Kg)",
Champomy Refresco garrafa 75 cl,Champomy,,"3,99 €","(5,32 € / Litro)",
Blédina Frutapura Frutos Variados a Partir dos 6 Meses Pack 4 embalagem 95 g,Blédina Frutapura,,"2,79 €","(29,37 € / Kg)",
Dove Original Desodorizante Spray embalagem 150 ml,Dove Original,,"5,99 €","(39,93 € / Litro)",
Jubileu Chocolate Preto 85% de Cacau embalagem 100 g,Jubileu,,"2,75 €","(27,50 € / Kg)",
Dr. Oetker Pizza Ristorante Mozzarella embalagem 335 g,Dr. Oetker,,"4,99 €","(11,24 € / Kg)","4,99 €"
Andros Sumo Fresco de Toranja embalagem 1 L,Andros,,"3,99 €","(3,99 € / Litro)",
Renova Lenços Faciais Reciclável Ecológico embalagem 72 unidades,Renova,,"1,49 €","(0,02 € / Unidade)",
Granforno Gressinos Integrais embalagem 125 g,Granforno,,"1,45 €","(11,60 € / Kg)",
Dodot Activity Fraldas 11 a 16 kg Tamanho 5 embalagem 52 unidades,Dodot Activity,,"15,74 €","(0,30 € / Unidade)",
Bahlsen Deloba Bolachas embalagem 100 g,Bahlsen Deloba,,"1,75 €","(14,90 € / Kg)","1,75 €"
Margão Pimenta Cayenne Moída embalagem 50 g,Margão,,"1,99 €","(39,80 € / Kg)",
El Corte Inglés Bolachas Maria Pack 4 embalagem 800 g,El Corte Inglés,,"1,49 €","(1,86 € / Kg)",
Singular Vinho Verde Branco garrafa 75 cl,Singular,,"9,49 €","(12,65 € / Litro)",
Buitoni Massa Spaghettini Biológico embalagem 500 g,Buitoni,,"1,89 €","(3,78 € / Kg)",
Vitasnack Manga Crocante sem Glúten Biológica embalagem 26 g,Vitasnack,,"3,35 €","(128,85 € / Kg)",
Próvida Arroz Puff Biológico embalagem 150 g,Próvida,,"2,35 €","(15,67 € / Kg)",
Smirnoff Vodka Red garrafa 70 cl,Smirnoff,,"14,99 €","(21,41 € / Litro)",
Delverde Couscous embalagem 1 kg,Delverde,,"2,99 €","(2,99 € / Kg)",
Trident Oral-B Pastilhas Spearmint sem Açúcar embalagem 68 g,Trident Oral-B,,"3,29 €","(48,38 € / Kg)",
Pescanova Sapateira Cozida embalagem 600 g,Pescanova,,"15,59 €","(25,98 € / Kg)",
Ti António Bochechas de Porco Peso Aproximado por cuvete 800 g,Ti António,,"8,76 €","(10,95 € / Kg)",
Casa Américo Vinho Branco do Dão Encruzado garrafa 75 cl,Casa Américo,,"9,35 €","(12,47 € / Litro)",
Lusa Monte Azeitonas Pretas Descaroçadas frasco 360 g,Lusa Monte,,"1,99 €","(5,53 € / Kg)",
Gliss Reparação Total Champô embalagem 250 ml,Gliss Reparação Total,,"4,99 €","(19,96 € / Litro)",
Blandy's Vinho da Madeira 3 Anos Duque Of Clarence garrafa 75 cl,Blandy's,,"9,99 €","(13,32 € / Litro)",
Santa Teresa Gaspacho Tradicional sem Glúten embalagem 1 L,Santa Teresa,,"3,49 €","(3,49 € / Litro)",
Lee Kum Kee Molho Hoisin frasco 397 g,Lee Kum Kee,,"4,65 €","(11,71 € / Kg)",
Glade Ambientador Eléctrico Aromaterapia Moment of Zen embalagem 17 ml,Glade,,"25,99 €","(1.528,82 € / Litro)",
Master's Gin garrafa 70 cl,Master's,,"15,99 €","(22,84 € / Litro)",
Bonduelle Milho sem Adição de Açúcar Biológico Pack 2 embalagem 150 g,Bonduelle,,"3,04 €","(20,27 € / Kg)",
"El Corte Inglés Chouriço e Salsichão em Fatias sem Glúten Pack 2 embalagem 112,5 g",El Corte Inglés,,"3,15 €",(14 € / Kg),
Globo Baunilha Cristais frasco 50 g,Globo,,"2,45 €",(49 € / Kg),
Ucal Leite UHT Galão 0% sem Lactose Pack 3 embalagem 200 ml,Ucal,,"2,47 €","(12,35 € / Litro)",
Magnum Mini Gelados de Chocolate Branco e de Chocolate Branco com Amêndoas Pack 6 embalagem 330 ml,Magnum,,"4,99 €","(15,12 € / Litro)",
Diese Chá para o Colestrol embalagem 10 unidades,Diese,,"1,45 €","(96,67 € / Kg)",
Vileda Flip Mop Mopa de Microfibras embalagem 1 unidade,Vileda Flip Mop,,"16,99 €","(16,99 € / Unidade)",
El Corte Inglés Amêndoas Confeitadas embalagem 150 g,El Corte Inglés,,"1,49 €","(9,93 € / Kg)",
Nobre Mão de Vaca lata 500 g,Nobre,,"2,35 €","(4,70 € / Kg)",
Clen Creme Spray de Limpeza Placas de Vitrocerâmica e Indução embalagem 450 ml,Clen,,"11,99 €","(26,64 € / Litro)",
Perna de Cordeiro 500 g,,,"22,95 €/kg",,
Licor Beirão Cocktail de Morangão lata 25 cl,Licor Beirão,,"1,99 €","(7,96 € / Litro)",
Elpozo King Salsichas de Peru embalagem 330 g,Elpozo King,,"3,29 €","(9,97 € / Kg)",
Assar 1ª de Novilho IGP Açores Peso Aproximado 700 g,,,"17,95 €/kg",,
Koka Massa Instantânea com Galinha embalagem 85 g,Koka,,"0,81 €","(9,53 € / Kg)",
Fazendeiro Vinho Tinto de Mesa embalagem 1 L,Fazendeiro,,"1,05 €","(1,05 € / Litro)",
Vahiné Multi-Deco Fantasy frasco 138 g,Vahiné,,"7,99 €","(43,41 € / Kg)","7,99 €"
Estrella Galicia 1906 Cerveja Tostada de Espanha sem Álcool garrafa 25 cl,Estrella Galicia 1906,,"0,79 €","(3,16 € / Litro)",
A Saloinha Batatas Fritas embalagem 400 g,A Saloinha,,"3,45 €","(8,62 € / Kg)",
Fromi Queijo Brie de França Royal A La Truffe D'Eté,Fromi,,"49,79 €/kg",,
El Corte Inglés Selection Polvo em Azeite 34% lata 72 g,El Corte Inglés Selection,,"5,99 €","(53,96 € / Kg)",
Casa Santos Lima Vinho Branco de Lisboa Viognier garrafa 75 cl,Casa Santos Lima,,"4,45 €","(5,93 € / Litro)",
Gin T Gin Rubro garrafa 70 cl,Gin T,,"54,90 €","(78,43 € / Litro)",
Izidoro Sabor Caseiro Feijoada Transmontana lata 420 g,Izidoro Sabor Caseiro,,"4,49 €","(10,69 € / Kg)",
Palmolive Moisture Care Sabonete com Oliva embalagem 90 g,Palmolive Moisture Care,,"4,49 €","(12,47 € / Kg)",
Farcedo Lombo Ibérico em Fatias embalagem 150 g,Farcedo,,"8,99 €","(59,93 € / Kg)",
Dessange Ganchos embalagem 6 unidades,Dessange,,"2,59 €","(0,43 € / Unidade)",
Nescafé Dolce Gusto Café Intenso Buondi Intensidade 10 embalagem 16 cápsulas,Nescafé Dolce Gusto,,"5,99 €","(0,37 € / Unidade)",
Pastoret Kefir de Cabra embalagem 500 g,Pastoret,,"2,49 €","(4,98 € / Kg)",
Erawan Farinha de Arooz Glutinoso embalagem 400 g,Erawan,,"3,29 €","(8,22 € / Kg)",
Próvida Trigo Puff Biológico embalagem 150 g,Próvida,,"1,65 €",(11 € / Kg),
"Vileda Mopa 1.2 Spray Max, Pronta a Usar e sem Balde embalagem 1 unidade",Vileda,,"29,99 €","(29,99 € / Unidade)",
Condi Gelatina Neutra em Pó embalagem 20 g,Condi,,"1,04 €",(52 € / Kg),
Veet Bandas Depilatórias Pure Axilas embalagem 16,Veet,,"7,99 €","(0,50 € / Unidade)",
Ahmad Tea Chá de Rooibos e Canela embalagem 20 unidades,Ahmad Tea,,"4,09 €","(0,20 € / Unidade)",
Dez Prá Uma Crepes de Camarão 6 Unidades embalagem 600 g,Dez Prá Uma,,"14,75 €","(24,58 € / Kg)",
King C. Gillette Bálsamo para a Barba embalagem 100 ml,King C. Gillette,,"9,99 €","(74,90 € / Litro)","9,99 €"
"Just For Men Coloração em Gel para Bigode, Barba e Patilhas Castanho Claro M-25 embalagem 1 unidade",Just For Men,,"11,89 €","(11,89 € / Unidade)",
El Corte Inglés Paella de Marisco embalagem 300 g,El Corte Inglés,,"3,59 €","(11,97 € / Kg)",
Castello D'Alba Vinho Tinto do Douro Limited Edition garrafa 150 cl,Castello D'Alba,,39 €,(26 € / Litro),
Fula Óleo Alimentar garrafão 3 L,Fula,,"7,89 €","(2,63 € / Litro)",
Naturefoods Flocos de Aveia Finos Integrais sem Glúten Biológicos embalagem 475 g,Naturefoods,,"2,99 €","(6,29 € / Kg)",
Zip Vinho Tinto do Douro garrafa 75 cl,Zip,,"4,49 €","(5,99 € / Litro)",
Santa Maria Mel de Rosmaninho Biológico frasco 500 g,Santa Maria,,"10,35 €","(20,70 € / Kg)",
Martiko Ovas de Capelim e Lumpo Pretas frasco 50 g,Martiko,,"3,95 €",(79 € / Kg),
Nobre Salsichas de Aves 8 Unidades lata 200 g,Nobre,,"1,49 €","(7,45 € / Kg)",
Quinta da Gaivosa Vinho Tinto do Douro garrafa 75 cl,Quinta da Gaivosa,,"39,90 €","(53,20 € / Litro)",
Old Spice Shower Gel 2 em1 Cooling embalagem 400 ml,Old Spice,,"4,99 €","(12,48 € / Litro)",
Monkey Whisky Shoulder garrafa 70 cl,Monkey,,"31,09 €","(44,41 € / Litro)",
El Corte Inglés Alcaparras em Vinagre frasco 80 g,El Corte Inglés,,"1,59 €","(19,88 € / Kg)",
Quinta S. João Batista Vinho Tinto do Tejo Reserva DOC Touriga Nacional Cabernet Sauvignon garrafa 75 cl,Quinta S. João Batista,,"13,39 €","(17,85 € / Litro)",
Sensodyne Cool Mint Elixir embalagem 500 ml,Sensodyne Cool Mint,,"5,99 €","(11,98 € / Litro)",
Poli Phonia Vinho Tinto do Alentejo Signature garrafa 75 cl,Poli Phonia,,"32,50 €","(43,33 € / Litro)",
Bicentury Tortitas de Milho com Sabor a Presunto Ibérico embalagem 123 g,Bicentury,,"2,49 €","(20,24 € / Kg)",
Cabo de Peñas Filetes de Cavala em Azeite Virgem Extra Biológico embalagem 85 g,Cabo de Peñas,,"2,39 €","(28,12 € / Kg)",
5 Jotas Lombo Ibérico de Bolota Elaboração Natural,5 Jotas,,"106,99 €/kg",,
Nissin Soba Noodles Teriyaki embalagem 110 g,Nissin,,"1,69 €","(15,36 € / Kg)",
Nature's Charm Jaca Verde Jovem em Salmoura embalagem 565 g,Nature's Charm,,"2,99 €","(5,29 € / Kg)",
Drink6 Sumo Detox de Ananás e Maçã embalagem 230 ml,Drink6,,"2,50 €","(10,87 € / Litro)",
Lacasitos Chocolates Peppa Pig embalagem 20 g Imagem Sortida.,Lacasitos,,"2,19 €","(109,50 € / Kg)",
Mother Bio Bolachas de Mel sem Glúten Biológicas embalagem 100 g,Mother Bio,,"3,49 €","(34,90 € / Kg)",
"Nestlé as Minhas Primeiras Receitas Abóbora, Batatas e Peru desde os 6 Meses sem Glúten embalagem 190 g",Nestlé as Minhas Primeiras Receitas,,"2,19 €","(11,53 € / Kg)",
Martiko Salmão Fumado da Escócia embalagem 80 g,Martiko,,"6,98 €","(87,25 € / Kg)",
Nescafé Café Solúvel Black Roast frasco 200 g,Nescafé,,"4,95 €","(24,75 € / Kg)",
Twinings Chá Superblend Glow embalagem 18 unidades,Twinings,,"3,19 €","(0,18 € / Unidade)",
"Men Expert Barber Club Gel de Banho para Corpo, Cabelo e Barba com Óleo Essencial de Madeira de Cedro embalagem 400 ml",Men Expert Barber Club,,"4,99 €","(12,48 € / Litro)",
Gallo Arroz Venere embalagem 500 g,Gallo,,"3,35 €","(6,70 € / Kg)",
Ermitão Queijo Curado de Cabra unidade 300 g,Ermitão,,"7,98 €","(26,60 € / Kg)",
Lindt Excellence Chocolate Preto de Chilli embalagem 100 g,Lindt Excellence,,"2,79 €","(27,90 € / Kg)",
Sagres Bohemia Cerveja Pilsener Pack 6 garrafa 33 cl,Sagres Bohemia,,"4,99 €","(2,52 € / Litro)",
Aliada Cerveja Tipo Lager Pack 6 garrafa 25 cl,Aliada,,"2,99 €","(1,99 € / Litro)",
Andros Sumo Fresco de Laranja embalagem 1 L,Andros,,"3,99 €","(3,99 € / Litro)",
Espiga Alho e Oregãos frasco 16 g,Espiga,,"1,94 €","(121,25 € / Kg)",
Peccato Gelado de Limão embalagem 500 ml,Peccato,,"5,99 €","(11,98 € / Litro)",
Babaria Gel de Barbear Aloe Vera embalagem 200 ml,Babaria,,"4,25 €","(21,25 € / Litro)",
Rústica Biscottina Tostas com Azeite e Sal embalagem 100 g,Rústica Biscottina,,"1,49 €","(14,90 € / Kg)",
Martini Vermute Rosso garrafa 1 L,Martini,,"12,09 €","(12,09 € / Litro)",
Mumm Champanhe Rosé garrafa 75 cl,Mumm,,"55,45 €","(73,93 € / Litro)",
Bonduelle Rebentos de Feijão Pack 3 lata 200 g,Bonduelle,,"4,59 €","(22,95 € / Kg)",
Dodot Cuecas Absorventes T7 embalagem 27,Dodot,,"14,99 €","(0,56 € / Unidade)",
Contraste Vinho Tinto do Douro garrafa 75 cl,Contraste,,"8,49 €","(11,32 € / Litro)",
El Corte Inglés Café Solúvel embalagem 100 g,El Corte Inglés,,"1,99 €","(19,90 € / Kg)",
Tété Requeijão de Mistura,Tété,,"8,19 €/kg",,
Soflan Detergente Líquido para Roupa Delicada e Lãs Escuras Roupas Escuras 13 Doses embalagem 650 ml,Soflan,,"4,99 €","(3,83 € / Litro)","4,99 €"
Monte Cascas Vinho Tinto do Douro Reserva garrafa 75 cl,Monte Cascas,,"11,99 €","(15,99 € / Litro)",
Trident 60 Minutes Pastilhas Spearmint sem Açúcar Pack 3 embalagem 20 g,Trident 60 Minutes,,"2,59 €","(43,17 € / Kg)",
Special Line Tortas de Arroz sem Glúten embalagem 130 g,Special Line,,"0,75 €","(5,77 € / Kg)",
Truppi Ananás Desidratado Bio embalagem 20 g,Truppi,,"1,75 €","(87,50 € / Kg)",
Nescafé Cappuccino Mocha 8 Saquetas embalagem 144 g,Nescafé,,"3,19 €","(22,15 € / Kg)",
Natursoy Seitan de Espelta Biológico embalagem 250 g,Natursoy,,"6,29 €","(25,16 € / Kg)",
Durex Preservativos Intense Orgasmic embalagem 12 unidades,Durex,,"13,49 €","(1,12 € / Unidade)",
Harpic Bloco Sanitário Explosão Atlântica Blue Duo Pack embalagem 39 g,Harpic,,"6,59 €","(168,97 € / Kg)",
Candycat Bombons de Avelã embalagem 1 kg,Candycat,,"12,95 €","(12,95 € / Kg)",
Renova Papel Higiénico Spring Design Edição Limitada embalagem 4 unidades,Renova,,"2,49 €","(0,62 € / Unidade)",
El Corte Inglés Farinha de Trigo Especial para Pastelaria embalagem 1 kg,El Corte Inglés,,"0,89 €","(0,89 € / Kg)",
Bioterra Palitos de Amêndoa sem Pele Bio embalagem 200 g,Bioterra,,"6,49 €","(32,45 € / Kg)",
Harmony Preservativos com Sabores embalagem 6 unidades,Harmony,,"4,99 €","(0,83 € / Unidade)",
Saco de Papel 1 unidade,,,"0,10 €",,
Nacional Smooth Bolachas embalagem 100 g,Nacional Smooth,,"1,19 €","(11,90 € / Kg)",
Calvé Molho de Alho frasco 250 g,Calvé,,"2,94 €","(11,76 € / Kg)",
Ausonia Protege Slip Maxi Plus embalagem 20 unidades,Ausonia,,"1,99 €","(0,10 € / Unidade)",
Mestemacher Base para Tortilha de Multicereais embalagem 280 g,Mestemacher,,"2,79 €","(9,96 € / Kg)",
"Nutriva Bolo Brigadeiro unidade 1,5 kg",Nutriva,,"16,95 €","(11,30 € / Kg)",
Margão Canela Moída frasco 39 g,Margão,,"2,29 €","(58,72 € / Kg)",
Call Valls Allioli Biológico frasco 130 g,Call Valls,,"4,30 €","(33,08 € / Kg)",
Skandia Salmão Fumado Norueguês embalagem 100 g,Skandia,,"6,55 €","(65,50 € / Kg)",
Freixenet Espumante Branco sem Álcool garrafa 75 cl,Freixenet,,"6,99 €","(9,32 € / Litro)",
Flamefast Fósforos Longos embalagem 40 unidades,Flamefast,,"2,55 €","(0,85 € / Unidade)",
Gran Pavesi Crackers com Azeitona embalagem 280 g,Gran Pavesi,,"3,49 €","(12,46 € / Kg)",
Abuelo Rum Añejo 12 Anos garrafa 70 cl,Abuelo,,"44,90 €","(64,14 € / Litro)",
Lombo de Atum Descongelado Peso Aproximado 150 g,,,"14,99 €/kg",,
"Ananás dos Açores Peso Aproximado por unidade 1,4 kg",,,"8,99 €/kg",,
Quinta da Corte Vinho Tinto do Douro Princesa garrafa 75 cl,Quinta da Corte,,"24,90 €","(33,20 € / Litro)",
Ameias Vinho Branco de Setúbal Colheita garrafa 75 cl,Ameias,,"3,99 €","(5,32 € / Litro)",
Weltenburger Kloster Cerveja da Alemanha Hefeweibbier Trigo garrafa 50 cl,Weltenburger Kloster,,"1,59 €","(3,18 € / Litro)",
Fumeiros da Guarda Paio 1/2 embalagem 350 g,Fumeiros da Guarda,,"7,45 €","(21,29 € / Kg)",
Peito de Borrego Peso Aproximado 450 g,,,"9,95 €/kg",,
Thomy Molho Holandês embalagem 250 ml,Thomy,,"3,75 €",(15 € / Litro),
Sabores do Vez Alheira dos Arcos unidade 200 g,Sabores do Vez,,"2,99 €","(14,95 € / Kg)",
Tulip Entrecosto de Churrasco Cozinhado Lentamente embalagem 550 g,Tulip,,"11,99 €","(21,80 € / Kg)",
Pimento Verde Biológico Peso Aproximado por unidade 160 g,,,"4,99 €/kg",,
Kidibul Refrigerante de Maçã com Gás garrafa 75 cl,Kidibul,,"3,99 €","(5,32 € / Litro)",
Grandes Quintas Vinho Branco do Douro garrafa 75 cl,Grandes Quintas,,"7,95 €","(10,60 € / Litro)",
Vileda Vassoura Universal embalagem 1,Vileda,,"6,99 €","(6,99 € / Unidade)",
Nobre Vegalia Especialidade Vegwurst Vegetariano sem Lactose e sem Glúten frasco 250 g,Nobre Vegalia,,"3,49 €","(13,96 € / Kg)",
Mini Croissant 12 Unidades embalagem 250 g,,,"3,45 €","(13,80 € / Kg)",
Quinta D' Avó Preparado Angolano frasco 150 g,Quinta D' Avó,,"1,99 €","(13,27 € / Kg)",
Xata Roxa Escalopes de Vitela Asturiana de 1ª B Biológicos Peso Aproximado por cuvete 200 g,Xata Roxa,,"3,99 €","(19,95 € / Kg)",
Alsa Preparado para Gelatina de Frutos do Bosque Origem Vegetal embalagem 180 g,Alsa,,"2,99 €","(16,61 € / Kg)",
El Corte Inglés Selection Madalenas Artesanais sem Lactose embalagem 400 g,El Corte Inglés Selection,,"2,79 €","(6,98 € / Kg)",
El Corte Inglés Selection Sumo 100% de Laranja de Valencia sem Polpa embalagem 1 L,El Corte Inglés Selection,,"2,15 €","(2,15 € / Litro)",
Iglo Filetes de Robalo Aquicultura embalagem 200 g,Iglo,,"8,59 €","(42,95 € / Kg)",
Iberia Tinta para Roupa Vermelho 40º embalagem 70 g,Iberia,,"4,95 €","(70,71 € / Kg)",
Serra da Malcata Melada de Carvalho frasco 300 g,Serra da Malcata,,"5,85 €","(19,50 € / Kg)",
Cozinha Pronta Arroz de Pato à Antiga embalagem 350 g,Cozinha Pronta,,"5,19 €","(14,83 € / Kg)",
Mercurochrome Loção Anti-Piolhos e Lêndeas Extra Forte embalagem 1 unidade,Mercurochrome,,"9,19 €","(9,19 € / Unidade)",
Cebola Nova peso aproximado por cuvete 1 kg,,,"2,49 €","(2,49 € / Kg)",
Fabridoce Pastéis de Feijão embalagem 6 unidades,Fabridoce,,"6,79 €","(1,13 € / Unidade)",
Nescafé Dolce Gusto Cápsulas de Chá Marrakesh Style Tea embalagem 16 cápsulas,Nescafé Dolce Gusto,,"5,99 €","(0,37 € / Unidade)",
Margão Mistura de Pimenta Cayenne Forte Picante e Doce com Moinho frasco 28 g,Margão,,"4,49 €","(160,36 € / Kg)",
Planta Natur Chá Energia embalagem 15 g,Planta Natur,,"1,69 €","(112,67 € / Kg)",
S.D' Fruta Sumo Fresco de Laranja e Maçã embalagem 500 ml,S.D' Fruta,,"1,99 €","(3,98 € / Litro)",
Codyfer Palmilhas Tamanho 37-38 1 par,Codyfer,,"6,39 €","(6,39 € / Unidade)",
Naturefoods Creme de Soja para Barrar e Cozinhar Biológico embalagem 250 g,Naturefoods,,"3,25 €",(13 € / Kg),
Gallo Piri-Piri com Azeite Virgem Extra garrafa 50 ml,Gallo,,"2,99 €","(59,80 € / Litro)",
Mercearia da Aldeia Queijo de Cabra Biológico unidade 175 g,Mercearia da Aldeia,,"9,79 €","(55,94 € / Kg)",
Margem Super Molas para Roupa embalagem 12 unidades,Margem,,"3,59 €","(0,30 € / Unidade)",
Mimosa Manteiga com Sal Fácil de Barrar embalagem 250 g,Mimosa,,"2,39 €","(8,36 € / Kg)","2,39 €"
La Unión Chouriço Curado Extra Picante sem Glúten embalagem 200 g,La Unión,,"4,39 €","(21,95 € / Kg)",
Leicester Baker Pão Naan Alho & Coentros embalagem 4,Leicester Baker,,"3,19 €","(0,80 € / Unidade)",
Nestlé Nestum Cereais Bolacha Maria embalagem 250 g,Nestlé Nestum,,"2,49 €","(9,96 € / Kg)",
Monkey 47 Gin garrafa 50 cl,Monkey 47,,"51,99 €","(103,98 € / Litro)",
Fabridoce Queijinhos de Amêndoa com Ovos Moles embalagem 120 g,Fabridoce,,"3,79 €","(31,58 € / Kg)",
Dona Pimentinha Polpa de Pimenta frasco 370 g,Dona Pimentinha,,"3,30 €","(8,92 € / Kg)",
Aipo peso aproximado por cuvete 600 g,,,"2,81 €","(4,69 € / Kg)",
Quinta do Penedo Vinho Branco do Dão Encruzado garrafa 75 cl,Quinta do Penedo,,"7,85 €","(10,47 € / Litro)",
Sanex Men Zero% Desodorizante Pele Normal Roll-On embalagem 50 ml,Sanex Men Zero%,,"3,99 €","(79,80 € / Litro)",
El Corte Inglés Lombo de Porco Preto Peso Aproximado por cuvete 750 g,El Corte Inglés,,"14,21 €","(18,95 € / Kg)",
A Tarte Fatia de Amêndoa unidade,A Tarte,,"2,05 €","(2,05 € / Unidade)",
Gran Cucina Azeite Tartufolio garrafa 100 ml,Gran Cucina,,"11,95 €","(119,50 € / Litro)",
Excellence Coloração Tripla Protecção Nº 6.35 Chocolate embalagem 1 unidade,Excellence,,"11,99 €","(11,99 € / Unidade)",
Dodot Fraldas Bebé Seco Tamanho 5 embalagem 72,Dodot,,"19,49 €","(0,27 € / Unidade)",
Milka Sensations Cookies com Recheio de Creme de Oreo embalagem 156 g,Milka Sensations,,"2,69 €","(17,24 € / Kg)",
Emmi Queijo da Suiça Gruyere embalagem 200 g,Emmi,,"7,59 €","(37,95 € / Kg)",
El Corte Inglés Gel Sanitário 3 em 1 Marinho embalagem 1 L,El Corte Inglés,,"1,09 €","(1,09 € / Litro)",
Kaiku Iogurte Natural sem Açúcar e sem Lactose Pack 4 embalagem 125 g,Kaiku,,"1,89 €","(3,78 € / Kg)",
Cadbury Dairy Milk Chocolate com Avelãs Inteiras embalagem 200 g,Cadbury Dairy Milk,,"3,59 €","(17,95 € / Kg)",
El Corte Inglés Cerveja 100% Malta lata 33 cl,El Corte Inglés,,"0,52 €","(1,58 € / Litro)",
Barilla Spaghetti nº5 embalagem 500 g,Barilla,,"2,19 €","(2,18 € / Kg)","2,19 €"
Maybelline Fit Me Corrector Nº 15 Beige Rose embalagem 1 unidade,Maybelline Fit Me,,"7,49 €","(7,49 € / Unidade)",
Havana Club Rum 7 Anos garrafa 70 cl,Havana Club,,"31,49 €","(44,99 € / Litro)",
Frutaçor Doce Extra de Maracujá Vermelho frasco 220 g,Frutaçor,,"3,69 €","(16,77 € / Kg)",
Knorr Caldo de Galinha 8 Cubos embalagem 80 g,Knorr,,"2,15 €","(26,88 € / Kg)",
Gordon Cerveja Oak Aged garrafa 33 cl,Gordon,,"3,95 €","(11,97 € / Litro)",
Quinta do Coro Marmelada embalagem 500 g,Quinta do Coro,,"4,23 €","(8,46 € / Kg)",
Saphir Kids Colónia Infantil Blue embalagem 100 ml,Saphir Kids,,"4,90 €",(49 € / Litro),
"Nestea de Limão sem Açúcar garrafa 1,5 L",Nestea,,"1,79 €","(1,19 € / Litro)",
Lua Cheia Vinho Tinto do Douro garrafa 75 cl,Lua Cheia,,"5,90 €","(7,87 € / Litro)",
Hell Energy Bebida Energética Energy Apple lata 25 cl,Hell Energy,,"0,79 €","(3,16 € / Litro)",
Danone Activia Bifidus Iogurte Cremoso Cocktail de Frutas 0% Pack 4 embalagem 120 g,Danone Activia Bifidus,,"2,49 €","(5,19 € / Kg)",
Jean Louis David Mini Esponja Ovo embalagem 1,Jean Louis David,,"7,44 €","(7,44 € / Unidade)",
Lindt Urso de Chocolate Girl e Boy embalagem 100 g,Lindt,,"3,99 €","(29,90 € / Kg)","3,99 €"
Confeitaria Vale Bolo d´Avó de Chocolate embalagem 500 g,Confeitaria Vale,,"4,99 €","(9,98 € / Kg)",
Men Expert Sensitive Control Desodorizante Spray embalagem 150 unidade,Men Expert Sensitive Control,,"3,99 €","(26,60 € / Litro)",
Agromar Paté de Vieira lata 100 g,Agromar,,"3,45 €","(34,50 € / Kg)",
Mr. Cheese Queijo Cheddar Mature Peso Aproximado por unidade 180 g,Mr. Cheese,,"18,29 €/kg",,
Nivea Men Deep Gel de Limpeza embalagem 100 ml,Nivea Men Deep,,"7,29 €","(57,90 € / Litro)","7,29 €"
Numen Água Premium garrafa 500 ml,Numen,,"1,75 €","(3,50 € / Litro)",
La Molisana Massa Integral Radiatori embalagem 500 g,La Molisana,,"1,99 €","(3,98 € / Kg)",
Nicola Café Alumínio Alma Brasil embalagem 10 unidades,Nicola,,"3,39 €","(0,34 € / Unidade)",
Zambudio Azeitonas Recheadas com Anchovas Peso Aproximado ao peso 1 kg,Zambudio,,"12,99 €/kg",,
Beirabaga Creme de Limão frasco 260 g,Beirabaga,,"3,49 €","(13,42 € / Kg)",
"Ballarini Queijo 1/8 Cunha DOP sem Glúten Peso Aproximado por unidade 1,5 kg",Ballarini,,"14,98 €/kg",,
Vitabio Cereais de Chocolate Biológicos embalagem 450 g,Vitabio,,"6,79 €","(15,09 € / Kg)",
Joana Reymão Nogueira Bolo Avó Maçã com Crumble embalagem 1 unidade,Joana Reymão Nogueira,,"7,90 €","(7,90 € / Unidade)",
"Seven Up Refrigerante de Lima Limão com Gás garrafa 1,25 L",Seven Up,,"1,55 €","(1,24 € / Litro)",
Quinta de Ventozelo Vinho Tinto do Douro Syrah garrafa 75 cl,Quinta de Ventozelo,,"15,90 €","(21,20 € / Litro)",
Intocável Vinho Tinto de Setúbal Herdade da Comporta garrafa 75 cl,Intocável,,"5,49 €","(7,32 € / Litro)",
Men Expert Desodorizante Stress Resist Roll-On embalagem 50 ml,Men Expert,,"3,99 €","(79,80 € / Litro)",
I Granfarciotti Raviolli de Queijos embalagem 250 g,I Granfarciotti,,"3,19 €","(12,76 € / Kg)",
Supremo de Chocolate,,,"1,10 €","(1,10 € / Unidade)",
Mother's Recipe Mutter Paneer com Tofu Vegan sem Glúten embalagem 300 g,Mother's Recipe,,"2,29 €","(7,63 € / Kg)",
Ramirez Atum Assado à Algarvia lata 120 g,Ramirez,,"1,89 €","(15,75 € / Kg)",
Mercurochrome Cortador de Calos embalagem 1 unidade,Mercurochrome,,"6,29 €","(4,69 € / Unidade)","6,29 €"
Tomate Rama Bio embalagem 500 g,,,"2,29 €","(4,58 € / Kg)",
Santa Catarina Filetes de Atum ao Natural frasco 250 g,Santa Catarina,,"5,09 €","(20,36 € / Kg)",
Provamel Creme para Cozinhar de Arroz 100% Vegetal Biológico embalagem 250 ml,Provamel,,"1,89 €","(0,76 € / 10 ml.)",
Aussie Máscara Miracle Moisture 3MM embalagem 225 ml,Aussie,,"9,99 €","(44,40 € / Litro)",
Freya Sumo de Beterraba Vermelha Biológico embalagem 750 ml,Freya,,"3,45 €","(4,60 € / Litro)",
El Corte Inglés Pizza Barbecue embalagem 415 g,El Corte Inglés,,"2,65 €","(6,39 € / Kg)",
Boca Doce Pudim de Chocolate embalagem 22 g,Boca Doce,,"0,45 €","(20,45 € / Kg)",
Herbas Infusão de Cidreira Bio bolsa 30 g,Herbas,,"3,99 €",(133 € / Kg),
Agros Leite com Chocolate Pack 4 embalagem 200 ml,Agros,,"1,43 €","(1,79 € / Litro)",
Vileda Capa Ultra Fresh embalagem 1 unidade,Vileda,,"15,89 €","(15,89 € / Unidade)",
Nestlé Nesquik Solúvel de Morango embalagem 300 g,Nestlé Nesquik,,"4,59 €","(15,30 € / Kg)",
Cedro do Noval Vinho Tinto do Douro garrafa 75 cl,Cedro do Noval,,"14,39 €","(19,19 € / Litro)",
Artiach Bolacha Chocolate Filipinos embalagem 128 g,Artiach,,"1,79 €","(13,98 € / Kg)",
El Corte Inglés Pipocas com Sal para Micro-Ondas Pack 3 embalagem 300 g,El Corte Inglés,,"1,20 €",(4 € / Kg),
Hendrik Quadrupel Cerveja Straffe garrafa 33 cl,Hendrik Quadrupel,,"3,95 €","(11,97 € / Litro)",
"Vit Hit Sumo Perform Orange, Mango e Passionfruit Match Tea+Amino Acids garrafa 50 cl",Vit Hit,,"2,24 €","(4,48 € / Litro)",
Delfin Bocas e Patas de Caranguejo Cozido embalagem 800 g,Delfin,,"35,99 €","(44,99 € / Kg)",
Pescanova Lombinhos do Mar embalagem 250 g,Pescanova,,"2,19 €","(8,76 € / Kg)",
Elpozo Bien Star Peito de Peru sem Gordura Reduzido em Sal sem Lactose e sem Glúten embalagem 340 g,Elpozo Bien Star,,"4,89 €","(14,38 € / Kg)",
Guinness Cerveja da Irlanda Artesanal 13 Hop House garrafa 33 cl,Guinness,,"1,75 €","(5,30 € / Litro)",
Jack Daniel's Whisky Bourbon garrafa 70 cl,Jack Daniel's,,"22,99 €","(32,84 € / Litro)",
Palavrar Vinho Tinto do Douro garrafa 75 cl,Palavrar,,"6,95 €","(9,27 € / Litro)",
Greens Feijão Verde Cortado embalagem 450 g,Greens,,"1,19 €","(2,64 € / Kg)",
Encostas de Estremoz Pack 2 Vinhos do Douro Tinto + Branco Sagrado Reserva Dop embalagem 75 cl,Encostas de Estremoz,,"29,98 €","(19,99 € / Litro)",
Salutem Tortas de Arroz Finissímas Integrais de Milho sem Glúten embalagem 130 g,Salutem,,"0,99 €","(7,62 € / Kg)",
Bom Petisco Sardinhas em Azeite lata 120 g,Bom Petisco,,"1,55 €","(12,92 € / Kg)",
Nacional Zero Cereais + Linha 0% Açúcares Adicionados embalagem 300 g,Nacional Zero,,"2,39 €","(7,97 € / Kg)",
El Corte Inglés Camarões Cozidos 48/64 Peças embalagem 800 g,El Corte Inglés,,"10,69 €","(13,36 € / Kg)",
Cimarrom Bicarbonato de Sódio embalagem 250 g,Cimarrom,,"1,09 €","(4,36 € / Kg)",
Próvida Pão Ralado Integral Biológico embalagem 250 g,Próvida,,"1,19 €","(4,76 € / Kg)",
Yopro Pudim Proteína sabor Caramelo embalagem 180 g,Yopro,,"2,29 €","(12,72 € / Kg)",
Collonil Autobrilhante Castanho 100 ml,Collonil,,"7,69 €","(76,90 € / Litro)",
Cem Porcento Sumo Natural de Ananás Biológico garrafa 200 ml,Cem Porcento,,"0,99 €","(4,95 € / Litro)",
Mini Hamburguer Frango e Cenoura Bio embalagem 300 g,,,"6,99 €","(23,30 € / Kg)",
Pleno Bebida Tisana de Chá de Cidreira garrafa 33 cl,Pleno,,"0,79 €","(2,39 € / Litro)",
El Corte Inglés Arroz Doce Pack 4 embalagem 130 g,El Corte Inglés,,"1,99 €","(3,83 € / Kg)",
Aliada Café Descafeinado Torrado Moído Natural embalagem 250 g,Aliada,,"1,69 €","(6,76 € / Kg)",
Veckia Escova de Dentes Eléctrica embalagem 1 unidade,Veckia,,"6,05 €","(6,05 € / Unidade)",
El Corte Inglés Azeite de Oliva Extra garrafão 5000 ml,El Corte Inglés,,"20,95 €","(4,19 € / Litro)",
Special Line El Corte Inglés Bebida de Soja com Cálcio embalagem 1 L,Special Line El Corte Inglés,,"1,39 €","(1,39 € / Litro)",
Secos da Aldeia Sementes de Linhaça Castanha embalagem 180 g,Secos da Aldeia,,"1,19 €","(6,61 € / Kg)",
Florette Salada New Yorker com Bacon e Cebola Frita embalagem 200 g,Florette,,"3,79 €","(18,95 € / Kg)",
Reny Picot Chantilly embalagem 250 ml,Reny Picot,,"1,99 €","(7,96 € / Litro)",
Elpozo 1954 Peito de Peru em Fatias Finas sem Lactose embalagem 120 g,Elpozo 1954,,"2,99 €","(24,92 € / Kg)",
Dum Dum Insecticida Eléctrico Max Moscas e Mosquitos Difusor 1 unidade,Dum Dum,,"11,99 €","(11,99 € / Unidade)",
Pride Creme de Coco embalagem 198 g,Pride,,"2,15 €","(10,86 € / Kg)",
Sadino Vinho Branco de Setúbal garrafa 75 cl,Sadino,,"2,99 €","(3,99 € / Litro)",
Real Natura Creme de Rosto Anti Rugas com Rosa Mosqueta embalagem 50 ml,Real Natura,,"13,79 €","(275,80 € / Litro)",
Sementes de Sésamo Granel Biológicas,,,"5,99 €/kg",,
Margão Cominhos Grão frasco 35 g,Margão,,"2,49 €","(71,14 € / Kg)",
Côte D'Or Mignonnette Chocolate de Leite embalagem 240 g,Côte D'Or Mignonnette,,"5,99 €","(24,96 € / Kg)",
Comfort Essência Essencia Creation Jasmim e Mirtilo embalagem 50 doses,Comfort Essência,,"6,59 €","(0,13 € / Dose)",
Paul Heumann Pão Azimo Original embalagem 200 g,Paul Heumann,,"2,59 €","(12,95 € / Kg)",
Nestlé Estrelitas Cereais embalagem 270 g,Nestlé Estrelitas,,"2,39 €","(8,85 € / Kg)",
D'EL REY Tentáculos de Polvo embalagem 200 g,D'EL REY,,"10,15 €","(50,75 € / Kg)",
El Corte Inglés Bio Creme de Avelãs sem Glúten Biológico frasco 330 g,El Corte Inglés Bio,,"4,50 €","(13,64 € / Kg)",
Assobio Vinho Tinto do Douro garrafa 75 cl,Assobio,,"5,99 €","(7,99 € / Litro)",
Orbit Pastilhas Bubblemint sem Açúcar embalagem 84 g,Orbit,,"2,99 €","(35,60 € / Kg)",
OGX Condicionador Keratina Brasileira embalagem 385 ml,OGX,,"7,99 €","(221,94 € / Litro)",
Heidel Chocolate Sortido Nostalgia lata 120 g,Heidel,,"11,45 €","(95,42 € / Kg)",
"Rudolfs Puré de Courgete, Abóbora, Batata e Frango +4 meses frasco 190 g",Rudolfs,,"2,39 €","(12,58 € / Kg)",
Trianon Chocolate de Leite e Laranja embalagem 125 g,Trianon,,"3,89 €","(31,12 € / Kg)",
Casa Jardín Insecticida Eléctrico Ati-Melgas e Mosquitos Difusor + Recarga embalagem 33 ml,Casa Jardín,,"7,05 €","(213,64 € / Litro)",
Ermitão Queijo Curado de Ovelha unidade 300 g,Ermitão,,"7,98 €","(26,60 € / Kg)",
Engenho Novo Poncha da Madeira com Sabor a Maracujá garrafa 70 cl,Engenho Novo,,"10,99 €","(15,70 € / Litro)",
Gliss Protein Máscara Capilar Nutritiva Manteiga de Karité para Cabelo Seco embalagem 400 ml,Gliss Protein,,"9,99 €","(24,98 € / Litro)",
Pouco Roupa Vinho Rosé do Alentejo garrafa 75 cl,Pouco Roupa,,"4,99 €","(6,65 € / Litro)",
Dez Prá Uma Tarte de Requeijão e Espinafres embalagem 1850 g,Dez Prá Uma,,24 €,"(12,97 € / Kg)",
Alpro Yofu de Soja 2 de Pêssego e 2 de Abacaxi e Marcujá Pack 4 embalagem 125 g,Alpro,,"2,89 €","(5,78 € / Kg)",
Herbal Essences Bio-Renew Máscara Capilar Intensiva de Argão Repara e Regenera embalagem 450 ml,Herbal Essences Bio-Renew,,"7,99 €","(13,31 € / Litro)","7,99 €"
Andros Sumo de Ananás embalagem 1 L,Andros,,"4,99 €","(4,99 € / Litro)",
Fides Paté Misto Pack 4 sem Glúten lata 22 g,Fides,,"1,55 €","(17,61 € / Kg)",
Agros Leite com Chocolate embalagem 1 L,Agros,,"2,19 €","(2,19 € / Litro)",
Nacional Farinha Preparada para Pão Caseiro embalagem 1 kg,Nacional,,"2,59 €","(2,59 € / Kg)",
Elnett Laca Spray spray 75 ml,Elnett,,"3,99 €","(53,20 € / Litro)",
Miguelañez Gomas Jellypack Lágrimas embalagem 150 g,Miguelañez,,"2,79 €","(13,95 € / Kg)",
Gramona Espumante Cava Imperial Brut garrafa 75 cl,Gramona,,"18,95 €","(25,27 € / Litro)",
Regateiro Vinho Branco da Bairrada Reserva garrafa 75 cl,Regateiro,,"11,95 €","(15,93 € / Litro)",
Sugus Caramelos 5 Sabores embalagem 45 g,Sugus,,"1,05 €","(23,33 € / Kg)",
Codyfer Palmilhas Tamanho 36-45 1 par,Codyfer,,"3,29 €","(3,29 € / Unidade)",
"Vitabio Cool Fruits Maçã, Pera Williams e Acerola Biológicas Pack 4 embalagem 90 g",Vitabio Cool Fruits,,"5,99 €","(66,56 € / Kg)",
Vidal Gomas Unicórnios embalagem 100 g,Vidal,,"1,39 €","(13,90 € / Kg)",
Pacari Chocolate Negro com Maracujá Vegan embalagem 50 g,Pacari,,"3,09 €","(61,80 € / Kg)",
Halls Energy Rebuçados de Ice Tea sem Açúcar Pack 4 embalagem 32 g,Halls Energy,,"2,99 €","(93,44 € / Kg)",
Ti-ti Batatas Fritas embalagem 110 g,Ti-ti,,"0,95 €","(8,64 € / Kg)",
Fever-Tree Água Tónica Mediterranean Pack 4 garrafa 20 cl,Fever-Tree,,"4,75 €","(5,94 € / Litro)",
Green Shield Toalhitas de Mãos Anti-Bacterianas embalagem 20 unidades,Green Shield,,"2,75 €","(0,14 € / Unidade)",
Pão de Ló de Café pack 2 85 g,,,"5,25 €","(30,88 € / Kg)",
Penha Caramelos de Leite embalagem 250 g,Penha,,"2,85 €","(11,40 € / Kg)",
Quinta dos Avidagos Vinho Branco do Douro Reserva garrafa 75 cl,Quinta dos Avidagos,,"11,90 €","(15,87 € / Litro)",
Casa Santos Lima Vinho Branco da Estremadura Arinto garrafa 75 cl,Casa Santos Lima,,"4,49 €","(5,99 € / Litro)",
Compal Clássico 100% Sumo de Maracujá embalagem 33 cl,Compal Clássico,,"0,85 €","(2,58 € / Litro)",
"Lipton Chá Verde com Guaraná, Canela e Cardamono Bring the Boost embalagem 20 unidades",Lipton,,"2,09 €","(0,10 € / Unidade)",
Dan'up Iogurte Líquido de Lima e Limão Pack 4 embalagem 155 g,Dan'up,,"2,99 €","(4,82 € / Kg)",
Kellogg's All-Bran Cereais com Chocolate embalagem 375 g,Kellogg's All-Bran,,"4,39 €","(11,71 € / Kg)",
Vileda Luvas Multi Latex S/M embalagem 10 unidades,Vileda,,"2,99 €","(0,30 € / Unidade)",
Fondue de Porco Peso Aproximado 350 g,,,"5,95 €/kg",,
English Tea Shop Chá Oolong Biológico embalagem 40 g,English Tea Shop,,"3,99 €","(99,75 € / Kg)",
Wilkinson Sword Protect Espuma de Barbear embalagem 50 ml,Wilkinson Sword Protect,,"2,09 €","(41,80 € / Litro)",
DDO Pudim de Ovos embalagem 800 g,DDO,,"9,95 €","(12,44 € / Kg)",
El Corte Inglés Favas Fritas Mini Baby Extra Finas em Azeite frasco 225 g,El Corte Inglés,,"4,65 €","(20,67 € / Kg)",
Humydry Cabide Anti Humidade & Ambientador Roupa Limpa embalagem 250 g,Humydry,,"6,99 €","(27,96 € / Kg)",
El Corte Inglés Batatas Corte Tradicional embalagem 1 kg,El Corte Inglés,,"1,49 €","(1,49 € / Kg)",
Nivea Naturally Good Creme Sensitive de Dia Camomila Biológico embalagem 50 ml,Nivea Naturally Good,,"8,99 €","(179,80 € / Litro)",
Fragata Snacking Azeitonas Estilo Andaluz sem Glúten embalagem 70 g,Fragata Snacking,,"1,49 €","(21,29 € / Kg)",
Alpro Bebida de Arroz embalagem 1 L,Alpro,,"2,09 €","(2,09 € / Litro)",
"Innocent Smoothie de Maçã, Kiwi e Lima garrafa 250 ml",Innocent,,"1,99 €","(7,96 € / Litro)",
"Nivea Men Creme para Rosto, Corpo e Mãos embalagem 75 ml",Nivea Men,,"4,79 €","(63,87 € / Litro)",
Trident 60 Minutes Pastilhas Peppermint sem Açúcar Pack 3 embalagem 20 g,Trident 60 Minutes,,"2,59 €","(43,17 € / Kg)",
Sabita Pickles de Beringela frasco 250 g,Sabita,,"3,29 €","(13,16 € / Kg)",
Nature Valley Barras de Cereais de Aveia e Chocolate Preto Pack 10 embalagem 210 g,Nature Valley,,"2,99 €","(14,24 € / Kg)",
Durex Sensitivo Comfort Preservativos Finos Extra Lubrificados embalagem 12 unidades,Durex Sensitivo Comfort,,"10,99 €","(0,92 € / Unidade)",
El Corte Inglés Óleo Alimentar garrafa 1 L,El Corte Inglés,,"3,35 €","(3,35 € / Litro)",
Sadiva Croquetes Vegetais Vegan sem Glúten embalagem 180 g,Sadiva,,"3,99 €","(22,17 € / Kg)",
Sanytol Desinfetante Roupa embalagem 500 ml,Sanytol,,"5,29 €","(10,58 € / Litro)",
Twinings Chá Superblend Defense embalagem 18 unidades,Twinings,,"3,19 €","(0,18 € / Unidade)",
Latbri Queijo Mozzarella de Bufala unidade 125 g,Latbri,,"2,99 €","(23,92 € / Kg)",
Jacquot Bombons Praliné Caixa Azul embalagem 260 g,Jacquot,,"5,49 €","(21,12 € / Kg)",
Veet For Men Creme Depilatório Peles Sensíveis embalagem 200 ml,Veet For Men,,"9,99 €","(49,95 € / Litro)",
Coren Mimos Medalhões de Lombinhos de Peru Peso Aproximado por cuvete 300 g,Coren Mimos,,"3,89 €","(12,95 € / Kg)",
Ti Almerinda 10 Pasteís de Bacalhau embalagem 330 g,Ti Almerinda,,"4,39 €","(13,30 € / Kg)",
Periquita Vinho Branco de Terras do Sado garrafa 75 cl,Periquita,,"4,99 €","(6,65 € / Litro)",
Old El Paso Tortilha de Batata com Chilli embalagem 185 g,Old El Paso,,"2,96 €",(16 € / Kg),
Reber Bombons W.Amadeus Mozart Herz'l embalagem 80 g,Reber,,"7,49 €","(93,62 € / Kg)",
Serrano Fiambre de Lagosta,Serrano,,"12,29 €","(12,29 € / Kg)",
Skip Tira-Nódoas em Spray embalagem 500 ml,Skip,,"2,49 €","(4,98 € / Litro)",
Manhãzitos Planetus Panquecas -50% Açúcares embalagem 208 g,Manhãzitos Planetus,,"1,95 €","(9,38 € / Kg)",
Secos da Aldeia Sultana Preta embalagem 100 g,Secos da Aldeia,,"0,65 €","(6,50 € / Kg)",
King C. Gillette Gel de Barbear e Limpeza Facial embalagem 350 ml,King C. Gillette,,"9,99 €","(21,40 € / Litro)","9,99 €"
Helios Doce Extra de Laranja Amarga sem Glúten Biológico frasco 350 g,Helios,,"3,89 €","(11,11 € / Kg)",
Lactimonte Queijo Curado de Vaca unidade 250 g,Lactimonte,,"2,98 €","(11,92 € / Kg)",
Cano Cabide 45 cm embalagem 3 unidades,Cano,,"7,40 €","(2,47 € / Unidade)",
Kaito Farofa Ponta Sabor Bacon embalagem 350 g,Kaito,,"2,85 €","(8,14 € / Kg)",
Gullón Bio Organic Bolachas com Pepitas de Chocolate Choco Chips Biológicas embalagem 250 g,Gullón Bio Organic,,"3,89 €","(15,56 € / Kg)",
Timmermans Cerveja Oude Gueuze garrafa 75 cl,Timmermans,,"24,90 €","(33,20 € / Litro)",
Mercearia da Aldeia Queijo Amanteigado de Ovelha unidade 140 g,Mercearia da Aldeia,,"4,29 €","(30,64 € / Kg)",
Gallo Creme de Vinagre Balsâmico garrafa 250 ml,Gallo,,"3,99 €","(15,96 € / Litro)",
Eurofumeiro Alheira de Javali unidade 200 g,Eurofumeiro,,"2,49 €","(12,45 € / Kg)",
Milaneza Sabores Spaghetti Picante embalagem 500 g,Milaneza Sabores,,"2,69 €","(5,38 € / Kg)",
Jardim de Granito Vinho Tinto do Dão Terroir Blend garrafa 75 cl,Jardim de Granito,,"7,49 €","(9,99 € / Litro)",
Veckia Fio Dental pack 100 m,Veckia,,"2,69 €","(6,72 € / Metro)",
Schweppes Água Tónica lata 25 cl,Schweppes,,"0,64 €","(2,56 € / Litro)",
Pirassununga 51 Cachaça garrafa 1 L,Pirassununga 51,,"16,49 €","(16,49 € / Litro)",
La Fallera Arroz de Valência Especial para Paelha embalagem 1 kg,La Fallera,,"2,75 €","(2,75 € / Kg)",
Riso Gallo Risotto Pronto de 4 Queijos embalagem 175 g,Riso Gallo,,"2,69 €","(15,37 € / Kg)",
Relicario Rum garrafa 70 cl,Relicario,,"29,90 €","(42,71 € / Litro)",
Alara Aveia Integral sem Glúten embalagem 500 g,Alara,,"8,09 €","(16,18 € / Kg)",
Socilink Sardinhas em Azeite Virgem Biológico embalagem 120 g,Socilink,,"5,49 €","(45,75 € / Kg)",
O Tal da Lixa Vinho Verde Branco garrafa 75 cl,O Tal da Lixa,,"2,55 €","(3,40 € / Litro)",
Wilkinson Sword Intuition Naturals Lâminas Depilatórias Sensitive Care Recargas Pack 3 + 1 Grátis embalagem 4 unidades,Wilkinson Sword Intuition Naturals,,"12,45 €","(3,11 € / Unidade)",
Glamour Institut Lima Design com Protector embalagem 1 unidade,Glamour Institut,,"4,05 €","(4,05 € / Unidade)",
Excellence Creme Coloração Nº 1 Preto embalagem 1 unidade,Excellence Creme,,"11,99 €","(11,99 € / Unidade)",
Rossini Espumante Canella Aromatizado a Morango garrafa 75 cl,Rossini,,"12,65 €","(16,87 € / Litro)",
Rana Tortellini Carne com Legumes embalagem 250 g,Rana,,"3,29 €","(13,16 € / Kg)",
Avó Filó Arroz Doce Pack 2 embalagem 150 g,Avó Filó,,"2,99 €","(9,97 € / Kg)",
Violife Original Fatias sem Lactose e sem Glúten embalagem 200 g,Violife,,"3,99 €","(19,95 € / Kg)",
Rana Kit para Cozinhar Tagliatelle Carbonara embalagem 370 g,Rana,,"4,59 €","(12,41 € / Kg)",
El Corte Inglés Frutas Sortidas Cristalizadas embalagem 400 g,El Corte Inglés,,"4,99 €","(12,48 € / Kg)",
Magnum Gelado de Menta Pack 4 embalagem 100 ml,Magnum,,"4,99 €","(12,48 € / Litro)",
Schwarzkopf Root Retoucher Spray Retoca Raízes Castanho Escuro embalagem 120 ml,Schwarzkopf Root Retoucher,,"12,39 €","(103,25 € / Litro)",
Excellence Coloração Nudes sem Amoníaco  Preto Universal 1 U embalagem 1 unidade,Excellence,,"12,99 €","(12,99 € / Unidade)",
Desiam Malagueta Vermelha Seca embalagem 6 g,Desiam,,"2,69 €","(448,33 € / Kg)",
Kaiku Col Iogurte Líquido Natural 0% Açúcar Pack 6 embalagem 65 ml,Kaiku Col,,"3,79 €","(9,72 € / Litro)",
Don Simon Sumo de Ananás e Uva embalagem 1 L,Don Simon,,"0,99 €","(0,99 € / Litro)",
Eric Kayser Pão de Nozes unidade 300 g,,,"4,40 €","(14,67 € / Kg)",
Colgate Max White One Pasta de Dentes embalagem 75 ml,Colgate Max White One,,"4,49 €","(59,87 € / Litro)",
Orbit Pastilhas Spearmint sem Açúcar embalagem 84 g,Orbit,,"2,99 €","(35,60 € / Kg)",
Mabel Vizhoja Biscoitoo Rosca Nata embalagem 350 g,Mabel Vizhoja,,"3,19 €","(9,11 € / Kg)",
Babaria Leite para o Corpo Reafirmante de Aloe embalagem 400 ml,Babaria,,"3,90 €","(7,22 € / Litro)","3,90 €"
Pirata Molho de Alho com Pimenta embalagem 150 ml,Pirata,,"1,99 €","(13,27 € / Litro)",
3 Toques Mini Bouchées Pack 12 embalagem 66 g,3 Toques,,"2,69 €","(40,76 € / Kg)",
Fairy Ultra Poder Detergente de Lavagem à Mão para Loiça Extra Higiene Eucalipto Concentrado embalagem 650 ml,Fairy Ultra Poder,,"4,49 €","(6,91 € / Litro)",
"Bolo Kinder unidade 1,4 kg",,,"25,95 €","(17,59 € / Kg)",
Batata Doce Biológica Peso Aproximado por unidade 400 g,,,"2,59 €/kg",,
Millan Vicente Sortido de Queijos Imperial unidade 250 g,Millan Vicente,,"4,98 €","(19,92 € / Kg)",
Prozis Porco com Batata High Protein embalagem 400 g,Prozis,,"6,99 €","(17,48 € / Kg)",
Vileda Turbo Pano para Esfregona de Balde 2 em 1 Turbo Microfibras com Pedal embalagem 1 unidade,Vileda Turbo,,"8,99 €","(8,99 € / Unidade)",
Ti Piedade Pão de Ló de Canela embalagem 170 g,Ti Piedade,,"5,25 €","(30,88 € / Kg)",
Tons de Duorum Vinho Tinto do Douro garrafa 75 cl,Tons de Duorum,,"4,99 €","(6,65 € / Litro)",
Zaini Ovo de Chocolate de Leite SpongeBob Squarepants Sortido embalagem 20 g,Zaini,,"1,29 €","(64,50 € / Kg)",
Herbal Essences Bio-Renew Óleo para o Cabelo Aloe Vera e Argão Repara embalagem 100 ml,Herbal Essences Bio-Renew,,"4,99 €",(3.740 € / Litro),"4,99 €"
Duas Quintas Vinho Branco do Douro Reserva 2020 garrafa 75 cl,Duas Quintas,,"20,45 €","(27,27 € / Litro)",
Vieira Bolachas de Àgua e Sal embalagem 125 g,Vieira,,"1,19 €","(9,52 € / Kg)",
Renova Gold Guardanapos Pretos embalagem 40 unidades,Renova Gold,,"1,99 €","(0,05 € / Unidade)",
Maizena Express Farinha Amido de Milho embalagem 250 g,Maizena Express,,"3,20 €","(12,80 € / Kg)",
Condi Folhas de Gelatina Vermelha embalagem 7 g,Condi,,"0,99 €","(141,43 € / Kg)",
Compal Clássico Néctar de Pêssego embalagem 33 cl,Compal Clássico,,"0,79 €","(2,39 € / Litro)",
Cal Valls Ketchup Biológico embalagem 325 g,Cal Valls,,"4,99 €","(15,35 € / Kg)",
Dalva Vinho do Porto Colheita 2010 garrafa 75 cl,Dalva,,"22,90 €","(30,53 € / Litro)",
Paysan Breton Queijo Brie,Paysan Breton,,"14,45 €/kg",,
Tetley Infusão Sweet Dreams embalagem 20 unidades,Tetley,,"2,95 €","(0,15 € / Unidade)",
Sunquick Concentrado Líquido de Manga garrafa 58 cl,Sunquick,,"3,83 €","(0,66 € / Litro)",
Quinta do Piloto Moscatel de Setúbal Superior Roxo garrafa 50 cl,Quinta do Piloto,,"12,95 €","(17,27 € / Litro)",
Babaria Agua Micelar Bifasica Aloe embalagem 400 ml,Babaria,,"5,19 €","(12,98 € / Litro)",
Neoblanc Tira Nódoas para Roupa com Cor embalagem 1 kg,Neoblanc,,"13,99 €","(6,99 € / Kg)","13,99 €"
De Marchi Polpa de Caju embalagem 100 g,De Marchi,,"1,19 €","(11,90 € / Kg)",
Menodiciotto Gelado de Coco copo 500 ml,Menodiciotto,,"6,59 €","(13,18 € / Litro)",
Salutem Crisp Bread de Queijo e Alho embalagem 130 g,Salutem,,"2,19 €","(16,85 € / Kg)",
El Serpis Azeitonas Pretas sem Caroço lata 350 g,El Serpis,,"3,49 €","(9,97 € / Kg)",
Cister Pop Pipocas Doces embalagem 240 g,Cister Pop,,"2,85 €","(11,88 € / Kg)",
Naturefoods Feijão Vermelho Biológico frasco 360 g,Naturefoods,,"1,40 €","(3,89 € / Kg)",
Adega Mãe Vinho Tinto de Lisboa Petit Verdot garrafa 75 cl,Adega Mãe,,"9,65 €","(12,87 € / Litro)",
Fabridoce Fios de Ovos unidade 100 g,Fabridoce,,"3,19 €","(31,90 € / Kg)",
Nicola Tisana de Frutos do Bosque Pack 10 embalagem 30 g,Nicola,,"1,99 €","(0,20 € / Unidade)",
Península de Lisboa Vinho Tinto de Lisboa garrafa 75 cl,Península de Lisboa,,"6,45 €","(8,60 € / Litro)",
King C. Gillette Máquina de Barbear Style embalagem 1 unidade,King C. Gillette,,"39,99 €","(39,99 € / Unidade)",
Cem Porcento Bolachas Integrais com Aveia e Canela embalagem 140 g,Cem Porcento,,"2,49 €","(17,79 € / Kg)",
Delicatalia Barra de Cacau e Frutos Secos Vegan sem Glúten Biológica Pack 3 embalagem 30 g,Delicatalia,,"5,09 €","(56,56 € / Kg)",
Haribo Gomas Happy Cola embalagem 100 g,Haribo,,"1,09 €","(10,90 € / Kg)",
Los Vascos Vinho Tinto do Chile Cabernet Sauvignon garrafa 75 cl,Los Vascos,,"10,95 €","(14,60 € / Litro)",
Garnier Pure Active Exfoliante para Peles Oleosas embalagem 150 ml,Garnier Pure Active,,"7,99 €","(53,27 € / Litro)",
Quinta de Pancas Vinho Tinto de Lisboa Reserva garrafa 75 cl,Quinta de Pancas,,"12,90 €","(17,20 € / Litro)",
Lotus Bolachas Biscoff Pack 8 embalagem 124 g,Lotus,,"1,49 €","(12,02 € / Kg)",
El Corte Inglés Paté de Ervas Finas Pack 2X50g embalagem 100 g,El Corte Inglés,,"1,59 €",,
Wakame Algas Secas Golden Turtle embalagem 100 g,Wakame,,"5,95 €","(59,50 € / Kg)",
La Dispensa Iogurte Bufala com Bagas embalagem 150 g,La Dispensa,,"3,09 €","(23,77 € / Kg)",
Polident Pastilhas para Próteses Dentárias Oxigénio Activo embalagem 48,Polident,,"5,49 €","(0,11 € / Unidade)",
Kinder Délice Snack de Chocolate e Cacau Pack 4 embalagem 156 g,Kinder Délice,,"2,29 €","(14,68 € / Kg)",
Cimarrom Milho para Pipocas embalagem 400 g,Cimarrom,,"1,39 €","(3,48 € / Kg)",
Jardineira de Vitela Mirandesa DOP Peso Aproximado 200 g,,,"14,95 €/kg",,
Palette Coloração Nº 3.65 Castanho Chocolate embalagem 1 unidade,Palette,,"5,99 €","(5,99 € / Unidade)",
Fruut Craaks Tortitas de Lentilhas e Maçã embalagem 20 g,Fruut Craaks,,"0,99 €","(49,50 € / Kg)",
Monsaraz Azeite Virgem Extra garrafa 750 ml,Monsaraz,,"5,35 €","(7,13 € / Litro)",
Ambientador Absorve Odores Marine embalagem 150 g,,,"4,99 €","(33,27 € / Kg)",
Polident Creme Fixativo para Próteses Dentárias embalagem 40 g,Polident,,"6,99 €","(174,75 € / Kg)",
El Corte Inglés Café Suave para Nespresso Intensidade 5 embalagem 10 cápsulas,El Corte Inglés,,"1,99 €","(38,27 € / Kg)",
Q M Vinho Verde Alvarinho Branco garrafa 75 cl,Q M,,"7,99 €","(10,65 € / Litro)",
Valle Padrinhos Vinho Branco de Trás-os-Montes garrafa 75 cl,Valle Padrinhos,,"16,75 €","(22,33 € / Litro)",
Sabita Pasta Garam Masala frasco 125 g,Sabita,,"4,09 €","(32,72 € / Kg)",
Clearspring Puré Biológico de Maçã e Ananás Pack 2 embalagem 100 g,Clearspring,,"2,19 €","(10,95 € / Kg)",
Tassimo Café Chai Latte embalagem 16 cápsulas,Tassimo,,"5,39 €","(0,34 € / Unidade)",
Stravaganza Vinho Tinto do Douro garrafa 75 cl,Stravaganza,,"3,95 €","(5,27 € / Litro)",
Rosa Quental Bolo Lêvedo das Furnas Médio 3 Unidades embalagem 400 g,Rosa Quental,,"5,19 €","(12,98 € / Kg)",
Vileda Esfregão Fibra Verde com Esponja Salva-Unhas Pack 1 + 1 Grátis embalagem 2 unidades,Vileda,,"1,99 €",(1 € / Unidade),
Melusine Queijo Buche Peso Aproximado por unidade 1 kg,Melusine,,"16,75 €/kg",,
Ucal São Lourenço Leite Meio Gordo Premium garrafa 250 ml,Ucal São Lourenço,,"0,89 €","(3,56 € / Litro)",
El Corte Inglés Selection Anchovas em Azeite 8/12 Filetes embalagem 30 g,El Corte Inglés Selection,,"2,19 €",(73 € / Kg),
Vieira Bolachas Wafer de Limão -40% Açúcares embalagem 125 g,Vieira,,"1,55 €","(12,40 € / Kg)",
Cem Porcento Tisana Camomila embalagem 40 g,Cem Porcento,,"1,35 €","(33,75 € / Kg)",
Dove Care & Protect Sabonete Líquido para as Mãos embalagem 250 ml,Dove Care & Protect,,"2,39 €","(9,56 € / Litro)",
El Corte Inglés Bio Gel Hidratante Aloe Vera Biológico embalagem 500 ml,El Corte Inglés Bio,,"9,95 €","(19,90 € / Litro)",
Nobre Vegalia Especialidade Vegan Vegwurst sem Lactose e sem Glúten Pack 8 lata 160 g,Nobre Vegalia,,"2,39 €","(14,94 € / Kg)",
Milaneza Conchas Gigantes embalagem 500 g,Milaneza,,"2,73 €","(5,46 € / Kg)",
Edulcor Adoçante Edulcorante em Pó frasco 90 g,Edulcor,,"3,95 €","(43,89 € / Kg)",
Aurora d'Espiells Vinho Rosé de Espanha Penedes garrafa 75 cl,Aurora d'Espiells,,"10,95 €","(14,60 € / Litro)",
Paladares Alentejanos Paio de Porco Preto unidade 260 g,Paladares Alentejanos,,"6,25 €","(24,04 € / Kg)",
Patak's Pão Nann com Alho e Coentros 2 Unidades embalagem 240 g,Patak's,,"3,89 €","(16,21 € / Kg)",
Teacher's Whisky garrafa 70 cl,Teacher's,,"13,99 €","(19,99 € / Litro)",
Raffaello Gelado Pack 4 embalagem 280 ml,Raffaello,,"4,85 €","(17,32 € / Litro)",
José de Sousa Vinho Tinto Regional do Alentejo Mayor garrafa 75 cl,José de Sousa,,"24,90 €","(33,20 € / Litro)",
Niepoort Vinho do Porto Ruby Dum garrafa 75 cl,Niepoort,,"9,49 €","(12,65 € / Litro)",
Arnaud Pate de Coelho c/Armagnac frasco 180 g,Arnaud,,"2,65 €","(14,72 € / Kg)",
Ribeira Lulas em Tinta sem Glúten lata 111 g,Ribeira,,"1,39 €","(12,52 € / Kg)",
Margão Açafrão das Índias frasco 37 g,Margão,,"2,39 €","(64,59 € / Kg)",
Nestlé Kit Kat Chunky Snack Lotus MP 4x embalagem 42 g,Nestlé Kit Kat,,"3,39 €","(80,71 € / Kg)",
El Corte Inglés Arroz Basmati embalagem 1 kg,El Corte Inglés,,"2,09 €","(2,09 € / Kg)",
Sanex Zero % Desodorizante Invisible Spray embalagem 150 ml,Sanex Zero %,,"4,49 €","(124,72 € / Litro)",
Museu do Pão Madalenas sem Glúten e sem Lactose Pack 4 embalagem 240 g,Museu do Pão,,"4,55 €","(18,96 € / Kg)",
Maybelline Brown Drama Eyestudio Máscara de Sobrancelhas Medium Brown embalagem 1 unidade,Maybelline Brown Drama Eyestudio,,"8,49 €","(8,49 € / Unidade)",
Didden Molho Béarnaise frasco 250 ml,Didden,,"3,79 €","(15,16 € / Litro)",
Rubrica Vinho Branco do Alentejo 75 cl,Rubrica,,"10,45 €","(13,93 € / Litro)",
Collonil Waterstop Spray 200 ml,Collonil,,"8,65 €","(43,25 € / Litro)",
Delaviuda Selection Bombons Sortidos de Chocolate embalagem 200 g,Delaviuda Selection,,"4,99 €","(24,95 € / Kg)",
Enso Kit Tempura embalagem 140 g,Enso,,"4,59 €","(32,79 € / Kg)",
Lipton Infusão de Frutos Vermelhos embalagem 10 unidades,Lipton,,"1,39 €","(0,14 € / Unidade)",
Colgate Total Pasta de Dentes Reparação Diária embalagem 75 ml,Colgate Total,,"4,99 €","(66,53 € / Litro)",
El Corte Inglés Esfregão Azul com Esponja Vitrocerâmicas embalagem 3 unidades,El Corte Inglés,,"0,95 €","(0,32 € / Unidade)",
Kinder Schoko-Bons Bombons de Chocolate de Leite com Recheio de Avelã embalagem 200 g,Kinder Schoko-Bons,,"3,99 €","(19,95 € / Kg)",
Silvex Sacos de Congelação com Fecho Zip 25 unidades,Silvex,,"4,35 €",(0 € / Unidade),
Babaria Aloe Vera Gel de Banho Hidratante embalagem 600 ml,Babaria Aloe Vera,,"3,79 €","(6,32 € / Litro)",
Bolachas de Chocolate embalagem 403 g,,,"3,19 €","(7,92 € / Kg)",
Elpozo Bacon de Peru -70% Gordura em Fatias sem Lactose e sem Glúten embalagem 150 g,Elpozo,,"2,99 €","(19,93 € / Kg)",
Twinings Chá Verde de Menta embalagem 25 unidades,Twinings,,"3,99 €","(0,16 € / Unidade)",
Nutella Creme para Barrar frasco 350 g,Nutella,,"3,59 €","(10,26 € / Kg)",
Moussel Gel de Banho embalagem 650 ml,Moussel,,"6,85 €","(1,05 € / 10 ml.)",
Yoçor Gelatina de Maracujá Pack 4 embalagem 100 g,Yoçor,,"1,29 €","(3,22 € / Kg)",
Nestlé Mix Mix de Cereais 5 Variedades embalagem 190 g,Nestlé Mix,,"3,29 €","(17,32 € / Kg)",
Ausonia Discreet Boutique Cuecas para Adultos com Incontinência Plus Tamanho Médio embalagem 9 unidades,Ausonia Discreet Boutique,,"11,99 €","(1,33 € / Unidade)",
Parodontax Elixir Extra Fresh Cuidado Ativo embalagem 500 ml,Parodontax,,"6,59 €","(13,18 € / Litro)",
Ambi Pur 3 Volution Ambientador Eléctrico Tatami do Japão Recarga 42 ml,Ambi Pur 3 Volution,,"10,99 €","(261,67 € / Litro)",
Herdade do Esporão Azeite Virgem Extra Biológico garrafa 500 ml,Herdade do Esporão,,"14,99 €","(29,98 € / Litro)",
Cem Porcento Biscoitos de Gengibre e Canela embalagem 250 g,Cem Porcento,,"2,69 €","(10,76 € / Kg)",
The Glenlivet Whisky Malte FounderŽs Reserve garrafa 75 cl,The Glenlivet,,"37,99 €","(54,27 € / Litro)",
Mimosa Manteiga com Sal Pack 20 unidades embalagem 8 g,Mimosa,,"1,99 €","(236,25 € / Kg)","1,99 €"
Broa de Milho Amarelo Alongado unidade 400 g,,,"1,10 €","(2,75 € / Kg)",
El Corte Inglés Milho Cru para Pipocas embalagem 300 g,El Corte Inglés,,"1,59 €","(5,30 € / Kg)",
Linic Men Champô Legend CR7 embalagem 225 ml,Linic Men,,"3,35 €","(14,89 € / Litro)",
Dietisa Chá de Ervas Boldo embalagem 50 g,Dietisa,,"1,79 €","(35,80 € / Kg)",
Sanchez Alcaraz Presunto Ibérico da Pá em Fatias sem Lactose sem Glúten embalagem 100 g,Sanchez Alcaraz,,"5,19 €","(51,90 € / Kg)",
Mercurochrome Pensos Universal embalagem 20 unidades,Mercurochrome,,"2,35 €","(0,12 € / Unidade)",
Martini Vermute Bianco garrafa 1 L,Martini,,"12,09 €","(12,09 € / Litro)",
De Marchi Polpa de Morango embalagem 100 g,De Marchi,,"1,19 €","(11,90 € / Kg)",
Ritter Sport Chocolate Preto 74% Intenso Peru embalagem 100 g,Ritter Sport,,"2,59 €","(25,90 € / Kg)",
Bonne Maman Doce Extra de Ameixa frasco 370 g,Bonne Maman,,"3,49 €","(9,43 € / Kg)",
Bahlsen Pick Up Mini Bolachas Recheadas com Chocolate embalagem 106 g,Bahlsen Pick Up,,"2,49 €","(19,72 € / Kg)","2,49 €"
Miolo Pão de Azeitonas Biológico unidade 300 g,Miolo,,"3,70 €","(12,33 € / Kg)",
Sonasol Lixívia Gel Higiene embalagem 1250 ml,Sonasol,,"3,99 €","(3,19 € / Litro)",
Dovo Tortilha com Cebola embalagem 500 g,Dovo,,"3,99 €","(7,98 € / Kg)",
Nature Box Champô Sólido Reparador de Abacate Ecológico embalagem 500 ml,Nature Box,,"5,99 €","(11,98 € / Litro)",
Celeiro da Terra Licor de Nêspera garrafa 50 cl,Celeiro da Terra,,"12,95 €","(25,90 € / Litro)",
Silvex Sacos do Lixo 90 x 113 cm 160 L 10 unidades,Silvex,,"4,69 €","(0,47 € / Unidade)",
Torre de Nuñez Torresmos em Fatias unidade 150 g,Torre de Nuñez,,"2,45 €","(16,33 € / Kg)",
Qampo Salicórnia Mix para Peixe embalagem 50 g,Qampo,,"4,39 €","(87,80 € / Kg)",
Dove Original Desodorizante Stick 40 ml,Dove Original,,"4,99 €","(124,75 € / Litro)",
100% Titular Puré de Pera e Maçã sem Glúten embalagem 150 g,100% Titular,,"0,89 €","(5,93 € / Kg)",
Bonduelle Ervilhas e Cenouras Pack 3 lata 200 g,Bonduelle,,"3,64 €","(18,20 € / Kg)",
El Corte Inglés Selection Espargos Brancos Grossos 7/10 Unidades frasco 205 g,El Corte Inglés Selection,,"7,09 €","(34,59 € / Kg)",
El Corte Inglés Pão de Forma embalagem 820 g,El Corte Inglés,,"1,19 €","(1,45 € / Kg)",
Boina Vinho Tinto do Douro garrafa 75 cl,Boina,,"9,49 €","(12,65 € / Litro)",
Montaria Vinho Branco do Alentejo garrafa 75 cl,Montaria,,"3,99 €","(5,32 € / Litro)",
Croffee Barra de Cereais Caramelo Salgado embalagem 110 g,Croffee,,"2,05 €","(18,64 € / Kg)",
Beirão Licor D'Honra garrafa 70 cl,Beirão,,"22,49 €","(32,13 € / Litro)",
Knorr Big Pasta Pot Bolonhesa embalagem 88 g,Knorr,,"2,60 €","(29,55 € / Kg)",
H&S Shampoo Suavizante para Couro Cabeludo Seco embalagem 300 ml,H&S,,"4,94 €","(16,47 € / Litro)",
Listerine Elixir Mentol 500+250 embalagem 500 ml,Listerine,,"5,99 €","(11,98 € / Litro)",
Kerzo Shampoo Anti Queda Nutritivo Cabelos Secos embalagem 400 ml,Kerzo,,"4,99 €","(12,48 € / Litro)",
Colgate Pasta de Dentes Gengivas Revitalizantes embalagem 75 ml,Colgate,,"4,49 €","(59,87 € / Litro)",
Bom Petisco Atum Posta em Óleo lata 385 g,Bom Petisco,,"5,09 €","(13,22 € / Kg)",
Quinta Piloto Vinho Moscatel de Setúbal garrafa 75 cl,Quinta Piloto,,"31,49 €","(41,99 € / Litro)",
Vieira Bolachas de Água e Sal Pack 3 embalagem 375 g,Vieira,,"3,35 €","(8,93 € / Kg)",
Interdoces Gomas Marshmallows Americano embalagem 350 g,Interdoces,,"3,75 €","(10,71 € / Kg)",
Lipton Chá de Camomila e Erva Príncipe embalagem 20 unidades,Lipton,,"2,99 €","(0,15 € / Unidade)",
Loimer Lois Vinho Branco da Áustria Gruner Veltiner Biológico garrafa 75 cl,Loimer Lois,,"13,45 €","(17,93 € / Litro)",
Nivea Essentials Creme Hidratante de Dia FP 30 Pele Normal a Mista embalagem 50 ml,Nivea Essentials,,"8,99 €","(179,80 € / Litro)",
Fizzy Oeluche Fantasia com Chcolates à Main embalagem 100 g,Fizzy,,"14,45 €","(144,50 € / Kg)",
Tito's Vodka Branca garrafa 70 cl,Tito's,,"29,90 €","(42,71 € / Litro)",
Santa Teresa Gaspacho Raf sem Glúten embalagem 500 ml,Santa Teresa,,"3,45 €","(6,90 € / Litro)",
El Almendro Torrão de Chocolate Preto 70% embalagem 260 g,El Almendro,,"3,29 €","(12,65 € / Kg)",
"Bounty Chocolate de Coco Pack 5 embalagem 28,5 g",Bounty,,"3,89 €","(27,30 € / Kg)",
Ideal Tinge Tecidos Azul Escuro 1 unidade,Ideal,,"4,99 €","(4,99 € / Unidade)",
Walkers Bolachas Shortbread Christmas Tree lata 225 g,Walkers,,"21,95 €","(97,56 € / Kg)",
Paul Heumann Pão Azimo de Trigo e Espelta Biológico embalagem 200 g,Paul Heumann,,"3,99 €","(19,95 € / Kg)",
Royal Preparado para Leite Creme embalagem 92 g,Royal,,"1,19 €","(12,93 € / Kg)",
Vitacress Rúcula Selvagem Biológica embalagem 70 g,Vitacress,,"2,69 €","(38,43 € / Kg)",
Blue Dragon Molho de Ostras Chinês frasco 190 ml,Blue Dragon,,"3,29 €","(17,32 € / Litro)",
Donaire Detergente Lava-Tudo Concentrado Cosmético embalagem 750 ml,Donaire,,"3,89 €","(5,19 € / Litro)",
Sonasol Detergente Líquido Lava-Tudo embalagem 1300 ml,Sonasol,,"1,94 €","(1,49 € / Litro)",
Serra Oca Moscatel Graúdo garrafa 75 cl,Serra Oca,,"15,49 €","(20,65 € / Litro)",
Linda 100% Sumo de Limonada e Gengibre garrafa 50 cl,Linda,,"3,99 €","(7,98 € / Litro)",
"Ajax Fabuloso Detergente Líquido Lava-Tudo Flores da Primavera embalagem 1,25 L",Ajax Fabuloso,,"2,09 €","(1,67 € / Litro)",
Vinho Tinto Regional Alentejano Reserva garrafa 75 cl,,,"18,99 €","(25,32 € / Litro)",
"Leyenda Queijo de Ovelha com Trufa Negra Peso Aproximado 3,4 kg",Leyenda,,"35,19 €/kg",,
Hengstenberg Pepinos em Vinagre Knax frasco 1550 g,Hengstenberg,,"6,65 €","(4,29 € / Kg)",
Feletti Bombom Sortido Veneza lata 200 g,Feletti,,"15,59 €","(77,95 € / Kg)",
Martiko Salmão Fumado com Laranja da Noruega sem Açúcar embalagem 80 g,Martiko,,"6,79 €","(84,88 € / Kg)",
Compal Polpa de Tomate Temperado com Cebola e Alho frasco 500 g,Compal,,"1,49 €","(2,98 € / Kg)",
Zaini Ovo de Chocolate Patrulha Pata Looney Sortido embalagem 20 g,Zaini,,"1,29 €","(64,50 € / Kg)",
Céliane Mini Brownies de Chocolate e Aveia sem Glúten embalagem 170 g,Céliane,,"5,49 €","(32,29 € / Kg)",
Air Wick Essential Oils Ambientador Sticks Perfumados Flor de Cerejeira embalagem 25 ml,Air Wick Essential Oils,,"10,99 €","(439,60 € / Litro)",
Nescafé Dolce Gusto Café Ristretto Ardenza Pack 3 embalagem 48 cápsulas,Nescafé Dolce Gusto,,"14,89 €","(0,31 € / Unidade)",
Condi Farinha de Milho Branca embalagem 500 g,Condi,,"1,30 €","(2,60 € / Kg)",
Nutrísse Creme Coloração Nº 3.6 Marrom Avermelhado embalagem 190 ml,Nutrísse Creme,,"9,49 €","(49,95 € / Litro)",
Casa do Porco Preto Chouriço Ibérico de Barrancos com Vinho unidade 200 g,Casa do Porco Preto,,"4,69 €","(23,45 € / Kg)",
Syoss Oleo Intense Coloração Permanente Nº 8-05 Louro Bege embalagem 1 unidade,Syoss Oleo Intense,,"11,29 €","(11,29 € / Unidade)",
El Corte Inglés Bio Sementes de Chia Biológicas embalagem 500 g,El Corte Inglés Bio,,"5,49 €","(10,98 € / Kg)",
El Corte Inglés 9 Mini Gelados com Amêndoas sem Glúten embalagem 450 ml,El Corte Inglés,,"2,19 €","(4,87 € / Litro)",
Barranco Longo Vinho Rosé do Algarve garrafa 75 cl,Barranco Longo,,"9,55 €","(12,73 € / Litro)",
St. Dalfour Doce de Figos frasco 284 g,St. Dalfour,,"3,49 €","(12,29 € / Kg)",
Quinta da Coitena Carne Picada de Peru Bio embalagem 320 g,Quinta da Coitena,,"9,99 €","(31,22 € / Kg)",
El Corte Inglés Queijo Velho embalagem 300 g,El Corte Inglés,,"4,89 €","(16,30 € / Kg)",
Palette Coloração Nº 1.1 Preto Azulado embalagem 1 unidade,Palette,,"5,99 €","(5,99 € / Unidade)",
Celeiro da Terra Doce Extra de Maçã frasco 250 g,Celeiro da Terra,,"3,99 €","(15,96 € / Kg)",
Gullón Bio Organic Bolachas Choco Star Cobertas de Chocolate de Leite Vegetarianas Biológicas embalagem 186 g,Gullón Bio Organic,,"3,99 €","(21,45 € / Kg)",
Pastoret Iogurte Artesanal com Framboesas embalagem 500 g,Pastoret,,"2,69 €","(5,38 € / Kg)",
Corine de Farme Gel de Higiene Íntima Suave embalagem 250 ml,Corine de Farme,,"4,49 €","(17,96 € / Litro)",
Sei Lá! Vinho Rosé Regional Alentejano garrafa 75 cl,Sei Lá!,,"3,99 €","(5,32 € / Litro)",
Marnoto Flor de Sal 250 g,Marnoto,,"1,79 €","(7,16 € / Kg)",
O Gelado de Baunilha de Madagáscar copo 460 ml,O Gelado,,"7,85 €","(17,07 € / Litro)",
Nestlé Buitoni Tostas Melba com Sementes de Sésamo embalagem 100 g,Nestlé Buitoni,,"1,09 €","(10,90 € / Kg)",
M.O.B. Vinho Tinto do Dão Lote 3 garrafa 75 cl,M.O.B.,,"8,99 €","(11,99 € / Litro)",
Sabita Pasta Goan embalagem 40 g,Sabita,,"1,99 €","(49,75 € / Kg)",
Casa Milo Mozzarella Bufala com Trufa embalagem 125 g,Casa Milo,,"3,69 €","(29,52 € / Kg)",
Casa Ermelinda Freitas Moscatel de Setúbal garrafa 75 cl,Casa Ermelinda Freitas,,"4,99 €","(6,65 € / Litro)",
Carlota Organic Estufado de Grão com Alga Kombu frasco 720 g,Carlota Organic,,"5,45 €","(7,57 € / Kg)",
Frubis Pera Rocha embalagem 20 g,Frubis,,"0,89 €","(44,50 € / Kg)",
Lipton Pyramid Chá Preto de Pêssego e Manga embalagem 20 unidades,Lipton Pyramid,,"1,89 €","(0,09 € / Unidade)",
Alice Vinho Tinto do Douro Reserva A2 garrafa 75 cl,Alice,,"7,89 €","(10,52 € / Litro)",
Maçarico Massa de Pimentão frasco 200 g,Maçarico,,"1,89 €","(9,45 € / Kg)",
Saldomar Flor de Sal embalagem 200 g,Saldomar,,"2,99 €","(14,95 € / Kg)",
Garden Gourmet Nuggets Vegan embalagem 300 g,Garden Gourmet,,"4,99 €","(16,63 € / Kg)",
El Corte Inglés Rolo de Cozinha Compacto 2 Camadas embalagem 3 unidades,El Corte Inglés,,"2,45 €","(0,82 € / Unidade)",
Lindor Resguardo Salvacamas com Abas Adultos 60x90 cm embalagem 15 unidades,Lindor,,"10,74 €","(0,57 € / Unidade)","10,74 €"
El Corte Inglés Pizza de Quatro Queijos embalagem 380 g,El Corte Inglés,,"2,29 €","(6,03 € / Kg)",
Saint Feuillien Cerveja Quadruple garrafa 33 cl,Saint Feuillien,,"3,49 €","(10,58 € / Litro)",
Pato Discos Ativos Peach Recarga embalagem 36 ml,Pato,,"6,99 €","(96,94 € / Litro)","6,99 €"
"Quinta da Corte Vinho Tinto do Douro Magnum garrafa 1,5 L",Quinta da Corte,,"50,50 €","(33,67 € / Litro)",
"El Corte Inglés Salsichão Extra em Fatias sem Glúten Pack 2 embalagem 112,5 g",El Corte Inglés,,"2,98 €","(13,24 € / Kg)",
La Merced Erva Mate Campo embalagem 500 g,La Merced,,"5,85 €","(11,70 € / Kg)",
Veckia Sabonete Líquido para as Mãos Higienizante com Glicerina embalagem 500 ml,Veckia,,"2,05 €","(0,41 € / 10 ml.)",
Messias Vinho do Porto LBV garrafa 75 cl,Messias,,"12,90 €","(17,20 € / Litro)",
Sossego Conjunto 2 Vinhos Tinto do Alentejo Herdade do Peso garrafa 75 cl,Sossego,,"9,98 €","(6,65 € / Litro)",
El Corte Inglés Ambientador Pérolas Perfumadas de Colónia embalagem 1 unidade,El Corte Inglés,,"1,89 €","(1,89 € / Unidade)",
Celeiro Terra Biscoitos de Cerveja embalagem 250 g,Celeiro Terra,,"3,85 €","(15,40 € / Kg)",
La Molisana Tagliatelle embalagem 500 g,La Molisana,,"2,99 €","(5,98 € / Kg)",
Glade Ambientador Sense & Spray Recarga Lavanda & Jasmin embalagem 18 ml,Glade,,"11,99 €","(666,11 € / Litro)",
Longa Vida Iogurte Natural Magro Pack 6 embalagem 120 g,Longa Vida,,"1,99 €","(16,58 € / Kg)",
Erdinger Cerveja da Alemanha Schneeweise garrafa 50 cl,Erdinger,,"3,99 €","(7,98 € / Litro)",
Dan Cake Torta Coberta de Cacau embalagem 300 g,Dan Cake,,"2,79 €","(9,30 € / Kg)",
Pétalos de Bierzo Vinho Tinto de Espanha Bierzo garrafa 75 cl,Pétalos de Bierzo,,"16,75 €","(22,33 € / Litro)",
Fructis Força & Brilho Champô para Cabelos Normais embalagem 400 ml,Fructis Força & Brilho,,"5,99 €","(14,98 € / Litro)",
Fairy Detergente de Lavagem à Mão para Loiça Maxi Poder Naturals Lavanda embalagem 640 ml,Fairy,,"4,60 €","(5,03 € / Litro)","4,60 €"
Ramirez Filetes de Sardinha em Azeite lata 100 g,Ramirez,,"1,79 €","(17,90 € / Kg)",
Corpos Danone +Proteína Iogurte de Maracujá e Chia sem Açúcar embalagem 145 g,Corpos Danone +Proteína,,"0,89 €","(6,14 € / Kg)",
Bourgogne des Flandres Cerveja garrafa 33 cl,Bourgogne des Flandres,,"3,75 €","(11,36 € / Litro)",
Fermipan Fermento de Padeiro embalagem 44 g,Fermipan,,"1,89 €","(42,95 € / Kg)",
Euro Chocolate Bombons Recheados com Creme embalagem 100 g,Euro Chocolate,,"1,45 €","(14,50 € / Kg)",
Seusabor Biscoito de Queijo embalagem 300 g,Seusabor,,"3,49 €","(11,63 € / Kg)",
Nova Classe Palhinhas Retas embalagem 20 unidades,Nova Classe,,"1,69 €","(0,08 € / Unidade)",
Sericaia Vinho Branco do Alentejo garrafa 75 cl,Sericaia,,"9,90 €","(13,20 € / Litro)",
Herbal Essences Bio-Renew Champô Hidrata com Leite de Coco Vegan embalagem 400 ml,Herbal Essences Bio-Renew,,"4,99 €","(9,35 € / Litro)","4,99 €"
Secos da Aldeia Miolo de Amêndoa Laminada embalagem 100 g,Secos da Aldeia,,"1,99 €","(19,90 € / Kg)",
Nestlé Nesquik Barras de Cereais de Chocolate com Leite Pack 8 + 4 Grátis embalagem 300 g,Nestlé Nesquik,,"4,39 €","(14,63 € / Kg)",
Brasfrut Polpa de Graviola Integral Congelada embalagem 100 g,Brasfrut,,"1,29 €","(12,90 € / Kg)",
Sagres Radler Cerveja sem Álcool 0.0% Pack 4 garrafa 33 cl,Sagres Radler,,"3,49 €","(2,64 € / Litro)",
Axe Wild Desodorizante Bergamota e Pimenta Rosa Spray embalagem 150 ml,Axe Wild,,"3,59 €","(23,93 € / Litro)",
Terrazza Mediterranean Risotto de Tomate embalagem 175 g,Terrazza Mediterranean,,"2,75 €","(15,71 € / Kg)",
El Corte Inglés Salada Capricho embalagem 150 g,El Corte Inglés,,"1,59 €","(10,60 € / Kg)",
Natural Cool Framboesas Biológicas embalagem 300 g,Natural Cool,,"5,79 €","(19,30 € / Kg)",
Canã Nature Salmorejo Bio embalagem 1 L,Canã Nature,,"6,39 €","(6,39 € / Litro)",
Nobre Chouriço com Feijão lata 500 g,Nobre,,"2,35 €","(4,70 € / Kg)",
Glamour Espelho de Ampliar embalagem 1 unidade,Glamour,,"8,99 €","(8,99 € / Unidade)",
L'Or Cápsulas Café Onyx embalagem 40 capsulas,L'Or,,"12,69 €","(0,32 € / Unidade)",
Président Crème Fraiche embalagem 450 ml,Président,,"3,39 €","(7,53 € / Litro)",
Neo Kill Fita Apanha Moscas 4 unidades,Neo Kill,,"1,99 €","(0,50 € / Unidade)",
Gullón Bolachas Crocantes Original Vitalday com Flocos Aveia embalagem 265 g,Gullón,,"2,35 €","(8,87 € / Kg)",
Evian Brumisateur Tónico Facial Hidratante em Spray embalagem 300 ml,Evian Brumisateur,,"10,99 €","(36,63 € / Litro)",
El Corte Inglés Juliana Especial embalagem 1 kg,El Corte Inglés,,"3,69 €","(3,69 € / Kg)",
Renova Kids Lenços de Bolso Mini Pack 6 6 unidades,Renova Kids,,"0,99 €","(0,16 € / Unidade)",
Super Bock Cerveja sem Álcool Preta Pack 6 garrafa 33 cl,Super Bock,,"5,99 €","(18,15 € / Litro)",
Skip Detergente Líquido para a Máquina da Roupa Active Fresh Concentrado embalagem 100 doses,Skip,,"19,99 €","(0,20 € / Dose)",
"Heidel Chocolate de Leite ""Dragão"" lata 97 g",Heidel,,"9,45 €","(97,42 € / Kg)",
Voltan Ravioli com Cogumelos Assados e Vinho Tinto embalagem 250 g,Voltan,,"4,45 €","(17,80 € / Kg)",
Cozer Aba das Costelas de Vitela Barrosã DOP Peso Aproximado 300 g,,,"11,95 €/kg",,
Primavera Vinho Tinto da Bairrada garrafa 75 cl,Primavera,,"5,85 €","(7,80 € / Litro)",
Desiam Pasta Tom Kha embalagem 70 g,Desiam,,"3,89 €","(55,57 € / Kg)",
La Antigua Queijo Velho de Ovelha unidade 250 g,La Antigua,,"7,55 €","(30,20 € / Kg)",
"Trident Pastilhas de Menta sem Açúcar embalagem 14,5 g",Trident,,"1,05 €","(72,41 € / Kg)",
Besugo peso aproximado por+500 BESUGO unidade 500 g,,,"13,99 €","(13,99 € / Kg)",
Rubrica Vinho Branco Regional do Alentejo Magnum garrafa 150 cl,Rubrica,,"22,90 €","(15,27 € / Litro)",
Izidoro o Talhante Bife do Redondo de Novilho embalagem 300 g,Izidoro o Talhante,,"4,99 €","(16,63 € / Kg)",
Clearspring Wasabi em Pó Biológico lata 25 g,Clearspring,,"6,59 €","(263,60 € / Kg)",
Special Line Mel e Geleia Real Biológico frasco 270 g,Special Line,,"7,30 €","(27,04 € / Kg)",
Real Natura Humidificador Intensivo Pro-Cachos Definidos com Aloe Vera embalagem 500 ml,Real Natura,,"9,76 €","(19,52 € / Litro)",
Lacta Bombom Mix Favoritos embalagem 250 g,Lacta,,"8,55 €","(34,12 € / Kg)",
Nestlé Chocapic Cereais de Chocolate embalagem 625 g,Nestlé Chocapic,,"4,69 €","(7,50 € / Kg)",
Indi&Co Água Artesanal Lemon Tonic Pack 4 unidades embalagem 800 ml,Indi&Co,,"7,99 €",,
Quinta dos Açores Gelado de Nata e Maracujá embalagem 500 ml,Quinta dos Açores,,"5,99 €","(11,98 € / Litro)",
Delta Café em Grão Torrado Lote Chávena embalagem 250 g,Delta,,"2,35 €","(9,40 € / Kg)",
Angelina Alheira de Mirandela Certificada Peso Aproximado por unidade 200 g,Angelina,,2 €,"(9,99 € / Kg)",
Nobre Receita Tradicional Farinheira embalagem 200 g,Nobre Receita Tradicional,,"2,69 €","(13,45 € / Kg)",
Heineken Cerveja da Holanda Pack 24 garrafa 25 cl,Heineken,,"12,99 €","(2,16 € / Litro)",
Vieira Digestive Bolachas de Aveia embalagem 258 g,Vieira Digestive,,"2,39 €","(9,26 € / Kg)",
Próvida Farelo de Aveia Integral Biológico embalagem 250 g,Próvida,,"1,79 €","(7,16 € / Kg)",
Ferrarini Presunto de Parma em Fatias DOP embalagem 90 g,Ferrarini,,"6,29 €","(69,89 € / Kg)",
St. Dalfour Doce de Pêssego frasco 284 g,St. Dalfour,,"4,39 €","(15,46 € / Kg)",
Inecto Naturals Champô Nutritivo de Abacate Vegan embalagem 500 ml,Inecto Naturals,,"5,79 €","(11,58 € / Litro)",
"Ambi Pur Ambientador Eléctrico Campos de Lavanda Recarga 21,5 ml",Ambi Pur,,"5,39 €","(250,70 € / Litro)",
Planta Natur Chá Silhueta embalagem 15 g,Planta Natur,,"1,69 €","(112,67 € / Kg)",
Quanto Amaciador para a Roupa Perfumador Rosas embalagem 36 doses,Quanto,,"10,99 €","(0,31 € / Dose)",
Alara Muesli com Frutas e Sementes Biológico embalagem 650 g,Alara,,"8,99 €","(13,83 € / Kg)",
Cavicchioli Vinho Branco de Itália Lambrusco garrafa 75 cl,Cavicchioli,,"3,99 €","(5,32 € / Litro)",
Cimarrom Ameixa Seca embalagem 150 g,Cimarrom,,"1,75 €","(11,67 € / Kg)",
Pommery Champanhe Blanc de Blancs garrafa 75 cl,Pommery,,"51,90 €","(69,20 € / Litro)",
Patas de Carangueijo Peso Aproximado por unidade 250 g,,,"129,00 €/kg",,
Aliada Arroz Longo Extra 1 kg,Aliada,,"1,09 €","(1,09 € / Kg)",
El Corte Inglés Papel Higiénico Húmido embalagem 15 unidades,El Corte Inglés,,"0,65 €","(0,04 € / Unidade)",
Romeu Azeite Virgem Extra DOP  Biológico garrafa 500 ml,Romeu,,"7,95 €","(15,90 € / Litro)",
Damar Queijo da Beira Baixa DOP Castelo Branco unidade 450 g,Damar,,"8,49 €","(18,87 € / Kg)",
El Corte Inglés Iogurte Líquido de Morango 0% Açúcar embalagem 1000 g,El Corte Inglés,,"1,39 €","(1,39 € / Kg)",
Ezequiel Licor de Ananás garrafa 70 cl,Ezequiel,,"13,49 €","(19,27 € / Litro)",
Lopez de Haro Vinho de Espanha Tinto Reserva Rioja Pack 6 + 6 Copos garrafa 450 cl,Lopez de Haro,,55 €,"(12,22 € / Litro)",
Casa do Porco Preto Copita de Barrancos Bolota Fatiada à Mão unidade 100 g,Casa do Porco Preto,,"8,79 €","(87,90 € / Kg)",
Estrella Galicia 1906 Cerveja de Espanha Red Vintage Pack 6 garrafa 33 cl,Estrella Galicia 1906,,"7,15 €","(3,61 € / Litro)",
Biaia Vinho Tinto da Beira Interior Biológico garrafa 75 cl,Biaia,,"6,99 €","(9,32 € / Litro)",
Crunch Chocolate de Leite com Bolacha embalagem 100 g,Crunch,,"1,99 €","(19,90 € / Kg)",
Duas Quintas Vinho Tinto do Douro garrafa 75 cl,Duas Quintas,,"13,65 €","(18,20 € / Litro)",
Garnier Olia Bold Coloração Permanente Nº 4.26 Violeta Eletrico embalagem 1 unidade,Garnier Olia Bold,,"11,99 €","(11,99 € / Unidade)",
Pur Natur Compota 4 Frutos Vermelhos sem Açúcar Biológica embalagem 250 g,Pur Natur,,"4,85 €","(19,40 € / Kg)",
Sapateira Cozida,,,"19,99 €/kg",,
Socilink Sardinhas com Pimentos em Azeite Virgem Extra Biológico embalagem 120 g,Socilink,,"3,59 €","(29,92 € / Kg)",
Ameijoa Média Boa embalagem 1 kg,,,"32,90 €","(32,90 € / Unidade)",
Destop Turbo Gel Desentupidor de Canos 1 L,Destop Turbo,,"8,99 €","(8,99 € / Litro)",
El Corte Inglés Pimentos de Piquillo Assados Inteiros frasco 275 g,El Corte Inglés,,"2,51 €","(9,13 € / Kg)",
Nescafé Dolce Gusto Café Buondi Intenso Intensidade 10 embalagem 30 cápsulas,Nescafé Dolce Gusto,,"10,49 €","(0,35 € / Unidade)",
S&B Wasabi em Pó lata 30 g,S&B,,"4,25 €","(141,67 € / Kg)",
Frubis Coco embalagem 20 g,Frubis,,"0,79 €","(39,50 € / Kg)",
Humydry Ambientador Anti-Humidade Duplo Mini de Lavanda embalagem 75 g,Humydry,,"4,80 €",(32 € / Kg),
Sensodyne Pasta Dentífrica Branco Natural embalagem 75 ml,Sensodyne,,"3,99 €","(53,20 € / Litro)",
Quinta do Sobreiró de Cima Vinho Tinto de Trás os Montes garrafa 75 cl,Quinta do Sobreiró de Cima,,"5,75 €","(7,67 € / Litro)",
El Corte Inglés Azeite Virgem Extra Hojiblanca garrafa 1 L,El Corte Inglés,,"4,29 €","(4,29 € / Litro)",
Elpozo Fiambre da Perna Extra unidade 120 g,Elpozo,,"2,99 €","(24,92 € / Kg)",
Granforno Gressinos Torino embalagem 100 g,Granforno,,"1,45 €","(14,50 € / Kg)",
Juvé y Camps Espumante Cava Cinta Púrpura Brut garrafa 75 cl,Juvé y Camps,,"11,95 €","(15,93 € / Litro)",
Fiorentini Sumo de Arandos garrafa 330 ml,Fiorentini,,"4,59 €","(13,91 € / Litro)",
García Baquero Queijo Terno em Fatias embalagem 150 g,García Baquero,,"3,25 €","(21,67 € / Kg)",
Ultra Suave Condicionador com Óleos de Argão e Camélia para Cabelos Secos embalagem 400 ml,Ultra Suave,,"5,59 €","(13,98 € / Litro)",
Dalva Vinho do Porto Tawny Reserva garrafa 75 cl,Dalva,,"12,49 €","(16,65 € / Litro)",
Corretora Atum Temperado lata 200 g,Corretora,,"2,45 €","(12,25 € / Kg)",
Tsingtao Cerveja sem Álcool 0.0% garrafa 33 cl,Tsingtao,,"1,49 €","(4,52 € / Litro)",
Plakstettener Cerveja Mosteiro Dinkel Biológica garrafa 330 ml,Plakstettener,,"2,24 €","(6,79 € / Litro)",
"El Corte Inglés Preparado de Cozido à Portuguesa Peso Aproximado 1,2 kg",El Corte Inglés,,"7,49 €/kg",,
Scotch Brite Esfregão Fibra Verde com Esponja embalagem 2 unidades,Scotch Brite,,"2,49 €","(1,24 € / Unidade)",
Condi Zero % Gelatina de Kiwi sem Glúten embalagem 28 g,Condi Zero %,,"1,85 €","(66,07 € / Kg)",
Globo Aroma de Limão frasco 28 ml,Globo,,"1,19 €","(42,50 € / Litro)",
Kikkoman Molho de Soja Baixo Teor de Sal garrafa 1 L,Kikkoman,,"9,89 €","(9,89 € / Litro)",
Pão de Centeio com Nozes,,,"3,99 €/kg",,
Mimosa Magro Aroma Iogurte Aroma Magro a Morango e Kiwi Pack 4 embalagem 120 g,Mimosa Magro Aroma,,"1,89 €","(3,94 € / Kg)",
Nesquik Achocolatado em Pó de Morango embalagem 380 g,Nesquik,,"5,95 €","(15,66 € / Kg)",
Wunda Bebida Vegetal sem Açúcar embalagem 950 ml,Wunda,,"2,69 €","(2,83 € / Litro)",
Mimosa Bem Especial Crescimento Leite Magro 1 a 3 Anos Pack 4 embalagem 200 ml,Mimosa Bem Especial Crescimento,,"2,19 €","(2,74 € / Litro)",
Ajax Detergente para Cozinha Desinfectante embalagem 500 ml,Ajax,,"3,99 €","(7,98 € / Litro)",
El Corte Inglés Tira-Nódoas Oxigénio Activo embalagem 1 kg,El Corte Inglés,,"3,84 €","(3,84 € / Kg)",
Cif Nature Casa de Banho Anti-Calcário Spray embalagem 750 ml,Cif Nature,,"4,99 €","(6,65 € / Litro)",
Meandro Vinho Branco do Douro garrafa 75 cl,Meandro,,"11,99 €","(15,99 € / Litro)",
Farcedo Lombo Extra em Fatias embalagem 60 g,Farcedo,,"1,99 €","(33,17 € / Kg)",
Nardelli Aguardente Grappa garrafa 70 cl,Nardelli,,"14,45 €","(20,64 € / Litro)",
Kapitel Cerveja da Bélgica Pater garrafa 33 cl,Kapitel,,"2,29 €","(6,94 € / Litro)",
Noel Presunto Serrano embalagem 120 g,Noel,,"2,99 €","(24,92 € / Kg)",
Queijo Creme com Nozes embalagem 125 g,,,"2,35 €","(18,80 € / Kg)",
H&S Gel de Banho e Champô Limpeza Profunda com Carvão e Mentol embalagem 300 ml,H&S,,"6,99 €","(23,30 € / Litro)",
Herbal Essences Bio-Renew Champô de Argão Recarga embalagem 480 ml,Herbal Essences Bio-Renew,,"5,99 €","(9,35 € / Litro)","5,99 €"
Origens Tomate Triturado Biológico lata 400 g,Origens,,"1,79 €","(4,48 € / Kg)",
Royale Ambree Água de Colónia Familiar embalagem 750 ml,Royale Ambree,,"27,15 €","(3,62 € / 10 ml.)",
Gallo Azeite Virgem Extra Suave Biológico garrafa 750 ml,Gallo,,"4,99 €","(6,65 € / Litro)",
Nestlé Bombons de Chocolate com Avelã embalagem 154 g,Nestlé,,"4,11 €","(26,69 € / Kg)",
Lindt Excellence Chocolate Preto de Morango embalagem 100 g,Lindt Excellence,,"2,79 €","(27,90 € / Kg)",
Westfalia Salsichas Bratwurst sem Glúten e sem Lactose embalagem 180 g,Westfalia,,"4,49 €","(24,94 € / Kg)",
Confeitaria Vale Bolo d´Avó Mármore embalagem 500 g,Confeitaria Vale,,"4,99 €","(9,98 € / Kg)",
Textura da Estrela Vinho Tinto do Dão Jaen garrafa 75 cl,Textura da Estrela,,"19,45 €","(25,93 € / Litro)",
Marquês de Marialva Vinho Branco da Bairrada Colheita Seleccionada garrafa 75 cl,Marquês de Marialva,,"3,99 €","(5,32 € / Litro)",
Dez Prá Uma Tarte de Leite Condensado até 12 pessoas embalagem 1200 g,Dez Prá Uma,,25 €,"(20,83 € / Kg)",
La Leyenda Queijo de Espanha de Ovelha com Creme de Castanhas,La Leyenda,,"31,39 €/kg",,"31,39 €/kg"
Bicentury Tortitas de Milho com 6 Sementes e Cereais embalagem 119 g,Bicentury,,"2,49 €","(20,92 € / Kg)",
Herdade da Maia Requeijão de Ovelha com Doce de  Abóbora kg,Herdade da Maia,,"10,49 €/kg",,
Nestlé Chocapic Barras de Cereais de Chocolate com Leite Pack 6 embalagem 150 g,Nestlé Chocapic,,"3,29 €","(21,93 € / Kg)",
Salutem Flocos de Trigo Integral Tostados embalagem 250 g,Salutem,,"1,59 €","(6,36 € / Kg)",
Vista Alegre Vinho do Porto White garrafa 75 cl,Vista Alegre,,"5,79 €","(7,72 € / Litro)",
Brebirousse Queijo D'Argental,Brebirousse,,"36,39 €/kg",,
Dietisa Tisana Planta Príncipe embalagem 50 g,Dietisa,,"1,89 €","(37,80 € / Kg)",
Knorr Vitalie Caldo de Legumes 8 Cubos embalagem 80 g,Knorr Vitalie,,"2,30 €","(28,75 € / Kg)",
Eci Selection Maionese embalagem 190 g,Eci Selection,,"1,49 €","(7,84 € / Kg)",
Parmalat Nata para Bater embalagem 200 ml,Parmalat,,"1,12 €","(5,60 € / Litro)",
Matilde Vicenzi Bolos Mini Recheados com Creme Millefoglie de Itália embalagem 125 g,Matilde Vicenzi,,"2,79 €","(22,32 € / Kg)",
El Corte Inglés Atum Branco em Azeite lata 73 g,El Corte Inglés,,"2,15 €","(29,45 € / Kg)",
"Quinta das Cerejeiras Vinho Tinto de Óbidos Reserva garrafa 37,5 cl",Quinta das Cerejeiras,,"11,45 €","(30,53 € / Litro)",
Kinross Pack Gin Tropical & Exotic Fruits + 1 Copo garrafa 70 cl,Kinross,,"21,99 €","(31,41 € / Litro)",
Dovo Clara de Ovo embalagem 1000 g,Dovo,,"3,19 €","(3,19 € / Kg)",
Quanto Amaciador Concentrado Rubi & Jasmin embalagem 122 doses,Quanto,,"7,69 €","(0,06 € / Dose)",
Peripécia Vinho Tinto de Lisboa Pinot Noir garrafa 75 cl,Peripécia,,"9,45 €","(12,60 € / Litro)",
Babaria Desodorizante com Aloe Vera Dermo Sensible Roll-On embalagem 75 ml,Babaria,,"3,05 €","(40,67 € / Litro)",
El Almendro Torrão Macio Suprema embalagem 250 g,El Almendro,,"5,85 €","(23,40 € / Kg)",
H&S Shampoo Classic embalagem 300 ml,H&S,,"4,49 €","(14,97 € / Litro)",
Florette Agrião embalagem 125 g,Florette,,"1,99 €","(15,92 € / Kg)",
Vasco da Gama Atum em Óleo Vegetal Posta lata 160 g,Vasco da Gama,,"2,05 €","(12,81 € / Kg)",
Biomit Manteiga de Amêndoa sem Açúcar Biológica frasco 230 g,Biomit,,"8,49 €","(36,91 € / Kg)",
Tabasco Molho Picante Habanero frasco 60 ml,Tabasco,,"3,55 €","(59,17 € / Litro)",
1615 Aguardente Pisco-Quebranta garrafa 70 cl,1615,,"27,75 €","(39,64 € / Litro)",
Covap Manteiga de Cabra com Sal embalagem 125 g,Covap,,"2,69 €","(21,52 € / Kg)",
Henriques & Henriques Vinho da Madeira 3 Anos Seco garrafa 75 cl,Henriques & Henriques,,"8,25 €",(11 € / Litro),
Izidoro o Charcuteiro Churrasco Misto embalagem 400 g,Izidoro o Charcuteiro,,"7,45 €","(18,62 € / Kg)",
Beirabaga Doce de Laranja frasco 270 g,Beirabaga,,"3,49 €","(12,93 € / Kg)",
Chocolates em Copo com Licor embalagem 100 g,,,"11,95 €","(119,50 € / Kg)",
Macal Fiambre em Cubos embalagem 150 g,Macal,,"2,39 €","(15,93 € / Kg)",
McCain Batatas La Rissolée para Frigideira Vegan embalagem 700 g,McCain,,"2,59 €","(3,70 € / Kg)",
Compal Clássico Néctar de Ananás embalagem 1 L,Compal Clássico,,"1,69 €","(1,69 € / Litro)",
Pão Rústico Massa Madre unidade 540 g,,,"2,89 €","(5,35 € / Kg)",
Nobre Peito de Peru Extra em Fatias Finas embalagem 110 g,Nobre,,"2,69 €","(24,45 € / Kg)",
Gel Ambientador wc Sandalwood & Jasmine embalagem 180 g,,,"4,99 €","(27,72 € / Kg)",
Adega Mayor Vinho Tinto do Alentejo Reserva garrafa 75 cl,Adega Mayor,,"9,99 €","(13,32 € / Litro)",
Milaneza Cotovelinhos Cortados embalagem 500 g,Milaneza,,"1,59 €","(3,18 € / Kg)",
Kellogg's Special K Cereais com Chocolate de Leite embalagem 375 g,Kellogg's Special K,,"4,39 €","(11,71 € / Kg)",
Villa Rebuçados Flocos de Neve embalagem 200 g,Villa,,"1,59 €","(7,95 € / Kg)",
Manhãzitos Cereal Vita Bolos com Pepitas de Cereais embalagem 280 g,Manhãzitos Cereal Vita,,"3,99 €","(14,25 € / Kg)",
Trolli Gomas Polvos embalagem 100 g,Trolli,,"1,19 €","(11,90 € / Kg)",
Weidegluck Iogurte Natural Meio Gordo embalagem 1 kg,Weidegluck,,"4,49 €","(4,49 € / Kg)",
Cem Porcento Chá para Infusão Cidreira embalagem 50 g,Cem Porcento,,"1,69 €","(33,80 € / Kg)",
Fizz Gelado de Limão Pack 6 embalagem 60 ml,Fizz,,"4,99 €","(13,86 € / Litro)",
Kellogg's All-Bran Granola Prebiótico embalagem 380 g,Kellogg's All-Bran,,"5,19 €","(13,66 € / Kg)",
Milka Chocolate de Leite Recheado com Caramelo embalagem 100 g,Milka,,"1,69 €","(16,90 € / Kg)",
Special Line Mel e Própolis Biológico frasco 270 g,Special Line,,"7,30 €","(27,04 € / Kg)",
Nestlé Crunch Cereais de Chocolate embalagem 375 g,Nestlé Crunch,,"3,89 €","(10,37 € / Kg)",
Desodorizante Roll On Aloe embalagem 50 ml,,,"2,35 €",(47 € / Litro),
Baule Volante Gomas Ursinhos Biológicas embalagem 75 g,Baule Volante,,"3,49 €","(46,53 € / Kg)",
Cavendish & Harvey Rebuçados de Frutos Silvestres lata 200 g,Cavendish & Harvey,,"3,09 €","(15,45 € / Kg)",
Rayen Base Conservante 1 unidade,Rayen,,"7,39 €","(7,39 € / Unidade)",
Vileda Microfibre Premium Esfregona Completa embalagem 1 unidade,Vileda Microfibre Premium,,"8,99 €","(8,99 € / Unidade)",
La Lechera Leite Condensado em Tubo embalagem 170 g,La Lechera,,"1,79 €","(10,53 € / Kg)",
Nobre Salsichas de Aves Extra Suculentas frasco 350 g,Nobre,,"2,25 €","(6,43 € / Kg)",
Alpro Bebida de Soja Barista embalagem 1 L,Alpro,,"2,39 €","(1,89 € / Litro)","2,39 €"
Garnier Skin Active Máscara Facial Tecido Nutritiva Reparadora Nutri Bomb Leite de Amêndoa para Peles Secas embalagem 1 unidade,Garnier Skin Active,,"2,99 €","(2,99 € / Unidade)",
Casa de Santar Vinho Rosé do Dão garrafa 75 cl,Casa de Santar,,"14,99 €","(19,99 € / Litro)",
Banzé Insecticida para Casa e Plantas Spray embalagem 400 ml,Banzé,,"5,29 €","(13,22 € / Litro)",
Starbucks Café Moído Torrado Holiday Blend Edição Limitada embalagem 190 g,Starbucks,,"4,29 €","(22,58 € / Kg)",
Fossil Sal Líquido Light frasco 100 ml,Fossil,,"2,49 €","(24,90 € / Litro)",
Don Simon Néctar Tropical embalagem 1 L,Don Simon,,"0,99 €","(0,99 € / Litro)",
Biscoitos de Sintra Biscoitos Esses embalagem 330 g,Biscoitos de Sintra,,"4,25 €","(12,88 € / Kg)",
Huggies Pull-Ups Explorers Fraldas para Menina 1-3 Anos 12-17 kg embalagem 34 unidades,Huggies Pull-Ups Explorers,,"11,99 €","(0,35 € / Unidade)",
Portas da Herdade Vinho Tinto do Alentejo Alicante Bouschet garrafa 75 cl,Portas da Herdade,,"6,99 €","(9,32 € / Litro)",
Aga Álcool em Gel Saquetas embalagem 10 unidades,Aga,,"0,85 €","(0,08 € / Unidade)",
Garnier Bio Creme Rejuvenescedor Rosy Glow 3 em 1 para Pele Baça Biológico embalagem 1 unidade,Garnier Bio,,"11,99 €","(11,99 € / Unidade)",
Cem Porcento Bolacha Tradicional Integral embalagem 250 g,Cem Porcento,,"2,49 €","(9,96 € / Kg)",
Ajax Desinfectante Lava Tudo embalagem 1 L,Ajax,,"3,99 €","(3,99 € / Litro)",
"Landana Queijo Gouda de Vaca com Trufas Peso Aproximado por unidade 4,5 kg",Landana,,"34,19 €/kg",,
Manná Pasta de Sardinha lata 65 g,Manná,,"1,79 €","(27,54 € / Kg)",
Don Gaucho Molho Chimi Churri Picante garrafa 270 ml,Don Gaucho,,"3,49 €","(12,93 € / Litro)",
Matinal Leite Magro Leve embalagem 1 L,Matinal,,"1,19 €","(1,19 € / Litro)",
"Luso Água Mineral sem Gásl Pack 6 garrafa 1,5 L",Luso,,"2,85 €","(0,32 € / Litro)",
Iglo Lasanha à Bolonhesa embalagem 300 g,Iglo,,"3,99 €","(9,30 € / Kg)","3,99 €"
Naturefoods Bolachas com Recheio de Mirtilo Biológicas embalagem 175 g,Naturefoods,,"2,45 €",(14 € / Kg),
Vahiné Vela e Números de Plástico embalagem,Vahiné,,"5,79 €","(5,79 € / Unidade)",
Yaos Iogurte Grego sabor Caramelo Pack 4 uniddaes embalagem 110 g,Yaos,,"3,37 €","(4,98 € / Kg)","3,37 €"
Pink Albatross Gelado Avelã Tostada Vegan embalagem 480 ml,Pink Albatross,,"7,25 €","(15,10 € / Litro)",
Sovex Rebuçados Propovex de Limão e Mel embalagem 75 g,Sovex,,"2,14 €","(28,53 € / Kg)",
Nissin Soba Yakitori embalagem 89 g,Nissin,,"2,39 €","(26,85 € / Kg)",
Maçarico Alcaparras frasco 195 g,Maçarico,,"2,79 €","(14,31 € / Kg)",
Aipo Raiz Peso Aproximado por unidade 1 kg,,,"2,59 €/kg",,
Feletti Bombom Sortido Praline lata 180 g,Feletti,,"19,95 €","(110,83 € / Kg)",
Próvida Água de Coco Biológico sem Açúcar embalagem 330 ml,Próvida,,"1,99 €","(6,03 € / Litro)",
"Vero Sorbetto Sorbet Chocolate embalagem 1,5 L",Vero Sorbetto,,"9,29 €","(5,99 € / Litro)","9,29 €"
Ruwet Sidra Brut garrafa 33 cl,Ruwet,,"3,19 €","(9,67 € / Litro)",
Lyli of the Desert Sumo de Aloe Vera embalagem 946 ml,Lyli of the Desert,,"21,85 €","(23,10 € / Litro)",
Gallo Azeite Virgem Extra Grande Escolha garrafa 500 ml,Gallo,,"6,99 €","(13,98 € / Litro)",
Mensagem Vinho Branco do Tejo garrafa 75 cl,Mensagem,,"6,25 €","(8,33 € / Litro)",
Smint Rebuçados de Limão com Extracto de Melisa 2H sem Açúcar embalagem 35 g,Smint,,"2,29 €","(65,43 € / Kg)",
Seven Up Refrigerante Mojito lata 33 cl,Seven Up,,"1,29 €","(3,91 € / Litro)",
Pintarolas Drageias de Chocolate Pack 3 embalagem 22 g,Pintarolas,,"1,39 €","(21,06 € / Kg)",
Viñas Altas Vinho Jerez Oloroso garrafa 75 cl,Viñas Altas,,"5,35 €","(7,13 € / Litro)",
Ti Almerinda Rissóis de Camarão 10 Unidades embalagem 500 g,Ti Almerinda,,"4,99 €","(9,98 € / Kg)",
Bonne Maman Doce de Leite frasco 380 g,Bonne Maman,,"3,49 €","(9,18 € / Kg)",
Real Doçaria Toucinho do Céu unidade 750 g,Real Doçaria,,"15,95 €","(21,27 € / Kg)",
Domaine Borba Vinho Branco Regional Alentejano garrafa 75 cl,Domaine Borba,,"19,90 €","(26,53 € / Litro)",
El Corte Inglés Torrão a La Piedra embalagem 250 g,El Corte Inglés,,"3,09 €","(12,36 € / Kg)",
Tresemmé Dry Champô Seco Volume embalagem 250 ml,Tresemmé Dry,,"5,39 €","(21,56 € / Litro)",
Origens Arroz Fit de Konjac Biológico Sport Pro embalagem 270 g,Origens,,"2,99 €","(11,07 € / Kg)",
Bioterra Amêndoa Granulada sem Pele Bio embalagem 200 g,Bioterra,,"5,99 €","(29,95 € / Kg)",
Silvex Sacos de Pasteleiro 10 unidades,Silvex,,"1,49 €","(0,15 € / Unidade)",
Ramirez Atum em Óleo Posta lata 125 g,Ramirez,,"1,79 €","(14,92 € / Kg)",
Lynce Miolo de Amêndoa Nacional embalagem 150 g,Lynce,,"2,49 €","(16,60 € / Kg)",
Dittmann Alcaparras frasco 350 g,Dittmann,,"3,35 €","(9,57 € / Kg)",
Violife Bloco Grego embalagem 200 g,Violife,,"3,99 €","(19,95 € / Kg)",
Alpro Pudim Proteina de Chocolate embalagem 200 g,Alpro,,"1,99 €","(8,25 € / Kg)","1,99 €"
El Corte Inglés Detergente Roupa Delicada 66 doses,El Corte Inglés,,"2,74 €",,"2,74 €"
La Balinesa Lombito Imperial embalagem 250 g,La Balinesa,,"21,99 €","(87,96 € / Kg)",
Próvida Biscoitos de Alfarroba Biológicos embalagem 250 g,Próvida,,"2,15 €","(8,60 € / Kg)",
Eci Selection Bloco de Foie Gras de Pato com Pedaços sem Glúten embalagem 80 g,Eci Selection,,"7,15 €","(89,38 € / Kg)",
Serra de Portel Mel em Barro frasco 400 g,Serra de Portel,,"9,49 €","(23,72 € / Kg)",
D'Angelo Cappelletti de Abóbora e Maçã Vegan Biológico embalagem 250 g,D'Angelo,,"4,58 €","(18,32 € / Kg)",
Knorr Rusticas Creme de Verduras do Campo embalagem 500 ml,Knorr Rusticas,,"3,15 €","(6,30 € / Litro)",
Clement Faugier Creme de Castanhas com Baunilha lata 500 g,Clement Faugier,,"6,79 €","(13,58 € / Kg)",
Salutem Chocolate Preto sem Açúcar embalagem 75 g,Salutem,,"1,79 €","(23,87 € / Kg)",
Eudermin Pó de Talco embalagem 200 ml,Eudermin,,"2,70 €","(13,50 € / Litro)",
Guylian Bombons Sortidos Belgian Classics embalagem 305 g,Guylian,,"11,99 €","(39,31 € / Kg)",
Magno Gel de Banho Black Energy embalagem 550 ml,Magno,,"5,90 €","(1,07 € / 10 ml.)",
Sonatural Sumo de Gengibre e Ananás 100% Natural sem Açúcar garrafa 750 ml,Sonatural,,"5,49 €","(7,32 € / Litro)",
Lay's Gourmet Batatas Fritas Lisas com Sal sem Glúten embalagem 45 g,Lay's Gourmet,,"0,99 €",(22 € / Kg),
Jardin Bio Molho de Tomate Biológico embalagem 500 g,Jardin Bio,,"3,49 €","(6,98 € / Kg)",
"Harvest Moon Iogurte de Coco, Manga e Maracujá Biológico embalagem 125 g",Harvest Moon,,"2,10 €","(16,80 € / Kg)",
Rebouça Vinho Verde Alvarinho Branco garrafa 75 cl,Rebouça,,"10,75 €","(14,33 € / Litro)",
Galipette Sidra Rosé garrafa 33 cl,Galipette,,"2,75 €","(8,33 € / Litro)",
Neutradol Absorve-Odores embalagem 50 ml,Neutradol,,"3,99 €","(79,80 € / Litro)",
Lusiaves Bife de Peru Peso Aproximado por cuvete 500 g,Lusiaves,,4 €,"(7,99 € / Kg)",
Lagoalva Vinho Branco Regional do Tejo garrafa 75 cl,Lagoalva,,"6,99 €","(9,32 € / Litro)",
Laoganma Amendoins em Óleo Chilli frasco 275 g,Laoganma,,"4,05 €","(14,73 € / Kg)",
Polenghi Sumo de Limão embalagem 200 ml,Polenghi,,"0,99 €","(4,95 € / Litro)",
El Cantero de Letur Iogurte Natural Magro de Vaca Biológico embalagem 420 g,El Cantero de Letur,,"3,09 €","(6,76 € / Kg)","3,09 €"
La Piara Paté de Atum frasco 100 g,La Piara,,"1,99 €","(19,90 € / Kg)",
Caneca Pai Natal e Renas com Bombons embalagem 100 g,,,"9,95 €","(99,50 € / Kg)",
Ferreira Vinho do Porto LBV garrafa 75 cl,Ferreira,,"14,99 €","(19,99 € / Litro)",
Theotonio Azeite Virgem Extra garrafa 500 ml,Theotonio,,"6,99 €","(13,98 € / Litro)",
Pantagruel Chocolate Culinário Stevia 0% Açúcar embalagem 200 g,Pantagruel,,"3,35 €","(16,75 € / Kg)",
Cimarrom Flocos de Aveia Integrais embalagem 400 g,Cimarrom,,"1,25 €","(3,12 € / Kg)",
O Chocolatinho Trufas Mix dos Açores embalagem 150 g,O Chocolatinho,,"12,75 €",(85 € / Kg),
Lindt Gold Chocolate de Leite embalagem 300 g,Lindt Gold,,"6,99 €","(23,30 € / Kg)",
Gavottes Crêpe Dentelle L'authentique embalagem 125 g,Gavottes,,"4,45 €","(35,60 € / Kg)",
Riberalves Lombos de Bacalhau Reserva Gourmet embalagem 1 kg,Riberalves,,"27,99 €","(27,99 € / Kg)",
Viakal Anti-Calcário Líquido 500 ml,Viakal,,"3,49 €","(6,98 € / Litro)",
Tomate Rama peso aproximado por cuvete 1 kg,,,"3,99 €","(3,99 € / Kg)",
Président Queijo da França Brie Light unidade 200 g,Président,,"4,29 €","(21,45 € / Kg)",
Vista Alegre Moscatel do Douro 10 Anos garrafa 50 cl,Vista Alegre,,"15,95 €","(31,90 € / Litro)",
Delta Café Solúvel frasco 100 g,Delta,,"3,69 €","(36,90 € / Kg)",
Burmester Vinho do Porto Ruby garrafa 75 cl,Burmester,,"7,49 €","(9,99 € / Litro)",
Specht Condimento Pepino frasco 670 ml,Specht,,"3,19 €","(4,76 € / Litro)",
Doritos Molho de Salsa Suave frasco 280 g,Doritos,,"1,99 €","(7,11 € / Kg)",
Trimlyne Tostas Crocantes Melba Biológico embalagem 125 g,Trimlyne,,"1,65 €","(13,20 € / Kg)",
Lusoforma Formas de Alumínio Grandes Redondas Nº 6215 5 unidades,Lusoforma,,"3,39 €","(0,68 € / Unidade)",
Schar Pão Ralado sem Glúten embalagem 250 g,Schar,,4 €,(16 € / Kg),
Origens Lombos de Salmão Biológico embalagem 250 g,Origens,,"13,79 €","(55,16 € / Kg)",
Codyfer Atacador Preto 150 cm 1 unidade,Codyfer,,"2,65 €","(2,65 € / Unidade)",
Pegos Claros Vinho Tinto de Palmela Reserva garrafa 75 cl,Pegos Claros,,"9,45 €","(12,60 € / Litro)",
Ferbar Tapioca Mass Pronta Vegan Zero Gordura e Sal sem Glúten embalagem 500 g,Ferbar,,"3,49 €","(6,98 € / Kg)",
"Vitabio Puré de Fruta com Manga, Framboesa e Mirtilo Biológico Pack 4 embalagem 120 g",Vitabio,,"5,99 €","(49,92 € / Kg)",
Babaria For Men Desodorizante Black Gold Spray embalagem 200 ml,Babaria For Men,,"2,99 €","(14,95 € / Litro)",
Soft&Co Óleo de Hidratação Corpo de Coco embalagem 100 ml,Soft&Co,,"6,99 €","(69,90 € / Litro)",
San Pellegrino Água com Gás garrafa 1 L,San Pellegrino,,"1,59 €","(1,59 € / Litro)",
El Corte Inglés Selection Salame Extra em Fatias sem Glúten embalagem 150 g,El Corte Inglés Selection,,"2,30 €","(15,33 € / Kg)",
Globo Amendoins com Sal embalagem 200 g,Globo,,"1,99 €","(9,95 € / Kg)",
Eric Kayser Pão de Forma unidade 400 g,Eric Kayser,,4 €,(10 € / Kg),
Cem Porcento Chá Solúvel para o Alívio Respiratório embalagem 60 g,Cem Porcento,,"1,49 €","(24,83 € / Kg)",
Alvalle Gaspacho Suave embalagem 1 L,Alvalle,,"3,70 €","(3,70 € / Litro)",
El Corte Inglés Sacos do Lixo Pretos 85 x 105 cm 100 L embalagem 10 unidades,El Corte Inglés,,"1,75 €","(0,18 € / Unidade)",
El Corte Inglés Selection Queijo Puro de Cabra com Leite Pasteurizado embalagem 250 g,El Corte Inglés Selection,,"5,25 €",(21 € / Kg),
Lactovit Gel de Banho Nutritivo embalagem 650 ml,Lactovit,,"5,19 €","(7,98 € / Litro)",
Compal 100% Sumo de Maçã Clássico embalagem 33 cl,Compal,,"0,85 €","(2,58 € / Litro)",
Whitworths Açúcar Dark Brown Soft 500 g,Whitworths,,"3,39 €","(6,78 € / Kg)",
Pimentos Recheados com Queijo Fresco,,,"22,69 €/kg",,
Outros Montes Castanha do Brasil Biológica embalagem 150 g,Outros Montes,,"8,19 €","(54,60 € / Kg)",
Santa Catarina Posta de Atum em Azeite Biológico lata 160 g,Santa Catarina,,"2,69 €","(16,81 € / Kg)",
Quinta D' Avó Piri-Piri frasco 95 ml,Quinta D' Avó,,"1,35 €","(14,21 € / Litro)",
English Tea Shop Chá Loverly Motherly Biológico embalagem 20 unidades,English Tea Shop,,"4,99 €","(0,25 € / Unidade)",
Buitoni Massa Penne Rigate Biológica embalagem 500 g,Buitoni,,"2,15 €","(4,30 € / Kg)",
Neo Blanc Wc Bloco Sanitário Espuma Activa Anti-Calcário Explosão Cítrica embalagem 1 unidade,Neo Blanc Wc,,"2,99 €","(1,49 € / Unidade)","2,99 €"
Gallo Azeite Virgem Extra Suave garrafa 750 ml,Gallo,,"5,99 €","(6,25 € / Litro)","5,99 €"
Santa Catarina Filetes de Atum em Azeite Biológico frasco 250 g,Santa Catarina,,"6,15 €","(24,60 € / Kg)",
Milka Chocolate Recheado Nutty Choco Wafer MMMax embalagem 270 g,Milka,,"3,99 €","(14,78 € / Kg)",
Delta Q Tisana Tetley Relax embalagem 10 cápsulas,Delta Q,,"3,99 €","(0,40 € / Unidade)",
Royal Fermento embalagem 113 g,Royal,,"1,89 €","(16,73 € / Kg)",
Miolo Pão de Aveia Integral Biológico unidade 420 g,Miolo,,"3,39 €","(8,07 € / Kg)",
Quinta dos Carvalhais Vinho Tinto do Dão Reserva garrafa 75 cl,Quinta dos Carvalhais,,27 €,(36 € / Litro),
Georgette Salmão com Tomilho em Azeite lata 120 g,Georgette,,"5,65 €","(47,08 € / Kg)",
La Fabrique Green Escova de Cabelo Oval Vegan Reciclada embalagem 1 unidade,La Fabrique Green,,"6,99 €","(6,99 € / Unidade)",
Nestlé Yogolino Banana sem Glúten Pack 4 embalagem 100 g,Nestlé Yogolino,,"2,89 €","(7,22 € / Kg)",
Compal Vital Equilíbrio Sumo de Ananás e Coco embalagem 1 L,Compal Vital Equilíbrio,,"1,69 €","(1,69 € / Litro)",
Pancas Vinho Tinto Regional de Lisboa Pack 2 unidades embalagem 75 cl,Pancas,,"8,98 €","(2,14 € / Litro)",
"Quinta de Lafões Frango do Campo com Miúdos Peso Aproximado por cuvete 1,7 kg",Quinta de Lafões,,"6,10 €","(3,59 € / Kg)",
"Alpen Muesli de Morango, Arando e Framboesa sem Açúcar embalagem 560 g",Alpen,,"5,39 €","(9,62 € / Kg)",
Haagen-Dazs Gelado de Caramelo Salgado embalagem 460 ml,Haagen-Dazs,,"6,79 €","(14,76 € / Litro)",
Regina Chocolate Preto 85% Cacau Vegan sem Glúten embalagem 100 g,Regina,,"2,09 €","(20,90 € / Kg)",
Celeiro de Cistér Feijão Catarino embalagem 500 g,Celeiro de Cistér,,"1,09 €","(2,18 € / Kg)",
Cimarrom Mistura Tropical embalagem 150 g,Cimarrom,,"2,60 €","(17,33 € / Kg)",
Twinings Chá Earl Grey Descafeinado embalagem 25 unidades,Twinings,,"4,49 €","(0,18 € / Unidade)",
Porrais Vinho Tinto do Douro garrafa 75 cl,Porrais,,"5,19 €","(6,92 € / Litro)",
Glamour Institut Pinça para Depilar Pêlos Finos embalagem 1 unidade,Glamour Institut,,"4,55 €","(4,55 € / Unidade)",
Condi Aroma Líquido de Baunilha frasco 25 ml,Condi,,"1,49 €","(59,60 € / Litro)",
"Pleno Tisanas Bebida de Limão e Camomila garrafa 1,5 L",Pleno Tisanas,,"1,75 €","(1,17 € / Litro)",
Natursoy Seitan Fresco Biológico embalagem 250 g,Natursoy,,"4,99 €","(19,96 € / Kg)",
Aroma D'Minas Pimenta Cumarii do Pará frasco 75 g,Aroma D'Minas,,"3,19 €","(42,53 € / Kg)",
Quinta Nova de Nossa Sra. do Carmo Conjunto 2 Vinhos Tinto do Douro Reserva garrafa 75 cl,Quinta Nova de Nossa Sra. do Carmo,,"31,98 €","(21,32 € / Litro)",
Larios Gin 12 Botânicas garrafa 70 cl,Larios,,"15,99 €","(22,84 € / Litro)",
Persil Color Detergente para a Máquina da Roupa Gel embalagem 42 doses,Persil Color,,"8,49 €","(0,20 € / Dose)",
"Pepsi Refrigerante com Gás garrafa 1,75 L",Pepsi,,"1,99 €","(1,14 € / Litro)",
Persil Universal Detergente para a Máquina da Roupa em Pó Make A Wish Edição Limitada embalagem 70 doses,Persil Universal,,"24,99 €","(0,36 € / Dose)",
Mangaroca Batida de Coco garrafa 70 cl,Mangaroca,,"11,99 €","(17,13 € / Litro)",
Smint Vitamina C Rebuçados de Frutos Vermelhos sem Açúcar embalagem 35 g,Smint Vitamina C,,"2,19 €","(62,57 € / Kg)",
Spontex Multifacil Pano Multiusos Pack 2 + 1 Grátis 3 unidades,Spontex Multifacil,,"1,99 €","(0,66 € / Unidade)",
Vieira de Sousa Vinho do Porto Datado 10 Anos garrafa 75 cl,Vieira de Sousa,,"22,90 €","(30,53 € / Litro)",
Lacrau Vinho Tinto do Douro garrafa 75 cl,Lacrau,,"6,09 €","(8,12 € / Litro)",
Bio Caramulo Alheira de Aves Bio unidade 180 g,Bio Caramulo,,"3,29 €","(18,28 € / Kg)",
Quinta do Gradil Vinho Tinto Regional de Lisboa garrafa 75 cl,Quinta do Gradil,,"6,69 €","(8,92 € / Litro)",
Milka Gelado Avelã embalagem 480 ml,Milka,,"6,99 €","(14,56 € / Litro)",
Magabel Chá Mate 10 Saquetas embalagem 10 unidade,Magabel,,"1,25 €","(0,12 € / Unidade)",
Lindt Excellence Chocolate Preto com Figo Intenso embalagem 100 g,Lindt Excellence,,"2,79 €","(27,90 € / Kg)",
Lola Champô Hidratante Morte Súbita embalagem 250 ml,Lola,,"10,54 €","(42,16 € / Litro)",
Sensodyne Pasta de Dentes para Sensibilidade e Gengivas embalagem 75 ml,Sensodyne,,"4,99 €","(66,53 € / Litro)",
Maille Mostarda Dijon Original frasco 215 g,Maille,,"3,89 €","(18,09 € / Kg)",
Pato Discos Activos Marine embalagem 36 ml,Pato,,"4,49 €","(124,72 € / Litro)",
Margão Segredos Salada embalagem 10 g,Margão,,"2,19 €",(219 € / Kg),
Gatão Vinho Verde + 1 Copo 75 cl,Gatão,,"7,30 €","(4,87 € / Litro)",
El Corte Inglés Pão Ralado com Alho e Salsa embalagem 500 g,El Corte Inglés,,"1,19 €","(2,38 € / Kg)",
Sagrado Vinho Tinto do Douro Reserva garrafa 75 cl,Sagrado,,"14,99 €","(19,99 € / Litro)",
La Bella Contadina Mozzarella di Bufala Biológica embalagem 125 g,La Bella Contadina,,"3,49 €","(27,92 € / Kg)",
Bom Petisco Atum Posta em Óleo Vegetal lata 120 g,Bom Petisco,,"1,69 €","(14,08 € / Kg)",
El Corte Inglés Mini Tostas com Passas embalagem 150 g,El Corte Inglés,,"1,59 €","(10,60 € / Kg)",
Ramirez Sardinhas em Óleo Picante lata 120 g,Ramirez,,"1,34 €","(10,72 € / Kg)",
Jacobs Café Moído Kronung embalagem 250 g,Jacobs,,"7,25 €",(29 € / Kg),
Mateus Vinho Rosé Aragonês garrafa 75 cl,Mateus,,"4,29 €","(5,72 € / Litro)",
Paño Nature Caju Biológico embalagem 90 g,Paño Nature,,"2,39 €","(26,56 € / Kg)",
Fabridoce Trouxas de Ovos embalagem 4 unidades,Fabridoce,,"6,50 €","(1,62 € / Unidade)",
Montanheira Farinheira de Porco Preto unidade 200 g,Montanheira,,"1,99 €","(9,95 € / Kg)",
"Sonatural Sumo de Maçã, Manga e Laranja embalagem 750 ml",Sonatural,,"4,49 €","(5,99 € / Litro)",
Haagen-Dazs Gelado de Caramelo Swirl embalagem 95 ml,Haagen-Dazs,,"6,75 €","(17,76 € / Litro)",
Sunny Delight Sumo de Morango embalagem 310 ml,Sunny Delight,,"0,95 €","(3,06 € / Litro)",
Virgo Vinho Tinto do Alentejo Virgo garrafa 75 cl,Virgo,,"9,99 €","(13,32 € / Litro)",
Mestemacher Pão de Centeio embalagem 250 g,Mestemacher,,"1,69 €","(6,76 € / Kg)",
Barilla Massa Penne Tricolor embalagem 500 g,Barilla,,"1,94 €","(3,88 € / Kg)",
Régia Colheita Vinho Branco do Alentejo garrafa 75 cl,Régia Colheita,,"10,99 €","(14,65 € / Litro)",
"Chicco Detergente para a Máquina da Roupa de Bebé Líquido embalagem 1,5 ml",Chicco,,"9,99 €",(6.660 € / Litro),
El Corte Inglés Luvas Especiais Lixívia Médias embalagem 1 par,El Corte Inglés,,"1,75 €","(1,75 € / Unidade)",
Condes de Barcelos Vinho Tinto Verde garrafa 75 cl,Condes de Barcelos,,"3,69 €","(4,92 € / Litro)",
Pantene Hair Biology Máscara Capilar Controlo de Frizz e Luminosidade embalagem 160 ml,Pantene Hair Biology,,"5,99 €","(37,44 € / Litro)",
Arnaud Rillettes de Pato frasco 180 g,Arnaud,,"4,19 €","(23,28 € / Kg)",
Snock Picadinho Vegetariano com abacate embalagem 200 g,Snock,,"4,49 €","(22,45 € / Kg)",
Delaviuda Torrão Macio embalagem 250 g,Delaviuda,,"6,39 €","(25,56 € / Kg)",
Syoss Keratin Condicionador para Cabelo Encrespado e Seco embalagem 440 ml,Syoss Keratin,,"6,99 €","(15,89 € / Litro)",
Sacla Italia Molho Pomodorini Parmigiano frasco 350 g,Sacla Italia,,"4,99 €","(14,26 € / Kg)",
"Smileat Brócolos, Borrego e Cherovia +6 Meses Biológico frasco 230 g",Smileat,,"2,29 €","(9,96 € / Kg)",
Theramed Junior Dentífrico 1-6 Anos embalagem 50 ml,Theramed Junior,,"3,39 €","(67,80 € / Litro)",
El Almendro Torrão Crocante com Chocolate embalagem 126 g,El Almendro,,"8,59 €","(68,17 € / Kg)",
"Sierra Nevada Cerveja dos EUA Pale Ale garrafa 35,5 cl",Sierra Nevada,,"4,39 €","(12,37 € / Litro)",
Casting Creme Gloss Coloração Nº 415 Chocolate Glace embalagem 1 unidade,Casting Creme Gloss,,"9,99 €","(9,99 € / Unidade)",
Fruut Chipz Maçã Desidratada sem Glúten embalagem 20 g,Fruut,,"0,85 €","(42,50 € / Kg)",
Camarão Cozido de Aquicultura 40/60 Madagáscar,,,"34,90 €/kg",,
Margão Coentros Moídos embalagem 30 g,Margão,,"1,89 €",(63 € / Kg),
Carefree Cotton Pensos Higiénicos Flexiform embalagem 56 unidades,Carefree Cotton,,"4,49 €","(0,08 € / Unidade)",
Koala Polpa de Maracujá sem Sementes lata 565 g,Koala,,"4,29 €","(7,59 € / Kg)",
Vitacress Salada Americana embalagem 215 g,Vitacress,,"3,99 €","(18,56 € / Kg)",
Jaburu Vinho Tinto do Alentejo garrafa 75 cl,Jaburu,,"4,99 €","(6,65 € / Litro)",
Mississippi Belle Refeição Pronta Macarrão com Queijo embalagem 205 g,Mississippi Belle,,"2,49 €","(12,15 € / Kg)",
Renova Guardanapos Label Pine Tree embalagem 40 unidades,Renova,,"1,99 €","(0,05 € / Unidade)",
Sanytol Desinfetante Limpador Banhos embalagem 750 ml,Sanytol,,"4,49 €","(5,99 € / Litro)",
Preparado para Sopa de Agrião embalagem 500 g,,,"1,79 €","(3,58 € / Kg)",
La Guaña Figos Secos Cuello de Dama embalagem 600 g,La Guaña,,"5,25 €","(8,75 € / Kg)",
Giovanni Rana Ravioli de Frango Assado com Alecrim embalagem 250 g,Giovanni Rana,,"3,29 €","(13,16 € / Kg)",
Lipton Chá de Maçã e Canela embalagem 20 unidades,Lipton,,"2,99 €","(0,15 € / Unidade)",
Scotch-Brite Esfregão Fibra com Esponja Não Risca embalagem 2 unidades,Scotch-Brite,,"1,99 €",(1 € / Unidade),
Magic Retouch Spray Retoca Raízes Louro embalagem 150 ml,Magic Retouch,,"14,99 €","(99,93 € / Litro)",
Dum Dum Max Insecticida para Insectos Voadores Sensitive Spray 400 ml,Dum Dum Max,,"4,64 €","(11,60 € / Litro)",
Amora embalagem 125 g,,,"3,99 €","(31,92 € / Kg)",
Delverde Pappardelle Nido Nº82 embalagem 250 g,Delverde,,"2,79 €","(11,16 € / Kg)",
Guloso Polpa de Tomate embalagem 210 g,Guloso,,"0,85 €","(4,05 € / Kg)",
Vasco da Gama Sardinhas em Caldeirada lata 120 g,Vasco da Gama,,"1,19 €","(9,92 € / Kg)",
Ajax Cristal Limpa-Vidros Recarga embalagem 500 ml,Ajax Cristal,,"2,99 €","(5,98 € / Litro)",
Seeberger Castanha do Maranhão embalagem 200 g,Seeberger,,"6,19 €","(30,95 € / Kg)",
Quinta do Carmo Vinho Tinto do Alentejo garrafa 75 cl,Quinta do Carmo,,"12,99 €","(17,32 € / Litro)",
Delverde Gemellini Nº263 embalagem 500 g,Delverde,,"1,99 €","(3,98 € / Kg)",
Maeloc Sidra de Morango Pack 4 20 cl,Maeloc,,"5,99 €","(7,49 € / Litro)",
Gullón Bolachas Maria Ligera sem Sal e sem Açúcares Adicionados embalagem 200 g,Gullón,,"1,85 €","(9,25 € / Kg)",
Johnson's Baby Gold Champô embalagem 500 ml,Johnson's Baby Gold,,"3,89 €","(7,78 € / Litro)",
Ambi Pur Ambientador Casa de Banho Erva Fresca embalagem 1,Ambi Pur,,"4,99 €","(2,49 € / Unidade)","4,99 €"
Trident Senses Pastilhas Tropical Mix sem Açúcar embalagem 23 g,Trident Senses,,"1,10 €","(47,83 € / Kg)",
Interdoces Gomas Ossos embalagem 90 g,Interdoces,,"1,19 €","(13,22 € / Kg)",
"Vero Sorbetto Sorbet Cupuaçu embalagem 1,5 L",Vero Sorbetto,,"9,29 €","(5,99 € / Litro)","9,29 €"
El Corte Inglés Selection Vinagre Balsâmico de Modena Biológico garrafa 250 ml,El Corte Inglés Selection,,"2,99 €","(11,96 € / Litro)",
Scotch-Brite Esfregão de Fibra Verde Normal Leve 3 Pague 2 embalagem 3 unidades,Scotch-Brite,,"2,35 €","(0,78 € / Unidade)",
Maybelline Color Sensational Batom Nº 373 Mauve embalagem 1 unidade,Maybelline Color Sensational,,"11,99 €","(11,99 € / Unidade)",
Santiveri Tortas de Arroz com Espelta e Quinoa embalagem 100 g,Santiveri,,"2,15 €","(21,50 € / Kg)",
Renova Active Lenços Faciais 46 unidades,Renova Active,,"0,69 €","(0,69 € / Unidade)",
Korisca Cerveja Artesanal Brown Ale garrafa 33 cl,Korisca,,"3,99 €","(12,09 € / Litro)",
Camomila Intea Champô Infantil Reflexos Louros embalagem 500 ml,Camomila Intea,,"16,15 €","(32,30 € / Litro)",
Aliada Azeitonas Recheadas com Anchova Pack 6 lata 300 g,Aliada,,"3,65 €","(12,17 € / Kg)",
Costa del Sole Vinho Branco de Itália Toscana garrafa 75 cl,Costa del Sole,,"14,90 €","(19,87 € / Litro)",
Garnier Água Micelar Vitamina C embalagem 400 ml,Garnier,,"7,99 €","(19,98 € / Litro)",
Mr. Cheese Queijo Tomme de Brebis Porção Peso Aproximado 180 g,Mr. Cheese,,"36,65 €/kg",,
El Corte Inglés Sacos do Lixo Fecho Fácil 30 L embalagem 20 unidades,El Corte Inglés,,"1,40 €","(0,07 € / Unidade)",
Hofstetten Cerveja da Áustria Saphir garrafa 33 cl,Hofstetten,,"4,99 €","(15,12 € / Litro)",
San Pellegrino Água Tónica Pack 4 unidades embalagem 20 cl,San Pellegrino,,"5,99 €","(7,49 € / Litro)",
Nescafé Dolce Gusto Café Ristretto Ardenza Intensidade 11 embalagem 30 cápsulas,Nescafé Dolce Gusto,,"10,49 €","(0,35 € / Unidade)",
Gogo Squeez Maçã e Pera 100% Fruta embalagem 90 g,Gogo Squeez,,"0,99 €",(11 € / Kg),
Cogumelos Inteiros embalagem 300 g,,,"1,79 €","(5,97 € / Kg)",
Quintinha D'Aldeia Queijo de Vaca e Ovelha Curado unidade 80 g,Quintinha D'Aldeia,,"2,29 €","(28,62 € / Kg)",
Renova Art de La Table Guardanapos Brancos embalagem 40 unidades,Renova Art de La Table,,"1,99 €","(0,04 € / Unidade)","1,99 €"
Harvest Moon Iogurte de Coco e Chocolate Biológico embalagem 125 g,Harvest Moon,,"2,10 €","(16,80 € / Kg)",
Oral-B Complete Elixir Oral para Dentes e Gengivas Sensíveis embalagem 500 ml,Oral-B Complete,,"5,99 €","(7,98 € / Litro)","5,99 €"
Cimarrom Miolo de Amêndoa Granulado embalagem 100 g,Cimarrom,,"1,95 €","(19,50 € / Kg)",
Herbas Infusão de Cidreira Bio embalagem 24 g,Herbas,,"3,95 €","(164,58 € / Kg)",
Youwok Molho Sambal Oelek frasco 200 g,Youwok,,"2,75 €","(13,75 € / Kg)",
Espiga Gengibre Moído frasco 33 g,Espiga,,"1,95 €","(59,09 € / Kg)",
Atelier do Doce Chiffon de Chocolate embalagem 750 g,Atelier do Doce,,"14,95 €","(14,95 € / Unidade)",
Próvida Millet Biológico embalagem 500 g,Próvida,,"2,19 €","(4,38 € / Kg)",
Petit Virgo Vinho Tinto do Alentejo garrafa 75 cl,Petit Virgo,,"5,95 €","(7,93 € / Litro)",
"Jói Refrigerante de Maracujá sem Gás garrafa 1,5 L",Jói,,"1,90 €","(0,70 € / Litro)","1,90 €"
Somersby Sidra sabor Melância Pack 6 20 cl,Somersby,,"4,59 €","(3,82 € / Litro)",
Chupa Chups Chupa Chupa Surprise embalagem 35 g,Chupa Chups,,"1,09 €","(31,14 € / Kg)",
Pescanova Filetes de Pescada no Forno Alho e Salsa embalagem 400 g,Pescanova,,"4,59 €","(11,48 € / Kg)",
Innocent Sumo Tropical garrafa 900 ml,Innocent,,"2,89 €","(3,21 € / Litro)",
Chicco Fraldas Airy Ultra Fit&Dry T3 embalagem 42 unidades,Chicco,,"16,99 €","(0,40 € / Unidade)",
Milka Leite com Chocolate Shake embalagem 200 ml,Milka,,"1,82 €","(9,10 € / Litro)",
Pombal do Vesúvio Vinho Tinto do Douro garrafa 75 cl,Pombal do Vesúvio,,"14,99 €","(19,99 € / Litro)",
Holle Leite de Continuação Depois dos 6 Meses Biológico embalagem 600 g,Holle,,"11,99 €","(19,98 € / Kg)",
Ribeira Mexilhões em Escabeche Picantes 13-18 Pequenos sem Glúten lata 111 g,Ribeira,,"2,39 €","(21,53 € / Kg)",
Kaiku Caffé Latte Baunilha sem Glúten embalagem 230 ml,Kaiku,,"1,69 €","(7,35 € / Litro)",
Silvex Filtros para o Óleo da Cozinha 16 cm 12 unidades,Silvex,,"1,54 €","(1,54 € / Unidade)",
Special Line El Corte Inglés Levedura de Cerveja em Flocos embalagem 150 g,Special Line El Corte Inglés,,"3,99 €","(2,66 € / 100 gr.)",
"Rosmaninho Azeite Virgem Extra 0,2º de Trás-os-Montes DOP garrafão 5 L",Rosmaninho,,"31,95 €","(6,39 € / Litro)",
Delaviuda Bombons de Chocolate com Avelã embalagem 168 g,Delaviuda,,"8,99 €","(53,51 € / Kg)",
Tetley Super Tea Chá Verde Aromatizado com Hortelã-Pimenta Detox com Selénio embalagem 20 unidades,Tetley Super Tea,,"2,95 €","(0,15 € / Unidade)",
Mississippi Belle Preparado para Panquecas embalagem 454 g,Mississippi Belle,,"3,89 €","(8,57 € / Kg)",
Izidoro o Talhante Carne Picada de Bovino Light embalagem 500 g,Izidoro o Talhante,,"5,95 €","(11,90 € / Kg)",
Quinta da Pacheca Vinho Branco do Douro garrafa 75 cl,Quinta da Pacheca,,"5,99 €","(7,99 € / Litro)",
Perugina Bombons Limão Baci D & G lata 300 g,Perugina,,"24,99 €","(83,30 € / Kg)",
Le Pain des Fleurs Tostas com Coco Biológico embalagem 150 g,Le Pain des Fleurs,,"5,65 €","(37,67 € / Kg)",
Mini Babybel Queijo Original  6 Porções embalagem 120 g,Mini Babybel,,"2,29 €","(15,75 € / Kg)","2,29 €"
Pão Alentejano embalagem 800 g,,,"1,95 €","(2,44 € / Kg)",
Santini Gelado Picolini de Açaí Banana Pack 6 embalagem 65 g,Santini,,15 €,"(38,46 € / Kg)",
Sonasol Wc Bloco Sanitário Desinfectante Dupla Fragrância Pêssego e Maçã embalagem 50 g,Sonasol Wc,,"2,20 €",(44 € / Kg),
Elixir Cuidado das Gengivas PerioGard embalagem 00400 ml,,,"6,49 €","(16,22 € / Litro)",
Glint Iogurte Cremoso de Maçã e Canela Pack 2 embalagem 125 g,Glint,,"1,99 €","(7,96 € / Kg)",
Babaria Desinfectante para as Mãos 70% Álcool de Aloe Vera embalagem 100 ml,Babaria,,"2,49 €","(0,02 € / Unidade)",
Monte Velho Vinho Rosé Regional Alentejano Esporão garrafa 75 cl,Monte Velho,,"5,49 €","(7,32 € / Litro)",
Kilom Coxas de Frango Familiar Peso Aproximado por cuvete 1 kg,Kilom,,"5,79 €","(5,79 € / Kg)",
Garnier Skin Active Máscara em Tecido para Olhos Anti-Papos com Sumo de Laranja embalagem 2 unidades,Garnier Skin Active,,"2,99 €","(1,50 € / Unidade)",
Compal Fresco Sumo 4 Maçãs de Alcobaça Fruta 100% Fresca embalagem 750 ml,Compal Fresco,,"3,45 €","(4,60 € / Litro)",
Espetada de Salmão com Pota 250 g,,,"16,99 €/kg",,
La Molisana Linguine embalagem 500 g,La Molisana,,"1,99 €","(3,98 € / Kg)",
Fiuza Vinho Tinto do Tejo 3 Castas garrafa 75 cl,Fiuza,,"4,39 €","(5,85 € / Litro)",
Encostas de Lisboa Vinho Tinto de Lisboa Reserva garrafa 75 cl,Encostas de Lisboa,,"4,99 €","(6,65 € / Litro)",
Mercurochrome Pensos à Prova de Água embalagem 16 unidades,Mercurochrome,,"4,49 €","(0,28 € / Unidade)",
El Corte Inglés Preparado em Pó para Gelatina de Morango embalagem 170 g,El Corte Inglés,,"0,75 €","(4,41 € / Kg)",
Control Ultra Feel Preservativos embalagem 10 unidades,Control Ultra Feel,,"9,99 €",(1 € / Unidade),
Cozinha Pronta Empadas de Frango embalagem 330 g,Cozinha Pronta,,"3,39 €","(10,27 € / Kg)",
El Corte Inglés Manteiga Light embalagem 250 g,El Corte Inglés,,"1,89 €","(7,56 € / Kg)",
Cem Porcento Doce de Goiaba sem Açúcar embalagem 380 g,Cem Porcento,,"2,59 €","(0,11 € / Kg)",
Espiga Tomilho Folha embalagem 15 g,Espiga,,"1,59 €",(106 € / Kg),
Dove Silk Glow Gel de Banho embalagem 750 ml,Dove Silk Glow,,"4,19 €","(5,59 € / Litro)",
Ausonia Discreet Pensos Mini embalagem 20 unidades,Ausonia Discreet,,"3,99 €","(0,20 € / Unidade)",
Buitoni Tosta Melba Integral 100 g,Buitoni,,"0,99 €","(9,90 € / Kg)",
Iglo Filetes Primavera Sementes de Quinoa e 4 Sementes embalagem 250 g,Iglo,,"4,99 €","(19,96 € / Kg)",
Lima Galetes de Espelta Biológicas embalagem 100 g,Lima,,"1,49 €","(14,90 € / Kg)",
El Abuelo Queijo Fresco de Cabra embalagem 300 g,El Abuelo,,"3,79 €","(12,63 € / Kg)",
Vinha de Reis Vinho Branco do Dão garrafa 75 cl,Vinha de Reis,,"8,75 €","(11,67 € / Litro)",
Dr. Beckmann Tira-Nódoas de Gorduras e Molhos embalagem 50 ml,Dr. Beckmann,,"3,79 €","(75,80 € / Litro)",
Cem Porcento Infusão de Sene Biológica embalagem 13 g,Cem Porcento,,"0,99 €","(76,15 € / Kg)",
Fapil Escova Plástica para Lavar Roupa 1 unidade,Fapil,,"1,95 €","(1,95 € / Unidade)",
Camomila Intea Loção Ocultante Spray embalagem 100 ml,Camomila Intea,,"7,99 €","(79,90 € / Litro)",
Gin Lovers Gin Pink garrafa 70 cl,Gin Lovers,,"29,90 €","(42,71 € / Litro)",
El Corte Inglés Corações de Alcachofras ao Natural 10/12 Unidades lata 240 g,El Corte Inglés,,"2,45 €","(10,21 € / Kg)",
Scotch-Brite Esfregão Fibra Verde embalagem 2 unidades,Scotch-Brite,,"3,49 €","(1,74 € / Unidade)",
Riga Gold Sardinhas Fumadas em Azeite lata 70 g,Riga Gold,,"2,25 €","(32,14 € / Kg)",
Grão Vasco Vinho Branco do Dão garrafa 75 cl,Grão Vasco,,"3,99 €","(5,32 € / Litro)",
Vieira Milenium Bolachas de Chocolate Recheadas com Morango embalagem 163 g,Vieira Milenium,,"1,09 €","(6,69 € / Kg)",
Compal Vinho Tinto das Beiras garrafa 75 cl,Compal,,"2,55 €","(3,40 € / Litro)",
Starbucks Café Nespresso Blonde para Nespresso Intensidade 6 embalagem 10 cápsulas,Starbucks,,"4,49 €","(0,45 € / Unidade)",
Nestlé Bebé Iogurte de Frutas Variadas Pack 4 embalagem 100 g,Nestlé Bebé,,"3,29 €","(32,90 € / Kg)",
Mimosa Cremoso Zero Iogurte Líquido de Morango e Melancia 0% Açúcar Pack 4 embalagem 151 ml,Mimosa Cremoso Zero,,"2,79 €","(18,48 € / Litro)",
Efiseptyl Escovas Interdentais Descartáveis embalagem 60 unidades,Efiseptyl,,"3,59 €","(0,06 € / Unidade)",
Iswari Clorela em Pó Biológica embalagem 125 g,Iswari,,"11,99 €","(95,92 € / Kg)",
Garofalo Massa Radiatori embalagem 500 g,Garofalo,,"2,09 €","(4,18 € / Kg)",
El Corte Inglés Queijo Gouda em Fatias embalagem 200 g,El Corte Inglés,,"1,99 €","(9,95 € / Kg)",
Compal Sumo 100% Fruta de Maçã Pack 3 unidades embalagem 20 cl,Compal,,"1,69 €","(2,82 € / Litro)",
Président Manteiga com Meio Sal embalagem 225 g,Président,,"3,35 €","(14,89 € / Kg)",
La Leyenda Queijo de Espanha de Ovelha com Alecrim,La Leyenda,,"26,98 €","(26,98 € / Kg)",
Voss Água Natural Artesanal Premium garrafa 80 cl,Voss,,"4,99 €","(6,24 € / Litro)",
Nestlé Chocolate Preto com Amêndoas sem Açúcar embalagem 115 g,Nestlé,,"2,99 €",(26 € / Kg),
Carefree Cotton Protege-Slips embalagem 44 unidades,Carefree Cotton,,"2,79 €","(0,06 € / Unidade)",
Monster Bebida Energética Green Energy Taurina + Ginseng lata 50 cl,Monster,,"1,60 €","(3,20 € / Litro)",
Holle Papa de Milho a Partir dos 4 Meses Biológica embalagem 250 g,Holle,,"3,89 €","(15,56 € / Kg)",
Iglo Green Cuisine Almôndegas Vegan 10 Unidades embalagem 240 g,Iglo Green Cuisine,,"5,49 €","(22,88 € / Kg)",
"Gullón Tortitas de Milho Vitalday sem Glúten Pack 4 embalagem 108,8 g",Gullón,,"2,19 €","(20,28 € / Kg)",
La Veguilla Alho Branco Malla bolsa 250 g,La Veguilla,,"1,29 €","(5,16 € / Kg)",
Lea Perrins Molho Inglês garrafa 150 ml,Lea Perrins,,"3,99 €","(26,60 € / Litro)",
Kopke Vinho Tinto do Douro Reserva garrafa 75 cl,Kopke,,"15,99 €","(21,32 € / Litro)",
Hansaplast Pensos Green & Protect embalagem 20,Hansaplast,,"2,79 €","(0,14 € / Unidade)",
Cabo da Roca Vinho Tinto de Lisboa Grande Reserva garrafa 75 cl,Cabo da Roca,,"18,99 €","(25,32 € / Litro)",
Royal Gelatina de Frutos Tropicais embalagem 114 g,Royal,,"1,99 €","(17,46 € / Kg)",
Montaria Vinho Tinto do Alentejo Reserva garrafa 75 cl,Montaria,,"6,19 €","(8,25 € / Litro)",
Coslys Desodorizante de Aveia 48H embalagem 50 ml,Coslys,,"5,70 €",(114 € / Litro),
Saitaku Sushi Kit embalagem 371 g,Saitaku,,"10,56 €","(28,46 € / Kg)",
Nesquik Achocolatado em Pó embalagem 390 g,Nesquik,,"4,29 €",(11 € / Kg),
Tresemmé Botanique Champô Hemp + Hydration embalagem 400 ml,Tresemmé Botanique,,"4,79 €","(11,98 € / Litro)",
Fapil Escova de Sapatos 1 unidade,Fapil,,"2,55 €","(2,55 € / Unidade)",
"Corona Cerveja do México Extra Pack 6 garrafa 35,5 cl",Corona,,"9,99 €","(4,69 € / Litro)",
Gran Capitan Queijo de Espanha Tábua de Queijos em Cunha embalagem 180 g,Gran Capitan,,"5,79 €","(32,17 € / Kg)",
Gillette Sensor Excel Sensor Excel Recargas embalagem 5 unidades,Gillette Sensor Excel,,"10,49 €","(2,10 € / Unidade)",
La Trappe Cerveja da Holanda Trappist Isid' or garrafa 75 cl,La Trappe,,"11,59 €","(15,45 € / Litro)",
Kellogg's Special K Cereais com Frutos Vermelhos embalagem 300 g,Kellogg's Special K,,"4,39 €","(14,63 € / Kg)",
Denim Black Colónia Masculina embalagem 100 ml,Denim Black,,"9,99 €","(99,90 € / Litro)",
Lactimonte Queijo Amanteigado Alentejano unidade 100 g,Lactimonte,,"1,29 €","(12,90 € / Kg)",
Quinta de Gomariz Vinho Verde Loureiro Branco garrafa 75 cl,Quinta de Gomariz,,"5,49 €","(7,32 € / Litro)",
Tété Queijo Fresco de Cabra embalagem 150 g,Tété,,"1,98 €","(13,20 € / Kg)",
Yoçor Iogurte com Aroma a Morango Pack 4 embalagem 125 g,Yoçor,,"1,49 €","(2,98 € / Kg)",
Florette Salada Gourmet Outono Inverno embalagem 150 g,Florette,,"1,99 €","(13,27 € / Kg)",
Pescanova Tiras de Frango embalagem 1 kg,Pescanova,,"18,49 €","(18,49 € / Kg)",
Babaria Desodorizante Roll On Invisible Anti-Manchas embalagem 50 ml,Babaria,,"2,19 €","(43,80 € / Litro)",
Old Spice Eau de Toilette Captain embalagem 100 ml,Old Spice,,"12,49 €","(124,90 € / Litro)",
Danone Oikos Iogurte Grego 100% Natural com Pedaços de Ananás Pack 4 embalagem 110 g,Danone Oikos,,"2,39 €","(5,43 € / Kg)",
Nacional Bolachas My Cookies com Pepitas de Chocolate embalagem 150 g,Nacional,,"1,79 €","(11,93 € / Kg)",
Globo Corante Azul frasco 28 ml,Globo,,"1,65 €","(58,93 € / Litro)",
Chão da Quinta Vinho Tinto do Dão Premium Selection garrafa 75 cl,Chão da Quinta,,"15,95 €","(21,27 € / Litro)",
+ Cru Sementes de Girassol Cruas Biológicas embalagem 250 g,+ Cru,,"4,49 €","(17,96 € / Kg)",
Fita Azul Espumante Super Reserva Bruto garrafa 75 cl,Fita Azul,,"10,25 €","(13,67 € / Litro)",
"Flamefast Tronco de Madeira para Lareira 1,1 kg",Flamefast,,"2,79 €","(2,54 € / Kg)",
Nivea Men Protect & Care Bálsamo After-Shave com Aloe Vera embalagem 100 ml,Nivea Men Protect & Care,,"7,49 €","(74,90 € / Litro)",
Royal Linea Gelatina de Frutos Tropicais embalagem 31 g,Royal Linea,,"2,09 €","(67,42 € / Kg)",
6BGen Água Oxigenada 10 Volumes embalagem 500 ml,6BGen,,"0,75 €","(1,50 € / Litro)",
Salutem Hambúrguer de Tofu e Espinafres biológico embalagem 150 g,Salutem,,"3,25 €","(21,67 € / Kg)",
Body Natur Manteiga Corporal com Arroz e Óleo de Coco embalagem 200 ml,Body Natur,,"9,35 €","(34,95 € / Litro)","9,35 €"
Bife de Novilho da Pá Peso Aproximado 400 g,,,"9,95 €/kg",,
Saludães Arroz Malandrinho embalagem 500 g,Saludães,,"0,99 €","(1,98 € / Kg)",
Aptamil Leite para Lactantes 1 0-6 Meses embalagem 800 g,Aptamil,,"16,69 €","(20,86 € / Kg)",
Villacenteno Queijio de Espanha Manchego Curado embalagem 250 g,Villacenteno,,"6,98 €","(27,92 € / Kg)",
Red Bull Bebida Energética Tropical lata 25 cl,Red Bull,,"1,39 €","(5,56 € / Litro)",
Manná Paté de Atum lata 65 g,Manná,,"1,79 €","(27,54 € / Kg)",
El Corte Inglés Baguetes 2 Unidades embalagem 250 g,El Corte Inglés,,"1,35 €","(5,40 € / Kg)",
Oral-B Pro-Flex Escova de Dentes 3D White Luxe embalagem 1 unidade,Oral-B Pro-Flex,,"5,59 €","(5,59 € / Unidade)",
Codyfer Atacador Castanho 150 cm 1 unidade,Codyfer,,"2,65 €","(2,65 € / Unidade)",
Lipton Herbal Infusion Chá de Cidreira e Mel embalagem 20 unidades,Lipton Herbal Infusion,,"2,99 €","(0,15 € / Unidade)",
Garnier Bio Creme Contorno de Olhos de Lavanda Biológico embalagem 15 ml,Garnier Bio,,"12,99 €",(866 € / Litro),
Gonet-Medeville Champanhe Premier Cru Bruto garrafa 75 cl,Gonet-Medeville,,"41,50 €","(55,33 € / Litro)",
Campofrio Forno de Lenha Peito de Peru em Fatias Finas sem Glúten embalagem 120 g,Campofrio Forno de Lenha,,"1,99 €","(16,58 € / Kg)",
Orbit Pastilhas Bubblemint sem Açúcar Pack 4 embalagem 14 g,Orbit,,"1,99 €","(142,14 € / Kg)",
Heineken Cerveja da Holanda Pack 4 garrafa 33 cl,Heineken,,"3,59 €","(2,72 € / Litro)",
Cem Porcento Tostas Integrais de Alfarroba embalagem 250 g,Cem Porcento,,"2,49 €","(9,96 € / Kg)",
Johnson's Gel de Banho para Crianças Pure Protect embalagem 500 ml,Johnson's,,"5,59 €","(7,78 € / Litro)","5,59 €"
Iogurte Activia Topper Muesli-Chia-Quinoa e Mandorle embalagem 170 g,,,"1,99 €","(11,71 € / Kg)",
Cantinho das Aromáticas Infusão de Erva-Príncipe Biológica embalagem 20 unidades,Cantinho das Aromáticas,,"4,10 €","(0,20 € / Unidade)",
Interdoces Gomas Sortidas embalagem 150 g,Interdoces,,"1,85 €","(12,33 € / Kg)",
Casa Matias Queijo de Ovelha Amanteigado Selecção unidade 500 g,Casa Matias,,"10,59 €","(21,18 € / Kg)",
Trident Senses Pastilhas de Melancia sem Açúcar embalagem 23 g,Trident Senses,,"1,10 €","(47,83 € / Kg)",
Maybelline Super Stay Batom Ink Crayon Nº 55 Make It Happen embalagem 1 unidade,Maybelline Super Stay,,"9,49 €","(9,49 € / Unidade)",
Lindor Men Fraldas para Adultos Homem Tamanho M embalagem 8 unidades,Lindor Men,,"11,37 €","(0,92 € / Unidade)","11,37 €"
Aliada Azeitonas Recheadas com Anchova lata 130 g,Aliada,,"1,59 €","(12,23 € / Kg)",
Soft&Co Esfoliante Rosto e Corpo embalagem 200 ml,Soft&Co,,"9,99 €","(49,95 € / Litro)",
Quinta do Infantado Vinho do Porto Miniaturas Pack 3 garrafa 5 cl,Quinta do Infantado,,"9,99 €","(66,60 € / Litro)",
El Corte Inglés Selection Polvorones de Estepa Tradicionais embalagem 700 g,El Corte Inglés Selection,,"5,79 €","(8,27 € / Kg)",
Bahlsen Choco Leibniz Bolachas Cobertas com Chocolate embalagem 125 g,Bahlsen Choco Leibniz,,"2,19 €","(14,80 € / Kg)","2,19 €"
Pierre Ferrand Cognac Premier Cru 1840 garrafa 70 cl,Pierre Ferrand,,"49,90 €","(71,29 € / Litro)",
Old Amsterdam Queijo de Aperitivos embalagem 150 g,Old Amsterdam,,"4,19 €","(27,93 € / Kg)",
Nestlé Nestum Cereais com Mel Leve 3 Pague 2 embalagem 900 g,Nestlé Nestum,,"4,59 €","(5,10 € / Kg)",
Casa de Mateus Doce de Abóbora frasco 345 g,Casa de Mateus,,"3,35 €","(9,71 € / Kg)",
Lacta Bolachas de Chocolate Branco embalagem 126 g,Lacta,,"3,85 €","(30,56 € / Kg)",
Not Guilty Manteiga de Amendoim frasco 320 g,Not Guilty,,"4,49 €","(14,03 € / Kg)",
English Tea Shop Tisana de Rooibos Biológica embalagem 40 g,English Tea Shop,,"3,99 €","(99,75 € / Kg)",
Zaini Chocolate Mala Metálica Barbie lata 60 g,Zaini,,"7,99 €","(133,17 € / Kg)",
La Mole Gressinos Sfornatini com Sementes embalagem 200 g,La Mole,,"2,45 €","(12,25 € / Kg)",
Lacasa Chocolate Preto 70% Cacau com Caramelo com Sal do Himalaia sem Glúten embalagem 100 g,Lacasa,,"2,19 €","(21,90 € / Kg)",
Dietisa Chá de Ervas Passiflora embalagem 50 g,Dietisa,,"1,79 €","(35,80 € / Kg)",
Pantagruel Chocolate em Pó embalagem 125 g,Pantagruel,,"1,05 €","(8,40 € / Kg)",
Emanuel Casado Rebuçados de Ananás embalagem 150 g,Emanuel Casado,,"4,35 €",(29 € / Kg),
From Heaven Chocolate de Arroz Vegan Biológico embalagem 100 g,From Heaven,,"3,29 €","(32,90 € / Kg)",
Brisa Dorada Tortilha de Camarão embalagem 200 g,Brisa Dorada,,"4,49 €","(22,45 € / Kg)",
Carmencita Preparado para Fazer Arroz Preto embalagem 40 g,Carmencita,,"2,75 €","(68,75 € / Kg)",
Elnett Laca Fixação Extra Forte embalagem 300 ml,Elnett,,"5,99 €","(19,97 € / Litro)",
El Corte Inglés Mortadela sem Glúten embalagem 250 g,El Corte Inglés,,"1,55 €","(6,20 € / Kg)",
Riberalves Lasanha de Bacalhau embalagem 600 g,Riberalves,,"8,39 €","(13,98 € / Kg)",
Ezalo Pastilhas para Difusor Eléctrico Mosquitos e Melgas Recarga embalagem 40 unidades,Ezalo,,"6,99 €","(0,17 € / Unidade)",
Nestlé Chocolate Preto sem Açúcar embalagem 115 g,Nestlé,,"2,39 €","(20,78 € / Kg)",
"Don Simon Sumo Tropical sem Açúcar garrafa 1,5 L",Don Simon,,"1,39 €","(0,93 € / Litro)",
Secos da Aldeia Bolachas com Amendoim embalagem 275 g,Secos da Aldeia,,"2,59 €","(9,42 € / Kg)",
Beirabaga Doce de Mirtilo frasco 270 g,Beirabaga,,"3,49 €","(12,93 € / Kg)",
Wilkinson Sword Extra2 Beauty Máquinas Depilatórias embalagem 5 unidades,Wilkinson Sword Extra2 Beauty,,"4,19 €","(0,84 € / Unidade)",
Carte D'Or Gelado de Limão Pie embalagem 500 ml,Carte D'Or,,"5,49 €","(6,10 € / Litro)",
Koala Massa Chinesa com Ovo embalagem 250 g,Koala,,"1,79 €","(7,16 € / Kg)",
Aromas Queijo de Ovelha Curado Serpa DOP,Aromas,,"25,59 €","(31,99 € / Kg)",
Casa Agrícola Horácio Simões Moscatel de Setúbal Roxo garrafa 50 cl,Casa Agrícola Horácio Simões,,"15,95 €","(31,90 € / Litro)",
Cister Pop Pipocas Doces embalagem 150 g,Cister Pop,,"0,99 €","(6,60 € / Kg)",
Crich Crackers de Azeite Biológicas embalagem 250 g,Crich,,"3,35 €","(13,40 € / Kg)",
"Hansaplast Tecido Adesivo com Suporte Bobina 5 m x 1,25 cm embalagem 1 unidade",Hansaplast,,"2,09 €","(0,42 € / Unidade)",
Tamboril em Posta Peso Aproximado unidade 250 g,,,"29,99 €/kg",,
El Corte Inglés Massa para Empada embalagem 280 g,El Corte Inglés,,"1,85 €","(6,61 € / Kg)",
El Corte Inglés Snack Fuet sem Glúten embalagem 50 g,El Corte Inglés,,"1,55 €",(31 € / Kg),
Almeida & Filhos Chouriço Mouro da Beira Baixa Peso Aproximado por unidade 250 g,Almeida & Filhos,,"3,25 €","(12,99 € / Kg)",
Pato Real Minuto Arroz de Bacalhau embalagem 300 g,Pato Real Minuto,,"6,19 €","(20,63 € / Kg)",
El Corte Inglés Bio Doce de Pêssego Biológico frasco 350 g,El Corte Inglés Bio,,"2,75 €","(7,86 € / Kg)",
Cadão Azeite Virgem Extra Douro garrafa 500 ml,Cadão,,"8,85 €","(17,70 € / Litro)",
Vitamont Sumo de Laranja Biológico embalagem 20 ml,Vitamont,,"1,49 €","(7,45 € / Litro)",
Nescafé Dolce Gusto Café Buondi Pack 3 embalagem 48 cápsulas,Nescafé Dolce Gusto,,"14,89 €","(0,31 € / Unidade)",
Vista Alegre Vinho do Porto LBV garrafa 75 cl,Vista Alegre,,"10,95 €","(14,60 € / Litro)",
El Corte Inglés Pastilhas de Morango sem Açúcar embalagem 45 g,El Corte Inglés,,"0,80 €","(17,78 € / Kg)",
Nutribén Vitela com Legumes 4 Meses frasco 120 g,Nutribén,,"1,19 €","(9,92 € / Kg)",
H&S Condicionador Hidratante para Cabelos e Couro Cabeludo Secos embalagem 220 ml,H&S,,"4,94 €","(22,45 € / Litro)",
Engenho Novo Poncha da Madeira Tradicional garrafa 70 cl,Engenho Novo,,"10,99 €","(15,70 € / Litro)",
Belfine Chupa de Chocolate de Pinguim Charles embalagem 35 g,Belfine,,"2,29 €","(65,43 € / Kg)",
Miss Organic Infusão Ar Puro Vias Respiratórias Biológica embalagem 10 unidades,Miss Organic,,"1,99 €","(0,20 € / Unidade)",
Compal Clássico Néctar de Alperce Pack 3 embalagem 20 cl,Compal Clássico,,"1,49 €","(2,48 € / Litro)",
Nivea Men Cool Kick Desodorizante Fresh Roll-On embalagem 50 ml,Nivea Men Cool Kick,,"3,99 €","(79,80 € / Litro)",
San Pellegrino Água com Gás garrafa 50 cl,San Pellegrino,,"1,29 €","(2,58 € / Litro)",
El Corte Inglés Mini Empadas de Atum embalagem 450 g,El Corte Inglés,,"1,99 €","(4,42 € / Kg)",
Vileda Universal Luvas Multiusos Pequenas/Médias embalagem 1 par,Vileda Universal,,"1,99 €","(1,49 € / Unidade)","1,99 €"
Ultra Suave Champô Hidratante de Água de Coco embalagem 400 ml,Ultra Suave,,"5,59 €","(13,98 € / Litro)",
Bimbo Pão Fatiado Estilo Artesanal embalagem 550 g,Bimbo,,"1,99 €","(3,62 € / Kg)",
Royal Fermento 5 Saquetas sem Glúten embalagem 80 g,Royal,,"1,69 €","(21,12 € / Kg)",
Old El Paso Sliced Jalapenos frasco 215 g,Old El Paso,,"4,58 €","(21,30 € / Kg)",
Primor Manteiga Light sem Lactose embalagem 125 g,Primor,,"1,99 €","(15,92 € / Kg)",
Excellence Coloração Nudes sem Amoníaco Louro Escuro Universal 6 U embalagem 1 unidade,Excellence,,"12,99 €","(12,99 € / Unidade)",
Ultra Suave Amaciador sem Enxaguar Delicado embalagem 200 ml,Ultra Suave,,"5,99 €","(29,95 € / Litro)",
Oral-B Kids Escova de Dentes 3 a 5 Anos Princesas embalagem 1 unidade,Oral-B Kids,,"2,89 €","(2,89 € / Unidade)",
Tulicreme Creme de Barrar de Cacau embalagem 200 g,Tulicreme,,"2,99 €","(14,95 € / Kg)",
Monte da Soberana Vinho de Setúbal Tinto garrafa 75 cl,Monte da Soberana,,"3,49 €","(4,65 € / Litro)",
Cadbury Chocolate Meia de Natal embalagem 179 g,Cadbury,,"6,45 €","(36,03 € / Kg)",
El Corte Inglés Caldo de Cozido Líquido embalagem 1 L,El Corte Inglés,,"1,09 €","(1,09 € / Litro)",
Kilom Pernas de Frango Familiar Peso Aproximado por cuvete 900 g,Kilom,,"4,46 €","(4,95 € / Kg)",
Bicentury Mini Tortilhas de Milho Pop Corn embalagem 70 g,Bicentury,,"1,69 €","(24,14 € / Kg)",
Casa Burmester Vinho Tinto do Douro Reserva garrafa 75 cl,Casa Burmester,,"13,99 €","(18,65 € / Litro)",
Toblerone Chocolate Preto embalagem 100 g,Toblerone,,"2,49 €","(24,90 € / Kg)",
Nutrégi Iogurte Líquido Polpa de Morango e Cereais 0% Gordura e Açúcar Pack 4 embalagem 170 g,Nutrégi,,"3,19 €","(3,75 € / Kg)","3,19 €"
El Corte Inglés Doce de Abóbora frasco 410 g,El Corte Inglés,,"2,99 €","(7,29 € / Kg)",
Lipton Ice Tea Limão lata 25 cl,Lipton Ice Tea,,"0,89 €","(3,56 € / Litro)",
Nivea Invisible Desodorizante Black & White Silky Smooth Spray embalagem 150 ml,Nivea Invisible,,"4,69 €","(31,27 € / Litro)",
Valfrutta Feijão Branco ao Vapor Pack 3 lata 150 g,Valfrutta,,"2,99 €","(19,93 € / Kg)",
Valfrutta Lentilhas ao Vapor Pack 3 lata 150 g,Valfrutta,,"3,19 €","(21,27 € / Kg)",
Três Bagos Pack 2 Vinhos Branco + Tinto do Douro 00075 cl,Três Bagos,,"17,99 €","(11,99 € / Litro)",
Quanta Terra Vinho do Douro Phenomen Rosé garrafa 75 cl,Quanta Terra,,"26,50 €","(35,33 € / Litro)",
Donnhoff Vinho Branco da Alemanha Riesling Trocken garrafa 75 cl,Donnhoff,,"16,45 €","(21,93 € / Litro)",
H&S Shampoo de Mentol Fresh embalagem 300 ml,H&S,,"4,49 €","(14,97 € / Litro)",
Just For Men Óleo para a Barba embalagem 30 ml,Just For Men,,"11,89 €","(383,55 € / Litro)",
Quinta D' Avó Tempero para Febras frasco 200 g,Quinta D' Avó,,"1,89 €","(9,45 € / Kg)",
Sugus Caramelos de Morango embalagem 45 g,Sugus,,"1,05 €","(23,33 € / Kg)",
Mestemacher Pão Proteínas embalagem 250 g,Mestemacher,,"2,39 €","(9,56 € / Kg)",
Paysan Breton Queijo Emmental Bloco Peso Aproximado 3 kg,Paysan Breton,,"14,29 €/kg",,
Nivea Q10 Plus Creme Anti-Rugas Light de Dia embalagem 50 ml,Nivea Q10 Plus,,"15,99 €","(223,80 € / Litro)","15,99 €"
Elpozo 1954 Fiambre da Perna em Fatias Finas sem Lactose e sem Glúten embalagem 120 g,Elpozo 1954,,"2,99 €","(24,92 € / Kg)",
Provamel Creme de Soja para Cozinhar Biológico embalagem 250 ml,Provamel,,"1,89 €","(7,56 € / Litro)",
El Corte Inglés Leite Magro Desnatado Cálcio embalagem 1 L,El Corte Inglés,,"1,09 €","(1,09 € / Litro)",
Carmencita Adoçante Stevia Cristalizada embalagem 315 g,Carmencita,,"5,79 €","(18,38 € / Kg)",
Starbucks Café Expresso Breakfast embalagem 10 cápsulas,Starbucks,,"4,49 €","(0,45 € / Unidade)",
Letra Cerveja Artesanal Grape Ale garrafa 33 cl,Letra,,"3,29 €","(9,97 € / Litro)",
Powerade Bebida Isotónica garrafa 50 cl,Powerade,,"1,49 €","(2,98 € / Litro)",
Delaviuda Bombons de Chocolate de Leite embalagem 150 g,Delaviuda,,"3,19 €","(21,27 € / Kg)",
Cadbury Chocolates Mini Snow Balls embalagem 80 g,Cadbury,,"2,35 €","(29,38 € / Kg)",
Glade Ambientador Automatic Baunilha recarga 269 ml,Glade,,"5,99 €","(22,27 € / Litro)",
Nobre Almôndegas lata 420 g,Nobre,,"3,65 €","(5,98 € / Kg)","3,65 €"
Nivea Men Hyaluron Creme de Olhos Anti-Idade embalagem 15 ml,Nivea Men Hyaluron,,"12,99 €",(866 € / Litro),
Rexona Men Invisible Desodorizante Spray embalagem 150 ml,Rexona Men Invisible,,"4,49 €","(29,93 € / Litro)",
Oliveira da Serra Azeite Virgem Extra Q.B. em Spray embalagem 200 ml,Oliveira da Serra,,"2,82 €","(14,10 € / Litro)",
Valformoso Queijo Mozzarella Ralado embalagem 150 g,Valformoso,,"1,49 €","(9,93 € / Kg)",
Triunfo Seleção Palmiers Finos e Crocantes embalagem 100 g,Triunfo Seleção,,"1,49 €","(14,90 € / Kg)",
Delicatalia Barra de Cereais e Fruta Variada Biológica embalagem 50 g,Delicatalia,,"1,79 €","(35,80 € / Kg)",
Mix de Passas e Amendoas embalagem 150 g,,,"3,99 €","(26,60 € / Kg)",
Delaviuda Torrão Duro embalagem 250 g,Delaviuda,,"6,39 €","(25,56 € / Kg)",
Almagrande Vinho Tinto do Douro Touriga Nacional garrafa 75 cl,Almagrande,,"7,99 €","(10,65 € / Litro)",
Alheira de Caça com Puré de Maçã 1 unidade,,,"11,50 €",,
Tangente Vinho Tinto do Alentejo garrafa 75 cl,Tangente,,"8,99 €","(11,99 € / Litro)",
Feletti Bombons Sortidos de Chocolate Roma lata 200 g,Feletti,,"15,49 €","(77,45 € / Kg)",
Jacquot Calendário de Natal com Chocolates de Leite embalagem 75 g,Jacquot,,"1,24 €","(16,53 € / Kg)",
Heno de Pravia Desodorizante Spray embalagem 200 ml,Heno de Pravia,,"5,45 €","(2,72 € / 10 ml.)",
Nobre Vegalia Salsichas de Tofu Vegetarianas lata 160 g,Nobre Vegalia,,"2,29 €","(11,81 € / Kg)","2,29 €"
Vidal Gomas Tubos e Tijolos com Açúcar embalagem 100 g,Vidal,,"1,39 €","(13,90 € / Kg)",
Lusiaves 4 Hambúrgueres de Peru cuvete 460 g,Lusiaves,,"3,49 €","(7,59 € / Kg)",
Iswari Matcha em Pó Biológico embalagem 70 g,Iswari,,"11,99 €","(171,29 € / Kg)",
"Pez Dispensador de rebuçados + 3 Recargas embalagem 25,5 g",Pez,,"2,29 €","(89,80 € / Kg)",
Argal Salada Russa com Atum Ligeira embalagem 240 g,Argal,,"2,39 €","(9,96 € / Kg)",
Ribeira Atum Posta em Óleo de Girassol sem Glúten lata 120 g,Ribeira,,"1,89 €","(15,75 € / Kg)",
Cantero de Letur Iogurte de Cabra de Baunilha com Manga Biológico Pack 2 frasco 125 g,Cantero de Letur,,"2,85 €","(11,40 € / Kg)",
Herdade Gâmbia Vinho Tinto de Setúbal garrafa 150 cl,Herdade Gâmbia,,"9,99 €","(6,66 € / Litro)",
Maçã Granny Smith Peso Aproximado por unidade 180 g,,,"2,49 €/kg",,
Dona Ermelinda Vinho Branco de Palmela garrafa 75 cl,Dona Ermelinda,,"5,29 €","(7,05 € / Litro)",
El Corte Inglés Bio Sobremesa de Arroz Chocolate Biológica sem Lactose sem Glúten Pack 2 embalagem 250 g,El Corte Inglés Bio,,"2,29 €","(7,56 € / Kg)","2,29 €"
Danone Activia Iogurte Líquido de Cereais Pack 4 embalagem 160 g,Danone Activia,,"1,99 €","(3,11 € / Kg)",
Bauducco Tostas Clássicas embalagem 142 g,Bauducco,,"1,19 €","(8,38 € / Kg)",
Segafredo Café Crema Ricca para Nespresso Torra Média Intensidade 11 embalagem 10 cápsulas,Segafredo,,"2,79 €","(0,28 € / Unidade)",
Bravo Esfregão Super Desengordurante 6 unidades,Bravo,,"1,19 €","(0,20 € / Unidade)",
Megasil Biscoitos de Canela embalagem 500 g,Megasil,,"5,25 €","(10,50 € / Kg)",
Echo Falls Vinho Branco E.U.A.Pinot Grigio garrafa 75 cl,Echo Falls,,"7,99 €","(10,65 € / Litro)",
Mother's Recipe Chutney Bhelpuri garrafa 370 g,Mother's Recipe,,"3,59 €","(9,70 € / Kg)",
Veuve Clicquot Champanhe Brut Yellow Label garrafa 75 cl,Veuve Clicquot,,"53,75 €","(71,67 € / Litro)",
Fonte Mourisca Queijo Flamengo de Vaca 1/4 unidade 330 g,Fonte Mourisca,,"4,69 €","(14,21 € / Kg)",
Grisbi Bolachas Recheadas com Creme de Avelã embalagem 150 g,Grisbi,,"2,79 €","(18,60 € / Kg)",
Terras de Mogadouro Vinho Branco De Trás-os-Montes garrafa 75 cl,Terras de Mogadouro,,"7,99 €","(7,99 € / Litro)","7,99 €"
Glint Iogurte com Pedaços de Framboesa Pack 2 frasco 125 g,Glint,,"1,99 €","(7,96 € / Kg)",
Jordans Country Crisp Cereais com Chocolate Preto embalagem 400 g,Jordans Country Crisp,,"3,89 €","(9,72 € / Kg)",
Nacional Cotovelinhos embalagem 500 g,Nacional,,"1,59 €","(3,18 € / Kg)",
Tropico Refrigerante Limonada sem Gás lata 33 cl,Tropico,,"0,72 €","(2,18 € / Litro)",
Aliada Azeite 1º garrafão 5 L,Aliada,,"18,65 €","(3,73 € / Litro)",
Alabastro Vinho Tinto do Alentejo garrafa 75 cl,Alabastro,,"4,69 €","(6,25 € / Litro)",
Président Leite de Cabra Meio Gordo embalagem 1 L,Président,,"2,44 €","(2,44 € / Litro)",
Body Natur Bandas de Cera Depilatória para Corpo Peles Normais e Secas com Chá Matcha embalagem 16 unidades,Body Natur,,"4,69 €","(0,22 € / Unidade)","4,69 €"
Nivea Protect e Bronze Exfoliante Anti Imperfeições embalagem 75 g,Nivea Protect e Bronze,,"7,49 €","(99,87 € / Kg)",
"La Vie de Château Queijo Emmental Peso Aproximado por unidade 1,8 kg",La Vie de Château,,"12,99 €/kg",,
Santini Gelado de Doce de Leite embalagem 500 g,Santini,,"14,95 €","(29,90 € / Kg)",
Eric Kayser Pão Mini Centeio embalagem 3 unidades,Eric Kayser,,"2,25 €","(0,75 € / Unidade)",
Intimy Be'Cup Copo Menstrual T1 embalagem 1 unidade,Intimy Be'Cup,,"22,39 €","(22,39 € / Unidade)",
"Atelier do Doce Chifon de Chocolate embalagem 1,800 g",Atelier do Doce,,"17,90 €","(17,90 € / Unidade)",
Pato Real Minuto Arroz de Coentros embalagem 260 g,Pato Real Minuto,,"3,29 €","(12,65 € / Kg)",
"Kellogg's Granola de Maçã, Framboesa e Ceoura sem Açúcar embalagem 300 g",Kellogg's,,"3,69 €","(12,30 € / Kg)",
El Pastor Queijo de Mistura Light Baixo em Sal unidade 90 g,El Pastor,,"1,49 €","(16,56 € / Kg)",
Quinta do Escudial Vinho Tinto do Dão Vinhas Velhas Reserva 2016 garrafa 75 cl,Quinta do Escudial,,"11,49 €","(15,32 € / Litro)",
Seia Queijo Amanteigado Peso Aproximado por unidade 1 kg,Seia,,"17,49 €/kg",,"17,49 €/kg"
Queijo Mozzarella Vaca Mini unidade 150 g,,,"2,49 €","(16,60 € / Kg)",
Xquise Chocolates em Pai Natal embalagem 95 g,Xquise,,"6,49 €","(68,32 € / Kg)",
Dez Prá Uma Strogonoff de Atum até 2 pessoas embalagem 500 g,Dez Prá Uma,,"11,50 €",(23 € / Kg),
El Corte Inglés Pipocas Doces para Micro-Ondas Pack 3 embalagem 300 g,El Corte Inglés,,"1,20 €",(4 € / Kg),
Aurora Madalenas de Chocolate embalagem 420 g,Aurora,,"2,49 €","(5,93 € / Kg)",
Pantene Repair Protect Champô embalagem 430 ml,Pantene Repair Protect,,"9,99 €","(17,42 € / Litro)","9,99 €"
Ehrmann Skyr Natural embalagem 150 g,Ehrmann,,"0,99 €","(6,60 € / Kg)",
Próvida Creme para Barrar de Amêndoa Biológico embalagem 230 g,Próvida,,"7,75 €","(33,70 € / Kg)",
Doravante Vinho Branco da Bairrada garrafa 75 cl,Doravante,,"12,99 €","(17,32 € / Litro)",
Milka Pai Natal de Chocolate embalagem 45 g,Milka,,"2,29 €","(50,89 € / Kg)",
Sanytol Tira-Nódoas Branqueador embalagem 450 g,Sanytol,,"8,99 €","(19,98 € / Kg)",
H&S Gel de Banho e Champô Sport com Essência de Sândalo embalagem 300 ml,H&S,,"6,99 €","(23,30 € / Litro)",
Abuelo Rum Añejo garrafa 70 cl,Abuelo,,"16,99 €","(24,27 € / Litro)",
Sidónio de Sousa Espumante da Bairrada Brut Nature garrafa 75 cl,Sidónio de Sousa,,"9,25 €","(12,33 € / Litro)",
"Cabriz Vinho Tinto do Dão Colheita Seleccionada garrafa 1,5 L",Cabriz,,"10,99 €","(7,33 € / Litro)",
La Trappe Cerveja da Holanda Dubbel garrafa 33 cl,La Trappe,,"3,19 €","(9,67 € / Litro)",
Johnson's Shampoo Camomila Refill embalagem 1 L,Johnson's,,"8,49 €","(8,49 € / Litro)",
Pescanova Postas de Pescada do Cabo para Cozer Nº 3 embalagem 600 g,Pescanova,,"8,49 €","(14,15 € / Kg)",
Pescanova Hambúrgueres de Vaca 4 Unidades sem Glúten embalagem 300 g,Pescanova,,"3,49 €","(11,63 € / Kg)",
Mercearia da Aldeia Queijo de Cabra com Azeitona Verde unidade 280 g,Mercearia da Aldeia,,"12,49 €","(0,04 € / Kg)",
"Hamburguesa Nostra Molho de Maionese, Abacate e Lima sem Glúten embalagem 200 ml",Hamburguesa Nostra,,"4,49 €","(22,45 € / Litro)",
Ti António Espetadas de Porco Peso Aproximado 800 g,Ti António,,"12,45 €/kg",,
"Healsi Água Natural ""Vidro"" garrafa 40 cl",Healsi,,"1,35 €","(3,38 € / Litro)",
Fapil Pano de Limpeza 1 unidade,Fapil,,"1,90 €","(1,90 € / Unidade)",
Gallo Condimento à Base de Azeite Virgem Extra e Aroma de Trufa garrafa 250 ml,Gallo,,"2,99 €","(11,96 € / Litro)",
Yang-Tse Pauzinhos de Madeira embalagem 8 unidades,Yang-Tse,,"1,29 €","(0,16 € / Unidade)",
Victorio & Lucchino Colónia Feminina Nº 5 Jasmim Exótico embalagem 150 ml,Victorio & Lucchino,,"11,49 €","(76,60 € / Litro)",
Duracell Plus Pilhas C LR14 / MN1400 +50% Extra Life embalagem 2 unidades,Duracell Plus,,"4,99 €","(2,50 € / Unidade)",
Pescarias do Algarve Paté de Marisco Pack 4 embalagem 88 g,Pescarias do Algarve,,"1,99 €","(90,45 € / Kg)",
Margão Ervas e Especiarias para Massas embalagem 8 g,Margão,,"1,49 €","(186,25 € / Kg)",
Ahmad Tea Chá Preto English Afternoon embalagem 20 unidades,Ahmad Tea,,"3,99 €","(0,20 € / Unidade)",
Gelita Folhas de Gelatina Branca Pack 12 embalagem 20 g,Gelita,,"2,19 €","(109,50 € / Kg)",
Tarte de Amêndoa unidade 850 g,,,"15,90 €","(15,90 € / Kg)",
Moltex Pure & Nature Fraldas 9-15 Kg Tamanho 4 Ecológicas embalagem 50 unidades,Moltex Pure & Nature,,"20,05 €","(0,40 € / Unidade)",
Fernão D Magalhães Vinho Branco do Douro Reserva garrafa 75 cl,Fernão D Magalhães,,"7,95 €","(10,60 € / Litro)",
El Corte Inglés Selection Bacon Ibérico em Fatias embalagem 170 g,El Corte Inglés Selection,,"2,15 €","(12,65 € / Kg)",
Haagen-Dazs Gelado de Macadâmia embalagem 460 ml,Haagen-Dazs,,"6,79 €","(14,76 € / Litro)",
Cantinho das Aromáticas Infusão de Erva-Príncipe Biológica embalagem 40 g,Cantinho das Aromáticas,,"4,55 €","(113,75 € / Kg)",
L' Arbre Vert Detergente para a Máquina da Roupa Peles Sensíveis Hipoalergénico Ecológico embalagem 22 cápsulas,L' Arbre Vert,,"11,05 €","(0,50 € / Dose)",
Corralejo Tequila Reposado garrafa 70 cl,Corralejo,,"39,90 €",(57 € / Litro),
Steripan Pedra Pomes embalagem 1 unidade,Steripan,,"2,75 €","(2,75 € / Unidade)",
Ausonia Discreet Pensos Normal embalagem 24 unidades,Ausonia Discreet,,"6,25 €","(0,26 € / Unidade)",
Dietisa Tisana Planta de Tília embalagem 40 g,Dietisa,,"2,49 €","(62,25 € / Kg)",
Margão Hortelã Menta frasco 9 g,Margão,,"2,39 €","(265,56 € / Kg)",
El Corte Inglés Gel Sanitário 3 em 1 Pinho embalagem 1 L,El Corte Inglés,,"1,09 €","(1,09 € / Litro)",
Le Conserve Della Nonna Molho Bolonhesa Biológico embalagem 350 g,Le Conserve Della Nonna,,"3,85 €",(11 € / Kg),
Renova Skin Care Papel Higiénico embalagem 12 unidades,Renova Skin Care,,"9,98 €","(0,42 € / Unidade)","9,98 €"
LattEmilia Manteiga sem Lactose embalagem 125 g,LattEmilia,,"2,99 €","(23,92 € / Kg)",
Renova Guardanapos Tipo E Amarelo 70 unidades,Renova,,"0,79 €","(0,01 € / Unidade)",
Serramel Mel de Portugal com Doseador frasco 500 g,Serramel,,"6,85 €","(13,70 € / Kg)",
Santiago Queijo Fresco Light para Barrar embalagem 150 g,Santiago,,"1,59 €","(10,60 € / Kg)",
Dovo Ovo em Spray lata 300 g,Dovo,,"4,79 €","(15,97 € / Kg)",
Nescafé Caramel Latte 8 Unidades embalagem 136 g,Nescafé,,"3,19 €","(187,65 € / Kg)",
Ucal São Lourenço Leite Galão embalagem 1 L,Ucal São Lourenço,,"1,84 €","(1,84 € / Litro)",
Gillette Blue 3 Sensitive Máquinas Descartáveis para Pele Sensível Pack 4 + 1 Grátis embalagem 5 unidades,Gillette Blue 3 Sensitive,,"5,79 €","(1,16 € / Unidade)",
Brasmar Folhado de Frango e Legumes embalagem 550 g,Brasmar,,"5,19 €","(9,44 € / Kg)",
El Corte Inglés Lixívia com Detergente embalagem 2 L,El Corte Inglés,,"0,65 €","(0,32 € / Litro)",
Havana Club Rum Anejo Especial garrafa 70 cl,Havana Club,,"21,49 €","(30,70 € / Litro)",
Protex Desodorizante para os Pés em Creme embalagem 100 ml,Protex,,"4,75 €","(47,50 € / Litro)",
Men Expert Thermic Resist Desodorizante Spray embalagem 200 unidade,Men Expert Thermic Resist,,"3,99 €","(19,95 € / Litro)",
Bonduelle Lentilhas Cozidas Pack 3 lata 200 g,Bonduelle,,"3,69 €","(6,15 € / Kg)",
Queijada de Laranja e Manga unidade 85 g,,,"1,15 €","(13,53 € / Kg)",
Oboé Vinho Tinto do Douro Vinha da Parcela Magnum garrafa 3 L,Oboé,,"99,89 €","(33,30 € / Litro)",
Decisão Vinho Branco do Douro Távora Varosa Reserva garrafa 75 cl,Decisão,,"6,15 €","(8,20 € / Litro)",
Glade Ambientador Mikado Aromaterapia Moment of Zen Lavanda+Sandalwood embalagem 80 ml,Glade,,"13,99 €","(174,88 € / Litro)",
Axe Anarchy Desodorizante For Him Spray embalagem 150 ml,Axe Anarchy,,"3,59 €","(23,93 € / Litro)",
"Quinta do Pessegueiro Vinho Tinto do Douro DOC Aluzé garrafa 1,5 L",Quinta do Pessegueiro,,"23,95 €","(15,97 € / Litro)",
Sonasol Detergente Líquido para o Chão Rosas embalagem 1300 ml,Sonasol,,"1,94 €","(1,49 € / Litro)",
Nestlé Maggi Sopa de Tomate embalagem 82 g,Nestlé Maggi,,"1,49 €","(18,17 € / Kg)",
Clásica Erva Mate Campesino embalagem 500 g,Clásica,,"3,85 €","(7,70 € / Kg)",
Natursoy Salsichas Frankfurt de Soja Vegan embalagem 280 g,Natursoy,,"5,50 €","(19,64 € / Kg)",
Henri Dosnon Champagne Brut Nature garrafa 75 cl,Henri Dosnon,,"49,50 €",(66 € / Litro),
Pantene Hair Biology Champô Volume e Brilho embalagem 250 ml,Pantene Hair Biology,,"4,99 €","(19,96 € / Litro)",
Lipton Ice Tea de Pêssego Pack 3 embalagem 20 cl,Lipton Ice Tea,,"1,99 €","(3,32 € / Litro)",
Casa do Porco Preto Tábua Mista de Barrancos Fatiado à Mão unidade 150 g,Casa do Porco Preto,,"9,95 €","(66,33 € / Kg)",
Ceres 100% Sumo Sabores de Verão sem Açúcar embalagem 1 L,Ceres,,"2,55 €","(2,55 € / Litro)",
"Fastio Água sem Gás Pack 4 garrafa 1,5 L",Fastio,,"2,49 €","(1,66 € / Litro)",
Vieira Cream Cracker com Pimenta Preta embalagem 200 g,Vieira,,"1,59 €","(7,95 € / Kg)",
Quinta de Foz de Arouce Vinho Tinto das Beiras garrafa 75 cl,Quinta de Foz de Arouce,,"19,95 €","(26,60 € / Litro)",
Obento Molho Ponzu frasco 250 ml,Obento,,"5,49 €","(21,96 € / Litro)",
Nestlé Júnior Leite de Crescimento 1+ embalagem 1 L,Nestlé Júnior,,"2,25 €","(2,25 € / Litro)",
El Corte Inglés Esfregão Fibra Branco de Casa de Banho embalagem 1 unidade,El Corte Inglés,,"1,10 €","(1,10 € / Unidade)",
La Rosa Cerveja Artesanal Stout garrafa 33 cl,La Rosa,,"3,99 €","(12,09 € / Litro)",
Veckia Máquinas Descartáveis embalagem 5 unidades,Veckia,,1 €,"(0,20 € / Unidade)",
Gliss Oil Nutritive Máscara Capilar para Cabelo com Pontas Espigadas embalagem 200 ml,Gliss Oil Nutritive,,"7,99 €","(39,95 € / Litro)",
Kellogg's Chocos Barra de Cereais embalagem 120 g,Kellogg's Chocos,,"2,79 €","(23,25 € / Kg)",
Miolo de Noz Granel Biológico,,,"22,95 €/kg",,
Tena Fraldas para Adultos com Incontinência ProSkin Slip Plus Tamanho L embalagem 20 unidades,Tena,,"13,99 €","(0,70 € / Unidade)",
Nestlé Nestum Cereais com Aveia e Morango embalagem 250 g,Nestlé Nestum,,"2,49 €","(9,96 € / Kg)",
La Carloteña Frango Recheado com Nozes e Gorgonzola unidade 600 g,La Carloteña,,"11,75 €","(19,58 € / Kg)",
Aquafresh Paste de Dentes de Leite embalagem 50 ml,Aquafresh,,"2,89 €","(57,80 € / Litro)",
Ambi Pur 3 Volution Ambientador Eléctrico Essência de Baunilha Recarga embalagem 21 ml,Ambi Pur 3 Volution,,"6,99 €","(332,86 € / Litro)",
Encostas do Trogão Vinho Tinto de Trás-os-Montes garrafa 75 cl,Encostas do Trogão,,"4,99 €","(6,65 € / Litro)",
Lactiser Queijo de Ovelha Curado Barrado unidade 500 g,Lactiser,,"9,75 €","(19,50 € / Kg)",
El Corte Inglés Selection Torrão de Gema Queimada embalagem 250 g,El Corte Inglés Selection,,"2,89 €","(11,56 € / Kg)",
Sanduíche de Gambas embalagem 157 g,,,"2,45 €","(15,61 € / Kg)",
Sonasol Detergente Lava Tudo Amoniacal embalagem 4 L,Sonasol,,"8,99 €","(2,25 € / Litro)",
L'or Espresso Café Ristretto para Nespresso Intensidade 11 embalagem 10 cápsulas,L'or Espresso,,"4,29 €","(0,43 € / Unidade)",
La Carloteña Frango Recheado com Pistachio e Trufa unidade 300 g,La Carloteña,,"6,49 €","(21,63 € / Kg)",
Smileat Fruta em Boião Pêssego e Framboesa Bio embalagem 130 g,Smileat,,"1,69 €",(13 € / Kg),
Minhofumeiro Alheira de Galo unidade 180 g,Minhofumeiro,,"3,09 €","(17,17 € / Kg)",
Fiel Tamarindo embalagem 400 g,Fiel,,4 €,"(9,99 € / Kg)",
Nah Eat Water Slim Pasta Penne sem Glúten Vegan embalagem 200 g,Nah Eat Water,,"2,89 €","(14,45 € / Kg)",
Burro de Sancho Cerveja de Espanha Artesanal Aromatizada com Vodka e Lima garrafa 33 cl,Burro de Sancho,,"1,39 €","(4,21 € / Litro)",
Luso Água Mineral sem Gás Pack 6 garrafa 50 cl,Luso,,"2,75 €","(5,50 € / Litro)",
Blue Dragon Molho Sweet Chilli embalagem 190 ml,Blue Dragon,,"3,35 €","(17,63 € / Litro)",
Izidoro Almôndegas de Bovino Light embalagem 350 g,Izidoro,,"4,49 €","(12,83 € / Kg)",
Castagno Esparguete Biológico embalagem 500 g,Castagno,,"1,79 €","(3,58 € / Kg)",
Compal da Horta Feijão Manteiga lata 845 g,Compal da Horta,,"1,89 €","(2,24 € / Kg)",
Próvida Puré de Fruta Maçã Biológico Pack 2 embalagem 100 g,Próvida,,"1,99 €","(19,90 € / Kg)",
Moaçor Bolachas Maria dos Açores Pack 4 embalagem 150 g,Moaçor,,"2,85 €",(19 € / Kg),
Bísaro Alheira de Porco unidade 180 g,Bísaro,,"2,19 €","(12,17 € / Kg)",
Babaria Gel Frio para Pernas Cansadas com Aloe Vera embalagem 150 ml,Babaria,,"3,85 €","(25,67 € / Litro)",
García Baquero Queijo Reserva Cunha unidade 200 g,García Baquero,,"4,39 €","(21,95 € / Kg)",
Pastoret Iogurte Artesanal com Pêssego e Maracujá embalagem 500 g,Pastoret,,"2,79 €","(5,58 € / Kg)",
Vaseline Gel de Banho Derma Care para Pele Normal a Seca embalagem 700 ml,Vaseline,,"5,99 €","(8,56 € / Litro)",
McCain Batatas Bravas em Cubos para Frigideira Vegan embalagem 750 g,McCain,,"2,59 €","(3,45 € / Kg)",
Healsi Água sem Gás garrafa 50 cl,Healsi,,"0,99 €","(1,98 € / Litro)",
Beyra Vinho Branco da Beira Interior Biológico garrafa 75 cl,Beyra,,"6,99 €","(9,32 € / Litro)",
Silvex Sacos do Lixo para Gato 10 unidades,Silvex,,"1,25 €","(0,21 € / Unidade)",
Adega do Passo Vinho Branco do Alentejo garrafa 75 cl,Adega do Passo,,"2,99 €","(3,99 € / Litro)",
Dez Prá Uma Caril de Grão para 2 pessoas embalagem 500 g,Dez Prá Uma,,"11,50 €",(23 € / Kg),
Pousio Azeite Virgem Extra Clássico garrafão 3 L,Pousio,,"18,45 €","(6,15 € / Litro)",
Vianeza Vida Boa Massa Concha com Spirulina sem Glúten embalagem 250 g,Vianeza Vida Boa,,"4,39 €","(17,56 € / Kg)",
"Oud Beersel Cerveja da Bélgica Oude Kriek Vieille garrafa 37,5 cl",Oud Beersel,,"7,49 €","(19,97 € / Litro)",
Dez Prá Uma Lulas Guisadas até 2 pessoas embalagem 500 g,Dez Prá Uma,,"15,75 €","(31,50 € / Kg)",
Queijo de Ovelha com Trufas em Porções ao peso 1 kg,,,"37,75 €/kg",,
Menodiciotto Gelado de Baunilha de Madagascar copo 500 ml,Menodiciotto,,"6,59 €","(13,18 € / Litro)",
Hengstenberg Pepino em Vinagre para Hambúrguer frasco 330 g,Hengstenberg,,"3,49 €","(10,58 € / Kg)",
Zaini Ovo de Chocolate de Leite Barbie Sortido embalagem 20 g,Zaini,,"1,29 €","(64,50 € / Kg)",
Espinheira Licor de Ginja com Fruto garrafa 70 cl,Espinheira,,"10,45 €","(14,93 € / Litro)",
Koala Jaca em Calda lata 565 g,Koala,,"2,79 €","(4,94 € / Kg)",
Próvida Farinha de Castanha Biológica embalagem 250 g,Próvida,,"6,49 €","(22,60 € / Kg)","6,49 €"
Dez Prá Uma Empada de Frango no Forno para 4 pessoas embalagem 650 g,Dez Prá Uma,,15 €,"(23,08 € / Kg)",
Nestlé Leite Condensado Tradicional lata 370 g,Nestlé,,"1,99 €","(5,38 € / Kg)",
El Corte Inglés Selection Queijo de Espanha Semi Curado com Leite Pasteurizado embalagem 250 g,El Corte Inglés Selection,,"4,29 €","(17,16 € / Kg)",
Empada de Galinha unidade 95 g,,,"1,50 €","(1,50 € / Unidade)",
Obento Molho Mirin frasco 250 ml,Obento,,"4,95 €","(19,80 € / Litro)",
Knorr Canja de Galinha 4 porções embalagem 68 g,Knorr,,"1,49 €","(21,91 € / Kg)",
Borges Vinho do Porto Tawny Reserva + 1 Copo garrafa 75 cl,Borges,,"13,49 €","(17,99 € / Litro)",
Ambi Pur Car Ambientador Brisa de Flores 2 ml,Ambi Pur Car,,"3,49 €",(1.745 € / Litro),
Casa Tarradellas Massa para Pizza 5 Sementes e Cereais embalagem 260 g,Casa Tarradellas,,"1,52 €","(5,85 € / Kg)",
Garcia Tarteletes de Nata sem Glúten e sem Lactose Pack 2 embalagem 85 g,Garcia,,"3,89 €","(22,88 € / Kg)",
Bicentury Sarialis Barras de Cereais com Chocolate Branco embalagem 120 g,Bicentury Sarialis,,"3,19 €","(26,58 € / Kg)",
Vaseline Geleia Hidratante de Cacau embalagem 100 ml,Vaseline,,"2,99 €","(29,90 € / Litro)",
Martiko Bloc de Fígado de Ganso unidade 130 g,Martiko,,"15,99 €",(123 € / Kg),
Vieira de Sousa Vinho do Porto Branco 10 Anos garrafa 50 cl,Vieira de Sousa,,"20,50 €",(41 € / Litro),
QMF Espumante Baga Mata Fidalga garrafa 75 cl,QMF,,"11,59 €","(15,45 € / Litro)",
Zundert Cerveja da Holanda Trappist 10º garrafa 33 cl,Zundert,,"4,39 €","(13,30 € / Litro)",
Babaria Leite para o Corpo Vitamina C+ embalagem 500 ml,Babaria,,"4,09 €","(5,98 € / Litro)","4,09 €"
Delfin Lavagante Americano Cru embalagem 350 g,Delfin,,"21,49 €","(61,40 € / Kg)",
Collonil Mobil Esponja Autobrilhante Incolor 1 unidade,Collonil Mobil,,"3,39 €","(3,39 € / Unidade)",
Murganheira Espumante Extreme Pinot Blanc Bruto garrafa 75 cl,Murganheira,,"30,59 €","(40,79 € / Litro)",
Quinta do Portal Vinho Branco do Douro Reserva garrafa 75 cl,Quinta do Portal,,"27,50 €","(36,67 € / Litro)",
Twinings Chá Verde de Jasmim embalagem 25 unidades,Twinings,,"3,99 €","(0,16 € / Unidade)",
García Baquero Queijo Terno em Fatias unidade 68 g,García Baquero,,1 €,"(14,71 € / Kg)",
Longa Vida Iogurte com Aroma a Coco Pack 4 embalagem 480 g,Longa Vida,,"1,68 €","(3,50 € / Kg)",
Du Bois de La Roche Boudoirs Biscoitos com Ovos embalagem 200 g,Du Bois de La Roche,,"2,39 €","(11,95 € / Kg)",
Tsingtao Cerveja da China Lager garrafa 33 cl,Tsingtao,,"1,19 €","(3,61 € / Litro)",
Paiva Queijo Fresco Light -60% Gordura Pack 2 embalagem 125 g,Paiva,,"1,69 €","(13,52 € / Kg)",
Dan Cake Bolachas de Manteiga Sortidas lata 454 g,Dan Cake,,"7,49 €","(16,50 € / Kg)",
Vieira Bolachas de Água e Sal Integral Pack 12 embalagem 186 g,Vieira,,"3,59 €","(19,30 € / Kg)",
Cuétara Bolachas Maria embalagem 200 g,Cuétara,,"0,85 €","(4,25 € / Kg)",
Biedermann Cocogurte de Baunilha Vegan Biológico embalagem 150 g,Biedermann,,"2,09 €","(13,93 € / Kg)",
"Compal Família Néctar Laranja e Tangerina garrafa 1,25 L",Compal Família,,"1,59 €","(1,27 € / Litro)",
Desidrata Pera Rocha Desidratada sem Glúten Biológica embalagem 50 g,Desidrata,,"2,79 €","(55,80 € / Kg)",
Nivea Q10 Plus Creme Anti-Rugas de Dia FP 30 embalagem 50 ml,Nivea Q10 Plus,,"15,99 €","(223,80 € / Litro)","15,99 €"
Halls Vita-C Rebuçados de Morango sem Açúcar embalagem 32 g,Halls Vita-C,,"1,09 €","(34,06 € / Kg)",
El Corte Inglés Alhos Condimentados frasco 250 g,El Corte Inglés,,"1,79 €","(7,16 € / Kg)",
Perrier Água com Gás com Sabor a Limão garrafa 1 L,Perrier,,"3,29 €","(3,29 € / Litro)",
Oral-B 3D White Escova de Dentes a Pilhas Recarga embalagem 2 unidades,Oral-B 3D White,,"14,99 €","(7,50 € / Unidade)",
Nivea Protect e Bronze Sabonete Strawberry & Milk embalagem 90 g,Nivea Protect e Bronze,,"1,19 €","(13,22 € / Kg)",
"Tia Amélia Queijo Curado de Cabra Biológico Peso Aproximado 2,4 kg",Tia Amélia,,"21,99 €/kg",,
Grafic Gel de Fixação Forte embalagem 200 ml,Grafic,,"4,99 €","(24,95 € / Litro)",
Nolita Granola Chocky Bio embalagem 420 g,Nolita,,"6,99 €","(16,64 € / Kg)",
El Almendro Torrões Sortidos embalagem 400 g,El Almendro,,"9,49 €","(23,72 € / Kg)",
Durex Real Feel Preservativos embalagem 12 unidades,Durex Real Feel,,"12,99 €","(1,08 € / Unidade)",
Alpro Sobremesa de Soja com Baunilha Pack 4 embalagem 125 g,Alpro,,"2,89 €","(5,78 € / Kg)",
Morgado de Santa Catherina Vinho Branco da Estremadura Bucelas garrafa 75 cl,Morgado de Santa Catherina,,"15,99 €","(21,32 € / Litro)",
Aromas Premium Queijo de Ovelha Curado embalagem 200 g,Aromas Premium,,"7,49 €","(37,45 € / Kg)",
Prados de Melgaço Queijo de Cabra Curado unidade 120 g,Prados de Melgaço,,"3,79 €","(31,58 € / Kg)",
El Corte Inglés Torrão de Praliné de Três Chocolates embalagem 300 g,El Corte Inglés,,"3,29 €","(10,97 € / Kg)",
Cavicchioli Vinho Rosé de Itália Lambrusco garrafa 75 cl,Cavicchioli,,"3,99 €","(5,32 € / Litro)",
Citadelle Gin garrafa 70 cl,Citadelle,,"29,90 €","(42,71 € / Litro)",
El Corte Inglés Cocktail de Frutos Secos embalagem 250 g,El Corte Inglés,,"6,25 €",(25 € / Kg),
Appel Arenque em Molho de Pimenta lata 200 g,Appel,,"3,79 €","(18,95 € / Kg)",
Nescafé Galão Original Café Solúvel 8 Saquetas embalagem 144 g,Nescafé,,"2,99 €","(175,88 € / Kg)",
"Pacheca Vinho Tinto do Douro Superior garrafa 1,5 L",Pacheca,,"22,90 €","(15,27 € / Litro)",
El Corte Inglés Selection Sumo 100% de Laranja de Valencia com Polpa embalagem 1 L,El Corte Inglés Selection,,"2,09 €","(2,09 € / Litro)",
Silver Label Queijo Appenzeller kg,Silver Label,,"35,39 €/kg",,
Quinta de Azevedo Vinho Verde Branco Reserva garrafa 75 cl,Quinta de Azevedo,,"5,99 €","(7,99 € / Litro)",
Pasta dos Dentes Cuidado das Gengivas Periogard embalagem 75 ml,,,"5,59 €","(74,53 € / Litro)",
El Corte Inglés Pevides de Abóbora Torradas Ligeiramente Salgadas sem Glúten embalagem 150 g,El Corte Inglés,,"1,49 €","(9,93 € / Kg)",
Cantinho das Aromáticas Tisana Conspiração D´Ouro Biológica embalagem 40 g,Cantinho das Aromáticas,,"6,25 €","(156,25 € / Kg)",
Parmalat Nata para Culinária com 3 Pimentas embalagem 200 ml,Parmalat,,"1,27 €","(6,35 € / Litro)",
Segafredo Café em Grão Espresso Casa Intensidade 10 embalagem 500 g,Segafredo,,"4,59 €","(9,18 € / Kg)",
Quinta dos Abibes Vinho Branco da Bairrada garrafa 75 cl,Quinta dos Abibes,,"13,55 €","(18,07 € / Litro)",
Pantene Óleo Protector de Cabelo Óleo de Argão embalagem 100 ml,Pantene,,"9,99 €","(99,90 € / Litro)",
"L'Oréal Elvive Dream Long Creme de Pentear Stop Corte para Cabelo Comprido, Estragado embalagem 200 ml",L'Oréal,,"5,99 €","(29,95 € / Litro)",
Veet Minima Bandas de Cera Depilatória Corpo e Pernas embalagem 20 unidades,Veet Minima,,"9,99 €","(0,50 € / Unidade)",
Gallo Azeite Virgem Extra Colheita Madura garrafa 500 ml,Gallo,,"6,99 €","(13,98 € / Litro)",
Tortas de Azeitão Tortas de Azeitão embalagem 4 unidades,Tortas de Azeitão,,"6,99 €","(1,75 € / Unidade)",
Krishna Tikhi Sev embalagem 200 g,Krishna,,"1,85 €","(9,25 € / Kg)",
Sonatural Sumo de Frutos Vermelhos embalagem 750 ml,Sonatural,,"4,49 €","(5,99 € / Litro)",
Paladin Mostarda em Saquetas 18 unidades embalagem 5 g,Paladin,,"2,25 €",(25 € / Kg),
Cais da Ribeira Vinho Branco do Douro garrafa 75 cl,Cais da Ribeira,,"4,49 €","(5,99 € / Litro)",
Dodot Activity Fraldas 9 a 14 kg Tamanho 4 embalagem 58 unidades,Dodot Activity,,"15,74 €","(0,27 € / Unidade)",
O Gelado Gelado Pecan Praliné embalagem 460 ml,O Gelado,,"7,19 €","(15,63 € / Litro)",
Cabo de Peñas Atum Claro em Azeite Biológico embalagem 111 g,Cabo de Peñas,,"2,89 €","(26,04 € / Kg)",
Legado Ibérico Lote Presunto Ibérico em Fatias unidade 900 g,Legado Ibérico,,"59,95 €","(66,61 € / Kg)",
El Corte Inglés Selection Croissants de Manteiga 10 Unidades embalagem 300 g,El Corte Inglés Selection,,"1,85 €","(6,17 € / Kg)",
El Corte Inglés Queijo de Cabra Medalhão embalagem 100 g,El Corte Inglés,,"1,85 €","(18,50 € / Kg)",
Santa Catarina Atum em Óleo Posta lata 160 g,Santa Catarina,,"1,89 €","(11,81 € / Kg)",
Mestre Henriques Painho Ribatejano unidade 350 g,Mestre Henriques,,"5,99 €","(17,11 € / Kg)",
El Corte Inglés Roti de Frango Recheado com Queijo e Bacon Assado no Forno sem Glúten embalagem 300 g,El Corte Inglés,,"4,89 €","(16,30 € / Kg)",
Mackays Geleia de Groselha frasco 340 g,Mackays,,"3,79 €","(7,79 € / Kg)","3,79 €"
Glade Ambientador Spray Relax Zen Automatic embalagem 269 ml,Glade,,"5,99 €","(2,23 € / 10 ml.)",
Noglut Tostas Noglut de Coco sem Glúten embalagem 130 g,Noglut,,"2,95 €","(22,69 € / Kg)",
Warre's Warrior Vinho do Porto Finest Reserva garrafa 75 cl,Warre's Warrior,,"14,99 €","(19,99 € / Litro)",
OGX Condicionador Biotina e Colagénio embalagem 385 ml,OGX,,"7,99 €","(221,94 € / Litro)",
Herdade do Rocim Vinho Tinto do Alentejo Reserva garrafa 75 cl,Herdade do Rocim,,"14,19 €","(18,92 € / Litro)",
Herdade do Esporão Vinagre de Vinho Tinto garrafa 500 ml,Herdade do Esporão,,"3,99 €","(7,98 € / Litro)",
H&S Shampoo Classic embalagem 1000 ml,H&S,,"9,99 €","(9,99 € / Litro)",
Codyfer Atacador Preto Encerado 90 cm embalagem 1 unidade,Codyfer,,"2,15 €","(2,15 € / Unidade)",
La Cueva del Abuelo Queijo Manchego DOP 18 Meses Cru Peso Aproximado por unidade 3 kg,La Cueva del Abuelo,,"34,85 €/kg",,
"English Tea Shop Infusão de Rooibos, Açaí e Romã Biológica embalagem 30 g",English Tea Shop,,"3,99 €",(133 € / Kg),
Brewdog Cerveja Dead Pony Club garrafa 33 cl,Brewdog,,"2,85 €","(8,64 € / Litro)",
Fairy Detergente de Lavagem à Mão para Loiça Platinum Plus Limpeza Profunda embalagem 44 doses,Fairy,,"15,70 €","(0,25 € / Dose)","15,70 €"
BioBon Gomas de Frutos Vermelhos Biológicas embalagem 100 g,BioBon,,"2,19 €","(21,90 € / Kg)",
Scotch-Brite Pano Multiusos Amarelo 2 + 1 Grátis embalagem 3 unidades,Scotch-Brite,,"2,65 €","(0,88 € / Unidade)",
Corretora Filetes de Atum em Azeite Biológico frasco 250 g,Corretora,,"5,95 €","(23,80 € / Kg)",
Mimosa Cremoso Zero Iogurte Líquido de Morango 0% Açúcar Pack 4 embalagem 151 ml,Mimosa Cremoso Zero,,"2,79 €","(18,48 € / Litro)",
Fever-Tree Água Tónica Mediterranean garrafa 20 cl,Fever-Tree,,"1,55 €","(7,75 € / Litro)",
Primor Manteiga com Sal Marinho embalagem 125 g,Primor,,"1,99 €","(15,92 € / Kg)",
Old Jamaica Ginger Beer lata 33 cl,Old Jamaica,,"1,29 €","(3,91 € / Litro)",
Renova Black Papel Higiénico 2 unidades,Renova Black,,"3,38 €","(1,69 € / Unidade)",
Onassis Folhas de Videira Recheadas com Arroz lata 280 g,Onassis,,"3,39 €","(12,11 € / Kg)",
Bonne Maman Doce Extra de Alperce frasco 370 g,Bonne Maman,,"3,49 €","(9,43 € / Kg)",
Calvé Maionese Top Down Formato XXL embalagem 753 g,Calvé,,"3,55 €","(4,71 € / Kg)",
Codyfer Palmilhas Tamanho 41-42 1 par,Codyfer,,"11,75 €","(11,75 € / Unidade)",
Nature's Charm Calamari Vegan lata 425 g,Nature's Charm,,"4,99 €","(11,74 € / Kg)",
"Letra Cerveja Artesanal ""E"" Belgian Dark garrafa 33 cl",Letra,,"2,99 €","(9,06 € / Litro)",
Mutti Polpa de Tomate com Manjericão frasco 400 g,Mutti,,"2,26 €","(5,65 € / Kg)",
Finish Abrilhantador e Secagem para Máquina de Loiça embalagem 400 ml,Finish,,"7,99 €","(19,98 € / Litro)",
Prozis Gelado de Avelã embalagem 500 ml,Prozis,,"7,99 €","(15,98 € / Litro)",
El Corte Inglés Atum Claro em Azeite lata 180 g,El Corte Inglés,,"3,05 €","(16,94 € / Kg)",
Palmolive Naturals Gel de Banho Coco e Leite embalagem 500 ml,Palmolive Naturals,,"3,99 €","(7,98 € / Litro)",
Dez Prá Uma Croquetes de Carne 12 Unidades embalagem 450 g,Dez Prá Uma,,"13,20 €","(29,33 € / Kg)",
Lola Máscara Capilar Super Hidratante Dream embalagem 450 g,Lola,,"10,51 €","(23,36 € / Kg)",
Jordans Country Crisp Cereais com Frutos Secos embalagem 400 g,Jordans Country Crisp,,"3,89 €","(9,72 € / Kg)",
Dr.Organic Óleo com Argão Biológico embalagem 50 ml,Dr.Organic,,"13,64 €","(272,80 € / Litro)",
El Almendro Sortido de Torrões embalagem 225 g,El Almendro,,"4,35 €","(19,33 € / Kg)",
Sun Abrilhantador de Loiça Optimum embalagem 450 ml,Sun,,"6,99 €","(15,53 € / Litro)",
Folhado de Salsicha unidade 140 g,,,"0,99 €","(7,07 € / Kg)",
Frubis Maçã Verde embalagem 20 g,Frubis,,"0,89 €","(44,50 € / Kg)",
Persil Detergente para Máquina de Roupa Color Gel embalagem 50 doses,Persil,,"19,99 €","(0,40 € / Dose)",
El Corte Inglés Bio Noz Pecan Biológica embalagem 150 g,El Corte Inglés Bio,,"6,99 €","(46,60 € / Kg)",
Bahlsen Bolachas Zoo de Espelta e Aveia Leibniz embalagem 00125 g,Bahlsen,,"1,89 €","(12,72 € / Kg)","1,89 €"
Gillette Skinguard Sensitive Recargas Máquina de Barbear para Peles Sensíveis embalagem 4 unidades,Gillette Skinguard Sensitive,,"16,49 €","(4,12 € / Unidade)",
Panidor Carcaça Forno de Pedra unidade 70 g,Panidor,,"0,17 €","(2,70 € / Kg)",
Dettol Sabonete Camomila embalagem 250 ml,Dettol,,"3,99 €","(15,96 € / Litro)",
Pantene Champô Caracóis Perfeitos embalagem 360 ml,Pantene,,"4,99 €","(13,86 € / Litro)",
Martiko Foie Gras Inteiro de Pato Mi Cuit + Tostas com Passas embalagem 125 g,Martiko,,"25,99 €","(207,92 € / Kg)",
Toque Especial Especiaria Itália embalagem 43 g,Toque Especial,,"3,45 €","(80,23 € / Kg)",
Eurochocolate Bombons embalagem 1 kg,Eurochocolate,,"12,95 €","(12,95 € / Kg)",
Florette Frutos Secos embalagem 70 g,Florette,,"2,19 €","(31,29 € / Kg)",
Super Bock Stout Cerveja Preta Mini Pack 15 garrafa 20 cl,Super Bock Stout,,"7,99 €","(2,66 € / Litro)",
El Corte Inglés Salada Suprême embalagem 125 g,El Corte Inglés,,"1,99 €","(15,92 € / Kg)",
Quintal dos Açores Doce de Tomate frasco 250 g,Quintal dos Açores,,"2,79 €","(11,16 € / Kg)",
Warre's Vinho do Poto L.B.V. garrafa 75 cl,Warre's,,"20,95 €","(27,93 € / Litro)",
Iswari Açúcar de Coco Biológico embalagem 500 g,Iswari,,"6,99 €","(13,98 € / Kg)",
Gallo Arroz Rústico Trio Mix embalagem 500 g,Gallo,,"3,35 €","(6,70 € / Kg)",
Gigante Verde Milho Doce Pack 3 embalagem 160 g,Gigante Verde,,"3,35 €","(20,94 € / Kg)",
Lowenbrau Cerveja da Alemanha Oktoberfest garrafa 50 cl,Lowenbrau,,"2,69 €","(5,38 € / Litro)",
Bife da Pá Vitela Mirandesa DOP Peso Aproximado 200 g,,,"21,95 €/kg",,
Cuétara Oro Bolachas Maria Leve 4 Pague 3 embalagem 800 g,Cuétara Oro,,"2,99 €","(3,74 € / Kg)",
"Carm Vinho Tinto do Douro Magnum garrafa 1,5 L",Carm,,"21,49 €","(14,33 € / Litro)",
"Natura Quinoa, Lentilhas, Feijão Vermelho e Tofu ao Estilo Mexicano 2 porções embalagem 250 g",Natura,,"1,99 €","(7,96 € / Kg)",
Esporão Pack 2 Vinhos Tinto Colheita embalagem 75 cl,Esporão,,"19,98 €","(13,32 € / Litro)",
Menodiciotto Gelado Nocciolata copo 500 ml,Menodiciotto,,"6,59 €","(13,18 € / Litro)",
Dr.Organic Champô Super Hidratante Vitamina E Biológico embalagem 250 ml,Dr.Organic,,"9,44 €","(37,76 € / Litro)",
Fructis Pure Non Stop Condicionador Água de Coco para Cabelos com Raízes Oleosas e Pontas Secas embalagem 300 ml,Fructis Pure Non Stop,,"5,89 €","(19,63 € / Litro)",
Dermacotton Algodão Hidrófilo embalagem 100 unidades,Dermacotton,,"1,05 €","(0,01 € / Unidade)",
Sugapack Açúcar Mascavado Claro Biológico embalagem 500 g,Sugapack,,"2,89 €","(5,78 € / Kg)",
Biqueirão com Alho e Salsa,,,"41,99 €/kg",,
Minerva Atum em Posta com Óleo Vegetal lata 120 g,Minerva,,"1,99 €","(16,58 € / Kg)",
El Corte Inglés Preparado para Muffins com Pepitas de Chocolate embalagem 375 g,El Corte Inglés,,"2,99 €","(7,97 € / Kg)",
Babaria Desodorizante Roll On Skin Protect embalagem 50 ml,Babaria,,"2,19 €","(43,80 € / Litro)",
Dione Gelado de Pistacho embalagem 500 ml,Dione,,"6,49 €","(12,98 € / Litro)",
100% Titular Puré de Frutos Vermelhos sem Glúten embalagem 150 g,100% Titular,,"0,89 €","(5,93 € / Kg)",
Victorio & Lucchino Colónia Masculina Nº 3 Sedução Magnética embalagem 150 ml,Victorio & Lucchino,,"11,49 €","(76,60 € / Litro)",
"Kona Cerveja dos EUA Big Wave garrafa 35,5 cl",Kona,,"3,99 €","(11,24 € / Litro)",
Hermesetas Gold Adoçante embalagem 300 unidades,Hermesetas Gold,,"5,79 €","(0,02 € / Unidade)",
"Gullón Snack Vitalday Brownie Pack 5 embalagem 202,5 g",Gullón,,"2,95 €","(14,57 € / Kg)",
Special Line Edulcorante Líquido embalagem 125 ml,Special Line,,"1,65 €","(13,20 € / Litro)",
El Corte Inglés Atum Albacora em Azeite Pack 6 lata 360 g,El Corte Inglés,,"6,09 €","(16,92 € / Kg)",
Barilla Massa Spaghetti nº5 sem Glúten embalagem 400 g,Barilla,,"3,29 €","(8,22 € / Kg)",
El Corte Inglés Risotto de Cogumelos embalagem 300 g,El Corte Inglés,,"2,99 €","(7,47 € / Kg)","2,99 €"
Búfalo Cera Líquida Castanha para Madeira lata 500 ml,Búfalo,,"5,99 €","(11,98 € / Litro)",
Gresso Leite Magro embalagem 1 L,Gresso,,"0,89 €","(0,89 € / Litro)",
Margão Bio Manjericão Biológico frasco 11 g,Margão Bio,,"2,69 €","(244,55 € / Kg)",
Sensodyne Fita Dentária Gentle com Sabor a Menta embalagem 50 m,Sensodyne,,"3,49 €","(0,07 € / Metro)",
Renova Guardanapos Verde Pequenos 30 unidades,Renova,,"1,69 €","(0,06 € / Unidade)",
Veet Silk & Fresh Creme Depilatório para Peles Sensíveis embalagem 400 ml,Veet Silk & Fresh,,"16,99 €","(42,48 € / Litro)",
Cif Detergente Líquido para Chão de Madeira e Soalho Flutuante Pinho e Sândalo embalagem 1100 ml,Cif,,"3,99 €","(3,63 € / Litro)",
Blue Dragon Molho de Ostras e Cebolinho embalagem 120 g,Blue Dragon,,"1,95 €","(16,25 € / Kg)",
Mouton Cadet Vinho Tinto de França Saint-Émilon Reserva garrafa 75 cl,Mouton Cadet,,"19,99 €","(26,65 € / Litro)",
Carefree Cotton Protege-Slips Respirante embalagem 30 unidades,Carefree Cotton,,"2,49 €","(0,08 € / Unidade)",
Mimosa Bem Essencial Leite com Chocolate Pack 4 embalagem 200 ml,Mimosa Bem Essencial,,"1,99 €","(2,11 € / Litro)","1,99 €"
Nivea Men Invisible Desodorizante Black&White Ultimate Impact Roll-On embalagem 50 ml,Nivea Men Invisible,,"4,49 €","(89,80 € / Litro)",
El Corte Inglés Selection Camarões Cozidos Selvagens 20-25 Peças embalagem 750 g,El Corte Inglés Selection,,"22,99 €","(30,65 € / Kg)",
Monte Velho Vinho Tinto do Alentejo garrafa 75 cl,Monte Velho,,"5,59 €","(7,45 € / Litro)",
Heinz Ketchup frasco 342 g,Heinz,,"3,19 €","(5,99 € / Kg)","3,19 €"
"El Corte Inglés Refrigerante de Laranja sem Gás garrafa 1,5 L",El Corte Inglés,,"1,20 €",,
Tropical Bebida de Aloe Vera e Manga embalagem 500 ml,Tropical,,"1,79 €","(3,58 € / Litro)",
Boklunder Salsichas Bockwurst 10 Unidades frasco 680 g,Boklunder,,"5,99 €","(7,13 € / Kg)","5,99 €"
Huggies Little Swimmers Fraldas Fato de Banho 11 a 15 kg 11 unidades,Huggies Little Swimmers,,"8,49 €","(0,77 € / Unidade)",
Lacasa Chocolate Negro 92% de Cacau embalagem 100 g,Lacasa,,"2,09 €","(20,90 € / Kg)",
Cem Porcento Chá para Celulite embalagem 13 g,Cem Porcento,,"0,85 €","(65,38 € / Kg)",
"Conde de Vimioso Vinho Tinto do Tejo Colheita Seleccionada Magnum garrafa 1,5 L",Conde de Vimioso,,"10,99 €","(7,33 € / Litro)",
Montiqueijo Queijo Fresco Vaca Mis Anta embalagem 100 g,Montiqueijo,,"1,75 €","(17,50 € / Kg)",
Lien Ying Coco em Pó embalagem 50 g,Lien Ying,,"1,49 €","(29,80 € / Kg)",
Vasco da Gama Mexilhões de Caldeirada lata 118 g,Vasco da Gama,,"1,85 €","(15,68 € / Kg)",
Listerine Total Care Zero Elixir Oral Menta Suave embalagem 500 ml,Listerine Total Care Zero,,"6,49 €","(12,98 € / Litro)",
De Marchi Pão de Queijo embalagem 300 g,De Marchi,,"2,99 €","(9,97 € / Kg)",
Nivea Men Power Gel de Banho de Citrinos embalagem 500 ml,Nivea Men Power,,"6,99 €","(13,98 € / Litro)",
La Molisana Massa Penne Zitti Rigate embalagem 500 g,La Molisana,,"1,99 €","(3,98 € / Kg)",
El Corte Inglés Papel Higiénico Húmido embalagem 100 unidades,El Corte Inglés,,"1,55 €","(0,02 € / Unidade)",
The Good Baker Pizza Bolonhesa sem Carne embalagem 355 g,The Good Baker,,"5,69 €","(16,03 € / Kg)",
Vanish Oxi Advance Pink em Pó embalagem 800 g,Vanish,,"14,99 €","(18,74 € / Kg)",
Renova Super Papel Higiénico embalagem 48 unidades,Renova Super,,"14,65 €","(0,31 € / Unidade)",
José Posada Grelos ao Natural lata 200 g,José Posada,,"2,07 €","(9,94 € / Kg)","2,07 €"
Jordan Green Clean Pasta de Dentes embalagem 1 unidade,Jordan Green Clean,,"2,99 €","(2,99 € / Unidade)",
Président Queijo Brie,Président,,"15,59 €/kg",,
El Corte Inglés Selection Lingueirões ao Natural 6-8 Peças lata 63 g,El Corte Inglés Selection,,"7,29 €","(115,71 € / Kg)",
La Mia Grande Pizza 4 Queijo embalagem 400 g,La Mia Grande,,"6,89 €","(17,22 € / Kg)",
Compal Fresco Sumo Pêssego da Beira e Clementina do Algarve Fruta 100% Fresca embalagem 250 ml,Compal Fresco,,"1,89 €","(7,56 € / Litro)",
Casa Cadaval Vinho Regional Tejo Pinot Noir garrafa 75 cl,Casa Cadaval,,"13,49 €","(17,99 € / Litro)",
Schweppes Refrigerante de Limão Pack 6 unidades embalagem 20 cl,Schweppes,,"5,40 €","(4,50 € / Litro)",
Nescafé Gold Origins Café Solúvel Alta Rica Intenso frasco 100 g,Nescafé Gold Origins,,"6,39 €","(63,90 € / Kg)",
Body Natur Creme Hidratante para Pés embalagem 100 ml,Body Natur,,"3,65 €","(36,50 € / Litro)",
Maybelline Sensational Batom Nº 322 Wine Rush embalagem 1 unidade,Maybelline Sensational,,"10,99 €","(10,99 € / Unidade)",
Nutriva Bombom de Caramelo unidade 1300 g,Nutriva,,"14,95 €","(11,50 € / Kg)",
Casa de Saima Vinho Tinto da Bairrada Vinhas Velhas garrafa 75 cl,Casa de Saima,,"12,45 €","(16,60 € / Litro)",
Halls Vita-C Rebuçados de Melancia sem Açúcar embalagem 32 g,Halls Vita-C,,"1,09 €","(34,06 € / Kg)",
Quinta da Marinha Empadas de Pato 6 Unidades embalagem 480 g,Quinta da Marinha,,"6,39 €","(13,31 € / Kg)",
La Molisana Spaghetto Quadrato embalagem 500 g,La Molisana,,"1,99 €","(3,98 € / Kg)",
Colgate Total Pasta de Dentes Frescura Activa embalagem 75 ml,Colgate Total,,"3,99 €","(53,20 € / Litro)",
Companhia das Abóboras Doce de Abóbora com Noz frasco 300 g,Companhia das Abóboras,,"3,45 €","(11,50 € / Kg)",
Ursu Água Mineral Natural garrafa 50 cl,Ursu,,"0,43 €","(0,86 € / Litro)",
Steripan Compressas de Gaze Estéril 30 x 30 cm embalagem 10 unidades,Steripan,,"2,99 €","(0,30 € / Unidade)",
Valformoso Queijo Fresco para Barrar embalagem 200 g,Valformoso,,"1,39 €","(6,95 € / Kg)",
Excellence Creme Coloração Nº 5 Castanho Claro embalagem 1 unidade,Excellence Creme,,"11,99 €","(11,99 € / Unidade)",
Nau Cocktail de Marisco embalagem 227 g,Nau,,"4,39 €","(19,34 € / Kg)",
Silvex Sacos do Lixo Reciclados 50 L 15 unidades,Silvex,,"1,85 €","(0,15 € / Unidade)",
Búfalo Creme Autobrilhante com Aplicador para Calçado embalagem 50 ml,Búfalo,,"2,39 €","(47,80 € / Litro)",
"Abacaxi Avião Peso Aproximado por ao peso 1,4 kg",,,"5,89 €/kg",,
El Corte Inglés Molho de Queijo sem Glúten frasco 300 g,El Corte Inglés,,"2,49 €","(6,63 € / Kg)","2,49 €"
Mimosa Iogurte sem Lactose Multifrutos pack 120 g,Mimosa,,"2,69 €","(4,35 € / Kg)","2,69 €"
El Corte Inglés Torrão Trufado de Chocolate com Ginjas em Licor embalagem 250 g,El Corte Inglés,,"4,29 €","(21,45 € / Kg)",
Nestlé Cookie Crisp Cereais com Pepitas de Chocolate embalagem 375 g,Nestlé Cookie Crisp,,"3,89 €","(10,37 € / Kg)",
Freixenet Espumante Premium Cava Rosé garrafa 75 cl,Freixenet,,"6,99 €","(9,32 € / Litro)",
Control Nature Preservativos embalagem 12 unidades,Control Nature,,"7,99 €","(0,67 € / Unidade)",
La Antigua Queijo de Ovelha com Alecrim kg,La Antigua,,"23,99 €/kg",,
Vila Régia Vinho Tinto do Douro garrafa 75 cl,Vila Régia,,"2,99 €","(3,99 € / Litro)",
Agros Leite Meio Gordo embalagem 1 L,Agros,,"0,86 €","(0,86 € / Litro)",
Búfalo Express Esponja Autobrilhante Preto embalagem 1 unidade,Búfalo Express,,"5,09 €","(5,09 € / Unidade)",
Lusoforma Formas de Alumínio Médias Rectangulares Nº 7319B 5 unidades,Lusoforma,,"4,65 €","(0,93 € / Unidade)",
Cif Perfect Finish Limpa Inox Spray embalagem 435 ml,Cif Perfect Finish,,"4,99 €","(11,47 € / Litro)",
Dona Francisca Vinho Tinto do Douro garrafa 75 cl,Dona Francisca,,"18,90 €","(4,50 € / Litro)",
Ferrero Polenta Express embalagem 500 g,Ferrero,,"3,69 €","(7,38 € / Kg)",
Bicafé Biodegradável Café Descafeinado Intensidade 6 para Nespresso embalagem 10 cápsulas,Bicafé Biodegradável,,"2,49 €","(0,25 € / Unidade)",
Pão de Forma de Linhaça embalagem 400 g,,,"2,95 €","(0,14 € / Unidade)",
Manz Vinho Tinto de Lisboa Platónico garrafa 75 cl,Manz,,"6,99 €","(9,32 € / Litro)",
Lindor Fraldas para Adultos com Incontinência Tamanho Grande embalagem 14 unidades,Lindor,,"21,27 €","(1,06 € / Unidade)","21,27 €"
Lipton Ice Tea de Pêssego Zero Açúcar garrafa 1 L,Lipton Ice Tea,,"1,59 €","(1,59 € / Litro)",
Labeyrie Bloco de Foie Gras de Pato Mini 12 Unidades embalagem 90 g,Labeyrie,,"10,49 €","(116,56 € / Kg)",
Apis Creme para Barrar de Presunto Pack 2 embalagem 160 g,Apis,,"1,99 €","(12,44 € / Kg)",
Quinta do Monte Xisto Vinho Tinto do Douro Órbita garrafa 75 cl,Quinta do Monte Xisto,,"27,99 €","(37,32 € / Litro)",
Coslys Amaciador sem Sulfatos Extracto de Pessegueiro embalagem 240 ml,Coslys,,"11,90 €","(49,58 € / Litro)",
Cupper Infusão Depur embalagem 40 g,Cupper,,"3,99 €","(99,75 € / Kg)",
Pêra-Grave Vinho Tinto do Alentejo garrafa 75 cl,Pêra-Grave,,"12,45 €","(16,60 € / Litro)",
Cantorel Tábua de Queijos Selecção de França unidade 300 g,Cantorel,,"8,79 €","(29,30 € / Kg)",
Hidrângeas Vinho Tinto do Douro Reserva garrafa 75 cl,Hidrângeas,,"10,50 €",(14 € / Litro),
Cachopas Queijo Alentejano de Ovelha Pequeno unidade 90 g,Cachopas,,"2,35 €","(26,11 € / Kg)",
Gillette Blue 3 Máquinas Descartáveis Pack 4 + 1 Grátis embalagem 5 unidades,Gillette Blue 3,,"5,29 €","(1,06 € / Unidade)",
Cadbury Dairy Milk Chocolate de Leite embalagem 45 g,Cadbury Dairy Milk,,"1,19 €","(26,44 € / Kg)",
The Berry Company Sumo de Frutos Silvestres sem Açúcar embalagem 1 L,The Berry Company,,"2,99 €","(2,99 € / Litro)",
English Tea Shop Chá Prisma Verde Colecção Natal Biológico embalagem 12 unidades,English Tea Shop,,"8,99 €","(0,75 € / Unidade)",
Cem Porcento Sumo Natural de Maçã Biológico garrafa 1 L,Cem Porcento,,"2,65 €","(2,65 € / Litro)",
Damatta Presunto Fumado em Fatia Finas unidade 70 g,Damatta,,"2,85 €","(40,71 € / Kg)",
Pancrek Crackers de Pizza embalagem 250 g,Pancrek,,"2,69 €","(10,76 € / Kg)",
El Corte Inglés Selection Mel de Eucalipto embalagem 350 g,El Corte Inglés Selection,,"4,15 €","(11,86 € / Kg)",
Ponti Vinagre Balsâmico Biológico garrafa 500 ml,Ponti,,"4,79 €","(9,58 € / Litro)",
Gillette Fusion 5 Máquinas Recargas embalagem 11 unidades,Gillette Fusion 5,,"33,29 €","(3,03 € / Unidade)",
Monte da Peceguina Vinho Tinto do Alentejo garrafa 75 cl,Monte da Peceguina,,"12,90 €","(17,20 € / Litro)",
Hell Energy Bebida Energética Energy Coco lata 25 cl,Hell Energy,,"0,79 €","(3,16 € / Litro)",
Glamour Studio Escova Redonda embalagem 1 unidade,Glamour Studio,,"8,39 €","(8,39 € / Unidade)",
El Corte Inglés Selection Salmão Fumado em Fatias Pack 2 embalagem 50 g,El Corte Inglés Selection,,"6,59 €","(65,90 € / Kg)",
Green Vie Fatias com Sabor Gouda Vegan sem Lactose e sem Glúten embalagem 180 g,Green Vie,,"3,29 €","(18,28 € / Kg)",
Bacalhau Graudo Noruega peso aproximado ao peso 1 kg,,,"12,99 €/kg",,
Renova Green Rolo de Cozinha Gigante Ecológico embalagem 1 unidade,Renova Green,,"3,64 €","(3,25 € / Unidade)","3,64 €"
Condi Preparado para Bolo de Laranja embalagem 400 g,Condi,,"2,05 €","(5,12 € / Kg)",
Fruut Maçã com Canela Crocante sem Glúten embalagem 20 g,Fruut,,"0,99 €","(49,50 € / Kg)",
El Corte Inglés Vinagre de Jerez garrafa 250 ml,El Corte Inglés,,"3,45 €","(13,80 € / Litro)",
Colgate Max White Pasta de Dentes Ultimate embalagem 75 ml,Colgate Max White,,"14,99 €","(199,87 € / Litro)",
El Corte Inglés Madalenas Valencianas Artesanais sem Lactose embalagem 380 g,El Corte Inglés,,"4,15 €","(10,92 € / Kg)",
Bledina Saqueta de Maçã e Banana Fruta Pura sem Adição de Açúcares embalagem 85 g,Bledina,,"1,04 €","(12,24 € / Kg)",
Compal Fresco Sumo Laranja do Algarve Fruta 100% Fresca embalagem 250 ml,Compal Fresco,,"1,69 €","(6,76 € / Litro)",
Helios Doce Pura Fruta de Morango sem Glúten frasco 250 g,Helios,,"2,89 €","(11,56 € / Kg)",
Laranja Biológica Peso Aproximado por unidade 250 g,,,"3,59 €/kg",,
Bock Damm Cerveja de Espanha Preta garrafa 25 cl,Bock Damm,,"0,79 €","(3,16 € / Litro)",
El Corte Inglés Selection Sardinhas em Azeite 20/22 Peças lata 85 g,El Corte Inglés Selection,,"2,35 €","(27,65 € / Kg)",
Indi&Co Água Tónica Organic Pack 4 uniddaes embalagem 20 cl,Indi&Co,,"7,99 €","(9,99 € / Litro)",
7Th Heaven Máscara Tiger Revitalizante de Maçã e Morango embalagem 1 unidade,7Th Heaven,,"2,99 €","(2,99 € / Unidade)",
Iberia Aditivo Branqueador em Saquetas embalagem 120 g,Iberia,,"2,99 €","(24,92 € / Kg)",
Compagnia Dell'Arabica Café El Salvador para Nespresso embalagem 10 cápsulas,Compagnia Dell'Arabica,,"3,59 €","(0,36 € / Unidade)",
Quinta da Esperança Vinho Tinto Regional Alentejano garrafa 75 cl,Quinta da Esperança,,"19,95 €","(26,60 € / Litro)",
Rayen Capa para Ferro Teflon 1 unidade,Rayen,,"10,70 €","(10,70 € / Unidade)",
Mimosa Bem Essencial Leite com Morango Pack 4 embalagem 200 ml,Mimosa Bem Essencial,,"1,99 €","(2,49 € / Litro)",
Próvida Farinha de Trigo Sarraceno Biológico embalagem 500 g,Próvida,,"4,65 €","(9,30 € / Kg)",
Iglo Bróculos embalagem 533 g,Iglo,,"3,59 €","(6,74 € / Kg)",
Silvex Cesto para Lavar Soutiens 1 unidade,Silvex,,"3,99 €","(3,99 € / Unidade)",
Super Bock Cerveja sem Álcool Pack 6 garrafa 33 cl,Super Bock,,"5,99 €","(3,03 € / Litro)",
Triunfo Fruit & Fit Bolachas Recheadas com Maçã e Canela Pack 6 embalagem 148 g,Triunfo Fruit & Fit,,"2,19 €","(14,80 € / Kg)",
Alternativa 3 Copo Bambu Stargate unidade,Alternativa 3,,"12,99 €","(12,99 € / Unidade)",
Oliveira da Serra Azeite Virgem Extra Selecção Ouro garrafa 750 ml,Oliveira da Serra,,"6,99 €","(9,32 € / Litro)",
Secos da Aldeia Miolo de Noz embalagem 100 g,Secos da Aldeia,,"2,09 €","(20,90 € / Kg)",
Confeitaria Carlos Gonçalves Bolos Lagartos embalagem 300 g,Confeitaria Carlos Gonçalves,,"1,99 €","(6,63 € / Kg)",
L'Oréal Elvive Óleo Extraordinário Champô Nutritivo para Cabelo Seco embalagem 200 ml,L'Oréal,,"5,99 €","(29,95 € / Litro)",
Adega Cooperativa Ponte de Lima Vinho Verde Adamado Branco garrafa 75 cl,Adega Cooperativa Ponte de Lima,,"3,49 €","(4,65 € / Litro)",
El Pastoret Iogurte Artesanal de Morango embalagem 125 g,El Pastoret,,"0,85 €","(6,80 € / Kg)",
Cheetos Palitos Snack de Milho com Sabor a Ketchup embalagem 96 g,Cheetos,,"1,65 €","(17,19 € / Kg)",
Quinta das Lamelas Vinho do Porto LBV garrafa 75 cl,Quinta das Lamelas,,"20,59 €","(27,45 € / Litro)",
Gullón Bolachas Diet-Fibra sem Açúcares Adicionados embalagem 250 g,Gullón,,"2,39 €","(9,56 € / Kg)",
Marquês de Marialva Vinho Rosé da Bairrada Colheita Seleccionada garrafa 75 cl,Marquês de Marialva,,"3,99 €","(5,32 € / Litro)",
El Corte Inglés Torrão de Praliné de Ananás sem Glúten embalagem 250 g,El Corte Inglés,,"3,49 €","(17,45 € / Kg)",
Huggies Pull-Ups Trainers Fraldas para Menino 2-4 Anos 15-23 kg embalagem 28 unidades,Huggies Pull-Ups Trainers,,"11,99 €","(0,43 € / Unidade)",
Ti Almerinda Empadas de Galinha 6 Unidades embalagem 360 g,Ti Almerinda,,"6,29 €","(17,47 € / Kg)",
Ribeiro Sêco Mel de Cana Sacarina frasco 450 g,Ribeiro Sêco,,"8,19 €","(18,20 € / Kg)",
Atelier do Doce Tarte de Maçã de Alcobaça embalagem 750 g,Atelier do Doce,,"16,50 €","(16,50 € / Unidade)",
Miravalles Biqueirão aroma a Limão e Pimenta Negra unidade 230 g,Miravalles,,"6,49 €","(28,22 € / Kg)",
Globo Tapioca Hidratada sem Glúten embalagem 500 g,Globo,,"2,99 €","(5,98 € / Kg)",
Nikka Days Whisky do Japão garrafa 70 cl,Nikka Days,,"34,90 €","(49,86 € / Litro)",
Glade Ambientador Sense & Spray Lavanda & Jasmin spray 18 ml,Glade,,"8,99 €","(499,44 € / Litro)",
Coca-Cola Refrigerante com Gás lata 33 cl,Coca-Cola,,"0,79 €","(2,39 € / Litro)",
Redondo Iglesias Presunto da Pá Ibérico do Campo unidade 120 g,Redondo Iglesias,,"8,69 €","(72,42 € / Kg)",
Aliada Café Moído Torrado de Mistura embalagem 250 g,Aliada,,"1,49 €","(5,96 € / Kg)",
Prozis Frango com Mel e Arroz High Protein embalagem 435 g,Prozis,,"6,49 €","(14,92 € / Kg)",
Julián Martín Sortido Ibérico Cebo em Fatias embalagem 300 g,Julián Martín,,"18,98 €","(63,27 € / Kg)",
Vahiné Gelificante Vegetal Natural Agar Agar embalagem 8 g,Vahiné,,"3,30 €","(412,50 € / Kg)",
Captain Kombucha Bebida Probiótica de Framboesa Zero Açúcar Biológica embalagem 400 ml,Captain Kombucha,,"2,29 €","(5,72 € / Litro)",
Gliss 7Sec Máscara Reparadora Ultimate Repair para Cabelo Muito Estragado embalagem 200 ml,Gliss 7Sec,,"11,99 €","(59,95 € / Litro)",
Santiago Queijo da Ilha Graciosa Curado kg,Santiago,,"13,99 €/kg",,
Alpro Bebida de Soja com Frutos Vermelhos embalagem 1 L,Alpro,,"2,39 €","(1,89 € / Litro)","2,39 €"
Gogo Squeez Maçã e Banana 100% Fruta embalagem 90 g,Gogo Squeez,,"0,99 €",(11 € / Kg),
Açores Doce Extra de Amora Silvestre frasco 230 g,Açores,,"4,99 €","(21,70 € / Kg)",
Mr. Cheese Queijo Gruyère Porção Peso Aproximado por unidade 200 g,Mr. Cheese,,"35,99 €/kg",,
Monerinha do Rio Paçoca Rolha Doce de Amendoim embalagem 300 g,Monerinha do Rio,,"3,85 €","(12,83 € / Kg)",
El Corte Inglés Tomate Frito sem Açúcares Adicionados sem Glúten frasco 560 g,El Corte Inglés,,"1,69 €","(3,02 € / Kg)",
Tipiak Croutons Natural embalagem 75 g,Tipiak,,"0,94 €","(12,53 € / Kg)",
Compal Vital Sumo de Frutos Vermelhos Protecção Anti-Ox embalagem 1 L,Compal Vital,,"1,69 €","(1,69 € / Litro)",
Juan Valdez Café Moído Volcan embalagem 250 g,Juan Valdez,,"8,49 €","(33,96 € / Kg)",
Comfort Amaciador de Roupa Concentrado Madressilva & Sandalo embalagem 80 doses,Comfort,,"9,99 €","(0,12 € / Dose)",
Scotch-Brite Limpa Placas de Vitrocerâmica 250 ml,Scotch-Brite,,"6,29 €","(25,16 € / Litro)",
Deiters Doce de Leite Cremoso embalagem 350 g,Deiters,,"5,49 €","(15,69 € / Kg)",
Scotch-Brite Esponja Apagadora embalagem 2 unidades,Scotch-Brite,,"2,15 €","(1,08 € / Unidade)",
Colgate Anticáries Pasta de Dentes embalagem 75 ml,Colgate Anticáries,,"2,24 €","(23,87 € / Litro)","2,24 €"
Toamate para Salada peso aproximado por cuvete 1 kg,,,"3,99 €","(3,99 € / Kg)",
Yopro Iogurte Sólido Proteía sabor Stracciatella embalagem 160 g,Yopro,,"1,39 €","(8,69 € / Kg)",
Cabeça de Toiro Vinho Tinto do Tejo Reserva garrafa 75 cl,Cabeça de Toiro,,"7,49 €","(9,99 € / Litro)",
Gravuras do Côa Vinho Tinto do Douro Reserva garrafa 75 cl,Gravuras do Côa,,"6,09 €","(8,12 € / Litro)",
Ezalo Insecticida Thermo Difusor sem Fio embalagem 1 unidade,Ezalo,,"6,99 €","(0,08 € / Unidade)",
Bio + Iogurte de Mirtilo Biológico embalagem 150 g,Bio +,,"0,79 €","(5,27 € / Kg)",
San Vicente Queijo Fresco sem Sal,San Vicente,,"6,95 €/kg",,
"El Corte Inglés Detergente Líquido para Chão Spa embalagem 1,5 L",El Corte Inglés,,"1,10 €","(0,73 € / Litro)",
Heinz Molho de Churrasco Top Down embalagem 220 ml,Heinz,,"2,39 €","(10,86 € / Litro)",
Corine de Farme Acetona embalagem 200 ml,Corine de Farme,,"3,59 €","(17,95 € / Litro)",
Riberalves Postas de Bacalhau Demolhadas embalagem 550 g,Riberalves,,"11,99 €","(21,80 € / Kg)",
Mimosa Leite Meio Gordo  Especial Cálcio Pack 4 embalagem 200 ml,Mimosa,,"1,99 €","(2,49 € / Litro)",
"BI Refrigerante Limonada embalagem 1,5 L",BI,,"1,75 €","(1,17 € / Litro)",
Margão Bio Pimentão Doce Biológico frasco 44 g,Margão Bio,,"2,99 €","(67,95 € / Kg)",
"Pargo Legítimo Peso Aproximado unidade 1,2 kg",,,"29,99 €/kg",,
Sabores do Vez Chouriça de Assar Picante unidade 200 g,Sabores do Vez,,"3,19 €","(15,95 € / Kg)",
Quinta do Ataíde Vinho Tinto do Douro garrafa 75 cl,Quinta do Ataíde,,"12,99 €","(17,32 € / Litro)",
Oreo Gelado Small Bites embalagem 240 ml,Oreo,,"4,99 €","(20,79 € / Litro)",
Caçarola Feijão Encarnado embalagem 500 g,Caçarola,,"2,35 €","(4,70 € / Kg)",
Lindt Creation Chocolate Preto com Recheio de Mousse 70% de Cacau embalagem 150 g,Lindt Creation,,"3,99 €","(26,60 € / Kg)",
Tetley Infusão de Fruta com Pêssego e Laranja Defence Vitamina C embalagem 20 unidades,Tetley,,"2,95 €","(0,15 € / Unidade)",
Passa Vinho Tinto do Douro garrafa 75 cl,Passa,,"7,79 €","(10,39 € / Litro)",
Globo Aroma de Coco frasco 28 ml,Globo,,"1,19 €","(42,50 € / Litro)",
Flor das Hortas Pasta de Alho frasco 200 g,Flor das Hortas,,"1,55 €","(7,75 € / Kg)",
Conjunto 3 Vinhos Tinto Herdade do Peso + Callabriga + Quinta dos Carvalhais garrafa 75 cl,,,"62,48 €","(27,77 € / Litro)",
Nestlé Preparado para Sobremesa Vegan sem Lactose lata 370 g,Nestlé,,"2,69 €","(7,27 € / Kg)",
Aliada Doce de Framboesa Light frasco 330 g,Aliada,,"2,49 €","(7,55 € / Kg)",
Cem Porcento Barra com Frutos Secos e Sementes Pack 3 embalagem 72 g,Cem Porcento,,"3,29 €","(45,69 € / Kg)",
Glade Ambientador Sense & Spray Relaxing Zen Recarga embalagem 18 ml,Glade,,"11,99 €","(666,11 € / Litro)",
El Corte Inglés Selection Lentilha Castelhana embalagem 1 kg,El Corte Inglés Selection,,"2,60 €","(2,60 € / Kg)",
Lu Bolachas Mini Stars Recheadas com Chocolate Branco embalagem 187 g,Lu,,"2,39 €","(12,78 € / Kg)",
Cola Cao Batido de Chocolate e Cacau embalagem 200 ml,Cola Cao,,"1,79 €","(8,95 € / Litro)",
La Vendimia Vinho Tinto de Espanha Rioja garrafa 75 cl,La Vendimia,,"8,49 €","(11,32 € / Litro)",
Próvida Feijão Preto Biológico embalagem 500 g,Próvida,,"3,19 €","(6,38 € / Kg)",
Garnier Bio Creme Anti-Idade de Dia de Lavanda Biológico embalagem 50 ml,Garnier Bio,,"12,99 €","(259,80 € / Litro)",
Aliada Trancinhas embalagem 250 g,Aliada,,"1,85 €","(7,40 € / Kg)",
Nacional Esparguete Integral com Alfarroba embalagem 500 g,Nacional,,"1,75 €","(3,50 € / Kg)",
Ambi Pur 3 Volution Ambientador Eléctrico Recarga Jasmim Branco embalagem 20 ml,Ambi Pur 3 Volution,,"6,99 €","(349,50 € / Litro)",
Fini Gomas Mini Treats embalagem 165 g,Fini,,"1,59 €","(9,64 € / Kg)",
Loacker Quadratini Bolachas Wafer de Chocolate Preto embalagem 250 g,Loacker Quadratini,,"3,29 €","(13,16 € / Kg)",
Romeu Azeite Virgem Extra DOP Biológico lata 3 L,Romeu,,"40,85 €","(13,62 € / Litro)",
Ceder's Gin Crisp sem Álcool garrafa 50 cl,Ceder's,,"26,49 €","(52,98 € / Litro)",
Cantares de Portugal Licor de Pastel de Nata garrafa 70 cl,Cantares de Portugal,,"16,95 €","(24,21 € / Litro)",
Fharmonat Chá Purlaxante com Stevia embalagem 20 unidades,Fharmonat,,"10,95 €","(0,55 € / Unidade)",
Jean Louis David Esponja Oval embalagem 1 unidade,Jean Louis David,,"7,54 €","(7,54 € / Unidade)",
Regina Protein Chocolate Preto de Quinoa e Cacau sem Açúcar e sem Glúten embalagem 27 g,Regina Protein,,"0,99 €","(36,67 € / Kg)",
Maximo's Vinho Branco do Tejo garrafa 75 cl,Maximo's,,"8,25 €",(11 € / Litro),
Santa Teresa Creme de Grelos embalagem 400 g,Santa Teresa,,"3,49 €","(8,72 € / Kg)",
Quinta do Sobreiró de Cima Vinho Branco de Trás os Montes garrafa 75 cl,Quinta do Sobreiró de Cima,,"5,75 €","(7,67 € / Litro)",
Mercurochrome Compressas Esterilizadas embalagem 60 unidades,Mercurochrome,,"5,29 €","(0,09 € / Unidade)",
Byly Desodorizante Hydra Sensitive em Creme embalagem 50 ml,Byly,,"4,35 €","(8,70 € / 10 ml.)",
Próvida Argila Verde embalagem 1 kg,Próvida,,"2,19 €","(2,19 € / Kg)",
Smarties Iogurte Bicompartimentado com Chocolate Pack 2 embalagem 128 g,Smarties,,"2,54 €","(8,16 € / Kg)","2,54 €"
Mission Mini Wraps 6 Unidades embalagem 150 g,Mission,,"1,79 €","(11,93 € / Kg)",
Lenor Unstoppables Aditivo Perfumado em Pérolas Lavish embalagem 210 g,Lenor Unstoppables,,"10,99 €","(52,33 € / Kg)",
Nutrísse Creme Coloração Nº 4.0 Castanho embalagem 190 ml,Nutrísse Creme,,"9,49 €","(49,95 € / Litro)",
Sanguinhal Vinho Tinto de Lisboa Touriga Nacional garrafa 75 cl,Sanguinhal,,"10,95 €","(14,60 € / Litro)",
Danone Oikos Iogurte Grego de Manga e Papaia Pack 4 embalagem 110 g,Danone Oikos,,"2,39 €","(5,43 € / Kg)",
"Paladar Pronto Creme de Beterraba, Maçã e Aipo sem Batata embalagem 400 g",Paladar Pronto,,"2,29 €","(5,72 € / Kg)",
Tradizionale Pizza Diavola Calabrese embalagem 345 g,Tradizionale,,"5,49 €","(15,91 € / Kg)",
El Corte Inglés Atum Claro ao Natural Pack 3 lata 180 g,El Corte Inglés,,"2,65 €","(14,72 € / Kg)",
Old El Paso Tortilhas Bowls com Sal Marinho embalagem 150 g,Old El Paso,,"3,01 €","(20,07 € / Kg)",
Feletti Bombons Sortido Mini Nocciolati embalagem 170 g,Feletti,,"12,45 €","(73,24 € / Kg)",
Herbal Essences Bio-Renew Champô Purificante com Morango e Menta embalagem 400 ml,Herbal Essences Bio-Renew,,"4,99 €","(9,35 € / Litro)","4,99 €"
Quinta do Pinto Vinho Tinto de Lisboa Estate Collection garrafa 75 cl,Quinta do Pinto,,"10,59 €","(14,12 € / Litro)",
Gallo Vinagre de Vinho D.O Madeira garrafa 250 ml,Gallo,,"5,99 €","(23,96 € / Litro)",
Brisa Dorada Tortilhas de Bacalhau BACALHAU TORTILLAS DE embalagem 10 unidades,Brisa Dorada,,"4,49 €","(0,45 € / Unidade)",
Espiga Gengibre Moído embalagem 35 g,Espiga,,"1,79 €","(51,14 € / Kg)",
Valsoia Gelado Sandwich de Soja Vegan Pack 8 embalagem 320 g,Valsoia,,"3,99 €","(12,47 € / Kg)",
Giovanni Rana Molho Pesto Verde embalagem 140 g,Giovanni Rana,,"2,49 €","(17,79 € / Kg)",
Glamour Base de Limpeza para Pincéis embalagem 1 unidade,Glamour,,"4,99 €","(4,99 € / Unidade)",
Agromar Paté de Centollo lata 100 g,Agromar,,"3,10 €",(31 € / Kg),
Mimosa Leite com Banana e Pera Pack 4 embalagem 200 ml,Mimosa,,"1,99 €","(9,95 € / Litro)",
El Corte Inglés Massa Fresca Esparguete embalagem 250 g,El Corte Inglés,,"1,59 €","(6,36 € / Kg)",
Veet For Men Gel Creme Depilatório embalagem 200 ml,Veet For Men,,"9,99 €","(49,95 € / Litro)",
El Corte Inglés Detergente Manual Lava Loiças Aloe Vera 1 L,El Corte Inglés,,"1,99 €","(1,99 € / Litro)",
Eat Natural Granola Trigo Serraceno sem Glúten embalagem 425 g,Eat Natural,,"10,15 €","(23,88 € / Kg)",
La Collotense Geleia de Ameixas,La Collotense,,"8,79 €/kg",,
Veet Natural Inspirations Bandas de Cera Depilatórias Facial para Todo o Tipo de Peles embalagem 16 unidades,Veet Natural Inspirations,,"6,99 €","(0,44 € / Unidade)",
Palpite Vinho Tinto do Alentejo Reserva garrafa 75 cl,Palpite,,"21,90 €","(29,20 € / Litro)",
Florette Molho para Salada Modena e Mel embalagem 250 ml,Florette,,"2,99 €","(11,96 € / Litro)",
Margão Mostarda Grão frasco 48 g,Margão,,"2,09 €","(43,54 € / Kg)",
Gillette Venus Oceana Máquina Depilatória com um Toque de Aloe Vera embalagem 4 unidades,Gillette Venus Oceana,,"8,99 €","(2,25 € / Unidade)",
Real Natura Champô Intensivo Pro-Lisos Anti-Frizz com Proteína de Seda embalagem 500 ml,Real Natura,,"10,10 €","(20,20 € / Litro)",
El Corte Inglés Doce de Cereja frasco 410 g,El Corte Inglés,,"2,99 €","(7,29 € / Kg)",
Schnitzer Muffin de Chocolate Preto Biológico embalagem 70 g,Schnitzer,,"4,45 €","(63,57 € / Kg)",
Quinta do Infantado Vinho Tinto do Douro Pack 2 unidades embalagem 75 cl,Quinta do Infantado,,"19,98 €","(13,32 € / Litro)",
Prozis Lasanha de Frango embalagem 340 g,Prozis,,"6,49 €","(19,09 € / Kg)",
Confiança Sabonete Esfoliante embalagem 100 g,Confiança,,"1,49 €","(14,90 € / Kg)",
Quinta do Boição Vinho Branco Doc Bucelas Reserva garrafa 75 cl,Quinta do Boição,,"15,99 €","(21,32 € / Litro)",
Icecare Gelado Artesanal Avelã embalagem 500 ml,Icecare,,"6,95 €","(13,90 € / Litro)",
Monterosa Azeite Virgem Extra Horta do Félix garrafa 500 ml,Monterosa,,"7,15 €","(14,30 € / Litro)",
Tajin Condimento Clássico com Limão garrafa 142 g,Tajin,,"3,59 €","(25,28 € / Kg)",
Nivea Essentials Creme Nutritivo de Dia para Pele Seca a Sensível embalagem 50 ml,Nivea Essentials,,"5,99 €","(119,80 € / Litro)",
Evax Protege-Slip Normal embalagem 108,Evax,,"4,99 €","(0,05 € / Unidade)",
Blue Dragon Molho Agridoce embalagem 120 g,Blue Dragon,,"1,95 €","(16,25 € / Kg)",
Martiko Bloco Foie Gras de Ganso 2x40 g unidade 80 g,Martiko,,"11,99 €","(149,88 € / Kg)",
Couve Roxa Ripada embalagem 250 g,,,"0,99 €","(3,96 € / Kg)",
Casal Garcia Sangria garrafa 75 cl,Casal Garcia,,"3,99 €","(5,32 € / Litro)",
El Charcutero Peito de Peru em Fatias Fatiado à Mão sem Lactose e sem Glúten embalagem 240 g,El Charcutero,,"5,98 €","(24,92 € / Kg)",
Parmareggio Queijo Parmigiano Reggiano em Barra unidade 125 g,Parmareggio,,"4,55 €","(36,40 € / Kg)",
Greens Couves de Bruxelas embalagem 450 g,Greens,,"1,29 €","(2,87 € / Kg)",
Dory Vinho Tinto de Lisboa garrafa 75 cl,Dory,,"5,45 €","(7,27 € / Litro)",
"Gullón Tortitas de Arroz Integral Vitalday com Chocolate Preto sem Glúten Pack 4 embalagem 105,2 g",Gullón,,"2,19 €","(20,86 € / Kg)",
Super Bock Cerveja Oktober Helles Edição Limitada Pack 4 garrafa 33 cl,Super Bock,,"4,49 €","(3,40 € / Litro)",
Nestlé Chocapic Cereais de Chocolate Biológicos embalagem 330 g,Nestlé Chocapic,,"3,99 €","(12,09 € / Kg)",
Nescafé Dolce Gusto Café Cortado Espresso Macchiato Intensidade 8 embalagem 16 cápsulas,Nescafé Dolce Gusto,,"5,99 €","(0,37 € / Unidade)",
Coren Del Valle Peitos de Frango Biológico Peso Aproximado por cuvete 350 g,Coren Del Valle,,"8,73 €","(24,95 € / Kg)",
Moaçor Bolacha Maria embalagem 150 g,Moaçor,,"0,85 €","(5,67 € / Kg)",
Neo Blanc Wc Bloco Sanitário Espuma Activa com Lixívia embalagem 2 unidades,Neo Blanc Wc,,"5,99 €","(1,50 € / Unidade)","5,99 €"
Dez Tostões Vinho Tinto do Alentejo garrafa 75 cl,Dez Tostões,,"12,99 €","(17,32 € / Litro)",
Montanheira Morcela de Porco Preto unidade 200 g,Montanheira,,"2,89 €","(14,45 € / Kg)",
Só Vinha Vinho Branco Verde Alvarinho garrafa 75 cl,Só Vinha,,"10,49 €","(13,99 € / Litro)",
Coslys Creme de Mãos Alfazema e Limão embalagem 50 ml,Coslys,,5 €,(100 € / Litro),
Nivea Protect e Bronze Creme para as Mãos embalagem 75 ml,Nivea Protect e Bronze,,"2,49 €","(33,20 € / Litro)",
Aliada Pá com Vassoura 1 unidade,Aliada,,"2,25 €","(2,25 € / Unidade)",
Lactovit Lactourea Loção Corporal Reparadora embalagem 400 ml,Lactovit Lactourea,,"7,39 €","(18,48 € / Litro)",
Glade Vela Longa Duração Apple Cosy Cider embalagem 224 g,Glade,,"8,29 €","(37,01 € / Kg)",
Parmalat Natas com Café embalagem 200 ml,Parmalat,,"1,20 €",(6 € / Litro),
Pedras Salgadas Água com Gás Pack 6 garrafa 25 cl,Pedras Salgadas,,"2,73 €","(10,92 € / Litro)",
Rana Tortellini Ricotta e Espinafres da Horta embalagem 250 g,Rana,,"3,69 €","(14,76 € / Kg)",
Mum Desodorizante Brisa Fresh Roll-On embalagem 50 ml,Mum,,"2,75 €","(5,50 € / 10 ml.)",
Quinta do Penedo Vinho Tinto do Dão Reserva garrafa 75 cl,Quinta do Penedo,,"10,49 €","(13,99 € / Litro)",
Pastoret Kéfir 0% embalagem 500 g,Pastoret,,"2,29 €","(4,58 € / Kg)",
Copa Sumo Natural Morangada embalagem 750 ml,Copa,,"3,85 €","(5,13 € / Litro)",
La Española Azeitonas Recheadas com Anchova Clássicas lata 300 g,La Española,,"2,79 €","(9,30 € / Kg)",
Espiga Segurelha Folha frasco 25 g,Espiga,,"2,09 €","(83,60 € / Kg)",
Proteina Vegan de Banana e Baunilha Bio embalagem 400 g,,,"18,99 €","(47,48 € / Kg)",
Rozès Vinho do Porto Colheita garrafa 75 cl,Rozès,,"23,99 €","(31,99 € / Litro)",
Magic Retouch Spray Retoca Raízes Louro Claro embalagem 100 ml,Magic Retouch,,"11,99 €","(119,90 € / Litro)",
Martiko Salmão Fumado Eco-Bio Biológico embalagem 80 g,Martiko,,"6,29 €","(78,62 € / Kg)",
Cabreiroa Água Mineral Natural da Galicia garrafa 33 cl,Cabreiroa,,"0,49 €","(1,48 € / Litro)",
Neuhaus Bombons Sortidos embalagem 170 g,Neuhaus,,"25,55 €","(150,29 € / Kg)",
Aurora Croissants Recheados com Cacau e Avelã embalagem 304 g,Aurora,,"2,49 €","(8,19 € / Kg)",
El Corte Inglés Amêndoas Marcona Fritas embalagem 250 g,El Corte Inglés,,"7,69 €","(30,76 € / Kg)",
Mevgal Iogurte Grego 10% embalagem 150 g,Mevgal,,"1,35 €",(9 € / Kg),
Knorr Caldo de Carne 8 Cubos embalagem 80 g,Knorr,,"2,15 €","(26,88 € / Kg)",
Bife da Pá de Novilho Carnalentejana DOP Peso Aproximado por cuvete 200 g,,,"3,59 €","(17,95 € / Kg)",
Kellogg's All-Bran Cereais com Fibras Plus embalagem 500 g,Kellogg's All-Bran,,"4,39 €","(8,78 € / Kg)",
Lomar Cebola Francesa embalagem 500 g,Lomar,,"1,69 €","(3,38 € / Kg)",
Agua Brava After-Shave embalagem 200 ml,Agua Brava,,"17,49 €","(87,45 € / Litro)",
Dez Prá Uma Rolo de Carne para 3 pessoas embalagem 500 g,Dez Prá Uma,,12 €,(24 € / Kg),
Taylor's Vinho do Porto Reserva Select garrafa 75 cl,Taylor's,,"10,65 €","(14,20 € / Litro)",
Salsicharia Limiana Linguiça unidade 180 g,Salsicharia Limiana,,"1,49 €","(8,28 € / Kg)",
Cigala Arroz Agulha Extra Longo 1 kg,Cigala,,"1,49 €","(1,49 € / Kg)",
Cem Porcento Mini Bolachas Marinheiras com Chia Vegan sem Adição de Açúcar embalagem 50 g,Cem Porcento,,"0,89 €","(17,80 € / Kg)",
Veckia Alicate para Manicure embalagem 1 unidade,Veckia,,"4,99 €","(4,99 € / Unidade)",
Quinta de Camarate Vinho Branco de Terras do Sado garrafa 75 cl,Quinta de Camarate,,"8,99 €","(11,99 € / Litro)",
Champô Extra Peles Normais e Sensíveis embalagem 500 ml,,,"6,49 €","(12,98 € / Litro)",
Eurofumeiro Alheira Vegetarina embalagem 200 g,Eurofumeiro,,"1,59 €","(7,95 € / Kg)",
Heno de Pravia Gel de Banho Hidratante embalagem 650 ml,Heno de Pravia,,"5,15 €","(7,92 € / Litro)",
Casa do Porco Preto Lombo de Porco Ibérico Bolota em Fatias unidade 80 g,Casa do Porco Preto,,"8,99 €","(112,38 € / Kg)",
Veet Natural Inspirations Cera Depilatória à Base de Açúcar para Todo o Tipo de Peles embalagem 250 ml,Veet Natural Inspirations,,"7,99 €","(31,96 € / Litro)",
Oatly Bebida de Aveia com Chocolate Vegan embalagem 100 cl,Oatly,,"2,49 €","(2,49 € / Litro)",
Captain Kombucha Agua Kefir Original Bio embalagem 400 ml,Captain Kombucha,,"2,29 €","(5,72 € / Litro)",
El Corte Inglés Queijo de Ovelha Curado embalagem 300 g,El Corte Inglés,,"5,59 €","(18,63 € / Kg)",
Caçarola Crackies de Arroz Integral com Sal embalagem 130 g,Caçarola,,"1,19 €","(9,15 € / Kg)",
Lola VORAZES LEAVE IN embalagem 200 ml,Lola,,"9,90 €","(49,50 € / Litro)",
Provamel Bebida de Soja com Baunilha Biológica embalagem 1 L,Provamel,,"2,95 €","(2,95 € / Litro)",
Lusiaves Canjinha de Galinha Peso Aproximado por cuvete 500 g,Lusiaves,,"2,25 €","(4,49 € / Kg)",
Cebola Doce 350 g,,,"2,79 €","(7,97 € / Kg)",
Yoçor Bolo Lêvedo Pequeno 3 Unidades embalagem 320 g,Yoçor,,"4,70 €","(15,67 € / Kg)",
Babaria Desodorizante para os Pés Sensação Talco Spray embalagem 150 ml,Babaria,,"4,65 €",(31 € / Litro),
RRM Vinho Tinto do Douro garrafa 150 cl,RRM,,89 €,"(59,33 € / Litro)",
Haribo Gomas Frutos Silvestres embalagem 100 g,Haribo,,"1,09 €","(10,90 € / Kg)",
Platino Espumante Moscato Branco garrafa 75 cl,Platino,,"3,49 €","(4,65 € / Litro)",
Palmolive Naturals Gel de Banho Amêndoa e Leite embalagem 500 ml,Palmolive Naturals,,"4,49 €","(8,98 € / Litro)",
Rinatura Óleo de Amendoim embalagem 500 ml,Rinatura,,"5,79 €","(1,16 € / 10 ml.)",
Quinta da Serra Queijo Amanteigado Peso Aproximado por unidade 500 g,Quinta da Serra,,"15,69 €/kg",,
Evax Cottonlike Pensos Higiénicos com Abas Normal Plus embalagem 28 unidades,Evax Cottonlike,,"4,99 €","(0,18 € / Unidade)",
Da Vinci Melado de Cana Dacolônia embalagem 250 g,Da Vinci,,"2,95 €","(11,80 € / Kg)",
El Corte Inglés Cajus de Malaca Fritos embalagem 250 g,El Corte Inglés,,"5,99 €","(23,96 € / Kg)",
Lacasa Chocolate Preto 70% Cacau com Menta sem Glúten embalagem 100 g,Lacasa,,"2,19 €","(21,90 € / Kg)",
Branca de Neve Preparado para Bolo Delícia de Chocolate com Amêndoa embalagem 360 g,Branca de Neve,,"4,25 €","(11,81 € / Kg)",
Milka Leite com Chocolate Pack 3 embalagem 200 ml,Milka,,"2,45 €","(12,25 € / Litro)",
Green Shield Toalhitas de Limpeza para Casa de Banho embalagem 50 unidades,Green Shield,,"5,25 €","(0,10 € / Unidade)",
Gullón Bolachas Mega Duo com Recheio de Cacau embalagem 500 g,Gullón,,"3,15 €","(6,30 € / Kg)",
Karibou Prato de Cartão 16 CM embalagem 10 unidades,Karibou,,"1,49 €","(0,15 € / Unidade)",
Caprili Vinho Tinto de Itália Rosso di Montalcino garrafa 75 cl,Caprili,,"16,45 €","(21,93 € / Litro)",
Naturefoods Bolachas de Arroz com Cobertura de Alfarroba Biológicas embalagem 100 g,Naturefoods,,"1,80 €",(18 € / Kg),
Schocks Mini Barras de Sésamo sem Glúten embalagem 180 g,Schocks,,"2,85 €","(15,83 € / Kg)",
Farcedo Cabeceiro Lombo Extra em Fatias embalagem 60 g,Farcedo,,"1,99 €","(33,17 € / Kg)",
Vinho Tinto do Douro Trufa Negra garrafa 75 cl,,,"23,49 €","(31,32 € / Litro)",
Leicester Baker Pão Naan Simples embalagem 4,Leicester Baker,,"3,19 €","(0,80 € / Unidade)",
Glamour Studio Escova de Cabelo Rectangular embalagem 1 unidade,Glamour Studio,,"14,75 €","(14,75 € / Unidade)",
Nutribén Papa 8 Cereais 4 Frutas Lacteas embalagem 250 g,Nutribén,,"3,19 €","(12,76 € / Kg)",
Vinha Paz Vinho Tinto do Dão garrafa 75 cl,Vinha Paz,,"10,75 €","(14,33 € / Litro)",
Quinta do Monte Bravo Vinho Tinto do Douro Touriga Nacional garrafa 75 cl,Quinta do Monte Bravo,,"17,99 €","(23,99 € / Litro)",
"Ajax Fabuloso Detergente Líquido Lava-Tudo Floral embalagem 1,25 L",Ajax Fabuloso,,"2,09 €","(1,67 € / Litro)",
Lysol Desinfectante Casa de Banho Spray embalagem 500 ml,Lysol,,"4,49 €","(8,98 € / Litro)",
Lay's Originais Batatas Fritas Lisas com Sal embalagem 160 g,Lay's Originais,,"1,89 €","(11,81 € / Kg)",
Celeiro da Terra Compota de Tomate Capucho frasco 250 g,Celeiro da Terra,,"3,99 €","(15,96 € / Kg)",
+ Cru Sementes de Linhaça Dourada Biológicas embalagem 250 g,+ Cru,,"3,45 €","(13,80 € / Kg)",
Lindt Lindor Bombons de Chocolate de Leite embalagem 75 g,Lindt Lindor,,"2,20 €","(29,33 € / Kg)",
"Rogue Cerveja Artesanal Dead Guy lata 35,5 cl",Rogue,,"4,19 €","(11,80 € / Litro)",
"Legado Presunto da Pá Ibérico Moldeado Peso Aproximado 2,5 kg",Legado,,"65,75 €/kg",,
Hempology Café Torrado com Sementes de Cânhamo Moídas Biológico embalagem 250 g,Hempology,,"13,79 €","(55,16 € / Kg)",
"Stone Cerveja dos EUA Arrogant Bastard Ale lata 47,3 cl",Stone,,"4,59 €","(9,70 € / Litro)",
El Chico Preparado para Cozido sem Glúten unidade 380 g,El Chico,,"5,79 €","(15,24 € / Kg)",
Tipiak Croutons Garlik embalagem 75 g,Tipiak,,"0,94 €","(12,53 € / Kg)",
Simplu Granola de Menta Spirulina & Cacau Cru embalagem 300 g,Simplu,,"8,25 €","(27,50 € / Kg)",
Bowmore Whisky Malte 12 Anos garrafa 70 cl,Bowmore,,"44,90 €","(64,14 € / Litro)",
Pepsi Refrigerante com Gás garrafa 50 cl,Pepsi,,"1,05 €","(2,10 € / Litro)",
Naturefoods Doce de Pêssego Biológico embalagem 260 g,Naturefoods,,"4,59 €","(17,65 € / Kg)",
Dr. Beckmann Descalcificador de Máquinas de Lavar Roupa e Loiça embalagem 100 g,Dr. Beckmann,,"6,95 €","(69,50 € / Kg)",
Offley Vinho do Porto Ruby garrafa 75 cl,Offley,,"5,89 €","(7,85 € / Litro)",
Emanuel Casado Rebuçados de Chá Verde embalagem 150 g,Emanuel Casado,,"4,35 €",(29 € / Kg),
Haagen-Dazs Mini Gelado de Cheesecake de Morango embalagem 95 ml,Haagen-Dazs,,"2,45 €","(25,79 € / Litro)",
Fondue de Novilho Peso Aproximado 350 g,,,"14,90 €/kg",,
Brickcity Cenouras Extra Finas frasco 370 ml,Brickcity,,"1,99 €","(5,38 € / Litro)",
Iswari Proteina Vegan de Cramelo Salgado Bio embalagem 400 g,Iswari,,"18,99 €","(47,48 € / Kg)",
Herdade Catapereiro Vinho Branco Regional do Tejo Reserva + Colheita Pack 2 unidades embalagem 75 cl,Herdade Catapereiro,,"10,90 €","(7,27 € / Litro)",
Codesa Filetes de Anchova em Azeite Serie Oro unidade 48 g,Codesa,,"4,25 €","(88,54 € / Kg)",
Oriente Arroz Vaporizado embalagem 1 kg,Oriente,,"1,75 €","(1,75 € / Kg)",
Fanta Refrigerante WTF 2 lata 33 cl,Fanta,,"0,69 €","(2,09 € / Litro)",
Nobre Presunto em Fatias embalagem 120 g,Nobre,,"3,99 €","(33,25 € / Kg)",
Fever-Tree Água Tónica Indian garrafa 50 cl,Fever-Tree,,"2,49 €","(4,98 € / Litro)",
Khanum Pickles de Gengibre frasco 300 g,Khanum,,"4,19 €","(13,97 € / Kg)",
Sharwood's Noodles com Ovo embalagem 340 g,Sharwood's,,"4,35 €","(12,79 € / Kg)",
Poppies Profiteroles de Nata embalagem 325 g,Poppies,,"3,75 €","(11,54 € / Kg)",
Hagerty Silver Foam Creme para Pratas embalagem 185 g,Hagerty Silver Foam,,"12,35 €","(66,76 € / Kg)",
"Compal Família Néctar Manga, Maracujá e Limão garrafa 1,25 L",Compal Família,,"1,59 €","(1,27 € / Litro)",
Ribeira Atum Posta ao Natural sem Glúten lata 120 g,Ribeira,,"1,79 €","(14,92 € / Kg)",
Aliada Palitos Integrais embalagem 250 g,Aliada,,"1,85 €","(7,40 € / Kg)",
Dr.Organic Champô Regenerador de Romã Biológico embalagem 250 ml,Dr.Organic,,"9,44 €","(37,76 € / Litro)",
Iberia Aditivo Branqueador Líquido embalagem 500 ml,Iberia,,"3,49 €","(6,98 € / Litro)",
Pilão Café Moído Tradicional embalagem 250 g,Pilão,,"4,95 €","(19,80 € / Kg)",
Ramirez Bacalhau com Grão lata 120 g,Ramirez,,"1,99 €","(16,58 € / Kg)",
Cem Porcento Biscoitos Integrais de Alfarroba embalagem 250 g,Cem Porcento,,"2,69 €","(10,76 € / Kg)",
Moaçor Bolachas Mulata Pack 3 embalagem 175 g,Moaçor,,"3,89 €","(22,23 € / Kg)",
Bruichladdich Whisky Malte Escocês Barley garrafa 70 cl,Bruichladdich,,"59,99 €","(85,70 € / Litro)",
Ferbar Confeito de Pinhão embalagem 100 g,Ferbar,,"2,39 €","(23,90 € / Kg)",
Nivea Men Invisible Desodorizante Black&White Active Roll-On embalagem 50 ml,Nivea Men Invisible,,"4,49 €","(89,80 € / Litro)",
Cem Porcento Chá Barbas de Milho embalagem 25 g,Cem Porcento,,"1,29 €","(51,60 € / Kg)",
Gillette Desodorizante Hydra Gel Eucalyptus embalagem 70 ml,Gillette,,"4,99 €","(71,29 € / Litro)",
Nivea Men Invisible Desodorizante Active Black&White Spray embalagem 150 ml,Nivea Men Invisible,,"4,69 €","(31,27 € / Litro)",
Ortiz Atum Bonito do Norte em Azeite frasco 270 g,Ortiz,,"8,30 €","(30,74 € / Kg)",
Laoganma Chili Crocante em Óleo frasco 210 g,Laoganma,,"3,89 €","(18,52 € / Kg)",
Noel Fiambre da Perna Extra em Fatias sem Lactose e sem Glúten embalagem 110 g,Noel,,"2,19 €","(19,91 € / Kg)",
Aliada Vassoura para Chão Delicado 1 unidade,Aliada,,"3,95 €","(3,95 € / Unidade)",
Simple Rebuçados com Stevia de Tomilho e Mel com Sabor a Limão embalagem 50 g,Simple,,"2,05 €",(41 € / Kg),
Azuaga Presunto Ibérico Delícias em Fatias embalagem 100 g,Azuaga,,"7,49 €","(74,90 € / Kg)",
Quinoa Real Granel Biológica,,,"6,49 €/kg",,
Horta Osório Vinho Tinto do Douro garrafa 75 cl,Horta Osório,,"9,95 €","(13,27 € / Litro)",
Real Doçaria Pão de Ló de São Bento unidade 500 g,Real Doçaria,,"14,95 €","(29,90 € / Kg)",
Panealba Crostini com Sabor a Paprika embalagem 100 g,Panealba,,"1,89 €","(18,90 € / Kg)",
Bacardi Cocktail Mojito Classic garrafa 70 cl,Bacardi,,"13,59 €","(19,41 € / Litro)",
Vimeiro Sparkle Água com Gás Pack 6 125 cl,Vimeiro Sparkle,,"2,65 €","(3,53 € / Litro)",
Jean Louis David Pincel Blush de Bambu embalagem 1 unidade,Jean Louis David,,"8,77 €","(8,77 € / Unidade)",
Dodot Pants Fraldas 12 a 17 kg Tamanho 5 embalagem 30 unidades,Dodot Pants,,"9,99 €","(0,33 € / Unidade)",
Walkers Bolachas Shortbread de Manteiga sem Glúten embalagem 140 g,Walkers,,"5,10 €","(36,43 € / Kg)",
San Marcos Chiles Jalapenos em Rodelas frasco 210 g,San Marcos,,"2,49 €","(11,86 € / Kg)",
Yoçor Iogurte Natural Pack 4 embalagem 125 g,Yoçor,,"1,49 €","(2,98 € / Kg)",
Avó Filó Salame de Chocolate Tradicional embalagem 450 g,Avó Filó,,"5,69 €","(12,64 € / Kg)",
Tribe Sorbet de Açaí embalagem 160 ml,Tribe,,"2,89 €","(18,06 € / Litro)",
"Vitalis Água Mineral Natural 100% Reciclada garrafa 1,5 L",Vitalis,,"0,69 €","(0,46 € / Litro)",
Capitão Iglo Douradinhos de Peixe Estaladiços 12 Unidades embalagem 336 g,Capitão Iglo,,"7,14 €","(21,25 € / Kg)",
Violife Creme Original Vegan sem Glúten embalagem 200 g,Violife,,"3,79 €","(18,95 € / Kg)",
Garofalo Linguine embalagem 500 g,Garofalo,,"2,09 €","(4,18 € / Kg)",
Izidoro Veggie Lovers Salsichas Vegan sem Glúten 5 Unidades frasco 220 g,Izidoro Veggie Lovers,,"4,65 €","(21,14 € / Kg)",
Biscoitos da Vila Bolos de Amor embalagem 500 g,Biscoitos da Vila,,"4,15 €","(8,30 € / Kg)",
Misterio Vinho Tinto da Argentina Malbec garrafa 75 cl,Misterio,,"6,49 €","(8,65 € / Litro)",
Ati Manel Lulas em Tinta lata 110 g,Ati Manel,,"3,50 €","(31,82 € / Kg)",
Sidul Açúcar 1 kg,Sidul,,"1,69 €","(1,69 € / Kg)",
Quinta de São Francisco Aguardente Bagaceira garrafa 70 cl,Quinta de São Francisco,,"16,95 €","(24,21 € / Litro)",
Museu do Pão Madalenas de Mármore sem Glúten Pack 4 embalagem 240 g,Museu do Pão,,"4,55 €","(17,04 € / Kg)","4,55 €"
Tropico Refrigerante Tropical sem Gás lata 33 cl,Tropico,,"0,72 €","(2,18 € / Litro)",
Voss Água sem Gás Artesanal Premium garrafa 375 ml,Voss,,"3,39 €","(9,04 € / Litro)",
Apis Paté Suave de Fígado de Porco Pack 2 embalagem 160 g,Apis,,"1,99 €","(12,44 € / Kg)",
Mackays Compota de Lima Limão frasco 340 g,Mackays,,"3,89 €","(7,91 € / Kg)","3,89 €"
Pantene Condicionador Hydratação & Brilho embalagem 200 ml,Pantene,,"5,99 €","(29,95 € / Litro)",
Airwick Ambientador Apple Crumble recarga 250 ml,Airwick,,"11,89 €","(47,56 € / Litro)",
Globo Milho Doce Pack 3 lata 150 g,Globo,,"2,45 €","(16,33 € / Kg)",
Quinas Fósforos Prolar embalagem 4 unidades,Quinas,,"1,45 €","(0,36 € / Unidade)",
Cadbury Dairy Milk Chocolate com Recheio de Caramelo embalagem 200 g,Cadbury Dairy Milk,,"3,59 €","(17,95 € / Kg)",
V8 Sumo de Vegetais embalagem 1 L,V8,,"3,99 €","(3,99 € / Litro)",
"Monchique Água Mineral Natural 9,5 PH 100% Reciclada garrafa 72 cl",Monchique,,"0,85 €","(1,18 € / Litro)",
Fula Óleo Alimentar garrafa 1 L,Fula,,"2,69 €","(2,69 € / Litro)",
Martiko Tartaro de Atum (2X75G) unidade 150 g,Martiko,,"6,98 €","(46,53 € / Kg)",
Pierre Martinet Salada de Quinoa com Tomate e Cebola Caramelizada embalagem 200 g,Pierre Martinet,,"4,19 €","(20,95 € / Kg)",
Condi Pérolas Prateadas frasco 65 g,Condi,,"3,29 €","(50,62 € / Kg)",
Letur Iogurte Ecobífidus de Ovelha Magro Biológico Pack 2 frasco 125 g,Letur,,"2,49 €","(4,98 € / Kg)",
Le Tribute Cerveja de Gengibre Pack 4 garrafa 20 cl,Le Tribute,,"6,99 €","(8,74 € / Litro)",
Té O Bagas de Goji Desidratadas Biológicas embalagem 125 g,Té O,,"7,65 €","(61,20 € / Kg)",
"Letra Cerveja Artesanal Minhota ""C"" Stout garrafa 33 cl",Letra,,"2,69 €","(8,15 € / Litro)",
Dodot Fraldas Cuidado Total T1 embalagem 50 unidades,Dodot,,"16,39 €","(0,33 € / Unidade)",
Salutem Cereais de Trigo com Chocolate embalagem 250 g,Salutem,,"2,19 €","(8,76 € / Kg)",
Côte D'Or Chocolate Preto Extra 86% embalagem 100 g,Côte D'Or,,"2,29 €","(22,90 € / Kg)",
Mapa Vinho Branco do Douro garrafa 75 cl,Mapa,,"9,49 €","(12,65 € / Litro)",
Ziclon Desentupidor de Canos Líquido 1 L,Ziclon,,"2,95 €","(2,95 € / Litro)",
Alho Seco Peso Aproximado por unidade 100 g,,,"5,56 €/kg",,
La Unión Bacon sem Glúten Pack 3 embalagem 150 g,La Unión,,"7,49 €","(16,64 € / Kg)",
Rana Tortellini Atum e Tomate embalagem 250 g,Rana,,"3,29 €","(13,16 € / Kg)",
Bonne Maman Doce de Morango Intenso frasco 335 g,Bonne Maman,,"3,49 €","(10,42 € / Kg)",
Pg Tips Chá 40 Unidades embalagem 116 g,Pg,,"2,75 €","(23,71 € / Kg)",
El Corte Inglés Selection Azeite Virgem Extra Hojiblanca garrafa 500 ml,El Corte Inglés Selection,,"6,95 €","(13,90 € / Litro)",
Freixo Vinho Tinto do Alentejo Terroir garrafa 75 cl,Freixo,,"10,99 €","(14,65 € / Litro)",
"Tarte Selva Negra 1,6 kg",,,"26,90 €","(16,81 € / Kg)",
Alsa Preparado para Mousse de Chocolate Branco embalagem 133 g,Alsa,,"2,59 €","(19,47 € / Kg)",
Azuaga Presunto da Pá Ibérico em Fatias embalagem 100 g,Azuaga,,"7,49 €","(74,90 € / Kg)",
Condi Gelatina de Maçã Zero embalagem 26 g,Condi,,"1,89 €","(72,69 € / Kg)",
Milka Chocolate de Leite Confetti embalagem 100 g,Milka,,"1,69 €","(16,90 € / Kg)",
Lactimonte Queijo Fresco Pequeno embalagem 70 g,Lactimonte,,"0,69 €","(9,86 € / Kg)",
Gorreana Chá Verde embalagem 40 g,Gorreana,,"2,19 €","(54,75 € / Kg)",
Sidul Açúcar Moreno embalagem 500 g,Sidul,,"1,53 €","(3,06 € / Kg)",
Chivas Regal Whisky + 2 Copos garrafa 70 cl,Chivas Regal,,"41,50 €","(59,29 € / Litro)",
Pedras Salgadas Água com Gás Pack 6 unidades embalagem 100 cl,Pedras Salgadas,,"9,49 €","(1,58 € / Litro)",
El Corte Inglés Vieras no seu Molho embalagem 81 g,El Corte Inglés,,"2,65 €","(32,72 € / Kg)",
El Almendro Torrão Crocante com Sal Marinho embalagem 75 g,El Almendro,,"2,19 €","(29,20 € / Kg)",
Izidoro Salsicharia Clássica Salsichas 100% de Porco 4 Unidades frasco 235 g,Izidoro Salsicharia Clássica,,"3,89 €","(16,55 € / Kg)",
Bahlsen Leibniz Mini Bolachas de Manteiga embalagem 100 g,Bahlsen Leibniz,,"2,19 €","(12,33 € / Kg)","2,19 €"
Calvé Maionese com Alho Top Down embalagem 250 g,Calvé,,"2,69 €","(10,76 € / Kg)",
Verleal Brócolos Biológicos embalagem 300 g,Verleal,,"1,99 €","(6,63 € / Kg)",
Nairn's Bolachas de Aveia com Pepitas de Chocolate sem Glúten Pack 4 embalagem 160 g,Nairn's,,"2,25 €","(14,06 € / Kg)",
Bonne Maman Madalenas de Manteiga embalagem 175 g,Bonne Maman,,"3,49 €","(19,94 € / Kg)",
Salsa Biológica embalagem 30 g,,,"1,50 €",(50 € / Kg),
Codorniz Extra unidade 170 g,,,"1,50 €","(8,82 € / Kg)",
Carley's Creme para Barrar de Caju Biológico frasco 250 g,Carley's,,"12,49 €","(49,96 € / Kg)",
Regina Sombrinhas de Chocolate embalagem 35 g,Regina,,"1,35 €","(38,57 € / Kg)",
Mimosa Bem Especial Leite com Chocolate sem Lactose Meio Gordo Pack 4 embalagem 200 ml,Mimosa Bem Especial,,"1,99 €","(2,49 € / Litro)",
Al Mudd Vinho Branco Regional do Algarve garrafa 75 cl,Al Mudd,,"10,59 €","(14,12 € / Litro)",
El Corte Inglés Creme de Queijo Azul embalagem 125 g,El Corte Inglés,,"2,09 €","(16,72 € / Kg)",
Dez Prá Uma Chili Vegetariano para 2 pessoas embalagem 500 g,Dez Prá Uma,,12 €,(24 € / Kg),
El Corte Inglés Selection Arroz Extra Delta Ebro embalagem 1 kg,El Corte Inglés Selection,,"1,35 €","(1,35 € / Kg)",
Ramirez Sardinhas em Óleo lata 120 g,Ramirez,,"1,34 €","(10,72 € / Kg)",
Cimarrom Tâmaras embalagem 150 g,Cimarrom,,"1,89 €","(12,60 € / Kg)",
Aliada Molho de Salsa Light embalagem 300 ml,Aliada,,"1,59 €","(5,30 € / Litro)",
"Lipton Infusão Time do Relax de Camomila, Lavanda, Tília e Baunilha embalagem 20 unidades",Lipton,,"2,99 €","(0,15 € / Unidade)",
Nivea Care Soap Sabonete Coconut & Almond Oil embalagem 90 g,Nivea Care Soap,,"1,19 €","(13,22 € / Kg)",
Nicola Café Rossio Intensidade 10 para Nespresso embalagem 12 cápsulas,Nicola,,"3,15 €","(0,26 € / Unidade)",
Old El Paso Molho Thick'n Chunky frasco 226 g,Old El Paso,,"4,11 €","(18,19 € / Kg)",
"Casa do Porco Preto Presunto Ibérico 24 Meses unidade 6,75 kg",Casa do Porco Preto,,"249,00 €/kg",,
Reese's Chocolate de Leite com Manteiga de Amendoim 5 Cups embalagem 77 g,Reese's,,"2,19 €","(28,44 € / Kg)",
Grão Vasco Vinho Tinto do Dão garrafa 75 cl,Grão Vasco,,"3,99 €","(5,32 € / Litro)",
Ferreira Vinho do Porto Datado 20 Anos garrafa 75 cl,Ferreira,,"42,50 €","(56,67 € / Litro)",
Codyfer Palmilhas Recortáveis Tamanho 21-36 embalagem 1 par,Codyfer,,"3,79 €","(3,79 € / Unidade)",
Ultra Suave Tesouros de Mel Creme de Pentear Reconstituinte para Cabelos Frágeis embalagem 200 ml,Ultra Suave Tesouros de Mel,,"4,99 €","(24,95 € / Litro)",
"Trident Pastilhas de Melão-Melancia sem Açúcar embalagem 14,5 g",Trident,,"1,05 €","(72,41 € / Kg)",
Green Shield Toalhitas de Limpeza para Cabedal embalagem 50 unidades,Green Shield,,"5,25 €","(0,10 € / Unidade)",
Maltesers Drageias de Chocolate embalagem 85 g,Maltesers,,"2,19 €","(25,76 € / Kg)",
Chupa Chups Caramelos Creepy Mix embalagem 400 g,Chupa Chups,,"5,19 €","(12,98 € / Kg)",
Aneto Caldo Natural de Legumes embalagem 500 ml,Aneto,,"3,09 €","(6,18 € / Litro)",
El Corte Inglés Raviolis Recheados com Boletus embalagem 250 g,El Corte Inglés,,"2,09 €","(8,36 € / Kg)",
Flor das Hortas Molho para Francesinha garrafa 500 ml,Flor das Hortas,,"2,09 €","(4,18 € / Litro)",
Fortunna Naturally Unique T-Bone de Novilho Maturada 21 Dias kg,Fortunna Naturally Unique,,"14,37 €","(23,95 € / Kg)",
Massas Espirais 100% Espelta Bio embalagem 500 g,,,"4,79 €","(9,58 € / Kg)",
Fapil Cedro Anti-Traça Natural 12 unidades,Fapil,,"6,39 €","(6,39 € / Unidade)",
Original Vinho Rosé Syrah sem Álcool garrafa 1 L,Original,,"4,99 €","(4,99 € / Litro)",
Green Vie Fatias com Sabor Cheddar Vegan sem Lactose e sem Glúten embalagem 180 g,Green Vie,,"3,55 €","(19,72 € / Kg)",
Vinha Grande Vinho Branco do Douro garrafa 75 cl,Vinha Grande,,"9,99 €","(13,32 € / Litro)",
Regina Bota de Natal com Fantasias embalagem 130 g,Regina,,"4,15 €","(31,92 € / Kg)",
Fairy Espuma Activa Detergente de Lavagem à Mão para Loiça 375 ml,Fairy Espuma Activa,,"3,89 €","(10,37 € / Litro)",
Cortes de Cima Vinho Tinto do Alentejo Amphora garrafa 75 cl,Cortes de Cima,,"17,45 €","(23,27 € / Litro)",
Kit Gin Lovers,,,"59,99 €","(59,99 € / Unidade)",
Lindt Gold Chocolate Preto com Amêndoa e Laranja embalagem 300 g,Lindt Gold,,"7,99 €","(26,63 € / Kg)",
Campofrio Fiambre de Peru em Fatias Finas sem Glúten embalagem 90 g,Campofrio,,"1,30 €","(14,44 € / Kg)",
Margão Noz Moscada com Moinho frasco 30 g,Margão,,"4,49 €","(149,67 € / Kg)",
Diese Bolachas Artesanais com Sésamo e Baunilha sem Glúten embalagem 125 g,Diese,,"2,69 €","(21,52 € / Kg)",
Oral-B 3D White Luxe Pasta de Dentes Brilho Glamoroso embalagem 75 ml,Oral-B 3D White Luxe,,"4,49 €","(59,87 € / Litro)",
El Corte Inglés Café Solúvel embalagem 200 g,El Corte Inglés,,"3,39 €","(16,95 € / Kg)",
Hell Energy Bebida Energética Energy Zero lata 25 cl,Hell Energy,,"0,79 €","(3,16 € / Litro)",
Vanish Oxi Advance Pink embalagem 400 g,Vanish,,"8,99 €","(22,48 € / Kg)",
Victor Fernandes Manteiga de Ovelha de Azeitão unidade 125 g,Victor Fernandes,,"4,95 €","(39,60 € / Kg)",
Veuve Clicquot Champanhe Rosé Ice Jacket garrafa 75 cl,Veuve Clicquot,,"69,95 €","(93,27 € / Litro)",
Beyra Vinho Tinto da Beira Interior Reserva garrafa 75 cl,Beyra,,"9,49 €","(12,65 € / Litro)",
Nivea Q10 Plus Máscara Anti-Rugas Suavizante para Todos os Tipos de Pele embalagem 15 ml,Nivea Q10 Plus,,"2,99 €","(139,33 € / Litro)","2,99 €"
Colgate Pasta de Dentes Max White Ultra embalagem 50 ml,Colgate,,"5,69 €","(113,80 € / Litro)",
El Almendro Torrão Chocltate 70% com Amêndoas embalagem 285 g,El Almendro,,"5,99 €","(21,02 € / Kg)",
Oleander Amêndoas Biológicas com Pele embalagem 200 g,Oleander,,"5,99 €","(29,95 € / Kg)",
Pur Natur Iogurte Natural Biológico embalagem 150 g,Pur Natur,,"1,39 €","(9,27 € / Kg)",
Koala Noodles com Carne embalagem 65 g,Koala,,"1,15 €","(17,69 € / Kg)",
Sabita Pasta Biryani embalagem 40 g,Sabita,,"1,79 €","(44,75 € / Kg)",
La Piara Beringelas com Tahini Vegan embalagem 180 g,La Piara,,"4,15 €","(23,06 € / Kg)",
Nivea Naturally Clean Barra de Limpeza Facial Refrescante com Óleo de Amêndoa e Mirtilo Ecológico embalagem 75 g,Nivea Naturally Clean,,"7,49 €","(99,87 € / Kg)",
El Corte Inglés Mexilhões em Escabeche 13-18 Unidades lata 69 g,El Corte Inglés,,"1,95 €","(28,26 € / Kg)",
Babaria Desodorizante Roll On Zero embalagem 50 ml,Babaria,,"2,19 €","(43,80 € / Litro)",
Neolar Corda Multiusos 20 m,Neolar,,"3,15 €","(0,02 € / Metro)",
Clementina Nacional Peso Aproximado por unidade 125 g,,,"2,49 €/kg",,
Evax Fina & Segura Pensos Higiénicos Normal embalagem 16 unidades,Evax Fina & Segura,,"1,99 €","(0,12 € / Unidade)",
Espirais Tricolores embalagem 500 g,,,"0,99 €","(1,98 € / Kg)",
Mar de Frades Vinho Branco de Espanha Rias Baixas Albariño garrafa 75 cl,Mar de Frades,,"15,90 €","(21,20 € / Litro)",
Glade Ambientador Eléctrico Cidra recarga 40 ml,Glade,,"12,98 €","(324,50 € / Litro)",
Barriga Fumada Bio ao peso 1 kg,,,"39,95 €","(39,95 € / Kg)",
Smarties Iogurte Bicompartimentado de Morango Pack 2 embalagem 118 g,Smarties,,"2,54 €","(8,86 € / Kg)","2,54 €"
TRESEMME Shampoo Pure Color embalagem 380 ml,TRESEMME,,"4,79 €","(12,61 € / Litro)",
Giovanni Rana de La Huerta Ravioli de Alcachofras embalagem 250 g,Giovanni Rana de La Huerta,,"3,69 €","(14,76 € / Kg)",
Izidoro o Charcuteiro Peito de Frango em Forno a Lenha em Fatias Finas embalagem 110 g,Izidoro o Charcuteiro,,"2,45 €","(22,27 € / Kg)",
Gullón Bolachas de 5 Cereais Vitalday com Frutos Vermelhos embalagem 240 g,Gullón,,"2,55 €","(10,62 € / Kg)",
Gavottes Crêpe Dentelle Chocolate de Leite embalagem 90 g,Gavottes,,"3,75 €","(41,67 € / Kg)",
Soignon Queijo Rolo de Cabra unidade 180 g,Soignon,,"3,79 €","(21,06 € / Kg)",
Vitacress Batata Primor Mini para Assar embalagem 500 g,Vitacress,,"2,49 €","(4,98 € / Kg)",
Folhado de Espinafres unidade 120 g,,,"1,09 €","(9,08 € / Kg)",
La Toja Desodorizante Protect & Free 0% Alumínio Toranja e Framboesa Roll-On embalagem 50 ml,La Toja,,"2,49 €","(4,98 € / 10 ml.)",
Al Amier Água de Rosas frasco 50 ml,Al Amier,,"3,39 €","(67,80 € / Litro)",
Eric Kayser Mini Cereais embalagem 3 unidades,Eric Kayser,,"2,25 €","(0,75 € / Unidade)",
Ach Brito Sabonete Leite de Burra embalagem 100 g,Ach Brito,,"2,19 €","(21,90 € / Kg)",
Monsaraz Vinho Tinto do Alentejo Reserva garrafa 75 cl,Monsaraz,,"6,99 €","(9,32 € / Litro)",
Veet Creme Descolorante Pack 2 embalagem 30 ml,Veet,,"6,99 €","(116,50 € / Litro)",
Pescanova Miolo de Camarão Grande 40/60 embalagem 200 g,Pescanova,,"5,99 €","(29,95 € / Kg)",
Belfine Chupa Chupa de Chocolate Pai Natal embalagem 35 g,Belfine,,"2,29 €","(65,43 € / Kg)",
President Queijo Ralado Emmental unidade 150 g,President,,"2,99 €","(19,93 € / Kg)",
Albino Armani Vinho Branco de Itália Pinot Grigio garrafa 75 cl,Albino Armani,,"8,45 €","(11,27 € / Litro)",
Glade Ambientador Toque & Fresh Bali Sandalwood & Jasmine recarga 10 ml,Glade,,"3,49 €","(34,90 € / 10 ml.)",
Encinas de Hurtada Chouriço Cular Ibérico 1/2,Encinas de Hurtada,,"22,95 €/kg",,
Vileda Película Aderente embalagem 50 m,Vileda,,"3,99 €","(0,08 € / Metro)",
Kilom Coxas de Frango Peso Aproximado por cuvete 500 g,Kilom,,"2,90 €","(5,79 € / Kg)",
Natural One 100% Sumo de Uva e Maçã embalagem 300 ml,Natural One,,"1,99 €","(6,63 € / Litro)",
Ideal Leite Evaporado sem Lactose embalagem 525 g,Ideal,,"2,79 €","(5,31 € / Kg)",
Adega Cooperativa Ponte de Lima Vinho Verde Loureiro Colheita Seleccionada Branco garrafa 75 cl,Adega Cooperativa Ponte de Lima,,"6,25 €","(8,33 € / Litro)",
El Corte Inglés Milho Gigante Frito com Sal sem Glúten embalagem 150 g,El Corte Inglés,,"0,99 €","(6,60 € / Kg)",
Glade Ambientador Touch & Fresh Lavanda recarga 10 ml,Glade,,"3,49 €",(349 € / Litro),
Quinta das Lamelas Vinho do Porto 30 Anos garrafa 75 cl,Quinta das Lamelas,,"78,50 €","(104,67 € / Litro)",
Carmencita Preparado para Paellero Valenciana embalagem 12 g,Carmencita,,"3,09 €","(257,50 € / Kg)",
Pescanova Tiras do Mar Polme Crocante embalagem 1 kg,Pescanova,,"11,99 €","(11,99 € / Kg)",
Milaneza Espirais Tricolores embalagem 500 g,Milaneza,,"2,15 €","(4,30 € / Kg)",
Delverde Massa Penne com Grão embalagem 450 g,Delverde,,"2,59 €","(5,76 € / Kg)",
Duracell Pilhas Alcalina Ultra Power C LR03 / MX 2400 embalagem 4 unidades,Duracell,,"4,99 €","(1,25 € / Unidade)",
Estufar de Vitela Peso Aproximado por cuvete 250 g,,,"3,44 €","(13,75 € / Kg)",
"El Corte Inglés Detergente Lava-Loiça Diluído embalagem 1,3 L",El Corte Inglés,,1 €,"(0,77 € / Litro)",
Schar Massa Fusilli sem Glúten embalagem 500 g,Schar,,"3,55 €","(7,10 € / Kg)",
Iswari Mistura Exótico Pepitas de Cacau com Açúcar de Coco Biológico embalagem 100 g,Iswari,,"4,99 €","(49,90 € / Kg)",
Medina Bagas de Goji embalagem 200 g,Medina,,"5,40 €",(27 € / Kg),
Té O Infusão Detox Biológica embalagem 75 g,Té O,,"2,99 €","(39,87 € / Kg)",
Triunfo Digestive Bolachas Digestivas Finas de Chocolate Preto embalagem 170 g,Triunfo Digestive,,"2,49 €","(14,65 € / Kg)",
Avibom Peito de Pato Peso Aproximado por embalagem 250 g,Avibom,,"17,95 €/kg",,"17,95 €/kg"
Compal Clássico Néctar de Pêssego embalagem 1 L,Compal Clássico,,"1,49 €","(1,49 € / Litro)",
Real Natura Óleo Capilar Intensivo Pro-Lisos Anti-Frizz com Óleo de Argão embalagem 100 ml,Real Natura,,"7,20 €",(72 € / Litro),
Ulric de Varens Colónia Feminina Mini Love embalagem 25 ml,Ulric de Varens,,"4,59 €","(183,60 € / Litro)",
Wilkinson Quattro For Women Lâminas Depilatórias Recarga Pack 3 + 1 Grátis embalagem 4 unidades,Wilkinson Quattro For Women,,"10,65 €","(3,55 € / Unidade)",
Porca de Murça Vinho Branco do Douro garrafa 75 cl,Porca de Murça,,"4,79 €","(6,39 € / Litro)",
Syoss Oleo Intense Coloração Nº 5-86 Castanho Caramelo embalagem 1 unidade,Syoss Oleo Intense,,"11,29 €","(11,29 € / Unidade)",
Delta Q Chá Verde Purify embalagem 10 cápsulas,Delta Q,,"3,99 €","(0,40 € / Unidade)",
Ultra Suave Delicadeza de Aveia Champô Apaziguante para Cabelos Delicados embalagem 400 ml,Ultra Suave Delicadeza de Aveia,,"5,59 €","(13,98 € / Litro)",
Georgette Salmão com Segurelha em Azeite lata 120 g,Georgette,,"5,45 €","(45,42 € / Kg)",
Le Gourmet Bolo de Natal de Manteiga Stollen embalagem 500 g,Le Gourmet,,"6,45 €","(12,90 € / Kg)",
Kikkoman Pão Ralado Panko embalagem 227 g,Kikkoman,,"3,39 €","(14,93 € / Kg)",
Aliada Caudas de Tamboril 3/4 Peças embalagem 540 g,Aliada,,"4,39 €","(8,13 € / Kg)",
Nivea Kit Men Cool Fresh pack 1 unidade,Nivea,,"15,39 €","(9,99 € / Unidade)","15,39 €"
Cem Porcento Bolachas Wafer de Fibra e Iogurte embalagem 180 g,Cem Porcento,,"2,19 €","(12,17 € / Kg)",
Colgate Escova de Dentes Pack 1+1 embalagem 1 unidade,Colgate,,"3,99 €","(3,99 € / Unidade)",
Milka Mini Cookies embalagem 110 g,Milka,,"1,99 €","(18,09 € / Kg)",
Ausonia Evax Discreet Ultra Dia e Noite embalagem 12 unidades,Ausonia,,"7,99 €","(0,67 € / Unidade)",
Helios Doce Extra de Ameixa sem Glúten Biológico frasco 350 g,Helios,,"3,89 €","(11,11 € / Kg)",
Sanex Sabonete Liquido Sensitive Zero% embalagem 250 ml,Sanex,,"3,79 €","(15,16 € / Litro)",
Maçã Esmolfe peso aproximado por cuvete 1 kg,,,"4,59 €/kg",,
Lacasa Chocolate Preto 70% Cacau sem Glúten embalagem 100 g,Lacasa,,"2,19 €","(21,90 € / Kg)",
Pantaniscas de Bacalhau caixa 4 unidades,,,6 €,,
"Outono de Santar Vinho Branco do Dão DOC Colheita Tardia garrafa 37,5 cl",Outono de Santar,,"21,90 €","(58,40 € / Litro)",
Elpozo Bacon em Fatias sem Lactose e sem Glúten embalagem 150 g,Elpozo,,"2,99 €","(19,93 € / Kg)",
Espiga Cravinho Moído frasco 45 g,Espiga,,"3,15 €",(70 € / Kg),
Vernel Suprême Amaciador para a Roupa Elegance Concentrado embalagem 1050 ml,Vernel Suprême,,"7,99 €","(7,61 € / Litro)",
Kwak Cerveja da Bélgica Pack 4 + Copo garrafa 33 cl,Kwak,,"29,95 €","(22,69 € / Litro)",
Borges Vinho do Porto Tawny Reserva garrafa 75 cl,Borges,,"12,45 €","(16,60 € / Litro)",
El Corte Inglés Papel Higiénico 2 Capas embalagem 12 unidades,El Corte Inglés,,"2,70 €","(0,22 € / Unidade)",
Heinz Molho Clássico BBQ embalagem 400 ml,Heinz,,"3,79 €","(9,48 € / Litro)",
Knorr Sopa Ecónomica de Cebola 4 porções embalagem 50 g,Knorr,,"1,09 €","(21,80 € / Kg)",
Hot Nuts Aperitivos Gin&Tonic embalagem 150 g,Hot Nuts,,"3,09 €","(20,60 € / Kg)",
Nescafé Clássico Café Solúvel 10 Saquetas embalagem 20 g,Nescafé Clássico,,"1,59 €","(79,50 € / Kg)",
Knorr Vitalie Caldo Vitalie de Galinha 8 Cubos (-30% de sal) embalagem 80 g,Knorr Vitalie,,"2,30 €","(28,75 € / Kg)",
Albiero Queijo Provolone Doce,Albiero,,"15,99 €/kg",,
Fita Azul Espumante Reserva Meio Seco garrafa 75 cl,Fita Azul,,"5,99 €","(7,99 € / Litro)",
Maltesers Calendário Reindeer Advento Merryteaser embalagem 108 g,Maltesers,,"4,45 €","(41,20 € / Kg)",
Búfalo Cera Acrílica Vermelha para Tijoleira 500 ml,Búfalo,,"6,25 €","(12,50 € / Litro)",
Tamboril 1/3 kg 2 kg,,,"9,99 €/kg",,
Terra Nostra Queijo Flamengo de Pastagem Ralado frasco 150 g,Terra Nostra,,"2,09 €","(13,93 € / Kg)",
Carina Pastéis de Bacalhau 12 Unidades embalagem 350 g,Carina,,"2,89 €","(8,26 € / Kg)",
El Corte Inglés Bio Flocos de Milho Tostados Biológicos embalagem 400 g,El Corte Inglés Bio,,"3,15 €","(7,88 € / Kg)",
Cadão Vinho Tinto do Douro garrafa 75 cl,Cadão,,"4,25 €","(5,67 € / Litro)",
Becel Pro Activ Creme para Barrar Vegetal embalagem 450 unidade,Becel Pro Activ,,"6,99 €","(15,53 € / Kg)",
Real Lavrador Vinho Tinto do Alentejo garrafa 75 cl,Real Lavrador,,"2,49 €","(3,32 € / Litro)",
Legado Presunto Ibérico em Fatias unidade 60 g,Legado,,"4,99 €","(83,17 € / Kg)",
Lay's Batatas Fritas Gourmet embalagem 170 g,Lay's,,"2,29 €","(13,47 € / Kg)",
Frize Água com Gás com Sabor a Groselha Pack 4 garrafa 25 cl,Frize,,"2,79 €","(2,79 € / Litro)",
Avianense Calendário de Natal embalagem 72 g,Avianense,,"2,29 €","(31,81 € / Kg)",
Maybelline Super Stay 24h Pó Compacto Nº 21 Nude embalagem 1 unidade,Maybelline Super Stay 24h,,"12,99 €","(12,99 € / Unidade)",
Dompal Morcela de Arroz Origem Burgos embalagem 300 g,Dompal,,"2,25 €","(7,50 € / Kg)",
Condi Folhas de Gelatina Incolor embalagem 7 g,Condi,,"0,89 €","(127,14 € / Kg)",
Dom Diogo Vinho Tinto Verde Vinhão garrafa 75 cl,Dom Diogo,,"4,99 €","(6,65 € / Litro)",
Nobre Feijoada à Transmontana lata 500 g,Nobre,,"2,35 €","(4,70 € / Kg)",
Dove Go Fresh Desodorizante de Pera e Aloe Vera Roll-On embalagem 50 ml,Dove Go Fresh,,"2,79 €","(55,80 € / Litro)",
Tio Resti Tarte de Queijo sem Glúten,Tio Resti,,"10,69 €/kg",,
Lombo de Porco Peso Aproximado 1 kg,,,"4,95 €/kg",,
Cabriz Vinho Tinto do Dão Colheita Seleccionada garrafa 75 cl,Cabriz,,"3,99 €","(5,32 € / Litro)",
Nestlé Chocolate de Culinária Ganache de Laranja tablete 144 g,Nestlé,,"3,59 €","(24,93 € / Kg)",
El Corte Inglés Amaciador para a Roupa Rosa Mosqueta Concentrado embalagem 80 doses,El Corte Inglés,,"2,30 €","(0,03 € / Dose)",
Poppenburger Salsichas Bockwurst frasco 200 g,Poppenburger,,"4,45 €","(22,25 € / Kg)",
Biscoitos de Sintra Broas de Noz e Mel embalagem 330 g,Biscoitos de Sintra,,"4,25 €","(12,88 € / Kg)",
Tabasco Molho Suave com Alho frasco 60 ml,Tabasco,,"2,95 €","(49,17 € / Litro)",
La Piara Hummus frasco 200 g,La Piara,,"2,99 €","(14,95 € / Kg)",
Xau Limpa Máquinas da Roupa Express 8 Acções embalagem 250 ml,Xau,,"9,99 €","(19,96 € / Litro)","9,99 €"
Vasco da Gama Filetes de Atum ao Natural frasco 200 g,Vasco da Gama,,"4,39 €","(21,95 € / Kg)",
Milaneza Esparguete embalagem 500 g,Milaneza,,"0,97 €","(1,94 € / Kg)",
Pepino Peso Aproximado por unidade 310 g,,,"1,89 €/kg",,
Nicola Café Descafeinado Aroma e Leveza para Nespresso Intensidade 5 embalagem 12 cápsulas,Nicola,,"3,15 €","(0,26 € / Unidade)",
Ficacci Azeitonas Receita Napolitana unidade 150 g,Ficacci,,"2,99 €","(19,93 € / Kg)",
Smint Balsámico Rebuçados de Eucalipto sem Açúcar Pack 2 embalagem 35 g,Smint Balsámico,,"3,69 €","(105,43 € / Kg)",
El Corte Inglés Gelado com Amêndoa sem Glúten Pack 4 embalagem 440 ml,El Corte Inglés,,"1,55 €","(3,52 € / Litro)",
Izidoro O Merceeiro Salsichas Mini Cocktail lata 175 g,Izidoro O Merceeiro,,"2,59 €","(15,24 € / Kg)",
Renova Sensitive Lenços de Bolso 6 unidades,Renova Sensitive,,"0,99 €","(0,16 € / Unidade)",
Renova Papel Higiénico Orange 2 unidades,Renova,,"3,38 €","(1,69 € / Unidade)",
Milka Chocolate de Leite Recheado com Iogurte de Morango embalagem 100 g,Milka,,"1,69 €","(16,90 € / Kg)",
Pur Natur Manteiga com Flor de Sal Biológica embalagem 200 g,Pur Natur,,"4,49 €","(22,45 € / Kg)",
Incap Rebuçados Spichi de Citrinos embalagem 125 g,Incap,,"0,99 €","(7,92 € / Kg)",
Próvida Manteiga Choco com Avelã e Coco Biológica embalagem 200 g,Próvida,,"4,99 €","(24,95 € / Kg)",
El Pozo Bacon Manta embalagem 1 kg,El Pozo,,"12,99 €","(12,99 € / Kg)",
"Corona Cerveja do México Extra garrafa 35,5 cl",Corona,,"1,69 €","(4,76 € / Litro)",
Margão Aneto Endro frasco 10 g,Margão,,"3,39 €",(339 € / Kg),
"Bledina Saqueta de Maçã, Banana e Frutos do Bosque Fruta Pura sem Adição de Açúcares embalagem 85 g",Bledina,,"1,04 €","(12,24 € / Kg)",
El Corte Inglés Pudim Flan de Ovo Pack 4 embalagem 100 g,El Corte Inglés,,"1,69 €","(4,22 € / Kg)",
Valsoia Pudim de Cacau Pack 4 unidades embalagem 230 g,Valsoia,,"1,79 €","(7,78 € / Kg)",
Nova Classe Palhinhas Flexíveis embalagem 20 unidades,Nova Classe,,"1,99 €","(0,10 € / Unidade)",
Alternativa 3 Café Moído Peru Biológico embalagem 250 g,Alternativa 3,,"6,19 €","(24,76 € / Kg)",
Lindt Excellence Chocolate Preto Suave 90% de Cacau embalagem 100 g,Lindt Excellence,,"3,39 €","(33,90 € / Kg)",
Sorini Bombons Branco embalagem 500 g,Sorini,,"7,95 €","(15,90 € / Kg)",
Flor de Burgos Queijo Fresco sem Lactose embalagem 250 g,Flor de Burgos,,"2,99 €","(11,96 € / Kg)",
Veckia Escova de Dentes Dura embalagem 1 unidade,Veckia,,"1,45 €","(1,45 € / Unidade)",
Dez Prá Uma Tarte de Alho Francês e Bacon até 10 pessoas embalagem 1850 g,Dez Prá Uma,,24 €,"(12,97 € / Kg)",
Nivea Men Protect & Care Desodorizante Roll-On embalagem 50 ml,Nivea Men Protect & Care,,"4,49 €","(89,80 € / Litro)",
Tgt Queijo de França Brie de Longa Duração embalagem 125 g,Tgt,,"2,69 €","(21,52 € / Kg)",
Quinta do Carmo Vinho Branco do Alentejo Reserva garrafa 75 cl,Quinta do Carmo,,"19,45 €","(25,93 € / Litro)",
TRESEMME Shampoo Pro Pure Damage Recovery embalagem 380 ml,TRESEMME,,"4,79 €","(12,61 € / Litro)",
D'El Rey Polvo Peso Aproximado por embalagem 6 kg,D'El Rey,,"39,35 €/kg",,
Miravalles Biqueirão em Vinagre de Maçã embalagem 100 g,Miravalles,,"2,49 €","(24,90 € / Kg)",
El Corte Inglés Bio Sobremesa de Aveia Chocolate Biológica sem Lactose Pack 2 embalagem 250 g,El Corte Inglés Bio,,"1,99 €","(7,96 € / Kg)",
Sensodyne Acção Completa Escova de Dentes Média embalagem 1 unidade,Sensodyne Acção Completa,,"4,29 €","(4,29 € / Unidade)",
Oedipus Cerveja Artesanal Mango Sour garrafa 33 cl,Oedipus,,"3,99 €","(12,09 € / Litro)",
Jardin Bio Pão de Especiarias com Xarope de Agave embalagem 300 g,Jardin Bio,,"5,19 €","(17,30 € / Kg)",
Coca-Cola Refrigerante com Gás Zero Açúcar Vidro garrafa 1 L,Coca-Cola,,"1,60 €","(1,60 € / Litro)",
Barranco Longo Vinho Tinto do Algarve Reserva garrafa 75 cl,Barranco Longo,,"14,45 €","(19,27 € / Litro)",
Veckia Laca Forte Brilho e Suavidade embalagem 400 ml,Veckia,,"2,25 €","(0,56 € / 10 ml.)",
Soflan Detergente Liquido para Roua Delicada Cores Intensas e Perfumadas embalagem 1800 ml,Soflan,,"11,99 €","(6,66 € / Litro)",
Mentolin Caramelos de Mel e Mentol sem Açúcar embalagem 115 g,Mentolin,,"2,19 €","(21,90 € / Kg)",
Martin Miller's Gin Alecrim garrafa 70 cl,Martin Miller's,,"28,90 €","(41,29 € / Litro)",
Larsa Iogurte Bifidus Natural embalagem 125 g,Larsa,,"0,38 €","(3,04 € / Kg)",
Indu Clen Indução Desengordurante Spray embalagem 450 ml,Indu Clen,,"5,99 €","(13,31 € / Litro)",
Lindt Bombom Lindor de Leite embalagem 3 kg,Lindt,,111 €,(37 € / Kg),
Lindamccartney Empadas Vegan embalagem 380 g,Lindamccartney,,"4,49 €","(11,82 € / Kg)",
"Delicatalia Barras de Quinoa e Cacau Vegan, sem Lactose, sem Glúten, Biológicas Pack 3 embalagem 30 g",Delicatalia,,"4,09 €","(45,44 € / Kg)",
Dois Corvos Cerveja Artesanal Matiné Session IPA garrafa 33 cl,Dois Corvos,,"2,59 €","(7,85 € / Litro)",
Renova Grand Royal Papel Higiénico embalagem 6 unidades,Renova Grand Royal,,"3,15 €","(0,52 € / Unidade)",
Durex Natural Comfort Preservativos embalagem 12 unidades,Durex Natural Comfort,,"9,99 €","(0,83 € / Unidade)",
Royal Chantilly embalagem 72 g,Royal,,"1,99 €","(27,64 € / Kg)",
Regina Chocolate Preto embalagem 100 g,Regina,,"1,65 €","(16,50 € / Kg)",
Pastoret Iogurte com Manga Biológico embalagem 135 g,Pastoret,,"1,69 €","(12,52 € / Kg)",
H&S Champô Anti-Caspa Limpeza Profunda Purificante embalagem 300 ml,H&S,,"6,59 €","(21,97 € / Litro)",
Biedermann Cocogurte de Manga Vegan Biológico embalagem 150 g,Biedermann,,"2,09 €","(13,93 € / Kg)",
Bimbo Pão de Forma Integral de 10 Cereais e Sementes embalagem 650 g,Bimbo,,"2,09 €","(3,22 € / Kg)",
Naturefoods Waffles de Avelã Tipo Stroop Wafels Biológicos embalagem 175 g,Naturefoods,,"2,35 €","(13,43 € / Kg)",
Palmolive Memories Flower Sabonete Líquido para as Mãos Neutralizador de Odores embalagem 300 ml,Palmolive Memories Flower,,"3,79 €","(12,63 € / Litro)",
Lindt Chocolate de Culinária Posters com 51% de Cacau tablete 200 g,Lindt,,"2,99 €","(14,95 € / Kg)",
Quinta dos Carvalhais Vinho Branco do Dão garrafa 75 cl,Quinta dos Carvalhais,,"8,99 €","(11,99 € / Litro)",
Soft&Co Óleo Essencial de Lavanda embalagem 40 ml,Soft&Co,,"7,05 €","(176,25 € / Litro)",
Riegele Cerveja da Alemanha Augustus Weizendoppelbock garrafa 33 cl,Riegele,,"2,99 €","(9,06 € / Litro)",
Dodot Happyjama Cuecas Absorventes 27-57 Kg Menino 8-12 Anos embalagem 13 unidades,Dodot Happyjama,,"14,99 €","(1,15 € / Unidade)",
Carlota Organic Pesto Manjerição frasco 140 g,Carlota Organic,,"4,25 €","(30,36 € / Kg)",
Robalo de Aquicultura 400/600 Peso Aproximado por unidade 500 g,,,"8,49 €/kg",,
"5 Jotas Presunto da Pá 100% Ibérico1 Bolota com Caixa unidade 5,500 kg",5 Jotas,,649 €,(118 € / Kg),
My Smoothie 100% Sumo de Morango embalagem 25 cl,My Smoothie,,"1,45 €","(5,80 € / Litro)",
Ulric de Varens Colónia Masculina Version Black embalagem 100 ml,Ulric de Varens,,"11,59 €","(115,90 € / Litro)",
Carley's Creme de Barrar com Amêndoa e Chia sem Glúten Biológico frasco 250 g,Carley's,,"11,49 €","(45,96 € / Kg)",
Mimosa Receita Clássica Iogurte Cremoso de Morango Pack 3 embalagem 125 g,Mimosa Receita Clássica,,"2,49 €","(6,64 € / Kg)",
El Corte Inglés Bebida Láctea Ómega 3 embalagem 1 L,El Corte Inglés,,"1,15 €","(1,15 € / Litro)",
Facialderm Máscara Ultra Hidratante para Rosto e Pescoço embalagem 1 unidade,Facialderm,,"5,49 €","(5,49 € / Unidade)",
Herbas Infusão Lúcia e Lima Bio bolsa 30 g,Herbas,,"3,99 €",(133 € / Kg),
Mentos Rebuçados Tropical Mix embalagem 160 g,Mentos,,"2,19 €","(13,69 € / Kg)",
KTC Pasta de Gengibre frasco 210 g,KTC,,"2,85 €","(13,57 € / Kg)",
"Nutriva Toucinho do Céu unidade 1,2 kg",Nutriva,,"18,95 €","(15,79 € / Kg)",
Simplu Granola Citric com Maracujá e Limão Vegan sem Glúten Biológica embalagem 300 g,Simplu,,"8,25 €","(27,50 € / Kg)",
Margão Alho com Moínho frasco 40 g,Margão,,"4,49 €","(112,25 € / Kg)",
Salutem Bulgur Extra Baixo Teor de Sal embalagem 500 g,Salutem,,"1,96 €","(3,92 € / Kg)",
La Española Azeitonas Verdes Recheadas com Pimento lata 300 g,La Española,,"2,79 €","(9,30 € / Kg)",
Cem Porcento Infusão Chá Verde Biológica embalagem 13 g,Cem Porcento,,"0,99 €","(76,15 € / Kg)",
Vicenzi Bolos Sem Gluten Lady Fing embalagem 125 g,Vicenzi,,"3,29 €","(26,32 € / Kg)",
El Corte Inglés Costeletas do Lombo e do Pé de Porco Preto Peso Aproximado 350 g,El Corte Inglés,,"16,75 €/kg",,"16,75 €/kg"
Noel Peito de Frango em Fatias sem Glúten embalagem 110 g,Noel,,"2,19 €","(19,91 € / Kg)",
Beiralacte Queijo de Cabra Curado Metades Peso Aproximado por unidade 400 g,Beiralacte,,"23,89 €/kg",,
Special Line Bebida de Arroz sem Açúcar embalagem 1 L,Special Line,,"1,19 €","(1,19 € / Litro)",
Milhafre Leite de Pastagem Magro Biológico embalagem 1 L,Milhafre,,"1,29 €","(1,29 € / Litro)",
Carlota Organic Paté de Tomates Frescos frasco 140 g,Carlota Organic,,"3,99 €","(28,50 € / Kg)",
El Corte Inglés Recarga Espanador com Cabo embalagem 5 unidades,El Corte Inglés,,"2,35 €","(0,47 € / Unidade)",
Gancia Espumante Prosecco garrafa 75 cl,Gancia,,"9,69 €","(9,72 € / Litro)","9,69 €"
Hadjipieris Queijo Halloumi unidade 200 g,Hadjipieris,,"3,39 €","(16,95 € / Kg)",
"Nan Leite de Continuação Optipro 2 desde 6 meses embalagem 1,2 kg",Nan,,"22,65 €","(18,88 € / Kg)",
El Navarrico Pimentos de Cristal frasco 125 g,El Navarrico,,"7,95 €","(63,60 € / Kg)",
Domestos Lixívia em Gel Original 750 ml,Domestos,,"2,49 €","(3,32 € / Litro)",
Comfort Amaciador de Roupa Essencia Creations Lírios Morango embalagem 80 doses,Comfort,,"9,99 €","(0,12 € / Dose)",
Château Les Guizats Vinho Branco de França Sauternes garrafa 75 cl,Château Les Guizats,,"23,75 €","(31,67 € / Litro)",
Kinder Chocolate de Leite Pack 24 embalagem 300 g,Kinder,,"4,19 €","(13,97 € / Kg)",
El Caserio Caramelos de Pinhão embalagem 500 g,El Caserio,,"9,95 €","(19,90 € / Kg)",
Hagerty Limpa Pratas 2 L,Hagerty,,"29,35 €","(14,68 € / Litro)",
Margão Paprika frasco 45 g,Margão,,"2,19 €","(48,67 € / Kg)",
Dettol Sabonete Líquido para as Mãos de Lavanda embalagem 250 ml,Dettol,,"3,99 €","(15,96 € / Litro)",
Barranco Longo Vinho Tinto do Algarve Private Selection garrafa 75 cl,Barranco Longo,,"9,50 €","(12,67 € / Litro)",
Aguinamar Miolo de Camarão ao Natural embalagem 90 g,Aguinamar,,"3,99 €","(44,33 € / Kg)",
Quinta de Ventozelo Vinho do Porto Vintage 2019 garrafa 75 cl,Quinta de Ventozelo,,"64,90 €","(86,53 € / Litro)",
Nivea Protect e Bronze Creme de Mãos Luminous SPF15 embalagem 50 ml,Nivea Protect e Bronze,,"6,99 €","(139,80 € / Litro)",
Pescanova Lombos de Pescada do Cabo 4 Unidades embalagem 360 g,Pescanova,,"6,99 €","(19,42 € / Kg)",
Dalva Vinho do Porto Colheita White garrafa 75 cl,Dalva,,"34,90 €","(46,53 € / Litro)",
Eric Kayser Baguette de Cereais unidade 280 g,Eric Kayser,,"2,50 €","(8,93 € / Kg)",
Papaia de Avião Frutana Selecção Peso Aproximado por unidade 500 g,,,"5,99 €/kg",,
Bahlsen Waffeletten Bolachas Wafer com Cholate Preto embalagem 100 g,Bahlsen Waffeletten,,"2,19 €","(18,50 € / Kg)","2,19 €"
Rana Gnocchi de Batata embalagem 500 g,Rana,,"2,99 €","(5,98 € / Kg)",
"Labello Protector Labial Blackberry Shine embalagem 5,5 ml",Labello,,"2,79 €","(507,27 € / Litro)",
El Corte Inglés Caldo Líquido de Peixe embalagem 1 L,El Corte Inglés,,"1,09 €","(1,09 € / Litro)",
Babaria Natural Desodorizante Aloe Fresh Sensitive Spray embalagem 200 ml,Babaria Natural,,"3,35 €","(16,75 € / Litro)",
El Corte Inglés Detergente Lava-Tudo embalagem 1 L,El Corte Inglés,,"1,15 €","(1,15 € / Litro)",
Cuétara Bocaditos Bolachas Recheadas com Limão embalagem 150 g,Cuétara Bocaditos,,"1,89 €","(12,60 € / Kg)",
La Dispensa Iogurte de Bufala Natual embalagem 150 g,La Dispensa,,"3,09 €","(23,77 € / Kg)",
Nau do Cacau Chocolate Preto São Tomé e Príncipe com Pimenta da Jamaica 66% Cacau Biológico embalagem 80 g,Nau do Cacau,,"5,29 €","(66,12 € / Kg)",
Atelier do Doce Mini Cheesecake de Frutos Silvestres,Atelier do Doce,,"2,10 €","(2,10 € / Unidade)",
Cantero de Letur Leite de Cabra Semidesnatado Biológico frasco 1 L,Cantero de Letur,,"3,65 €","(3,65 € / Litro)",
Valdecabras Queijo Fresco de Cabra com Sal,Valdecabras,,"19,25 €/kg",,
Cistér Feijão Encarnado Cozido lata 425 g,Cistér,,"0,81 €","(1,91 € / Kg)",
Origens Papas de Aveia com Cacau Raw e Banana Biológica embalagem 300 g,Origens,,"4,99 €","(16,63 € / Kg)",
Linic Men Champô Legend CR7 embalagem 360 ml,Linic Men,,"4,94 €","(13,72 € / Litro)",
Fino Sacos do Lixo 35 L embalagem 30 unidades,Fino,,"1,69 €","(0,06 € / Unidade)",
Barilla Spaghetti Integral n.5 embalagem 500 g,Barilla,,"1,79 €","(3,58 € / Kg)",
Cif Detergente de Lavagem à Mão Ultra Desengordurante Limão Concentrado embalagem 600 ml,Cif,,"2,99 €","(4,98 € / Litro)",
"Maçã Reineta Peso Aproximado por cuvete 1,2 kg",,,"2,99 €","(2,49 € / Kg)",
Ribeiro Santo Vinho Tinto do Dão Reserva garrafa 75 cl,Ribeiro Santo,,"9,95 €","(13,27 € / Litro)",
Renova Black Label Guardanapos Calendário de Advento embalagem 20 g,Renova Black Label,,"1,99 €","(89,50 € / Kg)","1,99 €"
Bioterra Amêndoa com Pele Bio embalagem 200 g,Bioterra,,"4,99 €","(24,95 € / Kg)",
Herbas Infusão Lúcia e Lima Bio embalagem 24 g,Herbas,,"3,95 €","(164,58 € / Kg)",
Cif Perfect Finish Spray Remove Bolores embalagem 435 ml,Cif Perfect Finish,,"4,99 €","(11,47 € / Litro)",
Old El Paso Molho Chunky Dip frasco 312 g,Old El Paso,,"5,18 €","(16,60 € / Kg)",
Vidigueira Vinho Tinto do Alentejo Alicante Bouschet garrafa 75 cl,Vidigueira,,"6,99 €","(9,32 € / Litro)",
Elpozo Salsichão de Perú em Fatias unidade 80 g,Elpozo,,"2,59 €","(32,38 € / Kg)",
Marinhas Queijo Regional de Vaca Mini MG 16% unidade 500 g,Marinhas,,"7,99 €","(15,98 € / Kg)",
Patak's Pasta Caril Extra Forte frasco 283 g,Patak's,,"4,45 €","(15,72 € / Kg)",
Nestlé Golden Grahams Barras de Cereais de Trigo Integral com Leite Pack 8 + 4 Grátis embalagem 300 g,Nestlé Golden Grahams,,"4,39 €","(14,63 € / Kg)",
Iglo Ervilhas Primavera embalagem 800 g,Iglo,,"3,99 €","(4,99 € / Kg)",
Vieira Bolachas Maria Junior Pack 12 embalagem 276 g,Vieira,,"3,39 €","(12,28 € / Kg)",
Condi Gelatina Zero Tangerina embalagem 28 g,Condi,,"1,85 €","(66,07 € / Kg)",
Feijão Vermelho Granel Biológico,,,"6,99 €/kg",,
Paulo Coutinho Vinho Branco do Douro Borrajo garrafa 75 cl,Paulo Coutinho,,"29,90 €","(39,87 € / Litro)",
Boffard Queijo de Ovelha Reserva Peso Aproximado por unidade 3 kg,Boffard,,"26,69 €/kg",,
L'Oréal Elvive Óleo Extraordinário Champô Caracóis Nutridos embalagem 400 ml,L'Oréal,,"5,99 €","(14,98 € / Litro)",
Lacasa Chocolate Preto 85% Cacau com Amêndoas sem Glúten embalagem 200 g,Lacasa,,"3,29 €","(16,45 € / Kg)",
Saborosos Ovos Frescos Classe XL embalagem 6 unidades,Saborosos,,"2,19 €","(0,36 € / Unidade)",
Poveira Filetes de Atum em Azeite lata 120 g,Poveira,,"2,99 €","(24,92 € / Kg)",
Sun All in 1 Detergente para a Máquina da Loiça Hygiene embalagem 100 pastilhas,Sun All in 1,,"29,99 €","(0,30 € / Dose)",
Lola Spray Reparação Total Morte Súbita embalagem 250 ml,Lola,,"11,11 €","(44,44 € / Litro)",
Pedras Água com Gás com Sabor a Limão garrafa 1 L,Pedras,,"1,59 €","(1,59 € / Litro)",
Miravalles Anchovas em Azeite embalagem 100 g,Miravalles,,"6,39 €","(63,90 € / Kg)",
Schweppes Água Tónica Pimenta Rosa Pack 4 garrafa 20 cl,Schweppes,,"6,76 €","(8,45 € / Litro)",
Chuchu Peso Aproximado por unidade 320 g,,,"2,49 €/kg",,
Azuaga Presunto Ibérico em Fatias embalagem 100 g,Azuaga,,"7,99 €","(74,50 € / Kg)","7,99 €"
Aptamil Leite Prosyneo Ha 1 dos 0 aos 6 aos Meses embalagem 800 g,Aptamil,,"22,39 €","(27,99 € / Kg)",
Pitéu Cavalinha em Óleo Vegetal lata 120 g,Pitéu,,"1,35 €","(11,25 € / Kg)",
Cerrado do Vale Queijo de Ovelha Grande Peso Aproximado por unidade 1 kg,Cerrado do Vale,,"19,99 €/kg",,
Eurochocolate Bombons Recheados embalagem 1 kg,Eurochocolate,,"13,75 €","(13,75 € / Kg)",
Cem Porcento Chá para Infusão Gengibre embalagem 10 unidades,Cem Porcento,,"0,99 €","(76,15 € / Kg)",
Heinz Molho Cesar com Parmesão embalagem 400 ml,Heinz,,"4,89 €","(12,22 € / Litro)",
Mop Kit para Fabrico de 5 L de Cerveja Ale,Mop,,"11,50 €","(2,30 € / Litro)",
Hein Peito de Peru Grelhado sem Fosfatos,Hein,,"29,49 €/kg",,
Maçarico Molho Piri-Piri frasco 100 g,Maçarico,,"0,99 €","(9,90 € / Kg)",
Persil Power Caps Detergente para Máquina de Roupa Color embalagem 52 doses,Persil Power Caps,,"27,49 €","(0,53 € / Dose)",
Pertegaz Eau de Toilette Gourmand embalagem 130 ml,Pertegaz,,"10,95 €","(84,23 € / Litro)",
Bauducco Bolachas Wafers de Chocolate embalagem 140 g,Bauducco,,"1,25 €","(8,93 € / Kg)",
Pasta do Dia Massa Tenra 12 Unidades embalagem 300 g,Pasta do Dia,,"2,59 €","(8,63 € / Kg)",
Splendor Creme para Calçado Autobrilhante Castanho 40 ml,Splendor,,"2,59 €","(64,75 € / Litro)",
Interdoces Gomas Amoras embalagem 150 g,Interdoces,,"1,85 €","(12,33 € / Kg)",
Aliada Mel de Flores frasco 1 kg,Aliada,,"3,99 €","(3,99 € / Kg)",
Aliada Café Descafeinado Moído de Mistura embalagem 250 g,Aliada,,"1,69 €","(6,76 € / Kg)",
SIMON COLL Napolitanas de Chocolate de Leite embalagem 60 g,SIMON COLL,,"7,85 €","(130,83 € / Kg)",
Lactiser Queijo Curado de Cabra unidade 450 g,Lactiser,,"12,75 €","(24,42 € / Kg)","12,75 €"
Depend Cuecas Para Adultos Homem com Incontinência Absorção Super Tamanho L/XL embalagem 9 unidades,Depend,,"9,79 €","(0,89 € / Unidade)",
Sovibor Borba Vinho Tinto do Alentejo garrafa 75 cl,Sovibor Borba,,"2,89 €","(3,85 € / Litro)",
Matutano Snack Tiras de Milho Fritos com Sal sem Glúten embalagem 130 g,Matutano,,"1,65 €","(12,69 € / Kg)",
Inseparable Gin garrafa 50 cl,Inseparable,,"36,90 €","(73,80 € / Litro)",
Quinta dos Açores Gelado Caramelo Salgado embalagem 2000 ml,Quinta dos Açores,,"15,49 €","(7,74 € / Litro)",
Danone Oikos Iogurte Grego de Morango Pack 4 embalagem 110 g,Danone Oikos,,"2,39 €","(5,43 € / Kg)",
Nacional Macarronete com Vegetais embalagem 500 g,Nacional,,"2,07 €","(4,14 € / Kg)",
Monte das Ânforas Vinho Tinto do Alentejo garrafa 75 cl,Monte das Ânforas,,"3,99 €","(5,32 € / Litro)",
Eat Real Snack de Quinoa e Alho Vegan embalagem 80 g,Eat Real,,"2,65 €","(33,12 € / Kg)",
Gillette Gel de Barbear + Máquina + Bolsa embalagem 1 unidade,Gillette,,"36,99 €","(18,49 € / Unidade)","36,99 €"
Starbucks Café Nespresso para Nespresso Intensidade 11 embalagem 10 cápsulas,Starbucks,,"4,49 €","(0,45 € / Unidade)",
Companhia das Abóboras Doce de Ginja frasco 300 g,Companhia das Abóboras,,"3,45 €","(11,50 € / Kg)",
Frango Assado 1 unidade,,,"9,50 €",,
Nissin Cup Noodles de Vitela e 5 Especiarias embalagem 64 g,Nissin Cup Noodles,,"1,79 €","(27,97 € / Kg)",
Qampo Azeitonas Mistas Retalhadas frasco 210 g,Qampo,,"1,53 €","(7,29 € / Kg)",
Mevgal Molho Tzatziki embalagem 200 g,Mevgal,,"2,45 €","(12,25 € / Kg)",
Pastoret Iogurte Artesanal com Morango embalagem 500 g,Pastoret,,"2,75 €","(5,50 € / Kg)",
Montegusto Lombinhos de Veado sem Glúten Peso Aproximado por embalagem 350 g,Montegusto,,"13,28 €","(37,95 € / Kg)",
Pantene Amaciador Caracóis Perfeitos embalagem 225 ml,Pantene,,"4,99 €","(22,18 € / Litro)",
Panealba Gressinos Stiratini com Rosmaninho embalagem 250 g,Panealba,,"2,49 €","(9,96 € / Kg)",
Delirium Cerveja da Bélgica Argentum garrafa 33 cl,Delirium,,"4,45 €","(13,48 € / Litro)",
Origens Noodles Fit de Konjac Biológico Sport Pro embalagem 270 g,Origens,,"2,99 €","(11,07 € / Kg)",
Special Line El Corte Inglés Cavalinha embalagem 50 g,Special Line El Corte Inglés,,"1,09 €","(2,18 € / 100 gr.)",
Cricket Isqueiros Simplicity 3 unidades,Cricket,,"3,15 €","(1,05 € / Unidade)",
Renova Guardanapos Fucisa Pequenos 30 unidades,Renova,,"1,69 €","(0,06 € / Unidade)",
"Pescanova Bacalhau Jumbo Islândia Peso Aproximado por unidade 4,5 kg",Pescanova,,"18,99 €/kg",,
Knorr Sopa de Massa e Feijão embalagem 182 g,Knorr,,"2,09 €","(11,48 € / Kg)",
La Gavilla Tostas com Passas Especial para Foie Gras embalagem 100 g,La Gavilla,,"3,95 €","(39,50 € / Kg)",
Paiva Manteiga Clarificada de Vaca embalagem 200 g,Paiva,,"2,99 €","(14,95 € / Kg)",
Mar Ibérica Amêijoa Portuguesa embalagem 1 kg,Mar Ibérica,,"4,59 €","(4,59 € / Kg)",
La Sagra Cerveja de Espanha Artesanal Suxinsu garrafa 33 cl,La Sagra,,"2,59 €","(7,85 € / Litro)",
Salsicharia Limiana Chouriço Crioulo Picante unidade 200 g,Salsicharia Limiana,,"1,49 €","(7,45 € / Kg)",
Reber Bombons Sortidos embalagem 200 g,Reber,,"14,49 €","(72,45 € / Kg)",
Ucal Leite de Pastagem Magro embalagem 1 L,Ucal,,"1,10 €","(1,10 € / Litro)",
Kellogg's Krave Cereais com Chocolate de Avelã embalagem 600 g,Kellogg's Krave,,"5,59 €","(9,32 € / Kg)",
Knorr Ligeresa Creme de Cenoura e Alho Francês embalagem 500 ml,Knorr Ligeresa,,"2,55 €","(5,10 € / Litro)",
"Nestlé Tofina Cevada, Chicória e Café frasco 200 g",Nestlé Tofina,,"3,49 €","(17,45 € / Kg)",
Firelli Molho Picante frasco 148 ml,Firelli,,"3,99 €","(26,96 € / Litro)",
Zanetti Queijo Grana Padano sem Glúten,Zanetti,,"21,79 €/kg",,
Mimosa Bem Especial Leite Infantil Meio Gordo sem Lactose embalagem 1 L,Mimosa Bem Especial,,"1,99 €","(1,99 € / Litro)",
Narta Desodorizante Pedra de Alume Roll-On embalagem 50 ml,Narta,,"3,79 €","(75,80 € / Litro)",
Maldonado Lombo 100% Ibérico Bolota com Pimentão,Maldonado,,"89,95 €/kg",,
Vaseline Gel de Banho Amêndoas Doces para Todos os Tipos de Pele embalagem 700 ml,Vaseline,,"4,99 €","(7,13 € / Litro)",
Herdade da Maia Queijo de Ovelha Cura Especial 1/4 unidade 225 g,Herdade da Maia,,"6,75 €",(30 € / Kg),
Yoggi Iogurte Líquido de Stracciatela Pack 4 embalagem 160 g,Yoggi,,"2,09 €","(3,27 € / Kg)",
Calem Vinho do Porto LBV garrafa 75 cl,Calem,,"15,49 €","(20,65 € / Litro)",
Poente Vinho Tinto do Douro garrafa 75 cl,Poente,,"11,75 €","(15,67 € / Litro)",
Banana Importada Peso Aproximado unidade 250 g,,,"1,09 €/kg",,
Intermón Oxfam Chocolate Preto 70% Pepitas de Cacau Biológico embalagem 100 g,Intermón Oxfam,,"2,99 €","(29,90 € / Kg)",
Dona Graça Vinho Tinto do Douro garrafa 75 cl,Dona Graça,,"9,99 €","(13,32 € / Litro)",
Sensodyne Acção Completa Pasta de Dentes embalagem 75 ml,Sensodyne Acção Completa,,"4,99 €","(66,53 € / Litro)",
El Corte Inglés Gomas Beijos de Morango sem Glúten embalagem 200 g,El Corte Inglés,,"0,89 €","(4,45 € / Kg)",
Porminho Cabeça Fumada,Porminho,,"6,39 €/kg",,
Knorr Ligeresa Creme de Verduras da Horta embalagem 500 ml,Knorr Ligeresa,,"2,55 €","(5,10 € / Litro)",
Salutem Barra Crocante com Pevides de Abóbora sem Glúten embalagem 40 g,Salutem,,"0,79 €","(19,75 € / Kg)",
Cristal Gourmet Vinagre de Arroz Biológico embalagem 250 ml,Cristal Gourmet,,"2,99 €","(11,96 € / Litro)",
Trumpeter Vinho Tinto da Argentina Malbec garrafa 75 cl,Trumpeter,,"24,90 €","(33,20 € / Litro)",
Dietica Chá de Ervas Urtiga Vulgar embalagem 50 g,Dietica,,"1,49 €","(29,80 € / Kg)",
Cem Porcento Bolachas Integrais com Frutos Vermelhos embalagem 140 g,Cem Porcento,,"2,49 €","(17,79 € / Kg)",
El Cantero de Letur Kéfir de Vaca Biológico embalagem 420 g,El Cantero de Letur,,"3,29 €","(7,83 € / Kg)",
Casting Creme Gloss Coloração Nº 316 Ameixa embalagem 1 unidade,Casting Creme Gloss,,"9,99 €","(9,99 € / Unidade)",
Banana para Assar Peso Aproximado por unidade 370 g,,,"3,99 €/kg",,
Fortunna Naturally Unique Entrecôte de Bovino kg,Fortunna Naturally Unique,,"4,75 €","(23,75 € / Kg)",
Nivea Body Milk Loção para Corpo Nutritiva 48h para Pele Seca a Muito Seca embalagem 250 ml,Nivea Body Milk,,"5,49 €","(21,96 € / Litro)",
Salutem Multi Cereais Crocantes embalagem 500 g,Salutem,,"3,29 €","(6,58 € / Kg)",
Manná Pasta Sardinha Picante lata 65 g,Manná,,"1,79 €","(27,54 € / Kg)",
Delta Café Moído Torrado Lote Índia Moagem Universal embalagem 220 g,Delta,,"2,15 €","(9,77 € / Kg)",
Gillette Gel de Barbear para Pele Sensível embalagem 200 ml,Gillette,,"3,69 €","(18,45 € / Litro)",
Allo Vinho Verde Branco garrafa 75 cl,Allo,,"6,55 €","(8,73 € / Litro)",
Maybelline Super Stay 30H Base Líquida Nº 40 Fawn embalagem 1 unidade,Maybelline Super Stay 30H,,"13,99 €","(13,99 € / Unidade)",
Safrina Açafrão embalagem 1 g,Safrina,,"5,99 €",(5.990 € / Kg),
Nescafé Shakissimo Caramel Latte embalagem 190 ml,Nescafé Shakissimo,,"1,59 €","(8,37 € / Litro)",
Morgadio de Estremoz Vinho Branco do Alentejo DOC garrafa 75 cl,Morgadio de Estremoz,,"3,95 €","(5,27 € / Litro)",
Villa Massa Licor Limoncello Di Sorrento garrafa 50 cl,Villa Massa,,"15,89 €","(31,78 € / Litro)",
Pink Albatross Gelado Choco Chips e Coconut Vegan embalagem 480 ml,Pink Albatross,,"7,25 €","(15,10 € / Litro)",
Knorr Pasta Pot Noodles de Pesto embalagem 68 g,Knorr,,"2,15 €","(31,62 € / Kg)",
Brazzale Queijo Provolone DOP kg,Brazzale,,"14,49 €/kg",,
Jules Destrooper Bolachas de Chocolate Sortidas embalagem 100 g,Jules Destrooper,,"2,99 €","(29,90 € / Kg)",
Tipiak Ensalada de Legumes 200 g,Tipiak,,"3,49 €","(17,45 € / Kg)",
Nuts Original Mix de Aperitivos Wine&Champagne embalagem 120 g,Nuts Original,,"2,79 €","(23,25 € / Kg)",
Rummo TAGLIATELLE embalagem 500 g,Rummo,,"3,09 €","(6,18 € / Kg)",
Babaria Desinfectante para as Mãos 70% Álcool de Algodão embalagem 100 ml,Babaria,,"2,49 €","(0,02 € / Unidade)",
Cola Cao Energy Achocolatado lata 750 g,Cola Cao Energy,,"5,39 €","(7,19 € / Kg)",
7Th Heaven Máscara Reduz Manchas de Cannabis Descascada embalagem 1 unidade,7Th Heaven,,"1,99 €","(1,99 € / Unidade)",
Gullón Bolachas de Chocolate Branco Choco Bom embalagem 100 g,Gullón,,"1,90 €",(19 € / Kg),
Iswari Despertar de Buda Proteína Matinal em Pó Biológico embalagem 360 g,Iswari Despertar de Buda,,"9,79 €","(27,19 € / Kg)",
"Lizi's Super Muesli Focus Avelã, Noz Pecan e Maca Vegan embalagem 400 g",Lizi's,,"12,89 €","(32,22 € / Kg)",
Eci Selection Salsichas Bockwurst frasco 720 g,Eci Selection,,"9,75 €","(13,54 € / Kg)",
Fini Premium Gelato Gelado de Manga frasco 465 ml,Fini Premium Gelato,,"6,70 €","(14,41 € / Litro)",
Knorr Creme de Cogumelos e Queijo Mascarpone embalagem 57 g,Knorr,,"1,79 €","(31,40 € / Kg)",
Super Pop Oxy Plus Detergente para a Máquina da Loiça Carvão Ativado + Vinagre de Maçã embalagem 56 pastilhas,Super Pop Oxy Plus,,"22,50 €","(0,40 € / Unidade)",
El Corte Inglés Mistura de Café Moído em Monodoses embalagem 32 pastilhas,El Corte Inglés,,"2,39 €","(10,67 € / Kg)",
El Corte Inglés Selection Gressinos Integrais de Antequera embalagem 140 g,El Corte Inglés Selection,,"2,15 €","(15,36 € / Kg)",
Millan Vicente Queijo Massdam Ligth em Fatias embalagem 150 g,Millan Vicente,,"2,39 €","(15,93 € / Kg)",
Durex Play Lubrificante de Morango embalagem 50 ml,Durex Play,,"9,99 €","(199,80 € / Litro)",
Arizona Ice Tea Verde de Romã garrafa 50 cl,Arizona,,"1,14 €","(2,28 € / Litro)",
Vinha da Guiça Vinho Branco do Alentejo Reserva garrafa 75 cl,Vinha da Guiça,,"11,90 €","(15,87 € / Litro)",
Mr. Cheese Queijo Prima Donna Peso Apoximado por unidade 180 g,Mr. Cheese,,"21,29 €/kg",,
Canderel Chocolate de Leite com Amêndoas e Cereal Crocante sem Açúcar embalagem 100 g,Canderel,,"2,59 €","(25,90 € / Kg)",
Tresemmé Botanique Champô Nourish & Replenish com Óleo de Coco e Aloe Vera embalagem 400 ml,Tresemmé Botanique,,"4,79 €","(11,98 € / Litro)",
Miss Den Paris Verniz Cuivre Chic Nº 106 embalagem 10 ml,Miss Den Paris,,"3,49 €",(349 € / Litro),
Cem Porcento Mini Bolachas Marinheiras com Tomate e Oregãos sem Adição de Açúcares embalagem 50 g,Cem Porcento,,"0,89 €","(17,80 € / Kg)",
Bairros Vinho Tinto de Setúbal garrafa 75 cl,Bairros,,"6,25 €","(8,33 € / Litro)",
Maçarico Azeitonas Verdes Recheadas com Piri-Piri frasco 350 g,Maçarico,,"5,99 €","(17,11 € / Kg)",
Rovisco Garcia Vinho Tinto do Alentejo Reserva garrafa 75 cl,Rovisco Garcia,,"13,75 €","(18,33 € / Litro)",
Guylian Bombons Frutos do Mar embalagem 500 g,Guylian,,"14,99 €","(29,98 € / Kg)",
Brisa Refrigerante de Ananás com Gás garrafa 1 L,Brisa,,"1,73 €","(1,73 € / Litro)",
Xau Limpa Máquinas da Roupa Pack 2 embalagem 250 ml,Xau,,"13,89 €","(27,78 € / Litro)",
Naturefoods Quiche de Cogumelos Pack 2 embalagem 180 g,Naturefoods,,"3,69 €","(20,50 € / Kg)",
Beher Presunto 100% Ibérico Bolota Fatiado á Mão unidade 50 g,Beher,,"11,99 €","(239,80 € / Kg)",
Bayeco Panos Agarra o Pó embalagem 20 unidades,Bayeco,,"3,29 €","(0,16 € / Unidade)",
Origens Super Pequeno Almoço Energético Banana e Cacau sem Glúten Biológico embalagem 300 g,Origens,,"5,99 €","(19,97 € / Kg)",
Just For Men Tratamento para Cabelos Pintados Preto embalagem 1 unidade,Just For Men,,"12,99 €","(12,99 € / Unidade)",
Mestre João Sapateira Recheada unidade 250 g,Mestre João,,"6,99 €","(27,96 € / Kg)",
Flor das Hortas Malaguetas Trituradas frasco 200 g,Flor das Hortas,,"1,55 €","(7,75 € / Kg)",
Nova Açores Leite com Chocolate Meio Gordo embalagem 200 ml,Nova Açores,,"0,38 €","(1,90 € / Litro)",
Ulric de Varens Colónia Masculina Night embalagem 60 ml,Ulric de Varens,,"7,59 €","(126,50 € / Litro)",
Santiveri Adoçante Sucralose Líquida sem Lactose sem Glúten embalagem 90 g,Santiveri,,"4,99 €","(55,44 € / Kg)",
Sunlover Bebida Winter Sunshine lata 25 cl,Sunlover,,"1,10 €","(4,40 € / Litro)",
Erdinger Cerveja Alemã sem Álcool garrafa 50 cl,Erdinger,,"3,79 €","(7,58 € / Litro)",
Morcela de Arroz peso aproximado por cuvete 1 kg,,,"6,80 €","(6,80 € / Kg)",
El Corte Inglés Bolachas Recheadas com Chocolate embalagem 500 g,El Corte Inglés,,"1,65 €","(3,30 € / Kg)",
RTM Queijo de Ovelha com Azeitonas unidade 390 g,RTM,,"12,99 €","(33,31 € / Kg)",
Sonasol Gel Casa de Banho embalagem 1250 ml,Sonasol,,"3,99 €","(3,19 € / Litro)",
El Corte Inglés Bolachas Digestivas de Aveia embalagem 425 g,El Corte Inglés,,"1,29 €","(3,04 € / Kg)",
Karibou Prato de Cartão 22CM embalagem 10 unidades,Karibou,,"2,39 €","(0,24 € / Unidade)",
Konecke Salsichas Bockwurst frasco 1030 g,Konecke,,"12,49 €","(12,13 € / Kg)",
Pastoret Caprichos de Iogurte Crumble de Bolacha e Frutas do Bosque embalagem 150 g,Pastoret,,"2,49 €","(16,60 € / Kg)",
Pedras Salgadas Água com Gás Sabor Pêssego garrafa 25 cl,Pedras Salgadas,,"0,72 €","(2,88 € / Litro)",
Nacional Massa Linguine com Vegetais embalagem 500 g,Nacional,,"2,07 €","(4,14 € / Kg)",
Khanum Achar de Lima frasco 300 g,Khanum,,"4,39 €","(14,63 € / Kg)",
El Corte Inglés Selection Ervilhas Muito Finos ao Natural Pack 3 lata 360 g,El Corte Inglés Selection,,"2,89 €","(8,03 € / Kg)",
"Carljung Vinho Branco sem Álcool garrafa 0,75 L",Carljung,,"4,30 €","(5,73 € / Litro)",
Veckia Tesoura para Cutículas Curvada embalagem 1 unidade,Veckia,,"5,99 €","(5,99 € / Unidade)",
Bonduelle Um Toque de Favas de Soja Pack 2 embalagem 80 g,Bonduelle,,"2,49 €","(31,12 € / Kg)",
Guylian Bombons Sortidos Opus embalagem 180 g,Guylian,,"7,49 €","(41,61 € / Kg)",
Tapada do Barão Vinho Branco do Alentejo garrafa 75 cl,Tapada do Barão,,"4,49 €","(5,99 € / Litro)",
"Casa de Santar Vinho Tinto do Dão Reserva Magnum garrafa 1,5 L",Casa de Santar,,"29,99 €","(19,99 € / Litro)",
Tomate Cherry Pera embalagem 250 g,,,"1,39 €","(5,56 € / Kg)",
Polident Creme Fixativo para Próteses Dentárias sem Sabor Pack 2 embalagem 40 g,Polident,,"9,79 €","(244,75 € / Kg)",
Elpozo All Natural Chouriço Extra sem Glúten embalagem 70 g,Elpozo All Natural,,"2,29 €","(32,71 € / Kg)",
Somersby Sidra de Maçã lata 50 cl,Somersby,,"1,29 €","(2,58 € / Litro)",
Nacional + Linha Cereais embalagem 300 g,Nacional + Linha,,"2,59 €","(8,63 € / Kg)",
Mester D'Aviz Chouriço de Porco Preto Ibérico com Vinho embalagem 200 g,Mester D'Aviz,,"4,25 €","(21,25 € / Kg)",
Viennetta Gelado de Biscoito com Caramelo embalagem 650 ml,Viennetta,,"3,99 €","(6,14 € / Litro)",
El Corte Inglés Lombo de Porco Cozido Magro lata 220 g,El Corte Inglés,,"2,59 €","(11,77 € / Kg)",
Nutribén Papa 8 Cereais e Mel a Partir dos 6 Meses embalagem 300 g,Nutribén,,"2,29 €","(7,63 € / Kg)",
Nordic Mist Água Tónica Original garrafa 1 L,Nordic Mist,,"1,99 €","(1,99 € / Litro)",
Cillit Bang Spray Calcário e Sujidade embalagem 500 ml,Cillit Bang,,"4,49 €","(8,98 € / Litro)",
Yopro Iogurte Sólido Proteína sabor Coco embalagem 160 g,Yopro,,"1,39 €","(8,69 € / Kg)",
Chimay Cerveja da Bélgica Blue garrafa 33 cl,Chimay,,"2,99 €","(9,06 € / Litro)",
Costeletas Mistas de Porco Peso Aproximado 850 g,,,"4,89 €/kg",,
Codyfer Palmilhas de Gel Recortáveis Tamanho 35-38 embalagem 1 par,Codyfer,,"13,55 €","(13,55 € / Unidade)",
La Sagra Cerveja de Espanha Artesanal Bohio garrafa 33 cl,La Sagra,,"2,59 €","(7,85 € / Litro)",
Royal Gelatina de Mirtilo Pack 4 embalagem 100 g,Royal,,"2,19 €","(3,35 € / Kg)","2,19 €"
Florette Salada Completa de Massa e Atum embalagem 325 g,Florette,,"3,89 €","(11,97 € / Kg)",
Chocapic Iogurte Bicompartimentado Pack 2 embalagem 118 g,Chocapic,,"2,54 €","(8,86 € / Kg)","2,54 €"
Eric Kayser Pão de Azeitonas unidade 230 g,,,"3,05 €","(10,17 € / Kg)",
Le Biodelizie Salsichas de Frango Biológicas embalagem 160 g,Le Biodelizie,,"5,35 €","(33,44 € / Kg)",
"Just For Men Coloração em Gel Bigode, Barba e Patilhas Castanho Escuro embalagem 1 unidade",Just For Men,,"11,89 €","(11,89 € / Unidade)",
Isostar Concentrado em Pó de Limão lata 400 g,Isostar,,"11,99 €","(29,98 € / Kg)",
"Duvel Cerveja Especial garrafa 1,5 L",Duvel,,"31,50 €",(21 € / Litro),
Globo Papaia Desidratada em Cubos embalagem 90 g,Globo,,"1,99 €","(22,11 € / Kg)",
Margão Açafrão das Índias embalagem 50 g,Margão,,"1,39 €","(27,80 € / Kg)",
Not Guilty Chocolate Preto com Creme de Caju 50% embalagem 90 g,Not Guilty,,"2,29 €","(25,44 € / Kg)",
Pescarias do Algarve Paté de Mexilhão Pack 4 embalagem 88 g,Pescarias do Algarve,,"1,99 €","(90,45 € / Kg)",
Santa Maria Mel de Rosmaninho Biológico frasco 50 g,Santa Maria,,"3,25 €",(65 € / Kg),
Mazzetti Creme Balsâmico garrafa 215 ml,Mazzetti,,"6,99 €","(32,51 € / Litro)",
Smileat Iogurte e Aveia +12 Meses Biológico embalagem 100 g,Smileat,,"1,59 €","(15,90 € / Kg)",
A Leiteira Mousse de Chocolate Negro Pack de 4 Unidades embalagem 60 g,A Leiteira,,"1,89 €","(7,88 € / Kg)",
Garden Gourmet Falafel Vegan embalagem 190 g,Garden Gourmet,,"3,99 €","(17,63 € / Kg)","3,99 €"
Vepo Cheese Queijo Edam em Fatias sem Lactose embalagem 150 g,Vepo Cheese,,"2,49 €","(16,60 € / Kg)",
Cru Chips Snack de Carne de Vaca Desidratado Mediterrâneo unidade 25 g,Cru Chips,,"2,25 €",(90 € / Kg),
La Toja Desodorizante Protect & Free 0% Alumínio Lima e Coco Roll-On embalagem 50 ml,La Toja,,"2,49 €","(4,98 € / 10 ml.)",
Garnier Olia Coloração de Longa Duração Nº 4.0 Castanho embalagem 1 unidade,Garnier Olia,,"11,99 €","(11,99 € / Unidade)",
Triunfo Pim's Bolachas Recheadas de Framboesa embalagem 150 g,Triunfo Pim's,,"1,99 €","(13,27 € / Kg)",
Schweppes Água Tónica Zero Pack 6 unidades embalagem 20 cl,Schweppes,,"5,40 €","(4,50 € / Litro)",
Brasfrut Polpa de Caju Integral Congelada embalagem 100 g,Brasfrut,,"0,95 €","(9,50 € / Kg)",
Nutrisse Ultra Color Coloração Permanente Nº 6.60 Vermelho Vibrante embalagem 190 ml,Nutrisse Ultra Color,,"9,49 €","(49,95 € / Litro)",
Pouca Roupa Vinho Branco do Alentejo garrafa 75 cl,Pouca Roupa,,"4,99 €","(6,65 € / Litro)",
Nutrísse Creme Coloração Nº 1.0 Preto embalagem 190 ml,Nutrísse Creme,,"9,49 €","(49,95 € / Litro)",
Dodot Activity Fraldas Extra 14+ Kg Tamanho 6+ embalagem 44 unidades,Dodot Activity,,"20,49 €","(0,47 € / Unidade)",
Cantares de Portugal Licor de Bolacha Maria garrafa 70 cl,Cantares de Portugal,,"16,95 €","(24,21 € / Litro)",
Granini Néctar de Laranja garrafa 1 L,Granini,,"2,75 €","(2,75 € / Litro)",
Nacional Zero Cereais 0% Açúcares embalagem 375 g,Nacional Zero,,"2,59 €","(6,91 € / Kg)",
Pastoret Iogurte Natural 0% Biológico embalagem 500 g,Pastoret,,"2,79 €","(5,58 € / Kg)",
La Sagra Cerveja de Espanha Artesanal Castiza Premium Rubia garrafa 33 cl,La Sagra,,"2,29 €","(6,94 € / Litro)",
Paladar Pronto Sopa Detox de Batata Doce e Lentilhas sem Batata embalagem 400 g,Paladar Pronto,,"2,29 €","(5,72 € / Kg)",
8ª Colina Cerveja Artesanal Urraca Vendaval garrafa 33 cl,8ª Colina,,"3,15 €","(9,55 € / Litro)",
Nescafé Dolce Gusto Café Espresso Intenso 7 Pack 3 embalagem 48 cápsulas,Nescafé Dolce Gusto,,"14,89 €","(0,31 € / Unidade)",
Mackays Compota de Laranja com Whisky frasco 340 g,Mackays,,"3,89 €","(7,91 € / Kg)","3,89 €"
Syoss Condicionador Hidratação para Cabelo Normal a Seco embalagem 440 ml,Syoss,,"6,99 €","(15,89 € / Litro)",
Foral de Évora Vinho Tinto do Alentejo garrafa 75 cl,Foral de Évora,,"14,99 €","(19,99 € / Litro)",
Ti Piedade Pão de Ló de Chocolate 2 Unidades embalagem 170 g,Ti Piedade,,"5,25 €","(30,88 € / Kg)",
Nolita Granola Crunchy Zero Açúcar Adicionado Biológico sem Glúten embalagem 420 g,Nolita,,"6,99 €","(16,64 € / Kg)",
Polenghi Molho de Lima embalagem 125 ml,Polenghi,,"0,89 €","(7,12 € / Litro)",
Aloma Croiassant com Chocolate unidade,Aloma,,"1,15 €","(1,15 € / Unidade)",
Garnier Olia Coloração de Longa Duração Nº 7.13 Louro Canela embalagem 1 unidade,Garnier Olia,,"11,99 €","(11,99 € / Unidade)",
Serra da Malcata Mel com Polen frasco 300 g,Serra da Malcata,,"5,59 €","(18,63 € / Kg)",
Legado Fuet com Trufas embalagem 150 g,Legado,,"3,69 €","(24,60 € / Kg)",
Fage Iogurte Grego Natural embalagem 170 g,Fage,,"1,69 €","(9,94 € / Kg)",
Ti-ti Batatas Fritas com Sabor a Presunto embalagem 95 g,Ti-ti,,"0,85 €","(8,95 € / Kg)",
Angostura Rum 5 Anos garrafa 70 cl,Angostura,,"21,90 €","(31,29 € / Litro)",
El Corte Inglés Selection Sumo de Toranja embalagem 1 L,El Corte Inglés Selection,,"2,99 €","(2,99 € / Litro)",
Longa Vida Iogurte com Aroma a Tutti-Frutti Pack 4 embalagem 480 g,Longa Vida,,"1,68 €","(3,50 € / Kg)",
Campodulce Presunto Serrano em Fatias unidade 200 g,Campodulce,,"4,98 €","(24,90 € / Kg)",
Planta Natur Chá Digestão embalagem 15 g,Planta Natur,,"1,69 €","(112,67 € / Kg)",
Fabridoce Pudim de Leite Condensado embalagem 500 g,Fabridoce,,"6,49 €","(12,98 € / Kg)",
El Corte Inglés Bio Creme de Brócolos sem Glúten Biológico frasco 485 g,El Corte Inglés Bio,,"3,45 €","(7,11 € / Kg)",
Ultra Suave Amaciador com Leite de Coco e Macadâmia embalagem 400 ml,Ultra Suave,,"5,59 €","(13,98 € / Litro)",
Mr Muscle Limpa Fornos spray 300 ml,Mr Muscle,,"4,39 €","(14,63 € / Litro)",
Simplu Cerelim Framboesa com Pistachio & Chocolate Branco embalagem 300 g,Simplu,,"8,95 €","(29,83 € / Kg)",
Bolachas Recreo embalagem 360 g,,,"3,19 €","(8,86 € / Kg)",
Condi Aroma a Baunilha em Pó embalagem 12 g,Condi,,"1,04 €","(86,67 € / Kg)",
Nestlé Fruta para Bebé Maçã e Pera sem Glúten Pack 4 embalagem 100 g,Nestlé,,"3,29 €","(8,22 € / Kg)",
Outeiros Altos Vinho Branco do Alentejo Talha Biológico garrafa 75 cl,Outeiros Altos,,"18,49 €","(24,65 € / Litro)",
Neo Blanc Líquido Sanitário Desincrustante embalagem 700 ml,Neo Blanc,,"2,79 €","(2,59 € / Litro)","2,79 €"
Izidoro Salsicharia Clássica Salsichas 100% de Porco 6 unidades lata 160 g,Izidoro Salsicharia Clássica,,"2,55 €","(15,94 € / Kg)",
El Corte Inglés Tagliatelle 33% Ovos Frescos embalagem 250 g,El Corte Inglés,,"2,19 €","(8,76 € / Kg)",
Sinha Farinha de Milho Polenta Premiun embalagem 500 g,Sinha,,"2,05 €","(4,10 € / Kg)",
Yacel Gel Redutor Intensivo Ventre Plano embalagem 200 ml,Yacel,,"14,80 €",(74 € / Litro),
Maybelline Corretor SS30H 25 embalagem 1 unidade,Maybelline,,"9,99 €","(9,99 € / Unidade)",
Nivea Protect e Bronze Creme de Noite Antimanchas Reparador Multizonas Luminous embalagem 50 ml,Nivea Protect e Bronze,,"26,99 €","(539,80 € / Litro)",
Abraham Presunto da Floresta Negra Fumado embalagem 80 g,Abraham,,"1,59 €","(19,88 € / Kg)",
Regina Chocolate de Leite embalagem 100 g,Regina,,"1,55 €","(15,50 € / Kg)",
Oleander Caju Tostado Biológico embalagem 150 g,Oleander,,"4,95 €",(33 € / Kg),
Ultra Suave Amaciador Seiva Reparadora para Cabelos Muito estragados embalagem 400 ml,Ultra Suave,,"5,59 €","(13,98 € / Litro)",
"Fanta Refrigerante de Laranja com Gás garrafa 1,5 L",Fanta,,"1,89 €","(1,35 € / Litro)",
Skip Ultimate Detergente para a Maquina da Roupa Active Clean embalagem 54 cápsulas,Skip Ultimate,,"29,99 €","(0,56 € / Dose)",
Vidal Gomas Dulcipica de Morango embalagem 100 g,Vidal,,"1,39 €","(13,90 € / Kg)",
Karibou Copo de Cartão 440 ML embalagem 10 unidades,Karibou,,"2,49 €","(0,25 € / Unidade)",
Cem Porcento Néctar de Romã sem Açúcar garrafa 200 ml,Cem Porcento,,"2,19 €","(10,95 € / Litro)",
Ramirez Sardinhas em Tomate Picante lata 125 g,Ramirez,,"1,34 €","(10,72 € / Kg)",
Royal Fermento embalagem 226 g,Royal,,"3,59 €","(15,88 € / Kg)",
Nestlé L'Atelier Chocolate Preto com Amêndoas Tostadas embalagem 115 g,Nestlé L'Atelier,,"2,65 €","(23,04 € / Kg)",
Yang-Tse Molho Hoisin embalagem 150 ml,Yang-Tse,,"2,69 €","(17,93 € / Litro)",
Captain Kombucha Bebida Probiótica de Gengibre e Limão Zero Açúcar Biológica embalagem 400 ml,Captain Kombucha,,"2,29 €","(5,72 € / Litro)",
Knorr Caldo de Galinha 16 Cubos embalagem 160 g,Knorr,,"3,70 €","(23,12 € / Kg)",
Terra do Bacalhau Lombos de Bacalhau sem Espinha Cod Bag embalagem 1 kg,Terra do Bacalhau,,"26,20 €","(26,20 € / Kg)",
Margão Gift Box Moinhos com Sal Rosa e 4 Pimentas embalagem 275 g,Margão,,"18,99 €","(36,33 € / Kg)","18,99 €"
Beretta Coppa di Parma kg,Beretta,,"37,99 €/kg",,
A Leiteira Mousse Crocante de Baunilha Pack 4 Unidades embalagem 57 g,A Leiteira,,"1,89 €","(8,29 € / Kg)",
Secos da Aldeia Miolo de Amêndoa Palitada embalagem 100 g,Secos da Aldeia,,"1,99 €","(19,90 € / Kg)",
Garnier Skin Naturals Tónico Facial Suave para Pele Seca e Sensível embalagem 200 ml,Garnier Skin Naturals,,"4,99 €","(24,95 € / Litro)",
Interdoces Gomas Sortidas com Açúcar embalagem 150 g,Interdoces,,"1,85 €","(12,33 € / Kg)",
Bons Ares Vinho Tinto de Trás-os-Montes garrafa 75 cl,Bons Ares,,"11,59 €","(15,45 € / Litro)",
Santa Teresa Tarte de Queijo com Marmelo,Santa Teresa,,"16,98 €/kg",,
Ferbar Tapioca Granulada embalagem 200 g,Ferbar,,"1,49 €","(7,45 € / Kg)",
Reese's Chocolate de Leite com Manteiga de Amendoim 4 Cups King Size embalagem 79 g,Reese's,,"1,89 €","(23,92 € / Kg)",
Interdoces Gomas Dedos embalagem 90 g,Interdoces,,"1,19 €","(13,22 € / Kg)",
Nestlé Toffee Crisp Snack de Chocolate de Leite Pack 4 embalagem 38 g,Nestlé,,"3,39 €","(22,30 € / Kg)",
Andros Gourmand & Végétal Sobremesa de Leite de Coco e Morango Pack 4 embalagem 100 g,Andros Gourmand & Végétal,,"2,99 €","(7,48 € / Kg)",
Vanish Toalhitas Anti-Transferência de Cores 10 unidades,Vanish,,"6,99 €","(0,35 € / Unidade)","6,99 €"
Pedra Cancela Vinho Branco do Dão garrafa 75 cl,Pedra Cancela,,"12,99 €","(17,32 € / Litro)",
Haribo Gomas Favoritos com Açúcar embalagem 80 g,Haribo,,"1,09 €","(13,62 € / Kg)",
Durex Naturals Lubrificante embalagem 100 ml,Durex Naturals,,"16,99 €","(169,90 € / Litro)",
Aga Agadine Espuma embalagem 125 ml,Aga,,"2,79 €","(22,32 € / Litro)",
Maheso Rolitos Primavera Crepes Orientais embalagem 225 g,Maheso,,"4,49 €","(19,96 € / Kg)",
Camarão Cozido de Aquicultura Vannamei 20/30,,,"18,99 €/kg",,
Branco Gaivosa Vinho Branco do Douro garrafa 75 cl,Branco Gaivosa,,"10,25 €","(13,67 € / Litro)",
Excellence Creme Coloração Nº 7 Rubio Louro embalagem 1 unidade,Excellence Creme,,"11,99 €","(11,99 € / Unidade)",
Splendor Creme para Calçado Castanho 75 ml,Splendor,,"2,29 €","(30,53 € / Litro)",
Casademont Fuet Snacks sem Glúten embalagem 50 g,Casademont,,"1,89 €","(37,80 € / Kg)",
Nobre Frankfurt Salsichas 6 Unidades lata 120 g,Nobre Frankfurt,,"1,19 €","(7,42 € / Kg)","1,19 €"
Mercurochrome Lima de Cerâmica para Calosidades Espessas embalagem 1 unidade,Mercurochrome,,"8,25 €","(6,15 € / Unidade)","8,25 €"
Humydry Ambientador Anti-Humidade de Maçã 3+1 embalagem 75 g,Humydry,,"6,49 €","(86,53 € / Kg)",
Campofrio Pizza & Salsa Pizza de Atum e Cebola Assada com Molho Teriyaki embalagem 360 g,Campofrio Pizza & Salsa,,"2,79 €","(7,75 € / Kg)",
Esporão Vinho Tinto do Alentejo Colheita Biológico garrafa 75 cl,Esporão,,"7,99 €","(10,65 € / Litro)",
Paño Nature Amêndoas Torradas Biológicas embalagem 90 g,Paño Nature,,"3,79 €","(42,11 € / Kg)",
Loacker Bolacha Wafer Napolitaner com Avelã embalagem 175 g,Loacker,,"2,29 €","(13,09 € / Kg)",
Magic Retouch Spray Retoca Raízes Louro Escuro embalagem 100 ml,Magic Retouch,,"11,99 €","(119,90 € / Litro)",
Lombo Recheado com Farinheira Peso Aproximado 1 kg,,,"8,49 €/kg",,
Schweppes Refrigerante Citrus com Gás lata 33 cl,Schweppes,,"0,64 €","(1,94 € / Litro)",
Delaviuda Bombons de Avelã sem Açúcar embalagem 150 g,Delaviuda,,"3,40 €","(22,67 € / Kg)",
Néctar dos Currais Vinho Licoroso Meio Seco garrafa 50 cl,Néctar dos Currais,,"64,90 €","(129,80 € / Litro)",
Sagres Radler Cerveja de Lima e Frutos Vermelhos garrafa 33 cl,Sagres Radler,,"1,25 €","(3,79 € / Litro)",
Listerine Smart Rinse Elixir Oral com Flúor Infantil 6 + Anos embalagem 500 ml,Listerine Smart Rinse,,"5,99 €","(11,98 € / Litro)",
Maçarico Azeitonas Pretas em Rodelas frasco 345 g,Maçarico,,"2,19 €","(6,35 € / Kg)",
Alento Vinho Tinto do Alentejo garrafa 75 cl,Alento,,"6,99 €","(9,32 € / Litro)",
Sexy Vinho Branco do Alentejo garrafa 75 cl,Sexy,,"9,49 €","(12,65 € / Litro)",
Mr. Cheese Queijo Ralado Especial Pizzas embalagem 150 g,Mr. Cheese,,"1,95 €",(13 € / Kg),
Prozis Diet Frango Salteado com Vegetais embalagem 1 unidade,Prozis Diet,,"6,09 €","(6,09 € / Unidade)",
Oral-B Pro-Expert Pasta de Dentes Limpeza Profunda embalagem 75 ml,Oral-B Pro-Expert,,"3,99 €","(53,20 € / Litro)",
Casa do Valle Vinho Verde Branco garrafa 75 cl,Casa do Valle,,"4,99 €","(6,65 € / Litro)",
"Santal Active Drink Refrigerante de Laranja e Cenoura garrafa 1,5 L",Santal Active Drink,,"2,15 €","(1,43 € / Litro)",
Cem Porcento Mini Marinhais Cobertura Chocolate embalagem 50 g,Cem Porcento,,"1,69 €","(33,80 € / Kg)",
Glade Ambientador Sense&Spray Relaxing Zen embalagem 18 ml,Glade,,"8,99 €","(499,44 € / Litro)",
Andros Puré Sobremesa de Maçã com Pedaços frasco 740 g,Andros,,"3,45 €","(4,66 € / Kg)",
Donaire Wind Ambientador de Armários e Gavetas Fresh 2 unidades,Donaire Wind,,"3,60 €","(1,80 € / Unidade)",
Khanum Achar de Mistura frasco 300 g,Khanum,,"4,39 €","(14,63 € / Kg)",
Cem Porcento Mini Bolachas Marinheiras com Salsa e Alho sem Adição de Açúcares embalagem 50 g,Cem Porcento,,"0,89 €","(17,80 € / Kg)",
Jean Louis David Escova Esquelética embalagem 1 unidade,Jean Louis David,,"9,39 €","(9,39 € / Unidade)",
Bom Petisco Atum em Tomate Biológico lata 120 g,Bom Petisco,,"2,09 €","(17,42 € / Kg)",
Glamour Escova de Cabelo embalagem 1 unidade,Glamour,,"6,85 €","(6,85 € / Unidade)",
"Florette Salada César American Style com Frango, Bacon e Queijo Cheddar embalagem 200 g",Florette,,"3,89 €","(19,45 € / Kg)",
"Gin Lovers Pack Lisboa Gin 1 Garrafa + 6 Botânicos (Zimbro, Laranja, Limão, Hibisco, Estrela de Anis, Pétala Rosa) + 2 Utensílios (Copo medidor, Colher Bar)",Gin Lovers,,"39,60 €","(39,60 € / Unidade)",
Gelpeixe Postas de Corvina Prata embalagem 600 g,Gelpeixe,,"7,79 €","(12,98 € / Kg)",
Special Line El Corte Inglés Bebida de Aveia embalagem 1 L,Special Line El Corte Inglés,,"1,19 €","(1,19 € / Litro)",
El Corte Inglés Noodles de Frango e Verduras embalagem 300 g,El Corte Inglés,,"3,25 €","(10,83 € / Kg)",
Riegele Cerveja Dunkel garrafa 33 cl,Riegele,,"2,99 €","(9,06 € / Litro)",
Santiago Queijo Fresco de Cabra embalagem 100 g,Santiago,,"1,89 €","(14,54 € / Kg)",
Messias Vinho do Porto Miniaturas Pack 5 garrafa 5 cl,Messias,,"7,75 €",(155 € / Litro),
1724 Água Tónica da Argentina Pack 4 garrafa 20 cl,1724,,"7,55 €","(9,44 € / Litro)",
Tereré Erva Mate Abacaxi com Hortelã embalagem 500 g,Tereré,,"4,29 €","(8,58 € / Kg)",
Tabasco Molho Sriracha embalagem 300 g,Tabasco,,"6,09 €","(20,30 € / Kg)",
Qampo Azeitonas Verdes Recheadas com Pasta de Pimento frasco 210 g,Qampo,,"1,80 €","(8,57 € / Kg)",
"Duvel Cerveja 6,66% garrafa 33 cl",Duvel,,"3,29 €","(9,97 € / Litro)",
L'Oréal Elvive Total Repair 5 Amaciador Reparador para Cabelo Estragado embalagem 300 ml,L'Oréal,,"5,89 €","(19,63 € / Litro)",
Laranja Importada 2/3 Peso Aproximado por unidade 225 g,,,"1,69 €/kg",,
Quinta dos Açores Gelado Cookies & Cream embalagem 500 ml,Quinta dos Açores,,"5,99 €","(11,98 € / Litro)",
Bicafé Café Espresso para Dolce Gusto Intensidade 9 embalagem 16 cápsulas,Bicafé,,"3,49 €","(0,22 € / Unidade)",
Margão Pimenta Rosa em Grão embalagem 20 g,Margão,,"3,09 €","(154,50 € / Kg)",
Nivea Men Magnesium Dry Desodorizante Roll-On embalagem 50 ml,Nivea Men Magnesium Dry,,"4,99 €","(59,80 € / Litro)","4,99 €"
Cantinho das Aromáticas Infusão de Hortelã-Pimenta Biológica embalagem 20 unidades,Cantinho das Aromáticas,,"4,10 €","(0,20 € / Unidade)",
Jean Louis David Aplicador de Cosméticos embalagem 1 unidade,Jean Louis David,,"5,09 €","(5,09 € / Unidade)",
Moura Azeite Biológico Virgem Extra garrafa 500 ml,Moura,,"5,15 €","(10,30 € / Litro)",
Barnangen Loção para o Corpo Caring para Pele Normal a Seca embalagem 400 ml,Barnangen,,"7,69 €","(19,22 € / Litro)",
Zonin Espumante Prosecco Ice garrafa 75 cl,Zonin,,"14,65 €","(19,53 € / Litro)",
Firestorm Aguardente Bagaceira de Vinho Verde Covela garrafa 70 cl,Firestorm,,"29,90 €","(42,71 € / Litro)",
Heller Rebuçados embalagem 175 g,Heller,,"2,15 €","(12,29 € / Kg)",
Condi Leite Creme embalagem 75 g,Condi,,"0,88 €","(11,73 € / Kg)",
Vileda Vassoura Duactiva 1 unidade,Vileda,,"8,99 €","(8,99 € / Unidade)",
Moo Free Chocolate de Leite de Arroz sem Glúten Biológico embalagem 80 g,Moo Free,,"3,99 €","(49,88 € / Kg)",
Bicentury Nackis Tortitas de Milho com Chocolate Preto embalagem 91 g,Bicentury Nackis,,"2,34 €","(25,86 € / Kg)",
San Vicente Queijo Fresco de Vaca,San Vicente,,"6,95 €/kg",,
Tampax Compak Pearl Tampões Super Plus embalagem 16 unidades,Tampax Compak Pearl,,"3,99 €","(0,25 € / Unidade)",
Oro Prato Quadrado Dourado 25X34 embalagem 5 unidades,Oro,,"3,19 €","(0,64 € / Unidade)",
Cadão Vinho Rosé do Douro garrafa 75 cl,Cadão,,"4,25 €","(5,67 € / Litro)",
Silvex Sacos do Lixo para Escritório 19 L 1 unidade,Silvex,,"2,05 €","(2,05 € / Unidade)",
Super Bock Selecção 1927 Cerveja Artesanal  Bengal Amber Ipa garrafa 75 cl,Super Bock Selecção 1927,,"3,59 €","(4,79 € / Litro)",
Ponti Creme de Vinagre Balsâmico garrafa 250 ml,Ponti,,"2,99 €","(11,96 € / Litro)",
Wilkinson Sword Quattro Titanium Máquinas Descartáveis Pack 3 + 1 Grátis embalagem 4 unidades,Wilkinson Sword Quattro Titanium,,"7,59 €","(1,90 € / Unidade)",
Diese Bolachas Integrais de Maçã embalagem 200 g,Diese,,"2,49 €","(12,45 € / Kg)",
Natural & Easy Coloração Permanente Nutritiva Nº 565 Castanho Dourado embalagem 1 unidade,Natural & Easy,,"8,99 €","(8,99 € / Unidade)",
Nobre Dobrada lata 500 g,Nobre,,"2,35 €","(4,70 € / Kg)",
Somersby Sidra de Maçã garrafa 33 cl,Somersby,,"1,25 €","(3,79 € / Litro)",
Real Natura Condicionador Pro-Lisos Anti Frizz embalagem 500 ml,Real Natura,,"9,76 €","(19,52 € / Litro)",
Pato Bloco Sanitário Suporte Azul Fresco 40 g,Pato,,"2,99 €","(74,75 € / Kg)",
Inecto Naturals Creme Hidratante de Manteiga de Cacau Vegan embalagem 250 ml,Inecto Naturals,,"11,39 €","(45,56 € / Litro)",
Ultra Suave Champô de Leite de Coco e Macadâmia Nutre e Suaviza embalagem 400 ml,Ultra Suave,,"5,59 €","(13,98 € / Litro)",
Bulldog Gin garrafa 70 cl,Bulldog,,"29,49 €","(42,13 € / Litro)",
Pur Natur Iogurte de Baunilha Biológica embalagem 150 g,Pur Natur,,"1,59 €","(10,60 € / Kg)",
Vahiné Corações de Açúcar embalagem 55 g,Vahiné,,"3,39 €","(40,73 € / Kg)","3,39 €"
Quanto Amaciador para a Roupa Perfumador Azul embalagem 36 doses,Quanto,,"10,99 €","(0,31 € / Dose)",
"H&S Champô Anti-Caspa I Love Sea, I Reuse embalagem 430 ml",H&S,,"9,99 €","(23,23 € / Litro)",
Spontex Sensitive Luvas Ultra Fresh Pequenas 1 par,Spontex Sensitive,,"2,99 €","(2,99 € / Unidade)",
Compal Essencial Doses de Fruta de Maçã Pack 3 embalagem 110 ml,Compal Essencial,,"2,34 €","(7,09 € / Litro)",
Ausonia Protege-Slips Maxi embalagem 30 unidades,Ausonia,,"1,99 €","(0,07 € / Unidade)",
Shoyce Bebida de Soja Proteína 0% Açúcar 0% Lactose embalagem 200 ml,Shoyce,,"1,09 €","(5,45 € / Litro)",
Bimbo Pão de Forma Integral 100% Natural embalagem 450 g,Bimbo,,"1,99 €","(4,42 € / Kg)",
"Peixe Espada Preto Peso Aproximado por unidade 1,5 kg",,,"6,99 €/kg",,
Bolodoce 8 Bombons de Figo e Alfarroba embalagem 200 g,Bolodoce,,"11,90 €","(59,50 € / Kg)",
Taylor's Vinho do Porto Chip Dry e Tonic lata 25 cl,Taylor's,,"2,99 €","(11,96 € / Litro)",
Ambi Pur 3 Volution Ambientador Eléctrico Flores Rosas Recarga 21 ml,Ambi Pur 3 Volution,,"6,99 €","(332,86 € / Litro)",
Soignon Rolo de Cabra Biológico unidade 180 g,Soignon,,"4,75 €","(26,39 € / Kg)",
Excellence Creme Coloração Tripla Protecção Nº 6.41 Avelã embalagem 1 unidade,Excellence Creme,,"11,99 €","(11,99 € / Unidade)",
Liberalitas Vinho Tinto Regional Alentejano garrafa 75 cl,Liberalitas,,"16,49 €","(21,99 € / Litro)",
Nobre Salsichas Wienerwurst Pack 5 frasco 220 g,Nobre,,"2,55 €","(11,59 € / Kg)",
Dodot Fraldas Bébé Seco Tamanho 4 embalagem 38,Dodot,,"9,99 €","(0,26 € / Unidade)",
Jacobsen Cookies de Manteiga Flowers lata 400 g,Jacobsen,,"6,99 €","(17,48 € / Kg)",
"Casa de Bento Sumo de Uva frasco 29,5 cl",Casa de Bento,,"1,89 €","(6,41 € / Litro)",
Neo Blanc Líquido Sanitário Lixívia Perfumada embalagem 700 ml,Neo Blanc,,"2,55 €","(2,36 € / Litro)","2,55 €"
Dorffler Salsichas Bockwurst 8 Unidades frasco 360 g,Dorffler,,"4,39 €","(12,19 € / Kg)",
Sorini Moedas de Chocolate embalagem 100 g,Sorini,,"1,79 €","(17,90 € / Kg)",
Silvex Folha de Alumínio embalagem 16 m,Silvex,,"5,39 €","(0,34 € / Metro)",
Old Spice Shower Gel White Water embalagem 400 ml,Old Spice,,"4,99 €","(12,48 € / Litro)",
Ozeki Bebida Japonesa Sake garrafa 75 cl,Ozeki,,"14,99 €","(19,99 € / Litro)",
Woolite Detergente para a Máquina da Roupa Líquido Protecção Cores 30 doses,Woolite,,"13,99 €","(0,47 € / Dose)",
Royal Chef Paella Mista embalagem 350 g,Royal Chef,,"3,69 €","(8,43 € / Kg)","3,69 €"
La Ermita Cantabria Iogurte Natural com Bifidus sem Glúten frasco 1000 g,La Ermita Cantabria,,"5,85 €","(5,85 € / Kg)",
Tipiak Couscous com Tomate e Ervas embalagem 250 g,Tipiak,,"2,99 €","(11,96 € / Kg)",
Brasmar Preparado para Arroz de Marisco embalagem 900 g,Brasmar,,"7,39 €","(8,21 € / Kg)",
Korisca Cerveja Artesanal Morgana Porter dos Açores garrafa 33 cl,Korisca,,"3,99 €","(12,09 € / Litro)",
Nutribén Frango com Legumes 4 Meses frasco 120 g,Nutribén,,"1,19 €","(9,92 € / Kg)",
Real Thai Molho Hot Chilli Sriracha frasco 180 ml,Real Thai,,"2,55 €","(14,17 € / Litro)",
Baker&Baker Snack Philadelphia embalagem 125 g,Baker&Baker,,"1,45 €","(11,60 € / Kg)",
Izidoro Salsichas 100% de Porco 5 Unidades frasco 160 g,Izidoro,,"3,12 €","(19,50 € / Kg)",
Ameijoa Média Branca embalagem 1 kg,,,"6,99 €","(6,99 € / Unidade)",
Babaria Desodorizante Roll On Aveia embalagem 50 ml,Babaria,,"2,35 €",(47 € / Litro),
Colgate Total Pasta de Dentes Pack 2 embalagem 150 ml,Colgate Total,,"6,64 €","(44,27 € / Litro)",
Filippo Berio Molho Pesto Clássico frasco 190 g,Filippo Berio,,"3,90 €","(20,53 € / Kg)",
5 Jotas Presunto Ibérico Jabugo sem Osso Peso Aproximado por peça 5 kg,5 Jotas,,"299,00 €/kg",,
Nau do Cacau Chocolate Preto Equador 80% Cacau Biológico embalagem 80 g,Nau do Cacau,,"5,29 €","(66,12 € / Kg)",
Cif Detergente de Loiça Concentrado Ultra Desengordurante embalagem 1 L,Cif,,"3,99 €","(3,99 € / Litro)",
El Corte Inglés Camarões Crus 48/64 Peças embalagem 800 g,El Corte Inglés,,"10,49 €","(13,11 € / Kg)",
Mimosa Iogurte de Pedaços de Morango pack 120 g,Mimosa,,"1,79 €","(3,73 € / Kg)",
Quinta da Lixa Vinho Verde Trajadura Branco garrafa 75 cl,Quinta da Lixa,,"3,39 €","(4,52 € / Litro)",
Excellence Creme Coloração Tripla Acção Nº 5.3 Chocolate Praliné embalagem 1 unidade,Excellence Creme,,"11,99 €","(11,99 € / Unidade)",
Quinta do Banco Vinho Tinto do Douro garrafa 75 cl,Quinta do Banco,,"8,90 €","(11,87 € / Litro)",
Milhafre Manteiga com Sal embalagem 250 g,Milhafre,,"2,34 €","(9,36 € / Kg)",
Quinta de Linhares Vinho Verde Branco garrafa 75 cl,Quinta de Linhares,,"3,69 €","(4,92 € / Litro)",
Nutribén Fruta&Go Maçã e Banana Desde os 6 Meses sem Açúcar e sem Glúten embalagem 90 g,Nutribén Fruta&Go,,"0,99 €",(11 € / Kg),
Bio Puro Detergente Líquido para a Roupa de Cor Biológico embalagem 1 L,Bio Puro,,"7,79 €","(7,79 € / Litro)",
Queijo Fresco para Barrar embalagem 270 g,,,"2,99 €","(11,07 € / Kg)",
Cigala Arroz Carolino Extra Longo embalagem 1 kg,Cigala,,"1,35 €","(1,35 € / Kg)",
El Pastor Queijo Cunha sem Lactose unidade 200 g,El Pastor,,"3,19 €","(15,95 € / Kg)",
Maybelline Matte Ink Batom Nº 335 Hustler embalagem 1 unidade,Maybelline Matte Ink,,"10,49 €","(0,55 € / Unidade)",
Garden Gourmet Sensational Mediterranean 100% Vegetal embalagem 160 g,Garden Gourmet,,"3,99 €","(24,94 € / Kg)",
"Pleno Tisanas Bebida de Chá Verde e Limão Light garrafa 1,5 L",Pleno Tisanas,,"1,75 €","(1,17 € / Litro)",
Libella Espetinhos de Carne embalagem 175 g,Libella,,"4,59 €","(26,23 € / Kg)",
Natural & Easy Coloração Permanente Nutritiva Nº 584 Castanho Chocolate embalagem 1 unidade,Natural & Easy,,"8,99 €","(8,99 € / Unidade)",
ADA Comfort Resguardo para Incontinência 60x60 cm embalagem 25 unidades,ADA Comfort,,"6,95 €","(0,28 € / Unidade)",
Delizum Sumo de Laranja Espremido Biológico garrafa 1 L,Delizum,,"3,99 €","(3,99 € / Litro)",
Simón Coll Lápis de Cor de Chocolate embalagem 30 g,Simón Coll,,"2,99 €","(99,67 € / Kg)",
Yoco Duo Petit Suisse de Morango e Baunilha Pack 4 embalagem 90 g,Yoco Duo,,"3,15 €","(8,75 € / Kg)",
Ox Nature Chlorella em Pó Biológica embalagem 100 g,Ox Nature,,"12,49 €","(124,90 € / Kg)",
Frangus Frango Assado com Limão embalagem 740 g,Frangus,,"8,95 €","(12,09 € / Kg)",
Salsicharia Limiana Presunto Reserva Seleção em Fatias unidade 100 g,Salsicharia Limiana,,"3,99 €","(39,90 € / Kg)",
Herdade do Esporão Azeite Virgem Extra Biológico garrafa 500 ml,Herdade do Esporão,,"9,49 €","(18,98 € / Litro)",
Cooper Bacter Desinfectante Antibacteriano para Superfícies Aroma Menta embalagem 200 ml,Cooper Bacter,,"4,65 €","(23,25 € / Litro)",
Xisto Ilimitado Vinho Tinto do Douro garrafa 75 cl,Xisto Ilimitado,,"12,95 €","(17,27 € / Litro)",
Royale Ambree Colónia Feminina frasco 200 ml,Royale Ambree,,"16,19 €","(8,10 € / 10 ml.)",
Vidal Gomas Mega Sortido Ácido embalagem 90 g,Vidal,,"1,39 €","(15,44 € / Kg)",
Torre de Menagem Vinho Verde Branco garrafa 75 cl,Torre de Menagem,,"3,59 €","(4,79 € / Litro)",
Porminho Presunto sem Osso 1/2 kg,Porminho,,"16,59 €/kg",,
Vidal Gomas Bananas embalagem 100 g,Vidal,,"1,39 €","(13,90 € / Kg)",
Capdevila Paté com Finas Ervas unidade 100 g,Capdevila,,"1,79 €","(17,90 € / Kg)",
Chimay Cerveja 150 Anniversair garrafa 75 cl,Chimay,,"10,95 €","(14,60 € / Litro)",
Pantene Champô Liso e Sedoso embalagem 360 ml,Pantene,,"4,99 €","(13,86 € / Litro)",
Saphir Fruits Attraction Colónia Feminina de Coco embalagem 100 ml,Saphir Fruits Attraction,,"5,55 €","(55,50 € / Litro)",
Dodot Activity Toalhitas Infantis Pack 4 Recarga 54 unidades,Dodot Activity,,"5,99 €","(0,11 € / Unidade)",
BIP Drageias com Caramelo Cool Fan Sortidos embalagem 1,BIP,,"4,99 €","(4,99 € / Unidade)",
Muralhas Vinho Verde Branco garrafa 75 cl,Muralhas,,"4,75 €","(6,33 € / Litro)",
Shoyce Bebida Vegetal Leve 0% Açúcares Adicionados sem Lactose embalagem 1 L,Shoyce,,"1,39 €","(1,09 € / Litro)","1,39 €"
Gogo Squeez Maçã 100% Fruta Pack 4 embalagem 90 g,Gogo Squeez,,"3,89 €","(10,81 € / Kg)",
Renova Black Label Guardanapos Xmas Nordic embalagem 20 unidades,Renova Black Label,,"1,99 €","(0,09 € / Unidade)","1,99 €"
La Carloteña Frango Recheado com Amoras e Queijo de Cabra unidade 600 g,La Carloteña,,"12,49 €","(20,82 € / Kg)",
Sanchez Alcaraz Presunto Ibérico em Pedaços sem Glúten e sem Lactose Pack 2 unidade 100 g,Sanchez Alcaraz,,"4,55 €","(45,50 € / Kg)",
"Gullón Tortitas de Arroz Integral Vitalday sem Glúten Pack 4 embalagem 115,2 g",Gullón,,"2,19 €","(19,04 € / Kg)",
Fini Premium Gelato Gelado de Tangerina frasco 465 ml,Fini Premium Gelato,,"6,70 €","(14,41 € / Litro)",
Fumeiro da Gardunha Alheira de Porco do Fundão unidade 180 g,Fumeiro da Gardunha,,"2,89 €","(16,06 € / Kg)",
Curral Atlântis Vinho Branco dos Açores Verdelho Arinto garrafa 75 cl,Curral Atlântis,,"18,45 €","(24,60 € / Litro)",
Margão Bio Canela Moída Biológica frasco 27 g,Margão Bio,,"3,69 €","(136,67 € / Kg)",
Rexona Motion Sense Desodorizante Cotton Dry Algodão Spray embalagem 200 ml,Rexona Motion Sense,,"4,69 €","(23,45 € / Litro)",
Jacquot Bombons Recheados com Creme embalagem 100 g,Jacquot,,"1,49 €","(14,90 € / Kg)",
Vale da Rosa Uva Preta sem Grainha embalagem 500 g,Vale da Rosa,,"3,99 €","(7,98 € / Kg)",
Lindor Lady Fraldas para Adultos Mulher Maxi Noite embalagem 14 unidades,Lindor Lady,,"9,99 €","(0,46 € / Unidade)","9,99 €"
Vitacress Salada Riva embalagem 100 g,Vitacress,,"1,79 €","(17,90 € / Kg)",
Garofalo Spaghettini embalagem 500 g,Garofalo,,"2,09 €","(4,18 € / Kg)",
Tamboril Pequeno ao peso 1 kg,,,"9,99 €/kg",,
Olá Gelado Mini Bites Baunilha Pack 10 unidades embalagem 10 ml,Olá,,"1,49 €","(14,90 € / Litro)",
Ambi Pur Fresh Escapes Ambientador para Carro Cascata Refrescante + Recarga embalagem 7 ml,Ambi Pur Fresh Escapes,,"5,99 €","(855,71 € / Litro)",
Nivea Men Invisible Desodorizante Black & White Roll-On embalagem 50 ml,Nivea Men Invisible,,"4,49 €","(89,80 € / Litro)",
Sabonete Sólido Ultra embalagem 100 g,,,"6,99 €","(69,90 € / Kg)",
Real Filetes Filetes de Sardinha Marinados em Vinagre embalagem 100 g,Real Filetes,,"3,85 €","(38,50 € / Kg)",
Neo Blanc Lixívia Frescura do Campo 4 L,Neo Blanc,,"4,49 €","(0,02 € / Litro)",
Cimarrom Lentilhas Vermelhas Secas embalagem 350 g,Cimarrom,,"1,65 €","(4,71 € / Kg)",
Globo Aloe Vera Desidratado em Fatias embalagem 90 g,Globo,,"3,59 €","(39,89 € / Kg)",
Nestlé L'Atelier Chocolate de Culinária Ganache de Caramelo tablete 143 g,Nestlé L'Atelier,,"3,59 €","(25,10 € / Kg)",
Quinta da Marinha Fígado de Pato Peso Aproximado por cuvete 650 g,Quinta da Marinha,,"6,34 €","(9,75 € / Kg)",
Vileda Eco-Logic Balde do Lixo para Reciclagem 39 L embalagem 1 unidade,Vileda Eco-Logic,,"49,99 €","(49,99 € / Unidade)",
Rudolfs Lasanha com Carne de Vaca Bio +8 meses frasco 190 g,Rudolfs,,"2,39 €","(12,58 € / Kg)",
El Corte Inglés Sortido de Mini Porções de Torrões embalagem 280 g,El Corte Inglés,,"5,35 €","(19,11 € / Kg)",
Cimarrom Miolo de Amêndoa Laminado embalagem 100 g,Cimarrom,,"1,95 €","(19,50 € / Kg)",
Origens Lombos de Salmão Biológico embalagem 200 g,Origens,,"11,99 €","(59,95 € / Kg)",
Sonatural Shot Sumo de Gengibre e Maçã sem Açúcar 100% Natural Pack 4 garrafa 125 cl,Sonatural,,"5,49 €","(10,98 € / Litro)",
Prados de Melgaço Queijo de Cabra com Vinho Alvarinho e Pimentão unidade 100 g,Prados de Melgaço,,"3,79 €","(37,90 € / Kg)",
Fino Papel de Alumínio embalagem 10 m,Fino,,"1,99 €","(0,20 € / Metro)",
"Atelier do Doce Bolo Red Velvet embalagem 1,200 g",Atelier do Doce,,"17,90 €","(17,90 € / Unidade)",
Elda Queijo Creme Mascarpone embalagem 250 g,Elda,,"2,99 €","(11,96 € / Kg)",
Granadilha Peso Aproximado por unidade 140 g,,,"16,99 €/kg",,
Pescanova Supremas de Bacalhau embalagem 400 g,Pescanova,,"8,59 €","(21,48 € / Kg)",
Dr. Beckmann Tira-Nódas de Canetas e Tinta embalagem 50 ml,Dr. Beckmann,,"3,79 €","(75,80 € / Litro)",
"Perna de Peru Peso Aproximado 1,8 kg",,,"4,00 €/kg",,
Agros Leite com Chocolate sem Lactose UHT Pack 4 embalagem 200 ml,Agros,,"2,34 €","(11,70 € / Litro)",
Cuétara Crackers Integrais Pack 3 embalagem 200 g,Cuétara,,"2,59 €","(12,95 € / Kg)",
Babaria Laca Fixação Normal embalagem 400 ml,Babaria,,"3,69 €","(9,22 € / Litro)",
Quanto Amaciador para a Roupa Lirios Twist embalagem 84 doses,Quanto,,"9,99 €","(0,12 € / Dose)",
Glade Ambientador Electrico Sandalo Recarga recarga 20 ml,Glade,,"5,99 €","(299,50 € / Litro)",
Serrano Mojama em Fatias unidade 100 g,Serrano,,"7,49 €","(74,90 € / Kg)",
Biorigin Tagliatelle Biológica embalagem 250 g,Biorigin,,"2,65 €","(10,60 € / Kg)",
Izidoro Grill Salsichas Churrasco 200,Izidoro Grill,,"4,59 €","(22,95 € / Kg)",
Biologic Escalopes de Bovino Bio embalagem 300 g,Biologic,,"4,99 €","(14,30 € / Kg)","4,99 €"
Lotus Gofre embalagem 250 g,Lotus,,"2,49 €","(9,96 € / Kg)",
Margão Alho Moído embalagem 40 g,Margão,,"1,49 €","(37,25 € / Kg)",
Ariel Detergente para a Máquina da Roupa 3 em 1 Cápsulas embalagem 43 doses,Ariel,,"22,05 €","(0,51 € / Dose)",
Babaria For Men Desodorizante Splash Spray embalagem 200 ml,Babaria For Men,,"2,99 €","(14,95 € / Litro)",
Kuchen Meister Base de Tarte Tripla Escura embalagem 400 g,Kuchen Meister,,"3,29 €","(8,22 € / Kg)",
El Pastoret Iogurte Proteína sem Lactose e sem Glúten embalagem 500 g,El Pastoret,,"3,09 €","(6,18 € / Kg)",
Listerine Advanced Defense Tratamento Gengival embalagem 500 ml,Listerine Advanced Defense,,"6,49 €","(12,98 € / Litro)",
Delta Q Café Qharisma Intensidade 12 embalagem 10 cápsulas,Delta Q,,"3,99 €","(0,40 € / Unidade)",
Oliveira da Serra Vinagre de Maçã garrafa 250 ml,Oliveira da Serra,,"1,49 €","(5,96 € / Litro)",
Lorenz Amendoins com Wasabi embalagem 100 g,Lorenz,,"2,99 €","(29,90 € / Kg)",
Ultra Suave Riqueza D' Argão Creme de Pentear Protector para Cabelos Muito Secos embalagem 200 ml,Ultra Suave Riqueza D' Argão,,"4,99 €","(24,95 € / Litro)",
+ Cru Arandos com Sumo de Maçã Biológicos embalagem 250 g,+ Cru,,"9,99 €","(39,96 € / Kg)",
Youwok Noodles para Wok embalagem 250 g,Youwok,,"2,59 €","(10,36 € / Kg)",
Casa do Capitão-Mor Vinho Verde Alvarinho Branco garrafa 75 cl,Casa do Capitão-Mor,,"9,99 €","(13,32 € / Litro)",
Veckia Creme Corporal Coco embalagem 250 ml,Veckia,,"4,59 €","(1,84 € / 10 ml.)",
Ultra Suave Amaciador Revitalizante Gengibre Vital para Cabelos Estragados embalagem 200 ml,Ultra Suave,,"3,59 €","(17,95 € / Litro)",
Mimosa Leite com Chocolate Pack 4 embalagem 200 ml,Mimosa,,"1,69 €","(7,15 € / Litro)","1,69 €"
Rouzaire Queijo Brie de Meaux Peso Aproximado por unidade 3 kg,Rouzaire,,"39,69 €/kg",,
Lafuente Queijo Cheddar Irlandês sem Glúten,Lafuente,,"14,98 €/kg",,
Maldonado Salsichão 100% Ibérico Bolota,Maldonado,,"44,98 €/kg",,
Margão Cominhos Moídos frasco 32 g,Margão,,"2,79 €","(87,19 € / Kg)",
Delta Café Torrado Moído Descafeinado Moagem Universal embalagem 220 g,Delta,,"4,69 €","(21,32 € / Kg)",
Alpro Yofu de Coco e Ananás embalagem 120 g,Alpro,,"1,79 €","(14,92 € / Kg)",
Quinta do Coro Marmelada em Cubos embalagem 250 g,Quinta do Coro,,"3,89 €","(15,56 € / Kg)",
Oral-B Trident Pastilhas Spearmint sem Açúcar Pack 3 embalagem 17 g,Oral-B Trident,,"3,29 €","(193,53 € / Kg)",
Nocilla Creme para Barras de Cacau e Avelãs -40% Gordura frasco 190 g,Nocilla,,"2,39 €","(12,58 € / Kg)",
SIMON COLL Calendário Advento Religioso embalagem 120 g,SIMON COLL,,"9,99 €","(83,25 € / Kg)",
Jardin Bio Molho de Tomate com Manjericão Biológico frasco 212 ml,Jardin Bio,,"4,09 €","(19,29 € / Litro)",
El Corte Inglés Ambientador Eléctrico Flores Brancas Recarga embalagem 1 unidade,El Corte Inglés,,"2,35 €","(2,35 € / Unidade)",
Santini Gelado Picolini de Morango Pack 6 embalagem 65 g,Santini,,15 €,"(38,46 € / Kg)",
Carlsberg Cerveja da Dinamarca Snap Pack 6 lata 33 cl,Carlsberg,,"6,99 €","(3,53 € / Litro)",
Martell Cognac VSOP garrafa 70 cl,Martell,,"49,99 €","(71,41 € / Litro)",
Simões Queijo de Azeitão DOP unidade 240 g,Simões,,"6,99 €","(29,12 € / Kg)",
Gorila Pastilhas de Frutas Sortidas embalagem 60 g,Gorila,,"1,09 €","(18,17 € / Kg)",
Copra Óleo de Coco spray 100 ml,Copra,,"5,15 €","(51,50 € / Litro)",
Proalimentar Bolachas de Leite e Cereais embalagem 300 g,Proalimentar,,"2,49 €","(8,30 € / Kg)",
Jordans Country Crisp Cereais com Morangos embalagem 400 g,Jordans Country Crisp,,"3,89 €","(9,72 € / Kg)",
Passadouro Vinho Tinto do Douro garrafa 75 cl,Passadouro,,"12,75 €",(17 € / Litro),
Grey Goose Vodka garrafa 70 cl,Grey Goose,,"47,09 €","(67,27 € / Litro)",
Angelina Alheira de Aves unidade 200 g,Angelina,,"1,85 €","(9,25 € / Kg)",
Próvida Flocos de Centeio Biológicos embalagem 400 g,Próvida,,"1,79 €","(4,48 € / Kg)",
Milka Oreo Chocolate de Leite com Bolacha de Oreo embalagem 100 g,Milka Oreo,,"1,69 €","(16,90 € / Kg)",
Fever-Tree Ginger Beer Pack 4 garrafa 20 cl,Fever-Tree,,"4,75 €","(5,94 € / Litro)",
Bal da Madre Vinho Branco da Beira Interior Biológico garrafa 75 cl,Bal da Madre,,"8,25 €",(11 € / Litro),
Cigala Arroz para Risotto embalagem 1 kg,Cigala,,"2,39 €","(2,39 € / Kg)",
Casa Amarela Vinho Branco do Douro Selection garrafa 75 cl,Casa Amarela,,"13,99 €","(18,65 € / Litro)",
Comenda Grande Vinho Tinto Regional do Algarve garrafa 75 cl,Comenda Grande,,"8,98 €","(11,97 € / Litro)",
Maheso Churros XXL embalagem 320 g,Maheso,,"3,99 €","(12,47 € / Kg)",
Monsaraz Espumante Bruto garrafa 75 cl,Monsaraz,,"7,99 €","(10,65 € / Litro)",
Ulric de Varens Colónia Feminina Mini Sexy embalagem 25 ml,Ulric de Varens,,"4,59 €","(183,60 € / Litro)",
Soft&Co Serum Anti Manchas embalagem 30 ml,Soft&Co,,"5,99 €","(199,67 € / Litro)",
Quintinha D'Aldeia Chouriço de Carne Extra embalagem 200 g,Quintinha D'Aldeia,,"3,55 €","(17,75 € / Kg)",
Glade Vela Ambientador Pack Duplo embalagem 258 g,Glade,,"10,19 €","(39,50 € / Kg)",
D'Angelo Cappelletti Integral de Vegetais Vegan Biológico embalagem 250 g,D'Angelo,,"4,59 €","(18,36 € / Kg)",
Dalva Vinho Tinto do Douro Reserva garrafa 300 cl,Dalva,,"49,90 €","(16,63 € / Litro)",
Vitacress Salada do Chef embalagem 120 g,Vitacress,,"1,99 €","(16,58 € / Kg)",
Shakira Colónia Feminina Diamonds embalagem 50 ml,Shakira,,"14,55 €",(291 € / Litro),
Johnson's Gel de Banho para Bebé Cuidado Completo embalagem 500 ml,Johnson's,,"3,89 €","(7,78 € / Litro)",
Nova Classe Agitadores de Madeira embalagem 50 unidades,Nova Classe,,"1,95 €","(0,04 € / Unidade)",
L'Oréal Elvive Argila Extraordinária Condicionador Purificante para Cabelo Normal a Oleoso embalagem 300 ml,L'Oréal,,"5,89 €","(19,63 € / Litro)",
Yopro Iogurte Líquido  Proteína sabor Café embalagem 300 g,Yopro,,"2,39 €","(7,97 € / Kg)",
Coren Costeletas de Peru com Alho Peso Aproximado por cuvete 450 g,Coren,,"4,93 €","(10,95 € / Kg)",
Nestlé Cheerios Cereais de Aveia embalagem 300 g,Nestlé Cheerios,,"3,59 €","(11,97 € / Kg)",
Aveleda Vinho Verde Loureiro Branco garrafa 75 cl,Aveleda,,"4,99 €","(6,65 € / Litro)",
Castello D'Alba Vinho do Douro Reserva Magnum Especial Tinto garrafa 5 L,Castello D'Alba,,"79,90 €","(15,98 € / Litro)",
Quinta do Infantado Vinho do Porto Datado 10 Anos garrafa 75 cl,Quinta do Infantado,,"21,99 €","(29,32 € / Litro)",
Nescafé Dolce Gusto Café Expresso Peru Intensidade 8 Biológico embalagem 12 cápsulas,Nescafé Dolce Gusto,,"5,59 €","(0,47 € / Unidade)",
Casting Creme Gloss Coloração Nº 210 Preto Azulado embalagem 1 unidade,Casting Creme Gloss,,"9,99 €","(9,99 € / Unidade)",
Próvida Farinha de Espelta Biológica embalagem 500 g,Próvida,,"2,49 €","(4,98 € / Kg)",
+Cru Tâmaras Medjool Biológicas embalagem 200 g,+Cru,,"7,75 €","(38,75 € / Kg)",
Aliada Papel de Alumínio embalagem 30 m,Aliada,,"2,49 €","(0,08 € / Metro)",
"Nestlé Naturnes Maçã, Banana e Morango desde os 8 Meses sem Glúten embalagem 90 g",Nestlé Naturnes,,"1,05 €","(11,67 € / Kg)",
Fapil Pano de Limpeza 1 unidade,Fapil,,"2,35 €","(2,35 € / Unidade)",
El Corte Inglés Tostas de Trigo embalagem 225 g,El Corte Inglés,,"0,65 €","(2,89 € / Kg)",
Danone Oikos Iogurte Grego de Amora Pack 4 embalagem 110 g,Danone Oikos,,"2,39 €","(5,43 € / Kg)",
Domuz Anis Doce garrafa 75 cl,Domuz,,"10,85 €","(14,47 € / Litro)",
Pato Bloco Sanitário Água Azul embalagem 40 g,Pato,,"2,79 €","(69,75 € / Kg)",
Kevago Mix de Vegetais em Azeite embalagem 100 g,Kevago,,"2,95 €","(29,50 € / Kg)",
Nestlé Dark Tablete Chocolate Preto sem Glúten embalagem 270 g,Nestlé Dark,,"3,79 €","(14,04 € / Kg)",
"Terra a Terra Vinho Tinto do Douro Reserva Magnum garrafa 1,5 L",Terra a Terra,,"28,89 €","(19,26 € / Litro)",
"Hempology Bebida Proteica com Cânhamo, Ervilha, Cacau e Coco embalagem 450 g",Hempology,,"28,99 €","(64,42 € / Kg)",
Sanchez Alcaraz Naco do Lombo Reserva unidade 300 g,Sanchez Alcaraz,,"7,95 €","(24,83 € / Kg)","7,95 €"
Yogi Tea Tisana de Especiarias Biológica embalagem 17 unidades,Yogi Tea,,"4,09 €","(0,24 € / Unidade)",
Cape Herb & Spice Tempero de Ervas para Churrasco lata 100 g,Cape Herb & Spice,,"4,95 €","(49,50 € / Kg)",
Scottex Megarolo Papel Higiénico embalagem 12 unidades,Scottex Megarolo,,"6,49 €","(0,54 € / Unidade)",
El Corte Inglés Queijo Ralado Mozzarella embalagem 200 g,El Corte Inglés,,"2,49 €","(12,45 € / Kg)",
Panetto Pão de Alfarroba unidade 400 g,Panetto,,"2,49 €","(6,22 € / Kg)",
Nivea Body Milk Loção para Corpo Refirmante Q10 Plus Vit C Pele Seca embalagem 250 ml,Nivea Body Milk,,"7,69 €","(19,96 € / Litro)","7,69 €"
Carte D'Or Gelado Cookies & Cream Les Desserts embalagem 900 ml,Carte D'Or,,"5,49 €","(6,10 € / Litro)",
Ponte Marante Aguardente garrafa 70 cl,Ponte Marante,,"15,99 €","(22,84 € / Litro)",
Oral-B CrossAction Escova de Dentes Recarga embalagem 2 unidades,Oral-B CrossAction,,"14,99 €","(7,50 € / Unidade)",
Izidoro o Charcuteiro Banha de Porco embalagem 230 g,Izidoro o Charcuteiro,,2 €,"(8,70 € / Kg)",
Peroni Cerveja Peroni Premium Lager garrafa 50 cl,Peroni,,"3,99 €","(7,98 € / Litro)",
Knorr Noodles com Bacon e Tomate embalagem 63 g,Knorr,,"1,39 €","(22,06 € / Kg)",
El Corte Inglés Selection Croissants Recheados de Chocolate 8 Unidades embalagem 320 g,El Corte Inglés Selection,,"1,85 €","(5,78 € / Kg)",
Al Amier Pasta de Noz e Paprika frasco 130 g,Al Amier,,"4,40 €","(33,85 € / Kg)",
Marnoto Sal Marinho Grosso embalagem 1 kg,Marnoto,,"0,89 €","(0,89 € / Kg)",
Demak Up Toalhitas Desmaquilhantes Expert para Todos os Tipo de Pele embalagem 20 unidades,Demak Up,,"2,59 €","(0,13 € / Unidade)",
Santa Catarina Filetes de Atum com Caril lata 120 g,Santa Catarina,,"3,09 €","(22,92 € / Kg)","3,09 €"
Presunto 100% Ibérico Bolota ao peso 1 kg,,,"249,00 €/kg",,
Valformoso Queijo Fresco para Barrar sem Lactose embalagem 200 g,Valformoso,,"1,59 €","(7,95 € / Kg)",
Narta Protection 5 Desodorizante Spray embalagem 200 ml,Narta Protection 5,,"4,29 €","(21,45 € / Litro)",
Tetley Ice Tea Chá Preto e Pêssego lata 33 cl,Tetley,,"0,69 €","(2,09 € / Litro)",
Bimbo Pão de Forma Especial Torrada sem Côdea embalagem 650 g,Bimbo,,"2,32 €","(3,57 € / Kg)",
Cistér Feijão Preto Cozido lata 840 g,Cistér,,"0,99 €","(1,18 € / Kg)",
Brokers Gin garrafa 70 cl,Brokers,,"20,99 €","(29,99 € / Litro)",
"Special Line El Corte Inglés Infusão Relaxante Erva-Cidreira, Passiflora e Camomila embalagem 25 unidades",Special Line El Corte Inglés,,"2,29 €","(0,09 € / Unidade)",
Santal 100% Sumo de Maçã Pack 3 embalagem 20 unidade,Santal 100%,,"1,85 €","(3,08 € / Litro)",
El Corte Inglés Selection Atum em Azeite Fresco frasco 135 g,El Corte Inglés Selection,,"4,55 €","(33,70 € / Kg)",
Moo Free Chocolate de Leite de Arroz com Sal Marinho e Caramelo sem Glúten Biológico embalagem 80 g,Moo Free,,"3,99 €","(49,88 € / Kg)",
Renova First Pensos Higiénicos Ultra com Abas Normal embalagem 14 unidades,Renova First,,"2,20 €","(0,16 € / Unidade)",
Casa de S. Miguel Azeite Virgem Extra Cordovil lata 500 ml,Casa de S. Miguel,,"8,50 €",(17 € / Litro),
Camus Cognac VSOP garrafa 70 cl,Camus,,"40,90 €","(58,43 € / Litro)",
Assobio Pack 2 Vinhos Tinto do Douro embalagem 75 cl,Assobio,,"14,98 €","(9,99 € / Litro)",
Búfalo Lava e Encera Floral 500 ml,Búfalo,,"4,05 €","(8,10 € / Litro)",
Syoss Men Power Champô para Cabelo Normal embalagem 440 ml,Syoss Men Power,,"6,99 €","(15,89 € / Litro)",
Kaffa Alumínio Café Clássico Intensidade 9 para Nespresso embalagem 10 cápsulas,Kaffa Alumínio,,"2,12 €","(0,21 € / Unidade)",
Dalva Vinho do Porto Colheita White 2011 garrafa 75 cl,Dalva,,"29,90 €","(39,87 € / Litro)",
Montanegra Lombo Ibérico em Fatias embalagem 50 g,Montanegra,,"4,99 €","(99,80 € / Kg)",
Montado Vinho Tinto do Alentejo garrafa 75 cl,Montado,,"3,15 €","(4,20 € / Litro)",
Eric Kayser Crumble,Eric Kayser,,"3,80 €","(3,80 € / Unidade)",
Próvida Bolachas de Mel com Gengibre sem Lactose Biológico embalagem 200 g,Próvida,,"3,15 €","(15,75 € / Kg)",
Montesano Presunto Ibérico de Bolota Fatiado à Mão embalagem 100 g,Montesano,,"18,95 €","(189,50 € / Kg)",
Huggies Natural Care Toalhitas Húmidas Infantis com Aloe Vera embalagem 56 unidades,Huggies Natural Care,,"1,99 €","(0,04 € / Unidade)",
Jean Louis David Limas Maleaveis embalagem 1,Jean Louis David,,"4,18 €","(4,18 € / Unidade)",
Oreo Bolachas de Chocolate Recheadas com Duplo Creme embalagem 185 g,Oreo,,"1,69 €","(9,14 € / Kg)",
Próvida Biscoitos de Amêndoa Biológicos embalagem 250 g,Próvida,,"2,49 €","(9,96 € / Kg)",
Cimarrom Miolo de Noz embalagem 100 g,Cimarrom,,"2,99 €","(29,90 € / Kg)",
Dessange Mola GM embalagem 1 unidade,Dessange,,"3,99 €","(3,99 € / Unidade)",
Pantene Amaciador Repara e Protege embalagem 225 ml,Pantene,,"3,74 €","(16,62 € / Litro)",
Murganheira Espumante Reserva Rosé Bruto garrafa 75 cl,Murganheira,,"14,29 €","(19,05 € / Litro)",
Paladar Pronto Almôndegas com Molho de Tomate Carne de Vaca e Frango embalagem 250 g,Paladar Pronto,,"4,99 €","(19,96 € / Kg)",
Old El Paso Molho Guacamole frasco 320 g,Old El Paso,,"5,32 €","(16,62 € / Kg)",
Wasa Tostas Crocantes de Aveia e Trigo Vitalité embalagem 280 g,Wasa,,"2,49 €","(8,89 € / Kg)",
Ferreira Vinho do Porto Branco Lágrima garrafa 75 cl,Ferreira,,"7,49 €","(9,99 € / Litro)",
Granini Sumo de 100% Tomate garrafa 1 L,Granini,,"2,75 €","(2,75 € / Litro)",
A Saloinha Batatas Fritas Palha embalagem 400 g,A Saloinha,,"3,39 €","(8,48 € / Kg)",
Viennetta Gelado de Baunilha embalagem 650 ml,Viennetta,,"3,99 €","(6,14 € / Litro)",
Libella Espetinhos de Frango embalagem 175 g,Libella,,"2,99 €","(17,09 € / Kg)",
Trevijano Risotto Curry embalagem 280 g,Trevijano,,"3,79 €","(13,54 € / Kg)",
Margem Molas para Roupa embalagem 10 unidades,Margem,,"4,09 €","(0,41 € / Unidade)",
Vadio Vinho Tinto da Bairrada garrafa 75 cl,Vadio,,"14,65 €","(19,53 € / Litro)",
Lindt Lindor Bombons de Chocolate Vintage lata 225 g,Lindt Lindor,,"11,99 €","(53,29 € / Kg)",
Villa Alvor Vinho Tinto do Algarve garrafa 75 cl,Villa Alvor,,"5,99 €","(7,99 € / Litro)",
Mississippi Belle Preparado para Panquecas embalagem 1000 g,Mississippi Belle,,"4,99 €","(4,99 € / Kg)",
Nivea Protect e Bronze Desodorizante Beauty Elixir Sensitive Spray embalagem 150 ml,Nivea Protect e Bronze,,"4,49 €","(29,93 € / Litro)",
Torres Ibéricos Vinho Tinto de Espanha Torres Rioja Crianza garrafa 75 cl,Torres Ibéricos,,"10,99 €","(14,65 € / Litro)",
Garofalo Macarrão embalagem 500 g,Garofalo,,"2,09 €","(4,18 € / Kg)",
Moltex Pure & Nature Fraldas 17-28 Kg Tamanho 6 Ecológicas embalagem 35 unidades,Moltex Pure & Nature,,"17,45 €","(0,50 € / Unidade)",
Sirtakis Queijo para Saladas em Azeite e Ervas unidade 300 g,Sirtakis,,"4,49 €","(14,97 € / Kg)",
El Corte Inglés Torrão de Praliné com Laranja sem Glúten embalagem 250 g,El Corte Inglés,,"3,49 €","(17,45 € / Kg)",
Riberalves Pastéis de Bacalhau embalagem 360 g,Riberalves,,"4,49 €","(11,08 € / Kg)","4,49 €"
Reguengos Vinho Branco do Alentejo DOC garrafa 75 cl,Reguengos,,"3,49 €","(4,65 € / Litro)",
Aussie Champô SOS Reparador embalagem 290 ml,Aussie,,"7,99 €","(27,55 € / Litro)",
St.Michel Bolachas de Manteiga e Caramelo embalagem 150 g,St.Michel,,"2,89 €","(19,27 € / Kg)",
Becel Creme de Barrar Extra Magro embalagem 225 g,Becel,,"2,99 €","(13,29 € / Kg)",
Quanto Amaciador Concentrado Ouro & Orquídea Branca embalagem 76 doses,Quanto,,"9,99 €","(0,13 € / Dose)",
El Corte Inglés Bio Iogurte de Cabra Biológico frasco 420 g,El Corte Inglés Bio,,"3,09 €","(7,36 € / Kg)",
H&S Tratamento Suavizante com Aloe embalagem 145 ml,H&S,,"7,49 €","(51,66 € / Litro)",
Cem Porcento Bolachas Marinheiras com Chia sem Adição de Açúcar embalagem 200 g,Cem Porcento,,"2,89 €","(14,45 € / Kg)",
Nestlé Chocolate de Leite sem Glúten embalagem 125 g,Nestlé,,"1,89 €","(15,12 € / Kg)",
Ajax Detergente Multiusos Desinfectante embalagem 500 ml,Ajax,,"3,99 €","(7,98 € / Litro)",
Nuts Original Aperitivos Luxury Beer embalagem 150 g,Nuts Original,,"3,09 €","(20,60 € / Kg)",
Monte Bluna Vinho Tinto Regional de Lisboa Tinta Miúda garrafa 75 cl,Monte Bluna,,"22,90 €","(30,53 € / Litro)",
Ezalo Ambientador Líquido por Evaporação de Lavanda embalagem 75 ml,Ezalo,,"6,99 €","(93,20 € / Litro)",
Nivea Sérum Antirrugas Regenerador de Noite Q10 embalagem 30 ml,Nivea,,"16,99 €","(396,33 € / Litro)","16,99 €"
Babaria Ampolas Retinol Anti-Idade embalagem 10 ml,Babaria,,"6,39 €",(639 € / Litro),
Condi Marinada para Churrasco embalagem 250 ml,Condi,,"4,59 €","(18,36 € / Litro)",
Blédina Papa de Frutos Variados +6 Meses sem Açúcar embalagem 200 g,Blédina,,"3,08 €","(15,40 € / Kg)",
Bon Roll Choconolas Gomas de Ananás com Cobertura de Chocolate embalagem 150 g,Bon Roll Choconolas,,"1,95 €",(13 € / Kg),
Martiko Bloco de Foie Gras de Pato com Trufa 2x40 g unidade 80 g,Martiko,,"9,35 €","(116,88 € / Kg)",
Whole Earth Refrigerante Biológico de Limão sem Açúcar embalagem 330 ml,Whole Earth,,"1,59 €","(4,82 € / Litro)",
El Corte Inglés Bio Amêndoas Cruas com Pele Biológicas embalagem 200 g,El Corte Inglés Bio,,"5,95 €","(29,75 € / Kg)",
Roveredo Biscoitos Cobertos embalagem 250 g,Roveredo,,"3,45 €","(13,80 € / Kg)",
Rochefort Cerveja da Bélgica garrafa 33 cl,Rochefort,,"4,19 €","(12,70 € / Litro)",
Dove Baby Champô Hidratante embalagem 400 ml,Dove Baby,,"5,49 €","(13,72 € / Litro)",
Eric Kayser Croissant de Amêndoa,Eric Kayser,,"2,80 €","(2,80 € / Unidade)",
Cachopas Requeijão de Ovelha,Cachopas,,"8,99 €/kg",,
Perrier Água com Gás com Sabor a Limão garrafa 50 cl,Perrier,,"1,50 €",(3 € / Litro),
"Iswari Macarroba em Pó para Bebida com Alfarroba, Lúcuma e Maca Biológico embalagem 250 g",Iswari,,"6,89 €","(27,56 € / Kg)",
Milka Creme para Barrar de Avelãs e Cacau embalagem 350 g,Milka,,"3,49 €","(9,97 € / Kg)",
Pantene Repara & Protege Champô e Amaciador 3 em 1 para Cabelo Estragado embalagem 300 ml,Pantene Repara & Protege,,"4,99 €","(12,47 € / Litro)","4,99 €"
Pasta do Dia Folhas de Massa Fresca para Lasanha embalagem 250 g,Pasta do Dia,,"2,25 €",(9 € / Kg),
Yacel Gel Push Up Seios embalagem 200 ml,Yacel,,"14,80 €",(74 € / Litro),
Eci Selection Bloco de Foie Gras de Pato Trufado sem Glúten embalagem 130 g,Eci Selection,,"9,15 €","(70,38 € / Kg)",
"Skip Oxigénio Bioativo Tira-Nódoas para Roupa com Cor em Gel embalagem 1,6 L",Skip Oxigénio Bioativo,,"6,99 €","(4,37 € / Litro)",
Delaviuda Torta Imperial embalagem 200 g,Delaviuda,,"5,49 €","(27,45 € / Kg)",
Globo Manga em Calda lata 425 g,Globo,,"2,15 €","(5,06 € / Kg)",
Casa de Mateus Doce de Gila frasco 345 g,Casa de Mateus,,"3,35 €","(9,71 € / Kg)",
Q M Vinho Branco Verde garrafa 00075 cl,Q M,,"11,99 €","(15,99 € / Litro)",
Sanytol Desinfectante para Roupa embalagem 1 L,Sanytol,,"9,59 €","(9,59 € / Litro)",
La Costeña Molho Chipotle garrafa 150 g,La Costeña,,"2,15 €","(14,33 € / Kg)",
Xau Limpa Máquinas de Roupa Frescura de Limão Pack 2 embalagem 250 ml,Xau,,"13,89 €","(27,78 € / Litro)",
Rebentos de Soja embalagem 250 g,,,"1,99 €","(6,36 € / Kg)","1,99 €"
El Corte Inglés Filetes de Tamboril 3-5 Unidades embalagem 250 g,El Corte Inglés,,"5,99 €","(23,96 € / Kg)",
Millet Granel Biológico,,,"3,99 €/kg",,
Corretora Filete de Atum em Azeite Virgem lata 120 g,Corretora,,"2,65 €","(22,08 € / Kg)",
Babaria Gel de Banho com Amêndoas Doces para Peles Muito Secas embalagem 600 ml,Babaria,,"3,79 €","(6,32 € / Litro)",
Knorr Las Clásicas Creme de Curgete com Queijo de Cabra embalagem 500 ml,Knorr Las Clásicas,,"2,89 €","(5,78 € / Litro)",
Artiach Dinosaurus Bolachas de Cereais embalagem 185 g,Artiach Dinosaurus,,"2,09 €","(11,30 € / Kg)",
Compal Polpa de Tomate Original Garrafa de Vidro frasco 1 L,Compal,,"1,89 €","(1,89 € / Kg)",
Fula Óleo de Girassol garrafa 1 L,Fula,,"3,49 €","(3,49 € / Litro)",
Fresh Wave Neutralizador de Odores em Gel embalagem 400 g,Fresh Wave,,"9,99 €","(24,98 € / Kg)",
Ferrero Prestige Bombons Sortidos Pack 28 embalagem 319 g,Ferrero Prestige,,"12,49 €","(39,15 € / Kg)",
O Gelado Gelado de Morango Vegan embalagem 460 ml,O Gelado,,"7,19 €","(15,63 € / Litro)",
Galbani Queijo Mozzarella Mini unidade 150 g,Galbani,,"2,85 €",(19 € / Kg),
Hardy Salmão Fumado Clássico embalagem 120 g,Hardy,,"9,29 €","(77,42 € / Kg)",
Santa Catarina Filete de Atum com Molho Cru lata 120 g,Santa Catarina,,"3,09 €","(22,92 € / Kg)","3,09 €"
Champanhe Blue Sky garrafa 75 cl,,,"53,50 €","(71,33 € / Litro)",
Broa de Milho unidade 500 g,,,"1,69 €","(3,38 € / Kg)",
Régilait Leite Magro em Pó Instantâneo embalagem 250 g,Régilait,,"3,85 €","(15,40 € / Kg)",
Brasfrut Polpa de Cupuaçu Integral Congelada embalagem 100 g,Brasfrut,,"1,29 €","(12,90 € / Kg)",
Naturefoods Quinoa Biológica embalagem 500 g,Naturefoods,,"5,50 €",(11 € / Kg),
Andros Sumo de Maçã embalagem 250 ml,Andros,,"1,79 €","(7,16 € / Litro)",
Boletus Trufa Inteira Extra embalagem 10 g,Boletus,,"4,15 €",(415 € / Kg),
Medeiros Vinho Branco do Alentejo garrafa 75 cl,Medeiros,,"7,99 €","(10,65 € / Litro)",
Beher Lombo 100% Ibérico Biológico unidade 250 g,Beher,,"18,99 €","(75,96 € / Kg)",
Santa Teresa Sopa Creme de Alcachofra embalagem 400 ml,Santa Teresa,,"3,49 €","(8,72 € / Litro)",
Bioterra Amêndoa sem Pele Bio embalagem 200 g,Bioterra,,"5,49 €","(27,45 € / Kg)",
Palmier Simples,,,"0,85 €","(0,85 € / Unidade)",
Palmer's Creme de Massagem para Estrias embalagem 125 g,Palmer's,,"9,99 €","(79,92 € / Kg)",
Vinho Branco de Palmela D.O. garrafa 75 cl,,,"3,99 €","(5,32 € / Litro)",
Cantorel Tábua de Três Queijos DOP unidade 215 g,Cantorel,,"4,99 €","(23,21 € / Kg)",
Ach Brito Sabonete Pedra Pomes embalagem 90 g,Ach Brito,,"1,65 €","(18,33 € / Kg)",
BioBon Gomas de Fruta Biológicas embalagem 100 g,BioBon,,"2,05 €","(20,50 € / Kg)",
Igor Queijo Gorgonzola DOP sem Glúten Biológico unidade 170 g,Igor,,"3,69 €","(21,71 € / Kg)",
Real Doçaria Encharcada unidade 650 g,Real Doçaria,,"15,90 €","(24,46 € / Kg)",
Loacker Bolachas Waffer com Gengibre Quadratini embalagem 250 g,Loacker,,"3,29 €","(13,16 € / Kg)",
Carefree Protege Slip Flexicomfort S/M embalagem 20 unidades,Carefree,,"1,99 €","(0,10 € / Unidade)",
Sino da Romaneira Vinho Tinto do Douro garrafa 75 cl,Sino da Romaneira,,"13,90 €","(18,53 € / Litro)",
Jack Daniel's Whisky Tennessee Fire garrafa 70 cl,Jack Daniel's,,"22,99 €","(32,84 € / Litro)",
Huggies Drynites Cuecas Grandes Menina 8 aos 15 Anos embalagem 13 unidades,Huggies Drynites,,"9,09 €","(0,70 € / Unidade)",
Condi Drageias Sticks frasco 280 g,Condi,,"4,59 €","(16,39 € / Kg)",
Haagen-Dazs Gelado de Doce de Leite embalagem 460 ml,Haagen-Dazs,,"6,79 €","(14,76 € / Litro)",
Riberalves Bacalhau do Chef embalagem 300 g,Riberalves,,"4,49 €","(13,30 € / Kg)","4,49 €"
Beher Snack de Salcichão 100% Ibérico unidade 100 g,Beher,,"5,49 €","(54,90 € / Kg)",
Rosal Vinho de Mesa Rosé garrafa 1 L,Rosal,,2 €,(2 € / Litro),
Dove Baby Gel de Banho Corpo e Cabelo Sensitive embalagem 200 ml,Dove,,"2,99 €","(14,95 € / Litro)",
Bontá Divina Mousse de Chocolate Pack 2 embalagem 90 g,Bontá Divina,,"2,99 €","(16,61 € / Kg)",
El Corte Inglés Cordon Blue 4 Unidades embalagem 360 g,El Corte Inglés,,"3,19 €","(8,86 € / Kg)",
Cebola Peso Aproximado por unidade 200 g,,,"1,39 €/kg",,
"Pacheca Vinho Tinto do Douro Superior Magnum garrafa 1,5 L",Pacheca,,"24,95 €","(16,63 € / Litro)",
Neo Botanica Gomas de Morango Veggie sem Glúten embalagem 150 g,Neo Botanica,,"1,85 €","(12,33 € / Kg)",
Dove Men +Care Desodorizante Cool Fresh Spray embalagem 150 ml,Dove Men +Care,,"4,99 €","(33,27 € / Litro)",
El Corte Inglés Coxa de Frango Recheada com Presunto sem Glúten embalagem 280 g,El Corte Inglés,,"4,98 €","(17,79 € / Kg)",
Pescanova Barrinhas de Pescada Panada Temperada com Limão sem Glúten 10 Unidades embalagem 300 g,Pescanova,,"3,99 €","(13,30 € / Kg)",
Babaria Aloe Vera Creme Hidratante 24H embalagem 50 ml,Babaria Aloe Vera,,"9,65 €",(193 € / Litro),
Labello Batom de Cieiro com Perfume de Rosas e Óleo de Jojoba embalagem 5 g,Labello,,"2,29 €",(458 € / Kg),
P'tit Domaine Vinho Branco de França Saumur garrafa 75 cl,P'tit Domaine,,"34,90 €","(46,53 € / Litro)",
K2R Tira-Nódoas Pré-Lavagem Spray embalagem 500 ml,K2R,,"4,99 €","(9,98 € / Litro)",
A Vaca Que Ri Queijo Fundido 16 Porções embalagem 140 g,A Vaca Que Ri,,"3,68 €","(13,14 € / Kg)",
Cif Perfect Finish Detergente Líquido para Madeiras Spray embalagem 435 ml,Cif Perfect Finish,,"4,99 €","(11,47 € / Litro)",
Quinta D' Avó Piri-Piri em Azeite frasco 85 g,Quinta D' Avó,,"3,29 €","(38,71 € / Kg)",
El Corte Inglés Bio Paté Vegetal com Cogumelos sem Lactose e sem Glúten Biológico lata 125 g,El Corte Inglés Bio,,"2,29 €","(18,32 € / Kg)",
Casa Santos Lima Vinho Branco da Estremadura Fernão Pires garrafa 75 cl,Casa Santos Lima,,"4,49 €","(5,99 € / Litro)",
Salutem Chá Verde com Ginseng embalagem 15 g,Salutem,,"0,99 €",(66 € / Kg),
Dona Maria Vinho Rosé do Alentejo garrafa 75 cl,Dona Maria,,"9,25 €","(12,33 € / Litro)",
Caril de Gambas até 2 pessoas embalagem 500 g,,,22 €,(44 € / Kg),
Escasso Vinho Tinto do Douro Vinhas Velhas Reserva garrafa 75 cl,Escasso,,"10,20 €","(13,60 € / Litro)",
Quinta do Côtto Vinho Tinto do Douro garrafa 75 cl,Quinta do Côtto,,"7,19 €","(9,59 € / Litro)",
Alternativa 3 Chocolate em Pó Instantâneo sem Glúten e sem Lactose Biológico embalagem 250 g,Alternativa 3,,"3,59 €","(14,36 € / Kg)",
Jordan Green Clean Escova de Dentes Média embalagem 1 unidade,Jordan Green Clean,,"2,99 €","(2,99 € / Unidade)",
Arinto de Pedra e Cal Vinho Branco de Bucelas garrafa 75 cl,Arinto de Pedra e Cal,,"15,95 €","(21,27 € / Litro)",
Margão Pimentão Doce embalagem 60 g,Margão,,"1,79 €","(29,83 € / Kg)",
"Sonatural Sumo de Maçã, Manga e Banana embalagem 250 ml",Sonatural,,"1,98 €","(7,92 € / Litro)",
Kambly Butterfly Bolachas com Amêndoas embalagem 100 g,Kambly Butterfly,,"3,29 €","(32,90 € / Kg)",
Pastoret Iogurte Artesanal Natural Açucarado embalagem 125 g,Pastoret,,"0,79 €","(6,32 € / Kg)",
Fortunna Naturally Unique Picanha de Novilho Fatiada embalagem 450 g,Fortunna Naturally Unique,,"9,95 €","(22,11 € / Kg)",
Terra Electa Manteiga sem Sal Biológica embalagem 125 g,Terra Electa,,"3,49 €","(27,92 € / Kg)",
Maçarico Azeitonas Pretas Descaroçadas frasco 345 g,Maçarico,,"2,19 €","(6,35 € / Kg)",
Hein Salsicha Viena 10 x 100 g,Hein,,"20,99 €/kg",,
Sagres Cerveja Preta lata 33 cl,Sagres,,"0,73 €","(2,21 € / Litro)",
Espiga Caril embalagem 45 g,Espiga,,"1,39 €","(30,89 € / Kg)",
Fridela Croquetes de Cogumelos Shiitake Biológicos embalagem 300 g,Fridela,,"4,29 €","(14,30 € / Kg)",
"Nestlé Kit Kat Snack de Chocolate Preto Pack 3 embalagem 41,5 g",Nestlé Kit Kat,,"2,79 €","(22,41 € / Kg)",
Paladares Alentejanos Linguiça de Porco Preto 200,Paladares Alentejanos,,"3,75 €","(18,75 € / Kg)",
Serra da Malcata Urso de Mel embalagem 340 g,Serra da Malcata,,"5,09 €","(14,97 € / Kg)",
Borges Vinho do Porto Ruby Reserva garrafa 75 cl,Borges,,"12,45 €","(16,60 € / Litro)",
Cem Porcento Raiz de Gengibre embalagem 50 g,Cem Porcento,,"2,19 €","(43,80 € / Kg)",
Heidel Chocolate 3D Happy Birthday tablete 100 g,Heidel,,"5,95 €","(59,50 € / Kg)",
Delta Café em Grão Torrado Lote Chávena embalagem 1 kg,Delta,,"12,99 €","(12,99 € / Kg)",
Quaker Muesli Aveia Crocante Nozes Pecan embalagem 350 g,Quaker,,"2,75 €","(7,86 € / Kg)",
Dietisa Tisana Alfavaca embalagem 50 g,Dietisa,,"1,59 €","(31,80 € / Kg)",
Xixo Refrigerante Cola lata 25 cl,Xixo,,"0,59 €","(2,36 € / Litro)",
Vaseline Bálsamo Labial embalagem 20 g,Vaseline,,"2,99 €","(149,50 € / Kg)",
Président Manteiga com Baixo Teor de Sal Magra embalagem 250 g,Président,,"2,65 €","(10,60 € / Kg)",
Tampax Compak Pearl Tampões Regular embalagem 36 unidades,Tampax Compak Pearl,,"7,99 €","(0,22 € / Unidade)",
Comenda de Ansemil Vinho Rosé do Dão Biológico garrafa 75 cl,Comenda de Ansemil,,"7,15 €","(9,53 € / Litro)",
Dessange Escova de Cabelo Brushing Brilho embalagem 1 unidade,Dessange,,"8,99 €","(8,99 € / Unidade)",
Remy Martin Cognac VSOP garrafa 70 cl,Remy Martin,,"47,50 €","(67,86 € / Litro)",
"Beringela Peso Aproximado por cuvete 1,1 kg",,,"4,39 €","(3,99 € / Kg)",
Glamour Institut Esponja Oval para Maquilhagem embalagem 1 unidade,Glamour Institut,,"4,55 €","(4,55 € / Unidade)",
García Baquero Queijo em Fatias sem Lactose unidade 150 g,García Baquero,,"3,85 €","(25,67 € / Kg)",
Compal Queijo Ralado Vegan sabor Cheddar unidade 150 g,Compal,,"2,59 €","(17,27 € / Kg)",
Vasenol Hidra Essencial Desodorizante Roll-On embalagem 50 ml,Vasenol Hidra Essencial,,"3,99 €","(79,80 € / Litro)",
OKF Bebida Aloe Vera de Mirtilo garrafa 50 cl,OKF,,"1,99 €","(3,98 € / Litro)",
Koll Vinho Branco da Alemanha Liebfraumilch garrafa 75 cl,Koll,,"5,25 €",(7 € / Litro),
Lindt Lindor Chocolate Preto embalagem 100 g,Lindt Lindor,,"2,69 €","(26,90 € / Kg)",
Codyfer Palmilhas Tamanho 43-44 1 par,Codyfer,,"11,75 €","(11,75 € / Unidade)",
Garnier Olia Coloração Permanente 2.0 Preto Diamante embalagem 1 unidade,Garnier Olia,,"11,99 €","(11,99 € / Unidade)",
Al'Fez Sumac frasco 38 g,Al'Fez,,"4,29 €","(112,89 € / Kg)",
Call Valls Maionese Biológica embalagem 190 g,Call Valls,,"4,19 €","(22,05 € / Kg)",
Dorffler Salsichas Bockwurst 5 Unidades frasco 250 g,Dorffler,,"2,79 €","(11,16 € / Kg)",
Lindt Excellence Chocolate Preto com Framboesa e Avelã 70% Cacau embalagem 100 g,Lindt Excellence,,"3,39 €","(33,90 € / Kg)",
Dalva Vinho Tinto do Douro Reserva garrafa 75 cl,Dalva,,"7,99 €","(10,65 € / Litro)",
Nestum Go! Cereais e Mel embalagem 80 g,Nestum Go!,,"0,99 €","(12,38 € / Kg)",
Little Becky Marshmallows Original embalagem 280 g,Little Becky,,"2,95 €","(10,54 € / Kg)",
Burriés Grandes 100 g,,,"14,99 €/kg",,
Collonil Ped Palmilhas em Gel embalagem 1 par,Collonil Ped,,"8,25 €","(8,25 € / Unidade)",
Secos da Aldeia Pistacho Torrado embalagem 100 g,Secos da Aldeia,,"2,65 €","(26,50 € / Kg)",
Vileda Universal Luvas Multiusos Médias/Grandes embalagem 1 par,Vileda Universal,,"1,99 €","(1,49 € / Unidade)","1,99 €"
Origens Hambúrgueres Vegetarianos 2 Unidades Biológicos embalagem 150 g,Origens,,"4,99 €","(33,27 € / Kg)",
Dorffler Salsichas Cocktail frasco 250 g,Dorffler,,"3,49 €","(13,96 € / Kg)",
Nutrégi Iogurte com Aroma a Coco sem Lactose Pack 4 embalagem 120 g,Nutrégi,,"2,25 €","(3,75 € / Kg)","2,25 €"
Margão Segredos Ervas e Especiarias para Bifes embalagem 8 g,Margão Segredos,,"1,49 €","(186,25 € / Kg)",
Fage Iogurte Grego Magro Natural embalagem 170 g,Fage,,"1,69 €","(9,94 € / Kg)",
Pantene Champâ Clássico embalagem 360 ml,Pantene,,"3,74 €","(10,39 € / Litro)",
Elpozo Salame Extra,Elpozo,,"18,49 €/kg",,
Vileda Ultra Fresh Esfregão Salva-Unhas embalagem 3 unidades,Vileda Ultra Fresh,,"1,99 €","(0,66 € / Unidade)",
Minerva Sardinha sem Pele e sem Espinhas em Tomate lata 120 g,Minerva,,"3,49 €","(29,08 € / Kg)",
Knorr Tortellini de Ricotta e Espinafres embalagem 250 g,Knorr,,"3,69 €","(14,76 € / Kg)",
El Corte Inglés Selection Salsichão Curado Extra sem Glúten 150 g,El Corte Inglés Selection,,"2,95 €","(19,67 € / Kg)",
Macal Salame em fatias unidade 90 g,Macal,,"1,55 €","(17,22 € / Kg)",
Alternativa 3 Açúcar de Coco Biológico embalagem 250 g,Alternativa 3,,"5,45 €","(21,80 € / Kg)",
Nutrégi Gelatina de Morango 0% Pack 4 embalagem 100 g,Nutrégi,,"1,45 €","(3,62 € / Kg)",
Maheso 2 Chapatas embalagem 320 g,Maheso,,"2,69 €","(8,41 € / Kg)",
Al-Andalus Rebuçados de Morango sem Açúcar embalagem 175 g,Al-Andalus,,"3,45 €","(19,71 € / Kg)",
Coalho Queijo de Serpa Dop unidade 250 g,Coalho,,"7,99 €","(31,96 € / Kg)",
ADA Comfort Fraldas para Adulto com Incontinência Tamanho L embalagem 20 unidades,ADA Comfort,,"10,75 €","(0,54 € / Unidade)",
Regina Sombrinha de Chocolate embalagem 15 g,Regina,,"0,89 €","(59,33 € / Kg)",
"Castello D'Alba Vinho Tinto do Douro Vinhas Velhas Grande Reserva garrafa 1,5 L",Castello D'Alba,,"28,50 €",(19 € / Litro),
Celeiro da Terra Licor Pack 4 unidades 5 cl,Celeiro da Terra,,"12,95 €","(64,75 € / Litro)",
Renova Super Papel Higiénico 18 + 6 Grátis embalagem 24 unidades,Renova Super,,"5,25 €","(0,22 € / Unidade)",
Hispalana Cáscaras Regañas com Azeite embalagem 170 g,Hispalana,,"1,09 €","(6,41 € / Kg)",
Sumo de Laranja Fresco do Dia embalagem 1 L,,,"3,99 €","(3,99 € / Litro)",
Fanya Rebentos de Alho embalagem 95 g,Fanya,,"3,29 €","(34,63 € / Kg)",
Castello Queijo Danablu unidade 100 g,Castello,,"2,79 €","(27,90 € / Kg)",
Emma Giordani Totellini com Cogumelos embalagem 250 g,Emma Giordani,,"3,29 €","(13,16 € / Kg)",
El Corte Inglés Acelgas Cortadas em Pedaços frasco 425 g,El Corte Inglés,,"1,35 €","(2,05 € / Kg)",
Haagen-Dazs Gelado Duo Hazelnut e Caramelo copo 420 ml,Haagen-Dazs,,"6,79 €","(16,17 € / Litro)",
Matinal Leite Meio Gordo embalagem 1 L,Matinal,,"1,09 €","(1,09 € / Litro)",
Nobre Churrasco Salsichas Brasileira embalagem 200 g,Nobre Churrasco,,"2,69 €","(13,45 € / Kg)",
Reina Flan Clara de Ovo Rico em Proteinas pack 2 160 g,Reina,,"3,05 €","(9,53 € / Kg)",
Bom Petisco Atum em Azeite Biológico lata 120 g,Bom Petisco,,"2,09 €","(17,42 € / Kg)",
Coralejo Tequila Branca garrafa 75 cl,Coralejo,,"14,49 €","(19,32 € / Litro)",
Nau do Cacau Chocolate Cru de Figo embalagem 70 g,Nau do Cacau,,"4,35 €","(62,14 € / Kg)",
Intimy Be'Cup Esterilizador de Copos Menstruais embalagem 1 unidade,Intimy Be'Cup,,"7,15 €","(7,15 € / Unidade)",
Aliança Espumante Tinto Bruto garrafa 75 cl,Aliança,,"6,59 €","(8,79 € / Litro)",
Frutidry Amendoins Torrados com Casca embalagem 475 g,Frutidry,,"2,99 €","(6,29 € / Kg)",
Aguinamar Miolo de Camarão ao Alho embalagem 105 g,Aguinamar,,"3,99 €","(44,33 € / Kg)",
Delta Q Café Pack Intensidade embalagem 40 cápsulas,Delta Q,,"12,99 €","(0,32 € / Unidade)",
Danone Activia Iogurte com Pedaços de Kiwi com Probióticos 0% M.G. 0% Açúcares Adicionados Pack 4 embalagem 120 g,Danone Activia,,"2,69 €","(5,60 € / Kg)",
Salsicha Brasileira ao peso 1 kg,,,"9,95 €/kg",,
Dovo Gema de Ovo Líquida Pasteurizada embalagem 1 L,Dovo,,"6,79 €","(6,79 € / Litro)",
Finish Abrilhantador embalagem 800 ml,Finish,,"15,89 €","(19,86 € / Litro)",
Casa Mas Croquetes de Presunto Ibérico embalagem 280 g,Casa Mas,,"3,99 €","(14,25 € / Kg)",
Fernando & Simões Requeijão de Ovelha de Azeitão,Fernando & Simões,,"9,79 €/kg",,
Nivea Q10 Plus Creme Anti-Rugas de Dia Energy embalagem 50 ml,Nivea Q10 Plus,,"11,19 €","(223,80 € / Litro)",
Loacker Bolacha Waffer com Canela Classic embalagem 175 g,Loacker,,"2,09 €","(11,94 € / Kg)",
So' Bio Contorno de Olhos Calmante Biológico embalagem 15 ml,So' Bio,,"11,99 €","(799,33 € / Litro)",
Quinta da Chocapalha Vinho Branco da Estremadura garrafa 75 cl,Quinta da Chocapalha,,"8,29 €","(11,05 € / Litro)",
Iswari Sementes de Cânhamo Descascadas Biológicas embalagem 250 g,Iswari,,"7,29 €","(29,16 € / Kg)",
Aliada Espargos Verdes 20/40 frasco 185 g,Aliada,,"3,79 €","(20,49 € / Kg)",
Bolachas Wafers de Goiaba embalagem 140 g,,,"1,59 €","(11,36 € / Kg)",
Axe Collision Desodorizante Leather + Cookies Spray embalagem 150 ml,Axe Collision,,"3,59 €","(23,93 € / Litro)",
El Corte Inglés Ambientador Spray Cedar 335 ml,El Corte Inglés,,"2,99 €","(8,93 € / Litro)",
Delicatalia Barra de Cacau e Frutos Secos Vegan sem Glúten Biológica embalagem 40 g,Delicatalia,,"2,09 €","(52,25 € / Kg)",
Condi Preparado em Pó para Gelatina de Amora embalagem 170 g,Condi,,"1,75 €","(10,29 € / Kg)",
Jameson Whisky Irlandês Orange garrafa 70 cl,Jameson,,"21,49 €","(28,65 € / Litro)",
Oral-B Calm Pasta de Dentes Branqueadora Sensibilidade e Gengivas embalagem 75 ml,Oral-B Calm,,"4,49 €","(38,53 € / Litro)","4,49 €"
Instituto Espanol Gel de Banho com Aveia embalagem 1250 ml,Instituto Espanol,,"2,49 €","(0,20 € / 10 ml.)",
Iswari Manteiga de Cacau Biológico embalagem 125 g,Iswari,,"5,99 €","(47,92 € / Kg)",
Garnier Bio Água Micelar Calmante de Centáurea Azul Biológica embalagem 400 ml,Garnier Bio,,"7,99 €","(19,98 € / Litro)",
Nestlé Fitness Cereais de Aveia Integral embalagem 625 g,Nestlé Fitness,,"5,59 €","(8,94 € / Kg)",
Ambipur Ambientador para Carro Ar Fresco embalagem 1 unidade,Ambipur,,"3,49 €","(3,49 € / Unidade)",
Santiveri Bolachas de Aveia sem Açúcar embalagem 270 g,Santiveri,,"4,14 €","(15,33 € / Kg)",
El Corte Inglés Sacos do Lixo com Fecho Automático 45 x 47 cm 10 L Brancos embalagem 40 unidades,El Corte Inglés,,"1,45 €","(0,04 € / Unidade)",
Maltesers Drageias de Chocolate embalagem 37 g,Maltesers,,"1,05 €","(28,38 € / Kg)",
Hans Freitag Bolacha Sortida Nobless Noir bolsa 300 g,Hans Freitag,,"2,84 €","(9,47 € / Kg)",
Van Rooy Mini Tarteletes para Rechear embalagem 60 g,Van Rooy,,"2,35 €","(39,17 € / Kg)",
Vista Alegre Vinho do Porto Ruby garrafa 75 cl,Vista Alegre,,"5,79 €","(7,72 € / Litro)",
Presunto Campo 50% unidade 150 g,,,"13,99 €","(93,27 € / Kg)",
El Pozo Fuet Caseiro sem Glúten embalagem 150 g,El Pozo,,"3,19 €",(19 € / Kg),"3,19 €"
Cimarrom Fécula de Batata embalagem 250 g,Cimarrom,,"1,54 €","(6,16 € / Kg)",
Jacquot Pai Natal embalagem 60 g,Jacquot,,"0,99 €","(16,50 € / Kg)",
Nivea Men Sensitive Espuma de Barbear 0% Álcool embalagem 200 ml,Nivea Men Sensitive,,"4,99 €","(24,95 € / Litro)",
Gallo Azeite Virgem Extra Clássico garrafa 750 ml,Gallo,,"4,69 €","(6,25 € / Litro)",
Oral-B 3D White Fio Dental de Menta embalagem 3500 cm,Oral-B 3D White,,"3,99 €","(0,11 € / Metro)",
Miolo Pão de Espelta Biológico unidade 450 g,Miolo,,"3,30 €","(7,33 € / Kg)",
Sadiva Almôndega Vegetal Vegan sem Glúten embalagem 200 g,Sadiva,,"3,99 €","(19,95 € / Kg)",
Chá Mate de Leão Bio embalagem 100 g,,,"4,95 €","(49,50 € / Kg)",
Evax Protege-Slip Maxi embalagem 72,Evax,,"4,99 €","(0,07 € / Unidade)",
Soofty Água com Gás sabor Lichia garrafa 33 cl,Soofty,,"1,60 €","(4,85 € / Litro)",
Paño Nature Sementes de Girassol com Casca Salgado Biológico embalagem 200 g,Paño Nature,,"1,95 €","(9,75 € / Kg)",
Ferbar Feijão Manteiga Cozido com Pouco Sal lata 420 g,Ferbar,,"1,29 €","(3,07 € / Kg)",
El Corte Inglés Ambientador Aerossol Flores Brancas Recarga embalagem 1 unidade,El Corte Inglés,,"3,19 €","(3,19 € / Unidade)",
D.R. Vinho do Porto LBV garrafa 75 cl,D.R.,,"14,49 €","(19,32 € / Litro)",
Queso Berenguela Queijo Dietético em Barra sem Glúten,Queso Berenguela,,"16,69 €/kg",,
Renova Black Label Guardanapos Sardinhas embalagem 20 unidades,Renova Black Label,,"2,19 €","(0,11 € / Unidade)",
Mar Ibérica Risotto de Camarão e Amêijoa com Cogumelos e Queijo embalagem 500 g,Mar Ibérica,,"5,19 €","(10,38 € / Kg)",
My Smoothie 100% Sumo de Manga embalagem 25 cl,My Smoothie,,"1,45 €","(5,80 € / Litro)",
Delaviuda Bombom de Chocolate Coração lata 160 g,Delaviuda,,"6,59 €","(41,19 € / Kg)",
Fairy Detergente de Lavagem à Mão de Limão embalagem 340 ml,Fairy,,"1,79 €","(5,26 € / Litro)",
El Corte Inglés Pasta de Amêndoa embalagem 100 g,El Corte Inglés,,"2,19 €","(21,90 € / Kg)",
Durex Lubrificante Massagem Sensual embalagem 200 ml,Durex,,"14,99 €","(74,95 € / Litro)",
Lindt Postres Chocolate Culinário Preto Intenso 70% embalagem 200 g,Lindt Postres,,"2,99 €","(14,95 € / Kg)",
El Corte Inglés Maxi Hambúrgueres com Sésamo 4 Unidades embalagem 300 g,El Corte Inglés,,"1,19 €","(3,97 € / Kg)",
Gliss Hair Repair Máscara Capilar Selante para Cabelo Estragado embalagem 300 ml,Gliss Hair Repair,,"7,99 €","(26,63 € / Litro)",
Bio Origens Lasanha de Vegetais Biológica embalagem 300 g,Bio Origens,,"5,99 €","(19,97 € / Kg)",
Alambre Moscatel Roxo de Setúbal garrafa 75 cl,Alambre,,"12,99 €","(17,32 € / Litro)",
Codyfer Dilatador de Calçado Spray 75 ml,Codyfer,,"7,15 €","(95,33 € / Litro)",
Greens Cogumelos Laminados embalagem 450 g,Greens,,"1,59 €","(3,53 € / Kg)",
Bom Sucesso Arroz Carolino Integral embalagem 500 g,Bom Sucesso,,"0,89 €","(1,78 € / Kg)",
Seeberger Mistura de Nozes Luxury embalagem 150 g,Seeberger,,"4,39 €","(29,27 € / Kg)",
El Charcutero Pedaços de Fiambre de Peru para Salada sem Lactose e sem Glúten embalagem 110 g,El Charcutero,,"2,79 €","(25,36 € / Kg)",
Régilait Leite Meio Gordo em Pó Instantâneo embalagem 300 g,Régilait,,"4,95 €","(16,50 € / Kg)",
El Corte Inglés Biqueirões Temperados com Alho e Salsa embalagem 62 g,El Corte Inglés,,"2,99 €","(48,23 € / Kg)",
Nobre Fiambre da Perna Extra Braseado em Fatias Extra Finas embalagem 120 g,Nobre,,"2,29 €","(19,08 € / Kg)",
"English Tea Shop Infusão de Canela, Moringa e Gengibre Biológica embalagem 35 g",English Tea Shop,,"3,99 €",(114 € / Kg),
Mimosa Cuida Bem Leite Uht de Bolacha 1 - 3 Anos embalagem 1 L,Mimosa Cuida Bem,,"1,99 €","(1,99 € / Litro)",
Sun Deo 2 In 1 Ambientador para a Máquina de Loiça de Limão 1 unidade,Sun Deo 2 In 1,,"4,49 €","(4,49 € / Unidade)",
Bonne Maman Doce de Laranja frasco 370 g,Bonne Maman,,"3,49 €","(9,43 € / Kg)",
Bacalhôa Vinho Tinto de Setúbal Alicante Bouschet garrafa 75 cl,Bacalhôa,,"11,99 €","(15,99 € / Litro)",
Yukybio Crackers com Alecrim Bio embalagem 200 g,Yukybio,,"3,99 €","(19,95 € / Kg)",
Imperial Manteiga sem Sal lata 250 g,Imperial,,"5,25 €",(21 € / Kg),
Quaker Cereais Cruesli de Aveia com 4 Frutos Secos embalagem 375 g,Quaker,,"3,15 €","(8,40 € / Kg)",
Maldonado Lombo 100% Ibérico Bolota em Fatias Pack 2x50 g embalagem 100 g,Maldonado,,"18,95 €","(189,50 € / Kg)",
Jordans Country Crisp Cereais Super Berry embalagem 500 g,Jordans Country Crisp,,"4,99 €","(9,98 € / Kg)",
Yoçor Iogurte com Aroma a Ananás Pack 4 embalagem 125 g,Yoçor,,"1,49 €","(2,98 € / Kg)",
PRESUNTO 100% IB.BOL.ARCANO ao peso 1 kg,,,"249,00 €/kg",,
Branca de Neve Preparado em Pó para Mousse de Frutos Vermelhos embalagem 130 g,Branca de Neve,,"1,99 €","(15,31 € / Kg)",
"Porminho Pernil Fumado Peso Aproximado por unidade 1,1 g",Porminho,,"7,47 €","(6,79 € / Kg)",
"Planalto Vinho Branco do Douro garrafa 37,5 cl",Planalto,,"2,79 €","(7,44 € / Litro)",
Couve Coração Peso Aproximado por ao peso 410 g,,,"0,79 €/kg",,
Alpro Bebida de Soja com Cálcio embalagem 1 L,Alpro,,"1,99 €","(1,59 € / Litro)","1,99 €"
Dalva Vinho Tinto do Douro garrafa 75 cl,Dalva,,"4,79 €","(6,39 € / Litro)",
El Corte Inglés Guinas embalagem 200 g,El Corte Inglés,,"3,59 €","(17,95 € / Kg)",
Camarão Tigre 4/6 ao peso 1 kg,,,"69,90 €/kg",,
Buchanan's Whisky 12 Anos garrafa 1 L,Buchanan's,,"64,50 €","(64,50 € / Litro)",
Côte D'Or 30 Mini Roc Chocolates Sortidos embalagem 279 g,Côte D'Or,,"8,99 €","(32,22 € / Kg)",
Lien Ying Noodles de Arroz Shirataki Konjac sem Glúten embalagem 270 g,Lien Ying,,"3,39 €","(12,56 € / Kg)",
Somersby Sidra de Amora Pack 4 garrafa 33 cl,Somersby,,"3,99 €","(3,02 € / Litro)",
Lusa Monte Azeitonas Pretas Inteiras frasco 360 g,Lusa Monte,,"1,99 €","(5,53 € / Kg)",
Maçã Reineta Parda 75/80 Peso Aproximado unidade 300 g,,,"1,69 €/kg",,
Miravalles Biqueirão Temperado embalagem 100 g,Miravalles,,"2,99 €","(29,90 € / Kg)",
Gallo Azeite Virgem Extra Colheita das Lezírias garrafa 750 ml,Gallo,,"7,99 €","(10,65 € / Litro)",
Renova Black Label Guardanapos Xmas Holly embalagem 20 unidades,Renova Black Label,,"1,99 €","(0,09 € / Unidade)","1,99 €"
Hereford Corned Beef lata 340 g,Hereford,,"4,39 €","(12,91 € / Kg)",
Quinta da Alorna Vinho Branco Licoroso Abafado garrafa 50 cl,Quinta da Alorna,,"11,99 €","(23,98 € / Litro)",
Edulcor Adoçante Stevia Doseador embalagem 100 unidades,Edulcor,,"2,09 €","(0,02 € / Unidade)",
Humydry Ambientador Anti-Humidade Duplo Lavanda Pack 3 Recargas + 1 Aparelho Grátis embalagem 75 g,Humydry,,"6,49 €","(86,53 € / Kg)",
El Corte Inglés Selection Berbigões ao Natural Pequenos 50-60 Unidades embalagem 63 g,El Corte Inglés Selection,,"8,99 €","(142,70 € / Kg)",
Batatas Fritas às Rodelas 200 g 1 unidade,,,"2,50 €",,
Nobody's Hero Vinho Branco da Nova Zelândia Sauvignon Blanc garrafa 75 cl,Nobody's Hero,,"9,99 €","(13,32 € / Litro)",
Prados de Melgaço Queijo de Cabra Cura Longa unidade 100 g,Prados de Melgaço,,"3,79 €","(37,90 € / Kg)",
Salutem Snack Crocante de Queijo sem Açúcar Biológico embalagem 50 g,Salutem,,"1,39 €","(27,80 € / Kg)",
Air Wick Ambientador Elétrico White Bouquet Recarga embalagem 250 ml,Air Wick,,"11,89 €","(47,56 € / Litro)",
Gud Concentrado Líquido de Laranja e Maracujá garrafa 74 cl,Gud,,"4,89 €","(6,61 € / Litro)",
Schweppes Água Tónica Pink lata 25 cl,Schweppes,,"0,64 €","(2,56 € / Litro)",
Cem Porcento Chá para Infusão Centelha Asiática embalagem 10 unidades,Cem Porcento,,"0,89 €","(68,46 € / Kg)",
Quinta do Vallado Vinho Tinto do Douro Touriga Nacional garrafa 75 cl,Quinta do Vallado,,"20,75 €","(27,67 € / Litro)",
Maybelline Sensational Batom Nº 122 Brick Beat embalagem 1 unidade,Maybelline Sensational,,"10,99 €","(10,99 € / Unidade)",
Cogumelos Guilho embalagem 250 g,,,"1,79 €","(7,16 € / Kg)",
O Gelado Gelado de Chocolate Amargo com Nougat de Avelã embalagem 460 ml,O Gelado,,"7,19 €","(15,63 € / Litro)",
Nuts Original Amendoim Torrado com Sal embalagem 150 g,Nuts Original,,"2,45 €","(16,33 € / Kg)",
Mc Vitie's Fruit & Form Bolachas Recheadas com Frutos do Bosque embalagem 218 g,Mc Vitie's Fruit & Form,,"2,39 €","(10,96 € / Kg)",
Rajah Caril Mild Madras embalagem 100 g,Rajah,,"1,99 €","(19,90 € / Kg)",
Iswari Spirulina + Chlorella em Pó Biológica embalagem 125 g,Iswari,,"9,99 €","(79,92 € / Kg)",
Cem Porcento Chá para Infusão Cavalinha embalagem 10 unidades,Cem Porcento,,"0,89 €","(68,46 € / Kg)",
Glamour Escova de Cabelo Styling embalagem 1 unidade,Glamour,,"3,35 €","(3,35 € / Unidade)",
Sierra Tequila Silver garrafa 70 cl,Sierra,,"16,99 €","(24,27 € / Litro)",
Iglo Crocantes de Frango com Recheio de Alho e Ervas 2 Unidades embalagem 204 g,Iglo,,"5,35 €","(26,23 € / Kg)",
Outros Montes Caju Biológico embalagem 200 g,Outros Montes,,"6,99 €","(34,95 € / Kg)",
Peccato Gelado de Morango embalagem 500 ml,Peccato,,"5,99 €","(11,98 € / Litro)",
Alara Muesli Everday Biológico embalagem 550 g,Alara,,"8,99 €","(16,35 € / Kg)",
Casa de Santa Vitória Vinho Tinto do Alentejo Grande Reserva garrafa 75 cl,Casa de Santa Vitória,,"16,49 €","(21,99 € / Litro)",
Nacional Papas de Aveia Integral com Canela copo 60 g,Nacional,,"1,55 €","(25,83 € / Kg)",
Maria Organic Sardinhas em Tomate Biológico 120 g,Maria Organic,,"2,49 €","(20,75 € / Kg)",
Beat's Licor de Pêssego garrafa 70 cl,Beat's,,"5,25 €","(7,50 € / Litro)",
Companhia das Abóboras Doce de Abóbora frasco 1 kg,Companhia das Abóboras,,"7,99 €","(7,99 € / Kg)",
Nature's Charm Água de Coco 100% Natural embalagem 320 ml,Nature's Charm,,"1,59 €","(4,97 € / Litro)",
Prados de Melgaço Queijo de Cabra com Vinho Alvarinho e Pimentão unidade 300 g,Prados de Melgaço,,"10,99 €","(36,63 € / Kg)",
Atelier do Doce Tigelada,Atelier do Doce,,"1,75 €","(1,75 € / Unidade)",
Montanegra Presunto da Pá Ibérico em Fatias unidade 120 g,Montanegra,,"8,99 €","(74,92 € / Kg)",
Legado Salsichas de Porco Ibérico embalagem 330 g,Legado,,"3,79 €","(11,48 € / Kg)",
Margão Bio Alho Moído Biológico frasco 52 g,Margão Bio,,"4,29 €","(82,50 € / Kg)",
"El Corte Inglés Água sem Gás garrafa 1,5 L",El Corte Inglés,,"0,32 €","(0,21 € / Litro)",
Vinho Douro Tinto Vinhas D.Parcela garrafa 75 cl,,,"18,45 €","(24,60 € / Litro)",
Innerme Barra Proteína Cacau Bio embalagem 50 g,Innerme,,"2,99 €","(59,80 € / Kg)",
Delirium Cerveja da Bélgica Tremens garrafa 75 cl,Delirium,,"6,99 €","(9,32 € / Litro)",
Serras de Penela Queijo de Mistura Pack 3 unidade 270 g,Serras de Penela,,"5,29 €","(19,59 € / Kg)",
Brasmar Bolinhas de Alheira embalagem 300 g,Brasmar,,"3,39 €","(11,30 € / Kg)",
Pantene Caracóis Perfeitos Máscara Capilar para Cabelo com Caracóis embalagem 200 ml,Pantene Caracóis Perfeitos,,"6,59 €","(21,97 € / Litro)",
L'Oréal Elvive Óleo Extraordinário Máscara Capilar Nutrição de Verão embalagem 300 ml,L'Oréal,,"6,99 €","(23,30 € / Litro)",
Persil Dtetergente para Máquina de Roupa Higiene e Pureza Gel embalagem 50 doses,Persil,,"19,99 €","(0,40 € / Dose)",
Twinings Infusão Camomila Puro embalagem 20 unidades,Twinings,,"3,59 €","(0,18 € / Unidade)",
Zerotre Sêmola de Trigo Duro com Verduras Rigatoncini Biológica embalagem 250 g,Zerotre,,"4,75 €",(19 € / Kg),
"Aquarius Bebida Isotónica de Laranja sem Gás garrafa 1,5 L",Aquarius,,"2,35 €","(1,57 € / Litro)",
El Corte Inglés Pizza de Fiambre e Queijo embalagem 380 g,El Corte Inglés,,"2,29 €","(6,03 € / Kg)",
"Brahma Cerveja Duplo Malte lata 35,5 cl",Brahma,,"2,59 €","(7,30 € / Litro)",
Eristoff Vodka garrafa 70 cl,Eristoff,,"12,99 €","(18,56 € / Litro)",
El Caserio Caramelos Pinhão embalagem 85 g,El Caserio,,"1,65 €","(19,41 € / Kg)",
"Baú Vermelho embalagem 1,100 kg",,,"59,75 €","(54,32 € / Kg)",
Vileda Comfort & Care Luvas com Forro de Espuma Pequenas/Médias embalagem 1 par,Vileda Comfort & Care,,"2,99 €","(2,24 € / Unidade)","2,99 €"
Nicola Café Mundi Exótico Intensidade 9 para Nespresso embalagem 12 cápsulas,Nicola,,"3,15 €","(0,26 € / Unidade)",
Menodiciotto Gelado de Chocolate Negro copo 500 ml,Menodiciotto,,"6,59 €","(13,18 € / Litro)",
Jardineira de Novilho ao peso 1 kg,,,"8,95 €/kg",,
Pantene Champô Anti - Caspa embalagem 360 ml,Pantene,,"3,74 €","(10,39 € / Litro)",
Quinta dos Açores Gelado de Café embalagem 2000 ml,Quinta dos Açores,,"15,49 €","(7,74 € / Litro)",
Curvada Velha Aguardente Velha garrafa 70 cl,Curvada Velha,,"28,99 €","(41,41 € / Litro)",
Cellislim Chá Adelgaçante 20 Saquetas embalagem 30 g,Cellislim,,"4,55 €","(151,67 € / Kg)",
Côte D'Or Chocolate Preto 70% embalagem 100 g,Côte D'Or,,"2,29 €","(22,90 € / Kg)",
Paño Nature Amêndoas Salgadas Biológicas embalagem 90 g,Paño Nature,,"3,99 €","(44,33 € / Kg)",
Cavacas das Caldas Beijinhos embalagem 150 g,Cavacas das Caldas,,"2,55 €",(17 € / Kg),
El Corte Inglés Iogurte Grego de Stracciatella Pack 6 embalagem 125 g,El Corte Inglés,,"2,49 €","(3,32 € / Kg)",
Puig Gel de Banho de Lavanda embalagem 750 ml,Puig,,"4,55 €","(0,61 € / 10 ml.)",
Gillette Mach 3 Máquinas Recargas embalagem 15 unidades,Gillette Mach 3,,"33,29 €","(2,22 € / Unidade)",
Florette Salada Completa de Rúcula com Massa embalagem 320 g,Florette,,"3,89 €","(12,16 € / Kg)",
Quinta de Gomariz Vinho Verde Avesso Branco garrafa 75 cl,Quinta de Gomariz,,"8,45 €","(11,27 € / Litro)",
Enjoy Trill Gelado Vegan de Baunilha Baixo Teor de Açúcar copo 480 ml,Enjoy Trill,,"6,99 €","(14,56 € / Litro)",
Corretora Filetes de Atum em Azeite lata 120 g,Corretora,,"2,25 €","(18,75 € / Kg)",
Próvida Pão de Forma de Aveia Integral Biológico embalagem 550 g,Próvida,,"1,89 €","(3,44 € / Kg)",
El Corte Inglés Tomate Inteiro Pelado lata 240 g,El Corte Inglés,,"0,54 €","(2,25 € / Kg)",
Cavendish & Harvey Rebuçados de Tutti-Frutti lata 200 g,Cavendish & Harvey,,"3,09 €","(15,45 € / Kg)",
Vieira Bolachas Thins sem Açúcar embalagem 174 g,Vieira,,"2,49 €","(14,31 € / Kg)",
El Corte Inglés Selection Sardinhas em Azeite 25/30 Peças lata 85 g,El Corte Inglés Selection,,"2,99 €","(35,18 € / Kg)",
Gallo Vinagre Balsâmico de Modena garrafa 250 ml,Gallo,,"2,89 €","(8,60 € / Litro)","2,89 €"
Halls Rebuçados de Eucalipto sem Açúcar embalagem 32 g,Halls,,"1,09 €","(34,06 € / Kg)",
Brazzale Queijo Scamorza Fumado unidade 250 g,Brazzale,,"4,19 €","(16,76 € / Kg)",
Pão de Queijo Congelado embalagem 260 g,,,"2,55 €","(9,81 € / Kg)",
Domestos Bloco Sanitário Pinho Power Pack 2 embalagem 110 g,Domestos,,"5,49 €","(49,91 € / Kg)",
Zaini Mealheiro Princesas com Chocolates lata 30 g,Zaini,,"4,99 €","(166,33 € / Kg)",
Guilherme Queijo Fresco de Cabra Atabafado embalagem 120 g,Guilherme,,"2,19 €","(18,25 € / Kg)",
Nova Classe Copos de Cartão 300 ml embalagem 10 unidades,Nova Classe,,"2,39 €","(0,24 € / Unidade)",
Mexifoods Nachos com Sal embalagem 200 g,Mexifoods,,"2,49 €","(12,45 € / Kg)",
Criado a Campo Tábua Mista Porco Preto unidade 70 g,Criado a Campo,,"2,99 €","(42,71 € / Kg)",
El Corte Inglés Marmelada embalagem 400 g,El Corte Inglés,,"0,75 €","(1,88 € / Kg)",
Ti-ti Pipocas Fusion Doces e Salgadas com Flor de Sal embalagem 65 g,Ti-ti,,"0,60 €","(9,23 € / Kg)",
Cif Ultra Higiene com Lixívia spray 500 ml,Cif,,"2,79 €","(5,58 € / Litro)",
Eci Selection Bloco de Foie Gras de Pato com Pedaços sem Glúten lata 130 g,Eci Selection,,"9,45 €","(72,69 € / Kg)",
"Salutem Crisp Bread de Queijo, Tomate e Manjericão embalagem 130 g",Salutem,,"2,19 €","(16,85 € / Kg)",
Globo Pêssego em Metades lata 840 g,Globo,,"2,75 €","(3,27 € / Kg)",
Minerva Sardinha sem Pele em Tomate lata 120 g,Minerva,,"1,99 €","(16,58 € / Kg)",
Avó Filó Salame de Chocolate Fatiado Pack 10 embalagem 55 g,Avó Filó,,"8,49 €","(15,44 € / Kg)",
El Corte Inglés Água Destilada Normal embalagem 2 L,El Corte Inglés,,"0,85 €","(0,42 € / Litro)",
Vahiné Folhas de Gelatina Branca pacote 17 g,Vahiné,,"2,39 €","(140,59 € / Kg)",
Rosbife com Mescla de Legumes Assados 1 unidade,,,14 €,,
Vanish Oxi Action Tira Nódoas em Spray do Dia a Dia 4 em 1 embalagem 500 ml,Vanish Oxi Action,,"5,99 €","(11,98 € / Litro)",
Lactiser Queijo Amanteigado de Ovelha embalagem 500 g,Lactiser,,"7,85 €","(15,70 € / Kg)",
Super Bock Mini Cerveja Pack 15 garrafa 20 cl,Super Bock Mini,,"6,59 €","(2,20 € / Litro)",
El Corte Inglés Cereais de Arroz Tufado com Cacau sem Glúten embalagem 500 g,El Corte Inglés,,"1,69 €","(3,38 € / Kg)",
Nescafé Dolce Gusto Cápsulas de Café com Leite Intenso embalagem 16 cápsulas,Nescafé Dolce Gusto,,"5,99 €","(0,30 € / Unidade)","5,99 €"
Benlian Barritas de Arroz com Chocolate Leite 70% sem Glúten Pack 5 embalagem 90 g,Benlian,,"1,99 €","(22,11 € / Kg)",
Porminho Peito de Peru em Fatias Finas embalagem 150 g,Porminho,,"3,29 €","(21,93 € / Kg)",
Ultra Suave Delicadeza de Aveia Condicionador para Cabelos Delicados embalagem 400 ml,Ultra Suave Delicadeza de Aveia,,"5,59 €","(13,98 € / Litro)",
Ch`ti Cerveja Ambrée garrafa 33 cl,Ch`ti,,"3,99 €","(12,09 € / Litro)",
Hobby Vinho Licoroso Abafado garrafa 50 cl,Hobby,,"9,95 €","(19,90 € / Litro)",
Tabasco Molho Picante frasco 60 ml,Tabasco,,"2,95 €","(49,17 € / Litro)",
Cistér Feijoca Cozida lata 400 g,Cistér,,"0,74 €","(1,85 € / Kg)",
Izidoro Fiambre da Perna Extra Finas unidade 120 g,Izidoro,,"2,59 €","(21,58 € / Kg)",
Pringles Aperitivos de Tosta Mista embalagem 175 g,Pringles,,"2,65 €","(15,14 € / Kg)",
Espiga 5 Pimentas embalagem 40 g,Espiga,,"2,99 €","(74,75 € / Kg)",
El Corte Inglés Selection Pimentão Picante DOP lata 75 g,El Corte Inglés Selection,,"2,35 €","(31,33 € / Kg)",
Crios Vinho Tinto da Argentina Cabernet Sauvignon garrafa 75 cl,Crios,,"11,45 €","(15,27 € / Litro)",
Ausonia Ultrafina Pensos de Noite Extra com Abas embalagem 20 unidades,Ausonia Ultrafina,,"4,99 €","(0,25 € / Unidade)",
Quinta do Infantado Vinho Branco do Douro garrafa 75 cl,Quinta do Infantado,,"6,99 €","(9,32 € / Litro)",
La Cetto Vinho Rosé do Chile garrafa 75 cl,La Cetto,,"10,99 €","(14,65 € / Litro)",
"Blédina Frutapura Maçã, Laranja e Banana a Partir dos 6 Meses Pack 4 embalagem 95 g",Blédina Frutapura,,"2,79 €","(29,37 € / Kg)",
Descobre Vinho Tinto do Douro garrafa 75 cl,Descobre,,"5,99 €","(7,99 € / Litro)",
Tomate Coração Boi Peso Aproximado por unidade 200 g,,,"3,49 €/kg",,
El Corte Inglés Amaciador para a Roupa Clássico embalagem 50 doses,El Corte Inglés,,"2,05 €","(0,04 € / Dose)",
Margão Coentros em Folhas frasco 7 g,Margão,,"1,89 €",(270 € / Kg),
Elpozo Bien Star Peito de Peru sem Gordura,Elpozo Bien Star,,"14,99 €/kg",,
Cockburn's Vinho do Porto LBV garrafa 75 cl,Cockburn's,,"15,99 €","(21,32 € / Litro)",
Ponti Molho Pesto frasco 135 g,Ponti,,"3,49 €","(25,85 € / Kg)",
Casa Ermelinda Freitas Vinho Tinto de Terras do Sado Cabernet Sauvignon garrafa 75 cl,Casa Ermelinda Freitas,,"9,99 €","(13,32 € / Litro)",
"Pepsi Refrigerante com Gás Zero Açúcar garrafa 1,75 L",Pepsi,,"1,59 €","(0,91 € / Litro)",
Mc Vitie's Digestives Bolachas Thins de Chocolate de Leite embalagem 150 g,Mc Vitie's Digestives,,"2,69 €","(17,93 € / Kg)",
Khanum Chutney de Manga Doce frasco 350 g,Khanum,,"3,69 €","(10,54 € / Kg)",
Magabel Infusão de Tomilho embalagem 10 unidades,Magabel,,"1,55 €","(0,16 € / Unidade)",
Dr. Oetker Pizza Ristorante de Fiambre embalagem 340 g,Dr. Oetker,,"4,99 €","(14,68 € / Kg)",
Condi Preparado para Panquecas embalagem 400 g,Condi,,"2,39 €","(5,98 € / Kg)",
Trevijano Couscous Marroqui embalagem 300 g,Trevijano,,"3,79 €","(12,63 € / Kg)",
Espiga Pimenta Preta Grão embalagem 55 g,Espiga,,"2,09 €",(38 € / Kg),
El Corte Inglés Gomas Corações de Pêssego com Açúcar sem Glúten embalagem 200 g,El Corte Inglés,,"0,89 €","(4,45 € / Kg)",
El Corte Inglés Paté de Pato com Cebola Caramelizada embalagem 130 g,El Corte Inglés,,"3,59 €","(27,62 € / Kg)",
Iswari Sementes de Chia e Linhaça Moídas Biológicas embalagem 250 g,Iswari,,"3,89 €","(15,56 € / Kg)",
Casal Sta. Maria Vinho Branco de Lisboa Sauvignon Blanc garrafa 75 cl,Casal Sta. Maria,,"13,90 €","(18,53 € / Litro)",
Medusa Vinho Branco da Bairrada Doc garrafa 75 cl,Medusa,,"5,75 €","(7,67 € / Litro)",
Oleander Pistacho Tostado e Salgado Biológico embalagem 150 g,Oleander,,"6,49 €","(43,27 € / Kg)",
Ultra Suave Máscara Capilar para Cabelos Secos Azeitona Mítica embalagem 300 ml,Ultra Suave,,"6,79 €","(22,63 € / Litro)",
Heinz Molho de Caril com Manga embalagem 220 ml,Heinz,,"2,39 €","(10,86 € / Litro)",
Quinta de Linhares Vinho Verde Rosé garrafa 75 cl,Quinta de Linhares,,"3,90 €","(5,20 € / Litro)",
Graham's Vinho do Porto Tawny garrafa 75 cl,Graham's,,"7,49 €","(9,99 € / Litro)",
El Almendro Barrita de Amendoa e Chocolate 70% com Proténa embalagem 140 g,El Almendro,,"3,99 €","(28,50 € / Kg)",
"Lombo de Porco com Osso Peso Aproximado 1,2 kg",,,"4,90 €/kg",,
Lay's Gourmet Batatas Fritas Corte Fino embalagem 150 g,Lay's Gourmet,,"2,29 €","(15,27 € / Kg)",
Kambly Bolachas Noisettes de Chocolate Preto embalagem 100 g,Kambly,,"3,29 €","(32,90 € / Kg)",
Martiko Bloco Foie Gras de Pato 2x40 g unidade 80 g,Martiko,,"8,69 €","(108,62 € / Kg)",
Koala Leite de Coco lata 165 ml,Koala,,"1,49 €","(9,03 € / Litro)",
Pastoret Kéfir Natural embalagem 500 g,Pastoret,,"2,25 €","(4,50 € / Kg)",
Cazcabel Tequila Blanco garrafa 70 cl,Cazcabel,,"30,90 €","(44,14 € / Litro)",
Ferrarini Speck em Fatias embalagem 90 g,Ferrarini,,"3,98 €","(44,22 € / Kg)",
Trident Max Pastilhas de Limão e Framboesa sem Açúcar embalagem 23 g,Trident Max,,"1,10 €","(47,83 € / Kg)",
Dermacotton Discos Desmaquilhantes embalagem 40 unidades,Dermacotton,,"1,45 €","(0,04 € / Unidade)",
Glamour Style Ganchos embalagem 6 unidades,Glamour Style,,"2,89 €","(2,89 € / Unidade)",
Hell Energy Bebida Energética Classic lata 25 cl,Hell Energy,,"0,79 €","(3,16 € / Litro)",
Unii Óleo Essencial de Alfazema frasco 10 ml,Unii,,"11,40 €",(1.140 € / Litro),
Koka Massa Instantânea com Cogumelos embalagem 85 g,Koka,,"0,81 €","(9,53 € / Kg)",
Carvalhais Mélange à trois Vinho Tinto do Dão garrafa 75 cl,Carvalhais Mélange à trois,,"5,99 €","(7,99 € / Litro)",
Sunlover Bebida Colagénio sem Açúcar e sem Glúten embalagem 250 ml,Sunlover,,"1,25 €",(5 € / Litro),
Barão Chá Boldo embalagem 13 g,Barão,,"1,75 €","(134,62 € / Kg)",
Inecto Naturals Loção para o Corpo de Manteiga de Cacau Vegan embalagem 400 ml,Inecto Naturals,,"9,99 €","(24,98 € / Litro)",
Quinta do Infantado Vinho do Porto Branco Seco garrafa 75 cl,Quinta do Infantado,,"8,99 €","(10,12 € / Litro)","8,99 €"
El Corte Inglés Corações de Alcachofras  20-25 embalagem 240 g,El Corte Inglés,,"3,59 €","(14,96 € / Kg)",
Florette Salada Gourmet embalagem 175 g,Florette,,"2,49 €","(14,23 € / Kg)",
Nestlé Pacotinho de Maçã e Pêssego 6 Meses sem Glúten embalagem 90 g,Nestlé,,"1,05 €","(11,67 € / Kg)",
Página Vinho Branco de Lisboa Encruzado garrafa 75 cl,Página,,"12,95 €","(17,27 € / Litro)",
Snock Wrap de Atum 2 Unidades embalagem 170 g,Snock,,"3,10 €","(18,24 € / Kg)",
Bonne Maman Madalenas de Manteiga com Chocolate de Leite embalagem 210 g,Bonne Maman,,"3,89 €","(18,52 € / Kg)",
Beefeater Bebida Espirituosa garrafa 70 cl,Beefeater,,"16,99 €","(24,27 € / Litro)",
Mentos Pure Fresh Pastilhas Fresh Mint sem Açúcar Pack 3 embalagem 60 g,Mentos Pure Fresh,,"2,99 €","(49,83 € / Kg)",
Manná Gourmet Filetes de Cavala à Portuguesa em Azeite Virgem Extra lata 120 g,Manná Gourmet,,"2,95 €","(24,58 € / Kg)",
Hellmann's Maionese com Sabor a Iogurte frasco 433 g,Hellmann's,,"4,39 €","(10,14 € / Kg)",
Yogi Tea Infusão de Ervas Detox com Limão Biológica embalagem 17 unidades,Yogi Tea,,"4,09 €","(0,24 € / Unidade)",
Cutty Sark Whisky Prohibition Edition garrafa 70 cl,Cutty Sark,,"19,90 €","(28,43 € / Litro)",
Capitan America Gel & Shampoo Capitan America embalagem 400 ml,Capitan America,,"3,95 €","(9,88 € / Litro)",
Condi Chocolate Granulado frasco 50 g,Condi,,"1,79 €","(35,80 € / Kg)",
Aliada Luvas Especiais Lixívia Grandes embalagem 1 par,Aliada,,"1,75 €","(1,75 € / Unidade)",
El Corte Inglés Pimentos de Piquillo Assados em Tiras frasco 260 g,El Corte Inglés,,"3,65 €","(14,04 € / Kg)",
"Terras D'El Rei Vinho Tinto do Alentejo garrafa 37,5 cl",Terras D'El Rei,,"1,79 €","(4,77 € / Litro)",
Efiseptyl Spray Bucal Protecção Halitose embalagem 9 ml,Efiseptyl,,"4,99 €","(554,44 € / Litro)",
Sonasol Wc Blue Activ Bloco Sanitário Desinfectante Duplo de Eucalipto embalagem 50 g,Sonasol Wc Blue Activ,,"5,99 €","(119,80 € / Kg)",
Ermitage Queijo Munster Peso Aproximado por unidade 750 g,Ermitage,,"25,59 €/kg",,
Cellislim Infusão Queima Gorduras embalagem 20 unidades,Cellislim,,"4,59 €","(0,23 € / Unidade)",
Quinta da Raza Espumante Bruto Natural garrafa 75 cl,Quinta da Raza,,"11,95 €","(15,93 € / Litro)",
Naturefoods Barra de Frutos Secos e Goji sem Glúten Biológica embalagem 40 g,Naturefoods,,"1,25 €","(31,25 € / Kg)",
Bombay Gin Citron Pressé garrafa 70 cl,Bombay,,"25,59 €","(31,29 € / Litro)","25,59 €"
Gran Pavesi Crackers sem Sal embalagem 560 g,Gran Pavesi,,"2,89 €","(5,16 € / Kg)",
Confiança Sabão Rosa embalagem 400 g,Confiança,,"1,29 €","(3,22 € / Kg)",
Adega de Monção Vinho Verde Escolha Branco garrafa 75 cl,Adega de Monção,,3 €,(4 € / Litro),
Lammsbrau Cerveja sem Glúten Biológica garrafa 33 cl,Lammsbrau,,"2,25 €","(6,82 € / Litro)",
Amazzoni Gin garrafa 70 cl,Amazzoni,,"41,50 €","(59,29 € / Litro)",
Glade Ambientador Aromaterapia Cool Mist Pure Hapiness Orange+Neroli embalagem 17 ml,Glade,,"7,99 €",(470 € / Litro),
Château Pigoudet Vinho Rosé de França Classic garrafa 75 cl,Château Pigoudet,,"11,35 €","(15,13 € / Litro)",
Dani Ameijoa Pequena Branca do Norte ao Natural lata 90 unidade,Dani,,"2,99 €","(33,22 € / Kg)",
Nivea Men Sensitive Gel de Barbear 0% Álcool embalagem 200 ml,Nivea Men Sensitive,,"5,99 €","(29,95 € / Litro)",
Tierra de Oro Cava Meio Seco garrafa 75 cl,Tierra de Oro,,"2,49 €","(3,32 € / Litro)",
Dez Prá Uma Empada de Pato no Fornos até 10 pessoas embalagem 1850 g,Dez Prá Uma,,"39,50 €","(21,35 € / Kg)",
Gogo Squeez Saqueta Multifrutos embalagem 90 g,Gogo Squeez,,"0,99 €",(11 € / Kg),
Arizona Ice Tea de Limão garrafa 50 cl,Arizona,,"1,14 €","(2,28 € / Litro)",
Veckia Pensos Ultra com Abas Normal embalagem 32 unidades,Veckia,,"1,69 €","(0,05 € / Unidade)",
Lindt Chocolate Batons com Licor de Cereja embalagem 125 g,Lindt,,"11,99 €","(95,92 € / Kg)",
Feno Sabonete de Amêndoa Bio embalagem 100 g,Feno,,"1,34 €","(13,40 € / Kg)",
Frutaçor Compota de Uva frasco 230 g,Frutaçor,,"3,69 €","(16,04 € / Kg)",
Pack 3 Vinhos do Douro 75 cl,,,"40,47 €","(57,81 € / Litro)",
Hero Muesly Barras de Cereais com Chocolate Preto Pack 6 embalagem 150 g,Hero Muesly,,"2,99 €","(19,93 € / Kg)",
Carlota Organic Molho de Bolonhesa Vegano frasco 425 g,Carlota Organic,,"4,45 €","(10,47 € / Kg)",
Hards VR Vinho Branco Austrália Chardonnay garrafa 75 cl,Hards VR,,"7,99 €","(10,65 € / Litro)",
Vahiné Vela Nº 0 embalagem 1 unidade,Vahiné,,"2,19 €","(2,19 € / Unidade)",
Cartuxa Vinho Tinto do Alentejo Reserva garrafa 75 cl,Cartuxa,,"46,99 €","(62,65 € / Litro)",
Aliada Macedónia de Legumes frasco 320 g,Aliada,,"1,35 €","(4,22 € / Kg)",
Penetra Vinho Branco de Mesa Chardonnay do Douro garrafa 75 cl,Penetra,,"17,80 €","(23,73 € / Litro)",
Eci Selection Tâmaras sem Caroço embalagem 300 g,Eci Selection,,"2,99 €","(9,97 € / Kg)",
Naturefoods Empadilhas de Cogumelos embalagem 260 g,Naturefoods,,"3,15 €","(12,12 € / Kg)",
Vinho Tinto Malbec garrafa 75 cl,,,"15,90 €","(21,20 € / Litro)",
Porta da Ravessa Vinho Tinto do Alentejo garrafa 75 cl,Porta da Ravessa,,"2,99 €","(3,99 € / Litro)",
Quinta dos Açores Gelado de Queijada Graciosa embalagem 100 ml,Quinta dos Açores,,"2,50 €",(25 € / Litro),
El Corte Inglés Salsichas Cocktail frasco 300 g,El Corte Inglés,,"6,45 €","(21,50 € / Kg)",
Veet Minima Creme Depilatório Bikini & Axilas para Peles Sensíveis embalagem 100 ml,Veet Minima,,"7,99 €","(79,90 € / Litro)",
Lactiser Requeijão de Cabra embalagem 250 g,Lactiser,,"2,69 €","(10,76 € / Kg)",
Special Line Chá para Articulações embalagem 37 g,Special Line,,"2,35 €",,
Lipton Infusão SOS Garganta embalagem 20 unidades,Lipton,,"2,29 €","(0,11 € / Unidade)",
El Corte Inglés Selection Mel de Flores com Geleia Real frasco 250 g,El Corte Inglés Selection,,"3,85 €","(15,40 € / Kg)",
El Corte Inglés Pão de Forma Integral embalagem 820 g,El Corte Inglés,,"1,65 €","(2,01 € / Kg)",
Paño Nature Mix Frutos do Bosque Biológicos embalagem 240 g,Paño Nature,,"3,59 €","(14,96 € / Kg)",
Yofu de Soja de Baunilha embalagem 500 g,,,"2,99 €","(4,78 € / Kg)","2,99 €"
Youwok Molho Agridoce frasco 250 ml,Youwok,,"3,25 €",(13 € / Litro),
Knorr Pasta Pot Massa Bolonhesa 1 porção embalagem 68 g,Knorr Pasta Pot,,"2,15 €","(31,62 € / Kg)",
Milka Oreo Chocolate de Leite embalagem 300 g,Milka Oreo,,"3,99 €","(13,30 € / Kg)",
Pantene Superalimento BB7 Máscara Capilar Nutritiva Intensa embalagem 300 ml,Pantene Superalimento BB7,,"6,59 €","(21,97 € / Litro)",
Quinta da Marinha Miúdos de Pato Peso Aproximado por cuvete 700 g,Quinta da Marinha,,"5,57 €","(7,95 € / Kg)",
Santa Vitória Pack 2 Vinho Tinto Regional do Alentejo Seleção embalagem 75 cl,Santa Vitória,,"12,98 €","(8,65 € / Litro)",
Buitoni Pizza Bella Napoli Verdura embalagem 470 g,Buitoni,,"5,49 €","(11,68 € / Kg)",
M.Rainha Licor de Amora garrafa 70 cl,M.Rainha,,"9,95 €","(14,21 € / Litro)",
Native Açúcar Mascavado Biológico embalagem 250 g,Native,,"4,95 €","(19,80 € / Kg)",
Lindahls Iogurte Líquido Proteína Stracciatella embalagem 330 g,Lindahls,,"2,57 €","(5,73 € / Kg)","2,57 €"
Montaraz Costeletas do Lombo de Porco Preto embalagem 250 g,Montaraz,,"5,99 €","(23,96 € / Kg)",
La Mole Gressinos Sfornatini de Azeitona embalagem 200 g,La Mole,,"2,45 €","(12,25 € / Kg)",
Vitalis Água Mineral Natural garrafa 50 cl,Vitalis,,"0,31 €","(0,62 € / Litro)",
Nova Açores Queijo da Ilha Fatiado embalagem 150 g,Nova Açores,,"1,99 €","(13,27 € / Kg)",
Hell Energy Bebida Energética Energy Cherry lata 25 cl,Hell Energy,,"0,79 €","(3,16 € / Litro)",
Dez Prá Uma Esparregado para 3 pessoas embalagem 500 g,Dez Prá Uma,,"7,25 €","(14,50 € / Kg)",
Vieira Bolachas Wafer de Framboesa -40% Açúcares embalagem 125 g,Vieira,,"1,55 €","(12,40 € / Kg)",
Quinta da Marinha Arroz de Pato Caseiro embalagem 350 g,Quinta da Marinha,,"4,89 €","(13,97 € / Kg)",
Vale da Nora Vinho Branco do Alentejo garrafa 75 cl,Vale da Nora,,"3,99 €","(5,32 € / Litro)",
"Carmencita Açafrão Superior embalagem 37,5 g",Carmencita,,"4,39 €","(11.706,67 € / Kg)",
Aliada Palitos embalagem 250 g,Aliada,,"1,85 €","(7,40 € / Kg)",
Bicafé Café com Leite para Dolce Gusto embalagem 16 cápsulas,Bicafé,,"3,49 €","(0,22 € / Unidade)",
Philadelphia Queijo Fresco para Barrar com Salmão embalagem 150 g,Philadelphia,,"2,19 €","(14,60 € / Kg)",
Quinta do Portal Vinho Branco do Douro Moscatel Galego garrafa 75 cl,Quinta do Portal,,"7,99 €","(10,65 € / Litro)",
Lindt Swiss Thins Chocolate Preto embalagem 125 g,Lindt Swiss Thins,,"6,99 €","(41,52 € / Kg)","6,99 €"
"Guaraná Brasil garrafa 1,5 L",Guaraná Brasil,,"1,99 €","(1,33 € / Litro)",
"García Baquero Queijo ""Pok"" de Ovelha unidade 200 g",García Baquero,,"6,19 €","(30,95 € / Kg)",
Parmalat Nata para Bater embalagem 500 ml,Parmalat,,"2,47 €","(4,94 € / Litro)",
Celeste Vinho Tinto de Espanha Torres Ribera del Duero garrafa 75 cl,Celeste,,"18,99 €","(25,32 € / Litro)",
Vasco da Gama Petinga em Tomate Picante lata 90 g,Vasco da Gama,,"1,15 €","(12,78 € / Kg)",
Desidrata Coco Laminado Desidratado sem Glúten Biológico embalagem 100 g,Desidrata,,"3,45 €","(34,50 € / Kg)",
Nobre Vegalia Fatias Vegetarianas com Vegetais Assados sem Glúten embalagem 100 g,Nobre Vegalia,,"2,19 €","(21,90 € / Kg)",
Monforqueijo Queijo de Cabra Atabafado com Alho e Ervas unidade 180 g,Monforqueijo,,"4,59 €","(25,50 € / Kg)",
Dietisa Chá de Ervas Nogueira Folhas embalagem 50 g,Dietisa,,"1,49 €","(29,80 € / Kg)",
Finn Crisp Tostas Multigrain embalagem 175 g,Finn Crisp,,"2,25 €","(12,86 € / Kg)",
Pastoret Kéfir com Sementes de Chia embalagem 500 g,Pastoret,,"2,55 €","(5,10 € / Kg)",
Coronita Cerveja do México Extra garrafa 21 cl,Coronita,,"1,29 €","(6,14 € / Litro)",
Kaffa Alumínio Café Ristretto Intensidade 10 para Nespresso embalagem 10 cápsulas,Kaffa Alumínio,,"2,12 €","(0,21 € / Unidade)",
Vieira Amêndoas Cobertas de Chocolate de Leite com Pedaços de Caramelo lata 175 g,Vieira,,"4,87 €","(27,83 € / Kg)",
Erdinger Cerveja da Alemanha Weissbier garrafa 50 cl,Erdinger,,"2,89 €","(5,78 € / Litro)",
Provamel Bebida de Arroz de Coco Biológica embalagem 1 L,Provamel,,"2,79 €","(0,28 € / 100ml)",
Mariquinhas Licor de Ginja sem Fruto garrafa 70 cl,Mariquinhas,,"14,49 €","(20,70 € / Litro)",
Mariquinhas Licor de Ginja de Óbidos Miniaturas embalagem 4 cl,Mariquinhas,,"11,99 €","(74,94 € / Litro)",
Ideal Tinge Tecidos Ganga 1 unidade,Ideal,,"4,99 €","(0,05 € / Unidade)",
Ribeira Mexilhões ao Natural 13-18 Pequenos sem Glúten lata 111 g,Ribeira,,"2,39 €","(21,53 € / Kg)",
Próvida Cotovelos Integrais Biológicos embalagem 500 g,Próvida,,"3,75 €","(7,50 € / Kg)",
Secos da Aldeia Figo Branco Seco embalagem 500 g,Secos da Aldeia,,"3,69 €","(7,38 € / Kg)",
Nivea Men Craft Stylers Gel Extra Forte Efeito Molhado Aqua embalagem 150 ml,Nivea Men Craft Stylers,,"5,59 €","(37,27 € / Litro)",
Veckia Protector Solar FP 15 embalagem 250 ml,Veckia,,"4,99 €",(2 € / 10 ml.),
Monte da Ravasqueira Vinho Branco do Alentejo garrafa 75 cl,Monte da Ravasqueira,,"5,49 €","(7,32 € / Litro)",
"Knorr 1,2,3..Sabor Chili com Carne 4 porções embalagem 42 g","Knorr 1,2,3..Sabor",,"1,55 €","(36,90 € / Kg)",
Ajax Limpa Vidros Festa de Flores embalagem 500 ml,Ajax,,"3,59 €","(7,18 € / Litro)",
Oroweat Pão Integral com Sementes de Linhaça e Centeio Biológico embalagem 400 g,Oroweat,,"3,25 €","(8,12 € / Kg)",
Serramel Mel de Rosmaninho da Beira Biaxa frasco 300 g,Serramel,,"5,29 €","(17,63 € / Kg)",
Próvida Feijão Mung Biológico embalagem 500 g,Próvida,,"3,49 €","(6,98 € / Kg)",
Vinha da Malhada Vinho Rosé de Lisboa Biológico garrafa 75 cl,Vinha da Malhada,,"5,55 €","(7,40 € / Litro)",
Dorffler Salsichas de Aves Bockwurst 5 Unidades frasco 250 g,Dorffler,,"2,59 €","(10,36 € / Kg)",
Beher Salsichão 100% Ibérico Bolota Bio unidade 70 g,Beher,,"2,98 €","(42,57 € / Kg)",
Jean Louis David Pincel para Palpebra de Bambu embalagem 1 unidade,Jean Louis David,,"5,72 €","(5,72 € / Unidade)",
"Coca-Cola Refrigerante com Gás Sabor Original Pack 2 garrafa 1,75 L",Coca-Cola,,4 €,"(2,29 € / Litro)",
Alternativa 3 Chá Rooibos com Canela e Laranja embalagem 20 unidade,Alternativa 3,,"4,45 €","(0,22 € / Unidade)",
Terras do Grifo Vinho Tinto do Douro Reserva garrafa 75 cl,Terras do Grifo,,"13,69 €","(18,25 € / Litro)",
Vigor Leite Fresco Meio Gordo sem Lactose embalagem 1 L,Vigor,,"1,25 €","(1,25 € / Litro)",
Gillette Proglide Máquina de Barbear + Recarga embalagem 2 unidades,Gillette Proglide,,"14,99 €","(14,99 € / Unidade)",
Nuts Original Amendoim com Mel e Sal embalagem 130 g,Nuts Original,,"2,95 €","(22,69 € / Kg)",
Cristal Cerveja Nacional Branca Pack 6 garrafa 33 cl,Cristal,,"2,99 €","(1,51 € / Litro)",
Syoss Coloração Permanente Louro Dourado 8-86 Oleo Gold Blond embalagem 1 unidade,Syoss,,"11,29 €","(11,29 € / Unidade)",
Lavanda Puig Loção para o Corpo embalagem 750 ml,Lavanda Puig,,"9,49 €","(12,65 € / Litro)",
Margão Oregãos em Folhas embalagem 12 g,Margão,,"1,79 €","(149,17 € / Kg)",
Oral-B Trident Pastilhas Peppermint sem Açúcar Pack 3 embalagem 17 g,Oral-B Trident,,"3,29 €","(193,53 € / Kg)",
Dermacotton Algodão Hidrófilo Zig Zag embalagem 100 g,Dermacotton,,"1,05 €","(10,50 € / Kg)",
Outros Montes Amêndoas Biológicas embalagem 200 g,Outros Montes,,"8,29 €","(41,45 € / Kg)",
Vicentino Vinho Branco do Alentejo Sauvignon Blanc garrafa 75 cl,Vicentino,,"11,95 €","(15,93 € / Litro)",
Andechser Iogurte Proteína Magro Natural Bio embalagem 400 g,Andechser,,"2,79 €","(6,98 € / Kg)",
Papillon Queijo de França Roquefort Black Label,Papillon,,"37,29 €","(37,29 € / Kg)",
Ultra Suave Amaciador Azeitona Mítica para Cabelos Secos e Sensibilizados embalagem 400 ml,Ultra Suave,,"5,59 €","(13,98 € / Litro)",
Zanetti Queijo Parmigiano Reggiano sem Glúten embalagem 150 g,Zanetti,,"4,99 €","(33,27 € / Kg)",
Compal Clássico Néctar de Pêssego Pack 3 embalagem 20 cl,Compal Clássico,,"1,49 €","(2,48 € / Litro)",
El Caserio Queijo Fundido Light -30% Gordura em Fatias embalagem 300 g,El Caserio,,"1,98 €","(6,60 € / Kg)",
Lola Champô Hidratante Meu Cacho embalagem 500 ml,Lola,,"17,37 €","(34,74 € / Litro)",
Palette Coloração Nº 3.68 Caju embalagem 1 unidade,Palette,,"5,99 €","(5,99 € / Unidade)",
Kleenex Disney Lenços de Bolso embalagem 15 unidades,Kleenex Disney,,"2,35 €","(0,16 € / Unidade)",
Nestlé Kit Kat Chocolate Pai Natal embalagem 140 g,Nestlé Kit Kat,,"3,99 €","(28,50 € / Kg)",
Iswari Proteina Vegan Chocolate Lion's embalagem 400 g,Iswari,,"18,99 €","(47,48 € / Kg)",
"Cordeiro DOP Serra da Estrela Peso da Embalagem Aproximado 1,2 kg",,,"18,90 €/kg",,
Linic Men Champô Anti-Caspa Cool Sport Mentol para Todos os Tipos de Cabelo embalagem 360 ml,Linic Men,,"4,94 €","(13,72 € / Litro)",
Dr.Organic Champô Restaurador de Mel Manuka Biológico embalagem 250 ml,Dr.Organic,,"9,44 €","(37,76 € / Litro)",
Herbal Essences Bio-Renew Condicionador Aloe Vera + Bambu Fortalece e Hidrata para Cabelo Seco embalagem 275 ml,Herbal Essences Bio-Renew,,"4,99 €",(3.740 € / Litro),"4,99 €"
Vianeza Maionese frasco 225 ml,Vianeza,,"1,59 €","(7,07 € / Litro)",
El Corte Inglés Selection Tomate Inteiro Pelado lata 480 g,El Corte Inglés Selection,,"2,39 €","(4,98 € / Kg)",
El Corte Inglés Barrinhas de Surimi embalagem 375 g,El Corte Inglés,,"2,99 €","(7,97 € / Kg)",
El Charcutero Cozido de Presunto da Pá unidade 900 g,El Charcutero,,"7,98 €","(8,87 € / Kg)",
Daim Chocolate com Recheio de Caramelo embalagem 56 g,Daim,,"1,99 €","(35,54 € / Kg)",
Messias Espumante Bruto garrafa 75 cl,Messias,,"5,75 €","(7,67 € / Litro)",
Ideal Leite Evaporado embalagem 525 g,Ideal,,"2,39 €","(4,55 € / Kg)",
Oh K! Kombucha Pure de Chá Verde e Jasmim Biológica garrafa 200 ml,Oh K!,,"2,45 €","(12,25 € / Litro)",
Unii Sabonete de Amêndoa e Alfazema embalagem 1 L,Unii,,"6,90 €","(6,90 € / Unidade)",
Intercoelho Pernas de Coelho Peso Aproximado por cuvete 600 g,Intercoelho,,"8,69 €","(14,49 € / Kg)",
Vaseline Men Desodorizante Active Dry Spray embalagem 250 ml,Vaseline Men,,"4,49 €","(17,96 € / Litro)",
Nivea Protect e Bronze Exfoliante de Arroz Suavizante para Pele Normal embalagem 75 ml,Nivea Protect e Bronze,,"6,99 €","(93,20 € / Litro)",
"Chiclets Fire Pastilhas de Canela sem Açúcar embalagem 16,5 g",Chiclets Fire,,"1,09 €","(66,06 € / Kg)",
Maçarico Vinha D'Alho frasco 200 g,Maçarico,,"2,19 €","(10,95 € / Kg)",
Barilla Massa Penne Rigate sem Glúten embalagem 400 g,Barilla,,"3,29 €","(8,22 € / Kg)",
Johnson's Baby Óleo Regular embalagem 500 ml,Johnson's Baby,,"5,59 €","(11,18 € / Litro)",
Dewar's Whisky Caribbean Smooth garrafa 70 cl,Dewar's,,"20,09 €","(28,70 € / Litro)",
Danone Activia Zero Iogurte Líquido de Pêssego e Maracujá Pack 4 embalagem 160 g,Danone Activia Zero,,"1,99 €","(3,11 € / Kg)",
Couto Pasta de Dentes embalagem 60 g,Couto,,"2,95 €","(49,17 € / Kg)",
Macal Chouriço Extra embalagem 200 g,Macal,,"2,79 €","(13,95 € / Kg)",
Babaria Creme Contorno de Olhos Antimanchas embalagem 12 ml,Babaria,,"7,70 €","(641,67 € / Litro)",
Nutri Drops Frutas Variadas 4 Meses frasco 120 g,Nutri Drops,,"0,99 €","(8,25 € / Kg)",
Máscaras Cirurgicas embalagem 50 unidades,,,"2,15 €","(0,04 € / Unidade)",
Pato Real Arroz de Pato embalagem 300 g,Pato Real,,"5,59 €","(18,63 € / Kg)",
El Corte Inglés Peitos de Frango do Campo Peso Aproximado por cuvete 500 g,El Corte Inglés,,"5,98 €","(11,95 € / Kg)",
Cuticura Gel Hidratante Anti Bacteriano embalagem 100 ml,Cuticura,,"3,65 €","(36,50 € / Litro)",
Margão Estragão em Folhas frasco 5 g,Margão,,"1,99 €",(398 € / Kg),
Outros Montes Pimenta Moída em Pó embalagem 100 g,Outros Montes,,"3,49 €","(34,90 € / Kg)",
Glade Ambientador Eléctrico Relaxing Zen Recarga embalagem 20 ml,Glade,,"11,99 €","(599,50 € / Litro)",
Recente Vinho Verde Alvarinho Branco garrafa 75 cl,Recente,,"8,75 €","(11,67 € / Litro)",
Quinta de Linhares Vinho Verde Colheita Seleccionada Branco Premium garrafa 75 cl,Quinta de Linhares,,"4,79 €","(6,39 € / Litro)",
Auricchio Queijo Scamorza embalagem 250 g,Auricchio,,"3,99 €","(15,96 € / Kg)",
Jacquot Bombons Praliné 45% Cacau embalagem 260 g,Jacquot,,"5,49 €","(21,12 € / Kg)",
Condi Açúcar em Pó embalagem 250 g,Condi,,"1,39 €","(5,56 € / Kg)",
Bio Greno Arroz Parboiled Biológico embalagem 500 g,Bio Greno,,"5,49 €","(10,98 € / Kg)",
Desiam Pasta Caril Verde embalagem 70 g,Desiam,,"3,35 €","(47,86 € / Kg)",
Bicafé Cappuccino para Dolce Gusto embalagem 16 cápsulas,Bicafé,,"3,49 €","(0,22 € / Unidade)",
Polident Pastilhas de Limpeza para Aparelhos Dentários embalagem 30 unidades,Polident,,"5,49 €","(0,18 € / Unidade)",
GOT2B Espuma Caracóis Perfeitos Twsited embalagem 250 ml,GOT2B,,"6,59 €","(26,36 € / Litro)",
Cimarrom Miolo de Amêndoa sem Pele embalagem 150 g,Cimarrom,,"2,85 €",(19 € / Kg),
Calvé Molho Hot Chicken embalagem 266 g,Calvé,,"2,69 €","(10,11 € / Kg)",
Dow's Vinho do Porto Tawny garrafa 75 cl,Dow's,,"6,99 €","(9,32 € / Litro)",
Valados de Melgaço Vinho Branco Verde Alvarinho garrafa 75 cl,Valados de Melgaço,,"8,29 €","(11,05 € / Litro)",
Aszú Vinho Branco da Hungria Tokaj 3 Puttonyos garrafa 50 cl,Aszú,,"27,50 €",(55 € / Litro),
Blédina Frutapura Maçã e Banana a Partir dos 4 Meses Pack 4 embalagem 95 g,Blédina Frutapura,,"2,79 €","(29,37 € / Kg)",
El Corte Inglés Selection Arroz Bomba da Foz do Ebro Extra embalagem 1 kg,El Corte Inglés Selection,,"3,19 €","(3,19 € / Kg)",
Porminho Bacon Extra em Fatias embalagem 80 g,Porminho,,"1,35 €","(16,88 € / Kg)",
El Pozo Chouriço Curado Extra Nobreza sem Glúten,El Pozo,,"18,49 €/kg",,
Prestige Queijo da França Camembert unidade 125 g,Prestige,,"2,79 €","(22,32 € / Kg)",
Fairy Detergente de Lavagem à Mão para Loiça Aloe Vera embalagem 340 ml,Fairy,,"1,99 €","(5,85 € / Litro)",
Compal Sumo de Laranja 100% Espremido embalagem 1 L,Compal,,"1,49 €","(1,49 € / Litro)",
Salsicharia Limiana Chouriço Crioulo unidade 200 g,Salsicharia Limiana,,"1,49 €","(7,45 € / Kg)",
Lombo Marinado Extra embalagem 1 kg,,,"8,95 €","(8,95 € / Kg)",
Cif Easy Clean Casa de Banho 750 ml,Cif Easy Clean,,"4,99 €","(6,65 € / Litro)",
Casa di Mama Pizza Hawaii embalagem 415 g,Casa di Mama,,"5,59 €","(13,31 € / Kg)",
"Duas Quintas Vinho Tinto do Douro garrafa 37,5 cl",Duas Quintas,,"7,75 €","(20,67 € / Litro)",
Milka Chocolate de Leite com Caramelo e Amendoim embalagem 90 g,Milka,,"1,69 €","(18,78 € / Kg)",
Demak Up Discos Desmaquilhantes Expert embalagem 70 unidades,Demak Up,,"1,79 €","(0,03 € / Unidade)",
Triunfo Digestive Bolachas Digestivas Finas de Chocolate de Leite embalagem 170 g,Triunfo Digestive,,"2,49 €","(14,65 € / Kg)",
"Fanta Refrigerante de Guaraná sem Adição de Açúcares com Gás garrafa 1,5 L",Fanta,,"1,89 €","(1,26 € / Litro)",
Próvida Tâmaras sem Caroço Biológico embalagem 200 g,Próvida,,"2,99 €","(14,95 € / Kg)",
Salutem Chá Erva de S.Roberto Diurético Natural embalagem 10 unidades,Salutem,,"0,99 €","(0,10 € / Unidade)",
Panrico Pão de Forma 9 Cereais Vegan sem Lactose embalagem 520 g,Panrico,,"2,39 €","(4,60 € / Kg)",
King C. Gillette Recarga para Máquina de Barbear Style embalagem 1 unidade,King C. Gillette,,"16,99 €","(16,99 € / Unidade)",
S.D' Fruta Sumo Fresco de Maçã e Cenoura embalagem 1 L,S.D' Fruta,,"3,45 €","(3,45 € / Litro)",
Flying Dog Cerveja The Truth Imperial garrafa 33 cl,Flying Dog,,"4,55 €","(13,79 € / Litro)",
Pema Pão Integral Alemão Especial embalagem 500 g,Pema,,"2,65 €","(5,30 € / Kg)",
La Sagra Cerveja de Espanha Artesanal India garrafa 33 cl,La Sagra,,"1,99 €","(6,03 € / Litro)",
El Corte Inglés Amendoins Virgínia Crus embalagem 250 g,El Corte Inglés,,"1,95 €","(7,80 € / Kg)",
Président Queijo Snack embalagem 180 g,Président,,"3,45 €","(19,17 € / Kg)",
As 3 Bruxas Limpa-Vidros embalagem 750 ml,As 3 Bruxas,,"3,99 €","(5,32 € / Litro)",
Nivea Naturally Good Gel Micelar Aloe Vera Biológico embalagem 250 ml,Nivea Naturally Good,,"6,99 €","(27,96 € / Litro)",
Nivea Naturally Good Gel de Banho com Infusão de Óleo Flor de Algodão embalagem 500 ml,Nivea Naturally Good,,"6,49 €","(12,98 € / Litro)",
Dietisa Chá de Ervas Calendula Flor embalagem 50 g,Dietisa,,"1,69 €","(33,80 € / Kg)",
Activia Cremoso Iogurte de Frutos Silvestres Pack 4 embalagem 120 g,Activia Cremoso,,"2,49 €","(21,65 € / Kg)",
Cantillon Cerveja da Bélgica Kriek Lambic Biológica garrafa 75 cl,Cantillon,,"24,90 €","(33,20 € / Litro)",
Quinta do Pessegueiro Vinho Tinto do Douro DOC Reserva garrafa 75 cl,Quinta do Pessegueiro,,"16,99 €","(22,65 € / Litro)",
Mimosa Leite Meio Gordo +Cálcio +Vitamina D embalagem 1 L,Mimosa,,"1,09 €","(1,09 € / Litro)",
Taboadella Vinho Tinto do Dão Jaen garrafa 75 cl,Taboadella,,"16,99 €","(22,65 € / Litro)",
El Corte Inglés Detergente para a Máquina de Lavar a Loiça em Pastilhas embalagem 26 unidades,El Corte Inglés,,"2,95 €","(4,10 € / Litro)",
Garnier Hydra-Adapt Creme Hidratante Fresco para Peles Mistas a Oleosas embalagem 50 ml,Garnier Hydra-Adapt,,"5,99 €","(119,80 € / Litro)",
Mission Tortilha de Trigo em Azeite Virgem Extra 6 Unidades embalagem 370 g,Mission,,"3,59 €","(9,70 € / Kg)",
Vigor Kefir de Manga e Maracujá Pack 4 unidades embalagem 200 g,Vigor,,"3,14 €","(2,94 € / Kg)","3,14 €"
Ferbar Beterraba frasco 345 g,Ferbar,,"1,49 €","(4,32 € / Kg)",
St. Dalfour Doce de Manga e Maracujá frasco 284 g,St. Dalfour,,"4,39 €","(15,46 € / Kg)",
El Gran Cardenal Queijo de Ovelha com Azeite Cunha unidade 250 g,El Gran Cardenal,,"7,99 €","(31,96 € / Kg)",
Picanha de Novilho Angus do Reino Unido,,,"21,95 €/kg",,
Barba Stathis Massa Filo para Salgados embalagem 450 g,Barba Stathis,,"3,49 €","(7,76 € / Kg)",
"Montagnon Queijo Morbier 1/4 Peso Aproximado 1,5 kg",Montagnon,,"24,39 €/kg",,
El Corte Inglés Secretos de Porco Preto Peso Aproximado 250 g,El Corte Inglés,,"27,90 €/kg",,
José Posada Puré de Castanhas embalagem 400 g,José Posada,,"4,75 €","(9,98 € / Kg)","4,75 €"
Cebola Roxa Peso Aproximado por unidade 185 g,,,"1,89 €/kg",,
Salutem Chá Branco embalagem 15 g,Salutem,,"0,99 €",(66 € / Kg),
Quinta de Pinhanços Vinho Tinto do Dão garrafa 75 cl,Quinta de Pinhanços,,"7,99 €","(10,65 € / Litro)",
Colgate Flúor Gel Pasta de Dentes embalagem 75 ml,Colgate Flúor Gel,,"1,99 €","(26,53 € / Litro)",
Elpozo All Natural Salami Extra sem Glúten unidade 70 g,Elpozo All Natural,,"2,29 €","(32,71 € / Kg)",
"Kilom Peito de Frango Familiar Peso Aproximado por cuvete 1,1 kg",Kilom,,"7,47 €","(6,79 € / Kg)",
Milaneza Sabores Linguine com Tinta de Chocos embalagem 500 g,Milaneza Sabores,,"3,89 €","(7,78 € / Kg)",
Próvida Raíz de Gengibre em Pó Biológico embalagem 100 g,Próvida,,"2,19 €","(21,90 € / Kg)",
Veckia Escova de Dentes Suave 8-12 Anos embalagem 1 unidade,Veckia,,"1,05 €","(1,05 € / Unidade)",
Mar Ibérica Preparado para Arroz de Marisco embalagem 800 g,Mar Ibérica,,"7,69 €","(9,61 € / Kg)",
Quanta Terra Vinho Douro Branco Grande Reserva Magnum garrafa 150 cl,Quanta Terra,,"55,90 €","(37,27 € / Litro)",
Lenor Unstoppables Aditivo Perfumado em Pérolas Fresh embalagem 210 g,Lenor Unstoppables,,"10,99 €","(52,33 € / Kg)",
El Corte Inglés Uvas Passas Moscatel embalagem 350 g,El Corte Inglés,,"3,10 €","(8,86 € / Kg)",
Kopke Vinho Branco do Douro Reserva garrafa 75 cl,Kopke,,"15,99 €","(21,32 € / Litro)",
El Corte Inglés Selection Sortido de Natal embalagem 750 g,El Corte Inglés Selection,,"9,99 €","(13,32 € / Kg)",
Próvida Flocos de Cevada Integral Biológicos embalagem 400 g,Próvida,,"2,49 €","(6,22 € / Kg)",
Ferradosa Vinho Tinto do Douro garrafa 75 cl,Ferradosa,,"25,90 €","(34,53 € / Litro)",
Somersby Sidra Mini sabor Maçã Pack 6 garrafa 20 cl,Somersby,,"5,85 €","(4,88 € / Litro)",
A Saloinha Batatas Fritas Doces embalagem 150 g,A Saloinha,,"2,25 €",(15 € / Kg),
Paciência Jeropiga garrafa 75 cl,Paciência,,"3,45 €","(3,99 € / Litro)","3,45 €"
Corine de Farme Gel Desmaquilhante embalagem 500 ml,Corine de Farme,,"6,29 €","(12,58 € / Litro)",
Gillette Labs Espuma de Barbear embalagem 240 ml,Gillette Labs,,"5,24 €","(21,83 € / Litro)",
Quinta das Bágeiras Vinho Tinto da Bairrada Reserva garrafa 75 cl,Quinta das Bágeiras,,"10,29 €","(13,72 € / Litro)",
Leffe Cerveja da Bélgica Brune garrafa 33 cl,Leffe,,"2,45 €","(7,42 € / Litro)",
Snickers Chocolate Crisp embalagem 40 g,Snickers,,"1,05 €","(26,25 € / Kg)",
Nazaré Rebuçados de Chocolate e Menta com Recheio sem Glúten embalagem 175 g,Nazaré,,"2,15 €","(12,29 € / Kg)",
Delamotte Champanhe Blanc de Blanc Vintage garrafa 75 cl,Delamotte,,85 €,"(113,33 € / Litro)",
Twinings Infusão Pure Peppermint embalagem 20 unidades,Twinings,,"3,59 €","(0,18 € / Unidade)",
Vaqueiro Margarina embalagem 1 kg,Vaqueiro,,"4,99 €","(4,99 € / Kg)",
Nestlé Maggi Suculento no Forno Entrecosto com Alho e Pimentão Doce embalagem 30 g,Nestlé Maggi,,"0,99 €","(24,67 € / Kg)","0,99 €"
Colgate Escova de Dentes Infantil Bambu +6 Anos embalagem 1 unidade,Colgate,,"3,99 €","(3,99 € / Unidade)",
Beyra Vinho Branco da Beira Interior Síria garrafa 75 cl,Beyra,,"9,49 €","(12,65 € / Litro)",
Lindt Bombons Sortidos Champs - Élysées embalagem 237 g,Lindt,,"11,99 €","(50,59 € / Kg)",
Yoggi Iogurte Líquido de Tutti-Frutti Pack 8 embalagem 160 g,Yoggi,,"4,91 €","(3,84 € / Kg)",
Enjoy Trill Velado Vegan Baixo Teor de Açúcar Tarte de Limão copo 480 ml,Enjoy Trill,,"6,99 €","(14,56 € / Litro)",
Mestemacher Pão de Centeio com Sementes de Girassol embalagem 500 g,Mestemacher,,"2,29 €","(4,58 € / Kg)",
Dr. Beckmann Tira-Nódoas Natureza & Cosmética embalagem 50 ml,Dr. Beckmann,,"3,79 €","(75,80 € / Litro)",
Sidul Adoçante Stevia Saquetas embalagem 50 unidades,Sidul,,"2,33 €","(0,05 € / Unidade)",
Saitaku Maionese embalagem 160 g,Saitaku,,"4,55 €","(28,44 € / Kg)",
Dietisa Folhas Lúcia-Lima embalagem 50 g,Dietisa,,"1,85 €",(37 € / Kg),
Cem Porcento Bolachas Marinheiras de Linhaça sem Adição de Açúcar embalagem 200 g,Cem Porcento,,"2,89 €","(14,45 € / Kg)",
"Ponte Nova Queijo de Vaca Peso Aproximado por unidade 1,1 kg",Ponte Nova,,"16,82 €","(15,29 € / Kg)",
Belvita Bolachas Soft Bakes com Cereais embalagem 250 g,Belvita,,"2,99 €","(11,96 € / Kg)",
El Corte Inglés Torrão Praliné de Café sem Glúten embalagem 250 g,El Corte Inglés,,"3,49 €","(17,45 € / Kg)",
Pan Farinha de Milho Pré-Cozida sem Glúten embalagem 1 kg,Pan,,"2,35 €","(2,35 € / Kg)",
Carretilla Pimentos de Piquillo Inteiros frasco 225 g,Carretilla,,"3,19 €","(14,18 € / Kg)",
Maybelline Super Stay Batom Ink Crayon Nº 75 Speak Your Mind embalagem 1 unidade,Maybelline Super Stay,,"8,99 €","(8,99 € / Unidade)",
João Portugal Ramos Vinho Verde Branco Loureiro garrafa 75 cl,João Portugal Ramos,,"4,99 €","(6,65 € / Litro)",
Delverde Tostas Melba embalagem 100 g,Delverde,,"0,99 €","(9,90 € / Kg)",
Matinal Queijo Fresco Magro 0% Gordura Pack 3 embalagem 216 g,Matinal,,"1,69 €","(7,82 € / Kg)",
Patak's Pickle Lima Médio frasco 283 g,Patak's,,"4,45 €","(15,72 € / Kg)",
Colgate 360º Clean Escova de Dentes Média embalagem 1 unidade,Colgate 360º Clean,,"4,39 €","(2,85 € / Unidade)","4,39 €"
Encantado Vinho Branco do Alentejo garrafa 75 cl,Encantado,,"7,99 €","(10,65 € / Litro)",
Fairy Espuma Activa Detergente de Lavagem à Mão para Loiça Recarga 375 ml,Fairy Espuma Activa,,"3,29 €","(8,77 € / Litro)",
Vale D.Maria Vinho Tinto do Douro Vinhas do Sabor garrafa 75 cl,Vale D.Maria,,"14,39 €","(19,19 € / Litro)",
El Corte Inglés Azeite Virgem Extra garrafa 1 L,El Corte Inglés,,"4,19 €","(4,19 € / Litro)",
Oliveira da Serra Azeite Virgem Extra Azeitona Madura garrafa 750 ml,Oliveira da Serra,,"6,19 €","(6,11 € / Litro)","6,19 €"
Lien Ying Molho Pad Thai frasco 200 ml,Lien Ying,,"3,45 €","(17,25 € / Litro)",
Gliss Champô Regenerador Intensivo para Cabelos Estregados embalagem 250 ml,Gliss,,"4,99 €","(19,96 € / Litro)",
Paladin Vinagre de Sidra Spray garrafa 250 ml,Paladin,,"1,39 €","(5,56 € / Litro)",
El Corte Inglés Nata para Bater Pack 3 embalagem 200 ml,El Corte Inglés,,"1,99 €","(9,95 € / Litro)",
Men Expert Thermic Resist Desodorizante Roll-On embalagem 50 unidade,Men Expert Thermic Resist,,"3,99 €","(79,80 € / Litro)",
"Carljung Vinho Rosé sem Álcool garrafa 0,75 L",Carljung,,"4,30 €","(5,73 € / Litro)",
Midi Ciao Bolo de Cacau Recheado com Creme de Leite 10 Unidades embalagem 350 g,Midi Ciao,,"3,59 €","(10,26 € / Kg)",
Ruwet Sidra Edelberry garrafa 33 cl,Ruwet,,"3,19 €","(9,67 € / Litro)",
Nestlé Kit Kat Chunky Snack Chocolate Leite Single MP 4x embalagem 40 g,Nestlé Kit Kat,,"3,39 €","(21,19 € / Kg)",
Bife do Pojadouro de Novilho Primeiro Preço Peso Aproximado 200 g,,,"11,95 €/kg",,
Quinta da Rebôtea Vinho Tinto do Dão Touriga Nacional garrafa 75 cl,Quinta da Rebôtea,,"6,95 €","(9,27 € / Litro)",
Nestlé Chocolate de Leite sem Açúcar embalagem 115 g,Nestlé,,"2,39 €","(20,78 € / Kg)",
Mimosa Iogurte Grego de Framboesa e Romã Pack 4 embalagem 110 g,Mimosa,,"2,89 €","(4,98 € / Kg)","2,89 €"
Linic Champô Anti-Caspa Controlo de Oleosidade de Citrinos embalagem 360 ml,Linic,,"4,94 €","(13,72 € / Litro)",
Viña Alberdi Vinho Tinto de Espanha Rioja Reserva garrafa 75 cl,Viña Alberdi,,"19,90 €","(26,53 € / Litro)",
Biscoitos de Sintra Biscoitos Amêndoas embalagem 330 g,Biscoitos de Sintra,,"4,25 €","(12,88 € / Kg)",
Casa de Santar Vinho Tinto do Dão Reserva garrafa 75 cl,Casa de Santar,,"14,99 €","(19,99 € / Litro)",
Lucien Aviet Vinho Branco de França Melon Queue Rouge garrafa 75 cl,Lucien Aviet,,"39,50 €","(52,67 € / Litro)",
Herbal Essences Bio-Renew Máscara Capilar Repara Óleo de Argão de Marrocos embalagem 250 ml,Herbal Essences Bio-Renew,,"4,99 €","(14,96 € / Litro)","4,99 €"
Aurora Madalenas de Laranja embalagem 420 g,Aurora,,"2,49 €","(5,93 € / Kg)",
Quaker Cereais Cruesli de Aveia com Chocolate embalagem 375 g,Quaker,,"3,15 €","(8,40 € / Kg)",
Bock Damm Cerveja de Espanha Preta Pack 6 garrafa 25 cl,Bock Damm,,"4,29 €","(2,86 € / Litro)",
Tena Cuecas para Adultos Homem com Incontinência Men Active Fit Plus Tamanho L embalagem 8 unidades,Tena,,"11,99 €",(3 € / Unidade),
Herbal Essences Bio-Renew Champô Repara com Óleo de Argão Vegan embalagem 400 ml,Herbal Essences Bio-Renew,,"4,99 €","(9,35 € / Litro)","4,99 €"
Dovo Clara Líquida Pasteurizada embalagem 320 ml,Dovo,,"1,42 €","(4,44 € / Litro)",
Nestlé Bombons de Chocolate de Leite Nougat Avelã embalagem 90 g,Nestlé,,"3,19 €","(35,44 € / Kg)",
Jade Phoenix Noodles Finos embalagem 375 g,Jade Phoenix,,"3,89 €","(10,37 € / Kg)",
Lombinho de Porco em Vácuo Peso Aproximado 550 g,,,"4,13 €","(7,50 € / Kg)",
Casa do Aido Ovos Frescos de Gaiola Classe L embalagem 12 unidades,Casa do Aido,,"2,68 €","(0,22 € / Unidade)",
Lactimonte Requeijão de Vaca com Doce de Abóbora embalagem 145 g,Lactimonte,,"1,55 €","(10,69 € / Kg)",
Scone Pré-Cozido unidade 80 g,,,"0,70 €","(0,70 € / Unidade)",
El Corte Inglés Molho de Cogumelos embalagem 140 g,El Corte Inglés,,"1,59 €","(11,36 € / Kg)",
Il Forteto Queijo Pecorino Toscano Curado,Il Forteto,,"33,98 €/kg",,
Ti António Cachaço com Osso ao peso 1 kg,Ti António,,"9,75 €/kg",,
Joya Bebida de Arroz Vegan sem Glúten e Lactose Biológica embalagem 1 L,Joya,,"2,30 €","(2,30 € / Litro)",
Barilla Molho de Tomate e Ricotta frasco 400 g,Barilla,,"4,49 €","(7,22 € / Kg)","4,49 €"
El Corte Inglés Selection Anchova em Azeite Virgem Extra embalagem 60 g,El Corte Inglés Selection,,"5,99 €","(99,83 € / Kg)",
Diese Bolachas Integrais de Aveia embalagem 200 g,Diese,,"2,59 €","(12,95 € / Kg)",
Garnier Essencials Tónico Facial Vitaminado para Todo o Tipo de Pele embalagem 200 ml,Garnier Essencials,,"4,99 €","(24,95 € / Litro)",
"Pleno Bebida Tisana de Chá Preto garrafa 1,5 L",Pleno,,"1,75 €","(1,17 € / Litro)",
English Tea Shop Chá Daily Wellness Biológico embalagem 20 unidades,English Tea Shop,,"4,99 €","(0,25 € / Unidade)",
Tena Cuecas para Adultos com Incontinência Absorventes Pants Plus Tamanho S embalagem 14 unidades,Tena,,"14,75 €","(1,05 € / Unidade)",
Abóbora Manteiga peso Aproximado por cuvete 300 g,,,"0,66 €","(2,19 € / Kg)",
Gogo Squeez Maçã e Banana 100% Fruta Pack 4 embalagem 90 g,Gogo Squeez,,"3,89 €","(10,81 € / Kg)",
Garnier Pure Active Bandas Carvão Anti Pontos Negros embalagem 4 unidades,Garnier Pure Active,,"7,99 €",(2 € / Unidade),
Picagrill Cubitos Tostados com Alho e Salsa embalagem 75 g,Picagrill,,"1,19 €","(15,87 € / Kg)",
Diese Bolachas Artesanais de Limão sem Glúten embalagem 125 g,Diese,,"2,69 €","(21,52 € / Kg)",
"Montesano Presunto da Pá 100% Ibérico Bolota unidade 4,750 kg",Montesano,,139 €,"(29,26 € / Kg)",
Helios Doce Pura Fruta de Alperce sem Glúten frasco 250 g,Helios,,"2,89 €","(11,56 € / Kg)",
Sanytol Toalhitas Desinfectantes Multiusos embalagem 36 unidades,Sanytol,,"4,99 €","(0,14 € / Unidade)",
Cavendish & Harvey Rebuçados de Cereja lata 200 g,Cavendish & Harvey,,"3,09 €","(15,45 € / Kg)",
El Corte Inglés Café Brasil para Nespresso Intensidade 4 embalagem 10 cápsulas,El Corte Inglés,,"2,39 €","(45,96 € / Kg)",
El Corte Inglés Vinagre de Jerez Reserva Pedro Ximénez garrafa 250 ml,El Corte Inglés,,"2,95 €","(11,80 € / Litro)",
Magabel Chá Verde embalagem 10 unidades,Magabel,,"1,25 €","(0,12 € / Unidade)",
Go Tan Citronela Picada frasco 100 g,Go Tan,,"5,65 €","(56,50 € / Kg)",
Avianense Pai Natal Chocolate de Leite embalagem 120 g,Avianense,,"2,89 €","(24,08 € / Kg)",
Quinta do Ortigão Espumante Braga Bruto garrafa 75 cl,Quinta do Ortigão,,"12,50 €","(16,67 € / Litro)",
Cavendish & Harvey Rebuçados de Limão com Recheio de Morango lata 175 g,Cavendish & Harvey,,"3,09 €","(17,66 € / Kg)",
Milka Cookies com Pepitas de Chocolate embalagem 135 g,Milka,,"1,99 €","(14,74 € / Kg)",
"Bacalhau Gratinado (Queijo, Espinafres e Cebola) 1 unidade",,,"11,50 €",,
Beiralacte Queijo de Ovelha Reserva Metades Peso Aproximado por unidade 400 g,Beiralacte,,"26,89 €/kg",,
O.B. Tampões Super embalagem 32 unidade,O.B.,,"4,89 €","(0,15 € / Unidade)",
Cadbury Dairy Milk Chocolate de Leite embalagem 110 g,Cadbury Dairy Milk,,"2,59 €","(23,55 € / Kg)",
Boca Doce Pudim de Baunilha embalagem 22 g,Boca Doce,,"0,45 €","(20,45 € / Kg)",
Espiga Amido de Milho embalagem 500 g,Espiga,,"2,29 €","(4,58 € / Kg)",
Nobre Cocktail Mini Salsichas de Aves frasco 190 g,Nobre Cocktail,,"1,95 €","(10,26 € / Kg)",
Desiam Pasta de Caril Massaman embalagem 70 g,Desiam,,"6,19 €","(88,43 € / Kg)",
Miss Organic Infusão Alívio Trânsito Intestinal Biológica embalagem 10 unidades,Miss Organic,,"1,99 €","(0,20 € / Unidade)",
"Kellogg's Special K Protein Barras de Cereais Coco, Cacau e Caju com Creme de Amêndoa embalagem 112 g",Kellogg's Special K Protein,,"3,79 €","(33,84 € / Kg)",
El Corte Inglés Massa de Pizza Fina embalagem 230 g,El Corte Inglés,,"1,59 €","(6,91 € / Kg)",
Ferbar Pickles de Vinagre frasco 680 g,Ferbar,,"1,99 €","(2,93 € / Kg)",
Moaçor Bolachas de Água e Sal Pack 8 embalagem 30 g,Moaçor,,"2,09 €","(69,67 € / Kg)",
Sensodyne Rapid Action Pasta de Dentes Branqueadora embalagem 75 ml,Sensodyne Rapid Action,,"4,99 €","(66,53 € / Litro)",
Natursoy Quinoa com Verduras e Algas Biológica embalagem 300 g,Natursoy,,"6,15 €","(20,50 € / Kg)",
Cataliment Pérolas de Lavagante unidade 100 g,Cataliment,,"5,99 €","(59,90 € / Kg)",
Prados de Melgaço Queijos Curados Pack 3 unidade 320 g,Prados de Melgaço,,"12,99 €","(40,59 € / Kg)",
Condi Zero % Gelatina de Manga sem Glúten embalagem 26 g,Condi Zero %,,"1,85 €","(71,15 € / Kg)",
Kevago Torresmos embalagem 40 g,Kevago,,"1,29 €","(32,25 € / Kg)",
Juvé y Camps Espumante Cava Milesime garrafa 75 cl,Juvé y Camps,,"22,45 €","(29,93 € / Litro)",
Magnum Gelado Mania 8 unidades embalagem 836 ml,Magnum,,"9,99 €","(11,95 € / Litro)",
El Corte Inglés Tostas embalagem 540 g,El Corte Inglés,,"1,85 €","(3,43 € / Kg)",
San Pellegrino Água com Sabor a Limão garrafa 50 cl,San Pellegrino,,"1,69 €","(3,38 € / Litro)",
Sorini Pai Natal de Chocolate embalagem 100 g,Sorini,,"1,99 €","(19,90 € / Kg)",
Maybelline Fit Me Base Fluída Matificante Matte para Pele Normal a Oleosa Nº 110 Porcelan embalagem 1 unidade,Maybelline Fit Me,,"9,99 €","(9,99 € / Unidade)",
Delaviuda Torrão Praliné Chocolate com Amêndoas embalagem 250 g,Delaviuda,,"4,40 €","(17,60 € / Kg)",
Pringles Aperitivos de Cebolinho embalagem 200 g,Pringles,,"2,99 €","(14,95 € / Kg)",
Loacker Quadratini Bolachas Wafer de Limão embalagem 250 g,Loacker Quadratini,,"3,29 €","(13,16 € / Kg)",
Desidrata Manga Desidratada sem Glúten Biológica embalagem 30 g,Desidrata,,"3,99 €",(133 € / Kg),
Kinder Bueno Chocolate com Recheio de Avelã embalagem 43 g,Kinder Bueno,,"1,09 €","(25,35 € / Kg)",
Iglo Filetes Primavera de Peixe com Alho e Ervas Aromáticas 2 Unidades embalagem 225 g,Iglo,,"4,99 €","(22,18 € / Kg)",
Rummo Gnocchi di Patate 100% Italiane embalagem 500 g,Rummo,,"2,79 €","(5,58 € / Kg)",
Folhado de Queijo de Cabra e Espinafres unidade 135 g,,,"2,15 €","(15,93 € / Kg)",
Cem Porcento Doce de Marmelo sem Açúcar embalagem 400 g,Cem Porcento,,"3,29 €","(8,22 € / Kg)",
Quinta dos Aciprestes Vinho Tinto do Douro garrafa 75 cl,Quinta dos Aciprestes,,"9,49 €","(12,65 € / Litro)",
"Wiloco Chocolate Castanho Tropical Vegan sem Glúten, sem Lactose Biológico embalagem 90 g",Wiloco,,"3,69 €",(41 € / Kg),
Brasfrut Polpa de Cajá Integral Congelada embalagem 100 g,Brasfrut,,"0,95 €","(9,50 € / Kg)",
Old El Paso Refried Beans lata 435 g,Old El Paso,,"2,46 €","(5,66 € / Kg)",
Beirabaga Amêndoas Caramelizadas embalagem 180 g,Beirabaga,,"3,89 €","(21,61 € / Kg)",
Vieira de Sousa Vinho Tinto do Douro Reserva garrafa 75 cl,Vieira de Sousa,,"14,75 €","(19,67 € / Litro)",
Veckia Gel de Banho Argán com Glicerina embalagem 750 ml,Veckia,,"1,22 €","(0,16 € / 10 ml.)",
Sr. Basílio Batatas Fritas Palha Fina embalagem 180 g,Sr. Basílio,,"1,89 €","(10,50 € / Kg)",
El Corte Inglés Queijo Ralado Cinco Queijos embalagem 200 g,El Corte Inglés,,"2,59 €","(12,95 € / Kg)",
Compal Clássico Néctar de Pera Rocha Pack 3 embalagem 20 cl,Compal Clássico,,"1,49 €","(2,48 € / Litro)",
Fructis Hair Food Máscara Capilar Super Hidratação de Aloe Vera embalagem 390 ml,Fructis Hair Food,,"8,99 €","(23,05 € / Litro)",
Dr. Beckmann Escova Tira-Nódoas para Tapetes embalagem 650 ml,Dr. Beckmann,,"6,39 €","(9,83 € / Litro)",
Renova Papel Higiénico 4 Folhas Decorado 12 unidades,Renova,,"7,19 €","(0,60 € / Unidade)",
Cem Porcento Linhaça Dourada Moída Biológica embalagem 200 g,Cem Porcento,,"1,99 €","(9,95 € / Kg)",
"Labello For Men Protector Labial Active Care embalagem 5,5 ml",Labello For Men,,"4,49 €","(816,36 € / Litro)",
Collonil Self Shine Líquido Autobrilhante para Calçado Castanho Escuro embalagem 100 ml,Collonil Self Shine,,"7,69 €","(76,90 € / Litro)",
La Rose Sardinhas em Azeite com Pickles lata 120 g,La Rose,,"2,49 €","(20,75 € / Kg)",
Kikkoman Molho Teriyaki de Alho Torrado frasco 250 ml,Kikkoman,,"4,99 €","(19,96 € / Litro)",
Fruut Maçã Crocante Verde Intenso sem Glúten embalagem 20 g,Fruut,,"0,85 €","(42,50 € / Kg)",
Nutrégi Iogurte Líquido com Polpa de Frutos Vermelhos sem Lactose Pack 4 embalagem 170 g,Nutrégi,,"2,85 €","(3,51 € / Kg)","2,85 €"
Casting Creme Gloss Coloração Nº 535 Chocolate embalagem 1 unidade,Casting Creme Gloss,,"9,99 €","(9,99 € / Unidade)",
Jubileu Selection Amêndoas e Avelãs Cobertas com Chocolate lata 200 g,Jubileu Selection,,"8,29 €","(41,45 € / Kg)",
Dona Maria Vinho Tinto do Alentejo Grande Reserva garrafa 75 cl,Dona Maria,,"34,90 €","(46,53 € / Litro)",
Florette Molho para Salada César embalagem 250 ml,Florette,,"2,99 €","(11,96 € / Litro)",
Pato Real Arroz Integral com Quinoa Nutriminuto embalagem 250 g,Pato Real,,"3,35 €","(13,40 € / Kg)",
Nobre Appetitliche Salsichas de Aves 5 Unidades frasco 250 g,Nobre Appetitliche,,"3,49 €","(13,96 € / Kg)",
Riso Gallo Risotto Pronto com Trufas embalagem 175 g,Riso Gallo,,"2,69 €","(15,37 € / Kg)",
"Simplu Cerellin de Chocolate com Avelã, Cacau e Baunilha embalagem 300 g",Simplu,,"8,95 €","(26,83 € / Kg)","8,95 €"
Gelado de Salted Caramel Brownie Non - Dairy copo 465 ml,,,"6,79 €","(14,60 € / Litro)",
8ª Colina Cerveja Artesanal de Pão de Trigo Associação Crescer e El Corte Inglés Dunkel Weiss garrafa 33 cl,8ª Colina,,"2,79 €","(8,45 € / Litro)",
Yogolino Cereais e Baunilha Pack 4 embalagem 100 g,Yogolino,,"2,89 €","(28,90 € / Kg)",
Nativo Essência de Baunilha embalagem 135 ml,Nativo,,"2,39 €","(17,70 € / Litro)",
Yoco Squeezy Iogurte Líquido de Morango e Banana Pack 4 embalagem 80 g,Yoco Squeezy,,"3,19 €","(9,97 € / Kg)",
"Robalo de Aquicultura ao peso 1,5 kg",,,"14,99 €/kg",,"14,99 €/kg"
Fides Paté de Sardinha Picante sem Glúten Pack 4 embalagem 22 g,Fides,,"2,25 €","(25,57 € / Kg)",
Benediktiner Cerveja da Alemanha Pack 3 + Copo garrafa 50 cl,Benediktiner,,"12,95 €","(8,63 € / Litro)",
Vileda Vassoura para Exteriores 1 unidade,Vileda,,"8,99 €","(8,99 € / Unidade)",
Nestlé Bombons Sortidos Quality Street lata 480 g,Nestlé,,"13,49 €","(28,10 € / Kg)",
Nivea Men Sensitive Pro Creme de Rosto embalagem 75 ml,Nivea Men Sensitive Pro,,"12,99 €","(173,20 € / Litro)",
"Body Natur Manteiga Corporal com Frutos Vermelhos, Romã e Pitaia embalagem 200 ml",Body Natur,,"8,49 €","(31,75 € / Litro)","8,49 €"
Dutch Lady Leite Condesado lata 397 g,Dutch Lady,,"1,99 €","(5,01 € / Kg)",
Président Queijo Le Crémiot unidade 200 g,Président,,"3,49 €","(17,45 € / Kg)",
Finish Detergente para Máquina de Loiça Regular Ultimate embalagem 32 doses,Finish,,"19,99 €","(0,62 € / Unidade)",
Pão com Chouriço embalagem 1 unidade,,,"1,25 €","(1,25 € / Unidade)",
Veckia Condicionador para Cabelo Pintado ou com Madeixas embalagem 300 ml,Veckia,,"1,99 €","(0,66 € / 10 ml.)",
Swiffer Mopa Agarra o Pó Recarga 40 unidades,Swiffer,,"8,99 €","(0,22 € / Unidade)",
Xata Roxa Escalopes de Vitela Asturiana de 1ª A Biológicos Peso Aproximado por cuvete 200 g,Xata Roxa,,"4,39 €","(21,95 € / Kg)",
Torta com Noz unidade 1500,,,"11,95 €","(0,01 € / Unidade)",
Alsa Preparado para Gelatina de Pêssego Origem Vegetal embalagem 180 g,Alsa,,"2,99 €","(16,61 € / Kg)",
"Nestea de Pêssego garrafa 1,5 L",Nestea,,"1,79 €","(1,19 € / Litro)",
Yoco Suissinho Petit Suisse de Morango Pack 6 embalagem 42 g,Yoco Suissinho,,"2,39 €","(9,48 € / Kg)",
Barbeito Vinho da Madeira Doce Malvasia 5 Anos garrafa 50 cl,Barbeito,,"10,75 €","(21,50 € / Litro)",
Nestlé Crazy Fruits Tutti Frutti sem Açúcar embalagem 110 g,Nestlé Crazy Fruits,,"1,25 €","(11,36 € / Kg)",
Bahlsen Choco Friends Bolachas Wafers de Chocolate embalagem 100 g,Bahlsen Choco Friends,,"1,75 €","(14,90 € / Kg)","1,75 €"
Veckia Escova dos Dentes Monster dos 2 aos 8 anos 1 unidade,Veckia,,"0,99 €","(0,99 € / Unidade)",
Axe Apollo Desodorizante Dry Anti-Transpirante Spray embalagem 150 ml,Axe Apollo,,"3,59 €","(23,93 € / Litro)",
Sabita Pakora embalagem 150 g,Sabita,,"4,99 €","(33,27 € / Kg)",
Ezequiel Licor de Arroz Doce garrafa 70 cl,Ezequiel,,"12,45 €","(17,79 € / Litro)",
Zambudio Alcaparras ao peso 1 kg,Zambudio,,"17,59 €","(17,59 € / Kg)",
Evax Cottonlike Pensos Higiénicos Super com Abas embalagem 24 unidades,Evax Cottonlike,,"3,74 €","(0,16 € / Unidade)",
Nau do Cacau Chocolate Cru Cajus embalagem 70 g,Nau do Cacau,,"4,35 €","(62,14 € / Kg)",
Le Gruyére Queijo Suiço,Le Gruyére,,"37,59 €/kg",,
Codyfer Atacador Preto 60 cm 1 unidade,Codyfer,,"2,25 €","(2,25 € / Unidade)",
"Mevgal Iogurte Grego com Maçã, Passas e Canela 0,9% embalagem 150 g",Mevgal,,"1,39 €","(7,93 € / Kg)","1,39 €"
St.Michel Cookies de Coco embalagem 120 g,St.Michel,,"1,95 €","(16,25 € / Kg)",
El Corte Inglés Arroz 3 Delícias com Frango 2 Doses embalagem 500 g,El Corte Inglés,,"1,99 €","(3,98 € / Kg)",
Brockmans Gin garrafa 70 cl,Brockmans,,"41,50 €","(59,29 € / Litro)",
Caves Velhas Vinho Rosé Regional de Lisboa Romeira garrafa 75 cl,Caves Velhas,,"5,49 €","(5,32 € / Litro)","5,49 €"
Prozis Pão de Queijo com Alho e Oregãos sem Glúten embalagem 300 g,Prozis,,"5,29 €","(17,63 € / Kg)",
Macal Bacon em Fatias embalagem 90 g,Macal,,"1,35 €",(15 € / Kg),
Dr. Oetker Pizza Ristorante Salame embalagem 320 g,Dr. Oetker,,"4,99 €","(12,47 € / Kg)","4,99 €"
Pema Pão Integral Alemão de Aveia embalagem 500 g,Pema,,"2,65 €","(5,30 € / Kg)",
Margão Manjericão frasco 11 g,Margão,,"2,09 €",(190 € / Kg),
Eci Selection Bloco de Foie Gras de Pato sem Glúten lata 200 g,Eci Selection,,"12,59 €","(62,95 € / Kg)",
Bonito dos Açores Atum Posta ao Natural lata 120 g,Bonito dos Açores,,"1,45 €","(12,08 € / Kg)",
Dez Prá Uma Chow Mein de Lulas para 2 pessoas embalagem 500 g,Dez Prá Uma,,"13,50 €",(27 € / Kg),
Belvita Barras de 5 Cereais com Chocolate Preto e Avelãs Pack 4 embalagem 160 g,Belvita,,"3,29 €","(20,56 € / Kg)",
Cortes de Cima Vinho Tinto do Alentejo garrafa 75 cl,Cortes de Cima,,"15,75 €",(21 € / Litro),
"El Corte Inglés Selection Queijo Semi Curado Elaborado com Leite Pasteurizado unidade 3,2 kg",El Corte Inglés Selection,,"15,65 €/kg",,"15,65 €/kg"
Cardenal Santa Cruz Brandy Jerez Solera Reserva garrafa 70 cl,Cardenal Santa Cruz,,"10,95 €","(15,64 € / Litro)",
São Jorge Queijo DOP 12 Meses unidade 300 g,São Jorge,,"6,39 €","(21,30 € / Kg)",
Malibu Licor de Coco garrafa 70 cl,Malibu,,"18,49 €","(26,41 € / Litro)",
Vileda Molas para Roupa embalagem 20 unidades,Vileda,,"4,39 €","(0,44 € / Unidade)",
Greens Bróculos embalagem 1 kg,Greens,,"3,19 €","(3,19 € / Kg)",
El Corte Inglés Água sem Gás garrafão 5 L,El Corte Inglés,,"0,99 €","(0,20 € / Litro)",
Asana Leite Meio Gordo sem Lactose Biológico embalagem 1 L,Asana,,"1,99 €","(1,99 € / Litro)",
El Corte Inglés Salada Tropical frasco 250 g,El Corte Inglés,,"1,75 €",(7 € / Kg),
"Monte Roble Monte Roble Presunto Ibérico da Pá peça 4,7 kg",Monte Roble,,89 €,"(18,74 € / Kg)",
Panetto Pão de Forma Multicereais unidade 400 g,Panetto,,"2,59 €","(6,48 € / Kg)",
Pescanova Postas de Pescada do Chile para Cozer Nº 5 embalagem 800 g,Pescanova,,"14,99 €","(18,74 € / Kg)",
Leicester Baker Pão Naan Picante embalagem 4,Leicester Baker,,"3,19 €","(0,80 € / Unidade)",
Jean de Dijon Licor de Creme de Cassis garrafa 70 cl,Jean de Dijon,,"9,45 €","(13,50 € / Litro)",
Fresquinho Queijo Fresco Natural para Barrar embalagem 125 g,Fresquinho,,"1,45 €","(11,60 € / Kg)",
Corretora Filete de Atum em Molho Picante lata 120 g,Corretora,,"2,59 €","(21,58 € / Kg)",
Brasfrut Polpa de Abacaxi Integral Congelada embalagem 100 g,Brasfrut,,"0,95 €","(9,50 € / Kg)",
Excellence Coloração Nudes Castanho Universal sem Amoníaco 4 U embalagem 1 unidade,Excellence,,"12,99 €","(12,99 € / Unidade)",
"Cantinho das Aromáticas Condimento de Lima-Kaffir Biológico embalagem 1,5 g",Cantinho das Aromáticas,,"3,15 €",(2.100 € / Kg),
"Gullón Tortitas Vitalday de Aveia, Arroz Cbertas com Chocolate Preto Pack 4 embalagem 82 g",Gullón,,"2,19 €","(26,71 € / Kg)",
Ferrarini Bresaola em Fatias sem Fosfatos embalagem 90 g,Ferrarini,,"6,69 €","(74,33 € / Kg)",
Pescanova Medalhões de Salmão 3/5 Unidades embalagem 400 g,Pescanova,,"18,49 €","(46,22 € / Kg)",
Quinta do Cerrado Vinho Branco do Dão Reserva garrafa 75 cl,Quinta do Cerrado,,"9,45 €","(12,60 € / Litro)",
Kinder Chocolate de Leite Maxi embalagem 42 g,Kinder,,"0,89 €","(0,03 € / Kg)",
Almendro Vinho Tinto do Douro Reserva garrafa 75 cl,Almendro,,"8,49 €","(11,32 € / Litro)",
Herdade da Maia Queijo Curado de Mistura Tapada de Sto. António embalagem 220 g,Herdade da Maia,,"4,15 €","(18,86 € / Kg)",
Beat's Licor Irish Cream garrafa 70 cl,Beat's,,"6,25 €","(8,93 € / Litro)",
Cabo de Peñas Filetes de Atum em Azeite Virgem Extra Biológico embalagem 111 g,Cabo de Peñas,,"4,49 €","(40,45 € / Kg)",
Desidrata Legumes e Cogumelos Desidratados sem Glúten Biológicos embalagem 40 g,Desidrata,,"4,99 €","(124,75 € / Kg)",
Minhofumeiro Chouriça de Cebola embalagem 150 g,Minhofumeiro,,"3,09 €","(20,60 € / Kg)",
Tassimo L'Or Café Espresso Fortíssimo embalagem 16 capsulas,Tassimo L'Or,,"5,39 €","(0,34 € / Unidade)",
OGX Champô Biotina e Colagénio embalagem 385 ml,OGX,,"7,99 €","(221,94 € / Litro)",
Chips Ahoy Mini Cookies com Pepitas de Chocolate embalagem 160 g,Chips Ahoy,,"1,99 €","(12,44 € / Kg)",
Latvs Vinho Branco do Douro garrafa 75 cl,Latvs,,"5,99 €","(7,99 € / Litro)",
Diaz Salsichão Ibérico unidade 250 g,Diaz,,"4,19 €","(16,76 € / Kg)",
Margão Ervas Provence embalagem 25 g,Margão,,"1,69 €","(67,60 € / Kg)",
Kopke Vinho do Porto Colheita 2008 garrafa 75 cl,Kopke,,34 €,"(45,33 € / Litro)",
Gallo Vinagre de Sidra e Frutos Vermelhos garrafa 250 ml,Gallo,,"2,69 €","(10,76 € / Litro)",
La Fabrique Green Elástico de Cabelo 100% Origem Natural Vegan embalagem 1 unidade,La Fabrique Green,,"2,89 €","(2,89 € / Unidade)",
Pantene Espuma Caracóis Naturais embalagem 200 ml,Pantene,,"3,74 €","(18,70 € / Litro)",
Piano de Porco Peso Aproximado 800 g,,,"6,99 €/kg",,
El Corte Inglés Rebentos Germinados frasco 250 g,El Corte Inglés,,"1,09 €","(4,36 € / Kg)",
Alpro Bebida de Soja Proteina sabor de Chocolate embalagem 250 ml,Alpro,,"1,09 €","(3,48 € / Litro)","1,09 €"
Companhia das Abóboras Doce de Abóbora com Amêndoa frasco 300 g,Companhia das Abóboras,,"3,45 €","(11,50 € / Kg)",
Excellence Coloração Permanente Poder Matizador Nº 7.11 Louro Gelado embalagem 1 unidade,Excellence,,"11,99 €","(11,99 € / Unidade)",
Codyfer Atacador Castanho 150 cm 1 unidade,Codyfer,,"2,85 €","(2,85 € / Unidade)",
Diaz Cabeça de Lombo de Salamanca sem Glúten embalagem 450 g,Diaz,,"9,29 €","(20,64 € / Kg)",
Anona Extra Peso Aproximado por unidade 400 g,,,"5,99 €/kg",,
Próvida Biscoitos de Limão  Biológicos embalagem 250 g,Próvida,,"2,15 €","(8,60 € / Kg)",
Pousio Premium Azeite Virgem Extra garrafa 500 ml,Pousio Premium,,"9,10 €","(18,20 € / Litro)",
Quesos Tradicionales Queijo de Espanha Tábua Sortida embalagem 500 g,Quesos Tradicionales,,"14,69 €","(29,38 € / Kg)",
Lula Descongelada Peso Aproximado por unidade 250 g,,,"13,99 €/kg",,
Cosmo Pai Natal de Chocolate embalagem 60 g,Cosmo,,"1,09 €","(18,17 € / Kg)",
L'Oréal Elvive Óleo Extraordinário Máscara Capilar Multiusos embalagem 300 ml,L'Oréal,,"6,99 €","(23,30 € / Litro)",
Perna de Porco Assar Peso Aproximado 700 g,,,"4,89 €/kg",,
Quinta dos Aciprestes Vinho Tinto do Douro Reserva garrafa 75 cl,Quinta dos Aciprestes,,"17,50 €","(23,33 € / Litro)",
Shakira Colónia Feminina Dance Red Midnight embalagem 50 ml,Shakira,,"16,49 €","(329,80 € / Litro)",
Schweppes Água Tónica Pink Pack 6 unidades embalagem 20 cl,Schweppes,,"5,40 €","(4,50 € / Litro)",
Delta Q XL Café Qharacter Intensidade 9 embalagem 40 cápsulas,Delta Q XL,,"12,99 €","(0,32 € / Unidade)",
Grimbergen Cerveja da Bélgica Blonde garrafa 33 cl,Grimbergen,,"1,85 €","(5,61 € / Litro)",
Morgadio de Estremoz Vinho Tinto + Branco Selecção Pack 2 pack 2 75 cl,Morgadio de Estremoz,,"11,99 €","(2,85 € / Litro)",
Nestlé as Minhas Primeiras Receitas Legumes com Vitela desde os 6 Meses sem Glúten embalagem 190 g,Nestlé as Minhas Primeiras Receitas,,"2,19 €","(11,53 € / Kg)",
Valfrutta Tomate Passata Biológico frasco 700 g,Valfrutta,,"2,79 €","(3,99 € / Kg)",
Mutti Tomate Cereja lata 400 g,Mutti,,"2,32 €","(5,80 € / Kg)",
Tang Concentrado em Pó Tropical embalagem 30 g,Tang,,"0,79 €","(26,33 € / Kg)",
Haagen-Dazs Mini Gelados 3 de Chocolate 3 de Baunilha com Amêndoa Pack 6 embalagem 40 ml,Haagen-Dazs,,"6,40 €","(26,67 € / Litro)",
Boina Vinho Branco do Douro garrafa 75 cl,Boina,,"9,49 €","(12,65 € / Litro)",
Apis Paté Intenso de Fígado de Porco Pack 2 embalagem 160 g,Apis,,"1,99 €","(12,44 € / Kg)",
Casal da Eira Vinho Branco de Mesa embalagem 1 L,Casal da Eira,,"1,69 €","(1,69 € / Litro)",
El Corte Inglés Selection Centro de Salmão Fumado unidade 400 g,El Corte Inglés Selection,,"25,29 €","(63,22 € / Kg)",
Vinhas de Penalva Vinho Branco do Dão Reserva garrafa 75 cl,Vinhas de Penalva,,"7,25 €","(9,67 € / Litro)",
L'Oréal Elvive Serum Long Curls embalagem 200 ml,L'Oréal,,"5,99 €","(29,95 € / Litro)",
H&S Gel de Banho e Champô Refrescante com Frescura de Gengibre embalagem 300 ml,H&S,,"6,99 €","(23,30 € / Litro)",
El Corte Inglés Refrigerante de Limão com Gás lata 33 cl,El Corte Inglés,,"0,39 €",,
Cantinho das Aromáticas Infusão de Erva-Cidreira Biológica embalagem 40 g,Cantinho das Aromáticas,,"4,55 €","(113,75 € / Kg)",
Cem Porcento Chá Solúvel sem Gases embalagem 60 g,Cem Porcento,,"2,99 €","(49,83 € / Kg)",
Milka Bolachas Mini Wafer embalagem 110 g,Milka,,"1,99 €","(18,09 € / Kg)",
Dovo Pasta de Delícias do Mar embalagem 250 g,Dovo,,"3,89 €","(15,56 € / Kg)",
Borges Vinho do Porto White Reserva garrafa 75 cl,Borges,,"12,45 €","(16,60 € / Litro)",
Sanex Men Zero% Desodorizante Sensitive Spray embalagem 150 ml,Sanex Men Zero%,,"4,49 €","(124,72 € / Litro)",
Jagermeister Licor garrafa 70 cl,Jagermeister,,"17,79 €","(25,41 € / Litro)",
Pato Brewing Cerveja Artesanal Barbary Wonder garrafa 33 cl,Pato Brewing,,"2,99 €","(9,06 € / Litro)",
Milaneza Aletria embalagem 500 g,Milaneza,,"1,79 €","(3,58 € / Kg)",
Cuetara Bolachas Avenacol Rústica embalagem 250 g,Cuetara,,"2,99 €","(11,96 € / Kg)",
Amoy Molho Teryaki frasco 150 ml,Amoy,,"4,09 €","(27,27 € / Litro)",
Frutogal Figos Pingo Mel embalagem 250 g,Frutogal,,"3,09 €","(12,36 € / Kg)",
Brickcity Feijão Verde Fino Cortado frasco 370 ml,Brickcity,,"1,69 €","(4,57 € / Litro)",
Haagen-Dazs Gelado Duo Brownie e Raspberry copo 420 ml,Haagen-Dazs,,"6,79 €","(16,17 € / Litro)",
Vieira Amêndoas Cobertas com Chocolate de Leite lata 175 g,Vieira,,"4,87 €","(27,83 € / Kg)",
Monte do Zambujeiro Vinho Tinto do Alentejo garrafa 75 cl,Monte do Zambujeiro,,"11,15 €","(14,87 € / Litro)",
Royal Oporto Vinho do Porto Tawny 10 Anos garrafa 75 cl,Royal Oporto,,"18,99 €","(25,32 € / Litro)",
Rana Ravioli Pera e Queijo embalagem 250 g,Rana,,"3,99 €","(15,96 € / Kg)",
St.Michel Mini Madalenas embalagem 175 g,St.Michel,,"1,99 €","(11,37 € / Kg)",
Tampax Compak Tampões Super Plus embalagem 18 unidades,Tampax Compak,,"3,99 €","(0,22 € / Unidade)",
Próvida Cevada Puff Biológica embalagem 150 g,Próvida,,"1,95 €",(13 € / Kg),
Renova Papel Higiénico Decorado 4 Folhas Creme 12 unidades,Renova,,"7,19 €","(0,60 € / Unidade)",
Nescafé Dolce Gusto Cápsulas de Achocolatado Nesquik embalagem 16 cápsulas,Nescafé Dolce Gusto,,"5,99 €","(0,37 € / Unidade)",
Margem Óleo de Cedro 250 ml,Margem,,"3,95 €","(15,80 € / Litro)",
Elpozo Mortadela Siciliana sem Glúten embalagem 300 g,Elpozo,,"2,29 €","(7,63 € / Kg)",
Quinta dos Açores Caixa de 3 Queijos embalagem 600 g,Quinta dos Açores,,"12,99 €","(21,65 € / Kg)",
Haagen-Dazs Gelado de Manga e Framboesa embalagem 460 ml,Haagen-Dazs,,"6,79 €","(14,76 € / Litro)",
Campofrio Fiambre de Peito de Frango sem Glúten,Campofrio,,"15,99 €/kg",,
Renova Maxi Absorption Rolos de Cozinha embalagem 4 unidades,Renova Maxi Absorption,,"2,59 €","(0,65 € / Unidade)",
Bife da Perna de Porco Peso Aproximado 300 g,,,"4,89 €/kg",,
Insecticida Eléctrico Antimosquitos Recarga embalagem 27 ml,,,"8,19 €","(303,33 € / Litro)",
Lipton Infusão de Camomila Cold embalagem 34 g,Lipton,,"3,29 €","(96,76 € / Kg)",
Bimbo Mini Tostas Extrafinas embalagem 100 g,Bimbo,,"1,59 €","(15,90 € / Kg)",
Lindt Bombom LINDOR 70% Chocolate Negro embalagem 3 kg,Lindt,,111 €,(37 € / Kg),
"Sonasol Detergente Líquido para o Chão Parquet de Leite de Amêndoa embalagem 1,3 L",Sonasol,,"1,94 €","(1,49 € / Litro)",
Wyke Farms Queijo do Reino Unido Vintage embalagem 200 g,Wyke Farms,,"4,69 €","(23,45 € / Kg)",
Scotch-Brite Esfregão Fibra Verde com Esponja Oferta 2 + 1 Grátis embalagem 3 unidades,Scotch-Brite,,"2,59 €","(0,86 € / Unidade)",
Sanex Zero % Desodorizante Extra Roll-On embalagem 50 ml,Sanex Zero %,,"3,99 €","(79,80 € / Litro)",
Condi Gelatina de Morango embalagem 170 g,Condi,,"1,75 €","(10,29 € / Kg)",
Cimarrom Flocos de Aveia embalagem 400 g,Cimarrom,,"1,25 €","(3,12 € / Kg)",
"Mon Petit Jardin Pêra Conferência Cuvete ao peso 1,2 kg",Mon Petit Jardin,,"3,59 €","(2,99 € / Kg)",
Margão Pimentão Doce embalagem 50 g,Margão,,"1,39 €","(27,80 € / Kg)",
El Corte Inglés Preparado para Crepes embalagem 200 g,El Corte Inglés,,"1,99 €","(9,95 € / Kg)",
Glamour Luva Desmaquilhante embalagem 1 unidade,Glamour,,"3,99 €","(3,99 € / Unidade)",
Nature Box Condicionador Color de Romã Vegan Ecológico embalagem 385 ml,Nature Box,,"5,99 €","(15,56 € / Litro)",
Silvex Saco de Rede com Fecho para a Máquina de Lavar Roupa 1 unidade,Silvex,,"3,79 €","(3,79 € / Unidade)",
Rodnik's Absinto Boheme 60º garrafa 70 cl,Rodnik's,,"15,25 €","(21,79 € / Litro)",
Swiffer Mopas Recarga para Pêlos de Animais embalagem 36 unidades,Swiffer,,"7,99 €","(0,22 € / Unidade)",
Beringela Peso Aproximado por unidade 700 g,,,"2,79 €/kg",,
Secos da Aldeia Fava Frita com Sal embalagem 100 g,Secos da Aldeia,,"1,35 €","(13,50 € / Kg)",
El Corte Inglés Gomas Torcidos embalagem 200 g,El Corte Inglés,,"0,89 €","(4,45 € / Kg)",
Nescafé Shakissimo Cappuccino Zero sem Lactose embalagem 190 ml,Nescafé Shakissimo,,"1,59 €","(8,37 € / Litro)",
Gelpeixe Miolo de Camarão 40-60 embalagem 250 g,Gelpeixe,,"5,99 €","(23,96 € / Kg)",
Collonil Autobrilhante Preto 100 ml,Collonil,,"7,69 €","(76,90 € / Litro)",
M&M'S Chocolate com Amendoim embalagem 400 g,M&M'S,,"5,59 €","(13,98 € / Kg)",
"Bicentury Tortas de Arroz com Chocolate Preto, Laranja e Flor de Azahar embalagem 132 g",Bicentury,,"2,34 €","(17,73 € / Kg)",
Planta Natur Chá Detox embalagem 15 g,Planta Natur,,"1,69 €","(112,67 € / Kg)",
Sensodyne Fio Dental com Sabor a Menta embalagem 5000 cm,Sensodyne,,"3,49 €","(0,07 € / Metro)",
Renova Sensitive Lenços de Bolso 10 unidades,Renova Sensitive,,"1,49 €","(0,15 € / Unidade)",
Poças Vinho do Porto LBV garrafa 75 cl,Poças,,"15,45 €","(20,60 € / Litro)",
Ahmad Tea Chá Preto do Ceilão embalagem 20 unidades,Ahmad Tea,,"3,99 €","(0,20 € / Unidade)",
"Haagen-Dazs Gelado de Baunilha, Caramelo e Amêndoas Pack 3 embalagem 80 ml",Haagen-Dazs,,"4,69 €","(19,54 € / Litro)",
Intercoelho Mãozinhas de Coelho Peso Aproximado por 600 g,Intercoelho,,"8,87 €","(14,79 € / Kg)",
Pescanova 4 Filetes de Pescada Panados com Tomate e Manjericão embalagem 400 g,Pescanova,,"4,59 €","(10,72 € / Kg)","4,59 €"
Celeiro da Terra Licor de Tomate de Capucho garrafa 50 cl,Celeiro da Terra,,"14,45 €","(28,90 € / Litro)",
Copa Sumo Natural de Cenoura e Maçã embalagem 750 ml,Copa,,"2,49 €","(3,32 € / Litro)",
Sanex Gel de Banho Dermo Pro Hidrate embalagem 550 ml,Sanex,,"5,49 €","(9,98 € / Litro)",
Martini Vermute Vibrante sem Álcool garrafa 75 cl,Martini,,"11,09 €","(14,79 € / Litro)",
Villars Chocolate de Leite com Avelãs embalagem 300 g,Villars,,"8,49 €","(28,30 € / Kg)",
Quinta do Portal Vinho do Porto Branco Lágrima garrafa 75 cl,Quinta do Portal,,"9,45 €","(12,60 € / Litro)",
Milka Bubbly Chocolate de Leite Bubbly com Recheio de Caramelo MMMax embalagem 250 g,Milka Bubbly,,"3,99 €","(15,96 € / Kg)",
Becel Gold Creme de Barrar embalagem 225 g,Becel Gold,,"2,99 €","(13,29 € / Kg)",
Beirabaga Doce de Abóbora com Noz frasco 270 g,Beirabaga,,"3,49 €","(12,93 € / Kg)",
Neo Blanc Gentil Tira-Nódoas em Spray embalagem 700 ml,Neo Blanc Gentil,,"3,99 €",(399 € / Litro),
"Trinca Bolotas Vinho do Alentejo Tinto garrafa 1,5 L",Trinca Bolotas,,"16,49 €","(10,99 € / Litro)",
Capdevila Senses Foie Gras Mi Cuit de Pato 2 x 40 g unidade 80 g,Capdevila Senses,,"7,59 €","(94,88 € / Kg)",
Cazas Novas Vinho Branco Verde Colheita Avesso garrafa 75 cl,Cazas Novas,,"4,79 €","(6,39 € / Litro)",
Margão Segredos Bife embalagem 16 g,Margão,,"2,19 €","(136,88 € / Kg)",
Prato Pronto Sopa de Courgettes embalagem 400 ml,Prato Pronto,,"1,69 €","(4,22 € / Litro)",
Sensodyne Multicare Escova de Dentes Média embalagem 2 unidades,Sensodyne Multicare,,"4,19 €","(4,19 € / Unidade)",
Asbach Garrafa de Chocolate com Brandy embalagem 150 g,Asbach,,"10,95 €",(73 € / Kg),
Harpic Bloco Sanitário Frescura Ativa e Flores Tropicais Duo Pack embalagem 39 g,Harpic,,"6,59 €","(168,97 € / Kg)",
Coordonine Coco Flocado Padrão embalagem 100 g,Coordonine,,"1,55 €","(15,50 € / Kg)",
Prozis Creme de Chocolate + Whey Protein frasco 200 g,Prozis,,"4,49 €","(22,45 € / Kg)",
El Corte Inglés Selection Anchovas em Azeite embalagem 50 g,El Corte Inglés Selection,,"3,99 €","(79,80 € / Kg)",
Bom Petisco Sardinhas em Óleo Picante lata 120 g,Bom Petisco,,"1,45 €","(12,08 € / Kg)",
Piraat Cerveja da Bélgica Triple Hot garrafa 33 cl,Piraat,,"2,99 €","(9,06 € / Litro)",
Delverde Tagliatelle Integral Biológico embalagem 250 g,Delverde,,"2,49 €","(9,96 € / Kg)",
Fastio Água sem Gás Pack 6 garrafa 50 cl,Fastio,,"2,39 €","(4,78 € / Litro)",
Próvida Argila Super Fina embalagem 500 g,Próvida,,"1,99 €","(3,98 € / Kg)",
Aliada Metades de Pera em Calda Ligeira 5/9 Unidades lata 480 g,Aliada,,"3,49 €","(7,27 € / Kg)",
Brasfrut Polpa de Manga Congelada embalagem 100 g,Brasfrut,,"2,99 €","(7,48 € / Kg)",
Mother's Recipe Aloo Methi Vegan sem Glúten embalagem 300 g,Mother's Recipe,,"2,29 €","(7,63 € / Kg)",
Lacasa Trufas de Chocolate com Laranja embalagem 200 g,Lacasa,,"3,49 €","(17,45 € / Kg)",
Dr.Organic Champô Hidratante de Azeite Biológico embalagem 265 ml,Dr.Organic,,"9,44 €","(35,62 € / Litro)",
Oroweat Pão Integral de Sésamo e Linhaça embalagem 680 g,Oroweat,,"2,05 €","(3,01 € / Kg)",
English Tea Shop Chá Premium Colecção Natal Biológico embalagem 36 unidades,English Tea Shop,,"16,99 €","(0,47 € / Unidade)",
Beirabaga Doce de Marmelo frasco 270 g,Beirabaga,,"3,49 €","(12,93 € / Kg)",
Dodot Sensitive Fraldas 6 a 10 Kg Tamanho 3 embalagem 56 unidades,Dodot Sensitive,,"18,99 €","(0,34 € / Unidade)",
Delta Q Café Qonvictus Intensidade 5 embalagem 10 cápsulas,Delta Q,,"3,99 €","(0,40 € / Unidade)",
Nau do Cacau Chocolate Cru Banana embalagem 70 g,Nau do Cacau,,"4,35 €","(62,14 € / Kg)",
Vieira Amêndoas Cobertas de Chocolate Branco com Flocos de Framboesa lata 175 g,Vieira,,"4,87 €","(27,83 € / Kg)",
Oral-B Pasta de Dentes 1-2-3 Menta Fresca embalagem 75 ml,Oral-B,,"2,49 €","(33,20 € / Litro)",
"Billy's Farm Biscoitos de Aveia, Cânhamo e Amora Biológicos embalagem 200 g",Billy's Farm,,"5,19 €","(25,95 € / Kg)",
"Pleno Bebida Tisana de Chá de Cidreira e Camomila garrafa 1,5 L",Pleno,,"1,75 €","(1,17 € / Litro)",
Opihr Gin garrafa 70 cl,Opihr,,"24,99 €","(28,56 € / Litro)","24,99 €"
El Corte Inglés Muffins com Chips de Chocolate embalagem 300 g,El Corte Inglés,,"2,84 €","(9,47 € / Kg)",
Instituto Espanol Creme para o Corpo com Aloe Vera embalagem 400 ml,Instituto Espanol,,"4,49 €","(11,22 € / Litro)",
Colgate Escova de Dentes 360º Max White Média embalagem 1 unidade,Colgate,,"4,99 €","(4,99 € / Unidade)",
El Corte Inglés Ameixas Secas com Caroço embalagem 350 g,El Corte Inglés,,"4,55 €",(13 € / Kg),
Paiva Queijo Fresco de Lamego 1 kg,Paiva,,"8,99 €/kg",,
Eu Nutrition Óleo de Coco Biológico frasco 450 g,Eu Nutrition,,"9,99 €","(22,20 € / Kg)",
"Sumol Refrigerante de Laranja com Gás garrafa 1,25 L",Sumol,,"0,99 €","(0,79 € / Litro)",
Nobre Cuida-t + Salsichas de Frango lata 160 g,Nobre Cuida-t +,,"1,89 €","(11,81 € / Kg)",
Gogo Squeez Maçã 100% Fruta embalagem 90 g,Gogo Squeez,,"0,99 €",(11 € / Kg),
Eric Kayser Pão Integral unidade 300 g,Eric Kayser,,"2,50 €","(8,33 € / Kg)",
Vértice Espumante Reserva Cuvée Bruto garrafa 75 cl,Vértice,,"12,99 €","(17,32 € / Litro)",
Fairy Detergente de Lavagem à Mão para Loiça Ultra Original embalagem 21 doses,Fairy,,"7,39 €","(0,35 € / Dose)",
Margão Bicabornato de Sódio frasco 77 g,Margão,,"1,99 €","(25,84 € / Kg)",
Oatly Bebida de Aveia embalagem 1 L,Oatly,,"2,49 €",(0 € / 100ml),
Fuet unidade 125 g,,,"5,29 €","(42,32 € / Kg)",
McCain Batatas Julienne em Palitos Finos para Forno Vegan embalagem 600 g,McCain,,"2,59 €","(4,32 € / Kg)",
El Corte Inglés Café Solúvel Liofilizado Colômbia frasco 100 g,El Corte Inglés,,"4,09 €","(40,90 € / Kg)",
Brewdog Cerveja Punk Ipa garrafa 33 cl,Brewdog,,"2,85 €","(8,64 € / Litro)",
Hoegaarden Cerveja da Bélgica Blanche garrafa 33 cl,Hoegaarden,,"2,29 €","(6,94 € / Litro)",
Monsaraz Azeite Virgem Extra garrafão 3 L,Monsaraz,,"19,19 €","(6,40 € / Litro)",
Castello D'Alba Vinho Branco do Douro Viosinho garrafa 75 cl,Castello D'Alba,,"9,95 €","(13,27 € / Litro)",
Halls Mini Mints Rebuçados de Melancia Forte sem Açúcar embalagem 13 g,Halls Mini Mints,,"1,19 €","(95,20 € / Kg)",
Fresh Wave Neutralizador de Odores Pérolas Recarga embalagem 16 g,Fresh Wave,,"3,99 €","(41,56 € / Kg)",
García Baquero Queijo Ralado Semi Curado embalagem 110 g,García Baquero,,"1,89 €","(17,18 € / Kg)",
Scotch-Brite Esfregão Fibra com Esponja embalagem 2 unidades,Scotch-Brite,,"2,59 €","(1,30 € / Unidade)",
Mimosa Leite com Chocolate Light Pack 4 pack 200 ml,Mimosa,,"2,19 €","(2,31 € / Litro)","2,19 €"
Coca-Cola Refrigerante com Gás Sabor Original garrafa 1 L,Coca-Cola,,"1,39 €","(1,39 € / Litro)",
Finish Limpa Máquinas de Loiça embalagem 1 unidade,Finish,,"5,99 €","(5,99 € / Unidade)",
Joya Iogurte de Leite de Coco com Pedaços de Manga e Maracujá Vegan embalagem 200 g,Joya,,"2,19 €","(10,95 € / Kg)",
Renova Papel Higiénico Green 2 unidades,Renova,,"3,38 €","(1,69 € / Unidade)",
"Grand-Mère Paté com Pato e Vinho do Porto 1,5 kg",Grand-Mère,,"14,49 €/kg",,
Feletti Bombons Gianduiotto lata 200 g,Feletti,,"15,85 €","(79,25 € / Kg)",
Flor das Tecedeiras Vinho Tinto do Douro garrafa 75 cl,Flor das Tecedeiras,,"9,90 €","(13,20 € / Litro)",
Mevgal Iogurte Grego de Pêssego embalagem 150 g,Mevgal,,"1,39 €","(7,93 € / Kg)","1,39 €"
Dr.Organic Condicionador com Argão Biológico embalagem 265 ml,Dr.Organic,,"11,54 €","(43,55 € / Litro)",
Delizum Sumo de Maçã Biológico garrafa 1 L,Delizum,,"3,99 €","(3,99 € / Litro)",
Native Açúcar Cristal Biológico embalagem 1 kg,Native,,"6,15 €","(6,15 € / Kg)",
Nivea Men Cool Kick Desodorizante Roll-On Anti-Transpirante embalagem 50 ml,Nivea Men Cool Kick,,"3,29 €","(65,80 € / Litro)",
Hein New York Beef Pastrami Peso Aproximado por unidade 2 kg,Hein,,"41,59 €/kg",,
Margão Pimenta para Bifes com Moinho frasco 35 g,Margão,,"4,49 €","(128,29 € / Kg)",
Marinhas Manteiga sem Sal embalagem 125 g,Marinhas,,"3,49 €","(27,92 € / Kg)",
Victorio & Lucchino Colónia Masculina Nº 7 Frescura Mediterrânea embalagem 150 ml,Victorio & Lucchino,,"11,49 €","(76,60 € / Litro)",
Moreninha do Rio Doce de Amendoim Retangular embalagem 1 kg,Moreninha do Rio,,"7,95 €","(7,95 € / Kg)",
Artiach Bolachas Filipinos Brancos embalagem 128 g,Artiach,,"1,79 €","(13,98 € / Kg)",
Pantene Creme Modelador de Caracóis embalagem 145 ml,Pantene,,"5,99 €","(41,31 € / Litro)",
"Seven Up Refrigerante de Lima Limão com Gás garrafa 1,75 L",Seven Up,,"1,99 €","(1,14 € / Litro)",
Montesano Presunto da Pá Ibérico Fatiado embalagem 100 g,Montesano,,"8,75 €","(87,50 € / Kg)",
Gerber Snack de Framboesa Bio embalagem 35 g,Gerber,,"2,35 €","(67,14 € / Kg)",
Quanto Elixir Deluxe Intensificador de Perfume em Gel para a Roupa Glamour embalagem 300 ml,Quanto Elixir Deluxe,,"9,99 €","(33,30 € / Litro)",
Minhofumeiro Linguiça para Assar unidade 150 g,Minhofumeiro,,"3,89 €","(25,93 € / Kg)",
"Kona Cerveja Longoard garrafa 35,5 cl",Kona,,"3,99 €","(11,24 € / Litro)",
El Corte Inglés Ambientador Aerossol Roupa Limpa Recarga embalagem 1 unidade,El Corte Inglés,,"3,19 €","(3,19 € / Unidade)",
Filete de Pescada com Pele Peso Aproximado unidade 250 g,,,"24,99 €/kg",,
Super Bock Coruja Cerveja IPA Pack 4 garrafa 33 cl,Super Bock Coruja,,"3,59 €","(2,72 € / Litro)",
Quinta dos Açores Almôndegas de Bovino 15 Unidades embalagem 300 g,Quinta dos Açores,,"3,49 €","(11,63 € / Kg)",
Sidul Açúcar Granulado em Cubos embalagem 500 g,Sidul,,"3,29 €","(6,58 € / Kg)",
Milka Bolachas de Chocolate com Recheio de Framboesa embalagem 147 g,Milka,,"1,99 €","(13,54 € / Kg)",
Laurent-Perrier Champanhe Bruto garrafa 75 cl,Laurent-Perrier,,"56,50 €","(75,33 € / Litro)",
Helios Triângulos Doces de Pêssego 8 Porções embalagem 170 g,Helios,,"1,79 €","(10,53 € / Kg)",
Ti António Vitelão Assar Peso Aproximado por cuvete 525 g,Ti António,,"8,90 €","(16,95 € / Kg)",
Lipton Chá Verde Pure embalagem 20 unidades,Lipton,,"1,49 €","(0,07 € / Unidade)",
Próvida Farinha de Milho Biológica embalagem 500 g,Próvida,,"1,95 €","(3,90 € / Kg)",
La Rose Sardinhas Fumadas em Azeite lata 120 g,La Rose,,"2,49 €","(20,75 € / Kg)",
Nestlé Júnior Leite de Crescimento 1+ Cereais embalagem 1 L,Nestlé Júnior,,"2,49 €","(2,49 € / Litro)",
Granini Néctar de Maçã garrafa 1 L,Granini,,"2,75 €","(2,75 € / Litro)",
Beyra Vinho Branco da Beira Interior Gouveio garrafa 75 cl,Beyra,,"11,90 €","(15,87 € / Litro)",
Ismael Paté de Azeitonas Pretas frasco 100 g,Ismael,,"2,15 €","(21,50 € / Kg)",
Dove Nourishing Secrets Loção para o Corpo de Chá Verde embalagem 250 ml,Dove Nourishing Secrets,,"3,55 €","(14,20 € / Litro)",
Garofalo Massa Integral Spaghetti Biológica embalagem 500 g,Garofalo,,"2,19 €","(4,38 € / Kg)",
Cem Porcento Crocantes de Quinoa Vegan embalagem 200 g,Cem Porcento,,"2,99 €","(14,95 € / Kg)",
Buffalo Trace Whisky Bourbon garrafa 70 cl,Buffalo Trace,,"38,50 €",(55 € / Litro),
Casa de Mateus Doce de Pêssego frasco 345 g,Casa de Mateus,,"3,30 €","(9,57 € / Kg)",
Casa de Santa Vitória Azeite Virgem Extra Gourmet garrafa 500 ml,Casa de Santa Vitória,,"4,49 €","(8,98 € / Litro)",
El Mandarin Preparado em Pó para Pudim Flan Zero Açúcares sem Glúten embalagem 30 g,El Mandarin,,"1,79 €","(59,67 € / Kg)",
Monte da Ravasqueira Vinho Branco do Alentejo Reserva da Família garrafa 75 cl,Monte da Ravasqueira,,"13,99 €","(18,65 € / Litro)",
Aga Soro Fisiológico embalagem 60 ml,Aga,,"0,70 €","(11,67 € / Litro)",
Brasfrut Polpa de Goiaba Integral Congelada embalagem 100 g,Brasfrut,,"0,95 €","(9,50 € / Kg)",
Miravalles Biqueirão com Pimenta Rosa unidade 230 g,Miravalles,,"6,49 €","(28,22 € / Kg)",
Abuelo Rum Añejo garrafa 70 cl,Abuelo,,"29,99 €","(42,84 € / Litro)",
Zonin Espumante Brut Prosecco garrafa 75 cl,Zonin,,"12,99 €","(17,32 € / Litro)",
Flying Goose Sopa Tom Yum lata 400 ml,Flying Goose,,"4,05 €","(10,12 € / Litro)",
Margem Desentupidor de Canos em Pó 400 g,Margem,,"4,99 €","(12,48 € / Kg)",
Iglo Sopa de Legumes embalagem 750 g,Iglo,,"2,99 €","(3,99 € / Kg)",
Magnum Gelados After Dinner Classic Pack 10 embalagem 350 ml,Magnum,,"5,99 €","(17,11 € / Litro)",
Lay's Forno Batatas Fritas Onduladas Receita Camponesa -50% Gordura embalagem 130 g,Lay's Forno,,"2,19 €","(16,85 € / Kg)",
Codyfer Atacador Preto 110 cm 1 unidade,Codyfer,,"2,19 €","(2,19 € / Unidade)",
Quinta do Cachão Vinho Tinto do Douro Reserva garrafa 75 cl,Quinta do Cachão,,"7,99 €","(10,65 € / Litro)",
Belfine Chupa Chupa de Chocolate Pai Natal embalagem 23 g,Belfine,,"1,89 €","(82,17 € / Kg)",
Atelier do Doce Torta de Laranja embalagem 1 unidade,Atelier do Doce,,"17,95 €",,
Silvex Sacos do Lixo Antibacteriano Perfumadas 40 Litros 61x 59 cm embalagem 25 unidades,Silvex,,"4,69 €","(0,19 € / Litro)",
Setálcool Álcool Etílico 70% embalagem 250 ml,Setálcool,,"0,84 €","(3,36 € / Litro)",
Meandro Vinho do Porto Vale Meão Finest Reserve garrafa 75 cl,Meandro,,"11,29 €","(15,05 € / Litro)",
Damatta Sabor Português Linguiça embalagem 150 g,Damatta Sabor Português,,"2,99 €","(19,93 € / Kg)",
Kikkoman Molho de Soja garrafa 1 L,Kikkoman,,"9,89 €","(9,89 € / Litro)",
Fruut Coco Crocante sem Glúten embalagem 20 g,Fruut,,"0,99 €","(49,50 € / Kg)",
Nestlé Cerelac Papa Infantil Desde os 6 Meses Pack 2 embalagem 350 g,Nestlé Cerelac,,"4,55 €","(6,50 € / Kg)",
Compal Essencial Doses de Fruta Pera Pack 3 embalagem 110 ml,Compal Essencial,,"2,34 €","(7,09 € / Litro)",
Agaderm Desinfectante embalagem 500 ml,Agaderm,,"2,65 €","(5,30 € / Litro)",
Lotus Gofres com Cobertura de Chocolate 5 Unidades embalagem 287 g,Lotus,,"2,99 €","(10,42 € / Kg)",
Pur Natur Iogurte de Arandano Biológico embalagem 150 g,Pur Natur,,"1,79 €","(11,93 € / Kg)",
Casa Cadaval Vinho Tinto do Tejo Trincadeira garrafa 75 cl,Casa Cadaval,,"12,45 €","(16,60 € / Litro)",
Haagen-Dazs Gelado de Baunilha embalagem 460 ml,Haagen-Dazs,,"6,79 €","(14,76 € / Litro)",
Manná Gourmet Filetes de Cavala em Azeite Virgem Extra lata 120 g,Manná Gourmet,,"2,95 €","(24,58 € / Kg)",
Spaten Cerveja da Alemanha Oktoberfest garrafa 50 cl,Spaten,,"2,69 €","(5,38 € / Litro)",
Renova Papel Higiénico Vermelho embalagem 4 unidades,Renova,,"4,73 €","(1,18 € / Unidade)",
Veckia Gel de Barbear para Pele Sensível embalagem 75 ml,Veckia,,"0,99 €","(1,32 € / 10 ml.)",
KTC Pasta de Alho e Gengibre frasco 210 g,KTC,,"2,85 €","(13,57 € / Kg)",
San Marcos Salsa Verde frasco 230 g,San Marcos,,"2,49 €","(10,83 € / Kg)",
El Corte Inglés Beterraba às Rodelas frasco 250 g,El Corte Inglés,,"1,09 €","(4,36 € / Kg)",
Gorila Super Pastilhas Morango embalagem 1 unidade,Gorila Super,,"0,69 €","(0,69 € / Unidade)",
Sanex Dermo Invisible Desodorizante Anti-Manchas Roll-On embalagem 50 ml,Sanex Dermo Invisible,,"3,49 €","(69,80 € / Litro)",
Chalotas embalagem 250 g,,,"1,69 €","(6,76 € / Kg)",
Fairy Detergente de Lavagem à Mão para Loiça de Jasmim Rosa embalagem 340 ml,Fairy,,"1,79 €","(5,26 € / Litro)",
Nestlé Bolero Cereais e Fibra frasco 200 g,Nestlé Bolero,,"2,99 €","(14,95 € / Kg)",
Alpro Yofu de Manga embalagem 400 g,Alpro,,"2,99 €","(5,98 € / Kg)","2,99 €"
El Corte Inglés Cebolinhas em Vinagre 18/21 frasco 190 g,El Corte Inglés,,"1,35 €","(7,11 € / Kg)",
Oliveira da Serra Azeite Leve garrafa 750 ml,Oliveira da Serra,,"3,99 €","(5,32 € / Litro)",
Península de Lisboa Vinho Rosé de Lisboa garrafa 75 cl,Península de Lisboa,,"6,45 €","(8,60 € / Litro)",
Cristinalda Licor Especial do Algarve garrafa 70 cl,Cristinalda,,"12,75 €","(18,21 € / Litro)",
Angelina Alheira Peso Aproximado por unidade 200 g,Angelina,,"1,33 €","(6,65 € / Kg)",
Regina Chocolate de Leite Preto com Amêndoas Turista embalagem 100 g,Regina,,"3,25 €","(32,50 € / Kg)",
Touriga Nacional da Malhadinha Vinho Tinto da Peceguina garrafa 150 cl,Touriga Nacional da Malhadinha,,70 €,"(46,67 € / Litro)",
Jubileu Bombons Recheados Empire Cone lata 175 g,Jubileu,,"9,29 €","(53,09 € / Kg)",
Bonne Maman Galettes Bolachas de Manteiga embalagem 170 g,Bonne Maman Galettes,,"2,99 €","(17,59 € / Kg)",
Colgate Elixir Gengivas Revitalizante Fortificante embalagem 500 ml,Colgate,,"6,99 €","(13,98 € / Litro)",
Rexona Active Protection+ Desodorizante Invisible Spray embalagem 150 ml,Rexona Active Protection+,,"4,49 €","(29,93 € / Litro)",
Johnson's Baby Gel de Banho Suave embalagem 750 ml,Johnson's Baby,,"5,59 €","(7,45 € / Litro)",
Castello D'Alba Vinho Tinto do Douro Reserva Magnum garrafa 3 L,Castello D'Alba,,"44,90 €","(14,97 € / Litro)",
Emanuel Casado Rebuçados de Mel embalagem 150 g,Emanuel Casado,,"4,35 €",(29 € / Kg),
Ickx Figuras de Chocolate de Natal embalagem 95 g,Ickx,,"6,49 €","(68,32 € / Kg)",
Próvida Sementes Biológicas de Sésamo Preto embalagem 200 g,Próvida,,"2,49 €","(12,45 € / Kg)",
Gillette Fusion Power Máquinas Recargas embalagem 8 unidades,Gillette Fusion Power,,"35,99 €","(4,50 € / Unidade)",
Quinta do Paral Vinho Tinto do Alentejo garrafa 75 cl,Quinta do Paral,,"8,90 €","(11,87 € / Litro)",
Grainha Vinho Tinto do Douro Reserva Pack 2 pack 2 75 cl,Grainha,,"25,90 €","(6,17 € / Litro)",
El Corte Inglés Iogurte L.Casei de Morango Pack 12 embalagem 100 g,El Corte Inglés,,"3,65 €","(3,04 € / Kg)",
Água Mineral 33 cl,,,"0,39 €","(1,18 € / Litro)",
St. Dalfour Doce de Mirtilos Silvestres frasco 284 g,St. Dalfour,,"3,49 €","(12,29 € / Kg)",
Santiveri Tortas de Arroz Biológicas embalagem 100 g,Santiveri,,"1,99 €","(19,90 € / Kg)",
Knorr Tempero Tempero de Alho e Coentros 8 Cubos embalagem 72 g,Knorr Tempero,,"2,30 €","(31,94 € / Kg)",
"English Tea Shop Infusão Super Goodness Curcuma, Gengibre e Limão Biológica embalagem 35 g",English Tea Shop,,"3,99 €",(114 € / Kg),
"Portal do Fidalgo Vinho Verde Alvarinho Branco garrafa 1,5 L",Portal do Fidalgo,,"17,95 €","(11,97 € / Litro)",
Bollycao Bolos Recheados com Chocolate de Leite 4 Unidades embalagem 228 g,Bollycao,,"3,29 €","(14,43 € / Kg)",
"Bolo São Marcos 1,6 kg",,,"26,90 €","(16,81 € / Kg)",
El Corte Inglés Esfregona de Algodão Resistente e Absorvente Recarga embalagem 1 unidade,El Corte Inglés,,"1,45 €","(1,45 € / Unidade)",
"Nivea Soft Creme Hidratante Intensivo Rosto, Corpo e Mãos embalagem 75 ml",Nivea Soft,,"2,99 €","(39,87 € / Litro)",
Pantene Hair Biology Champô Controlo Frizz e Luminosidade embalagem 250 ml,Pantene Hair Biology,,"4,99 €","(19,96 € / Litro)",
Gillette Blue II Plus Máquinas Descartáveis Pack 15 + 5 Grátis embalagem 20 unidades,Gillette Blue II Plus,,"6,74 €","(0,34 € / Unidade)",
Bom Petisco Bacalhau em Azeite Virgem Extra e Alho lata 120 g,Bom Petisco,,"4,15 €","(34,58 € / Kg)",
"Oboé Vinho Tinto do Douro Vinha da Parcela garrafa 1,5 L",Oboé,,"44,89 €","(29,93 € / Litro)",
Glamour Polidor de Unhas + 1 Palito embalagem,Glamour,,"2,49 €","(2,49 € / Unidade)",
Prozis Chocolate Preto Proteína embalagem 30 g,Prozis,,"1,29 €",(43 € / Kg),
El Corte Inglés Torrão de Nata e Noz sem Glúten embalagem 250 g,El Corte Inglés,,"3,35 €","(13,40 € / Kg)",
Trident 60 Minutes of Freshness Pastilhas Peppermint sem Açúcar embalagem 20 g,Trident 60 Minutes of Freshness,,"1,10 €",(55 € / Kg),
Rougie Foie Gras Pato Rougie embalagem 60 g,Rougie,,"14,89 €","(248,17 € / Kg)",
Dermexcllence Compressas de Não Tecido embalagem 100 unidades,Dermexcllence,,"2,19 €","(0,02 € / Unidade)",
Dettol Desinfectante Spray embalagem 50 ml,Dettol,,"1,99 €","(39,80 € / Litro)",
Nivea Men Cool Kick Desodorizante Spray Anti-Transpirante embalagem 150 ml,Nivea Men Cool Kick,,"4,49 €","(29,93 € / Litro)",
Esencias de Saphir Eau de Toilette Cedro e Bergamota embalagem 180 ml,Esencias de Saphir,,"10,95 €","(60,83 € / Litro)",
Alpro Yofu de Soja e Manga sem Açúcar embalagem 400 g,Alpro,,"2,99 €","(7,48 € / Kg)",
Margão Cravinho em Grão embalagem 35 g,Margão,,"2,49 €","(71,14 € / Kg)",
Santiveri Bolachas Digestivas de Chocolate com Quinoa sem Açúcar embalagem 175 g,Santiveri,,"2,45 €",(14 € / Kg),
Porminho Cubos de Presunto Pack 2 unidade 150 g,Porminho,,"3,89 €","(25,93 € / Kg)",
Quinta das Cerejeiras Vinho Branco de Óbidos Grande Reserva garrafa 75 cl,Quinta das Cerejeiras,,"22,95 €","(30,60 € / Litro)",
Mateus Vinho Rosé garrafa 75 cl,Mateus,,"4,29 €","(5,72 € / Litro)",
El Corte Inglés Selection Limonada garrafa 750 ml,El Corte Inglés Selection,,"2,29 €","(3,05 € / Litro)",
Nestlé Creme de Leite lata 170 g,Nestlé,,"1,89 €","(11,12 € / Kg)",
Palmolive Naturals Gel de Banho Leite e Mel embalagem 500 ml,Palmolive Naturals,,"4,49 €","(8,98 € / Litro)",
Zonin Espumante Special Cuvée Prosecco garrafa 75 cl,Zonin,,"13,65 €","(18,20 € / Litro)",
Cigala Arroz Brajma Pack 2 embalagem 125 g,Cigala,,"1,74 €","(13,92 € / Kg)",
Sagres Cerveja Radler sem Álcool 0.0% garrafa 33 cl,Sagres,,"1,25 €","(3,79 € / Litro)",
El Corte Inglés Pedaços de Potas em Óleo de Girassol lata 67 g,El Corte Inglés,,"1,69 €","(15,23 € / Kg)",
Capitão Iglo Nuggets Grelhadinhos de Frango 8 Unidades embalagem 204 g,Capitão Iglo,,"5,99 €","(29,36 € / Kg)",
El Corte Inglés Queijo Fresco Tipo Burgos 0% Gordura Pack 4 embalagem 250 g,El Corte Inglés,,"1,89 €","(7,56 € / Kg)",
Caves Velhas Vinho Branco da Estremadura Bucelas garrafa 75 cl,Caves Velhas,,"3,99 €","(5,32 € / Litro)",
Damatta Linguiça embalagem 180 g,Damatta,,"5,14 €","(28,56 € / Kg)",
El Corte Inglés Papel Higiénico 2 Capas embalagem 32 unidades,El Corte Inglés,,"7,20 €","(0,22 € / Unidade)",
Ritter Sport Chocolate de Leite Extra Fino embalagem 100 g,Ritter Sport,,"2,29 €","(22,90 € / Kg)",
El Corte Inglés Anticalcário para a Máquina da Loiça embalagem 250 ml,El Corte Inglés,,"1,45 €","(5,80 € / Litro)",
Yoggi Iogurte Líquido de Morango e Banana sem Lactose Pack 4 embalagem 160 g,Yoggi,,"3,29 €","(5,14 € / Kg)",
Ultra Suave Champô Sólido para Criança com Alperce embalagem 60 g,Ultra Suave,,"5,99 €","(99,83 € / Kg)",
Men Expert Gel de Banho Defense Magnesiu para Homem embalagem 400 ml,Men Expert,,"4,99 €","(12,48 € / Litro)",
Serpis Azeitonas com Pimento lata 300 g,Serpis,,"3,35 €","(11,17 € / Kg)",
Monster Bebida Energética Ultra White Energy Zero Açúcar lata 50 cl,Monster,,"1,60 €","(3,20 € / Litro)",
Offley Clink Vinho do Porto Rosé Add Tonic garrafa 75 cl,Offley Clink,,"12,99 €","(17,32 € / Litro)",
El Corte Inglés Chocolate Preto Extra Fino sem Glúten embalagem 100 g,El Corte Inglés,,"0,59 €","(5,90 € / Kg)",
"Marigold Cerveja MariGold da Alemanha com 5,8% vol garrafa 33 cl",Marigold,,"2,35 €","(7,12 € / Litro)",
Lombinhos de Javali sem Glúten Peso Aproximado por embalagem 400 g,,,"10,80 €","(26,99 € / Kg)",
Natursoy Hambúrguer de Espinafres 2 Unidades embalagem 75 g,Natursoy,,"3,69 €","(24,60 € / Kg)",
Coca-Cola Refrigerante com Gás Zero Açúcar garrafa 1 L,Coca-Cola,,"1,39 €","(1,39 € / Litro)",
Saint Albray Queijo Peso Aproximado por unidade 2 kg,Saint Albray,,"29,99 €/kg",,
Delta Q Café Timor embalagem 10 cápsulas,Delta Q,,"4,39 €","(0,44 € / Unidade)",
Diospiro de Roer ao peso 430 g,,,"2,99 €/kg",,
Cem Porcento Tisana Dente de Leão embalagem 50 g,Cem Porcento,,"1,35 €",(27 € / Kg),
Pringles Aperitivos de Batatas Tzatziki embalagem 185 g,Pringles,,"2,65 €","(14,32 € / Kg)",
Casa Vella D'Espiells Vinho Tinto de Espanha Penedès Biológico garrafa 75 cl,Casa Vella D'Espiells,,"14,45 €","(19,27 € / Litro)",
Special Line Chá para Tránsito Intestinal embalagem 25 g,Special Line,,"2,37 €","(94,80 € / Kg)",
Vasco da Gama Petinga em Óleo Picante lata 90 g,Vasco da Gama,,"1,15 €","(12,78 € / Kg)",
Finish Limpa Máquina de Loiça de Limão embalagem 250 ml,Finish,,"5,99 €","(23,96 € / Litro)",
El Corte Inglés Pimenta Caiena em Rama embalagem 30 g,El Corte Inglés,,"2,99 €","(99,67 € / Kg)",
Gelpeixe Lulas Recheadas com Carne embalagem 500 g,Gelpeixe,,"8,59 €","(17,18 € / Kg)",
Gullón Tortitas de Milho Vitalday com Chocolate Preto embalagem 100 g,Gullón,,"2,19 €","(21,90 € / Kg)",
Eu Nutrition Cereais Crocantes com Cacau Organic Breakfast Biológicos embalagem 400 g,Eu Nutrition,,"3,99 €","(9,98 € / Kg)",
El Corte Inglés Selection Picos Camperos embalagem 250 g,El Corte Inglés Selection,,"1,45 €","(5,80 € / Kg)",
Mimosa Biogurte Iogurte Natural Pack 4 Biológico embalagem 115 g,Mimosa Biogurte,,"2,09 €","(4,54 € / Kg)",
Delicass Mousse de Foie de Pato unidade 90 g,Delicass,,"2,09 €","(23,22 € / Kg)",
Nestlé Yaos Creations Iogurte Grego Natural embalagem 1 kg,Nestlé Yaos Creations,,"5,57 €","(3,99 € / Kg)","5,57 €"
Cano Cabides de Metal com Molas 3 unidades,Cano,,"10,19 €","(3,40 € / Unidade)",
Cuétara Fresnata Bolachas Wafer Recheadas com Baunilha embalagem 150 g,Cuétara Fresnata,,"1,89 €","(12,60 € / Kg)",
Ambi Pur 3 Volution Ambientador Eléctrico Japan Tatami embalagem 1 unidade,Ambi Pur 3 Volution,,"9,99 €","(9,99 € / Unidade)",
Echo Falls Vinho Branco dos E.U.A. Chardonnay garrafa 75 cl,Echo Falls,,"7,99 €","(10,65 € / Litro)",
Estrella Galicia 1906 Cerveja de Espanha garrafa 25 cl,Estrella Galicia 1906,,"0,75 €",(3 € / Litro),
Vitasnack Tomate Crocante com Manjericão Biológico embalagem 15 g,Vitasnack,,"2,39 €","(159,33 € / Kg)",
El Corte Inglés Mistura de Legumes embalagem 1 kg,El Corte Inglés,,"1,99 €","(1,99 € / Kg)",
Special Line Cápsulas de Origem Vegetal Óleo de Onagra embalagem 275 unidade,Special Line,,"15,85 €","(0,06 € / Unidade)",
Dez Prá Uma Caril de Legumes para 2 pessoas embalagem 500 g,Dez Prá Uma,,"11,50 €",(23 € / Kg),
Dr.Organic Gel de Banho de Azeite Biológico embalagem 250 ml,Dr.Organic,,"7,34 €","(29,36 € / Litro)",
Rayen Limpa Bases de Ferros 1 unidade,Rayen,,"7,99 €","(7,99 € / Unidade)",
Chupa Chups Chupa Chupa XXL embalagem 29 g,Chupa Chups,,"0,55 €","(18,97 € / Kg)",
Gullón Zero Bolachas de Cacau Twins Recheadas com Creme sem Açúcares Adicionados Pack 5 embalagem 210 g,Gullón Zero,,"2,95 €","(14,05 € / Kg)",
Swiffer Panos Recarga 60 unidades,Swiffer,,"12,99 €","(0,22 € / Unidade)",
Cem Porcento Chá Vermelho Solúvel Peso Ideal embalagem 60 g,Cem Porcento,,"1,89 €","(31,50 € / Kg)",
Valsoia Creme de Barrar Soja Cacau sem Açucar embalagem 200 g,Valsoia,,"3,99 €","(16,95 € / Kg)","3,99 €"
Green Vie Fatias com Sabor Mozzarella Vegan sem Lactose e sem Glúten embalagem 180 g,Green Vie,,"3,55 €","(19,72 € / Kg)",
Folhado de Atum unidade 105 g,,,"1,09 €","(1,09 € / Unidade)",
Pastoret Iogurte Estilo Grego Stracciatella embalagem 500 g,Pastoret,,"4,79 €","(9,58 € / Kg)",
Margão Alho com Pimenta frasco 50 g,Margão,,"2,89 €","(57,80 € / Kg)",
Agros Leite Gordo embalagem 1 L,Agros,,"1,19 €","(1,19 € / Litro)",
Silvex Sacos do Lixo Reciclados 30 L 20 unidades,Silvex,,"1,75 €","(0,09 € / Unidade)",
Axe Dark Temptation Desodorizante Spray embalagem 150 ml,Axe Dark Temptation,,"3,59 €","(23,93 € / Litro)",
Fairy Ultra Poder Detergente de Lavagem à Mão para Loiça Concentrado embalagem 325 ml,Fairy Ultra Poder,,"1,79 €","(5,51 € / Litro)",
Copa Sumo Natural Limonada embalagem 250 ml,Copa,,"1,59 €","(6,36 € / Litro)",
Renova Kids Guardanapos embalagem 20 unidades,Renova Kids,,"2,19 €","(0,11 € / Unidade)",
Real Companhia Velha Porto Real Conjunto Miniaturas Pack 5 unidades 5 cl,Real Companhia Velha,,"14,50 €",(58 € / Litro),
Primeira Folha Mostarda Red Giant Germinada embalagem 30 g,Primeira Folha,,"2,99 €","(99,67 € / Kg)",
Ben & Jerry's Gelado Caramelo Chew Chew embalagem 465 ml,Ben & Jerry's,,"6,79 €","(14,60 € / Litro)",
"El Corte Inglés Azeite de Oliva 0,4º garrafa 1 L",El Corte Inglés,,"3,99 €","(3,99 € / Litro)",
Carolans Licor Irish Cream garrafa 70 cl,Carolans,,"14,79 €","(21,13 € / Litro)",
Lindahls Iogurte Líquido Pro+ Tropical embalagem 330 g,Lindahls,,"2,57 €","(5,73 € / Kg)","2,57 €"
Tuc Crackers Integrais embalagem 267 g,Tuc,,"2,29 €","(8,58 € / Kg)",
"Riberalves Lombos de Bacalhau embalagem 1,8 kg",Riberalves,,"59,99 €","(33,33 € / Kg)",
Fabrique Green Escova Oval de Madeira embalagem 1 unidade,Fabrique Green,,"8,99 €","(8,99 € / Unidade)",
Quinta da Lapa Vinho Tinto do Tejo Reserva garrafa 75 cl,Quinta da Lapa,,"12,50 €","(16,67 € / Litro)",
Sandeman Vinho do Porto Old Tawny 10 Anos + 20 Anos embalagem 75 cl,Sandeman,,"66,98 €","(44,65 € / Litro)",
Veckia Pasta Dentífrica  +7 Anos tubo 75 ml,Veckia,,"0,89 €","(11,87 € / Litro)",
Codyfer Palmilhas Tamanho 37-38 1 par,Codyfer,,"11,75 €","(11,75 € / Unidade)",
Herdade do Rocim Vinho Tinto do Alentejo Touriga Nacional garrafa 75 cl,Herdade do Rocim,,"11,79 €","(15,72 € / Litro)",
Vileda Pano Multiusos Suave 30% Microfibras Leve 3 Pague 2 embalagem 3 unidades,Vileda,,"1,99 €","(0,66 € / Unidade)",
Colgate Max White Expert Pasta de Dentes embalagem 75 ml,Colgate Max White Expert,,"5,49 €","(73,20 € / Litro)",
Fita Azul Conjunto 2 Espumantes Reserva Doce + 1 Flute garrafa 75 cl,Fita Azul,,"11,98 €","(7,99 € / Litro)",
El Charcutero Costeletas de Sajonia 1,El Charcutero,,"17,49 €/kg",,
Andros Gourmand & Végétal Mousse de Chocolate Pack 2 embalagem 55 g,Andros Gourmand & Végétal,,"1,89 €","(17,18 € / Kg)",
Fides Paté de Bacalhau sem Glúten Pack 4 embalagem 22 g,Fides,,"2,25 €","(25,57 € / Kg)",
Candycat Bombons Recheados Sortidos caixa 208 g,Candycat,,"4,35 €","(20,91 € / Kg)",
Haagen-Dazs Gelado Duo de Chocolate Preto e Morango Crocante embalagem 420 ml,Haagen-Dazs,,"6,79 €","(16,17 € / Litro)",
Ponti Tomate Seco frasco 280 g,Ponti,,"3,99 €","(14,25 € / Kg)",
Atelier do Doce Mini Cheesecake de Caramelo Salgado,Atelier do Doce,,"2,10 €","(2,10 € / Unidade)",
Emma Giordani Cappelleti com Carne embalagem 250 g,Emma Giordani,,"3,29 €","(13,16 € / Kg)",
Nestlé Chocolate Branco Milkybar embalagem 100 g,Nestlé,,"1,69 €","(16,90 € / Kg)",
Dom Iguarias Morcela da Sertã unidade 200 g,Dom Iguarias,,"3,19 €","(15,95 € / Kg)",
Vidal Gomas Frutas Sortidas com Açúcar embalagem 400 g,Vidal,,"3,99 €","(9,98 € / Kg)",
Vitalis+ Água com Sabor a Frutos Vermelhos + Vitamina B1 garrafa 1 L,Vitalis+,,"1,55 €","(1,55 € / Litro)",
Harpic Desinfectante Abrasivo Wc Anti-Calcário 750 ml,Harpic,,"1,94 €","(2,59 € / Litro)",
Aga Vaselina Labial de Morango embalagem 16 g,Aga,,"2,29 €","(143,12 € / Kg)",
Plakstettener Cerveja Plankstetten Spezial Biológica garrafa 33 cl,Plakstettener,,"3,09 €","(9,36 € / Litro)",
Bote Vinho Tinto de Lisboa Reserva garrafa 75 cl,Bote,,"9,99 €","(13,32 € / Litro)",
Vinha Grande Conjunto 2 Vinhos Tinto do Douro Casa Ferreirinha garrafa 75 cl,Vinha Grande,,"19,98 €","(13,32 € / Litro)",
Marinhas Queijo de Vaca com 16% Materia Gorda,Marinhas,,"16,39 €/kg",,
Nairn's Bolachas de Aveia com Pepitas de Bagas Diversas embalagem 200 g,Nairn's,,"2,19 €","(10,95 € / Kg)",
Kellogg's Cereais Zimmy Estrelas de Canela embalagem 330 g,Kellogg's,,"2,55 €","(7,73 € / Kg)",
Museu do Pão Tostas Multicereais sem Glúten embalagem 140 g,Museu do Pão,,"3,85 €","(27,50 € / Kg)",
Iswari Aveia Divina Instantânea com Amendoim e Banana Biológica embalagem 360 g,Iswari,,"5,99 €","(16,64 € / Kg)",
Damar Queijo Curado Amarelo da Beira Baixa DOP,Damar,,"19,79 €/kg",,
Lien Ying Molho Tonkatsu frasco 200 ml,Lien Ying,,"4,25 €","(21,25 € / Litro)",
El Corte Inglés Favas Extra Finas Fritas em Azeite Virgem lata 410 g,El Corte Inglés,,"4,95 €","(12,07 € / Kg)",
El Corte Inglés Selection Sardinhas em Azeite 3-5 Unidades lata 87 g,El Corte Inglés Selection,,"1,15 €","(13,22 € / Kg)",
El Corte Inglés Tostas de Trigo Integral embalagem 300 g,El Corte Inglés,,"0,72 €","(2,40 € / Kg)",
Mimosa Iogurtes Líquidos Eleva Kiwi e Morango sem Adição Açúcar sem Lactose sem Glúten Pack 4 embalagem 156 g Probióticos,Mimosa,,"2,99 €","(4,95 € / Kg)",
"Goraz Peso Aproximado por unidade 1,5 kg",,,"49,90 €/kg",,
Ermitage Queijo Emmental,Ermitage,,"17,78 €/kg",,
"Hansaplast Penso em Spray embalagem 32,5 ml",Hansaplast,,"7,39 €","(227,38 € / Litro)",
El Corte Inglés Salada Light de Massa com Peru embalagem 200 g,El Corte Inglés,,"2,19 €","(10,95 € / Kg)",
El Corte Inglés Salada Russa embalagem 240 g,El Corte Inglés,,"2,30 €","(9,58 € / Kg)",
Not Guilty Chocolate Preto com Manteiga de Amendoim 50% embalagem 90 g,Not Guilty,,"2,29 €","(25,44 € / Kg)",
J & B Whisky Reserva 15 Anos garrafa 70 cl,J & B,,"28,49 €","(32,56 € / Litro)","28,49 €"
Duracell Plus Pilhas AA8 LR03 / MN2400 +100% Extra Life embalagem 8 unidades,Duracell Plus,,"9,49 €","(1,19 € / Unidade)",
Miravega Morcela Asturiana sem Glúten 100 g,Miravega,,"1,99 €","(19,90 € / Kg)",
Codyfer Palmilhas Tamanho 36-46 1 par,Codyfer,,"6,45 €","(6,45 € / Unidade)",
Quinta de Cabriz Vinho do Dão Rosé garrafa 75 cl,Quinta de Cabriz,,"4,99 €","(6,65 € / Litro)",
"Vanish Oxi Advance Gel Pink embalagem 2,25 L",Vanish,,"21,99 €","(4,88 € / Litro)","21,99 €"
Parmalat Molho Béchamel sem Glúten embalagem 500 ml,Parmalat,,"2,65 €","(5,30 € / Litro)",
Pata Negra Vinho Tinto de Espanha Rioja Reserva garrafa 75 cl,Pata Negra,,"7,45 €","(9,93 € / Litro)",
Corisca Pimenta Moída frasco 200 g,Corisca,,"1,59 €","(7,95 € / Kg)",
Unii Óleo Essencial de Hortelã frasco 10 ml,Unii,,"9,90 €",(990 € / Litro),
Dovo Tortilha com Choruiço embalagem 500 g,Dovo,,"4,59 €","(9,18 € / Kg)",
Garnier Color Sensation Coloração Permanente Intensa Nº 5.0 Castanho Luminoso embalagem 1 unidade,Garnier Color Sensation,,"8,85 €","(8,85 € / Unidade)",
El Corte Inglés Presunto Curado Grande Reserva em Fatias embalagem 350 g,El Corte Inglés,,"8,30 €","(23,71 € / Kg)",
Carmencita Preparado para Paellero Marinera embalagem 12 g,Carmencita,,"3,09 €","(257,50 € / Kg)",
Enjoy Trill Gelado Vegan Baixo Teor de Açúcar Berry Blast Pack 3 unidades embalagem 100 ml,Enjoy Trill,,"4,99 €","(16,63 € / Litro)",
Ceifeira Arroz Basmati Extra Longo 1 kg,Ceifeira,,"2,29 €","(2,29 € / Kg)",
Veckia Sabonete Líquido para as Mãos Hidratante Pele Seca embalagem 500 ml,Veckia,,"1,35 €","(0,27 € / 10 ml.)",
Santiago Queijo Fresco Pasteurizado Magro Pequeno 100% Natural embalagem 80 g,Santiago,,"0,55 €","(6,88 € / Kg)",
Blue Moon Cerveja Artesanal Mango Wheat garrafa 33 cl,Blue Moon,,"1,99 €","(6,03 € / Litro)",
Cadbury Fingers Bolachas com Chocolate de Leite embalagem 114 g,Cadbury Fingers,,"2,19 €","(19,21 € / Kg)",
Arnaud Paté de Lebre frasco 180 g,Arnaud,,"2,59 €","(14,39 € / Kg)",
"Pescada Nacional Peso Aproximado por unidade 1,5 kg",,,"12,99 €/kg",,
Popz Pipocas com Sal para Microondas embalagem 90 g,Popz,,"1,10 €","(12,22 € / Kg)",
Mardel Chocolate Alfajores com Doce de Leite embalagem 150 g,Mardel,,"2,09 €","(13,93 € / Kg)",
Nestlé Pensal Farinha com Cacau embalagem 250 g,Nestlé Pensal,,"2,59 €","(10,36 € / Kg)",
Quaker Cereais Cruesli de Aveia com Frutas embalagem 375 g,Quaker,,"3,15 €","(8,40 € / Kg)",
El Corte Inglés Doce de Pêssego frasco 410 g,El Corte Inglés,,"2,99 €","(7,29 € / Kg)",
Desidrata Maçã Vermelha Desidratada sem Glúten Biológica embalagem 60 g,Desidrata,,"2,19 €","(36,50 € / Kg)",
Silvex Pano em Rede para Passar a Ferro 1 unidade,Silvex,,"2,45 €","(2,45 € / Unidade)",
Aliada Café Moído Torrado Natural embalagem 250 g,Aliada,,"1,49 €","(5,96 € / Kg)",
Nivea Kit Men Deep pack 1 unidade,Nivea,,"20,79 €","(13,49 € / Unidade)","20,79 €"
Nicola Café Bocage Intensidade 7 para Nespresso embalagem 12 cápsulas,Nicola,,"3,15 €","(0,26 € / Unidade)",
Gelpeixe Chef Crepes Chineses embalagem 310 g,Gelpeixe Chef,,"3,49 €","(11,26 € / Kg)",
Huggies Drynites Cuecas Médias Menino embalagem 16 unidades,Huggies Drynites,,"9,09 €","(0,57 € / Unidade)",
Próvida Sêmola de Milho Biológica embalagem 500 g,Próvida,,"2,49 €","(4,98 € / Kg)",
Santa Catarina Filetes de Atum em Azeite lata 120 g,Santa Catarina,,"3,09 €","(25,75 € / Kg)",
Flor de Trois Vinho Tinto da Bairrada garrafa 75 cl,Flor de Trois,,"5,99 €","(7,99 € / Litro)",
Capela Vinho Branco do Alentejo garrafa 75 cl,Capela,,"6,99 €","(9,32 € / Litro)",
Jodhpur Gin garrafa 70 cl,Jodhpur,,"24,90 €","(35,57 € / Litro)",
El Chico Lacon Curado unidade 300 g,El Chico,,"6,19 €","(20,63 € / Kg)",
Codyfer Atacador Preto 70 cm 1 unidade,Codyfer,,"2,39 €","(2,39 € / Unidade)",
El Corte Inglés Lasanha Bolonhesa 2 Porções embalagem 600 g,El Corte Inglés,,"3,29 €","(5,48 € / Kg)",
"Quinta da Marinha Pato Inteiro com Miúdos Peso Aproximado por cuvete 2,1 kg",Quinta da Marinha,,"11,32 €","(5,39 € / Kg)",
Yopro Iogurte Sólido Proteína sabor de Mirtilo embalagem 160 g,Yopro,,"1,39 €","(8,69 € / Kg)",
Simple Açúcar de Coco Dourado Biológico embalagem 330 g,Simple,,"5,19 €","(15,73 € / Kg)",
El Corte Inglés Selection Iogurte com Morangos embalagem 500 g,El Corte Inglés Selection,,"2,49 €","(4,98 € / Kg)",
Humydry Cabide Anti Humidade Lavanda e Pinho embalagem 500 g,Humydry,,"12,99 €","(25,98 € / Kg)",
El Corte Inglés Selection Feijão Verde Plano Cortado em Pedaços Médios frasco 350 g,El Corte Inglés Selection,,"1,99 €","(5,69 € / Kg)",
Knorr Caldo para Massas 8 Cubos embalagem 80 g,Knorr,,"2,15 €","(26,88 € / Kg)",
Ferbar Tapioca Hidratada embalagem 400 g,Ferbar,,"4,25 €","(10,62 € / Kg)",
Mimosa Aroma Iogurte Líquido de Morango Leve 6 Pague 4 embalagem 151 ml,Mimosa Aroma,,"2,09 €","(3,46 € / Litro)",
Adega Mayor Azeite Virgem Extra garrafão 3 L,Adega Mayor,,"22,95 €","(7,65 € / Litro)",
Cimarrom Tâmaras sem Caroço embalagem 150 g,Cimarrom,,"2,05 €","(13,67 € / Kg)",
Tenorio Filete de Atum em Escabeche lata 120 g,Tenorio,,"2,89 €","(24,08 € / Kg)",
Quinta do Portal Vinho Rosé do Douro 2020 garrafa 75 cl,Quinta do Portal,,"7,99 €","(10,65 € / Litro)",
Smileat Bolachas de Espelta e Maçã Biológicas embalagem 220 g,Smileat,,"3,99 €","(18,14 € / Kg)",
Pernas de Frango com Costa Peso Aproximado,,,"2,95 €/kg",,
Frial Presunto Ibérico Assado Peso Aproximado por peça 9 kg,Frial,,"39,95 €/kg",,
Chouffe Cerveja da Bélgica Cherry garrafa 33 cl,Chouffe,,"5,39 €","(16,33 € / Litro)",
Colgate Total Fio Dental embalagem 50 m,Colgate Total,,"3,99 €",,
BIP Bombons Coração Mix lata 100 g,BIP,,"7,49 €","(74,90 € / Kg)",
Quinta dos Abibes Espumante Rosé Bruto garrafa 75 cl,Quinta dos Abibes,,"13,25 €","(17,67 € / Litro)",
Fini Gomas Tubarões embalagem 90 g,Fini,,"0,89 €","(9,89 € / Kg)",
Nestlé Maggi Creme de Marisco 4 Pratos embalagem 75 g,Nestlé Maggi,,"1,49 €","(14,53 € / Kg)","1,49 €"
Izidoro Fiambre em Cubos 2X70 unidade 00130 g,Izidoro,,"2,89 €","(22,23 € / Kg)",
Patak's Molho Indiano Korma sem Glúten frasco 450 g,Patak's,,"3,89 €","(8,64 € / Kg)",
Aliada Azeite 1º garrafa 1 L,Aliada,,"3,79 €","(3,79 € / Litro)",
Campainha Queijo Mozzarella Ralado embalagem 150 g,Campainha,,"1,99 €","(13,27 € / Kg)",
Quinta do Carmo Vinho Branco do Alentejo garrafa 75 cl,Quinta do Carmo,,"7,99 €","(10,65 € / Litro)",
Luso Fruta Água com Sumo de Limão garrafa 50 cl,Luso Fruta,,"0,75 €","(1,50 € / Litro)",
Bola Rústica Malte unidade 80 g,,,"0,38 €","(4,75 € / Kg)",
Reserva do Comendador Vinho Branco do Alentejo garrafa 75 cl,Reserva do Comendador,,"17,99 €","(23,99 € / Litro)",
Vale da Calada Vinho Branco do Alentejo garrafa 75 cl,Vale da Calada,,"5,19 €","(6,92 € / Litro)",
Magabel Tisana Erva Príncipe embalagem 10 unidades,Magabel,,"1,10 €","(0,11 € / Unidade)",
Murganheira Espumante Super Reserva Meio Seco garrafa 75 cl,Murganheira,,"14,29 €","(19,05 € / Litro)",
El Corte Inglés Iogurte Natural Açucarado Pack 8 embalagem 125 g,El Corte Inglés,,"1,64 €","(1,64 € / Kg)",
El Corte Inglés Queijo Rolo de Cabra embalagem 180 g,El Corte Inglés,,"2,95 €","(16,39 € / Kg)",
Arte Iñaki Mexilhão das Rias Galegas em Vinagre,Arte Iñaki,,"30,99 €/kg",,
"Pato Active Clean Peach embalagem 38,6 g",Pato,,"3,69 €","(47,67 € / Kg)","3,69 €"
Quintinha D'Aldeia Chouriço de Carne Picante embalagem 200 g,Quintinha D'Aldeia,,"3,55 €","(17,75 € / Kg)",
Vaseline Derma Care Desodorizante Creme embalagem 50 ml,Vaseline Derma Care,,"4,99 €","(99,80 € / Litro)",
Codyfer Palmilhas Metarsial Tamanho Único 1 par,Codyfer,,"5,35 €","(5,35 € / Unidade)",
Hikari Pasta de Miso Vermellho embalagem 400 g,Hikari,,"4,20 €","(10,50 € / Kg)",
Cuétara Krit Aperitivos Krititas embalagem 350 g,Cuétara Krit,,"2,69 €","(7,69 € / Kg)",
Bush Cerveja da Bélgica garrafa 33 cl,Bush,,"4,79 €","(14,52 € / Litro)",
Cachopas Queijo Fresco de Vaca e Cabra unidade 150 g,Cachopas,,"1,65 €",(11 € / Kg),
Panealba Crostini com Alho embalagem 100 g,Panealba,,"1,89 €","(18,90 € / Kg)",
Blédina Peru com Cenouras dos 6 aos 36 Meses Pack 2 embalagem 200 g,Blédina,,"3,87 €","(19,35 € / Kg)",
Alara Muesli com Cereais Ancestrais Biológico embalagem 450 g,Alara,,"9,89 €","(21,98 € / Kg)",
Gullón Zero Bolachas Digestivas de Aveia com Chocolate Preto sem Açúcares Adicionados embalagem 275 g,Gullón Zero,,"3,49 €","(12,69 € / Kg)",
El Corte Inglés Selection Cabeças de Espargos Tamanho Médio lata 135 g,El Corte Inglés Selection,,"4,95 €","(36,67 € / Kg)",
Lindt Excellence Chocolate Preto 100% embalagem 50 g,Lindt Excellence,,"3,79 €","(75,80 € / Kg)",
Clearspring Massa Noodles Soba Somen Biológica embalagem 200 g,Clearspring,,"4,74 €","(23,70 € / Kg)",
Danone Iogurte de Banana e Morango Minions embalagem 70 g,Danone,,"0,89 €","(12,71 € / Kg)",
Actibel Esponja de Banho Tonificante embalagem 1 unidade,Actibel,,"3,45 €","(3,45 € / Unidade)",
Sensodyne Pro-Esmalte Dentífrico Junior + 6 Anos embalagem 50 ml,Sensodyne Pro-Esmalte,,"3,79 €","(75,80 € / Litro)",
Couve Pachchoy-Boqchoy embalagem 400 g,,,"2,29 €","(5,72 € / Kg)",
Iglo Sopa Camponesa embalagem 750 g,Iglo,,"2,99 €","(3,99 € / Kg)",
Salutem Arroz Integral embalagem 1 kg,Salutem,,"1,99 €","(1,99 € / Kg)",
S D Fruta Sumo Fresco Pêra e Maçã embalagem 500 ml,S D Fruta,,"1,99 €","(3,98 € / Litro)",
Woolite Detergente para a Máquina da Roupa de Cores com Queratina Líquido embalagem 56 doses,Woolite,,"24,99 €","(0,45 € / Dose)",
El Corte Inglés Nachos de Queijo bolsa 200 g,El Corte Inglés,,"1,29 €","(6,45 € / Kg)",
Adega Cooperativa Ponte de Lima Vinho Verde Loureiro Branco garrafa 75 cl,Adega Cooperativa Ponte de Lima,,"4,29 €","(5,72 € / Litro)",
Dr. Beckmann Descalcificador Intensivo embalagem 250 ml,Dr. Beckmann,,"3,89 €","(15,56 € / Litro)",
Merci Chocolates Diversos embalagem 250 g,Merci,,"4,74 €","(18,96 € / Kg)",
Casa Santos Lima Vinho Branco de Lisboa Viosinho garrafa 75 cl,Casa Santos Lima,,"4,49 €","(5,99 € / Litro)",
"Assobio Vinho do Douro Magnum Tinto garrafa 1,5 L",Assobio,,"14,99 €","(7,99 € / Litro)","14,99 €"
Favaios Moscatel garrafa 75 cl,Favaios,,"5,79 €","(7,72 € / Litro)",
El Corte Inglés Cajus Crus embalagem 250 g,El Corte Inglés,,"4,99 €","(19,96 € / Kg)",
Kambly Chocolune Bolachas Cobertas com Chocolate embalagem 100 g,Kambly Chocolune,,"3,29 €","(32,90 € / Kg)",
Guloso Tomate em Pedaços com Cebola e Alho embalagem 390 g,Guloso,,"2,35 €","(6,03 € / Kg)",
Provamel Yofu Fresco Natural Biológico Pack 4 embalagem 125 g,Provamel,,"3,19 €","(6,38 € / Kg)",
GOT2B Pasta de Modelagem Look Surfista embalagem 100 ml,GOT2B,,"6,59 €","(65,90 € / Litro)",
Cornetto Gelado Soft Cookie e Chocolate embalagem 140 ml,Cornetto,,"4,99 €","(8,91 € / Litro)",
Kellogg's Barras de Cereais Extra de Amêndoas e Caramelo Salgado Pack 4 unidades embalagem 128 g,Kellogg's,,"3,99 €","(31,17 € / Kg)",
Mimosa Molho de Nata para Carne embalagem 200 ml,Mimosa,,"0,98 €","(4,90 € / Litro)",
Moo Free Chocolate Boneco de Neve sem Glúten embalagem 32 g,Moo Free,,"1,79 €","(55,94 € / Kg)",
Herbex Hortelã Fresca embalagem 20 g,Herbex,,"1,50 €",(75 € / Kg),
Bacalhau de Noruega Crescido+ ao peso 1 kg,,,"11,99 €/kg",,
Don Julian Queijo Manchego DOP Curado sem Glúten,Don Julian,,"27,59 €/kg",,
Pacheca Vinho Branco do Douro Sauvignon Blanc garrafa 75 cl,Pacheca,,"7,95 €","(10,60 € / Litro)",
Jardin Bio Molho de Soja Biológico garrafa 125 ml,Jardin Bio,,"5,39 €","(43,12 € / Litro)",
El Corte Inglés Lixívia com Detergente de Pinho embalagem 2 L,El Corte Inglés,,"1,05 €","(0,52 € / Litro)",
El Corte Inglés Bolachas Cobertas com Chocolate Preto embalagem 150 g,El Corte Inglés,,"1,19 €","(7,93 € / Kg)",
Ausonia Pensos Higiénicos Ultrafina Plus Noite embalagem 10 unidades,Ausonia,,"2,54 €","(0,25 € / Unidade)",
Jean Louis David Corta Unhas de Pés embalagem 1 unidade,Jean Louis David,,"3,74 €","(3,74 € / Unidade)",
Carina Pastéis de Chaves 300 g,Carina,,"2,99 €","(9,97 € / Kg)",
Condi Preparado para Pão de Ló embalagem 435 g,Condi,,"2,69 €","(6,18 € / Kg)",
Covap Manteiga de Ovelha com Sal embalagem 125 g,Covap,,"2,95 €","(23,60 € / Kg)",
Koka Massa Instantânea com Macarrão embalagem 375 g,Koka,,"3,90 €","(10,40 € / Kg)",
Oliveira da Serra Azeite Virgem Extra Lagar do Marmelo garrafa 500 ml,Oliveira da Serra,,"6,69 €","(13,38 € / Litro)",
Medeiros Vinho Rosé do Alentejo garrafa 75 cl,Medeiros,,"5,99 €","(7,99 € / Litro)",
Cistér Feijão Frade Cozido lata 850 g,Cistér,,"0,99 €","(1,16 € / Kg)",
Arla Finello Queijo para Salada em Cubos embalagem 150 g,Arla Finello,,"3,75 €",(25 € / Kg),
Leyenda Queijo de Cabra com Pimentão unidade 220 g,Leyenda,,"4,99 €","(24,95 € / Kg)",
Divine Chocolate Preto Suave Fino com Caramelo Salgado embalagem 200 g,Divine,,"7,95 €","(39,75 € / Kg)",
El Corte Inglés Bio Sementes de Quinoa Biológicas embalagem 500 g,El Corte Inglés Bio,,"3,59 €","(7,18 € / Kg)",
Pantene Creme de Pentear Ondas com Movimento embalagem 270 ml,Pantene,,"5,99 €","(22,19 € / Litro)",
Dodot Sensitive Toalhitas Infantis Recarga Pack 2 54 unidades,Dodot Sensitive,,"3,14 €","(0,03 € / Unidade)",
Quinta de Gomariz Vinho Verde Grande Escolha Branco garrafa 75 cl,Quinta de Gomariz,,"6,99 €","(9,32 € / Litro)",
Milram Nata Fresca Azeda embalagem 250 g,Milram,,"1,25 €",(5 € / Kg),
Président Croque' Queijo Emmental 12 Fatias unidade 200 g,Président Croque',,"2,69 €","(13,45 € / Kg)",
Sojasun Iogurte Natural sem Açucar Bifidus Pack 6 unidades embalagem 100 g,Sojasun,,"3,14 €","(5,23 € / Kg)",
Quinta da Escusa Vinho Branco do Tejo Harvest garrafa 75 cl,Quinta da Escusa,,"9,45 €","(12,60 € / Litro)",
Nestlé Corn Flakes Cereais de Milho com Chocolate sem Glúten embalagem 375 g,Nestlé,,"2,99 €","(7,97 € / Kg)",
"Mevgal Iogurte Grego com Pedaços de Morango 0,9% embalagem 150 g",Mevgal,,"1,39 €","(7,93 € / Kg)","1,39 €"
Lola Condicionador Meu Cacho embalagem 500 g,Lola,,"15,62 €","(31,24 € / Kg)",
Vimeiro Lisa Água Pack 12 garrafa 50 cl,Vimeiro Lisa,,"4,38 €","(0,73 € / Litro)",
Garofalo Penne Rigate sem Glúten embalagem 400 g,Garofalo,,"2,99 €","(7,48 € / Kg)",
Nestlé Júnior Leite de Crescimento 3+ embalagem 1 L,Nestlé Júnior,,"2,25 €","(2,25 € / Litro)",
Papa Figos Vinho Tinto do Douro garrafa 75 cl,Papa Figos,,"7,49 €","(9,99 € / Litro)",
Nestlé NAN Optipro 5 Leite de Crescimento a Partir dos 24 Meses embalagem 800 g,Nestlé NAN Optipro,,"12,49 €","(15,61 € / Kg)",
Rumar Aguardente Vínica garrafa 70 cl,Rumar,,"17,99 €","(25,70 € / Litro)",
Dum Dum Insecticida para Baratas e Formigas Spray 400 ml,Dum Dum,,"4,64 €","(11,60 € / Litro)",
Minigrill Mini Tostas de Trigo embalagem 240 g,Minigrill,,"2,49 €","(10,38 € / Kg)",
Fiorentini Bio Sumo de Romã Biológico garrafa 330 ml,Fiorentini Bio,,"5,75 €","(17,42 € / Litro)",
"Mimosa Eleva Iogurte Líquido Bifidus Mirtilo, Goji, Amaranto e Amêndoa sem Glúten e Lactose Pack 4 embalagem 151 ml",Mimosa Eleva,,"2,99 €","(19,80 € / Litro)",
Thomy Molho Holandês Light embalagem 250 ml,Thomy,,"3,75 €",(15 € / Litro),
So' Bio Contorno de Olhos Anti-Idade 5 em 1 Argão Biológico embalagem 15 ml,So' Bio,,"12,99 €",(866 € / Litro),
Fapil Cabo Metálico com Rosca 1 unidade,Fapil,,"2,55 €","(2,55 € / Unidade)",
Gelcampo Salteado de Vegetais Grelhados embalagem 600 g,Gelcampo,,"2,29 €","(3,82 € / Kg)",
Ti-ti Batatas Fritas Doces embalagem 100 g,Ti-ti,,"1,85 €","(18,50 € / Kg)",
Jardin Bio Infusão Ventre Liso Biológica embalagem 30 g,Jardin Bio,,"5,15 €","(171,67 € / Kg)",
Matsu Chá Mate de Leão embalagem 40 g,Matsu,,"2,35 €","(58,75 € / Kg)",
Próvida Farinha de Trigo embalagem 500 g,Próvida,,"1,89 €","(3,78 € / Kg)",
Nobre Vegalia Hambúrgueres Vegetarianos de Beringela sem Lactose embalagem 160 g,Nobre Vegalia,,"4,39 €","(27,44 € / Kg)",
Nestlé Boião de Fruta Maçã e Bolacha Maria sem Adição de Açúcares embalagem 125 g,Nestlé,,"1,15 €","(9,20 € / Kg)",
Pedras Salgadas Água com Gás garrafa 33 cl,Pedras Salgadas,,"0,69 €","(2,09 € / Litro)",
Cem Porcento Bolachas Integrais de Alfarroba embalagem 180 g,Cem Porcento,,"2,19 €","(12,17 € / Kg)",
Messias Espumante Blanc des Blancs garrafa 75 cl,Messias,,"19,80 €","(26,40 € / Litro)",
Hansaplast Pensos para Bolhas embalagem 5 unidades,Hansaplast,,"4,89 €","(0,73 € / Unidade)","4,89 €"
Oreo Bolachas de Chocolate Recheadas com Creme embalagem 154 g,Oreo,,"1,39 €","(9,03 € / Kg)",
Costa Eco Bebida Kamut com Cacau sem Lactose Biológica embalagem 1 L,Costa Eco,,"2,25 €","(2,25 € / Litro)",
Planta Natur Chá Coração embalagem 15 g,Planta Natur,,"1,69 €","(112,67 € / Kg)",
Nestlé Maçã e Manga desde os 6 Meses sem Açúcar e sem Glúten Pack 8 embalagem 100 g,Nestlé,,"3,78 €","(4,72 € / Kg)",
Glade Ambientador Sense & Spray Romantic Vanilla recarga 18 ml,Glade,,"11,99 €","(666,11 € / Litro)",
Colgate Anti-Tártaro Pasta de Dentes Branqueadora embalagem 75 ml,Colgate Anti-Tártaro,,"2,24 €","(23,87 € / Litro)","2,24 €"
Axe Ice Chill Gel de Banho para Homem embalagem 400 ml,Axe Ice Chill,,"3,59 €","(8,98 € / Litro)",
Biedermann Cocogurte de Mirtilo Vegan Biológico embalagem 150 g,Biedermann,,"2,09 €","(13,93 € / Kg)",
Grão de Bico Granel Biológico,,,"6,99 €/kg",,
Pescanova Lula Cortada da Patagónia embalagem 400 g,Pescanova,,"7,79 €","(19,48 € / Kg)",
Yang-Tse Sushi Nori embalagem 14 g,Yang-Tse,,"2,35 €","(167,86 € / Kg)",
Real Doçaria Bolo Rico de Chocolate unidade 500 g,Real Doçaria,,"15,90 €","(31,80 € / Kg)",
Villar Chouriço Ibérico Baixo Teor em Sal em Fatias embalagem 50 g,Villar,,"1,59 €","(31,80 € / Kg)",
Clearspring Massa Noodles Udon Biológica embalagem 200 g,Clearspring,,"4,74 €","(23,70 € / Kg)",
Vileda Style Recarga de Esfregona Universal embalagem 1 unidade,Vileda Style,,"2,49 €","(2,49 € / Unidade)",
Coslys Amaciador em Spray Leave IN embalagem 200 ml,Coslys,,"6,90 €","(34,50 € / Litro)",
Quinta do Infantado Vinho Tinto do Douro 2018 garrafa 75 cl,Quinta do Infantado,,"6,99 €","(9,32 € / Litro)",
Kikkoman Vinagre para Sushi frasco 300 ml,Kikkoman,,"4,55 €","(15,17 € / Litro)",
LOL Surprise Calendário de Natal embalagem 50 g,LOL Surprise,,"2,39 €","(47,80 € / Kg)",
Bio Origens Nuggets Vegetarianos Biológicos embalagem 154 g,Bio Origens,,"4,99 €","(32,40 € / Kg)",
Tresemmé Colour Revitalise Condicionador Protecção da Cor embalagem 500 ml,Tresemmé Colour Revitalise,,"4,19 €","(8,38 € / Litro)",
Dr.Organic Condicionador de Coco Biológico embalagem 265 ml,Dr.Organic,,"9,44 €","(35,62 € / Litro)",
Barnangen Loção para o Corpo Sensitive embalagem 400 ml,Barnangen,,"7,69 €","(19,22 € / Litro)",
Bajamar Pimentos Inteiros frasco 122 g,Bajamar,,"2,39 €","(19,59 € / Kg)",
Guylian Temptations Frutos do Mar Temptation embalagem 120 g,Guylian Temptations,,"5,89 €","(49,08 € / Kg)",
Quinta D' Avó Massa de Alho frasco 200 g,Quinta D' Avó,,"1,89 €","(9,45 € / Kg)",
Nestlé L'Atelier Chocolate Preto com Muesli e Avelãs Caramelizadas embalagem 170 g,Nestlé L'Atelier,,"3,99 €","(23,47 € / Kg)",
Margão Pimenta Branca em Grão embalagem 17 g,Margão,,"1,29 €","(75,88 € / Kg)",
Cimarrom Espargos Verdes frasco 350 g,Cimarrom,,"3,99 €","(11,40 € / Kg)",
El Corte Inglés Bio Bebida de Arroz sem Lactose e Sem Glúten Biológica embalagem 1077 g,El Corte Inglés Bio,,"1,50 €","(1,39 € / Kg)",
Codyfer Palmilhas Tamanho 35-36 1 par,Codyfer,,"10,15 €","(10,15 € / Unidade)",
"Duorum Vinho Tinto do Douro garrafa 1,5 L",Duorum,,"21,90 €","(14,60 € / Litro)",
Dietisa Tisana Pau D'Arco embalagem 50 g,Dietisa,,"1,79 €","(35,80 € / Kg)",
"Andros Sumo Fresco de Laranja embalagem 1,5 L",Andros,,"5,59 €","(3,73 € / Litro)",
Miss Organic Infusão Leveza Digestão Biológica embalagem 10 unidades,Miss Organic,,"1,99 €","(0,20 € / Unidade)",
Eurofumeiro Alheira de Mirandela IG Terras do Vento Leste unidade 200 g,Eurofumeiro,,"1,98 €","(9,90 € / Kg)",
Krishna Aperitivos Dal Muth embalagem 200 g,Krishna,,"1,85 €","(9,25 € / Kg)",
Herdade dos Veros Vinho Branco do Alentejo Selection garrafa 75 cl,Herdade dos Veros,,"6,35 €","(8,47 € / Litro)",
Haagen-Dazs Gelados Mini Copos Caramel Collection Pack 4 embalagem 380 ml,Haagen-Dazs,,"6,75 €","(17,76 € / Litro)",
Don Algodon Gel de Banho embalagem 750 ml,Don Algodon,,"7,69 €","(10,25 € / Litro)",
Buitoni Mini Pizza Piccolinis Tomate e Mozzarella embalagem 270 g,Buitoni,,"3,99 €","(14,78 € / Kg)",
Super Bock Stout Cerveja Nacional Mini Preta Pack 6 garrafa 20 cl,Super Bock Stout,,"3,39 €","(2,82 € / Litro)",
Arnaud Paté de Javali frasco 180 g,Arnaud,,"2,59 €","(14,39 € / Kg)",
El Corte Inglés Atum Albacora em Óleo Pack 6 embalagem 336 g,El Corte Inglés,,"4,49 €","(13,36 € / Kg)",
Ish Gin Limed 70 cl,Ish,,"42,50 €","(60,71 € / Litro)",
Head Rock Vinho Tinto de Trás-os-Montes Reserva garrafa 75 cl,Head Rock,,"9,59 €","(12,79 € / Litro)",
"Pato Active Clean Pack2 Pine embalagem 38,6 g",Pato,,"6,58 €","(170,47 € / Kg)",
Padaria da Arrifana Bolos Miniaturas Sortidas embalagem 400 g,Padaria da Arrifana,,"3,75 €","(9,38 € / Kg)",
Duvel Cerveja da Bélgica Pack 2 + Copo garrafa 33 cl,Duvel,,"8,65 €","(13,11 € / Litro)",
Nestlé Fitness Barra de Cereais com Chocolate e Banana Pack 6 embalagem 141 g,Nestlé Fitness,,"3,59 €","(25,46 € / Kg)",
Duracell Pilhas A76 V13GA / 76A LR44 +50% More Power embalagem 2 unidades,Duracell,,"2,49 €","(1,24 € / Unidade)",
Miguelañez Gomas Jellypack Ursos embalagem 150 g,Miguelañez,,"2,79 €","(13,95 € / Kg)",
El Corte Inglés Tomillho embalagem 40 g,El Corte Inglés,,"2,15 €","(53,75 € / Kg)",
Andros Fruit Me Up 100% Fruta de Maçã e Pera Pack 4 embalagem 90 g,Andros Fruit Me Up,,"2,99 €","(8,31 € / Kg)",
Nivea Vital Creme Nutritivo de Dia Óleo de Pétalas e Rosas embalagem 50 ml,Nivea Vital,,"9,99 €","(199,80 € / Litro)",
Pastoret Iogurte com Frutos Vermelhos e Manga embalagem 150 g,Pastoret,,"2,49 €","(16,60 € / Kg)",
La Mole Gressinos Sfornatini de Rosmaninho embalagem 200 g,La Mole,,"2,45 €","(12,25 € / Kg)",
Gurmesa Butifarra Pincho peso aproximado por cuvete 1 kg,Gurmesa,,"7,75 €","(7,75 € / Kg)",
Lindt Pai Natal de Chocolate de Leite embalagem 125 g,Lindt,,"4,49 €","(35,92 € / Kg)",
Jardineira de Vitela Biológica Peso Aproximado por cuvete 300 g,,,"3,89 €","(12,95 € / Kg)",
La Rosa Cerveja artesanal garrafa 33 cl,La Rosa,,"4,95 €",(15 € / Litro),
Santiago Queijo Creme Quark embalagem 200 g,Santiago,,"1,29 €","(6,45 € / Kg)",
Canderel Adoçante com Stevia Recarga embalagem 300 unidades,Canderel,,"5,29 €","(0,02 € / Unidade)",
Schweppes Água Tónica Premium Pack 4 garrafa 20 cl,Schweppes,,"6,76 €","(8,45 € / Litro)",
Evax Liberty Pensos Higiénicos Super com Abas embalagem 10 unidades,Evax Liberty,,"2,99 €","(0,30 € / Unidade)",
Quinta de Cabriz Espumante Meio Seco garrafa 75 cl,Quinta de Cabriz,,"7,99 €","(10,65 € / Litro)",
Cachucho Peso Aproximado por unidade 300 g,,,"6,99 €/kg",,
El Corte Inglés Gelado de Chocolate com Pepitas sem Glúten embalagem 1000 ml,El Corte Inglés,,"2,19 €","(2,19 € / Litro)",
Pronto Multi Superficie Limpa-Móveis de Lima embalagem 300 ml,Pronto Multi Superficie,,"4,79 €","(10,30 € / Litro)","4,79 €"
Pormenor Vinho do Douro Rosé garrafa 75 cl,Pormenor,,"12,49 €","(16,65 € / Litro)",
Quinta do Couquinho Vinho Rosé do Douro garrafa 75 cl,Quinta do Couquinho,,"6,95 €","(9,27 € / Litro)",
La Piara Paté de Atum em Escabeche lata 75 g,La Piara,,"1,65 €",(22 € / Kg),
Vale do Prata Biscoitos Sequilhos com Sabor a Coco sem Lactose embalagem 350 g,Vale do Prata,,"3,69 €","(10,54 € / Kg)",
Alpen Muesli embalagem 550 g,Alpen,,"4,39 €","(7,98 € / Kg)",
Clearspring Molho de Soja Shoyu Biológico garrafa 150 ml,Clearspring,,"2,98 €","(19,87 € / Litro)",
Aquarius Bebida Isotónica de Limão sem Gás garrafa 50 cl,Aquarius,,"1,19 €",,
Caçarola Grão-de-Bico embalagem 500 g,Caçarola,,"1,29 €","(2,58 € / Kg)",
"Compal Néctar Vital Bom Dia Frutos Tropicais, Chia e Alfarroba embalagem 33 cl",Compal,,"0,95 €","(2,88 € / Litro)",
Naturefoods Rodelas de Maçã Seca Bio embalagem 60 g,Naturefoods,,"2,20 €","(36,67 € / Kg)",
Natural & Easy Coloração Permanente Nutritiva Nº 536 Louro Claro Dourado embalagem 1 unidade,Natural & Easy,,"8,99 €","(8,99 € / Unidade)",
Globo Tomate Desidratado embalagem 90 g,Globo,,"3,99 €","(44,33 € / Kg)",
Branca de Neve Preparado para Scones embalagem 380 g,Branca de Neve,,"3,19 €","(8,39 € / Kg)",
Aguardente de Medronho garrafa 50 cl,,,"39,90 €","(79,80 € / Litro)",
Tojeira Azeite Virgem Extra Biológico embalagem 500 ml,Tojeira,,"9,89 €","(19,78 € / Litro)",
Rana Spaguetti Giova embalagem 250 g,Rana,,"1,69 €","(6,76 € / Kg)",
Ranchera M-Xico Tortilhas 18 Unidades embalagem 504 g,Ranchera M-Xico,,"3,35 €","(6,65 € / Kg)",
Incap Rebuçados Morbidelle Maxi Gusti embalagem 125 g,Incap,,"0,99 €","(7,92 € / Kg)",
Costeletas com Pé de Vitela Barrosã DOP Peso Aproximado 200 g,,,"24,95 €/kg",,
Neoblanc Detergente em Spray para Casa de Banho Brilhante spray 750 ml,Neoblanc,,"3,99 €","(5,32 € / Litro)",
Vranken Champanhe Demoiselle Bruto garrafa 75 cl,Vranken,,"41,90 €","(55,87 € / Litro)",
Delta Q Café Mythiq Intensidade 15 embalagem 10 cápsulas,Delta Q,,"3,99 €","(0,40 € / Unidade)",
Espiga Salsa Folha embalagem 10 g,Espiga,,"1,05 €",(105 € / Kg),
Future Farm Almondegas Meatball Plant Based embalagem 250 g,Future Farm,,"4,99 €","(19,96 € / Kg)",
Delícias do Vimeiro Pastéis de Amêndoa embalagem 6 unidades,Delícias do Vimeiro,,"6,50 €","(1,08 € / Unidade)",
Pantene 3 Minute Miracle Condicionador Caracóis Perfeitos embalagem 200 ml,Pantene 3 Minute Miracle,,"5,99 €","(29,95 € / Litro)",
Serramel Mel de Rosmaninho Serras do Algarve frasco 300 g,Serramel,,"4,59 €","(15,30 € / Kg)",
Fabridoce Ovos Moles embalagem 500 g,Fabridoce,,"10,99 €","(21,98 € / Kg)",
Fructis Máscara Capilar Super Nutrição de Banana embalagem 390 ml,Fructis,,"8,99 €","(23,05 € / Litro)",
Greens Alho Picado embalagem 250 g,Greens,,"2,19 €","(8,76 € / Kg)",
Croissants de Manteiga 3 Unidades embalagem 200 g,,,"2,65 €","(13,25 € / Kg)",
Kopiko Rebuçados com Extracto de Café sem Glúten embalagem 71 g,Kopiko,,"1,49 €","(20,99 € / Kg)",
Minerva Paté de Cavala lata 75 g,Minerva,,"1,69 €","(22,53 € / Kg)",
McCain Batatas Country em Palitos Corte Rústico para Forno Vegan embalagem 650 g,McCain,,"2,69 €","(4,14 € / Kg)",
Andros Fruit Me Up 100% Fruta de Maçã e Banana Pack 4 embalagem 90 g,Andros Fruit Me Up,,"2,99 €","(8,31 € / Kg)",
Condi Cacau Magro em Pó embalagem 100 g,Condi,,"1,35 €","(13,50 € / Kg)",
Dow's Vinho do Porto 10 Anos garrafa 75 cl,Dow's,,"19,99 €","(26,65 € / Litro)",
Nivea Toalhitas Desmaquilhantes embalagem 25 unidades,Nivea,,"1,99 €","(0,08 € / Unidade)",
Patak's Molho Indiano Butter Chicken frasco 450 g,Patak's,,"3,89 €","(8,64 € / Kg)",
El Corte Inglés Cones Sabor a Bacon e Queijo embalagem 80 g,El Corte Inglés,,"0,65 €","(8,12 € / Kg)",
Mestre Henriques Morcela de Arroz unidade 230 g,Mestre Henriques,,"3,29 €","(14,30 € / Kg)",
Paladin Molho de Alho Frito embalagem 250 ml,Paladin,,"2,39 €","(9,56 € / Litro)",
A Leiteira Pudim Flan 00100 g,A Leiteira,,"1,99 €","(4,98 € / Kg)",
Ovomaltine Achocolatado Fortificante embalagem 400 g,Ovomaltine,,"5,94 €","(11,12 € / Kg)","5,94 €"
TRESEMME Condicionador Repara e Fortalece com Biotina embalagem 400 ml,TRESEMME,,"4,19 €","(10,48 € / Litro)",
Lipton Ice Tea de Limão garrafa 50 cl,Lipton Ice Tea,,"1,09 €","(2,18 € / Litro)",
Casal Garcia Vinho Rosé garrafa 75 cl,Casal Garcia,,"4,19 €","(5,59 € / Litro)",
Ferreira Vinho do Porto Branco garrafa 75 cl,Ferreira,,"6,29 €","(8,39 € / Litro)",
Bom Petisco Filetes de Cavala em Azeite Virgem Extra lata 120 g,Bom Petisco,,"3,29 €","(27,42 € / Kg)",
Tetley Ice Tea Chá Branco e Limão lata 33 cl,Tetley,,"0,69 €","(2,09 € / Litro)",
Woolite Detergente para a Máquina da Roupa Delicada e Lãs com Keratina Líquido embalagem 25 doses,Woolite,,"6,99 €","(0,28 € / Dose)",
Vinha da Malhada Vinho Branco de Lisboa Biológico garrafa 75 cl,Vinha da Malhada,,"5,60 €","(7,47 € / Litro)",
Gullón Bolachas Maria Dourada no Forno embalagem 600 g,Gullón,,"3,27 €","(5,45 € / Kg)",
El Corte Inglés Iogurte Grego Natural Açucarado Pack 6 embalagem 125 g,El Corte Inglés,,"2,29 €","(3,05 € / Kg)",
Bjorg Bolachas Recheadas com Chocolate Preto Biológico embalagem 150 g,Bjorg,,"3,89 €","(25,93 € / Kg)",
Tello Chouriço Sarta Picante embalagem 225 g,Tello,,"2,99 €","(13,29 € / Kg)",
The Famous Grouse Whisky Sherry Finish garrafa 70 cl,The Famous Grouse,,"20,99 €","(29,99 € / Litro)",
Gillette Venus Máquina Depilatória embalagem 4 unidades,Gillette Venus,,"1,99 €","(0,50 € / Unidade)",
El Corte Inglés Selection Lombo Curado do Cachaço em Fatias sem Glúten embalagem 150 g,El Corte Inglés Selection,,"3,35 €","(22,33 € / Kg)",
Simplu Pure de Cacau Instantâneo Vegan sem Glúten Biológico embalagem 250 g,Simplu,,"6,95 €","(27,80 € / Kg)",
Tropical Bebida Zero de Aloe Vera embalagem 500 ml,Tropical,,"1,59 €","(3,18 € / Litro)",
Saitaku Sésamo Miso Concentrado para Ramen frasco 210 ml,Saitaku,,"5,50 €","(26,19 € / Litro)",
Martini Espumante Asti garrafa 75 cl,Martini,,"10,25 €","(13,67 € / Litro)",
"Herbalthy Chá de Hibisco, Gengibre e Canela embalagem 30 g",Herbalthy,,"2,89 €","(96,33 € / Kg)",
Nivea Invisible Desodorizante Black&White Ultimate Impact Spray embalagem 150 ml,Nivea Invisible,,"4,69 €","(31,27 € / Litro)",
Beyra Vinho Branco da Beira Interior Reserva garrafa 75 cl,Beyra,,"9,95 €","(13,27 € / Litro)",
Orbit Pastilhas Peppermint sem Açúcar Pack 4 embalagem 14 g,Orbit,,"1,99 €","(142,14 € / Kg)",
"Landana Queijo Gouda de Cabra Peso Aproximado por unidade 4,5 kg",Landana,,"23,75 €/kg",,
Miolo Pão de Batata Doce e Milho Biológico unidade 420 g,Miolo,,"3,30 €","(7,86 € / Kg)",
Danacol Iogurte Líquido Tropical 0% Açúcar Adicionado Pack 12 embalagem 100 g,Danacol,,"5,29 €","(4,41 € / Kg)",
Zanuy Hóstias de Camarão embalagem 50 g,Zanuy,,"1,79 €","(35,80 € / Kg)",
Stollenwerk Ginjas em Calda frasco 720 ml,Stollenwerk,,"3,75 €","(5,21 € / Litro)",
Spencer Cerveja dos EUA Trappist Imperial Stout garrafa 33 cl,Spencer,,"4,75 €","(14,39 € / Litro)",
Lua Cheia Vinho Branco do Douro garrafa 75 cl,Lua Cheia,,"5,90 €","(7,87 € / Litro)",
"El Corte Inglés Lava-Tudo Higiene embalagem 1,5 L",El Corte Inglés,,"1,85 €","(1,23 € / Litro)",
Ponti Tomate Seco embalagem 100 g,Ponti,,"3,24 €","(32,40 € / Kg)",
Sau Tao Ramen embalagem 540 g,Sau Tao,,"3,45 €","(6,39 € / Kg)",
Pavão de Espirra Vinho Tinto de Setúbal garrafa 75 cl,Pavão de Espirra,,"3,45 €","(4,60 € / Litro)",
Calvé Manteiga de Amendoim com Pedaços frasco 350 g,Calvé,,"3,49 €","(9,97 € / Kg)",
Maçarico Tempero para Frango frasco 200 g,Maçarico,,"1,75 €","(8,75 € / Kg)",
Entralimentar Ovas de Salmão frasco 50 g,Entralimentar,,"12,69 €","(253,80 € / Kg)",
Berchtesgadener Land Bio Manteiga com Sal Biológica embalagem 250 g,Berchtesgadener Land Bio,,"4,49 €","(17,96 € / Kg)",
Agriform Queijo Grana Padano DOP kg,Agriform,,"18,99 €/kg",,
Sensodyne Pasta de Dentes Limpeza e Frescura embalagem 75 ml,Sensodyne,,"3,99 €","(53,20 € / Litro)",
Alvarinha Aguardente Velha garrafa 50 cl,Alvarinha,,"36,50 €",(73 € / Litro),
Quinta do Vallado Vinho Tinto do Douro Sousão garrafa 75 cl,Quinta do Vallado,,"20,75 €","(27,67 € / Litro)",
Schweppes Água Tónica garrafa 1 L,Schweppes,,"1,95 €","(1,95 € / Litro)",
Mimosa Bem Especial Leite Especial sem Lactose Meio Gordo embalagem 1 L,Mimosa Bem Especial,,"1,09 €","(1,09 € / Litro)",
Mixups Snack Favoritos com Sabor a Queijo embalagem 140 g,Mixups,,"1,69 €","(12,07 € / Kg)",
Lindahls Iogurte Sólido Proteico de Coco embalagem 150 g,Lindahls,,"1,49 €","(7,27 € / Kg)","1,49 €"
Maille Mostarda de Mel frasco 230 g,Maille,,"3,89 €","(16,91 € / Kg)",
Quinta da Carregosa Vinho Tinto do Douro Colheita garrafa 75 cl,Quinta da Carregosa,,"5,75 €","(7,67 € / Litro)",
Quinta da Soalheira Vinho Tinto do Douro garrafa 75 cl,Quinta da Soalheira,,"7,09 €","(9,45 € / Litro)",
Veet KIT Depilatório Zona Intíma embalagem 150 ml,Veet,,"8,49 €","(56,60 € / Litro)",
Burn Bebida Energética de Pêssego Zero Açúcar lata 50 cl,Burn,,"1,25 €","(2,50 € / Litro)",
Bicentury Nackis Tortitas de Milho sem Glúten embalagem 130 g,Bicentury Nackis,,"1,79 €","(13,77 € / Kg)",
El Corte Inglés Selection Gofres Belgas com Cobertura de Chocolate 5 Unidades embalagem 300 g,El Corte Inglés Selection,,"2,19 €","(7,30 € / Kg)",
El Corte Inglés Salada 4 Estações embalagem 250 g,El Corte Inglés,,"1,25 €",(5 € / Kg),
Condi Preparado para Bolo de Chocolate na Caneca embalagem 70 g,Condi,,"1,04 €","(14,86 € / Kg)",
M.Rainha Licor de Ananás garrafa 70 cl,M.Rainha,,"9,95 €","(14,21 € / Litro)",
Ambientador Electrico Lavanda recarga 20 ml,,,"8,99 €","(449,50 € / Litro)",
Vichy Catalan Água com Gás Genuina lata 33 cl,Vichy Catalan,,"0,99 €",(3 € / Litro),
"Pregado Aquicultura Peso Aproximado por unidade 1,5 kg",,,"14,99 €/kg",,
Cem Porcento Bolachas Marinheiras Naturais sem Adição de Açúcar embalagem 200 g,Cem Porcento,,"2,89 €","(14,45 € / Kg)",
Franc Beauséjour Vinho Branco de França Bordeaux garrafa 75 cl,Franc Beauséjour,,"6,99 €","(9,32 € / Litro)",
Lay's Batatas Fritas Gourmet sabor Pimento Vermelho embalagem 150 g,Lay's,,"2,29 €","(15,27 € / Kg)",
Naturefoods Manteiga de Amendoim sem Glúten Biológica embalagem 350 g,Naturefoods,,"3,49 €","(9,97 € / Kg)",
Entremeada com Costela de Porco Peso Aproximado 350 g,,,"4,79 €/kg",,
Garnier BB Cream Creme Aperfeiçoador Sublime Hidratante Claro 50 ml,Garnier BB Cream,,"9,99 €","(199,80 € / Litro)",
V'eden Alternativa Vegetal ao Queijo Bio Vegan embalagem 125 g,,,"8,95 €","(71,60 € / Kg)",
"Trina Refrigerante de Laranja sem Gás sem Açúcar garrafa 1,5 L",Trina,,"2,15 €","(1,43 € / Litro)",
El Corte Inglés Selection Sumo de Maçã Espremido 100% embalagem 1 L,El Corte Inglés Selection,,"1,79 €","(1,79 € / Litro)",
Sandeman Vinho do Porto Old Tawny 10 anos garrafa 75 cl,Sandeman,,"21,99 €","(29,32 € / Litro)",
Al Amier Pasta de Amendoim e Paprika frasco 140 g,Al Amier,,"4,60 €","(32,86 € / Kg)",
Pescarias do Algarve Petingas em Água 8-12 Unidades sem Glúten lata 120 g,Pescarias do Algarve,,"2,39 €","(19,92 € / Kg)",
Renova Red Label Lenços Faciais Maxi 2 Cores embalagem 80 unidades,Renova Red Label,,"1,99 €","(1,99 € / Unidade)",
El Corte Inglés Guardanapos 2 Camadas 33x33 cm embalagem 50 unidades,El Corte Inglés,,"1,60 €","(0,03 € / Unidade)",
Bliss Out Manteiga de Amendoim com Canela e Maca Biológica frasco 225 g,Bliss Out,,"5,75 €","(25,56 € / Kg)",
Vahiné Rolinhos com Sabor a Chocolate frasco 71 g,Vahiné,,"1,79 €","(17,61 € / Kg)","1,79 €"
La Ermita Cantabria Iogurte de Mirtilo sem Glúten frasco 200 g,La Ermita Cantabria,,"3,15 €","(15,75 € / Kg)",
Magnum Gelado Bomboniera Pack 6 embalagem 70 ml,Magnum,,"2,49 €","(34,58 € / Litro)",
Kiwi Zespri Tradicional Gold Calibre 22 Peso Aproximado por unidade 160 g,,,"6,99 €/kg",,
Parmareggio Mix de Queijos Ralados unidade 70 g,Parmareggio,,"1,65 €","(23,57 € / Kg)",
Quinta da Chinchorra Vinho Branco do Douro Reserva garrafa 75 cl,Quinta da Chinchorra,,"7,95 €","(10,60 € / Litro)",
Germinal Tarte Integral de Mirtilo Biológica embalagem 55 g,Germinal,,"2,19 €","(39,82 € / Kg)",
Casa do Porco Preto Chouriço Ibérico de Barrancos unidade 200 g,Casa do Porco Preto,,"4,69 €","(23,45 € / Kg)",
Henriques & Henriques Vinho da Madeira 3 Anos Meio Seco garrafa 75 cl,Henriques & Henriques,,"8,25 €",(11 € / Litro),
Violife Bio Fumado Fatias embalagem 200 g,Violife,,"4,29 €","(21,45 € / Kg)",
El Corte Inglés Cereais Bolas de Milho com Mel embalagem 500 g,El Corte Inglés,,"1,99 €","(3,98 € / Kg)",
Dessange Mola Design Modelo Pequeno embalagem 1 unidade,Dessange,,"3,99 €","(3,99 € / Unidade)",
Crios Vinho Branco da Argentina Torrontes garrafa 75 cl,Crios,,"10,45 €","(13,93 € / Litro)",
Dom Martinho Vinho Tinto do Alentejo garrafa 75 cl,Dom Martinho,,"5,99 €","(7,99 € / Litro)",
El Corte Inglés Bolachas Maria sem Açúcar embalagem 400 g,El Corte Inglés,,"1,79 €","(4,48 € / Kg)",
Salutem Granola Superior de frutos Vermelhos ao Natural embalagem 400 g,Salutem,,"5,79 €","(14,48 € / Kg)",
Starbucks Cappuccino embalagem 12 cápsulas,Starbucks,,"5,49 €","(0,46 € / Unidade)",
Knorr Natura Caldo Natura de Carne Pack 4 embalagem 112 g,Knorr Natura,,"2,30 €","(20,54 € / Kg)",
"Simplu Cerelin Caramelo Noz Pecan, Maçã e Canela embalagem 300 g",Simplu,,"8,95 €","(29,83 € / Kg)",
Duracell Optimum Pilhas AA 100% Extra Power embalagem 4 unidades,Duracell Optimum,,"6,99 €","(1,75 € / Unidade)",
Companhia das Lezírias Aguardente Velha 40 Anos garrafa 35 cl,Companhia das Lezírias,,"34,95 €","(99,86 € / Litro)",
Nestlé Nestum Cereais Chocolate embalagem 250 g,Nestlé Nestum,,"2,49 €","(9,96 € / Kg)",
Cristal Gourmet Vinagre de Sidra de Maçã Mater Biológico embalagem 250 ml,Cristal Gourmet,,"3,59 €","(14,36 € / Litro)",
Renova Guardanapos Black Label Savana embalagem 12 unidades,Renova,,"1,20 €","(0,10 € / Unidade)",
Compal Clássico Néctar de Frutos Vermelhos embalagem 1 L,Compal Clássico,,"1,49 €","(1,49 € / Litro)",
Cem Porcento Chá para Infusão Boldo embalagem 13 g,Cem Porcento,,"0,85 €","(65,38 € / Kg)",
Tradizionale Pizza Margherita embalagem 345 g,Tradizionale,,"5,29 €","(15,33 € / Kg)",
Green Vie Bloco com Sabor Mozzarella Vegan sem Lactose e sem Glúten embalagem 250 g,Green Vie,,"3,79 €","(15,16 € / Kg)",
Lola Condicionador Hidratante Morte Súbita embalagem 250 g,Lola,,"9,93 €","(39,72 € / Kg)",
Gardiners Caramelos Fudge Panda lata 200 g,Gardiners,,"11,95 €","(59,75 € / Kg)",
El Corte Inglés Torrão de Praliné de Queijo com Mirtilos embalagem 250 g,El Corte Inglés,,"3,65 €","(18,25 € / Kg)",
Royal Oporto Vinho do Porto Tawny 20 Anos garrafa 75 cl,Royal Oporto,,"45,90 €","(61,20 € / Litro)",
Covela Vinho Verde Avesso Branco garrafa 75 cl,Covela,,"7,99 €","(10,65 € / Litro)",
El Corte Inglés Toalhitas para Bébe 4X72 embalagem 288 unidades,El Corte Inglés,,"3,95 €","(0,01 € / Unidade)",
Sun Expert Detergente para a Máquina da Loiça Extra Power embalagem 76 pastilhas,Sun Expert,,"24,99 €","(0,33 € / Unidade)",
Camélia Morimoto Matcha Biológico embalagem 20 g,Camélia,,"10,95 €","(547,50 € / Kg)",
El Almendro Torrão de Chocolate com Amêndoas sem Açúcar embalagem 200 g,El Almendro,,"4,99 €","(24,95 € / Kg)",
Corine de Farme Toalhitas Infantis Fresh & Natural Peles Sensíveis embalagem 56 unidades,Corine de Farme,,"2,29 €","(0,04 € / Unidade)",
Izidoro o Charcuteiro Banha de Porco com Alho embalagem 250 g,Izidoro o Charcuteiro,,"2,10 €","(9,13 € / Kg)",
Oliveira da Serra Azeite Virgem Extra garrafa 500 ml,Oliveira da Serra,,"6,69 €","(13,38 € / Litro)",
Haagen-Dazs Gelado de Chocolate e Amêndoas embalagem 80 ml,Haagen-Dazs,,"2,15 €","(26,88 € / Litro)",
Rottaler Nata Agria com 24% de Matéria Gorda embalagem 200 g,Rottaler,,"2,59 €","(12,95 € / Kg)",
Hein Pastel de Carne sem Fosfatos embalagem 400 g,Hein,,"7,49 €","(18,72 € / Kg)",
Fizzy Peluche com Chocolate Lisa La Licorne embalagem 100 g,Fizzy,,"13,45 €","(134,50 € / Kg)",
EA Vinho Tinto do Alentejo Reserva garrafa 75 cl,EA,,"9,49 €","(12,65 € / Litro)",
Just For Men Condicionador para a Barba com Aloe Vera e Camomila embalagem 88 ml,Just For Men,,"9,99 €","(113,52 € / Litro)",
Valfrutta Ervilhas ao Vapor Pack 3 lata 150 g,Valfrutta,,"3,29 €","(21,93 € / Kg)",
Casa di Mama Pizza de Fiambre e Cogumelos embalagem 405 g,Casa di Mama,,"5,59 €","(13,80 € / Kg)",
Antonio Banderas Eau de Toilette Black embalagem 100 ml,Antonio Banderas,,"26,99 €","(269,90 € / Litro)",
Calgon Express Action Anti-Calcário 2 em 1 para a Máquina da Roupa em Pó embalagem 15 doses,Calgon Express Action,,"9,32 €","(0,62 € / Dose)",
Knorr Sopa de Tomate 4 porções embalagem 85 g,Knorr,,"1,49 €","(17,53 € / Kg)",
Nobre Suave Sabor Presunto em Fatias embalagem 70 g,Nobre Suave Sabor,,"1,99 €","(28,43 € / Kg)",
Grande Trinca Bolotas Vinho Tinto do Alentejo garrafa 70 cl,Grande Trinca Bolotas,,"8,99 €","(11,99 € / Litro)",
Beutelsbacher Sumo de Maçã e Manga Biológico embalagem 200 ml,Beutelsbacher,,"2,59 €","(12,95 € / Litro)",
GOT2B Cera Fixadora em Spray embalagem 200 ml,GOT2B,,"6,59 €","(32,95 € / Litro)",
Alpro Light Bebida Natural com Cálcio embalagem 1 L,Alpro Light,,"2,39 €","(1,89 € / Litro)","2,39 €"
Bio Kill Insecticida para Insectos Voadores Original Spray embalagem 375 ml,Bio Kill,,"5,69 €","(15,17 € / Litro)",
"Skip Oxigénio Bioativo Tira-Nódoas para Roupa Branca em Gel embalagem 1,6 L",Skip Oxigénio Bioativo,,"6,99 €","(4,37 € / Litro)",
Campofrio Peito de Peru em Fatias Finas sem Glúten embalagem 220 g,Campofrio,,"3,59 €","(16,32 € / Kg)",
Izidoro o Charcuteiro Peito de Peru em Fatias Finas Reduzido em Sal embalagem 110 g,Izidoro o Charcuteiro,,"2,45 €","(22,27 € / Kg)",
Gullón Bolachas Digestivas com Muesli embalagem 365 g,Gullón,,"2,95 €","(8,08 € / Kg)",
Illy Café Espresso Clássico para Nespresso embalagem 10 cápsulas,Illy,,"5,24 €","(0,52 € / Unidade)",
Prozis Gelado de Caramelo Salgado Crocante embalagem 500 ml,Prozis,,"6,99 €","(13,98 € / Litro)",
Loacker Quadratini Bolachas Wafer de Chocolate Duplo embalagem 118 g,Loacker Quadratini,,"3,29 €","(27,88 € / Kg)",
Quanto Amaciador para a Roupa Elixir Rosas embalagem 52 doses,Quanto,,"4,49 €","(0,09 € / Dose)",
Kellogg's Barra de Cereais Frosties embalagem 150 g,Kellogg's,,"2,79 €","(18,60 € / Kg)",
Gianni Negrini Salame Milano unidade 125 g,Gianni Negrini,,"5,79 €","(46,32 € / Kg)",
Artiach Chiquilín Bolachas 0% Açúcares Adicionados embalagem 175 g,Artiach Chiquilín,,"2,39 €","(8,86 € / Kg)","2,39 €"
El Corte Inglés Bio Bebida de Arroz com Coco sem Lactose e sem Glúten Biológica embalagem 1 L,El Corte Inglés Bio,,"2,10 €","(2,10 € / Litro)",
Delfin Calamares do Pacífico embalagem 450 g,Delfin,,"4,39 €","(9,76 € / Kg)",
Quanto Amaciador Elixir para a Roupa Lírios Azuis Concentrado embalagem 52 doses,Quanto,,"4,49 €","(0,09 € / Dose)",
Fairy Detergente de Lavagem à Mão para Loiça Maxi Poder Limão embalagem 440 ml,Fairy,,"3,45 €","(7,84 € / Litro)",
Patak's Molho Indiano Sweet Mango Chutney frasco 340 g,Patak's,,"4,85 €","(14,26 € / Kg)",
Heineken Cerveja da Holanda barril 5 L,Heineken,,"16,45 €","(3,29 € / Litro)",
Salutem Tortas de Arroz Integral com Sementes de Girassol sem Glúten embalagem 130 g,Salutem,,"1,49 €","(11,46 € / Kg)",
Mentos Rebuçados de Mistura de Frutas embalagem 40 g,Mentos,,"0,95 €","(23,75 € / Kg)",
A Tarte de Amêndoa embalagem 650 g,A Tarte,,"19,70 €","(30,31 € / Kg)",
Mimosa Magro Aroma Iogurte Líquido Magro de Ananás Pack 6 unidades embalagem 151 ml,Mimosa Magro Aroma,,"2,79 €","(18,48 € / Litro)",
Freixenet Espumante Rose sem Álcool garrafa 75 cl,Freixenet,,"6,99 €","(9,32 € / Litro)",
Air Wick Life Scents Ambientador Freshmatic Aerossol Oasis Turquesa Recarga embalagem 250 ml,Air Wick Life Scents,,"5,99 €","(23,96 € / Litro)",
Raid Night & Day Aparelho para Moscas e Formigas Difusor + Recarga 2 unidades,Raid Night & Day,,"9,19 €","(9,19 € / Unidade)",
Ucal Leite Meio Gordo 0% Lactose embalagem 1 L,Ucal,,"1,67 €","(1,67 € / Litro)",
"Twinings Infusão de Laranja, Manga e Canela embalagem 20 unidades",Twinings,,"3,99 €","(0,20 € / Unidade)",
Murganheira Espumante Reserva Bruto garrafa 75 cl,Murganheira,,"11,79 €","(15,72 € / Litro)",
Caçarola Arroz Integral Biológico embalagem 500 g,Caçarola,,"2,26 €","(4,52 € / Kg)",
Mexifoods Molho Dip para Nachos embalagem 300 g,Mexifoods,,"2,89 €","(9,63 € / Kg)",
Bicentury Tortitas de Chocolate com Pedaços de Avelã Pack 4x2 embalagem 141 g,Bicentury,,"2,59 €","(18,37 € / Kg)",
Royal Gelatina Tropical Pack 4 embalagem 100 g,Royal,,"2,19 €","(3,35 € / Kg)","2,19 €"
Bola Regional unidade 80 g,,,"0,34 €","(4,25 € / Kg)",
Granarolo Queijo Parmigiano Reggiano embalagem 200 g,Granarolo,,"4,59 €","(22,95 € / Kg)",
El Corte Inglés Cocktail Sensações sem Glúten embalagem 195 g,El Corte Inglés,,"0,99 €","(5,08 € / Kg)",
Cimarrom Ananás em Cubos embalagem 150 g,Cimarrom,,"2,15 €","(14,33 € / Kg)",
Delta Café Solúvel sem Cafeína Decaf frasco 100 g,Delta,,"4,19 €","(41,90 € / Kg)",
"Don Simon Ice Tea de Limão garrafa 1,5 L",Don Simon,,"0,85 €","(0,57 € / Litro)",
Airwick Ambientador Roma & Italiana Recarga recarga 19 ml,Airwick,,"7,99 €","(420,53 € / Litro)",
Dove Care & Protect Gel de Banho embalagem 750 ml,Dove Care & Protect,,"4,79 €","(6,39 € / Litro)",
Cristal Gourmet Vinagre de Vinho Branco Biológico embalagem 250 ml,Cristal Gourmet,,"2,79 €","(11,16 € / Litro)",
Tabasco Molho Picante Chipotle frasco 60 ml,Tabasco,,"2,95 €","(49,17 € / Litro)",
Dessange Escova de Cabelo para Cabelos Normais embalagem 1 unidade,Dessange,,"5,69 €","(5,69 € / Unidade)",
Ox Nature Proteína de Cânhamo em Pó Biológica embalagem 125 g,Ox Nature,,"8,49 €","(67,92 € / Kg)",
Glamour Esponja Fond de Teint de Silicone embalagem 1 unidade,Glamour,,"4,15 €","(4,15 € / Unidade)",
Limiano Queijo Flamengo Light -50% Gordura em Fatias embalagem 200 g,Limiano,,"2,79 €","(13,95 € / Kg)",
Yoçor Iogurte Grego dos Açores Natural Açucarado Pack 4 unidades embalagem 130 ml,Yoçor,,"3,89 €","(7,48 € / Litro)",
Pantagruel Chocolate Culinário Branco embalagem 200 g,Pantagruel,,"2,59 €","(12,95 € / Kg)",
Dr.Organic Champô Melaleuca Biológico embalagem 250 ml,Dr.Organic,,"9,44 €","(37,76 € / Litro)",
Aguinamar Pintxo a La Donostiarra sem Glúten embalagem 180 g,Aguinamar,,"4,49 €","(24,94 € / Kg)",
Origens Super Pequeno Almoço de Avelã e Alfarroba sem Lactose Biológico embalagem 300 g,Origens,,"5,99 €","(19,97 € / Kg)",
Gardiners Caramelos Fudge Borboletas lata 200 g,Gardiners,,"11,95 €","(59,75 € / Kg)",
"Iswari Mistura D´Amor, Amoras Brancas, Amêndoas Activadas e Bagas Goji Biológica embalagem 100 g",Iswari,,"3,99 €","(39,90 € / Kg)",
Eurochocolate Bombons de Chocolate Sortidos Estrela de Natal embalagem 210 g,Eurochocolate,,"4,99 €","(23,76 € / Kg)",
Montespina Vinho Branco de Espanha DO Rueda Verdejo garrafa 75 cl,Montespina,,"6,25 €","(8,33 € / Litro)",
El Corte Inglés Leite com Chocolate embalagem 1 L,El Corte Inglés,,"1,35 €","(1,35 € / Litro)",
Leite Uht Semidesnatado embalagem 1 L,,,"0,85 €","(0,85 € / Litro)",
Nivea Fresh Kick After-Shave Loção com Menta e Água de Cato embalagem 100 ml,Nivea Fresh Kick,,"8,99 €","(89,90 € / Litro)",
Dove Sabonete Líquido para as Mãos embalagem 250 ml,Dove,,"3,99 €","(15,96 € / Litro)",
"Compal Sumo de Maçã, Figo da Piteira e Limão Bio embalagem 1 L",Compal,,"2,99 €","(2,99 € / Litro)",
D'Angelo Tortellini de Cogumelos Vegan Biológico embalagem 250 g,D'Angelo,,"4,59 €","(18,36 € / Kg)",
Nutri Goiabada do Brasil embalagem 600 g,Nutri,,"3,49 €","(5,82 € / Kg)",
Condi Zero % Pudim de Amora embalagem 22 g,Condi Zero %,,"0,84 €","(38,18 € / Kg)",
St. Dalfour Doce de Laranja frasco 284 g,St. Dalfour,,"4,39 €","(15,46 € / Kg)",
El Corte Inglés Uvas Passas Sultana embalagem 195 g,El Corte Inglés,,"1,25 €","(6,41 € / Kg)",
Quinta da Chinchorra Vinho Tinto do Douro Grande Reserva garrafa 75 cl,Quinta da Chinchorra,,"19,95 €","(26,60 € / Litro)",
Beirabaga Doce de Abóbora com Amêndoas frasco 270 g,Beirabaga,,"3,49 €","(12,93 € / Kg)",
Valor Chocolate sem Açúcar e sem Glúten embalagem 200 g,Valor,,"3,45 €","(17,25 € / Kg)",
Herdade da Maia Queijo de Cabra Cura Especial 1/4 unidade 250 g,Herdade da Maia,,"6,75 €",(27 € / Kg),
Cadbury Dairy Milk Chocolate com Frutas e Nozes embalagem 49 g,Cadbury Dairy Milk,,"1,19 €","(24,29 € / Kg)",
Chupa Chups CHUPA ORIGINAL 10,Chupa Chups,,"2,99 €","(0,30 € / Unidade)",
Cadbury Chocolates Jingly Bells Hazelnut embalagem 73 g,Cadbury,,"2,35 €","(32,19 € / Kg)",
H&S Shampoo de Mentol Fresh embalagem 1000 ml,H&S,,"9,99 €","(9,99 € / Litro)",
Crocante de Manga com Chocolate Bio embalagem 34 g,,,"3,19 €","(93,82 € / Kg)",
Fabridoce Pão de Ló Conventual Húmido embalagem 500 g,Fabridoce,,"8,95 €","(17,90 € / Kg)",
Emma Giordani Tortellini de Presunto Fumado embalagem 250 g,Emma Giordani,,"3,29 €","(13,16 € / Kg)",
Hamburguesa Nostra Molho de Mel e Mostarda sem Glúten embalagem 200 ml,Hamburguesa Nostra,,"4,49 €","(22,45 € / Litro)",
Ajax Cristal Limpa-Vidros embalagem 500 ml,Ajax Cristal,,"3,59 €","(7,18 € / Litro)",
Magabel Tisana Cavalinha embalagem 10 unidades,Magabel,,"1,10 €","(0,11 € / Unidade)",
Humydry Anti-Humidade Premium Plus Neutro embalagem 500 g,Humydry,,"10,99 €","(21,98 € / Kg)",
Finn Crisp Tostas embalagem 200 g,Finn Crisp,,"2,25 €","(11,25 € / Kg)",
Vitacress Sabores da Horta Molho de Iogurte embalagem 200 ml,Vitacress Sabores da Horta,,"1,99 €","(9,95 € / Litro)",
Caçarola Feijão Catarino embalagem 500 g,Caçarola,,"1,85 €","(3,70 € / Kg)",
Go-Tan Molho Sriracha embalagem 215 ml,Go-Tan,,"3,59 €","(16,70 € / Litro)",
"Don Simon Sumo de Laranja garrafa 1,5 L",Don Simon,,"1,49 €","(0,99 € / Litro)",
Glade Vela Ambientador Anti-Tabaco embalagem 129 g,Glade,,"4,99 €","(38,68 € / Kg)",
Delta Q Café Grand Qalidus Intensidade 10 embalagem 80 cápsulas,Delta Q,,"21,99 €","(0,27 € / Unidade)",
Zesty Chocolate Negro 70% Cacau com Creme de Avelã Vegan sem Açúcar Adicionado e sem Glúten embalagem 80 g,Zesty,,"4,80 €",(60 € / Kg),
Fuenteespina Vinho Tinto de Espanha DO Ribera del Duero Crianza garrafa 75 cl,Fuenteespina,,"11,45 €","(15,27 € / Litro)",
JR Folhas de Brick embalagem 136 g,JR,,"2,09 €","(15,37 € / Kg)",
Salutem Bolachas Marinhas Naturais sem Açúcar embalagem 200 g,Salutem,,"2,29 €","(11,45 € / Kg)",
Riberalves Bacalhau Desfiado embalagem 400 g,Riberalves,,"5,29 €","(13,22 € / Kg)",
Millan Vicente Tábua de Queijos Mista unidade 250 g,Millan Vicente,,"5,49 €","(21,96 € / Kg)",
"Tangerina Encore Peso Aproximado por cuvete 1,2 kg",,,"4,79 €","(3,99 € / Kg)",
Gran Pasta Spaghetti embalagem 250 g,Gran Pasta,,"2,49 €","(9,96 € / Kg)",
L'Oréal Elvive Óleo Capilar em Creme embalagem 150 ml,L'Oréal,,"7,99 €","(53,27 € / Litro)",
Poppels Cerveja da Suécia Imperial Stout garrafa 33 cl,Poppels,,"4,89 €","(14,82 € / Litro)",
Haagen-Dazs Mini Gelado de Doce de Leite embalagem 95 ml,Haagen-Dazs,,"2,45 €","(25,79 € / Litro)",
Entrecosto de Porco Peso Aproximado 600 g,,,"5,49 €/kg",,
Ceifeira Arroz Agulha Extra Longo embalagem 1 kg,Ceifeira,,"1,09 €","(1,09 € / Kg)",
Kuchen Meister Waffles de Ovos embalagem 165 g,Kuchen Meister,,"1,65 €",(10 € / Kg),
S.D' Fruta Sumo Fresco de Maçã e Ananás embalagem 1 L,S.D' Fruta,,"3,95 €","(3,95 € / Litro)",
Bacardi Rum Carta Blanca garrafa 70 cl,Bacardi,,"17,09 €","(24,41 € / Litro)",
Panrico Pão de Forma Familiar Vegan sem Lactose embalagem 750 g,Panrico,,"2,39 €","(3,19 € / Kg)",
Moaçor Kids Bolachas Mini Mulata embalagem 180 g,Moaçor Kids,,"1,39 €","(7,72 € / Kg)",
Sonasol Wc Poder Activo Desinfectante de Lavanda embalagem 50 g,Sonasol Wc Poder Activo,,"3,19 €","(63,80 € / Kg)",
Maybelline Fit Me Base Fluída Matificante Matte para Pele Normal a Oleosa Nº 334 embalagem 1 unidade,Maybelline Fit Me,,"9,99 €","(9,99 € / Unidade)",
Rexona Active Protection+ Desodorizante Invisible Roll-On embalagem 50 ml,Rexona Active Protection+,,"4,49 €","(89,80 € / Litro)",
Sharwood's Chutney de Manga frasco 227 g,Sharwood's,,"4,25 €","(18,72 € / Kg)",
Queijaria das Romãs Queijo Fresco de Ovelha Pack 2 embalagem 140 g,Queijaria das Romãs,,"2,89 €","(20,64 € / Kg)",
Renova Papel Higiénico Roxo embalagem 6 unidades,Renova,,"6,99 €","(1,16 € / Unidade)",
O Gelado Gelado de Limão e Hortelã Vegan embalagem 460 ml,O Gelado,,"7,19 €","(15,63 € / Litro)",
El Almendro Barritas de Amendoa com Chocolate Negro 70% embalagem 100 g,El Almendro,,"3,49 €","(34,90 € / Kg)",
Quinta do Pinto Vinho Branco de Lisboa Sauvignon Blanc garrafa 75 cl,Quinta do Pinto,,"11,75 €","(15,67 € / Litro)",
El Corte Inglés Detergente Liquido Manual embalagem 22 doses,El Corte Inglés,,"1,99 €","(1,99 € / Litro)",
Galbani Queijo Ralado Grana Padano embalagem 60 g,Galbani,,"1,98 €",(33 € / Kg),
Pepino Peso Aproximado por cuvete 700 g,,,"2,79 €","(3,99 € / Kg)",
Cem Porcento Chá Fresh de Limão Pack 2 embalagem 9 g,Cem Porcento,,"0,99 €",(110 € / Kg),
Skippy Creme para Barrar de Manteiga de Amendoim frasco 400 g,Skippy,,"4,39 €","(9,85 € / Kg)","4,39 €"
Kwak Cerveja da Bélgica garrafa 75 cl,Kwak,,"11,49 €","(15,32 € / Litro)",
La Ermita Cantabria Pudim de Chocolate Branco sem Glúten frasco 110 g,La Ermita Cantabria,,"2,35 €","(21,36 € / Kg)",
Margão Segredos Ervas e Especiarias para Saladas Verdes embalagem 5 g,Margão Segredos,,"1,49 €",(298 € / Kg),
Giovanni Rana Paglia e Fieno embalagem 250 g,Giovanni Rana,,"2,29 €","(9,16 € / Kg)",
Babaria Gel Efeito Húmido embalagem 150 ml,Babaria,,"2,49 €","(16,60 € / Litro)",
Delaviuda Torrão de Três Chocolates embalagem 200 g,Delaviuda,,"3,60 €",(18 € / Kg),
El Almendro Torrão de Três Chocolates embalagem 290 g,El Almendro,,"3,29 €","(11,34 € / Kg)",
Aliada Trufas de Cacau embalagem 250 g,Aliada,,"1,95 €","(7,80 € / Kg)",
Cuétara Cereais Choco Flakes embalagem 500 g,Cuétara,,"3,99 €","(5,98 € / Kg)","3,99 €"
Caves São João Espumante Bruto garrafa 75 cl,Caves São João,,"5,95 €","(7,93 € / Litro)",
Jean Louis David Escova de Pentear embalagem 1 unidade,Jean Louis David,,"13,99 €","(13,99 € / Unidade)",
Fridela Vieira Recheada com Gambas embalagem 150 g,Fridela,,"1,99 €","(13,27 € / Kg)",
Completa Mistura Solúvel para Café e Chá frasco 200 g,Completa,,"3,95 €","(19,75 € / Kg)",
Asturiana Manteiga com Sal embalagem 250 g,Asturiana,,"2,49 €","(9,96 € / Kg)",
Prozis Pastel de Nata sem Açúcar Adicionado embalagem 4 unidades,Prozis,,"3,89 €","(0,97 € / Unidade)",
Valsoia Pudim de Caramelo Pack 4 unidades embalagem 230 g,Valsoia,,"1,79 €","(7,78 € / Kg)",
Neoblanc Tira Nódoas para Roupa Branca embalagem 1 kg,Neoblanc,,"13,99 €","(6,99 € / Kg)","13,99 €"
"El Corte Inglés Papel Higiénico Húmido ""Justice League"" embalagem 120 unidades",El Corte Inglés,,"1,85 €","(0,02 € / Unidade)",
Gillette Mach 3 Máquinas Recargas embalagem 5 unidades,Gillette Mach 3,,"13,40 €","(2,68 € / Unidade)",
Corine de Farme Toalhitas Íntimas Controlo de Odor embalagem 10 unidades,Corine de Farme,,"2,19 €","(0,22 € / Unidade)",
Hermesetas Adoçante Stevia Sweet Líquido embalagem 125 ml,Hermesetas,,"8,29 €","(66,32 € / Litro)",
Al-Andalus Melaço embalagem 460 g,Al-Andalus,,"3,95 €","(8,59 € / Kg)",
Lapalisse Óleo Virgem de Colza Biológico embalagem 500 ml,Lapalisse,,"11,99 €","(23,98 € / Litro)",
Real Filetes Filetes de Biqueirão Marinados em Vinagre embalagem 100 g,Real Filetes,,"4,39 €","(43,90 € / Kg)",
Swiffer Kit Duplo embalagem,Swiffer,,"15,99 €","(15,99 € / Unidade)",
After Eight Chocolate com Recheio de Menta e Laranja embalagem 200 g,After Eight,,"3,65 €","(18,25 € / Kg)",
Dr. Beckmann Toalha Absorve Cores embalagem 1 unidade,Dr. Beckmann,,"5,99 €","(5,99 € / Unidade)",
Alsa Preparado para Gelatina de Morango Origem Vegetal embalagem 180 g,Alsa,,"2,99 €","(16,61 € / Kg)",
Nazaré Torrão de Amendoim com Mel 5 +1 unidade embalagem 150 g,Nazaré,,"1,85 €","(12,33 € / Kg)",
Walkers Shortbread Bolachas de Manteiga Fingers embalagem 150 g,Walkers Shortbread,,"4,25 €","(28,33 € / Kg)",
Condi Light Gelatina Light de Frutos Vermelhos 0% Açúcar embalagem 30 g,Condi Light,,"1,85 €","(61,67 € / Kg)",
Riberalves Pasteis de Bacalhau Gourmet no Forno embalagem 256 g,Riberalves,,"4,99 €","(19,49 € / Kg)",
Izidoro O Merceeiro Salsichas Bockwurst 5 Unidades frasco 390 g,Izidoro O Merceeiro,,"3,22 €","(8,26 € / Kg)",
Gallo Concentrado á Base de Azeite Virgem Extra e Aroma de Fumado garrafa 250 ml,Gallo,,"2,99 €","(11,96 € / Litro)",
Alcurnia Pêssego em Calda Metades lata 480 g,Alcurnia,,"3,15 €","(6,56 € / Kg)",
Cigala Banzai Noodles com Sabor a Caril embalagem 67 g,Cigala Banzai,,"1,19 €","(17,76 € / Kg)",
QMF Vinho Tinto da Bairrada garrafa 75 cl,QMF,,"4,99 €","(6,65 € / Litro)",
Chef Queijo Ralado para Massas embalagem 150 g,Chef,,"2,19 €","(14,60 € / Kg)",
Bledina Saqueta de Banana e Morango Fruta Pura sem Adição de Açúcares embalagem 85 g,Bledina,,"1,04 €","(12,24 € / Kg)",
El Corte Inglés Croquetes de Presunto Serrano embalagem 500 g,El Corte Inglés,,"1,99 €","(3,98 € / Kg)",
Calgon Protector Finish para Máquina de Loiça embalagem 1 unidade,Calgon,,"7,99 €","(7,99 € / Unidade)",
Neo Blanc Lixívia Tradicional 2 L,Neo Blanc,,"2,20 €","(0,02 € / Litro)",
Fairy Ultra Detergente de Lavagem à Mão para Loiça Jasmim Rosa Concentrado embalagem 1500 ml,Fairy Ultra,,"6,65 €","(4,43 € / Litro)",
Próvida Puré de Fruta Tropical sem Adição de Açúcar Biológico embalagem 100 g,Próvida,,"0,99 €","(9,90 € / Kg)",
Maybelline Tattoo Liner Lápis para Olhos Nº 932 Intense Green embalagem 1 unidade,Maybelline Tattoo Liner,,"9,99 €","(9,99 € / Unidade)",
Milaneza Esparguete Quadrado Molde de Bronze embalagem 500 g,Milaneza,,"1,85 €","(3,70 € / Kg)",
Nutrisse Ultra Color Coloração de Longa Duração Nº 4.26 Castanho Violino embalagem 1 unidade,Nutrisse Ultra Color,,"9,49 €","(9,49 € / Unidade)",
Só Vinha Vinho Branco Verde garrafa 75 cl,Só Vinha,,"6,90 €","(9,20 € / Litro)",
Cimarrom Amendoins com Sal embalagem 150 g,Cimarrom,,"1,25 €","(8,33 € / Kg)",
Sical Café Torrado Moído Lote Dak Lak Vietname Moagem Universal Intensidade 10 embalagem 220 g,Sical,,"3,89 €","(17,68 € / Kg)",
São Miguel Queijo da Ilha Velho 9 Meses embalagem 300 g,São Miguel,,"4,69 €","(15,63 € / Kg)",
El Corte Inglés Queijo Fresco Tipo Burgos 0% Gordura Pack 2 embalagem 500 g,El Corte Inglés,,"3,29 €","(6,58 € / Kg)",
Antonio Banderas Eau de Toilette Golden Secret embalagem 50 ml,Antonio Banderas,,"16,49 €","(329,80 € / Litro)",
Disney Cars Refrigerante com Gás garrafa 75 cl,Disney Cars,,"4,45 €","(5,93 € / Litro)",
Harpic Bloco Sanitário Água Turquesa embalagem 35 g,Harpic,,"3,29 €",(94 € / Kg),
Veckia Gel de Banho Regenerante para Pele Seca com Aloe Vera e Soja embalagem 750 ml,Veckia,,"1,55 €","(0,21 € / 10 ml.)",
Vasco da Gama Filetes de Atum em Azeite frasco 200 g,Vasco da Gama,,"4,55 €","(22,75 € / Kg)",
Air Wick Essential Oils Vela com Fragrância de Frutos Vermelhos embalagem 320 g,Air Wick Essential Oils,,"4,75 €","(7,41 € / Kg)","4,75 €"
Skip Oxigénio Bioativo Tira-Nódoas para Roupa Branca embalagem 1 kg,Skip Oxigénio Bioativo,,"12,99 €","(12,99 € / Kg)",
Jade Cerveja de França Blonde Biológica sem Glúten garrafa 25 cl,Jade,,"2,99 €","(11,96 € / Litro)",
Milka Gelado Small Hearts embalagem 240 ml,Milka,,"4,99 €","(20,79 € / Litro)",
Eci Selection Sucedâneo de Caviar sem Glúten frasco 120 g,Eci Selection,,"3,79 €","(31,58 € / Kg)",
Pastoret Iogurte Artesanal Natural embalagem 125 g,Pastoret,,"0,79 €","(6,32 € / Kg)",
Capdevila Sortido Mousse Premium embalagem 165 g,Capdevila,,"4,65 €","(28,18 € / Kg)",
Timmermans Cerveja da Bélgica Pêche Lambicus garrafa 25 cl,Timmermans,,"3,39 €","(13,56 € / Litro)",
Pleno Bebida Tisana de Chá Preto garrafa 33 cl,Pleno,,"0,79 €","(2,39 € / Litro)",
Ultra Suave Máscara Capilar Nutrição Intensa embalagem 300 ml,Ultra Suave,,"6,79 €","(22,63 € / Litro)",
Bravo Esfregão de Aço Inox 1 unidade,Bravo,,"1,49 €","(1,49 € / Unidade)",
Serramel Mel de Rosmaninho frasco 500 g,Serramel,,"6,19 €","(12,38 € / Kg)",
Delta Café Solúvel Cereais+Chicória frasco 200 g,Delta,,"3,39 €","(16,95 € / Kg)",
Drink6 Sumo Detox de Frutos Vermelhos embalagem 230 ml,Drink6,,"2,50 €","(10,87 € / Litro)",
Vaginesil Gel Íntimo Diário embalagem 250 ml,Vaginesil,,"5,45 €","(21,80 € / Litro)",
Gresso Natas Uht para Bater embalagem 200 ml,Gresso,,"0,89 €","(4,45 € / Litro)",
Curral Atlantis Vinho Branco dos Açores Arinto garrafa 75 cl,Curral Atlantis,,"23,49 €","(31,32 € / Litro)",
Fiorentini Snack de Milho e Tomate sem Glúten Biológico embalagem 50 g,Fiorentini,,"1,89 €","(37,80 € / Kg)",
Lipton Chá Preto Rich Earl Grey embalagem 25 unidades,Lipton,,"1,89 €","(0,08 € / Unidade)",
Espiga Coentros Grão Moído frasco 35 g,Espiga,,"1,60 €","(45,71 € / Kg)",
Fapil Escorredor 1 unidade,Fapil,,"1,25 €","(1,25 € / Unidade)",
Cillit Bang Tira Gorduras embalagem 500 ml,Cillit Bang,,"4,49 €","(8,98 € / Litro)",
Corine de Farme Gel de Banho para Corpo e Cabelo Biológico embalagem 500 ml,Corine de Farme,,"7,49 €","(14,98 € / Litro)",
Serrano Duo de Mojama e Ovas unidade 200 g,Serrano,,"14,99 €","(74,95 € / Kg)",
El Corte Inglés Selection Filetes de Anchova em Azeite lata 29 g,El Corte Inglés Selection,,"2,05 €","(70,69 € / Kg)",
Beutelsbacher Sumo de Multi Frutas Biológico embalagem 200 ml,Beutelsbacher,,"2,55 €","(12,75 € / Litro)",
El Corte Inglés Napolitanas Recheadas com Cacau 8 Unidades embalagem 320 g,El Corte Inglés,,"1,99 €","(6,22 € / Kg)",
Scotch Brite Esfregão Vitrocerâmicas 3M Cabo Recarga embalagem 2 unidades,Scotch Brite,,"5,49 €","(2,74 € / Unidade)",
"Nestlé Nestum Super Pele Saudável Flocos de Aveia, Maçã, Cenoura e Linhaça embalagem 210 g",Nestlé Nestum,,"3,39 €","(16,14 € / Kg)",
Donuts Glacé Mini 5 Unidades embalagem 120 g,Donuts,,"2,19 €","(18,25 € / Kg)",
Werther's Original Caramelos embalagem 1 kg,Werther's Original,,"20,49 €","(20,49 € / Kg)",
Diese Infusão de Ervas Boa Forma embalagem 15 g,Diese,,"1,39 €","(92,67 € / Kg)",
Milka Bolachas de Chocolate com Recheio de Laranja embalagem 147 g,Milka,,"1,99 €","(13,54 € / Kg)",
Casa de Mateus Doce de Tomate frasco 345 g,Casa de Mateus,,"2,99 €","(8,67 € / Kg)",
Eci Selection Foie Gras de Pato Inteiro Mi Cuit sem Glúten embalagem 250 g,Eci Selection,,"27,75 €",(111 € / Kg),
Freixenet Espumante Cava Reserva Meio Seco garrafa 75 cl,Freixenet,,"5,99 €","(7,99 € / Litro)",
Magnum Gelado de Caramelo e Nozes Pack 6 embalagem 384 ml,Magnum,,"5,49 €","(14,30 € / Litro)",
Sumatra Vodka garrafa 70 cl,Sumatra,,"28,95 €","(41,36 € / Litro)",
Vaseline Gel de Banho Camomila e Mel embalagem 700 ml,Vaseline,,"4,99 €","(7,13 € / Litro)",
Excellence Coloração Nudes sem Amoníaco Louro Muito Claro Universal 9 U embalagem 1 unidade,Excellence,,"12,99 €","(12,99 € / Unidade)",
Air Wick Freshmatic Ambientador Aerossol White Bouquet Recarga embalagem 250 ml,Air Wick Freshmatic,,"5,99 €","(23,96 € / Litro)",
Fairy Detergente de Lavagem à Mão para Loiça Concentrado Original embalagem 820 ml,Fairy,,"4,89 €","(5,96 € / Litro)",
Ahmad Tea Chá Verde de Jasmim embalagem 20 unidade,Ahmad Tea,,"3,95 €","(0,20 € / Unidade)",
Nova Açores Manteiga com Sal embalagem 250 g,Nova Açores,,"2,19 €","(8,76 € / Kg)",
El Corte Inglés Mini Tostas embalagem 120 g,El Corte Inglés,,"0,65 €","(5,42 € / Kg)",
Youwok Molho Chilli Doce Thai frasco 250 ml,Youwok,,"3,19 €","(12,76 € / Litro)",
El Corte Inglés Selection Grão de Bico IGP de Escacena embalagem 1 kg,El Corte Inglés Selection,,"3,99 €","(3,99 € / Kg)",
El Corte Inglés Salada de Canónigos embalagem 125 g,El Corte Inglés,,"1,59 €","(12,72 € / Kg)",
Serra de Portel Mel de Rosmaninho frasco 1 kg,Serra de Portel,,"9,99 €","(9,99 € / Kg)",
Excellence Creme Coloração Nº 5.5 Castanho Claro Acajou embalagem 1 unidade,Excellence Creme,,"11,99 €","(11,99 € / Unidade)",
Presunto 100% Ibérico Campo ao peso 1 kg,,,"125,00 €/kg",,
Barilla Molho Bolonhesa frasco 400 g,Barilla,,"4,49 €","(7,22 € / Kg)","4,49 €"
Santiveri Tostas Ligeiras de Espelta Biológicas embalagem 200 g,Santiveri,,"6,55 €","(32,75 € / Kg)",
El Corte Inglés Selection Bolachas Sortidas embalagem 400 g,El Corte Inglés Selection,,"6,85 €","(17,12 € / Kg)",
Espiga Pão Ralado com Ervas Finas embalagem 200 g,Espiga,,"1,35 €","(6,75 € / Kg)",
Nau do Cacau Chocolate Preto Equador com Avelãs da Turquia 80% Cacau Biológico embalagem 80 g,Nau do Cacau,,"5,29 €","(66,12 € / Kg)",
Frico Queijo da Holanda Gouda Envelhecido em Cunha embalagem 265 g,Frico,,"5,49 €","(20,72 € / Kg)",
Belvita Bolachas de Frutos Silvestres embalagem 300 g,Belvita,,"2,49 €","(8,30 € / Kg)",
After Eight Chocolate com Recheio de Menta Leve 3 Pague 2 embalagem 600 g,After Eight,,"6,30 €","(10,50 € / Kg)",
Longa Vida Natas Pasteurizadas embalagem 200 ml,Longa Vida,,"2,19 €","(10,95 € / Litro)",
Primeira Folha Beterraba Germinada embalagem 30 g,Primeira Folha,,"2,99 €","(99,67 € / Kg)",
Maçarico Azeitonas Verdes Recheadas com Miolo de Amêndoa frasco 350 g,Maçarico,,"4,99 €","(14,26 € / Kg)",
Margão Segredos Massa embalagem 16 g,Margão,,"2,19 €","(136,88 € / Kg)",
Rummo Spaghetti embalagem 500 g,Rummo,,"2,39 €","(4,78 € / Kg)",
Ambi Pur 3 Volution Ambientador Eléctrico Frescura de Primavera Recarga embalagem 1 unidade,Ambi Pur 3 Volution,,"6,99 €","(6,99 € / Unidade)",
Delta Café Torrado Moído Ritual embalagem 220 g,Delta,,"3,19 €","(9,32 € / Kg)","3,19 €"
Um Bongo Néctar de Manga Tum-Tum Pack 3 embalagem 20 cl,Um Bongo,,"1,49 €","(2,48 € / Litro)",
Vahiné Deco Açúcar Rosa frasco 82 g,Vahiné,,"1,79 €","(21,83 € / Kg)",
Sanytol Purificador de Ar Desinfectante Superfícies e Têxteis embalagem 300 ml,Sanytol,,"5,99 €","(19,97 € / Litro)",
Bacalhôa Moscatel de Setúbal garrafa 75 cl,Bacalhôa,,"5,99 €","(7,99 € / Litro)",
El Corte Inglés Selection Torrão de Gema Torrada com Laranja embalagem 300 g,El Corte Inglés Selection,,"6,99 €","(23,30 € / Kg)",
Dove Men +Care Desodorizante Roll-On Cool Fresh embalagem 50 ml,Dove Men +Care,,"4,69 €","(93,80 € / Litro)",
Perrier Água com Gás garrafa 50 cl,Perrier,,"1,35 €","(2,70 € / Litro)",
Snock Salada com Tiras Veggie e Cevada Balsâmico Feito com Garden Gourmet embalagem 260 g,Snock,,"4,39 €","(16,88 € / Kg)",
Babaria Creme Facial Nutritivo com Cannabis Peles Sensíveis embalagem 50 ml,Babaria,,"8,85 €",(177 € / Litro),
Future Farm Chick`n Plant Based embalagem 160 g,Future Farm,,"4,99 €","(31,19 € / Kg)",
Dez Prá Uma Hamgúrger de Salmão com Molho de Manga embalagem 450 g,Dez Prá Uma,,"16,50 €","(36,67 € / Kg)",
Malandra Vinho Branco do Alentejo Reserva garrafa 75 cl,Malandra,,"9,49 €","(12,65 € / Litro)",
Kopke Vinho do Porto Colheita 1987 garrafa 75 cl,Kopke,,80 €,"(106,67 € / Litro)",
Renova Super Papel Higiénico embalagem 32 unidades,Renova Super,,"10,60 €","(0,33 € / Unidade)",
"Berchtesgadener Land Quarke 0,2% sem Lactose Biológico embalagem 250 g",Berchtesgadener Land,,"1,55 €","(6,20 € / Kg)",
El Corte Inglés Xarope de Morango embalagem 300 g,El Corte Inglés,,"1,85 €","(6,17 € / Kg)",
Pescanova Jardineira 400 g + 100 g Grátis embalagem 500 g,Pescanova,,"1,99 €","(3,98 € / Kg)",
Palmolive Wellness Gel de Banho Massage de Sal Marinho e Extrato de Aloe embalagem 500 ml,Palmolive Wellness,,"4,99 €","(9,98 € / Litro)",
Bife Alcatra de Vitela Branca Peso Aproximado por cuvete 220 g,,,"5,49 €","(24,95 € / Kg)",
Monte da Roquina Vinho Tinto do Alentejo garrafa 75 cl,Monte da Roquina,,"3,99 €","(5,32 € / Litro)",
English Tea Chá Super Goodness com Arroz Torrado e Matcha Biológico embalagem 35 g,English Tea,,"3,99 €",(114 € / Kg),
Fita Azul Espumante Rosé Bruto garrafa 75 cl,Fita Azul,,"7,45 €","(9,93 € / Litro)",
Sanguinhal Conjunto 2 Vinhos Tinto e Branco garrafa 75 cl,Sanguinhal,,"19,99 €","(13,33 € / Litro)",
Candycat Bombons de Avelã embalagem 230 g,Candycat,,"5,39 €","(23,43 € / Kg)",
Paiva Queijo Flamengo de Lamego Light -50% de Gordura em Fatias embalagem 180 g,Paiva,,"2,79 €","(15,50 € / Kg)",
OGX Sérum para Cabelo de Leite de Coco embalagem 100 ml,OGX,,"9,99 €","(99,90 € / Litro)",
Moser XV Vinho Branco da China garrafa 75 cl,Moser XV,,"11,99 €","(15,99 € / Litro)",
St.Michel Bolachas de Manteiga embalagem 130 g,St.Michel,,"1,85 €","(14,23 € / Kg)",
Snickers Chocolate Pack 3 embalagem 50 g,Snickers,,"2,39 €","(47,80 € / Kg)",
Gillette Fusion Proshield Máquinas Recargas embalagem 4 unidades,Gillette Fusion Proshield,,"22,99 €","(5,75 € / Unidade)",
Body Natur Creme Depilatório Hidratante para o Corpo Peles Normais e Secas com Chá Matcha embalagem 200 ml,Body Natur,,"4,39 €","(16,45 € / Litro)","4,39 €"
El Corte Inglés Bio Bebida de Aveia sem Lactose Biológica embalagem 1 L,El Corte Inglés Bio,,"1,29 €","(1,29 € / Litro)",
Aneto Vinho Branco do Douro garrafa 75 cl,Aneto,,"8,49 €","(11,32 € / Litro)",
Aliança Velha Aguardente Velha garrafa 70 cl,Aliança Velha,,"11,45 €","(16,36 € / Litro)",
Belfine Chupa Chupa de Chocolate Renas embalagem 35 g,Belfine,,"2,29 €","(65,43 € / Kg)",
Codyfer Atacador Preto 90 cm 1 unidade,Codyfer,,"2,05 €","(2,05 € / Unidade)",
Garcia&Filhos Pão embalagem 500 g,Garcia&Filhos,,"1,79 €","(3,58 € / Kg)",
Ideal Tinge Roupa Cinzento Antracite embalagem 40 ml,Ideal,,"4,99 €","(124,75 € / Litro)",
Rocim Vinho Branco do Alentejo garrafa 75 cl,Rocim,,"9,49 €","(12,65 € / Litro)",
Lekha Pão Roti Chupatis Pack 5 embalagem 275 g,Lekha,,"3,25 €","(11,82 € / Kg)",
Natural One 100% Sumo de Goiaba embalagem 900 ml,Natural One,,"3,79 €","(4,21 € / Litro)",
Gogo Squeez Maçã e Morango 100% Fruta embalagem 90 g,Gogo Squeez,,"0,99 €",(11 € / Kg),
Nivea Pure & Natural Desodorizante Roll-On embalagem 50 ml,Nivea Pure & Natural,,"4,49 €","(53,80 € / Litro)","4,49 €"
Oh K! Kombucha de Gengibre e Limão Biológica garrafa 750 ml,Oh K!,,"7,85 €","(10,47 € / Litro)",
Yoçor Gelatina com Sabor a Pêssego 0% Açúcares Pack 4 embalagem 100 g,Yoçor,,"1,55 €","(3,88 € / Kg)",
Vernel Suprême Amaciador para a Roupa Glamour Concentrado embalagem 1050 ml,Vernel Suprême,,"7,99 €","(7,61 € / Litro)",
Dorffler Salsichas Hot Dog 6 Unidades frasco 300 g,Dorffler,,"3,49 €","(11,63 € / Kg)",
El Corte Inglés Gelado de Chocolate Branco sem Glúten Pack 4 embalagem 440 ml,El Corte Inglés,,"1,86 €","(4,23 € / Litro)",
Delizum Sumo de Manga Biológica garrafa 1 L,Delizum,,"3,99 €","(3,99 € / Litro)",
Desiam Papel de Arroz embalagem 100 g,Desiam,,"3,89 €","(38,90 € / Kg)",
Terras do Grifo Vinho Tinto do Douro garrafa 75 cl,Terras do Grifo,,"6,59 €","(8,79 € / Litro)",
A Cagarrita Júlias Bolos embalagem 300 g,A Cagarrita,,"5,35 €","(17,83 € / Kg)",
Maybelline Tattoo Liner Lápis para Olhos Nº 921Deep Teal embalagem 1 unidade,Maybelline Tattoo Liner,,"9,99 €","(9,99 € / Unidade)",
Bio Puro Detergente Spray para Banho e Sanitários Biológico embalagem 500 ml,Bio Puro,,"6,29 €","(12,58 € / Litro)",
Castello D'Alba Vinho Tinto do Douro Grande Reserva garrafa 150 cl,Castello D'Alba,,49 €,"(32,67 € / Litro)",
Fanta Refrigerante de Laranja com Gás garrafa 50 cl,Fanta,,"1,15 €","(2,30 € / Litro)",
Nivea Protect e Bronze Creme Contorno de Olhos Anti Manchas e Anti Olheiras Luminous embalagem 15 ml,Nivea Protect e Bronze,,"26,99 €","(1.799,33 € / Litro)",
Andechser Queijo da Grécia Feta com Leite de Ovelha Biológico unidade 180 g,Andechser,,"6,29 €","(34,94 € / Kg)",
Lipton Chá Verde com Sabor a Hortelã e Lima garrafa 1 L,Lipton,,"1,75 €","(1,75 € / Litro)",
Snickers Mini Chocolates embalagem 170 g,Snickers,,"2,69 €","(15,82 € / Kg)",
Sacla Italia Molho Primavera frasco 350 g,Sacla Italia,,"4,99 €","(14,26 € / Kg)",
El Corte Inglés Cacau Instantâneo sem Glúten embalagem 1 kg,El Corte Inglés,,"3,39 €","(3,39 € / Kg)",
Pitéu Filetes de Cavala em Óleo lata 120 g,Pitéu,,"2,55 €","(21,25 € / Kg)",
Vieira Bolachas Wafer de Chocolate -40% Açúcares embalagem 125 g,Vieira,,"1,55 €","(12,40 € / Kg)",
Nissin Noodles Damae Ramen Caril Japones embalagem 100 g,Nissin,,"1,49 €","(14,90 € / Kg)",
Lima & Quental Licor de Limão garrafa 70 cl,Lima & Quental,,"13,49 €","(19,27 € / Litro)",
Officer Fígado de Bacalhau Fumado lata 120 g,Officer,,"2,69 €","(22,42 € / Kg)",
Maille L'Originale Mostarda Fina de Dijon frasco 380 g,Maille L'Originale,,"4,49 €","(11,82 € / Kg)",
Dalva Vinho do Porto Ruby garrafa 75 cl,Dalva,,"6,49 €","(8,65 € / Litro)",
El Corte Inglés Refrigerante Cola Zero Zero com Gás garrafa 2 L,El Corte Inglés,,"0,89 €","(0,38 € / Litro)","0,89 €"
Magabel Tisana Hipericão embalagem 10 unidades,Magabel,,"1,10 €","(0,11 € / Unidade)",
La Trappe Cerveja da Holanda Trappist Quadrupel garrafa 75 cl,La Trappe,,"8,99 €","(11,99 € / Litro)",
Mestre Henriques Linguiça unidade 210 g,Mestre Henriques,,"3,59 €","(17,10 € / Kg)",
Babaria Sabonete Líquido Íntimo Rosa Mosqueta embalagem 300 ml,Babaria,,"2,79 €","(9,30 € / Litro)",
Eric Kayser Croissant,Eric Kayser,,"1,60 €","(1,60 € / Unidade)",
Margem Limpa Frigoríficos Spray embalagem 500 ml,Margem,,"3,49 €","(6,98 € / Litro)",
"Sonatural Sumo de Limão, Maçã e Hortelã embalagem 750 ml",Sonatural,,"4,49 €","(5,99 € / Litro)",
Rajbhog Aperitivos Bombay Mix embalagem 225 g,Rajbhog,,"3,19 €","(14,18 € / Kg)",
El Corte Inglés Croquetes de Frango embalagem 500 g,El Corte Inglés,,"1,99 €","(3,98 € / Kg)",
"Blue Dragon Sopa Miso embalagem 92,5 g",Blue Dragon,,"3,99 €","(43,14 € / Kg)",
Valfrutta Feijão Manteiga ao Vapor Pack 3 lata 150 g,Valfrutta,,"3,09 €","(20,60 € / Kg)",
Côte D'Or Chocolate Preto com Laranja embalagem 100 g,Côte D'Or,,"2,29 €","(22,90 € / Kg)",
Aliada Tomate Frito Receita Tradicional com Azeite frasco 550 g,Aliada,,"2,85 €","(5,18 € / Kg)",
Quinta D`Aldeia Cozido unidade 300 g,Quinta D`Aldeia,,"5,98 €","(19,93 € / Kg)",
Lactiser Queijo Amanteigado de Ovelha unidade 250 g,Lactiser,,"4,99 €","(19,96 € / Kg)",
Heidel Nostalgia Chocolate de Leite lata 183 g,Heidel,,"11,45 €","(62,57 € / Kg)",
Nestlé Maggi Noodles Pasta Oriental Frango embalagem 71 g,Nestlé Maggi,,"0,99 €","(13,94 € / Kg)",
Quinta dos Avidagos Vinho Tinto do Douro Reserva garrafa 75 cl,Quinta dos Avidagos,,"11,90 €","(15,87 € / Litro)",
Salada de Carangueijo Peso Aproximado 600 g caixa 1 unidade,,,"14,50 €",,
Gelpeixe Postas de Tamboril do Cabo embalagem 500 g,Gelpeixe,,"11,79 €","(23,58 € / Kg)",
Almendra Vinho Branco do Douro garrafa 75 cl,Almendra,,"3,99 €","(5,32 € / Litro)",
Bon Roll Choconolas Gomas de Morango e Nata com Cobertura de Chocolate embalagem 150 g,Bon Roll Choconolas,,"2,04 €","(13,60 € / Kg)",
Vahiné Vela Nº 5 embalagem 1 unidade,Vahiné,,"2,19 €","(2,19 € / Unidade)",
Cristal Vinagre de Sidra 5% Acidez garrafa 500 ml,Cristal,,"1,59 €","(3,18 € / Litro)",
Margão Pimenta para Bifes em Grão embalagem 40 g,Margão,,"2,69 €","(67,25 € / Kg)",
Aliada Azeitonas Recheadas com Anchova Pack 3 x 150 g lata 450 g,Aliada,,"3,85 €","(8,56 € / Kg)",
Glade Ambientador Eléctrico Berry Wine embalagem 40 ml,Glade,,"12,98 €","(324,50 € / Litro)",
Alminuto Gula del Norte Trufa embalagem 110 g,Alminuto,,"4,49 €","(32,64 € / Kg)","4,49 €"
El Corte Inglés Pão Ralado embalagem 750 g,El Corte Inglés,,"0,99 €","(0,92 € / Kg)","0,99 €"
Air Wick Essential Oils Vela com Fragrância de Baunilha e Açúcar Mascavado embalagem 320 g,Air Wick Essential Oils,,"4,75 €","(7,41 € / Kg)","4,75 €"
Montanegra Presunto Ibérico Cebo Fatiado à Mão embalagem 100 g,Montanegra,,"9,75 €","(97,50 € / Kg)",
Iberia Revolution Tira-Nódoas Resistentes 150 ml,Iberia Revolution,,"5,65 €","(37,67 € / Litro)",
Casa do Porco Preto Salsichão Fino de Porco Ibérico embalagem 180 g,Casa do Porco Preto,,"3,99 €","(22,17 € / Kg)",
Sílica Espumante Bruto Super Reserva garrafa 75 cl,Sílica,,"11,49 €","(15,32 € / Litro)",
Green Vie Creme de Barrar Tomate e Manjericão Vegan sem Lactose e sem Glúten embalagem 250 g,Green Vie,,"4,69 €","(18,76 € / Kg)",
Ranchera M-Xico Molho Salsa Fajita frasco 230 ml,Ranchera M-Xico,,"2,39 €","(10,39 € / Litro)",
"Dessange Escova de Cabelo ""Chá Branco"" embalagem 1 unidade",Dessange,,"9,99 €","(9,99 € / Unidade)",
Origens Farinha de Banana Biológica embalagem 200 g,Origens,,"6,79 €","(33,95 € / Kg)",
Karibou Copo de Cartão 220 ML embalagem 10 unidades,Karibou,,"1,39 €","(0,14 € / Unidade)",
Donuts Americano Recheados com Chocolate 2 Unidades embalagem 148 g,Donuts Americano,,"1,69 €","(11,42 € / Kg)",
Condi Gelatina Light de Limão embalagem 30 g,Condi,,"1,85 €","(61,67 € / Kg)",
"Labello Batom Naturally Vegan Óleo de Sementes Canhâmo Hidratação 24h embalagem 5,2 ml",Labello,,"4,49 €","(863,46 € / Litro)",
La Veguilla Alho Negro embalagem 90 g,La Veguilla,,"5,99 €","(66,56 € / Kg)",
Dovo Ovo Líquido Pasteurizado embalagem 500 g,Dovo,,"2,79 €","(5,58 € / Kg)",
Aloma Delícia Folhada unidade,Aloma,,"0,90 €","(0,90 € / Unidade)",
Woolite Detergente para a Máquina da Roupa Escura com Queratina Líquido embalagem 56 doses,Woolite,,"24,99 €","(0,45 € / Dose)",
Quinta S. João Batista Vinho Branco do Tejo Reserva DOC garrafa 75 cl,Quinta S. João Batista,,"13,39 €","(17,85 € / Litro)",
Shoyce Bebida de Arroz embalagem 1 L,Shoyce,,"1,69 €","(1,69 € / Litro)",
Eristoff Vodka Cocktail Pink lata 25 cl,Eristoff,,"2,59 €","(10,36 € / Litro)",
Quinta da Atela Vinho Rosé  Regional do Tejo Pinot Noir garrafa 75 cl,Quinta da Atela,,"11,50 €","(15,33 € / Litro)",
Salsicharia Limiana Chouriço de Cura Seleção em Fatias unidade 100 g,Salsicharia Limiana,,"3,79 €","(37,90 € / Kg)",
Color Silk Coloração Permanente Nº 60 Loiro Acinzentado Escuro embalagem 1 unidade,Color Silk,,"6,95 €","(6,95 € / Unidade)",
Filete de Bacalhau sem Pele Peso Aproximado 300 g,,,"16,99 €/kg",,
Mimosa Iogurte Líquido Cremoso de Morango Pack 4 embalagem 151 g,Mimosa,,"2,69 €","(17,81 € / Kg)",
Pescanova Ervilhas embalagem 1 kg,Pescanova,,"4,29 €","(4,29 € / Kg)",
Toblerone Gelado embalagem 480 ml,Toblerone,,"6,99 €","(14,56 € / Litro)",
Tetley Cold Infusão de Morango e Manga embalagem 10 unidades,Tetley Cold,,"1,29 €","(0,13 € / Unidade)",
Aliada Bebida Energética lata 25 cl,Aliada,,"0,49 €","(1,96 € / Litro)",
Iswari Cúrcuma e Pimenta Preta Biológica embalagem 150 g,Iswari,,"4,99 €","(33,27 € / Kg)",
Ramirez Sardinhas em Tomate lata 125 g,Ramirez,,"1,34 €","(10,72 € / Kg)",
Nestlé Kit Kat Mini Snack Chocolate de Leite embalagem 200 g,Nestlé Kit Kat,,"2,79 €","(13,95 € / Kg)",
Ranchera M-Xico Molho Mexicano frasco 250 ml,Ranchera M-Xico,,"3,05 €","(12,20 € / Litro)",
Vaseline Geleia Hidratante para Bebé embalagem 100 ml,Vaseline,,"2,99 €","(29,90 € / Litro)",
Cistér Feijão Manteiga Cozido lata 850 g,Cistér,,"0,99 €","(1,16 € / Kg)",
Cono Sur Vinho Tinto do Chile Pinot Noir Bicicleta garrafa 75 cl,Cono Sur,,"7,99 €","(10,65 € / Litro)",
Aguinamar Mexilhões Cozidos embalagem 900 g,Aguinamar,,"8,99 €","(9,99 € / Kg)",
Apaixonado Vinho Branco do Douro Reserva garrafa 75 cl,Apaixonado,,"19,90 €","(26,53 € / Litro)",
Colgate 360º Clean Escova de Dentes embalagem 1 unidade,Colgate 360º Clean,,"13,79 €","(13,79 € / Unidade)",
Don Gaucho Doce de Leite frasco 250 g,Don Gaucho,,"3,99 €","(15,96 € / Kg)",
Vasco da Gama Atum em Azeite Posta lata 120 g,Vasco da Gama,,"1,65 €","(13,75 € / Kg)",
Lagosta Vinho Verde Branco garrafa 75 cl,Lagosta,,"3,99 €","(5,32 € / Litro)",
Bote Vinho Tinto Regional do Algarve Reserva garrafa 75 cl,Bote,,"9,99 €","(13,32 € / Litro)",
King C. Gillette Aparador de Barba embalagem 1 unidade,King C. Gillette,,"34,99 €","(34,99 € / Unidade)",
Barilla Molho Arrabiata frasco 400 g,Barilla,,"3,99 €","(9,98 € / Kg)",
8ª Colina Cerveja Artesanal Joe da Silva garrafa 33 cl,8ª Colina,,"3,15 €","(9,55 € / Litro)",
Ponti Molho de Tomate & Basílico frasco 280 g,Ponti,,"3,29 €","(11,75 € / Kg)",
Real Filetes Filetes de Sardinha Fumados embalagem 100 g,Real Filetes,,"4,29 €","(42,90 € / Kg)",
Gullón Bolachas Recheadas Sabor Iogurte com Cereais Integrais sem Açúcar Adicionado Pack 5 embalagem 220 g,Gullón,,"2,95 €","(13,41 € / Kg)",
El Corte Inglés Peitos de Frango Villaroy 2 Unidades embalagem 300 g,El Corte Inglés,,"2,99 €","(9,97 € / Kg)",
Vertmont Xarope Puro de Ácer garrafa 250 g,Vertmont,,"6,69 €","(26,76 € / Kg)",
Garnier Skin Active Água Micelar + Leite Hidratante para Pele Seca e Sensível embalagem 400 ml,Garnier Skin Active,,"7,99 €","(19,98 € / Litro)",
Nobre Vegalia Cocktail de Soja Vegan sem Lactose e sem Glúten frasco 190 g,Nobre Vegalia,,"2,79 €","(14,68 € / Kg)",
Damatta Sabor Português Presunto em Fatias embalagem 70 g,Damatta Sabor Português,,"2,79 €","(39,86 € / Kg)",
"Freixenet Espumante Cava Cordon Negro Brut garrafa 1,5 L",Freixenet,,"15,49 €","(10,33 € / Litro)",
Mackays Compota de 3 Frutos Silvestres frasco 340 g,Mackays,,"3,79 €","(7,79 € / Kg)","3,79 €"
Coordonne Coco Ralado Fino Húmido embalagem 100 g,Coordonne,,"1,19 €","(11,90 € / Kg)",
Ocho Tequila Branca garrafa 50 cl,Ocho,,"54,90 €","(109,80 € / Litro)",
Secos da Aldeia Sultana Dourada embalagem 180 g,Secos da Aldeia,,"2,59 €","(14,39 € / Kg)",
Bledina Saqueta de Maçã e Pêra Fruta Pura sem Adição de Açúcares embalagem 85 g,Bledina,,"1,04 €","(12,24 € / Kg)",
Schnitzer Baguete Grainy sem Glúten Biológica 2 Unidades embalagem 160 g,Schnitzer,,"5,95 €","(37,19 € / Kg)",
Nau do Cacau Chocolate Preto Equador com Flor de Sal do Algarve 80% Cacau Biológico embalagem 80 g,Nau do Cacau,,"5,29 €","(66,12 € / Kg)",
Bola de Berlim com Recheio de Alfarroba,,,1 €,(1 € / Unidade),
Diaz Salsichão Extra Ibérico em Fatias unidade 90 g,Diaz,,"3,49 €","(38,78 € / Kg)",
Xixo Ice Tea  Pessêgo lata 25 cl,Xixo,,"0,59 €","(2,36 € / Litro)",
English Teashop Chás Love e Prosperity Througth Community embalagem 86 g,English Teashop,,"15,49 €","(180,12 € / Kg)",
+ Cru Caju Activado Biológico embalagem 250 g,+ Cru,,"12,45 €","(49,80 € / Kg)",
Torres Vinho Branco de Espanha Vina Esmeralda Penedes garrafa 75 cl,Torres,,"8,99 €","(11,99 € / Litro)",
Yukibio Crackers com Trigo embalagem 250 g,Yukibio,,"3,99 €","(15,96 € / Kg)",
Dove Gel de Banho Abacate & Calendula embalagem 400 ml,Dove,,"2,39 €","(5,98 € / Litro)",
Gorila Go Fruity Pastilhas Strawberry sem Açúcar embalagem 14 unidades,Gorila Go Fruity,,"0,95 €","(47,50 € / Kg)",
Cantero de Letur Leite de Vaca Meio Gordo Biológico frasco 1 L,Cantero de Letur,,"2,99 €","(2,99 € / Litro)",
Veckia Esponja de Banho Infantil embalagem 1,Veckia,,1 €,(1 € / Unidade),
Blanche de Namur Cerveja Hop 'n Spice garrafa 33 cl,Blanche de Namur,,"3,35 €","(10,15 € / Litro)",
P&W Cebola Frita embalagem 100 g,P&W,,"2,25 €","(22,50 € / Kg)",
Secos da Aldeia Sementes de Sésamo embalagem 180 g,Secos da Aldeia,,"1,99 €","(11,06 € / Kg)",
Renova Black Label Guardanapos Santa 33x33 cm embalagem 20 unidades,Renova Black Label,,"1,99 €","(0,09 € / Unidade)","1,99 €"
La Boulangere Pão de Leite com Pepitas de Chocolate embalagem 35 g,La Boulangere,,"3,09 €","(88,29 € / Kg)",
Nestlé Clusters Cereais de Amêndoas embalagem 325 g,Nestlé Clusters,,"3,99 €","(12,28 € / Kg)",
Montanegra Presunto Ibérico em Fatias unidade 120 g,Montanegra,,"9,95 €","(82,92 € / Kg)",
Dietisa Tisana Camomila Doce Flor embalagem 50 g,Dietisa,,"2,29 €","(45,80 € / Kg)",
Johnson's Baby Pó de Talco embalagem 200 ml,Johnson's Baby,,"2,49 €","(12,45 € / Litro)",
"Ambi Pur Ambientador Eléctrico Elimina Odores Ar Fresco Recarga 21,5 ml",Ambi Pur,,"5,39 €","(250,70 € / Litro)",
Sabita Pasta de Caril Picante frasco 125 g,Sabita,,3 €,(24 € / Kg),
Mozart Licor de Chocolate Gold garrafa 50 cl,Mozart,,"15,99 €","(31,98 € / Litro)",
Cinzano Espumante Pro-Spritz garrafa 75 cl,Cinzano,,"6,49 €","(8,65 € / Litro)",
Starbucks Café Verona para Nespresso embalagem 10 cápsulas,Starbucks,,"4,49 €","(0,45 € / Unidade)",
Alternativa 3 Café Longo para Nespresso Biológico embalagem 10 cápsulas,Alternativa 3,,"4,15 €","(0,42 € / Unidade)",
Pastoret Iogurte Artesanal Natural 0% embalagem 500 g,Pastoret,,"2,55 €","(5,10 € / Kg)",
El Corte Inglés Selection Biscoitos Artesanais embalagem 160 g,El Corte Inglés Selection,,"1,95 €","(12,19 € / Kg)",
Pantene Repara & Protege Máscara Capilar 3 Minutos embalagem 200 ml,Pantene Repara & Protege,,"5,99 €","(29,95 € / Litro)",
Quinta do Gradil Vinho Branco da Estremadura garrafa 75 cl,Quinta do Gradil,,"5,49 €","(7,32 € / Litro)",
Nestlé Lion Chocolate de Leite Extrafino com Recheio Sabor a Caramelo e Pedaços de Cereal embalagem 164 g,Nestlé Lion,,"2,79 €","(17,01 € / Kg)",
Vitasnack Brócolos Crocantes com Pimenta Biológicos embalagem 24 g,Vitasnack,,"2,95 €","(122,92 € / Kg)",
Creme de Aveia para Cozinhar Bio embalagem 250 ml,,,"1,39 €","(5,56 € / Litro)",
Vive Soy Bebida de Soja com Baunilha embalagem 1 L,Vive Soy,,"1,94 €","(1,94 € / Litro)",
Diese Bolachas Artesanais de Cacau sem Glúten embalagem 125 g,Diese,,"2,69 €","(21,52 € / Kg)",
Kechribari Vinho Branco da Grécia Retsina garrafa 50 cl,Kechribari,,"4,49 €","(8,98 € / Litro)",
Dom Iguarias Chouriço Mouro da Sertã unidade 200 g,Dom Iguarias,,"3,19 €","(15,95 € / Kg)",
Randy Quiche Lorraine 2X130 embalagem 260 g,Randy,,"4,59 €","(17,65 € / Kg)",
Château Pigoudet Vinho Rosé de França L'Oratoire garrafa 75 cl,Château Pigoudet,,"16,49 €","(21,99 € / Litro)",
Lipton Infusão SOS Cabeça embalagem 20 unidades,Lipton,,"2,29 €","(0,11 € / Unidade)",
"El Corte Inglés Selection Lentilha Pardina de ""Tierra de Campos"" embalagem 1 kg",El Corte Inglés Selection,,"4,15 €","(4,15 € / Kg)",
Cem Porcento Cereais de Chocolate sem Glúten embalagem 250 g,Cem Porcento,,"2,99 €","(11,96 € / Kg)",
Salsa Picada com Alho embalagem 35 g,,,"1,99 €","(56,86 € / Kg)",
Dettol Sabonete Líquido para as Mãos Anti Bacteriano WildBerry Recarga embalagem 250 ml,Dettol,,"3,19 €","(12,76 € / Litro)",
Nestlé Bombons Sortido de Chocolate Preto Dark Sublime 70% Cacau embalagem 143 g,Nestlé,,"5,61 €","(39,23 € / Kg)",
Bom Petisco Atum Posta em Óleo lata 200 g,Bom Petisco,,"2,75 €","(13,75 € / Kg)",
"El Corte Inglés Pimentos de Piquillo Inteiros, Assados 8/12 Unidades lata 150 g",El Corte Inglés,,"2,04 €","(13,60 € / Kg)",
"Green Shield Toalhitas de Limpeza para Microondas, Frigorífico e Congelador embalagem 50 unidades",Green Shield,,"5,25 €","(0,10 € / Unidade)",
Renova Super Papel Higiénico embalagem 18 unidades,Renova Super,,"14,98 €","(0,42 € / Unidade)","14,98 €"
Rana Tortellini Presunto e Queijo embalagem 250 g,Rana,,"3,29 €","(13,16 € / Kg)",
Fromage de Bellelay Queijo Tête de Moine Peso Aproximado por unidade 850 g,Fromage de Bellelay,,"42,95 €/kg",,
Castello D'Alba Vinho Tinto do Douro Limited Edition garrafa 75 cl,Castello D'Alba,,"18,90 €","(25,20 € / Litro)",
Pur Natur Compota de Mirtilo sem Açúcar Biológica embalagem 250 g,Pur Natur,,"5,45 €","(21,80 € / Kg)",
Dione Zero Gelado Cookie Dough sem Açúcar copo 500 ml,Dione Zero,,"6,99 €","(10,48 € / Litro)","6,99 €"
Nocilla Creme para Barrar 0% Acuçares Cacau e Avelãs frasco 190 g,Nocilla,,"3,19 €","(16,79 € / Kg)",
Labeyrie Bloco de Foie Gras de Ganso 2 Unidades embalagem 80 g,Labeyrie,,"14,90 €","(186,25 € / Kg)",
Royal Linea Gelatina de Ananás embalagem 31 g,Royal Linea,,"2,09 €","(67,42 € / Kg)",
Gallo Azeite Virgem Extra Edição Limitada lata 500 ml,Gallo,,"4,99 €","(9,98 € / Litro)",
Magno Desodorizante Marine Fresh Spray embalagem 150 ml,Magno,,"5,40 €",(36 € / Litro),
Just For Men Champô+Condicionador para Cabelos Grisalhos embalagem 118 ml,Just For Men,,"13,99 €","(118,56 € / Litro)",
Cortes de Cima Vinho Branco do Alentejo garrafa 75 cl,Cortes de Cima,,"15,75 €",(21 € / Litro),
Condi Pudim de Café Zero embalagem 22 g,Condi,,"0,84 €","(38,18 € / Kg)",
Quinta de Ventozelo Vinho Tinto do Douro DOC Tinto Cão garrafa 75 cl,Quinta de Ventozelo,,"13,90 €","(18,53 € / Litro)",
Diaz Lombo Ibérico Campo em Fatias unidade 90 g,Diaz,,"6,99 €","(77,67 € / Kg)",
Kerrygold Queijo Cheddar Vermelho Suave embalagem 200 g,Kerrygold,,"3,39 €","(16,95 € / Kg)",
Mr. Cheese Queijo Maasdam Porção Peso Aproximado por unidade 200 g,Mr. Cheese,,"16,55 €/kg",,
El Corte Inglés Claras de Ovo Líquidas Pasteurizadas embalagem 1 L,El Corte Inglés,,"4,09 €","(4,09 € / Litro)",
Medici Vinho Rosé de Itália Lambrusco Doce garrafa 75 cl,Medici,,"4,15 €","(5,53 € / Litro)",
Compal Fresco Sumo Laranja do ALgarve Fruta 100% Fresca embalagem 750 ml,Compal Fresco,,"3,20 €","(4,27 € / Litro)",
Jardin Bio Xarope Agave Biológico embalagem 250 ml,Jardin Bio,,"7,55 €","(30,20 € / Litro)",
Somersby Sidra de Amora garrafa 33 cl,Somersby,,"1,25 €","(3,79 € / Litro)",
Lola REP IMEDIATA BOOSTER embalagem 00250 ml,Lola,,"11,99 €","(47,96 € / Litro)",
Drink6 Bebida Kombucha de Frutos do Bosque Biológica embalagem 330 g,Drink6,,"3,10 €","(9,39 € / Kg)",
"Vanish Oxi Action Potenciador de Lavagem sem Lixívia Multi Ação embalagem 1,2 kg",Vanish Oxi Action,,"19,99 €","(9,16 € / Kg)","19,99 €"
Sagres Cerveja Pack 30 garrafa 25 cl,Sagres,,"12,99 €","(1,73 € / Litro)",
Milka Oreo Chocolate Branco com Oreo embalagem 100 g,Milka Oreo,,"1,45 €","(14,50 € / Kg)",
Bife Redondo de Novilho Peso Aproximado 200 g,,,"12,95 €/kg",,
Chimay Cerveja da Bélgica Premiére garrafa 75 cl,Chimay,,"12,59 €","(16,79 € / Litro)",
Cereais Spelt Pop com Mel Bio embalagem 250 g,,,"4,79 €","(19,16 € / Kg)",
Scalab Vinho Tinto do Tejo Reserva Syrah garrafa 75 cl,Scalab,,"6,95 €","(9,27 € / Litro)",
"English Tea Shop Infusão Calm Me sem Cafeína de Canela, Hortelã Verde, Alcaçuz e Lavanda Biológica embalagem 30 g",English Tea Shop,,"3,99 €",(133 € / Kg),
El Corte Inglés Tostas sem Sal e sem Açúcar embalagem 540 g,El Corte Inglés,,"1,80 €","(3,33 € / Kg)",
Gelpeixe Folhado de Salmão e Espinafres 2 Unidades embalagem 300 g,Gelpeixe,,"4,49 €","(14,97 € / Kg)",
Sanytol Desinfectante Multiusos de Toranja Spray embalagem 750 ml,Sanytol,,"4,49 €","(5,99 € / Litro)",
"Montaria Vinho do Alentejo Reserva Tinto garrafa 1,5 L",Montaria,,"12,49 €","(8,33 € / Litro)",
Ruffles Batatas Fritas sabor Presunto embalagem 150 g,Ruffles,,"1,89 €","(9,27 € / Kg)","1,89 €"
Moo Free Ovo Eggsplosion unidade 80 g,Moo Free,,"7,49 €","(93,62 € / Kg)",
Bife Acém Comprido de Novilho Carnalentejana DOP  Peso Aproximado 300 g,,,"17,95 €/kg",,
"Eci Selection Sortido de Fumados, Salmão e Truta em Pedaços embalagem 125 g",Eci Selection,,"6,39 €","(51,12 € / Kg)",
Freixo Vinho Branco do Alentejo Reserva garrafa 75 cl,Freixo,,"13,50 €",(18 € / Litro),
Holle Papa Láctea de Espelta a Partir 4 Meses Biológica 250 g,Holle,,"3,89 €","(15,56 € / Kg)",
Al'Fez Couscous Marroquino embalagem 200 g,Al'Fez,,"3,99 €","(19,95 € / Kg)",
Seeberger Tâmaras sem Caroço embalagem 200 g,Seeberger,,"2,49 €","(12,45 € / Kg)",
Sagrado Vinho Tinto do Douro garrafa 75 cl,Sagrado,,"7,99 €","(10,65 € / Litro)",
Hansaplast Spray para Feridas embalagem 100 ml,Hansaplast,,"3,89 €","(38,90 € / Litro)",
Anthon Berg Garrafas de Chocolate com Licor embalagem 250 g,Anthon Berg,,"19,95 €","(79,80 € / Kg)",
Lusa Monte Azeitonas Verdes sem Caroço frasco 360 g,Lusa Monte,,"1,99 €","(5,53 € / Kg)",
Dr. Bayard Rebuçados Peitorais embalagem 200 g,Dr. Bayard,,"2,15 €","(10,75 € / Kg)",
El Corte Inglés Esfregona Decorada Resistente e Absorvente Recarga embalagem 2 unidades,El Corte Inglés,,"2,05 €","(1,02 € / Unidade)",
Ferbar Alcaparras em Vinagre frasco 180 g,Ferbar,,"2,69 €","(14,94 € / Kg)",
The Famous Grouse Whisky garrafa 70 cl,The Famous Grouse,,"13,99 €","(19,99 € / Litro)",
Interdoces Gomas Dulciladrilhos embalagem 150 g,Interdoces,,"1,75 €","(11,67 € / Kg)",
Fumeiro da Gardunha Chouriço do Fundão unidade 200 g,Fumeiro da Gardunha,,"4,09 €","(20,45 € / Kg)",
Gluck Doce de Puré de Morango frasco 230 g,Gluck,,"5,49 €","(23,87 € / Kg)",
Izidoro Veggie Lovers Vegan Burger de Ervilha e Soja sem Glúten embalagem 220 g,Izidoro Veggie Lovers,,"3,49 €","(15,86 € / Kg)",
Babaria Máscara Preta Desintoxicante para Rosto embalagem 100 ml,Babaria,,"6,49 €","(64,90 € / Litro)",
Pescanova Mimos de Pescada do Cabo embalagem 360 g,Pescanova,,"5,29 €","(11,92 € / Kg)","5,29 €"
Vici Gyozas de Frango embalagem 400 g,Vici,,"4,99 €","(12,48 € / Kg)",
Quinta das Bageiras Vinho Branco da Bairrada garrafa 75 cl,Quinta das Bageiras,,"5,75 €","(7,67 € / Litro)",
José Posada Bombons Glacés frasco 220 g,José Posada,,"9,95 €","(45,23 € / Kg)",
Brasfrut Polpa de Maracujá Integral Congelada embalagem 100 g,Brasfrut,,"1,29 €","(12,90 € / Kg)",
"Blédina Frutapura Maçã, Manga e Maracujá + 8 Meses embalagem 95 g",Blédina Frutapura,,"2,79 €","(29,37 € / Kg)",
Iglo Bacalhau à Brás embalagem 500 g,Iglo,,"7,99 €","(15,98 € / Kg)",
Cabeça de Toiro Vinho Tinto Regional de Tejo garrafa 75 cl,Cabeça de Toiro,,"32,95 €","(43,93 € / Litro)",
Beretta Mortadela de Bolonha IGP em Fatias embalagem 150 g,Beretta,,"4,19 €","(27,93 € / Kg)",
Sul Gin garrafa 50 cl,Sul,,"39,95 €","(79,90 € / Litro)",
Royal Ovas de Capelão Vermelhas unidade 50 g,Royal,,"3,39 €","(67,80 € / Kg)",
Caboclo Café Torrado e Moído Tradicional   CABOCLO embalagem 250 g,Caboclo,,"3,95 €","(15,80 € / Kg)",
Prato Pronto Aveludado de Coentros embalagem 400 ml,Prato Pronto,,"1,69 €","(4,22 € / Litro)",
Nestlé as Minhas Primeiras Receitas Esparguete com Frango desde os 10 Meses embalagem 190 g,Nestlé as Minhas Primeiras Receitas,,"2,19 €","(11,53 € / Kg)",
Dezoito by Maniche Vinho Branco do Douro Reserva garrafa 75 cl,Dezoito by Maniche,,"21,50 €","(28,67 € / Litro)",
Bombons Praliné I Love You embalagem 105 g,,,"7,79 €","(74,19 € / Kg)",
Elpozo Bien Star Fiambre da Perna Extra sem Gordura Reduzido em Sal em Fatias sem Lactose e sem Glúten embalagem 85 g,Elpozo Bien Star,,"1,89 €","(22,24 € / Kg)",
El Corte Inglés Tostas Integrais Formato Familiar embalagem 540 g,El Corte Inglés,,"1,95 €","(3,61 € / Kg)",
Fiorentini Snack de Milho com Azeite Biológico sem Glúten embalagem 50 g,Fiorentini,,"1,89 €","(37,80 € / Kg)",
Compal Fresco Sumo Frutas do POmar Fruta 100% Fresca embalagem 250 ml,Compal Fresco,,"1,89 €","(7,56 € / Litro)",
Knorr Rusticas Creme de Legumes do Jardim embalagem 500 ml,Knorr Rusticas,,"3,15 €","(6,30 € / Litro)",
Knorr Puré de Batata 9 porções embalagem 291 g,Knorr,,"3,49 €","(11,99 € / Kg)",
Kaiku Iogurte Natural Desnatado sem Lactose e sem Açúcar Pack 4 embalagem 125 g,Kaiku,,"1,89 €","(3,78 € / Kg)",
Kinder Bueno Snack de Chocolate Branco com Recheio de Avelã Pack 4 embalagem 172 g,Kinder Bueno,,"3,29 €","(76,51 € / Kg)",
Favaios Moscatel Reserva garrafa 75 cl,Favaios,,"12,99 €","(17,32 € / Litro)",
Toque Especial Moinho de Sal Rosa dos Himalaias embalagem 105 g,Toque Especial,,"2,25 €","(21,43 € / Kg)",
Andros Sobremesa de Maçã e Pera Pack 4 embalagem 100 g,Andros,,"2,50 €","(6,25 € / Kg)",
Piscine Vinho Rosé de França garrafa 75 cl,Piscine,,"8,45 €","(11,27 € / Litro)",
Puerto de Indias Gin Premium Blackberry garrafa 70 cl,Puerto de Indias,,"19,99 €","(28,56 € / Litro)",
Palmolive Wellness Gel de Banho Revitalize Extrato de Algas embalagem 500 ml,Palmolive Wellness,,"4,99 €","(9,98 € / Litro)",
Dr.Organic Champô Rosa Biológico embalagem 265 ml,Dr.Organic,,"9,44 €","(35,62 € / Litro)",
Père Olive Húmus Natural embalagem 175 g,Père Olive,,"3,29 €","(18,80 € / Kg)",
El Corte Inglés Selection Filetes de Cavala do Sul em Azeite 3-5 Unidades lata 85 g,El Corte Inglés Selection,,"1,99 €","(23,41 € / Kg)",
Danone Activia Zero Iogurte Líquido de Frutos Silvestres Pack 4 embalagem 160 g,Danone Activia Zero,,"1,99 €","(3,11 € / Kg)",
Alara Muesli Rich Biológico embalagem 500 g,Alara,,"8,99 €","(17,98 € / Kg)",
Herdade do Esporão Azeite Virgem garrafa 3 L,Herdade do Esporão,,"21,99 €","(7,33 € / Kg)",
Museu do Pão Broa Amarela de Milho da Serra da Estrela embalagem 500 g,Museu do Pão,,"2,09 €","(4,18 € / Kg)",
Hell Energy Bebida Energética Energy Tropical lata 25 cl,Hell Energy,,"0,79 €","(3,16 € / Litro)",
Milka Oreo Chocolate de Leite embalagem 37 g,Milka Oreo,,"0,99 €","(26,76 € / Kg)",
Nobre Paio do Lombo em Fatias sem Glúten embalagem 100 g,Nobre,,"2,69 €","(26,90 € / Kg)",
Come a Casa Lasanha Bolonhesa embalagem 400 g,Come a Casa,,"3,99 €","(9,98 € / Kg)",
"Helios Conjunto de Três Doces Pêssego, Figo Negro e Framboesa para Queijo frasco 135 g",Helios,,"3,59 €","(26,59 € / Kg)",
Cantorel Queijo Camembert Peso Aproximado 2 kg,Cantorel,,"13,98 €/kg",,
Ferbar Feijão Frade Cozido com Pouco Sal lata 420 g,Ferbar,,"1,29 €","(3,07 € / Kg)",
Ramirez Filetes de Atum em Azeite lata 120 g,Ramirez,,"2,19 €","(18,25 € / Kg)",
Fruut Abacaxi Crocante sem Glúten embalagem 20 g,Fruut,,"1,35 €","(67,50 € / Kg)",
Coca-Cola Refrigerante com Gás Zero Açúcar Pack 4 garrafa 1 L,Coca-Cola,,"4,55 €","(1,14 € / Litro)",
Espiga Canela Moída frasco 30 g,Espiga,,"1,89 €",(63 € / Kg),
"Melão Verde Extra Peso Aproximado unidade 3,5 kg",,,"2,49 €/kg",,
"Vimeiro Água com Gás Pack 4 embalagem 1,5 L",Vimeiro,,"3,58 €","(0,60 € / Litro)",
El Corte Inglés Panados de Frango embalagem 300 g,El Corte Inglés,,"2,09 €","(6,97 € / Kg)",
Regina Chocolate Preto 100% Cacau Vegan sem Glúten embalagem 100 g,Regina,,"2,25 €","(22,50 € / Kg)",
+ Cru Banana Baby Seca Biológica embalagem 125 g,+ Cru,,"4,55 €","(36,40 € / Kg)",
Sabonete Glicerina Ruby embalagem 125 g,,,"1,29 €","(10,32 € / Kg)",
Vileda Multi Sensitive Luvas Descartáveis Médias/Grandes embalagem 40 unidades,Vileda Multi Sensitive,,"13,49 €","(0,34 € / Unidade)",
Glamour Corta Unhas Manicure embalagem 1 unidade,Glamour,,"3,69 €","(3,69 € / Unidade)",
Fructis Hidra-Caracóis Champô Nutre e Define para Cabelos Encaracolados embalagem 300 ml,Fructis Hidra-Caracóis,,"5,89 €","(19,63 € / Litro)",
El Corte Inglés Leite Magro sem Lactose embalagem 1 L,El Corte Inglés,,"1,05 €","(1,05 € / Litro)",
Atelier do Doce Bolo Rei de Maçã Peso Aproximado embalagem 900 g,Atelier do Doce,,"19,95 €/kg",,
Sagres Cerveja Nacional Branca lata 50 cl,Sagres,,"0,89 €","(1,78 € / Litro)",
Pantene Creme de Pentear Liso e Suave embalagem 270 ml,Pantene,,"5,99 €","(22,19 € / Litro)",
Kinder Bueno Snack de Chocolate com Recheio de Avelã Pack 4 embalagem 172 g,Kinder Bueno,,"3,29 €","(76,51 € / Kg)",
Qampo Azeitonas Verdes Gordal frasco 210 g,Qampo,,"1,99 €","(9,48 € / Kg)",
Pedras Salgadas Água com Gás garrafa 50 cl,Pedras Salgadas,,"0,99 €","(1,98 € / Litro)",
El Corte Inglés Fraldas T3 (4-10 Kg) embalagem 45 unidades,El Corte Inglés,,"7,10 €","(0,16 € / Unidade)",
Werther's Original Caramelos embalagem 135 g,Werther's Original,,"2,99 €","(22,15 € / Kg)",
Renova Black Label Guardanapos Bordado Floral embalagem 12 unidades,Renova Black Label,,"2,19 €","(0,18 € / Unidade)",
Vileda Papel de Alumínio embalagem 25 m,Vileda,,"6,49 €","(0,26 € / Metro)",
Andros Compota de Fruta Fresca de Maçã Pack 8 embalagem 100 g,Andros,,"3,99 €","(4,99 € / Kg)",
Body Natur Creme Depilatório para o Banho Homem embalagem 200 ml,Body Natur,,"5,49 €","(27,45 € / Litro)",
"El Corte Inglés Amoníaco com Detergente embalagem 1,5 L",El Corte Inglés,,"0,85 €","(0,57 € / Litro)",
Buitoni Mini Pizza Piccolinis Alla Carbonara embalagem 270 g,Buitoni,,"3,99 €","(14,78 € / Kg)",
Lynce Miolo de Pinhão embalagem 150 g,Lynce,,"16,60 €","(110,67 € / Kg)",
Mariquinhas Licor de Ginja de Óbidos garrafa 70 cl,Mariquinhas,,"15,49 €","(22,13 € / Litro)",
Cupper Chá Rooibos embalagem 40 g,Cupper,,"3,49 €","(87,25 € / Kg)",
Campofrio Fiambre de Frango em Fatias sem Glúten embalagem 90 g,Campofrio,,"1,30 €","(14,44 € / Kg)",
Ficacci Azeitonas Receita Siciliana unidade 150 g,Ficacci,,"2,99 €","(19,93 € / Kg)",
L'Oréal Elvive Amaciador Intensivo Total Repair 5 para Cabelo Estragado embalagem 180 ml,L'Oréal,,"5,99 €","(33,28 € / Litro)",
Kellogg's Krave Cereais Choco Roulette embalagem 375 g,Kellogg's Krave,,"3,79 €","(10,11 € / Kg)",
Montaraz Lombo Fatiado de Porco Preto embalagem 250 g,Montaraz,,"6,99 €","(25,96 € / Kg)","6,99 €"
Forma + Chá para Infusão Lipo 365 embalagem 10 unidades,Forma +,,"1,19 €","(91,54 € / Kg)",
Nongshim Crackers Shrimp embalagem 75 g,Nongshim,,"2,89 €/kg",,
Montegusto Bife da Perna de Javali sem Glúten Peso Aproximado por embalagem 350 g,Montegusto,,"8,73 €","(24,95 € / Kg)",
Fisherman's Friend Rebuçados de Menta Original Extra Forte embalagem 25 g,Fisherman's Friend,,"2,19 €","(87,60 € / Kg)",
Harpic Bloco Sanitário Essential Power Eucalipto Duo Pack embalagem 35 g,Harpic,,"6,59 €","(188,29 € / Kg)",
Dessange Elásticos Design embalagem 12 unidades,Dessange,,"3,79 €","(0,32 € / Unidade)",
Brasfrut Polpa de Acerola Integral Congelada embalagem 100 g,Brasfrut,,"0,95 €","(9,50 € / Kg)",
Prazo de Roriz Vinho Tinto do Douro garrafa 75 cl,Prazo de Roriz,,"9,99 €","(13,32 € / Litro)",
Margem Renovador de Chão Envernizado Escuro embalagem 500 ml,Margem,,"5,89 €","(11,78 € / Litro)",
Ovas Pescada ao peso 1 kg,,,"24,99 €/kg",,
Condi Preparado para Bolo de Baunilha com Pepitas de Chocolate embalagem 400 g,Condi,,"2,05 €","(5,12 € / Kg)",
Haagen-Dazs Gelado de Morango e Nata embalagem 460 ml,Haagen-Dazs,,"6,79 €","(14,76 € / Litro)",
Nacional + Linha Barras de Cereais com Chocolate Preto Pack 6 embalagem 138 g,Nacional + Linha,,"2,49 €","(18,04 € / Kg)",
Lindahls Iogurte Proteína Amendoim embalagem 150 g,Lindahls,,"1,49 €","(7,27 € / Kg)","1,49 €"
Delaviuda Sticks de Chocolate Preto 70% embalagem 120 g,Delaviuda,,"2,99 €","(24,92 € / Kg)",
Majao Gaspacho da Avó embalagem 1 L,Majao,,"3,95 €","(3,95 € / Litro)",
Magic Retouch Escova Cobre Brancos para Cabelo Castanho Escuro embalagem 1 unidade,Magic Retouch,,"11,99 €","(11,99 € / Unidade)",
Buitoni Pizza Forno di Pietra Caprese embalagem 350 g,Buitoni,,"4,25 €","(12,14 € / Kg)",
Dietisa Chá de Ervas Laranjeira Flor embalagem 50 g,Dietisa,,"3,29 €","(65,80 € / Kg)",
Cem Porcento Chá Verde Fresh de Pêssego Pack 2 embalagem 9 g,Cem Porcento,,"0,99 €",(110 € / Kg),
Body Natur Roll-On Cera Profissional com Flor de Cerejeira embalagem 100 ml,Body Natur,,"6,59 €","(49,40 € / Litro)","6,59 €"
Garcia&Filhos Croiassants Brioche embalagem 4 unidades,Garcia&Filhos,,"2,10 €","(0,52 € / Unidade)",
Primavera Vinho Rosé da Bairrada Fio de Oiro garrafa 75 cl,Primavera,,"6,99 €","(9,32 € / Litro)",
Doritos Molho Nacho Queijo frasco 280 g,Doritos,,"1,99 €","(7,11 € / Kg)",
Vinho Tinto do Dão garrafa 75 cl,,,"11,49 €","(15,32 € / Litro)",
Empada de Pato unidade 95 g,,,"1,50 €","(1,50 € / Unidade)",
Gorreana Chá Pekoe embalagem 100 g,Gorreana,,"4,39 €","(43,90 € / Kg)",
Coca-Cola Refrigerante Mini com Gás Sabor Original Pack 12 embalagem 15 cl,Coca-Cola,,"6,24 €","(3,47 € / Litro)",
Elpozo Tiras de Bacon sem Lactose e sem Glúten Pack 2 unidades embalagem 80 g,Elpozo,,"1,99 €","(24,88 € / Kg)",
Sanex Gel de Banho Atopiderme embalagem 550 ml,Sanex,,"5,49 €","(9,98 € / Litro)",
El Corte Inglés Canelones de Atum 2 Porções embalagem 600 g,El Corte Inglés,,"3,29 €","(5,48 € / Kg)",
Vileda Wring & Go Balde com Escorredor 1 unidade,Vileda Wring & Go,,"10,99 €","(10,99 € / Unidade)",
Codyfer Atacador Preto 110 cm 1 unidade,Codyfer,,"2,65 €","(2,65 € / Unidade)",
Um Bongo Pouch Puré de Fruta 8 Frutos sem Adição de Açúcares embalagem 90 g,Um Bongo,,"0,99 €",(11 € / Kg),
Lyles Xarope Golden lata 454 g,Lyles,,"3,59 €","(7,91 € / Kg)",
"Nestlé L'Atelier Chocolate de Leite com Amêndoas, Avelãs e Passas embalagem 170 g",Nestlé L'Atelier,,"3,99 €","(23,47 € / Kg)",
Youwok Óleo para Wok frasco 250 ml,Youwok,,"5,79 €","(23,16 € / Litro)",
Maçarico Azeitonas Pretas Descaroçadas Oxidadas embalagem 345 g,Maçarico,,"1,99 €","(5,77 € / Kg)",
Goya Bolachas Wafer de Chocolate embalagem 140 g,Goya,,"1,59 €","(11,36 € / Kg)",
Tena Pensos Higiénicos Protetores Discreet Mini embalagem 20 unidades,Tena,,"4,25 €","(0,21 € / Unidade)",
Jubileu Amêndoas Cobertas com Chocolate lata 460 g,Jubileu,,"17,06 €","(37,09 € / Kg)",
Maybelline Sensational Batom Nº 111 Double Shot embalagem 1 unidade,Maybelline Sensational,,"10,99 €","(10,99 € / Unidade)",
Harmony Stimulating Preservativos embalagem 6 unidades,Harmony Stimulating,,"4,99 €","(0,83 € / Unidade)",
WR Creme de Coco embalagem 200 g,WR,,"2,95 €","(14,75 € / Kg)",
Knorr Potato Pot Bacon & Cebola embalagem 58 g,Knorr,,"2,15 €","(37,07 € / Kg)",
Royal Hollandia Queijo Gouda 1 kg,Royal Hollandia,,"10,45 €/kg",,
La Costeña Jalapeños Inteiros em Escabeche lata 220 g,La Costeña,,"2,05 €","(9,32 € / Kg)",
Joselito Fatias de Presunto da Pá embalagem 70 g,Joselito,,"16,99 €","(242,71 € / Kg)",
Planta Creme de Barrar embalagem 225 g,Planta,,"1,99 €","(8,84 € / Kg)",
Maheso Mussaka Lasanha de Beringela embalagem 300 g,Maheso,,"4,19 €","(13,97 € / Kg)",
Vidal Gomas Sortidas Light embalagem 400 g,Vidal,,"3,99 €","(9,98 € / Kg)",
Caçarola Arroz Negro embalagem 500 g,Caçarola,,"4,35 €","(8,70 € / Kg)",
Padaria da Arrifana Broas de Limão e Mel embalagem 300 g,Padaria da Arrifana,,"2,29 €","(7,63 € / Kg)",
"El Corte Inglés Selection Polvo ""Al Ajillo"" em Azeite 25% lata 72 g",El Corte Inglés Selection,,"5,99 €","(53,96 € / Kg)",
Nivea Protect e Bronze Gel de Banho Aloe Vera embalagem 750 ml,Nivea Protect e Bronze,,"6,99 €","(4,65 € / Litro)","6,99 €"
El Corte Inglés Selection Acelgas Cortadas aos Pedaços frasco 425 g,El Corte Inglés Selection,,"2,09 €","(4,92 € / Kg)",
Cavendish & Harvey Rebuçados de Groselha com Recheio de Maçã lata 175 g,Cavendish & Harvey,,"3,09 €","(17,66 € / Kg)",
Rummo Fusilli Nº48 embalagem 500 g,Rummo,,"2,39 €","(4,78 € / Kg)",
Condi Preparado para Bavaroise de Morango embalagem 150 g,Condi,,"1,94 €","(12,93 € / Kg)",
Landana Queijo Gouda com Cominhos,Landana,,"15,39 €/kg",,
Vitalia Sumo de Cenoura Biológico garrafa 750 ml,Vitalia,,"4,09 €","(5,45 € / Litro)",
Nestlé Kit Kat Pops Chocolate de Leite embalagem 110 g,Nestlé Kit Kat,,"2,89 €","(26,27 € / Kg)",
Pedras Água com Gás com Sabor a Frutos Vermelhos Pack 4 garrafa 25 cl,Pedras,,"2,39 €","(2,39 € / Litro)",
El Gran Cardenal Queijo de Ovelha com Alecrim 1/2 kg,El Gran Cardenal,,"28,99 €/kg",,
Lactimonte Queijo Curado Pack 4 embalagem 400 g,Lactimonte,,"4,99 €","(12,48 € / Kg)",
Mercurochrome Pedra Pomes embalagem 1 unidade,Mercurochrome,,"4,95 €","(3,69 € / Unidade)","4,95 €"
Nestlé Júnior Leite de Crescimento 1+ Bolacha Maria embalagem 1 L,Nestlé Júnior,,"2,49 €","(2,49 € / Litro)",
Ramon Bilbao Vinho Tinto de Espanha Rioja Biológico garrafa 75 cl,Ramon Bilbao,,"10,99 €","(14,65 € / Litro)",
Desidrata Banana às Rodelas Desidratada sem Glúten Biológica embalagem 60 g,Desidrata,,"3,49 €","(58,17 € / Kg)",
Pato Gel Sanitário Ação Total Menta embalagem 750 ml,Pato,,"6,99 €","(3,99 € / Litro)","6,99 €"
Compal Polpa de Tomate Pack 3 embalagem 200 g,Compal,,"1,35 €","(2,25 € / Litro)",
Nestlé Kit Kat Chocolate de Leite Pai Natal Christmas Break Pack 3 embalagem 29 g,Nestlé Kit Kat,,"1,59 €","(54,83 € / Kg)",
Iglo Green Cuisine 10 Veggie Fingers Vegan embalagem 284 g,Iglo Green Cuisine,,"3,99 €","(14,05 € / Kg)",
Amphora Cerveja Artesanal Indian Pale Ale Gladiador garrafa 33 cl,Amphora,,"2,49 €","(7,55 € / Litro)",
Offley Vinho do Porto Tawny garrafa 75 cl,Offley,,"5,89 €","(7,85 € / Litro)",
Damatta Sabor Português Presunto Aperitivo em Fatias embalagem 300 g,Damatta Sabor Português,,"6,69 €","(22,30 € / Kg)",
Patros Queijo Feta com Ervas Finas sem Glúten frasco 150 g,Patros,,"4,29 €","(28,60 € / Kg)",
Pure Leaf Ice Tea Lipton Verde Citrus garrafa 1 L,Pure Leaf,,"1,75 €","(1,75 € / Litro)",
Tsarine Champanhe Cuvée Premium Brut garrafa 75 cl,Tsarine,,"39,90 €","(53,20 € / Litro)",
Doravante Vinho Tinto da Bairrada garrafa 75 cl,Doravante,,"14,95 €","(19,93 € / Litro)",
Moltex Pure & Nature Fraldas 3-6 Kg Tamanho 2 Ecológicas embalagem 36 unidades,Moltex Pure & Nature,,"13,09 €","(0,36 € / Unidade)",
Dr. Beckmann Toalhitas com Activador-Branqueamento embalagem 15 unidades,Dr. Beckmann,,"5,09 €","(0,34 € / Unidade)",
Quinta do Gradil Vinho Tinto de Lisboa Syrah garrafa 150 cl,Quinta do Gradil,,"19,50 €",(13 € / Litro),
Marmelada de Goiaba embalagem 420 g,,,"3,49 €","(8,31 € / Kg)",
Garcia Bolo de Frutas sem Glúten embalagem 500 g,Garcia,,"5,90 €","(11,80 € / Kg)",
Ferrarini Tiras Guanciale unidade 100 g,Ferrarini,,"2,99 €","(29,90 € / Kg)",
Mimosa Magro Aroma Iogurte Líquido de Ananás e Coco Leve 6 Pague 4 embalagem 151 ml,Mimosa Magro Aroma,,"2,79 €","(18,48 € / Litro)",
Jordan Escova Interdental + 5 Recargas embalagem 6 unidades,Jordan,,"5,99 €","(4,49 € / Unidade)","5,99 €"
Santa Catarina Atum em Óleo Posta lata 120 g,Santa Catarina,,"1,39 €","(11,58 € / Kg)",
Saldomar Sal Marinho embalagem 1 kg,Saldomar,,"3,35 €","(3,35 € / Kg)",
Porminho Rodelas de Chouriço Pack 2 x 75 g embalagem 150 g,Porminho,,"2,29 €","(15,27 € / Kg)",
Men Expert Hydra Power Gel de Banho e Cabelo embalagem 400 ml,Men Expert Hydra Power,,"4,99 €","(12,48 € / Litro)",
Danonino Petit Suisse de Morango e Banana Pack 6 embalagem 50 g,Danonino,,"1,79 €","(5,97 € / Kg)",
Viñas Altas Vinho Rosé de Espanha 75 cl,Viñas Altas,,"3,49 €","(4,65 € / Litro)",
Dez Prá Uma Strogonoff de Frango para 2 Pessoas embalagem 500 g,Dez Prá Uma,,12 €,(24 € / Kg),
Próvida Castanha do Brasil Biológico embalagem 200 g,Próvida,,"8,49 €","(42,45 € / Kg)",
Skip Detergente para a Máquina da Roupa Active Sports Líquido embalagem 66 doses,Skip,,"24,99 €","(0,38 € / Dose)",
Silvex Papel Forra Fogão 12 unidades,Silvex,,"3,59 €","(3,59 € / Unidade)",
Delfin Tinta de Choco 8 Unidades embalagem 32 g,Delfin,,"1,65 €","(51,56 € / Kg)",
L' Immigrant Vinho Branco de Lisboa Sauvignon Blanc garrafa 75 cl,L' Immigrant,,"15,95 €","(21,27 € / Litro)",
Terra Nostra Queijo de Pastagem Proteína em Fatias embalagem 180 g,Terra Nostra,,"2,69 €","(14,94 € / Kg)",
Gillette Skinguard Sensitive Espuma de Barbear para Peles Sensíveis embalagem 200 ml,Gillette Skinguard Sensitive,,"5,99 €","(29,95 € / Litro)",
Lindt Chocolate de Leite embalagem 125 g,Lindt,,"2,49 €","(19,92 € / Kg)",
Delaviuda Sticks Torrão de Chocolate de Leite e Avelã embalagem 120 g,Delaviuda,,"2,99 €","(24,92 € / Kg)",
"Samuel Adams Cerveja dos EUA Boston Lager garrafa 35,5 cl",Samuel Adams,,"2,49 €","(7,01 € / Litro)",
Tetley Chá Preto Descafeinado embalagem 10 unidades,Tetley,,"1,05 €","(0,11 € / Unidade)",
Vinha do Pastor Vinho Tinto do Alentejo garrafa 75 cl,Vinha do Pastor,,"4,75 €","(6,33 € / Litro)",
Quinta do Infantado Vinho Porto Tawny garrafa 75 cl,Quinta do Infantado,,"8,99 €","(10,12 € / Litro)","8,99 €"
José Maria da Fonseca Aguardente Velha Reserva 1964 garrafa 70 cl,José Maria da Fonseca,,85 €,"(121,43 € / Litro)",
Gullón Tortitas de Arroz Integral Vitalday com Sabor a Iogurte sem Glúten Pack 4 embalagem 125 g,Gullón,,"2,19 €","(17,52 € / Kg)",
Embumar Ovas Cozidas de Pescada embalagem 120 g,Embumar,,"2,49 €","(20,75 € / Kg)",
Caçarola Feijão Frade Cozido frasco 540 g,Caçarola,,"1,05 €","(1,94 € / Kg)",
Lentilhas sem Casca Granel Biológicas,,,"5,99 €/kg",,
Casal Garcia Sangria de Vinho Branco garrafa 75 cl,Casal Garcia,,"3,99 €","(5,32 € / Litro)",
Compagnia Dell'Arabica Café Brasil para Nespresso embalagem 10 cápsulas,Compagnia Dell'Arabica,,"3,59 €","(0,36 € / Unidade)",
Carley's Creme para Barrar de Amêndoa com Pele Biológico frasco 250 g,Carley's,,"11,49 €","(45,96 € / Kg)",
Nestlé Fitness Barras de Cereais de Trigo Integral com Chocolate Pack 6 embalagem 141 g,Nestlé Fitness,,"3,59 €","(25,46 € / Kg)",
El Corte Inglés Fraldas 4 a 10 Kg Tamanho 3 embalagem 100 unidades,El Corte Inglés,,"14,65 €","(0,15 € / Unidade)",
Nestlé L'Atelier Chocolate de Leite com Muesli e Caramelo Salgado embalagem 170 g,Nestlé L'Atelier,,"3,99 €","(23,47 € / Kg)",
Ponti Molho Pesto Rosso frasco 135 g,Ponti,,"3,49 €","(25,85 € / Kg)",
Margão Salva frasco 12 g,Margão,,"1,99 €","(165,83 € / Kg)",
Churchill's Vinho Branco do Douro garrafa 75 cl,Churchill's,,"13,49 €","(17,99 € / Litro)",
Delverde Tagliatelle Nido de Ovo embalagem 250 g,Delverde,,"1,89 €","(7,56 € / Kg)",
Durex Preservativo Extra Seguro embalagem 12,Durex,,"7,99 €","(0,67 € / Unidade)",
El Corte Inglés Bebida de Soja sem Glúten embalagem 1 L,El Corte Inglés,,"0,84 €","(0,84 € / Litro)",
Maybelline Dream Radiant Liquid Base Líquida Nº 43 Buff embalagem 1 unidade,Maybelline Dream Radiant Liquid,,"10,99 €","(10,99 € / Unidade)",
Aliada Pá com Cabo 1 unidade,Aliada,,"1,95 €","(1,95 € / Unidade)",
Nescafé Dolce Gusto Café com Leite Cappuccino embalagem 16 cápsulas,Nescafé Dolce Gusto,,"5,99 €","(0,37 € / Unidade)",
Moo Free Mini Ovos Original embalagem 50 g,Moo Free,,"4,19 €","(83,80 € / Kg)",
As 3 Bruxas Detergente Lava-Tudo pH Neutro 750 ml,As 3 Bruxas,,"3,39 €","(4,52 € / Litro)",
"Ritter Sport Chocolate com Amêndoas, Mel e Sal embalagem 100 g",Ritter Sport,,"2,59 €","(25,90 € / Kg)",
Quinta Nova de Nossa Sra. do Carmo Vinho do Douro Rosé garrafa 75 cl,Quinta Nova de Nossa Sra. do Carmo,,"13,99 €","(18,65 € / Litro)",
Not Guilty Manteiga de Avelã frasco 200 g,Not Guilty,,"5,59 €","(27,95 € / Kg)",
Kellogg's Corn Flakes embalagem 500 g,Kellogg's,,"3,99 €","(4,78 € / Kg)","3,99 €"
"Monte Velho Vinho Tinto do Alentejo garrafa 1,5 L",Monte Velho,,"11,19 €","(5,97 € / Litro)","11,19 €"
Gardiners Caramelos Fudge Cães lata 200 g,Gardiners,,"11,95 €","(59,75 € / Kg)",
Nonno Nanni Queijo Burrata unidade 125 g,Nonno Nanni,,"3,59 €","(28,72 € / Kg)",
Manná Gourmet Rolos de Anchova em Azeite lata 50 g,Manná Gourmet,,"4,99 €","(99,80 € / Kg)",
Royal Gelatina de Morango Pack 4 embalagem 100 g,Royal,,"2,09 €","(5,22 € / Kg)",
Altano Vinho Tinto do Douro Reserva garrafa 75 cl,Altano,,"9,99 €","(13,32 € / Litro)",
Prozis Cookies Proteína de Chocolate Recheadas com Duplo Creme embalagem 70 g,Prozis,,"1,79 €","(25,57 € / Kg)",
Casa do Porco Preto Presunto de Barrancos DOP Fatiado à Mão unidade 100 g,Casa do Porco Preto,,"24,99 €","(249,90 € / Kg)",
Gallo Vinagre de Vinho Branco Charconnay garrafa 250 ml,Gallo,,"2,66 €","(10,64 € / Litro)",
Just For Men Coloração Moreno embalagem 60 ml,Just For Men,,"12,99 €","(216,50 € / Litro)",
Próvida Couscous Biológicos embalagem 500 g,Próvida,,"2,89 €","(5,78 € / Kg)",
El Corte Inglés Selection Queijo de Espanha Puro de Cabra Elaborado com Leite Pasteurizado Peso Aproximado por unidade 1 kg,El Corte Inglés Selection,,"18,65 €/kg",,
Carte D'Or Gelado Strawberry e Meringues embalagem 900 ml,Carte D'Or,,"5,49 €","(6,10 € / Litro)",
Pescanova Hambúrgueres de Vaca sem Glúten 10 Unidades embalagem 750 g,Pescanova,,"6,99 €","(9,32 € / Kg)",
Voll-Damm Cerveja de Espanha Pack 6 garrafa 25 cl,Voll-Damm,,"4,29 €","(2,86 € / Litro)",
Serqueijos Queijo de Cabra Atabafado 2 x 90 g unidade 180 g,Serqueijos,,"3,99 €","(22,17 € / Kg)",
El Corte Inglés Manjericão embalagem 30 g,El Corte Inglés,,"2,49 €",(83 € / Kg),
Delta Café Solúvel Intenso frasco 100 g,Delta,,"3,69 €","(36,90 € / Kg)",
Captain Kombucha Bebida Probiótica Original Zero Açúcar Biológica embalagem 400 ml,Captain Kombucha,,"2,29 €","(5,72 € / Litro)",
Schnitzer Cookies com Chocolate Preto Biológico embalagem 150 g,Schnitzer,,"5,09 €","(33,93 € / Kg)",
Oriente Arroz Basmati Integral embalagem 1 kg,Oriente,,"4,49 €","(4,49 € / Kg)",
Neolar Maxi Corda para Roupa 10 m,Neolar,,"1,75 €","(0,02 € / Metro)",
Rexona Women Desodorizante Cotton Dry Roll-On embalagem 50 ml,Rexona Women,,"4,49 €","(89,80 € / Litro)",
Nivea BB Cream Creme Hidratante Aperfeiçoador Tom Médio embalagem 50 ml,Nivea BB Cream,,"9,99 €","(199,80 € / Litro)",
Lindt Excellence Chocolate Preto Mint Intense embalagem 100 g,Lindt Excellence,,"2,79 €","(27,90 € / Kg)",
El Corte Inglés Lixívia Perfumada embalagem 2 L,El Corte Inglés,,"0,65 €","(0,32 € / Litro)",
Tresemmé Botanique Nourish & Replenish Máscara Capilar Hidratante de Coco embalagem 300 ml,Tresemmé Botanique,,"5,39 €","(17,97 € / Litro)",
Alminuto Gulas del Norte com Alho embalagem 110 g,Alminuto,,"3,99 €",(29 € / Kg),"3,99 €"
Pála-Pála Batatas Fritas Rodelas Lisas embalagem 300 g,Pála-Pála,,"2,19 €","(7,30 € / Kg)",
El Corte Inglés Café Ristretto para Nespresso Intensidade 10 embalagem 10 cápsulas,El Corte Inglés,,"1,89 €","(36,35 € / Kg)",
Yukibio Crackers com 3 Sementes Bio embalagem 250 g,Yukibio,,"3,99 €","(15,96 € / Kg)",
Quinta Nova de Nossa Sra. do Carmo Vinho Tinto do Douro Reserva Terroir garrafa 75 cl,Quinta Nova de Nossa Sra. do Carmo,,"16,99 €","(22,65 € / Litro)",
Ferbar Pimentos Morrones frasco 285 g,Ferbar,,"1,84 €","(6,46 € / Kg)",
Izidoro o Talhante Lombinho de Porco com Azeite e Alecrim Peso Aproximado 550 g,Izidoro o Talhante,,"7,14 €","(12,99 € / Kg)",
Ternuta Vinho Tinto Regional de Itália Clássico garrafa 75 cl,Ternuta,,"25,49 €","(33,99 € / Litro)",
Lindt Excellence Chocolate Preto com Sal Marinho e Caramelo embalagem 100 g,Lindt Excellence,,"2,79 €","(27,90 € / Kg)",
Confeitaria Vale Bolo d´Avó de Maçã embalagem 500 g,Confeitaria Vale,,"4,99 €","(9,98 € / Kg)",
Dalva Vinho do Porto Colheita 2011 garrafa 75 cl,Dalva,,"28,90 €","(38,53 € / Litro)",
Aliada Feijão Verde Fino em Pedaços Médios frasco 360 g,Aliada,,"1,15 €","(3,19 € / Kg)",
El Corte Inglés Selection Chili de Carne 300 g,El Corte Inglés Selection,,"1,17 €","(3,89 € / Kg)",
Iswari Amoras Brancas Biológicas embalagem 125 g,Iswari,,"4,89 €","(39,12 € / Kg)",
English Tea Shop Chás Variados Supreme Green Biológico embalagem 20 unidades,English Tea Shop,,"4,99 €","(0,25 € / Unidade)",
Koala Gelatina Vegetal de Mirtilo embalagem 130 g,Koala,,"0,95 €","(7,31 € / Kg)",
El Corte Inglés Selection Salsichão Curado Fino em Fatias sem Glúten 150 g,El Corte Inglés Selection,,"3,15 €",(21 € / Kg),
Lay's Forno Batatas Fritas de Paprika -50% Gordura embalagem 130 g,Lay's Forno,,"2,19 €","(16,85 € / Kg)",
