Nome,Marca,Unidade,Preço,Preço anterior,Preço por unidade
Aceite La Masía coco virgen extra ecológico 430 ml,,,"5,95 €",,"13,84 €/Litro"
Aceite Abrilsol girasol 1 l,,,"2,30 €",,"2,30 €/Litro"
Aceite Abrilsol girasol 5 l,,,"11,45 €",,"2,29 €/Litro"
Aceite Donsol girasol 1 l,,,"2,67 €",,"2,67 €/Litro"
Aceite Froiz-sol girasol 1 l,,,"2,40 €",,"2,40 €/Litro"
Aceite Froiz-sol girasol premier 5 l,,,"11,75 €",,"2,35 €/Litro"
Aceite Koipesol girasol 1 l,,,"2,49 €","2,99 €","2,49 €/Litro"
Aceite La Masía Masiasol girasol 1 l,,,"2,39 €",,"2,39 €/Litro"
Aceite Ucasol girasol 1 l,,,"2,85 €",,"2,85 €/Litro"
Aceite Ucasol girasol 5 l,,,"13,99 €",,"2,80 €/Litro"
Aceite Koipesol Asua maíz 1 l,,,"2,99 €",,"2,99 €/Litro"
Aceite Abril oliva intenso 1 l,,,"4,65 €",,"4,65 €/Litro"
Aceite Abril oliva suave 1 l,,,"4,65 €",,"4,65 €/Litro"
Aceite Abril oliva virgen extra 1 l,,,"4,85 €",,"4,85 €/Litro"
Aceite Abril oliva virgen extra ecológico 75 cl,,,"5,25 €",,"7,00 €/Litro"
Aceite Abril oliva virgen extra spray 200 ml,,,"2,10 €",,"10,50 €/Litro"
Aceite Carbonell oliva spray plancha 200 ml,,,"2,79 €",,"13,95 €/Litro"
Aceite Carbonell oliva suave 1 l,,,"4,75 €","5,25 €","4,75 €/Litro"
Aceite Carbonell oliva suave lata 5 l,,,"27,10 €",,"5,42 €/Litro"
Aceite Carbonell oliva virgen extra 1 l,,,"4,79 €","5,45 €","4,79 €/Litro"
Aceite Carbonell oliva virgen extra 75 cl,,,"5,45 €",,"7,27 €/Litro"
Aceite Cazorliva oliva virgen extra variedad Arbequina 75 cl,,,"4,75 €",,"6,33 €/Litro"
Aceite Coosur oliva intenso 1 l,,,"5,09 €",,"5,09 €/Litro"
Aceite Coosur oliva suave 1 l,,,"5,09 €",,"5,09 €/Litro"
Aceite Coosur oliva virgen extra 1 l,,,"5,45 €",,"5,45 €/Litro"
Aceite Dintel Toledo oliva intenso 1 l,,,"4,45 €",,"4,45 €/Litro"
Aceite Dintel Toledo oliva intenso 5 l,,,"22,00 €",,"4,40 €/Litro"
Aceite Dintel Toledo oliva suave 1 l,,,"4,45 €",,"4,45 €/Litro"
Aceite Dintel Toledo oliva suave 5 l,,,"22,00 €",,"4,40 €/Litro"
Aceite Flor de Olivo oliva virgen extra 1 l,,,"4,99 €",,"4,99 €/Litro"
Aceite Froiz oliva intenso 1 l,,,"4,79 €",,"4,79 €/Litro"
Aceite Froiz oliva suave 1 l,,,"4,79 €",,"4,79 €/Litro"
Aceite Froiz oliva virgen extra 1 l,,,"5,09 €",,"5,09 €/Litro"
Aceite Froiz oliva virgen extra 75 cl,,,"4,50 €",,"6,00 €/Litro"
Aceite Froiz orujo 1 l,,,"3,75 €",,"3,75 €/Litro"
Aceite Hojiblanca oliva virgen extra 3 l,,,"16,89 €",,"5,63 €/Litro"
Aceite Iznaoliva oliva virgen extra 75 cl,,,"4,85 €",,"6,47 €/Litro"
Aceite Koipe oliva sabor 1 l,,,"4,99 €",,"4,99 €/Litro"
Aceite La Masía oliva 0.4 suave 3 l,,,"14,95 €",,"4,98 €/Litro"
Aceite La Masía oliva clásico 1 l,,,"4,99 €",,"4,99 €/Litro"
Aceite La Masía oliva sumum 1 l,,,"4,99 €",,"4,99 €/Litro"
Aceite La Masía oliva sumum 3 l,,,"14,95 €",,"4,98 €/Litro"
Aceite La Masía oliva virgen extra 1 l,,,"5,69 €",,"5,69 €/Litro"
Aceite La Masía oliva virgen extra 3 l,,,"17,07 €",,"5,69 €/Litro"
Aceite La Masia sésamo ecológico 250 ml,,,"3,49 €",,"13,96 €/Litro"
Aceite Oro de Génave oliva virgen extra ecológico 50 cl,,,"4,89 €",,"9,78 €/Litro"
Aceite Ybarra oliva intenso 1 l,,,"4,99 €",,"4,99 €/Litro"
Aceite Ybarra oliva suave 1 l,,,"4,99 €",,"4,99 €/Litro"
Aceite Ybarra oliva suave 3 l,,,"14,95 €",,"4,98 €/Litro"
Aceite Ybarra oliva suave lata 5 l,,,"26,99 €",,"5,40 €/Litro"
Aceite Ybarra oliva virgen extra 1 l,,,"5,69 €",,"5,69 €/Litro"
Aceite Ybarra oliva virgen extra 250 ml,,,"2,45 €",,"9,80 €/Litro"
"Bolsa Aliño Ybarra aceite de oliva (5x10 ml), vinagre (5x10 ml) y sal (5x1 g)",,,"1,65 €",,"1,65 €/Unidad"
Aceite de semillas Abrilsem 5 l,,,"14,25 €",,"2,85 €/Litro"
Crema de vinagre Ybarra balsámica frambuesa 280 g,,,"2,39 €",,"8,54 €/Kilogramo"
Crema Froiz vinagre balsámico módena 280 g,,,"1,79 €",,"6,39 €/Kilogramo"
Crema Vinagre Pedro Ximénez Ybarra balsámico 560 g,,,"3,99 €",,"7,13 €/Kilogramo"
Reducción Vinagre de Módena Ponti 250 g,,,"2,99 €",,"11,96 €/Kilogramo"
Vinagre balsámico Módena Ponti 250 ml,,,"2,19 €",,"8,76 €/Litro"
Vinagre Borges balsámico bianco 250 ml,,,"1,99 €",,"7,96 €/Litro"
Vinagre Borges balsámico de módena 250 ml,,,"1,99 €",,"7,96 €/Litro"
Vinagre Carbonell 1 l,,,"0,89 €",,"0,89 €/Litro"
Vinagre Carbonell Procer vino 50 cl,,,"0,69 €",,"1,38 €/Litro"
Vinagre Froiz de vino 1 l,,,"0,55 €",,"0,55 €/Litro"
Vinagre Froiz manzana 1 l,,,"0,62 €",,"0,62 €/Litro"
Vinagre Froiz Módena 500 ml,,,"1,95 €",,"3,90 €/Litro"
Vinagre Froiz selection Jerez reserva 500 ml,,,"2,25 €",,"4,50 €/Litro"
Vinagre Froiz Sidra manzana 500 ml,,,"0,85 €",,"1,70 €/Litro"
Vinagre Froiz vino tinto 1 l,,,"0,65 €",,"0,65 €/Litro"
Vinagre Louit manzana ecológica 250 ml,,,"1,84 €",,"7,36 €/Litro"
Vinagre Santiveri de manzana 750 ml,,,"2,85 €",,"3,80 €/Kilogramo"
Zumo Solimón limón exprimido 100% 280 ml,,,"1,15 €",,"4,11 €/Litro"
Aceituna Jolca con hueso bolsa 100 g,,,"0,70 €",,"7,00 €/Kilogramo"
Aceitunas Carbonell sin hueso bolsa 70 g,,,"0,49 €",,"7,00 €/Kilogramo"
Aceitunas Froiz con hueso cristal 200 g,,,"1,05 €",,"5,25 €/Kilogramo"
Aceitunas Froiz con hueso cristal 500 g,,,"1,99 €",,"3,98 €/Kilogramo"
Aceitunas Froiz con hueso extra bolsa 100 g,,,"0,47 €",,"4,70 €/Kilogramo"
Aceitunas Froiz gazpacha con /hueso 200 g,,,"1,00 €",,"5,00 €/Kilogramo"
Aceitunas Froiz Gordal con hueso cristal 500 g,,,"2,65 €",,"5,30 €/Kilogramo"
Aceitunas Froiz negras con hueso 185 g,,,"0,90 €",,"4,86 €/Kilogramo"
Aceitunas Froiz negras sin hueso lata 150 g,,,"0,90 €",,"6,00 €/Kilogramo"
Aceitunas Froiz rellenas de anchoa 150 g,,,"0,90 €",,"6,00 €/Kilogramo"
Aceitunas Froiz rellenas de anchoa 3x50 g,,,"1,59 €",,"10,60 €/Kilogramo"
Aceitunas Froiz rellenas de anchoa lata 85 g,,,"0,79 €",,"9,29 €/Kilogramo"
Aceitunas Froiz rellenas de anchoa suaves bajo en sal 3x50 g,,,"1,69 €",,"11,27 €/Kilogramo"
Aceitunas Froiz rellenas de pimiento 150 g,,,"1,00 €",,"6,67 €/Kilogramo"
Aceitunas Froiz sin hueso cristal 160 g,,,"1,05 €",,"6,56 €/Kilogramo"
Aceitunas Froiz sin hueso cristal 400 g,,,"1,99 €",,"4,98 €/Kilogramo"
Aceitunas Froiz sin hueso extra bolsa 75 g,,,"0,47 €",,"6,27 €/Kilogramo"
Aceitunas Jolca gordal con hueso 100 g,,,"0,76 €",,"7,60 €/Kilogramo"
Aceitunas Jolca sin hueso bolsa 75 g,,,"0,70 €",,"9,33 €/Kilogramo"
Aceitunas La Española rellena de anchoa 150 g,,,"1,49 €","1,95 €","9,93 €/Kilogramo"
Aceitunas La Española rellena de anchoa 85 g,,,"1,25 €",,"14,71 €/Kilogramo"
Aceitunas La Española suave rellena de anchoa 130 g,,,"1,69 €",,"13,00 €/Kilogramo"
Aceitunas La Explanada negra rodaja 130 g,,,"0,95 €",,"7,31 €/Kilogramo"
Aceitunas La Explanada verde rodaja 130 g,,,"0,75 €",,"5,77 €/Kilogramo"
Aceitunas Lupy con sabor anchoa con hueso 550 g,,,"3,69 €",,"6,71 €/Kilogramo"
Aceitunas Lupy gordales picantes 550 g,,,"4,19 €",,"7,62 €/Kilogramo"
Aceitunas Rellenas de Anchoa Suaves FROIZ 35% Menos de Sal p.e. 150 g,,,"0,90 €",,"6,00 €/Kilogramo"
Aceitunas Serpis negras sin hueso 2x85 g,,,"2,39 €",,"14,06 €/Kilogramo"
Aceitunas Serpis rellena de anchoa extra 3x50 g,,,"2,79 €",,"18,60 €/Kilogramo"
Cóctel encurtidos Froiz con hueso 200 g,,,"1,05 €",,"5,25 €/Kilogramo"
Cóctel encurtidos Froiz con hueso 500 g,,,"2,35 €",,"4,70 €/Kilogramo"
Cóctel encurtidos Rioverde 180 g,,,"1,19 €","1,40 €","6,61 €/Kilogramo"
Alcaparras Helios en vinagre frasco 70 g,,,"1,00 €",,"14,29 €/Kilogramo"
Banderilla anchoa-boquerón Bruimar 95 g,,,"2,25 €",,"23,68 €/Kilogramo"
Banderillas Froiz picantes extra 150 g,,,"1,25 €",,"8,33 €/Kilogramo"
Banderillas Rioverde suave frasco 150 g,,,"1,89 €",,"12,60 €/Kilogramo"
Variantes Froiz primera 180 g,,,"0,94 €",,"5,22 €/Kilogramo"
Cebollitas Froiz blancas extra 180 g,,,"1,10 €",,"6,11 €/Kilogramo"
Aceituna deshuesada sabor anchoa 250g,,,"1,79 €",,"7,16 €/Kilogramo"
Aceituna Gordal sabor anchoa 300g,,,"2,59 €",,"8,63 €/Kilogramo"
Aceituna Manzanilla sabor anchoa 300g,,,"1,79 €",,"5,97 €/Kilogramo"
Aceituna negra 300g,,,"1,79 €",,"5,97 €/Kilogramo"
Aceituna Parda 300g,,,"1,59 €",,"5,30 €/Kilogramo"
Banderilla 275g,,,"1,99 €",,"7,24 €/Kilogramo"
Cebollitas 300g,,,"1,29 €",,"4,30 €/Kilogramo"
Kimbos 275g,,,"3,45 €",,"12,55 €/Kilogramo"
Pepinillo 300g,,,"1,39 €",,"4,63 €/Kilogramo"
Variantes 300g,,,"1,55 €",,"5,17 €/Kilogramo"
Guindilla Froiz extra 120 g,,,"1,19 €",,"9,92 €/Kilogramo"
Pepinillos Froiz sabor anchoa extra 180 g,,,"1,05 €",,"5,83 €/Kilogramo"
Pepinillos Froiz tradicionales extra 180 g,,,"0,85 €",,"4,72 €/Kilogramo"
Salmón Martiko ahumado marinado 80 g,,,"5,25 €",,"65,63 €/Kilogramo"
Galletas Cuétara Krititas 350 g,,,"3,29 €",,"9,40 €/Kilogramo"
Galletas Gullón Mini Cracker bote 350g,,,"1,39 €",,"3,97 €/Kilogramo"
Palomitas Froiz con sabor a mantequilla para microondas 3x100 g,,,"1,49 €",,"4,97 €/Kilogramo"
Palomitas Froiz de maiz con sabor a mantequilla 90 g,,,"0,84 €",,"9,33 €/Kilogramo"
Palomitas Froiz microondas con sal 3x100g,,,"1,22 €",,"4,07 €/Kilogramo"
Popitas al punto de sal P-3 300 g,,,"2,29 €",,"7,63 €/Kilogramo"
Popitas sal Zero P-3 210 g,,,"2,45 €",,"11,67 €/Kilogramo"
Lay's al punto de sal 160 g,,,"1,79 €",,"11,19 €/Kilogramo"
Lay's campesina 150 g,,,"1,95 €",,"13,00 €/Kilogramo"
Lay's Gourmet corte fino 150 g,,,"2,79 €",,"18,60 €/Kilogramo"
Lay's Gourmet sal 170 g,,,"2,79 €",,"16,41 €/Kilogramo"
Lay's Horno al punto de sal 150 g,,,"2,39 €",,"15,93 €/Kilogramo"
Lay's Mediterráneas artesanas 150 g,,,"2,49 €",,"16,60 €/Kilogramo"
Lay's Receta Campesina horno 130 g,,,"2,39 €",,"18,38 €/Kilogramo"
Lay's sal super ahorro 282 g,,,"2,52 €",,"8,94 €/Kilogramo"
Lay's vinagreta 150 g,,,"1,95 €",,"1,95 €/Unidad"
Patatas fritas Alteza campesina 150 g,,,"1,38 €",,"9,20 €/Kilogramo"
Patatas fritas Alteza estilo casero 2 u 300 g,,,"1,80 €",,"6,00 €/Kilogramo"
Patatas fritas Alteza extracrujientes 150 g,,,"1,25 €",,"8,33 €/Kilogramo"
Patatas fritas Alteza lisas 160 g,,,"0,89 €",,"5,56 €/Kilogramo"
Patatas fritas Alteza onduladas 160 g,,,"0,84 €",,"5,25 €/Kilogramo"
Patatas fritas Alteza onduladas jamón 150 g,,,"1,15 €",,"7,67 €/Kilogramo"
Patatas fritas Santa Ana 150 g,,,"1,59 €",,"10,60 €/Kilogramo"
Patatas fritas sartén A Casa Vella 150 g,,,"2,19 €",,"14,60 €/Kilogramo"
Patatas fritas sartén A Casa Vella sin sal 150 g,,,"2,19 €",,"14,60 €/Kilogramo"
Patatas fritas sartén Alteza receta estilo churrería 150 g,,,"1,00 €",,"6,67 €/Kilogramo"
Ruffles Matutano jamón 150 g,,,"1,95 €",,"13,00 €/Kilogramo"
Ruffles Matutano jamón XLB 295 g,,,"2,94 €",,"9,97 €/Kilogramo"
Ruffles Matutano original 160 g,,,"1,79 €",,"11,19 €/Kilogramo"
Ruffles Matutano sabor BBQ 130 g,,,"1,95 €",,"15,00 €/Kilogramo"
Ruffles york'eso Matutano 150 g,,,"1,95 €",,"1,95 €/Unidad"
Snack de patata Froiz 40% menos grasa 125 g,,,"0,92 €",,"7,36 €/Kilogramo"
Snack Patata Pringles original 165 g,,,"1,95 €",,"11,82 €/Kilogramo"
Snack Patata Pringles sour cream & onion 165g,,,"1,95 €",,"11,82 €/Kilogramo"
Aperitivo de maiz Aspil Aspitos 6 u 36 g,,,"1,07 €",,"29,72 €/Kilogramo"
Aperitivos de maiz Froiz 85 g,,,"0,80 €",,"9,41 €/Kilogramo"
Aperitivos Manchitos Tosfrit 38 g,,,"0,49 €",,"12,89 €/Kilogramo"
Aros de maíz Froiz 100 g,,,"0,79 €",,"7,90 €/Kilogramo"
Chaskis Facundo 100 g,,,"1,25 €",,"12,50 €/Kilogramo"
Chaskis Facundo barbacoa 100 g,,,"1,25 €",,"12,50 €/Kilogramo"
Cheetos Gustosines Matutano 96 g,,,"1,79 €",,"18,65 €/Kilogramo"
Cheetos Matutano stick 96 g,,,"1,79 €",,"18,65 €/Kilogramo"
Cheetos pandilla Drakis Matutano 75g,,,"1,79 €",,"23,87 €/Kilogramo"
Cheetos pelotazos Matutano 130 g,,,"1,79 €",,"13,77 €/Kilogramo"
Chips vegetales Garijo Baigorri en aceite de oliva 50 g,,,"0,75 €",,"15,00 €/Kilogramo"
Conos Lay's 3D original 100 g,,,"1,79 €",,"17,90 €/Kilogramo"
Cortezas de cerdo Froiz fritas 75 g,,,"0,70 €",,"9,33 €/Kilogramo"
Doritos Chilli Pepper Matutano 140 g,,,"1,95 €",,"13,93 €/Kilogramo"
Doritos Dippas Matutano original 180 g,,,"1,99 €",,"11,06 €/Kilogramo"
Doritos Matutano Tex-Mex 140 g,,,"1,95 €",,"13,93 €/Kilogramo"
Fritos Matutano barbacoa 146 g,,,"1,79 €",,"12,26 €/Kilogramo"
Lay's Bocabits Matutano 84 g,,,"1,79 €",,"21,31 €/Kilogramo"
Maíz Froiz frito tierno salado BBQ 150 g,,,"0,88 €",,"5,87 €/Kilogramo"
Matutano Mixups Favoritos queso 140 g,,,"1,79 €",,"12,79 €/Kilogramo"
Palitos de patata Froiz 90 g,,,"1,02 €",,"11,33 €/Kilogramo"
Palitos Froiz sabor queso 110 g,,,"0,83 €",,"7,55 €/Kilogramo"
Snack cocktail Froiz mix 250 g,,,"1,75 €",,"7,00 €/Kilogramo"
Snack Froiz conos bacon queso 100 g,,,"0,75 €",,"7,50 €/Kilogramo"
Snack Jumpers con sabor a mantequilla 100 g,,,"1,13 €",,"11,30 €/Kilogramo"
Snack maíz Takis Fuego XXL 140 g,,,"2,15 €",,"15,36 €/Kilogramo"
Snack maíz Takis sabor queso XXL 140g,,,"2,15 €",,"15,36 €/Kilogramo"
Sunbites Snack multicereal al toque de sal marina 95 g,,,"2,09 €",,"22,00 €/Kilogramo"
Tiras de maíz Alteza sabor BBQ 130 g,,,"0,61 €",,"4,69 €/Kilogramo"
Torreznos de cerdo Froiz 100 g,,,"1,17 €",,"11,70 €/Kilogramo"
Tortitas Bicentury arroz integral sabor yogur pack 4x2 130 g,,,"1,99 €",,"15,31 €/Kilogramo"
Tortitas Bicentury chocolate blanco con frutos rojos 131 g,,,"2,25 €",,"17,18 €/Kilogramo"
Tortitas Bicentury maíz 130 g,,,"1,49 €",,"11,46 €/Kilogramo"
Tortitas Bicentury maíz sabor BBQ 124 g,,,"2,09 €",,"16,85 €/Kilogramo"
"Tortitas Bicentury maíz setas, trufa y queso 124 g",,,"2,09 €",,"16,85 €/Kilogramo"
Tortitas Gullón maíz Vitalday 4x27.2 g,,,"1,35 €",,"12,39 €/Kilogramo"
Tortitas Gullón maíz Vitalday chocolate negro 4x25 g,,,"1,49 €",,"14,90 €/Kilogramo"
Tortitas Gullón Vitalday avena chocolate negro 4x20.5 g,,,"1,49 €",,"18,17 €/Kilogramo"
Tortitas Maíz Bicentury sabor Jamón Ibérico 124 g,,,"2,09 €",,"16,85 €/Kilogramo"
Tortitas Santiveri arroz integral Bio 100 g,,,"1,75 €",,"17,50 €/Kilogramo"
Tortitas Santiveri de arroz sin sal Bio 100 g,,,"1,75 €",,"17,50 €/Kilogramo"
Tortitas Santiveri de maíz Bio 130 g,,,"1,85 €",,"14,23 €/Kilogramo"
Tortitas Santiveri Espelta Bio 90 g,,,"1,75 €",,"19,44 €/Kilogramo"
Tortitas Santiveri espelta y chocolate negro Bio 3x34 g,,,"2,75 €",,"26,96 €/Kilogramo"
Tortitas Santiveri Espelta y Quinoa Bio 100 g,,,"1,75 €",,"17,50 €/Kilogramo"
Tortitas Santiveri Noglut arroz chocolate con leche 8 u 120 g,,,"2,39 €",,"19,92 €/Kilogramo"
Arroz Froiz bomba D.O.P. Delta del Ebro 1 kg,,,"2,60 €",,"2,60 €/Kilogramo"
Arroz Nomen Bomba 1 kg,,,"4,25 €",,"4,25 €/Kilogramo"
Arroz Nomen Bomba saco tela 1 kg,,,"5,73 €",,"5,73 €/Kilogramo"
Arroz Sos especial caldosos 500 g,,,"1,25 €",,"2,50 €/Kilogramo"
Arroz Sos especial ensaladas y guarniciones 500 g,,,"1,25 €",,"2,50 €/Kilogramo"
Arroz Sundari Thai Jasmine 500 g,,,"1,66 €",,"3,32 €/Kilogramo"
Arroz Brillante basmati 2x125g,,,"1,34 €",,"5,36 €/Kilogramo"
Arroz Froiz Basmati 1 kg,,,"2,49 €",,"2,49 €/Kilogramo"
Arroz Nomen Basmati 2x140 g,,,"1,79 €",,"6,39 €/Kilogramo"
Arroz Nomen basmati 500 g,,,"1,89 €",,"3,78 €/Kilogramo"
Arroz Brillante integral 2x125 g,,,"1,25 €",,"5,00 €/Kilogramo"
Arroz Nomen integral 1 kg,,,"1,79 €",,"1,79 €/Kilogramo"
Arroz Froiz largo superior 1 kg,,,"1,14 €",,"1,14 €/Kilogramo"
Arroz Sos largo 1 kg,,,"1,65 €",,"1,65 €/Kilogramo"
Arroz Brillante Sabroz Redondo 1 kg,,,"1,89 €",,"1,89 €/Kilogramo"
Arroz Brillante tradicional 2x125g,,,"1,25 €",,"5,00 €/Kilogramo"
Arroz Froiz extra D.O.P. Delta del Ebro 1 kg,,,"1,10 €",,"1,10 €/Kilogramo"
Arroz La Cigala 1 kg,,,"1,65 €","1,73 €","1,65 €/Kilogramo"
Arroz Nomen ecológico 1 kg,,,"3,41 €",,"3,41 €/Kilogramo"
Arroz Nomen extra 1 kg,,,"1,59 €",,"1,59 €/Kilogramo"
Arroz Nomen redondo 2x140 g,,,"1,69 €",,"6,04 €/Kilogramo"
Arroz Sos 1 kg,,,"1,64 €",,"1,64 €/Kilogramo"
Arroz Sos 500 g,,,"0,90 €",,"1,80 €/Kilogramo"
Arroz Sos Risotto 500 g,,,"1,25 €",,"2,50 €/Kilogramo"
Arroz Brillante 1 kg,,,"1,79 €",,"1,79 €/Kilogramo"
Arroz Brillante 500 g,,,"0,97 €",,"1,94 €/Kilogramo"
Quinoa Sos Vidasania 250 g,,,"1,75 €",,"7,00 €/Kilogramo"
Azúcar blanco Acor bolsa 1 kg,,,"1,49 €",,"1,49 €/Kilogramo"
Azúcar blanco Acor paquete 1 kg,,,"1,35 €",,"1,35 €/Kilogramo"
Azúcar Comasucar estuche fam.750 g,,,"2,19 €",,"2,92 €/Kilogramo"
Azucaritos blancos Azucarera caja 300g,,,"1,34 €",,"4,47 €/Kilogramo"
Azúcar Azucarera Glacé Dosificador 500 g,,,"2,39 €",,"4,78 €/Kilogramo"
Azúcar Comasucar moreno 1 kg,,,"1,60 €",,"1,60 €/Kilogramo"
Azúcar moreno de caña integral Moka Azucarera 500 g,,,"1,99 €",,"3,98 €/Kilogramo"
Azúcar Panela Alteza caña integral 500 g,,,"1,80 €",,"3,60 €/Kilogramo"
Azucaritos azúcar moreno Azucarera caja (50 sobres x 6 g) 300 g,,,"1,49 €",,"4,97 €/Kilogramo"
Edulcorante Froiz dosificador 650 comprimidos,,,"0,96 €",,"0,00 €/Unidad"
"Edulcorante Natreen 400 comprimidos 25,6g",,,"2,70 €",,"103,85 €/Kilogramo"
Edulcorante Eritritol Orinoco Doy pack 250 g,,,"3,99 €",,"15,96 €/Kilogramo"
Edulcorante Froiz mesa 60 sobres,,,"1,20 €",,"0,02 €/Bolsita"
Edulcorante stevia Alteza 60 sobres 60 g,,,"2,09 €",,"34,83 €/Kilogramo"
Edulcorante stevia Alteza bote 200 g,,,"3,20 €",,"16,00 €/Kilogramo"
Edulcorante Truvia 40 sobres 40 g,,,"2,15 €",,"53,75 €/Kilogramo"
Dulzol Santiveri líquido grande 90 cc,,,"2,39 €",,"2,66 €/Litro"
Edulcorante Froiz líquido 200 ml,,,"1,13 €",,"5,65 €/Litro"
Sirope de Agave Bio Alteza 350 g,,,"2,50 €",,"7,14 €/Kilogramo"
Stevia líquida Santiveri 90 ml,,,"4,45 €",,"49,44 €/Litro"
Bombón Lindt Nuxor Ballotin Dark 65 g,,,"2,99 €",,"46,00 €/Kilogramo"
Bombón Lindt Nuxor Ballotin leche 65 g,,,"2,99 €",,"46,00 €/Kilogramo"
Bombón Lindt Nuxor leche avellanas 165 g,,,"5,99 €",,"36,30 €/Kilogramo"
Bombones Alteza surtido bolsa 180 g,,,"1,69 €",,"9,39 €/Kilogramo"
"Bombones Ancano ""Piedras de Portomarín"" almendra y chocolate negro 300 g",,,"6,50 €",,"21,67 €/Kilogramo"
Bombones Ferrero Mon Cherí T-15 158 g,,,"4,49 €",,"28,42 €/Kilogramo"
Bombones Ferrero Mon Cherí T-16 168 g,,,"3,95 €",,"23,51 €/Kilogramo"
Bombones Ferrero Mon Cherí T-30 315 g,,,"7,89 €",,"25,05 €/Kilogramo"
Bombones Ferrero Mon Cherí T-5 52.5 g,,,"1,50 €",,"28,30 €/Kilogramo"
Bombones Ferrero Pocket Coffee T-18,,,"4,49 €",,"19,96 €/Kilogramo"
"Bombones Ferrero Pocket Coffee T5 62,5 g",,,"1,50 €",,"23,81 €/Kilogramo"
Bombones Ferrero Prestige T-21 246 g,,,"9,49 €",,"38,58 €/Kilogramo"
Bombones Ferrero Prestige T-28 329 g,,,"11,49 €",,"34,92 €/Kilogramo"
Bombones Ferrero Rafaello T -3 30 G,,,"1,50 €",,"50,00 €/Kilogramo"
Bombones Ferrero Raffaello T-15 150 g,,,"3,69 €",,"24,60 €/Kilogramo"
Bombones Ferrero Raffaello T.8 80 g,,,"1,99 €",,"24,88 €/Kilogramo"
Bombones Ferrero Rocher Collection T-15 172 g,,,"7,49 €",,"43,55 €/Kilogramo"
Bombones Ferrero Rocher Collection T-24 274 g,,,"11,49 €",,"41,93 €/Kilogramo"
Bombones Ferrero Rocher Origins T-15,,,"6,89 €",,"38,28 €/Kilogramo"
Bombones Ferrero Rocher T-16 200 g,,,"4,79 €","5,29 €","23,95 €/Kilogramo"
Bombones Ferrero Rocher T-24 300 g,,,"8,99 €",,"29,97 €/Kilogramo"
Bombones Ferrero Rocher T-3,,,"1,50 €",,"0,50 €/Unidad"
Bombones Ferrero Rocher T-30 375 g,,,"9,39 €",,"25,04 €/Kilogramo"
Bombones Ferrero Rondnoir T.14 141 g,,,"5,49 €",,"38,94 €/Kilogramo"
Bombones Lindor Cornet leche 200 g,,,"4,87 €",,"24,35 €/Kilogramo"
Bombones Lindt Dulces Deseos 345 g,,,"9,65 €",,"27,97 €/Kilogramo"
Bombones Nestlé caja roja 200 g,,,"5,25 €",,"26,25 €/Kilogramo"
Bombones Nestlé caja roja 400 g,,,"9,45 €",,"23,63 €/Kilogramo"
Bombones Nestlé caja roja 800 g,,,"16,98 €",,"21,23 €/Kilogramo"
Bombones Nestlé Dark Sublime 70% cacao 143 g,,,"4,79 €","5,75 €","33,50 €/Kilogramo"
Bombones Nestlé L'Atelier 186 g,,,"4,79 €","5,99 €","25,75 €/Kilogramo"
Bombones Trapa Guindas Licor Bolsa 120 g,,,"1,29 €",,"10,75 €/Kilogramo"
Bombones Valdelice surtido 400 g,,,"5,98 €",,"14,95 €/Kilogramo"
Bombones Valor Selección Oro 0% azúcares añadidos bote 200 g,,,"4,99 €",,"24,95 €/Kilogramo"
Marrón glacé Deleitum frasco 200 g,,,"6,75 €",,"33,75 €/Kilogramo"
Trufas Dulcinea Premier 200 g,,,"1,11 €",,"5,55 €/Kilogramo"
Cacao Cola Cao 0% original 325 g,,,"3,79 €",,"11,66 €/Kilogramo"
"Cacao Cola Cao 1,2 kg",,,"8,29 €",,"6,91 €/Kilogramo"
Cacao Cola Cao 2.5 kg,,,"14,95 €",,"5,98 €/Kilogramo"
Cacao Cola Cao 383 g,,,"3,29 €",,"8,59 €/Kilogramo"
Cacao Cola Cao 760 g,,,"5,69 €",,"7,49 €/Kilogramo"
Cacao Cola Cao estuche 6 sobres 108 g,,,"2,15 €",,"19,91 €/Kilogramo"
Cacao Cola Cao fibra 0% azúcares añadidos 300 g,,,"3,79 €",,"12,63 €/Kilogramo"
Cacao Cola Cao Noir 0% azúcares añadidos 300 g,,,"3,79 €",,"12,63 €/Kilogramo"
Cacao Froiz 100% puro 0% azúcares añadidos 400 g,,,"3,85 €",,"9,63 €/Kilogramo"
Cacao Froiz soluble 900 g,,,"2,49 €",,"2,77 €/Kilogramo"
Cacao Nesquik instantáneo 2.7 kg,,,"12,99 €",,"4,81 €/Kilogramo"
Cacao Nesquik instantáneo 390 g,,,"2,79 €",,"7,15 €/Kilogramo"
Cacao Nesquik instantáneo 700 g,,,"4,49 €",,"6,41 €/Kilogramo"
Cacao Nesquik polvo 0% azúcares añadidos 300 g,,,"3,29 €",,"10,97 €/Kilogramo"
Cacao Nesquik soluble bolsa 1200 g,,,"6,40 €",,"5,33 €/Kilogramo"
Cacao Valor puro 0% azúcares añadidos 250 g,,,"3,99 €",,"15,96 €/Kilogramo"
Cacao Valor Soluble Negro 100% 250 g,,,"3,99 €",,"15,96 €/Kilogramo"
Cacao Paladín a la taza Original 340 g,,,"2,79 €",,"8,21 €/Kilogramo"
Cacao Valorcao puro 500 g,,,"2,85 €",,"5,70 €/Kilogramo"
Chocolate Froiz a la taza 400 g,,,"2,09 €",,"5,23 €/Kilogramo"
Chocolate Ram a la taza brik 1 l,,,"2,25 €",,"2,25 €/Litro"
Chocolate Sabú a la taza plata 500g,,,"2,95 €",,"5,90 €/Kilogramo"
Chocolate Valor a la taza 300 g,,,"2,39 €",,"7,97 €/Kilogramo"
Crema de cacahuete 100% Beplus 500 g,,,"3,00 €",,"6,00 €/Kilogramo"
Crema de cacahuete Capitán Mani 90% 340 g,,,"2,89 €",,"8,50 €/Kilogramo"
Tahín sésamo tostado Bio NaturGreen 300 g,,,"4,59 €",,"15,30 €/Kilogramo"
Crema de castañas y cacao realfooding Shukran 200 g,,,"2,50 €","2,95 €","12,50 €/Kilogramo"
Crema Froiz Cacao-Avellanas 500 g,,,"1,65 €",,"3,30 €/Kilogramo"
Crema Froiz Cacao-Avellanas dúo 500 g,,,"1,65 €",,"3,30 €/Kilogramo"
Crema Nutella de avellanas y cacao 350 g,,,"3,19 €",,"9,11 €/Kilogramo"
Dulce de leche Mardel 450 g,,,"2,59 €",,"5,76 €/Kilogramo"
Nocilla Chocoleche 0% azúcares añadidos vaso 180 g,,,"2,59 €",,"14,39 €/Kilogramo"
Nocilla Chocoleche 180 g,,,"2,19 €",,"12,17 €/Kilogramo"
Nocilla Chocoleche vaso 360 g,,,"3,25 €",,"9,03 €/Kilogramo"
Nocilla cookies & cream vaso 180 g,,,"2,59 €",,"14,39 €/Kilogramo"
Nocilla crema leche vaso 180 g,,,"2,19 €",,"12,17 €/Kilogramo"
Nocilla Familiar Chocoleche tarrina 620 g,,,"4,95 €",,"7,98 €/Kilogramo"
Nocilla Noir vaso 180 g,,,"2,59 €",,"14,39 €/Kilogramo"
Nocilla Original vaso 360 g,,,"3,25 €",,"9,03 €/Kilogramo"
Nocilla Sticks Chocoleche 2x30 g,,,"1,00 €",,"16,67 €/Kilogramo"
Barrita chocolatina Snickers 3x50 g,,,"1,99 €",,"13,27 €/Kilogramo"
Barrita chocolatina Twix 3x50 g,,,"2,10 €",,"14,00 €/Kilogramo"
Barritas Froiz rellenas con cacao y avellanas 6 u 130 g,,,"1,10 €",,"8,46 €/Kilogramo"
"Bolitas chocolate con leche malteada Maltesers 148,5 g",,,"2,59 €",,"17,38 €/Kilogramo"
Caja surtido chocolate Celebrations Mars 196 g,,,"3,75 €",,"19,13 €/Kilogramo"
Chocolatina Kit Kat 3x41.5 g,,,"1,69 €",,"13,63 €/Kilogramo"
Chocolatina Kit kat mini bolsa 200 g,,,"1,49 €","1,65 €","7,45 €/Kilogramo"
Chocolatina Toblerone pack-3 150 g,,,"2,50 €",,"16,67 €/Kilogramo"
Conguitos blancos doypack 220 g,,,"2,75 €",,"12,50 €/Kilogramo"
Conguitos chocolate con leche y cacahuete doypack 220 g,,,"2,75 €",,"12,50 €/Kilogramo"
Conguitos original DoyPack 175 g,,,"2,29 €",,"13,09 €/Kilogramo"
Grageas de chocolate con relleno de cacahuete M&M's bolsa 200 g,,,"2,59 €",,"11,77 €/Kilogramo"
Huesitos Valor original 10 x 20 g,,,"1,99 €",,"9,95 €/Kilogramo"
Huevo Kinder Joy T-3 3x20 g,,,"3,59 €",,"59,83 €/Kilogramo"
Huevos Alteza chocolate con leche con sorpresa 3x20g,,,"1,50 €",,"25,00 €/Kilogramo"
Kinder Bueno mini T.20 108 g,,,"2,19 €",,"20,28 €/Kilogramo"
Kinder Bueno T.2 3x43g,,,"2,49 €",,"19,30 €/Kilogramo"
Kinder Bueno T.2 43 g,,,"1,15 €",,"26,74 €/Kilogramo"
Kinder Bueno White T.2 39 g,,,"1,15 €",,"29,49 €/Kilogramo"
Kinder Bueno White T.2 3x39 g,,,"2,49 €",,"21,28 €/Kilogramo"
Kinder calendario adviento estrella 149g,,,"5,99 €",,"5,99 €/Unidad"
Kinder Chocolate Maxi T-6 120 g,,,"1,95 €",,"16,25 €/Kilogramo"
Kinder chocolate T-8 100 g,,,"1,49 €",,"14,90 €/Kilogramo"
Kinder delice T.1 42 g,,,"0,74 €",,"17,62 €/Kilogramo"
Kinder delice T.10 390 g,,,"3,95 €",,"10,13 €/Kilogramo"
Kinder Schoko-Bons 200 g,,,"3,49 €",,"17,45 €/Kilogramo"
Lacasitos choco Tubo Licencia 20 g,,,"2,30 €",,"115,00 €/Kilogramo"
Lacasitos chocolate tubo R-4X20 g,,,"2,39 €",,"29,88 €/Kilogramo"
Lacasitos DoyPack 150 g,,,"2,29 €",,"15,27 €/Kilogramo"
Parasoles chocolate Lacasa 5 u 50 g,,,"2,25 €",,"45,00 €/Kilogramo"
Chocolate Crunch con leche 100 g,,,"1,00 €","1,15 €","10,00 €/Kilogramo"
Chocolate Ferrero Rocher original 90 g,,,"2,19 €",,"24,33 €/Kilogramo"
Chocolate Froiz blanco 75 g,,,"0,45 €",,"6,00 €/Kilogramo"
Chocolate Froiz con leche sin azúcares añadidos 100 g,,,"0,95 €",,"9,50 €/Kilogramo"
Chocolate Froiz extrafino con leche y almendras 150 g,,,"0,97 €",,"6,47 €/Kilogramo"
Chocolate Froiz extrafino con leche y avellanas 150 g,,,"0,90 €",,"6,00 €/Kilogramo"
Chocolate Froiz extrafino leche 150 g,,,"0,70 €",,"4,67 €/Kilogramo"
Chocolate Froiz leche con almendras enteras 200 g,,,"1,29 €",,"6,45 €/Kilogramo"
Chocolate Froiz negro 55 % cacao 150 g,,,"0,75 €",,"5,00 €/Kilogramo"
Chocolate Froiz negro 55% con almendras 200 g,,,"1,29 €",,"6,45 €/Kilogramo"
Chocolate Froiz negro 55% con avellanas 200 g,,,"1,50 €",,"7,50 €/Kilogramo"
Chocolate Froiz negro 72 % cacao 100 g,,,"0,75 €",,"7,50 €/Kilogramo"
Chocolate Froiz negro 85% cacao 100 g,,,"1,05 €",,"10,50 €/Kilogramo"
Chocolate Froiz negro 85% con almendras 200 g,,,"1,80 €",,"9,00 €/Kilogramo"
Chocolate Froiz negro 99% cacao 100 g,,,"1,50 €",,"15,00 €/Kilogramo"
Chocolate Froiz relleno fresa 100 g,,,"0,85 €",,"8,50 €/Kilogramo"
Chocolate Froiz relleno naranja 100 g,,,"0,85 €",,"8,50 €/Kilogramo"
Chocolate Huesitos blanco 125 g,,,"1,59 €",,"12,72 €/Kilogramo"
Chocolate Huesitos con leche 125 g,,,"1,59 €",,"12,72 €/Kilogramo"
Chocolate Lacasa Lacasitos leche 100 g,,,"1,40 €",,"14,00 €/Kilogramo"
Chocolate Lindt con leche 125 g,,,"1,49 €",,"11,92 €/Kilogramo"
Chocolate Lindt Excellence 70% cacao 100 g,,,"2,65 €",,"26,50 €/Kilogramo"
Chocolate Lindt Excellence 85 % cacao 100 g,,,"2,65 €",,"26,50 €/Kilogramo"
Chocolate Lindt Excellence 90% cacao 100 g,,,"2,35 €",,"23,50 €/Kilogramo"
Chocolate Lindt Excellence negro con naranja y almendras 100 g,,,"2,35 €",,"23,50 €/Kilogramo"
Chocolate Lindt Lindor extra negro 60% cacao 100 g,,,"1,85 €",,"18,50 €/Kilogramo"
Chocolate Lindt Lindor leche 100 g,,,"1,80 €",,"18,00 €/Kilogramo"
Chocolate M&M's con leche y cacahuete 165 g,,,"2,29 €",,"13,88 €/Kilogramo"
Chocolate Milka Cacahuete Caramelo 276 g,,,"2,95 €",,"10,69 €/Kilogramo"
Chocolate Milka caramelo 100 g,,,"0,90 €",,"9,00 €/Kilogramo"
Chocolate Milka choco swing galleta 300 g,,,"2,95 €",,"9,83 €/Kilogramo"
Chocolate Milka con almendras 125 g,,,"1,85 €",,"14,80 €/Kilogramo"
Chocolate Milka con avellanas 270 g,,,"2,49 €",,"9,22 €/Kilogramo"
Chocolate Milka con leche 125 g,,,"1,00 €",,"8,00 €/Kilogramo"
Chocolate Milka Oreo 100 g,,,"0,90 €",,"9,00 €/Kilogramo"
Chocolate Milka Oreo sándwich 92 g,,,"1,29 €",,"14,02 €/Kilogramo"
Chocolate Milka sabor a Cookie y trozos de galleta Chips Ahoy 100g,,,"1,10 €",,"11,00 €/Kilogramo"
Chocolate Milka sándwich Lu 87 g,,,"0,90 €",,"10,34 €/Kilogramo"
Chocolate Milka sándwich Tuc 87 g,,,"1,15 €",,"13,22 €/Kilogramo"
Chocolate Milkybar blanco 100 g,,,"1,00 €","1,08 €","10,00 €/Kilogramo"
Chocolate Nesquik con leche 100 g,,,"1,00 €","1,17 €","10,00 €/Kilogramo"
"Chocolate Nestlé Atelier negro con arándanos azules, avellanas y almendras 170 g",,,"2,80 €",,"16,47 €/Kilogramo"
Chocolate Nestlé chocolate negro 270 g,,,"2,39 €",,"8,85 €/Kilogramo"
Chocolate Nestlé con leche 125 g,,,"0,99 €",,"7,92 €/Kilogramo"
Chocolate Nestlé con leche 270 g,,,"2,05 €",,"7,59 €/Kilogramo"
Chocolate Nestlé con leche y almendras 123 g,,,"1,25 €",,"10,16 €/Kilogramo"
Chocolate Nestlé con leche y almendras 270 g,,,"2,39 €",,"8,85 €/Kilogramo"
Chocolate Nestlé con leche y avellanas 123 g,,,"1,39 €",,"11,30 €/Kilogramo"
Chocolate Nestlé Dolca con leche 100 g,,,"0,67 €",,"6,70 €/Kilogramo"
Chocolate Nestlé Dolca negro 100 g,,,"0,67 €",,"6,70 €/Kilogramo"
Chocolate Nestlé dulce de leche 120 g,,,"1,31 €",,"10,92 €/Kilogramo"
Chocolate Nestlé extrafino Dinosaurus 120 g,,,"1,31 €",,"10,92 €/Kilogramo"
Chocolate Nestlé Extrafino xtreme con relleno de caramelo y trocitos de galleta 87 g,,,"0,95 €",,"10,92 €/Kilogramo"
Chocolate Nestlé Jungly 125 g,,,"1,39 €",,"11,12 €/Kilogramo"
Chocolate Nestlé Jungly blanco con galleta 125 g,,,"1,39 €",,"11,12 €/Kilogramo"
Chocolate Nestlé La Lechera leche 120 g,,,"1,35 €",,"11,25 €/Kilogramo"
Chocolate Nestlé leche intenso 40% 125 g,,,"1,16 €",,"9,28 €/Kilogramo"
Chocolate Nestlé Negro 85% Cacao 120 g,,,"1,65 €",,"13,75 €/Kilogramo"
Chocolate Nestlé negro con almendras enteras 150 g,,,"1,99 €",,"13,27 €/Kilogramo"
Chocolate Nestlé negro sin azúcares añadidos 115 g,,,"1,62 €",,"14,09 €/Kilogramo"
Chocolate Raffaello almond 90 g,,,"2,19 €",,"24,33 €/Kilogramo"
Chocolate Sabú con leche 100 g,,,"0,59 €",,"5,90 €/Kilogramo"
Chocolate Valor 70% negro 0% azúcares añadidos 125g,,,"1,99 €",,"15,92 €/Kilogramo"
Chocolate Valor 70% negro 200 g,,,"2,35 €",,"11,75 €/Kilogramo"
Chocolate Valor 70% negro con almendras 250 g,,,"3,99 €",,"15,96 €/Kilogramo"
Chocolate Valor 70% negro con avellanas 250 g,,,"3,99 €",,"15,96 €/Kilogramo"
Chocolate Valor 82% negro 170 g,,,"2,35 €",,"13,82 €/Kilogramo"
Chocolate Valor 85% negro 0% azúcares añadidos 100 g,,,"1,89 €",,"18,90 €/Kilogramo"
Chocolate Valor 92% negro 170 g,,,"2,79 €",,"16,41 €/Kilogramo"
Chocolate Valor 99% negro 170 g,,,"3,25 €",,"19,12 €/Kilogramo"
Chocolate Valor con leche 45% cacao con almendras y avellanas caramelizadas 200 g,,,"2,45 €",,"12,25 €/Kilogramo"
Chocolate Valor con leche y almendras marconas enteras 250 g,,,"2,75 €","3,15 €","11,00 €/Kilogramo"
Chocolate Valor leche 0% azúcares añadidos 100 g,,,"1,69 €",,"16,90 €/Kilogramo"
Chocolate Valor leche sin lactosa 100 g,,,"1,59 €",,"15,90 €/Kilogramo"
Chocolate Valor leche y almendras 0% azúcares añadidos 150 g,,,"2,85 €",,"19,00 €/Kilogramo"
Chocolate Valor negro 82% con almendras 250 g,,,"4,79 €",,"19,16 €/Kilogramo"
Chocolate Valor negro 82% con almendras y naranja 200 g,,,"3,79 €",,"18,95 €/Kilogramo"
Chocolate Valor puro 0% azúcar añadidos 100 g,,,"1,69 €",,"16,90 €/Kilogramo"
Chocolate Valor puro 200 g,,,"1,87 €",,"9,35 €/Kilogramo"
Chocolate Valor puro con almendras 0% azúcares añadidos 150 g,,,"2,85 €",,"19,00 €/Kilogramo"
Chocolate Valor puro con almendras 250 g,,,"2,75 €","3,15 €","11,00 €/Kilogramo"
Achicoria La Niña molida 500 g,,,"2,45 €",,"4,90 €/Kilogramo"
Achicoria La Niña soluble 200 g,,,"3,45 €",,"17,25 €/Kilogramo"
Bebida café Alteza cappuccino 250 ml,,,"0,80 €",,"3,20 €/Litro"
Bebida café Alteza espresso 250 ml,,,"0,80 €",,"3,20 €/Litro"
Bebida café Alteza Latte macchiato 250 ml,,,"0,80 €",,"3,20 €/Litro"
Caffe Latte Kaiku Cappuccino 230 ml,,,"1,69 €",,"7,35 €/Litro"
Caffe Latte Kaiku Cappuccino Big 370 ml,,,"2,25 €",,"6,08 €/Litro"
Caffe Latte Kaiku espresso 230 ml,,,"1,69 €",,"7,35 €/Litro"
Caffe Latte Kaiku Light sin lactosa 230 ml,,,"1,69 €",,"7,35 €/Litro"
Nescafé Latte Cappuccino 190 ml,,,"1,45 €",,"7,63 €/Litro"
Nescafé Latte Cookies 190 ml,,,"1,45 €",,"7,63 €/Litro"
Nescafé Latte descafeinado 190 ml,,,"1,45 €",,"7,63 €/Litro"
Starbucks Caramelo Macchiato 220 ml,,,"1,99 €",,"9,05 €/Litro"
Cacao cápsulas Nescafé Dolce Gusto Nesquik 16 u,,,"4,89 €",,"0,31 €/Unidad"
Café Alteza cápsulas cortado descafeinado 16 unidades,,,"3,30 €",,"0,21 €/Unidad"
Café Alteza soluble descafeinado 200 g,,,"2,89 €",,"14,45 €/Kilogramo"
Café Alteza soluble natural 200 g,,,"2,25 €",,"11,25 €/Kilogramo"
Café Bonka Colombia grano 500 g,,,"7,99 €",,"15,98 €/Kilogramo"
Café Bonka descafeinado grano 500 g,,,"6,29 €",,"12,58 €/Kilogramo"
Café Bonka grano natural 500 g,,,"5,85 €",,"11,70 €/Kilogramo"
Café Bonka molido descafeinado natural 250 g,,,"2,99 €",,"11,96 €/Kilogramo"
Café Bonka molido ecológico 250 g,,,"3,25 €",,"13,00 €/Kilogramo"
Café Bonka molido mezcla 70/30 250 g,,,"2,45 €",,"9,80 €/Kilogramo"
Café Bonka molido natural 250 g,,,"2,45 €",,"9,80 €/Kilogramo"
Café Bonka molido puro Colombia 250 g,,,"3,75 €",,"15,00 €/Kilogramo"
Café Candelas molido mezcla 250 g,,,"2,59 €",,"10,36 €/Kilogramo"
Café Candelas molido natural 250 g,,,"2,59 €",,"10,36 €/Kilogramo"
Café cápsulas Alteza café con leche 16 unidades,,,"3,30 €",,"0,21 €/Unidad"
Café cápsulas Alteza descafeinado intensidad 7 cápsulas 10 u,,,"1,70 €",,"0,17 €/Unidad"
Café cápsulas Alteza extra intenso 10 unidades,,,"1,70 €",,"0,17 €/Unidad"
Café cápsulas Alteza extra intenso 16 u,,,"3,30 €",,"0,21 €/Unidad"
Café cápsulas Dolce Gusto Starbucks Caffé Latte 121 g 12 u,,,"4,89 €",,"0,41 €/Unidad"
Café cápsulas Dolce Gusto Starbucks Cappuccino 120 g 6 u,,,"4,89 €",,"0,82 €/Unidad"
Café cápsulas L'Arôme espresso fortissimo 10 u,,,"3,89 €",,"0,39 €/Unidad"
Café cápsulas L'Or espresso bio organic 10 u,,,"3,75 €",,"0,38 €/Unidad"
Café cápsulas L'Or Espresso Colombia 10 u,,,"3,89 €",,"0,39 €/Unidad"
Café cápsulas L'Or espresso lungo profundo 10 u,,,"3,89 €",,"0,39 €/Unidad"
Café cápsulas L'Or espresso ristretto 10 u,,,"3,89 €",,"0,39 €/Unidad"
Café cápsulas L'Or espresso sontuoso 10 u,,,"3,89 €",,"0,39 €/Unidad"
Café cápsulas L'Or ristretto descafeinado nº 9 10 u,,,"3,89 €",,"0,39 €/Unidad"
Café cápsulas Marcilla Senseo descafeinado 28 u,,,"3,95 €",,"0,14 €/Unidad"
Café cápsulas Marcilla Senseo fuerte 28 u,,,"3,95 €",,"0,14 €/Unidad"
Café cápsulas Nescafé Dolce Gusto Bonka 16 u,,,"4,89 €",,"0,31 €/Unidad"
Café cápsulas Nescafé Dolce Gusto café con leche 16 u,,,"4,89 €",,"0,31 €/Unidad"
Café cápsulas Nescafé Dolce Gusto cappuccino 8 u,,,"4,89 €",,"0,61 €/Unidad"
Café cápsulas Nescafé Dolce Gusto con leche descafeinado 16 u,,,"4,89 €",,"0,31 €/Unidad"
Café cápsulas Nescafé Dolce Gusto cortado 16 u,,,"4,89 €",,"0,31 €/Unidad"
Café cápsulas Nescafé Dolce Gusto cortado descafeinado 16 u,,,"4,89 €",,"0,31 €/Unidad"
Café cápsulas Nescafé Dolce Gusto Doppio Espresso 16 u,,,"4,89 €",,"0,31 €/Unidad"
Café cápsulas Nescafé Dolce Gusto espresso Intenso 16 u,,,"4,89 €",,"0,31 €/Unidad"
Café cápsulas Nescafé Dolce Gusto espresso Intenso descafeinado 16 u,,,"4,89 €",,"0,31 €/Unidad"
Café cápsulas Nescafé Dolce Gusto Lungo 16 u,,,"4,89 €",,"0,31 €/Unidad"
Café cápsulas Starbucks Nespresso Espresso Roast 57 g 10 u,,,"3,49 €",,"0,35 €/Unidad"
Café cápsulas Starbucks Nespresso Pike Place 53 g 10 u,,,"3,49 €",,"0,35 €/Unidad"
Café cápsulas Starbucks Nespresso Roast descafeinado 57 g 10 u,,,"3,49 €",,"0,35 €/Unidad"
Café cápsulas Tassimo L'Or cappuccino 8 u,,,"5,99 €",,"0,75 €/Unidad"
Café cápsulas Tassimo L'Or espresso descafeinado 16 u,,,"5,99 €",,"0,37 €/Unidad"
Café cápsulas Tassimo L'Or fortissimo intenso 16 u,,,"5,99 €",,"0,37 €/Unidad"
Café cápsulas Tassimo Marcilla café con leche 16 u,,,"5,29 €",,"0,33 €/Unidad"
Café cápsulas Tassimo Marcilla café largo 16 u,,,"5,29 €",,"0,33 €/Unidad"
Café cápsulas Tassimo Marcilla espresso 16 u,,,"5,29 €",,"0,33 €/Unidad"
Café El Gallego grano mezcla 500 g,,,"4,89 €",,"9,78 €/Kilogramo"
Café El Gallego grano natural 500 g,,,"4,89 €",,"9,78 €/Kilogramo"
Café El Gallego mezcla 50/50 250 g,,,"2,30 €",,"9,20 €/Kilogramo"
Café El Gallego molido descafeinado 250 g,,,"2,95 €",,"11,80 €/Kilogramo"
Café El Gallego molido natural 250 g,,,"2,30 €",,"9,20 €/Kilogramo"
Café Fortaleza grano mezcla 50/50 1 kg,,,"9,95 €",,"9,95 €/Kilogramo"
Café Fortaleza grano natural 500 g,,,"5,59 €",,"11,18 €/Kilogramo"
Café Fortaleza molido descafeinado natural 250 g,,,"3,35 €",,"13,40 €/Kilogramo"
Café Fortaleza molido mezcla 250 g,,,"2,89 €",,"11,56 €/Kilogramo"
Café Fortaleza molido natural 250 g,,,"2,89 €",,"11,56 €/Kilogramo"
Café Froiz grano natural 500 g,,,"3,79 €",,"7,58 €/Kilogramo"
Café Froiz molido descafeinado natural 250 g,,,"1,65 €",,"6,60 €/Kilogramo"
Café Froiz molido mezcla 250 g,,,"1,49 €",,"5,96 €/Kilogramo"
Café Froiz molido natural 250 g,,,"1,49 €",,"5,96 €/Kilogramo"
Café La Estrella molido descafeinado 250 g,,,"2,70 €",,"10,80 €/Kilogramo"
Café La Estrella molido mezcla 250 g,,,"2,15 €",,"8,60 €/Kilogramo"
Café Las Candelas grano mezcla 500 g,,,"5,15 €",,"10,30 €/Kilogramo"
Café Las Candelas grano natural 500 g,,,"5,15 €",,"10,30 €/Kilogramo"
Café Marcilla con leche 14 cápsulas compatibles con cafetera Dolce Gusto,,,"3,69 €","4,49 €","0,26 €/Unidad"
Café Marcilla creme mezcla molido 250 g,,,"3,79 €",,"15,16 €/Kilogramo"
Café Marcilla descafeinado cápsulas 20 u,,,"5,99 €",,"0,30 €/Unidad"
Café Marcilla espresso intenso 14 cápsulas compatibles con cafetera Dolce Gusto,,,"3,69 €","4,49 €","0,26 €/Unidad"
Café Marcilla intenso cápsulas 20 u,,,"5,99 €",,"0,30 €/Unidad"
Café Marcilla largo cápsulas 20 u,,,"5,99 €",,"0,30 €/Unidad"
Café Marcilla molido mezcla 250 g,,,"2,99 €",,"11,96 €/Kilogramo"
Café Marcilla molido mezcla descafeinado 200 g,,,"3,29 €",,"16,45 €/Kilogramo"
Café Marcilla molido natural 250 g,,,"2,99 €",,"11,96 €/Kilogramo"
Café Marcilla molido natural descafeinado 200 g,,,"3,29 €",,"16,45 €/Kilogramo"
Café Marcilla soluble descafeinado creme 200 g,,,"8,79 €",,"43,95 €/Kilogramo"
Café Marcilla soluble natural creme 200 g,,,"7,85 €",,"39,25 €/Kilogramo"
Café Nescafé 3 en 1 10 sobres 170 g,,,"2,35 €",,"13,82 €/Kilogramo"
Café Nescafé cappuccino descafeinado 125 g 10 sobres,,,"2,99 €",,"23,92 €/Kilogramo"
Café Nescafé cappuccino normal 140 g 10 sobres,,,"2,99 €",,"21,36 €/Kilogramo"
Café Nescafé cápsulas Áfricas 18 u,,,"6,29 €",,"0,35 €/Unidad"
Café Nescafé cápsulas Brazil 18 u,,,"6,29 €",,"0,35 €/Unidad"
Café Nescafé cápsulas Colombia Expresso descafeinado 10 u,,,"3,50 €",,"0,35 €/Unidad"
Café Nescafé Classic Black Roast 200 g,,,"5,95 €",,"29,75 €/Kilogramo"
Café Nescafé classic descafeinado 10 sobres 2 g,,,"1,19 €",,"59,50 €/Kilogramo"
Café Nescafé classic soluble descafeinado 100 g,,,"3,95 €",,"39,50 €/Kilogramo"
Café Nescafé classic soluble natural 200 g,,,"5,85 €",,"29,25 €/Kilogramo"
Café Nescafé classic soluble natural 50 tazas 100 g,,,"3,75 €",,"37,50 €/Kilogramo"
Café Nescafé descafeinado soluble 200 g,,,"5,95 €",,"29,75 €/Kilogramo"
Café Nescafé Dolce Gusto bebida avena cápsulas 12 u,,,"4,89 €",,"0,41 €/Unidad"
Café Nescafé Dolce Gusto Magnum con leche cápsulas 30 unidades,,,"8,25 €",,"0,28 €/Unidad"
Café Nescafé Dolce Gusto Perú ecológico 12 u,,,"4,89 €",,"0,41 €/Unidad"
Café Nescafé puro Colombia soluble 100 g,,,"5,29 €",,"52,90 €/Kilogramo"
Café Nescafé Vitalissimo descafeinado 200 g,,,"6,35 €",,"31,75 €/Kilogramo"
Café Saimaza molido descafeinado natural 250 g,,,"2,79 €",,"11,16 €/Kilogramo"
Café Saimaza molido mezcla 250 g,,,"1,99 €","2,49 €","7,96 €/Kilogramo"
Café Saimaza molido natural 250 g,,,"1,99 €","2,49 €","7,96 €/Kilogramo"
Café Trópico molido natural 250 g,,,"2,30 €",,"9,20 €/Kilogramo"
Café Trópico natural grano 500 g,,,"4,65 €",,"9,30 €/Kilogramo"
Cereales solubles Alteza 150 g,,,"1,80 €",,"12,00 €/Kilogramo"
Cereales solubles Eko con miel 150 g,,,"2,99 €",,"19,93 €/Kilogramo"
Cereales Solubles Eko Ecológico natural 150 g,,,"2,75 €",,"18,33 €/Kilogramo"
Cereales solubles Eko magnesio 150 g,,,"2,99 €",,"19,93 €/Kilogramo"
Chocolate cápsulas Nescafé Dolce Gusto chococino 8 u,,,"4,89 €",,"0,61 €/Unidad"
Chocolate cápsulas Tassimo Milka 8 u,,,"5,99 €",,"0,75 €/Unidad"
Infusión Froiz Digestiva 20 bolsitas,,,"1,00 €",,"0,05 €/Bolsita"
Infusión Froiz Relax 20 bolsitas,,,"0,89 €",,"0,04 €/Bolsita"
Infusión Hornimans arándanos con hibisco 20 bolsitas,,,"2,45 €",,"0,12 €/Unidad"
Infusión Hornimans cúrcuma con té matcha 20 bolsitas,,,"2,45 €",,"0,12 €/Bolsita"
Infusión Hornimans digest 20 bolsitas,,,"2,35 €",,"0,12 €/Bolsita"
Infusión Hornimans frutal frambuesa y rooibos 20 bolsitas,,,"2,35 €",,"0,12 €/Bolsita"
Infusión Hornimans jenjibre con té matcha 20 bolsitas,,,"2,45 €",,"0,12 €/Bolsita"
Infusión Hornimans maca con jenjibre 20 bolsitas,,,"2,45 €",,"0,12 €/Bolsita"
"Infusión Hornimans Para Tu Botella piña, mango y jengibre 10 bolsitas",,,"2,79 €",,"0,28 €/Bolsita"
Infusión Hornimans relax 20 bolsitas,,,"2,35 €",,"0,12 €/Bolsita"
Infusión Pompadour Cola de Caballo 20 bolsitas,,,"1,99 €","2,29 €","0,10 €/Bolsita"
Infusión Pompadour delgaxan fibra 20 bolsitas,,,"1,99 €","2,45 €","0,10 €/Bolsita"
Infusión Pompadour digestive 20 bolsitas,,,"1,99 €","2,29 €","0,10 €/Bolsita"
Infusión Pompadour duerme bien 20 bolsitas,,,"1,99 €","2,29 €","0,10 €/Bolsita"
Infusión Pompadour Fruit all 20 bolsitas,,,"1,99 €","2,45 €","0,10 €/Bolsita"
Infusión Pompadour hierba luisa 20 bolsitas,,,"2,29 €",,"0,11 €/Bolsita"
Infusión Pompadour jengibre con limón 20 bolsitas,,,"2,15 €",,"0,11 €/Bolsita"
Infusión Pompadour non-stress 20 bolsitas,,,"1,99 €","2,45 €","0,10 €/Bolsita"
Infusión Pompadour valeriana 20 bolsitas,,,"1,99 €","2,29 €","0,10 €/Bolsita"
Infusión Susarón Adelgasana 20 bolsitas,,,"2,49 €",,"0,12 €/Bolsita"
Infusión Susarón Laxsana 20 bolsitas,,,"2,49 €",,"0,12 €/Bolsita"
Infusión Yogi eco India Chai 12 bolsitas,,,"2,75 €",,"0,23 €/Bolsita"
Infusión Yogi ecológica Matcha energía 12 bolsitas,,,"2,75 €",,"0,23 €/Bolsita"
Malta Muller molida 200 g,,,"0,85 €",,"4,25 €/Kilogramo"
Manzanilla Froiz 25 bolsitas,,,"0,75 €",,"0,03 €/Bolsita"
Manzanilla Froiz con anís 25 bolsitas,,,"0,79 €",,"0,03 €/Bolsita"
Manzanilla Hornimans 25 bolsitas,,,"1,95 €",,"0,08 €/Bolsita"
Manzanilla Hornimans con anís 25 bolsitas,,,"1,95 €",,"0,08 €/Bolsita"
Menta Poleo Froiz 25 bolsitas,,,"0,69 €",,"0,03 €/Bolsita"
Menta-poleo Hornimans 25 bolsitas,,,"1,95 €",,"0,08 €/Bolsita"
Té cápsulas Nescafé Dolce Gusto Marrakesh 16 u,,,"4,89 €",,"0,31 €/Unidad"
Té Froiz 25 bolsitas,,,"0,59 €",,"0,02 €/Bolsita"
Té Froiz rojo 25 bolsitas,,,"1,00 €",,"0,04 €/Bolsita"
Té Froiz verde 25 bolsitas,,,"0,79 €",,"0,03 €/Bolsita"
Té Hornimans classic blend 25 bolsitas,,,"1,95 €",,"0,08 €/Bolsita"
Té Hornimans rojo con anís y un toque de ciruela 20 bolsitas,,,"2,35 €",,"0,12 €/Bolsita"
"Té Hornimans Slim té verde, guaraná y piña 20 bolsitas",,,"2,35 €",,"0,12 €/Bolsita"
Té Hornimans verde Kombucha 20 bolsitas,,,"2,45 €",,"0,12 €/Bolsita"
Té Hornimans verde y menta 20 bolsitas,,,"2,35 €",,"0,12 €/Bolsita"
Té Pompadour descafeinado 25 bolsitas,,,"1,69 €",,"0,07 €/Bolsita"
Té Pompadour rooibos 20 bolsitas,,,"2,29 €",,"0,11 €/Bolsita"
Té Pompadour verde con jengibre y naranja 20 bolsitas,,,"2,05 €",,"0,10 €/Bolsita"
Té Sir Winston Tea Royal Earl Grey 20 bolsitas,,,"2,45 €",,"0,12 €/Bolsita"
Té Sir Winston Tea Supreme English Breakfast 20 bolsitas,,,"2,45 €",,"0,12 €/Bolsita"
Tila Froiz 25 bolsitas,,,"0,69 €",,"0,03 €/Bolsita"
Tila Hornimans 25 bolsitas,,,"1,95 €",,"0,08 €/Bolsita"
Yerba mate Cruz de Malta 500 g,,,"3,15 €",,"6,30 €/Kilogramo"
Barrita de cereales Alteza manzana y albaricoque 6 u 150 g,,,"1,05 €",,"7,00 €/Kilogramo"
Barritas de cereales Alteza con chocolate 6 u 150 g,,,"1,15 €",,"7,67 €/Kilogramo"
Barritas de cereales Alteza con fresa y yogur 6 u 150 g,,,"1,09 €",,"7,27 €/Kilogramo"
Barritas de cereales Alteza plátano y chocolate 6 u 150 g,,,"1,09 €",,"7,27 €/Kilogramo"
Barritas de cereales Corny 0% azúcares chocolate con leche 6x20 g,,,"1,99 €",,"16,58 €/Kilogramo"
Barritas de cereales Corny muesly chocolate con leche 6x25 g,,,"1,99 €",,"13,27 €/Kilogramo"
Barritas de cereales Kellogg's Choco Krispies 120 g,,,"2,69 €",,"22,42 €/Kilogramo"
Barritas de cereales Kellogg's Special k chocolate con leche 120 g,,,"2,69 €",,"22,42 €/Kilogramo"
"Barritas de cereales Nestlé Fitness con chocolate 6x23,5 g",,,"2,69 €",,"19,08 €/Kilogramo"
Barritas de cereales Nestlé Nesquik 6 x 25 g,,,"2,69 €",,"17,93 €/Kilogramo"
Barritas Hero Corny protein chocolate 35 g,,,"1,09 €",,"31,14 €/Kilogramo"
Barritas Kellogg's All-Bran bizcocho fruta y fibra 6x40 g,,,"3,25 €",,"13,54 €/Kilogramo"
Isostar Pulse avellana barra 138 g,,,"2,55 €",,"18,48 €/Kilogramo"
Isostar Pulse choco barra 138 g,,,"2,55 €",,"18,48 €/Kilogramo"
Cereales Alteza integrales 500 g,,,"1,45 €",,"2,90 €/Kilogramo"
Cereales Alteza integrales con chocolate 350 g,,,"1,52 €",,"4,34 €/Kilogramo"
Cereales Alteza muesli con chocolate 500 g,,,"1,75 €",,"3,50 €/Kilogramo"
Cereales Alteza muesli con frutos secos 500 g,,,"1,75 €",,"3,50 €/Kilogramo"
Cereales Kellogg's All-Bran chocolate 375 g,,,"2,29 €","2,99 €","6,11 €/Kilogramo"
Cereales Kellogg's All-Bran Plus 500 g,,,"2,29 €","3,39 €","4,58 €/Kilogramo"
Cereales Kellogg's All-Bran Prebiotic Original 380 g,,,"2,65 €","3,75 €","6,97 €/Kilogramo"
Cereales Kellogg's Bran Flakes 375 g,,,"2,75 €",,"7,33 €/Kilogramo"
Cereales Kellogg's Extra Chocolate 375 g,,,"3,69 €",,"9,84 €/Kilogramo"
Cereales Kellogg's Fruta&Fibra 500 g,,,"3,75 €",,"7,50 €/Kilogramo"
Cereales Kellogg's Special K 375 g,,,"1,99 €",,"5,31 €/Kilogramo"
Cereales Kellogg's Special K chocolate negro 375 g,,,"2,80 €",,"7,47 €/Kilogramo"
Cereales Kellogg's Special K frutas rojas 300 g,,,"3,69 €",,"12,30 €/Kilogramo"
Cereales Nestlé Cheerios Avena 300 g,,,"2,99 €",,"9,97 €/Kilogramo"
Cereales Nestlé Fitness chocolate con leche 375 g,,,"2,85 €",,"7,60 €/Kilogramo"
Cereales Nestlé Fitness chocolate negro 375 g,,,"2,85 €",,"7,60 €/Kilogramo"
Cereales Nestlé Fitness original 375 g,,,"2,79 €",,"7,44 €/Kilogramo"
Copos de avena Alteza bolsa 500 g,,,"0,70 €",,"1,40 €/Kilogramo"
Copos Santiveri avena integral bio 500g,,,"2,35 €",,"4,70 €/Kilogramo"
Muesli Crunchy Santiveri chocolate Bio 400 g,,,"4,45 €",,"11,13 €/Kilogramo"
Muesli Santiveri con frutas Bio 500 g,,,"4,45 €",,"8,90 €/Kilogramo"
Muesli Santiveri crujiente 500 g,,,"4,85 €",,"9,70 €/Kilogramo"
Cereales Alteza corn flakes 500 g,,,"1,15 €",,"2,30 €/Kilogramo"
Cereales Kellogg's Corn Flakes 500 g,,,"2,99 €",,"5,98 €/Kilogramo"
Cereales Nestlé Corn Flakes sin gluten 375 g,,,"2,95 €",,"7,87 €/Kilogramo"
Salvado avena Santiveri bolsa 250 g,,,"2,09 €",,"8,36 €/Kilogramo"
Salvado Santiveri integral 250 g,,,"2,75 €",,"11,00 €/Kilogramo"
Cereales Alteza arroz chocolate 500 g,,,"1,55 €",,"3,10 €/Kilogramo"
Cereales Alteza choco flakes 500 g,,,"1,45 €",,"2,90 €/Kilogramo"
Cereales Alteza relleno de chocolate 500 g,,,"1,95 €",,"3,90 €/Kilogramo"
Cereales Alteza relleno leche 500 g,,,"2,35 €",,"4,70 €/Kilogramo"
Cereales Alteza rellenos de chocolate y avellanas sin gluten 400 g,,,"2,10 €",,"5,25 €/Kilogramo"
Cereales Kellogg's Choco Krave 410 g,,,"3,65 €",,"8,90 €/Kilogramo"
Cereales Kellogg's Choco Krispies 450 g,,,"2,99 €",,"6,64 €/Kilogramo"
Cereales Kellogg's Choco Krispies chocos 450 g,,,"3,69 €",,"8,20 €/Kilogramo"
Cereales Kellogg's Frosties 450 g,,,"3,69 €",,"8,20 €/Kilogramo"
Cereales Kellogg's Krave rellenos de leche 410 g,,,"3,65 €",,"8,90 €/Kilogramo"
Cereales Kellogg's Smacks 450 g,,,"3,69 €",,"8,20 €/Kilogramo"
Cereales Nestlé Chocapic 375 g,,,"2,80 €",,"7,47 €/Kilogramo"
Cereales Nestlé Cookie Crisp 375 g,,,"2,99 €",,"7,97 €/Kilogramo"
Cereales Nestlé Estrellitas 450 g,,,"3,59 €",,"7,98 €/Kilogramo"
Cereales Nestlé Golden Grahams 420 g,,,"3,05 €",,"7,26 €/Kilogramo"
Cereales Nestlé Lion 400 g,,,"3,59 €",,"8,98 €/Kilogramo"
Cereales Nestlé Mix 190 g (5x30g+1x40g),,,"3,69 €",,"19,42 €/Kilogramo"
Cereales Nestlé Nat Delice Flakes 340g,,,"2,99 €",,"8,79 €/Kilogramo"
Cereales Nestlé Nesquik 375 g,,,"2,99 €",,"7,97 €/Kilogramo"
Chiles Chipotles adobado Clemente Jacques 220 g,,,"2,99 €",,"13,59 €/Kilogramo"
Chiles Jalapeños Clemente Jacques enteros en escabeche 121 g,,,"1,99 €",,"16,45 €/Kilogramo"
Chiles Jalapeños escabeche Clemente Jacques rajas verdes 121 g,,,"2,19 €",,"18,10 €/Kilogramo"
Frijoles Bayos refritos con chipotle La Sierra 430 g,,,"3,35 €",,"7,79 €/Kilogramo"
Frijoles Bayos refritos La Sierra 430 g,,,"3,15 €",,"7,33 €/Kilogramo"
Frijoles negros enteros La Sierra 310 g,,,"3,19 €",,"10,29 €/Kilogramo"
Frijoles negros refritos La Sierra 430 g,,,"3,15 €",,"7,33 €/Kilogramo"
Mole Bueno rojo en pasta 235 g,,,"5,25 €",,"22,34 €/Kilogramo"
Arroz 3 delicias Ta-Tung 280 g,,,"3,29 €",,"11,75 €/Kilogramo"
Dim Sum Gyoza de carne de cerdo Ta-Tung al vapor 6 piezas 170 g,,,"3,45 €","3,80 €","20,29 €/Kilogramo"
Fideo Fidesoba Alteza pollo vaso 65 g,,,"0,85 €",,"13,08 €/Kilogramo"
Fideo oriental Yang-tsé Vermicelli 250 g,,,"2,53 €",,"10,12 €/Kilogramo"
Fideos chinos al huevo Soubry 250 g,,,"1,29 €","1,49 €","5,16 €/Kilogramo"
Fideos Maggi Fusian India 118 g,,,"1,69 €",,"14,32 €/Kilogramo"
Fideos Maggi Magic Asia Classic 121 g,,,"1,69 €",,"13,97 €/Kilogramo"
Maggi Saucy Noodles Teriyaki cup 75 g,,,"1,59 €",,"21,20 €/Kilogramo"
Rollitos de Primavera Vegetales Ta-Tung 280 g,,,"3,29 €",,"11,75 €/Kilogramo"
Yatekomo Gallina Blanca fideos orientales 61 g,,,"1,39 €",,"22,79 €/Kilogramo"
Yatekomo Gallina Blanca fideos orientales pollo 60 g,,,"1,39 €",,"23,17 €/Kilogramo"
Yatekomo Yakisoba Gallina Blanca classic 93 g,,,"1,79 €",,"19,25 €/Kilogramo"
Yatekomo Yakisoba Gallina Blanca pollo 93 g,,,"1,79 €",,"19,25 €/Kilogramo"
Barquitas Mexicanas Old El Paso 8 tortillas 193 g,,,"2,59 €",,"13,42 €/Kilogramo"
Kit Old El Paso para Fajitas 500 g,,,"4,88 €",,"9,76 €/Kilogramo"
Tortilla trigo El Sarape 8u 170 g,,,"2,15 €",,"12,65 €/Kilogramo"
Tortillas Banderos 8 u 320 g,,,"1,15 €",,"3,59 €/Kilogramo"
Tortillas maíz El Sarape 10 u 180 g,,,"3,85 €",,"21,39 €/Kilogramo"
Tortillas Old El Paso 8 u 326 g,,,"2,29 €",,"7,02 €/Kilogramo"
Tortillas Old El Paso integrales 6 u 350 g,,,"3,19 €",,"9,11 €/Kilogramo"
Tortitas Bimbo Rapiditas Wraps 6u 240 g,,,"1,99 €",,"8,29 €/Kilogramo"
Nachos Banderos de maíz salados 200 g,,,"1,26 €",,"6,30 €/Kilogramo"
Nachos Banderos sabor queso 200 g,,,"1,26 €",,"6,30 €/Kilogramo"
Nachos maíz Chefmex 200 g,,,"2,09 €",,"10,45 €/Kilogramo"
Guacamole Avomix Picante 200 g,,,"1,69 €",,"8,45 €/Kilogramo"
Guacamole Avomix suave 200 g,,,"1,65 €",,"8,25 €/Kilogramo"
Salsa Banderos Mexicana con queso 300 g,,,"1,35 €",,"4,50 €/Kilogramo"
Salsa Chipotles molidos Clemente Jacques 220 g,,,"3,25 €",,"14,77 €/Kilogramo"
Salsa Jalapeños molidos Clemente Jacques 220 g,,,"3,25 €",,"14,77 €/Kilogramo"
Salsa Mexicana Clemente Jacques 210 g,,,"2,15 €",,"10,24 €/Kilogramo"
Salsa Old El Paso Guacamole 320 g,,,"3,29 €",,"10,28 €/Kilogramo"
Salsa Old El Paso Mexicana 312 g,,,"3,29 €",,"10,54 €/Kilogramo"
Salsa Taquera Clemente Jacques 210 g,,,"2,15 €",,"10,24 €/Kilogramo"
Salsa Valentina muy picante 370 ml,,,"2,75 €",,"7,43 €/Litro"
Salsa Valentina picante 370 ml,,,"2,75 €",,"7,43 €/Litro"
Salsa verde Clemente Jacques 210 g,,,"2,15 €",,"10,24 €/Kilogramo"
Sazonador Old El Paso para fajitas 30 g,,,"1,30 €",,"43,33 €/Kilogramo"
Jugo de coco Blue Dragon 400 ml,,,"1,69 €","1,89 €","4,23 €/Litro"
Salsa agridulce Yang-Tsé 200 g,,,"1,29 €","1,49 €","6,45 €/Kilogramo"
Salsa de soja Heinz 150 ml,,,"1,99 €",,"13,27 €/Litro"
Salsa de soja Kikkoman 250 ml,,,"4,65 €",,"18,60 €/Litro"
Salsa de soja Kikkoman con menos sal 250 ml,,,"4,65 €",,"18,60 €/Kilogramo"
Salsa Patak's Tikka Masala 450 g,,,"2,49 €",,"5,53 €/Kilogramo"
Vinagre Yang-Tsé de arroz 150 ml,,,"1,79 €",,"11,93 €/Litro"
Bicarbonato La Barraca 180 g,,,"0,60 €",,"3,33 €/Kilogramo"
Sal de frutas Alteza sabor limón bote 200 g,,,"1,39 €",,"6,95 €/Kilogramo"
5 Bayas Ducros molinillo 24 g,,,"3,40 €",,"141,67 €/Kilogramo"
Ajo Ducros molinillo 40 g,,,"3,40 €",,"85,00 €/Kilogramo"
Ajo Froiz granulado 50 g,,,"0,55 €",,"11,00 €/Kilogramo"
Ajo Jauja granulado tarro 55 g,,,"0,95 €",,"17,27 €/Kilogramo"
Ajo molido Ducros bote 290 g,,,"4,45 €",,"15,34 €/Kilogramo"
Ajo Pozo granulado 43 g,,,"0,99 €",,"23,02 €/Kilogramo"
Ajo y Perejil Froiz 35 g,,,"0,75 €",,"21,43 €/Kilogramo"
Albahaca Froiz 12 g,,,"0,55 €",,"45,83 €/Kilogramo"
Albahaca Pozo 12 g,,,"0,99 €",,"82,50 €/Kilogramo"
Anís Froiz grano 30 g,,,"0,85 €",,"28,33 €/Kilogramo"
Azafrán Froiz hebra 4 sobres 400 mg,,,"1,79 €",,"447,50 €/100 grs."
Azafrán Froiz molido 4 sobres 400mg,,,"1,75 €",,"437,50 €/100 grs."
Azafrán Pote hebra 4 sobres 400 mg,,,"2,35 €",,"587,50 €/100 grs."
Azafrán Pote molido 4 sobres 400mg,,,"2,35 €",,"587,50 €/100 grs."
Canela en Rama Ceylan Froiz Tarro Cristal 12 g,,,"0,87 €",,"72,50 €/Kilogramo"
Canela Froiz molida 35 g,,,"0,55 €",,"15,71 €/Kilogramo"
Canela Pozo molida 26 g,,,"0,99 €",,"38,08 €/Kilogramo"
Canela Pozo rama 14 g,,,"0,99 €",,"70,71 €/Kilogramo"
Cayena Pozo entera 15 g,,,"0,99 €",,"66,00 €/Kilogramo"
Cebolla Froiz granulada 30 g,,,"0,50 €",,"16,67 €/Kilogramo"
Cebolla Pozo granulada 44 g,,,"0,99 €",,"22,50 €/Kilogramo"
Cilantro Froiz hoja 9 g,,,"1,09 €",,"121,11 €/Kilogramo"
Cilantro hoja Jauja 15 g,,,"0,85 €",,"56,67 €/Kilogramo"
Clavo Froiz grano 28 g,,,"1,09 €",,"38,93 €/Kilogramo"
Clavo Pozo grano 21 g,,,"0,99 €",,"47,14 €/Kilogramo"
Colorante Froiz 50 g,,,"0,50 €",,"10,00 €/Kilogramo"
Colorante natural Pote 10 sobres 20 g,,,"1,08 €",,"54,00 €/Kilogramo"
Colorante Pote 24 sobres 19.2 g,,,"0,99 €",,"0,04 €/Unidad"
Colorante Pote caja 8 sobres 6.4 g,,,"0,48 €",,"0,06 €/Unidad"
Comino Froiz molido 32 g,,,"0,55 €",,"17,19 €/Kilogramo"
Comino Pozo molidos 27 g,,,"0,99 €",,"36,67 €/Kilogramo"
Cúrcuma Froiz molida 38 g,,,"0,75 €",,"19,74 €/Kilogramo"
Cúrcuma molida Jauja 40 g,,,"0,85 €",,"21,25 €/Kilogramo"
Curry Froiz 40 g,,,"0,69 €",,"17,25 €/Kilogramo"
Curry Pozo en polvo 30 g,,,"0,99 €",,"33,00 €/Kilogramo"
Eneldo Froiz hoja 13 g,,,"0,75 €",,"57,69 €/Kilogramo"
Eneldo hojas Jauja 15 g,,,"0,85 €",,"56,67 €/Kilogramo"
Especias Jauja cayena molida 42 g,,,"0,85 €",,"20,24 €/Kilogramo"
Especias Jauja churrasco 15 g,,,"0,85 €",,"56,67 €/Kilogramo"
Especias Jauja cordero tarro 70g,,,"0,85 €",,"12,14 €/Kilogramo"
Especias Jauja pollo tarro 75 g,,,"0,85 €",,"11,33 €/Kilogramo"
Especias Jauja surtidas 35 g,,,"0,85 €",,"24,29 €/Kilogramo"
Especias Pozo callos 26 g,,,"0,99 €",,"38,08 €/Kilogramo"
Especias Pozo carnes 25 g,,,"0,99 €",,"39,60 €/Kilogramo"
Especias Pozo chimichurri 50g,,,"0,95 €",,"19,00 €/Kilogramo"
Especias Pozo churrasco 36 g,,,"0,99 €",,"27,50 €/Kilogramo"
Especias Pozo cordero 32g,,,"0,99 €",,"30,94 €/Kilogramo"
Especias Pozo pimentón picante 30 g,,,"0,99 €",,"27,50 €/Kilogramo"
Especias Pozo pollo 36 g,,,"0,99 €",,"27,50 €/Kilogramo"
Especias Pozo surtidas 27 g,,,"0,99 €",,"36,67 €/Kilogramo"
Estragón hoja Jauja 12 g,,,"0,85 €",,"70,83 €/Kilogramo"
Guindilla Froiz rama (cayena) 12 g,,,"0,53 €",,"44,17 €/Kilogramo"
Hierbas Provenzales Froiz 18 g,,,"0,72 €",,"40,00 €/Kilogramo"
Hinojo grano Jauja 30 g,,,"0,85 €",,"28,33 €/Kilogramo"
Jengibre molido Froiz 35 g,,,"0,89 €",,"25,43 €/Kilogramo"
Jengibre molido Jauja 35 g,,,"0,85 €",,"24,29 €/Kilogramo"
Laurel Froiz hoja estuche 12 g,,,"0,80 €",,"66,67 €/Kilogramo"
Laurel Pozo hojas caja 14g,,,"0,76 €",,"54,29 €/Kilogramo"
Nuez moscada Froiz entera 16 g,,,"0,89 €",,"55,63 €/Kilogramo"
Nuez moscada Froiz molida 42 g,,,"1,09 €",,"25,95 €/Kilogramo"
Orégano Ducros bote 65 g,,,"3,99 €",,"61,38 €/Kilogramo"
Orégano Froiz hoja 8 g,,,"0,35 €",,"43,75 €/Kilogramo"
Orégano Jauja 10 g,,,"0,85 €",,"85,00 €/Kilogramo"
Orégano Pozo 5g,,,"0,99 €",,"198,00 €/Kilogramo"
Perejil hoja Froiz 10 g,,,"0,54 €",,"54,00 €/Kilogramo"
Perejil Jauja hoja 10g,,,"0,85 €",,"85,00 €/Kilogramo"
Perejil Pozo 5g,,,"0,99 €",,"198,00 €/Kilogramo"
Pimentón de la Vera Vega Cáceres dulce 75 g,,,"1,45 €",,"19,33 €/Kilogramo"
Pimentón de la Vera Vega Cáceres picante 75 g,,,"1,55 €",,"20,67 €/Kilogramo"
Pimentón Froiz dulce lata 75 g,,,"1,29 €",,"17,20 €/Kilogramo"
Pimentón Froiz picante extra lata 75 g,,,"1,29 €",,"17,20 €/Kilogramo"
Pimentón Jauja capricho bolsa 250 g,,,"4,45 €",,"17,80 €/Kilogramo"
Pimentón Jauja capricho lata 90g,,,"1,99 €",,"22,11 €/Kilogramo"
Pimentón Jauja dulce ecológico lata 75 g,,,"1,65 €",,"22,00 €/Kilogramo"
Pimentón Jauja esencia lata 75g,,,"1,35 €",,"18,00 €/Kilogramo"
Pimentón Jauja esencia picante lata 75g,,,"1,35 €",,"18,00 €/Kilogramo"
Pimentón La Odalisca dulce 180 g,,,"4,70 €",,"26,11 €/Kilogramo"
Pimentón La Odalisca dulce 80 g,,,"2,89 €",,"36,13 €/Kilogramo"
Pimentón La Odalisca picante 80 g,,,"2,89 €",,"36,13 €/Kilogramo"
Pimentón Pozo esencia dulce 125 g,,,"1,12 €",,"8,96 €/Kilogramo"
Pimentón Pozo esencia picante 125 g,,,"1,12 €",,"8,96 €/Kilogramo"
Pimienta Ducros blanca molinillo 39 g,,,"3,40 €",,"87,18 €/Kilogramo"
Pimienta Ducros negra molinillo 35 g,,,"3,40 €",,"97,14 €/Kilogramo"
Pimienta Froiz blanca molida 40 g,,,"0,99 €",,"24,75 €/Kilogramo"
Pimienta Froiz negra grano 40 g,,,"0,83 €",,"20,75 €/Kilogramo"
Pimienta Froiz negra molida 40 g,,,"0,59 €",,"14,75 €/Kilogramo"
Pimienta Froiz negra molinillo 40 g,,,"0,99 €",,"24,75 €/Kilogramo"
Pimienta Jauja blanca grano 45 g,,,"1,03 €",,"22,89 €/Kilogramo"
Pimienta Jauja blanca molida 45 g,,,"1,03 €",,"22,89 €/Kilogramo"
Pimienta Jauja negra grano 45 g,,,"1,02 €",,"22,67 €/Kilogramo"
Pimienta Jauja negra molida 45 g,,,"1,02 €",,"22,67 €/Kilogramo"
Pimienta Jauja verde tarro 70 g,,,"1,06 €",,"15,14 €/Kilogramo"
Pimienta Pozo blanca molida 35g,,,"0,99 €",,"28,29 €/Kilogramo"
Pimienta Pozo negra grano 35g,,,"0,99 €",,"28,29 €/Kilogramo"
Pimienta Pozo negra molida 35g,,,"0,99 €",,"28,29 €/Kilogramo"
Piñones Jauja 42 g,,,"2,45 €",,"58,33 €/Kilogramo"
Romero Froiz hoja 24 g,,,"0,63 €",,"26,25 €/Kilogramo"
Romero Pozo hojas 12 g,,,"0,99 €",,"82,50 €/Kilogramo"
Sal de ajo Jauja tarro 80 g,,,"0,85 €",,"10,63 €/Kilogramo"
Sal de ajo Pozo 65g,,,"0,99 €",,"15,23 €/Kilogramo"
Sazonador Froiz callos 38 g,,,"0,69 €",,"18,16 €/Kilogramo"
Sazonador Froiz de paella 3 sobres 9 g,,,"0,69 €",,"76,67 €/Kilogramo"
Semillas de Amapola Jauja 50 g,,,"0,89 €",,"17,80 €/Kilogramo"
Semillas sésamo dorado Jauja 42 g,,,"0,85 €",,"20,24 €/Kilogramo"
Tomillo Froiz hoja 18 g,,,"0,58 €",,"32,22 €/Kilogramo"
Tomillo Pozo 14g,,,"0,99 €",,"70,71 €/Kilogramo"
Confitura Hero Diet albaricoque 280 g,,,"1,99 €",,"7,11 €/Kilogramo"
Confitura Hero Diet Ciruela 280 g,,,"1,99 €",,"7,11 €/Kilogramo"
Confitura Hero Diet fresa 280 g,,,"1,99 €",,"7,11 €/Kilogramo"
Confitura Hero Diet melocotón 280 g,,,"1,99 €",,"7,11 €/Kilogramo"
Confitura Hero surtidas tarrinas 8x25 g,,,"2,10 €",,"10,50 €/Kilogramo"
Mermelada Hero extra albaricoque 345 g,,,"1,95 €",,"5,65 €/Kilogramo"
Mermelada Hero extra ciruela 345 g,,,"1,95 €",,"5,65 €/Kilogramo"
Mermelada Hero extra fresa 345 g,,,"1,95 €",,"5,65 €/Kilogramo"
Mermelada Hero extra melocotón 345 g,,,"1,95 €",,"5,65 €/Kilogramo"
Mermelada Froiz albaricoque extra 350 g,,,"0,99 €",,"2,83 €/Kilogramo"
Mermelada Froiz arándanos extra 350 g,,,"1,69 €",,"4,83 €/Kilogramo"
Mermelada Froiz arándanos extra sin azúcar añadido 280 g,,,"1,39 €",,"4,96 €/Kilogramo"
Mermelada Froiz ciruela extra 350 g,,,"0,99 €",,"2,83 €/Kilogramo"
Mermelada Froiz ciruela extra sin azúcar 280 g,,,"1,07 €",,"3,82 €/Kilogramo"
Mermelada Froiz fresa extra 350 g,,,"0,99 €",,"2,83 €/Kilogramo"
Mermelada Froiz fresa extra sin azúcar 280 g,,,"1,07 €",,"3,82 €/Kilogramo"
Mermelada Froiz melocotón extra 350 g,,,"0,99 €",,"2,83 €/Kilogramo"
Mermelada Froiz melocotón extra sin azúcar 280 g,,,"1,07 €",,"3,82 €/Kilogramo"
Mermelada Froiz naranja amarga 350 g,,,"0,79 €",,"2,26 €/Kilogramo"
Mermelada Helios ciruela 340 g,,,"1,55 €",,"4,56 €/Kilogramo"
Mermelada Helios ciruela y kiwi 340 g,,,"1,75 €",,"5,15 €/Kilogramo"
Mermelada Helios Diet fresa 10x20 g,,,"1,16 €",,"5,80 €/Kilogramo"
Mermelada Helios Diet fresa 280 g,,,"1,75 €",,"6,25 €/Kilogramo"
Mermelada Helios Diet manzana 280 g,,,"1,75 €",,"6,25 €/Kilogramo"
Mermelada Helios Diet melocotón 280 g,,,"1,75 €",,"6,25 €/Kilogramo"
Mermelada Helios ecológica albaricoque 350 g,,,"1,75 €","2,25 €","5,00 €/Kilogramo"
Mermelada Helios ecológica fresa 350 g,,,"1,75 €","2,25 €","5,00 €/Kilogramo"
Mermelada Helios fresa 10x25 g,,,"1,14 €",,"4,56 €/Kilogramo"
Mermelada Helios fresa 340 g,,,"1,55 €",,"4,56 €/Kilogramo"
Mermelada Helios melocotón 10x25 g,,,"1,14 €",,"4,56 €/Kilogramo"
Mermelada Helios melocotón 340 g,,,"1,55 €",,"4,56 €/Kilogramo"
Mermelada Hero 1886 con trozos de arándanos 320 g,,,"2,29 €",,"7,16 €/Kilogramo"
Mermelada Hero 1886 con trozos de Frambuesa y Cereza 320 g,,,"2,29 €",,"7,16 €/Kilogramo"
Mermelada Hero fresas de temporada 350 g,,,"2,19 €",,"6,26 €/Kilogramo"
Mermelada Hero higos de temporada 350 g,,,"2,19 €",,"6,26 €/Kilogramo"
Mermelada Hero melocotón de temporada 350 g,,,"2,19 €",,"6,26 €/Kilogramo"
Mermelada La Vieja Fábrica arándanos Cocina Selecta 285 g,,,"2,65 €",,"9,30 €/Kilogramo"
Mermelada La Vieja Fábrica Diet frambuesa 280 g,,,"2,10 €",,"7,50 €/Kilogramo"
Mermelada La Vieja Fábrica Diet melocotón 280 g,,,"2,10 €",,"7,50 €/Kilogramo"
Mermelada La Vieja Fábrica Diet naranja amarga 290 g,,,"2,10 €",,"7,24 €/Kilogramo"
Mermelada La Vieja Fábrica frambuesa 350 g,,,"2,95 €",,"8,43 €/Kilogramo"
Mermelada La Vieja Fábrica fresa 350 g,,,"2,55 €",,"7,29 €/Kilogramo"
Mermelada La Vieja Fábrica frutas del bosque 350 g,,,"2,55 €",,"7,29 €/Kilogramo"
Mermelada La Vieja Fábrica melocotón 350 g,,,"2,35 €",,"6,71 €/Kilogramo"
Mermelada La Vieja Fábrica naranja amarga 375 g,,,"2,35 €",,"6,27 €/Kilogramo"
Mermelada La Vieja Fábrica Tomate Cocina Selecta 285 g,,,"2,20 €",,"7,72 €/Kilogramo"
Mermelada Santiveri piña sin azúcar 325 g,,,"3,25 €",,"10,00 €/Kilogramo"
Pimiento asado endulzado La Vieja Fábrica 285 g,,,"2,20 €",,"7,72 €/Kilogramo"
Jalea Real + Ginseng Alteza 10 ampollas x 10 ml,,,"4,12 €",,"41,20 €/Litro"
Miel Alteza de flores dosificador 500 g,,,"3,35 €",,"6,70 €/Kilogramo"
Miel Alteza mil flores tarro 1 kg,,,"4,50 €",,"4,50 €/Kilogramo"
Miel Froiz de Galicia IGP 1 kg,,,"9,99 €",,"9,99 €/Kilogramo"
Miel Granja San Francisco goteo 425 g,,,"5,55 €",,"13,06 €/Kilogramo"
Miel Pazo de Lusío ecológica 500 g,,,"6,95 €",,"13,90 €/Kilogramo"
Miel Silva de bosque 1 kg,,,"10,79 €",,"10,79 €/Kilogramo"
Polen da Anta de Castaño 220 g,,,"5,95 €",,"27,05 €/Kilogramo"
Magro de Cerdo Apis 190 g,,,"2,95 €",,"15,53 €/Kilogramo"
Salchichas La Piara cocktail 170 g,,,"4,17 €",,"24,53 €/Kilogramo"
Salchichas La Piara frasco 185 g,,,"4,99 €",,"26,97 €/Kilogramo"
Salchichas Meica ahumadas aperitivo frasco 260 g,,,"5,25 €",,"20,19 €/Kilogramo"
Salchichas Meica Bockwurst frasco 250 g,,,"4,55 €",,"18,20 €/Kilogramo"
Crema de membrillo El Quijote 400 g,,,"1,95 €",,"4,88 €/Kilogramo"
Dulce de frutas El Quijote 3 sabores 400 g,,,"1,95 €",,"4,88 €/Kilogramo"
"Dulce de Frutas Emily 3 sabores (manzana, ciruela y fresa) tarrina 250 g",,,"1,89 €",,"7,56 €/Kilogramo"
Dulce de membrillo San Lorenzo con fructosa 350 g,,,"1,95 €",,"5,57 €/Kilogramo"
Dulce de membrillo Santiveri 400 g,,,"4,90 €",,"12,25 €/Kilogramo"
Dulce membrillo El Quijote light 400 g,,,"1,25 €",,"3,13 €/Kilogramo"
Dulce membrillo Froiz sin azúcares añadidos 2x185 g,,,"1,69 €",,"4,57 €/Kilogramo"
Membrillo El Quijote 720 g,,,"2,99 €",,"4,15 €/Kilogramo"
Membrillo El Quijote bio ecológico 225 g,,,"3,35 €",,"14,89 €/Kilogramo"
Membrillo El Quijote sin azúcar añadido 400 g,,,"2,99 €",,"7,48 €/Kilogramo"
Membrillo El Quijote tarrina 2x200 g,,,"1,15 €",,"2,88 €/Kilogramo"
Membrillo Emily 250 g,,,"1,99 €",,"7,96 €/Kilogramo"
Membrillo Froiz 2x200 g,,,"0,99 €",,"2,48 €/Kilogramo"
Membrillo Santa Teresa 310 g,,,"3,99 €",,"12,87 €/Kilogramo"
Melocotón Alcurnia almíbar mitades fácil apertura 480 g,,,"1,99 €",,"4,15 €/Kilogramo"
Melocotón Alcurnia almíbar mitades fácil apertura pack 3x200 g,,,"2,45 €",,"4,08 €/Kilogramo"
Melocotón Froiz almíbar en mitades extra 240 g,,,"1,15 €",,"4,79 €/Kilogramo"
Melocotón Froiz almíbar en mitades extra 480 g,,,"1,90 €",,"3,96 €/Kilogramo"
Melocotón Sol sin azúcares añadidos fácil apertura 465 g,,,"1,99 €",,"4,28 €/Kilogramo"
Cocktail de Frutas Sol de Archena 3x115 g,,,"2,49 €",,"7,22 €/Kilogramo"
Cocktail frutas Froiz fácil apertura extra 480 g,,,"2,29 €",,"4,77 €/Kilogramo"
Mango en almibar El Sarape 880 g,,,"4,29 €",,"4,88 €/Kilogramo"
Mirabeles Rosaleira en almíbar 210 g,,,"3,45 €",,"16,43 €/Kilogramo"
Pera Froiz en almíbar extra 460 g,,,"2,29 €",,"4,98 €/Kilogramo"
Piña Alteza en su jugo 482 g,,,"1,79 €",,"3,71 €/Kilogramo"
Piña Alteza en su jugo pack 3x137 g,,,"2,30 €",,"5,60 €/Kilogramo"
Piña Del Monte 3x145 g,,,"4,69 €",,"10,78 €/Kilogramo"
Piña Del Monte en su jugo 510 g,,,"4,45 €",,"8,73 €/Kilogramo"
Piña Norvi en su jugo 3x137 g,,,"3,59 €",,"8,73 €/Kilogramo"
Piña Norvi en su jugo fácil apertura 495 g,,,"3,29 €",,"6,65 €/Kilogramo"
Agujas Cortizo en aceite de oliva 12/16 fácil apertura 182 g,,,"4,29 €",,"23,57 €/Kilogramo"
Agujas Froiz en aceite de oliva fácil apertura 81 g,,,"1,45 €",,"17,90 €/Kilogramo"
Agujas Pescamar en aceite de oliva fácil apertura 81 g,,,"1,79 €",,"22,10 €/Kilogramo"
Agujas Vigilante en aceite de oliva 88 g,,,"1,95 €",,"22,16 €/Kilogramo"
Agujas Vigilante en aceite vegetal fácil apertura 88 g,,,"1,65 €",,"18,75 €/Kilogramo"
Almeja blanca Mariscadora al natural 65 g,,,"2,45 €",,"37,69 €/Kilogramo"
Anchoa del Cantábrico Lorea en aceite de oliva 45 g,,,"4,20 €",,"93,33 €/Kilogramo"
Anchoas Hoya en aceite de oliva tarro cristal 55 g,,,"5,29 €",,"96,18 €/Kilogramo"
Anchoas Palacio de Oriente del Cantábrico MSC en aceite de oliva filetes 30 g,,,"1,95 €","2,39 €","65,00 €/Kilogramo"
Anchoas Palacio de Oriente del Cantábrico MSC en aceite de oliva virgen extra ecológico y reducido en sal 30 g,,,"4,29 €",,"143,00 €/Kilogramo"
Filetes de Anchoas Alteza en aceite de oliva apertura fácil 29 g,,,"1,10 €",,"37,93 €/Kilogramo"
Filetes de Anchoas Froiz Selection del mar Cantábrico en Aceite de Oliva 25 g,,,"2,09 €",,"83,60 €/Kilogramo"
Atún claro Albo aceite oliva virgen extra fácil apertura 3x48 g,,,"4,75 €",,"32,99 €/Kilogramo"
Atún claro Albo al natural fácil apertura 3x46 g,,,"4,75 €",,"34,42 €/Kilogramo"
Atún claro Albo en aceite de oliva 167 g,,,"3,99 €",,"23,89 €/Kilogramo"
Atún claro Albo en aceite de oliva fácil apertura 3x48 g,,,"4,75 €",,"32,99 €/Kilogramo"
Atún claro Albo en aceite de oliva fácil apertura 82 g,,,"2,89 €",,"35,24 €/Kilogramo"
Atún claro Albo en aceite de oliva virgen extra bajo en sal fácil apertura 82 g,,,"2,89 €",,"35,24 €/Kilogramo"
Atún claro Calvo al natural 112 g,,,"2,05 €",,"18,30 €/Kilogramo"
Atún claro Calvo en aceite de girasol 143 g,,,"3,25 €",,"22,73 €/Kilogramo"
Atún claro Calvo en aceite de girasol 3x52 g,,,"3,25 €",,"20,83 €/Kilogramo"
Atún claro Calvo en aceite de girasol 5+1x52 g,,,"5,35 €",,"17,15 €/Kilogramo"
Atún claro Calvo en aceite de oliva bajo en sal 3x52 g,,,"3,95 €",,"25,32 €/Kilogramo"
Atún claro Calvo en aceite de oliva vuelca fácil 3x52 g,,,"3,95 €",,"25,32 €/Kilogramo"
Atún claro Calvo ligero con aceite de girasol 3x56 g,,,"3,25 €",,"19,35 €/Kilogramo"
Atún claro Cortizo en aceite de girasol fácil apertura 143 g,,,"2,55 €",,"17,83 €/Kilogramo"
Atún claro Cuca en aceite de oliva virgen extra ecológico fácil apertura 82 g,,,"1,99 €","2,35 €","24,27 €/Kilogramo"
Atún claro Dardo en aceite girasol fácil apertura 73 g,,,"1,49 €",,"20,41 €/Kilogramo"
Atún claro Dardo en aceite vegetal fácil apertura 143 g,,,"2,79 €",,"19,51 €/Kilogramo"
Atún claro Froiz al natural fácil apertura 3x56 g,,,"2,25 €",,"13,39 €/Kilogramo"
Atún claro Froiz en aceite de girasol fácil apertura 3x52 g,,,"2,39 €",,"15,32 €/Kilogramo"
Atún claro Froiz en aceite de oliva bajo en sal fácil apertura 3x52 g,,,"2,39 €","2,59 €","15,32 €/Kilogramo"
Atún claro Froiz en aceite de oliva cristal 140 g,,,"3,69 €",,"26,36 €/Kilogramo"
Atún claro Froiz en aceite de oliva fácil apertura 143 g,,,"2,85 €",,"19,93 €/Kilogramo"
Atún claro Froiz en aceite de oliva fácil apertura 3x52 g,,,"2,39 €","2,59 €","15,32 €/Kilogramo"
Atún claro Froiz en aceite de oliva fácil apertura 72 g,,,"1,49 €",,"20,69 €/Kilogramo"
Atún claro Froiz en escabeche fácil apertura 3x52 g,,,"2,25 €",,"14,42 €/Kilogramo"
Atún claro Froiz en escabeche RO 1000 650 g,,,"8,25 €",,"12,69 €/Kilogramo"
Atún claro Isabel al natural fácil apertura 3x52 g,,,"2,99 €",,"19,17 €/Kilogramo"
Atún Claro Ortiz en aceite de oliva frasco 150 g,,,"5,49 €",,"36,60 €/Kilogramo"
Atún claro Palacio de Oriente en aceite de girasol fácil aperutra 72 g,,,"1,79 €",,"24,86 €/Kilogramo"
Atún claro Palacio de Oriente en aceite de girasol OL 240 fácil apertura 143 g,,,"2,98 €",,"20,84 €/Kilogramo"
Atún claro Palacio de Oriente en aceite de oliva fácil apertura 3x52 g,,,"3,59 €",,"23,01 €/Kilogramo"
Atún claro Pescamar aceite vegetal 340 g,,,"6,45 €",,"18,97 €/Kilogramo"
Atún claro Pescamar en aceite de girasol fácil apertura 143 g,,,"2,55 €",,"17,83 €/Kilogramo"
Atún claro Pescamar en aceite de girasol fácil apertura 52 g,,,"0,85 €","0,98 €","16,35 €/Kilogramo"
Atún claro Pescamar en aceite de girasol fácil apertura 72 g,,,"1,45 €",,"20,14 €/Kilogramo"
Atún claro Pescamar en aceite de girasol RO 1000 650 g,,,"9,45 €",,"14,54 €/Kilogramo"
Atún Froiz claro en aceite de girasol RO 900 650 g,,,"8,75 €",,"13,46 €/Kilogramo"
Atún Pescamar en aceite de girasol fácil apertura 143 g,,,"2,29 €",,"16,01 €/Kilogramo"
Atún Pescamar en tomate fácil apertura 72 g,,,"1,25 €",,"17,36 €/Kilogramo"
Bacalao Froiz a la vizcaína OL120 fácil apertura 72 g,,,"1,65 €",,"22,92 €/Kilogramo"
Bonito Albo Asalmonado al natural 140 g,,,"3,99 €",,"28,50 €/Kilogramo"
Bonito Albo en aceite de oliva fácil apertura 82 g,,,"3,15 €",,"38,41 €/Kilogramo"
Bonito Albo escabeche fácil apertura 82 g,,,"3,15 €",,"38,41 €/Kilogramo"
Bonito Calvo en aceite de oliva bajo en sal 72 g,,,"2,75 €",,"38,19 €/Kilogramo"
Bonito Conservas de Cambados en aceite de oliva fresco de Burela 72 g,,,"3,35 €",,"46,53 €/Kilogramo"
Bonito del Norte Ortiz en aceite de oliva fácil apertura 82 g,,,"2,89 €","3,38 €","35,24 €/Kilogramo"
Bonito del Norte Ortiz en aceite de oliva frasco 150 g,,,"7,84 €",,"52,27 €/Kilogramo"
Bonito del Norte Palacio de Oriente en aceite de oliva fácil apertura 82 g,,,"2,75 €",,"33,54 €/Kilogramo"
Bonito del Norte Pay Pay en aceite de oliva fácil apertura peso escurrido 72 g,,,"1,85 €",,"25,69 €/Kilogramo"
Bonito del Norte Puerto Grande en aceite de oliva 220 g,,,"5,05 €",,"22,95 €/Kilogramo"
Bonito Froiz en aceite de oliva cristal 140 g,,,"3,95 €",,"28,21 €/Kilogramo"
Bonito Norte Pescamar en aceite de oliva 143 g,,,"4,05 €",,"28,32 €/Kilogramo"
Bonito Norte Pescamar en aceite de oliva 72 g,,,"1,99 €",,"27,64 €/Kilogramo"
Bonito Ortiz frito en escabeche 140 g,,,"4,99 €","6,09 €","35,64 €/Kilogramo"
Bonito Palacio de Oriente norte en aceite de oliva 155 g,,,"5,44 €",,"35,10 €/Kilogramo"
Bonito Pescamar en aceite de oliva RO 1000 650 g,,,"13,95 €",,"21,46 €/Kilogramo"
Caballa Albo en aceite de oliva fácil apertura 85 g,,,"2,85 €",,"33,53 €/Kilogramo"
Filete de Caballa Pescamar en aceite de girasol 81 g,,,"1,19 €",,"14,69 €/Kilogramo"
Filetes de caballa Calvo en aceite de oliva bajo en sal 82 g,,,"2,19 €",,"26,71 €/Kilogramo"
Verdel Ortiz frito en escabeche 185 g,,,"3,99 €",,"21,57 €/Kilogramo"
Calamares Albo en su tinta fácil apertura 72 g,,,"2,49 €",,"34,58 €/Kilogramo"
Calamares Gálica en salsa americana 3x48 g,,,"1,79 €","2,12 €","12,43 €/Kilogramo"
Calamares Gálica en su tinta 3x48 g,,,"1,79 €","2,12 €","12,43 €/Kilogramo"
Calamares Pay Pay en su tinta fácil apertura 72 g,,,"0,98 €",,"13,61 €/Kilogramo"
Chipirones Albo rellenos en su tinta fácil apertura 72 g,,,"4,75 €",,"65,97 €/Kilogramo"
Chipirones Pay Pay en su tinta fácil apertura 72 g,,,"2,35 €",,"32,64 €/Kilogramo"
Surimi tipo angula Froiz de ajillo picante fácil apertura 50 g,,,"1,25 €",,"25,00 €/Kilogramo"
Huevas de merluza Albo en aceite de oliva 75 g,,,"3,15 €",,"42,00 €/Kilogramo"
Chicharrillo Cortizo en aceite de girasol 6/8 piezas fácil apertura 85 g,,,"1,94 €",,"22,82 €/Kilogramo"
Chicharro Ortiz frito en escabeche 185 g,,,"3,99 €",,"21,57 €/Kilogramo"
Mejillones Calvo en escabeche 13/18 fácil apertura 69 g,,,"2,15 €",,"31,16 €/Kilogramo"
Mejillones Calvo en escabeche 8/12 piezas fácil apertura 69 g,,,"3,55 €",,"51,45 €/Kilogramo"
Mejillones Cuca en salsa gallega fácil apertura 50 g,,,"2,49 €",,"49,80 €/Kilogramo"
Mejillones Froiz en escabeche fácil apertura 8/12 D.O.P. 69 g,,,"1,99 €",,"28,84 €/Kilogramo"
Mejillones Gálica a la Vinagreta 65 g,,,"1,79 €",,"27,54 €/Kilogramo"
Mejillones Galica Salsillones en salsa picante 65g,,,"1,79 €",,"27,54 €/Kilogramo"
Mejillones Galicia Gálica escabeche 8/12 piezas 69 g,,,"2,68 €",,"38,84 €/Kilogramo"
Mejillones Isabel al natural 13/18 69g,,,"1,59 €","1,99 €","23,04 €/Kilogramo"
Mejillones Isabel en escabeche 13/18 69g,,,"1,59 €","1,99 €","23,04 €/Kilogramo"
Mejillones Isabel en escabeche fácil apertura 3x43 g,,,"2,49 €",,"19,30 €/Kilogramo"
Mejillones Isabel en salsa vieira 13/18 69g,,,"1,59 €","1,99 €","23,04 €/Kilogramo"
Mejillones Isabel picantes 13/18 69g,,,"1,59 €","1,99 €","23,04 €/Kilogramo"
Mejillones Ovidio en escabeche fácil apertura 20/25 70 g,,,"1,05 €",,"15,00 €/Kilogramo"
Mejillones Ovidio en salsa de vieira fácil apertura 20/25 70 g,,,"1,05 €",,"15,00 €/Kilogramo"
Mejillones Palacio de Oriente en escabeche aceite oliva fácil apertura 8/12 68 g,,,"2,98 €",,"43,82 €/Kilogramo"
Mejillones Palacio de Oriente escabeche fácil apertura 13/18 68g,,,"1,89 €",,"27,79 €/Kilogramo"
Mejillones Pay-Pay en escabeche FA 6/8 70g,,,"4,95 €",,"70,71 €/Kilogramo"
Mejillones Pay-Pay en salsa de vieira FA 14/18 70g,,,"1,49 €",,"21,29 €/Kilogramo"
Mejillones Rianxeira con D.O.P. de Galicia al natural 12/18 fácil apertura 69 g,,,"1,99 €",,"28,84 €/Kilogramo"
Mejillones Rianxeira con D.O.P. de Galicia en escabeche 12/18 fácil apertura 69 g,,,"1,99 €",,"28,84 €/Kilogramo"
Mejillones Rianxeira con D.O.P. de Galicia en escabeche picante 12/18 fácil apertura 69 g,,,"1,99 €",,"28,84 €/Kilogramo"
Mejillones Rianxeira con D.O.P. de Galicia en salsa marinera 12/18 piezas 81 g,,,"1,99 €",,"24,57 €/Kilogramo"
Berberechos al Natural Montemar fácil apertura 63 g,,,"2,19 €",,"34,76 €/Kilogramo"
Berberechos Conservas de Cambados de las rías gallegas al natural 40-50 63 g,,,"7,25 €",,"115,08 €/Kilogramo"
Berberechos Gálica al natural 65/75 fácil apertura 63 g,,,"3,19 €",,"50,63 €/Kilogramo"
Navajas Froiz chilenas al natural fácil apertura 63 g,,,"2,19 €",,"34,76 €/Kilogramo"
Navajas Mariscadora natural 8/10 63 g,,,"3,25 €",,"51,59 €/Kilogramo"
Pulpo Vigilante en aceite de oliva OL 120 fácil apertura 72 g,,,"4,45 €",,"61,81 €/Kilogramo"
Tentáculos de cefalópodo Pescamar a la gallega fácil apertura 168 g,,,"3,95 €",,"23,51 €/Kilogramo"
Tentáculos de cefalópodo Pescamar en aceite de oliva OL120 fácil apertura 72 g,,,"1,89 €",,"26,25 €/Kilogramo"
Tentáculos de cefalópodos Pescamar en aceite de girasol fácil apertura 168 g,,,"3,95 €",,"23,51 €/Kilogramo"
Salmón Conservas de Cambados al natural fácil apertura 130 g,,,"2,85 €",,"21,92 €/Kilogramo"
Sardina (sardinillas) Froiz en aceite girasol fácil apertura 7/9 57 g,,,"0,79 €",,"13,86 €/Kilogramo"
Sardina Albo en aceite de oliva (sardinillas) 8/12 fácil apertura 82 g,,,"2,25 €",,"27,44 €/Kilogramo"
Sardina Albo en aceite de oliva fácil apertura 3/4 piezas 85 g,,,"2,15 €",,"25,29 €/Kilogramo"
Sardina Albo en aceite de oliva virgen extra fácil apertura 8/12 piezas 82 g,,,"2,25 €",,"27,44 €/Kilogramo"
Sardina Albo en escabeche fácil apertura 3/4 piezas 85 g,,,"2,15 €",,"25,29 €/Kilogramo"
Sardina Albo en tomate fácil apertura 3/4 piezas 85 g,,,"2,15 €",,"25,29 €/Bolsita"
Sardina Albo picantona (sardinillas) 8/12 fácil apertura 82 g,,,"2,25 €",,"27,44 €/Kilogramo"
Sardina Albo picantonas fácil apertura 3/4 piezas 85 g,,,"2,15 €",,"25,29 €/Kilogramo"
Sardina Conservas de Cambados Aceite de Oliva 16/22 fácil apertura 80 g,,,"3,65 €",,"45,63 €/Kilogramo"
Sardina Cortizo en aceite de girasol 20/30 piezas fácil apertura 182 g,,,"3,55 €",,"19,51 €/Kilogramo"
Sardina Cortizo en aceite de girasol 50/60 piezas 396 g,,,"6,35 €",,"16,04 €/Kilogramo"
Sardina Cortizo en aceite de oliva 12/16 fácil apertura 85 g,,,"1,75 €",,"20,59 €/Kilogramo"
Sardina Cortizo en aceite de oliva 20/30 piezas fácil apertura 182 g,,,"3,75 €",,"20,60 €/Kilogramo"
Sardina Cortizo en aceite de oliva fácil apertura 7/10 63 g,,,"1,35 €",,"21,43 €/Kilogramo"
Sardina Cuca en aceite de oliva virgen extra ecológico fácil apertura 85 g,,,"1,99 €","2,59 €","23,41 €/Kilogramo"
Sardina Dardo en aceite de oliva RR125 fácil apertura 12/18 85 g,,,"1,85 €",,"21,76 €/Kilogramo"
Sardina Froiz en aceite de oliva 16/20 81 g,,,"1,95 €",,"24,07 €/Kilogramo"
Sardina Froiz en aceite de oliva fácil apertura 7/9 57 g,,,"0,89 €",,"15,61 €/Kilogramo"
Sardina Froiz en aceite de oliva reducido en sal 6/8 fácil apertura 57 g,,,"0,89 €",,"15,61 €/Kilogramo"
Sardina Pay-Pay en tomate RR90 1/4 fácil apertura 65 g,,,"1,15 €",,"17,69 €/Kilogramo"
Sardina Pay-Pay picante en aceite vegetal RR 90 fácil apertura 1/4 65 g,,,"1,15 €",,"17,69 €/Kilogramo"
Sardina Pescamar en aceite de girasol FA 7/10 57g,,,"0,92 €",,"16,14 €/Kilogramo"
Sardinas Calvo (Sardinillas) en Aceite de Oiva Bajo en Sal 60 g,,,"1,65 €",,"27,50 €/Kilogramo"
Ventresca de atún claro Pescamar aceite de oliva 72 g,,,"2,95 €",,"40,97 €/Kilogramo"
Ventresca de Atún claro Rianxeira Aceite de Oliva Virgen Extra Ecológico Certificación MSC 78 g,,,"2,39 €",,"30,64 €/Kilogramo"
Ventresca de bonito del Norte Ortiz fácil apertura 1/4 80 g,,,"8,95 €",,"111,88 €/Kilogramo"
Zamburiñas Dardo en salsa de vieira fácil apertura 70 g,,,"1,98 €",,"28,29 €/Kilogramo"
Zamburiñas Froiz en salsa de vieira fácil apertura 60 g,,,"1,71 €",,"28,50 €/Kilogramo"
Zamburiñas Pay Pay en salsa de vieira fácil apertura 60 g,,,"2,59 €",,"43,17 €/Kilogramo"
Corazones alcachofas Froiz extra 10/14 tarro 240 g,,,"1,98 €",,"8,25 €/Kilogramo"
Acelgas Ybarra frasco 425 g,,,"1,25 €",,"2,94 €/Kilogramo"
Ajos Rioverde aceite oliva 120 g,,,"1,99 €",,"16,58 €/Kilogramo"
Brotes de Ajo Ybarra 180 g,,,"1,20 €",,"6,67 €/Kilogramo"
Brotes Froiz germinados extra 180 g,,,"1,08 €",,"6,00 €/Kilogramo"
Brotes germinados Bonduelle 3x90 g,,,"2,99 €",,"11,07 €/Kilogramo"
Cardo Ybarra frasco 400 g,,,"1,19 €",,"2,98 €/Kilogramo"
Cebolla frita crujiente Argente 100 g,,,"0,99 €",,"9,90 €/Kilogramo"
Cebolla Ibsa caramelizada 240 g,,,"1,99 €",,"8,29 €/Kilogramo"
Corazones de palmito Froiz 250 g,,,"2,35 €",,"9,40 €/Kilogramo"
Fritada A Rosaleira al natural bote 310 g,,,"1,85 €",,"5,97 €/Kilogramo"
Habas Ybarra extrafinas con aceite de oliva 220 g,,,"4,49 €",,"20,41 €/Kilogramo"
Trufa Amalur negra frasco 10 g,,,"4,14 €",,"414,00 €/Kilogramo"
Ensalada Bonduelle mediterránea 310 g,,,"3,09 €",,"9,97 €/Kilogramo"
Ensalada Froiz Apio primera 180 g,,,"0,79 €",,"4,39 €/Kilogramo"
Ensalada Froiz China extra 180 g,,,"1,05 €",,"5,83 €/Kilogramo"
Ensalada Froiz Mediterránea primera 190 g,,,"0,89 €",,"4,68 €/Kilogramo"
Espárragos Cárcar Navarra cristal 9/12 325 g,,,"5,99 €",,"18,43 €/Kilogramo"
Espárragos Carretilla blancos cortos muy gruesos 110 g,,,"2,89 €",,"26,27 €/Kilogramo"
Espárragos Carretilla fiesta 8/12 150 g,,,"2,79 €",,"18,60 €/Kilogramo"
Espárragos Casagrande 5/7 extra frasco 325 g,,,"3,95 €",,"12,15 €/Kilogramo"
Espárragos Casagrande 9/12 extra frasco 205 g,,,"2,49 €",,"12,15 €/Kilogramo"
Espárragos Casagrande verde 12/24 190 g,,,"2,29 €",,"12,05 €/Kilogramo"
Espárragos Froiz extra grueso frasco 6/9 205 g,,,"1,95 €",,"8,86 €/Kilogramo"
Espárragos Froiz extra muy grueso frasco 6/9 325 g,,,"2,99 €",,"9,20 €/Kilogramo"
Espárragos Lodosa blancos 8/12 D.O. Navarra 250 g,,,"4,85 €",,"19,40 €/Kilogramo"
Espárragos Lodosa Fiesta lata 8/12 D.O. Navarra 150 g,,,"2,95 €",,"19,67 €/Kilogramo"
Tallos Espárragos Casagrande 250 g,,,"1,35 €",,"5,40 €/Kilogramo"
Yemas de espárragos Froiz extra 6/9 cristal 125 g,,,"1,95 €",,"16,96 €/Kilogramo"
Yemas espárragos Cidacos blancos primera 155 g,,,"2,15 €",,"13,87 €/Kilogramo"
Yemas espárragos Lodosa bote 135 g,,,"2,45 €",,"18,15 €/Kilogramo"
Coles de Bruselas Ybarra 400 g,,,"1,45 €",,"3,63 €/Kilogramo"
Espinacas Froiz extra 425 g,,,"1,25 €",,"2,94 €/Kilogramo"
Grelos al natural A Rosaleira bote 500 g,,,"3,39 €",,"6,78 €/Kilogramo"
Guisantes Bonduelle al natural fácil apertura Pack 3x140 g,,,"3,09 €",,"7,36 €/Kilogramo"
Guisantes Bonduelle Bio sin azúcares añadidos fácil apertura 2x130 g,,,"1,95 €","2,75 €","7,50 €/Kilogramo"
Guisantes Froiz muy finos 280 g,,,"0,78 €",,"2,79 €/Kilogramo"
Guisantes Froiz muy finos 3x140 g,,,"1,99 €",,"4,74 €/Kilogramo"
Judía verde Froiz plana extra 360 g,,,"1,00 €",,"2,78 €/Kilogramo"
Judía verde Froiz redonda extra 360 g,,,"1,00 €",,"2,78 €/Kilogramo"
Judías Bonduelle verdes finas 360 g,,,"2,55 €",,"7,08 €/Kilogramo"
Macedonia verduras Froiz primera 325 g,,,"0,90 €",,"2,77 €/Kilogramo"
Menestra verduras Froiz extra cristal 400 g,,,"2,45 €",,"6,13 €/Kilogramo"
Mezcla de hortalizas Bonduelle 340 g,,,"2,19 €",,"6,44 €/Kilogramo"
Maiz Bonduelle dulce lata 3x140 g,,,"2,99 €",,"7,12 €/Kilogramo"
Maiz Bonduelle dulce tierno sin azúcares añadidos 285 g,,,"1,65 €",,"5,79 €/Kilogramo"
Maíz Froiz dulce 1/4 3x140 g,,,"1,20 €",,"2,86 €/Kilogramo"
Maíz Froiz dulce 285 g,,,"0,69 €",,"2,42 €/Kilogramo"
Maíz Gigante Verde dulce 3x140 g,,,"2,55 €",,"6,07 €/Kilogramo"
Maíz tierno dulce Bonduelle Bio sin azúcares añadidos fácil apertura 2x140 g,,,"1,95 €","2,58 €","6,96 €/Kilogramo"
Mazorquita de maiz Rioverde frasco 100 g,,,"1,39 €",,"13,90 €/Kilogramo"
Patata Froiz entera primera 400 g,,,"1,35 €",,"3,38 €/Kilogramo"
Ensalada de pimiento Rioverde frasco 180 g,,,"1,35 €",,"7,50 €/Kilogramo"
Pimiento Lodosa piquillo entero extra D.O. 210 g,,,"3,15 €",,"15,00 €/Kilogramo"
Pimientos Bajamar piquillo frasco 280 g,,,"1,79 €",,"6,39 €/Kilogramo"
Pimientos Carretilla piquillo enteros 150 g,,,"1,19 €","1,54 €","7,93 €/Kilogramo"
Pimientos Froiz Piquillo enteros con ajo extra frasco 225 g,,,"0,95 €",,"4,22 €/Kilogramo"
Pimientos Froiz piquillo extra cristal 350 g,,,"1,53 €",,"4,37 €/Kilogramo"
Pimientos Froiz piquillo extra lata 150g,,,"0,95 €",,"6,33 €/Kilogramo"
Pimientos Froiz Piquillo tiras con ajo frasco 225 g,,,"0,99 €",,"4,40 €/Kilogramo"
Pimientos Ibsa asados dulces tarro 295 g,,,"3,47 €",,"11,76 €/Kilogramo"
Pimientos Ibsa asados picantes tarro 295 g,,,"3,47 €",,"11,76 €/Kilogramo"
Pimientos morrones Bajamar extra frasco 185 g,,,"1,59 €",,"8,59 €/Kilogramo"
Pimientos morrones Froiz enteros extra lata 125 g,,,"0,95 €",,"7,60 €/Kilogramo"
Pimientos morrones Froiz enteros extra lata 250 g,,,"1,19 €",,"4,76 €/Kilogramo"
Pimientos morrones Froiz enteros extra lata 3x60 g,,,"1,05 €",,"5,83 €/Kilogramo"
Remolacha Bonduelle en rodajas 305 g,,,"2,19 €",,"7,18 €/Kilogramo"
Remolacha Froiz en tiras primera 180 g,,,"0,72 €",,"4,00 €/Kilogramo"
Champiñones Cidacos enteros bote 180 g,,,"1,49 €","1,89 €","8,28 €/Kilogramo"
Champiñones Cidacos laminados bote 180 g,,,"1,55 €",,"8,61 €/Kilogramo"
Champiñones Cidacos laminados bote 85 g,,,"0,95 €",,"11,18 €/Kilogramo"
Champiñones Froiz enteros lata 185 g,,,"1,11 €",,"6,00 €/Kilogramo"
Champiñones Froiz laminados 3x105 g,,,"1,95 €",,"6,19 €/Kilogramo"
Champiñones Froiz laminados lata 185 g,,,"0,85 €",,"4,59 €/Kilogramo"
Surtido de setas Emperatriz 180 g,,,"1,45 €",,"8,06 €/Kilogramo"
Tomate A Rosaleira natural lata 420 g,,,"1,85 €",,"4,40 €/Kilogramo"
Tomate Apis natural monodosis 3x46 g,,,"1,54 €",,"11,16 €/Kilogramo"
Tomate Apis natural triturado 400 g,,,"0,86 €",,"2,15 €/Kilogramo"
Tomate Apis triturado natural lata fácil apertura 800 g,,,"1,44 €",,"1,80 €/Kilogramo"
Tomate Carretilla triturado bote 400 g,,,"0,79 €",,"1,98 €/Kilogramo"
Tomate Cidacos concentrado extra 170 g,,,"1,29 €","1,79 €","7,59 €/Kilogramo"
Tomate Cidacos entero pelado bote 240 g,,,"1,25 €",,"5,21 €/Kilogramo"
Tomate Cidacos triturado bote 400 g,,,"1,08 €",,"2,70 €/Kilogramo"
Tomate Cidacos triturado bote 800 g,,,"1,78 €",,"2,23 €/Kilogramo"
Tomate Cirio especial pasta 350 g,,,"1,19 €","1,40 €","3,40 €/Kilogramo"
Tomate Froiz entero pelado 240 g,,,"0,70 €",,"2,92 €/Kilogramo"
Tomate Froiz entero pelado 480 g,,,"1,20 €",,"2,50 €/Kilogramo"
Tomate Froiz pelado troceado 240 g,,,"0,66 €",,"2,75 €/Kilogramo"
Tomate Froiz triturado extra 400 g,,,"0,70 €",,"1,75 €/Kilogramo"
Tomate Froiz triturado extra 800 g,,,"1,00 €",,"1,25 €/Kilogramo"
Tomate Orlando natural triturdo bote 400 g,,,"0,99 €",,"2,48 €/Kilogramo"
Tomate seco Ibsa en aceite de oliva 190 g,,,"2,84 €",,"14,95 €/Kilogramo"
Tumaca Cidacos aceite de oliva frasco 290 g,,,"1,99 €",,"6,86 €/Kilogramo"
Zaragallada al natural A Rosaleira 350 g,,,"1,85 €",,"5,29 €/Kilogramo"
Ensalada Froiz Zanahoria primera 180 g,,,"0,72 €",,"4,00 €/Kilogramo"
Zanahoria Bonduelle rallada 280 g,,,"2,19 €",,"7,82 €/Kilogramo"
Zanahoria Froiz baby primera 180 g,,,"1,05 €",,"5,83 €/Kilogramo"
Barrita cereales Bicentury Sarialis chocolate negro 120 g,,,"2,65 €",,"22,08 €/Kilogramo"
Barrita cereales Bicentury Sarialis sabor yogur 120 g,,,"2,80 €",,"23,33 €/Kilogramo"
Batido Bimanán chocolate 5u 150 g,,,"6,99 €",,"46,60 €/Kilogramo"
BiManán Batonnets de chocolate 6x31 g,,,"5,55 €",,"29,84 €/Kilogramo"
BiManán Crema de Chocolate 2x210 g,,,"6,45 €",,"15,36 €/Kilogramo"
Lecitina Santiveri bote 275 g,,,"9,99 €",,"36,33 €/Kilogramo"
Levadura de cerveza Alteza copos 150 g,,,"1,99 €",,"13,27 €/Kilogramo"
Almendra Borges tostada con piel ecológica 100 g,,,"2,55 €",,"25,50 €/Kilogramo"
Almendra Froiz 100% natural con piel 200 g,,,"2,45 €",,"12,25 €/Kilogramo"
Almendra Froiz comuna natural sin piel 125 g,,,"1,59 €",,"12,72 €/Kilogramo"
Almendra Froiz comuna sin piel frita y salada 125 g,,,"1,75 €",,"14,00 €/Kilogramo"
Almendra Froiz frita sin piel y sin sal 200 g,,,"2,95 €",,"14,75 €/Kilogramo"
Almendra Froiz largueta con piel tostada y salada 125 g,,,"1,75 €",,"14,00 €/Kilogramo"
Almendra Froiz tostada sin piel y sin sal 200 g,,,"2,99 €",,"14,95 €/Kilogramo"
Almendra garrapiñada El Nogal bolsa 115 g,,,"1,89 €",,"16,43 €/Kilogramo"
Almendra laminada Froiz 125 g,,,"1,95 €","2,15 €","15,60 €/Kilogramo"
Almendra molida Froiz 125 g,,,"1,95 €","2,15 €","15,60 €/Kilogramo"
Avellana Borges tostada ecológica 100 g,,,"2,55 €",,"25,50 €/Kilogramo"
Avellana Froiz tostada sin sal 200 g,,,"2,80 €",,"14,00 €/Kilogramo"
Avellanas El Nogal cáscara cruda bolsa 300 g,,,"3,49 €",,"11,63 €/Kilogramo"
Granito de almendra El Nogal 125 g,,,"2,15 €",,"17,20 €/Kilogramo"
Anacardo El Nogal crudo bolsa 130 g,,,"1,95 €","2,09 €","15,00 €/Kilogramo"
Anacardos Froiz 100% natural crudos 175 g,,,"2,32 €",,"13,26 €/Kilogramo"
Anacardos Froiz Fritos Salados 125g,,,"1,31 €",,"10,48 €/Kilogramo"
Pistacho El Nogal con cáscara crudo bolsa 150 g,,,"3,39 €",,"22,60 €/Kilogramo"
Pistachos al horno campesina Matutano 94 g,,,"2,45 €",,"26,06 €/Kilogramo"
Pistachos Borges tostados salados bolsa 130 g,,,"2,80 €",,"21,54 €/Kilogramo"
Pistachos Froiz tostados sin sal 175 g,,,"2,28 €",,"13,03 €/Kilogramo"
Pistachos Froiz tostados y salados 200 g,,,"2,40 €",,"12,00 €/Kilogramo"
Cacahuete Borges cáscara tostado 350 g,,,"2,15 €",,"6,14 €/Kilogramo"
Cacahuete Borges frito salado bolsa 200 g,,,"1,49 €",,"7,45 €/Kilogramo"
Cacahuete Froiz cáscara Jumbo tostado 400 g,,,"1,60 €",,"4,00 €/Kilogramo"
Cacahuete Froiz sin piel frito y salado 250 g,,,"1,00 €",,"4,00 €/Kilogramo"
Cacahuete Froiz tostado sin piel y sin sal 200 g,,,"1,00 €",,"5,00 €/Kilogramo"
Cacahuete Matutano al horno 200 g,,,"1,70 €",,"8,50 €/Kilogramo"
Ciruela Borges s/hueso California 150g,,,"2,75 €",,"18,33 €/Kilogramo"
Ciruela El Nogal sin hueso bandeja 250 g,,,"4,95 €",,"19,80 €/Kilogramo"
Coco rallado Froiz 125 g,,,"1,05 €",,"8,40 €/Kilogramo"
Cocktail Facundo frutos secos 170 g,,,"1,99 €",,"11,71 €/Kilogramo"
Cocktail Facundo frutos secos sin sal 150 g,,,"1,49 €",,"9,93 €/Kilogramo"
Cocktail Froiz frutos secos al 100% natural 175 g,,,"2,41 €",,"13,77 €/Kilogramo"
Cocktail Froiz frutos secos popular con snacks 500 g,,,"2,00 €",,"4,00 €/Kilogramo"
Cocktail Froiz frutos secos Premium 200 g,,,"2,45 €",,"12,25 €/Kilogramo"
Cocktail Natura Borges frutos secos con frutas desecadas bolsa 130 g,,,"2,69 €",,"20,69 €/Kilogramo"
Florette Picatostes Frutos Secos 70g,,,"1,65 €",,"23,57 €/Kilogramo"
Frutos secos para ensaladas El Nogal Mediterránea 60g,,,"1,19 €",,"19,83 €/Kilogramo"
Surtido El Nogal nuez anacardo y almendra 200 g,,,"4,99 €",,"24,95 €/Kilogramo"
Surtido El Nogal selección 270 g,,,"4,59 €",,"17,00 €/Kilogramo"
Dátiles El Nogal bandeja 250 g,,,"1,59 €",,"6,36 €/Kilogramo"
Dátiles Froiz sin hueso 200 g,,,"1,29 €",,"6,45 €/Kilogramo"
Arándanos deshidratados Froiz bolsa 200 g,,,"2,10 €",,"10,50 €/Kilogramo"
Florette Picatostes Frutos Rojos y Mango 55 g,,,"1,65 €",,"30,00 €/Kilogramo"
Higos La Dama De La Vera Granito 400 g,,,"1,97 €",,"4,93 €/Kilogramo"
Cocktail Natura Borges Nueces Mix Omega 3 100 g,,,"2,69 €",,"26,90 €/Kilogramo"
Nuez Alteza Cáscara California bolsa 500 g,,,"3,08 €",,"6,16 €/Kilogramo"
Nuez Borges grano bolsa 130 g,,,"2,79 €",,"21,46 €/Kilogramo"
Nuez Borges grano ecológico 100 g,,,"2,55 €",,"25,50 €/Kilogramo"
Nuez Borges Pizarro bolsa 500 g,,,"4,29 €",,"8,58 €/Kilogramo"
Nuez natural Froiz pelada 175 g,,,"2,28 €",,"13,03 €/Kilogramo"
Nuez Pecana Froiz al natural 150 g,,,"2,89 €",,"19,27 €/Kilogramo"
Orejones Albaricoque El Nogal bandeja 200 g,,,"3,45 €",,"17,25 €/Kilogramo"
Pasa Málaga El Pasero 200 g,,,"3,29 €",,"16,45 €/Kilogramo"
Pasa sultana Froiz sin pepita 200 g,,,"1,04 €",,"5,20 €/Kilogramo"
Pasas Borges sin pepita 150g,,,"1,35 €",,"9,00 €/Kilogramo"
Pasas El Nogal Moscatel sin pepita 250 g,,,"2,49 €",,"9,96 €/Kilogramo"
Maíz crudo palomitas Froiz bolsa 200g,,,"0,60 €",,"3,00 €/Kilogramo"
Pipas calabaza Froiz sin piel natural 150 g,,,"1,70 €",,"11,33 €/Kilogramo"
Pipas de calabaza Froiz tostadas y saladas 125 g,,,"1,59 €",,"12,72 €/Kilogramo"
Pipas de girasol Facundo tostadas sin sal bolsa 100 g,,,"1,49 €",,"14,90 €/Kilogramo"
Pipas Facundo a la sal rosa del Himalaya 85 g,,,"1,10 €",,"12,94 €/Kilogramo"
Pipas Facundo suprema 120 g,,,"2,19 €",,"18,25 €/Kilogramo"
Pipas Froiz gigante tostada aguasal 200g,,,"1,15 €",,"5,75 €/Kilogramo"
Pipas Froiz gigante tostada salada 200 g,,,"1,15 €",,"5,75 €/Kilogramo"
Pipas Froiz tostadas sin sal 125 g,,,"0,95 €",,"7,60 €/Kilogramo"
Pipas girasol Froiz fritas peladas 125 g,,,"0,63 €",,"5,04 €/Kilogramo"
Pipas girasol Froiz natural peladas 200 g,,,"1,15 €",,"5,75 €/Kilogramo"
Mezcla 6 semillas ensaladas Alteza Bio 225 g,,,"1,99 €",,"8,84 €/Kilogramo"
Semillas de Chia Alteza Bio 250 g,,,"2,59 €",,"10,36 €/Kilogramo"
Semillas de lino dorado Alteza 400 g,,,"2,39 €",,"5,98 €/Kilogramo"
Bizcochito Osito Lulu Fontaneda chocolate 150 g,,,"1,59 €",,"10,60 €/Kilogramo"
Bizcocho Coral bolsa 400 g,,,"1,45 €","1,55 €","3,63 €/Kilogramo"
Bizcocho Milka Brownie 150 g,,,"2,35 €",,"15,67 €/Kilogramo"
Bizcocho Milka Cake & Choc 175 g,,,"2,35 €",,"13,43 €/Kilogramo"
Bizcocho Milka Choco Trio 150 g,,,"2,35 €",,"15,67 €/Kilogramo"
Galleta Froiz rellena Mega chocolate 500 g,,,"1,20 €",,"2,40 €/Kilogramo"
Galleta Milka Choco Biscuit 150 g,,,"2,35 €",,"15,67 €/Kilogramo"
Galleta Milka Cookies Sensations 156 g,,,"1,89 €",,"12,12 €/Kilogramo"
Galleta Nocilla Cookies negra 120 g,,,"2,29 €",,"19,08 €/Kilogramo"
Galleta Princesa Artiach 120 g,,,"2,40 €",,"20,00 €/Kilogramo"
Galleta Santiveri Noglut Jungla Choco 60 g,,,"1,75 €",,"29,17 €/Kilogramo"
Galletas Arluy Simpsons minis choco 275g,,,"2,79 €",,"10,15 €/Kilogramo"
Galletas Artiach Marbú dorada 800 g,,,"3,80 €",,"4,75 €/Kilogramo"
Galletas Artiach Marbú harina integral de centeno 600 g,,,"3,55 €",,"5,92 €/Kilogramo"
Galletas Chips Ahoy! 300 g,,,"2,95 €",,"9,83 €/Kilogramo"
Galletas Chips Ahoy! extra pepitas XL 184g,,,"2,70 €",,"14,67 €/Kilogramo"
Galletas Chips Ahoy! mini 160 g,,,"1,65 €",,"10,31 €/Kilogramo"
Galletas Chiquilín Artiach 175 g,,,"1,20 €",,"6,86 €/Kilogramo"
Galletas Chiquilín Artiach 875 g,,,"4,94 €",,"5,65 €/Kilogramo"
Galletas Chiquilín Energy 200 g,,,"2,79 €",,"13,95 €/Kilogramo"
Galletas Chiquilín Energy Chiqui Chocs 140 g,,,"1,89 €",,"13,50 €/Kilogramo"
Galletas Cuétara Bocaditos limón 450 g,,,"4,30 €",,"9,56 €/Kilogramo"
Galletas Cuétara Campurrianas 755 g,,,"2,79 €","3,19 €","3,70 €/Kilogramo"
Galletas Cuétara Campurrianas chocolate 450 g,,,"4,29 €",,"9,53 €/Kilogramo"
Galletas Cuétara Campurrianas espelta y chocolate 320 g,,,"3,75 €",,"11,72 €/Kilogramo"
Galletas Cuétara Campurrianas mini 600 g,,,"3,39 €",,"5,65 €/Kilogramo"
Galletas Cuétara Flakes choco 520 g,,,"2,85 €",,"5,48 €/Kilogramo"
Galletas Cuétara Flakes Nocilla 105 g,,,"1,20 €",,"11,43 €/Kilogramo"
Galletas Cuétara María hojaldrada 600 g,,,"2,59 €",,"4,32 €/Kilogramo"
Galletas Cuétara María Oro duplo 800 g,,,"3,34 €",,"4,18 €/Kilogramo"
Galletas Cuétara Tosta Rica 860 g,,,"3,85 €",,"4,48 €/Kilogramo"
Galletas Cuétara Tosta Rica Choco Guay 168g,,,"2,10 €",,"12,50 €/Kilogramo"
Galletas Cuétara Tosta Rica chocolate 210 g,,,"2,45 €",,"11,67 €/Kilogramo"
Galletas Cuétara Tosta Rica Fibra 860 g,,,"3,45 €",,"4,01 €/Kilogramo"
Galletas Cuétara Tosta Rica Oceanix 480g,,,"3,95 €",,"8,23 €/Kilogramo"
Galletas Cuétara Tostada 800 g,,,"2,90 €",,"3,63 €/Kilogramo"
Galletas Dinosaurus cereales 411 g,,,"2,85 €",,"6,93 €/Kilogramo"
Galletas Dinosaurus Choco Leche 340 g,,,"3,35 €",,"9,85 €/Kilogramo"
Galletas Dinosaurus Huevos 140 g,,,"2,05 €",,"14,64 €/Kilogramo"
Galletas Filipinos chocolate blanco 93 g,,,"1,20 €",,"12,90 €/Kilogramo"
Galletas Filipinos chocolate con leche 93 g,,,"1,20 €",,"12,90 €/Kilogramo"
Galletas Filipinos chocolate negro 93 g,,,"1,20 €",,"12,90 €/Kilogramo"
Galletas Fontaneda Belvita desayuno chocolate y cereales 300 g,,,"1,85 €",,"6,17 €/Kilogramo"
Galletas Fontaneda Belvita desayuno leche y cereales 300 g,,,"1,85 €",,"6,17 €/Kilogramo"
Galletas Fontaneda La buena María 800 g,,,"2,25 €",,"2,81 €/Kilogramo"
Galletas Fontaneda María 200 g,,,"0,85 €",,"4,25 €/Kilogramo"
Galletas Fontaneda Pim's frambuesa y chocolate 150 g,,,"2,39 €",,"15,93 €/Kilogramo"
Galletas Fontaneda Pim's naranja y chocolate 150 g,,,"2,39 €",,"15,93 €/Kilogramo"
Galletas Fontaneda Yayitas desayuno chocolate y 5 cereales 600 g,,,"3,45 €",,"5,75 €/Kilogramo"
Galletas Froiz al cacao rellenas con crema 176g,,,"0,65 €",,"3,69 €/Kilogramo"
Galletas Froiz aros blancos 150 g,,,"0,72 €",,"4,80 €/Kilogramo"
Galletas Froiz bañadas con cacao blanco 150 g,,,"1,09 €",,"7,27 €/Kilogramo"
Galletas Froiz con tableta chocolate con leche 150 g,,,"1,10 €",,"7,33 €/Kilogramo"
Galletas Froiz con tableta de chocolate blanco 150g,,,"1,10 €",,"7,33 €/Kilogramo"
Galletas Froiz cookies con chocolate 150 g,,,"0,85 €",,"5,67 €/Kilogramo"
Galletas Froiz de mantequilla 125 g,,,"1,05 €",,"8,40 €/Kilogramo"
Galletas Froiz Divertoons 600 g,,,"1,55 €",,"2,58 €/Kilogramo"
Galletas Froiz María 800 g,,,"1,50 €",,"1,88 €/Kilogramo"
Galletas Froiz María Dorada 800 g,,,"1,50 €",,"1,88 €/Kilogramo"
Galletas Froiz Palitos chocolate con leche 75 g,,,"1,00 €",,"13,33 €/Kilogramo"
Galletas Froiz rellenas chocolate 3x250 g,,,"1,75 €",,"2,33 €/Kilogramo"
Galletas Froiz Tostada 800 g,,,"1,50 €",,"1,88 €/Kilogramo"
Galletas Gargallo abanico bañados con chocolate 200 g,,,"1,29 €",,"6,45 €/Kilogramo"
Galletas Gullón Choco Chips Bio Organic 250 g,,,"2,75 €",,"11,00 €/Kilogramo"
Galletas Gullón creme junior 4x170g,,,"2,99 €",,"4,40 €/Kilogramo"
Galletas Gullón Creme Tropical 800 g,,,"2,95 €",,"3,69 €/Kilogramo"
Galletas Gullón Dibus mini 250 g,,,"1,79 €",,"7,16 €/Kilogramo"
Galletas Gullón María dorada 600 g,,,"1,99 €",,"3,32 €/Kilogramo"
Galletas Gullón María sin gluten 380 g,,,"2,65 €",,"6,97 €/Kilogramo"
Galletas Gullón tostada 400 g,,,"1,39 €",,"3,48 €/Kilogramo"
Galletas LU Mikado Noir 75 g,,,"1,35 €",,"18,00 €/Kilogramo"
Galletas LU Príncipe chocolate rodillo 300 g,,,"1,85 €",,"6,17 €/Kilogramo"
Galletas Lu Príncipe Estrellas con chocolate blanco 225 g,,,"1,90 €",,"8,44 €/Kilogramo"
Galletas Lu Príncipe Estrellas con chocolate con leche 225 g,,,"1,90 €",,"8,44 €/Kilogramo"
Galletas LU Príncipe Maxi Choc rellena de chocolate 250 g,,,"1,55 €",,"6,20 €/Kilogramo"
Galletas LU Príncipe mini 160 g,,,"1,65 €",,"10,31 €/Kilogramo"
Galletas LU Príncipe rellena de chocolate 40 % menos grasas 300 g pack 3 u,,,"4,99 €",,"5,54 €/Kilogramo"
Galletas Oreo bañadas con chocolate blanco 246 g,,,"2,49 €",,"10,12 €/Kilogramo"
Galletas Oreo doble crema 185 g,,,"1,70 €",,"9,19 €/Kilogramo"
Galletas Oreo Golden 154 g,,,"1,39 €",,"9,03 €/Kilogramo"
Galletas Oreo leche original 220 g,,,"1,62 €",,"7,36 €/Kilogramo"
Galletas Oreo mini 160 g,,,"1,65 €",,"10,31 €/Kilogramo"
Galletas Oreo rodillo 154 g,,,"1,15 €",,"7,47 €/Kilogramo"
Galletas Santiveri Noglut Jungla 100 g,,,"1,55 €",,"15,50 €/Kilogramo"
Galletas Vitalday Gullón 5 cereales con frutos rojos 240 g,,,"1,70 €",,"7,08 €/Kilogramo"
Galletas Vitalday Gullón avena & chocolate 240 g,,,"1,70 €",,"7,08 €/Kilogramo"
Kinder Cards galleta chocolate 128 g T2x5,,,"2,29 €",,"17,89 €/Kilogramo"
Nutella biscuits T22x10 304 g,,,"3,79 €",,"12,47 €/Kilogramo"
Barquillos Gargallo Boer coco 400 g,,,"1,79 €",,"4,48 €/Kilogramo"
Cigarrillos de Tolosa Casa Eceiza bote 160 g,,,"5,29 €",,"33,06 €/Kilogramo"
Cigarrillos de Tolosa Casa Eceiza de chocolate 200 g,,,"5,29 €",,"26,45 €/Kilogramo"
Cucuruchos para helados Alteza 110 g,,,"1,55 €",,"14,09 €/Kilogramo"
Galleta caramelizada Lotus 250 g,,,"1,59 €",,"6,36 €/Kilogramo"
Galleta Milka Wafer choco leche 180 g,,,"2,35 €",,"13,06 €/Kilogramo"
Galletas Artiach Artinata 210 g,,,"1,95 €","2,40 €","9,29 €/Kilogramo"
Galletas Artiach Artinata chocolate 210g,,,"1,95 €","2,40 €","9,29 €/Kilogramo"
Galletas Artiach Artinata limón 210 g,,,"1,95 €","2,40 €","9,29 €/Kilogramo"
Galletas Coral Boer nata 330 g,,,"1,95 €",,"5,91 €/Kilogramo"
Galletas Cuétara Napolitana 500 g,,,"2,45 €",,"4,90 €/Kilogramo"
Galletas Cuétara Rollitos 225 g,,,"3,30 €",,"14,67 €/Kilogramo"
Galletas Florbu boer vainilla 400 g,,,"1,99 €",,"4,98 €/Kilogramo"
Galletas Froiz Barquillo con relleno de cacao y sabor a chocolate 200 g,,,"0,95 €",,"4,75 €/Kilogramo"
Galletas Froiz Barquillo rellenos sabor nata 200 g,,,"0,95 €",,"4,75 €/Kilogramo"
Galletas Gargallo para helados 35 g,,,"0,39 €",,"11,14 €/Kilogramo"
Galletas Santiveri Noglut rellenas de cacao 150 g,,,"3,39 €",,"22,60 €/Kilogramo"
Galletas Santiveri Noglut Vainilla 150 g,,,"3,39 €",,"22,60 €/Kilogramo"
Mini Roscos Santiveri Noglut 180 g,,,"2,30 €",,"12,78 €/Kilogramo"
Neulas chocolate para helado Alteza 100g,,,"0,99 €",,"9,90 €/Kilogramo"
Nevaditos Reglero 500 g,,,"4,29 €",,"8,58 €/Kilogramo"
Obleas artesanas Fabián Martín 12u,,,"1,49 €",,"0,12 €/Unidad"
Tejas de Tolosa Casa Eceiza 150 g,,,"5,29 €",,"35,27 €/Kilogramo"
Tulipas Alteza Barquillo helado 6 u,,,"1,45 €",,"0,24 €/Unidad"
Galleta Danish Butter Cookies mantequilla 454 g,,,"2,99 €",,"6,59 €/Kilogramo"
Galletas Artiach Surtido Selección 250 g,,,"3,59 €",,"14,36 €/Kilogramo"
Galletas Cuétara surtido 210 g,,,"3,10 €",,"14,76 €/Kilogramo"
Galletas Cuétara surtido 420 g,,,"3,85 €","5,50 €","9,17 €/Kilogramo"
Galletas Deleitum Surtido 500 g,,,"3,05 €",,"6,10 €/Kilogramo"
Pasta de té surtidas Alteza bandeja 350 g,,,"1,69 €",,"4,83 €/Kilogramo"
Pastas Artesanas Reglero 400g,,,"4,29 €",,"10,73 €/Kilogramo"
Pastas Froiz surtidas 500 g,,,"1,95 €",,"3,90 €/Kilogramo"
Pastas Gullón 500 g,,,"2,15 €",,"4,30 €/Kilogramo"
Surtido de Pastas Biscuits Galicia 500 g,,,"3,30 €",,"6,60 €/Kilogramo"
Galleta Cuétara Fibralia Integral con soja 550 g,,,"3,45 €",,"6,27 €/Kilogramo"
Galletas Artiach Marbú Dorada 0 % azúcares 400 g,,,"2,80 €",,"7,00 €/Kilogramo"
Galletas barquillo Froiz rellenas con sabor a nata 0% azúcar añadido 210 g,,,"1,05 €",,"5,00 €/Kilogramo"
Galletas Chiquilín 0% azúcares añadidos 525 g,,,"4,05 €",,"7,71 €/Kilogramo"
Galletas Cookisanas avena sin azúcar añadido 150 g,,,"1,75 €",,"11,67 €/Kilogramo"
Galletas Cuétara Avenacol Rústicas 250 g,,,"3,75 €",,"15,00 €/Kilogramo"
Galletas Cuétara Campurrianas 0 % azúcares añadidos 400 g,,,"2,95 €",,"7,38 €/Kilogramo"
Galletas Flora fibra 185 g,,,"1,65 €",,"8,92 €/Kilogramo"
Galletas Fontaneda Digestive avena 550 g,,,"3,30 €",,"6,00 €/Kilogramo"
Galletas Fontaneda Digestive chocolate con leche 300 g,,,"2,90 €",,"9,67 €/Kilogramo"
Galletas Fontaneda Digestive finas chocolate negro 170 g,,,"1,99 €",,"11,71 €/Kilogramo"
Galletas Fontaneda Digestive original 700 g,,,"3,30 €",,"4,71 €/Kilogramo"
Galletas Fontaneda La Buena María integral soja 700 g,,,"1,99 €",,"2,84 €/Kilogramo"
Galletas Froiz Digestive 800 g,,,"1,65 €",,"2,06 €/Kilogramo"
Galletas Froiz Digestive avena 425 g,,,"1,25 €",,"2,94 €/Kilogramo"
Galletas Froiz digestive chocolate con leche 300 g,,,"1,00 €",,"3,33 €/Kilogramo"
Galletas Gerblé leche chocolate 230 g,,,"2,30 €",,"10,00 €/Kilogramo"
Galletas Gerblé soja higo 270 g,,,"2,30 €",,"8,52 €/Kilogramo"
Galletas Gerblé soja naranja 280 g,,,"2,30 €",,"8,21 €/Kilogramo"
Galletas Gullón 4 cereales diet-fibra sin azúcares añadidos 450 g,,,"2,95 €",,"6,56 €/Kilogramo"
Galletas Gullón Chip chocolate sin gluten 130g,,,"2,50 €",,"19,23 €/Kilogramo"
Galletas Gullón Digestive con avena y chocolate 425 g,,,"1,49 €","1,85 €","3,51 €/Kilogramo"
Galletas Gullón Digestive con avena y naranja 425 g,,,"1,49 €","1,85 €","3,51 €/Kilogramo"
Galletas Gullón finas avena con chocolate negro 150 g,,,"1,65 €",,"11,00 €/Kilogramo"
Galletas Gullón integrales fibra active 560 g,,,"2,99 €",,"5,34 €/Kilogramo"
Galletas Gullón María integral 600 g,,,"2,95 €",,"4,92 €/Kilogramo"
Galletas Gullón María ligera 600 g,,,"2,59 €","3,40 €","4,32 €/Kilogramo"
Galletas Gullón Zero barquillos de vainilla sin azúcar 180 g,,,"1,85 €",,"10,28 €/Kilogramo"
Galletas Gullón Zero Digestive avena sin azúcares añadidos 410 g,,,"2,35 €",,"5,73 €/Kilogramo"
Galletas Gullón Zero Digestive sin azúcares 400 g,,,"2,35 €",,"5,88 €/Kilogramo"
Galletas Gullón Zero dorada sin azúcares 330 g,,,"2,95 €",,"8,94 €/Kilogramo"
Galletas Gullón zero finas avena con chocolate con leche sin azúcar 150 g,,,"1,99 €",,"13,27 €/Kilogramo"
Galletas Gullón Zero finas chocolate con leche sin azúcar 150 g,,,"1,99 €",,"13,27 €/Kilogramo"
Galletas Gullón Zero María sin azúcares 400 g,,,"2,35 €",,"5,88 €/Kilogramo"
Galletas Gullón Zero sin azúcares barquillos de chocolate 180 g,,,"1,85 €",,"10,28 €/Kilogramo"
Galletas Gullón Zero sin azúcares chip choco 125 g,,,"1,85 €",,"14,80 €/Kilogramo"
Galletas Gullón Zero sin azúcares fibra 170 g,,,"1,85 €",,"10,88 €/Kilogramo"
Galletas Gullón Zero sin azúcares sándwich chocolate 250 g,,,"1,85 €",,"7,40 €/Kilogramo"
Galletas mantequilla Gerblé sin gluten 175 g,,,"2,75 €",,"15,71 €/Kilogramo"
Galletas Santiveri Digestive sin azúcar190 g,,,"1,99 €",,"10,47 €/Kilogramo"
Galletas Santiveri Integral 0% Azúcares Arándanos 190 g,,,"1,99 €",,"10,47 €/Kilogramo"
Galletas Santiveri Integral 0% Azúcares Cacao 190 g,,,"1,99 €",,"10,47 €/Kilogramo"
Galletas Santiveri Integral 0% Azúcares Quinoa Choco 175 g,,,"1,99 €",,"11,37 €/Kilogramo"
Galletas Santiveri Noglut Digestive cacao sin gluten 200 g,,,"2,45 €",,"12,25 €/Kilogramo"
Galletas Santiveri salvado avena Bio 270 g,,,"2,45 €",,"9,07 €/Kilogramo"
Surtido Gullón Zero sin azúcares añadidos 319 g,,,"4,19 €",,"13,13 €/Kilogramo"
Caldo Alteza carne 12 pastillas 120g,,,"0,55 €",,"4,58 €/Kilogramo"
Caldo Alteza cocido 1 l,,,"0,80 €",,"0,80 €/Litro"
Caldo Alteza pescado 1 l,,,"1,10 €",,"1,10 €/Litro"
Caldo Alteza pollo 12 pastillas 120 g,,,"0,50 €",,"4,17 €/Kilogramo"
Caldo Alteza pollo casero 1 l,,,"0,75 €",,"0,75 €/Litro"
Caldo Alteza verduras 1 l,,,"0,95 €",,"0,95 €/Litro"
Caldo Alteza verduras 12 pastillas 120g,,,"0,55 €",,"4,58 €/Kilogramo"
Caldo Aneto pollo 100 % natural 1 l,,,"3,85 €",,"3,85 €/Litro"
Caldo Aneto verduras 100 % natural 1 l,,,"3,85 €",,"3,85 €/Litro"
Caldo Avecrem Gallina Blanca pollo 12 pastillas 120 g,,,"1,79 €",,"14,92 €/Kilogramo"
Caldo Avecrem pollo -30% sal 10 pastillas 95 g,,,"1,43 €",,"15,05 €/Kilogramo"
Caldo Avecrem pollo 24 pastillas 240 g,,,"2,89 €",,"12,04 €/Kilogramo"
Caldo G. Blanca casero carne 100 % 1 l,,,"1,99 €",,"1,99 €/Litro"
Caldo G. Blanca casero cocido 100 % 1 l,,,"1,99 €",,"1,99 €/Litro"
Caldo G. Blanca casero pescado 100% 1 l,,,"1,99 €",,"1,99 €/Litro"
Caldo G. Blanca casero pollo 100 % 1 l,,,"1,99 €",,"1,99 €/Litro"
Caldo Gallina Blanca casero de pollo bajo en sal 1 l,,,"1,99 €",,"1,99 €/Litro"
Caldo Gallina Blanca Paella 100% natural 1 l,,,"2,75 €",,"2,75 €/Litro"
Caldo Gallina Blanca Paella Mixta 100% natural 1 l,,,"2,75 €",,"2,75 €/Litro"
Caldo Knorr Carne 16 pastillas 160 g,,,"1,45 €",,"9,06 €/Kilogramo"
Caldo Knorr pescado con un toque de aceite de oliva virgen extra 12 pastillas 120 g,,,"1,65 €",,"13,75 €/Kilogramo"
Caldo Knorr vegetal con un toque de aceite de oliva virgen extra 12 pastillas 120 g,,,"1,65 €",,"13,75 €/Kilogramo"
Caldo Maggi pollo 10 pastillas 100 g,,,"1,10 €",,"11,00 €/Kilogramo"
Gazpacho Alvalle original 1 l,,,"3,70 €",,"3,70 €/Litro"
Gazpacho Alvalle Selección pet 250 ml,,,"1,35 €",,"5,40 €/Litro"
Gazpacho Alvalle suave 1 l,,,"3,70 €",,"3,70 €/Litro"
Gazpacho Rikisssimo Tradicional 1 l,,,"1,30 €",,"1,30 €/Litro"
Salmorejo Alvalle Selección pet 900 ml,,,"3,25 €",,"3,61 €/Litro"
Salmorejo Rikisssimo 1 l,,,"1,60 €",,"1,60 €/Litro"
Puré Maggi de patatas 230 g,,,"1,95 €",,"8,48 €/Kilogramo"
Puré Maggi de patatas con leche 115 g,,,"1,15 €",,"10,00 €/Kilogramo"
Crema de calabacín Froiz refrigerada 400 g,,,"1,69 €","1,94 €","4,23 €/Kilogramo"
Crema de calabaza Froiz refrigerada 400 g,,,"1,69 €","1,94 €","4,23 €/Kilogramo"
Crema de Grelos Santa Teresa 400 g,,,"1,69 €","1,99 €","4,23 €/Kilogramo"
Crema de verduras Froiz refrigerada 400 g,,,"1,69 €","1,94 €","4,23 €/Kilogramo"
Crema Fina Knorr calabacín con queso de cabra 500 ml,,,"2,29 €",,"4,58 €/Litro"
Crema Fina Knorr calabaza con nata 500 ml,,,"2,29 €",,"4,58 €/Litro"
Crema Ibsa de verduras 530 g,,,"1,59 €","1,96 €","3,00 €/Kilogramo"
Crema Ibsa de zanahoria 530 g,,,"1,59 €","1,96 €","3,00 €/Kilogramo"
Crema Knorr Alicia 500 ml,,,"2,29 €",,"4,58 €/Litro"
Crema Knorr bogavante con un toque de hinojo y cilantro 61g,,,"1,69 €",,"27,70 €/Kilogramo"
Crema Knorr champiñones sobre 62 g,,,"0,75 €",,"12,10 €/Kilogramo"
Crema Knorr espárragos sobre 70 g,,,"0,75 €",,"10,71 €/Kilogramo"
Crema Knorr marisco con eneldo sobre 63g,,,"1,69 €",,"26,83 €/Kilogramo"
Crema Knorr verduras de la huerta brik 500 ml,,,"2,29 €",,"4,58 €/Litro"
Crema Knorr verduras Mediterránea 500 ml,,,"2,29 €",,"4,58 €/Litro"
Crema Knorr Vichyssoise 500 ml,,,"2,29 €",,"4,58 €/Litro"
Sopa Alteza ave con fideos sobre 80g,,,"0,40 €",,"5,00 €/Kilogramo"
Sopa Alteza jardinera sobre 80g,,,"0,40 €",,"5,00 €/Kilogramo"
Sopa Alteza pollo con fideos sobre 72 g,,,"0,40 €",,"5,56 €/Kilogramo"
Sopa Knorr ave con fideos finos sobre 61 g,,,"0,75 €",,"12,30 €/Kilogramo"
Sopa Knorr cebolla sobre 50 g,,,"0,75 €",,"15,00 €/Kilogramo"
Sopa Knorr Estrellitas 84 g,,,"0,75 €",,"8,93 €/Kilogramo"
Sopa Knorr Jardinera con Fideos 33 g,,,"0,75 €",,"22,73 €/Kilogramo"
Sopa Knorr pollo con fideos sobre 63g,,,"0,75 €",,"11,90 €/Kilogramo"
Sopa Maggi ave con fideos sobre 78g,,,"0,67 €",,"8,59 €/Kilogramo"
Sopa Maggi gallina con fideos sobre 68g,,,"0,67 €",,"9,85 €/Kilogramo"
Sopa Maggi hogareña con pasta maravilla sobre 78 g,,,"0,67 €",,"8,59 €/Kilogramo"
Sopa Maggi once verduras sobre 53g,,,"0,67 €",,"12,64 €/Kilogramo"
Sopa Maggi pollo con fideos finos sobre 82g,,,"0,67 €",,"8,17 €/Kilogramo"
Sopa Sopinstant Verduras 3 sobres x16 g,,,"1,00 €","1,09 €","20,83 €/Kilogramo"
Caramelo Alteza blando frutal envuelto individualmente 150 g,,,"0,83 €",,"5,53 €/Kilogramo"
Caramelo Alteza cremoso toffee sin azúcar 90 g,,,"1,00 €",,"11,11 €/Kilogramo"
Caramelo Alteza eucalipto sin azúcar 90 g,,,"0,85 €",,"9,44 €/Kilogramo"
Caramelo Alteza masticables 200 g,,,"0,85 €",,"4,25 €/Kilogramo"
Caramelo Alteza sabor fruta ácida 150 g,,,"0,79 €",,"5,27 €/Kilogramo"
Caramelo Alteza surtido gajos 150 g,,,"0,85 €",,"5,67 €/Kilogramo"
Caramelo El Avión café con leche 200 g,,,"1,99 €",,"9,95 €/Kilogramo"
Caramelo El Avión toffee chocolate 200 g,,,"2,15 €",,"10,75 €/Kilogramo"
Caramelo El Avión toffee nata 200 g,,,"1,99 €",,"9,95 €/Kilogramo"
Caramelo El Caserío con piñones 145 g,,,"2,99 €",,"20,62 €/Kilogramo"
Caramelo Halls energy cola sin azúcar 32 g,,,"1,00 €",,"1,00 €/Unidad"
Caramelo Halls eucalipto sin azúcar 32 g,,,"1,00 €",,"1,00 €/Unidad"
Caramelo Halls eucalipto sin azúcar pack 4,,,"1,89 €",,"0,47 €/Unidad"
Caramelo Halls extrafuerte sin azúcar pack 4,,,"2,20 €",,"17,19 €/Kilogramo"
Caramelo Halls miel limón 4u,,,"2,20 €",,"0,55 €/Unidad"
Caramelo Halls Respiral Limón 150 g,,,"1,45 €",,"9,67 €/Kilogramo"
Caramelo Halls Respiral mentol 150 g,,,"1,45 €",,"9,67 €/Kilogramo"
Caramelo Halls Respiral miel 150 g,,,"1,45 €",,"9,67 €/Kilogramo"
Caramelo Halls Respiral regaliz 150 g,,,"1,45 €",,"9,67 €/Kilogramo"
Caramelo Halls Vita-C sin azúcar bolsa 100 g,,,"1,95 €",,"19,50 €/Kilogramo"
Caramelo Halls Vita-C sin azúcar cítricos P-4,,,"2,20 €",,"0,55 €/Unidad"
Caramelo Halls Vita-C sin azúcar cítricos 32 g,,,"1,00 €",,"1,00 €/Unidad"
Caramelo Lacasa Carachoco toffee 135 g,,,"1,99 €",,"1,99 €/Unidad"
Caramelo Mentolín Eucalipto sin azúcar 110 g,,,"2,00 €",,"18,18 €/Kilogramo"
Caramelo Mentolín Limón Melisa sin azúcar 110 g,,,"2,00 €",,"18,18 €/Kilogramo"
Caramelo Mentolín menta fresca 200 g,,,"2,00 €",,"10,00 €/Kilogramo"
Caramelo Mentolín menta suave sin azúcar 115g,,,"2,00 €",,"17,39 €/Kilogramo"
Caramelo Mentolín Plus Hinojo sin azúcar 90 g,,,"2,00 €",,"22,22 €/Kilogramo"
Caramelo Mentolín Plus jengibre y própolis sin azúcar 90 g,,,"2,00 €",,"22,22 €/Kilogramo"
Caramelo Mentos Fruit Mix pouch 160 g,,,"1,79 €",,"11,19 €/Kilogramo"
Caramelo Mentos Fruit Red Mix pouch 160 g,,,"1,99 €",,"12,44 €/Kilogramo"
Caramelo Mentos Frutas stick 38 g,,,"0,85 €",,"22,37 €/Kilogramo"
Caramelo Mentos Menta stick 38 g,,,"0,85 €",,"22,37 €/Kilogramo"
Caramelo Mentos Rainbow stick 38 g,,,"0,85 €",,"22,37 €/Kilogramo"
"Caramelo Pez pack 3 X 8,5 g",,,"1,85 €",,"0,62 €/Unidad"
Caramelo Pikotas cereza bolsa 100 g,,,"1,15 €",,"11,50 €/Kilogramo"
Caramelo Skittles perlas frutas bolsa 174 g,,,"2,39 €",,"13,74 €/Kilogramo"
Caramelo Smint frutas silvestres,,,"1,49 €",,"1,49 €/Unidad"
Caramelo Smint menta,,,"1,49 €",,"1,49 €/Unidad"
Caramelo Smint Tin eucalipto 35 g,,,"1,99 €",,"56,86 €/Kilogramo"
Caramelo Smint Tin fresa 35 g,,,"1,99 €",,"56,86 €/Kilogramo"
Caramelo Smint Tin frutos rojos 35 g,,,"1,99 €",,"56,86 €/Kilogramo"
Caramelo Smint Tin limón 35 g,,,"1,99 €",,"56,86 €/Kilogramo"
Caramelo Smint Tin Peppermint 35 g,,,"1,99 €",,"56,86 €/Kilogramo"
Caramelo Solano sin azúcar café 33 u,,,"2,29 €",,"0,07 €/Unidad"
Caramelo Solano sin azúcar fresas con nata 33 u,,,"2,29 €",,"0,07 €/Unidad"
Caramelo Solano sin azúcar tradicional 33 u,,,"2,29 €",,"0,07 €/Unidad"
Caramelo Sugus 150 g,,,"2,19 €",,"14,60 €/Kilogramo"
Caramelo Sugus roll pack multisabor 45 g,,,"0,89 €",,"19,78 €/Kilogramo"
Chupa Chups Melody Pops fresa pack 4 u,,,"2,25 €",,"0,56 €/Unidad"
Chupa Chups Milky bolsa 10 u 120 g,,,"1,99 €",,"16,58 €/Kilogramo"
Chupa Chups Mini original bolsa 20 u 120 g,,,"1,73 €",,"14,42 €/Kilogramo"
Chupa Chups original bolsa 10 u 120 g,,,"1,39 €",,"11,58 €/Kilogramo"
Chupa Chups sin azúcar bolsa 6 u 66 g,,,"1,99 €",,"30,15 €/Kilogramo"
Chupa Chups surprise unitario,,,"0,70 €",,"0,70 €/Unidad"
Chupa Chups unidad bote 100,,,"0,30 €",,"0,30 €/Unidad"
Chupa Chups XXL bolsa 6 u 174 g,,,"2,49 €",,"14,31 €/Kilogramo"
Migueláñez Mini Teddy Unicornio 35 g,,,"3,25 €",,"92,86 €/Kilogramo"
Miguelañez Super Lollie chupa gigante 15u 135g,,,"3,15 €",,"23,33 €/Kilogramo"
Chicle Boomer maxi roll strawberry 56g,,,"2,10 €",,"37,50 €/Kilogramo"
Chicle Five Hierbabuena 12 láminas,,,"1,99 €",,"0,17 €/Unidad"
Chicle Five hierbabuena cubo 30 u,,,"2,69 €",,"37,36 €/Kilogramo"
Chicle Five Menta 12 láminas,,,"1,99 €",,"0,17 €/Unidad"
Chicle Five Sandía 12 láminas,,,"1,99 €",,"0,17 €/Unidad"
Chicle Five sandía cubo 30 u,,,"2,69 €",,"37,36 €/Kilogramo"
Chicle Orbit bubblemint grageas 10u,,,"1,05 €",,"0,11 €/Unidad"
Chicle Orbit eucalipto gragea 10u,,,"1,05 €",,"0,11 €/Unidad"
Chicle Orbit fresa ácida 4x10 grageas,,,"2,39 €",,"0,06 €/Unidad"
Chicle Orbit fresa ácida gragea 10u,,,"1,05 €",,"0,11 €/Unidad"
Chicle Orbit hierbabuena 4x10 grageas,,,"2,39 €",,"0,06 €/Unidad"
Chicle Orbit hierbabuena gragea 10u,,,"1,05 €",,"0,11 €/Unidad"
Chicle Orbit menta 4x10 grageas,,,"2,39 €",,"0,06 €/Unidad"
Chicle Orbit Menta Fuerte gragea 10u,,,"1,05 €",,"0,11 €/Unidad"
Chicle Orbit menta gragea 10u,,,"1,05 €",,"0,11 €/Unidad"
Chicle Orbit White menta suave gragea 10 u,,,"1,10 €",,"73,33 €/Kilogramo"
Chicle Trident 60 minutos hierbabuena 20 g,,,"1,07 €",,"1,07 €/Unidad"
Chicle Trident 60 minutos menta 20 g,,,"1,07 €",,"1,07 €/Unidad"
Chicle Trident bolsa fresa 43.5 g 30 u,,,"1,14 €",,"0,04 €/Unidad"
Chicle Trident bolsa hierbabuena 43.5 g 30 u,,,"1,14 €",,"0,04 €/Unidad"
Chicle Trident bolsa menta 43.5 g 30 u,,,"1,14 €",,"0,04 €/Unidad"
Chicle Trident bote 60 minutos hierbabuena 72 g,,,"3,05 €",,"42,36 €/Kilogramo"
Chicle Trident bote 60 minutos menta 72 g,,,"3,05 €",,"42,36 €/Kilogramo"
"Chicle Trident bote fresa 82,6 g",,,"3,05 €",,"36,75 €/Kilogramo"
Chicle Trident Oral-B hierbabuena 10 u,,,"1,20 €",,"0,12 €/Unidad"
Chicle Trident Oral-B menta 10 u,,,"1,20 €",,"0,12 €/Unidad"
Chicle Trident Splash fresa y lima sin azúcar 22 g,,,"1,07 €",,"1,07 €/Unidad"
Chicle Trident stick clorofila 5 u,,,"0,90 €",,"0,18 €/Unidad"
Chicle Trident stick fresa 5 u,,,"0,90 €",,"0,18 €/Unidad"
Chicle Trident stick menta 5 u,,,"0,90 €",,"0,18 €/Unidad"
Chicles Froiz fresa sin azúcar 32 u 46 g,,,"0,85 €",,"0,03 €/Unidad"
Chicles Froiz fresa sin azúcar bote 100 g 70 u,,,"1,90 €",,"0,03 €/Unidad"
Chicles Froiz hierbabuena sin azúcar 32 u 46 g,,,"0,85 €",,"0,03 €/Unidad"
Chicles Froiz hierbabuena sin azúcar bote 100 g 70 u,,,"1,90 €",,"0,03 €/Unidad"
Chicles Froiz menta fuerte sin azúcar 32 u 46 g,,,"0,85 €",,"0,03 €/Unidad"
Orbit Chicle sin azúcar Eucalipto Bote 60 grageas,,,"2,70 €",,"0,05 €/Unidad"
Orbit Chicle sin azúcar Fresa Bote 60 grageas,,,"2,70 €",,"0,05 €/Unidad"
Orbit Chicle sin azúcar Hierbabuena Bote 60 grageas,,,"2,70 €",,"0,05 €/Unidad"
Orbit Chicle sin azúcar Menta Bote 60 grageas,,,"2,70 €",,"0,05 €/Unidad"
Caja Mágica Celebración Miguelañez 60 g,,,"1,19 €",,"19,83 €/Kilogramo"
Gominola Alteza con zumo de frutas 150 g,,,"1,00 €",,"6,67 €/Kilogramo"
Gominola Fini Amazonia mix pica zero gluten 160g,,,"1,55 €",,"9,69 €/Kilogramo"
Gominola Fini torcida rellena 7 u 125 g,,,"1,05 €",,"8,40 €/Kilogramo"
Gominola Froiz Botellas Cola 150 g,,,"0,75 €",,"5,00 €/Kilogramo"
Gominola Froiz Cinema Mix 150 g,,,"0,75 €",,"5,00 €/Kilogramo"
Gominola Froiz Fresas Salvajes 150 g,,,"0,75 €",,"5,00 €/Kilogramo"
Gominola Froiz Ladrillos Pica 150 g,,,"0,75 €",,"5,00 €/Kilogramo"
Gominola Froiz Lengua Pica Fresa 90g,,,"0,75 €",,"8,33 €/Kilogramo"
Gominola Froiz Little Mix Pica 150 g,,,"0,75 €",,"5,00 €/Kilogramo"
Gominola Froiz Mix Clear Little 150 g,,,"0,75 €",,"5,00 €/Kilogramo"
Gominola Froiz Moras 150 g,,,"0,75 €",,"5,00 €/Kilogramo"
Gominola Froiz Nubes 150 g,,,"0,75 €",,"5,00 €/Kilogramo"
Gominola Froiz ositos brillo 150 g,,,"0,75 €",,"5,00 €/Kilogramo"
Gominola Froiz Party Mix 150 g,,,"0,85 €",,"5,67 €/Kilogramo"
Gominola Froiz Red Mix Sensation regaliz 150 g,,,"0,85 €",,"5,67 €/Kilogramo"
Gominola Froiz rellenitos fresa 90 g,,,"0,59 €",,"6,56 €/Kilogramo"
Gominola Froiz torcida fresa 170 g,,,"0,79 €",,"4,65 €/Kilogramo"
Gominola Gummy Jellies bolsa 100 g,,,"1,05 €",,"10,50 €/Kilogramo"
Piñata bolsa pequeña Miguelañez 60 g,,,"1,19 €",,"1,19 €/Unidad"
Harina de Maíz Santiveri Bio 500 g,,,"1,99 €",,"3,98 €/Kilogramo"
Harina Maizena express espesante 250 g,,,"2,59 €",,"10,36 €/Kilogramo"
Harina Maizena fina de maíz 700 g,,,"3,49 €",,"4,99 €/Kilogramo"
Harina Maseca de maíz blanco de USA 1.8 kg,,,"9,50 €",,"5,28 €/Kilogramo"
Harina P.A.N. de maíz precocida 1 kg,,,"1,88 €",,"1,88 €/Kilogramo"
Harina Alteza trigo 500 g,,,"0,40 €",,"0,80 €/Kilogramo"
Harina El Molino de Cerecinos integral 500 g,,,"0,55 €",,"1,10 €/Kilogramo"
Harina Froiz de trigo 1 kg,,,"0,75 €",,"0,75 €/Kilogramo"
Harina Gallo Bio 800 g,,,"1,99 €",,"2,49 €/Kilogramo"
Harina Gallo trigo 1 kg,,,"1,44 €",,"1,44 €/Kilogramo"
Harina Froiz de Trigo Repostería 1kg,,,"1,05 €",,"1,05 €/Kilogramo"
Harina Gallo con levadura 1 kg,,,"1,39 €",,"1,39 €/Kilogramo"
Harina Gallo trigo repostería 1 kg,,,"1,69 €",,"1,69 €/Kilogramo"
Harina Harimsa bizcochona 500 g,,,"1,16 €",,"2,32 €/Kilogramo"
Preparado Gallo de trigo fritos y rebozados 1 kg,,,"1,55 €",,"1,55 €/Kilogramo"
Harina El Molino de Cerecinos centeno integral ecológica 500 g,,,"1,00 €",,"2,00 €/Kilogramo"
Harina Fuerza Tradicional Zamorana 1 kg,,,"1,09 €",,"1,09 €/Kilogramo"
Harina Harimsa de garbanzo 400 g,,,"1,35 €","1,55 €","3,38 €/Kilogramo"
Harina Harimsa Espelta Integral 500 g,,,"1,75 €",,"3,50 €/Kilogramo"
Harina Harimsa fuerza 1 kg,,,"1,78 €",,"1,78 €/Kilogramo"
Harina Harimsa integral avena 400 g,,,"1,82 €",,"4,55 €/Kilogramo"
Harina Harimsa pizza 500 g,,,"1,16 €",,"2,32 €/Kilogramo"
Harina Harimsa tempura rebozar 500 g,,,"1,71 €",,"3,42 €/Kilogramo"
Harina Nomen de Arroz 500 g,,,"0,99 €",,"1,98 €/Kilogramo"
Harina Schär Mix pan sin gluten 1 kg,,,"3,99 €",,"3,99 €/Kilogramo"
Harina trigo sarraceno Harimsa ecológica 400 g,,,"3,39 €",,"8,48 €/Kilogramo"
Tapioca Royal 175 g,,,"1,68 €",,"9,60 €/Kilogramo"
Levadura Alteza en polvo 6x15 g,,,"0,55 €",,"6,11 €/Kilogramo"
Levadura Levanova sin gluten 2x25g,,,"0,37 €",,"7,40 €/Kilogramo"
Levadura Maizena panadería 5 sobres,,,"1,89 €",,"70,00 €/Kilogramo"
Levadura Maizena Potax 4 sobres 38 g,,,"1,35 €",,"35,53 €/Kilogramo"
Levadura Vahiné panadería 4 sobres,,,"1,40 €",,"0,35 €/Unidad"
Preparado para hornear Royal 5 sobres 16 g,,,"1,85 €",,"0,37 €/Unidad"
Clara de huevo pasteurizada Dovo 320 ml,,,"1,60 €",,"5,00 €/Litro"
Huevo líquido Dovo entero pasteurizado brik 500 ml,,,"1,99 €",,"3,98 €/Kilogramo"
Huevo Coren Campero categoría A clase M 12 u,,,"3,49 €",,"3,49 €/Docena"
Huevo Ecológico Coren M/L 6u,,,"2,29 €",,"4,58 €/Docena"
Huevos Coren Campero cat.A clase M 6 u,,,"1,89 €",,"3,78 €/Docena"
Huevos Froiz Camperos Categoria A Clase M/L 6 u,,,"1,55 €",,"3,10 €/Docena"
Huevos Froiz ecológicos categoría A talla M/L 6 u,,,"2,29 €",,"0,38 €/Unidad"
Huevos Froiz gallinas criadas en el suelo categoria A clase M/L 6 u,,,"1,20 €",,"2,40 €/Docena"
Huevos Froiz gallinas criadas en el suelo categoría A talla L docena,,,"2,15 €",,"2,15 €/Docena"
Huevos Froiz gallinas criadas en el suelo categoría A talla M docena,,,"1,95 €",,"1,95 €/Docena"
Huevos Froiz gallinas criadas en el suelo categoría A talla XL docena,,,"2,85 €",,"2,85 €/Docena"
Alubia Froiz blanca extra 1 kg,,,"1,70 €",,"1,70 €/Kilogramo"
Alubia Froiz blanca extra 500 g,,,"1,09 €",,"2,18 €/Kilogramo"
Alubia Froiz fabada extra 500 g,,,"4,25 €",,"8,50 €/Kilogramo"
Alubia Froiz granja extra 450 g,,,"2,29 €",,"5,09 €/Kilogramo"
Alubia Froiz negra extra 500 g,,,"1,15 €",,"2,30 €/Kilogramo"
Alubia Froiz pinta extra 500 g,,,"1,19 €",,"2,38 €/Kilogramo"
Alubia Luengo Blanca Extra 1 kg,,,"2,49 €","2,95 €","2,49 €/Kilogramo"
Alubia Froiz cocida blanca extra 400 g,,,"0,70 €",,"1,75 €/Kilogramo"
Alubia Froiz cocida con verduras extra 400 g,,,"0,95 €",,"2,38 €/Kilogramo"
Alubia Froiz cocida Granja extra 380 g,,,"1,45 €",,"3,82 €/Kilogramo"
Alubias Luengo cocidas frasco 400 g,,,"1,10 €",,"2,75 €/Kilogramo"
Alubias Luengo cocidas Granja frasco 400 g,,,"1,40 €",,"3,50 €/Kilogramo"
Alubias Luengo cocidas rojas frasco 400 g,,,"1,40 €",,"3,50 €/Kilogramo"
Garbanzo Luengo ecológico 500 g,,,"2,85 €",,"5,70 €/Kilogramo"
Garbanzo Pedrosillano El Maragato extra 1 kg,,,"1,99 €",,"1,99 €/Kilogramo"
Garbanzos Froiz extra 500 g,,,"1,35 €",,"2,70 €/Kilogramo"
Garbanzos Froiz extra especial callos 1 kg,,,"2,55 €",,"2,55 €/Kilogramo"
Garbanzos Froiz lechoso extra 1 kg,,,"1,99 €",,"1,99 €/Kilogramo"
Garbanzos Luengo extra 1 kg,,,"3,49 €",,"3,49 €/Kilogramo"
Combinado Legumbres Luengo Garbanzos con verduras 400 g,,,"1,40 €",,"3,50 €/Kilogramo"
Garbanzo Luengo ecológico extra frasco 400 g,,,"2,20 €",,"5,50 €/Kilogramo"
Garbanzos Froiz cocidos extra 400 g,,,"0,75 €",,"1,88 €/Kilogramo"
Garbanzos Luengo cocidos 400 g,,,"1,10 €",,"2,75 €/Kilogramo"
Garbanzos Luengo cocidos frasco 200g,,,"0,75 €",,"3,75 €/Kilogramo"
Lenteja Luengo Castellana extra 1 kg,,,"2,99 €",,"2,99 €/Kilogramo"
Lenteja Luengo ecológica 500 g,,,"2,95 €",,"5,90 €/Kilogramo"
Lenteja Luengo Pardina extra 1 kg,,,"3,43 €",,"3,43 €/Kilogramo"
Lentejas Froiz castellana extra 1 kg,,,"1,39 €","1,60 €","1,39 €/Kilogramo"
Lentejas Froiz castellana extra 500 g,,,"1,10 €",,"2,20 €/Kilogramo"
Lentejas Froiz pardina extra 1kg,,,"1,60 €",,"1,60 €/Kilogramo"
Lentejas Froiz pardina extra 500 g,,,"1,00 €",,"2,00 €/Kilogramo"
Lentejas Froiz cocidas extra 400 g,,,"0,77 €",,"1,93 €/Kilogramo"
Soja Froiz extra 500 g,,,"1,35 €",,"2,70 €/Kilogramo"
Soja texturizada La Cochura 200 g,,,"1,48 €",,"7,40 €/Kilogramo"
Pasta Froiz cinta nido huevo 500 g,,,"1,20 €",,"2,40 €/Kilogramo"
Pasta Gallo al huevo fettuccine 450 g,,,"1,95 €",,"4,33 €/Kilogramo"
Pasta Gallo al huevo spaghettini 450 g,,,"1,75 €",,"3,89 €/Kilogramo"
Pasta Gallo al huevo tagliata 450 g,,,"1,75 €",,"3,89 €/Kilogramo"
Pasta El Pavo canelones 12 placas 80g,,,"1,00 €",,"12,50 €/Kilogramo"
Pasta El Pavo lasaña instantanea 18 láminas 200 g,,,"1,50 €",,"7,50 €/Kilogramo"
Pasta Gallo canelones 20 placas 160 g,,,"0,84 €",,"5,25 €/Kilogramo"
Pasta Gallo lasaña huevo 290 g,,,"1,70 €",,"5,86 €/Kilogramo"
Pasta Barilla spaghetti 5 corto 500 g,,,"1,95 €",,"3,90 €/Kilogramo"
Pasta Barilla spaghettoni nº7 500 g,,,"1,95 €",,"3,90 €/Kilogramo"
Pasta Froiz spaghetti largo 500 g,,,"0,77 €",,"1,54 €/Kilogramo"
Pasta Gallo bio spaghetti 450 g,,,"1,96 €",,"4,36 €/Kilogramo"
Pasta Gallo spaghetti 3 450 g,,,"1,39 €",,"3,09 €/Kilogramo"
Pasta Gallo spaghetti 3 900 g,,,"2,56 €",,"2,84 €/Kilogramo"
Pasta Gallo tallarín 450 g,,,"1,39 €",,"3,09 €/Kilogramo"
Pasta Garofalo Spaghetti di seppia IGP 500 g,,,"3,69 €",,"7,38 €/Kilogramo"
Pasta Barilla fusilli 500 g,,,"1,95 €",,"3,90 €/Kilogramo"
Pasta Barilla penne rigate 500 g,,,"1,95 €",,"3,90 €/Kilogramo"
Pasta Barilla tortiglioni 83 500 g,,,"1,95 €",,"3,90 €/Kilogramo"
Pasta Froiz espirales 500 g,,,"0,77 €",,"1,54 €/Kilogramo"
Pasta Froiz macarrón pluma 500 g,,,"0,77 €",,"1,54 €/Kilogramo"
Pasta Froiz tiburón 500 g,,,"0,77 €",,"1,54 €/Kilogramo"
Pasta Gallo hélices 450 g,,,"1,39 €",,"3,09 €/Kilogramo"
Pasta Gallo macarrón rayado 450 g,,,"1,39 €",,"3,09 €/Kilogramo"
Pasta Gallo Nature hélices lentejas 250 g,,,"1,95 €",,"7,80 €/Kilogramo"
Pasta Gallo Nature Multivegetales espirales 400 g,,,"1,95 €",,"4,88 €/Kilogramo"
Pasta Gallo plumas 6 450 g,,,"1,39 €",,"3,09 €/Kilogramo"
Pasta Gallo plumas 6 900 g,,,"2,56 €",,"2,84 €/Kilogramo"
Pasta Gallo plumas rayadas 450 g,,,"1,39 €",,"3,09 €/Kilogramo"
Pasta Gallo tiburón 1 450 g,,,"1,39 €",,"3,09 €/Kilogramo"
Pasta Garofalo Mafalda corta IGP 500 g,,,"1,79 €",,"3,58 €/Kilogramo"
Pasta Garofalo Radiatori IGP 500 g,,,"1,79 €",,"3,58 €/Kilogramo"
Pasta Garofalo Rigatoni IGP 500 g,,,"1,79 €",,"3,58 €/Kilogramo"
Base pizza La Napolitana 320g,,,"2,85 €",,"8,91 €/Kilogramo"
Masa Buitoni Brisa redonda 230g,,,"2,10 €",,"9,13 €/Kilogramo"
Masa Buitoni pizza finíssima 260 g,,,"2,10 €",,"8,08 €/Kilogramo"
Masa Buitoni pizza tradizionale 260 g,,,"2,10 €",,"8,08 €/Kilogramo"
Masa de hojaldre Froiz rectangular refrigerada 230 g,,,"1,00 €","1,06 €","4,35 €/Kilogramo"
Masa de hojaldre Froiz redonda refrigerada 230 g,,,"1,00 €","1,09 €","4,35 €/Kilogramo"
Masa de pizza sin gluten envase 260 g,,,"2,59 €",,"9,96 €/Kilogramo"
Masa Empanada Froiz rectangular 280 g,,,"1,52 €",,"5,43 €/Kilogramo"
Masa empanadilla Buitoni 160g,,,"0,99 €",,"6,19 €/Kilogramo"
Masa empanadilla La Napolitana 360 g,,,"1,99 €",,"5,53 €/Kilogramo"
Masa empanadillas Buitoni 280 g,,,"1,62 €",,"5,79 €/Kilogramo"
Masa Filo Croustipate 250 g,,,"1,90 €",,"7,60 €/Kilogramo"
Masa hojaldre Buitoni integral redonda 230 g,,,"2,10 €",,"9,13 €/Kilogramo"
Masa hojaldre Buitoni rectangular 230g,,,"2,10 €",,"9,13 €/Kilogramo"
Masa hojaldre Froiz con mantequilla refrigerada 230 g,,,"1,24 €",,"5,39 €/Kilogramo"
Masa hojaldre sin gluten 280 g,,,"2,25 €",,"8,04 €/Kilogramo"
Masa para pizza Froiz Bio 260 g,,,"1,79 €",,"6,88 €/Kilogramo"
Masa Pizza Froiz Grande y Fina refrigerada 230 g,,,"1,39 €",,"6,04 €/Kilogramo"
Masa pizza Froiz refrigerada 260 g,,,"1,25 €",,"4,81 €/Kilogramo"
Gnocchi Rana de patatas 500 g,,,"2,42 €",,"4,84 €/Kilogramo"
Hojas Rana lasaña huevos frescos 250 g,,,"2,19 €",,"8,76 €/Kilogramo"
Pasta Gallo ensaladas integral hélices con tomate y espinacas 400 g,,,"1,78 €",,"4,45 €/Kilogramo"
Pasta Gallo fideo 1 integral 400 g,,,"1,88 €",,"4,70 €/Kilogramo"
Pasta Gallo plumas rayadas integral 450 g,,,"1,88 €",,"4,18 €/Kilogramo"
Pasta Gallo spaghetti integral rico en fibra 450 g,,,"1,88 €",,"4,18 €/Kilogramo"
Pasta Froiz fideo cabello 500 g,,,"0,78 €",,"1,56 €/Kilogramo"
Pasta Froiz fideo gordo 500 g,,,"0,78 €",,"1,56 €/Kilogramo"
Pasta Froiz pepitas 500 g,,,"0,78 €",,"1,56 €/Kilogramo"
Pasta Gallo estrellas 450 g,,,"1,39 €",,"3,09 €/Kilogramo"
Pasta Gallo fideo 0 450 g,,,"1,39 €",,"3,09 €/Kilogramo"
Pasta Gallo fideo 0 900 g,,,"2,56 €",,"2,84 €/Kilogramo"
Pasta Gallo fideo 1 450 g,,,"1,39 €",,"3,09 €/Kilogramo"
Pasta Gallo fideo 2 450 g,,,"1,39 €",,"3,09 €/Kilogramo"
Pasta Gallo fideo 4 450 g,,,"1,39 €",,"3,09 €/Kilogramo"
Pasta Gallo fideo 5 450 g,,,"1,39 €",,"3,09 €/Kilogramo"
Pasta Gallo fideo perla 450 g,,,"1,39 €",,"3,09 €/Kilogramo"
Pasta Gallo fideuá 450 g,,,"1,39 €",,"3,09 €/Kilogramo"
Pasta Gallo maravilla 450 g,,,"1,39 €",,"3,09 €/Kilogramo"
Pasta Gallo piñones 450 g,,,"1,39 €",,"3,09 €/Kilogramo"
Pasta fresca Rikisssimo media luna rellena con queso Ricotta y espinacas 250 g,,,"1,70 €",,"6,80 €/Kilogramo"
Pasta fresca Rikisssimo ravioli rellena 4 quesos 250 g,,,"1,70 €",,"6,80 €/Kilogramo"
Pasta fresca Rikisssimo rellena de tomate y Mozzarella 250 g,,,"1,65 €",,"6,60 €/Kilogramo"
Pasta Knorr Tortellini de queso 250 g,,,"2,55 €",,"10,20 €/Kilogramo"
Pasta Knorr Tortellini relleno de carne 250 g,,,"2,55 €",,"10,20 €/Kilogramo"
Pasta Rana clásica 4 quesos 250 g,,,"3,29 €",,"13,16 €/Kilogramo"
Pasta Rana clásica atún y tomate 250 g,,,"3,29 €",,"13,16 €/Kilogramo"
Pasta Rana clásica jamón y queso 250g,,,"3,29 €",,"13,16 €/Kilogramo"
Pasta Rana ricotta y espinacas 250 g,,,"3,45 €",,"13,80 €/Kilogramo"
Pasta Gallina Blanca Spag. 3 Quesos 175g,,,"1,99 €",,"11,37 €/Kilogramo"
Tallarines Gallina Blanca carbonara 144g,,,"1,99 €",,"13,82 €/Kilogramo"
Tallarines Gallina Blanca parmesana 145g,,,"1,99 €",,"13,72 €/Kilogramo"
Pasta Froiz vegetal espirales 500 g,,,"1,00 €",,"2,00 €/Kilogramo"
Pasta Froiz vegetal lacitos 500 g,,,"1,00 €",,"2,00 €/Kilogramo"
Pasta Gallo ensaladas hélices 450 g,,,"1,78 €",,"3,96 €/Kilogramo"
Pasta Gallo Ensaladas margaritas 450 g,,,"1,78 €",,"3,96 €/Kilogramo"
Pasta Gallo ensaladas pajaritas 450 g,,,"1,78 €",,"3,96 €/Kilogramo"
Pasta Gallo ensaladas plumas 450 g,,,"1,78 €",,"3,96 €/Kilogramo"
Pasta Gallo Cous Cous mediano 450 g,,,"1,99 €",,"4,42 €/Kilogramo"
Pasta Gallo Ñoquis patata 400 g,,,"1,49 €",,"3,73 €/Kilogramo"
Pasta Gallo sémola 250 g,,,"0,83 €",,"3,32 €/Kilogramo"
Pasta Gallo fideo sin gluten 450 g,,,"1,89 €",,"4,20 €/Kilogramo"
Pasta Gallo hélices ensaladas sin gluten 450 g,,,"1,89 €",,"4,20 €/Kilogramo"
Pasta Gallo para lasaña y canelones sin gluten 250 g,,,"2,45 €",,"9,80 €/Kilogramo"
Pasta Gallo plumas sin gluten 450 g,,,"1,95 €",,"4,33 €/Kilogramo"
Pasta Gallo spaghetti sin gluten 450 g,,,"1,95 €",,"4,33 €/Kilogramo"
Agua de azahar Vahiné frasco 200 ml,,,"2,05 €",,"10,25 €/Litro"
Aroma al gusto de anís Pozo 12 cl,,,"1,50 €",,"12,50 €/100 ml."
Aroma al gusto de limón Pozo 12 cl,,,"1,55 €",,"12,92 €/100 ml."
Aroma al gusto de vainilla Pozo 12 cl,,,"1,55 €",,"12,92 €/100 ml."
Aroma de anis Vahiné blister 20 ml,,,"1,75 €",,"8,75 €/100 ml."
Aroma de vainilla Vahiné frasco 200 ml,,,"3,20 €",,"16,00 €/Litro"
Colorante Vahiné alimentario 3x6 ml,,,"1,79 €",,"9,94 €/100 ml."
Vainilla Jauja rama vaina,,,"2,29 €",,"2,29 €/Unidad"
Chocolate Froiz cobertura postres 300 g,,,"1,49 €",,"4,97 €/Kilogramo"
Chocolate Nestlé blanco para postres 180g,,,"1,99 €",,"11,06 €/Kilogramo"
Chocolate Nestlé negro postres 200 g,,,"1,63 €",,"8,15 €/Kilogramo"
Chocolate Nestlé postres leche 170g,,,"1,83 €",,"10,76 €/Kilogramo"
Azúcar Froiz vainillado 65 g,,,"0,49 €",,"7,54 €/Kilogramo"
Bolas cereal sabor 3 chocolates Vahiné 90 g,,,"3,28 €",,"36,44 €/Kilogramo"
Cerezas Bebé rojas confitadas extra 100g,,,"1,45 €",,"14,50 €/Kilogramo"
Crocanti de almendra Vahiné bolsa 100 g,,,"3,59 €",,"35,90 €/Kilogramo"
Fideos Froiz de colores tarro 55 g,,,"0,69 €",,"12,55 €/Kilogramo"
Fideos Froiz sabor chocolate tarro 55 g,,,"0,69 €",,"12,55 €/Kilogramo"
Pepitas Maxi chocolate Vahiné bolsa 100 g,,,"2,55 €",,"25,50 €/Kilogramo"
Perlitas de chocolate negro Vahiné bolsa 100 g,,,"1,85 €",,"18,50 €/Kilogramo"
Vainilla Pozo sacarosa 41g,,,"0,99 €",,"24,15 €/Kilogramo"
Velas y números plástico Vahiné,,,"2,59 €",,"2,59 €/Unidad"
Velitas mágicas Vahiné 10,,,"1,49 €",,"0,15 €/Unidad"
Flan Alteza caramelo y azúcar 190 g,,,"0,99 €",,"5,21 €/Kilogramo"
Flan Royal 8 raciones 186 g,,,"1,40 €",,"7,53 €/Kilogramo"
Flanín Maizena El Niño 6x32 g 24 raciones,,,"1,25 €",,"6,51 €/Kilogramo"
Natillas Royal caseras 25 raciones 5x20g,,,"1,10 €",,"11,00 €/Kilogramo"
Gelatina Alteza limón 170 g,,,"1,10 €",,"6,47 €/Kilogramo"
Gelatina Oro 6 hojas transparente 10g,,,"0,65 €",,"65,00 €/Kilogramo"
Gelatina Royal fresa 114 g,,,"2,00 €",,"17,54 €/Kilogramo"
Gelatina Royal limón 114 g,,,"2,00 €",,"17,54 €/Kilogramo"
Gelatina Royal neutra en polvo 2x10g,,,"1,71 €",,"85,50 €/Kilogramo"
Gelatina Royal piña 114 g,,,"2,00 €",,"17,54 €/Kilogramo"
Gelificante natural Vahiné Agar-Agar 8g,,,"2,45 €",,"306,25 €/Kilogramo"
Chantilly Royal 72 g,,,"2,10 €",,"29,17 €/Kilogramo"
Cuajada Royal 4x12g,,,"1,13 €",,"23,54 €/Kilogramo"
Preparado Harimsa para Tortitas 500 g,,,"2,08 €",,"4,16 €/Kilogramo"
Bizcocho Royal 375 g,,,"2,39 €",,"6,37 €/Kilogramo"
Pastel Royal de queso 325 g,,,"3,47 €",,"10,68 €/Kilogramo"
Pastel Royal limón 103 g,,,"1,41 €",,"13,69 €/Kilogramo"
Pastel Royal Mousse Milka 215 g,,,"2,99 €",,"13,91 €/Kilogramo"
Tarta Royal Oreo 215 g,,,"3,47 €",,"16,14 €/Kilogramo"
Caramelo líquido Royal 400 g,,,"2,00 €",,"5,00 €/Kilogramo"
Sirope Froiz Chocolate 295 g,,,"1,49 €",,"5,05 €/Kilogramo"
Sirope Mary Lee de Arce 330 g,,,"6,99 €",,"21,18 €/Kilogramo"
Albóndigas Alteza con guisantes 415 g,,,"1,35 €",,"3,25 €/Kilogramo"
Albóndigas Carretilla salsa tomate 300 g,,,"3,15 €",,"10,50 €/Kilogramo"
Albóndigas Coren carne 420 g,,,"1,55 €",,"3,69 €/Kilogramo"
Albóndigas Coren carne pandereta 530 g,,,"2,15 €",,"4,06 €/Kilogramo"
Callos Coren con garbanzos lata 625 g,,,"3,25 €",,"5,20 €/Kilogramo"
Callos Coren sin garbanzos lata 625 g,,,"3,95 €",,"6,32 €/Kilogramo"
Ensalada Carretilla arroz con palitos de mar 240 g,,,"1,45 €","1,99 €","6,04 €/Kilogramo"
Ensalada Carretilla pasta/atún 225 g,,,"1,45 €","1,99 €","6,44 €/Kilogramo"
Ensalada Carretilla Quinoa 230 g,,,"1,45 €","1,99 €","6,30 €/Kilogramo"
Ensalada Carretilla Rusa 240 g,,,"1,99 €",,"8,29 €/Kilogramo"
Ensalada Isabel italiana 220 g,,,"1,99 €",,"9,05 €/Kilogramo"
Ensalada Isabel mediterránea 220 g,,,"1,99 €",,"9,05 €/Kilogramo"
Ensaladilla Ensalandia americana 250 g,,,"1,40 €",,"5,60 €/Kilogramo"
Ensaladilla Froiz cangrejo 450 g,,,"2,75 €","3,06 €","6,11 €/Kilogramo"
Ensaladilla Froiz rusa 250 g,,,"1,80 €",,"7,20 €/Kilogramo"
Patatas Ensalandia con ali-oli 250 g,,,"1,30 €",,"5,20 €/Kilogramo"
Caldo Gallego Albo 420 g,,,"1,59 €",,"3,79 €/Kilogramo"
Cocido Litoral Madrileño 425 g,,,"2,25 €",,"5,29 €/Kilogramo"
Fabada Asturiana Alteza lata 430 g,,,"1,23 €",,"2,86 €/Kilogramo"
Fabada Carretilla Asturiana 350 g,,,"2,29 €",,"6,54 €/Kilogramo"
Fabada Litoral 850 g,,,"3,79 €",,"4,46 €/Kilogramo"
Fabada Litoral asturiana fácil apertura 420 g,,,"2,15 €",,"5,12 €/Kilogramo"
Fabada Litoral Asturiana menos 30% de sal y grasa fácil apertura 420 g,,,"1,95 €",,"4,64 €/Kilogramo"
Garbanzos Litoral con espinacas 425 g,,,"1,85 €",,"4,35 €/Kilogramo"
Lentejas Alteza con chorizo 430 g,,,"1,00 €",,"2,33 €/Kilogramo"
Lentejas Litoral pardinas ecológicas con su sofrito 420 g,,,"2,65 €",,"6,31 €/Kilogramo"
Lentejas Litoral riojana fácil apertura 425 g,,,"1,72 €",,"4,05 €/Kilogramo"
Lentejas Litoral Riojana menos 30% de sal y grasa fácil apertura 425 g,,,"1,95 €",,"4,59 €/Kilogramo"
Salteado de alubias Mamía/Bajamar 400 g,,,"1,49 €",,"3,73 €/Kilogramo"
Torreznos de Soria Moreno Saez precocinado 230 g,,,"3,90 €",,"16,96 €/Kilogramo"
Pizza Campofrío barbacoa 410g,,,"2,85 €",,"6,95 €/Kilogramo"
Pizza Casa Tarradellas jamón y queso sin gluten y sin lactosa 420 g,,,"3,19 €",,"7,60 €/Kilogramo"
Pizza Froiz 4 quesos 400 g,,,"2,44 €",,"6,10 €/Kilogramo"
Pizza Froiz atún y bacon 400 g,,,"2,40 €",,"6,00 €/Kilogramo"
Pizza Froiz barbacoa 400 g,,,"2,15 €",,"5,38 €/Kilogramo"
Pizza Froiz jamón y queso 400 g,,,"2,22 €",,"5,55 €/Kilogramo"
"Pizza Froiz Selection con pollo, bacon y perlas de queso mozzarella 460 g",,,"2,85 €",,"6,20 €/Kilogramo"
Pizza Froiz Selection con queso rulo de cabra y bacon 460 g,,,"2,85 €",,"6,20 €/Kilogramo"
Pizza Tarradellas 4 quesos 390 g,,,"2,99 €",,"7,67 €/Kilogramo"
Pizza Tarradellas atún y bacon 405 g,,,"2,99 €",,"7,38 €/Kilogramo"
Pizza Tarradellas bianca 4 quesos con fermentación lenta 400 g,,,"4,19 €",,"10,48 €/Kilogramo"
Pizza Tarradellas carbonara 400 g,,,"2,99 €",,"7,48 €/Kilogramo"
Pizza Tarradellas de jamón y perlas de Mozzarella con fermentación lenta 400 g,,,"3,99 €",,"9,98 €/Kilogramo"
Pizza Tarradellas jam-serrano y queso 390 g,,,"2,99 €",,"7,67 €/Kilogramo"
Pizza Tarradellas jamón y queso 405 g,,,"2,99 €",,"7,38 €/Kilogramo"
Pizza Tarradellas jamón y queso Pack 2x220 g,,,"2,99 €",,"6,80 €/Kilogramo"
Pizza Tarradellas pollo 410 g,,,"2,99 €",,"7,29 €/Kilogramo"
Pizza Tarradellas romana 410 g,,,"2,99 €",,"7,29 €/Kilogramo"
Pizza Vegalia verduras asadas y queso curado 360 g,,,"2,95 €",,"8,19 €/Kilogramo"
Kit para cocina Rana Risotto de setas 360 g,,,"4,49 €",,"12,47 €/Kilogramo"
Paella Carretilla Marinera 250 g,,,"2,65 €",,"10,60 €/Kilogramo"
Paella mixta Royal Chef bandeja 350 g,,,"3,35 €",,"9,57 €/Kilogramo"
Codillo de jamón asado Tello 700 g,,,"6,45 €",,"9,21 €/Kilogramo"
Croquetas Costa Brava de gorgonzola y pasas fritas refrigeradas 6 u 162 g,,,"1,99 €",,"12,28 €/Kilogramo"
Croquetas Costa Brava de jamón ibérico fritas refrigeradas 6 u 162 g,,,"1,99 €",,"12,28 €/Kilogramo"
Pollo al ajillo con patatas asadas Carretilla 250 g,,,"3,49 €",,"13,96 €/Kilogramo"
Pollo asado al horno Noel envase 930 g,,,"5,15 €",,"5,54 €/Kilogramo"
Fideuá Carretilla 250g,,,"2,65 €",,"10,60 €/Kilogramo"
Kit para cocinar Rana Tagliatelle fresca a la carbonara 408 g,,,"4,49 €",,"11,00 €/Kilogramo"
Lasaña de carne La Cuina con salsa boloñesa gratinada 350 g,,,"2,60 €",,"7,43 €/Kilogramo"
Macarrones con salsa boloñesa La Cuina 280 g,,,"1,95 €",,"6,96 €/Kilogramo"
Tagliatelle con salsa carbonara La Cuina 280 g,,,"1,95 €",,"6,96 €/Kilogramo"
Bocaditos Sensational Mediterranean Garden Gourmet 160 g,,,"3,95 €",,"24,69 €/Kilogramo"
Burger deluxe Garden Gourmet vegetariana 4 u 180 g,,,"3,50 €",,"19,44 €/Kilogramo"
Burger The Vegetarian Butcher tipo pollo 2x80 g,,,"3,99 €",,"24,94 €/Kilogramo"
Burger vegetal Sensational Garden Gourmet a base de proteína de soja y trigo 226 g,,,"3,95 €",,"17,48 €/Kilogramo"
Croquetas Green&Veggie de boletus biológicas 8 u 250 g,,,"3,25 €",,"13,00 €/Kilogramo"
Embutido vegano Calabizo calabaza 100% vegetal 120 g,,,"7,69 €",,"64,08 €/Kilogramo"
Empanado Garden Gourmet vegetal con proteína de soja y trigo 180 g,,,"3,50 €",,"19,44 €/Kilogramo"
Guisantes con jamón Carretilla 300 g,,,"2,59 €",,"8,63 €/Kilogramo"
Hamburguesa vegetal Green&Veggie al curry biológica 2x100 g,,,"2,55 €",,"12,75 €/Kilogramo"
Hamburguesa vegetal Green&Veggie de brócoli biológico 2x100 g,,,"2,39 €",,"11,95 €/Kilogramo"
Hamburguesa vegetal Green&Veggie hortelana biológica 2x100 g,,,"2,45 €",,"12,25 €/Kilogramo"
Hamburguesa vegetal Green&Veggie original biológica 2x100 g,,,"2,99 €",,"14,95 €/Kilogramo"
Preparado vegetal Vuna Garden Gourmet a base de proteína de guisante sabor atún 175 g,,,"5,50 €",,"31,43 €/Kilogramo"
Quinoa Brillante vasito blanca y roja 2x125 g,,,"1,56 €",,"6,24 €/Kilogramo"
Quinoa Brillante vasito integral 2x125 g,,,"1,56 €",,"6,24 €/Kilogramo"
Rebeldes de corral The Vegetarian Butcher trozos veganos a base de soja 160 g,,,"3,99 €",,"24,94 €/Kilogramo"
Seitán Green&Veggie laminado biológico 300 g,,,"2,99 €",,"9,97 €/Kilogramo"
Tofu Green&Veggie ahumado biológico 200 g,,,"1,39 €",,"6,95 €/Kilogramo"
Tofu Green&Veggie natural biológico 200 g,,,"1,45 €",,"7,25 €/Kilogramo"
Vegalia Viena Vegetariana 200 g,,,"2,35 €",,"11,75 €/Kilogramo"
Bollo de pan relleno Bokatta sabores del mundo (cantonés y yankee) 4x80 g,,,"2,95 €",,"9,22 €/Kilogramo"
Cheese Burger Palacios 2x125 g,,,"2,65 €",,"10,60 €/Kilogramo"
Flautas Froiz jamón y bacon con Mozzarella y un toque de orégano 275 g,,,"1,79 €",,"6,51 €/Kilogramo"
Flautas Froiz pollo y queso (Cheddar y Gouda) 275 g,,,"1,79 €",,"6,51 €/Kilogramo"
Hamburguesa de vacuno Cheese Burger Brooklyn Town con queso 100% carne clásica 220 g,,,"3,10 €",,"14,09 €/Kilogramo"
"Rosca rústica Trigal de jamón serrano, bacon y queso 420 g",,,"3,10 €",,"7,38 €/Kilogramo"
Sándwich Casa Tarradellas mixto jamón y queso 240 g,,,"1,75 €",,"7,29 €/Kilogramo"
Sándwich Ensalandia pollo 130 g,,,"1,40 €",,"10,77 €/Kilogramo"
Sándwich Ensalandia vegetal 130 g,,,"1,40 €",,"10,77 €/Kilogramo"
Sándwich Froiz atún con tomate 130 g,,,"1,12 €",,"8,62 €/Kilogramo"
Sándwich Froiz cangrejo 130 g,,,"1,19 €",,"9,15 €/Kilogramo"
Sándwich Froiz mixto 130 g,,,"1,19 €",,"9,15 €/Kilogramo"
Hummus Ensalandia 240 g,,,"1,99 €",,"8,29 €/Kilogramo"
Hummus realfooding Shukran 100% natural 240 g,,,"1,44 €","1,69 €","6,00 €/Kilogramo"
Mutabal realfooding Shukran 100% natural 200 g,,,"1,77 €","2,09 €","8,85 €/Kilogramo"
Pincho tortilla patata Palacios receta casera con cebolla 170 g,,,"1,85 €",,"10,88 €/Kilogramo"
Tortilla de patatas Palacios casera con cebolla y huevos camperos 650 g,,,"4,85 €",,"7,46 €/Kilogramo"
Tortilla patata Froiz con cebolla 600 g,,,"2,25 €","2,40 €","3,75 €/Kilogramo"
Sal de mar Maldon 125 g,,,"2,90 €",,"23,20 €/Kilogramo"
Sal marina Froiz fina paquete 1 kg,,,"0,25 €",,"0,25 €/Kilogramo"
Sal marina Froiz fina yodada paquete 1 kg,,,"0,25 €",,"0,25 €/Kilogramo"
Sal marina Froiz gruesa paquete 1 kg,,,"0,25 €",,"0,25 €/Kilogramo"
Sal marina Froiz gruesa yodada paquete 1 kg,,,"0,25 €",,"0,25 €/Kilogramo"
"Sal marina horneado Chalupa 2,5 kg",,,"0,89 €",,"0,36 €/Kilogramo"
Sal marina La Ballena fina caja 1 kg,,,"0,74 €",,"0,74 €/Kilogramo"
Sal marina La Ballena fina yodada caja 1 kg,,,"0,74 €",,"0,74 €/Kilogramo"
Sal marina La Ballena gruesa caja 1 kg,,,"0,74 €",,"0,74 €/Kilogramo"
Sal marina La Ballena gruesa yodada caja 1 kg,,,"0,74 €",,"0,74 €/Kilogramo"
Sal marina Sal Costa -30% sodio 900 g,,,"2,95 €",,"3,28 €/Kilogramo"
Sal Rosa del Himalaya Toque molinillo 105 g,,,"1,59 €",,"15,14 €/Kilogramo"
Sal Rosa Himalaya Toque fina bolsa 250 g,,,"1,79 €",,"7,16 €/Kilogramo"
Sal Santiveri marina gruesa 1 kg,,,"1,25 €",,"1,25 €/Kilogramo"
Sal Santiveri yodada fina 1 kg,,,"1,25 €",,"1,25 €/Kilogramo"
Salero Froiz sal marina de mesa 250 g,,,"0,40 €",,"1,60 €/Kilogramo"
Ketchup Froiz 560 g,,,"1,03 €",,"1,84 €/Kilogramo"
Ketchup Froiz light 540 g,,,"1,21 €",,"2,24 €/Kilogramo"
Ketchup Heinz 460 g,,,"2,99 €",,"6,50 €/Kilogramo"
Ketchup Heinz 50% menos azúcar 500 ml,,,"3,59 €",,"7,18 €/Litro"
Ketchup Heinz 700 g,,,"3,49 €",,"4,99 €/Kilogramo"
Ketchup Orlando Barrilito 300 g,,,"0,99 €",,"3,30 €/Kilogramo"
Ketchup Prima bolsa 15 u 10 g,,,"1,79 €",,"11,93 €/Kilogramo"
Ketchup Prima Original 325 g,,,"1,69 €",,"5,20 €/Kilogramo"
Salsa Prima Cero 570 g,,,"2,79 €",,"4,89 €/Kilogramo"
Mayonesa Alteza dosificador 300 ml,,,"1,15 €",,"3,83 €/Litro"
Mayonesa Alteza frasco 450 ml,,,"1,39 €",,"3,09 €/Litro"
Mayonesa Calvé Bocabajo 430 ml,,,"1,89 €",,"4,40 €/Litro"
Mayonesa Hellmann's 450 ml,,,"2,79 €",,"6,20 €/Litro"
Mayonesa Hellmann's bocabajo 430 ml,,,"2,95 €",,"6,86 €/Litro"
Mayonesa Hellmann's Vegana 280 ml,,,"2,99 €","3,49 €","10,68 €/Litro"
Mayonesa Prima bolsa 15 u 10 g,,,"1,89 €",,"12,60 €/Kilogramo"
Mayonesa Prima Original 400 ml,,,"2,75 €",,"6,88 €/Litro"
Mayonesa Ybarra 400 ml,,,"2,10 €",,"5,25 €/Litro"
Mayonesa Ybarra aceite oliva 225 ml,,,"1,88 €",,"8,36 €/Kilogramo"
Mayonesa Ybarra ecológica 300 ml,,,"2,49 €","3,19 €","8,30 €/Litro"
Mayonesa Ybarra Ligera sin azúcares 225 ml,,,"1,45 €",,"6,44 €/Litro"
Salsa fina Calvé casera 210 ml,,,"1,50 €",,"7,14 €/Litro"
Salsa fina Kraft tradicional 490 ml,,,"1,94 €",,"3,96 €/Litro"
Salsa fina Ligeresa 210 ml,,,"1,12 €",,"5,33 €/Litro"
Salsa fina Ligeresa 425 ml,,,"1,88 €",,"4,42 €/Litro"
Salsa fina Ligeresa bocabajo 430 ml,,,"1,99 €",,"4,63 €/Litro"
Salsa Fina Ligeresa Nature 430 ml,,,"2,25 €",,"5,23 €/Litro"
Mostaza Louit diafana 115 g,,,"1,25 €",,"10,87 €/Kilogramo"
Mostaza Maille a la antigua 210 g,,,"2,99 €",,"14,24 €/Kilogramo"
Mostaza Maille Dijón 215 g,,,"2,99 €",,"13,91 €/Kilogramo"
Mostaza Orlando Barrilito 290 g,,,"0,99 €",,"3,41 €/Kilogramo"
Mostaza Prima bolsitas 15x4 g,,,"1,89 €",,"31,50 €/Kilogramo"
Mostaza Prima Original 330 g,,,"1,79 €",,"5,42 €/Kilogramo"
Carne Pimiento Choricero Emperatriz 180 g,,,"1,59 €",,"8,83 €/Kilogramo"
Chimichurri Lorri bolsita 50g,,,"1,35 €",,"27,00 €/Kilogramo"
Salsa Alioli Suave Prima 300 ml,,,"2,29 €",,"7,63 €/Litro"
Salsa barbacoa Alteza 340 g,,,"0,97 €",,"2,85 €/Kilogramo"
Salsa Barilla Pesti alla Genovese 190 g,,,"2,89 €",,"15,21 €/Kilogramo"
Salsa bechamel Knorr 500 ml,,,"2,69 €",,"5,38 €/Litro"
Salsa brava Orlando barrilito 290 g,,,"0,99 €",,"3,41 €/Kilogramo"
Salsa Calvé Rosa 225 ml,,,"1,69 €",,"7,51 €/Litro"
Salsa Calvé Tártara 225 ml,,,"1,69 €",,"7,51 €/Litro"
Salsa carbonara Knorr 300 ml,,,"2,19 €",,"7,30 €/Litro"
Salsa Cheddar Bacon Orlando bocabajo 235 ml,,,"1,99 €",,"8,47 €/Litro"
Salsa de Tabasco 60 ml,,,"3,09 €",,"51,50 €/Litro"
Salsa de tomate Helios estilo casero 570 g,,,"1,65 €",,"2,89 €/Kilogramo"
Salsa fresca Allioli Chovi estilo casero 180 g,,,"1,59 €",,"8,83 €/Kilogramo"
Salsa fresca Rikisssimo 4 quesos 180 g,,,"1,30 €",,"7,22 €/Kilogramo"
Salsa fresca Rikisssimo setas 200 g,,,"1,30 €",,"6,50 €/Kilogramo"
Salsa Froiz boloñesa frasco 260 g,,,"1,05 €",,"4,04 €/Kilogramo"
Salsa Froiz Napolitana frasco 260 g,,,"1,05 €",,"4,04 €/Kilogramo"
Salsa Gallo boloñesa 350 g,,,"2,10 €",,"6,00 €/Kilogramo"
Salsa Gallo boloñesa vegan 350 g,,,"2,75 €",,"7,86 €/Kilogramo"
Salsa Gallo napolitana 230 g,,,"1,55 €",,"6,74 €/Kilogramo"
Salsa Gallo siciliana 230 g,,,"1,55 €",,"6,74 €/Kilogramo"
Salsa Heinz Curry Mango 220ml,,,"1,99 €",,"9,05 €/Litro"
Salsa Hellmann's bocabajo burger 250 ml,,,"1,85 €",,"7,40 €/Litro"
Salsa Hellmann's especial para ensaladas César 210 ml,,,"1,79 €",,"8,52 €/Litro"
Salsa Lea & Perrins perrins 150 ml,,,"2,59 €",,"17,27 €/Litro"
Salsa Lorri chimichurri 200 ml,,,"2,15 €",,"10,75 €/Litro"
Salsa O'Preve adobo ajo y perejil 175 ml,,,"1,89 €",,"10,80 €/Litro"
Salsa O'Preve churrasco 175 ml,,,"1,89 €",,"10,80 €/Litro"
Salsa picante Lorri piri-piri 200 ml,,,"2,15 €",,"10,75 €/Litro"
Salsa Prima Barbacoa Cero 325 g,,,"1,95 €","2,15 €","6,00 €/Kilogramo"
Salsa Ybarra Cocktail bocabajo 300 ml,,,"2,05 €",,"6,83 €/Litro"
Salsa Ybarra Gaucha bocabajo 300 ml,,,"1,49 €","1,85 €","4,97 €/Litro"
Salsa Ybarra Texas Barbacoa bocabajo 250 ml,,,"1,49 €","1,89 €","5,96 €/Litro"
Salsa Gallina Blanca bechamel horno 39 g,,,"1,05 €",,"26,92 €/Kilogramo"
Salsa Gallina Blanca pimienta verde 50g,,,"1,41 €",,"28,20 €/Kilogramo"
Salsa Gallina Blanca roquefort 23g,,,"1,59 €",,"69,13 €/Kilogramo"
Salsa Maggi jugoso al horno ajillo al toque perejil 36g,,,"0,99 €",,"27,50 €/Kilogramo"
Salsa Maggi jugoso al horno costillas a la barbacoa 30g,,,"0,99 €",,"33,00 €/Kilogramo"
Salsa Maggi jugoso al horno selección de hierbas provenzales 34g,,,"0,99 €",,"29,12 €/Kilogramo"
Fritada Ibsa de tomate del Bierzo frasco 430 g,,,"1,76 €",,"4,09 €/Kilogramo"
Pisto Ibsa con tomate 350 g,,,"1,75 €",,"5,00 €/Kilogramo"
Salsa sofrito Solís estilo casero 340 g,,,"1,79 €",,"5,26 €/Kilogramo"
Sofrito Ibsa de tomate frasco 350 g,,,"1,74 €",,"4,97 €/Kilogramo"
Tomate Frito Orlando Creaciones + cebolla caramelizada 495 g,,,"2,39 €",,"4,83 €/Kilogramo"
Tomate frito Solís casero ecológico 350 g,,,"2,29 €",,"6,54 €/Kilogramo"
Tomate Frito Solís Receta Artesana 350 g,,,"1,85 €",,"5,29 €/Kilogramo"
Tomate Froiz frito 3x210 g,,,"0,90 €",,"1,43 €/Kilogramo"
Tomate Froiz frito aceite de oliva cristal 530 g,,,"1,09 €",,"2,06 €/Kilogramo"
Tomate Froiz frito aceite girasol cristal 530 g,,,"0,99 €",,"1,87 €/Kilogramo"
Tomate Froiz frito brik 390 g,,,"0,56 €",,"1,44 €/Kilogramo"
Tomate Helios Ecológico Frito 300 g,,,"1,25 €",,"4,17 €/Kilogramo"
Tomate Helios frito cristal 570 g,,,"1,27 €",,"2,23 €/Kilogramo"
"Tomate Orlando frito 0,0 sin sal ni azúcares añadidos brik 350 g",,,"1,19 €",,"3,40 €/Kilogramo"
Tomate Orlando frito brik 350 g,,,"0,85 €",,"2,43 €/Kilogramo"
Tomate Orlando frito brik 3x212 g,,,"1,65 €",,"2,59 €/Kilogramo"
Tomate Orlando frito brik 780 g,,,"1,25 €",,"1,60 €/Kilogramo"
Tomate Orlando frito cristal frasco 295g,,,"0,89 €",,"3,02 €/Kilogramo"
Tomate Orlando frito oliva brik 3x212 g,,,"2,25 €",,"3,54 €/Kilogramo"
Tomate Solís casero frito bote 3x100 g,,,"1,85 €",,"6,17 €/Kilogramo"
Tomate Solís casero frito frasco 550 g,,,"2,25 €",,"4,09 €/Kilogramo"
Tomate Solís frito aceite de oliva frasco 360 g,,,"1,35 €",,"3,75 €/Kilogramo"
Tomate Solís frito frasco 360 g,,,"1,10 €",,"3,06 €/Kilogramo"
Tomate Solís frito frasco 725 g,,,"1,95 €",,"2,69 €/Kilogramo"
Tomate Solís frito lata 140 g,,,"0,52 €",,"3,71 €/Kilogramo"
"Agua Bezoya 1,5 l",,,"0,66 €",,"0,44 €/Litro"
Agua Bezoya 500 ml,,,"0,50 €",,"1,00 €/Litro"
Agua Bezoya Bag in Box 8 l,,,"3,25 €",,"0,41 €/Litro"
Agua Cabreiroá 1.5 l,,,"0,72 €",,"0,48 €/Litro"
Agua Cabreiroá Sport 75 cl,,,"0,69 €",,"0,92 €/Litro"
Agua con gas Alteza mineral 1.5 l,,,"0,31 €",,"0,21 €/Litro"
Agua con gas Cabreiroá Magma original pet 1 l,,,"1,55 €",,"1,55 €/Litro"
Agua con gas Fonter pet 1 l,,,"0,89 €",,"0,89 €/Litro"
Agua con gas Mondariz botella 33 cl,,,"0,77 €",,"2,33 €/Litro"
Agua con gas Pedras Salgadas limón 4x25 cl,,,"2,75 €",,"2,75 €/Litro"
Agua con gas San Pellegrino 1 l,,,"1,15 €",,"1,15 €/Litro"
Agua con gas Vichy Catalán 1 l,,,"1,29 €",,"1,29 €/Litro"
"Agua Font Vella 1,5 l",,,"0,65 €",,"0,43 €/Litro"
Agua Font Vella 50 cl,,,"0,57 €",,"1,14 €/Litro"
Agua Font Vella con gas 50 cl,,,"0,69 €",,"1,38 €/Litro"
Agua Font Vella garrafa 6.25 l,,,"2,19 €",,"0,35 €/Litro"
"Agua Font Vella Levité limón Zero 1,25 l",,,"1,45 €",,"1,16 €/Litro"
Agua Font Vella Limonada 1.25 l,,,"1,45 €",,"1,16 €/Litro"
"Agua Font Vella naranja 1,25 l",,,"1,45 €",,"1,16 €/Litro"
Agua Font Vella pocket tap 33 cl,,,"0,37 €",,"1,12 €/Litro"
Agua Font Vella Sensación limón 1.25 l,,,"1,45 €",,"1,16 €/Litro"
Agua Fontecelta 5 l,,,"1,05 €",,"0,21 €/Litro"
"Agua Fontiña 1,5 l",,,"0,22 €",,"0,15 €/Litro"
Agua Fontiña 5 l,,,"0,55 €",,"0,11 €/Litro"
Agua Fontiña 50 cl,,,"0,16 €",,"0,32 €/Litro"
"Agua Froiz 1,5 l",,,"0,29 €",,"0,19 €/Litro"
Agua Froiz 33 cl,,,"0,17 €",,"0,52 €/Litro"
Agua Froiz 5 l,,,"0,80 €",,"0,16 €/Litro"
Agua Froiz 50 cl,,,"0,21 €",,"0,42 €/Litro"
"Agua Mondariz 1,5 l",,,"0,60 €",,"0,40 €/Litro"
Agua Mondariz botellín 50 cl,,,"0,43 €",,"0,86 €/Litro"
"Agua Sana 1,5 l",,,"0,43 €",,"0,29 €/Litro"
Agua Solán de Cabras 1.5 l,,,"0,72 €",,"0,48 €/Litro"
Agua Solan de Cabras 5 l,,,"1,99 €",,"0,40 €/Litro"
"Agua Sousas 1,5 l",,,"0,41 €",,"0,27 €/Litro"
"Aquarius limón 1,5 l",,,"1,55 €",,"1,03 €/Litro"
Aquarius limón lata 33 cl,,,"0,73 €",,"2,21 €/Litro"
Aquarius limón Zero lata 33 cl,,,"0,80 €",,"2,42 €/Litro"
"Aquarius naranja 1,5 l",,,"1,55 €",,"1,03 €/Litro"
Aquarius naranja lata 33 cl,,,"0,73 €",,"2,21 €/Litro"
"Aquarius Zero limón pet 1,5 l",,,"1,80 €",,"1,20 €/Litro"
"Aquarius Zero naranja pet 1,5 l",,,"1,55 €",,"1,03 €/Litro"
Bebida Isotónica Froiz naranja 1.5 l,,,"0,85 €",,"0,57 €/Litro"
Burn lata 50 cl,,,"1,00 €",,"2,00 €/Litro"
Energy Drink Powerking lata 250 ml,,,"0,39 €",,"1,56 €/Litro"
Isostar limón bote 400 g,,,"8,79 €",,"21,98 €/Kilogramo"
Isostar limón pet 500 ml,,,"1,19 €",,"2,38 €/Litro"
Isostar naranja pet 500 ml,,,"1,19 €",,"2,38 €/Litro"
Monster Energy Green 500 ml,,,"1,24 €","1,42 €","2,48 €/Litro"
Monster Energy Mule 500 ml,,,"1,42 €",,"2,84 €/Litro"
Monster Energy Ultra Paradise 500 ml,,,"1,24 €","1,42 €","2,48 €/Litro"
Monster Energy Ultra White 500 ml,,,"1,24 €","1,42 €","2,48 €/Litro"
Monster Mango Loco 500 ml,,,"1,24 €","1,42 €","2,48 €/Litro"
Monster Rehab Lemonade 500 ml,,,"1,24 €","1,42 €","2,48 €/Litro"
Powerade Ice Storm pet 50 cl,,,"1,25 €",,"2,50 €/Litro"
Red Bull Energy lata 355ml,,,"1,87 €",,"5,27 €/Litro"
Red Bull lata 250ml,,,"1,49 €",,"5,96 €/Litro"
Red Bull Sugar Free lata 250ml,,,"1,49 €",,"5,96 €/Litro"
"Gaseosa Froiz 1,5 l",,,"0,49 €",,"0,33 €/Litro"
Gaseosa Froiz 500 ml,,,"0,35 €",,"0,70 €/Litro"
"Gaseosa La Casera 1,5 l",,,"1,10 €",,"0,73 €/Litro"
Gaseosa La Casera 50 cl,,,"0,75 €",,"1,50 €/Litro"
Gaseosa Super Nova 1.5 l,,,"0,35 €",,"0,23 €/Litro"
Gaseosa Super Nova 500 ml,,,"0,25 €",,"0,50 €/Litro"
Refresco Revoltosa Sifón 1.5 l,,,"1,09 €",,"0,73 €/Litro"
Bebida concentrada Dama de Baza granada 1 l,,,"3,10 €",,"3,10 €/Litro"
Bebida concentrada Dama de Baza lima 1 l,,,"3,10 €",,"3,10 €/Litro"
Bitter Kas 6x20 cl,,,"4,89 €",,"4,08 €/Litro"
Coca-Cola 2 l,,,"1,89 €",,"0,95 €/Litro"
Coca-Cola 50 cl,,,"1,25 €",,"2,50 €/Litro"
Coca-Cola lata 33 cl,,,"0,80 €",,"2,42 €/Litro"
Coca-Cola lata light 33 cl,,,"0,80 €",,"2,42 €/Litro"
Coca-Cola lata light pack-12x33cl,,,"9,36 €",,"2,36 €/Litro"
Coca-Cola lata pack-12x33 cl,,,"9,36 €",,"2,36 €/Litro"
Coca-Cola lata sin cafeína 33 cl,,,"0,80 €",,"2,42 €/Litro"
Coca-Cola lata Zero 33 cl,,,"0,80 €",,"2,42 €/Litro"
Coca-Cola lata Zero pack-12x33 cl,,,"9,36 €",,"2,36 €/Litro"
Coca-Cola lata Zero sin cafeína 33 cl,,,"0,80 €",,"2,42 €/Litro"
Coca-Cola light 2 l,,,"1,89 €",,"0,95 €/Litro"
Coca-cola pack 4x20 cl,,,"3,52 €",,"4,40 €/Litro"
Coca-Cola pack-2 2 l,,,"3,34 €","3,62 €","0,84 €/Litro"
Coca-Cola sin cafeína 2 l,,,"1,89 €",,"0,95 €/Litro"
Coca-Cola Zero 2 l,,,"1,89 €",,"0,95 €/Litro"
Coca-Cola Zero 50 cl,,,"1,25 €",,"2,50 €/Litro"
Coca-Cola Zero pack-2 2 l,,,"3,34 €","3,62 €","0,84 €/Litro"
Coca-Cola Zero Zero cafeína 2 l,,,"1,89 €",,"0,95 €/Litro"
Coca-Cola Zero Zero pack-2 2 l,,,"3,34 €","3,62 €","0,84 €/Litro"
Cola Alteza Cero 2 l,,,"0,65 €",,"0,33 €/Litro"
Cola Alteza Cero lata 33 cl,,,"0,29 €",,"0,88 €/Litro"
Cola Alteza regular lata 33 cl,,,"0,34 €",,"1,03 €/Litro"
Fanta lata limón 33 cl,,,"0,52 €","0,60 €","1,58 €/Litro"
Fanta lata naranja 33 cl,,,"0,52 €","0,60 €","1,58 €/Litro"
Fanta limón 2 l,,,"1,57 €",,"0,79 €/Litro"
Fanta naranja 2 l,,,"1,57 €",,"0,79 €/Litro"
Fanta naranja 50 cl,,,"1,20 €",,"2,40 €/Litro"
Fanta naranja Go lata 6x33 cl,,,"3,39 €",,"1,71 €/Litro"
Fanta naranja pack-2 2 l,,,"2,34 €",,"0,59 €/Litro"
Fanta naranja Zero 2 l,,,"1,57 €",,"0,79 €/Litro"
Fanta naranja Zero lata 33 cl,,,"0,52 €","0,60 €","1,58 €/Litro"
Fanta sandía sin azúcar lata 33 cl,,,"0,60 €",,"1,82 €/Litro"
Kas limón 2 l,,,"1,58 €",,"0,79 €/Litro"
Kas limón lata 33 cl,,,"0,58 €",,"1,76 €/Litro"
Kas limón lata 9x33 cl,,,"4,50 €",,"1,52 €/Litro"
Kas limón pack-2 2l,,,"2,39 €","2,98 €","0,60 €/Litro"
Kas limón sin azúcares añadidos 2 l,,,"1,50 €",,"0,75 €/Litro"
Kas manzana lata 33 cl,,,"0,58 €",,"1,76 €/Litro"
Kas naranja 2 l,,,"1,58 €",,"0,79 €/Litro"
Kas naranja lata 33 cl,,,"0,58 €",,"1,76 €/Litro"
Kas naranja lata 9x33 cl,,,"4,50 €",,"1,52 €/Litro"
Kas naranja pack-2 2 l,,,"2,39 €","2,98 €","0,60 €/Litro"
Kas naranja sin azúcares añadidos 2 l,,,"1,50 €",,"0,75 €/Litro"
Kombucha cúrcuma y jenjibre Santiveri Bio 500 ml,,,"3,59 €",,"7,18 €/Litro"
Kombucha original Santiveri Bio 500 ml,,,"3,59 €",,"7,18 €/Litro"
Limonada Don Simón light 1.5 l,,,"0,98 €",,"0,65 €/Litro"
"Nestea limón 1,5 l",,,"1,75 €",,"1,17 €/Litro"
Nestea limón lata 33 cl,,,"0,79 €",,"2,39 €/Litro"
"Nestea limón sin azúcar 1,5 l",,,"1,75 €",,"1,17 €/Litro"
Nestea limón sin azúcar lata 33 cl,,,"0,79 €",,"2,39 €/Litro"
Pepsi lata 33 cl,,,"0,64 €",,"1,94 €/Litro"
Pepsi light 1.75 l,,,"1,46 €",,"0,83 €/Litro"
Pepsi light s/cafeína 1.75 l,,,"1,46 €",,"0,83 €/Litro"
Pepsi Max Zero sin azúcar 1.75 l,,,"1,46 €",,"0,83 €/Litro"
Pepsi Max Zero sin azúcar lata 33 cl,,,"0,64 €",,"1,94 €/Litro"
Pepsi pack 2 1.75 l,,,"2,84 €",,"0,81 €/Litro"
Refresco Alteza naranja zumo 8% lata 33 cl,,,"0,32 €",,"0,97 €/Litro"
Refresco Alteza sin gas naranja 1.5 l,,,"0,86 €",,"0,57 €/Litro"
Refresco Alteza sin gas tropical 1.5 l,,,"0,87 €",,"0,58 €/Litro"
Refresco Appletiser manzana 4x275 ml,,,"2,92 €",,"2,65 €/Litro"
"Refresco de té Alteza limón 1,5 l",,,"0,75 €",,"0,50 €/Litro"
Refresco de té Alteza limón sin azúcar 1.5 l,,,"0,79 €",,"0,53 €/Litro"
"Refresco Sunny Delight Florida 1,25 l",,,"1,89 €",,"1,51 €/Litro"
Refresco Sunny Delight Florida 310 ml,,,"0,85 €",,"2,74 €/Litro"
Schweppes lata limón spirit 33 cl,,,"0,85 €",,"2,58 €/Litro"
Seven Up 2 l,,,"1,30 €",,"0,65 €/Litro"
Seven Up lata 33 cl,,,"0,50 €",,"1,52 €/Litro"
Sprite lata 33 cl,,,"0,49 €",,"1,48 €/Litro"
Super Nova 2 l cola,,,"0,65 €",,"0,33 €/Litro"
Super Nova 2 l limón,,,"0,70 €",,"0,35 €/Litro"
Super Nova 2 l naranja,,,"0,70 €",,"0,35 €/Litro"
"Té Don Simón Melocotón 1,5 litros",,,"1,25 €",,"0,83 €/Litro"
Tónica Alteza lata 33 cl,,,"0,30 €",,"0,91 €/Litro"
Tónica Fever-Tree Indian pack 4x200 ml,,,"5,59 €",,"6,99 €/Litro"
Tónica Froiz 1.5 l,,,"0,70 €",,"0,47 €/Litro"
Tónica Nordic Mist lata 250 ml,,,"0,56 €",,"2,24 €/Litro"
Tónica Schweppes 1 l,,,"1,80 €",,"1,80 €/Litro"
Tónica Schweppes botella 200 ml,,,"1,00 €",,"5,00 €/Litro"
Tónica Schweppes lata 33 cl,,,"0,85 €",,"2,58 €/Litro"
Tónica Schweppes lata zero 33 cl,,,"0,85 €",,"2,58 €/Litro"
Tónica Schweppes Pink lata 250 ml,,,"0,75 €",,"3,00 €/Litro"
Tónica Schweppes Premium 20 cl,,,"1,65 €",,"8,25 €/Litro"
Trina lata manzana 33 cl,,,"0,50 €","0,65 €","1,52 €/Litro"
Trina lata naranja 33 cl,,,"0,50 €","0,65 €","1,52 €/Litro"
"Trina manzana 1,5 l",,,"1,65 €",,"1,10 €/Litro"
"Trina naranja 1,5 l",,,"1,65 €",,"1,10 €/Litro"
Bebida de zumo Juver 100% free frutas tropicales 1 l,,,"2,79 €",,"2,79 €/Litro"
Bebida de zumo Juver 100% free piña 1 l,,,"2,79 €",,"2,79 €/Litro"
"Bebida Don Simón sin azúcares añadidos mango y manzana 1,5 l",,,"1,49 €",,"0,99 €/Litro"
"Bebida Don Simón sin azúcares añadidos naranja 1,5 l",,,"1,49 €",,"0,99 €/Litro"
"Bebida Don Simón sin azúcares añadidos piña 1,5 l",,,"1,59 €",,"1,06 €/Litro"
"Bebida Froiz A.C.E. naranja, zanahoria, limón sin azúcares añadidos brik1 l",,,"0,85 €",,"0,85 €/Litro"
Bebida Froiz frutos rojos sin azúcares añadidos 1 l,,,"0,98 €",,"0,98 €/Litro"
Bebida Froiz melocotón sin azúcares añadidos brik 1 l,,,"0,75 €",,"0,75 €/Litro"
Bebida Froiz melocotón sin azúcares añadidos minibrik 6x200 ml,,,"1,35 €",,"1,13 €/Litro"
Bebida Froiz multifrutas sin azúcares añadidos brik 1 l,,,"0,72 €",,"0,72 €/Litro"
Bebida Froiz multifrutas sin azúcares añadidos minibrik 6x200 ml,,,"1,49 €",,"1,24 €/Litro"
Bebida Froiz naranja sin azúcares añadidos brik 1 l,,,"0,69 €",,"0,69 €/Litro"
Bebida Froiz naranja sin azúcares añadidos minibrik 6x200 ml,,,"1,29 €",,"1,08 €/Litro"
Bebida Froiz piña sin azúcares añadidos 1 l,,,"0,72 €",,"0,72 €/Litro"
Bebida Froiz piña sin azúcares añadidos minibrik 6x200 ml,,,"1,35 €",,"1,13 €/Litro"
Bebida Granini Antiox arándanos y uva sin azúcares añadidos 1 l,,,"2,39 €",,"2,39 €/Litro"
"Bebida Granini Inmune refrescante zanahoria, naranja sin azúcares añadidos 1 l",,,"2,39 €",,"2,39 €/Litro"
Bebida Juver Disfruta 10 frutas + 10 vitaminas sin azúcares añadidos 2 l,,,"3,29 €",,"1,65 €/Litro"
Bebida Juver Disfruta arándanos sin azúcares añadidos 1 l,,,"1,99 €",,"1,99 €/Litro"
Bebida Juver Disfruta naranja sin azùcares añadidos 2 l,,,"3,69 €",,"1,85 €/Litro"
Bebida Juver Disfruta piña sin azúcares añadidos 2 l,,,"3,69 €",,"1,85 €/Litro"
Bebida Refrescante Cocktel frutas Granini Inmune sin azúcares añadidos 1 l,,,"2,39 €",,"2,39 €/Litro"
Bebida Zumo Vivesoy naranja/soja brik 1l,,,"1,79 €",,"1,79 €/Litro"
Bebida Zumo Vivesoy piña/soja brik 1 l,,,"1,79 €",,"1,79 €/Litro"
Bifrutas Pascual Mediterráneo Original 3x330 ml,,,"2,39 €",,"2,41 €/Litro"
Bifrutas Pascual Pacífico Original 3x330 ml,,,"2,39 €",,"2,41 €/Litro"
Bifrutas Pascual tropical 1 l,,,"2,15 €",,"2,15 €/Litro"
Bifrutas Pascual tropical 3x330 ml,,,"2,39 €",,"2,41 €/Litro"
Bifrutas Pascual tropical 6x200 ml,,,"2,39 €",,"1,99 €/Litro"
Fruta y leche Alteza mediterráneo 6x200 ml,,,"1,00 €",,"0,83 €/Litro"
Fruta y leche Alteza tropical 6x200 ml,,,"1,00 €",,"0,83 €/Litro"
Mosto Greip blanco 1 l,,,"1,85 €",,"1,85 €/Litro"
Mosto Greip blanco botellín 20 cl,,,"0,89 €",,"4,45 €/Litro"
Mosto Greip tinto 1 l,,,"1,85 €",,"1,85 €/Litro"
Néctar Don Simón multifrutas brik 1l,,,"1,25 €",,"1,25 €/Litro"
Néctar Froiz cristal melocotón 1 l,,,"1,19 €",,"1,19 €/Litro"
"Néctar Froiz cristal naranja, zanahoria y limón 1 l",,,"1,19 €",,"1,19 €/Litro"
Néctar Froiz cristal piña 1 l,,,"1,19 €",,"1,19 €/Litro"
Néctar Granini granada 1 l,,,"2,39 €",,"2,39 €/Litro"
Néctar Granini melocotón 1 l,,,"2,39 €",,"2,39 €/Litro"
Néctar Granini naranja 1 l,,,"2,39 €",,"2,39 €/Litro"
Néctar Granini piña 1 l,,,"2,39 €",,"2,39 €/Litro"
Néctar Granini pomelo rosa 1 l,,,"2,39 €",,"2,39 €/Litro"
Néctar Juver botellín melocotón 200 ml,,,"0,62 €",,"3,10 €/Litro"
Néctar Juver botellín naranja 200 ml,,,"0,62 €",,"3,10 €/Litro"
Néctar Juver botellín piña 200 ml,,,"0,62 €",,"3,10 €/Litro"
Smoothie antioxidante Be Plus Bio 150 g,,,"1,49 €",,"9,93 €/Kilogramo"
Smoothie detox Be Plus Bio 150 g,,,"1,49 €",,"9,93 €/Kilogramo"
Smoothie energizante Be Plus Bio 150 g,,,"1,49 €",,"9,93 €/Kilogramo"
Smoothie relajante Be Plus Bio 150 g,,,"1,49 €",,"9,93 €/Kilogramo"
Zumo Don Simón manzana 6x200ml,,,"1,79 €",,"1,49 €/Litro"
Zumo Don Simón manzana brik 1 l,,,"1,10 €",,"1,10 €/Litro"
Zumo Don Simón melocotón uva brik 1 l,,,"1,10 €",,"1,10 €/Litro"
Zumo Don Simón naranja 6x200ml,,,"1,79 €",,"1,49 €/Litro"
Zumo Don Simón naranja brik 1 l,,,"1,10 €",,"1,10 €/Litro"
Zumo Don Simón naranja exprimida con pulpa 1 l,,,"1,49 €","1,85 €","1,49 €/Litro"
Zumo Don Simón naranja exprimida sin pulpa 1 l,,,"1,49 €","1,85 €","1,49 €/Litro"
Zumo Don Simón piña/uva brik 1 l,,,"1,10 €",,"1,10 €/Litro"
Zumo Don Simón piña/uva/manzana 6x200ml,,,"1,79 €",,"1,49 €/Litro"
Zumo Froiz manzana brik 1 l,,,"0,65 €",,"0,65 €/Litro"
"Zumo Froiz melocotón, manzana y uva 6x200 ml",,,"1,30 €",,"1,08 €/Litro"
Zumo Froiz naranja 100% exprimido con pulpa 1 l,,,"1,05 €",,"1,05 €/Litro"
Zumo Froiz naranja 100% exprimido sin pulpa 1 l,,,"1,05 €",,"1,05 €/Litro"
Zumo Froiz naranja brik 1 l,,,"0,75 €",,"0,75 €/Litro"
Zumo Granini Tomate 1 l,,,"2,49 €",,"2,49 €/Litro"
Zumo refrigerado Don Simón naranja con pulpa 1 l,,,"2,20 €",,"2,20 €/Litro"
Zumo refrigerado Don Simón naranja sin pulpa 1 l,,,"2,05 €",,"2,05 €/Litro"
Cerveza 1906 Black Coupage botella 6x33 cl,,,"7,00 €",,"3,54 €/Litro"
Cerveza 1906 botella pack 12x33 cl,,,"13,20 €",,"3,33 €/Litro"
Cerveza 1906 Extra botella 6x33 cl,,,"6,78 €",,"3,42 €/Litro"
Cerveza 1906 Irish red ale pack 6x33 cl,,,"6,90 €",,"3,48 €/Litro"
Cerveza 1906 lata 33 cl,,,"0,98 €",,"2,97 €/Litro"
Cerveza 1906 Red Vintage Botella Pack 6x33cl,,,"7,00 €",,"3,54 €/Litro"
Cerveza 1906 Red Vintage lata 33 cl,,,"1,05 €",,"3,18 €/Litro"
Cerveza 1906 Reserva Especial botella 50 cl,,,"1,70 €",,"3,40 €/Litro"
Cerveza Alhambra reserva 1925 Pack 4x33 cl,,,"4,92 €",,"3,73 €/Litro"
Cerveza Amstel Oro tostada lata 33 cl,,,"0,69 €",,"2,09 €/Litro"
Cerveza Amstel Radler 0.0 % con zumo natural de limón lata 33 cl,,,"0,63 €",,"1,91 €/Litro"
Cerveza Amstel Radler lata 33 cl,,,"0,69 €",,"2,09 €/Litro"
Cerveza Artesanal Galician Brew estuche 3x33 cl,,,"4,95 €",,"5,00 €/Litro"
Cerveza Bock Damm negra lata 33 cl,,,"0,92 €",,"2,79 €/Litro"
Cerveza Brewdog Punk Ipa botella 33 cl,,,"2,25 €",,"6,82 €/Litro"
Cerveza Budweiser lata 33 cl,,,"0,76 €",,"2,30 €/Litro"
Cerveza Corona Extra botella 35.5cl,,,"1,30 €",,"3,66 €/Litro"
Cerveza Cruzcampo lata 33 cl,,,"0,60 €",,"1,82 €/Litro"
Cerveza Cruzcampo Shandy limón 6x25cl,,,"2,75 €",,"1,83 €/Litro"
Cerveza Cruzcampo Shandy limón lata 33 cl,,,"0,65 €",,"1,97 €/Litro"
Cerveza Desperados botella 33 cl,,,"1,19 €",,"3,61 €/Litro"
Cerveza El Águila sin filtrar botella 33 cl,,,"0,95 €",,"2,88 €/Litro"
"Cerveza Emdbräu 0,0 lata 33 cl",,,"0,30 €",,"0,91 €/Litro"
Cerveza Emdbräu cristal 1 l,,,"0,75 €",,"0,75 €/Litro"
Cerveza Emdbräu normal lata 33 cl,,,"0,26 €",,"0,79 €/Litro"
Cerveza Emdbräu Shandy sabor limón lata 33 cl,,,"0,35 €",,"1,06 €/Litro"
Cerveza Estrella Damm pack 6 x 25 cl,,,"2,79 €",,"1,86 €/Litro"
Cerveza Estrella del Camino botella 6x33 cl,,,"5,94 €",,"3,00 €/Litro"
"Cerveza Estrella Galicia 0,0 alc. botella Pack 6x25 cl",,,"3,24 €",,"2,16 €/Litro"
"Cerveza Estrella Galicia 0,0% lata 33cl",,,"0,55 €","0,67 €","1,67 €/Litro"
"Cerveza Estrella Galicia 0,0% negra botella 6x25 cl",,,"4,10 €",,"2,73 €/Litro"
Cerveza Estrella Galicia 0.0 alcohol tostada botella 6x25 cl,,,"4,10 €",,"2,73 €/Litro"
Cerveza Estrella Galicia bot. 6 x 25 cl,,,"3,60 €",,"2,40 €/Litro"
Cerveza Estrella Galicia Botella 12x25 cl,,,"6,84 €",,"2,28 €/Litro"
Cerveza Estrella Galicia especial mini lata pack 6x25 cl,,,"3,65 €",,"2,43 €/Litro"
Cerveza Estrella Galicia lata 33 cl,,,"0,78 €",,"2,36 €/Litro"
Cerveza Estrella Galicia lata Pack 16x33 cl,,,"12,25 €",,"2,32 €/Litro"
Cerveza Estrella Galicia mini botella 6x20 cl,,,"3,25 €",,"2,71 €/Litro"
Cerveza Estrella Galicia sin gluten 6x25 cl,,,"2,95 €","3,60 €","1,97 €/Litro"
Cerveza Franziskaner botella 50 cl,,,"1,29 €",,"2,58 €/Litro"
Cerveza Grimbergen Double Ambrée botella 33 cl,,,"1,69 €",,"5,12 €/Litro"
Cerveza Guinness Original botella 33cl,,,"1,39 €",,"4,21 €/Litro"
Cerveza Heineken 6x25 cl,,,"3,85 €",,"2,57 €/Litro"
Cerveza Heineken lata 33 cl,,,"0,68 €",,"2,06 €/Litro"
Cerveza La Estrella de Galicia Pilsen botella 6x33 cl,,,"5,50 €",,"2,78 €/Litro"
Cerveza Leffe Brune botella 33 cl,,,"1,65 €",,"5,00 €/Litro"
"Cerveza Mahou 0,0 tostada botella 33 cl",,,"0,96 €",,"2,91 €/Litro"
"Cerveza Mahou 0,0 tostada lata 33 cl",,,"0,70 €",,"2,12 €/Litro"
Cerveza Mahou 5 Estrellas botella Pack 6x25 cl,,,"3,72 €",,"2,48 €/Litro"
Cerveza Mahou 5 Estrellas lata 33 cl,,,"0,74 €",,"2,24 €/Litro"
Cerveza Mahou 5 Estrellas lata 50 cl,,,"0,99 €",,"1,98 €/Litro"
Cerveza Mahou 5 Estrellas pack 12x25 cl,,,"7,25 €",,"2,42 €/Litro"
Cerveza Mahou 5 Estrellas Session Ipa lata 33 cl,,,"0,95 €",,"2,88 €/Litro"
Cerveza Mahou Barrica Original 33 cl,,,"1,64 €",,"4,97 €/Litro"
Cerveza Mahou clásica botella 1 l,,,"1,55 €",,"1,55 €/Litro"
Cerveza Mahou clásica botella Pack 6x25 cl,,,"2,95 €",,"1,97 €/Litro"
Cerveza Mahou clásica lata 12x33 cl,,,"6,95 €",,"1,76 €/Litro"
Cerveza Mahou clásica lata verde 33 cl,,,"0,50 €","0,60 €","1,52 €/Litro"
Cerveza Mahou Lata 5 estrellas 12x33cl,,,"7,44 €",,"1,88 €/Litro"
Cerveza Mahou Maestra botella 33cl,,,"1,19 €",,"3,61 €/Litro"
Cerveza Mahou Mixta lata 33cl,,,"0,50 €","0,69 €","1,52 €/Litro"
Cerveza Mahou sin lata 33 cl,,,"0,62 €",,"1,88 €/Litro"
Cerveza Paulaner botella 50 cl,,,"1,46 €",,"2,92 €/Litro"
"Cerveza San Miguel 0,0 alc. Pack 6x25 cl",,,"1,99 €","2,84 €","1,33 €/Litro"
"Cerveza San Miguel 0,0% lata 33 cl",,,"0,63 €",,"1,91 €/Litro"
Cerveza San Miguel especial lata 33 cl,,,"0,60 €",,"1,82 €/Litro"
Cerveza San Miguel Pack 6x25 cl,,,"2,45 €","2,95 €","1,63 €/Litro"
Cerveza San Miguel Selecta botella 33 cl,,,"1,00 €",,"3,03 €/Litro"
Cerveza Skol 1 l,,,"1,12 €",,"1,12 €/Litro"
Cerveza Skol lata 33 cl,,,"0,45 €",,"1,36 €/Litro"
Cerveza Super Bock Green botella pack 6x33 cl,,,"4,89 €",,"2,47 €/Litro"
Cerveza Super Bock negra s/alc. 6x33cl,,,"4,29 €",,"2,17 €/Litro"
Cerveza Super Bock Rubia original botella pack 6x33 cl,,,"4,34 €",,"2,19 €/Litro"
Cerveza Victoria lata 33 cl,,,"0,59 €",,"1,79 €/Litro"
Cerveza Voll-Damm botella 33 cl,,,"1,15 €",,"3,48 €/Litro"
Cerveza Voll-Damm lata 33cl,,,"0,94 €",,"2,85 €/Litro"
Cerveza Voll-Damm pack 6x25 cl,,,"4,92 €",,"3,28 €/Litro"
Bebida espumosa sin alcohol Champin 75 cl,,,"3,10 €",,"4,13 €/Litro"
Cava Anna Codorniu 75 cl,,,"8,69 €",,"11,59 €/Litro"
Cava Anna Codorniu Rose Brut 75 cl,,,"9,35 €",,"12,47 €/Litro"
Cava Castellblanc rosado dulce 75 cl,,,"3,95 €",,"5,27 €/Litro"
Cava Codorniu extra brut 75 cl,,,"6,95 €",,"9,27 €/Litro"
Cava Codorniu G. Cremant benjamín 3x20cl,,,"5,40 €",,"9,00 €/Litro"
Cava Codorniu Gran Cremant semiseco 75 cl,,,"5,45 €",,"7,27 €/Litro"
Cava Codorniu reserva ecológico semi-seco 75 cl,,,"6,95 €",,"9,27 €/Litro"
Cava Delapierre etiqueta negra semi seco 75 cl,,,"3,95 €",,"5,27 €/Litro"
Cava Freixenet brut barroco 75 cl,,,"10,99 €",,"14,65 €/Litro"
Cava Freixenet Carta Nevada 75 cl,,,"5,40 €",,"7,20 €/Litro"
Cava Freixenet Cordón Negro brut 3x20 cl,,,"6,99 €",,"11,65 €/Litro"
Cava Freixenet Cordon Negro reserva brut 75 cl,,,"6,95 €",,"9,27 €/Litro"
Cava Freixenet Cordon Negro reserva SS 75 cl,,,"6,95 €",,"9,27 €/Litro"
Cava Freixenet Mini Nevada 3x200 ml,,,"5,40 €",,"9,00 €/Litro"
Cava J.Serra brut nature 75 cl,,,"3,25 €",,"4,33 €/Litro"
Cava Juvé y Camps ecológico reserva familia 75 cl,,,"18,95 €",,"25,27 €/Litro"
Cava Rondel Oro semi seco 75 cl,,,"3,95 €",,"5,27 €/Litro"
Vino Espumoso Alma Atlántica Albariño & Godello 75 cl,,,"8,90 €",,"11,87 €/Litro"
Vino Espumoso Alma Atlántica Mencía rosé 75 cl,,,"8,90 €",,"11,87 €/Litro"
Vino Espumoso de Moscatel Reymos 75 cl,,,"4,20 €",,"5,60 €/Litro"
Vino espumoso Mariña de Pescadores 75 cl,,,"5,50 €",,"7,33 €/Litro"
Vino espumoso Señorío Rubiós blanco brut 75 cl,,,"13,25 €",,"17,67 €/Litro"
Bebida refrescante Maeloc manzana sin alcohol 75 cl,,,"2,32 €",,"3,09 €/Litro"
Cider Ladrón de Manzanas Manzana 25 cl,,,"1,05 €",,"4,20 €/Litro"
Cider Ladrón de Manzanas manzana verde 25 cl,,,"1,05 €",,"4,20 €/Litro"
Sidra asturiana Mayador extra 75 cl,,,"1,35 €",,"1,80 €/Litro"
Sidra asturiana Mayador Rosée 75 cl,,,"1,85 €",,"1,85 €/Kilogramo"
Sidra El Gaitero extra 75 cl,,,"3,05 €",,"4,07 €/Litro"
Sidra El Gaitero normal 70 cl,,,"2,35 €",,"3,36 €/Litro"
Sidra M. Busto natural 70 cl,,,"1,75 €",,"2,50 €/Litro"
Sidra Maeloc dulce ecológica 4x20 cl,,,"3,09 €",,"3,86 €/Litro"
Sidra Maeloc ecológica achampanada extra 75 cl,,,"2,66 €",,"3,55 €/Litro"
Sidra Mayador tapón rosca 1 l,,,"1,55 €",,"1,55 €/Litro"
Sidra Norniella tradición centenaria 75 cl,,,"2,25 €",,"3,00 €/Litro"
Sidra Ziber Pack 6x25 cl,,,"3,30 €",,"2,20 €/Litro"
Aguardiente A. Cova hierbas cristal 70cl,,,"9,75 €",,"13,93 €/Litro"
Aguardiente de orujo Paspallás indicación geográfica 70 cl,,,"7,25 €",,"10,36 €/Litro"
Aguardiente Ruavieja hierbas 70 cl,,,"9,10 €",,"13,00 €/Litro"
Aguardiente Viña Blanca blanca 50 cl,,,"7,95 €",,"15,90 €/Litro"
Aguardiente Viña Blanca tostada 50 cl,,,"7,95 €",,"15,90 €/Litro"
Crema café Jamaicano Paspallás 70 cl,,,"7,00 €",,"10,00 €/Litro"
Licor aguardiente tostada Paspallás 70 cl,,,"6,25 €",,"8,93 €/Litro"
Licor Café Abadía da Cova 70 cl,,,"9,95 €",,"14,21 €/Litro"
Licor café descafeinado Paspallás 70 cl,,,"6,50 €",,"9,29 €/Litro"
Licor Café Panizo 70 cl,,,"6,49 €",,"9,27 €/Litro"
Licor café Paspallas Indicación Geográfica 70 cl,,,"6,50 €",,"9,29 €/Litro"
Licor Café Viña Blanca 50 cl,,,"7,95 €",,"15,90 €/Litro"
Licor de hierbas Paspallás indicación geográfica 70 cl,,,"5,99 €",,"8,56 €/Litro"
Licor H.Paniagua/Paisano café 1 l,,,"7,85 €",,"7,85 €/Litro"
Licor hierbas Panizo 70 cl,,,"6,50 €",,"9,29 €/Litro"
Anís del Mono dulce 70 cl,,,"7,50 €",,"10,71 €/Litro"
Anís La Asturiana 1 l,,,"10,80 €",,"10,80 €/Litro"
Anís La Asturiana 50 cl,,,"5,85 €",,"11,70 €/Litro"
Bebida espirituosa Felipe II 1 l,,,"7,99 €",,"7,99 €/Litro"
Bebida Espirituosa Soberano 1 l,,,"8,19 €",,"8,19 €/Litro"
Bebida Espirituosa Terry Centenario 1 l,,,"8,65 €",,"8,65 €/Litro"
Bebida Espirituosa Vencedor 1 l,,,"5,99 €",,"5,99 €/Litro"
Bebida Espirituosa Veterano 1 l,,,"8,69 €",,"8,69 €/Litro"
Brandy 1866 Gran Reserva 70 cl,,,"45,95 €",,"65,64 €/Litro"
Brandy Cardenal Mendoza G.Reserva 70 cl,,,"24,85 €",,"35,50 €/Litro"
Brandy Carlos I Gran Reserva 70 cl,,,"24,95 €",,"35,64 €/Litro"
Brandy Froiz 1 l,,,"8,59 €",,"8,59 €/Litro"
Brandy Gran Duque Alba Gran Reserva 70cl,,,"22,95 €",,"32,79 €/Litro"
Brandy Lepanto Gran Reserva 70 cl,,,"17,99 €",,"25,70 €/Litro"
Brandy Magno Reserva 70 cl,,,"10,75 €",,"15,36 €/Litro"
Brandy Terry 1900 Reserva 70 cl,,,"9,69 €",,"13,84 €/Litro"
Brandy Torres Gran Reserva 10 años 70 cl,,,"11,95 €",,"17,07 €/Litro"
Brandy Torres Reserva 5 años 70 cl,,,"9,75 €",,"13,93 €/Litro"
Crema de whisky Baileys 70 cl,,,"13,49 €",,"19,27 €/Litro"
Crema de whisky Carolans 70 cl,,,"10,99 €",,"15,70 €/Litro"
Crema de whisky Gressy 70 cl,,,"8,95 €",,"12,79 €/Litro"
Crema licor Abadia da Cova A Cepa 70cl,,,"9,95 €",,"14,21 €/Litro"
Licor crema chocolate con cerezas Paspallás 70 cl,,,"5,75 €","6,25 €","8,21 €/Litro"
Licor Crema de Gin Fresa Paspallás 70 cl,,,"6,50 €",,"9,29 €/Litro"
Licor Crema de Limón Paspallás 70 cl,,,"6,50 €",,"9,29 €/Litro"
Licor crema Panizo 70 cl,,,"7,50 €",,"10,71 €/Litro"
Licor crema Paspallás 70 cl,,,"6,25 €",,"8,93 €/Litro"
Ginebra Beefeater 24 años 70 cl,,,"22,99 €",,"32,84 €/Litro"
Ginebra Beefeater 70 cl,,,"13,00 €",,"18,57 €/Litro"
Ginebra Beefeater Light 20º 70 cl,,,"13,00 €",,"18,57 €/Litro"
Ginebra Bombay Citron Presse 70 cl,,,"19,85 €",,"28,36 €/Litro"
Ginebra Bombay Sapphire 70 cl,,,"17,95 €",,"25,64 €/Litro"
Ginebra Brockmans 70 cl,,,"32,95 €",,"47,07 €/Litro"
Ginebra Bulldog 70 cl,,,"23,99 €",,"34,27 €/Litro"
Ginebra Citadelle 70 cl,,,"25,19 €",,"35,99 €/Litro"
Ginebra G'Vine Floraison 70 cl,,,"33,95 €",,"48,50 €/Litro"
Ginebra Gordon's 70 cl,,,"8,99 €","9,99 €","12,84 €/Litro"
Ginebra Hendrick's 70 cl,,,"36,49 €",,"52,13 €/Litro"
Ginebra Larios 1 l,,,"10,00 €",,"10,00 €/Litro"
Ginebra Larios 12 70 cl,,,"13,80 €",,"19,71 €/Litro"
Ginebra Larios Rosé 70 cl,,,"13,80 €",,"19,71 €/Litro"
Ginebra Martín Miller 70 cl,,,"24,50 €",,"35,00 €/Litro"
Ginebra Platu 70 cl,,,"19,95 €",,"28,50 €/Litro"
Ginebra Premium Nordés 70 cl,,,"24,75 €",,"35,36 €/Litro"
Ginebra Puerto de Indias Strawberry 70 cl,,,"15,95 €",,"22,79 €/Litro"
Ginebra Seagram's 70 cl,,,"16,50 €",,"23,57 €/Litro"
"Ginebra Tanqueray 0,0 sin alcohol 70 cl",,,"13,85 €",,"19,79 €/Litro"
Ginebra Tanqueray 70 cl,,,"13,80 €",,"19,71 €/Litro"
Ginebra Tanqueray nº 10 70 cl,,,"31,50 €",,"45,00 €/Litro"
Ginebra White Lady 70 cl,,,"5,25 €",,"7,50 €/Litro"
Aperitivo Aperol 70 cl,,,"12,19 €",,"17,41 €/Litro"
Cachaça 51 Pirassununga 1 l,,,"12,69 €",,"12,69 €/Litro"
"Licor ""43"" 70 cl",,,"14,00 €",,"20,00 €/Litro"
Licor Amaretto Disaronno 70 cl,,,"15,70 €",,"22,43 €/Litro"
Licor de Melocotón Peñagolosa 70 cl,,,"2,99 €",,"4,27 €/Litro"
Licor Frangélico avellana 70 cl,,,"13,60 €",,"19,43 €/Litro"
Licor Hierbas Jagermeister 70cl,,,"12,50 €",,"17,86 €/Litro"
Licor Limoncello Villa Massa 70 cl,,,"12,95 €",,"18,50 €/Litro"
Licor Peñagolosa manzana verde 70 cl,,,"2,99 €",,"4,27 €/Litro"
Licor Frutaysol sin alcohol manzana verde 70cl,,,"2,20 €",,"3,14 €/Litro"
Licor Frutaysol sin alcohol melocotón 70 cl,,,"2,20 €",,"3,14 €/Litro"
Pacharán Paspallás 70 cl,,,"5,95 €",,"8,50 €/Litro"
Pacharán Zoco 1 l,,,"10,65 €",,"10,65 €/Litro"
Ponche Cuesta 70 cl,,,"10,35 €",,"14,79 €/Litro"
Ponche Osborne 1 l,,,"6,99 €",,"6,99 €/Litro"
Ron añejo Cacique 500 70 cl,,,"22,50 €",,"32,14 €/Litro"
Ron Atlántico Burla Negra 70 cl,,,"26,50 €",,"37,86 €/Litro"
Ron Bacardi Carta Blanca superior 70cl,,,"12,50 €",,"17,86 €/Litro"
Ron Bacardi limón 70 cl,,,"12,59 €",,"17,99 €/Litro"
Ron Barceló Añejo 70 cl,,,"14,30 €",,"20,43 €/Litro"
Ron Brugal Añejo 1l,,,"18,40 €",,"18,40 €/Litro"
Ron Brugal añejo 70 cl,,,"14,10 €",,"20,14 €/Litro"
Ron Cacique añejo 70 cl,,,"11,99 €",,"17,13 €/Litro"
Ron Malibú 70cl,,,"10,15 €",,"14,50 €/Litro"
Ron Matusalem black 7 años 70cl,,,"18,95 €",,"27,07 €/Litro"
Ron Negrita 70 cl,,,"8,40 €",,"12,00 €/Litro"
Ron Playa Bávaro añejo 70 cl,,,"6,55 €",,"9,36 €/Litro"
Ron Santa Teresa gran reserva 70 cl,,,"15,79 €",,"22,56 €/Litro"
Tequila Camino Real México 70 cl,,,"14,95 €",,"21,36 €/Litro"
Tequila reposado José Cuervo 70 cl,,,"15,95 €",,"22,79 €/Litro"
Aperitivo Ricard 70 cl,,,"10,95 €",,"15,64 €/Litro"
Campari 70 cl,,,"14,49 €",,"20,70 €/Litro"
Vermouth Cinzano bianco 1 l,,,"7,29 €",,"7,29 €/Litro"
Vermouth Cinzano rosso 1 l,,,"7,29 €",,"7,29 €/Litro"
Vermouth Enseña blanco 1 l,,,"2,25 €",,"2,25 €/Litro"
Vermouth Enseña rojo 1 l,,,"2,25 €",,"2,25 €/Litro"
Vermouth Enseña rojo selección 1 l,,,"2,99 €",,"2,99 €/Litro"
Vermouth Gallego St. Petroni blanco 1 l,,,"13,90 €",,"13,90 €/Litro"
Vermouth Gallego St. Petroni rojo 1 l,,,"13,90 €",,"13,90 €/Litro"
Vermouth Guerra rojo reserva 1 l,,,"7,95 €",,"7,95 €/Litro"
Vermouth Martini bianco 1 l,,,"8,35 €",,"8,35 €/Litro"
Vermouth Martini rosso 1 l,,,"8,35 €",,"8,35 €/Litro"
Vermouth rojo Marinero Garvey 75 cl,,,"9,99 €",,"13,32 €/Litro"
Vermouth Yzaguirre rojo clásico 1 l,,,"7,70 €",,"7,70 €/Litro"
Vermouth Zarro rojo 1 l,,,"4,45 €",,"4,45 €/Litro"
Vodka Absolut azul 70 cl,,,"13,85 €",,"19,79 €/Litro"
Vodka Eristoff 70 cl,,,"9,95 €",,"14,21 €/Litro"
Vodka Smirnoff 70cl,,,"9,79 €",,"13,99 €/Litro"
Vodka Veruska 70 cl,,,"4,99 €",,"7,13 €/Litro"
Whisky 100 Pipers 1 l,,,"14,95 €",,"14,95 €/Litro"
Whisky 100 Pipers 8 años 70 cl,,,"14,95 €",,"21,36 €/Litro"
Whisky 100 Pipers escocés 70 cl,,,"11,15 €",,"15,93 €/Litro"
Whisky Ballantine's 10 años 70 cl,,,"18,95 €",,"27,07 €/Litro"
Whisky Ballantine's 1l,,,"15,95 €",,"15,95 €/Litro"
Whisky Ballantine's 20º Light 70 cl,,,"12,00 €",,"17,14 €/Litro"
Whisky Ballantine's 70 cl,,,"12,00 €",,"17,14 €/Litro"
Whisky Cardhu 12 años 70 cl,,,"26,99 €",,"38,56 €/Litro"
Whisky Chivas 18 años 70 cl,,,"58,09 €",,"82,99 €/Litro"
Whisky Chivas Regal 12 años 70 cl,,,"24,95 €",,"35,64 €/Litro"
Whisky Dyc 5 años 70 cl,,,"9,09 €",,"12,99 €/Litro"
Whisky Dyc 8 años 70 cl,,,"11,55 €",,"16,50 €/Litro"
Whisky escocés Dewar's 12 años 70 cl,,,"21,95 €",,"31,36 €/Litro"
Whisky escocés Dewar's White Label 70 cl,,,"12,99 €",,"18,56 €/Litro"
Whisky escocés Gold & Black 70 cl,,,"5,99 €",,"8,56 €/Litro"
Whisky escocés William Lawson's 70cl,,,"9,99 €",,"14,27 €/Litro"
Whisky Four Roses 70 cl,,,"15,90 €",,"22,71 €/Litro"
Whisky J&B 5 años 70 cl,,,"10,99 €",,"15,70 €/Litro"
Whisky J&B reserva 15 años 70 cl,,,"27,99 €",,"39,99 €/Litro"
Whisky Jack Daniel's old time 70 cl,,,"21,49 €",,"30,70 €/Litro"
Whisky Jameson 70 cl,,,"16,99 €",,"24,27 €/Litro"
Whisky Jim Beam 70cl,,,"12,85 €",,"18,36 €/Litro"
Whisky Johnnie Walker Black Label 70 cl,,,"22,50 €",,"32,14 €/Litro"
Whisky Johnnie Walker Red Label 70 cl,,,"12,99 €",,"18,56 €/Litro"
Whisky Macallan 12 doble barrica 70 cl,,,"59,98 €",,"85,69 €/Litro"
Whisky Passport 70 cl,,,"10,15 €",,"14,50 €/Litro"
Whisky The Glenrothes 12 años 70 cl,,,"36,95 €",,"52,79 €/Litro"
Vino Aguja Peñascal rosado 75 cl,,,"3,25 €",,"4,33 €/Litro"
Vino Castilla Berberana Carta de Plata tinto 75 cl,,,"3,49 €",,"4,65 €/Litro"
"Vino Inicio ""Castilla León"" blanco 75 cl",,,"2,15 €",,"2,87 €/Litro"
"Vino Inicio ""Castilla León"" rosado 75 cl",,,"2,15 €",,"2,87 €/Litro"
"Vino Inicio ""Castilla León"" tinto 75 cl",,,"1,99 €",,"2,65 €/Litro"
Vino Mencía Bierzo tinto Bag in Box 15 l,,,"23,95 €",,"1,60 €/Litro"
Vino Mencia Lagar de Robla 75 cl,,,"2,99 €",,"3,99 €/Litro"
Vino Yllera Castilla León 12 meses de barrica 75 cl,,,"6,39 €",,"8,52 €/Litro"
Vino Bierzo Hacienda Sael Mencía 75 cl,,,"5,25 €",,"7,00 €/Litro"
Vino D.O. Bierzo Solar de Sael crianza 75 cl,,,"5,95 €",,"7,93 €/Litro"
Vino Mencía Flavium selección 75 cl,,,"3,45 €",,"4,60 €/Litro"
Vino Penedés Sangre de Toro tinto 75 cl,,,"4,90 €",,"6,53 €/Litro"
Vino Cigales Viña Calderona 75cl,,,"3,69 €",,"4,92 €/Litro"
Vino Jumilla San Simón blanco 75 cl,,,"1,85 €",,"2,47 €/Litro"
Vino Jumilla San Simón tinto 75 cl,,,"1,85 €",,"2,47 €/Litro"
Vino de la Mancha Don Luciano Tempranillo 75 cl,,,"1,85 €",,"2,47 €/Litro"
Vino de La Mancha Estola Crianza 75 cl,,,"2,85 €","3,10 €","3,80 €/Litro"
Vino Málaga Virgen 75 cl,,,"6,95 €",,"9,27 €/Litro"
Vino Moscatel Iberia 75 cl,,,"4,95 €",,"6,60 €/Litro"
Vino D.O. Monterrei Crego e Monaguillo Mencía 75 cl,,,"8,50 €",,"11,33 €/Litro"
Vino Godello Pazo de Monterrey 75cl,,,"5,95 €","6,50 €","7,93 €/Litro"
Vino Mencía D.O. Monterrey Sila barrica 75 cl,,,"4,95 €","5,75 €","6,60 €/Litro"
Vino Monterrei Mandamientos Mencia 75 cl,,,"4,29 €",,"5,72 €/Litro"
Vino Albariño Condes de Albarei 75 cl,,,"9,25 €",,"12,33 €/Litro"
Vino Albariño D.O. Rías Baixas Valtea blanco 75 cl,,,"12,90 €",,"17,20 €/Litro"
Vino Albariño Mar de Frades 75 cl,,,"16,95 €",,"22,60 €/Litro"
Vino Albariño Martín Códax 75 cl,,,"12,50 €",,"16,67 €/Litro"
Vino Albariño Miudiño 75 cl,,,"5,95 €",,"7,93 €/Litro"
Vino Albariño Paco & Lola 75 cl,,,"11,90 €",,"15,87 €/Litro"
Vino Albariño Robalino 75 cl,,,"4,95 €",,"6,60 €/Litro"
Vino Albariño Señorío Sobral 75 cl,,,"8,25 €",,"11,00 €/Litro"
Vino D.O. Rías Baixas Cepas Galegas 75 cl,,,"4,25 €","4,45 €","5,67 €/Litro"
Vino D.O. Rías Baixas Señorío de Rubiós ecológico Albariño 75 cl,,,"14,50 €",,"19,33 €/Litro"
Vino O Rosal Santiago Ruiz blanco 75 cl,,,"12,95 €",,"17,27 €/Litro"
Vino O Rosal Terras Gauda 75 cl,,,"14,30 €",,"19,07 €/Litro"
Vino Señorio de Rubiós Condado blanco 75 cl,,,"5,85 €",,"7,80 €/Litro"
Vino Señorío de Rubiós Condado tinto 75 cl,,,"4,95 €",,"6,60 €/Litro"
Vino Mencía Ribeira de Pantón Ribeira Sacra 75 cl,,,"5,25 €",,"7,00 €/Litro"
Vino Mencía Ribeira Sacra Amandi Gullufre 75 cl,,,"4,35 €",,"5,80 €/Litro"
Vino Mencía Ribeira Sacra Rectoral Amandi 75 cl,,,"5,95 €",,"7,93 €/Litro"
Vino Mencía Vía Romana Ribeira Sacra 75 cl,,,"8,75 €",,"11,67 €/Litro"
Vino Ribeira Sacra Abadía da Cova 75cl,,,"8,95 €",,"11,93 €/Litro"
Vino Ribeira Sacra Abadía da Cova selección especial 75 cl,,,"12,95 €",,"17,27 €/Litro"
Vino Ribeira Sacra Cepas Galegas 75 cl,,,"3,95 €",,"5,27 €/Litro"
Vino Ribeira Sacra Regina Viarum 75 cl,,,"9,50 €",,"12,67 €/Litro"
Vino Ribeira Sacra Vía Appia 75cl,,,"5,25 €",,"7,00 €/Litro"
Vino Ribera Sacra Moure plurivarietal 75 cl,,,"8,90 €",,"11,87 €/Litro"
Vino Ribeiro Alter blanco 75 cl,,,"8,95 €",,"11,93 €/Litro"
Vino Ribeiro Anciño blanco 75 cl,,,"3,15 €",,"4,20 €/Litro"
Vino Ribeiro Anciño tinto 75 cl,,,"3,15 €",,"4,20 €/Litro"
Vino Ribeiro Casal de Armán 75 cl,,,"13,20 €",,"17,60 €/Litro"
Vino Ribeiro Cepas Galegas blanco 75 cl,,,"2,59 €",,"3,45 €/Litro"
Vino Ribeiro Cuqueira 75cl,,,"3,85 €","4,15 €","5,13 €/Litro"
Vino Ribeiro O Ventosela blanco 75 cl,,,"3,99 €","4,59 €","5,32 €/Litro"
Vino Ribeiro O Ventosela tinto 75 cl,,,"4,95 €",,"6,60 €/Litro"
Vino Ribeiro Pazo blanco 75 cl,,,"4,20 €",,"5,60 €/Litro"
Vino Ribeiro Viña Costeira blanco 75 cl,,,"6,95 €",,"9,27 €/Litro"
Vino Ribeiro Viña Reboreda 75 cl,,,"5,70 €",,"7,60 €/Litro"
Vino Ribera del Duero Altos de Tamarón cosecha 75 cl,,,"4,35 €",,"5,80 €/Litro"
Vino Ribera del Duero Cepa 21 tinto 75 cl,,,"18,90 €",,"25,20 €/Litro"
Vino Ribera del Duero Emilio Moro 75 cl,,,"19,50 €",,"26,00 €/Litro"
Vino Ribera del Duero Finca Real crianza 75 cl,,,"3,95 €",,"5,27 €/Litro"
Vino Ribera del Duero Finca Real joven tinto 75 cl,,,"2,45 €",,"3,27 €/Litro"
Vino Ribera del Duero Finca Real Roble tinto 75 cl,,,"2,95 €",,"3,93 €/Litro"
Vino Ribera del Duero Finca Resalso tinto 75 cl,,,"8,90 €",,"11,87 €/Litro"
Vino Ribera del Duero Fuentespina cosecha 75 cl,,,"3,49 €",,"4,65 €/Litro"
Vino Ribera del Duero Fuentespina crianza 75 cl,,,"4,99 €",,"6,65 €/Litro"
Vino Ribera del Duero Fuentespina reserva 75 cl,,,"7,99 €",,"10,65 €/Litro"
Vino Ribera del Duero Fuentespina roble 75 cl,,,"3,99 €",,"5,32 €/Litro"
Vino Ribera del Duero Legaris roble 75 cl,,,"8,45 €",,"11,27 €/Litro"
Vino Ribera del Duero Mayor de Castilla roble 75 cl,,,"5,39 €",,"7,19 €/Litro"
Vino Ribera del Duero Pago Carraovejas 75 cl,,,"35,95 €",,"47,93 €/Litro"
Vino Ribera del Duero Pinna Fidelis crianza 75 cl,,,"12,95 €",,"17,27 €/Litro"
Vino Ribera del Duero Pradorey 10 meses barrica 75 cl,,,"9,90 €",,"13,20 €/Litro"
Vino Ribera del Duero Pradorey Valdelayegua crianza 75 cl,,,"14,75 €",,"19,67 €/Litro"
Vino Ribera del Duero Protos crianza 75 cl,,,"17,50 €",,"23,33 €/Litro"
Vino Ribera del Duero Protos tinto roble 75 cl,,,"8,95 €",,"11,93 €/Litro"
Vino Ribera del Duero Tamarón crianza 75cl,,,"5,89 €","6,99 €","7,85 €/Litro"
Vino Ribera del Duero Tamarón reserva 75 cl,,,"10,85 €",,"14,47 €/Litro"
Vino Ribera del Duero Tamarón roble 75 cl,,,"5,85 €",,"7,80 €/Litro"
Vino Ribera del Duero Tarsus roble 75 cl,,,"7,60 €",,"10,13 €/Litro"
Vino Ribera del Duero Viña Mayor crianza 75 cl,,,"12,70 €",,"16,93 €/Litro"
Vino Ribera del Duero Viña Mayor reserva 75 cl,,,"15,95 €",,"21,27 €/Litro"
Vino Ribera del Duero Viña Mayor roble 75 cl,,,"6,95 €",,"9,27 €/Litro"
Vino Ribera Duero Protos Tempranillo ecológico 9 meses 75 cl,,,"10,95 €",,"14,60 €/Litro"
Vino Rioja Altos de Bergasa crianza 75 cl,,,"2,95 €",,"3,93 €/Litro"
Vino Rioja Altos de Bergasa joven 75 cl,,,"1,99 €",,"2,65 €/Litro"
Vino Rioja Altos de Bergasa reserva 75 cl,,,"3,55 €","3,85 €","4,73 €/Litro"
Vino Rioja Antaño crianza 75 cl,,,"3,95 €","4,95 €","5,27 €/Litro"
Vino Rioja Antaño tempranillo 75 cl,,,"2,95 €",,"3,93 €/Litro"
Vino Rioja Azpilicueta crianza 75 cl,,,"8,43 €",,"11,24 €/Litro"
Vino Rioja Baigorri crianza 75 cl,,,"10,95 €",,"14,60 €/Litro"
Vino Rioja Beronia tinto crianza 75cl,,,"7,25 €",,"9,67 €/Litro"
Vino Rioja Bordón crianza 75cl,,,"7,75 €",,"10,33 €/Litro"
Vino Rioja Campillo crianza 75 cl,,,"11,95 €",,"15,93 €/Litro"
Vino Rioja Campo Viejo blanco 75 cl,,,"3,85 €",,"5,13 €/Litro"
Vino Rioja Campo Viejo crianza 75 cl,,,"4,85 €",,"6,47 €/Litro"
Vino Rioja Campo Viejo rosado 75 cl,,,"3,85 €",,"5,13 €/Litro"
Vino Rioja Campo Viejo tinto 75 cl,,,"4,10 €",,"5,47 €/Litro"
Vino Rioja Campo Viejo tinto ecológico 75 cl,,,"5,30 €",,"7,07 €/Litro"
Vino Rioja Castillo de Albai tempranillo 75 cl,,,"3,85 €",,"5,13 €/Litro"
Vino Rioja Coto blanco 75 cl,,,"4,15 €",,"5,53 €/Litro"
Vino Rioja Coto Imaz reserva 75 cl,,,"8,50 €",,"11,33 €/Litro"
Vino Rioja Coto tinto crianza 75 cl,,,"6,15 €",,"8,20 €/Litro"
Vino Rioja Cune tinto crianza 75 cl,,,"6,95 €",,"9,27 €/Litro"
Vino Rioja Diamante blanco 75 cl,,,"3,99 €",,"5,32 €/Litro"
Vino Rioja Ederra crianza 75 cl,,,"6,99 €",,"9,32 €/Litro"
Vino Rioja Faustino V tinto reserva 75cl,,,"9,35 €",,"12,47 €/Litro"
"Vino Rioja Faustino VII 37,5 cl",,,"2,85 €",,"7,60 €/Litro"
Vino Rioja Faustino VII tinto 75 cl,,,"3,99 €",,"5,32 €/Litro"
Vino Rioja Froiz Señorio Mendizabal crianza 75 cl,,,"3,69 €",,"4,92 €/Litro"
Vino Rioja Glorioso crianza 75cl,,,"6,80 €",,"9,07 €/Litro"
Vino Rioja La Montesa Palacios Remondo 75 cl,,,"13,50 €",,"18,00 €/Litro"
Vino Rioja Lan crianza 75 cl,,,"7,50 €",,"10,00 €/Litro"
"Vino Rioja Marqués de Cáceres 37,5 cl",,,"4,49 €",,"11,97 €/Litro"
Vino Rioja Marqués de Cáceres crianza 75 cl,,,"7,60 €",,"10,13 €/Litro"
Vino Rioja Marqués de Cáceres rosado 75 cl,,,"4,95 €",,"6,60 €/Litro"
Vino Rioja Marqués de Cáceres Rva 75cl,,,"11,85 €",,"15,80 €/Litro"
Vino Rioja Marqués de Riscal reserva 75 cl,,,"15,60 €",,"20,80 €/Litro"
Vino Rioja Martínez Lacuesta crianza,,,"8,85 €",,"11,80 €/Litro"
Vino Rioja Mendizábal Froiz Tempranillo 75 cl,,,"2,49 €",,"3,32 €/Litro"
Vino Rioja Monólogo crianza 75 cl,,,"4,99 €","5,99 €","6,65 €/Litro"
Vino Rioja Monte Real gran reserva 75cl,,,"12,95 €",,"17,27 €/Litro"
Vino Rioja Monte Real reserva 75 cl,,,"9,75 €",,"13,00 €/Litro"
Vino Rioja Paternina Banda Azul 75 cl,,,"5,99 €",,"7,99 €/Litro"
Vino Rioja Ramón Bilbao crianza 75 cl,,,"9,75 €",,"13,00 €/Litro"
Vino Rioja Ramón Bilbao Ed.Limitada 75cl,,,"14,95 €",,"19,93 €/Litro"
Vino Rioja Ramón Bilbao reserva 75 cl,,,"14,95 €",,"19,93 €/Litro"
Vino Rioja Siglo saco tempranillo 75 cl,,,"5,45 €",,"7,27 €/Litro"
Vino Rioja Siglo Tempranillo Tinto 75 cl,,,"4,39 €",,"5,85 €/Litro"
Vino Rioja Viña Albina reserva 75 cl,,,"9,24 €",,"12,32 €/Litro"
Vino Rioja Viña Cumbrero crianza 75 cl,,,"5,65 €",,"7,53 €/Litro"
Vino Rioja Viña Pomal crianza 75cl,,,"8,45 €",,"11,27 €/Litro"
Vino Protos Verdejo 75 cl,,,"6,99 €",,"9,32 €/Litro"
Vino Rueda Blume verdejo blanco 75 cl,,,"5,39 €",,"7,19 €/Litro"
Vino Rueda Montespina Verdejo 75 cl,,,"3,25 €",,"4,33 €/Litro"
Vino Rueda Verdejo Cuatro Rayas 75 cl,,,"5,35 €",,"7,13 €/Litro"
Vino Rueda Verdejo Finca Real Viura 75 cl,,,"1,95 €",,"2,60 €/Litro"
Vino Rueda Verdejo Navas del Emperador 75 cl,,,"1,95 €","2,25 €","2,60 €/Litro"
Vino Somontano Enate crianza 75 cl,,,"7,55 €",,"10,07 €/Litro"
Vino Toro Bajoz tinto 75 cl,,,"3,49 €",,"4,65 €/Litro"
Vino Toro Bajoz tinto roble 75 cl,,,"4,59 €",,"6,12 €/Litro"
Vino Toro Cermeño tinto 75 cl,,,"3,58 €",,"4,77 €/Litro"
Vino Toro Colegiata blanco joven 75 cl,,,"4,45 €",,"5,93 €/Litro"
Vino Toro Colegiata tinto joven 75 cl,,,"5,25 €",,"7,00 €/Litro"
Vino Toro Gran Colegiata barrica 75 cl,,,"6,30 €",,"8,40 €/Litro"
Vino Toro Joven Muruve tinto 75 cl,,,"3,95 €",,"5,27 €/Litro"
Vino Toro Pata Negra roble 75 cl,,,"5,35 €",,"7,13 €/Litro"
Vino D.O. Utiel Requena Faustino Rivero reserva 75 cl,,,"2,95 €",,"3,93 €/Litro"
Vino Godello Joaquín Rebolledo 75 cl,,,"8,85 €",,"11,80 €/Litro"
Vino Mencía Joaquín Rebolledo 75cl,,,"7,50 €",,"10,00 €/Litro"
Vino Mencía Valdeorras Pingadelo 75 cl,,,"4,95 €",,"6,60 €/Litro"
Vino Valdeorras As Chas Godello 75 cl,,,"4,45 €",,"5,93 €/Litro"
Vino Valdeorras As Chas Mencía 75 cl,,,"4,45 €",,"5,93 €/Litro"
Vino Valdeorras Pazo tinto 75 cl,,,"3,95 €",,"5,27 €/Litro"
Vino Valdeorras Quinta da Peza Godello 75 cl,,,"7,25 €",,"9,67 €/Litro"
Vino Valdeorras Quinta da Peza Mencía 75 cl,,,"6,50 €",,"8,67 €/Litro"
Vino Valdeorras Rua blanco 75 cl,,,"2,25 €",,"3,00 €/Litro"
Vino Valdeorras Rua tinto 75 cl,,,"2,25 €",,"3,00 €/Litro"
Vino Valdeorras Verdes Castros Godello 75 cl,,,"5,95 €",,"7,93 €/Litro"
Vino Valdepeñas Calle Real crianza 75 cl,,,"1,98 €",,"2,64 €/Litro"
Vino Valdepeñas Calle Real Reserva 75cl,,,"2,65 €",,"3,53 €/Litro"
Vino Valdepeñas Los Molinos blanco 75 cl,,,"1,95 €",,"2,60 €/Litro"
Vino Valdepeñas Los Molinos Crianza 75cl,,,"2,95 €",,"3,93 €/Litro"
Vino Valdepeñas Los Molinos rosado 75 cl,,,"1,95 €",,"2,60 €/Litro"
Vino Valdepeñas Los Molinos tinto 75 cl,,,"1,95 €",,"2,60 €/Litro"
Vino Valdepeñas Pata Negra reserva 75 cl,,,"2,75 €",,"3,67 €/Litro"
Vino Valdepeñas Señorío de los Llanos crianza 75 cl,,,"2,25 €",,"3,00 €/Litro"
Vino Valdepeñas Señorío de los Llanos tempranillo 75cl,,,"1,95 €",,"2,60 €/Litro"
Vino Valdepeñas Soldepeñas blanco 1 l,,,"2,09 €",,"2,09 €/Litro"
Vino Valdepeñas Soldepeñas rosado 1 l,,,"2,09 €",,"2,09 €/Litro"
Vino Valdepeñas Soldepeñas tinto 1 l,,,"2,09 €",,"2,09 €/Litro"
Vino Valdepeñas Viña Albali reserva 75cl,,,"3,69 €",,"4,92 €/Litro"
Vino Oporto Borges Coroa Tawny 75 cl,,,"4,95 €","5,50 €","6,60 €/Litro"
Vino Oporto Ferreira Tawny 75 cl,,,"6,99 €",,"9,32 €/Litro"
Sangría Don Simón botella 1.5 l,,,"1,95 €",,"1,30 €/Litro"
Tinto de verano Enseña clásico 1.5 l,,,"1,15 €",,"0,77 €/Litro"
"Vino Don Simón tinto de verano clásico 0,0 sin alcohol 1,5 litros",,,"1,35 €",,"0,90 €/Litro"
"Vino Don Simón tinto de verano clásico 1,5 l",,,"1,70 €",,"1,13 €/Litro"
"Vino Don Simón tinto de verano limón 0,0 sin alcohol 1,5 litros",,,"1,45 €",,"0,97 €/Litro"
"Vino Don Simón tinto de verano limón 1,5 l",,,"1,70 €",,"1,13 €/Litro"
Vino Albat Elit Somontano tinto res.75cl,,,"6,95 €",,"9,27 €/Litro"
Vino Alma Atlántica rosado 75 cl,,,"7,50 €",,"10,00 €/Litro"
Vino Don Simón blanco brik 1 l,,,"1,60 €",,"1,60 €/Litro"
Vino Don Simón blanco mini brik 3x187ml,,,"1,45 €",,"2,58 €/Litro"
Vino Don Simón Selección Tempranillo tinto 75 cl,,,"1,29 €",,"1,72 €/Litro"
Vino Don Simón tinto brik 1 l,,,"1,60 €",,"1,60 €/Litro"
Vino El Conquistador blanco brik 1 l,,,"0,85 €",,"0,85 €/Litro"
Vino El Conquistador rosado brik 1 l,,,"0,85 €",,"0,85 €/Litro"
Vino El Conquistador tinto brik 1l,,,"0,85 €",,"0,85 €/Litro"
Vino Elegido blanco 1 l,,,"1,99 €",,"1,99 €/Litro"
Vino Elegido tinto 1 l,,,"1,99 €",,"1,99 €/Litro"
Vino Gran Arrieiro blanco 75 cl,,,"1,09 €",,"1,45 €/Litro"
Vino Gran Arrieiro tinto 75 cl,,,"1,09 €",,"1,45 €/Litro"
Vino Joven Marqués de Vizhoja 75 cl,,,"4,29 €",,"5,72 €/Litro"
Vino Joven Río da Viña blanco 75 cl,,,"1,19 €",,"1,59 €/Litro"
Vino Joven Río da Viña tinto 75 cl,,,"1,19 €",,"1,59 €/Litro"
Vino Joven Viña do Val blanco 75 cl,,,"1,45 €",,"1,93 €/Litro"
Vino Joven Viña do Val tinto 75 cl,,,"1,45 €",,"1,93 €/Litro"
Vino Milenium tinto botella 75 cl,,,"3,15 €",,"4,20 €/Litro"
Vino Río da Viña bag in box blanco 5 l,,,"6,95 €",,"1,39 €/Litro"
Vino Río da Viña bag in box tinto 5 l,,,"6,95 €",,"1,39 €/Litro"
Vino tinto sin alcohol Aldea 0.0 75 cl,,,"3,99 €",,"5,32 €/Litro"
Vino Vegaverde rosado 75 cl,,,"2,39 €",,"3,19 €/Litro"
Vino Verdejo sin alcohol Aldea 0.0 75 cl,,,"4,25 €",,"5,67 €/Litro"
Vino Mateus Rosado 75cl,,,"3,99 €",,"5,32 €/Litro"
Vino Dulce Aníbal 1 l,,,"3,70 €",,"3,70 €/Litro"
Vino Dulce Pedro Xímenez Robles 75 cl,,,"7,45 €",,"9,93 €/Litro"
Vino Dulce Sansón 1 l,,,"4,65 €",,"4,65 €/Litro"
Vino Jerez Cream Romate 75 cl,,,"6,25 €",,"8,33 €/Litro"
Vino Jerez Fino Tio Pepe 75 cl,,,"6,99 €",,"9,32 €/Litro"
Vino Moscatel Pinord 75 cl,,,"5,65 €",,"7,53 €/Litro"
Vino Moscatel Pinord Anfora 75 cl,,,"8,89 €",,"11,85 €/Litro"
Vino Aguja Joven Capel blanco 75 cl,,,"2,35 €",,"3,13 €/Litro"
Vino Aguja Joven Capel rosado 75 cl,,,"2,35 €",,"3,13 €/Litro"
Vino Yllera Rosé Frizzante 75 cl,,,"5,60 €",,"7,47 €/Litro"
Vino Yllera Verdejo Frizzante 75 cl,,,"5,60 €",,"7,47 €/Litro"
Vino Lambrusco Enseña Identificación Geográfica Típica rosado 75 cl,,,"1,89 €",,"2,52 €/Litro"
Vino El Guiso para cocinar 75 cl,,,"2,95 €",,"3,93 €/Litro"
Ambientador Croc Odor nevera,,,"2,75 €",,"2,75 €/Unidad"
Ambientador Donaire cosmético 250 ml,,,"3,15 €",,"12,60 €/Litro"
Ambientador Donaire frestivent 250 ml,,,"3,15 €",,"12,60 €/Litro"
Ambientador Glade absorbeolores lavanda larga duración 2x150g,,,"4,45 €",,"14,83 €/Kilogramo"
Ambientador Glade absorbeolores relax duplo 2x150 g,,,"4,45 €",,"14,83 €/Kilogramo"
Ambientador Air Wick Pure flor 250 ml,,,"4,79 €",,"19,16 €/Litro"
Ambientador Air Wick Pure Nenuco 250 ml,,,"4,79 €",,"19,16 €/Litro"
Ambientador Froiz floral spray 300 ml,,,"1,10 €",,"3,67 €/Litro"
Ambientador Froiz lavanda spray 300 ml,,,"1,10 €",,"3,67 €/Litro"
Ambientador Froiz neutralizado spray 300 ml,,,"1,10 €",,"3,67 €/Litro"
Ambientador Froiz ropa limpia spray 300 ml,,,"1,10 €",,"0,37 €/100 ml."
Ambientador Glade aerosol relax zen 300 ml,,,"2,49 €",,"8,30 €/Litro"
Ambientador Oust spray 300 ml verde,,,"3,49 €",,"11,63 €/Litro"
Ambientador Toiletolor aromático 180 ml,,,"3,69 €",,"20,50 €/Litro"
Ambientador Air Wick essential mist recambio cítrico,,,"5,79 €",,"5,79 €/Unidad"
Ambientador Air Wick Fresh matic aparato + recambio Nenuco,,,"7,99 €",,"7,99 €/Unidad"
Ambientador Air Wick fresh matic lavanda recambio 250 ml,,,"4,25 €",,"17,00 €/Litro"
Ambientador Air Wick Fresh Matic recambio Delicias de Verano 250 ml,,,"4,25 €",,"17,00 €/Litro"
Ambientador Air Wick fresh matic recambio Nenuco 250 ml,,,"4,25 €",,"17,00 €/Litro"
Ambientador Air Wick Fresh Matic recambio Oasis Turquesa 250 ml,,,"4,25 €",,"17,00 €/Litro"
Ambientador Coopermatic A Tu Aire brisa mediterranea 250 ml,,,"2,35 €",,"9,40 €/Litro"
Ambientador Coopermatic A Tu Aire paseo amanecer tropical 250 ml,,,"2,35 €",,"9,40 €/Litro"
Ambientador Coopermatic A Tu Aire paseo por la montaña 250 ml,,,"2,35 €",,"9,40 €/Litro"
Ambientador Coopermatic fresh aire aparato,,,"5,95 €",,"5,95 €/Unidad"
Ambientador Glade automatic aparato + recambio Sea Minerals 269 ml,,,"7,35 €",,"7,35 €/Unidad"
Ambientador Glade automatic recambio Pink Rose & Meringue 269 ml,,,"3,95 €",,"14,68 €/Unidad"
Ambientador Glade automatic recambio Sea Minerals & Magnolia 269 ml,,,"3,95 €",,"14,68 €/Litro"
Ambientador Glade automatic recambio Vanilla & White Orchid 269 ml,,,"3,95 €",,"14,68 €/Litro"
Ambientador Glade Sense Collection lavanda aparato,,,"5,25 €",,"5,25 €/Unidad"
Ambientador Glade Sense frescor de primavera recambio 18 ml,,,"2,99 €",,"2,99 €/Unidad"
Ambientador Glade Sense lavanda recambio 18 ml,,,"2,99 €",,"2,99 €/Unidad"
Ambientador Glade Sense relax zen recambio 18 ml,,,"2,99 €",,"2,99 €/Unidad"
Ambientador Glade Sense vainilla recambio 18 ml,,,"2,99 €",,"2,99 €/Unidad"
Ambientador Aroma Car Biofresh Black 8ml,,,"2,49 €",,"311,25 €/Litro"
Ambientador Aroma Car Biofresh Limón 8ml,,,"2,39 €",,"298,75 €/Lavado"
Ambientador Aroma Car Biofresh Vainilla 8 ml,,,"2,39 €",,"298,75 €/Litro"
Ambientador Aroma Car Elmo Vainilla 15 g,,,"0,89 €",,"59,33 €/Kilogramo"
Ambientador Aroma Car Medalla Limón 15 g,,,"0,89 €",,"59,33 €/Kilogramo"
Ambientador Aroma Car Organic Coco 40 g,,,"2,29 €",,"57,25 €/Kilogramo"
Ambientador Aroma Car Organic Fresa 40 g,,,"2,29 €",,"57,25 €/Kilogramo"
Ambientador Aroma Car Organic Lavanda 40 g,,,"2,29 €",,"57,25 €/Unidad"
Ambientador Aroma Car Organic Limón 40g,,,"2,29 €",,"57,25 €/Kilogramo"
Ambientador Aroma Car Organic Manzana 40 g,,,"2,29 €",,"57,25 €/Kilogramo"
Ambientador Aroma Car Organic Vainilla,,,"2,29 €",,"2,29 €/Unidad"
Ambientador Aroma Car Supreme Antitabaco 8 ml,,,"2,35 €",,"293,75 €/Litro"
Ambientador Aroma Car Supreme Aqua 8 ml,,,"2,35 €",,"293,75 €/Litro"
Ambientador Aroma Car Supreme Black 8 ml,,,"2,39 €",,"298,75 €/Litro"
Ambientador Aroma Car Supreme Limón 8 ml,,,"2,39 €",,"298,75 €/Litro"
Ambientador Aroma Car Supreme Vainilla 8 ml,,,"2,39 €",,"298,75 €/Litro"
Ambientador Froiz coche Dama Noche 6 ml,,,"1,85 €",,"308,33 €/Litro"
Ambientador Froiz coche frutos rojos 6 ml,,,"1,85 €",,"308,33 €/Litro"
Ambientador Froiz coche océano 6 ml,,,"1,85 €",,"308,33 €/Litro"
Ambientador A Tu Aire aparato eléctrico + recambio paseo por la montaña 25 ml,,,"3,60 €",,"3,60 €/Unidad"
Ambientador A Tu Aire recambio eléctrico brisa mediterranea 25 ml,,,"1,80 €",,"72,00 €/Litro"
Ambientador A Tu Aire recambio eléctrico paseo por la montaña 25 ml,,,"1,80 €",,"72,00 €/Litro"
Ambientador Air Wick aparato eléctrico + recambio Nenuco 19 ml,,,"4,25 €",,"4,25 €/Unidad"
Ambientador Air Wick bouquet eléctrico recambio 19 ml,,,"3,50 €",,"3,50 €/Unidad"
Ambientador Air Wick eléctrico recambio Delicias de Verano 19 ml,,,"3,50 €",,"3,50 €/Unidad"
Ambientador Air Wick eléctrico recambio flor,,,"3,50 €",,"3,50 €/Unidad"
Ambientador Air Wick eléctrico recambio Oasis 19 ml,,,"3,50 €",,"3,50 €/Unidad"
Ambientador Air Wick Nenuco eléctrico recambio 19 ml,,,"3,50 €",,"3,50 €/Unidad"
Ambientador Glade aromaterapia eléctrico aparato + recambio orange,,,"6,64 €",,"6,64 €/Unidad"
Ambientador Glade aromaterapia eléctrico recambio orange,,,"4,65 €",,"4,65 €/Unidad"
Ambientador Glade eléctrico aparato + recambio relax zen 20 ml,,,"5,99 €",,"5,99 €/Unidad"
Ambientador Glade eléctrico recambio sándalo y jazmín 20 ml,,,"4,45 €",,"222,50 €/Litro"
Ambientador A Tu Aire aparato + recambio mikado papaya,,,"4,50 €",,"90,00 €/Litro"
Ambientador A Tu Aire recambio mikado Lotus 50 ml,,,"2,95 €",,"59,00 €/Litro"
Ambientador A Tu Aire recambio mikado papaya 50 ml,,,"2,95 €",,"59,00 €/Litro"
Ambientador Froiz mikado azahar 50 ml,,,"2,75 €",,"55,00 €/Litro"
Ambientador Froiz mikado frutos rojos 50 ml,,,"2,75 €",,"55,00 €/Litro"
Ambientador Froiz mikado océano 50 ml,,,"2,75 €",,"55,00 €/Litro"
Ambientador Froiz sobre perfumados frutos rojos 3 u,,,"1,75 €",,"0,58 €/Unidad"
Ambientador gel baño Glade sensual sandalwood & jasmine u,,,"2,99 €",,"2,99 €/Unidad"
Ambientador gel baños Glade peonia y cereza,,,"2,99 €",,"2,99 €/Unidad"
Ambientador Glade aromaterapia varillas lavanda 80 ml,,,"7,99 €",,"9,99 €/100 ml."
Ambientador Glade aromaterapia varillas orange 80 ml,,,"7,99 €",,"9,99 €/100 ml."
Ambientador Glade Un toque aparato lavanda,,,"3,99 €",,"3,99 €/Unidad"
Ambientador Glade Un toque lavanda recambio duplo 2x10 ml,,,"5,99 €",,"3,00 €/Unidad"
Ambientador Glade Un toque recambio relax zen duplo 2x10 ml,,,"5,99 €",,"3,00 €/Unidad"
Vela vaso Froiz frutos rojos 30 horas,,,"1,65 €",,"1,65 €/Unidad"
Vela vaso Froiz vainilla 30 horas,,,"1,65 €",,"1,65 €/Unidad"
Antihumedad Selex aparato + recambio 450g,,,"3,15 €",,"7,00 €/Kilogramo"
Antihumedad Selex recambio 450 g,,,"1,99 €",,"4,42 €/Kilogramo"
Bombilla Osram Horno 15W 230V E14,,,"2,95 €",,"2,95 €/Unidad"
Bombilla Cegasa Led Classic Esférica 4W E17 Cálida,,,"3,29 €",,"3,29 €/Unidad"
Bombilla Cegasa Led Classic Esférica 4W E27 Fría,,,"3,29 €",,"3,29 €/Unidad"
Bombilla Cegasa Led Classic Standard 7W E27 Cálida,,,"3,95 €",,"3,95 €/Unidad"
Bombilla Cegasa Led Classic Standard 7W E27 Fría,,,"3,95 €",,"3,95 €/Unidad"
Bombilla Cegasa Led Classic Vela 4W E14 Cálida,,,"3,29 €",,"3,29 €/Unidad"
"Bombilla Cegasa Led Dic.5,8W GU10 Cálida",,,"4,95 €",,"4,95 €/Unidad"
"Bombilla Cegasa Led Dicroica 5,2 W GU5,3 Fría",,,"4,95 €",,"4,95 €/Unidad"
Bombilla Cegasa Led Esférica 5 W E27 Cálida,,,"3,95 €",,"3,95 €/Unidad"
Bombilla Cegasa Led Esférica 5 W E27 Luz Fría,,,"3,95 €",,"3,95 €/Unidad"
Bombilla Cegasa Led Esférica 5W E14 Luz Fría,,,"3,95 €",,"3,95 €/Unidad"
"Bombilla Cegasa Led Estándar 10,8W E27 Luz Fría",,,"4,95 €",,"4,95 €/Unidad"
Bombilla Cegasa Led Estándar 10W E27 Luz Cálida,,,"4,95 €",,"4,95 €/Unidad"
Bombilla Cegasa Led Standard 14W E27 Cálida,,,"6,95 €",,"6,95 €/Unidad"
Bombilla Cegasa Led Standard 14W E27 Fría,,,"6,95 €",,"6,95 €/Unidad"
"Bombilla Cegasa Led Vela 5,4 W E14 Luz Fría",,,"3,95 €",,"3,95 €/Unidad"
"Bombilla Cegasa Led Vela 5,4W E14 Cálida",,,"3,95 €",,"3,95 €/Unidad"
Bombilla Froiz Led Standard 11W Fría A+,,,"2,99 €",,"2,99 €/Unidad"
Bombilla Froiz Led Dicroica 5W GU10 Neutra A+,,,"2,79 €",,"2,79 €/Unidad"
Bombilla Froiz Led Esférica 6W E14 Cálida A+,,,"2,49 €",,"2,49 €/Unidad"
Bombilla Froiz Led Esférica 6W E27 Cálida A+,,,"2,49 €",,"2,49 €/Unidad"
Bombilla Froiz Led Esférica 6W E27 Fría A+,,,"2,49 €",,"2,49 €/Unidad"
Bombilla Froiz Led Standard 11W Cálida A+,,,"2,99 €",,"2,99 €/Unidad"
Bombilla Froiz Led Standard 6W E27 Cálida A+,,,"2,49 €",,"2,49 €/Unidad"
Bombilla Froiz Led Standard 9W E27 Neutra A+,,,"2,79 €",,"2,79 €/Unidad"
Bombilla Froiz Led Vela 6W E14 Cálida A+,,,"2,49 €",,"2,49 €/Unidad"
Bombilla Garza Led Filamento Standard 7W E27 Cálida en caja,,,"3,99 €",,"3,99 €/Unidad"
Bombilla Garza Led Vela 6W E14 Fría en caja,,,"3,65 €",,"3,65 €/Unidad"
Carbón vegetal bolsa 3 kg,,,"3,15 €",,"1,05 €/Kilogramo"
Tronco madera para chimeneas,,,"2,07 €",,"2,07 €/Unidad"
Cerillas palo HH100 pack-3,,,"0,89 €",,"0,30 €/Unidad"
Cerillas Tres Estrellas Extra Largas P3,,,"2,69 €",,"0,90 €/Unidad"
Cerillas Tres Estrellas Palo 5H 10u,,,"0,89 €",,"0,09 €/Unidad"
Enciendefuego Tres Estrellas parafina 32 u,,,"0,89 €",,"0,03 €/Unidad"
Cirio blanco grande Cortizo 1010,,,"0,95 €",,"0,95 €/Unidad"
Cirio rojo grande Cortizo 1010,,,"0,95 €",,"0,95 €/Unidad"
Cirio rojo mediano Cortizo 1016,,,"0,79 €",,"0,79 €/Unidad"
Esponja centro de flores,,,"0,85 €",,"0,85 €/Unidad"
Fertilizante Gesal 800 +200 ml,,,"4,45 €",,"5,56 €/Litro"
Fertilizante Gesal palitos 8-5-10 24 u,,,"2,49 €",,"0,10 €/Unidad"
Sustrato universal Verdesan saco 10 l,,,"1,79 €",,"0,18 €/Litro"
Sustrato universal Verdesan saco 5 l,,,"0,95 €",,"0,19 €/Litro"
Antiácaros Casa Jardín plus 300 ml,,,"3,99 €",,"13,30 €/Litro"
Antipolilla Orion bolsas perfumadas,,,"2,40 €",,"12,00 €/Kilogramo"
Antipolilla Orion Fragance ropa limpia,,,"2,30 €",,"2,30 €/Unidad"
Antipolilla Orion lavanda pinza,,,"2,30 €",,"2,30 €/Unidad"
Antipolilla Polil Duplo 1X48g,,,"2,90 €",,"2,90 €/Unidad"
Antipolilla Polil pastillas perfum. 24u,,,"2,79 €",,"0,12 €/Unidad"
Insecticida Bloom continuo líquido aparato,,,"5,99 €",,"5,99 €/Unidad"
Insecticida Bloom Hogar moscas y mosquitos 600 ml,,,"4,25 €",,"7,08 €/Litro"
Insecticida Bloom instantaneo moscas y mosquitos 600 ml,,,"4,25 €",,"7,08 €/Litro"
Insecticida Bloom líquido recambio continuo 45 noches,,,"3,89 €",,"3,89 €/Unidad"
Insecticida Bloom Max moscas y mosquitos 400ml,,,"3,79 €",,"9,48 €/Litro"
Insecticida Bloom Zero 400ml,,,"3,79 €",,"9,48 €/Litro"
Insecticida Carcomín Cruz Verde 250 ml,,,"4,30 €",,"17,20 €/Litro"
Insecticida Casa Jardín 600 ml,,,"3,75 €",,"6,25 €/Litro"
Insecticida Casa Jardín Antiavispas 400 ml,,,"3,85 €",,"9,63 €/Litro"
Insecticida Casa Jardín green recambio eléctrico 45 noches de 8 h,,,"1,95 €",,"1,95 €/Unidad"
Insecticida Casa Jardín Nature extracto de flores con piretrina natural 250 ml,,,"2,25 €",,"9,00 €/Litro"
Insecticida Coopermatic spray fly rec.,,,"12,30 €",,"12,30 €/Unidad"
Insecticida Cucal cucarachas 400 ml,,,"3,45 €",,"8,63 €/Litro"
Insecticida Kill-Paff antimosqu.rec.elec,,,"3,39 €",,"3,39 €/Unidad"
Insecticida Kill-Paff mosquitos 2 recambios + aparato gratis,,,"4,50 €",,"2,25 €/Unidad"
Insecticida Kill-Paff mosquitos kids aparato + recambio,,,"4,50 €",,"4,50 €/Unidad"
Insecticida Orion floral 600 ml,,,"3,35 €",,"5,58 €/Litro"
Insecticida Raid cucarachas y hormigas 400 ml,,,"3,95 €",,"9,88 €/Litro"
Insecticida Raid eléctrico líquido aparato + 2 recambios,,,"6,89 €",,"6,89 €/Unidad"
Insecticida Raid eléctrico recarga 90+45 noches,,,"6,99 €",,"6,99 €/Unidad"
Insecticida Raid Family aparato + recambio 30 noches,,,"4,99 €",,"4,99 €/Unidad"
Insecticida Raid Family recambio 30 noches,,,"3,69 €",,"0,12 €/Unidad"
Insecticida Raid Hogar e interior 600ml,,,"3,69 €",,"6,15 €/Litro"
Insecticida Raid moscas/mosquitos 600ml,,,"3,65 €",,"6,08 €/Litro"
Insecticida Raid voladores eucalipto 400 ml,,,"2,99 €",,"0,75 €/100 ml."
Insecticida ZZ Paff hogar/plantas 1 l,,,"3,35 €",,"3,35 €/Litro"
Insecticida ZZ Paff perfumado 1 l,,,"3,35 €",,"3,35 €/Litro"
Insecticida ZZ polvo reforzado 250 g,,,"2,99 €",,"11,96 €/Kilogramo"
Pegamento para ratones Temobi 135 g,,,"1,95 €",,"14,44 €/Kilogramo"
Raticida Ratibrom 2 150 g,,,"3,89 €",,"25,93 €/Kilogramo"
Raticida Ratibrom-2 Súper Concentrado 150 g,,,"3,89 €",,"25,93 €/Kilogramo"
Raticida Ratsul B cebo fresco 150 g,,,"3,42 €",,"22,80 €/Kilogramo"
Tiras atrapamoscas Fly-Kol 4 u,,,"1,69 €",,"0,42 €/Unidad"
Trampa de hormigas Casa Jardín 2 u,,,"2,30 €",,"1,15 €/Unidad"
Varillas Bloom Zero mosquitos 40 ml,,,"4,95 €",,"123,75 €/Litro"
Linterna Cegasa 104153 Profes. LED + LR6,,,"7,75 €",,"7,75 €/Unidad"
Linterna Cegasa Pro Tubular 7 Led 2xLR20,,,"11,95 €",,"11,95 €/Unidad"
Cargador Cegasa Compacto + 2HR6 104381,,,"17,95 €",,"17,95 €/Unidad"
Pila Cegasa Super Alcalina 3LR12,,,"4,90 €",,"4,90 €/Unidad"
Pila Cegasa Super Alcalina 9v 6LR61,,,"3,95 €",,"3,95 €/Unidad"
Pila Cegasa Super Alcalina LR03 4+2 u,,,"3,95 €",,"0,99 €/Unidad"
Pila Cegasa Super Alcalina LR03 8 u,,,"5,95 €",,"0,74 €/Unidad"
Pila Cegasa Super Alcalina LR14 2 u,,,"3,95 €",,"1,98 €/Unidad"
Pila Cegasa Super Alcalina LR20 2 u,,,"4,75 €",,"2,38 €/Unidad"
Pila Cegasa Super Alcalina LR6 4+2 u,,,"3,95 €",,"0,99 €/Unidad"
Pila Cegasa Super Alcalina LR6 8 u,,,"5,99 €",,"0,75 €/Unidad"
Pila Energizer Alkaline Power 6LR61 9V,,,"4,95 €",,"4,95 €/Unidad"
Pila Energizer Alkaline Power LR14 2 u,,,"4,75 €",,"2,38 €/Unidad"
Pila Energizer Alkaline Power LR20 2 u,,,"4,95 €",,"2,48 €/Unidad"
Pila Energizer Litio CR2016 1 u,,,"2,25 €",,"2,25 €/Unidad"
Pila Energizer Litio CR2025 1 u,,,"2,25 €",,"2,25 €/Unidad"
Pila Energizer Litio CR2032 1 u,,,"2,25 €",,"2,25 €/Unidad"
Pila Energizer Litio LR1/E90 1 u,,,"1,55 €",,"1,55 €/Unidad"
Pila Energizer Litio LR44/A76 2 u,,,"2,25 €",,"1,13 €/Unidad"
Pila Energizer mando distancia E23A 12V,,,"1,79 €",,"1,79 €/Unidad"
Pila Energizer Max Powerseal LR03 4 u,,,"4,95 €",,"1,24 €/Unidad"
Pila Energizer Max Powerseal LR03 4+2 u,,,"4,95 €",,"1,24 €/Unidad"
Pila Energizer Max Powerseal LR03 4+4 u,,,"4,99 €",,"1,25 €/Unidad"
Pila Energizer Max Powerseal LR03 8+4 u,,,"9,75 €",,"1,22 €/Unidad"
Pila Energizer Max Powerseal LR6 4 u,,,"4,95 €",,"1,24 €/Unidad"
Pila Energizer Max Powerseal LR6 4+2 u,,,"4,95 €",,"1,24 €/Unidad"
Pila Energizer Max Powerseal LR6 8+4 u,,,"9,75 €",,"1,22 €/Unidad"
"Pila Froiz Super Alkalina LR03 AAA 1,5V",,,"1,00 €",,"1,00 €/Unidad"
"Pila Froiz Super Alkalina LR6 AA 1,5V",,,"1,00 €",,"1,00 €/Unidad"
Pilas Cegasa recargable HR03 pack 2 u,,,"6,95 €",,"3,48 €/Unidad"
Pilas Cegasa recargable HR6 pack 2 u,,,"7,95 €",,"3,98 €/Unidad"
Pila Cegasa Power Plus 3R12 1 u,,,"1,89 €",,"1,89 €/Unidad"
Pinzas ropa madera 24 u,,,"0,79 €",,"0,03 €/Unidad"
Pinzas ropa plástico 24 u,,,"0,69 €",,"0,03 €/Unidad"
Pinzas Vigar ropa flower power 24 u,,,"13,55 €",,"13,55 €/Unidad"
Pañuelos Colhogar Compact pack 24x8 u,,,"2,65 €",,"0,01 €/Unidad"
Pañuelos Colhogar faciales Style 66 u,,,"1,29 €",,"0,02 €/Unidad"
Pañuelos Froiz bolsillo 10x10 u,,,"1,05 €",,"0,01 €/Unidad"
Pañuelos Froiz caja 100 u,,,"0,70 €",,"0,70 €/Unidad"
Pañuelos Scottex bolsillo 12 u,,,"1,69 €","2,19 €","0,14 €/Unidad"
Papel Cocina Colhogar Para Todo 2 u,,,"2,59 €",,"1,30 €/Unidad"
Papel cocina Foxy Cartapaglia duplo,,,"1,99 €",,"1,00 €/Unidad"
Papel cocina Froiz doble capa 2 u,,,"1,49 €",,"0,75 €/Unidad"
Papel cocina Froiz doble capa 4 u,,,"2,09 €",,"0,52 €/Unidad"
Papel cocina Froiz maxi rollos dos capas 2 u,,,"3,69 €",,"1,85 €/Unidad"
Papel cocina Froiz Multiusos rollo doble capa 92 m,,,"2,99 €",,"2,99 €/Unidad"
Papel cocina Renova maxi 3+1 u,,,"2,45 €",,"0,82 €/Unidad"
Papel cocina Renova recycled gigarrollo 1 u,,,"3,29 €",,"3,29 €/Unidad"
Papel Cocina Scottex Jumbo rollo u,,,"4,49 €",,"4,49 €/Unidad"
Papel higiénico Confort doble hoja 12 u,,,"2,69 €",,"0,22 €/Unidad"
Papel higiénico Foxy seda 3 capas 4+2 rollos,,,"2,49 €","3,49 €","0,62 €/Unidad"
Papel higiénico Froiz doble capa 12 u,,,"3,49 €",,"0,29 €/Unidad"
Papel higiénico Froiz doble capa 24 u,,,"6,59 €",,"0,27 €/Unidad"
Papel higiénico Froiz doble capa 4 u,,,"1,39 €",,"0,35 €/Unidad"
Papel higiénico Froiz doble capa 9 Megarrollos,,,"5,89 €",,"0,65 €/Unidad"
Papel higiénico Froiz Maxi doble capa 6 u,,,"2,89 €",,"0,48 €/Unidad"
Papel higiénico Froiz rosa triple capa 12 u,,,"4,09 €",,"0,34 €/Unidad"
Papel higiénico Froiz triple capa 8 rollos decorado 21 m,,,"3,39 €",,"0,42 €/Unidad"
Papel higiénico Scottex Dermo Cuidado 6 u,,,"3,99 €",,"0,67 €/Unidad"
Papel higiénico Scottex húmedo WC 74 u,,,"3,29 €",,"0,04 €/Unidad"
Papel higiénico Scottex megarollo 9 u,,,"6,29 €",,"0,70 €/Unidad"
Papel higiénico Scottex original 16 rollos,,,"5,99 €",,"0,37 €/Unidad"
Papel higiénico Scottex original 32 rollos,,,"6,99 €","11,49 €","0,22 €/Unidad"
Papel higiénico Scottex Sensitive 6 u,,,"3,79 €",,"0,63 €/Unidad"
Servilletas Froiz 33x33 blancas 100 u,,,"0,89 €",,"0,01 €/Unidad"
Servilletas Froiz 33x33 blancas 2 capas 100 u,,,"1,49 €",,"0,01 €/Unidad"
Servilletas Froiz 40x40 colores 60 u,,,"1,69 €",,"1,69 €/Unidad"
Servilletas Froiz 40x40 doble hoja blancas 60 u,,,"1,19 €",,"0,02 €/Unidad"
Servilletas Levián 100% natural ecológico 33x33 100 u,,,"1,65 €",,"0,02 €/Unidad"
Servilletas Renova 1 capa colores 70 u,,,"0,95 €",,"0,01 €/Unidad"
Servilletas Renova blancas A&T 22x22 90u,,,"0,99 €",,"0,01 €/Unidad"
Servilletas Scottex blancas 1 capa 64u,,,"0,79 €","1,09 €","0,01 €/Unidad"
Servilletas Scottex original decoradas 64 u,,,"1,09 €",,"0,02 €/Unidad"
Toallitas húmedas de limón Brevia monodosis 12 u,,,"1,35 €",,"0,11 €/Unidad"
Bolsa basura Albal autocierre ecológico 53x63 30 l 15 u,,,"2,85 €",,"0,19 €/Unidad"
Bolsa basura Albal baño mini 10 l 15 u,,,"2,32 €",,"0,15 €/Unidad"
Bolsa basura Albal perfume floral resistente autocierre 30 l 15 u,,,"2,89 €",,"0,19 €/Unidad"
Bolsa basura Albal ultra resistente 30 l 15 u,,,"3,79 €",,"0,25 €/Unidad"
Bolsa Basura Handy Bag Albal hostelería 85x110 cm 10 u,,,"2,29 €",,"0,23 €/Unidad"
Bolsa Basura Selex 50x75 cubo alto 20 u,,,"1,90 €",,"0,10 €/Unidad"
Bolsa basura Selex amarilla autocierre 30 l 30 u,,,"1,69 €",,"0,06 €/Unidad"
Bolsa basura Selex autocierre morada perfumada 20 unidades 55x60 cm,,,"1,79 €",,"0,09 €/Unidad"
Bolsa basura Selex azul autocierre 30 l 15 u,,,"0,89 €",,"0,06 €/Unidad"
Bolsa basura Selex bio compostable 45x48 15 unidades,,,"1,79 €",,"0,12 €/Unidad"
Bolsa basura Selex perfumada 70x75 50 l 10 u,,,"1,15 €",,"0,12 €/Unidad"
Bolsa basura Selex verde 85x105 100 l 10 u,,,"2,69 €",,"0,27 €/Unidad"
Bolsa basura Vileda autocierre 30 l 15 u,,,"1,55 €",,"0,10 €/Unidad"
Bolsas basura Handy Bag resistente antigoteo 30 l 15 u,,,"2,95 €",,"0,20 €/Unidad"
Bolsa Albal Zipper multiuso 12 u 1 l,,,"2,79 €",,"0,23 €/Unidad"
Bolsas bocadillo Albal 17x24 50 u,,,"1,79 €",,"0,04 €/Unidad"
Bolsas Bocadillo Froiz 22x30 40 u,,,"1,25 €",,"0,03 €/Unidad"
Bolsas congelación Albal herméticas Ziploc 12 u,,,"2,64 €",,"0,22 €/Unidad"
Bolsas congelación Albal tamaño mediano 40 u,,,"2,92 €",,"0,07 €/Unidad"
Bolsas congelación Froiz herméticas 27x28 15 u,,,"1,25 €",,"0,08 €/Unidad"
Bolsas congelación Froiz tamaño mediano 30 u,,,"0,75 €",,"0,03 €/Unidad"
Bolsas congelación Golden grandes 60 u,,,"2,99 €",,"0,05 €/Unidad"
Bolsas cubitos hielo Froiz 200 cubos,,,"0,75 €",,"0,75 €/Unidad"
Bolsa camiseta reutilizable 53x60 cm 80% material reciclado,,,"0,10 €",,"0,10 €/Unidad"
Bolsa Froiz algodón grande,,,"2,99 €",,"2,99 €/Unidad"
Bolsa Froiz malla reutilizable frutas y verduras 24.5x35 cm 4 u,,,"1,00 €",,"0,25 €/Unidad"
Bolsa Isotérmica Cierre Velcro 370x370,,,"1,75 €",,"1,75 €/Unidad"
Bolsa isotérmica Pingüin 15 l,,,"1,55 €",,"1,55 €/Unidad"
Bolsa isotérmica Pingüin 23 l,,,"1,95 €",,"1,95 €/Unidad"
Bolsa papel Kraft Froiz 30+16x34 u,,,"0,15 €",,"0,15 €/Unidad"
Bolsa rafia reutilizable 40x35 MK807000,,,"0,59 €",,"0,59 €/Unidad"
Bolsa reutilizable malla frutas y verduras 30x35 cm 4 u,,,"1,35 €",,"0,34 €/Unidad"
Bolsa Froiz papel con asas para botellas,,,"0,25 €",,"0,25 €/Unidad"
Caja cartón Froiz 3 botellas,,,"0,50 €",,"0,50 €/Unidad"
Caja cartón Froiz reparto,,,"0,50 €",,"0,50 €/Unidad"
Film Albal microondas 2en1 15 m,,,"2,49 €",,"0,17 €/Metro"
Film transparente Albal 30 m,,,"2,39 €",,"0,08 €/Metro"
Film transparente Froiz 30 m,,,"0,50 €",,"0,02 €/Metro"
Filtro café Melitta 1x2 40 u,,,"1,35 €",,"0,03 €/Unidad"
Filtro café Melitta 1x4 40 u,,,"1,75 €",,"0,04 €/Unidad"
Filtro café Selex nº 4 40 u,,,"0,69 €",,"0,02 €/Unidad"
Guante Bayeco nitrilo azul talla M 30 unidades,,,"3,75 €",,"0,13 €/Unidad"
Guante Bayeco nitrilo azul talla S 30 u,,,"3,75 €",,"0,13 €/Unidad"
Guante Spontex Segunda Piel Talla 6,,,"2,79 €",,"2,79 €/Unidad"
Guante Spontex Segunda Piel Talla 7,,,"2,79 €",,"2,79 €/Unidad"
Guante Spontex Segunda Piel Talla 8,,,"2,79 €",,"2,79 €/Unidad"
Guantes Froiz bicolor talla extra grande,,,"0,99 €",,"0,99 €/Unidad"
Guantes Froiz monocolor talla grande,,,"0,70 €",,"0,70 €/Unidad"
Guantes Froiz monocolor talla mediana,,,"0,70 €",,"0,70 €/Unidad"
Guantes Froiz monocolor talla pequeña,,,"0,70 €",,"0,70 €/Unidad"
Guantes Froiz satinado talla grande,,,"0,87 €",,"0,87 €/Unidad"
Guantes Froiz satinado talla mediana,,,"0,87 €",,"0,87 €/Unidad"
Guantes Froiz satinado talla pequeña,,,"0,87 €",,"0,87 €/Unidad"
Mantel Gapel bolsa 10 u,,,"1,45 €",,"0,15 €/Unidad"
Mantel Levián Rollo Decorado 32x46 80 u,,,"2,39 €",,"0,03 €/Unidad"
Mantel rollo azul Bopapel 7x1.2 m,,,"2,89 €",,"2,89 €/Unidad"
Mantel rollo rojo Bopapel 7x1.2 m,,,"2,89 €",,"2,89 €/Unidad"
Juego confitería Golden Magic cuadr. nº2,,,"1,99 €",,"1,99 €/Unidad"
Juego confitería Golden Magic redondo nº6,,,"1,99 €",,"1,99 €/Unidad"
Molde aluminio rectangular + tapa 1.5 l 3 u,,,"2,49 €",,"0,83 €/Unidad"
Molde aluminio redondo 20 cm 1 litro 3 unidades,,,"1,99 €",,"0,66 €/Unidad"
Molde para magdalenas Golden Magic 120 u,,,"1,29 €",,"1,29 €/Unidad"
Moldes aluminio Albal multiusos 31x21cm 2 u,,,"2,29 €",,"1,15 €/Unidad"
Moldes aluminio flanes 12 u,,,"1,75 €",,"0,15 €/Unidad"
Moldes Aluminio Rectangular 2.7 l 2 u,,,"2,29 €",,"1,15 €/Unidad"
Moldes Aluminio+Tapa 0.5 l 5 u,,,"1,45 €",,"0,29 €/Unidad"
Palillero Betik 200 u,,,"0,59 €",,"0,59 €/Unidad"
Palillero Froiz 130 u,,,"0,49 €",,"0,00 €/Unidad"
Palillos Betik con funda bote 115 u,,,"0,99 €",,"0,01 €/Unidad"
Palillos Froiz planos 600 u,,,"0,59 €",,"0,00 €/Unidad"
Palillos Froiz redondo 550 u,,,"0,99 €",,"0,00 €/Unidad"
Papel Albal hornos 8 m,,,"1,99 €","2,85 €","0,25 €/Metro"
Papel aluminio Albal 20 m,,,"3,90 €",,"0,20 €/Metro"
Papel aluminio Froiz 30 m,,,"2,20 €",,"0,07 €/Metro"
Papel aluminio Froiz 50 m,,,"3,65 €",,"0,07 €/Metro"
Papel aluminio Froiz reforzado 20 m,,,"1,59 €",,"0,08 €/Metro"
Papel Froiz hornos antiadherente 20 hojas,,,"1,15 €",,"0,06 €/Unidad"
Cuchara Best madera biodegradable 12 u,,,"1,00 €",,"0,08 €/Unidad"
Cucharilla Best madera biodegradable 12u,,,"1,00 €",,"0,08 €/Unidad"
Cuchillo Best madera biodegradable 12 u,,,"1,00 €",,"0,08 €/Unidad"
Platos Best Products Caras 4 unidades 23 cm,,,"0,99 €",,"0,25 €/Unidad"
Tenedor Best madera biodegradable 12 u,,,"1,00 €",,"0,08 €/Unidad"
Vasos Best Products Caras 25 unidades 200 cc,,,"1,49 €",,"0,06 €/Unidad"
Vasos Nupik plástico 22cl 25 u,,,"1,09 €",,"0,04 €/Unidad"
Cepillo Beter baño mango largo 22198,,,"5,49 €",,"5,49 €/Unidad"
Cepillo Beter Deslía Hairflow 03380 Pequeño,,,"4,99 €",,"4,99 €/Unidad"
Cepillo Beter Deslía Hairflow 03381 Esqueleto,,,"4,75 €",,"4,75 €/Unidad"
Cepillo Beter Ocean desenreda 03390,,,"5,20 €",,"5,20 €/Unidad"
Cepillo de uñas Beter 22222,,,"1,89 €",,"1,89 €/Unidad"
Cepillo Esqueleto Froiz Colores 196 mm,,,"1,99 €",,"1,99 €/Unidad"
Cepillo Froiz Desenreda,,,"4,99 €",,"4,99 €/Unidad"
Cepillo Froiz Desenreda Mini,,,"3,69 €",,"3,69 €/Unidad"
Cepillo Froiz Esqueleto Grande,,,"2,75 €",,"2,75 €/Unidad"
Cepillo Froiz Neumático Grande,,,"2,75 €",,"2,75 €/Unidad"
Cepillo Froiz Neumático Mini,,,"1,90 €",,"1,90 €/Unidad"
Cepillo Froiz Neumático Raqueta Bola,,,"3,29 €",,"3,29 €/Unidad"
Cepillo Froiz Térmico Cerámico Ø48mm,,,"3,29 €",,"3,29 €/Unidad"
"Coletero Beter espiral 3,5 cm 5 u 19225",,,"2,99 €",,"0,60 €/Unidad"
Coleteros Beter Básico Colegial 12 u 19215,,,"1,89 €",,"0,16 €/Unidad"
Coleteros Beter finos glitter 16 u 19214,,,"2,25 €",,"0,14 €/Unidad"
Coleteros Beter Lycra 6u 19212,,,"1,65 €",,"1,65 €/Unidad"
Coleteros Beter Lycra 6u 19213,,,"1,65 €",,"1,65 €/Unidad"
Coleteros Beter Mini Algodón 10u 19206,,,"1,65 €",,"1,65 €/Unidad"
"Diadema Beter Fina 0,7cm 2u 19250",,,"2,49 €",,"2,49 €/Unidad"
"Grapa Beter 1,8cm 6u 19233",,,"2,99 €",,"2,99 €/Unidad"
Grapa Beter 8cm 19238,,,"2,75 €",,"2,75 €/Unidad"
Grapa Beter Clásica 6cm 19236,,,"1,99 €",,"1,99 €/Unidad"
Horquillas Beter bolita 12u bronce 17244,,,"1,45 €",,"0,12 €/Unidad"
Horquillas Beter bolita 12u negras 17243,,,"1,45 €",,"0,12 €/Unidad"
Horquillas Froiz Bola negras 20u VA-HPN,,,"1,19 €",,"0,06 €/Unidad"
Horquillas Froiz Bola rubias 20u VA-HPR,,,"1,19 €",,"0,06 €/Unidad"
Peine Beter ahuecador 12094,,,"1,49 €",,"1,49 €/Unidad"
Peine Beter batidor 12103,,,"1,29 €",,"1,29 €/Unidad"
Peine Beter batidor fantasía 12068,,,"2,45 €",,"2,45 €/Unidad"
"Peine Beter cola ratón 20,5cm 12005",,,"2,19 €",,"2,19 €/Unidad"
Peine Beter Ocean desenreda 12090,,,"2,95 €",,"2,95 €/Unidad"
Peine de Bolsillo Froiz 125 mm,,,"1,09 €",,"1,09 €/Unidad"
Peine Escarpidor Froiz Colores 225 mm,,,"1,45 €",,"1,45 €/Unidad"
"Ranita Beter 4,5cm Básicas 6u 19216",,,"1,99 €",,"1,99 €/Unidad"
Vaporizador plástico Beter 100ml 22172,,,"2,09 €",,"2,09 €/Unidad"
Alicate Froiz cutícula cromo 10 cm rererencia 1.57,,,"4,99 €",,"4,99 €/Unidad"
Alicate Froiz manicura 12 cm acero inox,,,"8,99 €",,"8,99 €/Unidad"
Bastoncillos Star Cott con palo de papel 200 u,,,"0,85 €",,"0,00 €/Unidad"
Cortacallos con 1 hoja Beter 08007,,,"5,99 €",,"5,99 €/Unidad"
Cortacutículas Froiz plano inoxidable referencia 2.17,,,"1,99 €",,"1,99 €/Unidad"
Cortaúñas Froiz manicura 6 cm referencia 7.142,,,"1,39 €",,"1,39 €/Unidad"
Cortaúñas Froiz pedicura 8.2 cm referencia 7.111,,,"1,75 €",,"1,75 €/Unidad"
Esponja Actibel Peeling,,,"2,75 €",,"2,75 €/Unidad"
Esponja Actibel tonificante do. acción,,,"2,05 €",,"2,05 €/Unidad"
Esponja Beter maquillaje latex 22045,,,"2,49 €",,"2,49 €/Unidad"
Esponja Calypso de baño natural relax,,,"1,45 €",,"1,45 €/Unidad"
Esponja Disna baño flor,,,"1,19 €",,"1,19 €/Unidad"
Esponja Duchiban pack 3,,,"0,85 €",,"0,28 €/Unidad"
Esponja Froiz baño ovalada pack-3,,,"0,69 €",,"0,23 €/Unidad"
Esponja Froiz doble acción 2 u,,,"0,99 €",,"0,50 €/Unidad"
Esponja Froiz vegetal,,,"0,99 €",,"0,99 €/Unidad"
Esponja infantil Suavipiel Peppa Pig,,,"2,20 €",,"2,20 €/Unidad"
Esponja Sanibell Natura ref. 703,,,"1,75 €",,"1,75 €/Unidad"
Esponja Suavipiel active spa,,,"0,99 €",,"0,99 €/Unidad"
Esponja Suavipiel vegetal R1571,,,"1,49 €",,"1,49 €/Unidad"
Esponjas jabonosas Bath Suavipiel 10 u,,,"1,10 €",,"1,10 €/Unidad"
Gorro Beter ducha 22263,,,"1,65 €",,"1,65 €/Unidad"
Hojas Beter cortacallos 10 u 34028,,,"1,99 €",,"0,20 €/Unidad"
Lima Beter corindón 16 cm 4 u 34014,,,"1,19 €",,"0,30 €/Unidad"
Lima Froiz negra fibra de vidreo acolchada VA-LN,,,"1,09 €",,"1,09 €/Unidad"
Lima Froiz pulidora 3 caras referencia 13.140,,,"1,59 €",,"1,59 €/Unidad"
Lima Froiz zafiro solingen 15 cm LZ.15,,,"1,59 €",,"1,59 €/Unidad"
"Lima raspadora de pedicura, acero inoxidable Beter 08004",,,"2,99 €",,"2,99 €/Unidad"
Manopla de crin Suavipiel Frotaman,,,"2,10 €",,"2,10 €/Unidad"
Piedra Raspadora Froiz Vidrio Celular 100 mm,,,"2,49 €",,"2,49 €/Unidad"
Quitaesmalte Babaria 200 ml,,,"1,29 €",,"0,65 €/100 ml."
Quitaesmalte Crowe acetona pura 200 ml,,,"1,70 €",,"0,85 €/100 ml."
Quitaesmalte Crowe sin acetona 200ml,,,"1,40 €",,"0,70 €/100 ml."
Quitaesmalte Cutex hidratante 100 ml,,,"1,99 €",,"1,99 €/100 ml."
Tijera Beter punta roma 10.4 cm 34077,,,"4,95 €",,"4,95 €/Unidad"
Tijera Froiz pieles curva referencia 25.50,,,"3,99 €",,"3,99 €/Unidad"
Tijera Froiz uñas curva referencia 25.51,,,"3,99 €",,"3,99 €/Unidad"
After shave Brummel loción 250 ml,,,"5,99 €",,"2,40 €/100 ml."
After Shave Froiz bálsamo 125 ml,,,"2,43 €",,"1,94 €/100 ml."
After shave La Toja bálsamo 100 ml,,,"3,99 €",,"3,99 €/100 ml."
After shave La Toja loción 200 ml,,,"4,25 €",,"2,13 €/100 ml."
After shave Nivea bálsamo regene. 100 ml,,,"5,40 €",,"5,40 €/100 ml."
After shave Nivea bálsamo sensit.100 ml,,,"5,95 €",,"5,95 €/100 ml."
Brocha Beter afeitar 20015,,,"3,49 €",,"3,49 €/Unidad"
Brocha Beter afeitar mango negro 20017,,,"6,89 €",,"6,89 €/Unidad"
Cargador Bic hojas 10 u,,,"1,65 €",,"0,17 €/Unidad"
Cargador Gillette Fusion 5 power 4 u,,,"15,85 €",,"3,96 €/Unidad"
Cargador Gillette hojas S. Platinum 5 u,,,"3,69 €",,"0,74 €/Unidad"
Cargador Gillette Mach-3 Turbo 5 u,,,"15,99 €",,"3,20 €/Unidad"
Cargador Gillette Proglide manual 3u,,,"13,99 €",,"4,66 €/Unidad"
Cargador Gillette Proglide Power 3u,,,"14,99 €",,"5,00 €/Unidad"
Cargador Gillette Sensor Excel 5 u,,,"7,30 €",,"1,46 €/Unidad"
Crema afeitar Nivea 100 ml,,,"1,99 €",,"1,99 €/100 ml."
Espuma afeitar Froiz 250 ml,,,"1,15 €",,"0,46 €/100 ml."
Espuma afeitar Gillette clásica 200 ml,,,"1,99 €",,"1,00 €/100 ml."
Espuma afeitar La Toja clásica 300 ml,,,"2,30 €",,"0,77 €/100 ml."
Espuma afeitar La Toja piel sensible 300 ml,,,"2,35 €",,"0,78 €/100 ml."
Espuma afeitar Lea 100 ml,,,"1,20 €",,"1,20 €/100 ml."
Espuma afeitar Lea 250 ml,,,"1,72 €",,"0,69 €/100 ml."
Espuma afeitar Nivea hidratante 200 ml,,,"1,99 €",,"1,00 €/100 ml."
Espuma afeitar Nivea sensitive 200+50 ml,,,"1,99 €",,"1,00 €/100 ml."
Gel afeitar Edge piel sensible 200 ml,,,"3,99 €",,"2,00 €/100 ml."
Gel afeitar Froiz 200 ml,,,"1,60 €",,"0,80 €/100 ml."
Gel afeitar Nivea refrescante 200ml,,,"2,79 €",,"1,40 €/100 ml."
Gel afeitar Williams 200 ml,,,"3,10 €",,"1,55 €/100 ml."
Jabón de afeitar La Toja Barra 50 g,,,"2,29 €",,"45,80 €/Kilogramo"
Máquina Gillette desechable Sensor 3 recycled 4 u,,,"4,99 €",,"1,25 €/Unidad"
Máquina Gillette Fusion 5 manual +2 cargadores,,,"9,05 €",,"2,26 €/Unidad"
Máquina Gillette Proglide manual 2 cargadores,,,"12,85 €",,"12,85 €/Unidad"
Maquinilla Bic Comfort 3 4 u,,,"3,15 €",,"0,79 €/Unidad"
Maquinilla Bic Flex 4 Comfort 3+1,,,"4,35 €",,"1,45 €/Unidad"
Maquinilla Bic suave desech. 5 u,,,"0,99 €",,"0,20 €/Unidad"
Maquinilla Froiz desechable Advanced triple hoja 4 u,,,"1,99 €",,"0,50 €/Unidad"
Maquinilla Froiz desechable basculante doble hoja 5 u,,,"1,25 €",,"0,25 €/Unidad"
Maquinilla Froiz doble hoja 5 + 1 u,,,"0,95 €",,"0,19 €/Unidad"
Maquinilla Gillette Blue II desechable 10 u,,,"4,40 €",,"0,44 €/Unidad"
Maquinilla Gillette Blue II desechable 5 u,,,"2,25 €",,"0,45 €/Unidad"
Maquinilla Gillette Blue II plus desechable 5 u,,,"3,29 €",,"0,66 €/Unidad"
Maquinilla Gillette Fusion Flex Ball Proglide Power,,,"13,75 €",,"13,75 €/Unidad"
Maquinilla Gillette Mach-3 turbo,,,"6,95 €",,"6,95 €/Unidad"
Maquinilla Gillette Sensor Excel univer,,,"7,40 €",,"7,40 €/Unidad"
Maquinilla Wilkinson Xtreme 3 Sensitive desechable 4 u,,,"4,85 €",,"1,21 €/Unidad"
Colonia Agua de Rosas frescas vapo 150ml,,,"9,95 €",,"6,63 €/100 ml."
Colonia Agua de V & L nº 5 vap 150 ml,,,"9,25 €",,"6,17 €/100 ml."
Colonia Agua de Victorio & Lucchino nº1 vaporizador 150 ml,,,"9,25 €",,"6,17 €/100 ml."
Colonia Agua de Victorio & Lucchino nº3 vaporizador 150 ml,,,"9,30 €",,"6,20 €/100 ml."
Colonia Agua Fresca Azahar vaporizador 150 ml,,,"9,35 €",,"6,23 €/100 ml."
Colonia Aire de Sevilla vapo 150 ml,,,"9,49 €",,"6,33 €/100 ml."
Colonia Anouk 200 ml,,,"7,95 €",,"3,98 €/100 ml."
Colonia Axe Dark Temptation 100 ml,,,"12,85 €",,"12,85 €/100 ml."
Colonia Brummel 125 ml,,,"6,90 €",,"5,52 €/100 ml."
Colonia Bustamante Muy Mío vap 100ml,,,"6,45 €",,"6,45 €/100 ml."
Colonia Crowe fresh 750 ml,,,"1,45 €",,"1,93 €/Litro"
Colonia Gotas Frescas 250ml,,,"3,99 €",,"1,60 €/100 ml."
Colonia Heno de Pravia 650+20% ml,,,"2,68 €",,"0,41 €/100 ml."
Colonia Impacto vaporizador 200 ml,,,"6,30 €",,"3,15 €/100 ml."
Colonia Lavanda Inglesa de Gal 750 ml,,,"4,05 €",,"0,54 €/100 ml."
Colonia Lavanda Puig 750 ml,,,"3,59 €",,"0,48 €/100 ml."
Colonia Natural Honey frescor de colonia 750 ml,,,"3,25 €",,"0,43 €/100 ml."
Colonia Paula Echevarria 100 ml,,,"7,45 €",,"7,45 €/100 ml."
Colonia Victorio & Lucchino agua masculina nº2 vaporizador 150 ml,,,"9,39 €",,"6,26 €/100 ml."
Colonia Victorio & Lucchino agua masculina nº4 vaporizador 150 ml,,,"9,39 €",,"6,26 €/100 ml."
Duplo Hannibal Laguna Barock Roll edt 100 ml + 30 ml (hombre),,,"9,68 €",,"9,68 €/Unidad"
Duplo Hannibal Laguna face to face edt 100+ perfume cabello 75 ml (mujer),,,"9,68 €",,"9,68 €/Unidad"
Estuche Agua Victorio & Lucchino nº 3 150 ml,,,"12,90 €",,"8,60 €/100 ml."
Estuche Aire de Sevilla Agua de Rosas Frescas 150 ml,,,"12,95 €",,"12,95 €/Unidad"
Estuche Aire de Sevilla Agua Fresca de Azahar 150 ml,,,"11,99 €",,"11,99 €/Unidad"
Estuche Anouk 100 ml,,,"9,95 €",,"9,95 €/100 ml."
Estuche Antonio Banderas Only Diavolo 100 ml,,,"10,95 €",,"10,95 €/100 ml."
Estuche Busta Muy Mío 100 ml,,,"8,95 €",,"8,95 €/100 ml."
Estuche Bustamante Muy Mía 100 ml,,,"9,95 €",,"9,95 €/100 ml."
Estuche de colonia coquette romantique 100ml + mini,,,"8,95 €",,"8,95 €/100 ml."
Estuche Don Algodón 100 ml,,,"14,95 €",,"14,95 €/Unidad"
Estuche Impacto 100 ml,,,"6,95 €",,"6,95 €/100 ml."
Mechas radiantes Nordic blonde M1,,,"4,95 €",,"4,95 €/Unidad"
Retoca raíces Root Retoucher Schwarzkopf castaño 120 ml,,,"3,95 €",,"3,29 €/100 ml."
Retoca raíces Root Retoucher Schwarzkopf castaño oscuro 120 ml,,,"3,95 €",,"3,29 €/100 ml."
Retoca raíces Root Retoucher Schwarzkopf rubio oscuro 120 ml,,,"3,95 €",,"3,29 €/100 ml."
Tinte Colorcrem decolorante,,,"3,95 €",,"3,95 €/Unidad"
Tinte Colorsilk sin amoníaco nº 10 negro,,,"3,49 €",,"3,49 €/Unidad"
Tinte Colorsilk sin amoníaco nº27 castaño cálido profundo,,,"3,49 €",,"3,49 €/Unidad"
Tinte Colorsilk sin amoníaco nº30 castaño oscuro,,,"3,49 €",,"3,49 €/Unidad"
Tinte Colorsilk sin amoníaco nº37 chocolate,,,"3,49 €",,"3,49 €/Unidad"
Tinte Colorsilk sin amoníaco nº41 castaño medio,,,"3,49 €",,"3,49 €/Unidad"
Tinte Colorsilk sin amoníaco nº46 cobrizo dorado,,,"3,49 €",,"3,49 €/Unidad"
Tinte Colorsilk sin amoníaco nº48 borgoña,,,"3,49 €",,"3,49 €/Unidad"
Tinte Colorsilk sin amoníaco nº51 castaño claro,,,"3,49 €",,"3,49 €/Unidad"
Tinte Colorsilk sin amoníaco nº54 castaño claro dorado,,,"3,49 €",,"3,49 €/Unidad"
Tinte Colorsilk sin amoníaco nº57 castaño dorado muy claro,,,"3,49 €",,"3,49 €/Unidad"
Tinte Colorsilk sin amoníaco nº60 rubio oscuro cenizo,,,"3,49 €",,"3,49 €/Unidad"
Tinte Colorsilk sin amoníaco nº61 rubio oscuro,,,"3,49 €",,"3,49 €/Unidad"
Tinte Colorsilk sin amoníaco nº80 rubio claro cenizo,,,"3,49 €",,"3,49 €/Unidad"
Tinte Excellence Nº 4 castaño,,,"7,10 €",,"7,10 €/Unidad"
Tinte Excellence Nº1 negro,,,"7,10 €",,"7,10 €/Unidad"
Tinte Excellence Nº3 castaño oscuro,,,"7,10 €",,"7,10 €/Unidad"
Tinte Excellence Nº5 castaño claro,,,"7,10 €",,"7,10 €/Unidad"
Tinte Excellence Nº6 rubio oscuro,,,"7,10 €",,"7,10 €/Unidad"
Tinte Excellence Nº7 rubio,,,"7,10 €",,"7,10 €/Unidad"
Tinte Excellence Nº7.1 rubio ceniz,,,"7,10 €",,"7,10 €/Unidad"
Tinte Excellence Nº8 rubio claro,,,"7,10 €",,"7,10 €/Unidad"
Tinte Excellence Nº8.1 rub.cla.cen,,,"7,10 €",,"7,10 €/Unidad"
Tinte Excellence Nº9 rub.cla.claro,,,"7,10 €",,"7,10 €/Unidad"
Tinte Olia sin amoniaco nº 4.15 chocolate,,,"6,30 €",,"6,30 €/Unidad"
Tinte Olia sin amoniaco nº 5.0 castaño claro,,,"6,30 €",,"6,30 €/Unidad"
Tinte Olia sin amoniaco nº 6.0 rubio oscuro,,,"6,30 €",,"6,30 €/Unidad"
Tinte Olia sin amoniaco nº 7.0 rubio,,,"6,30 €",,"6,30 €/Unidad"
Tinte Olia sin amoniaco nº 8.0 rubio claro,,,"6,30 €",,"6,30 €/Unidad"
Tinte Palette color intense castaño chocolate nº3.65,,,"4,29 €",,"4,29 €/Unidad"
Tinte Palette color intense castaño claro nº5,,,"4,29 €",,"4,29 €/Unidad"
Tinte Palette color intense castaño oscuro nº3,,,"4,29 €",,"4,29 €/Unidad"
Tinte Palette color intense negro azulado nº1.1,,,"4,29 €",,"4,29 €/Unidad"
Tinte Palette color intense negro nº1,,,"4,29 €",,"4,29 €/Unidad"
Tinte Palette color intense rubio ceniza nº8.1,,,"4,29 €",,"4,29 €/Unidad"
Tinte Palette color intense rubio claro nº8,,,"4,29 €",,"4,29 €/Unidad"
Tinte Palette color intense rubio dorado nº7.5,,,"4,29 €",,"4,29 €/Unidad"
Tinte Palette color intense rubio oscuro nº6,,,"4,29 €",,"4,29 €/Unidad"
Tinte Palette color intense violín nº4.99,,,"4,29 €",,"4,29 €/Unidad"
Aceite corporal Crowe aloe 400 ml,,,"1,65 €",,"0,41 €/100 ml."
Body en gel Crowe de aloe vera dosificador 400 ml,,,"3,75 €",,"0,94 €/100 ml."
Crema Babaria aceite de oliva nutritiva 250 ml,,,"1,59 €",,"0,64 €/100 ml."
Crema Babaria para piés y talones agrietados 150 ml,,,"1,75 €",,"1,17 €/100 ml."
Crema corporal Froiz Argán tarro 200 ml,,,"1,44 €",,"0,72 €/100 ml."
Crema corporal Froiz oliva tarro 200 ml,,,"1,39 €",,"0,70 €/100 ml."
Crema de manos Nivea aloe 100 ml,,,"1,84 €",,"1,84 €/100 ml."
Crema Dove tratamiento de manos dermaspa goodness 75 ml,,,"2,30 €",,"3,07 €/100 ml."
Crema Eudermín de manos 75 ml,,,"1,65 €",,"2,20 €/100 ml."
Crema Eudermín pies 75ml,,,"2,25 €",,"3,00 €/100 ml."
Crema Froiz manos 125 ml,,,"1,09 €",,"0,87 €/100 ml."
Crema Nivea 250 ml,,,"3,75 €",,"1,50 €/100 ml."
Crema Nivea 75 ml,,,"1,99 €",,"2,65 €/100 ml."
Crema Nivea manos aceite oliva 100ml,,,"1,84 €",,"1,84 €/100 ml."
Crema Nivea Soft tarro 300+75 ml,,,"3,88 €",,"1,29 €/100 ml."
Crema restauradora Instituto Español para piel atópica 150 ml,,,"2,99 €",,"1,99 €/100 ml."
Crema Walkiria de manos 4822 100 ml,,,"2,49 €",,"2,49 €/100 ml."
Gel Babaria Frío Piernas Cansadas 150 ml,,,"1,75 €",,"1,17 €/100 ml."
Leche corporal Dove 400 ml,,,"3,44 €",,"0,86 €/100 ml."
Leche corporal Dove Karité 400ml,,,"3,44 €",,"0,86 €/100 ml."
Leche corporal Dove nutrición intensiva 400 ml,,,"3,44 €",,"0,86 €/100 ml."
Leche corporal Instituto Español piel atópica 300 ml,,,"5,25 €",,"1,75 €/100 ml."
Leche corporal Lactovit Lactourea 400 ml,,,"3,47 €",,"0,87 €/100 ml."
Leche corporal Lactovit nutritiva 400 ml,,,"3,47 €",,"0,87 €/100 ml."
Leche corporal Nivea aceite oliva 400 ml,,,"2,68 €",,"0,67 €/100 ml."
Leche corporal Nivea aloe vera 400 ml,,,"3,99 €",,"1,00 €/100 ml."
Leche corporal Nivea nutritiva 400 ml,,,"3,98 €",,"1,00 €/100 ml."
Leche corporal Nivea triple acción 400ml,,,"4,15 €",,"1,04 €/100 ml."
Leche corporal Sanex advanced atopiDerm 360 ml,,,"4,79 €",,"1,20 €/100 ml."
Loción corporal Froiz Argán 500 ml,,,"2,39 €",,"0,48 €/100 ml."
Loción corporal Froiz oliva 500 ml,,,"2,39 €",,"0,48 €/100 ml."
Loción Natural Honey extra hidratante 330 ml,,,"3,95 €",,"1,20 €/100 ml."
Loción Natural Honey figura perfecta 330 ml,,,"3,95 €",,"1,20 €/100 ml."
Loción Nivea bajo la ducha p. seca 400ml,,,"3,95 €",,"0,99 €/100 ml."
Loción Nivea reafirmante p. seca 400 ml,,,"5,75 €",,"1,44 €/100 ml."
Loción Nivea reafirmante piel normal 400ml,,,"5,75 €",,"1,44 €/100 ml."
Aceite facial Crowe rosa mosqueta 30ml,,,"5,95 €",,"19,83 €/100 ml."
Afilalápices Beter cosmética 34050,,,"1,79 €",,"1,79 €/Unidad"
Agua de pétalos de rosa Lixoné 150 ml,,,"4,15 €",,"2,77 €/100 ml."
Agua Micelar Froiz Desmaquillador 250 ml,,,"2,45 €",,"0,98 €/100 ml."
Agua micelar Garnier piel normal 400 ml,,,"3,55 €","4,75 €","0,89 €/100 ml."
Agua micelar Nivea piel normal 400 ml,,,"3,25 €",,"0,81 €/100 ml."
Ampollas Nivea Q10 energy antiarrugas piel radiante y luminosa 7 u x 1 ml,,,"10,95 €",,"1,56 €/Unidad"
Barra de labios Liposan hidratante,,,"2,99 €",,"2,99 €/Unidad"
"Barra Liposan Classic Care 4,8 g",,,"1,99 €",,"1,99 €/Unidad"
Crema anti-edad Ganier Bio lavanda de día 50 ml,,,"6,95 €",,"13,90 €/100 ml."
Crema contorno de ojos Crowe 15 ml,,,"2,19 €",,"14,60 €/100 ml."
Crema Diadermine anti-edad lift+botology de día 50 ml,,,"10,49 €",,"20,98 €/100 ml."
Crema Diadermine antiarrugas 50 ml,,,"9,95 €",,"19,90 €/100 ml."
Crema Diadermine día super rellenador antiarrugas con hialurón 50ml,,,"8,75 €",,"17,50 €/100 ml."
Crema Diadermine hidra.normal/mixta 50ml,,,"9,95 €",,"19,90 €/100 ml."
Crema Diadermine hidrat. seco sensibl 50,,,"9,95 €",,"19,90 €/100 ml."
Crema facial Babaria collagen vegano 50 ml,,,"4,80 €",,"9,60 €/100 ml."
Crema Garnier BBcream color medio 50ml,,,"6,35 €","7,95 €","12,70 €/100 ml."
Crema L'Oréal Revitalift día tarro 50 ml,,,"7,39 €","9,25 €","14,78 €/100 ml."
Crema Nivea antiarrugas Q-10 50 ml,,,"9,25 €",,"18,50 €/100 ml."
Crema Nivea Cellular Luminous 630º Antimanchas Crema de día FP50 40 ml,,,"15,95 €",,"39,88 €/100 ml."
Crema Nivea hombre revitalizante 50 ml,,,"6,95 €",,"13,90 €/100 ml."
Crema Nivea Hyaluron Cellular elasticidad & anti-gravedad 50 ml,,,"15,29 €",,"30,58 €/100 ml."
Crema Nivea men lata rostro y cuerpo 150 ml,,,"3,38 €",,"2,25 €/100 ml."
Crema Nivea Q-10 antiarrugas día FP30 50 ml,,,"8,95 €",,"17,90 €/100 ml."
Crema Nivea Q10 energy antiarrugas Factor 15 50 ml,,,"9,99 €",,"19,98 €/100 ml."
Crema Nivea Visage antiarrugas dia 50ml,,,"5,40 €",,"10,80 €/100 ml."
Crema Nivea Visage antiarrugas noche 50,,,"5,39 €",,"10,78 €/100 ml."
Crema Nivea visage día para piel seca o sensible 50 ml,,,"6,19 €",,"12,38 €/100 ml."
Crema Nivea visage Q-10 noche 50 ml,,,"9,25 €",,"18,50 €/100 ml."
Crema Plenitude Age perfect día 50 ml,,,"7,15 €","8,95 €","14,30 €/100 ml."
Crema Plenitude Age perfect noche 50 ml,,,"8,95 €",,"17,90 €/100 ml."
Crema Pond's 3A piel madura 50 ml,,,"4,99 €",,"9,98 €/100 ml."
Crema Pond's HN hidronutritiva tarro 50 ml,,,"4,99 €",,"9,98 €/100 ml."
Crema Pond's S nutritiva 50 ml,,,"4,99 €",,"9,98 €/100 ml."
Desmaquillador de ojos Nivea doble acción 125 ml,,,"4,30 €",,"3,44 €/100 ml."
Discos desmaquilladores Demak Up Expert 70 u,,,"1,95 €",,"0,03 €/Unidad"
Discos desmaquilladores Froiz 120 u,,,"0,84 €",,"0,01 €/Unidad"
Discos Desmaquilladores Star Cott ovaladas 40 u,,,"0,68 €",,"0,02 €/Unidad"
Espejo Beter OHH 14608,,,"3,99 €",,"3,99 €/Unidad"
Esponja Beter desmaquilladora 22035,,,"1,25 €",,"1,25 €/Unidad"
Exfoliante facial Walkiria anti-age 75 ml ref. 4819,,,"3,65 €",,"4,87 €/100 ml."
Leche Diadermine limpiadora suave 200 ml,,,"3,35 €",,"1,68 €/100 ml."
Leche limpiadora Nivea 200 ml,,,"4,65 €",,"2,33 €/100 ml."
Mascarilla facial Garnier Hydra Bomb calmante pieles secas y sensibles u,,,"1,99 €","2,50 €","1,99 €/Unidad"
Serum Babaria ácido hialurónico 30 ml,,,"4,65 €",,"155,00 €/Litro"
Tijera Beter costura 16 cm 34049,,,"7,95 €",,"7,95 €/Unidad"
Tijera Beter peluquero inoxidable 15cm 13069,,,"10,99 €",,"10,99 €/Unidad"
Toallitas Diadermine desmaquillantes 20u,,,"2,65 €",,"0,13 €/Unidad"
Toallitas Froiz desmaquillantes 20 u,,,"0,89 €",,"0,04 €/Unidad"
Toallitas Nivea desmaquilladoras Biodegradables piel normal/mixta 40 u,,,"1,99 €",,"0,05 €/Unidad"
Toallitas Nivea desmaquilladoras Suaves piel sensible 40 u,,,"1,99 €",,"0,05 €/Unidad"
Tónico Diadermine facial suave 200 ml,,,"3,35 €",,"1,68 €/100 ml."
Tónico Nivea Visage 200 ml,,,"4,65 €",,"2,33 €/100 ml."
Vaselina Gal neutra perfumada,,,"1,58 €",,"1,58 €/Unidad"
Aceite capilar Elvive universal 100 ml,,,"5,99 €",,"5,99 €/100 ml."
Aceite en crema sin aclarado Garnier Original Remedies oliva mítica 200 ml,,,"2,29 €",,"1,15 €/100 ml."
Acondicionador Froiz bifásico 400 ml,,,"2,50 €",,"0,63 €/100 ml."
Acondicionador Pantene repara & protege tubo 275 ml,,,"3,89 €",,"1,41 €/100 ml."
Acondicionador Pantene Rizos tubo 275 ml,,,"3,89 €",,"1,41 €/100 ml."
Acondicionador Pantene suave & liso tubo 275 ml,,,"3,89 €",,"1,41 €/100 ml."
Acondicionador Syoss repair 440 ml,,,"2,95 €",,"0,67 €/100 ml."
Agua de peinado Giorgi 150 ml,,,"2,95 €",,"1,97 €/100 ml."
Ampollas Pantene rescate repara & protege 3x15 ml,,,"4,00 €",,"1,33 €/Unidad"
Cera cabello Giorgi efecto brillo 75ml,,,"3,45 €",,"4,60 €/100 ml."
Cera en gel Giorgi look natural 145 ml,,,"3,25 €",,"2,24 €/100 ml."
Champú Centra Line familiar 1 l,,,"1,00 €",,"0,10 €/100 ml."
Champú Elvive Aceite extraordinario 370 ml,,,"3,59 €",,"0,97 €/100 ml."
Champú Elvive Color Vive 370ml,,,"3,85 €",,"1,04 €/100 ml."
Champú Elvive Dream Long 370 ml,,,"3,85 €",,"1,04 €/100 ml."
Champú Elvive full resit 370 ml,,,"3,85 €",,"1,04 €/100 ml."
Champú Elvive hialurónico 72 h de hidratación 370 ml,,,"3,85 €",,"1,04 €/100 ml."
Champú Elvive total repair 370ml,,,"3,85 €",,"1,04 €/100 ml."
"Champú Elvive violeta matizador para el pelo con mechas, rubio, decolorado o gris 200ml",,,"3,85 €",,"1,93 €/100 ml."
Champú en seco Gliss anti-grasa 200 ml,,,"3,99 €",,"2,00 €/100 ml."
Champú Eugene camomila 250 ml,,,"5,25 €",,"2,10 €/100 ml."
Champú Flex Revlon anticaspa 650 ml,,,"3,45 €",,"0,53 €/100 ml."
Champú Flex Revlon cabello graso 650 ml,,,"3,45 €",,"0,53 €/100 ml."
Champú Flex Revlon fortificante 650 ml,,,"3,45 €",,"0,53 €/100 ml."
Champú Flex Revlon normal 650 ml,,,"3,45 €",,"0,53 €/100 ml."
Champú Froiz cabello grasos 500 ml,,,"2,55 €",,"0,51 €/100 ml."
Champú Froiz cabellos normales 500 ml,,,"2,10 €",,"0,42 €/100 ml."
Champú Froiz color y castigados 500 ml,,,"2,25 €",,"0,45 €/100 ml."
Champú Froiz todo tipo de cabellos 500 ml,,,"2,42 €",,"0,48 €/100 ml."
Champú Fructis adiós daños 360 ml,,,"3,35 €",,"0,93 €/100 ml."
Champú Fructis agua de coco raíces grasas y puntas secas 360 ml,,,"3,35 €",,"0,93 €/100 ml."
Champú Fructis anticaspa cabello normal 360 ml,,,"3,35 €",,"0,93 €/100 ml."
Champú Fructis fuerza y brillo 2 en 1 cabello normal 360 ml,,,"3,35 €",,"0,93 €/100 ml."
Champú Fructis fuerza y brillo cabello normal 360 ml,,,"3,35 €",,"0,93 €/100 ml."
Champú Fructis hidra liso 360 ml,,,"3,35 €",,"0,93 €/100 ml."
Champú Fructis hidra rizos 360 ml,,,"3,35 €",,"0,93 €/100 ml."
"Champú Fructis Vitamin Force 360 ml, naranja roja, vitamina c y biotina para pelos con tendencia a caerse",,,"3,35 €",,"0,93 €/100 ml."
Champú Geniol fresa 750 ml,,,"2,14 €",,"0,29 €/100 ml."
Champú Geniol huevo 750 ml,,,"2,14 €",,"0,29 €/100 ml."
Champú Giorgi método Curly 350 ml,,,"4,25 €",,"1,21 €/100 ml."
Champú Gliss ultimate oil elixir 250 ml,,,"2,99 €",,"1,20 €/100 ml."
Champú Gliss ultimate repair 250 ml,,,"2,99 €",,"1,20 €/100 ml."
Champú H&S anticaspa nutre e cuida 340 ml,,,"3,69 €",,"1,09 €/100 ml."
Champú H&S citrus fresh para cabello graso 510 ml,,,"5,38 €",,"1,05 €/100 ml."
Champú H&S clásico 2 en 1 510 ml,,,"5,38 €",,"1,05 €/100 ml."
Champú H&S clásico 510 ml,,,"5,38 €",,"1,05 €/100 ml."
Champú H&S menthol 510 ml,,,"5,38 €",,"1,05 €/100 ml."
Champú H&S prevención caida 340 ml,,,"3,69 €",,"1,09 €/100 ml."
Champú Instituto Español piel atópica 300 ml,,,"4,59 €",,"1,53 €/100 ml."
Champú Kerzo anti-caída 250 ml,,,"6,49 €",,"2,60 €/100 ml."
Champú Nelly para cabellos blancos 250 ml,,,"1,99 €",,"0,80 €/100 ml."
Champú Originals 5 plantas 300 ml,,,"2,69 €",,"0,90 €/100 ml."
Champú Originals aceite de aguacate y manteca de karité 300 ml,,,"2,69 €",,"0,90 €/100 ml."
Champú Originals delicatesse 300 ml,,,"2,69 €",,"0,90 €/100 ml."
Champú Originals oliva 300 ml,,,"2,69 €",,"0,90 €/100 ml."
Champú Originals tesoros de miel 300 ml,,,"2,69 €",,"0,90 €/100 ml."
Champú Pantene anti-edad BB7 425 ml,,,"4,99 €",,"1,17 €/100 ml."
Champú Pantene Aqualight 425ml,,,"4,99 €",,"1,17 €/100 ml."
Champú Pantene Purificante 425ml,,,"4,72 €",,"1,11 €/100 ml."
Champú Pantene Repara y protege 425ml,,,"4,72 €",,"1,11 €/100 ml."
Champú Pantene Rizos 425 ml,,,"4,99 €",,"1,17 €/100 ml."
Champú Pantene suave y liso 425 ml,,,"4,72 €",,"1,11 €/100 ml."
Champú Syoss repair 440 ml,,,"2,95 €",,"0,67 €/100 ml."
Champú Syoss rizos 440 ml,,,"2,95 €",,"0,67 €/100 ml."
Champú Timotei 2 en 1 delicado 400 ml,,,"2,85 €",,"0,71 €/100 ml."
Champú Timotei cuerpo y nutrición 400 ml,,,"2,85 €",,"0,71 €/100 ml."
Champú Timotei Fresco y Fuerte 400 ml,,,"2,85 €",,"0,71 €/100 ml."
Champú Timotei fresco y fuerte dosificador 750 ml,,,"4,25 €",,"0,57 €/100 ml."
Champú Timotei Reflejos Dorados 400 ml,,,"2,85 €",,"0,71 €/100 ml."
Champú Tresemmé Botanique 685 ml,,,"6,49 €",,"0,95 €/100 ml."
Champú Tresemmé clásico 900 ml,,,"6,49 €",,"0,72 €/100 ml."
Champú Tresemmé hidratante 900 ml,,,"6,49 €",,"0,72 €/100 ml."
Champú Tresemmé keratina color 685 ml,,,"6,49 €",,"0,95 €/100 ml."
Champú Tresemmé liso keratina 685 ml,,,"6,49 €",,"0,95 €/100 ml."
Champú Tresemmé liso y sedoso 900 ml,,,"6,49 €",,"0,72 €/100 ml."
Champú Tresemmé Purifica&Hidrata 685 ml,,,"6,49 €",,"0,95 €/100 ml."
Crema suavizante Elvive color vive 300 ml,,,"3,35 €",,"1,12 €/100 ml."
Crema suavizante Elvive total repair 5 300 ml,,,"3,35 €",,"1,12 €/100 ml."
Crema suavizante Fructis liso y brillo 300 ml,,,"3,39 €",,"1,13 €/100 ml."
Crema suavizante Nelly 1l,,,"1,79 €",,"0,18 €/100 ml."
Crema suavizante Tresemmé Botanique 685 ml,,,"6,49 €",,"0,95 €/100 ml."
Crema suavizante Tresemmé hidratante 900 ml,,,"6,49 €",,"0,72 €/100 ml."
Crema suavizante Tresemmé keratina color 685 ml,,,"6,49 €",,"0,95 €/100 ml."
Crema suavizante Tresemmé liso keratina 685 ml,,,"6,49 €",,"0,95 €/100 ml."
Crema suavizante Tresemmé Purifica & Hidrata 685 ml,,,"6,49 €",,"0,95 €/100 ml."
Espuma Babaria moldeadora 250 ml,,,"2,25 €",,"0,90 €/100 ml."
Espuma en crema Giorgi Sublime Cream rizos 150 ml,,,"2,69 €",,"1,79 €/100 ml."
Espuma Fructis volumen rizos 200 ml +100,,,"2,95 €",,"1,48 €/100 ml."
Espuma Giorgi fijación extrafuerte 250 ml,,,"2,60 €",,"1,04 €/100 ml."
Espuma Giorgi rizo marcado 250 ml,,,"2,45 €",,"0,98 €/100 ml."
Espuma Pantene rizos definidos 250 ml,,,"3,00 €",,"1,20 €/100 ml."
Espuma Syoss rizos flex 250 ml,,,"3,99 €",,"1,60 €/100 ml."
Exfoliante capilar Tresemmé purifica & hidrata 300 ml,,,"4,95 €",,"1,65 €/100 ml."
Gel definidor Giorgi método Curly 250 ml,,,"4,50 €",,"1,80 €/100 ml."
Gel fijador Babaria extra fuerte 150 ml,,,"1,78 €",,"1,19 €/100 ml."
Gel fijador Froiz Megafuerte 250 ml,,,"1,40 €",,"0,56 €/100 ml."
Gel fijador Fructis Wet Shine efecto mojado 200 ml + 50 ml,,,"2,50 €",,"1,25 €/100 ml."
Gel fijador Giorgi efecto mojado 170 ml,,,"2,55 €",,"1,50 €/100 ml."
Gel fijador Giorgi extrafuerte 170 ml,,,"2,60 €",,"1,53 €/100 ml."
Gel fijador Giorgi X-trema 170 ml,,,"2,55 €",,"1,50 €/100 ml."
Laca Dicora fijación fuerte 400 ml,,,"1,89 €",,"0,47 €/100 ml."
Laca Dicora fijación normal 400 ml,,,"1,89 €",,"0,47 €/100 ml."
Laca Elnett fuerte 400 ml,,,"5,50 €",,"1,38 €/100 ml."
Laca Elnett normal 200ml,,,"4,59 €",,"2,30 €/100 ml."
Laca Elnett normal 400 ml 6.0,,,"6,45 €",,"1,61 €/100 ml."
Laca Elnett para cabellos teñidos fijación fuerte 400ml 6.0,,,"6,20 €",,"1,55 €/100 ml."
Laca Fixpray extrafuerte 400 ml,,,"4,49 €",,"1,12 €/100 ml."
Laca Fixpray flexible fijación normal 400 ml,,,"4,49 €",,"1,12 €/100 ml."
Laca Sunsilk cabello normal 400 ml,,,"2,89 €",,"0,72 €/100 ml."
Laca Sunsilk extra fuerte 400 ml,,,"2,75 €",,"0,69 €/100 ml."
Laca Syoss Keratin 400 ml,,,"3,75 €",,"0,94 €/100 ml."
Loción capilar Kerzo Choc intensiva 150 ml,,,"5,75 €",,"3,83 €/100 ml."
Mascarilla capilar Gliss extrabrillo para cabello seco total repair sin aclarado 150 ml,,,"5,49 €",,"3,66 €/100 ml."
Mascarilla Crowe reparadora para cabellos secos y dañados 300 ml,,,"1,95 €",,"0,65 €/100 ml."
Mascarilla Elvive aceite extraordinario 300ml,,,"4,00 €",,"1,33 €/100 ml."
Mascarilla Elvive color vive 300 ml,,,"4,00 €",,"1,33 €/100 ml."
Mascarilla Elvive Dream long 300 ml,,,"4,00 €",,"1,33 €/100 ml."
Mascarilla Elvive hialurónico 72 h de hidratación 300 ml,,,"4,00 €",,"1,33 €/100 ml."
Mascarilla Elvive Total repair 5 300 ml,,,"4,00 €",,"1,33 €/100 ml."
Mascarilla Fructis adiós daños 300 ml,,,"3,95 €",,"1,32 €/100 ml."
Mascarilla Fructis hair food banana 98 % natural 3 en 1 intensiva para cabello seco 390ml,,,"4,49 €",,"1,15 €/100 ml."
Mascarilla Fructis hair food papaya 98% natural 390 ml,,,"4,49 €",,"1,15 €/100 ml."
Mascarilla Fructis hidra liso 300 ml,,,"3,95 €",,"1,32 €/100 ml."
Mascarilla Fructis nutri rizos 300 ml,,,"3,95 €",,"1,32 €/100 ml."
Mascarilla Gliss Ultimate Oil 300 ml,,,"4,85 €",,"1,62 €/100 ml."
Mascarilla Gliss Ultimate repair 300 ml,,,"4,85 €",,"1,62 €/100 ml."
Mascarilla Nelly cabello blanco 150 ml,,,"3,35 €",,"2,23 €/100 ml."
Mascarilla nutritiva Giorgi método Curly 350 ml,,,"4,75 €",,"1,36 €/100 ml."
Mascarilla Original Remedies tesoros de miel para cabello dañado y quebradizo 300 ml,,,"2,69 €",,"0,90 €/100 ml."
Mascarilla Originals Oliva 300ml,,,"2,69 €",,"0,90 €/100 ml."
Mascarilla Pantene BB7 fuerza y cuerpo 300 ml,,,"4,50 €",,"1,50 €/100 ml."
Mascarilla Pantene repara y protege para cabello normales y gruesos 300ml,,,"4,50 €",,"1,50 €/100 ml."
Mascarilla Pantene suave & liso 300 ml,,,"4,50 €",,"1,50 €/100 ml."
Mascarilla Timotei aguacate & jazmin reparadora para cabellos dañados 300 ml,,,"2,99 €",,"1,00 €/100 ml."
Mascarilla Tresemmé hidratación intensa 440 ml,,,"5,95 €",,"1,35 €/100 ml."
Mascarilla Tresemmé liso con aceite de marula y keratina 440 ml,,,"5,95 €",,"1,35 €/100 ml."
Pack loción 100 ml + champú 125 ml + 2 gorros + 1 lendrera antipiojos ZZ,,,"10,50 €",,"10,50 €/Unidad"
Serum capilar Gliss ultimate oil elixir 100 ml,,,"6,89 €",,"6,89 €/100 ml."
Spray Tresemmé prot. del calor 300 ml,,,"3,99 €",,"1,33 €/100 ml."
Tratamiento Fructis liso & brillo 10 en 1 400 ml,,,"3,98 €",,"1,00 €/100 ml."
Tratamiento Fructis nutri rizos secado al aire para cabellos rizados u ondulados 400 ml,,,"3,99 €",,"1,00 €/100 ml."
Bandas de cera depilatoria Daen ecodepil corporal 16 u,,,"1,75 €",,"0,11 €/Unidad"
Bandas de cera depilatoria Daen ecodepil facial 16 u,,,"1,55 €",,"0,10 €/Unidad"
Bandas depilatorias corporales Crowe pieles sensibles 16 u + 2 toallitas limpiadoras,,,"1,39 €",,"0,09 €/Unidad"
Bandas depilatorias faciales Crowe 20 u + 2 toallitas limpiadoras,,,"1,37 €",,"0,07 €/Unidad"
Cargador Gillette Venus 4 u,,,"9,85 €",,"2,46 €/Unidad"
Cargador Gillette Venus Breeze 4 u,,,"10,95 €",,"2,74 €/Unidad"
Cera caliente Daen Ecodepil en pastillas 260 g,,,"4,85 €",,"18,65 €/Kilogramo"
Cera cazoleta Daen ecodepil microondas 100 g,,,"4,65 €",,"46,50 €/Kilogramo"
Cera depilatoria Taky facial 20 u,,,"2,29 €",,"0,11 €/Unidad"
Cera depilatoria Veet easy gelwax facial piel normal 20 u,,,"3,99 €",,"0,20 €/Unidad"
Cera depilatoria Veet fría corporal piel normal 20 bandas,,,"4,30 €",,"0,22 €/Unidad"
Cera tibia Veet natural 250 ml,,,"5,50 €",,"2,20 €/100 ml."
Crema decolorante Cygnetic 30 ml,,,"4,95 €",,"16,50 €/100 ml."
Crema depilatoria Crowe masculina 200 ml,,,"3,00 €",,"1,50 €/100 ml."
Crema depilatoria Crowe para piel sensible 100 ml,,,"1,59 €",,"1,59 €/100 ml."
Crema depilatoria Veet para piel sensible 200 ml,,,"4,45 €",,"2,23 €/100 ml."
Maquinilla Bic Twin lady 5 u,,,"1,79 €",,"0,36 €/Unidad"
Maquinilla Froiz mujer desechable doble hoja 5 u,,,"1,25 €",,"0,25 €/Unidad"
Maquinilla Gillette Venus blue II plus desechable 5+1 u,,,"3,25 €",,"0,65 €/Unidad"
Maquinilla Gillette Venus Women,,,"5,99 €",,"5,99 €/Unidad"
Pinza de depilar Beter Soft Touch Punta oblicua,,,"3,49 €",,"3,49 €/Unidad"
Pinza de depilar DUPLY de doble punta fina/oblicua Beter,,,"3,95 €",,"3,95 €/Unidad"
Pinza depilar Froiz curvada negra 9 cm 21.67,,,"3,19 €",,"3,19 €/Unidad"
"Pinza depilar Froiz plana negra 7,5 cm 21.6N",,,"1,99 €",,"1,99 €/Unidad"
Desodorante Adidas A3 roll-on intens.men,,,"1,65 €",,"3,30 €/100 ml."
Desodorante Adidas A3 spray intense men 200 ml,,,"2,65 €",,"1,33 €/100 ml."
Desodorante Axe Apollo 150 ml,,,"3,60 €",,"2,40 €/100 ml."
Desodorante Axe Black 200 ml,,,"3,60 €",,"1,80 €/100 ml."
Desodorante Axe Collision leather & cookies 150 ml,,,"3,60 €",,"2,40 €/100 ml."
Desodorante Axe Dark Temptation 200 ml,,,"3,60 €",,"1,80 €/100 ml."
Desodorante Axe Epic Fresh Spray 150 ml,,,"3,60 €",,"2,40 €/100 ml."
Desodorante Axe Excite 150ml,,,"3,60 €",,"2,40 €/100 ml."
Desodorante Axe Ice Chill 150 ml,,,"3,60 €",,"2,40 €/100 ml."
Desodorante Axe marine 200 ml,,,"3,60 €",,"1,80 €/100 ml."
Desodorante Axe mojito 150 ml,,,"3,60 €",,"2,40 €/100 ml."
Desodorante Babaria aloe roll-on 50 ml,,,"1,39 €",,"2,78 €/100 ml."
Desodorante Byly crema 50 ml,,,"2,24 €",,"4,48 €/100 ml."
Desodorante Byly roll-on Organic 50 ml,,,"1,75 €",,"3,50 €/100 ml."
Desodorante Byly roll-on Sensitive 50 ml,,,"1,70 €",,"3,40 €/100 ml."
Desodorante Crowe man Fresh 150ml,,,"1,39 €",,"0,93 €/100 ml."
Desodorante Crowe man Gold 150ml,,,"1,39 €",,"0,93 €/100 ml."
Desodorante Crowe unisex aloe vera spray 200 ml,,,"1,49 €",,"0,75 €/100 ml."
Desodorante de pies Babaria spray 150 ml,,,"2,50 €",,"1,67 €/100 ml."
Desodorante Dove 0% aluminio go fresh roll-on 50 ml,,,"2,35 €",,"4,70 €/100 ml."
Desodorante Dove 0% aluminio go fresh spray 200 ml,,,"3,49 €",,"1,75 €/100 ml."
Desodorante Dove 0% aluminio original spray 200 ml,,,"3,49 €",,"1,75 €/100 ml."
Desodorante Dove invisible spray 200ml,,,"3,35 €",,"1,68 €/100 ml."
Desodorante Dove men clean comfort 200ml,,,"2,70 €",,"1,35 €/100 ml."
Desodorante Dove roll-on 50 ml,,,"1,99 €",,"3,98 €/100 ml."
Desodorante Dove roll-on invisible 50ml,,,"1,99 €",,"3,98 €/100 ml."
Desodorante Dove spray 200 ml,,,"3,00 €",,"1,50 €/100 ml."
Desodorante ecológico Natura Madre Tierra roll-on 75 ml,,,"2,29 €",,"3,05 €/100 ml."
Desodorante Froiz alumbre roll-on 75 ml,,,"1,12 €",,"1,49 €/100 ml."
Desodorante Froiz hombre roll-on 75 ml,,,"1,12 €",,"1,49 €/100 ml."
Desodorante Froiz mujer roll-on 75 ml,,,"1,12 €",,"1,49 €/100 ml."
Desodorante Froiz unisex roll-on 75 ml,,,"1,12 €",,"1,49 €/100 ml."
Desodorante Heno de Pravia spray 200 ml + 25 % gratis,,,"2,75 €",,"1,38 €/100 ml."
Desodorante Instituto Español piel atópica roll-on 75 ml,,,"2,69 €",,"3,59 €/100 ml."
Desodorante Lactovit roll-on 50 ml,,,"1,75 €",,"3,50 €/100 ml."
Desodorante Lactovit roll-on hombre 50ml,,,"1,75 €",,"3,50 €/100 ml."
Desodorante Lactovit spray 200 ml,,,"2,30 €",,"1,15 €/100 ml."
Desodorante Lactovit spray hombre 200 ml,,,"2,30 €",,"1,15 €/100 ml."
Desodorante Magno Marine spray 150ml,,,"1,99 €",,"1,33 €/100 ml."
Desodorante Nivea black & white invisible active roll-on 50 ml,,,"2,25 €",,"4,50 €/100 ml."
Desodorante Nivea Dry Impact men 200ml,,,"2,85 €",,"1,43 €/100 ml."
Desodorante Nivea Fresh invisible 200 ml,,,"2,85 €",,"1,43 €/100 ml."
Desodorante Nivea invisible men 200 ml,,,"2,75 €",,"1,38 €/100 ml."
Desodorante Nivea invisible mujer 200 ml,,,"2,75 €",,"1,38 €/100 ml."
Desodorante Nivea Invisible mujer roll-on 50 ml,,,"2,15 €",,"4,30 €/100 ml."
Desodorante Nivea men protege & cuida roll-on 50ml,,,"2,25 €",,"4,50 €/100 ml."
Desodorante Nivea men protege & cuida spray 200 ml,,,"2,95 €",,"1,48 €/100 ml."
Desodorante Nivea protege & cuida women roll-on 50ml,,,"2,25 €",,"4,50 €/100 ml."
Desodorante Nivea protege & cuida women spray 200ml,,,"2,95 €",,"1,48 €/100 ml."
Desodorante Nivea roll-on Cool Kick 50ml,,,"2,25 €",,"4,50 €/100 ml."
Desodorante Nivea roll-on dry comfort 50 ml,,,"2,25 €",,"4,50 €/100 ml."
Desodorante Nivea roll-on dry impact 50 ml,,,"2,15 €",,"4,30 €/100 ml."
Desodorante Nivea roll-on invis men 50ml,,,"2,15 €",,"4,30 €/100 ml."
Desodorante Rexona advance algodón 200ml,,,"2,99 €",,"1,50 €/100 ml."
Desodorante Rexona advance bright bouquet 200 ml,,,"2,99 €",,"1,50 €/100 ml."
Desodorante Rexona advance invisible aqua 200 ml,,,"2,99 €",,"1,50 €/100 ml."
Desodorante Rexona advance men invisible B&W 200 ml,,,"2,99 €",,"1,50 €/100 ml."
Desodorante Rexona advance men sport cool 200 ml,,,"2,99 €",,"1,50 €/100 ml."
Desodorante Rexona fresco aloe vera spray 200 ml,,,"2,49 €",,"1,25 €/100 ml."
Desodorante Rexona Maximum Protection Clean Scent stick en crema 45 ml,,,"3,75 €",,"8,33 €/100 ml."
Desodorante Rexona men Cobalt Blue spray 200 ml,,,"2,49 €",,"1,25 €/100 ml."
Desodorante Rexona men invisible ice spray 200 ml,,,"2,49 €",,"1,25 €/100 ml."
Desodorante Rexona roll-on algodón 50 ml,,,"1,99 €",,"3,98 €/100 ml."
Desodorante Rexona roll-on Cobalt Blue 50 ml,,,"1,99 €",,"3,98 €/100 ml."
Desodorante Rexona roll-on tropical girl 50 ml,,,"1,49 €",,"2,98 €/100 ml."
Desodorante Rexona women invisible Black & White spray 200 ml,,,"2,49 €",,"1,25 €/100 ml."
Desodorante Sanex efecto invisible spray 200 ml,,,"2,25 €",,"1,13 €/100 ml."
Desodorante Sanex extra control spray 200 ml,,,"2,25 €",,"1,13 €/100 ml."
Desodorante Sanex men active control spray 200 ml,,,"2,25 €",,"1,13 €/100 ml."
Desodorante Sanex natur protect invisible spray 200 ml (0% aluminio),,,"2,99 €",,"1,50 €/100 ml."
Desodorante Sanex roll-on dermo extra control 50 ml,,,"1,50 €",,"3,00 €/100 ml."
Desodorante Sanex roll-on dermo invisible 50 ml,,,"1,50 €",,"3,00 €/100 ml."
Desodorante Sanex roll-on dermo sensitive 50 ml,,,"1,50 €",,"3,00 €/100 ml."
Desodorante Sanex roll-on men active control 50 ml,,,"1,50 €",,"3,00 €/100 ml."
Desodorante Sanex roll-on natur protect normal 50 ml (sin aluminio),,,"1,99 €",,"3,98 €/100 ml."
Desodorante Williams spray 200 ml,,,"2,99 €",,"1,50 €/100 ml."
Desodorante Williams stick 75 ml,,,"1,99 €",,"2,65 €/100 ml."
Toallitas desodorantes Salustar con alumbre 15 u,,,"0,99 €",,"0,07 €/Unidad"
Cepillo Colgate extra clean medio 2+2 u,,,"1,99 €",,"1,00 €/Unidad"
Cepillo Colgate infantil suave + 6 años 2 u,,,"2,69 €",,"1,35 €/Unidad"
Cepillo dental Binaca active duplo,,,"2,35 €",,"2,35 €/Unidad"
Cepillo dental Colgate 360 grados medio,,,"2,25 €",,"2,25 €/Unidad"
Cepillo dental Colgate Bambú suave,,,"3,99 €",,"3,99 €/Unidad"
Cepillo dental Colgate Zig-Zag medio 2+1 u,,,"2,25 €",,"1,13 €/Unidad"
Cepillo dental Froiz Active medio,,,"0,89 €",,"0,89 €/Unidad"
Cepillo dental Froiz Active suave,,,"0,89 €",,"0,89 €/Unidad"
Cepillo dental Froiz infantil suave,,,"0,89 €",,"0,89 €/Unidad"
Cepillo Dental Froiz medio 3 u,,,"1,00 €",,"0,33 €/Unidad"
Cepillo Dental Froiz suave 3 u,,,"1,00 €",,"0,33 €/Unidad"
Cepillo dental Oral B 1-2-3 shiny 2 u,,,"2,57 €",,"1,29 €/Unidad"
Cepillo dental Pierrot eléctrico ref.111,,,"5,95 €",,"5,95 €/Unidad"
Cepillo dental Pierrot Junior Suave r.20,,,"1,95 €",,"1,95 €/Unidad"
Cepillo dental Pierrot New Balance Duro ref. 09,,,"1,95 €",,"1,95 €/Unidad"
Cepillo dental Sensodyne repair & protect suave,,,"2,69 €",,"2,69 €/Unidad"
Cepillo dental Signal crecimiento,,,"3,35 €",,"3,35 €/Unidad"
Cepillo dental Signal medio pack 2+2 u,,,"2,19 €",,"1,10 €/Unidad"
Cepillo dental Signal prof. medio,,,"2,39 €",,"2,39 €/Unidad"
Cepillo interdental Lea fresh extrafino 5 u,,,"1,49 €",,"0,30 €/Unidad"
Crema dental Binaca aliento fresco 75 ml,,,"1,39 €",,"1,85 €/100 ml."
Crema dental Binaca fluor+bradosol 75 ml,,,"1,39 €",,"1,85 €/100 ml."
Crema dental Centra Line 2 en 1 menta 100 ml,,,"1,05 €",,"1,05 €/100 ml."
Crema dental Centra Line acción total 75ml,,,"0,75 €",,"1,00 €/100 ml."
Crema dental Centra Line blanqueador 75 ml,,,"0,75 €",,"1,00 €/100 ml."
Crema dental Colgate 75 ml gel,,,"1,39 €",,"1,85 €/100 ml."
Crema dental Colgate anti-sarro 75 ml,,,"1,39 €",,"1,85 €/100 ml."
Crema dental Colgate anticaries 75 ml,,,"1,39 €",,"1,85 €/100 ml."
Crema dental Colgate encías alivia & repara 75 ml,,,"3,99 €",,"5,32 €/100 ml."
Crema dental Colgate herbal 75 ml,,,"1,39 €",,"1,85 €/100 ml."
Crema dental Colgate max fresh 75 ml,,,"1,54 €",,"2,05 €/100 ml."
Crema dental Colgate max white carbon 75 ml,,,"2,95 €",,"3,93 €/100 ml."
Crema dental Colgate max white one 75ml,,,"1,95 €",,"2,60 €/100 ml."
Crema dental Colgate maximum protection anticaries 75ml,,,"1,49 €",,"1,99 €/100 ml."
Crema dental Colgate Sensation blanqueante 75ml,,,"1,54 €",,"2,05 €/100 ml."
Crema dental Colgate sensitive alivio inmediato esmalte sano 75 ml,,,"3,45 €",,"4,60 €/100 ml."
Crema dental Colgate Sensitive espuma 75ml,,,"2,25 €",,"3,00 €/100 ml."
Crema dental Colgate total blanqueador 75 ml,,,"1,95 €",,"2,60 €/100 ml."
Crema dental Colgate total esmalte sano 75 ml,,,"2,35 €",,"3,13 €/100 ml."
Crema dental Colgate total original 75 ml,,,"1,95 €",,"2,60 €/100 ml."
Crema dental Colgate triple acción 75 ml,,,"1,39 €",,"1,85 €/100 ml."
Crema dental Denivit 50 ml,,,"2,10 €",,"4,20 €/100 ml."
Crema dental Kemphor 100 ml,,,"2,45 €",,"2,45 €/100 ml."
Crema dental L. Polo 2 en 1 blanq. 75ml,,,"1,57 €",,"2,09 €/100 ml."
Crema dental L. Polo 2 en 1 junior 75 ml,,,"2,10 €",,"2,80 €/100 ml."
Crema dental L. Polo 2en1 aliento fr 75,,,"2,10 €",,"2,80 €/100 ml."
Crema dental L.Polo fluor protect 75ml,,,"0,94 €",,"1,25 €/100 ml."
Crema dental L.Polo junior fresa 50 ml,,,"1,79 €",,"3,58 €/100 ml."
Crema dental Licor del Polo 2en1 menta fresca 75ml,,,"1,57 €",,"2,09 €/100 ml."
Crema dental Licor del Polo Acción3 75 ml,,,"1,79 €",,"2,39 €/100 ml."
Crema dental Licor del Polo Bio blanqueador 75 ml,,,"2,30 €",,"3,07 €/100 ml."
Crema dental Licor del Polo Bio junior fresa 1-6 años 50 ml,,,"2,49 €",,"4,98 €/100 ml."
Crema dental Licor del Polo blanco polar 75 ml,,,"1,79 €",,"2,39 €/100 ml."
Crema dental Licor Polo clorofila 75 ml,,,"1,57 €",,"2,09 €/100 ml."
Crema dental Oral B pro-expert protección contra la sensibilidad 75 ml,,,"2,65 €",,"3,53 €/100 ml."
Crema dental Oral B repair encias y esmalte blanqueante 75ml,,,"3,99 €",,"5,32 €/100 ml."
Crema dental Oral B repair encias y esmalte original 75ml,,,"3,99 €",,"5,32 €/100 ml."
Crema dental Oral B sensibilidad & encías Calm original 75 ml,,,"4,49 €",,"5,99 €/100 ml."
Crema dental Parodontax Complete Protection Original 75 ml,,,"4,75 €",,"6,33 €/100 ml."
Crema dental Parodontax frescor diario 75 ml,,,"4,39 €",,"5,85 €/100 ml."
Crema dental Sensodyne blanqueador 75 ml,,,"3,59 €",,"4,79 €/100 ml."
Crema dental Sensodyne protección diaria 75 ml,,,"3,59 €",,"4,79 €/100 ml."
Crema dental Sensodyne repair&protect 75 ml,,,"4,29 €",,"5,72 €/100 ml."
Crema dental Sensodyne sensibilidad y encías 75 ml,,,"4,29 €",,"5,72 €/100 ml."
Crema dental Signal bicarbonato 100 ml,,,"1,75 €",,"1,75 €/100 ml."
Crema dental Signal crecimiento 50ml,,,"1,55 €",,"3,10 €/100 ml."
Crema dental Signal frescor explosivo 75 ml,,,"1,55 €",,"2,07 €/100 ml."
Crema dental Signal gel fresco 75 ml,,,"1,49 €",,"1,99 €/100 ml."
Crema dental Signal plus anticaries 75ml,,,"1,55 €",,"2,07 €/100 ml."
Crema Polident fijadora para prótesis dentales 40 ml,,,"4,25 €",,"10,63 €/100 ml."
Elixir Listerine dientes encías 500 ml,,,"5,00 €",,"1,00 €/100 ml."
Elixir Listerine menta fresca 500 ml,,,"4,99 €",,"1,00 €/100 ml."
Elixir Listerine mentol 500 ml,,,"4,99 €",,"1,00 €/100 ml."
Elixir Listerine Mentol Suave SIN Alcohol 500 ml,,,"4,99 €",,"1,00 €/100 ml."
Elixir Listerine Total Care 500 ml,,,"5,00 €",,"1,00 €/100 ml."
Enjuague bucal Centra Line rojo 500 ml,,,"1,50 €",,"0,30 €/100 ml."
Enjuague bucal Centra Line verde 500 ml,,,"1,35 €",,"0,27 €/100 ml."
Enjuague bucal Colgate Plax verde 500 ml,,,"3,65 €",,"0,73 €/100 ml."
Enjuague bucal Licor del Polo verde 500ml,,,"4,49 €",,"0,90 €/100 ml."
Enjuague bucal Oral B proexpert protección profesional 500 ml,,,"4,54 €",,"0,91 €/100 ml."
Gel dentífrico Centra Line frescor 75 ml,,,"0,79 €",,"1,05 €/100 ml."
Hilo dental Lea fresh 50m,,,"0,99 €",,"0,02 €/Metro"
Hilo dental Pierrot mentolado fluor r.41,,,"1,95 €",,"1,95 €/Unidad"
Mini Kit Dental Pierrot Express ref.333,,,"3,95 €",,"3,95 €/Unidad"
Mini Kit Dental Pierrot Sharky Infantil,,,"3,85 €",,"3,85 €/Unidad"
Tabletas limpiadoras Polident fórmula limpiadora para prótesis dentales 30 u,,,"4,35 €",,"0,15 €/Unidad"
Axe neceser Dark Temptation desodorante + gel de ducha + after shave,,,"11,00 €",,"11,00 €/Unidad"
Bomba Walkiria efervescente 150 g 4904,,,"1,99 €",,"13,27 €/Kilogramo"
Exfoliante Walkiria spa argán 220 ml,,,"3,29 €",,"1,50 €/100 ml."
Exfoliante Walkiria spa rosa mosqueta 220 ml,,,"3,29 €",,"1,50 €/100 ml."
Gel Adidas After Sport 400 ml,,,"2,95 €",,"0,74 €/100 ml."
Gel Axe Black 400ml,,,"2,45 €",,"0,61 €/100 ml."
Gel Axe Dark Temptation 400 ml,,,"2,45 €",,"0,61 €/100 ml."
Gel Babaria Tonificante 600 ml,,,"1,99 €",,"0,33 €/100 ml."
Gel Badedas classic 750 ml,,,"10,99 €",,"1,47 €/100 ml."
Gel Crowe baño exfoliante 200ml,,,"2,45 €",,"1,23 €/100 ml."
Gel de baño Lactovit lactourea 600 ml,,,"2,34 €",,"0,39 €/100 ml."
Gel de baño Lactovit nutritivo 900 ml,,,"3,19 €",,"0,35 €/100 ml."
Gel Dove cuidado y protección piel seca 600ml,,,"3,65 €",,"0,61 €/100 ml."
Gel Dove hidratación profunda 600ml,,,"3,65 €",,"0,61 €/100 ml."
Gel Dove oleo argán nutritivo 500 ml,,,"3,65 €",,"0,73 €/100 ml."
Gel ecológico Biosei oliva y almendras 600 ml,,,"3,95 €",,"0,66 €/100 ml."
Gel Froiz aloe vera 750 ml,,,"1,20 €",,"0,16 €/100 ml."
Gel Froiz glicerina y tomillo 750 ml,,,"1,40 €",,"0,19 €/100 ml."
Gel Froiz oliva y leche 750 ml,,,"1,40 €",,"0,19 €/100 ml."
Gel Froiz Zero 750 ml,,,"1,29 €",,"0,17 €/100 ml."
Gel Heno de Pravia Hidratante 650 ml,,,"2,69 €",,"0,41 €/100 ml."
Gel Hidro-Genesse hidratante 800 ml,,,"1,95 €",,"0,24 €/100 ml."
Gel Hidro-Genesse relajante 800 ml,,,"1,95 €",,"0,24 €/100 ml."
Gel Instituto Español aloe 1250 ml,,,"1,99 €",,"1,59 €/Litro"
Gel Instituto Español avena 1250 ml,,,"1,99 €",,"0,16 €/100 ml."
Gel Instituto Español piel atópica 500ml,,,"4,20 €",,"0,84 €/100 ml."
Gel Kinesia repara y protege con avena coloidal para piel frágil y seca 750 ml,,,"2,49 €",,"3,32 €/Litro"
Gel La Toja Aguacate + body 550ml,,,"2,85 €",,"0,52 €/100 ml."
Gel La Toja Aloe Vera 550ml,,,"2,85 €",,"0,52 €/100 ml."
Gel La Toja nutri oil coco 550ml,,,"2,85 €",,"0,52 €/100 ml."
Gel La Toja sales minerales 550ml,,,"2,30 €",,"0,42 €/100 ml."
Gel Lida natural de glicerina 600 ml,,,"3,89 €",,"0,65 €/100 ml."
Gel Magno classic 550 ml,,,"2,69 €","2,90 €","0,49 €/100 ml."
Gel Magno Gold 550 ml,,,"2,69 €","3,49 €","0,49 €/100 ml."
Gel Magno Marine 550 ml,,,"2,69 €","3,49 €","0,49 €/100 ml."
Gel Moussel classique 650 ml,,,"3,19 €",,"0,49 €/100 ml."
Gel Moussel douche creme 650 ml,,,"3,65 €",,"0,56 €/100 ml."
Gel Natural Honey coco 600 ml,,,"1,70 €",,"0,28 €/100 ml."
Gel Natural Honey colonia 600 ml,,,"1,70 €",,"0,28 €/100 ml."
Gel Natural Honey té verde 600 ml,,,"1,70 €",,"0,28 €/100 ml."
Gel NB hidratante 550 ml,,,"2,29 €",,"0,42 €/100 ml."
Gel NB leche y miel 550 ml,,,"2,29 €",,"0,42 €/100 ml."
Gel NB nutritivo con almendras 550 ml,,,"2,29 €",,"0,42 €/100 ml."
Gel Nivea Care & Coconut 750 ml,,,"2,95 €",,"0,39 €/100 ml."
Gel Nivea Crema Soft 750 ml,,,"2,95 €",,"0,39 €/100 ml."
Gel Nivea Creme Care 750 ml,,,"2,95 €",,"0,39 €/100 ml."
Gel Sanex biome protect dermo 250 ml,,,"1,89 €",,"0,76 €/100 ml."
Gel Sanex biome protect dermo 550 ml,,,"2,99 €",,"0,54 €/100 ml."
Gel Sanex biome protect prohydrate 550 ml,,,"2,99 €",,"0,54 €/100 ml."
Gel Sanex dermo protector 850 ml,,,"3,49 €",,"0,41 €/100 ml."
Gel Sanex Zero piel normal sin alérgenos 550 ml,,,"2,99 €",,"0,54 €/100 ml."
Gel Walkiria spa minerales marinos 800 ml,,,"4,99 €",,"0,62 €/100 ml."
Gel Walkiria Spassion 800 ml 4777 vert,,,"5,49 €",,"0,69 €/100 ml."
Neceser Dove men gel 400 ml + desodorante 200 ml + champú 250 ml,,,"9,99 €",,"9,99 €/Unidad"
Sales de baño Walkiria Spa marino 550 g,,,"3,35 €",,"6,09 €/Kilogramo"
Sales de baño Walkiria Spa rosa mosqueta 550 g,,,"3,35 €",,"6,09 €/Kilogramo"
Set Rellenable de Viaje Disna AT-VI,,,"3,99 €",,"3,99 €/Unidad"
Gel Walkiria manos aloe vera 400 ml,,,"3,95 €",,"0,99 €/100 ml."
Gel Walkiria manos arándanos 400 ml,,,"3,95 €",,"0,99 €/100 ml."
Gel Walkiria manos argán 400 ml,,,"3,95 €",,"0,99 €/100 ml."
Gel Walkiria manos minerales marinos 400 ml,,,"3,95 €",,"0,99 €/100 ml."
Gel Walkiria manos rosa mosqueta 400 ml,,,"3,95 €",,"0,99 €/100 ml."
Jabón de manos Crowe dermo dosificador 500 ml,,,"0,80 €",,"0,16 €/100 ml."
Jabón de manos Sanytol antibactericida nutritivo dosificador 250 ml,,,"2,39 €",,"0,96 €/100 ml."
Jabón Dove original pastilla 2x100 g,,,"1,44 €",,"0,72 €/Unidad"
Jabón exfoliante Walkiria 200 g,,,"2,49 €",,"12,45 €/Kilogramo"
Jabón Froiz dosif. Aloe Vera 500 ml,,,"1,45 €",,"0,29 €/100 ml."
Jabón Froiz Dosif. Glicerina 500 ml,,,"1,30 €",,"0,26 €/100 ml."
Jabón Froiz dosificador coco 500 ml,,,"1,45 €",,"0,29 €/100 ml."
Jabón Froiz neutralizador olores 500 ml,,,"1,50 €",,"0,30 €/100 ml."
Jabón Heno de Pravia glicerina 3x125 g,,,"2,75 €",,"7,33 €/Kilogramo"
Jabón Heno de Pravia pack 3x150g,,,"2,30 €",,"5,11 €/Kilogramo"
Jabón La Toja Hidrotermal 2x125g,,,"1,99 €",,"0,80 €/100 grs."
Jabón Lida glicerina lote 3x125 g,,,"2,89 €",,"7,71 €/Kilogramo"
Jabón líquido Babaria aloe vera dosificador 500 ml,,,"1,59 €",,"0,32 €/100 ml."
Jabón líquido Sanex Zero dosificador 250 ml,,,"2,09 €",,"0,84 €/100 ml."
Jabón Lux 2x125g,,,"1,35 €",,"5,40 €/Kilogramo"
Jabón Magno Classic 2x100g,,,"2,79 €",,"13,95 €/Kilogramo"
Jabón Palmolive líquido 300 ml,,,"1,59 €",,"0,53 €/100 ml."
Jabón Palmolive oliva 3x90g,,,"1,54 €",,"5,70 €/Kilogramo"
Jabón Puig Lavanda aromático 3x125g,,,"2,95 €",,"7,87 €/Kilogramo"
Jabón Walkiria Glicerina 6001,,,"1,19 €",,"1,19 €/Unidad"
Braga pañal Indasec Pant súper talla mediana 10 u,,,"9,40 €",,"0,94 €/Unidad"
Braga-pañal Indasec Pant súper talla grande 10u cintura 100-140 cm,,,"9,40 €",,"0,94 €/Unidad"
Compresa Ausonia 100% algodón orgánico normal 12 u,,,"2,99 €",,"0,25 €/Unidad"
Compresa Ausonia Discreet extra 10 u,,,"3,76 €",,"0,38 €/Unidad"
Compresa Ausonia Discreet normal 12 u,,,"3,76 €",,"0,31 €/Unidad"
Compresa Ausonia extraplana 12 u,,,"1,69 €",,"0,14 €/Unidad"
Compresa Ausonia noche alas 9 u,,,"1,59 €",,"0,18 €/Unidad"
Compresa Ausonia noche superplus 9 u,,,"2,29 €",,"0,25 €/Unidad"
Compresa Ausonia súper alas 12 u,,,"1,59 €",,"0,13 €/Unidad"
Compresa de incontinencia Secretísima extra 10 u,,,"1,98 €",,"0,20 €/Unidad"
Compresa de incontinencia Tena Lady Discreet extra 10 u,,,"4,49 €",,"0,45 €/Unidad"
Compresa de incontinencia Tena Lady Discreet mini 20 u,,,"4,49 €",,"0,22 €/Unidad"
Compresa de incontinencia Tena Lady Discreet normal 12 u,,,"4,49 €",,"0,37 €/Unidad"
Compresa de incontinenciaTena Discreet maxi night 12 u,,,"8,19 €",,"0,68 €/Unidad"
Compresa Evax cottonlike alas noche 11 u,,,"2,99 €",,"0,27 €/Unidad"
Compresa Evax Cottonlike normal alas 16,,,"2,45 €",,"0,15 €/Unidad"
Compresa Evax Cottonlike sup.p c/alas 10,,,"2,20 €",,"0,22 €/Unidad"
Compresa Evax Cottonlike super c/alas 12,,,"2,20 €",,"0,18 €/Unidad"
Compresa Evax Fina y Segura maxi 13 u,,,"1,49 €",,"0,11 €/Unidad"
Compresa Evax Fina y Segura normal 16 u,,,"1,49 €",,"0,09 €/Unidad"
Compresa Evax Liberty normal alas 12 u,,,"3,19 €",,"0,27 €/Unidad"
Compresa Evax Liberty super alas 10 u,,,"3,19 €",,"0,32 €/Unidad"
Compresa Indasec extra 20 u,,,"5,79 €",,"0,29 €/Unidad"
Compresa Indasec maxi 15 u,,,"5,79 €",,"0,39 €/Unidad"
Compresa Indasec normal 24 u,,,"5,79 €",,"0,24 €/Unidad"
Compresa Secretísima extraplana 20u,,,"1,10 €",,"0,06 €/Unidad"
Compresa Secretísima noche 10 u,,,"1,00 €",,"0,10 €/Unidad"
Compresa Secretísima ultra normal 28 u,,,"2,05 €",,"0,07 €/Unidad"
Compresa Secretísima ultra normal alas 28 u,,,"2,05 €",,"0,07 €/Unidad"
Compresa Secretísima ultra súper alas 24 u,,,"2,00 €",,"0,08 €/Unidad"
Copa menstrual Dytas tamaño 1,,,"9,00 €",,"9,00 €/Unidad"
Copa menstrual Dytas tamaño 2,,,"9,00 €",,"9,00 €/Unidad"
Gel íntimo Chilly dosificador 250 ml,,,"3,63 €",,"1,45 €/100 ml."
Gel íntimo Crowe dosificador 500 ml,,,"1,30 €",,"2,60 €/Litro"
Pañal Affective Advanced t/g adulto 20 u,,,"12,68 €",,"0,63 €/Unidad"
Pant Tena men plus Talla L 8 u,,,"11,29 €",,"1,41 €/Unidad"
Pant Tena men plus Talla M 9 u,,,"11,29 €",,"1,25 €/Unidad"
Protege slip Ausonia normal 40 u,,,"1,55 €",,"0,04 €/Unidad"
Protege slip Carefree FlexiForm 30 u,,,"1,89 €",,"0,06 €/Unidad"
Protege slip Carefree Fresh 40+4u,,,"2,09 €",,"0,05 €/Unidad"
Protege slip Carefree maxi 48 u,,,"2,65 €",,"0,06 €/Unidad"
Protege Slip Carefree plus large fresh 36 u,,,"2,35 €",,"0,07 €/Unidad"
Protege slip Carefree transpirable 40+4 u,,,"2,09 €",,"0,05 €/Unidad"
Protege Slip de incontinencia Tena Discreet ultra mini 28 u,,,"2,99 €",,"0,11 €/Unidad"
Protege Slip Secretísima maxi 52 u,,,"2,25 €",,"0,04 €/Unidad"
Salvacamas Affective cover pro 60x90 20,,,"7,38 €",,"0,37 €/Unidad"
Salvaslip Evax Fresh en bolsitas 40 u,,,"1,99 €",,"0,05 €/Unidad"
Salvaslip Evax maxi 72 u,,,"4,23 €",,"0,06 €/Unidad"
Tampax compak lites (mini) 24 u,,,"3,35 €",,"0,14 €/Unidad"
Tampax Compak regular 22u,,,"3,35 €",,"0,15 €/Unidad"
Tampax Compak super 20 u,,,"3,35 €",,"0,17 €/Unidad"
Tampax Compak super plus 18u,,,"3,35 €",,"0,19 €/Unidad"
Tampón Secretísima con aplicador compacto normal 24 u,,,"2,50 €",,"0,10 €/Unidad"
Tampón Secretísima con aplicador compacto súper 24 u,,,"2,50 €",,"0,10 €/Unidad"
Tampones O.B. normal 32 u,,,"5,69 €",,"0,18 €/Unidad"
Tampones O.B. super 32 u,,,"5,69 €",,"0,18 €/Unidad"
Tampones Tampax Compak Pearl regular 16 u,,,"2,69 €","3,00 €","0,17 €/Unidad"
Tampones Tampax Compak Pearl super 16 u,,,"2,69 €","3,00 €","0,17 €/Unidad"
Tampones Tampax Compak Pearl superplus 16 u,,,"2,69 €","3,00 €","0,17 €/Unidad"
Toallitas Froiz húmedas adulto 64 u,,,"3,19 €",,"0,05 €/Unidad"
Toallitas íntimas Chilly fresh pocket WC 12 toallitas,,,"2,39 €",,"0,20 €/Unidad"
Abrillantador Alex Parquet 1500,,,"4,99 €",,"3,33 €/Litro"
Agua fuerte Froiz 1.5 l,,,"1,15 €",,"0,77 €/Litro"
Alcohol Froiz limpieza y quemar perfumado 1 l,,,"2,20 €",,"2,20 €/Litro"
Amoniaco Froiz 1.5 l,,,"0,62 €",,"0,41 €/Litro"
Amoniaco Froiz con detergente 1.5 l,,,"0,95 €",,"0,63 €/Litro"
Amoniaco Froiz perfumado 1.5 l,,,"0,62 €",,"0,41 €/Litro"
Amoniaco perfumado PQS 1 l,,,"0,95 €",,"0,95 €/Litro"
Desinfectante Amukina líq. 500ml,,,"3,95 €",,"7,90 €/Litro"
Desinfectante de superficies Cooperbacter acción bactericida aroma menta 200 ml,,,"1,99 €",,"9,95 €/Litro"
Desinfectante Sanytol hogar y tejidos 300 ml,,,"3,65 €",,"12,17 €/Litro"
Bayeta Ballerina multiusos lote ahorro 3 u,,,"1,58 €",,"0,53 €/Unidad"
Bayeta Froiz amarilla 3 u,,,"0,62 €",,"0,21 €/Unidad"
Bayeta Froiz microfibra cristales,,,"0,90 €",,"0,90 €/Unidad"
Bayeta Froiz microfibra muebles,,,"0,90 €",,"0,90 €/Unidad"
Bayeta Froiz microfibra multiusos 3 u (cocina-salón-baño),,,"1,90 €",,"0,63 €/Unidad"
Bayeta Froiz multiusos color 6 u,,,"0,85 €",,"0,14 €/Unidad"
Bayeta Rex Punto Blanco R51. P2,,,"1,15 €",,"0,58 €/Unidad"
Bayeta Spontex microfibra económica XXL 4+1 u,,,"3,99 €",,"1,00 €/Unidad"
Bayeta Spontex Origin especial posavajillas,,,"2,29 €",,"2,29 €/Unidad"
Bayeta Vileda cristales 40x36 cm,,,"1,95 €","2,15 €","1,95 €/Unidad"
Bayeta Vileda microfibra multi/confort unidad,,,"1,69 €",,"1,69 €/Unidad"
Bayeta Vileda Microfibra Ultra Fresh 2 u,,,"2,69 €",,"1,35 €/Unidad"
Bayeta Vileda microfibras style 4 u,,,"4,25 €",,"1,06 €/Unidad"
Bayeta Vileda suave antibacterias pack 2,,,"1,75 €",,"0,88 €/Unidad"
Bayeta Vileda ultra fresh suave (35x40 cm.) 2+1 u,,,"1,69 €",,"0,85 €/Unidad"
Posavajillas decorado Spontex 40x50 cm,,,"1,99 €",,"1,99 €/Unidad"
Posavajillas Froiz 50x38 cm,,,"1,15 €",,"1,15 €/Unidad"
Cepillo Vigar buque plast,,,"3,09 €",,"3,09 €/Unidad"
Cepillo Vigar gardenia,,,"1,99 €",,"1,99 €/Unidad"
Cepillo Vigar Jet fregar con asa,,,"2,29 €",,"2,29 €/Unidad"
Cepillo Vigar lava platos super,,,"2,15 €",,"2,15 €/Unidad"
Cepillo Vigar Lavavasos y Botellas Hergo,,,"4,25 €",,"4,25 €/Unidad"
Cepillo Vikinga buque,,,"1,29 €",,"1,29 €/Unidad"
Cepillo Vikinga fregar 4x9 plastik,,,"0,64 €",,"0,64 €/Unidad"
Cepillo Vileda 3action,,,"4,49 €",,"4,49 €/Unidad"
Cera Alex autobrillante incol.bolsit.200,,,"1,58 €",,"7,90 €/Litro"
Cera Alex líquida incolora 750 ml,,,"3,49 €",,"4,65 €/Litro"
Cera Alex parquet profes. 750ml,,,"3,99 €",,"5,32 €/Litro"
Cera Alex perf. incolora lata 500 g,,,"7,99 €",,"15,98 €/Kilogramo"
Cera Hechicera marmol y terrazo 750 ml,,,"2,94 €",,"3,92 €/Litro"
Cera Hechicera parquet y madera 750 ml,,,"3,29 €",,"4,39 €/Litro"
Cubo + Escurridor Froiz 13 l,,,"3,59 €",,"3,59 €/Unidad"
Cubo Froiz ovalado 15 l + Escurridor,,,"3,89 €",,"3,89 €/Unidad"
Cubo Vigar rectangular azul con escurridor automático y ruedas 16 l,,,"10,85 €",,"10,85 €/Unidad"
Cubo Vigar rectangular super con escurridor 12 l,,,"10,25 €",,"10,25 €/Unidad"
Cubo Vileda escurrefácil 10 l,,,"10,59 €",,"10,59 €/Unidad"
Desatascador Froiz líquido 1 l,,,"1,90 €",,"1,90 €/Litro"
Desatascador Vigar Fuelle con Agarre Ergonómico surtido,,,"1,89 €",,"1,89 €/Unidad"
Desatascador Vikinga de fuelle,,,"1,29 €",,"1,29 €/Unidad"
Desatascador Wc Net Gel Energy 1 l,,,"5,99 €",,"5,99 €/Litro"
Sosa cáustica Froiz tarro 1 kg,,,"3,40 €",,"3,40 €/Kilogramo"
Wc Net fosas sépticas 20 u,,,"11,87 €",,"0,59 €/Unidad"
Wc Net limpia tuberías gel 1l,,,"5,99 €",,"5,99 €/Litro"
Limpiador KH-7 cocina pistola 750 ml,,,"2,89 €",,"3,85 €/Litro"
Limpiador Tenn brillante cocina pistola 500 ml,,,"2,79 €",,"5,58 €/Litro"
Limpiahornos Mr. Músculo Forza 300 ml,,,"5,49 €",,"18,30 €/Litro"
Quitagrasa KH-7 fórmula ecológica pistola 650 ml,,,"3,39 €",,"5,22 €/Litro"
Quitagrasa KH-7 pistola 780 ml,,,"2,95 €",,"3,78 €/Litro"
Quitagrasa KH-7 recambio 780 ml,,,"2,90 €",,"3,72 €/Litro"
Quitagrasa Zorka pistola 750 ml,,,"2,79 €",,"3,72 €/Litro"
Quitagrasa Zorka recambio 1 l,,,"2,79 €",,"2,79 €/Litro"
Quitagrasas Froiz pistola 750 ml,,,"1,30 €",,"1,73 €/Litro"
Escoba Froiz curva,,,"1,15 €",,"1,15 €/Unidad"
Escoba Froiz decorada con mango,,,"4,69 €",,"4,69 €/Unidad"
Escoba Froiz Florida,,,"1,99 €",,"1,99 €/100 ml."
Escoba Froiz moqueta y exterior,,,"2,70 €",,"2,70 €/Unidad"
Escoba Froiz multiusos,,,"2,15 €",,"2,15 €/Unidad"
Escoba Froiz pelo superficies delicadas,,,"3,25 €",,"3,25 €/Unidad"
Escoba Vigar Basic Canoa Ladybug con Palo,,,"15,50 €",,"15,50 €/Unidad"
Escoba Vigar cool exterior ref. 5235,,,"3,29 €",,"3,29 €/Unidad"
Escoba Vigar goma,,,"8,75 €",,"8,75 €/Unidad"
Escoba Vigar Nova Lady,,,"3,15 €",,"3,15 €/Unidad"
Escoba Vigar Nova maxi,,,"4,29 €",,"4,29 €/Unidad"
Escoba Vigar Nova mini,,,"2,75 €",,"2,75 €/Unidad"
Escoba Vikinga Niza c/mango,,,"2,19 €",,"2,19 €/Unidad"
Escobón Froiz con mango,,,"2,99 €",,"2,99 €/Metro"
Escobón Vigar pelo puro,,,"6,99 €",,"6,99 €/Unidad"
Escobilla Vigar WC redonda,,,"1,49 €",,"1,49 €/Unidad"
Escobillero Vigar Zara,,,"3,75 €",,"3,75 €/Unidad"
Set Escobillero WC Flower Power Cactus Blanco,,,"9,95 €",,"9,95 €/Unidad"
Soporte Mariño c/escobilla standard,,,"2,45 €",,"2,45 €/Unidad"
Almohadilla limpieza Froiz superficies delicadas 2 u,,,"0,89 €",,"0,45 €/Unidad"
Estropajo Ajax acero inoxidable 20 g,,,"1,10 €",,"1,10 €/Unidad"
Estropajo Ajax jabonoso brillo 7 u,,,"0,99 €",,"0,14 €/Unidad"
Estropajo Froiz acero inoxidable pack-3,,,"0,70 €",,"0,23 €/Unidad"
Estropajo Froiz con esponja 2 u,,,"0,67 €",,"0,34 €/Unidad"
Estropajo Froiz salvauñas pack-3,,,"0,65 €",,"0,22 €/Unidad"
Estropajo Froiz superficies delicadas no raya pack 2 u azul,,,"0,60 €",,"0,30 €/Unidad"
Estropajo Froiz verde 15x20 pack 2,,,"0,62 €",,"0,31 €/Unidad"
Estropajo Scotch-Brite baño fibra blanco,,,"1,35 €",,"1,35 €/Unidad"
Estropajo Scotch-Brite no-raya grande,,,"1,19 €",,"1,19 €/Unidad"
Estropajo Scotch-Brite salvauñas 2 u,,,"0,99 €",,"0,50 €/Unidad"
Estropajo Scotch-Brite verde esponja,,,"1,00 €",,"1,00 €/Unidad"
Estropajo Scotch-Brite verde gigante,,,"0,98 €",,"0,98 €/Unidad"
Estropajo Scotch-Brite verde popular,,,"0,92 €",,"0,92 €/Unidad"
Estropajo Spontex Frotaspon pack 2,,,"1,65 €",,"0,83 €/Unidad"
Estropajo Spontex salvauñas frotamax,,,"0,89 €",,"0,89 €/Unidad"
Estropajo Vileda fibra con esponja antibacterias 2+1 gratis,,,"1,55 €",,"0,78 €/Unidad"
Nanas Níquel tamaño grande 21g,,,"0,99 €",,"0,99 €/Unidad"
Fregasuelos Briflor brisa marina 1 l,,,"1,35 €",,"1,35 €/Litro"
Fregasuelos Briflor flores frescas 1 l,,,"1,35 €",,"1,35 €/Litro"
Fregasuelos Briflor limón fresco 1 l,,,"1,35 €",,"1,35 €/Litro"
Fregasuelos Briflor manzana verde 1 l,,,"1,35 €",,"1,35 €/Litro"
Fregasuelos Donaire concentrado 750 ml,,,"2,49 €",,"3,32 €/Litro"
"Fregasuelos Froiz floral 1,5 l",,,"0,95 €",,"0,63 €/Litro"
Fregasuelos Froiz pétalos concentrado 1 l,,,"1,59 €",,"1,59 €/Litro"
"Fregasuelos Froiz pino 1,5 l",,,"0,95 €",,"0,63 €/Litro"
Fregona Bahia extra algodón recambio,,,"1,95 €",,"1,95 €/Unidad"
Fregona Froiz algodón especial nº 3,,,"1,09 €",,"1,09 €/Unidad"
Fregona Froiz microfibra,,,"1,49 €",,"1,49 €/Unidad"
Fregona Froiz Microfibra en tiras azul,,,"1,99 €",,"1,99 €/Unidad"
Fregona Froiz suave y absorbente amarillo,,,"0,79 €",,"0,79 €/Unidad"
Fregona Froiz super absorbente azul,,,"0,99 €",,"0,99 €/Unidad"
Fregona Juan XXIII algodón,,,"1,19 €",,"1,19 €/Unidad"
Fregona Rex algodón extralarga ref. 220,,,"1,59 €",,"1,59 €/Unidad"
Fregona Vigar Microfibra Ladybug con Palo,,,"13,50 €",,"13,50 €/Unidad"
Fregona Vigar microfibra turquesa,,,"4,75 €",,"4,75 €/Unidad"
Fregona Vileda Microfibras Tiras Super,,,"3,55 €",,"3,55 €/Unidad"
Fregona Vileda Super,,,"2,29 €",,"2,29 €/Unidad"
Fregona Vileda super suave,,,"2,09 €",,"2,09 €/Unidad"
Gamuza Pla atrapapolvo 40x30 20 u,,,"1,15 €",,"0,06 €/Unidad"
Gamuza Rex 2 caras 43 x 40 ref. 33,,,"1,09 €",,"1,09 €/Unidad"
Vajillas Fairy maxi poder anti-goteo 540 ml,,,"4,75 €",,"8,80 €/Litro"
Vajillas Fairy ultra original 820ml,,,"2,62 €",,"3,20 €/Litro"
Vajillas Fairy ultra poder 800 ml,,,"4,45 €",,"5,56 €/Litro"
Vajillas Flota 750 ml,,,"1,05 €",,"1,40 €/Litro"
"Vajillas Froiz 1,5 l",,,"1,36 €",,"0,91 €/Litro"
Vajillas Froiz concentrado 1 l,,,"1,50 €",,"1,50 €/Litro"
Vajillas Froiz concentrado aloe vera dosificador 600 ml,,,"1,39 €",,"2,32 €/Litro"
Vajillas Froiz superconcentrado higiene 1 l,,,"1,42 €",,"1,42 €/Litro"
Ambientador Finish limón 60 lav,,,"4,29 €",,"0,07 €/Lavado"
Ambientador Selex lavavajillas cítrico 80 lavados,,,"0,99 €",,"0,01 €/Lavado"
Lavavajillas máquina Selex en gel todo en 1 36 lavados 720 ml,,,"2,99 €",,"4,15 €/Litro"
Limpiamáquinas Finish 250 ml,,,"3,42 €",,"13,68 €/Litro"
Sal para lavavajillas Selex 3 kg,,,"1,10 €",,"0,37 €/Kilogramo"
Vajillas Finish abrillantador 500 ml,,,"4,80 €",,"9,60 €/Litro"
Vajillas Finish eco-recarga 2 kg,,,"6,55 €",,"3,28 €/Kilogramo"
Vajillas Finish Quantum todo en 1 25 u,,,"6,00 €",,"0,24 €/Cacito"
Vajillas Finish sal 2 kg,,,"4,99 €",,"2,50 €/Kilogramo"
Vajillas Finish Todo en 1 Regular 25 u + 7 u,,,"9,49 €",,"0,38 €/Unidad"
Vajillas Froiz abrillantador limón 1 l,,,"1,60 €",,"1,60 €/Litro"
Vajillas Froiz todo en 1 32 u,,,"2,88 €",,"0,09 €/Unidad"
Vajillas máquina Fairy platinum plus limón 15 cápsulas,,,"6,75 €",,"0,45 €/Unidad"
Vajillas máquina Fairy todo en 1 21 cápsulas,,,"4,99 €",,"0,24 €/Cacito"
Vajillas máquina Finish ultimate 18+18 u,,,"8,75 €",,"0,49 €/Lavado"
Vajillas máquina Somat Excellence 18+3 cápsulas,,,"4,99 €","6,49 €","0,28 €/Lavado"
Vajillas máquina Somat gel antigrasa 35 lavados,,,"4,99 €","5,75 €","0,14 €/Lavado"
Vajillas máquina Somat gel lima-limón 50 lavados,,,"8,13 €",,"0,16 €/Lavado"
Vajillas máquina Somat gel Todo en 1 lima y limón 40 lavados,,,"5,75 €",,"0,14 €/Lavado"
Vajillas máquinas Somat todo en 1 30 lavados,,,"5,99 €",,"0,20 €/Lavado"
Lejía Conejo 2 l,,,"1,99 €",,"1,00 €/Litro"
Lejía Conejo 2 l frescor floral,,,"1,99 €",,"1,00 €/Litro"
Lejía Conejo 4 l,,,"3,94 €",,"0,99 €/Litro"
Lejía Estrella azul 1.43 l,,,"1,95 €",,"1,36 €/Litro"
Lejía Estrella azul 2.87 l,,,"3,89 €",,"1,36 €/Litro"
Lejía Estrella limón 1.43 l,,,"1,95 €",,"1,36 €/Litro"
Lejía Estrella pino 1.43 l,,,"1,95 €",,"1,36 €/Litro"
Lejía Froiz 2 l,,,"0,75 €",,"0,38 €/Litro"
Lejía Froiz 5 l,,,"1,50 €",,"0,30 €/Litro"
Lejía Froiz baño 2 l,,,"1,00 €",,"0,50 €/Litro"
Lejía Froiz con detergente 2 l,,,"1,00 €",,"0,50 €/Litro"
Lejía Sarmiento desinfección de alimentos 2 l,,,"0,99 €",,"0,50 €/Litro"
Lejía Sarmiento Novoa 1 l,,,"0,48 €",,"0,48 €/Litro"
Limpiacristales Cristasol cristalino pistola 750 ml,,,"1,76 €",,"2,35 €/Litro"
Limpiacristales Froiz pistola 1 l,,,"1,15 €",,"1,15 €/Litro"
Limpiacristales Vigar microfibra c/rosca,,,"9,99 €",,"9,99 €/Unidad"
Limpiamamparas Vigar rengo azul,,,"3,75 €",,"3,75 €/Unidad"
Toallitas cristales Micasa 30 u,,,"1,49 €",,"0,05 €/Unidad"
Limpiajuntas Baldosinín aplicador 200 ml,,,"2,25 €",,"11,25 €/Litro"
Limpiador Froiz acero inoxidable aluminio 500 ml,,,"2,79 €",,"5,58 €/Litro"
Limpiaplata Aerhogar 150 ml,,,"2,99 €",,"19,93 €/Litro"
Limpiaplata Tarni-Shield 250 ml,,,"2,95 €",,"11,80 €/Litro"
Limpiamuebles Froiz spray 300 ml,,,"1,09 €",,"3,63 €/Litro"
Limpiamuebles Pronto Aloe Vera pis.500ml,,,"4,45 €",,"8,90 €/Litro"
Limpiamuebles Pronto revitaliza 250 ml,,,"4,15 €",,"16,60 €/Litro"
Limpiamuebles Pronto spray 300 ml,,,"3,15 €",,"10,50 €/Litro"
Reparador Pronto normal frasco 100 ml,,,"4,30 €",,"43,00 €/Litro"
Reparador Pronto oscuro 100 ml,,,"4,30 €",,"43,00 €/Litro"
Limpiatapicerías Caramba espuma 300 ml,,,"4,79 €",,"15,97 €/Litro"
Volvone alfombras moquetas 500 ml,,,"1,39 €",,"2,78 €/Litro"
Limpiavitrocerámica Frosch crema naranja 500 ml,,,"3,99 €",,"7,98 €/Litro"
Limpiavitrocerámica Vitroclen 3 en 1 pistola 250ml,,,"4,99 €",,"2,00 €/100 ml."
Limpiavitrocerámicas Froiz 500 ml,,,"1,95 €",,"3,90 €/Litro"
Limpiavitrocerámicas KH-7 750 ml pistola,,,"3,95 €",,"5,27 €/Litro"
Limpiavitrocerámicas Vitroclen 200 ml,,,"4,39 €",,"21,95 €/Litro"
Limpiador Ajax shower power 500 ml,,,"2,45 €",,"4,90 €/Litro"
Limpiador baño Don Limpio pistola 720 ml,,,"2,49 €",,"3,46 €/Litro"
Limpiador Bref WC blue activ hygiene 50 g,,,"2,15 €",,"43,00 €/Kilogramo"
Limpiador Bref WC duo activo gel verde 50 ml,,,"1,95 €",,"39,00 €/Litro"
Limpiador Bref WC duplo poder activo natura 2x50 g,,,"2,39 €","3,19 €","23,90 €/Kilogramo"
Limpiador Bref WC gel brillante océano 42 g,,,"2,15 €",,"51,19 €/Kilogramo"
Limpiador Bref WC poder activo lavanda 50 g,,,"1,90 €",,"38,00 €/Kilogramo"
Limpiador Bref WC poder activo natural 50 g,,,"1,65 €",,"33,00 €/Kilogramo"
Limpiador Cillit Bang suciedad & manchas de humedad pistola 750 ml,,,"4,29 €",,"5,72 €/Litro"
Limpiador Don Limpio baño 1.3 l,,,"2,49 €",,"1,92 €/Litro"
Limpiador Froiz baños 1.5 l,,,"1,45 €",,"0,97 €/Litro"
Limpiador Froiz WC en gel lejía perfumada 1 l,,,"1,00 €",,"1,00 €/Litro"
Limpiador Froiz WC pino 1 l,,,"1,00 €",,"1,00 €/Litro"
Limpiador KH-7 baño pistola 750 ml,,,"2,95 €",,"3,93 €/Litro"
Limpiador Sanytol baños pistola 750 ml,,,"2,85 €",,"3,80 €/Litro"
Limpiador Tenn baño 1.3 l,,,"2,35 €",,"1,81 €/Litro"
Limpiador WC Net lejia gel 750 g,,,"2,59 €",,"3,45 €/Litro"
Pato Agua azul apto single,,,"1,72 €",,"1,72 €/Unidad"
Pato Bloc azul fresco aparato,,,"2,35 €",,"2,35 €/Unidad"
Pato Bloc recambio azul duplo,,,"3,29 €",,"1,65 €/Unidad"
Pato Discos Activos Lima,,,"2,90 €",,"2,90 €/Unidad"
Pato Discos Activos Marino,,,"2,90 €",,"2,90 €/Unidad"
Pato Gel activo rec. azul duplo,,,"4,49 €",,"4,49 €/Unidad"
Pato matic pastillas azul 50 g,,,"2,89 €",,"57,80 €/Kilogramo"
Pato WC extra power lejía con espuma marine 750 ml,,,"2,99 €",,"3,99 €/Litro"
Pato WC gel activo azul aparato 55 ml,,,"2,99 €",,"54,36 €/Litro"
Pato WC líquido azul 750 ml,,,"2,79 €",,"3,72 €/Litro"
Pato WC líquido verde pino 750 ml,,,"2,79 €",,"3,72 €/Litro"
Limpiador Foxter quemadores 500 ml,,,"3,12 €",,"6,24 €/Litro"
Piedra de cocina Raspita,,,"1,29 €",,"1,29 €/Unidad"
Pulimento para cocinas Foxter tubo 50 ml,,,"1,98 €",,"39,60 €/Litro"
Desinfectante mopas Garbipolvo 600,,,"4,25 €",,"7,08 €/Litro"
Limpiador Cif crema blanco 750 ml,,,"2,55 €",,"3,40 €/Litro"
Limpiador Cillit Bang cal y suciedad pistola 1 l,,,"3,90 €",,"3,90 €/Litro"
Limpiador Disiclín brisa polar 1 l,,,"1,39 €",,"1,39 €/Litro"
Limpiador Disiclín desinf. floral 1 l,,,"1,39 €",,"1,39 €/Litro"
Limpiador Disiclín desinf. lavanda 1 l,,,"1,39 €",,"1,39 €/Litro"
Limpiador Disiclín desinf. manzana 1 l,,,"1,39 €",,"1,39 €/Litro"
Limpiador Don Limpio borrador Mágico 2 u,,,"2,59 €",,"2,59 €/Unidad"
Limpiador Don Limpio limón 1.3 l,,,"2,49 €",,"1,92 €/Litro"
Limpiador Don Limpio PH neutro 1.3 l,,,"2,49 €",,"1,92 €/Litro"
Limpiador Duende/Hechicera madera 750 ml,,,"2,65 €",,"3,53 €/Litro"
Limpiador Froiz colonia 1.5 l,,,"1,39 €",,"0,93 €/Litro"
Limpiador Froiz lavanda 1.5 l,,,"1,39 €",,"0,93 €/Litro"
Limpiador Froiz Multiusos pistola 1 l,,,"1,25 €",,"1,25 €/Litro"
Limpiador Froiz pino 1.5 l,,,"1,80 €",,"1,20 €/Litro"
Limpiador Froiz superficies delicadas 1.5 l,,,"1,45 €",,"0,97 €/Litro"
Limpiador Glassex Multiusos pistola 750,,,"2,15 €",,"2,87 €/Litro"
Limpiador Las 3 Brujas 1 l,,,"2,79 €",,"2,79 €/Litro"
Limpiador Pronto jabonoso madera 750 ml,,,"4,15 €",,"5,53 €/Litro"
Limpiador Tenn 1.3 l,,,"2,35 €",,"1,81 €/Litro"
Limpiador Tenn aloe vera 1.3 l,,,"2,35 €",,"1,81 €/Litro"
Limpiador Tenn brillante Euphoria 1.25 l,,,"2,55 €",,"2,04 €/Litro"
Limpiador Tenn brillante maderas 1.25 l,,,"2,55 €",,"2,04 €/Litro"
Limpiador Tenn brillante universal 1.25 l,,,"2,55 €",,"2,04 €/Litro"
Limpiahogar multisuperficie desinfectante Disiclin 1.4 l,,,"2,20 €",,"1,57 €/Litro"
Limpiahogar Sanytol 1.2l,,,"3,10 €",,"2,58 €/Litro"
Limpialámparas Aerhogar 500 ml,,,"2,99 €",,"5,98 €/Litro"
Multisuperficies Disiclín desinfectante 750 ml,,,"1,99 €",,"2,65 €/Litro"
Multiusos Sanytol pistola 750 ml,,,"2,59 €",,"3,45 €/Litro"
Superlimpiador KH-7 desifectante pistola 650 ml,,,"3,79 €",,"5,83 €/Litro"
Toallitas Sanytol desinfectantes multiusos 30 u,,,"1,99 €",,"0,07 €/Unidad"
Vinagre de limpieza Froiz multiusos 1 l,,,"0,79 €",,"0,79 €/Litro"
Mango escoba Froiz 1.20,,,"0,85 €",,"0,85 €/Unidad"
Mango Fregona Froiz aluminio 1.40,,,"1,80 €",,"1,80 €/Unidad"
Mango Fregona Froiz/Cisne chapa 140 cm,,,"0,89 €",,"0,89 €/Unidad"
Mango Mariño cepillo madera,,,"0,99 €",,"0,99 €/Unidad"
Mango Vigar metálico pintado 130,,,"2,15 €",,"2,15 €/Unidad"
Mango Vileda de fregona universal,,,"3,69 €",,"3,69 €/Unidad"
Palo Vigar Aluminio Doble Rosca 140 cm,,,"4,45 €",,"4,45 €/Unidad"
Palo Vigar Metálico Antideslizante 140 cm,,,"2,25 €",,"2,25 €/Unidad"
Palo Vigar Universal Extensible 150 cm,,,"3,25 €",,"3,25 €/Unidad"
Mopa Rozenbal Atrapapolvo con 10 gamuzas,,,"3,99 €",,"3,99 €/Unidad"
Mopa Spontex Microfibra con mango,,,"8,95 €",,"8,95 €/Unidad"
Mopa Spontex Microfibre recambio,,,"4,45 €",,"4,45 €/Unidad"
Paño Froiz Cocina Microfibra secamanos 50x50,,,"2,10 €",,"2,10 €/Unidad"
Paño Froiz Secavajillas Microfibra 2 u 50x50,,,"2,50 €",,"1,25 €/Unidad"
Paño Gorila algodón cocina,,,"0,67 €",,"0,67 €/Unidad"
Paño Gorila piso blanco,,,"0,67 €",,"0,67 €/Unidad"
Paño Gorila punto barrado,,,"0,57 €",,"0,57 €/Unidad"
Paño Rex cocina rizo ref. 883,,,"1,65 €",,"1,65 €/Unidad"
Plumero avestruz E.Koronis,,,"3,95 €",,"3,95 €/Unidad"
Plumero Pronto atrapapolvo apto +2 rec,,,"3,99 €",,"3,99 €/Unidad"
Plumero Pronto atrapapolvo recambio,,,"4,95 €",,"4,95 €/Unidad"
Plumero Vigar microfibra ref. 5368,,,"7,15 €",,"7,15 €/Unidad"
Plumero Vigar microfibra rengo redondo verde,,,"6,85 €",,"6,85 €/Unidad"
Pala mano Froiz + cepillo,,,"2,35 €",,"2,35 €/Unidad"
Recogedor Froiz con goma + palo fijo,,,"1,59 €",,"1,59 €/Unidad"
Recogedor Froiz con goma abatible,,,"2,49 €",,"2,49 €/Unidad"
Recogedor Vigar Antivuelco con Palo Plegable,,,"5,55 €",,"5,55 €/Unidad"
Recogedor Vigar Ladybug cib Palo Plegable,,,"9,99 €",,"9,99 €/Unidad"
Antical Calgón pastillas 15 u,,,"6,99 €",,"0,47 €/Unidad"
Limpia lavadoras Colon Todo en 1 250 ml,,,"3,99 €",,"15,96 €/Litro"
Agua de planchado Mimosín vaporesse 1 l,,,"1,85 €",,"1,85 €/Litro"
Agua destilada Froiz 5 l,,,"2,00 €",,"0,40 €/Litro"
Apresto instantáneo Toke spray 500 ml,,,"4,85 €",,"9,70 €/Litro"
Cepillo Vigar ropa adhesivo,,,"3,25 €",,"3,25 €/Unidad"
Cepillo Vikinga ropa 1200 BB PVC,,,"1,35 €",,"1,35 €/Unidad"
Cepillo Rayen 6357 ropa y tapicerías,,,"5,95 €",,"5,95 €/Unidad"
Cepillo Rayen para lana 6192,,,"4,75 €",,"4,75 €/Unidad"
Detergente Ariel actilift en polvo 65 cacitos,,,"15,55 €",,"0,24 €/Cacito"
Detergente Ariel básico 35 cacitos,,,"6,95 €",,"0,20 €/Cacito"
Detergente Ariel líquido básico 31 lavados,,,"4,85 €",,"0,16 €/Lavado"
Detergente Ariel líquido original 38+8 lavados,,,"9,99 €",,"0,26 €/Lavado"
Detergente Ariel pods 3 en 1 18 lavados,,,"4,39 €","5,34 €","0,24 €/Lavado"
Detergente Ariel pods original 26 + 9 lavados,,,"9,99 €",,"0,38 €/Lavado"
Detergente Ariel pods Oxi 14 u,,,"4,95 €",,"0,35 €/Lavado"
Detergente Colon Gel Activo Azul 34 lavados,,,"7,15 €",,"0,21 €/Lavado"
Detergente Colon Gel Líquido Nenuco 34 cacitos,,,"4,85 €",,"0,14 €/Cacito"
Detergente Colon maleta 30 + 3 cacitos,,,"8,85 €",,"0,30 €/Cacito"
Detergente Dixan 52 cacitos,,,"10,12 €",,"0,19 €/Cacito"
Detergente Dixan gel 55 lavados,,,"8,46 €",,"0,15 €/Lavado"
Detergente Dixan gel aromaterapia orquídea Malasia & sándalo 37 lavados,,,"4,95 €","6,95 €","0,13 €/Lavado"
Detergente Dixan gel azul 37 lavados,,,"4,95 €","5,75 €","0,13 €/Lavado"
Detergente Dixan gel frescor 37 lavados,,,"4,95 €","6,95 €","0,13 €/Lavado"
Detergente Dixan trio caps 23 lavados,,,"4,95 €","6,95 €","0,22 €/Lavado"
Detergente Dixan trio caps aromaterapia 23 lavados,,,"4,95 €","6,95 €","0,22 €/Lavado"
Detergente Flota líquido jabón puro con esencia de menta fresca 25 lavados,,,"3,40 €",,"0,14 €/Lavado"
Detergente Flota Marsella 50 cacitos,,,"7,19 €",,"0,14 €/Cacito"
Detergente Froiz a mano polvo 600 g 15 lavados,,,"1,06 €",,"0,07 €/Lavado"
Detergente Froiz líquido aloe vera 2 l 27 lavados,,,"2,59 €",,"0,10 €/Lavado"
Detergente Froiz líquido gel 3 l 33 lavados,,,"4,50 €",,"0,14 €/Lavado"
Detergente Froiz líquido gel color 27 lavados,,,"2,99 €",,"0,14 €/Lavado"
Detergente Froiz líquido higiene 45 lavados,,,"4,50 €",,"0,10 €/Lavado"
Detergente Froiz líquido Marsella 2.025 l 27 lavados,,,"2,59 €",,"0,10 €/Lavado"
Detergente Froiz polvo 70 cacitos,,,"8,99 €",,"0,13 €/Cacito"
Detergente Froiz polvo Marsella 36 cacitos,,,"4,78 €",,"0,13 €/Cacito"
Detergente Froiz prendas delicadas 2 l,,,"2,55 €",,"1,28 €/Litro"
Detergente L'Arbre Vert ecolóigico brisa 33 lavados,,,"6,99 €",,"0,21 €/Lavado"
Detergente Micolor adiós al separar 28 lavados,,,"5,22 €",,"0,19 €/Lavado"
Detergente Micolor gel negro 21 lavados,,,"6,15 €",,"0,29 €/Lavado"
Detergente Micolor trio caps adiós al separar 22 lavados,,,"4,95 €","6,95 €","0,23 €/Lavado"
Detergente Norit color 1500ml 28 lavados,,,"4,99 €",,"0,18 €/Lavado"
Detergente Norit complet 40 lavados,,,"7,89 €",,"0,20 €/Cacito"
Detergente Norit mano azul 45 lavados 1125 ml,,,"3,45 €","3,69 €","0,08 €/Lavado"
Detergente Norit máquina 37 lavados 1125 ml,,,"3,45 €","3,69 €","0,09 €/Lavado"
Detergente Norit negro 1500 ml 28 lavados,,,"4,99 €",,"0,18 €/Lavado"
Detergente Norit prendas bebé 1125 ml,,,"3,99 €",,"3,55 €/Litro"
Detergente Omino Bianco líquido jabón de Marsella 40 lavados,,,"8,45 €",,"0,31 €/Lavado"
Detergente Perlan gel 750 ml 25 lavados,,,"1,89 €",,"0,08 €/Lavado"
Detergente Puntomatic 8 pastillas 4 lavados,,,"0,95 €",,"0,24 €/Lavado"
Detergente Puntomatic color 8 pastillas 4 lavados,,,"0,95 €",,"0,24 €/Lavado"
Detergente Puntomatic tricámara 10 u,,,"2,79 €",,"0,28 €/Lavado"
Detergente Rube automáticas 1 kg 8 dosis,,,"1,65 €",,"0,21 €/Lavado"
Detergente Skip active clean 30 lavados,,,"7,99 €",,"0,27 €/Lavado"
Detergente Skip active clean 50 lavados,,,"12,99 €",,"0,26 €/Lavado"
Detergente Skip cápsulas active clean 28 lavados,,,"7,30 €",,"0,26 €/Lavado"
Detergente Skip polvo Active Clean 50 cacitos,,,"12,49 €",,"0,25 €/Cacito"
Detergente Skip Ultimate en cápsulas máxima eficacia 22 lavados,,,"7,30 €",,"0,33 €/Lavado"
Detergente Skip ultimate Mimosín cápsulas 22 u,,,"7,30 €",,"0,33 €/Lavado"
Detergente Wipp express a mano 470 g,,,"2,09 €",,"4,45 €/Kilogramo"
Detergente Wipp Express azul 37 cacitos,,,"12,45 €",,"0,34 €/Cacito"
Detergente Wipp Express discs 18 cápsulas,,,"5,95 €",,"0,33 €/Lavado"
Detergente Wipp Express gel lavanda 46 lavados,,,"8,75 €","12,99 €","0,19 €/Lavado"
Detergente Wipp gel anti olores 37 lavados,,,"6,89 €","8,75 €","0,19 €/Lavado"
Detergente Wipp power caps 20 u,,,"6,99 €",,"0,35 €/Unidad"
Jabón Flota verde 250 g,,,"0,99 €",,"3,96 €/Kilogramo"
Jabón Froiz lavar ropa 3 u,,,"2,25 €",,"0,75 €/Unidad"
Jabón Lagarto puro 3x200 g,,,"2,49 €",,"4,15 €/Kilogramo"
Jabón Teide cuadrado 2x300 g,,,"2,30 €",,"3,83 €/Kilogramo"
Lejía Froiz lavadora 5 l,,,"1,79 €",,"0,36 €/Litro"
Lejía Froiz lavadoras 2 l,,,"0,79 €",,"0,40 €/Litro"
Lejía Neutrex 1.9 l,,,"2,05 €",,"1,08 €/Litro"
Lejía Neutrex 3.82 l,,,"3,99 €",,"1,04 €/Litro"
Lejía Neutrex frescor verde 1.9 l,,,"2,05 €",,"1,08 €/Litro"
Lejía Neutrex futura 1.9 l,,,"2,15 €",,"1,13 €/Litro"
Activador del color Froiz denso 2 l,,,"1,70 €",,"0,85 €/Litro"
Blanqueador Blanco Nuclear 6 Sobres 20 g,,,"2,35 €",,"19,58 €/Kilogramo"
Blanqueador Percarbonato Froiz 750 g,,,"1,85 €",,"2,47 €/Kilogramo"
Quita desteñidos Iberia 240 g,,,"3,49 €",,"14,54 €/Kilogramo"
Quitamanchas Cebralin spray 200 ml,,,"3,35 €",,"16,75 €/Litro"
Quitamanchas Froiz oxi gel blanco intenso 2 l,,,"1,70 €",,"0,85 €/Litro"
Quitamanchas KH-7 oxy pistola para manchas blanqueables 750 ml,,,"2,95 €","4,20 €","3,93 €/Litro"
Quitamanchas KH-7 pistola para manchas grasas 750 ml,,,"2,95 €","4,20 €","3,93 €/Litro"
Quitamanchas Neutrex oxígeno 512g,,,"3,59 €","3,99 €","7,01 €/Kilogramo"
Quitamanchas Nodeti tubo 95 ml,,,"1,98 €",,"20,84 €/Litro"
Quitamanchas óxido Ferrokit 50 ml,,,"4,95 €",,"99,00 €/Litro"
Quitamanchas Sanytol desinfectante polvo 450 g,,,"4,99 €",,"11,09 €/Kilogramo"
"Quitamanchas Vanish Oxi Advance para la ropa blanca, elimina olores, potenciador de lavado en polvo 400 g",,,"6,49 €",,"16,23 €/Kilogramo"
"Quitamanchas Vanish Oxi Advance para la ropa, elimina olores, potenciador de lavado en gel 750 ml",,,"6,49 €",,"8,65 €/Litro"
"Quitamanchas Vanish Oxi Advance para la ropa, elimina olores, potenciador de lavado en polvo 400 g",,,"6,49 €",,"16,23 €/Kilogramo"
Quitamanchas Vanish Pink polvo 450 g,,,"5,15 €",,"5,15 €/Unidad"
Suavizante concentrado Flor original 80 lavados,,,"3,15 €",,"0,04 €/Lavado"
Suavizante concentrado Flor Twist frutos rojos y exóticos 59 dosis,,,"3,49 €",,"0,06 €/Lavado"
Suavizante Flor concentrado azul 59 lavados,,,"3,29 €",,"0,06 €/Lavado"
Suavizante Flor concentrado nenuco 59 lavados,,,"3,29 €",,"0,06 €/Lavado"
Suavizante Froiz azul 4 l,,,"2,07 €",,"0,52 €/Litro"
Suavizante Froiz concentrado azul 500 ml,,,"0,95 €",,"1,90 €/Litro"
Suavizante Froiz concentrado azul microcápsulas 2 l,,,"1,99 €",,"1,00 €/Litro"
Suavizante Froiz concentrado colonia microcápsulas 2 l,,,"1,99 €",,"1,00 €/Litro"
Suavizante Froiz concentrado lavanda microcápsulas 2 l,,,"1,99 €",,"1,00 €/Litro"
Suavizante Froiz concentrado Spa microcápsulas 2 l,,,"1,99 €",,"1,00 €/Litro"
Suavizante Froiz concentrado talco rosa microcápsulas 2 l,,,"1,99 €",,"1,00 €/Litro"
Suavizante Mimosín concentrado azul vital 1.5 l 60 lavados,,,"2,89 €",,"0,05 €/Lavado"
Suavizante Mimosín concentrado caricias 1.5 l 60 lavados,,,"2,89 €",,"0,05 €/Lavado"
Suavizante Mimosín concentrado frescor oceánico 60 lavados,,,"2,89 €",,"0,05 €/Lavado"
Suavizante Mimosín concentrado Moussel 1.5 l 60 lavados,,,"2,89 €",,"0,05 €/Lavado"
Suavizante Mimosín diluido azul 33 lavados,,,"2,45 €",,"0,07 €/Lavado"
Suavizante Mimosin estallido de pasión 52 lavados 1.196 l,,,"3,99 €",,"0,08 €/Lavado"
Suavizante Vernel concentrado Aromaterapia Maldivas 54+3 dosis,,,"2,69 €",,"0,05 €/Lavado"
Suavizante Vernel concentrado azul 76 lavados,,,"3,39 €",,"0,04 €/Lavado"
Suavizante Vernel concentrado cielo azul 54 lavados,,,"2,59 €",,"0,05 €/Lavado"
Suavizante Vernel concentrado coco 76 lavados,,,"3,45 €",,"0,05 €/Lavado"
Suavizante Vernel concentrado delicado 54 lavados,,,"2,59 €",,"0,05 €/Lavado"
Suavizante Vernel concentrado frescor agua marina 54 lavados,,,"2,59 €",,"0,05 €/Lavado"
Suavizante Vernel concentrado secretos de bienestar 54 lavados,,,"2,59 €",,"0,05 €/Lavado"
Aditivo desinfectante textil Sanytol sin lejía 500 ml,,,"2,74 €",,"5,48 €/Litro"
Higienizante textil y de lavadora Disiclín 1 l,,,"2,59 €",,"2,59 €/Litro"
Perlas de perfume ropa Lenor Unstoppables fresh 210 g,,,"4,99 €","5,95 €","23,76 €/Kilogramo"
"Tinte para ropa Iberia negro 2x12,5 g",,,"2,79 €",,"111,60 €/Kilogramo"
Toallitas Iberia protect 15 u,,,"2,95 €","3,15 €","0,20 €/Unidad"
Toallitas Micolor atrapa color 10+6u,,,"2,99 €",,"0,30 €/Unidad"
Cepillo Vikinga betunero,,,"0,69 €",,"0,69 €/Unidad"
Cepillo Vikinga calzado Nº1-pelo negro,,,"1,09 €",,"1,09 €/Unidad"
Crema Búfalo ceras autobrillante marrón,,,"1,69 €",,"1,69 €/Unidad"
Crema Búfalo ceras autobrillante negro,,,"1,69 €",,"1,69 €/Unidad"
Crema Búfalo tarro incoloro 40 ml,,,"2,65 €",,"66,25 €/Litro"
Crema Búfalo tarro marrón 40 ml,,,"2,65 €",,"66,25 €/Litro"
Crema Búfalo tarro negro 40 ml,,,"2,65 €",,"66,25 €/Litro"
Crema calzado Froiz líquido azul 50 ml,,,"0,95 €",,"19,00 €/Litro"
Crema calzado Froiz líquido blanco 50 ml,,,"0,95 €",,"19,00 €/Litro"
Crema calzado Froiz líquido incoloro 50 ml,,,"0,95 €",,"19,00 €/Litro"
Crema calzado Froiz líquido marrón 50 ml,,,"0,95 €",,"19,00 €/Litro"
Crema calzado Froiz líquido negro 50 ml,,,"0,95 €",,"19,00 €/Litro"
Crema Kiwi autoaplicador marrón 75ml,,,"1,57 €",,"20,93 €/Litro"
Crema Kiwi lata marrón 50 ml,,,"1,74 €",,"34,80 €/Litro"
Desodorante de calzado desinfectante Sanytol 150 ml,,,"2,99 €",,"19,93 €/Litro"
Esponja Yak limpiacalzado,,,"1,20 €",,"1,20 €/Unidad"
Grasa de potro Protexol Búfalo 75 ml,,,"2,20 €",,"29,33 €/Litro"
Limpiador ante Búfalo incoloro 250 ml,,,"5,19 €",,"20,76 €/Litro"
Plantilla calzado La Piel aloe vera multitalla 36/46,,,"0,89 €",,"0,89 €/Unidad"
Plantilla calzado La Piel carbón activo multitalla 36/46,,,"0,95 €",,"0,95 €/Unidad"
Plantilla calzado La Piel cuero tratado multitalla 36/46,,,"0,95 €",,"0,95 €/Unidad"
Plantilla calzado La Piel lana borreguillo multitalla 36/46,,,"0,95 €",,"0,95 €/Unidad"
Plantilla calzado La Piel sin olor azul multitalla 36/46,,,"0,95 €",,"0,95 €/Unidad"
Protector impermeabilizante Kiwi 200 ml,,,"2,99 €",,"14,95 €/Litro"
Tinta rápida Búfalo marrón 25 ml,,,"3,25 €",,"130,00 €/Litro"
Tinta rápida Búfalo negro 25 ml,,,"3,25 €",,"130,00 €/Litro"
Agua oxigenada JVF 250 ml ref. 1002,,,"0,69 €",,"2,76 €/Litro"
Alcohol etílico JVF 96% 25 cl ref. 1098-12,,,"0,99 €",,"3,96 €/Litro"
Algodón Star Cott Hidrófilo 100 g,,,"0,85 €",,"8,50 €/Kilogramo"
Compresa gasa esterilizada Cosmoplast 3x2 u 7.5 cm x 7.5 cm,,,"0,72 €",,"0,12 €/Unidad"
Esparadrapo de papel Cosmoplast 5 m x 2.5 cm,,,"1,20 €",,"1,20 €/Unidad"
Esparadrapo de tejido Cosmoplast 5 m x 2.5 cm,,,"1,30 €",,"1,30 €/Unidad"
Gasas no tejidas Bel baby cara/ojos del bebé 100 u,,,"1,97 €",,"0,02 €/Unidad"
Líquido lentes de contacto + portalentes Senti2 360 ml,,,"4,00 €",,"1,11 €/100 ml."
Povidona Iodada Dr. Sos 125 ml,,,"1,60 €",,"12,80 €/Litro"
Stick Arnica para golpes Senti2 15 ml,,,"4,25 €",,"28,33 €/100 ml."
Suero fisiológico Bel baby 30 u 5 ml,,,"3,23 €",,"0,11 €/Unidad"
Tapones para oídos Noton espuma 4 u,,,"1,89 €",,"0,47 €/Unidad"
Tiras adhesivas Froiz 4 tamaños 30 u,,,"0,90 €",,"0,03 €/Unidad"
Tiras adhesivas Froiz infantil 2 tamaños 20 u,,,"1,00 €",,"0,05 €/Unidad"
Tiras adhesivas Froiz para cortar 10 u,,,"1,50 €",,"0,15 €/Unidad"
Tiras adhesivas Froiz tamaño único 20 u,,,"0,89 €",,"0,04 €/Unidad"
Tiras adhesivas transparentes Dr. SOS 4 tamaños 20 u,,,"0,90 €",,"0,05 €/Unidad"
Tiras protectoras Salvelox ampollas talón medium 6 u,,,"4,32 €",,"0,72 €/Unidad"
Tiritas Hansaplast junior Mickey & frien,,,"2,39 €",,"2,39 €/Unidad"
Tiritas Hansaplast plást. 20 u ref.45903,,,"1,85 €",,"0,09 €/Unidad"
Tiritas Hansaplast surt.5 tamaños 45906,,,"1,85 €",,"1,85 €/Unidad"
Vaselina purificada Senti2 tarro 100 g,,,"2,00 €",,"20,00 €/Kilogramo"
Toallitas Bref limpiagafas 20u,,,"1,85 €",,"0,09 €/Unidad"
Gel de manos higienizante Babaria 300 ml,,,"3,45 €",,"1,15 €/100 ml."
Gel de manos Sanytol antiséptico 75 ml,,,"2,29 €",,"3,05 €/100 ml."
Gel hidroalcohólico manos Acrima 500 ml,,,"3,99 €",,"0,80 €/100 ml."
Mascarilla desechable niños Mape 10 u,,,"1,10 €",,"0,11 €/Unidad"
Mascarilla FFP2 Galmask 10 u,,,"4,95 €",,"0,50 €/Unidad"
Mascarilla Kleenex Adulto Proactive Care 5 u,,,"3,49 €",,"0,70 €/Unidad"
Mascarilla quirúrgica Iberomask 10 u,,,"1,10 €",,"0,11 €/Unidad"
Mascarilla quirúrgica Iberomask 50 u,,,"4,70 €",,"0,09 €/Unidad"
Toallitas antisépticas (bactericidas y fungicidas) Salustar monodosis 12 u,,,"1,99 €",,"0,17 €/Unidad"
Preservativo Durex contacto total 12 u,,,"10,29 €",,"0,86 €/Unidad"
Preservativo Durex natural comfort 12 u,,,"6,59 €",,"0,55 €/Unidad"
Preservativo Durex sensitivo suave 12 u,,,"7,45 €",,"0,62 €/Unidad"
Chorizo Argal Pamplona kg,,,"12,25 €",,"12,25 €/Kilogramo"
Chorizo Argal Regio Extra kg,,,"12,99 €",,"12,99 €/Kilogramo"
Chorizo Collell extra a la pimienta kg,,,"11,95 €",,"11,95 €/Kilogramo"
Chorizo Froiz vela extra kg,,,"8,25 €",,"8,25 €/Kilogramo"
Chorizo León Arau dulce extra kg,,,"12,95 €","15,95 €","12,95 €/Kilogramo"
Chorizo León Arau picante extra kg,,,"12,95 €","15,95 €","12,95 €/Kilogramo"
Chorizo magno Alejandro kg,,,"20,95 €",,"20,95 €/Kilogramo"
Chorizo Revilla tradición extra kg,,,"12,49 €",,"12,49 €/Kilogramo"
Chorizo Salamanca Iglesias extra kg,,,"15,95 €",,"15,95 €/Kilogramo"
Chorizo troncal Alejandro kg,,,"19,95 €",,"19,95 €/Kilogramo"
Butelo Torre de Núñez pieza 1 kg,,,"9,60 €",,"9,60 €/Kilogramo"
Chorizo gallego extra San Luís kg,,,"8,90 €/Kg","9,75 €/Kg","0,89 €/Unidad"
Chorizo gallego Melón extra kg,,,"11,75 €/Kg",,"1,18 €/Unidad"
Chorizo gallego Melón extra picante kg,,,"11,75 €/Kg",,"1,18 €/Unidad"
Chorizo gallego Torroña primera kg,,,"8,90 €/Kg",,"0,89 €/Unidad"
Chorizo Lalinense ahumado extra kg,,,"9,95 €/Kg",,"1,00 €/Unidad"
Chorizo Vallina aperitivo kg,,,"9,95 €",,"9,95 €/Kilogramo"
Lomito (cabecero) embuchado Iglesias 50% raza Duroc kg,,,"15,50 €",,"15,50 €/Kilogramo"
Lomo embuchado Collell extra kg,,,"14,95 €",,"14,95 €/Kilogramo"
Lomo embuchado Eresma 50 % Raza Duroc kg,,,"20,79 €",,"20,79 €/Kilogramo"
Lomo embuchado Salamanca Iglesias kg,,,"15,85 €","18,20 €","15,85 €/Kilogramo"
Lomo embuchado Selecta kg,,,"28,90 €",,"28,90 €/Kilogramo"
Lomo embuchado Torre de Núñez 50% raza Duroc kg,,,"19,70 €",,"19,70 €/Kilogramo"
Lomo La Encina del Bierzo curado kg,,,"23,95 €",,"23,95 €/Kilogramo"
Salami Collell extra finas hierbas kg,,,"9,95 €",,"9,95 €/Kilogramo"
Salami Goikoa Extra kg,,,"9,25 €",,"9,25 €/Kilogramo"
Salchichón Argal Figón extra kg,,,"8,45 €",,"8,45 €/Kilogramo"
Salchichón Argal Regio kg,,,"12,99 €",,"12,99 €/Kilogramo"
Salchichón Collell extra pimienta kg,,,"11,95 €",,"11,95 €/Kilogramo"
Salchichón ElPozo Nobleza extra kg,,,"12,95 €",,"12,95 €/Kilogramo"
Salchichón Froiz extra kg,,,"8,25 €",,"8,25 €/Kilogramo"
Salchichón Salamanca Iglesias extra kg,,,"15,95 €",,"15,95 €/Kilogramo"
Chorizo cebollero El Maño kg,,,"9,95 €/Kg",,"1,49 €/Unidad"
Chorizo cebollero O Rualdi kg,,,"10,45 €",,"10,45 €/Kilogramo"
Morcilla Asturiana Vallina kg,,,"8,45 €/Kg",,"0,85 €/Unidad"
Pan de Chorizo Argal Regio kg,,,"16,99 €",,"16,99 €/Kilogramo"
Chorizo Cular Ibérico extra bellota Froiz Kg,,,"20,90 €",,"20,90 €/Kilogramo"
Chorizo Cular Ibérico extra bellota picante Froiz kg,,,"20,90 €",,"20,90 €/Kilogramo"
Chorizo Florencio Gómez Bellota kg,,,"17,90 €","18,95 €","17,90 €/Kilogramo"
Chorizo Julián Martín Ibérico kg,,,"18,50 €",,"18,50 €/Kilogramo"
Chorizo Vela Extra Ibérica Florencio Gómez kg,,,"18,95 €",,"18,95 €/Kilogramo"
Lomo de bellota 100% raza ibérica Nico kg,,,"49,90 €",,"49,90 €/Kilogramo"
Lomo de cebo ibérico 50% raza ibérica Iglesias kg,,,"35,90 €",,"35,90 €/Kilogramo"
Lomo de cebo ibérico 50% raza ibérica Julián Martín kg,,,"45,00 €",,"45,00 €/Kilogramo"
Lomo Ibérico Bellota 50% Froiz kg,,,"45,90 €",,"45,90 €/Kilogramo"
Morcón Ibérico Estirpe Negra Argal kg,,,"23,00 €",,"23,00 €/Kilogramo"
Morcón Ibérico Iglesias Salamanca kg,,,"16,75 €",,"16,75 €/Unidad"
Salchichón Florencio Gómez Bellota kg,,,"17,90 €","18,95 €","17,90 €/Kilogramo"
Salchichón Julián Martín ibérico kg,,,"18,50 €",,"18,50 €/Kilogramo"
Bacon ahumado Frial kg,,,"12,40 €",,"12,40 €/Kilogramo"
Bacon Froiz Ahumado Natural kg,,,"8,45 €","10,49 €","8,45 €/Kilogramo"
Panceta curada Torre de Núñez kg,,,"12,99 €",,"12,99 €/Kilogramo"
Panceta doble Vallina kg,,,"15,45 €",,"15,45 €/Kilogramo"
Panceta La Encina del Bierzo adobada kg,,,"12,95 €",,"12,95 €/Kilogramo"
Cabeza de cerdo cocida Rivero kg,,,"8,45 €",,"8,45 €/Kilogramo"
Cabeza de cerdo Especial Frial kg,,,"9,65 €",,"9,65 €/Kilogramo"
Cabeza de cerdo Ibérico Frial kg,,,"14,95 €",,"14,95 €/Kilogramo"
Cabeza jabalí suprema con pistachos Picken kg,,,"11,95 €",,"11,95 €/Kilogramo"
Chicharrón frito Frial kg,,,"8,45 €",,"8,45 €/Kilogramo"
Oreja en bloque Rivero kg,,,"9,30 €",,"9,30 €/Kilogramo"
Chopped beef Campofrío kg,,,"6,50 €",,"6,50 €/Kilogramo"
Chopped Pavo Tello kg,,,"8,25 €",,"8,25 €/Kilogramo"
Chopped pork Baró lata kg,,,"7,45 €",,"7,45 €/Kilogramo"
Chopped pork Campofrío kg,,,"6,49 €",,"6,49 €/Kilogramo"
Fiambre pechuga pavo Coren kg,,,"6,99 €",,"6,99 €/Kilogramo"
Pavo trufado Serrano kg,,,"7,99 €","9,95 €","7,99 €/Kilogramo"
Pechuga de pavo Frial kg,,,"12,50 €","16,95 €","12,50 €/Kilogramo"
Pechuga de pavo Frial reducida en sal kg,,,"12,50 €","17,60 €","12,50 €/Kilogramo"
Pechuga pavo Campofrío braseada kg,,,"11,90 €","12,99 €","11,90 €/Kilogramo"
Pechuga pavo ElPozo sin grasa kg,,,"12,50 €",,"12,50 €/Kilogramo"
Pechuga pavo ElPozo sin grasa reducida en sal kg,,,"12,50 €",,"12,50 €/Kilogramo"
Pechuga pavo Pavofrío kg,,,"12,99 €",,"12,99 €/Kilogramo"
Pollo relleno La Carloteña kg,,,"10,58 €",,"10,58 €/Kilogramo"
Fiambre Paleta ElPozo sándwich kg,,,"6,95 €",,"6,95 €/Kilogramo"
Jamón cocido Campofrío extra kg,,,"10,99 €","11,99 €","10,99 €/Kilogramo"
Jamón cocido extra Bonnatur de Argal kg,,,"13,99 €",,"13,99 €/Kilogramo"
Jamón cocido extra en su jugo ElPozo kg,,,"9,95 €",,"9,95 €/Kilogramo"
Jamón cocido Froiz braseado extra kg,,,"9,45 €",,"9,45 €/Kilogramo"
Jamón cocido Froiz entero reducido en sal extra kg,,,"9,25 €",,"9,25 €/Kilogramo"
Jamón cocido Froiz extra kg,,,"9,25 €",,"9,25 €/Kilogramo"
Jamón cocido Noel receta clásica kg,,,"5,99 €","6,75 €","5,99 €/Kilogramo"
Mortadela Campofrío clásica kg,,,"5,99 €",,"5,99 €/Kilogramo"
Mortadela Campofrío con aceitunas kg,,,"5,99 €",,"5,99 €/Kilogramo"
Mortadela ElPozo pavo con aceitunas kg,,,"7,95 €",,"7,95 €/Kilogramo"
Mortadela ElPozo Pavo kg,,,"7,95 €",,"7,95 €/Kilogramo"
Mortadela Legado ibérica kg,,,"7,95 €",,"7,95 €/Kilogramo"
Mortadela MRM ahumada kg,,,"5,99 €",,"5,99 €/Kilogramo"
Mortadela Oscar Mayer estilo italiano kg,,,"8,49 €",,"8,49 €/Kilogramo"
Lacón Braseado La Encina del Bierzo kg,,,"12,80 €",,"12,80 €/Kilogramo"
Bacon cocido ahumado Froiz lonchas 150 g,,,"1,42 €",,"9,47 €/Kilogramo"
Bacon Monells taco 300 g,,,"2,70 €",,"9,00 €/Kilogramo"
Bacon Oscar Mayer lonchas 150 g,,,"2,15 €",,"14,33 €/Kilogramo"
Cintas bacon Casa Tarradellas 150g,,,"1,65 €",,"11,00 €/Kilogramo"
Panceta curada Froiz lonchas 150 g,,,"1,95 €",,"13,00 €/Kilogramo"
Tiras de bacon Froiz 2x100 g,,,"1,59 €",,"7,95 €/Kilogramo"
Cabeza Cerdo Frial Especial 150g,,,"2,25 €",,"15,00 €/Kilogramo"
Chicharrón Torre Núñez 150 g,,,"1,49 €",,"9,93 €/Kilogramo"
Oreja de cerdo cocida Rivero 500 g,,,"3,99 €","4,85 €","7,98 €/Kilogramo"
Pavo trufado Serrano lonchas 100 g,,,"1,15 €",,"11,50 €/Kilogramo"
Pechuga de pavo ElPozo bajo en grasa finas lonchas 75 g,,,"1,00 €",,"13,33 €/Kilogramo"
Pechuga de Pavo Finíssimas Campofrío 115g,,,"1,49 €","1,99 €","12,96 €/Kilogramo"
Pechuga pavo Argal Bonnatur finas lonchas 100 g,,,"2,40 €",,"24,00 €/Kilogramo"
Pechuga pavo Campofrío 380 g,,,"3,65 €","3,90 €","9,61 €/Kilogramo"
Pechuga pavo Campofrío Finíssimas braseada 115g,,,"1,49 €","1,99 €","12,96 €/Kilogramo"
Pechuga pavo Campofrío lonchas extrajugosa 70 g,,,"1,00 €",,"14,29 €/Kilogramo"
Pechuga pavo ElPozo 200 g,,,"2,49 €",,"12,45 €/Kilogramo"
Pechuga Pavo ElPozo bajo en grasa y reducido en sal 75 g,,,"1,00 €",,"13,33 €/Kilogramo"
Pechuga pavo ElPozo sin grasa y reducido en sal 340 g,,,"3,45 €",,"10,15 €/Kilogramo"
Pechuga pavo Frial asada al horno en finas lonchas 100 g,,,"2,65 €",,"26,50 €/Kilogramo"
Pechuga pavo Froiz finas lonchas 150 g,,,"1,59 €",,"10,60 €/Kilogramo"
Pechuga pavo Froiz lonchas 175 g,,,"1,89 €",,"10,80 €/Kilogramo"
Pechuga Pollo Campofrío lonchas 80 g,,,"1,00 €",,"12,50 €/Kilogramo"
Tiras de pechuga de pollo La Carloteña asada al horno 100 g,,,"2,59 €",,"25,90 €/Kilogramo"
Fiambre ElPozo sándwich 225 g,,,"1,85 €",,"8,22 €/Kilogramo"
Fiambre ElPozo York 400 g,,,"2,00 €",,"5,00 €/Kilogramo"
Jamón cocido Argal Bonnatur finas lonchas extra 110 g,,,"2,40 €",,"21,82 €/Kilogramo"
Jamón cocido Campofrío lonchas 80 g,,,"1,00 €",,"12,50 €/Kilogramo"
Jamón cocido ElPozo 1954 extra cruce Duroc lonchas 120 g,,,"1,50 €",,"12,50 €/Kilogramo"
Jamón cocido ElPozo extra 200 g,,,"2,49 €",,"12,45 €/Kilogramo"
Jamón cocido ElPozo extra bajo en grasa y reducido en sal 75 g,,,"1,00 €",,"13,33 €/Kilogramo"
Jamón cocido extra Frial raza Duroc Gran Selección en lonchas finas 100 g,,,"1,79 €","1,89 €","17,90 €/Kilogramo"
Jamón cocido Finíssimas Campofrío braseado Extra 115 g,,,"1,49 €","1,99 €","12,96 €/Kilogramo"
Jamón Cocido Finíssimas Campofrío Extra 115 g,,,"1,49 €","1,99 €","12,96 €/Kilogramo"
Jamón cocido Froiz extra finas lonchas 150 g,,,"1,59 €",,"10,60 €/Kilogramo"
Jamón cocido Froiz extra lonchas 175 g,,,"1,75 €",,"10,00 €/Kilogramo"
Jamón extra natural Legado asado con madera de haya sin aditivos 130 g,,,"2,45 €",,"18,85 €/Kilogramo"
Pechuga de Pavo natural asada con madera de haya y sin aditivos 120 g,,,"2,45 €",,"20,42 €/Kilogramo"
Lacón braseado Torre de Núñez 120 g,,,"1,35 €","1,79 €","11,25 €/Kilogramo"
Lacón en tapas MRM cortado a cuchillo 200g,,,"3,25 €",,"16,25 €/Kilogramo"
Mortadela ElPozo con aceitunas 250 g,,,"1,50 €",,"6,00 €/Kilogramo"
Mortadela ElPozo pavo 225 g,,,"1,85 €",,"8,22 €/Kilogramo"
Mortadela ElPozo siciliana 250 g,,,"1,50 €",,"6,00 €/Kilogramo"
Mortadela Ibérica Legado ElPozo Selección corte fresco extra lonchas 150 g,,,"2,15 €",,"14,33 €/Kilogramo"
Mortadela Italiana IGP Bologna Veroni lonchas envase 110 g,,,"2,45 €",,"22,27 €/Kilogramo"
Bloc de pato Katealde lata 65 g,,,"4,95 €",,"76,15 €/Kilogramo"
Paté Apis hígado de cerdo pack 3x80 g,,,"2,69 €",,"11,21 €/Kilogramo"
Paté Casa Tarradellas atún 125 g,,,"1,09 €",,"8,72 €/Kilogramo"
Paté Casa Tarradellas finas hierbas 125g,,,"0,99 €",,"7,92 €/Kilogramo"
Paté Casa Tarradellas ibérico 125 g,,,"1,09 €",,"8,72 €/Kilogramo"
Paté Casa Tarradellas jamón 125 g,,,"0,99 €",,"7,92 €/Kilogramo"
Paté Casa Tarradellas pimienta 125 g,,,"0,99 €",,"7,92 €/Kilogramo"
Paté Casa Tarradellas salmón 125 g,,,"1,09 €",,"8,72 €/Kilogramo"
Paté Coren de cerdo 200 g,,,"0,99 €",,"4,95 €/Kilogramo"
Paté Froiz a la pimienta 125 g,,,"0,74 €",,"5,92 €/Kilogramo"
Paté Froiz a las finas hierbas 125 g,,,"0,74 €",,"5,92 €/Kilogramo"
Paté Froiz de atún 125 g,,,"0,79 €",,"6,32 €/Kilogramo"
Paté hígado de cerdo Alteza 3x78 g,,,"1,15 €","1,25 €","4,91 €/Kilogramo"
Paté La Piara atún 2x75 g,,,"3,63 €",,"24,20 €/Kilogramo"
Paté La Piara Atún en Escabeche 2x75 g,,,"3,63 €",,"24,20 €/Kilogramo"
Paté La Piara Bocadelia atún 180g,,,"2,59 €",,"14,39 €/Kilogramo"
Paté La Piara Bocadelia cangrejo 170 g,,,"2,59 €",,"15,24 €/Kilogramo"
Paté La Piara hígado de cerdo 75 g,,,"1,67 €",,"22,27 €/Kilogramo"
Huevo hilado Sta Teresa 100 g,,,"4,50 €",,"45,00 €/Kilogramo"
Chistorra Alejandro 200 g,,,"2,89 €",,"14,45 €/Kilogramo"
Chistorra Goikoa pieza 200 g,,,"1,59 €",,"7,95 €/Kilogramo"
Chorizo ahumado Casa Castelao semicurado 140 g,,,"1,35 €","1,49 €","9,64 €/Kilogramo"
Chorizo Alejandro Magno original lonchas 100 g,,,"2,95 €",,"29,50 €/Kilogramo"
Chorizo Alejandro Magno picante lonchas 100 g,,,"2,95 €",,"29,50 €/Kilogramo"
Chorizo Alejandro puchero 100% natural sin gluten y sin lactosa 225 g,,,"3,85 €",,"17,11 €/Kilogramo"
Chorizo Argal artesano pieza 140 g,,,"2,50 €",,"17,86 €/Kilogramo"
Chorizo Argal regio plato 70 g,,,"1,70 €",,"24,29 €/Kilogramo"
Chorizo cebollero Torroña malla 2 unidades 300 g,,,"3,15 €",,"10,50 €/Kilogramo"
Chorizo curado González ecológico pack 3 envase 225 g,,,"4,95 €",,"22,00 €/Kilogramo"
Chorizo curado Torre de Núñez extra 300 g,,,"3,45 €",,"11,50 €/Kilogramo"
Chorizo curado Torre de Núñez picante extra 300 g,,,"3,45 €",,"11,50 €/Kilogramo"
Chorizo de León extra Palcarsa dulce lonchas 100 g,,,"1,39 €",,"13,90 €/Kilogramo"
Chorizo de León extra Palcarsa picante lonchas 100 g,,,"1,39 €",,"13,90 €/Kilogramo"
Chorizo extra curado Casa Castelao receta de la abuela 230 g,,,"2,45 €","2,85 €","10,65 €/Kilogramo"
Chorizo Ezequiel de León herradura dulce extra pieza 425 g,,,"6,49 €",,"15,27 €/Kilogramo"
Chorizo Ezequiel de León herradura picante extra pieza 425 g,,,"6,49 €",,"15,27 €/Kilogramo"
Chorizo Froiz extra bipack 2x100 g,,,"1,42 €",,"7,10 €/Kilogramo"
Chorizo Froiz malla 600 g,,,"4,85 €",,"8,08 €/Kilogramo"
Chorizo Froiz Pamplona bipack 2x100 g,,,"1,60 €",,"8,00 €/Kilogramo"
Chorizo Froiz Sarta extra reducido en sal 230 g,,,"1,99 €",,"8,65 €/Kilogramo"
Chorizo gallego San Luis extra bolsa 325 g,,,"3,95 €",,"12,15 €/Kilogramo"
Chorizo La Encina del Bierzo de León herradura dulce extra 400 g,,,"4,99 €",,"12,48 €/Kilogramo"
Chorizo La Encina del Bierzo de León herradura picante extra 400 g,,,"4,99 €",,"12,48 €/Kilogramo"
Chorizo Palacios dulce extra 250 g,,,"3,65 €",,"14,60 €/Kilogramo"
Chorizo Palacios picante extra 250 g,,,"3,65 €",,"14,60 €/Kilogramo"
Chorizo Revilla tradición 65 g,,,"1,00 €",,"15,38 €/Kilogramo"
Chorizo Sarta Original Froiz Extra 280 g,,,"1,89 €",,"6,75 €/Kilogramo"
Chorizo Sarta Picante Froiz Extra 280 g,,,"1,99 €",,"7,11 €/Kilogramo"
Chorizo Serrano de pavo lonchas 100 g,,,"1,46 €",,"14,60 €/Kilogramo"
Chorizo Torre de Núñez extra lonchas 100 g,,,"1,59 €",,"15,90 €/Kilogramo"
Chorizo Torre de Núñez extra semicurado 280 g,,,"2,89 €",,"10,32 €/Kilogramo"
Chorizo Torre de Núñez primera malla 500 g,,,"4,15 €","4,25 €","8,30 €/Kilogramo"
Chorizo Vallina aperitivo 300 g,,,"3,15 €",,"10,50 €/Kilogramo"
Pepperoni Tello lonchas especial pastas y pizzas envase 75g,,,"1,25 €",,"16,67 €/Kilogramo"
Pinchitos San Luis bolsa 500 g,,,"4,45 €",,"8,90 €/Kilogramo"
Taquitos chorizo Froiz 2x50 g,,,"1,29 €",,"12,90 €/Kilogramo"
Cecina de vacuno Palcarsa ligeramente ahumada lonchas 100 g,,,"2,99 €",,"29,90 €/Kilogramo"
Chorizo y salchichón Froiz extra 2x100 g,,,"1,89 €",,"9,45 €/Kilogramo"
Mini taquitos de cecina Palcarsa 60 g,,,"1,19 €",,"19,83 €/Kilogramo"
Espetec Casa Tarradellas 180g,,,"1,98 €",,"11,00 €/Kilogramo"
Espetec Froiz extra 210 g,,,"2,05 €",,"9,76 €/Kilogramo"
Fuet Froiz artesano extra 2x170 g,,,"2,99 €",,"8,79 €/Kilogramo"
Fuet Ibérico Froiz Selection extra 150 g,,,"1,99 €",,"13,27 €/Kilogramo"
Jamón pato Katealde lonchas 50 g,,,"4,39 €",,"87,80 €/Kilogramo"
Codillo de jamón curado Coren 750 g,,,"1,99 €",,"2,65 €/Kilogramo"
Hilos de Jamón Curado Espuña 2x45 g,,,"1,65 €",,"18,33 €/Kilogramo"
Jamón curado Espuña extrafino 120 g,,,"2,79 €",,"23,25 €/Kilogramo"
Jamón curado Espuña taco 360 g,,,"6,95 €",,"19,31 €/Kilogramo"
Jamón curado Navidul 50g,,,"1,00 €",,"20,00 €/Kilogramo"
Jamón curado Navidul de Extremadura medias lonchas 2x69 g,,,"2,95 €","3,49 €","21,38 €/Kilogramo"
Jamón Curado Pavo Argal lonchas 70 g,,,"2,70 €",,"38,57 €/Kilogramo"
Jamón serrano Argal plato 90 g,,,"2,50 €",,"27,78 €/Kilogramo"
Jamón serrano Froiz Gran Reserva Raza Duroc 15 meses curación lonchas 120 g,,,"2,69 €",,"22,42 €/Kilogramo"
Jamón serrano Froiz media loncha 2x90 g,,,"2,66 €",,"14,78 €/Kilogramo"
Jamón serrano Froiz reducido en sal lonchas 150 g,,,"2,69 €",,"17,93 €/Kilogramo"
Jamón serrano Froiz reserva lonchas 150 g,,,"2,18 €",,"14,53 €/Kilogramo"
Jamón serrano Reserva Froiz finas lonchas 120 g,,,"2,28 €",,"19,00 €/Kilogramo"
Jamón serrano Selecta gran reserva 100 g,,,"3,75 €","3,99 €","37,50 €/Kilogramo"
Jamón serrano Torre de Núñez 25% menos de sal 120 g,,,"2,59 €","2,85 €","21,58 €/Kilogramo"
Paleta serrana Selecta gran reserva 80 g,,,"2,95 €","3,35 €","36,88 €/Kilogramo"
Taquitos jamón curado Froiz 2x75 g,,,"1,91 €",,"12,73 €/Kilogramo"
Taquitos jamón Navidul 120 g,,,"1,99 €",,"16,58 €/Kilogramo"
Cabecero de lomo Froiz 150 g,,,"2,39 €",,"15,93 €/Kilogramo"
Caña de lomo Navidul 40 g,,,"1,00 €",,"25,00 €/Kilogramo"
Lomo embuchado Argal plato 100 g,,,"3,15 €",,"31,50 €/Kilogramo"
Lomo embuchado Froiz 50% raza Duroc lonchas 120 g,,,"1,99 €",,"16,58 €/Kilogramo"
Longaniza imperial ElPozo Maxi 230 g,,,"2,50 €",,"10,87 €/Kilogramo"
Morcilla Asturiana Vallina 250g,,,"2,29 €",,"9,16 €/Kilogramo"
Morcilla Burgos Mari Paz 265 g,,,"1,50 €",,"5,66 €/Kilogramo"
Salami Froiz extra 150 g,,,"1,00 €",,"6,67 €/Kilogramo"
Salchichón Argal regio plato 70 g,,,"1,70 €",,"24,29 €/Kilogramo"
Salchichón Froiz extra bipack 2x100 g,,,"1,38 €",,"6,90 €/Kilogramo"
Salchichón Serrano de pavo lonchas 100 g,,,"1,46 €",,"14,60 €/Kilogramo"
Chorizo Ibérico de cebo Serranía de la Aldea lonchas 180 g,,,"2,79 €",,"15,50 €/Kilogramo"
Chorizo Ibérico extra de bellota Froiz 100 g,,,"2,35 €",,"23,50 €/Kilogramo"
Chorizo Navidul ibérico 45 g,,,"1,00 €",,"22,22 €/Kilogramo"
Jamón de Cebo Ibérico 50% Raza Ibérica Serranía de la Aldea lonchas finas 150 g,,,"6,28 €",,"41,87 €/Kilogramo"
Jamón Froiz Ibérico cebo 50% raza ibérica 100 g,,,"4,99 €",,"49,90 €/Kilogramo"
Jamón Ibérico Navidul lonchas 40 g,,,"2,50 €",,"62,50 €/Kilogramo"
Lomo Froiz ibérico cebo 50% raza ibérica 100 g,,,"4,39 €",,"43,90 €/Kilogramo"
Paleta de Cebo Ibérica 50% Raza ibérica Serranía de la Aldea lonchas finas 150 g,,,"4,99 €",,"33,27 €/Kilogramo"
Paleta de Cebo ibérica Navidul lonchas 40 g,,,"2,00 €",,"50,00 €/Kilogramo"
Paleta Ibérica Froiz Cebo 50% raza ibérica 100 g,,,"4,65 €",,"46,50 €/Kilogramo"
Salchichón Ibérico extra de bellota Froiz 100 g,,,"2,85 €",,"28,50 €/Kilogramo"
Sobrasada ElPozo Ibérica 200 g,,,"1,85 €",,"9,25 €/Kilogramo"
Jamón de cebo ibérico 50% raza ibérica Aljomar al corte kg,,,"54,90 €",,"54,90 €/Kilogramo"
Jamón de cebo ibérico 50% raza ibérica Froiz deshuesado kg,,,"45,00 €",,"45,00 €/Kilogramo"
Jamón de cebo ibérico 50% raza ibérica Julián Martín al corte kg,,,"54,90 €",,"54,90 €/Kilogramo"
Jamón de cebo ibérico 50% raza ibérica Nico al corte kg,,,"49,00 €",,"49,00 €/Kilogramo"
Jamón ibérico cebo asado y ahumado Frial corte cuchillo kg,,,"26,35 €",,"26,35 €/Kilogramo"
Lomo de cebo ibérico 50% raza ibérica Nico kg,,,"35,90 €",,"35,90 €/Kilogramo"
Paleta de bellota 100% ibérica Aljomar kg,,,"89,00 €",,"89,00 €/Kilogramo"
Paleta de bellota ibérica 75% raza ibérica Froiz deshuesada kg,,,"59,00 €",,"59,00 €/Kilogramo"
Paleta de cebo ibérica 50% raza iberica Froiz deshuesada kg,,,"35,00 €",,"35,00 €/Kilogramo"
Paleta Ibérica Legado ElPozo asada con maderas de haya kg,,,"17,50 €",,"17,50 €/Kilogramo"
Jamón Bodega Coren sin pata pieza 6.5 kg,,,"42,00 €",,"6,46 €/Kilogramo"
Jamón serrano Gran Reserva Selecta Coren peso aproximado 8 kg pieza,,,"129,00 €",,"16,13 €/Kilogramo"
Jamón serrano reserva Coren reducido en sal 14 meses de curación peso aproximado 7 kg pieza,,,"69,00 €",,"9,86 €/Kilogramo"
Jamón serrano reserva ElPozo Selección 12 meses de curación peso aproximado 7.5-8.5kg,,,"59,00 €",,"7,38 €/Kilogramo"
Jamón serrano reserva Nico 12 meses de curación peso aproximado 7 kg pieza,,,"45,00 €",,"6,43 €/Kilogramo"
Jamón serrano reserva Torre de Núñez raza Duroc 15 meses de curación peso aproximado 7 kg pieza,,,"69,00 €",,"9,86 €/Kilogramo"
Lote Jamón Torre de Núñez,,,"75,90 €",,"75,90 €/Unidad"
"Jamón cebo ibérico Iglesias 50% raza ibérica 7,8 kg pieza",,,"119,00 €",,"15,26 €/Kilogramo"
Jamón de bellota 100% ibérico 5J pieza,,,"595,00 €",,"91,54 €/Kilogramo"
Jamón de bellota 100% ibérico Pedroches pieza,,,"390,00 €",,"48,75 €/Kilogramo"
Jamón de bellota 100% ibérico Sánchez Romero Carvajal pieza,,,"475,00 €",,"63,33 €/Kilogramo"
Jamón de bellota ibérica 75% raza ibérica Aljomar pieza,,,"285,00 €",,"39,58 €/Kilogramo"
Jamón de bellota ibérico 50% raza ibérica Julián Martín pieza,,,"265,00 €",,"33,13 €/Kilogramo"
Jamón de bellota ibérico 50% raza ibérica Nico pieza,,,"260,00 €",,"34,67 €/Kilogramo"
Jamón de cebo de campo ibérico 50% raza ibérica Aljomar pieza,,,"155,00 €",,"19,38 €/Kilogramo"
Jamón de cebo ibérico 50% raza ibérica Aljomar pieza,,,"145,00 €",,"19,33 €/Kilogramo"
Jamón de cebo ibérico 50% raza ibérica Julián Martín pieza,,,"149,00 €",,"21,29 €/Kilogramo"
Jamón de cebo ibérico 50% raza ibérica Navidul pieza,,,"169,00 €",,"22,53 €/Kilogramo"
Jamón de cebo ibérico 50% raza ibérica Nico pieza,,,"119,00 €",,"14,88 €/Kilogramo"
Paleta de bellota ibérica 50% raza ibérica Julián Martín pieza,,,"115,00 €",,"23,00 €/Kilogramo"
Paleta de cebo ibérica 50% raza ibérica Aljomar pieza,,,"57,00 €",,"11,40 €/Kilogramo"
Cecina de vaca IGP León Ezequiel ahumada con leña de roble kg.,,,"28,90 €",,"28,90 €/Kilogramo"
Centro de Jamón serrano Collell reserva kg,,,"13,95 €",,"13,95 €/Kilogramo"
Jamón deshuesado serrano Casa Mata D.O. Teruel kg,,,"19,95 €","26,90 €","19,95 €/Kilogramo"
Jamón deshuesado serrano Coren reserva reducido en sal 14 meses de curación kg,,,"21,90 €",,"21,90 €/Kilogramo"
Jamón deshuesado serrano Froiz Gran Reserva raza duroc 15 meses de curación kg,,,"19,80 €",,"19,80 €/Kilogramo"
Jamón deshuesado serrano Froiz reserva 14 meses de curación kg,,,"16,95 €",,"16,95 €/Kilogramo"
Jamón deshuesado serrano Froiz reserva reducido en sal 14 meses de curación kg,,,"17,45 €",,"17,45 €/Kilogramo"
Jamón deshuesado serrano Gran Reserva Selecta Coren kg,,,"32,90 €",,"32,90 €/Kilogramo"
Jamón deshuesado serrano Nico reserva kg,,,"17,90 €",,"17,90 €/Kilogramo"
"Jamón deshuesado serrano Torre de Núñez reserva 50% raza duroc 15 meses de
curación kg.",,,"20,90 €",,"20,90 €/Kilogramo"
Jamón de bellota ibérico 75% raza ibérica Froiz deshuesado kg,,,"95,00 €",,"95,00 €/Kilogramo"
Jamón de cebo ibérico 50% raza ibérica Navidul deshuesado kg,,,"59,00 €","65,00 €","59,00 €/Kilogramo"
Centro Paleta Gran Reserva Eresma kg,,,"17,30 €",,"17,30 €/Kilogramo"
Centro paleta Torre de Núñez gran reserva raza duroc 12 meses de curación kg,,,"16,95 €",,"16,95 €/Kilogramo"
Jamón asado Frial corte cuchillo kg,,,"9,95 €","13,45 €","9,95 €/Kilogramo"
Jamón Navidul 4 estaciones al corte kg,,,"23,95 €",,"23,95 €/Kilogramo"
Jamón serrano bodega ElPozo al corte kg,,,"13,95 €",,"13,95 €/Kilogramo"
Paleta Selecta Coren vta corte kg,,,"26,90 €",,"26,90 €/Kilogramo"
Cremoso crema vegana Violife sabor original 200 g,,,"3,49 €",,"17,45 €/Kilogramo"
Lonchas veganas Violife sabor original 200 g,,,"3,49 €",,"17,45 €/Kilogramo"
Lonchas vegetales Green&Veggie a base de clara de huevo con verduras y aceitunas 100 g,,,"1,29 €",,"12,90 €/Kilogramo"
Lonchas vegetales Green&Veggie a base de clara de huevo y aceitunas 100 g,,,"1,29 €",,"12,90 €/Kilogramo"
Rallado vegano Violife sabor mozzarella 200 g,,,"3,49 €",,"17,45 €/Kilogramo"
Manteca Cocida Vaca Queinaga 200 g,,,"2,25 €",,"11,25 €/Kilogramo"
Manteca de cerdo ibérico Legado tarrina 400 g,,,"2,95 €",,"7,38 €/Kilogramo"
Crema de membrillo El Quijote 4.5 lata kg,,,"4,50 €",,"4,50 €/Kilogramo"
"Dulce de frutas El Quijote 3,5 fiambrera kg",,,"4,25 €",,"4,25 €/Kilogramo"
Dulce de membrillo Froiz kg,,,"6,59 €",,"6,59 €/Kilogramo"
Dulce de membrillo San Lorenzo con fructosa fiambrera kg,,,"7,25 €",,"7,25 €/Kilogramo"
Dulce membrillo El Quijote lata kg,,,"2,79 €",,"2,79 €/Kilogramo"
Membrillo Emily con nuez kg,,,"8,50 €",,"8,50 €/Kilogramo"
Membrillo San Lorenzo lata kg,,,"3,27 €",,"3,27 €/Kilogramo"
Membrillo Santa Teresa kg,,,"12,90 €",,"12,90 €/Kilogramo"
Queso Mascarpone Galbani 250 g,,,"3,35 €",,"13,40 €/Kilogramo"
Queso Mascarpone Granarolo 250 g,,,"2,25 €",,"9,00 €/Kilogramo"
Tarta de Queso La Repostrería 200 g,,,"1,75 €",,"8,75 €/Kilogramo"
Pastel de Cabracho Froiz Serlection 170 g,,,"3,49 €",,"20,53 €/Kilogramo"
Rulo Mousse de Pato 100% La Cuina kg,,,"14,90 €",,"14,90 €/Kilogramo"
Queso Angulo Burgos fresco natural kg,,,"9,90 €",,"9,90 €/Kilogramo"
Queso Angulo Villalón fresco kg,,,"10,60 €",,"10,60 €/Kilogramo"
Queso Azul Bergader pieza kg,,,"11,50 €",,"11,50 €/Kilogramo"
Queso Azul Lara & Sara Prestes elaborado con leche de vaca y cabra kg,,,"14,25 €",,"14,25 €/Kilogramo"
Queso Bama Arzúa-Ulloa grande Denominación de Origen Protegida kg,,,"11,95 €",,"11,95 €/Kilogramo"
Queso Bama Arzúa-Ulloa pequeño Denominación de Origen kg,,,"11,95 €",,"11,95 €/Kilogramo"
Queso Bama tetilla Denominación de Origen kg,,,"11,95 €",,"11,95 €/Kilogramo"
Queso Barral D.O.P. Arzúa-Ulloa kg,,,"11,95 €",,"11,95 €/Kilogramo"
Queso Berenguela reducido en grasa barra kg,,,"13,50 €",,"13,50 €/Kilogramo"
Queso Boffard oveja Reserva kg,,,"23,20 €",,"23,20 €/Kilogramo"
Queso Cabrales D.O. kg,,,"21,50 €",,"21,50 €/Kilogramo"
Queso Convento de la Aldea semicurado kg,,,"10,98 €",,"10,98 €/Kilogramo"
Queso El Pastor Ruffino oveja curado kg,,,"16,50 €",,"16,50 €/Kilogramo"
Queso El Pastor Rulo cabra kg,,,"14,98 €",,"14,98 €/Kilogramo"
Queso El Pastor Santtum mezcla curado kg,,,"14,20 €",,"14,20 €/Kilogramo"
Queso El Pastor Santtum mezcla semicurado kg,,,"13,65 €",,"13,65 €/Kilogramo"
Queso El Ventero bajo en sal barra kg,,,"16,45 €",,"16,45 €/Kilogramo"
Queso Eume barra kg,,,"10,49 €",,"10,49 €/Kilogramo"
Queso Flor de Esgueva oveja viejo kg,,,"19,95 €",,"19,95 €/Kilogramo"
Queso Fresco Flor de Ronda cabra 60% y vaca 40% kg,,,"14,49 €",,"14,49 €/Kilogramo"
Queso fresco Froiz kg,,,"6,99 €",,"6,99 €/Kilogramo"
Queso fresco Únicla kg,,,"9,50 €","9,99 €","9,50 €/Kilogramo"
Queso Froiz barra kg,,,"9,59 €",,"9,59 €/Kilogramo"
Queso Froiz ligero reducido en sal barra kg,,,"8,45 €","9,75 €","8,45 €/Kilogramo"
Queso Froiz Selection oveja curado kg,,,"13,45 €","15,95 €","13,45 €/Kilogramo"
Queso Froiz semicurado kg,,,"9,75 €","11,60 €","9,75 €/Kilogramo"
Queso Froiz tierno kg,,,"10,95 €",,"10,95 €/Kilogramo"
Queso gallego curado de vaca Galmesano cuña kg,,,"27,50 €/Kg",,"10,45 €/Unidad"
Queso García Baquero 12 meses reserva kg,,,"18,95 €",,"18,95 €/Kilogramo"
Queso García Baquero cabra kg,,,"16,95 €","18,45 €","16,95 €/Kilogramo"
Queso García Baquero Cava Artés kg,,,"16,95 €",,"16,95 €/Kilogramo"
Queso García Baquero curado Maestría kg,,,"12,95 €","15,30 €","12,95 €/Kilogramo"
Queso García Baquero fresco sin sal kg,,,"7,90 €",,"7,90 €/Kilogramo"
Queso García Baquero La Cava Barus kg,,,"16,95 €",,"16,95 €/Kilogramo"
Queso García Baquero semicurado kg,,,"14,60 €",,"14,60 €/Kilogramo"
Queso La Vasco Navarra curado ahumado de oveja elaborado con leche cruda Denominación de Origen Idiazábal kg,,,"22,95 €",,"22,95 €/Kilogramo"
Queso Larsa bola Trébol grande kg,,,"10,79 €",,"10,79 €/Kilogramo"
Queso Larsa Clássico kg,,,"10,35 €",,"10,35 €/Kilogramo"
Queso Larsa Ligero barra kg,,,"10,35 €",,"10,35 €/Kilogramo"
Queso Lorán Brezo cazuela grande kg,,,"11,98 €",,"11,98 €/Kilogramo"
Queso Lorán Brezo cazuela pequeña kg,,,"11,98 €",,"11,98 €/Kilogramo"
Queso Lorán gallego kg,,,"11,98 €",,"11,98 €/Kilogramo"
Queso Lorán tetilla Denominación de Origen kg,,,"11,98 €",,"11,98 €/Kilogramo"
Queso Lorán Viv-ê sin sal kg,,,"11,98 €",,"11,98 €/Kilogramo"
Queso Palo Santo gallego Celga Kg,,,"13,99 €",,"13,99 €/Kilogramo"
Queso Pizzafonte barra kg,,,"9,55 €",,"9,55 €/Kilogramo"
Queso Roncari D.O. kg,,,"19,95 €",,"19,95 €/Kilogramo"
Queso San Simón Casleiras D.O. kg,,,"12,95 €",,"12,95 €/Kilogramo"
Queso Tierra de Duero García Baquero Zamorano oveja D.O.P. curado kg,,,"18,45 €",,"18,45 €/Kilogramo"
Queso Tres Oscos barra kg,,,"13,50 €",,"13,50 €/Kilogramo"
Queso Tres Oscos sin lactosa barra kg,,,"13,50 €",,"13,50 €/Kilogramo"
Queso Arla Emmental barra kg,,,"14,40 €",,"14,40 €/Kilogramo"
Queso Arla Finello Mozzarella barra kg,,,"15,95 €",,"15,95 €/Kilogramo"
Queso Cheddar Fayrefield barra kg,,,"12,45 €",,"12,45 €/Kilogramo"
Queso Gouda Frico cabra kg,,,"17,90 €",,"17,90 €/Kilogramo"
Queso Grana Padano Granarolo corte kg,,,"19,90 €",,"19,90 €/Kilogramo"
Queso Gruyere taco suizo kg,,,"24,75 €",,"24,75 €/Kilogramo"
Queso Havarti Arla I.G.P. Danés barra kg,,,"14,40 €",,"14,40 €/Kilogramo"
Queso Maasdam semicurado Leerdammer elaborado con leche pasterizada kg,,,"13,75 €",,"13,75 €/Kilogramo"
Queso Monarc Edam barra kg,,,"7,49 €","8,60 €","7,49 €/Kilogramo"
Queso Monarc Gouda barra kg,,,"8,60 €",,"8,60 €/Kilogramo"
Queso Président Brie kg,,,"17,75 €",,"17,75 €/Kilogramo"
Queso Provolone italiano Granarolo kg,,,"12,95 €",,"12,95 €/Kilogramo"
Queso Raclette Le Rustique kg,,,"14,90 €",,"14,90 €/Kilogramo"
Queso Sombrero Copa Gouda barra kg,,,"10,95 €",,"10,95 €/Kilogramo"
Queso Sombrero de Copa Gouda redondo kg,,,"12,45 €",,"12,45 €/Kilogramo"
Froiz Sándwich lonchas 200 g,,,"1,49 €",,"7,45 €/Kilogramo"
Queso Alteza fundido lonchas 16 unidades 300 g,,,"1,29 €",,"4,30 €/Kilogramo"
Queso El Caserío fundido con Mozzarella 7 lonchas 200 g,,,"2,14 €",,"10,70 €/Kilogramo"
Queso fundido El Caserío lonchas 16 unidades envase 300 g,,,"2,19 €",,"7,30 €/Kilogramo"
Queso fundido Tranchettes La Vaca que Ríe lonchas 14 u 262 g,,,"2,40 €",,"9,16 €/Kilogramo"
Burguitos Burgo de Arias natural 108 g,,,"1,40 €",,"12,96 €/Kilogramo"
Medallones Queso Cabra Président 200 g,,,"3,24 €",,"16,20 €/Kilogramo"
Queijo de vaca amanteigado quadradinho Dom Villas 500 g,,,"7,85 €",,"15,70 €/Kilogramo"
Queso Barral D.O.P. Arzúa-Ulloa pieza 940 g,,,"9,85 €","11,25 €","10,48 €/Kilogramo"
Queso Berenguela baby semigraso 450 g,,,"6,50 €",,"14,44 €/Kilogramo"
Queso Boffard mezcla curado elaborado con leche cruda cuña cortada sin corteza 200 g,,,"6,35 €",,"31,75 €/Kilogramo"
Queso Burgo de Arias Aperitivos 100 g,,,"2,55 €",,"25,50 €/Kilogramo"
Queso Convento de la Aldea mezcla semicurado cuña 400 g,,,"5,25 €",,"13,13 €/Kilogramo"
Queso de cabra Froiz en medallones pre-cortados 2x100 g,,,"2,99 €",,"14,95 €/Kilogramo"
Queso de vaca El Pastor fresco con relleno de mango 125 g,,,"2,55 €",,"20,40 €/Kilogramo"
Queso Doña Encarnación oveja (elaborado con leche cruda de oveja) añejo cuña 250 g,,,"4,85 €",,"19,40 €/Kilogramo"
Queso ecológico de Carmiña Casa Grande de Xanceda pieza 600 g,,,"9,95 €",,"16,58 €/Kilogramo"
Queso El Pastor Rulo cabra papaya 100g,,,"1,75 €","1,88 €","17,50 €/Kilogramo"
Queso El Ventero bajo en sal 550g,,,"9,45 €",,"17,18 €/Kilogramo"
Queso Farelo Arzúa Ulloa D.O.P. 800 g aprox.,,,"8,59 €",,"10,74 €/Kilogramo"
Queso Farelo tetilla D.O.P. 750 g aprox.,,,"7,99 €",,"10,65 €/Kilogramo"
Queso Flor Esgueva viejo tapas 210g,,,"6,25 €",,"29,76 €/Kilogramo"
Queso Froiz Edam tierno bola cuña 300 g,,,"2,64 €",,"8,80 €/Kilogramo"
Queso Froiz Gouda tierno cuña 300 g,,,"2,39 €",,"7,97 €/Kilogramo"
Queso Froiz rulo de cabra 140 g,,,"1,47 €",,"10,50 €/Kilogramo"
Queso Froiz Selection cabra 250 g,,,"3,25 €","3,59 €","13,00 €/Kilogramo"
Queso Froiz Selection Denominación de Origen Zamorano curado 250 g,,,"3,25 €","3,99 €","13,00 €/Kilogramo"
Queso Froiz Selection oveja curado 250 g,,,"3,49 €",,"13,96 €/Kilogramo"
Queso Froiz Selection oveja viejo cuña 250 g,,,"3,15 €",,"12,60 €/Kilogramo"
"Queso Froiz semicurado ""Ya cortadas"" cuña 250 g",,,"2,90 €",,"11,60 €/Kilogramo"
Queso Froiz semicurado cuña 300 g,,,"2,49 €",,"8,30 €/Kilogramo"
Queso Froiz tierno cuña 300 g,,,"2,40 €",,"8,00 €/Kilogramo"
Queso García Baquero cabra Ya cortado cuña 250 g,,,"4,90 €",,"19,60 €/Kilogramo"
Queso García Baquero Curado cuña 250 g,,,"4,30 €",,"17,20 €/Kilogramo"
Queso García Baquero curado Ya cortado cuña 250 g,,,"3,75 €","4,40 €","15,00 €/Kilogramo"
Queso García Baquero Reserva 12 meses Ya cortado cuña 200 g,,,"4,75 €",,"23,75 €/Kilogramo"
Queso García Baquero semi curado 930 g,,,"14,25 €",,"15,32 €/Kilogramo"
Queso García Baquero semicurado cuña 325 g,,,"5,20 €",,"16,00 €/Kilogramo"
Queso García Baquero semicurado cuña 465 g,,,"7,55 €",,"16,24 €/Kilogramo"
Queso García Baquero semicurado Ya cortado cuña 250 g,,,"3,75 €","4,40 €","15,00 €/Kilogramo"
Queso García Baquero tierno Ya cortado cuña 250 g,,,"3,99 €",,"15,96 €/Kilogramo"
Queso Gran Capitán mezcla semi pieza 930 g,,,"16,90 €",,"18,17 €/Kilogramo"
Queso La Vasco Navarra curado ahumado de oveja elaborado con leche cruda Denominación de Origen Idiazábal 250 g,,,"5,75 €",,"23,00 €/Kilogramo"
Queso Moeche madurado reducido en sal pieza 550 g,,,"7,25 €",,"13,18 €/Kilogramo"
Queso Palo Santo cuña 250 g,,,"3,55 €",,"14,20 €/Kilogramo"
Queso Président rulo de cabra Sainte Maure 180 g,,,"3,95 €",,"21,94 €/Kilogramo"
Queso Queinaga Arzúa-Ulloa D.O.P. 800 g,,,"8,55 €",,"10,69 €/Kilogramo"
Queso San Simón da Casleiras Bufón Denominación de Origen Protegida pieza 650g,,,"8,30 €",,"12,77 €/Kilogramo"
Queso Secreto Extremeño oveja curado Denominación de Origen Torta del Casar pieza,,,"14,95 €",,"14,95 €/Kilogramo"
Queso Sto. André Cebreiro D.O.P. pieza,,,"6,99 €",,"6,99 €/Unidad"
Queso TGT cabrales denominación de origen cuña 100 g,,,"2,95 €",,"29,50 €/Kilogramo"
Queso Tres Oscos Baby bajo en sal 450g,,,"6,50 €",,"14,44 €/Kilogramo"
Queso Albéniz oveja lonchas 60 g,,,"1,00 €",,"16,67 €/Kilogramo"
Queso Arla alto contenido en proteínas y bajo en grasas lonchas 150 g,,,"2,99 €",,"19,93 €/Kilogramo"
Queso El Ventero tierno mezcla light en lonchas 160 g,,,"3,30 €",,"20,63 €/Kilogramo"
Queso El Ventero tierno mezcla reducido en sal en lonchas 160 g,,,"3,30 €",,"20,63 €/Kilogramo"
Queso Flor de Burgos Gouda sin lactosa 150 g,,,"2,05 €",,"13,67 €/Kilogramo"
Queso Froiz Cheddar lonchas 200 g,,,"1,90 €",,"9,50 €/Kilogramo"
Queso Froiz Edam lonchas 200 g,,,"1,50 €",,"7,50 €/Kilogramo"
Queso Froiz Emmental lonchas 200 g,,,"2,10 €",,"10,50 €/Kilogramo"
Queso Froiz Gouda light lonchas 200 g,,,"1,89 €",,"9,45 €/Kilogramo"
Queso Froiz Gouda lonchas 200 g,,,"1,57 €",,"7,85 €/Kilogramo"
Queso Froiz Havarti IGP lonchas 200 g,,,"1,99 €",,"9,95 €/Kilogramo"
Queso Froiz light lonchas 200 g,,,"2,25 €",,"11,25 €/Kilogramo"
Queso Froiz lonchas 200 g,,,"2,15 €",,"10,75 €/Kilogramo"
Queso Froiz Mozzarella lonchas 200 g,,,"1,85 €",,"9,25 €/Kilogramo"
Queso Froiz semicurado lonchas 200 g,,,"1,98 €",,"9,90 €/Kilogramo"
Queso Froiz tierno lonchas 200 g,,,"1,69 €",,"8,45 €/Kilogramo"
Queso Garcia Baquero bajo en sal semicurado lonchas 150 g,,,"2,25 €",,"15,00 €/Kilogramo"
Queso García Baquero cabra lonchas 125 g,,,"2,55 €",,"20,40 €/Kilogramo"
Queso García Baquero semicurado lonchas 200 g,,,"3,35 €",,"16,75 €/Kilogramo"
Queso García Baquero sin lactosa lonchas 150 g,,,"2,65 €",,"17,67 €/Kilogramo"
Queso García Baquero tierno bajo en sal lonchas 68 g,,,"1,00 €",,"14,71 €/Kilogramo"
Queso García Baquero tierno light lonchas 68 g,,,"1,00 €",,"14,71 €/Kilogramo"
Queso García Baquero tierno lonchas 68 g,,,"1,00 €",,"12,50 €/Kilogramo"
Queso Larsa Trébol de leche de pastoreo clásico lonchas 300 g,,,"3,19 €",,"10,63 €/Kilogramo"
Queso Larsa Trébol ligero lonchas 200 g,,,"2,59 €",,"12,95 €/Kilogramo"
Queso Larsa Trébol lonchas natural 200 g,,,"2,59 €",,"12,95 €/Kilogramo"
Queso Monarc Edam lonchas 500 g,,,"3,65 €","3,75 €","7,30 €/Kilogramo"
Queso Monarc Gouda lonchas 500 g,,,"3,90 €",,"7,80 €/Kilogramo"
Queso Tres Oscos bajo en sal lonchas 250 g,,,"3,59 €",,"14,36 €/Kilogramo"
Queso Tres Oscos s/lactosa lonchas 200g,,,"3,59 €",,"17,95 €/Kilogramo"
Queso Tres Oscos Tierno lonchas 250 g,,,"3,59 €",,"14,36 €/Kilogramo"
Queso Burgo de Arias cabra 3x70 g,,,"3,95 €",,"18,81 €/Kilogramo"
Queso Burgo de Arias mini 0% 3x72g,,,"2,99 €",,"13,84 €/Kilogramo"
Queso Burgo de Arias mini natural 3x72 g,,,"2,99 €",,"13,84 €/Kilogramo"
Queso Burgo de Arias mini sin sal 3x72 g,,,"3,05 €",,"14,12 €/Kilogramo"
Queso fresco batido Flor de Burgos 0% 450 g,,,"1,99 €",,"4,42 €/Kilogramo"
Queso fresco Burgo de Arias 2x230 g,,,"5,45 €",,"11,85 €/Kilogramo"
Queso fresco Burgo de Arias mini sin lactosa 3x72 g,,,"3,05 €",,"14,12 €/Kilogramo"
Queso fresco Burgos Froiz 0% 2x250 g,,,"1,90 €",,"3,80 €/Kilogramo"
"Queso fresco Burgos Froiz 0% 4x62,5 g",,,"1,11 €",,"4,44 €/Kilogramo"
Queso fresco Burgos Froiz 250 g,,,"1,09 €",,"4,36 €/Kilogramo"
Queso fresco Burgos Froiz 2x250 g,,,"1,90 €",,"3,80 €/Kilogramo"
"Queso fresco Burgos Froiz 4x62,5 g",,,"1,11 €",,"4,44 €/Kilogramo"
"Queso fresco Burgos Froiz sin sal 4x62,5 g",,,"1,00 €","1,47 €","4,00 €/Kilogramo"
Queso fresco elaborado con leche de cabra Froiz 4x62.5 g,,,"2,40 €",,"9,60 €/Kilogramo"
Queso fresco natural Burgo de Arias bio 3x70 g,,,"3,89 €",,"18,52 €/Kilogramo"
Queso fresco Quark Flor de Burgos batido con yogur natural 0% grasa 450 g,,,"2,49 €",,"5,53 €/Kilogramo"
Queso Larsa blanco pasteurizado 250 g,,,"2,03 €",,"8,12 €/Kilogramo"
Queso Loran tipo requesón 250 g,,,"1,25 €",,"5,00 €/Kilogramo"
Mozzarella fresca bola Galbani 100 g,,,"1,19 €",,"11,90 €/Kilogramo"
Queso Azul Bergader cuña 100 g,,,"1,55 €",,"15,50 €/Kilogramo"
Queso Brie Tours de Paris 200 g,,,"1,45 €",,"7,25 €/Kilogramo"
Queso Burrata Galbani 150 g,,,"4,20 €",,"28,00 €/Kilogramo"
Queso Camembert Vieux Porche 250 g,,,"1,69 €",,"6,76 €/Kilogramo"
Queso Caprice des Dieux 200 g,,,"4,95 €",,"24,75 €/Kilogramo"
Queso Castello Cheddar blanco extra curado taco 200 g,,,"3,45 €",,"17,25 €/Kilogramo"
Queso Castello Piña 125 g,,,"2,25 €",,"18,00 €/Kilogramo"
Queso Gorgonzola Granarolo 150 g,,,"2,49 €",,"16,60 €/Kilogramo"
Queso Grana Padano Granarolo cuña 200 g,,,"3,20 €",,"16,00 €/Kilogramo"
Queso Griego Olympus Feta D.O.P. 150 g,,,"2,65 €",,"17,67 €/Kilogramo"
Queso mozzarella fresca Galbani light bolsa 125 g,,,"1,89 €",,"15,12 €/Kilogramo"
Queso Mozzarella Fresca Granarolo 125 g,,,"0,90 €",,"7,20 €/Kilogramo"
Queso mozzarella Galbani fresca mini 20 unidades bolsa 150 g,,,"2,85 €",,"19,00 €/Kilogramo"
Queso mozzarella Galbani fresca organic bio bolsa 125 g,,,"2,45 €",,"19,60 €/Kilogramo"
Queso Patros Finas Hierbas tarro 150 g,,,"3,50 €",,"23,33 €/Kilogramo"
Queso Président Emmental 250 g,,,"4,45 €",,"17,80 €/Kilogramo"
Queso Provolone Froiz 200 g,,,"2,35 €",,"11,75 €/Kilogramo"
Queso Ricotta Galbani 250 g,,,"2,55 €",,"10,20 €/Kilogramo"
Queso Roquefort Société 100 g,,,"3,25 €",,"32,50 €/Kilogramo"
Queso TGT Roncari blue cuña 100 g,,,"2,40 €",,"24,00 €/Kilogramo"
Queso Arla Finello rallado Mozzarella 150 g,,,"2,99 €",,"19,93 €/Kilogramo"
Queso D.O.P. Grana Padano Giovanni Ferrari Reserva madurado 20 meses rallado 60 g,,,"2,25 €",,"37,50 €/Kilogramo"
Queso El Caserío en polvo especial pasta 80 g,,,"1,18 €",,"14,75 €/Kilogramo"
Queso El Caserío rallado 4 quesos especial gratinar 130 g,,,"2,25 €",,"17,31 €/Kilogramo"
Queso El Caserío rallado Emmental especial gratinar 130 g,,,"2,25 €",,"17,31 €/Kilogramo"
Queso El Caserío rallado Maasdam/Mozzarella especial pizza 130 g,,,"2,15 €",,"16,54 €/Kilogramo"
Queso Froiz dados para ensalada 200 g,,,"1,95 €",,"9,75 €/Kilogramo"
Queso Froiz en polvo especial pasta 100 g,,,"1,03 €",,"10,30 €/Kilogramo"
Queso Froiz rallado 4 quesos para ensalada 200 g,,,"2,17 €",,"10,85 €/Kilogramo"
Queso Froiz rallado Emmental 200 g,,,"1,65 €",,"8,25 €/Kilogramo"
Queso Froiz rallado gratinar 3 quesos 200 g,,,"1,80 €",,"9,00 €/Kilogramo"
Queso Froiz rallado Mozzarella 200 g,,,"1,50 €",,"7,50 €/Kilogramo"
Queso Froiz rallado Mozzarella light 200 g,,,"2,05 €",,"10,25 €/Kilogramo"
Queso Froiz rallado Mozzarella y Provolone 200 g,,,"2,85 €",,"14,25 €/Kilogramo"
Queso Froiz Selection rallado 5 quesos con queso azul 200 g,,,"2,25 €",,"11,25 €/Kilogramo"
Queso García Baquero curado polvo 90g,,,"1,45 €",,"16,11 €/Kilogramo"
Queso García Baquero semicurado rallado 110g,,,"1,45 €",,"13,18 €/Kilogramo"
Queso italiano Granarolo rallado Parmigiano Reggiano DOP 90 g,,,"2,15 €",,"23,89 €/Kilogramo"
Queso Mozzarella Hochland rallado sin lactosa 150 g,,,"2,15 €",,"14,33 €/Kilogramo"
Queso Philadelphia especial ensaladas 160 g,,,"1,99 €",,"12,44 €/Kilogramo"
Queso rallado Estil especial fundir 300g,,,"1,59 €","1,69 €","5,30 €/Kilogramo"
Crema de queso Cremette natural light para untar 200 g,,,"1,00 €",,"5,00 €/Kilogramo"
Crema de queso Cremette natural original para untar 200 g,,,"1,00 €",,"5,00 €/Kilogramo"
Crema de queso Froiz Selection cabra 125 g,,,"1,25 €",,"10,00 €/Kilogramo"
Crema de queso Froiz Selection curado 125 g,,,"1,33 €",,"10,64 €/Kilogramo"
Crema de queso Froiz Selection oveja 125 g,,,"1,25 €",,"10,00 €/Kilogramo"
Crema de queso Froiz Selection semicurado 125 g,,,"1,46 €",,"11,68 €/Kilogramo"
Crema queso kéfir Quescrem envase 150 g,,,"1,99 €",,"13,27 €/Kilogramo"
Crema queso La Fueya Cabrales 200 g,,,"3,95 €",,"19,75 €/Kilogramo"
Crema queso Président azul 125 g,,,"1,95 €",,"15,60 €/Kilogramo"
Crema queso Président Camembert 125 g,,,"1,95 €",,"15,60 €/Kilogramo"
Crema queso Président semicurado 125 g,,,"1,95 €",,"15,60 €/Kilogramo"
Queso Arla untar alto contenido en proteínas y bajo en grasas tarrina 200 g,,,"2,15 €",,"10,75 €/Kilogramo"
Queso Philadelphia untar finas hierbas 150 g,,,"2,15 €",,"14,33 €/Kilogramo"
Queso Philadelphia untar light 200 g,,,"1,96 €",,"9,80 €/Kilogramo"
Queso Philadelphia untar light 350g,,,"3,15 €",,"9,00 €/Kilogramo"
Queso Philadelphia untar original 200 g,,,"1,96 €",,"9,80 €/Kilogramo"
Queso Philadelphia untar regular 350g,,,"3,15 €",,"9,00 €/Kilogramo"
Queso Philadelphia untar salmón 150 g,,,"2,15 €",,"14,33 €/Kilogramo"
Queso Philadelphia untar sin lactosa 150g,,,"2,15 €",,"14,33 €/Kilogramo"
Queso Président Rondelé con Nuez 125 g,,,"1,95 €",,"1,95 €/Unidad"
Queso Xanceda untar ecológico 175 g,,,"2,49 €",,"14,23 €/Kilogramo"
Tabla de quesos Nacionales Froiz Selection 200g,,,"3,95 €",,"19,75 €/Kilogramo"
Tabla quesos Froiz Importación Selection 200 g,,,"3,39 €",,"16,95 €/Kilogramo"
Tabla selección 4 quesos con especias Dom Villas 4x50 g,,,"4,95 €",,"24,75 €/Kilogramo"
Salchicha Frankfurt Froiz 4x170 g,,,"1,45 €",,"2,13 €/Kilogramo"
Salchichas Campofrío Campesan 3x170 g,,,"2,00 €",,"3,92 €/Kilogramo"
Salchichas cocidas y ahumadas de cerdo y pavo Big Classic El Pozo 3x200 g,,,"2,50 €",,"4,17 €/Kilogramo"
Salchichas ElPozo Frankfurt Hot Dogs 275 g,,,"1,00 €",,"3,64 €/Kilogramo"
Salchichas Campofrío Jamongus 3x170 g,,,"2,00 €",,"3,92 €/Kilogramo"
Salchichas cocidas y ahumadas de ave Big Pavo ElPozo 3x200 g,,,"2,50 €",,"4,17 €/Kilogramo"
Salchichas Oscar Mayer bocadillo 275 g,,,"1,59 €",,"5,78 €/Kilogramo"
Salchichas Oscar Mayer Jumbo Classic 350 g,,,"1,89 €",,"5,40 €/Kilogramo"
Salchichas Oscar Mayer Jumbo queso 350 g,,,"1,89 €",,"5,40 €/Kilogramo"
Salchichas Oscar Mayer Todo Ave pavo 200 g,,,"0,93 €",,"4,65 €/Kilogramo"
Salchichas Oscar Mayer Todo Ave pollo 200 g,,,"0,93 €",,"4,65 €/Kilogramo"
Salchichas Oscar Mayer Wieners Classic 200 g,,,"0,89 €","1,05 €","4,45 €/Kilogramo"
Salchichas Oscar Mayer Wieners Queso 200 g,,,"0,89 €","1,05 €","4,45 €/Kilogramo"
Salchichas Wudy pollo clásicas 250 g,,,"1,29 €",,"5,16 €/Kilogramo"
Salchicha Froiz Selection cocida y ahumada con humo natural 100% carne cerdo ibérico 225 g,,,"2,49 €",,"11,07 €/Kilogramo"
Salchicha Froiz Selection Frankfurt cocida y ahumada 100% carne cerdo envase 225 g,,,"2,39 €",,"10,62 €/Kilogramo"
Salchichas Campofrío Frankfurt 4x140g,,,"1,95 €",,"3,48 €/Kilogramo"
Salchichas Campofrío Grand Bockwurst 400 g,,,"2,95 €",,"7,38 €/Kilogramo"
Salchichas Campofrio Grand Bratwurst 400 g,,,"2,95 €",,"7,38 €/Kilogramo"
Salchichas ElPozo King original 330 g,,,"1,99 €",,"6,03 €/Kilogramo"
Jamoninos Campofrío 25x5 125 g,,,"1,90 €",,"15,20 €/Kilogramo"
Palitos La Vaca Que Ríe (cajita con crema de queso con palitos + zumo de piña y uva 100% exprimido) 162 g,,,"1,35 €",,"8,33 €/Kilogramo"
Palitos La Vaca Que Ríe natural 4x35 g,,,"2,29 €",,"16,36 €/Kilogramo"
Quesitos El Caserío 16 porciones 250 g,,,"2,15 €",,"8,60 €/Kilogramo"
Quesitos La Vaca Que Ríe 24u 375 g,,,"3,25 €","3,55 €","8,67 €/Kilogramo"
Quesitos La Vaca Que Ríe Light 24u 375g,,,"3,25 €","3,75 €","8,67 €/Kilogramo"
Quesitos Mini Babybel 10 u 200 g,,,"4,10 €",,"20,50 €/Kilogramo"
Queso fundido en porciones Alteza 16 quesitos envase 250 g,,,"1,40 €",,"5,60 €/Kilogramo"
Quesos Babybel Enrollados 5x17 g,,,"2,30 €",,"27,06 €/Kilogramo"
Mini Snack'in Campofrío Fuet 50 g,,,"1,00 €","1,45 €","20,00 €/Kilogramo"
Snack de chorizo para picar Froiz bolsa 50 g,,,"1,10 €",,"22,00 €/Kilogramo"
Snack de fuet para picar Froiz bolsa 50 g,,,"1,10 €",,"22,00 €/Kilogramo"
Snack Froiz chorizo Sarta extra 90 g,,,"1,35 €","1,55 €","15,00 €/Kilogramo"
Snack Froiz chorizo Sarta picante 90 g,,,"1,35 €","1,55 €","15,00 €/Kilogramo"
Snack Froiz fuet 90 g,,,"1,35 €","1,55 €","15,00 €/Kilogramo"
Snack Froiz longaniza Payés en lonchas finas 90 g,,,"1,45 €","1,65 €","16,11 €/Kilogramo"
Florette Barqueta Arroz y Pollo 260 g,,,"3,05 €",,"11,73 €/Kilogramo"
Florette Ensalada Completa César 205 g,,,"2,95 €",,"14,39 €/Kilogramo"
Florette Ensalada Completa César American Style 200 g,,,"3,05 €",,"15,25 €/Kilogramo"
Florette Ensalada Completa César light 205 g,,,"2,95 €",,"14,39 €/Kilogramo"
Florette Ensalada Completa de pasta y rúcula 320 g,,,"3,05 €",,"9,53 €/Kilogramo"
Florette Ensalada Completa Deluxe Jamón 235 g,,,"3,55 €",,"15,11 €/Kilogramo"
Florette Ensalada Completa Gourmet 180 g,,,"3,05 €",,"16,94 €/Kilogramo"
Florette Ensalada Completa mixta 190 g,,,"3,05 €",,"16,05 €/Kilogramo"
Florette Ensalada Completa New Yorker 200 g,,,"2,95 €",,"14,75 €/Kilogramo"
Florette Ensalada Completa pasta y atún 325 g,,,"3,05 €",,"9,38 €/Kilogramo"
Florette Antiox 100 g,,,"1,79 €",,"17,90 €/Kilogramo"
Florette Brotes classics 100 g,,,"1,79 €",,"17,90 €/Kilogramo"
Florette Brotes Deluxe 100g,,,"1,64 €","1,79 €","16,40 €/Kilogramo"
Florette Brotes Espinaca 125 g,,,"1,69 €",,"13,52 €/Kilogramo"
Florette Brotes Gourmet 100 g,,,"1,99 €",,"19,90 €/Kilogramo"
Florette Brotes rúcula 100 g,,,"1,95 €",,"19,50 €/Kilogramo"
Florette Corazón de Escarola 150 g,,,"1,79 €",,"11,93 €/Kilogramo"
Florette Dúo Canónigos + Rúcula 100g,,,"1,64 €","1,79 €","16,40 €/Kilogramo"
Florette Dúo Espinaca + Rúcula 100 g,,,"1,79 €",,"17,90 €/Kilogramo"
Florette ensalada Gourmet 175 g,,,"1,99 €",,"11,37 €/Kilogramo"
Florette ensalada Gourmet Estacional 150 g,,,"1,99 €",,"13,27 €/Kilogramo"
Florette ensalada Gourmet suave y tierna 125 g,,,"1,99 €",,"15,92 €/Kilogramo"
Florette ensalada mixta 150 g,,,"1,35 €",,"9,00 €/Kilogramo"
Florette ensalada tierna 85 g,,,"1,79 €",,"21,06 €/Kilogramo"
Florette Hoja de Espinaca 250 g,,,"1,59 €",,"6,36 €/Kilogramo"
Florette Inmuno 100 g,,,"1,64 €","1,79 €","16,40 €/Kilogramo"
Florette Mezclum 150 g,,,"1,45 €",,"9,67 €/Kilogramo"
Froiz Brotes 100g,,,"1,00 €",,"10,00 €/Kilogramo"
Froiz Canónigos 100 g,,,"1,00 €",,"10,00 €/Kilogramo"
Froiz ensalada 4 Estaciones 250g,,,"0,69 €",,"2,76 €/Kilogramo"
Froiz ensalada Selección 200g,,,"0,95 €",,"4,75 €/Kilogramo"
Froiz lechuga iceberg 250 g,,,"0,79 €",,"3,16 €/Kilogramo"
Castaña Seca - Pilonga 250 g,,,"3,99 €",,"15,96 €/Kilogramo"
Coco deshidratado Fruut 20 g,,,"0,99 €",,"49,50 €/Kilogramo"
Manzana Roja deshidratada Fruut 20g,,,"0,99 €",,"49,50 €/Kilogramo"
Manzana y cacahuete deshidratados Fruut 40 g,,,"0,99 €",,"24,75 €/Kilogramo"
Lima kg,,,"4,45 €/Kg",,"0,35 €/Unidad"
Limón ecológico 600 g,,,"3,39 €",,"5,65 €/Kilogramo"
Limón kg,,,"2,29 €/Kg",,"0,53 €/Unidad"
Mandarina Clauselina Mexicana kg,,,"1,79 €/Kg","2,15 €/Kg","0,25 €/Unidad"
Mandarina Clementina Bollo hoja kg,,,"2,95 €/Kg",,"0,30 €/Unidad"
Mandarina Clementina Mexicana hoja kg,,,"2,69 €/Kg",,"0,25 €/Unidad"
Naranja Bollo bolsa 2 kg,,,"4,99 €",,"2,50 €/Kilogramo"
Naranja Caprichosa bolsa 3 kg,,,"6,99 €",,"2,33 €/Kilogramo"
Naranja kg,,,"1,85 €/Kg",,"0,25 €/Unidad"
Naranja mesa Bollo kg,,,"2,99 €/Kg",,"0,83 €/Unidad"
Naranja mesa Mexicana kg,,,"2,55 €/Kg",,"0,67 €/Unidad"
Naranja Mexicana bolsa 2 kg,,,"4,69 €",,"2,35 €/Kilogramo"
Pomelo rojo kg,,,"1,99 €/Kg",,"0,54 €/Unidad"
Arándanos tarrina 250 g,,,"3,29 €",,"13,16 €/Kilogramo"
Frambuesas tarrina 125g,,,"1,49 €",,"11,92 €/Kilogramo"
Fresón tarrina 250 g,,,"2,69 €",,"10,76 €/Kilogramo"
Grosella tarrina 125g,,,"4,89 €",,"39,12 €/Kilogramo"
Mix Frutos Rojos 170 g,,,"4,25 €",,"25,00 €/Kilogramo"
Mora tarrina 125g,,,"4,45 €",,"35,60 €/Kilogramo"
Piña Pelada en Rodajas Isla Bonita 420 g,,,"2,55 €",,"6,07 €/Kilogramo"
Kiwi C/ 27 kg,,,"3,99 €/Kg",,"0,40 €/Unidad"
Kiwi cesta 1 kg,,,"3,79 €",,"3,79 €/Kilogramo"
Kiwi Zespri ecológico 500 g,,,"4,49 €",,"8,98 €/Kilogramo"
Kiwi Zespri Gold kg,,,"7,49 €/Kg",,"0,74 €/Unidad"
Kiwi Zespri Green kg,,,"5,45 €/Kg",,"0,72 €/Unidad"
Manzana Akane kg,,,"2,55 €/Kg",,"0,28 €/Unidad"
Manzana Golden kg,,,"1,59 €/Kg",,"0,28 €/Unidad"
Manzana Golden Melinda Ecológica 750 g,,,"2,69 €",,"3,59 €/Kilogramo"
Manzana Golden Melinda Primera kg,,,"2,49 €/Kg",,"0,58 €/Unidad"
Manzana Granny Smith kg,,,"1,99 €/Kg",,"0,49 €/Unidad"
Manzana Jonagored kg,,,"1,85 €/Kg",,"0,39 €/Unidad"
Manzana Joya kg,,,"2,95 €",,"2,95 €/Kilogramo"
Manzana Kanzi kg,,,"2,89 €/Kg",,"0,58 €/Unidad"
Manzana Melinda Royal Gala Primera kg,,,"2,19 €/Kg","2,39 €/Kg","0,41 €/Unidad"
Manzana Pink Lady kg,,,"3,29 €/Kg",,"0,66 €/Unidad"
Manzana Reineta verde kg,,,"2,15 €/Kg",,"0,42 €/Unidad"
Manzana roja Melinda ecológica 700 g,,,"2,69 €",,"3,84 €/Kilogramo"
Manzana Royal Gala kg,,,"1,79 €/Kg",,"0,34 €/Unidad"
Manzana Tabardilla kg,,,"3,25 €/Kg",,"0,64 €/Unidad"
Ciruela blanca kg,,,"1,95 €/Kg",,"0,26 €/Unidad"
Ciruela roja kg,,,"2,29 €/Kg",,"0,34 €/Unidad"
Melón Bollo kg,,,"2,89 €/Kg",,"7,39 €/Unidad"
Membrillo kg,,,"2,25 €/Kg",,"0,66 €/Unidad"
Pera blanquilla kg,,,"1,99 €/Kg",,"0,26 €/Unidad"
Pera champion kg,,,"1,99 €",,"1,99 €/Kilogramo"
Pera Conferencia Bierzo kg,,,"1,29 €/Kg",,"0,16 €/Unidad"
Pera conferencia kg,,,"2,39 €/Kg",,"0,42 €/Unidad"
Pera ecológica 600 g,,,"3,45 €",,"5,75 €/Kilogramo"
Pera limonera kg,,,"1,55 €/Kg","1,85 €/Kg","0,34 €/Unidad"
Pera roja kg,,,"1,55 €/Kg",,"0,24 €/Unidad"
Banana kg,,,"1,39 €/Kg",,"0,24 €/Unidad"
Plátano bandeja kg,,,"3,95 €/Kg",,"4,74 €/Bandeja"
Plátano Canarias kg,,,"2,99 €/Kg",,"0,40 €/Unidad"
Plátano cocinar kg,,,"3,49 €/Kg",,"1,01 €/Unidad"
Plátano ecológico 650 g,,,"3,25 €",,"5,00 €/Kilogramo"
Aguacate ecológico 400 g,,,"4,99 €",,"12,48 €/Kilogramo"
Aguacate kg,,,"3,79 €/Kg","4,25 €/Kg","0,89 €/Unidad"
Caqui kg,,,"3,19 €/Kg",,"0,94 €/Unidad"
Chirimoya kg,,,"2,89 €/Kg",,"0,56 €/Unidad"
Cocos u,,,"1,25 €",,"1,25 €/Unidad"
Granada kg,,,"1,89 €/Kg","2,45 €/Kg","0,47 €/Unidad"
Mango Ecológico pieza 425 - 550 g,,,"2,79 €","3,59 €","2,79 €/Unidad"
Mango kg,,,"3,25 €/Kg",,"2,17 €/Unidad"
Papaya gigante kg,,,"4,99 €/Kg",,"10,56 €/Unidad"
Piña Del Monte kg,,,"1,89 €/Kg",,"4,00 €/Unidad"
Piña maduración lenta Ambar kg,,,"1,65 €/Kg",,"3,49 €/Unidad"
Piña madurada en planta kg,,,"3,79 €/Kg",,"8,02 €/Unidad"
Pitahaya roja kg,,,"19,69 €/Kg",,"7,88 €/Unidad"
Pulpa de Aguacate Avomix 125 g,,,"1,59 €",,"12,72 €/Kilogramo"
Uva blanca kg,,,"2,59 €",,"2,59 €/Kilogramo"
Uva blanca sin pepita kg,,,"3,29 €",,"3,29 €/Kilogramo"
Uva rosada kg,,,"2,49 €",,"2,49 €/Kilogramo"
Almendra cáscara mollar kg,,,"6,49 €",,"6,49 €/Kilogramo"
Avellana cáscara kg,,,"7,99 €",,"7,99 €/Kilogramo"
Avellana tostada kg,,,"8,99 €",,"8,99 €/Kilogramo"
Nuez California kg,,,"6,25 €",,"6,25 €/Kilogramo"
Nuez Francia kg,,,"6,49 €",,"6,49 €/Kilogramo"
Cacahuete Jumbo kg,,,"4,99 €",,"4,99 €/Kilogramo"
Cacahuete tostado kg,,,"5,99 €",,"5,99 €/Kilogramo"
Castaña kg,,,"3,99 €","5,49 €","3,99 €/Kilogramo"
Cóctel Especial Crudo Frutos Secos kg,,,"16,49 €",,"16,49 €/Kilogramo"
Pistachos kg,,,"20,99 €",,"20,99 €/Unidad"
Albahaca 25g,,,"0,99 €",,"39,60 €/Kilogramo"
Cebollino 25 g,,,"0,99 €",,"39,60 €/Kilogramo"
Cilantro 35g,,,"0,99 €",,"28,29 €/Kilogramo"
Hierbabuena 35g,,,"0,99 €",,"28,29 €/Kilogramo"
Laurel 15g,,,"0,99 €",,"66,00 €/Kilogramo"
Perejil rizado 35g,,,"0,99 €",,"28,29 €/Kilogramo"
Romero 25g,,,"0,99 €",,"39,60 €/Kilogramo"
Tomillo 15g,,,"0,99 €",,"66,00 €/Kilogramo"
Planta Albahaca ecológica u,,,"1,45 €",,"1,45 €/Unidad"
Planta Cilantro ecológica u,,,"1,45 €",,"1,45 €/Unidad"
Planta de Pascua u,,,"3,99 €",,"3,99 €/Unidad"
Planta Hierbabuena ecológica u,,,"1,45 €",,"1,45 €/Unidad"
Planta Perejil ecológica u,,,"1,45 €",,"1,45 €/Unidad"
Ajo Blanco Bolsa 500 g,,,"2,35 €",,"4,70 €/Kilogramo"
Ajo kg,,,"4,45 €/Kg",,"0,42 €/Unidad"
Ajo morado butty 170 g aprox. u,,,"0,89 €",,"5,24 €/Kilogramo"
Ajo Negro dos cabezas u,,,"4,99 €",,"4,99 €/Unidad"
Ajo tierno bj. u,,,"1,95 €",,"1,95 €/Kilogramo"
Cebolla butty 1 kg aprox. u,,,"1,35 €",,"1,35 €/Kilogramo"
Cebolla chalota 250 g,,,"1,29 €",,"5,16 €/Kilogramo"
Cebolla Chata kg,,,"1,55 €/Kg",,"0,24 €/Unidad"
Cebolla chata malla 1 kg,,,"1,55 €",,"1,55 €/Kilogramo"
Cebolla Dulce b 500 g,,,"1,35 €",,"2,70 €/Kilogramo"
Cebolla ecológica buty 700 g,,,"2,39 €",,"3,41 €/Kilogramo"
Cebolla Guarnición b 500 g,,,"1,29 €",,"2,58 €/Kilogramo"
Cebolla roja malla 500 g,,,"1,09 €",,"2,18 €/Kilogramo"
Cebolla tierna manojo u,,,"1,35 €",,"1,35 €/Unidad"
Brócoli kg,,,"2,69 €/Kg",,"1,46 €/Unidad"
Coliflor u,,,"2,99 €",,"2,99 €/Unidad"
Judía Flow 500 g,,,"3,45 €",,"6,90 €/Kilogramo"
Judía verde kg,,,"3,29 €",,"3,29 €/Kilogramo"
Apio 200 g,,,"1,39 €",,"6,95 €/Kilogramo"
Berenjena kg,,,"1,69 €/Kg",,"0,68 €/Unidad"
Calabacín ecológico 750 g,,,"4,55 €",,"6,07 €/Kilogramo"
Calabacín kg,,,"2,59 €/Kg",,"1,35 €/Unidad"
Calabaza kg,,,"1,79 €/Kg",,"1,84 €/Unidad"
Espárragos verde manojo u,,,"2,59 €",,"2,59 €/Unidad"
Hinojo kg,,,"3,49 €/Kg",,"1,61 €/Unidad"
Nabo blanco kg,,,"1,89 €/Kg",,"0,53 €/Unidad"
Pepino kg,,,"1,69 €/Kg",,"0,47 €/Unidad"
Puerro bandeja 500 g,,,"1,99 €",,"3,98 €/Kilogramo"
Puerros kg,,,"2,69 €/Kg",,"0,96 €/Unidad"
Puerros manojo u,,,"1,49 €",,"1,49 €/Unidad"
Acelga manojo u,,,"1,65 €",,"1,65 €/Unidad"
Cogollos bj. u,,,"1,29 €/Kg",,"0,66 €/Bandeja"
Col Lombarda kg,,,"1,99 €/Kg",,"2,22 €/Unidad"
Corazones de lechuga 6 u,,,"1,99 €",,"0,33 €/Unidad"
Grelos Santiago u,,,"1,99 €",,"1,99 €/Unidad"
Lechuga hoja de roble u,,,"1,15 €",,"1,15 €/Unidad"
Lechuga iceberg u,,,"0,89 €",,"0,89 €/Unidad"
Lechuga lisa u,,,"0,75 €",,"0,75 €/Unidad"
Lechuga riza u,,,"0,75 €",,"0,75 €/Unidad"
Lechuga romana 2 u,,,"1,65 €",,"0,83 €/Unidad"
Repollo Lorena kg,,,"1,99 €/Kg",,"1,82 €/Unidad"
Repollo rizado kg,,,"0,99 €/Kg",,"1,77 €/Unidad"
Pimiento amarillo kg,,,"4,49 €/Kg",,"0,95 €/Unidad"
Pimiento Blanco kg,,,"2,59 €/Kg",,"0,12 €/Unidad"
Pimiento italiano kg,,,"2,49 €/Kg",,"0,38 €/Unidad"
Pimiento rojo ecológico 600 g,,,"3,89 €",,"6,48 €/Kilogramo"
Pimiento rojo kg,,,"2,79 €/Kg",,"1,02 €/Unidad"
Pimiento Tricolor 500 g,,,"1,45 €",,"2,90 €/Kilogramo"
Pimiento variedad padrón bolsa 400 g,,,"1,95 €",,"4,88 €/Kilogramo"
Pimiento verde kg,,,"2,29 €/Kg",,"0,77 €/Unidad"
Tomate cherry bj. 250 g,,,"1,19 €",,"4,76 €/Kilogramo"
Tomate Cherry ecológico 250 g,,,"2,25 €",,"9,00 €/Kilogramo"
Tomate ecológico 600 g,,,"3,69 €",,"6,15 €/Kilogramo"
Tomate kg,,,"2,35 €/Kg",,"0,58 €/Unidad"
Tomate Mar azul kg,,,"4,79 €/Kg",,"0,96 €/Unidad"
Tomate Marmande kg,,,"4,49 €/Kg",,"1,50 €/Unidad"
Tomate negro kg,,,"3,69 €/Kg",,"0,54 €/Unidad"
Tomate pera kg,,,"2,35 €/Kg",,"0,37 €/Unidad"
Tomate Raff kg,,,"4,89 €/Kg",,"0,74 €/Unidad"
Tomate rallado Alteza 170 g,,,"0,79 €",,"4,65 €/Kilogramo"
Tomate rallado natural Caña Nature 180 g,,,"0,99 €",,"5,50 €/Kilogramo"
Tomate rama kg,,,"3,15 €/Kg",,"0,47 €/Unidad"
Alga wakame Trevijano 50 g,,,"2,79 €",,"55,80 €/Kilogramo"
Arroz integral con trigueros Trevijano 250 g,,,"2,99 €",,"11,96 €/Kilogramo"
Guindilla kg,,,"29,99 €/Kg",,"0,15 €/Unidad"
Ñoras kg,,,"29,99 €/Kg",,"0,30 €/Unidad"
Pimientos choriceros kg,,,"37,99 €/Kg",,"0,53 €/Unidad"
Risotto de hongos Trevijano 280 g,,,"2,79 €",,"9,96 €/Kilogramo"
Tomate deshidratado Trevijano 70 g,,,"2,79 €",,"39,86 €/Kilogramo"
Calabaza pelada 400 g,,,"1,79 €",,"4,48 €/Kilogramo"
Florette Brócoli Micro 225 g,,,"1,69 €",,"7,51 €/Kilogramo"
"Florette brócoli, coliflor y zanahoria 275 g",,,"1,69 €",,"6,15 €/Kilogramo"
Froiz Acelga 300 g,,,"1,15 €",,"3,83 €/Kilogramo"
Froiz espinaca 300g,,,"1,15 €",,"3,83 €/Kilogramo"
Maíz cocido paquete 400g,,,"1,39 €",,"3,48 €/Kilogramo"
Preparado de cocido bandeja 1 kg,,,"1,99 €",,"1,99 €/Kilogramo"
Preparado de pure bandeja 1 kg,,,"2,25 €",,"2,25 €/Kilogramo"
Remolacha cocida 500g,,,"0,85 €",,"1,70 €/Kilogramo"
Rábanos b 125 g,,,"0,89 €",,"7,12 €/Kilogramo"
Zanahoria b 500 g,,,"0,59 €",,"1,18 €/Kilogramo"
Zanahoria ecológica 600 g,,,"1,89 €",,"3,15 €/Kilogramo"
Zanahoria kg,,,"1,05 €/Kg",,"0,19 €/Unidad"
Zanahoria rama manojo u,,,"1,59 €",,"1,59 €/Unidad"
Boniato carne naranja kg,,,"1,79 €/Kg",,"0,55 €/Unidad"
Cúrcuma kg,,,"13,69 €",,"13,69 €/Kilogramo"
Jengibre kg,,,"5,35 €/Kg",,"1,17 €/Unidad"
Malanga blanca kg,,,"4,99 €/Kg",,"0,62 €/Unidad"
Yuca kg,,,"3,49 €/Kg",,"2,54 €/Unidad"
Patata Cachelo Ixp Galicia bolsa 4 kg,,,"5,49 €",,"1,37 €/Kilogramo"
Patata cocida 500 g,,,"1,75 €",,"3,50 €/Kilogramo"
Patata Conde bolsa 5 kg,,,"4,99 €",,"1,00 €/Kilogramo"
Patata de asar kg,,,"1,15 €/Kg",,"0,07 €/Unidad"
Patata ecológica bolsa 2 kg,,,"5,59 €",,"2,80 €/Kilogramo"
Patata especial cocer bolsa 4 kg,,,"5,45 €",,"1,36 €/Kilogramo"
Patata especial Conde bolsa 2.5 kg,,,"3,45 €",,"1,38 €/Kilogramo"
Patata Especial freir bolsa 4 kg,,,"5,29 €",,"1,32 €/Kilogramo"
Patata granel kg,,,"1,29 €/Kg",,"0,27 €/Unidad"
"Patata Meleiro bolsa 2,5 kg",,,"2,59 €","2,89 €","1,04 €/Kilogramo"
"Patata Prado bolsa 2,5 kg",,,"2,99 €",,"1,20 €/Kilogramo"
"Patata roja bolsa 2,5 kg",,,"2,69 €",,"1,08 €/Kilogramo"
Champiñón bj. 300 g,,,"1,19 €",,"3,97 €/Kilogramo"
Champiñón kg,,,"3,65 €",,"3,65 €/Kilogramo"
Champiñón laminado bj. 250 g,,,"1,59 €",,"6,36 €/Kilogramo"
Champiñón Portobello bandeja 250 g,,,"1,65 €",,"6,60 €/Kilogramo"
Seta bj. 200 g,,,"1,25 €",,"6,25 €/Kilogramo"
Seta kg,,,"4,95 €",,"4,95 €/Kilogramo"
Seta Shiitake bandeja 200 g,,,"2,44 €",,"12,20 €/Kilogramo"
Bacalao Ahumado Skandia MSC 80 g,,,"4,59 €",,"57,38 €/Kilogramo"
Colas Langostino Ajillo Aguinamar 105 g,,,"3,20 €",,"30,48 €/Kilogramo"
Salmón Alteza ahumado noruego 100g,,,"3,25 €",,"32,50 €/Kilogramo"
Salmón noruego Skandia Pure sin ahumar 80 g,,,"4,45 €",,"55,63 €/Kilogramo"
Salmón Skandia ahumado bio 80 g,,,"5,15 €",,"64,38 €/Kilogramo"
Salmón Skandia ahumado noruego 80 g,,,"3,59 €","3,99 €","44,88 €/Kilogramo"
Salmón Skandia menos 30% en sal 80 g,,,"4,15 €",,"51,88 €/Kilogramo"
Trucha Ahumada del Pirineo Martiko 80 g,,,"4,29 €",,"53,63 €/Kilogramo"
Boquerón Bruimar aceite de oliva con ajo y perejil 80g,,,"1,69 €",,"21,13 €/Kilogramo"
Sucedáneo de Huevas de Pescado Skaviar negro 50 g,,,"2,55 €",,"51,00 €/Kilogramo"
Bacalao Froitomar Cabezas kg,,,"6,99 €",,"6,99 €/Kilogramo"
Bacalao Froitomar Cocochas saladas 500 g,,,"11,99 €",,"23,98 €/Kilogramo"
Bacalao Froitomar Desalado Filete sin Espina 250 g,,,"5,45 €",,"21,80 €/Kilogramo"
Bacalao Froitomar Desalado Lomo 500 g,,,"10,99 €",,"21,98 €/Kilogramo"
Bacalao Froitomar Desalado Miga 200 g,,,"3,95 €",,"19,75 €/Kilogramo"
Bacalao Froitomar Hoja 40 - 60 kg,,,"17,49 €",,"17,49 €/Kilogramo"
Bacalao Froitomar Lomo Precortado 1 kg,,,"19,89 €",,"19,89 €/Kilogramo"
Bacalao Froitomar Miga Salada 500 g,,,"6,59 €","6,99 €","13,18 €/Kilogramo"
Bacalao Froitomar Taco 500 g,,,"6,49 €",,"12,98 €/Kilogramo"
Buey de mar kg,,,"10,99 €/Kg",,"5,50 €/Unidad"
Camarón cocido kg,,,"45,99 €",,"45,99 €/Kilogramo"
Centollo kg,,,"7,49 €/Kg",,"4,49 €/Unidad"
Gamba descongelada kg,,,"14,99 €",,"14,99 €/Kilogramo"
Gambón G2 descongelado kg,,,"14,99 €",,"14,99 €/Kilogramo"
Langostino 80-100 descongelado kg,,,"10,99 €",,"10,99 €/Kilogramo"
Langostino cocido Pescanova Rodolfos 550 g,,,"9,99 €",,"18,16 €/Kilogramo"
Langostino grande 40-60 descongelado kg,,,"14,99 €",,"14,99 €/Kilogramo"
Langostino vannamei 30-40 descongelado kg,,,"12,99 €",,"12,99 €/Kilogramo"
Langostino vannamei 50-70 descongelado kg,,,"11,49 €",,"11,49 €/Kilogramo"
Langostino vannamei cocido 60-80 kg,,,"10,49 €",,"10,49 €/Kilogramo"
Langostino vannamei cocido grande kg,,,"12,99 €",,"12,99 €/Kilogramo"
Nécora cocida refrigerada descongelada kg,,,"14,99 €/Kg",,"14,99 €/Unidad"
Nécora grande kg,,,"18,95 €/Kg",,"2,84 €/Unidad"
Nécora kg,,,"13,99 €/Kg",,"1,12 €/Unidad"
Almeja babosa kg,,,"22,99 €",,"22,99 €/Kilogramo"
Almeja blanca kg,,,"10,79 €",,"10,79 €/Kilogramo"
Almeja japonesa kg,,,"9,99 €","11,99 €","9,99 €/Kilogramo"
Berberecho gordo kg,,,"12,79 €",,"12,79 €/Kilogramo"
Berberecho kg,,,"7,49 €",,"7,49 €/Kilogramo"
Mejillón cocido bolsa 1 kg,,,"4,49 €",,"4,49 €/Kilogramo"
Mejillón ecológico kg,,,"3,49 €",,"3,49 €/Kilogramo"
Mejillón kg,,,"2,35 €",,"2,35 €/Kilogramo"
Mejillón selección kg,,,"3,29 €",,"3,29 €/Kilogramo"
Navaja kg,,,"7,49 €",,"7,49 €/Kilogramo"
Vieira del Pacífico media concha descongelada 250 g,,,"6,89 €",,"27,56 €/Kilogramo"
Vieira kg,,,"8,79 €",,"8,79 €/Kilogramo"
Atún rojo lomo descongelado pieza 200 g,,,"12,95 €",,"64,75 €/Kilogramo"
Bonito del Norte al corte kg,,,"12,99 €/Kg",,"4,55 €/Rodaja"
Bonito del Norte kg,,,"8,99 €/Kg",,"44,95 €/Unidad"
Boquerón kg,,,"6,99 €",,"6,99 €/Kilogramo"
Caballa/Xarda kg,,,"5,99 €/Kg",,"0,60 €/Unidad"
Filete de sardina descongelado kg,,,"6,99 €/Kg",,"0,35 €/Unidad"
Filete de trucha arco iris kg,,,"13,49 €/Kg",,"2,70 €/Unidad"
Jurel grande kg,,,"7,99 €/Kg",,"3,60 €/Unidad"
Jurel kg,,,"6,99 €/Kg",,"1,40 €/Unidad"
Jurel/Jurelito-Chincho kg,,,"4,99 €",,"4,99 €/Kilogramo"
Lomo atún aleta amarilla descongelado kg,,,"12,99 €/Kg",,"1,95 €/Unidad"
Lomo tintorera descongelado kg,,,"7,69 €/Kg",,"1,15 €/Rodaja"
Palometa austral negra kg,,,"6,89 €/Kg",,"5,51 €/Unidad"
Pintarroja kg,,,"3,95 €/Kg",,"1,98 €/Unidad"
Rodaja de marrajo descongelada kg,,,"12,99 €/Kg",,"3,90 €/Rodaja"
Rodaja pez espada descongelada kg,,,"16,99 €/Kg",,"5,10 €/Unidad"
Salmón 4-5 kg,,,"11,89 €/Kg",,"47,56 €/Unidad"
Salmón al corte 4-5 kg,,,"13,99 €/Kg",,"2,80 €/Rodaja"
Salmón en porciones pieza 200 g,,,"5,49 €",,"27,45 €/Kilogramo"
Sardina - Xouba kg,,,"6,99 €",,"6,99 €/Kilogramo"
Sardina kg,,,"3,45 €/Kg",,"0,52 €/Unidad"
Sargo kg,,,"10,89 €/Kg",,"4,36 €/Unidad"
Trucha arco iris/asalmonada 200-300 kg,,,"7,89 €",,"7,89 €/Kilogramo"
Trucha arco iris/asalmonada kg,,,"7,99 €/Kg",,"3,20 €/Unidad"
Trucha arco iris/Truchita kg,,,"9,75 €/Kg",,"1,46 €/Unidad"
Abadejo al corte kg,,,"18,99 €/Kg",,"2,85 €/Rodaja"
Abadejo importación kg,,,"15,99 €/Kg",,"23,99 €/Unidad"
Alas de raya kg,,,"13,99 €/Kg",,"2,80 €/Unidad"
Bacaladilla/Lirio kg,,,"2,45 €/Kg","2,95 €/Kg","0,37 €/Unidad"
Bacalao al corte kg,,,"13,49 €/Kg",,"2,02 €/Rodaja"
Bacalao kg,,,"11,49 €/Kg",,"11,49 €/Unidad"
Berete kg,,,"4,95 €/Kg",,"1,49 €/Unidad"
Bertorella altura kg,,,"7,99 €",,"7,99 €/Kilogramo"
Cabeza de rape negro kg,,,"3,45 €/Kg",,"1,73 €/Unidad"
Colas de rape negro kg,,,"23,99 €/Kg",,"14,39 €/Unidad"
Colita de rape negro kg,,,"15,99 €/Kg",,"4,80 €/Unidad"
Congrio al corte kg,,,"11,99 €/Kg",,"2,40 €/Rodaja"
Congrio kg,,,"6,95 €/Kg",,"34,75 €/Unidad"
Corvina kg,,,"7,49 €/Kg","8,79 €/Kg","7,49 €/Unidad"
Dorada kg,,,"8,99 €/Kg",,"3,60 €/Unidad"
Eglefino/Agrafín kg,,,"4,45 €/Kg",,"3,56 €/Unidad"
Faneca kg,,,"7,49 €/Kg",,"1,12 €/Unidad"
Filete de bacaladilla/lirio kg,,,"7,69 €/Kg",,"0,38 €/Unidad"
Filete de bacalao sin piel descongelado kg,,,"14,49 €/Kg",,"7,25 €/Unidad"
Filete de perca del Nilo descongelado kg,,,"10,99 €/Kg",,"5,50 €/Unidad"
Filete de rosada descongelado kg,,,"11,99 €/Kg",,"9,59 €/Unidad"
Filete gallineta nórdica/cabra descongelado kg,,,"9,95 €/Kg",,"0,60 €/Unidad"
Fogonero kg,,,"6,99 €/Kg",,"10,49 €/Unidad"
Gallineta/Cabra fresca kg,,,"7,49 €/Kg",,"2,25 €/Unidad"
Gallo de costa kg,,,"11,99 €/Kg",,"1,20 €/Unidad"
Gallo kg,,,"7,99 €/Kg",,"1,20 €/Unidad"
Gallo/Rapante kg,,,"8,49 €/Kg",,"1,27 €/Unidad"
Gallo/Rapante mediano kg,,,"14,99 €/Kg",,"4,50 €/Unidad"
Lomo de bacalao desalado kg,,,"17,89 €/Kg",,"7,16 €/Unidad"
Lubina grande kg,,,"13,99 €/Kg",,"11,19 €/Unidad"
Lubina kg,,,"8,99 €/Kg",,"4,50 €/Unidad"
Maragota kg,,,"3,69 €/Kg",,"1,48 €/Unidad"
Mendo limón kg,,,"6,99 €/Kg",,"1,40 €/Unidad"
Mendo/Coreano kg,,,"5,99 €/Kg",,"1,80 €/Unidad"
Mendo/Meiga/Lenguadina kg,,,"9,45 €/Kg",,"1,89 €/Unidad"
Merluza/Merluza pincho 0.7-1 kg,,,"9,99 €/Kg",,"7,99 €/Unidad"
Merluza/Merluza pincho 1-2 al corte kg,,,"13,99 €/Kg",,"2,10 €/Rodaja"
Merluza/Merluza pincho 1-2 kg,,,"11,99 €/Kg",,"11,99 €/Unidad"
Merluza/Merluza pincho 2-3 kg,,,"12,99 €/Kg",,"25,98 €/Unidad"
Merluza/Merluza volanta 1-2 kg,,,"8,79 €/Kg",,"8,79 €/Unidad"
Merluza/Pescadilla americana kg,,,"7,69 €/Kg",,"1,15 €/Unidad"
Merluza/Pescadilla kg,,,"6,95 €/Kg",,"3,48 €/Unidad"
Pargo kg,,,"12,95 €/Kg",,"6,48 €/Unidad"
Rape negro 1-2 kg,,,"10,99 €/Kg",,"16,49 €/Unidad"
Rape negro 2-4 kg,,,"11,99 €/Kg",,"41,97 €/Unidad"
Rodaballo kg,,,"13,95 €/Kg","14,99 €/Kg","20,93 €/Unidad"
Rodaballo ración u,,,"5,25 €",,"5,25 €/Unidad"
Rubio kg,,,"10,99 €/Kg",,"5,50 €/Unidad"
Salmonete kg,,,"8,99 €/Kg",,"0,90 €/Unidad"
Ventresca de bacalao desalado kg,,,"7,99 €/Kg","9,45 €/Kg","1,04 €/Unidad"
Anilla de pota descongelada kg,,,"9,99 €",,"9,99 €/Kilogramo"
Calamar de altura fresco kg,,,"15,99 €/Kg",,"4,80 €/Unidad"
Calamar de Cabo descongelado kg,,,"14,99 €/Kg",,"2,70 €/Unidad"
Calamar patagónico descongelado kg,,,"6,99 €/Kg","7,95 €/Kg","0,56 €/Unidad"
Choco kg,,,"9,95 €/Kg",,"4,98 €/Unidad"
Choco/Sepia limpio/a descongelado/a kg,,,"14,99 €/Kg",,"6,00 €/Unidad"
Patas de Pulpo Cocido bolsa 300 g,,,"12,99 €",,"43,30 €/Kilogramo"
Pota selección kg,,,"4,49 €/Kg",,"0,45 €/Unidad"
Potón del Pacífico/Rejos descongelados kg,,,"6,99 €/Kg",,"5,59 €/Unidad"
Pulpo blanco/cabezudo kg,,,"6,75 €/Kg",,"2,03 €/Unidad"
Pulpo cocido kg,,,"37,99 €/Kg",,"75,98 €/Unidad"
Tira de potón del Pacífico descongelada kg,,,"5,49 €/Kg",,"0,55 €/Unidad"
Aguinamar Pintxo a la Donostiarra 180 g,,,"3,30 €",,"18,33 €/Kilogramo"
Alminuto La Gula del Norte al Ajillo 110 g,,,"3,20 €",,"29,09 €/Kilogramo"
Alminuto La Gula del Norte con gambas al ajillo 110 g,,,"3,20 €",,"29,09 €/Kilogramo"
Anguriñas Pescanova 100+100 g,,,"1,77 €",,"9,83 €/Kilogramo"
Delicias de Salmón Pescanova 200 g,,,"3,29 €",,"16,45 €/Kilogramo"
Krissia barritas 0% materia grasa 12 u 180 g,,,"2,99 €",,"16,61 €/Kilogramo"
Krissia barritas 12 u 180 g,,,"2,99 €",,"16,61 €/Kilogramo"
La Gula del Norte 200 g,,,"6,35 €",,"28,86 €/Kilogramo"
Palitos de mar Pescanova refrigerados 305 g,,,"1,53 €",,"5,02 €/Kilogramo"
Rallado de Salmón Pescanova 200 g,,,"2,99 €",,"14,95 €/Kilogramo"
Sushi Sushita Dashi Box 9 piezas 210 g,,,"6,99 €",,"33,29 €/Kilogramo"
Sushi Sushita Maki Snack 9 piezas 130 g,,,"4,49 €",,"34,54 €/Kilogramo"
Bolsa cubitos hielo 2 kg,,,"0,75 €",,"0,38 €/Kilogramo"
Bolsa hielo picado cocktail Cubers 2 kg,,,"1,00 €",,"0,50 €/Kilogramo"
Pan Europastry sin gluten congelado 100g,,,"0,89 €",,"8,90 €/Kilogramo"
Anillas de Pota Argentina Maremundi 400 g,,,"3,99 €","4,49 €","9,98 €/Kilogramo"
Calamar limpio Pescanova 400 g,,,"6,39 €",,"15,98 €/Kilogramo"
Calamar patagónico troceado maremundi 250 g,,,"3,69 €",,"14,76 €/Kilogramo"
Calamar Pescanova entero 1 kg,,,"13,35 €",,"13,35 €/Kilogramo"
"Pulpo gallego pescadeRias cong. 1-1,5 kg",,,"19,99 €",,"19,99 €/Kilogramo"
"Pulpo gallego pescadeRias cong. 2-2,5 kg",,,"20,99 €",,"20,99 €/Kilogramo"
Pulpo Rosa de los Vientos 1 a 2 kg,,,"22,99 €",,"22,99 €/Kilogramo"
Choco Limpio troceado 450 g,,,"7,59 €",,"16,87 €/Kilogramo"
Buey de mar cocido pieza,,,"7,89 €",,"7,89 €/Unidad"
Buey de mar Pescanova 600-800 pieza,,,"11,99 €",,"11,99 €/Unidad"
Camarón cocido Pescanova 250 g,,,"19,99 €",,"79,96 €/Kilogramo"
Colas de gambón pelado Pescanova 180g,,,"6,75 €",,"37,50 €/Kilogramo"
Colas de langostino Froiz rebozadas 400 g,,,"4,15 €",,"10,38 €/Kilogramo"
Gamba pelada Pescanova 240 g,,,"4,35 €","5,59 €","18,13 €/Kilogramo"
Gambas Froiz peladas 80/110 315 g,,,"3,99 €",,"12,67 €/Kilogramo"
Gambón Pescanova Froiz Selection estuche 2 kg,,,"24,99 €",,"12,50 €/Kilogramo"
Gambón Pescanova Gigante 14-22 800 g,,,"16,99 €",,"21,24 €/Kilogramo"
Gambón Pescanova nº2 20/30 piezas estuche 2 kg,,,"22,99 €",,"11,50 €/Kilogramo"
Langostino pelado Pescanova 180 g,,,"4,99 €",,"27,72 €/Kilogramo"
Langostino Pescanova Vannamei 24/40 piezas 800g,,,"14,99 €",,"18,74 €/Kilogramo"
Langostino salvaje-banana 20/30 Pescanova 1 kg,,,"34,99 €",,"34,99 €/Kilogramo"
Nécora cocida Pescanova 4 piezas,,,"11,99 €",,"3,00 €/Unidad"
Vieira congelada u,,,"2,39 €",,"2,39 €/Unidad"
Vieira media concha 3 u 400 g,,,"9,99 €",,"24,98 €/Kilogramo"
Atún Steak Atunlo 125 g,,,"2,39 €",,"19,12 €/Kilogramo"
Corazones filete merluza Pescanova 500 g,,,"7,40 €",,"14,80 €/Kilogramo"
Filete de bacalao Ala Blanca a punto de sal 450 g,,,"5,94 €",,"13,20 €/Kilogramo"
Filete de Boquerón en tempura Maremundi 200 g,,,"2,15 €",,"10,75 €/Kilogramo"
Filete de Merluza con piel Maremundi kg,,,"7,99 €",,"7,99 €/Kilogramo"
Filete de merluza Froiz sin piel 500 g,,,"3,99 €",,"7,98 €/Kilogramo"
Filete de merluza Maremundi con piel 500 g,,,"3,59 €",,"7,18 €/Kilogramo"
Filete de merluza sin piel Pescanova 800 g,,,"9,99 €",,"12,49 €/Kilogramo"
Filetes de bacalao Pescanova 400 g,,,"8,40 €",,"21,00 €/Kilogramo"
Filetes merluza Pescanova Baby 400g,,,"4,49 €","5,55 €","11,23 €/Kilogramo"
Filetes merluza Pescanova empanados 340g,,,"3,79 €",,"11,15 €/Kilogramo"
Lomo de Bacalao Desalado Froitomar 510 g,,,"9,99 €",,"19,59 €/Kilogramo"
Lomo de Merluza Maremundi 400 g,,,"4,69 €",,"11,73 €/Kilogramo"
Lomos bacalao Pescanova 300 g,,,"6,89 €",,"22,97 €/Kilogramo"
Medallones Pescanova filetes merluza 400g,,,"7,40 €",,"18,50 €/Kilogramo"
Rodaja de Espada Maremundi kg,,,"18,99 €",,"18,99 €/Kilogramo"
Rodaja de Merluza del Cabo Maremundi 400 g,,,"5,69 €",,"14,23 €/Kilogramo"
Rodaja de Merluza Maremundi kg,,,"8,99 €",,"8,99 €/Kilogramo"
Ventrescas de merluza Pescanova 400 g,,,"5,95 €",,"14,88 €/Kilogramo"
Cola de Rape de Gran Sol Sin Piel Maremundi kg,,,"18,99 €/Kg",,"24,69 €/Unidad"
Lomo Bacalao Selecto Ala Blanca kg,,,"15,89 €",,"15,89 €/Kilogramo"
Merluza Austral Nº3 Sin Cabeza kg,,,"9,99 €",,"9,99 €/Kilogramo"
Anguriñas Pescanova 200 g,,,"1,86 €",,"9,30 €/Kilogramo"
Delicias de Salmón Congelado Pescanova 280 g,,,"4,25 €",,"15,18 €/Kilogramo"
Muslitos de mar Pescanova 400 g,,,"2,23 €",,"5,58 €/Kilogramo"
Tronquitos Pescanova porcionables 500 g,,,"1,86 €",,"3,72 €/Kilogramo"
Bombón Nestlé Mini almendrado vainilla sin azúcar 6 u 162 g,,,"4,89 €",,"30,19 €/Kilogramo"
Bombón Nuii almendrado vainilla 3 u 201 g,,,"3,59 €",,"17,86 €/Kilogramo"
Bombón Nuii caramelo salado 3 u 204 g,,,"3,49 €",,"17,11 €/Kilogramo"
Bombón Nuii mini surtido 6 u 253 g,,,"4,70 €",,"18,58 €/Kilogramo"
Carte D'or chocolate 650 g,,,"3,99 €",,"6,14 €/Kilogramo"
Carte D'or Les Desserts Brownie 500 g,,,"4,99 €",,"9,98 €/Kilogramo"
Carte D'or Les Desserts yogur frutas del bosque 500 g,,,"3,75 €",,"7,50 €/Kilogramo"
Carte D'or vainilla 431 g,,,"3,99 €",,"9,26 €/Kilogramo"
Cono Extreme Cookie chocolate 4 u 284 g,,,"4,95 €",,"17,43 €/Kilogramo"
Cono Extreme Cookie nata 4 u 284 g,,,"4,95 €",,"17,43 €/Kilogramo"
Cono eXtreme Doble chocolate 6 u 432 g,,,"3,39 €","3,89 €","7,85 €/Kilogramo"
Cono eXtreme mini chocolate y vainilla 8 u 312 g,,,"3,39 €","3,89 €","10,87 €/Kilogramo"
Cono Kit Kat Nestlé classic pack 4 248g,,,"3,99 €",,"16,09 €/Kilogramo"
Cono Milka vainilla y chocolate 4 u 270 g,,,"3,29 €",,"12,19 €/Kilogramo"
Frigo Cornetto classico 6 u 360 g,,,"4,69 €",,"13,03 €/Kilogramo"
Frigo Cornetto Nocilla cono 4 u 220 g,,,"4,69 €",,"21,32 €/Kilogramo"
Frigo Cornetto Snickers cono 4 u 248 g,,,"4,69 €",,"18,91 €/Kilogramo"
Frigo Magnum after dinner classic 10 u 290 g,,,"5,49 €",,"18,93 €/Kilogramo"
Frigo Magnum almendra remix 3 u 198 g,,,"4,29 €",,"21,67 €/Kilogramo"
Frigo Magnum almendras pack 3 246 g,,,"3,99 €",,"16,22 €/Kilogramo"
Frigo Magnum almendras vegano 3 u 216 g,,,"4,29 €",,"19,86 €/Kilogramo"
Frigo Magnum clásico remix 3 u 198 g,,,"2,99 €",,"15,10 €/Kilogramo"
Frigo Magnum double caramel 3 u 219 g,,,"3,49 €",,"15,94 €/Kilogramo"
Frigo Magnum double chocolate 3u 207 g,,,"4,29 €",,"20,72 €/Kilogramo"
Frigo Magnum double Gold Caramel Billionaire 3 u 213 g,,,"3,49 €",,"16,38 €/Kilogramo"
Frigo Magnum frac 3u 207g,,,"3,99 €",,"19,28 €/Kilogramo"
Frigo Magnum mini almendras 6u 276g,,,"4,69 €",,"16,99 €/Kilogramo"
Frigo Magnum mini doble Gold Caramel Billionaire 6 u 282 g,,,"4,99 €",,"17,70 €/Kilogramo"
Frigo Magnum mini double caramel/chocolate 6 u 300 g,,,"5,49 €",,"18,30 €/Kilogramo"
Frigo Magnum mini intense dark 6 u 264 g,,,"5,49 €",,"20,80 €/Kilogramo"
Frigo Magnum mini Remix almendras 6 u 264 g,,,"5,49 €",,"20,80 €/Kilogramo"
Frigo Magnum mini surtido 6u 266 g,,,"4,69 €",,"17,63 €/Kilogramo"
Häagen-Dazs Caramel Atraction 4 u 321 g,,,"6,49 €",,"20,22 €/Kilogramo"
Häagen-Dazs chocolate belga 460 ml,,,"5,95 €",,"12,93 €/Litro"
Häagen-Dazs dulce de leche 460 ml,,,"5,95 €",,"12,93 €/Litro"
Häagen-Dazs Duo chocolate belga y vainilla 420 ml,,,"5,79 €",,"13,79 €/Litro"
Häagen-Dazs strawberry cheese cake 460 ml,,,"5,95 €",,"12,93 €/Litro"
Häagen-Dazs vainilla nuez macadamia 460 ml,,,"5,95 €",,"12,93 €/Litro"
Helado Alteza Bombón almendrado 4 u 340 g,,,"1,59 €",,"4,68 €/Kilogramo"
Helado Alteza Bombón chocolate negro 4 u 334 g,,,"1,56 €",,"4,67 €/Kilogramo"
"Helado Alteza bombón negro triple sin lactosa, gluten, azúcar añadido 4 u 304 g",,,"2,99 €",,"9,84 €/Kilogramo"
Helado Alteza cono chocolate brownie 4 u 260 g,,,"2,05 €",,"7,88 €/Kilogramo"
Helado Alteza cono nata y caramelo 6u 422g,,,"1,89 €",,"4,48 €/Kilogramo"
Helado Alteza maxi sándwich con sabor a nata y con chocolate 3 u 270 g,,,"1,79 €",,"6,63 €/Kilogramo"
Helado Alteza mini almendrado 8u 344g,,,"2,20 €",,"6,40 €/Kilogramo"
Helado Alteza mini bombón surtido 8u 338 g,,,"1,98 €",,"5,86 €/Kilogramo"
Helado Alteza mini cono surtido 12 u 220 g,,,"2,13 €",,"9,68 €/Kilogramo"
Helado Alteza mini Fruty Mix 10 u 200 g,,,"1,49 €",,"7,45 €/Kilogramo"
Helado Alteza sabor vainilla y caramelo tarrina 458 g,,,"2,29 €",,"5,00 €/Kilogramo"
Helado Alteza sorbete de limón tarrina 645 g,,,"1,95 €",,"3,02 €/Kilogramo"
Helado Alteza stracciatella tarrina 495 g,,,"2,19 €",,"4,42 €/Kilogramo"
Helado Ben & Jerry's The Fan Favourites Collection 4 u 292 g,,,"6,99 €",,"23,94 €/Kilogramo"
Helado Ben&Jerry's chocolate fudge brownie 408 g,,,"6,99 €",,"17,13 €/Kilogramo"
Helado Ben&Jerry's Cookie Dough 406 g,,,"6,99 €",,"17,22 €/Kilogramo"
Helado Bombón Toblerone mini 6 u 216 g,,,"3,49 €",,"16,16 €/Kilogramo"
Helado cono Oreo Bola 4 u 274 g,,,"4,39 €",,"16,02 €/Kilogramo"
Helado de yogur Xanceda ecológico bombón con fresas y chocolate 3x52 g,,,"5,19 €",,"33,27 €/Kilogramo"
Helado de Yogur Xanceda ecológico con arándanos 300 g,,,"6,49 €",,"21,63 €/Kilogramo"
Helado de Yogur Xanceda ecológico con chocolate 3x55 g,,,"4,99 €",,"30,24 €/Kilogramo"
Helado Drácula Cola Frigo 6 u 264 g,,,"3,49 €",,"13,22 €/Kilogramo"
Helado Frigo Calippo lima y limón 5 u 525 g,,,"4,69 €",,"8,93 €/Kilogramo"
Helado Froiz Barra 3 gustos 465g,,,"1,14 €",,"2,45 €/Kilogramo"
Helado Froiz Barra nata y fresa 465 g,,,"1,19 €",,"2,56 €/Kilogramo"
Helado Froiz Barra vainilla y chocolate 465g,,,"1,19 €",,"2,56 €/Kilogramo"
Helado Froiz Bombón Cheesecake 3 u 195 g,,,"1,95 €",,"10,00 €/Kilogramo"
Helado Froiz cono Cheesecake 4 u 260 g,,,"1,95 €",,"7,50 €/Kilogramo"
Helado Froiz cono nata/fresa 6 u 390 g,,,"1,79 €",,"4,59 €/Kilogramo"
Helado Froiz Cono vainilla sin azúcar 6 u 390g,,,"2,65 €",,"6,79 €/Kilogramo"
Helado Froiz cono vainilla sin gluten y sin lactosa 4 u 260 g,,,"2,78 €",,"10,69 €/Kilogramo"
Helado Froiz cono vainilla y chocolate 6 u 390 g,,,"1,64 €",,"4,21 €/Kilogramo"
Helado Froiz mini sándwich twins 6 u 300 g,,,"1,89 €",,"6,30 €/Kilogramo"
Helado Froiz polos naranja y limón 10 u 500 g,,,"1,69 €",,"3,38 €/Kilogramo"
Helado Froiz sándwich nata 6 u 300g,,,"1,55 €",,"5,17 €/Kilogramo"
Helado Froiz sorbete con frambuesa y fresa 6 u 210 g,,,"2,39 €",,"11,38 €/Kilogramo"
Helado Froiz Súper Cono chocolate 4 u 260 g,,,"2,45 €",,"9,42 €/Kilogramo"
Helado Froiz Tarta Laminada 490g,,,"1,99 €",,"4,06 €/Kilogramo"
Helado Froiz Tarta Whisky rectangular 500g,,,"2,54 €",,"5,08 €/Kilogramo"
Helado Maxibon Nestlé Cookie 4 u 360 g,,,"3,99 €",,"11,08 €/Kilogramo"
Helado Maxibon Nestlé Gofre 4 u 360 g,,,"3,99 €",,"11,08 €/Kilogramo"
Helado Maxibon Nestlé Jungly 4 u 384 g,,,"4,35 €",,"11,33 €/Kilogramo"
Helado Maxibon Nestlé mini nata 6u 325g,,,"4,35 €",,"13,38 €/Kilogramo"
Helado Maxibon Nestlé nata 4u 384g,,,"3,99 €",,"10,39 €/Kilogramo"
Helado Nestlé Chococlack pack 4 u 264g,,,"2,99 €",,"11,33 €/Kilogramo"
Helado Nestlé Colajet 4 u 260 g,,,"2,09 €",,"8,04 €/Kilogramo"
Helado sándwich mini Oreo 6 u 198 g,,,"3,39 €",,"17,12 €/Kilogramo"
Helado sándwich Stick Oreo 4 u 204 g,,,"3,49 €",,"17,11 €/Kilogramo"
Helado Snickers barritas 6 u 288 g,,,"4,99 €",,"17,33 €/Kilogramo"
Helados Siglitos sabores 12 u 80 ml,,,"1,00 €",,"0,08 €/Unidad"
Pirulo Fantasmikos Nestlé 15 u 243 g,,,"3,99 €",,"16,42 €/Kilogramo"
Pirulo Mikolápiz Nestlé 5 u 250 g,,,"3,65 €",,"14,60 €/Kilogramo"
Tarrina Deleitum vainilla con nuez de macadamia 385 g,,,"2,79 €",,"7,25 €/Kilogramo"
Tarta Fantástica Menorquina 550 g,,,"4,79 €","5,25 €","8,71 €/Kilogramo"
Tarta Nestlé Gran Dama 405 g,,,"3,99 €",,"9,85 €/Kilogramo"
Nata montada congelada Alteza 230 g,,,"1,59 €",,"6,91 €/Kilogramo"
Tarta nata fresa Chousa 485 g,,,"5,75 €",,"11,86 €/Kilogramo"
Tarta queso fresa Chousa 460 g u,,,"5,45 €",,"11,85 €/Kilogramo"
Tarta San Marcos Chousa 380 g u,,,"5,45 €",,"14,34 €/Kilogramo"
Tarta selva negra Chousa 405 g,,,"5,45 €",,"13,46 €/Kilogramo"
Tarta tiramisú Chousa 390 g u,,,"5,45 €",,"13,97 €/Kilogramo"
Canelones Alteza de carne con bechamel 500 g,,,"2,08 €",,"4,16 €/Kilogramo"
Canelones La Cocinera carne 500 g,,,"4,99 €",,"9,42 €/Kilogramo"
Lasaña Alteza de carne con bechamel 500 g,,,"2,08 €",,"4,16 €/Kilogramo"
Lasaña La Cocinera boloñesa 500 g,,,"4,99 €",,"9,98 €/Kilogramo"
Lasaña La Cocinera de atún 500 g,,,"4,99 €",,"9,98 €/Kilogramo"
Lasaña La Cocinera espinacas y queso 500 g,,,"4,99 €",,"9,98 €/Kilogramo"
Baguettina Froiz jamón y queso 2x125 g,,,"1,75 €",,"7,00 €/Kilogramo"
Bases de pizza Alteza 3x125 g,,,"1,15 €",,"3,07 €/Kilogramo"
Churros Lazo Alteza 500 g,,,"1,10 €",,"2,20 €/Kilogramo"
Masa de hojaldre Froiz extendida 2x250 g,,,"1,50 €",,"3,00 €/Kilogramo"
Mini pizzas Froiz jamón y queso 9 u 270 g,,,"2,05 €",,"7,59 €/Kilogramo"
Pannini Dr. Oetker Barbacoa 250 g,,,"2,99 €",,"11,96 €/Kilogramo"
Piccolini Buitoni 3 quesos 270 g,,,"3,19 €",,"11,81 €/Kilogramo"
Piccolini Buitoni jamón y queso 270 g,,,"3,19 €",,"11,81 €/Kilogramo"
Pizza Alteza capricciosa 370 g,,,"2,19 €",,"5,92 €/Kilogramo"
Pizza Alteza jamón y queso 348 g,,,"2,09 €",,"6,01 €/Kilogramo"
Pizza Buitoni Bella Napoli Funghi 415 g,,,"4,55 €",,"10,96 €/Kilogramo"
Pizza Buitoni forno di pietra barbacoa 325 g,,,"3,69 €",,"11,35 €/Kilogramo"
Pizza Buitoni forno di pietra Caprese 350 g,,,"3,69 €",,"10,54 €/Kilogramo"
Pizza Buitoni forno di pietra prosciutto 350 g,,,"3,69 €",,"10,54 €/Kilogramo"
Pizza Buitoni micro jamón y queso 315 g,,,"3,65 €",,"11,59 €/Kilogramo"
Pizza Buitoni sin gluten y sin lactosa jamón 360 g,,,"3,69 €",,"10,25 €/Kilogramo"
Pizza La Mía Grande Dr. Oetker 4 quesos 400 g,,,"5,69 €",,"14,23 €/Kilogramo"
Pizza Ristorante espinacas 390 g,,,"4,25 €",,"10,90 €/Kilogramo"
Pizza Ristorante Prosciutto 340g,,,"4,11 €",,"4,11 €/Unidad"
Pizza Ristorante Quattro Formaggi 340 g,,,"4,11 €",,"12,09 €/Kilogramo"
Pizza Ristorante Speciale 330 g,,,"4,11 €",,"12,45 €/Kilogramo"
Pizza Ristorante Tonno 355g,,,"4,11 €",,"11,58 €/Kilogramo"
Porras Prefritas Congeladas Maheso 320 g,,,"3,15 €",,"9,84 €/Kilogramo"
Anillos a la romana Pescanova 400 g,,,"3,59 €",,"8,98 €/Kilogramo"
Burger Findus Green Cuisine 0% carne 200 g,,,"3,49 €",,"17,45 €/Kilogramo"
Caprichos Pescanova a la romana 400 g,,,"2,99 €","3,89 €","7,48 €/Kilogramo"
Croquetas Alteza cocido 400 g,,,"2,00 €",,"5,00 €/Kilogramo"
Croquetas Alteza jamón ibérico 350 g,,,"1,89 €",,"5,40 €/Kilogramo"
Croquetas Artesanas Alteza bacalao 500 g,,,"1,20 €",,"2,40 €/Kilogramo"
Croquetas artesanas Alteza de jamón 500 g,,,"1,15 €",,"2,30 €/Kilogramo"
Croquetas artesanas Alteza de pollo 500 g,,,"1,20 €",,"2,40 €/Kilogramo"
Croquetas La Cocinera Artesanas de cocido casero con jamón serrano 500g,,,"4,99 €",,"9,98 €/Kilogramo"
Croquetas La Cocinera Artesanas jamón ibérico 400 g,,,"4,99 €",,"12,48 €/Kilogramo"
Croquetas La Cocinera de jamón serrano sabrosísimas 500 g,,,"2,79 €","3,99 €","5,58 €/Kilogramo"
Empanadillas Froiz atún 500 g,,,"1,60 €",,"3,20 €/Kilogramo"
Empanadillas La Cocinera atún 10 u 312 g,,,"3,85 €","4,99 €","12,34 €/Kilogramo"
Filetes pescado Findus sin gluten 250 g,,,"3,45 €","3,99 €","13,80 €/Kilogramo"
Fingers de pollo La Cocinera 320 g,,,"5,19 €",,"16,22 €/Kilogramo"
Nuggets de pollo Alteza con dos salsas 350 g,,,"1,75 €",,"5,00 €/Kilogramo"
Nuggets La Cocinera pollo 350 g,,,"3,99 €","5,19 €","11,40 €/Kilogramo"
Nuggets La Cocinera sin gluten pollo 455 g,,,"6,99 €",,"15,36 €/Kilogramo"
Nuggets pescado Findus crujientes 245 g,,,"2,29 €","3,19 €","9,35 €/Kilogramo"
Pechuga pollo Alteza empanada 300 g 4u,,,"1,69 €",,"5,63 €/Kilogramo"
Peskitos Pescanova merluza 400 g,,,"4,15 €",,"10,38 €/Kilogramo"
Preparado para paella de mariscos Findus 400 g,,,"4,99 €",,"12,48 €/Kilogramo"
Preparado para paella de mariscos Pescanova 400 g,,,"5,69 €",,"14,23 €/Kilogramo"
Rabas Empanadas Pescanova 400 g,,,"3,95 €",,"9,88 €/Kilogramo"
Relleno Fajitas Congelados Navarra 300 g,,,"1,65 €",,"5,50 €/Kilogramo"
Rollitos primavera Alteza con verduras 4u 400 g,,,"2,13 €",,"5,33 €/Kilogramo"
San Jacobos Alteza 4 u 320 g,,,"1,00 €",,"3,13 €/Kilogramo"
San Jacobos La Cocinera 388 g,,,"5,19 €",,"13,38 €/Kilogramo"
Varitas de merluza Pescanova 300 g,,,"3,19 €",,"10,63 €/Kilogramo"
Arroz Artiq blanco cocido 4x200 g,,,"1,25 €","1,40 €","1,56 €/Kilogramo"
Arroz Artiq tres delicias bolsa 800 g,,,"2,00 €",,"2,50 €/Kilogramo"
"Revuelto Alteza gambas, ajetes y trigueros 400 g",,,"2,40 €",,"6,00 €/Kilogramo"
Salteado Alteza verduras 400 g,,,"0,93 €",,"2,33 €/Kilogramo"
Salteado Alteza verduras asadas 400 g,,,"1,80 €",,"4,50 €/Kilogramo"
Salteado Artiq setas y champiñones 400 g,,,"1,60 €",,"4,00 €/Kilogramo"
Salto Findus Arroz 3 delicias tradicional 500 g,,,"3,39 €",,"6,78 €/Kilogramo"
Ajo troceado Artiq bolsa 150 g,,,"1,10 €",,"7,33 €/Kilogramo"
Brócoli Artiq bolsa 800 g,,,"1,24 €",,"1,55 €/Kilogramo"
Cebolla troceada Artiq bolsa 400 g,,,"0,89 €",,"2,23 €/Kilogramo"
Coles Bruselas Findus 400 g,,,"2,89 €",,"7,23 €/Kilogramo"
Coliflor Artiq bolsa 800 g,,,"1,12 €",,"1,40 €/Kilogramo"
Corazones de Alcachofa Alteza/Artiq 450 g,,,"2,85 €",,"6,33 €/Kilogramo"
Edamame Vaina Villazar 500 g,,,"1,70 €",,"3,40 €/Kilogramo"
Ensaladilla Artiq bolsa 800 g,,,"0,80 €",,"1,00 €/Kilogramo"
Ensaladilla Findus 800 g,,,"3,65 €",,"4,56 €/Kilogramo"
Ensaladilla Pescanova 1 kg,,,"3,29 €",,"3,29 €/Kilogramo"
Espinacas Alteza cortadas 2x200g,,,"0,76 €",,"1,90 €/Kilogramo"
Espinacas Alteza hoja porciones 400 g,,,"0,76 €",,"1,90 €/Kilogramo"
Espinacas Findus en hojas 400 g,,,"2,69 €",,"6,73 €/Kilogramo"
Fresas congeladas Villazar bolsa 300 g,,,"1,60 €",,"5,33 €/Kilogramo"
Frutas del bosque congeladas Villazar bolsa 300 g,,,"1,50 €",,"5,00 €/Kilogramo"
Guisantes Artiq finos bolsa 800 g,,,"1,16 €",,"1,45 €/Kilogramo"
Guisantes Findus finos 800 g,,,"3,65 €",,"4,56 €/Kilogramo"
Guisantes Pescanova 1 kg,,,"3,45 €",,"3,45 €/Kilogramo"
Habas Baby Artiq bolsa 400 g,,,"1,56 €",,"3,90 €/Kilogramo"
Judía Artiq verde plana 800 g,,,"1,08 €",,"1,35 €/Kilogramo"
Judía Artiq verde redonda 800 g,,,"1,08 €",,"1,35 €/Kilogramo"
Judías Findus verdes planas 800 g,,,"2,75 €","3,65 €","3,44 €/Kilogramo"
Macedonia de frutas congeladas Villazar bolsa 300 g,,,"1,69 €",,"5,63 €/Kilogramo"
Menestra Alteza de verduras con alcachofas 400g,,,"0,55 €",,"1,38 €/Kilogramo"
Menestra Alteza de verduras con espárragos 400 g,,,"0,89 €",,"2,23 €/Kilogramo"
Menestra Findus de la huerta 750 g,,,"4,60 €",,"6,13 €/Kilogramo"
Patata Golden Long McCain 1 kg,,,"2,79 €",,"2,79 €/Kilogramo"
Patata prefrita Pescanova Julienne 1 kg,,,"2,85 €",,"2,85 €/Kilogramo"
Patatas Alteza prefritas congeladas gajos 750 g,,,"1,55 €",,"2,07 €/Kilogramo"
Patatas prefritas Farm Frites 1 kg,,,"1,40 €",,"1,40 €/Kilogramo"
Verdura Findus para sofrito 250 g,,,"2,29 €",,"9,16 €/Kilogramo"
Galletas Hero Baby sin gluten 180g,,,"1,85 €",,"10,28 €/Kilogramo"
Snack Hero Solo guisantes y maíz 50 g,,,"1,59 €",,"31,80 €/Kilogramo"
Alimento lácteo infantil Nestlé Nativa Crecimiento +1 con cereales 1 l,,,"1,75 €",,"1,75 €/Litro"
Alimento lácteo infantil Nestlé Nativa Crecimiento +1 original 1 l,,,"1,75 €",,"1,75 €/Litro"
Bebida lactea Puleva Max crecimiento 1 l,,,"1,65 €",,"1,65 €/Litro"
Leche en polvo Nativa 3 800 g,,,"7,79 €",,"9,74 €/Kilogramo"
Leche Nativa 1 800 g,,,"8,79 €",,"10,99 €/Kilogramo"
Leche Nativa 2 infantil 800 g,,,"7,79 €",,"9,74 €/Kilogramo"
Leche Nidina 1 premium 800 g,,,"14,95 €",,"18,69 €/Kilogramo"
Leche Nidina 2 infantil 800 g,,,"14,95 €",,"18,69 €/Kilogramo"
Preparado lácteo infantil Nestlé Crecimiento Junior +2 con cereales 1 l,,,"1,75 €",,"1,75 €/Litro"
Preparado lácteo infantil Puleva peques 3 crecimiento brik 1l,,,"1,70 €",,"1,70 €/Litro"
Preparado lácteo Nestlé Nativa 2 1 l,,,"1,75 €",,"1,75 €/Litro"
Papilla Hero Baby 8 cereales 340 g,,,"2,99 €",,"8,79 €/Kilogramo"
Papilla Hero Baby 8 cereales con frutas 340 g,,,"2,99 €",,"8,79 €/Kilogramo"
Papilla Hero Baby 8 cereales con miel 340 g,,,"3,45 €",,"10,15 €/Kilogramo"
Papilla Hero Baby 8 cereales galleta 340 g,,,"2,99 €",,"8,79 €/Kilogramo"
Papilla Hero crema arroz sin gluten 220 g,,,"1,99 €",,"9,05 €/Kilogramo"
Papilla Nestlé 8 cereales 600 g,,,"3,95 €",,"6,58 €/Kilogramo"
Papilla Nestlé 8 cereales con miel 600g,,,"3,95 €",,"6,58 €/Kilogramo"
Papilla Nestlé Cereales sin gluten 0% azúcares añadidos 240 g,,,"1,99 €",,"8,29 €/Kilogramo"
Papilla Nestlé líquida cereales pijama 2x250 ml,,,"2,20 €",,"4,40 €/Litro"
Papilla Nestlé multicereales 500g,,,"3,40 €",,"6,80 €/Kilogramo"
Papilla Nestlé Multicereales plátano 0% azúcares 270 g,,,"2,59 €",,"9,59 €/Kilogramo"
Bolsita Hero Nanos Yogur plátano y fresa 100g,,,"1,00 €",,"10,00 €/Kilogramo"
Yogolino Nestlé fresa 4x100g,,,"2,75 €",,"6,88 €/Kilogramo"
Yogolino Nestlé natillas galleta 4x100 g,,,"2,75 €",,"6,88 €/Kilogramo"
Yogolino Nestlé natural 4x100g,,,"2,75 €",,"6,88 €/Kilogramo"
Yogolino Nestlé natural sin azúcares añadidos 4x100 g,,,"2,89 €",,"7,23 €/Kilogramo"
Yogolino Nestlé plátano 4x100g,,,"2,50 €",,"6,25 €/Kilogramo"
Bolsita Alteza Baby manzana y plátano 120 g,,,"0,90 €",,"7,50 €/Kilogramo"
"Bolsita Alteza Baby manzana, fresa y plátano 120 g",,,"0,90 €",,"7,50 €/Kilogramo"
Bolsita Hero Baby Multifruta Galleta 100 g,,,"1,00 €",,"10,00 €/Kilogramo"
"Bolsita Hero Nanos naranja, plátano, pera y galleta 100g",,,"1,00 €",,"10,00 €/Kilogramo"
"Bolsita Hero Nanos plátano, fresa y manzana 100 g",,,"1,00 €",,"10,00 €/Kilogramo"
"Bolsita Hero Solo pera, plátano y naranja ecológico 100 g",,,"0,99 €",,"9,90 €/Kilogramo"
Hero Baby Solo crema de calabaza y puré de patatas ecológico 190 g,,,"1,95 €",,"10,26 €/Kilogramo"
Hero Baby Solo menestra de verduras con dorada ecológico 190 g,,,"1,95 €",,"10,26 €/Kilogramo"
Hero Baby Solo verduras de la huerta con pollo y arroz ecológico 190 g,,,"1,95 €",,"10,26 €/Kilogramo"
Postre Hero Baby fruta Multifrutas Selectas 4x100 g,,,"1,99 €",,"4,98 €/Kilogramo"
Potito Gerber Organic eco pera y plátano 125 g,,,"1,49 €",,"11,92 €/Kilogramo"
Potito Gerber Organic eco brócoli y guisantes con pavo 190 g,,,"2,10 €",,"11,05 €/Kilogramo"
Potito Gerber Organic eco guisantes y patata con pollo 190 g,,,"2,10 €",,"11,05 €/Kilogramo"
"Potito Gerber Organic eco manzana, albaricoque y melocotón 125 g",,,"1,49 €",,"11,92 €/Kilogramo"
Potito Hero 3 frutas 235g,,,"1,30 €",,"5,53 €/Kilogramo"
Potito Hero Baby Frutas Variadas 2x235 g,,,"2,49 €",,"5,30 €/Kilogramo"
Potito Hero Baby menestra de verduras con ternera y jamón 2x235 g,,,"2,75 €",,"5,85 €/Kilogramo"
Potito Hero Baby Noches pollo con verduritas 2x190g,,,"2,20 €",,"5,79 €/Kilogramo"
Potito Hero Baby Noches verduritas con pavo 2x190g,,,"2,20 €",,"5,79 €/Kilogramo"
Potito Hero Baby Pollo con Arroz 2x235 g,,,"2,60 €",,"5,53 €/Kilogramo"
Potito Hero Baby Solo Pera y Manzana Ecológico 120 g,,,"1,25 €",,"10,42 €/Kilogramo"
"Potito Hero Baby Solo Pera, Plátano y Zanahoria Ecológico 120 g",,,"1,25 €",,"10,42 €/Kilogramo"
Potito Hero Baby verduritas con pollo y ternera 235g,,,"1,30 €",,"5,53 €/Kilogramo"
Potito Hero lenguado bechamel 235g,,,"1,30 €",,"5,53 €/Kilogramo"
Potito Hero melocotón de la huerta y plátano 235g,,,"1,30 €",,"5,53 €/Kilogramo"
Potito Hero Merienda Fruta y Galleta 2x190 g,,,"2,45 €",,"6,45 €/Kilogramo"
Potito Hero Potaje de Alubias con Verduritas 2x190 g,,,"2,45 €",,"6,45 €/Kilogramo"
Potito Hero queso frutas variadas 2x80 g,,,"1,99 €",,"12,44 €/Kilogramo"
Potito Hero ternera con zanahorias 235g,,,"1,30 €",,"5,53 €/Kilogramo"
Potito Hero Verduritas con Merluza 2x235 g,,,"2,55 €",,"5,43 €/Kilogramo"
Potito Hero zanahoria con arroz en caldito 235g,,,"1,30 €",,"5,53 €/Kilogramo"
Pouch Nestlé 4 Frutas 90 g,,,"0,99 €",,"11,00 €/Kilogramo"
Pouch Nestlé plátano y manzana 4x90 g,,,"2,99 €",,"8,31 €/Kilogramo"
Tarrina Alteza Baby Frutas Variadas 2x200 g,,,"1,79 €",,"4,48 €/Kilogramo"
Tarrina Nestlé Cups 7 frutas sin azúcares añadidos 4x100 g,,,"2,40 €",,"6,00 €/Kilogramo"
Zumo Hero Baby frutas variadas 2x130 g,,,"0,95 €",,"3,65 €/Kilogramo"
Aceite Johnson's baby con aloe vera 500 ml,,,"2,70 €","2,85 €","0,54 €/100 ml."
Aceite Johnson's baby original 500 ml,,,"3,19 €",,"0,64 €/100 ml."
Bastoncillos Johnson's 100 u,,,"1,99 €",,"0,02 €/Unidad"
Bastoncillos Star Cott Baby de seguridad con palo de papel 50 unidades,,,"0,80 €",,"0,02 €/Unidad"
Acondicionador johnson's no más tirones 500 ml,,,"2,75 €","3,40 €","0,55 €/100 ml."
Champú Froiz infantil 750 ml,,,"1,70 €",,"0,23 €/100 ml."
Champú Garnier Ultra Suave para niños 2 en 1 400ml,,,"2,75 €",,"0,69 €/100 ml."
Champú Johnson's baby 750 ml,,,"3,99 €",,"0,53 €/100 ml."
Champú Johnson's baby camomila 750 ml,,,"3,99 €",,"0,53 €/100 ml."
Champú Johnson's no más tirones 500 ml,,,"2,75 €","3,65 €","0,55 €/100 ml."
Champú Nenuco extra suave 500 ml,,,"3,95 €",,"0,79 €/100 ml."
Spray acondicionador Johnson's no más tirones 200 ml,,,"2,75 €","3,35 €","1,38 €/100 ml."
Colonia Denenes 600 ml,,,"3,69 €",,"0,62 €/100 ml."
Colonia Eau My Unicorn 30 ml,,,"5,75 €",,"19,17 €/100 ml."
Colonia infantil Crowe 750 ml,,,"2,05 €",,"0,27 €/100 ml."
Colonia Nenuco familiar 600 ml,,,"2,50 €",,"0,42 €/100 ml."
Crema Johnson's baby protectora 100 ml,,,"3,25 €",,"3,25 €/100 ml."
Leche corporal Denenes protech para pieles sensibles y atópicas dosificador 400ml,,,"3,65 €",,"0,91 €/100 ml."
Loción corporal Baby Dove hidratación profunda para bebés 400 ml,,,"3,40 €",,"0,85 €/100 ml."
Gel Baby Dove hipoalergénico hidratación profunda de la cabeza a los pies para bebés dosificador 400 ml,,,"2,09 €",,"0,52 €/100 ml."
Jabón Denenes líquido 600 ml,,,"2,89 €",,"0,48 €/100 ml."
Jabón Johnson's dulces sueños dosificador 750 ml,,,"3,35 €",,"0,45 €/100 ml."
Jabón Nenuco líquido 750 ml,,,"2,62 €",,"0,35 €/100 ml."
Neceser Baby Dove gel 400 ml + locion 400 ml + toallitas 50 u + gel hidroalcoholico 50 ml,,,"11,99 €",,"11,99 €/Unidad"
Pañal bañador Huggies little swimmers Talla 3-4 20 u,,,"10,99 €",,"0,55 €/Unidad"
Pañal Dodot Activity máxima protección Talla 3 66 unidades,,,"26,99 €",,"0,41 €/Unidad"
Pañal Dodot Activity máxima protección Talla 4 58 unidades,,,"26,99 €",,"0,47 €/Unidad"
Pañal Dodot Activity máxima protección Talla 5 52 u,,,"26,99 €",,"0,52 €/Unidad"
Pañal Dodot azul talla 2 68 u,,,"17,99 €",,"0,29 €/Unidad"
Pañal Dodot azul Talla 3 62 u,,,"15,99 €",,"0,26 €/Unidad"
Pañal Dodot azul Talla 4 58 u,,,"15,99 €",,"0,28 €/Unidad"
Pañal Dodot azul Talla 5 54 u,,,"15,99 €",,"0,30 €/Unidad"
Pañal Dodot azul Talla 6 60 u,,,"19,55 €",,"0,33 €/Unidad"
Pañal Drynites 17-30 kg niñas 4-7 años 10 u,,,"9,99 €",,"1,00 €/Unidad"
Pañal Drynites 17-30 kg niños 4-7 años 10u,,,"9,99 €",,"1,00 €/Unidad"
Pañal Drynites 27-57 kg niños 8-15 años 9u,,,"9,99 €",,"1,11 €/Unidad"
Pañal Froiz Talla 2 3-5 kg 28 u,,,"4,03 €",,"0,14 €/Unidad"
Pañal Froiz Talla 3 4-10 kg 56 u,,,"8,40 €",,"0,15 €/Unidad"
Pañal Froiz Talla 4 9-15 kg 50 u,,,"8,24 €",,"0,16 €/Unidad"
Pañal Froiz Talla 5 13-18 kg 44 u,,,"8,50 €",,"0,19 €/Unidad"
Pañal Froiz Talla 6 17-28 kg 40 u,,,"9,99 €",,"0,25 €/Unidad"
Pañal-braguita Dodot Pants Talla 5 30 u,,,"8,99 €","10,99 €","0,30 €/Unidad"
Pañal-braguita Dodot Pants Talla 6 27 u,,,"8,99 €","10,99 €","0,33 €/Unidad"
Polvos de talco Centra Line 200g,,,"1,29 €",,"6,45 €/Kilogramo"
Toallitas Dodot 64 u,,,"1,75 €",,"0,03 €/Unidad"
Toallitas Dodot básico 54 u,,,"1,15 €",,"0,02 €/Unidad"
Toallitas Dodot Sensitive 54 u,,,"2,35 €",,"0,04 €/Unidad"
Toallitas Froiz infantiles WC 60 u,,,"1,19 €",,"0,02 €/Unidad"
Toallitas Froiz recambio 144 u,,,"2,49 €",,"0,02 €/Unidad"
Toallitas Froiz recambio 24 u,,,"0,69 €",,"0,03 €/Unidad"
Toallitas Huggies agua pura extra suave 56 u,,,"1,99 €",,"0,04 €/Unidad"
Toallitas Huggies natural care aloe 112+56 unidades,,,"4,29 €",,"0,04 €/Unidad"
Toallitas infantiles Crowe cara y manos 20 u,,,"0,60 €",,"0,03 €/Unidad"
Pelota gato Biozoo con cascabel 3 u,,,"1,59 €",,"0,53 €/Unidad"
Comida gato Beyond grain free 700 g,,,"6,45 €",,"9,21 €/Kilogramo"
"Comida gato Félix Crunchy & Soft pollo, pavo y verduras 950 g",,,"3,99 €",,"4,20 €/Kilogramo"
"Comida gato Félix Crunchy & Soft salmón, atún y verduras 950 g",,,"3,99 €",,"4,20 €/Kilogramo"
Comida gato Gourmet Natures Creation pescado 4x85 g,,,"4,75 €",,"13,97 €/Kilogramo"
"Comida gato One estómago sensible pavo 1,5 kg",,,"8,69 €",,"5,79 €/Kilogramo"
Comida gatos Beyond grain free buey 85 g,,,"1,10 €",,"12,94 €/Kilogramo"
Comida gatos Beyond grain free salmón 85 g,,,"1,10 €",,"12,94 €/Kilogramo"
Comida gatos Brekkies buey 1.5 kg,,,"4,95 €",,"3,30 €/Kilogramo"
Comida gatos Brekkies buey 3.5 kg,,,"10,95 €",,"3,13 €/Kilogramo"
Comida gatos Brekkies Delicious aves 900 g,,,"3,75 €",,"4,17 €/Kilogramo"
Comida gatos Brekkies esterilizado pollo 3 kg,,,"10,95 €",,"3,65 €/Kilogramo"
Comida gatos Brekkies pescado 3.5 kg,,,"10,95 €",,"3,13 €/Kilogramo"
Comida gatos Félix carnes 4x85 g,,,"1,55 €",,"4,56 €/Kilogramo"
Comida gatos Félix Fantastic gelatinas carne 4x85 g,,,"2,25 €",,"6,62 €/Kilogramo"
Comida gatos Félix Fantastic pescado 4x85 g,,,"2,25 €",,"6,62 €/Kilogramo"
Comida gatos Félix Pescado 4x85 g,,,"1,55 €",,"4,56 €/Kilogramo"
Comida gatos Félix Sensations gelatinas carne 4x85 g,,,"2,25 €",,"6,62 €/Kilogramo"
"Comida gatos Friskies atún, salmón y trucha 1.5 kg",,,"4,55 €",,"3,03 €/Kilogramo"
"Comida gatos Friskies buey, pollo y verduras 4 kg",,,"9,80 €",,"2,45 €/Kilogramo"
"Comida gatos Friskies conejo, pollo y verduras 1.5 kg",,,"4,55 €",,"3,03 €/Kilogramo"
Comida gatos Friskies esterilizado pavo 1.5 kg,,,"4,99 €",,"3,33 €/Kilogramo"
Comida gatos Friskies Junior 1.5 kg,,,"4,99 €",,"3,33 €/Kilogramo"
Comida gatos Friskies pescado y verduras 4 kg,,,"9,80 €",,"2,45 €/Kilogramo"
Comida gatos Gourmet gold buey 85 g,,,"0,77 €",,"9,06 €/Kilogramo"
Comida gatos Gourmet Gold Fondant atún 85 g,,,"0,77 €",,"9,06 €/Kilogramo"
Comida gatos Gourmet Gold Fondant pollo 85 g,,,"0,77 €",,"9,06 €/Kilogramo"
Comida gatos Gourmet gold mousse con pollo 85 g,,,"0,77 €",,"9,06 €/Kilogramo"
Comida gatos Gourmet gold pack 8x85 g,,,"5,35 €",,"7,87 €/Kilogramo"
Comida gatos Gourmet gold pescado 85 g,,,"0,77 €",,"9,06 €/Kilogramo"
Comida gatos Gourmet Mon Petit buey 6x50 g,,,"2,85 €",,"9,50 €/Kilogramo"
Comida gatos Gourmet Mon Petit pescado 6x50 g,,,"2,85 €",,"9,50 €/Kilogramo"
Comida gatos Gourmet Perle carne 4x85 g,,,"3,05 €",,"8,97 €/Kilogramo"
Comida gatos Gourmet Perle Delicias pollo en salsa 4x85 g,,,"3,05 €",,"8,97 €/Kilogramo"
Comida gatos Gourmet Revelations atún 4x57 g,,,"3,30 €",,"14,47 €/Kilogramo"
Comida gatos Gourmet Revelations buey 4x57 g,,,"3,30 €",,"14,47 €/Kilogramo"
Comida gatos Gourmet Revelations pollo 4x57 g,,,"3,30 €",,"14,47 €/Kilogramo"
Comida gatos Gourmet Revelations salmón 4x57 g,,,"3,30 €",,"14,47 €/Kilogramo"
Comida gatos Gourmet sopa atún 4x40 g,,,"3,99 €",,"24,94 €/Kilogramo"
Comida gatos Gourmet sopa pollo 4x40 g,,,"3,99 €",,"24,94 €/Kilogramo"
Comida gatos Nature's Creations pollo 85 g,,,"1,35 €",,"15,88 €/Kilogramo"
Comida gatos One esterilizado buey 800 g,,,"4,75 €",,"5,94 €/Kilogramo"
Comida gatos One esterilizado pavo y salmón 4x85 g,,,"3,00 €",,"8,82 €/Kilogramo"
Comida gatos One esterilizado salmón 800 g,,,"4,75 €",,"5,94 €/Kilogramo"
Comida gatos One esterilizado Sensitive pescado 1.5 kg,,,"8,69 €",,"5,79 €/Kilogramo"
Comida gatos One esterilizados salmón 1.5 kg,,,"8,69 €",,"5,79 €/Kilogramo"
Comida gatos One Junior 450 g,,,"2,55 €",,"5,67 €/Kilogramo"
Comida gatos One Junior salmón y zanahorias 4x85 g,,,"3,00 €",,"8,82 €/Kilogramo"
Comida gatos One pelaje y bola de pelo 800 g,,,"4,75 €",,"5,94 €/Kilogramo"
Comida gatos One tracto urinario pollo 800 g,,,"4,75 €",,"5,94 €/Kilogramo"
Comida gatos Sheba Pouch Pescado 4x85 g,,,"2,99 €",,"8,79 €/Kilogramo"
Comida gatos Tandy bocadito pollo 415 g,,,"0,52 €",,"1,25 €/Kilogramo"
Comida gatos Tandy bocadito salmón 415 g,,,"0,52 €",,"1,25 €/Kilogramo"
Comida gatos Tandy bocaditos con buey 415 g,,,"0,52 €",,"1,25 €/Kilogramo"
Comida gatos Tandy carne 4 kg,,,"5,49 €",,"1,37 €/Kilogramo"
Comida gatos Tandy mousse buey 85 g,,,"0,47 €",,"5,53 €/Kilogramo"
Comida gatos Tandy mousse salmón con gamba 85 g,,,"0,47 €",,"5,53 €/Kilogramo"
Comida gatos Tandy paté buey 100 g,,,"0,55 €",,"5,50 €/Kilogramo"
Comida gatos Tandy paté pollo 100 g,,,"0,55 €",,"5,50 €/Kilogramo"
Comida gatos Tandy paté salmón 100 g,,,"0,55 €",,"5,50 €/Kilogramo"
Comida gatos Tandy pescado 1.5 kg,,,"2,18 €",,"1,45 €/Kilogramo"
Comida gatos Ulitma esterilizados buey 800 g,,,"5,45 €",,"6,81 €/Kilogramo"
Comida gatos Ultima bolas de pelo pavo 1.5 kg,,,"9,45 €",,"6,30 €/Kilogramo"
Comida gatos Ultima esterilizado Fit & Delicious selección carne 4x85 g,,,"3,45 €",,"19,17 €/Kilogramo"
Comida gatos Ultima esterilizado Fit & Delicious selección pescado 4x85 g,,,"3,45 €",,"19,17 €/Kilogramo"
Comida gatos Ultima esterilizado tracto urinario 1.5 kg,,,"9,95 €",,"6,63 €/Kilogramo"
Comida gatos Ultima esterilizados pollo 1.5 kg,,,"9,95 €",,"6,63 €/Kilogramo"
"Comida gatos Ultima esterilizados salmón y cebada 1,5 kg",,,"9,95 €",,"6,63 €/Kilogramo"
Comida gatos Ultima Esterilizados Senior 800 g,,,"5,45 €",,"6,81 €/Kilogramo"
"Comida gatos Ultima esterilizados y bolas de pelo 1,5 kg",,,"9,95 €",,"6,63 €/Kilogramo"
Comida gatos Ultima junior 400 g,,,"2,75 €",,"6,88 €/Kilogramo"
Comida gatos Ultima Nature esterilizado salmón 1.25 kg,,,"8,75 €","10,95 €","7,00 €/Kilogramo"
Comida gatos Ultima pollo 1.5 kg,,,"7,55 €","9,45 €","5,03 €/Kilogramo"
Comida gatos Ultima salmón 750 g,,,"4,95 €",,"6,60 €/Kilogramo"
Comida gatos Whiskas carne 4x100 g,,,"1,99 €",,"4,98 €/Kilogramo"
Comida gatos Whiskas Casserole aves 4x85 g,,,"2,49 €",,"7,32 €/Kilogramo"
Comida gatos Whiskas Casserole junior aves 4x85 g,,,"2,49 €",,"7,32 €/Kilogramo"
Comida gatos Whiskas pescado 4x100 g,,,"1,99 €",,"4,98 €/Kilogramo"
"Comida perro Friskies Gelatina buey, pollo y cordero 12x100 g",,,"5,99 €",,"4,99 €/Kilogramo"
Golosina Friskies gato diamant pollo 85g,,,"1,39 €",,"16,35 €/Kilogramo"
Golosina Gourmet gato diamant atún 85g,,,"1,39 €",,"16,35 €/Kilogramo"
Arena gatos Sepi Cat Ultra aglomerada 5 l,,,"4,25 €",,"0,85 €/Litro"
Arena gatos Tidy Cats dual Power 6.35 kg,,,"15,99 €",,"2,52 €/Kilogramo"
Arena para gatos Froiz Cat 5 kg,,,"1,40 €",,"0,28 €/Kilogramo"
Arena para gatos Sepi Cat antibacteriano 8 l,,,"2,39 €",,"0,30 €/Litro"
Bolsa higiénica Axis para gato 53x33 10u,,,"2,09 €",,"0,21 €/Unidad"
Collar gato Biozoo repelente anti-insectos,,,"3,95 €",,"3,95 €/Unidad"
Hierba gato Biazoo para bolas de pelo 100 g,,,"2,19 €",,"21,90 €/Kilogramo"
Malta gato Biozoo 100 ml,,,"4,29 €",,"42,90 €/Litro"
Pipeta gato Biozoo repelente anti-insectos 2 u 1 ml,,,"6,79 €",,"3,40 €/Unidad"
Snack Félix gato Party Mix carne 60 g,,,"1,69 €",,"28,17 €/Kilogramo"
Snack Félix gato Party Mix Pescado 60 g,,,"1,69 €",,"28,17 €/Kilogramo"
Snack gato Dental life salmón 40 g,,,"1,90 €",,"23,75 €/Kilogramo"
Snack gato Félix Crispies buey 45 g,,,"1,69 €",,"37,56 €/Kilogramo"
Snack gato Félix Crispies salmón 45 g,,,"1,69 €",,"37,56 €/Kilogramo"
Snack gato Félix Play Tubes pollo 50 g,,,"1,69 €",,"33,80 €/Kilogramo"
Snack gatos Catisfactions pollo 60 g,,,"1,69 €",,"28,17 €/Kilogramo"
Snack gatos Gourmet Nature's Creation puree pollo 5x10 g,,,"2,55 €",,"51,00 €/Kilogramo"
Snack gatos Gourmet Nature's Creation puree salmón 5x10 g,,,"2,55 €",,"51,00 €/Kilogramo"
Snack Gatos Party Mix Delicias leche 60 g,,,"1,69 €",,"28,17 €/Kilogramo"
Barritas canarios Biazoo fruta y cereales 60 g 2 u,,,"1,59 €",,"26,50 €/Kilogramo"
Barritas periquitos Biazoo fruta y cereales 60 g 2 u,,,"1,59 €",,"26,50 €/Kilogramo"
Barritas periquitos Biazoo miel y cereales 60 g 2 u,,,"1,59 €",,"26,50 €/Kilogramo"
Comida canarios Biazoo 400 g,,,"0,99 €",,"2,48 €/Kilogramo"
Comida cotorras Biazoo 1 kg,,,"3,29 €",,"3,29 €/Kilogramo"
Comida jilguero Biazoo 400 g,,,"1,69 €",,"4,23 €/Kilogramo"
Comida periquitos 400 g,,,"0,99 €",,"22,00 €/Kilogramo"
Barritas conejo enano Biazoo miel y semillas 112 g 2 u,,,"2,69 €",,"24,02 €/Kilogramo"
Comida conejos Biazoo enanos 1 kg,,,"1,69 €",,"1,69 €/Kilogramo"
Comida heno roedores Axis 1 kg,,,"4,59 €",,"4,59 €/Kilogramo"
Comida hamsters Biazoo 400 g,,,"1,59 €",,"3,98 €/Kilogramo"
Comida peces Biazoo agua fría 40 g,,,"2,19 €",,"54,75 €/Kilogramo"
Comida peces Biazoo agua tropical 40 g,,,"2,89 €",,"72,25 €/Kilogramo"
Bloque calcio Biazoo para tortugas 35 g,,,"1,09 €",,"31,14 €/Kilogramo"
Comida tortugas Biazoo gamarus 30 g,,,"2,79 €",,"93,00 €/Kilogramo"
Lecho roedores Axis copos madera 1 kg,,,"2,19 €",,"2,19 €/Kilogramo"
Pelota perro Biozoo dental grande 7 cm,,,"5,29 €",,"5,29 €/Unidad"
Arroz para perros Carroll 2 kg,,,"1,49 €",,"0,75 €/Kilogramo"
Comida perro Ultima Adult buey 3 kg,,,"10,75 €","12,95 €","3,58 €/Kilogramo"
Comida perros Beyond grain free pollo 400 g,,,"2,60 €",,"6,50 €/Kilogramo"
Comida perros Beyond salmón Purina 1.4 kg,,,"9,10 €",,"6,50 €/Kilogramo"
Comida perros Bon Menú mediterránea 4 kg,,,"8,45 €",,"2,11 €/Kilogramo"
Comida perros Bon Menú tradicional 10 kg,,,"20,50 €",,"2,05 €/Kilogramo"
Comida perros Bon Menú tradicional 4 kg,,,"8,45 €",,"2,11 €/Kilogramo"
Comida perros Brekkies delicious buey 3 kg,,,"8,95 €",,"2,98 €/Kilogramo"
"Comida perros Brekkies Dog Mini 1,5 kg",,,"5,25 €",,"3,50 €/Kilogramo"
Comida perros Brekkies pollo 15 kg,,,"35,95 €",,"2,40 €/Kilogramo"
Comida perros Canibaq paté 1.2 kg,,,"1,79 €",,"1,49 €/Kilogramo"
Comida perros Cesar receta campesina 4x150 g,,,"4,30 €",,"7,17 €/Kilogramo"
Comida perros Cesar tarrina buey 150 g,,,"1,15 €",,"7,67 €/Kilogramo"
Comida perros Cesar tarrina pollo 150 g,,,"1,15 €",,"7,67 €/Kilogramo"
Comida perros Friskies Active 15 kg,,,"31,15 €",,"2,08 €/Kilogramo"
Comida perros Friskies Active 3 kg,,,"7,69 €",,"2,56 €/Kilogramo"
Comida perros Friskies Adult Aves 15 kg,,,"20,99 €",,"1,40 €/Kilogramo"
Comida perros Friskies adult aves 3 kg,,,"7,45 €",,"2,48 €/Kilogramo"
Comida perros Friskies adult carne 3 kg,,,"7,45 €",,"2,48 €/Kilogramo"
Comida perros Friskies Junior 3 kg,,,"8,70 €",,"2,90 €/Kilogramo"
Comida perros Frolic mini completo kg,,,"5,39 €",,"5,39 €/Kilogramo"
Comida perros One Control peso pavo y arroz 1.5 kg,,,"6,99 €",,"4,66 €/Kilogramo"
Comida perros One Junior 800 g,,,"4,10 €",,"5,13 €/Kilogramo"
Comida perros One mini delicate salmón 1.5 kg,,,"6,99 €",,"4,66 €/Kilogramo"
Comida perros One Mini My Dog is Adult 1.5 kg,,,"6,20 €",,"4,13 €/Kilogramo"
Comida perros Pedigree buey y hígado 300 g,,,"1,87 €",,"6,23 €/Kilogramo"
Comida perros Pedigree cordero y pollo 300 g,,,"1,87 €",,"6,23 €/Kilogramo"
Comida perros Perrynat barra carnes de pollo y cerdo 1 kg,,,"2,10 €",,"2,10 €/Kilogramo"
Comida perros Perrynat barra hígado y buey 1 kg,,,"2,10 €",,"2,10 €/Kilogramo"
Comida perros Purina Dog Menú aves 10 kg,,,"16,99 €",,"1,70 €/Kilogramo"
Comida perros Tandy bocadito buey 720 g,,,"0,80 €",,"1,11 €/Kilogramo"
Comida perros Tandy buey 300 g,,,"0,80 €",,"2,67 €/Kilogramo"
Comida perros Tandy cachorros 4 kg,,,"5,99 €",,"1,50 €/Kilogramo"
Comida perros Tandy Gran Menú 10 kg,,,"10,99 €",,"1,10 €/Kilogramo"
Comida perros Tandy mantenim. 4 kg,,,"5,95 €",,"1,49 €/Kilogramo"
Comida perros Tandy mantenimiento 18 kg,,,"16,99 €",,"0,94 €/Kilogramo"
Comida perros Tandy pollo 300 g,,,"0,80 €",,"2,67 €/Kilogramo"
Comida perros Tandy razas pequeñas 2 kg,,,"2,99 €",,"1,50 €/Kilogramo"
Comida perros Ultima Adult pollo 3 kg,,,"10,75 €","12,95 €","3,58 €/Kilogramo"
"Comida perros Ultima adultos 7,5 kg",,,"31,95 €",,"4,26 €/Kilogramo"
Comida perros Ultima Bienestar Digestivo Mini salmón 1.5 kg,,,"8,95 €",,"5,97 €/Kilogramo"
Comida perros Ultima Junior pollo 3 kg,,,"14,50 €",,"4,83 €/Kilogramo"
Comida perros Ultima Light 3 kg,,,"14,50 €",,"4,83 €/Kilogramo"
"Comida perros Ultima mini adulto buey 1,5 kg",,,"6,95 €",,"4,63 €/Kilogramo"
"Comida perros Ultima mini Adulto Pollo 1,5 kg",,,"6,95 €",,"4,63 €/Kilogramo"
Comida perros Ultima mini junior pollo 1.5 kg,,,"7,55 €","8,95 €","5,03 €/Kilogramo"
Comida perros Ultima mini senior pollo 1.5 kg,,,"7,55 €","8,95 €","5,03 €/Kilogramo"
Comida perros Ultima Nature Adult cordero 3 kg,,,"13,95 €","17,95 €","4,65 €/Kilogramo"
"Comida perros Ultima Nature Mini Adult cordero 1,25 kg",,,"7,95 €","9,95 €","6,36 €/Kilogramo"
Comida perros Ultima Senior Age Vital pollo 3 kg,,,"14,50 €",,"4,83 €/Kilogramo"
Comida perros Ultima Yorkshire 1.5 kg,,,"8,95 €",,"5,97 €/Kilogramo"
Bolsa excremento perro Biazoo 45 unidades,,,"1,29 €",,"0,03 €/Unidad"
Bolsa residuos caninos biodegradable Biazoo 3x15 u,,,"3,25 €",,"0,07 €/Unidad"
Bolsa residuos caninos Mascoty 3x12 u,,,"1,09 €",,"0,03 €/Unidad"
"Cepillo Biozoo grande flexible 19,6x11,5x3,7 cm",,,"5,29 €",,"5,29 €/Unidad"
Champú + acondicionador Biozoo perros 2 en 1 250 ml,,,"2,59 €",,"10,36 €/Litro"
Champú Biozoo cachorros 250 ml,,,"2,69 €",,"10,76 €/Litro"
Champú perro Biozoo piel delicada 250 ml,,,"3,29 €",,"13,16 €/Litro"
Collar perro Biozoo repelente anti-insectos,,,"4,29 €",,"4,29 €/Unidad"
Colonia desodorante Biozoo perro 200 ml,,,"2,79 €",,"1,40 €/100 ml."
Dispensador Biozoo residuos caninos + 15 bolsas,,,"2,29 €",,"2,29 €/Unidad"
"Pipeta perro Biozoo repelente anti-insectos 2 u 2,8 ml",,,"7,29 €",,"3,65 €/Unidad"
Barritas Friskies picnic surtido 15 u 126 g,,,"2,20 €",,"0,15 €/Unidad"
Golosina Friskies perro Bon Bacon 120g,,,"2,20 €",,"18,33 €/Kilogramo"
Hueso perro Biazoo de jamón envasado al vacío,,,"1,99 €",,"1,99 €/Unidad"
Hueso perro Biazoo prensado de cuero 17 cm u,,,"1,89 €",,"0,95 €/Unidad"
Hueso perro Biazoo prensado de cuero 7.5 cm 4 u,,,"2,79 €",,"0,70 €/Unidad"
Snack Friskies B-Steaks 150 g,,,"2,20 €",,"14,67 €/Kilogramo"
Snack Friskies Dog Funtastix 175 g,,,"2,20 €",,"12,57 €/Kilogramo"
Snack perro Adventuros carnes 300 g,,,"4,30 €",,"14,33 €/Kilogramo"
Snack perro Biazoo pollo con biotina 200 g,,,"1,99 €",,"9,95 €/Kilogramo"
Snack perro Biozoo huesos calcio blanco con pollo 100 g,,,"2,39 €",,"23,90 €/Kilogramo"
Snack perro Biozoo tiras finas suaves de pato naturales 100 g,,,"2,39 €",,"23,90 €/Kilogramo"
Snack perro DentaLife grande 142 g,,,"2,15 €",,"15,14 €/Kilogramo"
Snack perro DentaLife medium 115 g,,,"2,19 €",,"19,04 €/Kilogramo"
Snack perro DentaLife mini 115 g,,,"2,19 €",,"19,04 €/Kilogramo"
Snack perro Friskies Stars buey con queso 320 g,,,"3,10 €",,"9,69 €/Kilogramo"
Snack perros Adventuros búfalo 120 g,,,"1,85 €",,"15,42 €/Kilogramo"
Snack perros Adventuros mini sticks 90 g,,,"1,85 €",,"20,56 €/Kilogramo"
Snack perros Adventuros nuggets 90 g,,,"1,85 €",,"20,56 €/Kilogramo"
Snack perros Delibakie Rolls 320 g,,,"3,10 €",,"9,69 €/Kilogramo"
Snack perros Frolic higiene oral 175 g,,,"1,99 €",,"11,37 €/Kilogramo"
Snack perros Pedigree Biscrok 500 g,,,"2,45 €",,"4,90 €/Kilogramo"
Snack perros Pedigree Dentastix 180 g,,,"2,99 €",,"16,61 €/Kilogramo"
Snack perros Pedigree Dentastix mini 110g,,,"2,19 €",,"19,91 €/Kilogramo"
Snack perros Pedigree Rodeo 70 g,,,"1,29 €",,"18,43 €/Kilogramo"
Snack perros Ultima Interdental Toy Semanal 70 g,,,"1,95 €",,"27,86 €/Kilogramo"
Almendrados Dulcesol 325 g,,,"2,59 €",,"7,97 €/Kilogramo"
Base de tarta Mildred 400 g,,,"2,75 €",,"6,88 €/Kilogramo"
Berlina Goosys Froiz chocolate 180 g,,,"1,00 €",,"5,56 €/Kilogramo"
Bizcochito Cuétara Tosta Rica 125 g 5 u,,,"2,55 €",,"20,40 €/Kilogramo"
Bizcocho Oceanix Tosta Rica 5 u 144 g,,,"2,55 €",,"17,71 €/Kilogramo"
Bizcocho soletilla La Moderna 230 g,,,"1,29 €",,"5,61 €/Kilogramo"
Bocaditos al cacao Froiz 12 u 330 g,,,"1,29 €",,"3,91 €/Kilogramo"
Bocaditos Dulcesol 18 u 370 g,,,"2,25 €",,"6,08 €/Kilogramo"
Bocaditos Dulcesol choco 12 u 330 g,,,"2,50 €",,"7,58 €/Kilogramo"
Bollitos Brioche Pasquier 8 u 320 g,,,"2,39 €",,"7,47 €/Kilogramo"
Bollycao cacao pack 3 bolsa 180 g,,,"2,39 €",,"13,28 €/Kilogramo"
Bracitos Dulcesol azúcar 4 u 120 g,,,"1,00 €",,"1,00 €/Unidad"
Brazo Dulcesol de cacao 135 g,,,"1,00 €",,"7,41 €/Kilogramo"
Brazo Dulcesol de fresa 135 g,,,"1,00 €",,"7,41 €/Kilogramo"
Brio Choco Froiz 6 u 240 g,,,"1,40 €",,"5,83 €/Kilogramo"
Brioche estilo tradicional Rustik 6 u 216 g,,,"2,69 €",,"12,45 €/Kilogramo"
Búlgaros cacao Dulcesol 5 u 175 g,,,"1,48 €",,"0,30 €/Unidad"
Caña Qé! crema 107 g,,,"1,20 €",,"11,21 €/Kilogramo"
Cañas Dulcesol cacao rellenas con crema 4 u 380 g,,,"2,60 €",,"6,84 €/Kilogramo"
Chapelas Dulcesol cacao 3 u 135 g,,,"0,90 €",,"6,67 €/Kilogramo"
Chapelas Dulcesol zebra 3 u 135 g,,,"1,00 €",,"7,41 €/Kilogramo"
Croissant Bella Easo 0% azúcares 8 u 240 g,,,"2,50 €",,"10,42 €/Kilogramo"
Croissant Froiz 350 g,,,"1,47 €",,"4,20 €/Kilogramo"
Croissant Froiz relleno de cacao 8 u 360 g,,,"1,78 €",,"4,94 €/Kilogramo"
Croissant integral 0% Dulcesol 270 g,,,"2,25 €",,"8,33 €/Kilogramo"
Donette chocolate 8+1 u,,,"2,50 €",,"0,31 €/Unidad"
Donette rayado 8+1 u,,,"2,50 €",,"0,31 €/Unidad"
Donettes Kawaii 8 u 160 g,,,"2,19 €",,"0,27 €/Unidad"
Donuts bombón 2 u 110 g,,,"1,69 €",,"0,85 €/Unidad"
Donuts bombón 4 u 220 g,,,"2,50 €",,"11,36 €/Kilogramo"
Donuts Fondánt 4 u 228 g,,,"2,50 €",,"0,63 €/Unidad"
Donuts Glacé 2 u 104 g,,,"1,59 €",,"0,80 €/Unidad"
Donuts Glacé 4 u 208 g,,,"2,50 €",,"12,02 €/Kilogramo"
Donuts Glacé pack XXL 8 u 416 g,,,"3,85 €","4,19 €","9,25 €/Kilogramo"
Donuts Glace weekend 6 u 312 g,,,"3,79 €",,"12,15 €/Kilogramo"
Donuts relleno chocolate 2 u 132 g,,,"2,25 €",,"17,05 €/Kilogramo"
Ensaimadas Froiz 6 u 220 g,,,"0,99 €",,"4,50 €/Kilogramo"
Gofre Alteza con crema de chocolate 2x140 g,,,"1,45 €",,"5,18 €/Kilogramo"
Gofre Qé! 100 g,,,"1,20 €",,"12,00 €/Kilogramo"
Hojaldres Alonso 700 g,,,"3,25 €",,"4,64 €/Kilogramo"
Hojaldres Alonso con cacao 500 g,,,"3,25 €",,"6,50 €/Kilogramo"
Magdalenas Bella Easo 0% azúcares 8 u 232 g,,,"2,50 €",,"10,78 €/Kilogramo"
Magdalenas Froiz estilo tradicional 6 u 300 g,,,"1,60 €",,"5,33 €/Kilogramo"
Magdalenas Froiz redondas 550 g,,,"1,95 €",,"3,55 €/Kilogramo"
Magdalenas La Bella Easo con crema de cacao 9 u 360 g,,,"2,69 €",,"7,47 €/Kilogramo"
Magdalenas La Bella Easo con yogur 9 u 270 g,,,"2,29 €",,"8,48 €/Kilogramo"
Magdalenas La Bella Easo redondas 18 u 522 g,,,"2,35 €","2,69 €","4,50 €/Kilogramo"
Magdalenas Santiveri Noglut bolsa 170 g,,,"2,85 €",,"16,76 €/Kilogramo"
Magdalenas Valencianas Froiz 12 u 350 g,,,"1,29 €",,"3,69 €/Kilogramo"
Milhoja Dulcesol cacao rellena con crema 3 u 150 g,,,"1,00 €",,"6,67 €/Kilogramo"
Mini Bollycao 90 g,,,"1,50 €",,"16,67 €/Kilogramo"
Mini magdalenas The Rustik Bakery estilo tradicional con yogur 190 g,,,"2,69 €",,"14,16 €/Kilogramo"
Mini Phoskitos 8 u,,,"3,25 €",,"0,41 €/Unidad"
Muffins Dulcesol con pepitas de chocolate 4 u 300 g,,,"2,65 €",,"8,83 €/Kilogramo"
Napolitanas Froiz rellenas de crema 320 g,,,"1,59 €",,"4,97 €/Kilogramo"
Napolitanas Froiz rellenas de crema de cacao 8 u 320 g,,,"1,59 €",,"4,97 €/Kilogramo"
Palitos Bollycao Dip Dip con chocolate 52 g,,,"1,79 €",,"34,42 €/Kilogramo"
Palmera Qé! cacao 103 g,,,"1,20 €",,"11,65 €/Kilogramo"
Palmeritas Froiz 24 u 270 g,,,"1,50 €",,"5,56 €/Kilogramo"
Pan de leche Brioche Pasquier 8 unidades 280 g,,,"1,99 €","2,39 €","7,11 €/Kilogramo"
Pan de leche Froiz 12 u 480 g,,,"1,90 €",,"3,96 €/Kilogramo"
Pan de leche La Bella Easo 10 u 350 g,,,"2,69 €",,"7,69 €/Kilogramo"
Pandorino Dulcesol relleno cacao 3 u 135 g,,,"0,95 €",,"7,04 €/Kilogramo"
Pastel Mildred chocolate 400 g,,,"2,49 €",,"6,23 €/Kilogramo"
Pastel Mildred kiwi 400 g,,,"2,49 €",,"6,23 €/Kilogramo"
Pastel Mildred mantequilla 400 g,,,"2,49 €",,"6,23 €/Kilogramo"
Pastel Mildred mármol 400 g,,,"2,49 €",,"6,23 €/Kilogramo"
Pastelito Bimbo Bony 3 u 165 g,,,"1,99 €",,"12,06 €/Kilogramo"
Pastelito Pantera Rosa 3 u 165 g,,,"1,99 €",,"12,06 €/Kilogramo"
Pastelito Tigretón 3 u 150 g,,,"1,99 €",,"13,27 €/Kilogramo"
Pastelitos Pinguinos 3 u 90 g,,,"1,99 €",,"22,11 €/Kilogramo"
Pepito azúcar Don 2 u 226 g,,,"2,69 €","2,99 €","11,90 €/Kilogramo"
Pepito fondant Don 2 u 280 g,,,"2,69 €","2,99 €","9,61 €/Kilogramo"
Petit croissant Dulcesol baño cacao 8 u 120 g,,,"1,00 €",,"8,33 €/Kilogramo"
Petit croissant Froiz baño cacao 150 g,,,"1,05 €",,"7,00 €/Kilogramo"
Phoskitos 4 u 160 g,,,"3,25 €",,"20,31 €/Kilogramo"
Rosegones Dulcesol 250 g,,,"2,50 €",,"10,00 €/Kilogramo"
Sobaos Bella Easo 27 u 490 g,,,"3,69 €",,"7,53 €/Kilogramo"
Sobaos Froiz 400 g 20 u,,,"1,50 €",,"3,75 €/Kilogramo"
Tarta almendra Ancano 570 g,,,"5,25 €",,"9,21 €/Kilogramo"
Tarta de manzana Dulcesol 2 u 135 g,,,"1,00 €",,"7,41 €/Kilogramo"
Tortas anis Dulcesol 12 u 400 g,,,"2,50 €",,"6,25 €/Kilogramo"
Tortas de aceite de oliva virgen extra Dulcesol 6 u 180 g,,,"2,10 €",,"11,67 €/Kilogramo"
Tortitas Pasquier 8 u 280 g,,,"2,59 €",,"9,25 €/Kilogramo"
Weikis La Bella Easo choco/leche 240 g,,,"2,25 €","2,50 €","9,38 €/Kilogramo"
Xuxo Glace Don 3 u 282 g,,,"3,20 €","3,55 €","11,35 €/Kilogramo"
Empanada atún kg (PC),,,"7,10 €/Kg",,"3,55 €/Unidad"
Empanada atún kg (PT),,,"7,10 €/Kg",,"4,05 €/Unidad"
Empanada bacalao con pasas kg (PC),,,"7,10 €/Kg",,"3,55 €/Unidad"
Empanada bacalao con pasas kg (PT),,,"7,10 €/Kg",,"4,05 €/Unidad"
Empanada carne kg (PC),,,"7,10 €/Kg",,"4,05 €/Unidad"
Empanada carne kg (PT),,,"7,10 €/Kg",,"4,05 €/Unidad"
Empanada hojaldre jamón y queso 600 g (PC),,,"6,95 €",,"11,58 €/Kilogramo"
Empanada integral Gourmet atún 315g (PC),,,"3,40 €",,"10,79 €/Kilogramo"
Empanada integral Gourmet pollo con champiñones 315 g,,,"3,40 €",,"10,79 €/Kilogramo"
Empanada marinera kg (PT),,,"7,10 €/Kg",,"4,05 €/Unidad"
Empanada pollo con champiñones kg (PC),,,"7,10 €/Kg",,"3,55 €/Unidad"
Empanada pollo con champiñones kg (PT),,,"7,10 €/Kg",,"4,05 €/Unidad"
Empanada vegana kg (PT),,,"7,15 €",,"7,15 €/Kilogramo"
Empanada zamburiñas con gambas kg (PC),,,"11,99 €/Kg",,"6,00 €/Unidad"
Empanadilla atún Media Luna u 85 g (PT),,,"0,78 €","0,85 €","9,18 €/Kilogramo"
Empanadilla bocata atún u 150 g (PT),,,"1,35 €",,"9,00 €/Kilogramo"
Empanadilla bocata de pollo unidad 150 g (PT),,,"1,35 €",,"9,00 €/Kilogramo"
Empanadilla carne Media Luna u 85 g (PT),,,"0,78 €","0,85 €","9,18 €/Kilogramo"
Empanadilla hojaldre atún u 150 g (PC),,,"1,39 €",,"9,27 €/Kilogramo"
Empanadilla hojaldre integral atún 90 g,,,"0,90 €",,"10,00 €/Kilogramo"
Empanadilla hojaldre jamón queso u 150 g (PC),,,"1,39 €",,"9,27 €/Kilogramo"
Empanadilla hojaldre pollo u 150 g (PC),,,"1,39 €",,"9,27 €/Kilogramo"
Baguette Schär sin gluten 175 g,,,"1,64 €",,"9,37 €/Kilogramo"
Bimbo Bagels Brioche 4 unidades 300 g,,,"2,29 €",,"7,63 €/Kilogramo"
Bimbo Bagels clásico 4 u 300 g,,,"2,29 €",,"7,63 €/Kilogramo"
Bimbo Bagels semillas 4u 300 g,,,"2,29 €",,"7,63 €/Kilogramo"
Pan centeno Gerblé integral con semillas de girasol Bio 500 g,,,"2,95 €",,"5,90 €/Kilogramo"
Pan molde Bimbo Artesano 550 g,,,"2,69 €",,"4,89 €/Kilogramo"
Pan molde Bimbo Artesano Brioche 550 g,,,"2,69 €",,"4,89 €/Kilogramo"
Pan molde Bimbo Artesano integral al toque de miel 550 g,,,"2,69 €",,"4,89 €/Kilogramo"
Pan molde Bimbo blanco sin gluten 300 g,,,"3,25 €",,"10,83 €/Kilogramo"
Pan molde Bimbo corteza tierna blanco 500 g,,,"2,29 €",,"4,58 €/Kilogramo"
Pan molde Bimbo Cruapán clásico 380 g,,,"2,69 €",,"7,08 €/Kilogramo"
Pan molde Bimbo especial tostada 750g,,,"2,10 €",,"2,80 €/Kilogramo"
Pan molde Bimbo grande 375 g,,,"1,35 €",,"3,60 €/Kilogramo"
Pan molde Bimbo integral natural 100% 450 g,,,"2,29 €","2,45 €","5,09 €/Kilogramo"
Pan molde Bimbo natural 100% 460 g,,,"2,29 €",,"4,98 €/Kilogramo"
Pan molde Bimbo natural 100% sin corteza 450 g,,,"2,45 €","2,69 €","5,44 €/Kilogramo"
Pan molde Bimbo sándwich familiar 700 g,,,"2,10 €",,"3,00 €/Kilogramo"
Pan molde Bimbo sin corteza 450 g,,,"2,29 €",,"5,09 €/Kilogramo"
Pan molde Froiz 16 rebanadas 460 g,,,"0,85 €",,"1,85 €/Kilogramo"
Pan molde Froiz 18% centeno 18 rebanadas 800 g,,,"1,54 €",,"1,93 €/Kilogramo"
Pan molde Froiz cereales (15%) y semillas (2%) 675 g,,,"1,79 €",,"2,65 €/Kilogramo"
Pan molde Froiz familiar 26 rebanadas 820 g,,,"1,25 €",,"1,52 €/Kilogramo"
Pan Molde Froiz integral 16 rebanadas 460 g,,,"0,95 €",,"2,07 €/Kilogramo"
Pan molde Froiz integral sin azúcar añadido 16 rebanadas 460 g,,,"1,25 €",,"2,72 €/Kilogramo"
Pan molde Froiz integral sin corteza 16 rebanadas 450 g,,,"1,35 €",,"3,00 €/Kilogramo"
Pan molde Froiz sin corteza 16 rebanadas 450 g,,,"1,25 €",,"2,78 €/Kilogramo"
Pan molde Oroweat 12 cereales y semillas 590 g,,,"2,89 €",,"2,89 €/Unidad"
"Pan molde Oroweat con pipas de calabaza, girasol y amapola 590 g",,,"2,89 €",,"2,89 €/Unidad"
Pan molde Oroweat semilla sésamo y lino 590 g,,,"2,89 €",,"2,89 €/Unidad"
Pan molde Panrico 100% centeno 400 g,,,"2,79 €",,"6,98 €/Kilogramo"
Pan molde Panrico 100% espelta integral 385 g,,,"2,60 €",,"6,75 €/Kilogramo"
Pan molde Panrico 100% integral 385 g,,,"2,60 €",,"6,75 €/Kilogramo"
Pan molde Panrico familiar 750 g,,,"2,40 €",,"3,20 €/Kilogramo"
Pan molde Schär cereales sin gluten 300 g,,,"2,87 €",,"9,57 €/Kilogramo"
Pan molde Schär clásico sin gluten 300 g,,,"2,67 €",,"8,90 €/Kilogramo"
Pan molde Silueta 8 cereales familiar 650 g,,,"2,39 €",,"3,68 €/Kilogramo"
Pan molde Silueta 8 cereales sin corteza 450g,,,"2,39 €",,"5,31 €/Kilogramo"
Pan molde Silueta integral sin corteza 450g,,,"2,39 €",,"5,31 €/Kilogramo"
Pan payés Alteza rebanadas tostadas 490 g,,,"1,45 €",,"2,96 €/Kilogramo"
Pan Rustik Bakery masa madre barra tradicional 400 g,,,"2,19 €",,"5,48 €/Kilogramo"
Pan Sándwich fino Froiz cereales y semillas 8 u 310 g,,,"1,30 €",,"4,19 €/Kilogramo"
Pan Sandwichs Thins 8 cereales Silueta 310g,,,"1,99 €",,"6,42 €/Kilogramo"
Pan The Rustik Bakery masa madre 450g,,,"2,59 €",,"5,76 €/Kilogramo"
Pan The Rustik Bakery masa madre y cereales 450g,,,"2,59 €",,"5,76 €/Kilogramo"
Pan burger Gerblé sin gluten 4 unidades 300 g,,,"3,35 €",,"11,17 €/Kilogramo"
Pan burger Maxi Bimbo Rústica 4 unidades 320 g,,,"2,19 €","2,50 €","6,84 €/Kilogramo"
Pan burguer Bimbo con sésamo 4 u 220 g,,,"1,59 €",,"7,23 €/Kilogramo"
Pan burguer brioche Dulcesol 4 u 340 g,,,"1,70 €",,"5,00 €/Kilogramo"
Pan Burguer Froiz 4 u 300 g,,,"0,90 €",,"3,00 €/Kilogramo"
Pan burguer Maxi Bimbo 4 u 300 g,,,"1,99 €",,"6,63 €/Kilogramo"
Pan burguer Maxi Bimbo queso 4 u 300 g,,,"2,19 €","2,50 €","7,30 €/Kilogramo"
Pan Hot Dog Bimbo 6 u 330 g,,,"1,59 €",,"4,82 €/Kilogramo"
Pan Hot Dog Froiz 6 u 330 g,,,"0,90 €",,"2,73 €/Kilogramo"
Pan Mini burguer Dulcesol 8 u 190 g,,,"1,10 €",,"5,79 €/Kilogramo"
Pan rallado Froiz 500 g,,,"0,55 €",,"1,10 €/Kilogramo"
Pan rallado Froiz ajo y perejil 250 g,,,"0,49 €",,"1,96 €/Kilogramo"
Pan rallado Gallo 500 g,,,"1,34 €",,"2,68 €/Kilogramo"
Pan Rallado Gallo crujiente 500 g,,,"1,40 €",,"2,80 €/Kilogramo"
Pan Rallado Gallo sin gluten 200 g,,,"1,99 €",,"9,95 €/Kilogramo"
Pan rallado natural Ipasa 1 kg,,,"1,17 €",,"1,17 €/Kilogramo"
Pan rallado natural Ipasa 400 g,,,"0,53 €",,"1,33 €/Kilogramo"
Barritas pan Alteza con pipas 2x83 g,,,"1,35 €",,"8,13 €/Kilogramo"
Chapata pan tostado Recondo 180 g,,,"2,25 €",,"12,50 €/Kilogramo"
Colines Alteza bolsa 250 g,,,"0,60 €",,"2,40 €/Kilogramo"
Colines Alteza integrales bolsa 250 g,,,"0,60 €",,"2,40 €/Kilogramo"
Florette Picatostes Ajo y Finas Hierbas 70 g,,,"1,15 €",,"16,43 €/Kilogramo"
Florette Picatostes César 70g,,,"1,15 €",,"16,43 €/Kilogramo"
Florette Picatostes Naturales 65 g,,,"1,15 €",,"17,69 €/Kilogramo"
Galletas cracker Daveiga marineras 200 g,,,"2,09 €",,"10,45 €/Kilogramo"
Galletas LU Tuc original 100 g,,,"1,05 €",,"10,50 €/Kilogramo"
Grissini palitos pan tradicional Orazio 2x60 g,,,"0,89 €",,"7,42 €/Kilogramo"
Hogaza pan tostado Recondo 9 cereales 240 g,,,"1,85 €","2,05 €","7,71 €/Kilogramo"
Hogaza pan tostado Recondo integral Bio 240 g,,,"2,59 €","2,89 €","10,79 €/Kilogramo"
Hogaza pan tostado Recondo Rústica 240g,,,"1,85 €","2,05 €","7,71 €/Kilogramo"
Mini biscottes Froiz normales 120 g,,,"0,65 €",,"5,42 €/Kilogramo"
Mini biscottes Recondo 120 g,,,"1,29 €",,"10,75 €/Kilogramo"
Mini Tostas Ortiz con Arándanos 90 g,,,"1,99 €",,"22,11 €/Kilogramo"
Mini Tostas Ortiz rectangulares 100 g,,,"1,89 €",,"18,90 €/Kilogramo"
Mini Tostas Ortiz redondas 100 g,,,"1,89 €",,"18,90 €/Kilogramo"
Palitos Bimbo al aceite de oliva 60 g,,,"1,25 €",,"20,83 €/Kilogramo"
Palitos Bimbo integrales Silueta 60g,,,"1,25 €",,"20,83 €/Kilogramo"
Pan Crackers Prima integral 500 g,,,"3,29 €","3,59 €","6,58 €/Kilogramo"
Pan Crackers Prima tradicionales 500 g,,,"3,29 €","3,59 €","6,58 €/Kilogramo"
Pan integral dextrín Santiveri 300 g,,,"2,99 €",,"9,97 €/Kilogramo"
Pan integral Santiveri dextrín con semillas de lino 300 g,,,"2,99 €",,"9,97 €/Kilogramo"
Pan tostado Froiz integral 30 rebanadas 270 g,,,"0,86 €",,"3,19 €/Kilogramo"
Pan tostado Froiz Integral sin sal y sin azúcar añadido 80 rebanadas 720 g,,,"2,35 €",,"3,26 €/Kilogramo"
Pan tostado Froiz sin sal y sin azúcar añadidos 30 rebanadas 270 g,,,"0,99 €",,"3,67 €/Kilogramo"
Pan tostado Froiz tradicional 30 rebanadas 270 g,,,"0,81 €",,"3,00 €/Kilogramo"
Pan tostado Froiz tradicional 80 rebanadas 720 g,,,"2,16 €",,"3,00 €/Kilogramo"
Pan tostado Ortiz integral 30 rebanadas 270 g,,,"2,15 €","2,39 €","7,96 €/Kilogramo"
Pan tostado Ortiz multicereal 30 rebanadas 288 g,,,"2,15 €","2,39 €","7,47 €/Kilogramo"
Pan tostado Recondo 30 rebanadas integral con lino y sesamo 270 g,,,"2,35 €",,"8,70 €/Kilogramo"
Pan tostado Recondo 30 rebanadas integral sin sal y sin azúcar 270 g,,,"2,35 €",,"8,70 €/Kilogramo"
Pan tostado Recondo 30 rebanadas tradicional 270 g,,,"2,29 €",,"8,48 €/Kilogramo"
Pan tostado Recondo 75 rebanadas integral sin sal y sin azúcar 675 g,,,"3,94 €",,"5,84 €/Kilogramo"
Pan tostado Recondo 75 rebanadas tradicional 675 g,,,"3,89 €",,"5,76 €/Kilogramo"
Pan tostado Santiveri Espelta Bio 300 g,,,"3,95 €",,"13,17 €/Kilogramo"
Pan tostado Schär biscotes sin gluten 250 g,,,"4,28 €",,"17,12 €/Kilogramo"
Panecillos Dulcesol de ajo 160 g,,,"1,29 €",,"8,06 €/Kilogramo"
Panecillos Dulcesol integrales 400 g,,,"2,50 €",,"6,25 €/Kilogramo"
Panecillos Dulcesol tomate 160 g,,,"1,29 €",,"8,06 €/Kilogramo"
Panecillos Dulcesol tradicional 400 g,,,"2,50 €",,"6,25 €/Kilogramo"
Panecillos Ortiz integrales 225 g,,,"1,99 €",,"8,84 €/Kilogramo"
Panecillos tostados Froiz clásicos 400 g,,,"1,27 €",,"3,18 €/Kilogramo"
Panecillos tostados Froiz integrales 400 g,,,"1,33 €",,"3,33 €/Kilogramo"
Picatostes fritos Alteza naturales 75 g,,,"0,64 €",,"8,53 €/Kilogramo"
Picatostes Recondo ajo 80 g,,,"1,25 €",,"15,63 €/Kilogramo"
Picatostes Recondo natural 80 g,,,"1,25 €",,"15,63 €/Kilogramo"
Picos camperos Alteza bolsa 250 g,,,"0,80 €",,"3,20 €/Kilogramo"
Picos rústicos Deleitum bolsa 130 g,,,"0,99 €",,"7,62 €/Kilogramo"
Regañás pan Alteza bolsa 250 g,,,"0,90 €",,"3,60 €/Kilogramo"
Tostadas Santiveri avena Bio 100 g,,,"2,25 €",,"22,50 €/Kilogramo"
Tostadas Santiveri Lentejas Bio 100 g,,,"2,15 €",,"21,50 €/Kilogramo"
Tostadas Santiveri Noglut ligeras 100 g,,,"2,35 €",,"23,50 €/Kilogramo"
Tostadas Santiveri Sarraceno Bio 100 g,,,"2,40 €",,"24,00 €/Kilogramo"
Barra 100% integral trigo 250 g (PC),,,"0,79 €","0,92 €","3,16 €/Kilogramo"
Barra Lareira 250 g (PC),,,"0,95 €",,"3,80 €/Kilogramo"
Pan 9 cereales y semillas 170 g (P),,,"0,99 €",,"0,99 €/Unidad"
Pan barra cereales 205 g (P),,,"0,75 €",,"3,66 €/Kilogramo"
Pan Barra sin sal 120 g (E),,,"0,55 €",,"4,58 €/Kilogramo"
Pan bocadillo Rústico 100% integral trigo 100 g (P),,,"0,35 €","0,40 €","3,50 €/Kilogramo"
Pan burger Cristalina 4 u 220 g (E),,,"1,99 €","2,15 €","9,05 €/Kilogramo"
Pan Chapata Cristalino cerveza 2 u 186 g,,,"1,55 €",,"8,33 €/Kilogramo"
Pan Cristalino 100% integral realfooding 4 u 210 g,,,"2,10 €",,"10,00 €/Kilogramo"
Pan de Ajo 21 g (E),,,"0,26 €",,"12,38 €/Kilogramo"
Pan de espelta y miel 238 g (E),,,"1,95 €",,"8,19 €/Kilogramo"
Pan Mollete hamburguesa (E) 80 g,,,"0,55 €",,"6,88 €/Kilogramo"
Pan Pasas-Nueces (E) 37g,,,"0,35 €",,"9,46 €/Kilogramo"
Pan Viena 60 g (E),,,"0,44 €",,"7,33 €/Kilogramo"
Pan baguette 230 g (E),,,"0,40 €",,"1,82 €/Kilogramo"
Pan baguette 230 g (P),,,"0,40 €",,"1,82 €/Kilogramo"
Pan barra 250 g (P),,,"0,45 €",,"1,80 €/Kilogramo"
Pan media baguette (E) 100 g,,,"0,33 €",,"3,30 €/Kilogramo"
Pan media baguette 100 g (P),,,"0,33 €",,"3,30 €/Kilogramo"
Barra Espiga tradición 250 g (P),,,"0,55 €","0,59 €","2,20 €/Kilogramo"
Barra Espiga tradición familiar 320 g (P),,,"0,89 €",,"2,78 €/Kilogramo"
Hogaza con trigo sarraceno 3% 480 g (P),,,"1,95 €",,"4,06 €/Kilogramo"
Pan barra forno galego 250 g (E),,,"0,60 €",,"2,40 €/Kilogramo"
Pan barra Meiga mediterránea 250 g (P),,,"0,60 €",,"2,40 €/Kilogramo"
Pan barra Picos Candeal 240 g (P),,,"0,79 €",,"3,36 €/Kilogramo"
Pan chapata 360 g (E),,,"1,15 €",,"3,19 €/Kilogramo"
Pan Chapata Bocata 130 g (P),,,"0,52 €",,"4,00 €/Kilogramo"
Pan Hogaza Clásica Gran Reserva 425 g,,,"1,49 €","1,69 €","3,51 €/Kilogramo"
Pan Rosca 400 g (E),,,"1,35 €",,"3,38 €/Kilogramo"
Pan Torta Castilla 400 g (P),,,"1,45 €",,"3,63 €/Kilogramo"
Panecillo Gran Reserva 63 g (E),,,"0,20 €",,"3,17 €/Kilogramo"
Berlina chocolate 81 g,,,"0,99 €",,"0,99 €/Unidad"
Berlina crema 81 g,,,"0,99 €",,"12,22 €/Kilogramo"
Dots chocolate 4 u 240 g (E),,,"1,35 €","1,45 €","5,63 €/Kilogramo"
Dots original Sugar 4 u 208 g (E),,,"1,35 €","1,45 €","6,49 €/Kilogramo"
Pepito de crema 90 g (E),,,"0,85 €",,"9,44 €/Kilogramo"
Croissant clásico 80 g (P),,,"0,62 €",,"7,75 €/Kilogramo"
Croissant mantequilla 50 g (E),,,"0,45 €",,"9,00 €/Kilogramo"
Croissant peq. 100% mantequilla kg (P),,,"5,99 €","6,65 €","5,99 €/Kilogramo"
Croissant pequeño 100% mantequilla kg(E),,,"6,65 €",,"6,65 €/Kilogramo"
Croissant Recto 37 g (E),,,"0,29 €",,"7,84 €/Kilogramo"
Mini Delicias Atún kg (E),,,"8,50 €",,"8,50 €/Kilogramo"
Mini Delicias jamón y queso kg (E),,,"8,25 €",,"8,25 €/Kilogramo"
Mini Napolitana Choco kg (P),,,"5,99 €",,"5,99 €/Kilogramo"
Mini Napolitana Crema kg (P),,,"5,99 €",,"5,99 €/Kilogramo"
Napolitana Choco 96 g (P),,,"0,79 €",,"8,23 €/Kilogramo"
Napolitana choco decorada 97 g (E),,,"0,79 €",,"8,14 €/Kilogramo"
Napolitana Crema 96 g (P),,,"0,79 €",,"8,23 €/Kilogramo"
Napolitana Crema decorada 97 g (E),,,"0,79 €",,"8,14 €/Kilogramo"
Bica gallega Campelos do Coto 400 g,,,"5,75 €",,"14,38 €/Kilogramo"
Brownie chocolate kg (P),,,"13,95 €",,"13,95 €/Kilogramo"
Herradura chocolate 135 g (P),,,"0,79 €",,"5,85 €/Kilogramo"
Herradura crema 135 g (P),,,"0,79 €",,"5,85 €/Kilogramo"
Muffin doble choco 74 g (E),,,"1,00 €",,"13,51 €/Kilogramo"
Pastel de Manzana 135 g (P),,,"0,99 €",,"7,33 €/Kilogramo"
Pastel nata (Dama Crema) 55 g u (E),,,"0,39 €",,"7,09 €/Kilogramo"
Trenza crema con manzana 100 g (E),,,"0,85 €",,"8,50 €/Kilogramo"
Roscón Dulcesol relleno 900 g,,,"8,95 €",,"9,94 €/Kilogramo"
Roscón Dulcesol relleno doble sabor 900 g,,,"9,90 €",,"11,00 €/Kilogramo"
Bocapizza jamón-queso 110 g (P),,,"1,69 €",,"15,36 €/Kilogramo"
Bollo preñado con chorizo 103 g (E),,,"1,00 €","1,10 €","9,71 €/Kilogramo"
Cuñas de empanada espinacas con queso 130 g,,,"1,12 €","1,20 €","8,62 €/Kilogramo"
Envoltini Napoli 120 g (E),,,"0,89 €",,"7,42 €/Kilogramo"
Maxi Rejita Mediterránea 88 g (P),,,"0,79 €",,"8,98 €/Kilogramo"
Napolitana Jamón/Queso 120 g (P),,,"0,89 €",,"7,42 €/Kilogramo"
Alas de pollo bandeja peso aproximado 600 g,,,"4,99 €/Kg",,"2,99 €/Bandeja"
Alas de pollo corral bandeja peso aproximado 750 g,,,"6,95 €/Kg",,"5,21 €/Bandeja"
American Crunchy Chicken ElPozo King 2x120 g,,,"2,95 €",,"12,29 €/Kilogramo"
Burger pavo y espinacas ElPozo King 2x120 g,,,"2,49 €",,"10,38 €/Kilogramo"
Carne picada pavo bandeja 400g,,,"3,75 €",,"9,38 €/Kilogramo"
Carne picada pollo bandeja 400g,,,"3,75 €",,"9,38 €/Kilogramo"
Chuleta de pavo adobada al pimentón bandeja peso aproximado 550 g,,,"8,90 €/Kg",,"4,90 €/Bandeja"
Chuleta de pavo al ajillo bandeja peso aproximado 550 g,,,"9,29 €/Kg",,"5,11 €/Bandeja"
Codorniz bandeja 4u,,,"7,50 €",,"1,88 €/Unidad"
Contramuslos de pollo bandeja peso aproximado 600 g,,,"5,05 €/Kg",,"3,03 €/Bandeja"
Delicias de pollo bandeja peso aproximado 600 g,,,"5,89 €/Kg",,"3,53 €/Bandeja"
Filete de pechuga de pavo bandeja peso aproximado 550 g,,,"10,99 €/Kg",,"6,04 €/Bandeja"
Filete de pechuga de pavo al pimentón bandeja peso aproximado 450 g,,,"11,95 €/Kg",,"5,38 €/Bandeja"
Filete de pechuga de pollo a las finas hierbas bandeja peso aproximado 460 g,,,"9,50 €/Kg",,"4,37 €/Bandeja"
Hamburguesa Coren pollo bandeja 6x90 g,,,"5,99 €",,"11,09 €/Kilogramo"
Hamburguesa de pavo bandeja 4x90 g,,,"3,99 €",,"11,08 €/Kilogramo"
Hamburguesa pollo Corral bandeja 250 g,,,"3,95 €",,"15,80 €/Kilogramo"
Hígado de pollo bandeja peso aproximado 500 g,,,"3,80 €/Kg",,"1,90 €/Bandeja"
Jamoncitos de pavo bandeja peso aproximado 850 g,,,"4,75 €/Kg",,"4,04 €/Bandeja"
Jamoncitos de pollo bandeja peso aproximado 500 g,,,"5,29 €/Kg",,"2,65 €/Bandeja"
Jamoncitos de pollo Corral bandeja peso aproximado 550 g,,,"8,75 €/Kg",,"4,38 €/Bandeja"
Medallón de solomillo de pavo Coren bandeja peso aproximado 310 g,,,"12,95 €/Kg",,"4,01 €/Bandeja"
Medallones de pechuga de pavo a las finas hierbas bandeja peso aproximado 600 g,,,"10,75 €/Kg",,"6,45 €/Bandeja"
Molleja de pollo bandeja peso aproximado 450 g,,,"3,99 €/Kg",,"1,80 €/Bandeja"
Muslos de pollo bandeja peso aproximado 600 g,,,"4,99 €/Kg",,"2,99 €/Bandeja"
Nuggets de pollo ElPozo bandeja 320 g,,,"3,59 €",,"11,22 €/Kilogramo"
Pechuga de Pavo adobada BienStar ElPozo 200 g,,,"2,99 €",,"14,95 €/Kilogramo"
Pechuga de Pavo Finas Hierbas BienStar Elpozo 200 g,,,"2,99 €",,"14,95 €/Kilogramo"
Pechuga de pollo bandeja peso aproximado 500 g,,,"7,49 €/Kg",,"3,75 €/Bandeja"
Pechuga de pollo Corral bandeja peso aproximado 400 g,,,"12,95 €/Kg",,"5,18 €/Bandeja"
Pechuga de pollo Corral fileteada bandeja peso aproximado 400 g,,,"12,45 €/Kg","13,45 €/Kg","4,98 €/Bandeja"
Pechuga de pollo filete bandeja peso aproximado 500 g,,,"8,59 €/Kg",,"4,30 €/Bandeja"
Pechuga pollo ecológico Coren bandeja peso aproximado 400 g,,,"27,95 €/Kg",,"11,18 €/Bandeja"
Pechuga pollo ElPozo filetes finos extratiernos bandeja peso aproximado 570 g,,,"9,69 €/Kg",,"5,52 €/Bandeja"
Picada Pollo/Pavo BienStar El Pozo 400 g,,,"3,99 €",,"9,98 €/Kilogramo"
Pollo corral extra bandeja peso aproximado 1.8 kg,,,"5,95 €/Kg",,"10,71 €/Bandeja"
Pollo limpio bandeja peso aproximado 1.7kg,,,"3,25 €/Kg",,"5,85 €/Bandeja"
Salchicha Fresca Pollo Coren 350 g,,,"3,99 €",,"11,40 €/Kilogramo"
Salchicha pollo Corral bandeja 350 g,,,"5,10 €",,"14,57 €/Kilogramo"
Solomillo de pollo Corral bandeja peso aproximado 425 g,,,"14,95 €/Kg",,"6,35 €/Bandeja"
Solomillo de pollo empanado extratierno ElPozo bandeja 415 g,,,"5,35 €",,"12,89 €/Kilogramo"
Trasero de pollo Corral bandeja peso aproximado 800 g,,,"6,75 €/Kg",,"5,40 €/Bandeja"
Traseros de pollo bandeja peso aproximado 700 g,,,"3,95 €/Kg",,"2,77 €/Bandeja"
Chuletas de conejo bandeja peso aproximado 450 g,,,"13,49 €/Kg",,"6,07 €/Bandeja"
Medio conejo troceado con cabeza bandeja peso aproximado 700 g,,,"9,49 €/Kg",,"6,64 €/Bandeja"
Muslos de conejo bandeja peso aproximado 450 g,,,"12,99 €/Kg",,"5,85 €/Bandeja"
Paletillas de conejo bandeja peso aproximado 400 g,,,"13,59 €/Kg",,"5,44 €/Bandeja"
Paletilla de cordero lechal Vallina al vacío kg,,,"35,59 €",,"35,59 €/Kilogramo"
Paletilla de cordero Vallina al vacío kg,,,"20,99 €",,"20,99 €/Kilogramo"
Pierna de cordero lechal Vallina al vacío kg,,,"17,35 €",,"17,35 €/Kilogramo"
Albóndigas de cerdo Ibérico Legado ElPozo bandeja 360 g,,,"3,95 €",,"10,97 €/Kilogramo"
Burger de cerdo Ibérico Legado ElPozo bandeja 360g,,,"3,39 €",,"9,42 €/Kilogramo"
Burger Ibérica Premium ElPozo King 2x120 g,,,"2,60 €",,"10,83 €/Kilogramo"
Burger Mixta Barbacoa ElPozo King 2x120 g,,,"2,49 €",,"10,38 €/Kilogramo"
Burger mixta cerdo-vacuno ElPozo bandeja 360 g,,,"3,25 €",,"9,03 €/Kilogramo"
Burger Mixta Jalapeño y Queso ElPozo King 2x120 g,,,"2,49 €",,"10,38 €/Kilogramo"
Burger Queso y Bacon ElPozo King 2x120 g,,,"2,49 €",,"10,38 €/Kilogramo"
Callos Vallina caseros 1 kg,,,"11,39 €",,"11,39 €/Kilogramo"
Carrillada de cerdo Selecta al vacío peso aproximado 440 g,,,"17,59 €/Kg",,"7,74 €/Bandeja"
Chorizo Criollito El Chico especial parrillas 300 g,,,"3,45 €",,"11,50 €/Kilogramo"
Chorizo Criollo Castro Bello 350g,,,"2,20 €",,"6,29 €/Kilogramo"
Chorizo Criollo El Chico 300g,,,"2,99 €","3,25 €","9,97 €/Kilogramo"
Chorizo criollo Froiz especial parrilla / churrasco 375 g,,,"2,85 €",,"7,60 €/Kilogramo"
Chuleta cerdo aguja bandeja peso aproximado 500 g,,,"5,99 €/Kg",,"2,95 €/Bandeja"
Chuleta cerdo lomo bandeja peso aproximado 500 g,,,"6,69 €/Kg",,"3,68 €/Bandeja"
Chuleta de Lomo de Cerdo Selecta bandeja peso aproximado 370 g,,,"11,79 €/Kg",,"2,36 €/Bandeja"
Chuleta Vallina sajonia 390 g,,,"4,35 €",,"11,15 €/Kilogramo"
Compango Asturiano para Fabada Vallina 250 g,,,"2,59 €",,"10,36 €/Kilogramo"
Croquetas de Jamón Ibérico Legado ElPozo bandeja 360 g,,,"3,59 €",,"9,97 €/Kilogramo"
Escalopín de lomo de cerdo Selecta bandeja peso aproximado 350 g,,,"14,19 €/Kg",,"4,97 €/Bandeja"
Espinazo cerdo salado bandeja peso aproximado 700 g,,,"4,69 €/Kg",,"2,27 €/Bandeja"
Estofado-ragut cerdo bandeja peso aproximado 550 g,,,"5,99 €/Kg",,"3,29 €/Bandeja"
Fiambre Lomo Vallina bandeja 340g,,,"3,59 €",,"10,56 €/Kilogramo"
Filete de aguja de cerdo Selecta bandeja peso aproximado 300 g,,,"12,19 €/Kg",,"3,05 €/Bandeja"
Filetes cerdo jamón bandeja peso aproximado 500 g,,,"6,59 €/Kg",,"3,30 €/Bandeja"
Filetes cerdo lomo bandeja peso aproximado 500 g,,,"6,99 €/Kg",,"3,50 €/Bandeja"
Filetes cerdo panceta bandeja peso aproximado 500 g,,,"7,19 €/Kg",,"3,60 €/Bandeja"
Hamburguesa cerdo Selecta 250 g,,,"3,45 €",,"13,80 €/Unidad"
Lacón Coren porción desalado 380 g,,,"3,99 €","4,50 €","10,50 €/Kilogramo"
Lacón Dicarvi porción curado kg,,,"9,45 €",,"9,45 €/Kilogramo"
Lacón González porción con IGP de Galicia curado 350 g,,,"4,65 €",,"13,29 €/Kilogramo"
Lacón González porción raza 100% Duroc curado 390 g,,,"6,75 €",,"17,31 €/Kilogramo"
Lacón Selecta porción desalado curado 380 g,,,"5,25 €",,"13,82 €/Kilogramo"
Lacón Torre de Núñez porción al punto de sal 380 g,,,"3,39 €","3,75 €","8,92 €/Kilogramo"
Laconcito Coren desalado pieza 950 g,,,"8,50 €",,"8,95 €/Kilogramo"
Lomo adobado extratierno ElPozo bandeja 300 g,,,"2,95 €",,"9,83 €/Kilogramo"
Lomo cerdo extratierno ElPozo 300 g,,,"2,95 €",,"9,83 €/Kilogramo"
Lomo extra adobado Vallina bandeja 340 g,,,"3,99 €",,"11,74 €/Kilogramo"
Lomo extra ajillo Vallina bandeja 340 g,,,"3,99 €",,"11,74 €/Kilogramo"
Magreta adobada ElPozo bandeja 330g,,,"3,49 €",,"10,58 €/Kilogramo"
Mini lacón Casa Castelao al punto de sal 50% raza Duroc pieza de 1.2 kg,,,"6,99 €","7,99 €","5,83 €/Kilogramo"
"Minilacón Torre de Núñez ""al punto de sal"" kg",,,"7,50 €",,"7,50 €/Kilogramo"
Morros cerdo salados sin hueso bandeja peso aproximado 500 g,,,"4,79 €/Kg",,"3,10 €/Bandeja"
Orejas de cerdo saladas bandeja peso aproximado 600 g,,,"5,95 €/Kg",,"3,47 €/Bandeja"
Panceta curada desalada Coren porción 250 g,,,"4,25 €","4,65 €","17,00 €/Kilogramo"
Panceta curada Selecta 280 g,,,"5,65 €",,"20,18 €/Kilogramo"
Panceta curada Torre de Núñez 280 g,,,"3,45 €","3,75 €","12,32 €/Kilogramo"
Panceta Ibérica El Chico porción 300 g,,,"3,96 €",,"13,20 €/Kilogramo"
Patas de cerdo saladas bandeja peso aproximado 850 g,,,"3,89 €/Kg",,"3,42 €/Bandeja"
Picada de cerdo Ibérico Legado ElPozo bandeja 400g,,,"4,45 €",,"11,13 €/Kilogramo"
Picada mixta ElPozo 500 g,,,"3,99 €",,"7,98 €/Kilogramo"
Pincho moruno bandeja 4 u 400g,,,"4,90 €",,"12,25 €/Kilogramo"
"Preparado Fabada Vallina (lacón, morcilla asturiana, chorizo asturiano, panceta) 400 g",,,"4,25 €",,"10,63 €/Kilogramo"
"Preparado para cocido Vallina (lacón, chorizo y panceta) 400 g",,,"4,25 €",,"10,63 €/Kilogramo"
Presa de Cerdo Selecta al vacío peso aproximado 730 g,,,"17,99 €/Kg",,"13,13 €/Pieza"
Rabo cerdo salado bandeja peso aproximado 500 g,,,"5,49 €/Kg",,"2,42 €/Bandeja"
Secreto cerdo blanco bandeja peso aproximado 500 g,,,"7,75 €/Kg",,"3,88 €/Bandeja"
Secreto de cerdo Selecta al vacío peso aproximado 850 g,,,"17,49 €/Kg",,"14,87 €/Pieza"
Solomillo de cerdo al Romero ElPozo Extratiernos al vacío pieza peso aproximado 660 g,,,"9,99 €/Kg","10,99 €/Kg","6,99 €/Pieza"
Solomillo de cerdo al vacío peso aproximado 520 g,,,"8,99 €/Kg",,"4,67 €/Porción"
Solomillo de cerdo barbacoa ElPozo extratierno al vacío pieza peso aproximado 660 g,,,"10,99 €/Kg",,"7,69 €/Pieza"
Solomillo de cerdo con boletus y trufa ElPozo extratierno al vacío pieza peso aproximado 640 g,,,"10,99 €/Kg",,"7,69 €/Pieza"
Solomillo de cerdo Selecta al vacío peso aproximado 450 g,,,"22,99 €/Kg",,"10,35 €/Pieza"
Surtido Cocido gallego salado bandeja kg,,,"5,59 €/Kg","6,25 €/Kg","3,68 €/Bandeja"
Tiras costilla cerdo salada bandeja peso aproximado 750 g,,,"8,49 €/Kg",,"6,37 €/Bandeja"
Tocino ibérico Vallina de cerdo salado trozo 235 g,,,"1,85 €",,"7,87 €/Kilogramo"
Unto Ibérico Dicarvi envasado kg,,,"4,25 €/Kg",,"1,06 €/Unidad"
Zorza gallega cerdo bandeja 400 g,,,"3,70 €",,"9,25 €/Kilogramo"
Burger Meat de Angus Coren bandeja 260 g,,,"3,89 €",,"14,96 €/Kilogramo"
Burger meat ternera gallega Coren 240 g,,,"3,25 €",,"13,54 €/Kilogramo"
Chuleta de lomo de vaca madurada bandeja peso aproximado 400 g,,,"21,80 €/Kg",,"6,54 €/Bandeja"
Entrecot de lomo de vaca madurada bandeja peso aproximado 300 g,,,"26,90 €/Kg",,"8,07 €/Bandeja"
Hamburguesa ternera ecológica Coren 240 g,,,"4,49 €",,"18,71 €/Kilogramo"
Mini burger meat ternera gallega Coren 240 g,,,"3,49 €",,"14,54 €/Kilogramo"
Picada de Vacuno ElPozo 500 g,,,"5,65 €",,"11,30 €/Kilogramo"
Estómago/callos ternera Kg,,,"5,99 €",,"5,99 €/Kilogramo"
Hígado ternera kg,,,"5,95 €",,"5,95 €/Kilogramo"
Lengua cerdo frescas-refrigerada kg,,,"5,95 €",,"5,95 €/Kilogramo"
Lengua ternera kg,,,"9,25 €/Kg",,"7,40 €/Unidad"
Mollejas vacuno refrigerado kg,,,"10,25 €",,"10,25 €/Kilogramo"
Pata ternera kg,,,"3,99 €",,"3,99 €/Kilogramo"
Cabeza cerdo ahumada baja sal Dicarvi kg,,,"6,59 €",,"6,59 €/Kilogramo"
Cabeza cerdo curada kg,,,"4,29 €",,"4,29 €/Kilogramo"
Carrillada Cerdo vacío Kg,,,"12,95 €",,"12,95 €/Kilogramo"
Chuletas cerdo aguja kg,,,"4,99 €/Kg",,"0,97 €/Unidad"
Chuletas cerdo surtidas kg,,,"5,29 €/Kg",,"1,01 €/Unidad"
Chuletas lomo cerdo kg,,,"5,49 €/Kg",,"0,93 €/Unidad"
Cinta lomo cerdo filetes kg,,,"5,99 €/Kg",,"0,36 €/Unidad"
Cinta lomo cerdo pieza kg,,,"5,99 €",,"5,99 €/Kilogramo"
Codillos cerdo frescos con piel kg,,,"4,95 €/Kg",,"4,46 €/Pieza"
Codillos cerdo frescos sin piel kg,,,"4,99 €/Kg",,"1,80 €/Pieza"
Costilla cerdo fresca plancha kg,,,"6,25 €",,"6,25 €/Kilogramo"
Espinazo cerdo salado kg,,,"4,39 €",,"4,39 €/Kilogramo"
Filetes jamón fresco de cerdo kg,,,"4,99 €/Kg","5,39 €/Kg","0,52 €/Unidad"
Lacón Coren sin pata curado desalado kg,,,"6,95 €/Kg","7,95 €/Kg","31,28 €/Unidad"
Lacón Dicarvi sin pata curado kg,,,"6,99 €/Kg",,"31,46 €/Unidad"
Manos cerdo frescas kg,,,"5,49 €",,"5,49 €/Kilogramo"
Orejas cerdo frescas kg,,,"6,69 €/Kg",,"1,67 €/Pieza"
Orejas cerdo saladas kg,,,"5,95 €",,"5,95 €/Kilogramo"
Paleta de cerdo fresca kg,,,"3,89 €",,"3,89 €/Kilogramo"
Panceta cerdo con costilla fresca kg,,,"6,75 €",,"6,75 €/Kilogramo"
Panceta cerdo fresca kg,,,"6,99 €",,"6,99 €/Kilogramo"
Panceta curada Vallina sin costilla kg,,,"12,95 €",,"12,95 €/Kilogramo"
Patas cerdo frescas kg,,,"4,39 €",,"4,39 €/Kilogramo"
Patas cerdo saladas kg,,,"3,99 €",,"3,99 €/Kilogramo"
Rabo cerdo fresco kg,,,"5,65 €",,"5,65 €/Kilogramo"
Rabo cerdo salado kg,,,"5,79 €",,"5,79 €/Kilogramo"
Secreto cerdo blanco kg,,,"7,69 €/Kg",,"2,68 €/Unidad"
Solomillo cerdo fresco kg,,,"8,39 €/Kg",,"4,61 €/Pieza"
Tiras costilla cerdo salada kg,,,"8,19 €/Kg",,"6,14 €/Pieza"
Tiras de costilla cerdo fresca kg,,,"8,25 €/Kg",,"6,60 €/Pieza"
Chuletas de lomo de cerdo ibérico Legado kg,,,"15,99 €/Kg",,"2,40 €/Unidad"
Presa de cerdo ibérico Legado al vacío peso aproximado 1kg,,,"31,10 €",,"31,10 €/Kilogramo"
Solomillo de cerdo Ibérico Legado al vacío peso aproximado 0.450kg,,,"19,35 €",,"19,35 €/Kilogramo"
Tocino Ibérico fresco kg,,,"3,25 €",,"3,25 €/Kilogramo"
Tocino Ibérico salado kg,,,"4,19 €",,"4,19 €/Kilogramo"
Cabeza cerdo Selecta oreada-curada kg,,,"6,45 €",,"6,45 €/Kilogramo"
Chuletas cerdo Selecta kg,,,"9,69 €/Kg",,"1,65 €/Unidad"
Cinta lomo cerdo selecta kg,,,"12,49 €/Kg",,"0,81 €/Unidad"
Costilla cerdo Selecta kg,,,"9,29 €/Kg",,"16,72 €/Pieza"
Filetes jamón Selecta fresco de cerdo kg,,,"7,79 €/Kg",,"1,48 €/Unidad"
Jamón fresco cerdo Selecta kg,,,"5,49 €",,"5,49 €/Kilogramo"
Paleta de Cerdo Selecta fresca kg,,,"4,89 €",,"4,89 €/Kilogramo"
Conejo joven kg,,,"7,95 €/Kg",,"10,34 €/Pieza"
Chuletillas cordero kg,,,"21,95 €",,"21,95 €/Kilogramo"
"Cordero Nacional sin cabeza entero, medios o cuartos 10 a 13 kg",,,"14,69 €",,"14,69 €/Kilogramo"
Paletilla cordero kg,,,"19,95 €",,"19,95 €/Kilogramo"
Pierna cordero kg,,,"16,95 €",,"16,95 €/Kilogramo"
Jamoncitos pavo kg,,,"4,79 €/Kg",,"1,29 €/Unidad"
Pechuga pavo filetes kg,,,"8,75 €/Kg",,"1,75 €/Unidad"
Solomillo de pavo al vacío bipack peso aproximado 0.700kg,,,"9,75 €",,"9,75 €/Kilogramo"
Alas pollo kg,,,"4,75 €/Kg",,"0,57 €/Unidad"
Contramuslos pollo kg,,,"4,19 €/Kg",,"0,57 €/Unidad"
Gallina kg,,,"3,49 €",,"3,49 €/Kilogramo"
Jamoncitos de pollo kg,,,"4,79 €/Kg","5,29 €/Kg","0,65 €/Unidad"
Muslos pollo Corral kg,,,"7,75 €/Kg",,"1,55 €/Unidad"
Muslos pollo kg,,,"4,49 €/Kg",,"1,77 €/Unidad"
Pechuga de pollo enteras o filetes kg,,,"6,99 €/Kg",,"2,45 €/Unidad"
Pechuga pollo Corral kg,,,"12,95 €/Kg",,"3,89 €/Unidad"
Pollo corral kg,,,"5,95 €/Kg",,"11,90 €/Unidad"
Pollo limpio/extra kg,,,"3,25 €/Kg",,"7,15 €/Unidad"
Traseros pollo kg,,,"3,19 €/Kg",,"1,44 €/Unidad"
Albóndigas de ternera y de cerdo Burger Meat elaboración propia kg,,,"7,99 €/Kg",,"0,36 €/Unidad"
Brocheta de pavo elaboración propia kg,,,"8,99 €/Kg",,"1,71 €/Unidad"
Brocheta de pollo elaboración propia kg,,,"8,99 €/Kg",,"1,71 €/Unidad"
Burger Meat de pollo con espinacas elaboración propia kg,,,"8,99 €/Kg",,"1,35 €/Unidad"
Burger Meat de pollo con vegetales elaboración propia kg,,,"8,99 €/Kg",,
Burger Meat de pollo elaboración propia kg,,,"8,99 €/Kg",,"1,35 €/Unidad"
Burger Meat de pollo y de pavo elaboración propia kg,,,"8,99 €",,"8,99 €/Kilogramo"
Burger Meat de Ternera Gallega elaboración propia kg,,,"8,99 €/Kg","9,95 €/Kg","1,35 €/Unidad"
Burger Meat de ternera y de cerdo elaboración propia kg,,,"8,25 €/Kg",,"1,24 €/Unidad"
Carne picada cerdo kg,,,"5,99 €",,"5,99 €/Kilogramo"
Carne picada mezcla 50% ternera y 50% cerdo kg,,,"8,25 €",,"8,25 €/Kilogramo"
Carne picada ternera gallega kg,,,"8,95 €",,"8,95 €/Kilogramo"
Chorizo especial Barbacoa kg,,,"7,95 €/Kg",,"0,76 €/Unidad"
Costilla de cerdo adobada elaboración propia kg,,,"7,99 €",,"7,99 €/Kilogramo"
Fiambre lomo adobado horno Dicarvi kg,,,"6,89 €",,"6,89 €/Kilogramo"
Fiambre lomo cerdo horno Vallina kg,,,"9,39 €/Kg",,"0,89 €/Unidad"
Filete ruso de ternera y de cerdo Burger Meat elaboración propia kg,,,"7,99 €/Kg",,"1,20 €/Unidad"
Lomo adobado extra Frigolouro kg,,,"7,89 €/Kg",,"0,71 €/Unidad"
Lomo adobado extratierno ElPozo kg,,,"6,59 €/Kg","7,39 €/Kg","0,66 €/Unidad"
Lomo horno ElPozo adobado kg,,,"6,99 €/Kg",,"0,63 €/Unidad"
Lomo ibérico adobado Legado kg,,,"19,69 €/Kg",,"1,97 €/Unidad"
Longaniza blanca cerdo kg,,,"7,39 €/Kg",,"0,59 €/Unidad"
Longaniza de cerdo blanca ElPozo bandeja 325 g,,,"2,35 €",,"7,23 €/Kilogramo"
Longaniza de cerdo roja ElPozo bandeja 325 g,,,"2,35 €",,"7,23 €/Kilogramo"
Longaniza tipo Criollo kg,,,"6,99 €/Kg",,"0,70 €/Unidad"
Mini Burger Meat de Ternera Gallega elaboración propia kg,,,"10,39 €/Kg",,"0,42 €/Unidad"
Mini Burger Meat de ternera y de cerdo elaboración propia kg,,,"8,99 €/Kg",,"0,36 €/Unidad"
Pincho moruno cerdo con palo kg,,,"8,99 €/Kg",,"1,80 €/Unidad"
Pollo al ajillo elaboración propia kg,,,"3,95 €","4,25 €","3,95 €/Kilogramo"
Preparado de Fajitas de pollo elaboración propia kg,,,"8,99 €",,"8,99 €/Kilogramo"
Salchicha blanca pollo kg,,,"7,99 €",,"7,99 €/Kilogramo"
Tira de costilla de cerdo adobada elaboración propia kg,,,"8,69 €",,"8,69 €/Kilogramo"
Zorza de cerdo elaboración propia kg,,,"7,99 €",,"7,99 €/Kilogramo"
Zorza de pollo elaboración propia kg,,,"9,25 €",,"9,25 €/Kilogramo"
Cadera - Croca Ternera Gallega kg,,,"13,99 €/Kg",,"2,80 €/Porción"
Carrillera ternera kg,,,"13,99 €/Kg",,"3,50 €/Porción"
Chuletas Ternera Gallega kg,,,"13,99 €/Kg",,"4,20 €/Unidad"
Culata Contra Ternera Gallega kg,,,"10,99 €",,"10,99 €/Kilogramo"
Falda Ternera Gallega kg,,,"10,29 €",,"10,29 €/Kilogramo"
Filetes Ternera Gallega kg,,,"10,89 €/Kg","11,99 €/Kg","2,18 €/Unidad"
Jarrete Ternera Gallega kg,,,"11,59 €",,"11,59 €/Kilogramo"
Ossobuco Ternera Gallega kg,,,"10,69 €/Kg",,"3,21 €/Porción"
Ossobuco Ternera Gallega Suprema kg,,,"10,69 €/Kg",,
Picaña Ternera Gallega (tapilla) kg,,,"13,99 €/Kg",,"3,15 €/Unidad"
Rabo Ternera fresco kg,,,"10,99 €/Kg",,"9,89 €/Unidad"
Redondo - Blanquita Ternera Gallega kg,,,"13,79 €/Kg",,"24,82 €/Porción"
Ternera Gallega aguja con hueso kg,,,"9,99 €",,"9,99 €/Kilogramo"
Ternera Gallega aguja s/hueso kg,,,"10,49 €",,"10,49 €/Kilogramo"
Ternera Gallega estofar-guisar kg,,,"9,99 €",,"9,99 €/Kilogramo"
Chuletón Vaca kg,,,"20,69 €/Kg",,"12,41 €/Unidad"
Entrecot Vaca kg,,,"22,69 €/Kg",,"6,81 €/Unidad"
Picaña vacuno kg,,,"16,69 €/Kg",,"3,76 €/Unidad"
Solomillo Vaca kg,,,"30,59 €/Kg",,"6,12 €/Porción"
Batido Bat Asturiana cacao 1 l,,,"1,59 €",,"1,59 €/Litro"
Batido Cacaolat cacao botella 1 l,,,"2,39 €",,"2,39 €/Litro"
Batido Cola Cao Energy Pack 3x188ml,,,"1,83 €",,"3,24 €/Litro"
Batido Feiraco chocolate pack 3x200 ml,,,"0,75 €",,"1,25 €/Litro"
Batido Pascual Chocolate 3x200 ml,,,"1,59 €",,"2,65 €/Litro"
Cola Cao Shake 200 ml,,,"1,45 €",,"7,25 €/Litro"
Vaso Batido Oreo con galleta 200 ml,,,"1,69 €",,"8,45 €/Litro"
Espuma de leche La Lechera spray 260 g,,,"2,30 €",,"8,85 €/Kilogramo"
Leche condensada Alteza lata 370 g,,,"1,19 €",,"3,22 €/Kilogramo"
Leche La Lechera condensada 370 g,,,"1,86 €",,"5,03 €/Kilogramo"
Leche La Lechera condensada 740 g,,,"2,87 €",,"3,88 €/Kilogramo"
Leche La Lechera condensada desnatada 387 g,,,"1,86 €",,"4,81 €/Kilogramo"
Leche La Lechera condensada sirvefácil 450 g,,,"2,67 €",,"5,93 €/Kilogramo"
Leche La Lechera condensada sirvefácil desnatada 450 g,,,"2,67 €",,"5,93 €/Kilogramo"
Leche Nestlé Ideal evaporada brik 525g,,,"1,99 €",,"3,79 €/Kilogramo"
Leche polvo Asturiana desnatada 800 g,,,"6,95 €",,"8,69 €/Kilogramo"
Leche polvo Sveltesse calcio 1 kg,,,"8,94 €",,"8,94 €/Litro"
Nata líquida Président para café o té pack 10x9.80 ml,,,"0,95 €",,"9,69 €/Litro"
Bebida Alpro almendras 1 l,,,"2,09 €",,"2,09 €/Litro"
Bebida Alpro almendras sin azúcar 1 L,,,"2,09 €",,"2,09 €/Litro"
Bebida Alpro avellanas 1l,,,"1,99 €",,"1,99 €/Litro"
Bebida Alpro avena Barista 1 l,,,"2,19 €",,"2,19 €/Litro"
Bebida Alpro avena brik 1 l,,,"2,09 €",,"2,09 €/Litro"
Bebida Alpro avena sin azúcares 1 l,,,"2,09 €",,"2,09 €/Litro"
Bebida Alpro coco 1l,,,"1,99 €",,"1,99 €/Litro"
Bebida de Almendra Almond Breeze Zero 1l,,,"1,79 €","1,99 €","1,79 €/Litro"
Bebida de arroz Yosoy 100% natural 1 l,,,"1,49 €",,"1,49 €/Litro"
Bebida de avena Calciavena Santiveri 1 l,,,"2,45 €",,"2,45 €/Litro"
Bebida de avena Froiz bio 0% azúcares añadidos 1 l,,,"1,25 €",,"1,25 €/Litro"
Bebida de avena Froiz calcio 0% sin azucares añadidos 1l,,,"0,90 €",,"0,90 €/Litro"
Bebida de avena Provamel Bio sin azúcar 1 l,,,"2,45 €",,"2,45 €/Litro"
Bebida de avena Yosoy 100% natural 1 l,,,"1,50 €",,"1,50 €/Litro"
Bebida de Nuez Borges 1 l,,,"2,59 €",,"2,59 €/Litro"
Bebida de soja Alpro ligera 1 l,,,"1,79 €",,"1,79 €/Litro"
Bebida de soja Alpro natural 1 l,,,"1,79 €",,"1,79 €/Litro"
Bebida de soja Froiz ligera calcio 1 l,,,"0,80 €",,"0,80 €/Litro"
Bebida de soja Froiz original calcio 1 l,,,"0,70 €",,"0,70 €/Litro"
Bebida de soja Pascual chocolate Vivesoy 1 l,,,"1,95 €",,"1,95 €/Litro"
Bebida de soja Pascual vainilla Vivesoy 1 l,,,"1,95 €",,"1,95 €/Litro"
Bebida de soja Vivesoy 1 l,,,"1,50 €",,"1,50 €/Litro"
Bebida de soja Vivesoy ligera 1 l,,,"1,79 €",,"1,79 €/Litro"
Bebida soja Gerblé Bio natural 1 l,,,"1,79 €",,"1,79 €/Litro"
Bebida soja Provamel Calcimel 1 l,,,"1,99 €",,"1,99 €/Litro"
Leche de almendras Froiz bio 0% azúcares añadidos 1 l,,,"1,30 €",,"1,30 €/Litro"
Leche de Almendras Provamel Bio sin azúcar 1 l,,,"2,99 €",,"2,99 €/Litro"
Bebida láctea Asturiana fibra 1 l,,,"1,39 €",,"1,39 €/Litro"
Leche Puleva Omega 3 nuez desnatada 1 l,,,"1,69 €",,"1,69 €/Litro"
Leche Puleva Omega 3 original desnatada 1 l,,,"1,65 €",,"1,65 €/Litro"
Preparado lácteo Flora ligera brik 1 l,,,"1,89 €",,"1,89 €/Litro"
"Leche Asturiana desnatada 1,5 l",,,"1,49 €",,"0,99 €/Litro"
Leche Asturiana desnatada brik 1 l,,,"0,99 €",,"0,99 €/Litro"
"Leche Asturiana entera 1,5 l",,,"1,49 €",,"0,99 €/Litro"
Leche Asturiana entera brik 1 l,,,"0,99 €",,"0,99 €/Litro"
"Leche Asturiana semidesnatada 1,5 l",,,"1,49 €",,"0,99 €/Litro"
Leche Asturiana semidesnatada brik 1 l,,,"0,99 €",,"0,99 €/Litro"
Leche Deleite desnatada A2A2 1 l,,,"1,09 €",,"1,09 €/Litro"
Leche Deleite entera A2A2 1 l,,,"1,09 €",,"1,09 €/Litro"
Leche Deleite semidesnatada A2A2 1 l,,,"1,09 €",,"1,09 €/Litro"
Leche Feiraco desnatada brik 1 l,,,"1,05 €",,"1,05 €/Litro"
Leche Feiraco entera brik 1 l,,,"1,05 €",,"1,05 €/Litro"
Leche Feiraco entera pack 3x200 ml,,,"0,99 €",,"1,65 €/Kilogramo"
Leche Feiraco semidesnatada brik 1 l,,,"1,05 €",,"1,05 €/Litro"
Leche Froiz desnatada 1l,,,"0,83 €",,"0,83 €/Litro"
Leche Froiz entera 1 l,,,"0,85 €",,"0,85 €/Litro"
Leche Froiz semidesnatada 1 l,,,"0,84 €",,"0,84 €/Litro"
Leche Gaza desnatada brik 1 l,,,"0,94 €",,"0,94 €/Litro"
Leche Gaza entera brik 1 l,,,"0,94 €",,"0,94 €/Litro"
Leche Gaza semidesnatada brik 1 l,,,"0,94 €",,"0,94 €/Litro"
Leche Larsa desnatada brik 1 l,,,"0,99 €",,"0,99 €/Litro"
Leche Larsa entera brik 1 l,,,"0,99 €",,"0,99 €/Litro"
Leche Larsa semidesnatada brik 1 l,,,"0,99 €",,"0,99 €/Litro"
Leche Lauki desnatada brik 1 l,,,"0,99 €",,"0,99 €/Litro"
Leche Lauki entera brik 1 l,,,"0,99 €",,"0,99 €/Litro"
Leche Lauki semidesnatada brik 1 l,,,"0,99 €",,"0,99 €/Litro"
Leche Leyma botella desnatada 1.5l,,,"1,44 €",,"0,96 €/Litro"
Leche Leyma botella entera 1.5l,,,"1,44 €",,"0,96 €/Litro"
Leche Leyma botella semidesnatada 1.5l,,,"1,44 €",,"0,96 €/Litro"
Leche Leyma desnatada brik 1 l,,,"0,89 €","0,94 €","0,89 €/Litro"
Leche Leyma entera brik 1 l,,,"0,89 €","0,94 €","0,89 €/Litro"
Leche Leyma semidesnatada brik 1 l,,,"0,89 €","0,94 €","0,89 €/Litro"
Leche Pascual desnatada botella 1.5 l,,,"1,63 €",,"1,09 €/Litro"
Leche Pascual desnatada brik 1 l,,,"1,09 €",,"1,09 €/Litro"
Leche Pascual entera botella 1.5 l,,,"1,63 €",,"1,09 €/Litro"
Leche Pascual entera brik 1 l,,,"1,09 €",,"1,09 €/Litro"
Leche Pascual semidesnatada botella 1.5 l,,,"1,63 €",,"1,09 €/Litro"
Leche Pascual semidesnatada brik 1 l,,,"1,09 €",,"1,09 €/Litro"
Leche Solar desnatada brik 1 l,,,"0,88 €",,"0,88 €/Litro"
Leche Solar entera brik 1 l,,,"0,88 €",,"0,88 €/Litro"
Leche Solar semidesnatada brik 1 l,,,"0,88 €",,"0,88 €/Litro"
Leche Tierra de Sabor desnatada brik 1 l,,,"0,95 €",,"0,95 €/Litro"
Leche Tierra de Sabor entera brik 1 l,,,"0,95 €",,"0,95 €/Litro"
Leche Tierra de Sabor semidesnatada brik 1 l,,,"0,95 €",,"0,95 €/Litro"
Leche Únicla entera 1 l,,,"1,25 €",,"1,25 €/Litro"
Leche Únicla semidesnatada brik 1 l,,,"1,25 €",,"1,25 €/Litro"
Leche Froiz calcio desnatada 1 l,,,"0,89 €",,"0,89 €/Litro"
Leche Froiz calcio semidesnatada 1 l,,,"0,89 €",,"0,89 €/Litro"
Leche Gaza calcio desnatada brik 1 l,,,"1,09 €",,"1,09 €/Litro"
Leche Gaza calcio entera brik 1 l,,,"1,09 €",,"1,09 €/Litro"
Leche Gaza calcio semidesnatada brik 1 l,,,"1,09 €",,"1,09 €/Litro"
Leche Pascual calcio desnatada brik 1 l,,,"1,69 €",,"1,69 €/Litro"
Leche Pascual calcio entera brik 1 l,,,"1,69 €",,"1,69 €/Litro"
Leche Pascual calcio semidesnatada brik 1 l,,,"1,69 €",,"1,69 €/Litro"
Leche Puleva calcio desnatada brik 1 l,,,"1,45 €",,"1,45 €/Litro"
Leche Puleva calcio semidesnatada brik 1l,,,"1,45 €",,"1,45 €/Litro"
Leche Gaza oveja brik 1 l,,,"1,99 €",,"1,99 €/Litro"
Leche Puleva cabra 1 l,,,"1,89 €",,"1,89 €/Litro"
Leche Puleva ecológica semidesnatada 1l,,,"1,49 €",,"1,49 €/Litro"
Leche Puleva Fresca Eco semidesnatada 1 l,,,"1,65 €",,"1,65 €/Litro"
Leche Froiz fresca entera 1 l,,,"0,95 €",,"0,95 €/Litro"
Leche Leyma fresca desnatada 1.5 l,,,"1,61 €",,"1,07 €/Litro"
Leche Leyma fresca entera 1.5 l,,,"1,61 €",,"1,07 €/Litro"
Leche Leyma fresca semidesnatada 1.5 l,,,"1,61 €",,"1,07 €/Litro"
Leche Puleva fresca entera botella 1.5 l,,,"1,89 €",,"1,26 €/Litro"
Leche Asturiana sin lactosa 0% desnatatada 1 l,,,"1,19 €",,"1,19 €/Litro"
Leche Asturiana sin lactosa entera 1 l,,,"1,19 €",,"1,19 €/Litro"
Leche Asturiana sin lactosa semidesnatada 1 l,,,"1,19 €",,"1,19 €/Litro"
Leche Asturiana Suprema 0.0% materia grasa desnatada sin lactosa 1 l,,,"1,25 €",,"1,25 €/Litro"
Leche Feiraco semidesnatada sin lactosa 1 l,,,"1,15 €","1,20 €","1,15 €/Litro"
Leche Froiz sin lactosa desnatada 1 l,,,"0,91 €",,"0,91 €/Litro"
Leche Froiz sin lactosa semidesnatada 1l,,,"0,92 €",,"0,92 €/Litro"
Leche Gaza sin lactosa desnatada brik 1l,,,"1,05 €",,"1,05 €/Litro"
Leche Gaza sin lactosa entera brik 1 l,,,"1,05 €",,"1,05 €/Litro"
Leche Gaza sin lactosa semidesnatada brik 1 l,,,"1,05 €",,"1,05 €/Litro"
Leche Kaiku sin lactosa desnatada 1 l,,,"1,29 €",,"1,29 €/Litro"
Leche Kaiku sin lactosa semidesnatada 1 l,,,"1,29 €",,"1,29 €/Litro"
Leche Larsa sin lactosa desnatada 1 l,,,"1,15 €",,"1,15 €/Litro"
Leche Larsa sin lactosa semidesnatada 1l,,,"1,15 €",,"1,15 €/Litro"
Leche Leyma sin lactosa semidesnatada 1 l,,,"1,05 €",,"1,05 €/Litro"
Leche Pascual sin lactosa desnatada 1 l,,,"1,39 €",,"1,39 €/Litro"
Leche Pascual sin lactosa entera 1l,,,"1,39 €",,"1,39 €/Litro"
Leche Pascual sin lactosa semidesnatada 1 l,,,"1,39 €",,"1,39 €/Litro"
Leche Puleva Mañanas Ligeras sin lactosa desnatada 0% 1 l,,,"1,29 €",,"1,29 €/Litro"
Leche Puleva Mañanas Ligeras sin lactosa semidesnatada 1 l,,,"1,29 €",,"1,29 €/Litro"
Leche Puleva Omega 3 sin lactosa desnatada 1 l,,,"1,69 €",,"1,69 €/Litro"
Leche Únicla sin lactosa semidesnatada 1 l,,,"1,31 €",,"1,31 €/Litro"
Mantequilla Arias 10 porciones 115 g,,,"1,79 €",,"15,57 €/Kilogramo"
Mantequilla Arias con sal 2x62.5 g,,,"1,95 €",,"15,60 €/Kilogramo"
Mantequilla Arias sin sal 2x62.5 g,,,"1,95 €",,"15,60 €/Kilogramo"
Mantequilla Arias tradicional tarrina 235 g,,,"3,39 €",,"14,43 €/Kilogramo"
Mantequilla Asturiana 125 g,,,"1,55 €",,"12,40 €/Kilogramo"
Mantequilla Asturiana ligera 250 g,,,"3,25 €",,"13,00 €/Kilogramo"
Mantequilla Asturiana ligera sin lactosa 250 g,,,"3,25 €",,"13,00 €/Kilogramo"
Mantequilla Asturiana repostería rulo 250 g,,,"2,99 €",,"11,96 €/Kilogramo"
Mantequilla Asturiana rulo 500 g,,,"5,35 €",,"10,70 €/Kilogramo"
Mantequilla Asturiana tarrina 250g,,,"3,15 €",,"12,60 €/Kilogramo"
Mantequilla Bio Asana 100 g,,,"1,55 €",,"15,50 €/Kilogramo"
Mantequilla Irlandesa Kerrygold con sal pastilla 200 g,,,"3,15 €",,"15,75 €/Kilogramo"
Mantequilla Irlandesa Kerrygold sin sal pastilla 200 g,,,"3,15 €",,"15,75 €/Kilogramo"
Mantequilla Larsa pastilla 250 g,,,"2,99 €",,"11,96 €/Kilogramo"
Mantequilla Lorenzana con sal lata 250 g,,,"4,45 €","4,80 €","17,80 €/Kilogramo"
Mantequilla Lorenzana sin sal lata 250 g,,,"4,45 €","4,80 €","17,80 €/Kilogramo"
Mantequilla Únicla fácil de untar lata 250 g,,,"5,50 €",,"22,00 €/Kilogramo"
Margarina Alteza de girasol 500 g,,,"1,65 €",,"3,30 €/Kilogramo"
Margarina Artúa de maíz sin lactosa 500 g,,,"2,95 €",,"5,90 €/Kilogramo"
Margarina Flora Pro Activ 225 g,,,"2,95 €",,"13,11 €/Kilogramo"
Margarina Flora vegetal con aceite de oliva y sin aceite de palma 225 g,,,"2,49 €",,"11,07 €/Kilogramo"
Margarina Flora vegetal sin aceite de palma 225 g,,,"2,49 €",,"11,07 €/Kilogramo"
Margarina Ligeresa 250 g,,,"1,69 €",,"6,76 €/Kilogramo"
Margarina Tulipán sin aceite de palma 225g,,,"1,99 €",,"8,84 €/Kilogramo"
Margarina Tulipán sin aceite de palma 400 g,,,"2,85 €",,"7,13 €/Kilogramo"
Vioblock Violife vegetal sin sal para untar pastilla 250 g,,,"2,49 €",,"9,96 €/Kilogramo"
Nata Asturiana cocina líquida brik 200 ml,,,"1,19 €",,"5,95 €/Litro"
Nata Asturiana cocina sin lactosa brik 200 ml,,,"1,45 €",,"7,25 €/Litro"
Nata Asturiana cocinar líquida brik 500 ml,,,"2,39 €",,"4,78 €/Litro"
Nata Froiz cocina pack 3x200 ml,,,"1,75 €",,"2,92 €/Litro"
Nata Larsa cocina líquida brik 500 ml,,,"2,39 €",,"4,78 €/Litro"
Nata Président cocina botella 250 ml,,,"1,60 €",,"6,40 €/Litro"
Nata Asturiana montada azucarada sin lactosa spray 250 ml,,,"2,49 €",,"9,96 €/Litro"
Nata Asturiana montada ligera spray 250 ml,,,"2,49 €",,"9,96 €/Litro"
Nata Asturiana montada spray 250 ml,,,"2,49 €",,"9,96 €/Litro"
Nata Asturiana montar líquida brik 1 l,,,"4,19 €",,"4,19 €/Litro"
Nata Asturiana montar líquida brik 500 ml,,,"2,39 €",,"4,78 €/Litro"
Nata Asturiana montar sin lactosa 200 ml,,,"1,45 €",,"7,25 €/Litro"
Nata Feiraco montar líquida brik 1 l,,,"5,90 €",,"5,90 €/Litro"
Nata Feiraco montar líquida brik 200 ml,,,"1,29 €","1,49 €","6,45 €/Litro"
Nata Froiz montar líquida brik 200 ml,,,"0,65 €",,"3,25 €/Litro"
Nata Montada Granarolo Spray 250g,,,"1,99 €",,"7,96 €/Kilogramo"
Preparado de Soja para Cocinar Alpro brik 250 ml,,,"1,42 €",,"5,68 €/Litro"
Preparado vegetal para montar Granarolo brick 1 l,,,"2,99 €",,"2,99 €/Litro"
Activia con fresas 4x120 g,,,"2,59 €",,"5,40 €/Kilogramo"
Activia con frutas bosque 4x120 g,,,"2,59 €",,"5,40 €/Kilogramo"
Activia con lima & limón 0% 4x120 g,,,"2,59 €",,"5,40 €/Kilogramo"
Activia con mango 4x120 g,,,"2,59 €",,"5,40 €/Kilogramo"
Activia con pera 4x120 g,,,"2,59 €",,"5,40 €/Kilogramo"
Activia cremoso fresa 4 x 115 g,,,"2,49 €",,"5,41 €/Kilogramo"
Activia cremoso frutas silvestres 0 % 4x120g,,,"2,49 €",,"5,19 €/Kilogramo"
Activia cremoso lima y limón 4x115 g,,,"2,49 €",,"5,41 €/Kilogramo"
Activia cremoso multifrutas 0% 4x120 g,,,"2,49 €",,"5,19 €/Kilogramo"
Activia cremoso vainilla 0% 4x120 g,,,"2,49 €",,"5,19 €/Kilogramo"
Activia desnatado con ciruelas 4x120 g,,,"2,59 €",,"5,40 €/Kilogramo"
Activia desnatado con frutos rojos 4x120 g,,,"2,59 €",,"5,40 €/Kilogramo"
Activia desnatado con kiwi 4x120 g,,,"2,59 €",,"5,40 €/Kilogramo"
Activia desnatado con melocotón 4x120 g,,,"2,59 €",,"5,40 €/Kilogramo"
Activia desnatado con piña 4x120 g,,,"2,59 €",,"5,40 €/Kilogramo"
Activia fibras 0% cereales 4x120g,,,"2,59 €",,"5,40 €/Kilogramo"
Activia fibras 0% chía y almendra 4x115 g,,,"2,59 €",,"5,63 €/Kilogramo"
Activia fibras 0% muesli 4x120g,,,"2,59 €",,"5,40 €/Kilogramo"
Activia fibras avena nueces 4x115 g,,,"2,59 €",,"5,63 €/Kilogramo"
Activia fibras coco avena nueces 4x115 g,,,"2,59 €",,"5,63 €/Kilogramo"
Activia mango papaya con soja 4x120 g,,,"2,59 €",,"5,40 €/Kilogramo"
Activia natural 0% 4x120 g,,,"2,49 €",,"5,19 €/Kilogramo"
Activia natural 0% edulcorado 4x120 g,,,"2,49 €",,"5,19 €/Kilogramo"
Activia natural 0% edulcorado 8x120 g,,,"3,59 €",,"3,74 €/Kilogramo"
Activia natural 4x120g,,,"2,49 €",,"5,19 €/Kilogramo"
Activia natural 8x120 g,,,"3,59 €",,"3,74 €/Kilogramo"
Activia natural azucarado 8x120 g,,,"3,59 €",,"3,74 €/Kilogramo"
Activia natural desnatado 8x120 g,,,"3,59 €",,"3,74 €/Kilogramo"
Bífidus Froiz 0% con frutas variadas 8x125 g,,,"2,09 €",,"2,09 €/Kilogramo"
Bífidus Froiz 0% con muesli y fibra 4x125 g,,,"1,15 €",,"2,30 €/Kilogramo"
Bífidus Froiz con muesli y fibra 4x125 g,,,"1,15 €",,"2,30 €/Kilogramo"
Bífidus Froiz desnatado natural 4x125 g,,,"0,80 €",,"1,60 €/Kilogramo"
Bífidus Froiz natural 4x125 g,,,"0,80 €",,"1,60 €/Kilogramo"
Bífidus Xanceda ecológico desnatado con mango y vainilla 2x125 g,,,"2,05 €",,"8,20 €/Kilogramo"
Danacol líquido fresa 12x100 g,,,"6,59 €",,"5,49 €/Kilogramo"
Danacol líquido fresa 6x100 g,,,"4,29 €",,"7,15 €/Kilogramo"
Danacol líquido natural 12x100 g,,,"6,59 €",,"5,49 €/Kilogramo"
Danacol líquido natural 6x100 g,,,"4,29 €",,"7,15 €/Kilogramo"
Danacol líquido tropical 6x100 g,,,"4,29 €",,"7,15 €/Kilogramo"
Densia Danone forte fresa 4x100 ml,,,"1,99 €",,"4,98 €/Litro"
Densia Danone natural edulcorado 0% 4x120 g,,,"1,99 €",,"4,15 €/Kilogramo"
Activia kéfir natural 420 g,,,"1,99 €",,"4,74 €/Kilogramo"
Kéfir de cabra Cantero de Letur ecológico 2x125 g,,,"2,29 €",,"9,16 €/Kilogramo"
Kéfir Loureiro Eco Tarro Cristal 185 g,,,"1,35 €",,"7,30 €/Kilogramo"
Kéfir Nestlé líquido natural 500 ml,,,"1,89 €",,"3,78 €/Litro"
Kéfir Nestlé líquido natural 6x100 g,,,"2,95 €",,"4,92 €/Kilogramo"
Kéfir Nestlé natural tarrina 150 g,,,"1,25 €",,"8,33 €/Kilogramo"
Kéfir vaca Pastoret 500 g,,,"1,99 €","2,15 €","3,98 €/Kilogramo"
Kéfir Xanceda ecológico con frutas del bosque 2x125 g,,,"2,06 €",,"8,24 €/Kilogramo"
Actimel Danone 0% fresa 6x100 g,,,"3,39 €",,"5,65 €/Kilogramo"
Actimel Danone 0% natural 12x100 g,,,"5,49 €",,"4,58 €/Kilogramo"
Actimel Danone 0% natural 6x100g,,,"3,39 €",,"5,65 €/Kilogramo"
Actimel Danone fresa 12x100 g,,,"5,70 €",,"4,75 €/Kilogramo"
Actimel Danone fresa 6x100g,,,"3,39 €",,"5,65 €/Kilogramo"
Actimel Danone multifrutas 6x100g,,,"3,39 €",,"5,65 €/Kilogramo"
Actimel Danone natural 6x100g,,,"3,39 €",,"5,65 €/Kilogramo"
Actimel Danone natural multipack 12x100g,,,"5,49 €",,"4,58 €/Kilogramo"
Actimel Kid's fresa y plátano 6x100 g,,,"3,39 €",,"5,65 €/Kilogramo"
Froiz L. Casei líquido fresa 6x100 g,,,"1,29 €",,"2,15 €/Kilogramo"
Froiz L. Casei líquido natural azucarado 6x100 g,,,"1,29 €",,"2,15 €/Kilogramo"
Arroz con leche Danone 2x130 g,,,"1,19 €","1,39 €","4,58 €/Kilogramo"
Arroz con leche Froiz 4x125 g,,,"1,25 €",,"2,50 €/Kilogramo"
Copa Danone chocolate nata 2x110 g,,,"1,19 €","1,39 €","5,41 €/Kilogramo"
Copa Froiz nata chocolate 4x115 g,,,"1,20 €",,"2,61 €/Kilogramo"
Crema bombón Clesa 0.7% matería grasa 4x125 g,,,"1,39 €","1,49 €","2,78 €/Kilogramo"
Crema bombón Clesa original 4 x 125 g,,,"1,39 €","1,49 €","2,78 €/Kilogramo"
Crema bombón Clesa sin azúcares añadidos 4x125 g,,,"1,39 €","1,49 €","2,78 €/Kilogramo"
Crema catalana Dhul al baño María 2x100 g,,,"1,79 €",,"8,95 €/Kilogramo"
Crema Froiz bombón 4x125 g,,,"0,95 €",,"1,90 €/Kilogramo"
Cuajada Danone 2x135 g,,,"1,29 €",,"4,78 €/Kilogramo"
Cuajada Froiz 4x125 g,,,"1,15 €",,"2,30 €/Kilogramo"
Cuajada Gaza de oveja 140 g,,,"0,99 €",,"7,07 €/Kilogramo"
Cuajada leche oveja Alteza tarro 140 g,,,"0,95 €",,"6,79 €/Kilogramo"
Dalky Nestlé chocolate nata 4x100 g,,,"1,95 €","2,29 €","4,88 €/Kilogramo"
Dalky Nestlé dúo chocolate 4x90 g,,,"1,95 €","2,29 €","5,42 €/Kilogramo"
Dalky Nestlé fresa nata 4x100 g,,,"1,95 €","2,29 €","4,88 €/Kilogramo"
Danet chocolate 4x120 g,,,"2,29 €",,"0,57 €/Unidad"
Danet familiar vainilla 8x120 g,,,"3,62 €",,"3,77 €/Kilogramo"
Danet vainilla 4x120 g,,,"2,29 €",,"0,57 €/Unidad"
Delicias La Lechera galleta María 2x125 g,,,"1,59 €",,"6,36 €/Kilogramo"
Delicias La Lechera toffee 2x125 g,,,"1,59 €",,"6,36 €/Kilogramo"
Delicias La Lechera trufa 2x125 g,,,"1,59 €",,"6,36 €/Kilogramo"
Flan Clesa de huevo 4x110 g,,,"1,59 €",,"3,61 €/Kilogramo"
Flan Danone de queso 4x100 g,,,"2,39 €",,"5,98 €/Kilogramo"
Flan Dhul de clara de huevo Proteico 2x120 g,,,"1,69 €",,"7,04 €/Kilogramo"
Flan Dhul de huevo 0% materia grasa 4x100 g,,,"2,49 €",,"6,23 €/Kilogramo"
Flan Dhul de huevo 4x110 g,,,"2,49 €",,"5,66 €/Kilogramo"
Flan Dhul de huevo y café 4x110 g,,,"2,49 €",,"5,66 €/Kilogramo"
Flan Froiz huevo baño María 4x100 g,,,"1,25 €",,"3,13 €/Kilogramo"
Flan Froiz queso 4x100 g,,,"1,90 €",,"4,75 €/Kilogramo"
Flan Froiz vainilla 4x100 g,,,"0,59 €",,"1,48 €/Kilogramo"
Flanby La Lechera vainilla 4x100 g,,,"1,59 €",,"3,98 €/Kilogramo"
Gelatina Royal arándano 10 kcal 4x100g,,,"1,69 €",,"4,23 €/Kilogramo"
Gelatina Royal fresa 0% 4x100g,,,"1,69 €",,"4,23 €/Kilogramo"
Gelly Clesa sabores 0% azúcar 6x90 g,,,"1,49 €",,"2,76 €/Kilogramo"
Jelly Froiz con zumo de frutas y sabor a fresa 6x100 g,,,"0,95 €",,"1,58 €/Kilogramo"
Jelly Froiz con zumo de frutas y sabor a limón 6x100 g,,,"0,95 €",,"1,58 €/Kilogramo"
Mousse Danone natural azucarado pack 4x65 g,,,"2,29 €",,"8,81 €/Kilogramo"
Mousse La Lechera de limón 4x59 g,,,"2,25 €",,"9,53 €/Kilogramo"
Mousse La Lechera dúo chocolate 4x59 g,,,"2,25 €",,"9,53 €/Kilogramo"
Mousse Nestlé Gold chocolate 4x57 g,,,"1,99 €","2,35 €","8,73 €/Kilogramo"
Mousse Nestlé Gold vainilla 4x57 g,,,"1,99 €","2,35 €","8,73 €/Kilogramo"
Natillas Dhul vainilla sin azúcar 4x125 g,,,"1,69 €",,"3,38 €/Kilogramo"
Natillas Froiz chocolate 4x125 g,,,"0,90 €",,"1,80 €/Kilogramo"
Natillas Froiz con galleta 4x125 g,,,"1,20 €",,"2,40 €/Kilogramo"
Natillas Froiz vainilla 4x125 g,,,"0,90 €",,"1,80 €/Kilogramo"
Natillas La Lechera vainilla 4x115 g,,,"1,79 €",,"3,89 €/Kilogramo"
Natillas Reny Picot vainilla 1 l,,,"1,99 €",,"1,99 €/Litro"
Postre Larsa licor de café 125 g,,,"0,55 €",,"4,40 €/Kilogramo"
Postre Larsa manzana al horno 125 g,,,"0,55 €",,"4,40 €/Kilogramo"
Postre oro Dhul tiramisú 2x80 g,,,"1,99 €",,"12,44 €/Kilogramo"
Tocino de cielo Dhul 2x100 g,,,"1,59 €","1,79 €","7,95 €/Kilogramo"
Kvarg Lindahls stracciatella 150 g,,,"1,15 €",,"7,67 €/Kilogramo"
Pudding Lindahls chocolate 150 g,,,"1,15 €",,"7,67 €/Kilogramo"
Vitalínea Pro Satisfacción fresa 4x135 g,,,"2,69 €",,"4,98 €/Kilogramo"
Yopro Danone Drinks fresa y frambuesa 300 g,,,"2,39 €",,"7,97 €/Kilogramo"
Yopro Danone Drinks Straciatella 300 g,,,"2,39 €",,"7,97 €/Kilogramo"
Yopro Danone plátano y crema de cacahuete 2x160 g,,,"2,39 €",,"7,47 €/Kilogramo"
Yopro Danone Pudding caramelo 180 g,,,"1,49 €","1,69 €","8,28 €/Kilogramo"
Yopro Danone Pudding chocolate 180 g,,,"1,49 €","1,69 €","8,28 €/Kilogramo"
Yopro Danone sabor vainilla 2x160 g,,,"2,39 €",,"7,47 €/Kilogramo"
Alpro coco natural 350 g,,,"2,19 €",,"6,26 €/Kilogramo"
Alpro estilo griego natural coco 340 g,,,"2,99 €",,"8,79 €/Kilogramo"
Alpro proteína Pudding chocolate 200 g,,,"1,89 €",,"9,45 €/Kilogramo"
Alpro soja arándanos y frutos rojos 4x125 g,,,"2,39 €",,"4,78 €/Kilogramo"
Alpro soja coco 500 g,,,"2,19 €",,"4,38 €/Kilogramo"
Alpro soja con mango sin azúcar 400 g,,,"2,19 €",,"5,48 €/Kilogramo"
"Alpro soja melocotón 2x 125 g, y piña/frutas de la pasión 2x125 g",,,"2,39 €",,"4,78 €/Kilogramo"
Alpro soja piña y fruta de la pasión sin azúcar 400 g,,,"2,39 €",,"5,98 €/Kilogramo"
Alpro soja Skyr Style fresa 400 g,,,"2,39 €",,"5,98 €/Kilogramo"
Alpro soja vainilla 500 g,,,"2,39 €",,"4,78 €/Kilogramo"
Postre soja Alpro natural con avena 500 g,,,"2,39 €",,"4,78 €/Kilogramo"
Postre soja chocolate 4x100 g,,,"1,29 €",,"3,23 €/Kilogramo"
Postre soja frutos rojos 4x100 g,,,"0,98 €",,"2,45 €/Kilogramo"
Yogur Clesa Bienatur con arándanos 4x115 g,,,"1,89 €",,"4,11 €/Kilogramo"
Yogur Clesa Bienatur desnatado con manzana 4x115 g,,,"1,89 €",,"4,11 €/Kilogramo"
Yogur Froiz 0% con trozos de fresa 4x125 g,,,"0,93 €",,"1,86 €/Kilogramo"
Yogur Froiz 0% con trozos de melocotón 4x125 g,,,"0,93 €",,"1,86 €/Kilogramo"
Yogur Froiz cremoso pera pack 4x120 g,,,"0,99 €",,"2,06 €/Kilogramo"
Yogur La Lechera con fresa 2x125g,,,"1,49 €",,"5,96 €/Kilogramo"
Yogur La Lechera con melocotón 2x125g,,,"1,49 €",,"5,96 €/Kilogramo"
Yogur Larsa con cerezas 125 g,,,"0,42 €",,"3,36 €/Kilogramo"
Yogur Larsa con fresas 125 g,,,"0,42 €",,"3,36 €/Kilogramo"
Yogur Larsa con frutas del bosque 125 g,,,"0,42 €",,"3,36 €/Kilogramo"
Yogur Larsa con mandarina 125 g,,,"0,42 €",,"3,36 €/Kilogramo"
Yogur Larsa con melocotón 125 g,,,"0,42 €",,"3,36 €/Kilogramo"
Yogur Larsa desnatado con cereal 125 g,,,"0,46 €",,"3,68 €/Kilogramo"
Yogur Larsa desnatado con fresa 125 g,,,"0,46 €",,"3,68 €/Kilogramo"
Yogur Larsa desnatado con piña 125 g,,,"0,46 €",,"3,68 €/Kilogramo"
Yogur Cantero Letur eco griego cabra 420 g,,,"3,49 €",,"8,31 €/Kilogramo"
Yogur Danone Oikos con fresa 4x110 g,,,"2,49 €",,"5,66 €/Kilogramo"
Yogur Danone Oikos manzana canela 2x110 g,,,"1,49 €",,"6,77 €/Kilogramo"
Yogur Danone Oikos natural 4x110 g,,,"2,09 €","2,39 €","4,75 €/Kilogramo"
Yogur Danone Oikos natural azucarado 4x110 g,,,"2,09 €","2,39 €","4,75 €/Kilogramo"
Yogur Danone Oikos sabor fresa 4x110 g,,,"2,49 €",,"5,66 €/Kilogramo"
Yogur Danone Oikos sabor lima y limón 4x110 g,,,"2,49 €",,"5,66 €/Kilogramo"
Yogur Danone Oikos Stracciatella 4x110 g,,,"2,49 €",,"5,66 €/Kilogramo"
Yogur Froiz griego con fresas 4x125 g,,,"1,17 €",,"2,34 €/Kilogramo"
Yogur Froiz griego fresa bicapa 4x125 g,,,"1,60 €",,"3,20 €/Kilogramo"
Yogur Froiz griego natural 6x125 g,,,"1,30 €",,"1,73 €/Kilogramo"
Yogur Froiz griego natural azucarado 6x125 g,,,"1,35 €",,"1,80 €/Kilogramo"
Yogur Froiz griego stracciatella 4x125 g,,,"1,20 €",,"2,40 €/Kilogramo"
Yogur La Lechera Trío de Sabor fresa y chocolate 2x120 g,,,"1,59 €",,"6,63 €/Kilogramo"
Yogur Xanceda cremoso ecológico griego natural 400 g,,,"2,55 €",,"6,38 €/Kilogramo"
Yogur Xanceda ecológico griego con cítricos 400 g,,,"2,89 €",,"7,23 €/Kilogramo"
Yogur Xanceda ecológico griego con Stracciatella 2x125 g,,,"1,95 €",,"7,80 €/Kilogramo"
Danonino Bebedino fresa 4x100 g,,,"2,29 €",,"5,73 €/Kilogramo"
Danonino Petit chocolate 6x50 g,,,"1,49 €",,"4,97 €/Kilogramo"
Danonino Petit con fresa 6x50 g,,,"1,39 €",,"4,63 €/Kilogramo"
Danonino Petit fresa plátano 6x50 g,,,"1,39 €",,"4,63 €/Kilogramo"
Danonino Petit maxi fresa 4x100g,,,"1,99 €",,"4,98 €/Kilogramo"
Danonino Pouch fresa 4x70 g,,,"2,29 €",,"8,18 €/Kilogramo"
Nesquik snack multipack 4x26g,,,"1,99 €",,"19,13 €/Kilogramo"
Petit Froiz fresa 6x50 g,,,"0,79 €",,"2,63 €/Kilogramo"
Petit Nesquik 6x60 g,,,"1,49 €",,"4,14 €/Kilogramo"
Yogur Alteza con bolitas de cereales bañadas en chocolate 2x143 g,,,"1,05 €",,"3,67 €/Kilogramo"
Yogur Clesa Crecimiento fresa y plátano 8x120 g,,,"2,59 €",,"2,70 €/Kilogramo"
Yogur Dúo Kit Kat Mix-in 2x115 g,,,"1,85 €",,"8,04 €/Kilogramo"
Yogur Dúo Smarties fresa 2x128 g,,,"1,85 €",,"7,23 €/Kilogramo"
Yogur Nestlé Jungly Dúo 2x105 g,,,"1,85 €",,"8,81 €/Kilogramo"
Yogur Xanceda ecológico junior con fresa 2x125 g,,,"1,95 €",,"7,80 €/Kilogramo"
Yogur Xanceda ecológico Junior con manzana y plátano 2x125 g,,,"1,95 €",,"7,80 €/Kilogramo"
Yogur Xanceda ecológico multifrutas bebible 90g,,,"1,35 €",,"15,00 €/Kilogramo"
Danone beber fresa 550 g,,,"1,99 €",,"3,62 €/Kilogramo"
Danone beber fresa-plátano 550 g,,,"1,99 €",,"3,62 €/Kilogramo"
Yogur Feiraco líquido fresa 3x200 ml,,,"1,49 €",,"2,48 €/Litro"
Yogur Feiraco líquido natural 3x200 ml,,,"1,49 €",,"2,48 €/Litro"
Yogur Froiz líquido 0% fresa 4x158 g,,,"1,19 €",,"1,88 €/Kilogramo"
Yogur Froiz líquido 0% frutas tropicales 4x158 g,,,"1,19 €",,"1,88 €/Kilogramo"
Yogur Froiz líquido 0% piña 4x158 g,,,"1,19 €",,"1,88 €/Kilogramo"
Yogur Froiz líquido 0% plátano 4x158 g,,,"1,19 €",,"1,88 €/Kilogramo"
Yogur Froiz líquido fresa y plátano 1 kg,,,"1,35 €",,"1,35 €/Kilogramo"
Yogur Froiz líquido natural semidesnatado con azucar caña 1 kg,,,"1,46 €",,"1,46 €/Kilogramo"
Yogur Sveltesse líquido fresa-kiwi 750 g,,,"1,99 €",,"2,65 €/Kilogramo"
Vitalínea natural 4x120 g,,,"1,69 €",,"3,52 €/Kilogramo"
Vitalínea natural edulcorado 4x120 g,,,"1,69 €",,"3,52 €/Kilogramo"
Yogur Clesa Bienatur natural cremoso 4x115 g,,,"1,39 €",,"3,02 €/Kilogramo"
Yogur Clesa natural 8x125g,,,"2,35 €",,"2,35 €/Kilogramo"
Yogur Danone natural azucarado Pack 4x120 g,,,"1,39 €",,"2,90 €/Kilogramo"
Yogur Danone natural azucarado Pack 8x120 g,,,"2,39 €",,"2,49 €/Kilogramo"
Yogur Danone natural Pack 4x120 g,,,"1,39 €",,"2,90 €/Kilogramo"
Yogur Danone natural Pack 8x120 g,,,"2,39 €",,"2,49 €/Kilogramo"
Yogur Froiz desnatado natural 4x125 g,,,"0,63 €",,"1,26 €/Kilogramo"
Yogur Froiz natural 4x125 g,,,"0,63 €",,"1,26 €/Kilogramo"
Yogur Froiz natural azucarado 4x125 g,,,"0,63 €",,"1,26 €/Kilogramo"
Yogur La Lechera natural azucarado 2x125 g,,,"1,29 €",,"5,16 €/Kilogramo"
Yogur Larsa desnatado natural 125 g,,,"0,36 €",,"2,88 €/Kilogramo"
Yogur Larsa natural 125 g,,,"0,32 €",,"2,56 €/Kilogramo"
Yogur Larsa natural 8x125 g,,,"2,29 €",,"2,29 €/Kilogramo"
Yogur Larsa natural azucarado 125 g,,,"0,32 €",,"2,56 €/Kilogramo"
Yogur Xanceda ecológico desnatado natural 2x125 g,,,"1,95 €",,"7,80 €/Kilogramo"
Yogur Xanceda ecológico natural 2x125g,,,"1,75 €",,"7,00 €/Kilogramo"
Yogur Clesa fresa plátano 8x125 g,,,"2,35 €",,"2,35 €/Kilogramo"
Yogur Danone fresa macedonia galleta Pack 8x120 g,,,"2,39 €",,"2,49 €/Kilogramo"
Yogur Danone fresa macedonia plátano Pack 8x120 g,,,"2,39 €",,"2,49 €/Kilogramo"
Yogur Danone fresa Pack 4x120 g,,,"1,39 €",,"2,90 €/Kilogramo"
Yogur Danone limón Pack 4x120 g,,,"1,39 €",,"2,90 €/Kilogramo"
Yogur Danone macedonia-fresa coco-fambruesa Pack 8x120 g,,,"2,39 €",,"2,49 €/Kilogramo"
Yogur Danone sabor coco Pack 4x120 g,,,"1,39 €",,"2,90 €/Kilogramo"
Yogur Danone sabor macedonia Pack 4x120 g,,,"1,39 €",,"2,90 €/Kilogramo"
Yogur Froiz 0% fresa 4x125 g,,,"0,85 €",,"1,70 €/Kilogramo"
Yogur Froiz 0% frutas tropicales 4x125 g,,,"0,85 €",,"1,70 €/Kilogramo"
"Yogur Froiz cremoso galleta, plátano y naranja 4x120 g",,,"1,05 €",,"2,19 €/Kilogramo"
Yogur Froiz fresa 4x125 g,,,"0,70 €",,"1,40 €/Kilogramo"
Yogur Froiz limón 4x125 g,,,"0,70 €",,"1,40 €/Kilogramo"
Yogur Froiz macedonia 4x125 g,,,"0,70 €",,"1,40 €/Kilogramo"
Yogur Froiz piña 4x125 g,,,"0,70 €",,"1,40 €/Kilogramo"
Yogur Froiz plátano 4x125 g,,,"0,70 €",,"1,40 €/Kilogramo"
Yogur La Lechera sabor fresa 2x125 g,,,"1,29 €",,"5,16 €/Kilogramo"
Yogur Larsa desnatado fresa 125 g,,,"0,36 €",,"2,88 €/Kilogramo"
Yogur Larsa fresa 125 g,,,"0,32 €",,"2,56 €/Kilogramo"
Yogur Larsa limón 125 g,,,"0,32 €",,"2,56 €/Kilogramo"
Yogur Larsa piña 125 g,,,"0,32 €",,"2,56 €/Kilogramo"
Yogur Larsa plátano 125 g,,,"0,32 €",,"2,56 €/Kilogramo"
Yogur Larsa vainilla 125 g,,,"0,32 €",,"2,56 €/Kilogramo"
Yogur Larsa vainilla 8x125 g,,,"2,29 €",,"2,29 €/Kilogramo"
Yogur Vitalínea fresa 4x120 g,,,"1,69 €",,"3,52 €/Kilogramo"
Yogur Vitalínea frutas bosque 4x120 g,,,"1,69 €",,"3,52 €/Kilogramo"
Yogur Vitalínea limón 4x120 g,,,"1,69 €",,"3,52 €/Kilogramo"
Yogur Xanceda ecológico con vainilla 2x125 g,,,"1,99 €",,"7,96 €/Kilogramo"
Yogur Xanceda ecológico desnatado con vainilla 2x125 g,,,"2,05 €",,"8,20 €/Kilogramo"
Crema bombón sin lactosa Clesa 4x125 g,,,"1,39 €","1,49 €","2,78 €/Kilogramo"
Flan Dhul de huevo sin lactosa 4x110 g,,,"2,49 €",,"5,66 €/Kilogramo"
Kaiku sin lactosa desnatado con frambuesa 4x125 g,,,"2,29 €",,"4,58 €/Kilogramo"
Kaiku sin lactosa desnatado melocotón 4x125 g,,,"2,29 €",,"4,58 €/Kilogramo"
Kaiku sin lactosa desnatado natural 4x125 g,,,"2,19 €",,"4,38 €/Kilogramo"
Kaiku sin lactosa griego stracciatella 4x90 g,,,"2,29 €",,"6,36 €/Kilogramo"
Larsa sin lactosa sabor vainilla 125 g,,,"0,42 €",,"3,36 €/Kilogramo"
Yogur Froiz líquido sin lactosa 0% fresa 4x159 g,,,"1,65 €",,"2,59 €/Kilogramo"
Yogur Froiz sin lactosa natural azucarado 4x125 g,,,"1,39 €",,"2,78 €/Kilogramo"
Yogur Froiz sin lactosa sabor fresa 4x125 g,,,"1,39 €",,"2,78 €/Kilogramo"
