Nome,Marca,Unidade,Preço Primário,Preço Secundário
Bombons de Chocolate com Recheio de Creme e Avelã,Ferrero Rocher,emb. 200 gr,"€4,09/un","€20,45/kg"
Cápsulas de Café Buondi,Buondi,emb. 4 x 10 un,"€10,99/un","€0,27/un"
Arroz Basmati,Caçarola,"emb. 2,5 kg","€5,69/un","€2,28/kg"
Atum Posta em Óleo,Bom Petisco,emb. 200 gr (peso escorrido 130 gr),"€2,75/un","€21,15/kg"
Óleo de Girassol Puro,Fula,emb. 1 lt,"€2,64/un","€2,64/lt"
Massa Esparguete,Milaneza,emb. 500 gr,"€0,94/un","€1,88/kg"
Cereais Lion Caramelo e Chocolate,Lion,emb. 400 gr,"€3,89/un","€9,73/kg"
Sal Marinho Tradicional,Marnoto,emb. 1 kg,"€0,89/un","€0,89/kg"
Azeite Virgem Extra,Herdade do Esporão,emb. 75 cl,"€6,07/un","€8,09/lt"
Polpa de Tomate,Compal da Horta,emb. 3 x 210 gr,"€1,69/un","€2,68/kg"
Arroz Agulha,Cigala,emb. 1 kg,"€1,49/un","€1,49/kg"
Barras de Cereais Chocapic,Chocapic,emb. 12 x 25 gr,"€4,39/un","€21,95/kg"
Bolo de Leite,Manhãzitos,emb. 280 gr (8 un),"€3,99/un","€14,25/kg"
Cápsulas de Café Buondi Int 8,Dolce Gusto,emb. 64 un,"€17,99/un","€0,28/un"
Arroz Basmati,Continente,emb. 1 kg,"€2,29/un","€2,29/kg"
Atum Posta ao Natural,Continente Equilíbrio,emb. 120 gr (peso escorrido 85 gr),"€0,85/un","€10,00/kg"
Atum Posta em Azeite,Bom Petisco,emb. 120 gr (peso escorrido 78 gr),"€1,89/un","€24,23/kg"
Açúcar Branco,Continente,emb. 1 kg,"€1,49/un","€1,49/kg"
Cápsulas de Café Qalidus Int 10,Delta Q,emb. 80 un,"€21,99/un","€0,27/un"
Atum Filetes em Azeite,Tenorio,emb. 120 gr (peso escorrido 78 gr),"€2,69/un","€34,49/kg"
Azeite Virgem Extra Sublime,Gallo,emb. 75 cl,"€4,49/un","€5,99/lt"
Infusão Nº19 Camomila Saquetas,Raízes da Natureza,emb. 10 un,"€0,74/un","€0,07/un"
Cápsulas de Café Sical Intensidade 7,Dolce Gusto,emb. 64 un,"€17,99/un","€0,28/un"
Cápsulas de Café Original Int 8,Buondi,emb. 10 un,"€4,09/un","€0,41/un"
Massa Esparguete,Continente,emb. 500 gr,"€0,80/un","€1,60/kg"
Óleo Alimentar,Continente,emb. 1 lt,"€2,59/un","€2,59/lt"
Atum ao Natural,Tritão,emb. 110 gr (peso escorrido 77 gr),"€0,75/un","€9,74/kg"
Azeite Virgem Extra Selecionado Pet,Oliveira da Serra,emb. 75 cl,"€4,29/un","€5,72/lt"
Batata Frita Gourmet Lisa Corte Fino,Lay's Gourmet,emb. 150 gr,"€2,29/un","€15,27/kg"
Azeite Virgem Extra,Continente,emb. 75 cl,"€3,29/un","€4,39/lt"
Salsichas Frankfurt Lata 10 un Pack Poupança,Continente,emb. 380 gr (peso escorrido 250 gr),"€0,94/un","€3,76/kg"
"Doses Fruta Maçã, Banana, Laranja e Ananás Kids +3A",Compal Essencial,emb. 3 x 11 cl,"€2,29/un","€6,94/lt"
Miolo de Caju Cru,Continente,emb. 200 gr,"€2,99/un","€14,95/kg"
Bolachas Maria,Continente,emb. 800 gr (4 un),"€1,49/un","€1,86/kg"
Atum Posta ao Natural,Bom Petisco,emb. 120 gr (peso escorrido 84 gr),"€1,39/un","€16,55/kg"
Máquina de Café Manual KBECM4842,Kubo,emb. 1 un,"€79,99/un","€79,99/un"
Atum Posta em Óleo de Girassol,Bolina,emb. 385 gr (peso escorrido 250 gr),"€3,49/un","€13,96/kg"
Cápsulas de Café Ardenza Int 11,Dolce Gusto,emb. 64 un,"€17,99/un","€0,28/un"
Cogumelos Laminados,Continente,emb. 355 gr (peso escorrido 185 gr),"€0,99/un","€5,35/kg"
Miolo de Noz Metades,Continente,emb. 200 gr,"€2,69/un","€13,45/kg"
Atum Posta em Óleo,Bom Petisco,emb. 120 gr (peso escorrido 78 gr),"€1,69/un","€21,67/kg"
Óleo Alimentar,Fula,emb. 3 lt,"€7,89/un","€2,63/lt"
Cereais Chocapic Chocolate,Chocapic,emb. 625 gr,"€3,24/un","€5,18/kg"
Caju Torrado sem Sal,Continente,emb. 200 gr,"€3,59/un","€17,95/kg"
Cápsulas de Café Qharacter Int 9,Delta Q,emb. 60 un,"€17,99/un","€0,30/un"
Azeite Virgem Extra Cooperativa,Continente,emb. 3 lt,"€12,49/un","€4,16/lt"
Arroz Agulha Europa,Continente,emb. 1 kg,"€1,09/un","€1,09/kg"
Massa Esparguete Pack Poupança,Continente,emb. 1 kg,"€1,39/un","€1,39/kg"
Tomate em Pedaços,Continente,emb. 390 gr,"€0,69/un","€1,77/kg"
Batata Frita Palha Pack Poupança,Continente,emb. 400 gr,"€1,59/un","€3,98/kg"
Cápsulas de Café Ristretto Int 11,L'Or,emb. 40 un,"€12,69/un","€0,32/un"
Tablete de Chocolate Negro com Caramelo 70%,Jubileu,emb. 100 gr,"€1,99/un","€19,90/kg"
Batata Frita Palha Caseira,Pála-Pála,emb. 500 gr,"€2,99/un","€5,98/kg"
Cápsulas de Café Qalidus Int 10,Delta Q,emb. 2 x 80 un,"€38,99/un","€0,24/un"
Azeite Pet,Oliveira da Serra,emb. 75 cl,"€3,99/un","€5,32/lt"
Miolo de Amêndoa Torrada,Continente,emb. 200 gr,"€3,99/un","€19,95/kg"
Salsichas Frankfurt Originais Lata 10 un,Nobre,emb. 380 gr (peso escorrido 250 gr),"€1,34/un","€5,36/kg"
Cogumelos Laminados,Continente,emb. 3 x 185 gr (peso escorrido 3 x 105 gr),"€2,25/un","€7,14/kg"
Bolachas Mini Pepitas de Chocolate,Chips Ahoy,emb. 160 gr (4 un),"€1,49/un","€9,31/kg"
Azeite Virgem Extra,Oliveira da Serra,"emb. 1,5 lt","€7,83/un","€5,22/lt"
Noodles de Camarão,Continente,emb. 70 gr,"€0,54/un","€7,71/kg"
Azeite Subtil Pet,Gallo,emb. 3 lt,"€19,69/un","€6,56/lt"
Batata Frita Ondulada,Continente,emb. 200 gr,"€1,29/un","€6,45/kg"
Bolachas com Pepitas de Chocolate,Continente,emb. 150 gr,"€0,99/un","€6,60/kg"
Bombons de Chocolate com Recheio de Creme e Avelã,Ferrero Rocher,emb. 375 gr,"€7,24/un","€19,31/kg"
Óleo Alimentar,Fula,emb. 1 lt,"€2,69/un","€2,69/lt"
Batata Frita Lisa Azeite,Continente,emb. 150 gr,"€1,09/un","€7,27/kg"
Bolachas Recheadas Choco Flakes,Cuétara,emb. 500 gr,"€3,99/un","€7,98/kg"
Bolachas Recheadas Cacau,Continente,emb. 500 gr,"€1,39/un","€2,78/kg"
Arroz Vaporizado,Continente,emb. 1 kg,"€1,09/un","€1,09/kg"
Massa Espirais,Continente,emb. 500 gr,"€0,99/un","€1,98/kg"
Cápsulas de Café Mythiq XXL Int 15,Delta Q,emb. 60 un,"€17,99/un","€0,30/un"
Batata Frita Forno Ondulada Original,Lay's,emb. 150 gr,"€1,29/un","€8,60/kg"
Arroz Carolino,Continente,emb. 1 kg,"€0,99/un","€0,99/kg"
Azeite Virgem Extra,Ouro d'Elvas,emb. 3 lt,"€20,69/un","€6,90/lt"
Farinha de Trigo Fina com Fermento,Branca de Neve,emb. 1 kg,"€1,99/un","€1,99/kg"
Cápsulas de Café Intenso Int 7,Dolce Gusto,emb. 64 un,"€17,99/un","€0,28/un"
Bolachas Marinheiras com Chia,Cem Porcento,emb. 200 gr,"€2,89/un","€14,45/kg"
Leite em Pó de Transição Supreme H.A. 2 +6M,Nan,emb. 800 gr,"€25,99/un","€32,49/kg"
Cápsulas de Café EpiQ Int 14,Delta Q,emb. 60 un,"€17,99/un","€0,30/un"
Cápsulas de Café Ristretto Napoli Style Int 13,Dolce Gusto,emb. 64 un,"€17,99/un","€0,28/un"
Massa Esparguete,Barilla,emb. 500 gr,"€2,19/un","€4,38/kg"
Arroz Agulha Extra Longo,Caçarola,emb. 1 kg,"€1,14/un","€1,14/kg"
Arroz Carolino,Caçarola,emb. 1 kg,"€1,59/un","€1,59/kg"
Massa Espirais Fusilli Tricolor,Milaneza,emb. 500 gr,"€2,15/un","€4,30/kg"
Saqueta de Fruta Banana e Morango +8M,Continente,emb. 90 gr,"€0,74/un","€8,22/kg"
Bolachas Belgas,Saborosa,emb. 220 gr(6 un),"€1,99/un","€9,05/kg"
Grão de Bico Cozido,Continente,emb. 520 gr,"€0,99/un","€1,90/kg"
Miolo de Amêndoa com Pele,Continente,emb. 200 gr,"€2,65/un","€13,25/kg"
Saqueta de Fruta Maçã e Manga +8M,Continente,emb. 90 gr,"€0,74/un","€8,22/kg"
Infusão Menta Saquetas,Cem Porcento,emb. 10 un,"€0,79/un","€0,08/un"
Miolo de Caju com Sal,Continente,emb. 200 gr,"€2,99/un","€14,95/kg"
Atum Posta ao Natural,Bom Petisco,emb. 385 gr (peso escorrido 251 gr),"€4,26/un","€16,97/kg"
Milho Doce,Continente,emb. 3 x 150 gr (peso escorrido 3 x 140 gr),"€1,89/un","€4,50/kg"
Atum Posta em Azeite,Bom Petisco,emb. 385 gr (peso escorrido 251 gr),"€5,69/un","€22,67/kg"
Creme para Barrar Chocolate e Avelãs,Nutella,emb. 600 gr,"€5,29/un","€8,82/kg"
Massa Macarrão Riscado,Continente,emb. 500 gr,"€0,99/un","€1,98/kg"
Grão de Bico Cozido,Compal da Horta,emb. 845 gr (peso escorrido 468 gr),"€1,99/un","€4,25/kg"
Grão de Bico Cozido,Compal da Horta,emb. 410 gr (peso escorrido 234 gr),"€1,29/un","€5,51/kg"
Atum em Filete Natural,Tenorio,emb. 120 gr (peso escorrido 84 gr),"€2,69/un","€32,02/kg"
Mini Muffins Little Bites,Bimbo,emb. 188 gr (4 un),"€2,99/un","€15,90/kg"
Atum Posta ao Natural,Bom Petisco,emb. 200 gr (peso escorrido 140 gr),"€2,39/un","€17,07/kg"
Polpa de Tomate,Continente,emb. 3 x 210 gr,"€1,29/un","€2,05/kg"
Puré de Batata,Maggi,emb. 250 gr,"€1,85/un","€7,40/kg"
Atum em Óleo,Continente,emb. 120 gr (peso escorrido 85 gr),"€0,89/un","€10,47/kg"
Açúcar Branco de Cana,Sidul,emb. 1 kg,"€1,69/un","€1,69/kg"
Doses Fruta Pera +3A,Compal Essencial,emb. 3 x 11 cl,"€2,29/un","€6,94/lt"
Doce Extra Figo,Bonne Maman,emb. 370 gr,"€3,59/un","€9,70/kg"
Salsichas de Aves Lata 8 un,Continente,emb. 350 gr (peso escorrido 200 gr),"€0,89/un","€4,45/kg"
Bolachas Argolinhas com Cobertura Chocolate Branco,Continente,emb. 150 gr,"€0,79/un","€5,27/kg"
Doce de Alperce Intense,Bonne Maman,emb. 335 gr,"€3,49/un","€10,42/kg"
Saqueta de Fruta Multifrutos +8M,Continente,emb. 90 gr,"€0,74/un","€8,22/kg"
Trufas de Chocolate de Leite,Delaviuda,emb. 150 gr,"€2,39/un","€15,93/kg"
Batata Frita Lisa Original,Lay's,emb. 160 gr,"€1,29/un","€8,06/kg"
Batata Frita Lisa Clássica,Continente,emb. 170 gr,"€1,29/un","€7,59/kg"
Cápsulas de Café Mythiq Int 15,Delta Q,emb. 80 un,"€21,99/un","€0,27/un"
Maionese Trufas,Heinz,emb. 220 ml,"€2,33/un","€10,59/lt"
Cápsulas de Café Qalidus Int 10,Delta Q,emb. 60 un,"€17,99/un","€0,30/un"
Cereais Pétalas de Chocolate Pack Poupança,Continente,emb. 1 kg,"€3,19/un","€3,19/kg"
Vinagre de Sidra Hortelã,Gallo,"emb. 0,25 lt","€2,69/un","€10,76/lt"
Batata Frita Sal Marinho e Vinagre,Tyrrell's,emb. 150 gr,"€2,64/un","€17,60/kg"
Mel Mil Flores,G. S. Francisco,emb. 350 gr,"€5,89/un","€16,83/kg"
Sardinha Inteira em Azeite com Limão,Minerva,emb. 120 gr (peso escorrido 85 gr),"€1,49/un","€17,53/kg"
"Barras de Cereais Proteína Coco, Cacau e Caju Special K",Kellogg's,emb. 4 x 28 gr,"€3,79/un","€33,84/kg"
Pastilhas Elásticas de Bubblemint sem Açúcar,Orbit,emb. 4 un,"€1,99/un","€33,17/kg"
Maçã Verde Desidratada sem Glúten,Fruut,emb. 60 gr,"€1,99/un","€33,17/kg"
Bombons de Chocolate Brandy&Cherry Bohme,Wissol,emb. 150 gr,"€3,29/un","€21,93/kg"
Bebida de Chocolate Solúvel,Nesquik,emb. 1 kg,"€6,19/un","€6,19/kg"
Atum Posta em Óleo,Alva,emb. 110 gr (peso escorrido 72 gr),"€0,99/un","€13,75/kg"
Feijão Manteiga Cozido,Compal da Horta,emb. 845 gr (peso escorrido 468 gr),"€1,99/un","€4,25/kg"
Feijão Preto Cozido,Continente,emb. 820 gr (peso escorrido 520 gr),"€0,99/un","€1,90/kg"
Doses Fruta Manga +3A,Compal Essencial,emb. 3 x 11 cl,"€2,29/un","€6,94/lt"
Bolo Glacé,Donuts,emb. 200 gr (4 un),"€2,99/un","€14,95/kg"
"Saqueta de Fruta Pêssego, Maçã e Banana +8M",Continente,emb. 90 gr,"€0,74/un","€8,22/kg"
Cereais Chocapic,Chocapic,emb. 740 gr + 35% grátis,"€4,99/un","€6,74/kg"
Infusão Nº3 Estômassil Saquetas,Raízes da Natureza,emb. 10 un,"€0,94/un","€0,09/un"
Salsichas Hot Dog Frasco 6 un,Continente,emb. 540 gr (peso escorrido 300 gr),"€2,99/un","€9,97/kg"
Infusão Nº13 Hipertenssil Saquetas,Raízes da Natureza,emb. 10 un,"€0,94/un","€0,09/un"
Gelatina Pronta Vegetal Ananás,Koala,emb. 130 gr,"€1,16/un","€8,92/kg"
Milho Doce,Bonduelle,emb. 3 x 140 gr (peso escorrido 3 x 72 gr),"€2,43/un","€5,79/kg"
Saqueta de Fruta Maçã e Banana +8M,Continente,emb. 90 gr,"€0,74/un","€8,22/kg"
Snack Equilíbrio de Cereais Queijo e Cebola,Sunbites,emb. 95 gr,"€1,89/un","€19,89/kg"
Feijão Manteiga Cozido,Continente,emb. 830 gr (peso escorrido 520 gr),"€0,99/un","€1,90/kg"
Bolo com Recheio de Chocolate,Bollycao,emb. 228 gr (4 un),"€1,99/un","€8,73/kg"
Infusão Nº32 Oliveira Saquetas,Raízes da Natureza,emb. 10 un,"€0,74/un","€0,07/un"
Bolachas de Chocolate com Recheio de Creme,Oreo,emb. 440 gr (10 un),"€3,99/un","€9,07/kg"
Filete Atum em Azeite Biológico,Tenorio,emb. 120 gr (peso escorrido 78 gr),"€2,89/un","€37,05/kg"
Flocos Aveia Finos Integral Pack Poupança,Continente Equilíbrio,emb. 1 kg,"€1,59/un","€1,59/kg"
Batata Frita Lisa Light Original,Lay's,emb. 140 gr,"€1,89/un","€13,50/kg"
Drageias Gorila Go Fruity sem Açúcar Morango,Gorila,emb. 20 gr,"€0,69/un","€34,50/un"
Drageias Gorila Go Fresh sem Açúcar Spearmint,Gorila,emb. 20 gr,"€0,69/un","€34,50/un"
Grão de Bico Cozido sem Glúten,Continente,emb. 540 gr (peso escorrido 400 gr),"€0,65/un","€1,63/kg"
Bombons de Chocolate com Recheio de Creme de Avelã,Ferrero Rocher,emb. 525 gr,"€17,99/un","€34,27/kg"
Ketchup Top Down,Heinz,emb. 460 gr,"€3,69/un","€8,02/kg"
Doses Fruta Maçã +3A,Compal Essencial,emb. 3 x 11 cl,"€2,29/un","€6,94/lt"
Batata Frita Lisa Sabor Camponesa,Continente,emb. 175 gr,"€1,29/un","€7,37/kg"
Atum Filete ao Natural,Tenorio,emb. 200 gr (peso escorrido 140 gr),"€4,85/un","€34,64/kg"
Cápsulas de Café Origins Collection,Delta Q,emb. 40 un,"€12,99/un","€0,32/un"
Azeite Virgem Extra Clássico Pet,Gallo,emb. 3 lt,"€21,99/un","€7,33/lt"
Cápsulas de Café Espresso Sical,Dolce Gusto,emb. 3 x 16 un,"€14,89/un","€0,31/un"
Tablete de Chocolate de Leite com Avelã,Milka,emb. 270 gr,"€2,99/un","€11,07/kg"
Azeite Virgem DOP Moura,Moura,emb. 5 lt,"€24,99/un","€5,00/lt"
Gelatina Pronta Tropical,Royal,emb. 400 gr (4 un),"€2,19/un","€5,48/kg"
Salsichas de Peru Cuida-t+ sem Glúten Frasco 4 un,Nobre,emb. 430 gr (peso escorrido 210 gr),"€2,59/un","€12,33/kg"
Doses Fruta Pêssego +3A,Compal Essencial,emb. 3 x 11 cl,"€2,29/un","€6,94/lt"
Doce Alperce,Casa de Mateus,emb. 345 gr,"€3,29/un","€9,54/kg"
Saqueta de Frutos Tropicais +8M,Continente,emb. 90 gr,"€0,74/un","€8,22/kg"
Mel Flores,Continente,emb. 500 gr,"€3,49/un","€6,98/kg"
Bolachas Crackers com Sal,Continente,emb. 500 gr (14 un),"€1,69/un","€3,38/kg"
Atum em Filete com Limão e Piripiri,Tenorio,emb. 120 gr (peso escorrido 78 gr),"€2,89/un","€37,05/kg"
Óleo de Girassol,Continente,emb. 1 lt,"€2,69/un","€2,69/lt"
Miolo de Amendoim Torrado,Continente,emb. 200 gr,"€1,09/un","€5,45/kg"
Atum Filete em Azeite,Tenorio,emb. 200 gr (peso escorrido 140 gr),"€4,85/un","€34,64/kg"
Café em Grão Torrado Lote Superior,Delta,emb. 1 kg,"€15,49/un","€15,49/kg"
Saqueta de Fruta Maçã e Morango +8M,Continente,emb. 90 gr,"€0,74/un","€8,22/kg"
Miolo de Amêndoa Torrada com Pele,Os Originais,emb. 200 gr,"€4,99/un","€24,95/kg"
Batata Frita Ondulada Original,Ruffles,emb. 282 gr,"€2,75/un","€9,75/kg"
Gressinos Naturais,Continente,emb. 5 x 50 gr,"€1,59/un","€6,36/kg"
Arroz Carolino,Bom Sucesso,emb. 1 kg,"€1,44/un","€1,44/kg"
Beterraba em Vinagre,Ferbar,emb. 345 gr (peso escorrido 180 gr),"€1,49/un","€8,28/kg"
Feijão Frade Cozido,Compal da Horta,emb. 410 gr (peso escorrido 234 gr),"€1,29/un","€5,51/kg"
Leite de Coco,Continente,emb. 400 ml,"€1,49/un","€3,73/lt"
Cereais Estrelitas Mel,Estrelitas,emb. 750 gr,"€3,89/un","€5,19/kg"
Atum Posta em Azeite,Bom Petisco,emb. 200 gr (peso escorrido 130 gr),"€3,19/un","€24,54/kg"
Pastilhas Elásticas Morango Sem Açúcar,Trident,"emb. 82,5 gr","€2,99/un","€36,02/kg"
Salsichas Bockwurst Frasco 5 un,Continente,emb. 380 gr (peso escorrido 250 gr),"€2,49/un","€9,96/kg"
Bolachas Dinossauros,Artiach,emb. 185 gr (6 un),"€2,09/un","€11,30/kg"
Salsichas de Aves Cocktail Lata,Nobre,emb. 350 gr (peso escorrido 180 gr),"€1,89/un","€10,50/kg"
Cápsulas de Café deQafeinatus Int 1,Delta Q,emb. 40 un,"€12,99/un","€0,32/un"
Mix Caju Cru e Arandos,Continente,emb. 200 gr,"€2,99/un","€14,95/kg"
Tapioca Hidratada sem Glúten,Da Terrinha,emb. 500 gr,"€3,49/un","€6,98/kg"
Café em Grão Torrado Lote Chávena,Delta,emb. 1 kg,"€12,99/un","€12,99/kg"
Massa Laços Farfalle,Milaneza,emb. 500 gr,"€1,86/un","€3,72/kg"
Puré de Fruta Maçã e Pera +6M,Blédina,emb. 4 x 95 gr,"€2,79/un","€7,34/kg"
Bolachas Mini,Prince,emb. 160 gr (4 un),"€1,99/un","€12,44/kg"
Salsichas de Aves sem Glúten Lata 8 un,Nobre,emb. 350 gr (peso escorrido 200 gr),"€1,49/un","€7,45/kg"
Tortitas de Arroz com 54% Chocolate sem Glúten,Continente,emb. 122 gr,"€1,49/un","€12,21/kg"
Filete de Atum em Azeite com Manjericão e Tomate,Tenorio,emb. 120 gr (peso escorrido 78 gr),"€2,89/un","€37,05/kg"
Doce Morango sem Adição de Açúcar,St. Dalfour,emb. 500 gr,"€6,64/un","€13,28/kg"
Cápsulas de Café Espresso Intenso Int 7,Dolce Gusto,emb. 3 x 16 un,"€14,89/un","€0,31/un"
Tablete de Chocolate com Avelãs Inteiras,Regina,emb. 100 gr,"€1,49/un","€14,90/kg"
Atum Posta em Azeite,A Poveira,emb. 120 gr (peso escorrido 85 gr),"€1,29/un","€15,18/kg"
Azeite Virgem Extra Clássico,Oliveira da Serra,emb. 75 cl,"€4,55/un","€6,07/lt"
Açúcar Amarelo,Continente,emb. 1 kg,"€1,59/un","€1,59/kg"
Azeite Virgem Extra Suave,Gallo,emb. 75 cl,"€5,99/un","€7,99/lt"
Atum Posta em Azeite,Bolina,emb. 120 gr (peso escorrido 78 gr),"€1,09/un","€13,97/kg"
Leite em Pó Prosyneo HA para Lactentes 1 até 6M,Aptamil,emb. 800 gr,"€22,39/un","€27,99/kg"
Polpa de Tomate,Guloso,emb. 3 x 210 gr,"€1,79/un","€2,84/kg"
Cereais Special K,Kellogg's,emb. 750 gr,"€4,09/un","€5,45/kg"
Feijão Preto Cozido,Compal da Horta,emb. 410 gr (peso escorrido 234 gr),"€1,29/un","€5,51/kg"
Bolachas Dinosaurus Ovos,Artiach,emb. 140 gr (4 un),"€2,09/un","€14,93/kg"
Atum Posta em Óleo,Bom Petisco,emb. 385 gr (peso escorrido 251 gr),"€5,09/un","€20,28/kg"
Bolachas Mini Recheadas com Creme,Oreo,emb. 160 gr (4 un),"€1,99/un","€12,44/kg"
Caju de Moçambique Cru,Os Originais,emb. 200 gr,"€4,19/un","€20,95/kg"
Salsichas Bockwurst Aves Frasco 9 Unidades,Izidoro,emb. 954 gr (peso escorrido 360 gr),"€5,69/un","€15,81/kg"
Cereais Especial Silhueta com Chocolate Negro,Continente Equilíbrio,emb. 375 gr,"€2,19/un","€5,84/kg"
Farinha de Trigo T55,Continente,emb. 1 kg,"€0,85/un","€0,85/kg"
Grão de Bico Cozido,Continente,emb. 260 gr,"€0,74/un","€2,85/kg"
Alho Moído em Saqueta,Continente,emb. 60 gr,"€0,69/un","€11,50/kg"
Feijão Vermelho Cozido,Compal da Horta,emb. 845 gr (peso escorrido 468 gr),"€1,99/un","€4,25/kg"
Bolachas Magic Dibus Mix & Go com Recheio de Chocolate,Gullón,emb. 208 gr (5 un),"€2,34/un","€11,25/kg"
Bolachas Belgas,Continente,emb. 500 gr,"€3,38/un","€6,76/kg"
"Saqueta de Fruta Maçã, Banana e Laranja +8M",Continente,emb. 90 gr,"€0,74/un","€8,22/kg"
Tortilhas de Trigo,Old El Paso,emb. 350 gr (6 un),"€3,49/un","€9,97/kg"
Cápsulas de Café Mundi Int 9,Nicola,emb. 30 un,"€4,74/un","€0,16/un"
Massa Penne Rigate,Barilla,emb. 500 gr,"€2,39/un","€4,78/kg"
Feijão Verde Cozido,Larroche,emb. 400 gr (peso escorrido 220 gr),"€2,25/un","€10,23/kg"
Bolachas Trigo Integral Biológicas,Crich,emb. 220 gr (10 un),"€2,69/un","€12,23/kg"
Azeite Virgem Extra Premium Seleção,Quinta do Crasto,emb. 50 cl,"€8,80/un","€17,60/lt"
Massa Fusilli,Barilla,emb. 500 gr,"€2,39/un","€4,78/kg"
Bolachas Crackers Folha de Azeitona,Gran Pavesi,emb. 150 gr,"€2,99/un","€19,93/kg"
Cápsulas de Café Encorpado Int 9,Buondi,emb. 10 un,"€4,09/un","€0,41/un"
Azeite Virgem Extra DOP Moura,Moura,emb. 5 lt,"€27,99/un","€5,60/lt"
Cápsulas de Café Rossio Int 10,Nicola,emb. 30 un,"€4,74/un","€0,16/un"
Pastilhas Elásticas Spearmint Sem Açúcar,Trident,"emb. 82,5 gr","€2,99/un","€36,02/kg"
Batata Frita Lisa,Continente,emb. 200 gr,"€1,29/un","€6,45/kg"
Azeite Subtil,Gallo,emb. 75 cl,"€4,29/un","€5,72/lt"
Arroz Vaporizado,Saludães,emb. 1 kg,"€1,55/un","€1,55/kg"
Cereais Especial Silhueta Original,Continente Equilíbrio,emb. 750 gr,"€2,79/un","€3,72/kg"
Azeite Virgem Extra Superior,Cinco Soldos,emb. 75 cl,"€3,69/un","€4,92/lt"
Mel de Rosmaninho,Serramel,"emb. 1,1 kg","€12,29/un","€11,17/kg"
Muesli Crunchy Frutos Secos Pack Poupança,Continente,emb. 1 kg,"€4,29/un","€4,29/kg"
Miolo de Noz Pecan,Continente,emb. 200 gr,"€3,99/un","€19,95/kg"
Saqueta de Fruta Banana e Maçã +4M,Nestlé,emb. 90 gr,"€1,05/un","€11,67/kg"
Tablete de Chocolate Culinária,Pantagruel,emb. 200 gr,"€1,79/un","€8,95/kg"
Tomate Pelado,Continente,emb. 390 gr (peso escorrido 240 gr),"€0,69/un","€1,77/kg"
Arroz Agulha Extra Longo,Oriente,emb. 1 kg,"€1,69/un","€1,69/kg"
Feijão Encarnado Cozido,Compal da Horta,emb. 410 gr (peso escorrido 234 gr),"€1,29/un","€5,51/kg"
Gelatina Pronta Ananás,Royal,emb. 400 gr (4 un),"€1,09/un","€2,73/kg"
Mini Tostas de Trigo,Continente,emb. 350 gr,"€1,85/un","€5,29/kg"
Bolachas de Água e Sal,Vieira,emb. 168 gr (12 un),"€1,89/un","€11,25/kg"
Gelatina Pronta Tutti Frutti sem Açúcar,Royal,emb. 400 gr (4 un),"€1,09/un","€2,73/kg"
Atum Posta em Azeite,Minerva,emb. 120 gr (peso escorrido 78 gr),"€1,09/un","€13,97/kg"
Bolachas Crackers sem Sal na Superfície,Continente,emb. 500 gr (14 un),"€1,69/un","€3,38/kg"
Cápsulas de Café Magnus Int 12,Continente,emb. 30 un,"€4,49/un","€0,15/un"
Pastilhas Elásticas Frutos Silvestres Sem Açúcar,Trident,"emb. 82,5 gr","€2,99/un","€36,02/kg"
Pistácio Torrado com Casca e Sal,Continente,emb. 200 gr,"€2,99/un","€14,95/kg"
Batata Frita Forno Ondulada Sabor Camponesas,Lay's,emb. 130 gr,"€1,29/un","€9,92/kg"
Azeite Virgem Extra Reserva,Gallo,emb. 75 cl,"€4,89/un","€6,52/lt"
Azeite Virgem Extra DOP Moura,Continente Seleção,emb. 3 lt,"€13,49/un","€4,50/lt"
Conjunto de Saquetas de Fruta Maçã e Morango +3A,GoGo squeeZ,emb. 4 x 90 gr,"€2,99/un","€8,31/kg"
Feijão Manteiga Cozido,Compal da Horta,emb. 410 gr (peso escorrido 234 gr),"€1,29/un","€5,51/kg"
Bolachas Crackers sem Sal na Superfície,Gran Pavesi,emb. 560 gr (18 un),"€3,99/un","€7,13/kg"
Barras de Cereais Chocolate Negro e Amendoim,Continente,emb. 6 x 21gr,"€1,19/un","€9,52/kg"
Cápsulas de Café Ristretto Ardenza,Dolce Gusto,emb. 16 un,"€5,99/un","€0,37/un"
Massa Penne Rigate Integral,La Molisana,emb. 500 gr,"€1,59/un","€3,18/kg"
Sombrinhas de Chocolate,Mauri,emb. 35 gr,"€1,59/un","€45,43/kg"
Cápsulas de Café Colombia,L'Or,emb. 40 un,"€13,19/un","€0,33/un"
Saqueta de Fruta Maçã e Manga +6M,Nestlé,emb. 90 gr,"€1,05/un","€11,67/kg"
Molho para Massa Napolitana,Barilla,emb. 400 ml,"€3,99/un","€9,98/kg"
Feijão Encarnado Cozido,Continente,emb. 830 gr (peso escorrido 520 gr),"€0,99/un","€1,90/kg"
Bolachas Cream Cracker,Vieira,emb. 180 gr (6 un),"€1,04/un","€5,78/kg"
Feijão Preto Cozido,Compal da Horta,emb. 845 gr (peso escorrido 468 gr),"€1,99/un","€4,25/kg"
Bolachas Marinheiras com Azeite Virgem Extra,Daveiga,emb. 200 gr,"€2,49/un","€12,45/kg"
Tomate em Pedaços Biológico,Guloso,emb. 390 gr,"€1,69/un","€4,33/kg"
Leite Condensado,Continente,emb. 397 gr,"€1,29/un","€3,25/kg"
Cápsulas de Café Buondi Int 10,Dolce Gusto,emb. 16 un,"€5,99/un","€0,37/un"
Feijão Branco Cozido sem Glúten,Continente,emb. 540 gr (peso escorrido 400 gr),"€0,65/un","€1,63/kg"
Molho de Soja com Menos Sal,Kikkoman,emb. 150 ml,"€3,99/un","€26,60/lt"
Snack de Chocolate de Leite,Kinder,"emb. 24 x 12,5 gr","€4,19/un","€13,97/kg"
Pastilhas Elásticas White Spearmint Sem Açúcar,Trident,"emb. 82,5 gr","€2,99/un","€36,02/kg"
Arroz Agulha,Bom Sucesso,emb. 1 kg,"€1,39/un","€1,39/kg"
Bolachas Shortcake,Nacional,emb. 180 gr,"€1,29/un","€7,17/kg"
Batata Doce Frita,Continente,emb. 150 gr,"€1,69/un","€11,27/kg"
Tomate Pelado em Pedaços,Guloso,emb. 390 gr,"€1,27/un","€3,26/kg"
Leite Infantil 1-3A,Mimosa,emb. 1 lt,"€1,79/un","€1,79/lt"
Bolachas Mini Marinheiras de Chia,Cem Porcento,emb. 50 gr,"€0,89/un","€17,80/kg"
Arroz Thai Jasmim,Continente,emb. 1 kg,"€1,89/un","€1,89/kg"
Salsichas de Peru Cuida-t+ sem Glúten Lata 8 un,Nobre,emb. 350 gr (peso escorrido 160 gr),"€1,89/un","€11,81/kg"
Grão de Bico Cozido Biológico,Origens Bio,emb. 540 gr (peso escorrido 400 gr),"€2,99/un","€5,54/kg"
Cogumelos Laminados,Compal da Horta,emb. 290 gr (peso escorrido 155 gr),"€1,29/un","€8,32/kg"
Batata Frita Palha Finíssima,Continente,emb. 180 gr,"€1,59/un","€8,83/kg"
"Puré de Fruta Maçã, Manga e Maracujá +8M",Blédina,emb. 4 x 95 gr,"€2,79/un","€7,34/kg"
Tortitas de Milho com Sal sem Glúten,Continente Equilíbrio,emb. 130 gr,"€0,75/un","€5,77/kg"
Batata Frita Ondulada Original,Ruffles,emb. 6 x 30 gr,"€2,29/un","€12,72/kg"
Bolachas Cracker,Tuc,emb. 250 gr (8 un),"€2,49/un","€9,96/kg"
Granola Superior,Salutem,emb. 500 gr,"€5,79/un","€11,58/kg"
Bolo Planetus,Manhãzitos,emb. 310 gr (9 un),"€3,79/un","€12,23/kg"
Doce Tomate,Prisca,emb. 250 gr,"€3,49/un","€13,96/kg"
Creme para Barrar Chocolate e Avelãs,Nutella,emb. 350 gr,"€3,59/un","€10,26/kg"
Vinagre de Vinho Branco,Continente,emb. 1 lt,"€0,59/un","€0,59/lt"
Saqueta de Fruta Multrifrutas +6M,Nestlé,emb. 90 gr,"€1,05/un","€11,67/kg"
Batata Frita Lisa Mediterrâneas,Lay's,emb. 220 gr,"€2,79/un","€12,68/kg"
Pastilhas Elásticas Peppermint Sem Açúcar,Trident,"emb. 82,6 gr","€2,99/un","€2,99/kg"
Bolachas Mini Dinossauros Cereais,Artiach,emb. 120 gr (3 un),"€1,89/un","€15,75/kg"
Salsichas de Frango Cuida-t+ sem Glúten Lata 8 un,Nobre,emb. 350 gr (peso escorrido 160 gr),"€1,89/un","€11,81/kg"
Massa Macarrão Grande,Continente,emb. 500 gr,"€0,89/un","€1,78/kg"
Leite em Pó de Crescimento 5 +24M,Aptamil,emb. 750 gr,"€9,24/un","€12,32/kg"
Açúcar Mascavado,Continente,emb. 1 kg,"€1,66/un","€1,66/kg"
Cápsulas de Café Qharisma Int 12,Delta Q,emb. 40 un,"€12,99/un","€0,32/un"
Feijão Frade Cozido,Compal da Horta,emb. 845 gr (peso escorrido 468 gr),"€1,99/un","€4,25/kg"
Tremoço Extra,Continente,emb. 300 gr,"€2,29/un","€7,63/kg"
Pipocas Doces Balde,Continente,emb. 340 gr,"€3,99/un","€11,74/kg"
"Saqueta de Fruta Maçã, Banana e Morango +8M",Nestlé,emb. 90 gr,"€1,05/un","€11,67/kg"
Salsichas Hot Dog Frasco 4 un,Nobre,emb. 430 gr (peso escorrido 210 gr),"€2,59/un","€12,33/kg"
Línguas de Veado,Continente,emb. 250 gr,"€1,89/un","€7,56/kg"
Feijão Frade Cozido sem Glúten,Continente,emb. 540 gr (peso escorrido 400 gr),"€0,65/un","€1,63/kg"
Patê de Cavala com Ingredientes Biológicos,Minerva,emb. 75 gr,"€1,33/un","€17,73/kg"
Bolachas Argolinhas com Cobertura Chocolate Negro,Continente,emb. 150 gr,"€0,79/un","€5,27/kg"
Bolachas Bakefuls com Sal,Tuc,emb. 80 gr,"€1,69/un","€21,13/kg"
Azeite Virgem Extra Cooperativa,Continente,emb. 75 cl,"€3,29/un","€4,39/lt"
Gelatina Pronta Ananás,Royal,emb. 400 gr (4 un),"€2,19/un","€5,48/kg"
Saqueta de Fruta Maçã e Ananás +8M,Continente,emb. 90 gr,"€0,74/un","€8,22/kg"
Gelatina Pronta Morango,Royal,emb. 400 gr (4 un),"€2,19/un","€5,48/kg"
Salsichas de Aves Hot Dog Frasco 7 un,Izidoro,emb. 650 gr (peso escorrido 395 gr),"€5,65/un","€14,30/kg"
"Saqueta de Fruta Maçã, Pera e Cenoura +8M",Continente,emb. 90 gr,"€0,74/un","€8,22/kg"
Massa Farfalle,La Molisana,emb. 500 gr,"€1,59/un","€3,18/kg"
Miolo de Caju com Piripiri,Continente,emb. 200 gr,"€3,39/un","€16,95/kg"
Cápsulas de Café Fortezza Int 10 Pack Poupança,Continente,emb. 48 un,"€9,99/un","€0,21/un"
Miolo de Amendoim com Sal,Continente,emb. 200 gr,"€0,99/un","€4,95/kg"
Batata Frita Ondulada Sabor Presunto sem Glúten,Ruffles,emb. 295 gr,"€2,99/un","€10,14/kg"
Farinha de Arroz,Origens Bio,emb. 200 gr,"€1,59/un","€7,95/kg"
Pastilhas Elásticas Morango Sem Açúcar,Trident,"emb. 4 x 14,5 g","€2,59/un","€46,25/kg"
Café em Grão Torrado 5 Estrelas Lote Clássico,Sical,emb. 1 kg,"€9,34/un","€9,34/kg"
Café Solúvel,Delta,emb. 200 gr,"€6,69/un","€33,45/kg"
Batata Frita Palha Fina Receita Caseira,Continente,emb. 200 gr,"€1,09/un","€5,45/kg"
Massa Laços Farfalle Tricolor,Milaneza,emb. 500 gr,"€2,15/un","€4,30/kg"
Feijão Vermelho Cozido,Continente,emb. 540 gr (peso escorrido 400 gr),"€0,65/un","€1,63/kg"
Salsichas Frankfurt Originais Lata 6 un,Nobre,emb. 250 gr (peso escorrido 120 gr),"€1,19/un","€9,92/kg"
Miolo de Avelã Torrada,Continente,emb. 200 gr,"€2,99/un","€14,95/kg"
Caju de Moçambique Torrado,Os Originais,emb. 200 gr,"€5,29/un","€26,45/kg"
Bolachas Marinheiras com Sal,Cem Porcento,emb. 200 gr,"€2,89/un","€14,45/kg"
Cereais Special K Chocolate Negro,Kellogg's,emb. 550 gr,"€5,69/un","€10,35/kg"
Maionese XXL Top Down,Calvé,emb. 754 gr,"€3,54/un","€4,69/kg"
Snack Milho Dippas sem Glúten,Doritos,emb. 180 gr,"€1,99/un","€11,06/kg"
Patê de Sardinha,Manná,emb. 65 gr (peso escorrido 65 gr),"€1,79/un","€27,54/kg"
Bolachas Wafers de Chocolate de Leite,Milka,emb. 180 gr (6 un),"€2,69/un","€14,94/kg"
Batata Frita Lisa Original,Lay's,emb. 282 gr,"€2,75/un","€9,75/kg"
Cápsulas de Café Decaffeinato Int 6,L'Or,emb. 10 un,"€3,19/un","€0,32/un"
Bolachas Torradas,Nacional,emb. 200 gr,"€1,19/un","€5,95/kg"
Feijão Preto Cozido,Continente,emb. 420 gr (peso escorrido 260 gr),"€0,74/un","€2,85/kg"
Cogumelos Laminados,Despensa Clássica,emb. 450 gr (peso escorrido 355 gr),"€0,85/un","€4,59/kg"
Cápsulas de Café Buondi Extreme,Buondi,emb. 10 un,"€4,09/un","€0,41/un"
Bolachas Cream Cracker,Carr's,emb. 125 gr,"€1,59/un","€12,72/kg"
Atum em Óleo,Tritão,emb. 110 gr (peso escorrido 72 gr),"€0,75/un","€10,42/kg"
Tablete de Chocolate Negro com Flor de Sal Excellence,Lindt,emb. 100 gr,"€2,09/un","€20,90/kg"
Granola Amêndoas Vegan,Rude Health,emb. 400 gr,"€5,49/un","€13,73/kg"
Patê de Atum,Coren,emb. 100 gr,"€1,69/un","€13,52/kg"
Café Moído Torrado Moagem Universal Lote Tradição,Sical,emb. 250 gr,"€2,24/un","€8,96/kg"
Cereais de Trigo Integral com Pedaços de Amêndoa Clusters,Clusters,emb. 325 gr,"€2,99/un","€9,20/kg"
Snack Mix Queijo,Matutano,emb. 140 gr,"€1,09/un","€7,79/kg"
Cereais Fitness Trigo e Aveia Integral,Fitness,emb. 625 gr,"€3,59/un","€5,74/kg"
Massa Espirais Fusilli,Milaneza,emb. 500 gr,"€1,19/un","€2,38/kg"
Infusão Maçã e Canela Saquetas,Continente,emb. 25 un,"€1,09/un","€0,04/un"
Doce Pêssego Temporada,Casa de Mateus,emb. 350 gr,"€3,59/un","€10,26/kg"
Cápsulas de Café Espresso Descafeinado Int 5,Dolce Gusto,emb. 16 un,"€5,99/un","€0,37/un"
Cereais Fitness Chocolate Preto,Fitness,emb. 375 gr,"€2,59/un","€6,91/kg"
Doce Cereja sem Adição de Açúcar,St. Dalfour,emb. 284 gr,"€4,39/un","€15,46/kg"
Tortilhas de Milho com Sabor Natural,Zanuy,emb. 200 gr,"€2,79/un","€13,95/kg"
Feijão Branco Cozido,Compal da Horta,emb. 410 gr (peso escorrido 234 gr),"€1,29/un","€5,51/kg"
Pastilhas Elásticas Senses Spearmint Sem Açúcar,Trident,emb. 3 x 23 gr,"€2,59/un","€37,54/kg"
Dragueias de Eucalipto sem Açúcar,Smint,emb. 70 gr,"€3,69/un","€52,71/kg"
Sal Marinho Grosso,Vatel,emb. 1 kg,"€0,39/un","€0,39/kg"
Bolachas Digestivas com Chocolate de Leite,Continente,emb. 300 gr,"€1,29/un","€4,30/kg"
CAFÉ DELTA Q DELIQATUS 10CAP,DELTA Q,emb. 10 un,"€2,99/un","€0,30/un"
Tablete de Chocolate Negro Sal Marinho Biológico,Côte D'Or,emb. 90 gr,"€2,79/un","€31,00/kg"
Atum Posta ao Natural,Bolina,emb. 385 gr (peso escorrido 270 gr),"€3,49/un","€12,93/kg"
Maionese Top Down,Hellmann's,emb. 412 gr,"€4,39/un","€10,66/kg"
Pistácio Torrado sem Sal,Continente,emb. 200 gr,"€2,99/un","€14,95/kg"
Bolachas Maria,Continente,emb. 300 gr (12 un),"€1,49/un","€4,97/kg"
Atum Posta com Caril,Bom Petisco,emb. 120 gr (peso escorrido 78 gr),"€2,09/un","€26,79/kg"
Batata Frita Caseira Rodelas,Pála-Pála,emb. 300 gr,"€2,19/un","€7,30/kg"
Bolachas Maria,Vieira,emb. 300 gr (12 un),"€1,84/un","€6,13/kg"
Bolachas Crackers com Sal,Gran Pavesi,emb. 560 gr (10 un),"€3,99/un","€7,13/kg"
Massa Fusilli Tricolor,Continente,emb. 500 gr,"€1,09/un","€2,18/kg"
Cereais Golden Grahams,Golden Grahams,emb. 375 gr,"€3,89/un","€10,37/kg"
Tomate Seco em Óleo,Ponti,emb. 280 gr,"€3,99/un","€14,25/kg"
Palmiers,Continente,emb. 200 gr,"€1,35/un","€6,75/kg"
Cápsulas de Café Qharacter Int 9,Delta Q,emb. 40 un,"€12,99/un","€0,32/un"
Bolachas Argolinhas com Cobertura Chocolate de Leite,Continente,emb. 150 gr,"€0,79/un","€5,27/kg"
Mel de Rosmaninho,Serramel,emb. 500 gr,"€5,89/un","€11,78/kg"
Sardinha em Tomate Picante,Manná,emb. 120 gr (peso escorrido 90 gr),"€1,69/un","€18,78/kg"
Tomate Pelado Inteiro,Guloso,emb. 390 gr,"€0,81/un","€2,08/kg"
Flor de Sal,Marnoto,emb. 250 gr,"€1,79/un","€7,16/kg"
Mel Flores de Laranjeira Algarve,Serramel,emb. 500 gr,"€5,99/un","€11,98/kg"
Drageias 2H Intense Mint,Smint,emb. 35 gr,"€2,29/un","€65,43/kg"
Snack Mini de Milho e Quinoa sem Glúten Biológico,Fiorentini,emb. 50 gr,"€1,49/un","€29,80/kg"
Muesli Crunchy Chocolate,Continente,emb. 500 gr,"€2,39/un","€4,78/kg"
Leite de Coco,Ayam,emb. 200 ml,"€1,69/un","€8,45/lt"
Farinha de Trigo para Bolos com Fermento,Nacional,emb. 1 kg,"€1,19/un","€1,19/kg"
Salsichas Hot Dog Frasco 8 un,Nobre,emb. 650 gr (peso escorrido 420 gr),"€4,29/un","€10,21/kg"
Pêssego em Calda,Ferbar,emb. 820 gr (peso escorrido 480 gr),"€3,99/un","€8,31/kg"
Atum em Óleo,Pitéu,emb. 110 gr (peso escorrido 72 gr),"€1,25/un","€17,36/kg"
Tomate Triturado,Continente,emb. 390 gr,"€0,69/un","€1,77/kg"
Bolachas Cracker Sabor a Queijo,Tuc,emb. 100 gr,"€1,19/un","€11,90/kg"
Atum Posta Pimenta da Terra e Ervas finas,Bom Petisco,emb. 120 gr (peso escorrido 78 gr),"€2,09/un","€26,79/kg"
Cogumelos Inteiros,Continente,emb. 355 gr (peso escorrido 185 gr),"€1,25/un","€6,76/kg"
Pastilhas Elásticas de Frutos Vermelhos,Continente,emb. 4 x 22 gr,"€1,59/un","€18,07/kg"
Massa Tripoline,Rummo,emb. 550 gr,"€2,89/un","€5,78/kg"
Conjunto de Saquetas de Fruta Maçã +3A,GoGo squeeZ,emb. 4 x 90 gr,"€2,99/un","€8,31/kg"
Cápsulas de Café Ristretto Napoli Int 13,Dolce Gusto,emb. 3 x 16 un,"€14,89/un","€0,31/un"
Tostas Extra Finas,Continente,emb. 5 x 20 gr,"€0,99/un","€9,90/kg"
Arroz Basmati,Caçarola,emb. 500 gr,"€1,19/un","€2,38/kg"
Batata Frita Lisa Original,Lay's,emb. 6 x 30 gr,"€2,29/un","€12,72/kg"
Milho Doce sem Adição de Açúcar,Bonduelle,emb. 300 gr (peso escorrido 285 gr),"€2,44/un","€8,56/kg"
Massa Farfalle,Barilla,emb. 500 gr,"€2,39/un","€4,78/kg"
Pipocas Doces Pack Poupança,Continente,emb. 200 gr,"€0,85/un","€4,25/kg"
Snacks de Tortilha Milho Sabor Mexicano,Zanuy,emb. 200 gr,"€2,79/un","€13,95/kg"
Gelatina Pronta Morango,Royal,emb. 800 gr (8 un),"€3,85/un","€4,81/kg"
Arroz Basmati Brajma Pronto a Comer,Cigala,emb. 2 x 125 gr,"€1,39/un","€5,56/kg"
Papa Infantil Farinha Láctea Cereais e Bolacha +6M,Continente do Bebé,emb. 2 x 250 ml,"€1,99/un","€3,98/lt"
Massa Espirais,Caçarola,emb. 500 gr,"€1,47/un","€2,94/kg"
Pastilhas Elásticas Oral-B Peppermint Sem Açúcar,Trident,emb. 17 gr,"€1,14/un","€67,06/kg"
Bolachas Dinossauros de Chocolate de Leite,Artiach,emb. 340 gr (8 un),"€3,29/un","€9,68/kg"
Feijão Branco Cozido,Compal da Horta,emb. 845 gr (peso escorrido 468 gr),"€1,99/un","€3,83/kg"
Ketchup Top Down,Calvé,emb. 550 gr,"€2,49/un","€4,53/kg"
Patê de Sardinha,Manná,emb. 88 gr (peso escorrido 88 gr),"€2,79/un","€31,70/kg"
Nestum Mel +3A,Nestum,emb. 300 gr,"€2,29/un","€7,63/kg"
Pêssego em Calda,Continente,emb. 840 gr (peso escorrido 480 gr),"€1,99/un","€2,37/kg"
Mostarda Top Down,Savora,emb.230 gr,"€1,49/un","€6,48/kg"
Cápsulas de Café Aqtivus Int 8,Delta Q,emb. 10 un,"€2,99/un","€0,30/un"
Marinheiras de Chia Biológicas,Cem Porcento,emb. 200 gr,"€2,99/un","€14,95/kg"
Atum Posta em Azeite,Bolina,emb. 385 gr (peso escorrido 250 gr),"€3,69/un","€14,76/kg"
Café Moído Moagem Grossa,Continente,emb. 250 gr,"€1,49/un","€5,96/kg"
Doce Pêssego sem Adição Açúcar,St. Dalfour,emb. 284 gr,"€4,39/un","€15,46/kg"
Mix com Frutos do Bosque,Continente,emb. 200 gr,"€2,99/un","€14,95/kg"
Cereais Corn Flakes,Kellogg's,emb. 500 gr,"€3,99/un","€7,98/kg"
Puré de Fruta Frutos Variados +6M,Blédina,emb. 4 x 95 gr,"€2,79/un","€7,34/kg"
Batata Frita Ondulada Sabor Presunto,Continente,emb. 175 gr,"€1,29/un","€7,37/kg"
Sal Grosso,Continente,emb. 1 kg,"€0,25/un","€0,25/kg"
Chá Earl Grey Lata,Ahmad,emb. 100 gr,"€4,54/un","€45,40/kg"
Arroz Agulha Selecionado,Continente,emb. 1 kg,"€0,99/un","€0,99/kg"
Gelatina Pronta Frutos do Bosque,Royal,emb. 400 gr (4 un),"€2,19/un","€5,48/kg"
Cereais com Recheio Chocolate e Avelã,Continente,emb. 375 gr,"€1,75/un","€4,67/kg"
Pastilhas Elásticas de Sabores Sortidos Super,Gorila,emb. 3 x 32 gr,"€1,65/un","€17,19/kg"
Tortitas de Milho com Azeitona e Cebolinho,Bicentury,emb. 130 gr,"€2,75/un","€21,15/kg"
Filete Atum em Azeite,Continente,emb. 120 gr (peso escorrido 85 gr),"€1,69/un","€14,08/kg"
Granola Chocolate e Coco,Cem Porcento,emb. 350 gr,"€3,99/un","€11,40/kg"
Snack de Chocolate de Leite,Kinder,"emb. 16 x 12,5 gr","€3,19/un","€15,95/kg"
Vinagre de Vinho Branco,Oliveira da Serra,emb. 250 ml,"€0,74/un","€2,96/lt"
Tomate Pelado,Continente,emb. 780 gr (peso escorrido 480 gr),"€1,29/un","€1,65/kg"
Cápsulas de Café Descafeinado Int 5,Nicola,emb. 12 un,"€2,04/un","€0,17/un"
Filete de Cavala em Azeite,Manná,emb. 120 gr (peso escorrido 90 gr),"€2,69/un","€29,89/kg"
Azeite Virgem Delicado,Gallo,emb. 75 cl,"€4,39/un","€5,85/lt"
Batata Frita Palha Caseira,Pála-Pála,emb. 250 gr,"€2,19/un","€8,76/kg"
Bolachas Pequeno Almoço Multicereais,Continente,emb. 300 gr (6 un),"€1,79/un","€5,97/kg"
Wraps de Trigo,Mexifoods,emb. 370 gr (6 un),"€2,84/un","€7,68/kg"
Grão de Bico,Caçarola,emb. 500 gr,"€1,69/un","€3,38/kg"
Wrap Multicereais,Mission,emb. 370 gr (6 un),"€2,95/un","€7,97/kg"
Bolachas Crackers Azeite e Rosmaninho,Du Bois,emb. 200 gr (8 un),"€1,79/un","€8,95/kg"
Adoçante Recarga,Canderel,emb. 5 x 100 un,"€6,99/un","€166,43/kg"
Máquina de Café Cápsulas Sistema Exclusivo Continente Grazie Preta,Continente,1 un,"€24,99/un","€24,99/un"
Tortitas de Milho,Bicentury,emb. 130 gr,"€1,99/un","€15,31/kg"
Massa Fusilli Integral,Rummo,emb. 500 gr,"€2,12/un","€4,24/kg"
Tablete de Chocolate de Leite,Crunch,emb. 100 gr,"€1,39/un","€13,90/kg"
Cápsulas de Café Descafeinado Ristretto Int 9,L'Or,emb. 10 un,"€3,19/un","€0,32/un"
Saqueta de Fruta Multifrutos e Espelta +8M,Continente,emb. 90 gr,"€0,74/un","€8,22/kg"
Ervilhas com Cenoura,Compal da Horta,emb. 410 gr (peso escorrido 260 gr),"€1,89/un","€7,27/kg"
Molho Basílico em Vidro,Barilla,emb. 400 ml,"€3,99/un","€9,98/kg"
Bolachas de Mirtilo e Linhaça Seeds & Berry,Belvita,emb. 270 gr (6 un),"€1,99/un","€7,37/kg"
Bolachas Crackers Folhas Clássico,Gran Pavesi,emb. 180 gr,"€2,99/un","€16,61/kg"
Pastilhas Elásticas White Spearmint Sem Açúcar,Trident,emb. 58 gr,"€2,59/un","€44,66/kg"
Cápsulas de Café DeQafeinatus Int 1,Delta Q,emb. 10 un,"€2,99/un","€0,30/un"
Bolachas Cobertas Chocolate de Leite,Continente,emb. 150 gr,"€1,19/un","€7,93/kg"
Feijão Branco Cozido Biológico,Origens Bio,emb. 540 gr (peso escorrido 400 gr),"€2,99/un","€5,54/kg"
Puré de Fruta Manga e Maçã +8M,Continente do Bebé,emb. 4 x 100 gr,"€1,69/un","€4,23/kg"
Arroz Basmati,Oriente,emb. 1 kg,"€3,29/un","€3,29/kg"
Miolo de Noz Pedaços,Continente,emb. 200 gr,"€2,59/un","€12,95/kg"
Saqueta de Fruta Maçã e Pera Frutapura +6M,Blédina,emb. 85 gr,"€0,74/un","€8,71/kg"
Bolachas com Pepitas Chocolate Diet Nature,Gullón,emb. 125 gr,"€1,44/un","€11,52/kg"
Salsichas Hot Dog em Frasco 8 un,Izidoro,emb. 650 gr (peso escorrido 455 gr),"€4,27/un","€9,38/kg"
Gelatina Pronta Morango,Continente,emb. 400 gr (4 un),"€0,95/un","€2,38/kg"
Alho Moído em Frasco,Continente,emb. 55 gr,"€0,69/un","€12,55/kg"
Tablete de Chocolate de Leite Extrafino sem Glúten,Nestlé,emb. 270 gr,"€3,79/un","€14,04/kg"
Cogumelos Laminados Pack Poupança,Continente,emb. 780 gr (peso escorrido 420 gr),"€2,19/un","€5,21/kg"
Atum Posta em Azeite Virgem Extra e Oregãos,Bom Petisco,emb. 120 gr (peso escorrido 78 gr),"€2,09/un","€26,79/kg"
Legumes Primavera,Bonduelle,emb. 600 gr (peso escorrido 420 gr),"€2,26/un","€5,38/kg"
Sardinha em Azeite,Lider,emb. 120 gr (peso escorrido 84 gr),"€1,19/un","€14,17/kg"
Conjunto de Saquetas de Fruta Maçã e Banana +3A,GoGo squeeZ,emb. 4 x 90 gr,"€2,99/un","€8,31/kg"
"Saqueta de Fruta 100% Vegetal Maçã, Banana e Ananás +6M",Blédina,emb. 80 gr,"€0,99/un","€12,38/kg"
Tablete de Chocolate Negro com Laranja,Côte D'Or,emb. 100 gr,"€1,69/un","€16,90/kg"
Leite em Pó Supreme H.A. para Lactentes Desde o Nascimento 1 até 6M,Nan,emb. 800 gr,"€25,99/un","€32,49/kg"
Bolachas Belgas Cobertas com Chocolate,Saborosa,emb. 198 gr (6 un),"€2,09/un","€10,56/kg"
Bolachas Maria,Triunfo,emb. 200 gr,"€1,09/un","€5,45/kg"
"Saqueta de Fruta Banana, Laranja e Bolacha +6M",Nestlé,emb. 90 gr,"€1,05/un","€11,67/kg"
Gelatina Pronta Ananás,Continente,emb. 400 gr (4 un),"€0,95/un","€2,38/kg"
Cápsulas de Café Intenso Int 10,Buondi,emb. 10 un,"€4,09/un","€0,41/un"
Marmelada Biológica,Prisca,emb. 250 gr,"€3,95/un","€15,80/kg"
Mini Tostas Extra Finas Retangulares,Bimbo,emb. 100 gr,"€1,19/un","€11,90/kg"
Bolachas de Milho com 54% Chocolate sem Glúten,Continente,emb. 130 gr (4 un),"€1,49/un","€11,46/kg"
Doce Framboesa sem Adição de Açúcar,St. Dalfour,emb. 284 gr,"€4,39/un","€15,46/kg"
Feijão Encarnado Cozido,Continente,emb. 420 gr (peso escorrido 260 gr),"€0,74/un","€2,85/kg"
Bolachas Cookies com Pepitas de Chocolate,Continente,emb. 225 gr,"€1,19/un","€5,29/kg"
Vinagre Balsâmico de Modena,Ponti,emb. 500 ml,"€2,89/un","€5,78/lt"
Vinagre de Vinho Branco,Cristal,emb. 500 ml,"€1,03/un","€2,06/lt"
Polpa Tomate Passata Biológica,Valfrutta,emb. 700 gr,"€2,79/un","€3,99/kg"
Gelatina Pronta Mirtilo,Royal,emb. 400 gr (4 un),"€2,19/un","€5,48/kg"
Snack Tex-Mex,Doritos,emb. 260 gr,"€2,89/un","€11,12/kg"
Farinha de Trigo Fina com Fermento,Continente,emb. 1 kg,"€0,89/un","€0,89/kg"
Arroz Carolino Extra Longo,Cigala,emb. 1 kg,"€1,35/un","€1,35/kg"
Mini Tostas Extra Finas Redondas,Bimbo,emb. 100 gr,"€1,19/un","€11,90/kg"
Tablete de Chocolate de Leite,Milka,emb. 270 gr,"€2,99/un","€11,07/kg"
Bolachas Magic Dibus com Recheio de Chocolate,Gullón,emb. 220 gr (5 un),"€2,34/un","€10,64/kg"
Leite Infantil +3A,Mimosa,emb. 1 lt,"€1,79/un","€1,79/lt"
Pastilhas Elásticas Oral-B Spearmint Sem Açúcar,Trident,emb. 3 x 51 gr,"€3,29/un","€64,51/kg"
Arroz Thai Perfumado,Caçarola,"emb. 2,5 kg","€8,19/un","€3,28/kg"
Bolachas Marinheiras sem Sal,Daveiga,emb. 200 gr,"€2,49/un","€12,45/kg"
Patê com Ervas Finas,Coren,emb. 125 gr (peso escorrido 125 gr),"€1,69/un","€13,52/kg"
Ananás Semi-Desidratado,Frubis,emb. 50 gr,"€1,19/un","€23,80/kg"
Leite em Pó de Transição Prosyneo HA 2 +6M,Aptamil,emb. 800 gr,"€22,39/un","€27,99/kg"
Sal Grosso,Vatel,emb. 800 gr,"€0,99/un","€1,24/kg"
Café Moído Universal Portugal,Delta,emb. 250 gr,"€2,29/un","€9,16/kg"
Massa Fusilli Integral,Garofalo,emb. 500 gr,"€2,19/un","€4,38/kg"
Salsichas Frankfurt Lata 6 un,Continente,emb. 250 gr (peso escorrido 120 gr),"€0,65/un","€5,42/kg"
Cápsulas de Café Qharacter Int 9,Delta Q,emb. 10 un,"€2,99/un","€0,30/un"
Barras de Cereais Chocolate Fitness,Fitness,"emb. 6 x 23,5 gr","€2,29/un","€16,24/kg"
Gelatina Pronta Tangerina,Continente,emb. 400 gr (4 un),"€0,95/un","€2,38/kg"
Leite em Pó Confort para Lactentes Desde o Nascimento até 6M,Nutribén,emb. 800 gr,"€19,69/un","€24,61/kg"
Farinha Amido de Milho,Maizena,emb. 400 gr,"€2,30/un","€5,75/kg"
Cápsulas de Café Lungo Profondo Int 8,L'Or,emb. 10 un,"€3,19/un","€0,32/un"
Tortitas de Milho com Tomate e Azeite,Bicentury,emb. 130 gr,"€2,75/un","€21,15/kg"
Palmiers Saquetas,Continente,emb. 4 x 50 gr,"€1,20/un","€6,00/kg"
Cápsulas de Café Qanela Int 7,Delta Q,emb. 10 un,"€3,29/un","€0,33/un"
Patê de Pato com Vinho do Porto,Capdevila,emb. 55 gr,"€1,05/un","€19,09/kg"
Arroz Basmati Brajma,Cigala,emb. 1 kg,"€2,99/un","€2,99/kg"
Wrap Original,Mission,emb. 370 gr (6 un),"€2,95/un","€7,97/kg"
Massa Esparguete Fino,Nacional,emb. 500 gr,"€1,09/un","€2,18/kg"
Azeite Virgem Extra,Vidigueira,emb. 5 lt,"€37,79/un","€7,56/lt"
Infusão Cidreira Saquetas,Tetley,emb. 20 un,"€1,39/un","€0,07/un"
Feijão Branco Cozido sem Glúten,Continente,emb. 420 gr (peso escorrido 260 gr),"€0,74/un","€2,85/kg"
Atum Posta em Óleo de Girassol,Bolina,emb. 120 gr (peso escorrido 78 gr),"€0,99/un","€12,69/kg"
Bolachas Mini Dinossauros Chocolate,Artiach,emb. 120 gr (3 un),"€1,89/un","€15,75/kg"
Massa Mezze Penne Tricolor,Barilla,emb. 500 gr,"€2,99/un","€5,98/kg"
Salsichas Alemãs Bockwurst Frasco 6 un,Meica,emb. 380 gr (peso escorrido 180 gr),"€3,44/un","€19,11/kg"
Pastilhas Elásticas 60 Minutos Peppermint Sem Açúcar,Trident,emb. 3 x 20 gr,"€2,59/un","€43,17/kg"
Tablete de Chocolate Negro Excellence 70% Cacau,Lindt,emb. 100 gr,"€2,09/un","€20,90/kg"
Azeite Virgem Extra DOP Moura,Continente Seleção,emb. 75 cl,"€3,89/un","€5,19/lt"
Leite em Pó 4 de Crescimento +12M,Aptamil,emb. 750 gr,"€9,94/un","€13,25/kg"
Miolo de Amêndoa sem pele com Sal,Continente,emb. 200 gr,"€3,99/un","€19,95/kg"
Salsichas Cocktail Lata,Nobre,emb. 350 gr (peso escorrido 180 gr),"€1,89/un","€10,50/kg"
Gelatina Pronta Tutti Frutti,Continente,emb. 400 gr (4 un),"€0,90/un","€2,25/kg"
Tortitas de Arroz Multicereais sem Glúten,Continente Equilíbrio,emb. 130 gr,"€1,25/un","€9,62/kg"
Salsichas Bockwurst Frasco 8 un,Continente,emb. 1030 gr (peso escorrido 720 gr),"€5,29/un","€7,35/kg"
Cápsulas de Café Espresso Buondi Int 8,Dolce Gusto,emb. 48 un,"€14,89/un","€0,31/un"
Massa Farfalle,Garofalo,emb. 500 gr,"€2,09/un","€4,18/kg"
Nestum Chocolate +3A,Nestum,emb. 250 gr,"€1,84/un","€7,36/kg"
Bolachas Cream Cracker,Continente,emb. 600 gr (3 un),"€1,74/un","€2,90/kg"
Cereais Special K Frutos Vermelhos,Kellogg's,emb. 300 gr,"€4,39/un","€14,63/kg"
Tomate em Pedaços com Manjericão e Oregãos,Continente,emb. 390 gr,"€0,89/un","€2,28/kg"
Saqueta de Frutos Multifrutos e Aveia +8M,Continente,emb. 90 gr,"€0,74/un","€8,22/kg"
Galetes de Milho sem Sal Finíssimas sem Glúten,Salutem,emb. 130 gr,"€1,29/un","€9,92/kg"
Doce Extra Alperce,Bonne Maman,emb. 370 gr,"€3,59/un","€9,70/kg"
Tablete de Chocolate Negro com Amêndoa,Côte D'Or,emb. 180 gr,"€3,29/un","€18,28/kg"
Polpa de Tomate com Cebola e Alho,Continente,emb. 500 gr,"€1,29/un","€2,58/kg"
Pack Puré de Fruta Maçã e Banana +6M,Blédina,emb. 8 x 95 gr,"€4,89/un","€6,43/kg"
Café Moído Torrado Lote Chávena,Delta,emb. 2 x 250 gr,"€4,99/un","€9,98/kg"
Pastilhas Elásticas Spearmint Sem Açúcar,Trident,"emb. 4 x 14,5 gr","€2,59/un","€46,25/kg"
Creme Vinagre Balsâmico,Ponti,emb. 250 gr,"€3,99/un","€15,96/lt"
Salsichas Frankfurt Lata 8 un,Izidoro,emb. 350 gr (peso escorrido 200 gr),"€2,19/un","€10,95/kg"
Puré de Fruta Maçã e Pera +4M,Continente do Bebé,emb. 4 x 100 gr,"€1,69/un","€4,23/kg"
Atum em Filete de Escabeche,Tenorio,emb. 120 gr (peso escorrido 78 gr),"€2,89/un","€37,05/kg"
Uva Passa sem Grainha,Continente,emb. 200 gr,"€1,29/un","€6,45/kg"
Flocos Aveia Finos sem Glúten,Seara,emb. 400 gr,"€1,89/un","€4,73/kg"
Pastilhas Elásticas Senses Melancia Sem Açúcar,Trident,emb. 23 gr,"€0,95/un","€41,30/kg"
Chá Preto Yellow Label Saquetas,Lipton,emb. 100 un,"€4,54/un","€0,05/un"
Croissants com Recheio de Chocolate,Chipicao,emb. 250 gr (5 un),"€3,09/un","€12,36/kg"
Salsichas Frankfurt Originais Lata 8 un,Nobre,emb. 350 gr (peso escorrido 200 gr),"€1,49/un","€7,45/kg"
Drageias de Chocolate com Amendoim,M&M's,emb. 400 gr,"€5,99/un","€14,98/kg"
Canudinhos Recheados com Cacau e Avelã,Continente,emb. 180 gr,"€1,59/un","€8,83/kg"
Nestlé Sobremesas Tablete de Chocolate Culinária 44% Cacau,Nestlé,emb. 200 gr,"€1,89/un","€9,45/kg"
Leite em Pó Confort para Lactentes 1 até 6M,Aptamil,emb. 800 gr,"€20,29/un","€25,36/kg"
Bolachas Recheadas com Chocolate Mega Duo,Gullón,emb. 500 gr,"€2,99/un","€5,98/kg"
Azeite Virgem Extra Clássico,Oliveira da Serra,emb. 2 lt,"€11,75/un","€5,88/lt"
Mix de Quinoa e Bulgur,Natura,emb. 400 gr,"€2,79/un","€6,98/kg"
Feijão Vermelho Cozido,Ferbar,emb. 560 gr (peso escorrido 400 gr),"€1,79/un","€4,48/kg"
"Saqueta de Fruta Maçã, Banana e Frutos do Bosque Frutapura +8M",Blédina,emb. 85 gr,"€0,74/un","€8,71/kg"
Cápsulas de Café Qonvictus Int 5,Delta Q,emb. 10 un,"€2,99/un","€0,30/un"
Tortitas de Milho sem Glúten,Bicentury,emb. 130 gr,"€1,99/un","€15,31/kg"
Barras de Amêndoa Caramelizada e Sal Marinho sem Glúten,Be-Kind,emb. 3 x 30 gr,"€3,99/un","€44,33/kg"
Leite em Pó de Transição 3 +9M,Aptamil,emb. 800 gr,"€16,69/un","€20,86/kg"
Tomate Triturado,Mutti,emb. 400 gr,"€2,19/un","€5,48/kg"
Doce de Pera Rocha com Vinho do Porto,Quinta de Jugais,emb. 280 gr,"€2,74/un","€9,79/kg"
Muesli Açúcar Reduzido,Rude Health,emb. 400 gr,"€4,99/un","€12,48/kg"
Batata Frita Lisa Sabor Camponesas sem Glúten,Lay's,emb. 250 gr,"€2,49/un","€9,96/kg"
Bolachas Marinheiras com Chia,Daveiga,emb. 200 gr,"€2,49/un","€12,45/kg"
Mel Néctar,G. S. Francisco,emb. 500 gr,"€5,99/un","€11,98/kg"
Polpa de Tomate,Compal da Horta,emb. 500 gr,"€1,39/un","€2,78/kg"
Supremas de Chocolate,Continente,emb. 250 gr,"€1,99/un","€7,96/kg"
Bolachas de Chocolate com Menos Açúcar,Belvita,emb. 300 gr (8 un),"€2,49/un","€8,30/kg"
Massa Linguine Alentejo,Nacional,emb. 500 gr,"€1,17/un","€2,34/kg"
Puré de Fruta 4 Frutas e Aveia +8M,Continente do Bebé,emb. 4 x 100 gr,"€1,69/un","€4,23/kg"
Massa Cotovelinhos,Continente,emb. 500 gr,"€0,99/un","€1,98/kg"
Cápsulas de Café Double Int 13,Delta Q,emb. 10 un,"€3,29/un","€0,33/un"
Cereais Estrelitas Mel,Estrelitas,emb. 550 gr,"€2,89/un","€5,25/kg"
Folhas Frescas para Lasanha,Pasta do Dia,emb. 250 gr,"€2,39/un","€9,56/kg"
Cápsulas de Café Sontuoso Int 8,L'Or,emb. 10 un,"€3,19/un","€0,32/un"
Arroz Thai Perfumado,Caçarola,emb. 500 gr,"€1,64/un","€3,28/kg"
Biscoitos de Azeitão,Azeitonense,emb. 180 gr,"€2,59/un","€14,39/kg"
Ervilhas Cozidas,Continente,emb. 420 gr (peso escorrido 260 gr),"€0,72/un","€2,77/kg"
Tremoço Extra,Continente,emb. 800 gr,"€3,19/un","€3,99/kg"
Bolachas Choco Tablet Diet Nature,Gullón,emb. 150 gr (4 un),"€1,89/un","€12,60/kg"
Puré de Fruta Ameixa e Maçã +6M,Blédina,emb. 4 x 95 gr,"€2,79/un","€7,34/kg"
Batata Frita Lisa Mediterrâneas,Lay's,emb. 150 gr,"€2,19/un","€14,60/kg"
Salsichas de Aves Hot Dog Frasco 8 un,Nobre,emb. 1009 gr (peso escorrido 420 gr),"€4,29/un","€10,21/kg"
Bolachas Wafers com Recheio de Cacau,Loacker,emb. 175 gr,"€2,29/un","€13,09/kg"
Maionese em Vidro,Heinz,emb. 480 ml,"€2,39/un","€4,98/lt"
Pastilhas Elásticas Max Splash Strawberry Lime Sem Açúcar,Trident,emb. 22 gr,"€0,95/un","€43,18/kg"
Cappuccino Solúvel,Nescafé,emb. 250 gr,"€3,19/un","€12,76/kg"
Mini Gressinos,Continente,emb. 300 gr,"€1,69/un","€5,63/kg"
Marmelada,Prisca,emb. 500 gr,"€3,34/un","€6,68/kg"
Vinagre de Sidra Frutos Vermelhos,Gallo,"emb. 0,25 lt","€2,69/un","€10,76/lt"
Azeite Virgem Extra,Gallo,emb. 75 cl,"€7,99/un","€10,65/lt"
Maionese do Mar,Paladin,emb. 450 ml,"€2,73/un","€6,07/lt"
Massa Laços Tricolores,Continente,emb. 500 gr,"€1,29/un","€2,58/kg"
Feijão Frade,Caçarola,emb. 500 gr,"€2,19/un","€4,38/kg"
Feijão Branco Cozido,Ferbar,emb. 410 gr (peso escorrido 260 gr),"€1,29/un","€4,96/kg"
Bolachas Cream Cracker de Sésamo,Vieira,emb. 200 gr,"€1,09/un","€5,45/kg"
Chocolate em Pó,Pantagruel,emb. 125 gr,"€1,04/un","€8,32/kg"
Doce Quatro Frutos sem Adição de Açúcar,St. Dalfour,emb. 500 gr,"€6,64/un","€13,28/kg"
Pastilhas Elásticas Max Slab Spearmint Sem Açúcar,Trident,emb. 23 gr,"€0,95/un","€41,30/kg"
Bolachas Cracker Sabor Original,Tuc,emb. 300 gr (3 un),"€2,99/un","€9,97/kg"
Tablete de Chocolate Plus Noir 85% Cacau,Jubileu,emb. 100 gr,"€1,99/un","€19,90/kg"
Bolachas Soft Bakes Cereais,Belvita,emb. 250 gr (5 un),"€2,99/un","€11,96/kg"
"Croutons com Azeite, Alho e Salsa",Continente,emb. 75 gr,"€0,79/un","€10,53/kg"
Massa Esparguete Tricolor,Milaneza,emb. 500 gr,"€2,15/un","€4,30/kg"
Doce Morango sem Adição de Açúcar,St. Dalfour,emb. 284 gr,"€4,39/un","€15,46/kg"
Azeite,Oliveira da Serra,emb. 3 lt,"€14,69/un","€4,90/lt"
Snacks Tortilha Nachos de Milho com Sal,Continente,emb. 150 gr,"€0,99/un","€6,60/kg"
Snack Mini Chia sem Glúten Biológico,Fiorentini,emb. 50 gr,"€1,49/un","€29,80/kg"
Grão de Bico Cozido,Ferbar,emb. 410 gr (peso escorrido 260 gr),"€1,29/un","€4,96/kg"
Leite em Pó Confort Desde o Nascimento 1 até 6M,Nan,emb. 800 gr,"€23,99/un","€29,99/kg"
Tablete de Chocolate Negro com Avelãs,Continente,emb. 200 gr,"€1,49/un","€7,45/kg"
Farinha de Trigo Integral,Nacional,emb. 1 kg,"€1,19/un","€1,19/kg"
Bolachas Recheadas com Chocolate Diet Nature,Gullón,emb. 250 gr,"€1,64/un","€6,56/kg"
Cereais Crockers Recheio de Leite,Continente,emb. 375 gr,"€1,79/un","€4,77/kg"
Maionese,Hellmann's,emb. 416 gr,"€4,39/un","€10,55/kg"
Leite em Pó de Transição Optipro 2 +6M,Nan,emb. 800 gr,"€13,59/un","€16,99/kg"
"Saqueta de Fruta e Legumes Maçã, Abóbora e Batata Doce +8M",Continente,emb. 90 gr,"€0,74/un","€8,22/kg"
Flor de Sal,Vatel,emb. 175 gr,"€1,99/un","€11,37/kg"
Feijão Manteiga Cozido,Ferbar,emb. 410 gr (peso escorrido 260 gr),"€1,29/un","€4,96/kg"
Milho Doce,Ferbar,emb. 3 x 450 gr (peso escorrido 3 x 140 gr),"€2,39/un","€5,69/kg"
Saqueta de Fruta Maçã e Pêssego +6M,Nestlé,emb. 90 gr,"€1,05/un","€11,67/kg"
Massa Tortiglioni,Barilla,emb. 500 gr,"€2,39/un","€4,78/kg"
Batata Frita Ondulada Sal sem Glúten,Ruffles,emb. 160 gr,"€1,89/un","€11,81/kg"
Filetes de Atum em Azeite,Minerva,emb. 120 gr (peso escorrido 85 gr),"€2,46/un","€28,94/kg"
Batata Doce Frita,Maria Batata,emb. 100 gr,"€1,77/un","€17,70/kg"
Pastilhas Elásticas Senses Melancia Sem Açúcar,Trident,emb. 3 x 23 gr,"€2,59/un","€37,54/kg"
Gelatina Pronta Manga e Maracujá,Continente,emb. 400 gr (4 un),"€0,95/un","€2,38/kg"
Saqueta de Fruta Banana e Morango +12M,Nestlé,emb. 110 gr,"€1,25/un","€11,36/kg"
Bolachas Wafers com Recheio de Coco,Cuétara,emb. 150 gr,"€1,89/un","€12,60/kg"
Pastilhas Elásticas de Spearmint sem Açúcar,Orbit,emb. 4 x 14 gr,"€1,99/un","€35,54/kg"
Sardinha em Tomate Picante,Bom Petisco,emb. 120 gr (peso escorrido 78 gr),"€1,35/un","€17,31/kg"
Tempero para Frango,Casa Pontinha,emb. 200 gr,"€2,29/un","€11,45/kg"
Biscoitos de Alfarroba Sem Adição de Açúcar,Diese,emb. 250 gr,"€3,39/un","€13,56/kg"
Bolachas Digestivas com Chocolate de Leite,McVitie's,"emb. 199,8 gr (6 un)","€2,39/un","€12,01/kg"
Pastilhas Elásticas Oral-B Peppermint Sem Açúcar,Trident,emb. 3 x 51 gr,"€3,29/un","€64,51/kg"
Salsichas de Aves Frasco 8 un,Izidoro,emb. 650 gr (peso escorrido 395 gr),"€5,55/un","€14,05/kg"
"Saqueta de Fruta Banana, Morango e Quinoa +8M",Continente,emb. 90 gr,"€0,74/un","€8,22/kg"
Saqueta de Fruta Maçã e Banana Frutapura +6M,Blédina,emb. 85 gr,"€0,74/un","€8,71/un"
Fermento em Pó,Royal,emb. 226 gr,"€3,59/un","€15,88/kg"
Massa Penne Rigate,Continente Bio,emb. 500 gr,"€1,29/un","€2,58/kg"
Massa Instantânea Chinesa de Legumes,Koka,emb. 85 gr,"€0,70/un","€8,24/kg"
Bolachas Cookies Pepitas de Chocolate,Chips Ahoy,emb. 300 gr,"€3,29/un","€10,97/kg"
Puré de Pera Biológica Saqueta,Seara,emb. 100 gr,"€0,99/un","€9,90/kg"
Atum Posta em Azeite,Ribeira,emb. 120 gr (peso escorrido 78 gr),"€1,09/un","€13,97/kg"
Massa Esparguete,Buitoni,emb. 500 gr,"€1,49/un","€2,98/kg"
Milho Doce sem Adição de Açúcar,Continente,emb. 300 gr (peso escorrido 285 gr),"€1,15/un","€3,97/kg"
Chá Verde e Limão Saquetas,Twinings,emb. 25 un,"€3,99/un","€0,16/un"
Salsichas de Frango Cuida-t+ sem Glúten Frasco 4 un,Nobre,emb. 430 gr (peso escorrido 210 gr),"€2,59/un","€12,33/kg"
Ketchup à Portuguesa Top Down,Paladin,emb. 450 gr,"€2,49/un","€5,53/kg"
Batata Frita Rodelas Maria Batata,Maria Batata,emb. 200 gr,"€1,49/un","€7,45/kg"
Pota em Caldeirada,Pitéu,emb. 120 gr (peso escorrido 75 gr),"€2,55/un","€34,00/kg"
Saqueta de Fruta Tutti Frutti +12M,Nestlé,emb. 110 gr,"€1,25/un","€11,36/kg"
"Cápsulas de Café Embalagem Int 14, 12, 10",Delta Q,emb. 40 un,"€12,99/un","€0,32/un"
Tomate Concentrado,Compal da Horta,emb. 140 gr,"€1,19/un","€8,50/kg"
Tomate em Pedaços,Guloso,emb. 800 gr,"€2,28/un","€2,85/kg"
Ferradura de Erva Doce e Canela,Continente,emb. 250 gr,"€2,09/un","€8,36/kg"
Atum Posta em Óleo,Minerva,emb. 120 gr (peso escorrido 78 gr),"€0,99/un","€12,69/kg"
Tomate em Pedaços com Manjericão e Orégãos,Guloso,emb. 390 gr,"€1,73/un","€4,44/kg"
Tomate Frito,Heinz,emb. 350 gr,"€1,59/un","€4,54/kg"
Atum em Óleo de Girassol,Tritão,emb. 385 gr (peso escorrido 250 gr),"€2,69/un","€10,76/kg"
Gelatina em Pó de Ananás sem Açúcar,Royal,emb. 31 gr,"€1,04/un","€33,55/kg"
Tablete de Chocolate com Amêndoa 70% Cacau sem Glúten,Lacasa,emb. 200 gr,"€2,46/un","€12,30/kg"
Bolachas Digestivas Original,McVitie's,emb. 400 gr,"€2,29/un","€5,73/kg"
Massa Farfalle,Continente,emb. 500 gr,"€1,09/un","€2,18/kg"
Tostas Rústicas 9 Cereais,Brioche Pasquier,emb. 240 gr,"€2,29/un","€9,54/kg"
Pastilhas Elásticas 60 Minutos Peppermint Sem Açúcar,Trident,emb. 20 gr,"€0,95/un","€47,50/kg"
Mix Quinoa,Natura,emb. 400 gr,"€3,27/un","€8,18/kg"
Pipocas Salgadas Micro-ondas,Continente,emb. 3 x 100 gr,"€0,99/un","€3,30/kg"
Açúcar Branco 200 Sticks,Continente,emb. 800 gr,"€2,29/un","€2,86/kg"
Bolachas de Canela,Continente,emb. 470 gr,"€1,39/un","€2,96/kg"
Polpa de Tomate com Cebola e Alho,Compal da Horta,emb. 500 gr,"€1,59/un","€3,18/kg"
Bolachas Fruit & Form de Maçã e Canela,McVitie's,emb. 218 gr (5 un),"€2,39/un","€10,96/kg"
Molho para Massa Bolonhesa,Barilla,emb. 400 gr,"€4,49/un","€11,23/kg"
Bolachas Digestivas de Aveia,Vieira,emb. 258 gr (6 un),"€1,69/un","€6,55/kg"
Caldo de Galinha Cubos,Knorr,emb. 36 un,"€4,49/un","€12,47/kg"
Patê com Ervas Finas,Capdevila,emb. 55 gr,"€1,05/un","€19,09/kg"
Boião de Fruta Pera e Maçã +4M,Hero Baby,emb. 120 gr,"€1,03/un","€8,58/kg"
Mini Brownies de Chocolate Little Bites,Bimbo,emb. 200 gr (4 un),"€2,99/un","€14,95/kg"
Massa Esparguete,Milaneza,emb. 2 kg,"€5,16/un","€2,58/kg"
Café em Grão Torrado Lote Chávena,Delta,emb. 250 gr,"€2,29/un","€9,16/kg"
Bolo com Recheio de Chocolate de Leite,Bollycao,emb. 228 gr (4 un),"€1,99/un","€8,73/kg"
Patê com Pimenta,Coren,emb. 125 gr (peso escorrido 125 gr),"€1,69/un","€13,52/kg"
Azeite Virgem Extra Premium,Quinta do Vallado,emb. 50 cl,"€14,05/un","€28,10/lt"
Máquina de Café Cápsulas Sistema Exclusivo Continente Grazie Verde Água,Continente,1 un,"€24,99/un","€24,99/un"
Tostas Rústicas,Brioche Pasquier,emb. 240 gr,"€2,29/un","€9,54/kg"
Marmelada,Ferbar,emb. 800 gr,"€2,50/un","€3,13/kg"
Canela em Pau em Saqueta,Continente,emb. 80 gr,"€1,99/un","€24,88/kg"
Saqueta de Frutas Variadas +12M,Nestlé,emb. 110 gr,"€1,25/un","€11,36/kg"
Bolachas Crackers Integrais,Continente,emb. 500 gr (14 un),"€1,69/un","€3,38/kg"
Cápsulas de Café Mythiq Int 15,Delta Q,emb. 40 un,"€12,99/un","€0,32/un"
Gelatina Pronta Morango,Royal,emb. 400 gr (4 un),"€1,09/un","€2,73/kg"
Bolachas Mini Cookies sem Açúcar,Marbú,emb. 120 gr (4 un),"€2,09/un","€17,42/kg"
Ketchup Hot Chili Top Down,Heinz,emb. 460 gr,"€3,69/un","€8,02/kg"
Mistura de Alho e Salsa em Frasco,Margão,emb. 43 gr,"€2,89/un","€67,21/kg"
Leite em Pó Optipro para Lactentes 1 até 6M,Nan,emb. 800 gr,"€16,59/un","€20,74/kg"
Salsichas Tipo Alemãs,Despensa Clássica,emb. 5 un,"€1,59/un","€0,32/un"
Cereais Especial Silhueta Frutos Vermelhos,Continente Equilíbrio,emb. 375 gr,"€2,19/un","€5,84/kg"
Tablete de Chocolate Negro Excellence Orange Intense,Lindt,emb. 100 gr,"€2,09/un","€20,90/kg"
Bolachas Fruit & Fit de Maçã e Canela,Triunfo,emb. 148 gr (6 un),"€2,19/un","€14,80/kg"
Salsichas Cocktail Frasco,Nobre,emb. 597 gr (peso escorrido 190 gr),"€2,59/un","€13,63/kg"
Açúcar Areado Amarelo,Sidul,emb. 1 kg,"€1,89/un","€1,89/kg"
Tablete de Chocolate Excellence 85% Cacau,Lindt,emb. 100 gr,"€2,09/un","€20,90/kg"
Bolachas Tostadas,Continente,emb. 800 gr (4 un),"€1,59/un","€1,99/kg"
Doce Amoras sem Adição de Açúcar,St. Dalfour,emb. 284 gr,"€4,39/un","€15,46/kg"
Bolachas Maria Oro,Cuétara,emb.800 gr,"€2,99/un","€4,98/kg"
Pastilhas Elásticas 60 Minutos Spearmint Sem Açúcar,Trident,emb. 3 x 20 gr,"€2,59/un","€43,17/kg"
Vinagre de Vinho Tinto,Herdade do Esporão,emb. 500 ml,"€3,99/un","€7,98/lt"
Arroz Agulha,Pato Real,emb. 1 kg,"€1,79/un","€1,79/kg"
Azeite Virgem Extra Clássico,Gallo,emb. 75 cl,"€5,99/un","€7,99/lt"
Arroz Carolino Extra Longo,Saludães,emb. 1 kg,"€1,29/un","€1,29/kg"
Biscoitos Coco Biológicos,Seara,emb. 220 gr,"€2,75/un","€12,50/kg"
Bolachas Choco Minis Leite,Milka,emb. 185 gr (5 un),"€2,49/un","€13,46/kg"
Pastilhas Elásticas de Spearmint,Continente,emb. 4 x 22 gr,"€1,59/un","€18,07/kg"
Cápsulas de Café Fortissimo Int 10,L'Or,emb. 10 un,"€3,19/un","€0,32/un"
Bolachas Passitas,Nacional,emb. 150 gr,"€1,44/un","€9,60/kg"
Bolachas de Água e Sal,Vieira,emb. 125 gr (3 un),"€1,94/un","€5,17/kg"
Bolachas Wafers Quadratini Baunilha,Loacker,emb. 250 gr,"€3,29/un","€13,16/kg"
Bolachas Soft Bakes com Pepitas Chocolate,Belvita,emb. 250 gr (5 un),"€2,99/un","€11,96/kg"
Bolachas Alfa,Nacional,emb. 180 gr,"€1,45/un","€8,06/kg"
Massa Penne Rigate Integral,Garofalo,emb. 500 gr,"€2,19/un","€4,38/kg"
Croissants,Aurora,emb. 240 gr (8 un),"€2,49/un","€10,38/kg"
Feijão Manteiga Cozido sem Glúten,Continente,emb. 420 gr (peso escorrido 260 gr),"€0,74/un","€2,85/kg"
Doce Manga e Maracujá,St. Dalfour,emb. 284 gr,"€4,39/un","€15,46/kg"
Café em Grão Torrado Expresso Bar,Delta,emb. 1 kg,"€11,99/un","€11,99/kg"
Doce Abóbora com Noz,Quinta de Jugais,emb. 280 gr,"€2,74/un","€9,79/kg"
Pepino em Vinagre e Coentros,Hengstenberg,emb. 670 gr (peso escorrido 360 gr),"€3,49/un","€9,69/kg"
Bolachas de Manteiga Shortbread,Walkers,emb. 150 gr,"€3,99/un","€26,60/kg"
Massa Linguine com Tinta de Choco Al Nero di Seppia,Milaneza,emb. 500 gr,"€3,19/un","€6,38/kg"
Bolachas Shortcake de Chocolate,Nacional,emb. 180 gr,"€1,29/un","€7,17/kg"
Leite Condensado Magro,Continente,emb. 397 gr,"€1,29/un","€3,25/kg"
Cereais Pétalas de Chocolate,Continente,emb. 625 gr,"€2,09/un","€3,34/kg"
Tarteletes de Morango,Continente,emb. 150 gr,"€0,87/un","€5,80/kg"
Mix Frutos Secos Lanches Essenciais,Continente,emb. 200 gr,"€3,19/un","€15,95/kg"
Ameixa Seca Descaroçada,Continente,emb. 200 gr,"€1,59/un","€7,95/kg"
Bolachas Waffer Chocolate Diet Nature,Gullón,emb. 180 gr (3 un),"€1,39/un","€7,72/kg"
Saqueta de Fruta Frutos Variados Frutapura +6M,Blédina,emb. 85 gr,"€0,74/un","€8,71/kg"
Doce Maçã e Canela sem Adição de Açúcar,St. Dalfour,emb. 284 gr,"€4,39/un","€15,46/kg"
Bolachas Wafer Baunilha Diet Nature,Gullón,emb. 180 gr (3 un),"€1,39/un","€7,72/kg"
Arroz Basmati,Saludães,emb. 1 kg,"€2,89/un","€2,89/kg"
Vinagre Balsâmico,Continente Seleção,emb. 250 ml,"€2,49/un","€9,96/lt"
Arroz Vaporizado,Cigala,emb. 1 kg,"€1,34/un","€1,34/kg"
Bolachas Cobertas Chocolate Negro,Continente,emb. 150 gr,"€1,19/un","€7,93/kg"
Cápsulas de Café Fortis Int 10,Continente,emb. 10 un,"€1,89/un","€0,19/un"
Tortilhas Mexicanas de Trigo,Old El Paso,emb. 244 gr (6 un),"€2,29/un","€9,39/kg"
Cápsulas de Café Clássico Int 10 Pack Poupança,Continente,emb. 48 un,"€9,99/un","€0,21/un"
Bolachas Digestivas de Canela,Triunfo,emb. 171 gr (6 un),"€1,24/un","€7,25/kg"
Massa Tagliatelle Sêmola,Barilla,emb. 500 gr,"€3,49/un","€6,98/kg"
Muesli Crunchy Frutos Secos,Continente,emb. 500 gr,"€2,39/un","€4,78/kg"
Doce Abóbora,Prisca,emb. 250 gr,"€3,49/un","€13,96/kg"
Vinagre Balsâmico Rosé,Gallo,emb. 250 ml,"€2,49/un","€9,96/lt"
Milho Doce sem Açúcar Biológico,Bonduelle,emb. 2 x 150 gr,"€3,04/un","€10,86/kg"
Açúcar Branco 125 Saquetas,Sidul,emb. 750 gr,"€1,99/un","€2,65/kg"
Tiras de Milho Fritas,Matutano,emb. 130 gr,"€1,65/un","€12,69/kg"
Tablete de Chocolate Negro 72% Cacau sem Glúten,Cem Porcento,emb. 100 gr,"€1,99/un","€19,90/kg"
Feijão Frade Cozido,Continente,emb. 830 gr (peso escorrido 520 gr),"€0,99/un","€1,90/kg"
Caldo de Galinha Cubos,Continente,emb. 24 un,"€1,09/un","€4,54/kg"
Pastilhas Elásticas Senses Spearmint Sem Açúcar,Trident,emb. 23 gr,"€0,95/un","€41,30/kg"
Tomate em Pedaços com Cebola e Alho,Guloso,emb. 390 gr,"€1,73/un","€4,44/kg"
Tablete de Chocolate Culinária 43%,Continente,emb. 200 gr,"€0,78/un","€3,90/kg"
Tostas Integrais,Continente Equilíbrio,emb. 5 x 150 gr,"€2,15/un","€2,87/kg"
Máquina de Café Cápsulas Sistema Exclusivo Continente Grazie Azul Marinho,Continente,1 un,"€24,99/un","€24,99/un"
Sardinha sem Pele e sem Espinha em Tomate,Continente Seleção,emb. 120 gr (peso escorrido 85 gr),"€1,69/un","€19,88/kg"
Biscoitos de Cacau,Continente,emb. 750 gr,"€2,39/un","€3,19/kg"
Tomate Frito,Guloso,emb. 210 gr,"€0,96/un","€4,57/kg"
Bolo Glacé,Donuts,emb. 300 gr (6 un),"€2,59/un","€8,63/kg"
Caldo de Galinha Cubos,Knorr,emb. 24 un,"€3,09/un","€12,88/kg"
Gelatina em Pó Tutti-Fruti,Continente,emb. 2 x 85 gr,"€0,99/un","€5,82/kg"
Massa Espirais Fusilli com Vegetais Tricolor,Nacional,emb. 500 gr,"€1,38/un","€2,76/kg"
Azeite Virgem,Continente,emb. 75 cl,"€3,19/un","€4,25/lt"
Bolachas de Manteiga Short Triangles,Walkers,emb. 150 gr,"€4,25/un","€28,33/kg"
Bolachas Shortcake de Chocolate,Continente,emb. 185 gr,"€1,19/un","€6,43/kg"
Massa Esparguete,La Molisana,emb. 500 gr,"€1,59/un","€3,18/kg"
Cápsulas de Café Ristreto Robusto Int 12,Continente,emb. 30 un,"€5,39/un","€0,18/un"
Barras de Cereais Chocolate All Bran,Kellogg's,emb. 6 x 40 gr,"€3,85/un","€16,04/kg"
Massa Lírios Tricolor,Milaneza,emb. 500 gr,"€2,15/un","€4,30/kg"
Café Moído Universal Brasil,Delta,emb. 220 gr,"€2,39/un","€10,86/un"
Esses de Limão,Pastelinhos Safara,emb. 400 gr,"€3,29/un","€8,23/kg"
Tortitas de Arroz Integral com Chocolate Negro,Bicentury,emb. 130 gr,"€2,59/un","€19,92/kg"
Bolachas Maria,Cuétara,emb. 800 gr (4 un),"€2,59/un","€4,32/kg"
"Super Pequeno Almoço Aveia, Chia e Amendoim sem Glúten Biológico",Shine,emb. 300 gr,"€5,59/un","€18,63/kg"
Bolachas Fruit & Form de Frutos do Bosque,McVitie's,emb. 218 gr (5 un),"€2,39/un","€10,96/kg"
Azeite Virgem Extra Essencial,Cinco Soldos,emb. 75 cl,"€3,59/un","€4,79/lt"
Azeite,Cinco Soldos,emb. 75 cl,"€3,39/un","€4,52/lt"
Café em Grão Torrado Aromático Lote Selecto,Nicola,emb. 1 kg,"€11,04/un","€11,04/kg"
Snacks Tortilha Chips Sabor Queijo,Old El Paso,emb. 185 gr,"€2,99/un","€16,16/kg"
Snacks Tortilha Nachos com Sal,Mexifoods,emb. 200 gr,"€2,49/un","€12,45/kg"
Cápsulas de Café Buondi Int 8,Dolce Gusto,emb. 30 un,"€10,49/un","€0,35/un"
Conjunto de Saquetas de Fruta Maçã e Manga +3A,GoGo squeeZ,emb. 4 x 90 gr,"€2,99/un","€8,31/kg"
Napolitanas de Chocolate,Schoko Brotchen,emb. 270 gr (6 un),"€1,89/un","€7,00/kg"
Cápsulas de Café Selecto Int 6,Nicola,emb. 30 un,"€4,74/un","€0,16/un"
Grão de Bico Cozido,Ferbar,emb. 560 gr (peso escorrido 400 gr),"€1,79/un","€4,48/kg"
Bolachas Wafers com Recheio de Chocolate,Continente,emb. 250 gr,"€1,19/un","€4,76/kg"
Granola Aveia com Frutos Secos Cruesli,Quaker,emb. 375 gr,"€4,09/un","€10,91/kg"
Papa Infantil Farinha Láctea com Cereais +6M,Continente,emb. 1 kg,"€4,99/un","€4,99/kg"
Café em Grão Torrado,Inducci,emb. 1 kg,"€6,99/un","€6,99/un"
Feijão Manteiga Cozido,Ferbar,emb. 820 gr (peso escorrido 520 gr),"€2,39/un","€4,60/kg"
Bolachas com Chocolate Ronditas Diet Nature,Gullón,emb. 186 gr (5 un),"€2,24/un","€12,04/kg"
Marinheiras Biológicas,Cem Porcento,emb. 200 gr,"€2,99/un","€14,95/kg"
Vinagre de Sidra,Cristal,emb. 500 ml,"€1,03/un","€2,06/lt"
Batata Frita,Continente,emb. 6 x 30 gr,"€1,49/un","€8,28/kg"
Azeite Virgem Extra,Oliveira da Serra,emb. 50 cl,"€4,59/un","€9,18/lt"
Café em Grão Torrado Platinum,Delta,emb. 500 gr,"€15,99/un","€31,98/kg"
Infusão Limão e Gengibre Pyramid,Lipton,emb. 20 un,"€1,94/un","€0,10/un"
Farinha de Trigo T65,Nacional,emb. 1 kg,"€1,04/un","€1,04/kg"
Alho Picado em Frasco,Continente,emb. 55 gr,"€0,99/un","€18,00/kg"
Pipocas Doces,Continente,emb. 150 gr,"€0,85/un","€5,67/kg"
Gelatina Pronta Limão,Royal,emb. 400 gr (4 un),"€2,19/un","€5,48/kg"
Farinha para Pão Caseiro,Nacional,emb. 1 kg,"€1,94/un","€1,94/kg"
Patê com Cebola Caramelizada,Capdevila Exquisite,emb. 100 gr,"€2,20/un","€22,00/kg"
Cappuccino Solúvel Clássico,Continente,emb. 10 un,"€1,59/un","€0,16/un"
Molho de Alho Top Down,Heinz,emb. 225 gr,"€2,39/un","€10,86/lt"
Doce de Pêssego sem Açúcar Biológico,Prisca,emb. 240 gr,"€4,39/un","€18,29/kg"
"Saqueta de Fruta Maçã, Manga e Laranja Frutapura +6M",Blédina,emb. 85 gr,"€0,74/un","€0,87/kg"
Caju no Forno,Matutano,emb. 170 gr,"€4,99/un","€29,35/kg"
Snacks de Milho Pandilla,Cheetos,emb. 75 gr,"€1,23/un","€16,40/kg"
Bolachas com Recheio de Leite e Cacau Tosta Rica Choco Guay,Cuétara,emb. 168 gr (4 un),"€2,09/un","€12,44/kg"
Feijão Branco Cozido sem Glúten,Continente,emb. 830 gr (peso escorrido 520 gr),"€0,99/un","€1,90/kg"
Leite em Pó de Transição 2 +6M,Aptamil,emb. 800 gr,"€16,69/un","€20,86/kg"
Barras de Cereais Chocolate de Leite e Banana,Continente,emb. 6 x 21gr,"€1,19/un","€9,52/kg"
Infusão Cidreira Pyramid,Lipton,emb. 20 un,"€1,19/un","€0,06/un"
Bolachas Recheadas Flakes,Cuétara,emb. 500 gr,"€3,99/un","€7,98/kg"
Massa Instantânea Chinesa de Camarão,Koka,emb. 85 gr,"€0,70/un","€8,24/kg"
Feijão Manteiga Cozido,Continente,emb. 540 gr (peso escorrido 400 gr),"€0,65/un","€1,63/kg"
Farinha para Pão Integral,Nacional,emb. 1 kg,"€2,09/un","€2,09/kg"
Snack de Chocolate com Caramelo,Mars,emb. 3 x 45 gr,"€2,39/un","€17,70/kg"
Bolachas Nutríssimas de Cacau,Cem Porcento,emb. 180 gr (4 un),"€2,59/un","€12,95/kg"
Feijoada à Transmontana,Nobre,emb. 500 gr (peso escorrido 420 gr),"€2,35/un","€5,60/kg"
Massa Laços Integrais com Aveia,Milaneza,emb. 500 gr,"€1,89/un","€3,78/kg"
Tortilhas de Trigo,Continente,emb. 370 gr (6 un),"€1,29/un","€3,49/kg"
Puré de Fruta 8 Frutos +3A,Um Bongo,emb. 90 gr,"€0,99/un","€11,00/kg"
Saqueta de Fruta Banana e Morango Frutapura +8M,Blédina,emb. 85 gr,"€0,74/un","€8,71/un"
Sardinha em Tomate com Picante,Alva,emb. 120 gr (peso escorrido 85 gr),"€0,79/un","€9,29/kg"
Doce de Abóbora sem Açúcar Biológico,Prisca,emb. 240 gr,"€4,39/un","€18,29/kg"
Tostas Suecas Integrais,Continente Equilíbrio,emb. 225gr,"€0,99/un","€4,40/kg"
Bolachas com Pepitas de Chocolate Energy Chiquilin,Artiach,emb. 200 gr (5 un),"€1,99/un","€9,95/kg"
Cápsulas de Café Rossio Int 10,Nicola,emb. 12 un,"€2,04/un","€0,17/un"
Bolachas Soft Cake de Laranja e Chocolate Negro,Continente,emb. 300 gr (2 un),"€1,39/un","€4,63/kg"
Bolachas Marinheiras com Espelta,Cem Porcento,emb. 200 gr,"€2,89/un","€14,45/kg"
Massinha Letras,Continente,emb. 250 gr,"€0,65/un","€2,60/kg"
Sardinha sem Pele e sem Espinhas em Azeite Virgem Extra,Bom Petisco,emb. 120 gr (peso escorrido 84 gr),"€2,69/un","€32,02/kg"
Salsichas de Aves Frasco 7 un,Nobre,emb. 650 gr (peso escorrido 350 gr),"€2,25/un","€6,43/kg"
Patê Ibérico,Louriño,emb. 125 gr (peso escorrido 125 gr),"€1,69/un","€13,52/kg"
Doce Extra Morango,Continente,emb. 375 gr,"€1,29/un","€3,44/kg"
Arroz Thai Jasmim,Pato Real,emb. 1 kg,"€2,15/un","€2,15/kg"
Arroz Basmati Extra Longo,Pato Real,emb. 1 kg,"€3,29/un","€3,29/kg"
Tablete de Chocolate 92% Cacau com Açúcar de Coco Biológico,Vivani,emb. 80 gr,"€3,09/un","€38,63/kg"
Atum Posta ao Natural,Minerva,emb. 120 gr (peso escorrido 84 gr),"€0,99/un","€11,79/kg"
Cocktail no Forno,Matutano,emb. 95 gr,"€2,49/un","€26,21/kg"
Chá Verde Saquetas,Continente,emb. 25 un,"€0,99/un","€0,04/un"
"Saqueta de Fruta Maçã, Morango, Banana e Cereja +8M",Blédina,emb. 85 gr,"€0,74/un","€8,71/kg"
Cápsulas de Café Fortis Pack Poupança Int 10,Continente,emb. 30 un,"€4,49/un","€0,15/un"
Tortitas de Milho,Bicentury,emb. 4 x 15 gr,"€1,00/un","€16,67/kg"
Cereais Choco Cookies,Continente,emb. 375 gr,"€1,99/un","€5,31/kg"
Mini Picos com Azeite,Continente,emb. 300 gr,"€1,79/un","€5,97/kg"
Bolachas Recheadas com Chocolate e Avelãs,Nutella,emb. 304 gr,"€4,19/un","€13,78/kg"
Massa Esparguete Integral,Garofalo,emb. 500 gr,"€2,19/un","€4,38/kg"
Cereais Krave de Avelã,Kellogg's,emb. 600 gr,"€5,59/un","€9,32/kg"
Pasta Tomate e Mozzarella Pot,Knorr,emb. 72 gr,"€2,15/un","€29,86/kg"
Snack de Chocolate Kinder Délice,Kinder,emb. 403 gr (10 un),"€4,99/un","€12,38/kg"
Batata Frita Rodelas sem Glúten,Saloinha,emb. 400 gr,"€3,55/un","€8,88/kg"
Massa Macarronete Penne Riscado,Milaneza,emb. 500 gr,"€1,19/un","€2,38/kg"
Azeite Virgem Extra,Continente Bio,emb. 2 lt,"€11,99/un","€6,00/lt"
Conjunto de Saquetas de Fruta Maçã e Pêssego +3A,GoGo squeeZ,emb. 4 x 90 gr,"€2,99/un","€8,31/kg"
Massa Fusilli Integral,Continente Equilíbrio,emb. 500 gr,"€1,39/un","€2,78/kg"
Molho de Soja,Continente,emb. 200 ml,"€0,89/un","€4,45/lt"
Bolo Cake and Choc,Milka,emb. 175 gr (5 un),"€2,49/un","€14,23/kg"
Pastilhas Elásticas 60 Minutos Spearmint Sem Açúcar,Trident,emb. 20 gr,"€0,95/un","€47,50/kg"
Espargos Brancos,Cimarrom,emb. 330 gr (peso escorrido 205 gr),"€3,79/un","€18,49/kg"
Tostas com Azeite e Sal,Diatosta,emb. 100 gr,"€1,69/un","€16,90/kg"
Tablete de Chocolate Negro 70% Cacau com Noz Pecan,Côte D'Or,emb. 100 gr,"€1,69/un","€16,90/kg"
Pastilhas Elásticas Max Watermelon Frost Sem Açúcar,Trident,emb. 20 gr,"€0,95/un","€47,50/kg"
Feijão Preto Cozido,Ferbar,emb. 820 gr (peso escorrido 520 gr),"€2,49/un","€4,79/kg"
Mel Rosmaninho Biológico,Abeelha,emb. 250 gr,"€5,09/un","€20,36/kg"
Puré de Fruta Maçã e Banana +4M,Continente do Bebé,emb. 4 x 100 gr,"€1,69/un","€4,23/kg"
Alimento Lácteo Morango e Banana +8M,Yogolino,emb. 4 x 100 gr,"€2,29/un","€5,73/kg"
Alimento Lácteo Pêssego e Banana +6M,Yogolino,emb. 4 x 100 gr,"€2,29/un","€5,73/kg"
Molho Pesto Ricotta e Noz,Barilla,emb. 190 gr,"€4,99/un","€26,26/kg"
Infusão Camomila Saquetas,Continente,emb. 25 un,"€0,79/un","€0,03/un"
Bolachas Chocolate Chips Biológicas,Gullón,emb. 250 gr,"€3,99/un","€15,96/kg"
Canela Moída em Saqueta,Continente,emb. 100 gr,"€1,09/un","€10,90/kg"
Bolachas Chocolate e Leite,Mikado,emb. 75 gr,"€1,99/un","€26,53/kg"
Maionese em Vidro,Hellmann's,emb. 763 gr,"€6,99/un","€9,16/kg"
Azeite Virgem Extra DOP Trás-os-Montes,Rosmaninho,emb. 75 cl,"€5,29/un","€7,05/lt"
Creme para Barrar,Nutella,emb. 54 gr,"€1,29/un","€23,89/kg"
Doce Extra Abóbora,Continente,emb. 375 gr,"€1,29/un","€3,44/kg"
Lula Recheada,Pitéu,emb. 120 gr (peso escorrido 75 gr),"€2,99/un","€39,87/kg"
Cereais de Chocolate,Clusters,emb. 330 gr,"€2,99/un","€9,06/kg"
Bolachas Cream Cracker,Vieira,emb. 200 gr,"€0,89/un","€4,45/kg"
Bolachas Wafers de Chocolate de Leite,Continente,emb. 171 gr (6 un),"€1,89/un","€11,05/kg"
Pastilhas Elásticas Peppermint Sem Açúcar,Trident,"emb. 4 x 14,5 gr","€2,59/un","€46,25/kg"
Nestum Mel Zero +3A,Nestum,emb. 250 gr,"€1,84/un","€7,36/kg"
Salsichas de Aves Frankfurt sem Glúten Lata 8 un,Izidoro,emb. 350 gr (peso escorrido 200 gr),"€2,19/un","€10,95/kg"
Tablete de Chocolate Negro com Avelã,Côte D'Or,emb. 180 gr,"€3,29/un","€18,28/kg"
Massa Búzios,Nacional,emb. 500 gr,"€1,19/un","€2,38/kg"
Cápsulas de Café MythiQ Int 15,Delta Q,emb. 10 un,"€2,99/un","€0,30/un"
Bolachas de Frutos Silvestres,Belvita,emb. 300 gr (6 un),"€2,49/un","€8,30/kg"
Massa Tagliatelle Ninhos,Nacional,emb. 500 gr,"€1,84/un","€3,68/kg"
Chá Preto Saquetas,Tetley,emb. 20 un,"€1,24/un","€0,06/un"
Cevada,Delta,emb. 200 gr,"€1,74/un","€8,70/kg"
Conjunto de Saquetas de Fruta Maçã e Frutos Tropicais +3A,GoGo squeeZ,emb. 4 x 90 gr,"€2,99/un","€8,31/kg"
Bolachas Vitalday Crocantes de Fruta e Fibras,Gullón,emb. 300 gr,"€2,29/un","€7,63/kg"
Saqueta de Fruta Maçã Disney Carros Frutapura +12M,Blédina,emb. 100 gr,"€1,09/un","€10,90/kg"
Bolachas com Passas e Sementes,Continente,emb. 200 gr,"€2,29/un","€11,45/kg"
Biscoitos de Canela,Continente,emb. 750 gr,"€3,49/un","€4,65/kg"
Sopa de Cebola,Knorr,emb. 50 gr,"€1,46/un","€29,20/kg"
Barras de Cereais de Chocolate Negro Sarialis,Bicentury,emb. 5 x 20 gr,"€3,40/un","€28,33/kg"
Vinagre de Vinho Branco,Gallo,emb. 250 ml,"€1,49/un","€5,96/lt"
Cápsulas de Café Qharisma Int 12,Delta Q,emb. 10 un,"€2,99/un","€0,30/un"
Massa Espirais Wok,Milaneza,emb. 500 gr,"€1,99/un","€3,98/kg"
Azeite Virgem Extra Seleção Verde,Oliveira da Serra,emb. 75 cl,"€4,29/un","€5,72/lt"
Arroz Vaporizado Carolino,Caçarola,emb. 1 kg,"€1,73/un","€1,73/kg"
Café Solúvel Intenso,Delta,emb. 200 gr,"€6,69/un","€33,45/kg"
Miolo de Nozes Metades,Os Originais,emb. 200 gr,"€4,99/un","€24,95/kg"
Atum Posta em Óleo de Girassol,Ribeira,emb. 120 gr (peso escorrido 78 gr),"€0,99/un","€12,69/kg"
Molho de Soja Baixo em Sal,Sakura,emb. 150 ml,"€2,64/un","€17,60/lt"
Cereais Estrelas de Mel Pack Poupança,Continente,emb. 1 kg,"€3,59/un","€3,59/kg"
Chá Verde Saquetas,Lipton,emb. 20 un,"€1,39/un","€0,07/un"
Pastilhas Elásticas de Menta sem Açúcar,Orbit,emb. 4 x 14 gr,"€1,99/un","€35,54/kg"
"Puré de Fruta Maçã, Kiwi e Ananás +8M",Blédina,emb. 4 x 95 gr,"€2,79/un","€7,34/kg"
Pevide com Casca e Sal,Continente,emb. 250 gr,"€2,89/un","€11,56/kg"
"Saqueta Banana, Framboesa, Mirtilo e Aveia",Corny,emb.120 gr,"€1,49/un","€12,42/kg"
Amendoim com Mel e Sal,Eagle,emb. 250 gr,"€4,19/un","€16,76/kg"
Atum ao Natural,Tritão,emb. 385 gr (peso escorrido 270 gr),"€2,69/un","€9,96/kg"
Rebuçados Original sem Açúcar,Halls,emb. 4 x 32 gr,"€1,49/un","€11,64/kg"
Mix de Aperitivos Temperados,Continente,emb. 400 gr,"€3,99/un","€9,98/kg"
Bolachas Golden Mini Recheio de Creme,Oreo,emb. 160 gr (4 un),"€1,99/un","€12,44/kg"
Snacks Tiras de Milho,Continente,emb. 130 gr,"€0,65/un","€5,00/kg"
Tablete de Chocolate com Drageias,Milka,emb. 250 gr,"€3,99/un","€15,96/kg"
Sultana Clara,Continente,emb. 200 gr,"€1,69/un","€8,45/kg"
Ketchup com Redução de Sal e Açúcar Top Down,Heinz,emb. 550 gr,"€4,29/un","€7,80/kg"
Azeite Virgem Extra Suave,Gallo,emb. 75 cl,"€7,99/un","€10,65/lt"
Pudim de Baunilha,Continente,emb. 600 gr (6 un),"€0,99/un","€1,65/kg"
Bolachas Chocolate e Cacau sem Açúcar,Continente Equilíbrio,emb. 160 gr (4 un),"€1,89/un","€11,81/kg"
Açúcar de Cana Integral,Cem Porcento,emb. 500 gr,"€1,99/un","€3,98/kg"
Mostarda Top Down,Paladin,emb. 250 gr,"€1,64/un","€6,56/kg"
Ervilhas Frasco,Jerónimos,emb. 345 gr (peso escorrido 210 gr),"€1,03/un","€4,90/kg"
Bolachas Pequeno Almoço Frutos Vermelhos,Continente,emb. 300 gr (6 un),"€1,79/un","€5,97/kg"
Tagliatelle Fresca com Ovo,Continente Fácil & Bom,emb. 250 gr,"€0,89/un","€3,56/kg"
Muesli Crunchy,Continente,emb. 1 kg,"€3,49/un","€3,49/kg"
Gelatina em Pó de Mirtilo sem Açúcar,Royal,emb. 31 gr,"€1,04/un","€33,55/kg"
Molho de Alho,Calvé,emb. 250 ml,"€2,94/un","€11,76/kg"
Tomate Pelado Inteiro,Mutti,emb. 400 gr,"€2,09/un","€5,23/kg"
Tomate em Pedaços com Pimentos,Guloso,emb. 390 gr,"€1,73/un","€4,44/kg"
Doce Morango,Casa de Mateus,emb. 345 gr,"€2,99/un","€8,67/kg"
Sopa de Agrião,Knorr,emb. 53 gr,"€1,39/un","€26,23/kg"
Infusão Cidreira Saquetas,Continente,emb. 25 un,"€0,79/un","€0,03/un"
Barras de Cereais Lion,Lion,emb. 6 x 25 gr,"€3,29/un","€21,93/kg"
Batata Frita Rodelas,Saloinha,emb. 200 gr,"€1,79/un","€8,95/kg"
Snack de Chocolate de Leite Kit Kat Mini,Kit Kat,"emb. 12 x 16,7 gr","€2,79/un","€13,95/kg"
Snack de Arroz e Alecrim sem Glúten Biológico,Fiorentini,emb. 40 gr,"€1,11/un","€27,75/kg"
Cereais Protein Crunch Chocolate,Weetabix,emb. 450 gr,"€4,29/un","€9,53/kg"
"Puré de Fruta Banana, Tangerina e Pera +8M",Continente do Bebé,emb. 4 x 100 gr,"€1,69/un","€4,23/kg"
Bolachas Cream Crackers Original,Jacobs,emb. 200 gr,"€1,19/un","€5,95/kg"
Pastilhas Elásticas de Morango,Continente,emb. 4 x 22 gr,"€1,59/un","€18,07/kg"
Leite em Pó +3A,Nido,emb. 680 gr,"€8,99/un","€8,99/un"
Snacks Batata Natas & Cebola,Pringles,emb. 175 gr,"€2,24/un","€12,80/kg"
Bolachas Wafers com Chocolate de Leite Waffeletten,Bahlsen,emb. 100 gr,"€2,19/un","€21,90/kg"
Biscoitos Areias,Continente,emb. 300 gr,"€1,79/un","€5,97/kg"
Snacks Milho 3D's Cones sem Glúten,Lay's,emb. 85 gr,"€1,65/un","€19,41/kg"
Massa Cotovelos Grossos,Nacional,emb. 500 gr,"€1,19/un","€2,38/kg"
Snack de Chocolate e Caramelo Nougat,Continente,emb. 400 gr,"€1,99/un","€4,98/kg"
Bolachas de Aveia,Triunfo,emb. 190 gr,"€1,49/un","€7,84/kg"
Pastilhas Elásticas White Spearmint Sem Açúcar,Trident,1 un,"€0,89/un","€59,33/kg"
Puré de Fruta Pera +4M,Continente do Bebé,emb. 4 x 100 gr,"€1,69/un","€4,23/kg"
Galetes de Arroz sem Sal Finíssimas sem Glúten,Salutem,emb. 130 gr,"€1,29/un","€9,92/kg"
Pinhão Nacional,Os Originais,emb. 100 gr,"€10,99/un","€109,90/kg"
Salsichas de Aves Hot Dog Frasco 4 un,Nobre,emb. 707 gr (peso escorrido 210 gr),"€2,59/un","€12,33/kg"
Tablete de Chocolate de Leite,Milka,emb. 100 gr,"€1,69/un","€16,90/kg"
Massa Lasanha,Nacional,emb. 400 gr,"€1,39/un","€3,48/kg"
Cogumelos Inteiros,Continente,emb. 3 x 185 gr (peso escorrido 3 x 105 gr),"€2,59/un","€8,22/kg"
Cereais Corn Flakes Milho Pack Poupança,Continente,emb. 1 kg,"€3,19/un","€3,19/kg"
Pastilhas Elásticas Morango Sem Açúcar,Trident,"emb. 23,8 gr","€1,00/un","€41,67/kg"
Doce Extra 4 Frutos Vermelhos,Continente,emb. 375 gr,"€1,49/un","€3,97/kg"
Barras de Cereais Morango e Chocolate Branco,Continente,emb. 6 x 21 gr,"€1,19/un","€9,52/kg"
Massinha Letras,Nacional,emb. 250 gr,"€0,63/un","€2,52/kg"
"Saqueta de Fruta Maçã, Banana e Morango Disney Cars +12M",Blédina,emb. 100 gr,"€1,09/un","€10,90/kg"
Óleo de Milho Puro,Fula,emb. 1 lt,"€2,40/un","€2,40/lt"
Gelatina em Pó de Limão sem Açúcar,Royal,emb. 31 gr,"€1,04/un","€33,55/kg"
Maionese Top Down,Heinz,emb. 400 ml,"€2,13/un","€5,33/lt"
Polpa Tomate Biológico,Guloso,emb. 500 ml,"€2,70/un","€5,40/lt"
Marmelada Pack Poupança,Continente,emb. 900 gr,"€1,99/un","€2,21/kg"
Bolachas Roscas de Chocolate e Amêndoa,Continente,emb. 300 gr,"€1,43/un","€4,77/kg"
Massa Esparguete,Caçarola,emb. 500 gr,"€1,31/un","€2,62/kg"
Bolachas de Água e Sal,Continente,emb. 375 gr (3 un),"€1,15/un","€3,07/kg"
Massa Macarronete com Vegetais Tricolor,Nacional,emb. 500 gr,"€1,38/un","€2,76/kg"
Puré de Fruta de Maçã +4M,Continente do Bebé,emb. 4 x 100 gr,"€1,69/un","€4,23/kg"
Lentilhas Cozidas,Bonduelle,emb. 3 x 200 gr (peso escorrido 3 x 130 gr),"€3,69/un","€9,46/kg"
Caju de Moçambique com Sal Marinho,Os Originais,emb. 200 gr,"€4,19/un","€20,95/kg"
Sortido de Bolachas,Continente,emb. 400 gr,"€1,99/un","€4,98/kg"
Gelatina em Pó de Frutos Tropicais sem Açúcar,Royal,emb. 31 gr,"€1,04/un","€33,55/kg"
Pastilhas Elásticas Spearmint Sem Açúcar,Trident,emb. 24 gr,"€1,00/un","€41,67/kg"
Manteiga de Amendoim Crocante Biológica,Whole Earth,emb. 227 gr,"€4,89/un","€21,54/kg"
Barras de Cereais Nesquik,Nesquik,emb. 12 x 25g,"€4,39/un","€21,95/kg"
Bolachas Wafers com Recheio de Chocolate,Triunfo,emb. 146 gr,"€1,49/un","€10,21/kg"
Tablete de Chocolate Negro com Avelãs e Amêndoas,Continente,emb. 200 gr,"€1,59/un","€7,95/kg"
Puré de Fruta Multifrutas +6M,Continente do Bebé,emb. 4 x 100 gr,"€1,69/un","€4,23/kg"
Café Moído Universal Timor,Delta,emb. 220 gr,"€2,39/un","€10,86/kg"
Massa Macarronete Riscado,Nacional,emb. 500 gr,"€1,19/un","€2,38/kg"
Conjunto de Saquetas de Fruta Maçã e Pera +3A,GoGo squeeZ,emb. 4 x 90 gr,"€2,99/un","€8,31/kg"
Broa Batata Doce,Perdigão,emb. 300 gr,"€2,79/un","€9,30/kg"
Bolachas Cracker Sabor a Bacon,Tuc,emb. 100 gr,"€1,19/un","€11,90/kg"
Rebuçados Citrus Mix sem Açúcar,Halls,emb. 32 gr,"€0,89/un","€27,81/kg"
Snack Equilíbrio de Cereais Sal Marinho,Sunbites,emb. 95 gr,"€1,89/un","€19,89/kg"
Filete de Cavala em Azeite,Continente,emb. 150 gr (peso escorrido 85 gr),"€1,49/un","€17,53/kg"
Bolachas Digestivas Finas com Chocolate Preto,Triunfo,emb. 170 gr,"€1,84/un","€10,82/kg"
Azeite Virgem Extra Cordovil,Herdade do Esporão,emb. 50 cl,"€8,79/un","€17,58/lt"
Massa Fusilli,Rummo,emb. 400 gr,"€2,47/un","€6,18/kg"
Quinoa Tricolor,Continente Equilíbrio,emb. 500 gr,"€2,79/un","€5,58/kg"
Polpa de Tomate,Compal da Horta,emb. 1 kg,"€1,99/un","€1,99/kg"
Bolachas Digestivas com Chocolate Preto,McVitie's,emb. 300 gr,"€2,99/un","€9,97/kg"
Bolachas de Aveia,Continente,emb. 387 gr,"€1,49/un","€3,85/kg"
Infusão Tília Saquetas,Tetley,emb. 10 un,"€0,84/un","€0,08/un"
Atum Filete em Azeite,Santa Catarina,emb. 120 gr (peso escorrido 84 gr),"€1,79/un","€21,31/kg"
Ananás Rodelas,Continente,emb.822 gr,"€2,19/un","€2,66/kg"
Chá Preto Yellow Label Saquetas,Lipton,emb. 20 un,"€1,09/un","€0,05/un"
Café Solúvel Clássico,Nescafé,emb. 300 gr,"€5,99/un","€19,97/kg"
Massa Cotovelos,Nacional,emb. 500 gr,"€1,19/un","€2,38/kg"
Pastilhas Elásticas Senses Tropical Sem Açúcar,Trident,emb. 23 gr,"€0,95/un","€41,30/kg"
Gelatina em Pó de Pêssego,Continente,emb. 2 x 85 gr,"€0,99/un","€5,82/kg"
Bolachas com Cobertura de Chocolate de Leite,Filipinos,emb. 128 gr,"€1,05/un","€8,20/kg"
Azeite Virgem Extra,Herdade do Esporão,emb. 50 cl,"€9,49/un","€18,98/lt"
Massa Tagliatelle,Rummo,emb. 500 gr,"€3,09/un","€6,18/kg"
Cápsulas de Café Colômbia,L'Or,emb. 10 un,"€3,29/un","€0,33/un"
Bolachas Tostadas,Gullón,emb. 800 gr (4 un),"€2,79/un","€3,49/kg"
Azeitona Verde com Queijo,Pere Olive,emb. 150 gr,"€3,99/un","€26,60/kg"
Biscoitos Areias,Continente Seleção,emb. 200 gr,"€3,09/un","€15,45/kg"
Cápsulas de Café Bocage,Nicola,emb. 30 un,"€4,74/un","€0,16/un"
Arroz Integral Pronto a Comer,Cigala,emb. 2 x 125 gr,"€1,39/un","€5,56/kg"
Vinagre Balsâmico de Modena,Gallo,emb. 250 ml,"€2,29/un","€9,16/lt"
Louro Folha em Saqueta,Continente,emb. 10 gr,"€0,69/un","€69,00/kg"
Gomas Favoritos,Haribo,emb. 90 gr,"€1,09/un","€12,11/kg"
Broas da Avó,Continente,emb. 350 gr,"€2,19/un","€6,26/kg"
Molho Whisky Cocktail,Calvé,emb. 250 ml,"€2,94/un","€11,76/kg"
Massinha Estrelinhas,Continente,emb. 250 gr,"€0,65/un","€2,60/kg"
Leite em Pó Confort 2 +6M,Nan,emb. 800 gr,"€23,99/un","€29,99/kg"
Bolachas Marinheiras com Linhaça,Cem Porcento,emb. 200 gr,"€2,89/un","€14,45/kg"
Alcaparras em Vinagre,Cimarrom,emb. 100 gr (peso escorrido 60 gr),"€2,19/un","€36,50/kg"
Tablete de Chocolate Negro 86% Cacau,Côte D'Or,emb. 100 gr,"€1,69/un","€16,90/kg"
Bolachas de Manteiga Butter Cookies,Continente,emb. 454 gr,"€3,39/un","€7,47/kg"
Leite em Pó para Lactentes 1 até 6M,Aptamil,emb. 800 gr,"€16,69/un","€20,86/kg"
Gelatina em Pó Vegetal de Pêssego Gelly Já,Alsa,emb. 180 gr,"€2,99/un","€16,61/kg"
Marmelada Extra,Ferbar,emb. 400 gr,"€1,39/un","€3,48/kg"
Sardinha Inteira em Tomate,Minerva,emb. 120 gr (peso escorrido 85 gr),"€1,49/un","€17,53/kg"
Bolachas Marinhas Linhaça,Salutem,emb. 200 gr,"€2,29/un","€11,45/kg"
Massa Cotovelos Grossos Riscados,Continente,emb. 500 gr,"€0,89/un","€1,78/kg"
Tablete de Chocolate de Leite Extrafino com Amêndoa sem Glúten,Nestlé,emb. 270 gr,"€3,79/un","€14,04/kg"
Massa Tagliatelle Nido,Garofalo,emb. 500 gr,"€3,15/un","€6,30/kg"
Bolachas Cookie XL Chocolate de Leite,Nacional,emb. 180 gr,"€1,94/un","€10,78/kg"
Infusão Cidreira e Mel Saquetas,Tetley,emb. 10 un,"€1,09/un","€0,11/un"
Barras de Cereais Morango Fitness,Fitness,"emb. 6 x 23,5 gr","€2,29/un","€2,29/un"
Bolachas Chiquilín sem Açúcar,Artiach,emb. 175 gr,"€1,54/un","€8,80/kg"
Miolo de Amêndoa sem Pele,Continente,emb. 200 gr,"€3,49/un","€17,45/kg"
Caramelos de Fruta,Penha,emb. 250 gr,"€2,75/un","€11,00/kg"
Azeite Virgem Casto,Cinco Soldos,emb. 75 cl,"€3,49/un","€4,65/lt"
Bolachas Wafers com Recheio de Baunilha,Continente,emb. 250 gr,"€1,19/un","€4,76/kg"
Polpa de Tomate,Guloso,emb. 500 gr,"€1,16/un","€2,32/kg"
"Tortitas de Arroz Chocolate Negro, Laranja e Flor de Azahar",Bicentury,emb. 132 gr,"€2,59/un","€19,62/kg"
Pera Rocha Desidratada,Continente,emb. 20 gr,"€0,89/un","€44,50/kg"
Polpa de Tomate com Manjericão e Oregãos,Continente,emb. 500 gr,"€1,29/un","€2,58/kg"
Galetes de Arroz com Sal Finíssimas sem Glúten,Salutem,emb. 130 gr,"€1,29/un","€9,92/kg"
Bolachas Digestivas,Continente,emb. 400 gr,"€0,99/un","€2,48/kg"
"Barras de Amendoim, Avelã, Caju e Arando",Continente Equilíbrio,emb. 4 x 25 gr,"€1,69/un","€16,90/kg"
Nestlé Sobremesas Tablete de Chocolate Culinária 53% Cacau,Nestlé,emb. 200 gr,"€2,49/un","€12,45/kg"
Massa Conchas,Milaneza,emb. 500 gr,"€1,59/un","€3,18/kg"
Cereais Fitness Chocolate,Fitness,emb. 375 gr,"€2,59/un","€6,91/kg"
Cereais Trigo com Chocolate Nesquik,Nesquik,emb. 950 gr,"€4,99/un","€5,25/kg"
Azeite Virgem Versátil Pet,Oliveira da Serra,emb. 75 cl,"€4,19/un","€5,59/lt"
"Chá Verde, Framboesa e Romã Pyramid",Lipton,emb. 20 un,"€1,49/un","€0,07/un"
Atum Posta em Tomate,Alva,emb. 110 gr (peso escorrido 72 gr),"€0,99/un","€13,75/kg"
Petingas em Azeite,Pitéu,emb. 90 gr (peso escorrido 65 gr),"€1,99/un","€30,62/kg"
Gelatina Pronta Ananás,Continente,emb. 400 gr (4 un),"€0,90/un","€2,25/kg"
Atum em Azeite Biológico,Bom Petisco,emb. 120 gr (peso escorrido 78 gr),"€2,09/un","€26,79/kg"
Ervilhas Cozidas,Compal da Horta,emb. 410 gr (peso escorrido 234 gr),"€1,29/un","€5,51/kg"
Sardinha em Azeite,Bom Petisco,emb. 120 gr (peso escorrido 84 gr),"€1,45/un","€17,26/kg"
Mel de Queiró e Rosmaninho Serra da Malcata,Serramel,emb. 300 gr,"€4,19/un","€13,97/kg"
Tostas Suecas,Continente,emb. 225 gr,"€0,89/un","€3,96/kg"
Saqueta de Fruta para Bebé 4 Frutas +4M,Nestlé,emb. 90 gr,"€1,05/un","€11,67/kg"
Doce Extra Figo sem Glúten,Continente,emb. 375 gr,"€1,49/un","€3,97/kg"
Tablete de Chocolate Cereais Crocantes,Continente,emb. 100 gr,"€0,54/un","€5,40/kg"
Gelatina Pronta Vegetal Morango,Koala,emb. 130 gr,"€1,08/un","€8,31/kg"
Bolo com Pepitas de Chocolate,Manhãzitos,emb. 280 gr (8 un),"€3,99/un","€14,25/kg"
Bolachas Vitalday Cereais e Chocolate Crocantes,Gullón,emb. 280 gr,"€2,29/un","€8,18/kg"
Cápsulas de Café Doppio Espresso Int 10,Dolce Gusto,emb. 16 un,"€4,79/un","€0,30/un"
Massa Cotovelinhos,Milaneza,emb. 500 gr,"€1,59/un","€3,18/kg"
Pastilhas Elásticas Senses Berry Sem Açúcar,Trident,emb. 23 gr,"€0,95/un","€41,30/kg"
Bombons de Chocolate Crispy Almonds,Merci,emb. 250 gr,"€4,69/un","€18,76/kg"
Pastilhas Elásticas Max Slab Melancia Pêssego Sem Açúcar,Trident,emb. 23 gr,"€0,95/un","€41,30/kg"
Rebuçados de Mel e Limão sem Açúcar,Halls,emb. 4 x 32 gr,"€1,49/un","€11,64/kg"
Lanchinhos com Pepitas de Chocolate,Continente,emb. 240 gr (6 un),"€1,59/un","€6,63/kg"
Pastilhas Elásticas Max Watermelon Frost Sem Açúcar,Trident,emb. 3 x 20 gr,"€2,59/un","€43,17/kg"
Croissants Recheados com Cacau e Avelã,Aurora,emb. 304 gr (8 un),"€2,49/un","€8,19/kg"
Ketchup Top Down,Heinz,emb. 250 gr,"€2,29/un","€9,16/kg"
Massa Macarronete Penne Grande Riscado,Milaneza,emb. 500 gr,"€1,59/un","€3,18/kg"
Massinha Pevide,Continente,emb. 250 gr,"€0,65/un","€2,60/kg"
Tablete de Chocolate Culinária 70% Cacau,Pantagruel,emb. 200 gr,"€2,84/un","€14,20/kg"
Grão de Bico,Continente,emb. 500 gr,"€0,99/un","€1,98/kg"
Massa Hélices,Milaneza,emb. 500 gr,"€1,86/un","€3,72/kg"
Cápsulas de Café Descafeinado Qalidus Int 10,Delta Q,emb. 10 un,"€2,99/un","€0,30/un"
Pimentão Doce em Saqueta,Continente,emb. 50 gr,"€0,59/un","€11,80/kg"
Batata Doce Frita,Saloinha,emb. 150 gr,"€2,55/un","€17,00/kg"
Gelatina Pronta Melancia,Royal,emb. 400 gr (4 un),"€1,09/un","€2,73/kg"
Bolachas Fruit & Fit de Frutos Vermelhos,Triunfo,emb. 148 gr (6 un),"€2,19/un","€14,80/kg"
Pastilhas Elásticas Oral-B Peppermint Sem Açúcar,Trident,emb. 68 gr,"€3,49/un","€51,32/kg"
Bolachas Vitalday Crocante Original,Gullón,emb. 265 gr,"€2,29/un","€8,64/kg"
Farinha de Trigo Fina T65,Espiga,emb. 1 kg,"€1,89/un","€1,89/kg"
Saqueta de Fruta Maçã e Banana +4M,Hero Baby,emb. 100 gr,"€0,78/un","€7,80/kg"
Bolachas com Recheio de Morango La Barquette,Lu,emb. 120 gr (3 un),"€1,99/un","€16,58/kg"
Couscous,Garofalo,emb. 1 kg,"€3,15/un","€3,15/kg"
Tablete de Chocolate Negro Excellence e Chili,Lindt,emb. 100 gr,"€2,09/un","€20,90/kg"
Café em Grão Premium,Inducci,emb. 1 kg,"€8,99/un","€8,99/kg"
Massa Esparguete,Continente Bio,emb. 500 gr,"€1,29/un","€2,58/kg"
Adoçante com Doseador 300 Pastilhas,Canderel,emb. 300 un,"€4,99/un","€199,60/kg"
Hambúrguer de Atum,Bom Petisco,emb. 2 x 75 gr,"€3,45/un","€23,00/kg"
Cogumelos Inteiros,Ferbar,emb. 290 gr (peso escorrido 155 gr),"€1,79/un","€11,55/kg"
Snacks Milho Giants Extra Queijo,Cheetos,emb. 100 gr,"€1,65/un","€16,50/kg"
Bolachas Ositos com Mel,Artiach,emb. 160 gr (4 un),"€1,69/un","€10,56/kg"
Tablete de Chocolate de Leite com Ananás,Regina,emb. 100 gr,"€1,26/un","€12,60/kg"
Bolachas com Cobertura de Chocolate Branco,Filipinos,emb. 128 gr,"€1,05/un","€8,20/kg"
Arroz Basmati,Cigala,emb. 2 kg,"€4,99/un","€2,50/kg"
Sardinha sem Pele e sem Espinha em Azeite,Continente Seleção,emb. 120 gr (peso escorrido 85 gr),"€1,69/un","€19,88/kg"
Bolachas Amálias com Arandos e Chocolates Biológicas,Origens Bio,emb. 200 gr,"€4,89/un","€24,45/kg"
Batata Frita Palha sem Glúten,Saloinha,emb. 200 gr,"€1,79/un","€8,95/kg"
Bagas de Goji,Continente,emb. 150 gr,"€2,99/un","€19,93/kg"
Bolachas Mini Marinheira Naturais,Cem Porcento,emb. 50 gr,"€0,89/un","€17,80/kg"
Massa Cotovelinhos,Nacional,emb. 500 gr,"€1,19/un","€2,38/kg"
Pastilhas Elástica de Peppermint,Continente,emb. 4 x 22 gr,"€1,59/un","€18,07/kg"
Tostas de Trigo,Continente,emb. 750 gr,"€2,05/un","€2,73/kg"
Sementes de Abóbora,Continente,emb. 200 gr,"€1,89/un","€9,45/kg"
Bolachas Choco Biscuit Chocolate de Leite,Milka,emb. 150 gr (2 un),"€2,49/un","€16,60/kg"
Massa Fusilli,Continente Bio,emb. 500 gr,"€1,29/un","€2,58/kg"
Massa Esparguete Tinta de Choco,Continente,emb. 500 gr,"€2,29/un","€4,58/kg"
Filete de Atum em Azeite,Bolina,emb. 165 gr (peso escorrido 78 gr),"€1,99/un","€25,51/kg"
Lentilhas sem Casca,Seara,emb. 500 gr,"€3,79/un","€7,58/kg"
Farinha para Pão Mistura,Nacional,emb. 1 kg,"€1,94/un","€1,94/kg"
Sopa de Cebola,Knorr,emb. 50 gr,"€1,39/un","€27,80/kg"
Bolachas Digestivas,Triunfo,emb. 160 gr (6 un),"€1,24/un","€7,75/kg"
Bolo Planetus,Manhãzitos,emb. 210 gr (6 un),"€2,79/un","€13,29/kg"
Mostarda Top Down,Calvé,emb. 257 gr,"€2,39/un","€9,30/kg"
Tortitas de Milho Mini sem Glúten,Continente Equilíbrio,emb. 200 gr (8 un),"€1,99/un","€9,95/kg"
Feijão Manteiga,Caçarola,emb. 500 gr,"€2,19/un","€4,38/kg"
Massa Esparguete de Espelta Integral,La Bio Idea,emb. 500 gr,"€4,40/un","€8,80/kg"
Doce Framboesa e Romã sem Adição de Açúcar,St. Dalfour,emb. 284 gr,"€4,39/un","€15,46/kg"
Maionese Leve Top Down,Continente,emb. 470 gr,"€1,49/un","€3,17/kg"
Chá Bons Sonhos Saquetas,Yogi,emb. 12 un,"€2,09/un","€0,17/un"
Massa Linguine,Rummo,emb. 400 gr,"€2,47/un","€6,18/kg"
Tablete de Chocolate com Caramelo e Flor de Sal Excellence 70% Cacau,Lindt,emb. 100 gr,"€2,54/un","€25,40/kg"
Amendoim no Forno,Matutano,emb. 200 gr,"€2,29/un","€11,45/kg"
Bolo Little Bites Laranja,Bimbo,emb. 168 gr (4 un),"€2,99/un","€17,80/kg"
Cereais Bolas com Chocolate,Continente,emb. 625 gr,"€2,99/un","€4,78/kg"
Infusão Camomila Saquetas,Cem Porcento,emb. 10 un,"€0,79/un","€0,08/un"
Vinagre de Sidra,Continente,emb. 1 L,"€0,69/un","€0,69/lt"
Batata Frita Palha sem Glúten,Saloinha,emb. 400 gr,"€3,49/un","€8,73/kg"
Massa Fusilli Parmesana,Continente,emb. 150 gr,"€1,49/un","€9,93/kg"
Mel de Laranjeira,João Franco,emb. 500 gr,"€7,35/un","€14,70/kg"
Bolachas Diet Natur com Recheio de Iogurte,Gullón,emb. 220 gr (5 un),"€1,89/un","€8,59/kg"
Patê com Pimenta Negra,Capdevila Exquisite,emb. 100 gr,"€2,20/un","€22,00/kg"
Cápsulas de Café Cappuccino,Dolce Gusto,emb. 16 un,"€4,79/un","€0,30/un"
Snack de Chocolate com Biscoito e Caramelo Mini,Twix,emb. 170 gr,"€2,16/un","€12,71/kg"
Infusão Digestão Fácil Saquetas,Lipton,emb. 20 un,"€1,94/un","€0,10/un"
Doce Extra Mirtilos sem Glúten,Continente,emb. 375 gr,"€1,49/un","€3,97/kg"
Bolachas Ositos com Chocolate,Artiach,emb. 160 gr (4 un),"€1,69/un","€10,56/kg"
Azeitona Verde Descaroçada,Pere Olive,emb. 150 gr,"€3,99/un","€26,60/kg"
"Polpa de Tomate, Tomilho e Alecrim",Guloso,emb. 500 gr,"€1,71/un","€3,42/kg"
Leite em Pó Confort 2 +6M,Aptamil,emb. 800 gr,"€20,29/un","€25,36/kg"
Café Moído Universal Angola,Delta,emb. 220 gr,"€2,39/un","€10,86/kg"
Bolachas Soft Bakes Frutos Vermelhos,Belvita,emb. 250 gr (5 un),"€2,99/un","€11,96/kg"
Tortitas de Milho Mini,Bicentury,emb. 100 gr,"€1,79/un","€17,90/kg"
Açúcar Mascavado,Sidul,emb. 500 gr,"€1,79/un","€3,58/kg"
Granola Mel Fitness,Fitness,emb. 300 gr,"€2,79/un","€9,30/kg"
Tablete de Chocolate e Laranja,Regina,emb. 100 gr,"€1,26/un","€12,60/kg"
Atum Posta ao Natural,Ribeira,emb. 120 gr (peso escorrido 78 gr),"€0,99/un","€12,69/kg"
Doce Extra Cereja,Continente,emb. 375 gr,"€1,49/un","€3,97/kg"
Açúcar Mascavado 50 Sticks,Sidul,emb. 250 gr,"€1,95/un","€7,80/kg"
Arroz Thai Aromático,Saludães,emb. 500 gr,"€1,43/un","€2,86/kg"
Couscous,Continente,emb. 1 kg,"€1,89/un","€1,89/kg"
Feijão Preto Cozido,Ferbar,emb. 410 gr (peso escorrido 260 gr),"€1,39/un","€5,35/kg"
Filetes Cavala em Azeite Biológico,Minerva,emb. 120 gr (peso escorrido 78 gr),"€2,99/un","€38,33/kg"
Massa Penne Rigate,Rummo,emb. 500 gr,"€2,39/un","€4,78/kg"
Arroz Carolino Malandrinho,Pato Real,emb. 1 kg,"€1,49/un","€1,49/kg"
Massa Fusilli Tricolor,Garofalo,emb. 500 gr,"€2,99/un","€5,98/kg"
Snacks Milho Palitos Sabor Ketchup,Cheetos,emb. 96 gr,"€1,65/un","€17,19/kg"
Bombons de Chocolate Plaisir Avelã,Nestlé,emb. 154 gr,"€5,49/un","€35,65/kg"
Massa Pennette Integral,Barilla,emb. 500 gr,"€2,99/un","€5,98/kg"
Bolachas Digestivas de Aveia,Triunfo,emb. 171 gr (6 un),"€1,24/un","€7,25/kg"
Tablete de Chocolate com Cereais e Amêndoas,Canderel,emb. 100 gr,"€2,49/un","€24,90/kg"
Massa Esparguete Tricolor,Continente,emb. 500 gr,"€1,29/un","€2,58/kg"
Arroz Branco,Seara,emb. 1 kg,"€4,29/un","€4,29/kg"
Caramelos de Fruta,Penha,emb. 500 gr,"€5,39/un","€10,78/kg"
Tortitas de Arroz Chocolate Negro,Bicentury,emb. 93 gr,"€2,59/un","€27,85/kg"
Leite de Coco Light,Origens Bio,emb. 400 ml,"€2,99/un","€7,48/lt"
Amendoim Torrado com Casca,Continente,emb. 500 gr,"€1,99/un","€3,98/kg"
Sopa de Espargos,Knorr,emb. 70 gr,"€1,39/un","€19,86/kg"
Vinagre de Sidra Original,Gallo,emb. 250 ml,"€2,29/un","€9,16/lt"
Wrap de Espelta e Aveia,Mission,emb. 370 gr (6 un),"€2,95/un","€7,97/kg"
Passata de Tomate,Mutti,emb. 400 gr,"€2,09/un","€5,23/kg"
Vinagre Balsâmico de Modena,Gallo,emb. 500 ml,"€3,99/un","€7,98/lt"
Barras de Cereais Chocolate Negro Muesly,Corny,"emb. 6 x 15,5 gr","€2,99/un","€21,67/kg"
Mini Tostas de Trigo,Diatosta,emb. 350 gr,"€2,39/un","€6,83/kg"
Mini Nackis Pop Corn,Bicentury,emb. 70 gr,"€1,75/un","€25,00/kg"
Bolachas de Gengibre,Anna's,emb. 150 gr,"€2,24/un","€14,93/kg"
Mel de Portugal,Serramel,emb. 1 kg,"€11,39/un","€11,39/kg"
Cereais Nesquik,Nesquik,emb. 625 gr,"€3,44/un","€5,50/kg"
Bolachas Integrais,Continente,emb. 200 gr (4 un),"€1,19/un","€5,95/kg"
Puré de Maçã sem Açúcar para Sobremesas,Andros,emb. 730 gr,"€3,45/un","€4,73/kg"
Vinagre de Pera Fruta Portuguesa,Oliveira da Serra,emb. 250 ml,"€1,39/un","€5,56/lt"
Atum em Posta em Óleo de Girassol,Santa Catarina,emb. 120 gr (peso escorrido 78 gr),"€1,08/un","€13,85/kg"
Tablete de Chocolate de Leite com Passas e Avelã,Continente,emb. 200 gr,"€1,49/un","€7,45/kg"
Polpa de Tomate,Guloso,emb. 1 kg,"€1,91/un","€1,91/kg"
Cravinho Moído em Saqueta,Margão,emb. 40 gr,"€2,59/un","€64,75/kg"
Bolachas Mini Estrelas Chocolate de Leite,Prince,emb. 187 gr (5 un),"€2,39/un","€12,78/kg"
Café Moído Moagem Fina,Continente,emb. 250 gr,"€1,49/un","€5,96/kg"
Bolachas Mini Maria,Continente,emb. 150 gr,"€1,39/un","€9,27/kg"
Cereais Frosties Milho Doce,Kellogg's,emb. 375 gr,"€2,49/un","€6,64/kg"
Pastilhas Elásticas Frutos Silvestres Sem Açúcar,Trident,"emb. 4 x 14,5 gr","€2,59/un","€46,25/kg"
Salsichas Bockwurst Frasco 8 un,Izidoro,emb. 650 gr (peso escorrido 395 gr),"€3,62/un","€9,16/kg"
Bolachas Maria Diet Nature,Gullón,emb. 400 gr,"€1,84/un","€4,60/kg"
Puré de Fruta Pera +4M,Blédina,emb. 4 x 95 gr,"€2,79/un","€7,34/kg"
Bolachas Cream Cracker,Cuétara,emb. 200 gr,"€1,29/un","€6,45/kg"
Doce Figo sem Adição de Açúcar,Prisca,emb. 250 gr,"€3,59/un","€14,36/kg"
Massa Macarrão Penne,Nacional,emb. 500 gr,"€1,39/un","€2,78/kg"
Massa Cannelloni,Buitoni,emb. 250 gr,"€1,59/un","€6,36/kg"
Bolachas Crackers com Sal,Du Bois,emb. 500 gr (20 un),"€2,79/un","€5,58/kg"
Tomate para Pizza,Mutti,emb. 400 gr,"€2,19/un","€5,48/kg"
Massa Lasanha Sêmola,Barilla,emb. 250 gr,"€2,49/un","€9,96/kg"
Drageias Mint de Eucalipto sem Açúcar,Smint,emb. 35 gr,"€2,05/un","€58,57/kg"
Alimento Lácteo Manga +6M,Yogolino,emb. 4 x 100 gr,"€2,29/un","€5,73/kg"
"Cereais Cheerios Trigo, Mel e Aveia",Cheerios,emb. 375 gr,"€2,89/un","€7,71/kg"
Cápsulas de Café Espresso Ristreto Ardenza Int 11,Dolce Gusto,emb. 3 x 16 un,"€14,89/un","€0,31/un"
Pasta Carbonara Pot,Knorr,emb. 62 gr,"€2,15/un","€34,68/kg"
Gelatina Ananás 0% Açúcar,Continente,emb. 31 gr,"€0,99/un","€31,94/kg"
Bolachas Cacau Recheadas com Creme Diet Nature,Gullón,emb. 210 gr (5 un),"€1,89/un","€9,00/kg"
"Boião de Fruta Pera, Banana e Cenoura +4M",Hero Baby,emb. 120 gr,"€1,03/un","€8,58/kg"
Folhas Frescas para Lasanha,Rana,emb. 250 gr,"€2,69/un","€10,76/kg"
Bolachas Wafers Quadratini com Recheio Avelã,Loacker,emb. 250 gr,"€3,29/un","€13,16/kg"
Almôndegas,Nobre,emb. 500 gr (peso escorrido 420 gr),"€3,65/un","€8,69/kg"
Gressinos com Azeite,Continente,emb. 2 x 125 gr,"€1,99/un","€7,96/kg"
Muesli sem Adição de Açúcar,Alpen,emb. 560 gr,"€4,14/un","€7,39/kg"
Chá Verde e Suave Menta Saquetas,Tetley,emb. 10 un,"€0,84/un","€0,08/un"
Snack para Bebé Flores de Lentilha e Milho +12M,Blédina,emb. 20 gr,"€1,39/un","€69,50/kg"
Snacks Batata sabor Original,Pringles,emb. 70 gr,"€1,65/un","€23,57/kg"
Arroz Risotto,Bom Sucesso,emb. 1 kg,"€2,52/un","€2,52/kg"
Azeite Virgem Extra Seleção Azeitonas Maduras,Oliveira da Serra,emb. 75 cl,"€4,29/un","€5,72/lt"
Tempero de Pimentão Doce e Louro em Frasco,Continente Seleção,emb. 35 gr,"€1,49/un","€42,57/kg"
Caldo de Carne Cubos menos 30% Sal,Knorr,emb. 8 un,"€1,49/un","€18,63/kg"
Barras de Nozes com Chocolate Negro e Sal Marinho sem Glúten,Be-Kind,emb. 3 x 30 gr,"€3,99/un","€44,33/kg"
Moinho Pimenta Preta Biológico,Margão,emb. 30 gr,"€4,49/un","€149,67/kg"
Bolachas Mini Shortcake,Nacional,emb. 120 gr,"€1,04/un","€8,67/kg"
Tosta de Arroz e Milho sem Glúten,Diet Radisson,emb. 100 gr,"€2,25/un","€22,50/kg"
Mel Flores de Rosmaninho com Doseador,Serramel,emb. 500 gr,"€6,59/un","€13,18/kg"
Doce Arandos e Mirtilos sem Adição de Açúcar,St. Dalfour,emb. 284 gr,"€4,39/un","€15,46/kg"
Tâmara Seca Descaroçada,Continente,emb. 200 gr,"€1,59/un","€7,95/kg"
Sopa de Tomate,Knorr,emb. 85 gr,"€1,39/un","€16,35/kg"
Cápsulas de Café Forte Int 10,Continente,emb. 10 un,"€1,79/un","€0,18/un"
Salsichas Frankfurt Lata 8 un,Continente,emb. 350 gr (peso escorrido 200 gr),"€0,77/un","€3,85/kg"
Tablete Chocolate Negro 74%,Continente,emb. 100 gr,"€0,99/un","€9,90/kg"
Miolo de Castanha do Maranhão,Continente,emb. 125 gr,"€2,29/un","€18,32/kg"
Bolachas Digestivas de Maçã,Triunfo,emb. 171 gr (6 un),"€1,24/un","€7,25/kg"
Caldo de Galinha Cubos menos 30% Sal,Knorr,emb. 8 un,"€1,49/un","€18,63/kg"
Gelatina Pronta Morango Pack Poupança,Continente,emb. 600 gr (6 un),"€1,25/un","€2,08/kg"
Massa Linguine,Nacional,emb. 500 gr,"€1,09/un","€2,18/kg"
Adoçante 100 Sticks,Canderel,emb. 100 un,"€3,19/un","€31,90/kg"
Tortitas de Arroz com Sal sem Glúten,Continente Equilíbrio,emb. 130 gr,"€0,75/un","€5,77/kg"
Sardinha em Tomate Picante,Continente,emb. 120 gr (peso escorrido 85 gr),"€0,89/un","€10,47/kg"
Barras de Cereais Golden Grahams,Golden Grahams,emb. 12 x 25g,"€4,39/un","€21,95/kg"
Milho para Pipocas,Cimarrom,emb. 400 gr,"€1,39/un","€3,48/kg"
Tostas Rústicas Integrais,Brioche Pasquier,emb. 240 gr (24 un),"€2,29/un","€9,54/kg"
Tomate Pelado,Cirio,emb. 400 gr,"€1,99/un","€4,98/kg"
Bolachas de Água e Sal,Vieira,emb. 125 gr,"€0,69/un","€5,52/kg"
Biscoitos Glacé,Continente,emb. 200 gr,"€1,49/un","€7,45/kg"
Atum Posta ao Natural,Santa Catarina,emb. 120 gr (peso escorrido 84 gr),"€1,08/un","€12,86/kg"
Óleo Alimentar Especial Fritura,Fula,emb. 3 lt,"€8,23/un","€2,74/lt"
Saqueta de Fruta e Bolacha +12M,Nestlé,emb. 110 gr,"€1,25/un","€11,36/kg"
"Refeição para Bebé Batata, Abóbora e Peru +6M",Nestlé,emb. 190 gr,"€2,19/un","€11,53/kg"
Granola Fruta e Canela,Cem Porcento,emb. 350 gr,"€3,86/un","€11,03/kg"
Gelatina em Pó de Ananás,Continente,emb. 2 x 85 gr,"€0,99/un","€5,82/kg"
"Saqueta de Fruta Maçã, Banana e Aveia +6M",Nestlé,emb. 90 gr,"€1,05/un","€11,67/kg"
Snacks Milho Rolitos Queijo,Cheetos,emb. 100 gr,"€1,65/un","€16,50/kg"
Tablete de Chocolate Negro 70% Cacau,Côte D'Or,emb. 100 gr,"€1,69/un","€16,90/kg"
Bolachas Wafers com Recheio de Limão,Cuétara,emb. 150 gr,"€1,89/un","€12,60/kg"
Canudinhos,Continente,emb. 180 gr,"€1,69/un","€9,39/kg"
Barras de Cereais Chocolate Negro Special K,Kellogg's,emb. 129 gr,"€3,79/un","€29,38/kg"
"Puré de Fruta Banana, Maçã, Laranja e Bolacha +8M",Continente do Bebé,emb. 4 x 100 gr,"€1,69/un","€4,23/kg"
Polpa Tomate em Cubos Biológica,Valfrutta,emb. 400 gr,"€1,79/un","€4,48/kg"
Tremoço Miúdo,Continente,"emb. 1,5 kg (peso escorrido 900 gr)","€2,99/un","€3,32/kg"
Vinagre Balsâmico de Sidra,Gallo,emb. 250 ml,"€2,49/un","€9,96/lt"
Azeitona Genovesa,Ficacci,emb 150 gr,"€2,59/un","€17,27/kg"
Maionese Top Down,Continente,emb. 500 ml,"€2,19/un","€4,38/lt"
Miolo de Amendoim com Mel e Sal,Continente,emb. 200 gr,"€1,49/un","€7,45/kg"
Sardinha Inteira em Azeite Refinado,Alva,emb. 120 gr (peso escorrido 85 gr),"€0,89/un","€10,47/kg"
Amendoim Torrado com Casca,Continente,emb. 1 kg,"€3,89/un","€3,89/kg"
Ervilha,Bonduelle,emb. 3 x 75 gr (peso escorrido 3 x 65 gr),"€2,49/un","€12,77/kg"
Biscoitos de Limão Sem Adição de Açúcar,Diese,emb. 250 gr,"€3,39/un","€13,56/kg"
Bolachas Crackers sem Sal,Du Bois,emb. 500 gr (20 un),"€2,79/un","€5,58/kg"
Bolachas de Chocolate Tosta Rica Oceanix,Cuétara,emb. 160 gr,"€1,24/un","€7,75/kg"
Gengibre Desidratado,Continente,emb. 200 gr,"€2,59/un","€12,95/kg"
Infusão Lúcia-Lima Verbena Saquetas,Tetley,emb. 10 un,"€0,84/un","€0,08/un"
Azeite Virgem Extra Socalcos do Norte,Gallo,emb. 75 cl,"€4,89/un","€6,52/lt"
Mousse de Chocolate Preto,Alsa,emb. 148 gr,"€2,59/un","€17,50/kg"
Tosta Rica Mini Go,Cuétara,emb. 240 gr (8 un),"€2,69/un","€11,21/kg"
Cápsulas de Café Aveludado Int 9,Continente,emb. 10 un,"€1,79/un","€0,18/un"
"Tortitas de Milho Cogumelos, Trufas e Parmesão",Bicentury,emb. 124 gr,"€2,75/un","€22,18/kg"
Bolachas My Cookie Chocolate,Nacional,emb. 150 gr,"€1,79/un","€11,93/kg"
Bolachas Maria Júnior sem Lactose,Vieira,emb. 276 gr (12 un),"€2,49/un","€9,02/kg"
Cápsulas de Café Fortíssimo Int 14,Continente,emb. 40 un,"€5,99/un","€0,15/un"
Puré Maçã e Pera Biológicas Saqueta,Seara,emb. 100 gr,"€0,99/un","€9,90/kg"
Pão Ralado,Continente,emb. 300 gr,"€0,69/un","€2,30/kg"
Cápsulas de Café com Leite Galão,Dolce Gusto,emb. 16 un,"€4,79/un","€0,30/un"
Molho Korma,Patak's,emb. 450 gr,"€3,69/un","€8,20/kg"
Tablete de Chocolate Negro com Amêndoa 85% Cacau sem Glúten,Lacasa,emb. 200 gr,"€2,46/un","€12,30/kg"
Batata Frita Ondulada Sabor Ketchup,Continente,emb. 170 gr,"€1,29/un","€7,59/kg"
Snacks Milho Chilli Pepper,Doritos,emb. 140 gr,"€1,65/un","€11,79/kg"
Óleo de Coco Virgem,Continente Bio,emb. 500 ml,"€4,29/un","€8,58/lt"
Gressinos com Sésamo,Continente,emb. 2 x 125 gr,"€1,89/un","€7,56/kg"
Orégãos Folha em Saqueta,Margão,emb. 8 gr,"€1,09/un","€136,25/kg"
Pastilhas Elásticas de Peppermint sem Açúcar,Orbit,emb. 84 gr,"€2,99/un","€35,60/kg"
Bolachas Pequeno Almoço Aveia,Continente,emb. 300 gr (6 un),"€1,79/un","€5,97/kg"
Creme Vinagre Balsâmico,Ponti,emb. 250 ml,"€2,99/un","€11,96/kg"
Bolachas Extra Pepitas XL,Chips Ahoy,emb. 184 gr,"€2,59/un","€14,08/kg"
Vinagre de Vinho Branco,Cristal,emb. 75 cl,"€1,29/un","€1,72/lt"
Sal Marinho Iodado,Vatel,emb. 1 kg,"€0,99/un","€0,99/kg"
Muesli Crunchy Frutos,Continente,emb. 500 gr,"€2,39/un","€4,78/kg"
Alecrim Folha em Frasco,Margão,emb. 27 gr,"€1,89/un","€82,17/kg"
Bolachas Digestivas Finas com Chocolate de Leite,Triunfo,emb. 170 gr,"€1,84/un","€10,82/kg"
Infusão Menta Pyramid,Lipton,emb. 20 un,"€1,19/un","€0,06/un"
Atum Posta em Azeite,Alva,emb. 110 gr (peso escorrido 72 gr),"€1,09/un","€15,14/kg"
Tomate Triturado,Compal da Horta,emb. 500 gr,"€1,59/un","€3,18/kg"
"Saqueta de Fruta Maçã, Banana e Pêssego +4M",Hero Baby,emb. 100 gr,"€0,78/un","€7,80/kg"
Caramelos Original,Werther's,emb. 3 x 50 gr,"€2,29/un","€15,27/kg"
Massa Penne Integral,Continente Equilíbrio,emb. 500 gr,"€1,39/un","€2,78/kg"
Bolachas Marinheiras Integrais,Cem Porcento,emb. 200 gr,"€2,89/un","€14,45/kg"
Massa Bavette,Barilla,emb. 500 gr,"€2,39/un","€4,78/kg"
"Biscoito de Alfarroba, Coco e Limão",Continente Seleção,emb. 200 gr,"€3,20/un","€16,00/kg"
Bolachas Wafers Chocolate e Avelã,Continente,emb. 180 gr (3 un),"€0,95/un","€5,28/kg"
Chá Preto Freshpack Saquetas,Lipton,emb. 25 un,"€1,74/un","€0,07/un"
Gelatina Pronta Vegetal Melancia,Koala,emb. 130 gr,"€1,08/un","€8,31/kg"
Cogumelos Laminados,Ferbar,emb. 290 gr (peso escorrido 155 gr),"€1,29/un","€8,32/kg"
Granola Aveia com Chocolate Cruesli,Quaker,emb. 375 gr,"€4,09/un","€10,91/kg"
Rebuçados Extra Strong sem Açúcar,Halls,emb. 4 x 32 gr,"€1,49/un","€11,64/kg"
Patê de Pato,Continente,emb. 125 gr (peso escorrido 125 gr),"€1,19/un","€9,52/kg"
Vinagre de Vinho Branco,Continente,emb. 500 ml,"€0,49/un","€0,98/lt"
Chá Verde e Menta Pyramid,Lipton,emb. 20 un,"€1,49/un","€0,07/un"
Napolitanas de Cacau,Continente,emb. 270 gr (6 un),"€1,49/un","€5,52/kg"
Ervilhas Cozidas Lata,Continente,emb. 850 gr (peso escorrido 520 gr),"€1,19/un","€2,29/kg"
Bolachas Wafers de Chocolate Branco,Milka,emb. 180 gr (6 un),"€2,69/un","€14,94/kg"
Alho Moído Biológico,Margão,emb. 52 gr,"€4,29/un","€82,50/kg"
Pasta Bolonhesa Pot,Knorr,emb. 68 gr,"€2,15/un","€31,62/kg"
Massa Penne Rigate,Rummo,emb. 400 gr,"€2,47/un","€6,18/kg"
Açúcar Fino,Sidul,emb. 1 kg,"€1,79/un","€1,79/kg"
Massa Espirais com Vegetais,Caçarola,emb. 500 gr,"€1,78/un","€3,56/kg"
Nestum Arroz Zero +3A,Nestum,emb. 250 gr,"€2,14/un","€8,56/kg"
Cereais Argolas com Mel,Continente,emb. 375 gr,"€1,99/un","€5,31/kg"
Atum Posta em Molho de Tomate e Oregãos,Bolina,emb. 120 gr (peso escorrido 78 gr),"€0,99/un","€12,69/kg"
Açúcar Branco 50 Sticks,Sidul,emb. 250 gr,"€1,58/un","€6,32/kg"
Ventresca de Atum em Azeite,Pitéu,emb. 115 gr (peso escorrido 75 gr),"€4,49/un","€59,87/kg"
Doce Marmelo Sucralose,Cem Porcento,emb. 400 gr,"€3,29/un","€8,23/kg"
Bolacha Maria 0% Açúcar,Continente,emb. 600 gr (3 un),"€2,89/un","€4,82/kg"
Infusão Cidreira Saquetas,Cem Porcento,emb. 10 un,"€0,79/un","€0,08/un"
Massa Spaghettini,Garofalo,emb. 500 gr,"€2,09/un","€4,18/kg"
Infusão Romã e Framboesa Superfruits Saquetas,Tetley,emb. 20 un,"€2,54/un","€0,13/un"
Cápsulas de Café Descafeinado Intenso Int 7,Dolce Gusto,emb. 16 un,"€4,79/un","€0,30/un"
Bolachas Belgas Mini Bites Original,Saborosa,emb. 150 gr (5 un),"€1,99/un","€13,27/kg"
Bolachas de Amendoim,Continente,emb. 220 gr,"€2,39/un","€9,19/kg"
Quinoa,Tipiak,emb. 2 x 100 gr,"€2,99/un","€14,95/kg"
Doce Abóbora com Amêndoa,Prisca,emb. 250 gr,"€2,59/un","€10,36/kg"
Vinagre Balsâmico,Oliveira da Serra,emb. 250 ml,"€1,14/un","€4,56/lt"
Coentros Grão para Gin,Mix,emb. 20 gr,"€3,10/un","€155,00/kg"
Bacalhau com Azeite e Alho,Continente,emb. 129 gr (peso escorrido 85 gr),"€2,30/un","€27,06/kg"
Tablete de Chocolate Negro com Avelã Les Recettes de L'Atelier,Nestlé,emb. 170 gr,"€2,99/un","€17,59/kg"
Bolachas Digestivas de Aveia,Gullón,emb. 410 gr,"€2,59/un","€6,32/kg"
Granola Chocolate Fitness,Fitness,emb. 300 gr,"€2,79/un","€9,30/kg"
Bolachas Sandwich Chocolate,Prince,emb. 300 gr,"€1,99/un","€6,63/kg"
Mini Croissants de Chocolate,Continente,emb. 315 gr (7 un),"€1,95/un","€6,19/kg"
Molho Barbecue Clássico Top Down,Heinz,emb. 490 gr,"€3,79/un","€7,90/kg"
Infusão Tília Pyramid,Lipton,emb. 20 un,"€1,19/un","€0,06/un"
Cápsulas de Café Au Lait Intenso,Dolce Gusto,emb. 16 un,"€4,79/un","€0,30/un"
Palitos de Chocolate de Leite,Continente,emb. 150 gr,"€1,19/un","€7,93/kg"
Chá Verde Suporte Imunidade Pyramid,Lipton,emb. 20 un,"€1,94/un","€0,10/un"
Gelatina Pronta Morango,Continente,emb. 400 gr (4 un),"€0,90/un","€2,25/kg"
Alimento Lácteo de Banana +6M,Yogolino,emb. 100 gr,"€0,84/un","€8,40/kg"
Mix Frutos Secos Puro Sabor,Continente,emb. 200 gr,"€3,19/un","€15,95/kg"
Molho Inglês,Savora,emb. 120 ml,"€1,26/un","€10,50/lt"
Bolachas Doradas Diet Nature,Gullón,emb. 330 gr,"€1,99/un","€6,03/kg"
Tablete de Chocolate com Amêndoa e Caramelo,Milka,emb. 300 gr,"€2,99/un","€9,97/kg"
Pipocas Salgadas,Continente,emb. 90 gr,"€0,79/un","€8,78/kg"
Azeite Virgem Extra Oliveirinha,Oliveira da Serra,emb. 50 cl,"€4,39/un","€8,78/lt"
Bebida de Chocolate Solúvel,Ovomaltine,emb. 400 gr,"€5,94/un","€14,85/kg"
Massa Animais da Quinta com Vegetais,Nacional,emb. 500 gr,"€1,39/un","€2,78/kg"
Salsichas Oktoberfester Bockwurst Frasco 6 un,Meica,emb. 380 gr (peso escorrido 200 gr),"€3,96/un","€19,80/kg"
Massa Linguine,Milaneza,emb. 500 gr,"€1,99/un","€3,98/kg"
Caldo de Carne Cubos,Knorr,emb. 24 un,"€3,09/un","€12,88/kg"
Infusão Limão e Gengibre Saquetas,Twinings,emb. 20 un,"€3,99/un","€0,20/un"
Ventresca de Atum em Azeite,Continente Seleção,emb. 120 gr (peso escorrido 85 gr),"€2,59/un","€30,47/kg"
Tortitas de Milho Sementes e Cereais,Bicentury,"emb. 119,6 gr","€2,75/un","€23,11/kg"
Oregãos Folha em Frasco,Continente,emb. 11 gr,"€0,59/un","€53,64/kg"
Tâmara Medjool,Os Originais,emb. 250 gr,"€5,99/un","€23,96/kg"
Noz Pecan Torrada com Sal,Os Originais,emb. 150 gr,"€4,39/un","€29,27/kg"
Mix Quinoa Gourmand e Bulgur,Tipiak,emb. 400 gr,"€4,19/un","€10,48/kg"
Bolachas Recheadas com Creme de Baunilha,Continente,emb. 440 gr (10 un),"€1,99/un","€4,52/kg"
Infusão Menta e Eucalipto Saquetas,Lipton,emb. 20 un,"€1,94/un","€0,10/un"
Massa Tagliatelle Ninhos com Ovo,Milaneza,emb. 500 gr,"€2,75/un","€5,50/kg"
Barquitas Mexicanas de Trigo,Old El Paso,emb. 193 gr,"€3,45/un","€17,88/kg"
Cereais Estrelas de Mel,Continente,emb. 375 gr,"€1,49/un","€3,97/kg"
Barra Amêndoa e Frutas Biológicas,Continente Bio,emb. 3 x 25 gr,"€1,59/un","€21,20/kg"
Filete de Cavala em Azeite,Bom Petisco,emb. 120 gr (peso escorrido 78 gr),"€3,19/un","€40,90/kg"
Doce Pêssego,Casa de Mateus,emb. 345 gr,"€3,29/un","€9,54/kg"
Bolachas com Cobertura de Chocolate Negro,Filipinos,emb. 128 gr,"€1,05/un","€8,20/kg"
Salsichas Cocktail Aves Frasco,Nobre,emb. 597gr (peso escorrido 190 gr),"€2,59/un","€13,63/kg"
Tablete de Chocolate Negro,Continente,emb. 100 gr,"€0,56/un","€5,60/kg"
Salsichas Frankfurt Lata 12 un,Izidoro,emb. 410 gr (peso escorrido 240 gr),"€1,46/un","€6,08/kg"
Doce Morango sem Adição de Açúcar,Prisca,emb. 250 gr,"€3,79/un","€15,16/kg"
Mix Frutos Secos com Goji,Continente,emb. 200 gr,"€2,99/un","€14,95/kg"
Azeite Virgem Extra Ouro,Oliveira da Serra,emb. 75 cl,"€4,89/un","€6,52/lt"
Bolachas Fingers de Chocolate de Leite,Cadbury,emb. 114 gr,"€2,19/un","€19,21/kg"
"Saqueta de Fruta Banana, Morango e Iogurte +12M",Nutribén,emb. 90 gr,"€1,16/un","€12,89/kg"
Bulgur,Tipiak,emb. 500 gr,"€3,24/un","€6,48/kg"
Polpa de Tomate com Cebola e Alho,Guloso,emb. 500 gr,"€1,71/un","€3,42/kg"
Pasta Mac'n Cheese Pot,Knorr,emb. 62 gr,"€2,15/un","€34,68/kg"
Granola Frutos Vermelhos,Cem Porcento,emb. 350 gr,"€4,49/un","€12,83/kg"
Doce Extra Framboesa,Bonne Maman,emb. 370 gr,"€3,59/un","€9,70/kg"
Oregãos Folha em Saqueta,Continente,emb. 10 gr,"€0,49/un","€49,00/kg"
Doce Abóbora com Amêndoa,Quinta de Jugais,emb. 280 gr,"€2,74/un","€9,79/kg"
Maionese Magra,Hellmann's,emb. 251 gr,"€3,29/un","€13,11/kg"
Bolachas de Aveia,Continente Seleção,emb. 200 gr,"€3,09/un","€15,45/kg"
Noz Moscada Moída em Frasco,Continente,emb. 45 gr,"€1,49/un","€33,11/kg"
Barras de Cereais Original Shape & Go,Continente,emb. 6 un,"€1,39/un","€11,03/kg"
Crackies de Milho sem Sal sem Glúten,Caçarola,emb. 130 gr,"€1,39/un","€10,69/kg"
Rebuçados de Melancia sem Açúcar,Halls,emb. 32 gr,"€0,89/un","€27,81/kg"
Compota 4 Frutos Vermelhos Biológica,Pur Natur,emb. 370 gr,"€3,19/un","€8,62/kg"
Patê de Fígado de Porco,La Piara,emb. 75 gr (peso escorrido 75 gr),"€1,49/un","€19,87/kg"
Leite Condensado Tradicional,Nestlé,emb. 370 gr,"€1,79/un","€4,84/kg"
Bolacha 5 Cereais e Framboesa sem Açúcar,Continente Equilíbrio,emb. 160 gr (4 un),"€1,89/un","€11,81/kg"
Tablete de Chocolate Negro 72% Cacau,Cemoi,emb. 100 gr,"€1,29/un","€12,90/kg"
Barras de Cereais Chocolate Negro Shape & Go,Continente,"emb. 6 x 21,5 gr","€1,59/un","€12,33/kg"
Massa Orecchiette,Barilla,emb. 500 gr,"€2,99/un","€5,98/kg"
Infusão Defence com Vitamina C Saquetas,Tetley,emb. 20 un,"€2,44/un","€0,12/un"
Pipocas Doces Micro-ondas,Continente,emb. 3 x 100 gr,"€0,99/un","€3,30/kg"
Feijão Frade Cozido,Ferbar,emb. 410 gr (peso escorrido 260 gr),"€1,29/un","€4,96/kg"
Máquina de Café Filtro KDCM5024,Kunft,emb. 1 un,"€21,99/un","€21,99/un"
Bolo Coberto de Chocolate Bombón,Donuts,emb. 200 gr (4 un),"€2,89/un","€15,37/kg"
Mix Frutos Secos Pequeno-Almoço,Continente,emb. 200 gr,"€3,19/un","€15,95/kg"
Sardinha Inteira em Azeite com Malagueta Biológico,Minerva,emb. 120 gr (peso escorrido 85 gr),"€1,69/un","€19,88/kg"
Massa Cotovelos Finos,Milaneza,emb. 500 gr,"€1,59/un","€3,18/kg"
Bolachas Wafers com Chocolate Negro Waffeletten,Bahlsen,emb. 100 gr,"€2,19/un","€21,90/kg"
Cápsulas de Café Descafeinado Int 1,Continente,emb. 10 un,"€1,79/un","€0,18/un"
Feijão Branco,Caçarola,emb. 500 gr,"€2,19/un","€4,38/kg"
Barras de Cereais com Chocolate,Prince,emb. 125 gr,"€2,79/un","€22,32/kg"
Café Solúvel Descafeinado,Nescafé,emb. 100 gr,"€4,39/un","€43,90/kg"
Refeição para Bebé Esparguete com Frango +10M,Nestlé,emb. 190 gr,"€2,19/un","€11,53/kg"
Pastilhas Elásticas Peppermint Sem Açúcar,Trident,"emb. 14,5 gr","€0,89/un","€63,57/kg"
Frutose,Área Viva,emb. 250 gr,"€0,99/un","€3,96/kg"
Bolachas Crocantes Recheadas com Chocolate B-Ready,Nutella,emb. 132 gr (6 un),"€1,99/un","€15,08/kg"
Doce Laranja Amarga,Continente,emb. 375 gr,"€1,29/un","€3,44/kg"
Feijão Preto,Caçarola,emb. 500 gr,"€2,19/un","€4,38/kg"
Molho de Soja,Heinz,emb. 150 ml,"€3,19/un","€21,27/lt"
Gnocchi Batata,Garofalo,emb. 500 gr,"€2,99/un","€5,98/kg"
Massa Rolitos,Milaneza,emb. 500 gr,"€1,85/un","€3,70/kg"
Snack de Chocolate com Caramelo Mini,Mars,emb. 170 gr,"€2,89/un","€17,00/kg"
Filete de Atum Natural,Bolina,emb. 165 gr (peso escorrido 84 gr),"€1,99/un","€23,69/kg"
Tablete de Chocolate e Avelã,Ferrero Rocher,emb. 90 gr,"€2,59/un","€28,78/kg"
Azeitona Abruzo,Ficacci,emb. 150 gr,"€2,59/un","€17,27/kg"
Pimenta Preta com Moínho em Frasco,Margão,emb. 35 gr,"€4,49/un","€128,29/kg"
Bolachas Dinossauros sem Açúcar,Artiach,emb. 185 gr (6 un),"€2,29/un","€12,38/kg"
Rebuçados de Melancia sem Açúcar,Halls,emb. 4 x 32 gr,"€1,49/un","€11,64/kg"
Biscoitos de Amêndoa Biológicos,Seara,emb. 250 gr,"€2,94/un","€13,36/kg"
Maionese Top Down,Hellmann's,emb. 238 gr,"€3,29/un","€13,82/kg"
Molho para Bolonhesa,Guloso,emb. 400 gr,"€3,14/un","€7,85/kg"
Baked Beans,Heinz,emb. 420 gr (peso escorrido 252 gr),"€1,85/un","€7,34/kg"
Tablete de Chocolate com Recheio de Menta,Ritter Sport,emb. 100 gr,"€1,69/un","€16,90/kg"
Bolachas My Cookies Tradicional,Nacional,emb. 150 gr,"€1,79/un","€11,93/kg"
Pota com Alho,Pitéu,emb. 120 gr (peso escorrido 75 gr),"€2,55/un","€34,00/kg"
Tiras Braseadas Proteína Vegetal,Garden Gourmet,emb. 175 gr (25 un),"€3,19/un","€18,23/kg"
Bolachas Maria sem Açúcar,Vieira,emb. 300 gr (12 un),"€2,59/un","€8,63/kg"
Bolachas Pequeno Almoço Cereais Leite,Continente,emb. 300 gr (6 un),"€1,79/un","€5,97/kg"
Sal Fino,Vatel,emb. 250 gr,"€0,49/un","€1,96/kg"
Sementes de Girassol,Continente,emb. 200 gr,"€1,39/un","€6,95/kg"
Bolachas Choco Flakes Callejeros,Cuétara,emb. 250 gr (5 un),"€2,89/un","€11,56/kg"
Gomas Starmix,Haribo,emb. 90 gr,"€1,09/un","€12,11/kg"
Lentilhas Cozidas,Continente,emb. 570 gr (peso escorrido 400 gr),"€0,79/un","€1,98/kg"
Bolachas Cracker Integral,Tuc,emb. 267 gr (8 un),"€2,29/un","€8,58/kg"
Cereais Golden Squares,Continente,emb. 375 gr,"€2,09/un","€5,57/kg"
Tablete de Chocolate de Leite sem Açúcar,Continente,emb. 100 gr,"€1,15/un","€11,50/kg"
Gelatina em Pó de Frutos Vermelhos sem Açúcar,Continente,emb. 31 gr,"€0,99/un","€31,94/kg"
Snack de Chocolate de Leite,Continente,emb. 200 gr,"€1,69/un","€8,45/kg"
Sal Marinho Grosso,Ibersal,emb. 1 kg,"€0,35/un","€0,35/kg"
Bolachas Crackers com Azeitona,Gran Pavesi,emb. 280 gr (8 un),"€3,49/un","€12,46/kg"
Tablete Chocolate Negro,Canderel,emb. 100 gr,"€2,49/un","€24,90/kg"
Leite Condensado Cozido,Continente,emb. 385 gr,"€1,35/un","€3,51/kg"
Tablete de Chocolate de Leite com Avelã,Milka,emb. 100 gr,"€1,69/un","€16,90/kg"
Massa Esparguete,Rummo,emb. 400 gr,"€2,47/un","€6,18/kg"
Gelatina em Pó de Morango,Royal,emb. 114 gr,"€1,99/un","€17,46/kg"
Mini Bolachas com Pepitas de Chocolate,Continente,emb. 160 gr (4 un),"€1,59/un","€9,94/kg"
Massa Lasanha com Ovo,Milaneza,emb. 500 gr,"€2,59/un","€5,18/kg"
Patê de Atum,La Piara,emb. 100 gr (peso escorrido 100 gr),"€1,99/un","€19,90/kg"
Vinagre Balsâmico de Modena Gourmet,Gallo,emb. 250 ml,"€2,89/un","€11,56/lt"
Churritos Recheio de Cacau,Continente,emb. 240 gr,"€2,00/un","€8,33/kg"
Wafer Avelã Biológica,Crich,emb. 125 gr,"€2,34/un","€18,72/kg"
Puré de Fruta Maçã e Banana +6M,Blédina,emb. 4 x 95 gr,"€2,79/un","€7,34/kg"
Massa Lasanha com Ovo,Continente,emb. 500 gr,"€1,49/un","€2,98/kg"
Ervilhas e Cenouras,Bonduelle,emb. 600 gr (peso escorrido 390 gr),"€2,36/un","€6,05/kg"
Bolachas Cobertas com Chocolate de Leite,Oreo,emb. 246 gr (6 un),"€2,99/un","€12,15/kg"
Chá Cidreira Planta,Happyflora,emb. 50 gr,"€1,39/un","€27,80/kg"
Bolachas Digestivas com Chocolate Negro,McVitie's,"emb. 199,8 gr (6 un)","€2,39/un","€12,01/kg"
"Chá Preto, Pêssego e Manga Pyramid",Lipton,emb. 20 un,"€1,74/un","€0,09/un"
Salsichas Tipo Frankfurt,Despensa Clássica,emb. 8 un,"€0,72/un","€0,09/un"
Arroz de Cenoura Pronto a Comer,Continente,emb. 2 x 125 gr,"€1,45/un","€5,80/kg"
Nestlé Dark Tablete de Chocolate Negro sem Glúten,Nestlé,emb. 270 gr,"€3,79/un","€14,04/kg"
Mel de Rosmaninho Urso,Serramel,emb. 340 gr,"€4,99/un","€14,68/kg"
Palmiers,Du Bois,emb. 150 gr (6 x 3),"€1,49/un","€9,93/kg"
Tablete de Chocolate 85% Cacau sem Glúten,Lacasa,emb. 100 gr,"€1,64/un","€16,40/kg"
Farinha para Pão de Sementes,Nacional,emb. 1 kg,"€2,09/un","€2,09/kg"
Chá Verde Matcha Saquetas,Tetley,emb. 20 un,"€2,44/un","€0,12/un"
Flor de Sal,Continente,emb. 150 gr,"€0,99/un","€6,60/kg"
Bolachas Soft Bakes Recheadas de Morango,Belvita,emb. 250 gr (5 un),"€2,99/un","€11,96/kg"
Nestum 5 Cereais com Cereais Integrais +3A,Nestum,emb. 250 gr,"€1,84/un","€7,36/kg"
Tortita de Arroz sem Glúten Biológicas,Gullón,emb. 129 gr,"€1,94/un","€15,04/kg"
Sal Marinho Fino,Ibersal,emb. 250 gr,"€0,74/un","€2,96/kg"
Chá Earl Grey Saquetas,Twinings,emb. 25 un,"€3,49/un","€0,14/un"
Massa Mini-Laços com Vegetais,Milaneza,emb. 500 gr,"€1,99/un","€3,98/kg"
Farinha de Trigo T55,Espiga,emb. 1 kg,"€1,98/un","€1,98/kg"
Papa Infantil Farinha Láctea com Frutas +6M,Nutribén,emb. 600 gr,"€4,25/un","€7,08/kg"
Tablete de Chocolate Negro e Frutos Vermelhos sem Glúten,Cem Porcento,emb. 125 gr,"€2,54/un","€20,32/kg"
Gelatina Pronta Vegetal Manga,Koala,emb. 130 gr,"€1,08/un","€8,31/kg"
Feijão Preto,Continente,emb. 500 gr,"€0,99/un","€1,98/kg"
Alho e Ervas Aromáticas em Frasco,Margão,emb. 40 gr,"€2,89/un","€72,25/kg"
Batata Frita Palha Maria Batata,Maria Batata,emb. 400 gr,"€2,99/un","€7,48/kg"
Massa Fusilli Bronzo,Continente Seleção,emb. 500 gr,"€1,29/un","€2,58/kg"
Infusão Frutos Vermelhos Saquetas,Tetley,emb. 20 un,"€1,84/un","€0,09/un"
Sopa de Cebola,Continente,emb. 51 gr,"€0,69/un","€13,53/kg"
Gomas Ositos Oro,Haribo,emb. 100 gr,"€1,09/un","€10,90/un"
Café em Grão Torrado Bocage,Nicola,emb. 1 kg,"€8,19/un","€8,19/kg"
Alimento Lácteo Morango +6M,Yogolino,emb. 4 x 100 gr,"€2,29/un","€5,73/kg"
Saqueta de Fruta Maçã +12M,Nestlé,emb. 110 gr,"€1,25/un","€11,36/kg"
Miolo de Amendoim com Piripiri,Continente,emb. 200 gr,"€1,39/un","€6,95/kg"
Salsichas Frankfurt Lata 8 un,Continente,emb. 424 gr (peso escorrido 200 gr),"€0,79/un","€3,95/kg"
Refeição para Bebé Legumes com Vitela +6M,Nestlé,emb. 190 gr,"€2,19/un","€11,53/kg"
Puré Maçã e Mirtilo Biológicos,Seara,emb. 2 x 100 gr,"€1,99/un","€9,95/kg"
Cereais de Arroz Tufado com Chocolate,Continente,emb. 375 gr,"€1,79/un","€4,77/kg"
Massa Fusilli,Rummo,emb. 500 gr,"€2,39/un","€4,78/kg"
Noodles Atração de Queijo,Knorr,emb. 70 gr,"€1,39/un","€22,79/kg"
Adoçante com Doseador 300 Pastilhas,Continente,"emb. 16,5 gr","€1,39/un","€0,00/kg"
Bolachas com Recheio de Baunilha,Continente,emb. 500 gr,"€1,39/un","€2,78/kg"
Tortilha Fajitas,Mexifoods,emb. 320 gr (8 un),"€2,79/un","€8,72/kg"
Gelatina em Pó de Melancia sem Açúcar,Continente,emb. 31 gr,"€0,99/un","€31,94/kg"
Molho Piri-piri,Calvé,emb. 50 ml,"€2,39/un","€47,80/lt"
Chá Camomila Flor,Happyflora,emb. 50 gr,"€2,19/un","€43,80/kg"
Leite de Coco,Tai,emb. 400 ml,"€1,99/un","€4,98/lt"
Cápsulas de Café Blonde Int 6,Starbucks,emb. 10 un,"€3,79/un","€0,38/un"
Pastilhas Elásticas de Peppermint sem Açúcar,Chiclets,"emb. 16,5 gr","€0,99/un","€58,24/kg"
Tortitas de Chocolate com Avelã,Bicentury,"emb. 141,6 gr","€2,79/un","€19,79/kg"
Filetes de Atum em Azeite,A Poveira,emb. 120 gr (peso escorrido 85 gr),"€1,94/un","€22,82/kg"
Bolachas com Cobertura de Chocolate Finas,Milka,emb. 126 gr,"€1,99/un","€15,79/kg"
Farinha com Cacau e Alfarroba Pensal +3A,Nestlé,emb. 250 gr,"€2,59/un","€10,36/kg"
Atum Posta ao Natural,Bolina,emb. 120 gr (peso escorrido 84 gr),"€0,99/un","€11,79/kg"
Bolas de Cereais de Milho com Mel,Continente,emb. 500 gr,"€2,45/un","€4,90/kg"
Patê de Atum em Escabeche,La Piara,emb. 75 gr (peso escorrido 75 gr),"€1,64/un","€21,87/kg"
Massa de Alho,Continente,emb. 200 gr,"€0,75/un","€3,75/kg"
Pastilhas Elásticas Senses Berry Sem Açúcar,Trident,emb. 3 x 23 gr,"€2,59/un","€37,54/kg"
Doce Abóbora e Noz,Continente,emb. 250 gr,"€2,19/un","€8,76/kg"
Gelatina 5 Folhas,Jerónimos,emb. 9 gr,"€0,94/un","€104,44/kg"
Massa Radiatori,Garofalo,emb. 500 gr,"€2,09/un","€4,18/kg"
Bebida de Chocolate Solúvel,Ovomaltine,emb. 800 gr,"€8,89/un","€11,11/kg"
Bolachas Tosta Rica,Cuétara,emb. 570 gr,"€3,89/un","€6,82/kg"
Batata Frita Double Crunch Cheddar & Onion,Ruffles,emb. 140 gr,"€1,99/un","€14,21/kg"
Doce Extra de Tomate,Continente,emb. 375 gr,"€1,29/un","€3,44/kg"
Wafer Baunilha e Limão Biológico,Crich,emb. 125 gr,"€2,24/un","€17,92/kg"
Massa Esparguete Integral com Aveia,Milaneza,emb. 500 gr,"€1,89/un","€3,78/kg"
Cereais Chocapic Chocolate,Chocapic,emb. 375 gr,"€2,99/un","€7,97/kg"
Massa Linguine com Cogumelos,Milaneza,emb. 500 gr,"€3,19/un","€6,38/kg"
Sêmola de Milho,Espiga,emb. 500 gr,"€1,29/un","€2,58/kg"
Salsichas Cocktail Lata,Continente,emb. 350 gr (peso escorrido 180 gr),"€1,49/un","€8,28/kg"
Feijão Manteiga,Continente,emb. 500 gr,"€0,99/un","€1,98/kg"
Tablete de Chocolate com Amendoim e Caramelo,Milka,emb. 276 gr,"€2,99/un","€10,83/kg"
Doce Laranja,Bonne Maman,emb. 370 gr,"€3,59/un","€9,70/kg"
Massa Instantânea Chinesa de Galinha,Koka,emb. 85 gr,"€0,70/un","€8,24/kg"
Filete de Cavala em Óleo,Continente,emb. 150 gr (peso escorrido 85 gr),"€1,49/un","€17,53/kg"
Vinagre Balsâmico Branco,Gallo,emb. 250 ml,"€2,29/un","€9,16/lt"
Massa Esparguete Integral,Continente Bio,emb. 500 gr,"€1,19/un","€2,38/kg"
Sementes de Chia,Cem Porcento,emb. 150 gr,"€2,29/un","€15,27/kg"
Polpa de Tomate com Alho,Mutti,emb. 400 gr,"€2,19/un","€5,48/kg"
Gelatina em Pó de Pêssego,Royal,emb. 114 gr,"€1,99/un","€17,46/kg"
Bolacha Maria Dourada,Continente,emb. 800 gr (4 un),"€1,79/un","€2,24/kg"
Massa Eliche e Fusilli Integral,Buitoni,emb. 500 gr,"€1,79/un","€3,58/kg"
Batata Frita Rodelas Caseira,Pála-Pála,emb. 180 gr,"€1,69/un","€9,39/kg"
Café Moído Universal Vietnam,Delta,emb. 220 gr,"€2,39/un","€10,86/kg"
Manteiga de Amendoim Crocante,Skippy,emb. 340 gr,"€3,34/un","€9,82/kg"
Compota Morango sem Açúcar Biológica,Pur Natur,emb. 250 gr,"€3,29/un","€13,16/kg"
Doce Morango Light,Continente,emb. 340 gr,"€1,39/un","€4,09/kg"
Cápsulas de Café Lungo Int 6,Dolce Gusto,emb. 16 un,"€4,79/un","€0,30/un"
Infusão Menta e Especiarias Morroco Pyramid,Lipton,emb. 20 un,"€1,94/un","€0,10/un"
Massa Macarrão Riscado,Nacional,emb. 500 gr,"€1,19/un","€2,38/kg"
Snack Equilíbrio de Cereais Sour Cream e Pimenta,Sunbites,emb. 95 gr,"€1,89/un","€19,89/kg"
Bolachas Soft Bakes Recheadas de Chocolate e Avelã,Belvita,emb. 250 gr (5 un),"€2,99/un","€11,96/kg"
Cápsulas de Café Clássico Lungo,Illy,emb. 10 un,"€3,89/un","€0,39/un"
Patê de Atum,Continente,emb. 125 gr (peso escorrido 125 gr),"€0,99/un","€7,92/kg"
Cereais All Bran Plus,Kellogg's,emb. 500 gr,"€4,39/un","€8,78/kg"
Bolachas de Chocolate com Recheio de Creme,Oreo,emb. 154 gr,"€1,39/un","€9,03/kg"
Bolachas Recheadas de Framboesa Jaffa,Milka,emb. 147 gr,"€1,49/un","€10,14/kg"
Barras Substitutas Refeição Chocolate Preto,Bicentury,emb. 128 gr,"€5,14/un","€40,16/kg"
Bolachas Belgas Cobertas com Chocolate Branco,Saborosa,emb. 198 gr (6 un),"€2,29/un","€11,57/kg"
Biscoitos Alfarroba Biológicos,Seara,emb. 250 gr,"€2,35/un","€10,68/kg"
Barras de Cereais Crunchy Manteiga de Amendoim sem Lactose,Nature Valley,emb. 5 x 42 gr,"€2,99/un","€14,24/kg"
Pastilhas Elásticas Frutos Silvestres Sem Açúcar,Trident,"emb. 14,5 gr","€0,89/un","€63,57/kg"
Arroz Vaporizado,Cozinha Velha,emb. 1 kg,"€1,69/un","€1,69/kg"
Doce Tomate,Casa de Mateus,emb. 345 gr,"€2,99/un","€8,67/kg"
Alimento Lácteo Alperce +6M,Yogolino,emb. 4 x 100 gr,"€2,29/un","€5,73/kg"
Polpa de Tomate com Manjericão e Oregãos,Guloso,emb. 500 gr,"€1,71/un","€3,42/kg"
Infusão Tília Saquetas,Continente,emb. 25 un,"€0,69/un","€0,03/un"
Bombons de Chocolate com Licor Beirão,Beirão,emb. 125 gr,"€7,69/un","€61,52/kg"
Snacks Batata Sabor Natas e Cebola,Pringles,emb. 70 gr,"€1,65/un","€23,57/kg"
Café Solúvel Gold Descafeinado,Nescafé,emb. 100 gr,"€5,99/un","€59,90/kg"
Bolonhesa,Nobre,emb. 500 gr (peso escorrido 420 gr),"€3,65/un","€8,69/kg"
Bolachas Recheadas Duplo Creme,Oreo,emb. 185 gr,"€1,69/un","€9,14/kg"
Gelatina em Pó Zero% de Pera sem Glúten,Condi,emb. 28 gr,"€1,89/un","€67,50/kg"
Massa Linguine com Vegetais Tricolor,Nacional,emb. 500 gr,"€1,38/un","€2,76/kg"
Tablete de Chocolate com Sabor a Fruta,Regina,emb. 3 x 20 gr,"€1,49/un","€24,83/kg"
Puré de Fruta Banana com Leite de Coco +6M,Blédina,emb. 4 x 95 gr,"€3,59/un","€9,45/kg"
Maionese Top Down,Calvé,emb. 240 gr,"€2,39/un","€9,96/kg"
Feijão Vermelho Cozido,Bonduelle,emb. 3 x 200 gr (peso escorrido 3 x 125 gr),"€2,26/un","€6,03/kg"
Cápsulas de Café Suavis Int 6,Continente,emb. 10 un,"€1,89/un","€0,19/un"
Gelatina Pronta Vegetal Banana,Koala,emb. 130 gr,"€1,08/un","€8,31/kg"
Arroz Selvagem,Caçarola,emb. 500 gr,"€2,75/un","€5,50/kg"
Nestlé Dark Tablete de Chocolate Negro com Amêndoa sem Glúten,Nestlé,emb. 270 gr,"€3,79/un","€14,04/kg"
Salsichas Frankfurt Lata 8 un,Sicasal,emb. 350 gr (peso escorrido 200 gr),"€1,19/un","€5,95/kg"
Creme de Lagosta,Knorr,emb. 61 gr,"€1,39/un","€22,79/kg"
Bolachas Mini Wafers,Milka,emb. 110 gr,"€1,49/un","€13,55/kg"
Caldo de Legumes Cubos,Continente,emb. 12 un,"€0,79/un","€6,58/kg"
Pastilhas Elásticas de Canela sem Açúcar,Chiclets,"emb. 16,5 gr","€0,99/un","€58,24/kg"
Tapioca Hidratada sem Glúten,Mani,emb. 500 gr,"€3,99/un","€7,98/kg"
Gelatina em Pó de Maçã,Condi,emb. 2 x 85 gr,"€1,79/un","€10,53/kg"
Mostarda Original Frasco,Savora,emb. 190 gr,"€1,69/un","€8,89/kg"
Crackers Queijo Cheddar,Gullón,emb. 250 gr,"€1,84/un","€7,36/kg"
Dobrada com Feijão Branco,Nobre,emb. 500 gr (peso escorrido 420 gr),"€2,35/un","€5,60/kg"
Barras de Cereais Extra Amêndoa e Chocolate,Kellogg's,emb. 4 x 32 gr,"€3,99/un","€31,17/kg"
Café Solúvel Gold,Nescafé,emb. 200 gr,"€6,69/un","€33,45/kg"
Pimentão Doce Biológico,Margão,emb. 44 gr,"€2,99/un","€67,95/kg"
Quinoa Real,Seara,emb. 250 gr,"€3,99/un","€15,96/kg"
Vinagre de Vinho Branco Spray,Paladin,emb. 250 ml,"€1,46/un","€5,84/lt"
Cogumelos Inteiros Portobello,Continente,emb. 280 gr (peso escorrido 170 gr),"€0,99/un","€5,82/kg"
Mostarda Dijon Frasco,Savora,emb. 190 gr,"€1,86/un","€9,79/kg"
Compota Mirtilo sem Açúcar Biológica,Pur Natur,emb. 250 gr,"€3,64/un","€14,56/kg"
Infusão Lúcia-Lima Saquetas,Continente,emb. 10 un,"€0,69/un","€0,07/un"
Cápsulas de Café EpiQ Int 14,Delta Q,emb. 10 un,"€2,99/un","€0,30/un"
Massa Lírios,Milaneza,emb. 500 gr,"€1,86/un","€3,72/kg"
Bolachas Recheio de Leite Cobertura de Chocolate,Continente,emb. 150 gr,"€1,19/un","€7,93/kg"
Bebida de Chocolate Solúvel Energy,Cola Cao,emb. 750 gr,"€3,74/un","€4,99/kg"
Bolachas Cobertas com Chocolate Branco,Oreo,emb. 246 gr (6 un),"€2,99/un","€12,15/kg"
Doce Pêssego sem Adição de Açúcar,Casa de Mateus,emb. 280 gr,"€3,29/un","€11,75/kg"
Massa Instantânea Chinesa de Caril,Koka,emb. 85 gr,"€0,70/un","€8,24/kg"
Molho de Soja,Kikkoman,emb. 150 ml,"€3,99/un","€26,60/lt"
Molho Picante Jalapenho,Tabasco,emb. 57 ml,"€2,95/un","€51,75/lt"
Infusão Maçã e Canela Pyramid,Lipton,emb. 20 un,"€1,94/un","€0,10/un"
Bolachas Recheadas de Chocolate sem Açúcar,Continente,emb. 154 gr,"€1,19/un","€7,73/kg"
Nestlé Sobremesas Tablete de Chocolate Culinária 70% Cacau,Nestlé,emb. 170 gr,"€1,94/un","€11,41/kg"
Leite de Coco,Origens Bio,emb. 400 ml,"€2,99/un","€7,48/lt"
Óleo de Coco Virgem,Origens Bio,emb. 1 lt,"€17,49/un","€17,49/lt"
Atum em Tomate Biológico,Bom Petisco,emb. 120 gr (peso escorrido 78 gr),"€2,09/un","€26,79/kg"
Snacks Tortilha Chip & Chia sem Glúten,Zanuy,emb. 130 gr,"€1,99/un","€15,31/kg"
Massa Noodles Wok,Milaneza,emb. 250 gr,"€1,99/un","€7,96/kg"
Snacks Tortilha Chip e Beterraba,Zanuy,emb. 130 gr,"€1,99/un","€15,31/kg"
Hóstias de Camarão,Zanuy,emb. 50 gr,"€1,79/un","€35,80/kg"
Gelatina Pronta Maracujá,Condi,emb. 400 gr (4 un),"€1,79/un","€4,48/kg"
Alimento Lácteo Cereais e Bolacha Maria +6M,Yogolino,emb. 4 x 100 gr,"€2,29/un","€5,73/kg"
Café Solúvel Clássico,Continente,emb. 100 gr,"€1,99/un","€19,90/kg"
Café Moagem Universal,Delta,emb. 220 gr,"€3,34/un","€15,18/kg"
Gelatina em Pó de Tutti Fruti,Royal,emb. 114 gr,"€1,99/un","€17,46/kg"
Bolachas Digestivas com Chocolate,Triunfo,emb. 195 gr (6 un),"€1,49/un","€7,64/kg"
Massa Penne Rigate,La Molisana,emb. 500 gr,"€1,59/un","€3,18/kg"
Noodles Tentação de Galinha,Knorr,emb. 61 gr,"€1,39/un","€22,79/kg"
Miolo de Amêndoa Palitada,Continente,emb. 200 gr,"€2,59/un","€12,95/kg"
Bolachas Cobertas Chocolate Branco,Continente,emb. 150 gr,"€1,19/un","€7,93/kg"
Gelatina em Pó de Frutos do Bosque,Condi,emb. 2 x 85 gr,"€1,79/un","€10,53/kg"
Alecrim Folha em Frasco,Continente,emb. 23 gr,"€0,99/un","€43,04/kg"
Batata Frita Forno Ondulada Sabor Ervas Provençais,Lay's,emb. 130 gr,"€2,19/un","€16,85/kg"
Cookie Sensations Chocolate,Milka,emb. 156 gr,"€2,69/un","€17,24/kg"
Atum Posta ao Natural,A Poveira,emb. 120 gr (peso escorrido 85 gr),"€1,16/un","€13,65/kg"
Barras de Cereais Proteína Amendoim e Chocolate sem Glúten,Nature Valley,emb. 4 x 40 gr,"€3,75/un","€23,44/kg"
Maionese em Vidro,Continente,emb. 419 gr,"€2,19/un","€5,23/kg"
Rebuçados de Mentol,Mouro,emb. 250 gr,"€1,59/un","€6,36/kg"
Alimento Lácteo de Morango e Maçã +8M,Yogolino,emb. 100 gr,"€0,84/un","€8,40/kg"
Mistura de Pimenta e Especiarias 5 Bagas com Moinho em Frasco,Margão,emb. 24 gr,"€4,49/un","€187,08/kg"
Tortitas de Arroz e Quinoa Vermelha sem Glúten,Continente Equilíbrio,emb. 130 gr,"€1,25/un","€9,62/kg"
Gelatina em Pó de Frutos do Bosque sem Açúcar,Royal,emb. 31 gr,"€1,04/un","€33,55/kg"
Mostarda,Continente,emb. 250 gr,"€1,19/un","€4,76/kg"
Infusão Nº43 Quebra Pedra Saquetas,Raízes da Natureza,emb. 10 un,"€0,94/un","€0,09/un"
Snack de Chocolate com Amendoim,Continente,emb. 400 gr,"€2,09/un","€5,23/kg"
"Saqueta de Fruta Maçã, Cenoura e Manga +6M",Nestlé,emb. 90 gr,"€1,05/un","€11,67/kg"
Infusão Peppermint Saquetas,Twinings,emb. 20 un,"€3,59/un","€0,18/un"
Mel de Flores 100% Português Top Down,Continente Seleção,emb. 350 gr,"€3,59/un","€10,26/kg"
Doce Morango Stevia,Cem Porcento,emb. 200 gr,"€3,89/un","€19,45/kg"
Infusão Cidreira Saquetas,Lipton,emb. 10 un,"€1,09/un","€0,11/un"
Snack de Chocolate com Amendoim e Caramelo Mini,Snickers,emb. 180 gr,"€2,89/un","€17,00/kg"
Feijão Frade Cozido sem Glúten,Continente,emb. 420 gr (peso escorrido 260 gr),"€0,74/un","€2,85/kg"
Caldo de Galinha Cubos,Knorr,emb. 24 un,"€1,69/un","€7,04/kg"
Feijão Branco,Continente,emb. 500 gr,"€0,99/un","€1,98/kg"
Frasco Pretzels Sticks,Continente,emb. 300 gr,"€1,69/un","€5,63/kg"
Bolachas Mini Estrelas Chocolate Branco,Prince,emb. 187 gr (5 un),"€2,39/un","€12,78/kg"
Infusão Hibisco Saquetas,Happyflora,emb. 10 un,"€0,84/un","€0,08/un"
Pastilhas Elásticas Oral-B Spearmint Sem Açúcar,Trident,emb. 17 gr,"€1,14/un","€67,06/kg"
Gelatina em Pó de Ananás,Royal,emb. 114 gr,"€1,99/un","€17,46/kg"
Pipocas Doces Canela,Continente,emb. 150 gr,"€1,19/un","€7,93/kg"
Arroz Vaporizado Estufado,Caçarola,emb. 1 kg,"€1,25/un","€1,25/kg"
Bolachas Vitalday Crocantes de Aveia e Chocolate,Gullón,emb. 300 gr,"€3,19/un","€10,63/kg"
Barras de Cereais Frutos Vermelhos Special K,Kellogg's,"emb. 6 x 21,5 gr","€3,79/un","€29,38/kg"
"Snacks Quinoa, Nata e Cebola sem Glúten",Eat Real,emb. 80 gr,"€1,98/un","€24,75/kg"
Pastilhas Elásticas Max Splash Strawberry Lime Sem Açúcar,Trident,emb. 3 x 20 gr,"€2,59/un","€43,17/kg"
Bolachas Digestivas com Chocolate Diet Nature,Gullón,emb. 270 gr,"€1,89/un","€7,00/kg"
Crackies Mini de Milho com Sal sem Glúten,Caçarola,emb. 200 gr (8 un),"€2,49/un","€12,45/kg"
Cavalinha em Óleo,Pitéu,emb. 120 gr (peso escorrido 78 gr),"€1,29/un","€16,54/kg"
Crackies de Milho com Chocolate Preto sem Glúten,Caçarola,emb. 90 gr,"€1,99/un","€22,11/kg"
Compota Frutos Vermelhos sem Açúcar Biológica,Pur Natur,emb. 250 gr,"€3,29/un","€13,16/kg"
Bolachas de Framboesa e Chia,Belvita,emb. 270 gr (6 un),"€1,99/un","€7,37/kg"
Tomate Triturado,Guloso,emb. 500 gr,"€1,79/un","€3,58/kg"
Salsichas de Aves Hot Dog Frasco 4 un,Izidoro,emb. 430 gr (peso escorrido 230 gr),"€3,69/un","€16,04/kg"
Snacks Batata Original,Pringles,emb. 175 gr,"€2,24/un","€12,80/kg"
Bolachas Morning Break Aveia e Chia,Nacional,emb. 300 gr (6 un),"€2,19/un","€7,30/kg"
Pimentão Doce em Frasco,Continente,emb. 45 gr,"€0,59/un","€13,11/kg"
Tortitas de Milho com Queijo e Manjericão,Bicentury,emb. 130 gr,"€2,75/un","€21,15/kg"
Canela em Pau em Frasco,Margão,emb. 120 gr,"€8,69/un","€72,42/kg"
Rebentos de Feijão Mungo,Bonduelle,emb. 3 x 200 gr (peso escorrido 3 x 90 gr),"€4,59/un","€17,00/kg"
Cápsulas de Café Robustus Int 9,Continente,emb. 10 un,"€1,89/un","€0,19/un"
Tablete de Chocolate Negro Truffé,Côte D'Or,emb. 190 gr,"€3,29/un","€17,32/kg"
"Molho de Tomate, Salsa e Alho Original",Guloso,emb. 400 gr,"€3,14/un","€7,85/kg"
Bolachas Wafers com Recheio de Cacau e Avelã,Cuétara,emb. 150 gr,"€1,89/un","€12,60/kg"
Óleo de Girassol,Fula,emb. 3 lt,"€8,23/un","€2,74/lt"
Cápsulas de Café Ristretto Int 10,Continente,emb. 16 un,"€2,99/un","€0,19/un"
Molho Pesto,Continente,emb. 190 gr,"€1,49/un","€7,84/kg"
Snacks Batata Paprika,Pringles,emb. 175 gr,"€2,24/un","€12,80/kg"
Infusão Camomila Pyramid,Lipton,emb. 20 un,"€1,19/un","€0,06/un"
Tostas com Alho e Salsa,Rialto,emb. 100 gr,"€1,75/un","€17,50/kg"
Bolachas Maria,Cuétara,emb. 200 gr,"€0,89/un","€4,45/kg"
Barras de Cereais de Chocolate Leite Sarialis,Bicentury,emb. 100 gr,"€3,40/un","€28,33/kg"
Infusão Nº30 Erva Príncipe Saquetas,Raízes da Natureza,emb. 10 un,"€0,74/un","€0,07/un"
Molho Piri-piri Clássico,Continente,emb. 50 ml,"€1,69/un","€33,80/lt"
Manga Semi-Desidratada,Frubis,emb. 50 gr,"€1,19/un","€23,80/kg"
Tablete de Chocolate Negro Excellence 90% Cacau,Lindt,emb. 100 gr,"€2,54/un","€25,40/kg"
Bombons de Chocolate Prestige,Ferrero Rocher,emb. 246 gr,"€10,49/un","€42,64/kg"
Maionese em Frasco,Heinz,emb. 240 ml,"€1,74/un","€7,25/lt"
Bolachas My Mini Cookie com Chocolate,Nacional,emb. 120 gr,"€1,04/un","€8,67/kg"
Cápsulas de Café Forte Extra Bold Roast,Illy,emb. 10 un,"€3,89/un","€0,39/un"
Flocos Aveia Grossos Integral,Cem Porcento,emb. 400 gr,"€1,19/un","€2,98/kg"
Fermento em Pó,Royal,emb. 113 gr,"€1,89/un","€16,73/kg"
Passata de Tomate,Cirio,emb. 3 x 200 gr,"€2,19/un","€3,65/lt"
Marmelada Light,Prisca,emb. 400 gr,"€3,49/un","€8,73/kg"
Sardinha em Azeite,Continente,emb. 120 gr (peso escorrido 85 gr),"€0,99/un","€11,65/kg"
Massa Esparguete,Nacional,emb. 500 gr,"€1,39/un","€2,78/kg"
Atum Posta em Óleo de Girassol,Santa Catarina,emb. 375 gr (peso escorrido 250 gr),"€3,21/un","€12,84/kg"
Bolachas com Coco,Continente,emb. 500 gr,"€1,99/un","€3,98/kg"
"Doce Maçã, Canela e Gengibre sem Adição de Açúcar",Continente Equilíbrio,emb. 280 gr,"€2,85/un","€10,18/kg"
Feijão Branco Cozido,Ferbar,emb. 380 gr,"€1,19/un","€4,76/kg"
Molho de Soja,Blue Dragon,emb. 150 ml,"€1,99/un","€13,27/lt"
Cápsulas de Café Ristretto Barista Int 9,Dolce Gusto,emb. 30 un,"€10,49/un","€0,35/un"
Bolachas Salgadas,Continente,emb. 100 gr,"€0,69/un","€6,90/kg"
Azeite Virgem Extra DOP Moura,Moura,emb. 75 cl,"€4,79/un","€6,39/lt"
Mix Frutos Secos com Sal,Continente,emb. 200 gr,"€3,19/un","€15,95/kg"
Barras de Cereais Frutos Vermelhos Shape & Go,Continente,emb. 6 un,"€1,59/un","€12,62/kg"
Hambúrguer Abóbora,Veg In,emb. 160 gr (2 un),"€3,39/un","€21,19/kg"
Café em Grão Colômbia,Delta,emb.220 gr,"€2,39/un","€10,86/kg"
Infusão Cidreira Saquetas,Tetley,emb. 10 un,"€0,84/un","€0,08/un"
Bolachas Digestivas Diet Nature,Gullón,emb. 400 gr,"€1,89/un","€4,73/kg"
"Infusão Cabelo, Pele e Unhas Saquetas",Cem Porcento,emb. 10 un,"€0,74/un","€0,07/un"
Ketchup com Redução de Açúcar Top Down,Continente,emb. 540 gr,"€1,09/un","€2,02/kg"
Bolachas Dibus Magic Cobertas com Chocolate de Leite,Gullón,emb. 240 gr (6 un),"€3,29/un","€13,71/kg"
Feijão Vermelho Cozido,Ferbar,emb. 410 gr (peso escorrido 260 gr),"€1,29/un","€4,96/kg"
Grão de Bico Cozido,Ferbar,emb. 820 gr (peso escorrido 520 gr),"€2,39/un","€4,60/kg"
"Creme Soja, Cacau e Avelã",Valsoia,emb. 400 gr,"€5,19/un","€12,98/kg"
Polpa de Tomate,Continente,emb. 350 gr,"€0,69/un","€1,97/kg"
Rebuçados de Morango sem Açúcar,Halls,emb. 4 x 32 gr,"€1,49/un","€11,64/kg"
Salsichas Hot Dog Frasco 4 un,Izidoro,emb. 430 gr (peso escorrido 235 gr),"€2,45/un","€10,43/kg"
Feijão Vermelho,Continente,emb. 500 gr,"€0,99/un","€1,98/kg"
Cápsulas de Café Au Lait,Dolce Gusto,emb. 30 un,"€10,49/un","€0,35/un"
Maionese com Cebola Caramelizada e Alho Top Down,Heinz,emb. 400 ml,"€2,46/un","€5,60/kg"
Farinha de Mandioca,Ferbar,emb. 500 gr,"€1,49/un","€2,98/kg"
Açúcar Mascavado 50 Saquetas,Continente,emb. 200 gr,"€1,59/un","€7,95/kg"
Chá English Breakfast Saquetas,Twinings,emb. 25 un,"€3,49/un","€0,14/un"
Doce de Abóbora com Noz,Casa de Mateus,emb. 345 gr,"€3,29/un","€9,54/kg"
Bolachas Ricanela,Cuétara,emb. 500 gr,"€2,24/un","€5,60/kg"
Alho Triturado com Moinho em Frasco,Margão,emb. 40 gr,"€4,49/un","€112,25/kg"
Bombons de Chocolate Lindor Cornet Negro 70%,Lindt,emb. 200 gr,"€4,79/un","€23,95/kg"
Noodles de Frango,Continente,emb. 70 gr,"€0,54/un","€7,71/kg"
Sardinha em Óleo Picante,Lider,emb. 120 gr (peso escorrido 84 gr),"€0,89/un","€10,60/kg"
Chá Preto e Limão Pyramid,Lipton,emb. 20 un,"€1,74/un","€0,09/un"
Sal Marinho Grosso,Continente,emb. 1 kg,"€0,29/un","€0,29/kg"
Chá Preto Descafeinado Saquetas,Tetley,emb. 10 un,"€0,84/un","€0,08/un"
Bolachas Recheadas com Cacau Mega Duo Duplo,Gullón,emb. 500 gr,"€2,99/un","€5,98/kg"
Vinagre de Vinho Tinto,Gallo,emb. 250 ml,"€1,49/un","€5,96/lt"
Sal Rosa dos Himalaias Fino,Origens Bio,emb. 500 gr,"€1,69/un","€3,38/kg"
Granola Chocolate Biológica,Origens Bio,emb. 300 gr,"€4,99/un","€16,63/kg"
Pastilhas Elásticas de Tutti Frutti sem Açúcar e sem Glúten,Gorila,emb. 20 gr,"€0,69/un","€34,50/un"
Sal Fino,Continente,emb. 250 gr,"€0,27/un","€1,08/kg"
Bolacha Cracker Queijo Emmental e Sementes,Continente,emb. 150 gr,"€1,89/un","€12,60/kg"
Pastilhas Elásticas Extreme Mentol Sem Açúcar,Trident,emb. 14 gr,"€0,89/un","€63,57/kg"
Tortitas de Milho Mini sem Glúten Biológicas,Salutem,emb. 200 gr (8 un),"€2,99/un","€24,92/kg"
Cápsulas de Café Buondi Intenso Int 10,Dolce Gusto,emb. 30 un,"€10,49/un","€0,35/un"
Atum Posta ao Natural,Continente Equilíbrio,emb. 120 gr (peso escorrido 85 gr),"€0,85/un","€10,00/kg"
"Saqueta de Fruta Laranja, Banana, Pera e Bolacha Minions +12M",Hero,emb. 100 gr,"€0,78/un","€7,80/kg"
Gelatina em Pó de Morango,Continente,emb. 2 x 85 gr,"€0,99/un","€5,82/kg"
Bolachas com Recheio de Fruta Deloba,Bahlsen,emb. 100 gr,"€1,74/un","€17,40/kg"
Cápsulas de Café Mundi Exótico Int 9,Nicola,emb. 12 un,"€2,04/un","€0,17/un"
Pepitas de Chocolate 43% Cacau sem Glúten,Pantagruel,emb. 200 gr,"€2,94/un","€14,70/kg"
Infusão Erva-Príncipe Saquetas,Cem Porcento,emb. 10 un,"€0,79/un","€0,08/un"
Bebida de Chocolate Solúvel,Suchard Express,emb. 500 gr,"€2,99/un","€5,98/kg"
Bolachas Cracker Sabor Original,Tuc,emb. 100 gr,"€1,19/un","€11,90/kg"
Bolachas Wafers com Recheio de Avelã,Loacker,emb. 175 gr,"€2,29/un","€13,09/kg"
Pipocas Doces Coloridas,Continente,emb. 100 gr,"€0,79/un","€7,90/kg"
Pastilhas Elásticas Max Slab Framboesa Limão Sem Açúcar,Trident,emb. 23 gr,"€0,95/un","€41,30/kg"
Noodles Udon Japonês,Sau Tao,emb. 600 gr,"€4,39/un","€7,32/kg"
Cereais Integrais,Weetabix,emb. 645 gr,"€5,04/un","€7,81/kg"
Café em Grão Gold,Delta,emb. 500 gr,"€14,99/un","€29,98/kg"
Massa de Pimentão,Continente,emb. 400 gr,"€1,59/un","€3,98/kg"
Piri-piri Malagueta Moída em Frasco,Margão,emb. 38 gr,"€2,39/un","€62,89/kg"
Marmelada,Continente,emb. 450 gr,"€1,09/un","€2,42/kg"
Bacalhau em Azeite e Alho,Bom Petisco,emb. 120 gr (peso escorrido 80 gr),"€3,99/un","€49,88/kg"
Snacks Bolachas Krititas Krit,Cuétara,emb. 350 gr,"€2,69/un","€7,69/kg"
Arroz Risotto,Caçarola,emb. 500 gr,"€1,20/un","€2,40/kg"
Cereais Cheerios Aveia Original,Cheerios,emb. 300 gr,"€2,69/un","€8,97/kg"
Bolachinhas Animais +12M,Hero Solo,emb. 100 gr,"€2,15/un","€21,50/kg"
Alimento Lácteo Banana +6M,Yogolino,emb. 4 x 100 gr,"€2,29/un","€5,73/kg"
Tablete de Chocolate de Leite Excellence,Lindt,emb. 100 gr,"€2,09/un","€20,90/kg"
Bolachas Marinhas Chia,Salutem,emb. 200 gr,"€2,29/un","€11,45/kg"
Mexilhões em Escabeche,Pitéu,emb. 115 gr (peso escorrido 70 gr),"€2,45/un","€35,00/kg"
Pastilhas Elásticas de Peppermint sem Açúcar,Orbit,emb. 1 un,"€0,89/un","€55,63/kg"
Espelta Tufada com Mel Biológico,Rude Health,emb. 175 gr,"€5,09/un","€28,28/kg"
Bolachas Animais de Cereais,Continente Gumball,emb. 260 gr (6 un),"€1,69/un","€6,50/kg"
Gelatina em Pó de Maracujá,Royal,emb. 114 gr,"€1,99/un","€17,46/kg"
Tablete de Chocolate Culinária Caramelo e Sal,Pantagruel,emb. 200 gr,"€2,24/un","€11,20/kg"
Manteiga de Amendoim Cremosa,Continente,emb. 340 gr,"€1,79/un","€5,26/kg"
Cereais Fitness,Fitness,emb. 640 gr + 50 % Oferta,"€5,69/un","€8,89/kg"
Cones de Milho Queijo e Bacon,Continente,emb. 130 gr,"€0,99/un","€7,62/kg"
Pota em Azeite,Continente,emb. 120 gr (peso escorrido 85 gr),"€1,59/un","€22,08/kg"
Miolo de Amêndoa Laminada,Continente,emb. 200 gr,"€2,33/un","€11,65/kg"
Infusão Menta Gengibre Digestão Saquetas,Tetley,emb. 20 un,"€2,44/un","€0,12/un"
Mini Tostas Integrais,Continente Equilíbrio,emb. 180 gr,"€1,25/un","€6,94/kg"
Tablete de Chocolate de Leite com Morango,Regina,emb. 100 gr,"€1,26/un","€12,60/kg"
Cereais Cranties Amêndoas e Mel,Continente,emb. 375 gr,"€2,39/un","€6,37/kg"
Granola Aveia com Frutas Cruesli,Quaker,emb. 375 gr,"€4,09/un","€10,91/kg"
Patê de Sardinha com Ingredientes Biológicos,Minerva,emb. 75 gr,"€1,18/un","€15,73/kg"
Cereais Krispies Chocolate,Kellogg's,emb. 375 gr,"€2,49/un","€6,64/kg"
Pimenta Branca com Moínho em Frasco,Continente,emb. 37 gr,"€1,49/un","€40,27/kg"
Filete de Cavala ao Natural,Manná,emb. 120 gr (peso escorrido 90 gr),"€2,19/un","€24,33/kg"
Arroz Integral Extra Longo,Saludães,emb. 1 kg,"€1,39/un","€1,39/kg"
Tostas de Trigo,Continente,emb. 225 gr,"€0,79/un","€3,51/kg"
Gomas Regaliz,Vidal,emb. 100 gr,"€1,39/un","€13,90/kg"
Pimenta Preta com Moínho em Frasco,Continente,emb. 45 gr,"€1,39/un","€30,89/kg"
Adoçante em Pó,Canderel,emb. 90 gr,"€3,99/un","€44,33/kg"
Bombons de Chocolate Caja Roja,Nestlé,emb. 800 gr,"€19,49/un","€24,36/kg"
Nestum Mel com Cereais Integrais +3A,Nestum,emb. 250 gr,"€1,84/un","€7,36/kg"
Tablete de Chocolate Branco,Continente,emb. 100 gr,"€0,58/un","€5,80/kg"
Farinha de Espelta Integral,Continente Equilíbrio,emb. 1 kg,"€1,99/un","€1,99/kg"
Milho para Pipocas,Continente,emb. 250 gr,"€0,32/un","€1,28/kg"
Gomas Happy Cola,Haribo,emb. 100 gr,"€1,09/un","€10,90/kg"
Caldo de Legumes Natura,Knorr,emb. 4 un,"€1,49/un","€13,30/kg"
Boqueirão em Azeite Virgem Extra,Lorea,emb. 120 gr,"€4,89/un","€40,75/kg"
Croutons com Tomate e Orégãos,Vitacress,emb. 75 gr,"€1,29/un","€17,20/kg"
Massa Ninhos com Ovos,Continente,emb. 500 gr,"€1,99/un","€3,98/kg"
Feijão Catarino,Caçarola,emb. 500 gr,"€2,19/un","€4,38/kg"
Pastilhas Elásticas Oral-B Spearmint Sem Açúcar,Trident,emb. 68 gr,"€3,49/un","€51,32/kg"
Infusão Camomila Saquetas,Tetley,emb. 10 un,"€0,84/un","€0,08/un"
Leite Infantil +3A,Mimosa,emb. 4 x 200 ml,"€2,19/un","€2,74/lt"
Cápsulas de Café Descafeinado Compatível com Nespresso Int 5,Continente,emb. 10 un,"€1,89/un","€0,19/un"
Cápsulas de Café Fortezza,Continente,emb. 16 un,"€3,39/un","€0,21/un"
"Chá Verde Limão, Mel e Ginseng Saquetas",Continente,emb. 10 un,"€0,69/un","€0,07/un"
Arroz Risotto,Continente,emb. 1 kg,"€1,99/un","€1,99/kg"
Massa Fusilli Trofie,Barilla,emb. 500 gr,"€2,99/un","€5,98/kg"
Gelatina em Pó de Mirtilo sem Açúcar,Continente,emb. 31 gr,"€0,99/un","€31,94/kg"
Doce Abóbora Temporada,Casa de Mateus,emb. 325 gr,"€3,59/un","€10,26/kg"
Infusão Menta Saquetas,Tetley,emb. 10 un,"€0,84/un","€0,08/un"
Massa Linguine,Continente,emb. 500 gr,"€1,29/un","€2,58/kg"
Cápsulas de Café Colômbia,Continente,emb. 10 un,"€2,49/un","€0,25/un"
Croutons com Alho,Continente,emb. 2 x 75 gr,"€1,39/un","€9,27/kg"
Tortitas de Chocolate Branco e Frutos Vermelhos,Bicentury,"emb. 131,2 gr","€2,79/un","€21,30/kg"
Pipocas Doces Balde,Continente,emb. 240 gr,"€2,89/un","€12,04/kg"
Aveia Proteica Instantânea sem Açúcar,Cem Porcento,emb. 535 gr,"€3,29/un","€6,15/kg"
Gnocchi Fresco,Rana,emb. 500 gr,"€2,69/un","€5,38/kg"
Patê de Presunto,Coren,emb. 125 gr (peso escorrido 125 gr),"€1,69/un","€13,52/kg"
Sardinha em Tomate,Bom Petisco,emb. 120 gr (peso escorrido 78 gr),"€1,35/un","€17,31/kg"
Molho Pesto Alla Genovese,Barilla,emb. 190 gr,"€4,99/un","€26,26/kg"
Alimento Lácteo de Banana e Pera sem Açúcar Naturnes Bio +6M,Nestlé,emb. 4 x 90 gr,"€2,99/un","€8,31/kg"
Patê de Pimenta Verde Madagáscar,La Piara,emb. 100 gr (peso escorrido 100 gr),"€1,99/un","€19,90/kg"
Leite em Pó para Lactentes Pro Alfa 1 até 6M,Nutribén,emb. 800 gr,"€15,99/un","€19,99/kg"
Biscoitos de Manteiga e Amêndoa,Continente Seleção,emb. 175 gr,"€2,99/un","€17,09/kg"
Bacalhau em Azeite e Alho,Pitéu,emb. 120 gr (peso escorrido 80 gr),"€3,25/un","€40,63/kg"
Gelatina Pronta Vegetal Maracujá,Koala,emb. 130 gr,"€1,16/un","€8,92/kg"
Pimenta Preta em Grão em Saqueta,Continente,emb. 50 gr,"€0,89/un","€17,80/kg"
Alimento Lácteo Pera +6M,Yogolino,emb. 4 x 100 gr,"€2,29/un","€5,73/kg"
Café Solúvel Clássico,Nescafé,emb. 200 gr,"€7,49/un","€37,45/kg"
Bolachas de Cereais com Chocolate,Belvita,emb. 300 gr (6 un),"€2,49/un","€8,30/kg"
Manteiga de Amendoim Cremosa,Skippy,emb. 340 gr,"€3,34/un","€9,82/kg"
Sardinha Inteira em Azeite,Minerva,emb. 120 gr (peso escorrido 85 gr),"€1,49/un","€17,53/kg"
Muesli Aveia Crocante com Bagas de Goji e Mirtilos,Quaker,emb. 350 gr,"€3,69/un","€10,54/kg"
Café Moído Torrado para Máquina Lote Chávena,Delta,emb. 250 gr,"€2,29/un","€9,16/kg"
Massa Penne Mezzaan Rigate,Garofalo,emb. 500 gr,"€2,09/un","€4,18/kg"
Palmiers com Massa Folhada,Continente,emb. 4 x 40 gr,"€1,09/un","€6,81/kg"
Cebola Frita Cup,Continente,emb. 150 gr,"€1,29/un","€8,60/kg"
Pão de Leite,Manhãzitos,emb. 216 gr (8 un),"€2,29/un","€10,90/kg"
Adoçante com Doseador 100 Pastilhas,Canderel,emb. 100 un,"€1,99/un","€248,75/kg"
Barra de Cereais Chocolate Branco Línea,Corny,emb. 6 x 20 gr,"€2,99/un","€24,92/kg"
Bolachas Belgas Chocolate e Laranja,Saborosa,emb. 198 gr (6 un),"€2,29/un","€11,57/kg"
Massinha Pevide,Milaneza,emb. 250 gr,"€0,85/un","€3,40/kg"
Café Solúvel Creme,Nescafé,emb. 200 gr,"€7,49/un","€37,45/kg"
Tortilha Pockets,Old El Paso,emb. 223 gr (8 un),"€4,05/un","€18,16/kg"
Cápsulas de Café Magnus Int 12,Continente,emb. 10 un,"€1,89/un","€0,19/un"
Pão Tostado,Brioche Pasquier,emb. 415 gr,"€2,99/un","€7,20/kg"
Bolachas com Recheio de Caramelo e Baunilha Remix,Oreo,emb. 157 gr,"€1,49/un","€9,49/kg"
Barras de Cereais de Arandos e Avelãs,Belvita,emb. 160 gr,"€3,29/un","€20,56/kg"
Noodles de Caril Banzai,Cigala,emb. 67 gr,"€1,19/un","€17,76/kg"
Salsichas Bockwurst Frasco 9 un,Izidoro,emb. 954 gr (peso escorrido 360 gr),"€2,83/un","€7,86/kg"
Açúcar Mascavado,Sidul,emb. 1 kg,"€3,15/un","€3,15/kg"
Bolachas Cookies Sensations Oreo,Milka,emb. 156 gr,"€2,69/un","€17,24/kg"
Snack para Bebé Estrelas de Ananás e Quinoa +12M,Blédina,emb. 20 gr,"€1,39/un","€69,50/kg"
Café Solúvel,Nescafé,emb. 100 gr,"€5,69/un","€56,90/kg"
Cápsulas de Café Descafeinado,Continente,emb. 16 un,"€3,39/un","€0,21/un"
Salsa Folha em Saqueta,Continente,emb. 10 gr,"€0,49/un","€49,00/kg"
Batata Frita Ondulada Sabor Ovo com Presunto,Continente,emb. 150 gr,"€1,19/un","€7,93/kg"
Tortitas Mini de Milho Presunto Ibérico,Bicentury,emb. 70 gr,"€1,75/un","€25,00/kg"
Tarteletes Chocolate de Avelã,Continente,emb. 150 gr,"€0,87/un","€5,80/kg"
Polpa de Tomate,Guloso,emb. 210 gr,"€0,63/un","€3,00/kg"
Tablete de Chocolate com Caramelo e Sal sem Glúten,Regina,emb. 100 gr,"€1,49/un","€14,90/kg"
Azeite Virgem Extra Colheita das Lezírias,Gallo,emb. 75 cl,"€4,89/un","€6,52/lt"
Cápsulas de Café Kenya Int 8,Delta Q,emb. 10 un,"€3,29/un","€0,33/un"
Panquecas,Brioche Pasquier,emb. 280 gr,"€2,89/un","€10,32/kg"
Farinha de Trigo Extra Fina,Nacional,emb. 1 kg,"€1,09/un","€1,09/kg"
Cracker Quinoa & Chia,Gullón,emb.250 gr,"€1,84/un","€7,36/kg"
Adoçante em Pó 60 Sticks,Continente,emb. 60 gr,"€1,49/un","€0,02/kg"
Café em Grão,Continente,emb. 1 kg,"€5,99/un","€5,99/kg"
Bolachas Wafers Quadratini com Recheio de Chocolate Negro,Loacker,emb. 250 gr,"€3,29/un","€13,16/kg"
Bolachas Cards,Kinder,emb. 131 gr (5 un),"€2,49/un","€19,01/kg"
Bolachas Wafers Quadratini Duplo Chocolate,Loacker,emb. 250 gr,"€3,29/un","€13,16/kg"
Patê de Atum em Óleo,La Piara,emb. 75 gr (peso escorrido 75 gr),"€1,64/un","€21,87/kg"
Biscoitos de Sésamo e Avelã Sem Adição de Açúcar,Diese,emb. 250 gr,"€3,39/un","€13,56/kg"
"Bolachas de Aveia, Coco e Chia",Nairns,emb. 200 gr,"€2,19/un","€10,95/kg"
Caju Frito com Mel e Sal,Os Originais,emb. 200 gr,"€4,99/un","€24,95/kg"
Infusão Limão e Gengibre com Vitamina C Immune Saquetas,Tetley,emb. 20 un,"€2,44/un","€0,12/un"
Molho de Soja Sushi e Sashimi,Kikkoman,emb. 250 ml,"€4,29/un","€17,16/lt"
Massinha Letras,Milaneza,emb. 250 gr,"€0,85/un","€3,40/kg"
Bolachas Marinhas Naturais,Salutem,emb. 200 gr,"€2,29/un","€11,45/kg"
Molho de Tomate e Ricotta,Barilla,emb. 400 gr,"€4,49/un","€11,23/kg"
Gelatina em Pó de Morango e Framboesa,Royal,emb. 114 gr,"€1,99/un","€17,46/kg"
Bombons de Chocolate Sortidos de Chocolate com Recheio,Continente,emb. 200 gr,"€1,99/un","€9,95/kg"
Massa deTempero de Vinha de Alho,Continente,emb. 200 gr,"€0,75/un","€3,75/kg"
Tortitas de Arroz Integral com Sal sem Glúten,Continente Equilíbrio,emb. 130 gr,"€0,75/un","€5,77/kg"
Caldo para Esparguete à Bolonhesa em Saqueta,Knorr,emb. 4 un,"€1,54/un","€40,53/kg"
Atum Posta em Azeite,Santa Catarina,emb. 120 gr (peso escorrido 78 gr),"€1,30/un","€16,67/kg"
Bolachas Mini Diver com Recheio de Chocolate,Prince,emb. 178 gr (5 un),"€1,99/un","€11,18/kg"
Cápsulas de Café Espresso Intenso Int 7,Dolce Gusto,emb. 30 un,"€10,49/un","€0,35/un"
Chá PG Tips Saquetas,,emb. 40 un,"€2,99/un","€0,07/un"
Pimentão Doce em Frasco,Margão,emb. 40 gr,"€1,59/un","€39,75/kg"
Coentros em Folha em Frasco,Margão,emb. 7 gr,"€1,89/un","€270,00/kg"
Cápsulas de Café Ristretto Ardenza Int 11,Dolce Gusto,emb. 30 un,"€10,49/un","€0,35/un"
Bolachas Softcake Choc & Choc,Milka,emb. 175 gr,"€2,49/un","€14,23/kg"
Massa Esparguete Integral,Continente Equilíbrio,emb. 500 gr,"€1,39/un","€2,78/kg"
Café Moído Moagem Fina Descafeinado,Continente,emb. 250 gr,"€1,49/un","€5,96/kg"
Palitos de Chocolate,Continente,emb. 250 gr,"€2,39/un","€9,56/kg"
Tablete de Chocolate Negro 74% Biológico,Continente Bio,emb. 100 gr,"€1,59/un","€15,90/kg"
Canja de Galinha,Knorr,emb. 68 gr,"€1,39/un","€20,44/kg"
Mistura de Limão e Tomilho em Frasco,Margão,emb. 43 gr,"€2,89/un","€67,21/kg"
Cápsulas de Café Espresso Barista Int 13,L'Or,emb. 10 un,"€3,19/un","€0,32/un"
Mostarda Dijon em Vidro,Continente,emb. 200 gr,"€1,25/un","€6,25/kg"
Café Moído Torrado Moagem Grossa 5 Estrelas Lote Clássico,Sical,emb. 250 gr,"€2,39/un","€9,56/kg"
Pipocas Doces Micro-ondas,Popz,emb. 3 x 90 gr,"€2,99/un","€11,07/kg"
Tortitas de Arroz Integral com Iogurte,Bicentury,emb. 130 gr,"€2,59/un","€19,92/kg"
Couscous,Nacional,emb. 250 gr,"€0,63/un","€2,52/kg"
Snack de Chocolate com Biscoito e Caramelo,Twix,emb. 5 x 58 gr,"€2,89/un","€11,56/kg"
Café Moído Moagem Fina 5 Estrelas Lote Clássico,Sical,emb. 250 gr,"€2,39/un","€9,56/kg"
Bolachas de Chocolate com Recheio de Cheesecake de Morango,Oreo,emb. 154 gr,"€1,49/un","€9,68/kg"
Gelatina em Pó Vegetal de Manga e Maracujá,Alsa,emb. 180 gr,"€2,99/un","€16,61/kg"
"Tortitas de Aveia, Arroz e Chocolate Negro",Gullón,emb. 82 gr (4 un),"€2,29/un","€27,93/kg"
Caldo de Legumes Cubos menos 30% Sal,Knorr,emb. 8 un,"€2,30/un","€28,75/kg"
Salmão Posta ao Natural,Continente Equilíbrio,emb. 120 gr (peso escorrido 85 gr),"€2,49/un","€29,29/kg"
Bolachas de Aveia e Chocolate Negro Diet Nature,Gullón,emb. 275 gr,"€2,19/un","€7,96/kg"
Massa Lasanha com Ovo,Buitoni,emb. 500 gr,"€2,49/un","€4,98/kg"
Snacks Tortilha Chips Chili,Old El Paso,emb. 185 gr,"€2,99/un","€16,16/kg"
Pimento Jalapenho Cortado,Old El Paso,emb. 215 gr (peso escorrido 210 gr),"€4,54/un","€21,12/kg"
Rebuçados Mini Mints Halls Citrus sem Açúcar,Halls,"emb. 12,5 gr","€1,19/un","€99,17/kg"
Arandos Desidratados,Continente,emb. 200 gr,"€2,69/un","€13,45/kg"
Massa Linguine Al Pesto,Milaneza,emb. 500 gr,"€2,69/un","€5,38/kg"
Massa de Pimentão,Continente,emb. 200 gr,"€0,75/un","€3,75/kg"
Refeição para Bebé Arroz de Tomate e Frango +6M,Blédina,emb. 200 gr,"€2,09/un","€10,45/kg"
Flocos de Cereais com Mel,Continente,emb. 300 gr,"€1,69/un","€5,63/kg"
Massa Esparguete Integral,Barilla,emb. 500 gr,"€2,79/un","€5,58/kg"
Massa Esparguete,Continente Seleção,emb. 500 gr,"€1,29/un","€2,58/kg"
Mostarda Mix Top Down,Continente,emb. 250 gr,"€1,29/un","€5,16/kg"
Salsichas Wienerwurst Frasco 5 un,Nobre,emb. 440 gr (peso escorrido 220 gr),"€2,59/un","€11,77/kg"
Tablete de Chocolate de Leite com Amêndoa,Continente,emb. 100 gr,"€0,65/un","€6,50/kg"
Tiras de Milho Natural Biológicas,Amaizin,emb. 75 gr,"€1,69/un","€22,53/kg"
Bolachas Bocaditos com Recheio de Limão,Cuétara,emb. 150 gr,"€1,89/un","€12,60/kg"
Snacks Milho Futebolas Sabor Queijo,Cheetos,emb. 130 gr,"€1,65/un","€12,69/kg"
Snack de Chocolate com Coco,Bounty,emb. 57 gr,"€1,05/un","€18,42/kg"
Barras de Cereais Crunchy Aveia e Chocolate Negro,Nature Valley,emb. 5 x 42 gr,"€2,99/un","€14,24/kg"
Granola Superior Biológica,Rude Health,emb. 400 gr,"€5,99/un","€14,98/kg"
Infusão Rooibos e Canela Saquetas,Ahmad,emb. 20 un,"€3,99/un","€0,20/un"
Leite de Coco,Koala,emb. 400 ml,"€2,25/un","€5,63/lt"
Bolachas Roscas Simples,Continente,emb. 400 gr,"€1,43/un","€3,58/kg"
Wrap de Trigo de Chia e Quinoa,Mission,emb. 370 gr (6 un),"€2,95/un","€7,97/kg"
Bolachas Vitalday Cereais com Frutos Vermelhos,Gullón,emb. 240 gr (6 un),"€2,59/un","€10,79/kg"
Nestum Espelta e Aveia Zero +3A,Nestum,emb. 250 gr,"€1,84/un","€7,36/kg"
Bolachas Cracker Sabor a Pizza,Bit Break,emb. 200 gr (6 un),"€1,99/un","€9,95/kg"
Tablete de Chocolate de Leite,Continente,emb.100 gr,"€0,53/un","€5,30/kg"
Flocos Cevada Integral Tostados,Salutem,emb. 250 gr,"€1,79/un","€7,16/kg"
Barras de Cereais Chocolate de Leite Belga Special K,Kellogg's,emb. 6 x 20 gr,"€3,79/un","€29,38/kg"
Alho Fumado em Frasco,Margão,emb. 48 gr,"€3,49/un","€72,71/kg"
Doce Abóbora sem Adição de Açúcar,Prisca,emb. 230 gr,"€3,59/un","€14,36/kg"
Vinagre de Sidra Pet,Continente,emb. 500 ml,"€0,46/un","€0,92/lt"
Flocos Aveia Integral,Quaker,emb. 500 gr,"€2,49/un","€4,98/kg"
Canela Moída em Frasco,Continente,emb. 40 gr,"€0,59/un","€14,75/kg"
Drageias de Chocolate,M&M's,emb. 400 gr,"€5,99/un","€14,98/kg"
Maionese Vegan,Hellmann's,emb. 270 gr,"€4,39/un","€16,26/kg"
Miolo de Avelã com Pele,Continente,emb. 150 gr,"€2,99/un","€14,95/kg"
Crackies de Milho com Chocolate,Caçarola,emb. 130 gr,"€2,49/un","€19,15/kg"
Bolachas de Muesli,Belvita,emb. 6 x 50 gr,"€2,49/un","€8,30/kg"
Tablete de Chocolate de Leite com Avelã,Ritter Sport,emb. 100 gr,"€1,94/un","€19,40/kg"
Bebida Cereais Cevada e Chicória com Café,Tofina,emb. 200 gr,"€2,24/un","€11,20/kg"
Bolachas Cereais Integrais Diet Nature,Gullón,emb. 216 gr (6 un),"€1,89/un","€8,75/kg"
Pipocas Caramelizadas Salgadas,Continente,emb. 150 gr,"€1,19/un","€7,93/kg"
Cápsulas de Café Delta Q,Delta Q,emb. 40 + 10 un,"€15,89/un","€0,32/un"
Gengibre Moído em Frasco,Continente,emb. 26 gr,"€0,99/un","€38,08/kg"
Tablete de Chocolate com Avelã e Passas,Ritter Sport,emb. 100 gr,"€1,69/un","€16,90/kg"
Sardinha em Tomate,Manná,emb. 120 gr (peso escorrido 90 gr),"€1,69/un","€18,78/kg"
Massa Esparguete,Buitoni,emb. 500 gr,"€1,79/un","€3,58/kg"
Azeite Virgem Extra DOP Moura,Moura,emb. 50 cl,"€3,39/un","€6,78/lt"
Bolachas Cracker com Sal,Bit Break,emb. 200 gr (6 un),"€1,99/un","€9,95/kg"
Bolachas de Cereais com Leite,Belvita,emb. 300 gr (6 un),"€2,49/un","€8,30/kg"
Tablete de Chocolate Culinária 52% Cacau,Jerónimos,emb. 200 gr,"€1,95/un","€9,75/kg"
Molho Picante,Tabasco,emb. 60 ml,"€2,95/un","€49,17/lt"
Café Moído Torrado para Saco Lote Chávena,Delta,emb. 250 gr,"€2,29/un","€9,16/kg"
Cebolinho Folha em Frasco,Continente,emb. 8 gr,"€0,99/un","€123,75/kg"
Noz Moscada com Moinho em Frasco,Margão,emb. 30 gr,"€4,49/un","€149,67/kg"
Massa Esparguete Integral de Alfarroba,Nacional,emb. 500 gr,"€0,96/un","€1,92/kg"
Regina Classic Tripack,Regina,emb. 3 x 24 gr,"€1,53/un","€21,25/kg"
Tomate Seco em Frasco,Sacla,emb. 280 gr,"€3,99/un","€14,25/kg"
Tablete de Chocolate Bubbly Caramelo,Milka,emb. 250 gr,"€2,99/un","€11,96/kg"
Cereais Estrelitas Mel,Estrelitas,emb. 270 gr,"€1,64/un","€6,07/kg"
Preparado para Bolo Mármore,Branca de Neve,emb. 450 gr,"€2,99/un","€6,64/kg"
Pasta Pesto Pot,Knorr,emb. 68 gr,"€2,15/un","€31,62/kg"
Feijão Frade Cozido,Ferbar,emb. 820 gr (peso escorrido 520 gr),"€2,39/un","€4,60/kg"
Gelatina Morango 0% Açúcar,Continente,emb. 31 gr,"€0,99/un","€31,94/kg"
Bolachas Cream Cracker,Continente,emb. 200 gr,"€0,59/un","€2,95/kg"
Maionese,Hellmann's,emb. 208 gr,"€3,29/un","€15,82/kg"
Batata Frita Ondulada Sabor Presunto sem Glúten,Ruffles,emb. 80 gr,"€0,99/un","€12,38/kg"
Chá Verde Saquetas,Tetley,emb. 20 un,"€1,69/un","€0,08/un"
Tablete de Chocolate Culinária 70%,Continente,emb. 200 gr,"€1,65/un","€8,25/kg"
Bolachas Cracker Cream & Onion,Tuc,emb. 100 gr,"€1,19/un","€11,90/kg"
"Saqueta de Fruta Banana, Pera e Laranja +4M",Hero Solo,emb. 100 gr,"€1,03/un","€10,30/kg"
Café Solúvel,Nescafé,emb. 100 gr,"€3,99/un","€39,90/kg"
Tablete de Chocolate Negro Excellence e Caramelo Salgado,Lindt,emb. 100 gr,"€2,09/un","€20,90/kg"
Sardinha Inteira em Tomate,Alva,emb. 120 gr (peso escorrido 85 gr),"€0,79/un","€9,29/kg"
Saqueta de Fruta Maçã e Pera +3A,GoGo squeeZ,emb. 90 gr,"€0,79/un","€8,78/kg"
Sopa Miso Instantânea,Blue Dragon,"emb. 92,5 gr","€3,59/un","€39,02/kg"
"Cereais Special K Frutos Secos, Granola e Sementes",Kellogg's,emb. 330 gr,"€4,49/un","€13,61/kg"
Bolachas Recheadas Cacau e Baunilha,Continente,emb. 220 gr (5 un),"€1,29/un","€5,86/kg"
Barras de Cereais Nesquik,Nesquik,emb. 6 x 25 gr,"€2,44/un","€16,27/kg"
Bolachas Maria Biológicas,Gullón,emb. 350 gr,"€3,59/un","€10,26/kg"
Pastilhas Elásticas Morango Sem Açúcar,Trident,"emb. 14,5 gr","€0,89/un","€63,57/kg"
"Papa Infantil Láctea Aveia, Maçã e Ameixa Seleção da Natureza +6M",Cerelac,emb. 240 gr,"€2,59/un","€10,79/kg"
Bolo com Recheio de Chocolate,Chipicao,emb. 342 gr (6 un),"€3,85/un","€11,26/kg"
Torta de Morango,Continente,emb. 300 gr,"€1,49/un","€4,97/kg"
"Chá Preto, Baunilha e Caramelo Pyramid",Lipton,emb. 20 un,"€1,74/un","€0,09/un"
Aveia Instantânea sem Açúcar,Cem Porcento,emb. 500 gr,"€2,29/un","€4,58/kg"
Gomas Favoritos Pica,Haribo,emb. 90 gr,"€1,09/un","€12,11/kg"
Tomate Pelado Inteiro,Guloso,emb. 800 gr (peso escorrido 492 gr),"€1,86/un","€2,33/kg"
Tablete de Chocolate Excellence Sementes de Sésamo,Lindt,emb. 100 gr,"€2,09/un","€20,90/kg"
Bebida de Chocolate Solúvel Intenso,Nestlé,emb. 330 gr,"€4,89/un","€14,82/kg"
Massa Esparguete à Bolonhesa,Continente,emb. 160 gr,"€1,49/un","€9,31/kg"
Farinha de Amêndoa,Cem Porcento,emb. 200 gr,"€4,69/un","€23,45/kg"
Rebuçados Peitorais,Dr. Bayard,emb. 100 gr,"€1,69/un","€16,90/kg"
"Barra Amêndoa, Cacau e Frutas Biológico",Continente Bio,emb. 3 x 25 gr,"€1,59/un","€21,20/kg"
Massa Cotovelos Grandes Riscados,Milaneza,emb. 500 gr,"€1,59/un","€3,18/kg"
Aveia Instantânea Cacau,Cem Porcento,emb. 535 gr,"€3,29/un","€6,15/kg"
Chá Verde Saquetas,Tetley,emb. 10 un,"€0,84/un","€0,08/un"
Bolachas Chiquilín,Artiach,emb. 175 gr,"€1,14/un","€6,51/kg"
Papa Infantil Farinha Láctea Multifrutos +6M,Continente do Bebé,emb. 250 gr,"€2,29/un","€9,16/kg"
Cápsulas de Café Crema Ricca Torra Média Int 11,Segafredo,emb. 10 un,"€3,14/un","€0,31/un"
Molho de Alho e Ervas Top Down,Continente,emb. 285 ml,"€1,49/un","€5,23/lt"
Tablete de Chocolate Negro com Framboesa 72% Cacau,Guylian,emb. 100 gr,"€2,24/un","€22,40/kg"
Ervas de Provence em Frasco,Continente,emb. 15 gr,"€0,79/un","€52,67/kg"
Molho Indiano Butter Chicken,Patak's,emb.450 gr,"€3,69/un","€8,20/kg"
Miolo de Amêndoa Palitos,Cimarrom,emb. 100 gr,"€1,89/un","€18,90/kg"
Muesli Crunchy sem Adição de Açúcar,Continente Equilíbrio,emb. 500 gr,"€2,59/un","€5,18/kg"
Ananás em Calda Sumo Natural,Ferbar,emb. 820 gr (peso escorrido 500 gr),"€4,49/un","€5,48/kg"
Café Moído Moagem Única Lote Bocage,Nicola,emb. 250 gr,"€2,34/un","€9,36/kg"
Cápsulas de Café Ethiopia Int 7,Delta Q,emb. 10 un,"€3,29/un","€0,33/un"
Molho Pesto Rosso,Ponti,emb. 135 gr,"€3,49/un","€25,85/kg"
Doce Abóbora sem Adição de Açúcar,Continente Equilíbrio,emb. 280 gr,"€2,85/un","€10,18/kg"
Tablete de Chocolate de Leite ExtraFino sem Glúten,Nestlé,emb. 125 gr,"€1,89/un","€15,12/kg"
Milho Frito,Continente,emb. 250 gr,"€1,49/un","€5,96/kg"
Café GranCafé Gold,Delta,emb. 200 gr,"€8,49/un","€42,45/kg"
Cápsulas de Chá Marrakech Tea,Dolce Gusto,emb. 16 un,"€4,79/un","€0,30/un"
Drageias de Amendoim com Cobertura de Chocolate,Continente,emb. 250 gr,"€1,69/un","€6,76/kg"
Nestlé Moments Tablete de Chocolate Negro,Nestlé,emb. 90 gr,"€1,49/un","€16,56/kg"
Creme Vinagre Balsâmico,Continente,emb. 250 ml,"€1,69/un","€6,76/lt"
Feijão Catarino,Continente,emb. 500 gr,"€0,99/un","€1,98/kg"
Caldo de Galinha Natura,Knorr,emb. 4 un,"€1,49/un","€13,30/kg"
Tortitas de Chocolate Azahar com Pedaços Laranja,Bicentury,emb. 139 gr,"€2,79/un","€20,07/kg"
Tablete de Chocolate e Café,Merci,emb. 100 gr,"€1,89/un","€18,90/kg"
Cereais Corn Flakes Zero sem Açúcar,Nacional,emb. 375 gr,"€1,94/un","€5,17/kg"
Cápsulas de Café Originale,Continente,emb. 16 un,"€3,39/un","€0,21/un"
Broinhas com Ovos Moles,Massas Vouga,emb. 250 gr,"€3,99/un","€15,96/kg"
Molho Napolitano,Continente,emb. 420 gr,"€1,25/un","€2,98/kg"
Bolachas Cookies Pepitas de Chocolate,Chips Ahoy,emb. 128 gr,"€1,89/un","€14,77/kg"
Farinha Láctea com Menos 40% de Açúcar +6M,Continente,emb. 1 kg,"€4,99/un","€4,99/kg"
Açúcar Mascavado com Stevia,Sidul,emb. 500 gr,"€3,45/un","€6,90/kg"
Tablete de Chocolate de Leite Culinária sem Glúten,Pantagruel,emb. 200 gr,"€2,09/un","€2,09/un"
Tablete de Chocolate Negro com Sésamo,Côte D'Or,emb. 100 gr,"€1,69/un","€16,90/kg"
Óleo Alimentar,Fula,emb. 2 lt,"€5,38/un","€2,69/lt"
Puré de Fruta Manga com Leite de Coco +6M,Blédina,emb. 4 x 95 gr,"€3,59/un","€9,45/kg"
Arroz Agulha,Saludães,emb. 1 kg,"€1,18/un","€1,18/kg"
Snack para Bebé Tubinhos de Grão de Bico +12M,Blédina,emb. 20 gr,"€1,39/un","€69,50/kg"
Café Solúvel Black Roast,Nescafé,emb. 200 gr,"€5,19/un",
Cereais All Bran Fruta e Fibra,Kellogg's,emb. 500 gr,"€4,99/un","€9,98/kg"
Farinha de Trigo Super Fina com Fermento,Branca de Neve,emb. 1 kg,"€2,29/un","€2,29/kg"
Rebuçados de Mel e Limão sem Açúcar,Halls,emb. 32 gr,"€0,89/un","€27,81/kg"
Azeitona Siciliana,Ficacci,emb. 150 gr,"€2,59/un","€17,27/kg"
Cápsulas de Café Qalidus Int 10,Delta Q,emb. 40 un,"€12,99/un","€0,32/un"
Rebentos de Feijão Mungo,Continente,emb. 222 gr (peso escorrido 110 gr),"€0,69/un","€6,27/kg"
Massa Instantânea Chinesa de Cogumelos,Koka,emb. 85 gr,"€0,70/un","€8,24/kg"
Caldo para Massa Cubos,Knorr,emb. 8 un,"€1,39/un","€17,38/kg"
Cappuccino Solúvel Intenso,Continente,emb. 10 un,"€1,59/un","€0,16/un"
Pepino em Vinagre,Hengstenberg,emb. 330 gr (peso escorrido 185 gr),"€2,45/un","€13,24/kg"
"Barra de Noz, Chocolate Negro e Sal Marinho sem Glúten",Be-Kind,emb. 40 gr,"€1,99/un","€49,75/kg"
Vinagre de Sidra Pet,Paladin,emb. 500 ml,"€1,40/un","€2,80/lt"
Banana Frita às Rodelas,Continente,emb. 250 gr,"€2,19/un","€8,76/kg"
Patê de Atum Bocadelia,La Piara,emb. 180 gr (peso escorrido 180 gr),"€2,99/un","€16,61/kg"
Vinagre de Vinho Tinto,Continente,emb. 500 ml,"€0,49/un","€0,98/lt"
Cápsulas de Café Espresso Verona Int 10,Starbucks,emb. 10 un,"€3,79/un","€0,38/un"
Snack para Bebé Morango e Banana +8M,Continente do Bebé,emb. 20 gr,"€0,99/un","€49,50/un"
Chupas Mini,Chupa Chups,emb. 210 gr,"€3,49/un","€16,62/kg"
Infusão Noite Tranquila Saquetas,Lipton,emb. 20 un,"€1,94/un","€0,10/un"
Massa Linguini Bronzo,Continente Seleção,emb. 500 gr,"€1,29/un","€2,58/kg"
Cápsulas de Café Descafeinado Espresso Int 5,Continente,emb. 16 un,"€2,99/un","€0,19/un"
Snack para Bebé Fruta e Vegetais +8M,Continente do Bebé,emb. 20 gr,"€0,99/un","€49,50/kg"
Barras de Cereais Avelã Muesly,Corny,emb. 6 x 25 gr,"€2,99/un","€19,93/kg"
Sardinha em Tomate Picante,Lider,emb. 120 gr (peso escorrido 78 gr),"€0,89/un","€11,41/kg"
Leite de Coco,Koala,emb. 165 ml,"€1,52/un","€9,21/lt"
Hambúrguer de Espinafres,Veg In,emb. 160 gr (2 un),"€3,39/un","€21,19/kg"
Caramelos Cobertura de Chocolate Negro Carachoco,Lutti,emb. 125 gr,"€1,86/un","€12,40/kg"
Orégãos Folha em Frasco,Margão,emb. 10 gr,"€1,79/un","€179,00/kg"
Rebuçados Citrus Mix sem Açúcar,Halls,emb. 4 x 32 gr,"€1,49/un","€11,64/kg"
Bolo Farci de Avelã,Midi,emb. 280 gr (10 un),"€2,49/un","€8,89/kg"
Bolachas Recheio de Laranja Cobertura Chocolate,Milka,emb. 147 gr,"€1,49/un","€10,14/kg"
Pastilhas Elásticas de Spearmint sem Açúcar,Chiclets,"emb. 16,5 gr","€0,99/un","€58,24/kg"
Tempero de Cebola e Alho em Frasco,Continente Seleção,emb. 40 gr,"€1,49/un","€37,25/kg"
Bolachas Cookie e Choco Milka,Milka,emb. 135 gr,"€1,99/un","€14,74/kg"
Cápsulas de Café Colombia,L'Or,emb. 20 un,"€8,49/un","€0,42/un"
Doce Mirtilo sem Adição de Açúcar,Prisca,emb. 250 gr,"€3,79/un","€15,16/kg"
"Infusão Camomila, Funcho e Canela Sweet Dreams Saquetas",Tetley,emb. 20 un,"€2,44/un","€0,12/un"
Gelatina em Pó Vegetal de Manga,Condi,emb. 180 gr,"€2,19/un","€12,17/kg"
Maionese Magra em Vidro,Heinz,emb. 480 gr,"€2,39/un","€4,98/lt"
Asia Noodles Pot,Knorr,emb. 65 gr,"€2,15/un","€33,08/kg"
"Papa Infantil Láctea Aveia, Quinoa e Ananás +6M",Cerelac,emb. 240 gr,"€2,59/un","€10,79/kg"
Doce Extra Pêssego,Continente,emb. 375 gr,"€1,29/un","€3,44/kg"
Baked Beans,Hillfield,emb. 450 gr (peso esorrido 400 gr),"€1,39/un","€3,48/kg"
Tomate Pelado Biológico,Guloso,emb. 390 gr,"€1,38/un","€3,54/kg"
Azeite Virgem Extra Grande Escolha,Carm,emb. 50 cl,"€8,49/un","€16,98/lt"
Milho Doce,Bonduelle,emb. 225 gr (peso escorrido 210 gr),"€2,49/un","€11,86/kg"
Barras de Cereais Chocolate de Leite Muesly,Corny,emb. 6 x 25 gr,"€2,99/un","€19,93/kg"
Arroz Agulha Pronto a Comer,Continente,emb. 2 x 125 gr,"€1,45/un","€5,80/kg"
Arroz Integral com Quinoa Pronto a Comer,Cigala,emb. 2 x 125 gr,"€1,39/un","€5,56/kg"
Barras de Cereais Nature All-Bran,Kellogg's,emb. 6 x 40 gr,"€3,85/un","€16,04/kg"
"Saqueta Banana, Pera, Laranja e Aveia",Corny,emb. 120 gr,"€1,49/un","€12,42/kg"
Snack para Bebé Ervilha e Queijo +8M,Continente do Bebé,emb. 20 gr,"€0,99/un","€49,50/kg"
Tablete de Chocolate 85% Cacau sem Glúten,Regina,emb. 100 gr,"€1,56/un","€15,60/kg"
Massa Esparguete Integral,La Molisana,emb. 500 gr,"€1,59/un","€3,18/kg"
Massa Penne Integral,Buitoni,emb. 500 gr,"€1,79/un","€3,58/kg"
Barras de Cereais Chocapic,Chocapic,emb. 6 x 25 gr,"€3,29/un","€3,29/un"
Patê de Pimenta,Continente,emb. 125 gr (peso escorrido 125 gr),"€0,89/un","€7,12/kg"
Ketchup Top Down,Heinz,emb. 700 gr,"€4,59/un","€6,56/kg"
Rebuçados de Mentol,Continente,emb. 250 gr,"€0,99/un","€3,96/kg"
"Papa Infantil Láctea Aveia, Manga e Banana Seleção da Natureza +6M",Cerelac,emb. 240 gr,"€2,59/un","€10,79/kg"
Barras Cruas de Cacau e Avelã sem Glúten,Continente Equilíbrio,emb. 3 x 35 gr,"€1,99/un","€18,95/kg"
Travesseiros de Chocolate,Dulcesol,emb. 255 gr (3 un),"€1,00/un","€5,56/kg"
Foie Gras de Pato,Capdevila,emb. 125 gr,"€18,49/un","€147,92/kg"
Pastilhas Elásticas Fruit Lime sem Açúcar,Mentos,emb. 78 gr,"€2,55/un","€42,50/kg"
Bombons de Chocolate com Licor e Cereja,Mon Chéri,emb. 150 gr,"€5,29/un","€35,27/kg"
Chá Lúcia-Lima Planta,Happyflora,emb. 50 gr,"€1,49/un","€29,80/kg"
Canela Moída Biológica,Margão,emb. 27 gr,"€3,69/un","€136,67/kg"
Tomilho Folha em Frasco,Continente,emb. 20 gr,"€0,89/un","€44,50/kg"
Gengibre Sushi,Saitaku,emb. 190 gr,"€3,99/un","€21,00/kg"
Biscoitos Linhaça e Curcuma Biológicos,Seara,emb. 220 gr,"€2,34/un","€10,64/kg"
Caril em Frasco,Continente,emb. 45 gr,"€0,79/un","€17,56/kg"
Doce Morango sem Adição de Açúcar,Continente Equilíbrio,emb. 280 gr,"€2,85/un","€10,18/kg"
Tablete de Chocolate de Leite com Mel e Amêndoas,Toblerone,emb. 360 gr,"€7,49/un","€20,81/kg"
Farinha de Trigo Super Fina com Fermento,Continente,emb. 1 kg,"€0,89/un","€0,89/kg"
Couscous,Milaneza,emb. 1 kg,"€2,89/un","€2,89/kg"
Bolachas Chiquichocs Energy Chiquilin,Artiach,emb. 140 gr (4 un),"€1,54/un","€11,00/kg"
Bolo CiaoRoll com Creme de Avelã,Midi,emb. 222 gr (emb. 6 un),"€2,99/un","€13,47/kg"
Bolachas Marinhas Integrais,Salutem,emb. 200 gr,"€2,29/un","€11,45/kg"
Cápsulas de Café Intenso Int 8,Continente,emb. 10 un,"€1,89/un","€0,19/un"
Cápsulas de Café Selecto Int 6,Nicola,emb. 12 un,"€2,04/un","€0,17/un"
Café Moído Torrado Aroma Originale,Bellissimo,emb. 200 gr,"€1,89/un","€9,45/kg"
Arroz Risotto Arbório,Scotti,emb. 500 gr,"€1,89/un","€3,78/kg"
Bolachas Recheadas com Caramelo e Pepitas de Chocolate,Twix,emb. 144 gr,"€2,59/un","€17,99/kg"
Bolachas Maria de Chocolate,Cuétara,emb. 265 gr,"€2,09/un","€7,89/kg"
Massa Fettuccine,Milaneza,emb. 500 gr,"€1,99/un","€3,98/kg"
Gelatina em Pó Vegetal de Morango,Alsa,emb. 180 gr,"€2,99/un","€16,61/kg"
Mostarda Dijon Original em Vidro,Maille,emb. 215 gr,"€3,89/un","€18,09/kg"
Massinha Pontinha,Continente,emb. 250 gr,"€0,65/un","€2,60/kg"
Molho Cocktail Top Down,Heinz,emb. 225 ml,"€2,39/un","€10,86/lt"
Tablete de Chocolate de Leite com Avelã Extrafino sem Glúten,Nestlé,emb. 123 gr,"€1,89/un","€15,37/kg"
Miolo de Noz,Continente,emb. 50 gr,"€0,99/un","€19,80/kg"
Caldo de Legumes Cubos,Knorr,emb. 8 un,"€1,39/un","€17,38/kg"
Louro Moído em Frasco,Margão,emb. 24 gr,"€2,19/un","€91,25/kg"
Gomas de Morango Pencils,Vidal,emb. 100 gr,"€1,39/un","€13,90/kg"
Alho Moído em Frasco,Margão,emb. 50 gr,"€3,49/un","€63,45/kg"
Cápsulas de Café Descafeinado Espresso Intenso Int 7,Dolce Gusto,emb. 30 un,"€10,49/un","€0,35/un"
Caramelo Líquido,Royal,emb. 400 gr,"€2,69/un","€6,73/kg"
Rebuçados de Fruta,É Continente,emb. 500 gr,"€2,29/un","€4,58/kg"
Barras de Cereais Chocolate Negro Linha,Nacional,emb. 6 x 23 gr,"€1,64/un","€11,88/kg"
Alimento Lácteo Cereais e Baunilha +6M,Yogolino,emb. 4 x 100 gr,"€2,29/un","€5,73/kg"
Chá Erva-Príncipe,Happyflora,emb. 50 gr,"€1,59/un","€31,80/kg"
Infusão Mirtilo e Açaí Superfruits Saquetas,Tetley,emb. 20 un,"€2,54/un","€0,13/un"
Cápsulas de Café Roast Collection Medium Int 8,Delta Q,emb. 10 un,"€3,29/un","€0,33/un"
Salsichas Frankfurt 6 un,Izidoro,emb. 240 gr (peso escorrido 120 gr),"€0,95/un","€7,92/kg"
Kit para Fajitas,Old El Paso,emb. 500 gr,"€6,15/un","€12,30/kg"
Noodles Pot Galinha Asia,Knorr,emb. 65 gr,"€2,15/un","€3,31/kg"
Cogumelos Laminados,Ferbar,emb. 185 gr (peso escorrido 105 gr),"€0,99/un","€9,43/kg"
Massa Penne Integral,Rummo,emb. 500 gr,"€2,12/un","€4,24/kg"
Tablete de Chocolate Culinária 41% Cacau,Belleville,emb. 200 gr,"€2,64/un","€13,20/kg"
Pastilhas Elásticas Extreme Mentol Sem Açúcar,Trident,emb. 4 x 14 gr,"€2,59/un","€46,25/kg"
Tempero de Alho e Pimentão em Frasco,Continente Seleção,emb. 50 gr,"€1,49/un","€29,80/kg"
Café Solúvel Creme,Nescafé,emb. 100 gr,"€3,99/un","€39,90/kg"
Maionese Magra,Hellmann's,emb. 459 gr,"€4,39/un","€9,56/kg"
Massa Instantânea de Camarão Pot,Koala,emb. 65 gr,"€1,09/un","€16,77/kg"
Cápsulas de Café Descafeinado Roast Int 11,Starbucks,emb. 10 un,"€3,79/un","€0,38/un"
Bolachas de Água e Sal Integrais,Vieira,emb. 186 gr (12 un),"€2,19/un","€11,77/kg"
"Saqueta de Fruta Iogurte, Banana e Morango Minions +12M",Hero,emb. 100 gr,"€0,78/un","€7,80/kg"
Húmus Clássico,Mézete,emb. 215 gr,"€3,19/un","€14,84/kg"
Pastilhas Elásticas de Morango Super,Gorila,emb. 32 gr,"€0,59/un","€18,44/kg"
Tablete de Chocolate de Leite e Amendoim,M&M's,emb. 165 gr,"€2,89/un","€17,52/kg"
Krunchy Granola e Avelã Chocolate Preto Biológica,Barnhouse,emb. 375 gr,"€4,99/un","€13,31/kg"
Farinha de Trigo Branca,Seara,emb. 500 gr,"€1,19/un","€2,38/kg"
Figo Seco,Continente,emb. 400 gr,"€3,99/un","€9,98/kg"
Gomas Amoras sem Glúten,Continente Infantil,emb. 300 gr,"€1,49/un","€4,97/kg"
Rebuçados Energy Cola,Halls,emb. 32 gr,"€0,89/un","€27,81/kg"
Bolachas Vitalday com Recheio de Avelã,Gullón,emb. 220 gr (5 un),"€2,59/un","€11,77/kg"
Massa Esparguete Integral,Buitoni,emb. 500 gr,"€1,59/un","€3,18/kg"
Massa Aletria,Continente,emb. 500 gr,"€1,19/un","€2,38/kg"
Cápsulas de Café Ardenza,Dolce Gusto,emb. 32 un,"€11,98/un","€0,37/un"
Bolachas Organic Cookies,Gullón,emb. 150 gr,"€3,19/un","€21,27/kg"
Barras Substitutas Refeição Iogurte de Limão,Bicentury,emb. 128 gr,"€5,14/un","€40,16/kg"
Pimenta Branca Moída em Saqueta,Continente,emb. 50 gr,"€0,89/un","€17,80/kg"
Barras de Cereais Multicereais com Chocolate Negro Sarialis,Bicentury,"emb. 6 x 15,5 gr","€3,71/un","€39,89/kg"
Snack de Chocolate com Amendoim e Caramelo,Snickers,emb. 3 x 50 gr,"€2,39/un","€15,93/kg"
Flocos de Batata para Puré,Cimarrom,emb. 400 gr,"€2,59/un","€6,48/kg"
Infusão Funcho Saquetas,Cem Porcento,emb. 10 un,"€0,79/un","€0,08/un"
Infusão Rooibos e Hibiscus Pyramid,Lipton,emb. 20 un,"€1,94/un","€0,10/un"
Nachos de Milho Sabor a Queijo,Continente,emb. 150 gr,"€1,09/un","€7,27/kg"
Bolachas Digestivas de Aveia e Laranja,Gullón,emb. 425 gr,"€2,94/un","€6,92/kg"
Gomas Spaghetti Pica Sabor Morango,Haribo,emb. 75 gr,"€1,09/un","€14,53/kg"
Snack Aperitivo Hummus e Sal Marinho sem Glúten,Eat Real,emb. 135 gr,"€1,98/un","€14,67/kg"
Mel Serras de Portugal,Granja San Francisco,emb. 500 gr,"€5,99/un","€11,98/kg"
Puré de Fruta Coco com Leite de Coco +6M,Blédina,emb. 4 x 95 gr,"€3,59/un","€9,45/kg"
Ketchup Top Down,Calvé,emb. 275 gr,"€2,14/un","€7,78/kg"
Azeitona Napolitana,Ficacci,emb. 150 gr,"€2,59/un","€17,27/kg"
Palitos La Reine,Du Bois,emb. 200 gr,"€2,44/un","€12,20/kg"
Snacks Tortilla Nachips sem Glúten,Old El Paso,emb. 185 gr,"€2,99/un","€16,16/kg"
Chupas Melody,Chupa Chups,emb. 4 un,"€2,29/un","€38,17/kg"
Massa Fusilli,Garofalo,emb. 500 gr,"€2,09/un","€4,18/kg"
Tablete de Chocolate Negro 72% Cacau,Merci,emb. 100 gr,"€1,89/un","€18,90/kg"
Gomas Açúcar Sortido,Continente Gumball,emb. 500 gr,"€2,39/un","€4,78/kg"
Infusão Camomila Saquetas,Continente,emb. 20 un,"€0,99/un","€0,05/un"
Especiarias de Itália em Frasco,Margão,emb. 30 gr,"€2,89/un","€96,33/kg"
Bolachas Digestivas Aveia e Chocolate Biológicas,Gullón,emb. 270 gr,"€3,99/un","€14,78/kg"
Manjericão Folha em Frasco,Continente,emb. 12 gr,"€0,89/un","€74,17/kg"
Vinagre de Vinho Branco Pet,Paladin,emb. 500 ml,"€1,44/un","€2,88/lt"
Mistura de Pimentas em Grão em Saqueta,Continente,emb. 45 gr,"€0,99/un","€22,00/kg"
Sopa Rabo de Boi,Continente,emb. 74 gr,"€0,69/un","€9,32/kg"
Infusão Digest Saquetas,Cem Porcento,emb. 10 un,"€0,79/un","€0,08/un"
Bolachas de Fibra Integrais Diet Nature,Gullón,emb. 150 gr,"€1,84/un","€10,82/kg"
Gelatina em Pó de Melancia,Continente,emb. 2 x 85 gr,"€0,99/un","€5,82/kg"
Patê de Atum,Continente,emb. 88 gr,"€1,19/un","€13,52/kg"
Atum Posta ao Natural,Alva,emb. 110 gr (peso escorrido 77 gr),"€0,99/un","€12,86/kg"
Patê de Sardinha,Continente,emb. 4 x 22 gr,"€1,19/un","€13,52/kg"
Mistura de Condimentos para Fajitas,Old El Paso,emb. 30 gr,"€1,39/un","€46,33/kg"
Caldo de Marisco Cubos,Knorr,emb. 8 un,"€1,39/un","€17,38/kg"
Café Moído Qualitá Rossa,Lavazza,emb. 250 gr,"€2,59/un","€10,36/kg"
Infusão Lúcia-Lima Pyramid,Lipton,emb. 20 un,"€1,19/un","€0,06/un"
Farinha Amido de Milho,Maizena,emb. 700 gr,"€3,89/un","€5,56/kg"
Cápsulas de Café Forza Int 9,L'Or,emb. 10 un,"€3,19/un","€0,32/un"
Marmelada Nature sem Adição de Açúcar,Prisca,emb. 250 gr,"€3,99/un","€15,96/kg"
Bolo Mini com Recheio de Chocolate,Bollycao,emb. 90 gr (6 un),"€0,99/un","€11,00/kg"
Arroz Agulha Longo,Continente Bio,emb. 500 gr,"€1,19/un","€2,38/kg"
Paprika em Frasco,Margão,emb. 40 gr,"€2,19/un","€54,75/kg"
Doce Manga e Maracujá sem Adição de Açúcar,Continente Equilíbrio,emb. 280 gr,"€2,85/un","€10,18/kg"
Rebuçados Lágrimas de Neve,Continente,emb. 500 gr,"€2,29/un","€4,58/kg"
Salsichas Frankfurt Original,Campofrio,emb. 140 gr,"€0,99/un","€7,07/kg"
Biscoitos Integrais de Alfarroba,Cem Porcento,emb. 250 gr,"€2,69/un","€10,76/kg"
"Barras de Amendoinm, Amêndoa e Arando",Continente Equilíbrio,emb. 4 x 25 gr,"€1,69/un","€16,90/kg"
Creme de Cogumelos,Continente,emb. 75 gr,"€0,69/un","€9,20/kg"
Sementes de Sésamo,Continente,emb. 200 gr,"€1,29/un","€6,45/kg"
Pipocas Manteiga Micro-ondas,Bop,emb. 90 gr,"€0,99/un","€11,00/kg"
Bolachas Vitalday Crocante Tradicional,Gullón,emb. 280 gr,"€2,29/un","€8,18/kg"
Drageias de Chocolate Salted Caramel,M&M's,emb. 160 gr,"€2,76/un","€17,25/kg"
Açúcar de Coco Biológico,Continente Bio,emb. 500 gr,"€3,99/un","€7,98/kg"
Barras de Cereais Frutos Vermelhos e Chocolate Branco Shape & Go,Continente,"emb. 6 x 21,5 gr","€1,59/un","€12,33/kg"
Infusão Limão e Gengibre Saquetas,Ahmad,emb. 20 un,"€3,49/un","€0,17/un"
Massa Esparguete Integral,Rummo,emb. 500 gr,"€2,12/un","€4,24/kg"
"Papa Infantil Farinha Láctea Aveia, Banana e Manga +6M",Continente do Bebé,emb. 250 gr,"€2,69/un","€10,76/kg"
Massa Aletria,Milaneza,emb. 500 gr,"€1,79/un","€3,58/kg"
Flor de Sal,Vatel,emb. 600 gr,"€5,49/un","€9,15/kg"
Flocos de Batata para Puré,Continente,emb. 500 gr,"€1,39/un","€2,78/kg"
Batata Frita Forno Ondulada Sabor Paprika,Lay's,emb. 130 gr,"€2,19/un","€16,85/kg"
Maçã Vermelha de Alcobaça Desidratada,Continente,emb. 20 gr,"€0,89/un","€44,50/kg"
Pimento Jalapenho Fatiado,Mexifoods,emb. 225 gr (peso escorrido 225 gr),"€4,19/un","€18,62/kg"
Drageias de Menta,Mentos,emb. 120 gr,"€1,99/un","€16,58/kg"
"Puré Maçã, Cenoura e Abóbora Biológicas Saqueta",Seara,emb. 100 gr,"€0,99/un","€9,90/kg"
Tablete Chocolate 70% Cacau,Regina,emb. 100 gr,"€1,49/un","€14,90/kg"
"Saqueta de Fruta Pera, Banana e Alperce Frutapura +6M",Blédina,emb. 85 gr,"€0,74/un","€0,87/kg"
Vinagre Balsâmico,Continente,emb. 250 ml,"€1,25/un","€5,00/lt"
"Saqueta de Fruta Banana, Morango e Maçã Minions +12M",Hero,emb. 100 gr,"€0,78/un","€7,80/kg"
Bolachas Integrais de Limão,Diese,emb. 200 gr,"€2,39/un","€11,95/kg"
Hambúrguer Salsa e Tomate Vegetal,Sojasun,emb. 200 gr (2 un),"€4,19/un","€20,95/kg"
"Saqueta Maçã, Ananás, Coco e Aveia",Corny,emb. 120 gr,"€1,49/un","€12,42/kg"
Napolitanas de Baunilha,Continente,emb. 270 gr (6 un),"€1,49/un","€5,52/kg"
Massinha Pevide,Milaneza,emb. 500 gr,"€1,59/un","€3,18/kg"
Bebida Cereais com Café,Mokambo,emb. 200 gr,"€3,14/un","€15,70/kg"
Flocos Aveia Finos Integral,Continente Equilíbrio,emb. 400 gr,"€0,69/un","€1,73/kg"
Tablete de Chocolate de Leite com Avelã Les Recettes de L'Atelier,Nestlé,emb. 170 gr,"€2,99/un","€17,59/kg"
Tempero de Alho e Coentros Cubos,Knorr,emb. 8 un,"€1,49/un","€20,69/kg"
Barras de Cereais Coco com Chocolate Muesly,Corny,emb. 6 x 25 gr,"€2,99/un","€19,93/kg"
Papa Infantil Trigo e Frutas Pequeno Almoço +12M,Nutribén,emb. 375 gr,"€2,99/un","€7,97/kg"
Couscous,Continente,emb. 250 gr,"€0,65/un","€2,60/kg"
Tablete de Chocolate Negro 82% Cacau,Cemoi,emb. 100 gr,"€1,29/un","€12,90/kg"
Suspiros,Continente,emb. 150 gr (6 un),"€2,50/un","€16,67/kg"
Polvilho Azedo sem Glúten,Ferbar,emb. 500 gr,"€2,44/un","€4,88/kg"
Biscoitos Gengibre e Canela,Cem Porcento,emb. 250 gr,"€2,69/un","€10,76/kg"
Vinagre de Sidra,Cristal,emb. 500 ml,"€1,22/un","€2,44/lt"
Massa Instantânea Chinesa de Tomate,Koka,emb. 85 gr,"€0,70/un","€8,24/kg"
Cápsulas de Café Indonésia,L'Or,emb. 10 un,"€3,29/un","€0,33/un"
Bulgur,Continente Bio,emb. 500 gr,"€1,59/un","€3,18/kg"
Bebida Cereais com Café,Delta,emb. 200 gr,"€2,84/un","€14,20/kg"
Cereais Corn Flakes,Kellogg's,emb. 375 gr,"€3,19/un","€8,51/kg"
Vinagre Balsâmico,Ponti,emb. 500 ml,"€4,79/un","€9,58/lt"
Cereais com Chocolate Chocomax,Nacional,emb. 650 gr,"€2,99/un","€4,60/kg"
Massa Esparguete Picante,Milaneza,emb. 500 gr,"€2,69/un","€5,38/kg"
Vinagre Balsâmico,Monari,emb. 500 ml,"€3,89/un","€7,78/lt"
Feijão Vermelho,Caçarola,emb. 500 gr,"€2,19/un","€4,38/kg"
Salsichas Extra Suculentas Frasco 7 un,Nobre,emb. 650 gr (peso escorrido 350 gr),"€2,25/un","€6,43/kg"
Drageias de Chocolate,Maltesers,emb. 300 gr,"€5,99/un","€19,97/kg"
Vinagre de Vinho Tinto,Cristal,emb. 500 ml,"€1,03/un","€2,06/lt"
Azeite Virgem Extra Trufa,Cinco Soldos,emb. 25 cl,"€2,39/un","€9,56/lt"
Farinha para Pão Brioche,Branca de Neve,emb. 500 gr,"€2,66/un","€5,32/kg"
Pistácio Torrado com Casca e Sal Marinho,Os Originais,emb. 200 gr,"€3,99/un","€19,95/kg"
Massa Chinesa com Ovo,Koala,emb. 250 gr,"€1,75/un","€7,00/kg"
Sardinha em Óleo,Bom Petisco,emb. 120 gr (peso escorrido 84 gr),"€1,35/un","€16,07/kg"
Bolachas Recheadas Chocolate,Continente,emb. 440 gr (10 un),"€2,49/un","€5,66/kg"
Snack de Chocolate com Coco Mini,Bounty,emb. 170 gr,"€2,89/un","€17,00/kg"
Caldo para Arroz Cubos,Knorr,emb. 24 un,"€3,09/un","€12,88/kg"
Mini Tostas Integrais,Bimbo,emb. 100 gr,"€1,19/un","€11,90/kg"
Tortitas de Milho Biológicas,Continente Bio,emb. 130 gr,"€0,99/un","€7,62/kg"
Massa Penne Rigate,Buitoni,emb. 500 gr,"€1,99/un","€3,98/kg"
Arroz Integral Extra Longo,Continente Equilíbrio,emb. 1 kg,"€0,99/un","€0,99/kg"
Grão de Bico Cozido Biológico,La Bio Idea,emb. 400 gr,"€1,99/un","€4,98/kg"
Barras de Cereais de Chocolate e Avelãs,Belvita,emb. 160 gr,"€3,29/un","€20,56/kg"
Couscous,Continente Bio,emb. 500 gr,"€1,79/un","€3,58/kg"
Papa Infantil Farinha Láctea Multicereais +6M,Continente do Bebé,emb. 2 x 250 ml,"€1,99/un","€3,98/lt"
Croissants Mini com Recheio de Chocolate,Chipicao,emb. 80 gr,"€1,15/un","€14,38/kg"
Pastilhas Elásticas Spearmint Sem Açúcar,Trident,"emb. 14,5 gr","€0,89/un","€63,57/kg"
Patê de Atum,Manná,emb. 88 gr (peso escorrido 88 gr),"€2,79/un","€31,70/kg"
Cereais Special K Chocolate,Kellogg's,emb. 375 gr,"€4,39/un","€11,71/kg"
Bolo Choco Brownie,Milka,emb. 150 gr (6 un),"€2,49/un","€16,60/kg"
Muesli Chocolate e Avelã Extra,Kellogg's,emb. 375 gr,"€4,39/un","€11,71/kg"
Pimenta Branca Moída em Frasco,Continente,emb. 43 gr,"€0,89/un","€20,70/kg"
Gelatina em Pó de Melancia sem Açúcar,Royal,emb. 31 gr,"€1,04/un","€33,55/kg"
Cappuccino Solúvel Mocha,Nescafé,emb. 306 gr,"€3,19/un","€10,42/kg"
Barras de Cereais Chocolate e Banana Fitness,Fitness,"emb. 6 x 23,5 gr","€2,29/un","€16,24/kg"
"Saqueta de Fruta Pera, Banana, Laranja e Bolacha +6M",Nutribén,emb. 90 gr,"€0,99/un","€11,00/kg"
Biscoitos de Maçã e Canela Sem Adição de Açúcar,Diese,emb. 250 gr,"€3,39/un","€13,56/kg"
Bolachas Crackers sem Sal na Superfície,Gran Pavesi,emb. 250 gr (8 un),"€2,89/un","€11,56/kg"
Saqueta Multifrutos,Compal Essencial,emb. 85 gr,"€0,79/un","€9,29/kg"
Sultana Preta,Continente,emb. 200 gr,"€0,89/un","€4,45/kg"
Bolachas Digestivas de Aveia e Chocolate,Gullón,emb. 425 gr,"€2,94/un","€6,92/kg"
Massa Macarrão Wok,Milaneza,emb. 500 gr,"€1,99/un","€3,98/kg"
Cavala Inteira em Tomate,Manná,emb. 120 gr (peso escorrido 90 gr),"€1,39/un","€15,44/kg"
Cápsulas de Café Fortíssimo Int 14,Continente,emb. 10 un,"€1,79/un","€0,18/un"
Caldo de Peixe Cubos,Knorr,emb. 8 un,"€1,39/un","€17,38/kg"
Chá Preto Saquetas,Continente,emb. 10 un,"€0,39/un","€0,04/un"
Massa Espirais,Milaneza,emb. 500 gr,"€2,69/un","€5,38/kg"
Chá Preto e Frutos Silvestres Pyramid,Lipton,emb. 20 un,"€1,74/un","€0,09/un"
Mix Frutos Secos Puro Prazer,Continente,emb. 200 gr,"€3,29/un","€16,45/kg"
Óleo Alimentar,Pôr do Sol,emb. 1 lt,"€2,49/un","€2,49/lt"
"Alimento Lácteo de Leite de Coco, Manga e Kiwi Naturnes Bio +6M",Nestlé,emb. 4 x 90 gr,"€3,75/un","€10,42/kg"
Caramelos de Fruta,Continente,emb. 250 gr,"€1,29/un","€5,16/kg"
Sal Marinho Iodado,Continente,emb. 1 kg,"€0,39/un","€0,39/kg"
Sal Grosso com Menos 33% Sódio,Vatel,emb. 750 gr,"€2,49/un","€3,32/kg"
Nestlé Dark Tablete de Chocolate Negro sem Glúten,Nestlé,emb. 125 gr,"€1,49/un","€11,92/kg"
Tablete de Chocolate com Laranja e Amêndoa Excellence 70% Cacau,Lindt,emb. 100 gr,"€2,54/un","€25,40/kg"
Chá Verde Bring the Boost Pyramid,Lipton,emb. 20 un,"€1,94/un","€0,10/un"
Snack de Chocolate com Biscoito e Caramelo 99 Kcal,Twix,emb. 10 x 20 gr,"€2,99/un","€14,95/kg"
Gelatina Pronta Vegetal Frutos Silvestres,Koala,emb. 130 gr,"€1,16/un","€8,92/kg"
Creme de Cogumelos e Queijo Mascarpone Vegetariana,Knorr,emb. 57 gr,"€2,57/un","€45,09/kg"
"Tortitas de Arroz Chocolate Branco, Limão e Coco",Bicentury,emb. 132 gr,"€2,59/un","€19,62/kg"
Creme Chocolate,Tulicreme,emb. 200 gr,"€1,49/un","€7,45/kg"
Corações de Alcachofra,Continente,emb. 450 gr (peso escorrido 240 gr),"€2,49/un","€10,38/kg"
Cápsulas de Café Bocage Int 7,Nicola,emb. 12 un,"€2,04/un","€0,17/un"
Gelatina Pronta Vegetal Morango,Koala,emb. 130 gr,"€1,16/un","€8,92/kg"
Pastilhas Elásticas Melão e Melancia Sem Açúcar,Trident,"emb. 14,5 gr","€0,89/un","€63,57/kg"
Drageias de Frutos Silvestres com Lima,Mentos,emb. 40 gr,"€0,70/un","€18,42/kg"
Tablete de Chocolate Negro com Avelã Inteira,Continente,emb. 100 gr,"€0,99/un","€0,99/un"
Tablete de Chocolate Negro com Lima e Pimenta,Continente Seleção,emb. 100 gr,"€1,19/un","€11,90/kg"
Gomas Favoritos Classic,Haribo,emb. 90 gr,"€1,09/un","€12,11/kg"
Caju Cru,Continente,emb. 50 gr,"€0,99/un","€19,80/kg"
Tagliatelle Fresca com Ovo,Rana,emb. 250 gr,"€1,69/un","€6,76/kg"
Gelatina Pronta Vegetal Ananás,Koala,emb. 130 gr,"€1,08/un","€8,31/kg"
Bolo Ciao de Leite,Midi,emb. 350 gr (10 un),"€3,59/un","€10,26/kg"
Noodles de Camarão Banzai,Cigala,emb. 67 gr,"€1,19/un","€17,76/kg"
Torta com Recheio de Morango,DanCake,emb. 300 gr,"€2,49/un","€8,30/kg"
"Papa Infantil Láctea Aveia, Pera e Banana Seleção da Natureza +6M",Cerelac,emb. 240 gr,"€2,59/un","€10,79/kg"
Barras de Cereais Go Free Corn Flakes sem Glúten,Nestlé,emb. 4 un,"€1,99/un","€22,61/kg"
Snack para Bebé de Banana NutriPuffs +8M,Cerelac,emb. 7 gr,"€0,64/un","€91,43/gr"
Bulgur,Seara,emb. 500 gr,"€1,99/un","€3,98/kg"
Azeite Virgem Extra Reserva,Cinco Soldos,emb. 75 cl,"€4,29/un","€5,72/lt"
Tablete de Chocolate Culinária 85% Cacau sem Glúten,Pantagruel,emb. 200 gr,"€3,09/un","€15,45/kg"
Rebuçados de Mentol e Eucalipto sem Açúcar,Halls,emb. 32 gr,"€0,89/un","€27,81/kg"
Doce Extra Morango,Bonne Maman,emb. 370 gr,"€3,59/un","€9,70/kg"
Massa Esparguete,Rummo,emb. 500 gr,"€2,39/un","€4,78/kg"
Molho Cocktail Top Down,Continente,emb. 285 ml,"€1,29/un","€4,53/lt"
Leite Condensado,Mimosa,emb. 397 gr,"€1,34/un","€3,38/kg"
Mix Frutos Secos Mediterrânea com Sal,Continente,emb. 250 gr,"€1,49/un","€5,96/kg"
Couscous Integral,Milaneza,emb. 500 gr,"€2,49/un","€4,98/kg"
Manteiga de Amêndoa 100%,Not Guilty,emb. 200 gr,"€5,99/un","€29,95/kg"
Bolachas Digestivas Thins sem Açúcar,Vieira,emb. 174 gr (6 un),"€1,84/un","€10,57/kg"
Leite de Coco Light,Koala,emb. 165 ml,"€1,72/un","€10,42/kg"
Bolachas Digestivas de Aveia com Chocolate,Continente,emb. 300 gr,"€1,39/un","€4,63/kg"
Farinha de Linhaça Amarela,Continente Equilíbrio,emb. 200 gr,"€1,25/un","€6,25/kg"
Pimenta Branca com Moínho em Frasco,Margão,emb. 39 gr,"€4,49/un","€115,13/kg"
Arroz Basmati Integral,Continente Equilíbrio,emb. 1 kg,"€2,39/un","€2,39/kg"
Café Moído Universal Colombia,Delta,emb. 220 gr,"€2,39/un","€10,86/kg"
Madalenas Recheadas com Cacau,Continente,emb. 336 gr,"€1,79/un","€5,33/kg"
Sardinha Inteira em Óleo,Alva,emb. 120 gr (peso escorrido 85 gr),"€0,79/un","€9,29/kg"
Snacks Milho Barbecue,Doritos,emb. 140 gr,"€1,65/un","€11,79/kg"
Massa Cotovelinhos,Nacional,emb. 1 kg,"€1,75/un","€1,75/kg"
Papa Infantil Farinha Láctea 8 Cereais e Mel e 4 Frutas + 6M,Nutribén,emb. 250 gr,"€2,45/un","€9,80/kg"
Creme Vinagre Balsâmico,Paladin,emb. 250 ml,"€2,09/un","€8,36/lt"
Massa Esparguete com Vegetais,Caçarola,emb. 500 gr,"€1,78/un","€3,56/kg"
Bebida de Chocolate Solúvel,Cola Cao,emb. 400 gr,"€2,09/un","€5,23/kg"
Flocos Chocolate Biológicos,Vitabio,emb. 450 gr,"€6,80/un","€15,11/kg"
Leite de Coco 17% Gordura,Salutem,emb. 400 ml,"€2,89/un","€7,23/lt"
Bolacha Shortcake,Continente,emb. 185 gr,"€1,09/un","€5,89/kg"
Gomas de Sabor a Fruta Biológicas,BioBon,emb. 100 gr,"€2,24/un","€22,40/kg"
Pipocas Doces Gourmet Maria Pipoca,Jerónimo Valente,emb. 240 gr,"€2,99/un","€12,46/kg"
Tablete de Chocolate de Leite com Morango e Iogurte,Milka,emb. 100 gr,"€1,69/un","€16,90/kg"
Folhado Feuilletine,Du Bois,emb. 135 gr,"€1,54/un","€11,41/kg"
Leite Infantil 1-3A,Mimosa,emb. 4 x 200 ml,"€2,19/un","€2,74/lt"
Beterraba Rodelas,Continente,emb. 560 gr (peso escorrido 180 gr),"€0,99/un","€5,50/kg"
Sal do Mediterrâneo com Moínho em Frasco,Margão,emb. 68 gr,"€4,49/un","€66,03/kg"
Maionese,Vianeza,emb. 700 ml,"€3,99/un","€5,32/lt"
Maionese Magra Top Down,Calvé,emb. 447 gr,"€3,49/un","€7,81/kg"
Gelatina em Pó Light de Pêssego,Condi,emb. 2 x 15 gr,"€1,89/un","€63,00/kg"
Cápsulas de Café Ristretto Robusto Int 12,Continente,emb. 16 un,"€2,99/un","€0,19/un"
Creme de Abóbora e Batata Doce Gourmet,Knorr,emb. 70 gr,"€2,57/un","€36,71/kg"
Mel de Flores,G. S. Francisco,emb. 250 gr,"€3,89/un","€15,56/kg"
Gomas Tijolos,Continente Infantil,emb. 300 gr,"€1,49/un","€4,97/kg"
Canela Moída em Frasco,Margão,emb. 39 gr,"€2,49/un","€63,85/kg"
Morango Desidratado,Frubis,emb. 20 gr,"€1,19/un","€59,50/kg"
"Saqueta Maçã, Morango, Banana e Mirtilo +4M",Hero Solo,emb.100 gr,"€1,03/un","€10,30/kg"
Tortitas com Sementes e Cereais Chocolate Negro,Bicentury,emb. 112 gr,"€2,79/un","€24,91/kg"
Bolachas Waffer de Iogurte e Limão sem Açúcar,Cem Porcento,emb. 180 gr,"€2,19/un","€12,17/kg"
Café Moído Descafeinado Universal,Delta,emb. 220 gr,"€4,69/un","€21,32/kg"
Leite em Pó de Continuação Pro Alfa 2 +6M,Nutribén,emb. 800 gr,"€15,99/un","€19,99/kg"
Massa Esparguete com Caril,Milaneza,emb. 500 gr,"€2,69/un","€5,38/kg"
Massa Penne com Molho de Cogumelos,Continente,emb. 150 gr,"€1,49/un","€9,93/kg"
Macadâmias com Chocolate de Leite,Os Originais,emb. 125 gr,"€3,59/un","€28,72/kg"
Gelatina em Pó de Morango,Condi,emb. 2 x 85 gr,"€1,79/un","€10,53/kg"
Patê de Sardinha,Continente,emb. 65 gr (peso escorrido 65 gr),"€0,69/un","€10,62/kg"
Barras de Cereais Fitness,Fitness,"emb. 6 x 23,5 gr","€2,29/un","€16,24/kg"
Bolachas Nutríssimas de Gengibre,Cem Porcento,emb. 160 gr,"€2,59/un","€16,19/kg"
Amendoim Tostado no Forno com Sal e Mel,Matutano,emb. 150 gr,"€2,59/un","€17,27/kg"
Sopa Tailandesa,Knorr,emb. 69 gr,"€2,57/un","€37,25/kg"
Cápsulas de Café Timor Int 7,Delta Q,emb. 10 un,"€3,29/un","€0,33/un"
Barras de Cereais Golden Grahams,Golden Grahams,emb. 6 x 25 gr,"€3,29/un","€3,29/un"
Bolachas Cookie XL Alfarroba e Chocolate,Nacional,emb. 180 gr,"€1,94/un","€10,78/kg"
Bolachas Butter Cookies Lata Clássica,DanCake,emb. 454 gr,"€4,69/un","€10,33/kg"
Snack de Chocolate com Biscoito e Caramelo,Twix,emb. 3 x 58 gr,"€1,79/un","€11,93/kg"
Cápsulas de Cevada Cereais Pure,Delta Q,emb. 10 un,"€2,44/un","€0,24/un"
"Saqueta de Fruta Maçã, Banana e Cenoura +4M",Hero Solo,emb. 100 gr,"€1,03/un","€10,30/kg"
Drageias de Chocolate de Leite Smarties,Nestlé,emb. 38 gr,"€0,99/un","€26,05/kg"
Flocos Aveia Integral Prensados Biológicos,Continente Bio,emb.400 gr,"€0,99/un","€2,48/kg"
Drageias de Chocolate de Leite Mini,Smarties,emb. 187 gr,"€2,99/un","€15,99/kg"
Cappuccino Solúvel,Delta,emb. 10 x 14 gr,"€2,99/un","€21,36/kg"
Bolachas de Chocolate com Recheio de Creme,Oreo,emb. 220 gr (5 un),"€1,99/un","€9,05/kg"
Café Moído Moagem Única Lote Rossio,Nicola,emb. 250 gr,"€1,84/un","€7,36/kg"
Tablete de Chocolate de Leite Bubbly,Milka,emb. 90 gr,"€1,69/un","€18,78/kg"
Feijão com Chouriço,Continente,emb. 420 gr (peso escorrido 420 gr),"€1,89/un","€4,50/kg"
Rebuçados de Mentol,Nazaré,emb. 250 gr,"€1,72/un","€6,88/kg"
Arroz Carolino Gigante,Cigala,emb. 1 kg,"€1,35/un","€1,35/kg"
Tortitas de Arroz Biológicas,Continente Bio,emb. 130 gr,"€0,99/un","€7,62/kg"
Bolas Energéticas de Amendoim e Banana sem Glúten,Continente Equilíbrio,emb. 2 x 17 gr,"€0,99/un","€29,12/kg"
Coentros Folha em Frasco,Continente,emb. 7 gr,"€0,89/un","€127,14/kg"
Bolachas Vitalday de Aveia e Pepitas de Chocolate,Gullón,emb. 240 gr (6 un),"€2,59/un","€10,79/kg"
Noodles Hot Bacon,Knorr,emb. 63 gr,"€1,39/un","€22,06/kg"
Bolachas de Manteiga,Triunfo,emb. 168 gr,"€1,89/un","€11,25/kg"
Infusão Hibisco Saquetas,Cem Porcento,emb. 10 un,"€0,64/un","€0,06/un"
Cereais Corn Flakes sem Açúcar,Continente Equilíbrio,emb. 375 gr,"€1,79/un","€4,77/kg"
Gelatina em Pó Zero% de Ananás sem Glúten,Condi,emb. 28 gr,"€1,89/un","€67,50/kg"
Sopa da Pedra,Continente,emb. 420 gr (peso escorrido 420 gr),"€1,89/un","€4,50/kg"
Tortilha Integral,Mexifoods,emb. 320 gr (8 un),"€3,39/un","€10,59/kg"
Café Solúvel,Delta,emb. 100 gr,"€2,07/un","€20,70/kg"
Molho Piri-Piri com Azeite,Gallo,emb. 50 ml,"€2,49/un","€49,80/lt"
Sal Rosa dos Himalaias Fino,Vatel,emb. 500 gr,"€2,19/un","€4,38/kg"
Snacks Tortilha Chips Abacate,Mister Free'd,emb. 135 gr,"€2,49/un","€18,44/kg"
Pasta Cogumelos Pot,Knorr,emb. 70 gr,"€2,15/un","€30,71/kg"
Galetes de Milho com Sal Finíssimas sem Glúten,Salutem,emb. 130 gr,"€1,29/un","€9,92/kg"
"Chá Verde, Mel e Limão Saquetas",Tetley,emb. 10 un,"€0,84/un","€0,08/un"
Frutos Silvestres em Calda,Koala,emb. 415 gr (peso escorrido 200 gr),"€3,49/un","€17,45/kg"
Bebida de Chocolate Solúvel Extra Choc,Nesquik,emb. 390 gr,"€4,19/un","€10,74/kg"
Bolachas Mini Alfa,Nacional,emb. 120 gr,"€1,04/un","€8,67/kg"
Massa Aletria,Caçarola,emb. 500 gr,"€1,47/un","€2,94/kg"
Sementes de Linhaça,Continente,emb. 200 gr,"€1,29/un","€6,45/kg"
Pasta de Azeitona Verde Biológica,Prisca,emb. 90 gr,"€3,60/un","€40,00/kg"
Massa Talharim,Milaneza,emb. 500 gr,"€1,85/un","€3,70/kg"
Croissant com Recheio de Chocolate,Bollycao,emb. 378 gr (9 un),"€2,49/un","€6,59/kg"
Molho 3 Pimentas Top Down,Heinz,emb. 220 ml,"€2,39/un","€10,86/lt"
Bolachas de Chocolate com Recheio de Creme,Continente,emb. 154 gr,"€0,79/un","€5,13/kg"
Molho Chutney de Manga Doce em Vidro,Patak's,emb. 340 gr,"€3,99/un","€11,74/kg"
Tablete de Chocolate Extra Cacau,Milka,emb. 100 gr,"€1,69/un","€16,90/kg"
Bolachas Cracker,Tuc,"emb. 31,3 gr","€0,69/un","€22,26/kg"
Azeite Virgem Extra Clássico Pet,Oliveira da Serra,emb. 75 cl,"€4,45/un","€5,93/lt"
Gomas Ácidas Tiras,Continente Infantil,emb. 300 gr,"€1,49/un","€4,97/kg"
Tortitas Vitalday de Arroz com Iogurte sem Glúten,Gullón,emb. 125 gr (4 un),"€2,29/un","€2,29/kg"
Tablete de Chocolate Negro com Morango Excellence,Lindt,emb. 100 gr,"€2,09/un","€20,90/kg"
Sal Marinho Tradicional,Vatel,emb. 1 kg,"€0,99/un","€0,99/kg"
Pudim de Caramelo,Boca Doce,emb. 22 gr,"€0,59/un","€26,82/kg"
Papa Infantil Farinha Láctea Maçã +6M,Continente do Bebé,emb. 250 gr,"€2,29/un","€9,16/kg"
Rebuçados Mini Mints de Menta sem Açúcar,Halls,"emb. 12,5 gr","€1,19/un","€91,54/kg"
Mel de Flores 100% Português,Continente Seleção,emb. 300 gr,"€2,99/un","€9,97/kg"
Massa Esparguete Trevo,Nacional,emb. 500 gr,"€1,09/un","€2,18/kg"
Pasta de Amêndoa Biológica,Seara,emb. 230 gr,"€7,99/un","€34,74/kg"
Granola Frutos Vermelhos Orgânica,Rude Health,emb. 400 gr,"€5,99/un","€14,98/kg"
Patê com Ervas Finas,Capdevila Exquisite,emb. 100 gr,"€2,20/un","€22,00/kg"
Nestlé Sobremesas Tablete de Chocolate de Leite Culinária,Nestlé,emb. 170 gr,"€1,94/un","€11,41/kg"
Arroz Doce Especial,Saludães,emb. 500 gr,"€0,72/un","€1,44/kg"
Lentilhas Secas,Continente,emb. 500 gr,"€0,99/un","€1,98/kg"
Sal Rosa dos Himalaias Grosso,Origens Bio,emb. 1 kg,"€2,19/un","€2,19/kg"
Bombons de Chocolate Temptation's,Guylian,emb. 124 gr,"€4,32/un","€34,84/kg"
Molho Suave Dippea Hasta El Final,Doritos,emb. 280 gr,"€2,09/un","€7,46/kg"
Cápsulas de Café Ristretto Napoli Style Int 13,Dolce Gusto,emb. 32 + 16 un,"€11,98/un","€0,37/un"
Café Moído Universal Indonésia,Delta,emb. 220 gr,"€2,39/un","€10,86/kg"
Pack Puré de Fruta Frutos Variados +6M,Blédina,emb. 8 x 95 gr,"€4,89/un","€6,43/kg"
Patê com Pimenta Verde,Capdevila,emb. 55 gr,"€1,05/un","€19,09/kg"
Arroz Aromático Punjab,Continente Seleção,emb. 1 kg,"€2,39/un","€2,39/kg"
Snack para Bebé Mini Bolachas de Arroz +3A,Blédina,emb. 30 gr,"€1,39/un","€46,33/kg"
Massa Gemelli,La Molisana,emb. 500 gr,"€1,59/un","€3,18/kg"
Nestlé Dark Tablete de Chocolate Negro com Avelã,Nestlé,emb. 150 gr,"€2,24/un","€14,93/kg"
"Tempero de Alho, Pimentão e Louro Cubos",Knorr,emb. 8 un,"€1,49/un","€20,69/kg"
Bebida de Chocolate Solúvel Cankao,Canderel,emb. 250 gr,"€2,49/un","€9,96/kg"
Bolachas Cookies Extra Choco Rings,Chips Ahoy,emb. 176 gr,"€2,59/un","€14,72/kg"
Gomas Ositos de Oro,Haribo,emb. 100 gr,"€1,09/un","€10,90/kg"
Geleia Marmelo,Continente Seleção,emb. 450 gr,"€3,69/un","€8,20/kg"
Gelatina em Pó Zero% de Papaia sem Glúten,Condi,emb. 28 gr,"€1,89/un","€67,50/kg"
Creme para Barrar Cacau e Avelãs,É Continente,emb. 750 gr,"€2,99/un","€3,99/kg"
Spaghetti,Rana,emb. 250 gr,"€1,69/un","€6,76/kg"
Bolachas de Aveia com Pepitas de Chocolate Negro,Nairns,emb. 200 gr,"€2,19/un","€10,95/kg"
Caldo para Arroz Cubos,Knorr,emb. 8 un,"€1,39/un","€17,38/kg"
"Infusão Fruta Arando, Flor de Sabugueiro e Vitamina B6 Boost Saquetas",Tetley,emb. 20 un,"€2,44/un","€0,12/un"
Ovo de Chocolate de Leite Kinder Surpresa,Kinder,emb. 3 x 20 gr,"€3,69/un","€61,50/kg"
Infusão Frutos Vermelhos Saquetas,Continente,emb. 25 un,"€1,09/un","€0,04/un"
Chá Earl Grey Saquetas,Ahmad,emb. 20 un,"€3,09/un","€0,15/un"
"Saqueta Manga, Pera e Aveia",Corny,emb. 120 gr,"€1,49/un","€12,42/kg"
Açúcar Baunilhado,Vahiné,"emb. 5 x 7,5 gr","€3,09/un","€81,32/kg"
Tortitas de Milho e Chia sem Glúten,Fiorentini,emb. 120 gr,"€2,19/un","€18,25/kg"
Fingers de Soja,Sojasun,emb. 175 gr (6 un),"€4,59/un","€26,23/kg"
Bolachinhas para Bebé +8M,Blédina,emb. 125 gr,"€2,69/un","€21,52/un"
Chá Gengibre e Laranja Saquetas,Yogi,emb. 12 un,"€2,09/un","€0,17/un"
Snack Aperitivo Hummus Sabor Chili e Limão sem Glúten,Eat Real,emb. 135 gr,"€1,98/un","€14,67/kg"
Massa Esparguete Quadri Molde Bronze,Milaneza,emb. 500 gr,"€1,85/un","€3,70/kg"
Mix Caju e Arandos Pack Poupança,Continente,emb. 4 x 50 gr,"€2,99/un","€14,95/kg"
Ketchup -50% Açúcar Top Down,Calvé,emb. 268 gr,"€2,89/un","€10,78/kg"
Canela em Pau em Saqueta,Margão,emb. 30 gr,"€2,99/un","€99,67/kg"
Snack de Chocolate de Leite Kinder Bueno,Kinder,"emb. 4 x 21,5 gr","€3,29/un","€19,13/kg"
Cereais Smacks,Kellogg's,emb. 375 gr,"€2,49/un","€6,64/kg"
Chá Hipericão Gerês,Happyflora,emb. 50 gr,"€2,59/un","€51,80/kg"
Barras de Cereais Chocolate Negro e Laranja,Bicentury,emb. 5 x 90 gr,"€3,40/un","€7,56/kg"
Tablete de Chocolate Framboesa e Avelã Excellence 70% Cacau,Lindt,emb. 100 gr,"€2,54/un","€25,40/kg"
Café Solúvel Creme,Delta,emb. 80 gr,"€1,99/un","€24,88/kg"
Molho de Alho Frito,Paladin,emb. 250 ml,"€2,38/un","€9,52/lt"
Bolachas Cookies Pepitas de Chocolate Chips Ahoy,Chips Ahoy,emb. 40 gr,"€0,89/un","€22,25/kg"
Chá Preto English Breakfast Saquetas,Ahmad,emb. 20 un,"€3,09/un","€0,15/un"
Especiairias para Frango no Forno em Frasco,Margão,emb. 73 gr,"€2,89/un","€39,59/kg"
Tablete de Chocolate Negro sem Glúten,Cem Porcento,emb. 100 gr,"€2,09/un","€20,90/kg"
Pudim de Chocolate,Continente,emb. 110 gr,"€0,45/un","€4,09/kg"
Bolachas Vitalday com Frutos Vermelhos Recheio de Iogurte,Gullón,emb. 220 gr (5 un),"€2,59/un","€11,77/kg"
Café Solúvel Creme,Delta,emb. 160 gr,"€6,49/un","€40,56/kg"
Flocos Aveia Integral Finos Biológicos,Continente Bio,emb.400 gr,"€0,95/un","€2,38/kg"
Drageias de Chocolate,Maltesers,"emb. 148,5 gr","€3,69/un","€24,93/kg"
Snack de Chocolate Negro 70% Cacau Kit Kat,Kit Kat,"emb. 3 x 41,5 gr","€2,79/un","€22,32/kg"
Tempero Lasanha em Saqueta,Knorr,emb. 4 un,"€1,54/un","€29,62/kg"
Flocos Aveia Grossos Integral,Continente Equilíbrio,emb. 400 gr,"€0,69/un","€1,73/kg"
Sortido de Bolachas,Panicruzeiro,emb. 350 gr,"€3,39/un","€9,69/kg"
Leite de Coco UHT,Koala,emb. 250 ml,"€1,65/un","€6,60/lt"
Molho Pesto Rosso em Vidro,Sacla,emb. 190 gr,"€4,54/un","€23,89/kg"
Cápsulas de Café Tanzania Int 8,Delta Q,emb. 10 un,"€3,29/un","€0,33/un"
Pimenta Preta Moída em Frasco,Continente,emb. 48 gr,"€0,79/un","€16,46/kg"
Bombons de Chocolate Frutos do Mar,Guylian,emb. 250 gr,"€5,69/un","€22,76/kg"
Maionese com Flor de Sal em Vidro,Vianeza,emb. 450 ml,"€2,49/un","€5,53/lt"
Quinoa Branca e Vermelha Pronto a Comer,Cigala,emb. 125 gr,"€0,95/un","€7,60/kg"
Tortitas de Presunto Ibérico,Bicentury,emb. 1 kg,"€2,75/un","€21,15/kg"
Boião de Fruta Maça e Manga +6M,Nestlé,emb. 4 x 100 gr,"€3,29/un","€8,23/kg"
Doce 4 Frutos sem Adição de Açúcar,St. Dalfour,emb. 284 gr,"€4,39/un","€15,46/kg"
Geleia Morango,Casa de Mateus,emb. 345 gr,"€3,29/un","€9,54/kg"
Molho Guacamole,Mexifoods,emb. 330 gr,"€2,79/un","€8,45/kg"
Salsa Folha em Frasco,Continente,emb. 13 gr,"€0,59/un","€45,38/kg"
CAFÉ DELTA Q SOFT 10CAP,DELTA Q,emb. 10 un,"€2,84/un","€0,28/un"
Bolachas Integrais,Vieira,emb. 180 gr (6 un),"€1,39/un","€7,72/kg"
Vinagre de Vinho Branco Envelhecido,Paladin,emb. 500 ml,"€3,16/un","€6,32/lt"
Tortitas Vitalday de Arroz Integral Chocolate Negro,Gullón,emb. 105 gr (4 un),"€2,29/un","€21,81/kg"
Patê de Caranguejo Bocadelia,La Piara,emb. 170 gr (peso escorrido 170 gr),"€2,99/un","€17,59/kg"
Gelatina em Pó Light de Limão,Condi,emb. 2 x 15 gr,"€1,89/un","€63,00/kg"
Massa Instantânea de Galinha Pot,Koala,emb. 65 gr,"€1,09/un","€16,77/kg"
Crackies de Arroz Integral sem Sal sem Glúten,Caçarola,emb. 130 gr,"€1,39/un","€10,69/kg"
Fermento em Pó sem Glúten,Continente,emb. 150 gr,"€1,25/un","€8,33/kg"
Pastilhas Elásticas Fresh Mint,Mentos,emb. 30 gr,"€1,60/un","€53,33/kg"
Creme de Cogumelos Selvagens Gourmet,Knorr,emb. 61 gr,"€2,57/un","€42,13/kg"
Molho Suculento Frango Campestre no Forno com Alho e Cebola em Saqueta,Maggi,emb. 30 gr,"€0,99/un","€27,50/kg"
Gelatina Frutas Tropicais 0% Açúcar,Continente,emb. 56 gr,"€0,99/un","€31,94/kg"
Pudim de Chocolate,Boca Doce,emb. 22 gr,"€0,59/un","€26,82/kg"
Quinoa,Continente Equilíbrio,emb. 500 gr,"€2,79/un","€5,58/kg"
Cápsulas de Café Roast Int 11,Starbucks,emb. 10 un,"€3,79/un","€0,38/un"
Molho de Mostarda e Mel,Continente,emb. 285 ml,"€1,69/un","€5,93/lt"
Barras de Cereais Iogurte,Bicentury,emb. 6 x 20 gr,"€3,40/un","€3,40/un"
Noz Moscada Moída em Frasco,Margão,emb. 32 gr,"€2,69/un","€84,06/kg"
Nestum Super Pele Saudável +3A,Nestum,emb. 210 gr,"€3,39/un","€16,14/kg"
Quinoa Real,Continente Bio,emb. 500 gr,"€2,85/un","€5,70/kg"
Massa Meada,Continente,emb. 500 gr,"€1,39/un","€2,78/kg"
Gelatina em Pó de Morango sem Açúcar,Royal,emb. 31 gr,"€1,04/un","€33,55/kg"
Nestlé Sobremesas Tablete de Chocolate Branco Culinária,Nestlé,emb. 180 gr,"€2,59/un","€14,39/un"
Bolo Farci de Morango,Midi,emb. 280 gr (10 un),"€2,49/un","€8,89/kg"
Massa Rolitos de Aveia,Vianeza,emb. 250 gr,"€4,38/un","€17,52/kg"
Barra de Noz e Chocolate Negro,Be-Kind,emb. 50 gr,"€2,49/un","€49,80/kg"
Molho Italiano,Guloso,emb. 400 gr,"€3,14/un","€7,85/kg"
Gelatina Pronta Vegetal Coco,Koala,emb. 130 gr,"€1,08/un","€8,31/kg"
Cereais Special K Chocolate Leite,Kellogg's,emb. 375 gr,"€4,39/un","€11,71/kg"
Cereais de Chocolate,Oreo,emb. 350 gr,"€4,49/un","€12,83/kg"
Atum Posta em Óleo Girassol,A Poveira,emb. 120 gr (peso escorrido 85 gr),"€1,22/un","€14,35/kg"
Salsicha Bockwurst,Continente,emb. 360 gr,"€3,99/un","€11,08/kg"
Bombons de Chocolate Praliné,Bem Me Quer,emb. 180 gr,"€1,99/un","€11,06/kg"
Cápsulas de Café Peru Espresso Int 8,Dolce Gusto,emb. 12 un,"€4,44/un","€0,37/un"
Caril Indiano em Frasco,Incopil,emb. 200 gr,"€2,89/un","€14,45/kg"
Massa Esparguete,Nacional,emb. 500 gr,"€0,96/un","€1,92/kg"
Bolas Energéticas de Avelã e Cacau sem Glúten,Continente Equilíbrio,emb. 2 x 17 gr,"€0,99/un","€29,12/kg"
Conjunto 6 Especiarias para Gin com Colher,Mix,emb. 300 gr,"€14,15/un","€47,17/kg"
Pastilhas Elásticas de Spearmint sem Açúcar,Orbit,emb. 84 gr,"€2,99/un","€35,60/kg"
Gomas Ácidas Tubos,Continente Infantil,emb. 100 gr,"€0,59/un","€5,90/kg"
Papa Infantil Láctea 5 Frutos +6M,Cerelac,emb. 250 gr,"€2,54/un","€10,16/kg"
Bolachas Maria Oro,Cuétara,emb. 200 gr,"€1,04/un","€5,20/kg"
Tortellini de Queijo,Knorr,emb. 250 gr,"€3,69/un","€14,76/kg"
Bolachas de Água e Sal,Continente,emb. 125 gr,"€0,39/un","€3,12/kg"
Saqueta de Frutas Variadas Fruta & Go +12M,Nutribén,emb. 90 gr,"€0,99/un","€11,00/kg"
Bolachas Flakes Nocilla,Cuétara,emb. 175 gr (5 un),"€2,89/un","€16,51/kg"
Condimento Azeite Virgem Extra Aroma Manjericão,Gallo,emb. 25 cl,"€2,39/un","€9,56/lt"
Rebuçados Peitorais,Continente,emb. 200 gr,"€1,09/un","€5,45/kg"
Tablete de Chocolate Culinária 85%,Continente,emb. 200 gr,"€2,19/un","€10,95/kg"
Bolachas Digestivas de Aveia,Continente,emb. 425 gr,"€1,39/un","€3,27/kg"
Fermento de Padeiro,Royal,emb. 45 gr,"€2,19/un","€81,11/kg"
Polpa de Tomate com Manjericão,Mutti,emb. 400 gr,"€2,29/un","€5,73/kg"
Esparguete com Ovo,Continente Fácil & Bom,emb. 250 gr,"€0,89/un","€3,56/kg"
Pastilhas de Café Platinum,Delta,emb. 16 un,"€3,89/un","€0,24/un"
Chocolate Nutrageous,Reeses,emb. 47 gr,"€1,13/un","€24,04/kg"
Sopa de Cozido,Knorr,emb. 69 gr,"€1,39/un","€20,14/kg"
Sal Rosa dos Himalaias Fino,Origens Bio,emb. 1 kg,"€2,29/un","€2,29/kg"
Mel de Flores Biológico,Origens Bio,emb. 250 gr,"€3,69/un","€14,76/kg"
Barra de Amêndoas Caramelizadas e Sal Marinho,Be-Kind,emb. 40 gr,"€1,99/un","€49,75/kg"
Maionese Top Down,Calvé,emb. 250 gr,"€2,69/un","€10,76/kg"
Massa Instantânea de Carne Pot,Koala,emb. 65 gr,"€1,09/un","€16,77/kg"
Infusão Cavalinha Silhueta Pyramid,Lipton,emb. 20 un,"€1,94/un","€0,10/un"
Bolachas com Cobertura de Chocolate de Leite,Fabs Origin,emb. 150 gr,"€2,89/un","€19,27/kg"
Pastilhas Elásticas de Morango sem Açúcar,Chiclets,"emb. 16,5 gr","€0,99/un","€58,24/kg"
Snack de Lentilhas Vermelhas e Grão de Bico sem Glúten Biológico,Fiorentini,emb. 45 gr,"€1,59/un","€35,33/kg"
Salsichas Cocktail Frasco,Izidoro,emb. 320 gr (peso escorrido 180 gr),"€2,88/un","€16,00/kg"
Pasta de Azeitona Preta Biológica,Prisca,emb. 90 gr,"€3,60/un","€40,00/kg"
Cappuccino Solúvel Gold,Nescafé,emb. 10 x 14 gr,"€3,19/un","€22,79/kg"
Bolachas Pequeno Almoço Cereais sem Açúcar,Continente,emb. 300 gr (6 un),"€1,79/un","€5,97/kg"
Rebuçados Mini Mints de Melancia sem Açúcar,Halls,"emb. 12,5 gr","€1,19/un","€91,54/kg"
Pastilhas Elásticas de Morango sem Açúcar,Orbit,emb. 84 gr,"€2,99/un","€35,60/kg"
Molho Teryaki Marinada,Kikkoman,emb. 250 ml,"€4,49/un","€17,96/lt"
Bolo com Cacau,Continente,emb. 3 x 60 gr,"€1,29/un","€7,17/kg"
Barras Cruas de Maçã e Canela sem Glúten,Continente Equilíbrio,emb. 3 x 35 gr,"€1,99/un","€18,95/kg"
Açúcar Moreno Intenso,Sidul,emb. 500 gr,"€1,69/un","€3,38/kg"
Creme Duplo para Barrar Cacau e Avelãs,Continente,emb. 400 gr,"€2,09/un","€5,23/kg"
Bolachas Digestivas Thins Tradicionais,Vieira,emb. 174 gr (6 un),"€1,79/un","€10,29/kg"
Barras de Cereais de Frutos Secos e Sementes,Cem Porcento,emb. 3 x 24 gr,"€2,96/un","€41,11/kg"
Manteiga de Amendoim Pedaços,Continente,emb. 340 gr,"€1,79/un","€5,26/kg"
Tablete de Chocolate Negro com Pepitas de Coco,Continente Seleção,emb. 100 gr,"€1,19/un","€11,90/kg"
Snack Batata Flame Queijo & Chilli,Pringles,emb. 160 gr,"€2,99/un","€18,69/kg"
Pastilhas de Café Lote Chávena,Delta,emb. 16 un,"€3,49/un","€0,22/un"
Café Solúvel sem Cafeína,Delta,emb. 100 gr,"€4,19/un","€41,90/kg"
"Bebida Cereais Cevada, Chicória e Centeio",Delta,emb. 200 gr,"€1,99/un","€9,95/kg"
Leite Evaporado,Bella Holandesa,emb. 405 gr,"€1,99/un","€4,85/kg"
Easy Mix,Mix,emb. 400 gr,"€15,29/un","€38,23/kg"
Cereais Chocapic Biológicos,Chocapic,emb. 330 gr,"€3,99/un","€12,09/kg"
Barras de Cereais Mel e Amêndoa Fitness,Fitness,"emb. 6 x 23,5 gr","€2,29/un","€16,24/kg"
Massa Esparguete Quadri,La Molisana,emb. 500 gr,"€1,59/un","€3,18/kg"
Bebida Cereais Cevada e Chicória com Café,Delta,emb. 200 gr,"€2,34/un","€11,70/kg"
Café em Grão Torrado Extreme,Buondi,emb. 220 gr,"€2,54/un","€11,55/kg"
Cápsulas de Café Brasil Int 9,Continente,emb. 10 un,"€1,99/un","€0,20/un"
Filete de Atum em Azeite com Alcaparras,Tenorio,emb. 120 gr (peso escorrido 78 gr),"€2,89/un","€37,05/kg"
Adoçante Líquido,Continente,emb. 125 ml,"€2,19/un","€17,52/lt"
Pudim de Morango,Boca Doce,emb. 22 gr,"€0,59/un","€26,82/kg"
Wrap de Trigo,Koala,emb. 370 gr (6 un),"€2,01/un","€5,43/kg"
Cereais Rice Krispies Arroz Tostado com Mel,Kellogg's,emb. 340 gr,"€2,49/un","€7,32/kg"
Arroz Carolino Pack Poupança,Continente,emb. 5 kg,"€4,69/un","€0,94/kg"
Doce de Morango com Hortelã,Quinta de Jugais,emb. 280 gr,"€2,74/un","€9,79/kg"
Fermento de Padeiro sem Glúten,Condi,emb. 4 x 11 gr,"€1,74/un","€39,55/kg"
Salsichas Bockwurst Frasco 5 un,Izidoro,emb. 400 gr (peso escorrido 245 gr),"€2,39/un","€9,76/kg"
Puré de Fruta Maçã +4M,Blédina,emb. 4 x 95 gr,"€2,79/un","€7,34/kg"
Flocos de Aveia Finos sem Glúten,Cem Porcento,emb. 400 gr,"€2,35/un","€5,88/kg"
Pipocas Doces,Spop,emb. 150 gr,"€0,96/un","€6,40/kg"
Pipocas Doces Micro-ondas,Bop,emb. 90 gr,"€0,99/un","€11,00/kg"
Cereais Corn Flakes Milho,Continente,emb. 500 gr,"€1,79/un","€3,58/kg"
Granola Frutos Secos sem Açúcar,Cem Porcento,emb. 350 gr,"€4,29/un","€12,26/kg"
Bolachas Aveia Biológicas,Gullón,emb. 250 gr,"€3,59/un","€14,36/kg"
Massa Cotovelos Grossos,Continente,emb. 500 gr,"€0,89/un","€1,78/kg"
Tablete de Chocolate com Oreo,Milka,emb. 300 gr,"€2,99/un","€9,97/kg"
Bombons de Chocolate Negro com Menta e Laranja,After Eight,emb. 200 gr,"€2,69/un","€13,45/kg"
Tablete de Chocolate Branco Milkybar,Nestlé,emb. 100 gr,"€1,79/un","€17,90/kg"
Cápsulas de Café Sical Int 7,Dolce Gusto,emb. 30 un,"€10,49/un","€0,35/un"
Sortido de Bolachas Princesa,Vieira,emb. 400 gr,"€2,79/un","€6,98/kg"
Doce Abóbora,Casa de Mateus,emb. 345 gr,"€3,29/un","€9,54/kg"
Pedaços de Caju,Continente,emb. 200 gr,"€1,99/un","€9,95/kg"
Granola Cereais Dourados,Cem Porcento,emb. 350 gr,"€2,99/un","€8,54/kg"
Café Colombia Espresso Int 5,Dolce Gusto,emb. 12 un,"€4,44/un","€0,37/un"
Barras de Cereais Aveia e Mel,Nature Valley,emb. 4 x 40 gr,"€3,75/un","€23,44/kg"
Cápsulas de Café com Aveia Int 5,Dolce Gusto,emb. 12 un,"€4,44/un","€0,37/un"
Risotto de Legumes Pronto a Comer,Continente Seleção,emb. 280 gr,"€2,59/un","€9,25/kg"
CAFE NICOLA ROSSIO 16CAP,NICOLA,emb. 16 un,"€2,99/un","€0,19/un"
Puré de Batata,Knorr,emb. 291 gr,"€3,49/un","€11,99/kg"
Cápsulas de Café Qalidus Int 10,Delta Q,emb. 10 un,"€2,99/un","€0,30/un"
Cápsulas de Café Platinium Int 8,Continente,emb. 16 un,"€2,99/un","€0,19/un"
Mel Queiró Castanheiro,Serramel,emb. 500 gr,"€6,39/un","€12,78/kg"
Snack de Chocolate com Manteiga de Amendoim,Reeses,"emb. 4x 42,5 gr","€4,39/un","€25,82/kg"
Puré de Fruta Manga +3A,Um Bongo,emb. 90 gr,"€0,99/un","€11,00/kg"
Tortitas de Arroz com Chocolate Negro e Coco sem Glúten,Diet Radisson,emb. 150 gr,"€2,80/un","€20,74/kg"
Nestlé Dark Tablete de Chocolate Negro 85% Cacau sem Glúten,Nestlé,emb. 120 gr,"€1,99/un","€16,58/kg"
Massinha Argolinhas,Nacional,emb. 250 gr,"€0,63/un","€2,52/kg"
Molho para Saladas César,Hellmann's,emb. 210 ml,"€2,59/un","€12,33/lt"
Tablete de Chocolate de Leite,Merci,emb. 100 gr,"€1,89/un","€18,90/kg"
Cereais Trigo com Chocolate Nesquik,Nesquik,emb. 300 gr,"€1,69/un","€5,63/kg"
Gomas Sortidas,Vidal,emb. 100 gr,"€1,39/un","€13,90/kg"
Doce Extra Tomate Light,Continente,emb. 340 gr,"€1,39/un","€4,09/kg"
Tablete de Chocolate de Leite e Arroz Tufado,M&M's,emb. 150 gr,"€2,89/un","€19,27/kg"
Farelo de Aveia,Continente Equilíbrio,emb. 400 gr,"€1,09/un","€2,73/kg"
Cereais Crunchy Kids Espelta com Cacau,Origens Bio,emb. 125 gr,"€2,99/un","€23,92/kg"
Caldo de Carne Cubos,Continente,emb. 24 un,"€1,09/un","€4,54/kg"
Polvilho Doce sem Glúten,Ferbar,emb. 500 gr,"€2,24/un","€4,48/kg"
Canja de Galinha,Knorr,emb. 61 gr,"€1,46/un","€23,93/kg"
Doce Frutos Vermelhos Temporada,Casa de Mateus,emb. 350 gr,"€3,79/un","€10,83/kg"
Lulas em Molho Americano,Ribeira,emb. 111 gr (peso escorrido 72 gr),"€1,69/un","€23,47/kg"
Cápsulas de Café Espresso Ristretto Int 11,L'Or,emb. 20 un,"€8,19/un","€0,41/un"
Polvo e Pota com Molho Tomate,Continente,emb. 120 gr (peso escorrigo 72 gr),"€1,35/un","€18,75/kg"
Tempero para Frango,Continente,emb. 200 gr,"€0,75/un","€3,75/kg"
Barra Batata Doce e Cacau sem Glúten,Rude Health,emb. 35 gr,"€1,29/un","€32,25/kg"
Massa Cannelloni,Milaneza,emb. 250 gr,"€1,79/un","€7,16/kg"
Mel de Flores Biológico,Origens Bio,emb. 350 gr,"€5,99/un","€17,11/kg"
Molho para Churrasco Top Down,Heinz,emb. 250 gr,"€2,39/un","€10,86/lt"
Cápsulas de Café Ricoré Latte,Dolce Gusto,emb. 16 un,"€4,79/un","€0,30/un"
Snack de Chocolate de Leite Dairy Milk,Cadbury,emb. 45 gr,"€0,99/un","€22,00/kg"
Ketchup Top Down,Paladin,emb. 250 gr,"€1,69/un","€6,76/kg"
Mistura de Sementes,Continente,emb. 200 gr,"€2,29/un","€11,45/kg"
Infusão Camomila e Erva-Princípe Saquetas,Lipton,emb. 20 un,"€1,94/un","€0,10/un"
Infusão Hortelã Saquetas,Continente,emb. 10 un,"€0,32/un","€0,03/un"
Bebida Cereais Chicória com Café,Ricoré,emb. 260 gr,"€5,44/un","€20,92/kg"
Adoçante Eritritol com Stevia,Canderel,emb. 500 gr,"€9,49/un","€18,98/kg"
Tablete de Chocolate de Leite e Avelã,M&M's,emb. 165 gr,"€2,89/un","€17,52/kg"
Bolacha Chocolate Recheio Leite,Continente,emb. 235 gr (6 un),"€1,69/un","€7,19/kg"
Marmelada,Continente,emb. 500 gr,"€2,69/un","€5,38/kg"
Pastilhas Elásticas de Bubblemint sem Açúcar,Orbit,emb. 84 gr,"€2,99/un","€35,60/kg"
Biscoitos Espelta e Pepitas Chocolate Biológicos,Crich,emb. 220 gr (10 un),"€3,29/un","€14,95/kg"
Cebolinho em Frasco,Margão,"emb. 2,5 gr","€2,39/un","€95,60/kg"
Doce Abóbora,Quinta de Jugais,emb. 280 gr,"€2,74/un","€9,79/kg"
Torta de Cacau,Continente,emb. 300 gr,"€1,49/un","€4,97/kg"
Barra Coco sem Glúten Biológica,Rude Health,emb. 35 gr,"€1,29/un","€36,86/kg"
Pistácio no Forno,Matutano,emb. 70 gr,"€2,89/un","€41,29/kg"
Tortilhas sem Glúten,Old El Paso,emb. 216 gr (6 un),"€3,49/un","€16,16/kg"
Leite de Crescimento Júnior 1-3A,Aptamil,emb. 1 lt,"€2,39/un","€2,39/lt"
Azeite Virgem Extra Premium Seleção,Santo Amaro,emb. 50 cl,"€5,39/un","€10,78/lt"
Massa Linguine com Tinta de Choco Al Nero di Seppia,Milaneza,emb. 1 kg,"€6,38/un","€6,38/kg"
Barras de Cereais Chocolate de Leite Línea,Corny,emb. 6 x 20 gr,"€2,99/un","€24,92/kg"
Polpa de Maracujá sem Sementes,Koala,emb. 565 gr,"€4,19/un","€7,42/kg"
Massa Macarrão Grande Riscado,Milaneza,emb. 500 gr,"€1,59/un","€3,18/kg"
Maionese Top Down,Heinz,emb. 200 ml,"€1,48/un","€7,40/lt"
Molho Wok,Kikkoman,emb. 250 ml,"€4,19/un","€16,76/lt"
Broas de Milho,Susana Vieira,emb. 220 gr,"€2,29/un","€11,45/kg"
Drageias de Morango Mix,Mentos,emb. 38 gr,"€0,70/un","€18,42/kg"
Esses de Azeitão,Azeitonense,emb. 240 gr,"€4,19/un","€17,46/kg"
Massa Tallarine à Carbonara,Continente,emb. 150 gr,"€1,49/un","€9,93/kg"
Massa Macarrão Penne Integral com Aveia,Milaneza,emb. 500 gr,"€1,89/un","€3,78/kg"
Doce de Framboesa,Continente Seleção,emb. 250 gr,"€2,19/un","€8,76/kg"
Molho Batatas Fritas Top Down,Paladin,emb. 275 ml,"€2,29/un","€8,33/lt"
Biscoitos Limão e Chia Biológicos,Seara,emb. 220 gr,"€2,19/un","€9,95/kg"
Chá Detox Energia Saquetas,Yogi,emb. 12 un,"€2,09/un","€0,17/un"
Cápsulas de Café Ristretto Napoli Int 13,Dolce Gusto,emb. 30 un,"€10,49/un","€0,35/un"
Salsa Folha em Saqueta,Margão,emb. 6 gr,"€1,29/un","€215,00/kg"
Mistura de Pimentas em Grão com Moinho em Frasco,Continente,emb. 40 gr,"€1,59/un","€39,75/kg"
Caldo de Carne Cubos,Continente,emb. 12 un,"€0,79/un","€6,58/kg"
Refeição Quinoa com Vegetais Vegalia,Nobre,emb. 420 gr,"€4,49/un","€10,69/kg"
Cevada Torrada Moída,Delta,emb. 250 gr,"€0,89/un","€3,56/kg"
Marshmallows Gumball,Continente,emb. 300 gr,"€1,59/un","€5,30/kg"
Café Moído Torrado Universal Extreme,Buondi,emb. 200 gr,"€2,54/un","€12,70/kg"
Bolachas Cream Cracker Integrais,Cuétara,emb. 200 gr,"€1,29/un","€6,45/kg"
Doce de Framboesa sem Açúcar Biológico,Prisca,emb. 240 gr,"€5,19/un","€21,63/kg"
Molho Teriyaki Barbecue com Mel,Kikkoman,emb. 250 ml,"€4,99/un","€19,96/lt"
Molho Barbecue Top Down,Continente,emb. 320 gr,"€1,69/un","€5,28/kg"
Coco Ralado Biológico,Origens Bio,emb. 200 gr,"€2,69/un","€13,45/kg"
Cereais Go Free Corn Flakes sem Glúten,Nestlé,emb. 375 gr,"€2,24/un","€5,97/kg"
Tostas Baixo Teor de Sal,Continente,emb. 225 gr,"€0,79/un","€3,51/kg"
Molho Cervejeira Cubos,Knorr,emb. 8 un,"€1,49/un","€20,69/kg"
Papa Infantil Farinha Láctea 8 Cereais 4 Frutas +6M,Nutribén,emb. 250 gr,"€3,19/un","€12,76/kg"
Cápsulas de Chocolate Quente Chococino,Dolce Gusto,emb. 16 un,"€4,79/un","€0,30/un"
Torta com Cobertura de Cacau,DanCake,emb. 300 gr,"€2,49/un","€8,30/kg"
Flocos de Milho com Chocolate,Continente,emb. 125 gr,"€1,39/un","€11,12/kg"
Creme de Marisco,Continente,emb. 75 gr,"€0,69/un","€9,20/kg"
Cápsulas de Achocolatado Nesquik,Dolce Gusto,emb. 16 un,"€4,79/un","€0,30/un"
Mostarda com Mel,Paladin,emb. 250 gr,"€2,38/un","€9,52/kg"
Gelatina em Pó Light de Morango,Condi,emb. 2 x 15 gr,"€1,89/un","€63,00/kg"
Granola Sementes,Continente Equilíbrio,emb. 300 gr,"€2,19/un","€7,30/kg"
Café Solúvel Gold Puro Colômbia,Nescafé,emb. 100 gr,"€4,44/un","€44,40/kg"
Infusão Nº31 Malvas Saquetas,Raízes da Natureza,emb. 10 un,"€0,74/un","€0,07/un"
Amêndoa Torrada com Caramelo Salgado,Os Originais,emb. 150 gr,"€3,99/un","€26,60/kg"
Drageias Crazy Sours,Skittles,emb. 38 gr,"€0,79/un","€20,79/kg"
Manjericão Biológico,Margão,emb. 11 gr,"€2,69/un","€244,55/kg"
Massa Espirais Fusilli,Nacional,emb. 500 gr,"€1,19/un","€2,38/kg"
Bolas Energéticas de Amendoim e Coco sem Glúten,Continente Equilíbrio,emb. 2 x 17 gr,"€0,99/un","€29,12/kg"
Cereais Especial Silhueta Original,Continente Equilíbrio,emb. 500 gr,"€1,99/un","€3,98/kg"
Beijinhos de Chocolate Recheados com Morango,Continente,emb. 100 gr,"€1,14/un","€11,40/kg"
Farinha de Amêndoa,Origens Bio,emb. 400 gr,"€10,39/un","€25,98/kg"
Café Solúvel Sticks,Nescafé,emb. 25 un,"€3,49/un","€3,49/un"
Miolo de Amêndoa Laminada,Cimarrom,emb. 100 gr,"€1,89/un","€18,90/kg"
Flocos Aveia Finos,Salutem,emb. 375 gr,"€0,99/un","€2,64/kg"
Gelatina em Pó Tropical,Royal,emb. 114 gr,"€1,99/un","€17,46/kg"
Tablete de Chocolate Negro com Avelãs sem Glúten,Cem Porcento,emb. 125 gr,"€2,54/un","€20,32/kg"
Cápsulas de Café Ristretto Int 11,L'Or,emb. 10 un,"€3,19/un","€0,32/un"
Mix 3 Farinhas,Bjorg,emb. 500 gr,"€4,69/un","€9,38/kg"
Lichias em Calda,Koala,emb. 567 gr (peso escorrido 230 gr),"€2,79/un","€4,92/kg"
"Chá Verde, Mirtilo e Matcha Saquetas",Tetley,emb. 20 un,"€2,44/un","€0,24/un"
Cápsulas de Café Espresso Int 5,Dolce Gusto,emb. 16 un,"€4,79/un","€0,30/un"
Farinha de Aveia,Salutem,emb. 1 kg,"€2,39/un","€2,39/kg"
Snack de Chocolate de Leite,Kinder,"emb. 12 x 12,5 gr","€2,49/un","€16,60/kg"
Molho Suculento Entrecosto no Forno com Alho e Pimentão Doce em Saqueta,Maggi,emb. 30 gr,"€0,99/un","€33,00/kg"
Pimenta Branca Moída em Frasco,Margão,emb. 40 gr,"€2,59/un","€64,75/kg"
Cápsulas de Café Espresso Casa Int 10,Segafredo,emb. 10 un,"€3,14/un","€0,31/un"
Pastilhas Elásticas de Menta,True Gum,emb. 21 gr,"€1,99/un","€94,76/kg"
Boião de Fruta Banana +4M,Hero Baby,emb. 120 gr,"€1,03/un","€8,58/kg"
Óleo de Coco Virgem,Origens Bio,emb. 500 ml,"€9,99/un","€19,98/lt"
Sementes de Chia,Continente,emb. 200 gr,"€2,29/un","€11,45/kg"
Coco Ralado,Continente,emb. 200 gr,"€1,19/un","€5,95/kg"
Noodles Chili Soba,Nissin,emb. 111 gr,"€1,69/un","€15,23/kg"
Bolachas Morning Break Alfarroba e Chocolate,Nacional,emb. 300 gr (6 un),"€2,19/un","€7,30/kg"
Creme para Barrar Chocolate e Avelãs,Nutella,emb. 200 gr,"€2,39/un","€11,95/kg"
Tosta Crocante Quinoa Biológica,Le Pain Fleurs,emb. 150 gr,"€3,89/un","€25,93/kg"
Massinha Pontinha,Nacional,emb. 250 gr,"€0,63/un","€2,52/kg"
Snacks Batata Hot & Spicy,Pringles,emb. 175 gr,"€2,24/un","€12,80/kg"
Wrap de Trigo,Koala,emb. 320 gr (8 un),"€1,94/un","€6,06/kg"
Farinha de Trigo Integral,Continente Equilíbrio,emb. 1 kg,"€0,79/un","€0,79/kg"
Cápsulas de Café Espresso Onyx Int 12,L'Or,emb. 20 un,"€8,19/un","€0,41/un"
Puré de Maçã para Sobremesas,Andros,emb. 730 gr,"€3,39/un","€4,64/kg"
Fermento de Padeiro,Fermipan,emb. 4 x 11 gr,"€1,79/un","€40,68/kg"
Farinha de Aveia Integral,Continente Equilíbrio,emb. 1 kg,"€1,89/un","€1,89/kg"
Snack de Chocolate Kinder Délice,Kinder,emb. 156 gr (4 un),"€2,29/un","€14,68/kg"
Azeitona Verde Provençal,Pere Olive,emb. 150 gr,"€3,99/un","€26,60/kg"
Café Moído Crema e Gusto Clássico,Lavazza,emb. 250 gr,"€2,39/un","€9,56/kg"
Biscoitos Integrais de Canela,Cem Porcento,emb. 200 gr,"€2,99/un","€14,95/kg"
Drageias de Chocolate com Amendoim,M&M's,emb. 200 gr,"€3,69/un","€18,45/kg"
Bombons de Chocolate Lindor Cornet Leite,Lindt,emb. 600 gr,"€16,99/un","€28,32/kg"
Bolachas com Recheio de Arandos e Cobertura de Chocolate,Bahlsen,emb. 125 gr,"€2,19/un","€17,52/kg"
Farinha Láctea Pera +6M,Continente do Bebé,emb. 250 gr,"€2,29/un","€9,16/kg"
Adoçante com Stevia Doseador,Canderel,emb. 100 un + 20 oferta,"€2,89/un","€289,00/kg"
Granola Chocolate,Rude Health,emb. 400 gr,"€5,49/un","€13,73/kg"
Chupa de Morango sem Açúcar,Chupa Chups,emb. 12 gr,"€0,55/un","€45,83/kg"
Massinha Pérolas Couscous,Milaneza,emb. 500 gr,"€1,59/un","€3,18/kg"
Cápsulas de Café Latte Amêndoa Int 5,Dolce Gusto,emb. 12 un,"€4,44/un","€0,37/un"
Tablete de Chocolate de Leite com Avelã,Continente,emb. 100 gr,"€0,99/un","€9,90/kg"
Caldo de Legumes Cubos sem Sal,Knorr,emb. 8 un,"€1,49/un","€20,69/kg"
Massa Capellini,Delverde,emb. 500 gr,"€1,89/un","€3,78/kg"
Manjericão Folha em Frasco,Margão,emb. 11 gr,"€2,09/un","€190,00/kg"
Bolachas Crocantes Diet Nature,Gullón,emb. 280 gr,"€1,84/un","€6,57/kg"
Óleo de Coco Virgem,Continente Bio,emb. 200 ml,"€2,19/un","€10,95/lt"
Molho de Caril e Manga Top Down,Heinz,emb. 225 gr,"€2,39/un","€10,86/lt"
Massa Macarrão com Molho de Queijo,Continente,emb. 150 gr,"€1,49/un","€9,93/kg"
Azeite Virgem Extra Premium,Carm,emb. 50 cl,"€9,99/un","€19,98/lt"
Papa Infantil Láctea de Maçã +6M,Cerelac,emb. 250 gr,"€2,54/un","€10,16/kg"
Patê de Campagne,Continente,emb. 125 gr (peso escorrido 125 gr),"€0,89/un","€7,12/kg"
Caldo de Marisco Cubos,Continente,emb. 12 un,"€0,79/un","€6,58/kg"
Tortitas de Milho sem Glúten Biológicas,Fiorentini,emb. 120 gr,"€1,79/un","€14,92/kg"
"Infantil Farinha Láctea Aveia, Maçã, Abóbora e Cenoura +6M",Continente do Bebé,emb. 250 gr,"€2,69/un","€10,76/kg"
Mostarda Mel Top Down,Heinz,emb. 220 ml,"€2,39/un","€10,86/lt"
Massa Fettuccine,Buitoni,emb. 500 gr,"€2,39/un","€4,78/kg"
Cominhos Moídos em Saqueta,Margão,emb. 50 gr,"€1,69/un","€33,80/kg"
Sardinha em Azeite Biológico,Bom Petisco,emb. 120 gr (peso escorrido 84 gr),"€1,99/un","€23,69/kg"
Massa Esparguete,Milaneza,emb. 500 gr,"€2,69/un","€5,38/kg"
Rebentos de Feijão Mungo,Koala,emb. 184 gr (peso escorrido 110 gr),"€0,99/un","€9,00/kg"
Cápsulas de Café Intenso Decaffeinato Int 7,Continente,emb. 16 un,"€3,39/un","€0,21/un"
Canela Moída em Saqueta,Continente,emb. 45 gr,"€0,59/un","€13,11/kg"
Óleo Alimentar Spray & Go,Fula,emb. 200 ml,"€2,47/un","€12,35/lt"
Granola de Aveia Integral com Cacau e Chocolate Negro,Nacional,emb. 300 gr,"€2,74/un","€9,13/kg"
Molho de Soja sem Glúten,Kikkoman,emb. 150 ml,"€3,99/un","€26,60/lt"
Boião de Fruta Maçã e Pera +4M,Nestlé,emb. 4 x 100 gr,"€3,29/un","€8,23/kg"
Coco Ralado,Cimarrom,emb. 200 gr,"€1,85/un","€9,25/kg"
Azeite Virgem Extra Grande Escolha,Gallo,emb. 50 cl,"€6,99/un","€13,98/lt"
Tablete de Chocolate Negro com Caju e Amêndoas,Côte D'Or,emb. 180 gr,"€3,29/un","€18,28/kg"
Massa Laços Integral,Continente Equilíbrio,emb. 500 gr,"€1,39/un","€2,78/kg"
Tortellinni com Ricotta e Espinafres,Knorr,emb. 250 gr,"€3,69/un","€14,76/kg"
Cápsulas de Café Caramel Macchiato,Starbucks,emb. 3 x 12 un,"€13,84/un","€0,38/un"
Sardinha em Tomate Biológico,Bom Petisco,emb. 120 gr (peso escorrido 84 gr),"€1,99/un","€23,69/kg"
Café em Grão Torrado 5 Estrelas Lote Clássico,Sical,emb. 250 gr,"€2,39/un","€9,56/kg"
Massa Penne de Lentilhas Vermelhas,Dalla Costa,emb. 250 gr,"€2,99/un","€11,96/kg"
Tortellini de Carne,Knorr,emb. 250 gr,"€3,69/un","€14,76/kg"
Cápsulas de Descafeinado Int 5,Continente Bio,emb. 10 un,"€2,09/un","€0,21/un"
Gomas Sortido Açúcar sem Glúten,Continente Infantil,emb. 300 gr,"€1,49/un","€4,97/kg"
Cereais Proteína,Weetabix,emb. 440 gr,"€5,19/un","€11,80/kg"
Bolachas Butter Cookies Lata Clássica,DanCake,emb. 340 gr,"€3,74/un","€11,00/kg"
Caldo para Arroz Cubos,Continente,emb. 12 un,"€0,79/un","€6,58/kg"
Molho de Coentros e Alho Top Down,Continente,emb. 250 ml,"€1,49/un","€5,96/lt"
Massinha Bagos,Milaneza,emb. 250 gr,"€0,85/un","€3,40/kg"
Crackers Teor de Sal Reduzido com Azeite Biológico,Crich,emb. 250 gr (8 un),"€3,04/un","€12,16/kg"
Maionese com Azeite em Vidro,Vianeza,emb. 450 ml,"€3,59/un","€7,98/lt"
Madalenas de Laranja e Chocolate,Aurora,emb. 250 gr (6 un),"€1,19/un","€4,76/kg"
Cápsulas de Café Leggero,Continente,emb. 16 un,"€3,39/un","€0,21/un"
Piri-piri Grão em Saqueta,Continente,emb. 20 gr,"€0,89/un","€44,50/kg"
Azeite Virgem Extra,Ouro d'Elvas,emb. 75 cl,"€4,76/un","€6,35/lt"
Gelatina em Pó Zero% de Manga sem Glúten,Condi,emb. 26 gr,"€1,89/un","€72,69/kg"
Gomas Ursinhos sem Glúten,Continente Infantil,emb. 300 gr,"€1,49/un","€4,97/kg"
Tablete de Chocolate Culinária com Stévia,Pantagruel,emb. 200 gr,"€3,29/un","€16,45/kg"
Manteiga de Avelã 100%,Not Guilty,emb. 200 gr,"€5,99/un","€29,95/kg"
Cápsulas de Café Clássico Espresso,Illy,emb. 10 un,"€3,89/un","€0,39/un"
Papa Infantil Farinha Láctea 8 Cereais e Mel +6M,Continente do Bebé,emb. 2 x 250 ml,"€1,99/un","€3,98/lt"
Alho Picado em Saqueta,Continente,emb. 55 gr,"€0,89/un","€16,18/kg"
Infusão Chá Verde Nº25 Saquetas,Raízes da Natureza,emb. 10 un,"€1,19/un","€0,12/un"
Folhado Milfolhas,DanCake,emb. 140 gr,"€1,94/un","€13,86/kg"
Salsichas de Aves Cocktail Lata,Izidoro,emb. 350 gr (peso escorrido 170 gr),"€2,85/un","€16,76/kg"
Vinagre de Sidra,Continente Bio,emb. 500 ml,"€1,49/un","€2,98/lt"
Feijoada Transmontana,Continente,emb. 420 gr (peso escorrido 420 gr),"€1,89/un","€4,50/kg"
Azeite Subtil,Gallo,emb. 50 cl,"€3,99/un","€7,98/lt"
Vinagre de Sidra,Gallo,emb. 250 ml,"€2,89/un","€11,56/lt"
Tempero Strogonoff em Saqueta,Knorr,emb. 4 un,"€1,54/un","€46,67/kg"
Molho para Fajitas,Old El Paso,emb. 395 gr,"€4,49/un","€11,37/kg"
Tempero de Alho e Salsa Cubos,Knorr,emb. 8 un,"€1,49/un","€20,69/kg"
Tablete Chocolate Branco Raffaello,Raffaello,emb. 90 gr,"€2,59/un","€28,78/kg"
Massa Lasanha Integral,Milaneza,emb. 500 gr,"€2,59/un","€5,18/kg"
Tablete de Chocolate de Leite com Pepitas de Caramelo e Flor de Sal,Continente Seleção,emb. 100 gr,"€1,19/un","€11,90/kg"
Doce Extra 4 Frutos Vermelhos,Bonne Maman,emb. 370 gr,"€3,59/un","€9,70/kg"
Bolachas Cookies XL Pepitas de Chocolate,Milka,emb. 184 gr,"€2,69/un","€14,62/kg"
Bolas Energéticas de Limão e Chia sem Glúten,Continente Equilíbrio,emb. 2 x 17 gr,"€0,99/un","€29,12/kg"
Creme de Marisco,Knorr,emb. 72 gr,"€1,39/un","€19,31/kg"
Infusão Cidreira e Mel Pyramid,Lipton,emb. 20 un,"€1,94/un","€0,10/un"
Snack de Chocolate de Leite Mini,Kinder,emb. 120 gr,"€1,85/un","€15,42/kg"
Farinha Fuba de Milho,Nacional,emb. 1 kg,"€1,39/un","€1,39/kg"
Cápsulas de Café Latte Macchiato,Dolce Gusto,emb. 16 un,"€4,79/un","€0,30/un"
Recarga Green,Canderel,emb. 300 gr,"€4,99/un","€16,63/kg"
Azeite Virgem Extra Premium Lagar Marmelo,Oliveira da Serra,emb. 50 cl,"€4,39/un","€8,78/lt"
Bebida Cereais e Fibra Solúvel,Delta,emb. 200 gr,"€2,14/un","€10,70/un"
Nestum Super Digestão +3A,Nestum,emb. 210 gr,"€3,39/un","€16,14/kg"
Risotto com Cogumelos Pronto a Comer,Riso Gallo,emb. 175 gr,"€2,49/un","€14,23/kg"
Azeite Virgem Extra Premium Primeiro Azeite,Gallo,emb. 50 cl,"€5,99/un","€11,98/lt"
Boião de Fruta 7 Frutos +6M,Nestlé,emb. 4 x 100 gr,"€3,29/un","€8,23/kg"
Tremoço Miúdo,Continente,"emb. 3,5 kg (peso escorrido 2 kg)","€4,49/un","€2,25/kg"
Arroz Agulha Integral,Cigala,emb. 1 kg,"€1,29/un","€1,29/kg"
Snack de Chocolate Wafer Minis,Continente,emb. 300 gr,"€2,39/un","€7,97/kg"
Caldo de Carne Cubos,Knorr,emb. 16 un,"€2,39/un","€14,94/kg"
Estragão Folha em Frasco,Margão,emb. 5 gr,"€1,99/un","€398,00/kg"
Mexilhão ao Natural,Ribeira,emb. 111 gr (peso escorrido 69 gr),"€2,39/un","€34,64/kg"
Bolachas Cobertas Frutos Vermelhos Filipinos,Artiach,emb. 128 gr,"€1,05/un","€8,20/kg"
Cereais Go Free Corn Flakes Chocolate sem Glúten,Nestlé,emb. 375 gr,"€2,24/un","€5,97/kg"
Cápsulas de Café Latte Caramel Macchiato,Dolce Gusto,emb. 16 un,"€4,79/un","€0,30/un"
Gengibre Rosa,Miyata,emb. 190 gr,"€2,63/un","€13,84/kg"
Bebida Cereais Café Intenso,Mokambo,emb. 175 gr,"€2,24/un","€12,80/kg"
Aroma de Baunilha,Vahiné,emb. 200 ml,"€4,49/un","€22,45/lt"
Bolonhesa Vegetal,Veg In,emb. 320 gr,"€4,65/un","€14,53/kg"
Nestum Aveia e Morango com Cereais Integrais +3A,Nestum,emb. 250 gr,"€1,84/un","€7,36/kg"
Tablete de Chocolate com Biscoito e Caramelo,Milka,emb. 100 gr,"€1,69/un","€16,90/kg"
Tablete de Chocolate Plus Noir com Pepitas de Cacau Caramelizadas,Jubileu,emb. 100 gr,"€1,99/un","€19,90/kg"
Azeite Virgem Extra Spray,Oliveira da Serra,emb. 20 cl,"€2,25/un","€11,25/lt"
Sopa de Legumes,Knorr,emb. 63 gr,"€1,39/un","€22,06/kg"
Molho Cocktail Top Down,Calvé,emb. 253 gr,"€2,69/un","€10,63/kg"
Gengibre Moído em Frasco,Margão,emb. 26 gr,"€2,09/un","€80,38/kg"
Cevada,Pensal,emb. 200 gr,"€1,94/un","€9,70/kg"
Alho Picado em Frasco,Margão,emb. 60 gr,"€3,49/un","€58,17/kg"
Cereais Corn Flakes Biológicos,Origens Bio,emb. 250 gr,"€1,79/un","€7,16/kg"
Caldo de Galinha Cubos,Continente,emb. 12 un,"€0,79/un","€6,58/kg"
Café Mistura Peninsular Torrada Moída,Delta,emb. 250 gr,"€1,64/un","€6,56/kg"
Gelatina em Pó de Mirtilo,Condi,emb. 2 x 85 gr,"€1,79/un","€10,53/kg"
Gelatina em Pó de Tangerina,Condi,emb. 2 x 85 gr,"€1,79/un","€10,53/kg"
Óleo de Coco,Fula,emb. 500 ml,"€6,39/un","€12,78/lt"
Bolachas Maria Oro Mel,Cuétara,emb. 600 gr (3 un),"€2,99/un","€4,98/kg"
Coco Ralado,Jerónimos,emb. 200 gr,"€2,19/un","€10,95/kg"
Snacks Batata Flame Sabor Natas & Cebola,Pringles,emb. 160 gr,"€2,99/un","€18,69/kg"
Açúcar Branco 50 Sticks,Continente,emb. 200 gr,"€0,99/un","€4,95/kg"
Manteiga de Amendoim com Pedaços,Calvé,emb. 350 gr,"€3,49/un","€9,97/kg"
"Tablete de Chocolate de Leite com Passas, Avelã e Amêndoa Les Recettes de L'Atelier",Nestlé,emb. 170 gr,"€2,99/un","€17,59/kg"
Molho Basílico,Continente,emb. 420 gr,"€1,35/un","€3,21/kg"
Polpa de Tomate e Coentros,Guloso,emb. 500 gr,"€1,71/un","€3,42/kg"
Croissants Mini com Recheio de Baunilha,Chipicao,emb. 80 gr,"€1,15/un","€14,38/kg"
Especiarias para Peixe em Frasco,Margão,emb. 127 gr,"€2,89/un","€78,11/kg"
Bolachas Digestivas Muesli,Gullón,emb. 365 gr,"€2,94/un","€8,05/kg"
Massa Esparguete à Carbonara,Continente,emb. 160 gr,"€1,49/un","€9,31/kg"
Tâmara Seca com Caroço,Continente,emb. 200 gr,"€1,49/un","€7,45/kg"
Farinha Mistura Culinária,Continente,emb. 1 kg,"€2,99/un","€2,99/kg"
Miolo de Amendoim Cru,Continente,emb. 200 gr,"€0,99/un","€4,95/kg"
Ketchup Top Down,Continente,emb. 340 gr,"€0,79/un","€2,32/kg"
Tempero Esparguete à Carbonara em Saqueta,Knorr,emb. 36 gr,"€1,54/un","€4,28/kg"
Crackies de Arroz Integral com Sal sem Glúten,Caçarola,emb. 130 gr,"€1,39/un","€10,69/kg"
Azeite Virgem Extra Premium,Pousio,emb. 50 cl,"€8,59/un","€17,18/lt"
Chá Tília Flor Folha,Happyflora,emb. 40 gr,"€1,74/un","€43,50/kg"
Massas Laços Alentejo,Nacional,emb. 500 gr,"€1,79/un","€3,58/kg"
Cereais All Bran Flakes,Kellogg's,emb. 375 gr,"€4,39/un","€11,71/kg"
Mistura de Condimentos para Guacamole,Old El Paso,emb. 20 gr,"€1,39/un","€69,50/kg"
Manteiga de Amendoim,Continente Equilíbrio,emb. 340 gr,"€1,89/un","€5,56/kg"
Refeição para Bebé Jardineira com Vitela +6M,Hero Baby,emb. 190 gr,"€1,59/un","€8,37/kg"
Molho Piri-piri Extra Forte Sacana,Paladin,emb. 75 ml,"€1,79/un","€23,87/lt"
Cápsulas de Café Jamaica Int 8,Delta Q,emb. 10 un,"€3,29/un","€0,33/un"
Piri-piri Moído em Frasco,Continente,emb. 41 gr,"€0,59/un","€14,39/kg"
Farinha Rainha para Bolos T55 com Fermento,Nacional,emb. 1 kg,"€1,23/un","€1,23/kg"
Flocos de Aveia Grossos sem Glúten,Cem Porcento,emb. 400 gr,"€2,35/un","€5,88/kg"
Caldo de Galinha Cubos,Knorr,emb. 16 un,"€2,39/un","€14,94/kg"
Gelatina Pronta Morango 0% sem Glúten,Condi,emb. 400 gr (4 un),"€2,09/un","€5,23/kg"
Molho Piri-piri,Jerónimos,emb. 180 ml,"€1,29/un","€7,17/lt"
Ervas Finas em Frasco,Margão,emb. 6 gr,"€2,39/un","€398,33/kg"
"Boião de Fruta Maçã, Alperce e Banana +6M",Nestlé,emb. 125 gr,"€1,15/un","€9,20/kg"
Boião de Fruta Maçã e Bolacha +6M,Nestlé,emb. 125 gr,"€1,15/un","€9,20/kg"
Caril Tandoori em Frasco,Margão,emb. 37 gr,"€2,69/un","€72,70/kg"
Doce Framboesa e Romã sem Adição de Açúcar,Continente Equilíbrio,emb. 280 gr,"€2,85/un","€10,18/kg"
Cápsulas de Café Intenso,Illy,emb. 10 un,"€3,89/un","€0,39/un"
Bolachas Dibus Magic,Gullón,emb. 154 gr,"€1,64/un","€10,65/kg"
Bolachas Recheadas com Baunilha Mega Duo,Gullón,emb. 500 gr,"€2,99/un","€5,98/kg"
Açúcar em Pó,Sidul,emb. 500 gr,"€1,67/un","€3,34/kg"
"Chá Verde, Ameixa e Fibras Ventre Plano Saquetas",Cem Porcento,emb. 10 un,"€1,99/un","€44,22/kg"
Nestlé Dark Tablete de Chocolate Negro 70% Cacau sem Glúten,Nestlé,emb. 120 gr,"€1,99/un","€16,58/kg"
Flor de Sal,AoSal,emb. 200 gr,"€2,29/un","€11,45/kg"
Bolachas Cobertas Crunchy Bites,Oreo,emb. 110 gr,"€1,49/un","€13,55/kg"
Tablete de Chocolate Negro Original,Côte D'Or,emb. 200 gr,"€3,29/un","€16,45/kg"
Coco Ralado,Continente,emb. 200 gr,"€1,09/un","€5,45/kg"
Gomas Marshmallows Tubo sem Glúten,Haribo,emb. 90 gr,"€1,09/un","€12,11/kg"
Ervas Aromáticas para Grelhados de Carne em Saqueta,Margão,emb. 34 gr,"€3,19/un","€93,82/kg"
Bolos de Gema,Continente,emb. 200 gr,"€2,50/un","€12,50/kg"
Cominhos Moídos em Frasco,Continente,emb. 45 gr,"€0,89/un","€19,78/kg"
Cápsulas de Café House Blend Int 8,Starbucks,emb. 10 un,"€3,79/un","€0,38/un"
Crackies Mini de Milho Mediterrâneas sem Glúten,Caçarola,emb. 200 gr (8 un),"€2,97/un","€14,85/kg"
Bolachas com Recheio de Framboesa Baunilha Remix,Oreo,emb. 157 gr,"€1,49/un","€9,49/kg"
Tablete de Chocolate Negro 90% Cacau,Cemoi,emb. 80 gr,"€1,29/un","€16,13/kg"
Cápsulas de Café Italian Style Roast Int 11,Starbucks,emb. 10 un,"€3,79/un","€0,38/un"
Saqueta Multifrutos com Bolacha +6M,Hero Baby,emb. 100 gr,"€0,78/un","€7,80/kg"
Infusão Laranja e Toranja Pyramid,Continente,emb. 20 un,"€0,99/un","€0,05/un"
Snack de Chocolate com Caramelo,Continente,emb. 400 gr,"€2,09/un","€5,23/kg"
Molho de Iogurte Top Down,Continente,emb. 275 ml,"€1,39/un","€5,05/lt"
Pimenta Preta Moída em Saqueta,Continente,emb. 50 gr,"€0,79/un","€15,80/kg"
Farinha de Milho,Continente,emb. 500 gr,"€0,69/un","€1,38/kg"
Papa Infantil Farinha Láctea Maçã sem Glúten +4M,Nutribén,emb. 250 gr,"€3,19/un","€12,76/kg"
Cereais Cookie Crisp Pepitas de Chocolate,Cookie Crisp,emb. 375 gr,"€3,89/un","€10,37/kg"
Mix Caju Cru e Arandos,Continente,emb. 50 gr,"€0,99/un","€19,80/kg"
"Super Pequeno Almoço Aveia, Manga e Quinoa Biológico",Shine,emb. 300 gr,"€5,59/un","€18,63/kg"
Vinagre de Arroz Gourmet,Cristal,emb. 250 ml,"€1,55/un","€6,20/lt"
"Tablete Excellence Arandos, Amêndoas e Avelãs",Lindt,emb. 100 gr,"€2,09/un","€20,90/kg"
Papa Infantil Láctea Banana e Laranja +6M,Cerelac,emb. 250 gr,"€2,54/un","€10,16/kg"
Filete de Atum ao Natural,Santa Catarina,emb. 120 gr (peso escorrido 88 gr),"€1,71/un","€20,36/kg"
Piri-Piri Japaleno em Frasco,Margão,emb. 26 gr,"€3,39/un","€130,38/kg"
Caramelos de Leite,Penha,emb. 250 gr,"€2,75/un","€11,00/kg"
Tablete de Chocolate Daim,Milka,emb. 100 gr,"€1,69/un","€16,90/kg"
Infusão Nº40 Guaraná Saquetas,Raízes da Natureza,emb. 10 un,"€0,74/un","€0,07/un"
Bolachas Cracker 5 Cereais,Continente,emb. 150 gr,"€1,89/un","€12,60/kg"
Nuggets Proteína Vegetal,Garden Gourmet,emb. 200 gr (14 un),"€3,19/un","€15,95/kg"
"Papas de Aveia, Maçã e Mirtilo",Quaker,emb. 57 gr,"€1,49/un","€26,14/kg"
Barra Amendoim sem Glúten,Rude Health,emb. 35 gr,"€1,29/un","€32,25/kg"
Massa de Alho,Continente,emb. 400 gr,"€1,59/un","€3,98/kg"
"Granola Quinoa, Amêndoas e Chocolate Fitness",Fitness,emb. 300 gr,"€2,79/un","€9,30/kg"
Risotto Mediterrâneo Pronto a Comer sem Sal Adicionado,Trevijano,emb. 280 gr,"€3,89/un","€13,89/kg"
Preparado para Bolo de Chocolate,Branca de Neve,emb. 450 gr,"€2,99/un","€6,64/kg"
CAFÉ NICOLA BOCAGE 16CAP,NICOLA,emb. 16 un,"€2,99/un","€0,19/un"
Bolachas Golden Recheio de Creme,Oreo,emb. 154 gr,"€1,49/un","€9,68/kg"
"Papa Infantil Não Láctea Espelta, Morango e Framboesa +8M",Blédina,emb. 200 gr,"€2,77/un","€13,85/kg"
Sardinha em Tomate,Lider,emb. 120 gr (peso escorrido 78 gr),"€0,89/un","€11,41/kg"
Piri-piri Moído em Saqueta,Continente,emb. 50 gr,"€0,59/un","€11,80/kg"
Bombons de Chocolate Lindor Sortido,Lindt,emb. 200 gr,"€4,79/un","€23,95/kg"
Doce Frutos Vermelhos Light,Continente,emb. 340 gr,"€1,39/un","€4,09/kg"
Cápsulas Chá Tisana Tetley Relax,Delta Q,emb. 10 un,"€2,99/un","€0,30/un"
Cápsulas de Café Roast Collection Dark Int 9,Delta Q,emb. 10 un,"€3,29/un","€0,33/un"
Cereais Special K Aveia e Mel,Kellogg's,emb. 420 gr,"€4,99/un","€11,88/kg"
Chocolate Negro 85% Cacau Biológico,Continente Bio,emb. 100 gr,"€1,69/un","€16,90/kg"
CAFÉ DELTA Q FRENCH ROAST 10CAP,DELTA Q,emb. 10 un,"€3,29/un","€0,33/un"
"Snack de Chocolate Negro, Mel e Amêndoa",Toblerone,emb. 100 gr,"€2,49/un","€24,90/kg"
Sortido de Bolachas sem Açúcares Adicionados,Gullón,emb. 329 gr,"€3,59/un","€11,25/kg"
Gelatina em Pó Zero% de Tangerina sem Glúten,Condi,emb. 28 gr,"€1,89/un","€67,50/kg"
Creme para Barrar Sticks,Nocilla,emb. 30 gr,"€0,94/un","€31,33/kg"
Bolachas Digestivas,Gullón,emb. 400 gr,"€1,99/un","€4,98/kg"
Granola Superior sem Adição de Açúcar,Salutem,emb. 400 gr,"€4,99/un","€12,48/kg"
Barras Cruas de Coco e Amêndoa sem Glúten,Continente Equilíbrio,emb. 3 x 35 gr,"€1,99/un","€18,95/kg"
Cápsulas de Café Clássico Compatível Máquina Continente,Continente,emb. 16 un,"€3,39/un","€0,21/un"
Doce Abóbora sem Adição de Açúcar,Casa de Mateus,emb. 280 gr,"€3,29/un","€11,75/kg"
Cápsulas de Café Ristretto Napoli Int 13,Dolce Gusto,emb. 16 un,"€4,79/un","€0,30/un"
Miolo de Amêndoa Moída,Continente,emb. 200 gr,"€3,19/un","€15,95/kg"
"Super Pequeno Almoço Aveia, Maçã, Amêndoa e Canela sem Glúten Biológico",Shine,emb. 300 gr,"€5,59/un","€18,63/kg"
Cereais Integrais Mix,Salutem,emb. 375 gr,"€2,29/un","€6,11/kg"
Molho Salsa Guacamole,Old El Paso,emb. 195 gr,"€2,89/un","€14,82/kg"
Cápsulas de Café Suave Int 8,Continente,emb. 10 un,"€1,79/un","€0,18/un"
Patê de Frango,La Piara,emb. 75 gr (peso escorrido 75 gr),"€1,74/un","€23,20/kg"
Granola Biológica,Seara,emb. 300 gr,"€3,99/un","€13,30/kg"
Noodles Yakitori Galinha Soba Pot,Nissin,emb. 90 gr,"€2,39/un","€26,85/kg"
Adoçante Stevia 50 Saquetas,Sidul,emb. 50 gr,"€2,29/un","€45,80/kg"
Tablete Excellence Mel e Amêndoas,Lindt,emb. 100 gr,"€2,09/un","€20,90/kg"
Papas de Aveia Banana e Maçã Biológicas Saqueta,Seara,emb. 110 gr,"€1,25/un","€12,50/kg"
Linhaça Dourada Moída,Cem Porcento,emb. 200 gr,"€1,49/un","€7,45/kg"
Farinha de Trigo Integral,Seara,emb. 500 gr,"€1,25/un","€2,50/kg"
Manteiga de Amendoim Crunchy,Origens Bio,emb. 340 gr,"€4,59/un","€13,50/kg"
Batata Frita Ondulada Original sem Glúten,Ruffles,emb. 90 gr,"€0,99/un","€11,00/kg"
Tostas Suecas,Bimbo,emb. 225 gr,"€1,59/un","€7,07/kg"
Patê de Atum,Continente,emb. 65 gr (peso escorrido 65 gr),"€0,69/un","€10,62/kg"
Farinha de Aveia,Seara,emb. 500 gr,"€1,75/un","€3,50/kg"
Bombons de Chocolate Negro Sublime,Nestlé,emb. 288 gr,"€10,49/un","€36,42/kg"
Bombons de Chocolate Les Recettes de L'Atelier,Nestlé,emb. 398 gr,"€12,74/un","€32,01/kg"
Óleo Alimentar Especial para Fritar,Continente,emb. 1 lt,"€3,19/un","€3,19/lt"
Amêndoa Caramelizada,Continente,emb. 200 gr,"€3,59/un","€17,95/kg"
Bolachas Marinheiras sem Sal,Cem Porcento,emb. 200 gr,"€2,89/un","€14,45/kg"
Chupa-Chupas Party Mix Sortido,Continente Infantil,emb. 143 gr,"€1,39/un","€9,72/kg"
Snack de Chocolate Negro com Avelã 50% Cacau,Not Guilty,emb. 30 gr,"€0,99/un","€33,00/kg"
Amêndoa com Pele,Continente,emb. 50 gr,"€0,99/un","€19,80/kg"
Ketchup Squeezable,Heinz,emb. 342 gr,"€2,99/un","€8,74/kg"
Bolachas de Aveia e Chocolate de Leite,McVitie's,emb. 205 gr,"€2,99/un","€14,59/kg"
Bolo Mini,Donuts,emb. 120g (5 un),"€1,99/un","€16,58/kg"
Croissants Mini com Recheio de Chocolate,Chipicao,emb. 199 gr,"€2,09/un","€10,50/kg"
Snack de Chocolate de Leite Lion Mini,Lion,emb. 11 x 18 gr,"€2,79/un","€14,09/kg"
Vinagre Balsâmico Spray,Paladin,emb. 250 ml,"€1,89/un","€7,56/lt"
Massa Meada,Milaneza,emb. 500 gr,"€1,79/un","€3,58/kg"
Salsichas Appetitliche Porco Frasco 5 Unidades,Nobre,emb. 592 gr (peso escorrido 250 gr),"€3,49/un","€13,96/kg"
Bolachas Digestivas com Chocolate,Gullón,emb. 300 gr,"€1,99/un","€6,63/kg"
Lentilhas Vermelhas sem Casca,Origens Bio,emb. 500 gr,"€3,49/un","€6,98/kg"
Vinagre de Maçã com Mel,Ponti,emb. 500 ml,"€2,49/un","€9,96/lt"
Sal Fino com Menos 33% Sódio,Vatel,emb. 250 gr,"€1,99/un","€7,96/kg"
Salsa Folhas Biológica,Margão,emb. 7 gr,"€2,49/un","€355,71/kg"
Granola Arandos e Sementes de Abóbora Fitness,Fitness,emb. 300 gr,"€2,79/un","€9,30/kg"
Maionese Leve em Vidro,Continente,emb. 437 gr,"€1,99/un","€4,55/kg"
Snack de Chocolate Kinder Delice Coco,Kinder,emb. 370 gr (10 un),"€4,99/un","€13,49/kg"
Bebida de Chocolate Solúvel,Cola Cao,emb. 300 gr,"€3,14/un","€10,47/kg"
Caramelos Original,Werther's,emb. 135 gr,"€2,19/un","€16,22/kg"
Pasta 100% Cajú,Continente,emb. 180 gr,"€4,99/un","€27,72/kg"
Infusão Raspberry Punk Saquetas,Lipton,emb. 20 un,"€1,94/un","€0,10/un"
Bolachas de Aveia com Frutos Vermelhos,Nairns,emb. 200 gr,"€2,19/un","€10,95/kg"
Topping de Chocolate Milka,Royal,emb. 300 gr,"€3,69/un","€12,30/kg"
Compota Figo Biológica,Pur Natur,emb. 370 gr,"€3,19/un","€8,62/kg"
Granola Frutos Vermelhos sem Açúcar,Cem Porcento,emb. 350 gr,"€5,99/un","€17,11/kg"
Maionese,Continente,emb. 250 ml,"€1,79/un","€7,16/lt"
Doce Extra Gila sem Glúten,Continente,emb. 375 gr,"€1,49/un","€3,97/kg"
Óleo Alimentar,Frigi,emb. 1 lt,"€3,39/un","€3,39/lt"
Boião de 6 Frutas com Cereais +4M,Nutribén,emb. 120 gr,"€1,05/un","€8,75/kg"
Pedaços Vegan Sabor a Frango,The Vegetarian Butcher,emb. 160 gr,"€4,19/un","€26,19/kg"
Caldo de Galinha Cubos,Knorr,emb. 8 un,"€1,39/un","€17,38/kg"
Drops Sabor a Fruta,Continente,emb. 250 gr,"€1,19/un","€4,76/kg"
Bolachas Extraordinárias Grandes Pedaços Chocolate,DanCake,emb. 200 gr,"€2,69/un","€13,45/kg"
Tortitas de Arroz Integral,Bicentury,emb. 130 gr,"€1,99/un","€15,31/kg"
Especiarias para Grelhados em Moinho,Margão,emb. 32 gr,"€4,49/un","€140,31/kg"
Bolachas Cookies Mini Pepitas de Chocolate,Milka,emb. 110 gr,"€1,49/un","€13,55/kg"
Bolas Energéticas de Coco e Amêndoa sem Glúten,Continente Equilíbrio,emb. 2 x 17 gr,"€0,99/un","€29,12/kg"
Massa Esparguete Alentejo,Nacional,emb. 500 gr,"€0,99/un","€1,98/kg"
Adoçante Stevia 40 Sticks,Continente,emb. 40 gr,"€1,29/un","€0,03/kg"
Crocantes de Quinoa,Cem Porcento,emb. 200 gr,"€2,99/un","€14,95/kg"
Bolachas Chai e Gengibre sem Açúcar,Continente Equilíbrio,emb. 160 gr (4 un),"€1,89/un","€11,81/kg"
Açúcar de Coco Biológico,Seara,emb. 250 gr,"€4,67/un","€18,68/kg"
Massa Tagliatelle Integral,Delverde,emb. 250 gr,"€2,39/un","€9,56/kg"
Cereais Cherrios Integrais Multi,Cheerios,emb. 375 gr,"€2,89/un","€7,71/kg"
Rebuçados de Café Mini,Villa,emb. 200 gr,"€1,85/un","€9,25/kg"
Filetes de Atum ao Natural,A Poveira,emb. 120 gr (peso escorrido 85 gr),"€1,94/un","€22,82/kg"
Massa Esparguete Quadri,Milaneza,emb. 500 gr,"€1,99/un","€3,98/kg"
Molho Pitta,Paladin,emb. 250 ml,"€2,38/un","€9,52/lt"
Bombons de Chocolate com Recheio Creme e Avelã,Ferrero Rocher,emb. 300 gr,"€9,49/un","€31,63/kg"
Azeite Virgem Extra Clássico,Gallo,emb. 25 cl,"€2,39/un","€9,56/lt"
Pudim de Caramelo,Continente,emb. 90 gr,"€0,45/un","€5,00/kg"
Snack de Chocolate de Leite com Frutos Secos e Passas Dairy Milk,Cadbury,emb. 49 gr,"€0,99/un","€20,20/kg"
Refeição para Bebé Peru e Cenouras +6M,Blédina,emb. 2 x 200 gr,"€3,88/un","€9,70/kg"
Doce Abóbora com Noz,Continente Seleção,emb. 250 gr,"€2,19/un","€8,76/kg"
Tablete de Chocolate Negro 70% Cacau sem Açúcar,Continente,emb. 100 gr,"€1,15/un","€11,50/kg"
Flor de Sal com Vinho do Porto,AoSal,emb. 200 gr,"€3,39/un","€16,95/kg"
Bombons de Chocolate Caja Roja,Nestlé,emb. 400 gr,"€10,49/un","€26,23/kg"
Leite Condensado Cozido,Nestlé,emb. 397 gr,"€2,09/un","€5,26/kg"
Café Moído Torrado Moagem Universal Intenso,Buondi,emb. 220 gr,"€2,54/un","€11,55/kg"
Massa Tagliatelle Nido Espinafre,Delverde,emb. 250 gr,"€1,69/un","€6,76/kg"
Segredos Provençais,Margão,emb. 39 gr,"€2,89/un","€74,10/kg"
Cereais Froot Loops,Kellogg's,emb. 375 gr,"€2,49/un","€6,64/kg"
Nestum Bolacha Maria +3A,Nestum,emb. 250 gr,"€1,84/un","€7,36/kg"
Farinha para Pão Rústico,Continente,emb. 1 kg,"€1,69/un","€1,69/kg"
Sombrinhas de Chocolate de Leite,Regina,emb. 15 gr,"€0,69/un","€46,00/kg"
CAFÉ DELTA Q ROAST COL SMOOTH 10UNID,DELTA Q,emb. 10 un,"€3,29/un","€0,33/un"
Wrap Cereais com Sementes,Koala,emb. 320 gr (8 un),"€1,94/un","€6,06/kg"
Açafrão da Índia em Saqueta,Continente,emb. 45 gr,"€0,59/un","€13,11/kg"
Papa Infantil Farinha Láctea Cereais e Fruta +6M,Continente do Bebé,emb. 2 x 250 ml,"€1,99/un","€3,98/lt"
Manteiga Amendoim Suave,Origens Bio,emb. 340 gr,"€4,59/un","€13,50/kg"
Massa Macarrão Grande Estriado,Milaneza,emb. 500 gr,"€1,59/un","€3,18/kg"
Molho de Francesinha Picante,Continente,emb. 500 gr,"€1,99/un","€3,98/kg"
Sopa Rabo de Boi,Knorr,emb. 71 gr,"€1,39/un","€19,58/kg"
Tablete de Chocolate Branco com Oreo,Milka,emb. 100 gr,"€1,26/un","€12,60/kg"
Chá Preto Saquetas,Tetley,emb. 10 un,"€0,69/un","€0,07/un"
Cápsulas de Café Galão,Continente,emb. 16 un,"€2,99/un","€0,19/un"
Pastilhas Elásticas Sortidas,Gorila,emb. 60 gr,"€0,87/un","€14,50/kg"
Rebuçados Diamantes,Continente,emb. 500 gr,"€2,69/un","€5,38/kg"
Molho Burger Top Down,Calvé,emb. 260 gr,"€2,69/un","€10,35/kg"
Café em Grão Qualitá Oro,Lavazza,emb. 500 gr,"€6,89/un",
Farinha de Trigo Integral,Espiga,emb. 500 gr,"€1,27/un","€2,54/kg"
Couscous Integral,Tipiak,emb. 500 gr,"€1,85/un","€3,70/kg"
Molho Sweet Chili,Blue Dragon,emb. 190 ml,"€2,89/un","€15,21/lt"
Azeite Virgem Extra Planícies do Sul,Gallo,emb. 75 cl,"€4,89/un","€6,52/lt"
Barra de Sésamo e Mel sem Glúten,Salutem,emb. 40 gr,"€0,69/un","€17,25/kg"
Infusão Sono Tranquilo Saquetas,Continente,emb. 10 un,"€0,59/un","€0,06/un"
Cápsulas de Café India,L'Or,emb. 10 un,"€3,29/un","€0,33/un"
Molho Chutney de Manga e Gengibre em Vidro,Khanum,emb. 350 gr,"€3,74/un","€10,69/kg"
Chá Time to Relax Pyramid,Lipton,emb. 20 un,"€1,94/un","€0,10/un"
Tablete de Chocolate de Leite com Amêndoa Extrafino sem Glúten,Nestlé,emb. 123 gr,"€1,89/un","€15,37/gr"
Caldo de Carne Natura,Knorr,emb. 4 un,"€1,49/un","€13,30/kg"
Bolo Choco Tutti,Milka,emb. 150 gr (5 un),"€2,49/un","€16,60/kg"
Bolachas Recheadas Choco Flakes Duo,Cuétara,emb. 420 gr,"€3,99/un","€9,50/kg"
Muesli Frutos Silvestres,Salutem,emb. 375 gr,"€5,49/un","€14,64/kg"
Gelatina em Pó Light de Ananás,Condi,emb. 2 x 15 gr,"€1,89/un","€63,00/kg"
Taça de Marmelada,Quinta Côro,emb. 350 gr,"€4,29/un","€12,26/kg"
Farinha para Pão de Sementes,Continente,emb. 1 kg,"€1,99/un","€1,99/kg"
Biscoitos Boudoirs,Du Bois,emb. 200 gr,"€2,09/un","€10,45/kg"
Snack de Chocolate Branco Kinder Bueno,Kinder,"emb. 4 x 12,5 gr","€3,29/un","€21,09/kg"
Mix Frutos Secos Atividade,Continente,emb. 50 gr,"€0,99/un","€19,80/kg"
Mini Tortilhas de Trigo,Old El Paso,emb. 220 gr (8 un),"€2,19/un","€9,95/kg"
Molho Mad Chips Top Down,Calvé,emb. 256 gr,"€2,69/un","€10,51/kg"
Cápsulas de Café House Blend Americano Int 8,Starbucks,emb. 12 un,"€4,54/un","€0,38/un"
Saqueta de Fruta Maçã e Morango +3A,GoGo squeeZ,emb. 90 gr,"€0,79/un","€8,78/kg"
Doce Pêssego sem Adição de Açúcar,Continente Equilíbrio,emb. 280 gr,"€2,85/un","€10,18/kg"
Doce Frutos Vermelhos sem Açúcar,Prisca,emb. 230 gr,"€3,79/un","€15,16/kg"
Bolachas Wafers de Limão Cubos,Vieira,emb. 125 gr,"€1,14/un","€9,12/kg"
Patê de Sardinha Picante,Manná,emb. 65 gr (peso escorrido 65 gr),"€1,79/un","€27,54/kg"
Quinoa Real em Grão,Cem Porcento,emb. 400 gr,"€3,49/un","€8,73/kg"
"Bebida de Cereais Cevada, Chicória e Centeio",Brasa,emb. 200 gr,"€2,79/un","€13,95/kg"
Tortitas de Arroz sem Sal Biológicas,Salutem,emb. 130 gr,"€1,89/un","€14,54/kg"
Farinha de Amêndoa com Pele,Seara,emb. 200 gr,"€6,89/un","€34,45/kg"
Papa Infantil Farinha Não Láctea de Cereais +6M,Continente,emb. 750 gr,"€3,49/un","€4,65/kg"
Granola Crunchy Chocolate Biológica,Continente Bio,emb. 375 gr,"€3,19/un","€8,51/kg"
Maionese Top Down,Paladin,emb. 225 ml,"€1,85/un","€8,22/lt"
Bolachas de Cappuccino,Anna's,emb. 150 gr,"€2,24/un","€14,93/kg"
Granola de Aveia Integral e Mel,Nacional,emb. 300 gr,"€2,74/un","€9,13/kg"
"Refeição para Bebé Legumes, Frango e Arroz +6M",Hero Baby,emb. 190 gr,"€1,59/un","€8,37/kg"
Bolachas Recheadas com Caramelo,Daelmans,emb. 230 gr,"€2,39/un","€10,39/kg"
Farinha para Molhos Express,Maizena,emb. 250 gr,"€2,78/un","€11,12/kg"
Bolachas com Recheio de Chocolate,Continente,emb. 500 gr,"€1,69/un","€3,38/kg"
Café Solúvel Clássico Saquetas,Continente,emb. 10 x 2 gr,"€0,79/un","€39,50/kg"
Aroma de Baunilha Líquido,Condi,emb. 25 ml,"€1,54/un","€61,60/lt"
Tablete de Chocolate de Leite com Bolacha,Milka,emb. 300 gr,"€2,99/un","€9,97/kg"
Pipocas Salgadas Micro-ondas,Bop,emb. 90 gr,"€0,99/un","€11,00/kg"
Especiarias para Aves em Frasco,Margão,emb. 140 gr,"€2,89/un","€57,80/kg"
Cominhos Moídos Biológicos,Margão,emb. 22 gr,"€2,99/un","€135,91/kg"
Drageias de Chocolate,M&M's,emb. 200 gr,"€3,69/un","€18,45/kg"
Pipas com Sal,Grefusa,emb. 100 gr,"€1,29/un","€12,90/kg"
Snack de Chocolate com Manteiga de Amendoim Minis,Reeses,emb. 90 gr,"€2,19/un","€24,33/kg"
Estrela de Anis para Gin,Mix,emb. 20 gr,"€4,39/un","€219,50/kg"
Massa Lasanha,Milaneza,emb. 250 gr,"€3,79/un","€15,16/kg"
Cápsulas de Café Brasil Int 8,Segafredo,emb. 10 un,"€3,34/un","€0,33/un"
Pimenta Branca em Grão em Saqueta,Continente,emb. 50 gr,"€0,99/un","€19,80/kg"
Patê de Frango,Continente,emb. 125 gr (peso escorrido 125 gr),"€1,19/un","€9,52/kg"
Doce Abóbora com Noz,Prisca,emb. 250 gr,"€3,49/un","€13,96/kg"
Molho Piri-piri,Continente,emb. 200 ml,"€0,38/un","€1,90/lt"
Chá Hortelã e Pimenta Planta,Happyflora,emb. 50 gr,"€1,39/un","€27,80/kg"
Cereais Chocolate,Weetabix,emb. 500 gr,"€5,19/un","€10,38/kg"
Pickles,Maçarico,emb. 350 gr (peso escorrido 210 gr),"€2,84/un","€13,52/kg"
Waffle com Açúcar,Continente,emb. 115 gr,"€0,89/un","€7,74/kg"
Barra de Cereais de Sésamo e Quinoa sem Glúten,Centazzi / Salutem,emb. 40 gr,"€0,89/un","€22,25/kg"
Taco Shells,Old El Paso,emb. 156 ml (12 un),"€3,49/un","€22,37/kg"
Manteiga de Amendoim Biológica,Continente Bio,emb. 225 gr,"€2,69/un","€11,96/kg"
Açafrão das Índias em Frasco,Margão,emb. 37 gr,"€2,39/un","€64,59/kg"
Chá Verde Folhas,Happyflora,emb. 100 gr,"€2,19/un","€21,90/kg"
Tomate Seco em Óleo de Girassol,Guloso,emb. 185 gr (peso escorrido 115 gr),"€3,30/un","€17,84/kg"
Bombons de Chocolate Prestige,Ferrero Rocher,emb. 319 gr,"€12,49/un","€39,15/kg"
Edamame Cozido,Bonduelle,emb. 160 gr (peso escorrido 130 gr),"€2,49/un","€19,15/kg"
Nestum Super Imunidade +3A,Nestum,emb. 210 gr,"€3,39/un","€16,14/kg"
Especiarias do México em Frasco,Margão,emb. 40 gr,"€2,89/un","€72,25/kg"
Bolachas com Recheio de Chocolate,Continente,emb. 154 gr,"€0,99/un","€6,43/kg"
Adoçante com Doseador 100 Pastilhas,Continente,"emb. 5,5 gr","€1,09/un","€19,82/kg"
Bolachas Maria Douradas,Gullón,emb. 400 gr,"€2,04/un","€5,10/kg"
Bombons de Chocolate com Menta,After Eight,emb. 200 gr,"€2,99/un","€14,95/kg"
Molho de Soja Premium,Lee Kum Kee,emb. 150 ml,"€3,29/un","€21,93/lt"
Infusão Nº17 Hipericão Saquetas,Raízes da Natureza,emb. 10 un,"€0,74/un","€0,07/un"
Preparado para Baba de Camelo,Koala,emb. 100 gr,"€1,75/un","€17,50/kg"
Muesli de Coco,Rude Health,emb. 400 gr,"€4,99/un","€12,48/kg"
Polpa de Manga,Koala,emb. 450 gr,"€2,25/un","€5,00/kg"
Molho de Coentros e Alho,Paladin,emb. 250 ml,"€2,38/un","€9,52/lt"
Vinagre de Romã Gourmet,Cristal,emb. 250 ml,"€2,00/un","€8,00/lt"
Preparado para Bolo de Coco com Calda,Condi,emb. 450 gr,"€2,99/un","€6,64/kg"
Caldo de Galinha Cubos,Knorr,emb. 16 un,"€1,19/un","€7,44/kg"
Cápsulas de Café Spanish Roast,Delta Q,emb. 10 un,"€3,29/un","€0,33/un"
"Snack de Chocolate de Leite, Amendoim e Milho Kit Kat Pops",Kit Kat,emb. 110 gr,"€2,89/un","€26,27/kg"
Tablete de Chocolate de Leite Dairy Milk,Cadbury,emb. 110 gr,"€2,59/un","€23,55/kg"
Cacau em Pó,Pantagruel,emb. 125 gr,"€1,64/un","€13,12/kg"
Ovo de Chocolate de Leite com Surpresa Kinder Joy,Kinder,emb. 3 x 20 gr,"€3,89/un","€64,83/kg"
Noodles com Ovo,Blue Dragon,emb. 300 gr,"€2,99/un","€9,97/kg"
Café Solúvel Creme,Continente,emb. 80 gr,"€1,99/un","€24,88/kg"
Gengibre Moído Biológico,Margão,emb. 32 gr,"€4,29/un","€134,06/kg"
Massa Margaridas com Vegetais,Milaneza,emb. 500 gr,"€1,99/un","€3,98/kg"
Cacau Magro em Pó,Jerónimos,emb. 125 gr,"€1,65/un","€13,20/kg"
Molho Piri-piri,Maçarico,emb. 200 ml,"€1,99/un","€9,95/lt"
"Alimento Lácteo de Leite de Coco, Maçã e Ananás Naturnes Bio +6M",Nestlé,emb. 4 x 90 gr,"€3,75/un","€10,42/kg"
Caramelos Cappuccino sem Açúcar,Werther's,emb. 90 gr,"€2,19/un","€24,33/kg"
Batatas Fritas Vegetais Biológico,Go Pure,emb. 90 gr,"€3,69/un","€41,00/kg"
Caril Madras em Frasco,Margão,emb. 45 gr,"€2,69/un","€59,78/kg"
Papa Infantil Farinha Láctea 1ª Papa +4M,Nutribén,emb. 250 gr,"€3,19/un","€12,76/kg"
Molho Mexicano,Madre Mia,emb. 315 gr,"€1,59/un","€5,05/kg"
Chá Preto English Breakfast Saquetas,Lipton,emb. 20 un,"€1,29/un","€0,06/un"
Molho Chow Mein,Blue Dragon,emb. 120 gr,"€1,79/un","€14,92/kg"
Tortilhas Milho e Trigo,Old El Paso,emb. 335 gr (8 un),"€3,49/un","€10,42/kg"
Bolachas Mini Choco Chips Biológicas,Gullón,emb. 75 gr,"€1,29/un","€17,20/kg"
Nestum Aveia e Maçã com Cereais Integrais +3A,Nestum,emb. 250 gr,"€1,84/un","€7,36/gr"
Geleia de Agave Biológico,Origens Bio,emb. 360 ml,"€5,99/un","€16,64/lt"
Canja de Galinha,Continente,emb. 68 gr,"€0,69/un","€10,15/kg"
Massa Soba Noodles,Miyata,emb. 300 gr,"€1,99/un","€6,63/kg"
Snacks Milho Tex-Mex Sabor Queijo,Doritos,emb. 120 gr,"€1,65/un","€13,75/kg"
Cacau Magro em Pó,Continente Equilíbrio,emb. 125 gr,"€0,80/un","€6,40/kg"
Bolachas Wafers Quadratini com Recheio de Chocolate,Loacker,emb. 250 gr,"€3,29/un","€13,16/kg"
Drageias Rainbow,Mentos,emb. 120 gr,"€1,99/un","€16,58/kg"
Biscoitos Triplo Chocolate,Continente Seleção,emb. 100 gr,"€1,75/un","€17,50/kg"
Gomas Sortidas de Frutas,Vidal,emb. 400 gr,"€3,99/un","€9,98/kg"
Bolachas Vegan Biológicas,Crich,emb. 220 gr (10 un),"€2,84/un","€12,91/kg"
Molho Teryaki,Miyata,emb. 150 ml,"€1,89/un","€12,60/lt"
Bombons de Chocolate Branco Schoko-Bons,Kinder,emb. 200 gr,"€3,99/un","€19,95/kg"
Flocos Aveia Integral Finos sem Glúten Biológicos,Continente Bio,emb. 400 gr,"€1,99/un","€4,98/kg"
Sardinha em Óleo Picante,Alva,emb. 120 gr (peso escorrido 85 gr),"€0,79/un","€9,29/kg"
Preparado para Pudim de Laranja Caseiro,Royal,emb. 200 gr,"€1,99/un","€9,95/kg"
Rebuçados de Canela sem Açúcar,Halls,emb. 32 gr,"€0,89/un","€27,81/kg"
Cápsulas de Café Single-Origin Colombia Int 7,Starbucks,emb. 10 un,"€3,79/un","€0,38/un"
Snack de Chocolate White Kinder Bueno,Kinder,emb. 390 gr,"€8,29/un","€19,28/kg"
Granola All Bran Amêndoa e Sementes de Abóbora,Kellogg's,emb. 380 gr,"€5,19/un","€13,66/kg"
Papa Infantil Láctea Bolacha +6M,Blédina,emb. 200 gr,"€3,08/un","€15,40/kg"
Especiarias Orientais em Frasco,Margão,emb. 32 gr,"€2,89/un","€90,31/kg"
Farinha de Milho,Espiga,emb. 500 gr,"€1,29/un","€2,58/kg"
Tablete de Chocolate Culinária Proteico sem Glúten,Pantagruel,emb. 200 gr,"€3,99/un","€19,95/kg"
Molho Salada Caesar Top Down,Heinz,emb. 400 ml,"€4,89/un","€12,23/lt"
Gelatina em Pó de Maracujá,Condi,emb. 2 x 85 gr,"€1,79/un","€10,53/kg"
Arroz Puff Expandido Biológico,Seara,emb. 150 gr,"€2,14/un","€14,27/kg"
Bolachas Integrais de Cacau,Diese,emb. 200 gr,"€2,39/un","€11,95/kg"
Canela em Pau em Frasco,Continente,emb. 17 gr,"€0,84/un","€49,41/kg"
Muesli Crunchy Frutos Vermelhos com Stevia,Continente Equilíbrio,emb. 300 gr,"€2,39/un","€7,97/kg"
Bloc de Foie Gras de Pato Mi-cuit,Capdevila,emb. 100 gr,"€9,99/un","€99,90/kg"
Manteiga de Amendoim Cremosa,Cem Porcento,emb. 200 gr,"€2,29/un","€11,45/kg"
Molho Cocktail Picante Top Down,Paladin,emb. 275 ml,"€2,45/un","€8,91/lt"
"Papa Infantil Láctea Aveia, Maçã e Cenoura Seleção da Natureza +6M",Cerelac,emb. 240 gr,"€2,59/un","€10,79/kg"
Tempero de Lima,Polenghi,emb. 125 ml,"€0,89/un","€7,12/lt"
Azeite Virgem Extra Colheita Madura,Gallo,emb. 50 cl,"€6,99/un","€13,98/lt"
"Boião de Fruta Maçã, Banana e Iogurte +6M",Hero Baby,emb. 120 gr,"€1,03/un","€8,58/kg"
Bulgur Wok,Milaneza,emb. 500 gr,"€2,29/un","€4,58/kg"
Creme Vinagre Balsâmico com Gengibre,Ponti,emb. 250 ml,"€3,29/un","€13,16/lt"
Gelatina Frutos Vermelhos +Proteína,Continente,emb. 400 gr (4 un),"€1,19/un","€2,98/kg"
Gelatina Pronta + Proteína Frutos Vermelhos,Condi,emb. 400 gr (4 un),"€3,19/un","€7,98/kg"
Mousse de Chocolate,Alsa,emb. 2 x 150 gr,"€3,99/un","€13,30/kg"
Tablete de Chocolate Floc Choc sem Glúten,Regina,emb. 100 gr,"€1,39/un","€13,90/kg"
Infusão sem Gordura Saquetas,Cem Porcento,emb. 10 un,"€0,74/un","€0,07/un"
Bombons de Chocolate Collection,Ferrero Rocher,emb. 175 gr,"€5,89/un","€34,24/kg"
Bombons de Chocolate,Merci,emb. 250 gr,"€4,69/un","€18,76/kg"
Cápsulas de Café Int 9,Continente Bio,emb. 10 un,"€2,09/un","€0,21/un"
Arroz de Frango e Cogumelos Pot Pronto a Comer,Knorr,emb. 75 gr,"€1,99/un","€26,53/kg"
Óleo de Sésamo,Emile Noël,emb. 500 ml,"€11,69/un","€23,38/lt"
Barra Frutos Vermelhos sem Glúten,Rude Health,emb. 35 gr,"€1,29/un","€36,86/kg"
Maçã Vermelha e Verde Desidratada,Continente,emb. 20 gr,"€0,89/un","€44,50/kg"
Cápsulas de Café Espresso Blonde Int 6,Starbucks,emb. 12 un,"€4,54/un","€0,38/un"
Bolachas Wafers de Caramelo Cubos,Vieira,emb. 125 gr,"€1,14/un","€9,12/kg"
Soja Fina,Cem Porcento,emb. 400 gr,"€2,29/un","€5,73/kg"
Chá Preto English Nº1 Saquetas,Ahmad,emb. 20 un,"€3,99/un","€0,20/un"
Bolachas Maria Integrais sem Lactose,Cem Porcento,emb. 140 gr,"€2,49/un","€17,79/kg"
Gomas Colas Brilho sem Glúten,Continente Infantil,emb. 300 gr,"€1,49/un","€4,97/kg"
Cápsulas de Café Int 9,L'Or,emb. 10 un,"€3,39/un","€0,34/un"
Cereais Bolas com Chocolate,Continente,emb. 375 gr,"€1,99/un","€5,31/kg"
Massa Linguini,Delverde,emb. 500 gr,"€1,89/un","€3,78/kg"
Bolas Energéticas Baunilha,Supr Natural,emb. 30 gr,"€1,49/un","€42,57/kg"
Broinhas Doces,Continente,emb. 300 gr,"€2,09/un","€6,97/kg"
Cápsulas de Café Comendador Int 10,Delta Q,emb. 10 un,"€3,29/un","€0,33/un"
Noodles de Vitela,Nissin,emb. 64 gr,"€1,79/un","€27,97/kg"
Ameixa Seca,Os Originais,emb. 250 gr,"€2,99/un","€11,96/kg"
Muesli Multicereais Crocante,Salutem,emb. 500 gr,"€3,29/un","€6,58/kg"
Tablete de Chocolate Negro,Crunch,emb. 100 gr,"€1,39/un","€13,90/kg"
Molho Salsa Mexicana,Old El Paso,emb. 190 gr,"€2,89/un","€15,21/kg"
Massa Udon Noodles,Miyata,emb. 300 gr,"€1,79/un","€5,97/kg"
"Papas de Aveia, Manga e Maçã Biológicas Saqueta",Seara,emb. 110 gr,"€1,25/un","€12,50/kg"
Óleo de Sésamo,Origens Bio,emb. 250 ml,"€6,49/un","€25,96/lt"
Wrap Integral,Koala,emb. 320 gr (8 un),"€1,86/un","€5,81/kg"
Barras de Cereais Frutos Vermelhos Linha,Nacional,emb. 6 x 23 gr,"€1,64/un","€11,88/kg"
Gelatina em Pó de Laranja,Continente,emb. 2 x 85 gr,"€0,99/un","€5,82/kg"
Bebida de Chocolate Solúvel Signature 42% Cacau,Starbucks,emb. 330 gr,"€3,99/un","€12,09/kg"
Molho Vinagrete,Paladin,emb. 250 ml,"€2,07/un","€8,28/lt"
Molho de Francesinha,Continente,emb. 500 gr,"€1,99/un","€3,98/kg"
Arroz Thai Jasmim,Cigala,emb. 1 kg,"€2,39/un","€2,39/kg"
Bolachas Beneditas com Amêndoa e Limão Biológicas,Origens Bio,emb. 200 gr,"€4,89/un","€24,45/kg"
Caramelos de Leite,Continente,emb. 250 gr,"€1,29/un","€5,16/kg"
Cebola Frita Crocante,Kühne,emb. 100 gr,"€1,79/un","€17,90/kg"
Sal Rosa dos Himalaias com Moinho,Margão,emb. 90 gr,"€4,49/un","€49,89/kg"
Snack de Chocolate Crunchie,Cadbury,emb. 40 gr,"€0,99/un","€24,75/kg"
Farinha Mix Pão,Schär,emb. 1 kg,"€5,20/un","€5,20/kg"
Gelatina Pronta Tangerina Zero % sem Glúten,Condi,emb. 400 gr (4 un),"€2,09/un","€5,23/kg"
Molho Agridoce em Saqueta,Blue Dragon,emb. 120 gr,"€1,79/un","€14,92/kg"
Nestlé Dark Tablete de Chocolate Negro com Amêndoa,Nestlé,emb. 150 gr,"€2,24/un","€14,93/kg"
Bolachas Crackers com Sal,Gran Pavesi,emb. 250 gr (8 un),"€2,89/un","€11,56/kg"
Hambúrguer Barbecue Vegetal,Sojasun,emb. 200 gr (2 un),"€4,19/un","€20,95/kg"
Hambúrguer Indiano Vegetal,Sojasun,emb. 200 gr (2 un),"€4,19/un","€20,95/kg"
"Tortitas Vitalday de Arroz, Chocolate e Framboesa sem Glúten",Gullón,"emb. 122,4 gr (4 un)","€2,69/un","€25,87/kg"
Bolo Mármore,Continente,emb. 400 gr,"€1,99/un","€4,98/kg"
Cebolinho Biológico,Margão,emb. 4 gr,"€2,69/un","€672,50/kg"
Bombons de Chocolate Negro Sublime,Nestlé,emb. 143 gr,"€5,61/un","€39,23/kg"
Café Moído Torrado Aroma Intenso,Bellissimo,emb. 200 gr,"€1,89/un","€9,45/kg"
Curcuma,Margão,emb. 42 gr,"€3,59/un","€85,48/kg"
Infusão Açaí Saquetas,Cem Porcento,emb. 10 un,"€0,74/un","€0,07/un"
Bolacha Nutchoc Chocolate e Avelã,Continente,emb. 175 gr,"€1,35/un","€7,71/kg"
Infusão Nº6 sem Barriga Saquetas,Cem Porcento,emb. 10 un,"€0,74/un","€0,07/un"
Café Moído Platinum Universal,Delta,emb. 250 gr,"€6,59/un","€26,36/kg"
Chocolate em Pó,Continente,emb. 125 gr,"€0,85/un","€6,80/kg"
Cereais Chocapic Chocolate Duo,Chocapic,emb. 400 gr,"€2,89/un","€7,23/kg"
Farinha para Pão de Sementes,Branca de Neve,emb. 500 gr,"€2,33/un","€4,66/kg"
Papa Infantil Láctea Aveia e Centeio Seleção da Natureza +6M,Cerelac,emb. 240 gr,"€2,59/un","€10,79/kg"
Molho Teriyaki,Blue Dragon,emb. 120 gr,"€1,79/un","€14,92/kg"
Óleo de Abacate Virgem Extra,Olivado,emb. 250 ml,"€9,99/un",
Cookies Mini de Cacau com Recheio de Creme,Continente,emb. 100 gr,"€0,87/un","€8,70/kg"
Preparado para Pudim Caseiro de Ovos,Alsa,emb. 220 gr,"€2,89/un","€13,14/kg"
Papa Infantil Láctea Frutos Variados +6M,Blédina,emb. 200 gr,"€3,08/un","€15,40/kg"
Café Solúvel Intenso,Delta,emb. 100 gr,"€2,19/un","€21,90/kg"
Papa Infantil Farinha Láctea com Cereais +6M,Continente,emb. 500 gr,"€3,19/un","€6,38/kg"
Uva Passa Moscatel,Continente,emb. 250 gr,"€1,99/un","€7,96/kg"
Bolo FarciKao de Chocolate,Midi,emb. 280 gr (10 un),"€2,49/un","€8,89/kg"
Tablete Chocolate com Avelãs,Regina,emb. 200 gr,"€2,99/un","€14,95/kg"
Caramelo Líquido,Continente,emb. 400 gr,"€1,29/un","€3,23/kg"
Macedónia de Legumes,Bonduelle,emb. 3 x 200 gr (peso escorrido 3 x 130 gr),"€2,43/un","€6,23/kg"
Falafel de Proteína Vegetal,Garden Gourmet,emb. 190 gr (9 un),"€3,99/un","€21,00/kg"
Drageias Fruits,Skittles,emb. 174 gr,"€2,89/un","€16,61/kg"
Chá Verde Saquetas,Cem Porcento,emb. 10 un,"€0,79/un","€0,08/un"
Preparado para Leite de Creme sem Glúten,El Mandarin,emb. 4 x 23 gr,"€1,49/un","€16,20/kg"
Muesli Morango e Maçã +12M,Continente do Bebé,emb. 150 gr,"€2,79/un","€18,60/kg"
Drageias de Chocolate de Leite,Continente,emb. 200 gr,"€1,49/un","€7,45/kg"
Pudim de Ananás,Boca Doce,emb. 22 gr,"€0,59/un","€26,82/kg"
Tablete de Chocolate 70% Cacau sem Glúten,Lacasa,emb. 100 gr,"€1,64/un","€16,40/kg"
Manteiga de Amendoim Cremosa,Calvé,emb. 350 gr,"€3,49/un","€9,97/kg"
Molho Chutney de Manga Doce em Vidro,Khanum,emb. 350 gr,"€3,74/un","€10,69/kg"
Farinha de Arroz,Espiga,emb. 500 gr,"€1,32/un","€2,64/kg"
Piri-Piri com Azeite Extra Forte,Gallo,emb. 50 ml,"€2,99/un","€59,80/lt"
Filete de Cavala em Óleo,Pitéu,emb. 120 gr (peso escorrido 78 gr),"€2,29/un","€29,36/kg"
Massa Fettuccine Integral,Delverde,emb. 250 gr,"€2,39/un","€9,56/kg"
Massa Cotovelos Grandes Riscados,Milaneza,emb. 500 gr,"€1,59/un","€3,18/kg"
Couscous Marroquino sem Sal Adicionado,Trevijano,emb. 300 gr,"€3,89/un","€12,97/kg"
Noodles Teriyaki Soba Pot,Nissin,emb. 90 gr,"€2,39/un","€26,56/kg"
Doce Gila,Casa de Mateus,emb. 345 gr,"€3,29/un","€9,54/kg"
Bolachas Finas Aveia com Cobertura de Chocolate Leite,Gullón,emb. 150 gr,"€2,09/un","€13,93/kg"
Creme Vinagre Balsâmico de Modena,Monari,emb. 250 ml,"€4,99/un","€16,63/lt"
"Boião de Fruta de Maçã, Laranja e Bolacha +4M",Nutribén,emb. 120 gr,"€1,05/un","€8,75/kg"
Infusão sem Barriga Saquetas,Cem Porcento,emb. 10 un,"€0,74/un","€0,07/un"
Cogumelos Laminados Biológicos,Origens Bio,emb. 200 gr,"€2,49/un","€12,45/kg"
Óleo Alimentar Especial Fritura,Fula,emb. 1 lt,"€2,64/un","€2,64/lt"
Cápsulas de Café Latte Coco Int 5,Dolce Gusto,emb. 12 un,"€4,44/un","€0,37/un"
Molho Agridoce,Lee Kum Kee,emb. 240 gr,"€4,39/un","€18,29/kg"
Beijinhos de Chocolate Recheados com Baunilha,Continente,emb. 100 gr,"€1,14/un","€11,40/kg"
Arroz Integral Longo,Continente Bio,emb. 500 gr,"€1,19/un","€2,38/kg"
Cápsulas de Café Breakfast Blend,Starbucks,emb. 10 un,"€3,79/un","€0,38/un"
Levedura Fresca em Cubinhos,Primo,emb. 50 gr,"€0,59/un","€11,80/kg"
Bombons de Chocolate Schoko-Bons,Kinder,emb. 200 gr,"€3,99/un","€19,95/kg"
Puré de Fruta Maça e Banana +4M,Nestlé,emb. 4 x 100 gr,"€3,29/un","€8,23/kg"
Snack de Chocolate de Leite Maxi,Kinder,emb. 6 x 21 gr,"€2,29/un","€18,17/kg"
Gelatina Pronta Frutos Vermelhos Proteína,Reina,emb. 400 gr (4 un),"€1,59/un","€3,98/kg"
Chispalhada,Continente,emb. 420 gr (peso escorrido 420 gr),"€1,89/un","€4,50/kg"
Tortitas de Milho Biológicas,Salutem,emb. 120 gr,"€1,69/un","€13,00/kg"
Arroz Risotto Preto,Riso Gallo,emb. 500 gr,"€3,10/un","€6,20/kg"
Dobrada,Continente,emb. 420 gr (peso escorrido 420 gr),"€1,89/un","€4,50/kg"
Leite Condensado para Topping,Nestlé,emb. 450 gr,"€2,99/un","€6,64/kg"
Molho Picante Jalapeno,Gallo,emb. 50 ml,"€2,99/un","€59,80/lt"
Condimento Azeite Virgem Extra Aroma Trufa,Gallo,emb. 25 cl,"€2,39/un","€9,56/lt"
Farinha de Trigo para Kibe,Yoki,emb. 500 gr,"€2,66/un","€5,32/kg"
Ervas de Provence Biológicas,Margão,emb. 16 gr,"€2,29/un","€143,13/kg"
Dips Crazy de Morango,Chupa Chups,emb. 16 gr,"€0,50/un","€31,25/kg"
Creme Soja e Cacau com Avelã sem açúcar,Valsoia,emb. 200 gr,"€3,99/un","€19,95/kg"
"Chá Verde, Suave Amora e Framboesa Saquetas",Tetley,emb. 10 un,"€0,84/un","€0,08/un"
Gengibre em Pasta,Ktc,emb. 210 gr,"€2,80/un","€13,33/kg"
Snack de Chocolate com Coco,Bounty,emb. 5 x 57 gr,"€3,89/un","€13,65/kg"
Bebida Solúvel Chicória e Café,Delta,emb. 250 gr,"€4,34/un","€17,36/kg"
Gelatina em Pó Vegetal de Coco,Condi,emb. 180 gr,"€2,19/un",
Pimenta para Bifes com Moínho em Frasco,Margão,emb. 35 gr,"€4,49/un","€128,29/kg"
Sal Rosa dos Himalaias Grosso,Origens Bio,emb. 500 gr,"€1,25/un","€2,50/kg"
Caldo de Chili com Carne em Saqueta,Knorr,emb. 4 un,"€1,54/un","€46,67/kg"
Infusão Mirtilo Saquetas,Cem Porcento,emb. 10 un,"€0,74/un","€0,07/un"
Trigo Puff Expandido Biológico,Seara,emb. 150 gr,"€1,99/un","€13,27/kg"
Tablete de Chocolate Negro com Canela sem Açúcar e sem Glúten,Cem Porcento,emb. 125 gr,"€2,54/un","€20,32/kg"
Atum com Molho de Alho,Ficolumé,emb. 110 gr,"€4,99/un","€45,36/kg"
Cereais Trigo Fibra Integral,Weetabix,emb. 430 gr,"€3,54/un","€8,23/kg"
Tablete de Chocolate Branco Culinária sem Glúten,Pantagruel,emb. 200 gr,"€1,94/un","€9,70/kg"
Papa Infantil Não Láctea Bolacha Maria +6M,Cerelac,emb. 250 gr,"€1,89/un","€7,56/kg"
Caril em Frasco,Margão,emb. 42 gr,"€2,09/un","€49,76/kg"
Azeite para Fritar,Oliveira da Serra,emb. 75 cl,"€4,07/un","€5,43/lt"
Moinho 4 Bagas Biológico,Margão,emb. 25 gr,"€4,49/un","€179,60/kg"
Ketchup familiar,Calvé,emb. 840 gr,"€4,79/un","€5,70/kg"
Drageias de Chocolate de Leite,Smarties,emb. 114 gr,"€1,34/un","€13,14/kg"
Bolachas Cracker Aveia e Sementes de Girassol,Continente,emb. 150 gr,"€1,89/un","€12,60/kg"
Pudim de Baunilha,Continente,emb. 90 gr,"€0,45/un","€5,00/kg"
Cereais Crunch Chocolate,Crunch,emb. 375 gr,"€3,89/un","€10,37/kg"
Açúcar Branco com Stevia,Sidul,emb. 500 gr,"€2,07/un","€4,14/kg"
Mix Frutos Secos Atividade Pack Poupança,Continente,emb. 4 x 50 gr,"€2,99/un","€14,95/kg"
Flocos Aveia com Mel,Cem Porcento,emb. 400 gr,"€2,89/un","€7,23/kg"
Tortitas de Milho e Chocolate Negro Vitalday sem Glúten,Gullón,emb. 100 gr (4 un),"€2,69/un","€26,90/kg"
Patê de Fiambre,La Piara,emb. 77 gr (peso escorrido 77 gr),"€1,74/un","€22,60/kg"
Arroz Risotto Arbório,Riso Gallo,emb. 500 gr,"€2,69/un","€5,38/kg"
Café Solúvel Grancafé Gold,Delta,emb. 100 gr,"€2,84/un","€28,40/kg"
Chá Erva Doce Sementes,Happyflora,emb. 100 gr,"€2,04/un","€20,40/kg"
"Snack de Chocolate de Leite com Nougat, Mel e Amêndoa",Toblerone,emb. 100 gr,"€2,49/un","€24,90/kg"
Adoçante em Pó,Continente,emb. 90 gr,"€2,29/un","€25,44/kg"
Vinagre de Fruta,Continente,emb. 500 ml,"€0,45/un","€0,90/lt"
Ketchup Pure 100%,Hellmann's,emb. 468 gr,"€3,69/un","€7,88/kg"
Drageias de Chocolate Crispy,M&M's,emb. 170 gr,"€2,76/un","€16,24/kg"
Doce de Morango Intense,Bonne Maman,emb. 335 gr,"€3,49/un","€10,42/kg"
Molho Suculento Frango no Forno à Provençal com Ervas Aromáticas em Saqueta,Maggi,emb. 28 gr,"€0,99/un","€35,36/kg"
Leite Cereais Pijama +6M,Cerelac,emb. 2 x 200 ml,"€2,14/un","€5,35/lt"
Bolachas Cracker Integrais,Du Bois,emb. 500 gr (20 un),"€2,79/un","€5,58/kg"
Puré de Maçã para Sobremesas,Andros,emb. 750 gr,"€3,39/un","€4,52/kg"
Arroz Aromático,Bom Sucesso,emb. 500 gr,"€0,82/un","€1,64/kg"
Doce Futos Vermelhos,Bonne Maman,emb. 335 gr,"€3,49/un","€10,42/kg"
Bolacha Crisp Bread Queijo e Alho,Salutem,emb. 130 gr,"€2,69/un","€20,69/kg"
Molho Pitta Top Down,Continente,emb. 285 ml,"€1,59/un","€5,58/lt"
Cereais Protein Crunch Original,Weetabix,emb. 450 gr,"€4,29/un","€9,53/kg"
Óleo de Coco Virgem,Origens Bio,emb. 200 ml,"€3,75/un","€18,75/lt"
Feijão Branco Cozido,Ferbar,emb. 820 gr (peso escorrido 520 gr),"€2,39/un","€4,60/kg"
Cereais Variety Pack,Kellogg's,emb. 215 gr,"€2,64/un","€12,28/kg"
Barra de Chocolate com Cereais,Kinder,emb. 4 x 24 gr,"€1,99/un","€20,73/kg"
Molho Teriyaki,Blue Dragon,emb. 190 ml,"€2,99/un","€15,74/lt"
Tiras de Milho Chilli Biológico sem Glúten,Amaizin,emb. 75 gr,"€1,85/un","€24,67/kg"
Suspiros Finos,Continente,emb. 70 gr,"€1,55/un","€22,14/kg"
Massa Esparguete Nero Di Sepia,Garofalo,emb. 500 gr,"€4,69/un","€9,38/kg"
Mix Frutos Secos Gourmet,Continente,emb. 50 gr,"€0,99/un","€19,80/kg"
Cápsulas de Café Sical Int 7,Dolce Gusto,emb. 16 un,"€5,99/un","€0,37/un"
Salsichas de Porco sem Glúten,Izidoro,emb. 350 gr (peso escorrido 160 gr),"€1,84/un","€11,50/kg"
Gelatina em Pó Neutra,Royal,emb. 20 gr,"€1,29/un","€64,50/kg"
Infusão Detox Saquetas,Cem Porcento,emb. 10 un,"€0,79/un","€0,08/un"
Arroz Sushi Extra Médio,Caçarola,emb. 1 kg,"€1,67/un","€1,67/kg"
Vinagre para Sushi,Kikkoman,emb. 300 ml,"€4,19/un","€13,97/lt"
Biscoitos Cacau Biológicos,Seara,emb. 220 gr,"€2,24/un","€10,18/kg"
Sal Marinho Especial Saladas,Vatel,emb. 250 gr,"€0,84/un","€3,36/kg"
Flocos Aveia Instântaneos Biológicos,Seara,emb. 400 gr,"€1,09/un","€2,73/kg"
Bolachas Waffer de Cacau sem Açúcar,Cem Porcento,emb. 180 gr,"€2,19/un","€12,17/kg"
Drageias de Chocolate,Maltesers,emb. 37 gr,"€1,05/un","€28,38/kg"
Cápsulas de Cafés Int 7,Delta Q,emb. 10 un,"€3,29/un","€0,33/un"
Bolacha Crisp Bread Beterraba,Salutem,emb. 130 gr,"€2,69/un","€20,69/kg"
Tablete de Chocolate de Leite com Bolacha Tosta Rica Extrafino,Nestlé,emb. 120 gr,"€1,49/un","€12,42/kg"
Tempero em Pó de Galinha,Knorr,emb. 135 gr,"€2,59/un","€19,19/kg"
Tempero para Frango de Ervas Aromáticas,Continente,emb. 34 gr,"€0,77/un","€22,65/kg"
Bolachas Digestivas de Aveia e Chocolate de Leite,McVitie's,emb. 200 gr,"€2,99/un","€14,95/kg"
Flocos Aveia Tostados,Salutem,emb. 375 gr,"€2,49/un","€6,64/kg"
Tempero para Frango de Alho e Cebola,Continente,emb. 36 gr,"€0,77/un","€21,39/kg"
Molho Iogurte,Paladin,emb. 250 ml,"€2,38/un","€9,52/lt"
Tortitas de Milho sem Sal Biológicas,Salutem,emb. 130 gr,"€1,69/un","€13,00/kg"
Azeite Virgem Extra Trilogia,Oliveira da Serra,emb. 3 x 250 ml,"€7,36/un","€9,81/lt"
Bombons de Chocolate Mignonette Chocolate de Leite,Côte D'Or,emb. 240 gr,"€5,99/un","€24,96/kg"
Bola Energética Morango e Amêndoa,Supr Natural,emb. 30 gr,"€1,49/un","€42,57/kg"
Bombons de Chocolate de Leite e Nougat de Avelã,Nestlé,emb. 90 gr,"€4,29/un","€47,67/kg"
Risotto de Cogumelos Pronto a Comer,Continente Seleção,emb. 280 gr,"€2,59/un","€9,25/kg"
Drageias Recarga,Pez,emb. 68 gr,"€1,85/un","€27,21/kg"
Cápsulas de Café Int 9,Continente Bio,emb. 16 un,"€3,99/un","€0,25/un"
Adoçante Green 50 Sticks,Canderel,emb. 80 gr,"€2,59/un","€32,38/kg"
Drageias de Peppermint sem Açúcar,Smint,emb. 8 gr,"€1,39/un","€173,75/kg"
Manteiga de Amendoim 100% Cremosa,Calvé,emb. 350 gr,"€4,39/un","€12,54/kg"
Cravinho Grão em Frasco,Margão,emb. 23 gr,"€2,59/un","€112,61/kg"
Bicarbonato de Sódio Alimentar,Vatel,emb. 400 gr,"€1,89/un","€4,73/kg"
Snack de Chocolate de Leite e Manteiga de Amendoim Kit Kat,Kit Kat,emb. 168 gr (4 un),"€3,39/un","€20,18/kg"
Segredos Bifes,Margão,emb. 46 gr,"€2,89/un","€62,83/kg"
Molho de Francesinha Picante,Dom Duarte,emb. 500 gr,"€2,69/un","€5,38/kg"
Cardamomo Grão em Frasco,Margão,emb. 24 gr,"€5,29/un","€220,42/kg"
Tablete de Chocolate Branco,Crunch,emb. 100 gr,"€1,39/un","€13,90/kg"
Farinha de Coco,Continente Bio,emb. 500 gr,"€2,39/un","€4,78/kg"
Pimentão Doce Fumado em Frasco,Continente,emb. 45 gr,"€0,99/un","€22,00/kg"
Cápsulas de Café Latte,Starbucks,emb. 12 un,"€4,64/un","€0,39/un"
Cápsulas de Café Cortado Espresso Macchiato,Dolce Gusto,emb. 16 un,"€4,79/un","€0,30/un"
Preparado para Leite de Creme,Royal,emb. 90 gr,"€1,09/un","€12,11/kg"
Choco Balls sem Glúten,Cem Porcento,emb. 250 gr,"€3,99/un","€15,96/kg"
Preparado para Bolo de Amêndoa,Condi,emb. 400 gr,"€2,14/un","€5,35/kg"
Rebuçados com Recheio de Mel,Penha,emb. 250 gr,"€2,20/un","€8,80/kg"
Leite em Pó Confort para Lactentes 1 até 6M,Aptamil,emb. 400 gr,"€11,19/un","€27,98/kg"
Drageias de Chocolate,Maltesers,emb. 85 gr,"€2,19/un","€25,76/kg"
Drageias de Fruta,Skittles,emb. 38 gr,"€0,79/un","€20,79/kg"
Óleo de Coco,Ktc,emb. 500 ml,"€4,99/un","€9,98/lt"
Café Moído Qualitá Oro,Lavazza,emb. 250 gr,"€3,49/un","€13,96/kg"
Miolo de Amendoim com Mel e Sal,Continente,emb. 50 gr,"€0,79/un","€15,80/kg"
Mistura de Falafel,Al'Fez,emb. 150 gr,"€2,89/un","€19,27/kg"
Topping de Morango,Continente,emb. 295 gr,"€1,79/un","€6,07/kg"
Tablete de Chocolate Negro 80% Cacau Les Recettes de L'Atelier,Nestlé,emb. 100 gr,"€1,96/un","€19,60/kg"
Patê Capoeira de Frango com Caril,La Piara,emb. 180 gr (peso escorrido 180 gr),"€2,99/un","€16,61/kg"
Granola Amêndoa e Avelã Açúcar Reduzido,Rude Health,emb. 400 gr,"€5,49/un","€13,73/kg"
Quinoa Tricolor,Origens Bio,emb. 250 gr,"€3,49/un","€13,96/kg"
Infusão Relax Saquetas,Cem Porcento,emb. 10 un,"€0,79/un","€0,08/un"
Farinha de Aveia,Origens Bio,emb. 250 gr,"€1,49/un","€5,96/kg"
Marmelada com Noz,Prisca,emb. 250 gr,"€2,59/un","€10,36/kg"
Erva Doce Grão em Frasco,Continente,emb. 35 gr,"€0,99/un","€28,29/kg"
Bebida Cereais e Fibra,Bolero,emb. 200 gr,"€2,99/un","€14,95/kg"
Sal Marinho Tradicional com Moinho,Vatel,emb. 75 gr,"€2,99/un","€39,87/kg"
Café Solúvel Gold Almond Latte,Nescafé,emb. 96 gr,"€2,39/un","€0,40/un"
Hambúrguer de Soja com Aveia,Cem Porcento,emb. 150 gr,"€3,49/un","€21,81/kg"
Bolachas Cracker Grãos Ancestrais,Bit Break,emb. 200 gr (6 un),"€1,99/un","€9,95/kg"
Snack de Chocolate de Leite Kinder Bueno Mini,Kinder,emb. 108 gr,"€1,85/un","€17,13/kg"
Hambúrguer Deluxe de Proteína Vegetal,Garden Gourmet,emb. 180 gr (4 un),"€3,19/un","€17,72/kg"
Saqueta To Go Farinha Láctea +12M,Cerelac,emb. 110 gr,"€1,09/un","€9,91/kg"
Chá Dente-de-Leão,Happyflora,emb. 50 gr,"€1,19/un","€23,80/kg"
Infusão Cavalinha Saquetas,Happyflora,emb. 10 un,"€0,84/un","€0,08/un"
Tablete de Chocolate com Oreo,Milka,emb. 100 gr,"€1,69/un","€16,90/kg"
Tablete de Chocolate Branco,Milka,emb. 100 gr,"€1,69/un","€16,90/kg"
Tablete de Chocolate Negro e Avelãs,Ferrero Rocher,emb. 90 gr,"€2,59/un","€28,78/kg"
Bombons de Chocolate de Leite Lindor,Lindt,emb. 200 gr,"€4,79/un","€23,95/kg"
Sementes de Sésamo,Cem Porcento,emb. 200 gr,"€1,89/un","€9,45/kg"
Cereais Linha Zero sem Açúcar,Nacional,emb. 300 gr,"€1,94/un","€6,47/kg"
Azeite Virgem Extra Premium Galega,Herdade do Esporão,emb. 50 cl,"€8,79/un","€17,58/lt"
Molho de Queijo,Doritos,emb. 280 gr,"€2,09/un","€7,46/kg"
Bombons de Chocolate com Licor e Cereja,Mon Chéri,emb. 315 gr,"€8,29/un","€26,32/kg"
Sardinha em Óleo Vegetal Picante,Continente,emb. 120 gr (peso escorrido 85 gr),"€0,99/un","€11,65/kg"
Chá Verde Matcha Saquetas,Continente,emb. 20 un,"€1,69/un","€0,08/un"
Cavala em Óleo Vegetal,Manná,emb. 120 gr (peso escorrido 90 gr),"€1,49/un","€16,56/kg"
Barras de Cereais Crunchy Caramel Fitness,Fitness,"emb. 6 x 23,5 gr","€2,29/un","€16,24/kg"
Bicarbonato de Sódio Alimentar,Frutogal,emb. 250 gr,"€1,19/un","€4,76/kg"
Manteiga de Amendoim Cremosa,Calvé,emb. 1 kg,"€8,99/un","€8,99/kg"
Crackies de Arroz Integral com Chocolate Preto sem Glúten,Caçarola,emb. 130 gr,"€2,19/un","€16,85/kg"
Palitos de Chocolate Branco,Continente,emb. 150 gr,"€1,19/un","€7,93/kg"
Petinga em Óleo de Girassol,Ribeira,emb. 85 gr (peso escorrido 60 gr),"€1,29/un","€21,50/kg"
Granola Crunchy Frutos Vermelhos Biológica,Continente Bio,emb. 375 gr,"€3,99/un","€10,64/kg"
Massa Noodles de Trigo Integral,Alb-Gold,emb. 250 gr,"€2,99/un","€11,96/kg"
"Trigo, Tomate e Manjericão",Natura,emb. 250 gr,"€1,99/un","€7,96/kg"
Chá Pau D'Arco Casca,Happyflora,emb. 100 gr,"€1,59/un","€15,90/kg"
Infusão Drenar e Tonificar Saquetas,Lipton,emb. 20 un,"€1,94/un","€0,10/un"
Pimenta Rosa para Gin,Mix,emb. 20 gr,"€3,90/un","€195,00/kg"
Vinagre de Arroz Gourmet,Cristal,emb. 250 ml,"€1,94/un","€7,76/lt"
Granola,Cem Porcento,emb. 375 gr,"€2,99/un","€7,97/kg"
Bolachas Wafers Bites de Cacau,Waferland,emb. 125 gr,"€1,19/un","€9,52/kg"
Snacks Tortilha Chips Queijo,Mister Free'd,emb. 135 gr,"€2,49/un","€18,44/kg"
Sal Branco do Mediterrâneo com Moínho,Margão,emb. 90 gr,"€4,49/un","€49,89/kg"
Snack de Chocolate de Leite,Kinder,"emb. 8 x 12,5 gr","€1,79/un","€17,90/kg"
Café Solúvel Gold Espresso Intenso,Nescafé,emb. 100 gr,"€4,59/un","€45,90/kg"
Baunilha em Vagem,Vahiné,emb. 3 gr,"€6,99/un","€2,330,00/kg"
Tablete de Chocolate Triple,Milka,emb. 90 gr,"€1,69/un","€18,78/kg"
Farinha Culinária,Nacional,emb. 500 gr,"€2,46/un","€4,92/kg"
Gomas Sortido Brilho sem Glúten,Continente Infantil,emb. 300 gr,"€1,49/un","€4,97/kg"
Óleo Alimentar Spray,Espiga,emb. 200 ml,"€4,96/un","€24,80/lt"
Bolachas Maria,Gullón,emb. 800 gr (4 un),"€2,79/un","€3,49/kg"
Manteiga de Amendoim 100% Pedaços,Continente Equilíbrio,emb. 340 gr,"€1,89/un","€5,56/kg"
Chupa de Morango Lovers sem Glúten,Chupa Chups,emb. 120 gr,"€2,99/un","€24,92/kg"
Bebida de Chocolate Solúvel 32% Cacau Magro,Continente,emb. 450 gr,"€2,99/un","€6,64/kg"
Noodles Clássico Soba,Nissin,emb. 90 gr,"€2,39/un","€26,56/kg"
Vinagre de Maçã Fruta Portuguesa,Oliveira da Serra,emb. 250 ml,"€1,39/un","€5,56/lt"
Tablete de Chocolate Negro 72%,Guylian,emb. 100 gr,"€2,24/un","€22,40/kg"
Preparado para Panquecas com Banana e Canela Biológico,Shine,emb. 400 gr,"€6,99/un","€17,48/kg"
Molho Piri-piri,Ferbar,emb. 195 ml,"€1,19/un","€6,10/lt"
Bombons de Chocolate Dark,Merci,emb. 250 gr,"€4,69/un","€18,76/kg"
Salsichas de Soja Cocktail Frasco,Izidoro,emb. 320 gr (peso escorrido 180 gr),"€4,35/un","€24,17/kg"
Cápsulas de Café Intenso Int 9,Lavazza,emb. 16 un,"€4,49/un","€0,28/un"
Tortitas de Milho Doses,Continente Equilíbrio,emb. 96 gr,"€1,15/un","€11,98/kg"
Mistura para Pão de Queijo sem Glúten,Globo,emb. 500 gr,"€5,89/un","€11,78/kg"
Farinha de Mandioca Sagu sem Glúten,Yoki,emb. 500 gr,"€4,67/un","€9,34/kg"
Infusão SOS Garganta Saquetas,Lipton,emb. 20 un,"€1,49/un","€0,07/un"
Chupa de Morango,Chupa Chups,emb. 12 gr,"€0,39/un","€32,50/kg"
Muesli de Aveia Crocante com Nozes Pecan,Quaker,emb. 350 gr,"€3,69/un","€10,54/kg"
Geleia Morango,Continente Seleção,emb. 300 gr,"€2,49/un","€8,30/kg"
Anchovas com Azeite Virgem Extra,Lorea,emb. 100 gr,"€4,39/un","€43,90/kg"
Snacks Salgados Cobertos com Chocolate de Leite,Continente,emb. 125 gr,"€1,39/un","€11,12/kg"
Snacks Tortilha Nachos com Queijo,Mexifoods,emb. 200 gr,"€2,69/un","€13,45/kg"
Papa Infantil para Preparar com Leite +6M,Cerelac,emb. 250 gr,"€1,49/un","€5,96/kg"
Cacau Cru em Pepitas Biológico,Seara,emb. 100 gr,"€3,99/un","€39,90/kg"
Doce Frutos Tropicais,Continente,emb. 250 gr,"€2,19/un","€8,76/kg"
Vuna de Proteína Vegetal,Garden Gourmet,emb. 175 gr,"€5,49/un","€31,37/kg"
Saqueta de Fruta Maçã e Pêssego +3A,GoGo squeeZ,emb. 90 gr,"€0,79/un","€8,78/kg"
Molho Caril e Leite de Coco,Paladin,emb. 250 ml,"€2,38/un","€9,52/lt"
Cápsulas de Chocolate Quente,Continente,emb. 16 un,"€2,99/un","€0,19/un"
Caramelo de Morango,Sugus,emb. 45 gr,"€1,05/un","€23,33/kg"
Bebida de Chocolate Solúvel Signature Caramelo Salgado,Starbucks,emb. 10 x 22 gr,"€3,99/un","€18,14/kg"
Refeição para Bebé Frango com Legumes +4M,Nutribén,emb. 120 gr,"€1,19/un","€9,92/kg"
Molho de Alho Fresco Top Down,Continente,emb. 250 ml,"€1,49/un","€5,96/lt"
Papa infantil Não Láctea Multicereais +6M,Cerelac,emb. 250 gr,"€1,89/un","€7,56/kg"
Tempero Sumo de Limão,Polenghi,emb. 200 ml,"€0,99/un","€4,95/lt"
Preparado para Pudim Flan sem Glúten,El Mandarin,"emb. 4 x 4,8 gr","€1,39/un","€73,16/kg"
Bombons de Chocolate Merci,Merci,emb. 400 gr,"€11,49/un","€28,73/kg"
Snack de Chocolate Moments Mix,Milka,emb. 97 gr,"€3,19/un","€32,89/kg"
Tostas de Trigo,Bimbo,emb. 270 gr (30 un),"€1,59/un","€5,89/kg"
Arroz Carolino Integral,Bom Sucesso,emb. 500 gr,"€0,86/un","€1,72/kg"
Pasta de Avelã Biológica,Continente Bio,emb. 180 gr,"€5,99/un","€33,28/kg"
Vinagre de Figo Fruta Portuguesa,Oliveira da Serra,emb. 250 ml,"€1,39/un","€5,56/lt"
Cereais Farelo de Trigo,Continente Equilíbrio,emb. 750 gr,"€3,29/un","€4,39/kg"
Sardinha em Tomate,Continente,emb. 120 gr (peso escorrido 85 gr),"€0,89/un","€10,47/kg"
Mistura Chinesa,Continente,emb. 560 gr (peso escorrido 180 gr),"€0,99/un","€5,50/kg"
Bombons de Chocolate com Avelã sem Glúten,Baci,emb. 175 gr,"€5,99/un","€34,23/kg"
Noodles de Carne Banzai,Cigala,emb. 67 gr,"€1,19/un","€17,76/kg"
Rebuçados Energy Cola,Halls,emb. 4 x 32 gr,"€1,49/un","€11,64/kg"
Cereais Corn Flakes Biológicos,Seara,emb. 300 gr,"€2,84/un","€9,47/kg"
Bolachinhas para Bebé Saquetas +6M,Cerelac,emb. 4 x 45 gr,"€2,84/un","€15,78/kg"
Maionese Yofresh,Hellmann's,emb. 433 gr,"€4,39/un","€10,14/kg"
Azeite Virgem Extra Premium,Porca de Murça,emb. 50 cl,"€4,49/un","€8,98/lt"
Doce de Morango sem Açúcar Biológico,Prisca,emb. 240 gr,"€5,19/un","€21,63/kg"
Flocos Cevada Integrais,Cem Porcento,emb. 400 gr,"€1,39/un","€3,48/kg"
Saqueta de Fruta Banana e Maçã +3A,GoGo squeeZ,emb. 90 gr,"€0,79/un","€8,78/kg"
Snack de Chocolate com Manteiga de Amendoim,Reeses,emb. 42 gr,"€0,79/un","€18,81/kg"
Tablete de Chocolate de Leite,M&M's,emb. 165 gr,"€2,89/un","€17,52/kg"
Sortido de Bolachas,Cuétara,emb. 210 gr,"€3,09/un","€14,71/kg"
Tablete de Chocolate de Leite Extrafino com Bolacha Dinosaurus,Nestlé,emb. 120 gr,"€1,49/un","€12,42/kg"
Massa de Arroz Integral,Dalla Costa,emb. 270 gr,"€2,59/un","€10,36/kg"
Farinha de Coco,Salutem,emb. 200 gr,"€1,39/un","€6,95/kg"
Milho Branco Inteiro Cachupa,Santiago,emb. 700 gr,"€1,94/un","€2,77/kg"
Molho Jindungo,Espiga,emb. 100 ml,"€2,24/un","€22,40/lt"
Pastilhas de Café,Continente,emb. 20 un,"€2,89/un","€0,14/un"
Broas de Limão,Susana Vieira,emb. 220 gr,"€2,29/un","€11,45/kg"
Cápsulas de Café Cappuccino,Starbucks,emb. 12 un,"€4,64/un","€0,39/un"
Beijinhos de Pombal,Conf. Vale,emb. 90 gr,"€2,60/un","€28,89/kg"
Gelatina em Pó Zero% de Amora sem Glúten,Condi,emb. 28 gr,"€1,89/un","€67,50/kg"
Chocolate Branco,Toblerone,emb. 100 gr,"€2,49/un","€24,90/kg"
Doce de Maçã e Canela,Continente Seleção,emb. 250 gr,"€2,19/un","€8,76/kg"
Creme de Abóbora com Noz-Moscada Vegetariana,Knorr,emb. 64 gr,"€2,57/un","€40,16/kg"
Tablete Chocolate de Leite com Avelãs,Canderel,emb. 100 gr,"€2,49/un","€24,90/kg"
Molho Suculento Frango no Forno Barbecue em Saqueta,Maggi,emb. 32 gr,"€0,99/un","€30,94/kg"
Bebida Cereais Chicória,Mokambo,emb. 240 gr,"€4,19/un","€4,19/un"
Cápsulas de Café Roast Int 11,Starbucks,emb. 12 un,"€4,54/un","€0,38/un"
Farinha de Espelta Integral,Nacional,emb. 500 gr,"€1,59/un","€3,18/kg"
Kit para Burritos,Old El Paso,emb. 510 gr,"€6,15/un","€12,06/kg"
Sal Rosa dos Himalaias Fino,Vatel,emb. 250 gr,"€1,69/un","€6,76/kg"
Infusão Camomila Saquetas,Continente,emb. 10 un,"€0,59/un","€0,06/un"
Saqueta de Maçã e Banana Fruta & Go +6M,Nutribén,emb. 90 gr,"€0,99/un","€11,00/kg"
Cappuccino Intenso Solúvel,Nescafé,"emb. 10 x 12,5 gr","€3,19/un","€25,52/kg"
Gelatina em Pó de Frutos Vermelhos Proteína,Condi,emb. 80 gr,"€3,14/un","€3,93/kg"
Gomas Minhocas,Continente Gumball,emb. 300 gr,"€1,49/un","€4,97/kg"
"Pequeno Almoço Aveia, Framboesa e Banana sem Glúten Biológico",Shine,emb. 300 gr,"€5,59/un","€18,63/kg"
Chá Earl Grey Pyramid,Continente,emb. 20 un,"€0,99/un","€0,05/un"
Marmelada em Cubos,Quinta Côro,emb. 250 gr,"€3,89/un","€15,56/kg"
Arroz Integral Extra Longo,Caçarola,emb. 1 kg,"€1,43/un","€1,43/kg"
Flocos de Aveia Instantâneos,Origens Bio,emb. 400 gr,"€1,69/un","€4,23/kg"
Gelatina em Pó de Limão,Royal,emb. 114 gr,"€1,99/un","€17,46/kg"
Flor de Hibisco para Gin,Mix,emb. 10 gr,"€3,89/un","€389,00/kg"
Farinha de Centeio,Espiga,emb. 500 gr,"€1,61/un","€3,22/kg"
Caldo para Bifes Cubos,Knorr,emb. 8 un,"€1,39/un","€17,38/kg"
Noodles Galinha Soba,Nissin,emb. 63 gr,"€1,79/un","€28,41/kg"
Pão Indiano Super Naan,Lekha,emb. 450 gr,"€3,15/un","€7,00/kg"
Cereais Special K,Kellogg's,emb. 375 gr,"€2,39/un","€6,37/kg"
Granola Chocolate Biológica,Seara,emb. 300 gr,"€3,99/un","€13,30/kg"
Bolachas Wafers Bites de Avelã,Waferland,emb. 125 gr,"€1,19/un","€9,52/kg"
Mousse de Chocolate,Continente,emb. 150 gr,"€0,99/un","€6,60/kg"
Molho Barbecue Sweet Top Down,Heinz,emb. 490 gr,"€3,79/un","€7,73/kg"
Papa Infantil Farinha Não Láctea 8 Cereais e Fruta +6M,Hero Baby,emb. 340 gr,"€2,31/un","€6,79/kg"
Cápsulas de Café Caramel Macchiato,Starbucks,emb. 12 un,"€4,64/un","€0,39/un"
Massa Fusilli com Pesto,Continente,emb. 150 gr,"€1,49/un","€9,93/kg"
Papa Infantil Não Láctea 8 Cereais e Mel +6M,Cerelac,emb. 250 gr,"€1,89/un","€7,56/kg"
Bolachas Digestivas Chia Biológicas,Gullón,emb. 270 gr,"€3,99/un","€14,78/kg"
Batata Doce Frita,Mr.Salt,emb. 40 gr,"€1,39/un","€34,75/kg"
Creme de Coco,Koala,emb. 165 ml,"€1,69/un","€10,24/lt"
Drageias de Frutos Vermelhos sem Açúcar,Smint,emb. 35 gr,"€2,05/un","€58,57/kg"
Molho de Ostras,Lee Kum Kee,emb. 255 gr,"€4,45/un","€17,45/kg"
Sardinha em Óleo,Lider,emb. 120 gr (peso escorrido 84 gr),"€0,89/un","€10,60/kg"
Azeite Virgem Extra DOP,Vidigueira,emb. 75 cl,"€7,24/un","€9,65/lt"
Chá Preto Suporte Imunidade Saquetas,Lipton,emb. 20 un,"€1,74/un","€0,09/un"
Escama de Sal,Continente Seleção,emb. 90 gr,"€2,99/un","€33,22/kg"
Mousse de Chocolate Branco com Pepitas,Alsa,emb. 133 gr,"€2,59/un","€19,47/kg"
Especiarias para Grelhados em Frasco,Margão,emb. 17 gr,"€2,89/un","€170,00/kg"
Tomate Seco em Saco,Ponti,emb. 100 gr,"€3,24/un","€32,40/kg"
Bolacha Coberta Chocolate com Recheio Laranja,Triunfo,emb. 150 gr,"€1,99/un","€13,27/kg"
Doce Abacaxi e Chia sem Adição de Açúcar,Continente Equilíbrio,emb. 280 gr,"€2,85/un","€10,18/kg"
Doce Morango sem Adição de Açúcar,Casa de Mateus,emb. 280 gr,"€3,29/un","€11,75/kg"
Mostarda em Grão em Frasco,Margão,emb. 48 gr,"€2,09/un","€43,54/kg"
Azeitona Preta Kalama,Pere Olive,emb. 120 gr,"€3,99/un","€33,25/kg"
Panko,Saitaku,emb. 150 gr,"€2,99/un","€19,93/kg"
Chá Cavalinha Planta,Happyflora,emb. 50 gr,"€1,14/un","€22,80/kg"
Cápsulas de Café Vietname Compatível com Nespresso Int 11,Continente,emb. 10 un,"€1,99/un","€0,20/un"
Farinha de Amêndoa,Seara,emb. 200 gr,"€7,49/un","€37,45/kg"
Favinhas com Linguiça,Nobre,emb. 420 gr,"€3,89/un","€9,26/kg"
Geleia Marmelo,Casa de Mateus,emb. 345 gr,"€3,29/un","€9,54/kg"
Farinha de Milho,Harina Pan,emb. 1 kg,"€2,28/un","€2,28/kg"
Creme para Barrar Chocolate e Avelãs,Gold Nutrition,emb. 180 gr,"€5,99/un","€33,28/kg"
Sardinha em Óleo Picante,Bom Petisco,emb. 120 gr (peso escorrido 84 gr),"€1,35/un","€16,07/kg"
Molho Indiano Tandoori,Patak's,emb. 450 gr,"€3,69/un","€8,20/kg"
Saqueta To Go Farinha Láctea com Mel +12M,Cerelac,emb. 110 gr,"€1,09/un","€9,91/kg"
Rebuçados de Morango sem Açúcar,Halls,emb. 32 gr,"€0,89/un","€27,81/kg"
Granola,Salutem,emb. 500 gr,"€4,99/kg","€4,99/un"
Cereais Bran Flakes Fibra,Continente Equilíbrio,emb. 500 gr,"€2,09/un","€4,18/kg"
Pão Indiano tipo Naan com Alho,Lekha,emb. 450 gr,"€4,20/un","€9,33/kg"
Cereais Corn Flakes Milho,Nacional,emb. 500 gr,"€2,44/un","€4,88/kg"
Cápsulas de Café Essenza Di Moka Int 8,Dolce Gusto,emb. 16 un,"€4,79/un","€0,30/un"
Açúcar em Pó para Polvilhar,Sidul,emb. 250 gr,"€1,60/un","€6,40/kg"
Sal Fino Iodado,Vatel,emb. 250 gr,"€0,79/un","€3,16/kg"
Barras de Cereais Delice Chocolate de Leite Fitness,Fitness,"emb. 6 x 22,5 gr","€2,29/un","€16,96/kg"
Cereais Bolinhas de Mel,Nat,emb. 300 gr,"€1,99/un","€6,63/kg"
Refeição para Bebé Vitela com Legumes +6M,Blédina,emb. 200 gr,"€2,09/un","€10,45/kg"
Mix Frutos Secos Prazer,Continente,emb. 50 gr,"€0,99/un","€19,80/kg"
Bolachas Pequeno Almoço com Pepitas Chocolate e Mel,Gullón,emb. 100 gr (4 un),"€2,29/un","€22,90/kg"
Molho para Bifana com Mostarda,Calvé,emb. 260 gr,"€2,69/un","€10,35/kg"
Rebuçados Extra Strong,Halls,emb. 32 gr,"€0,89/un","€27,81/kg"
Massa Noodles Ramen Japonês,Sau Tao,emb. 540 gr,"€4,39/un","€8,13/kg"
Farinha de Polenta,Globo,emb. 500 gr,"€1,35/un","€2,70/kg"
Muesli Original,Alpen,emb. 550 gr,"€4,59/un","€8,35/kg"
Açúcar de Coco Biológico,Origens Bio,emb. 250 gr,"€2,79/un","€11,16/kg"
Infusão Detox Saquetas,Ahmad,emb. 20 un,"€3,49/un","€0,17/un"
Muesli 4 Cereais,Cem Porcento,emb. 500 gr,"€3,49/un","€6,98/kg"
Chá Anis Estrelado,Happyflora,emb. 50 gr,"€2,59/un","€51,80/kg"
Topping de Caramelo,Branca de Neve,emb. 380 gr,"€3,49/un","€9,18/kg"
Café Solúvel Galão,Nescafé,emb. 8 x 18 gr,"€2,09/un","€14,51/kg"
Patê de Cavala,Minerva,emb. 75 gr (peso escorrido 75 gr),"€1,26/un","€16,80/kg"
Rebuçados Energy Ice Tea,Halls,emb. 4 x 32 gr,"€1,49/un","€11,64/kg"
Rolinhos de Cacau Magro,Vahiné,emb. 65 gr,"€1,79/un","€27,54/kg"
Bolacha para Bebé +8M,Hero Baby,emb. 6 x 150 gr,"€1,99/un","€13,27/kg"
Vinagre Balsâmico Spray,Ponti,emb. 250 ml,"€4,79/un","€19,16/lt"
Café Solúvel Gold Origins Alta Rica,Nescafé,emb. 100 gr,"€4,44/un","€44,40/kg"
Tablete de Chocolate com Amendoim e Caramelo Crocante,Milka,emb. 90 gr,"€1,69/un","€18,78/kg"
"Refeição para Bebé Frango, Vitela e Legumes +4M",Nutribén,emb. 235 gr,"€1,89/un","€8,04/kg"
Gelatina Pronta Manga e Limão + Proteína,Condi,emb. 400 gr (4 un),"€3,19/un","€7,98/kg"
Drageias de Chocolate de Leite,Pintarolas,emb. 3 x 22 gr,"€1,39/un","€21,06/kg"
Infusão Exotic Passion Saquetas,Lipton,emb. 20 un,"€1,94/un","€0,10/un"
Granola Coco e Goji,Origens Bio,emb. 300 gr,"€4,59/un","€15,30/kg"
Cápsulas de Cereais Qids,Delta Q,emb. 10 un,"€2,84/un","€0,28/un"
Tablete de Chocolate Negro Excellence 99% Cacau,Lindt,emb. 50 gr,"€2,69/un","€53,80/kg"
Bolo de Laranja,Condi,emb. 400 gr,"€2,04/un","€5,10/kg"
Anis Estrelado em Saqueta,Margão,emb. 25 gr,"€3,69/un","€147,60/kg"
Caldo de Carne sem Sal,Knorr,emb. 8 un,"€1,49/un","€20,69/kg"
Café Moído Torrado Masaka Uganda,Sical,emb. 220 gr,"€2,49/un","€11,32/kg"
Papa Infantil Farinha Não Láctea 8 Cereais e Bolacha +6M,Hero Baby,emb. 340 gr,"€2,31/un","€6,79/kg"
Sementes de Abóbora,Cem Porcento,emb. 150 gr,"€2,29/un","€15,27/kg"
Escama de Sal Negro,Continente Seleção,emb. 90 gr,"€2,99/un","€33,22/kg"
Croissant Maxi com Recheio de Baunilha,Chipicao,emb. 80 gr,"€1,24/un","€15,50/kg"
Polpa de Maracujá,Continente,emb. 565 gr,"€3,29/un","€5,82/kg"
Molho Pizza Top Down,Guloso,emb. 440 gr,"€2,73/un","€6,83/kg"
Leite em Pó para Lactentes 1 até 6M,Aptamil,emb. 400 gr,"€8,49/un","€21,23/kg"
Snacks Tortilha Chips Barbecue,Mister Free'd,emb. 135 gr,"€2,49/un","€18,44/kg"
Gelatina Pronta Amora Zero % sem Glúten,Condi,emb. 400 gr (4 un),"€2,09/un","€5,23/kg"
Azeite Virgem Extra Premium Gourmet,Oliveira da Serra,emb. 50 cl,"€4,39/un","€8,78/lt"
Caldo de Galinha Cubos sem Sal,Knorr,emb. 8 un,"€1,49/un","€2,07/kg"
Gomas Sortido Party Mix,Continente Infantil,emb. 420 gr,"€2,99/un","€7,12/kg"
Drageias de Chocolate,M&M's,emb. 45 gr,"€1,05/un","€23,33/kg"
Cereais Nat Ursinhos Mel,Nat,emb. 6 x 32 gr,"€2,74/un","€14,27/kg"
Topping de Chocolate,Continente,emb. 295 gr,"€1,79/un","€6,07/kg"
Massa Radiatori Integral,La Molisana,emb. 500 gr,"€1,59/un","€3,18/kg"
Chá Hibisco Flor,Happyflora,emb. 50 gr,"€1,99/un","€39,80/kg"
Polvilho Doce sem Glúten,Globo,emb. 500 gr,"€2,39/un","€4,78/kg"
Polvilho Azedo sem Glúten,Globo,emb. 500 gr,"€2,39/un","€4,78/kg"
Molho de Ostras,Blue Dragon,emb. 150 ml,"€2,79/un","€18,60/lt"
Tablete de Chocolate Excellence 100% Cacau,Lindt,emb. 50 gr,"€2,84/un","€56,80/kg"
Snack de Chocolate e Avelã Dairy Milk,Cadbury,emb. 45 gr,"€0,99/un","€22,00/kg"
Massa Disney Mickey,Dalla Costa,emb. 300 gr,"€1,79/un","€5,97/kg"
Refeição para Bebé Vitela com Legumes +4M,Nutribén,emb. 120 gr,"€1,19/un","€9,92/kg"
Drageias de Peppermint sem Açúcar,Smint,emb. 35 gr,"€2,05/un","€58,57/kg"
Leite Condensado Cozido,Mimosa,emb. 385 gr,"€1,49/un","€3,87/kg"
Gordura Vegetal de Palma,Guineas,emb. 400 ml,"€3,44/un","€9,56/kg"
Café em Grão,Continente,emb. 250 gr,"€1,69/un","€6,76/kg"
Carne Seca de Bovino,Gonçalos,emb. 500 gr (peso escorrido 500 gr),"€9,35/un","€18,70/kg"
Snack de Chocolate de Leite e Amendoim,M&M's,emb. 34 gr,"€1,05/un","€30,88/kg"
Bolachas Wafers com Recheio de Morango,Cuétara,emb. 150 gr,"€1,89/un","€12,60/kg"
Tablete de Chocolate com Oreo Sandwich,Milka,emb. 92 gr,"€1,69/un","€18,37/kg"
Tablete de Chocolate com Caramelo Salgado,Guylian,emb. 100 gr,"€2,24/un","€22,40/kg"
Pepitas de Chocolate Negro,Vahiné,emb. 100 gr,"€3,89/un","€38,90/kg"
Lulas Recheadas em Azeite,Ribeira,emb. 120 gr (peso escorrido 72 gr),"€1,99/un","€27,64/kg"
Cornitas de Grão e Lentilhas,Rude Health,emb. 90 gr,"€1,79/un","€19,89/kg"
Cápsulas de Café Descafeinado Int 7,Bellissimo,emb. 10 un,"€2,69/un","€0,27/un"
Crepes,Branca de Neve,emb. 380 gr,"€2,99/un","€7,87/kg"
Drageias de Limão sem Açúcar,Smint,emb. 35 gr,"€2,05/un","€58,57/kg"
Tablete de Chocolate com Bolacha,Crunch,emb. 100 gr,"€1,39/un","€13,90/kg"
Infusão Elegância Saquetas,Continente,emb. 10 un,"€0,59/un","€0,06/un"
Cápsulas de Café India Int 12,Continente,emb. 10 un,"€1,99/un","€0,20/un"
Snack de Chocolate de Leite Kit Kat,Kit Kat,"emb. 3 x 41,5 gr","€2,19/un","€17,66/kg"
Molho para Massa de Pimento,Casa Pontinha,emb. 200 gr,"€2,29/un","€11,45/kg"
Farinha de Coco,Seara,emb. 250 gr,"€1,99/un","€7,96/kg"
Snack Bites Cacau,Bites Freeness,emb. 35 gr,"€1,99/un","€56,86/kg"
Cereais Fitness Frutas,Fitness,emb. 375 gr,"€2,59/un","€6,91/kg"
Molho Sweet Chilli e Alho,Blue Dragon,emb. 120 gr,"€1,79/un","€14,92/kg"
Snack de Chocolate Branco Kinder Bueno,Kinder,emb. 39 gr,"€1,09/un","€27,95/kg"
Bolas Energéticas Avelã,Supr Natural,emb. 30 gr,"€1,49/un","€42,57/kg"
Batata Frita Salgada,Tyrrell's,emb. 150 gr,"€2,64/un","€17,60/kg"
Barras de Cereais Mel Extra,Kellogg's,emb. 4 x 32 gr,"€3,99/un","€31,17/kg"
Cápsulas de Café Espresso Intenso Int 7,Dolce Gusto,emb. 16 un,"€5,99/un","€0,37/un"
Farinha de Aveia Integral,Cem Porcento,emb. 400 gr,"€1,49/un","€3,73/kg"
Patê de Camarão,Continente,emb. 4 x 22 gr,"€1,79/un","€20,34/kg"
Super Papas Aveia Chia e Amendoim sem Glúten Biológico,Shine,emb. 50 gr,"€1,89/un","€37,80/kg"
Aroma Baunilha Líquido,Vahiné,emb. 20 gr,"€2,49/un","€124,50/lt"
Sementes de Linhaça Dourada,Cem Porcento,emb. 250 gr,"€1,49/un","€5,96/kg"
Farinha para Pão Brioche,Continente,emb. 1 kg,"€2,49/un","€2,49/kg"
Ketchup Picante Top Down,Continente,emb. 560 gr,"€1,09/un","€1,95/kg"
Molho Piri-piri com Alho e Louro,Paladin,emb. 75 ml,"€2,09/un","€27,87/lt"
Gelatina 5 Folhas,Continente,emb. 7 gr,"€0,59/un","€65,56/kg"
Cereais Cheerios Biológicos,Cheerios,emb. 330 gr,"€2,99/un","€9,06/kg"
Adoçante Stevia Líquido,Canderel,emb. 50 ml,"€3,59/un","€71,80/lt"
Gengibre e Alho Pasta em Vidro,Ktc,emb. 210 gr,"€2,94/un","€14,00/kg"
Gelatina Pronta Vegetal Pêssego,Koala,emb. 130 gr,"€1,16/un","€8,92/kg"
Mel de Acácia,Serramel,emb. 300 gr,"€5,59/un","€18,63/kg"
Tablete de Chocolate Triple Caramelo,Milka,emb. 90 gr,"€1,69/un","€18,78/kg"
Bolachas Wafers de Chocolate Stracciatella Cubos,Vieira,emb. 125 gr,"€1,14/un","€9,12/kg"
Café Mistura Ibérica Torrada Moída,Delta,emb. 250 gr,"€1,99/un","€7,96/kg"
Salsichas Appetitliche Aves Frasco 5 Unidades,Nobre,emb. 592 gr (peso escorrido 250 gr),"€3,49/un","€13,96/kg"
Hambúrguer Goji,Veg In,emb. 160 gr (2 un),"€3,39/un","€21,19/kg"
Pastilhas Elásticas de Gengibre e Açafrão,True Gum,emb. 21 gr,"€1,99/un","€94,76/kg"
Sementes de Cardamomo para Gin,Mix,emb. 25 gr,"€4,49/un","€179,60/kg"
Saqueta de Fruta Maçã e Manga +3A,GoGo squeeZ,emb. 90 gr,"€0,79/un","€8,78/kg"
Chá Erva S. Roberto Planta,Happyflora,emb. 50 gr,"€1,39/un","€27,80/kg"
Sopa de Cebola,Maggi,emb. 60 gr,"€1,49/un","€24,83/kg"
Bebida de Chocolate Solúvel Signature 70% Cacau,Starbucks,emb. 300 gr,"€3,99/un","€13,30/kg"
Gomas Sortido Ácido sem Glúten,Continente Infantil,emb. 300 gr,"€1,49/un","€4,97/kg"
Cápsulas de Café Single-Origin Sumatra Int 10,Starbucks,emb. 10 un,"€3,79/un","€0,38/un"
Corante Líquido Verde,Condi,emb. 25 ml,"€1,54/un","€61,60/lt"
Bolachas Delikatess,Wasa,emb. 270 gr,"€2,99/un","€11,07/kg"
Preparado para Pudim Chinês,Continente,"emb. 4x5,6 gr","€0,85/un","€38,64/kg"
Vinagre de Maçã Spray,Ponti,emb. 250 ml,"€3,99/un","€15,96/lt"
Tablete de Chocolate com Bolacha Chips Ahoy,Milka,emb. 100 gr,"€1,69/un","€16,90/kg"
Molho de Iogurte para Saladas em Vidro,Kühne,emb. 250 ml,"€2,15/un","€8,60/lt"
Café Moído Torrado Moagem Universal Original,Buondi,emb. 220 gr,"€2,54/un","€11,55/kg"
Massa Linguine,La Molisana,emb. 500 gr,"€1,59/un","€3,18/kg"
Preparado para Panquecas,Condi,emb. 2 x 200 gr,"€2,49/un","€6,23/kg"
Cacau Cru em Pó Biológico,Origens Bio,emb. 100 gr,"€2,49/un","€24,90/kg"
Pudim de Baunilha,Boca Doce,emb. 22 gr,"€0,59/un","€26,82/kg"
Caldo de Carne Cubos,Knorr,emb. 8 un,"€1,39/un","€17,38/kg"
Bolachas Digestivas,Continente Equilíbrio,emb. 174 gr (6 un),"€1,69/un","€9,71/kg"
Topping de Chocolate Belga,Branca de Neve,emb. 390 gr,"€3,49/un","€8,95/gr"
Saqueta de Fruta Maçã +3A,GoGo squeeZ,emb. 90 gr,"€0,79/un","€8,78/kg"
Infusão Cherry Love Saquetas,Lipton,emb. 20 un,"€1,94/un","€0,10/un"
Azeite Virgem Extra,Rosmaninho,emb. 75 cl,"€4,59/un","€6,12/lt"
Infusão SOS Cabeça Saquetas,Lipton,emb. 20 un,"€1,49/un","€0,07/un"
Tablete de Chocolate Plus Noir com Flor de Sal,Jubileu,emb. 100 gr,"€1,99/un","€19,90/kg"
Cápsulas de Café EQO Int 7,Delta Q,emb. 10 un,"€3,29/un","€0,33/un"
Crackies de Arroz Integral Sabor Iogurte e Chocolate Branco sem Glúten,Caçarola,emb. 130 gr,"€2,19/un","€16,85/kg"
Pasta Wasabi,Saitaku,emb. 43 gr,"€2,99/un","€69,53/kg"
Café Moído Universal India,Delta,emb. 220 gr,"€2,39/un","€10,86/un"
Fécula de Batata,Cimarrom,emb. 250 gr,"€1,25/un","€5,00/kg"
Barras de Cereais Delice Chocolate e Avelã Fitness,Fitness,"emb. 6 x 22,5 gr","€2,29/un","€16,96/kg"
Paçoca Doce de Amendoim,Moreninha do Rio,emb. 300 gr,"€3,29/un","€10,97/kg"
Flor de Sal,Casa Pontinha,emb. 180 gr,"€3,35/un","€18,61/kg"
Doce 4 Frutos sem Adição de Açúcar,Casa de Mateus,emb. 280 gr,"€3,69/un","€13,18/kg"
Salsicha Estilo Viena,Continente,emb. 200 gr,"€3,59/un","€17,95/kg"
Tablete de Chocolate Negro com Coco sem Açúcar e sem Glúten,Cem Porcento,emb. 125 gr,"€2,36/un","€18,88/kg"
Gelatina Pronta Ananás Zero % sem Glúten,Condi,emb. 400 gr (4 un),"€2,09/un","€5,23/kg"
Tus Recetas Mediterrâneo,Bonduelle,emb. 359 gr (peso escorrido 300 gr),"€2,99/un","€9,97/kg"
Tablete de Chocolate com Caramelo e Avelã,Milka,emb. 300 gr,"€2,99/un","€9,97/kg"
Tablete de Chocolate Negro com Caramelo Salgado Les Recettes de L'Atelier,Nestlé,emb.115 gr,"€1,96/un","€17,04/kg"
Snack de Chocolate com Amendoim e Caramelo 99 Kcal,Snickers,emb. 10 x 20 gr,"€2,99/un","€14,95/kg"
Batata Frita com Sal Onduladas Biológica,Go Pure,emb. 125 gr,"€2,89/un","€23,12/kg"
Sabores do Mediterrâneo,Natura,emb. 250 gr,"€1,99/un","€7,96/kg"
Couscous Mediterrâneo sem Sal Adicionado,Trevijano,emb. 300 gr,"€3,89/un","€12,97/kg"
Papa Infantil Farinha Não Láctea 8 Cereais e Mel +6M,Hero Baby,emb. 340 gr,"€2,31/un","€6,79/kg"
Chupas Original sem Glúten,Chupa Chups,emb. 120 gr,"€2,99/un","€24,92/kg"
Quinoa Branca,Origens Bio,emb. 250 gr,"€2,99/un","€11,96/kg"
Massa Fusilli Lunghi,Garofalo,emb. 500 gr,"€3,15/un","€6,30/kg"
Molho Vinagrete Balsâmico de Modena com Mel,Paladin,emb. 250 gr,"€2,45/un","€9,80/lt"
Arroz Basmati Extra Longo,Caçarola,emb. 1 kg,"€2,39/un","€2,39/kg"
Foie Gras de Pato,Continente Seleção,emb. 150 gr,"€8,99/un","€59,93/kg"
Super Pequeno Almoço Aveia e Banana Kids sem Glúten Biológico,Shine,emb. 300 gr,"€4,99/un","€16,63/kg"
"Bolachas de Aveia, Frutas e Sementes",Nairns,emb. 225 gr,"€2,19/un","€9,73/kg"
Tablete de Chocolate de Leite com Frutos Secos e Passas Dairy Milk,Cadbury,emb. 110 gr,"€2,59/un","€23,55/kg"
Tablete de Chocolate Negro 70% Cacau sem Glúten,Cem Porcento,emb. 100 gr,"€2,44/un","€24,40/kg"
Papa Infantil Não Láctea Multicereais Solo +6M,Hero Baby,emb. 300 gr,"€2,39/un","€7,97/kg"
Café Solúvel Gold Coconut Latte,Nescafé,emb. 6 gr,"€2,39/un","€0,40/un"
Chocolate em Pó 50% Cacau,Jerónimos,emb. 125 gr,"€1,29/un","€10,32/kg"
"Snack de Chocolate de Leite com Nougat, Mel e Amêndoa",Toblerone,emb. 200 gr,"€4,49/un","€22,45/kg"
Molho de Queijo,Old El Paso,emb. 200 gr,"€3,05/un","€15,25/kg"
Pepitas de Chocolate 100% Cacau sem Glúten,Pantagruel,emb. 200 gr,"€4,09/un","€20,45/kg"
Massa Instantânea Masala,Koka,emb. 85 gr,"€0,70/un","€8,24/kg"
Bolachas Sortido Princesa de Chocolate,Vieira,emb. 200 gr,"€1,69/un","€8,45/kg"
Farelo de Aveia,Cem Porcento,emb. 400 gr,"€1,49/un","€3,73/kg"
Snack de Chocolate Kinder Délice,Kinder,"emb. 40,3 gr","€0,79/un","€18,37/kg"
Arroz Vaporizado Negro Integral Extra Longo,Caçarola,emb. 500 gr,"€3,11/un","€6,22/kg"
Gelatina em Pó de Ananás Gelly Já,Alsa,emb. 180 gr,"€2,99/un","€16,61/kg"
Tablete de Chocolate de Leite Lindor Porções Individuais,Lindt,emb. 100 gr,"€1,99/un","€19,90/kg"
Cápsulas Chá Tetley Purify,Delta Q,emb. 10 un,"€2,99/un","€0,30/un"
Miolo de Amêndoa Granulado Torrado,Continente,emb. 200 gr,"€2,99/un","€14,95/kg"
Flocos Trigo Sarraceno Biológicos,Diese,emb. 200 gr,"€2,69/un","€13,45/kg"
Tortitas de Chocolate com Pedaços Coco e Limão,Bicentury,emb. 138 gr,"€2,79/un","€20,22/kg"
Preparado para Delícia Semifria Cheesecake,Royal,emb. 325 gr,"€4,29/un","€13,20/kg"
Vinagre de Arroz,Saitaku,emb. 150 ml,"€2,99/un","€19,93/lt"
Arroz Doce,Alsa,emb. 125 gr,"€1,69/un","€13,52/kg"
Corante Líquido Amarelo,Condi,emb. 25 ml,"€1,54/un","€61,60/lt"
Bolachas Cookies de Chocolate com Caramelo,Mars,emb. 162 gr,"€2,59/un","€15,99/kg"
Barra Crua Coco e Chia Biológica,Continente Bio,emb. 3 x 30 gr,"€2,59/un","€28,78/kg"
Pimentão La Vera em Lata,Margão,emb. 70 gr,"€3,59/un","€51,29/kg"
Gelatina em Pó Vegetal de Morango,Condi,emb. 180 gr,"€2,19/un","€12,17/kg"
Snack de Chocolate Negro e Menta Kit Kat,Kit Kat,"emb. 9 x 20,7 gr","€2,99/un","€16,08/kg"
Especiarias para Massas em Frasco,Margão,emb. 332 gr,"€2,89/un","€90,31/kg"
Snack Bites Maçã e Canela,Bites Freeness,emb. 35 gr,"€1,99/un","€56,86/kg"
Pastilhas Elásticas de Menta Super,Gorila,emb. 32 gr,"€0,59/un","€18,44/kg"
Arroz Sushi,Saitaku,emb. 500 gr,"€2,59/un","€5,18/kg"
Bombons de Chocolate Avelã,Regina,emb. 150 gr,"€4,66/un","€31,07/kg"
Pão Ralado Clássico,Espiga,emb. 200 gr,"€0,89/un","€4,45/kg"
Molho Piri-piri Extra Audaz,Oliveira da Serra,emb. 50 ml,"€2,09/un","€41,80/lt"
Massa Noodles Integral,Blue Dragon,emb. 300 gr,"€2,79/un","€9,30/kg"
Mostarda em Pó,Colman's,emb. 113 gr,"€5,78/un","€51,15/kg"
Saqueta de Cereais e Mel Nestum +3A,Nestum,emb. 80 gr,"€0,99/un","€12,38/kg"
Alga Nori,Miyata,emb. 14 gr,"€2,09/un","€149,29/kg"
Sortido de Bolachas Choco Premium,Gullón,emb. 402 gr,"€4,74/un","€11,79/kg"
Pasta Wasabi,Miyata,emb. 43 gr,"€2,05/un","€47,67/kg"
Gelatina Folha Branca,Vahiné,9 un,"€2,39/un","€140,59/kg"
Infusão Frutos Vermelhos Saquetas,Tetley,emb. 10 un,"€1,09/un","€0,11/un"
"Tablete de Chocolate de Leite com Muesli, Amêndoas e Caramelo Salgado Les Recettes de L'Atelier",Nestlé,emb. 170 gr,"€2,99/un","€17,59/kg"
Polvilho Doce,Yoki,emb. 500 gr,"€4,04/un","€8,08/kg"
Nestlé Moments Tablete de Chocolate de Leite com Amendoim,Nestlé,emb. 90 gr,"€1,49/un","€16,56/kg"
Doce 4 Frutos sem Adição de Açúcar,Continente Equilíbrio,emb. 280 gr,"€2,85/un","€10,18/kg"
Bombons de Chocolate e Caramelo Salgado Lindor,Lindt,emb. 200 gr,"€4,79/un","€23,95/kg"
Creme Chocolate e Avelãs sem Glúten,La Vida Vegan,emb. 270 gr,"€5,99/un","€22,19/kg"
Snacks 3D's Bacon,Lay's,emb.100 gr,"€1,65/un","€16,50/kg"
Infusão Nº33 Sene Saquetas,Raízes da Natureza,emb. 10 un,"€0,74/un","€0,07/un"
Risotto com Trufa Pronto a Comer,Continente Seleção,emb. 280 gr,"€2,59/un","€9,25/kg"
Cápsulas de Café Single-Origin Colômbia Int 7,Starbucks,emb. 12 un,"€4,54/un","€0,38/un"
Marinheiras sem Sal Biológicas,Cem Porcento,emb. 200 gr,"€2,99/un","€14,95/kg"
Café Solúvel Sticks,Nescafé,emb. 10 x 2 gr,"€1,59/un","€79,50/kg"
Bombons de Chocolate D'Or Sortido,Jubileu,emb. 90 gr,"€3,29/un","€36,56/kg"
Molho Chutney de Manga em Vidro,Sharwoods,emb. 227 gr,"€4,99/un","€21,98/kg"
Óleo Alimentar,Vaqueiro,emb. 3 lt,"€12,99/un","€4,33/lt"
Tablete de Chocolate com Cheesecake de Morango,Milka,emb. 300 gr,"€2,99/un","€9,97/kg"
Bolachas com Recheio de Laranja e Cobertura de Chocolate,Bahlsen,emb. 125 gr,"€2,19/un","€17,52/kg"
Cápsulas de Café Lungo Int 5,Lavazza,emb. 16 un,"€4,49/un","€0,28/un"
Bolacha Orgânica Maria Integral,Gullón,emb. 400 gr,"€3,59/un","€8,98/kg"
Bombons de Chocolate Praliné,Milka,emb. 44 gr,"€2,29/un","€52,05/kg"
Lápis de Pasteleiro de Chocolate,Vahiné,emb. 23 gr,"€3,39/un","€147,39/kg"
Farinha Amido de Milho,Espiga,emb. 500 gr,"€2,42/un","€4,84/kg"
Pastilhas Elásticas de Frutos Vermelhos,Mentos,emb. 30 gr,"€1,60/un","€53,33/kg"
100% Salicórnia Moída,Qampo,emb. 45 gr,"€6,99/un","€155,33/kg"
Bombons de Chocolate Caja Roja,Nestlé,emb. 200 gr,"€5,61/un","€28,05/kg"
Cereais Corn Flakes sem Glúten,Schär,emb. 250 gr,"€3,05/un","€12,20/kg"
Preparado para Mousse de Maracujá,Condi,emb. 80 gr,"€1,69/un","€21,13/kg"
"Chá Verde, Algas e Fibras Adelgass Plus Saquetas",Cem Porcento,emb. 10 un,"€1,99/un","€44,22/kg"
Preparado para Sobremesas Vegan,Nestlé,emb. 370 gr,"€1,99/un","€5,38/kg"
Manteiga de Amendoim Pedaços,Cem Porcento,emb. 200 gr,"€2,29/un","€11,45/kg"
Muesli Crunchy Chocolate e Avelãs com Stevia,Continente Equilíbrio,emb. 300 gr,"€2,39/un","€7,97/kg"
Sementes de Quinoa,Continente,emb. 200 gr,"€1,39/un","€6,95/kg"
Chá Verde Saquetas,Cem Porcento,emb. 10 un,"€1,99/un","€33,17/kg"
Mix Frutos Secos Sport,Continente,emb. 50 gr,"€0,99/un","€19,80/kg"
Polpa de Maracujá,Koala,emb. 565 gr,"€4,29/un","€7,59/kg"
Snack de Chocolate com Biscoito e Caramelo,Twix,emb. 75 gr,"€1,19/un","€15,87/kg"
Tempura,Saitaku,emb. 150 gr,"€3,19/un","€21,27/kg"
Bolachas Crocantes Recheadas com Chocolate B-Ready,Nutella,emb. 88 gr (2 un),"€0,89/un","€20,23/kg"
Preparado para Panquecas Simples,Branca de Neve,emb. 220 gr,"€2,24/un","€10,18/kg"
Mel Multiflor,João Franco,emb. 500 gr,"€7,49/un","€14,98/kg"
Mel Rosmaninho,João Franco,emb. 500 gr,"€7,49/un","€14,98/kg"
Óleo Alimentar,Vêgê,emb. 1 lt,"€3,49/un","€3,49/lt"
Papa Infantil Farinha Não Láctea Multifrutos sem Glúten +4M,Nutribén,emb. 250 gr,"€2,45/un","€9,80/kg"
Molho Kebab,Dona Sarah,emb. 250 gr,"€2,29/un","€9,16/lt"
Bolo com Recheio de Chocolate,Chipicao,emb. 288 gr (4 un),"€2,85/un","€12,50/kg"
"Papas de Aveia, Banana e Cacau Biológicas",Origens Bio,emb. 300 gr,"€4,99/un","€16,63/kg"
Aroma de Baunilha em Pó,Condi,emb. 12 gr,"€1,09/un","€90,83/kg"
Folhas Algas Sushi Nori,Saitaku,emb. 5 un,"€2,19/un","€156,43/kg"
Cápsulas de Café Ristretto Barista Int 9,Dolce Gusto,emb. 16 un,"€5,99/un","€0,37/un"
Nestlé Moments Tablete de Chocolate de Leite,Nestlé,emb. 90 gr,"€1,49/un","€16,56/kg"
Vinagre de Arroz,Miyata,emb. 150 ml,"€1,79/un","€11,93/lt"
Adoçante com Stevia,Canderel,emb. 40 gr,"€3,19/un","€79,75/kg"
Leite de Coco Condensado,Koala,emb. 490 gr,"€3,25/un","€6,63/kg"
Cereais Fitness Trigo e Aveia Integral,Fitness,emb. 375 gr,"€2,29/un","€6,11/kg"
Cacau em Pepitas Biológico,Origens Bio,emb. 100 gr,"€3,99/un","€39,90/kg"
Vinagre de Sidra 100%,Paladin,emb. 500 ml,"€2,08/un","€4,16/lt"
Creme de Marisco,Knorr,emb. 60 gr,"€1,46/un","€24,33/kg"
Óleo de Graínha de Uva,Fula,emb. 250 ml,"€4,79/un","€19,16/lt"
Gelatina em Pó Light de Frutos Tropicais,Condi,emb. 2 x 15 gr,"€1,89/un","€63,00/kg"
Batata Frita Sabor Pimenta Preta,Tyrrell's,emb. 150 gr,"€2,64/un","€17,60/kg"
Sazonador para Tacos,Old El Paso,emb. 25 gr,"€1,39/un","€55,60/kg"
Snack de Chocolate de Leite Kit Kat Pops,Kit Kat,emb. 110 gr,"€2,89/un","€26,27/kg"
Farinha de Trigo e Alfarroba,Nacional,emb. 1 kg,"€1,83/un","€1,83/kg"
Café em Grão Torrado Dak Lak,Sical,emb. 220 gr,"€2,49/un","€11,32/kg"
Cápsulas de Café Aroma Originale Int 8,Bellissimo,emb. 10 un,"€2,69/un","€0,27/un"
Goiabada Cascão,Predilecta,emb. 350 gr,"€2,54/un","€7,26/kg"
Granola Integral Light,Salutem,emb. 400 gr,"€3,99/un","€9,98/kg"
Massa Instantânea de Arroz Baixo em Gordura,Koka,emb. 330 gr,"€2,68/un","€8,12/kg"
Piri-Piri Chipotle,Margão,emb. 46 gr,"€3,39/un","€73,70/kg"
Papa Infantil Farinha Láctea +6M,Cerelac,emb. 500 gr,"€2,99/un","€5,98/kg"
Snacks Tortilha Bowls Sea Salt sem Glúten,Old El Paso,emb. 150 gr,"€2,99/un","€19,93/kg"
Drageias de Chocolate com Amendoim,M&M's,emb. 45 gr,"€1,05/un","€23,33/kg"
Bagas de Zimbro para Gin,Mix,emb. 25 gr,"€3,90/un","€156,00/kg"
Muxama de Atum,Ficolumé,emb. 110 gr,"€5,69/un","€51,73/kg"
Cápsulas de Café Aroma Intenso Int 10,Bellissimo,emb. 10 un,"€2,69/un","€0,27/un"
Rolinhos Arco-Iris,Vahiné,emb. 71 gr,"€1,79/un","€25,21/kg"
Leite e Cereais Bolacha Maria +6M,Cerelac,emb. 2 x 200 ml,"€2,14/un","€5,35/lt"
Arroz de Caril Pot Pronto a Comer,Knorr,emb. 73 gr,"€1,99/un","€27,26/kg"
Tablete de Chocolate Negro com Amêndoa Les Recettes de L'Atelier,Nestlé,emb. 170 gr,"€2,99/un","€17,59/kg"
Cravinho Grão em Saqueta,Continente,emb. 30 gr,"€1,29/un","€43,00/kg"
Bombons de Chocolate Dark Origins,Ferrero Rocher,emb. 187 gr,"€7,39/un","€39,52/kg"
Sortido de Bolachas,Cuétara,emb. 420 gr,"€5,69/un","€13,55/kg"
Mousse de Café,Branca de Neve,emb. 140 gr,"€1,69/un","€12,07/kg"
Sementes de Girassol,Cem Porcento,emb. 150 gr,"€1,39/un","€9,27/kg"
Salada de Frutas em Calda,Ferbar,emb. 840 gr (peso escorrido 480 gr),"€4,49/un","€9,35/kg"
Tempero Sumo de Limão,Cristal,emb. 500 ml,"€3,89/un","€7,78/lt"
Bolachas Smooth Original,Nacional,emb. 100 gr,"€1,19/un","€11,90/kg"
Snack de Chocolate Kinder Bueno,Kinder,emb. 43 gr,"€1,09/un","€25,35/kg"
Sementes de Papoila,Cem Porcento,emb. 200 gr,"€2,99/un","€14,95/kg"
Farinha para Pão,Continente,emb. 1 kg,"€2,99/un","€2,99/kg"
Snack de Chocolate de Leite Kit Kat Chunky,Kit Kat,emb. 160 gr (4 un),"€3,39/un","€21,19/kg"
Rebuçados de Limão e Melisa sem Açúcar,Mentolin,emb. 100 gr,"€2,19/un","€21,90/kg"
Salsicha de Aves Kinderwurst,Continente,emb. 400 gr,"€4,99/un","€12,48/kg"
Tortitas Milho com Chocolate Leite Sem Glúten,Diet Radisson,emb. 125 gr,"€3,08/un","€24,64/kg"
Infusão Nº5 Emagress Plus Saquetas,Cem Porcento,emb. 10 un,"€0,74/un","€0,07/un"
Gelatina em Pó Zero% de Kiwi sem Glúten,Condi,emb. 28 gr,"€1,89/un","€67,50/kg"
Mix Pimentas com Sal Grosso Moinho,Continente,emb. 182 gr,"€1,59/un","€8,74/kg"
Café Moído Drip Coffee,Delta,emb. 5 x 9 gr,"€2,99/un","€2,99/un"
Bolachas Cookies com Pepitas de Chocolate e Coco,Bounty,emb. 180 gr,"€2,59/un","€14,39/kg"
Drageias de Morango sem Açúcar,Smint,emb. 70 gr,"€3,69/un","€52,71/kg"
Bombons de Chocolate Dulces Deseos,Lindt,emb. 150 gr,"€6,99/un","€46,60/kg"
Noodles de Camarão,Nissin,emb. 63 gr,"€1,79/un","€28,41/kg"
Bagas de Arando,Cem Porcento,emb. 125 gr,"€3,19/un","€25,52/kg"
Molho Parmigiana,Sacla,emb. 350 gr,"€4,99/un","€14,26/kg"
Gelatina em Pó Light de Manga Laranja,Condi,emb. 2 x 15 gr,"€1,89/un","€63,00/kg"
Flocos Milho Biológicos,Continente Bio,emb. 300 gr,"€1,99/un","€6,63/kg"
Pastilhas de Café Descafeinado,Delta,emb. 16 un,"€3,89/un","€0,24/un"
Tablete de Chocolate de Leite Milkinis 8 un,Milka,"emb. 87,5 gr","€1,69/un","€19,43/kg"
Granola Frutos Vermelhos Biológica,Origens Bio,emb. 300 gr,"€4,99/un","€16,63/kg"
Bombons de Chocolate Praliné,Milka,emb. 110 gr,"€4,59/un","€41,73/kg"
Azeite Virgem Pet,Oliveira da Serra,emb. 75 cl,"€4,23/un","€5,64/lt"
Papa Infantil Farinha Multifrutos sem Glúten 1ª Papa +4M,Continente do Bebé,emb. 250 gr,"€2,59/un","€10,36/kg"
Molho de Francesinha,Guloso,emb. 500 gr,"€3,14/un","€6,28/kg"
Canja de Galinha com Aletria,Maggi,emb. 82 gr,"€1,49/un","€18,17/kg"
Papa Infantil Farinha Não Láctea 8 Cereais +6M,Hero Baby,emb. 340 gr,"€2,31/un","€6,79/kg"
Vinagre Balsâmico Spray,Monari,emb. 250 ml,"€4,19/un","€16,76/lt"
Sucedâneo Caviar Preto Caviartic,Ubago,emb. 75 gr,"€2,69/un","€35,87/kg"
Sopa de Legumes Primavera,Maggi,emb. 63 gr,"€1,49/un","€2,37/kg"
Folha de Arroz,Blue Dragon,emb. 134 gr,"€3,19/un","€23,81/kg"
Tablete de Chocolate com Creme de Cacau,Milka,emb. 100 gr,"€1,69/un","€16,90/kg"
Drageias de Mentol,Mentos,emb. 40 gr,"€0,70/un","€18,42/kg"
Infusão Borututo Saquetas,Flora Mundial,emb. 10 un,"€1,89/un","€0,19/un"
Drageias Rainbow,Mentos,emb. 40 gr,"€0,70/un","€18,42/kg"
Cápsulas de Café Cappuccino,Lavazza,emb. 16 un,"€4,49/un","€0,28/un"
Pudim Zero% de Pêssego-Maracujá,Condi,emb. 22 gr,"€0,89/un","€40,45/kg"
Mostarda em Grão Frasco,Savora,emb. 190 gr,"€1,86/un","€9,79/kg"
Vinagre de Uvas Vale da Rosa,Paladin,emb. 500 ml,"€1,59/un","€3,18/lt"
Cápsulas de Café Expresso Buondi Int 8,Dolce Gusto,emb. 16 un,"€5,99/un","€0,37/un"
Tapioca Brasileira,Globo,emb. 250 gr,"€1,69/un","€6,76/kg"
Café em Grão Qualitá Rossa,Lavazza,emb. 500 gr,"€6,19/un","€12,38/kg"
Massa Disney Princesas,Dalla Costa,emb. 300 gr,"€1,79/un","€5,97/kg"
Bolachas de Chocolate com Recheio Brownie,Oreo,emb. 154 gr,"€1,49/un","€9,68/kg"
Infusão Detox Saquetas,Continente,emb. 10 un,"€0,59/un","€0,06/un"
Bombons de Chocolate Árvore Empire Lata,Jubileu,emb. 175 gr,"€9,29/un","€53,09/kg"
Snack de Chocolate Moments Oreo,Milka,emb. 92 gr,"€3,19/un","€34,67/kg"
Snack de Chocolate de Leite e Arroz Tufado,M&M's,emb. 31 gr,"€1,05/un","€33,87/kg"
Papa Infantil Não Láctea 7 Cereais +6M,Blédina,emb. 200 gr,"€2,26/un","€11,30/kg"
Doce Explosivo Tutti Frutti Gum,Peta Zetas,emb. 8 gr,"€0,79/un","€98,75/kg"
Infusão Body Balance Saquetas,Lipton,emb. 20 un,"€1,94/un","€0,10/un"
Molho Shoarma,Dona Sarah,emb. 250 ml,"€2,29/un","€9,16/kg"
Snacks Couratos,Sanzé,emb. 50 gr,"€1,32/un","€26,40/kg"
Gelatina em Pó Vegetal de Frutos do Bosque,Alsa,emb. 180 gr,"€2,99/un","€16,61/kg"
Papa Infantil Láctea Multifrutos sem Glúten +4M,Cerelac,emb. 250 gr,"€2,99/un","€11,96/kg"
Molho Agridoce,Paladin,emb. 250 ml,"€2,45/un","€9,80/lt"
Drageias de Fruta,Mentos,emb. 120 gr,"€1,99/un","€16,58/kg"
Topping de Morango,Branca de Neve,emb. 365 gr,"€3,49/un","€9,56/gr"
Bombons de Chocolate Les Recettes de L'Atelier,Nestlé,emb. 186 gr,"€6,36/un","€34,19/kg"
Azeite Virgem Extra DOP Trás-os-Montes,Casa Santo Amaro,emb. 50 cl,"€6,75/un","€13,50/lt"
Leite Condensado Magro,Nestlé,emb. 387 gr,"€1,79/un","€4,63/kg"
Infusão Nº28 Barbas de Milho Saquetas,Raízes da Natureza,emb. 10 un,"€0,74/un","€0,07/un"
Moinho Pimentas do Chefe em Frasco,Margão,emb. 34 gr,"€4,49/un","€132,06/kg"
Bolachas Wafers de Chocolate e Straciatela,Vieira,emb. 150 gr,"€1,24/un","€8,27/kg"
Farinha para Pizza com Levedura,Nacional,emb. 1 kg,"€1,38/un","€1,38/kg"
Tablete de Chocolate com Amêndoa,Milka,emb. 125 gr,"€1,99/un","€15,92/kg"
Vinagre Balsâmico de Modena,Cristal,emb. 250 ml,"€2,51/un","€10,04/lt"
Patê de Salmão,La Piara,emb. 77 gr (peso escorrido 77 gr),"€2,39/un","€31,04/kg"
Bolachas com Cobertura de Chocolate Negro,Fabs Origin,emb. 150 gr,"€2,89/un","€19,27/kg"
Farinha de Aveia,Seara,emb. 250 gr,"€1,99/un","€7,96/kg"
Papa Infantil Farinha Milho e Arroz sem Glúten 1ª Papa +4M,Continente do Bebé,emb. 250 gr,"€2,59/un","€10,36/kg"
Infusão Nº41 Carqueja Saquetas,Raízes da Natureza,emb. 10 un,"€0,94/un","€0,09/un"
Barra de Chocolate Negro e Manteiga de Amendoim,Be-Kind,emb. 40 gr,"€1,99/un","€49,75/kg"
Lápis de Pasteleiro de Baunilha,Vahiné,emb. 25 gr,"€3,39/un","€135,60/kg"
Stix Krave Chocolate e Avelã,Kellogg's,"emb. 102,5 gr","€2,59/un","€25,39/kg"
Bombons de Chocolate Empire Collection,Jubileu,emb. 190 gr,"€8,79/un","€46,26/kg"
Fermento de Padeiro,Vahiné,"emb. 4 x 4,6 gr","€1,79/un","€99,44/kg"
Tablete de Chocolate Confetti,Milka,emb. 100 gr,"€1,69/un","€16,90/kg"
Café Solúvel Gold Mocha,Nescafé,emb. 8 x 18 gr,"€3,19/un","€22,15/kg"
Farinha Láctea Frutas sem Glúten +4M,Nutribén,emb. 250 gr,"€3,19/un","€12,76/kg"
Molho de Francesinha,Dom Duarte,emb. 500 gr,"€2,98/un","€5,96/kg"
Bombons de Chocolate com Menta,After Eight,emb. 400 gr,"€5,69/un","€14,23/kg"
Snack de Chocolate Branco Kit Kat Chunky,Kit Kat,emb. 165 gr (4 un),"€3,39/un","€20,55/kg"
Açúcar Baunilhado,Globo,emb. 70 gr,"€0,79/un","€11,29/kg"
Tablete de Chocolate de Leite,Guylian,emb. 100 gr,"€2,24/un","€22,40/kg"
"Bolachas de Sementes de linhaça, Sésamo e Abóbora",Continente,emb. 200 gr (12 un),"€2,19/un","€10,95/kg"
Tablete de Chocolate com Oreo e Brownie,Milka,emb. 100 gr,"€1,69/un","€16,90/kg"
Mel com Própolis,Serramel,emb. 300 gr,"€6,99/un","€23,30/kg"
Farinha Amido de Milho,Continente,emb. 400 gr,"€1,29/un","€3,23/kg"
Pastilhas de Café Torrado 5 Estrelas Nyeri,Sical,"emb. 16 x 6,5 gr","€3,04/un","€0,19/un"
Cereais Zimmy Canela,Kellogg's,emb. 330 gr,"€2,49/un","€7,55/kg"
Infusão Nº18 Erva São Roberto Saquetas,Raízes da Natureza,emb. 10 un,"€0,74/un","€0,07/un"
Chá Verde Suave Manga Saquetas,Tetley,emb. 10 un,"€0,84/un","€0,08/un"
Leite 6 Cereais e Mel +6M,Cerelac,emb. 2 x 200 ml,"€2,14/un","€5,35/lt"
Leite Condensado Magro Cozido,Nestlé,emb. 387 gr,"€2,09/un","€5,40/kg"
Tablete de Chocolate Negro 90% Cacau Biológico,Cem Porcento,emb. 100 gr,"€2,54/un","€25,40/kg"
Sal Rosa Puro dos Himalaias com Moinho,Ktc,emb. 110 gr,"€3,09/un","€28,09/kg"
Mistura para Brownie sem Glúten Biológico,Shine,emb. 350 gr,"€6,99/un","€19,97/kg"
Couscous,Seara,emb. 500 gr,"€2,99/un","€5,98/kg"
Cobertura de Morango,Koala,emb. 227 gr,"€1,89/un","€8,33/kg"
Pasta Wasabi,Blue Dragon,emb. 45 gr,"€4,19/un","€93,11/kg"
Preparado para Panquecas com Amendoim e Pepitas de Chocolate Biológico,Shine,emb. 400 gr,"€6,99/un","€17,48/kg"
Decoração Corações de Açúcar,Vahiné,emb. 2 gr,"€4,19/un","€2,095,00/kg"
Mousse de Limão,Branca de Neve,emb. 125 gr,"€1,69/un","€13,52/kg"
Amêndoa em Pó,Vahiné,emb. 125 gr,"€4,49/un","€35,92/kg"
Snack de Chocolate de Leite Lion,Lion,emb. 3 x 42 gr,"€1,64/un","€13,02/kg"
Manteiga de Amendoim com Coco Biológica,Continente Bio,emb. 225 gr,"€3,39/un","€15,07/kg"
Filete de Cavala em Óleo,Ribeira,emb. 155 gr (peso escorrido 85 gr),"€2,19/un","€25,76/kg"
Preparado para Bolo de Chocolate na Caneca,Condi,emb. 70 gr,"€1,09/un","€15,57/kg"
Snack de Chocolate com Caramelo,Mars,emb. 51 gr,"€1,05/un","€20,59/kg"
Molho de Queijo,Mexifoods,emb. 330 gr,"€2,79/un","€8,45/kg"
Creme Chocolate Branco e Coco sem Glúten,La Vida Vegan,emb. 270 gr,"€5,99/un","€22,19/kg"
Chupas Sortido sem Açúcar e sem Glúten,Chupa Chups,emb. 66 gr,"€2,99/un","€45,30/kg"
Vagem de Baunilha,Condi,emb. 1 un,"€6,49/un","€1,622,50/kg"
Pastilhas Elásticas de Bubblemint sem Açúcar,Orbit,emb. 16 gr,"€0,89/un","€55,63/kg"
Cereais Corn Flakes sem Açúcar,Salutem,emb. 250 gr,"€1,89/un","€7,56/kg"
Drageias Crazy Sours,Skittles,emb. 174 gr,"€2,89/un","€16,61/kg"
Farinha de Coco,Origens Bio,emb. 250 gr,"€1,99/un","€7,96/kg"
Bombons de Chocolate Negro Sublime,Nestlé,emb. 85 gr,"€3,21/un","€37,76/kg"
Gelatina em Pó Vegetal de Ananás,Condi,emb. 180 gr,"€2,19/un","€12,17/kg"
Miolo de Amêndoa Granulado,Cimarrom,emb. 100 gr,"€1,89/un","€18,90/kg"
Molho de Ostras e Cebolinho,Blue Dragon,emb. 120 gr,"€1,79/un","€14,92/kg"
Snack de Chocolate com Amendoim e Caramelo,Snickers,emb. 2 x 40 gr,"€1,59/un","€19,88/kg"
Tablete de Chocolate Puro com Avelã,Ritter Sport,emb. 100 gr,"€1,94/un","€19,40/kg"
Preparado para Brownie,Condi,emb. 370 gr,"€4,34/un","€11,73/kg"
Miolo de Amêndoa Moída,Cimarrom,emb. 100 gr,"€1,89/un","€18,90/kg"
Pólen Milflores,João Franco,emb. 105 gr,"€5,89/un","€56,10/kg"
Preparado para Bolo de Chocolate,Condi,emb. 400 gr,"€2,14/un","€5,35/kg"
Coco Ralado,Ferbar,emb. 200 gr,"€2,19/un","€10,95/kg"
Bolachas Wafers Cacau,Waferland,emb. 175 gr,"€1,29/un","€7,37/kg"
Café Solúvel Intenso,Nescafé,emb. 100 gr,"€3,99/un","€39,90/kg"
Bombons de Chocolate de Mousse,Merci,emb. 210 gr,"€4,69/un","€22,33/kg"
Molho Mil Ilhas Salatfix,Kühne,emb. 250 ml,"€2,15/un","€8,60/lt"
Biscoitos de Linhaça,Cem Porcento,emb. 200 gr,"€2,69/un","€10,76/kg"
Cápsulas de Café Latte Macchiato,Starbucks,emb. 12 un,"€4,64/un","€0,39/un"
Patê com Ervas Finas Estilo Provençal,La Piara,emb. 100 gr (peso escorrido 100 gr),"€1,99/un","€19,90/kg"
Bolachas Caramelizadas,Lotus,emb. 250 gr,"€1,69/un","€6,76/kg"
Doce de Cereja,Continente Seleção,emb. 250 gr,"€2,19/un","€8,76/kg"
Molho Piri-piri Sacana Ai-Ai,Paladin,emb. 75 ml,"€3,09/un","€41,20/lt"
Patê de Gambas,La Piara,emb. 75 gr (peso escorrido 75 gr),"€2,39/un","€31,87/kg"
Sal Preto do Chipre com Moínho,Margão,emb. 50 gr,"€4,49/un","€89,80/kg"
Vinagre de Sidra 100% com Gengibre,Paladin,emb. 500 ml,"€2,60/un","€5,20/lt"
Vinagre de Tomate Fruta Portuguesa,Oliveira da Serra,emb. 250 ml,"€1,39/un","€5,56/lt"
Óleo de Girassol,Continente,emb. 3 lt,"€8,09/un","€2,70/lt"
Xilitol Biológico,Seara,emb. 250 gr,"€5,49/un","€21,96/un"
Bolo com Recheio de Chocolate,Bollycao,emb. 57 gr,"€0,59/un","€10,35/kg"
Café Solúvel Descafeinado Gold Cappuccino,Nescafé,"emb. 10 x 12,5 gr","€3,19/un","€25,52/kg"
Bombons de Chocolate de Leite,Merci,emb. 250 gr,"€4,69/un","€18,76/kg"
"Chá Vermelho, Fibras, Ameixa e Híbisco Peso Ideal Saquetas",Cem Porcento,emb. 10 un,"€1,99/un","€44,22/kg"
Doce de Abóbora Balcão,Prisca,Quant. Mínima = 150 gr,"€6,69/kg","€0,20/un"
Noodles de Galinha Banzai,Cigala,emb. 67 gr,"€1,19/un","€17,76/kg"
Bombos de Chocolate de Leite Pralinés,Milka,emb. 165 gr,"€3,99/un","€24,18/kg"
Boião de Fruta Banana e Maçã +4M,Nutribén,emb. 120 gr,"€1,05/un","€8,75/kg"
Infusão Nº9 Emagressil Saquetas,Raízes da Natureza,emb. 10 un,"€0,94/un","€0,09/un"
Snack de Chocolate de Leite com Caramelo Dairy Milk,Cadbury,emb. 45 gr,"€0,99/un","€22,00/kg"
Tus Recetas Rusticas,Bonduelle,emb. 359 gr (peso escorrido 300 gr),"€2,99/un","€9,97/kg"
Barras de Cereais Crunchy Aveia e Mel sem Lactose,Nature Valley,emb. 5 x 42 gr,"€2,99/un","€14,24/kg"
Pipocas Cobertas com Chocolate,Continente,emb. 125 gr,"€1,39/un","€11,12/kg"
Fermento para Massas Doces sem Glúten,Condi,emb. 40 gr,"€1,74/un",
"Cool Fruits Maçã, Framboesa e Arando Biológicas Saqueta",Vitabio,emb. 4 x 120 gr,"€5,55/un","€11,56/kg"
Garam Masala em Lata,Khanum,emb. 100 gr,"€3,49/un","€34,90/kg"
Delícia de Chocolate com Amêndoa,Branca de Neve,emb. 360 gr,"€4,14/un","€11,50/kg"
Preparado para Base para Panquecas,Pangudi,emb. 200 gr,"€2,29/un","€11,45/kg"
Pétalas de Rosa para Gin,Mix,emb. 5 gr,"€3,80/un","€760,00/kg"
Snack de Chocolate Moments Toffee Wholenut,Milka,emb. 97 gr,"€3,19/un","€32,89/kg"
Preparado para Compotas Pectina,Condi,emb. 25 gr,"€2,04/un","€81,60/kg"
Caldo de Galinha Cubos,Maggi,emb. 16 un,"€2,79/un","€17,44/kg"
Cereais Flocos Deliciosos,Nat,emb. 340 gr,"€1,99/un","€5,85/kg"
Bebida de Chocolate Solúvel,Continente,emb. 400 gr,"€1,69/un","€4,23/kg"
Pão de Ló,Branca de Neve,emb. 435 gr,"€2,99/un","€6,87/kg"
Chá Verde Hortelã-Pimenta Selénio Detox Saquetas,Tetley,emb. 20 un,"€2,44/un","€0,12/un"
Lápis de Pasteleiro de Morango,Vahiné,emb. 25 gr,"€3,39/un","€135,60/kg"
Tablete de Chocolate 100% Cacau sem Glúten,Regina,emb. 100 gr,"€1,73/un","€17,30/kg"
Vinagre Balsâmico,Paladin,emb. 250 ml,"€2,09/un","€8,36/lt"
Massa de Lentilhas Vermelhas,Dalla Costa,emb. 250 gr,"€3,09/un","€12,36/kg"
Pimenta Preta Moída do Brasil em Frasco,Margão,emb. 32 gr,"€3,19/un","€99,69/kg"
Óleo Alimentar,Continente,emb. 3 lt,"€7,65/un","€2,55/lt"
Tortitas de Arroz sem Sal sem Glúten,Diet Radisson,emb. 150 gr,"€2,59/un","€19,92/kg"
Demae Ramen de Galinha,Nissin,emb. 100 gr,"€1,49/un","€14,90/kg"
Tablete de Oreo,Milka,emb. 37 gr,"€0,99/un","€26,76/kg"
Saqueta de Cereais e Bolacha Maria Nestum +3A,Nestum,emb. 80 gr,"€0,99/un","€12,38/kg"
Bombons de Chocolate com Avelã,Delaviuda,emb. 150 gr,"€2,39/un","€15,93/kg"
Café Torrado 5 Estrelas Clássico Descafeinado Moagem Universal,Sical,emb. 220 gr,"€3,14/un","€14,27/kg"
Folha de Arroz,,emb. 250 gr,"€2,74/un","€10,96/kg"
Crackies de Milho com Sal sem Glúten,Caçarola,emb. 130 gr,"€1,39/un","€10,69/kg"
Risotto com Cogumelos Pronto a Comer,Scotti,emb. 210 gr,"€2,35/un","€11,19/kg"
Bombons de Chocolate com Chocolate Belga e Praliné,Bem Me Quer,emb. 250 gr,"€2,69/un","€10,76/kg"
Flor de Laranjeira para Gin,Mix,emb. 8 gr,"€3,30/un","€412,50/kg"
Patê de Sardinha,La Piara,emb. 75 gr (peso escorrido 75 gr),"€1,64/un","€21,87/kg"
Preparado de Crepes,Pangudi,emb. 200 gr,"€2,29/un","€11,45/kg"
Tablete de Chocolate Negro com Amêndoa Les Recettes de L'Atelier,Nestlé,emb. 115 gr,"€1,96/un","€17,04/kg"
Cápsulas de Sopa de Cogumelos Compatível com Dolce Gusto,Space Food,emb. 5 un,"€2,99/un","€42,71/kg"
Refeição para Bebé Creme de Abóbora e Batata +6M,Hero Baby,emb. 190 gr,"€1,59/un","€8,37/kg"
"Chá Guaraná, Ginseng e Erva-Mate Energia Saquetas",Forma+,emb. 10 un,"€2,14/un","€47,56/kg"
Snack de Chocolate Branco Kit Kat,Kit Kat,"emb. 3 x 41,5 gr","€2,79/un","€22,50/kg"
Papa Infantil Não Láctea Arro +4M,Blédina,emb. 200 gr,"€2,26/un","€11,30/kg"
Gelatina em Folhas Branca,Gelita,emb. 20 gr,"€2,09/un","€104,50/kg"
Manteiga de Cacau e Avelã Biológica,Seara,emb. 200 gr,"€4,69/un","€23,45/kg"
Tâmara Khidri,Jomara,emb. 400 gr,"€4,79/un","€11,98/kg"
Decoração Smiley Açúcar,Vahiné,emb. 14 gr,"€4,19/un","€299,29/kg"
Bolachas de Chocolate com Recheio de Creme,Oreo,emb. 66 gr,"€0,89/un","€13,48/kg"
Doce de Frutos Vermelhos sem Açúcar Biológico,Prisca,emb. 240 gr,"€5,19/un","€21,63/kg"
Cápsulas de Café Americano Intenso Int 9,Dolce Gusto,emb. 16 un,"€4,79/un","€0,30/un"
Mel Frasco,João Franco,emb. 260 gr,"€4,99/un","€19,19/kg"
Azeite Virgem Extra,Pousio,emb. 50 cl,"€6,99/un","€13,98/lt"
Manteiga de Amendoim Suave Biológica,Whole Earth,emb. 227 gr,"€4,89/un","€21,54/kg"
Bagas de Zimbro em Frasco,Margão,emb. 28 gr,"€2,49/un","€88,93/kg"
Molho Picante Chipotle,Tabasco,emb. 60 ml,"€2,95/un","€49,17/lt"
Kit para Tacos,Old El Paso,emb. 273 gr,"€4,99/un","€15,94/kg"
Miolo de Noz Metades,Continente,emb. 400 gr,"€4,79/un","€11,98/kg"
Cápsulas de Café Cremoso Int 7,Lavazza,emb. 16 un,"€4,49/un","€0,28/un"
Tablete de Chocolate Negro com Avelã Le Recettes de L'Atelier,Nestlé,emb. 115 gr,"€1,96/un","€17,04/kg"
Preparado para Bolo de Baunilha com Pepitas,Condi,emb. 400 gr,"€2,14/un","€5,35/kg"
Húmus Ervas,Mézete,emb. 215 gr,"€3,19/un","€14,84/kg"
Puff de Trigo Biológico,Continente Bio,emb.150 gr,"€1,49/un","€9,93/kg"
Pepitas Multicolores,Vahiné,emb. 80 gr,"€1,79/un","€22,38/kg"
Gelificante Natural Agar-Agar,Vahiné,emb. 8 gr,"€4,19/un","€523,75/kg"
Mousse de Frutos Vermelhos,Branca de Neve,emb. 130 gr,"€1,89/un","€14,54/kg"
Tablete de Chocolate Negro 70% Cacau Les Recettes de L'Atelier,Nestlé,emb. 100 gr,"€1,96/un","€19,60/kg"
Pudim Zero% Flan sem Glúten,Condi,emb. 14 gr,"€1,69/un","€120,71/kg"
Croissant com Recheio de Chocolate,Chipicao,emb. 80 gr,"€1,24/un","€15,50/kg"
Pasta de Açúcar Branco,Vahiné,emb. 250 gr,"€5,19/un","€20,76/kg"
Chá Cardo Mariano,Happyflora,emb. 50 gr,"€1,19/un","€23,80/kg"
Farinha de Linhaça Dourada,Salutem,emb. 500 gr,"€4,19/un","€8,38/kg"
Granola Aveia Biológica,Barnhouse,emb. 375 gr,"€4,99/un","€13,31/kg"
Super Papas Aveia Cacau e Avelã sem Glúten Biológicas,Shine,emb. 50 gr,"€1,89/un","€37,80/kg"
Chá Perpétua Roxa,Happyflora,emb. 40 gr,"€1,99/un","€49,75/kg"
Creme de Marisco,Maggi,emb. 75 gr,"€1,49/un","€19,87/kg"
Snack Tenebrio Molitor Desidratado com Sabor a Pimenta,Portugal Bugs,emb. 15 gr,"€4,49/un","€299,33/kg"
Snack Tenebrio Molitor Desidratado com Sal Marinho,Portugal Bugs,emb. 15 gr,"€4,49/un","€299,33/kg"
Tablete de Chocolate Culinária 70% Cacau Biológico,Vivani,emb. 200 gr,"€4,74/un","€23,70/kg"
Poke Springle Saladas,Saitaku,emb. 35 gr,"€4,50/un","€128,57/kg"
Chocolate em Pó,Delta,emb. 125 gr,"€2,14/un","€17,12/kg"
Preparado para Chantilly,Royal,emb. 72 gr,"€1,99/un","€27,64/kg"
Trigo Sarraceno,Seara,emb. 500 gr,"€3,19/un","€6,38/kg"
Bombons de Chocolate Praline Avelã,Jubileu,emb. 160 gr,"€5,99/un","€37,44/kg"
Snack de Chocolate com Biscoito e Caramelo,Twix,emb. 50 gr,"€0,76/un","€15,20/kg"
Alimento Lácteo Natural +6M,Yogolino,emb. 100 gr,"€0,84/un","€8,40/kg"
Corante Líquido Vermelho,Condi,emb. 25 ml,"€1,54/un","€61,60/lt"
Molho Indiano Tikka Masala,Sharwoods,emb. 420 gr,"€4,99/un","€11,88/kg"
Óleo de Coco Virgem Extra,Koala,emb. 180 ml,"€3,29/un","€18,28/lt"
Risonhas de Sésamo e Pevides,Fabridoce,emb. 120 gr,"€1,99/un","€16,58/kg"
Pastilhas de Café Angola,Delta,emb. 16 un,"€3,89/un","€0,24/un"
Pasta de Sésamo Biológica,Seara,emb. 230 gr,"€5,25/un","€22,83/kg"
Infusão Nº44 Centelha Asiática Saquetas,Raízes da Natureza,emb. 10 un,"€0,94/un","€0,09/un"
Corantes Alimentares,Vahiné,emb. 3 x 6 ml,"€2,69/un","€149,44/lt"
Mini Muffins Little Bites,Bimbo,emb. 168 gr (4 un),"€2,99/un","€17,80/kg"
Preparado para Mousse de Manga,Condi,emb. 80 gr,"€1,69/un","€21,13/kg"
Bolachas de Chocolate com Recheio de Creme e Pepitas Coloridas Birthday Party,Oreo,emb. 154 gr,"€1,49/un","€9,68/kg"
Gelatina em Pó Light de Mirtilo,Condi,emb. 2 x 15 gr,"€1,89/un","€63,00/kg"
Farinha para Creme Custard Baunilha,Condi,emb. 500 gr,"€3,49/un","€6,98/kg"
Corante Líquido Azul,Condi,emb. 25 ml,"€1,54/un",
Papa Infantil Farinha Não Láctea Creme de Arroz +4M,Hero Baby,emb. 220 gr,"€2,07/un","€9,41/kg"
Papa Infantil Não Láctea Milho e Arroz sem Glúten +4 Meses,Cerelac,emb. 250 gr,"€2,44/un","€9,76/kg"
Condimento Azeite Virgem Extra Aroma Alho e Pimenta,Gallo,emb. 25 cl,"€2,39/un","€9,56/lt"
Quinoa Preta,Natura,emb. 500 gr,"€4,45/un","€8,90/kg"
Leite de Creme,Continente,emb. 4 x 23 gr,"€0,49/un","€5,33/kg"
Broinhas com Ovos Moles e Mirtillo,Massas Vouga,emb. 250 gr,"€4,05/un","€16,20/kg"
Café Moído Torrado Santa Moagem Universal Bárbara,Sical,emb. 220 gr,"€2,49/un","€11,32/kg"
Cápsulas de Café Vanilla Machiato,Starbucks,emb. 12 un,"€4,64/un","€0,39/un"
Café Moído Torrado Moagem Universal Espírito Santo,Sical,emb. 220 gr,"€2,49/un","€11,32/kg"
Noz com Casca do Alentejo,Os Originais,emb. 500 gr,"€3,99/un","€7,98/kg"
Macadâmias ao Natural,Continente,emb. 125gr,"€3,99/un","€31,92/kg"
Azeite Virgem Extra Premium,Quinta do Juncal,emb. 50 cl,"€4,69/un","€9,38/lt"
Infusão Frutos Vermelhos Saquetas,Ahmad,emb. 20 un,"€3,99/un","€0,20/un"
Amêndoa Triturada,Vahiné,emb. 125 gr,"€4,49/un","€35,92/kg"
Salsichas de Soja,Cem Porcento,emb. 390 gr,"€4,69/un","€12,03/kg"
Caramelos com Pinhão,El Caserio,emb. 200 gr,"€3,99/un","€19,95/kg"
Drageia Boneco e Recarga,Pez,emb. 29 gr,"€2,29/un","€78,97/kg"
Cereais Miel Pops,Kellogg's,emb. 375 gr,"€2,49/un","€6,64/kg"
Mousse de Chocolate,Alsa,emb. 150 gr,"€2,59/un","€17,27/kg"
CAFÉ SOLÚVEL DELTA C/CAFÉINA 10*2G,DELTA,emb. 20 gr,"€1,14/un","€57,00/kg"
Bombons de Chocolate e Morango,Milka,emb. 110 gr,"€4,59/un","€41,73/kg"
Molho Vinagrete,Gallo,emb. 10 x 20 ml,"€4,99/un","€24,95/lt"
Infusão Regulax Saquetas,Forma+,emb. 10 un,"€1,49/un","€0,15/un"
Farinha de Alfarroba,Seara,emb. 250 gr,"€2,99/un","€11,96/kg"
Café Moído Torrado Moagem Universal Nyeri Quénia,Sical,emb. 220 gr,"€2,49/un","€11,32/kg"
Cápsulas de Descafeinado Int 5,Continente Bio,emb. 16 un,"€3,99/un","€0,25/un"
Folhas Algas Sushi Nori,Blue Dragon,emb. 11 gr,"€2,99/un","€271,82/kg"
Molho Caesar Top Down,Continente,emb. 275 ml,"€1,69/un","€6,15/lt"
Bombons de Chocolate Plaisir Ginja,Nestlé,emb. 158 gr,"€5,49/un","€34,75/kg"
Fuba de Mandioca,Globo,emb. 500 gr,"€2,39/un","€4,78/kg"
Café Moído Torrado Moagem Universal Dak Lak,Sical,emb. 220 gr,"€2,49/un","€11,32/kg"
Jaca em Calda,Koala,emb. 565 gr (peso escorrido 230 gr),"€2,95/un","€12,83/kg"
Flocos de Aveia Biológica,Seara,emb. 400 gr,"€2,04/un","€5,10/kg"
Farinha de Mandioca,Globo,emb. 500 gr,"€1,99/un","€3,98/kg"
Bolachas Napolitanas Chai,Cuétara,emb. 180 gr (5 un),"€2,29/un","€12,72/kg"
Azeite Virgem Extra Premium,Santa Vitória,emb. 50 cl,"€4,39/un","€8,78/lt"
Pastilhas de Café Torrado Moído Lote Clássico Int 9,Sical,"emb. 16 x 6,5 gr","€2,89/un","€0,18/un"
Preparado para Arroz Doce sem Glúten,El Mandarin,emb. 24 gr,"€1,89/un","€78,75/kg"
Snack de Chocolate com Amendoim e Caramelo,Snickers,emb. 50 gr,"€1,05/un","€21,00/kg"
Pudim Zero% de Chocolate sem Glúten,Condi,emb. 27 gr,"€0,89/un","€32,96/kg"
Snack de Chocolate de Leite Kit Kat,Kit Kat,"emb. 41,5 gr","€0,99/un","€24,15/kg"
Pepitas de Caramelo,Vahiné,emb. 70 gr,"€3,89/un","€55,57/kg"
Cápsulas Chá Preto Citrus,Nicola,emb. 10 un,"€1,29/un","€0,13/un"
Chantilly Fix,Vahiné,"emb. 19,5 gr","€1,79/un","€89,50/kg"
Cápsulas de Café Medium Holiday Blend Int 8,Starbucks,emb. 10 un,"€3,79/un","€0,38/un"
Bolachas Caramelizadas,Lotus,emb. 124 gr,"€0,99/un","€7,98/kg"
Alperce Extra,Os Originais,emb. 250 gr,"€4,99/un","€19,96/kg"
Aroma de Morango Líquido,Condi,emb. 25 ml,"€1,54/un","€61,60/lt"
Snack de Chocolate de Leite e Avelãs com Pedaços de Favas de Cacau Kit Kat Pops,Kit Kat,emb. 110 gr,"€2,89/un","€26,27/kg"
Hambúrguer Sementes,Veg In,emb. 160 gr (2 un),"€3,39/un","€21,19/kg"
Molho HP The Original,Squeezy,emb. 225 gr,"€3,59/un","€15,96/kg"
Muesli de 5 Cereais e Frutas Biológico,Continente Bio,emb. 400 gr,"€3,19/un","€7,98/kg"
Caldo de Carne Cubos,Maggi,emb. 16 un,"€2,79/un","€17,44/kg"
Chá Infusão Nº 10 Colesterolcontrol Saquetas,Cem Porcento,emb. 10 un,"€0,74/un","€12,33/kg"
Atum Posta em Azeite Biológico,Minerva,emb. 120 gr (peso escorrido 78 gr),"€1,23/un","€15,77/kg"
Molho Piri-piri Sacana Cannabis,Paladin,emb. 75 ml,"€3,09/un","€41,20/lt"
Massa Instantânea Chinesa Ezy Cook,Koka,emb. 375 gr,"€2,63/un","€7,01/kg"
Flôr de Pessegueiro Decorativa para Bolos,Continente,emb. 4 un,"€3,09/un","€0,77/un"
Chocolate Blonde,Continente Seleção,emb. 100 gr,"€1,79/un","€17,90/kg"
Brownie de Chocolate 5 un,Fibre One,emb. 120 gr (5 un),"€2,99/un","€24,92/kg"
Hambúrguer de Cereais com Queijo,Cem Porcento,emb. 160 gr,"€3,49/un","€21,81/kg"
Bombons de Chocolate Caja Roja,Nestlé,emb. 100 gr,"€3,21/un","€32,10/kg"
Confetis Corações,Vahiné,emb. 55 gr,"€3,39/un","€61,64/kg"
Decoração Açúcar Rosa,Vahiné,emb. 82 gr,"€1,79/un","€21,83/kg"
"Doce Maçã, Passas e Canela",Quinta de Jugais,emb. 180 gr,"€2,94/un","€16,33/kg"
Bolachas Crackers com Chia Natural Balance Biológicas,Origens Bio,emb. 150 gr,"€2,99/un","€19,93/kg"
Cremor Tártaro,Condi,emb. 50 gr,"€2,59/un","€51,80/kg"
Caramelos de Fruta,Sugus,emb. 45 gr,"€1,05/un","€23,33/kg"
Brownie de Chocolate Vitalday,Gullón,"emb. 202,5 gr (5 un)","€2,95/un","€14,60/kg"
Quinoa Integral,Tipiak,emb. 2 x 100 gr,"€3,35/un","€16,75/kg"
Infusão Nº13 Diabet Control Saquetas,Cem Porcento,emb. 10 un,"€0,74/un","€0,07/un"
Bolachas Digestivas Avenacol,Cuétara,emb. 300 gr,"€2,99/un","€9,97/kg"
Doce de Figo com Noz,Quinta de Jugais,emb. 280 gr,"€2,74/un","€9,79/kg"
Caramelos com Creme,Werther's,emb. 135 gr,"€2,19/un","€16,22/kg"
Bebida de Chocolate Solúvel,Continente,emb. 800 gr,"€2,69/un","€3,36/kg"
Chá Bolbo Folhas,Happyflora,emb. 50 gr,"€2,09/un","€41,80/kg"
Óleo Alimentar,Vaqueiro,emb. 1 lt,"€4,49/un","€4,49/lt"
Caril Biológico,Margão,emb. 36 gr,"€3,39/un","€94,17/kg"
Pipocas Doces Micro-ondas,Popz,emb. 4 x 32 gr,"€1,99/un","€15,55/kg"
Tablete de Chocolate Negro 70% Cacau Biológico,Côte D'Or,emb. 90 gr,"€2,79/un","€31,00/kg"
Pimenta Preta Moída Biológica,Margão,emb. 43 gr,"€3,49/un","€81,16/kg"
Esteira de Bambu,Blue Dragon,emb. 60 gr,"€2,79/un","€46,50/kg"
Batata Frita Sabor Chilli e Pimento Vermelho,Tyrrell's,emb. 150 gr,"€2,64/un","€17,60/kg"
Snack de Chocolate Happy Hippo,Kinder,emb. 5 un,"€2,49/un","€24,17/kg"
Bombons de Chocolate Chesterfield Gold,Hamlet,emb. 100 gr,"€5,39/un","€53,90/kg"
Bombons de Chocolate Caixa Image Line,Hamlet,emb. 100 gr,"€5,39/un","€53,90/kg"
Bombons de Chocolate com Laço Caixa Sortido,Hamlet,emb. 100 gr,"€5,39/un","€53,90/kg"
Chá de Plantas Nº7 Privenlaxssil,Raízes da Natureza,emb. 100 gr,"€1,84/un","€18,40/kg"
Chá de Plantas Nº4 Figavessil,Raízes da Natureza,emb. 100 gr,"€1,84/un","€18,40/kg"
Snack de Chocolate de Leite,Kinder,emb. 50 gr,"€1,14/un","€22,80/kg"
Sopa Rabo de Boi,Knorr,emb. 60 gr,"€1,46/un","€24,33/kg"
Pudim Zero% de Mirtilo,Condi,emb. 22 gr,"€0,89/un","€40,45/kg"
Couscous,La Molisana,emb. 1 kg,"€2,39/un","€2,39/kg"
Massa Lasanha Sêmola,La Molisana,emb. 500 gr,"€2,39/un","€4,78/kg"
Massa Fettucine Arroz,La Molisana,emb. 500 gr,"€2,39/un","€4,78/kg"
Pimenta Preta Moída Lampong em Frasco,Margão,emb. 35 gr,"€3,19/un","€91,14/kg"
Preparado para Pudim Flan sem Açúcar e sem Glúten,El Mandarin,emb. 30 gr (2 un),"€1,69/un","€56,33/kg"
Pauzinhos de Bambu,Blue Dragon,emb. 8 un,"€2,59/un","€37,00/kg"
Ovo de Chocolate Kinder Joy T1 Kinder Joy,Kinder,emb. 20 gr,"€1,45/un","€72,50/kg"
Snack de Chocolate de Leite e Manteiga de Amendoim Kit Kat Chunky,Kit Kat,emb. 42 gr,"€0,99/un","€23,57/kg"
Feijão Congo,Santiago,emb. 700 gr,"€2,29/un","€3,27/kg"
Tablete de Chocolate de Leite e Avelã Dairy Milk,Cadbury,emb. 120 gr,"€2,59/un","€21,58/kg"
Sal Marinho Especial para Grelhados,Vatel,emb. 750 gr,"€2,19/un","€2,92/kg"
Chá Quebra Pedra,Happyflora,emb. 100 gr,"€1,74/un","€17,40/kg"
Massa Radiatori,Rummo,emb. 500 gr,"€2,39/un","€4,78/kg"
Mini Wrap de Trigo,Koala,emb. 260 gr (12 un),"€1,76/un","€6,77/kg"
Bolachas Diet Fibra Integrais,Gullón,emb. 250 gr,"€2,49/un","€9,96/kg"
Travesseiros de Chocolate,Bimbo,emb. 240 gr (3 un),"€2,29/un","€8,98/kg"
Snacks Monster Munch,Lorenz,emb. 75 gr,"€2,39/un","€31,87/kg"
Gelatina Pronta Banana Proteína,Condi,emb. 80 gr,"€3,14/un","€39,25/kg"
Sopa de Massa e Feijão,Knorr,emb. 182 gr,"€2,99/un","€16,43/kg"
Rosa Decorativa para Bolos,Continente,emb. 6 un,"€2,09/un","€0,35/un"
Snack de Chocolate de Leite com Nougat Mel e Amêndoa,Toblerone,emb. 35 gr,"€0,89/un","€25,43/kg"
Gnocchi Di Patate,La Molisana,emb. 500 gr,"€2,07/un","€4,14/kg"
Snacks Batata Sabor Pizza,Pringles,emb. 175 gr,"€2,24/un","€12,80/kg"
Snack de Chocolate de Leite Kit Kat,Kit Kat,"emb. 9 x 20,7 gr","€2,99/un","€16,08/kg"
Tablete de Chocolate Negro com Flor de Sal,Cemoi,emb. 100 gr,"€1,29/un","€12,90/kg"
Leite Líquido Optipro para Lactentes Desde o Nascimento 1 até 6M,Nan,emb. 200 ml,"€1,99/un","€9,95/lt"
Bolachas com Chocolate e Sementes,Continente,emb. 200 gr,"€2,29/un","€11,45/kg"
Quinoa e Lentilhas ao Estilo Mexicano,Natura,emb. 250 gr,"€1,99/un","€7,96/kg"
Bolachas Belgas Cobertas com Red Velvet,Saborosa,emb. 198 gr (6 un),"€2,29/un","€11,57/kg"
"Papa Infantil Láctea Maçã, Frutos do Bosque e Aveia +8M",Blédina,emb. 200 gr,"€3,08/un","€15,40/kg"
Molho Piri-piri Azeite Audaz,Oliveira da Serra,emb. 50 ml,"€1,74/un","€34,80/lt"
Bolachas Twins Recheadas com Creme,Gullón,emb. 220 gr (5 un),"€2,39/un","€10,86/kg"
Salsichas Frankfurt sem Glúten Lata 10 un,Izidoro,emb. 350 gr (peso escorrido 250 gr),"€1,58/un","€6,32/kg"
Massa Tagliatelle Nido com Ovo,Delverde,emb. 250 gr,"€1,59/un","€6,36/kg"
Tablete de Chocolate Extra Noir 70% Cacau,Jubileu,emb. 100 gr,"€1,96/un","€19,60/kg"
Infusão Solúvel Camomila Saquetas,Cem Porcento,emb. 10 un,"€1,99/un","€44,22/kg"
Arroz Basmati Longo,Continente Bio,emb. 500 gr,"€1,99/un","€3,98/kg"
Torta com Recheio de Chocolate e Avelã,DanCake,emb. 300 gr,"€2,49/un","€8,30/kg"
Leite de Coco Light,Salutem,emb. 400 ml,"€2,39/un","€5,98/lt"
Biscoitos Cálcio com Cacau,Cem Porcento,emb. 250 gr,"€2,69/un","€10,76/kg"
Caldo de Galinha Cubos,Maggi,emb. 6 un,"€1,19/un","€19,83/kg"
Leite Creme,Alsa,emb. 140 gr,"€2,15/un","€15,36/kg"
Café Solúvel Clássico,Nescafé,emb. 10 x 2 gr,"€1,69/un","€84,50/kg"
Snack de Chocolate de Leite Lion,Lion,emb. 42 gr,"€0,99/un","€23,57/kg"
Óleo Alimentar,Gesi,emb. 1 lt,"€2,49/un","€2,49/lt"
Creme Vinagre Balsâmico com Soja,Ponti,emb. 250 ml,"€3,29/un","€13,16/lt"
Barra de Noz e Caramelo Torrado,Be-Kind,emb. 50 gr,"€2,49/un","€49,80/kg"
Gelatina Pronta Vegetal Morango,Condi,emb. 400 gr (4 un),"€2,14/un","€5,35/kg"
Infusão Nº34 Chá Vermelho Saquetas,Raízes da Natureza,emb. 10 un,"€1,19/un","€0,12/un"
Pastilhas Elásticas Wintergreen,Mentos,emb. 30 gr,"€1,60/un","€53,33/kg"
Bolachas Cobertas Recheadas Framboesa com Chocolate Negro,Mokate,emb. 150 gr,"€1,89/un","€12,60/kg"
Massa Fusilli,La Molisana,emb. 500 gr,"€1,59/un","€3,18/kg"
Tortitas de Arroz Integral e Quinoa Biológicas,Continente Bio,emb. 130 gr,"€1,49/un","€11,46/kg"
Drageias Lápis,Lacasitos,emb. 20 gr,"€1,49/un","€74,50/kg"
Tortitas Milho sem Glúten,Diet Radisson,emb. 135 gr,"€2,05/un","€15,19/kg"
Snack para Bebé de Framboesa NutriPuffs +8M,Cerelac,emb. 7 gr,"€0,64/un","€91,43/gr"
Barras de Cereais Frosties com Leite,Kellogg's,emb. 6 x 25 gr,"€1,79/un","€11,93/kg"
Rebuçados de Mentol,Vieira,emb. 250 gr,"€1,49/un","€5,96/kg"
Pudim de Chocolate,Alsa,emb. 136 gr,"€2,35/un","€17,28/kg"
Drageias de Frutos Silvestres sem Açúcar,Smint,emb. 8 gr,"€1,39/un","€173,75/kg"
Caramelos Original,Werther's,emb. 50 gr,"€1,09/un","€21,80/kg"
Drageias de Menta sem Açúcar,Smint,emb. 8 gr,"€1,39/un","€173,75/kg"
Gelatina em Pó de Amora,Condi,emb. 2 x 85 gr,"€1,79/un","€10,53/kg"
Cornitas de Feijão Preto,Rude Health,emb. 90 gr,"€1,79/un","€19,89/un"
Bolachas Pequeno Almoço Chocolate,Continente,emb. 300 gr (6 un),"€1,79/un","€5,97/kg"
Maionese Receita Económica Top Down sem Glúten,Vianeza,emb. 430 ml,"€1,99/un","€4,63/lt"
Massa Espirais Fusilli Molde Bronze,Milaneza,emb. 500 gr,"€1,85/un","€3,70/kg"
Infusão Nº23 Pau D'Arco Saquetas,Raízes da Natureza,emb. 10 un,"€0,94/un","€0,09/un"
Infusão Nº6 Obesidadssil Saquetas,Raízes da Natureza,emb. 10 un,"€0,94/un","€0,09/un"
Infusão Nº12 Próstassil Saquetas,Raízes da Natureza,emb. 10 un,"€0,94/un","€0,09/un"
Pudim Flan de Baunilha,Danone,emb. 400 gr (4 un),"€1,29/un","€3,23/kg"
Infusão Nº5 Nervocalmssil Saquetas,Raízes da Natureza,emb. 10 un,"€0,94/un","€0,09/un"
Infusão Nº2 Diabetssil Saquetas,Raízes da Natureza,emb. 10 un,"€0,94/un","€0,09/un"
Chá Planta Vinha Vermelha,Raízes da Natureza,emb. 50 gr,"€0,94/un","€18,80/kg"
Infusão Nº1 Colesterolssil Saquetas,Raízes da Natureza,emb. 10 un,"€0,94/un","€0,09/un"
Gelatina em Pó de Ananás,Condi,emb. 2 x 85 gr,"€1,79/un","€10,53/kg"
Lentilhas Verdes,Cem Porcento,emb. 500 gr,"€2,49/un","€4,98/kg"
Tortitas de Milho Multicereais sem Glúten,Continente Equilíbrio,emb. 130 gr,"€1,25/un","€9,62/kg"
Aroma de Limão Líquido,Condi,emb. 25 ml,"€1,54/un","€61,60/lt"
Puré de Batata Cebola e Bacon Pot Pronto a Comer,Knorr,emb. 51 gr,"€2,15/un","€42,16/kg"
Infusão Lúcia-Lima Saquetas,Happyflora,emb. 10 un,"€0,84/un","€0,08/un"
Caramelo de Leite,Penha,emb. 100 gr,"€1,39/un","€13,90/kg"
Aroma de Amêndoa Líquido,Condi,emb. 25 ml,"€1,54/un","€61,60/lt"
Saqueta de Fruta Frutos Variados Frutapura +12M,Blédina,emb. 100 gr,"€1,09/un","€10,90/kg"
Infusão Nº1 Relax Plus Saquetas,Cem Porcento,emb. 10 un,"€0,74/un","€0,07/un"
Infusão Nº16 Cidreira Saquetas,Raízes da Natureza,emb. 10 un,"€0,74/un","€0,07/un"
Carolo de Milho,Globo,emb. 500 gr,"€0,99/un","€1,98/kg"
Tablete de Cacau e Laranja sem Glúten,Lacasa,emb. 25 gr,"€0,74/un","€29,60/kg"
Tablete de Chocolate 70% Cacau,Lacasa,emb. 25 gr,"€0,74/un","€29,60/kg"
Snack de Milho sem Glúten Biológico,Fiorentini,emb. 20 gr,"€0,99/un","€49,50/kg"
Infusão Happydren Saquetas,Happyflora,emb. 10 un,"€0,84/un","€0,08/un"
Preparado para Leite de Creme,Branca de Neve,emb. 92 gr,"€1,09/un","€11,85/kg"
Chupa Chupa Melody,Chupa Chups,emb. 15 gr,"€0,89/un","€59,33/kg"
Rebuçados Energy Ice Tea,Halls,emb. 32 gr,"€0,89/un","€27,81/kg"
Pastilhas Elásticas de Spearmint sem Açúcar,Orbit,emb. 16 gr,"€0,89/un","€55,63/kg"
Pastilhas Elásticas de Morango sem Açúcar,Orbit,emb. 1 un,"€0,89/un","€55,63/kg"
Snack de Chocolate de Leite Kit Kat Chunky,Kit Kat,emb. 40 gr,"€0,99/un","€24,75/kg"
Pastilhas Elásticas de Tutti Frutti Super,Gorila,emb. 32 gr,"€0,59/un","€18,44/kg"
Fantasia de Chocolate Árvore de Natal,Jubileu,emb. 135 gr,"€4,69/un","€34,74/kg"
Bolachas Digestivas Thins de Frutos Silvestres,Vieira,emb. 174 gr (6 un),"€1,84/un","€10,57/kg"
Muesli Proteína Biológico,Bjorg,emb. 375 gr,"€4,99/un","€13,31/kg"
Leite em Pó de Transição Optipro 4 +24M,Nan,emb. 800 gr,"€9,99/un","€12,49/kg"
Snack para Bebé Cereais com Banana +8M,Gerber,emb. 35 gr,"€2,35/un","€67,14/kg"
Tablete de Chocolate de Leite com Amêndoas Les Recettes de L'Atelier,Nestlé,emb. 115 gr,"€1,96/un","€17,04/kg"
Bolachas com Cobertura Chocolate Argolas,Gullón,emb. 150 gr,"€1,44/un","€9,60/kg"
Pimenta Jamaica em Grão em Saqueta,Margão,emb. 20 gr,"€2,09/un","€104,50/kg"
Bolachas Crackers Sementes e Azeite,Love Seed,emb. 185 gr,"€1,94/un","€10,78/kg"
"Saqueta de Fruta Manga, Iogurte e Aveia +6M",Hero Solo,emb. 100 gr,"€1,11/un","€11,10/kg"
Trufas de Cacau Laço,Lacasa,emb. 250 gr,"€6,49/un","€25,96/kg"
Bombons de Chocolate Champs Elysees Negro,Lindt,emb. 470 gr,"€16,99/un","€36,15/kg"
Bombons de Chocolate com Avelãs,Candycat,emb. 230 gr,"€5,39/un","€23,43/kg"
Bombons de Chocolate de Leite e Avelã Tin Ball,Ferrero Rocher,"emb. 80,5 gr","€2,99/un","€36,91/kg"
Bombons de Chocolate Frutos do Mar,Bem Me Quer,emb. 250 gr,"€2,79/un","€11,16/kg"
"Refeição para Bebé Cenoura, Tomate e Perú +6M",Gerber,emb. 190 gr,"€1,64/un","€8,63/kg"
Estrela de Aperitivos,Os Originais,emb. 300 gr,"€7,99/un","€26,63/kg"
Snack Chocolate de Avelã Wafer,Nestlé,emb. 34 gr,"€0,69/un","€20,29/kg"
Cabaz nº 21,Aveleda,1 un,"€40,00/un","€40,00/kg"
Cabaz nº 1,Prisca,1 un,"€15,00/un","€15,00/kg"
Cabaz nº 20,Prisca,1 un,"€40,00/un","€40,00/kg"
Cabaz nº 30,Prisca,1 un,"€255,00/un","€255,00/kg"
Atum Posta em Azeite,Minerva,emb. 385 gr (peso escorrido 250 gr),"€3,47/un","€13,88/kg"
Doce de Abóbora Biológico,Prisca,emb. 250 gr,"€3,75/un","€15,00/kg"
Sardinha sem Pele e sem Espinhas com Tomate,Minerva,emb. 120 gr (peso escorrido 85 gr),"€2,59/un","€30,47/kg"
Tablete de Chocolate 92% Cacau,Lacasa,emb. 100 gr,"€1,64/un","€16,40/kg"
Tablete de Chocolate de Leite com Caramelo e Cookies Extrafino,Nestlé,emb. 87 gr,"€0,99/un","€11,38/kg"
Massa Macarronete Penne com Alga Kombu,Milaneza,emb. 300 gr,"€2,99/un","€9,97/kg"
Pudim de Baunilha,Alsa,emb. 116 gr,"€2,35/un","€20,26/kg"
Tablete de Chocolates Individuais 60% Cacau,Lindt,emb. 100 gr,"€1,99/un","€19,90/kg"
Molho Bolonhesa,Continente,emb. 420 gr,"€1,25/un","€2,98/kg"
Bolachas Originais,Wasa,emb. 275 gr,"€2,99/un","€10,87/kg"
Cápsulas de Café Encorpado,Nicola,emb. 10 un,"€2,99/un","€0,30/un"
Cápsulas de Café Caramelo,L'Or,emb. 10 un,"€3,39/un","€0,34/un"
Cápsulas de Café Extreme Int 12,Buondi,emb. 36 un,"€10,49/un","€0,29/un"
Bolachas Mini Recheadas Baunilha,Continente,emb. 160 gr (4 un),"€1,49/un","€9,31/kg"
Alga Kombu Fresca Biológica,Wissi,emb. 75 gr,"€2,99/un","€39,87/kg"
Snack de Chocolate Branco Kit Kat,Kit Kat,emb. 41.5 gr,"€0,99/un","€23,57/kg"
Bolachas Sem Açúcar,Prozis,emb. 170 gr (5 un),"€2,99/un","€17,59/kg"
"Saqueta de Fruta Pera, Maçã e Banana +4M",Gerber,emb. 90 gr,"€1,19/un","€13,22/kg"
Caixa de Furos de Chocolate,Regina,emb. 513 gr,"€14,99/un","€29,22/kg"
"Refeição para Bebé Ervilha, Batata e Frango +6M",Gerber,emb. 190 gr,"€1,64/un","€8,63/kg"
Bombons de Chocolate Cone,Ferrero Rocher,emb. 350 gr,"€12,99/un","€37,11/kg"
Bombons de Chocolate de Caramelo com Chocolate e Avelã,Toffiffe,emb. 125 gr,"€3,85/un","€30,80/kg"
Bombons de Chocolate Boules Pralinés Roses,Jacquot,emb. 1 kg,"€8,65/un","€8,65/kg"
Bombons de Chocolate Lindor Cornet Sortido,Lindt,emb. 600 gr,"€16,99/un","€28,32/kg"
Bombons de Chocolate Champ Elysees Gift Box,Lindt,emb. 237 gr,"€11,99/un","€50,59/kg"
Bombons de Chocolate Praliné em Caixa Dourada,Fbp,emb. 100 gr,"€3,89/un","€38,90/kg"
Erva Doce Saqueta,Margão,emb. 35 gr,"€1,03/un","€29,43/kg"
Bolachas Marinhas Sem Sal Biológicas,Salutem,emb. 200 gr,"€2,79/un","€13,95/kg"
Máquina de Café Manual Becken BECM2493,Becken,emb. 1 un,"€79,99/un","€79,99/un"
Cápsulas de Café Capuccino Light,Dolce Gusto,emb. 16 un,"€4,79/un","€0,30/un"
Cabaz nº 16,Prisca,1 un,"€35,00/un","€35,00/kg"
Cabaz nº 22,Prisca,1 un,"€45,00/un","€45,00/kg"
Cápsulas de Café Velluto Sistema Exclusivo,Continente,emb. 16 un,"€3,39/un","€0,21/un"
Cápsulas de Café Toffe Nut Latte Compatível com Dolce Gusto,Starbucks,emb. 12 un,"€4,54/un","€0,28/un"
Gomas Mix Natal,Vidal,emb. 165 gr,"€1,56/un","€9,45/kg"
Bombons de Chocolate Schoko-Bons,Kinder,emb. 125 gr,"€2,99/un","€23,92/kg"
Tortitas de Arroz Doses,Continente Equilíbrio,emb. 96 gr,"€1,15/un","€10,65/un"
Cereais Lion Wild,Lion,emb. 360 gr,"€3,89/un","€10,81/kg"
Refeição para Bebé Legumes e Vitela +6M,Gerber,emb. 190 gr,"€1,64/un","€8,63/kg"
Cápsulas Café Brasil Sistema Exclusivo,Continente,emb. 10 un,"€2,49/un","€0,25/un"
Granola Aveia e Chocolate Negro,Kellogg's,emb. 320 gr,"€2,59/un","€8,09/kg"
Sopa 100% Tomate Toscana,Knorr,emb. 58 gr,"€2,57/un","€44,31/kg"
Bombons de Chocolate Mini Roc Mix,Côte D'Or,emb. 279 gr,"€4,49/un","€16,09/kg"
"Saqueta Batata Doce, Maçã e Banana e Canela +6M",Hero Solo,emb. 100 gr,"€1,11/un","€11,10/kg"
Bombons de Chocolate Leite Lindor,Lindt,emb. 75 gr,"€1,86/un","€24,80/kg"
Conjunto Bombons de Chocolate Lindor,Lindt,emb. 3 x 200 gr (1 un grátis),"€12,78/un","€21,30/kg"
Bombons de Chocolate Collection,Ferrero Rocher,emb. 260 gr,"€11,89/un","€45,73/kg"
Bombons de Chocolate e Menta,After Eight,emb. 400 gr,"€9,99/un","€24,98/kg"
Bombons de Chocolate de Leite Praliné Mini Roc,Côte D'Or,emb. 195 gr,"€6,99/un","€35,85/kg"
Bombons de Chocolate Swiss Luxury Select,Lindt,emb. 230 gr,"€19,99/un","€86,91/kg"
Bombons de Chocolate Irish Cream,Bohme,emb. 150 gr,"€3,29/un","€21,93/kg"
Trufas de Amêndoa,Jacquot,emb. 200 gr,"€2,49/un","€12,45/kg"
Bombons de Chocolate de Pralines em Caixa Dourada,Fbp,emb. 100 gr,"€7,99/un","€39,95/kg"
Cereais Chocomax,Nacional,emb. 1 kg,"€4,19/un","€4,19/kg"
Saqueta de Fruta Pera +4M,Gerber,emb. 90 gr,"€1,19/un","€13,22/kg"
Cápsulas de Café Buondi Intenso,Dolce Gusto,emb. 64 un,"€17,99/un","€0,28/un"
Bebida Cereais com Café,Continente,emb. 200 gr,"€2,09/un","€10,45/kg"
Cereais All Bran Golden Crunch,Kellogg's,emb. 390 gr,"€3,99/un","€10,23/kg"
Cabaz nº 11,Prisca,1 un,"€25,00/un","€25,00/kg"
Cabaz nº 7,Aveleda,1 un,"€30,00/un","€30,00/kg"
Manteiga de Amendoim com Pedaços,Not Guilty,emb. 200 gr,"€3,49/un","€17,45/kg"
Chá Golden,Sobba,emb. 100 gr,"€7,36/un","€73,60/kg"
Massa Tagliatelle,Delverde,emb. 500 gr,"€1,49/un","€2,98/kg"
Café Solúvel Gold Roastery Dark,Nescafé,emb. 95 gr,"€4,99/un","€52,53/kg"
Papa Infantil Farinha Láctea 8 Cereais e Mel Bolacha Maria + 6M,Nutribén,emb. 250 gr,"€2,45/un","€9,80/kg"
Cavala em Tomate Picante,Manná,emb. 120 gr (peso escorrido 90 gr),"€1,39/un","€15,44/kg"
Conjunto Moinho Pimenta e Sal,Margão,emb. 275 gr,"€9,99/un","€36,33/kg"
Massa Esparguete Nero Di Seppia,La Molisana,emb. 500 gr,"€3,59/un","€7,18/kg"
Gomas Lápis de Morango,Fini,emb. 100 gr,"€0,99/un","€11,00/kg"
Folhas de Lasanha Frescas,Casa Milo,emb. 250 gr,"€1,99/un","€1,99/un"
Cesto de Figos com Nozes,Os Originais,emb. 300 gr,"€6,99/un","€23,30/kg"
Amendoim Frito com Mel e Sal Pack Poupança,Continente,emb. 5 x 50gr,"€2,99/un","€11,96/kg"
Snack de Chocolate Extrafino,Nestlé,emb. 34 gr,"€0,69/un","€20,29/kg"
Sortido Fino,Panicruzeiro,emb. 300 gr,"€3,29/un","€10,97/kg"
Bolachas Rosquilhas Canela,Cuétara,emb. 300 gr (2 un),"€1,99/un","€6,63/kg"
Caril Squeta,Margão,emb. 35 gr,"€1,49/un","€42,57/kg"
Cápsulas de Café Clássico Int 10,Segafredo,emb. 10 un,"€4,29/un","€0,43/un"
Pastilhas Elásticas Spearmint,Trident,emb. 72 gr,"€2,99/un","€41,53/kg"
Tablete de Chocolate Culinária Avelã,Pantagruel,emb. 200 gr,"€2,99/un","€14,95/kg"
Preparado para Tarte Oreo,Royal,emb. 210 gr,"€4,29/un","€20,43/kg"
Bebida Láctea Júnior 1-3A,Nestlé Junior,emb. 1 lt,"€2,16/un","€2,16/lt"
Nestum Mel,Nestum,emb. 3 x 300 gr (Leve 3 pague 2),"€5,18/un","€8,63/kg"
Tablete de Chocolate e Bolacha Jungly,Nestlé,emb. 125 gr,"€1,64/un","€13,12/kg"
Filete de Atum em Azeite Biológico,Minerva,emb. 120 gr (peso escorrido 78 gr),"€2,59/un","€33,21/kg"
Café Moído Torrado Universal,Delta,emb. 220 gr,"€1,99/un","€9,05/kg"
Cereais Lion Maxi,Lion,emb. 675 gr,"€5,99/un","€8,87/un"
Arroz Agulha,Casarão,emb. 1 kg,"€0,95/un","€0,95/kg"
Vinagre de Sidra Spray,Paladin,emb. 250 ml,"€1,46/un","€5,84/lt"
Cebolinhas em Vinagre,Continente,emb. 190 gr (peso escorrido: gr),"€1,39/un","€7,32/kg"
Bombons de Chocolate Lindor Wrapped Box Dark,Lindt,emb. 287 gr,"€11,99/un","€41,78/kg"
Bombons de Chocolate Napolitanos,Lindt,emb. 250 gr,"€11,99/un","€47,96/kg"
Bombons de Chocolate Negro Nuxor,Lindt,emb. 165 gr,"€6,49/un","€39,33/kg"
Bombons Cornet Negro,Lindt,emb. 337 gr,"€9,99/un","€29,64/kg"
Cesto de Frutos Secos Quadrado,Os Originais,emb. 665 gr,"€8,99/un","€16,80/kg"
Morango Desidratado com Chocolate de Leite,Frubis,emb. 25 gr,"€1,19/un","€47,60/kg"
Uva Passa Dourada,Continente,emb. 200 gr,"€1,99/un","€9,95/kg"
Figo Preto,Frusel,emb. 250 gr,"€2,29/un","€9,16/kg"
Orégãos Folha em Frasco Biológicos,Margão,emb. 8 gr,"€2,39/un","€298,75/kg"
Tablete de Chocolate Leite Choco & Wafer,Milka,emb. 270 gr,"€3,99/un","€14,78/kg"
Mel,Prisca,emb. 250 gr,"€4,99/un","€19,96/kg"
Gomas DoyPack Morango Nata Rech,Vidal,emb. 180 gr,"€2,49/un","€13,83/kg"
Gnocchi Di Patate,Rummo,emb. 500 gr,"€2,79/un","€5,58/kg"
Gelatina Pronta Morango Light,Reina,emb. 600 gr (6 un),"€1,59/un","€2,65/kg"
Cápsulas de Café Orientale Sistema Exclusivo,Continente,emb. 16 un,"€3,39/un","€0,21/un"
Batata Frita Lisa Sabor Frango Assado,Lay's,emb. 150 gr,"€1,29/un","€8,60/kg"
Massa de Grão de Bico,Alb-Gold,emb. 250 gr,"€4,19/un","€16,76/kg"
Cápsulas de Café Descafeinado,Nicola,emb. 10 un,"€2,99/un","€0,30/un"
Cápsulas de Café Oro Qualità Int 8,Lavazza,emb. 10 un,"€2,99/un","€0,30/un"
Estrela de Frutos Secos,Os Originais,emb. 300 gr,"€7,49/un","€24,97/kg"
Cápsulas de Café Possente,Continente Seleção,emb. 10 un,"€1,99/un","€0,20/un"
Bolachas Gengibre e Canela Sem Glúten,Diese,emb. 125 gr,"€2,69/un","€21,52/kg"
Vermicelli de Arroz,Wai Wai,emb. 200 gr,"€2,99/un","€14,95/kg"
Alperce Seco,Continente,emb. 200 gr,"€2,49/un","€12,45/kg"
Cápsulas de Café Brasil Int 8,Segafredo,emb. 10 un,"€4,49/un","€0,45/un"
Cápsulas de Café Pastel Nata,Continente Seleção,emb. 10 un,"€2,49/un","€0,25/un"
Café Solúvel Pack Poupança,Delta,emb. 2 x 200 gr,"€6,98/un","€17,45/kg"
Bebida de Chocolate Solúvel Signature Toffee Nut,Starbucks,emb. 10 x 20 gr,"€3,99/un","€19,95/kg"
Cápsulas de Café Alma Perú,Nicola,emb. 10 un,"€3,09/un","€0,31/un"
Bolachas Mini Recheadas Chocolate,Continente,emb. 160 gr (4 un),"€1,49/un","€9,31/kg"
Segredos para Massas,Margão,emb. 16 gr,"€2,19/un","€136,88/kg"
Molho Mostarda com Bálsamo de Figo,Continente,emb. 140 ml,"€1,39/un","€9,93/lt"
Bebida Láctea Junior +3A,Nestlé Junior,emb. 1 lt,"€2,16/un","€2,16/lt"
"Bolacha de Amêndoa, Gengibre e Laranja",Continente Seleção,emb. 175 gr,"€2,99/un","€17,09/kg"
Broas de Mel e Amêndoa,Da Nossa Pastelaria,emb. 350 gr,"€3,99/un","€11,40/kg"
Café Solúvel Clássico,Continente,emb. 200 gr,"€2,89/un","€14,45/kg"
Massa Esparguete,Lamolisana,emb. 500 gr,"€1,59/un","€3,18/kg"
Refeição para Bebé Feijão e Quinoa +8M,Gerber,emb. 190 gr,"€1,59/un","€8,37/kg"
Cabaz nº 13,Albisabores,1 un,"€25,00/un","€25,00/kg"
Gomas Bananas sem Glúten,Fini,emb. 90 gr,"€0,99/un","€11,00/kg"
Pudim Flan com Ovo sem Lactose,Reina,emb. 400 gr (4 un),"€2,19/un","€5,48/kg"
Molho Tempero Líquido 100% Vegetal,Maggi,emb. 125 gr,"€2,79/un","€22,32/kg"
Mix Salicórnia para Massas,Qampo,emb. 50 gr,"€5,49/un","€109,80/kg"
Infusão Green Fitness Saquetas,Lipton,emb. 20 un,"€1,94/un","€0,10/un"
Bolacha Aveia Sem Glúten,Gullón,emb. 220 gr (5 un),"€2,69/un","€12,23/kg"
Alho Moído Saqueta,Margão,emb. 40 gr,"€1,49/un","€37,25/kg"
Batata Frita Lisa Sabor Vinagrete,Lay's,emb. 150 gr,"€1,29/un","€8,60/kg"
Gyoza de Frango,Ta - Tung,emb.170 gr,"€2,69/un","€15,82/kg"
Cápsulas de Café Intenso Int 10,Buondi,emb. 36 un,"€10,49/un","€0,29/un"
Pai Natal de Chocolate de Leite,Lindt,emb. 70 gr,"€2,59/un","€37,00/kg"
Molho Carbonara,Ponti,emb. 280 gr,"€5,39/un","€19,25/kg"
Tablete de Chocolate com Licor Contreau,Lindt,emb. 100 gr,"€3,49/un","€34,90/kg"
Snack de Chocolate de Leite e Caramelo Kit Kat Chunky,Kit Kat,"emb. 43,5 gr","€0,99/un","€23,02/kg"
Snack de Chocolate de Leite e Caramelo Kit Kat Chunky,Kit Kat,emb. 174 gr (4 un),"€1,99/un","€11,44/kg"
Mousse Cappuccino,Alsa,emb. 100 gr,"€2,59/un","€25,90/kg"
Bombons Chocolate Negro Bouchées Les Recettes de L'Atelier,Nestlé,emb. 187 gr,"€4,86/un","€25,99/kg"
Bombons de Chocolate com Oferta Caneca Mickey,Zaini,emb. 30 gr,"€4,99/un","€166,33/kg"
Paprika Saqueta,Margão,emb. 35 gr,"€1,39/un","€39,71/kg"
Piripiri Grão,Margão,emb. 10 gr,"€1,09/un","€109,00/kg"
Vinagre de Vinho Tinto Pet,Paladin,emb. 500 ml,"€1,59/un","€3,18/lt"
"Barras de Aveia, Amêndoa e Canela com Café",Croffee,emb. 5 x 22 gr,"€2,99/un","€27,18/kg"
Barras de Chocolate e Caramelo Salgado com Café,Croffee,emb. 5 x 22 gr,"€2,99/un","€27,18/kg"
Bolachas Circus Cacau,Vieira,emb. 300 gr,"€1,89/un","€6,30/kg"
Bombons de Chocolate Lindor Cornet Avelã,Lindt,emb. 200 gr,"€6,39/un","€31,95/kg"
Bombons de Chocolate Brilliant Line,Hamlet,emb. 100 gr,"€5,39/un","€53,90/kg"
Cápsulas de Café Potenza,Continente Seleção,emb. 10 un,"€1,99/un","€0,20/un"
Bombons de Chocolate Coração Chocolate com Amêndoas,Regina,emb. 50 gr,"€2,29/un","€45,80/kg"
Árvore de Natal de Frutos Secos,Os Originais,emb. 300 gr,"€6,99/un","€23,30/kg"
Frutos Secos Recheados,Os Originais,emb. 250 gr,"€5,99/un","€23,96/kg"
Pasta Mix Frutos Secos,Continente,emb. 180 gr,"€3,99/un","€22,17/kg"
Leite de Coco Light,Jerónimos,emb. 400 ml,"€2,75/un","€6,88/lt"
Barra de Cereais Avelã 0%,Corny,emb. 6 x 20 gr,"€2,99/un","€24,92/kg"
Salsichas de Peru Forno de Lenha 5 un,Izidoro,emb. 430 gr (peso escorrido 220 gr),"€2,85/un","€12,95/kg"
Brownie de Caramelo Salgado,Fibre One,emb. 120 gr (5 un),"€2,99/un","€24,92/kg"
Batata Frita Lisa Sabor Camponesa,Lay's,emb. 150 gr,"€1,29/un","€8,60/kg"
Cabaz nº 6,Prisca,1 un,"€20,00/un","€20,00/kg"
Cabaz nº 18,Prisca,1 un,"€25,00/un","€25,00/kg"
Cabaz nº 27,Prisca,1 un,"€120,00/un","€120,00/kg"
Tablete de Chocolate de Leite com Caramelo e Bolacha Extrafino,Nestlé,emb. 87 gr,"€0,99/un","€11,38/kg"
Tablete de Chocolate de Leite Redução de Açúcar,Regina,emb. 3 x 20 gr,"€1,38/un","€23,00/kg"
Creme de Barrar,Milka,emb. 600 gr,"€4,99/un","€8,32/kg"
Molho Vinagrete Balsâmico com Maçã,Continente,emb.245 ml,"€1,19/un","€4,86/lt"
Café Moído Torrado Manizales,Sical,emb. 220 gr,"€2,49/un","€11,32/kg"
Coentros Grão em Frasco,Margão,emb. 22 gr,"€2,39/un","€108,64/kg"
Gelatina Pronta 4 Sabores Gelli Light,Reina,emb. 400 gr (4 un),"€1,15/un","€2,88/kg"
Papa Infantil Farinha Láctea 8 Cereais e Mel +6M,Nutribén,emb. 250 gr,"€3,19/un","€12,76/kg"
Massa Bucatini,Rummo,emb. 500 gr,"€2,39/un","€4,78/kg"
Farinha Não Láctea Crescimento +6M,Nutribén,emb. 250 gr,"€2,45/un","€9,80/kg"
Gomas DoyPack Mini Mix Brilho,Vidal,emb. 180 gr,"€2,49/un","€13,83/kg"
Cápsulas de Café Ristretto,Continente Seleção,emb. 10 un,"€1,99/un","€0,20/un"
Broinhas de Ovos Moles com Noz,Massas Vouga,emb. 250 gr,"€4,05/un","€16,20/kg"
Açafrão das Índias Saqueta,Margão,emb. 35 gr,"€1,19/un","€34,00/kg"
Mix Salicórnia para Peixe,Qampo,emb. 50 gr,"€5,49/un","€109,80/kg"
Batata Frita Lisa Gourmet,Continente,emb. 170 gr,"€1,49/un","€8,76/kg"
"Tablete de Chocolate Negro com Muesli, Amêndoas e Caramelo Salgado Les Recettes de L'Atelier",Nestlé,emb. 170 gr,"€2,99/un","€17,59/kg"
Bombons de Chocolate Sortido de Chocolate,Toblerone,emb. 200 gr,"€8,99/un","€44,95/kg"
Flocos Cereais com Chocolate,Continente,emb. 250 gr,"€1,69/un","€6,76/kg"
Snack de Chocolate Kit Kat Mini,Kit Kat,emb. 197.4 gr (14 un),"€3,74/un","€18,98/kg"
Mistura para Muffins Mix Pepitas de Chocolate e Banana sem Glúten,Shine,emb. 350 gr,"€6,99/un","€19,97/kg"
Maçã Ácida Biológica,Frutta Nature,emb. 40 gr,"€2,39/un","€59,75/kg"
Tablete de Chocolate Negro Premium 70% Cacau,Jubileu,emb. 250 gr,"€3,19/un","€12,76/kg"
Snack para Bebé Cereais com Framboesa +8M,Gerber,emb. 35 gr,"€2,35/un","€67,14/kg"
Especialidade Cocktail Soja Vegalia,Nobre Vegalia,emb. 597 gr (peso escorrido 190 gr),"€2,79/un","€14,68/kg"
Papa Infantil Farinha Láctea +6M,Cerelac,emb. 900 gr,"€4,99/un","€5,54/kg"
Bolachas Crackers Grão de Bico e Linhaça,Love Seed,emb. 185 gr,"€2,54/un","€13,73/kg"
Leite em Pó de Transição Optipro 3 +12M,Nan,emb. 800 gr,"€10,79/un","€13,49/un"
Trufas de Cacau em Lata,Lacasa,emb. 100 gr,"€7,39/un","€73,90/kg"
Bombons de Chocolate Assortiti,Baci,emb. 175 gr,"€5,99/un","€34,23/kg"
Bombom de Chocolate Negro Grand Ferrero Rocher,Ferrero Rocher,emb. 125 gr,"€5,99/un","€47,92/kg"
Bombons Cornet Leite,Lindt,emb. 337 gr,"€9,99/un","€29,64/kg"
Bombons de Chocolate,Candycat,emb. 230 gr,"€5,39/un","€23,43/kg"
Trufas Caffe Latte,Jacquot,emb. 200 gr,"€2,49/un","€12,45/kg"
Bombons de Chocolate Lindor Cornet Branco,Lindt,emb. 200 gr,"€6,39/un","€31,95/kg"
Bombons de Chocolate Rondnoir,Ferrero Rocher,emb. 138 gr,"€5,49/un","€39,78/kg"
Sopa de Massa e Lentilhas,Knorr,emb. 155 gr,"€2,99/un","€19,29/kg"
Batatas Fritas Palha Caseira,Pála-Pála,emb. 170 gr,"€1,69/un","€9,94/kg"
Cabaz nº 2,Albisabores,1 un,"€15,00/un","€15,00/kg"
Gomas Monster Mix,Vidal,emb. 180 gr,"€2,49/un","€13,83/kg"
Hot Chicken Top Down,Calvé,emb. 266 gr,"€2,69/un","€10,11/kg"
Barra de Cereais Chocolate Negro,Nacional,emb. 6 x 21 gr,"€1,79/un","€14,21/kg"
Manteiga de Amendoim,Not Guilty,emb. 200 gr,"€3,49/un","€17,45/kg"
Vinagre de Vinho Tinto Cabernet Sauvignon,Gallo,emb. 250 ml,"€2,66/un","€10,64/lt"
Molho Tomate e Manjericão,Calvé,emb. 255 gr,"€2,69/un","€10,55/kg"
Batata Frita Ondulada Sour Cream e Ondulada,Continente,emb. 150 gr,"€1,29/un","€8,60/kg"
Snack de Chocolate Extrafino,Nestlé,emb. 6 x 18 gr,"€1,89/un","€1,89/un"
Cápsulas de Café Guatemala,Starbucks,emb. 10 un,"€3,79/un","€3,79/un"
Pimentão Doce (Colorau) em Saqueta,Margão,emb. 60 gr,"€1,79/un","€29,83/kg"
Mistura de Pimentas em Grão em Saqueta,Margão,emb. 25 gr,"€3,09/un","€123,60/kg"
Pastilhas Elásticas Peppermint,Trident,emb. 72 gr,"€2,99/un","€41,53/kg"
Vinagre de Vinho Branco Chardonnay,Gallo,emb. 250 ml,"€2,66/un","€10,64/lt"
Cápsulas de Café Onyx Int 12,L'Or,emb. 40 un,"€12,69/un","€0,32/un"
Patê de Atum em Azeite,La Piara,emb. 75 gr (peso escorrido 75 gr),"€2,19/un","€29,20/kg"
Cápsulas de Café Intenso,Nicola,emb. 10 un,"€2,99/un","€0,30/un"
Cappucino Solúvel Gold Caramelo Salgado Mocha,Nescafé,emb. 152 gr,"€3,19/un","€3,19/un"
Farinha de Aveia Integral,Nacional,emb. 800 gr,"€1,99/un","€2,49/kg"
Farinha de Trigo T65,Continente,emb. 1 kg,"€0,85/un","€0,85/kg"
Cápsulas de Café Clássico Int 9,Lavazza,,"€10,79/un","€0,36/un"
Barra Crua Caramelo Salgado,Nakd,emb. 4 x 35 gr,"€3,79/un","€27,07/kg"
Amêndoa Laminada,Vahiné,emb. 125 gr,"€4,29/un","€34,32/kg"
Tablete de Chocolate com Licor Kirsch,Lindt,emb. 100 gr,"€3,49/un","€34,90/kg"
Granola Aveia e Frutos Vermelhos,Kellogg's,emb. 320 gr,"€2,59/un","€8,09/kg"
Snacks Pizza,Doritos,emb. 140 gr,"€1,65/un","€11,79/kg"
Cereais Chocapic ChocoCcrush,Chocapic,emb. 360 gr,"€2,89/un","€8,03/kg"
Bombons de Chocolate Recheados Sortidos,Regina,emb. 100 gr,"€4,29/un","€42,90/kg"
Trufas de Cacau,Bem Me Quer,emb. 200 gr,"€1,49/un","€7,45/kg"
Bombons de Chocolate Recheados e Sortidos,Regina,emb. 200 gr,"€6,29/un","€31,45/kg"
Saqueta de Fruta Manga +6M,Gerber,emb. 90 gr,"€1,19/un","€13,22/kg"
Bolos Económicos,Pão de Gimonde,emb. 500 gr,"€4,29/un","€8,58/kg"
Filetes de Atum em Azeite com Malagueta,Minerva,emb. 120 gr (peso escorrido 85 gr),"€2,46/un","€28,94/kg"
Cápsulas de Café Barista,Dolce Gusto,emb. 64 un,"€17,99/un","€0,28/un"
Cabaz nº 31,Prisca,1 un,"€30,00/un","€30,00/kg"
Cabaz nº 19,Albisabores,1 un,"€31,50/un","€31,50/kg"
Cabaz nº 12,Albisabores,1 un,"€25,00/un","€25,00/kg"
Tablete de Chocolate de Leite Fruit & Nut,Cadbury,emb. 180 gr,"€3,69/un","€20,50/kg"
Pó de Caril Picante,Rajah,emb. 100 gr,"€2,24/un","€22,40/kg"
Pó Barbeque Seasoning,Rajah,emb. 100 gr,"€2,45/un","€24,50/kg"
Creme para Barrar Chocolate e Amendoim,Not Guilty,emb. 200 gr,"€3,49/un","€17,45/kg"
Patê de Sardinha,Minerva,emb. 75 gr (peso escorrido 75 gr),"€1,09/un","€14,53/kg"
Cubos de Fruta Cristalizada,Continente,emb. 200 gr,"€2,59/un","€12,95/kg"
Escama de Sal Fumado,Continente Seleção,emb. 90 gr,"€2,99/un","€33,22/kg"
Molho Vinagrete Balsâmico com Mel,Continente,emb. 245 ml,"€1,39/un","€5,67/lt"
Tablete de Chocolate Negro,Toblerone,emb. 360 gr,"€7,49/un","€20,81/kg"
Pickles,Ferbar,emb. 345 gr (peso escorrido 180 gr),"€1,49/un","€8,28/kg"
Batata Frita Gourmet Original,Lay's Gourmet,emb. 170 gr,"€2,29/un","€13,47/kg"
Gomas Little Mix Ácidas,Fini,emb. 100 gr,"€0,99/un","€11,00/kg"
Massa Paccheri Rigati,Rummo,emb. 500 gr,"€2,89/un","€5,78/kg"
Pasta de Azeitona Preta,Continente Seleção,emb. 100 gr,"€1,69/un","€16,90/kg"
Creme para Barrar Chocolate e Avelã,Not Guilty,emb. 200 gr,"€5,99/un","€29,95/kg"
Pasta de Azeitona Verde,Continente Seleção,emb. 100 gr,"€1,69/un","€16,90/kg"
Cápsulas de Café Ecuator Bold Int 12,Bold,emb. 10 un,"€2,44/un","€0,24/un"
Gomas Natural Sour Fruit Mix,Vidal,emb. 180 gr,"€3,39/un","€18,83/kg"
Boião de Fruta Variada +4M,Nutribén,emb. 2 x 120 gr,"€2,10/un","€8,75/kg"
Mistura de Ervas Aromáticas para Saladas em Saqueta,Margão,emb. 30 gr,"€3,39/un","€113,00/kg"
Bombons de Chocolate Moments Mix,Milka,emb. 268 gr,"€8,49/un","€31,68/kg"
Bombons de Chocolate de Leite Sortido,Jacquot,emb. 247 gr,"€5,99/un","€24,25/kg"
Bombons de Chocolate Frutos do Mar Caixa Presente,Jacquot,emb. 250 gr,"€7,34/un","€29,36/kg"
Bombons de Chocolate Sortido Presente,Bem Me Quer,emb. 200 gr,"€5,99/un","€29,95/kg"
Cevada,Continente,emb. 200 gr,"€1,49/un","€7,45/kg"
Cereja Cristalizada,Continente,emb. 200 gr,"€2,99/un","€14,95/kg"
Snack de Chocolate Negro 70% Cacau Kit Kat,Kit Kat,emb. 41.5 gr,"€0,99/un","€24,15/kg"
Bebida de Chocolate Solúvel,Nesquik,emb. 390 gr,"€3,29/un","€8,44/kg"
Atum em Azeite,Continente,emb. 120 gr (peso escorrido 78 gr),"€1,09/un","€12,82/kg"
Tablete de Chocolate Negro Excellence 70% Cacau,Lindt,emb. 100 gr,"€2,09/un","€20,90/kg"
Barras de Cereais Chocolate Choco Krispies,Kellogg's,emb. 6 x 20 gr,"€1,79/un","€14,92/kg"
Trufas de Coco,Jacquot,emb. 200 gr,"€2,49/un","€12,45/kg"
Bombons Sortido Bouchées Les Recettes de L'Atelier,Nestlé,emb. 265 gr,"€7,11/un","€26,83/kg"
Bolachas Digestivas Thins de Maçã,Vieira,emb. 174 gr (6 un),"€1,84/un","€10,57/kg"
Azeite Virgem Extra Clássico,Oliveira da Serra,emb. 5 lt,"€19,89/un","€3,98/lt"
Bombons de Chocolate e Menta Fine Sticks,After Eight,emb. 125 gr,"€5,25/un","€42,00/kg"
Chá Clássico,Sobba,emb. 100 gr,"€7,36/un","€73,60/kg"
Papa Infantil Farinha Não Láctea Cereais +4M,Hero Baby,emb. 340 gr,"€2,79/un","€8,21/kg"
Moedas de Chocolate,Candycat,emb. 75 gr,"€1,29/un","€17,20/kg"
Snack de Chocolate Leite Multipack,Crunch,emb. 3 x 33 gr,"€1,79/un","€18,08/kg"
Bombons de Chocolate Negro,Candycat,emb. 150 gr,"€2,99/un","€19,93/kg"
Bombons de Coco e Amêndoa Raffaello Tin Ball,Raffaello,"emb. 81,5 gr","€2,99/un","€36,91/kg"
Bombons de Chocolate Raffaello,Raffaello,emb. 70 gr,"€3,49/un","€49,86/kg"
Bombons de Chocolate Dulces Deseos,Lindt,emb. 345 gr,"€11,99/un","€34,75/kg"
Bombons de Chocolate Crocantes com Avelã,Bem Me Quer,emb. 150 gr,"€2,99/un","€19,93/kg"
Bombons de Coco com recheio de Coco e Amêndoa,Raffaello,emb. 33 gr,"€1,39/un","€42,12/kg"
Cápsulas de Café Descafeinado Int 7,Lavazza,emb. 10 un,"€2,99/un","€0,30/un"
Refeição para Bebé Legumes e Salmão +8M,Nestlé,emb. 190 gr,"€2,19/un","€11,53/kg"
Noz Moscada em Grão em Saqueta,Margão,emb. 70 gr,"€4,49/un","€64,14/kg"
Mistura de Ervas Aromáticas para Grelhados de Carne em Saqueta,Margão,emb. 24 gr,"€3,29/un","€137,08/kg"
Bolacha Espelta e Maçã,Leibniz,emb. 100 gr,"€2,69/un","€26,90/kg"
Snack Amendoim e Caramelo Mini,Continente,emb. 125 gr,"€1,29/un","€10,32/kg"
Mistura para Grelhados de Peixe,Margão,emb. 50 gr,"€3,29/un","€65,80/kg"
Tablete de Chocolate com Whisky,Lindt,emb. 100 gr,"€3,49/un","€34,90/kg"
Mousse Morango,Alsa,emb. 100 gr,"€2,59/un","€25,90/kg"
Manteiga de Amendoim com Colagénio,Prozis,emb. 250 gr,"€3,99/un","€9,98/kg"
Erva Doce Moída em Saqueta,Margão,emb. 25 gr,"€0,88/un","€35,20/kg"
Segredos Saladas,Margão,emb. 10 gr,"€2,19/un","€219,00/kg"
Barra Crua de Cacau,Nakd,emb. 4 x 35 gr,"€3,79/un","€27,07/un"
Café Solúvel Intenso,Continente,emb. 100 gr,"€1,89/un","€18,90/kg"
Pickles,Continente,emb. 190 gr (peso escorrido: gr),"€1,39/un","€7,72/kg"
Refeição Caril e Grão Vegalia,Nobre Vegalia,emb. 420 gr (peso escorrido 420 gr),"€4,49/un","€10,69/kg"
Pimenta Rosa em Grão em Saqueta,Margão,emb. 20 gr,"€3,09/un","€154,50/kg"
Snack Chocolate e Amendoim Lion,Lion,emb. 5 un,"€2,24/un","€14,45/kg"
Leite de Coco Condensado,Koala,emb. 320 gr,"€2,95/un","€9,22/kg"
"Bombons de Chocolate Negro, Cereja e Licor Tin Ball",Mon Chéri,emb. 42 gr,"€2,99/un","€71,19/kg"
Bombons de Chocolate Negro sem Açúcar,Delaviuda,emb. 150 gr,"€2,39/un","€15,93/kg"
Bombons de Chocolate de Leite Nuxor,Lindt,emb. 165 gr,"€6,49/un","€39,33/kg"
Bombons de Chocolate Lindor Wraped Box Sortido,Lindt,emb. 287 gr,"€11,99/un","€41,78/kg"
Cabaz nº 25,Prisca,1 un,"€80,00/un","€80,00/kg"
Cabaz nº 26,Prisca,1 un,"€81,00/un","€81,00/kg"
Cabaz nº 3,Prisca,1 un,"€15,00/un","€15,00/kg"
Tablete de Chocolate Branco,Toblerone,emb. 360 gr,"€7,49/un","€20,81/kg"
Arroz para Saladas,Saludães,emb. 500 gr,"€1,09/un","€2,18/kg"
Figo com Amêndoa,Os Originais,emb. 250 gr,"€5,99/un","€23,96/kg"
Donuts Limão,Donuts,emb. 200 gr (4 un),"€2,99/un","€14,95/kg"
Snack para Bebé Morango +8M,Hero Solo,emb. 5 x 18 gr,"€1,24/un","€13,78/kg"
Snack de Chocolate Clássico Kinder Bueno,Kinder,emb. 430 gr,"€8,29/un","€19,28/kg"
Drageias de Chocolate de Leite Tubo,Lacasitos,emb. 80 gr,"€2,19/un","€27,38/kg"
Cravinho Grão Saquetas,Margão,emb. 22 gr,"€1,79/un","€81,36/kg"
Uva Passa do Alentejo,Os Originais,emb. 200 gr,"€4,99/un","€24,95/kg"
Bolo com Recheio de Chocolate Original,Chipicao,emb. 57 gr,"€1,12/un","€19,65/kg"
Bolacha Coberta Chocolate com Recheio Framboesa,Triunfo,emb. 150 gr,"€1,99/un","€13,27/kg"
Segredos Aves,Margão,emb. 16 gr,"€2,19/un","€136,88/kg"
Tomilho Folhas Saqueta,Margão,emb. 11 gr,"€1,29/un","€117,27/kg"
Alho Picado Saqueta,Margão,emb. 40 gr,"€1,69/un","€42,25/kg"
Cápsulas de Café Ristretto Int 11,Segafredo,emb. 10 un,"€4,29/un","€0,43/un"
Bolachas Sesamo,Wasa,emb. 200 gr,"€2,99/un","€14,95/kg"
Snack Batata Sabor Chouriço Picante,Pringles,emb. 160 gr,"€2,65/un","€16,56/kg"
Cápsulas de Café Alma Brasil,Nicola,emb. 10 un,"€3,09/un","€0,31/un"
Cápsulas de Café Ristretto Descafeinado Int 12,Bold,emb. 10 un,"€2,44/un","€0,24/un"
Cápsulas de Café Original Int 8,Buondi,emb. 36 un,"€10,49/un","€0,29/un"
Café Moído Torrado Brasil,Sical,emb. 200 gr,"€3,74/un","€18,70/kg"
Cereais Krave com Sabor a Leite,Kellogg's,emb. 410 gr,"€4,49/un","€10,95/kg"
Salsichas de Porco Forno de Lenha 5 un,Izidoro,emb. 430 gr (peso escorrido 220 gr),"€2,85/un","€12,95/kg"
Ervas de Provence em Saqueta,Margão,emb. 25 gr,"€1,69/un","€67,60/kg"
Nestlé Sobremesas Tablete de Chocolate Culinária 44% Cacau Pack,Nestlé,emb. 420 gr,"€3,59/un","€8,55/kg"
Bolachas Crackers Cacau e Avelã,Love Seed,emb. 164 gr,"€2,54/un","€15,49/kg"
Donuts Chef,Donuts,emb. 2 un,"€1,59/un","€12,23/kg"
Bolacha de Manteiga Tradicional Holiday,Jacobsen,emb. 454 gr,"€7,59/un","€16,72/kg"
Decoração Unicórnios,Vahiné,emb. 7 gr,"€4,19/un","€598,57/kg"
Rolinhos Brancos e Negros,Vahiné,emb. 35 gr,"€1,79/un","€5,11/kg"
Placa Felicidades,Vahiné,emb. 1 un,"€1,99/un","€1,99/kg"
Leite em Pó Transição de Transição Optipro 2 +6M,Nan,emb. 1.2 kg,"€18,09/un","€15,08/kg"
Sortido de Fruta Cristalizada,Continente,emb. 200 gr,"€2,59/un","€12,95/kg"
Bombons de Chocolate Negro e Branco,Merci,emb. 240 gr,"€4,69/un","€19,54/kg"
Cápsulas de Descafeinado,Buondi,emb. 10 un,"€4,09/un","€0,41/un"
Snack para Bebé Milho e Aveia +8M,Hero Solo,emb. 25 gr,"€1,35/un","€10,80/kg"
Cabaz nº 8,Albisabores,1 un,"€50,00/un","€50,00/kg"
Cabaz nº 14,Albisabores,1 un,"€30,00/un","€30,00/kg"
Tablete Chocolate Leite Crunchie Bits,Cadbury,emb. 180 gr,"€3,69/un","€20,50/kg"
Chá Ginger,Sobba,emb. 100 gr,"€7,36/un","€73,60/kg"
Pimentão Doce (Colorau) em Saqueta,Margão,emb. 35 gr,"€1,19/un","€34,00/kg"
Café Solúvel,Sical,emb. 200 gr,"€3,99/un","€19,95/kg"
Petinga em Tomate Picante,Ribeira,emb. 120 gr (peso escorrido 85 gr),"€1,29/un","€23,45/kg"
Gelatina Pronta Ananás Gelli Sweet,Reina,emb. 400 gr (4 un),"€1,15/un","€2,88/kg"
Mostarda Dijon com Mel em Vidro,Maille,emb. 230 gr,"€3,89/un","€16,91/kg"
Bombons de Chocolate de Leite com Avelãs Inteiras Nocciolotta,Caffarel,emb. 165 gr,"€5,99/un","€36,30/kg"
Snack Tortilhas Nachos Queijo,Zanuy,emb. 200 gr,"€2,79/un","€13,95/kg"
Pasta Bolonhesa Pot,Knorr,emb. 88 gr,"€2,60/un","€29,55/kg"
Drageias Pintarolas Superwings,Pintarolas,emb. 22 gr,"€0,79/un","€35,91/kg"
Sortido de Bolachas de Chocolate Negro,Vieira,emb. 200 gr,"€1,84/un","€9,20/kg"
Cápsulas de Café Perú Int 9,Segafredo,emb. 10 un,"€4,49/un","€0,45/un"
Alho Moído em Saqueta,Margão,emb. 80 gr,"€2,69/un","€33,63/kg"
Tortitas de Milho Sem Sal,Salutem,emb. 96 gr (4un),"€1,49/un","€15,52/kg"
Cápsulas de Café 100% Arábica,Nicola,emb. 10 un,"€2,99/un","€0,30/un"
Snack Grilos Tomilho e Pimenta,Portugal Bugs,emb. 12 gr,"€4,49/un","€374,17/kg"
Saqueta Láctea Banana e Morango +12M,Nestlé,emb. 110 gr,"€1,15/un","€10,45/kg"
Snack Grilos Salgadinhos,Portugal Bugs,emb. 12 gr,"€4,49/un","€374,17/kg"
Bolachas de Cereais e Chocolate,Rustik Bakery,emb. 160 gr,"€2,49/un","€15,56/kg"
Nestlé Dark Bombons Chocolate Negro 85% Cacau,Nestlé,emb. 141 gr,"€5,91/un","€41,91/kg"
Flocos Aveia Finos Integral,Salutem,emb. 1 kg,"€2,39/un","€2,39/kg"
Azeite Virgem Extra Premium,Quinta da Lagoalva,emb. 50 cl,"€6,99/un","€13,98/lt"
Batata Frita Rústica Pack Poupança,Continente,emb. 400 gr,"€1,89/un","€4,73/kg"
Gomas Morangos Selvagens Rech,Vidal,emb. 180 gr,"€2,49/un","€13,83/kg"
Gelatina em Pó Zero% de Maçã,Condi,emb. 26 gr,"€1,89/un","€72,69/kg"
Molho Sriracha,Paladin,emb. 250 ml,"€2,49/un","€9,96/lt"
Cápsulas de Café 100% Arabica Int 9,Segafredo,emb. 10 un,"€4,29/un","€0,43/un"
Pastilhas Elásticas Oral-B White Spearmint,Trident,emb. 17 gr,"€1,14/un","€67,06/kg"
Salsichas Perú e Ervas Aromáticas,Nobre,emb. 160 gr,"€2,25/un","€14,06/kg"
Barra de Sésamo e Chia,Salutem,emb. 40 gr,"€0,89/un","€22,25/kg"
Cápsulas de Café Alma Quénia,Nicola,emb. 10 un,"€3,09/un","€0,31/un"
Bolacha Digestiva Avenacol 0% Açúcar,Cuétara,emb. 250 gr,"€2,89/un","€11,56/kg"
Bolachas de Cereais e Sementes,Rustik Bakery,emb. 160 gr,"€2,49/un","€15,56/kg"
Xarope de Agave,Continente Bio,emb. 500 gr,"€3,99/un","€7,98/kg"
Aveia Instantânea Chocolate com Proteína,Origens Bio,emb. 300 gr,"€5,39/un","€17,97/kg"
Bolachas Torradas,Cuétara,emb. 200 gr,"€1,04/un","€5,20/kg"
Tabletes de Chocolate Negro Intense Dark Conjunto,Jubileu,emb. 4 x 100 gr,"€7,49/un","€18,73/kg"
Canela Moída Saqueta,Margão,emb. 60 gr,"€2,99/un","€49,83/kg"
Cacau Cru em Pó Biológico,Shine,emb. 100 gr,"€2,49/un","€24,90/kg"
Bebida de Chocolate Solúvel 0% Açúcar,Nesquik,emb. 345 gr,"€3,99/un","€13,30/kg"
Tablete de Chocolate 99% Cacau,Jubileu,emb. 100 gr,"€2,16/un","€21,60/kg"
Alperce Seco,Continente,emb. 200 gr,"€2,49/un","€12,45/kg"
Noodles Fusian Teriyak,Maggi,emb. 130 gr,"€1,99/un","€15,31/kg"
Doce de Tomate Fruta da Época,Casa de Mateus,emb. 360 gr,"€3,59/un","€9,97/kg"
Mousse Limão,Alsa,emb. 100 gr,"€2,59/un","€25,90/kg"
Infusão Nº8 Celulitessil Saquetas,Raízes da Natureza,emb. 10 un,"€0,94/un","€0,09/un"
Molho Sriracha,Ayam,emb. 435 ml,"€5,79/un","€13,31/lt"
Snack Lentilhas e Milho +12M,Hero Solo,emb. 50 gr,"€1,59/un","€3,18/kg"
Batata Frita Ondulada Pack Poupança,Continente,emb. 240 gr,"€1,39/un","€5,79/kg"
Azeite Virgem Extra,Adega Borba,emb. 50 cl,"€5,65/un","€11,30/lt"
Café Solúvel Descafeinado,Continente,emb. 200 gr,"€3,49/un","€17,45/kg"
Bolachas Crackers Folha de Milho,Gran Pavesi,emb. 150 gr,"€2,99/un","€19,93/kg"
Conjunto de Saquetas de Fruta Banana e Maçã +4M,Nestlé,emb. 4 x 90 gr,"€3,95/un","€10,97/kg"
Bombons de Praliné Chocolate Negro e Avelã 45%,Jacquot,emb. 260 gr,"€6,65/un",
Bombons de Chocolate Prestige Clássico,Ferrero Rocher,emb. 78 gr,"€3,29/un","€39,64/kg"
Bombons de Chocolate Mignonnette Chocolate Negro,Côte D'Or,emb. 240 gr,"€5,99/un","€24,96/kg"
Trufas de Café,Delaviuda,emb. 100 gr,"€1,25/un","€12,50/kg"
Cereais Cini Minis Churros,Nestlé,emb. 360 gr,"€3,89/un","€10,81/kg"
Mix Frutos Secos Sport Pack Poupança,Continente,emb. 4 x 50 gr,"€2,99/un","€14,95/kg"
Cabaz nº 9,Albisabores,1 un,"€20,00/un","€20,00/kg"
Cabaz nº 29,Aveleda,1 un,"€220,00/un","€220,00/kg"
Chá Cold Arando e Lima Saquetas,Tetley,emb. 10 un,"€1,29/un","€0,13/un"
Tablete de Chocolate Leite com Avelãs,Lindt,emb. 125 gr,"€1,94/un","€15,52/kg"
Bolachas Wafers Limão,Loacker,emb. 250 gr,"€3,29/un","€13,16/kg"
Massa Fusilli Tricolore,La Molisana,emb. 500 gr,"€2,07/un","€4,14/kg"
Bolachas Rosquilhas Tradicionais,Cuétara,emb. 300 gr (2 un),"€1,99/un","€6,63/kg"
Paprika Fumada Saqueta,Margão,emb. 35 gr,"€1,49/un","€42,57/kg"
Cápsulas de Café Ristretto Bold Int 12,Bold,emb. 10 un,"€2,44/un","€0,24/un"
Molho Vinagrete,Continente,emb. 245 ml,"€0,99/un","€4,04/lt"
Tablete de Chocolate de Leite Premium,Jubileu,emb. 250 gr,"€3,14/un","€12,56/kg"
Bombons de Chocolate Negro Sortido,Jacquot,emb. 250 gr,"€5,99/un","€23,96/kg"
Tablete de Chocolate de Leite com Amêndoas Caramelizadas,Guylian,emb. 100 gr,"€2,24/un","€22,40/kg"
Chocolates Extrafinos Natal Pack,Nestlé,emb. 176 gr,"€6,39/un","€36,31/kg"
Bombons de Chocolate Extra Negro e Menta,After Eight,emb. 400 gr,"€7,25/un","€18,13/kg"
Granola Arandos e Goji,Continente Equilíbrio,emb. 300 gr,"€2,19/un","€7,30/kg"
Sombrinhas de Chocolate de Leite Natal,Regina,emb. 35 gr,"€1,09/un","€31,14/kg"
Bolachas Digestivas Thins,Gullón,emb. 270 gr,"€2,94/un","€10,89/kg"
Bombons de Chocolate Pralines em Caixa Dourada,Fbp,emb. 200 gr,"€7,99/un","€39,95/kg"
Bombons Cornet Sortido,Lindt,emb. 337 gr,"€9,99/un","€29,64/kg"
Trufas de Avelã e Caffe Latte,Jacquot,emb. 200 gr,"€5,99/un","€29,95/kg"
Bombons de Chocolate Gift Box,Baci,emb. 225 gr,"€12,75/un","€56,67/kg"
Bombons de Chocolate Artesanos com Laço,Delaviuda,emb. 180 gr,"€8,99/un","€49,94/kg"
Bombons de Chocolate Negro 70% Mini Cornet,Lindt,emb. 75 gr,"€1,86/un","€2,48/gr"
Bolachas My Cookies de Aveia e Chocolate,Nacional,emb. 150 gr,"€1,79/un","€11,93/kg"
Cabaz nº 17,Prisca,1 un,"€35,00/un","€35,00/kg"
Cabaz nº 23,Prisca,1 un,"€70,00/un","€70,00/kg"
Maçã Vermelha Desidratada sem Glúten,Fruut,emb. 60 gr,"€1,99/un","€33,17/kg"
Filete de Cavala em Azeite,Minerva,emb. 120 gr (peso escorrido85 gr),"€2,59/un","€30,47/kg"
Maçã Desidratada com Canela,Fruut,emb. 60 gr,"€2,25/un","€37,50/kg"
Tomate Triturado,Origens Bio,emb. 400 gr,"€1,69/un","€4,23/kg"
Tablete de Chocolate Negro e Amêndoas,Lindt,emb. 300 gr,"€7,99/un","€26,63/kg"
Drageias de Chocolate e Brownie,M&M's,emb. 160 gr,"€2,76/un","€17,25/kg"
Bolachas com Cobertura Chocolate Negro,Gullón,emb. 150 gr (6 un),"€1,69/un","€11,27/kg"
Arroz Carolino Malandrinho,Saludães,emb. 500 gr,"€0,84/un","€1,68/kg"
Batata Frita Ondulada Sabor a Presunto,Ruffles,emb. 150 gr,"€1,89/un","€12,60/kg"
Tablete Chocolate Negro 51% Cacau Amêndoa e Sal,Tony´s,emb. 180 gr,"€2,99/un","€16,61/kg"
Cápsulas de Café Intenso Int 12,Segafredo,emb. 10 un,"€4,29/un","€0,43/un"
Bombons de Chocolate de Leite Cremino,Caffarel,emb. 165 gr,"€5,99/un","€36,30/kg"
Siao Long Pão de Carne,Ta - Tung,emb. 230 gr,"€2,69/un","€11,70/kg"
Tablete Chocolate Leite Dairy,Cadbury,emb. 180 gr,"€3,69/un","€20,50/kg"
Cápsulas de Café Espresso Maestro Clássico Int 9,Lavazza,emb. 10 un,"€2,99/un","€0,30/un"
Cápsulas de Café Intenso,Lavazza,emb. 30 un,"€10,49/un","€0,35/un"
Cápsulas de Café Baunilha,L'Or,emb. 10 un,"€3,39/un","€0,34/un"
Cápsulas de Café Chocolate,L'Or,emb. 10 un,"€3,39/un","€0,34/un"
Maionese de Sriracha,Continente Seleção,emb. 140 gml,"€1,39/un","€9,93/lt"
Molho Piri-piri Extra,Continente,emb. 100 ml,"€0,99/un","€9,90/lt"
Papa Infantil para Preparar com Leite +6M,Cerelac,emb. 600 gr,"€3,39/un","€5,65/kg"
Bombons Caramelo Salgado Bouchées Les Recettes de L'Atelier,Nestlé,emb. 193 gr,"€4,86/un","€25,18/kg"
Bebida Láctea com Sabor a Cereais Junior 1-3A,Nestlé Junior,emb. 1 lt,"€2,37/un","€2,37/lt"
Infusão Nº7 Privenlaxssil Saquetas,Raízes da Natureza,emb. 10 un,"€0,94/un","€0,09/un"
Creme Vinagre Balsâmico de Modena,Gallo,emb. 25 cl,"€3,99/un","€15,96/lt"
Farinha de Centeio,Nacional,emb. 900 gr,"€1,19/un","€1,32/kg"
"Mistura para Muffins Maçã, Canela e Gengibre sem Glúten Biológicos",Shine,emb. 350 gr,"€6,99/un","€19,97/kg"
Bolachas Digestivas Thins de Laranja,Vieira,emb. 174 gr (6 un),"€1,84/un","€10,57/kg"
Azeite,Oliveira da Serra,emb. 5 lt,"€17,99/un","€3,60/lt"
Batata Frita Lisa Pack Poupança,Continente,emb. 240 gr,"€1,39/un","€5,79/kg"
Pimenta Branca Moída,Margão,emb. 35 gr,"€1,79/un","€51,14/kg"
"Barras de Amêndoa, Chocolate e Sal Marinho com Café",Croffee,emb. 5 x 22 gr,"€2,99/un","€33,22/kg"
Fermento,Royal,emb. 80 gr,"€1,69/un","€0,02/gr"
Bombons de Chocolate Praliné Caixa Azul,Jacquot,emb. 260 gr,"€6,65/un","€25,58/kg"
Bombons de Chocolate Praliné e Avelã,Jacquot,emb. 260 gr,"€6,65/un","€25,58/kg"
Bombons de Chocolate com Recheio de Creme de Avelã,Ferrero Rocher,emb. 100 gr,"€2,99/un","€29,90/kg"
Bombons de Chocolate de Frutos e Avelã,Jacquot,emb. 200 gr,"€2,49/un","€12,45/kg"
Refeição para Bebé Grão de Bico e Arroz +8M,Gerber,emb. 190 gr,"€1,59/un","€8,37/kg"
Bombons de Chocolate de Leite Lindor Lata,Lindt,emb. 225 gr,"€11,99/un","€53,29/kg"
Bombons de Chocolate Boules Praliné,Jacquot,emb. 1 kg,"€8,65/un","€8,65/kg"
Cápsulas de Café Colômbia,Continente Seleção,emb. 10 un,"€1,99/un","€0,20/un"
Tapioca Hidratada,Ferbar,emb. 500 gr,"€2,59/un","€5,18/kg"
Muesli Frutos Vermelhos Sem Glúten Biológico,Bjorg,emb. 375 gr,"€6,19/un","€16,51/kg"
Café Solúvel Gold,Continente,emb. 200 gr,"€4,09/un","€20,45/kg"
Bombons de Chocolate Seleção Cavalos Marinhos,Guylian,emb. 154 gr,"€4,49/un","€29,16/kg"
Gomas Mega Sortido Ácido,Vidal,emb. 90 gr,"€1,39/un","€15,44/kg"
Marmelada Biológica,Continente Bio,emb. 250 gr,"€1,99/un","€7,96/kg"
Bombons de Chocolate Lindor Wraped Box Leite,Lindt,emb. 287 gr,"€11,99/un","€41,78/kg"
Bombons de Chocolate Pocket Coffee,Ferrero Rocher,emb. 225 gr,"€4,99/un","€22,18/kg"
Sortido de Bombons Celebrations Garrafa,Celebrations,emb. 312 gr,"€9,99/un","€32,02/kg"
Caldo de Galinha com Azeite Virgem Extra Cubos,Knorr,emb. 8 un,"€1,49/un","€18,63/kg"
Cereais Starz com Mel,Nacional,emb. 1 kg,"€4,19/un","€4,19/kg"
Café Solúvel Cappuccino Sabor a Caramel Latte,Nescafé,emb. 8 x 17 gr,"€3,19/un","€23,46/kg"
Arroz Doce,Novarroz,emb. 500 gr,"€1,09/un","€2,18/kg"
Cabaz nº 4,Albisabores,1 un,"€15,00/un","€15,00/kg"
Cabaz nº 5,Prisca,1 un,"€20,00/un","€20,00/kg"
Figo com Noz,Os Originais,emb. 250 gr,"€5,99/un","€23,96/kg"
Vinagre de Sidra Gourmet,Cristal,emb. 250 ml,"€1,52/un","€6,08/lt"
Snack de Chocolate Happy Hippo,Kinder,"emb. 5 x 20,5 gr","€2,49/un","€24,17/kg"
Molho de Soja Doce,Miyata,emb. 150 ml,"€1,79/un","€11,93/lt"
Madalenas de Laranja,Continente,emb. 400 gr,"€1,59/un","€3,98/kg"
Pasta de Azeitona Verde com Coentros,Continente Seleção,emb. 100 gr,"€1,69/un","€16,90/kg"
Noz Moscada Moída,Margão,emb. 45 gr,"€2,79/un","€62,00/kg"
Batata Frita Sabor Ketchup,Ruffles,emb. 150 gr,"€1,89/un","€12,60/kg"
Snack Batata Sabor Tzatziki,Pringles,emb. 185 gr,"€2,99/un","€16,16/kg"
Molho Almô,Al'Fez,emb. 450 gr,"€3,69/un","€8,20/kg"
Cápsulas de Café Ristretto,Lavazza,emb. 10 un,"€2,99/un","€0,30/un"
Papa Infantil Farinha Não Láctea 10 Cereais +6M,Nutribén,emb. 250 gr,"€2,45/un","€9,80/kg"
Conjunto de Saquetas de Banana,Continente,emb. 12 x 90 gr,"€6,99/un","€6,47/kg"
Xarope de Ácer Zero,Prozis,emb. 355 gr,"€2,49/un","€7,01/kg"
Alga Chorão do Mar Fresca Biológica,Wissi,emb. 100 gr,"€3,49/un","€34,90/kg"
Chupas Creepy Halloween Sortido,Chupa Chups,emb. 400 gr,"€5,19/un","€12,98/kg"
Bolacha Donuts Cacau com Recheio,Donuts,emb. 140 gr,"€1,64/un","€11,71/kg"
Snack Chocolate Vegan Kit Kat,Kit Kat,emb. 124.5 gr (3 un),"€2,84/un","€22,90/kg"
"Bebida Cereais Cevada, Chicória e Centeio",Pensal,emb. 175 gr,"€2,24/un","€12,80/kg"
Noodles Fusion India,Maggi,emb. 118 gr,"€1,99/un","€16,86/kg"
Cápsulas de Café Caramelo,Continente Seleção,emb. 10 un,"€2,49/un","€0,25/un"
Molho Cesar Style Top Down Vegan,Calvé,emb. 255 gr,"€2,69/un","€10,55/kg"
Barra Sementes de Sésamo,Continente Bio,emb. 3 x 25 gr,"€1,59/un","€21,20/kg"
Tablete de Chocolate Negro Bio 70% Cacau Les Recettes de L'Atelier,Nestlé,emb. 80 gr,"€1,96/un","€24,50/kg"
Gengibre Branco Moído,Margão,emb. 22 gr,"€1,49/un","€67,73/kg"
Gomas Pai Natal,Vidal,emb. 180 gr,"€4,49/un","€24,94/kg"
Noz Nacional com Casca,Continente,Quant. Mínima = 400 gr,"€6,99/kg","€2,80/un"
Bolachas com Cobertura de Bolo Glaceado Donuts Finas,Donuts,emb. 150 gr,"€1,99/un","€13,27/kg"
Nestum Mel +3A,Nestum,emb. 600 gr,"€4,14/un","€6,90/kg"
Bombons de Chocolate com Licor e Cereja,Bem Me Quer,emb. 250 gr,"€2,79/un","€11,16/kg"
Bombons de Chocolate Champs Élysées Sortido,Lindt,emb. 469 gr,"€16,99/un","€36,23/kg"
Bombons de Chocolate com Caramelo,Delaviuda,emb. 150 gr,"€2,39/un","€15,93/kg"
Snack para Bebé Manga +8M,Hero Solo,emb. 5 x 18 gr,"€1,24/un","€13,78/kg"
Barra Frutos Secos e Sementes,Nacional,emb. 90 gr,"€1,64/un","€18,22/kg"
Bombons de Chocolate Lindor Cornet Silver,Lindt,emb. 200 gr,"€6,39/un","€31,95/kg"
Trufas de Amêndoas Cognac,Jacquot,emb. 200 gr,"€5,99/un","€29,95/kg"
Molho Hoisin,Lee Kum Kee,emb. 397 gr,"€5,38/un","€13,55/kg"
Salsichas de Aves Frasco 5 un,Izidoro,emb. 400 gr (peso escorrido 245 gr),"€3,69/un","€15,06/kg"
Gomas Lápis Ácidas,Fini,emb. 100 gr,"€0,99/un","€11,00/kg"
Boião de Fruta Pera e Banana +4M,Gerber,emb. 125 gr,"€1,45/un","€11,60/kg"
Cereais Cini Minis Canela,Nestlé,emb. 375 gr,"€3,89/un","€10,37/kg"
Cabaz nº 15,Prisca,1 un,"€30,00/un","€30,00/kg"
Cabaz nº 28,Prisca,1 un,"€135,00/un","€135,00/kg"
Tablete de Chocolate de Leite e Avelã,Cadbury,emb. 180 gr,"€3,69/un","€20,50/kg"
Manteiga de Caju,Not Guilty,emb. 200 gr,"€5,99/un","€29,95/kg"
Tablete de Chocolate Leite Crispy,Lindt,emb. 125 gr,"€1,94/un","€15,52/kg"
Snack de Chocolate de Leite Kit Kat,Kit Kat,"emb. 5 x 41,5 gr","€2,69/un","€13,00/kg"
Azeitona Galega,Qampo,emb. 210 gr,"€2,19/un","€10,43/kg"
Fantasias de Chocolate em Caneca Disney Princesas,Zaini,emb. 30 gr,"€4,99/un","€166,33/kg"
Bombons de Chocolate Quality Street,Nestlé,emb. 480 gr,"€13,49/un","€28,10/kg"
Granulado de Chocolate para Bolos,Continente,emb. 100 gr,"€1,25/un","€12,50/kg"
Alcaparras em Vinagre,Continente,emb. 80 gr (peso escorrido: gr),"€1,79/un","€22,38/kg"
Cogumelos Laminados,Continente,emb. 185 gr (peso escorrido 105 gr),"€0,75/un","€7,14/kg"
Snack Chocolate Vegan Kit Kat,Kit Kat,"emb. 41,5 gr","€1,29/un","€31,46/kg"
Piripiri Moído,Margão,emb. 35 gr,"€1,39/un","€39,71/kg"
Flocos Aveia Grossos,Salutem,emb. 1 kg,"€2,39/un","€2,39/kg"
Bolacha Donuts com Recheio,Donuts,emb. 133 gr,"€1,59/un","€11,95/kg"
Bombons de Chocolate Champs Elysees,Lindt,emb. 468 gr,"€16,99/un","€36,30/kg"
Trufas Douradas,Lacasa,emb. 85 gr,"€1,70/un","€20,00/kg"
Bombons de Chocolate,Jubileu,emb. 300 gr,"€9,14/un","€30,47/kg"
Trufas Paquet Cadeau Cognac,Jacquot,emb. 200 gr,"€5,99/un","€29,95/kg"
Bombons de Chocolate Champs Élysées,Lindt,emb. 182 gr,"€7,99/un","€43,90/kg"
Bombons de Chocolate Ballotin Dourado,Regina,emb. 250 gr,"€10,29/un","€41,16/kg"
Trufas Cacau Puro,Lacasa,emb.100 gr,"€1,70/un","€17,00/kg"
Barras de Cereais Estrelitas,Estrelitas,emb. 6 x 22 gr,"€2,29/un","€17,35/kg"
Bombons de Chocolate Recheio Creme e Avelã,Ferrero Rocher,emb. 75 gr,"€3,49/un","€46,53/kg"
Granulado Colorido,Continente,emb. 100 gr,"€1,25/un","€12,50/kg"
Sortido Otogonal de Aperitivos,Os Originais,emb. 250 gr,"€6,99/un","€27,96/kg"
Saqueta de Fruta Maçã e Pera +8M,Continente,emb. 90 gr,"€0,74/un","€8,22/kg"
Sopa de Cogumelos,Knorr,emb. 62 gr,"€1,46/un","€23,55/kg"
Tablete Chocolate Leite,Crunch,emb. 100 gr,"€3,98/un","€19,90/kg"
Chá Verde Saquetas,Continente Bio,emb. 20 un,"€0,99/un","€0,05/un"
Flocos de Aveia Biológica,Salutem,emb. 375 gr,"€1,49/un","€3,97/kg"
Cabaz nº 24,Aveleda,1 un,"€40,50/un","€40,50/kg"
Cabaz nº 32,Aveleda,1 un,"€60,00/un","€60,00/kg"
Tablete de Chocolate de Leite e Caramelo,Cadbury,emb. 180 gr,"€3,69/un","€20,50/kg"
Atum Posta ao Natural,Minerva,emb. 385 gr (peso escorrido 250 gr),"€2,98/un","€11,92/kg"
Tablete de Chocolate de Leite com Caramelo e Avelã Extrafino,Nestlé,emb. 87 gr,"€0,99/un","€11,38/kg"
Creme Chocolate Negro para Barrar,Nocilla,emb. 180 gr,"€2,69/un","€14,94/kg"
Barras de Cereais Chocolate e Amêndoa Fitness,Fitness,"emb. 6 x 23,5 gr","€2,29/un","€16,24/kg"
Bombons de Chocolate Negro Cremino,Caffarel,emb. 165 gr,"€5,99/un","€36,30/kg"
Snack de Chocolate com Manteiga de Amendoim King Size,Reeses,emb. 79 gr,"€1,89/un","€23,92/kg"
Granola Portuguesa,Serramel,emb. 400 gr,"€5,39/un","€13,48/kg"
Gomas Natural Fruitbites Vegan,Vidal,emb. 180 gr,"€3,39/un","€18,83/kg"
Avelã com Casca,Agromontenegro,emb. 400 gr,"€2,99/un","€7,48/kg"
Pimenta Preta em Grão Saqueta,Margão,emb. 35 gr,"€1,79/un","€51,14/kg"
Madalenas de Chocolate,Continente,emb. 400 gr,"€1,59/un","€3,98/kg"
Bombons de Chocolate Negro com Avelãs Inteiras Nocciolotta,Caffarel,emb. 165 gr,"€5,99/un","€36,30/kg"
Barra Proteica Amendoim,EU Nutrition,emb. 0.55 gr,"€2,39/un","€43,45/kg"
Snack Batata Passport Flavours Cheeseburguer New York Style,Pringles,emb. 185 gr,"€2,99/un","€16,16/kg"
Cappucino Solúvel Gold Chocolate Branco,Nescafé,emb. 120 gr,"€3,19/un","€3,19/un"
Conjunto de Saquetas de Banana e Morango,Continente,emb. 12 x 90 gr,"€6,99/un","€6,47/kg"
Snack de Chocolate de Leite Kinder Bueno,Kinder,emb. 107 gr,"€2,29/un","€21,40/kg"
Chocolates,Daim,emb. 200 gr,"€3,74/un","€18,70/kg"
Molho de Peixe,Blue Dragon,emb. 150 ml,"€3,49/un","€23,27/lt"
Bombons de Chocolate Celebrations,Celebrations,emb. 385 gr,"€9,99/un","€25,95/kg"
Sultana Dourada,Continente,emb. 200 gr,"€1,59/un","€7,95/kg"
Bebida Láctea com Sabor a Bolacha Junior 1-3A,Nestlé Junior,emb. 1 lt,"€2,37/un","€2,37/lt"
Chá de Plantas Nº6 Obesidadssil Saquetas,Raízes da Natureza,emb. 100 gr,"€1,84/un","€18,40/kg"
Fantasia de Chocolate de Leite Pai Natal,Milka,emb. 45 gr,"€1,69/un","€37,56/kg"
Tablete Chocolate 51%Proteínas Amêndoas e Cereais,Regina,emb. 27 gr,"€0,99/un","€36,67/kg"
Bolachas Leibniz Chocolate Mini,Bahlsen,emb. 125 gr,"€1,99/un","€15,92/kg"
Gomas Dipper Mini,Vidal,emb. 275 gr,"€4,69/un","€17,05/kg"
Boião de Fruta Maçã Golden +4M,Nutribén,emb. 2 x 120 gr,"€2,10/un","€8,75/kg"
Madalenas,Continente,emb. 450 gr,"€1,59/un","€3,53/kg"
Alga Alface do Mar Fresca Biológica,Wissi,emb. 75 gr,"€2,99/un","€39,87/kg"
Tablete de Chocolate Cognac,Lindt,emb. 100 gr,"€3,49/un","€34,90/kg"
Pimenta Preta Moída Saqueta,Margão,emb. 35 gr,"€1,79/un","€51,14/kg"
Granola Chocolate e Coco sem Glúten,Bjorg,emb. 350 gr,"€6,79/un","€19,40/kg"
Madalenas de Chocolate,Aurora,emb. 420 gr (10 un),"€2,09/un","€4,98/kg"
Noodles Demae Ramen Japonês Curry,Nissin,emb. 100 gr,"€1,49/un","€14,90/kg"
Snack para Bebé Cenoura +10M,Hero Solo,emb. 6 x 40 gr,"€1,59/un","€6,63/kg"
Miolo de Pinhão Culinária,Continente,emb. 50 gr,"€2,99/un","€59,80/kg"
Bebida de Chocolate Solúvel,Nesquik,emb. 700 gr,"€5,59/un","€7,99/kg"
Manjericão em Saqueta,Margão,emb. 11 gr,"€1,19/un","€108,18/kg"
"Saqueta de Fruta Banana, Iogurte, Mirtilo e Aveia +6M",Hero Solo,emb. 100 gr,"€1,11/un","€11,10/kg"
"Bombons de Chocolate Branco, Coco e Amêndoa",Raffaello,emb. 300 gr,"€8,99/un","€29,97/kg"
Bombons de Chocolate Sortido Boite Cadeau,Jacquot,emb. 300 gr,"€7,99/un","€26,63/kg"
Bombons de Chocolate de Leite Swiss Thins,Lindt,emb. 125 gr,"€5,24/un","€41,92/kg"
Gelatina Pronta Vegetal Gelli Sweet Exótica,Reina,emb. 400 gr (4 un),"€1,19/un","€2,98/kg"
Creme de Barrar,Milka,emb. 340 gr,"€2,79/un","€8,21/kg"
Cereais Krave Chocolate de Leite,Kellogg's,emb. 410 gr,"€4,49/un","€10,95/kg"
Madalenas de Laranja,Aurora,emb. 420 gr (10 un),"€2,09/un","€4,98/kg"
Atum Posta em Óleo,Minerva,emb. 385 gr (peso escorrido 250 gr),"€3,23/un","€12,92/kg"
Cabaz nº 10,Aveleda,1 un,"€20,00/un","€20,00/kg"
Bolacha Digestiva com Pepitas de Chocolate,Triunfo,emb. 338 gr,"€2,69/un","€7,96/kg"
Sardinha sem Pele e sem Espinhas em Azeite,Minerva,emb. 120 gr (peso escorrido 85 gr),"€2,59/un","€30,47/kg"
Pimenta Cayenne com Moinho em Frasco,Margão,emb. 24 gr,"€4,49/un","€187,08/kg"
Cápsulas de Café Uganda Sistema Exclusivo,Continente,emb. 10 un,"€2,49/un","€0,25/un"
Bolachas com Cobertura Chocolate Leite Finas,Gullón,emb. 150 gr,"€1,54/un","€10,27/kg"
Gelatina Pronta Morango Gelli Sweet,Reina,emb. 400 gr (4 un),"€1,15/un","€2,88/kg"
Lentilhas Vermelhas,Globo,emb. 400 gr,"€1,19/un","€2,98/kg"
Mistura de Ervas Italianas,Margão,emb. 11 gr,"€2,29/un","€208,18/kg"
Mix Salicórnia para Carne,Qampo,emb. 50 gr,"€5,49/un","€109,80/kg"
Tablete de Chocolate Negro com Lima Excellence 70% Cacau,Lindt,emb. 100 gr,"€2,09/un","€20,90/kg"
Tablete Chocolate Pick & Mix,Pantagruel,emb. 125 gr,"€2,24/un","€17,92/kg"
Bebida Solúvel de Café e Chicória,Continente,emb. 250 gr,"€2,99/un","€11,96/kg"
Azeite Virgem Extra Premium,Quinta do Juncal,emb. 50 cl,"€4,39/un","€8,78/lt"
Molho Piri-piri,Continente,emb. 100 ml,"€0,99/un","€9,90/lt"
Batata Frita Rústica,Continente,emb. 200 gr,"€1,19/un","€5,95/kg"
Broas do Moinho,Susana Vieira,emb. 350 gr,"€3,39/un","€9,69/kg"
Batata Frita Ondulada Sabor Yorkeso,Ruffles,emb. 150 gr,"€1,89/un","€12,60/kg"
Snack Salgado Peixinhos Frasco,Cuétara,emb. 350 gr,"€2,69/un","€7,69/kg"
Cápsulas de Café Descafeinado Int 7,Segafredo,emb. 10 un,"€4,29/un","€0,43/un"
Pimenta Cayenne Moída em Saqueta,Margão,emb. 35 gr,"€1,79/un","€51,14/kg"
Tablete de Chocolate Leite,Lindt,emb. 125 gr,"€1,86/un","€14,88/kg"
Pastilhas Elásticas Oral-B White Spearmint,Trident,emb. 68 gr,"€3,49/un","€51,32/kg"
Snack Grilos Tomate e Oregãos,Portugal Bugs,emb. 12 gr,"€4,49/un","€374,17/kg"
Bolachas Blissfuls Recheadas com Chocolate e Avelã,McVitie's,emb. 228 gr,"€3,29/un","€14,43/kg"
Aveia Instantânea Chocolate,Origens Bio,emb. 300 gr,"€5,39/un","€17,97/kg"
Cápsulas de Café Seducente,Continente Seleção,emb. 10 un,"€1,99/un","€0,20/un"
Drageias de Chocolate,Maltesers,"emb. 57,5 gr","€1,49/un","€25,69/kg"
Bolachas Blissfuls Recheadas com Chocolate e Caramelo,McVitie's,emb. 228 gr,"€3,29/un","€14,43/kg"
Chocolate,Daim,emb. 56 gr,"€1,59/un","€28,39/kg"
Bolacha Espelta e Banana,Leibniz,emb. 100 gr,"€2,69/un","€26,90/kg"
Refrigerante com Gás Cola Zero,Coca-Cola,emb. 4 x 1 lt,"€4,55/un","€1,14/lt"
Queijo Flamengo Light Fatiado,Limiano,emb. 2 x 200 gr,"€5,19/un","€12,98/kg"
Leite UHT Meio Gordo sem Lactose,Mimosa,emb. 1 lt,"€1,09/un","€1,09/lt"
Queijo Mini Light,Babybel,emb. 12 x 20 gr,"€4,39/un","€18,29/kg"
Refrigerante com Gás Cola Zero,Coca-Cola,emb. 6 x 33 cl,"€4,30/un","€2,17/lt"
Refrigerante com Gás Cola Zero,Coca-Cola,"emb. 2 x 1,75 lt","€3,35/un","€0,96/lt"
Queijo Flamengo Light Fatiado,Terra Nostra,emb. 2 x 200 gr,"€5,19/un","€12,98/kg"
Filetes Cavala em Azeite Biológico,Minerva,emb. 120 gr (peso escorrido 78 gr),"€2,99/un","€38,33/kg"
Ovos Biológicos,Continente Bio,emb. 6 un,"€2,19/un","€4,38/doz"
Bombons de Chocolate Plaisir Avelã,Nestlé,emb. 154 gr,"€5,49/un","€35,65/kg"
Leite UHT Magro sem Lactose,Mimosa,emb. 1 lt,"€1,09/un","€1,09/un"
Total Whey Chocolate,Gold Nutrition,emb. 1 kg,"€47,50/un","€47,50/kg"
Azeite,Oliveira da Serra,emb. 3 lt,"€14,69/un","€4,90/lt"
Total Whey Morango,Gold Nutrition,emb. 1 kg,"€47,50/un","€47,50/kg"
Suplemento Alimentar Marine Collagen Sabor Neutro,Vital Proteins,emb. 221 gr,"€44,99/un","€203,57/kg"
Queijo sem Lactose Light Fatiado,Castelões,emb. 2 x 150 gr,"€3,55/un","€11,83/kg"
Total Whey Baunilha,Gold Nutrition,emb. 1 kg,"€47,50/un","€47,50/kg"
Leite Meio Gordo sem Lactose,Mimosa,emb. 4 x 200 ml,"€2,09/un","€2,61/lt"
Hambúrgueres,Capitão Iglo,"emb. 1,440 kg (18 un)","€14,99/un","€10,41/kg"
Suplemento Alimentar Collagen Peptides Sabor Neutro,Vital Proteins,emb. 567 gr,"€41,99/un","€74,06/kg"
Queijo Fundido Light Porções,A Vaca que Ri,emb. 400 gr,"€4,58/un","€11,45/kg"
Caril Biológico,Margão,emb. 36 gr,"€3,39/un","€94,17/kg"
Bolachas Marinheiras com Chia,Cem Porcento,emb. 200 gr,"€2,89/un","€14,45/kg"
Queijo Flamengo Light Fatiado,Nova Açores,emb. 200 gr,"€2,19/un","€10,95/kg"
Néctar Manga e Laranja com Stevia,Compal Vital Equilíbrio,emb. 3 x 20 cl,"€1,69/un","€2,82/lt"
Queijo Flamengo Light Fatiado,Terra Nostra,emb. 200 gr,"€2,79/un","€13,95/kg"
Curgete Biológica,Continente Bio,emb. 500 gr,"€2,89/un","€5,78/kg"
Hambúrguer de Frango Sem Glúten,Capitão Iglo,"emb. 1,080 kg (18 un)","€14,99/un","€13,88/kg"
Iogurte Líquido Morango e Banana sem Lactose,Yoggi,emb. 640 gr (4 un),"€2,09/un","€3,27/kg"
Leite UHT Magro,Mimosa,emb. 1 lt,"€0,85/un","€0,85/lt"
Iogurte Líquido Bifidus Magro Lima e Limão,Activia,emb. 620 gr (4 un),"€1,99/un","€3,21/kg"
Iogurte Líquido Morango sem Lactose,Yoggi,emb. 640 gr (4 un),"€2,09/un","€3,27/kg"
Iogurte Líquido Magro Morango,Corpos Danone,emb. 1240 gr (8 un),"€2,99/un","€2,41/kg"
Néctar Manga e Laranja com Stevia,Compal Vital Equilíbrio,emb. 1 lt,"€1,69/un","€1,69/lt"
Iogurte Líquido Magro Morango e Kiwi,Corpos Danone,emb. 620 gr (4 un),"€1,79/un","€2,89/kg"
Espinafre Biológico,Vitacress,emb. 150 gr,"€2,29/un","€15,27/kg"
Iogurte Magro Amora e Framboesa,Longa Vida,emb. 480 gr (4 un),"€1,99/un","€4,15/kg"
Cenoura Biológica,Continente Bio,emb. 500 gr,"€0,99/un","€1,98/kg"
Iogurte Líquido Magro Ananás e Coco,Corpos Danone,emb. 620 gr (4 un),"€1,79/un","€2,89/kg"
Filete Atum em Azeite Biológico,Tenorio,emb. 120 gr (peso escorrido 78 gr),"€2,89/un","€37,05/kg"
Iogurte Líquido Magro Morango e Framboesa,Corpos Danone,emb. 620 gr (4 un),"€1,79/un","€2,89/kg"
Leite UHT Magro Pastagem,Terra Nostra,emb. 1 lt,"€1,04/un","€1,04/lt"
Queijo Flamengo Light Fatiado,Limiano,emb. 200 gr,"€2,79/un","€13,95/kg"
Tortellini Fresco de Ricotta e Espinafres,Rana,emb. 250 gr,"€3,69/un","€14,76/kg"
Iogurte Líquido Bifidus Magro Frutos Silvestres,Activia,emb. 620 gr (4 un),"€1,99/un","€3,21/kg"
Iogurte Líquido Bifidus Magro Pêssego e Maracujá,Activia,emb. 620 gr (4 un),"€1,99/un","€3,21/kg"
Queijo Fundido Light Palitos,A Vaca que Ri,emb. 140 gr,"€2,39/un","€17,07/kg"
Iogurte Líquido Magro Frutos Tropicais,Corpos Danone,emb. 620 gr (4 un),"€1,79/un","€2,89/kg"
Queijo Flamengo Light Fatiado,Continente Equilíbrio,emb. 2 x 225 gr,"€4,25/un","€9,44/kg"
Tomate em Pedaços Biológico,Guloso,emb. 390 gr,"€1,69/un","€4,33/kg"
Leite Fresco Magro,Vigor,emb. 1 lt,"€1,09/un","€1,09/lt"
Cebola Biológica,Continente Bio,emb. 750 gr,"€1,79/un","€2,39/kg"
Leite achocolatado sem Lactose,Mimosa,emb. 4 x 200 ml,"€2,34/un","€2,93/lt"
Iogurte Líquido Stracciatella sem Lactose,Yoggi,emb. 640 gr (4 un),"€2,09/un","€3,27/kg"
Iogurte Líquido Magro Defesas Natural,Actimel,emb. 1200 gr (12 un),"€4,39/un","€3,66/kg"
Pastilhas Elásticas Morango Sem Açúcar,Trident,"emb. 82,5 gr","€2,99/un","€36,02/kg"
Pastilhas Elásticas Oral-B Peppermint Sem Açúcar,Trident,emb. 68 gr,"€3,49/un","€51,32/kg"
Iogurte Líquido Bifidus Magro Frutos Silvestres,Activia,emb. 1240 gr (8 un),"€3,69/un","€2,98/kg"
Iogurte Líquido Magro Defesas Morango,Actimel,emb. 600 gr (6 un),"€2,59/un","€4,32/kg"
Queijo Fundido Light Porções,A Vaca que Ri,emb. 280 gr,"€3,12/un","€11,14/kg"
Iogurte Líquido Bifidus Magro Morango e Kiwi,Activia,emb. 620 gr (4 un),"€1,99/un","€3,21/kg"
Yofu Soja Pedaços Framboesa e Amora,Alpro,emb. 500 gr (4 un),"€2,28/un","€4,56/kg"
Iogurte Líquido Frutos Silvestres sem Lactose,Yoggi,emb. 640 gr (4 un),"€2,09/un","€3,27/kg"
Pastilhas Elásticas Spearmint Sem Açúcar,Trident,"emb. 82,5 gr","€2,99/un","€36,02/kg"
Refrigerante com Gás Cola Zero,Continente,emb. 4 x 2 lt,"€3,16/un","€0,40/lt"
Iogurte Líquido Proteína Limão e Menta,Yopro,emb. 300 gr,"€1,89/un","€6,30/kg"
"Néctar Laranja, Cenoura e Manga com Stevia",Compal Vital Equilíbrio,emb. 1 lt,"€1,69/un","€1,69/lt"
Tomate Pelado Biológico,Guloso,emb. 390 gr,"€1,38/un","€3,54/kg"
Grão de Bico Cozido Biológico,Origens Bio,emb. 540 gr (peso escorrido 400 gr),"€2,99/un","€5,54/kg"
Milho Doce sem Açúcar Biológico,Bonduelle,emb. 2 x 150 gr,"€3,04/un","€10,86/kg"
Polpa Tomate Biológico,Guloso,emb. 500 ml,"€2,70/un","€5,40/lt"
Yofu Soja Morango,Alpro,emb. 500 gr (4 un),"€2,28/un","€4,56/kg"
Bolachas Torradas,Nacional,emb. 200 gr,"€1,19/un","€5,95/kg"
Iogurte Líquido Magro Limão,Continente Equilíbrio,emb. 640 gr (4 un),"€1,39/un","€2,17/kg"
Yofu Soja Pedaços Pêssego e Frutos Exóticos,Alpro,emb. 500 gr (4 un),"€2,28/un","€4,56/kg"
Ice Tea Pêssego sem Açúcar,Continente,emb. 2 lt,"€1,09/un","€0,55/lt"
Bolachas Marinheiras com Sal,Cem Porcento,emb. 200 gr,"€2,89/un","€14,45/kg"
Refrigerante com Gás Cola Zero Açúcar Zero Cafeína,Coca-Cola,emb. 1 lt,"€1,30/un","€1,30/lt"
Néctar Ananás e Coco com Stevia,Compal Vital Equilíbrio,emb. 1 lt,"€1,69/un","€1,69/lt"
Leite Meio Gordo Pastagem Açores Biológico,Milhafre,emb. 1 lt,"€0,89/un","€0,89/lt"
Leite Meio Gordo Fresco sem Lactose,Vigor,emb. 1 lt,"€1,25/un","€1,25/lt"
Queijo Fresco de Vaca Longa Duração Light,Continente Equilíbrio,"emb. 4 x 62,5 gr","€2,79/un","€11,16/kg"
Pastilhas Elásticas Senses Spearmint Sem Açúcar,Trident,emb. 3 x 23 gr,"€2,59/un","€37,54/kg"
Refrigerante com Gás Cola Zero,Coca-Cola,emb. 4 x 20 cl,"€2,76/un","€3,45/lt"
Bolachas Maria,Cuétara,emb. 800 gr (4 un),"€2,59/un","€4,32/kg"
Leite UHT Meio Gordo Pastagem sem Lactose,Nova Açores,emb. 1 lt,"€1,39/un","€1,39/lt"
Ketchup Top Down,Heinz,emb. 700 gr,"€4,59/un","€6,56/kg"
Bolachas Marinheiras com Linhaça,Cem Porcento,emb. 200 gr,"€2,89/un","€14,45/kg"
Néctar Laranja e Maracujá com Stevia,Compal Vital Equilíbrio,emb. 1 lt,"€1,69/un","€1,69/lt"
Atum em Azeite Biológico,Bom Petisco,emb. 120 gr (peso escorrido 78 gr),"€2,09/un","€26,79/kg"
Bolachas Cream Crackers Original,Jacobs,emb. 200 gr,"€1,19/un","€5,95/kg"
"Iogurte Magro Aroma Morango, Kiwi, Banana e Pêssego",Mimosa,emb. 960 gr,"€2,49/un","€2,59/kg"
Yofu Soja Mix Polpa,Alpro,emb. 500 gr (4 un),"€2,28/un","€4,56/kg"
Ice Tea Manga sem Açúcar,Continente,emb. 2 lt,"€1,09/un","€0,55/lt"
Pastilhas Elásticas de Menta sem Açúcar,Orbit,emb. 4 x 14 gr,"€1,99/un","€35,54/kg"
Ice Tea Limão sem Açúcar,Continente,emb. 2 lt,"€1,09/un","€0,55/lt"
Néctar Frutos Vermelhos com Stevia,Compal Vital Equilíbrio,emb. 1 lt,"€1,69/un","€1,69/lt"
Bolachas Cracker Sabor Original,Tuc,emb. 300 gr (3 un),"€2,99/un","€9,97/kg"
Leite Meio Gordo Pastagem Biológico,Terra Nostra,emb. 1 lt,"€1,47/un","€1,47/lt"
Pastilhas Elásticas Frutos Silvestres Sem Açúcar,Trident,"emb. 82,5 gr","€2,99/un","€36,02/kg"
Bolachas Cream Cracker,Carr's,emb. 125 gr,"€1,59/un","€12,72/kg"
Bolachas Mini Dinossauros Cereais,Artiach,emb. 120 gr (3 un),"€1,89/un","€15,75/kg"
Tablete de Chocolate de Leite Extrafino sem Glúten,Nestlé,emb. 270 gr,"€3,79/un","€14,04/kg"
Bolachas Crackers com Sal,Gran Pavesi,emb. 560 gr (10 un),"€3,99/un","€7,13/kg"
Iogurte Líquido Magro Frutos Silvestres,Corpos Danone,emb. 620 gr (4 un),"€1,99/un","€3,21/kg"
Iogurte Líquido Zero% Melancia,Continente Equilíbrio,emb. 640 gr (4 un),"€1,39/un","€2,17/kg"
Iogurte Líquido Magro Morango,Corpos Danone,emb. 620 gr (4 un),"€1,79/un","€2,89/kg"
Iogurte Líquido Frutos Tropicais sem Lactose,Yoggi,emb. 640 gr (4 un),"€2,09/un","€3,27/kg"
Granola Frutos Vermelhos,Cem Porcento,emb. 350 gr,"€4,49/un","€12,83/kg"
Tomate Cacho Biológico,Continente Bio,emb. 500 gr,"€2,99/un","€5,98/kg"
Iogurte Bifidus Cremoso Magro Frutos Silvestres,Activia,emb. 480 gr (4 un),"€1,99/un","€4,15/kg"
Ketchup Top Down,Calvé,emb. 550 gr,"€2,49/un","€4,53/kg"
Iogurte Pedaços Magro Natur Pêssego e Maracujá,Corpos Danone,emb. 460 gr (4 un),"€1,99/un","€4,33/kg"
Cereais Estrelitas Mel,Estrelitas,emb. 750 gr,"€3,89/un","€5,19/kg"
Pastilhas Elásticas Peppermint Sem Açúcar,Trident,"emb. 4 x 14,5 gr","€2,59/un","€46,25/kg"
Iogurte Bifidus Pedaços Magro Ananás,Activia,emb. 480 gr (4 un),"€2,14/un","€4,46/kg"
Cereais Pétalas de Chocolate Pack Poupança,Continente,emb. 1 kg,"€3,19/un","€3,19/kg"
Refrigerante com Gás Cola Zero Açúcar Zero Cafeína,Coca-Cola,emb. 6 x 33 cl,"€4,30/un","€2,17/lt"
Queijo Mini Light,Babybel,emb. 6 x 20 gr,"€2,39/un","€19,92/kg"
"Iogurte Magro Aroma Morango, Coco e Manga",Mimosa,emb. 960 gr,"€2,49/un","€2,59/kg"
"Iogurte 3,7% Matéria Gorda Biológico",Andechser,emb. 500 gr,"€1,99/un","€3,98/kg"
Queijo Mozzarella Light,Galbani,emb. 125 gr,"€1,85/un","€14,80/kg"
Cereais Special K,Kellogg's,emb. 750 gr,"€4,09/un","€5,45/kg"
Bolachas Marinheiras com Espelta,Cem Porcento,emb. 200 gr,"€2,89/un","€14,45/kg"
Leite Meio Gordo Biológico,Prado Verde,emb. 1 lt,"€1,19/un","€1,19/lt"
Pastilhas Elásticas Peppermint Sem Açúcar,Trident,"emb. 82,6 gr","€2,99/un","€2,99/kg"
Queijo sem Lactose Light Fatiado,Castelões,emb. 150 gr,"€2,19/un","€14,60/kg"
Leite UHT Magro,Continente Equilíbrio,emb. 1 lt,"€0,78/un","€0,78/lt"
Ice Tea Limão sem Açúcar,Lipton,emb. 2 lt,"€2,29/un","€1,15/lt"
Queijo Fresco sem Lactose,Président,"emb. 4 x 62,5 gr","€2,09/un","€8,36/kg"
Bolachas Mini Dinossauros Chocolate,Artiach,emb. 120 gr (3 un),"€1,89/un","€15,75/kg"
Pastilhas Elásticas White Spearmint Sem Açúcar,Trident,"emb. 82,5 gr","€2,99/un","€36,02/kg"
Bolachas Crackers sem Sal na Superfície,Continente,emb. 500 gr (14 un),"€1,69/un","€3,38/kg"
Leite UHT Meio Gordo sem Lactose,Continente,emb. 1 lt,"€0,99/un","€0,99/lt"
Maçaroca de Milho Doce Cozido Biológico,Ecoeduco,emb. 400 gr,"€3,99/un","€9,98/kg"
Bombons de Chocolate com Licor Beirão,Beirão,emb. 125 gr,"€7,69/un","€61,52/kg"
Iogurte Líquido Natural Açucarado sem Lactose,Nutrégi,emb. 680 gr (4 un),"€2,95/un","€4,34/kg"
Iogurte Bifidus Cremoso Magro Frutos Silvestres,Activia,emb. 960 gr (8 un),"€3,49/un","€3,64/kg"
Ice Tea Limão sem Açúcar,Continente,"emb. 1,5 lt","€1,04/un","€0,69/lt"
Tortitas de Milho Multicereais sem Glúten,Continente Equilíbrio,emb. 130 gr,"€1,25/un","€9,62/kg"
Suplemento Alimentar Collagen Creamer Sabor Baunilha,Vital Proteins,emb. 305 gr,"€34,99/un","€114,72/kg"
Ketchup Top Down,Heinz,emb. 250 gr,"€2,29/un","€9,16/kg"
Bolachas Mini Marinheiras de Chia,Cem Porcento,emb. 50 gr,"€0,89/un","€17,80/kg"
Bolachas Crackers sem Sal,Du Bois,emb. 500 gr (20 un),"€2,79/un","€5,58/kg"
Abacate Biológico,Continente Bio,emb. 300 gr,"€1,99/un","€6,63/kg"
Iogurte Líquido Zero% Ananás e Coco,Continente Equilíbrio,emb. 640 gr (4 un),"€1,39/un","€2,17/kg"
Iogurte Bifidus Pedaços Magro Pêssego,Activia,emb. 480 gr (4 un),"€2,14/un","€4,46/kg"
Pudding Baunilha,Lindahls,emb. 150 gr,"€1,49/un","€9,93/kg"
Queijo Flamengo Biológico Fatiado,Terra Nostra,emb. 150 gr,"€2,49/un","€16,60/kg"
Yofu Soja Pedaços Mirtilo,Alpro,emb. 500 gr (4 un),"€2,28/un","€4,56/kg"
Amêndoa Tostada sem Pele Biológica,Continente Bio,emb. 150 gr,"€3,99/un","€26,60/kg"
Ketchup Hot Chili Top Down,Heinz,emb. 460 gr,"€3,69/un","€8,02/kg"
Queijo Fresco Longa Duração Magro,Matinal,emb. 3 x 72 gr,"€2,39/un","€11,06/kg"
Cereais Special K Frutos Vermelhos,Kellogg's,emb. 300 gr,"€4,39/un","€14,63/kg"
Bolachas Crackers com Sal,Continente,emb. 500 gr (14 un),"€1,69/un","€3,38/kg"
Bolachas Marinheiras com Azeite Virgem Extra,Daveiga,emb. 200 gr,"€2,49/un","€12,45/kg"
Rebuçados Original sem Açúcar,Halls,emb. 4 x 32 gr,"€1,49/un","€11,64/kg"
Refrigerante com Gás Cola Max,Pepsi,"emb. 1,75 lt","€1,59/un","€0,91/lt"
Bolachas Golden Mini Recheio de Creme,Oreo,emb. 160 gr (4 un),"€1,99/un","€12,44/kg"
Ice Tea Manga Light,Continente,"emb. 1,5 lt","€1,04/un","€0,69/lt"
Bolachas Wafer Baunilha Diet Nature,Gullón,emb. 180 gr (3 un),"€1,39/un","€7,72/kg"
Banana Biológica,Continente Bio,emb. 840 gr,"€1,59/kg","€1,34/un"
Queijo Fundido Light Fatiado,A Vaca que Ri,emb. 200 gr,"€1,94/un","€9,70/kg"
Fiambre Peito de Peru Baixo teor de Sal,Continente,emb. 150 gr,"€2,59/un","€17,27/kg"
Leite UHT Magro Pastagem sem Lactose,Nova Açores,emb. 1 lt,"€1,39/un","€1,39/lt"
"Iogurte Líquido Magro Triplo Zero Manga, Maracujá e Goji",Corpos Danone,emb. 620 gr (4 un),"€1,99/un","€3,21/kg"
Doce Morango sem Adição de Açúcar,St. Dalfour,emb. 500 gr,"€6,64/un","€13,28/kg"
Tortitas de Milho com Tomate e Azeite,Bicentury,emb. 130 gr,"€2,75/un","€21,15/kg"
Tortitas de Milho,Bicentury,emb. 130 gr,"€1,99/un","€15,31/kg"
Alho Francês Biológico,Continente Bio,emb. 400 gr,"€2,39/un","€5,98/kg"
Mostarda Original Frasco,Savora,emb. 190 gr,"€1,69/un","€8,89/kg"
Iogurte Líquido Magro Frutos Vermelhos,Continente Equilíbrio,emb. 640 gr (4 un),"€1,39/un","€2,17/kg"
Pastilhas Elásticas 60 Minutos Peppermint Sem Açúcar,Trident,emb. 3 x 20 gr,"€2,59/un","€43,17/kg"
Iogurte Multifrutos sem Lactose,Mimosa,emb. 480 gr (4 un),"€1,79/un","€3,73/kg"
Queijo Creme Light para Barrar Familiar,Philadelphia,emb. 270 gr,"€2,99/un","€11,07/kg"
Bolachas Marinheiras com Chia,Daveiga,emb. 200 gr,"€2,49/un","€12,45/kg"
Molho para Massa Napolitana,Barilla,emb. 400 ml,"€3,99/un","€9,98/kg"
Iogurte Líquido Magro Defesas Natural,Actimel,emb. 600 gr (6 un),"€2,59/un","€4,32/kg"
Bolachas de Chocolate com Menos Açúcar,Belvita,emb. 300 gr (8 un),"€2,49/un","€8,30/kg"
Rebuçados Citrus Mix sem Açúcar,Halls,emb. 4 x 32 gr,"€1,49/un","€11,64/kg"
Tofu Refrigerado Biológico,Seara,emb. 500 gr,"€3,69/un","€7,38/kg"
Couve Flor Biológica,Continente Bio,emb. 500 gr,"€4,99/un","€9,98/kg"
Gelatina em Pó de Ananás sem Açúcar,Royal,emb. 31 gr,"€1,04/un","€33,55/kg"
Batata Biológica,Continente Bio,emb. 1 kg,"€1,69/un","€1,69/kg"
Salsa Biológica,Continente Bio,emb. 50 gr,"€1,29/un","€25,80/kg"
Pastilhas Elásticas Max Watermelon Frost Sem Açúcar,Trident,emb. 3 x 20 gr,"€2,59/un","€43,17/kg"
Tofu Basílico Biológico,Taifun,emb. 200 gr,"€3,35/un","€16,75/kg"
Tofu Rosso Biológico,Taifun,emb. 200 gr,"€3,35/un","€16,75/kg"
Gelatina em Pó de Frutos Tropicais sem Açúcar,Royal,emb. 31 gr,"€1,04/un","€33,55/kg"
Ice Tea Pêssego sem Açúcar,Lipton,emb. 2 lt,"€2,29/un","€1,15/lt"
Rebuçados de Mel e Limão sem Açúcar,Halls,emb. 4 x 32 gr,"€1,49/un","€11,64/kg"
Queijo Flamengo Light Pausa Amêndoas e Uvas,Limiano,emb. 3 x 40 gr,"€2,95/un","€24,58/kg"
Iogurte Líquido Proteína Manga,Yopro,emb. 300 gr,"€1,89/un","€6,30/kg"
Iogurte Bifidus Cremoso Magro Cocktail de Frutas,Activia,emb. 480 gr (4 un),"€1,99/un","€4,15/kg"
Iogurte Líquido Magro Morango,Continente Equilíbrio,emb. 640 gr (4 un),"€1,39/un","€2,17/kg"
Iogurte Aroma Coco sem Lactose,Nutrégi,emb. 480 gr (4 un),"€2,21/un","€4,60/kg"
Pastilhas Elásticas Senses Melancia Sem Açúcar,Trident,emb. 3 x 23 gr,"€2,59/un","€37,54/kg"
Tablete de Chocolate Negro com Flor de Sal Excellence,Lindt,emb. 100 gr,"€2,09/un","€20,90/kg"
Snack de Chocolate de Leite,Kinder,"emb. 24 x 12,5 gr","€4,19/un","€13,97/kg"
Tablete de Chocolate Negro Excellence Orange Intense,Lindt,emb. 100 gr,"€2,09/un","€20,90/kg"
Iogurte Magro Aroma Morango e Ananás,Corpos Danone,emb. 960 gr (8 un),"€2,49/un","€2,59/kg"
Ice Tea Pêssego sem Açúcar,Continente,"emb. 1,5 lt","€1,04/un","€0,69/lt"
Pastilhas Elásticas Oral-B Spearmint Sem Açúcar,Trident,emb. 68 gr,"€3,49/un","€51,32/kg"
Veggie Bowls Trigo Sarraceno e Brócolos,Iglo Green Cuisine,emb. 350 gr,"€3,99/un","€11,40/kg"
Queijo Flamengo sem Lactose Fatiado,Paiva,emb. 150 gr,"€2,29/un","€15,27/kg"
Queijo Light Prato,Paiva,1/2 Queijo = 600 gr,"€10,99/kg","€6,59/un"
Queijo Fresco Médio Magro,Santiago,emb. 180 gr,"€1,39/un","€6,95/kg"
Azeite Virgem Extra Suave,Gallo,emb. 75 cl,"€7,99/un","€10,65/lt"
Azeite Virgem Extra,Gallo,emb. 75 cl,"€7,99/un","€10,65/lt"
Abóbora Butternut Biológica,Continente Bio,"Quant. Mínima = 1,2 kg (1 un)","€1,69/kg","€2,03/un"
Limão Biológico,Continente Bio,emb. 500 gr,"€1,99/un","€3,98/kg"
Bolachas Crackers sem Glúten,Crich,emb. 200 gr,"€3,04/un","€15,20/kg"
Iogurte Pedaços Magro Natur Coco,Corpos Danone,emb. 460 gr (4 un),"€1,99/un","€4,33/kg"
Iogurte Líquido Proteína Kvarg Pro+ Banana e Noz,Lindahls,emb. 330 ml,"€1,89/un","€5,73/kg"
Tortitas de Milho sem Glúten,Bicentury,emb. 130 gr,"€1,99/un","€15,31/kg"
Bolachas Recheadas Choco Flakes,Cuétara,emb. 500 gr,"€3,99/un","€7,98/kg"
Mostarda Top Down,Savora,emb.230 gr,"€1,49/un","€6,48/kg"
Iogurte Baunilha Biológico,Andechser,emb. 400 gr,"€2,29/un","€5,73/kg"
Cereais de Trigo Integral com Pedaços de Amêndoa Clusters,Clusters,emb. 325 gr,"€2,99/un","€9,20/kg"
Iogurte Proteína Kvarg Pro+ Morango e Lima,Lindahls,emb. 150 gr,"€1,09/un","€7,27/kg"
Doce Pêssego sem Adição Açúcar,St. Dalfour,emb. 284 gr,"€4,39/un","€15,46/kg"
Molho Basílico em Vidro,Barilla,emb. 400 ml,"€3,99/un","€9,98/kg"
Bolachas Soft Cake de Laranja e Chocolate Negro,Continente,emb. 300 gr (2 un),"€1,39/un","€4,63/kg"
Sardinha em Azeite Biológico,Bom Petisco,emb. 120 gr (peso escorrido 84 gr),"€1,99/un","€23,69/kg"
Iogurte Proteína Mirtilo,Yopro,emb. 160 gr,"€1,09/un","€6,81/kg"
Pastilhas Elásticas 60 Minutos Spearmint Sem Açúcar,Trident,emb. 3 x 20 gr,"€2,59/un","€43,17/kg"
Salmão Fumado da Noruega Eco Biológico,Martiko,emb. 80 gr,"€7,99/un","€99,88/kg"
Bolachas Crackers Integrais,Continente,emb. 500 gr (14 un),"€1,69/un","€3,38/kg"
Bolachas Digestivas Original,McVitie's,emb. 400 gr,"€2,29/un","€5,73/kg"
Sumo 100% Cenoura e Maçã,Compal Veggie,emb. 1 lt,"€1,69/un","€1,69/lt"
Snack de Chocolate de Leite,Kinder,"emb. 16 x 12,5 gr","€3,19/un","€15,95/kg"
Marinheiras de Chia Biológicas,Cem Porcento,emb. 200 gr,"€2,99/un","€14,95/kg"
Bolachas Cream Cracker,Continente,emb. 600 gr (3 un),"€1,74/un","€2,90/kg"
Bolachas Argolinhas com Cobertura Chocolate Negro,Continente,emb. 150 gr,"€0,79/un","€5,27/kg"
Iogurte Magro Mirtilo sem Lactose,Mimosa,emb. 480 gr (4 un),"€2,09/un","€4,35/kg"
Bolachas Recheadas com Chocolate Diet Nature,Gullón,emb. 250 gr,"€1,64/un","€6,56/kg"
Bolachas Digestivas de Canela,Triunfo,emb. 171 gr (6 un),"€1,24/un","€7,25/kg"
Pudim de Baunilha Rico em Proteína,Ehrmann,emb. 200 gr,"€1,79/un","€8,95/kg"
Dragueias de Eucalipto sem Açúcar,Smint,emb. 70 gr,"€3,69/un","€52,71/kg"
Azeite Virgem Extra,Continente Bio,emb. 2 lt,"€11,99/un","€6,00/lt"
Ice Tea Pêssego Zero,Lipton,emb. 3 x 20 cl,"€1,29/un","€2,15/lt"
Tempero para Frango,Casa Pontinha,emb. 200 gr,"€2,29/un","€11,45/kg"
Pastilhas Elásticas de Bubblemint sem Açúcar,Orbit,emb. 4 un,"€1,99/un","€33,17/kg"
Veggie Bowls de Quinoa e Abóbora,Iglo Green Cuisine,emb. 350 gr,"€3,99/un","€11,40/kg"
Iogurte Magro Morango sem Lactose,Mimosa,emb. 480 gr (4 un),"€2,09/un","€4,35/kg"
Pastilhas Elásticas Max Splash Strawberry Lime Sem Açúcar,Trident,emb. 22 gr,"€0,95/un","€43,18/kg"
Leite de Coco,Ayam,emb. 200 ml,"€1,69/un","€8,45/lt"
Doce Framboesa sem Adição de Açúcar,St. Dalfour,emb. 284 gr,"€4,39/un","€15,46/kg"
Bolachas com Pepitas de Chocolate Energy Chiquilin,Artiach,emb. 200 gr (5 un),"€1,99/un","€9,95/kg"
Iogurte Líquido Morango e Banana sem Lactose,Continente,emb. 640 gr (4 un),"€1,49/un","€2,33/kg"
Ice Tea Limão Zero,Continente,emb. 6 x 20 cl,"€1,29/un","€1,08/lt"
Feijão Branco Cozido Biológico,Origens Bio,emb. 540 gr (peso escorrido 400 gr),"€2,99/un","€5,54/kg"
Ketchup Top Down,Heinz,emb. 460 gr,"€3,69/un","€8,02/kg"
Mostarda Top Down,Paladin,emb. 250 gr,"€1,64/un","€6,56/kg"
Creme Vegetal de Soja Light para Culinária,Alpro,emb. 250 ml,"€1,49/un","€5,96/lt"
Iogurte Mirtilo Biológico,Andechser,emb. 400 gr,"€2,29/un","€5,73/kg"
Iogurte Líquido Proteína Kvarg Pro+ Frutos Tropicais,Lindahls,emb. 330 gr,"€1,89/un","€5,73/kg"
Doce Cereja sem Adição de Açúcar,St. Dalfour,emb. 284 gr,"€4,39/un","€15,46/kg"
Galetes de Milho sem Sal Finíssimas sem Glúten,Salutem,emb. 130 gr,"€1,29/un","€9,92/kg"
Iogurte Proteína Kvarg Pro+ Limão e Cookies,Lindahls,emb. 150 gr,"€1,09/un","€7,27/kg"
Pão de Queijo sem Glúten,Continente Seleção,emb. 300 gr (12 un),"€2,49/un","€8,30/kg"
Mirtilos Importados Biológicos,Continente Bio,emb. 125 gr,"€1,99/un","€15,92/kg"
Pudim de Café Rico em Proteína,Ehrmann,emb. 200 gr,"€1,79/un","€8,95/kg"
Iogurte Magro Natural sem Lactose,Mimosa,emb. 480 gr (4 un),"€2,09/un","€4,35/kg"
Yofu Soja Baunilha,Alpro,emb. 500 gr,"€2,99/un","€5,98/kg"
Refrigerante com Gás Cola Zero Açúcar Zero Cafeína,Coca-Cola,emb. 12 x 15 cl,"€5,64/un","€3,13/lt"
Couve Coração Biológica,Continente Bio,emb. 700 gr,"€2,99/un","€4,27/kg"
Bolachas Cream Cracker,Vieira,emb. 200 gr,"€0,89/un","€4,45/kg"
Muesli Crunchy Frutos Secos Pack Poupança,Continente,emb. 1 kg,"€4,29/un","€4,29/kg"
Queijinhos Cremosos Light,Continente,emb. 280 gr (16 un),"€2,69/un","€9,61/kg"
Pastilhas Elásticas 60 Minutos Peppermint Sem Açúcar,Trident,emb. 20 gr,"€0,95/un","€47,50/kg"
Iogurte Líquido Magro Morango,Continente Equilíbrio,emb. 1 kg,"€1,59/un","€1,59/kg"
Pastilhas Elásticas Max Splash Strawberry Lime Sem Açúcar,Trident,emb. 3 x 20 gr,"€2,59/un","€43,17/kg"
Queijo Gouda sem Lactose Fatiado,Continente,emb. 150 gr,"€1,79/un","€11,93/kg"
Azeite Virgem Extra,Oliveira da Serra,emb. 50 cl,"€4,59/un","€9,18/lt"
Leite UHT Magro,Continente Equilíbrio,emb. 3 x 200 ml,"€0,89/un","€1,48/lt"
Sementes de Chia Biológicas,Continente Bio,emb. 150 gr,"€1,89/un","€12,60/kg"
Bolachas Digestivas Chocolate sem Glúten,Schär,emb. 150 gr,"€3,29/un","€21,93/kg"
Compota 4 Frutos Vermelhos Biológica,Pur Natur,emb. 370 gr,"€3,19/un","€8,62/kg"
Refrigerante com Gás Maracujá sem Açúcar,Brisa,emb. 4 x 1 lt,"€4,93/un","€1,23/lt"
Tablete de Chocolate de Leite Extrafino com Amêndoa sem Glúten,Nestlé,emb. 270 gr,"€3,79/un","€14,04/kg"
Massa Fusilli Integral,Rummo,emb. 500 gr,"€2,12/un","€4,24/kg"
Leite UHT Meio Gordo sem Lactose,Ucal,emb. 3 x 200ml,"€1,82/un","€3,03/lt"
Pastilhas Elásticas Senses Melancia Sem Açúcar,Trident,emb. 23 gr,"€0,95/un","€41,30/kg"
Iogurte Líquido Frutos Vermelhos sem Lactose,Nutrégi,emb. 680 gr (4 un),"€2,95/un","€4,34/kg"
Bolachas de Milho com 54% Chocolate sem Glúten,Continente,emb. 130 gr (4 un),"€1,49/un","€11,46/kg"
Queijo Fresco sem Lactose,Continente,"emb. 2 x 62,5 gr","€1,39/un","€11,12/kg"
Atum em Tomate Biológico,Bom Petisco,emb. 120 gr (peso escorrido 78 gr),"€2,09/un","€26,79/kg"
Bolachas com Chocolate Ronditas Diet Nature,Gullón,emb. 186 gr (5 un),"€2,24/un","€12,04/kg"
Doce Quatro Frutos sem Adição de Açúcar,St. Dalfour,emb. 500 gr,"€6,64/un","€13,28/kg"
Queijo Flamengo Light Fatiado,Continente Equilíbrio,emb. 225 gr,"€2,39/un","€10,62/kg"
Veggie Bowls de Bulgur e Courgette,Iglo Green Cuisine,emb. 350 gr,"€3,99/un","€11,40/kg"
Arroz Basmati Brajma Pronto a Comer,Cigala,emb. 2 x 125 gr,"€1,39/un","€5,56/kg"
Tablete de Chocolate Negro Excellence 70% Cacau,Lindt,emb. 100 gr,"€2,09/un","€20,90/kg"
Pastilhas Elásticas Frutos Silvestres Sem Açúcar,Trident,"emb. 4 x 14,5 gr","€2,59/un","€46,25/kg"
Tablete Chocolate Negro,Canderel,emb. 100 gr,"€2,49/un","€24,90/kg"
Pastilhas Elásticas White Spearmint Sem Açúcar,Trident,emb. 58 gr,"€2,59/un","€44,66/kg"
Sardinha Inteira em Azeite com Malagueta Biológico,Minerva,emb. 120 gr (peso escorrido 85 gr),"€1,69/un","€19,88/kg"
Pastilhas Elásticas Morango Sem Açúcar,Trident,"emb. 4 x 14,5 g","€2,59/un","€46,25/kg"
Pastilhas Elásticas Spearmint Sem Açúcar,Trident,"emb. 4 x 14,5 gr","€2,59/un","€46,25/kg"
Tablete de Chocolate Negro com Laranja,Côte D'Or,emb. 100 gr,"€1,69/un","€16,90/kg"
Tortitas de Arroz Integral com Chocolate Negro,Bicentury,emb. 130 gr,"€2,59/un","€19,92/kg"
Doce Framboesa e Romã sem Adição de Açúcar,St. Dalfour,emb. 284 gr,"€4,39/un","€15,46/kg"
Doce Amoras sem Adição de Açúcar,St. Dalfour,emb. 284 gr,"€4,39/un","€15,46/kg"
Bolachas Soft Bakes Frutos Vermelhos,Belvita,emb. 250 gr (5 un),"€2,99/un","€11,96/kg"
Molho de Soja com Menos Sal,Kikkoman,emb. 150 ml,"€3,99/un","€26,60/lt"
Leite de Coco,Continente,emb. 400 ml,"€1,49/un","€3,73/lt"
Leite UHT Magro,Mimosa,emb. 3 x 200 ml,"€1,19/un","€1,98/lt"
Queijo Creme Fresco para Barrar sem Lactose,Philadelphia,emb. 150 gr,"€2,19/un","€14,60/kg"
Ketchup à Portuguesa Top Down,Paladin,emb. 450 gr,"€2,49/un","€5,53/kg"
Almôndegas de Vaca Sem Glúten,Capitão Iglo,emb. 450 gr (15 un),"€8,99/un","€19,98/kg"
Tablete de Chocolate 70% Cacau sem Glúten,Lacasa,emb. 100 gr,"€1,64/un","€16,40/kg"
Tofu Biológico,Continente Bio,emb. 400 gr,"€1,89/un","€4,73/kg"
Cereais Corn Flakes,Kellogg's,emb. 500 gr,"€3,99/un","€7,98/kg"
Bolachas Digestivas de Aveia,Triunfo,emb. 171 gr (6 un),"€1,24/un","€7,25/kg"
Bolachas com Pepitas Chocolate Diet Nature,Gullón,emb. 125 gr,"€1,44/un","€11,52/kg"
Iogurte Aroma Morango sem Lactose,Continente,emb. 480 gr (4 un),"€0,99/un","€2,06/kg"
Bolachas Ositos com Mel,Artiach,emb. 160 gr (4 un),"€1,69/un","€10,56/kg"
Massa Penne Rigate,Continente Bio,emb. 500 gr,"€1,29/un","€2,58/kg"
Bolachas Maria Júnior sem Lactose,Vieira,emb. 276 gr (12 un),"€2,49/un","€9,02/kg"
Rebuçados de Morango sem Açúcar,Halls,emb. 4 x 32 gr,"€1,49/un","€11,64/kg"
Bolachas Recheadas Flakes,Cuétara,emb. 500 gr,"€3,99/un","€7,98/kg"
Tofu Olive Biológico,Taifun,emb. 200 gr,"€3,35/un","€16,75/kg"
Bolachas Digestivas de Maçã,Triunfo,emb. 171 gr (6 un),"€1,24/un","€7,25/kg"
Iogurte Líquido Proteína Baunilha Bolacha,Yopro,emb. 300 gr,"€1,89/un","€6,30/kg"
Iogurte Stracciatella Biológico,Andechser,emb. 400 gr,"€2,29/un","€5,73/kg"
Tomate Mini Biológico,Continente Bio,emb. 250 gr,"€1,25/un","€5,00/kg"
Fiambre Perna Extra Baixo teor de sal,Continente,emb. 200 gr,"€2,29/un","€11,45/kg"
Tarteletes de Morango,Continente,emb. 150 gr,"€0,87/un","€5,80/kg"
Pudding Chocolate,Lindahls,emb. 150 gr,"€1,49/un","€9,93/kg"
Sumo Natural Cenoura Biológico,Cem Porcento,emb. 20 cl,"€1,09/un","€5,45/lt"
Iogurte Natural Açucarado sem Lactose,Nutrégi,emb. 480 gr (4 un),"€2,21/un","€4,60/kg"
Leite Meio Gordo sem Lactose,Ucal,emb. 1 lt,"€1,67/un","€1,67/lt"
Pastilhas Elásticas Morango Sem Açúcar,Trident,"emb. 23,8 gr","€1,00/un","€41,67/kg"
Gelatina em Pó Zero% de Tangerina sem Glúten,Condi,emb. 28 gr,"€1,89/un","€67,50/kg"
Queijo Snack Light Cajus e Cerejas,Terra Nostra,emb. 3 x 40 gr,"€2,95/un","€24,58/kg"
Queijo Fresco de Cabra Atabafado Light,Guilherme,emb. 120 gr,"€2,49/un","€20,75/kg"
Iogurte Líquido Proteína Coco,Yopro,emb. 300 gr,"€1,89/un","€6,30/kg"
Pastilhas Elásticas Oral-B Peppermint Sem Açúcar,Trident,emb. 17 gr,"€1,14/un","€67,06/kg"
Refrigerante com Gás Max Lima,Pepsi,emb. 1 lt,"€1,09/un","€1,09/lt"
Crackies de Milho sem Sal sem Glúten,Caçarola,emb. 130 gr,"€1,39/un","€10,69/kg"
Nestlé Sobremesas Tablete de Chocolate Culinária 44% Cacau,Nestlé,emb. 200 gr,"€1,89/un","€9,45/kg"
Bolachas Vitalday Crocante Original,Gullón,emb. 265 gr,"€2,29/un","€8,64/kg"
Tortitas de Milho sem Sal Biológicas,Salutem,emb. 130 gr,"€1,69/un","€13,00/kg"
"Tortitas de Arroz Chocolate Negro, Laranja e Flor de Azahar",Bicentury,emb. 132 gr,"€2,59/un","€19,62/kg"
Iogurte Natural Açucarado sem Lactose,Mimosa,emb. 480 gr (4 un),"€1,79/un","€1,79/kg"
Iogurte Bifidus Pêssego Sem Lactose,Activia,emb. 480 gr (4 un),"€2,19/un","€4,56/kg"
Bolachas de Aveia,Triunfo,emb. 190 gr,"€1,49/un","€7,84/kg"
Ice Tea Manga Zero,Continente,emb. 6 x 20 cl,"€1,29/un","€1,08/lt"
Fatias Vegetarianas com Legumes,Nobre Vegalia,emb. 100 gr,"€2,19/un","€21,90/kg"
Iogurte Líquido Morango sem Lactose,Continente,emb. 640 gr (4 un),"€1,49/un","€2,33/kg"
Tablete de Chocolate 85% Cacau sem Glúten,Lacasa,emb. 100 gr,"€1,64/un","€16,40/kg"
Manteiga Light com Sal sem Lactose,Primor,emb. 125 gr,"€1,99/un","€15,92/kg"
Barras de Cereais Chocolate Negro e Amendoim,Continente,emb. 6 x 21gr,"€1,19/un","€9,52/kg"
Iogurte Líquido Zero% Framboesa e Lichia,Continente Equilíbrio,emb. 640 gr (4 un),"€1,59/un","€2,48/kg"
Bolachas Dinossauros sem Açúcar,Artiach,emb. 185 gr (6 un),"€2,29/un","€12,38/kg"
Tofu Fumado Biológico,Joya,emb. 200 gr,"€2,89/un","€14,45/kg"
Massa Fusilli,Rummo,emb. 400 gr,"€2,47/un","€6,18/kg"
Iogurte Bifidus Pedaços Magro Kiwi,Activia,emb. 480 gr (4 un),"€2,14/un","€4,46/kg"
Bolachas Soft Bakes Cereais,Belvita,emb. 250 gr (5 un),"€2,99/un","€11,96/kg"
Iogurte Polpa de Manga sem Lactose,Nutrégi,emb. 480 gr (4 un),"€2,63/un","€5,48/kg"
Tortitas de Milho Mini,Bicentury,emb. 100 gr,"€1,79/un","€17,90/kg"
Bolachas Choco Tablet Diet Nature,Gullón,emb. 150 gr (4 un),"€1,89/un","€12,60/kg"
Pão Clássico Cereais sem Glúten,Schär,emb. 300 gr,"€3,65/un","€12,17/kg"
Iogurte Fruta Manga Biológico,Andechser,emb. 150 gr,"€0,79/un","€5,27/kg"
Hambúrgueres,Capitão Iglo,emb. 640 gr (8 un),"€14,99/un","€23,42/kg"
Gelatina em Pó de Melancia sem Açúcar,Royal,emb. 31 gr,"€1,04/un","€33,55/kg"
Leite UHT Magro,Agros,emb. 1 lt,"€0,96/un","€0,96/lt"
Ice Tea Pêssego Zero Açúcar Adicionado,Lipton,emb. 1 lt,"€1,16/un","€1,16/lt"
"Saqueta de Fruta Maçã, Banana e Cenoura +4M",Hero Solo,emb. 100 gr,"€1,03/un","€10,30/kg"
Mostarda Dijon Original em Vidro,Maille,emb. 215 gr,"€3,89/un","€18,09/kg"
Azeite Virgem Extra,Herdade do Esporão,emb. 50 cl,"€9,49/un","€18,98/lt"
Massa Espirais,Milaneza,emb. 500 gr,"€2,69/un","€5,38/kg"
Iogurte Proteína Kvarg Pro+ Banana e Caramelo,Lindahls,emb. 150 gr,"€1,09/un","€7,27/kg"
Pastilhas Elásticas Senses Tropical Sem Açúcar,Trident,emb. 23 gr,"€0,95/un","€41,30/kg"
Granola Aveia com Chocolate Cruesli,Quaker,emb. 375 gr,"€4,09/un","€10,91/kg"
Iogurte Aveia e Maçã Biológico,Mimosa,emb. 230 gr (2 un),"€1,29/un","€5,61/kg"
Manteiga de Amendoim Crocante,Prozis,emb. 1 kg,"€6,29/un","€6,29/kg"
Iogurte Mirtilo Biológico,Mimosa,emb. 230 gr (2 un),"€1,29/un","€5,61/kg"
Iogurte Pedaços Romã Biológico,Pur Natur,emb. 150 gr,"€1,55/un","€10,33/kg"
Bolachas Waffer Chocolate Diet Nature,Gullón,emb. 180 gr (3 un),"€1,39/un","€7,72/kg"
Tablete de Chocolate de Leite com Pepitas de Caramelo e Flor de Sal,Continente Seleção,emb. 100 gr,"€1,19/un","€11,90/kg"
Ice Tea Limão Zero Açúcar Adicionado,Lipton,emb. 1 lt,"€1,16/un","€1,16/lt"
Ice Tea Limão Zero,Lipton,emb. 3 x 20 cl,"€1,29/un","€2,15/lt"
Pastilhas Elásticas de Spearmint sem Açúcar,Chiclets,"emb. 16,5 gr","€0,99/un","€58,24/kg"
Bolachas Chocolate Chips Biológicas,Gullón,emb. 250 gr,"€3,99/un","€15,96/kg"
"Iogurte Magro Aroma Morango, Kiwi e Manga",Mimosa,emb. 720 gr,"€1,99/un","€4,15/kg"
Muesli Crunchy Chocolate,Continente,emb. 500 gr,"€2,39/un","€4,78/kg"
Iogurte Proteína Kvarg Chocolate Branco,Lindahls,emb. 150 gr,"€1,09/un","€7,27/kg"
Refrigerante com Gás Cola Zero,Coca-Cola,emb. 1 lt,"€1,60/un","€1,60/lt"
Tortitas de Arroz 3 Cereais sem Glúten Biológicas,Lima,emb. 130 g,"€1,99/un","€15,31/kg"
Bolachas Marinheiras Integrais,Cem Porcento,emb. 200 gr,"€2,89/un","€14,45/kg"
Leite Achocolatado sem Lactose,Agros,emb. 4 x 200 ml,"€2,34/un","€2,93/lt"
Tablete de Chocolate 92% Cacau com Açúcar de Coco Biológico,Vivani,emb. 80 gr,"€3,09/un","€38,63/kg"
Caprichos do Mar sem Glúten,Pescanova,emb. 1 kg,"€5,99/un","€5,99/kg"
Molho de Soja,Continente,emb. 200 ml,"€0,89/un","€4,45/lt"
Gelatina em Pó de Mirtilo sem Açúcar,Royal,emb. 31 gr,"€1,04/un","€33,55/kg"
Cereais Corn Flakes Milho Pack Poupança,Continente,emb. 1 kg,"€3,19/un","€3,19/kg"
Pera Rocha Nacional Biológica,Continente Bio,emb. 500 gr,"€1,99/un","€3,98/kg"
Bolachas de Gengibre,Anna's,emb. 150 gr,"€2,24/un","€14,93/kg"
Galetes de Arroz sem Sal Finíssimas sem Glúten,Salutem,emb. 130 gr,"€1,29/un","€9,92/kg"
Altano DOC Douro Tinto Biológico,Altano,garrafa 75 cl,"€7,99/un","€10,65/lt"
Pastilhas Elásticas Oral-B Spearmint Sem Açúcar,Trident,emb. 3 x 51 gr,"€3,29/un","€64,51/kg"
Gelatina em Pó Zero% de Manga sem Glúten,Condi,emb. 26 gr,"€1,89/un","€72,69/kg"
Tortitas de Milho sem Glúten Biológicas,Gullón,emb. 129 gr,"€1,94/un","€15,04/kg"
Tablete de Chocolate Excellence 85% Cacau,Lindt,emb. 100 gr,"€2,09/un","€20,90/kg"
Gelatina em Pó Light de Ananás,Condi,emb. 2 x 15 gr,"€1,89/un","€63,00/kg"
Pastilhas Elásticas Max Slab Melancia Pêssego Sem Açúcar,Trident,emb. 23 gr,"€0,95/un","€41,30/kg"
Hambúrguer de Bovino Alto,Continente,emb. 1 kg (8 un),"€8,99/un","€8,99/kg"
Marinheiras Biológicas,Cem Porcento,emb. 200 gr,"€2,99/un","€14,95/kg"
Pastilhas Elásticas Max Watermelon Frost Sem Açúcar,Trident,emb. 20 gr,"€0,95/un","€47,50/kg"
Yofu Soja Natural,Alpro,emb. 500 gr (4 un),"€2,28/un","€4,56/kg"
Bolachas com Recheio de Morango La Barquette,Lu,emb. 120 gr (3 un),"€1,99/un","€16,58/kg"
Bolachas Diet Natur com Recheio de Iogurte,Gullón,emb. 220 gr (5 un),"€1,89/un","€8,59/kg"
Bolachas Pequeno Almoço Multicereais,Continente,emb. 300 gr (6 un),"€1,79/un","€5,97/kg"
Tofu Refrigerado Biológico,Seara,emb. 250 gr,"€1,99/un","€7,96/kg"
Pastilhas Elásticas Spearmint Sem Açúcar,Trident,emb. 24 gr,"€1,00/un","€41,67/kg"
Queijo Mozzarella Light,Continente Equilíbrio,emb. 125 gr,"€1,09/un","€8,72/kg"
Nestlé Dark Tablete de Chocolate Negro com Amêndoa sem Glúten,Nestlé,emb. 270 gr,"€3,79/un","€14,04/kg"
Canela Moída Biológica,Margão,emb. 27 gr,"€3,69/un","€136,67/kg"
Bolachas Mini Cookies sem Açúcar,Marbú,emb. 120 gr (4 un),"€2,09/un","€17,42/kg"
Refrigerante com Gás Laranja sem Açúcar,Continente,"emb. 1,5 lt","€0,79/un","€0,53/lt"
Queijo Brie Light,Président,emb. 200 gr,"€3,79/un","€18,95/kg"
Leite Achocolatado sem Lactose,Ucal,emb. 6 x 250 ml,"€6,46/un","€4,31/lt"
Bolachas Maria sem Açúcar,Vieira,emb. 300 gr (12 un),"€2,59/un","€8,63/kg"
Bolachas Mini Marinheira Naturais,Cem Porcento,emb. 50 gr,"€0,89/un","€17,80/kg"
Iogurte Líquido Proteína Café,Yopro,emb. 300 gr,"€1,89/un","€6,30/kg"
Gelatina em Pó Light de Limão,Condi,emb. 2 x 15 gr,"€1,89/un","€63,00/kg"
Bolachas Golden Recheio de Creme,Oreo,emb. 154 gr,"€1,49/un","€9,68/kg"
Biscoitos Linhaça e Curcuma Biológicos,Seara,emb. 220 gr,"€2,34/un","€10,64/kg"
Gelatina em Pó de Frutos Vermelhos sem Açúcar,Continente,emb. 31 gr,"€0,99/un","€31,94/kg"
Tofu Fumado Biológico,Taifun,emb. 200 gr,"€2,99/un","€14,95/kg"
Iogurte Líquido Proteína Morango Pro+,Lindahls,emb. 330 gr,"€1,89/un","€5,73/kg"
Bolachas Cream Cracker,Cuétara,emb. 200 gr,"€1,29/un","€6,45/kg"
Pastilhas Elásticas Extreme Mentol Sem Açúcar,Trident,emb. 4 x 14 gr,"€2,59/un","€46,25/kg"
Iogurte Natural Açucarado sem Lactose,Continente,emb. 480 gr (4 un),"€0,99/un","€2,06/kg"
Bebida Vegetal de Arroz 0%,Shoyce,emb. 1 lt,"€1,49/un","€1,49/lt"
Gelatina em Pó Light de Pêssego,Condi,emb. 2 x 15 gr,"€1,89/un","€63,00/kg"
Iogurte Proteína Manteiga de Amendoim e Banana,Yopro,emb. 160 gr,"€1,09/un","€6,81/kg"
Gelatina em Pó Light de Frutos Tropicais,Condi,emb. 2 x 15 gr,"€1,89/un","€63,00/kg"
Grão de Bico Cozido Biológico,La Bio Idea,emb. 400 gr,"€1,99/un","€4,98/kg"
"Saqueta de Fruta Banana, Pera e Laranja +4M",Hero Solo,emb. 100 gr,"€1,03/un","€10,30/kg"
Iogurte Natural Biológico,Mimosa,emb. 460 gr (4 un),"€2,09/un","€4,54/kg"
Sobremesa Soja e Baunilha,Alpro,emb. 500 gr (4 un),"€2,89/un","€5,78/kg"
Infusão Cidreira Saquetas,Cem Porcento,emb. 10 un,"€0,79/un","€0,08/un"
Leite UHT Magro Pastagem Açores,Milhafre,emb. 1 lt,"€0,99/un","€0,99/lt"
Leite UHT Meio Gordo sem Lactose,Continente,emb. 3 x 200 ml,"€1,29/un","€2,15/lt"
Beterraba Cozida Inteira Biológica,Beterraba Bio,emb. 450 gr,"€1,99/un","€4,42/kg"
Rebuçados Extra Strong sem Açúcar,Halls,emb. 4 x 32 gr,"€1,49/un","€11,64/kg"
Bolachas Pequeno Almoço Aveia,Continente,emb. 300 gr (6 un),"€1,79/un","€5,97/kg"
Caju Biológico,Continente Bio,emb. 150 gr,"€2,99/un","€19,93/kg"
Tortitas de Arroz sem Sal Biológicas,Salutem,emb. 130 gr,"€1,89/un","€14,54/kg"
Bolachas Crackers com Sal,Du Bois,emb. 500 gr (20 un),"€2,79/un","€5,58/kg"
Gelatina em Pó Zero% de Pera sem Glúten,Condi,emb. 28 gr,"€1,89/un","€67,50/kg"
Bebida Vegetal de Amêndoa Biológica,Continente Bio,emb. 3 x 200 ml,"€1,79/un","€2,98/lt"
Iogurte Morango sem Lactose,Mimosa,emb. 480 gr (4 un),"€1,79/un","€3,73/kg"
Bolachas Ricanela,Cuétara,emb. 500 gr,"€2,24/un","€5,60/kg"
Iogurte Pedaços Zero% Morango,Continente Equilíbrio,emb. 500 gr (4 un),"€1,45/un","€2,90/kg"
Biscoitos Cacau Biológicos,Seara,emb. 220 gr,"€2,24/un","€10,18/kg"
Bolachas Limão Vicenzi sem Glúten,Grisbi,emb. 150 gr,"€3,99/un","€26,60/kg"
Iogurte Grego Stracciatella sem Lactose,Continente,emb. 240 gr (2 un),"€1,49/un","€6,21/kg"
Bolachas Bocaditos com Recheio de Limão,Cuétara,emb. 150 gr,"€1,89/un","€12,60/kg"
Massa Esparguete,Continente Bio,emb. 500 gr,"€1,29/un","€2,58/kg"
Bombons de Chocolate Praliné,Milka,emb. 44 gr,"€2,29/un","€52,05/kg"
Iogurte Magro Natural,Longa Vida,emb. 720 gr (6 un),"€1,99/un","€2,76/kg"
Iogurte Bifidus Natural Açucarado sem Lactose,Activia,emb. 480 gr (4 un),"€2,19/un","€4,56/kg"
Bolachas Chiquilín sem Açúcar,Artiach,emb. 175 gr,"€1,54/un","€8,80/kg"
Doce Morango sem Adição de Açúcar,St. Dalfour,emb. 284 gr,"€4,39/un","€15,46/kg"
Sopa de Cebola,Knorr,emb. 50 gr,"€1,39/un","€27,80/kg"
Pastéis de Bacalhau para Forno,Continente Fácil & Bom,emb. 320 gr (10 un),"€3,99/un","€12,47/kg"
Fatias Vegetarianas com Ervas Mediterrâneas,Nobre Vegalia,emb. 100 gr,"€2,19/un","€21,90/kg"
Pudim de Avelã Rico em Proteína,Ehrmann,emb. 200 gr,"€1,79/un","€8,95/kg"
Bolachas Doradas Diet Nature,Gullón,emb. 330 gr,"€1,99/un","€6,03/kg"
Fingers de Espinafres,Iglo Green Cuisine,emb. 284 gr (10 un),"€3,99/un","€14,05/kg"
"Iogurte Magro Aroma Morango, Coco e Frutos Silvestres",Corpos Danone,emb. 960 gr (8 un),"€2,49/un","€2,59/kg"
Iogurte Natural Biológico,Pur Natur,emb. 750 gr,"€3,99/un","€5,32/kg"
Ketchup Top Down,Calvé,emb. 275 gr,"€2,14/un","€7,78/kg"
Pão Clássico sem Glúten,Schär,emb. 300 gr,"€3,35/un","€11,17/kg"
Iogurte Magro Aroma Manga e Framboesa,Continente Equilíbrio,emb. 750 gr (6 un),"€1,09/un","€1,45/kg"
Alho Seco Biológico,Continente Bio,emb. 150 gr,"€1,19/un","€7,93/kg"
Cereais Choco Cookies,Continente,emb. 375 gr,"€1,99/un","€5,31/kg"
Bolachas Digestivas,Continente,emb. 400 gr,"€0,99/un","€2,48/kg"
Fiambre Peito de Frango Baixo teor de Sal,Continente,emb. 150 gr,"€2,59/un","€17,27/kg"
Massa Penne Rigate,Rummo,emb. 400 gr,"€2,47/un","€6,18/kg"
Snack para Bebé Estrelas de Ananás e Quinoa +12M,Blédina,emb. 20 gr,"€1,39/un","€69,50/kg"
Tablete de Chocolate Negro Truffé,Côte D'Or,emb. 190 gr,"€3,29/un","€17,32/kg"
Péptidos de Colagénio Sabor Neutro,Vital Proteins,emb. 284 gr,"€25,99/un","€91,51/kg"
Bolachas Soft Bakes Recheadas de Morango,Belvita,emb. 250 gr (5 un),"€2,99/un","€11,96/kg"
Iogurte Magro Natural,Continente Equilíbrio,emb. 720 gr (6 un),"€1,19/un","€1,65/kg"
Manteiga de Amendoim,Prozis,emb. 1 kg,"€6,29/un","€6,29/kg"
Queijo Fresco Magro,Santiago,emb. 80 gr,"€0,79/un","€9,88/kg"
Mel Rosmaninho Biológico,Abeelha,emb. 250 gr,"€5,09/un","€20,36/kg"
Iogurte Magro +Proteína Maracujá e Chia,Corpos Danone,emb. 145 gr,"€0,99/un","€6,83/kg"
Veggie Bowls de Couscous e Edamame,Iglo Green Cuisine,emb. 350 gr,"€3,99/un","€11,40/kg"
Leite de Coco Light,Salutem,emb. 400 ml,"€2,39/un","€5,98/lt"
Massa Fusilli,Continente Bio,emb. 500 gr,"€1,29/un","€2,58/kg"
Tortitas de Arroz Multicereais sem Glúten,Continente Equilíbrio,emb. 130 gr,"€1,25/un","€9,62/kg"
Granola Aveia com Frutos Secos Cruesli,Quaker,emb. 375 gr,"€4,09/un","€10,91/kg"
Iogurte Manga e Baunilha Biológico,Andechser,emb. 400 gr,"€2,29/un","€5,73/kg"
Sopa de Cebola,Continente,emb. 51 gr,"€0,69/un","€13,53/kg"
Pão Rústico Fatiado sem Glúten,Schär,emb. 250 gr,"€3,15/un","€12,60/kg"
Suplemento ZMA Cápsulas,Gold Nutrition,emb. 90 un,"€22,99/un","€0,26/un"
Tostas de Mistura sem Glúten,Museu do Pão,emb. 140 gr,"€2,95/un","€21,07/kg"
Massa Esparguete Integral,Continente Bio,emb. 500 gr,"€1,19/un","€2,38/kg"
"Sopa Cenoura, Abóbora e Gengibre Biológica",Go Natural,emb. 400 ml,"€2,29/un","€5,73/un"
Gelado Amêndoa Vegan,Magnum,emb. 270 ml (3 un),"€4,99/un",
Pão de Linhaça e Centeio Biológico,Oroweat,emb. 400 gr,"€2,99/un","€7,48/kg"
Iogurte Magro Aroma Morango e Coco,Mimosa,emb. 720 gr,"€1,99/un","€2,76/kg"
Snack para Bebé Flores de Lentilha e Milho +12M,Blédina,emb. 20 gr,"€1,39/un","€69,50/kg"
Bagas de Goji Biológicas,Continente Bio,emb. 150 gr,"€3,29/un","€21,93/kg"
Iogurte Proteína Kvarg Framboesa,Lindahls,emb. 150 gr,"€1,09/un","€7,27/kg"
Rebuçados de Melancia sem Açúcar,Halls,emb. 4 x 32 gr,"€1,49/un","€11,64/kg"
Biscoitos Integrais de Canela,Cem Porcento,emb. 200 gr,"€2,99/un","€14,95/kg"
Gelatina em Pó de Limão sem Açúcar,Royal,emb. 31 gr,"€1,04/un","€33,55/kg"
Bolachas Soft Bakes Recheadas de Chocolate e Avelã,Belvita,emb. 250 gr (5 un),"€2,99/un","€11,96/kg"
Tablete de Chocolate Negro 72% Cacau sem Glúten,Cem Porcento,emb. 100 gr,"€1,99/un","€19,90/kg"
Massa Linguine,Rummo,emb. 400 gr,"€2,47/un","€6,18/kg"
Tortitas de Milho com Sal sem Glúten,Continente Equilíbrio,emb. 130 gr,"€0,75/un","€5,77/kg"
Gelatina Ananás 0% Açúcar,Continente,emb. 31 gr,"€0,99/un","€31,94/kg"
Bolachas Digestivas de Aveia e Laranja,Gullón,emb. 425 gr,"€2,94/un","€6,92/kg"
Iogurte Magro Aroma Morango e Coco,Continente Equilíbrio,emb. 750 gr (6 un),"€1,09/un","€1,45/kg"
Iogurte Aroma Baunilha Biológico,Pur Natur,emb. 150 gr,"€1,29/un","€8,60/kg"
Iogurte Magro +Proteína Ananás,Corpos Danone,emb. 145 gr,"€0,99/un","€6,83/kg"
Iogurte Proteína Baunilha,Yopro,emb. 160 gr,"€1,09/un","€6,81/kg"
Queijo Chévre Biológico,Soignon,emb. 180 gr,"€3,99/un","€3,99/un"
Falafel,Iglo Green Cuisine,emb. 450 gr (26 un),"€6,69/un","€14,87/kg"
Molho Inglês,Savora,emb. 120 ml,"€1,26/un","€10,50/lt"
Amêndoa com Pele Biológica,Continente Bio,emb. 150 gr,"€2,99/un","€19,93/kg"
Ketchup com Redução de Açúcar Top Down,Continente,emb. 540 gr,"€1,09/un","€2,02/kg"
Cereais Estrelas de Mel,Continente,emb. 375 gr,"€1,49/un","€3,97/kg"
Massa Esparguete,Nacional,emb. 500 gr,"€1,39/un","€2,78/kg"
Cereais Golden Grahams,Golden Grahams,emb. 375 gr,"€3,89/un","€10,37/kg"
Farinha de Trigo Branca,Seara,emb. 500 gr,"€1,19/un","€2,38/kg"
Néctar Laranja e Cenoura com Stevia -40%,Continente,emb. 1 lt,"€0,99/un","€0,99/lt"
Bebida Vegetal de Soja Chocolate Light,Alpro,emb. 3 x 250 ml,"€2,19/un","€2,92/lt"
Tablete Chocolate Negro 74%,Continente,emb. 100 gr,"€0,99/un","€9,90/kg"
Yofu Soja Natural com Coco,Alpro,emb. 500 gr,"€2,99/un","€5,98/kg"
Leite Condensado Magro,Continente,emb. 397 gr,"€1,29/un","€3,25/kg"
Bolachas Digestivas com Chocolate Diet Nature,Gullón,emb. 270 gr,"€1,89/un","€7,00/kg"
Creme Vegetal de Soja para Culinária Biológico,Joya,emb. 200 ml,"€1,59/un","€7,95/lt"
Bolachas Vitalday Crocantes de Fruta e Fibras,Gullón,emb. 300 gr,"€2,29/un","€7,63/kg"
Refrigerante com Gás Laranja sem Açúcar,Fanta,"emb. 1,5 lt","€0,99/un","€0,66/lt"
Zero Diet Whey Baunilha,Prozis,emb. 750 gr,"€34,99/un","€46,65/kg"
Cereais Pétalas de Chocolate,Continente,emb. 625 gr,"€2,09/un","€3,34/kg"
Infusão Camomila Saquetas,Cem Porcento,emb. 10 un,"€0,79/un","€0,08/un"
Muesli Crunchy Frutos,Continente,emb. 500 gr,"€2,39/un","€4,78/kg"
Tortitas de Milho Mini sem Glúten,Continente Equilíbrio,emb. 200 gr (8 un),"€1,99/un","€9,95/kg"
Boião de Fruta Pera e Maçã +4M,Hero Baby,emb. 120 gr,"€1,03/un","€8,58/kg"
Marmelada Biológica,Prisca,emb. 250 gr,"€3,95/un","€15,80/kg"
Bolachas Digestivas Aveia e Chocolate Biológicas,Gullón,emb. 270 gr,"€3,99/un","€14,78/kg"
Pastilhas Elásticas de Canela sem Açúcar,Chiclets,"emb. 16,5 gr","€0,99/un","€58,24/kg"
Fatias Vegetarianas com Vegetais Assados,Nobre Vegalia,emb. 100 gr,"€2,19/un","€21,90/kg"
Cereais Estrelas de Mel Pack Poupança,Continente,emb. 1 kg,"€3,59/un","€3,59/kg"
Galetes de Milho com Sal Finíssimas sem Glúten,Salutem,emb. 130 gr,"€1,29/un","€9,92/kg"
Nestlé Dark Tablete de Chocolate Negro sem Glúten,Nestlé,emb. 270 gr,"€3,79/un","€14,04/kg"
Doce Arandos e Mirtilos sem Adição de Açúcar,St. Dalfour,emb. 284 gr,"€4,39/un","€15,46/kg"
Flocos Aveia Finos Integral Pack Poupança,Continente Equilíbrio,emb. 1 kg,"€1,59/un","€1,59/kg"
Suplemento L-Carnitine 3000 Unidoses,Gold Nutrition,emb. 20 un,"€22,09/un","€1,10/un"
Tablete de Chocolate Negro Sal Marinho Biológico,Côte D'Or,emb. 90 gr,"€2,79/un","€31,00/kg"
Lentilhas sem Casca,Seara,emb. 500 gr,"€3,79/un","€7,58/kg"
"Barras de Amendoim, Avelã, Caju e Arando",Continente Equilíbrio,emb. 4 x 25 gr,"€1,69/un","€16,90/kg"
Barras de Cereais Morango Fitness,Fitness,"emb. 6 x 23,5 gr","€2,29/un","€2,29/un"
Gelatina Frutas Tropicais 0% Açúcar,Continente,emb. 56 gr,"€0,99/un","€31,94/kg"
Pastilhas Elásticas Max Slab Spearmint Sem Açúcar,Trident,emb. 23 gr,"€0,95/un","€41,30/kg"
Tablete de Chocolate de Leite sem Açúcar,Continente,emb. 100 gr,"€1,15/un","€11,50/kg"
Caldo de Legumes Cubos,Knorr,emb. 8 un,"€1,39/un","€17,38/kg"
Bolachas de Chocolate com Recheio de Creme,Oreo,emb. 220 gr (5 un),"€1,99/un","€9,05/kg"
Pastilhas Elásticas de Peppermint sem Açúcar,Orbit,emb. 1 un,"€0,89/un","€55,63/kg"
Pastilhas Elásticas de Morango sem Açúcar,Orbit,emb. 1 un,"€0,89/un","€55,63/kg"
Gelatina em Pó Zero% de Ananás sem Glúten,Condi,emb. 28 gr,"€1,89/un","€67,50/kg"
Rebuçados Citrus Mix sem Açúcar,Halls,emb. 32 gr,"€0,89/un","€27,81/kg"
Infusão Menta Saquetas,Cem Porcento,emb. 10 un,"€0,79/un","€0,08/un"
Iogurte Bifidus Pedaços Magro Aveia e Linhaça,Activia,emb. 480 gr (4 un),"€2,19/un","€4,76/kg"
Nestlé Sobremesas Tablete de Chocolate Culinária 53% Cacau,Nestlé,emb. 200 gr,"€2,49/un","€12,45/kg"
Iogurte Mirtilo Biológico,Continente Bio,emb. 500 gr (4 un),"€1,49/un","€2,98/kg"
Drageias Mint de Eucalipto sem Açúcar,Smint,emb. 35 gr,"€2,05/un","€58,57/kg"
Bolachas Tostadas,Gullón,emb. 800 gr (4 un),"€2,79/un","€3,49/kg"
Yofu Soja Manga sem Açúcar,Alpro,emb. 400 gr,"€2,39/un","€5,98/kg"
Néctar Manga e Laranja com Stevia,Compal Vital Equilíbrio,emb. 33 cl,"€0,84/un","€2,55/lt"
Bolachas Digestivas,Triunfo,emb. 160 gr (6 un),"€1,24/un","€7,75/kg"
Pão Doce Bon Matín sem Glúten,Schär,emb. 200 gr,"€3,09/un","€15,45/kg"
Yofu Soja Natural Coco,Alpro,emb. 500 gr (4 un),"€2,28/un","€4,56/kg"
Tablete de Chocolate Culinária 70%,Continente,emb. 200 gr,"€1,65/un","€8,25/kg"
Refrigerante com Gás Cola Zero,Coca-Cola,emb. 50 cl,"€1,00/un","€2,00/lt"
Batata Doce Polpa Laranja Biológica,Continente Bio,emb. 1 kg,"€1,99/un","€1,99/kg"
Gelatina em Pó de Frutos do Bosque sem Açúcar,Royal,emb. 31 gr,"€1,04/un","€33,55/kg"
Snack para Bebé Tubinhos de Grão de Bico +12M,Blédina,emb. 20 gr,"€1,39/un","€69,50/kg"
Tempero de Alho e Coentros Cubos,Knorr,emb. 8 un,"€1,49/un","€20,69/kg"
Pasta de Azeitona Verde Biológica,Prisca,emb. 90 gr,"€3,60/un","€40,00/kg"
Bolachas Mini Chips Chocolate sem Glúten,Gullón,emb. 200 gr,"€2,69/un","€13,45/kg"
EA Biológico Vinho Tinto,EA,garrafa 75 cl,"€9,49/un","€12,65/lt"
Gelatina em Pó Light de Morango,Condi,emb. 2 x 15 gr,"€1,89/un","€63,00/kg"
Drageias de Chocolate com Amendoim,M&M's,emb. 400 gr,"€5,99/un","€14,98/kg"
Tablete de Chocolate Culinária 85%,Continente,emb. 200 gr,"€2,19/un","€10,95/kg"
Biscoitos de Amêndoa Biológicos,Seara,emb. 250 gr,"€2,94/un","€13,36/kg"
Infusão Erva-Príncipe Saquetas,Cem Porcento,emb. 10 un,"€0,79/un","€0,08/un"
Yofu Soja Ananás e Maracujá Sem Açúcar,Alpro,emb. 400 gr,"€2,39/un","€5,98/kg"
Tablete de Chocolate Negro 70% Cacau,Côte D'Or,emb. 100 gr,"€1,69/un","€16,90/kg"
Filetes de Pescada sem Glúten,Pescanova,emb. 320 gr (4 un),"€4,39/un","€13,72/kg"
Pastilhas Elásticas Senses Spearmint Sem Açúcar,Trident,emb. 23 gr,"€0,95/un","€41,30/kg"
Doce Figo sem Adição de Açúcar,Prisca,emb. 250 gr,"€3,59/un","€14,36/kg"
Massa Macarrão Penne,Nacional,emb. 500 gr,"€1,39/un","€2,78/kg"
Manteiga de Amendoim Crocante,Prozis,emb. 500 gr,"€3,59/un","€7,18/kg"
Bolachas Cacau Recheadas com Creme Diet Nature,Gullón,emb. 210 gr (5 un),"€1,89/un","€9,00/kg"
Tablete de Chocolate com Caramelo e Flor de Sal Excellence 70% Cacau,Lindt,emb. 100 gr,"€2,54/un","€25,40/kg"
Pastilhas Elásticas White Spearmint Sem Açúcar,Trident,1 un,"€0,89/un","€59,33/kg"
Tortita de Arroz sem Glúten Biológicas,Gullón,emb. 129 gr,"€1,94/un","€15,04/kg"
Rebuçados de Mentol e Eucalipto sem Açúcar,Halls,emb. 32 gr,"€0,89/un","€27,81/kg"
Bolachas Digestivas de Aveia,Gullón,emb. 410 gr,"€2,59/un","€6,32/kg"
Bolachas Recheadas de Chocolate sem Açúcar,Continente,emb. 154 gr,"€1,19/un","€7,73/kg"
Biscoitos Alfarroba Biológicos,Seara,emb. 250 gr,"€2,35/un","€10,68/kg"
Bolachas Aveia e Laranja sem Glúten,Gullón,emb. 180 gr,"€2,69/un","€14,94/kg"
Adoçante em Pó 60 Sticks,Continente,emb. 60 gr,"€1,49/un","€0,02/kg"
Refrigerante com Gás Cola Max,Pepsi,emb. 1 lt,"€1,09/un","€1,09/lt"
Pizza Ristorante de Salame sem Glúten,Ristorante,emb. 315 gr,"€3,99/un","€12,67/kg"
Iogurte Líquido Proteína Kvarg Pro+ Framboesa e Baunilha,Lindahls,emb. 330 gr,"€1,89/un","€5,73/kg"
Refrigerante com Gás Cola Zero,Coca-Cola,emb. 12 x 15 cl,"€5,64/un","€3,13/lt"
Cereais Argolas com Mel,Continente,emb. 375 gr,"€1,99/un","€5,31/kg"
Cereais Fitness,Fitness,emb. 640 gr + 50 % Oferta,"€5,69/un","€8,89/kg"
Biscoitos Limão e Chia Biológicos,Seara,emb. 220 gr,"€2,19/un","€9,95/kg"
Almôndegas de Proteína Vegetal,Iglo Green Cuisine,emb. 240 gr (10 un),"€5,34/un","€22,25/kg"
Mostarda,Continente,emb. 250 gr,"€1,19/un","€4,76/kg"
Sementes de Abóbora Biológicas,Continente Bio,emb. 200 gr,"€2,49/un","€12,45/kg"
Tablete de Chocolate 85% Cacau sem Glúten,Regina,emb. 100 gr,"€1,56/un","€15,60/kg"
Néctar Frutos Vermelhos com Stevia,Compal Vital Equilíbrio,emb. 33 cl,"€0,84/un","€2,55/lt"
Bebida Vegetal de Soja -30% Açúcares,Continente Equilíbrio,emb. 1 lt,"€1,09/un","€1,09/lt"
Mostarda Dijon Frasco,Savora,emb. 190 gr,"€1,86/un","€9,79/kg"
Licor Baileys Strawberry & Cream,Baileys,garrafa 70 cl,"€24,99/un","€35,70/lt"
Pastilhas Elásticas Senses Berry Sem Açúcar,Trident,emb. 3 x 23 gr,"€2,59/un","€37,54/kg"
Tortitas de Arroz com Chocolate Preto,Prozis,emb. 4 x 30 gr,"€1,99/un","€16,58/kg"
Massa Esparguete,Rummo,emb. 400 gr,"€2,47/un","€6,18/kg"
Galão sem Lactose,Ucal,emb. 3 x 200 ml,"€2,47/un","€4,12/lt"
Alimento Lácteo de Banana e Pera sem Açúcar Naturnes Bio +6M,Nestlé,emb. 4 x 90 gr,"€2,99/un","€8,31/kg"
Bolachas Maria Biológicas,Gullón,emb. 350 gr,"€3,59/un","€10,26/kg"
Gelatina Morango 0% Açúcar,Continente,emb. 31 gr,"€0,99/un","€31,94/kg"
Tortilha Fajitas,Mexifoods,emb. 320 gr (8 un),"€2,79/un","€8,72/kg"
Bebida Vegetal de Arroz Biológica,Continente Bio,emb. 3 x 200 ml,"€1,59/un","€2,65/lt"
Leite UHT Magro sem Lactose,Ucal,emb. 1 lt,"€1,67/un","€1,67/lt"
Pastilhas Elásticas de Spearmint sem Açúcar,Orbit,emb. 4 x 14 gr,"€1,99/un","€35,54/kg"
Bolachas Pequeno Almoço Chocolate,Continente,emb. 300 gr (6 un),"€1,79/un","€5,97/kg"
Massa de Alho,Continente,emb. 200 gr,"€0,75/un","€3,75/kg"
Puré de Maçã sem Açúcar para Sobremesas,Andros,emb. 730 gr,"€3,45/un","€4,73/kg"
Tablete de Chocolate Negro com Morango Excellence,Lindt,emb. 100 gr,"€2,09/un","€20,90/kg"
Caldo de Legumes Natura,Knorr,emb. 4 un,"€1,49/un","€13,30/kg"
Ice Tea Pêssego Zero,Continente,emb. 6 x 20 cl,"€1,29/un","€1,08/lt"
Biscoitos Espelta e Pepitas Chocolate Biológicos,Crich,emb. 220 gr (10 un),"€3,29/un","€14,95/kg"
Iogurte Natural Biológico,Andechser,emb. 150 gr,"€0,72/un","€4,80/kg"
Flocos de Aveia Finos sem Glúten,Cem Porcento,emb. 400 gr,"€2,35/un","€5,88/kg"
Gelatina em Pó de Melancia sem Açúcar,Continente,emb. 31 gr,"€0,99/un","€31,94/kg"
Cereais Estrelitas Mel,Estrelitas,emb. 550 gr,"€2,89/un","€5,25/kg"
Muesli sem Adição de Açúcar,Alpen,emb. 560 gr,"€4,14/un","€7,39/kg"
Alho Moído Biológico,Margão,emb. 52 gr,"€4,29/un","€82,50/kg"
Leite UHT Magro Selecionado Leve,Matinal,emb. 3 x 200 ml,"€1,43/un","€2,38/lt"
Pastilhas Elásticas Oral-B Peppermint Sem Açúcar,Trident,emb. 3 x 51 gr,"€3,29/un","€64,51/kg"
Massa Instantânea Chinesa de Legumes,Koka,emb. 85 gr,"€0,70/un","€8,24/kg"
Proteína Whey Fusion Chocolate,Prozis,emb. 900 gr,"€27,99/un","€31,10/kg"
Vegegurte Alperce e Goiaba,Continente,emb. 400 gr (4 un),"€1,19/un","€2,98/kg"
Seitan Biológico,Seara,emb. 500 gr,"€2,59/un","€5,18/kg"
Iogurte Líquido Proteína Caramelo,Yopro,emb. 300 gr,"€1,89/un","€6,30/kg"
Bolachas Cream Cracker,Continente,emb. 200 gr,"€0,59/un","€2,95/kg"
Gengibre Biológico,Continente Bio,emb. 300 gr,"€1,59/un","€5,30/kg"
Framboesa Biológica,Continente Bio,emb. 125 gr,"€2,99/un","€23,92/kg"
Arroz de Cenoura Pronto a Comer,Continente,emb. 2 x 125 gr,"€1,45/un","€5,80/kg"
Bolachas Integrais,Continente,emb. 200 gr (4 un),"€1,19/un","€5,95/kg"
Nuggets de Ervilha,Iglo Green Cuisine,emb. 250 gr (8 un),"€1,99/un","€7,96/kg"
Bolachas Digestivas Muesli,Gullón,emb. 365 gr,"€2,94/un","€8,05/kg"
Muesli Crunchy,Continente,emb. 1 kg,"€3,49/un","€3,49/kg"
Molho de Soja,Heinz,emb. 150 ml,"€3,19/un","€21,27/lt"
Biscoitos Coco Biológicos,Seara,emb. 220 gr,"€2,75/un","€12,50/kg"
Whey Protein Fusion Bolacha e Nata,Prozis,emb. 900 gr,"€27,99/un","€31,10/kg"
Bolachas com Recheio de Framboesa Baunilha Remix,Oreo,emb. 157 gr,"€1,49/un","€9,49/kg"
Leite de Coco Light,Origens Bio,emb. 400 ml,"€2,99/un","€7,48/lt"
Bolachas de Cappuccino,Anna's,emb. 150 gr,"€2,24/un","€14,93/kg"
Bebida Kombucha Framboesa Biológica,Continente Bio,garrafa 37 cl,"€1,79/un","€4,84/lt"
Pão de Forma Clássico Branco sem Glúten,Continente,emb. 350 gr,"€3,49/un","€9,97/kg"
Chocolate em Pó,Pantagruel,emb. 125 gr,"€1,04/un","€8,32/kg"
Biscoitos Chocolate sem Glúten Biológicos,Crich,emb. 300 gr,"€4,24/un","€14,13/kg"
Gelado Calippo Cola,Olá,emb. 105 ml (5 un),"€4,99/un","€9,50/lt"
Iogurte Grego Natural Açucarado sem Lactose,Continente,emb. 240 gr (2 un),"€1,49/un","€6,21/kg"
Snack para Bebé Ervilha e Queijo +8M,Continente do Bebé,emb. 20 gr,"€0,99/un","€49,50/kg"
Hambúrguer Cenoura e Algas Biológicas,Cem Porcento,emb. 150 gr,"€3,49/un","€21,81/kg"
Iogurte Natural Biológico,Continente Bio,emb. 500 gr (4 un),"€1,29/un","€2,58/kg"
Pastilhas Elásticas 60 Minutos Spearmint Sem Açúcar,Trident,emb. 20 gr,"€0,95/un","€47,50/kg"
Tostas Multicereais Sem Glúten,Museu do Pão,emb. 140 gr,"€2,95/un","€21,07/kg"
Leite de Coco,Origens Bio,emb. 400 ml,"€2,99/un","€7,48/lt"
Mini Hambúrgueres de Beterraba,Iglo Green Cuisine,emb. 270 gr (6 un),"€3,99/un","€14,78/kg"
Sumo 100% Tomate,Compal Veggie,emb. 1 lt,"€1,69/un","€1,69/lt"
Pastilhas Elásticas Peppermint Sem Açúcar,Trident,"emb. 14,5 gr","€0,89/un","€63,57/kg"
Barras de Cereais Crunchy Aveia e Chocolate Negro,Nature Valley,emb. 5 x 42 gr,"€2,99/un","€14,24/kg"
Almôndegas de Bovino Biológicas,Biologic,emb. 380 gr (12 un),"€5,79/un","€15,24/kg"
Pastilhas Elásticas de Peppermint sem Açúcar,Chiclets,"emb. 16,5 gr","€0,99/un","€58,24/kg"
"Bites Batata Doce, Grão de Bico e Mozzarella Vegetarianos",Iglo Green Cuisine,emb. 275 gr (9 un),"€5,34/un","€19,42/kg"
Sumo 100% Beterraba e Maçã,Compal Veggie,emb. 1 lt,"€1,69/un","€1,69/lt"
Bolachas Recheadas Duplo Creme,Oreo,emb. 185 gr,"€1,69/un","€9,14/kg"
Tempero de Alho e Salsa Cubos,Knorr,emb. 8 un,"€1,49/un","€20,69/kg"
Mostarda Dijon em Vidro,Continente,emb. 200 gr,"€1,25/un","€6,25/kg"
Sardinha em Tomate Biológico,Bom Petisco,emb. 120 gr (peso escorrido 84 gr),"€1,99/un","€23,69/kg"
Yofu Soja Natural sem Açúcar,Alpro,emb. 500 gr,"€2,99/un","€5,98/kg"
Bolachas Digestivas de Aveia e Chocolate,Gullón,emb. 425 gr,"€2,94/un","€6,92/kg"
Bolachas Marinhas Chia,Salutem,emb. 200 gr,"€2,29/un","€11,45/kg"
Bolachas Extra Pepitas XL,Chips Ahoy,emb. 184 gr,"€2,59/un","€14,08/kg"
Vinagre de Sidra,Cristal,emb. 500 ml,"€1,22/un","€2,44/lt"
Arroz Integral Pronto a Comer,Cigala,emb. 2 x 125 gr,"€1,39/un","€5,56/kg"
Tablete de Chocolate Plus Noir 85% Cacau,Jubileu,emb. 100 gr,"€1,99/un","€19,90/kg"
Queijo Fresco Longa Duração Light,Continente Equilíbrio,emb. 250 gr,"€2,29/un","€9,16/kg"
Massa de Pimentão,Continente,emb. 400 gr,"€1,59/un","€3,98/kg"
Iogurte Líquido Proteína Stracciatella Pro+,Lindahls,emb. 330 gr,"€1,89/un","€5,73/kg"
Contemporal Biológico DOC Beira Interior Branco,Contemporal,garrafa 75 cl,"€3,99/un","€5,32/lt"
Snack de Chocolate com Coco Mini,Bounty,emb. 170 gr,"€2,89/un","€17,00/kg"
Miniburgers de Batata Doce,Iglo Green Cuisine,emb. 270 gr (6 un),"€3,99/un","€14,78/kg"
Barras de Cereais Crunchy Manteiga de Amendoim sem Lactose,Nature Valley,emb. 5 x 42 gr,"€2,99/un","€14,24/kg"
Iogurte Proteína Coco,Yopro,emb. 160 gr,"€1,09/un","€6,81/kg"
Tablete de Chocolate de Leite com Avelã,Continente,emb. 100 gr,"€0,99/un","€9,90/kg"
Molho Picante,Tabasco,emb. 60 ml,"€2,95/un","€49,17/lt"
Barra de Sésamo e Mel sem Glúten,Salutem,emb. 40 gr,"€0,69/un","€17,25/kg"
Cebola Roxa Biológica,Continente Bio,emb. 500 gr,"€1,79/un","€3,58/kg"
"Doce Maçã, Canela e Gengibre sem Adição de Açúcar",Continente Equilíbrio,emb. 280 gr,"€2,85/un","€10,18/kg"
Bolacha Maria 0% Açúcar,Continente,emb. 600 gr (3 un),"€2,89/un","€4,82/kg"
Massa de Pimentão,Continente,emb. 200 gr,"€0,75/un","€3,75/kg"
Leite de Coco,Koala,emb. 165 ml,"€1,52/un","€9,21/lt"
Cereais Bolas com Chocolate,Continente,emb. 625 gr,"€2,99/un","€4,78/kg"
Tablete de Chocolate Negro 74% Biológico,Continente Bio,emb. 100 gr,"€1,59/un","€15,90/kg"
Filetes Primavera Original Sem Glúten,Iglo,emb. 250 gr (2 un),"€3,74/un","€14,96/kg"
Bolachas Vitalday Cereais com Frutos Vermelhos,Gullón,emb. 240 gr (6 un),"€2,59/un","€10,79/kg"
Wraps de Trigo,Mexifoods,emb. 370 gr (6 un),"€2,84/un","€7,68/kg"
Esporão Reserva DOC Alentejo Vinho Branco,Esporão,garrafa 75 cl,"€16,99/un","€22,65/lt"
Gratinado De Peixe Limão e Ervas Sem Glúten,Iglo,emb. 380 gr (2 un),"€4,99/un","€13,13/kg"
"Tempero de Alho, Pimentão e Louro Cubos",Knorr,emb. 8 un,"€1,49/un","€20,69/kg"
Muesli Crunchy Frutos Secos,Continente,emb. 500 gr,"€2,39/un","€4,78/kg"
Requeijão Light,Saloio,emb. 170 gr,"€1,79/un","€10,53/kg"
Snack para Bebé Mini Bolachas de Arroz +3A,Blédina,emb. 30 gr,"€1,39/un","€46,33/kg"
Seitan Refrigerado,Seara,emb. 250 gr,"€1,99/un","€7,96/kg"
"Barras de Cereais Proteína Coco, Cacau e Caju Special K",Kellogg's,emb. 4 x 28 gr,"€3,79/un","€33,84/kg"
Pastilhas Elásticas de Bubblemint sem Açúcar,Orbit,emb. 84 gr,"€2,99/un","€35,60/kg"
Tablete de Chocolate Negro 86% Cacau,Côte D'Or,emb. 100 gr,"€1,69/un","€16,90/kg"
Pizza Ristorante de Mozzarella sem Glúten,Ristorante,emb. 370 gr,"€3,99/un","€10,78/kg"
Bolachas Crocantes Diet Nature,Gullón,emb. 280 gr,"€1,84/un","€6,57/kg"
Infusão Funcho Saquetas,Cem Porcento,emb. 10 un,"€0,79/un","€0,08/un"
Vinagre de Sidra,Gallo,emb. 250 ml,"€2,89/un","€11,56/lt"
Bolachas Cream Cracker Integrais,Cuétara,emb. 200 gr,"€1,29/un","€6,45/kg"
Cereais Frosties Milho Doce,Kellogg's,emb. 375 gr,"€2,49/un","€6,64/kg"
Bolachas Maria Diet Nature,Gullón,emb. 400 gr,"€1,84/un","€4,60/kg"
Granola Amêndoas Vegan,Rude Health,emb. 400 gr,"€5,49/un","€13,73/kg"
Massa deTempero de Vinha de Alho,Continente,emb. 200 gr,"€0,75/un","€3,75/kg"
Vinagre de Sidra,Continente Bio,emb. 500 ml,"€1,49/un","€2,98/lt"
Café Moagem Universal,Delta,emb. 220 gr,"€3,34/un","€15,18/kg"
Barras de Cereais Go Free Corn Flakes sem Glúten,Nestlé,emb. 4 un,"€1,99/un","€22,61/kg"
Pastilhas Elásticas Max Slab Framboesa Limão Sem Açúcar,Trident,emb. 23 gr,"€0,95/un","€41,30/kg"
Noz Metades Biológicas,Continente Bio,emb. 100 gr,"€1,99/un","€19,90/kg"
Bombons de Chocolate Plaisir Ginja,Nestlé,emb. 158 gr,"€5,49/un","€34,75/kg"
Pastilhas Elásticas Extreme Mentol Sem Açúcar,Trident,emb. 14 gr,"€0,89/un","€63,57/kg"
Flocos Aveia com Mel,Cem Porcento,emb. 400 gr,"€2,89/un","€7,23/kg"
Tablete Chocolate 70% Cacau,Regina,emb. 100 gr,"€1,49/un","€14,90/kg"
Bolachas Marinhas Linhaça,Salutem,emb. 200 gr,"€2,29/un","€11,45/kg"
Bolachas de Chocolate com Recheio de Creme,Oreo,emb. 154 gr,"€1,39/un","€9,03/kg"
Sal Rosa dos Himalaias Grosso,Origens Bio,emb. 1 kg,"€2,19/un","€2,19/kg"
Molho Barbecue Clássico Top Down,Heinz,emb. 490 gr,"€3,79/un","€7,90/kg"
Flocos Aveia Grossos Integral,Cem Porcento,emb. 400 gr,"€1,19/un","€2,98/kg"
Iogurte Bifidus Pedaços Magro Chia e Amêndoa,Activia,emb. 480 gr (4 un),"€2,19/un","€4,76/kg"
Creme Vinagre Balsâmico,Ponti,emb. 250 gr,"€3,99/un","€15,96/lt"
Lentilhas Vermelhas sem Casca,Origens Bio,emb. 500 gr,"€3,49/un","€6,98/kg"
Molho de Soja,Kikkoman,emb. 150 ml,"€3,99/un","€26,60/lt"
Tablete de Chocolate de Leite com Amêndoa,Continente,emb. 100 gr,"€0,65/un","€6,50/kg"
Bolachas Mini Choco Chips Biológicas,Gullón,emb. 75 gr,"€1,29/un","€17,20/kg"
Iogurte Bifidus Magro Natural,Activia,emb. 480 gr (4 un),"€1,99/un","€4,15/kg"
Galetes de Arroz com Sal Finíssimas sem Glúten,Salutem,emb. 130 gr,"€1,29/un","€9,92/kg"
Doce Abóbora sem Adição de Açúcar,Continente Equilíbrio,emb. 280 gr,"€2,85/un","€10,18/kg"
Tortitas de Arroz com Sal sem Glúten,Continente Equilíbrio,emb. 130 gr,"€0,75/un","€5,77/kg"
Massa Instantânea Chinesa de Cogumelos,Koka,emb. 85 gr,"€0,70/un","€8,24/kg"
Pudim de Caramelo Rico em Proteína,Ehrmann,emb. 200 gr,"€1,79/un","€8,95/kg"
Bebida Vegetal de Aveia 0% Açúcar,Shoyce,emb. 1 lt,"€1,75/un","€1,75/lt"
Bebida Vegetal de Avelã,Rude Health,emb. 1 lt,"€2,89/un","€2,89/lt"
Drageias de Limão sem Açúcar,Smint,emb. 35 gr,"€2,05/un","€58,57/kg"
Gelatina em Pó Light de Mirtilo,Condi,emb. 2 x 15 gr,"€1,89/un","€63,00/kg"
Tablete de Chocolate de Leite com Morango e Iogurte,Milka,emb. 100 gr,"€1,69/un","€16,90/kg"
Flocos Aveia Finos sem Glúten,Seara,emb. 400 gr,"€1,89/un","€4,73/kg"
Gelatina em Pó Zero% de Amora sem Glúten,Condi,emb. 28 gr,"€1,89/un","€67,50/kg"
Queijo Cottage Magro para Barrar Natural,Danone,emb. 180 gr,"€1,99/un","€11,06/kg"
Bolachas de Aveia e Chocolate Negro Diet Nature,Gullón,emb. 275 gr,"€2,19/un","€7,96/kg"
Tortitas de Milho,Bicentury,emb. 4 x 15 gr,"€1,00/un","€16,67/kg"
Refrigerante com Gás Cola Zero Açúcar,Pepsi,emb. 6 x 33 cl,"€3,99/un","€2,02/lt"
Granola Aveia com Frutas Cruesli,Quaker,emb. 375 gr,"€4,09/un","€10,91/kg"
Leite UHT Magro,Continente Equilíbrio,emb. 1 lt,"€0,78/un","€0,78/lt"
Queijo Flamengo sem Lactose Fatiado,Continente,emb. 150 gr,"€1,39/un","€9,27/kg"
Muesli de Coco,Rude Health,emb. 400 gr,"€4,99/un","€12,48/kg"
Pimentão Doce Biológico,Margão,emb. 44 gr,"€2,99/un","€67,95/kg"
Barrinhas de Pescada com Limão sem Glúten,Pescanova,emb. 300 gr (10 un),"€4,99/un","€16,63/kg"
Doce Morango Light,Continente,emb. 340 gr,"€1,39/un","€4,09/kg"
Cereais Fitness Trigo e Aveia Integral,Fitness,emb. 625 gr,"€3,59/un","€5,74/kg"
Gengibre em Pasta,Ktc,emb. 210 gr,"€2,80/un","€13,33/kg"
Tortitas de Arroz com Chocolate Negro e Coco sem Glúten,Diet Radisson,emb. 150 gr,"€2,80/un","€20,74/kg"
Bolachas Digestivas de Aveia,Continente,emb. 425 gr,"€1,39/un","€3,27/kg"
Manteiga de Amendoim Cremosa,Prozis,emb. 500 gr,"€3,59/un","€7,18/un"
Tortitas de Arroz Integral,Bicentury,emb. 130 gr,"€1,99/un","€15,31/kg"
Nuggets Proteína Vegetal Polme Estilo Americano,Iglo Green Cuisine,emb. 220 gr (11 un),"€5,34/un","€24,27/kg"
Hambúrguer Vegetariano de Beringela,Nobre Vegalia,emb. 160 gr (2 un),"€3,49/un","€21,81/kg"
Crackers Sal e Azeite Biológicas,Crich,emb. 250 gr,"€2,75/un","€11,00/kg"
Bebida Vegetal de Amêndoa Biológica,Rude Health,emb. 1 lt,"€2,62/un","€2,62/lt"
Iogurte Grego Magro Natural,Yaos,emb. 440 gr (4 un),"€2,19/un","€4,98/kg"
"Hambúrguers de Couve Flor, Mozzarella e Tomate Seco",Iglo Green Cuisine,emb. 227 gr (2 un),"€3,99/un","€17,58/kg"
Néctar Laranja e Cenoura com Stevia -40% de Açúcar,Continente,emb. 3 x 20 cl,"€0,99/un","€1,65/lt"
Tablete de Chocolate Culinária 52% Cacau,Jerónimos,emb. 200 gr,"€1,95/un","€9,75/kg"
Leite Magro com Aveia sem Lactose,Mimosa,emb. 1 lt,"€1,69/un","€1,69/lt"
Bolachas Cacau Dibus Sharkies sem Glúten,Gullón,emb. 250 gr,"€2,69/un","€10,76/kg"
Pepino Biológico,Continente Bio,emb. 500 gr,"€2,99/un","€5,98/kg"
Arroz Agulha Longo,Continente Bio,emb. 500 gr,"€1,19/un","€2,38/kg"
Maionese Vegan,Hellmann's,emb. 270 gr,"€4,39/un","€16,26/kg"
Doce Morango sem Adição de Açúcar,Prisca,emb. 250 gr,"€3,79/un","€15,16/kg"
Barras de Cereais Multicereais com Chocolate Negro Sarialis,Bicentury,"emb. 6 x 15,5 gr","€3,71/un","€39,89/kg"
Barra Coco sem Glúten Biológica,Rude Health,emb. 35 gr,"€1,29/un","€36,86/kg"
Sal Rosa dos Himalaias Fino,Origens Bio,emb. 500 gr,"€1,69/un","€3,38/kg"
Mistura de Condimentos para Fajitas,Old El Paso,emb. 30 gr,"€1,39/un","€46,33/kg"
Açúcar de Coco Biológico,Continente Bio,emb. 500 gr,"€3,99/un","€7,98/kg"
Molho Italiano,Guloso,emb. 400 gr,"€3,14/un","€7,85/kg"
Doce Pêssego sem Adição de Açúcar,Casa de Mateus,emb. 280 gr,"€3,29/un","€11,75/kg"
Muesli Aveia Crocante com Bagas de Goji e Mirtilos,Quaker,emb. 350 gr,"€3,69/un","€10,54/kg"
Bebida Vegetal de Coco sem Glúten Biológica,Rude Health,emb. 1 lt,"€2,79/un","€2,79/lt"
Arroz Branco,Seara,emb. 1 kg,"€4,29/un","€4,29/kg"
Hambúrguer de Proteína Vegetal,Iglo Green Cuisine,emb. 200 gr (2 un),"€3,99/un","€19,95/kg"
Tofu Fumado Refrigerado Biológico,Seara,emb. 250 gr,"€3,49/un","€13,96/kg"
Barras de Cereais Avelã Muesly,Corny,emb. 6 x 25 gr,"€2,99/un","€19,93/kg"
Refrigerante com Gás Uva sem Açúcar,Fanta,"emb. 1,5 lt","€0,99/un","€0,66/lt"
"Tortitas de Aveia, Arroz e Chocolate Negro",Gullón,emb. 82 gr (4 un),"€2,29/un","€27,93/kg"
Pão de Quinoa Biológico,Oroweat,emb. 400 gr,"€2,99/un","€7,48/kg"
Hambúrguer de Caril,Veg In,emb. 160 gr (2 un),"€3,39/un","€21,19/kg"
Tablete de Chocolate de Leite ExtraFino sem Glúten,Nestlé,emb. 125 gr,"€1,89/un","€15,12/kg"
Hambúrguer de Frango Sem Glúten,Capitão Iglo,emb. 240 gr (4 un),"€7,99/un","€33,29/kg"
Sobremesa Soja Chocolate,Continente,emb. 400 gr (4 un),"€1,69/un","€4,23/kg"
Molho Piri-piri,Ferbar,emb. 195 ml,"€1,19/un","€6,10/lt"
Gelatina em Pó de Mirtilo sem Açúcar,Continente,emb. 31 gr,"€0,99/un","€31,94/kg"
Lombos de Salmão Biológicos Congelados sem Pele,Origens Bio,emb. 250 gr (2 un),"€15,79/un","€15,79/un"
Bebida Energética Gaseificada sem Açúcar,Red Bull,emb. 2 x 25 cl,"€2,69/un","€5,38/lt"
Mousse de Chocolate Rica em Proteína,Ehrmann,emb. 200 gr,"€1,99/un","€9,95/kg"
Especialidade Vegetariana de Tofu Tipo Viena Biológica,Taifun,emb. 300 gr,"€4,79/un","€15,97/kg"
"Barra de Noz, Chocolate Negro e Sal Marinho sem Glúten",Be-Kind,emb. 40 gr,"€1,99/un","€49,75/kg"
Barras de Cereais de Frutos Secos e Sementes,Cem Porcento,emb. 3 x 24 gr,"€2,96/un","€41,11/kg"
Tortitas de Arroz e Quinoa Vermelha sem Glúten,Continente Equilíbrio,emb. 130 gr,"€1,25/un","€9,62/kg"
Petit Gâteau de Chocolate Negro,Continente,emb. 320 gr (4 un),"€3,29/un","€10,28/kg"
Massa Esparguete,Buitoni,emb. 500 gr,"€1,79/un","€3,58/kg"
"Bolachas de Aveia, Coco e Chia",Nairns,emb. 200 gr,"€2,19/un","€10,95/kg"
Doce Frutos Vermelhos Light,Continente,emb. 340 gr,"€1,39/un","€4,09/kg"
Ketchup Pure 100%,Hellmann's,emb. 468 gr,"€3,69/un","€7,88/kg"
Bolachas Nutríssimas de Cacau,Cem Porcento,emb. 180 gr (4 un),"€2,59/un","€12,95/kg"
Tablete de Chocolate Negro e Frutos Vermelhos sem Glúten,Cem Porcento,emb. 125 gr,"€2,54/un","€20,32/kg"
Kefir Biológico,Andechser,emb. 500 gr,"€1,89/un","€3,78/kg"
Bife de Alcatra Biológico,Biologic,emb. 300 gr,"€6,99/un","€23,30/kg"
Tablete de Chocolate Negro com Amêndoa,Côte D'Or,emb. 180 gr,"€3,29/un","€18,28/kg"
Cominhos Moídos Biológicos,Margão,emb. 22 gr,"€2,99/un","€135,91/kg"
Arroz Integral com Quinoa Pronto a Comer,Cigala,emb. 2 x 125 gr,"€1,39/un","€5,56/kg"
Bebida Vegetal de Arroz Light Biológica,Isola Bio,emb. 1 lt,"€1,99/un","€1,99/lt"
Bolachas Chocolate e Cacau sem Açúcar,Continente Equilíbrio,emb. 160 gr (4 un),"€1,89/un","€11,81/kg"
Bombons de Chocolate Sortidos de Chocolate com Recheio,Continente,emb. 200 gr,"€1,99/un","€9,95/kg"
"Molho de Tomate, Salsa e Alho Original",Guloso,emb. 400 gr,"€3,14/un","€7,85/kg"
Cereais Cranties Amêndoas e Mel,Continente,emb. 375 gr,"€2,39/un","€6,37/kg"
Pastilhas Elásticas Fruit Lime sem Açúcar,Mentos,emb. 78 gr,"€2,55/un","€42,50/kg"
Nestlé Moments Tablete de Chocolate Negro,Nestlé,emb. 90 gr,"€1,49/un","€16,56/kg"
Presunto Fatiado Biológico,Lourenço,emb. 90 gr,"€4,59/un","€4,59/un"
Bolachas Nutríssimas de Gengibre,Cem Porcento,emb. 160 gr,"€2,59/un","€16,19/kg"
Pastilhas Elásticas de Spearmint sem Açúcar,Orbit,emb. 84 gr,"€2,99/un","€35,60/kg"
Tortitas Mini de Milho Presunto Ibérico,Bicentury,emb. 70 gr,"€1,75/un","€25,00/kg"
Tortitas de Milho e Chia sem Glúten,Fiorentini,emb. 120 gr,"€2,19/un","€18,25/kg"
Infusão Digest Saquetas,Cem Porcento,emb. 10 un,"€0,79/un","€0,08/un"
Massa Penne Integral,Rummo,emb. 500 gr,"€2,12/un","€4,24/kg"
Bombos de Chocolate de Leite Pralinés,Milka,emb. 165 gr,"€3,99/un","€24,18/kg"
Beringela Biológica,Continente Bio,emb. 400 gr,"€1,59/un","€3,98/kg"
Bebida Vegetal de Arroz Biológica,Continente Bio,emb. 1 lt,"€1,59/un","€1,59/lt"
Tortitas de Arroz Integral com Sal sem Glúten,Continente Equilíbrio,emb. 130 gr,"€0,75/un","€5,77/kg"
Couscous,Continente Bio,emb. 500 gr,"€1,79/un","€3,58/kg"
Wafer Baunilha e Limão Biológico,Crich,emb. 125 gr,"€2,24/un","€17,92/kg"
"Boião de Fruta Pera, Banana e Cenoura +4M",Hero Baby,emb. 120 gr,"€1,03/un","€8,58/kg"
Vinha da Malcata Biológico DOC Beira Interior Branco,Vinha da Malcata,garrafa 75 cl,"€4,49/un","€5,99/lt"
Pudim de Chocolate Rico em Proteína,Ehrmann,emb. 200 gr,"€1,79/un","€8,95/kg"
Cereais All Bran Plus,Kellogg's,emb. 500 gr,"€4,39/un","€8,78/kg"
Tortitas de Milho Biológicas,Continente Bio,emb. 130 gr,"€0,99/un","€7,62/kg"
Suplemento Gold Colagénio + Ácido Hialurónico Sabor Bolacha Maria,EU Nutrition,emb. 450 gr,"€20,19/un","€44,87/kg"
Bolachas de Fibra Integrais Diet Nature,Gullón,emb. 150 gr,"€1,84/un","€10,82/kg"
Doce Abóbora sem Adição de Açúcar,Prisca,emb. 230 gr,"€3,59/un","€14,36/kg"
Flocos de Aveia Grossos sem Glúten,Cem Porcento,emb. 400 gr,"€2,35/un","€5,88/kg"
Leite UHT Magro,Gresso,emb. 1 lt,"€0,84/un","€0,84/un"
Bolachas Digestivas sem Glúten,Gullón,emb. 150 gr,"€2,69/un","€17,93/kg"
Leite Magro Açores,Continente Equilíbrio,emb. 1 lt,"€0,83/un","€0,83/lt"
Infusão Camomila Saquetas,Continente,emb. 20 un,"€0,99/un","€0,05/un"
Bebida Vegetal de Amêndoa Biológica,Continente Bio,emb. 1 lt,"€1,79/un","€1,79/lt"
Iogurte Bifidus Kiwi Eleva sem Lactose,Mimosa,emb. 460 gr (4 un),"€1,99/un","€4,33/kg"
Espelta Tufada com Mel Biológico,Rude Health,emb. 175 gr,"€5,09/un","€28,28/kg"
Barra Batata Doce e Cacau sem Glúten,Rude Health,emb. 35 gr,"€1,29/un","€32,25/kg"
Tablete de Chocolate Negro Original,Côte D'Or,emb. 200 gr,"€3,29/un","€16,45/kg"
Gengibre Moído Biológico,Margão,emb. 32 gr,"€4,29/un","€134,06/kg"
Sementes de Girassol Biológicas,Continente Bio,emb. 200 gr,"€1,19/un","€5,95/kg"
Gelatina em Pó Zero% de Papaia sem Glúten,Condi,emb. 28 gr,"€1,89/un","€67,50/kg"
Vegegurte Frutos Vermelhos,Continente,emb. 400 gr (4 un),"€1,19/un","€2,98/kg"
Bolachas Vitalday de Aveia e Pepitas de Chocolate,Gullón,emb. 240 gr (6 un),"€2,59/un","€10,79/kg"
Snack Cacau Sem glúten,Schär,emb 10 x 35 gr,"€6,80/un","€17,00/kg"
Bolachas Chip Choco sem Glúten,Gullón,emb. 130 gr,"€2,69/un","€20,69/kg"
Tofu Natural Biológico,Taifun,emb. 200 gr,"€1,99/un","€9,95/kg"
"Super Pequeno Almoço Aveia, Chia e Amendoim sem Glúten Biológico",Shine,emb. 300 gr,"€5,59/un","€18,63/kg"
Rebuçados de Mel e Limão sem Açúcar,Halls,emb. 32 gr,"€0,89/un","€27,81/kg"
Tablete de Chocolate de Leite com Mel e Amêndoas,Toblerone,emb. 360 gr,"€7,49/un","€20,81/kg"
Hambúrguer de Azeitona Preta,Veg In,emb. 160 gr (2 un),"€3,39/un","€21,19/kg"
Salsa Folhas Biológica,Margão,emb. 7 gr,"€2,49/un","€355,71/kg"
"Barras de Amendoinm, Amêndoa e Arando",Continente Equilíbrio,emb. 4 x 25 gr,"€1,69/un","€16,90/kg"
Chili Vegetariano com Arroz Selvagem,Go Natural,emb. 300 gr,"€3,99/un","€12,09/kg"
Flocos Aveia Integral Finos Biológicos,Continente Bio,emb.400 gr,"€0,95/un","€2,38/kg"
Bolachas Amálias com Arandos e Chocolates Biológicas,Origens Bio,emb. 200 gr,"€4,89/un","€24,45/kg"
Tablete de Chocolate de Leite com Avelã Extrafino sem Glúten,Nestlé,emb. 123 gr,"€1,89/un","€15,37/kg"
Arroz Agulha Pronto a Comer,Continente,emb. 2 x 125 gr,"€1,45/un","€5,80/kg"
Veggie Hambúrgueres,Iglo Green Cuisine,emb. 250 gr (2 un),"€3,99/un","€15,96/kg"
Iogurte Bifidus Framboesa e Amêndoa Eleva sem Lactose,Mimosa,emb. 460 gr (4 un),"€1,99/un","€4,33/kg"
Pasta de Azeitona Preta Biológica,Prisca,emb. 90 gr,"€3,60/un","€40,00/kg"
Bolachas Aveia Biológicas,Gullón,emb. 250 gr,"€3,59/un","€14,36/kg"
Mel de Flores Biológico,Origens Bio,emb. 350 gr,"€5,99/un","€17,11/kg"
Tablete de Chocolate Negro com Lima e Pimenta,Continente Seleção,emb. 100 gr,"€1,19/un","€11,90/kg"
Bolachas Cracker com Sal,Bit Break,emb. 200 gr (6 un),"€1,99/un","€9,95/kg"
Bolachas Cracker Integrais,Du Bois,emb. 500 gr (20 un),"€2,79/un","€5,58/kg"
Cereais Corn Flakes Biológicos,Origens Bio,emb. 250 gr,"€1,79/un","€7,16/kg"
Quinoa Real,Seara,emb. 250 gr,"€3,99/un","€15,96/kg"
Tortitas de Arroz Biológicas,Continente Bio,emb. 130 gr,"€0,99/un","€7,62/kg"
Rebuçados Mini Mints Halls Citrus sem Açúcar,Halls,"emb. 12,5 gr","€1,19/un","€99,17/kg"
Pasta de Amêndoa Biológica,Seara,emb. 230 gr,"€7,99/un","€34,74/kg"
Snack para Bebé Fruta e Vegetais +8M,Continente do Bebé,emb. 20 gr,"€0,99/un","€49,50/kg"
Tablete de Chocolate Negro sem Glúten,Cem Porcento,emb. 100 gr,"€2,09/un","€20,90/kg"
Hambúrguer Indiano Vegetal,Sojasun,emb. 200 gr (2 un),"€4,19/un","€20,95/kg"
Pastilhas Elásticas Oral-B Spearmint Sem Açúcar,Trident,emb. 17 gr,"€1,14/un","€67,06/kg"
Snack para Bebé Morango e Banana +8M,Continente do Bebé,emb. 20 gr,"€0,99/un","€49,50/un"
Cereais Corn Flakes Milho,Continente,emb. 500 gr,"€1,79/un","€3,58/kg"
Bolacha 5 Cereais e Framboesa sem Açúcar,Continente Equilíbrio,emb. 160 gr (4 un),"€1,89/un","€11,81/kg"
Tablete de Chocolate de Leite com Amêndoa Extrafino sem Glúten,Nestlé,emb. 123 gr,"€1,89/un","€15,37/gr"
Massa Penne Rigate,Buitoni,emb. 500 gr,"€1,99/un","€3,98/kg"
Snack de Chocolate com Amendoim,Continente,emb. 400 gr,"€2,09/un","€5,23/kg"
Bebida Vegetal de Arroz Integral Biológica,Rude Health,emb. 1 lt,"€2,01/un","€2,01/lt"
Bolachas Beneditas com Amêndoa e Limão Biológicas,Origens Bio,emb. 200 gr,"€4,89/un","€24,45/kg"
Bloco Estilo Grego,Violife,emb. 200 gr,"€3,99/un","€19,95/kg"
Tablete de Chocolate Negro com Amêndoa 85% Cacau sem Glúten,Lacasa,emb. 200 gr,"€2,46/un","€12,30/kg"
Marmelada Light,Prisca,emb. 400 gr,"€3,49/un","€8,73/kg"
Bolachas Maria Douradas,Gullón,emb. 400 gr,"€2,04/un","€5,10/kg"
Queijo Parmesão Biológico,Parmareggio,emb. 150 gr,"€6,99/un","€46,60/kg"
Pastilhas Elásticas de Peppermint sem Açúcar,Orbit,emb. 84 gr,"€2,99/un","€35,60/kg"
Ketchup familiar,Calvé,emb. 840 gr,"€4,79/un","€5,70/kg"
Bolachas Cracker 5 Cereais,Continente,emb. 150 gr,"€1,89/un","€12,60/kg"
Chá Bons Sonhos Saquetas,Yogi,emb. 12 un,"€2,09/un","€0,17/un"
Arroz Basmati Longo,Continente Bio,emb. 500 gr,"€1,99/un","€3,98/kg"
Óleo de Coco Virgem,Origens Bio,emb. 500 ml,"€9,99/un","€19,98/lt"
Bolachas Chocolate O's sem Glúten,Schär,emb. 165 gr,"€3,39/un","€20,55/kg"
Gelado Calippo Morango,Olá,emb. 525 ml (5 un),"€4,99/un","€9,50/lt"
Cebolinho Biológico,Margão,emb. 4 gr,"€2,69/un","€672,50/kg"
"Alimento Lácteo de Leite de Coco, Manga e Kiwi Naturnes Bio +6M",Nestlé,emb. 4 x 90 gr,"€3,75/un","€10,42/kg"
Patê de Sardinha com Ingredientes Biológicos,Minerva,emb. 75 gr,"€1,18/un","€15,73/kg"
Biscoitos de Alfarroba Sem Adição de Açúcar,Diese,emb. 250 gr,"€3,39/un","€13,56/kg"
Marmelada Nature sem Adição de Açúcar,Prisca,emb. 250 gr,"€3,99/un","€15,96/kg"
Iogurte Líquido Proteína Morango e Framboesa,Yopro,emb. 300 gr,"€1,89/un","€6,30/kg"
Pastilhas Elásticas Senses Berry Sem Açúcar,Trident,emb. 23 gr,"€0,95/un","€41,30/kg"
Madalenas Sem Glúten,Airos,emb. 210 gr,"€3,19/un","€15,19/kg"
Bolachas Digestivas Diet Nature,Gullón,emb. 400 gr,"€1,89/un","€4,73/kg"
Hambúrguer Beyond Burger,Beyond Meat,emb. 226 gr (2 un),"€4,99/un","€22,08/kg"
Tablete de Chocolate com Biscoito e Caramelo,Milka,emb. 100 gr,"€1,69/un","€16,90/kg"
Hambúrguer de Bovino Biológico,Biologic,emb. 224 gr (2 un),"€3,59/un","€16,03/kg"
Flocos Aveia Integral Prensados Biológicos,Continente Bio,emb.400 gr,"€0,99/un","€2,48/kg"
Hambúrguer Salsa e Tomate Vegetal,Sojasun,emb. 200 gr (2 un),"€4,19/un","€20,95/kg"
Tablete de Chocolate Negro com Pepitas de Coco,Continente Seleção,emb. 100 gr,"€1,19/un","€11,90/kg"
Batata Biológica,Meléndez,emb. 2 kg,"€2,99/un","€1,50/kg"
Espinafre Biológico,Continente Bio,emb. 300 gr,"€1,39/un","€4,63/kg"
Ketchup Top Down,Paladin,emb. 250 gr,"€1,69/un","€6,76/kg"
Muffins de Chocolate Sem Glúten,Museu do Pão,emb. 240 gr,"€3,79/un","€15,79/kg"
Bebida Vegetal de Aveia sem Glúten Biológica,Rude Health,emb. 1 lt,"€2,45/un","€2,45/lt"
Farinha de Amêndoa,Origens Bio,emb. 400 gr,"€10,39/un","€25,98/kg"
Adoçante Stevia 50 Saquetas,Sidul,emb. 50 gr,"€2,29/un","€45,80/kg"
Tortitas de Milho Mini sem Glúten Biológicas,Salutem,emb. 200 gr (8 un),"€2,99/un","€24,92/kg"
Aveia Instantânea sem Açúcar,Cem Porcento,emb. 500 gr,"€2,29/un","€4,58/kg"
Crispy Hambúrgueres de Proteína Vegetal,Iglo Green Cuisine,emb. 200 gr (2 un),"€3,99/un","€19,95/kg"
Vinagre Balsâmico,Ponti,emb. 500 ml,"€4,79/un","€9,58/lt"
Bolachas Cereais Integrais Diet Nature,Gullón,emb. 216 gr (6 un),"€1,89/un","€8,75/kg"
Iogurte Grego Magro Natural,Yaos,emb. 1 kg,"€3,79/un","€3,79/kg"
Molho Piri-piri,Calvé,emb. 50 ml,"€2,39/un","€47,80/lt"
Yofu Soja Frutos Vermelhos Sem Açúcar,Alpro,emb. 400 gr,"€2,39/un","€5,98/kg"
Chili Sin Carne com Proteína Vegetal,Iglo Green Cuisine,emb. 400 gr,"€6,69/un","€16,73/kg"
Farinha de Trigo Integral,Seara,emb. 500 gr,"€1,25/un","€2,50/kg"
Seitan Biológico,Continente Bio,emb. 350 gr,"€2,99/un","€8,54/kg"
Recarga Green,Canderel,emb. 300 gr,"€4,99/un","€16,63/kg"
Chá Gengibre e Laranja Saquetas,Yogi,emb. 12 un,"€2,09/un","€0,17/un"
Chocolate Negro 85% Cacau Biológico,Continente Bio,emb. 100 gr,"€1,69/un","€16,90/kg"
Ketchup -50% Açúcar Top Down,Calvé,emb. 268 gr,"€2,89/un","€10,78/kg"
Compota Frutos Vermelhos sem Açúcar Biológica,Pur Natur,emb. 250 gr,"€3,29/un","€13,16/kg"
Cereais Nesquik,Nesquik,emb. 625 gr,"€3,44/un","€5,50/kg"
Doce Abóbora sem Adição de Açúcar,Casa de Mateus,emb. 280 gr,"€3,29/un","€11,75/kg"
Iogurte Líquido +Proteína Café,Continente,emb. 280 gr,"€0,99/un","€3,54/kg"
Alheira Vegetariana,Eurofumeiro,emb. 200 gr,"€1,59/un","€7,95/kg"
Boião de Fruta Banana +4M,Hero Baby,emb. 120 gr,"€1,03/un","€8,58/kg"
Cereais de Arroz Tufado com Chocolate,Continente,emb. 375 gr,"€1,79/un","€4,77/kg"
Bolachas Digestivas Thins sem Açúcar,Vieira,emb. 174 gr (6 un),"€1,84/un","€10,57/kg"
Wrap de Trigo,Koala,emb. 370 gr (6 un),"€2,01/un","€5,43/kg"
Gelatina em Pó de Morango sem Açúcar,Royal,emb. 31 gr,"€1,04/un","€33,55/kg"
Flocos Aveia Finos Integral,Continente Equilíbrio,emb. 400 gr,"€0,69/un","€1,73/kg"
Papas de Aveia Banana e Maçã Biológicas Saqueta,Seara,emb. 110 gr,"€1,25/un","€12,50/kg"
Barras de Cereais Crunchy Aveia e Mel sem Lactose,Nature Valley,emb. 5 x 42 gr,"€2,99/un","€14,24/kg"
Gnocchi com Molho de Tomate e Espinafres,Continente Fácil & Bom,emb. 500 gr,"€3,49/un","€6,98/kg"
Flocos Cevada Integral Tostados,Salutem,emb. 250 gr,"€1,79/un","€7,16/kg"
Esporão Colheita Regional Alentejano Vinho Tinto,Herdade do Esporão,garrafa 75 cl,"€7,99/un","€10,65/lt"
Doce de Pêssego sem Açúcar Biológico,Prisca,emb. 240 gr,"€4,39/un","€18,29/kg"
Açúcar Mascavado com Stevia,Sidul,emb. 500 gr,"€3,45/un","€6,90/kg"
Bolachas Milho com Arroz sem Glúten,Galbusera,emb. 198 gr,"€3,79/un","€11,84/kg"
Bebida Vegetal de Amêndoa 0%,Shoyce,emb. 1 lt,"€1,85/un","€1,85/lt"
"Barra Amêndoa, Cacau e Frutas Biológico",Continente Bio,emb. 3 x 25 gr,"€1,59/un","€21,20/kg"
Tiras Braseadas Proteína Vegetal,Garden Gourmet,emb. 175 gr (25 un),"€3,19/un","€18,23/kg"
Bolachas Petit sem Glúten,Schär,emb. 4 x 41 gr,"€2,74/un","€16,61/kg"
Iogurte Líquido +Proteína Banana,Continente,emb. 280 gr,"€0,99/un","€3,54/un"
Bolachas Manteiga sem Glúten,Crich,emb. 200 gr,"€4,04/un","€20,20/kg"
Pastilhas Elásticas de Tutti Frutti sem Açúcar e sem Glúten,Gorila,emb. 20 gr,"€0,69/un","€34,50/un"
Bolachas Organic Cookies,Gullón,emb. 150 gr,"€3,19/un","€21,27/kg"
Iogurte Aroma Morango sem Lactose,Nutrégi,emb. 480 gr (4 un),"€2,21/un","€4,60/kg"
Massa Esparguete Integral,Rummo,emb. 500 gr,"€2,12/un","€4,24/kg"
Yofu Coco e Ananás,Alpro,emb. 120 gr,"€1,39/un","€11,58/kg"
Bolachas Maria,Cuétara,emb. 200 gr,"€0,89/un","€4,45/kg"
Sal Rosa dos Himalaias Fino,Origens Bio,emb. 1 kg,"€2,29/un","€2,29/kg"
Ketchup Squeezable,Heinz,emb. 342 gr,"€2,99/un","€8,74/kg"
Barra Proteína Wafer Chocolate,Prozis,emb. 40 gr,"€1,99/un","€49,75/kg"
Jardineira de Bovino Biológica,Biologic,emb. 400 gr,"€5,49/un","€13,73/kg"
Tablete de Chocolate com Cereais e Amêndoas,Canderel,emb. 100 gr,"€2,49/un","€24,90/kg"
Bebida Vegetal de Soja Natural Light,Alpro,emb. 1 lt,"€2,39/un","€2,39/lt"
Bolachas Roscas Simples,Continente,emb. 400 gr,"€1,43/un","€3,58/kg"
Doce de Morango sem Açúcar Biológico,Prisca,emb. 240 gr,"€5,19/un","€21,63/kg"
Queijo Fresco de Vaca Longa Duração Baixo Teor de Sal,Continente Equilíbrio,"emb. 4 x 62,5 gr","€2,79/un","€11,16/kg"
Pão de Banana e Canela Biológico,Pachamama,emb. 300 gr,"€3,29/un","€10,97/kg"
Doce de Framboesa sem Açúcar Biológico,Prisca,emb. 240 gr,"€5,19/un","€21,63/kg"
Sopa Miso Instantânea,Blue Dragon,"emb. 92,5 gr","€3,59/un","€39,02/kg"
Cereais Cookie Crisp Pepitas de Chocolate,Cookie Crisp,emb. 375 gr,"€3,89/un","€10,37/kg"
Tosta de Arroz e Milho sem Glúten,Diet Radisson,emb. 100 gr,"€2,25/un","€22,50/kg"
Molho de Francesinha Picante,Dom Duarte,emb. 500 gr,"€2,69/un","€5,38/kg"
Flocos Aveia Grossos Integral,Continente Equilíbrio,emb. 400 gr,"€0,69/un","€1,73/kg"
Sortido de Bolachas sem Açúcares Adicionados,Gullón,emb. 329 gr,"€3,59/un","€11,25/kg"
Marinheiras sem Sal Biológicas,Cem Porcento,emb. 200 gr,"€2,99/un","€14,95/kg"
Bolachas Marinheiras sem Sal,Cem Porcento,emb. 200 gr,"€2,89/un","€14,45/kg"
Yofu Soja Natural com Amêndoa,Alpro,emb. 500 gr,"€2,99/un","€5,98/kg"
Doce de Abóbora sem Açúcar Biológico,Prisca,emb. 240 gr,"€4,39/un","€18,29/kg"
Tofu com Amêndoa e Sésamo Biológico,Taifun,emb. 200 gr,"€3,35/un","€16,75/un"
Gelatina em Pó Light de Manga Laranja,Condi,emb. 2 x 15 gr,"€1,89/un","€63,00/kg"
Abóbora Hokaido Biológica,Continente Bio,emb. 1 kg,"€1,49/kg","€1,49/un"
Moinho Pimenta Preta Biológico,Margão,emb. 30 gr,"€4,49/un","€149,67/kg"
Vinha da Malcata Biológico DOC Beira Interior Tinto,Vinha da Malcata,garrafa 75 cl,"€4,49/un","€5,99/lt"
Bolachas Cracker Sabor a Pizza,Bit Break,emb. 200 gr (6 un),"€1,99/un","€9,95/kg"
Muesli Frutos Silvestres,Salutem,emb. 375 gr,"€5,49/un","€14,64/kg"
Massa Esparguete,Milaneza,emb. 500 gr,"€2,69/un","€5,38/kg"
Hambúrguer de Espinafres,Veg In,emb. 160 gr (2 un),"€3,39/un","€21,19/kg"
Flocos Aveia Integral,Quaker,emb. 500 gr,"€2,49/un","€4,98/kg"
Veggie Fingers,Iglo Green Cuisine,emb. 284 gr (10 un),"€3,99/un","€14,05/kg"
Palitos La Reine,Du Bois,emb. 200 gr,"€2,44/un","€12,20/kg"
Iogurte Pedaços Frutos do Bosque Biológico,Pur Natur,emb. 150 gr,"€1,55/un","€10,33/kg"
Doce Framboesa e Romã sem Adição de Açúcar,Continente Equilíbrio,emb. 280 gr,"€2,85/un","€10,18/kg"
Bolachas Maria sem Glúten,Gullón,emb. 380 gr,"€3,79/un","€9,97/kg"
Doce Frutos Vermelhos sem Açúcar,Prisca,emb. 230 gr,"€3,79/un","€15,16/kg"
Almôndegas Proteína Vegetal,Garden Gourmet,emb. 200 gr (10 un),"€3,19/un","€15,95/kg"
Quinoa Real,Continente Bio,emb. 500 gr,"€2,85/un","€5,70/kg"
Hambúrguer de Cogumelos,Veg In,emb. 160 gr (2 un),"€3,39/un","€21,19/kg"
Barra Amêndoa e Frutas Biológicas,Continente Bio,emb. 3 x 25 gr,"€1,59/un","€21,20/kg"
Granola Frutos Vermelhos Orgânica,Rude Health,emb. 400 gr,"€5,99/un","€14,98/kg"
Bolachas Duplo Chocolate Vicenzi sem Glúten,Grisbi,emb. 150 gr,"€3,99/un","€26,60/kg"
Yofu Soja Morango Estilo Skyr,Alpro,emb. 400 gr,"€2,39/un","€5,98/kg"
Bolachas Pequeno Almoço Cereais sem Açúcar,Continente,emb. 300 gr (6 un),"€1,79/un","€5,97/kg"
Cereais Crunch Chocolate,Crunch,emb. 375 gr,"€3,89/un","€10,37/kg"
Massa Instantânea Chinesa de Caril,Koka,emb. 85 gr,"€0,70/un","€8,24/kg"
Hambúrguer Vegan Sabor a Frango,The Vegetarian Butcher,emb. 160 gr,"€4,19/un","€26,19/kg"
Snack de Chocolate com Amendoim e Caramelo,Snickers,emb. 3 x 50 gr,"€2,39/un","€15,93/kg"
Cereais Krispies Chocolate,Kellogg's,emb. 375 gr,"€2,49/un","€6,64/kg"
Abóbora Biológica,Continente Bio,Quant. Mínima = 500 gr (1 un),"€1,59/kg","€0,80/un"
Molho de Soja Sushi e Sashimi,Kikkoman,emb. 250 ml,"€4,29/un","€17,16/lt"
Barra Proteica Biscoito e Pepitas Chocolate Zero,Prozis,emb. 35 gr,"€1,29/un","€36,86/kg"
Pastilhas Elásticas Frutos Silvestres Sem Açúcar,Trident,"emb. 14,5 gr","€0,89/un","€63,57/kg"
Bebida Energética sem Açúcar,Power+,lata 25 cl,"€0,49/un","€1,96/lt"
Molho Piri-piri Extra Forte Sacana,Paladin,emb. 75 ml,"€1,79/un","€23,87/lt"
Água de Coco Biológica,Isola Bio,emb. 50 cl,"€3,89/un","€7,78/lt"
Molho Picante Jalapenho,Tabasco,emb. 57 ml,"€2,95/un","€51,75/lt"
Suplemento Gold Colagénio + Ácido Hialurónico Sabor Frappucinno,EU Nutrition,emb. 450 gr,"€20,19/un","€44,87/kg"
Gressinos Grissini sem Glúten,Schär,emb. 150 gr,"€4,29/un","€28,60/kg"
Cereais Corn Flakes,Kellogg's,emb. 375 gr,"€3,19/un","€8,51/kg"
Queijo Fundido Light Porções,A Vaca que Ri,emb. 140 gr,"€2,23/un","€15,93/kg"
Molho Piri-piri com Alho e Louro,Paladin,emb. 75 ml,"€2,09/un","€27,87/lt"
Muesli de 5 Cereais e Frutas Biológico,Continente Bio,emb. 400 gr,"€3,19/un","€7,98/kg"
Molho Piri-Piri com Azeite,Gallo,emb. 50 ml,"€2,49/un","€49,80/lt"
Iogurte Pedaços Magro Muesli e Cereais,Longa Vida,emb. 480 gr (4 un),"€1,99/un","€4,15/kg"
Yofu Soja Natural Estilo Skyr,Alpro,emb. 400 gr,"€2,39/un","€5,98/kg"
Compota Figo Biológica,Pur Natur,emb. 370 gr,"€3,19/un","€8,62/kg"
Óleo de Coco Virgem,Origens Bio,emb. 1 lt,"€17,49/un","€17,49/lt"
Manjericão Biológico,Margão,emb. 11 gr,"€2,69/un","€244,55/kg"
Massa Esparguete de Espelta Integral,La Bio Idea,emb. 500 gr,"€4,40/un","€8,80/kg"
Pimento Assado às Tiras Biológico,Continente Bio,emb. 250 gr,"€3,99/un","€15,96/kg"
Leite Magro com Amêndoa sem Lactose,Mimosa,emb. 1 lt,"€1,69/un","€1,69/lt"
Bolachas Pastas sem Glúten,Gullón,emb. 200 gr,"€2,69/un","€13,45/kg"
Bebida Vegetal de Aveia Biológica,Joya,emb. 1 lt,"€2,05/un","€2,05/lt"
Sais em Pó Efervescente Tradicional,Eno,emb. 150 gr,"€6,89/un","€45,93/kg"
Bolachas Waffer de Iogurte e Limão sem Açúcar,Cem Porcento,emb. 180 gr,"€2,19/un","€12,17/kg"
Bolachas Crackers com Sal,Gran Pavesi,emb. 250 gr (8 un),"€2,89/un","€11,56/kg"
Bolachas Marinhas Naturais,Salutem,emb. 200 gr,"€2,29/un","€11,45/kg"
Bolachas Vegan Biológicas,Crich,emb. 220 gr (10 un),"€2,84/un","€12,91/kg"
Bombons de Chocolate com Licor e Cereja,Mon Chéri,emb. 150 gr,"€5,29/un","€35,27/kg"
Doce Extra Tomate Light,Continente,emb. 340 gr,"€1,39/un","€4,09/kg"
Iogurte Proteína Stracciatella,Yopro,emb. 160 gr,"€1,09/un","€6,81/kg"
Compota Mirtilo sem Açúcar Biológica,Pur Natur,emb. 250 gr,"€3,64/un","€14,56/kg"
Snack de Chocolate de Leite,Kinder,"emb. 8 x 12,5 gr","€1,79/un","€17,90/kg"
Gelado Cookie Dough Non-Dairy Vegan Sem Lactose,Ben & Jerry's,emb. 465 ml,"€4,99/un","€10,73/lt"
Granola Fruta e Canela,Cem Porcento,emb. 350 gr,"€3,86/un","€11,03/kg"
Bolachas Digestivas Chia Biológicas,Gullón,emb. 270 gr,"€3,99/un","€14,78/kg"
Farinha de Aveia,Seara,emb. 500 gr,"€1,75/un","€3,50/kg"
Bolachas Waffer de Cacau sem Açúcar,Cem Porcento,emb. 180 gr,"€2,19/un","€12,17/kg"
Nestlé Dark Tablete de Chocolate Negro sem Glúten,Nestlé,emb. 125 gr,"€1,49/un","€11,92/kg"
Biscoitos Gengibre e Canela,Cem Porcento,emb. 250 gr,"€2,69/un","€10,76/kg"
Chocolate Zero de Leite,Prozis,emb. 30 gr,"€0,99/un","€33,00/kg"
Crackers Teor de Sal Reduzido com Azeite Biológico,Crich,emb. 250 gr (8 un),"€3,04/un","€12,16/kg"
Barrinhas de Pescada sem Glúten,Pescanova,emb. 300 gr (10 un),"€4,99/un","€16,63/kg"
Mel de Flores Biológico,Origens Bio,emb. 250 gr,"€3,69/un","€14,76/kg"
Queijo Fresco Magro,Continente Equilíbrio,emb. 80 gr,"€0,59/un","€7,38/kg"
Iogurte Natural Cabra Biológico,Andechser,emb. 125 gr,"€1,35/un","€10,80/kg"
Arroz Integral Longo,Continente Bio,emb. 500 gr,"€1,19/un","€2,38/kg"
Cápsulas de Descafeinado Int 5,Continente Bio,emb. 10 un,"€2,09/un","€0,21/un"
Barra Low Sugar Morango e Chocolate,Gold Nutrition,emb. 30 gr,"€1,89/un","€63,00/kg"
Snack de Chocolate com Manteiga de Amendoim,Reeses,"emb. 4x 42,5 gr","€4,39/un","€25,82/kg"
Pastéis de Bacalhau,Continente,emb. 320 gr (10 un),"€2,49/un","€7,78/kg"
Moinho 4 Bagas Biológico,Margão,emb. 25 gr,"€4,49/un","€179,60/kg"
Pão 5 Sementes sem Glúten,Museu do Pão,emb. 300 gr,"€4,15/un","€13,83/kg"
Almôndegas Powered By Plants,Continente,emb. 360 gr,"€6,19/un","€17,19/kg"
Vegan Bites Abóbora & Cenoura,Nobre Vegalia,emb. 160 gr,"€3,49/un","€21,81/kg"
Escalopes de Bovino Biológicos,Biologic,emb. 300 gr,"€4,19/un","€13,97/kg"
Creme Vegetal de Soja Light para Culinária,Shoyce,emb. 200 ml,"€1,25/un","€6,25/lt"
"Galettes de Tomate, Curgete e Beringela",Bonduelle,emb. 300 gr (8 un),"€2,69/un","€8,97/kg"
Bolachas Maria sem Glúten,Continente,emb. 240 gr,"€1,65/un","€6,88/kg"
Granola Cereais Dourados,Cem Porcento,emb. 350 gr,"€2,99/un","€8,54/kg"
Molho Suave Dippea Hasta El Final,Doritos,emb. 280 gr,"€2,09/un","€7,46/kg"
Ketchup Top Down,Continente,emb. 340 gr,"€0,79/un","€2,32/kg"
Gelado Salt Caramel e Brownie Vegan Sem Lactose,Ben & Jerry's,emb. 465 ml,"€4,99/un","€10,73/lt"
Tablete de Chocolate Negro com Sésamo,Côte D'Or,emb. 100 gr,"€1,69/un","€16,90/kg"
Bulgur,Continente Bio,emb. 500 gr,"€1,59/un","€3,18/kg"
Fiambre Peito de Peru Teor de Sal Reduzido Fatias Finas,Izidoro,emb. 110 gr,"€2,19/un","€19,91/kg"
Cheróvia Biológica,Continente Bio,emb. 350 gr,"€1,69/un","€4,83/kg"
Crackers Riso Integral sem Glúten,Galbusera,emb. 360 gr,"€4,19/un","€11,64/kg"
Snack Bolacha e Nata Proteína,Prozis,emb. 30 gr,"€0,89/un","€29,67/kg"
Mistura de Sementes para Saladas Biológica,Continente Bio,emb. 200 gr,"€1,99/un","€9,95/kg"
Biscoitos de Sésamo e Avelã Sem Adição de Açúcar,Diese,emb. 250 gr,"€3,39/un","€13,56/kg"
Creme de Barrar,Violife,emb. 200 gr,"€3,79/un","€18,95/kg"
Rebuçados de Melancia sem Açúcar,Halls,emb. 32 gr,"€0,89/un","€27,81/kg"
Flocos Aveia Instântaneos Biológicos,Seara,emb. 400 gr,"€1,09/un","€2,73/kg"
Tortitas de Arroz Integral e Quinoa Biológicas,Continente Bio,emb. 130 gr,"€1,49/un","€11,46/kg"
Adoçante com Stevia Doseador,Canderel,emb. 100 un + 20 oferta,"€2,89/un","€289,00/kg"
Chococandy Zero,Prozis,emb. 40 gr,"€1,09/un","€27,25/kg"
Óleo de Coco Virgem,Continente Bio,emb. 500 ml,"€4,29/un","€8,58/lt"
Molho Picante Jalapeno,Gallo,emb. 50 ml,"€2,99/un","€59,80/lt"
Granola de Aveia Integral e Mel,Nacional,emb. 300 gr,"€2,74/un","€9,13/kg"
Tiras Marinadas de Proteína Vegetal,Garden Gourmet,emb. 160 gr,"€3,99/un","€24,94/kg"
Tablete Chocolate de Leite com Avelãs,Canderel,emb. 100 gr,"€2,49/un","€24,90/kg"
Massa de Alho,Continente,emb. 400 gr,"€1,59/un","€3,98/kg"
Bolacha Orgânica Maria Integral,Gullón,emb. 400 gr,"€3,59/un","€8,98/kg"
Tablete de Chocolate Framboesa e Avelã Excellence 70% Cacau,Lindt,emb. 100 gr,"€2,54/un","€25,40/kg"
Tortitas de Milho sem Glúten Biológicas,Fiorentini,emb. 120 gr,"€1,79/un","€14,92/kg"
Wrap Cereais com Sementes,Koala,emb. 320 gr (8 un),"€1,94/un","€6,06/kg"
Doce 4 Frutos sem Adição de Açúcar,Casa de Mateus,emb. 280 gr,"€3,69/un","€13,18/kg"
Hambúrgueres de Vaca Sem Glúten,Capitão Iglo,emb. 320 gr (4 un),"€7,99/un","€24,97/kg"
Barra Frutos Vermelhos sem Glúten,Rude Health,emb. 35 gr,"€1,29/un","€36,86/kg"
Molho Barbecue Sweet Top Down,Heinz,emb. 490 gr,"€3,79/un","€7,73/kg"
Molho Chutney de Manga Doce em Vidro,Khanum,emb. 350 gr,"€3,74/un","€10,69/kg"
Gelado Calippo Mix,Olá,emb. 525 ml (5 un),"€4,99/un","€9,50/lt"
Carne Picada de Bovino Biológica,Biologic,emb. 400 gr,"€5,99/un","€14,98/kg"
Gelado Cheesecake de Frutos Vermelhos Vegan Sem Lactose,Continente,emb. 500 ml,"€3,29/un","€6,58/lt"
Couve Lombarda Biológica,Continente Bio,emb. 800 gr,"€2,99/kg","€2,39/un"
Escalopes Crocantes Vegan,Vivera,emb. 200 gr (2 un),"€3,99/un","€3,99/un"
Tablete de Chocolate Negro com Coco sem Açúcar e sem Glúten,Cem Porcento,emb. 125 gr,"€2,36/un","€18,88/kg"
Granola Chocolate Biológica,Origens Bio,emb. 300 gr,"€4,99/un","€16,63/kg"
Granola Superior Biológica,Rude Health,emb. 400 gr,"€5,99/un","€14,98/kg"
Rebuçados de Canela sem Açúcar,Halls,emb. 32 gr,"€0,89/un","€27,81/kg"
Massa Folhada Sem Glúten,Pasta do Dia,emb. 280 gr,"€3,29/un","€11,75/kg"
Queijo Edam sem Lactose Fatiado,Continente,emb. 150 gr,"€1,79/un","€11,93/kg"
Molho Piri-piri,Continente,emb. 200 ml,"€0,38/un","€1,90/lt"
Panqueca Instantânea,Prozis,emb. 1250 gr,"€22,99/un","€18,39/kg"
Tablete de Chocolate Negro Excellence 90% Cacau,Lindt,emb. 100 gr,"€2,54/un","€25,40/kg"
Snack de Chocolate de Leite Mini,Kinder,emb. 120 gr,"€1,85/un","€15,42/kg"
Leite Meio Gordo Infantil sem Lactose + 3 Anos,Mimosa,emb. 1 lt,"€1,99/un","€1,99/lt"
Massa Lasanha,Milaneza,emb. 250 gr,"€3,79/un","€15,16/kg"
Iogurte Proteína Quark Morango e Framboesa,Mimosa,emb. 280 gr (2 un),"€1,49/un","€5,32/kg"
Iogurte Bifidus Pêssego e Cenoura Eleva sem Lactose,Mimosa,emb. 460 gr (4 un),"€1,99/un","€4,33/kg"
Adoçante Green 50 Sticks,Canderel,emb. 80 gr,"€2,59/un","€32,38/kg"
Contemporal Biológico DOC Beira Interior Tinto,Contemporal,garrafa 75 cl,"€3,99/un","€5,32/lt"
Cereais Integrais Mix,Salutem,emb. 375 gr,"€2,29/un","€6,11/kg"
Ketchup Picante Top Down,Continente,emb. 560 gr,"€1,09/un","€1,95/kg"
Chá Verde Saquetas,Cem Porcento,emb. 10 un,"€0,79/un","€0,08/un"
Bolachas Digestivas Avenacol,Cuétara,emb. 300 gr,"€2,99/un","€9,97/kg"
Iogurte Líquido +Proteína Baunilha,Continente,emb. 280 gr,"€0,99/un","€3,54/kg"
Salada Aromática Bio,Vitacress,emb. 100 gr,"€2,49/un","€24,90/kg"
Doce Abacaxi e Chia sem Adição de Açúcar,Continente Equilíbrio,emb. 280 gr,"€2,85/un","€10,18/kg"
Suplemento Concentrado de Colagénio,Prozis,emb. 90 un,"€15,99/un","€0,18/un"
Adoçante em Pó,Canderel,emb. 90 gr,"€3,99/un","€44,33/kg"
Tofu Natural Biológico,Joya,emb. 250 gr,"€2,89/un","€11,56/kg"
Escalope Vegetariano,Nobre Vegalia,emb. 160 gr (2 un),"€3,49/un","€21,81/kg"
Doce de Frutos Vermelhos sem Açúcar Biológico,Prisca,emb. 240 gr,"€5,19/un","€21,63/kg"
Banana da Madeira Biológica,Continente Bio,emb. 800 gr,"€3,49/kg","€2,79/un"
Quinoa Branca e Vermelha Pronto a Comer,Cigala,emb. 125 gr,"€0,95/un","€7,60/kg"
Tortitas Vitalday de Arroz Integral Chocolate Negro,Gullón,emb. 105 gr (4 un),"€2,29/un","€21,81/kg"
Snack de Chocolate com Coco,Bounty,emb. 5 x 57 gr,"€3,89/un","€13,65/kg"
Bombons de Chocolate Schoko-Bons,Kinder,emb. 200 gr,"€3,99/un","€19,95/kg"
Molho para Fajitas,Old El Paso,emb. 395 gr,"€4,49/un","€11,37/kg"
Queijo Mozzarella de Búfala Sem Lactose,Garofalo,emb. 125 gr,"€1,99/un","€15,92/kg"
Sal Rosa dos Himalaias Grosso,Origens Bio,emb. 500 gr,"€1,25/un","€2,50/kg"
Tempero para Frango,Continente,emb. 200 gr,"€0,75/un","€3,75/kg"
Bebida Vegetal de Soja Biológica,Continente Bio,emb. 3 x 200 ml,"€1,19/un","€1,98/lt"
Refrigerante com Gás Ananás sem Açúcar,Continente,"emb. 1,5 lt","€0,79/un","€0,53/lt"
Bolachas Cracker Integral,Tuc,emb. 267 gr (8 un),"€2,29/un","€8,58/kg"
Suplemento Multivitaminas,Gold Nutrition,emb. 60 un,"€16,50/un","€0,28/un"
Barra Proteína Zero Wafer Baunilha,Prozis,emb. 40 gr,"€1,69/un","€42,25/kg"
Granola Sementes,Continente Equilíbrio,emb. 300 gr,"€2,19/un","€7,30/kg"
Nestlé Dark Tablete de Chocolate Negro com Avelã,Nestlé,emb. 150 gr,"€2,24/un","€14,93/kg"
Beijinhos de Chocolate Recheados com Morango,Continente,emb. 100 gr,"€1,14/un","€11,40/kg"
Granola de Aveia Integral com Cacau e Chocolate Negro,Nacional,emb. 300 gr,"€2,74/un","€9,13/kg"
Nuggets Vegan com Especiarias,Vivera,emb. 200 gr (4 un),"€3,99/un","€3,99/un"
Bebida Vegetal de Soja Biológica,Continente Bio,emb. 1 lt,"€1,19/un","€1,19/lt"
Bolachas Digestivas de Aveia com Chocolate,Continente,emb. 300 gr,"€1,39/un","€4,63/kg"
Cereais Corn Flakes Zero sem Açúcar,Nacional,emb. 375 gr,"€1,94/un","€5,17/kg"
Pão de Centeio Biológico,Mestemacher,emb. 500 gr,"€2,49/un","€4,98/kg"
Pastilhas Elásticas de Morango sem Açúcar,Chiclets,"emb. 16,5 gr","€0,99/un","€58,24/kg"
Biscoitos de Limão Sem Adição de Açúcar,Diese,emb. 250 gr,"€3,39/un","€13,56/kg"
"Vegegurte Aveia, Romã, Groselha e Pera",Reina,emb. 115 gr,"€0,95/un","€8,26/kg"
Cereais Chocapic Biológicos,Chocapic,emb. 330 gr,"€3,99/un","€12,09/kg"
Adoçante em Pó,Continente,emb. 90 gr,"€2,29/un","€25,44/kg"
Pão Caseiro sem Glúten,Schär,emb. 240 gr,"€4,14/un","€17,25/kg"
Drageias de Peppermint sem Açúcar,Smint,emb. 35 gr,"€2,05/un","€58,57/kg"
Castanha do Brasil Biológica,Continente Bio,emb. 150 gr,"€4,99/un","€33,27/kg"
Açaí Biológico,Sambazon,emb. 500 ml,"€6,59/un",
Manteiga de Amendoim Crocante Biológica,Whole Earth,emb. 227 gr,"€4,89/un","€21,54/kg"
Rebuçados de Morango sem Açúcar,Halls,emb. 32 gr,"€0,89/un","€27,81/kg"
"Tortitas Vitalday de Arroz, Chocolate e Framboesa sem Glúten",Gullón,"emb. 122,4 gr (4 un)","€2,69/un","€25,87/kg"
Ervas de Provence Biológicas,Margão,emb. 16 gr,"€2,29/un","€143,13/kg"
Tablete de Chocolate Negro 70% Cacau sem Açúcar,Continente,emb. 100 gr,"€1,15/un","€11,50/kg"
Compota Morango sem Açúcar Biológica,Pur Natur,emb. 250 gr,"€3,29/un","€13,16/kg"
Hambúrguer de Tofu e Cogumelos,Cem Porcento,emb. 150 gr,"€3,49/un","€21,81/kg"
Mini Wrap de Trigo,Koala,emb. 260 gr (12 un),"€1,76/un","€6,77/kg"
Granola Frutos Vermelhos Biológica,Origens Bio,emb. 300 gr,"€4,99/un","€16,63/kg"
Bolas Energéticas de Limão e Chia sem Glúten,Continente Equilíbrio,emb. 2 x 17 gr,"€0,99/un","€29,12/kg"
Iogurte Magro Natural sem Lactose,Continente,emb. 500 gr (4 un),"€1,09/un","€2,18/kg"
Cereais Corn Flakes sem Açúcar,Salutem,emb. 250 gr,"€1,89/un","€7,56/kg"
Tablete de Chocolate Negro 90% Cacau,Cemoi,emb. 80 gr,"€1,29/un","€16,13/kg"
Fatiado de Sabor Original,Violife,emb. 200 gr,"€3,99/un","€19,95/kg"
Gelado Caramelo Salgado Vegan Sem Lactose,Continente,emb. 500 ml,"€3,29/un","€6,58/lt"
Hambúrgueres de Vaca e Queijo Sem Glúten,Iglo Take Away,emb. 200 gr (2 un),"€4,99/un","€24,95/kg"
Cereais Crunchy Kids Espelta com Cacau,Origens Bio,emb. 125 gr,"€2,99/un","€23,92/kg"
Molho Vinagrete,Paladin,emb. 250 ml,"€2,07/un","€8,28/lt"
Cereais All Bran Flakes,Kellogg's,emb. 375 gr,"€4,39/un","€11,71/kg"
Couscous,Seara,emb. 500 gr,"€2,99/un","€5,98/kg"
Muesli de Aveia Crocante com Nozes Pecan,Quaker,emb. 350 gr,"€3,69/un","€10,54/kg"
Sumo Natural Pêssego Biológico,Cem Porcento,emb. 20 cl,"€1,29/un","€6,45/lt"
Granola Chocolate,Rude Health,emb. 400 gr,"€5,49/un","€13,73/kg"
Almôndegas Vegetarianas com Tomate,Revolugreen,emb. 250 gr,"€3,55/un","€3,55/un"
Rebuçados Mini Mints de Menta sem Açúcar,Halls,"emb. 12,5 gr","€1,19/un","€91,54/kg"
Tortitas de Milho Biológicas,Salutem,emb. 120 gr,"€1,69/un","€13,00/kg"
Pastilhas Elásticas Melão e Melancia Sem Açúcar,Trident,"emb. 14,5 gr","€0,89/un","€63,57/kg"
Doce Pêssego sem Adição de Açúcar,Continente Equilíbrio,emb. 280 gr,"€2,85/un","€10,18/kg"
Barra Chocolate Preto Zero,Prozis,emb. 30 gr,"€0,99/un","€33,00/kg"
Snack de Chocolate com Manteiga de Amendoim Minis,Reeses,emb. 90 gr,"€2,19/un","€24,33/kg"
Bolas Energéticas de Amendoim e Banana sem Glúten,Continente Equilíbrio,emb. 2 x 17 gr,"€0,99/un","€29,12/kg"
Rebuçados de Limão e Melisa sem Açúcar,Mentolin,emb. 100 gr,"€2,19/un","€21,90/kg"
Iogurte Proteína Quark Natural,Mimosa,emb. 280 gr (2 un),"€1,49/un","€5,32/kg"
Bebida Vegetal de Aveia e Cálcio Biológica,Bjorg,emb. 1 lt,"€2,29/un","€2,29/lt"
"Papas de Aveia, Manga e Maçã Biológicas Saqueta",Seara,emb. 110 gr,"€1,25/un","€12,50/kg"
Granola Frutos Vermelhos sem Açúcar,Cem Porcento,emb. 350 gr,"€5,99/un","€17,11/kg"
Vegegurte Natural,Continente Equilíbrio,emb. 400 gr (4 un),"€0,99/un","€2,48/kg"
Patê de Cavala com Ingredientes Biológicos,Minerva,emb. 75 gr,"€1,33/un","€17,73/kg"
Pão Escuro sem Glúten,Museu do Pão,emb. 300 gr,"€4,15/un","€13,83/kg"
Molho Barbecue Top Down,Continente,emb. 320 gr,"€1,69/un","€5,28/kg"
Chocodots Zero,Prozis,emb. 40 gr,"€1,09/un","€27,25/kg"
Madalenas Mármore sem Glúten,Museu do Pão,emb. 240 gr,"€4,69/un","€19,54/kg"
Salsichas de Soja Cocktail Frasco,Izidoro,emb. 320 gr (peso escorrido 180 gr),"€4,35/un","€24,17/kg"
Bolachas Crackers sem Glúten,Gullón,emb. 200 gr,"€2,69/un","€13,45/kg"
Pastilhas Elásticas de Morango sem Açúcar,Orbit,emb. 84 gr,"€2,99/un","€35,60/kg"
Barras Substitutas Refeição Iogurte de Limão,Bicentury,emb. 128 gr,"€5,14/un","€40,16/kg"
Tostas Baixo Teor de Sal,Continente,emb. 225 gr,"€0,79/un","€3,51/kg"
Hambúrguer Barbecue Vegetal,Sojasun,emb. 200 gr (2 un),"€4,19/un","€20,95/kg"
Snack de Chocolate de Leite Maxi,Kinder,emb. 6 x 21 gr,"€2,29/un","€18,17/kg"
Fingers de Soja,Sojasun,emb. 175 gr (6 un),"€4,59/un","€26,23/kg"
Gelatina em Pó Zero% de Kiwi sem Glúten,Condi,emb. 28 gr,"€1,89/un","€67,50/kg"
Muesli Açúcar Reduzido,Rude Health,emb. 400 gr,"€4,99/un","€12,48/kg"
Barra Low Sugar Salted Caramel,Gold Nutrition,emb. 30 gr,"€1,89/un","€63,00/kg"
Pastilhas Elásticas Spearmint Sem Açúcar,Trident,"emb. 14,5 gr","€0,89/un","€63,57/kg"
Bombons de Chocolate Merci,Merci,emb. 400 gr,"€11,49/un","€28,73/kg"
Gengibre e Alho Pasta em Vidro,Ktc,emb. 210 gr,"€2,94/un","€14,00/kg"
Flocos Cevada Integrais,Cem Porcento,emb. 400 gr,"€1,39/un","€3,48/kg"
Bolachas Chai e Gengibre sem Açúcar,Continente Equilíbrio,emb. 160 gr (4 un),"€1,89/un","€11,81/kg"
Granola Biológica,Seara,emb. 300 gr,"€3,99/un","€13,30/kg"
Crackies de Arroz Integral Sabor Iogurte e Chocolate Branco sem Glúten,Caçarola,emb. 130 gr,"€2,19/un","€16,85/kg"
Bolas Energéticas de Coco e Amêndoa sem Glúten,Continente Equilíbrio,emb. 2 x 17 gr,"€0,99/un","€29,12/kg"
Pão de Sementes de Linhaça Biológico,Mestemacher,emb. 500 gr,"€2,39/un","€4,78/kg"
Hambúrguer Powered By Plants,Continente,emb. 160 gr (2 un),"€2,69/un","€16,81/kg"
Bolachas Cracker,Tuc,"emb. 31,3 gr","€0,69/un","€22,26/kg"
Bombons de Chocolate com Menta,After Eight,emb. 400 gr,"€5,69/un","€14,23/kg"
Molho Piri-piri,Maçarico,emb. 200 ml,"€1,99/un","€9,95/lt"
Wrap de Trigo,Koala,emb. 320 gr (8 un),"€1,94/un","€6,06/kg"
Laranja Biológica,Continente Bio,emb. 750 gr,"€3,99/un","€5,32/kg"
Leite Meio Gordo Infantil sem Lactose + 3 Anos,Mimosa,emb. 4 x 200 ml,"€2,19/un","€2,74/lt"
Pudim Flan Rico em Proteínas,Reina,emb. 2 x 160 gr,"€2,25/un","€7,03/kg"
Bolachas de Aveia com Frutos Vermelhos,Nairns,emb. 200 gr,"€2,19/un","€10,95/kg"
Barras Cruas de Cacau e Avelã sem Glúten,Continente Equilíbrio,emb. 3 x 35 gr,"€1,99/un","€18,95/kg"
Suplemento Mega CLA 1000 mg Cápsulas,Gold Nutrition,emb. 100 un,"€17,99/un","€0,18/un"
Doce Manga e Maracujá sem Adição de Açúcar,Continente Equilíbrio,emb. 280 gr,"€2,85/un","€10,18/kg"
Bolachas Marinhas Integrais,Salutem,emb. 200 gr,"€2,29/un","€11,45/kg"
Doce Morango sem Adição de Açúcar,Continente Equilíbrio,emb. 280 gr,"€2,85/un","€10,18/kg"
Hambúrguer de Soja com Aveia,Cem Porcento,emb. 150 gr,"€3,49/un","€21,81/kg"
Massa Quebrada Sem Glúten,Pasta do Dia,emb. 280 gr,"€3,29/un","€11,75/kg"
Nestlé Dark Tablete de Chocolate Negro com Amêndoa,Nestlé,emb. 150 gr,"€2,24/un","€14,93/kg"
Iogurte Proteína Quark Stracciatella,Mimosa,emb. 280 gr (2 un),"€1,49/un","€5,32/kg"
Cápsulas de Cafés Int 7,Delta Q,emb. 10 un,"€3,29/un","€0,33/un"
Barra de Amêndoas Caramelizadas e Sal Marinho,Be-Kind,emb. 40 gr,"€1,99/un","€49,75/kg"
Bebida Vegetal de Aveia Biológica,Oatly,emb. 1 lt,"€1,99/un","€1,99/lt"
Cereais All Bran Fruta e Fibra,Kellogg's,emb. 500 gr,"€4,99/un","€9,98/kg"
Flocos Aveia Integral Finos sem Glúten Biológicos,Continente Bio,emb. 400 gr,"€1,99/un","€4,98/kg"
V-Protein Baunilha,Gold Nutrition,emb. 240 gr,"€12,99/un","€54,13/kg"
V-Protein Banana,Gold Nutrition,emb. 240 gr,"€12,99/un","€54,13/kg"
Barra Amendoim sem Glúten,Rude Health,emb. 35 gr,"€1,29/un","€32,25/kg"
Bolas Energéticas de Amendoim e Coco sem Glúten,Continente Equilíbrio,emb. 2 x 17 gr,"€0,99/un","€29,12/kg"
Granola Amêndoa e Avelã Açúcar Reduzido,Rude Health,emb. 400 gr,"€5,49/un","€13,73/kg"
Wafer Avelã Biológica,Crich,emb. 125 gr,"€2,34/un","€18,72/kg"
Snack Zero Cookies and Cream,Prozis,emb. 35 gr,"€1,29/un","€36,86/kg"
Creme Vegetal de Aveia para Culinária,Oatly,emb. 250 ml,"€1,47/un","€5,88/lt"
Manteiga Clarificada Biológica,Seara,emb. 245 gr,"€8,25/un","€33,67/kg"
Bombons de Chocolate Dark,Merci,emb. 250 gr,"€4,69/un","€18,76/kg"
Rebuçados Mini Mints de Melancia sem Açúcar,Halls,"emb. 12,5 gr","€1,19/un","€91,54/kg"
Cereais Corn Flakes sem Açúcar,Continente Equilíbrio,emb. 375 gr,"€1,79/un","€4,77/kg"
Barra Proteína Whey&Aveia Chocolate,Prozis,emb. 80 gr,"€1,39/un","€17,38/kg"
Iogurte Natural Biológico,Pur Natur,emb. 150 gr,"€1,25/un","€8,33/kg"
Krunchy Granola e Avelã Chocolate Preto Biológica,Barnhouse,emb. 375 gr,"€4,99/un","€13,31/kg"
Bolachas de Chocolate com Recheio Brownie,Oreo,emb. 154 gr,"€1,49/un","€9,68/kg"
Suplemento Alimentar Seca Barriga Dia e Noite,Mais Saudável,emb. 30 un + 30 un,"€15,99/un","€0,27/un"
Flocos Aveia Finos,Salutem,emb. 375 gr,"€0,99/un","€2,64/kg"
Molho Mexicano,Madre Mia,emb. 315 gr,"€1,59/un","€5,05/kg"
Drageias de Frutos Vermelhos sem Açúcar,Smint,emb. 35 gr,"€2,05/un","€58,57/kg"
Cogumelos Laminados Biológicos,Origens Bio,emb. 200 gr,"€2,49/un","€12,45/kg"
Cereais Bolas com Chocolate,Continente,emb. 375 gr,"€1,99/un","€5,31/kg"
Cereais Chocolate,Weetabix,emb. 500 gr,"€5,19/un","€10,38/kg"
"Tablete Excellence Arandos, Amêndoas e Avelãs",Lindt,emb. 100 gr,"€2,09/un","€20,90/kg"
Massa Tagliatelle Integral,Delverde,emb. 250 gr,"€2,39/un","€9,56/kg"
Bulgur,Seara,emb. 500 gr,"€1,99/un","€3,98/kg"
Cocogurte Pêssego e Maracujá,Shoyce,emb. 240 gr (2 un),"€1,73/un","€7,21/kg"
"Mix Amêndoa, Avelã e Passas Biológico",Continente Bio,emb. 150 gr,"€2,99/un","€19,93/kg"
Café Colombia Espresso Int 5,Dolce Gusto,emb. 12 un,"€4,44/un","€0,37/un"
Iogurte Magro Aroma Tutti Frutti e Coco,Longa Vida,emb. 720 gr (6 un),"€1,99/un","€2,76/kg"
Sobremesa Soja com Chocolate Puro com Cálcio,Alpro,emb. 500 gr (4 un),"€2,89/un","€5,78/kg"
Madalenas com Pepitas de Chocolate Sem Glúten,Airos,emb. 210 gr,"€3,19/un","€15,19/kg"
Drageias de Frutos Silvestres sem Açúcar,Smint,emb. 8 gr,"€1,39/un","€173,75/kg"
Gelatina Pronta Frutos Vermelhos Proteína,Reina,emb. 400 gr (4 un),"€1,59/un","€3,98/kg"
Granola Frutos Secos sem Açúcar,Cem Porcento,emb. 350 gr,"€4,29/un","€12,26/kg"
Especialidade Vegan Fatias Original,Nurishh,emb. 160 gr,"€2,49/un","€15,56/kg"
Zero Shake RTD Chocolate,Prozis,emb. 250 ml,"€1,69/un","€6,76/lt"
V-Protein Avelã,Gold Nutrition,emb. 240 gr,"€12,99/un","€54,13/kg"
Nuggets Proteína Vegetal,Garden Gourmet,emb. 200 gr (14 un),"€3,19/un","€15,95/kg"
Tosta Crocante Quinoa Biológica,Le Pain Fleurs,emb. 150 gr,"€3,89/un","€25,93/kg"
Atum Posta em Azeite Biológico,Minerva,emb. 120 gr (peso escorrido 78 gr),"€1,23/un","€15,77/kg"
Total Whey Baunilha,Gold Nutrition,emb. 260 gr,"€16,99/un","€65,35/kg"
Cereais Cherrios Integrais Multi,Cheerios,emb. 375 gr,"€2,89/un","€7,71/kg"
Biscoitos de Linhaça,Cem Porcento,emb. 200 gr,"€2,69/un","€10,76/kg"
Mousse Proteína Chocolate Negro,Yopro,emb. 200 gr,"€2,19/un","€10,95/kg"
Chá Detox Energia Saquetas,Yogi,emb. 12 un,"€2,09/un","€0,17/un"
Sombrinhas de Chocolate,Mauri,emb. 35 gr,"€1,59/un","€45,43/kg"
Bebida Vegetal de Amêndoa e Aveia Torrada Biológica,Rude Health,emb. 1 lt,"€2,79/un","€2,79/un"
Cereais Go Free Corn Flakes sem Glúten,Nestlé,emb. 375 gr,"€2,24/un","€5,97/kg"
Bebida Energética Ultra Paradise sem Açúcar,Monster,lata 50 cl,"€1,60/un","€3,20/lt"
Snack de Chocolate Negro com Avelã 50% Cacau,Not Guilty,emb. 30 gr,"€0,99/un","€33,00/kg"
Bolonhesa Vegetal,Veg In,emb. 320 gr,"€4,65/un","€14,53/kg"
Manteiga de Amendoim Biológica,Continente Bio,emb. 225 gr,"€2,69/un","€11,96/kg"
Muesli Crunchy sem Adição de Açúcar,Continente Equilíbrio,emb. 500 gr,"€2,59/un","€5,18/kg"
Barras Cruas de Maçã e Canela sem Glúten,Continente Equilíbrio,emb. 3 x 35 gr,"€1,99/un","€18,95/kg"
Doce Morango sem Adição de Açúcar,Casa de Mateus,emb. 280 gr,"€3,29/un","€11,75/kg"
Manteiga de Amêndoa,Prozis,emb. 250 gr,"€6,49/un","€25,96/kg"
Caramelos Cappuccino sem Açúcar,Werther's,emb. 90 gr,"€2,19/un","€24,33/kg"
Tablete de Chocolate Culinária com Stévia,Pantagruel,emb. 200 gr,"€3,29/un","€16,45/kg"
Chupa de Morango sem Açúcar,Chupa Chups,emb. 12 gr,"€0,55/un","€45,83/kg"
Clara de Ovo 100% Líquida,Prozis,emb. 500 gr,"€2,69/un","€5,38/kg"
Yofu Framboesa e Maracujá,Sojasun,emb. 440 gr (4 un),"€1,99/un","€4,98/kg"
Bebida Isotónica Orange Burst,Powerade,garrafa 50 cl,"€1,39/un","€2,78/lt"
Vegegurte Coco e Baunilha,Reina,emb. 115 gr,"€0,95/un","€8,26/kg"
Sumo Natural Uva Preta Biológico,Cem Porcento,emb. 1 lt,"€3,69/un","€3,69/lt"
Barra Proteína Low Sugar Double Chocolate,Gold Nutrition,emb. 60 gr,"€2,99/un","€49,83/kg"
Snack de Chocolate Crunchie,Cadbury,emb. 40 gr,"€0,99/un","€24,75/kg"
Molho Salsa Mexicana,Old El Paso,emb. 190 gr,"€2,89/un","€15,21/kg"
Bebida Energética Ultra Fiesta,Monster,lata 50 cl,"€1,60/un","€3,20/lt"
Bolo de Arroz Sem Glúten,Museu do Pão,emb. 225 gr,"€3,69/un","€16,40/kg"
Flocos de Aveia Instantâneos,Origens Bio,emb. 400 gr,"€1,69/un","€4,23/kg"
Gelatina Frutos Vermelhos +Proteína,Continente,emb. 400 gr (4 un),"€1,19/un","€2,98/kg"
Croissants sem Glúten,Schär,emb. 4 x 55 gr,"€5,50/un","€23,71/kg"
Manteiga de Avelã 100%,Not Guilty,emb. 200 gr,"€5,99/un","€29,95/kg"
"Super Pequeno Almoço Aveia, Maçã, Amêndoa e Canela sem Glúten Biológico",Shine,emb. 300 gr,"€5,59/un","€18,63/kg"
Nestlé Dark Tablete de Chocolate Negro 70% Cacau sem Glúten,Nestlé,emb. 120 gr,"€1,99/un","€16,58/kg"
Bebida Vegetal de Soja Proteína,Alpro,emb. 1 lt,"€1,89/un","€1,89/lt"
Pastilhas Elásticas de Spearmint sem Açúcar,Orbit,emb. 16 gr,"€0,89/un","€55,63/kg"
Leite Proteína Cacau sem Lactose,Mimosa,emb. 3 x 250 ml,"€2,99/un","€3,99/lt"
Manteiga de Amendoim Crunchy,Origens Bio,emb. 340 gr,"€4,59/un","€13,50/kg"
Crocantes de Quinoa,Cem Porcento,emb. 200 gr,"€2,99/un","€14,95/kg"
Gelado Soja Sandwich,Valsoia,emb. 320 gr,"€3,99/un","€12,47/kg"
Nuggets Crocantes Vegan,The Vegetarian Butcher,emb. 180 gr,"€4,19/un","€23,28/kg"
Óleo de Coco Virgem,Continente Bio,emb. 200 ml,"€2,19/un","€10,95/lt"
Cápsulas de Café Peru Espresso Int 8,Dolce Gusto,emb. 12 un,"€4,44/un","€0,37/un"
Snack de Chocolate de Leite,Kinder,"emb. 12 x 12,5 gr","€2,49/un","€16,60/kg"
Mental Fosfolipidos 13 Vitaminas e Zinco,Forma+,emb. 60 un,"€14,99/un","€0,25/un"
Sementes de Linhaça Dourada Biológicas,Continente Bio,emb. 200 gr,"€1,29/un","€6,45/kg"
Barras Cruas de Coco e Amêndoa sem Glúten,Continente Equilíbrio,emb. 3 x 35 gr,"€1,99/un","€18,95/kg"
Barra de Chocolate Negro e Manteiga de Amendoim,Be-Kind,emb. 40 gr,"€1,99/un","€49,75/kg"
Cappuccino Proteína com Café Extra,Prozis,emb. 400 gr,"€14,99/un","€37,48/kg"
Mostarda em Grão Frasco,Savora,emb. 190 gr,"€1,86/un","€9,79/kg"
Bolachas Trigo Integral Biológicas,Crich,emb. 220 gr (10 un),"€2,69/un","€12,23/kg"
Bocados Mediterrâneos,Revolugreen,emb. 160 gr,"€3,95/un","€3,95/un"
Doce Morango Stevia,Cem Porcento,emb. 200 gr,"€3,89/un","€19,45/kg"
Açúcar Branco com Stevia,Sidul,emb. 500 gr,"€2,07/un","€4,14/kg"
Total Whey Chocolate e Avelã,Gold Nutrition,emb. 260 gr,"€16,99/un","€65,35/kg"
Molho Chow Mein,Blue Dragon,emb. 120 gr,"€1,79/un","€14,92/kg"
Adoçante Eritritol com Stevia,Canderel,emb. 500 gr,"€9,49/un","€18,98/kg"
Refrigerante com Gás Cola Zero,Continente,emb. 33 cl,"€0,54/un","€1,64/lt"
Hambúrguer Vegetariano com Pimentos Assados,Nobre Vegalia,emb. 160 gr (2 un),"€3,49/un","€21,81/kg"
Farinha de Coco,Origens Bio,emb. 250 gr,"€1,99/un","€7,96/kg"
Cocogurte Mirtilo,Shoyce,emb. 240 gr (2 un),"€1,73/un","€7,21/kg"
Cereais Special K Aveia e Mel,Kellogg's,emb. 420 gr,"€4,99/un","€11,88/kg"
Tostas Ligeiras com Quinoa sem Glúten Biológico,Santiveri,emb. 100 gr,"€3,09/un","€30,90/kg"
Suplemento Probiótico Complex,EU Nutrition,emb. 60 un,"€12,74/un","€0,21/un"
Snack de Chocolate com Coco,Bounty,emb. 57 gr,"€1,05/un","€18,42/kg"
Hambúrguer BurVeg Original Biológico,Soria Natural,emb. 200 gr (2 un),"€4,49/un","€22,45/un"
Bolas Energéticas de Avelã e Cacau sem Glúten,Continente Equilíbrio,emb. 2 x 17 gr,"€0,99/un","€29,12/kg"
Hambúrguer Panado Vegan Sabor a Frango,The Vegetarian Butcher,emb. 180 gr,"€4,19/un","€23,28/kg"
Leite de Coco 17% Gordura,Salutem,emb. 400 ml,"€2,89/un","€7,23/lt"
Bombons de Chocolate com Menta,After Eight,emb. 200 gr,"€2,99/un","€14,95/kg"
Massa Disney Princesas,Dalla Costa,emb. 300 gr,"€1,79/un","€5,97/kg"
Óleo de Sésamo,Emile Noël,emb. 500 ml,"€11,69/un","€23,38/lt"
Mousse de Baunilha Rica em Proteína,Ehrmann,emb. 200 gr,"€1,99/un","€9,95/kg"
"Snack de Chocolate Negro, Mel e Amêndoa",Toblerone,emb. 100 gr,"€2,49/un","€24,90/kg"
Gelado Caramel Brownie Vegan Sem Lactose,Continente,emb. 500 ml,"€3,29/un","€6,58/lt"
Bombons de Chocolate Branco Schoko-Bons,Kinder,emb. 200 gr,"€3,99/un","€19,95/kg"
Massa Penne de Lentilhas Vermelhas,Dalla Costa,emb. 250 gr,"€2,99/un","€11,96/kg"
Maritávora Nº 6 DOC Douro Vinho Tinto,Quinta de Maritávora,garrafa 75 cl,"€10,89/un","€14,52/lt"
Chocolate em Pó,Continente,emb. 125 gr,"€0,85/un","€6,80/kg"
Massa Noodles de Trigo Integral,Alb-Gold,emb. 250 gr,"€2,99/un","€11,96/kg"
Cereais Rice Krispies Arroz Tostado com Mel,Kellogg's,emb. 340 gr,"€2,49/un","€7,32/kg"
Granola Superior sem Adição de Açúcar,Salutem,emb. 400 gr,"€4,99/un","€12,48/kg"
Bebida Energética sem Açúcar,Monster,lata 50 cl,"€1,60/un","€3,20/lt"
Panados de Vegetais com Cogumelos,Sojasun,emb. 160 gr (2 un),"€4,19/un","€26,19/kg"
Pão Indiano tipo Naan com Alho,Lekha,emb. 450 gr,"€4,20/un","€9,33/kg"
Manteiga de Amêndoa 100%,Not Guilty,emb. 200 gr,"€5,99/un","€29,95/kg"
Óleo de Sésamo,Origens Bio,emb. 250 ml,"€6,49/un","€25,96/lt"
Hambúrguer Powered By Plants,Continente Fácil & Bom,emb. 200 gr (2 un),"€3,39/un","€16,95/kg"
Coco Fresco Pedaços,Genuine Coconut,emb. 100 gr,"€1,49/un","€14,90/kg"
Quinoa Tricolor,Origens Bio,emb. 250 gr,"€3,49/un","€13,96/kg"
Cacau em Pó,Pantagruel,emb. 125 gr,"€1,64/un","€13,12/kg"
Rúcula Selvagem Biológica,Vitacress,emb. 70 gr,"€2,49/un","€35,57/kg"
Vinagre de Romã Gourmet,Cristal,emb. 250 ml,"€2,00/un","€8,00/lt"
Nestlé Dark Tablete de Chocolate Negro 85% Cacau sem Glúten,Nestlé,emb. 120 gr,"€1,99/un","€16,58/kg"
Choconut Zero,Prozis,emb. 40 gr,"€1,09/un","€27,25/kg"
Bolachas Cracker Aveia e Sementes de Girassol,Continente,emb. 150 gr,"€1,89/un","€12,60/kg"
Farinha de Aveia,Origens Bio,emb. 250 gr,"€1,49/un","€5,96/kg"
Granola Crunchy Chocolate Biológica,Continente Bio,emb. 375 gr,"€3,19/un","€8,51/kg"
Suplemento Alimentar Seca Barriga,Mais Saudável,emb. 500 ml,"€15,03/un","€30,06/un"
Creme Soja e Cacau com Avelã sem açúcar,Valsoia,emb. 200 gr,"€3,99/un","€19,95/kg"
"Bolachas de Aveia, Frutas e Sementes",Nairns,emb. 225 gr,"€2,19/un","€9,73/kg"
Nestlé Moments Tablete de Chocolate de Leite com Amendoim,Nestlé,emb. 90 gr,"€1,49/un","€16,56/kg"
Snack de Milho sem Glúten Biológico,Fiorentini,emb. 20 gr,"€0,99/un","€49,50/kg"
Massa Fusilli de Milho sem Glúten Biológico,Dalla Costa,emb. 250 gr,"€2,59/un","€10,36/kg"
Panado de Espinafres e Queijo Proteína Vegetal,Garden Gourmet,emb. 180 gr (2 un),"€3,19/un","€17,72/kg"
Pedaços Vegan Sabor a Frango,The Vegetarian Butcher,emb. 160 gr,"€4,19/un","€26,19/kg"
Taco Shells,Old El Paso,emb. 156 ml (12 un),"€3,49/un","€22,37/kg"
Cereais Special K,Kellogg's,emb. 375 gr,"€2,39/un","€6,37/kg"
Magnésio 600 MG Cápsulas,Gold Nutrition,emb. 60 un,"€12,50/un","€0,21/un"
Snack Chocolate Belga Proteína,Prozis,emb. 30 gr,"€0,89/un","€29,67/kg"
Hambúrguer Vegan,Revolugreen,emb. 150 gr (2 un),"€3,35/un","€3,35/un"
Barra Zero Break Duo Chocolate,Prozis,"emb. 21,5 gr","€0,79/un","€37,62/kg"
Queijo Fresco para Barrar Light,Santiago,emb. 150 gr,"€1,89/un","€12,60/kg"
Cereais Go Free Corn Flakes Chocolate sem Glúten,Nestlé,emb. 375 gr,"€2,24/un","€5,97/kg"
Farinha de Arroz,Origens Bio,emb. 200 gr,"€1,59/un","€7,95/kg"
Massa Penne de Arroz Integral sem Glúten Biológico,Dalla Costa,emb. 250 gr,"€2,59/un","€10,36/kg"
Hambúrguer Abóbora,Veg In,emb. 160 gr (2 un),"€3,39/un","€21,19/kg"
Muesli Multicereais Crocante,Salutem,emb. 500 gr,"€3,29/un","€6,58/kg"
Barra Endurance Salt Bar Chocolate e Amendoins,Gold Nutrition,emb. 40 gr,"€1,89/un","€47,25/kg"
Snack de Lentilhas Vermelhas e Grão de Bico sem Glúten Biológico,Fiorentini,emb. 45 gr,"€1,59/un","€35,33/kg"
Curcuma Biológica,Continente Bio,emb. 125 gr,"€1,39/un","€11,12/kg"
Caprichos do Mar sem Glúten,Pescanova,emb. 400 gr,"€3,59/un","€8,98/kg"
Louro Biológico,Continente Bio,emb. 50 gr,"€1,29/un","€25,80/kg"
Barra Low Sugar Dark Chocolate,Gold Nutrition,emb. 30 gr,"€1,89/un","€63,00/kg"
Tablete de Chocolate Negro 70% Cacau Biológico,Côte D'Or,emb. 90 gr,"€2,79/un","€31,00/kg"
Hambúrguer Vegan Sabor a Carne,The Vegetarian Butcher,emb. 218 gr,"€5,39/un","€24,72/kg"
"Gelado Morango, Mirtilo e Beterraba",Gigi,emb. 210 ml (3 un),"€2,99/un","€14,24/lt"
Massa Disney Mickey,Dalla Costa,emb. 300 gr,"€1,79/un","€5,97/kg"
Cereais Farelo de Trigo,Continente Equilíbrio,emb. 750 gr,"€3,29/un","€4,39/kg"
Bola Energética Morango e Amêndoa,Supr Natural,emb. 30 gr,"€1,49/un","€42,57/kg"
Douradinhos Vegan,Vivera,emb. 189 gr (7 un),"€3,99/un","€3,99/un"
Bombons de Chocolate Praliné,Bem Me Quer,emb. 180 gr,"€1,99/un","€11,06/kg"
Cacau Magro em Pó,Continente Equilíbrio,emb. 125 gr,"€0,80/un","€6,40/kg"
Pão Espelta Integral,Pachamama,emb. 450 gr,"€3,29/un","€7,31/kg"
Tortitas Milho sem Glúten,Diet Radisson,emb. 135 gr,"€2,05/un","€15,19/kg"
Pão Branco Fatias sem Glúten,Schär,emb. 250 gr,"€2,70/un","€10,80/kg"
Pastilhas Elásticas Morango Sem Açúcar,Trident,"emb. 14,5 gr","€0,89/un","€63,57/kg"
Douradinhos Vegan,Iglo Green Cuisine,emb. 336 gr (12 un),"€5,34/un","€15,89/kg"
Molho Teryaki Marinada,Kikkoman,emb. 250 ml,"€4,49/un","€17,96/lt"
Choco Balls sem Glúten,Cem Porcento,emb. 250 gr,"€3,99/un","€15,96/kg"
Picado Powered By Plants,Continente Fácil & Bom,emb. 250 gr,"€3,79/un","€15,16/kg"
Manteiga de Amendoim Suave Biológica,Whole Earth,emb. 227 gr,"€4,89/un","€21,54/kg"
Molho de Francesinha,Continente,emb. 500 gr,"€1,99/un","€3,98/kg"
Granola Aveia Biológica,Barnhouse,emb. 375 gr,"€4,99/un","€13,31/kg"
Molho Piri-piri Clássico,Continente,emb. 50 ml,"€1,69/un","€33,80/lt"
Geleia de Agave Biológico,Origens Bio,emb. 360 ml,"€5,99/un","€16,64/lt"
Biscoitos Integrais de Alfarroba,Cem Porcento,emb. 250 gr,"€2,69/un","€10,76/kg"
Bebida Energética Ultra White,Monster,lata 50 cl,"€1,60/un","€3,20/lt"
Barra Energética Chocolate,Isostar,emb. 3 x 35 gr,"€6,78/un","€64,57/kg"
V-Protein Morango,Gold Nutrition,emb. 240 gr,"€12,99/un","€54,13/kg"
Yofu Pedaços Frutos Silvestres,Sojasun,emb. 400 gr (4 un),"€1,99/un","€4,98/kg"
Molho Pizza Top Down,Guloso,emb. 440 gr,"€2,73/un","€6,83/kg"
Bombons de Chocolate com Chocolate Belga e Praliné,Bem Me Quer,emb. 250 gr,"€2,69/un","€10,76/kg"
Adoçante Stevia 40 Sticks,Continente,emb. 40 gr,"€1,29/un","€0,03/kg"
Tablete de Chocolate Negro com Canela sem Açúcar e sem Glúten,Cem Porcento,emb. 125 gr,"€2,54/un","€20,32/kg"
Tofu Natural Biológico,Origens Bio,emb. 300 gr,"€2,79/un","€9,30/kg"
Waffles Cobertos com Chocolate,Prozis,emb. 6 x 30 gr,"€3,99/un","€22,17/kg"
Sumo Natural Mirtilo Biológico,Cem Porcento,emb. 20 cl,"€2,89/un","€14,45/lt"
Batido de Morango,Forma+,emb. 700 gr,"€15,99/un","€22,84/kg"
Molho de Francesinha,Guloso,emb. 500 gr,"€3,14/un","€6,28/kg"
Farinha de Amêndoa com Pele,Seara,emb. 200 gr,"€6,89/un","€34,45/kg"
Doce 4 Frutos sem Adição de Açúcar,St. Dalfour,emb. 284 gr,"€4,39/un","€15,46/kg"
Farinha Mix Pão,Schär,emb. 1 kg,"€5,20/un","€5,20/kg"
Leite Proteína Morango,Mimosa,emb. 3 x 250 ml,"€2,99/un","€3,99/lt"
Cereais Cheerios Biológicos,Cheerios,emb. 330 gr,"€2,99/un","€9,06/kg"
Madalenas Sem Glúten,Museu do Pão,emb. 240 gr,"€4,29/un","€17,88/kg"
Pão Indiano Super Naan,Lekha,emb. 450 gr,"€3,15/un","€7,00/kg"
Fiambre da Perna Teor de Sal Reduzido Extra Fatias,Izidoro,emb. 110 gr,"€2,19/un","€19,91/kg"
Doce Mirtilo sem Adição de Açúcar,Prisca,emb. 250 gr,"€3,79/un","€15,16/kg"
Bolas Energéticas Baunilha,Supr Natural,emb. 30 gr,"€1,49/un","€42,57/kg"
Bebida Energética Zero Ultra Red,Monster,lata 50 cl,"€1,60/un","€3,20/lt"
Muesli Crunchy Frutos Vermelhos com Stevia,Continente Equilíbrio,emb. 300 gr,"€2,39/un","€7,97/kg"
Suplemento Alimentar Colagénio Rapid,Mais Saudável,emb. 500 ml,"€14,17/un","€28,34/lt"
Hambúrguer Vegetariano de Espinafres,Nobre Vegalia,emb. 160 gr (2 un),"€3,49/un","€21,81/kg"
Bebida Energética Açaí,Red Bull,lata 25 cl,"€1,39/un","€5,56/lt"
Beyra Biológico DOC Beira Branco,Beyra,garrafa 75 cl,"€6,99/un","€9,32/lt"
Farinha de Coco,Continente Bio,emb. 500 gr,"€2,39/un","€4,78/kg"
Barra Proteica Morango Zero,Prozis,emb. 40 gr,"€1,69/un","€42,25/kg"
"Alimento Lácteo de Leite de Coco, Maçã e Ananás Naturnes Bio +6M",Nestlé,emb. 4 x 90 gr,"€3,75/un","€10,42/kg"
Arroz Puff Expandido Biológico,Seara,emb. 150 gr,"€2,14/un","€14,27/kg"
Chocolate Nutrageous,Reeses,emb. 47 gr,"€1,13/un","€24,04/kg"
Cápsulas de Café Int 9,Continente Bio,emb. 16 un,"€3,99/un","€0,25/un"
Molho Piri-piri,Jerónimos,emb. 180 ml,"€1,29/un","€7,17/lt"
"Snack de Chocolate de Leite com Nougat, Mel e Amêndoa",Toblerone,emb. 100 gr,"€2,49/un","€24,90/kg"
Tablete de Chocolate Negro com Avelãs sem Glúten,Cem Porcento,emb. 125 gr,"€2,54/un","€20,32/kg"
Bebida Vegetal de Avelã 0% Açúcar,Shoyce,emb. 1 lt,"€2,09/un","€2,09/lt"
Wrap Integral,Koala,emb. 320 gr (8 un),"€1,86/un","€5,81/kg"
"Super Pequeno Almoço Aveia, Manga e Quinoa Biológico",Shine,emb. 300 gr,"€5,59/un","€18,63/kg"
Gordura Vegetal de Palma,Guineas,emb. 400 ml,"€3,44/un","€9,56/kg"
Granola Crunchy Frutos Vermelhos Biológica,Continente Bio,emb. 375 gr,"€3,99/un","€10,64/kg"
Massa Rolitos de Aveia,Vianeza,emb. 250 gr,"€4,38/un","€17,52/kg"
Ovo de Chocolate de Leite Kinder Surpresa,Kinder,emb. 3 x 20 gr,"€3,69/un","€61,50/kg"
Beyra Biológico DOC Beira Interior Vinho Tinto,Beyra,garrafa 75 cl,"€6,99/un","€9,32/lt"
Bifes de Soja com Molho Tomate,Cem Porcento,emb. 250 gr,"€4,49/un","€17,96/kg"
Molho Agridoce,Lee Kum Kee,emb. 240 gr,"€4,39/un","€18,29/kg"
Cereais Corn Flakes Biológicos,Seara,emb. 300 gr,"€2,84/un","€9,47/kg"
Sais em Pó Efervescente de Limão,Eno,emb. 10 x 5 gr,"€4,99/un","€99,80/kg"
Barra Chocolate Duplo Zero,Prozis,emb.30 gr,"€1,29/un","€36,86/kg"
Suplemento Alimentar Gengibre + Limão,Mais Saudável,emb. 500 ml,"€11,14/un","€22,28/un"
Molho para Massa de Pimento,Casa Pontinha,emb. 200 gr,"€2,29/un","€11,45/kg"
Barra Proteína Low Sugar Crunchy Peanut,Gold Nutrition,emb. 60 gr,"€2,99/un","€49,83/kg"
Batido de Café,Forma+,emb. 700 gr,"€15,99/un","€22,84/kg"
Granola All Bran Amêndoa e Sementes de Abóbora,Kellogg's,emb. 380 gr,"€5,19/un","€13,66/kg"
Bebida Vegetal de Aveia e Chocolate Biológica,Rude Health,emb. 1 lt,"€2,79/un","€2,79/lt"
Aveia Proteica Instantânea sem Açúcar,Cem Porcento,emb. 535 gr,"€3,29/un","€6,15/kg"
Molho Agridoce,Paladin,emb. 250 ml,"€2,45/un","€9,80/lt"
Beijinhos de Chocolate Recheados com Baunilha,Continente,emb. 100 gr,"€1,14/un","€11,40/kg"
Leite Condensado Magro,Nestlé,emb. 387 gr,"€1,79/un","€4,63/kg"
Farinha Mistura Culinária,Continente,emb. 1 kg,"€2,99/un","€2,99/kg"
Cápsulas de Café Int 9,L'Or,emb. 10 un,"€3,39/un","€0,34/un"
Mini Pastéis de Bacalhau Pré-Fritos,Continente Fácil & Bom,emb. 500 gr,"€5,99/un","€11,98/kg"
Falafel de Proteína Vegetal,Garden Gourmet,emb. 190 gr (9 un),"€3,99/un","€21,00/kg"
Pão Branco sem Glúten,Museu do Pão,emb. 300 gr,"€4,15/un","€13,83/kg"
Bolachas Napolitanas Chai,Cuétara,emb. 180 gr (5 un),"€2,29/un","€12,72/kg"
Hambúrguer Goji,Veg In,emb. 160 gr (2 un),"€3,39/un","€21,19/kg"
Bebida Vegetal de Aveia Light Biológica,Isola Bio,emb. 1 lt,"€2,29/un","€2,29/lt"
Bolachas Maria Integrais sem Lactose,Cem Porcento,emb. 140 gr,"€2,49/un","€17,79/kg"
Flocos Chocolate Biológicos,Vitabio,emb. 450 gr,"€6,80/un","€15,11/kg"
Super Pequeno Almoço Banana e Cacau Biológico,Origens Bio,emb. 300 gr,"€4,79/un","€15,97/kg"
Almôndegas Vegan,Vivera,emb. 200 gr,"€3,99/un","€19,95/kg"
Curcuma,Margão,emb. 42 gr,"€3,59/un","€85,48/kg"
Hambúrguer de Cereais com Queijo,Cem Porcento,emb. 160 gr,"€3,49/un","€21,81/kg"
Óleo de Abacate Virgem Extra,Olivado,emb. 250 ml,"€9,99/un",
Barra Proteína Whey&Aveia Framboesa,Prozis,emb. 80 gr,"€1,39/un","€17,38/kg"
"Pequeno Almoço Aveia, Framboesa e Banana sem Glúten Biológico",Shine,emb. 300 gr,"€5,59/un","€18,63/kg"
Pão de Forma Cereais,Garcia,emb. 500 gr,"€3,99/un","€7,98/kg"
Manteiga Amendoim Suave,Origens Bio,emb. 340 gr,"€4,59/un","€13,50/kg"
Molho Wok,Kikkoman,emb. 250 ml,"€4,19/un","€16,76/lt"
Chupas Sortido sem Açúcar e sem Glúten,Chupa Chups,emb. 66 gr,"€2,99/un","€45,30/kg"
Almôndegas Powered By Plants,Continente Fácil & Bom,emb. 204 gr,"€3,39/un","€16,62/kg"
Leite Condensado Magro Cozido,Nestlé,emb. 387 gr,"€2,09/un","€5,40/kg"
Bolachas Double Creamy Proteína,Prozis,emb. 70 gr,"€1,79/un","€25,57/kg"
Biscoitos Boudoirs,Du Bois,emb. 200 gr,"€2,09/un","€10,45/kg"
Cereais Linha Zero sem Açúcar,Nacional,emb. 300 gr,"€1,94/un","€6,47/kg"
Granola,Cem Porcento,emb. 375 gr,"€2,99/un","€7,97/kg"
Tortitas de Milho Doses,Continente Equilíbrio,emb. 96 gr,"€1,15/un","€11,98/kg"
Refrigerante com Gás Lima Max,Pepsi,emb. 6 x 33 cl,"€3,99/un","€2,02/lt"
Sumo 100% Tomate,Compal Veggie,emb. 20 cl,"€0,89/un","€4,45/lt"
Muesli Morango e Maçã +12M,Continente do Bebé,emb. 150 gr,"€2,79/un","€18,60/kg"
Óleo de Coco Virgem,Origens Bio,emb. 200 ml,"€3,75/un","€18,75/lt"
Vinagre de Arroz Gourmet,Cristal,emb. 250 ml,"€1,94/un","€7,76/lt"
Pudim +Proteína Chocolate,Continente,emb. 200 gr,"€1,14/un","€5,70/kg"
Infusão Detox Saquetas,Cem Porcento,emb. 10 un,"€0,79/un","€0,08/un"
Biscoitos Cálcio com Cacau,Cem Porcento,emb. 250 gr,"€2,69/un","€10,76/kg"
Cereais Corn Flakes Milho,Nacional,emb. 500 gr,"€2,44/un","€4,88/kg"
Molho de Francesinha,Dom Duarte,emb. 500 gr,"€2,98/un","€5,96/kg"
Piri-Piri com Azeite Extra Forte,Gallo,emb. 50 ml,"€2,99/un","€59,80/lt"
Suplemento Alimentar Super Tónico Cerebral,Planta Natur,emb. 15 un,"€8,49/un","€0,57/un"
Flocos de Aveia Biológica,Seara,emb. 400 gr,"€2,04/un","€5,10/kg"
Bolachas Crackers com Chia Natural Balance Biológicas,Origens Bio,emb. 150 gr,"€2,99/un","€19,93/kg"
Infusão Relax Saquetas,Cem Porcento,emb. 10 un,"€0,79/un","€0,08/un"
Pão Gran Mix sem Glúten Biológico,Schnitzer,emb. 250 gr,"€3,49/un","€13,96/kg"
Farinha de Coco,Salutem,emb. 200 gr,"€1,39/un","€6,95/kg"
Preparado para Pudim Flan sem Açúcar e sem Glúten,El Mandarin,emb. 30 gr (2 un),"€1,69/un","€56,33/kg"
Cacau Cru em Pepitas Biológico,Seara,emb. 100 gr,"€3,99/un","€39,90/kg"
Sementes de Canhâmo Biológicas,Continente Bio,emb. 150 gr,"€4,29/un","€28,60/kg"
Granola Coco e Goji,Origens Bio,emb. 300 gr,"€4,59/un","€15,30/kg"
Sumo Ananás Biológico,Delizum,emb. 20 cl,"€1,29/un","€6,45/lt"
Massa Fettuccine Integral,Delverde,emb. 250 gr,"€2,39/un","€9,56/kg"
Bebida Vegetal de Amêndoa Proteína sem Açúcar,Joya,emb. 1 lt,"€2,15/un","€2,15/lt"
Bombons de Chocolate Chesterfield Gold,Hamlet,emb. 100 gr,"€5,39/un","€53,90/kg"
Bombons de Chocolate com Laço Caixa Sortido,Hamlet,emb. 100 gr,"€5,39/un","€53,90/kg"
Biaia Biológico DOC Beira Interior Vinho Tinto,Biaia,garrafa 75 cl,"€4,99/un","€6,65/lt"
Mistura para Banana Bread com Canela e Sementes Biológica,Shine,emb. 350 gr,"€5,49/un","€15,69/kg"
Baguete Clássica sem Glúten Biológico,Schnitzer,emb. 360 gr,"€5,35/un","€14,86/kg"
Tablete de Chocolate Negro,Crunch,emb. 100 gr,"€1,39/un","€13,90/kg"
Bebida Isotónica Blood Orange,Powerade,garrafa 50 cl,"€1,39/un","€2,78/lt"
Muffins sem Glúten,Schär,emb. 4 x 65 gr,"€4,19/un","€16,12/kg"
Mistura de Condimentos para Guacamole,Old El Paso,emb. 20 gr,"€1,39/un","€69,50/kg"
Flocos Milho Biológicos,Continente Bio,emb. 300 gr,"€1,99/un","€6,63/kg"
Hambúrguer de Frango Biológico,Biologic,emb. 224 gr (2 un),"€4,19/un","€18,71/kg"
Pudim Zero% de Pêssego-Maracujá,Condi,emb. 22 gr,"€0,89/un","€40,45/kg"
Fronteira Biológico DOC Douro Vinho Tinto,Fronteira,garrafa 75 cl,"€7,99/un","€10,65/lt"
Cápsulas de Café Int 9,Continente Bio,emb. 10 un,"€2,09/un","€0,21/un"
Sementes de Cânhamo Descascadas Biológicas,Seara,emb. 200 gr,"€5,99/un","€29,95/kg"
Gelatina Pronta Manga e Limão + Proteína,Condi,emb. 400 gr (4 un),"€3,19/un","€7,98/kg"
Suplemento Alimentar Limão Gold + Crómio,Pharmonat,emb. 40 un,"€11,34/un","€11,34/un"
Bolas Energéticas Avelã,Supr Natural,emb. 30 gr,"€1,49/un","€42,57/kg"
Hambúrguer Sementes,Veg In,emb. 160 gr (2 un),"€3,39/un","€21,19/kg"
Waffles com Sabor a Baunilha,Prozis,emb. 6 x 25 gr,"€2,99/un","€19,93/kg"
"Papas de Aveia, Banana e Cacau Biológicas",Origens Bio,emb. 300 gr,"€4,99/un","€16,63/kg"
Massa Pesto Rosso,Sun&Vegs,emb. 325 gr,"€3,69/un","€11,35/kg"
Bolo Mármore sem Glúten,Schär,emb. 250 gr,"€4,39/un","€17,56/kg"
Molho Agridoce em Saqueta,Blue Dragon,emb. 120 gr,"€1,79/un","€14,92/kg"
Creme para Barrar Chocolate e Avelãs,Gold Nutrition,emb. 180 gr,"€5,99/un","€33,28/kg"
Vitamina D Cápsulas,Gold Nutrition,emb. 120 un,"€9,99/un","€9,99/un"
Farinha para Pão,Continente,emb. 1 kg,"€2,99/un","€2,99/kg"
Trigo Puff Expandido Biológico,Seara,emb. 150 gr,"€1,99/un","€13,27/kg"
"Gelado Manga, Maracujá e Funcho",Gigi,emb. 210 ml (3 un),"€2,99/un","€14,24/lt"
Suplemento Alimentar Magnésio + Vitaminas Extra,Planta Natur,emb. 30 un,"€7,05/un","€0,24/un"
Barra Proteica Coco,Prozis,emb. 30 gr,"€0,89/un","€29,67/kg"
Palmier Simples Sem Glúten,Airos,emb. 150 gr,"€2,89/un","€19,27/kg"
Cacau Magro em Pó,Jerónimos,emb. 125 gr,"€1,65/un","€13,20/kg"
Pasta de Avelã Biológica,Continente Bio,emb. 180 gr,"€5,99/un","€33,28/kg"
Super Pequeno Almoço Aveia e Banana Kids sem Glúten Biológico,Shine,emb. 300 gr,"€4,99/un","€16,63/kg"
Tablete Excellence Mel e Amêndoas,Lindt,emb. 100 gr,"€2,09/un","€20,90/kg"
Especialidade Vegan Fatias Cheddar,Nurishh,emb. 160 gr,"€2,49/un","€15,56/kg"
Bebida Isotónica Citrus Charge,Powerade,garrafa 50 cl,"€1,39/un","€2,78/lt"
Suplemento CLA,Prozis,emb. 90 un,"€9,99/un","€0,11/un"
Farinha de Aveia,Seara,emb. 250 gr,"€1,99/un","€7,96/kg"
Bombons de Chocolate com Avelã sem Glúten,Baci,emb. 175 gr,"€5,99/un","€34,23/kg"
Bebida Vegetal de Amêndoa sem Glúten Biológica,Rude Health,emb. 250 ml,"€1,25/un","€5,00/lt"
Bebida Energética Gaseificada sem Açúcar,Red Bull,lata 25 cl,"€1,39/un","€5,56/lt"
Pancake + Protein Panquecas de Aveia com Proteína Pepitas de Chocolate Biológicas,Prozis,emb. 400 gr,"€11,99/un","€29,98/kg"
Mix Panquecas Proteicas,Cem Porcento,emb. 500 gr,"€3,69/un","€7,38/kg"
Pudim Zero% de Mirtilo,Condi,emb. 22 gr,"€0,89/un","€40,45/kg"
Queques Plumcake Yogo sem Glúten,Schär,emb. 6 x 33 gr,"€3,90/un","€19,70/kg"
Suplemento Alimentar Slim Rapid,Planta Natur,emb. 500 ml,"€10,85/un","€21,70/lt"
Bebida Isotónica Ice Storm Zero,Powerade,garrafa 50 cl,"€1,39/un","€2,78/lt"
Molho Picante Chipotle,Tabasco,emb. 60 ml,"€2,95/un","€49,17/lt"
Waffles sem Glúten,Schär,emb. 100 gr (4 unidades),"€4,24/un","€42,40/kg"
Drageias de Morango sem Açúcar,Smint,emb. 70 gr,"€3,69/un","€52,71/kg"
Cacau Cru em Pó Biológico,Origens Bio,emb. 100 gr,"€2,49/un","€24,90/kg"
Pastilhas Elásticas de Menta,True Gum,emb. 21 gr,"€1,99/un","€94,76/kg"
Termo Drena,Planta Natur,emb. 500 ml,"€10,85/un","€21,70/lt"
Chocolate em Pó 50% Cacau,Jerónimos,emb. 125 gr,"€1,29/un","€10,32/kg"
SOS Drenagem Mulher,Juvamine,emb. 500 ml,"€11,03/un","€22,06/lt"
Hambúrguer Clássico de Proteína Vegetal,Garden Gourmet,emb. 150 gr (2 un),"€3,19/un","€21,27/kg"
Pasta de Sésamo Biológica,Seara,emb. 230 gr,"€5,25/un","€22,83/kg"
Suplemento Alimentar Ultra Forte Beringela e Limão,Planta Natur,emb. 500 ml,"€10,25/un","€20,50/lt"
Vitamina D3,Prozis,120 cápsulas,"€9,99/un","€0,08/un"
Barra Crua Coco e Chia Biológica,Continente Bio,emb. 3 x 30 gr,"€2,59/un","€28,78/kg"
Pão com Linhaça Dourada e Chia Biológico,Mestemacher,emb. 350 gr,"€2,69/un","€7,69/kg"
Pudim +Proteína Baunilha,Continente,emb. 200 gr,"€1,14/un","€5,70/kg"
Farinha Culinária,Nacional,emb. 500 gr,"€2,46/un","€4,92/kg"
Muffins Chocolate sem Glúten,Continente,emb. 90 gr,"€1,19/un","€13,22/kg"
Ultra CLA L-Carnitina + Chá Verde,Planta Natur,emb. 30 un,"€9,65/un","€0,32/un"
Sazonador para Tacos,Old El Paso,emb. 25 gr,"€1,39/un","€55,60/kg"
Bebida Kombucha Coco Biológica,Continente Bio,garrafa 37 cl,"€1,79/un","€4,84/lt"
Creme Chocolate Branco e Coco sem Glúten,La Vida Vegan,emb. 270 gr,"€5,99/un","€22,19/kg"
Leite com Proteína Baunilha Biológico,Prozis,emb. 330 ml,"€2,19/un","€6,64/lt"
Vitamina D,Forma+,emb. 30 un,"€4,99/un","€4,99/un"
Palitos la Reine sem Glúten sem Lactose,Vicenzi,emb. 125 gr,"€3,34/un","€26,72/kg"
Bolachas Digestivas,Continente Equilíbrio,emb. 174 gr (6 un),"€1,69/un","€9,71/kg"
Açúcar de Coco Biológico,Seara,emb. 250 gr,"€4,67/un","€18,68/kg"
Gelatina Pronta + Proteína Frutos Vermelhos,Condi,emb. 400 gr (4 un),"€3,19/un","€7,98/kg"
Cereais Trigo Fibra Integral,Weetabix,emb. 430 gr,"€3,54/un","€8,23/kg"
Mini Bolas Proteicas Cook Dough,Origens Bio,emb. 3 x 12 gr,"€1,79/un","€49,72/kg"
Bebida Energética Framboesa sem Açúcar,Burn,garrafa 50 cl,"€0,88/un","€1,76/lt"
Açúcar de Coco Biológico,Origens Bio,emb. 250 gr,"€2,79/un","€11,16/kg"
Doce 4 Frutos sem Adição de Açúcar,Continente Equilíbrio,emb. 280 gr,"€2,85/un","€10,18/kg"
Adoçante Stevia Líquido,Canderel,emb. 50 ml,"€3,59/un","€71,80/lt"
Tablete de Chocolate Negro Excellence 99% Cacau,Lindt,emb. 50 gr,"€2,69/un","€53,80/kg"
Vinagre Balsâmico de Modena,Cristal,emb. 250 ml,"€2,51/un","€10,04/lt"
Granola Chocolate Biológica,Seara,emb. 300 gr,"€3,99/un","€13,30/kg"
Sais em Pó Efervescente de Laranja,Eno,emb. 10 x 5 gr,"€4,99/un","€99,80/kg"
Suplemento Alimentar Ultra Drenó-Volum,Planta Natur,emb. 500 ml,"€10,25/un","€20,50/lt"
Pizza Vegana,Revolugreen,emb. 455 gr,"€3,35/un","€3,35/un"
Bebida Vegetal de Amêndoa,Rude Health,emb. 1 lt,"€3,14/un","€3,14/lt"
Multivitaminas 50+,Planta Natur,emb. 30 un,"€7,05/un","€0,24/un"
Tablete de Chocolate Excellence 100% Cacau,Lindt,emb. 50 gr,"€2,84/un","€56,80/kg"
Papa Infantil Não Láctea Multicereais Solo +6M,Hero Baby,emb. 300 gr,"€2,39/un","€7,97/kg"
Pudim +Proteína Caramelo,Continente,emb. 200 gr,"€1,14/un","€5,70/un"
Flocos Trigo Sarraceno Biológicos,Diese,emb. 200 gr,"€2,69/un","€13,45/kg"
Pudim Zero% de Chocolate sem Glúten,Condi,emb. 27 gr,"€0,89/un","€32,96/kg"
Mistura de Falafel,Al'Fez,emb. 150 gr,"€2,89/un","€19,27/kg"
Nestlé Moments Tablete de Chocolate de Leite,Nestlé,emb. 90 gr,"€1,49/un","€16,56/kg"
Bombons de Chocolate com Licor e Cereja,Mon Chéri,emb. 315 gr,"€8,29/un","€26,32/kg"
Gelado Artesanal Vegan Pistácios,Green Dalate,emb. 350 ml,"€4,99/un",
Leite com Proteína Chocolate,Prozis,emb. 330 ml,"€2,19/un","€6,64/lt"
Puff de Trigo Biológico,Continente Bio,emb.150 gr,"€1,49/un","€9,93/kg"
Molho Teriyaki,Blue Dragon,emb. 120 gr,"€1,79/un","€14,92/kg"
Mousse Proteína Caramelo Salgado e Chocolate,Yopro,emb. 200 gr,"€2,19/un","€10,95/kg"
Bebida Vegetal de Amêndoa e Chocolate Biológica,Bjorg,emb. 1 lt,"€4,09/un","€4,09/lt"
Barra Energética Banana,Isostar,emb. 3 x 40 gr,"€6,78/un","€56,50/kg"
Pão Ancestral Biológico,Pachamama,emb. 400 gr,"€3,29/un","€8,23/kg"
Tablete de Chocolate 100% Cacau sem Glúten,Regina,emb. 100 gr,"€1,73/un","€17,30/kg"
Bolo Plum cake com Pepitas de Chocolate Sem Glúten,Airos,emb. 200 gr,"€3,29/un","€13,71/kg"
Pastilhas Elásticas de Gengibre e Açafrão,True Gum,emb. 21 gr,"€1,99/un","€94,76/kg"
Granola Integral Light,Salutem,emb. 400 gr,"€3,99/un","€9,98/kg"
Sopa de Cebola,Maggi,emb. 60 gr,"€1,49/un","€24,83/kg"
Drageias de Peppermint sem Açúcar,Smint,emb. 8 gr,"€1,39/un","€173,75/kg"
Pão com Amaranto e Quinoa Biológico,Mestemacher,emb. 350 gr,"€2,69/un","€7,69/kg"
Pão Proteico Low Carb Biológico,Pachamama,emb. 300 gr,"€3,29/un","€10,97/kg"
Tablete de Chocolate Negro 90% Cacau Biológico,Cem Porcento,emb. 100 gr,"€2,54/un","€25,40/kg"
Salada Ibérica Biológica,Vitacress,emb. 100 gr,"€2,49/un","€24,90/kg"
Manteiga de Cacau e Avelã Biológica,Seara,emb. 200 gr,"€4,69/un","€23,45/kg"
Snack de Chocolate de Leite com Nougat Mel e Amêndoa,Toblerone,emb. 35 gr,"€0,89/un","€25,43/kg"
Massa de Arroz Integral,Dalla Costa,emb. 270 gr,"€2,59/un","€10,36/kg"
Aveia Instantânea em Pó Bolacha,Prozis,emb. 1250 gr,"€7,99/un","€6,39/kg"
Super Pequeno Almoço Curcuma e Sementes de Abóbora Biológico,Origens Bio,emb. 300 gr,"€4,79/un","€15,97/kg"
Bombons de Chocolate de Leite,Merci,emb. 250 gr,"€4,69/un","€18,76/kg"
Suplemento Alimentar Slim Rapid,Planta Natur,emb. 30 un,"€9,19/un","€0,31/un"
Super Papas Aveia Chia e Amendoim sem Glúten Biológico,Shine,emb. 50 gr,"€1,89/un","€37,80/kg"
Vitamina C Efervescente,Planta Natur,20 un,"€5,19/un","€0,26/un"
Whey Choco Butter,Prozis,emb. 200 gr,"€3,99/un","€19,95/kg"
Gelatina Pronta Banana Proteína,Condi,emb. 80 gr,"€3,14/un","€39,25/kg"
Drageias de Chocolate com Amendoim,M&M's,emb. 45 gr,"€1,05/un","€23,33/kg"
Hambúrguer Deluxe de Proteína Vegetal,Garden Gourmet,emb. 180 gr (4 un),"€3,19/un","€17,72/kg"
L-Carnitine 2000 Limão,Prozis,emb. 10 un,"€8,99/un","€0,90/un"
Mostarda em Pó,Colman's,emb. 113 gr,"€5,78/un","€51,15/kg"
Vitamina D3 + C + Zinco,Mais Saudável,emb. 60 un,"€8,14/un","€0,14/un"
Adoçante com Stevia,Canderel,emb. 40 gr,"€3,19/un","€79,75/kg"
Tablete Chocolate com Avelãs,Regina,emb. 200 gr,"€2,99/un","€14,95/kg"
Super Pequeno Almoço Avelã e Alfarroba Biológico,Origens Bio,emb. 300 gr,"€4,79/un","€15,97/kg"
Drageias de Menta sem Açúcar,Smint,emb. 8 gr,"€1,39/un","€173,75/kg"
Vitamina C + Zinco,Planta Natur,emb. 20 un,"€5,68/un","€0,28/un"
Barra Endurance Salt Bar Chocolate e Avelã,Gold Nutrition,emb. 40 gr,"€1,89/un","€47,25/kg"
Barra Low Sugar Salted Chocolate,Gold Nutrition,emb. 30 gr,"€1,89/un","€63,00/kg"
Massa de Lentilhas Vermelhas,Dalla Costa,emb. 250 gr,"€3,09/un","€12,36/kg"
Bolachas Cookies Extra Choco Rings,Chips Ahoy,emb. 176 gr,"€2,59/un","€14,72/kg"
Sais em Pó Efervescente de Laranja,Eno,emb. 150 gr,"€6,89/un","€45,93/kg"
Biscoitos de Maçã e Canela Sem Adição de Açúcar,Diese,emb. 250 gr,"€3,39/un","€13,56/kg"
Snack de Chocolate com Manteiga de Amendoim,Reeses,emb. 42 gr,"€0,79/un","€18,81/kg"
Vitamina B12,Prozis,emb. 16 un,"€7,99/un","€0,13/un"
Bebida Vegetal de Soja com Chocolate Proteína,Shoyce,emb. 200 ml,"€0,92/un","€4,60/lt"
Vuna de Proteína Vegetal,Garden Gourmet,emb. 175 gr,"€5,49/un","€31,37/kg"
Tablete de Chocolate com Bolacha,Crunch,emb. 100 gr,"€1,39/un","€13,90/kg"
Cacau em Pepitas Biológico,Origens Bio,emb. 100 gr,"€3,99/un","€39,90/kg"
100% Salicórnia Moída,Qampo,emb. 45 gr,"€6,99/un","€155,33/kg"
Farinha de Amêndoa,Seara,emb. 200 gr,"€7,49/un","€37,45/kg"
Barra Energética Cranberry,Isostar,emb. 3 x 40 gr,"€6,78/un","€56,50/kg"
Tofu Natural Biológico,Cem Porcento,emb. 350 gr,"€2,99/un","€8,54/kg"
"Trigo, Tomate e Manjericão",Natura,emb. 250 gr,"€1,99/un","€7,96/kg"
Muesli Crunchy Chocolate e Avelãs com Stevia,Continente Equilíbrio,emb. 300 gr,"€2,39/un","€7,97/kg"
Batido Proteico Zero Baunilha,Prozis,emb. 250 ml,"€1,69/un","€6,76/lt"
Queijo Creme Biológico,Quescrem,emb. 200 gr,"€2,49/un","€12,45/kg"
Bebida Vegetal de Amêndoa sem Açúcar Biológica,Bjorg,emb. 1 lt,"€3,35/un","€3,35/lt"
Cereais Corn Flakes sem Glúten,Schär,emb. 250 gr,"€3,05/un","€12,20/kg"
Pimenta Preta Moída Biológica,Margão,emb. 43 gr,"€3,49/un","€81,16/kg"
Bolachas Caramelizadas,Lotus,emb. 250 gr,"€1,69/un","€6,76/kg"
Bebida Energética Pêssego sem Açúcar,Burn,garrafa 50 cl,"€0,88/un","€1,76/lt"
Super Articulações,Planta Natur,emb. 30 un,"€6,49/un","€0,22/un"
Aveia Ready to Go Mix Sabor Cookies,Gold Nutrition,emb. 500 gr,"€4,99/un","€9,98/kg"
Cerveja com Álcool Biológica,Riedenburger,garrafa 33 cl,"€2,99/un","€9,06/lt"
Manteiga de Amendoim com Coco Biológica,Continente Bio,emb. 225 gr,"€3,39/un","€15,07/kg"
Aveia Protein Nutchoc,Prozis,emb. 400 gr,"€7,99/un","€19,98/kg"
Leite com Proteína Morango,Prozis,emb. 330 ml,"€2,19/un","€6,64/lt"
Colestrol Cápsulas,Forma+,emb. 30 un,"€6,99/un","€0,23/un"
Molho Vinagrete,Gallo,emb. 10 x 20 ml,"€4,99/un","€24,95/lt"
Suplemento Alimentar Super Homen,Planta Natur,emb. 30 un,"€8,35/un","€0,28/un"
Suplemento Alimentar Multivitaminas Mulher,Planta Natur,emb. 30 un,"€7,05/un","€0,24/un"
Molho Chutney de Manga e Gengibre em Vidro,Khanum,emb. 350 gr,"€3,74/un","€10,69/kg"
Cereais Zimmy Canela,Kellogg's,emb. 330 gr,"€2,49/un","€7,55/kg"
Drageias Gorila Go Fresh sem Açúcar Spearmint,Gorila,emb. 20 gr,"€0,69/un","€34,50/un"
Massa Instantânea Chinesa Ezy Cook,Koka,emb. 375 gr,"€2,63/un","€7,01/kg"
Suplemento Alimentar Ultra Magnésio + B6,Planta Natur,emb. 30 un,"€5,59/un","€0,19/un"
Pudim Zero% Flan sem Glúten,Condi,emb. 14 gr,"€1,69/un","€120,71/kg"
Café Verde Guaraná Emagrecimento,Cellislim,emb. 16 un,"€8,12/un","€0,51/un"
Suplemento Vitamina D-3,Zumub,emb. 120 cápsulas,"€3,99/un","€0,03/un"
Trigo Sarraceno,Seara,emb. 500 gr,"€3,19/un","€6,38/kg"
Contemporal Vegan Regional Alentejano Vinho Branco,Contemporal,garrafa 75 cl,"€3,49/un","€4,65/lt"
Suplemento Calcium+Magnesium,Zumub,emb.90 cápsulas,"€5,59/un","€0,09/un"
Bombons de Chocolate Praliné,Milka,emb. 110 gr,"€4,59/un","€41,73/kg"
Super Melatonina,Planta Natur,emb. 30 un,"€7,19/un","€0,24/un"
Massa Instantânea de Arroz Baixo em Gordura,Koka,emb. 330 gr,"€2,68/un","€8,12/kg"
"Snack de Chocolate de Leite com Nougat, Mel e Amêndoa",Toblerone,emb. 200 gr,"€4,49/un","€22,45/kg"
"Whey Protein Oatmeal Maçã, Canela e Baunilha",Gold Nutrition,emb. 300 gr,"€7,99/un","€26,63/kg"
Pimento Biológico,Continente Bio,emb. 300 gr,"€1,49/un","€4,97/kg"
Creme Chocolate e Avelãs sem Glúten,La Vida Vegan,emb. 270 gr,"€5,99/un","€22,19/kg"
Mix 3 Farinhas,Bjorg,emb. 500 gr,"€4,69/un","€9,38/kg"
Tablete de Chocolate Negro 70% Cacau sem Glúten,Cem Porcento,emb. 100 gr,"€2,44/un","€24,40/kg"
Bebida Vegetal de Caju,Rude Health,emb. 1 lt,"€3,14/un","€3,14/lt"
Quinoa Branca,Origens Bio,emb. 250 gr,"€2,99/un","€11,96/kg"
Super Papas Aveia Cacau e Avelã sem Glúten Biológicas,Shine,emb. 50 gr,"€1,89/un","€37,80/kg"
"Omega 3, 6 e 9",Forma+,emb. 40 un,"€5,99/un","€96,61/kg"
Colagénio + Ácido Hialurónico,Forma+,emb. 30 un,"€5,99/un","€5,99/un"
Garam Masala em Lata,Khanum,emb. 100 gr,"€3,49/un","€34,90/kg"
Cápsulas de Descafeinado Int 5,Continente Bio,emb. 16 un,"€3,99/un","€0,25/un"
Snack Bites Cacau,Bites Freeness,emb. 35 gr,"€1,99/un","€56,86/kg"
Pó Efervescente Tradicional,Eno,emb. 10 x 5 gr,"€4,99/un","€99,80/kg"
Aveia Integral Instantânea em Pó,Prozis,emb. 1250 gr,"€5,99/un","€4,79/kg"
Ultra Pau de Cabinda,Planta Natur,emb. 30 un,"€7,45/un","€0,25/un"
Farinha de Coco,Seara,emb. 250 gr,"€1,99/un","€7,96/kg"
Pasta Wasabi,Blue Dragon,emb. 45 gr,"€4,19/un","€93,11/kg"
Bombons de Chocolate de Leite e Nougat de Avelã,Nestlé,emb. 90 gr,"€4,29/un","€47,67/kg"
Quinoa e Lentilhas ao Estilo Mexicano,Natura,emb. 250 gr,"€1,99/un","€7,96/kg"
Gelatina em Pó de Frutos Vermelhos Proteína,Condi,emb. 80 gr,"€3,14/un","€3,93/kg"
Farinha de Alfarroba,Seara,emb. 250 gr,"€2,99/un","€11,96/kg"
Sabores do Mediterrâneo,Natura,emb. 250 gr,"€1,99/un","€7,96/kg"
Salsichas de Soja,Cem Porcento,emb. 390 gr,"€4,69/un","€12,03/kg"
Barra Proteica Gourmet Chocolate E Avelã,Prozis,emb.80 gr,"€1,89/un","€23,63/kg"
Bebida Isotónica Cool Blue,Gatorade,garrafa 50 cl,"€1,39/un","€2,78/lt"
Preparado para Batido de Coco e Amêndoa,Mondays,emb. 125 gr,"€3,50/un","€28,00/kg"
Soda Artesanal Limão e Mate Biológica,WhyNot,garrafa 33 cl,"€1,89/un","€5,73/lt"
Kit para Tacos,Old El Paso,emb. 273 gr,"€4,99/un","€15,94/kg"
Aveia Instantânea em Pó Natural Biológico,Prozis,emb. 1250 gr,"€3,99/un","€3,19/kg"
Suplemento Vitamina C 1000 MG,Zumub,emb. 50 cápsulas,"€3,99/un","€0,08/un"
Molho HP The Original,Squeezy,emb. 225 gr,"€3,59/un","€15,96/kg"
Pasta de Fruta Morango,Isostar,emb. 10 x 10 gr,"€5,36/un","€53,60/kg"
"Ómega 3, 6 e 9",Planta Natur,emb. 30 un,"€5,39/un","€0,18/un"
Colagénio,Forma+,emb. 90 gr,"€6,99/un","€0,35/un"
Infusão Drenante Activo,Juvamine,emb. 20 un,"€4,44/un","€0,22/un"
Bolo Plum Cake de Cacau sem glúten,Airos,emb. 240 gr,"€2,79/un","€11,63/kg"
Molho Mil Ilhas Salatfix,Kühne,emb. 250 ml,"€2,15/un","€8,60/lt"
Molho Piri-piri Sacana Ai-Ai,Paladin,emb. 75 ml,"€3,09/un","€41,20/lt"
Levedura Cerveja Flocos,Cem Porcento,emb. 100 gr,"€3,99/un","€39,90/kg"
Snack Bites Maçã e Canela,Bites Freeness,emb. 35 gr,"€1,99/un","€56,86/kg"
Bebida Isotónica Limão,Isostar,garrafa 50 cl,"€1,71/un","€3,42/lt"
Suplemento Alimentar Forma Multivitaminas A-Z Cápsulas,Forma+,emb. 30 un,"€5,99/un","€8,12/kg"
Tâmara Medjool Biológica,Origens Bio,emb. 200 gr,"€5,99/un","€29,95/kg"
Flocos Aveia Pequenos,Prozis,emb. 500 gr,"€1,49/un","€2,98/kg"
Suplemento Alimentar Cubolax Frutos e Fibra,Forma+,emb. 8 un,"€4,99/un","€4,99/un"
Bolachas Diet Fibra Integrais,Gullón,emb. 250 gr,"€2,49/un","€9,96/kg"
Bases Super Finas para Pizza,Prozis,emb. 4 un,"€2,28/un","€2,28/un"
Pão Aveia e Sementes Biológico,Pachamama,emb. 300 gr,"€3,29/un","€10,97/kg"
Tiras de Coco Biológicas,Continente Bio,emb. 100 gr,"€1,19/un","€11,90/kg"
Suplemento Alimentar Extra Barriguinha,Planta Natur,emb. 30 un,"€5,19/un","€0,17/un"
"Barra Proteica Tenebrio, Figo e Laranja Mealworm Bites",Portugal Bugs,emb. 35 gr,"€1,64/un","€46,86/kg"
Xilitol Biológico,Seara,emb. 250 gr,"€5,49/un","€21,96/un"
Suplemento Alimentar Super Ginseng,Planta Natur,emb. 30 un,"€5,59/un","€0,19/un"
Folha de Arroz,Blue Dragon,emb. 134 gr,"€3,19/un","€23,81/kg"
Forma Cabelo Unhas Cápsulas,Forma+,emb. 30 un,"€4,89/un","€257,37/kg"
Pão Espelta Integral Curcuma e Pimenta Preta,Pachamama,emb. 450 gr,"€3,29/un","€7,31/kg"
"Barra Proteica Tenebrio, Chocolate e Amêndoa Mealworm Bites",Portugal Bugs,emb. 35 gr,"€1,64/un","€46,86/kg"
Drageias Gorila Go Fruity sem Açúcar Morango,Gorila,emb. 20 gr,"€0,69/un","€34,50/un"
Aveia Ready to Go Mix Sabor de Brownie,Gold Nutrition,emb. 500 gr,"€4,99/un","€9,98/kg"
Molho Chutney de Manga em Vidro,Sharwoods,emb. 227 gr,"€4,99/un","€21,98/kg"
Pastilhas Elásticas de Bubblemint sem Açúcar,Orbit,emb. 16 gr,"€0,89/un","€55,63/kg"
Preparado para Batido de Frutos Vermelhos,Mondays,emb. 125 gr,"€3,50/un","€28,00/kg"
Preparado para Batido de Limão e Gengibre,Mondays,emb. 125 gr,"€3,50/un","€28,00/kg"
Snack de Chocolate com Amendoim e Caramelo,Snickers,emb. 2 x 40 gr,"€1,59/un","€19,88/kg"
Spirulina em Pó Biológica,Shine,emb. 100 gr,"€5,99/un","€59,90/kg"
Snack Tenebrio Molitor Desidratado com Sabor a Pimenta,Portugal Bugs,emb. 15 gr,"€4,49/un","€299,33/kg"
Forma Magnésio Saquetas,Forma+,emb. 10 un,"€3,99/un","€53,20/kg"
Snack Tenebrio Molitor Desidratado com Sal Marinho,Portugal Bugs,emb. 15 gr,"€4,49/un","€299,33/kg"
Folhas Algas Sushi Nori,Blue Dragon,emb. 11 gr,"€2,99/un","€271,82/kg"
Tablete de Chocolate Negro com Caju e Amêndoas,Côte D'Or,emb. 180 gr,"€3,29/un","€18,28/kg"
Barra Proteica Tenebrio e Manteiga de Amendoim Mealworm Bites,Portugal Bugs,emb. 35 gr,"€1,64/un","€46,86/kg"
Maca em Pó Biológica,Shine,emb. 100 gr,"€4,05/un","€40,50/kg"
Suplemento Alimentar Drenactiv Solúvel,Forma+,emb. 10 un,"€3,59/un","€0,36/un"
Snack de Chocolate de Leite,Kinder,emb. 50 gr,"€1,14/un","€22,80/kg"
Cápsulas de Sopa de Cogumelos Compatível com Dolce Gusto,Space Food,emb. 5 un,"€2,99/un","€42,71/kg"
Bolachas Caramelizadas,Lotus,emb. 124 gr,"€0,99/un","€7,98/kg"
Bombons de Chocolate Caixa Image Line,Hamlet,emb. 100 gr,"€5,39/un","€53,90/kg"
Cerveja com Álcool sem Glúten Biológica,Riedenburger,garrafa 33 cl,"€2,49/un","€7,55/lt"
"Barra Proteica Tenebrio, Maçã e Canela Mealworm Bites",Portugal Bugs,emb. 35 gr,"€1,64/un","€46,86/kg"
Forma Ventre Liso Saquetas,Forma+,emb. 10 un,"€2,99/un","€0,30/un"
Água Vitaminada Funcional Pêssego Branco,Sunlover,emb. 50 cl (2 un),"€3,20/un","€6,40/lt"
Tablete de Chocolate 70% Cacau,Lacasa,emb. 25 gr,"€0,74/un","€29,60/kg"
Fibra Psílio Biológico,Seara,emb. 100 gr,"€3,49/un","€34,90/un"
Bebida Aloé Vera Com Polpa,Continente Bio,emb. 1 lt,"€4,59/un","€4,59/lt"
Ultra Cardo Mariano,Planta Natur,emb. 30 un,"€6,59/un","€0,22/un"
Empanadilha Espinafres e Queijo,Veggis,emb. 330 gr (2 un),"€3,19/un","€9,67/kg"
Muesli Proteína Biológico,Bjorg,emb. 375 gr,"€4,99/un","€13,31/kg"
Preparado para Batido de Café,Mondays,emb. 125 gr,"€3,50/un","€28,00/kg"
Gold Drink Laranja,Gold Nutrition,emb. 500 gr,"€8,49/un","€16,98/kg"
Yofu Soja Ananás e Maracujá sem Açúcar,Alpro,emb. 135 gr,"€0,94/un","€6,96/kg"
Iogurte Líquido Proteína Pro+ Caramelo,Lindahls,emb. 330 ml,"€1,89/un","€5,73/kg"
Bolachas com Cobertura Chocolate Argolas,Gullón,emb. 150 gr,"€1,44/un","€9,60/kg"
Bolachas Crackers Sementes e Azeite,Love Seed,emb. 185 gr,"€1,94/un","€10,78/kg"
Almôndega de Beterraba,,Quant. Mínima = 140 gr (4 un),"€0,79/un","€22,57/kg"
Pudim de Chocolate Rico em Proteína,Premyer,emb. 200 gr,"€0,99/un","€4,95/kg"
Bebida Energética Ultra Watermelon,Monster,lata 50 cl,"€1,60/un","€3,20/lt"
Iogurte Skyr Pouch Morango +Proteína,Continente,emb. 400 gr (4 un),"€2,19/un","€5,48/kg"
Doce de Abóbora Biológico,Prisca,emb. 250 gr,"€3,75/un","€15,00/kg"
Massa Macarronete Penne com Alga Kombu,Milaneza,emb. 300 gr,"€2,99/un","€9,97/kg"
Bebida Vegetal de Aveia Light Sabor a Leite,Alpro,emb. 1 lt,"€2,39/un","€2,39/lt"
Yofu Bifidus Natural,Sojasun,emb. 250 gr,"€1,69/un","€6,76/kg"
Suplemento Alimentar Maçã,Mais Saudável,emb. 60 un,"€9,14/un","€0,15/un"
Alga Kombu Fresca Biológica,Wissi,emb. 75 gr,"€2,99/un","€39,87/kg"
Vegegurte Coco com Morango,Continente,emb. 240 gr (2 un),"€1,39/un","€5,79/kg"
Bebida Vegetal de Amêndoa 0%,Continente Equilíbrio,emb. 3 x 200 ml,"€1,69/un","€2,82/lt"
Seitan Vegetal Biológico,Cem Porcento,emb. 300 gr,"€2,89/un","€9,63/kg"
Salada César Biológica,Sun&Vegs,emb. 185 gr,"€2,99/un","€16,16/kg"
Bolachas Sem Açúcar,Prozis,emb. 170 gr (5 un),"€2,99/un","€17,59/kg"
Iogurte Líquido Fruta Exótica Sem Lactose,Mimosa,emb. 906 gr (6 un),"€2,09/un","€3,46/kg"
Bebida Isotónica em Pó Fresh,Isostar,emb. 400 gr,"€12,05/un","€30,13/kg"
Mix Proteínas Cacau Vegan Biológico,Shine,emb. 250 gr,"€9,99/un","€39,96/kg"
Suplemento Omega 3,Zumub,emb. 90 cápsulas,"€4,79/un","€0,05/un"
Leite UHT Magro sem Lactose,Continente,emb. 1l,"€0,99/un","€0,99/lt"
Bombons de Chocolate de Caramelo com Chocolate e Avelã,Toffiffe,emb. 125 gr,"€3,85/un","€30,80/kg"
Bolachas Marinhas Sem Sal Biológicas,Salutem,emb. 200 gr,"€2,79/un","€13,95/kg"
Bebida Vegetal de Aveia Alto Teor Proteína,Joya,emb. 1 lt,"€1,99/un","€1,99/lt"
Bombons de Chocolate Schoko-Bons,Kinder,emb. 125 gr,"€2,99/un","€23,92/kg"
Cogumelo Marron Biológico,Continente Bio,emb. 150 gr,"€1,99/un","€13,27/kg"
Suplemento Alimentar Collagen Creamer Sabor Coco,Vital Proteins,emb. 293 gr,"€34,99/un","€119,42/kg"
Sopa 100% Tomate Toscana,Knorr,emb. 58 gr,"€2,57/un","€44,31/kg"
Pudim de Avelã Rico em Proteína,Premyer,emb. 200 gr,"€0,99/un","€4,95/kg"
Iogurte Proteína Morango,Yopro,emb. 160 gr,"€1,09/un","€6,81/kg"
Chá Golden,Sobba,emb. 100 gr,"€7,36/un","€73,60/kg"
Iogurte Skyr Natural sem Lactose,Continente,emb. 400 gr,"€1,49/un","€3,73/kg"
Vegegurte Amêndoa com Frutos Vermelhos,Continente,emb. 240 gr (2 un),"€1,49/un","€6,21/kg"
Tagliatelle Fresco Biológico,Casa Milo,emb. 250 gr,"€2,19/un","€2,19/un"
Bifes de Porco Biológico,Bio360,emb. 250 gr,"€3,89/un","€15,56/kg"
Tablete de Chocolate Culinária Avelã,Pantagruel,emb. 200 gr,"€2,99/un","€14,95/kg"
Iogurte Líquido Proteína Pêssego e Maracujá,Yopro,emb. 300 gr,"€1,89/un","€6,30/kg"
Super Pequeno Almoço Proteico Sport sem Glúten Biológico,Origens Bio,emb. 300 gr,"€4,30/un","€14,33/kg"
Sumo Ananás Biológico,Delizum,emb. 1 lt,"€3,99/un","€3,99/lt"
Sumo Maçã Biológico,Delizum,emb. 20 cl,"€1,29/un","€6,45/lt"
Pão Baguete Mini sem Glúten,Schär,emb. 2 x 75 gr,"€2,64/un","€17,60/kg"
Filete de Atum em Azeite Biológico,Minerva,emb. 120 gr (peso escorrido 78 gr),"€2,59/un","€33,21/kg"
Queijo Flamengo Light Fatiado,Agros,emb. 170 gr,"€2,29/un","€13,47/kg"
Pudding Proteico Manteiga de Amendoim,Lindahls,emb. 150 gr,"€1,49/un","€9,93/kg"
Maçã Gala Biológica,Continente Bio,emb. 500 gr,"€1,99/un","€3,98/kg"
Suplemento Thermogenic,Gold Nutrition,emb. 60 un,"€11,99/un","€0,20/un"
Espalmado de Cenoura,,Quant. Mínima = 200 gr (2 un),"€1,19/un","€11,90/kg"
Bolas Energéticas Cacau e Avelã,Way Up,emb. 34 gr,"€0,99/un","€29,12/kg"
Bombons de Chocolate Negro Nuxor,Lindt,emb. 165 gr,"€6,49/un","€39,33/kg"
Pizza Vegetariana,Continente Fácil & Bom,emb. 400 gr,"€2,49/un","€6,23/kg"
Nuggets Vegan de Proteína Vegetal,Nestlé Garden Gourmet,emb. 300 gr,"€4,99/un","€16,63/kg"
Orégãos Folha em Frasco Biológicos,Margão,emb. 8 gr,"€2,39/un","€298,75/kg"
Barra Proteína Bolacha,Way Up,emb. 45 gr,"€1,09/un","€21,80/kg"
Iogurte Pedaços Ananás 0%,Continente Equilíbrio,emb. 500 gr (4 un),"€1,69/un","€3,38/kg"
"Sumo Maçã, Morango, Amora e Mirtilo Bio",Compal Bio,emb. 1 lt,"€2,99/un","€2,99/lt"
Barra Proteica Chocolate,EU Nutrition,emb. 0.55 gr,"€2,39/un","€43,45/kg"
Suplemento em Pó Desincoffe Sabor Caramelo e Flor de Sal,Desinchá,emb. 220 gr,"€36,99/un","€168,14/kg"
Maritávora Grande Reserva DOC Douro Vinho Branco,Maritávora,garrafa 75 cl,"€33,50/un","€44,67/lt"
Tortilha Wrap Amaizin Biológica,Seara,emb. 240 gr,"€2,89/un","€12,04/kg"
Iogurte Líquido Pinacolada,Yopro,emb. 300 gr,"€1,89/un","€6,30/kg"
Bebida Vegetal de Aveia sem Glúten Biológica,Provida,emb. 1 lt,"€1,89/un","€1,89/lt"
Iogurte Líquido Natural Açucarado sem Lactose,Continente,emb 680 gr (4 un),"€1,40/un","€2,06/kg"
Massa Esparguete,Lamolisana,emb. 500 gr,"€1,59/un","€3,18/kg"
Pudim Flan com Ovo sem Lactose,Reina,emb. 400 gr (4 un),"€2,19/un","€5,48/kg"
Molho Tempero Líquido 100% Vegetal,Maggi,emb. 125 gr,"€2,79/un","€22,32/kg"
Mix Salicórnia para Massas,Qampo,emb. 50 gr,"€5,49/un","€109,80/kg"
Suplemento L-Carnitina,Way Up,emb. 15 un,"€8,99/un","€0,60/m"
Suplemento de Colagénio,Way Up,emb. 300 gr,"€5,99/un","€19,97/kg"
Bolacha Aveia Sem Glúten,Gullón,emb. 220 gr (5 un),"€2,69/un","€12,23/kg"
Barra Proteína Chocolate,Way Up,emb. 45 gr,"€1,09/un","€21,80/kg"
O Gelado Morango Vegan,,emb. 460 ml,"€7,80/un","€16,96/lt"
Leite UHT Magro Cálcio,Mimosa,emb. 1 lt,"€1,09/un","€1,09/lt"
Bioma DOC Douro Vinho Tinto,Niepoort,garrafa 75 cl,"€17,40/un","€23,20/lt"
Leite UHT Magro,Matinal,emb. 1 lt,"€0,98/un","€0,98/lt"
Pudding Proteico Caramelo,Lindahls,emb. 150 gr,"€1,49/un","€9,93/kg"
Vegegurte Amêndoa com Pêssego e Maracujá,Continente,emb. 240 gr (2 un),"€1,49/un","€6,21/kg"
Tiras de Proteína Vegetal,Nestlé Garden Gourmet,emb. 160 gr,"€3,99/un","€24,94/kg"
Leite de Coco Light,Jerónimos,emb. 400 ml,"€2,75/un","€6,88/lt"
Falafel com Grão-de-Bico e Salsa,Gosh!,emb. 200 gr,"€3,99/un","€19,95/kg"
Tablete de Chocolate de Leite Redução de Açúcar,Regina,emb. 3 x 20 gr,"€1,38/un","€23,00/kg"
Leite UHT Magro Pastagem Açores,Nova Açores,emb. 1 lt,"€0,89/un","€0,89/lt"
Pão Rústico sem Glúten,Do Forno,emb. 400 gr,"€4,19/un","€10,48/kg"
Suplemento Lipo Drena Fit,EU Nutrition,emb. 500 ml,"€18,99/un","€37,98/lt"
Mix Salicórnia para Peixe,Qampo,emb. 50 gr,"€5,49/un","€109,80/kg"
Vegegurte Coco Natural,Continente,emb. 240 gr (2 un),"€1,39/un","€5,79/kg"
Vegegurte Aveia e Baunilha Bourbon Biológico,Berief,emb. 150 gr,"€1,15/un","€7,67/kg"
Iogurte Kéfir Natural,Nestlé,emb. 150 gr,"€0,89/un","€5,93/kg"
Maçã Ácida Biológica,Frutta Nature,emb. 40 gr,"€2,39/un","€59,75/kg"
Monte Velho Regional Alentejano Biológico Vinho Tinto,Monte Velho,Garrafa 75 cl,"€5,99/un","€7,99/lt"
Ralado Sabor Mozzarella,Violife,emb. 200 gr,"€3,99/un","€19,95/kg"
Proteína Fast Recovery Laranja,Gold Nutrition,emb. 600 gr,"€21,67/un","€36,12/kg"
Especialidade Cocktail Soja Vegalia,Nobre Vegalia,emb. 597 gr (peso escorrido 190 gr),"€2,79/un","€14,68/kg"
Bolachas Crackers Grão de Bico e Linhaça,Love Seed,emb. 185 gr,"€2,54/un","€13,73/kg"
Yofu Soja Frutos Vermelhos sem Açúcar,Alpro,emb. 135 gr,"€0,94/un","€6,96/kg"
Bombons de Chocolate Assortiti,Baci,emb. 175 gr,"€5,99/un","€34,23/kg"
Bombons de Chocolate Lindor Cornet Branco,Lindt,emb. 200 gr,"€6,39/un","€31,95/kg"
Leite UHT Magro sem Lactose,Gresso,emb. 1 lt,"€1,19/un","€1,19/lt"
Sopa de Massa e Lentilhas,Knorr,emb. 155 gr,"€2,99/un","€19,29/kg"
Hambúrguer de Beterraba,Gosh!,emb. 250 gr (2 un),"€3,99/un","€15,96/kg"
Iogurte Pedaços Magro Frutos Vermelhos sem Lactose,Continente,emb. 500 gr (4 un),"€1,89/un","€0,47/un"
"Falafel de Batata Doce com Pimento Vermelho, Cominhos e Chili",Gosh!,emb. 200 gr,"€3,99/un","€19,95/kg"
Leite UHT Magro Pastagem Açores Biológico,Milhafre,emb. 1 lt,"€0,89/un","€0,89/un"
Yofu Grego Natural,Sojasun,emb. 500 gr (4 un),"€3,19/un","€6,38/kg"
Iogurte +Proteína Stracciatella,Continente,emb. 180 gr,"€0,89/un","€4,94/kg"
Barra de Cereais Chocolate Negro,Nacional,emb. 6 x 21 gr,"€1,79/un","€14,21/kg"
Manteiga de Amendoim,Not Guilty,emb. 200 gr,"€3,49/un","€17,45/kg"
Iogurte Líquido +Proteína Morango,Continente,emb. 280 gr,"€0,99/un","€3,54/kg"
Barra Crua Caramelo Salgado,Nakd,emb. 4 x 35 gr,"€3,79/un","€27,07/kg"
O Gelado Chocolate e Amêndoa Vegan,,emb. 460 ml,"€7,80/un","€16,96/lt"
Tâmara Biológica,Continente Bio,emb. 150 gr,"€1,59/un","€10,60/kg"
Suplemento Multivitamínico,Way Up,emb. 100 un,"€5,99/un",
Couve Branca Biológica,Continente Bio,emb. 700 gr,"€2,69/un","€3,84/kg"
Suplemento Ómega-3,Prozis,emb. 90 un,"€7,99/un","€0,09/un"
Kiwi Biológico,Zespri,emb. 500 gr,"€2,99/un","€5,98/kg"
Bombons de Chocolate Recheados Sortidos,Regina,emb. 100 gr,"€4,29/un","€42,90/kg"
Trufas de Cacau,Bem Me Quer,emb. 200 gr,"€1,49/un","€7,45/kg"
Bombons de Chocolate Recheados e Sortidos,Regina,emb. 200 gr,"€6,29/un","€31,45/kg"
Pudim de Baunilha Rico em Proteína,Premyer,emb. 200 gr,"€0,99/un","€4,95/kg"
Leite Magro com Coco sem Lactose,Mimosa,emb. 1 lt,"€1,69/un","€1,69/lt"
Pizza de Legumes Assados e Queijo Vegetariana,Nobre Vegalia,emb. 360 gr,"€3,49/un","€9,69/kg"
Suplemento L-Carnitine 750 MG Cápsulas,Gold Nutrition,emb. 60 un,"€15,29/un","€0,25/un"
Bebida Vegetal de Soja 0%,Continente Equilíbrio,emb. 1 lt,"€1,09/un","€1,09/lt"
Salmão Fumado 30% Menos Sal,Continente,emb. 80 gr,"€3,99/un","€49,88/kg"
Iogurte +Proteína Mirtilo,Continente,emb. 180 gr,"€0,89/un","€4,94/kg"
Tablete de Chocolate Negro,Toblerone,emb. 360 gr,"€7,49/un","€20,81/kg"
Fantasias de Chocolate Mercearia,Regina,emb. 112 gr,"€2,79/un","€24,91/kg"
Iogurte Líquido Cremoso Magro Laranja e Limão,Mimosa,emb. 604 gr (4 un),"€2,69/un","€4,45/kg"
Bifes de Soja Natural,Cem Porcento,emb. 150 gr,"€4,49/un","€17,96/kg"
Pão Fatiado Trigo Sarraceno sem Glúten Biológico,Schnitzer,emb. 250 gr,"€3,49/un","€13,96/kg"
Bebida Isotónica Ice Storm,Powerade,emb. 50 cl,"€1,39/un","€2,78/lt"
Juvé Y Camps Reserva Família Espumante Cava Bruto Branco,Juvé y Camps,garrafa 75 cl,"€16,90/un","€22,53/lt"
Bebida Aloé Vera com Maçã,Continente Bio,emb. 1 lt,"€4,49/un","€4,49/lt"
Bebida Aloé Vera com Manga,Continente Bio,emb. 1 lt,"€4,59/un","€4,59/lt"
Tempeh Refrigerado Biológico,Seara,emb. 250 gr,"€3,59/un","€14,36/kg"
Gold Drink Limão,Gold Nutrition,emb. 500 gr,"€8,49/un","€16,98/kg"
Chá Clássico,Sobba,emb. 100 gr,"€7,36/un","€73,60/kg"
Espalmado de Beterraba,,Quant. Mínima = 200 gr (2 un),"€1,19/un","€11,90/kg"
Bebida Vegetal Aveia Cálcio,Joya,emb. 1 lt,"€2,15/un","€2,15/lt"
Iogurte Líquido Cremoso Magro Pêssego e Maracujá,Mimosa,emb. 604 gr (4 un),"€2,69/un","€4,45/kg"
Bebida Isotónica em Pó de Laranja,Isostar,emb. 400 gr,"€12,05/un","€30,13/kg"
Waffles Natural Biológico,Latour,"emb. 42,5 gr","€1,39/un","€1,39/un"
Suplemento Alimentar Slim Shake Morango e Banana,Slim,emb. 400 gr,"€23,99/un","€59,98/kg"
Manteiga de Amendoim com Colagénio,Prozis,emb. 250 gr,"€3,99/un","€9,98/kg"
Barra Crua de Cacau,Nakd,emb. 4 x 35 gr,"€3,79/un","€27,07/un"
Vegegurte Aveia Biológico,Berief,emb. 150 gr,"€1,09/un","€7,27/kg"
Salada Mesclum Bio,Vitacress,emb. 100 gr,"€1,99/un","€19,90/kg"
Batata Vermelha Biológica,Meléndez,emb. 2 kg,"€2,99/un","€1,50/kg"
Suplemento Desportistas Creatine 1000 mg Comprimidos,Gold Nutrition,emb. 60 un,"€12,99/un","€0,22/un"
Cogumelo Branco Biológico,Continente Bio,emb. 200 gr,"€1,99/un","€9,95/kg"
Cogumelo Shitake Biológico,Continente Bio,emb. 115 gr,"€1,99/un","€17,30/kg"
Refeição Caril e Grão Vegalia,Nobre Vegalia,emb. 420 gr (peso escorrido 420 gr),"€4,49/un","€10,69/kg"
Bolas Energéticas Amendoim e Banana,Way Up,emb. 34 gr,"€0,99/un","€29,12/kg"
"Bombons de Chocolate Negro, Cereja e Licor Tin Ball",Mon Chéri,emb. 42 gr,"€2,99/un","€71,19/kg"
Bebida Vegetal de Soja Proteína Chocolate,Alpro,emb. 250 ml,"€1,09/un","€4,36/lt"
Bombons de Chocolate Negro sem Açúcar,Delaviuda,emb. 150 gr,"€2,39/un","€15,93/kg"
Bombons de Chocolate de Leite Nuxor,Lindt,emb. 165 gr,"€6,49/un","€39,33/kg"
Muesli Proteína Chocolate,Prozis,emb. 400 gr,"€4,99/un","€12,48/kg"
Monte Velho Regional Alentejano Biológico Vinho Branco,Monte Velho,garrafa 75 cl,"€5,99/un","€7,99/lt"
Leite UHT Meio Gordo sem Lactose,Gresso,emb. 1 lt,"€1,19/un","€1,19/lt"
Suplemento Alimentar Mix Proteínas Vegetal,Way Up,emb. 250 gr,"€5,99/un","€23,96/kg"
Iogurte Pedaços Magro Ananás sem Lactose,Continente,emb. 500 gr (4 un),"€1,89/un","€0,47/un"
Tablete de Chocolate Branco,Toblerone,emb. 360 gr,"€7,49/un","€20,81/kg"
Fantasia de Chocolate Pai Natal com Surpresa,Kinder,emb. 75 gr,"€2,99/un","€39,87/kg"
Equinácea Solúvel,Forma+,emb. 10 un,"€2,99/un","€2,99/un"
Drageias de Chocolate de Leite Tubo,Lacasitos,emb. 80 gr,"€2,19/un","€27,38/kg"
Suplemento em Pó Desincoffe Sabor Chocolate Belga,Desinchá,emb. 220 gr,"€36,99/un","€168,14/kg"
Nestlé Sobremesas Tablete de Chocolate Culinária 44% Cacau Pack,Nestlé,emb. 420 gr,"€3,59/un","€8,55/kg"
Bolachas Crackers Cacau e Avelã,Love Seed,emb. 164 gr,"€2,54/un","€15,49/kg"
Pão de Forma Rústico,Garcia,emb. 500 gr,"€3,99/un","€7,98/kg"
Bebida Arroz Biológica,Joya,emb. 1 l,"€1,89/un","€1,89/lt"
Refrigerante com Gás Ananás,Sumol Zero,"emb. 1,75 lt","€1,89/un","€1,08/lt"
Snack Proteína Caramelo,Prozis,emb. 30 gr,"€0,89/un","€29,67/kg"
Chá Ginger,Sobba,emb. 100 gr,"€7,36/un","€73,60/kg"
Pancas Reserva Regional Lisboa Vinho Tinto,Pancas,garrafa 75 cl,"€3,99/un","€5,32/lt"
Bebida Vegetal de Amêndoa 0%,Continente Equilíbrio,emb. 1 lt,"€1,69/un","€1,69/lt"
Iogurte Proteína Pro+ Amendoim,Lindahls,emb. 150 gr,"€1,09/un","€7,27/kg"
Sortido de Bolachas de Chocolate Negro,Vieira,emb. 200 gr,"€1,84/un","€9,20/kg"
Leite Proteína sem Lactose,Mimosa,emb. 1l,"€2,49/un","€2,49/lt"
Snack Grilos Tomilho e Pimenta,Portugal Bugs,emb. 12 gr,"€4,49/un","€374,17/kg"
Snack Grilos Salgadinhos,Portugal Bugs,emb. 12 gr,"€4,49/un","€374,17/kg"
Nurishh Ralado Cheddar e Mozzarela,Nurishh,emb. 150 gr,"€2,59/un","€17,27/kg"
Manteiga de Amendoim em Pó,Prozis,emb. 400 gr,"€6,99/un","€17,48/kg"
Uva Biológica,Continente Bio,emb. 500 gr,"€2,99/un","€5,98/kg"
Gelado Mini Mix Vegan,Magnum,emb. 330 ml (6 un),"€3,59/un","€10,88/lt"
Iogurte +Proteína Baunilha,Continente,emb. 180 gr,"€0,89/un","€4,94/kg"
L-Carnitine 3000 Melancia,Gold Nutrition,emb. 20 un,"€22,09/un","€1,10/un"
Suplemento em Pó Desincoffe Extreme Energy,Desinchá,emb. 220 gr,"€36,99/un","€168,14/kg"
Manteiga sem Lactose,Montanari,emb. 125 gr,"€2,89/un","€23,12/kg"
Mix de Vegetais Crocantes,Nuts Originals,emb. 25 gr,"€1,99/un","€99,50/kg"
Bolacha Digestiva Avenacol 0% Açúcar,Cuétara,emb. 250 gr,"€2,89/un","€11,56/kg"
Aveia Instantânea Chocolate com Proteína,Origens Bio,emb. 300 gr,"€5,39/un","€17,97/kg"
Bebida Vegetal Soja Biológica,Berief,emb. 1 lt,"€1,35/un","€1,35/lt"
Tabletes de Chocolate Negro Intense Dark Conjunto,Jubileu,emb. 4 x 100 gr,"€7,49/un","€18,73/kg"
Fantasia Lover,Kinder,emb. 37 gr,"€1,19/un","€32,16/kg"
Mocha Latte Biológico,Oatly,emb. 235 ml,"€1,99/un","€8,47/lt"
Salsichas de Proteína Vegetal,Iglo Green Cuisine,emb. 200 gr (4 un),"€3,99/un","€19,95/kg"
Snack Lentilhas e Milho +12M,Hero Solo,emb. 50 gr,"€1,59/un","€3,18/kg"
Bebida Vegetal de Amêndoa sem açúcar Biológica,Provida,emb. 1 lt,"€2,39/un","€2,39/lt"
Hortelã Biológica,Continente Bio,emb. 50 gr,"€1,19/un","€23,80/kg"
Espalmado de Brócolos,,Quant. Mínima = 200 gr (2 un),"€1,19/un","€11,90/kg"
Bombons de Chocolate Mignonnette Chocolate Negro,Côte D'Or,emb. 240 gr,"€5,99/un","€24,96/kg"
Leite UHT Selecionado Leve,Matinal,emb. 1 lt,"€0,98/un","€0,98/lt"
Leite UHT Meio Gordo sem Lactose,Agros,emb. 1 lt,"€1,25/un","€1,25/lt"
Suplemento BCAA'S Comprimidos,Gold Nutrition,emb. 180 un,"€25,99/un","€0,14/un"
Bebida Vegetal de Soja Baunilha,Continente,emb. 1 lt,"€1,29/un","€1,29/lt"
Mix de Pimento e Feijão Verde Crocantes,Nuts Originals,emb. 25 gr,"€1,99/un","€99,50/kg"
Salsichas Vegan,Veggie Lovers,emb. 200 gr (4 un),"€3,59/un","€17,95/kg"
Bebida Vegetal Aveia e Amêndoa Biológica,Berief,emb. 1 lt,"€1,74/un","€1,74/lt"
Sementes de Girassol Biológicas,Seara,emb. 200 gr,"€1,99/un","€9,95/kg"
Yofu Bifidus Mirtilo,Sojasun,emb. 250 gr,"€1,89/un","€7,56/kg"
Bebida Vegetal de Amêndoa e Chocolate com Cálcio Biológica,Bjorg,emb. 3 x 200 gr,"€3,49/un","€5,82/lt"
Refrigerante com Gás Laranja,Sumol Zero,"emb. 1,75 lt","€1,89/un","€1,08/lt"
Cerveja com Álcool 5 Grãos Biológica,Riedenburger,garrafa 33 cl,"€2,49/un","€7,55/lt"
Massa de Pizza sem Glúten Biológica,Croustipate,emb. 260 gr,"€3,29/un","€12,65/kg"
Bombons de Chocolate Extra Negro e Menta,After Eight,emb. 400 gr,"€7,25/un","€18,13/kg"
Bebida Energética Khaotic,Monster,lata 50 cl,"€1,60/un","€3,20/lt"
Granola Arandos e Goji,Continente Equilíbrio,emb. 300 gr,"€2,19/un","€7,30/kg"
Pudim Proteico Chocolate Negro,Alpro,emb. 200 gr,"€1,59/un","€7,95/kg"
Bombons de Chocolate Gift Box,Baci,emb. 225 gr,"€12,75/un","€56,67/kg"
Panado Vegan de Proteína Vegetal,Nestlé Garden Gourmet,emb. 270 gr,"€4,99/un","€18,48/kg"
Areias sem Açúcar,Cem Porcento,emb. 200 gr,"€2,49/un","€12,45/kg"
Iogurte Líquido Morango Biológico,Continente Bio,emb. 720 gr (4 un),"€1,79/un","€2,49/kg"
Suplemento Alimentar Ossos e Articulações,Mais Saudável,36 un,"€11,34/un","€0,32/un"
Leite Proteína Stay Strong sem Lactose,Minus L,emb. 1 lt,"€2,39/un","€2,39/lt"
Drageias de Chocolate e Brownie,M&M's,emb. 160 gr,"€2,76/un","€17,25/kg"
Bolachas com Cobertura Chocolate Negro,Gullón,emb. 150 gr (6 un),"€1,69/un","€11,27/kg"
Suplemento Ómega 3 Cápsulas,Way Up,emb. 90 un,"€5,99/un",
Pastéis de Legumes,Veggis,emb. 280 gr,"€3,49/un","€12,46/kg"
Kit Vegetariano Tagliatelle BoloNew!,Rana,emb. 408 gr,"€4,59/un","€11,25/kg"
Mistura de Sementes Pequeno Almoço Biológicas,Continente Bio,emb. 200 gr,"€1,99/un","€9,95/kg"
Yofu Natural,Sojasun,emb. 400 gr,"€1,69/un","€4,23/kg"
Almôndegas Vegetais,Veggis,emb. 150 gr,"€4,19/un","€27,93/kg"
Super Rendimento,Planta Natur,emb. 30 un,"€7,75/un","€0,26/un"
Mix Proteínas Banana Vegan Biológico,Shine,emb. 250 gr,"€9,99/un","€39,96/kg"
"Mix de Amêndoas, Noz, Caju e Arandos Biológico",Continente Bio,emb. 150 gr,"€2,99/un","€19,93/kg"
Bebida Vegetal de Coco sem Açúcar Biológica,Provida,emb. 1 lt,"€2,09/un","€2,09/lt"
Queijo Fresco Cottage Light,Matinal,emb. 180 gr,"€1,99/un","€11,06/kg"
Suplemento Advanced Defense,Zumub,emb. 60 cápsulas,"€7,99/un","€0,13/un"
Almôndega de Cogumelos,,Quant. Mínima = 140 gr (4 un),"€0,79/un","€22,57/kg"
Bebida Vegetal de Soja Proteína Chocolate,Alpro,emb. 1 lt,"€1,89/un","€1,89/lt"
Sumo Manga Biológico,Delizum,emb. 1 lt,"€3,99/un","€3,99/lt"
Pão Integral 3 Cereais Biológico,Bjorg,emb. 500 gr,"€3,89/un","€7,78/kg"
Muesli Frutos Vermelhos Sem Glúten Biológico,Bjorg,emb. 375 gr,"€6,19/un","€16,51/kg"
Cogumelo Pleurothus Biológico,Continente Bio,emb. 150 gr,"€1,99/un","€13,27/kg"
Almôndega de Brócolos,,Quant. Mínima = 140 gr (4 un),"€0,79/un","€22,57/kg"
Marmelada Biológica,Continente Bio,emb. 250 gr,"€1,99/un","€7,96/kg"
Recuperador Gel Energia,Way Up,emb. 50 gr,"€0,99/un","€19,80/kg"
Bombons de Chocolate Pocket Coffee,Ferrero Rocher,emb. 225 gr,"€4,99/un","€22,18/kg"
Caldo de Galinha com Azeite Virgem Extra Cubos,Knorr,emb. 8 un,"€1,49/un","€18,63/kg"
Ice Tea Pêssego Zero Açúcar,Lipton,emb. 2 x 2 lt,"€4,58/un","€1,15/lt"
Iogurte Líquido Magro Frutos Vermelhos sem Lactose,Continente,emb. 640 gr (4 un),"€1,49/un","€2,33/un"
Fantasia de Chocolate Negro Pai Natal,Klett,emb. 60 gr,"€1,04/un","€17,33/kg"
Chá Dia e Noite Drenante,Desinchá,emb. 60 un,"€29,99/un","€29,99/un"
Rabanetes Crocantes e Cogumelos Desidratados,Nuts Originals,emb. 25 gr,"€1,99/un","€99,50/kg"
Gelado Magnífico Chocolate e Amêndoa Vegan,Continente,emb. 3 un,"€1,99/un","€7,37/lt"
Hambúrguer Marroquino com Pimento Vermelho e Alperce,Gosh!,emb. 250 gr (2 un),"€3,99/un","€15,96/kg"
Xarope de Ácer Zero,Prozis,emb. 355 gr,"€2,49/un","€7,01/kg"
Alga Chorão do Mar Fresca Biológica,Wissi,emb. 100 gr,"€3,49/un","€34,90/kg"
Iogurte Líquido Morango sem Lactose,Mimosa,emb. 906 gr (6 un),"€2,09/un","€3,46/kg"
Pudim Proteico Caramelo,Yopro,emb. 180 gr,"€1,79/un","€9,94/kg"
Acelga Biológica,Continente Bio,emb. 500 gr,"€1,99/un","€3,98/kg"
Sementes de Linhaça Dourada Biológicas,Seara,emb. 500 gr,"€3,49/un","€6,98/kg"
Bebida Vegetal de Aveia com Café sem Açúcar Biológica,Joya,emb. 1 lt,"€2,63/un","€2,63/lt"
Snack Chocolate Vegan Kit Kat,Kit Kat,emb. 124.5 gr (3 un),"€2,84/un","€22,90/kg"
"Bebida Cereais Cevada, Chicória e Centeio",Pensal,emb. 175 gr,"€2,24/un","€12,80/kg"
Pudim Proteico Chocolate,Yopro,emb. 180 gr,"€1,79/un","€9,94/kg"
Refrigerante com Gás Cola Zero Açúcar Zero Cafeína,Coca-Cola,"emb. 1,75 lt","€1,85/un","€1,06/lt"
Fatiado sabor a Frango,Violife,emb. 100 gr,"€2,99/un","€29,90/kg"
Suplemento Alimentar Carvão Vegetal,Mais Saudável,emb. 30 un,"€3,64/un","€0,12/un"
Molho Cesar Style Top Down Vegan,Calvé,emb. 255 gr,"€2,69/un","€10,55/kg"
Bebida Vegetal de Soja Proteína Caramelo Café,Alpro,emb. 250 ml,"€1,09/un","€4,36/lt"
Açaí em Pó Biológico,Shine,emb. 50 gr,"€9,99/un","€199,80/kg"
Barra Sementes de Sésamo,Continente Bio,emb. 3 x 25 gr,"€1,59/un","€21,20/kg"
Tablete de Chocolate Negro Bio 70% Cacau Les Recettes de L'Atelier,Nestlé,emb. 80 gr,"€1,96/un","€24,50/kg"
Yofu Soja Manga sem Açúcar,Alpro,emb. 135 gr,"€0,94/un","€6,96/kg"
Manteiga de Caju,Not Guilty,emb. 200 gr,"€5,99/un","€29,95/kg"
Iogurte Skyr Natural,Continente Equilíbrio,emb. 400 gr,"€1,49/un","€3,73/kg"
Quinta do Monte Xisto DOC Douro Vinho Tinto,Quinta do Monte Xisto,garrafa 75 cl,"€59,00/un","€78,67/lt"
Tyto Alba Biológico DOC Tejo Vinho Tinto,Tyto Alba,garrafa 75 cl,"€9,99/un","€13,32/lt"
Empadas de Soja,Veggis,emb. 4 x 65 gr,"€3,99/un","€15,35/kg"
Iogurte Magro e Gelatina Morango,Mimosa,emb. 720 gr (6 un),"€2,09/un","€2,90/kg"
Queijo Feta Biológico,Andechser,emb. 180 gr,"€4,99/un","€27,72/kg"
Mini Bolas Proteicas Brow sem Glúten,Origens Bio,emb. 3 x 12 gr,"€1,79/un","€49,72/kg"
Bombons de Chocolate Quality Street,Nestlé,emb. 480 gr,"€13,49/un","€28,10/kg"
Feijão Verde Biológico,Continente Bio,emb. 300 gr,"€3,49/un","€11,63/kg"
Snack Chocolate Vegan Kit Kat,Kit Kat,"emb. 41,5 gr","€1,29/un","€31,46/kg"
Almôndega de Cenoura,,Quant. Mínima = 140 gr (4 un),"€0,79/un","€22,57/kg"
Espalmado de Cogumelos,,Quant. Mínima = 200 gr (2 un),"€1,19/un","€11,90/kg"
Trufas Douradas,Lacasa,emb. 85 gr,"€1,70/un","€20,00/kg"
Trufas Cacau Puro,Lacasa,emb.100 gr,"€1,70/un","€17,00/kg"
Pudim de Caramelo Salgado Rico em Proteína,Premyer,emb. 200 gr,"€0,99/un","€4,95/kg"
Falafel de Beterraba com Pimento Vermelho e Chili,Gosh!,emb. 200 gr,"€3,99/un","€19,95/kg"
Chá Verde Saquetas,Continente Bio,emb. 20 un,"€0,99/un","€0,05/un"
Flocos de Aveia Biológica,Salutem,emb. 375 gr,"€1,49/un","€3,97/kg"
Rissóis de Cogumelos,Veggis,emb. 280 gr (4 un),"€4,29/un","€15,32/kg"
Queijo Fresco Magro,Continente Equilíbrio,emb. 200 gr,"€0,99/un","€4,95/kg"
Iogurte Pedaços Amora e Framboesa 0%,Continente Equilíbrio,emb. 500 gr (4 un),"€1,69/un","€3,38/kg"
Barras de Cereais Chocolate e Amêndoa Fitness,Fitness,"emb. 6 x 23,5 gr","€2,29/un","€16,24/kg"
Snack de Chocolate com Manteiga de Amendoim King Size,Reeses,emb. 79 gr,"€1,89/un","€23,92/kg"
Iogurte Framboesa Biológico,Andechser,emb. 150 gr,"€0,79/un","€5,27/kg"
Chá Noite Drenante,Desinchá,emb. 60 un,"€29,99/un","€29,99/un"
Chá Abacaxi e Limão Siciliano Drenante,Supla,emb. 30 un,"€24,99/un","€24,99/un"
Barra Proteica Amendoim,EU Nutrition,emb. 0.55 gr,"€2,39/un","€43,45/kg"
Hambúrguer Veggie,Simply Green,emb. 200 gr,"€5,50/un","€27,50/kg"
Bebida Vegetal de Aveia Barista Biológica,Joya,emb. 1 lt,"€1,99/un","€1,99/un"
Sementes de Sésamo Biológicas,Continente Bio,emb. 200 gr,"€1,19/un","€5,95/un"
Iogurte Magro e Gelatina Framboesa,Mimosa,emb. 720 gr (6 un),"€2,09/un","€2,90/kg"
Salada César Vegan,Sun&Vegs,emb. 190 gr,"€2,99/un","€15,74/kg"
Sumo Cenoura Biológico,Delizum,emb. 20 cl,"€1,29/un","€6,45/lt"
Tablete Chocolate 51%Proteínas Amêndoas e Cereais,Regina,emb. 27 gr,"€0,99/un","€36,67/kg"
Proteína Fast Recovery Pina Colada,Gold Nutrition,emb. 600 gr,"€21,67/un","€36,12/kg"
Alga Alface do Mar Fresca Biológica,Wissi,emb. 75 gr,"€2,99/un","€39,87/kg"
Couve Kali Biológica,Continente Bio,emb. 300 gr,"€1,99/un","€6,63/kg"
Maçã Biológica,Continente,emb. 500 gr (4 un),"€1,59/un","€3,18/kg"
Iogurte Líquido Proteína Stracciatella,Yopro,emb. 300 gr,"€1,89/un","€6,30/kg"
Wrap Vegetariano,Continente,emb. 183 gr,"€1,99/un","€10,87/kg"
Super Sene,Planta Natur,emb. 30 un,"€4,55/un","€0,15/un"
Preparado para Batido de Cacau e Avelã,Mondays,emb. 125 gr,"€3,50/un","€28,00/kg"
Snack de Chocolate KitKat Pai Natal,Nestlé,emb. 3 un,"€1,49/un","€16,02/kg"
Granola Chocolate e Coco sem Glúten,Bjorg,emb. 350 gr,"€6,79/un","€19,40/kg"
Curcuma Latte Biológica,Shine,emb. 150 gr,"€4,99/un","€33,27/kg"
Bebida Vegetal de Arroz Biológica,Provida,emb. 1 lt,"€1,75/un","€1,75/un"
Leite UHT Meio Gordo Biológico,Continente Bio,emb. 1lt,"€0,99/un","€0,99/lt"
Suplemento Ómega+,Gold Nutrition,emb. 90 un,"€11,50/un","€0,13/un"
Snack para Bebé Cenoura +10M,Hero Solo,emb. 6 x 40 gr,"€1,59/un","€6,63/kg"
Iogurte Skyr Pouch Baunilha +Proteína,Continente,emb. 400 gr (4 un),"€2,19/un","€5,48/kg"
Bebida Vegetal de Aveia Sabor a Leite,Alpro,emb. 1 lt,"€2,39/un","€2,39/lt"
Bolachas com Cobertura Chocolate Leite Finas,Gullón,emb. 150 gr,"€1,54/un","€10,27/kg"
Mix Salicórnia para Carne,Qampo,emb. 50 gr,"€5,49/un","€109,80/kg"
"Vegegurte Aveia, Manga e Maracujá Biológico",Berief,emb. 150 gr,"€1,15/un","€7,67/kg"
Leite Proteína Café,Mimosa,emb. 3 x 250 ml,"€2,99/un","€3,99/lt"
Chá Diário Drenante,Desinchá,emb. 60 un,"€29,99/un","€29,99/un"
Suplemento em Pó Desincoffe Sabor Baunilha com Avelã,Desinchá,emb. 220 gr,"€36,99/un","€168,14/kg"
Snack Grilos Tomate e Oregãos,Portugal Bugs,emb. 12 gr,"€4,49/un","€374,17/kg"
Aveia Instantânea Chocolate,Origens Bio,emb. 300 gr,"€5,39/un","€17,97/kg"
Vegegurte Coco com Manga e Maracujá,Continente,emb. 240 gr (2 un),"€1,39/un","€5,79/kg"
Bebida Vegetal Avelã e Cacau,Continente,emb. 3 x 200 ml,"€1,49/un","€2,48/lt"
Bebida Vegetal Aveia Biológica,Berief,emb. 1 lt,"€1,55/un","€1,55/lt"
Iogurte Líquido Cremoso Magro Maçã e Ananás,Mimosa,emb. 604 gr (4 un),"€2,69/un","€4,45/kg"
Leite UHT Meio Gordo,Mimosa,emb. 1 lt,"€0,85/un","€0,85/lt"
Leite UHT Meio Gordo,Continente,emb. 1 lt,"€0,78/un","€0,78/lt"
Leite UHT Meio Gordo sem Lactose,Mimosa,emb. 1 lt,"€1,09/un","€1,09/lt"
Queijo Flamengo Fatiado,Limiano,emb. 2 x 200 gr,"€5,09/un","€12,73/kg"
Ovos de Solo Classe L,Continente,emb. 12 un,"€2,39/un","€2,39/doz"
Queijo Flamengo Fatiado,Continente,emb. 500 gr,"€4,19/un","€8,38/kg"
Queijo Flamengo Fatiado,Terra Nostra,emb. 2 x 200 gr,"€5,09/un","€12,73/kg"
Manteiga com Sal,Mimosa,emb. 250 gr,"€2,34/un","€9,36/kg"
Leite UHT Magro sem Lactose,Mimosa,emb. 1 lt,"€1,09/un","€1,09/un"
Ovos de Solo Classe M,Continente,emb. 12 un,"€2,19/un","€2,19/doz"
Leite Meio Gordo Pastagem,Terra Nostra,emb. 1 lt,"€1,04/un","€1,04/lt"
Leite UHT Meio Gordo,Matinal,emb. 1 lt,"€0,98/un","€0,98/lt"
Manteiga com Sal,Milhafre,emb. 250 gr,"€2,34/un","€9,36/kg"
Leite UHT Magro,Continente Equilíbrio,emb. 1 lt,"€0,78/un","€0,78/lt"
Leite UHT Magro,Mimosa,emb. 1 lt,"€0,85/un","€0,85/lt"
Iogurte Líquido Morango,Yoggi,emb. 960 gr (8 un),"€3,63/un","€2,84/kg"
Manteiga com Sal,Primor,emb. 250 gr,"€2,34/un","€9,36/kg"
Ovos Biológicos,Continente Bio,emb. 6 un,"€2,19/un","€4,38/doz"
Queijo Flamengo Fatiado,Continente,emb. 200 gr,"€1,99/un","€9,95/kg"
Leite UHT Magro Pastagem,Terra Nostra,emb. 1 lt,"€1,04/un","€1,04/lt"
Manteiga com Sal Açores,Continente,emb. 250 gr,"€1,89/un","€7,56/kg"
Leite Achocolatado,Agros,emb. 8 x 200 ml,"€2,69/un","€1,68/lt"
Ovos Ar Livre Classe M/L,Continente,emb. 6 un,"€1,39/un","€2,78/doz"
Queijo Flamengo Fatiado,Milhafre,emb. 200 gr,"€1,99/un","€9,95/kg"
Leite UHT Meio Gordo sem Lactose,Continente,emb. 1 lt,"€0,99/un","€0,99/lt"
Leite UHT Meio Gordo,Mimosa,emb. 3 x 200 ml,"€1,19/un","€1,98/lt"
Natas UHT para Culinária,Continente,emb. 200 ml,"€0,75/un","€3,75/lt"
Leite Meio Gordo Fresco,Vigor,emb. 1 lt,"€1,09/un","€1,09/lt"
Leite Achocolatado,Mimosa,emb. 4 x 200 ml,"€1,69/un","€2,11/lt"
Leite Meio Gordo sem Lactose,Mimosa,emb. 4 x 200 ml,"€2,09/un","€2,61/lt"
Ovos de Solo Classe XL,Continente,emb. 6 un,"€1,89/un","€3,78/doz"
Bebida Vegetal de Amêndoa sem Açúcar,Alpro,emb. 1 lt,"€1,89/un","€1,89/lt"
Bebida Vegetal de Soja Original,Shoyce,emb. 1 lt,"€1,69/un","€1,69/lt"
Leite UHT Meio Gordo,Agros,emb. 1 lt,"€0,96/un","€0,96/lt"
"Iogurte Aroma Tutti Frutti, Morango, Limão, Framboesa, Coco e Banana Pack Poupança",Continente,emb. 2000 gr (16 un),"€2,79/un","€1,40/kg"
Leite Achocolatado Ajustado,Mimosa,emb. 4 x 200 ml,"€1,99/un","€2,49/lt"
Queijo Fundido Light Porções,A Vaca que Ri,emb. 400 gr,"€4,58/un","€11,45/kg"
Iogurte Natural,Danone,emb. 960 gr (8 un),"€1,99/un","€2,07/kg"
Leite UHT Meio Gordo,Gresso,emb. 1 lt,"€0,84/un","€0,84/lt"
Iogurte Grego Natural,Oikos,emb. 440 gr (4 un),"€2,39/un","€5,43/kg"
Queijo Fresco Longa Duração,Matinal,emb. 3 x 72 gr,"€2,39/un","€11,06/kg"
Iogurte Natural,Continente,emb. 1000 gr (8 un),"€1,29/un","€1,29/kg"
Iogurte Mix-In com Smarties Infantil,Nestlé,emb. 256 gr (2 un),"€1,99/un","€7,77/kg"
"Iogurte Aroma Morango, Ananás e Banana Super Poupança",Mimosa,emb. 960 gr (8 un),"€1,89/un","€1,97/kg"
Bebida Vegetal de Aveia,Continente Equilíbrio,emb. 1 lt,"€1,49/un","€1,49/lt"
Manteiga com Sal,Primor,emb. 250 gr,"€2,29/un","€9,16/kg"
Iogurte Grego Natural Açucarado,Oikos,emb. 440 gr (4 un),"€2,39/un","€5,43/kg"
"Iogurte Aroma Morango, Coco e Tutti Frutti Super Poupança",Mimosa,emb. 960 gr (8 un),"€1,89/un","€1,97/kg"
Queijo Mozzarella de Búfala,Continente Seleção,emb. 125 gr,"€1,69/un","€13,52/kg"
Nata Cremosa para Bater,Continente,emb. 200 ml,"€0,75/un","€3,75/lt"
Iogurte Grego Mythos Natural,Continente,emb. 1 kg,"€2,39/un","€2,39/kg"
Iogurte Líquido Defesa Morango,Actimel,emb. 1200 gr (12 un),"€4,39/un","€3,66/kg"
Iogurte Grego Stracciatella,Oikos,emb. 440 gr (4 un),"€2,39/un","€5,43/kg"
Iogurte Líquido Tutti Frutti,Yoggi,emb. 1280 gr (8 un),"€3,63/un","€2,84/kg"
Leite achocolatado sem Lactose,Mimosa,emb. 4 x 200 ml,"€2,34/un","€2,93/lt"
Queijo Fundido Palitos,A Vaca que Ri,emb. 140 gr,"€2,29/un","€16,36/kg"
Creme Culinário,Vaqueiro,emb. 1 kg,"€4,99/un","€4,99/kg"
Queijo Fresco de Vaca Longa Duração Light,Continente Equilíbrio,"emb. 4 x 62,5 gr","€2,79/un","€11,16/kg"
Queijo Fatiado,Castelões,emb. 200 gr,"€2,49/un","€12,45/kg"
Iogurte Bifidus Cremoso Coco,Activia,emb. 480 gr (4 un),"€1,99/un","€4,15/kg"
Manteiga Magra,Continente,emb. 250 gr,"€1,89/un","€7,56/kg"
Iogurte Líquido Morango e Banana sem Lactose,Yoggi,emb. 640 gr (4 un),"€2,09/un","€3,27/kg"
Iogurte Líquido Bifidus Cereais Integrais,Activia,emb. 1240 gr (8 un),"€3,69/un","€2,98/kg"
Iogurte Grego Morango,Oikos,emb. 440 gr (4 un),"€2,39/un","€5,43/kg"
Iogurte Líquido Magro Morango,Continente Equilíbrio,emb. 640 gr (4 un),"€1,39/un","€2,17/kg"
Iogurte Líquido Morango,Continente,emb. 640 gr (4 un),"€1,39/un","€2,17/kg"
Iogurte Líquido Morango Banana,Continente,emb. 640 gr (4 un),"€1,39/un","€2,17/kg"
Iogurte Líquido Morango sem Lactose,Yoggi,emb. 640 gr (4 un),"€2,09/un","€3,27/kg"
Creme Vegetal de Soja para Culinária,Continente,emb. 200 ml,"€0,99/un","€4,95/lt"
Leite UHT Meio Gordo,Continente,emb. 3 x 200 ml,"€0,89/un","€1,48/lt"
Leite Achocolatado Go!,Ucal,emb. 3 x 250 ml,"€2,94/un","€3,92/lt"
Iogurte Grego Mythos Stracciatella,Continente,emb. 500 gr (4 un),"€1,49/un","€2,98/kg"
Gelatina Pronta Tropical,Royal,emb. 400 gr (4 un),"€2,19/un","€5,48/kg"
Gelatina Pronta Ananás,Royal,emb. 400 gr (4 un),"€2,19/un","€5,48/kg"
Iogurte Líquido Magro Morango,Corpos Danone,emb. 1240 gr (8 un),"€2,99/un","€2,41/kg"
Leite UHT Meio Gordo Pastagem sem Lactose,Nova Açores,emb. 1 lt,"€1,39/un","€1,39/lt"
Iogurte Grego Mythos Ligeiro Natural,Continente Equilíbrio,emb. 1 Kg,"€2,39/un","€2,39/kg"
Iogurte Líquido Banana,Yoggi,emb. 640 gr (4 un),"€1,99/un","€3,11/kg"
Leite UHT Meio Gordo,Continente,emb. 1 lt,"€0,78/un","€0,78/lt"
Iogurte Líquido Bifidus Magro Lima e Limão,Activia,emb. 620 gr (4 un),"€1,99/un","€3,21/kg"
"Iogurte Polpa Banana, Laranja e Bolacha",Mimosa,emb. 480 gr (4 un),"€1,59/un","€3,31/kg"
Manteiga Magra,Mimosa,emb. 250 gr,"€2,39/un","€9,56/kg"
Molho Bechamel,Continente,emb. 500 ml,"€1,39/un","€2,78/lt"
Creme Culinário Líquido,Vaqueiro,emb. 500 ml,"€3,49/un","€6,98/lt"
Iogurte Bifidus Cremoso Lima e Limão,Activia,emb. 480 gr (4 un),"€1,99/un","€4,15/kg"
Iogurte Líquido Stracciatella,Continente,emb. 640 gr (4 un),"€1,39/un","€2,17/kg"
Iogurte Polpa Morango,Mimosa,emb. 480 gr (4 un),"€1,59/un","€3,31/kg"
Bebida Vegetal de Aveia sem Açúcar,Alpro,emb. 1 lt,"€1,99/un","€1,99/lt"
Iogurte Líquido Morango Infantil,Danonino,emb. 400 gr (4 un),"€1,79/un","€4,48/kg"
Iogurte Saqueta Morango Infantil,Danonino,emb. 280 gr (4 un),"€1,99/un","€7,11/kg"
Iogurte Líquido Tutti Frutti Infantil,Danonino,emb. 400 gr (4 un),"€1,79/un","€4,48/kg"
Iogurte Polpa Pera,Mimosa,emb. 480 gr (4 un),"€1,59/un","€3,31/kg"
Iogurte Líquido Bifidus Magro Pêssego e Maracujá,Activia,emb. 620 gr (4 un),"€1,99/un","€3,21/kg"
Iogurte Grego Pêssego,Oikos,emb. 440 gr (4 un),"€2,39/un","€5,43/kg"
Manteiga Magra,Matinal,emb. 250 gr,"€2,24/un","€8,96/kg"
Iogurte Líquido Magro Morango e Kiwi,Corpos Danone,emb. 620 gr (4 un),"€1,79/un","€2,89/kg"
Iogurte Líquido Morango e Banana,Yoggi,emb. 640 gr (4 un),"€1,99/un","€3,11/kg"
Iogurte Líquido Frutos Tropicais,Yoggi,emb. 640 gr (4 un),"€1,99/un","€3,11/kg"
Iogurte Grego Mythos Natural Açucarado,Continente,emb. 500 gr (4 un),"€1,49/un","€2,98/kg"
Iogurte Líquido Magro Limão,Continente Equilíbrio,emb. 640 gr (4 un),"€1,39/un","€2,17/kg"
Iogurte Líquido Morango,Danup,emb. 620 gr (4 un),"€1,89/un","€3,05/kg"
Iogurte Líquido Morango e Banana,Danup,emb. 620 gr (4 un),"€1,89/un","€3,05/kg"
Iogurte Polpa Morango e Banana,Mimosa,emb. 480 gr (4 un),"€1,59/un","€3,31/kg"
Leite Achocolatado,Gresso,emb. 4 x 200 ml,"€1,59/un","€1,99/lt"
Natas para Culinária,Mimosa,emb. 200 ml,"€0,89/un","€4,45/lt"
Leite Meio Gordo Pastagem Biológico,Terra Nostra,emb. 1 lt,"€1,47/un","€1,47/lt"
Iogurte Grego Manga e Papaia,Oikos,emb. 440 gr (4 un),"€2,39/un","€5,43/kg"
Leite Fresco Magro,Vigor,emb. 1 lt,"€1,09/un","€1,09/lt"
Iogurte Grego Maracujá,Oikos,emb. 440 gr (4 un),"€2,39/un","€5,43/kg"
Pudding Baunilha,Lindahls,emb. 150 gr,"€1,49/un","€9,93/kg"
Manteiga com Sal,Terra Nostra,emb. 250 gr,"€2,35/un","€9,40/kg"
Leite Achocolatado,Ucal,emb. 6 x 250 ml,"€4,32/un","€2,88/lt"
Queijo Brie,Continente,emb. 200 gr,"€1,49/un","€7,45/kg"
Iogurte Líquido Stracciatella,Danup,emb. 620 gr (4 un),"€1,89/un","€3,05/kg"
Iogurte Líquido Magro Morango e Framboesa,Corpos Danone,emb. 620 gr (4 un),"€1,79/un","€2,89/kg"
Iogurte Líquido Magro Ananás e Coco,Corpos Danone,emb. 620 gr (4 un),"€1,79/un","€2,89/kg"
Bebida Vegetal de Amêndoa Biológica,Continente Bio,emb. 1 lt,"€1,79/un","€1,79/lt"
Iogurte Líquido Framboesa e Arandos,Danup,emb. 620 gr (4 un),"€1,89/un","€3,05/kg"
Iogurte Líquido Reduz Colesterol Morango,Danacol,emb. 1200 gr (12 un),"€5,29/un","€4,41/kg"
Iogurte Líquido Morango Banana,Continente,emb. 1 kg,"€1,59/un","€1,59/kg"
Iogurte Líquido Magro Frutos Vermelhos,Continente Equilíbrio,emb. 640 gr (4 un),"€1,39/un","€2,17/kg"
Iogurte Líquido Bifidus Morango,Activia,emb. 620 gr (4 un),"€1,99/un","€3,21/kg"
Queijo Mini Light,Babybel,emb. 6 x 20 gr,"€2,39/un","€19,92/kg"
Iogurte Líquido Frutos Vermelhos,Continente,emb. 640 gr (4 un),"€1,39/un","€2,17/kg"
Creme Vegetal Culinário,Becel,emb. 450 gr,"€2,39/un","€5,31/kg"
Iogurte Líquido Limonada,Yoggi,emb. 640 gr (4 un),"€1,99/un","€3,11/kg"
Iogurte Líquido Framboesa,Continente,emb. 640 gr (4 un),"€1,39/un","€2,17/kg"
Leite Meio Gordo Pastagem Açores Biológico,Milhafre,emb. 1 lt,"€0,89/un","€0,89/lt"
Iogurte Líquido Lima e Limão,Danup,emb. 620 gr (4 un),"€1,89/un","€3,05/kg"
Iogurte Líquido Zero% Melancia,Continente Equilíbrio,emb. 640 gr (4 un),"€1,39/un","€2,17/kg"
Iogurte Bifidus Pedaços Aveia e Noz,Activia,emb. 480 gr (4 un),"€2,19/un","€4,76/kg"
Queijo Creme Light para Barrar Familiar,Philadelphia,emb. 270 gr,"€2,99/un","€11,07/kg"
Iogurte Líquido Frutos Silvestres,Yoggi,emb. 640 gr (4 un),"€1,99/un","€3,11/kg"
Iogurte Líquido Tutti Frutti,Continente,emb. 640 gr (4 un),"€1,39/un","€2,17/kg"
Gelatina Pronta Limão,Royal,emb. 400 gr (4 un),"€2,19/un","€5,48/kg"
Iogurte Líquido Natural Açucarado,Continente,emb. 1 kg,"€1,59/un","€1,59/kg"
Iogurte Líquido Defesa Tutti Frutti,Actimel,emb. 600 gr (6 un),"€2,59/un","€4,32/kg"
Iogurte Líquido Defesas Vita C,Actimel,emb. 600 gr (6 un),"€2,59/un","€4,32/kg"
Iogurte Líquido Morango,Yoggi,emb. 640 gr (4 un),"€1,99/un","€3,11/kg"
Iogurte Grego Maçã e Canela,Oikos,emb. 440 gr (4 un),"€2,39/un","€5,43/kg"
Iogurte Líquido Bifidus Magro Frutos Silvestres,Activia,emb. 620 gr (4 un),"€1,99/un","€3,21/kg"
Iogurte Líquido Pinacolada,Continente,emb. 640 gr (4 un),"€1,39/un","€2,17/kg"
Iogurte Grego Mythos Maçã e Canela,Continente,emb. 500 gr (4 un),"€1,69/un","€3,38/kg"
Iogurte Líquido Morango,Continente,emb. 1 kg,"€1,59/un","€1,59/kg"
Natas para Culinária,Parmalat,emb. 200 ml,"€1,12/un","€5,60/lt"
"Iogurte Aroma Morango, Banana e Tutti Frutti",Danone,emb. 960 gr (8 un),"€1,99/un","€2,07/kg"
Iogurte Líquido Melão e Melancia,Continente,emb. 640 gr (4 un),"€1,19/un","€1,86/kg"
Iogurte Líquido Bifidus Magro Morango e Kiwi,Activia,emb. 620 gr (4 un),"€1,99/un","€3,21/kg"
Creme Culinário,Vaqueiro,emb. 250 gr,"€1,59/un","€6,36/kg"
Leite Meio Gordo Fresco sem Lactose,Vigor,emb. 1 lt,"€1,25/un","€1,25/lt"
Natas Cremosas,Mimosa,emb. 200 ml,"€0,99/un","€4,95/lt"
Iogurte Líquido Defesa Natural,Actimel,emb. 600 gr (6 un),"€2,59/un","€4,32/kg"
"Iogurte Pedaços Morango, Frutos Silvestres, Ananás e Pêssego",Continente,emb. 1000 gr (8 un),"€2,19/un","€2,19/kg"
Pudding Chocolate,Lindahls,emb. 150 gr,"€1,49/un","€9,93/kg"
Iogurte Líquido Manga,Continente,emb. 640 gr (4 un),"€1,39/un","€2,17/kg"
"Iogurte Aroma Morango, Manga e Pêssego",Danone,emb. 960 gr (8 un),"€1,99/un","€2,07/kg"
Queijo Feta DOP,Omiros,emb.150 gr,"€1,89/un","€12,60/kg"
Iogurte Líquido Morango e Banana Minions Infantil,Danone,emb. 620 gr (4 un),"€1,99/un","€3,21/kg"
Iogurte Líquido Bifidus Framboesa e Romã,Activia,emb. 620 gr (4 un),"€1,99/un","€3,21/kg"
Iogurte Líquido Zero% Ananás e Coco,Continente Equilíbrio,emb. 640 gr (4 un),"€1,39/un","€2,17/kg"
Leite Achocolatado,Ucal,emb. 1 lt,"€2,85/un","€2,85/lt"
Queijinho com Polpa Morango e Banana,Danonino,emb. 300 gr (6 un),"€1,89/un","€6,30/kg"
Iogurte Líquido Pinacolada,Continente,emb. 1 kg,"€1,59/un","€1,59/kg"
Natas Cremosas Light,Mimosa,emb. 200 ml,"€0,89/un","€4,45/lt"
Iogurte Mix-In Kit Kat Infantil,Nestlé,emb. 230 gr (2 un),"€1,99/un","€8,65/kg"
Manteiga com Sal,Nova Açores,emb. 250 gr,"€2,29/un","€9,16/kg"
Molho Bechamel,Continente,emb. 200 ml,"€0,89/un","€4,45/lt"
Iogurte Líquido Ananás e Coco,Yoggi,emb. 640 gr (4 un),"€1,99/un","€3,11/kg"
Iogurte Grego Mythos Morango,Continente,emb. 500 gr (4 un),"€1,49/un","€2,98/kg"
Iogurte Grego Mythos Maracujá,Continente,emb. 500 gr (4 un),"€1,49/un","€2,98/kg"
Iogurte Líquido Magro Frutos Tropicais,Corpos Danone,emb. 620 gr (4 un),"€1,79/un","€2,89/kg"
Bebida Vegetal de Arroz,Continente Equilíbrio,emb. 1 lt,"€1,49/un","€1,49/lt"
Queijinho com Polpa Morango,Danonino,emb. 300 gr (6 un),"€1,89/un","€6,30/kg"
Gelatina Pronta Mirtilo,Royal,emb. 400 gr (4 un),"€2,19/un","€5,48/kg"
Leite UHT Meio Gordo Pastagem Açores,Milhafre,emb. 1 lt,"€0,99/un","€0,99/lt"
Iogurte Líquido Frutos do Bosque,Continente,emb. 1 kg,"€1,59/un","€1,59/kg"
Ovos de Solo Classe L,Continente,emb. 6 un,"€1,29/un","€2,58/doz"
Iogurte Grego Coco,Oikos,emb. 440 gr (4 un),"€2,39/un","€5,43/kg"
Iogurte Grego Mythos Natural,Continente,emb. 500 gr (4 un),"€1,49/un","€2,98/kg"
Iogurte Líquido Manga e Tangerina,Danup,emb. 620 gr (4 un),"€1,89/un","€3,05/kg"
Iogurte Líquido Pêssego Maracujá,Continente,emb. 640 gr (4 un),"€1,39/un","€2,17/kg"
Iogurte Grego Caramelo,Oikos,emb. 440 gr (4 un),"€2,39/un","€5,43/kg"
Gelatina Pronta Morango Pack Poupança,Continente,emb. 600 gr (6 un),"€1,25/un","€2,08/kg"
Iogurte Líquido Bifidus Manga e Papaia,Activia,emb. 620 gr (4 un),"€1,99/un","€3,21/kg"
Iogurte Bifidus Natural,Activia,emb. 480 gr (4 un),"€1,99/un","€4,15/kg"
Iogurte Bifidus Cremoso Frutos Silvestres,Activia,emb. 480 gr (4 un),"€1,99/un","€4,15/kg"
Iogurte Grego Amora,Oikos,emb. 440 gr (4 un),"€2,39/un","€5,43/kg"
Iogurte Líquido Stracciatella sem Lactose,Yoggi,emb. 640 gr (4 un),"€2,09/un","€3,27/kg"
Iogurte Líquido Reduz Colesterol Aveia,Danacol,emb. 600 gr (6 un),"€2,99/un","€4,98/kg"
Iogurte Magro Amora e Framboesa,Longa Vida,emb. 480 gr (4 un),"€1,99/un","€4,15/kg"
Gelatina Pronta Morango,Royal,emb. 800 gr (8 un),"€3,85/un","€4,81/kg"
Manteiga com Sal Fácil Barrar,Mimosa,emb. 250 gr,"€2,34/un","€9,36/kg"
Natas Cremosas sem Lactose,Mimosa,emb. 200 ml,"€0,98/un","€4,90/lt"
Manteiga sem Sal,Primor,emb. 250 gr,"€2,29/un","€9,16/kg"
Iogurte Líquido Reduz Colesterol Frutos Exóticos,Danacol,emb. 600 gr (6 un),"€2,99/un","€4,98/kg"
Molho Bechamel,Parmalat,emb. 500 ml,"€2,19/un","€4,38/lt"
Queijo Mozzarella,Continente,emb. 125 gr,"€0,95/un","€7,60/kg"
Leite Meio Gordo Biológico,Prado Verde,emb. 1 lt,"€1,19/un","€1,19/lt"
Iogurte Líquido Lima Limão,Continente,emb. 640 gr (4 un),"€1,39/un","€2,17/kg"
Iogurte Líquido Magro Defesas Natural,Actimel,emb. 1200 gr (12 un),"€4,39/un","€3,66/kg"
Yofu Soja Pedaços Pêssego e Frutos Exóticos,Alpro,emb. 500 gr (4 un),"€2,28/un","€4,56/kg"
Ovos de Solo Classe M,Continente,emb. 6 un,"€1,19/un","€2,38/doz"
Iogurte Grego Ananás,Oikos,emb. 440 gr (4 un),"€2,39/un","€5,43/kg"
Yofu Soja Pedaços Framboesa e Amora,Alpro,emb. 500 gr (4 un),"€2,28/un","€4,56/kg"
Leite Achocolatado,Continente,emb. 3 x 200 ml,"€0,84/un","€1,40/lt"
Natas para Culinária sem Lactose,Continente,emb. 200 ml,"€0,79/un","€3,95/lt"
Iogurte Grego Chessecake Limão,Mimosa,emb. 440 gr (4 un),"€2,19/un","€4,98/kg"
Leite Achocolatado,Agros,emb. 4 x 200 ml,"€1,69/un","€2,11/lt"
Manteiga com Sal,Nova Açores,emb. 250 gr,"€2,19/un","€8,76/kg"
Iogurte Líquido Proteína Limão e Menta,Yopro,emb. 300 gr,"€1,89/un","€6,30/kg"
Iogurte Líquido Bifidus Magro Frutos Silvestres,Activia,emb. 1240 gr (8 un),"€3,69/un","€2,98/kg"
Yofu Soja Mix Polpa,Alpro,emb. 500 gr (4 un),"€2,28/un","€4,56/kg"
Leite Fresco Gordo,Vigor,emb. 1 lt,"€1,19/un","€1,19/un"
Iogurte Pedaços Morango,Danone,emb. 270 gr (2 un),"€1,69/un","€6,50/kg"
Iogurte Líquido Cremoso Morango,Yoggi,emb. 640 gr (4 un),"€1,99/un","€3,11/kg"
Leite com Aroma de Morango,Mimosa,emb. 4 x 200 ml,"€1,99/un","€2,49/lt"
Iogurte Mix-In Morango com Smarties Infantil,Nestlé,emb. 256 gr (2 un),"€1,99/un","€7,77/kg"
Iogurte Líquido Lima Coco,Continente,emb. 640 gr (4 un),"€1,39/un","€2,17/kg"
Iogurte Líquido Bifidus Frutos Silvestres,Activia,emb. 620 gr (4 un),"€1,99/un","€3,21/kg"
Iogurte Líquido Magro Defesas Morango,Actimel,emb. 600 gr (6 un),"€2,59/un","€4,32/kg"
Creme de Baunilha,Danet,emb. 500 gr (4 un),"€1,99/un","€3,98/kg"
Iogurte Líquido Frutos Silvestres sem Lactose,Yoggi,emb. 640 gr (4 un),"€2,09/un","€3,27/kg"
Queijo Parmigiano Reggiano Ralado,Parmareggio,emb. 60 gr,"€1,99/un","€33,17/kg"
Iogurte Líquido Melão e Melancia,Danup,emb. 620 gr (4 un),"€1,89/un","€3,05/kg"
Iogurte Bifidus Cremoso Magro Frutos Silvestres,Activia,emb. 480 gr (4 un),"€1,99/un","€4,15/kg"
Manteiga com Sal,Loreto,emb. 250 gr,"€2,35/un","€9,40/kg"
Molho Bechamel,Parmalat,emb. 200 ml,"€1,06/un","€5,30/lt"
Iogurte Receita Clássica Baunilha,Mimosa,emb. 375 gr (3 un),"€1,99/un","€5,31/kg"
Pudim Flan de Baunilha,Danone,emb. 400 gr (4 un),"€1,29/un","€3,23/kg"
"Iogurte Líquido Bifidus Kiwi, Pera e Linhaça",Activia,emb. 620 gr (4 un),"€1,99/un","€3,21/kg"
Natas com Cogumelos,Parmalat,emb. 200 ml,"€1,27/un","€6,35/lt"
Iogurte Líquido Morango,Yoco,emb. 540 gr (6 un),"€2,19/un","€4,06/kg"
Iogurte Pedaços Frutos Silvestres,Continente,emb. 500 gr (4 un),"€1,19/un","€2,38/kg"
Natas para Culinária Leve,Président,emb. 250 ml,"€1,79/un","€7,16/lt"
Iogurte Líquido Skyr Banana,Continente Equilíbrio,emb. 170 gr,"€0,79/un","€4,65/kg"
Iogurte Aroma Morango,Danone,emb. 480 gr (4 un),"€1,19/un","€2,48/kg"
Iogurte Líquido Morango e Banana Infantil,Actimel,emb. 600 gr (6 un),"€2,59/un","€4,32/kg"
"Iogurte Magro Aroma Morango, Kiwi, Banana e Pêssego",Mimosa,emb. 960 gr,"€2,49/un","€2,59/kg"
Creme Vegetal de Soja para Culinária Biológico,Alpro,emb. 250 ml,"€1,29/un","€5,16/lt"
Iogurte Líquido Magro Morango,Corpos Danone,emb. 620 gr (4 un),"€1,79/un","€2,89/kg"
Iogurte Líquido Baunilha,Continente,emb. 640 gr (4 un),"€1,39/un","€2,17/kg"
Yofu Soja Morango,Alpro,emb. 500 gr (4 un),"€2,28/un","€4,56/kg"
Manteiga sem Sal,Mimosa,emb. 250 gr,"€2,34/un","€9,36/kg"
Iogurte Grego Cheesecake de Mirtilo,Oikos,emb. 440 gr (4 un),"€2,39/un","€5,43/kg"
Iogurte Líquido Magro Defesas Natural,Actimel,emb. 600 gr (6 un),"€2,59/un","€4,32/kg"
Iogurte Líquido Morango e Banana,Yoco,emb. 540 gr (6 un),"€2,19/un","€4,06/kg"
Iogurte Líquido Bifidus Cereais Integrais,Activia,emb. 620 gr (4 un),"€1,99/un","€3,21/kg"
Iogurte Multifrutos sem Lactose,Mimosa,emb. 480 gr (4 un),"€1,79/un","€3,73/kg"
Iogurte Pedaços Magro Natur Pêssego e Maracujá,Corpos Danone,emb. 460 gr (4 un),"€1,99/un","€4,33/kg"
Iogurte Líquido Morango,Yoggi,emb. 1 kg,"€2,19/un","€2,19/kg"
Iogurte Grego Mythos Baunilha,Continente,emb. 500 gr (4 un),"€1,49/un","€2,98/kg"
Yofu Soja Pedaços Mirtilo,Alpro,emb. 500 gr (4 un),"€2,28/un","€4,56/kg"
Iogurte Magro Natural sem Lactose,Mimosa,emb. 480 gr (4 un),"€2,09/un","€4,35/kg"
Iogurte Proteína Mirtilo,Yopro,emb. 160 gr,"€1,09/un","€6,81/kg"
Natas com Ervas Aromáticas,Parmalat,emb. 200 ml,"€1,27/un","€6,35/lt"
Manteiga sem Sal,Terra Nostra,emb. 250 gr,"€2,35/un","€9,40/kg"
Iogurte Líquido Bolacha,Continente,emb. 640 gr (4 un),"€1,39/un","€2,17/kg"
Queijo de Mistura Amanteigado,Limiano,emb. 450 gr,"€6,19/un","€13,76/kg"
Queijo de Vaca Amanteigado de Seia,Seia do Tavares,emb. 800 gr,"€9,99/un","€12,49/kg"
Molho Bechamel Leve,Parmalat,emb. 500 ml,"€2,19/un","€4,38/lt"
Iogurte Aroma Coco,Continente,emb. 500 gr (4 un),"€0,79/un","€1,58/kg"
Iogurte Líquido Magro Frutos Silvestres,Corpos Danone,emb. 620 gr (4 un),"€1,99/un","€3,21/kg"
Iogurte Bifidus Pedaços Magro Ananás,Activia,emb. 480 gr (4 un),"€2,14/un","€4,46/kg"
Natas UHT para Culinária sem Lactose,Parmalat,emb. 200 ml,"€1,32/un","€6,60/lt"
Iogurte Magro Natural,Continente Equilíbrio,emb. 720 gr (6 un),"€1,19/un","€1,65/kg"
Iogurte Líquido Chocolate,Yoggi,emb. 250 gr,"€1,09/un","€4,36/kg"
Iogurte Twix Infantil,Danone,emb. 120 gr,"€0,99/un","€8,25/kg"
Creme Vegetal Sabor a Manteiga Proactiv,Becel Pro Activ,emb. 450 gr,"€4,19/un","€9,31/kg"
Gelatina Pronta Morango,Royal,emb. 400 gr (4 un),"€2,19/un","€5,48/kg"
Iogurte Polpa Morango Infantil,Danonino,emb. 480 gr (4 un),"€1,69/un","€3,52/kg"
Leite UHT Magro,Agros,emb. 1 lt,"€0,96/un","€0,96/lt"
Iogurte Líquido Skyr Morango,Continente Equilíbrio,emb. 170 gr,"€0,79/un","€4,65/kg"
Iogurte Líquido Frutos Tropicais sem Lactose,Yoggi,emb. 640 gr (4 un),"€2,09/un","€3,27/kg"
Iogurte Aroma Tutti Frutti,Danone,emb. 480 gr (4 un),"€1,19/un","€2,48/kg"
Queijo Mozzarella Ralado,Continente,emb. 2 x 120 gr,"€2,19/un","€9,13/kg"
Iogurte Líquido Cremoso Pêssego e Manga,Yoggi,emb. 640 gr (4 un),"€1,99/un","€3,11/kg"
Gelatina Pronta Ananás,Continente,emb. 400 gr (4 un),"€0,95/un","€2,38/kg"
"Iogurte Líquido Cremoso Morango, Manga e Ginko",Mimosa,emb. 712 gr (4 un),"€1,79/un","€2,51/kg"
Iogurte Líquido Reduz Colesterol Noz,Danacol,emb. 600 gr (6 un),"€2,99/un","€4,98/kg"
Gelatina Pronta Tangerina,Continente,emb. 400 gr (4 un),"€0,95/un","€2,38/kg"
Pudim de Baunilha Rico em Proteína,Ehrmann,emb. 200 gr,"€1,79/un","€8,95/kg"
Iogurte Aroma Banana,Danone,emb. 480 gr (4 un),"€1,19/un","€2,48/kg"
Iogurte Pedaços Magro Natur Coco,Corpos Danone,emb. 460 gr (4 un),"€1,99/un","€4,33/kg"
Iogurte Líquido Morango,Continente,emb. 640 gr (4 un),"€1,39/un","€2,17/kg"
Iogurte Proteína Kvarg Pro+ Morango e Lima,Lindahls,emb. 150 gr,"€1,09/un","€7,27/kg"
Queijo da Ilha Cunha,Continente,emb. 400 gr,"€3,79/un","€9,48/kg"
"Iogurte Magro Aroma Morango, Coco e Manga",Mimosa,emb. 960 gr,"€2,49/un","€2,59/kg"
Iogurte Líquido Bifidus Kiwi,Activia,emb. 620 gr (4 un),"€1,99/un","€3,21/kg"
Iogurte Proteína Kvarg Pro+ Limão e Cookies,Lindahls,emb. 150 gr,"€1,09/un","€7,27/kg"
Leite UHT Magro Pastagem sem Lactose,Nova Açores,emb. 1 lt,"€1,39/un","€1,39/lt"
Iogurte Pedaços Frutos Tropicais,Mimosa,emb. 480 gr (4 un),"€1,49/un","€3,10/kg"
Gelatina Pronta Tutti Frutti sem Açúcar,Royal,emb. 400 gr (4 un),"€1,09/un","€2,73/kg"
Molho de Natas para Carne,Mimosa,emb. 200 ml,"€1,09/un","€5,45/lt"
Iogurte Natural Açucarado,Danone,emb. 270 gr (2 un),"€1,69/un","€6,50/kg"
Iogurte Líquido Frutas Variadas,Yoco,emb. 540 gr (6 un),"€2,19/un","€4,06/kg"
Iogurte Líquido Skyr Frutos Bosque,Continente Equilíbrio,emb. 170 gr,"€0,79/un","€4,65/kg"
Natas para Culinária Leve,Continente,emb. 200 ml,"€0,81/un","€4,05/lt"
Iogurte Pedaços Maçã e Canela Vidro,Glint,emb. 250 gr (2 un),"€1,89/un","€7,56/kg"
Iogurte Skyr Morango,Continente Equilíbrio,emb. 150 gr,"€0,79/un","€5,27/kg"
Iogurte Líquido Defesa Morango,Actimel,emb. 600 gr (6 un),"€2,59/un","€4,32/kg"
Molho de Natas para Massas,Mimosa,emb. 200 ml,"€1,09/un","€5,45/lt"
Gelatina Pronta Manga e Maracujá,Continente,emb. 400 gr (4 un),"€0,95/un","€2,38/kg"
Iogurte Líquido Proteína Manga,Yopro,emb. 300 gr,"€1,89/un","€6,30/kg"
Leite UHT Meio Gordo Pastagem Açores,Nova Açores,emb. 1 lt,"€0,89/un","€0,89/lt"
Gelatina Pronta Frutos do Bosque,Royal,emb. 400 gr (4 un),"€2,19/un","€5,48/kg"
Iogurte Skyr Banana e Canela,Continente Equilíbrio,emb. 150 gr,"€0,79/un","€5,27/kg"
Iogurte Grego Mythos Caramelo,Continente,emb. 500 gr (4 un),"€1,69/un","€3,38/kg"
Iogurte Magro Morango sem Lactose,Mimosa,emb. 480 gr (4 un),"€2,09/un","€4,35/kg"
Iogurte Líquido Active Defense Frutos do Bosque,Continente,emb. 600 gr (6 un),"€1,29/un","€2,15/kg"
Iogurte Grego Café,Oikos,emb. 440 gr (4 un),"€2,39/un","€5,43/kg"
"Iogurte Polpa Minions Banana, Laranja e Bolacha Infantil",Danone,emb. 480 gr (4 un),"€1,84/un","€3,83/kg"
Iogurte Líquido Reduz Colesterol Frutos Exóticos,Danacol,emb. 1200 gr (12 un),"€5,29/un","€4,41/kg"
Iogurte Bifidus Pedaços Magro Pêssego,Activia,emb. 480 gr (4 un),"€2,14/un","€4,46/kg"
Iogurte Skyr Mirtilo,Continente Equilíbrio,emb. 150 gr,"€0,79/un","€5,27/kg"
Iogurte Líquido Tutti Frutti,Continente,emb. 640 gr (4 un),"€1,39/un","€2,17/kg"
"Iogurte 3,7% Matéria Gorda Biológico",Andechser,emb. 500 gr,"€1,99/un","€3,98/kg"
Iogurte Líquido Bifidus Aveia e Linhaça,Activia,emb. 620 gr (4 un),"€1,99/un","€3,21/kg"
Iogurte Pedaços Pêssego,Continente,emb. 500 gr (4 un),"€1,19/un","€2,38/kg"
"Iogurte Líquido Magro Triplo Zero Manga, Maracujá e Goji",Corpos Danone,emb. 620 gr (4 un),"€1,99/un","€3,21/kg"
Leite UHT Meio Gordo,Agros,emb. 3 x 200 ml,"€1,19/un","€1,98/lt"
Manteiga com Sal Gourmet,Nova Açores,emb. 250 gr,"€2,49/un","€9,96/kg"
Iogurte Líquido Morango e Banana sem Lactose,Continente,emb. 640 gr (4 un),"€1,49/un","€2,33/kg"
Natas com 3 Pimentas,Parmalat,emb. 200 ml,"€1,27/un","€6,35/lt"
Leite UHT Magro,Continente Equilíbrio,emb. 3 x 200 ml,"€0,89/un","€1,48/lt"
Iogurte Líquido Frutos Tropicais,Continente,emb. 640 gr (4 un),"€1,39/un","€2,17/kg"
Iogurte Líquido Magro Morango,Continente Equilíbrio,emb. 1 kg,"€1,59/un","€1,59/kg"
Creme Vegetal de Soja Light para Culinária,Alpro,emb. 250 ml,"€1,49/un","€5,96/lt"
Pudim de Baunilha,Continente,emb. 600 gr (6 un),"€0,99/un","€1,65/kg"
Natas com 3 Queijos,Parmalat,emb. 200 ml,"€1,27/un","€6,35/lt"
Iogurte Líquido Reduz Colesterol Morango,Danacol,emb. 600 gr (6 un),"€2,99/un","€4,98/kg"
Iogurte Pedaços Cereais,Continente,emb. 500 gr (4 un),"€1,19/un","€2,38/kg"
Gelatina Pronta Tutti Frutti,Continente,emb. 400 gr (4 un),"€0,90/un","€2,25/kg"
Iogurte Bifidus Cremoso Magro Cocktail de Frutas,Activia,emb. 480 gr (4 un),"€1,99/un","€4,15/kg"
Leite UHT Magro,Mimosa,emb. 3 x 200 ml,"€1,19/un","€1,98/lt"
Iogurte Líquido Morango Infantil,Continente,emb. 600 gr (6 un),"€1,09/un","€1,82/kg"
Iogurte Bifidus Cremoso Magro Frutos Silvestres,Activia,emb. 960 gr (8 un),"€3,49/un","€3,64/kg"
Gelatina Pronta Morango,Continente,emb. 400 gr (4 un),"€0,95/un","€2,38/kg"
Iogurte Líquido Bifidus Manga e Maracujá,Continente,emb. 640 gr (4 un),"€1,39/un","€2,17/kg"
Iogurte Proteína Baunilha,Yopro,emb. 160 gr,"€1,09/un","€6,81/kg"
Molho Bechamel,Mimosa,emb. 500 ml,"€1,99/un","€3,98/lt"
Iogurte Natural,Mimosa,emb. 480 gr (4 un),"€1,39/un","€2,90/kg"
Iogurte Líquido Morango e Banana Infantil,Continente,emb. 600 gr (6 un),"€1,09/un","€1,82/kg"
Pudim de Café Rico em Proteína,Ehrmann,emb. 200 gr,"€1,79/un","€8,95/kg"
Iogurte Magro Mirtilo sem Lactose,Mimosa,emb. 480 gr (4 un),"€2,09/un","€4,35/kg"
Natas para Culinária Leve,Parmalat,emb. 200 ml,"€1,12/un","€5,60/lt"
Leite Meio Gordo sem Lactose,Ucal,emb. 1 lt,"€1,67/un","€1,67/lt"
Iogurte Líquido Proteína Kvarg Pro+ Frutos Tropicais,Lindahls,emb. 330 gr,"€1,89/un","€5,73/kg"
Creme Vegetal de Soja para Culinária,Shoyce,emb. 200 ml,"€1,19/un","€5,95/lt"
Iogurte Líquido Stracciatella,Yoggi,emb. 640 gr (4 un),"€1,99/un","€3,11/kg"
Iogurte Líquido Proteína Kvarg Pro+ Banana e Noz,Lindahls,emb. 330 ml,"€1,89/un","€5,73/kg"
Iogurte Aroma Coco sem Lactose,Nutrégi,emb. 480 gr (4 un),"€2,21/un","€4,60/kg"
Creme Vegetal para Barrar sabor a Manteiga,Continente,emb. 500 gr,"€1,99/un","€3,98/kg"
Iogurte Líquido Natural Açucarado sem Lactose,Nutrégi,emb. 680 gr (4 un),"€2,95/un","€4,34/kg"
Iogurte Líquido Proteína Coco,Yopro,emb. 300 gr,"€1,89/un","€6,30/kg"
Yofu Soja Baunilha,Alpro,emb. 500 gr,"€2,99/un","€5,98/kg"
Natas UHT Cremosas -37% Gordura,Continente,emb. 200 ml,"€0,81/un","€4,05/lt"
Iogurte Natural Açúcarado Vidro,Glint,emb. 250 gr (2 un),"€1,89/un","€7,56/kg"
Gelatina Pronta Ananás,Royal,emb. 400 gr (4 un),"€1,09/un","€2,73/kg"
Iogurte Pedaços Cereja Vidro,Glint,emb. 250 gr (2 un),"€1,89/un","€7,56/kg"
"Iogurte Bifidus Topper Maçã, Granola e Canela",Continente,emb. 166 gr,"€0,89/un","€5,36/kg"
Iogurte Líquido Morango e Banana,Continente,emb. 640 gr (4 un),"€1,39/un","€2,17/kg"
Creme Vegetal para Barrar,Continente,emb. 500 gr,"€1,59/un","€3,18/kg"
Natas Carbonara,Parmalat,emb. 200 ml,"€1,27/un","€6,35/lt"
Iogurte Aroma Morango sem Lactose,Continente,emb. 480 gr (4 un),"€0,99/un","€2,06/kg"
Iogurte Aroma Tutti Frutti,Continente,emb. 500 gr (4 un),"€0,79/un","€1,58/kg"
Iogurte Natural Açucarado,Continente,emb. 750 gr (6 un),"€1,15/un","€1,53/kg"
Iogurte Skyr Coco,Continente Equilíbrio,emb. 150 gr,"€0,79/un","€5,27/kg"
Molho de Natas para Peixes,Mimosa,emb. 200 gr,"€1,09/un","€5,45/lt"
Gelatina Pronta Vegetal Banana,Koala,emb. 130 gr,"€1,08/un","€8,31/kg"
Iogurte Proteína Manteiga de Amendoim e Banana,Yopro,emb. 160 gr,"€1,09/un","€6,81/kg"
Iogurte Magro Aroma Morango e Ananás,Corpos Danone,emb. 960 gr (8 un),"€2,49/un","€2,59/kg"
Queijo Flamengo Bola 1/4,Limiano,emb. 325 gr,"€3,85/un","€11,85/kg"
Iogurte Líquido Morango sem Lactose,Continente,emb. 640 gr (4 un),"€1,49/un","€2,33/kg"
Iogurte Aroma Morango e Banana Minions Infantil,Danone,emb. 70 gr,"€0,69/un","€9,86/kg"
Iogurte Bifidus Topper Framboesa e Granola,Continente,emb. 166 gr,"€0,89/un","€5,36/kg"
Creme de Caramelo,Danet,emb. 500 gr (4 un),"€1,99/un","€3,98/kg"
Manteiga com Sal Açores,Continente,emb. 250 gr,"€1,89/un","€7,56/kg"
Creme para Barrar Sabor a Manteiga e Sal Marinho,Planta,emb. 450 gr,"€3,99/un","€8,87/kg"
Leite UHT Magro Pastagem Açores,Milhafre,emb. 1 lt,"€0,99/un","€0,99/lt"
Bebida Vegetal de Soja -30% Açúcares,Continente Equilíbrio,emb. 1 lt,"€1,09/un","€1,09/lt"
Iogurte Pedaços Morango,Continente,emb. 500 gr (4 un),"€1,19/un","€2,38/kg"
Bebida Vegetal de Amêndoa,Continente Equilíbrio,emb. 1 lt,"€1,59/un","€1,59/lt"
Queijinho com Sabor Morango e Banana,Continente,emb. 360 gr (6 un),"€0,89/un","€2,47/kg"
Leite UHT Meio Gordo sem Lactose,Ucal,emb. 3 x 200ml,"€1,82/un","€3,03/lt"
Gelatina Pronta Ananás,Continente,emb. 400 gr (4 un),"€0,90/un","€2,25/kg"
Iogurte Magro Aroma Morango e Coco,Continente Equilíbrio,emb. 750 gr (6 un),"€1,09/un","€1,45/kg"
Iogurte Líquido Proteína Baunilha Bolacha,Yopro,emb. 300 gr,"€1,89/un","€6,30/kg"
Gelatina Pronta Morango,Royal,emb. 400 gr (4 un),"€1,09/un","€2,73/kg"
Iogurte Líquido Bifidus Morango e Kiwi,Continente,emb. 640 gr (4 un),"€1,39/un","€2,17/kg"
Iogurte Magro +Proteína Maracujá e Chia,Corpos Danone,emb. 145 gr,"€0,99/un","€6,83/kg"
Iogurte Grego Mythos Café,Continente,emb. 460 gr (4 un),"€1,69/un","€3,67/kg"
Creme Culinário,Continente,emb. 250 gr,"€0,89/un","€3,56/kg"
Bebida Vegetal de Soja Natural,Continente Equilíbrio,emb. 1 lt,"€0,99/un","€0,99/lt"
Iogurte Aroma Morango,Continente,emb. 500 gr (4 un),"€0,79/un","€1,58/kg"
Pudim de Avelã Rico em Proteína,Ehrmann,emb. 200 gr,"€1,79/un","€8,95/kg"
Iogurte Baunilha Biológico,Andechser,emb. 400 gr,"€2,29/un","€5,73/kg"
Manteiga Light com Sal sem Lactose,Primor,emb. 125 gr,"€1,99/un","€15,92/kg"
Iogurte Magro Aroma Manga e Framboesa,Continente Equilíbrio,emb. 750 gr (6 un),"€1,09/un","€1,45/kg"
"Iogurte Aroma Framboesa, Limão, Banana e Coco",Continente,emb. 1000 gr (8 un),"€1,59/un","€1,59/kg"
Gelatina Pronta Vegetal Morango,Koala,emb. 130 gr,"€1,08/un","€8,31/kg"
Iogurte Proteína Kvarg Chocolate Branco,Lindahls,emb. 150 gr,"€1,09/un","€7,27/kg"
Iogurte Líquido Morango Infantil,Actimel,emb. 1200 gr (12 un),"€4,39/un","€3,66/kg"
Iogurte Grego Mythos Amora e Mirtilo,Continente,emb. 500 gr (4 un),"€1,69/un","€3,38/kg"
Iogurte Líquido Active Defense Ananás e Coco,Continente,emb. 600 gr (4 un),"€1,29/un","€2,15/kg"
Iogurte Magro +Proteína Ananás,Corpos Danone,emb. 145 gr,"€0,99/un","€6,83/kg"
Natas com Caril,Parmalat,emb. 200 ml,"€1,27/un","€6,35/lt"
Queijinho com Sabor Multisabores Suissinho,Yoco,emb. 252 gr (6 un),"€1,64/un","€6,51/kg"
Queijinho com Sabor Nesquik,Nesquik,emb. 360 gr (6 un),"€2,59/un","€7,19/kg"
Iogurte Pedaços Lima e Linhaça,Continente,emb. 500 gr (4 un),"€1,19/un","€2,38/kg"
Iogurte Proteína Kvarg Pro+ Banana e Caramelo,Lindahls,emb. 150 gr,"€1,09/un","€7,27/kg"
Bebida Vegetal de Amêndoa Biológica,Continente Bio,emb. 3 x 200 ml,"€1,79/un","€2,98/lt"
Queijinho com Sabor Morango e Baunilha Suissinho Duo Mix,Yoco,emb. 360 gr (4 un),"€2,19/un","€6,08/kg"
Queijo de Mistura,Continente,emb. 190 gr,"€2,89/un","€15,21/kg"
Iogurte M&M Infantil,Danone,emb. 120 gr,"€0,99/un","€8,25/kg"
Natas para Bater,Parmalat,emb. 200 ml,"€1,12/un","€5,60/lt"
Iogurte Mirtilo Biológico,Andechser,emb. 400 gr,"€2,29/un","€5,73/kg"
Bebida Vegetal de Soja Original,Alpro,emb. 1 lt,"€1,99/un","€1,99/lt"
Iogurte Líquido Bifidus Cereais Integrais,Continente,emb. 640 gr (4 un),"€1,39/un","€2,17/kg"
Creme Duo Baunilha e Chocolate,Danet,emb. 500 gr (4 un),"€1,99/un","€3,98/kg"
Leite UHT Meio Gordo sem Lactose,Continente,emb. 3 x 200 ml,"€1,29/un","€2,15/lt"
Natas UHT para Bater sem Lactose,Parmalat,emb. 200 ml,"€1,32/un","€6,60/lt"
Iogurte Bifidus Pêssego Sem Lactose,Activia,emb. 480 gr (4 un),"€2,19/un","€4,56/kg"
Bebida Vegetal de Arroz 0%,Shoyce,emb. 1 lt,"€1,49/un","€1,49/lt"
Pudim de Caramelo Rico em Proteína,Ehrmann,emb. 200 gr,"€1,79/un","€8,95/kg"
Manteiga com Sal,Gresso,emb. 250 gr,"€2,24/un","€8,96/kg"
Iogurte Natural Açucarado sem Lactose,Continente,emb. 480 gr (4 un),"€0,99/un","€2,06/kg"
Iogurte Natural Açucarado,Continente,emb. 100 gr (8 un),"€1,29/un","€1,29/kg"
Leite UHT Magro,Continente Equilíbrio,emb. 1 lt,"€0,78/un","€0,78/lt"
Galão Cálcio,Ucal,emb. 3 x 200 ml,"€2,29/un","€3,82/lt"
Iogurte Fruta Manga Biológico,Andechser,emb. 150 gr,"€0,79/un","€5,27/kg"
Iogurte Natural Açucarado sem Lactose,Mimosa,emb. 480 gr (4 un),"€1,79/un","€1,79/kg"
Iogurte Duplomix Bolas Crocantes Infantil,Continente,emb. 122 gr,"€0,49/un","€4,02/kg"
Creme de Chocolate,Danet,emb. 500 gr (4 un),"€1,99/un","€3,98/kg"
Gelatina Pronta Morango,Continente,emb. 400 gr (4 un),"€0,90/un","€2,25/kg"
Bebida Vegetal de Soja Chocolate,Alpro,emb. 3 x 250 ml,"€2,29/un","€3,05/lt"
Leite Achocolatado sem Lactose,Agros,emb. 4 x 200 ml,"€2,34/un","€2,93/lt"
Leite UHT Meio Gordo Cálcio,Mimosa,emb. 1 lt,"€1,09/un","€1,09/lt"
Creme de Chocolate e Chantilly,Danet,emb. 400 gr (4 un),"€1,99/un","€4,98/kg"
Iogurte Pedaços Zero% Morango,Continente Equilíbrio,emb. 500 gr (4 un),"€1,45/un","€2,90/kg"
Iogurte Líquido Zero% Framboesa e Lichia,Continente Equilíbrio,emb. 640 gr (4 un),"€1,59/un","€2,48/kg"
Creme Vegetal Proactiv Magro,Becel Pro Activ,emb. 450 gr,"€4,19/un","€9,31/kg"
Galão S. Lourenço Cálcio,Ucal,emb. 1 lt,"€1,84/un","€1,84/lt"
Yofu Soja Natural,Alpro,emb. 500 gr (4 un),"€2,28/un","€4,56/kg"
Creme Vegetal de Arroz para Culinária,Alpro,emb. 250 ml,"€1,39/un","€5,56/lt"
Iogurte Proteína Kvarg Framboesa,Lindahls,emb. 150 gr,"€1,09/un","€7,27/kg"
Leite UHT Meio Gordo Açores,Continente,emb. 1 lt,"€0,83/un","€0,83/lt"
Creme Vegetal de Soja para Barrar,Alpro,emb. 500 gr,"€3,49/un","€6,98/kg"
Iogurte Líquido +Proteína Banana,Continente,emb. 280 gr,"€0,99/un","€3,54/un"
Leite UHT Gordo,Continente,emb. 1 lt,"€0,94/un","€0,94/lt"
Natas para Bater,Agros,emb. 200 ml,"€0,96/un","€4,80/lt"
Iogurte Líquido Frutos Vermelhos sem Lactose,Nutrégi,emb. 680 gr (4 un),"€2,95/un","€4,34/kg"
Iogurte Magro Natural,Longa Vida,emb. 720 gr (6 un),"€1,99/un","€2,76/kg"
Iogurte Natural Açucarado sem Lactose,Nutrégi,emb. 480 gr (4 un),"€2,21/un","€4,60/kg"
Queijo Flamengo Bola,Limiano,1/2 Bola = 800 gr,"€10,49/kg","€8,39/un"
Iogurte Pedaços Cereais,Mimosa,emb. 480 gr (4 un),"€1,49/un","€3,10/kg"
Iogurte Aveia e Maçã Biológico,Mimosa,emb. 230 gr (2 un),"€1,29/un","€5,61/kg"
Iogurte Grego Mythos Morango,Continente,emb. 1 kg,"€2,39/un","€2,39/kg"
Iogurte Grego Stracciatella sem Lactose,Continente,emb. 240 gr (2 un),"€1,49/un","€6,21/kg"
Iogurte Mirtilo Biológico,Mimosa,emb. 230 gr (2 un),"€1,29/un","€5,61/kg"
Creme Vegetal de Soja para Barrar,Alpro,emb. 225 gr,"€1,89/un","€8,40/kg"
Iogurte Líquido Proteína Café,Yopro,emb. 300 gr,"€1,89/un","€6,30/kg"
Manteiga com Cristais de Sal Marinho,Primor,emb. 125 gr,"€1,99/un","€15,92/kg"
Iogurte Stracciatella Biológico,Andechser,emb. 400 gr,"€2,29/un","€5,73/kg"
Iogurte Líquido Cremoso Frutos Silvestres,Yoggi,emb. 640 gr (4 un),"€1,99/un","€3,11/kg"
Leite UHT Magro Selecionado Leve,Matinal,emb. 3 x 200 ml,"€1,43/un","€2,38/lt"
Iogurte Bifidus Pedaços Magro Kiwi,Activia,emb. 480 gr (4 un),"€2,14/un","€4,46/kg"
Gelatina Pronta Melancia,Royal,emb. 400 gr (4 un),"€1,09/un","€2,73/kg"
Leite Achocolatado Light,Mimosa,emb. 4 x 200 ml,"€2,19/un","€2,74/lt"
"Iogurte Bebé Banana, Laranja e Bolacha sem Glúten +6 Meses",Nestlé,emb. 400 gr (4 un),"€2,39/un","€5,98/kg"
Bebida Vegetal de Soja Baunilha,Alpro,emb. 3 x 250 ml,"€2,29/un","€3,05/lt"
Iogurte Natural Biológico,Continente Bio,emb. 500 gr (4 un),"€1,29/un","€2,58/kg"
Iogurte Pedaços Romã Biológico,Pur Natur,emb. 150 gr,"€1,55/un","€10,33/kg"
Iogurte Grego Granola e Coco,Yaos,emb. 115 gr,"€1,19/un","€10,35/kg"
Leite UHT Gordo,Mimosa,emb. 1 lt,"€1,19/un","€1,19/lt"
"Iogurte Bifidus Topper Cereais Muesli, Chia e Amêndoa",Activia,emb. 170 gr,"€1,59/un","€9,35/kg"
"Iogurte Magro Aroma Morango, Kiwi e Manga",Mimosa,emb. 720 gr,"€1,99/un","€4,15/kg"
Yofu Soja Natural com Coco,Alpro,emb. 500 gr,"€2,99/un","€5,98/kg"
Iogurte Morango sem Lactose,Mimosa,emb. 480 gr (4 un),"€1,79/un","€3,73/kg"
Iogurte Natural Biológico,Mimosa,emb. 460 gr (4 un),"€2,09/un","€4,54/kg"
Natas para Bater,Gresso,emb. 200 ml,"€0,89/un","€4,45/lt"
Iogurte Líquido Proteína Morango Pro+,Lindahls,emb. 330 gr,"€1,89/un","€5,73/kg"
"Puré de Maçã, Morango e Banana",Pom'Bel,emb. 4 x 100 gr,"€2,25/un","€5,63/kg"
Iogurte Polpa de Manga sem Lactose,Nutrégi,emb. 480 gr (4 un),"€2,63/un","€5,48/kg"
Iogurte Grego Framboesa e Romã,Mimosa,emb. 440 gr (4 un),"€2,19/un","€4,98/kg"
Bebida Vegetal de Arroz,Alpro,emb. 1 lt,"€2,09/un","€2,09/lt"
Iogurte Duplomix Drageias Coloridas Infantil,Continente,emb. 140 gr,"€0,49/un","€3,50/kg"
Queijinho com Sabor Morango e Banana Duo Mix Suissinho,Yoco,emb. 360 gr (4 un),"€2,19/un","€6,08/kg"
Gelatina Pronta Ananás,Condi,emb. 400 gr (4 un),"€1,79/un","€4,48/kg"
Iogurte Líquido Proteína Morango e Framboesa,Yopro,emb. 300 gr,"€1,89/un","€6,30/kg"
Iogurte Bifidus Natural Açucarado sem Lactose,Activia,emb. 480 gr (4 un),"€2,19/un","€4,56/kg"
Ovos de Codorniz,Continente,emb. 12 un,"€1,15/un","€1,15/doz"
Leite Achocolatado Light,Ucal,emb. 6 x 250 ml,"€4,32/un","€2,88/lt"
Chantilly,Président,emb. 250 ml,"€2,89/un","€11,56/lt"
Manteiga com Flor de Sal do Algarve,Continente Seleção,emb. 125 gr,"€1,89/un","€15,12/kg"
Natas UHT com Café,Parmalat,emb. 200 ml,"€1,27/un","€6,35/lt"
Manteiga com Sal,Primor,emb. 20 x 8 gr,"€2,29/un","€14,31/kg"
Bebida Vegetal de Soja Chocolate Light,Alpro,emb. 3 x 250 ml,"€2,19/un","€2,92/lt"
Cesto com 3 Queijos,Montiqueijo,emb. 3 x 90 gr,"€3,35/un","€12,41/kg"
Chantilly,Mimosa,emb. 250 ml,"€2,89/un","€11,56/lt"
Iogurte Kefir Morango,Nestlé,emb. 500 gr,"€1,99/un","€3,98/kg"
Gelatina Pronta Vegetal Ananás,Koala,emb. 130 gr,"€1,08/un","€8,31/kg"
Iogurte Milkybar Infantil,Nestlé,emb. 240 gr (2 un),"€1,99/un","€8,29/kg"
Bebida Vegetal de Aveia e Amêndoa,Alpro,emb. 1 lt,"€2,39/un","€2,39/lt"
Iogurte Grego Chocolate,Mimosa,emb. 440 gr (4 un),"€2,19/un","€4,98/kg"
Leite Fresco com Chocolate,Vigor,emb. 4 x 200 ml,"€2,20/un","€2,75/lt"
Leite UHT Magro sem Lactose,Ucal,emb. 1 lt,"€1,67/un","€1,67/lt"
Bebida Vegetal de Coco,Alpro,emb. 1 lt,"€1,89/un","€1,89/lt"
Creme Vegetal Culinário Omega 3,Continente,emb. 500 gr,"€2,49/un","€4,98/kg"
Gelatina Pronta Vegetal Manga,Koala,emb. 130 gr,"€1,08/un","€8,31/kg"
Iogurte Magro Aroma Morango e Coco,Mimosa,emb. 720 gr,"€1,99/un","€2,76/kg"
Yofu Soja Natural sem Açúcar,Alpro,emb. 500 gr,"€2,99/un","€5,98/kg"
Vegegurte Alperce e Goiaba,Continente,emb. 400 gr (4 un),"€1,19/un","€2,98/kg"
Pudim de Chocolate Rico em Proteína,Ehrmann,emb. 200 gr,"€1,79/un","€8,95/kg"
Bebida Vegetal de Arroz e Coco,Continente Equilíbrio,emb. 1 lt,"€1,79/un","€1,79/lt"
Bebida Vegetal de Soja Baunilha,Alpro,emb. 1 lt,"€2,39/un","€2,39/lt"
Iogurte Líquido Reduz Colesterol Natural,Danacol,emb. 600 gr (6 un),"€2,99/un","€4,98/kg"
Leite UHT Magro,Gresso,emb. 1 lt,"€0,84/un","€0,84/un"
Sobremesa Soja e Baunilha,Alpro,emb. 500 gr (4 un),"€2,89/un","€5,78/kg"
Leite Fresco Meio Gordo,Vigor,emb. 4 x 250 ml,"€1,99/un","€1,99/lt"
"Iogurte Magro Aroma Morango, Coco e Frutos Silvestres",Corpos Danone,emb. 960 gr (8 un),"€2,49/un","€2,59/kg"
Bebida Vegetal de Soja Frutos Vermelhos,Alpro,emb. 3 x 250 ml,"€2,29/un","€3,05/lt"
Iogurte Aroma Baunilha Biológico,Pur Natur,emb. 150 gr,"€1,29/un","€8,60/kg"
Bebida Vegetal de Arroz Biológica,Continente Bio,emb. 3 x 200 ml,"€1,59/un","€2,65/lt"
Creme Vegetal para Barrar com Sal Vioblock,Violife,emb. 250 gr,"€2,99/un","€11,96/kg"
Iogurte Grego Stracciatella,Mimosa,emb. 440 gr (4 un),"€2,19/un","€4,98/kg"
Iogurte Grego Doce de Leite,Mimosa,emb. 440 gr (4 un),"€2,19/un","€4,98/kg"
Leite Magro com Aveia sem Lactose,Mimosa,emb. 1 lt,"€1,69/un","€1,69/lt"
Gelatina Pronta Vegetal Melancia,Koala,emb. 130 gr,"€1,08/un","€8,31/kg"
Iogurte Bifidus Topper Cereais Muesli e Arando,Activia,emb. 170 gr,"€1,59/un","€9,35/kg"
Iogurte Kefir Natural,Nestlé,emb. 600 gr (6 un),"€2,49/un","€4,15/kg"
Iogurte Mirtilo Biológico,Continente Bio,emb. 500 gr (4 un),"€1,49/un","€2,98/kg"
Bebida Vegetal de Soja Chocolate,Alpro,emb. 1 lt,"€2,39/un","€2,39/lt"
Iogurte Proteína Stracciatella,Yopro,emb. 160 gr,"€1,09/un","€6,81/kg"
Iogurte Morango Vidro,Glint,emb. 250 gr (2 un),"€1,89/un","€7,56/kg"
Creme Vegetal de Soja para Culinária Biológico,Joya,emb. 200 ml,"€1,59/un","€7,95/lt"
Bebida Vegetal de Arroz Biológica,Continente Bio,emb. 1 lt,"€1,59/un","€1,59/lt"
Leite Infantil +3A,Mimosa,emb. 1 lt,"€1,79/un","€1,79/lt"
Iogurte Líquido Proteína Kvarg Pro+ Framboesa e Baunilha,Lindahls,emb. 330 gr,"€1,89/un","€5,73/kg"
Iogurte Manga e Baunilha Biológico,Andechser,emb. 400 gr,"€2,29/un","€5,73/kg"
Iogurte Bifidus Pedaços Magro Aveia e Linhaça,Activia,emb. 480 gr (4 un),"€2,19/un","€4,76/kg"
Iogurte Natural Biológico,Andechser,emb. 150 gr,"€0,72/un","€4,80/kg"
Leite Magro Açores,Continente Equilíbrio,emb. 1 lt,"€0,83/un","€0,83/lt"
Iogurte Líquido +Proteína Café,Continente,emb. 280 gr,"€0,99/un","€3,54/kg"
Iogurte Duplomix Choco Cereais Infantil,Continente,emb. 128 gr,"€0,49/un","€3,83/kg"
Natilhas de Baunilha,Continente,emb. 500 gr (4 un),"€1,09/un","€2,18/kg"
Iogurte Líquido Proteína Caramelo,Yopro,emb. 300 gr,"€1,89/un","€6,30/kg"
Iogurte Proteína Coco,Yopro,emb. 160 gr,"€1,09/un","€6,81/kg"
Bebida Vegetal de Aveia 0% Açúcar,Shoyce,emb. 1 lt,"€1,75/un","€1,75/lt"
Iogurte Grego Natural Açucarado sem Lactose,Continente,emb. 240 gr (2 un),"€1,49/un","€6,21/kg"
Yofu Soja Manga sem Açúcar,Alpro,emb. 400 gr,"€2,39/un","€5,98/kg"
Yofu Soja Natural Coco,Alpro,emb. 500 gr (4 un),"€2,28/un","€4,56/kg"
Leite Achocolatado sem Lactose,Ucal,emb. 6 x 250 ml,"€6,46/un","€4,31/lt"
Bebida Vegetal de Aveia e Chocolate,Oatly,emb. 1 Lt,"€2,07/un","€2,07/lt"
Iogurte Natural Biológico,Pur Natur,emb. 750 gr,"€3,99/un","€5,32/kg"
Yofu Soja Ananás e Maracujá Sem Açúcar,Alpro,emb. 400 gr,"€2,39/un","€5,98/kg"
Natas Frescas,Longa Vida,emb. 200 ml,"€2,19/un","€10,95/lt"
Queijinho com Sabor Morango e Banana Squeezy,Yoco,emb. 320 gr (4 un),"€2,19/un","€6,84/kg"
Puré Maçã Frutos vermelhos,Pom'Bel,4 x 100 gr,"€2,49/un","€6,23/kg"
Iogurte Grego Avelã,Oikos,emb. 440 gr (4 un),"€2,39/un","€5,43/kg"
Galão sem Lactose,Ucal,emb. 3 x 200 ml,"€2,47/un","€4,12/lt"
Creme para Barrar Sabor a Manteiga,Becel Pro Activ,emb. 225 gr,"€2,39/un","€10,62/kg"
Iogurte Grego Mythos Ligeiro Natural,Continente Equilíbrio,emb. 500 gr (4 un),"€1,49/un","€2,98/kg"
Iogurte Pedaços Morango,Mimosa,emb. 480 gr (4 un),"€1,49/un","€3,10/kg"
Gelatina Pronta Vegetal Frutos Silvestres,Koala,emb. 130 gr,"€1,16/un","€8,92/kg"
Leite Aromatizado com Cereais,Mimosa,emb. 4 x 200 ml,"€1,99/un","€2,49/lt"
Iogurte Skyr Natural,Continente Equilíbrio,emb. 150 gr,"€0,69/un","€4,60/kg"
Iogurte Grego Magro Natural,Yaos,emb. 440 gr (4 un),"€2,19/un","€4,98/kg"
Gelatina Pronta Vegetal Coco,Koala,emb. 130 gr,"€1,08/un","€8,31/kg"
Iogurte Líquido Proteína Stracciatella Pro+,Lindahls,emb. 330 gr,"€1,89/un","€5,73/kg"
Creme Catalana,Reina,emb. 206 gr (2 un),"€1,96/un","€9,51/kg"
Vegegurte Frutos Vermelhos,Continente,emb. 400 gr (4 un),"€1,19/un","€2,98/kg"
Iogurte Grego Natural,Yaos,emb. 450 gr,"€1,99/un","€4,42/kg"
Natas Frescas,Mimosa,emb. 200 ml,"€1,89/un","€9,45/lt"
Leite Infantil 1-3A,Mimosa,emb. 1 lt,"€1,79/un","€1,79/lt"
Iogurte Grego Natural,Mimosa,emb. 440 gr (4 un),"€2,19/un","€4,98/kg"
Iogurte Líquido +Proteína Baunilha,Continente,emb. 280 gr,"€0,99/un","€3,54/kg"
Banha de Porco,Continente,emb. 450 gr,"€1,49/un","€3,31/kg"
Gelatina Pronta Maracujá,Condi,emb. 400 gr (4 un),"€1,79/un","€4,48/kg"
Creme de Baunilha e Chantilly,Danet,emb. 400 gr (4 un),"€1,99/un","€4,98/kg"
Iogurte Grego Coco,Yaos,emb. 440 gr (4 un),"€2,19/un","€4,98/kg"
Bebida Vegetal de Soja Biológica,Continente Bio,emb. 1 lt,"€1,19/un","€1,19/lt"
Bebida Vegetal de Amêndoa 0%,Shoyce,emb. 1 lt,"€1,85/un","€1,85/lt"
Iogurte Bifidus Magro Natural,Activia,emb. 480 gr (4 un),"€1,99/un","€4,15/kg"
Clara de Ovo Líquida Pasteurizada,Dovo,emb. 320 ml,"€1,15/un","€3,29/lt"
Kefir Biológico,Andechser,emb. 500 gr,"€1,89/un","€3,78/kg"
Bebida Vegetal de Aveia,Alpro,emb. 1 lt,"€2,39/un","€2,39/lt"
Sobremesa Soja Chocolate,Continente,emb. 400 gr (4 un),"€1,69/un","€4,23/kg"
Leite Magro com Amêndoa sem Lactose,Mimosa,emb. 1 lt,"€1,69/un","€1,69/lt"
Iogurte Bifidus Pedaços Magro Chia e Amêndoa,Activia,emb. 480 gr (4 un),"€2,19/un","€4,76/kg"
Gelatina Pronta Vegetal Morango,Koala,emb. 130 gr,"€1,16/un","€8,92/kg"
Bebida Vegetal de Amêndoa Biológica,Rude Health,emb. 1 lt,"€2,62/un","€2,62/lt"
Bebida Vegetal de Soja Baunilha,Vive Soy,emb. 1 lt,"€2,59/un","€2,59/lt"
Creme para Barrar Original,Becel Pro Activ,emb. 225 gr,"€2,39/un","€10,62/kg"
Iogurte Grego Morango,Mimosa,emb. 440 gr (4 un),"€2,19/un","€4,98/kg"
Mousse de Chocolate Rica em Proteína,Ehrmann,emb. 200 gr,"€1,99/un","€9,95/kg"
Bebida Vegetal de Avelã,Rude Health,emb. 1 lt,"€2,89/un","€2,89/lt"
Creme Vegetal de Soja para Barrar,Planta,emb. 250 gr,"€1,99/un","€7,96/kg"
Queijo de Ovelha Amanteigado de Seia,Continente,emb. 500 gr,"€8,89/un","€17,78/kg"
Bebida Vegetal de Aveia Barista,Oatly,emb. 1 lt,"€2,07/un","€2,07/lt"
Bebida Vegetal de Arroz Light Biológica,Isola Bio,emb. 1 lt,"€1,99/un","€1,99/lt"
Iogurte Bifidus Kiwi Eleva sem Lactose,Mimosa,emb. 460 gr (4 un),"€1,99/un","€4,33/kg"
Iogurte Bifidus Framboesa e Amêndoa Eleva sem Lactose,Mimosa,emb. 460 gr (4 un),"€1,99/un","€4,33/kg"
Gelatina Pronta Vegetal Ananás,Koala,emb. 130 gr,"€1,16/un","€8,92/kg"
Bebida de Arroz sem Açúcar,Joya,emb. 1 lt,"€1,75/un","€1,75/lt"
Bebida Vegetal de Arroz Original,Shoyce,emb. 3 x 200 ml,"€1,50/un","€2,50/lt"
Iogurte Natural,Danone,emb. 480 gr (4 un),"€1,18/un","€2,46/kg"
Iogurte Grego Mythos Ligeiro Morango,Continente Equilíbrio,emb. 460 gr (4 un),"€1,49/un","€2,98/kg"
Leite Meio Gordo Infantil sem Lactose + 3 Anos,Mimosa,emb. 1 lt,"€1,99/un","€1,99/lt"
Bebida Vegetal de Soja Chocolate,Vive Soy,emb. 1 lt,"€2,59/un","€2,59/lt"
Bebida Vegetal de Soja Natural Light,Alpro,emb. 1 lt,"€2,39/un","€2,39/lt"
Yofu Coco e Ananás,Alpro,emb. 120 gr,"€1,39/un","€11,58/kg"
Gelatina Pronta Ananás Zero % sem Glúten,Condi,emb. 400 gr (4 un),"€2,09/un","€5,23/kg"
Leite Achocolatado Chocopower,Parmalat,emb. 3 x 200 ml,"€1,47/un","€2,45/lt"
Leite UHT com Banana e Pera,Mimosa,emb. 4 x 200 ml,"€1,99/un","€2,49/lt"
Bebida Vegetal de Arroz Integral Biológica,Rude Health,emb. 1 lt,"€2,01/un","€2,01/lt"
Iogurte Mix-In Chocapic Infantil,Nestlé,emb. 236 gr (2 un),"€1,99/un","€8,43/kg"
Natas Frescas,Continente,emb. 200 ml,"€1,34/un","€6,70/lt"
Bebida Vegetal de Aveia sem Glúten Biológica,Rude Health,emb. 1 lt,"€2,45/un","€2,45/lt"
Bebida Vegetal de Amêndoa,Alpro,emb. 250 ml,"€0,99/un","€3,96/lt"
Leite Achocolatado,Milka,emb. 3 x 200 ml,"€2,45/un","€4,08/lt"
Creme Vegetal de Soja Light para Culinária,Shoyce,emb. 200 ml,"€1,25/un","€6,25/lt"
Bebida Vegetal de Soja sem Açúcar,Alpro,emb. 1 lt,"€1,99/un","€1,99/lt"
Leite UHT Meio Gordo Cálcio,Mimosa,emb. 4 x 200 ml,"€1,99/un","€2,49/lt"
Bebida Vegetal de Soja e Arroz Leve,Shoyce,emb. 1 lt,"€1,25/un","€1,25/lt"
Yofu Soja Frutos Vermelhos Sem Açúcar,Alpro,emb. 400 gr,"€2,39/un","€5,98/kg"
Gelatina Pronta Vegetal Maracujá,Koala,emb. 130 gr,"€1,16/un","€8,92/kg"
Leite Infantil +3A,Mimosa,emb. 4 x 200 ml,"€2,19/un","€2,74/lt"
Gelatina Pronta Vegetal Pêssego,Koala,emb. 130 gr,"€1,16/un","€8,92/kg"
Leite Proteína Cacau sem Lactose,Mimosa,emb. 3 x 250 ml,"€2,99/un","€3,99/lt"
Iogurte Grego Caramelo,Mimosa,emb. 440 gr (4 un),"€2,19/un","€4,98/kg"
Iogurte Aroma Morango sem Lactose,Nutrégi,emb. 480 gr (4 un),"€2,21/un","€4,60/kg"
Iogurte Pedaços Frutos do Bosque Biológico,Pur Natur,emb. 150 gr,"€1,55/un","€10,33/kg"
Bebida Vegetal de Soja Biológica,Continente Bio,emb. 3 x 200 ml,"€1,19/un","€1,98/lt"
Iogurte Pedaços Magro Muesli e Cereais,Longa Vida,emb. 480 gr (4 un),"€1,99/un","€4,15/kg"
Yofu Soja Natural Estilo Skyr,Alpro,emb. 400 gr,"€2,39/un","€5,98/kg"
Bebida Vegetal de Aveia e Chocolate sem Açúcar,Shoyce,emb. 1 lt,"€1,85/un","€1,85/lt"
Iogurte Grego Natural,Reina,emb. 500 gr,"€1,85/un","€3,70/kg"
Vegegurte Natural,Continente Equilíbrio,emb. 400 gr (4 un),"€0,99/un","€2,48/kg"
Yofu Soja Morango Estilo Skyr,Alpro,emb. 400 gr,"€2,39/un","€5,98/kg"
Yofu Soja Natural com Amêndoa,Alpro,emb. 500 gr,"€2,99/un","€5,98/kg"
Iogurte Magro Natural sem Lactose,Continente,emb. 500 gr (4 un),"€1,09/un","€2,18/kg"
Iogurte Grego Magro Natural,Yaos,emb. 1 kg,"€3,79/un","€3,79/kg"
Iogurte Natural Cabra Biológico,Andechser,emb. 125 gr,"€1,35/un","€10,80/kg"
Latte Caramelo Macchiato,Starbucks,emb. 220 ml,"€2,09/un","€9,50/lt"
Iogurte Proteína Quark Morango e Framboesa,Mimosa,emb. 280 gr (2 un),"€1,49/un","€5,32/kg"
Natas para Bater,Parmalat,emb. 500 ml,"€2,47/un","€4,94/lt"
Leite de Crescimento Júnior 1-3A,Aptamil,emb. 1 lt,"€2,39/un","€2,39/lt"
Iogurte Grego Natural,Yaos,emb. 1 kg,"€3,79/un","€3,79/kg"
Leite Achocolatado,Cacaolat,emb. 1 lt,"€2,39/un","€2,39/lt"
"Vegegurte Aveia, Romã, Groselha e Pera",Reina,emb. 115 gr,"€0,95/un","€8,26/kg"
Queijinho com Sabor Morango Suissinho,Yoco,emb. 252 gr (6 un),"€1,64/un","€6,51/kg"
Bebida Vegetal de Aveia,Shoyce,emb. 3 x 200 ml,"€1,85/un","€3,08/lt"
Bebida Vegetal de Aveia Biológica,Joya,emb. 1 lt,"€2,05/un","€2,05/lt"
Iogurte Bifidus Pêssego e Cenoura Eleva sem Lactose,Mimosa,emb. 460 gr (4 un),"€1,99/un","€4,33/kg"
Bebida Vegetal de Amêndoa sem Açúcar,Vive Soy,emb. 1 lt,"€2,45/un","€2,45/lt"
Natilhas com Bolacha Maria,Continente,emb. 4 x 125 gr,"€1,29/un","€2,58/kg"
Banha de Porco,Continente,emb. 230 gr,"€0,89/un","€3,87/kg"
Iogurte Bebé Natural +6 Meses,Continente,emb. 400 gr (4 un),"€1,59/un","€3,98/kg"
Iogurte Proteína Quark Stracciatella,Mimosa,emb. 280 gr (2 un),"€1,49/un","€5,32/kg"
Ovos Cozidos,Continente,emb. 4 un,"€1,29/un","€1,29/un"
Bebida Vegetal de Aveia e Amêndoa,Shoyce,emb. 1 lt,"€1,85/un","€1,85/lt"
Iogurte Proteína Quark Natural,Mimosa,emb. 280 gr (2 un),"€1,49/un","€5,32/kg"
Bebida Vegetal de Aveia Biológica,Oatly,emb. 1 lt,"€1,99/un","€1,99/lt"
Bebida Vegetal de Aveia,Oatly,emb. 1 Lt,"€1,83/un","€1,83/lt"
Mousse Proteína Chocolate Negro,Yopro,emb. 200 gr,"€2,19/un","€10,95/kg"
Latte Cappuccino,Starbucks,emb. 220 ml,"€2,09/un","€9,50/lt"
Bebida Vegetal de Soja,Alpro,emb. 3 x 250 ml,"€1,79/un","€2,39/lt"
Ovos de Solo Classe S,Continente,emb. 6 un,"€0,99/un","€1,98/doz"
Manteiga Alho e Ervas,Continente,emb. 125 gr,"€1,99/un","€15,92/kg"
Bebida Vegetal de Coco e Arroz,Joya,emb. 1 lt,"€2,15/un","€2,15/lt"
Leite Infantil 1-3A,Mimosa,emb. 4 x 200 ml,"€2,19/un","€2,74/lt"
Pudim Flan Rico em Proteínas,Reina,emb. 2 x 160 gr,"€2,25/un","€7,03/kg"
Gelatina Frutos Vermelhos +Proteína,Continente,emb. 400 gr (4 un),"€1,19/un","€2,98/kg"
Pudim +Proteína Chocolate,Continente,emb. 200 gr,"€1,14/un","€5,70/kg"
Leite Meio Gordo Infantil sem Lactose + 3 Anos,Mimosa,emb. 4 x 200 ml,"€2,19/un","€2,74/lt"
Bebida Vegetal de Soja Chocolate,Shoyce,emb. 3 x 200 ml,"€1,50/un","€2,50/lt"
Iogurte Bebé Natural +6 Meses,Nestlé,emb. 400 gr (4 un),"€2,39/un","€5,98/kg"
Vegegurte Coco e Baunilha,Reina,emb. 115 gr,"€0,95/un","€8,26/kg"
Iogurte Kefir Mirtilo,Sonatural,emb. 500 gr,"€3,29/un","€6,58/kg"
Bebida Vegetal Chocolate,Wunda,emb. 230 ml,"€0,65/un","€2,83/lt"
Iogurte Natural Biológico,Pur Natur,emb. 150 gr,"€1,25/un","€8,33/kg"
Natilhas de Bolacha Equilíbrio,Reina,emb. 4 x 125 gr,"€1,99/un","€3,98/kg"
Clara de Ovo 100% Líquida,Prozis,emb. 500 gr,"€2,69/un","€5,38/kg"
Iogurte Kefir Morango,Sonatural,emb. 500 gr,"€3,29/un","€6,58/kg"
Bebida Vegetal sem Açúcar,Wunda,emb. 950 ml,"€1,99/un","€2,09/lt"
Bebida Vegetal de Aveia Barista,Alpro,emb. 1 lt,"€2,59/un","€2,59/lt"
Creme Culinário,Planta,emb. 250 gr,"€1,27/un","€5,08/un"
Creme Vegetal de Aveia para Culinária,Oatly,emb. 250 ml,"€1,47/un","€5,88/lt"
Gelatina Pronta Tangerina Zero % sem Glúten,Condi,emb. 400 gr (4 un),"€2,09/un","€5,23/kg"
Bebida Vegetal de Aveia e Cálcio Biológica,Bjorg,emb. 1 lt,"€2,29/un","€2,29/lt"
Bebida Vegetal de Soja Natural com Cálcio,Vive Soy,emb. 1 lt,"€2,15/un","€2,15/lt"
Manteiga sem Sal Biológica,Origens Bio,emb. 125 gr,"€2,85/un","€22,80/kg"
Gelatina Pronta Frutos Vermelhos Proteína,Reina,emb. 400 gr (4 un),"€1,59/un","€3,98/kg"
Iogurte Magro Aroma Tutti Frutti e Coco,Longa Vida,emb. 720 gr (6 un),"€1,99/un","€2,76/kg"
Iogurte Kefir Natural,Nestlé,emb. 500 gr,"€1,99/un","€3,98/kg"
Pudim +Proteína Baunilha,Continente,emb. 200 gr,"€1,14/un","€5,70/kg"
Béchamel sem Glúten,Parmalat,emb. 500 ml,"€2,65/un","€5,30/lt"
Bebida Vegetal de Soja Baunilha,Shoyce,emb. 3 x 200 ml,"€1,50/un","€2,50/lt"
Iogurte Grego Natural,Yaos,emb. 440 gr (4 un),"€2,19/un","€4,98/kg"
Cocogurte Pêssego e Maracujá,Shoyce,emb. 240 gr (2 un),"€1,73/un","€7,21/kg"
Gelatina Pronta Morango 0% sem Glúten,Condi,emb. 400 gr (4 un),"€2,09/un","€5,23/kg"
Bebida Vegetal de Soja Proteína,Alpro,emb. 1 lt,"€1,89/un","€1,89/lt"
Ovos com Ómega 3 Classe M/L,Continente,emb. 6 un,"€1,49/un","€2,98/doz"
Bebida Vegetal de Aveia,Vive Soy,emb. 1 lt,"€2,45/un","€2,45/lt"
Creme Vegetal de Coco para Culinária,Alpro,emb. 250 ml,"€1,69/un","€6,76/lt"
Pudim Flan de Café,Reina,emb. 400 gr (4 un),"€2,34/un","€5,85/kg"
Iogurte Líquido Kefir com Leite de Cabra,Sonatural,emb. 500 gr,"€3,29/un","€6,58/kg"
Creme Vegetal para Barrar sabor a Manteiga,Continente,emb. 250 gr,"€1,19/un","€4,76/kg"
Bebida Vegetal Original,Wunda,emb. 950 ml,"€1,99/un","€2,09/lt"
Gelatina Pronta Amora Zero % sem Glúten,Condi,emb. 400 gr (4 un),"€2,09/un","€5,23/kg"
Cocogurte Mirtilo,Shoyce,emb. 240 gr (2 un),"€1,73/un","€7,21/kg"
Mousse de Baunilha Rica em Proteína,Ehrmann,emb. 200 gr,"€1,99/un","€9,95/kg"
Manteiga com Sal,Agros,emb. 250 gr,"€2,24/un","€8,96/kg"
Caffe Latte Go Chill,Delta,emb. 230 ml,"€0,99/un","€4,30/lt"
Leite UHT Gordo,Agros,emb. 1 lt,"€1,19/un","€1,19/lt"
Nata Cremosa para Bater,Mimosa,emb. 1 lt,"€4,59/un","€4,59/lt"
Bebida Vegetal de Soja Vegetal Cappuccino,Vive Soy,emb. 1 lt,"€2,59/un","€2,59/lt"
Yofu Framboesa e Maracujá,Sojasun,emb. 440 gr (4 un),"€1,99/un","€4,98/kg"
Sobremesa Soja com Chocolate Puro com Cálcio,Alpro,emb. 500 gr (4 un),"€2,89/un","€5,78/kg"
Bebida Vegetal de Amêndoa e Aveia Torrada Biológica,Rude Health,emb. 1 lt,"€2,79/un","€2,79/un"
Creme Culinário,Planta,emb. 500 gr,"€2,39/un","€4,78/un"
Leite Achocolatado Cup,Oreo,emb. 200 ml,"€2,29/un","€11,45/lt"
Caffè Latte,Starbucks,emb. 220 ml,"€2,09/un","€9,50/lt"
Leite Achocolatado,Milka,emb. 200 ml,"€2,09/un","€10,45/lt"
Mousse Proteína Caramelo Salgado e Chocolate,Yopro,emb. 200 gr,"€2,19/un","€10,95/kg"
Bebida Vegetal de Avelã 0% Açúcar,Shoyce,emb. 1 lt,"€2,09/un","€2,09/lt"
Bebida Vegetal de Soja Crescimento 1-3 Anos,Alpro,emb. 1 lt,"€1,89/un","€1,89/lt"
Yofu Pedaços Frutos Silvestres,Sojasun,emb. 400 gr (4 un),"€1,99/un","€4,98/kg"
Leite Proteína Morango,Mimosa,emb. 3 x 250 ml,"€2,99/un","€3,99/lt"
Bebida Vegetal de Aveia Light Biológica,Isola Bio,emb. 1 lt,"€2,29/un","€2,29/lt"
Bebida Vegetal de Amêndoa Torrada,Alpro,emb. 1 lt,"€1,89/un","€1,89/lt"
Bebida Vegetal de Soja Barista,Alpro,emb. 1 lt,"€2,39/un","€2,39/lt"
Manteiga Clarificada Biológica,Seara,emb. 245 gr,"€8,25/un","€33,67/kg"
Bebida Vegetal de Aveia e Chocolate Biológica,Rude Health,emb. 1 lt,"€2,79/un","€2,79/lt"
Natilhas de Chocolate,Continente,emb. 500 gr (4 un),"€1,29/un","€2,58/kg"
Bebida Vegetal de Amêndoa,Vive Soy,emb. 1 lt,"€2,45/un","€2,45/lt"
Bebida Vegetal de Amêndoa sem Glúten Biológica,Rude Health,emb. 250 ml,"€1,25/un","€5,00/lt"
Caramel Macchiato Go Chill,Delta,emb. 230 ml,"€0,99/un","€4,30/lt"
Bebida Vegetal de Amêndoa Proteína sem Açúcar,Joya,emb. 1 lt,"€2,15/un","€2,15/lt"
Pudim +Proteína Caramelo,Continente,emb. 200 gr,"€1,14/un","€5,70/un"
Creme Vegetal de Soja para Bater,Alpro,emb. 250 ml,"€1,69/un","€6,76/lt"
Gelatina Pronta Manga e Limão + Proteína,Condi,emb. 400 gr (4 un),"€3,19/un","€7,98/kg"
Creme Vegetal para Barrar sem Sal Vioblock,Violife,emb. 250 gr,"€2,99/un","€11,96/kg"
Bebida Vegetal de Soja com Chocolate Proteína,Shoyce,emb. 200 ml,"€0,92/un","€4,60/lt"
Gelatina Pronta + Proteína Frutos Vermelhos,Condi,emb. 400 gr (4 un),"€3,19/un","€7,98/kg"
Bebida Vegetal de Frutos Secos sem Açúcar,Vive Soy,emb. 1 lt,"€2,45/un","€2,45/lt"
Bebida Vegetal de Arroz e Amêndoa,Joya,emb. 1 lt,"€2,23/un","€2,23/lt"
Leite Fresco Meio Gordo,Mimosa,emb. 1 lt,"€1,09/un","€1,09/lt"
Gelatina Pronta Banana Proteína,Condi,emb. 80 gr,"€3,14/un","€39,25/kg"
Leite Kefir Natural,Vigor,emb. 4 x 200 ml,"€2,99/un","€3,74/lt"
Bebida Vegetal de Aveia Barista sem Glúten 0% Açúcar Adicionado,Shoyce,emb. 1 lt,"€2,09/un","€2,09/lt"
Bebida Vegetal de Soja Natural,Continente Equilíbrio,emb. 3 x 200 ml,"€0,99/un","€1,65/lt"
Double Espresso Go Chill,Delta,emb. 230 ml,"€1,09/un","€4,74/lt"
Bebida Vegetal de Amêndoa,Rude Health,emb. 1 lt,"€3,14/un","€3,14/lt"
Sobremesa com Maçã,Continente Equilíbrio,emb. 125 gr,"€1,29/un","€10,32/kg"
Latte Frappuccino Baunilha,Starbucks,emb. 250 ml,"€2,39/un","€9,56/lt"
Bebida Vegetal de Amêndoa e Chocolate Biológica,Bjorg,emb. 1 lt,"€4,09/un","€4,09/lt"
Gelatina Pronta Vegetal Morango,Condi,emb. 400 gr (4 un),"€2,14/un","€5,35/kg"
Bebida Vegetal de Amêndoa sem Açúcar Biológica,Bjorg,emb. 1 lt,"€3,35/un","€3,35/lt"
Clara Ovo Proteína Morango,Fullprotein,emb. 320 ml,"€1,84/un","€5,75/lt"
Clara Ovo Proteína Banana,Fullprotein,emb. 320 ml,"€1,84/un","€5,75/lt"
Bebida Vegetal de Caju,Rude Health,emb. 1 lt,"€3,14/un","€3,14/lt"
Bebida Vegetal de Soja Original,Shoyce,emb. 3 x 200 ml,"€1,45/un","€2,42/lt"
Leite Fresco Meio Gordo,Prado Verde,emb. 1 lt,"€0,99/un","€0,99/lt"
Bebida Vegetal de Aveia com Café sem Açúcar Biológica,Joya,emb. 1 lt,"€2,63/un","€2,63/lt"
Bebida Vegetal de Amêndoa e Chocolate com Cálcio Biológica,Bjorg,emb. 3 x 200 gr,"€3,49/un","€5,82/lt"
Natas para Café,Turm,emb. 250 gr,"€1,45/un","€5,80/kg"
Mocha Latte Biológico,Oatly,emb. 235 ml,"€1,99/un","€8,47/lt"
Yofu Soja Ananás e Maracujá sem Açúcar,Alpro,emb. 135 gr,"€0,94/un","€6,96/kg"
Iogurte Líquido Proteína Pro+ Caramelo,Lindahls,emb. 330 ml,"€1,89/un","€5,73/kg"
Creme Vegetal para Barrar,Flora,emb. 225 gr,"€1,99/un","€8,84/kg"
Manteiga Salsa e Alho,Mimosa,emb. 125 gr,"€1,69/un","€13,52/kg"
Pudim de Chocolate Rico em Proteína,Premyer,emb. 200 gr,"€0,99/un","€4,95/kg"
Iogurte Skyr Pouch Morango +Proteína,Continente,emb. 400 gr (4 un),"€2,19/un","€5,48/kg"
Queijinho com sabor Morango e Banana,Continente,emb. 320 gr (4 un),"€1,49/un","€4,66/kg"
Bebida Vegetal de Aveia Light Sabor a Leite,Alpro,emb. 1 lt,"€2,39/un","€2,39/lt"
Yofu Bifidus Natural,Sojasun,emb. 250 gr,"€1,69/un","€6,76/kg"
Kefir Natural,Continente Equilíbrio,emb. 480 gr,"€0,99/un","€2,06/kg"
Iogurte Kefir Morango,Nestlé,emb. 600 gr (6 un),"€2,49/un","€4,15/kg"
Iogurte Líquido Magro Ananás,Mimosa,emb. 906 gr (6 un),"€2,69/un","€2,97/kg"
Vegegurte Coco com Morango,Continente,emb. 240 gr (2 un),"€1,39/un","€5,79/kg"
Iogurte Líquido Banana e Morango,Mimosa,emb. 906 gr (6 un),"€2,69/un","€2,23/kg"
Iogurte Líquido Magro Frutos Tropicais,Mimosa,emb. 1208 gr (8 un),"€2,99/un","€2,48/kg"
Pudim Flan,A Leiteira,emb. 400 gr (4 un),"€1,99/un","€4,98/kg"
Bebida Vegetal de Amêndoa 0%,Continente Equilíbrio,emb. 3 x 200 ml,"€1,69/un","€2,82/lt"
Iogurte Líquido Fruta Exótica Sem Lactose,Mimosa,emb. 906 gr (6 un),"€2,09/un","€3,46/kg"
Leite UHT Magro sem Lactose,Continente,emb. 1l,"€0,99/un","€0,99/lt"
Bebida Vegetal de Aveia Alto Teor Proteína,Joya,emb. 1 lt,"€1,99/un","€1,99/lt"
Iogurte Líquido Pera e Framboesa,Continente,emb. 640 (4 un),"€1,39/un","€2,17/kg"
Pudim de Avelã Rico em Proteína,Premyer,emb. 200 gr,"€0,99/un","€4,95/kg"
Iogurte Proteína Morango,Yopro,emb. 160 gr,"€1,09/un","€6,81/kg"
Iogurte Skyr Natural sem Lactose,Continente,emb. 400 gr,"€1,49/un","€3,73/kg"
Latte Macchiato To Go Chill sem Lactose,Delta,emb. 230 ml,"€0,99/un","€4,30/lt"
Iogurte Grego Caramelo,Yaos,emb. 440 gr (4 un),"€2,19/un","€4,98/kg"
Vegegurte Amêndoa com Frutos Vermelhos,Continente,emb. 240 gr (2 un),"€1,49/un","€6,21/kg"
"Iogurte Bebé Maçã, Banana, Cenoura e Milho",Nestlé,emb. 400 gr (4 un),"€2,39/un","€5,98/kg"
Bebida Vegetal de Soja com sabor a Chocolate,Continente,emb. 1 lt,"€1,29/un","€1,29/lt"
Bebida Láctea Júnior 1-3A,Nestlé Junior,emb. 1 lt,"€2,16/un","€2,16/lt"
Iogurte Líquido Proteína Pêssego e Maracujá,Yopro,emb. 300 gr,"€1,89/un","€6,30/kg"
Pudding Proteico Manteiga de Amendoim,Lindahls,emb. 150 gr,"€1,49/un","€9,93/kg"
Liégeois Chocolate,Nova Maestro,emb. 400 gr (4 un),"€1,25/un","€3,13/kg"
Iogurte Bifidus Aveia Maçã e Canela,Activia,emb. 460 gr (4 un),"€2,19/un","€4,76/kg"
Gelatina Pronta Morango Light,Reina,emb. 600 gr (6 un),"€1,59/un","€2,65/kg"
Creme para Barrar Original,Planta,emb. 900 gr,"€7,69/un","€8,54/kg"
Iogurte Pedaços Ananás 0%,Continente Equilíbrio,emb. 500 gr (4 un),"€1,69/un","€3,38/kg"
Pudim Flan Ovo 0%,Continente,emb 400 gr (4 un),"€1,49/un","€0,37/kg"
Meenteiga Vegetal de Amêndoa e Azeite Vegan Biológica,Yogan,emb. 120 gr,"€3,49/un","€29,08/kg"
Creme Culinário Soja Biológico,Berief,emb. 20 cl,"€1,05/un","€5,25/lt"
Iogurte Grego Ligeiro Morango,Oikos,emb. 440 gr (4 un),"€2,39/un","€5,43/kg"
Creme para Barrar Original,Planta,emb. 225 gr,"€1,99/un","€8,84/kg"
Bebida Vegetal de Avelã,Alpro,emb. 1 lt,"€2,39/un","€2,39/lt"
Bebida Láctea Junior +3A,Nestlé Junior,emb. 1 lt,"€2,16/un","€2,16/lt"
Iogurte Líquido Pinacolada,Yopro,emb. 300 gr,"€1,89/un","€6,30/kg"
Bebida Vegetal de Aveia sem Glúten Biológica,Provida,emb. 1 lt,"€1,89/un","€1,89/lt"
Iogurte Líquido Natural Açucarado sem Lactose,Continente,emb 680 gr (4 un),"€1,40/un","€2,06/kg"
Iogurte Cremoso Natural Açucarado,Continente,emb. 250 gr (2 un),"€0,99/un","€3,96/kg"
Pudim Flan com Ovo sem Lactose,Reina,emb. 400 gr (4 un),"€2,19/un","€5,48/kg"
Iogurte Morango Super Mário Infantil,Danone,emb. 220 gr (2 un),"€1,89/un","€8,59/kg"
Leite UHT Magro Cálcio,Mimosa,emb. 1 lt,"€1,09/un","€1,09/lt"
Leite UHT Magro,Matinal,emb. 1 lt,"€0,98/un","€0,98/lt"
Iogurte Líquido Active Defense Morango,Continente,emb. 1200 gr (12 un),"€2,49/un","€2,08/kg"
Pudding Proteico Caramelo,Lindahls,emb. 150 gr,"€1,49/un","€9,93/kg"
Vegegurte Amêndoa com Pêssego e Maracujá,Continente,emb. 240 gr (2 un),"€1,49/un","€6,21/kg"
Iogurte Mix-In Kit Kat Infantil,Nestlé,emb. 460 gr (4 un),"€3,46/un","€7,52/kg"
Bebida Vegetal de Soja Chocolate,Continente,emb. 3 x 200 ml,"€1,29/un","€2,15/lt"
Creme para Barrar Sabor a Manteiga,Planta,emb. 400 gr,"€3,49/un","€8,73/kg"
Gelatina Pronta 4 Sabores Gelli Light,Reina,emb. 400 gr (4 un),"€1,15/un","€2,88/kg"
Leite UHT Magro Pastagem Açores,Nova Açores,emb. 1 lt,"€0,89/un","€0,89/lt"
Vegegurte Coco Natural,Continente,emb. 240 gr (2 un),"€1,39/un","€5,79/kg"
Vegegurte Aveia e Baunilha Bourbon Biológico,Berief,emb. 150 gr,"€1,15/un","€7,67/kg"
Iogurte Kéfir Natural,Nestlé,emb. 150 gr,"€0,89/un","€5,93/kg"
Mousse de Chocolate de Leite,A Leiteira,emb. 240 gr (4 un),"€1,79/un","€7,46/kg"
Creme Vegetal para Barrar Magro,Becel,emb. 225 gr,"€2,39/un","€10,62/kg"
Yofu Soja Frutos Vermelhos sem Açúcar,Alpro,emb. 135 gr,"€0,94/un","€6,96/kg"
Leite UHT Magro sem Lactose,Gresso,emb. 1 lt,"€1,19/un","€1,19/lt"
Iogurte Pedaços Magro Frutos Vermelhos sem Lactose,Continente,emb. 500 gr (4 un),"€1,89/un","€0,47/un"
Leite UHT Magro Pastagem Açores Biológico,Milhafre,emb. 1 lt,"€0,89/un","€0,89/un"
Yofu Grego Natural,Sojasun,emb. 500 gr (4 un),"€3,19/un","€6,38/kg"
Iogurte +Proteína Stracciatella,Continente,emb. 180 gr,"€0,89/un","€4,94/kg"
Iogurte Líquido +Proteína Morango,Continente,emb. 280 gr,"€0,99/un","€3,54/kg"
"Iogurte Banana, Laranja e Bolacha Bebé",Continente do Bebé,emb. 400 gr (4 un),"€1,59/un","€3,98/kg"
Creme para Barrar Original,Planta,emb. 400 gr,"€3,49/un","€8,73/kg"
Iogurte Magro Kiwi sem Lactose,Mimosa,emb. 604 gr (4 un),"€2,29/un","€3,79/kg"
Pudim de Baunilha Rico em Proteína,Premyer,emb. 200 gr,"€0,99/un","€4,95/kg"
Leite Magro com Coco sem Lactose,Mimosa,emb. 1 lt,"€1,69/un","€1,69/lt"
Bebida Vegetal de Soja 0%,Continente Equilíbrio,emb. 1 lt,"€1,09/un","€1,09/lt"
Iogurte +Proteína Mirtilo,Continente,emb. 180 gr,"€0,89/un","€4,94/kg"
Bebida Vegetal de Soja Barista,Joya,emb. 1 lt,"€1,59/un","€1,59/lt"
Iogurte Líquido Cremoso Magro Laranja e Limão,Mimosa,emb. 604 gr (4 un),"€2,69/un","€4,45/kg"
Iogurte Líquido Ananás,Mimosa,emb. 906 gr (6 un),"€2,09/un","€2,31/kg"
Iogurte Bifidus Pedaços Aveia e Noz,Activia,emb. 920 gr (8 un),"€3,99/un","€4,34/kg"
Bebida Vegetal Aveia Cálcio,Joya,emb. 1 lt,"€2,15/un","€2,15/lt"
Pudim Flan Ovos,Continente,emb. 400 gr (4 un),"€1,49/un","€0,37/kg"
Iogurte Líquido Cremoso Magro Pêssego e Maracujá,Mimosa,emb. 604 gr (4 un),"€2,69/un","€4,45/kg"
Iogurte Líquido Frutos Tropicais,Mimosa,emb. 906 gr (6 un),"€2,09/un","€2,31/kg"
Vegegurte Aveia Biológico,Berief,emb. 150 gr,"€1,09/un","€7,27/kg"
Bebida Vegetal de Soja Proteína Chocolate,Alpro,emb. 250 ml,"€1,09/un","€4,36/lt"
Leite UHT Meio Gordo sem Lactose,Gresso,emb. 1 lt,"€1,19/un","€1,19/lt"
Bebida de Amêndoa sem Glúten,Joya,emb. 1 l,"€1,97/un","€1,97/lt"
Iogurte Pedaços Magro Ananás sem Lactose,Continente,emb. 500 gr (4 un),"€1,89/un","€0,47/un"
Creme para Barrar Sabor a Manteiga Magro,Planta,emb. 225 gr,"€1,99/un","€8,84/kg"
Creme Vegetal Aveia Culinária Biológico,Berief,emb. 20 cl,"€1,05/un","€5,25/lt"
Iogurte Líquido Magro Morango,Mimosa,emb. 906 gr (6 un),"€2,69/un","€2,97/kg"
Mousse Chocolate Negro,A Leiteira,emb. 240 gr (4 un),"€1,79/un","€7,46/kg"
Bebida Arroz Biológica,Joya,emb. 1 l,"€1,89/un","€1,89/lt"
Iogurte Bifidus Fibra Frutos Secos,Activia,emb. 460 gr (4 un),"€2,19/un","€4,76/kg"
Bebida Vegetal de Amêndoa 0%,Continente Equilíbrio,emb. 1 lt,"€1,69/un","€1,69/lt"
Iogurte Proteína Pro+ Amendoim,Lindahls,emb. 150 gr,"€1,09/un","€7,27/kg"
Gelatina Pronta Ananás Gelli Sweet,Reina,emb. 400 gr (4 un),"€1,15/un","€2,88/kg"
Leite Proteína sem Lactose,Mimosa,emb. 1l,"€2,49/un","€2,49/lt"
Iogurte Grego Mythos Melão e Melancia,Continente,emb. 460 gr (4 un),"€1,69/un","€3,67/kg"
Lemoncello,Continente,emb. 2 x 90 gr,"€2,29/un","€12,72/kg"
Iogurte +Proteína Baunilha,Continente,emb. 180 gr,"€0,89/un","€4,94/kg"
Bebida Vegetal de Arroz Natural,Isola Bio,emb. 1 lt,"€2,39/un","€2,39/lt"
Manteiga sem Lactose,Montanari,emb. 125 gr,"€2,89/un","€23,12/kg"
Creme para Barrar Sabor a Manteiga,Planta,emb. 225 gr,"€1,99/un","€8,84/kg"
Bebida Vegetal Soja Biológica,Berief,emb. 1 lt,"€1,35/un","€1,35/lt"
Iogurte Líquido Cremoso Magro Morango e Melancia,Mimosa,emb. 604 gr (4 un),"€1,88/un","€3,11/kg"
Mousse Crocante Baunilha,A Leiteira,emb. 228 gr (4 un),"€1,89/un","€8,29/kg"
Mousse de Caramelo,A Leiteira,emb. 240 gr (4 un),"€1,79/un","€7,46/kg"
Iogurte Bifidus Fibra Pedaços Cereais,Activia,emb. 460 gr (4 un),"€2,19/un","€4,76/kg"
Bebida Vegetal de Amêndoa sem açúcar Biológica,Provida,emb. 1 lt,"€2,39/un","€2,39/lt"
Leite UHT Selecionado Leve,Matinal,emb. 1 lt,"€0,98/un","€0,98/lt"
Iogurte Bifidus Cremoso 0% Baunilha,Activia,emb. 480 gr (4 un),"€1,99/un","€4,15/kg"
Leite UHT Meio Gordo sem Lactose,Agros,emb. 1 lt,"€1,25/un","€1,25/lt"
Iogurte Líquido Defesa Ananás e Coco,Actimel,emb. 600 gr (6 un),"€2,59/un","€4,32/kg"
Bebida Vegetal de Soja Baunilha,Continente,emb. 1 lt,"€1,29/un","€1,29/lt"
Iogurte Banana Super Mário Infantil,Danone,emb. 220 gr (2 un),"€1,89/un","€8,59/kg"
Bebida Vegetal Aveia e Amêndoa Biológica,Berief,emb. 1 lt,"€1,74/un","€1,74/lt"
Yofu Bifidus Mirtilo,Sojasun,emb. 250 gr,"€1,89/un","€7,56/kg"
Creme Vegetal de Soja para Culinária -50% Gordura,Continente,emb. 200 ml,"€1,19/un","€5,95/lt"
Pudim Proteico Chocolate Negro,Alpro,emb. 200 gr,"€1,59/un","€7,95/kg"
Ovos de Ar Livre M/L,Continente,emb. 12 un,"€2,59/un","€2,59/doz"
Iogurte Líquido Morango Biológico,Continente Bio,emb. 720 gr (4 un),"€1,79/un","€2,49/kg"
Yofu Natural,Sojasun,emb. 400 gr,"€1,69/un","€4,23/kg"
Bebida Láctea com Sabor a Cereais Junior 1-3A,Nestlé Junior,emb. 1 lt,"€2,37/un","€2,37/lt"
Bebida Vegetal de Coco sem Açúcar Biológica,Provida,emb. 1 lt,"€2,09/un","€2,09/lt"
Iogurte Grego Natural,Oikos,emb. 900 gr,"€3,99/un","€4,43/kg"
Bebida Vegetal de Soja Proteína Chocolate,Alpro,emb. 1 lt,"€1,89/un","€1,89/lt"
Iogurte Grego Ligeiro Natural,Oikos,emb. 440 gr (4 un),"€2,39/un","€5,43/kg"
Creme Vegetal para Barrar Sabor a Manteiga,Becel,emb. 400 gr,"€3,17/un","€7,93/kg"
Iogurte Líquido Magro Frutos Vermelhos sem Lactose,Continente,emb. 640 gr (4 un),"€1,49/un","€2,33/un"
Bebida Vegetal De Aveia,Isola Bio,emb. 1 lt,"€2,39/un","€2,39/lt"
Iogurte Líquido Morango sem Lactose,Mimosa,emb. 906 gr (6 un),"€2,09/un","€3,46/kg"
Pudim Proteico Caramelo,Yopro,emb. 180 gr,"€1,79/un","€9,94/kg"
Pudim Proteico Chocolate,Yopro,emb. 180 gr,"€1,79/un","€9,94/kg"
Bebida Vegetal de Soja Proteína Caramelo Café,Alpro,emb. 250 ml,"€1,09/un","€4,36/lt"
Leite Achocolatado,É Continente,emb. 6 x 200 ml,"€1,55/un","€1,29/lt"
Yofu Soja Manga sem Açúcar,Alpro,emb. 135 gr,"€0,94/un","€6,96/kg"
Iogurte Skyr Natural,Continente Equilíbrio,emb. 400 gr,"€1,49/un","€3,73/kg"
Iogurte Magro e Gelatina Morango,Mimosa,emb. 720 gr (6 un),"€2,09/un","€2,90/kg"
Delícia de Chocolate,A Leiteira,emb. 250 gr (2 un),"€1,79/un","€7,16/kg"
Creme Vegetal para Barrar Original,Becel,emb. 400 gr,"€3,17/un","€7,93/kg"
Pudim de Caramelo Salgado Rico em Proteína,Premyer,emb. 200 gr,"€0,99/un","€4,95/kg"
Iogurte Pedaços Amora e Framboesa 0%,Continente Equilíbrio,emb. 500 gr (4 un),"€1,69/un","€3,38/kg"
Iogurte Grego Mythos Tarte de Limão,Continente,emb. 460 gr (4 un),"€1,69/un","€3,67/kg"
Iogurte Líquido Papaia e Lima,Continente,emb. 640 gr (4 un),"€1,39/un","€2,17/kg"
Creme para Barrar Sabor a Manteiga,Planta,emb. 900 gr,"€7,69/un","€8,54/kg"
Bebida Vegetal de Aveia Barista Biológica,Joya,emb. 1 lt,"€1,99/un","€1,99/un"
"Iogurte Líquido Cremoso Morango, Chili e Chocolate",Mimosa,emb. 604 gr (4 un),"€2,59/un","€4,29/kg"
Iogurte Magro e Gelatina Framboesa,Mimosa,emb. 720 gr (6 un),"€2,09/un","€2,90/kg"
Mousse Crocante de Chocolate,A Leiteira,emb. 228 gr (4 un),"€1,89/un","€8,29/kg"
Creme Vegetal para Barrar Sabor Manteiga,Becel,emb. 225 gr,"€2,39/un","€10,62/kg"
"Iogurte Líquido Fruta+ Morango, Banana e Maçã",Yoco,emb. 360 gr (4 un),"€1,70/un","€4,72/kg"
Bebida Láctea com Sabor a Bolacha Junior 1-3A,Nestlé Junior,emb. 1 lt,"€2,37/un","€2,37/lt"
Iogurte Líquido Magro Ananás e Coco,Mimosa,emb. 906 gr (6 un),"€2,69/un","€2,97/kg"
Iogurte Líquido Frutos Vermelhos,Mimosa,emb. 1208 gr (8 un),"€2,69/un","€2,23/kg"
Natas UHT para Culinária sem Lactose,Mimosa,emb. 200 ml,"€0,98/un","€4,90/lt"
Bebida Láctea com sabor a Bolacha 1 a 3 Anos,Mimosa,emb. 1 lt,"€1,99/un","€1,99/lt"
Iogurte Mix-In com Smarties Infantil,Nestlé,emb. 480 gr (4 un),"€3,46/un","€7,21/kg"
Iogurte Líquido Proteína Stracciatella,Yopro,emb. 300 gr,"€1,89/un","€6,30/kg"
Bebida Láctea com sabor a Bolacha Maria Junior +3,Nestlé Junior,emb. 1 lt,"€2,37/un","€2,37/lt"
Bebida Vegetal de Arroz Biológica,Provida,emb. 1 lt,"€1,75/un","€1,75/un"
Leite UHT Meio Gordo Biológico,Continente Bio,emb. 1lt,"€0,99/un","€0,99/lt"
Gelatina Pronta Vegetal Gelli Sweet Exótica,Reina,emb. 400 gr (4 un),"€1,19/un","€2,98/kg"
Yofu Coco e Stracciatella,Alpro,emb. 120 gr,"€1,39/un","€11,58/kg"
Iogurte Skyr Pouch Baunilha +Proteína,Continente,emb. 400 gr (4 un),"€2,19/un","€5,48/kg"
Bebida Vegetal de Aveia Sabor a Leite,Alpro,emb. 1 lt,"€2,39/un","€2,39/lt"
Gelatina Pronta Morango Gelli Sweet,Reina,emb. 400 gr (4 un),"€1,15/un","€2,88/kg"
"Vegegurte Aveia, Manga e Maracujá Biológico",Berief,emb. 150 gr,"€1,15/un","€7,67/kg"
Creme Vegetal para Barrar,Flora,emb. 400 gr,"€3,49/un","€8,73/kg"
Leite Proteína Café,Mimosa,emb. 3 x 250 ml,"€2,99/un","€3,99/lt"
Iogurte Líquido Melão e Meloa,Yoggi,emb. 640 gr (4 un),"€1,99/un","€3,11/kg"
Vegegurte Coco com Manga e Maracujá,Continente,emb. 240 gr (2 un),"€1,39/un","€5,79/kg"
Bebida Vegetal Avelã e Cacau,Continente,emb. 3 x 200 ml,"€1,49/un","€2,48/lt"
Bebida Vegetal Aveia Biológica,Berief,emb. 1 lt,"€1,55/un","€1,55/lt"
Iogurte Líquido Cremoso Magro Maçã e Ananás,Mimosa,emb. 604 gr (4 un),"€2,69/un","€4,45/kg"
Peito de Frango em Vácuo,Continente,"emb. 2,20 kg","€6,49/kg","€14,28/un"
Posta de Salmão Fresca,Continente,Quant. Mínima = 500 gr (2 un),"€11,99/kg","€3,00/un"
Carne Picada de Bovino,Continente Fácil & Bom,emb. 400 gr,"€4,69/un","€11,73/kg"
Dourada Média Fresca,Continente,Quant. Mínima = 500 gr (1 un),"€5,49/kg","€2,75/un"
Lombos de Salmão Congelados,Continente,emb. 500 gr (4 un),"€12,49/un","€24,98/kg"
Bife de Peru,Continente,emb. 610 gr,"€7,99/kg","€4,87/un"
Medalhões de Pescada do Cabo Ultracongelados,Pescanova,emb. 1 kg (8/14 un),"€11,59/un","€11,59/kg"
Bacalhau Desfiado MSC Demolhado Ultracongelado,Continente,emb. 500 gr,"€5,99/un","€11,98/kg"
Lombos de Bacalhau da Noruega MSC Demolhado Ultracongelados,Continente,emb. 800 gr,"€11,49/un","€14,36/kg"
Bifes de Frango,Continente,emb. 560 gr,"€6,99/kg","€3,91/un"
Miolo de Camarão 80/100 Ultracongelado,Continente,emb. 250 gr,"€3,49/un","€13,96/kg"
Porção de Salmão Fresco,Continente,Quant. Mínima = 300 gr (2 un),"€2,99/un","€19,93/kg"
Dourada Grande Fresca,Continente,Quant. Mínima = 700 gr (1 un),"€7,99/kg","€5,59/un"
Bifanas de Porco,Continente,emb. 1 kg,"€4,89/kg","€4,89/un"
Lombinhos de Porco,Continente,emb. 570 gr,"€6,99/kg","€3,98/un"
Almôndegas de Bovino Mertolengo DOP,Continente Seleção Fácil & Bom,emb. 500 gr,"€7,49/un","€14,98/kg"
Mimos de Pescada Congelados,Pescanova,emb. 360 gr (6 un),"€3,99/un","€11,08/kg"
Frango Inteiro,Continente,"emb. 1,30 kg (1 un)","€2,49/kg","€3,24/un"
Salmão Fumado Noruega,Continente,emb. 200 gr,"€6,49/un","€32,45/kg"
Lombos de Pescada do Cabo Ultracongelados,Continente,emb. 400 gr,"€3,99/un","€9,98/kg"
Peito de Frango,Continente,"emb. 1,20 kg","€6,79/kg","€8,15/un"
Rojões de Porco,Continente,emb. 600 gr,"€4,89/kg","€2,93/un"
Bifes de Frango Extrafino,Continente,emb. 450 gr,"€8,99/kg","€4,05/un"
Hambúrguer de Bovino com Picanha,Continente Seleção Fácil & Bom,emb. 480 gr (4 un),"€4,99/un","€10,40/kg"
Porções Salmão Ultracongelado,Royal Greenland,emb. 500 gr (5 un),"€12,99/un","€25,98/kg"
Perna de Frango em Vácuo,Continente,"emb. 1,94 kg","€2,79/kg","€5,41/un"
Carne Picada Mista,Continente Fácil & Bom,emb. 400 gr,"€3,99/un","€9,98/kg"
Bifes de Atum Ultracongelados,Continente,emb. 400 gr,"€8,99/un","€22,48/kg"
Coxa de Frango,Continente,emb. 1 kg,"€5,79/kg","€5,79/un"
Peito de Frango sem Osso,Continente,emb. 700 gr,"€6,99/kg","€4,89/un"
Escalopes de Peru Extrafinos,Continente,emb. 900 gr,"€9,49/kg","€8,54/un"
Bacalhau Graúdo 1ª Noruega Seco,Continente,"Quant. Mínima = 2,5 kg","€12,49/kg","€31,23/un"
Perninha de Frango,Continente,emb. 900 gr,"€4,99/kg","€4,49/un"
Almôndegas de Bovino,Continente Fácil & Bom,emb. 400 gr,"€4,49/un","€11,23/kg"
Robalo Grande Fresco,Continente,Quant. Mínima = 700 gr (1 un),"€8,49/kg","€5,94/un"
Miolo de Camarão Grande 40/60 Congelado,Pescanova,emb. 200 gr (40/60 un),"€7,19/un","€35,95/kg"
Lulas Limpas Ultracongeladas,Continente,emb. 1 kg,"€12,99/un","€12,99/kg"
Carne Picada de Bovino Mertolengo DOP,Continente Seleção Fácil & Bom,emb. 500 gr,"€7,49/un","€14,98/kg"
Rolo de Carne de Porco com Queijo e Fiambre,Continente Fácil & Bom,emb. 950 gr,"€6,29/kg","€5,98/un"
Lombos de Bacalhau MSC Ultracongelados,Riberalves,emb. 550 gr (2 un),"€11,69/un","€21,25/kg"
Peito de Frango do Campo,Continente Seleção,emb. 610 gr,"€8,29/kg","€5,06/un"
Robalo Médio Fresco,Continente,Quant. Mínima = 400 gr (1 un),"€7,99/kg","€3,20/un"
Carne Picada de Bovino,Continente Fácil & Bom,emb. 900 gr,"€7,99/un","€8,88/kg"
Bacalhau MSC Desfiado Congelado,Riberalves,emb. 400 gr,"€4,89/un","€12,23/kg"
Filetes de Pescada sem Pele Ultracongelados,Pescanova,emb. 400 gr,"€3,69/un","€9,23/kg"
Lombos de Bacalhau MSC Ultracongelados,Riberalves,emb. 550 gr (2 un),"€13,99/un","€25,44/kg"
Lombos de Salmão MSC Congelados,Iglo,emb. 250 gr (2 un),"€11,49/un","€45,96/kg"
Paloco do Pacífico MSC Desfiado Demolhado Ultracongelado,Continente,emb. 500 gr,"€3,99/un","€7,98/kg"
Filetes de Pescada Ultracongelados,Continente,emb. 1 kg,"€6,99/un","€6,99/kg"
Carne Picada de Bovino Carnalentejana DOP,Continente Seleção Fácil & Bom,emb. 400 gr,"€5,99/un","€14,98/kg"
Lombos de Bacalhau MSC Demolhado Ultracongelados,Continente Seleção,emb. 600 gr,"€14,99/un","€24,98/kg"
Hambúrguer 100% Carne de Bovino Angus Chakall,Prime Meat,emb. 640 gr (4 un),"€6,69/un","€10,45/kg"
Jardineira de Novilho no Balcão,Angus,Quant. Mínima = 600 gr (1 un),"€9,99/kg","€5,99/un"
Polvo Congelado (3 a 4 kg),Continente Seleção,"emb. 3,63 kg","€15,99/kg","€58,04/un"
Postas Médias de Bacalhau MSC Demolhado Congeladas,Continente,emb. 600 gr,"€5,49/un","€9,15/kg"
Lombo de Novilho Fatiado no Balcão,Angus,Quant. Mínima = 540 gr (3 un),"€29,99/kg","€5,40/un"
Polvo Nacional Limpo Ultracongelado,Continente,emb. 1 kg,"€11,99/un","€11,99/kg"
Costeletas do Cachaço de Porco,Continente,emb. 500 gr,"€4,89/kg","€2,45/un"
Tentáculos de Pota Congelados,Continente,"Quant. Mínima = 1,50 kg","€5,99/kg","€8,99/un"
Entremeada com Osso,Continente,emb. 1 kg,"€4,69/kg","€4,69/un"
Lombos de Bacalhau MSC Demolhado Ultracongelados,Continente Seleção,"emb. 1,20 kg","€29,99/un","€24,99/kg"
Espetadas de Peru,Continente Fácil & Bom,emb. 580 gr,"€6,69/kg","€3,88/un"
Lombo de Porco Assar sem Osso,Continente,"emb. 1,75 kg","€4,99/kg","€8,73/un"
Entrecosto de Porco em Tiras,Continente,emb. 720 gr,"€6,99/kg","€5,03/un"
Pescada Média do Cabo MSC para Cozer Ultracongelada,Continente,emb. 600 gr,"€3,59/un","€5,98/kg"
Hambúrguer de Bovino,Continente Fácil & Bom,emb. 480 gr (4 un),"€4,79/un","€9,98/kg"
Hambúrguer de Bovino Carnalentejana DOP,Continente Seleção Fácil & Bom,emb. 465 gr (4 un),"€5,99/un","€12,88/kg"
Lombinhos de Frango,Continente,emb. 440 gr,"€7,99/kg","€3,52/un"
Postas Pescada Nº 5 do Chile para Cozer Ultracongeladas,Pescanova,emb. 800 gr (3/6 un),"€11,99/un","€14,99/kg"
Tranches de Salmão Selvagem MSC Congeladas,Iglo,emb. 250 gr (2 un),"€9,99/un","€39,96/kg"
Robalo Extra Fresco,Continente,Quant. Mínima = 1 kg (1 un),"€11,99/kg","€11,99/un"
Costeletas de Porco,Continente,emb. 980 gr,"€4,89/kg","€4,79/un"
Lombos de Bacalhau MSC Congelados,Riberalves,emb. 1 kg (3 un),"€25,59/un","€25,59/kg"
"Rolo de Carne de Porco com Cogumelos, Bacon e Queijo",Continente Fácil & Bom,emb. 990 gr,"€6,39/kg","€6,33/un"
Cachaço para Assar sem Osso de Porco Osso - Metades,Continente,"emb. 1,23 kg","€4,99/kg","€6,14/un"
Salsichas de Porco Frescas,Continente Fácil & Bom,emb. 500 gr (6 un),"€2,99/un","€5,98/kg"
Filetes de Salmão Congelados,Royal Greenland,emb. 600 gr,"€11,99/un","€19,98/kg"
Medalhões de Pescada do Cabo Ultracongelados,Continente,emb. 400 gr,"€3,69/un","€9,23/kg"
Bacalhau Graúdo Asa Branca 1ª Noruega Seco,Continente,"Quant. Mínima = 2,5 kg","€12,99/kg","€32,48/un"
Salmão Fumado Noruega,Continente,emb. 100 gr,"€3,69/un","€36,90/kg"
Miolo de Camarão Selvagem 60/80 Congelado,Continente,emb. 400 gr,"€7,99/un","€19,98/kg"
Filetes de Robalo ASC Congelados,Iglo,emb. 200 gr (2 un),"€5,99/un","€29,95/kg"
Peixe Espada Preto Fresco,Continente,"Quant. Mínima = 1,50 kg (1 un)","€6,99/kg","€10,49/un"
Mimos de Pescada do Cabo Ultracongelados,Pescanova,emb. 1 kg (15/20 un),"€9,59/un","€9,59/kg"
Carne Picada de Porco,Continente Fácil & Bom,emb. 400 gr,"€2,99/un","€7,48/kg"
Bacalhau Pacífico Desfiado Seco,Continente,emb. 400 gr,"€3,79/un","€9,48/kg"
Pescada Grande do Cabo MSC para Cozer Ultracongelada,Continente,emb. 800 gr,"€5,99/un","€7,49/kg"
Postas Médias de Bacalhau MSC Demolhado Congeladas Pack Poupança,Continente,"emb. 1,2 kg","€7,99/un","€6,66/kg"
Fishburgers de Salmão Congelado,Pescanova,emb. 300 gr (4 un),"€6,39/un","€21,30/kg"
Rolo de Carne de Porco com Farinheira,Continente Fácil & Bom,emb. 970 gr,"€6,39/kg","€6,20/un"
Perna Peru,Continente,Quant. Mínima = 2 kg,"€3,99/kg","€7,98/un"
Choco Limpo Ultracongelado,Pescanova,emb. 500 gr,"€7,99/un","€15,98/kg"
Lulas Recheadas com Carne Ultracongeladas,Continente,emb. 500 gr,"€8,99/un","€17,98/kg"
Camarão Vannamei Aquacultura 20/30 Congelado,Continente,Quant. Mínima = 400 gr (10 un),"€8,99/kg","€0,36/un"
Pescada Inteira Nº 5 do Chile Congelada,Continente,Quant. Mínima = 2 kg,"€11,99/kg","€23,98/un"
Tamboril Cubos Congelado,Continente,emb. 500 gr,"€3,79/un","€7,58/kg"
Miolo de Camarão Selvagem 20/40 Congelado,Continente,emb. 400 gr,"€7,99/un","€19,98/kg"
Frango do Campo Inteiro Com Miúdos,Continente Seleção,"emb. 2,2 kg","€3,49/kg","€7,68/un"
Filetes de Peixe Espada Preto Congelado,Continente,emb. 500 gr,"€12,49/un","€24,98/kg"
Hambúrguer 100% Carne de Novilho Angus,Continente Seleção,emb. 300 gr (2 un),"€3,59/un","€11,97/kg"
Bacalhau Especial Asa Branca 1ª Noruega Seco,Continente,"Quant. Mínima = 3,6 kg","€13,49/kg","€48,56/un"
Perna de Frango Inteira Congelada,Continente,emb. 1 kg,"€3,79/un","€3,79/kg"
Medalhões de Pescada do Cabo Congelados,Pescanova,emb. 2 kg (16/27 un),"€23,99/un","€12,00/kg"
Maminha de Bovino,Continente,"emb. 1,2 kg","€9,99/kg","€11,99/un"
Chambão de Novilho Balcão,Angus,Quant. Mínima = 600 gr (1 un),"€9,99/kg","€5,00/un"
Delícias do Mar sem Glúten Congeladas,Continente,emb. 250 gr,"€0,99/un","€3,96/kg"
Coxa de Frango,Continente,emb. 500 gr,"€5,99/kg","€3,00/un"
Bife de Frango do Campo,Continente Seleção,emb. 500 gr,"€8,49/kg","€4,25/un"
Lulas Limpas Ultracongeladas,Continente,emb. 400 gr,"€4,49/un","€11,23/kg"
Perninha de Frango Congelada,Continente,emb. 1 kg,"€3,99/un","€3,99/kg"
Tentáculos de Pota grandes Congelados,Continente,"emb. 2,5 kg","€5,99/kg","€14,98/un"
Hambúrguer de Bovino Mertolengo DOP,Continente Seleção Fácil & Bom,emb. 460 gr (4 un),"€7,49/un","€16,28/kg"
Gambão 20/30 da Argentina Selvagem Congelado,Continente,Quant. Mínima = 500 gr (10 un),"€9,99/kg","€0,50/un"
Peito de Peru,Continente,emb. 900 gr,"€6,99/kg","€6,29/un"
Lombo de Atum Descongelado,Continente,Quant. Mínima = 310 gr (1 un),"€11,99/kg","€3,72/un"
"Polvo Congelado (0,8 a 1,5 kg)",Continente Seleção,emb. 1 kg,"€11,99/kg","€11,99/un"
Posta de Perca do Nilo Fresca,Continente,Quant. Mínima = 230 gr (1 un),"€9,99/kg","€2,30/un"
Frango para Churrasco,Continente,emb. 930 gr,"€3,49/kg","€3,25/un"
Miolo de Camarão Gigante 15/30 Ultracongelado,Pescanova,emb. 250 gr (15/30 un),"€11,99/un","€47,96/kg"
Bifinhos do Lombo de Porco Finíssimos,Continente,emb. 250 gr,"€1,99/un","€7,96/kg"
Metade de Polvo Congelado,Continente Seleção,"emb. 1,8 kg","€15,99/kg","€28,78/un"
Salmão da Noruega Fumado,Martiko,emb. 80 gr,"€7,19/un","€89,88/kg"
Pargo Mulato Fresco,Continente,Quant. Mínima = 1 kg (1 un),"€6,99/kg","€6,99/un"
Filetes de Pescada do Cabo Congelados,Continente,emb. 800 gr,"€5,99/un","€7,49/kg"
Medalhões Pescada sem Pele Ultracongelados,Pescanova,emb. 400 gr (4 un),"€4,99/un","€12,48/kg"
Filetes de Pescada do Cabo Ultracongelados,Continente,emb. 400 gr,"€4,39/un","€10,98/kg"
Robalo Esteiro Médio Fresco,Continente,Quant. Mínima = 400 gr (1 un),"€9,99/kg","€4,00/un"
Moelas de Frango Congeladas,Perdix,emb. 1 kg,"€2,29/un","€2,29/un"
Filetes de Peixe Gato Riscado Congelados,,emb. 1 kg,"€5,99/un","€5,99/kg"
Bacalhau Especial 1ª Noruega Seco,Continente,"Quant. Mínima = 3,3 kg","€11,99/kg","€39,57/un"
Lombos de Bacalhau Reserva MSC Gourmet Ultracongelados,Riberalves,emb. 1 kg (3 un),"€26,69/un","€26,69/kg"
Jardineira de Bovino para Guisar,Continente,emb. 600 gr,"€9,99/kg","€5,99/un"
Peito de Pato Congelado,Marinhave,emb. 560 gr,"€14,15/kg","€7,92/un"
Escalopes de Bovino,Continente,emb. 270 gr,"€14,49/kg","€3,91/un"
Frango Inteiro,Continente,"emb. 2,80 kg (2 un)","€2,49/kg","€6,97/un"
Perninha de Frango,Continente,emb. 570 gr,"€5,79/kg","€3,30/un"
Bifanas de Porco,Continente,emb. 500 gr,"€4,89/kg","€2,45/un"
Miolo de Camarão 80/100 Ultracongelado,Pescanova,emb. 350 gr,"€6,99/un","€19,97/kg"
Medalhões de Pescada do Cabo MSC Congelados,Continente,emb. 1 kg,"€9,19/un","€9,19/kg"
Vazia de Novilho Fatiado no Balcão,Angus,Quant. Mínima = 500 gr (2 un),"€19,99/kg","€5,00/un"
Red Fish Médio Congelado,Continente,Quant. Mínima = 380 gr,"€3,99/kg","€1,52/un"
Rolo de Carne de Porco com Espinafres e Queijo,Continente Fácil & Bom,"emb. 1,10 kg","€6,39/kg","€7,03/un"
Corvina Fresca,Continente,"Quant. Mínima = 2,5 kg","€6,99/kg","€17,48/un"
"Polvo Congelado (1,5 a 3 kg)",Continente Seleção,"emb. 1,850 kg","€12,99/kg","€24,03/un"
Mini Hambúrguer de Bovino Kids,Continente Fácil & Bom,emb. 400 gr (8 un),"€4,49/un","€11,23/kg"
Pescada Grande Fresca,Continente,"Quant. Mínima = 1,50 kg (1 un)","€6,99/kg","€10,49/un"
Escalopes de Peru Extrafinos,Continente,emb. 510 gr,"€9,79/kg","€4,99/un"
Bife da Vazia de Novilho,Continente,emb. 200 gr,"€18,99/kg","€3,80/un"
Supremas de Bacalhau Ultracongeladas,Pescanova,emb. 400 gr,"€7,39/un","€18,48/kg"
Miolo de Camarão Selvagem 10/30 Congelado,Continente,emb. 250 gr,"€5,89/un","€23,56/kg"
Pá de Novilho Fatiado no Balcão,Angus,Quant. Mínima = 500 gr (2 un),"€11,99/kg","€3,00/un"
Bife da Vazia de Vitela Branca no Balcão,Continente,Quant. Mínima = 600 gr (3 un),"€16,99/kg","€3,40/un"
Salsicha de Peru,Continente Fácil & Bom,emb. 500 gr,"€4,39/un","€8,78/kg"
Amêijoa Vietnamita com Casca Congelada,Continente,Quant. Mínima = 600 gr,"€2,39/kg","€1,43/un"
Filetes de Pangasius Ultracongelados,Pescanova,emb. 600 gr,"€4,99/un","€8,32/kg"
Almôndegas de Porco,Continente Fácil & Bom,emb. 400 gr,"€2,99/un","€7,48/kg"
Lula da Patagónia cortada Congelada,Continente,emb. 400 gr,"€6,99/un","€17,48/kg"
Lombos de Salmão Congelados,Continente,emb. 250 gr (2 un),"€6,49/un","€25,96/kg"
Coelho Inteiro,Continente,"emb. 1,30 kg","€6,49/kg","€8,44/un"
Camarão Tigre Gigante Congelado,Continente,Quant. Mínima = 900 gr (3 un),"€49,99/kg","€15,00/un"
Argolas do Mar Congeladas,Pescanova,emb. 1 kg (60/90 un),"€9,99/un","€9,99/kg"
Osso Buco de Vitela Branca Congelado,Continente,emb. 830 gr,"€9,99/kg","€8,29/un"
Bifes da Perna de Peru,Lusiaves,emb. 610 gr,"€6,39/kg","€3,90/un"
Camarão Cozido 30/50 Fresco,Continente,Quant. Mínima = 300 gr (10 un),"€11,99/kg","€0,36/un"
Salmão Fumado Marinado da Noruega,Continente,emb. 80 gr,"€3,99/un","€49,88/kg"
Salmão Inteiro Fresco,Continente,"Quant. Mínima = 3,63 kg (1 un)","€10,99/kg","€39,89/un"
Alcatra de Novilho Fatiado no Balcão,Angus,Quant. Mínima = 500 gr (2 un),"€16,49/kg","€4,12/un"
Entrecosto de Porco para Grelhar,Continente,emb. 750 gr,"€5,99/kg","€4,49/un"
Carne Picada de Bovino,Continente Seleção Fácil & Bom,emb. 400 gr,"€4,99/un","€12,48/kg"
Linguado Selvagem Fresco,Continente,Quant. Mínima = 400 gr (1 un),"€14,99/kg","€6,00/un"
Tiras de Pota Ultracongeladas,Pescanova,emb. 500 gr,"€5,29/un","€10,58/kg"
Entrecôte de Novilho,Continente,emb. 350 gr,"€16,99/kg","€5,95/un"
Tiras Braseadas Proteína Vegetal,Garden Gourmet,emb. 175 gr (25 un),"€3,19/un","€18,23/kg"
Salmão Selvagem Alaska Fumado,Martiko,emb. 80 gr,"€7,99/un","€99,88/kg"
Picanha de Bovino América do Sul,Continente,"emb. 1,41 kg","€19,49/kg","€27,48/un"
Pescada Média do Cabo MSC para Fritar Ultracongelada,Continente,emb. 400 gr,"€2,59/un","€6,48/kg"
Bacalhau Especial 1ª Islândia Seco,Continente Seleção,"Quant. Mínima = 3,3 kg","€14,99/kg","€49,47/un"
Tiras de Salmão Fumado da Noruega,Continente,emb. 2 x 50 gr,"€3,09/un","€30,90/kg"
Picanha de Bovino Fatiada América do Sul Congelada,Continente,"emb. 1,1 kg","€18,99/kg","€20,89/un"
Bife Extra de Vitelão,DOP Mertolenga,emb. 330 gr,"€16,99/kg","€5,61/un"
Posta de Maruca Congelada,Continente,emb. 240 gr,"€10,99/kg","€2,64/un"
Hambúrguer Beyond Burger,Beyond Meat,emb. 226 gr (2 un),"€4,99/un","€22,08/kg"
Picanha de Bovino,Continente,"emb. 1,28 kg","€12,99/kg","€16,63/un"
Posta de Peixe Espada Preto Fresca,Continente,Quant. Mínima = 600 gr (2 un),"€9,99/kg","€14,99/un"
Tiras de Pota Congeladas,Continente,emb. 700 gr,"€4,99/un","€7,13/kg"
Robalo do Alto Mar Fresco,Continente,"Quant. Mínima = 1,2 kg (1 un)","€24,99/kg","€29,99/un"
Camarão Vannamei Aquacultura 60/80 Congelado,Continente,Quant. Mínima = 200 gr (10 un),"€7,99/kg","€0,16/un"
Bife da Vazia de Bovino - Carne Maturada,Continente Seleção,emb. 200 gr,"€4,99/un","€24,95/kg"
Rolo de Carne de Novilho com Queijo e Fiambre,Continente Fácil & Bom,emb. 960 gr,"€8,99/kg","€8,63/un"
Lula Limpa 20/40 Ultracongelada,Pescanova,emb. 450 gr,"€7,19/un","€15,98/kg"
Almôndega de Novilho Chakall,Prime Meat,emb. 408 gr (12 un),"€5,59/un","€13,70/kg"
Bacalhau Desfiado Ultracongelado,Pescanova,emb. 400 gr,"€7,39/un","€18,48/kg"
Posta Tradicional de Bacalhau MSC Ultracongelada,Riberalves,emb. 750 gr (3 un),"€11,69/un","€15,59/kg"
Lombos de Salmão Congelados,Pescanova,emb. 250 gr (2 un),"€8,79/un","€35,16/kg"
Miolo de Camarão Selvagem 30/50 Congelado,Continente,emb. 250 gr,"€4,99/un","€19,96/kg"
Strogonoff de Frango,Continente,emb. 500 gr,"€8,99/kg","€4,50/un"
Lula recheada com Camarão Congelada,Continente,emb. 500 gr,"€8,99/un","€17,98/kg"
Postas de Bacalhau MSC Congeladas,Continente,emb. 800 gr,"€8,99/un","€11,24/kg"
Miolo de Camarão Panado Congelado,Pescanova,emb. 300 gr (16/20 un),"€7,99/un","€26,63/kg"
Bacalhau Crescido 1ª Noruega Seco,Continente,"Quant. Mínima = 1,6 kg","€11,49/kg","€18,38/un"
Camarão Aquacultura Black Tiger 20/30 Congelado,Continente,Quant. Mínima = 400 gr (10 un),"€11,99/kg","€0,48/un"
Acém Comprido de Novilho Fatiado no Balcão,Angus,Quant. Mínima = 450 gr (1 un),"€11,99/kg","€5,40/un"
Bifinhos do Cachaço de Porco Finíssimos,Continente,emb. 250 gr,"€1,99/un","€7,96/kg"
Lombos de Pescada MSC Congelada,Continente,emb. 1 kg,"€9,89/un","€9,89/kg"
Pescada Inteira Média Congelada,Continente,Quant. Mínima = 560 gr,"€4,49/kg","€2,51/un"
Tentáculos de Polvo Congelados,Continente Seleção,emb. 300 gr,"€17,99/kg","€5,40/un"
Bacalhau Desfiado Congelado,Pescanova,emb. 850 gr,"€9,99/un","€11,75/kg"
Almôndegas Proteína Vegetal,Garden Gourmet,emb. 200 gr (10 un),"€3,19/un","€15,95/kg"
Perna Frango com Costa,Continente,"emb. 1,5 kg","€2,99/kg","€4,49/un"
Jardineira de Peru,Continente,emb. 600 gr,"€8,99/kg","€5,39/un"
Posta Garoupa Congelada,Continente,emb. 210 gr,"€15,99/kg","€3,36/un"
Canjinha de Galinha,Continente,emb. 800 gr,"€3,79/kg","€3,03/un"
Camarão de Moçambique 32/48 Ultracongelado,Pescanova,emb. 800 gr (32/48 un),"€17,99/un","€22,49/kg"
Pá de Porco com Osso,Continente,"emb. 2,10 kg","€3,99/kg","€8,38/un"
Postas de Maruca Congeladas,Continente,emb. 600 gr,"€9,79/un","€16,32/kg"
Tentáculos de Pota Cozidos Congelados,Continente,emb. 400 gr,"€6,59/un","€16,48/kg"
Jardineira de Bovino Biológica,Biologic,emb. 400 gr,"€5,49/un","€13,73/kg"
Picanha de Bovino Fatiada no Balcão,Angus,"emb. 1,26 kg (13 Fatias)","€19,99/kg","€25,19/un"
Miolo de Mexilhão Ultracongelado,Continente,emb. 250 gr,"€1,59/un","€6,36/kg"
Pescada Inteira Grande Congelada,Continente,Quant. Mínima = 1 kg,"€4,99/kg","€4,99/un"
Lombo de Bovino América do Sul Congelado,Continente,"emb. 1,75 kg","€29,99/kg","€52,48/un"
Camarão Cozido 25/35 Fresco,Continente,Quant. Mínima = 300 gr (10 un),"€12,99/kg","€0,39/un"
Lombos de Bacalhau do Atlântico Ultracongelados,Pescanova,emb. 600 gr,"€12,99/un","€21,65/kg"
Preparado para Mariscada sem Glúten,Continente,emb. 700 gr,"€5,99/un","€8,56/kg"
Caldeirada de Bacalhau MSC Demolhado Ultracongelada,Continente,emb. 700 gr,"€3,49/un","€4,99/kg"
Bife do Lombo de Bovino - Carne Maturada,Continente Seleção,emb. 200 gr,"€7,99/un","€39,95/kg"
Posta de Solha Congelada,Continente,emb. 800 gr,"€4,29/un","€5,36/kg"
Filetes de Dourada ASC Congelados,Iglo,emb. 200 gr (2 un),"€5,99/un","€29,95/kg"
Lombo da Pá de Bovino,Angus,emb. 200 gr,"€4,99/un","€24,95/kg"
Choco com Tinta Fresco,Continente,Quant. Mínima = 800 gr,"€10,99/kg","€8,79/un"
Perninha de Frango do Campo,Continente Seleção,emb. 500 gr,"€7,99/kg","€4,00/un"
Posta de Pescada do Chile nº5 Congelada,Continente,emb. 220 gr,"€10,99/kg","€2,42/un"
Lombos de Perca do Nilo Congelados,Continente,emb. 400 gr,"€6,99/un","€17,48/kg"
Pescada Inteira Nº 3 do Chile a Bordo Congelada,Continente,"Quant. Mínima = 1,42 kg","€8,99/kg","€12,77/un"
Cocktail Marisco Ultracongelado,Continente,emb. 500 gr,"€4,99/un","€9,98/kg"
Postas Tradicionais de Bacalhau MSC Ultracongeladas,Riberalves,emb. 550 gr (2 un),"€10,89/un","€19,80/kg"
Lula Cortada da Patagónia Congelada,Pescanova,emb. 400 gr,"€7,19/un","€17,98/kg"
Lombos de Salmão ASC Congelados,Iglo,emb. 375 gr (3 un),"€16,49/un","€43,97/kg"
Pescada do Chile nº5 para cozer Congelada,Continente,emb. 600 gr,"€7,99/un","€13,32/kg"
Perna de Peru,Continente,"emb. 1,80 kg","€4,99/kg","€8,98/un"
Linguado Fresco,Continente,Quant. Mínima = 350 gr (1 un),"€17,99/kg","€6,30/un"
Perna de Frango do Campo,Continente Seleção,emb. 650 gr,"€7,49/kg","€4,87/un"
Miolo de Camarão Selvagem 100/200 Congelado,Continente,emb. 400 gr,"€4,49/un","€11,23/kg"
Carapau Médio Fresco,Continente,Quant. Mínima = 460 gr (2 un),"€3,99/kg","€0,92/un"
Costeletas Mistas de Borrego,Continente,emb. 550 gr,"€14,99/kg","€8,24/un"
Hambúrguer de Porco,Continente Fácil & Bom,emb. 480 gr (4 un),"€2,99/un","€6,23/kg"
Carapau Pequeno 20/30 Fresco,Continente,Quant. Mínima = 700 gr (7 un),"€3,99/kg","€0,40/un"
Vazio Alto com Osso Novilho Fatiado no Balcão,Angus,Quant. Mínima = 500 gr (1 un),"€14,99/kg","€7,50/un"
Miolo de Camarão Selvagem Cozido 60/80 Congelado,Continente,emb. 250 gr,"€3,99/un","€15,96/kg"
Posta de Tamboril Ultracongelado,Continente,emb. 500 gr,"€12,99/un","€25,98/kg"
Lula da Patagónia Inteira Congelada,Continente,emb. 850 gr,"€7,99/un","€9,40/kg"
Bacalhau Graúdo 1ª Islândia Seco,Continente Seleção,"Quant. Mínima = 2,1 kg","€14,49/kg","€30,43/un"
Lombos de Pescada Congelados,Pescanova,emb. 360 gr (4 un),"€7,19/un","€19,97/kg"
Perna de Pato Congelada,Marinhave,emb. 480 gr,"€6,49/kg","€3,12/un"
Lombinho de Porco Ibérico Fatiado no Balcão,Continente,Quant. Mínima = 350 gr (1 un),"€14,99/kg","€6,00/un"
Polvo Fresco,Continente,"Quant. Mínima = 1,5 kg","€9,99/kg","€14,99/un"
Cubos de Tamboril,Mar Ibérica,emb. 250 gr,"€5,69/un","€22,76/kg"
Strogonoff de Peru,Continente,emb. 560 gr,"€7,99/kg","€4,47/un"
Maminha de Bovino Inteira,Angus,"emb. 1,1 kg","€14,99/kg","€16,49/un"
Delícias do Mar sem Glúten Ultracongeladas,Pescanova,emb. 450 gr,"€2,99/un","€6,64/kg"
Asa de Frango,Continente,emb. 900 gr,"€2,79/kg","€2,51/un"
Bifinhos da Perna de Porco Finíssimos,Continente,emb. 250 gr,"€1,99/un","€7,96/kg"
Preparado para Arroz de Marisco sem Glúten Congelado,Pescanova,emb. 500 gr,"€4,79/un","€9,58/kg"
Alas de Raia sem Pele Congeladas,Continente,emb. 700 gr,"€7,49/un","€10,70/kg"
Lula Nacional Fresca,Continente,Quant. Mínima = 480 gr (3 un),"€14,99/kg","€2,40/un"
Posta Garoupa Legitima Fresca,Continente,Quant. Mínima = 350 gr (1 un),"€21,99/kg","€7,70/un"
Potas Congeladas,Continente,Quant. Mínima = 600 gr (2 un),"€4,99/kg","€1,50/un"
Salmão Fumado da Noruega Eco Biológico,Martiko,emb. 80 gr,"€7,99/un","€99,88/kg"
Entremeada Fatiada de Porco Finíssimos,Continente,emb. 250 gr,"€1,99/un","€7,96/kg"
Carne Picada de Bovino Biológica,Biologic,emb. 400 gr,"€5,99/un","€14,98/kg"
Miolo de Gambão 20/40 Congelado,Pescanova,emb. 200 gr (20/40 un),"€9,99/un","€49,95/kg"
Costeletas do Lombo de Porco,Continente,emb. 420 gr,"€4,89/kg","€2,05/un"
Camarão Madagáscar Selvagem Ultracongelado,Continente,emb. 400 gr,"€3,99/un","€9,98/kg"
Maminha de Bovino Fatiada no Balcão,Angus,"emb. 1,3 kg (10 Fatias)","€14,99/kg","€1,95/un"
Lula Refrigerada,Continente,Quant. Mínima = 360 gr (2 un),"€11,99/kg","€2,16/un"
Bife de Alcatra Biológico,Biologic,emb. 300 gr,"€6,99/un","€23,30/kg"
Amêijoa Branca Grande,Continente,"emb. 1,13 kg","€7,99/kg","€9,03/un"
Almôndegas de Bovino Biológicas,Biologic,emb. 380 gr (12 un),"€5,79/un","€15,24/kg"
Lombinhos de Peru,Turkey Lovers,emb. 520 gr,"€7,49/kg","€3,89/un"
Lombos de Pescada MSC Congelados,Iglo,emb. 400 gr (4 un),"€7,15/un","€17,88/kg"
Cantaril da Costa Fresco,Continente,Quant. Mínima = 500 gr (1 un),"€11,99/kg","€6,00/un"
Pernil de Porco Slow Cooked,Continente Fácil & Bom,emb. 1 kg,"€6,99/kg","€6,99/un"
Costeletas de Porco Ibérico no Balcão,Legado,Quant. Mínima = 500 gr (2 un),"€11,99/kg","€1,80/un"
Picanha de Bovino América do Sul,Continente Seleção,emb. 200 gr,"€5,29/un","€26,45/kg"
Lombos de Salmão temperados com Alho Congelados,Continente,emb. 250 gr (2 un),"€6,99/un","€27,96/kg"
Bifinhos do Lombo de Porco,Continente,emb. 480 gr,"€6,49/kg","€3,12/un"
Camarão Vannamei 24/40 Ultracongelado,Pescanova,emb. 800 gr (24/40 un),"€11,99/un","€14,99/kg"
Costeletas do Cachaço de Porco Duroc no Balcão,Continente Seleção,Quant. Mínima = 560 gr (2 un),"€5,99/kg","€1,20/un"
Choco Limpo Higienizado Congelado,Continente,Quant. Mínima = 800 gr,"€12,99/kg","€10,39/un"
Miolo de Amêijoa Dourada Ultracongelada,Continente,emb. 250 gr,"€2,49/un","€9,96/kg"
Salmão Fumado da Escócia,Martiko,emb. 80 gr,"€7,99/un","€99,88/kg"
Postas de Bacalhau Ultracongeladas,Pescanova,emb. 700 gr,"€10,99/un","€15,70/kg"
Lombo de Vitelão Mertolengo,DOP Mertolenga,emb. 320 gr,"€27,99/kg","€8,96/un"
Cozido à Portuguesa (oferta enchidos),Continente,emb. 1 kg,"€5,99/kg","€5,99/un"
Rabo de Bovino Congelado,Continente,emb. 900 gr,"€10,49/kg","€9,44/un"
Tranches de Pescada sem Pele Ultracongeladas,Pescanova,emb. 500 gr (6 un),"€4,99/un","€9,98/kg"
Miolo de Gamba Rosa Selvagem de Moçambique 30/40 Congelado,Continente Seleção,emb. 250 gr,"€5,49/un","€21,96/kg"
Mariscada Congelada,Continente Seleção,emb. 800 gr,"€6,99/un","€8,74/kg"
Chicharro 1/3 Fresco,Continente,Quant. Mínima = 370 gr (1 un),"€6,49/kg","€2,40/un"
Picado Powered By Plants,Continente Fácil & Bom,emb. 250 gr,"€3,79/un","€15,16/kg"
Dourada Extra Fresca,Continente,"Quant. Mínima = 1,05 kg (1 un)","€11,99/kg","€12,59/un"
Petinga Inteira Congelada,Frip,emb. 1 kg,"€4,99/un","€4,99/kg"
Bife de Bovino Beijinho,Angus,emb. 200 gr,"€4,99/un","€24,95/kg"
Tentáculos de Polvo Cozido Congelados,Mareasvivas,emb. 200 gr,"€9,99/un","€49,95/kg"
Coelho Metades,Intercoelho,emb. 780 gr,"€8,79/kg","€6,86/un"
Filetes de Peixe Espada Preto Fresco,Continente,Quant. Mínima = 300 gr (3 un),"€17,99/kg","€1,80/un"
Tamboril Fresco,Continente,"Quant. Mínima = 1,5 kg (1 un)","€10,99/kg","€16,49/un"
Panado de Espinafres e Queijo Proteína Vegetal,Garden Gourmet,emb. 180 gr (2 un),"€3,19/un","€17,72/kg"
Lombo Fatiado de Porco Preto,Miguel & Miguel,emb. 250 gr,"€5,49/un","€21,96/kg"
Bacalhau Especial Asa Branca 12 meses Cura Seleção do Chefe Rui Paula,Caxamar,"emb. 3,5 kg","€18,99/kg","€66,47/un"
Cachucho Fresco,Continente,Quant. Mínima = 300 gr (1 un),"€5,99/kg","€1,80/un"
Miolo de Camarão de Madagáscar 30/40 Congelado,Continente Seleção,emb. 250 gr,"€9,99/un","€39,96/kg"
Escalopes de Novilho IGP Açores,Continente Seleção,emb. 260 gr,"€17,99/kg","€4,68/un"
Camarão Cozido 60/80 Fresco,Continente,Quant. Mínima = 450 gr (15 un),"€9,99/kg","€0,30/un"
Delícias do Mar em Forma de Lagosta Ultracongeladas,Continente,emb. 255 gr,"€2,19/un","€8,59/kg"
Postas Pescada Nº 3 do Cabo para Cozer Ultracongeladas,Pescanova,emb. 600 gr (3/5 un),"€4,99/un","€8,32/kg"
Lombo Fatiado de Porco Duroc,Continente Seleção,emb. 530 gr,"€5,99/kg","€3,17/un"
Costeleta da Coxa de Peru,Turkey Lovers,emb. 570 gr,"€9,59/kg","€5,47/un"
Faneca Fresca,Continente,Quant. Mínima = 700 gr (5 un),"€3,99/kg","€0,56/un"
Camarão Vannamei Grande 40/48 Ultracongelado,Pescanova,emb. 800 gr (40/48 un),"€9,99/un","€12,49/kg"
Solha Grande Congelada,Continente,Quant. Mínima = 850 gr,"€4,99/kg","€4,24/un"
Salmão Marinado da Noruega,Martiko,emb. 80 gr,"€7,99/un","€99,88/kg"
Peru Jardineira,Turkey Lovers,emb. 500 gr,"€5,69/un","€11,38/kg"
Posta 2ª Pele Perca do Nilo Congelada,Continente,emb. 230 gr,"€10,99/kg","€2,53/un"
Tiras Marinadas de Proteína Vegetal,Garden Gourmet,emb. 160 gr,"€3,99/un","€24,94/kg"
Truta Salmonada Fresca,Continente,Quant. Mínima = 400 gr (1 un),"€4,99/kg","€2,00/un"
Jardineira de Vitelão Mertolengo,DOP Mertolenga,emb. 390 gr,"€15,99/kg","€6,24/un"
Pastéis de Carne Black Angus,Panidor,emb. 360 gr (6 un),"€5,59/un","€15,53/kg"
Presa de Porco Preto,Miguel & Miguel,emb. 250 gr,"€5,99/un","€23,96/kg"
Hambúrguer de Borrego Congelado,Continente Seleção,emb. 460 gr (4 un),"€6,99/un","€15,20/kg"
Entrecosto de Porco Duroc,Continente Seleção,emb. 880 gr,"€5,99/kg","€5,27/un"
Nuggets Proteína Vegetal,Garden Gourmet,emb. 200 gr (14 un),"€3,19/un","€15,95/kg"
Filetes de Tamboril Congelado,Continente,emb. 250 gr,"€6,99/un","€27,96/kg"
Paloco Pacífico Desfiado Seco,Continente,emb. 400 gr,"€3,49/un","€8,73/kg"
Bacalhau Caras Seco,Continente,Quant. Mínima = 900 gr,"€4,99/kg","€4,49/un"
Escalopes de Bovino Biológicos,Biologic,emb. 300 gr,"€4,19/un","€13,97/kg"
Lombos de Bacalhau Seco,Continente,emb. 600 gr,"€10,99/un","€18,32/kg"
Fishburger de Pescada,Pescanova,emb. 300 gr (4 un),"€4,19/un","€13,97/kg"
Strogonoff de Frango do Campo,Campoaves,emb. 520 gr,"€8,99/kg","€4,67/un"
Salmonete Fresco,Continente,Quant. Mínima = 240 gr (1 un),"€17,99/kg","€4,32/un"
Migas de Bacalhau Ponto Sal Ultracongeladas,Brasmar,emb. 400 g,"€5,49/un","€13,73/kg"
Bifinhos de Lombo de Porco Extratenros,ElPozo,emb. 600 gr,"€5,99/un","€9,98/kg"
Boqueirão em Azeite Virgem Extra,Lorea,emb. 120 gr,"€4,89/un","€40,75/kg"
Raia Inteira Fresca,Continente,Quant. Mínima = 2 kg (1 un),"€5,99/kg","€11,98/un"
Lombo de Porco Ibérico Fatiado no Balcão,Continente,Quant. Mínima = 600 gr (1 un),"€12,99/kg","€12,99/un"
Sardinha Inteira Nacional Congelada,Continente,emb. 1 kg,"€3,99/un","€3,99/kg"
Lombos de Salmão temperados com Limão Congelados,Continente,emb. 250 gr (2 un),"€6,99/un","€27,96/kg"
Bife da Vazia de Vitelão Mertolengo,DOP Mertolenga,emb. 300 gr,"€19,99/kg","€5,60/un"
Língua de Bovino Congelada,Continente,emb. 1 kg,"€7,99/kg","€7,99/un"
Bacalhau Especial 1ª Noruega Seco,Continente Seleção,"Quant. Mínima = 3,2 kg","€13,49/kg","€43,17/un"
Camarão Selvagem de Madagáscar 30/40 Congelado,Continente Seleção,emb. 800 gr,"€24,99/un","€31,24/kg"
Amêijoa Branca Nacional Congelada,Continente,Quant. Mínima = 300 gr,"€6,99/kg","€0,70/un"
Gamba Rosa de Moçambique,Continente Seleção,emb. 800 gr,"€9,99/un","€12,49/kg"
Argolas do Mar Ultracongeladas,Pescanova,emb. 400 gr,"€3,99/un","€9,98/kg"
Camarão Vannamei Gigante 8/16 Congelado,Pescanova,emb. 800 gr (8/16 un),"€19,99/un","€24,99/kg"
Pregado Fresco,Continente,"Quant. Mínima = 1,91 kg","€12,99/kg","€24,81/un"
Bacalhau Rabos Seco,Continente,emb. 700 gr,"€4,99/un","€7,13/kg"
Camarão Cozido 40/60 Fresco,Pescanova,emb. 1 kg (40/60 un),"€11,99/un","€11,99/kg"
Bife Bavette de Bovino,Angus,emb. 200 gr,"€4,99/un","€24,95/kg"
Polvo do Algarve Ultracongelado,Congelagos,emb. 850 gr,"€17,99/kg","€15,29/un"
Pregado Inteiro Fresco,Continente,Quant. Mínima = 2 kg (1 un),"€12,99/kg","€25,98/un"
Filete de Peixe Espada Preto Congelado,Gelpeixe,emb. 300 gr,"€7,99/un","€26,63/kg"
Mexilhão Fresco,Continente,emb. 1 kg,"€2,29/kg","€2,29/un"
Salsichas de Porco Preto,Miguel & Miguel,emb. 400 gr,"€12,99/kg","€5,20/un"
Filetes de Alabote Ultracongelados,Continente,emb. 800 gr,"€5,99/un","€7,49/kg"
Hambúrguer Powered By Plants,Continente Fácil & Bom,emb. 200 gr (2 un),"€3,39/un","€16,95/kg"
Costeleta de Borrego Congelada,Continente,emb. 500 gr,"€16,99/kg","€8,50/un"
Hambúrguer Clássico de Proteína Vegetal,Garden Gourmet,emb. 150 gr (2 un),"€3,19/un","€21,27/kg"
Hambúrguer de Cogumelos,Veg In,emb. 160 gr (2 un),"€3,39/un","€21,19/kg"
Rolo de Carne de Aves,Lusiaves,emb. 600 gr,"€7,49/kg","€4,49/un"
Pojadouro de Vitela Branca Fatiado no Balcão,Continente,Quant. Mínima = 500 gr (2 un),"€14,99/kg","€3,75/un"
Asa de Raia Higienizada Congelada,Continente,emb. 170 gr,"€7,99/kg","€1,36/un"
Rabos de Pescada MSC Congelado,Continente,"emb. 1,5 kg","€4,99/un","€3,33/kg"
Espetadas Ultracongeladas de Porco Preto com Pimentos,Miguel & Miguel,emb. 450 gr,"€12,99/kg","€5,85/un"
Posta de Bovino,Angus,emb. 250 gr,"€5,99/un","€23,96/kg"
Hambúrguer de Azeitona Preta,Veg In,emb. 160 gr (2 un),"€3,39/un","€21,19/kg"
Bife Sete Pá de Novilho IGP Açores,Continente Seleção,emb. 280 gr,"€15,99/kg","€4,48/un"
Camarão Selvagem Moçambique 10/20 Congelado,Continente Seleção,emb. 400 gr,"€13,99/un","€34,98/kg"
Preparado para Mariscada sem Glúten Congelado,Pescanova,emb. 500 gr,"€6,99/un","€13,98/kg"
Almôndegas Powered By Plants,Continente Fácil & Bom,emb. 204 gr,"€3,39/un","€16,62/kg"
Delícias do Mar em Forma de Lagosta Ultracongeladas,Pescanova,emb. 225 gr (2 un),"€2,99/un","€11,73/kg"
Carpaccio de Bovino,Angus,emb. 100 gr,"€4,99/un","€49,90/kg"
Bife Traseiro de Bovino,Continente,emb. 350 gr,"€11,99/kg","€4,20/un"
Besugo Fresco,Continente,Quant. Mínima = 300 gr (1 un),"€8,99/kg","€2,70/un"
Caldeirada de Peixe Congelada,Continente,emb. 850 gr,"€6,49/un","€7,64/kg"
Sapateira Recheada,Mestre João,emb. 250 gr,"€7,49/un","€29,96/kg"
Perninha de Peru,Continente,emb. 800 gr,"€3,49/kg","€2,79/un"
Pota Fresca,Continente,Quant. Mínima = 350 gr,"€4,99/kg","€1,75/un"
Espetadas de Pato Congeladas,Marinhave,emb. 400 gr (2 un),"€7,39/un","€18,48/kg"
Posta de Tintureira Congelada,Continente,emb. 240 gr,"€4,99/kg","€1,20/un"
Tiras de Entrecosto de Porco Preto Congelado,Miguel & Miguel,emb. 500 gr,"€6,49/kg","€3,25/un"
Escalopes de Vitelão Mertolengo,DOP Mertolenga,emb. 300 gr,"€16,99/kg","€5,10/un"
Posta de Corvina 2ª Pele Congelada,Brasmar,emb. 200 gr,"€11,99/kg","€2,40/un"
Hambúrguer Vegan,Revolugreen,emb. 150 gr (2 un),"€3,35/un","€3,35/un"
Carapau Pequeno 30/40 Fresco,Continente,Quant. Mínima = 350 gr (1 un),"€6,99/kg","€2,45/un"
Lombos de Salmão com Pele,Iglo,emb. 250 gr (2 un),"€7,49/un","€29,96/kg"
Fondue de Vitelão Mertolengo,DOP Mertolenga,emb. 360 gr,"€18,99/kg","€18,99/un"
Bocados Mediterrâneos,Revolugreen,emb. 160 gr,"€3,95/un","€3,95/un"
Entrecôte de Vitelão Mertolengo,DOP Mertolenga,emb. 300 gr,"€19,99/kg","€6,00/un"
Miolo de Berbigão Ultracongelado,Continente,emb. 250 gr,"€6,99/un","€27,96/kg"
Secretos de Porco Ibérico Fatiados no Balcão,ElPozo,Quant. Mínima = 500 gr (2 un),"€24,99/kg","€6,25/un"
Dobrada de Bovino Congelada,Indubeira,emb. 970 gr,"€4,99/kg","€4,84/un"
Medalhões de Perca do Nilo Congelados,Continente,emb. 400 gr,"€6,99/un","€17,48/kg"
Filetes de Solha MSC Congelados,Continente,emb. 400 gr,"€6,49/un","€16,23/kg"
Bife de Novilho Entrecôte IGP Açores,Continente Seleção,emb. 250 gr,"€19,99/kg","€4,00/un"
Hambúrguer Deluxe de Proteína Vegetal,Garden Gourmet,emb. 180 gr (4 un),"€3,19/un","€17,72/kg"
Frango Completo aos Pedaços,Continente,emb. 700 gr,"€2,99/kg","€2,09/un"
Posta de Espadarte Congelada,Continente,emb. 400 gr,"€15,99/kg","€6,40/un"
Camarão Tigre Médio 6/8 Congelado,Continente,Quant. Mínima = 420 gr (3 un),"€44,99/kg","€6,30/un"
Asas de Peru,Continente,emb. 630 gr,"€2,49/kg","€1,57/un"
Hambúrguer de Frango Biológico,Biologic,emb. 224 gr (2 un),"€4,19/un","€18,71/kg"
Hambúrguer de Espinafres,Veg In,emb. 160 gr (2 un),"€3,39/un","€21,19/kg"
Postas de Bacalhau Seco,Continente,emb. 600 gr,"€9,99/un","€16,65/kg"
Strogonoff de Vitelão Mertolengo,DOP Mertolenga,emb. 350 gr,"€18,99/kg","€18,99/un"
Caldeirada de Bacalhau MSC 4 Meses,Riberalves,emb. 800 gr,"€6,59/un","€8,24/kg"
Asas de Frango,Continente,emb. 500 gr,"€2,99/kg","€1,50/un"
Mexilhão Meia Concha,Continente,emb. 250 gr,"€4,49/un","€17,96/kg"
Sargo da Costa Fresco,Continente,Quant. Mínima = 450 gr (1 un),"€12,49/kg","€5,62/un"
Bacalhau Graúdo 1ª Noruega,Continente Seleção,"Quant. Mínima = 2,4 kg","€12,49/kg","€29,98/un"
Vuna de Proteína Vegetal,Garden Gourmet,emb. 175 gr,"€5,49/un","€31,37/kg"
Bife do Redondo de Novilho IGP Açores,Continente Seleção,emb. 250 gr,"€16,99/kg","€3,40/un"
Fingers de Soja,Sojasun,emb. 175 gr (6 un),"€4,59/un","€26,23/kg"
Camarão Moçambique Médio 48/64 Ultracongelado,Pescanova,emb. 800 gr (48/64 un),"€22,99/un","€28,74/kg"
Espetada de Lula e Salmão,Continente Fácil & Bom,emb. 370 gr (1 un),"€16,99/kg","€6,29/un"
Salmão Pequeno Fresco,Continente,"Quant. Mínima = 1,86 kg (1 un)","€8,99/kg","€16,72/un"
Longueirão Fresco,Continente,emb. 1 kg,"€7,99/kg","€7,99/un"
Dourada da Costa do Algarve Fresca,Continente,Quant. Mínima = 300 gr (1 un),"€7,99/kg","€2,40/un"
Pescada Pequena Fresca,Continente,Quant. Mínima = 500 gr (2 un),"€5,99/kg","€1,50/un"
Lombo de Bacalhau MSC Higienizado Congelado,Continente,emb. 250 gr,"€17,99/kg","€4,50/un"
Corações de Frango,Continente,emb. 530 gr,"€4,49/kg","€2,38/un"
Caldeirada de Bacallhau Seco,Continente,emb. 700 gr,"€3,99/un","€5,70/kg"
Lombinho de Porco Preto,Miguel & Miguel,emb. 250 gr,"€5,49/un","€21,96/kg"
Falafel de Proteína Vegetal,Garden Gourmet,emb. 190 gr (9 un),"€3,99/un","€21,00/kg"
Sardinha Pequena (Petinga) Fresca,Continente,Quant. Mínima = 300gr (10 un),"€5,99/kg","€0,18/un"
Bife da Vazia de Novilho IGP Açores,Continente Seleção,emb. 250 gr,"€23,99/kg","€6,00/un"
Entrecôte de Bovino América do Sul,Continente Seleção,emb. 250 gr,"€7,99/un","€31,96/kg"
Plumas Porco Preto Congeladas,Miguel & Miguel,emb. 750 gr,"€12,99/kg","€9,74/un"
Bacalhau Fumado,Continente,emb. 80 gr,"€3,69/un","€46,13/kg"
Hambúrguer Salsa e Tomate Vegetal,Sojasun,emb. 200 gr (2 un),"€4,19/un","€20,95/kg"
Hambúrguer Vegetariano de Beringela,Nobre Vegalia,emb. 160 gr (2 un),"€3,49/un","€21,81/kg"
Pato Metades,Marinhave,"emb. 1,46 kg","€4,39/kg","€6,41/un"
Robalo Esteiro Grande Fresco,Continente,Quant. Mínima = 600 gr (1 un),"€12,99/kg","€7,79/un"
Vegan Bites Abóbora & Cenoura,Nobre Vegalia,emb. 160 gr,"€3,49/un","€21,81/kg"
Lombos de Bacalhau MSC Curados com Flor de Sal Congelados,Continente Seleção,emb. 800 gr,"€22,99/un","€28,74/kg"
Porco Tomahawk Fatiado no Balcão,Continente,Quant. Mínima = 400 gr (1 un),"€4,99/kg","€2,00/un"
Hambúrguer de Bovino Biológico,Biologic,emb. 224 gr (2 un),"€3,59/un","€16,03/kg"
Pescada Grande de Anzol Fresca,Continente,Quant. Mínima = 1 kg (1 un),"€10,99/kg","€10,99/un"
Peixe Espada Branco Fresco,Continente,"Quant. Mínima = 1,1 kg (1 un)","€10,99/kg","€12,09/un"
Delícias de Salmão Fumado sem Glúten,Continente,emb. 125 gr,"€0,99/un","€7,92/kg"
Camarão Tigre Moçambique 8/14 Ultracongelado,Pescanova,emb. 500 gr (8/14 un),"€29,99/un","€59,98/kg"
Pérolas do Mar,Pescanova,emb. 300 gr,"€4,86/un","€16,20/kg"
Tiras de Porco Ibérico no Balcão,Continente,Quant. Mínima = 700 gr (1 un),"€11,99/kg","€8,39/un"
Delícias do Mar Congeladas,Pescanova,emb. 250 gr,"€2,48/un","€9,92/kg"
Longueirão Nacional Congelado,Continente,emb. 400 gr,"€4,99/un","€12,48/kg"
Rabos de Pescada Fresca,Continente,emb. 300 gr,"€2,99/un","€9,97/kg"
Hambúrguer Abóbora,Veg In,emb. 160 gr (2 un),"€3,39/un","€21,19/kg"
Lombo de Porco Preto Congelado,Miguel & Miguel,emb. 650 gr,"€23,99/kg","€15,59/un"
Hambúrguer de Tofu e Cogumelos,Cem Porcento,emb. 150 gr,"€3,49/un","€21,81/kg"
Lagartos de Porco Preto,Miguel & Miguel,emb. 250 gr,"€4,99/un","€19,96/kg"
Atum fumado Noruega,Continente,emb. 80 gr,"€3,69/un","€46,13/kg"
Bacalhau Crescido Asa Branca 1ª Noruega Seco,Continente,"Quant. Mínima = 1,5 kg","€11,49/kg","€17,24/un"
Dourada do Alto Mar Fresca,Continente,"Quant. Mínima = 1,4 kg (1 un)","€24,99/kg","€34,99/un"
Perca do Nilo sem Cabeça Congelada,Continente,"Quant. Mínima = 2,2 kg","€8,99/kg","€19,78/un"
Bacalhau Badanas Seco,Continente,emb. 700 gr,"€5,99/un","€8,56/kg"
Redondos de Pescada Congelados,Continente,emb. 500 gr,"€4,49/un","€8,98/kg"
Supremos de Novilho Wagyu & Angus,Angus,emb. 300 gr,"€9,99/un","€49,95/kg"
Camarão Cozido 40/60 Fresco,Pescanova,emb. 500 gr,"€5,99/un","€11,98/kg"
Maruca Inteira Média Congelada,Continente,"Quant. Mínima = 1,5 kg","€12,99/kg","€19,49/un"
Pargo Grande Fresco,Continente,Quant. Mínima = 780 gr (1 un),"€10,99/kg","€8,57/un"
Red Fish Cal 500/700 Congelado,Continente,Quant. Mínima = 600 gr,"€4,99/kg","€2,99/un"
Hambúrguer Cenoura e Algas Biológicas,Cem Porcento,emb. 150 gr,"€3,49/un","€21,81/kg"
Bifanas de Porco Preto,Miguel & Miguel,emb. 250 gr,"€4,99/un","€19,96/kg"
Filete Paloco Congelado,Continente,emb. 800 gr,"€5,99/un","€7,49/kg"
Almôndegas Vegetarianas com Tomate,Revolugreen,emb. 250 gr,"€3,55/un","€3,55/un"
Postas de Pescada Nº5 do Cabo MSC Congeladas,Iglo,emb. 800 gr,"€8,99/un","€11,24/kg"
Sapateira Cozida Congelada,Pescanova,emb. 600 gr,"€15,99/un","€26,65/kg"
Hambúrguer Vegetariano de Espinafres,Nobre Vegalia,emb. 160 gr (2 un),"€3,49/un","€21,81/kg"
Bacalhau Crescido 1ª Noruega,Continente Seleção,"Quant. Mínima = 1,5 kg","€12,49/kg","€19,98/un"
Truta Fresca,Continente,Quant. Mínima = 270 gr (1 un),"€4,49/kg","€1,21/un"
Bife de Veado Congelado,Continente Seleção,emb. 250 gr,"€6,49/un","€25,96/kg"
Perna Frango com Costa,Continente,emb. 750 gr,"€3,49/kg","€2,62/un"
Conquilha Pasteurizada Congelada,Continente,emb. 250 gr,"€4,99/un","€19,96/kg"
Miúdos de Frango do Campo,Continente Seleção,emb. 550 gr,"€3,49/kg","€1,92/un"
Perna de Frango,Continente,emb. 650 gr,"€4,99/kg","€3,24/un"
Metades de Frango do Campo,Continente Seleção,emb. 1 kg,"€3,99/kg","€3,99/un"
Peito de Pato,Marinhave,emb. 250 gr,"€17,79/kg","€4,45/un"
Lombinho de Porco Preto à Portuguesa,Miguel & Miguel,emb. 250 gr,"€6,99/un","€27,96/un"
Hambúrguer Vegetariano com Pimentos Assados,Nobre Vegalia,emb. 160 gr (2 un),"€3,49/un","€21,81/kg"
Bolonhesa Vegetal,Veg In,emb. 320 gr,"€4,65/un","€14,53/kg"
Carne de Porco Preto à Alentejana,Miguel & Miguel,emb. 250 gr,"€6,99/un","€27,96/kg"
Escalope Vegetariano,Nobre Vegalia,emb. 160 gr (2 un),"€3,49/un","€21,81/kg"
Asa de Frango do Campo,Continente Seleção,emb. 650 gr,"€2,99/kg","€1,94/un"
Camarão da Costa Cozido Fresco,Continente Seleção,emb. 250 gr,"€10,99/un","€43,96/kg"
Mão de Vitela sem Osso Congelada,Indubeira,"emb. 2,2 kg","€3,99/kg","€8,78/un"
Camarão Selvagem Cozido 10/20 Refrigerado,Continente Seleção,emb. 500 gr,"€18,99/un","€37,98/kg"
Entrecôte de Bovino Fatiado América do Sul Congelado,BeefCo,emb. 400 gr,"€14,99/kg","€6,00/un"
Chispe de Porco,Continente,emb. 780 gr,"€2,19/kg","€1,71/un"
Moelas de Frango,Continente,emb. 800 gr,"€4,49/kg","€3,59/un"
Tentáculo de Polvo Cozidos Cortados e Congelados,Continente,emb. 200 gr,"€8,99/un","€44,95/kg"
Hambúrguer de Caril,Veg In,emb. 160 gr (2 un),"€3,39/un","€21,19/kg"
Entrecosto de Porco Preto,Miguel & Miguel,emb. 250 gr,"€2,49/un","€9,96/kg"
Espetada de Salmão e Perca Fresca,Continente Fácil & Bom,emb. 200 gr (2 un),"€16,99/kg","€3,40/un"
Posta de Bacalhau MSC Higienizada Congelada,Continente,emb. 350 gr,"€12,99/kg","€4,55/un"
Paloco do Pacífico MSC Desfiado Congelado,Riberalves,emb. 500 gr,"€5,19/un","€10,38/kg"
Cordon Blue de Aves com Queijo,Amadori,emb. 250 gr,"€3,99/un","€15,96/kg"
Camarão Vannamei Cozido 40/45 Ultracongelado,Pescanova,emb. 800 gr (40/45 un),"€13,49/un","€16,86/kg"
Tentáculos Polvo Cozido,Continente,emb. 250 gr,"€10,99/un","€43,96/kg"
Patas de Frango,Continente,emb. 2 kg,"€1,99/kg","€3,98/un"
Lombo de Bacalhau MSC Congelado,Riberalves,emb. 240 gr (1 un),"€5,49/un","€22,88/kg"
Porções Bacalhau MSC,Vivid Foods,emb. 300 gr,"€4,99/un","€16,63/kg"
Lombinho de Porco com Farinheira e Castanhas,Continente Fácil & Bom,emb. 850 gr,"€9,99/kg","€8,49/un"
Postas de Bacalhau Ultracongeladas,Pescanova,emb. 700 gr,"€5,99/un","€8,56/kg"
Verdinho Fresco,Continente,Quant. Mínima = 700 gr (10 un),"€2,99/kg","€0,21/un"
Garoupa Legítima Pequena Fresca,Continente,"Quant. Mínima = 1,80 kg (1 un)","€14,99/kg","€26,98/un"
Pescada Inteira Média do Cabo MSC Congelada,Continente,Quant. Mínima = 1 kg,"€6,99/kg","€6,99/un"
Postas Maruca para Fritas Congeladas,Continente,emb. 600 gr,"€7,99/un","€13,32/kg"
Lombinhos de Salmão,Ubago,emb. 80 gr,"€6,89/un","€86,13/kg"
Miolo de Camarão Moçambique 30/50 Congelado,Pescanova,emb. 250 gr (30/50 un),"€12,99/un","€51,96/kg"
Berbigão Nacional Congelado,Continente,emb. 800 gr,"€4,49/un","€5,61/kg"
Rim de Porco,Continente,emb. 780 gr,"€4,99/kg","€3,89/un"
Lombos de Salmão Biológicos Congelados sem Pele,Origens Bio,emb. 250 gr (2 un),"€15,79/un","€15,79/un"
Ameijoa Japonesa Fresca,Continente,emb. 1 kg,"€10,99/kg","€10,99/un"
Hambúrguer Barbecue Vegetal,Sojasun,emb. 200 gr (2 un),"€4,19/un","€20,95/kg"
Hambúrguer Indiano Vegetal,Sojasun,emb. 200 gr (2 un),"€4,19/un","€20,95/kg"
Moelas de Frango,Continente,emb. 440 gr,"€4,49/kg","€1,98/un"
Camarão Moçambique Cozido 80/100 Fresco,Pescanova,emb. 500 gr (80/100 un),"€6,99/un","€13,98/kg"
Nuggets de Frango Panados,Amadori,emb. 300 gr,"€3,99/un","€13,30/kg"
Anchovas com Azeite Virgem Extra,Lorea,emb. 100 gr,"€4,39/un","€43,90/kg"
Posta Média de Bacalhau MSC Higienizada Congelada,Continente,emb. 350 gr,"€8,99/kg","€3,15/un"
Hambúrguer de Soja com Aveia,Cem Porcento,emb. 150 gr,"€3,49/un","€21,81/kg"
Congro Fresco,Continente,Quant. Mínima = 7 kg (1 un),"€6,99/kg","€48,93/un"
Pargo Grande Fresco,Continente,"Quant. Mínima = 1,1 kg (1 un)","€12,99/kg","€14,29/un"
Mexilhão Inteiro Cozido a Vapor,Pescanova,emb. 800 gr,"€3,99/un","€4,99/kg"
Coelho Olho Preto Inteiro,Continente Seleção,"emb. 1,38 kg","€7,49/kg","€10,34/un"
Lombo de Salmão Fumado,Ubago,emb. 150 gr,"€10,95/un","€73,00/kg"
Lagosta Selvagem de Moçambique Congelada,Continente Seleção,emb. 800 gr (4 un),"€34,99/un","€43,74/kg"
Espadilha Congelado,Filmar,emb. 800 gr,"€3,49/un","€4,36/kg"
Sucedâneo Caviar Preto Caviartic,Ubago,emb. 75 gr,"€2,69/un","€35,87/kg"
Posta de Bacalhau MSC Congelada,Riberalves,emb. 260 gr (1 un),"€4,49/un","€17,27/kg"
Miolo de Camarão Cozido ASC Congelado,Royal Greenland,emb. 200 gr,"€4,99/un","€24,95/kg"
Pescoços de Frango,Continente,emb. 600 gr,"€1,99/kg","€1,19/un"
Amêijoa Vietnamita Castanha Congelada,Gelpeixe,Quant. Mínima = 700 gr,"€4,49/kg","€0,45/un"
Salsicha Toscana,Prisca,emb. 400 gr,"€4,59/un","€11,48/kg"
Asinhas de Peru,Turkey Lovers,emb. 600 gr,"€6,99/kg","€4,19/un"
Savel Fresca,Continente,"Quant. Mínima = 1,4 kg","€7,99/kg","€11,19/un"
Pota Descongelada,Continente,Quant. Mínima = 400 gr (2 un),"€5,99/kg","€1,20/un"
Franguito do Campo Inteiro s/ Miúdos,Campoaves,"emb. 1,1 kg","€5,99/kg","€6,59/un"
Bife da Vazia de Bovino América do Sul Congelado,BeefCo,emb. 400 gr,"€13,99/kg","€5,60/un"
Atum com Molho de Alho,Ficolumé,emb. 110 gr,"€4,99/un","€45,36/kg"
Lombinhos do Mar Ultracongelados,Pescanova,emb. 250 gr,"€1,99/un","€7,96/kg"
Lagosta Congelada,Continente,Quant. Mínima = 150 gr,"€39,99/kg","€6,00/un"
Miúdos de Frango,Continente,emb. 500 gr,"€4,49/kg","€2,25/un"
Canjinha de Frango,Continente Seleção,emb. 760 gr,"€5,49/kg","€4,17/un"
Pizza Vegana,Revolugreen,emb. 455 gr,"€3,35/un","€3,35/un"
Hambúrguer Goji,Veg In,emb. 160 gr (2 un),"€3,39/un","€21,19/kg"
Hambúrguer BurVeg Original Biológico,Soria Natural,emb. 200 gr (2 un),"€4,49/un","€22,45/un"
Panados de Vegetais com Cogumelos,Sojasun,emb. 160 gr (2 un),"€4,19/un","€26,19/kg"
Hambúrguer de Salmão Chili-Limão Panado,Peixe Fácil,emb. 240 gr (2 un),"€3,99/un","€16,63/kg"
Salsicha Crioula,Prisca,emb. 400 gr,"€4,59/un","€11,48/kg"
Bife de Javali Ultracongelado,Continente Seleção,emb. 250 gr,"€5,79/un","€23,16/kg"
Muxama de Atum,Ficolumé,emb. 110 gr,"€5,69/un","€51,73/kg"
Bifes de Soja com Molho Tomate,Cem Porcento,emb. 250 gr,"€4,49/un","€17,96/kg"
Cubos De Atum-Albacora MSC Marinados Congelados,Kold Fin,emb. 200 gr,"€3,79/un","€18,95/kg"
Almôndega de Beterraba,,Quant. Mínima = 140 gr (4 un),"€0,79/un","€22,57/kg"
Tataki de Atum MSC Congelado,Kold Fin,emb.150 gr,"€3,79/un","€25,27/kg"
Tortilha Vegana,Revolugreen,emb. 200 gr,"€1,35/un","€1,35/un"
Bacalhau Graúdo da Noruega,Pescanova,"emb. 3,5 kg","€14,99/kg","€52,47/un"
Bacalhau Especial da Noruega,Pescanova,"emb. 3,5 kg","€15,99/kg","€55,97/un"
Osso Buco de Vitelão,DOP Mertolenga,"emb. 1,7 kg","€16,99/kg","€28,88/un"
Amêijoa Macha Nacional,Aki D'el Mar,emb. 400 gr,"€7,99/un","€19,98/kg"
Posta de Pescada para Fritar Congelada,Continente,emb. 500 gr,"€2,79/un","€5,58/kg"
Pezinhos de Porco,Continente,emb. 1 kg,"€2,99/kg","€2,99/un"
Garoupa Legítima Grande Fresca,Continente,Quant. Mínima = 3 kg (1 un),"€18,99/kg","€56,97/un"
Camarão Cozido 30/50 Fresco,Continente,emb. 600 gr,"€7,19/un","€11,98/kg"
Salmão Fumado Fatiado Ellusch,Hardy,emb. 120 gr,"€8,39/un","€69,92/kg"
Hambúrguer de Salmão e Bacalhau,Continente,emb. 110 gr (2 un),"€1,99/un","€18,09/kg"
Lombinho de Porco 4 Pimentas,ElPozo,emb. 630 gr,"€10,49/kg","€6,57/un"
Salmão Fumado Fatiado,Hardy,emb. 120 gr,"€8,39/un","€69,92/kg"
Tiras de Pota Descongeladas,Continente,Quant. Mínima = 150 gr (1 un),"€6,99/kg","€1,05/un"
Bifes de Porco Biológico,Bio360,emb. 250 gr,"€3,89/un","€15,56/kg"
Polvo Congelado (4 a 6 kg),Continente Seleção,"emb. 4,7 kg","€18,99/kg","€89,25/un"
Espalmado de Cenoura,,Quant. Mínima = 200 gr (2 un),"€1,19/un","€11,90/kg"
Posta Pargo Grande Fresca,Continente,Quant. Mínima = 500 gr,"€15,59/kg","€27,28/un"
Lombo Tamboril Fresco,Continente,Quant. Mínima = 400 gr (2 un),"€21,99/kg","€4,40/un"
Medalhões de Pescada do Cabo,Iglo,"emb. 1,1 kg (10 un)","€17,32/un","€15,75/kg"
Porção de Espadarte Fresco,Continente,emb.140 gr,"€3,99/un","€28,50/kg"
Medalhões de Pescada do Cabo,Iglo,emb. 360 gr (6 un),"€5,82/un","€16,17/kg"
Choco Descongelado,Continente,Quant. Mínima = 900 gr (2 un),"€12,99/kg","€5,85/un"
Camarão Selvagem Cozido 40/60 Fresco,Continente Seleção,emb. 500 gr,"€12,99/un","€25,98/kg"
Gambão no Forno 30/40,Pescanova,emb. 650 gr,"€18,99/un","€23,74/kg"
Orelhas de Porco Congeladas,Continente,emb. 600 gr,"€4,19/kg","€2,51/un"
Ovas de Bacalhau Ultracongeladas,Abrancongelados,Quant. Mínima = 600 gr,"€10,99/un","€18,32/kg"
Gambão Argentino Gigante Cal. 14/22 Congelado,Pescanova,emb.800 gr,"€14,99/un","€18,74/kg"
Filetes de Salmão Frescos,Continente,emb. 300 gr,"€7,99/un","€26,63/kg"
Miolo de Vieira Congelado,Continente Seleção,emb. 250 gr,"€7,99/un","€31,96/kg"
Tentáculos de Pota Congelados,Continente,emb. 500 gr,"€3,99/un","€7,98/kg"
Posta de Salmão Congelada,Abrancongelados,emb. 200 gr,"€12,99/kg","€2,60/un"
Porção de Atum Descongelado,Continente,emb. 120 gr (1 un),"€2,99/un","€24,92/kg"
Tiras de Proteína Vegetal,Nestlé Garden Gourmet,emb. 160 gr,"€3,99/un","€24,94/kg"
Falafel com Grão-de-Bico e Salsa,Gosh!,emb. 200 gr,"€3,99/un","€19,95/kg"
Unhas de Porco Congeladas,Continente,emb. 850 gr,"€2,29/kg","€1,95/un"
Secretos de Porco Congelados,Continente,emb. 900 gr,"€5,99/kg","€5,39/un"
Choco Limpo Congelado,Gelpeixe,emb. 600 gr,"€8,99/un","€14,98/kg"
Preparado para Massada de Marisco sem Glúten,Continente,emb. 800 gr,"€7,99/un","€9,99/kg"
Posta de Pescada para Cozer Congelada,Continente,emb. 500 gr,"€2,79/un","€5,58/kg"
Camarão de Madagáscar 60/80 ASC Congelado,Continente Seleção,emb. 800 gr,"€19,99/un","€24,99/kg"
Filetes Sardinha Fresco,Continente,Quant. Mínima = 200 gr (2 un),"€11,49/kg","€1,15/un"
Polvo Cabeçudo Fresco,Continente,Quant. Mínima = 2 kg,"€7,99/kg","€15,98/un"
Hambúrguer de Beterraba,Gosh!,emb. 250 gr (2 un),"€3,99/un","€15,96/kg"
"Falafel de Batata Doce com Pimento Vermelho, Cominhos e Chili",Gosh!,emb. 200 gr,"€3,99/un","€19,95/kg"
Lombo de Bovino América do Sul Congelado,BeefCo,Quant. Mínima = 400 gr,"€23,99/kg","€9,60/un"
Bacalhau Caras Ultracongelado,Riberalves,emb. 1 kg,"€6,59/un","€6,59/kg"
Safio da Costa Fresco,Continente,Quant. Mínima = 4 kg (1 un),"€5,99/kg","€23,96/un"
Tiras de Entrecosto de Porco Congeladas,Continente,emb. 600 gr,"€6,49/kg","€3,89/un"
Preparado para Arroz de Marisco sem Glúten Congelado,Continente,emb. 800 gr,"€6,99/un","€8,74/kg"
Entrecôte de Bovino - Carne Maturada,Continente Seleção,emb. 200 gr,"€5,99/un","€29,95/kg"
Pizza de Legumes Assados e Queijo Vegetariana,Nobre Vegalia,emb. 360 gr,"€3,49/un","€9,69/kg"
Bacalhau Posta Fina Ultracongelado,Riberalves,emb. 800 gr,"€7,19/un","€8,99/kg"
Salmão Fumado 30% Menos Sal,Continente,emb. 80 gr,"€3,99/un","€49,88/kg"
Hambúrguer de Porco Ibérico,ElPozo,emb. 360 gr,"€3,79/un","€10,53/kg"
Pargo Legitimo Fresco,Continente,"Quant. Mínima = 1,6 kg (1 un)","€19,99/kg","€31,98/un"
Carpaccio de Bovino Congelado,Angus,emb. 800 gr,"€19,99/un","€24,99/kg"
Bife da Alcatra de Novilho IGP Açores,Continente Seleção,emb. 260 gr,"€18,99/kg","€4,94/un"
Bifes de Soja Natural,Cem Porcento,emb. 150 gr,"€4,49/un","€17,96/kg"
Camarão Cozido 25/35 Fresco,Continente,emb. 2 kg,"€25,79/un","€12,90/kg"
Filetes de Dourada Frescos,Continente,Quant. Mínima = 240 gr (2 un),"€2,29/un","€19,08/kg"
Meia Lagosta Cozida Higienizada Congelada,Brasmar,emb. 320 gr,"€49,99/kg","€16,00/un"
Carabineiro Selvagem de Moçambique Congelado,Continente Seleção,emb. 800 gr,"€69,99/un","€87,49/kg"
Espalmado de Beterraba,,Quant. Mínima = 200 gr (2 un),"€1,19/un","€11,90/kg"
Mariscada de Moçambique Congelada,Continente Seleção,emb. 800 gr,"€24,99/un","€31,24/kg"
Perca do Nilo Fresca,Continente,"Quant. Mínima = 3,4 kg","€8,99/kg","€30,57/un"
Hambúrguer Sementes,Veg In,emb. 160 gr (2 un),"€3,39/un","€21,19/kg"
Hambúrguer de Cereais com Queijo,Cem Porcento,emb. 160 gr,"€3,49/un","€21,81/kg"
Camarão Tigre Moçambique 10/15 Congelado,Continente,Quant. Mínima = 320 gr,"€29,99/kg","€2,40/un"
Corvina Selvagem Fresca,Continente,Quant. Mínima = 4 kg (1 un),"€11,99/kg","€47,96/un"
Camarão Cozido 60/80 Fresco,Continente,emb. 600 gr,"€5,99/un","€9,98/kg"
Goraz da Costa Fresco,Continente,Quant. Mínima = 700 gr (1 un),"€17,99/kg","€12,59/un"
Lombinhos de Bacalhau Demolhado MSC Ultracongelado,Reymar,emb. 600 gr,"€8,99/un","€14,98/kg"
Camarão Vannamei Cozido 30/40 Refrigerado,Pescanova,emb. 2 kg,"€12,99/un","€12,99/kg"
Bife de Espadarte Fresco,Continente,emb. 200 gr,"€4,49/un","€4,49/kg"
Asinhas de Frango Picantes,Lusiaves,emb. 540 gr,"€8,69/kg","€4,69/un"
Bife de Atum Ultracongelado,Continente Seleção,emb. 250 gr,"€4,49/un","€17,96/kg"
Cowboy Steak de Bovino,Continente,emb. 1 kg,"€24,99/kg","€24,99/un"
Tranches de Salmão,Silverios,emb. 450 gr (3 un),"€10,99/un","€24,42/kg"
Carpaccio de Salmão Fumado,Ubago,emb. 100 gr,"€8,99/un","€89,90/kg"
Medalhões de Novilho IGP Açores,Continente Seleção,emb. 280 gr,"€16,99/kg","€4,76/un"
Tentáculos de Pota Cozidos Congelados,Pescanova,emb. 300 gr,"€8,00/un","€26,67/kg"
Bacalhau Fresco,Continente,"Quant. Mínima = 1,4 kg","€9,99/kg","€13,99/un"
Liro Imperial,Continente,"Quant. Mínima = 2,50 kg","€10,99/kg","€27,48/un"
Lulinhas Congeladas,Pescanova,emb. 500 gr,"€7,99/un","€15,98/kg"
Bacalhau Especial 1ª Ilhas Faroé,Continente Seleção,"Quant. Mínima = 3,5 kg","€14,49/kg","€50,72/un"
Lombo de Salmão Fresco,Continente,Quant. Mínima = 330 gr (1 un),"€17,99/kg","€5,94/un"
Miolo Gamba Selvagem Moçambique,Frip,emb. 300 gr,"€8,99/un","€29,97/kg"
Lombos Naturais de Pescada Congelados,Gelpeixe,emb. 200 gr (2 un),"€2,49/un","€12,45/kg"
Bifes do Lombo de Porco Marinados,ElPozo,emb. 600 gr,"€6,49/un","€10,82/kg"
Tentáculos de Polvo Cozidos,Pescanova,emb. 300 gr,"€10,99/un","€36,63/kg"
Hambúrguer de Frango,Lusiaves,emb. 460 gr,"€3,49/un","€7,59/kg"
Sardinha Média Fresca,Continente,Quant. Mínima = 480 gr (6 un),"€4,99/kg","€0,40/un"
Espalmado de Brócolos,,Quant. Mínima = 200 gr (2 un),"€1,19/un","€11,90/kg"
Gambão Argentino Congelado,Pescanova,emb. 300 gr,"€11,98/un","€39,93/kg"
Sapateira Cozida Congelada,Marfresco,Quant. Mínima = 710 gr (1 un),"€6,49/kg","€4,61/un"
Entrecosto de Porco Congelado,Continente,"emb. 1,4 kg","€4,99/kg","€6,99/un"
Filetes de Robalo Congelados,Fandicosta,emb.180 gr,"€4,49/un","€24,94/kg"
Posta de Maruca para Cozer Congelada,Continente,emb. 500 gr,"€3,99/un","€7,98/kg"
Espetadas de Salmão,Continente,emb. 300 gr (2 un),"€2,49/un","€16,60/kg"
Bife de Atum Fresco,Continente,emb. 200 gr,"€4,49/un","€4,49/kg"
Mini Salsichas Kids,Continente Fácil & Bom,emb. 500 gr (18 un),"€3,69/un","€7,38/kg"
Tártaro Salmão Fumado,Ubago,emb. 100 gr,"€6,99/un","€69,90/kg"
Bacalhau Graúdo 1ª Ilhas Faroé,Continente Seleção,"Quant. Mínima = 2,5 kg","€13,99/kg","€34,98/un"
Migas de Bacalhau,Caxamar,emb. 400 gr,"€4,49/un","€11,23/kg"
Amêijoa Macha Fresca,Aki D'el Mar,emb. 500 gr,"€8,99/un","€17,98/kg"
Fraldinha de Bovino,Angus,"emb. 1,5 kg","€14,99/kg","€22,49/un"
Cocktail de Marisco sem Glúten Congelado,Continente,emb. 400 gr,"€3,49/un","€8,73/kg"
Hambúrguer de Atum-Albacora MSC Congelado,Kold Fin,emb. 120 gr,"€1,99/un","€16,58/kg"
Almôndega de Cogumelos,,Quant. Mínima = 140 gr (4 un),"€0,79/un","€22,57/kg"
Almôndega de Brócolos,,Quant. Mínima = 140 gr (4 un),"€0,79/un","€22,57/kg"
Filetes de Robalo Frescos,Continente,emb. 240 gr (2 un),"€4,99/un","€20,79/kg"
Porção de Perca Fresca,Continente,Quant. Mínima = 300 gr (2 un),"€2,49/un","€16,60/kg"
Filetes de Dourada Congelados,Fandicosta,emb.180 gr (2 un),"€4,49/un","€24,94/kg"
Filetes de Salmão Frescos com molho Teriyaki,Sampera,emb. 150 gr,"€7,49/un","€49,93/kg"
Sapateira Cozida Pasteurizada,Tinu's,emb. 400 gr,"€10,99/un","€27,48/kg"
Pescadinha do Cabo Congelada,Pescanova,emb. 900 gr (5 a 7 un),"€6,99/un","€7,77/kg"
Hambúrguer Marroquino com Pimento Vermelho e Alperce,Gosh!,emb. 250 gr (2 un),"€3,99/un","€15,96/kg"
Amêijoa Branca,Aligator,emb. 450 gr,"€1,69/un","€3,76/kg"
Cavala Fresca,Continente,Quant. Mínima = 500 gr (2 un),"€3,49/kg","€0,87/un"
Filetes de Robalo Frescos,Continente,Quant. Mínima = 240 gr (2 un),"€2,29/un","€19,08/kg"
Posta Corvina Selvagem Fresca,Continente,Quant. Mínima = 600 gr (2 un),"€14,99/kg","€4,50/un"
Filetes Red Fish Congelado,Filmar,emb. 500 gr,"€4,99/un","€9,98/kg"
Almôndega de Cenoura,,Quant. Mínima = 140 gr (4 un),"€0,79/un","€22,57/kg"
Espalmado de Cogumelos,,Quant. Mínima = 200 gr (2 un),"€1,19/un","€11,90/kg"
Filetes de Dourada Frescos,Continente,emb. 240 gr (2 un),"€4,99/un","€20,79/kg"
Camarão Tigre Moçambique Selvagem,Continente Seleção,emb. 800 gr,"€49,99/un","€62,49/kg"
Falafel de Beterraba com Pimento Vermelho e Chili,Gosh!,emb. 200 gr,"€3,99/un","€19,95/kg"
Hambúrguer Veggie,Simply Green,emb. 200 gr,"€5,50/un","€27,50/kg"
Salada César Vegan,Sun&Vegs,emb. 190 gr,"€2,99/un","€15,74/kg"
Posta de Peixe Espada Branco Fresca,Continente,Quant. Mínima = 210 gr (1 un),"€12,99/kg","€19,87/un"
Amêijoa Branca Congelada,Continente,Quant. Mínima = 500 gr,"€4,99/kg","€2,50/un"
Lombinho de Porco com Cogumelos e Trufas,ElPozo,emb. 600 gr,"€10,49/kg","€6,29/un"
Ruivo Fresco,Continente,Quant. Mínima = 1 kg,"€4,49/kg","€4,49/un"
Vazia Wagyu Uruguai Fatiada Congelada,BeefCo,emb. 200 gr,"€79,99/kg","€16,00/un"
Banana Importada,Continente,Quant. Mínima = 800 gr (4 un),"€1,09/kg","€0,22/un"
Curgete Verde,Continente,Quant. Mínima = 400 gr (1 un),"€2,49/kg","€1,00/un"
Cenoura Embalada,Continente,emb. 1 kg,"€0,99/un","€0,99/kg"
Cebola,Continente,"emb. 1,5 kg","€1,85/un","€1,23/kg"
Pera Rocha DOP Oeste,Continente,Quant. Mínima = 720 gr (4 un),"€2,19/kg","€0,39/un"
Cenoura,Continente,Quant. Mínima = 600 gr (4 un),"€0,99/kg","€0,15/un"
Couve Brócolo,Continente,Quant. Mínima = 440 gr (1 un),"€2,99/kg","€1,32/un"
Manga Palmer Maturada,Continente,Quant. Mínima = 460 gr (1 un),"€2,99/kg","€1,38/un"
Banana da Madeira,Continente,emb. 770 gr,"€2,99/kg","€2,30/un"
Maçã Gala IGP Alcobaça,Continente,Quant. Mínima = 720 gr (4 un),"€1,59/kg","€0,29/un"
Alho Francês Cortado,Continente,emb. 300 gr,"€1,59/un","€5,30/kg"
Batata Vermelha,Continente,emb. 3 kg,"€3,49/un","€1,16/kg"
Limão,Continente,Quant. Mínima = 400 gr (2 un),"€2,49/kg","€0,50/un"
Alface Frisada,Continente,Quant. Mínima = 800 gr (1 un),"€1,99/kg","€1,59/un"
Pepino,Continente,Quant. Mínima = 300 gr (1 un),"€1,89/kg","€0,57/un"
Tomate Chucha,Continente,Quant. Mínima = 560 gr (4 un),"€2,29/kg","€0,32/un"
Tomate em Cacho,Continente,Quant. Mínima = 420 gr (3 un),"€1,99/kg","€0,28/un"
Cogumelo Marron,Continente,emb. 300 gr,"€1,89/un","€6,30/kg"
Batata Doce,Continente,Quant. Mínima = 760 gr (2 un),"€1,79/kg","€0,68/un"
Abacate Hass,Continente,Quant. Mínima = 480 gr (2 un),"€4,49/kg","€1,08/un"
Maçã Fuji IGP Alcobaça,IGP Alcobaça,"emb. 1,4 kg","€1,89/kg","€2,65/un"
Uva Branca Sem Grainha,Sweeta,emb. 400 gr,"€2,69/un","€6,73/kg"
Abóbora Cortada,Continente,emb. 600 gr,"€1,29/un","€2,15/kg"
Nabo sem Rama,Continente,Quant. Mínima = 600 gr (2 un),"€2,39/kg","€0,72/un"
Couve Flor,Continente,Quant. Mínima = 1 kg (1 un),"€1,99/kg","€1,99/un"
Couve Coração,Continente,Quant. Mínima = 920 gr (1 un),"€0,99/kg","€0,91/un"
Coentros,Continente,emb. 50 gr,"€0,89/un","€17,80/kg"
Maçã Gala IGP Alcobaça,IGP Alcobaça,"emb. 1,54 kg","€1,79/kg","€2,76/un"
Alho Seco,Continente,emb. 400 gr,"€1,95/un","€4,88/kg"
Tomate Mini Chucha Vermelho,Continente,emb. 250 gr,"€1,59/un","€6,36/kg"
Batata Branca,Continente,emb. 3 kg,"€3,49/un","€1,16/kg"
Manga Palmer de Avião,Continente,Quant. Mínima = 470 gr (1 un),"€4,69/kg","€2,20/un"
Cogumelo Branco Inteiro,Continente,emb. 300 gr,"€1,89/un","€6,30/kg"
Pimento Vermelho,Continente,Quant. Mínima = 300 gr (1 un),"€3,49/kg","€1,05/un"
Pera Rocha DOP Oeste,Continente,"emb. 1,5 kg","€1,59/kg","€2,39/un"
Cogumelo Branco Laminado,Continente,emb. 250 gr,"€1,89/un","€7,56/kg"
Tomate Cherry Trimix,Continente,emb. 250 gr,"€1,19/un","€4,76/kg"
Mirtilo Nacional,Beira Baga,emb. 200 gr,"€3,49/un","€17,45/kg"
Abacaxi Sweet Inteiro,Continente,Quant. Mínima = 2 kg (1 un),"€1,29/kg","€2,58/un"
Salada Aromática,Continente,emb. 150 gr,"€0,99/un","€6,60/kg"
Miolo de Caju Cru,Continente,emb. 200 gr,"€2,99/un","€14,95/kg"
Framboesa Nacional,Beira Baga,emb. 200 gr,"€3,49/un","€17,45/kg"
Tomate Redondo,Continente,Quant. Mínima = 600 gr (3 un),"€2,29/kg","€0,46/un"
Maçã Fuji IGP Alcobaça,Continente,Quant. Mínima = 800 gr (4 un),"€1,69/kg","€0,34/un"
Salsa,Continente,emb. 50 gr,"€0,89/un","€17,80/kg"
Chuchu,Continente,Quant. Mínima = 660 gr (2 un),"€2,49/kg","€0,82/un"
Salada Ibéria,Continente,emb. 150 gr,"€1,29/un","€8,60/kg"
Papaia de Avião Inteira,Continente,Quant. Mínima = 600 gr (1 un),"€4,59/kg","€2,75/un"
Miolo de Noz Metades,Continente,emb. 200 gr,"€2,69/un","€13,45/kg"
Cebola Roxa,Continente,Quant. Mínima = 300 gr (2 un),"€1,99/kg","€0,30/un"
Alho seco,Continente,Quant. Mínima = 160 gr (2 un),"€6,29/kg","€0,50/un"
Pimento Tricolor,Continente,emb. 500 gr,"€2,49/un","€4,98/kg"
Mirtilo,Beira Baga,emb. 400 gr,"€4,89/un","€12,23/kg"
Tomate Cherry Vermelho Ramo,Continente,emb. 500 gr,"€3,25/un","€6,50/kg"
Beringela,Continente,Quant. Mínima = 360 gr (1 un),"€2,79/kg","€1,00/un"
Maçã Golden,Continente,Quant. Mínima = 800 gr (4 un),"€1,79/kg","€0,36/un"
Bimi,Bimi,emb. 200 gr,"€1,99/un","€9,95/kg"
Tomate Cherry Vermelho,Continente,emb. 250 gr,"€1,25/un","€5,00/kg"
Miolo de Amendoim Torrado,Continente,emb. 200 gr,"€1,09/un","€5,45/kg"
Cenoura Biológica,Continente Bio,emb. 500 gr,"€0,99/un","€1,98/kg"
Alface Iceberg,Continente,Quant. Mínima = 450 gr (1 un),"€3,49/kg","€1,57/un"
Tomate Coração de Boi,Continente,Quant. Mínima = 600 gr (2 un),"€3,29/kg","€0,99/un"
Abóbora Manteiga (Butternut),Continente,Quant. Mínima = 1 kg (1 un),"€1,69/kg","€1,69/un"
Feijão Verde,Continente,emb. 500 gr,"€2,99/un","€5,98/kg"
Agrião Baby,Continente,emb. 150 gr,"€1,39/un","€9,27/kg"
Salada Camponesa,Continente Seleção,emb. 250gr,"€1,29/un","€5,16/kg"
Uva Red Globe,Continente,Quant. Mínima = 880 gr,"€1,99/kg","€1,75/un"
Lima,Continente,Quant. Mínima = 400 gr (4 un),"€3,69/kg","€0,37/un"
Cebola Doce,Continente,emb. 1 kg,"€2,39/un","€2,39/kg"
Batata Doce,Continente,emb. 1 kg,"€2,29/un","€2,29/kg"
Maçã Reineta Parda Alcobaça,Continente,Quant. Mínima = 630 gr (3 un),"€2,29/kg","€0,48/un"
Caldo Verde,Continente,emb. 250 gr,"€1,09/un","€4,36/kg"
Batata para Assar,Continente,emb. 2 kg,"€2,59/un","€1,30/kg"
Miolo de Amêndoa com Pele,Continente,emb. 200 gr,"€2,65/un","€13,25/kg"
Miolo de Amendoim com Sal,Continente,emb. 200 gr,"€0,99/un","€4,95/kg"
Couve Lombarda/Saboia,Continente,"Quant. Mínima = 1,29 kg (1 un)","€1,19/kg","€1,54/un"
Espargos Verdes,,emb. 250 gr,"€2,49/un","€9,96/kg"
Caju Torrado sem Sal,Continente,emb. 200 gr,"€3,59/un","€17,95/kg"
Maçã Granny Smith,Continente,Quant. Mínima = 720 gr (3 un),"€2,19/kg","€0,53/un"
Alho Seco Morado,Continente,emb. 200 gr,"€1,19/un","€5,95/kg"
Feijão Verde Largo,Continente,Quant. Mínima = 100 gr (aprox. 10 un),"€3,99/kg","€0,04/un"
Abacate Biológico,Continente Bio,emb. 300 gr,"€1,99/un","€6,63/kg"
Tapada das Lebres Reserva Premium Regional Alentejo Vinho Tinto,Tapada das Lebres,garrafa 75 cl,"€4,89/un","€6,52/lt"
Batata Especial Cozer,Continente,emb. 3 kg,"€4,19/un","€1,40/kg"
Aipo,Continente,emb. 500 gr,"€1,49/un","€2,98/kg"
Mamão de Avião Inteiro,Continente,"Quant. Mínima = 1,21 kg (1 un)","€4,59/kg","€5,55/un"
Couve Branca,Continente,"Quant. Mínima = 1,1 kg (1 un)","€0,99/kg","€1,09/un"
Manjericão,Continente,emb. 20 gr,"€1,19/un","€59,50/kg"
Metade Abacaxi,Continente,1/2 Abacaxi = 1 kg,"€1,39/kg","€1,39/un"
Miolo de Amêndoa Torrada,Continente,emb. 200 gr,"€3,99/un","€19,95/kg"
Pimento Verde,Continente,Quant. Mínima = 500 gr (2 un),"€2,99/kg","€0,75/un"
Cogumelo Marron Laminado,Continente,emb. 250 gr,"€1,89/un","€7,56/kg"
Batata Doce Polpa Laranja,Continente,emb. 1 kg,"€2,25/un","€2,25/kg"
Alface Lisa,Continente,emb. 200 gr,"€0,99/un","€4,95/kg"
Maçã Gala Kid IPG Alcobaça,IGP Alcobaça,emb. 800 gr,"€1,29/un","€1,61/kg"
Batata Especial Assar,Continente Seleção,emb. 1 kg,"€1,79/un","€1,79/kg"
Miolo de Caju com Sal,Continente,emb. 200 gr,"€2,99/un","€14,95/kg"
Sopa Portuguesa,Continente,emb. 350 gr,"€1,29/un","€3,69/kg"
Banana Biológica,Continente Bio,emb. 840 gr,"€1,59/kg","€1,34/un"
Beterraba sem Rama,Continente,Quant. Mínima = 520 gr (2 un),"€1,69/kg","€0,44/un"
Abóbora Cubos,Continente,emb. 600 gr,"€1,99/un","€3,32/kg"
Meloa Galia Inteira,Continente,"Quant. Mínima = 1,30 kg (1 un)","€2,79/kg","€3,63/un"
Cebola Biológica,Continente Bio,emb. 750 gr,"€1,79/un","€2,39/kg"
Cogumelo Portobello,Continente,emb. 250 gr,"€2,15/un","€8,60/kg"
Pera Conference,Continente,Quant. Mínima = 630 gr (3 un),"€1,79/kg","€0,38/un"
Curgete Biológica,Continente Bio,emb. 500 gr,"€2,89/un","€5,78/kg"
Tomate Cherry Sweet Vermelho,Continente,emb. 250 gr,"€1,69/un","€6,76/kg"
Cenoura Ripada,Continente,emb. 200 gr,"€0,79/un","€3,95/kg"
Hortelã,Continente,emb. 50 gr,"€0,89/un","€17,80/kg"
Mix Frutos do Bosque,Continente,emb. 170 gr,"€3,29/un","€19,35/kg"
Limão IGP Algarve,Continente,emb. 1 kg,"€1,99/un","€1,99/kg"
Amora Nacional,Driscoll's,emb. 125 gr,"€1,99/un","€15,92/kg"
Pistácio Torrado sem Sal,Continente,emb. 200 gr,"€2,99/un","€14,95/kg"
Espinafre,Vitacress,emb. 300 gr,"€2,49/un","€8,30/kg"
Alface Roxa,Continente,emb. 200 gr,"€0,99/un","€4,95/kg"
Cogumelo Pleurotus,Continente,emb. 200 gr,"€2,09/un","€10,45/kg"
Meloa Cantaloupe Inteira,Continente,"Quant. Mínima = 1,3 kg","€2,79/kg","€3,63/un"
Salada Gourmet,Continente,emb. 175 gr,"€1,29/un","€7,37/kg"
Tremoço Extra,Continente,emb. 300 gr,"€2,29/un","€7,63/kg"
Melão Verde Premium,Continente,Quant. Mínima = 4 kg (1 un),"€1,99/kg","€7,96/un"
Pistácio Torrado com Casca e Sal,Continente,emb. 200 gr,"€2,99/un","€14,95/kg"
Preparado para Sopa de Espinafres,ELS,emb. 500 gr,"€1,79/un","€3,58/kg"
Cebola Chalota,Continente,emb. 250 gr,"€1,09/un","€4,36/kg"
Uva Passa sem Grainha,Continente,emb. 200 gr,"€1,29/un","€6,45/kg"
Gengibre,Continente,Quant. Mínima = 400 gr (1 un),"€4,69/kg","€1,88/un"
Tâmara Seca Descaroçada,Continente,emb. 200 gr,"€1,59/un","€7,95/kg"
Maracujá Roxo,Continente,Quant. Mínima = 280 gr (4 un),"€7,99/kg","€0,56/un"
Cebolinho,Continente,emb. 20 gr,"€1,49/un","€74,50/kg"
Couve Portuguesa / Penca,Continente,Quant. Mínima = 900 gr (1 un),"€1,49/kg","€1,34/un"
Nabiça Baby,Continente,emb. 150 gr,"€1,29/un","€8,60/kg"
Miolo de Noz Pedaços,Continente,emb. 200 gr,"€2,59/un","€12,95/kg"
Sementes de Girassol,Continente,emb. 200 gr,"€1,39/un","€6,95/kg"
Sopa Caldo Verde,Continente Fácil & Bom,emb. 400 gr,"€1,29/un","€3,23/kg"
Miolo de Avelã Torrada,Continente,emb. 200 gr,"€2,99/un","€14,95/kg"
Abacaxi Honey Glow,Delmonte,"Quant. Mínima = 2,1 kg (1 un)","€1,99/kg","€4,18/un"
Sumo Laranja Natural,Continente,emb. 1 lt,"€3,99/un","€3,99/lt"
Batata Especial Assar,Continente,emb. 1 kg,"€2,99/un","€2,99/kg"
Beterraba Cozida Inteira,Continente,emb. 500 gr,"€1,59/un","€3,18/kg"
Ameixa Seca Descaroçada,Continente,emb. 200 gr,"€1,59/un","€7,95/kg"
Cabaz de Frutas da Época,Continente,emb. 5 kg,"€12,99/un","€2,60/kg"
Salada Ibérica,Vitacress,emb. 100 gr,"€1,59/un","€15,90/kg"
Sementes de Chia Biológicas,Continente Bio,emb. 150 gr,"€1,89/un","€12,60/kg"
Sementes de Abóbora,Continente,emb. 200 gr,"€1,89/un","€9,45/kg"
Mirtilos Importados Biológicos,Continente Bio,emb. 125 gr,"€1,99/un","€15,92/kg"
Canónigos,Continente,emb. 125 gr,"€1,39/un","€11,12/kg"
Salada Selvagem,Continente Seleção,emb. 150 gr,"€1,99/un","€13,27/kg"
Docinhas Cenoura Baby,Continente,emb. 250 gr,"€1,99/un","€7,96/kg"
Metade Couve Flor,Continente,1/2 Couve = 700 gr,"€2,09/kg","€1,46/un"
Cebolinha Fresca,Continente,emb. 125 gr,"€1,49/un","€11,92/kg"
Sopa Juliana,Continente,emb. 450 gr,"€1,59/un","€3,53/kg"
Tomate Mini Chucha Sweet,Continente,emb. 200 gr,"€1,79/un","€8,95/kg"
Mix com Frutos do Bosque,Continente,emb. 200 gr,"€2,99/un","€14,95/kg"
Metade Melão Verde Premium,Continente,1/2 Melão = 2 kg,"€2,09/kg","€4,18/un"
Kiwi,Zespri,emb. 500 gr,"€2,99/un","€5,98/kg"
Cenouras Baby,Snock,emb. 125 gr,"€1,19/un","€9,52/kg"
Espinafre Biológico,Vitacress,emb. 150 gr,"€2,29/un","€15,27/kg"
Amendoim Torrado com Casca,Continente,emb. 500 gr,"€1,99/un","€3,98/kg"
Sementes de Sésamo,Continente,emb. 200 gr,"€1,29/un","€6,45/kg"
Agrião,Vitacress,emb. 125 gr,"€1,79/un","€14,32/kg"
Batata Especial Assar,Continente,emb. 500 gr,"€1,99/un","€3,98/kg"
Tremoço Extra,Continente,emb. 800 gr,"€3,19/un","€3,99/kg"
Miolo de Amendoim com Mel e Sal,Continente,emb. 200 gr,"€1,49/un","€7,45/kg"
Metade Couve Coração,Continente,1/2 Couve = 500 gr,"€1,09/kg","€0,55/un"
Tomate Cacho Biológico,Continente Bio,emb. 500 gr,"€2,99/un","€5,98/kg"
Batata Biológica,Continente Bio,emb. 1 kg,"€1,69/un","€1,69/kg"
Sumo Maçã e Morango,Continente,emb. 75 cl,"€2,79/un","€3,72/lt"
Limão Biológico,Continente Bio,emb. 500 gr,"€1,99/un","€3,98/kg"
Couve Branca Ripada,Continente,emb. 200 gr,"€1,19/un","€5,95/kg"
Miolo de Noz Pecan,Continente,emb. 200 gr,"€3,99/un","€19,95/kg"
Abóbora Butternut Biológica,Continente Bio,"Quant. Mínima = 1,2 kg (1 un)","€1,69/kg","€2,03/un"
Salada Aromática,Vitacress,emb. 100 gr,"€1,59/un","€15,90/kg"
Pimento Padrão,Continente,emb. 250 gr,"€1,99/un","€7,96/kg"
Cabaz de Legumes,Continente,emb. 5 kg,"€10,49/un","€2,10/kg"
Espinafre,Vitacress,emb. 150 gr,"€1,79/un","€11,93/kg"
Tomate Cherry Rama,Horta Sudoeste,emb. 220 gr,"€1,99/un","€9,05/kg"
Salada Clássica,Continente,emb. 175 gr,"€1,19/un","€6,80/kg"
Sementes de Linhaça,Continente,emb. 200 gr,"€1,29/un","€6,45/kg"
Mix Frutos Secos Lanches Essenciais,Continente,emb. 200 gr,"€3,19/un","€15,95/kg"
Batata para Fritar,Meléndez,emb. 3 kg,"€3,59/un","€1,20/kg"
Mandioca,Continente,Quant. Mínima = 650 gr (1 un),"€3,99/kg","€2,59/un"
Metade Papaia de Avião,Continente,1/2 Papaia = 300 gr,"€4,69/kg","€1,41/un"
Cogumelo Branco,Continente,Quant. Mínima = 300 gr (6 un),"€5,99/kg","€0,30/un"
Miolo de Amêndoa Laminada,Continente,emb. 200 gr,"€2,33/un","€11,65/kg"
Gengibre Biológico,Continente Bio,emb. 300 gr,"€1,59/un","€5,30/kg"
Tremoço Miúdo,Continente,"emb. 1,5 kg (peso escorrido 900 gr)","€2,99/un","€3,32/kg"
Couve Roxa,Continente,"emb. 1,2 kg","€1,09/kg","€1,31/un"
Alho Francês Biológico,Continente Bio,emb. 400 gr,"€2,39/un","€5,98/kg"
Alho Seco Biológico,Continente Bio,emb. 150 gr,"€1,19/un","€7,93/kg"
Couve Chinesa,Continente,Quant. Mínima = 600 gr (1 un),"€2,99/kg","€1,79/un"
Nabiça,Continente,emb. 700 gr,"€2,79/un","€3,99/kg"
Metade Couve Lombarda/Saboia,Continente,1/2 Couve = 650 gr,"€1,29/kg","€0,84/un"
Preparado para Creme de Cenoura,Continente Fácil & Bom,emb. 780 gr,"€1,99/un","€2,55/kg"
Cabaz de Frutas e Legumes,Continente,emb. 5 kg,"€11,99/un","€2,40/kg"
Tomate Tasty,Continente,emb. 400 gr,"€1,99/un","€4,98/kg"
Infusão Frutos Vermelhos Saquetas,Tetley,emb. 20 un,"€1,84/un","€0,09/un"
Sopa Alho Francês com Cenoura,Continente,emb. 350 gr,"€1,59/un","€4,54/kg"
Metade Couve Branca,Continente,1/2 Couve = 550 gr,"€1,09/kg","€0,76/un"
Rúcula Selvagem,Vitacress,emb. 50 gr,"€0,95/un","€19,00/kg"
Coentros Natura,Vitacress,emb. 30 gr,"€0,99/un","€33,00/kg"
Mistura de Pimentos Doces,Continente,emb. 200 gr,"€1,69/un","€8,45/kg"
Espinafre Biológico,Continente Bio,emb. 300 gr,"€1,39/un","€4,63/kg"
Beterraba Cozida Inteira Biológica,Beterraba Bio,emb. 450 gr,"€1,99/un","€4,42/kg"
Batata Doce Polpa Laranja Biológica,Continente Bio,emb. 1 kg,"€1,99/un","€1,99/kg"
Sementes de Chia,Continente,emb. 200 gr,"€2,29/un","€11,45/kg"
Metade Mamão de Avião,Continente,1/2 Mamão = 700 gr,"€4,69/kg","€3,28/un"
Cebola para assar,Continente,emb. 500 gr,"€1,29/un","€2,58/kg"
Miolo de Castanha do Maranhão,Continente,emb. 125 gr,"€2,29/un","€18,32/kg"
Alecrim,Continente,emb. 20 gr,"€1,49/un","€74,50/kg"
Creme Couve Flor Cenoura,Continente Fácil & Bom,emb. 460 gr,"€1,99/un","€4,33/kg"
Creme Batata Doce e Espinafres,Continente Fácil & Bom,emb. 450 gr,"€1,99/un","€4,42/kg"
Cebola Roxa,Continente,emb. 500 gr,"€1,79/un","€3,58/kg"
Metade Abóbora Bolina / Menina,Continente,"Quant. Mínima = 1,6 kg","€1,19/kg","€1,90/un"
Salteado Oriental,Continente Fácil & Bom,emb. 300 gr,"€1,69/un","€5,63/kg"
Wok Asiático,Vitacress,emb. 360 gr,"€1,99/un","€5,53/kg"
Mix Frutos Secos com Sal,Continente,emb. 200 gr,"€3,19/un","€15,95/kg"
Linhaça Dourada Moída,Cem Porcento,emb. 200 gr,"€1,49/un","€7,45/kg"
Orégãos Secos,ELS,emb. 20 gr,"€1,29/un","€64,50/kg"
Miolo de Amêndoa sem Pele,Continente,emb. 200 gr,"€3,49/un","€17,45/kg"
Grelos de Nabo,Continente,emb. 700 gr,"€2,29/un","€3,27/kg"
Couve Coração Biológica,Continente Bio,emb. 700 gr,"€2,99/un","€4,27/kg"
Feijão Verde Cortado,Continente,emb. 350 gr,"€2,69/un","€7,69/kg"
Sopa Feijão Verde com Cenoura,Continente,emb. 400 gr,"€2,79/un","€6,98/kg"
Toranja,Continente,Quant. Mínima = 900 gr (3 un),"€2,29/kg","€0,69/un"
Tâmara Medjool,Os Originais,emb. 250 gr,"€5,99/un","€23,96/kg"
Espirais de Curgete,Continente,emb. 300 gr,"€1,99/un","€6,63/kg"
Rabanete,Continente,emb. 200 gr,"€1,59/un","€7,95/kg"
Miolo de Amendoim com Piripiri,Continente,emb. 200 gr,"€1,39/un","€6,95/kg"
Mix Frutos Secos Mediterrânea com Sal,Continente,emb. 250 gr,"€1,49/un","€5,96/kg"
Arandos Desidratados,Continente,emb. 200 gr,"€2,69/un","€13,45/kg"
Mini Pimento Doce,Horta Sudoeste,emb. 200 gr,"€1,99/un","€9,95/kg"
Abóbora Bolina / Menina Inteira,Continente,Quant. Mínima = 4.41 kg (1 un),"€1,09/kg","€4,81/un"
Malagueta Vermelha,Continente,emb. 100 gr,"€1,55/un","€15,50/kg"
Metade Couve Roxa,Continente,1/2 Couve = 600 gr,"€1,19/kg","€0,71/un"
Feijão Verde Redondo,Continente,emb. 200 gr,"€2,79/un","€13,95/kg"
Batata,Princesa Amandine,"emb. 1,5 kg","€2,39/un","€1,59/kg"
Tomate Mini Biológico,Continente Bio,emb. 250 gr,"€1,25/un","€5,00/kg"
Milho Frito,Continente,emb. 250 gr,"€1,49/un","€5,96/kg"
Infusão Maçã e Canela Pyramid,Lipton,emb. 20 un,"€1,94/un","€0,10/un"
Sultana Preta,Continente,emb. 200 gr,"€0,89/un","€4,45/kg"
Beterraba Ripada,Continente,emb. 200 gr,"€1,49/un","€7,45/kg"
Amendoim Torrado com Casca,Continente,emb. 1 kg,"€3,89/un","€3,89/kg"
Batata Nova Vermelha 100% Nacional,Continente,emb. 3 kg,"€3,99/un","€1,33/kg"
Endívia,Continente,emb. 450 gr,"€2,59/un","€5,76/kg"
Papa Figos DOC Douro Vinho Tinto,Papa Figos,garrafa 75 cl,"€7,49/un","€9,99/lt"
Coentros Lavados,Vitacress,emb. 30 gr,"€0,99/un","€33,00/kg"
Infusão Menta e Especiarias Morroco Pyramid,Lipton,emb. 20 un,"€1,94/un","€0,10/un"
Miolo de Amêndoa Palitada,Continente,emb. 200 gr,"€2,59/un","€12,95/kg"
Salada Campestre,Continente Seleção,emb. 150 gr,"€1,99/un","€13,27/kg"
Bagas de Goji,Continente,emb. 150 gr,"€2,99/un","€19,93/kg"
Mistura de Sementes,Continente,emb. 200 gr,"€2,29/un","€11,45/kg"
Rúcula Selvagem,Vitacress,emb. 100 gr,"€1,59/un","€15,90/kg"
Inhame,Continente,Quant. Mínima = 390 gr (3 un),"€5,99/kg","€0,78/un"
Pão com Chouriço Alentejano,Continente,Quant. Mínima = 2 un,"€0,99/un","€8,25/kg"
Abóbora Biológica,Continente Bio,Quant. Mínima = 500 gr (1 un),"€1,59/kg","€0,80/un"
Banana Frita às Rodelas,Continente,emb. 250 gr,"€2,19/un","€8,76/kg"
Rebentos de Feijão,ELS,emb. 150 gr,"€1,59/un","€10,60/kg"
Miolo de Amendoim Cru,Continente,emb. 200 gr,"€0,99/un","€4,95/kg"
Salada Riva,Vitacress,emb. 100 gr,"€1,59/un","€15,90/kg"
Maçã Vermelha de Alcobaça Desidratada,Continente,emb. 20 gr,"€0,89/un","€44,50/kg"
Manga Semi-Desidratada,Frubis,emb. 50 gr,"€1,19/un","€23,80/kg"
Tomilho,Continente,emb. 20 gr,"€1,49/un","€74,50/kg"
Grelo Couve,Continente,emb. 700 gr,"€2,29/un","€3,27/kg"
Cebola Doce,Continente,emb. 700 gr,"€2,39/un","€3,41/kg"
Sultana Clara,Continente,emb. 200 gr,"€1,69/un","€8,45/kg"
Manga,Continente,emb. 600 gr,"€3,00/un","€5,00/kg"
Salteado Poderoso,Continente,emb. 400 gr,"€1,69/un","€4,23/kg"
Salteado Crocante,Continente,emb. 500 gr,"€1,69/un","€3,38/kg"
Cebola Roxa Biológica,Continente Bio,emb. 500 gr,"€1,79/un","€3,58/kg"
Tomate Rosa Bravo,Continente,Quant. Mínima = 600 gr (1 un),"€2,99/kg","€1,79/un"
Cebola,Continente,Quant. Mínima = 720 gr (3 un),"€1,39/kg","€0,33/un"
Salsa Biológica,Continente Bio,emb. 50 gr,"€1,29/un","€25,80/kg"
Ananás Semi-Desidratado,Frubis,emb. 50 gr,"€1,19/un","€23,80/kg"
Pera Rocha Desidratada,Continente,emb. 20 gr,"€0,89/un","€44,50/kg"
Framboesa Biológica,Continente Bio,emb. 125 gr,"€2,99/un","€23,92/kg"
Cogumelo Marron,Continente,Quant. Mínima = 300 gr (6 un),"€5,99/kg","€0,30/un"
Chouriço de Carne de Porco Preto,Miguel & Miguel,emb. 150 gr,"€2,59/un","€17,27/kg"
Maçaroca de Milho Doce Cozido Biológico,Ecoeduco,emb. 400 gr,"€3,99/un","€9,98/kg"
Preparado de Sopa de Agrião,ELS,emb. 500 gr,"€1,79/un","€3,58/kg"
Cabaz de Frutas XL,Continente,emb. 9 kg,"€14,99/un","€1,67/kg"
Edamame,Sonatural,emb. 135 gr,"€2,59/un","€19,19/kg"
Metade Abacaxi Honey Glow,Delmonte,"1/2 Abacaxi = 1,05 kg","€2,09/kg","€2,19/un"
Salteado Italiano,Continente,emb. 400 gr,"€1,69/un","€4,23/kg"
Salada Sublime,Continente Seleção,emb. 150 gr,"€1,99/un","€13,27/kg"
Bagas de Goji Biológicas,Continente Bio,emb. 150 gr,"€3,29/un","€21,93/kg"
Cogumelo Eringi Baby,Continente,emb. 200 gr,"€3,99/un","€19,95/kg"
Mix de Aperitivos Temperados,Continente,emb. 400 gr,"€3,99/un","€9,98/kg"
Mistura de Sementes para Saladas Biológica,Continente Bio,emb. 200 gr,"€1,99/un","€9,95/kg"
Pinhão Nacional,Os Originais,emb. 100 gr,"€10,99/un","€109,90/kg"
Salada Serrana,Continente Seleção,emb. 150 gr,"€1,99/un","€13,27/kg"
Physalis,Nativa,emb. 100 gr,"€1,49/un","€14,90/kg"
Amendoim no Forno,Matutano,emb. 200 gr,"€2,29/un","€11,45/kg"
Gengibre Desidratado,Continente,emb. 200 gr,"€2,59/un","€12,95/kg"
Chouriça de Porco Bísaro de Bragança,Bísaro,emb. 160 gr,"€2,75/un","€17,19/kg"
Caju Biológico,Continente Bio,emb. 150 gr,"€2,99/un","€19,93/kg"
Pera Nashi,Continente,Quant. Mínima = 580 gr (2 un),"€4,99/kg","€1,45/un"
Salada Lollo e Tango,Continente,emb. 150 gr,"€1,39/un","€9,27/kg"
Miolo de Noz,Continente,emb. 50 gr,"€0,99/un","€19,80/kg"
Pimento Vermelho Assado,Continente,emb. 500 gr,"€2,99/un","€8,31/kg"
"Sumo Maçã, Pepino, Espinafres, Aipo Limão e Gengibre",Go Natural,emb. 75 cl,"€3,99/un","€5,32/lt"
Sementes de Abóbora Biológicas,Continente Bio,emb. 200 gr,"€2,49/un","€12,45/kg"
"Fusilli com Legumes, Molho de Tomate e Frango",Continente Fácil & Bom,emb. 320 gr,"€3,99/un","€12,47/kg"
Miolo de Caju com Piripiri,Continente,emb. 200 gr,"€3,39/un","€16,95/kg"
Salada Formosa,Vitacress,emb. 150 gr,"€1,99/un","€13,27/kg"
Batata Biológica,Meléndez,emb. 2 kg,"€2,99/un","€1,50/kg"
Caju Cru,Continente,emb. 50 gr,"€0,99/un","€19,80/kg"
Miolo de Amêndoa Moída,Continente,emb. 200 gr,"€3,19/un","€15,95/kg"
Chouriço de Porco Preto de Barrancos,Segredos de Barrancos,emb. 180 gr,"€3,79/un","€21,06/kg"
Amendoim Tostado no Forno com Sal e Mel,Matutano,emb. 150 gr,"€2,59/un","€17,27/kg"
"Sumo Maçã, Laranja e Pêssego",Continente,emb. 25 cl,"€1,59/un","€6,36/kg"
Miolo de Avelã com Pele,Continente,emb. 150 gr,"€2,99/un","€14,95/kg"
Sumo Laranja Natural,Continente,emb. 50 cl,"€2,29/un","€4,58/lt"
Curcuma Biológica,Continente Bio,emb. 125 gr,"€1,39/un","€11,12/kg"
Mix Caju Cru e Arandos,Continente,emb. 200 gr,"€2,99/un","€14,95/kg"
Pevide com Casca e Sal,Continente,emb. 250 gr,"€2,89/un","€11,56/kg"
Amendoim com Mel e Sal,Eagle,emb. 250 gr,"€4,19/un","€16,76/kg"
Louro,Continente,emb. 20 gr,"€1,49/un","€74,50/kg"
Sementes de Chia,Cem Porcento,emb. 150 gr,"€2,29/un","€15,27/kg"
Sementes de Girassol Biológicas,Continente Bio,emb. 200 gr,"€1,19/un","€5,95/kg"
Morango Desidratado,Frubis,emb. 20 gr,"€1,19/un","€59,50/kg"
Broa de Milho,Continente,Quant. Mínima = 1 kg,"€3,25/kg","€3,25/un"
Coco Fresco Pedaços,Genuine Coconut,emb. 100 gr,"€1,49/un","€14,90/kg"
"Sumo Maçã, Pepino, Espinafres, Aipo Limão e Gengibre",Go Natural,emb. 25 cl,"€1,99/un","€7,96/lt"
Quiabo,Continente,emb. 250 gr,"€2,49/un","€16,60/kg"
Sumo Maçã e Framboesa,Alitec,"emb. 1,50 lt","€3,29/un","€2,19/lt"
Cogumelo Enoki,,emb. 100 gr,"€2,69/un","€26,90/kg"
Maçã Vermelha e Verde Desidratada,Continente,emb. 20 gr,"€0,89/un","€44,50/kg"
Castanha do Brasil Biológica,Continente Bio,emb. 150 gr,"€4,99/un","€33,27/kg"
Amêndoa Tostada sem Pele Biológica,Continente Bio,emb. 150 gr,"€3,99/un","€26,60/kg"
Salada da Terra,Vitacress,emb. 150 gr,"€1,99/un","€13,27/kg"
Pepino Biológico,Continente Bio,emb. 500 gr,"€2,99/un","€5,98/kg"
Banana da Madeira Biológica,Continente Bio,emb. 800 gr,"€3,49/kg","€2,79/un"
Anona,Continente,Quant. Mínima = 500 gr (2 un),"€2,69/kg","€0,67/un"
Banana Pão,Continente,Quant. Mínima = 840 gr (3 un),"€3,99/kg","€1,12/un"
Caju de Moçambique Torrado,Os Originais,emb. 200 gr,"€5,29/un","€26,45/kg"
Beringela Japonesa,,emb. 300 gr,"€1,99/un","€6,63/kg"
Miolo de Amêndoa sem pele com Sal,Continente,emb. 200 gr,"€3,99/un","€19,95/kg"
Azeitona Verde com Queijo,Pere Olive,emb. 150 gr,"€3,99/un","€26,60/kg"
Mix Frutos Secos Pequeno-Almoço,Continente,emb. 200 gr,"€3,19/un","€15,95/kg"
Sumo Pera e Maçã,Alitec,emb. 1.5 Lt,"€3,29/un","€2,19/lt"
Sementes de Linhaça Dourada Biológicas,Continente Bio,emb. 200 gr,"€1,29/un","€6,45/kg"
Miolo de Amendoim com Mel e Sal,Continente,emb. 50 gr,"€0,79/un","€15,80/kg"
Sementes de Sésamo,Cem Porcento,emb. 200 gr,"€1,89/un","€9,45/kg"
Caju no Forno,Matutano,emb. 170 gr,"€4,99/un","€29,35/kg"
Chouriço de Carne de Seia,Fumeiro da Serra da Estrela,emb. 180 gr,"€3,85/un","€21,39/kg"
Salteado Premium,Continente,emb. 300 gr,"€1,69/un","€5,63/kg"
Pipas com Sal,Grefusa,emb. 100 gr,"€1,29/un","€12,90/kg"
Coco Seco,Continente,Quant. Mínima = 410 gr,"€2,19/kg","€0,90/un"
Cogumelo Shimeji Inteiro,Continente,emb. 150 gr,"€2,69/un","€17,93/kg"
Sementes de Canhâmo Biológicas,Continente Bio,emb. 150 gr,"€4,29/un","€28,60/kg"
Sementes de Linhaça Dourada,Cem Porcento,emb. 250 gr,"€1,49/un","€5,96/kg"
Amêndoa com Pele Biológica,Continente Bio,emb. 150 gr,"€2,99/un","€19,93/kg"
Sumo Melancia Hortelã,Sonatural,emb. 75 cl,"€3,67/un","€4,89/lt"
Mix Frutos Secos Puro Prazer,Continente,emb. 200 gr,"€3,29/un","€16,45/kg"
Pedaços de Caju,Continente,emb. 200 gr,"€1,99/un","€9,95/kg"
Cheróvia Biológica,Continente Bio,emb. 350 gr,"€1,69/un","€4,83/kg"
Amêndoa com Pele,Continente,emb. 50 gr,"€0,99/un","€19,80/kg"
Infusão Cidreira e Mel Pyramid,Lipton,emb. 20 un,"€1,94/un","€0,10/un"
Sal Grosso com Menos 33% Sódio,Vatel,emb. 750 gr,"€2,49/un","€3,32/kg"
Tâmara Seca com Caroço,Continente,emb. 200 gr,"€1,49/un","€7,45/kg"
Acelga,Vitacress,emb. 100 gr,"€1,79/un","€17,90/kg"
Mix Frutos Secos Gourmet,Continente,emb. 50 gr,"€0,99/un","€19,80/kg"
Bagas de Arando,Cem Porcento,emb. 125 gr,"€3,19/un","€25,52/kg"
"Sumo Maçã, Ananás, Framboesa, Romã e Açaí",Go Natural,emb. 25 cl,"€1,99/un","€7,96/lt"
Maçã Golden Rosada,Continente,Quant. Mínima = 1 kg (5 un),"€2,69/kg","€0,54/un"
Couve Flor Biológica,Continente Bio,emb. 500 gr,"€4,99/un","€9,98/kg"
Coco Fresco,Genuine Coconut,emb. 750 gr,"€1,99/un","€2,65/kg"
Couve Lombarda Biológica,Continente Bio,emb. 800 gr,"€2,99/kg","€2,39/un"
Sementes de Abóbora,Cem Porcento,emb. 150 gr,"€2,29/un","€15,27/kg"
Tamarindo,Nativa,emb. 150 gr,"€1,49/un","€9,93/kg"
Tomate Cherry com Rama,Paloma,emb. 250 gr,"€2,19/un","€8,76/kg"
Salsa Natura,Vitacress,emb. 30 gr,"€0,99/un","€33,00/kg"
Salada Aromática Bio,Vitacress,emb. 100 gr,"€2,49/un","€24,90/kg"
Piri Piri,Continente,emb. 70 gr,"€1,99/un","€28,43/kg"
Azeitona Siciliana,Ficacci,emb. 150 gr,"€2,59/un","€17,27/kg"
Tremoço Miúdo,Continente,"emb. 3,5 kg (peso escorrido 2 kg)","€4,49/un","€2,25/kg"
Sumo Laranja Natural,Continente,emb. 25 cl,"€1,29/un","€5,16/lt"
Mix Frutos Secos Prazer,Continente,emb. 50 gr,"€0,99/un","€19,80/kg"
Chouriço de Carne,Monte Safira,emb. 200 gr,"€2,99/un","€14,95/kg"
Mix Frutos Secos Puro Sabor,Continente,emb. 200 gr,"€3,19/un","€15,95/kg"
Mix Frutos Secos com Goji,Continente,emb. 200 gr,"€2,99/un","€14,95/kg"
Limonada de Manjericão,Go Natural,emb. 25 cl,"€1,69/un",
Cebolinha Francesa,Continente,emb. 500 gr,"€2,29/un","€4,58/kg"
Miolo de Nozes Metades,Os Originais,emb. 200 gr,"€4,99/un","€24,95/kg"
Azeitona Abruzo,Ficacci,emb. 150 gr,"€2,59/un","€17,27/kg"
Pimento Assado às Tiras Biológico,Continente Bio,emb. 250 gr,"€3,99/un","€15,96/kg"
Ameixa Seca,Os Originais,emb. 250 gr,"€2,99/un","€11,96/kg"
Mix Frutos Secos Sport,Continente,emb. 50 gr,"€0,99/un","€19,80/kg"
Sementes de Papoila,Cem Porcento,emb. 200 gr,"€2,99/un","€14,95/kg"
Azeitona Genovesa,Ficacci,emb 150 gr,"€2,59/un","€17,27/kg"
Beringela Biológica,Continente Bio,emb. 400 gr,"€1,59/un","€3,98/kg"
"Sumo Maçã, Morango e Tomilho-Limão",Go Natural,emb. 25 cl,"€1,69/un","€6,76/lt"
Noz Pecan Torrada com Sal,Os Originais,emb. 150 gr,"€4,39/un","€29,27/kg"
Snack de Banana Biológico,Seara,emb. 125 gr,"€1,65/un","€13,20/kg"
Pistácio no Forno,Matutano,emb. 70 gr,"€2,89/un","€41,29/kg"
Beringela Raiada Roxa,Continente,Quant. Mínima = 450 gr (1 un),"€2,99/kg","€1,35/un"
Mix Frutos Secos Atividade,Continente,emb. 50 gr,"€0,99/un","€19,80/kg"
Rúcula Selvagem Biológica,Vitacress,emb. 70 gr,"€2,49/un","€35,57/kg"
Funcho Rama,Continente,emb. 20 gr,"€1,59/un","€79,50/kg"
Noz Metades Biológicas,Continente Bio,emb. 100 gr,"€1,99/un","€19,90/kg"
Cocktail no Forno,Matutano,emb. 95 gr,"€2,49/un","€26,21/kg"
Caju de Moçambique com Sal Marinho,Os Originais,emb. 200 gr,"€4,19/un","€20,95/kg"
Pimento Misto Tiras,Continente,emb. 260 gr,"€3,99/un","€15,35/kg"
Azeitona Napolitana,Ficacci,emb. 150 gr,"€2,59/un","€17,27/kg"
Mix Caju e Arandos Pack Poupança,Continente,emb. 4 x 50 gr,"€2,99/un","€14,95/kg"
Louro Biológico,Continente Bio,emb. 50 gr,"€1,29/un","€25,80/kg"
Amêndoa Caramelizada,Continente,emb. 200 gr,"€3,59/un","€17,95/kg"
Mix Frutos Secos Atividade Pack Poupança,Continente,emb. 4 x 50 gr,"€2,99/un","€14,95/kg"
Sumo Abacate,Sonatural,emb. 75 cl,"€3,99/un","€5,32/lt"
Miolo de Amêndoa Torrada com Pele,Os Originais,emb. 200 gr,"€4,99/un","€24,95/kg"
"Néctar Maçã, Manga e Laranja",Go Natural,emb. 25 cl,"€1,99/un",
Croutons Alho e Ervas,Florette,emb. 70 gr,"€1,79/un","€25,57/kg"
Caju Frito com Mel e Sal,Os Originais,emb. 200 gr,"€4,99/un","€24,95/kg"
Macadâmias com Chocolate de Leite,Os Originais,emb. 125 gr,"€3,59/un","€28,72/kg"
Amêndoa Torrada com Caramelo Salgado,Os Originais,emb. 150 gr,"€3,99/un","€26,60/kg"
Uva Passa Moscatel,Continente,emb. 250 gr,"€1,99/un","€7,96/kg"
Sementes de Girassol,Cem Porcento,emb. 150 gr,"€1,39/un","€9,27/kg"
Caju de Moçambique Cru,Os Originais,emb. 200 gr,"€4,19/un","€20,95/kg"
Pistácio Torrado com Casca e Sal Marinho,Os Originais,emb. 200 gr,"€3,99/un","€19,95/kg"
"Sumo Laranja, Cenoura, Beterraba, Maçã e Limão",Go Natural,emb. 25 cl,"€1,99/un","€7,96/lt"
Sopa Protec,Vitacress,emb. 150 gr,"€1,59/un","€9,35/kg"
Salada Ibérica Biológica,Vitacress,emb. 100 gr,"€2,49/un","€24,90/kg"
Metade Abacaxi Via Aérea,Continente,"1/2 Abacaxi = 1,1 kg","€5,09/kg","€5,60/un"
Erva Príncipe,Continente,emb. 20 gr,"€1,59/un","€79,50/kg"
"Mix Amêndoa, Avelã e Passas Biológico",Continente Bio,emb. 150 gr,"€2,99/un","€19,93/kg"
Mix Caju Cru e Arandos,Continente,emb. 50 gr,"€0,99/un","€19,80/kg"
Azeitona Verde Provençal,Pere Olive,emb. 150 gr,"€3,99/un","€26,60/kg"
Miolo de Amêndoa Granulado Torrado,Continente,emb. 200 gr,"€2,99/un","€14,95/kg"
Massa Pesto Rosso,Sun&Vegs,emb. 325 gr,"€3,69/un","€11,35/kg"
Abóbora Hokaido Biológica,Continente Bio,emb. 1 kg,"€1,49/kg","€1,49/un"
Azeitona Verde Descaroçada,Pere Olive,emb. 150 gr,"€3,99/un","€26,60/kg"
Figo Seco,Continente,emb. 400 gr,"€3,99/un","€9,98/kg"
"Sumo Laranja, Cenoura, Beterraba, Maçã e Limão",Go Natural,emb. 75 cl,"€3,99/un",
Sementes de Quinoa,Continente,emb. 200 gr,"€1,39/un","€6,95/kg"
Tiras de Coco Biológicas,Continente Bio,emb. 100 gr,"€1,19/un","€11,90/kg"
Erva Doce,ELS,emb. 75 gr,"€2,59/un","€34,53/kg"
Laranja Biológica,Continente Bio,emb. 750 gr,"€3,99/un","€5,32/kg"
Dom Martinho Regional Alentejano Vinho Tinto,Dom Martinho,garrafa 75 cl,"€5,99/un","€7,99/lt"
Maçã Verde Desidratada sem Glúten,Fruut,emb. 60 gr,"€1,99/un","€33,17/kg"
Azeitona Preta Kalama,Pere Olive,emb. 120 gr,"€3,99/un","€33,25/kg"
Aguardente Vínica Velhissíma São Domingos,São Domingos,garrafa 70 cl,"€17,99/un","€25,70/lt"
Maçaroca de Milho Doce Cozido,Continente,emb. 400 gr,"€1,99/un","€4,98/kg"
Croft Vinho do Porto Reserva Ruby,Croft,garrafa 50 cl,"€13,99/un","€27,98/lt"
Jeropiga Albergaria,Albergaria,garrafa 75 cl,"€3,89/un","€5,19/lt"
Estrela de Aperitivos,Os Originais,emb. 300 gr,"€7,99/un","€26,63/kg"
Cesto de Figos com Nozes,Os Originais,emb. 300 gr,"€6,99/un","€23,30/kg"
Dióspiro do Algarve Sharoni,Continente,emb. 500 gr (4 un),"€1,49/un","€2,98/kg"
Maçã Gala Biológica,Continente Bio,emb. 500 gr,"€1,99/un","€3,98/kg"
Cesto de Frutos Secos Quadrado,Os Originais,emb. 665 gr,"€8,99/un","€16,80/kg"
Maçã Golden,Continente,"emb. 1,50 kg","€1,59/kg","€2,39/un"
Uva Passa Dourada,Continente,emb. 200 gr,"€1,99/un","€9,95/kg"
Figo Preto,Frusel,emb. 250 gr,"€2,29/un","€9,16/kg"
Estrela de Frutos Secos,Os Originais,emb. 300 gr,"€7,49/un","€24,97/kg"
Romã Nacional,Continente,Quant. Mínima = 680 gr (2 un),"€1,99/kg","€0,68/un"
Couve Bruxelas,Continente,emb. 500 gr,"€1,99/un","€3,98/kg"
Sopa De Batata Doce,Continente Fácil & Bom,emb. 600 gr,"€1,99/un","€3,32/kg"
Noz com Casca do Alentejo,Os Originais,emb. 500 gr,"€3,99/un","€7,98/kg"
Árvore de Natal de Frutos Secos,Os Originais,emb. 300 gr,"€6,99/un","€23,30/kg"
Frutos Secos Recheados,Os Originais,emb. 250 gr,"€5,99/un","€23,96/kg"
Castanha,Continente,Quant. Mínima = 300 gr,"€5,49/kg","€0,11/un"
Macadâmias ao Natural,Continente,emb. 125gr,"€3,99/un","€31,92/kg"
Marmelo,Continente,Quant. Mínima = 520 gr (2 un),"€1,79/kg","€0,47/un"
Tâmara Biológica,Continente Bio,emb. 150 gr,"€1,59/un","€10,60/kg"
Kiwi Biológico,Zespri,emb. 500 gr,"€2,99/un","€5,98/kg"
Chouriço Picante,Fumeiros Serra da Estrela,emb. 220 gr,"€4,29/un","€21,45/kg"
Cubos de Fruta Cristalizada,Continente,emb. 200 gr,"€2,59/un","€12,95/kg"
Cereja Cristalizada,Continente,emb. 200 gr,"€2,99/un","€14,95/kg"
Cebola,Continente,emb. 2 kg,"€2,29/un","€1,15/kg"
Figo com Amêndoa,Os Originais,emb. 250 gr,"€5,99/un","€23,96/kg"
Uva Passa do Alentejo,Os Originais,emb. 200 gr,"€4,99/un","€24,95/kg"
Sortido de Fruta Cristalizada,Continente,emb. 200 gr,"€2,59/un","€12,95/kg"
Castanha Nacional Judia,Continente,emb. 1 kg,"€9,99/un","€9,99/kg"
Kiwi Gold,Continente,Quant. Mínima = 360 gr (3 un),"€5,69/kg","€0,68/un"
Uva Biológica,Continente Bio,emb. 500 gr,"€2,99/un","€5,98/kg"
Preparado para Sopa de Agrião,Continente Fácil & Bom,emb. 600 gr,"€1,99/un","€2,49/kg"
Cogumelo Shitake,Continente,emb. 200 gr,"€3,29/un","€16,45/kg"
Pera Rocha Nacional Biológica,Continente Bio,emb. 500 gr,"€1,99/un","€3,98/kg"
Preparado para Sopa de Espinafres,Continente Fácil & Bom,emb. 700 gr,"€1,99/un","€2,84/kg"
Maçã Reineta IPG Alcobaça,IGP Alcobaça,"emb. 1,2 kg","€1,99/kg","€2,39/un"
Alperce Seco,Continente,emb. 200 gr,"€2,49/un","€12,45/kg"
Hortelã Biológica,Continente Bio,emb. 50 gr,"€1,19/un","€23,80/kg"
Uva Branca com Grainha,Vale da Rosa,Quant. Mínima = 950 gr,"€1,99/kg","€1,89/un"
Laranja,Continente,Quant. Mínima = 720 gr (3 un),"€1,99/kg","€0,48/un"
Alperce Extra,Os Originais,emb. 250 gr,"€4,99/un","€19,96/kg"
Uva Rosada sem Grainha,Vale da Rosa,emb. 500 gr,"€3,99/un","€7,98/kg"
Pera Ercolini,Continente,emb. 750 gr,"€2,29/un","€3,05/kg"
Maçã Vermelha Desidratada sem Glúten,Fruut,emb. 60 gr,"€1,99/un","€33,17/kg"
Miolo de Noz Metades,Continente,emb. 400 gr,"€4,79/un","€11,98/kg"
Tomate Kumato,Continente,Quant. Mínima = 280 gr (2 un),"€2,99/kg","€0,42/un"
Figo com Noz,Os Originais,emb. 250 gr,"€5,99/un","€23,96/kg"
Jeropiga Casa Paciência,Paciência,garrafa 75 cl,"€2,71/un","€3,61/lt"
Acelga Biológica,Continente Bio,emb. 500 gr,"€1,99/un","€3,98/kg"
Noz Nacional com Casca,Continente,Quant. Mínima = 400 gr,"€6,99/kg","€2,80/un"
Batata Vermelha,Continente,Quant. Mínima = 480 gr (2 un),"€1,39/kg","€0,33/un"
Azeitona Galega,Qampo,emb. 210 gr,"€2,19/un","€10,43/kg"
Feijão Verde Biológico,Continente Bio,emb. 300 gr,"€3,49/un","€11,63/kg"
Broa de Milho de Serra da Estrela,Museu do Pão,emb. 500 gr,"€1,99/un","€3,98/kg"
Clementina,Continente,Quant. Mínima = 300 gr (3 un),"€2,69/kg","€0,27/un"
Framboesa,Beira Baga,emb. 300 gr,"€3,99/un","€13,30/kg"
Tâmara Khidri,Jomara,emb. 400 gr,"€4,79/un","€11,98/kg"
Dióspiro Maduro,Continente,emb. 350 gr (2 un),"€1,69/un","€4,83/kg"
Ameixa Preta / Vermelha,Continente,Quant. Mínima = 440 gr (4 un),"€2,99/kg","€0,33/un"
Pimento Biológico,Continente Bio,emb. 300 gr,"€1,49/un","€4,97/kg"
Sultana Dourada,Continente,emb. 200 gr,"€1,59/un","€7,95/kg"
Couve Kali Biológica,Continente Bio,emb. 300 gr,"€1,99/un","€6,63/kg"
Cebola Frita,Florette,emb. 70 gr,"€1,79/un","€25,57/kg"
Maçã Biológica,Continente,emb. 500 gr (4 un),"€1,59/un","€3,18/kg"
Mini Melancia Brasil Inteira,Continente,Quant. Mínima = 1 kg,"€1,99/kg","€1,99/un"
Funcho Cuvete,Continente,emb. 300 gr,"€5,39/kg","€1,62/un"
Kiwi,Zespri,Quant. Mínima = 240 gr (2 un),"€3,99/kg","€0,48/un"
Laranja,Continente,emb. 2 kg,"€3,78/un","€1,89/kg"
Miolo de Pinhão Culinária,Continente,emb. 50 gr,"€2,99/un","€59,80/kg"
Uva Branca sem Grainha,Vale da Rosa,emb. 500 gr,"€3,99/un","€7,98/kg"
Romã do Alentejo,Continente,emb. 500 gr,"€1,69/un","€3,38/kg"
Maçã Pink Lady,Continente,Quant. Mínima = 440 gr (2 un),"€2,99/kg","€0,66/un"
Groselha Vermelha,Continente,emb. 125 gr,"€1,99/un","€15,92/kg"
PAUSE - Nuts Mix + Edamame,Nuts Originals,emb. 25 gr,"€1,04/un","€41,60/kg"
Multipack Snack de Maçã Desidratada,Fruut,emb. 8 x 12gr,"€2,49/un","€25,94/kg"
Alga Kombu Fresca Biológica,Wissi,emb. 75 gr,"€2,99/un","€39,87/kg"
Alcachofra,Continente,Quant. Mínima = 560 gr (1 un),"€4,99/kg","€2,79/un"
Salada César Biológica,Sun&Vegs,emb. 185 gr,"€2,99/un","€16,16/kg"
Dips Pepino,Dona Salada,emb. 120 gr,"€1,49/un","€12,42/kg"
Azeitona Mista,Continente,emb. 210 gr,"€1,49/un","€7,10/kg"
Mix Frutos do Bosque,Beira Baga,emb. 400 gr,"€6,99/un","€17,48/kg"
Cogumelo Marron Biológico,Continente Bio,emb. 150 gr,"€1,99/un","€13,27/kg"
Mix Picantes,Continente,emb. 100 gr,"€1,99/un","€19,90/kg"
Miolo de Amêndoa com Pele,Frusel,emb. 1 kg,"€8,99/un","€8,99/kg"
Salada de Frango com Paprica,Go Natural,emb. 223 gr,"€3,69/un","€16,55/kg"
Amendoim Frito com Mel e Sal Pack Poupança,Continente,emb. 5 x 50gr,"€2,99/un","€11,96/kg"
Morango Desidratado com Chocolate de Leite,Frubis,emb. 25 gr,"€1,19/un","€47,60/kg"
Azeitona Verde Retalhada com Ervas,Continente,emb. 210 gr,"€1,79/un","€8,52/kg"
Alperce Seco,Continente,emb. 200 gr,"€2,49/un","€12,45/kg"
Salada de Atum e Ovo,Go Natural,emb. 259 gr,"€3,69/un","€14,25/kg"
Uva Preta com Grainha,Continente,Quant. Mínima = 1 kg,"€2,99/kg","€2,99/un"
Cruz Vinho do Porto Colheita,Gran Cruz,garrafa 75 cl,"€26,99/un","€35,99/lt"
Azeitona Mista Negrinha,Continente,emb. 210 gr,"€2,89/un","€13,76/kg"
Salada Toscana,Florette,emb. 250 gr,"€1,99/un","€7,96/kg"
Couve Coração Resíduo Zero,Hortapronta,emb. 1 kg,"€2,29/kg","€2,29/un"
Cebola Roxa,,emb. 1 kg,"€1,99/un","€1,99/kg"
Espargos Finos,IMG,emb. 250 gr,"€2,29/un","€9,16/kg"
Broa de Milho de Viana,Continente,Quant. Mínima = 800 gr,"€2,39/kg","€2,39/un"
Miolo de Caju Cru,Frusel,emb. 1 kg,"€12,99/un","€12,99/kg"
Kiwi Gold,Zespri,emb. 500 gr,"€3,29/un","€6,58/kg"
"Mix Cogumelo Branco, Marron, Pleurotus e Shimeji",Continente,emb. 200 gr,"€2,99/un","€14,95/kg"
Snack Mini Pepino,My Cubies,emb. 250 gr,"€1,99/un","€7,96/kg"
Sementes de Cânhamo Descascadas Biológicas,Seara,emb. 200 gr,"€5,99/un","€29,95/kg"
Maçã Ácida Biológica,Frutta Nature,emb. 40 gr,"€2,39/un","€59,75/kg"
Batata Vermelha,Continente,emb. 5 kg,"€3,99/un","€0,80/kg"
Figo Seco,Auténtigos,emb. 400 gr,"€3,99/un","€9,98/kg"
Couve Branca Biológica,Continente Bio,emb. 700 gr,"€2,69/un","€3,84/kg"
Alho Francês,Continente,emb. 700 gr,"€2,19/un","€3,13/kg"
Azeitona Preta Oxidada,Continente,emb. 560 gr,"€1,99/un","€3,55/kg"
Tomate Coração de Boi Mini,Continente,emb. 400 gr,"€2,19/un","€5,48/kg"
Snack Castanha na Hora,Monsurgel,emb. 100 gr,"€2,99/un","€29,90/kg"
Cogumelo Pleurothus Amarelo,Argwell Fresh,emb.120 gr,"€1,99/un","€16,58/kg"
Pistácio com Sal,Frusel,emb. 1 kg,"€13,99/un","€13,99/kg"
Cabaz de Frutas da Época S,Continente,"emb. 2,5 kg","€7,99/un","€3,20/kg"
Salada Antiox,Florette,emb. 100 gr,"€1,99/un","€19,90/kg"
Salada Mesclum Bio,Vitacress,emb. 100 gr,"€1,99/un","€19,90/kg"
Batata Vermelha Biológica,Meléndez,emb. 2 kg,"€2,99/un","€1,50/kg"
Cogumelo Branco Biológico,Continente Bio,emb. 200 gr,"€1,99/un","€9,95/kg"
Cogumelo Shitake Biológico,Continente Bio,emb. 115 gr,"€1,99/un","€17,30/kg"
Trio de Malaguetas,Continente,emb. 100 gr,"€1,49/un","€14,90/kg"
Azeitona Mista Retalhada,Continente,emb. 210 gr,"€1,79/un","€8,52/kg"
"Mix Maça, Abacaxi e Coco Desidratados",Fruut,emb. 60 gr,"€2,25/un","€37,50/kg"
Salada Crocante,Vitacress,emb. 250 gr,"€1,99/un","€7,96/kg"
Azeitona Verde Descaroçada,Qampo,emb. 370 gr (peso escorrido 160 gr),"€1,89/un","€11,81/kg"
Mix Uva Branca e Preta sem Grainha,Vale da Rosa,emb. 500 gr,"€3,99/un","€7,98/kg"
Abóbora Menina Resíduo Zero,Hortapronta,emb. 1 kg,"€1,99/kg","€1,99/un"
Salada Gourmet 8 Variedades Diferentes,Florette,emb. 100 gr,"€2,49/un","€24,90/kg"
Maça Desidratada e Amendoim,Fruut,emb. 100 gr,"€2,25/un","€22,50/kg"
Uva Branca sem Grainha,Vale da Rosa,Quant. Mínima = 750 gr,"€5,99/kg","€4,49/un"
Salada de Rúcula,Florette,emb. 100 gr,"€1,99/un","€19,90/kg"
Salada Iceberg,Florette,emb. 250 gr,"€1,49/un","€5,96/kg"
Azeitona Preta Descaroçada Oxidada,Qampo,emb. 370 gr (peso escorrido 160 gr),"€1,99/un","€12,44/kg"
Mix de Vegetais Crocantes,Nuts Originals,emb. 25 gr,"€1,99/un","€99,50/kg"
Wok Ibérico,Vitacress,emb. 380 gr,"€1,69/un","€4,45/kg"
PAUSE - Edamame + Fruta + Walnuts + Choco flakes,Nuts Originals,emb. 25 gr,"€1,04/un","€41,60/kg"
Amendoim Frito com Sal,Frusel,emb. 1 kg,"€3,49/un","€3,49/kg"
Mix Ervas Aromáticas para Grelhados,Continente,emb. 20 gr,"€1,59/un","€79,50/kg"
Mix Frutos Secos Sport Pack Poupança,Continente,emb. 4 x 50 gr,"€2,99/un","€14,95/kg"
Mix de Pimento e Feijão Verde Crocantes,Nuts Originals,emb. 25 gr,"€1,99/un","€99,50/kg"
Castanha Martaínha,,emb. 1 kg,"€9,99/un","€9,99/kg"
Abóbora Butternut Resíduo Zero,Hortapronta,emb. 300 gr,"€1,99/kg","€1,99/un"
Sementes de Girassol Biológicas,Seara,emb. 200 gr,"€1,99/un","€9,95/kg"
Dips Cenoura,Dona Salada,emb. 120 gr (8 un),"€1,49/un","€12,42/kg"
Azeitona Mista Retalhada,Qampo,emb. 210 gr,"€1,79/un","€8,52/kg"
Azeitona Verde Retalhada com Piripiri e Ervas,Continente,emb. 200 gr,"€1,79/un","€8,95/kg"
Maçã Desidratada com Canela,Fruut,emb. 60 gr,"€2,25/un","€37,50/kg"
Mix Saladas Verde,,emb. 200 gr,"€1,99/un","€9,95/kg"
Mistura de Sementes Pequeno Almoço Biológicas,Continente Bio,emb. 200 gr,"€1,99/un","€9,95/kg"
Cogumelo Pleurothus Biológico,Continente Bio,emb. 150 gr,"€1,99/un","€13,27/kg"
Azeitona Galega,Continente,emb. 210 gr,"€2,19/un","€10,43/kg"
Rabanetes Crocantes e Cogumelos Desidratados,Nuts Originals,emb. 25 gr,"€1,99/un","€99,50/kg"
Alga Chorão do Mar Fresca Biológica,Wissi,emb. 100 gr,"€3,49/un","€34,90/kg"
Sementes de Linhaça Dourada Biológicas,Seara,emb. 500 gr,"€3,49/un","€6,98/kg"
PAUSE - Edamame & Choco,Nuts Originals,emb. 25 gr,"€1,04/un","€41,60/kg"
Miolo de Noz Culinária,Frusel,emb. 1 kg,"€10,99/un","€10,99/kg"
Salada Rústica,Dona Salada,emb. 400 gr,"€2,29/un","€5,73/kg"
Batata Branca,Continente,emb. 5 kg,"€3,99/un","€0,80/kg"
Sortido Otogonal de Aperitivos,Os Originais,emb. 250 gr,"€6,99/un","€27,96/kg"
PAUSE - Nuts Mix + Choco flakes + Fruta,Nuts Originals,emb. 25 gr,"€1,04/un","€41,60/kg"
Salada de Espinafre,Florette,emb. 175 gr,"€1,99/un","€11,37/kg"
Avelã com Casca,Agromontenegro,emb. 400 gr,"€2,99/un","€7,48/kg"
Salada Delicada,Vitacress,emb. 250 gr,"€1,99/un","€7,96/kg"
Sementes de Sésamo Biológicas,Continente Bio,emb. 200 gr,"€1,19/un","€5,95/un"
Tâmara Medjool Biológica,Origens Bio,emb. 200 gr,"€5,99/un","€29,95/kg"
Salada César Vegan,Sun&Vegs,emb. 190 gr,"€2,99/un","€15,74/kg"
Creme de Cenoura e Abóbora,Continente Fácil & Bom,emb. 600 gr,"€1,99/un","€3,32/kg"
Mix Saladas Roxo,,emb. 200 gr,"€1,99/un","€9,95/kg"
Alga Alface do Mar Fresca Biológica,Wissi,emb. 75 gr,"€2,99/un","€39,87/kg"
Mix Saladas Rosa,,emb. 150 gr,"€1,99/un","€15,92/kg"
Queijo Flamengo Fatiado,Continente,emb. 500 gr,"€4,19/un","€8,38/kg"
Fiambre da Perna Extra Finíssimas,Continente,emb. 200 gr,"€1,85/un","€9,25/kg"
Queijo Flamengo Fatiado,Continente,emb. 200 gr,"€1,99/un","€9,95/kg"
Queijo Flamengo Fatiado,Terra Nostra,emb. 2 x 200 gr,"€5,09/un","€12,73/kg"
Bacon Fumado Tiras,Continente,emb. 150 gr,"€1,49/un","€9,93/kg"
Fiambre Peito de Peru em Forno a Lenha,Continente,emb. 150 gr,"€1,99/un","€13,27/kg"
Queijo Flamengo Fatiado,Limiano,emb. 2 x 200 gr,"€5,09/un","€12,73/kg"
Fiambre Peito de Frango Forno a Lenha,Continente,emb. 150 gr,"€1,99/un","€13,27/kg"
Queijo Flamengo Fatiado,Limiano,emb. 200 gr,"€2,69/un","€13,45/kg"
Queijo Flamengo Light Fatiado,Terra Nostra,emb. 2 x 200 gr,"€5,19/un","€12,98/kg"
Queijo Flamengo Fatiado,Milhafre,emb. 200 gr,"€1,99/un","€9,95/kg"
Queijo Mozzarella,Continente,emb. 125 gr,"€0,95/un","€7,60/kg"
Queijo Mini Light,Babybel,emb. 12 x 20 gr,"€4,39/un","€18,29/kg"
Bacon Fatiado,Continente,emb. 200 gr,"€1,79/un","€8,95/kg"
Presunto Serrano Fatiado,Continente,emb. 200 gr,"€2,99/un","€14,95/kg"
Queijo Flamengo Light Fatiado,Limiano,emb. 2 x 200 gr,"€5,19/un","€12,98/kg"
Queijo Mini Light,Babybel,emb. 6 x 20 gr,"€2,39/un","€19,92/kg"
Queijo Flamengo Light Fatiado,Limiano,emb. 200 gr,"€2,79/un","€13,95/kg"
Queijo Fresco de Vaca Longa Duração Light,Continente Equilíbrio,"emb. 4 x 62,5 gr","€2,79/un","€11,16/kg"
Queijo Mini,Babybel,emb. 12 x 20 gr,"€4,29/un","€17,88/kg"
Queijo Fundido Light Porções,A Vaca que Ri,emb. 400 gr,"€4,58/un","€11,45/kg"
Fiambre Peito de Peru Forno Lenha Fatias Finas,Campofrio,emb. 120 gr,"€2,69/un","€22,42/kg"
Fiambre em Cubos,Continente,emb. 140 gr,"€1,59/un","€11,36/kg"
Queijo Brie,Continente,emb. 200 gr,"€1,49/un","€7,45/kg"
Queijo Flamengo Light Fatiado,Continente Equilíbrio,emb. 2 x 225 gr,"€4,25/un","€9,44/kg"
Fiambre da Perna Extra Fatias,Continente,emb. 200 gr,"€1,79/un","€8,95/kg"
Queijo Mozzarella de Búfala,Continente Seleção,emb. 125 gr,"€1,69/un","€13,52/kg"
Queijo Fundido Palitos,A Vaca que Ri,emb. 140 gr,"€2,29/un","€16,36/kg"
Queijo Flamengo Fatiado,Continente,emb. 250 gr,"€2,49/un","€9,96/kg"
Queijo Mini,Babybel,emb. 6 x 20 gr,"€2,29/un","€19,08/kg"
Queijo Feta DOP,Omiros,emb.150 gr,"€1,89/un","€12,60/kg"
Fiambre da Pá Fatias,Continente,emb. 200 gr,"€1,39/un","€6,95/kg"
Queijo Mozzarella Light,Continente Equilíbrio,emb. 125 gr,"€1,09/un","€8,72/kg"
Salsichas de Porco Frescas,Continente Fácil & Bom,emb. 500 gr (6 un),"€2,99/un","€5,98/kg"
Fiambre Perna Extra Fatias Finíssimas,Nobre,emb. 120 gr,"€2,69/un","€22,42/kg"
Queijo Fresco Longa Duração,Matinal,emb. 3 x 72 gr,"€2,39/un","€11,06/kg"
Salmão Fumado Noruega,Continente,emb. 200 gr,"€6,49/un","€32,45/kg"
Queijo Parmigiano Reggiano Ralado,Parmareggio,emb. 60 gr,"€1,99/un","€33,17/kg"
Queijo Mozzarella,Galbani,emb. 125 gr,"€1,85/un","€14,80/kg"
Queijo de Cabra Fatiado,Continente,emb. 150 gr,"€1,85/un","€12,33/kg"
Chouriço Extra Corrente,Continente,emb. 250 gr,"€1,79/un","€7,16/kg"
Queijo Parmigiano Reggiano,Continente,emb. 200 gr,"€4,49/un","€22,45/kg"
Fiambre Fatias Finas Económico,Nobre,emb. 100 gr,"€1,29/un","€12,90/kg"
Fiambre Peito de Peru Cuida-t+ Fatias Finas,Nobre,emb. 110 gr,"€2,69/un","€24,45/kg"
Queijo Fresco de Vaca,Santiago,emb. 80 gr,"€0,79/un","€9,88/kg"
Bacon Mini Tiras,Continente,emb. 2 x 60 gr,"€2,29/un","€19,08/kg"
Chouriço Corrente,Continente,emb. 400 gr,"€2,29/un","€5,73/kg"
Fiambre Peito de Peru,Continente,emb. 150 gr,"€1,69/un","€11,27/kg"
Queijo Creme Light para Barrar Familiar,Philadelphia,emb. 270 gr,"€2,99/un","€11,07/kg"
Queijo Flamengo Light Fatiado,Continente Equilíbrio,emb. 225 gr,"€2,39/un","€10,62/kg"
Queijo Fatiado,Castelões,emb. 2 x 200 gr,"€3,79/un","€9,48/kg"
Queijo Ricotta,Continente,emb. 250 gr,"€1,69/un","€6,76/kg"
Queijo Fresco Magro,Santiago,emb. 80 gr,"€0,79/un","€9,88/kg"
Salmão Fumado Noruega,Continente,emb. 100 gr,"€3,69/un","€36,90/kg"
Queijo Gouda Fatiado,Continente,emb. 200 gr,"€1,49/un","€7,45/kg"
Queijo Fresco Longa Duração Magro,Matinal,emb. 3 x 72 gr,"€2,39/un","€11,06/kg"
Queijo da Ilha Fatiado,Nova Açores,emb. 150 gr,"€1,95/un","€13,00/kg"
Queijo Burrata de Búfala,Continente Seleção,emb. 125 gr,"€1,99/un","€15,92/kg"
Alheira de Mirandela,Continente Seleção,emb. 200 gr,"€1,49/un","€7,45/kg"
Queijo de Vaca e Ovelha Amanteigado Fatiado,Limiano,emb. 180 gr,"€2,69/un","€14,94/kg"
Queijo Grana Padano,Continente,emb. 200 gr,"€3,19/un","€15,95/kg"
Bacon Fumado Tiras,Continente,emb. 2 x 125 gr,"€2,89/un","€11,56/kg"
Fiambre Peito de Frango,Continente,emb. 150 gr,"€1,69/un","€11,27/kg"
Queijo Flamengo Ralado,Continente,emb. 150 gr,"€1,09/un","€7,27/kg"
Presunto Fatiado,Casa do Monte,emb. 150 gr,"€2,65/un","€17,67/kg"
Fiambre Peito de Frango Forno a Lenha Fatias Finas,Campofrio,emb. 120 gr,"€2,69/un","€22,42/kg"
Paio do Lombo Fatias Clássicas,Nobre,emb. 100 gr,"€2,69/un","€26,90/kg"
Queijo Mozzarella Ralado,Continente,emb. 2 x 120 gr,"€2,19/un","€9,13/kg"
Queijo sem Lactose Light Fatiado,Castelões,emb. 150 gr,"€2,19/un","€14,60/kg"
Queijo Fundido Porções,A Vaca que Ri,emb. 400 gr,"€4,58/un","€11,45/kg"
Queijo Fresco sem Lactose,Continente,"emb. 2 x 62,5 gr","€1,39/un","€11,12/kg"
Mortadela com Azeitonas Fatias Express,Continente,emb. 200 gr,"€0,95/un","€4,75/kg"
Queijo Fresco de Cabra Atabafado,Guilherme,emb. 120 gr,"€1,99/un","€16,58/kg"
Chouriço de Carne de Arganil,Continente,emb. 220 gr,"€3,29/un","€14,95/kg"
Queijo Cottage Magro para Barrar Natural,Danone,emb. 180 gr,"€1,99/un","€11,06/kg"
Queijo Fundido Light Palitos,A Vaca que Ri,emb. 140 gr,"€2,39/un","€17,07/kg"
Paio do Lombo Fatiado,Continente,emb. 140 gr,"€1,89/un","€13,50/kg"
Queijinhos Cremosos Light,Continente,emb. 280 gr (16 un),"€2,69/un","€9,61/kg"
Chouriço em Cubos,Continente,emb. 2 x 70 gr,"€1,89/un","€13,50/kg"
Queijo Mozzarella Mini,Galbani,emb. 150 gr,"€2,57/un","€17,13/kg"
Queijo de Mistura,Continente,emb. 190 gr,"€2,89/un","€15,21/kg"
Queijo Flamengo Ralado,Terra Nostra,emb. 150 gr,"€2,09/un","€13,93/kg"
Chouriço de Porco Preto Alentejano,Continente,emb. 130 gr,"€2,05/un","€15,77/kg"
Linguiça Inteira,Continente,emb. 200 gr,"€1,49/un","€7,45/kg"
Requeijão de Vaca,Continente Equilíbrio,emb. 170 gr,"€0,95/un","€5,59/kg"
Fiambre Peito de Peru Forno Lenha Fatias Finas,Campofrio,emb. 220 gr,"€4,29/un","€19,50/kg"
Fiambre da Perna Extra Fatias Clássicas,Nobre,emb. 220 gr,"€4,29/un","€19,50/kg"
Queijo de Prato Pequeno,Castelões,emb. 500 gr,"€7,24/un","€14,48/kg"
Fiambre da Perna Extra Fatias Finíssimas,Nobre,emb. 220 gr,"€4,29/un","€19,50/kg"
Fiambre Peito de Frango Cuida-t+ Fatias Finas,Nobre,emb. 110 gr,"€2,69/un","€24,45/kg"
Queijo Cheddar Fundido Fatiado,A Vaca que Ri,emb. 200 gr,"€1,94/un","€9,70/kg"
Queijo Fundido Light Porções,A Vaca que Ri,emb. 280 gr,"€3,12/un","€11,14/kg"
Chouriço de Carne do Fundão,Continente,emb. 220 gr,"€2,99/un","€13,59/kg"
Queijo de Vaca Amanteigado de Seia,Seia do Tavares,emb. 800 gr,"€9,99/un","€12,49/kg"
Queijo da Ilha Cunha,Continente,emb. 400 gr,"€3,79/un","€9,48/kg"
Bacon Extra Nacos,Porminho,emb. 200 gr,"€3,39/un","€16,95/kg"
Queijo da Ilha Ralado,Continente,emb. 200 gr,"€1,69/un","€8,45/kg"
Queijo Cheddar Fatiado,Continente,emb. 150 gr,"€1,39/un","€9,27/kg"
Queijo Creme Original para Barrar Familiar,Philadelphia,emb. 270 gr,"€2,99/un","€11,07/kg"
Queijo Camembert,Continente,emb. 250 gr,"€1,69/un","€6,76/kg"
Mortadela de Peru com Azeitonas Fatias,Campofrio,emb. 140 gr,"€1,99/un","€14,21/kg"
Fiambre de Peito de Peru Forno a Lenha,Izidoro,emb. 110 gr,"€2,49/un","€22,64/kg"
Queijinhos Cremosos,Continente,emb. 280 gr,"€1,89/un","€6,75/kg"
Queijo Mozzarella Mini,Granarolo,emb. 125 gr,"€2,59/un","€20,72/kg"
Linguiça Picante,Continente,emb. 150 gr,"€1,15/un","€7,67/kg"
Queijo Fresco de Cabra,Continente,emb. 130 gr,"€1,59/un","€12,23/kg"
Cesto com 3 Queijos,Montiqueijo,emb. 3 x 90 gr,"€3,35/un","€12,41/kg"
Queijo Flamengo Fatiado,Agros,emb. 200 gr,"€2,29/un","€11,45/kg"
Queijo sem Lactose Light Fatiado,Castelões,emb. 2 x 150 gr,"€3,55/un","€11,83/kg"
Queijo Flamengo Pausa Cajus e Arandos,Limiano,emb. 3 x 40 gr,"€2,95/un","€24,58/kg"
Queijo de Vaca Amanteigado,Continente,emb. 550 gr,"€4,49/un","€8,16/kg"
Presunto Fatiado 12 Meses de Cura,Casa do Monte,emb. 160 gr,"€3,05/un","€19,06/kg"
Bloco Estilo Grego,Violife,emb. 200 gr,"€3,99/un","€19,95/kg"
Queijo Fresco sem Lactose,Président,"emb. 4 x 62,5 gr","€2,09/un","€8,36/kg"
Alheira Transmontana,Continente,emb. 200 gr,"€1,39/un","€6,95/kg"
Mortadela Fatiada Express,Continente,emb. 200 gr,"€0,95/un","€4,75/kg"
Queijo Fresco de Vaca Meio Gordo Longa Duração,Continente,"emb. 4 x 62,5 gr","€2,59/un","€10,36/kg"
Tiras de Salmão Fumado da Noruega,Continente,emb. 2 x 50 gr,"€3,09/un","€30,90/kg"
Farinheira de Arganil,Continente,emb. 250 gr,"€1,79/un","€7,16/kg"
Queijo Fresco de Cabra,Santiago,emb. 130 gr,"€1,99/un","€15,31/kg"
Mortadela de Peru Fatias,Campofrio,emb. 140 gr,"€1,99/un","€14,21/kg"
Queijo Flamengo Pausa Amêndoas e Arandos,Limiano,emb. 3 x 40 gr,"€2,95/un","€24,58/kg"
Queijo Flamengo Fatiado,Terra Nostra,emb. 200 gr,"€2,69/un","€13,45/kg"
Presunto Fatiado Express,Continente,emb. 200 gr,"€2,59/un","€12,95/kg"
Queijo Fundido para Barrar,Eru,emb. 100 gr,"€1,35/un","€13,50/kg"
Queijo Creme com Ervas Finas para Barrar,Philadelphia,emb. 150 gr,"€2,19/un","€14,60/kg"
Queijo Fresco de Cabra,Tété,emb. 150 gr,"€1,79/un","€11,93/un"
Queijo Quark Natural,Santiago,emb. 200 gr,"€1,39/un","€6,95/kg"
Fiambre de Peito de Peru Extra Fatias Finas,Nobre,emb. 110 gr,"€2,69/un","€24,45/kg"
Fiambre da Perna Extra Cuida-t+ Fatias Finas,Nobre,emb. 110 gr,"€2,69/un","€24,45/kg"
Salmão Fumado Marinado da Noruega,Continente,emb. 80 gr,"€3,99/un","€49,88/kg"
Salmão da Noruega Fumado,Martiko,emb. 80 gr,"€7,19/un","€89,88/kg"
Queijo Mozzarella e Emmental para Pizza Ralado,Président,emb. 150 gr,"€2,55/un","€17,00/kg"
Queijo Fresco de Vaca,Tété,emb. 200 gr,"€1,99/un","€9,95/kg"
Fiambre da Perna Extra Fatias Clássicas,Nobre,emb. 120 gr,"€2,69/un","€22,42/kg"
Bacon Fumado Naco,Continente,emb. 200 gr,"€2,19/un","€10,95/kg"
Queijo Flamengo Light Fatiado,Nova Açores,emb. 200 gr,"€2,19/un","€10,95/kg"
Salsicha de Peru,Continente Fácil & Bom,emb. 500 gr,"€4,39/un","€8,78/kg"
Queijo Brie,Président,emb. 200 gr,"€3,79/un","€18,95/kg"
Queijo Fatiado,Castelões,emb. 200 gr,"€2,49/un","€12,45/kg"
Fiambre Peito de Frango Forno Lenha Fatias Finas,Campofrio,emb. 220 gr,"€4,29/un","€19,50/kg"
Queijo Flamengo sem Lactose Fatiado,Paiva,emb. 150 gr,"€2,29/un","€15,27/kg"
Bacon Extra Naco Fumado,Continente,emb. 200 gr,"€2,69/un","€13,45/kg"
Fuet Extra,Continente,emb. 170 gr,"€2,19/un","€12,88/kg"
Queijo Mozzarella Light,Galbani,emb. 125 gr,"€1,85/un","€14,80/kg"
Queijo Snack Noz e Uvas Passa,Terra Nostra,emb. 3 x 40 gr,"€2,95/un","€24,58/kg"
Queijo Fresco Longa Duração Light,Continente Equilíbrio,emb. 250 gr,"€2,29/un","€9,16/kg"
Alheira Vegetariana,Eurofumeiro,emb. 200 gr,"€1,59/un","€7,95/kg"
Fiambre Peito Peru Forno a Lenha Fatias Clássicas,Campofrio,emb. 120 gr,"€2,69/un","€22,42/kg"
Queijo Mozzarella Mini de Búfala,Continente Seleção,emb. 125 gr,"€1,79/un","€14,32/kg"
Queijo Manchego DOP 6 Meses Cura,Continente,emb. 250 gr,"€3,99/un","€15,96/kg"
Queijo Creme Fresco para Barrar sem Lactose,Philadelphia,emb. 150 gr,"€2,19/un","€14,60/kg"
Queijo Emmental Ralado,Président,emb. 150 gr,"€2,55/un","€17,00/kg"
Queijo Flamengo sem Lactose Fatiado,Continente,emb. 150 gr,"€1,39/un","€9,27/kg"
Queijo Emmental Porção,Président,emb. 250 gr,"€3,79/un","€15,16/kg"
Queijo Flamengo Bola,Limiano,1/2 Bola = 800 gr,"€10,49/kg","€8,39/un"
Fatias Vegetarianas com Ervas Mediterrâneas,Nobre Vegalia,emb. 100 gr,"€2,19/un","€21,90/kg"
Farinheira do Fundão,Continente,emb. 220 gr,"€1,99/un","€9,05/kg"
Fiambre Peito Peru Braseado Cuida-t+ Fatias Finas,Nobre,emb. 110 gr,"€2,69/un","€24,45/kg"
Queijo Emmental Fatias,Continente,emb. 150 gr,"€1,99/un","€13,27/kg"
Queijo da Ilha São Miguel Cunha,São Miguel,emb. 300 gr,"€4,49/un","€14,97/kg"
Queijo Edam Fatiado,Continente,emb. 200 gr,"€1,55/un","€7,75/kg"
Bacon sem Couro,Primor,emb. 200 gr,"€3,09/un","€15,45/kg"
Queijo da Ilha S. Jorge DOP 7 Meses,S. Jorge,emb. 400 gr,"€6,19/un","€15,48/kg"
Fiambre Peito de Peru Baixo teor de Sal,Continente,emb. 150 gr,"€2,59/un","€17,27/kg"
Queijo Fresco de Vaca Natural Longa Duração,Continente,"emb. 4 x 62,5 gr","€2,59/un","€10,36/kg"
Painho Alentejano Fatias,Montaraz,emb. 80 gr,"€1,69/un","€21,13/kg"
Salame Nápoles,Corte del Gusto,emb. 80 gr,"€2,89/un","€36,13/kg"
Salsichas de Churrasco,Continente,emb. 200 gr,"€1,49/un","€7,45/kg"
Bacon Fatiado,Tulip,emb. 150 gr,"€3,99/un","€26,60/kg"
Queijo Creme para Barrar Classic,Eru,emb. 135 gr,"€2,19/un","€16,22/kg"
Alheira de Caça de Mirandela,Eurofumeiro,emb. 200 gr,"€2,19/un","€10,95/kg"
Alheira de Caça de Trás os Montes,Continente,emb. 200 gr,"€1,65/un","€8,25/kg"
Fuet Artesano,Argal,emb. 170 gr,"€3,19/un","€19,94/kg"
Presunto Fatias Finas,Continente,emb. 220 gr,"€4,15/un","€18,86/kg"
Queijo Meio Gordo,Castelões,emb. 500 gr,"€7,24/un","€14,48/kg"
Queijo Flamengo Biológico Fatiado,Terra Nostra,emb. 150 gr,"€2,49/un","€16,60/kg"
Bacon Fatiado,ElPozo,emb. 150 gr,"€2,99/un","€19,93/kg"
Queijo Mozzarella Maxi,Galbani,emb. 250 gr,"€3,09/un","€12,36/kg"
Queijo Fresco Longa Duração,Matinal,emb. 230 gr,"€2,19/un","€9,52/kg"
Queijo 4 Queijos Ralado,Président,emb. 150 gr,"€2,55/un","€17,00/kg"
Queijo Fundido Light Fatiado,A Vaca que Ri,emb. 200 gr,"€1,94/un","€9,70/kg"
Queijo Flamengo Bola 1/4,Limiano,emb. 325 gr,"€3,85/un","€11,85/kg"
Bacon Extra Fatias,Continente,emb. 150 gr,"€2,19/un","€14,60/kg"
Queijo Meio Gordo,D. Pedro,1/2 Queijo = 580 gr,"€15,35/kg","€8,90/un"
Fatiado de Sabor Original,Violife,emb. 200 gr,"€3,99/un","€19,95/kg"
Queijo Flamengo Fatiado,Campainha,emb. 2 x 400 gr,"€8,59/un","€10,74/kg"
Chouriço de Carne de Lamego,Continente,emb. 200 gr,"€2,19/un","€10,95/kg"
Linguiça Extra,Continente,emb. 150 gr,"€1,35/un","€9,00/kg"
Presunto Fatiado,Continente,emb. 240 gr,"€4,15/un","€17,29/kg"
Requeijão de Vaca,Continente,emb. 170 gr,"€0,95/un","€5,59/kg"
Bacon Fumado Tiras,Marion,emb. 130 gr,"€2,25/un","€17,31/kg"
Chourição Gran Doblón Fatiado,Campofrio,emb. 80 gr,"€1,89/un","€23,63/kg"
Tábua de Enchidos Alentejanos,Montaraz,emb. 80 gr,"€1,69/un","€21,13/kg"
Queijo Halloumi,Hadjipieris,emb. 200 gr,"€3,99/un","€19,95/kg"
Queijo Flamengo Fatiado,Nova Açores,emb. 200 gr,"€2,19/un","€10,95/kg"
Chouriço Extra,ElPozo,emb. 70 gr,"€1,95/un","€27,86/kg"
Presunto em Cubos,Continente,emb. 2 x 60 gr,"€1,59/un","€13,25/kg"
Alheira de Vinhais,Bísaro,emb. 200 gr,"€1,99/un","€9,95/kg"
Salsichas de Churrasco Picante,Continente,emb. 200 gr,"€1,69/un","€8,45/kg"
Queijo Fundido Light Porções,A Vaca que Ri,emb. 140 gr,"€2,23/un","€15,93/kg"
Delícias de Salmão Fumado sem Glúten,Continente,emb. 125 gr,"€0,99/un","€7,92/kg"
Fiambre Peito de Frango Forno a Lenha,Izidoro,emb. 110 gr,"€2,49/un","€22,64/kg"
Salmão Selvagem Alaska Fumado,Martiko,emb. 80 gr,"€7,99/un","€99,88/kg"
Queijo Fresco de Vaca Meio Gordo,Santiago,emb. 200 gr,"€1,39/un","€6,95/kg"
Presunto Parma Fatiado 16 Meses de Cura,Corte del Gusto,emb. 80 gr,"€5,09/un","€63,63/kg"
Queijo Creme para Barrar,A Vaca que Ri,emb. 150 gr,"€2,09/un","€13,93/kg"
Queijo Gorgonzola DOP,Arrigoni,emb. 200 gr,"€4,19/un","€20,95/kg"
Salsichas Frankfurt Original,Campofrio,emb. 140 gr,"€0,99/un","€7,07/kg"
Chouriço de Carne,Portugal de Sabores,emb. 130 gr,"€1,45/un","€11,15/kg"
Bacon Extra Fatias Finas,Hein,emb. 100 gr,"€2,29/un","€22,90/kg"
Queijo Fresco Meio Gordo,Santiago,emb. 480 gr (L6P4),"€2,99/un","€6,23/kg"
Presunto Porco Preto 24 Meses de Cura,Miguel & Miguel,emb. 80 gr,"€5,99/un","€74,88/kg"
Queijo de Cabra,Guilherme,emb. 230 gr,"€6,99/un","€30,39/kg"
Queijo de Cabra Atabafado,Quinta do Olival,emb. 180 gr (2 un),"€4,69/un","€26,06/kg"
Chouriça Tradicional,Prisca,emb. 180 gr,"€3,79/un","€21,06/kg"
Alheira de Lamego,Continente,emb. 200 gr,"€1,49/un","€7,45/kg"
Requeijão de Cabra,Saloio,emb. 170 gr,"€2,39/un","€14,06/kg"
Queijo de Mistura,Serras de Penela,emb. 250 gr,"€3,99/un","€15,96/kg"
Queijo de Mistura Amanteigado,Limiano,emb. 450 gr,"€6,19/un","€13,76/kg"
Queijo Flamengo Fatiado,Gresso,emb. 2 x 350 gr,"€6,89/un","€9,84/kg"
Queijo de Cabra,Continente,emb. 2 x 100 gr,"€3,99/un","€19,95/kg"
Alheira de Caça,Prisca,emb. 180 gr,"€2,75/un","€15,28/kg"
Salame para Tapas,Campofrio,emb. 80 gr,"€1,89/un","€23,63/kg"
Chouriço Picante Corrente,Continente,emb. 250 gr,"€2,09/un","€8,36/kg"
Presunto Fatiado,Continente,emb. 120 gr,"€2,39/un","€19,92/kg"
Queijo Fundido Porções,A Vaca que Ri,emb. 140 gr,"€2,23/un","€15,93/kg"
Queijo Mozzarella,Granarolo,emb. 125 gr,"€1,69/un","€13,52/kg"
Queijo Light Prato,Paiva,1/2 Queijo = 600 gr,"€10,99/kg","€6,59/un"
Pepperoni Fatias,Corte del Gusto,emb. 80 gr,"€3,35/un","€41,88/kg"
Queijo de Cabra,Queijaria Licinia,emb. 250 gr,"€4,19/un","€20,95/kg"
Queijo Fresco de Ovelha,Continente,emb. 80 gr,"€0,85/un","€10,63/kg"
Queijo Creme Camembert para Barrar,Président,emb. 125 gr,"€2,45/un","€19,60/kg"
Queijo de Ovelha Amanteigado de Seia,Continente,emb. 500 gr,"€8,89/un","€17,78/kg"
Patê de Pato com Vinho do Porto,Capdevila,emb. 55 gr,"€1,05/un","€19,09/kg"
Fiambre Italiano,Corte del Gusto,emb. 100 gr,"€3,39/un","€33,90/kg"
Queijo Emmental Ralado,Campainha,emb. 150 gr,"€2,49/un","€16,60/kg"
Queijo Meio Gordo,Paiva,1/2 Queijo = 590 gr,"€11,19/kg","€6,60/un"
Queijo Fresco de Cabra Atabafado Light,Guilherme,emb. 120 gr,"€2,49/un","€20,75/kg"
Queijo Camembert,Président,emb. 250 gr,"€3,39/un","€13,56/kg"
Queijo Fresco Com Alho E Ervas Finas,Boursin,emb. 150 gr,"€2,49/un","€16,60/kg"
Chouriço de Carne de Porco Preto,Miguel & Miguel,emb. 150 gr,"€2,59/un","€17,27/kg"
Presunto Parma 24 Meses de Cura,Corte del Gusto,emb. 80 gr,"€5,75/un","€71,88/kg"
Queijo Flamengo Light Fatiado,Terra Nostra,emb. 200 gr,"€2,79/un","€13,95/kg"
Chouriço Vegan,Veg In,emb. 200 gr,"€3,69/un","€18,45/kg"
Presunto Fatias Finas,Continente,emb. 120 gr,"€2,49/un","€20,75/kg"
Queijo Flamengo Ralado,Campainha,emb. 150 gr,"€1,35/un","€9,00/kg"
Queijo Cheddar Vintage,Kerrygold,emb. 200 gr,"€3,59/un","€17,95/kg"
Queijo Parmigiano Reggiano DOP Lascas,Soloitalia,emb. 80 gr,"€2,45/un","€30,63/kg"
Presunto Quartos,Casa do Monte,emb. 500 gr,"€8,39/un","€16,78/kg"
Morcela Cozer do Fundão,Continente,emb. 200 gr,"€2,05/un","€10,25/kg"
Bacon Fumado em Cubos,Tulip,emb. 2 x 100 gr,"€3,99/un","€19,95/kg"
Queijo de Cabra Atabafado com Alho e Ervas,Monforqueijo,emb. 2 x 90 gr,"€4,69/un","€26,06/kg"
"Tábua Lombo, Cachaço e Paio Fatiados",Beira Lamego,emb. 80 gr,"€2,09/un","€26,13/kg"
Queijo Parmigiano Reggiano 30 Meses de Cura,Parmareggio,emb. 150 gr,"€5,89/un","€39,27/kg"
Bacon Fumado Nacos de Arganil,Fumeiro de Arganil,emb. 250 gr,"€4,39/un","€17,56/kg"
Queijo de Azeitão DOP,Continente Seleção,emb. 230 gr,"€6,99/un","€30,39/kg"
Queijo Cheddar Mature,Kerrygold,emb. 200 gr,"€3,39/un","€16,95/kg"
Fatias Vegetarianas com Vegetais Assados,Nobre Vegalia,emb. 100 gr,"€2,19/un","€21,90/kg"
Queijo Fresco de Vaca Longa Duração Baixo Teor de Sal,Continente Equilíbrio,"emb. 4 x 62,5 gr","€2,79/un","€11,16/kg"
Creme de Barrar,Violife,emb. 200 gr,"€3,79/un","€18,95/kg"
Queijo Gouda sem Lactose Fatiado,Continente,emb. 150 gr,"€1,79/un","€11,93/kg"
Fiambre Perna Extra Baixo teor de sal,Continente,emb. 200 gr,"€2,29/un","€11,45/kg"
Queijo Fresco Natural Longa Duração,Continente,emb. 250 gr,"€2,29/un","€9,16/kg"
QueijoTex Mex Ralado,Continente,emb. 2 x 120 gr,"€1,89/un","€7,88/kg"
Morcela de Arganil,Continente,emb. 250 gr,"€1,79/un","€7,16/kg"
Chouriça de Porco Bísaro de Bragança,Bísaro,emb. 160 gr,"€2,75/un","€17,19/kg"
Salpicão e Paio Alentejano,Continente,emb. 150 gr,"€2,25/un","€15,00/kg"
Farinheira de Lamego,Continente,emb. 230 gr,"€1,49/un","€6,48/kg"
Queijo Brie,Caprice Dieux,emb. 200 gr,"€4,79/un","€23,95/kg"
Requeijão Light,Saloio,emb. 170 gr,"€1,79/un","€10,53/kg"
Queijo Branco 1/4,Indulac,emb. 500 gr,"€6,95/un","€13,90/kg"
Queijo Grana Padano DOP Ralado,Granarolo,emb. 90 gr,"€2,49/un","€27,67/kg"
Queijo de Mistura,Serras de Penela,emb. 450 gr,"€7,59/un","€16,87/kg"
Queijo Ralado DOP,S. Jorge,emb. 150 gr,"€1,85/un","€12,33/kg"
Presunto Ibérico Lascas,ElPozo,emb. 80 gr,"€6,99/un","€87,38/kg"
Queijo Cheddar Mild Red,Kerrygold,emb. 200 gr,"€3,39/un","€16,95/kg"
Requeijão de Mistura Natural,Saloio,emb. 170 gr,"€1,79/un","€10,53/kg"
Alheira de Mirandela,Eurofumeiro,emb. 200 gr,"€1,75/un","€8,75/kg"
Salsichas Tipo Brasileiras Churrasco,Nobre,emb. 200 gr,"€2,69/un","€13,45/kg"
Queijo Fundido Porções,A Vaca que Ri,emb. 280 gr,"€3,12/un","€11,14/kg"
Queijo Mascarpone,Galbani,emb. 250 gr,"€3,69/un","€14,76/kg"
Salpicão de Arganil,Continente,emb. 350 gr,"€5,49/un","€15,69/kg"
Queijo Creme Brie para Barrar,Président,emb. 125 gr,"€2,45/un","€19,60/kg"
Paio Fatiado,Beira Lamego,emb. 80 gr,"€2,09/un","€26,13/kg"
Queijo de Ovelha Évora DOP,Continente Seleção,emb. 250 gr,"€5,29/un","€27,84/kg"
Fiambre Peito de Frango Baixo teor de Sal,Continente,emb. 150 gr,"€2,59/un","€17,27/kg"
Queijo Rolo de Vaca,Continente,emb. 140 gr,"€1,69/un","€12,07/kg"
Queijo Creme para Barrar Flamengo,Président,emb. 125 gr,"€1,99/un","€15,92/kg"
Queijo Creme Fresco Trufa para Barrar,Philadelphia,emb. 150 gr,"€2,19/un","€14,60/kg"
Queijo Ricotta,Granarolo,emb. 250 gr,"€2,29/un","€9,16/kg"
Farinheira de Porco Preto Alentejano,Continente,emb. 160 gr,"€2,19/un","€13,69/kg"
Queijo Pimentão,Castelões,emb. 500 gr,"€7,24/un","€14,48/kg"
Chouriço Picante da Guarda,Continente,emb. 200 gr,"€2,99/un","€14,95/kg"
Chouriço de Porco Preto de Barrancos,Segredos de Barrancos,emb. 180 gr,"€3,79/un","€21,06/kg"
Queijo Ralado 3 Queijos,Campainha,emb. 150 gr,"€2,49/un","€16,60/kg"
Queijo de Mistura Regional,Saloio,emb. 190 gr,"€3,79/un","€19,95/kg"
Chouriço da Guarda,Continente,emb. 200 gr,"€2,29/un","€11,45/kg"
Salame All Natural Fatiado,ElPozo,emb. 70 gr,"€1,95/un","€27,86/kg"
Queijo Brie Light,Président,emb. 200 gr,"€3,79/un","€18,95/kg"
Fiambre Peito de Frango Forno a Lenha Fatias Clássicas,Campofrio,emb. 120 gr,"€2,69/un","€22,42/kg"
Presunto Mini Cubos,Continente,emb. 2 x 60 gr,"€2,15/un","€17,92/kg"
Queijo de Cabra,Palhais,emb. 2 x 100 gr,"€4,39/un","€21,95/kg"
Salmão Fumado da Noruega Eco Biológico,Martiko,emb. 80 gr,"€7,99/un","€99,88/kg"
Queijo Gorgonzola DOP Picante,Arrigoni,emb. 200 gr,"€4,39/un","€21,95/kg"
Queijo de Mistura Amanteigado Meio Gordo,Limiano,emb. 450 gr,"€6,19/un","€13,76/kg"
Alheira Tradicional sem Glúten,Prisca,emb. 180 gr,"€2,75/un","€15,28/kg"
Queijo Amanteigado Prato,Paiva,1/2 Queijo = 570 gr,"€11,19/kg","€6,38/un"
Queijo Creme Fresco com Salmão para Barrar,Philadelphia,emb. 150 gr,"€2,19/un","€14,60/kg"
Especialidade Vegan Fatias Original,Nurishh,emb. 160 gr,"€2,49/un","€15,56/kg"
Queijo Raclette,Continente,emb. 400 gr,"€4,49/un","€11,23/kg"
Presunto Nacos,Continente,emb. 250 gr,"€3,29/un","€13,16/kg"
Salsichas Nurnberger Dop,Kupfer,emb. 300 gr,"€4,99/un","€16,63/kg"
Fatias Vegetarianas com Legumes,Nobre Vegalia,emb. 100 gr,"€2,19/un","€21,90/kg"
Chouriço Preto de Porco Preto Alentejano,Continente,emb. 150 gr,"€2,19/un","€14,60/kg"
Toucinho Fumado,Beira Lamego,emb. 250 gr,"€17,99/kg","€4,50/un"
Queijo Parmigiano Reggiano DOP Ralado,Granarolo,emb. 90 gr,"€2,99/un","€33,22/kg"
Tábua de Charcutaria Italiana Festiva,Corte del Gusto,emb. 320 gr,"€10,99/un","€34,34/kg"
Patê com Ervas Finas,Capdevila,emb. 55 gr,"€1,05/un","€19,09/kg"
Presunto Rolado,Continente,emb. 180 gr,"€2,45/un","€13,61/kg"
Presunto Quartos,Continente,emb. 540 gr,"€8,99/kg","€4,85/un"
Boqueirão em Azeite Virgem Extra,Lorea,emb. 120 gr,"€4,89/un","€40,75/kg"
Queijo Flamengo Pausa Amêndoas e Arandos,Limiano,emb. 40 g,"€0,99/un","€24,75/kg"
Fiambre de Peru com Trufas e Cogumelos Boletus,ElPozo,emb. 170 gr,"€3,49/un","€20,53/kg"
Salmão Fumado da Escócia,Martiko,emb. 80 gr,"€7,99/un","€99,88/kg"
Azeitona Verde com Queijo,Pere Olive,emb. 150 gr,"€3,99/un","€26,60/kg"
Queijo Cortado,Old Amsterdam,emb. 200 gr,"€4,99/un","€24,95/kg"
Presunto Fumado Floresta Negra,Abraham,emb. 80 gr,"€1,49/un","€18,63/kg"
Queijo Manchego Cura 12 Meses DOP,La Cueva del Abuelo,emb. 130 gr,"€25,39/kg","€3,30/un"
Chouriço Mouro da Guarda,Continente,emb. 200 gr,"€1,99/un","€9,95/kg"
Salpicão do Lombo de Lamego,Continente,emb. 300 gr,"€5,99/un","€19,97/kg"
Coppa Parma,Corte del Gusto,emb. 80 gr,"€3,55/un","€44,38/kg"
Queijo de Cabra Mini Seia,Seia do Tavares,emb. 300 gr,"€5,99/un","€19,97/kg"
Merendeira de Ovelha Amanteigada Seia,Seia do Tavares,Quant. Mínima = 620 gr,"€19,99/kg","€12,39/un"
Farinheira Ponte de Lima,Continente,emb. 200 gr,"€1,89/un","€9,45/kg"
Queijo Médio,Castelões,"emb. 1,15 kg","€13,39/kg","€15,40/un"
Queijo Fresco Médio Magro,Santiago,emb. 180 gr,"€1,39/un","€6,95/kg"
Queijo Nisa DOP,Continente Seleção,emb. 310 gr,"€6,99/un","€22,55/kg"
Queijo Ricotta de Búfala,Continente Seleção,emb. 125 gr,"€1,19/un","€9,52/kg"
Queijo de Ovelha,Herdade da Maia,emb. 210 gr,"€4,39/un","€20,90/kg"
Chouriço de Carne Ponte de Lima,Continente,emb. 200 gr,"€3,59/un","€17,95/kg"
Requeijão de Ovelha,Lagos,emb. 200 gr,"€1,99/un","€9,95/kg"
Queijo Mistura Cunha,Continente,emb. 250 gr,"€3,15/un","€12,60/kg"
Salmão Marinado da Noruega,Martiko,emb. 80 gr,"€7,99/un","€99,88/kg"
Barriga Fumada Forno a Lenha,Prisca,emb. 150 gr,"€3,85/un","€25,67/kg"
Fuet Nobreza,ElPozo,emb. 200 gr,"€3,19/un","€15,95/kg"
Chouriço de Carne de Seia,Fumeiro da Serra da Estrela,emb. 180 gr,"€3,85/un","€21,39/kg"
Queijo Fresco de Cabra para Barrar,Santiago,emb. 125 gr,"€2,39/un","€19,12/kg"
Queijo Mozzarella de Búfala Sem Lactose,Garofalo,emb. 125 gr,"€1,99/un","€15,92/kg"
Queijo Fundido Fatiado,A Vaca que Ri,emb. 200 gr,"€1,94/un","€9,70/kg"
Presunto Fatiado,Continente,emb. 2 x 80 gr,"€3,45/un","€21,56/kg"
Queijinho de Ovelha Seia,Lagos,emb. 300 gr,"€4,99/un","€22,18/kg"
Salsichão Natural,ElPozo,emb. 70 gr,"€1,95/un","€27,86/kg"
Queijo 4 Meses S. Jorge DOP,Continente Seleção,emb. 350 gr,"€4,49/un","€12,83/kg"
Chouriço de Cura 100 % Natural,Fumeiro da Serra da Estrela,emb. 200 gr,"€4,29/un","€21,45/kg"
Chouriço Mouro de Arganil,Continente,emb. 250 gr,"€2,79/un","€11,16/kg"
Salsichas de Porco Preto,Miguel & Miguel,emb. 400 gr,"€12,99/kg","€5,20/un"
Queijo com Azeitonas e Orégãos,Palhais,emb. 130 gr,"€2,99/un","€23,00/kg"
Queijo Amanteigado,A Queijeira,1/2 Queijo = 610 gr,"€13,79/kg","€8,41/un"
Queijo de Ovelha Amanteigado Seia,Lagos,emb. 450 gr (aprox.),"€8,99/un","€19,98/kg"
Chouriço de Porco Preto,Portugal de Sabores,emb. 150 gr,"€1,75/un","€11,67/kg"
Especialidade Vegan Fatias Cheddar,Nurishh,emb. 160 gr,"€2,49/un","€15,56/kg"
Queijo Flamengo Light Pausa Amêndoas e Uvas,Limiano,emb. 3 x 40 gr,"€2,95/un","€24,58/kg"
Requeijão de Ovelha Azeitão,Continente,emb. 200 gr,"€2,39/un","€11,95/kg"
Queijo Snack Light Cajus e Cerejas,Terra Nostra,emb. 3 x 40 gr,"€2,95/un","€24,58/kg"
Queijo Meio Gordo,Fonte Mourisca,1/2 Queijo = 600 gr,"€13,39/kg","€8,03/un"
Queijo Mascarpone,Granarolo,emb. 250 gr,"€3,89/un","€15,56/kg"
Queijo 8 Meses Fatiado,Old Amsterdam,emb. 125 gr,"€3,29/un","€26,32/kg"
Queijo Puro de Cabra,Herdade da Maia,emb. 2 x 170 gr,"€4,39/un","€25,82/kg"
Queijo Mozzarella Crocante,Galbani,emb. 150 gr,"€3,69/un","€24,60/kg"
Queijo Ralado Mix sem Lactose,Quinta da Serra,emb. 150 gr,"€1,99/un","€13,27/kg"
Queijo Chévre,Palhais,emb. 180 gr,"€3,99/un","€22,17/kg"
Queijo de Vaca Amanteigado,Queijaria das Pousadas,1/2 Queijo = 520 gr,"€13,29/kg","€6,91/un"
Queijo Edam sem Lactose Fatiado,Continente,emb. 150 gr,"€1,79/un","€11,93/kg"
Queijo Burrata de Vaca,Negrini,emb. 200 gr,"€4,69/un","€23,45/kg"
Morcela de Arroz do Fundão,Continente,emb. 200 gr,"€2,05/un","€10,25/kg"
Paio do Lombo 50% Ibérico,Continente Seleção,emb. 90 gr,"€4,59/un","€51,00/kg"
Queijo de Mistura,Três Igrejas,1/2 Queijo = 510 gr,"€15,99/kg","€8,15/un"
Queijo Fresco Magro,Continente Equilíbrio,emb. 80 gr,"€0,59/un","€7,38/kg"
Farinheira de Porco,Sabores do Alentejo,emb. 160 gr,"€1,45/un","€9,06/kg"
Queijo da Ilha,Ilha Azul,Quant. Mínima = 1 kg,"€9,69/kg","€9,69/un"
Queijo Cheddar Fatiado,Campainha,emb. 2 x 400 gr,"€9,99/un","€12,49/kg"
Queijo Brie Gourmet,Président,emb. 200 gr,"€4,09/un","€20,45/kg"
Presunto Ibérico Fatiado 24 Meses de Cura,Continente Seleção,emb. 80 gr,"€5,99/un","€74,88/kg"
Queijo Flamengo Fatiado,Terra Nostra,emb. 180 gr,"€2,69/un","€14,94/kg"
Morcela para Assar do Fundão,Continente,emb. 200 gr,"€2,05/un","€10,25/kg"
Paleta Ibérica Lascas,ElPozo,emb. 90 gr,"€6,99/un","€77,67/kg"
Salpicão da Guarda,Continente,emb. 270 gr,"€3,99/un","€14,78/kg"
Chouriço Mouro do Fundão,Continente,emb. 230 gr,"€2,39/un","€10,39/kg"
Chouriço de Porco Preto,Montaraz,emb. 150 gr,"€2,49/un","€16,60/kg"
Patê com Pimenta Verde,Capdevila,emb. 55 gr,"€1,05/un","€19,09/kg"
Azeitona Siciliana,Ficacci,emb. 150 gr,"€2,59/un","€17,27/kg"
Queijo Apimentado,Paiva,1/2 Queijo = 580 gr,"€11,19/kg","€6,49/un"
Paio do Fundão,Continente,emb. 250 gr,"€4,25/un","€17,00/kg"
Moira de Lamego,Continente,emb. 180 gr,"€1,49/un","€8,28/kg"
Chouriço Corrente,Continente,emb. 1 kg,"€4,99/un","€4,99/kg"
Toucinho do Lombo de Porco Preto,Miguel & Miguel,emb. 200 gr,"€1,69/un","€8,45/kg"
Alheira Vegan,Veg In,emb. 200 gr,"€3,69/un","€18,45/kg"
Chouriço de Carne,Monte Safira,emb. 200 gr,"€2,99/un","€14,95/kg"
Quejo Ortolan Com Trufas Brancas,Milleret,emb. 135 gr,"€4,99/un","€36,96/kg"
Farinheira Serrana,Fumeiro da Serra da Estrela,emb. 200 gr,"€1,99/un","€9,95/kg"
Especialidade Vegetariana de Tofu Tipo Viena Biológica,Taifun,emb. 300 gr,"€4,79/un","€15,97/kg"
Queijo Roquefort,Société,emb. 100 gr,"€2,99/un","€29,90/kg"
Linguiça,Damatta,emb. 150 gr,"€2,29/un","€15,27/kg"
Merendeira Serpa DOP,Guilherme,emb. 200 gr,"€6,99/un","€34,95/kg"
Queijo Gorgonzola DOP,Arrigoni,Quant. Mínima = 250 gr,"€17,79/kg","€4,45/un"
Queijo Burrata de Vaca,Gioiella,emb. 125 gr,"€2,89/un","€23,12/kg"
Salsicha Bockwurst,Continente,emb. 360 gr,"€3,99/un","€11,08/kg"
Queijo Camembert de Búfala,Continente Seleção,emb. 250 gr,"€4,89/un","€19,56/kg"
Queijo 12 Meses S. Jorge DOP,S. Jorge,emb. 300 gr,"€6,29/un","€20,97/kg"
Salsichas Clássicas Churrasco,Nobre,emb. 200 gr,"€2,69/un","€13,45/kg"
Queijo Amanteigado,Fonte Mourisca,1/2 Queijo = 550 gr,"€13,39/kg","€7,36/un"
Atum fumado Noruega,Continente,emb. 80 gr,"€3,69/un","€46,13/kg"
Pernil Fumado,Primor,"Quant. Mínima = 1,2 kg","€8,99/kg","€10,79/un"
Queijo Parmesão Biológico,Parmareggio,emb. 150 gr,"€6,99/un","€46,60/kg"
Queijo Chévre Biológico,Soignon,emb. 180 gr,"€3,99/un","€3,99/un"
Lombo Extra,Noel,emb. 120 gr,"€3,19/un","€26,58/kg"
Patê com Cebola Caramelizada,Capdevila Exquisite,emb. 100 gr,"€2,20/un","€22,00/kg"
Chouriço de Peru,Quinta dos Fumeiros,emb. 180 gr,"€3,99/un","€22,17/kg"
Paio Vermelho de Porco Preto Fatias,Continente Seleção,emb. 125 gr,"€4,49/un","€35,92/kg"
Fuet Extra com Trufas,ElPozo,emb. 150 gr,"€3,69/un","€24,60/kg"
Fiambre Peito de Peru Teor de Sal Reduzido Fatias Finas,Izidoro,emb. 110 gr,"€2,19/un","€19,91/kg"
Queijo de Mistura,Sabores da Soalheira,1/2 Queijo = 550 gr,"€11,99/kg","€6,59/un"
Queijo Fondue Suiço,Fromalp,emb. 400 gr,"€5,99/un","€14,98/kg"
Queijo de Ovelha Pimentão,Herdade da Maia,emb. 210 gr,"€4,39/un","€20,90/kg"
Queijo de Cabra,Capricórnio,emb. 230 gr,"€5,39/un","€23,43/kg"
Queijo Cabra Atabafado de Pimenta Rosa,Quinta do Olival,emb. 180 gr,"€4,69/un","€26,06/kg"
Queijo Brie,Paysan Breton,emb. 180 gr,"€3,59/un","€19,94/kg"
Bacalhau Fumado,Continente,emb. 80 gr,"€3,69/un","€46,13/kg"
Queijo de Mistura Apimentado,Serras de Penela,emb. 450 gr,"€6,99/un","€15,53/kg"
Queijo Gouda Fatiado,Campainha,emb. 2 x 400 gr,"€8,59/un","€10,74/kg"
Queijo de Mistura Picante da Beira Baixa DOP Quarto,Continente Seleção,emb. 200 gr,"€5,19/un","€25,95/kg"
Queijo Snack de Vaca,Président,emb. 180 gr,"€2,89/un","€16,06/kg"
Morcela para Assar de Arganil,Continente,emb. 300 gr,"€2,75/un","€9,17/kg"
Queijo Amanteigado,D. Pedro,1/2 Queijo = 560 gr,"€15,35/kg","€8,60/un"
Queijo Gouda,Old Amsterdam,Quant. Mínima = 230 gr,"€25,99/kg","€5,98/un"
Queijo Snack Noz e Uvas Passa,Terra Nostra,emb. 40 gr,"€0,99/un","€24,75/kg"
Queijo Mon Petit Creamy,Milleret,emb. 125 gr,"€3,99/un","€31,92/kg"
Chouriço 50% Ibérico,Continente Seleção,emb. 90 gr,"€2,69/un","€29,89/kg"
Queijo de Ovelha Amanteigado,Seia do Tavares,emb. 500 gr,"€13,59/un","€27,18/kg"
Salpicão de Seia,Fumeiro da Serra da Estrela,emb. 280 gr,"€5,29/un","€18,89/kg"
Queijo de Cabra,Quinta do Olival,1/2 Queijo = 450 gr,"€19,99/kg","€9,00/un"
Chouriço Ibérico Fatias,ElPozo,emb. 75 gr,"€3,19/un","€42,53/kg"
Queijo de Ovelha Amanteigado,Pastor da Beira Alta,"Quant. Mínima = 1,10 kg","€17,59/kg","€19,35/un"
Chouriço de Frango,Quinta dos Fumeiros,emb. 180 gr,"€3,99/un","€22,17/kg"
Sucedâneo Caviar Preto Caviartic,Ubago,emb. 75 gr,"€2,69/un","€35,87/kg"
Patê com Pimenta Negra,Capdevila Exquisite,emb. 100 gr,"€2,20/un","€22,00/kg"
Presunto Fatiado Biológico,Lourenço,emb. 90 gr,"€4,59/un","€4,59/un"
Queijo de Vaca,Alavão,1/2 Queijo = 560 gr,"€9,99/kg","€5,59/un"
Queijo Meio Gordo,Queijaria das Pousadas,1/2 Queijo = 510 gr,"€11,49/kg","€5,86/un"
Queijo Ralado,Old Amsterdam,emb. 100 gr,"€2,19/un","€21,90/kg"
Queijo Apimentado,Fonte Mourisca,1/2 Queijo = 530 gr,"€13,39/kg","€7,10/un"
Paleta de Cebo 50% Ibérico,Sánchez Alcaraz,emb. 100 gr,"€5,99/un","€59,90/kg"
Queijo de Ovelha Cunha,Continente,emb. 250 gr,"€4,39/un","€17,56/kg"
Queijo de Cabra Rústico Metades,Palhais,emb. 500 gr,"€9,99/un","€19,98/kg"
Farinheira da Guarda,Continente,emb. 200 gr,"€1,89/un","€9,45/kg"
Queijo Flamengo Proteína Fatiado,Terra Nostra,emb. 180 gr,"€2,69/un","€14,94/kg"
Salsichão de Porco Preto Fatias,Continente Seleção,emb. 125 gr,"€4,79/un","€38,32/kg"
Chouriça de Cebola de Ponte de Lima,Continente,emb. 200 gr,"€3,29/un","€16,45/kg"
Queijo de Ovelha Castelo Branco DOP,Continente Seleção,emb. 500 gr,"€7,99/un","€15,98/kg"
Queijo da Ilha,Famoso,emb. 300 gr,"€3,99/un","€13,30/kg"
Merendeira de Nisa DOP,Monforqueijo,emb. 300 gr,"€8,99/un","€29,97/kg"
Salsichão de Porco Preto de Barrancos,Segredos de Barrancos,emb. 200 gr,"€5,39/un","€26,95/kg"
Chouriço Extra,Noel,emb. 100 gr,"€2,19/un","€21,90/kg"
Queijo da Ilha com Pimenta da Terra Balcão,Santiago,Quant. Mínima = 350 gr (1 porção),"€13,99/kg","€0,70/un"
Fiambre da Perna Teor de Sal Reduzido Extra Fatias,Izidoro,emb. 110 gr,"€2,19/un","€19,91/kg"
Queijo Snack Amêndoas e Cerejas,Terra Nostra,emb. 3 x 40 gr,"€2,95/un","€24,58/kg"
Requeijão de Ovelha,Saloio,emb. 170 gr,"€2,39/un","€14,06/kg"
Queijo de Cabra Cunha,Continente,emb. 250 gr,"€4,49/un","€17,96/kg"
Queijo de Ovelha Amanteigado Seia,Seia do Tavares,Quant. Mínima = 1 kg,"€19,99/kg","€19,99/un"
Queijo Azul Bresse Blue,Haute Fromagerie,emb. 140 gr,"€3,95/un","€28,21/kg"
Queijo Amarelo da Beira Baixa DOP,Continente Seleção,emb. 450 gr,"€7,39/un","€16,42/kg"
Copita de Porco Preto Fatias,Continente Seleção,emb. 120 gr,"€5,59/un","€46,58/kg"
Presunto Serrano,Noel,emb. 120 gr,"€3,09/un","€25,75/kg"
Queijo Cocktail Aperifrais,Burgo de Arias,emb. 100 gr,"€3,79/un","€37,90/kg"
Queijo de Mistura,Lagos,emb. 450 gr,"€5,99/un","€13,31/kg"
Queijo de São Jorge DOP 24 Meses de Cura,S. Jorge,emb. 300 gr,"€8,49/un","€28,30/kg"
Paio de Porco Preto,Segredos de Barrancos,emb. 200 gr,"€4,99/un","€24,95/kg"
Queijo Aperitivo,Old Amsterdam,emb. 150 gr,"€3,99/un","€26,60/kg"
Anchovas com Azeite Virgem Extra,Lorea,emb. 100 gr,"€4,39/un","€43,90/kg"
Queijo de Ovelha Amanteigado Cerrado do Vale,Cerrado do Vale,Quant. Mínima = 810 gr,"€20,99/kg","€17,00/un"
Salsicha Estilo Viena,Continente,emb. 200 gr,"€3,59/un","€17,95/kg"
Foie Gras de Pato,Continente Seleção,emb. 150 gr,"€8,99/un","€59,93/kg"
Queijo de Cabra Cabrissac Com Cinza,Haute Fromagerie,emb. 150 gr,"€5,59/un","€37,27/kg"
Salsichão Ibérico,ElPozo,emb. 75 gr,"€3,19/un","€42,53/kg"
Patê com Ervas Finas,Capdevila Exquisite,emb. 100 gr,"€2,20/un","€22,00/kg"
Chouriço Negro,Monte Safira,emb. 200 gr,"€2,19/un","€10,95/kg"
Queijo Meio Gordo sem Lactose,Continente,emb. 250 gr,"€3,79/un","€15,16/kg"
Queijo de Ovelha Amanteigado,Guilherme,emb. 400 gr,"€13,59/un","€30,20/kg"
Azeitona Verde Provençal,Pere Olive,emb. 150 gr,"€3,99/un","€26,60/kg"
Queijo de Mistura Pimentão,Três Igrejas,1/2 Queijo = 600 gr,"€15,99/kg","€9,59/un"
Farinheira de Almoster,Fumeiro de Ribatejo,emb. 200 gr,"€1,99/un","€9,95/kg"
Queijo de Ovelha Nisa DOP Metades,Santiago,emb. 520 gr,"€14,99/un","€28,83/kg"
Lombinhos de Salmão,Ubago,emb. 80 gr,"€6,89/un","€86,13/kg"
Morcela Vegan,Veg In,emb. 200 gr,"€3,69/un","€18,45/kg"
Barriga Fumada de Chaves,Continente,emb. 290 gr,"€18,99/kg","€5,51/un"
Chouriço de Porco Preto,Miguel & Miguel,emb. 300 gr,"€4,49/un","€14,97/kg"
Cabeça Fumada,Primor,Quant. Mínima = 850 gr,"€8,99/kg","€7,64/un"
Bloc de Foie Gras de Pato Mi-cuit,Capdevila,emb. 100 gr,"€9,99/un","€99,90/kg"
Salpicão Ponte Lima,Continente,emb. 250 gr,"€4,59/un","€18,36/kg"
Queijo de Ovelha Serpa DOP,Continente Seleção,emb. 200 gr,"€7,79/un","€38,95/kg"
Queijo de Ovelha Azeitão DOP,Santiago,emb. 250 gr,"€6,99/un","€27,96/kg"
Lombo de Porco Preto Fatias,Continente Seleção,emb. 120 gr,"€7,99/un","€66,58/kg"
Bacon Estilo Inglês,Tulip,emb. 100 gr,"€2,89/un","€28,90/kg"
Foie Gras de Pato,Capdevila,emb. 125 gr,"€18,49/un","€147,92/kg"
Queijo de Cabra Barrado,Quinta do Olival,1/2 Queijo = 400 gr,"€19,99/kg","€8,00/un"
Queijo Gruyère Porções,Seleção Du Chef,Quant. Mínima = 160 gr,"€31,29/kg","€5,01/un"
Queijo Ovelha à Ovelheira,Monte Soalheira,Quant. Mínima = 850 gr,"€17,99/kg","€15,29/un"
Queijo de Ovelha 12 Meses de Cura,Serramonte,1/2 Queijo = 700 gr,"€21,99/kg","€15,39/un"
Linguiça de Lamego,Continente,emb. 180 gr,"€2,99/un","€16,61/kg"
Queijo Cabra I'm Cheese,,emb. 130 gr,"€4,49/un","€34,54/kg"
Chouriço Mouro Ponte de Lima,Continente,emb. 200 gr,"€3,29/un","€16,45/kg"
Chouriço de Cebola,Quinta dos Fumeiros,emb. 180 gr,"€3,75/un","€20,83/un"
Chouriço Sabor Português,Damatta,emb. 400 gr,"€3,29/un","€8,23/kg"
Salsicha Toscana,Prisca,emb. 400 gr,"€4,59/un","€11,48/kg"
Queijo Barrado Ovelha Tavares,Seia do Tavares,1/2 Queijo = 560 gr,"€21,49/kg","€12,03/un"
Patê de Carne,Hein,emb. 125 gr,"€1,99/un","€15,92/kg"
Queijo Gorgonzola DOP Picante,Arrigoni,Quant. Mínima = 250 gr,"€17,99/kg","€4,50/un"
Queijo Ilha Graciosa Roda,Santiago,Quant. Mínima = 400 gr,"€13,99/kg","€5,60/un"
Paio de Porco Preto,Miguel & Miguel,emb. 200 gr,"€6,79/un","€33,95/kg"
Queijo de Cabra Moinho do Catalão,Bilores,emb. 225 gr,"€6,05/un","€26,89/kg"
Queijo de Ovelha Amanteigado de Seia,Continente,emb. 900 gr,"€15,99/kg","€14,39/un"
Queijo de Cabra Saint Loup com cinza,Haute Fromagerie,emb. 180 gr,"€5,95/un","€33,06/kg"
Queijo Creme Biológico,Quescrem,emb. 200 gr,"€2,49/un","€12,45/kg"
Queijo Fresco para Barrar Original,Santiago,emb. 150 gr,"€1,89/un","€12,60/kg"
Queijo Amarela Beira Baixa,Quinta da Serra da Gardunha,1/2 Queijo = 440 gr,"€24,95/kg","€10,98/un"
Queijo Fresco para Barrar Light,Santiago,emb. 150 gr,"€1,89/un","€12,60/kg"
Presunto Inteiro com Osso,Casa do Monte,"Quant. Mínima = 6,87 kg","€7,69/kg","€52,83/un"
Merendeira de Ovelha S. Julião,Monforqueijo,emb. 300 gr,"€6,99/un","€23,30/kg"
Queijo de Mistura Pequeno,Cachopas,emb. 3 un,"€5,99/un","€28,52/kg"
Queijo de Mistura Bica,Moinhos Novos,1/2 Queijo = 710 gr,"€17,49/kg","€12,42/un"
Queijo Grego para Saladas,Belas,emb. 150 gr,"€1,29/un","€8,60/kg"
Queijo de Ovelha Barrado Cerrado do Vale Metades,Cerrado do Vale,1/2 Queijo = 350 gr,"€19,99/kg","€7,00/un"
Queijo de Vaca Chaumes,Haute Fromagerie,emb. 250 gr,"€7,29/un","€29,16/kg"
Queijo Azul St Agur,Haute Fromagerie,emb. 125 gr,"€4,89/un","€39,12/kg"
Lombo de Salmão Fumado,Ubago,emb. 150 gr,"€10,95/un","€73,00/kg"
Chouriço Sabor Português,Damatta,emb. 200 gr,"€2,35/un","€11,75/kg"
Queijo Ovelha,Queijaria Almeida,emb. 450 gr,"€10,99/un","€24,42/kg"
Atum com Molho de Alho,Ficolumé,emb. 110 gr,"€4,99/un","€45,36/kg"
Queijo de Ovelha,Cerrado do Vale,1/2 Queijo = 430 gr,"€19,99/kg","€8,60/un"
Queijo S. Jorge DOP,Continente Seleção,emb. 400 gr,"€5,99/un","€14,98/kg"
Queijo de Ovelha Amanteigado,Santiago,emb. 400 gr,"€8,99/un","€22,48/kg"
Salpicão do Lombo,Quinta dos Fumeiros,emb. 230 gr,"€4,99/un","€21,70/kg"
Presunto Fumado sem Osso Quartos,Prisca,emb. 475 gr,"€16,99/un","€35,77/kg"
Queijo Boursault Cremoso,Haute Fromagerie,emb. 180 gr,"€4,89/un","€27,17/kg"
Queijo de Vaca com Pimentão,Alavão,1/2 Queijo = 600 gr,"€9,99/kg","€5,99/un"
Salsicha de Aves Kinderwurst,Continente,emb. 400 gr,"€4,99/un","€12,48/kg"
Salsicha Crioula,Prisca,emb. 400 gr,"€4,59/un","€11,48/kg"
Queijo de Mistura 6 Meses,Três Igrejas,1/2 Queijo = 830 gr,"€17,99/kg","€14,93/un"
Queijo Puro de Cabra,Moinhos Novos,1/2 Queijo = 470 gr,"€20,69/kg","€9,72/un"
Porções de Parmegiano Reggiano 24 meses Cura,Paysan Breton,emb. 190 gr,"€30,39/kg","€5,77/un"
Queijo de Mistura Pimenta da Terra,Três Igrejas,Quant. Mínima = 500 gr,"€15,99/kg","€8,00/un"
Muxama de Atum,Ficolumé,emb. 110 gr,"€5,69/un","€51,73/kg"
Toucinho do Lombo de Porco,Montaraz,emb. 200 gr,"€1,39/un","€6,95/kg"
Queijo Fresco,Queijaria das Romãs,emb. 2 x 70 gr,"€2,29/un","€16,36/kg"
Alheira de Galo,Minho Fumeiro,emb. 180 gr,"€3,25/un","€18,06/kg"
Queijo de Ovelha,Pastor Serrano,Quant. Mínima = 500 gr,"€9,99/un","€19,98/kg"
Linguiça Fina de Porco Preto,Miguel & Miguel,emb. 180 gr,"€3,99/un","€22,17/kg"
Queijo com Ervas e Especiarias,Montiqueijo,emb. 250 gr,"€3,75/un","€15,00/kg"
Queijo Picante 1/4,Quinta da Serra da Gardunha,emb. 200 gr,"€4,49/un","€22,45/kg"
Queijo Gouda Pesto Vermelho,Landana,Quant. Mínima = 200 gr,"€24,99/kg","€5,00/un"
Chouriço Picante,Fumeiros Serra da Estrela,emb. 220 gr,"€4,29/un","€21,45/kg"
Queijo Feta Dop,Dionis,emb. 200 gr,"€3,79/un","€18,95/kg"
Salsichas de Peru Churrasco,Nobre,emb. 200 gr,"€2,69/un","€13,45/kg"
Salame,Hein,emb. 100 gr,"€3,29/un","€32,90/kg"
Tábua de Sabores 3 Queijos,Santiago,emb. 270 gr,"€5,99/un","€22,19/kg"
Caixa Mini Presunto,Casa do Monte,"emb. 1,2 kg","€22,99/un","€19,16/kg"
Queijo Mascarpone,Continente,emb. 500 gr,"€3,09/un","€6,18/kg"
Queijo Gouda Pesto Verde,Landana,Quant. Mínima = 250 gr,"€25,49/kg","€6,37/un"
Queijo de Vaca Apimentado,Serra Meadas,Quant. Mínima = 800 gr,"€8,65/kg","€6,92/un"
Sortido de Enchidos de Porco Bísaro,Bisaro,emb. 70 gr,"€2,99/un","€42,71/kg"
Cachaço Duroc Cura Natural Fatiado,Fumeiro da Serra da Estrela,emb. 100 gr,"€3,19/un","€31,90/kg"
Queijo Puro de Cabra com Orégãos,Herdade da Maia,emb. 2 x 170 gr,"€4,19/un","€24,65/kg"
Queijo de Mistura Cabreira,Monte Soalheira,Quant. Mínima = 600 gr,"€17,99/kg","€10,79/un"
Cabaz nº 21,Aveleda,1 un,"€40,00/un","€40,00/kg"
Cabaz nº 1,Prisca,1 un,"€15,00/un","€15,00/kg"
Cabaz nº 20,Prisca,1 un,"€40,00/un","€40,00/kg"
Cabaz nº 30,Prisca,1 un,"€255,00/un","€255,00/kg"
Queijo Fresco Meio Gordo,Continente,emb. 80 gr,"€0,59/un","€7,38/kg"
Queijo Cabra Rústico Pimentão,Palhais,1/2 Queijo = 520 gr,"€19,99/kg","€10,39/un"
Tábua de Charcutaria Italiana com Queijo,Corte del Gusto,emb. 140 gr,"€5,99/un","€42,79/kg"
Tripack Queijo de Vaca e Ovelha 3 Sabores,Serras de Penela,emb. 270 gr (3 un),"€4,99/un","€18,48/kg"
Salsichas Wurstel,Levoni,emb. 230 gr (3 un),"€4,19/un","€18,22/kg"
Cabaz nº 16,Prisca,1 un,"€35,00/un","€35,00/kg"
Cabaz nº 22,Prisca,1 un,"€45,00/un","€45,00/kg"
Salmão Fumado Fatiado Ellusch,Hardy,emb. 120 gr,"€8,39/un","€69,92/kg"
Torresmos Soltos,Continente,emb. 200 gr,"€3,19/un","€15,95/kg"
Mortadela de Peru com Azeitonas Fatiada no Balcão,Campofrio,Quant. Mínima = 150 gr (aprox. 8 fatias),"€6,79/kg","€0,20/un"
Pancetta Fumada Cubos,Levoni,emb. 2 x 70 gr,"€2,95/un","€21,07/kg"
Cabaz nº 11,Prisca,1 un,"€25,00/un","€25,00/kg"
Cabaz nº 7,Aveleda,1 un,"€30,00/un","€30,00/kg"
Salmão Fumado Fatiado,Hardy,emb. 120 gr,"€8,39/un","€69,92/kg"
Mortadela Bologna IGP Fatiada no Balcão,Negrini,Quant. Mínima = 100 gr (aprox. 4 fatias),"€14,99/kg","€0,45/un"
Queijo Flamengo São Luiz Fatiado no Balcão,Milhafre,Quant. Mínima = 200 gr,"€10,19/kg","€10,19/un"
Queijo Flamengo Light Fatiado,Agros,emb. 170 gr,"€2,29/un","€13,47/kg"
Fiambre Peito Peru Forno a Lenha Fatiado no Balcão,Campofrio,Quant. Mínima = 150 gr (aprox. 9 fatias),"€19,49/kg","€0,58/un"
Queijo Fresco de Ovelha,Tété,emb. 150 gr,"€1,99/un","€13,27/kg"
Queijo Fresco Vaca,Tété,emb. 2 x 80 gr,"€1,69/un","€10,56/kg"
Alheira de Aves,Continente,emb. 200 gr,"€1,49/un","€7,45/kg"
Rolo de Queijo Creme com Ananás e Amêndoa,Primello,emb. 100 gr,"€1,49/un","€14,90/kg"
Fiambre de Peru Fatias Finas,Nobre,emb. 140 gr,"€1,99/un","€14,21/kg"
Queijo de Vaca,Tété,emb. 220 gr,"€3,69/un","€16,77/kg"
Lombo e Cachaço de Vinha Alhos,Continente,emb. 150 gr,"€3,15/un","€21,00/kg"
Presunto Speck,Levoni,emb. 80 gr,"€4,89/un","€61,13/kg"
Presunto San Daniele DOP 18 Meses de Cura,Levoni,emb. 70 gr,"€4,99/un","€71,29/kg"
Cabaz nº 13,Albisabores,1 un,"€25,00/un","€25,00/kg"
Queijo de Cabra,Queijaria Almeida,Quant. Mínima = 450 gr,"€18,99/kg","€8,55/un"
Cabaz nº 6,Prisca,1 un,"€20,00/un","€20,00/kg"
Cabaz nº 18,Prisca,1 un,"€25,00/un","€25,00/kg"
Cabaz nº 27,Prisca,1 un,"€120,00/un","€120,00/kg"
Queijo de Vaca,Ponte Nova,emb. 450 gr,"€5,49/un","€12,20/kg"
Queijo Fresco sem Lactose Longa Duração,Matinal,emb. 3 x 72 gr,"€2,49/un","€11,53/kg"
Queijo de Cabra Apimentado,Mogadoyro,emb. 800 gr,"€17,49/kg","€13,99/un"
Chourição Fatiado no Balcão,Nobre,Quant. Mínima = 150 gr (aprox. 25 fatias),"€13,99/kg","€0,42/un"
Queijo Alemão com Presunto Porções,Seleção Du Chef,Quant. Mínima = 230 gr,"€20,39/kg","€4,69/un"
Queijo Brebiou,Haute Fromagerie,emb. 180 gr,"€5,95/un","€33,06/kg"
Merendeira de Ovelha Amanteigada,Casa Matias,1 un,"€8,99/un","€17,98/kg"
Fiambre Peito de Frango Forno a Lenha Fatiado no Balcão,Campofrio,Quant. Mínima = 150 gr (aprox. 13 fatias),"€19,49/kg","€0,58/un"
Salame Schiacciata Picante Fatiado,Levoni,emb. 80 gr,"€4,29/un","€53,63/kg"
Lombo Duroc Fatiado,Sánchez Alcaraz,emb. 100 gr,"€3,79/un","€37,90/kg"
Ralado Sabor Mozzarella,Violife,emb. 200 gr,"€3,99/un","€19,95/kg"
Cabaz nº 2,Albisabores,1 un,"€15,00/un","€15,00/kg"
Fiambre de Frango Fatias Finas,Nobre,emb. 140 gr,"€1,99/un","€14,21/kg"
Farinheira de Porco Preto,Segredos de Barrancos,emb. 180 gr,"€2,49/un","€13,83/kg"
Queijo de Cabra,Segredos de Barrancos,emb. 160gr (2 un),"€3,69/un","€23,06/kg"
Queijo Mozzarella Ralado,Campainha,emb. 150gr,"€1,99/un","€13,27/kg"
Queijo Flamengo Fatiado no Balcão,Continente,Quant. Mínima = 200 gr (aprox. 13 fatias),"€7,99/kg","€0,40/un"
Fiambre de Frango Fatiado,Levoni,,"€3,99/un","€39,90/kg"
Torresmos Pedaços,Continente,Quant. Mínima = 300 gr,"€11,09/kg","€3,33/un"
Cabaz nº 31,Prisca,1 un,"€30,00/un","€30,00/kg"
Cabaz nº 19,Albisabores,1 un,"€31,50/un","€31,50/kg"
Cabaz nº 12,Albisabores,1 un,"€25,00/un","€25,00/kg"
Queijo de Cabra,Continente,emb. 300 gr,"€6,15/un","€20,50/kg"
Queijo Fresco Meio Gordo,Continente,emb. 200 gr,"€0,99/un","€4,95/kg"
Salmão Fumado 30% Menos Sal,Continente,emb. 80 gr,"€3,99/un","€49,88/kg"
Tábua Clássica 3 Queijos,Santiago,emb. 270 gr,"€6,99/un","€25,89/kg"
Queijo de Ovelha,Monte do Ganhão,2 un,"€3,99/un","€44,33/kg"
Pancetta Cubos,Levoni,emb. 2 x 70 gr,"€2,95/un","€21,07/kg"
Bolinhas de Alheira de Caça,A. Montesinho,emb. 8 x 25 gr,"€2,69/un","€13,45/kg"
Chouriço de Carne,Quinta dos Fumeiros,emb. 200 gr,"€3,99/un","€19,95/kg"
Queijo Flamengo Fatiado,Paiva,emb. 180 gr,"€1,99/un","€11,06/kg"
Requeijão de Vaca,Tété,emb. 240 gr,"€1,69/un","€7,04/kg"
Cabaz nº 25,Prisca,1 un,"€80,00/un","€80,00/kg"
Cabaz nº 26,Prisca,1 un,"€81,00/un","€81,00/kg"
Cabaz nº 3,Prisca,1 un,"€15,00/un","€15,00/kg"
Queijo de Ovelha e Cabra,Queijaria Almeida,Quant. Mínima = 400 gr,"€15,39/kg","€6,16/un"
Queijo Cremoso de Vaca,Alavão,emb. 125 gr,"€0,89/un","€7,12/kg"
Queijo de Ovelha com Sal,Monte do Ganhão,emb. 2 x 90 gr,"€3,99/un","€44,33/kg"
Presunto Fatiado 48 Meses de Cura,Joselito,emb. 70 gr,"€24,99/un","€357,00/kg"
Cachaço de Porco Fatiado,Bísaro,emb. 70 gr,"€3,85/un","€55,00/kg"
Queijo Creme Light para Barrar,Philadelphia,emb. 150 gr,"€1,49/un","€9,93/kg"
Cabaz nº 8,Albisabores,1 un,"€50,00/un","€50,00/kg"
Cabaz nº 14,Albisabores,1 un,"€30,00/un","€30,00/kg"
Rolo de Queijo Creme com Cebolinho,Primello,emb. 100 gr,"€1,49/un","€14,90/kg"
Queijo Ovelha,Gardunha,1/2 Queijo = 300 gr,"€19,99/kg","€6,00/un"
Queijo de Vaca Au Bouchon,Haute Fromagerie,emb. 290 gr,"€7,89/un","€27,21/kg"
Queijo de Cabra Semicurado,Old Amsterdam,emb. 170 gr,"€5,99/un","€35,24/kg"
Presunto de Porco Preto 30 Meses de Cura,Miguel & Miguel,emb. 80 gr,"€11,99/un","€149,88/kg"
Merendeira de Ovelha,Monte do Ganhão,emb.180 gr,"€4,29/un","€28,60/kg"
Fiambre de Peito de Peru Fatiado no Balcão,Continente,Quant. Mínima = 150 gr (aprox. 9 fatias),"€12,49/kg","€0,37/un"
Queijo de Cabra,Mogadoyro,emb. 1 kg,"€17,49/kg","€17,49/un"
Carpaccio de Salmão Fumado,Ubago,emb. 100 gr,"€8,99/un","€89,90/kg"
Paleta de Porco Bísaro,Bísaro,emb. 70 gr,"€4,19/un","€59,86/kg"
Queijo Mozzarella Ralado,Continente,emb. 2 x 200 gr,"€3,49/un","€8,73/kg"
Queijo de Vaca Amanteigado,5 Estrelas,emb. 1 un (aprox. 750 gr),"€10,49/un","€13,99/kg"
Nurishh Ralado Cheddar e Mozzarela,Nurishh,emb. 150 gr,"€2,59/un","€17,27/kg"
Presunto de Porco Bísaro 24 Meses de Cura,Continente Seleção,emb. 80 gr,"€5,99/un","€74,88/kg"
Salame Extra Fatiado no Balcão,Campofrio,Quant. Mínima = 90 gr (aprox. 15 fatias),"€17,69/kg","€0,53/un"
Paio Vermelho de Porco Preto,Continente,emb. 150 gr,"€24,95/kg","€3,74/un"
Queijo Feta DOP sem Lactose,Greco,emb. 150 gr,"€3,69/un","€24,60/kg"
"Queijo Mini Original, Cheddar e Emmental",Babybel,emb. 9 x 20 gr,"€3,99/un","€22,17/kg"
Presunto Espanhol Fatiado no Balcão,Argal,Quant. Mínima = 150 gr (aprox. 8 fatias),"€22,09/kg","€0,66/un"
Requeijão de Ovelha de Seia,Continente,emb. 200 gr,"€1,69/un","€8,45/kg"
Cabaz nº 9,Albisabores,1 un,"€20,00/un","€20,00/kg"
Cabaz nº 29,Aveleda,1 un,"€220,00/un","€220,00/kg"
Queijo Mistura,D. Sebastião,"emb. 1,1 kg","€15,99/kg","€17,59/un"
Queijo Cremoso de Cabra,Palhais,emb. 100 gr,"€1,99/un","€19,90/kg"
Tábua de Charcutaria Italiana com Azeitonas,Corte del Gusto,emb. 160 gr,"€5,99/un","€37,44/kg"
Queijinho de Ovelha Amanteigado Seia,Continente,emb. 300 gr,"€5,49/un","€18,30/kg"
Salsichas Vegan,Veggie Lovers,emb. 200 gr (4 un),"€3,59/un","€17,95/kg"
Mini Salsichas Kids,Continente Fácil & Bom,emb. 500 gr (18 un),"€3,69/un","€7,38/kg"
Queijo Ovelha sem Lactose,Lagos,emb. 450 gr,"€9,99/un","€22,20/kg"
Coppa Stagionata Fatiado,Levoni,emb. 80 gr,"€4,59/un","€57,38/kg"
Morcela de Arroz de Lamego,Continente,emb. 230 gr,"€1,99/un","€8,65/kg"
Paio do Lombo de Arganil,Continente,emb. 350 gr,"€7,15/un","€20,43/kg"
Cabaz nº 17,Prisca,1 un,"€35,00/un","€35,00/kg"
Cabaz nº 23,Prisca,1 un,"€70,00/un","€70,00/kg"
Fiambre da Perna Extra Braseado,Nobre,emb. 120 gr,"€2,69/un","€22,42/kg"
Salsichas Bratwurst,Continente,emb. 360 gr,"€3,99/un","€11,08/kg"
Salsichão Ibérico,Sánchez Alcaraz,emb. 100 gr,"€3,99/un","€39,90/kg"
Queijo Fresco Cottage Light,Matinal,emb. 180 gr,"€1,99/un","€11,06/kg"
Queijo Flamengo Fatiado no Balcão,Terra Nostra,Quant. Mínima = 200 gr (aprox. 11 fatias),"€10,89/kg","€0,54/un"
Fiambre de Peito de Frango Fatiado no Balcão,Continente,Quant. Mínima = 150 gr (aprox. 13 fatias),"€9,99/kg","€0,30/un"
Presunto Beira Baixa 12 Meses de Cura,Continente,emb. 120 gr,"€3,15/un","€26,25/kg"
Cabaz nº 4,Albisabores,1 un,"€15,00/un","€15,00/kg"
Cabaz nº 5,Prisca,1 un,"€20,00/un","€20,00/kg"
Presunto de Porco Preto 24 Meses de Cura,Continente Seleção,emb. 80 gr,"€5,99/un","€74,88/kg"
Presunto Lamego 12 Meses de Cura,Continente,emb. 100 gr,"€2,99/un","€29,90/kg"
Tábua de Charcutaria Espanhola,Corte del Gusto,emb. 180 gr,"€5,99/un","€33,28/kg"
Queijo Creme Original para Barrar,Philadelphia,emb. 150 gr,"€1,49/un","€9,93/kg"
Presunto Fatiado 15 Meses de Cura,Casa do Monte,emb. 100 gr,"€2,99/un","€29,90/kg"
Fatiado sabor a Frango,Violife,emb. 100 gr,"€2,99/un","€29,90/kg"
Salsichas Wurstel Servelade,Levoni,emb. 200 gr (2 un),"€3,79/un","€18,95/kg"
Cabaz nº 15,Prisca,1 un,"€30,00/un","€30,00/kg"
Cabaz nº 28,Prisca,1 un,"€135,00/un","€135,00/kg"
Fiambre Perna Extra Fatiado no Balcão,Nobre,Quant. Mínima = 150 gr (aprox. 6 fatias),"€15,99/kg","€0,48/un"
Queijo Feta Biológico,Andechser,emb. 180 gr,"€4,99/un","€27,72/kg"
Queijo Mestiço deTolosa,Continente Seleção,emb. 210 gr,"€4,69/un","€22,33/kg"
Trilogia de Alheiras,Prisca,emb. 3 x 150 gr,"€5,99/un","€13,31/kg"
Presunto Chaves 12 Meses de Cura,Continente,emb. 90 gr,"€4,65/un","€51,67/kg"
Queijo da Ilha 4 Meses DOP,S. Jorge,Quant. Mínima = 450 gr,"€13,29/kg","€5,98/un"
Cabaz nº 24,Aveleda,1 un,"€40,50/un","€40,50/kg"
Cabaz nº 32,Aveleda,1 un,"€60,00/un","€60,00/kg"
Queijo Fresco Magro,Continente Equilíbrio,emb. 200 gr,"€0,99/un","€4,95/kg"
Queijo Mozzarella Fatiado,Continente,emb. 150 gr,"€1,99/un","€13,27/kg"
Queijo Saint Marcellin IGP,Bourdin,emb. 80 gr,"€2,79/un","€34,88/kg"
Queijo de Cabra com Alho e Ervas,Palhais,emb. 130 gr,"€2,99/un","€23,00/kg"
Presunto 100% Ibérico Fatiado,Cinco Jotas,emb. 70 gr,"€24,95/un","€356,43/kg"
Barriga Fumada sem Costela,Minho Fumeiro,emb. 180 gr,"€31,19/kg","€5,61/un"
Cabaz nº 10,Aveleda,1 un,"€20,00/un","€20,00/kg"
Fiambre da Perna Extra Fatiado no Balcão,Continente,Quant. Mínima = 150 gr (aprox. 9 fatias),"€13,49/kg","€0,40/un"
Salame Sopressa Veneta Fatiado,Levoni,emb. 80 gr,"€3,89/un","€48,63/kg"
Alheira de Javali,Eurofumeiro,emb. 200 gr,"€2,69/un","€13,45/kg"
Salsichão de Porco Preto,Continente,emb. 150 gr,"€29,29/kg","€4,39/un"
Fiambre Dinamarquês Fatiado no Balcão,Tulip,Quant. Mínima = 150 gr (aprox. 4 fatias),"€21,99/kg","€0,66/un"
Cacetinho,Continente,Quant. Mínima = 4 un,"€0,21/un","€2,63/kg"
Bola de Centeio,Continente,Quant. Mínima = 4 un,"€0,35/un","€4,38/kg"
Pão Bola de Lenha,Continente,Quant. Mínima = 2 un,"€0,49/un","€4,90/kg"
Pão Enfarinhados,Continente,Quant. Mínima = 4 un,"€0,25/un","€5,00/kg"
Cacetinho Integral,Continente,Quant. Mínima = 4 un,"€0,21/un","€2,63/kg"
Pão com Passas,Continente,emb. 310 gr,"€1,99/un","€6,63/kg"
Bolo Rei Alagado,Continente,emb. 700 gr,"€7,39/un","€10,56/kg"
Pão de Alfarroba,Continente,emb. 350 gr,"€1,19/un","€3,40/kg"
Sortido Fino,Panicruzeiro,emb. 300 gr,"€3,29/un","€10,97/kg"
Bolo Rei Clássico,Continente,emb. 700 gr,"€5,94/un","€8,49/kg"
Mini Queques de Manteiga,Nespa,emb. 250 gr (10 un),"€1,99/un","€7,96/kg"
Waffles Natural Biológico,Latour,"emb. 42,5 gr","€1,39/un","€1,39/un"
Cheesecake de Doce de Leite,Continente,emb. 500 gr,"€7,39/un","€14,78/kg"
Pão de Forma Rústico,Garcia,emb. 500 gr,"€3,99/un","€7,98/kg"
Pão Mistura Trigo e Centeio,Continente,emb. 400 gr,"€0,89/un","€2,23/kg"
Pão de Mafra Redondo Fatiado,Continente,emb. 500 gr,"€1,49/un","€2,98/kg"
Pão Alentejano Massa Mãe,Continente,Quant. Mínima = 900 gr,"€2,99/kg","€2,69/un"
Booguies Oreo,Oreo,emb. 144 gr,"€2,50/un","€17,12/kg"
Broa de Milho Amarela,Continente,emb. 550 gr,"€1,05/un","€2,10/kg"
Bolo Rainha,Continente,emb. 700 gr,"€8,39/un","€11,99/kg"
Pão de Ló,Continente,emb. 880 gr,"€6,09/un","€6,09/kg"
Pão de Mafra Comprido,Continente,emb. 500 gr,"€1,49/un","€2,98/kg"
Broa de Milho de Serra da Estrela,Museu do Pão,emb. 500 gr,"€1,99/un","€3,98/kg"
Bolo Rei de Frutos Secos e Gila,Continente,Quant. Mínima = 1 kg,"€12,70/kg","€12,70/un"
Bolo Rei,Continente Seleção,emb. 700 gr,"€8,59/un","€12,27/kg"
Cheesecake de Frutos Vermelhos,Continente,emb. 500 gr,"€7,39/un","€14,78/kg"
Dot Kit kat,Frida,emb. 142 gr,"€2,59/un","€18,24/kg"
Pão de Forma com Côdea,Continente,emb. 820 gr,"€1,95/un","€2,38/kg"
Pão de Leite,Continente,emb. 350 gr,"€2,59/un","€7,40/kg"
Carcaça Portuguesa,Continente,Quant. Mínima = 4 un,"€0,21/un","€3,00/kg"
Pão Vianinha,Continente,Quant. Mínima = 4 un,"€0,29/un","€3,63/kg"
Pão de Queijo,Continente,Quant. Mínima = 6 un,"€0,12/un","€5,45/kg"
Pão de Forma sem Côdea,Bimbo,emb. 650 gr,"€1,76/un","€2,71/kg"
Chapata de Cereais,Continente,Quant. Mínima = 2 un,"€0,49/un","€6,13/kg"
Pão de Rio Maior,Continente,emb. 500 gr,"€1,09/un","€2,42/kg"
Massa Quebrada,Continente Fácil & Bom,emb. 230 gr,"€0,99/un","€4,30/kg"
Pão de Centeio Serra da Estrela Fatiado,Museu do Pão,emb. 450 gr,"€1,65/un","€3,67/kg"
Gressinos Naturais,Continente,emb. 5 x 50 gr,"€1,59/un","€6,36/kg"
Massa Folhada,Continente Fácil & Bom,emb. 230 gr,"€0,99/un","€4,30/kg"
Pão de Forma com Côdea,Bimbo,emb. 700 gr,"€1,78/un","€2,54/kg"
Croissant Folhado,Continente,Quant. Mínima = 2 un,"€0,49/un","€6,53/kg"
Pão de Forma sem Côdea,Continente,emb. 450 gr,"€1,49/un","€3,31/kg"
Pão de Alfarroba,Continente,Quant. Mínima = 2 un,"€0,30/un","€3,33/kg"
Tostas Extra Finas,Continente,emb. 5 x 20 gr,"€0,99/un","€9,90/kg"
Croissant Brioche,Continente,emb. 6 un,"€3,45/un","€6,76/kg"
Mini Fofos,Continente,emb. 300 gr,"€1,09/un","€3,63/kg"
Pão de Hot Dog,Bimbo,emb. 330 gr (6 un),"€1,47/un","€4,45/kg"
Mini Tostas Extra Finas Redondas,Bimbo,emb. 100 gr,"€1,19/un","€11,90/kg"
Pão de Forma 9 Cereais sem Côdea,Panrico,emb. 480 gr,"€1,55/un","€3,23/kg"
Mini Tostas de Trigo,Continente,emb. 350 gr,"€1,85/un","€5,29/kg"
Pão de Hambúrguer,Bimbo,emb. 220 gr (4 un),"€1,26/un","€5,73/kg"
Croissant Folhado,Continente,emb. 6 un,"€2,34/un","€5,20/kg"
Massa Folhada Retangular,Continente Fácil & Bom,emb. 375 gr,"€1,19/un","€3,17/kg"
Folhado de Maçã,Continente,Quant. Mínima = 2 un,"€0,79/un","€7,90/kg"
Palmiers Saquetas,Continente,emb. 4 x 50 gr,"€1,20/un","€6,00/kg"
Mini Tostas Extra Finas Retangulares,Bimbo,emb. 100 gr,"€1,19/un","€11,90/kg"
Línguas de Veado,Continente,emb. 250 gr,"€1,89/un","€7,56/kg"
Pão Milho Girassol,Continente,emb. 310 gr,"€1,99/un","€6,63/kg"
Pão de Forma 10 Cereais sem Côdea,Bimbo,emb. 650 gr,"€2,45/un","€3,77/kg"
"Croutons com Azeite, Alho e Salsa",Continente,emb. 75 gr,"€0,79/un","€10,53/kg"
Pão de Forma sem Côdea,Panrico,emb. 450 gr,"€2,09/un","€4,64/kg"
Queque,Continente,Quant. Mínima = 2 un,"€0,55/un","€10,00/kg"
Pão Integral Serra da Estrela Fatiado,Museu do Pão,emb. 450 gr,"€1,99/un","€4,42/kg"
Pão Alentejano,Continente,emb. 430 gr,"€1,09/un","€2,73/kg"
Pão de Trigo da Serra da Estrela Fatiado,Museu do Pão,emb. 450 gr,"€1,49/un","€3,31/kg"
Pão de Leite Brioche,Brioche Pasquier,emb. 350 gr,"€2,89/un","€8,26/kg"
Pão de Leite,Bimbo,emb. 280 gr,"€2,49/un","€8,89/kg"
Pão de Forma sem Côdea Especial Torradas,Panrico,emb. 510 gr,"€1,55/un","€3,04/kg"
Bola Rústica Rio Maior,Continente,Quant. Mínima = 4 un,"€0,29/un","€3,63/kg"
Pão de Forma com Côdea Especial Torradas,Panrico,emb. 750 gr,"€1,45/un","€1,93/kg"
Tostas Suecas Integrais,Continente Equilíbrio,emb. 225gr,"€0,99/un","€4,40/kg"
Croissant Brioche,Continente,Quant. Mínima = 2 un,"€0,69/un","€8,12/kg"
Mini Gressinos,Continente,emb. 300 gr,"€1,69/un","€5,63/kg"
Tostas Suecas,Continente,emb. 225 gr,"€0,89/un","€3,96/kg"
Tostas Extra Finas Integrais,Continente Equilíbrio,emb. 100 gr,"€0,99/un","€9,90/kg"
Pão de Forma com Côdea,Bimbo,emb. 375 gr,"€1,69/un","€4,51/kg"
Pão Abóbora e Nozes,Continente,Quant. Mínima = 2 un,"€0,49/un","€4,90/kg"
Palmier,Continente,Quant. Mínima = 2 un,"€0,75/un","€7,14/kg"
Dots Glacê,Continente,Quant. Mínima = 3 un,"€0,39/un","€7,50/kg"
Pão Bola de Beterraba,Continente,Quant. Mínima = 2 un,"€0,30/un","€3,33/kg"
Pão de Forma com Côdea,Panrico,emb. 500 gr,"€1,89/un","€3,78/kg"
Pão de Água,Continente,Quant. Mínima = 300 gr (2 un),"€2,89/kg","€0,43/un"
Croissant Folhado com Creme de Ovo,Continente,Quant. Mínima = 2 un,"€0,85/un","€8,50/kg"
Pão de Forma Artesanal,Bimbo,emb. 550 gr,"€1,46/un","€2,65/kg"
Palmiers,Continente,emb. 200 gr,"€1,35/un","€6,75/kg"
Pão 12 Cereais e Sementes,Oroweat,emb. 680 gr,"€1,96/un","€2,88/kg"
Croissant Brioche,Brioche Pasquier,emb. 8 un,"€2,99/un","€9,34/kg"
Pão de Forma sem Côdea Especial Torradas,Bimbo,emb. 650 gr,"€2,32/un","€3,57/kg"
Mini Picos com Azeite,Continente,emb. 300 gr,"€1,79/un","€5,97/kg"
Dots de Açúcar,Continente,emb. 4 un,"€1,75/un","€8,41/kg"
Croissant Folhado com Creme de Chocolate,Continente,Quant. Mínima = 2 un,"€0,85/un","€8,50/kg"
Folhado de Salsicha com Queijo,Continente,Quant. Mínima = 2 un,"€0,99/un","€7,92/kg"
Mini Tostas Integrais,Continente Equilíbrio,emb. 180 gr,"€1,25/un","€6,94/kg"
Pão de Forma 9 Cereais com Côdea,Panrico,emb. 520 gr,"€1,45/un","€2,79/kg"
Massa Fresca para Pizza,Continente Fácil & Bom,emb. 280 gr,"€0,99/un","€3,54/kg"
Mini Tostas de Trigo,Diatosta,emb. 350 gr,"€2,39/un","€6,83/kg"
Pão de Forma com Côdea Especial Torradas,Continente,emb. 770 gr,"€1,85/un","€2,40/kg"
Pão de Forma com Côdea,Panrico,emb. 750 gr,"€2,19/un","€2,92/kg"
Tostas de Trigo,Continente,emb. 225 gr,"€0,79/un","€3,51/kg"
Merenda Mista,Continente,emb. 4 un,"€2,07/un","€4,42/kg"
Tostas Rústicas,Brioche Pasquier,emb. 240 gr,"€2,29/un","€9,54/kg"
Tortilhas de Trigo,Continente,emb. 370 gr (6 un),"€1,29/un","€3,49/kg"
Pão de Forma 12 Cereais e Sementes,Continente,emb. 600 gr,"€1,45/un","€2,42/kg"
Croissant Brioche com Creme,Continente,Quant. Mínima = 2 un,"€0,89/un","€8,90/kg"
Canudinhos Recheados com Cacau e Avelã,Continente,emb. 180 gr,"€1,59/un","€8,83/kg"
Pão de Bicos,Continente,Quant. Mínima = 4 un,"€0,35/un","€5,00/kg"
Gressinos com Azeite,Continente,emb. 2 x 125 gr,"€1,99/un","€7,96/kg"
Tosta de Pão Alentejano,Forno do Monte,emb. 100 gr,"€1,59/un","€15,90/kg"
Dots de Açúcar,Continente,Quant. Mínima = 3 un,"€0,45/un","€9,18/kg"
Tostas Integrais,Continente Equilíbrio,emb. 5 x 150 gr,"€2,15/un","€2,87/kg"
Tostas Rústicas 9 Cereais,Brioche Pasquier,emb. 240 gr,"€2,29/un","€9,54/kg"
Tostas Rústicas Integrais,Brioche Pasquier,emb. 240 gr (24 un),"€2,29/un","€9,54/kg"
Gressinos com Sésamo,Continente,emb. 2 x 125 gr,"€1,89/un","€7,56/kg"
Pão Roll's,Bimbo,emb. 250 gr (6 un),"€1,99/un","€8,29/kg"
Palmiers,Du Bois,emb. 150 gr (6 x 3),"€1,49/un","€9,93/kg"
Bola de Berlim com Creme,Continente,Quant. Mínima = 2 un,"€0,79/un","€7,18/kg"
Massa de Pizza Fresca Retangular Extra Fina,Continente Fácil & Bom,emb. 300 gr,"€1,75/un","€5,83/kg"
Biscoitos de Canela,Continente,emb. 750 gr,"€3,49/un","€4,65/kg"
Pão de Aveia,Museu do Pão,emb. 350 gr,"€1,59/un","€4,54/kg"
Bolo de Arroz,Continente,Quant. Mínima = 2 un,"€0,49/un","€7,00/kg"
Croutons Trigo Tostado,Continente,emb. 150 gr,"€1,99/un","€13,27/kg"
Ferradura de Erva Doce e Canela,Continente,emb. 250 gr,"€2,09/un","€8,36/kg"
Pão Azeitonas e Orégãos,Continente,emb. 300 gr,"€1,99/un","€6,63/kg"
Wrap Original,Mission,emb. 370 gr (6 un),"€2,95/un","€7,97/kg"
Broas da Avó,Continente,emb. 350 gr,"€2,19/un","€6,26/kg"
Palmier Vitalcereais,Continente,Quant. Mínima = 2 un,"€1,09/un","€10,38/kg"
Tostas Rústicas Chapata,Brioche Pasquier,emb. 180 gr,"€2,55/un","€14,17/kg"
Pão Sementes de Abóbora e Girassol,Oroweat,emb. 680 gr,"€1,96/un","€2,88/kg"
Supremas de Chocolate,Continente,emb. 250 gr,"€1,99/un","€7,96/kg"
Croissant de Sementes,Continente,Quant. Mínima = 2 un,"€0,65/un","€8,13/kg"
Tostas Integrais,Continente Equilíbrio,emb. 225 gr,"€0,89/un","€3,96/kg"
Wrap Multicereais,Mission,emb. 370 gr (6 un),"€2,95/un","€7,97/kg"
Bagels Clássico,Bimbo,emb. 4 un,"€2,12/un","€7,07/kg"
Lanchinhos com Pepitas de Chocolate,Continente,emb. 240 gr (6 un),"€1,59/un","€6,63/kg"
Canudinhos,Continente,emb. 180 gr,"€1,69/un","€9,39/kg"
Pão de Centeio Trás - os - Montes,Pão de Gimonde,emb. 600 gr,"€1,89/un","€3,15/kg"
Massa Folhada,Pasta do Dia,emb. 230 gr,"€2,09/un","€9,09/kg"
Massa de Pizza Fresca Retangular XXL,Continente Fácil & Bom,emb. 550 gr,"€2,59/un","€4,71/kg"
Massa Fresca para Pizza,Pasta do Dia,emb. 230 gr,"€2,39/un","€10,39/kg"
Quadradinhos de Massa Folhada,Pasta do Dia,emb. 300 gr,"€2,39/un","€7,97/kg"
Tostas com Azeite e Sal,Diatosta,emb. 100 gr,"€1,69/un","€16,90/kg"
Pão de Forma 100% Natural sem côdea,Bimbo,emb. 450 gr,"€2,49/un","€5,53/kg"
Mini Croissants de Chocolate,Continente,emb. 315 gr (7 un),"€1,95/un","€6,19/kg"
Tostas de Trigo,Continente,emb. 750 gr,"€2,05/un","€2,73/kg"
Pão Brioche Fatiado de Massa Mãe,Brioche Pasquier,emb. 450 gr,"€3,79/un","€8,42/kg"
Dots Negrito,Continente,Quant. Mínima = 3 un,"€0,45/un","€7,50/kg"
Tortilhas de Trigo,Old El Paso,emb. 350 gr (6 un),"€3,49/un","€9,97/kg"
Croissants,Aurora,emb. 240 gr (8 un),"€2,49/un","€10,38/kg"
Jesuíta,Continente,Quant. Mínima = 2 un,"€0,99/un","€7,62/kg"
O Nosso Croissant,Continente,1 un,"€1,00/un","€8,33/kg"
Tostas com Alho e Salsa,Rialto,emb. 100 gr,"€1,75/un","€17,50/kg"
Bolinhos,Brioche Pasquier,emb. 8 un,"€2,59/un","€8,09/kg"
Pão de Sementes e Linhaça,Oroweat,emb. 680 gr,"€1,96/un","€2,88/kg"
Pão de Forma Integral com Côdea,Panrico,emb. 520 gr,"€1,69/un","€3,25/kg"
Croutons com Alho,Continente,emb. 2 x 75 gr,"€1,39/un","€9,27/kg"
Massa Quebrada,Pasta do Dia,emb. 230 gr,"€2,09/un","€9,09/kg"
Pão Tostado,Brioche Pasquier,emb. 415 gr,"€2,99/un","€7,20/kg"
Pão de Forma Rio Maior,Continente,emb. 500 gr,"€1,39/un","€2,78/kg"
Biscoitos de Cacau,Continente,emb. 750 gr,"€2,39/un","€3,19/kg"
Éclair de Chocolate,Atelier Doce,Quant. Mínima = 2 un,"€0,90/un","€10,00/kg"
Pastel de Chaves IGP,Continente,Quant. Mínima = 2 un,"€0,89/un","€11,13/kg"
Biscoitos de Azeitão,Azeitonense,emb. 180 gr,"€2,59/un","€14,39/kg"
Lanche Brioche Misto,Continente,Quant. Mínima = 2 un,"€1,09/un","€9,91/kg"
Dots Bombón,Continente,emb. 4 un,"€1,75/un","€7,29/kg"
Palmiers com Massa Folhada,Continente,emb. 4 x 40 gr,"€1,09/un","€6,81/kg"
Pão Sandwich Thins 8 Cereais,Bimbo,emb. 310 gr,"€2,29/un","€7,39/kg"
Croissants Recheados com Cacau e Avelã,Aurora,emb. 304 gr (8 un),"€2,49/un","€8,19/kg"
Croutons com Tomate e Orégãos,Vitacress,emb. 75 gr,"€1,29/un","€17,20/kg"
Pão Rústico Massa Mãe,The Rustik Bakery,emb. 450 gr,"€2,29/un","€5,09/kg"
Pão de Deus,Continente,Quant. Mínima = 2 un,"€0,85/un","€6,91/kg"
Bretzel de Amêndoa,Continente,Quant. Mínima = 2 un,"€1,15/un","€7,72/kg"
Pastel de Nata 100% Português,Continente Seleção,Quant. Mínima = 4 un,"€0,89/un","€12,71/kg"
Pão Clássico Cereais sem Glúten,Schär,emb. 300 gr,"€3,65/un","€12,17/kg"
Pão de Abóbora e Nozes,Panike,emb. 320 gr,"€2,19/un","€6,84/kg"
Tostas de Mistura sem Glúten,Museu do Pão,emb. 140 gr,"€2,95/un","€21,07/kg"
Mini Queques de Laranja,Continente,emb. 200 gr,"€1,60/un","€8,00/kg"
Pão de Centeio,Continente,emb. 425 gr,"€1,59/un","€3,98/kg"
Pão de Leite com Chocolate Pitch,Brioche Pasquier,emb. 250 gr,"€2,67/un","€10,68/kg"
Gofres,Continente,emb. 150 gr,"€1,35/un","€9,00/kg"
Mini Tostas Integrais,Bimbo,emb. 100 gr,"€1,19/un","€11,90/kg"
Tortilhas Mexicanas de Trigo,Old El Paso,emb. 244 gr (6 un),"€2,29/un","€9,39/kg"
Pão de Centeio e Sementes Massa Mãe,Continente,emb. 550 gr,"€1,49/un","€2,98/kg"
Bolo do Caco,Continente,Quant. Mínima = 2 un,"€0,59/un","€4,92/kg"
Bagels Com Sementes,Bimbo,emb. 4 un,"€2,12/un","€7,07/kg"
Folhado com Recheio de Pizza,Continente,Quant. Mínima = 2 un,"€0,89/un","€6,59/kg"
Massa Folhada Light,Continente Fácil & Bom,emb. 230 gr,"€1,49/un","€6,48/kg"
Pão Clássico sem Glúten,Schär,emb. 300 gr,"€3,35/un","€11,17/kg"
Pão de Leite Brioche com Chocolate,Brioche Pasquier,emb. 6 un,"€3,09/un","€13,32/kg"
Biscoitos Areias,Continente Seleção,emb. 200 gr,"€3,09/un","€15,45/kg"
Croissant Brioche com Chocolate,Continente,Quant. Mínima = 2 un,"€0,89/un","€8,90/kg"
Salame de Chocolate,Continente,emb. 450 gr,"€2,50/un","€5,56/kg"
Pão Rústico Cereais Massa Mãe,The Rustik Bakery,emb. 450 gr,"€2,29/un","€5,09/kg"
Pão de Leite com Pepitas Chocolate,Continente,emb. 280 gr,"€1,99/un","€7,11/kg"
Pão Rústico Fatiado sem Glúten,Schär,emb. 250 gr,"€3,15/un","€12,60/kg"
Folhado Misto de Peru,Continente,Quant. Mínima = 2 un,"€1,09/un","€9,73/kg"
Trança de Noz Pecan,Continente,Quant. Mínima = 2 un,"€0,69/un","€7,04/kg"
Pão Massa Mãe de Trigo do Alentejo,Continente,emb. 550 gr,"€1,59/un","€3,18/kg"
Pão Continente Aldeia,Continente,Quant. Mínima = 400 gr,"€2,89/kg","€1,16/un"
Pão de Linhaça e Centeio Biológico,Oroweat,emb. 400 gr,"€2,99/un","€7,48/kg"
Pão de Forma Especial Torradas,Bimbo,emb. 700 gr,"€2,32/un","€3,31/kg"
Tostas Brioche,Brioche Pasquier,emb. 210 gr,"€2,59/un","€12,33/kg"
Pão de Forma Artesano Brioche,Bimbo,emb. 550 gr,"€1,61/un","€2,93/kg"
Croutons Alho e Ervas,Florette,emb. 70 gr,"€1,79/un","€25,57/kg"
Pão de Forma Clássico Branco sem Glúten,Continente,emb. 350 gr,"€3,49/un","€9,97/kg"
Bolachas de Amendoim,Continente,emb. 220 gr,"€2,39/un","€9,19/kg"
Pão com Chocolate,Continente,emb. 4 un,"€2,59/un","€6,82/kg"
Churritos Recheio de Cacau,Continente,emb. 240 gr,"€2,00/un","€8,33/kg"
Pão Doce Bon Matín sem Glúten,Schär,emb. 200 gr,"€3,09/un","€15,45/kg"
Pão de Forma Cerealia 100% Centeio,Panrico,emb. 400 gr,"€2,02/un","€5,05/kg"
Tostas Multicereais Sem Glúten,Museu do Pão,emb. 140 gr,"€2,95/un","€21,07/kg"
Pão de Hot Dog Maxi,Bimbo,emb. 320 gr,"€1,79/un","€5,59/kg"
Fatia de Salame de Chocolate Mico & Mica,Continente,emb. 60 gr,"€0,65/un","€10,83/kg"
Ferradura de Chocolate,Continente,Quant. Mínima = 2 un,"€0,95/un","€6,79/kg"
Mini Tortilhas de Trigo,Old El Paso,emb. 220 gr (8 un),"€2,19/un","€9,95/kg"
Massa de Pizza Fresca Estilo Americano,Continente Fácil & Bom,emb. 550 gr,"€2,59/un","€4,71/kg"
Wrap de Espelta e Aveia,Mission,emb. 370 gr (6 un),"€2,95/un","€7,97/kg"
Pão de Forma com Sementes Fatiado,Continente,emb. 400gr,"€2,75/un","€6,88/kg"
Brioche de Leite,Continente,emb. 280 gr,"€2,79/un","€9,96/kg"
Broinhas Doces,Continente,emb. 300 gr,"€2,09/un","€6,97/kg"
Bolos de Gema,Continente,emb. 200 gr,"€2,50/un","€12,50/kg"
Pão de Forma 100% Natural Integral com Côdea,Bimbo,emb. 450 gr,"€1,99/un","€4,42/kg"
"Biscoito de Alfarroba, Coco e Limão",Continente Seleção,emb. 200 gr,"€3,20/un","€16,00/kg"
Biscoitos Areias,Continente,emb. 300 gr,"€1,79/un","€5,97/kg"
Pão com Chouriço Alentejano,Continente,Quant. Mínima = 2 un,"€0,99/un","€8,25/kg"
Dunkin Boston Creme,Dunkin,emb. 2 un,"€2,39/un","€30,64/kg"
Wrap de Trigo de Chia e Quinoa,Mission,emb. 370 gr (6 un),"€2,95/un","€7,97/kg"
Pata de Veado,Continente,Quant. Mínima = 2 un,"€0,85/un","€9,44/kg"
Tarte de Nata,Continente Seleção,emb. 600 gr,"€7,89/un","€13,15/kg"
"Bolacha de Amendoim, Sementes e Passas",Continente,emb. 200 gr,"€2,19/un","€10,95/kg"
Éclair de Caramelo Salgado,Atelier Doce,Quant. Mínima = 2 un,"€0,90/un","€10,00/kg"
Pão Cerealia de 14 Cereais e Sementes,Panrico,emb. 435 gr,"€2,02/un","€4,64/kg"
Bolachas Chocolate e Amendoim,Continente,emb. 200 gr,"€2,19/un","€10,95/kg"
Queijadas de Requeijão,Regidoce,emb. 4 un,"€3,55/un","€9,86/kg"
Pão de Ló Clássico,Continente,emb. 600 gr,"€4,99/un","€8,32/kg"
Broa Batata Doce,Perdigão,emb. 300 gr,"€2,79/un","€9,30/kg"
Bolo com Cacau,Continente,emb. 3 x 60 gr,"€1,29/un","€7,17/kg"
Pão Forma Integral com Côdea Especial Torradas,Panrico,emb. 520 gr,"€1,21/un","€2,33/kg"
Merenda Mista,Continente,Quant. Mínima = 2 un,"€0,69/un","€5,90/kg"
Palitos de Chocolate,Continente,emb. 250 gr,"€2,39/un","€9,56/kg"
Pão de Quinoa Biológico,Oroweat,emb. 400 gr,"€2,99/un","€7,48/kg"
Pão Cerealia de 5 Sementes,Panrico,emb. 435 gr,"€2,02/un","€4,64/kg"
Massa para Croissant,Continente Fácil & Bom,emb. 400 gr,"€1,99/un","€4,98/kg"
Sortido de Bolachas,Panicruzeiro,emb. 350 gr,"€3,39/un","€9,69/kg"
Pão de Forma Integral,Bimbo,emb. 480 gr,"€1,69/un","€3,52/kg"
Éclair de Chocolate,Nutriva,Quant. Mínima = 2 un,"€0,99/un","€14,14/kg"
Baguete de Alho,Continente,emb. 175 gr,"€0,79/un","€4,65/kg"
Dunkin Cocoa Hazelnut,Dunkin,emb. 2 un,"€2,39/un","€30,64/kg"
Madalenas Sem Glúten,Airos,emb. 210 gr,"€3,19/un","€15,19/kg"
Pão de Forma 100% Natural com Côdea,Bimbo,emb. 460 gr,"€1,99/un","€4,33/kg"
Tarte de Amêndoa,Continente,emb. 100 gr,"€1,39/un","€13,90/kg"
"Recheio Chocolate e Avelã ""O Nosso Croissant""",Continente,emb. 30 gr,"€0,45/un","€15,00/kg"
"Recheio Doce de Ovos ""O Nosso Croissant""",Continente,emb. 30 gr,"€0,45/un","€15,00/kg"
Tostas Tradicionais,Brioche Pasquier,emb. 210 gr,"€2,49/un","€11,86/kg"
Tostas de Trigo,Bimbo,emb. 270 gr (30 un),"€1,59/un","€5,89/kg"
Wrap de Trigo,Koala,emb. 370 gr (6 un),"€2,01/un","€5,43/kg"
Bretzel de Chocolate,Continente,Quant. Mínima = 2 un,"€1,35/un","€9,00/kg"
Popia Alentejana,Pastelinhos Safara,emb. 350 gr,"€2,90/un","€8,29/kg"
Scones Inglês com Passas,Detrigo,emb. 300 gr,"€2,79/un","€9,30/kg"
Pão Cerealia 100% Integral,Panrico,emb. 385 gr,"€2,02/un","€5,25/kg"
Broas de Mel e Erva Doce,Pastelaria Rolo,emb. 200 gr,"€2,00/un","€10,00/kg"
Dunkin Cheesecake Crumble,Dunkin,emb. 2 un,"€2,39/un","€31,04/kg"
Pão de Forma Shape,Continente,emb. 400 gr,"€2,75/un","€6,88/kg"
Esses de Limão,Pastelinhos Safara,emb. 400 gr,"€3,29/un","€8,23/kg"
Gressinos Integrais,Continente,emb. 2 x 125 gr,"€1,29/un","€5,16/kg"
Muffins de Chocolate Sem Glúten,Museu do Pão,emb. 240 gr,"€3,79/un","€15,79/kg"
Salame de Chocolate com Amêndoa,Continente,emb. 450 gr,"€2,99/un","€6,64/kg"
Pão de Banana e Canela Biológico,Pachamama,emb. 300 gr,"€3,29/un","€10,97/kg"
Tostas Baixo Teor de Sal,Continente,emb. 225 gr,"€0,79/un","€3,51/kg"
Tarte de Nata,Continente,emb. 160 gr,"€1,39/un","€8,69/kg"
Scones Inglês,Detrigo,emb. 300 gr (4 un),"€2,89/un","€9,63/kg"
Folhado Misto com Carne,Continente,Quant. Mínima = 2 un,"€0,99/un","€7,07/kg"
Bolachas de Aveia,Continente Seleção,emb. 200 gr,"€3,09/un","€15,45/kg"
Wrap Cereais com Sementes,Koala,emb. 320 gr (8 un),"€1,94/un","€6,06/kg"
Tortilhas sem Glúten,Old El Paso,emb. 216 gr (6 un),"€3,49/un","€16,16/kg"
Pão Mistura 4 Cereais,Mestemacher,emb. 500 gr,"€2,39/un","€4,78/kg"
Folhado de Carbonara,Continente,Quant. Mínima = 2 un,"€1,09/un","€8,38/kg"
Suspiros,Continente,emb. 150 gr (6 un),"€2,50/un","€16,67/kg"
Pão de Centeio Biológico,Mestemacher,emb. 500 gr,"€2,49/un","€4,98/kg"
Massa Folhada Sem Glúten,Pasta do Dia,emb. 280 gr,"€3,29/un","€11,75/kg"
Pão Alemão Integral 8 Cereais,Pema,emb. 500 gr,"€2,35/un","€4,33/kg"
Pão Fitness,Mestemacher,emb. 500 gr,"€2,39/un","€4,78/kg"
Pão 5 Sementes sem Glúten,Museu do Pão,emb. 300 gr,"€4,15/un","€13,83/kg"
Pão de Hambúrguer,Oroweat,emb. 300 gr,"€1,56/un","€5,20/kg"
Mini Wrap de Trigo,Koala,emb. 260 gr (12 un),"€1,76/un","€6,77/kg"
Esses de Azeitão,Azeitonense,emb. 240 gr,"€4,19/un","€17,46/kg"
Tostas Suecas Integrais,Bimbo,emb. 225 gr,"€1,59/un","€6,79/kg"
Gressinos Grissini sem Glúten,Schär,emb. 150 gr,"€4,29/un","€28,60/kg"
Ferradura de Creme,Continente,Quant. Mínima = 2 un,"€1,09/un","€7,79/kg"
Pão Pita Vegan sem Lactose,Alcione,emb. 400 gr (6 un),"€1,69/un","€4,23/kg"
Queijadas de Laranja,Regidoce,emb. 4 un,"€3,99/un","€11,08/kg"
Pão de Sementes de Linhaça Biológico,Mestemacher,emb. 500 gr,"€2,39/un","€4,78/kg"
Broas de Milho,Susana Vieira,emb. 220 gr,"€2,29/un","€11,45/kg"
Beijinhos de Pombal,Conf. Vale,emb. 90 gr,"€2,60/un","€28,89/kg"
Snack Cacau Sem glúten,Schär,emb 10 x 35 gr,"€6,80/un","€17,00/kg"
Massa Pizza Retangular 100% Farinha de Espelta,Continente Fácil & Bom,emb. 400 gr,"€2,59/un","€6,48/kg"
Massa para Empada,Pasta do Dia,emb. 280 gr,"€2,49/un","€8,89/kg"
Broas de Café,Susana Vieira,emb. 350 gr,"€3,39/un","€9,69/kg"
Wrap de Trigo,Koala,emb. 320 gr (8 un),"€1,94/un","€6,06/kg"
Trouxas de Ovos,Fabridoce,emb. 250 gr,"€4,75/un","€19,00/kg"
Rosca de Creme de Ovo,Continente,emb. 600 gr,"€3,89/un","€6,48/kg"
Cavacas Finas,Continente,emb. 90 gr,"€2,59/un","€28,78/kg"
Pastel de Massa Tenra,Panicruzeiro,Quant. Mínima = 4 un,"€1,00/un","€15,38/kg"
Mousse de Chocolate Familiar,Continente,emb. 400 gr,"€4,49/un","€11,23/kg"
Broa de Milho,Continente,Quant. Mínima = 1 kg,"€3,25/kg","€3,25/un"
Massa Quebrada Sem Glúten,Pasta do Dia,emb. 280 gr,"€3,29/un","€11,75/kg"
"Recheio Frutos Silvestres ""O Nosso Croissant""",Continente,emb. 30 gr,"€0,45/un","€15,00/kg"
Tostas Suecas,Bimbo,emb. 225 gr,"€1,59/un","€7,07/kg"
Madalenas com Pepitas de Chocolate Sem Glúten,Airos,emb. 210 gr,"€3,19/un","€15,19/kg"
Massa Folhada Amanteigada,Continente Fácil & Bom,emb. 280 gr,"€1,39/un","€5,15/kg"
Pão Escuro sem Glúten,Museu do Pão,emb. 300 gr,"€4,15/un","€13,83/kg"
Pão Caseiro sem Glúten,Schär,emb. 240 gr,"€4,14/un","€17,25/kg"
Tortilhas Milho e Trigo,Old El Paso,emb. 335 gr (8 un),"€3,49/un","€10,42/kg"
Pão Alemão Proteínas,Mestemacher,emb. 250 gr,"€2,29/un","€9,16/kg"
Mini Croissants,Continente,emb. 270 gr,"€1,39/un","€5,15/kg"
Pão Preto Westfalia,Mestemacher,emb. 250 gr,"€1,69/un","€6,76/kg"
Madalenas Mármore sem Glúten,Museu do Pão,emb. 240 gr,"€4,69/un","€19,54/kg"
Pão de Forma 10 Cereais com Côdea,Bimbo,emb. 450 gr,"€1,99/un","€4,42/kg"
Pão de Ló Cremoso,Continente Seleção,emb. 400 gr,"€4,49/un","€11,23/kg"
Pão Rústico,Continente,Quant. Mínima = 670 gr,"€2,49/kg","€2,49/un"
Tortilha Pockets,Old El Paso,emb. 223 gr (8 un),"€4,05/un","€18,16/kg"
Tosta Crocante Quinoa Biológica,Le Pain Fleurs,emb. 150 gr,"€3,89/un","€25,93/kg"
Cronut Açúcarado,Frida,Quant. mínima = 2 un,"€0,99/un","€12,38/kg"
Tostas Ligeiras com Quinoa sem Glúten Biológico,Santiveri,emb. 100 gr,"€3,09/un","€30,90/kg"
"Recheio Chocolate ""O Nosso Croissant""",Continente,emb.30 gr,"€0,45/un","€15,00/kg"
Suspiros Finos,Continente,emb. 70 gr,"€1,55/un","€22,14/kg"
Waffle com Açúcar,Continente,emb. 115 gr,"€0,89/un","€7,74/kg"
Broas de Mel e Noz,Susana Vieira,emb. 350 gr,"€3,39/un","€9,69/kg"
Bolo de Arroz Sem Glúten,Museu do Pão,emb. 225 gr,"€3,69/un","€16,40/kg"
Dunkin Strawberry Sprinkle,Dunkin,emb. 2 un,"€2,39/un","€31,04/kg"
Pão de Ló Premium,Continente Seleção,emb. 500 gr,"€5,10/un","€10,20/kg"
Broinhas com Ovos Moles,Massas Vouga,emb. 250 gr,"€3,99/un","€15,96/kg"
Bolo de Limão,Nutriva,emb. 250 gr,"€2,79/un","€9,96/kg"
Fios de Ovos,Fabridoce,emb. 100 gr,"€3,29/un","€32,90/kg"
Pão Branco Fatias sem Glúten,Schär,emb. 250 gr,"€2,70/un","€10,80/kg"
Ovos Moles,Fabridoce,emb. 250 gr,"€4,59/un","€18,36/kg"
Pão de Ló Premium,Continente Seleção,emb. 850 gr,"€10,19/un","€11,99/kg"
Miniaturas Sortidas,Padaria da Arrifana,emb. 400 gr,"€3,29/un","€8,23/kg"
Wrap Integral,Koala,emb. 320 gr (8 un),"€1,86/un","€5,81/kg"
Pão Forma Branco,Garcia,emb. 500 gr,"€3,99/un","€7,98/kg"
Tarte de Amêndoa,Continente Seleção,emb. 600 gr,"€8,28/un","€13,80/kg"
Cronut Chocolate,Frida,Quant. Mínima = 2 un,"€0,99/un","€10,42/kg"
Pão Espelta Integral,Pachamama,emb. 450 gr,"€3,29/un","€7,31/kg"
Mini Madalenas Pepitas Chocolate de Massa Mãe,The Rustik Bakery,emb. 190 gr,"€2,99/un","€15,74/kg"
Ovos Moles,Fabridoce,emb. 150 gr,"€3,49/un","€23,27/kg"
Risonhas de Sésamo e Girassol,Fabridoce,emb. 120 gr,"€1,99/un","€16,58/kg"
Pudim de Ovos,Continente,emb. 500 gr,"€7,99/un","€15,98/kg"
Massa Filo,Croustipate,emb. 250 gr,"€3,19/un","€12,76/kg"
Pão de Forma Alfarroba,Continente,emb. 400 gr,"€2,75/un","€6,88/kg"
Pudim de Leite Condensado,Continente,emb. 500 gr,"€7,99/un","€15,98/kg"
Bolo de Bolacha,Continente,emb. 300 gr,"€2,99/un","€9,97/kg"
Mini Bolinhos,Brioche Pasquier,emb. 210 gr,"€2,49/un","€11,86/kg"
Croissants sem Glúten,Schär,emb. 4 x 55 gr,"€5,50/un","€23,71/kg"
Muffins Chocolate sem Glúten,Continente,emb. 90 gr,"€1,19/un","€13,22/kg"
Madalenas Sem Glúten,Museu do Pão,emb. 240 gr,"€4,29/un","€17,88/kg"
Pão Branco sem Glúten,Museu do Pão,emb. 300 gr,"€4,15/un","€13,83/kg"
Torta de Doce de Ovo,Continente,emb. 550 gr,"€6,90/un","€12,55/kg"
Creme de Ovos Moles,Continente Seleção,emb. 125 gr,"€2,29/un","€18,32/kg"
Massa Tenra Fresca,Pasta do Dia,emb. 300 gr,"€2,69/un","€8,97/kg"
Salame de Chocolate Branco,Chocolame,emb. 400 gr,"€3,99/un","€9,98/kg"
Dunkin Shell,Dunkin,emb. 4 un,"€5,29/un","€15,38/kg"
Pão Gran Mix sem Glúten Biológico,Schnitzer,emb. 250 gr,"€3,49/un","€13,96/kg"
Pão de Forma Cereais,Garcia,emb. 500 gr,"€3,99/un","€7,98/kg"
Palmier Simples Sem Glúten,Airos,emb. 150 gr,"€2,89/un","€19,27/kg"
Pampilho,Continente,emb. 600 gr,"€4,49/un","€7,48/kg"
"Pack 4 Recheios ""O Nosso Croissant""",Continente,emb. 120 gr,"€1,79/un","€14,92/kg"
Salame de Caramelo Salgado com Amendoins e Mel,Chocolame,emb. 400 gr,"€3,99/un","€9,98/kg"
"Recheio Doce de Leite ""O Nosso Croissant""",Continente,emb.1 un,"€0,45/un","€15,00/kg"
Pão de Ló,Ti Piedade,emb. 500 gr,"€10,79/un","€21,58/kg"
Broas de Limão,Susana Vieira,emb. 220 gr,"€2,29/un","€11,45/kg"
Pão com Linhaça Dourada e Chia Biológico,Mestemacher,emb. 350 gr,"€2,69/un","€7,69/kg"
Torta de Laranja,Continente Seleção,emb. 600 gr,"€7,38/un","€12,30/kg"
Torta com Cobertura de Coco,Continente,emb. 550 gr,"€6,69/un","€12,16/kg"
Tarte de Amêndoa Rústica,Continente,emb. 500 gr,"€7,39/un","€14,78/kg"
Natas do Céu Familiar,Continente,emb. 300 gr,"€4,10/un","€13,67/kg"
Bolo de Bolacha,Continente Seleção,emb. 500 gr,"€5,65/un","€11,30/kg"
"Bolachas de Sementes de linhaça, Sésamo e Abóbora",Continente,emb. 200 gr (12 un),"€2,19/un","€10,95/kg"
Muffins sem Glúten,Schär,emb. 4 x 65 gr,"€4,19/un","€16,12/kg"
Pão de Ló Mármore,Continente,emb. 500 gr,"€4,36/un","€8,72/kg"
Tortas de Azeitão,Azeitonense,emb. 180 gr,"€6,29/un","€20,97/kg"
Baguete Clássica sem Glúten Biológico,Schnitzer,emb. 360 gr,"€5,35/un","€14,86/kg"
Queques Plumcake Yogo sem Glúten,Schär,emb. 6 x 33 gr,"€3,90/un","€19,70/kg"
Pão com Amaranto e Quinoa Biológico,Mestemacher,emb. 350 gr,"€2,69/un","€7,69/kg"
Bolo Plum cake com Pepitas de Chocolate Sem Glúten,Airos,emb. 200 gr,"€3,29/un","€13,71/kg"
Bolo Mármore sem Glúten,Schär,emb. 250 gr,"€4,39/un","€17,56/kg"
Pão Ancestral Biológico,Pachamama,emb. 400 gr,"€3,29/un","€8,23/kg"
Broinhas com Ovos Moles e Mirtillo,Massas Vouga,emb. 250 gr,"€4,05/un","€16,20/kg"
Waffles sem Glúten,Schär,emb. 100 gr (4 unidades),"€4,24/un","€42,40/kg"
Macarons Sortido,Poppies,emb. 110 gr,"€3,49/un","€31,73/kg"
Mini Madalenas Sabor Iogurte de Massa Mãe,The Rustik Bakery,emb. 190 gr,"€2,99/un","€15,74/kg"
Pão Proteico Low Carb Biológico,Pachamama,emb. 300 gr,"€3,29/un","€10,97/kg"
Massa Filo,Continente Fácil & Bom,emb. 120 gr,"€1,99/un","€16,58/kg"
Bolo Brigadeiro,Continente,emb. 500 gr,"€5,35/un","€10,70/kg"
Creme de Ovos Moles,Fabridoce,emb. 300 gr,"€4,59/un","€15,30/kg"
Molotof Doce de Ovo,Continente,emb. 600 gr,"€9,99/un","€16,65/kg"
Pão de Forma Fibras,Continente,emb. 400 gr,"€2,75/un","€6,88/kg"
Salame de Chocolate com Creme de Cacau e Avelãs,Chocolame,emb. 400 gr,"€3,99/un","€9,98/kg"
Brigadeiros de Chocolate,Vários Sabores,emb. 6 un,"€4,49/un","€29,93/kg"
Folar Folhado de Olhão,Continente,emb. 670 gr,"€5,29/un","€7,90/kg"
Bolo Rei,Continente,emb. 1 kg,"€8,49/kg","€8,49/un"
Bolo Brigadeiro,Continente,emb. 800 gr,"€8,89/un","€11,11/kg"
Bolo Plum Cake de Cacau sem glúten,Airos,emb. 240 gr,"€2,79/un","€11,63/kg"
Risonhas de Sésamo e Pevides,Fabridoce,emb. 120 gr,"€1,99/un","€16,58/kg"
Pão Paleo Low Carb,Pachamama,emb. 300 gr,"€3,29/un","€10,97/kg"
Bolos de Amêndoa,Susana Vieira,emb. 140 gr,"€2,29/un","€16,36/kg"
Pavlova Frutos Vermelhos,Vários Sabores,emb. 450 gr,"€9,69/un","€21,53/kg"
Salame de Chocolate Red Velvet,Chocolame,emb. 400 gr,"€3,99/un","€9,98/kg"
Pão de Mafra Comprido Fatiado,Continente,emb. 500 gr,"€1,49/un","€2,98/kg"
Bolo Floresta Negra,Continente,emb. 500 gr,"€7,39/un","€14,78/kg"
Pão Aveia e Sementes Biológico,Pachamama,emb. 300 gr,"€3,29/un","€10,97/kg"
Tarte de Noz Pecan,Continente,emb. 500 gr,"€8,29/un","€16,58/kg"
Bolo de Mel da Madeira,Continente,emb. 500 gr,"€6,99/un","€13,98/kg"
Pão Espelta Integral Curcuma e Pimenta Preta,Pachamama,emb. 450 gr,"€3,29/un","€7,31/kg"
Bolo Floresta Negra,Continente,emb. 700 gr,"€8,99/un","€12,84/kg"
Sublime de Biscoito de Cacau,Vários Sabores,emb. 600 gr,"€10,39/un","€17,32/kg"
Pão de Ló Cremoso de Chocolate,Continente,emb. 400 gr,"€6,34/un","€15,85/kg"
Sublime de Frutos Vermelhos,Vários Sabores,emb. 600 gr,"€10,39/un","€17,32/kg"
Bolo de Bolacha de Chocolate,Casa do Crespo,emb. 800 gr,"€8,79/un","€10,99/kg"
Bolo Folhado,Casa do Crespo,emb. 800 gr,"€11,09/un","€13,86/kg"
Bolo de Aniversário de Chocolate Menino,Casa do Crespo,emb. 750 gr,"€12,49/un","€16,65/kg"
Bolo de Aniversário de Chocolate Quadrado,Casa do Crespo,emb. 750 gr,"€9,99/un","€13,32/kg"
Bolo de Chocolate com Apontamentos,Continente,"Quant. Mínima = 1,50 kg","€14,99/kg","€22,49/un"
Bolo Chocolate e Raspas de Chocolate,Fabrico,"Quant. Mínima = 1,50 kg","€14,99/kg","€22,49/un"
Bolo Espelho de Chocolate,Continente,"Quant. Mínima = 1,50 kg","€14,99/kg","€22,49/un"
Bolo de Chocolate com Chantily,Continente,"Quant. Mínima = 1,50 kg","€14,99/kg","€16,49/un"
Torta de Chocolate,Continente,emb. 400 gr,"€3,39/un","€8,48/kg"
Pastel com Atum,Dona Quina,emb. 1 un (aprox. 85 gr),"€1,30/un","€15,29/kg"
Pastel com Farinheira,Dona Quina,emb. 1 un (aprox. 85 gr),"€1,30/un","€15,29/kg"
Palmiers,Continente,emb. 720 gr,"€3,98/un","€5,53/kg"
Pão de Beterraba,Continente,emb. 350 gr,"€1,99/un","€5,69/kg"
Pão de Hambúrguer sem Glúten,Do Forno,emb. 200 gr,"€2,29/un","€11,45/kg"
Bolo Mil Folhas,Continente,emb. 500 gr,"€6,99/un","€13,98/kg"
Bolo Bebé Menina 1 Andar,Continente,Quant. Mínima = 2 kg,"€14,99/kg","€29,98/un"
Bolo Comunhão Menino 1 Andar,Continente,Quant. Mínima = 2 kg,"€14,99/kg","€29,98/un"
Bolo de Chocolate e Frutos Vermelhos,Santos e Macedo,emb. 500 gr,"€8,59/un","€17,18/kg"
Tarte de Limão,Continente,emb. 400 gr,"€3,29/un","€8,23/kg"
Pastel com Salmão,Dona Quina,emb. 1 un (aprox. 85 gr),"€1,30/un","€15,29/kg"
Cheesecake Americano de Framboesa,Casa do Crespo,emb. 700 gr,"€4,50/un","€6,43/kg"
Broas de Noz,Da Nossa Pastelaria,emb. 300 gr,"€2,69/un","€8,97/kg"
Pão Fatiado Multicereal sem Glúten,Nutrifree,emb. 320 gr,"€4,99/un","€15,59/kg"
Pão Baguete Mini sem Glúten,Schär,emb. 2 x 75 gr,"€2,64/un","€17,60/kg"
Salatinos,Atelier Doce,emb. 6 un,"€6,50/un","€21,67/kg"
Pastel com Bacalhau,Dona Quina,emb. 1 un (aprox. 85 gr),"€1,30/un","€15,29/kg"
Pastel com Queijo e Fiambre,Dona Quina,emb. 1 un (aprox. 85 gr),"€1,30/un","€15,29/kg"
Bolo Batizado Menina 1 Andar,Continente,Quant. Mínima = 2 kg,"€14,99/kg","€29,98/un"
Bolo Decorado com Letras,Continente,"Quant. Mínima = 1,50 kg","€14,99/kg","€22,49/un"
Tostas com Tomate e Manjericão,Roberto,emb.100 gr,"€1,49/un","€14,90/kg"
Pão de Forma com Cereais,The Rustik Bakery,emb. 400 gr,"€1,99/un","€4,98/kg"
Biscoitos de Limão,Da Nossa Pastelaria,emb. 300 gr,"€2,69/un","€8,97/kg"
Biscoitos de Canela,Da Nossa Pastelaria,emb. 300 gr,"€2,69/un","€8,97/kg"
Folhado de Picado Vegan,Gourmet Garden,Quant. Mínima = 2 un,"€1,50/un","€16,13/kg"
Queijinhos de Amêndoa com Ovos Moles,Fabridoce,emb. 120 gr (6 un),"€3,39/un","€28,25/kg"
Bolinhas Brancas sem Glúten,Do Forno,emb. 160 gr,"€1,99/un","€12,44/kg"
Bolinhas Escuras com Sementes sem Glúten,Do Forno,emb. 160 gr,"€1,99/un","€12,44/kg"
Bolo de Laranja,Da Nossa Pastelaria,emb. 500 gr,"€4,00/un","€8,00/kg"
Mil Folhas,Doces Marques,emb. 110 gr (1 un),"€0,99/un","€9,00/kg"
Torta de Morango,Continente,emb. 400 gr,"€3,99/un","€9,98/kg"
Tortilha Wrap Amaizin Biológica,Seara,emb. 240 gr,"€2,89/un","€12,04/kg"
Broas de Mel e Amêndoa,Da Nossa Pastelaria,emb. 350 gr,"€3,99/un","€11,40/kg"
Muffin de Limão e Papoila Vegan,Museu do Pão,emb. 160 gr,"€2,39/un","€14,94/kg"
Mini Gressinos com Sal,Roberto,emb. 150 gr,"€1,35/un","€9,00/kg"
Pão Saloio,Continente,emb. 6 un,"€0,45/un","€4,50/kg"
Pão de Cereais,Continente,emb. 750 gr,"€2,29/kg","€1,72/un"
Bolo Inglês,Continente,emb. 500 gr,"€3,20/un","€6,40/kg"
Broa de Milho de Viana,Continente,Quant. Mínima = 800 gr,"€2,39/kg","€2,39/un"
Pastel com Mousse de Chocolate,Dona Quina,emb. 1 un (aprox. 85 gr),"€1,30/un","€15,29/kg"
Pastel com Maçã e Canela,Dona Quina,emb. 1 un (aprox. 85 gr),"€1,30/un","€15,29/kg"
Pão Rústico sem Glúten,Do Forno,emb. 400 gr,"€4,19/un","€10,48/kg"
Broinhas de Ovos Moles com Noz,Massas Vouga,emb. 250 gr,"€4,05/un","€16,20/kg"
Gémeos,Continente,emb. 200 gr,"€0,69/un","€3,45/kg"
Pão Escuro Massa Mãe,Continente,emb. 400 gr,"€1,29/un","€3,23/kg"
Tostas com Alho e Tomilho sem Glúten,Do Forno,emb. 140 gr,"€3,49/un","€24,93/kg"
Bolachas Francesas de Morango,Panicruzeiro,emb. 300 gr,"€2,54/un","€8,47/kg"
Risonhas com Sésamo e Soja,Fabridoce,emb. 120 gr,"€1,99/un","€16,58/kg"
Pão de Forma Sementes Sem Glúten,Bimbo,emb. 300 gr,"€2,99/un","€9,97/kg"
Bola de Mafra,J.A.Sardinha,emb. 4 x 75 gr,"€1,19/un","€3,97/kg"
Bicoitos com Avelã e Pepitas de Chocolate,Continente Seleção,emb. 200 gr,"€3,20/un","€16,00/kg"
Tarte de Coco,Continente,emb. 400 gr,"€3,29/un","€8,23/kg"
Bolos Económicos,Pão de Gimonde,emb. 500 gr,"€4,29/un","€8,58/kg"
Tarte de Baunilha,Continente,emb. 400 gr,"€3,29/un","€8,23/kg"
Bolo Brigadeiro,Continente,emb. 500 gr,"€4,00/un","€8,00/kg"
Tostas Escuras com Sementes sem Glúten,Do Forno,emb. 140 gr,"€3,49/un","€24,93/kg"
Pão Fatiado Trigo Sarraceno sem Glúten Biológico,Schnitzer,emb. 250 gr,"€3,49/un","€13,96/kg"
Pão Pinsa,Roberto,emb. 250 gr,"€2,49/un","€9,96/kg"
Pão Bruschetta Fatiado,Roberto,emb.400 gr,"€2,29/un","€5,73/kg"
Pão Cerealia de Milho e Centeio,Panrico,emb. 385 gr,"€2,02/un","€5,25/kg"
Pão de Forma Brioche Vegan,Do Forno,emb. 300 gr,"€3,29/un","€10,97/kg"
Pão Fatiado sem Glúten,Nutrifree,emb. 300 gr,"€4,89/un","€16,30/kg"
Tarte de Maçã,Continente,emb. 400 gr,"€3,29/un","€8,23/kg"
Bolacha Húngara,Panicruzeiro,emb. 250 gr,"€1,85/un","€7,40/kg"
Pastel com Espinafres e Queijo,Dona Quina,emb. 1 un (aprox. 85 gr),"€1,30/un","€13,68/kg"
Pão Massa Mãe com Carvão Vegetal,Continente,emb. 400 gr,"€1,99/un","€4,98/kg"
Broas de Mel e Limão,Da Nossa Pastelaria,emb. 300 gr,"€2,69/un","€8,97/kg"
Pão de Forma Sem Glúten,Bimbo,emb. 300 gr,"€2,99/un","€9,97/kg"
Pão de Leite,Brioche Pasquier,emb. 8 un,"€2,29/un","€8,18/kg"
Tostas Rosmaninho,La Mole,emb. 250 gr,"€2,99/un","€11,96/kg"
Croissant Brioche Vegan,Museu do Pão,emb. 360 gr,"€2,79/un","€7,75/kg"
"Tostas com Pesto, Alho e Manjericão",Roberto,emb.100 gr,"€1,49/un","€14,90/kg"
Pastéis de Feijão,Da Nossa Pastelaria,emb. 180 gr,"€2,69/un","€14,94/kg"
Biscoitos de Avelã e Aveia,Continente Seleção,emb. 200 gr,"€3,20/un","€16,00/kg"
Torta de Doce de Ovo,Continente,emb. 400 gr,"€3,99/un","€9,98/kg"
Argolas de Canela,Da Nossa Pastelaria,emb. 300 gr,"€2,69/un","€8,97/kg"
Cripspbread 3 Sementes,Galicia,emb. 180 gr,"€2,99/un","€16,61/kg"
Pastel com Legumes,Dona Quina,emb. 1 un (aprox. 85 gr),"€1,30/un","€15,29/kg"
Folhado Vegan,Gourmet Garden,Quant. Mínima = 2 un,"€1,50/un","€16,13/kg"
Palmier Supremo,,emb. 500 gr,"€4,99/un","€9,98/kg"
Trufas com Ovos Moles Regional,Fabridoce,emb. 120 gr,"€3,39/un","€28,25/kg"
Pão Fatiado Integral sem Glúten,Nutrifree,emb. 340 gr,"€4,99/un","€14,68/kg"
Massa de Pizza sem Glúten Biológica,Croustipate,emb. 260 gr,"€3,29/un","€12,65/kg"
Pastel com Frango,Dona Quina,emb. 1 un (aprox. 85 gr),"€1,30/un","€15,29/kg"
Bolo Bebé Menina 2 Andares,Continente,"Quant. Mínima = 2,5 kg","€14,99/kg","€37,48/un"
Bolo Batizado Menino 1 Andar,Continente,Quant. Mínima = 2 kg,"€14,99/kg","€29,98/un"
Areias sem Açúcar,Cem Porcento,emb. 200 gr,"€2,49/un","€12,45/kg"
Pão de Forma Clássico,The Rustik Bakery,emb. 400 gr,"€1,99/un","€4,98/kg"
Bolo Mármore,Da Nossa Pastelaria,emb. 500 gr,"€4,00/un","€8,00/kg"
Pastéis de Nata sem Glúten,Do Forno,emb. 120 gr,"€1,81/un","€15,08/kg"
Croissant Cornetti Chocolate sem Glúten,Nutrifree,emb. 240 gr (4 un),"€5,79/un","€24,13/kg"
Tarte de Brigadeiro,Continente,emb. 400 gr,"€3,29/un","€8,23/kg"
Pastel com Doce de Ovos e Amêndoa,Dona Quina,emb. 1 un (aprox. 85 gr),"€1,30/un","€15,29/kg"
Pão Integral 3 Cereais Biológico,Bjorg,emb. 500 gr,"€3,89/un","€7,78/kg"
Panettone Clássico,Dolce Forneria,emb. 1 kg,"€5,99/un","€5,99/kg"
Bolo Decorado com Números,Continente,"Quant. Mínima = 1,50 kg","€14,99/kg","€22,49/un"
Bolo Decorado com Circulos,Continente,"Quant. Mínima = 1,50 kg","€14,99/kg","€22,49/un"
Folhados de Chocolate,Da Nossa Pastelaria,emb. 220 gr,"€2,69/un","€12,23/kg"
Pão Rústico com Sementes sem Glúten,Do Forno,emb. 400 gr,"€4,19/un","€10,48/kg"
Pão de Forma,Continente,emb. 800 gr,"€1,89/kg","€1,51/un"
Biscoitos Integrais de Chia e Limão,Cem Porcento,emb. 200 gr,"€2,49/un","€12,45/kg"
Bolo Batizado Menino 2 Andares,Continente,"Quant. Mínima = 2,5 kg","€14,99/kg","€37,48/un"
Bolo Comunhão Menina 2 Andares,Continente,"Quant. Mínima = 2,5 kg","€14,99/kg","€37,48/un"
Pão de Leite com Pepitas de Chocolate,Brioche Pasquier,emb. 6 un,"€2,79/un","€13,29/kg"
Bolo de Iogurte,Da Nossa Pastelaria,emb. 500 gr,"€4,00/un","€8,00/kg"
Bolo Formigueiro,Da Nossa Pastelaria,emb. 500 gr,"€4,00/un","€8,00/kg"
Pão Panino Hambúrguer XL sem Glúten,Nutrifree,emb. 200 gr (2 un),"€3,99/un","€19,95/kg"
Pão de Forma de Centeio e Grãos,Continente,emb. 500 gr,"€1,59/un","€3,18/kg"
Tostas Clássicas,La Mole,emb. 250 gr,"€2,99/un","€11,96/kg"
Bolo Brioche com Pepitas de Chocolate sem Glúten,Nutrifree,emb. 200 gr (4 un),"€5,29/un","€26,45/kg"
Croissant Cornetti Clássico sem Glúten,Nutrifree,emb. 200 gr (4 un),"€5,79/un","€28,95/kg"
Bolacha Húngara,Da Nossa Pastelaria,emb. 250 gr,"€1,85/un","€7,40/kg"
Pão de Assinatura,Continente,emb. 500 gr,"€1,49/un","€2,98/kg"
Pastel com Leitão,Dona Quina,emb. 1 un (aprox. 85 gr),"€1,30/un","€15,29/kg"
Pão Mini Hot Dog,Roberto,emb. 300 gr,"€1,99/un","€6,63/kg"
Bolo Decorado com Flores,Continente,"Quant. Mínima = 1,50 kg","€14,99/kg","€22,49/un"
Bolo Comunhão Menina 1 Andar,Continente,Quant. Mínima = 2 kg,"€14,99/kg","€29,98/un"
Muffin de Chocolate Vegan,Museu do Pão,emb. 160 gr,"€2,99/un","€18,69/kg"
Queijadas de Amêndoa,Regidoce,emb. 360 gr (4 un),"€3,99/un","€11,08/kg"
Bolo Halloween,,emb. 300 gr,"€4,99/un","€16,63/kg"
Hambúrguer de Bovino Carnalentejana DOP,Continente Seleção Fácil & Bom,emb. 465 gr (4 un),"€5,99/un","€12,88/kg"
Salada Aromática,Continente,emb. 150 gr,"€0,99/un","€6,60/kg"
Sopa de Feijão Verde,Continente Fácil & Bom,emb. 800 gr,"€1,99/un","€2,40/kg"
Ravioli Fresco de Queijo de Cabra e Cebola Caramelizada,Rana,emb. 250 gr,"€3,99/un","€15,96/kg"
Tortellini Fresco de Beringela e Tomate,Rana,emb. 250 gr,"€3,69/un","€14,76/kg"
Sopa de Feijão Verde,Continente Fácil & Bom,emb. 400 gr,"€1,29/un","€3,23/kg"
Hambúrguer de Bovino com Picanha,Continente Seleção Fácil & Bom,emb. 480 gr (4 un),"€4,99/un","€10,40/kg"
Salada Ibérica,Vitacress,emb. 100 gr,"€1,59/un","€15,90/kg"
Sopa Caldo Verde,Continente Fácil & Bom,emb. 400 gr,"€1,29/un","€3,23/kg"
Massa Quebrada,Continente Fácil & Bom,emb. 230 gr,"€0,99/un","€4,30/kg"
Salada Aromática,Vitacress,emb. 100 gr,"€1,59/un","€15,90/kg"
Tortellini Fresco de Ricotta e Espinafres,Rana,emb. 250 gr,"€3,69/un","€14,76/kg"
Sopa de Feijão e Legumes,Continente Fácil & Bom,emb. 400 gr,"€1,29/un","€3,23/kg"
Salada Ibéria,Continente,emb. 150 gr,"€1,29/un","€8,60/kg"
Sopa de Grão com Espinafres,Continente Fácil & Bom,emb. 400 gr,"€1,29/un","€3,23/kg"
"Pizza Ristorante de Salame, Mozzarella e Pesto",Ristorante,emb. 380 gr,"€3,69/un","€10,25/kg"
Pizza Ristorante de Pepperoni e Salame,Ristorante,emb. 337 gr,"€3,69/un","€11,53/kg"
Pizza Ristorante Hawai,Ristorante,emb. 375 gr,"€3,69/un","€10,39/kg"
Sumo Maçã e Morango,Continente,emb. 75 cl,"€2,79/un","€3,72/lt"
Sopa de Agrião,Continente Fácil & Bom,emb. 400 gr,"€1,29/un","€3,23/kg"
Hambúrguer de Bovino,Continente Fácil & Bom,emb. 480 gr (4 un),"€4,79/un","€9,98/kg"
Ravioli Fresco de Trufas Brancas,Rana,emb. 250 gr,"€3,99/un","€15,96/kg"
Tortellini Fresco de 4 Queijos,Rana,emb. 250 gr,"€2,45/un","€9,80/kg"
Ravioli Fresco com Gorgonzola e Nozes,Rana,emb. 250,"€3,99/un","€15,96/kg"
Sopa de Legumes com Feijão e Chouriço,Continente Fácil & Bom,emb. 800 gr,"€2,99/un","€3,74/kg"
Pizza Ristorante de Fiambre e Cogumelos,Ristorante,emb. 370 gr,"€3,69/un","€10,54/kg"
Salada Camponesa,Continente Seleção,emb. 250gr,"€1,29/un","€5,16/kg"
Pizza Ristorante de Espinafres,Ristorante,emb. 407 gr,"€3,69/un","€9,46/kg"
Carne Porco à Portuguesa,Continente Fácil & Bom,emb. 350 gr,"€2,99/un","€8,54/kg"
Sumo Laranja com Polpa,Autêntico,emb. 75 cl,"€1,29/un","€1,72/lt"
Hambúrguer 100% Carne de Bovino Angus Chakall,Prime Meat,emb. 640 gr (4 un),"€6,69/un","€10,45/kg"
Massa Folhada Retangular,Continente Fácil & Bom,emb. 375 gr,"€1,19/un","€3,17/kg"
Creme de Cenoura,Continente Fácil & Bom,emb. 400 gr,"€1,29/un","€3,23/kg"
Pizza Ristorante de Quatro Queijos,Ristorante,emb. 361 gr,"€3,69/un","€11,53/kg"
Sopa de Nabiças,Continente Fácil & Bom,emb. 800 gr,"€1,99/un","€2,49/kg"
Esparguete à Bolonhesa,Continente Fácil & Bom,emb. 350 gr,"€2,99/un","€8,54/kg"
Ravioli Fresco de Atum e Tomate,Rana,emb. 250 gr,"€3,29/un","€13,16/kg"
Pizza Fresca de Fiambre e Dupla Mozzarella,Continente Fácil & Bom,emb. 440 gr,"€2,49/un","€5,66/kg"
Bacalhau à Gomes de Sá,Continente Fácil & Bom,emb. 300 gr,"€2,79/un","€9,30/kg"
Sumo Maçã e Framboesa,Innocent,emb. 90 cl,"€2,16/un","€2,40/lt"
Sopa de Agrião,Continente Fácil & Bom,emb. 800 gr,"€1,99/un","€2,49/kg"
Pizza Fresca de Fiambre e Queijo,Continente Fácil & Bom,emb. 410 gr,"€2,25/un","€5,49/kg"
"Tortellini Fresco com Manjericão, Queijo e Pinhões",Rana,emb. 250 gr,"€3,29/un","€13,16/kg"
Noodles de Camarão Banzai,Cigala,emb. 67 gr,"€1,19/un","€17,76/kg"
Girasoli Fresco com Cogumelos e Queijo Mascarpone,Continente Seleção,emb. 250 gr,"€2,49/un","€9,96/kg"
Açorda de Camarão,Continente Fácil & Bom,emb. 300 gr,"€2,99/un","€9,97/kg"
Tortellini Fresco com Fiambre e Queijo,Rana,emb. 250 gr,"€2,45/un","€9,80/kg"
Creme de Cenoura,Continente Fácil & Bom,emb. 800 gr,"€1,99/un","€2,49/kg"
Pizza Ristorante de Atum,Ristorante,emb. 355 gr,"€3,69/un","€10,39/kg"
Massa Folhada,Continente Fácil & Bom,emb. 230 gr,"€0,99/un","€4,30/kg"
Sumo Tangerina,Autêntico,emb. 75 cl,"€1,39/un","€1,85/lt"
Pizza Fresca de Atum e Bacon,Continente Fácil & Bom,emb. 400 gr,"€2,49/un","€6,23/kg"
Sumo Laranja com Polpa,Autêntico,emb. 2 lt,"€2,69/un","€1,35/lt"
Ravioli Fresco de Frango Assado com Alecrim,Rana,emb. 250 gr,"€2,45/un","€9,80/kg"
Arroz de Pato,Continente Fácil & Bom,emb. 250 gr,"€2,99/un","€11,96/kg"
Sopa de Legumes,Continente Fácil & Bom,emb. 800 gr,"€1,99/un","€2,49/kg"
Pizza Fresca de Pepperoni,Continente Fácil & Bom,emb. 380 gr,"€2,49/un","€6,55/kg"
Bacalhau com Espinafres,Continente Fácil & Bom,emb. 300 gr,"€2,99/un","€9,97/kg"
Arroz Basmati Brajma Pronto a Comer,Cigala,emb. 2 x 125 gr,"€1,39/un","€5,56/kg"
Sumo Tropical e Kale,Autêntico,emb. 75 cl,"€1,79/un","€2,39/lt"
Gaspacho,Continente Fácil & Bom,emb. 1 lt,"€1,59/un","€1,59/lt"
"Sumo Maçã, Kiwi e Goiaba",Autêntico,emb. 75 cl,"€1,79/un","€2,39/lt"
Smoothie Morango e Banana,Innocent,emb. 25 cl,"€1,49/un","€5,96/lt"
Sumo 100% Laranja,Andros,emb. 1 lt,"€3,99/un","€3,99/lt"
Tofu Rosso Biológico,Taifun,emb. 200 gr,"€3,35/un","€16,75/kg"
"Girasoli Fresco com Pesto, Ricotta, Pecorino e Pinhões",Continente Seleção,emb. 250 gr,"€2,49/un","€9,96/kg"
Tortellini Fresco de Bolonhesa,Rana,emb. 250 gr,"€3,29/un","€13,16/kg"
Tofu Biológico,Continente Bio,emb. 400 gr,"€1,89/un","€4,73/kg"
Pizza Fresca de Carbonara,Continente Fácil & Bom,emb. 410 gr,"€2,49/un","€6,07/kg"
Tofu Basílico Biológico,Taifun,emb. 200 gr,"€3,35/un","€16,75/kg"
Pudim de Baunilha,Continente,emb. 600 gr (6 un),"€0,99/un","€1,65/kg"
Sumo 100% Laranja,Andros,"emb. 1,5 lt","€5,59/un","€3,73/lt"
Creme de Coentros,Moira,emb. 400 gr,"€1,39/un","€3,48/kg"
Sumo Laranja sem Polpa,Innocent,emb. 90 cl,"€2,09/un","€2,32/lt"
Massa de Pizza Fresca Retangular Extra Fina,Continente Fácil & Bom,emb. 300 gr,"€1,75/un","€5,83/kg"
Caril de Frango com Arroz Basmati,Continente Fácil & Bom,emb. 350 gr,"€2,99/un","€8,54/kg"
Tofu Refrigerado Biológico,Seara,emb. 500 gr,"€3,69/un","€7,38/kg"
Hambúrgueres,Capitão Iglo,"emb. 1,440 kg (18 un)","€14,99/un","€10,41/kg"
Pão de Queijo sem Glúten,Continente Seleção,emb. 300 gr (12 un),"€2,49/un","€8,30/kg"
Veggie Bowls Trigo Sarraceno e Brócolos,Iglo Green Cuisine,emb. 350 gr,"€3,99/un","€11,40/kg"
Creme de Coentros,Continente Equilíbrio Fácil & Bom,emb. 800 gr,"€1,99/un","€2,49/kg"
"Sumo Maçã, Laranja e Pêssego",Continente,emb. 25 cl,"€1,59/un","€6,36/kg"
Hambúrguer de Bovino Mertolengo DOP,Continente Seleção Fácil & Bom,emb. 460 gr (4 un),"€7,49/un","€16,28/kg"
Empada de Pato,Continente,Quant. Mínima = 4 un,"€0,99/un","€12,38/kg"
Baguete Pão de Alho,Continente,emb. 350 gr (2 un),"€1,49/un","€4,26/kg"
Pizza Casa di Mama de Fiambre e Cogumelos,Casa Di Mama,emb. 420 gr,"€5,49/un","€14,45/kg"
Strogonoff de Peru com Cogumelos e Arroz - 30% gordura,Continente Fácil & Bom,emb. 350 gr,"€2,99/un","€8,54/kg"
Chilli com Carne e Arroz Branco,Continente Fácil & Bom,emb. 350 gr,"€2,99/un","€8,54/kg"
Sopa de Frango com Hortelã,Continente Fácil & Bom,emb. 400 gr,"€1,99/un","€4,98/kg"
Frango com Molho Tikka Masala e Arroz Basmati,Continente Fácil & Bom,emb. 350 gr,"€3,29/un","€9,40/kg"
Lasanha Bolonhesa,Continente Fácil & Bom,emb. 1 kg,"€3,99/un","€3,99/kg"
"Sumo Ananás, Banana e Coco",Autêntico,emb. 75 cl,"€1,79/un","€2,39/lt"
Pizza Pepperoni e Salame,Continente Fácil & Bom,emb. 320 gr,"€2,19/un","€6,84/kg"
Sopa de Couve Flôr,Go Natural,emb. 400 gr,"€1,99/un","€4,98/lt"
Croquete 100% Carne de Bovino,Continente,Quant. Mínima = 3 un,"€0,69/un","€11,50/kg"
Febras de Porco Panadas,,Quant. Mínima = 100 gr (1 un),"€11,99/kg","€1,20/un"
Tagliatelle Fresca com Ovo,Continente Fácil & Bom,emb. 250 gr,"€0,89/un","€3,56/kg"
Pizza Fresca Romana,Continente Fácil & Bom,emb. 425 gr,"€2,25/un","€5,29/kg"
Sumo 100% Clementina,Andros,"emb. 1,5 lt","€5,59/un","€3,73/lt"
Sopa de Frango com Hortelã,Continente Seleção Fácil & Bom,emb. 800 gr,"€2,99/un","€3,74/kg"
Salada Riva,Vitacress,emb. 100 gr,"€1,59/un","€15,90/kg"
Noodles de Caril Banzai,Cigala,emb. 67 gr,"€1,19/un","€17,76/kg"
Veggie Bowls de Quinoa e Abóbora,Iglo Green Cuisine,emb. 350 gr,"€3,99/un","€11,40/kg"
Pizza Ristorante Bolonhesa,Ristorante,emb. 395 gr,"€3,69/un","€9,84/kg"
Salada Selvagem,Continente Seleção,emb. 150 gr,"€1,99/un","€13,27/kg"
Creme Batata Doce e Alecrim,Continente,emb. 800 gr,"€1,99/un","€2,49/kg"
Pizza Ristorante de Salame,Ristorante,emb. 332 gr,"€3,69/un","€11,53/kg"
Massa Folhada,Pasta do Dia,emb. 230 gr,"€2,09/un","€9,09/kg"
Crepes com Chocolate Belga,Continente,emb. 540 gr (6 un),"€3,99/un","€7,39/kg"
Massa de Pizza Fresca Retangular XXL,Continente Fácil & Bom,emb. 550 gr,"€2,59/un","€4,71/kg"
Lasanha Bolonhesa (-30%),Continente Fácil & Bom,emb. 1 kg,"€3,99/un","€3,99/kg"
Hambúrguer de Frango Sem Glúten,Capitão Iglo,"emb. 1,080 kg (18 un)","€14,99/un","€13,88/kg"
Pizza Hawai,Continente Fácil & Bom,emb. 355 gr,"€2,19/un","€6,17/kg"
Massa Instantânea Chinesa de Camarão,Koka,emb. 85 gr,"€0,70/un","€8,24/kg"
Quadradinhos de Massa Folhada,Pasta do Dia,emb. 300 gr,"€2,39/un","€7,97/kg"
Veggie Bowls de Bulgur e Courgette,Iglo Green Cuisine,emb. 350 gr,"€3,99/un","€11,40/kg"
Massa Fresca para Pizza,Pasta do Dia,emb. 230 gr,"€2,39/un","€10,39/kg"
Pizza Ristorante de Cogumelos,Ristorante,emb. 380 gr,"€3,69/un","€10,11/kg"
"Puré de Maçã, Morango e Banana",Pom'Bel,emb. 4 x 100 gr,"€2,25/un","€5,63/kg"
Bacalhau Espiritual,Continente Fácil & Bom,emb. 300 gr,"€2,99/un","€9,97/kg"
Sumo Pera e Maçã,Alitec,emb. 1.5 Lt,"€3,29/un","€2,19/lt"
Pizza Ristorante de Frango,Ristorante,emb. 375 gr,"€3,69/un","€10,39/kg"
Lasanha à Bolonhesa,Rana,emb. 350 gr,"€3,49/un","€9,97/kg"
Sumo Maçã e Framboesa,Alitec,"emb. 1,50 lt","€3,29/un","€2,19/lt"
Sopa de Brócolos,Go Natural,emb. 800 ml,"€2,99/un",
Tortilha de Batata com Cebola,Continente Fácil & Bom,emb. 500 gr,"€2,29/un","€4,58/kg"
Empada de Vitela,Continente,Quant. Mínima = 4 un,"€0,99/un","€12,38/kg"
Tofu Olive Biológico,Taifun,emb. 200 gr,"€3,35/un","€16,75/kg"
Salada Clássica,Continente,emb. 175 gr,"€1,19/un","€6,80/kg"
Sumo Maçã e Pera com Canela,Autêntico,emb. 75 cl,"€1,79/un","€2,39/lt"
Massa Instantânea Chinesa de Galinha,Koka,emb. 85 gr,"€0,70/un","€8,24/kg"
Arroz de Pato,Continente Fácil & Bom,emb. 800 gr,"€6,99/un","€8,74/kg"
Húmus Clássico,Continente Fácil & Bom,emb. 180 gr,"€1,55/un","€8,61/kg"
Tofu Refrigerado Biológico,Seara,emb. 250 gr,"€1,99/un","€7,96/kg"
Tofu Fumado Biológico,Joya,emb. 200 gr,"€2,89/un","€14,45/kg"
Sumo Laranja Natural,Continente,emb. 1 lt,"€3,99/un","€3,99/lt"
Mini Hambúrguer de Bovino Kids,Continente Fácil & Bom,emb. 400 gr (8 un),"€4,49/un","€11,23/kg"
Pão de Queijo,Continente,Quant. Mínima = 6 un,"€0,12/un","€5,45/kg"
Sopa de Tomate,Go Natural,emb. 400 gr,"€2,19/un","€5,48/lt"
Paella à Valenciana,Continente Fácil & Bom,emb. 250 gr,"€2,99/un","€11,96/kg"
Bacalhau à Brás,Iglo,emb. 300 gr,"€6,69/un","€22,30/kg"
Hambúrguer de Aves com Queijo Gouda,Continente Fácil & Bom,emb. 250 gr (2 un),"€2,29/un","€9,16/kg"
Hambúrguer de Frango sem Glúten,Capitão Iglo,emb. 480 gr (8 un),"€14,99/un","€31,23/kg"
Massa Fresca para Pizza,Continente Fácil & Bom,emb. 280 gr,"€0,99/un","€3,54/kg"
Tortelloni Fresco com Queijo,Continente Fácil & Bom,emb. 250 gr,"€1,69/un","€6,76/kg"
Noodles Atração de Queijo,Knorr,emb. 70 gr,"€1,39/un","€22,79/kg"
Feijoada de Chocos,Continente Fácil & Bom,emb. 300 gr,"€2,99/un","€9,97/kg"
Salada Formosa,Vitacress,emb. 150 gr,"€1,99/un","€13,27/kg"
Massa Quebrada,Pasta do Dia,emb. 230 gr,"€2,09/un","€9,09/kg"
Creme de Legumes,Continente Fácil & Bom,emb. 800 gr,"€1,99/un","€2,49/kg"
Sumo 100% Laranja sem Polpa,Andros,"emb. 1,5 lt","€5,59/un","€3,73/lt"
Pizza Massa Fina Gran Pepperoni,Iglo,emb. 524 gr,"€7,89/un","€15,06/kg"
Lasanha Bolonhesa,Continente Fácil & Bom,emb. 400 gr,"€2,29/un","€5,73/kg"
Pizza de Atum,Continente Fácil & Bom,emb. 350 gr,"€2,19/un","€6,26/kg"
Pasta Carbonara Pot,Knorr,emb. 62 gr,"€2,15/un","€34,68/kg"
Bacalhau com Espinafres e Crosta de Broa,Continente,Quant. Mínima= 280 gr,"€11,39/kg","€3,19/un"
Massa Esparguete à Bolonhesa,Continente,emb. 160 gr,"€1,49/un","€9,31/kg"
Tortellini Fresco de Boletus Edulis,Rana,emb. 250 gr,"€3,69/un","€14,76/kg"
"Sumo Maçã, Pepino, Espinafres, Aipo Limão e Gengibre",Go Natural,emb. 75 cl,"€3,99/un","€5,32/lt"
Empada de Requeijão e Legumes,Continente,Quant. Mínima = 2 un,"€1,99/un","€9,95/kg"
Sobremesa Soja e Baunilha,Alpro,emb. 500 gr (4 un),"€2,89/un","€5,78/kg"
Empadão de Carne Gratinado,Continente Fácil & Bom,emb. 350 gr,"€2,79/un","€7,97/kg"
Sumo Limonada com Hortelã,Autêntico,emb. 75 cl,"€1,39/un","€1,85/lt"
Húmus Beterraba,Continente Fácil & Bom,emb. 180 gr,"€1,55/un","€8,61/kg"
Pizza Ristorante Carbonara,Ristorante,emb. 340 gr,"€3,69/un","€10,85/kg"
"Sumo Maçã, Goiaba e Lima",Innocent,emb. 33 cl,"€1,56/un","€4,73/lt"
Salada Lollo e Tango,Continente,emb. 150 gr,"€1,39/un","€9,27/kg"
Strogonoff de Peru com Cogumelos,Continente Fácil & Bom,emb. 350 gr,"€2,99/un","€8,54/kg"
Tofu Fumado Biológico,Taifun,emb. 200 gr,"€2,99/un","€14,95/kg"
Sopa de Brócolos,Go Natural,emb. 400 ml,"€1,99/un",
"Sumo Maçã, Laranja e Pêssego",Continente,emb. 75 cl,"€2,99/un","€3,99/lt"
Crepes Simples,Continente,emb. 1 kg (16 un),"€3,99/un","€3,99/kg"
Pizza Massa Fina Pepperoni,Iglo,emb. 332 gr,"€4,99/un","€15,03/kg"
Folhas Frescas para Lasanha,Rana,emb. 250 gr,"€2,69/un","€10,76/kg"
Massa Instantânea Chinesa de Legumes,Koka,emb. 85 gr,"€0,70/un","€8,24/kg"
"Sopa Cenoura, Abóbora e Gengibre Biológica",Go Natural,emb. 400 ml,"€2,29/un","€5,73/un"
Natilhas de Baunilha,Continente,emb. 500 gr (4 un),"€1,09/un","€2,18/kg"
Pizza Massa Fina Fiambre e Queijo,Iglo,emb. 351 gr,"€4,99/un","€14,22/kg"
Noodles Tentação de Galinha,Knorr,emb. 61 gr,"€1,39/un","€22,79/kg"
Salada Gourmet,Continente,emb. 175 gr,"€1,29/un","€7,37/kg"
Húmus Oriental,Continente Fácil & Bom,emb. 180 gr,"€1,55/un","€8,61/kg"
Pasta Tomate e Mozzarella Pot,Knorr,emb. 72 gr,"€2,15/un","€29,86/kg"
Pasta Cogumelos Pot,Knorr,emb. 70 gr,"€2,15/un","€30,71/kg"
Sumo Gengibre Ananás,Sonatural,emb. 75 cl,"€3,99/un","€5,32/lt"
Linguini de Camarão e Pesto de Manjericão,Go Natural,emb. 300 gr,"€4,79/un","€15,97/kg"
Frango Teriyaki com Arroz Basmati,Continente Fácil & Bom,emb. 350 gr,"€3,29/un","€9,40/kg"
Empada de Galinha,Continente,Quant. Mínima = 4 un,"€0,99/un","€12,38/kg"
Salada da Terra,Vitacress,emb. 150 gr,"€1,99/un","€13,27/kg"
Girasoli Fresco com Cabra e Mel,Continente Seleção,emb. 250 gr,"€2,49/un","€9,96/kg"
Pasta Mac'n Cheese Pot,Knorr,emb. 62 gr,"€2,15/un","€34,68/kg"
"Sumo Maçã, Morango e Tomilho-Limão",Go Natural,emb. 25 cl,"€1,69/un","€6,76/lt"
Puré Maçã Frutos vermelhos,Pom'Bel,4 x 100 gr,"€2,49/un","€6,23/kg"
Lasanha Bolonhesa,Iglo,emb. 300 gr,"€3,49/un","€11,63/kg"
Feijoada à Brasileira,Continente Fácil & Bom,emb. 300 gr,"€2,99/un","€9,97/kg"
Lasanha Bolonhesa,Continente,emb. 1 kg,"€3,59/un","€3,59/kg"
Lasanha de Bolonhesa,Dunany,emb. 350 gr,"€2,59/un","€7,40/kg"
Massa Folhada Light,Continente Fácil & Bom,emb. 230 gr,"€1,49/un","€6,48/kg"
Queijo Creme Fresco com Salmão para Barrar,Philadelphia,emb. 150 gr,"€2,19/un","€14,60/kg"
Bacalhau à Gomes de Sá,Continente,Quant. Mínima= 250 gr,"€11,99/kg","€3,00/un"
Arroz de Cenoura Pronto a Comer,Continente,emb. 2 x 125 gr,"€1,45/un","€5,80/kg"
Veggie Bowls de Couscous e Edamame,Iglo Green Cuisine,emb. 350 gr,"€3,99/un","€11,40/kg"
Lasanha de Beringela com Tomate e Mozzarella,Rana,emb. 300 gr,"€3,49/un","€11,63/kg"
Pasta Pesto Pot,Knorr,emb. 68 gr,"€2,15/un","€31,62/kg"
Lasanha de Atum,Continente Fácil & Bom,emb. 400 gr,"€2,29/un","€5,73/kg"
Creme de Legumes,Continente Equilíbrio Fácil & Bom,emb. 800 gr,"€1,99/un","€2,49/kg"
Filetes de Pescada,Continente,Quant. Mínima = 250 gr (1 un),"€16,99/kg","€4,25/un"
Massa Instantânea Chinesa de Tomate,Koka,emb. 85 gr,"€0,70/un","€8,24/kg"
Sumo 100% Maçã,Andros,emb. 1 lt,"€3,99/un","€3,99/lt"
Folhas Frescas para Lasanha,Pasta do Dia,emb. 250 gr,"€2,39/un","€9,56/kg"
Pasta Bolonhesa Pot,Knorr,emb. 68 gr,"€2,15/un","€31,62/kg"
Lasanha de Ricotta e Espinafres,Rana,emb. 350 gr,"€3,49/un","€9,97/kg"
Empanadilha Criolla de Frango,Continente,Quant. Mínima = 2 un,"€0,89/un","€8,90/kg"
Massa Instantânea Chinesa de Cogumelos,Koka,emb. 85 gr,"€0,70/un","€8,24/kg"
Mini Croquetes Carne para Forno,Continente Fácil & Bom,emb. 600 gr,"€5,99/un","€9,98/kg"
Empanada de Frango,Continente,Quant. Mínima = 2 un,"€1,09/un","€8,07/kg"
Patanisca de Bacalhau,Continente,Quant. Mínima = 2 un,"€1,35/un","€16,88/kg"
Queijo Fresco Com Alho E Ervas Finas,Boursin,emb. 150 gr,"€2,49/un","€16,60/kg"
Bacalhau com Natas,Continente,emb. 600 gr,"€3,49/un","€5,82/kg"
Lasanha de Frango,Continente Fácil & Bom,emb. 400 gr,"€2,29/un","€5,73/kg"
Empanada de Atum,Ingapan,Quant. Mínima = 2 un,"€1,09/un","€1,09/un"
Creme Catalana,Reina,emb. 206 gr (2 un),"€1,96/un","€9,51/kg"
Bacalhau com Natas Gratinado,Continente Fácil & Bom,emb. 800 gr,"€6,99/un","€8,74/kg"
Creme Brulée,Continente,emb. 200 gr (2 un),"€1,79/un","€8,95/kg"
Risotto de Cogumelos,Continente,emb. 280 gr,"€2,99/un","€10,68/kg"
Bacalhau à Brás,Continente Fácil & Bom,emb. 250 gr,"€2,99/un","€11,96/kg"
Arroz Integral Pronto a Comer,Cigala,emb. 2 x 125 gr,"€1,39/un","€5,56/kg"
Pizza Marguerita,Continente Seleção,emb. 350 gr,"€3,29/un","€9,40/kg"
Sopa de Abóbora,Go Natural,emb. 400 gr,"€1,99/un","€4,98/lt"
Seitan Refrigerado,Seara,emb. 250 gr,"€1,99/un","€7,96/kg"
Lombo de Porco Assado,Afonso Leitões,emb. 400 gr,"€4,99/un","€12,48/kg"
Massa Fusilli Parmesana,Continente,emb. 150 gr,"€1,49/un","€9,93/kg"
Lasanha Cogumelos e Fiambre com Mozzarella,Rana,emb. 350 gr,"€3,49/un","€9,97/kg"
Bacalhau Espiritual,Continente,Quant. Mínima= 250 gr,"€11,99/kg","€3,00/un"
Sopa de Abóbora,Go Natural,emb. 800 ml,"€2,99/un","€3,74/lt"
Sopa de Cenoura,Go Natural,emb. 400 gr,"€1,99/un","€4,98/lt"
Lasanha de Espinafres e Ricotta,Continente Fácil & Bom,emb. 400 gr,"€2,29/un","€5,73/kg"
Massa Instantânea de Camarão Pot,Koala,emb. 65 gr,"€1,09/un","€16,77/kg"
"Néctar Maçã, Manga e Laranja",Go Natural,emb. 25 cl,"€1,99/un",
"Smoothie Tangerina, Cenoura, Maçã, Gengibre e Sementes de Linhaça",Innocent,emb. 30 cl,"€1,71/un","€5,70/lt"
Hambúrgueres,Capitão Iglo,emb. 640 gr (8 un),"€14,99/un","€23,42/kg"
Cannellonis à Bolonhesa,Continente Fácil & Bom,emb. 1 kg,"€5,29/un","€5,29/kg"
Empada de Galinha,Solara,Quant. Mínima = 2 un,"€2,39/un","€11,95/kg"
Seitan Biológico,Seara,emb. 500 gr,"€2,59/un","€5,18/kg"
Creme de Curgete com Espinafres sem Batata,Continente Equilíbrio Fácil & Bom,emb. 400 gr,"€1,29/un","€3,23/kg"
"Sumo Maçã, Ananás, Framboesa, Romã e Açaí",Go Natural,emb. 25 cl,"€1,99/un","€7,96/lt"
Hambúrguer de Porco com Queijo Gouda,Continente Fácil & Bom,emb. 250 gr (2 un),"€2,29/un","€9,16/kg"
Sopa de Cenoura,Go Natural,emb. 800 ml,"€2,99/un","€3,74/lt"
Limonada de Manjericão,Go Natural,emb. 25 cl,"€1,69/un",
Falafel,Iglo Green Cuisine,emb. 450 gr (26 un),"€6,69/un","€14,87/kg"
Bacalhau com Natas Gratinado,Continente Fácil & Bom,emb. 250 gr,"€2,99/un","€11,96/kg"
Salada Suprema,Vitacress,emb. 225 gr,"€3,19/un","€14,18/kg"
Sumo Tutti Frutti,Innocent,emb. 90 cl,"€2,16/un","€2,40/lt"
Bulgur com Legumes Assados e Camarão,Continente Fácil & Bom,emb. 350 gr,"€3,99/un","€11,40/kg"
Hambúrguer 100% Carne de Novilho Angus,Continente Seleção,emb. 300 gr (2 un),"€3,59/un","€11,97/kg"
Tagliatelle Fresca com Ovo,Rana,emb. 250 gr,"€1,69/un","€6,76/kg"
Creme Alentejano,Moira,emb. 400 gr,"€1,39/un","€3,48/kg"
Noodles Hot Bacon,Knorr,emb. 63 gr,"€1,39/un","€22,06/kg"
Hambúrguer Cenoura e Algas Biológicas,Cem Porcento,emb. 150 gr,"€3,49/un","€21,81/kg"
Toucinho do Céu,Continente,emb. 2 x 100 gr,"€1,09/un","€5,45/kg"
Natas do Céu,Continente,emb. 180 gr (2 un),"€1,69/un","€9,39/kg"
Massa de Pizza Fresca Estilo Americano,Continente Fácil & Bom,emb. 550 gr,"€2,59/un","€4,71/kg"
Sumo 100% Toranja,Andros,emb. 1 lt,"€3,99/un","€3,99/lt"
Pizza Fresca de Presunto e Cogumelos,Megic,emb. 430 gr,"€4,29/un","€9,98/kg"
Bacalhau à Brás,Continente,emb. 300 gr,"€2,29/un","€7,63/kg"
Arroz Integral com Quinoa Pronto a Comer,Cigala,emb. 2 x 125 gr,"€1,39/un","€5,56/kg"
Sumo Frutos Vermelhos,Autêntico,emb. 75 cl,"€1,49/un","€1,99/lt"
Mini Hambúrgueres de Beterraba,Iglo Green Cuisine,emb. 270 gr (6 un),"€3,99/un","€14,78/kg"
Arroz Branco,Continente,Quant. Mínima= 300 gr,"€3,49/kg","€1,05/un"
Miniburgers de Batata Doce,Iglo Green Cuisine,emb. 270 gr (6 un),"€3,99/un","€14,78/kg"
Puré de Batata Cebola e Bacon Pot Pronto a Comer,Knorr,emb. 51 gr,"€2,15/un","€42,16/kg"
Sopa de Legumes,Continente Fácil & Bom,emb. 400 gr,"€1,29/un","€3,23/kg"
Pizza Ristorante de Salame sem Glúten,Ristorante,emb. 315 gr,"€3,99/un","€12,67/kg"
Massa Instantânea de Galinha Pot,Koala,emb. 65 gr,"€1,09/un","€16,77/kg"
Coxinha de Frango,Continente,Quant. Mínima = 3 un,"€0,79/un","€10,13/kg"
Arroz Agulha Pronto a Comer,Continente,emb. 2 x 125 gr,"€1,45/un","€5,80/kg"
Queijo Creme Fresco Trufa para Barrar,Philadelphia,emb. 150 gr,"€2,19/un","€14,60/kg"
Noodles de Camarão,Continente,emb. 70 gr,"€0,54/un","€7,71/kg"
Baba de Camelo,Continente Fácil & Bom,emb. 85 gr,"€1,09/un","€12,82/kg"
Smoothie Manga e Maracujá,Innocent,emb. 25 cl,"€1,49/un","€5,96/lt"
Tiramisu,Continente,emb. 160 gr (2 un),"€1,49/un","€9,31/kg"
Lombo de Porco Assado Fatiado com Molho à Portuguesa,Continente,Quant. Mínima= 250 gr,"€17,29/kg","€4,32/un"
Crepes de Maçã e Canela,Continente,emb. 540 gr (6 un),"€3,99/un","€7,39/kg"
Tofu Natural Biológico,Taifun,emb. 200 gr,"€1,99/un","€9,95/kg"
Hambúrguer de Frango,Continente,emb. 420 gr (6 un),"€3,49/un","€8,31/kg"
Almôndegas com Molho de Tomate,Continente,Quant. Mínima= 250 gr,"€10,99/kg","€2,75/un"
Hambúrguer de Bovino,Continente,emb. 1 kg (10 un),"€7,99/un","€7,99/kg"
Hambúrguer de Bovino Alto,Continente,emb. 1 kg (8 un),"€8,99/un","€8,99/kg"
Pizza Fresca de Fiambre e Queijo,Campofrio,emb. 360 gr,"€2,69/un","€7,47/kg"
Sumo Melancia Hortelã,Sonatural,emb. 75 cl,"€3,67/un","€4,89/lt"
"Hambúrguers de Couve Flor, Mozzarella e Tomate Seco",Iglo Green Cuisine,emb. 227 gr (2 un),"€3,99/un","€17,58/kg"
Massa Instantânea de Carne Pot,Koala,emb. 65 gr,"€1,09/un","€16,77/kg"
Pizza Fresca de 4 Queijos,Megic,emb. 430 gr,"€4,29/un","€9,98/kg"
Noodles de Galinha Banzai,Cigala,emb. 67 gr,"€1,19/un","€17,76/kg"
Creme de Coentros,Continente Equilíbrio Fácil & Bom,emb. 250 gr,"€1,00/un","€4,00/kg"
Noodles de Frango,Continente,emb. 70 gr,"€0,54/un","€7,71/kg"
Hambúrguer de Proteína Vegetal,Iglo Green Cuisine,emb. 200 gr (2 un),"€3,99/un","€19,95/kg"
Petit Gâteau de Chocolate Negro,Continente,emb. 320 gr (4 un),"€3,29/un","€10,28/kg"
Empada de Salmão e Espinafres,Continente,Quant. Mínima = 4 un,"€0,99/un","€12,38/kg"
Arroz de Pato,Continente,Quant. Mínima= 300 gr,"€11,99/kg","€3,60/un"
Bacalhau com Natas,Continente,emb. 350 gr,"€2,29/un","€6,54/kg"
Hambúrguer de Caril,Veg In,emb. 160 gr (2 un),"€3,39/un","€21,19/kg"
Creme de Cenoura,Continente Fácil & Bom,emb. 250 gr,"€1,00/un","€4,00/kg"
Massa Instantânea Chinesa de Caril,Koka,emb. 85 gr,"€0,70/un","€8,24/kg"
Pizza Ristorante de Mozzarella sem Glúten,Ristorante,emb. 370 gr,"€3,99/un","€10,78/kg"
Hambúrguer de Porco,Continente Fácil & Bom,emb. 480 gr (4 un),"€2,99/un","€6,23/kg"
Gnocchi Fresco,Rana,emb. 500 gr,"€2,69/un","€5,38/kg"
Pastel de Bacalhau,Continente,Quant. Mínima = 3 un,"€0,79/un","€16,12/kg"
Profiteroles,Continente,emb. 180 gr (2 un),"€1,49/un","€8,28/kg"
Tagliatelle à Carbonara,Continente Fácil & Bom,emb. 300 gr,"€2,99/un","€9,97/kg"
Gnocchi 4 Queijos,Rana,emb. 280 gr,"€2,69/un","€9,61/kg"
Guacamole Spicy,Native,emb. 150 gr,"€2,29/un","€15,27/kg"
Tofu Fumado Refrigerado Biológico,Seara,emb. 250 gr,"€3,49/un","€13,96/kg"
Spaghetti,Rana,emb. 250 gr,"€1,69/un","€6,76/kg"
Hambúrguer de Frango Sem Glúten,Capitão Iglo,emb. 240 gr (4 un),"€7,99/un","€33,29/kg"
Asia Noodles Pot,Knorr,emb. 65 gr,"€2,15/un","€33,08/kg"
Esparguete com Ovo,Continente Fácil & Bom,emb. 250 gr,"€0,89/un","€3,56/kg"
Hambúrguer Vegetariano de Beringela,Nobre Vegalia,emb. 160 gr (2 un),"€3,49/un","€21,81/kg"
Flan de Chocolate,Reina,emb. 6 x 100 gr,"€2,09/un","€3,48/kg"
Sumo Laranja Natural,Continente,emb. 50 cl,"€2,29/un","€4,58/lt"
Guacamole,Native,emb. 150 gr,"€1,79/un","€11,93/kg"
Croquete de Frango com Alho Francês,Solara,Quant. Mínima = 3 un,"€0,79/un","€17,56/kg"
Batata Frita Rodelas Grossas,Jerónimo Valente,emb. 120 gr,"€1,25/un","€10,42/kg"
Tortellini Fresco com Presunto,Continente Fácil & Bom,emb. 250 gr,"€1,69/un","€6,76/kg"
Pizza Marguerita,Continente,emb. 300 gr,"€1,19/un","€3,97/kg"
Tortelloni Fresco com Ricotta e Espinafres,Continente Fácil & Bom,emb. 250 gr,"€1,69/un","€6,76/kg"
Pizza Casa di Mama de Salame,Casa Di Mama,emb. 405 gr,"€5,49/un","€14,08/kg"
Massa para Croissant,Continente Fácil & Bom,emb. 400 gr,"€1,99/un","€4,98/kg"
Pizza Fresca de 4 Queijos,Campofrio,emb. 365 gr,"€2,69/un","€7,37/kg"
Hambúrguer de Azeitona Preta,Veg In,emb. 160 gr (2 un),"€3,39/un","€21,19/kg"
Massa Macarrão com Molho de Queijo,Continente,emb. 150 gr,"€1,49/un","€9,93/kg"
Veggie Hambúrgueres,Iglo Green Cuisine,emb. 250 gr (2 un),"€3,99/un","€15,96/kg"
Desfiado pato com Calda,Quinta da Marinha,emb. 600 gr,"€9,99/un","€16,65/kg"
Bacalhau com Natas,Continente,Quant. Mínima= 300 gr,"€11,99/kg","€3,60/un"
Baguete de Alho,Continente,emb. 175 gr,"€0,79/un","€4,65/kg"
Wrap de Trigo,Koala,emb. 370 gr (6 un),"€2,01/un","€5,43/kg"
Tortellinni com Ricotta e Espinafres,Knorr,emb. 250 gr,"€3,69/un","€14,76/kg"
Fishburger de Pescada,Pescanova,emb. 300 gr (4 un),"€4,19/un","€13,97/kg"
Hambúrguer de Peru,Continente,emb. 420 gr (6 un),"€3,99/un","€9,50/kg"
"Sumo Maçã, Laranja e Cenoura",Autêntico,emb. 33 cl,"€0,89/un","€2,70/lt"
Sopa de Peixe,Continente Fácil & Bom,emb. 400 gr,"€1,99/un","€4,98/kg"
"Sopa de Feijão, Tomate e Pesto",Go Natural,emb. 400 ml,"€1,99/un",
Serradura,Continente,emb. 170 gr (2 un),"€1,69/un","€9,94/kg"
Profiteroles com Caramelo Salgado,Continente Seleção,emb. 240 gr,"€2,99/un","€12,46/un"
Kit Tagliolini com Cogumelos,Rana,emb. 407 gr,"€4,59/un","€12,41/kg"
Cannellonis Ricotta e Espinafres,Continente,emb. 300 gr,"€1,69/un","€5,63/kg"
Chamuças,Continente,Quant. Mínima = 3 un,"€0,79/un","€19,75/kg"
Arroz Árabe,Continente,Quant. Mínima = 250 gr,"€4,99/kg","€1,25/un"
Crispy Hambúrgueres de Proteína Vegetal,Iglo Green Cuisine,emb. 200 gr (2 un),"€3,99/un","€19,95/kg"
Gnocchi com Molho de Tomate e Espinafres,Continente Fácil & Bom,emb. 500 gr,"€3,49/un","€6,98/kg"
Creme de Espinafres e Brócolos,Continente Equilíbrio Fácil & Bom,emb. 400 gr,"€1,29/un","€3,23/kg"
Pizza Carbonara,Continente,emb. 340 gr,"€2,19/un","€6,44/kg"
Seitan Biológico,Continente Bio,emb. 350 gr,"€2,99/un","€8,54/kg"
Noodles Chili Soba,Nissin,emb. 111 gr,"€1,69/un","€15,23/kg"
Mini Pastel de Bacalhau,Continente,Quant. Mínima = 6 un,"€0,39/un","€15,60/kg"
Tortellini de Carne,Knorr,emb. 250 gr,"€3,69/un","€14,76/kg"
Chili Vegetariano com Arroz Selvagem,Go Natural,emb. 300 gr,"€3,99/un","€12,09/kg"
Base de Pato Desfiado,Continente Fácil & Bom,emb. 400 gr,"€3,99/un","€9,98/kg"
Hambúrguer Indiano Vegetal,Sojasun,emb. 200 gr (2 un),"€4,19/un","€20,95/kg"
Arroz à Valenciana,Continente,Quant. Mínima= 250 gr,"€11,39/kg","€2,85/un"
Pizza Forno Di Pietra Fiambre e Cogumelos,Buitoni Forno di Pietra,emb. 340 gr,"€4,25/un","€12,50/kg"
Noodles Yakitori Galinha Soba Pot,Nissin,emb. 90 gr,"€2,39/un","€26,85/kg"
Creme de Curgete,Continente Equilíbrio Fácil & Bom,emb. 250 gr,"€1,00/un","€4,00/kg"
Quinoa Branca e Vermelha Pronto a Comer,Cigala,emb. 125 gr,"€0,95/un","€7,60/kg"
Gratinado de Bacalhau com Batata Doce,Go Natural,emb. 300 gr,"€4,69/un","€15,63/kg"
Salada Campestre,Continente Seleção,emb. 150 gr,"€1,99/un","€13,27/kg"
"Pizza Fresca de Carne, Mozzarella, Pimento e Barbecue",Campofrio,emb. 410 gr,"€2,69/un","€6,56/kg"
Hambúrguer Salsa e Tomate Vegetal,Sojasun,emb. 200 gr (2 un),"€4,19/un","€20,95/kg"
Cannellonis à Bolonhesa,Dunany,emb. 350 gr,"€3,79/un","€10,83/kg"
Crepes com Doce de Ovos,Continente,emb. 540 gr (6 un),"€3,99/un","€7,39/kg"
Mini Rissóis de Carne Pré-Fritos,Continente Fácil & Bom,emb. 600 gr,"€5,99/un","€9,98/kg"
Tofu com Amêndoa e Sésamo Biológico,Taifun,emb. 200 gr,"€3,35/un","€16,75/un"
Chili Sin Carne com Proteína Vegetal,Iglo Green Cuisine,emb. 400 gr,"€6,69/un","€16,73/kg"
Mini Croquete de Carne,Continente,Quant. Mínima = 6 un,"€0,39/un","€19,50/kg"
Mini Quiche de Queijo e Fiambre,Continente,Quant. Mínima = 2 un,"€1,29/un","€10,75/kg"
Hambúrguer de Espinafres,Veg In,emb. 160 gr (2 un),"€3,39/un","€21,19/kg"
Rissóis de Leitão,Continente,Quant. Mínima = 2 un,"€0,89/un","€9,89/kg"
Kit Tagliatelle de Carbonara,Rana,emb. 408 gr,"€4,59/un","€12,41/kg"
Natilhas com Bolacha Maria,Continente,emb. 4 x 125 gr,"€1,29/un","€2,58/kg"
Hambúrguer de Cogumelos,Veg In,emb. 160 gr (2 un),"€3,39/un","€21,19/kg"
Tortellini de Queijo,Knorr,emb. 250 gr,"€3,69/un","€14,76/kg"
Baguete de Tomate com Manjericão,Continente,emb. 350 gr (2 un),"€1,49/un","€4,26/kg"
Pizza Forno Di Pietra Caprese,Buitoni Forno di Pietra,emb. 350 gr,"€4,25/un","€12,14/kg"
Noodles de Carne Banzai,Cigala,emb. 67 gr,"€1,19/un","€17,76/kg"
Ovos Cozidos,Continente,emb. 4 un,"€1,29/un","€1,29/un"
"Creme de Cenoura, Hortelã e Gengibre",Continente Equilíbrio Fácil & Bom,emb. 800 gr,"€1,99/un","€2,49/kg"
Pizza Forno Di Pietra de Fiambre e Queijo,Buitoni Forno di Pietra,emb. 350 gr,"€4,25/un","€12,14/kg"
Salada Italiana,Vitacress,emb. 312 gr,"€3,49/un","€11,19/kg"
Mini Rissóis e Croquetes de Carne Pré-Fritos,Continente Fácil & Bom,emb. 600 gr,"€6,99/un","€11,65/kg"
Pizza Forno Di Pietra Hawai,Buitoni Forno di Pietra,emb. 380 gr,"€4,25/un","€11,18/kg"
Kit Tagliatelle de Bolonhesa,Rana,emb. 408 gr,"€4,59/un","€11,25/kg"
Wrap Cereais com Sementes,Koala,emb. 320 gr (8 un),"€1,94/un","€6,06/kg"
Noodles de Camarão,Nissin,emb. 63 gr,"€1,79/un","€28,41/kg"
Salada Sublime,Continente Seleção,emb. 150 gr,"€1,99/un","€13,27/kg"
Tiras Braseadas Proteína Vegetal,Garden Gourmet,emb. 175 gr (25 un),"€3,19/un","€18,23/kg"
Croquete de Espinafres,Continente,Quant. Mínima = 3 un,"€0,79/un","€16,46/kg"
Ravioli Frescos com Carne,Continente Fácil & Bom,emb. 250 gr,"€1,69/un","€6,76/kg"
"Salada Couscous, Lentilhas E Hortelã",Snock,emb. 200 gr,"€1,69/un","€8,45/kg"
Massa Tallarine à Carbonara,Continente,emb. 150 gr,"€1,49/un","€9,93/kg"
Salada de Bacon com Frutos Secos,Sun&Vegs,emb. 192 gr,"€2,49/un","€12,97/kg"
Massa Instantânea Masala,Koka,emb. 85 gr,"€0,70/un","€8,24/kg"
Pizza Forno Di Pietra Diavola,Buitoni Forno di Pietra,emb. 340 gr,"€4,25/un","€12,50/kg"
Salada Serrana,Continente Seleção,emb. 150 gr,"€1,99/un","€13,27/kg"
Almôndegas Proteína Vegetal,Garden Gourmet,emb. 200 gr (10 un),"€3,19/un","€15,95/kg"
Sumo Framboesa e Cereja,Innocent,emb. 33 cl,"€1,56/un","€4,73/lt"
"Migas de Grelos com Broa, Bacon e Chouriço",Nordigal,Quant. Mínima = 250 gr,"€6,99/kg","€1,75/un"
Massa Folhada Sem Glúten,Pasta do Dia,emb. 280 gr,"€3,29/un","€11,75/kg"
Lasanha de Frango,Dunany,emb. 350 gr,"€2,99/un","€8,54/kg"
Mini Wrap de Trigo,Koala,emb. 260 gr (12 un),"€1,76/un","€6,77/kg"
Falafel com Cuscus e Legumes,Continente,emb. 500 gr,"€3,49/un","€6,98/kg"
Creme de Curgete sem Batata,Continente Equilíbrio Fácil & Bom,emb. 400 gr,"€1,29/un","€3,23/kg"
"Sopa de Feijão, Tomate e Pesto",Go Natural,emb. 800 ml,"€2,99/un",
Hambúrguer de Vaca,Continente Fácil & Bom,emb. 220 gr (2 un),"€2,29/un","€10,41/kg"
Tofu Natural Biológico,Joya,emb. 250 gr,"€2,89/un","€11,56/kg"
Pizza Forno Di Pietra de 4 Queijos,Buitoni Forno di Pietra,emb. 340 gr,"€4,25/un","€12,50/kg"
Hambúrgueres de Vaca Sem Glúten,Capitão Iglo,emb. 320 gr (4 un),"€7,99/un","€24,97/kg"
Vegan Bites Abóbora & Cenoura,Nobre Vegalia,emb. 160 gr,"€3,49/un","€21,81/kg"
Cheesecake de Frutos Silvestres,Continente Fácil & Bom,emb. 75 gr,"€1,09/un","€14,53/kg"
Pizza Massa Fina Gran Formaggio,Iglo,emb. 555 gr,"€7,89/un","€14,22/kg"
Creme de Legumes,Moira,emb. 400 gr,"€1,39/un","€3,48/kg"
Batata Frita Lisa Rodela Grossa Sabor Orégãos,Jerónimo Valente,emb. 120 gr,"€1,25/un","€10,42/kg"
Massa Esparguete à Carbonara,Continente,emb. 160 gr,"€1,49/un","€9,31/kg"
Sumo Laranja sem Polpa,Autêntico,emb. 33 cl,"€0,78/un","€2,36/lt"
Sandes Delícias do Mar,Continente Fácil & Bom,emb. 180 gr (2 un),"€1,85/un","€10,28/kg"
Petit Gâteau de Caramelo Salgado,Continente,emb. 320 gr (4 un),"€3,29/un","€10,28/kg"
Hambúrguer de Tofu e Cogumelos,Cem Porcento,emb. 150 gr,"€3,49/un","€21,81/kg"
Empadão de Carne,Continente,emb. 350 gr,"€2,69/un","€7,69/kg"
Tiras Marinadas de Proteína Vegetal,Garden Gourmet,emb. 160 gr,"€3,99/un","€24,94/kg"
Massa para Empada,Pasta do Dia,emb. 280 gr,"€2,49/un","€8,89/kg"
Sumo Tropical,Innocent,emb. 90 cl,"€2,16/un","€2,40/lt"
Arroz Xau-Xau,Continente,Quant. Mínima = 250 gr,"€3,99/kg","€1,00/un"
Wrap de Trigo,Koala,emb. 320 gr (8 un),"€1,94/un","€6,06/kg"
Massa Pizza Retangular 100% Farinha de Espelta,Continente Fácil & Bom,emb. 400 gr,"€2,59/un","€6,48/kg"
Pastéis de Chaves IGP,Continente Seleção,emb. 360 gr (4 un),"€3,99/un","€11,08/kg"
Salada Caesar,Sun&Vegs,emb. 210 gr,"€2,49/un","€11,86/kg"
Escalopes Crocantes Vegan,Vivera,emb. 200 gr (2 un),"€3,99/un","€3,99/un"
Almôndegas Vegetarianas com Tomate,Revolugreen,emb. 250 gr,"€3,55/un","€3,55/un"
Pudim Flan de Café,Reina,emb. 400 gr (4 un),"€2,34/un","€5,85/kg"
Escalope Vegetariano,Nobre Vegalia,emb. 160 gr (2 un),"€3,49/un","€21,81/kg"
"Sumo Maçã, Pera e Pepino",Innocent,emb. 33 cl,"€1,56/un","€4,73/lt"
Hambúrguer Powered By Plants,Continente,emb. 160 gr (2 un),"€2,69/un","€16,81/kg"
Demae Ramen de Galinha,Nissin,emb. 100 gr,"€1,49/un","€14,90/kg"
Hambúrgueres de Vaca e Queijo Sem Glúten,Iglo Take Away,emb. 200 gr (2 un),"€4,99/un","€24,95/kg"
Hambúrguer de Soja com Aveia,Cem Porcento,emb. 150 gr,"€3,49/un","€21,81/kg"
Massa Quebrada Sem Glúten,Pasta do Dia,emb. 280 gr,"€3,29/un","€11,75/kg"
Molho Tzatziki,Continente Fácil & Bom,emb. 180 gr,"€1,99/un","€11,06/kg"
Salada Americana,Vitacress,emb. 215 gr,"€3,69/un","€17,16/kg"
Nuggets Vegan com Especiarias,Vivera,emb. 200 gr (4 un),"€3,99/un","€3,99/un"
Esparguete à Bolonhesa,Continente,Quant. Mínima= 300 gr,"€10,99/kg","€3,30/un"
Noodles Clássico Soba,Nissin,emb. 90 gr,"€2,39/un","€26,56/kg"
Massa Folhada Amanteigada,Continente Fácil & Bom,emb. 280 gr,"€1,39/un","€5,15/kg"
Flautas de Frango e dois Queijos,El Chefe en Casa,emb. 220 gr (2 un),"€2,29/un","€10,41/kg"
Massa Fusilli com Pesto,Continente,emb. 150 gr,"€1,49/un","€9,93/kg"
Noodles Teriyaki Soba Pot,Nissin,emb. 90 gr,"€2,39/un","€26,56/kg"
"Sumo Laranja, Cenoura, Beterraba, Maçã e Limão",Go Natural,emb. 75 cl,"€3,99/un",
Pizza Fresca Carbonara,Campofrio,emb. 360 gr,"€2,69/un","€7,47/kg"
Mini Rissol de Camarão,Continente,Quant. Mínima = 6 un,"€0,39/un","€17,73/kg"
Hambúrguer Barbecue Vegetal,Sojasun,emb. 200 gr (2 un),"€4,19/un","€20,95/kg"
Noodles de Vitela,Nissin,emb. 64 gr,"€1,79/un","€27,97/kg"
Sandes de Atum e Ovo,Continente Fácil & Bom,emb. 175 gr (2 un),"€1,85/un","€10,57/kg"
Salada Mista Familiar,Sun&Vegs,emb. 300 gr,"€2,49/un","€8,30/kg"
Pasta de Atum,Derovo,emb. 250 gr,"€2,49/un","€9,96/kg"
Crepes de Creme de Pastel de Nata,Continente,emb. 540 gr (6 un),"€3,99/un","€7,39/kg"
Sumo Maçã e Manga,Autêntico,emb. 33 cl,"€0,99/un","€3,00/lt"
Kit Risotto Cogumelos,Rana,emb. 362 gr,"€4,59/un","€12,68/kg"
Pizza Fiambre e Cogumelos,Buitoni Bella Napoli,emb. 415 gr,"€5,49/un","€13,23/kg"
Noodles Galinha Soba,Nissin,emb. 63 gr,"€1,79/un","€28,41/kg"
Pizza La Mia Grande 4 Formaggi,La Mia Grande,emb. 400 gr,"€6,29/un","€15,73/kg"
"Sumo Maçã, Pepino, Espinafres, Aipo Limão e Gengibre",Go Natural,emb. 25 cl,"€1,99/un","€7,96/lt"
Fingers de Soja,Sojasun,emb. 175 gr (6 un),"€4,59/un","€26,23/kg"
Hambúrguer Powered By Plants,Continente Fácil & Bom,emb. 200 gr (2 un),"€3,39/un","€16,95/kg"
Pizza Forno Di Pietra Carbonara,Buitoni Forno di Pietra,emb. 300 gr,"€4,25/un","€12,50/kg"
Salada de Frango com Massa e Rúcula,Sun&Vegs,emb. 320 gr,"€2,69/un","€8,41/kg"
Cheesecake,Continente,emb. 180 gr (2 un),"€1,59/un","€8,83/kg"
Salada Quinoa Real,Vitacress,emb. 248 gr,"€3,49/un","€14,07/kg"
Bocados Mediterrâneos,Revolugreen,emb. 160 gr,"€3,95/un","€3,95/un"
Pastéis Recheados Legumes,Continente Seleção,emb. 360 gr (4 un),"€3,99/un","€11,08/kg"
Wrap de Atum,Continente Fácil & Bom,emb. 190 gr (2 un),"€1,99/un","€10,47/kg"
Gaspacho 100% Natural,Don Simon,emb. 330 ml,"€1,00/un","€3,33/lt"
Ravioli Fresco com Carne,Continente Fácil & Bom,emb. 500 gr,"€2,99/un","€5,98/kg"
Nuggets Proteína Vegetal,Garden Gourmet,emb. 200 gr (14 un),"€3,19/un","€15,95/kg"
Salada de Atum,Sun&Vegs,emb. 257 gr,"€2,49/un","€9,69/kg"
"Smoothie Morango, Cereja, Maçã, Guaraná e Sementes de Linhaça",Innocent,emb. 30 cl,"€1,71/un","€5,70/lt"
Flautas de Bacon e dois Queijos,El Chefe en Casa,emb. 220 gr (2 un),"€2,29/un","€10,41/kg"
Hambúrguer Vegan,Revolugreen,emb. 150 gr (2 un),"€3,35/un","€3,35/un"
Sumo Manga,Natural One,emb. 90 cl,"€3,55/un","€3,94/lt"
Bolonhesa Vegetal,Veg In,emb. 320 gr,"€4,65/un","€14,53/kg"
"Fusilli com Legumes, Molho de Tomate e Frango",Continente Fácil & Bom,emb. 320 gr,"€3,99/un","€12,47/kg"
Salada Quinoa Grão E Caril,Snock,emb. 200 gr,"€1,69/un","€8,45/kg"
Bolo de Limão,Nutriva,emb. 250 gr,"€2,79/un","€9,96/kg"
Hambúrguer Vegetariano com Pimentos Assados,Nobre Vegalia,emb. 160 gr (2 un),"€3,49/un","€21,81/kg"
Hambúrguer Panado Vegan Sabor a Frango,The Vegetarian Butcher,emb. 180 gr,"€4,19/un","€23,28/kg"
Hambúrguer Abóbora,Veg In,emb. 160 gr (2 un),"€3,39/un","€21,19/kg"
Empanadilha Calzone,Ingapan,Quant. Mínima = 2 un,"€1,05/un","€1,05/un"
Wrap Integral,Koala,emb. 320 gr (8 un),"€1,86/un","€5,81/kg"
Francesinha,Continente Fácil & Bom,emb. 500 gr,"€5,49/un","€10,98/kg"
Panados de Vegetais com Cogumelos,Sojasun,emb. 160 gr (2 un),"€4,19/un","€26,19/kg"
Entremeada Assada,Afonso Leitões,emb. 500 gr,"€6,99/un","€13,98/kg"
Profiteroles de Nata,Continente,emb. 330 gr,"€2,69/un","€8,15/kg"
Tofu Natural Biológico,Origens Bio,emb. 300 gr,"€2,79/un","€9,30/kg"
Panado de Espinafres e Queijo Proteína Vegetal,Garden Gourmet,emb. 180 gr (2 un),"€3,19/un","€17,72/kg"
Pedaços Vegan Sabor a Frango,The Vegetarian Butcher,emb. 160 gr,"€4,19/un","€26,19/kg"
Massa Filo,Croustipate,emb. 250 gr,"€3,19/un","€12,76/kg"
Mini Rissóis de Camarão Pré-Fritos,Continente Fácil & Bom,emb. 600 gr,"€5,99/un","€9,98/kg"
Pernil de Porco Slow Cooked,Continente Fácil & Bom,emb. 1 kg,"€6,99/kg","€6,99/un"
Natilhas de Chocolate,Continente,emb. 500 gr (4 un),"€1,29/un","€2,58/kg"
Bolo de Bolacha,Continente,emb. 300 gr,"€2,99/un","€9,97/kg"
Wrap de Frango,Continente Fácil & Bom,emb. 177 gr (2 un),"€1,99/un","€11,24/kg"
Douradinhos Vegan,Vivera,emb. 189 gr (7 un),"€3,99/un","€3,99/un"
Bifes de Soja com Molho Tomate,Cem Porcento,emb. 250 gr,"€4,49/un","€17,96/kg"
Hambúrguer de Cereais com Queijo,Cem Porcento,emb. 160 gr,"€3,49/un","€21,81/kg"
Sumo Abacate,Sonatural,emb. 75 cl,"€3,99/un","€5,32/lt"
Mini Pastéis de Bacalhau e Rissóis de Camarão Pré-Fritos,Continente Fácil & Bom,emb. 600 gr,"€6,99/un","€11,65/kg"
Pizza Forno Di Pietra 4 Estações,Buitoni Forno di Pietra,emb. 335 gr,"€4,25/un","€12,50/kg"
Hambúrguer Goji,Veg In,emb. 160 gr (2 un),"€3,39/un","€21,19/kg"
Pastel de Massa Tenra,Continente,Quant. Mínima = 2 un,"€0,95/un","€11,18/kg"
Sandes de Leitão,Unileitão,1 un,"€2,99/un","€2,99/un"
Noodles Chineses com Frango,Orient Plaza,emb. 800 gr,"€4,49/un","€5,61/kg"
Hambúrguer Vegan Sabor a Carne,The Vegetarian Butcher,emb. 218 gr,"€5,39/un","€24,72/kg"
Hambúrguer Vegetariano de Espinafres,Nobre Vegalia,emb. 160 gr (2 un),"€3,49/un","€21,81/kg"
Sumo Laranja Natural,Continente,emb. 25 cl,"€1,29/un","€5,16/lt"
Pizza Forno Di Pietra de Atum,Buitoni Forno di Pietra,emb. 345 gr,"€4,25/un","€12,32/kg"
Massa Tenra Fresca,Pasta do Dia,emb. 300 gr,"€2,69/un","€8,97/kg"
Falafel de Proteína Vegetal,Garden Gourmet,emb. 190 gr (9 un),"€3,99/un","€21,00/kg"
"Sumo Laranja, Cenoura, Beterraba, Maçã e Limão",Go Natural,emb. 25 cl,"€1,99/un","€7,96/lt"
Lasanha Vegetariana,Continente Equilíbrio,emb. 300 gr,"€2,39/un","€7,97/kg"
Smoothie Beterraba,Sonatural,emb. 75 cl,"€3,19/un","€4,25/lt"
Rosca Serrana,Trigal,emb. 420 gr,"€2,99/un","€7,12/kg"
Frango Assado com molho de Limão,Continente,Quant. Mínima= 950 gr,"€7,49/kg","€7,12/un"
Taboulé Oriental,Continente Fácil & Bom,emb. 500 gr,"€1,99/un","€3,98/kg"
Frango Assado com molho Piri Piri,Continente,Quant. Mínima= 950 gr,"€7,49/kg","€7,12/un"
Burrito Mexicano,Continente,emb. 250 gr (2 un),"€2,29/un","€9,16/kg"
Pasta de Delícias do Mar,Derovo,emb. 250 gr,"€2,49/un","€9,96/kg"
Hambúrguer Sementes,Veg In,emb. 160 gr (2 un),"€3,39/un","€21,19/kg"
Hambúrguer de Frango Biológico,Biologic,emb. 224 gr (2 un),"€4,19/un","€18,71/kg"
Frango Assado sem Molho,Continente,Quant. Mínima= 950 gr,"€7,49/kg","€7,12/un"
Massa Pesto Rosso,Sun&Vegs,emb. 325 gr,"€3,69/un","€11,35/kg"
Perna de Pato Confitada,Quinta da Marinha,emb. 250 gr,"€3,95/un","€15,80/kg"
Pizza Vegana,Revolugreen,emb. 455 gr,"€3,35/un","€3,35/un"
Piadina Mexicana,Continente,Quant. Mínima = 1 un,"€1,09/un","€9,08/kg"
Mini Pastéis de Bacalhau Pré-Fritos,Continente Fácil & Bom,emb. 500 gr,"€5,99/un","€11,98/kg"
Sandes de Frango,Continente Fácil & Bom,emb. 175 gr (2 un),"€1,85/un","€10,57/kg"
"Trigo, Tomate e Manjericão",Natura,emb. 250 gr,"€1,99/un","€7,96/kg"
Sandes de Fiambre e Queijo,Continente Fácil & Bom,emb. 200 gr (2 un),"€1,85/un","€9,25/kg"
Salada Bowl Santa Fe,Sun&Vegs,emb. 200 gr,"€2,69/un","€13,45/kg"
Hambúrguer Clássico de Proteína Vegetal,Garden Gourmet,emb. 150 gr (2 un),"€3,19/un","€21,27/kg"
Lasanha de Curgete e Queijo Provola,Rana,emb. 350 gr,"€3,49/un","€9,97/kg"
"Frango sem Osso Assado com molho de Mostarda, Mel e Amêndoa Torrada",Continente,emb. 240 gr,"€3,99/un","€3,99/un"
Frango sem Osso Assado com molho de Limão,Continente,emb. 240 gr,"€3,99/un","€3,99/un"
Sobremesa com Maçã,Continente Equilíbrio,emb. 125 gr,"€1,29/un","€10,32/kg"
Massa Filo,Continente Fácil & Bom,emb. 120 gr,"€1,99/un","€16,58/kg"
Hambúrguer de Salmão Chili-Limão Panado,Peixe Fácil,emb. 240 gr (2 un),"€3,99/un","€16,63/kg"
Hambúrguer Deluxe de Proteína Vegetal,Garden Gourmet,emb. 180 gr (4 un),"€3,19/un","€17,72/kg"
Quinoa e Lentilhas ao Estilo Mexicano,Natura,emb. 250 gr,"€1,99/un","€7,96/kg"
Sabores do Mediterrâneo,Natura,emb. 250 gr,"€1,99/un","€7,96/kg"
Massa Instantânea Chinesa Ezy Cook,Koka,emb. 375 gr,"€2,63/un","€7,01/kg"
Limonada de Frutos Vermelhos,Go Natural,emb. 25 cl,"€1,99/un",
Massa Instantânea de Arroz Baixo em Gordura,Koka,emb. 330 gr,"€2,68/un","€8,12/kg"
Waffles,Continente,emb. 8 un,"€2,69/un","€0,34/un"
Vuna de Proteína Vegetal,Garden Gourmet,emb. 175 gr,"€5,49/un","€31,37/kg"
Sandes de Presunto Cura 12 Meses,Continente,1 un,"€1,99/un","€1,99/un"
Frango sem Osso Assado com molho de Barbecue e Cebola Frita,Continente,emb. 240 gr,"€3,99/un","€3,99/un"
Empanadilha Espinafres e Queijo,Veggis,emb. 330 gr (2 un),"€3,19/un","€9,67/kg"
Quiche de Frango,Continente,emb. 1 kg,"€6,69/un","€6,69/kg"
Carne de Porco à Portuguesa,Continente Fácil & Bom,Quant. Mínima= 250 gr,"€11,39/kg","€2,85/un"
Almôndega de Beterraba,,Quant. Mínima = 140 gr (4 un),"€0,79/un","€22,57/kg"
Pastel com Atum,Dona Quina,emb. 1 un (aprox. 85 gr),"€1,30/un","€15,29/kg"
Pastel com Farinheira,Dona Quina,emb. 1 un (aprox. 85 gr),"€1,30/un","€15,29/kg"
Tortilha Vegana,Revolugreen,emb. 200 gr,"€1,35/un","€1,35/un"
Pizza Snacks 3 Queijos,Iglo Take Away,emb. 250 gr (2 un),"€4,99/un","€19,96/kg"
Mini Coxinha de Frango,Continente,Quant. Mínima = 5 un,"€0,39/un","€13,45/kg"
Tortelli Fresco com Ricotta e Espinafres,De Angelis,emb. 250 gr,"€3,99/un","€15,96/kg"
Alga Kombu Fresca Biológica,Wissi,emb. 75 gr,"€2,99/un","€39,87/kg"
Salada César Biológica,Sun&Vegs,emb. 185 gr,"€2,99/un","€16,16/kg"
Serradura,Continente Fácil & Bom,emb. 80 gr,"€1,09/un","€13,63/kg"
Mini Quiche de Frango,Continente,Quant. Mínima = 2 un,"€1,29/un","€10,75/kg"
Empadão de Bacalhau,Riberalves,emb. 280 gr,"€4,99/un","€17,82/kg"
Pastel com Salmão,Dona Quina,emb. 1 un (aprox. 85 gr),"€1,30/un","€15,29/kg"
Salada de Frango com Paprica,Go Natural,emb. 223 gr,"€3,69/un","€16,55/kg"
Tagliatelle Fresco Biológico,Casa Milo,emb. 250 gr,"€2,19/un","€2,19/un"
Batatinha Assada,Continente,Quant. Mínima = 250 gr,"€4,49/kg","€1,12/un"
Sopa de Ervilhas com Leite de Coco,Go Natural,emb. 400 gr,"€1,99/un","€4,98/kg"
Liégeois Chocolate,Nova Maestro,emb. 400 gr (4 un),"€1,25/un","€3,13/kg"
Espalmado de Cenoura,,Quant. Mínima = 200 gr (2 un),"€1,19/un","€11,90/kg"
Pizza Vegetariana,Continente Fácil & Bom,emb. 400 gr,"€2,49/un","€6,23/kg"
Pastel com Bacalhau,Dona Quina,emb. 1 un (aprox. 85 gr),"€1,30/un","€15,29/kg"
Pastel com Queijo e Fiambre,Dona Quina,emb. 1 un (aprox. 85 gr),"€1,30/un","€15,29/kg"
Bacalhau com Natas,Continente,Quant. Mínima = 750 gr,"€23,98/un","€23,98/kg"
Sopa de Gaspacho,Alvalle,emb. 1lt,"€3,69/un","€3,69/lt"
Maxi Hambúrguer Vegetariano,Linda McCartney's,emb. 227 gr (2 un),"€4,69/un","€20,66/kg"
Salada de Atum e Ovo,Go Natural,emb. 259 gr,"€3,69/un","€14,25/kg"
Pizza Prosciutto,Ristorante,emb. 340 gr,"€3,69/un","€10,85/kg"
Quiche de Queijo e Fiambre,Continente,Quant. Mínima = 2 un,"€6,69/un","€6,69/kg"
Mini Pizzas 4 Queijos,Iglo Take Away,emb. 372 gr (4 un),"€5,74/un","€15,43/kg"
Mini Pizzas Pepperoni,Iglo Take Away,emb. 372 gr (4 un),"€5,74/un","€15,43/kg"
Gyoza de Frango,Ta - Tung,emb.170 gr,"€2,69/un","€15,82/kg"
Pizza Marguerita Vegan,Ristorante,emb. 340 gr,"€3,99/un","€11,74/kg"
Tiras de Proteína Vegetal,Nestlé Garden Gourmet,emb. 160 gr,"€3,99/un","€24,94/kg"
Pastel com Mousse de Chocolate,Dona Quina,emb. 1 un (aprox. 85 gr),"€1,30/un","€15,29/kg"
Pastel com Maçã e Canela,Dona Quina,emb. 1 un (aprox. 85 gr),"€1,30/un","€15,29/kg"
Falafel com Grão-de-Bico e Salsa,Gosh!,emb. 200 gr,"€3,99/un","€19,95/kg"
Pizza Deep Pan 3 Queijos,Iglo Take Away,emb. 421 gr,"€6,49/un","€15,42/kg"
Empanadilha Kebab,Ingapan,Quant. Mínima = 2 un,"€1,05/un","€1,05/un"
Sopa de Ervilhas com Leite de Coco,Go Natural,emb. 800 gr,"€2,99/un","€3,74/kg"
Mousse de Chocolate de Leite,A Leiteira,emb. 240 gr (4 un),"€1,79/un","€7,46/kg"
Pizza Marguerita,Buitoni Bella Napoli,emb. 425 gr,"€5,49/un","€12,92/kg"
Hambúrguer de Beterraba,Gosh!,emb. 250 gr (2 un),"€3,99/un","€15,96/kg"
"Falafel de Batata Doce com Pimento Vermelho, Cominhos e Chili",Gosh!,emb. 200 gr,"€3,99/un","€19,95/kg"
Pizza Snacks Pepperoni,Iglo Take Away,emb. 250 gr (2 un),"€4,99/un","€19,96/kg"
Sopa Couve Flor e Coentros,Go Natural,emb. 800 ml,"€2,99/un","€3,74/lt"
Fatia de Quiche de Queijo e Fiambre,Continente,1 fatia = 250 gr,"€1,69/un","€6,76/kg"
Fatia de Quiche de Legumes,Continente,1 fatia = 250 gr,"€1,69/un","€6,76/kg"
Mini Pizzas Queijo e Fiambre,Continente,emb. 360 gr,"€3,29/un","€9,14/kg"
Bacalhau com Natas,Continente,Quant. Mínima = 250 gr,"€11,99/kg","€3,00/un"
Pizza de Legumes Assados e Queijo Vegetariana,Nobre Vegalia,emb. 360 gr,"€3,49/un","€9,69/kg"
Pizza Tonno,Casa Di Mama,emb. 435 gr,"€5,49/un","€12,62/kg"
Pizza Hawai,Casa Di Mama,emb. 415 gr,"€5,49/un","€13,23/kg"
Mini Quiche de Legumes,Continente,Quant. Mínima= 120 gr,"€1,29/un","€10,75/kg"
Mini Rissol de Carne,Continente,Quant. Mínima = 6 un,"€0,39/un","€17,73/kg"
Piadina de Fiambre e Queijo,Continente,Quant. Mínima = 1 un,"€1,09/un","€9,08/kg"
Feijoada de Camarão,Continente Fácil & Bom,Quant. Mínima= 250 gr,"€10,99/kg","€2,75/un"
Rissóis de Camarão,Continente,Quant. Mínima = 2 un,"€0,79/un","€13,17/kg"
Bifes de Soja Natural,Cem Porcento,emb. 150 gr,"€4,49/un","€17,96/kg"
Pizza Salame Romano,Tradizionale,emb. 385 gr,"€5,49/un","€14,26/kg"
Tempeh Refrigerado Biológico,Seara,emb. 250 gr,"€3,59/un","€14,36/kg"
Espalmado de Beterraba,,Quant. Mínima = 200 gr (2 un),"€1,19/un","€11,90/kg"
Bacalhau do Chefe,Riberalves,emb. 300 gr,"€4,99/un","€16,63/kg"
Pastel com Espinafres e Queijo,Dona Quina,emb. 1 un (aprox. 85 gr),"€1,30/un","€13,68/kg"
Lasanha de Queijo,Continente Fácil & Bom,emb. 400 gr,"€2,29/un","€5,73/kg"
Mousse Chocolate Negro,A Leiteira,emb. 240 gr (4 un),"€1,79/un","€7,46/kg"
Menu Frango Assado + Arroz Branco,Continente,1 un,"€6,39/un","€6,39/kg"
Arroz Árabe,Continente,Quant. Mínima = 250 gr,"€4,99/kg","€1,25/un"
Fatia de Quiche de Frango,Continente,1 fatia = 250 gr,"€1,69/un","€6,76/kg"
Fusilli com Frango e Bacon,Continente,Quant. Mínima= 250 gr,"€10,99/kg","€2,75/un"
Arroz Doce,A Leiteira,emb. 460 gr (4 un),"€2,39/un","€5,20/kg"
Pizza Deep Pan Pepperoni e Fiambre,Iglo Take Away,emb. 415 gr,"€6,49/un","€15,64/kg"
Pizza Marguerita,Continente,emb. 900 gr (3 un),"€3,29/un","€3,66/kg"
Escalope de Frango Panado,Continente,Quant. Mínima = 2 un,"€1,09/un","€12,11/kg"
Mousse Crocante Baunilha,A Leiteira,emb. 228 gr (4 un),"€1,89/un","€8,29/kg"
Mousse de Caramelo,A Leiteira,emb. 240 gr (4 un),"€1,79/un","€7,46/kg"
Noodles Fusian Teriyak,Maggi,emb. 130 gr,"€1,99/un","€15,31/kg"
Salsichas de Proteína Vegetal,Iglo Green Cuisine,emb. 200 gr (4 un),"€3,99/un","€19,95/kg"
Quiche de Legumes,Continente,emb. 1 kg,"€6,69/un","€6,69/kg"
Pizza Pancetta Delicata,Tradizionale,emb. 390 gr,"€5,49/un","€14,08/kg"
Espalmado de Brócolos,,Quant. Mínima = 200 gr (2 un),"€1,19/un","€11,90/kg"
Bifanas à Salsicheiro,Continente,Quant. Mínima= 250 gr,"€11,39/kg","€2,85/un"
Pastel com Legumes,Dona Quina,emb. 1 un (aprox. 85 gr),"€1,30/un","€15,29/kg"
Empadão de Carne,Continente,Quant. Mínima= 250 gr,"€9,99/kg","€2,50/un"
Mini Salsichas Kids,Continente Fácil & Bom,emb. 500 gr (18 un),"€3,69/un","€7,38/kg"
Massa de Pizza sem Glúten Biológica,Croustipate,emb. 260 gr,"€3,29/un","€12,65/kg"
Empanadilha Cogumelos,Veggis,emb. 330 gr (2 un),"€3,29/un","€9,97/kg"
Bacalhau à Brás,Riberalves,emb. 240 gr,"€4,99/un","€20,79/kg"
Pastel com Frango,Dona Quina,emb. 1 un (aprox. 85 gr),"€1,30/un","€15,29/kg"
Sandes de Panado de Frango,Continente,1 un,"€1,99/un","€1,99/un"
Strogonoff de Peru com Cogumelos,Continente Fácil & Bom,Quant. Mínima = 250 gr,"€10,99/kg","€2,75/un"
Pastéis de Legumes,Veggis,emb. 280 gr,"€3,49/un","€12,46/kg"
Siao Long Pão de Carne,Ta - Tung,emb. 230 gr,"€2,69/un","€11,70/kg"
Kit Vegetariano Tagliatelle BoloNew!,Rana,emb. 408 gr,"€4,59/un","€11,25/kg"
Pizza Speciale,Ristorante,emb. 345 gr,"€3,69/un","€10,70/kg"
Almôndega de Cogumelos,,Quant. Mínima = 140 gr (4 un),"€0,79/un","€22,57/kg"
Pastel com Doce de Ovos e Amêndoa,Dona Quina,emb. 1 un (aprox. 85 gr),"€1,30/un","€15,29/kg"
Almôndega de Brócolos,,Quant. Mínima = 140 gr (4 un),"€0,79/un","€22,57/kg"
Salada Russa,Continente,Quant. Mínima= 250 gr,"€5,99/kg","€1,50/un"
Menu Frango Assado + Arroz de Cenoura,Continente,1 un,"€6,39/un","€6,39/un"
Gaspacho Suave,Alvalle,emb. 1 lt,"€3,69/un","€3,69/lt"
Hambúrguer Marroquino com Pimento Vermelho e Alperce,Gosh!,emb. 250 gr (2 un),"€3,99/un","€15,96/kg"
Alga Chorão do Mar Fresca Biológica,Wissi,emb. 100 gr,"€3,49/un","€34,90/kg"
Noodles Fusion India,Maggi,emb. 118 gr,"€1,99/un","€16,86/kg"
Salada do Mar,Vitacress,emb. 199 gr,"€3,49/un","€17,54/kg"
Frango Agridoce com Noodles Fritos,Orient Plaza,emb. 350 gr,"€3,29/un","€9,40/kg"
Croquete de Presunto,Continente,Quant. Mínima = 4 un,"€0,79/un","€13,17/kg"
Delícia de Chocolate,A Leiteira,emb. 250 gr (2 un),"€1,79/un","€7,16/kg"
Almôndega de Cenoura,,Quant. Mínima = 140 gr (4 un),"€0,79/un","€22,57/kg"
Espalmado de Cogumelos,,Quant. Mínima = 200 gr (2 un),"€1,19/un","€11,90/kg"
Falafel de Beterraba com Pimento Vermelho e Chili,Gosh!,emb. 200 gr,"€3,99/un","€19,95/kg"
Empada de Cozido,Continente,Quant. Mínima = 4 un,"€0,99/un","€12,38/kg"
Arroz de Cenoura,Receitas D´Avó,Quant. Mínima= 250 gr,"€3,99/kg","€3,99/un"
Mousse Crocante de Chocolate,A Leiteira,emb. 228 gr (4 un),"€1,89/un","€8,29/kg"
Salada César Vegan,Sun&Vegs,emb. 190 gr,"€2,99/un","€15,74/kg"
Alga Alface do Mar Fresca Biológica,Wissi,emb. 75 gr,"€2,99/un","€39,87/kg"
Wrap Vegetariano,Continente,emb. 183 gr,"€1,99/un","€10,87/kg"
Esparregado,Continente,Quant. Mínima= 250 gr,"€4,99/kg","€1,25/un"
Mousse de Chocolate,Continente Fácil & Bom,emb. 100 gr,"€1,09/un","€10,90/kg"
Pastel com Leitão,Dona Quina,emb. 1 un (aprox. 85 gr),"€1,30/un","€15,29/kg"
Sandes de Presunto Cura 12 Meses,Continente,1 un,"€1,99/un","€1,99/un"
Empadão de Atum,Continente,Quant. Mínima= 250 gr,"€8,99/kg","€2,25/un"
Escalope de Frango Panado,Continente,Quant. Mínima = 1 un,"€1,09/un","€1,09/kg"
Porções Salmão Ultracongelado,Royal Greenland,emb. 500 gr (5 un),"€12,99/un","€25,98/kg"
Brócolos,Continente,emb. 1 kg,"€1,99/un","€1,99/kg"
Bacalhau Desfiado MSC Demolhado Ultracongelado,Continente,emb. 500 gr,"€5,99/un","€11,98/kg"
Cebola Picada,Continente,emb. 600 gr,"€1,05/un","€1,75/kg"
Ervilhas,Continente,emb. 1 kg,"€1,19/un","€1,19/kg"
Miolo de Camarão 80/100 Ultracongelado,Continente,emb. 250 gr,"€3,49/un","€13,96/kg"
Medalhões de Pescada do Cabo Ultracongelados,Pescanova,emb. 1 kg (8/14 un),"€11,59/un","€11,59/kg"
Alho Picado,Continente,emb. 150 gr,"€1,29/un","€8,60/kg"
Nuggets de Frango,Capitão Iglo,"emb. 1,042 kg (50 un)","€25,99/un","€24,94/kg"
Espinafres em Folha,Continente,emb. 750 gr,"€1,20/un","€1,60/kg"
Mimos de Pescada Congelados,Pescanova,emb. 360 gr (6 un),"€3,99/un","€11,08/kg"
Douradinhos de Peixe Ómega-3,Capitão Iglo,"emb. 1,4 kg (50 un)","€12,99/un","€9,12/kg"
Miolo de Camarão Grande 40/60 Congelado,Pescanova,emb. 200 gr (40/60 un),"€7,19/un","€35,95/kg"
Gelado After Dinner Classic,Magnum,emb. 350 ml (10 un),"€3,59/un","€10,26/lt"
Lombos de Bacalhau da Noruega MSC Demolhado Ultracongelados,Continente,emb. 800 gr,"€11,49/un","€14,36/kg"
Douradinhos de Peixe Forníssimo,Capitão Iglo,emb. 300 gr (12 un),"€3,49/un","€11,63/kg"
Delícias do Mar sem Glúten Congeladas,Continente,emb. 250 gr,"€0,99/un","€3,96/kg"
Lombos de Salmão Congelados,Continente,emb. 500 gr (4 un),"€12,49/un","€24,98/kg"
Medalhões de Pescada do Cabo Ultracongelados,Continente,emb. 400 gr,"€3,69/un","€9,23/kg"
Crocantes de Frango Parmesão e Ervas,Iglo,emb. 180 gr (2 un),"€3,74/un","€20,78/kg"
Bacalhau MSC Desfiado Congelado,Riberalves,emb. 400 gr,"€4,89/un","€12,23/kg"
Esparregado de Espinafres,Iglo,emb. 750 gr,"€4,68/un","€6,24/kg"
Pão de Queijo sem Glúten,Continente Seleção,emb. 300 gr (12 un),"€2,49/un","€8,30/kg"
Baguete Pão de Alho,Continente,emb. 350 gr (2 un),"€1,49/un","€4,26/kg"
Abóbora aos Pedaços,Continente,emb. 750 gr,"€1,99/un","€2,65/kg"
Ervilhas,Iglo,"emb. 1,125 kg","€5,99/un","€5,32/kg"
Crocantes de Frango Original,Iglo,emb. 180 gr (2 un),"€3,74/un","€20,78/kg"
Pescada Média do Cabo MSC para Cozer Ultracongelada,Continente,emb. 600 gr,"€3,59/un","€5,98/kg"
Feijão Verde Redondo,Continente,emb. 750 gr,"€1,39/un","€1,85/kg"
Lombos de Bacalhau MSC Demolhado Ultracongelados,Continente Seleção,emb. 600 gr,"€14,99/un","€24,98/kg"
Ervilhas Primavera,Iglo,emb. 800 gr,"€5,99/un","€7,49/kg"
Lulas Limpas Ultracongeladas,Continente,emb. 400 gr,"€4,49/un","€11,23/kg"
Filetes de Pescada sem Pele Ultracongelados,Pescanova,emb. 400 gr,"€3,69/un","€9,23/kg"
Hambúrguer 100% Carne de Bovino Angus Chakall,Prime Meat,emb. 640 gr (4 un),"€6,69/un","€10,45/kg"
Batata Palitos Pack Poupança,Continente,"emb. 2,5 kg","€4,49/un","€1,80/kg"
Paloco do Pacífico MSC Desfiado Demolhado Ultracongelado,Continente,emb. 500 gr,"€3,99/un","€7,98/kg"
"Mistura de Brócolos, Couve-flor e Cenoura",Continente,emb. 1 kg,"€1,69/un","€1,69/kg"
Lombos de Pescada do Cabo Ultracongelados,Continente,emb. 400 gr,"€3,99/un","€9,98/kg"
Lombos de Salmão MSC Congelados,Iglo,emb. 250 gr (2 un),"€11,49/un","€45,96/kg"
Gelado Mini Chocolate e Amêndoa,Magnum,emb. 330 ml (6 un),"€2,99/un","€9,06/lt"
Filetes de Pescada Ultracongelados,Continente,emb. 1 kg,"€6,99/un","€6,99/kg"
Ervilhas,Iglo,emb. 700 gr,"€2,99/un","€4,27/kg"
Douradinhos de Peixe,Capitão Iglo,emb. 840 gr (30 un),"€9,49/un","€11,30/kg"
Curgete às Rodelas,Continente,emb. 750 gr,"€1,69/un","€2,25/kg"
Esparregado de Espinafres,Continente,emb. 350 gr,"€1,29/un","€3,69/kg"
Couve de Bruxelas,Continente,emb. 750 gr,"€1,19/un","€1,59/kg"
Batata Palitos Finos,Continente,emb. 1 kg,"€1,99/un","€1,99/kg"
Lulas Limpas Ultracongeladas,Continente,emb. 1 kg,"€12,99/un","€12,99/kg"
Medalhões Pescada sem Pele Ultracongelados,Pescanova,emb. 400 gr (4 un),"€4,99/un","€12,48/kg"
Alho Francês Cortado,Continente,emb. 750 gr,"€0,89/un","€1,19/kg"
Mistura de Cogumelos,Continente,emb. 400 gr,"€1,89/un","€4,73/kg"
Cenoura Baby,Continente,emb. 750 gr,"€1,39/un","€1,85/kg"
Pescada Grande do Cabo MSC para Cozer Ultracongelada,Continente,emb. 800 gr,"€5,99/un","€7,49/kg"
Lombos de Bacalhau MSC Ultracongelados,Riberalves,emb. 550 gr (2 un),"€11,69/un","€21,25/kg"
Postas Médias de Bacalhau MSC Demolhado Congeladas,Continente,emb. 600 gr,"€5,49/un","€9,15/kg"
Tentáculos de Pota Congelados,Continente,"Quant. Mínima = 1,50 kg","€5,99/kg","€8,99/un"
Crepes com Chocolate Belga,Continente,emb. 540 gr (6 un),"€3,99/un","€7,39/kg"
Mini Pizzas de Fiambre e Queijo,Buitoni Piccolinis,emb. 270 gr (9 un),"€3,19/un","€11,81/kg"
Barrinhas de Pescada,Pescanova,"emb. 1,2 kg (38 a 42 un)","€7,89/un","€6,58/kg"
Crocantes de Frango Recheados Queijo e Fiambre,Iglo,emb. 204 gr (2 un),"€5,34/un","€26,18/kg"
Pizza Ristorante de Pepperoni e Salame,Ristorante,emb. 337 gr,"€3,69/un","€11,53/kg"
Lombos de Bacalhau MSC Ultracongelados,Riberalves,emb. 550 gr (2 un),"€13,99/un","€25,44/kg"
Filetes Primavera Alho e Ervas,Iglo,emb. 225 gr (2 un),"€3,74/un","€16,62/kg"
Filetes Primavera Alecrim e Sal Marinho,Iglo,emb. 225 gr (2 un),"€3,74/un","€16,62/kg"
Miolo de Camarão Gigante 15/30 Ultracongelado,Pescanova,emb. 250 gr (15/30 un),"€11,99/un","€47,96/kg"
Mistura de Feijão Verde e Cenoura,Continente,emb. 400 gr,"€1,39/un","€3,48/kg"
Postas Pescada Nº 5 do Chile para Cozer Ultracongeladas,Pescanova,emb. 800 gr (3/6 un),"€11,99/un","€14,99/kg"
Salteado de Espinafres com Alho,Continente,emb. 750 gr,"€3,79/un","€5,05/kg"
Bifes de Atum Ultracongelados,Continente,emb. 400 gr,"€8,99/un","€22,48/kg"
Ervilhas Baby,Continente,emb. 400 gr,"€1,29/un","€3,23/kg"
Choco Limpo Ultracongelado,Pescanova,emb. 500 gr,"€7,99/un","€15,98/kg"
Filetes de Pescada com Limão,Pescanova,emb. 400 gr (4 un),"€4,39/un","€10,98/kg"
Pizza Pepperoni e Salame,Continente Fácil & Bom,emb. 320 gr,"€2,19/un","€6,84/kg"
Douradinhos de Peixe,Capitão Iglo,emb. 450 gr (15 un),"€4,99/un","€11,88/kg"
Nuggets de Frango,Capitão Iglo,emb. 375 gr (18 un),"€9,99/un","€26,64/kg"
Jardineira,Continente,emb. 750 gr,"€0,84/un","€1,12/kg"
Hambúrgueres,Capitão Iglo,"emb. 1,440 kg (18 un)","€14,99/un","€10,41/kg"
Tranches de Salmão Selvagem MSC Congeladas,Iglo,emb. 250 gr (2 un),"€9,99/un","€39,96/kg"
Filetes de Robalo ASC Congelados,Iglo,emb. 200 gr (2 un),"€5,99/un","€29,95/kg"
Polvo Nacional Limpo Ultracongelado,Continente,emb. 1 kg,"€11,99/un","€11,99/kg"
Tamboril Cubos Congelado,Continente,emb. 500 gr,"€3,79/un","€7,58/kg"
Miolo de Camarão Selvagem 20/40 Congelado,Continente,emb. 400 gr,"€7,99/un","€19,98/kg"
Crocantes de Frango Recheados Alho e Ervas,Iglo,emb. 204 gr (2 un),"€5,34/un","€26,18/kg"
Grelos de Nabo em Folha,Continente,emb. 750 gr,"€1,69/un","€2,25/kg"
Brócolos,Iglo,emb. 533 gr,"€3,99/un","€7,49/kg"
Lombos de Bacalhau MSC Congelados,Riberalves,emb. 1 kg (3 un),"€25,59/un","€25,59/kg"
Crocantes de Frango Piri Piri,Iglo,emb. 180 gr (2 un),"€3,74/un","€20,78/kg"
Pizza Ristorante Hawai,Ristorante,emb. 375 gr,"€3,69/un","€10,39/kg"
Miolo de Camarão Selvagem 60/80 Congelado,Continente,emb. 400 gr,"€7,99/un","€19,98/kg"
Gelado Mini Double Caramelo,Magnum,emb. 360 ml (6 un),"€3,59/un","€9,97/lt"
Lombos de Salmão Congelados,Continente,emb. 250 gr (2 un),"€6,49/un","€25,96/kg"
Mimos de Pescada do Cabo Ultracongelados,Pescanova,emb. 1 kg (15/20 un),"€9,59/un","€9,59/kg"
Miolo de Camarão 80/100 Ultracongelado,Pescanova,emb. 350 gr,"€6,99/un","€19,97/kg"
Douradinhos de Salmão,Capitão Iglo,emb. 280 gr (10 un),"€4,99/un","€17,82/kg"
Batatas Palitos Finas Pack Poupança,Continente,"emb. 2,5 kg","€3,99/un","€1,60/kg"
Batata Palitos Golden Long,McCain,emb. 1 kg,"€2,45/un","€2,45/kg"
Batata Palitos,Continente,emb. 1 kg,"€1,99/un","€1,99/kg"
"Pizza Ristorante de Salame, Mozzarella e Pesto",Ristorante,emb. 380 gr,"€3,69/un","€10,25/kg"
Mistura de Legumes Orientais,Continente,emb. 750 gr,"€1,89/un","€2,52/kg"
Mistura de Dois Pimentos,Continente,emb. 400 gr,"€1,69/un","€4,23/kg"
Gelado Caramel & Nuts,Magnum,emb. 420 ml (6 un),"€5,49/un","€13,07/lt"
Nuggets de Frango e Queijo,Capitão Iglo,emb. 375 gr (18 un),"€9,99/un","€26,64/kg"
Filetes de Pescada do Cabo Ultracongelados,Continente,emb. 400 gr,"€4,39/un","€10,98/kg"
Pizza Hawai,Continente Fácil & Bom,emb. 355 gr,"€2,19/un","€6,17/kg"
Filetes Primavera Limão,Iglo,emb. 225 gr (2 un),"€3,74/un","€16,62/kg"
Rissóis de Leitão de Forno,Continente Seleção,emb. 400 gr (8 un),"€2,99/un","€7,48/kg"
Lombos de Pescada MSC Congelados,Iglo,emb. 400 gr (4 un),"€7,15/un","€17,88/kg"
Cogumelos Laminados Pack Poupança,Continente,emb. 1 kg,"€2,29/un","€2,29/kg"
Filetes Recheados Tomate & Mozzarella,Iglo,emb. 300 gr (3 un),"€5,34/un","€17,80/kg"
Filetes de Pangasius Ultracongelados,Pescanova,emb. 600 gr,"€4,99/un","€8,32/kg"
Gelado Morango,Cornetto,emb. 540 ml (6 un),"€4,30/un","€7,96/lt"
Ervilhas Primavera,Iglo,emb. 500 gr,"€3,99/un","€7,98/kg"
Batata Palitos Julienne para Forno,McCain,emb. 600 gr,"€3,09/un","€5,15/kg"
Douradinhos de Frango,Capitão Iglo,emb. 250 gr (10 un),"€3,49/un","€13,96/kg"
Filetes de Dourada ASC Congelados,Iglo,emb. 200 gr (2 un),"€5,99/un","€29,95/kg"
Nuggets de Frango e Queijo,Capitão Iglo,emb. 208 gr (10 un),"€2,99/un","€14,38/kg"
Gelado Mini Intense Dark,Magnum,emb. 330 ml (6 un),"€3,59/un","€10,88/lt"
Puré de Batata,McCain,emb. 750 gr,"€2,99/un","€3,99/kg"
Filetes Primavera Quinoa e 4 Sementes,Iglo,emb. 250 gr (2 un),"€3,74/un","€14,96/kg"
Miolo de Mexilhão Ultracongelado,Continente,emb. 250 gr,"€1,59/un","€6,36/kg"
Mistura de Frutos Silvestres,Continente,emb. 650 gr,"€3,29/un","€5,06/kg"
Hambúrguer de Frango Sem Glúten,Capitão Iglo,"emb. 1,080 kg (18 un)","€14,99/un","€13,88/kg"
Pizza Ristorante de Quatro Queijos,Ristorante,emb. 361 gr,"€3,69/un","€11,53/kg"
Pizza Ristorante de Espinafres,Ristorante,emb. 407 gr,"€3,69/un","€9,46/kg"
Nuggets de Frango,Capitão Iglo,emb. 208 gr (10 un),"€2,99/un","€14,38/kg"
Tomate em Cubos,Continente,emb. 400 gr,"€0,89/un","€2,23/kg"
Gelado Fizz Limão,Olá,emb. 330 ml (6 un),"€4,99/un","€13,86/lt"
Batata Gomos Mediterranean,McCain,emb. 750 gr,"€3,15/un","€4,20/kg"
Perninha de Frango Congelada,Continente,emb. 1 kg,"€3,99/un","€3,99/kg"
Filetes de Salmão Congelados,Royal Greenland,emb. 600 gr,"€11,99/un","€19,98/kg"
Esparregado de Grelos,Continente Seleção,emb. 350 gr,"€2,19/un","€6,26/kg"
Gelado Mini Sandwich,Continente,emb. 510 ml (6 un),"€2,29/un","€4,49/lt"
Peskitos de Pescada,Pescanova,emb. 1 kg (25 un),"€7,89/un","€7,89/kg"
Ervilhas,Continente,emb. 400 gr,"€0,79/un","€1,98/kg"
Amêijoa Vietnamita com Casca Congelada,Continente,Quant. Mínima = 600 gr,"€2,39/kg","€1,43/un"
Coentros Picados,Continente,emb. 150 gr,"€1,69/un","€11,27/kg"
Red Fish Médio Congelado,Continente,Quant. Mínima = 380 gr,"€3,99/kg","€1,52/un"
Batata Palitos para Forno,McCain,emb. 600 gr,"€3,09/un","€5,15/kg"
Veggie Bowls Trigo Sarraceno e Brócolos,Iglo Green Cuisine,emb. 350 gr,"€3,99/un","€11,40/kg"
Lulas Recheadas com Carne Ultracongeladas,Continente,emb. 500 gr,"€8,99/un","€17,98/kg"
Mini Pizzas de Salsicha,Buitoni Piccolinis,emb. 270 gr (9 un),"€3,19/un","€11,81/kg"
Favas,Iglo,emb. 700 gr,"€3,99/un","€5,70/kg"
Mistura de Ervilhas e Cenoura,Continente,emb. 750 gr,"€1,39/un","€1,85/kg"
Lombos de Pescada Congelados,Pescanova,emb. 360 gr (4 un),"€7,19/un","€19,97/kg"
Pizza Ristorante de Atum,Ristorante,emb. 355 gr,"€3,69/un","€10,39/kg"
Pizza Ristorante de Fiambre e Cogumelos,Ristorante,emb. 370 gr,"€3,69/un","€10,54/kg"
Veggie Bowls de Quinoa e Abóbora,Iglo Green Cuisine,emb. 350 gr,"€3,99/un","€11,40/kg"
Gelado Mini Chocolate Branco e Amêndoa,Magnum,emb. 330 ml (6 un),"€2,99/un","€9,06/lt"
Castanhas de Trás-os-Montes,Continente,emb. 1 kg,"€8,99/un","€8,99/kg"
Perna de Frango Inteira Congelada,Continente,emb. 1 kg,"€3,79/un","€3,79/kg"
Delícias do Mar sem Glúten Ultracongeladas,Pescanova,emb. 450 gr,"€2,99/un","€6,64/kg"
Gelado Mini Magníficos Sortido de Clássicos,Continente,emb. 600 ml (12 un),"€2,99/un","€4,98/lt"
Supremas de Bacalhau Ultracongeladas,Pescanova,emb. 400 gr,"€7,39/un","€18,48/kg"
Moelas de Frango Congeladas,Perdix,emb. 1 kg,"€2,29/un","€2,29/un"
Couscous de Quinoa e Vegetais,Continente,emb. 300 gr,"€2,19/un","€7,30/kg"
Filetes Recheados Espinafres,Iglo,emb. 300 gr (3 un),"€5,34/un","€17,80/kg"
Miolo de Camarão Selvagem 30/50 Congelado,Continente,emb. 250 gr,"€4,99/un","€19,96/kg"
Batata Doce Palitos,Continente,emb. 500 gr,"€2,49/un","€4,98/kg"
Fishburgers de Salmão Congelado,Pescanova,emb. 300 gr (4 un),"€6,39/un","€21,30/kg"
Morangos,Continente,emb. 750 gr,"€3,29/un","€4,39/kg"
Salteado de Grelos com Alho,Continente,emb. 750 gr,"€3,79/un","€5,05/kg"
Calamares,Continente,emb. 400 gr,"€2,29/un","€5,73/kg"
Fingers de Espinafres,Iglo Green Cuisine,emb. 284 gr (10 un),"€3,99/un","€14,05/kg"
Nuggets de Frango Polme Americano,Capitão Iglo,emb. 687 gr (38 un),"€17,99/un","€26,49/kg"
Crepes Simples,Continente,emb. 1 kg (16 un),"€3,99/un","€3,99/kg"
Gelado Super Maxi,Olá,emb. 390 ml (6 un),"€3,99/un","€10,23/lt"
Crocante de Frango Cordon Bleu,Iglo,emb. 200 gr (2 un),"€3,99/un","€19,95/kg"
Salsa Picada,Continente,emb. 150 gr,"€1,69/un","€11,27/kg"
Pescada Média do Cabo MSC para Fritar Ultracongelada,Continente,emb. 400 gr,"€2,59/un","€6,48/kg"
Gelado Perna de Pau,Olá,emb. 420 ml (6 un),"€3,99/un","€9,50/lt"
Gelado Clássico,Cornetto,emb. 540 ml (6 un),"€4,30/un","€7,96/lt"
Delícias do Mar em Forma de Lagosta Ultracongeladas,Continente,emb. 255 gr,"€2,19/un","€8,59/kg"
Gelado Chocolate e Amêndoa,Magnum,emb. 440 ml (4 un),"€4,99/un","€11,34/lt"
Bacalhau Desfiado Ultracongelado,Pescanova,emb. 400 gr,"€7,39/un","€18,48/kg"
Favas,Continente,emb. 1 kg,"€1,59/un","€1,59/kg"
"Refeição Vegetariana de Quinoa, Feijão e Pimentos",Continente Equilíbrio,emb. 350 gr,"€1,79/un","€5,11/kg"
Douradinhos de Peixe Estaladiços,Capitão Iglo,emb. 336 gr (12 un),"€4,99/un","€14,85/kg"
Falafel,Iglo Green Cuisine,emb. 450 gr (26 un),"€6,69/un","€14,87/kg"
Posta de Solha Congelada,Continente,emb. 800 gr,"€4,29/un","€5,36/kg"
Filetes de Peixe Espada Preto Congelado,Continente,emb. 500 gr,"€12,49/un","€24,98/kg"
Veggie Bowls de Bulgur e Courgette,Iglo Green Cuisine,emb. 350 gr,"€3,99/un","€11,40/kg"
Miolo de Amêijoa Dourada Ultracongelada,Continente,emb. 250 gr,"€2,49/un","€9,96/kg"
Filetes de Pescada com Ervas Aromáticas,Pescanova,emb. 400 gr (4 un),"€4,39/un","€10,98/kg"
Lombos de Bacalhau MSC Demolhado Ultracongelados,Continente Seleção,"emb. 1,20 kg","€29,99/un","€24,99/kg"
Hambúrguer de Frango sem Glúten,Capitão Iglo,emb. 480 gr (8 un),"€14,99/un","€31,23/kg"
Medalhões de Pescada do Cabo MSC Congelados,Continente,emb. 1 kg,"€9,19/un","€9,19/kg"
Gelado Marshmallow com Sabor a Pastilha Elástica,Continente,emb. 500 ml,"€2,99/un","€5,98/lt"
Miolo de Camarão Selvagem 10/30 Congelado,Continente,emb. 250 gr,"€5,89/un","€23,56/kg"
Pizza de Atum,Continente Fácil & Bom,emb. 350 gr,"€2,19/un","€6,26/kg"
Perna de Pato Congelada,Marinhave,emb. 480 gr,"€6,49/kg","€3,12/un"
Argolas do Mar Ultracongeladas,Pescanova,emb. 400 gr,"€3,99/un","€9,98/kg"
"Refeição Vegetariana de Cevada, Ervilhas e Espinafres",Continente Equilíbrio,emb. 350 gr,"€1,79/un","€5,11/kg"
Postas Pescada Nº 3 do Cabo para Cozer Ultracongeladas,Pescanova,emb. 600 gr (3/5 un),"€4,99/un","€8,32/kg"
Lula Cortada da Patagónia Congelada,Pescanova,emb. 400 gr,"€7,19/un","€17,98/kg"
Pizza Ristorante Bolonhesa,Ristorante,emb. 395 gr,"€3,69/un","€9,84/kg"
Gelado Pralines & Cream,Häagen-Dazs,emb. 460 ml,"€6,79/un","€14,76/lt"
Gelado Mini Double Gold Caramel Billionaire,Magnum,emb. 330 gr (6 un),"€3,59/un","€10,88/lt"
Gelado Mini Três Chocolates,Magnum,emb. 330 ml (6 un),"€2,99/un","€9,06/lt"
Nuggets de Frango Grelhadinhos,Capitão Iglo,emb. 204 gr (8 un),"€2,99/un","€14,66/kg"
Posta Tradicional de Bacalhau MSC Ultracongelada,Riberalves,emb. 750 gr (3 un),"€11,69/un","€15,59/kg"
Tiras de Pota Congeladas,Continente,emb. 700 gr,"€4,99/un","€7,13/kg"
Lula Limpa 20/40 Ultracongelada,Pescanova,emb. 450 gr,"€7,19/un","€15,98/kg"
Pizza Casa di Mama de Fiambre e Cogumelos,Casa Di Mama,emb. 420 gr,"€5,49/un","€14,45/kg"
Almôndegas,Continente,emb. 240 gr,"€2,19/un","€9,13/kg"
Miolo de Gambão 20/40 Congelado,Pescanova,emb. 200 gr (20/40 un),"€9,99/un","€49,95/kg"
Croquetes de Alheira,Continente Seleção,emb. 340 gr (10 un),"€3,49/un","€10,26/kg"
Batata Doce Palitos para Forno,McCain,emb. 500 gr,"€3,75/un","€7,50/kg"
Bacalhau à Brás,Iglo,emb. 300 gr,"€6,69/un","€22,30/kg"
Miolo de Camarão Selvagem 100/200 Congelado,Continente,emb. 400 gr,"€4,49/un","€11,23/kg"
Almôndegas de Proteína Vegetal,Iglo Green Cuisine,emb. 240 gr (10 un),"€5,34/un","€22,25/kg"
Pizza Ristorante de Salame,Ristorante,emb. 332 gr,"€3,69/un","€11,53/kg"
Filetes Primavera Espelta e Cevada,Iglo,emb. 250 gr (2 un),"€3,74/un","€14,96/kg"
Mirtilos,Continente,emb. 400 gr,"€3,19/un","€7,98/kg"
Gelado Stracciatella Les Desserts,Carte D'Or,emb. 900 ml,"€5,49/un","€6,10/lt"
Gelado Nata Les Classiques,Carte D'Or,emb. 750 ml,"€1,99/un","€2,65/lt"
Gelado Menta,Magnum,emb. 400 ml (4 un),"€4,99/un","€12,48/lt"
Gelado Classic,Magnum,emb. 440 ml,"€5,99/un","€13,61/lt"
Hambúrguer de Frango,Continente,emb. 420 gr (6 un),"€3,49/un","€8,31/kg"
Pastéis de Bacalhau para Forno,Continente Fácil & Bom,emb. 320 gr (10 un),"€3,99/un","€12,47/kg"
Batata Rodelas,Continente,emb. 1 kg,"€1,99/un","€1,99/kg"
Lombos de Salmão Congelados,Pescanova,emb. 250 gr (2 un),"€8,79/un","€35,16/kg"
Pizza Ristorante de Cogumelos,Ristorante,emb. 380 gr,"€3,69/un","€10,11/kg"
Refeição Vegetariana de Lentilhas e Legumes,Continente Equilíbrio,emb. 350 gr,"€1,79/un","€1,79/un"
Pernas do Mar Panadas,Continente,emb. 250 gr (8 un),"€1,69/un","€6,76/kg"
Arroz de Pato,Continente,emb. 300 gr,"€2,99/un","€9,97/kg"
Pizza Ristorante de Frango,Ristorante,emb. 375 gr,"€3,69/un","€10,39/kg"
"Bites Batata Doce, Grão de Bico e Mozzarella Vegetarianos",Iglo Green Cuisine,emb. 275 gr (9 un),"€5,34/un","€19,42/kg"
Macedónia,Continente,emb. 1 kg,"€1,69/un","€1,69/kg"
Bacalhau Desfiado Congelado,Pescanova,emb. 850 gr,"€9,99/un","€11,75/kg"
Pescada do Chile nº5 para cozer Congelada,Continente,emb. 600 gr,"€7,99/un","€13,32/kg"
Posta 2ª Pele Perca do Nilo Congelada,Continente,emb. 230 gr,"€10,99/kg","€2,53/un"
Veggie Bowls de Couscous e Edamame,Iglo Green Cuisine,emb. 350 gr,"€3,99/un","€11,40/kg"
Gelado Chocolate,Cornetto,emb. 540 ml (6 un),"€4,30/un","€7,96/lt"
Tiras de Pota Ultracongeladas,Pescanova,emb. 500 gr,"€5,29/un","€10,58/kg"
Tarte Gelada Baunilha,Viennetta,emb. 650 ml,"€3,99/un","€6,14/lt"
Lasanha Bolonhesa,Iglo,emb. 300 gr,"€3,49/un","€11,63/kg"
Nuggets de Frango com Cereais Integrais,Capitão Iglo,emb. 208 gr (10 un),"€2,99/un","€14,38/kg"
Gelado Magnífico Chocolate de Leite,Continente,emb. 720 ml (6 un),"€2,49/un","€3,46/lt"
Barrinhas de Pescada Ómega 3,Pescanova,emb. 900 gr (30 un),"€9,49/un","€10,54/kg"
Gelado Amêndoa Vegan,Magnum,emb. 270 ml (3 un),"€4,99/un",
Filetes de Pescada do Cabo Congelados,Continente,emb. 800 gr,"€5,99/un","€7,49/kg"
Miolo de Camarão Selvagem Cozido 60/80 Congelado,Continente,emb. 250 gr,"€3,99/un","€15,96/kg"
Douradinhos de Peixe sem Glúten,Iglo,emb. 360 gr (12 un),"€4,99/un","€13,86/kg"
Gelado Bomboniera,Magnum,emb. 70 ml (6 un),"€1,19/un","€17,00/lt"
Salteado de Legumes Estilo Parisino,Bonduelle,emb. 400 gr,"€2,19/un","€5,48/kg"
Lasanha Bolonhesa,Continente Fácil & Bom,emb. 600 gr (2 un),"€2,99/un","€4,98/kg"
Miolo de Gamba Rosa Selvagem de Moçambique 30/40 Congelado,Continente Seleção,emb. 250 gr,"€5,49/un","€21,96/kg"
Rissóis de Pescada,Continente,emb. 420 gr (10 un),"€1,79/un","€4,26/kg"
"Polvo Congelado (0,8 a 1,5 kg)",Continente Seleção,emb. 1 kg,"€11,99/kg","€11,99/un"
Redondos de Pescada Congelados,Continente,emb. 500 gr,"€4,49/un","€8,98/kg"
Filetes de Peixe Gato Riscado Congelados,,emb. 1 kg,"€5,99/un","€5,99/kg"
Chicken Fingers,Continente,emb. 300 gr,"€2,19/un","€7,30/kg"
Gelado Strawberry & White,Magnum,emb. 440 ml (4 un),"€4,99/un","€11,34/lt"
Pizza Marguerita,Continente,emb. 300 gr,"€1,19/un","€3,97/kg"
Pastéis de Chaves,Continente Seleção,emb. 340 gr (4 un),"€3,49/un","€10,26/kg"
Posta de Maruca Congelada,Continente,emb. 240 gr,"€10,99/kg","€2,64/un"
Argolas do Mar Congeladas,Pescanova,emb. 1 kg (60/90 un),"€9,99/un","€9,99/kg"
Lasanha Bolonhesa,Continente,emb. 1 kg,"€3,59/un","€3,59/kg"
Gelado Salted Caramel & Glazed Almonds,Magnum,emb. 270 ml (3 un),"€4,99/un","€18,48/lt"
Nuggets de Frango Polme Americano,Capitão Iglo,emb. 220 gr (12 un),"€2,99/un","€12,20/kg"
Pizza Massa Fina Pepperoni,Iglo,emb. 332 gr,"€4,99/un","€15,03/kg"
Mini Pizzas de Três Queijos,Buitoni Piccolinis,emb. 270 gr (9 un),"€3,19/un","€11,81/kg"
Hambúrgueres,Capitão Iglo,emb. 640 gr (8 un),"€14,99/un","€23,42/kg"
Pizza Ristorante Carbonara,Ristorante,emb. 340 gr,"€3,69/un","€10,85/kg"
Rissóis de Carne Pré-Fritos 8 un,Continente,emb. 8 un,"€3,19/un","€8,86/kg"
"Hambúrguers de Couve Flor, Mozzarella e Tomate Seco",Iglo Green Cuisine,emb. 227 gr (2 un),"€3,99/un","€17,58/kg"
Postas de Maruca Congeladas,Continente,emb. 600 gr,"€9,79/un","€16,32/kg"
Pizza Massa Fina Gran Pepperoni,Iglo,emb. 524 gr,"€7,89/un","€15,06/kg"
Caprichos do Mar sem Glúten,Pescanova,emb. 1 kg,"€5,99/un","€5,99/kg"
Posta Garoupa Congelada,Continente,emb. 210 gr,"€15,99/kg","€3,36/un"
Gelado Classicone Chocolate,Continente,emb. 720 ml (6 un),"€2,25/un","€3,13/lt"
Gelado Chocolate de Menta Les Authentiques,Carte D'Or,emb. 1 lt,"€2,89/un","€2,89/lt"
Espargos Verdes,Continente,emb. 300 gr,"€3,19/un","€10,63/kg"
Lombos de Pescada MSC Congelada,Continente,emb. 1 kg,"€9,89/un","€9,89/kg"
Gelado Classicone Caramelo Salgado,Continente,emb. 720 ml (6 un),"€2,25/un","€3,13/lt"
Gelado Menta,Continente,emb. 950 ml,"€2,79/un","€2,94/lt"
Gelado Strawberry Cheesecake,Häagen-Dazs,emb. 460 ml,"€6,79/un","€14,76/lt"
Gelado Limão e Merengue,Continente,emb. 950 ml,"€2,79/un","€2,94/lt"
Framboesas,Continente,emb. 500 gr,"€3,99/un","€7,98/kg"
Pizza Massa Fina Fiambre e Queijo,Iglo,emb. 351 gr,"€4,99/un","€14,22/kg"
Paloco do Pacífico MSC Desfiado Congelado,Riberalves,emb. 500 gr,"€5,19/un","€10,38/kg"
Gelado Classicone Morango,Continente,emb. 720 ml (6 un),"€2,25/un","€3,13/lt"
Alas de Raia sem Pele Congeladas,Continente,emb. 700 gr,"€7,49/un","€10,70/kg"
Bacalhau à Brás,Continente,emb. 300 gr,"€2,29/un","€7,63/kg"
Gelado Chocolate Les Classiques,Carte D'Or,emb. 750 ml,"€1,99/un","€2,65/lt"
Gelado Blueberry Cheesecake Les Dessertss,Carte D'Or,emb. 900 ml,"€5,49/un","€6,10/lt"
Tentáculos de Pota grandes Congelados,Continente,"emb. 2,5 kg","€5,99/kg","€14,98/un"
Riced Veggies Tricolor,Continente,emb. 500 gr,"€2,19/un","€4,38/kg"
Gelado Baunilha,Continente,emb. 1 lt,"€2,39/un","€2,39/lt"
Mini Hambúrgueres de Beterraba,Iglo Green Cuisine,emb. 270 gr (6 un),"€3,99/un","€14,78/kg"
Castanhas de Trás-os-Montes,Continente,emb. 500 gr,"€5,99/un","€11,98/kg"
Gelado Belgian Chocolate,Häagen-Dazs,emb. 460 ml,"€6,79/un","€14,76/lt"
Gelado Magnífico Chocolate Leite e Amêndoa,Continente,emb. 720 ml (6 un),"€2,49/un","€3,46/lt"
Gelado Sandwich,Continente,emb. 600 ml (6 un),"€1,89/un","€3,15/lt"
Tranches de Pescada sem Pele Ultracongeladas,Pescanova,emb. 500 gr (6 un),"€4,99/un","€9,98/kg"
Batatas Noisette,McCain,emb. 1 kg,"€4,29/un","€4,29/kg"
"Polvo Congelado (1,5 a 3 kg)",Continente Seleção,"emb. 1,850 kg","€12,99/kg","€24,03/un"
Lombos de Perca do Nilo Congelados,Continente,emb. 400 gr,"€6,99/un","€17,48/kg"
Cubos de Tamboril,Mar Ibérica,emb. 250 gr,"€5,69/un","€22,76/kg"
Gnocchi com Molho de Tomate e Espinafres,Continente Fácil & Bom,emb. 500 gr,"€3,49/un","€6,98/kg"
Amêijoa Branca Nacional Congelada,Continente,Quant. Mínima = 300 gr,"€6,99/kg","€0,70/un"
Gelado Baunilha Les Authentiques,Carte D'Or,emb. 1 lt,"€2,89/un","€2,89/lt"
Petit Gâteau de Chocolate Negro,Continente,emb. 320 gr (4 un),"€3,29/un","€10,28/kg"
Gelado Caramel Biscuit & Cream,Häagen-Dazs,emb. 460 ml,"€6,79/un","€14,76/lt"
Gelado Salted Caramel,Häagen-Dazs,emb. 460 ml,"€6,79/un","€14,76/lt"
Gelado Chocolate Branco com Amêndoa,Magnum,emb. 400 ml (4 un),"€4,99/un","€11,34/lt"
Miniburgers de Batata Doce,Iglo Green Cuisine,emb. 270 gr (6 un),"€3,99/un","€14,78/kg"
Gelado Caramelo Salgado Les Desserts,Carte D'Or,emb. 900 ml,"€5,49/un","€6,10/lt"
Tentáculos de Pota Cozidos Congelados,Continente,emb. 400 gr,"€6,59/un","€16,48/kg"
Delícias do Mar em Forma de Lagosta Ultracongeladas,Pescanova,emb. 225 gr (2 un),"€2,99/un","€11,73/kg"
Salteado Rústico,Bonduelle,emb. 400 gr,"€2,19/un","€5,48/kg"
Gelado Caramelo Salgado,Continente,emb. 950 ml,"€2,79/un","€2,94/lt"
Almôndegas de Vaca Sem Glúten,Capitão Iglo,emb. 450 gr (15 un),"€8,99/un","€19,98/kg"
Gelado Chocolate Brownie Les Desserts,Carte D'Or,emb. 900 ml,"€5,49/un","€6,10/lt"
Tiras de Entrecosto de Porco Preto Congelado,Miguel & Miguel,emb. 500 gr,"€6,49/kg","€3,25/un"
Nuggets de Ervilha,Iglo Green Cuisine,emb. 250 gr (8 un),"€1,99/un","€7,96/kg"
Potas Congeladas,Continente,Quant. Mínima = 600 gr (2 un),"€4,99/kg","€1,50/un"
Folhados de Frango e Vegetais,Continente,emb. 300 gr (2 un),"€2,79/un","€9,30/kg"
Pescada Inteira Nº 3 do Chile a Bordo Congelada,Continente,"Quant. Mínima = 1,42 kg","€8,99/kg","€12,77/un"
Nuggets Proteína Vegetal Polme Estilo Americano,Iglo Green Cuisine,emb. 220 gr (11 un),"€5,34/un","€24,27/kg"
Gelado Morango e Merengue Les Desserts,Carte D'Or,emb. 900 ml,"€5,49/un","€6,10/lt"
Bacalhau com Natas,Continente,emb. 600 gr,"€3,49/un","€5,82/kg"
Salteado da Horta,Bonduelle,emb. 400 gr,"€2,19/un","€5,48/kg"
Gelado Morango Les Classiques,Carte D'Or,emb. 750 ml,"€1,99/un","€2,65/lt"
Gelado Classicone Baunilha,Continente,emb. 660 ml (6 un),"€2,25/un","€3,13/lt"
Gelado Stracciatella,Continente,emb. 950 ml,"€2,79/un","€2,94/lt"
Barrinhas de Pescada com Limão sem Glúten,Pescanova,emb. 300 gr (10 un),"€4,99/un","€16,63/kg"
Pizza Marguerita,Continente Seleção,emb. 350 gr,"€3,29/un","€9,40/kg"
Filetes de Pescada sem Glúten,Pescanova,emb. 320 gr (4 un),"€4,39/un","€13,72/kg"
Hambúrguer de Bovino,Continente,emb. 1 kg (10 un),"€7,99/un","€7,99/kg"
Batatas para Assar,Continente,emb. 1 kg,"€1,69/un","€1,69/kg"
Bacalhau com Natas,Continente,emb. 350 gr,"€2,29/un","€6,54/kg"
Caldeirada de Bacalhau MSC Demolhado Ultracongelada,Continente,emb. 700 gr,"€3,49/un","€4,99/kg"
Gelado Tiramisú Les Desserts,Carte D'Or,emb. 900 ml,"€5,49/un","€6,10/lt"
Gelado Tarte Limão Les Desserts,Carte D'Or,emb. 900 ml,"€5,49/un","€6,10/lt"
Postas Médias de Bacalhau MSC Demolhado Congeladas Pack Poupança,Continente,"emb. 1,2 kg","€7,99/un","€6,66/kg"
Barrinhas de Pescada Ómega 3,Pescanova,emb. 450 gr (15 un),"€4,99/un","€11,09/kg"
Posta de Pescada do Chile nº5 Congelada,Continente,emb. 220 gr,"€10,99/kg","€2,42/un"
Hambúrguer de Frango,Iglo Take Away,emb. 227 gr (2 un),"€4,99/un","€21,98/kg"
Solha Grande Congelada,Continente,Quant. Mínima = 850 gr,"€4,99/kg","€4,24/un"
Filetes de Alabote Ultracongelados,Continente,emb. 800 gr,"€5,99/un","€7,49/kg"
Gelado Chocolate,Continente,emb. 1 lt,"€2,39/un","€2,39/lt"
Filetes Primavera Original Sem Glúten,Iglo,emb. 250 gr (2 un),"€3,74/un","€14,96/kg"
Gratinado De Peixe Limão e Ervas Sem Glúten,Iglo,emb. 380 gr (2 un),"€4,99/un","€13,13/kg"
Alho Picado,Iglo,emb. 150 gr,"€2,29/un","€15,27/kg"
Osso Buco de Vitela Branca Congelado,Continente,emb. 830 gr,"€9,99/kg","€8,29/un"
Base de Pato Desfiado,Continente,emb. 300 gr,"€4,49/un","€14,97/kg"
Gelado Baunilha & Morango,Carte D'Or,"emb. 1,7 L","€4,60/un","€2,71/lt"
Gelado Mini Vanilla Caramel Almond e Chocolate Choc Almond,Häagen-Dazs,emb. 240 ml (6 un),"€6,40/un","€26,67/lt"
Veggie Fingers,Iglo Green Cuisine,emb. 284 gr (10 un),"€3,99/un","€14,05/kg"
Gelado Double Chocolate e Morango,Magnum,emb. 264 ml (3 un),"€4,99/un","€18,90/lt"
Hambúrguer de Proteína Vegetal,Iglo Green Cuisine,emb. 200 gr (2 un),"€3,99/un","€19,95/kg"
Posta de Tamboril Ultracongelado,Continente,emb. 500 gr,"€12,99/un","€25,98/kg"
Mini Croquetes Carne para Forno,Continente Fácil & Bom,emb. 600 gr,"€5,99/un","€9,98/kg"
Gelado Baunilha e Chocolate,Carte D'Or,"emb.1,7 L","€4,60/un","€2,71/lt"
Mistura de Legumes Estilo Italiano,Continente,emb. 750 gr,"€2,29/un","€3,05/kg"
Gelado Strawberry Cheesecake,Ben & Jerry's,emb. 465 ml,"€4,99/un","€10,73/lt"
Salteado do Campo,Bonduelle,emb. 750 gr,"€3,69/un","€4,92/kg"
Crispy Hambúrgueres de Proteína Vegetal,Iglo Green Cuisine,emb. 200 gr (2 un),"€3,99/un","€19,95/kg"
Pizza Ristorante de Salame sem Glúten,Ristorante,emb. 315 gr,"€3,99/un","€12,67/kg"
Gelado Strawberries & Cream,Häagen-Dazs,emb. 460 ml,"€6,79/un","€14,76/lt"
Postas Tradicionais de Bacalhau MSC Ultracongeladas,Riberalves,emb. 550 gr (2 un),"€10,89/un","€19,80/kg"
Gelado Chocolate Branco e Maracujá Les Dessertss,Carte D'Or,emb. 900 ml,"€5,49/un","€6,10/lt"
Asa de Raia Higienizada Congelada,Continente,emb. 170 gr,"€7,99/kg","€1,36/un"
Lula recheada com Camarão Congelada,Continente,emb. 500 gr,"€8,99/un","€17,98/kg"
Folhado de Salsicha,Continente Fácil & Bom,emb. 480 gr (8 un),"€3,59/un","€7,48/kg"
Migas de Bacalhau Ponto Sal Ultracongeladas,Brasmar,emb. 400 g,"€5,49/un","€13,73/kg"
Peito de Pato Congelado,Marinhave,emb. 560 gr,"€14,15/kg","€7,92/un"
Gelado Morango,Continente,emb. 1 lt,"€2,39/un","€2,39/lt"
Camarão Vannamei Aquacultura 60/80 Congelado,Continente,Quant. Mínima = 200 gr (10 un),"€7,99/kg","€0,16/un"
Veggie Hambúrgueres,Iglo Green Cuisine,emb. 250 gr (2 un),"€3,99/un","€15,96/kg"
Posta de Tintureira Congelada,Continente,emb. 240 gr,"€4,99/kg","€1,20/un"
Preparado para Mariscada sem Glúten,Continente,emb. 700 gr,"€5,99/un","€8,56/kg"
Crepes de Maçã e Canela,Continente,emb. 540 gr (6 un),"€3,99/un","€7,39/kg"
Cannellonis Ricotta e Espinafres,Continente,emb. 300 gr,"€1,69/un","€5,63/kg"
Postas de Bacalhau MSC Congeladas,Continente,emb. 800 gr,"€8,99/un","€11,24/kg"
Miolo de Camarão Panado Congelado,Pescanova,emb. 300 gr (16/20 un),"€7,99/un","€26,63/kg"
Mini Rissóis e Croquetes de Carne Pré-Fritos,Continente Fácil & Bom,emb. 600 gr,"€6,99/un","€11,65/kg"
Pizza Ristorante de Mozzarella sem Glúten,Ristorante,emb. 370 gr,"€3,99/un","€10,78/kg"
Hambúrguer de Bovino Alto,Continente,emb. 1 kg (8 un),"€8,99/un","€8,99/kg"
Camarão Vannamei Aquacultura 20/30 Congelado,Continente,Quant. Mínima = 400 gr (10 un),"€8,99/kg","€0,36/un"
Mistura de Legumes Grelhados,Continente,emb. 500 gr,"€2,99/un","€5,98/kg"
Pescada Inteira Grande Congelada,Continente,Quant. Mínima = 1 kg,"€4,99/kg","€4,99/un"
Hambúrguer de Frango Sem Glúten,Capitão Iglo,emb. 240 gr (4 un),"€7,99/un","€33,29/kg"
Gelado Nata,Continente,emb. 1 lt,"€2,39/un","€2,39/lt"
"Gelado Café, Chocolate Branco e Caramelo",Continente,emb. 950 ml,"€2,79/un","€2,94/lt"
Mistura de Frutos do Bosque,Continente,emb. 500 gr,"€3,99/un","€7,98/kg"
Gelado Cookies & Cream,Häagen-Dazs,emb. 460 ml,"€6,79/un","€14,76/lt"
Gelado Vanilla Pecan Les Desserts,Carte D'Or,emb. 900 ml,"€5,49/un","€6,10/lt"
Lombos de Bacalhau do Atlântico Ultracongelados,Pescanova,emb. 600 gr,"€12,99/un","€21,65/kg"
Gelado Calippo Cola,Olá,emb. 105 ml (5 un),"€4,99/un","€9,50/lt"
Croquetes de Carne,Continente,emb. 300 gr (10 un),"€1,79/un","€5,97/kg"
Gelado Feast,Olá,emb. 360 ml (4 un),"€4,99/un","€13,86/lt"
Lombos de Salmão temperados com Alho Congelados,Continente,emb. 250 gr (2 un),"€6,99/un","€27,96/kg"
Lombos de Bacalhau Reserva MSC Gourmet Ultracongelados,Riberalves,emb. 1 kg (3 un),"€26,69/un","€26,69/kg"
Gelado Chocolate e Avelã,Continente,emb. 950 ml,"€2,79/un","€2,94/lt"
Medalhões de Perca do Nilo Congelados,Continente,emb. 400 gr,"€6,99/un","€17,48/kg"
Gelado Frutipop,Continente,emb. 368 ml (8 un),"€1,89/un","€5,14/lt"
Gelado Mini Classicone Morango,Continente,emb. 336 ml (12 unidades),"€2,29/un","€6,82/lt"
Mini Pizzas de Tomate e Mozzarella,Buitoni Piccolinis,emb. 270 gr (9 un),"€3,19/un","€11,81/kg"
Hambúrguer de Peru,Continente,emb. 420 gr (6 un),"€3,99/un","€9,50/kg"
Gelado Morango Les Sorbets,Carte D'Or,emb. 900 ml,"€5,49/un","€6,10/lt"
Mini Cheesecake de Caramelo Salgado,Continente Seleção,emb. 200 gr (2 un),"€2,99/un","€14,95/kg"
Cebola Picada,Iglo,emb. 350 gr,"€1,19/un","€3,40/kg"
Fishburger de Pescada,Pescanova,emb. 300 gr (4 un),"€4,19/un","€13,97/kg"
Gelado Peanut Butter Crunch,Häagen-Dazs,emb. 460 ml,"€6,79/un",
Gelado Pistachio,Magnum,emb. 300 ml (3 un),"€4,99/un","€16,63/lt"
Gelado White Chocolate and Cookies,Magnum,emb. 440 ml,"€5,99/un","€13,61/lt"
Postas de Pescada Nº5 do Cabo MSC Congeladas,Iglo,emb. 800 gr,"€8,99/un","€11,24/kg"
Palitos de Queijo,Continente,emb. 240 gr,"€1,99/un","€8,29/kg"
"Gelado Magnífico Chocolate Branco, Arroz Tufado e Morango",Continente,emb. 720 ml (6 un),"€2,49/un","€3,46/lt"
Filetes de Solha MSC Congelados,Continente,emb. 400 gr,"€6,49/un","€16,23/kg"
Lula da Patagónia cortada Congelada,Continente,emb. 400 gr,"€6,99/un","€17,48/kg"
Miolo de Berbigão Ultracongelado,Continente,emb. 250 gr,"€6,99/un","€27,96/kg"
Tarte Gelada Morango,Viennetta,emb. 650 ml,"€3,99/un","€6,14/lt"
Postas de Bacalhau Ultracongeladas,Pescanova,emb. 700 gr,"€10,99/un","€15,70/kg"
Mini Pizzas de Salame,Buitoni Piccolinis,emb. 270 gr (9 un),"€3,19/un","€11,81/kg"
Pizza Casa di Mama de Salame,Casa Di Mama,emb. 405 gr,"€5,49/un","€14,08/kg"
Cocktail Marisco Ultracongelado,Continente,emb. 500 gr,"€4,99/un","€9,98/kg"
Gelado Double Gold Caramel Billionaire,Magnum,emb. 440 ml,"€5,99/un","€13,61/lt"
Gelado Calippo Morango,Olá,emb. 525 ml (5 un),"€4,99/un","€9,50/lt"
Gelado Baunilha e Nozes Pecan,Continente,emb. 950 ml,"€2,79/un","€2,94/lt"
Tarte Gelada Baunilha e Chocolate,Continente,emb. 1 lt,"€1,99/un","€1,99/lt"
Sorvete de Açaí e Guaraná,Native Açaí,emb. 160 ml,"€2,49/un","€15,56/lt"
Brócolos,Bonduelle,emb. 400 gr,"€1,45/un","€3,63/kg"
Petinga Inteira Congelada,Frip,emb. 1 kg,"€4,99/un","€4,99/kg"
Batata Chef Gourmet,McCain,emb. 500 gr,"€3,05/un","€6,10/kg"
Gelado Chocolate e Avelãs Les Authentiques,Carte D'Or,emb. 1 lt,"€2,89/un","€2,89/lt"
Pizza Forno Di Pietra Fiambre e Cogumelos,Buitoni Forno di Pietra,emb. 340 gr,"€4,25/un","€12,50/kg"
Gelado Iogurte e Frutos Silvestres Les Desserts,Carte D'Or,emb. 900 ml,"€5,49/un","€6,10/lt"
Gelado Macadamia Nut Brittle,Häagen-Dazs,emb. 460 ml,"€6,79/un","€14,76/lt"
Pizza Carbonara,Continente,emb. 340 gr,"€2,19/un","€6,44/kg"
Baguete de Tomate com Manjericão,Continente,emb. 350 gr (2 un),"€1,49/un","€4,26/kg"
Rissóis de Camarão,Continente,emb. 450 gr (10 un),"€1,89/un","€4,20/kg"
Pizza Forno Di Pietra de Fiambre e Queijo,Buitoni Forno di Pietra,emb. 350 gr,"€4,25/un","€12,14/kg"
Crepes Chineses,Continente,emb. 345 gr (4 un),"€2,29/un","€6,64/kg"
Gelado Bomboniera,Magnum,emb. 140 ml (12 un),"€2,99/un","€21,36/lt"
Pastéis de Bacalhau,Continente,emb. 320 gr (10 un),"€2,49/un","€7,78/kg"
Almôndega de Novilho Chakall,Prime Meat,emb. 408 gr (12 un),"€5,59/un","€13,70/kg"
Sorvete de Açaí com Stevia,Native Açaí,emb. 160 ml,"€2,49/un","€15,56/lt"
Riced Veggies de Couve-flor e Quinoa,Continente,emb. 500 gr,"€2,19/un","€4,38/kg"
Espinafres Mil-Folhas,Bonduelle,emb. 400 gr,"€1,35/un","€3,38/kg"
Posta de Corvina 2ª Pele Congelada,Brasmar,emb. 200 gr,"€11,99/kg","€2,40/un"
Pizza Forno Di Pietra Caprese,Buitoni Forno di Pietra,emb. 350 gr,"€4,25/un","€12,14/kg"
Chili Sin Carne com Proteína Vegetal,Iglo Green Cuisine,emb. 400 gr,"€6,69/un","€16,73/kg"
Pop Nuggets,Continente,emb. 300 gr,"€2,99/un","€9,97/kg"
Filetes de Peixe Panados com Limão,Continente,emb. 320 gr (2 un),"€2,99/un","€9,34/kg"
Gelado White Chocolate,Magnum,emb. 440 ml,"€5,99/un","€13,61/lt"
Hambúrguer de Borrego Congelado,Continente Seleção,emb. 460 gr (4 un),"€6,99/un","€15,20/kg"
Salsichas de Porco Preto,Miguel & Miguel,emb. 400 gr,"€12,99/kg","€5,20/un"
Falafel com Cuscus e Legumes,Continente,emb. 500 gr,"€3,49/un","€6,98/kg"
Barrinhas de Pescada sem Glúten,Pescanova,emb. 300 gr (10 un),"€4,99/un","€16,63/kg"
Pizza Forno Di Pietra Hawai,Buitoni Forno di Pietra,emb. 380 gr,"€4,25/un","€11,18/kg"
Camarão de Moçambique 32/48 Ultracongelado,Pescanova,emb. 800 gr (32/48 un),"€17,99/un","€22,49/kg"
Preparado para Arroz de Marisco sem Glúten Congelado,Pescanova,emb. 500 gr,"€4,79/un","€9,58/kg"
Tiras de Pota Panadas,Pescanova,emb. 1 kg (35 a 50 un),"€6,99/un","€6,99/kg"
Filetes de Tamboril Congelado,Continente,emb. 250 gr,"€6,99/un","€27,96/kg"
Folhados de Alheira com Cogumelos,Continente Seleção,emb. 300 gr (2 un),"€2,99/un","€9,97/kg"
Gelado Almond,Magnum,emb. 440 ml,"€5,99/un","€13,61/lt"
Pescada Inteira Nº 5 do Chile Congelada,Continente,Quant. Mínima = 2 kg,"€11,99/kg","€23,98/un"
Hambúrguer Powered By Plants,Continente,emb. 160 gr (2 un),"€2,69/un","€16,81/kg"
Crepes com Doce de Ovos,Continente,emb. 540 gr (6 un),"€3,99/un","€7,39/kg"
Gelado Cookies & Cream Les Desserts,Carte D'Or,emb. 900 ml,"€5,49/un","€6,10/lt"
Amêijoa Vietnamita Castanha Congelada,Gelpeixe,Quant. Mínima = 700 gr,"€4,49/kg","€0,45/un"
Gelado Chocolate sem Açúcar,Continente Equilíbrio,emb. 500 ml,"€2,29/un","€4,58/lt"
Metade de Polvo Congelado,Continente Seleção,"emb. 1,8 kg","€15,99/kg","€28,78/un"
Picanha de Bovino Fatiada América do Sul Congelada,Continente,"emb. 1,1 kg","€18,99/kg","€20,89/un"
Mini Rissóis de Carne Pré-Fritos,Continente Fácil & Bom,emb. 600 gr,"€5,99/un","€9,98/kg"
Strudel de Maçã,Continente,emb. 600 gr,"€2,49/un","€4,15/kg"
Gelado Noz Les Authentiques,Carte D'Or,emb. 1 lt,"€2,89/un","€2,89/lt"
Camarão Massa Filó,Continente Seleção,emb. 8 un,"€3,99/un","€0,50/un"
"Galettes de Tomate, Curgete e Beringela",Bonduelle,emb. 300 gr (8 un),"€2,69/un","€8,97/kg"
Gelado Banana Split,Continente,emb. 950 ml,"€2,79/un","€2,94/lt"
Pizza Forno Di Pietra Diavola,Buitoni Forno di Pietra,emb. 340 gr,"€4,25/un","€12,50/kg"
Rissóis de Carne,Continente,emb. 420 gr (10 un),"€1,79/un","€4,26/kg"
Caldeirada de Bacalhau MSC 4 Meses,Riberalves,emb. 800 gr,"€6,59/un","€8,24/kg"
Lombos de Salmão temperados com Limão Congelados,Continente,emb. 250 gr (2 un),"€6,99/un","€27,96/kg"
Lombos de Salmão ASC Congelados,Iglo,emb. 375 gr (3 un),"€16,49/un","€43,97/kg"
Gelado Vanilla Caramel Almond,Häagen-Dazs,emb. 240 ml (3 un),"€4,69/un","€19,54/lt"
Delícias do Mar Congeladas,Pescanova,emb. 250 gr,"€2,48/un","€9,92/kg"
Gelado Red Berries,Solero,emb. 270 ml (3 un),"€3,99/un","€14,78/lt"
Amoras,Continente,emb. 500 gr,"€3,99/un","€7,98/kg"
Petit Gâteau de Caramelo Salgado,Continente,emb. 320 gr (4 un),"€3,29/un","€10,28/kg"
Hambúrguer Vegan Sabor a Frango,The Vegetarian Butcher,emb. 160 gr,"€4,19/un","€26,19/kg"
Gelado Brownie Macchiato,Häagen-Dazs,emb. 460 ml,"€6,79/un","€14,76/lt"
Gelado Salted Caramel Cheesecake,Carte D'Or,emb. 900 ml,"€5,49/un","€6,10/lt"
"Puré Feijão Verde, Courgette e Espinafres",Bonduelle,emb. 420 gr,"€2,24/un","€5,33/kg"
Gelado Duo Belgian Chocolate & Vanilla,Häagen-Dazs,emb. 420 ml,"€6,79/un","€16,17/lt"
Gelado Doce de Leite,Häagen-Dazs,emb. 460 ml,"€6,79/un","€14,76/lt"
Pizza Forno Di Pietra de 4 Queijos,Buitoni Forno di Pietra,emb. 340 gr,"€4,25/un","€12,50/kg"
Mistura de Legumes Estilo Francês,Continente,emb. 750 gr,"€2,29/un","€3,05/kg"
Gelado Coco Choco Parfait Les Dessertss,Carte D'Or,emb. 900 ml,"€5,49/un","€6,10/lt"
Gelado Calippo Mix,Olá,emb. 525 ml (5 un),"€4,99/un","€9,50/lt"
Hambúrgueres de Vaca Sem Glúten,Capitão Iglo,emb. 320 gr (4 un),"€7,99/un","€24,97/kg"
Gelado Peanut Butter Cup,Ben & Jerry's,emb. 465 ml,"€4,99/un","€10,73/lt"
Batata Steakhouse,Continente,emb. 1 kg,"€2,49/un","€2,49/kg"
Empadão de Carne,Continente,emb. 350 gr,"€2,69/un","€7,69/kg"
Gelado Morango sem Açúcar,Continente Equilíbrio,emb. 500 ml,"€2,29/un","€4,58/lt"
Gelado Cheesecake de Frutos Vermelhos Vegan Sem Lactose,Continente,emb. 500 ml,"€3,29/un","€6,58/lt"
Mistura de Frutas,Continente,emb. 450 gr,"€2,79/un","€6,20/kg"
Mistura de Frutas Exóticas,Continente,emb. 450 gr,"€2,79/un","€6,20/kg"
Red Fish Cal 500/700 Congelado,Continente,Quant. Mínima = 600 gr,"€4,99/kg","€2,99/un"
Mini Cheesecake de Framboesa,Continente Seleção,emb. 200 gr (2 un),"€2,99/un","€14,95/kg"
Nuggets de Pescada,Pescanova,emb. 1 kg (35 a 45 un),"€7,89/un","€7,89/kg"
Lombos de Salmão com Pele,Iglo,emb. 250 gr (2 un),"€7,49/un","€29,96/kg"
Lula da Patagónia Inteira Congelada,Continente,emb. 850 gr,"€7,99/un","€9,40/kg"
Mariscada Congelada,Continente Seleção,emb. 800 gr,"€6,99/un","€8,74/kg"
Gelado Sorbet Frutos Vermelhos,Continente,emb. 950 ml,"€2,79/un","€2,94/lt"
Gelado Caramelo Salgado Vegan Sem Lactose,Continente,emb. 500 ml,"€3,29/un","€6,58/lt"
Filete de Peixe Espada Preto Congelado,Gelpeixe,emb. 300 gr,"€7,99/un","€26,63/kg"
Chicken Fingers Original,Iglo Take Away,emb. 320 gr,"€7,19/un","€22,47/kg"
Gelado Fruit Collection Minicups,Häagen-Dazs,emb. 380 ml (4 un),"€6,75/un","€17,76/lt"
Tarte Gelada Cappuccino,Continente,emb. 1 lt,"€1,99/un","€1,99/lt"
Dobrada de Bovino Congelada,Indubeira,emb. 970 gr,"€4,99/kg","€4,84/un"
Espetadas Ultracongeladas de Porco Preto com Pimentos,Miguel & Miguel,emb. 450 gr,"€12,99/kg","€5,85/un"
Medalhões de Pescada do Cabo Congelados,Pescanova,emb. 2 kg (16/27 un),"€23,99/un","€12,00/kg"
Pizza Massa Fina Gran Formaggio,Iglo,emb. 555 gr,"€7,89/un","€14,22/kg"
Pescada Inteira Média Congelada,Continente,Quant. Mínima = 560 gr,"€4,49/kg","€2,51/un"
Gyosas de Vegetais,Continente,emb. 400 gr (20 un),"€2,59/un","€6,48/kg"
Lombinhos do Mar Ultracongelados,Pescanova,emb. 250 gr,"€1,99/un","€7,96/kg"
Postas de Bacalhau Ultracongeladas,Pescanova,emb. 700 gr,"€5,99/un","€8,56/kg"
Camarão Moçambique Médio 48/64 Ultracongelado,Pescanova,emb. 800 gr (48/64 un),"€22,99/un","€28,74/kg"
Grelos Mil-Folhas,Bonduelle,emb. 400 gr,"€1,65/un","€4,13/kg"
Hambúrgueres de Vaca e Queijo Sem Glúten,Iglo Take Away,emb. 200 gr (2 un),"€4,99/un","€24,95/kg"
Gelado Limão Les Sorbets,Carte D'Or,emb. 900 ml,"€5,49/un","€6,10/lt"
Rabos de Pescada MSC Congelado,Continente,"emb. 1,5 kg","€4,99/un","€3,33/kg"
Mistura de Legumes Estilo Ibérico,Continente,emb. 750 gr,"€2,29/un","€3,05/kg"
Gelado Pint Duo Belgian Chocolate & Strawberry,Häagen-Dazs,emb. 420 ml,"€6,79/un","€16,17/lt"
Miolo Gamba Selvagem Moçambique,Frip,emb. 300 gr,"€8,99/un","€29,97/kg"
Gelado Cookie Dough Non-Dairy Vegan Sem Lactose,Ben & Jerry's,emb. 465 ml,"€4,99/un","€10,73/lt"
Miolo de Camarão de Madagáscar 30/40 Congelado,Continente Seleção,emb. 250 gr,"€9,99/un","€39,96/kg"
Língua de Bovino Congelada,Continente,emb. 1 kg,"€7,99/kg","€7,99/un"
Sopa de Legumes,Iglo,emb. 750 gr,"€2,99/un","€3,99/kg"
Gelado Salt Caramel e Brownie Vegan Sem Lactose,Ben & Jerry's,emb. 465 ml,"€4,99/un","€10,73/lt"
Conquilha Pasteurizada Congelada,Continente,emb. 250 gr,"€4,99/un","€19,96/kg"
Pizza Fiambre e Cogumelos,Buitoni Bella Napoli,emb. 415 gr,"€5,49/un","€13,23/kg"
Gelado Baunilha sem Açúcar,Continente Equilíbrio,emb. 500 ml,"€2,29/un","€4,58/lt"
Mini Pizzas de Atum,Buitoni Piccolinis,emb. 270 gr (9 un),"€3,19/un","€11,81/kg"
Espetadas de Pato Congeladas,Marinhave,emb. 400 gr (2 un),"€7,39/un","€18,48/kg"
Camarão Vannamei 24/40 Ultracongelado,Pescanova,emb. 800 gr (24/40 un),"€11,99/un","€14,99/kg"
Mexilhão Meia Concha,Continente,emb. 250 gr,"€4,49/un","€17,96/kg"
Pérolas do Mar,Pescanova,emb. 300 gr,"€4,86/un","€16,20/kg"
Crepes de Creme de Pastel de Nata,Continente,emb. 540 gr (6 un),"€3,99/un","€7,39/kg"
Delícias de Salmão Fumado sem Glúten,Continente,emb. 125 gr,"€0,99/un","€7,92/kg"
Camarão Vannamei Grande 40/48 Ultracongelado,Pescanova,emb. 800 gr (40/48 un),"€9,99/un","€12,49/kg"
Pizza Forno Di Pietra Carbonara,Buitoni Forno di Pietra,emb. 300 gr,"€4,25/un","€12,50/kg"
Tarte Gelada Caramelo,Continente,emb. 1 lt,"€1,99/un","€1,99/lt"
Camarão Torpedo,Continente Seleção,emb. 8 un,"€3,99/un","€0,50/un"
Camarão Madagáscar Selvagem Ultracongelado,Continente,emb. 400 gr,"€3,99/un","€9,98/kg"
Chicken Nuggets Barbecue,Iglo Take Away,emb. 350 gr,"€7,19/un","€20,54/kg"
Polvo Congelado (3 a 4 kg),Continente Seleção,"emb. 3,63 kg","€15,99/kg","€58,04/un"
Gelado Chocolate Choc Almond,Häagen-Dazs,emb. 720 ml (3 un),"€4,69/un","€19,54/lt"
Almôndegas Powered By Plants,Continente,emb. 360 gr,"€6,19/un","€17,19/kg"
Amêijoa Branca Congelada,Continente,Quant. Mínima = 500 gr,"€4,99/kg","€2,50/un"
Gelado Caramel Brownie Vegan Sem Lactose,Continente,emb. 500 ml,"€3,29/un","€6,58/lt"
Gelado Pint Duo Dark Chocolate & Salted Caramel,Häagen-Dazs,emb. 420 ml,"€6,79/un","€16,17/lt"
Mistura de Frutas Tropicais,Continente,emb. 450 gr,"€2,79/un","€6,20/kg"
Gelado Caramel Collection Minicups,Häagen-Dazs,emb. 380 ml (4 un),"€6,75/un","€17,76/lt"
Pizza La Mia Grande 4 Formaggi,La Mia Grande,emb. 400 gr,"€6,29/un","€15,73/kg"
Nuggets Crocantes Vegan,The Vegetarian Butcher,emb. 180 gr,"€4,19/un","€23,28/kg"
Preparado para Mariscada sem Glúten Congelado,Pescanova,emb. 500 gr,"€6,99/un","€13,98/kg"
Gelado Chocolate Collection Minicups,Häagen-Dazs,emb. 380 ml (4 un),"€6,75/un","€17,76/lt"
Tarte Gelada Morango,Continente,emb. 1 lt,"€1,99/un","€1,99/lt"
Sardinha Inteira Nacional Congelada,Continente,emb. 1 kg,"€3,99/un","€3,99/kg"
Gelado Caramel Chew Chew,Ben & Jerry's,emb. 465 ml,"€4,99/un","€10,73/lt"
Hambúrguer Panado Vegan Sabor a Frango,The Vegetarian Butcher,emb. 180 gr,"€4,19/un","€23,28/kg"
"Gelado Morango, Mirtilo e Beterraba",Gigi,emb. 210 ml (3 un),"€2,99/un","€14,24/lt"
Posta de Espadarte Congelada,Continente,emb. 400 gr,"€15,99/kg","€6,40/un"
Gelado Mini Delights Baunilha,Continente,emb. 350 ml (10 un),"€3,49/un","€9,97/lt"
Gelado Soja Sandwich,Valsoia,emb. 320 gr,"€3,99/un","€12,47/kg"
Maruca Inteira Média Congelada,Continente,"Quant. Mínima = 1,5 kg","€12,99/kg","€19,49/un"
Caprichos do Mar sem Glúten,Pescanova,emb. 400 gr,"€3,59/un","€8,98/kg"
Batata Palitos para Forno Express,McCain,emb. 500 gr,"€3,05/un","€6,10/kg"
Pastéis de Carne Black Angus,Panidor,emb. 360 gr (6 un),"€5,59/un","€15,53/kg"
Caldeirada de Peixe Congelada,Continente,emb. 850 gr,"€6,49/un","€7,64/kg"
Tarte Gelada de Chocolate,Viennetta,emb. 650 ml,"€3,99/un","€6,14/lt"
Gambão 20/30 da Argentina Selvagem Congelado,Continente,Quant. Mínima = 500 gr (10 un),"€9,99/kg","€0,50/un"
Filete Paloco Congelado,Continente,emb. 800 gr,"€5,99/un","€7,49/kg"
Açaí Biológico,Sambazon,emb. 500 ml,"€6,59/un",
Pedaços Vegan Sabor a Frango,The Vegetarian Butcher,emb. 160 gr,"€4,19/un","€26,19/kg"
Mini Rissóis de Camarão Pré-Fritos,Continente Fácil & Bom,emb. 600 gr,"€5,99/un","€9,98/kg"
Ervilhas,Bonduelle,emb. 400 gr,"€1,45/un","€3,63/kg"
Gelado Cookie Dough,Ben & Jerry's,emb. 465 ml,"€4,99/un","€10,73/lt"
Gelado Caramelo e Amendoim,Continente,emb. 500 ml,"€2,49/un","€4,98/lt"
Mão de Vitela sem Osso Congelada,Indubeira,"emb. 2,2 kg","€3,99/kg","€8,78/un"
Gelado Chocolate Crunch Milk Caramel Pretzel,Continente,emb. 500 ml,"€2,69/un","€5,38/lt"
Espadilha Congelado,Filmar,emb. 800 gr,"€3,49/un","€4,36/kg"
Mini Pizzas Cremosa de Fiambre,Buitoni Piccolinis,emb. 270 gr (9 un),"€3,19/un","€11,81/kg"
Gamba Rosa de Moçambique,Continente Seleção,emb. 800 gr,"€9,99/un","€12,49/kg"
Hambúrguer Vegan Sabor a Carne,The Vegetarian Butcher,emb. 218 gr,"€5,39/un","€24,72/kg"
Pizza Forno Di Pietra 4 Estações,Buitoni Forno di Pietra,emb. 335 gr,"€4,25/un","€12,50/kg"
Douradinhos Vegan,Iglo Green Cuisine,emb. 336 gr (12 un),"€5,34/un","€15,89/kg"
Lombo de Bacalhau MSC Congelado,Riberalves,emb. 240 gr (1 un),"€5,49/un","€22,88/kg"
Camarão Aquacultura Black Tiger 20/30 Congelado,Continente,Quant. Mínima = 400 gr (10 un),"€11,99/kg","€0,48/un"
Gelado Cookies com Caramelo,Continente,emb. 500 ml,"€2,99/un","€5,98/lt"
Gelado Caramel Swirl Minicups,Häagen-Dazs,emb. 380 ml (4 un),"€6,75/un","€17,76/lt"
Pizza Forno Di Pietra de Atum,Buitoni Forno di Pietra,emb. 345 gr,"€4,25/un","€12,32/kg"
Rabo de Bovino Congelado,Continente,emb. 900 gr,"€10,49/kg","€9,44/un"
Lasanha Vegetariana,Continente Equilíbrio,emb. 300 gr,"€2,39/un","€7,97/kg"
Gelado Requeijão com Doce de Abóbora,Continente Seleção,emb. 450 ml,"€4,99/un","€11,09/lt"
Perca do Nilo sem Cabeça Congelada,Continente,"Quant. Mínima = 2,2 kg","€8,99/kg","€19,78/un"
Mini Pastéis de Bacalhau e Rissóis de Camarão Pré-Fritos,Continente Fácil & Bom,emb. 600 gr,"€6,99/un","€11,65/kg"
Gelado Sweet & Salty Amêndoa Remix,Magnum,emb. 440 ml,"€5,99/un","€13,61/lt"
Gelado Mini Amêndoa Remix,Magnum,emb. 330 ml (6 un),"€3,59/un","€10,88/lt"
Tentáculos de Polvo Cozido Congelados,Mareasvivas,emb. 200 gr,"€9,99/un","€49,95/kg"
Gelado Netflix & Chilll'd,Ben & Jerry's,emb. 465 ml,"€4,99/un","€10,73/lt"
Tentáculos de Polvo Congelados,Continente Seleção,emb. 300 gr,"€17,99/kg","€5,40/un"
Choco Limpo Higienizado Congelado,Continente,Quant. Mínima = 800 gr,"€12,99/kg","€10,39/un"
Tentáculo de Polvo Cozidos Cortados e Congelados,Continente,emb. 200 gr,"€8,99/un","€44,95/kg"
"Gelado Manga, Maracujá e Funcho",Gigi,emb. 210 ml (3 un),"€2,99/un","€14,24/lt"
Gelado Chocolate com Suspiro,Continente Seleção,emb. 450 ml,"€4,99/un","€11,09/lt"
Gelado Pastel de Nata,Continente Seleção,emb. 450 ml,"€4,99/un","€11,09/lt"
Gelado Pipoca com Caramelo,Continente,emb. 500 ml,"€2,99/un","€5,98/lt"
Gelado Ovos Moles de Aveiro,Continente Seleção,emb. 450 ml,"€4,99/un","€11,09/lt"
Longueirão Nacional Congelado,Continente,emb. 400 gr,"€4,99/un","€12,48/kg"
Polvo do Algarve Ultracongelado,Congelagos,emb. 850 gr,"€17,99/kg","€15,29/un"
Miolo de Camarão Cozido ASC Congelado,Royal Greenland,emb. 200 gr,"€4,99/un","€24,95/kg"
Posta Média de Bacalhau MSC Higienizada Congelada,Continente,emb. 350 gr,"€8,99/kg","€3,15/un"
Pescada Inteira Média do Cabo MSC Congelada,Continente,Quant. Mínima = 1 kg,"€6,99/kg","€6,99/un"
Berbigão Nacional Congelado,Continente,emb. 800 gr,"€4,49/un","€5,61/kg"
Camarão Selvagem Moçambique 10/20 Congelado,Continente Seleção,emb. 400 gr,"€13,99/un","€34,98/kg"
Mini Pizzas Dal Mondo Mexicana,Buitoni Piccolinis,emb. 270 gr ( 9 un),"€3,19/un","€11,81/kg"
Lombo de Porco Preto Congelado,Miguel & Miguel,emb. 650 gr,"€23,99/kg","€15,59/un"
Lombo de Bacalhau MSC Higienizado Congelado,Continente,emb. 250 gr,"€17,99/kg","€4,50/un"
Plumas Porco Preto Congeladas,Miguel & Miguel,emb. 750 gr,"€12,99/kg","€9,74/un"
Mistura de Legumes Vaporizados,Bonduelle,emb. 750 gr,"€2,69/un","€3,59/kg"
Mini Pastéis de Bacalhau Pré-Fritos,Continente Fácil & Bom,emb. 500 gr,"€5,99/un","€11,98/kg"
Lombo de Bovino América do Sul Congelado,Continente,"emb. 1,75 kg","€29,99/kg","€52,48/un"
Bife de Veado Congelado,Continente Seleção,emb. 250 gr,"€6,49/un","€25,96/kg"
Jardineira,Iglo,emb. 650 gr,"€2,99/un","€4,60/kg"
Batata Palitos Steakhouse,McCain,emb. 1 kg,"€4,19/un","€4,19/kg"
Camarão Vannamei Cozido 40/45 Ultracongelado,Pescanova,emb. 800 gr (40/45 un),"€13,49/un","€16,86/kg"
Gelado Chocolate Crunch Dark Brownie Temptation,Continente,emb. 500 ml,"€3,49/un","€6,98/lt"
Posta de Bacalhau MSC Congelada,Riberalves,emb. 260 gr (1 un),"€4,49/un","€17,27/kg"
Postas Maruca para Fritas Congeladas,Continente,emb. 600 gr,"€7,99/un","€13,32/kg"
Lombos de Bacalhau MSC Curados com Flor de Sal Congelados,Continente Seleção,emb. 800 gr,"€22,99/un","€28,74/kg"
Gelado Romântica,Carte D'Or,emb. 750 ml,"€7,49/un","€9,99/lt"
Gelado Artesanal Vegan Pistácios,Green Dalate,emb. 350 ml,"€4,99/un",
Posta de Bacalhau MSC Higienizada Congelada,Continente,emb. 350 gr,"€12,99/kg","€4,55/un"
Gelado Baunilha e Noz Pecan,Ben & Jerry's,emb. 465 ml,"€4,99/un","€10,73/lt"
Entrecôte de Bovino Fatiado América do Sul Congelado,BeefCo,emb. 400 gr,"€14,99/kg","€6,00/un"
Costeleta de Borrego Congelada,Continente,emb. 500 gr,"€16,99/kg","€8,50/un"
Camarão Tigre Moçambique 8/14 Ultracongelado,Pescanova,emb. 500 gr (8/14 un),"€29,99/un","€59,98/kg"
Polpa de Maracujá,Brasfrut,emb. 400 gr,"€4,49/un","€11,23/kg"
Bolo Brigadeiro,Continente,emb. 800 gr,"€8,89/un","€11,11/kg"
Camarão Vannamei Gigante 8/16 Congelado,Pescanova,emb. 800 gr (8/16 un),"€19,99/un","€24,99/kg"
Sapateira Cozida Congelada,Pescanova,emb. 600 gr,"€15,99/un","€26,65/kg"
Gelado Cone Together,Ben & Jerry's,emb. 465 ml,"€4,99/un","€10,73/lt"
Lombos de Salmão Biológicos Congelados sem Pele,Origens Bio,emb. 250 gr (2 un),"€15,79/un","€15,79/un"
Camarão Selvagem de Madagáscar 30/40 Congelado,Continente Seleção,emb. 800 gr,"€24,99/un","€31,24/kg"
Pavlova Frutos Vermelhos,Vários Sabores,emb. 450 gr,"€9,69/un","€21,53/kg"
Miolo de Camarão Moçambique 30/50 Congelado,Pescanova,emb. 250 gr (30/50 un),"€12,99/un","€51,96/kg"
Bife da Vazia de Bovino América do Sul Congelado,BeefCo,emb. 400 gr,"€13,99/kg","€5,60/un"
Empanadilha Espinafres e Queijo,Veggis,emb. 330 gr (2 un),"€3,19/un","€9,67/kg"
Riced Veggies com Alga Wakame,Continente,emb. 500 gr,"€2,19/un","€4,38/kg"
Cubos De Atum-Albacora MSC Marinados Congelados,Kold Fin,emb. 200 gr,"€3,79/un","€18,95/kg"
Gelado Classicone Tropical,Continente,emb. 660 ml (11 un),"€2,25/un","€3,41/lt"
Tataki de Atum MSC Congelado,Kold Fin,emb.150 gr,"€3,79/un","€25,27/kg"
Pizza Snacks 3 Queijos,Iglo Take Away,emb. 250 gr (2 un),"€4,99/un","€19,96/kg"
Amêijoa Macha Nacional,Aki D'el Mar,emb. 400 gr,"€7,99/un","€19,98/kg"
"Mistura de Curgete, Beringela e Pimentos Grelhados",Continente,emb. 400 gr,"€1,49/un","€3,73/kg"
Castanhas de Trás-os-Montes,Continente,emb. 500 gr,"€5,99/un","€11,98/kg"
Posta de Pescada para Fritar Congelada,Continente,emb. 500 gr,"€2,79/un","€5,58/kg"
Gelado Solero Exotic,Carte D'Or,emb. 900 ml,"€5,49/un","€6,10/lt"
Gelado Chocolate Negro e Avelã,Ferrero,emb. 211 gr (4 un),"€3,63/un","€18,15/kg"
Gelado Joys Collection Minicups,Häagen-Dazs,emb. 380 ml (4 un),"€6,75/un","€17,76/lt"
Empadão de Bacalhau,Riberalves,emb. 280 gr,"€4,99/un","€17,82/kg"
Gelado Baunilha e Morango,É Continente,emb. 2 lt,"€2,99/un","€1,50/lt"
Gelado Pé Morango,Olá,emb. 474 ml (6 un),"€4,99/un","€10,53/lt"
Gelado Creamy Fudge Brownie Minicups,Häagen-Dazs,emb. 380 ml (4 un),"€6,75/un","€17,76/lt"
Gelado New York Cheesecake,Carte D'Or,emb. 900 ml,"€5,29/un","€5,88/lt"
Polvo Congelado (4 a 6 kg),Continente Seleção,"emb. 4,7 kg","€18,99/kg","€89,25/un"
Gelado Chocolate Negro,Continente,emb. 1 lt,"€2,39/un","€2,39/lt"
Nuggets Vegan de Proteína Vegetal,Nestlé Garden Gourmet,emb. 300 gr,"€4,99/un","€16,63/kg"
Pão de Queijo com Alho,Continente Seleção,emb. 300 gr (12 un),"€2,69/un","€8,97/kg"
Gelado Soft Morango,Cornetto,emb. 560 ml (4 un),"€4,99/un","€8,91/lt"
Medalhões de Pescada do Cabo,Iglo,"emb. 1,1 kg (10 un)","€17,32/un","€15,75/kg"
Medalhões de Pescada do Cabo,Iglo,emb. 360 gr (6 un),"€5,82/un","€16,17/kg"
Maxi Hambúrguer Vegetariano,Linda McCartney's,emb. 227 gr (2 un),"€4,69/un","€20,66/kg"
Mirtilos Biológicos,Origens Bio,emb. 300 gr,"€4,99/un","€16,63/kg"
Pizza Prosciutto,Ristorante,emb. 340 gr,"€3,69/un","€10,85/kg"
Gambão no Forno 30/40,Pescanova,emb. 650 gr,"€18,99/un","€23,74/kg"
Mini Pizzas 4 Queijos,Iglo Take Away,emb. 372 gr (4 un),"€5,74/un","€15,43/kg"
Mini Pizzas Pepperoni,Iglo Take Away,emb. 372 gr (4 un),"€5,74/un","€15,43/kg"
Orelhas de Porco Congeladas,Continente,emb. 600 gr,"€4,19/kg","€2,51/un"
Ovas de Bacalhau Ultracongeladas,Abrancongelados,Quant. Mínima = 600 gr,"€10,99/un","€18,32/kg"
Hamburguer de Quinoa e Vegetais,Continente,emb. 450 gr,"€3,99/un","€8,87/kg"
Gambão Argentino Gigante Cal. 14/22 Congelado,Pescanova,emb.800 gr,"€14,99/un","€18,74/kg"
Miolo de Vieira Congelado,Continente Seleção,emb. 250 gr,"€7,99/un","€31,96/kg"
Tentáculos de Pota Congelados,Continente,emb. 500 gr,"€3,99/un","€7,98/kg"
Gelado Chocolate Branco e Amêndoa,Continente,emb. 8 un,"€2,99/un","€2,99/lt"
O Gelado Morango Vegan,,emb. 460 ml,"€7,80/un","€16,96/lt"
Posta de Salmão Congelada,Abrancongelados,emb. 200 gr,"€12,99/kg","€2,60/un"
Pizza Marguerita Vegan,Ristorante,emb. 340 gr,"€3,99/un","€11,74/kg"
Porção de Atum Descongelado,Continente,emb. 120 gr (1 un),"€2,99/un","€24,92/kg"
Pizza Deep Pan 3 Queijos,Iglo Take Away,emb. 421 gr,"€6,49/un","€15,42/kg"
Unhas de Porco Congeladas,Continente,emb. 850 gr,"€2,29/kg","€1,95/un"
Secretos de Porco Congelados,Continente,emb. 900 gr,"€5,99/kg","€5,39/un"
Gelado Tips,Cornetto,emb. 80 gr (5 un),"€4,99/un","€62,38/kg"
Preparado para Massada de Marisco sem Glúten,Continente,emb. 800 gr,"€7,99/un","€9,99/kg"
Posta de Pescada para Cozer Congelada,Continente,emb. 500 gr,"€2,79/un","€5,58/kg"
Pizza Marguerita,Buitoni Bella Napoli,emb. 425 gr,"€5,49/un","€12,92/kg"
Bacalhau Caras Ultracongelado,Riberalves,emb. 1 kg,"€6,59/un","€6,59/kg"
Pizza Snacks Pepperoni,Iglo Take Away,emb. 250 gr (2 un),"€4,99/un","€19,96/kg"
Douradinhos de Salmão,Continente,emb. 270 gr (9 un),"€2,99/un","€11,07/kg"
Tiras de Entrecosto de Porco Congeladas,Continente,emb. 600 gr,"€6,49/kg","€3,89/un"
Gelado Classic Frutos Vermelhos,Continente,emb. 720 ml (6 un),"€2,25/un","€3,13/kg"
O Gelado Chocolate e Amêndoa Vegan,,emb. 460 ml,"€7,80/un","€16,96/lt"
Preparado para Arroz de Marisco sem Glúten Congelado,Continente,emb. 800 gr,"€6,99/un","€8,74/kg"
Gelado Double Caramel,Magnum,emb. 264 ml (3 un),"€2,99/un","€11,33/lt"
Bacalhau Posta Fina Ultracongelado,Riberalves,emb. 800 gr,"€7,19/un","€8,99/kg"
Gelado Vanilla Brownie & Raspberry,Häagen-Dazs,emb. 420 ml,"€6,79/un","€16,17/lt"
Pizza Tonno,Casa Di Mama,emb. 435 gr,"€5,49/un","€12,62/kg"
Pizza Hawai,Casa Di Mama,emb. 415 gr,"€5,49/un","€13,23/kg"
Carpaccio de Bovino Congelado,Angus,emb. 800 gr,"€19,99/un","€24,99/kg"
Gelado Cookies & Cream,Continente,emb. 4 un,"€2,69/un","€9,89/kg"
Gelado Mini Bites de Morango,Olá,emb. 100 ml (10 un),"€1,49/un","€14,90/lt"
Pizza Salame Romano,Tradizionale,emb. 385 gr,"€5,49/un","€14,26/kg"
Gelado Baileys e Baunilha Les Desserts,Carte D'Or,emb. 900 ml,"€5,49/un","€6,10/lt"
Gelado Mini Bites de Baunilha,Olá,emb. 100 ml (10 un),"€1,49/un","€14,90/lt"
Meia Lagosta Cozida Higienizada Congelada,Brasmar,emb. 320 gr,"€49,99/kg","€16,00/un"
Carabineiro Selvagem de Moçambique Congelado,Continente Seleção,emb. 800 gr,"€69,99/un","€87,49/kg"
Petit Gâteau de Chocolate,Continente,emb. 320 gr (4 un),"€3,29/un","€10,28/kg"
Pizza Mozzarella e Pesto,Tradizionale,emb. 390 gr,"€5,49/un","€14,08/kg"
Bacalhau do Chefe,Riberalves,emb. 300 gr,"€4,99/un","€16,63/kg"
Camarão Tigre Moçambique 10/15 Congelado,Continente,Quant. Mínima = 320 gr,"€29,99/kg","€2,40/un"
Gelado Chocolate e Avelã,Ferrero,emb. 211 gr (4 un),"€3,63/un","€18,15/kg"
Lombinhos de Bacalhau Demolhado MSC Ultracongelado,Reymar,emb. 600 gr,"€8,99/un","€14,98/kg"
Gelado Hazelnut Chocolate Sundae,Ben & Jerry's,emb. 427 ml,"€4,99/un","€11,69/lt"
Bife de Atum Ultracongelado,Continente Seleção,emb. 250 gr,"€4,49/un","€17,96/kg"
Gelado Magnífico Cookies,Continente,emb. 600 ml (6 un),"€2,79/un","€4,65/lt"
Tranches de Salmão,Silverios,emb. 450 gr (3 un),"€10,99/un","€24,42/kg"
Tentáculos de Pota Cozidos Congelados,Pescanova,emb. 300 gr,"€8,00/un","€26,67/kg"
Douradinhos de Peixe Rústicos,Capitão Iglo,emb. 336 gr (12 un),"€7,14/un","€21,25/kg"
Lulinhas Congeladas,Pescanova,emb. 500 gr,"€7,99/un","€15,98/kg"
Gelado Mini Mix Vegan,Magnum,emb. 330 ml (6 un),"€3,59/un","€10,88/lt"
Pizza Deep Pan Pepperoni e Fiambre,Iglo Take Away,emb. 415 gr,"€6,49/un","€15,64/kg"
Pizza Marguerita,Continente,emb. 900 gr (3 un),"€3,29/un","€3,66/kg"
Gelado Push-Pop,Continente,emb. 4 un,"€2,49/un","€0,62/un"
Lombos Naturais de Pescada Congelados,Gelpeixe,emb. 200 gr (2 un),"€2,49/un","€12,45/kg"
O Gelado Tarte Amêndoa,,emb. 490 ml,"€6,95/un","€14,18/lt"
Salsichas de Proteína Vegetal,Iglo Green Cuisine,emb. 200 gr (4 un),"€3,99/un","€19,95/kg"
Ervilhas Biológicas,Origens Bio,emb. 300 gr,"€1,89/un","€6,30/kg"
Pizza Pancetta Delicata,Tradizionale,emb. 390 gr,"€5,49/un","€14,08/kg"
Gelado Feast Les Desserts,Carte D'Or,emb. 900 ml,"€5,49/un","€6,10/lt"
Gambão Argentino Congelado,Pescanova,emb. 300 gr,"€11,98/un","€39,93/kg"
Sapateira Cozida Congelada,Marfresco,Quant. Mínima = 710 gr (1 un),"€6,49/kg","€4,61/un"
Entrecosto de Porco Congelado,Continente,"emb. 1,4 kg","€4,99/kg","€6,99/un"
Filetes de Robalo Congelados,Fandicosta,emb.180 gr,"€4,49/un","€24,94/kg"
Posta de Maruca para Cozer Congelada,Continente,emb. 500 gr,"€3,99/un","€7,98/kg"
Empanadilha Cogumelos,Veggis,emb. 330 gr (2 un),"€3,29/un","€9,97/kg"
Bacalhau à Brás,Riberalves,emb. 240 gr,"€4,99/un","€20,79/kg"
Panado Vegan de Proteína Vegetal,Nestlé Garden Gourmet,emb. 270 gr,"€4,99/un","€18,48/kg"
Gelado Baunilha e Caramelo,Continente,emb. 950 ml,"€2,79/un","€2,94/lt"
Muslitos do Mar,Pescanova,emb. 250 gr (8 un),"€1,98/un","€7,92/kg"
Pastéis de Legumes,Veggis,emb. 280 gr,"€3,49/un","€12,46/kg"
Almôndegas Vegetais,Veggis,emb. 150 gr,"€4,19/un","€27,93/kg"
Pizza Speciale,Ristorante,emb. 345 gr,"€3,69/un","€10,70/kg"
Cocktail de Marisco sem Glúten Congelado,Continente,emb. 400 gr,"€3,49/un","€8,73/kg"
Hambúrguer de Atum-Albacora MSC Congelado,Kold Fin,emb. 120 gr,"€1,99/un","€16,58/kg"
Gelado Mini Classicone Maracujá,Continente,emb. 12 un,"€2,29/un","€6,82/kg"
Gelado Vanilla Hazelnut & Caramel,Häagen-Dazs,emb. 420 ml,"€6,79/un","€16,17/lt"
Tiras de Frango Panado,Pescanova,emb. 1 kg,"€22,99/un","€22,99/kg"
Filetes de Dourada Congelados,Fandicosta,emb.180 gr (2 un),"€4,49/un","€24,94/kg"
Pescadinha do Cabo Congelada,Pescanova,emb. 900 gr (5 a 7 un),"€6,99/un","€7,77/kg"
Gelado Magnífico Chocolate e Amêndoa Vegan,Continente,emb. 3 un,"€1,99/un","€7,37/lt"
Amêijoa Branca,Aligator,emb. 450 gr,"€1,69/un","€3,76/kg"
Gelado Epá Pintarolas,Olá,emb. 600 ml (6 un),"€4,99/un","€8,32/lt"
Cubos de Curgete Biológica,Origens Bio,emb. 300 gr,"€1,49/un","€4,97/kg"
Gelado Mini Cook Mania,Magnum,emb. 330 ml (6 un),"€3,59/un","€10,88/lt"
Gelado Morango e Merengue,Continente,emb. 950 ml,"€2,79/un","€2,94/lt"
Empadas de Soja,Veggis,emb. 4 x 65 gr,"€3,99/un","€15,35/kg"
Douradinhos de Peixe,É Continente,emb. 900 gr (30 un),"€4,69/un","€5,21/kg"
Filetes Red Fish Congelado,Filmar,emb. 500 gr,"€4,99/un","€9,98/kg"
Gelado Fresh Limão e Morango,Continente,emb. 6 un,"€2,29/un","€0,38/un"
Rissóis de Cogumelos,Veggis,emb. 280 gr (4 un),"€4,29/un","€15,32/kg"
Gelado Mini Classicone Clássico,Continente,emb. 12 un,"€1,99/un","€5,92/kg"
Gelado Disney Frozen,Olá,emb. 900 ml,"€5,49/un","€6,10/lt"
Gelado Cookie Dough Peaces,Ben & Jerry's,emb. 160 ml,"€4,99/un","€31,19/lt"
Mix Frutos Vermelhos Biológicos,Origens Bio,emb. 300 gr,"€3,99/un","€13,30/kg"
Gelado Raffaello,Ferrero,emb. 194 gr (4 un),"€3,63/un","€19,31/kg"
Nuggets de Frango Panados,Pescanova,emb. 1 kg,"€22,99/un","€22,99/kg"
Ervilhas,Continente,emb. 1 kg,"€1,19/un","€1,19/kg"
Bife de Javali Ultracongelado,Continente Seleção,emb. 250 gr,"€5,79/un","€23,16/kg"
Bolo Floresta Negra,Continente,emb. 700 gr,"€8,99/un","€12,84/kg"
Bolo de Bolacha de Chocolate,Casa do Crespo,emb. 800 gr,"€8,79/un","€10,99/kg"
Sublime de Biscoito de Cacau,Vários Sabores,emb. 600 gr,"€10,39/un","€17,32/kg"
Sublime de Frutos Vermelhos,Vários Sabores,emb. 600 gr,"€10,39/un","€17,32/kg"
Camarão de Madagáscar 60/80 ASC Congelado,Continente Seleção,emb. 800 gr,"€19,99/un","€24,99/kg"
Bolo de Aniversário de Chocolate Quadrado,Casa do Crespo,emb. 750 gr,"€9,99/un","€13,32/kg"
Bolo Folhado,Casa do Crespo,emb. 800 gr,"€11,09/un","€13,86/kg"
Bolo de Aniversário de Chocolate Menino,Casa do Crespo,emb. 750 gr,"€12,49/un","€16,65/kg"
Lombo de Bovino América do Sul Congelado,BeefCo,Quant. Mínima = 400 gr,"€23,99/kg","€9,60/un"
Mariscada de Moçambique Congelada,Continente Seleção,emb. 800 gr,"€24,99/un","€31,24/kg"
Lagosta Selvagem de Moçambique Congelada,Continente Seleção,emb. 800 gr (4 un),"€34,99/un","€43,74/kg"
Lagosta Congelada,Continente,Quant. Mínima = 150 gr,"€39,99/kg","€6,00/un"
Camarão Tigre Moçambique Selvagem,Continente Seleção,emb. 800 gr,"€49,99/un","€62,49/kg"
Camarão Tigre Médio 6/8 Congelado,Continente,Quant. Mínima = 420 gr (3 un),"€44,99/kg","€6,30/un"
Camarão Tigre Gigante Congelado,Continente,Quant. Mínima = 900 gr (3 un),"€49,99/kg","€15,00/un"
Vazia Wagyu Uruguai Fatiada Congelada,BeefCo,emb. 200 gr,"€79,99/kg","€16,00/un"
Cerveja com Álcool Mini,Super Bock,emb. 30 x 25 cl,"€13,99/un","€1,87/lt"
Cerveja com Álcool,Super Bock,emb. 15 x 33 cl,"€10,49/un","€2,12/lt"
Cerveja com Álcool Mini,Sagres,emb. 30 x 25 cl,"€12,99/un","€1,73/lt"
Refrigerante com Gás Cola Zero,Coca-Cola,emb. 4 x 1 lt,"€4,55/un","€1,14/lt"
Cerveja com Álcool Mini,Super Bock,emb. 24 x 20 cl,"€10,49/un","€2,19/lt"
"Água sem Gás Alcalina pH 9,5",Monchique,"emb. 6 x 1,5 lt","€3,99/un","€0,44/lt"
Refrigerante com Gás Cola Zero,Coca-Cola,"emb. 2 x 1,75 lt","€3,35/un","€0,96/lt"
Água com Gás Mineral Natural Gasocarbónica,Pedras Salgadas,emb. 10 x 25 cl,"€4,89/un","€1,96/lt"
Água sem Gás Mineral Natural,Luso,"emb. 6 x 1,5 lt","€3,10/un","€0,34/lt"
Tapada das Lebres Reserva Premium Regional Alentejo Vinho Tinto,Tapada das Lebres,garrafa 75 cl,"€4,89/un","€6,52/lt"
Água com Gás Mineral Natural Gasocarbónica,Pedras Salgadas,emb. 6 x 33 cl,"€2,77/un","€1,40/lt"
Refrigerante com Gás Cola Zero,Coca-Cola,emb. 6 x 33 cl,"€4,30/un","€2,17/lt"
Refrigerante com Gás Cola,Coca-Cola,emb. 4 x 1 lt,"€5,20/un","€1,30/lt"
Água sem Gás Mineral Natural Garrafão,Luso,emb. 7 lt,"€1,64/un","€0,23/lt"
Ceder's Classic Destilado sem Álcool,Ceder's,garrafa 50 cl,"€26,49/un","€52,98/lt"
Refrigerante com Gás Cola,Coca-Cola,emb. 6 x 33 cl,"€4,55/un","€2,30/lt"
Pasmados Regional Península de Setúbal Vinho Tinto,Pasmados,garrafa 75 cl,"€9,99/un","€13,32/lt"
Luís Pato Espumante Baga Bruto,Luís Pato,garrafa 75 cl,"€9,49/un","€12,65/lt"
Sidra com Ácool Peste & Sidra,Musa,garrafa 33 cl,"€2,99/un","€9,06/lt"
Água sem Gás Mineral Natural,Vitalis,"emb. 6 x 1,5 lt","€2,59/un","€0,29/lt"
Cerveja com Álcool,Super Bock,emb. 24 x 33 cl,"€16,49/un","€2,08/lt"
Cancellus Premium DOC Douro Vinho Tinto,Cancellus,garrafa 75 cl,"€3,59/un","€4,79/lt"
Refrigerante com Gás Cola,Coca-Cola,"emb. 2 x 1,75 lt","€4,00/un","€1,14/lt"
Cerveja com Álcool,Heineken,emb. 24 x 25 cl,"€12,99/un","€2,17/lt"
Tisana Chá Verde e Limão Light,Pleno,"emb. 4 x 1,5 lt","€5,96/un","€0,99/lt"
Carm Reserva DOC Douro Vinho Branco,Carm,garrafa 75 cl,"€16,49/un","€21,99/lt"
Sidra com Álcool Maçã Mini,Somersby,emb. 15 x 20 cl,"€10,49/un","€3,50/lt"
Água sem Gás Mineral Natural,Luso,emb. 6 x 50 cl,"€2,74/un","€0,91/lt"
Chá Verde Pêssego Branco,Lipton,garrafa 1 lt,"€1,27/un","€1,27/lt"
Ice Tea Pêssego,Lipton,emb. 2 x 2 lt,"€4,98/un","€1,25/lt"
Ice Tea Limão Pack,Lipton,emb. 2 x 2 lt,"€4,98/un","€1,25/lt"
"Doses Fruta Maçã, Banana, Laranja e Ananás Kids +3A",Compal Essencial,emb. 3 x 11 cl,"€2,29/un","€6,94/lt"
Pera Doce Reserva Regional Alentejano Vinho Tinto,Pera Doce,garrafa 75 cl,"€3,59/un","€4,79/lt"
Mula Velha Reserva Regional Lisboa Vinho Tinto,Mula Velha,garrafa 75 cl,"€2,99/un","€3,99/lt"
Néctar 8 Frutos,Um Bongo,emb. 6 x 20 cl,"€2,98/un","€2,48/lt"
Água sem Gás Mineral Natural,Fastio,"emb. 4 x 1,5 lt","€2,40/un","€0,40/lt"
Água sem Gás Mineral Natural,Caldas de Penacova,"emb. 6 x 1,5 lt","€2,28/un","€0,25/lt"
Água com Gás Natural Limão,Pedras Salgadas,emb. 4 x 25 cl,"€2,39/un","€2,39/lt"
Ice Tea Manga Pack,Lipton,emb. 2 x 2 lt,"€4,98/un","€1,25/lt"
Água sem Gás Mineral Alcalina pH 9,Continente,"emb. 6 x 1,5 lt","€2,34/un","€0,26/lt"
Néctar Laranja do Algarve,Compal Origens,emb. 3 x 20 cl,"€1,69/un","€2,82/lt"
Água Mineral Natural Gasocarbónica,Pedras Salgadas,emb. 6 x 25 cl,"€2,99/un","€1,99/lt"
Doses Fruta Maçã +3A,Compal Essencial,emb. 3 x 11 cl,"€2,29/un","€6,94/lt"
Doses Fruta Pera +3A,Compal Essencial,emb. 3 x 11 cl,"€2,29/un","€6,94/lt"
Água sem Gás Mineral Natural,Fastio,emb. 6 x 50 cl,"€2,39/un","€0,80/lt"
Doses Fruta Pêssego +3A,Compal Essencial,emb. 3 x 11 cl,"€2,29/un","€6,94/lt"
Doses Fruta Manga +3A,Compal Essencial,emb. 3 x 11 cl,"€2,29/un","€6,94/lt"
Néctar Pêssego,Compal Clássico,emb. 6 x 20 cl,"€2,98/un","€2,48/lt"
Água com Gás Natural Limão,Pedras Salgadas,emb. 4 x 33 cl,"€2,77/un","€2,10/lt"
Tisana Chá Verde e Limão,Pleno,"emb. 4 x 1,5 lt","€5,96/un","€0,99/lt"
Refrigerante com Gás Cola,Coca-Cola,emb. 12 x 15 cl,"€6,24/un","€3,47/lt"
Cerveja com Álcool Mini,Super Bock,emb. 15 x 20 cl,"€6,99/un","€2,33/lt"
"Água sem Gás Mineral Natural Alcalina pH 9,5 Garrafão",Monchique,emb. 5 lt,"€1,49/un","€0,30/lt"
Néctar Manga e Laranja com Stevia,Compal Vital Equilíbrio,emb. 3 x 20 cl,"€1,69/un","€2,82/lt"
Água sem Gás,Serra da Estrela,emb. 6 x 50 cl,"€1,99/un","€0,66/lt"
Água com Gás Mineral Natural,Vimeiro,emb. 6 x 50 cl,"€3,19/un","€1,06/lt"
Néctar Manga Magdalena,Compal Origens,emb. 3 x 20 cl,"€1,69/un","€2,82/lt"
Água sem Gás,Continente,"emb. 6 x 1,5 lt","€1,50/un","€0,17/lt"
Ice Tea Pêssego,Lipton,emb. 1 lt,"€1,49/un","€1,49/lt"
Ice Tea Limão,Lipton,emb. 3 x 20 cl,"€1,35/un","€2,25/lt"
Água com Gás Natural Limão,Frize,emb. 4 x 25 cl,"€2,09/un","€2,09/lt"
Néctar Pera,Compal Clássico,emb. 3 x 20 cl,"€1,49/un","€2,48/lt"
Néctar Manga,Um Bongo,emb. 3 x 20 cl,"€1,49/un","€2,48/lt"
Refrigerante com Gás Cola Zero,Continente,emb. 4 x 2 lt,"€3,16/un","€0,40/lt"
Ice Tea Pêssego,Lipton,emb. 3 x 20 cl,"€1,35/un","€2,25/lt"
Água com Gás Mineral Natural,Vimeiro,emb. 6 x 25 cl,"€2,75/un","€1,83/lt"
Só Pias Vinho Tinto,Só Pias,Bag in Box 5 lt,"€7,49/un","€1,50/lt"
Néctar Tutti Frutti,Compal Clássico,emb. 6 x 20 cl,"€2,98/un","€2,48/lt"
Sidra com Álcool Maçã,Somersby,emb. 10 x 33 cl,"€10,29/un","€3,12/lt"
Cerveja com Álcool,Cristal,emb. 33 cl,"€0,49/un","€1,48/lt"
Água com Gás Natural Maracujá,Pedras Salgadas,emb. 4 x 25 cl,"€2,39/un","€2,39/lt"
Néctar Frutos Vermelhos,Compal Vital Equilíbrio,emb. 3 x 20 cl,"€1,69/un","€2,82/lt"
Sumo Maçã e Morango,Continente,emb. 75 cl,"€2,79/un","€3,72/lt"
Cabeça de Burro Reserva DOC Douro Vinho Branco,Cabeça de Burro,garrafa 75 cl,"€7,49/un","€9,99/lt"
Néctar Manga Magdalena,Compal Origens,emb. 1 lt,"€1,69/un","€1,69/lt"
Refrigerante com Gás Lima Limão sem Açúcar,Seven Up,emb. 6 x 33 cl,"€3,19/un","€1,60/lt"
Néctar Manga,Um Bongo,emb. 1 lt,"€1,09/un","€1,09/lt"
Água com Gás Natural Limão,Pedras Salgadas,emb. 1 lt,"€1,49/un","€1,49/lt"
Sumo 100% Maçã,Compal 100% Fruta,emb. 1 lt,"€1,69/un","€1,69/lt"
Néctar Maracujá,Compal Clássico,emb. 1 lt,"€1,69/un","€1,69/lt"
Refrigerante com Gás Lima Limão Free,Seven Up,"emb. 1,75 lt","€1,89/un","€1,08/lt"
Água sem Gás Mineral Natural Garrafão,Vitalis,emb. 6 lt,"€1,39/un","€0,23/lt"
Néctar Laranja,Um Bongo,emb. 3 x 20 cl,"€1,49/un","€2,48/lt"
Néctar Manga e Laranja com Stevia,Compal Vital Equilíbrio,emb. 1 lt,"€1,69/un","€1,69/lt"
Cerveja com Álcool,Carlsberg,emb. 24 x 25 cl,"€13,47/un","€2,25/lt"
"Sumo 100% Maçã, Cereja e frutas",Ceres,emb. 1 lt,"€2,49/un","€2,49/lt"
Néctar Pêssego,Compal Clássico,emb. 3 x 20 cl,"€1,49/un","€2,48/lt"
Ice Tea Limão,Lipton,emb. 1 lt,"€1,49/un","€1,49/lt"
"Água com Gás Natural Lima, Pepino e Gengibre",Frize,emb. 4 x 25 cl,"€2,09/un","€2,09/lt"
"Néctar Laranja, Cenoura e Manga com Stevia",Compal Vital Equilíbrio,emb. 1 lt,"€1,69/un","€1,69/lt"
"Néctar Manga, Maracujá e Limão",Compal Família,"emb. 1,25 lt","€1,59/un","€1,27/lt"
Ice Tea Manga,Lipton,emb. 3 x 20 cl,"€1,35/un","€2,25/lt"
Cancellus Premium DOC Douro Vinho Branco,Cancellus,garrafa 75 cl,"€3,59/un","€4,79/lt"
Néctar Manga e Maracujá,Compal Vital Equilíbrio,emb. 1 lt,"€1,69/un","€1,69/lt"
Néctar Ananás,Compal Clássico,emb. 1 lt,"€1,69/un","€1,69/lt"
Água com Gás Limão,Continente,emb. 6 x 25 cl,"€2,49/un","€1,66/lt"
Néctar Laranja do Algarve,Compal Origens,emb. 1 lt,"€1,69/un","€1,69/lt"
Néctar Pera Rocha,Compal Clássico,emb. 1 lt,"€0,99/un","€0,99/lt"
Néctar Tutti Frutti,Compal Clássico,emb. 3 x 20 cl,"€1,49/un","€2,48/lt"
Água com Gás Natural Tangerina,Frize,emb. 4 x 25 cl,"€2,09/un","€2,09/lt"
Néctar Ananás e Coco com Stevia,Compal Vital Equilíbrio,emb. 1 lt,"€1,69/un","€1,69/lt"
Refrigerante com Gás Cola Zero,Coca-Cola,emb. 4 x 20 cl,"€2,76/un","€3,45/lt"
Néctar Ananás,Compal Clássico,emb. 3 x 20 cl,"€1,49/un","€2,48/lt"
Licor Beirão,Beirão,garrafa 70 cl,"€11,99/un","€17,13/lt"
Néctar Laranja e Maracujá com Stevia,Compal Vital Equilíbrio,emb. 1 lt,"€1,69/un","€1,69/lt"
Água com Gás Mineral Natural,Carvalhelhos,emb. 6 x 33 cl,"€2,66/un","€1,34/lt"
Refrigerante sem Gás Laranja,Aquarius,emb. 33 cl,"€0,69/un","€2,09/lt"
Néctar Frutos Vermelhos com Stevia,Compal Vital Equilíbrio,emb. 1 lt,"€1,69/un","€1,69/lt"
Sidra com Álcool Maçã,Bandida do Pomar,emb. 4 x 25 cl,"€3,19/un","€3,19/lt"
M. J. Freitas Vinho Branco,M. J. Freitas,Bag in Box 3 lt,"€8,29/un","€2,76/lt"
Cerveja com Álcool Mini,Super Bock,emb. 10 x 20 cl,"€5,49/un","€2,75/lt"
"Tisana Cidreira, Tília, Camomila e Limão",Pleno,"emb. 4 x 1,5 lt","€5,96/un","€0,99/lt"
Casal da Eira Vinho Branco,Casal da Eira,emb. 1 lt,"€1,69/un","€1,69/lt"
Sidra com Álcool Maçã,Somersby,emb. 6 x 20 cl,"€4,59/un","€3,83/lt"
Ice Tea Limão sem Açúcar,Lipton,emb. 2 lt,"€2,29/un","€1,15/lt"
Refrigerante com Gás Cola Zero Açúcar Zero Cafeína,Coca-Cola,emb. 6 x 33 cl,"€4,30/un","€2,17/lt"
Néctar 8 Frutos,Um Bongo,emb. 3 x 20 cl,"€1,49/un","€2,48/lt"
Néctar Alperce,Compal Clássico,emb. 3 x 20 cl,"€1,49/un","€2,48/lt"
"Sumo 100% Goiaba, Uva e Maçã",Continente Equilíbrio,emb. 1 lt,"€1,19/un","€1,19/lt"
"Néctar Maracujá, Maçã e Manga Pack Poupança",Continente,"emb. 1,5 lt","€1,29/un","€0,86/lt"
Néctar Frutas do Pomar,Compal Família,"emb. 1,25 lt","€1,59/un","€1,27/lt"
Água com Gás Mineral Natural Gasocarbónica Levissima,Pedras Salgadas,emb. 6 x 33 cl,"€2,77/un","€1,40/lt"
Whisky James Martin's 32 Anos,James Martin's,garrafa 70 cl,"€389,00/un","€555,71/lt"
Néctar Pera e Framboesa,Compal Origens,emb. 1 lt,"€1,69/un","€1,69/lt"
Água sem Gás Mineral Natural Garrafão,Fastio,emb. 6 lt,"€1,89/un","€0,32/lt"
Sidra com Álcool Blackberry,Somersby,emb. 4 x 33 cl,"€4,19/un","€3,17/lt"
"Sumo 100% Manga, Uva e Maçã",Continente Equilíbrio,emb. 1 lt,"€1,19/un","€1,19/lt"
Sumo 100% Maçã,Continente Equilíbrio,emb. 6 x 20 cl,"€1,49/un","€1,24/lt"
Refrigerante com Gás Lima Limão,Seven Up,"emb. 1,75 lt","€1,99/un","€1,14/lt"
Planalto Reserva DOC Douro Vinho Branco,Planalto,garrafa 75 cl,"€4,99/un","€6,65/lt"
Pera Doce Regional Alentejano Vinho Branco,Pera Doce,garrafa 75 cl,"€2,99/un","€3,99/lt"
Néctar Tutti Frutti,Compal Clássico,emb. 1 lt,"€0,99/un","€0,99/lt"
Água sem Gás Garrafão,Serra da Estrela,emb. 6 lt,"€1,79/un","€0,30/lt"
Néctar Frutos Vermelhos,Compal Clássico,emb. 1 lt,"€1,49/un","€1,49/lt"
"Néctar Ananás, Uva, Maçã e Laranja",Continente,emb. 6 x 20 cl,"€1,49/un","€1,24/lt"
Néctar 8 Frutos,Um Bongo,emb. 1 lt,"€1,09/un","€1,09/lt"
Herdade da Comporta Regional Península de Setúbal Vinho Branco,Herdade da Comporta,garrafa 75 cl,"€8,59/un","€11,45/lt"
"Néctar Ananás, Uva Maçã e Laranja",Continente,emb. 1 lt,"€0,99/un","€0,99/lt"
Néctar Manga Pack Poupança,Continente,"emb. 1,5 lt","€1,29/un","€0,86/lt"
Néctar Laranja do Algarve,Continente,emb. 1 lt,"€1,29/un","€1,29/lt"
Água com Gás Mineral Natural,Castello,emb. 6 x 25 cl,"€2,23/un","€1,49/lt"
Sumo Laranja com Polpa,Autêntico,emb. 2 lt,"€2,69/un","€1,35/lt"
Refrigerante com Gás Lima Limão,Seven Up,emb. 6 x 33 cl,"€4,39/un","€2,22/lt"
Ice Tea Pêssego sem Açúcar,Lipton,emb. 2 lt,"€2,29/un","€1,15/lt"
Ice Tea Pêssego,Continente,emb. 6 x 20 cl,"€1,29/un","€1,08/lt"
Ice Tea Manga Light,Continente,"emb. 1,5 lt","€1,04/un","€0,69/lt"
Água sem Gás Mineral Natural Frutos Vermelhos,Luso Fruta,emb. 2 lt,"€2,06/un","€1,03/lt"
Sumo 100% Laranja,Andros,"emb. 1,5 lt","€5,59/un","€3,73/lt"
Néctar Ameixa,Compal Origens,emb. 1 lt,"€1,69/un","€1,69/lt"
Ice Tea Limão sem Açúcar,Continente,"emb. 1,5 lt","€1,04/un","€0,69/lt"
Ice Tea Limão,Continente,emb. 6 x 20 cl,"€1,29/un","€1,08/lt"
Ice Tea Limão,Lipton,"emb. 1,5 lt","€1,95/un","€1,30/lt"
Sumo 100% Alperce e Maçã,Continente Equilíbrio,emb. 1 lt,"€1,19/un","€1,19/lt"
Sumo Maçã e Framboesa,Innocent,emb. 90 cl,"€2,16/un","€2,40/lt"
Ice Tea Pêssego sem Açúcar,Continente,emb. 2 lt,"€1,09/un","€0,55/lt"
Néctar Pêssego,Compal Clássico,emb. 1 lt,"€1,49/un","€1,49/lt"
Água com Gás Natural Maracujá,Frize,emb. 4 x 25 cl,"€2,09/un","€2,09/lt"
Só Pias Vinho Branco,Só Pias,Bag in Box 5 lt,"€7,49/un","€1,50/lt"
Guarda Rios Regional Alentejano Vinho Tinto,Guarda Rios,garrafa 75 cl,"€9,99/un","€13,32/lt"
Sumo Laranja Natural,Continente,emb. 1 lt,"€3,99/un","€3,99/lt"
Pera Doce Regional Alentejano Vinho Tinto,Pera Doce,garrafa 75 cl,"€2,99/un","€3,99/lt"
Monte dos Amigos Regional Alentejano Vinho Branco,Monte dos Amigos,garrafa 75 cl,"€2,99/un","€3,99/lt"
Sumo 100% Pera Rocha,Continente Equilíbrio,"emb. 1,5 lt","€1,39/un","€0,93/lt"
Piteira Premium DOC Alentejo Vinho Branco,Piteira,garrafa 75 cl,"€3,99/un","€5,32/lt"
Ice Tea Manga,Continente,emb. 6 x 20 cl,"€1,29/un","€1,08/lt"
Água sem Gás Garrafão,Luso,"emb. 5,4 lt","€1,79/un","€0,33/lt"
Refrigerante com Gás Cola Zero Açúcar Zero Cafeína,Coca-Cola,emb. 1 lt,"€1,30/un","€1,30/lt"
Cerveja com Álcool Stout Mini,Super Bock,emb. 6 x 20 cl,"€3,29/un","€2,74/lt"
Chá Verde Hortelã e Lima,Lipton,garrafa 1 lt,"€1,27/un","€1,27/lt"
Ice Tea Pêssego sem Açúcar,Continente,"emb. 1,5 lt","€1,04/un","€0,69/lt"
Sumo 100% Pêssego e Uva,Continente Equilíbrio,"emb. 1,5 lt","€1,39/un","€0,93/lt"
Água com Gás Limão,Continente,emb. 1 lt,"€0,89/un","€0,89/lt"
Néctar Pera,Continente,emb. 1 lt,"€0,99/un","€0,99/lt"
Ice Tea Manga,Lipton,emb. 1 lt,"€1,49/un","€1,49/lt"
Mula Velha Regional Lisboa Vinho Branco,Mula Velha,garrafa 75 cl,"€2,59/un","€3,45/lt"
"Néctar Maracujá, Maçã e Manga",Continente,emb. 1 lt,"€0,99/un","€0,99/lt"
Refrigerante com Gás Cola Max,Pepsi,"emb. 1,75 lt","€1,59/un","€0,91/lt"
Mocho Galego Regional Alentejano Vinho Branco,Mocho Galego,garrafa 75 cl,"€3,49/un","€4,65/lt"
Sumo 100% Cenoura e Maçã,Compal Veggie,emb. 1 lt,"€1,69/un","€1,69/lt"
Néctar Pêssego,Continente,emb. 6 x 20 cl,"€1,49/un","€1,24/lt"
Água com Gás Mineral Natural,Carvalhelhos,"emb. 1,5 lt","€0,92/un","€0,61/lt"
Sumo 100% Laranja,Andros,emb. 1 lt,"€3,99/un","€3,99/lt"
Ice Tea Double Melancia e Hortelã,Lipton,emb. 2 lt,"€2,49/un","€1,25/lt"
Cerveja com Álcool Ruiva,Super Bock Abadia,emb. 6 x 33 cl,"€4,79/un","€2,42/lt"
Ice Tea Pêssego Zero,Lipton,emb. 3 x 20 cl,"€1,29/un","€2,15/lt"
Néctar Manga,Continente,emb. 1 lt,"€1,09/un","€1,09/lt"
Sumo Tangerina,Autêntico,emb. 75 cl,"€1,39/un","€1,85/lt"
Néctar Frutos Vermelhos,Continente,emb. 6 x 20 cl,"€1,49/un","€1,24/lt"
Sumo 100% Pêssego e Uva,Continente Equilíbrio,emb. 6 x 20 cl,"€1,49/un","€1,24/lt"
Monte dos Amigos Regional Alentejano Vinho Tinto,Monte dos Amigos,garrafa 75 cl,"€2,99/un","€3,99/lt"
Quadrifolia By Vallado DOC Douro Vinho Branco,Quadrifolia,garrafa 75 cl,"€4,49/un","€5,99/lt"
Ice Tea Limão Zero,Continente,emb. 6 x 20 cl,"€1,29/un","€1,08/lt"
Água Tónica,Continente,emb. 6 x 20 cl,"€2,39/un","€1,99/lt"
Ice Tea Manga,Continente,"emb. 1,5 lt","€1,14/un","€0,76/lt"
Continente Vinho Branco,Continente,emb. 1 lt,"€0,85/un","€0,85/lt"
Sumo 100% Laranja Espremida sem Polpa,Continente Equilíbrio,emb. 1 lt,"€1,49/un","€1,49/lt"
Guarda Rios Regional Alentejano Vinho Rosé,Guarda Rios,garrafa 75 cl,"€9,99/un","€13,32/lt"
Casa Ermelinda Freitas Regional Península de Setúbal Vinho Tinto,Casa Ermelinda Freitas,Bag in Box 3 lt,"€9,99/un","€3,33/lt"
Água sem Gás Family,Fastio,"emb. 2,5 lt","€1,29/un","€0,52/lt"
Vinha do Bispado Reserva DOC Douro Vinho Branco,Vinha do Bispado,garrafa 75 cl,"€8,99/un","€11,99/lt"
Néctar Frutos Vermelhos,Continente,emb. 1 lt,"€0,99/un","€0,99/lt"
Néctar Antioxidante Frutos Vermelhos e Selénio,Continente,emb. 1 lt,"€1,19/un","€1,19/lt"
"Sumo Maçã, Kiwi e Goiaba",Autêntico,emb. 75 cl,"€1,79/un","€2,39/lt"
Ice Tea Manga sem Açúcar,Continente,emb. 2 lt,"€1,09/un","€0,55/lt"
Ice Tea Limão sem Açúcar,Continente,emb. 2 lt,"€1,09/un","€0,55/lt"
Néctar Laranja do Algarve,Compal Origens,emb. 33 cl,"€0,84/un","€2,55/lt"
Smoothie Morango e Banana,Innocent,emb. 25 cl,"€1,49/un","€5,96/lt"
Néctar Pêssego -50% Açúcares,Continente,emb. 1 lt,"€0,99/un","€0,99/lt"
Água com Gás Natural Groselha,Frize,emb. 4 x 25 cl,"€2,09/un","€2,09/lt"
Ice Tea Limão,Continente,"emb. 1,5 lt","€1,14/un","€0,76/lt"
Passa Pequena DOC Douro Vinho Branco,Passa Pequena,garrafa 75 cl,"€8,29/un","€11,05/lt"
Sumo Tropical e Kale,Autêntico,emb. 75 cl,"€1,79/un","€2,39/lt"
Arcos do Convento Vinho Tinto,Arcos do Convento,Bag in Box 5 lt,"€6,99/un","€1,40/lt"
Sumo Laranja sem Polpa,Innocent,emb. 90 cl,"€2,09/un","€2,32/lt"
Sumo Laranja com Polpa,Autêntico,emb. 75 cl,"€1,29/un","€1,72/lt"
Néctar Pêssego,Continente,emb. 1 lt,"€0,99/un","€0,99/lt"
Néctar Manga,Continente,emb. 6 x 20 cl,"€1,49/un","€1,24/lt"
Néctar Laranja,Compal Clássico,emb. 1 lt,"€0,99/un","€0,99/lt"
Cerveja sem Álcool Mini,Super Bock,emb. 6 x 20 cl,"€3,29/un","€2,74/lt"
Néctar Laranja,Um Bongo,emb. 1 lt,"€1,09/un","€1,09/lt"
Água com Gás Natural Frutos Vermelhos,Pedras Salgadas,emb. 4 x 25 cl,"€2,39/un","€2,39/lt"
Água com Gás Mineral Natural,Frize,emb. 6 x 25 cl,"€2,09/un","€1,39/lt"
Água sem Gás Mineral Natural Limão,Luso Fruta,emb. 2 lt,"€2,06/un","€1,03/lt"
Água Tónica Zero,Schweppes,emb. 1 lt,"€1,56/un","€1,56/lt"
Água sem Gás,Vimeiro,"emb. 4 x 1,5 lt","€2,89/un","€0,48/lt"
"Néctar Uva, Morango e Hortelã",Continente,emb. 1 lt,"€1,29/un",
Refrigerante com Gás Lima Limão sem Açúcar,Seven Up,"emb. 1,25 lt","€1,09/un","€0,87/lt"
Sumo 100% Maracujá,Ceres,emb. 1 lt,"€2,49/un","€2,49/lt"
Sumo 100% Clementina,Andros,"emb. 1,5 lt","€5,59/un","€3,73/lt"
EA Regional Alentejano Vinho Tinto,EA,garrafa 75 cl,"€3,99/un","€5,32/lt"
370 Léguas DOC Douro Vinho Branco,370 Léguas,garrafa 75 cl,"€3,49/un","€4,65/lt"
Sumo Natural Cenoura Biológico,Cem Porcento,emb. 20 cl,"€1,09/un","€5,45/lt"
Ice Tea Pêssego,Continente,"emb. 1,5 lt","€1,14/un","€0,76/lt"
"Sumo Maçã, Laranja e Pêssego",Continente,emb. 25 cl,"€1,59/un","€6,36/kg"
EA Regional Alentejano Vinho Branco,EA,garrafa 75 cl,"€3,99/un","€5,32/lt"
Tapada das Lebres Reserva Premium Regional Alentejano Vinho Branco,Tapada das Lebres,garrafa 75 cl,"€4,19/un","€5,59/lt"
Néctar Laranja,Continente,emb. 1 lt,"€0,99/un","€0,99/lt"
Néctar Pera,Continente,emb. 6 x 20 cl,"€1,49/un","€1,24/lt"
Refrigerante com Gás Cola,Pepsi,"emb. 1,75 lt","€1,99/un","€1,14/lt"
Néctar Limão do Algarve,Compal Origens,emb. 1 lt,"€1,69/un","€1,69/lt"
Sumo 100% Litchia,Ceres,emb. 1 lt,"€2,49/un","€2,49/lt"
Água sem Gás Mineral Natural Sport,Vitalis,emb. 75 cl,"€0,53/un","€0,71/lt"
Continente Sangria Tinta,Continente,"garrafa 1,5 lt","€1,69/un","€1,13/lt"
Tisana Romã e Camomila,Pleno,"emb. 4 x 1,5 lt","€5,96/un","€0,99/lt"
"Sumo Ananás, Banana e Coco",Autêntico,emb. 75 cl,"€1,79/un","€2,39/lt"
Sumo 100% Pera Rocha,Continente Equilíbrio,emb. 6 x 20 cl,"€1,49/un","€1,24/lt"
Água sem Gás de Nascente Garrafão,Caramulo,emb. 6 lt,"€1,04/un","€0,17/lt"
"Cerveja sem Álcool 0,0% Preta",Sagres,emb. 4 x 33 cl,"€2,99/un","€2,27/lt"
Sumo 100% Maçã,Continente Equilíbrio,"emb. 1,5 lt","€0,99/un","€0,66/lt"
Cerveja com Álcool Stout Mini,Super Bock,emb. 15 x 20 cl,"€7,99/un","€2,66/lt"
Cerveja com Álcool,Sagres,emb. 12 x 33 cl,"€6,99/un","€1,77/lt"
Ice Tea Manga Zero,Continente,emb. 6 x 20 cl,"€1,29/un","€1,08/lt"
Rovisco Pais Reserva Regional Península de Setúbal Vinho Branco,Rovisco Pais,garrafa 75 cl,"€6,69/un","€8,92/lt"
Guarda Rios Regional Alentejano Vinho Branco,Guarda Rios,garrafa 75 cl,"€9,99/un","€13,32/lt"
Cerveja com Álcool Coruja India Pale Ale,Super Bock Coruja,emb. 4 x 33 cl,"€3,74/un","€2,83/lt"
Refrigerante com Gás Guaraná,Antarctica,"emb. 1,5 lt","€1,99/un","€1,33/lt"
Pavão Grande Escolha DOC Vinho Verde Branco,Pavão,garrafa 75 cl,"€8,99/un","€11,99/lt"
Nordeste Branco,Nordeste,Bag in Box 5 lt,"€5,19/un","€1,04/lt"
Sumo 100% Multifrutos,Continente Equilíbrio,"emb. 1,5 lt","€1,19/un","€0,79/lt"
Casal da Eira Vinho Branco,Casal da Eira,emb. 25 cl,"€0,69/un","€2,76/lt"
Sumo 100% Laranja,Continente Equilíbrio,emb. 6 x 20 cl,"€1,49/un","€1,24/lt"
Refrigerante com Gás Ananás,Sumol,"emb. 1,25 lt","€1,39/un","€1,11/lt"
Néctar Maracujá,Compal Clássico,emb. 33 cl,"€0,84/un","€2,55/lt"
Ice Tea Pêssego Zero Açúcar Adicionado,Lipton,emb. 1 lt,"€1,16/un","€1,16/lt"
Refrigerante com Gás Ananás,Sumol,"emb. 1,75 lt","€1,39/un","€0,79/lt"
Vinha da Coutada Velha Regional Alentejano Vinho Branco,Monte da Ravasqueira,garrafa 75 cl,"€4,49/un","€5,99/lt"
Sumo 100% Laranja,Compal 100% Fruta,emb. 1 lt,"€1,69/un","€1,69/lt"
Mula Velha Reserva Regional Lisboa Vinho Branco,Mula Velha,garrafa 75 cl,"€2,99/un","€3,99/lt"
Água Tónica Zero,Schweppes,emb. 25 cl,"€0,85/un","€3,40/lt"
Água com Gás Mineral Natural,S. Pellegrino,emb. 1 lt,"€1,69/un","€1,69/lt"
Ice Tea Limão Zero Açúcar Adicionado,Lipton,emb. 1 lt,"€1,16/un","€1,16/lt"
Flor de Penalva Reserva DOC Dão Vinho Tinto,Flor de Penalva,garrafa 75 cl,"€3,59/un","€4,79/lt"
Refrigerante com Gás Laranja,Sumol,"emb. 1,25 lt","€1,39/un","€1,11/lt"
Ice Tea Limão Zero,Lipton,emb. 3 x 20 cl,"€1,29/un","€2,15/lt"
Sumo Maçã e Framboesa,Alitec,"emb. 1,50 lt","€3,29/un","€2,19/lt"
Sumo Pera e Maçã,Alitec,emb. 1.5 Lt,"€3,29/un","€2,19/lt"
Coutada Velha Signature Regional Alentejano Vinho Tinto,Coutadas Velhas,garrafa 75 cl,"€6,49/un","€8,65/lt"
Refrigerante com Gás Cola Zero,Coca-Cola,emb. 1 lt,"€1,60/un","€1,60/lt"
Pera Doce Reserva Regional Alentejano Vinho Branco,Pera Doce,garrafa 75 cl,"€3,59/un","€4,79/lt"
Ali Jó Reserva DOC Douro Vinho Tinto,Ali Jó,garrafa 75 cl,"€8,99/un","€11,99/lt"
Néctar Pêssego -50% Açúcares,Continente,emb. 3 x 20 cl,"€0,99/un","€1,65/lt"
Herdade da Calada Touriga Nacional e Syrah Regional Alentejano Vinho Tinto,Herdade da Calada,garrafa 75 cl,"€21,99/un","€29,32/lt"
Néctar Romã e Uva,Continente,emb. 1 lt,"€0,99/un","€0,99/lt"
"Cerveja sem Álcool 0,0%",Heineken,emb. 6 x 25 cl,"€3,69/un","€2,46/lt"
Pera Doce Regional Alentejo Vinho Rosé,Pera Doce,garrafa 75 cl,"€2,99/un","€3,99/lt"
Refrigerante com Gás Cola Zero Açúcar Zero Cafeína,Coca-Cola,emb. 12 x 15 cl,"€5,64/un","€3,13/lt"
José Maria da Fonseca Regional Península de Setúbal Vinho Branco,José Maria da Fonseca,garrafa 75 cl,"€1,99/un","€2,65/lt"
Água Tónica Mist,Nordic Mist,emb. 1 lt,"€1,85/un","€1,85/lt"
Água com Gás Natural,Frize,emb. 75 cl,"€0,80/un","€1,07/lt"
Vale D. Maria Vinhas do Sabor DOC Douro Vinho Branco,Vale D. Maria,garrafa 75 cl,"€17,99/un","€23,99/lt"
Sumo 100% Maçã,Compal 100% Fruta,emb. 33 cl,"€0,63/un","€1,91/lt"
Água Mineral Natural,Vitalis,emb. 6 x 33 cl,"€1,31/un","€0,66/lt"
Concentrado Manga,Sunquick,garrafa 58 cl,"€4,79/un","€8,26/lt"
Alandra Vinho Tinto,Alandra,Bag in Box 3 lt,"€6,99/un","€2,33/lt"
Refrigerante com Gás Laranja,Sumol,"emb. 1,75 lt","€1,39/un","€0,79/lt"
Cerveja com Álcool Mini,Super Bock,emb. 20 x 25 cl,"€9,99/un","€2,00/lt"
Albenaz Escadaria Maior Premium DOC Douro Vinho Tinto,Albenaz,garrafa 75 cl,"€3,99/un","€5,32/lt"
Ice Tea Manga e Ananás,Nestea,"emb. 1,5 lt","€0,99/un","€0,66/lt"
Água Tónica Mist,Nordic Mist,emb. 25 cl,"€0,75/un","€3,00/lt"
Ponte Mouchão DOC Alentejo Vinho Tinto,Ponte Mouchão,garrafa 75 cl,"€17,99/un","€23,99/lt"
"Sumo Maçã, Pepino, Espinafres, Aipo Limão e Gengibre",Go Natural,emb. 75 cl,"€3,99/un","€5,32/lt"
Capote Velho Reserva Regional Lisboa Vinho Branco,Capote Velho,garrafa 75 cl,"€2,99/un","€3,99/lt"
Pacheca Premium DOC Douro Vinho Branco,Quinta da Pacheca,garrafa 75 cl,"€7,69/un","€10,25/lt"
Sidra com Álcool Frutos Vermelhos,Bandida do Pomar,emb. 50 cl,"€1,24/un","€2,48/lt"
Cerveja com Álcool,Cristal,garrafa 33 cl,"€0,44/un","€1,33/lt"
Macieira Bebida Espirituosa,Macieira,garrafa 1 lt,"€15,99/un","€15,99/lt"
Água Tónica,Schweppes,emb. 1 lt,"€1,56/un","€1,56/lt"
Sumo Maçã e Pera com Canela,Autêntico,emb. 75 cl,"€1,79/un","€2,39/lt"
Refrigerante com Gás Max Lima,Pepsi,emb. 1 lt,"€1,09/un","€1,09/lt"
Água com Gás Mineral Natural,Vimeiro,emb. 6 x 25 cl,"€2,85/un","€1,90/lt"
Quadrifolia By Vallado DOC Douro Vinho Tinto,Quadrifolia,garrafa 75 cl,"€4,49/un","€5,99/lt"
Refrigerante com Gás Laranja sem Açúcar,Continente,"emb. 1,5 lt","€0,79/un","€0,53/lt"
Palmelão DOC Palmela Vinho Branco,Palmelão,garrafa 75 cl,"€2,29/un","€3,05/lt"
Água sem Gás Go,Fastio,emb. 50 cl,"€0,59/un",
Continente Tinto,Continente,emb. 25 cl,"€0,55/un","€2,20/lt"
Sumo 100% Laranja sem Polpa,Andros,"emb. 1,5 lt","€5,59/un","€3,73/lt"
Cerveja com Álcool Daura sem Glúten,Estrella Damm,emb. 6 x 33 cl,"€7,99/un","€4,04/lt"
Néctar Multifrutos,Continente,emb. 1 lt,"€1,09/un","€1,09/lt"
Ice Tea Double Frutos Tropicais,Lipton,emb. 2 lt,"€2,49/un","€1,25/lt"
Alandra Vinho Branco,Alandra,Bag in Box 3 lt,"€6,99/un","€2,33/lt"
Água com Gás Mineral Natural Gasocarbónica,Vidago,emb. 4 x 25 cl,"€1,69/un","€1,69/lt"
Água sem Gás Mineral Natural,Carvalhelhos,"emb. 4 x 1,5 lt","€2,38/un","€0,40/lt"
Valdeus Premium Regional Lisboa Vinho Tinto,Valdeus,garrafa 75 cl,"€9,99/un","€13,32/lt"
Cerveja com Álcool Coruja American Amber Lager,Super Bock Coruja,emb. 4 x 33 cl,"€3,74/un","€2,83/lt"
Água sem Gás,Continente,emb. 6 x 50 cl,"€0,96/un","€0,32/lt"
Aperitivo Martini Rosso,Martini,garrafa 75 cl,"€8,07/un","€10,76/lt"
Néctar Maçã,Juver,emb. 2 lt,"€2,49/un","€1,25/lt"
Néctar Laranja e Cenoura com Stevia -40%,Continente,emb. 1 lt,"€0,99/un","€0,99/lt"
Vale Torcido DOC Douro Vinho Tinto,Vale Torcido,garrafa 75 cl,"€3,99/un","€5,32/lt"
Espírito Santo Regional Lisboa Vinho Tinto,Espírito Santo,garrafa 75 cl,"€3,79/un","€5,05/lt"
Cerveja com Álcool Twist & Stout,Musa,garrafa 33 cl,"€2,79/un","€8,45/lt"
"Cerveja sem Álcool 0,0% Sumo Limão Natural Radler",Sagres Radler,emb. 33 cl,"€0,64/un","€1,94/lt"
Ginger Ale,Schweppes,emb. 1 lt,"€1,26/un","€1,26/lt"
Cerveja com Álcool Frank Apa,Musa,garrafa 33 cl,"€2,79/un","€8,45/lt"
Refrigerante com Gás Lima Limão Zero,Sprite,emb. 33 cl,"€0,69/un","€2,09/lt"
Água sem Gás Mineral Natural Sport,Monchique,emb. 72 cl,"€0,85/un","€1,18/lt"
Arcos do Convento Vinho Branco,Arcos do Convento,garrafa 75 cl,"€1,79/un","€2,39/lt"
Flor de Penalva DOC Dão Vinho Branco,Flor de Penalva,garrafa 75 cl,"€2,99/un","€3,99/lt"
Cerveja com Álcool,Cristal,emb. 6 x 33 cl,"€3,29/un","€1,66/lt"
Vinha da Valentina Regional Península de Setúbal Vinho Tinto,Casa Ermelinda Freitas,garrafa 75 cl,"€2,99/un","€3,99/lt"
Água Tónica,Schweppes,emb. 25 cl,"€0,85/un","€3,40/lt"
Água Tónica Zero,Continente,emb. 6 x 20 cl,"€2,19/un","€1,83/lt"
Água sem Gás Disney,Font Vella,emb. 33 cl,"€0,80/un","€2,42/lt"
Refrigerante com Gás Laranja sem Açúcar,Fanta,"emb. 1,5 lt","€0,99/un","€0,66/lt"
Piteira Reserva DOC Alentejo Vinho Tinto,Piteira,garrafa 75 cl,"€7,99/un","€10,65/lt"
Sumo Gengibre Ananás,Sonatural,emb. 75 cl,"€3,99/un","€5,32/lt"
"Néctar Maracujá, Manga e Maçã",Continente,emb. 6 x 20 cl,"€1,49/un","€1,24/lt"
Anta de Pias Vinho Tinto,Anta de Pias,Bag in Box 5 lt,"€8,69/un","€1,74/lt"
Concentrado Laranja e Maracujá,Gud,garrafa 74 cl,"€3,86/un","€5,22/lt"
Ice Tea Limão,Continente,emb. 2 lt,"€1,19/un","€0,60/lt"
"Sumo Maçã, Goiaba e Lima",Innocent,emb. 33 cl,"€1,56/un","€4,73/lt"
Refrigerante sem Gás Limão,Continente,"emb. 1,5 lt","€0,89/un","€0,59/lt"
Concentrado de Laranja,Sunquick,garrafa 70 cl,"€5,79/un","€8,27/lt"
Água sem Gás Limão,Luso Fruta,emb. 4 x 1 lt,"€5,08/un","€1,27/lt"
Cerveja com Álcool,Heineken,emb. 6 x 25 cl,"€3,99/un","€2,66/lt"
Refrigerante com Gás Maracujá sem Açúcar,Brisa,emb. 4 x 1 lt,"€4,93/un","€1,23/lt"
Água sem Gás Limão,Continente,emb. 1 lt,"€0,59/un",
Cerveja sem Álcool Preta,Super Bock,emb. 6 x 33 cl,"€4,79/un","€2,42/lt"
Sumo Laranja,Capri-Sun,emb. 4 x 20 cl,"€1,76/un","€2,20/lt"
Refrigerante com Gás Laranja do Algarve,Sumol,"emb. 1,5 lt","€1,89/un","€1,26/lt"
"Sumo Maçã, Laranja e Pêssego",Continente,emb. 75 cl,"€2,99/un","€3,99/lt"
Concentrado Frutos Tropicais,Sunquick,garrafa 70 cl,"€5,79/un","€8,27/lt"
Sumo 100% Ananás,Juver,emb. 1 lt,"€1,59/un","€1,59/lt"
Sumo Limonada com Hortelã,Autêntico,emb. 75 cl,"€1,39/un","€1,85/lt"
Bebida Kombucha Framboesa Biológica,Continente Bio,garrafa 37 cl,"€1,79/un","€4,84/lt"
Adega do Presidente Adamado DOC Vinho Verde Branco,Adega do Presidente,garrafa 75 cl,"€2,99/un","€3,99/lt"
Água Tónica,Continente,"emb. 1,5 lt","€1,39/un","€0,93/lt"
"Néctar Greentox Maçã, Aloe Vera, Lima e Spirulina",Continente,emb. 1 lt,"€1,19/un","€1,19/lt"
Néctar Pêssego,Juver,emb. 2 lt,"€2,49/un","€1,25/lt"
Água sem Gás Frutos Vermelhos,Continente,emb. 1 lt,"€0,59/un",
Sumo 100% Laranja,Continente Equilíbrio,"emb. 1,5 lt","€1,09/un","€0,73/lt"
Vinha da Coutada Velha Regional Alentejano Vinho Rosé,Coutadas Velhas,garrafa 75 cl,"€4,49/un","€5,99/lt"
Ice Tea Manga,Continente,emb. 2 lt,"€1,19/un","€0,60/lt"
Palmelão DOC Palmela Vinho Tinto,Adega de Palmela,garrafa 75 cl,"€2,29/un","€3,05/lt"
Albenaz Escadaria Maior Premium DOC Douro Vinho Branco,Albenaz,garrafa 75 cl,"€3,99/un","€5,32/lt"
Refrigerante com Gás Lima Limão Zero,Sprite,"emb. 1,5 lt","€0,99/un","€0,66/lt"
Altano DOC Douro Vinho Branco,Altano,garrafa 75 cl,"€5,49/un","€7,32/lt"
Vinha Maria Reserva DOC Dão Vinho Branco,Vinha Maria,garrafa 75 cl,"€3,49/un","€4,65/lt"
Sidra com Álcool Maçã,Bandida do Pomar,emb. 16 x 25 cl,"€11,59/un","€2,90/lt"
Vidigueira Premium DOC Alentejo Vinho Tinto,Vidigueira,garrafa 75 cl,"€3,99/un","€5,32/lt"
Valmaduro Syrah Regional Lisboa Vinho Tinto,Valmaduro,garrafa 75 cl,"€7,99/un","€10,65/lt"
Néctar Manga e Laranja com Stevia,Compal Vital Equilíbrio,emb. 33 cl,"€0,84/un","€2,55/lt"
Refrigerante com Gás Cola Zero,Coca-Cola,emb. 50 cl,"€1,00/un","€2,00/lt"
Água sem Gás Limão e Magnésio,Vitalis,emb. 1 lt,"€1,44/un","€1,44/lt"
Sumo Multi-vitaminas,Capri-Sun,emb. 4 x 20 cl,"€1,76/un","€2,20/lt"
Casal da Eira Vinho Tinto,Casal da Eira,emb. 250 ml,"€0,69/un","€2,76/lt"
Ponta da Barca Reserva DOC Vinho Verde Branco,Ponte da Barca,garrafa 75 cl,"€2,79/un","€3,72/lt"
Néctar Frutos Vermelhos com Stevia,Compal Vital Equilíbrio,emb. 33 cl,"€0,84/un","€2,55/lt"
Mocho Galego Regional Alentejano Vinho Tinto,Mocho Galego,garrafa 75 cl,"€3,49/un","€4,65/lt"
Sumo Safari,Capri-Sun,emb. 4 x 20 cl,"€1,76/un","€2,20/lt"
Albenaz Jardim Secreto Premium DOC Vinho Verde Branco,Albenaz,garrafa 75 cl,"€3,99/un","€5,32/lt"
Refrigerante com Gás Cola,Coca-Cola,emb. 1 lt,"€1,85/un","€1,85/lt"
Ice Tea Pêssego Zero,Continente,emb. 6 x 20 cl,"€1,29/un","€1,08/lt"
"Sumo Maçã, Morango e Tomilho-Limão",Go Natural,emb. 25 cl,"€1,69/un","€6,76/lt"
Sumo 100% Maçã,Andros,emb. 1 lt,"€3,99/un","€3,99/lt"
Sidra com Álcool Maçã Ácida,Bandida do Pomar,emb. 50 cl,"€1,24/un","€2,48/lt"
Refrigerante com Gás Lima Limão Pack Poupança,Continente,emb. 2 lt,"€0,79/un","€0,40/lt"
Néctar Ananás,Juver,emb. 2 lt,"€2,69/un","€1,35/lt"
Água sem Gás Mineral Natural Frutos Vermelhos,Luso Fruta,emb. 4 x 1 lt,"€5,08/un","€1,27/lt"
Refrigerante com Gás Maracujá,Sumol,"emb. 1,25 lt","€1,39/un","€1,11/lt"
Pedras Negras Vinho Branco,Pedras Negras,garrafa 75 cl,"€1,69/un","€2,25/lt"
370 Léguas DOC Douro Vinho Tinto,370 Léguas,garrafa 75 cl,"€3,49/un","€4,65/lt"
Água com Gás Frutos Vermelhos,Continente,emb. 6 x 25 cl,"€2,49/un","€1,66/lt"
Água com Gás Natural Rodela de Limão,Frize,emb. 4 x 25 cl,"€2,09/un","€2,09/lt"
Refrigerante com Gás Cola,Coca-Cola,emb. 50 cl,"€1,00/un","€2,00/lt"
Roboredo DOC Douro Vinho Branco,Roboredo,garrafa 75 cl,"€3,79/un","€5,05/lt"
Ice Tea Pêssego,Nestea,"emb. 1,5 lt","€0,99/un","€0,66/lt"
Refrigerante com Gás Cola Max,Pepsi,emb. 1 lt,"€1,09/un","€1,09/lt"
Refrigerante sem Gás Laranja e Maracujá,Continente,"emb. 1,5 lt","€0,99/un","€0,66/lt"
Cerveja com Álcool Stout,Super Bock,emb. 6 x 33 cl,"€4,79/un","€2,42/lt"
Néctar Pera Rocha,Compal Clássico,emb. 33 cl,"€0,79/un","€2,39/lt"
Fonte da Loba Reserva DOC Douro Vinho Tinto,Fonte da Loba,garrafa 75 cl,"€5,39/un","€7,19/lt"
Ice Tea Manga,Lipton,"emb. 1,5 lt","€1,95/un","€1,30/lt"
Néctar Manga,Juver,emb. 2 lt,"€2,69/un","€1,35/lt"
Sumo 100% Tomate,Compal Veggie,emb. 1 lt,"€1,69/un","€1,69/lt"
Contemporal DOC Dão Vinho Branco,Contemporal,Bag in Box 3 lt,"€6,99/un","€2,33/lt"
Sumo 100% Beterraba e Maçã,Compal Veggie,emb. 1 lt,"€1,69/un","€1,69/lt"
Vidigueira Antão Vaz Premium DOC Alentejo Vinho Branco,Vidigueira Antão Vaz,garrafa 75 cl,"€10,99/un","€14,65/lt"
Guarda Rios Signature Regional Alentejano Vinho Branco,Guarda Rios,garrafa 75 cl,"€5,89/un","€7,85/lt"
Refresco em Pó Ananás,Continente,emb. 40 gr,"€0,75/un","€18,75/kg"
Papa Figos DOC Douro Vinho Tinto,Papa Figos,garrafa 75 cl,"€7,49/un","€9,99/lt"
Refrigerante com Gás Guaraná sem Açúcar,Fanta,"emb. 1,5 lt","€1,69/un","€1,13/lt"
Encostas do Côa Regional Beiras Vinho Tinto,Encostas do Côa,garrafa 75 cl,"€1,99/un","€2,65/lt"
370 Léguas Reserva DOC Douro Vinho Tinto,370 Léguas,garrafa 75 cl,"€3,99/un","€5,32/lt"
Refrigerante com Gás Cola Zero,Coca-Cola,emb. 12 x 15 cl,"€5,64/un","€3,13/lt"
M. J. Freitas Vinho Tinto,M. J. Freitas,Bag in Box 3 lt,"€8,29/un","€2,76/lt"
Cerveja com Álcool,Sol,emb. 4 x 33 cl,"€4,39/un","€3,33/lt"
Ice Tea Pêssego,Lipton,"emb. 1,5 lt","€1,95/un","€1,30/lt"
Água sem Gás,Continente,emb. 6 x 33 cl,"€0,84/un","€0,42/lt"
"Cerveja sem Álcool 0,0%",Sagres,emb. 33 cl,"€0,64/un","€1,94/lt"
Mula Velha Regional Lisboa Vinho Tinto,Mula Velha,garrafa 75 cl,"€2,59/un","€3,45/lt"
Vila Ruiva Regional Alentejano Vinho Rosé,Vila Ruiva,garrafa 75 cl,"€2,39/un","€3,19/lt"
Água com Gás Melancia,Continente,emb. 6 x 25 cl,"€2,49/un","€1,66/lt"
Xarope Groselha,Albergaria,garrafa 70 cl,"€3,29/un","€4,70/lt"
Água com Gás Melancia,Continente,emb. 1 lt,"€0,89/un","€0,89/lt"
Água com Gás Frutos Vermelhos,Continente,emb. 1 lt,"€0,89/un","€0,89/lt"
Concentrado Laranja,Gud,garrafa 74 cl,"€3,86/un","€5,22/lt"
Cavalo Bravo Regional Tejo Vinho Branco,Cavalo Bravo,garrafa 75 cl,"€2,39/un","€3,19/lt"
Arcos do Convento Vinho Branco,Arcos do Convento,Bag in Box 5 lt,"€6,99/un","€1,40/lt"
Assobio DOC Douro Vinho Tinto,Esporão,garrafa 75 cl,"€5,99/un","€7,99/lt"
Néctar Multifrutos,Continente Equilíbrio,emb. 3 x 20 cl,"€0,99/un","€1,65/lt"
Vila Ruiva Regional Alentejano Vinho Branco,Vila Ruiva,garrafa 75 cl,"€2,39/un","€3,19/lt"
"Smoothie Tangerina, Cenoura, Maçã, Gengibre e Sementes de Linhaça",Innocent,emb. 30 cl,"€1,71/un","€5,70/lt"
Água sem Gás Maçã,Continente,emb. 1 lt,"€0,59/un","€0,59/lt"
Água sem Gás Mineral Natural,Vitalis,"emb. 1,5 lt","€0,51/un","€0,34/lt"
Refrigerante com Gás Cola,Coca-Cola,emb. 4 x 20 cl,"€2,92/un","€3,65/lt"
"Néctar Maçã, Manga e Laranja",Go Natural,emb. 25 cl,"€1,99/un",
Catarina Regional Península de Setúbal Vinho Branco,Catarina,garrafa 75 cl,"€6,99/un","€9,32/lt"
Ice Tea Pêssego,Continente,emb. 2 lt,"€1,19/un","€0,60/lt"
"Sumo Maçã, Ananás, Framboesa, Romã e Açaí",Go Natural,emb. 25 cl,"€1,99/un","€7,96/lt"
Néctar Laranja e Cenoura com Stevia -40% de Açúcar,Continente,emb. 3 x 20 cl,"€0,99/un","€1,65/lt"
Sumo 100% Toranja,Andros,emb. 1 lt,"€3,99/un","€3,99/lt"
Sumo 100% Maçã,Ceres,emb. 20 cl,"€1,04/un","€5,20/lt"
Anta de Pias Vinho Branco,Anta de Pias,Bag in Box 5 lt,"€8,69/un","€1,74/lt"
Água Mineral Natural Gasocarbónica,Pedras Salgadas,emb. 50 cl,"€0,99/un","€1,98/lt"
Ginger Ale,Schweppes,emb. 33 cl,"€0,85/un","€2,58/lt"
Quinta de La Rosa DOC Douro Vinho Branco,Quinta de La Rosa,garrafa 75 cl,"€9,49/un","€12,65/lt"
Sumo Tutti Frutti,Innocent,emb. 90 cl,"€2,16/un","€2,40/lt"
Afonsino DOC Vinho Verde Branco,Afonsino,garrafa 75 cl,"€2,49/un","€3,32/lt"
José Maria da Fonseca Moscatel Roxo de Setúbal,José Maria da Fonseca,garrafa 75 cl,"€10,99/un","€14,65/lt"
Limonada de Manjericão,Go Natural,emb. 25 cl,"€1,69/un",
Colete Velho Regional Tejo Vinho Branco,Colete Velho,garrafa 75 cl,"€6,49/un","€8,65/lt"
Piteira DOC Alentejo Vinho Tinto,Piteira,garrafa 75 cl,"€2,99/un","€3,99/lt"
Cerveja com Álcool,Heineken,emb. 18 x 25 cl,"€9,99/un","€2,22/lt"
Vila Ruiva Premium Regional Alentejano Vinho Tinto,Vila Ruiva,garrafa 75 cl,"€3,99/un","€5,32/lt"
Concentrado Exótico,Sunquick,garrafa 58 cl,"€4,79/un","€8,26/lt"
Concentrado Maracujá Mix,Sunquick,garrafa 58 cl,"€4,79/un","€8,26/lt"
Refrigerante com Gás Uva sem Açúcar,Fanta,"emb. 1,5 lt","€0,99/un","€0,66/lt"
Refrigerante com Gás Maracujá sem Açúcar,Fanta,"emb. 1,5 lt","€0,99/un","€0,66/lt"
Porrais Signature DOC Douro Vinho Tinto,Porrais,garrafa 75 cl,"€5,59/un","€7,45/lt"
Cerveja com Álcool,Super Bock,emb. 6 x 33 cl,"€4,79/un","€2,42/lt"
Bebida Energética Gaseificada sem Açúcar,Red Bull,emb. 2 x 25 cl,"€2,69/un","€5,38/lt"
Rovisco Pais Reserva Regional Península de Setúbal Vinho Tinto,Rovisco Pais,garrafa 75 cl,"€6,69/un","€8,92/lt"
Vidigueira Premium DOC Alentejo Vinho Tinto,Vidigueira,"garrafa 1,5 lt","€7,99/un","€5,33/lt"
Terras do Pó Regional Península de Setúbal Vinho Branco,Terras do Pó,garrafa 75 cl,"€4,69/un","€6,25/lt"
Essencia Vinho do Porto Tawny,Essentia,garrafa 75 cl,"€3,99/un","€5,32/lt"
Duque de Viseu DOC Dão Vinho Branco,Duque de Viseu,garrafa 75 cl,"€4,49/un","€5,99/lt"
Vila Ruiva Reserva Regional Alentejano Vinho Branco,Vila Ruiva,garrafa 75 cl,"€7,99/un","€10,65/lt"
Fonte do Nico Ligeiro Regional Península de Setúbal Vinho Rosé,Fonte do Nico,garrafa 75 cl,"€1,99/un","€2,65/lt"
Ice Tea Pêssego,Continente,emb. 50 cl,"€0,79/un","€1,58/lt"
Guarda Rios Signature Regional Alentejano Vinho Tinto,Guarda Rios,garrafa 75 cl,"€5,89/un","€7,85/lt"
Chá Verde Citrus,Lipton,emb. 1 lt,"€1,27/un","€1,27/lt"
Refresco em Pó Morango e Laranja,Continente,emb. 40 gr,"€0,75/un","€18,75/kg"
Sumo Frutos Vermelhos,Autêntico,emb. 75 cl,"€1,49/un","€1,99/lt"
Cerveja com Álcool Bohemia Original,Sagres Bohemia,emb. 6 x 33 cl,"€4,79/un","€2,42/lt"
Água com Gás Natural,Perrier,emb. 1 lt,"€1,95/un","€1,95/lt"
Refrigerante Com Gás Cola,Pepsi,emb. 1 lt,"€0,99/un","€0,99/lt"
Vimioso Regional Tejo Vinho Tinto,Vimioso,garrafa 75 cl,"€2,99/un","€3,99/lt"
Assobio DOC Douro Vinho Branco,Assobio,garrafa 75 cl,"€7,49/un","€9,99/lt"
Cerveja com Álcool IPA,Lagunitas,"emb. 35,5 cl","€1,75/un","€4,93/lt"
Cerveja com Álcool Stout,Super Bock,emb. 33 cl,"€0,79/un","€2,39/lt"
Mundus Leve Regional Lisboa Vinho Branco,Mundus,garrafa 75 cl,"€1,99/un","€2,65/lt"
Água sem Gás Mineral Natural,Fastio,emb. 1 lt,"€0,54/un","€0,54/lt"
Refrigerante com Gás Cola sem Cafeína,Coca-Cola,emb. 1 lt,"€1,50/un","€1,50/lt"
Cerveja com Álcool,Gutbier,emb. 6 x 33 cl,"€2,19/un","€1,11/lt"
Água sem Gás Mineral Alcalina pH9 Garrafão,Continente,emb. 5 lt,"€0,99/un","€0,20/lt"
Flor de Penalva DOC Dão Vinho Tinto,Flor de Penalva,garrafa 75 cl,"€2,99/un","€3,99/lt"
Sidra com Álcool Maçã,Bandida do Pomar,lata 50 cl,"€1,24/un","€2,48/lt"
Sidra com Álcool Maçã,Somersby,emb. 50 cl,"€1,29/un","€2,58/lt"
Porta da Ravessa Reserva DOC Alentejo Vinho Branco,Porta da Ravessa,garrafa 75 cl,"€3,59/un","€4,79/lt"
Vila Ruiva Reserva Regional Alentejano Vinho Tinto,Vila Ruiva,garrafa 75 cl,"€7,99/un","€10,65/lt"
Caves de Pegões Regional Península de Setúbal Vinho Rosé,Caves de Pegões,garrafa 75 cl,"€1,99/un","€2,65/lt"
Contemporal DOC Douro Vinho Tinto,Contemporal,garrafa 75 cl,"€1,99/un","€2,65/lt"
Valmaduro Sauvignon Blanc Premium Regional Lisboa Vinho Branco,Valmaduro,garrafa 75 cl,"€4,49/un","€5,99/lt"
Sumo Melancia Hortelã,Sonatural,emb. 75 cl,"€3,67/un","€4,89/lt"
Leira do Canhoto DOC Vinho Verde Branco,Leira do Canhoto,garrafa 75 cl,"€2,79/un","€3,72/lt"
Cerveja com Álcool,Estrella Damm,emb. 6 x 25 cl,"€4,29/un","€2,86/lt"
Tapada das Lebres Premium Regional Alentejo Vinho Rosé,Tapada das Lebres,garrafa 75 cl,"€4,89/un","€6,52/lt"
Cerveja com Álcool,Franziskaner,"emb. 6 x 35,3 cl","€7,99/un","€3,75/lt"
Continente Tinto,Continente,emb. 1 lt,"€0,85/un","€0,85/lt"
Refrigerante com Gás Cola,Continente,emb. 4 x 2 lt,"€4,20/un","€0,53/lt"
Ice Tea Pêssego,Lipton,emb. 50 cl,"€0,80/un","€1,60/lt"
JP Regional Península de Setúbal Vinho Branco,J.P.,garrafa 75 cl,"€2,99/un","€3,99/lt"
Panaché,Continente,emb. 6 x 25 cl,"€1,73/un","€1,15/lt"
JP Regional Península de Setúbal Vinho Rosé,J.P.,garrafa 75 cl,"€2,99/un","€3,99/lt"
Água sem Gás,Evian,"emb. 1,5 lt","€1,79/un","€1,19/lt"
Cerveja com Álcool Sumo Natural Limão Radler,Sagres,emb. 6 x 33 cl,"€3,99/un","€2,02/lt"
Smoothie Manga e Maracujá,Innocent,emb. 25 cl,"€1,49/un","€5,96/lt"
Néctar Manga Magdalena,Compal Origens,emb. 33 cl,"€0,84/un","€2,55/lt"
Refrigerante com Gás Cola Zero Açúcar,Pepsi,emb. 6 x 33 cl,"€3,99/un","€2,02/lt"
Vinha da Curia Colheita DOC Bairrada Vinho Branco,Vinha da Curia,garrafa 75 cl,"€2,99/un","€3,99/lt"
Refrigerante com Gás Lima Limão,Continente,"emb. 1,5 lt","€0,69/un","€0,46/lt"
Refrigerante sem Gás Florida,Sunny Delight,"emb. 1,25 lt","€2,19/un","€1,75/lt"
Galitos Regional Alentejano Vinho Branco,Galitos,garrafa 75 cl,"€2,29/un","€3,05/lt"
Cerveja sem Álcool,Super Bock,emb. 6 x 33 cl,"€4,79/un","€2,42/lt"
Sumo Multi-vitaminas,Capri-Sun,emb. 10 x 20 cl,"€4,40/un","€2,20/lt"
Néctar Laranja,Continente,emb. 6 x 20 cl,"€1,49/un","€1,24/lt"
Whisky Grant's,Grant's,garrafa 1 lt,"€15,35/un","€15,35/lt"
Altano DOC Douro Tinto Biológico,Altano,garrafa 75 cl,"€7,99/un","€10,65/lt"
José Maria da Fonseca Regional Península de Setúbal Vinho Tinto,José Maria da Fonseca,garrafa 75 cl,"€1,99/un","€2,65/lt"
Contemporal Biológico DOC Beira Interior Branco,Contemporal,garrafa 75 cl,"€3,99/un","€5,32/lt"
Água com Gás Natural Tangerina,Pedras Salgadas,emb. 4 x 25 cl,"€2,24/un","€2,24/lt"
Cerveja com Álcool,Budweiser,emb. 6 x 25 cl,"€6,39/un","€4,26/lt"
Refrigerante sem Gás Laranja,Joi,"emb. 1,5 lt","€1,90/un","€1,27/lt"
Refrigerante com Gás Laranja,Fanta,emb. 6 x 33 cl,"€4,14/un","€2,09/lt"
Casal da Eira Vinho Tinto,Casal da Eira,emb. 1 lt,"€1,69/un","€1,69/lt"
Água com Gás Mineral Natural Limão,Castello,emb. 4 x 25 cl,"€1,90/un","€1,90/lt"
Néctar Pêssego,Compal Clássico,emb. 33 cl,"€0,79/un","€2,39/lt"
Terras de Xisto Regional Alentejano Vinho Tinto,Terras de Xisto,garrafa 75 cl,"€3,99/un","€5,32/lt"
"Cerveja sem Álcool 0,0%",Heineken,emb. 33 cl,"€0,86/un","€2,61/lt"
Água sem Gás Mineral Natural Frutos Vermelhos,Luso Fruta,emb. 50 cl,"€0,79/un","€1,58/lt"
Calatrava Regional Alentejano Vinho Tinto,Calatrava,garrafa 75 cl,"€3,29/un","€4,39/lt"
Cerveja com Álcool Selecção 1927 Bengal Amber Ipa,Super Bock 1927,garrafa 33 cl,"€1,59/un","€4,82/lt"
Cerveja com Álcool Ipa,Sovina,garrafa 33 cl,"€2,69/un","€8,15/lt"
Duas Encostas Vinhas Velhas Signature DOC Dão Vinho Tinto,Duas Encostas,garrafa 75 cl,"€6,49/un","€8,65/lt"
Encostas do Côa Regional Beiras Vinho Branco,Encostas do Côa,garrafa 75 cl,"€1,99/un","€2,65/lt"
Vila Ruiva Regional Alentejo Vinho Tinto,Vila Ruiva,garrafa 75 cl,"€2,39/un","€3,19/lt"
Refrigerante sem Gás Manga e Laranja,Joi,"emb. 1,5 lt","€1,90/un","€1,27/lt"
Cerveja com Álcool Selecção Japan Lager 1927,Super Bock 1927,garrafa 33 cl,"€1,59/un","€4,82/lt"
Água sem Gás Limão,Luso Fruta,emb. 50 cl,"€0,79/un","€1,58/lt"
Néctar Tutti Frutti,Compal Clássico,emb. 33 cl,"€0,79/un","€2,39/lt"
Caves Santa Marta Vinho Tinto,Santa Marta,Bag in Box 5 lt,"€8,99/un","€1,80/lt"
Contemporal Regional Alentejano Vinho Branco,Contemporal,garrafa 75 cl,"€1,89/un","€2,52/lt"
Whisky William Lawson's,William Lawson's,garrafa 70 cl,"€11,83/un","€16,90/lt"
Cerveja com Álcool,Carlsberg,emb. 12 x 25 cl,"€7,39/un","€2,46/lt"
Periquita Regional Península de Setúbal Vinho Branco,Periquita,garrafa 75 cl,"€4,99/un","€6,65/lt"
Contemporal Loureiro DOC Vinho Verde Branco,Contemporal,garrafa 75 cl,"€2,19/un","€2,92/lt"
Esteva DOC Douro Vinho Tinto,Esteva,garrafa 75 cl,"€4,99/un","€6,65/lt"
Mocho Galego Signature Regional Alentejano Vinho Tinto,Mocho Galego,garrafa 75 cl,"€4,99/un","€6,65/lt"
Cerveja com Álcool Mini,Cristal,emb. 6 x 20 cl,"€2,59/un","€2,16/lt"
Sumo Laranja Natural,Continente,emb. 50 cl,"€2,29/un","€4,58/lt"
Sobreiro de Pegões Regional Península de Setúbal Vinho Branco,Sobreiro de Pegões,garrafa 75 cl,"€6,99/un","€9,32/lt"
Bebida Energética Gaseificada,Red Bull,emb. 4 x 25 cl,"€5,39/un","€5,39/lt"
Vidigueira Signature DOC Alentejo Vinho Branco,Vidigueira,garrafa 75 cl,"€5,89/un","€7,85/lt"
Cerveja com Álcool India Pale Ale,Nortada,garrafa 33 cl,"€1,79/un","€5,42/lt"
Vinha Maria DOC Dão Vinho Tinto,Vinha Maria,garrafa 75 cl,"€2,99/un","€3,99/lt"
Adega de Vila Real DOC Douro Vinho Branco,Adega de Vila Real,garrafa 75 cl,"€2,69/un","€3,59/lt"
Pátria DOC Alentejo Vinho Tinto,Pátria,garrafa 75 cl,"€2,99/un","€3,99/lt"
Compromisso Loureiro Colheita Selecionada DOC Vinho Verde Branco,Compromisso,garrafa 75 cl,"€3,59/un","€4,79/lt"
Contemporal Regional Tejo Tinto,Contemporal,garrafa 75 cl,"€1,79/un","€2,39/lt"
Periquita Regional Península de Setúbal Vinho Rosé,Periquita,garrafa 75 cl,"€4,99/un","€6,65/lt"
Refrigerante com Gás Lima Limão,Sprite,"emb. 1,5 lt","€0,99/un","€0,66/lt"
Defesa Regional Alentejano Vinho Tinto,Herdade do Esporão,garrafa 75 cl,"€4,99/un","€6,65/lt"
Refrigerante Com Gás Ananás,Sumol,emb. 6 x 33 cl,"€4,39/un","€2,22/lt"
Campus de Borba Vinhas Velhas DOC Alentejo Vinho Tinto,Campus de Borba,garrafa 75 cl,"€3,99/un","€5,32/lt"
Muralhas de Monção DOC Vinho Verde Branco,Muralhas de Monção,garrafa 75 cl,"€4,59/un","€6,12/lt"
Sumo 100% Ananás Espremido,Continente Equilíbrio,emb. 1 lt,"€1,69/un","€1,69/lt"
Whisky Scotch Cutty Sark,Cutty Sark,garrafa 70 cl,"€14,49/un","€20,70/lt"
Refrigerante com Gás Guaraná,Fanta,emb. 33 cl,"€0,69/un","€2,09/lt"
Mundus Leve Regional Lisboa Vinho Rosé,Mundus,garrafa 75 cl,"€1,99/un","€2,65/lt"
Vidigueira Premium DOC Alentejo Vinho Branco,Vidigueira,garrafa 75 cl,"€3,99/un","€5,32/lt"
Esporão Reserva DOC Alentejo Vinho Tinto,Esporão,garrafa 75 cl,"€15,99/un","€21,32/lt"
Refrigerante sem Gás California,Sunny Delight,"emb. 1,25 lt","€2,19/un","€1,75/lt"
Sobreiro de Pegões Regional Península de Setúbal Vinho Tinto,Sobreiro de Pegões,garrafa 75 cl,"€6,99/un","€9,32/lt"
Terras do Ribatejo Regional Tejo Vinho Branco,Terras do Ribatejo,garrafa 75 cl,"€1,59/un","€2,12/lt"
Refrigerante sem Gás Limão Zero,Trina,"emb. 1,5 lt","€1,60/un","€1,07/lt"
Monte Velho Regional Alentejano Vinho Branco,Monte Velho,garrafa 75 cl,"€4,19/un","€5,59/lt"
Vinha da Valentina Merlot Regional Península de Setúbal Vinho Tinto,Vinha da Valentina,garrafa 75 cl,"€4,99/un","€6,65/lt"
Whisky Famous Grouse,Famous Grouse,garrafa 1 lt,"€23,75/un","€23,75/lt"
Fonte do Nico Regional Península de Setúbal Vinho Tinto,Fonte do Nico,garrafa 75 cl,"€1,99/un","€2,65/lt"
Refrigerante Com Gás Laranja,Sumol,emb. 6 x 33 cl,"€4,39/un","€2,22/lt"
Cavalo Bravo Regional Tejo Vinho Tinto,Cavalo Bravo,garrafa 75 cl,"€2,39/un","€3,19/lt"
Água sem Gás,Luso,emb. 33 cl,"€0,35/un","€1,06/lt"
Chafariz de D. Maria Regional Península de Setúbal Vinho Branco,Chafariz de D. Maria,garrafa 75 cl,"€1,99/un","€2,65/lt"
Sumo Laranja e Cenoura Active Drink,Santal,"emb. 1,5 lt","€1,49/un","€0,99/lt"
Adega do Presidente DOC Vinho Verde Branco,Adega do Presidente,garrafa 75 cl,"€3,99/un","€5,32/lt"
Ice Tea Pêssego,Lipton,emb. 2 lt,"€2,49/un","€1,25/lt"
Vinha da Malcata Biológico DOC Beira Interior Branco,Vinha da Malcata,garrafa 75 cl,"€4,49/un","€5,99/lt"
Monte Velho Regional Alentejo Vinho Rosé,Monte Velho,garrafa 75 cl,"€4,19/un","€5,59/lt"
Albenaz Terraço Real Premium Regional Alentejano Vinho Rosé,Albenaz,garrafa 75 cl,"€3,99/un","€5,32/lt"
Caves de Pegões Regional Península de Setúbal Vinho Branco,Caves de Pegões,garrafa 75 cl,"€1,99/un","€2,65/lt"
Pavão Regional Minho Vinho Verde Branco,Pavão,garrafa 75 cl,"€2,19/un","€2,92/lt"
Duas Encostas Signature DOC Dão Vinho Branco,Duas Encostas,garrafa 75 cl,"€16,49/un","€21,99/lt"
Capote Velho Reserva Regional Lisboa Vinho Tinto,Capote Velho,garrafa 75 cl,"€2,99/un","€3,99/lt"
Ice Tea Limão,Lipton,emb. 6 x 25 cl,"€3,37/un","€2,25/lt"
Refrigerante sem Gás Maçã Zero,Trina,"emb. 1,5 lt","€1,60/un","€1,07/lt"
Água sem Gás Mineral Natural Limão e Magnésio,Vitalis,emb. 33 cl,"€0,71/un","€2,15/lt"
Cerveja com Álcool,Quinas,emb. 6 x 33 cl,"€2,94/un","€1,48/lt"
Fiuza 3 Castas Regional Tejo Vinho Branco,Fiuza,garrafa 75 cl,"€4,59/un","€6,12/lt"
Evel DOC Douro Vinho Branco,Evel,garrafa 75 cl,"€5,69/un","€7,59/lt"
Cerveja com Álcool,Super Bock,emb. 50 cl,"€0,83/un","€1,66/lt"
Cerveja de Trigo com Álcool Bavaria Weiss,Super Bock,garrafa 33 cl,"€1,59/un","€4,82/lt"
Coutada Velha Signature Regional Alentejano Vinho Branco,Coutadas Velhas,garrafa 75 cl,"€6,49/un","€8,65/lt"
Ice Tea Manga,Continente,emb. 50 cl,"€0,79/un","€1,58/lt"
Refrigerante sem Gás Maracujá,Joi,"emb. 1,5 lt","€1,90/un","€1,27/lt"
Cerveja com Álcool,Gutbier,garrafa 1 lt,"€0,99/un","€0,99/lt"
Dom Pérignon Champanhe Branco Bruto,Dom Pérignon,garrafa 75 cl,"€230,00/un","€306,67/lt"
Água sem Gás B & HM,Fastio,emb. 50 cl,"€0,59/un","€1,18/lt"
Cancellus Regional Duriense Vinho Branco,Cancellus,garrafa 75 cl,"€2,39/un","€3,19/lt"
Campus de Borba Vinhas Velhas DOC Alentejo Vinho Branco,Campus de Borba,garrafa 75 cl,"€3,99/un","€5,32/lt"
Cerveja com Álcool Bohemia Pilsener,Sagres Bohemia,emb. 6 x 33 cl,"€4,79/un","€2,42/lt"
"Sumo Maçã, Laranja e Cenoura",Autêntico,emb. 33 cl,"€0,89/un","€2,70/lt"
Cerveja com Álcool,Gutbier,emb. 10 x 25 cl,"€2,99/un","€1,20/lt"
Vodka Eristoff,Eristoff,garrafa 70 cl,"€10,39/un","€14,84/lt"
Cerveja com Álcool Sumo Natural Limão,Super Bock Green,emb. 6 x 33 cl,"€4,79/un","€2,42/lt"
Ice Tea Pêssego,Lipton,emb. 6 x 25 cl,"€3,37/un","€2,25/lt"
Casa de Vila Verde Loureiro Grande Escolha DOC Vinho Verde Branco,Casa Vila Verde,garrafa 75 cl,"€8,99/un","€11,99/lt"
Vale do Bomfim DOC Douro Vinho Branco,Vale do Bomfim,garrafa 75 cl,"€12,99/un","€17,32/lt"
Contemporal Espumante Branco Meio Seco,Contemporal,garrafa 75 cl,"€3,29/un","€4,39/lt"
Porta Ravessa Edição Especial Regional Alentejano Vinho Tinto,Porta da Ravessa,garrafa 75 cl,"€2,99/un","€3,99/lt"
Água Tónica Pink,Schweppes,emb. 1 lt,"€1,56/un","€1,56/lt"
Guarda Rios Gold Edition Regional Alentejano Vinho Tinto,Guarda Rios,garrafa 75 cl,"€18,99/un","€25,32/lt"
Cerveja com Álcool,Guinness,garrafa 33 cl,"€2,17/un","€6,58/lt"
Bebida Energética sem Açúcar,Power+,lata 25 cl,"€0,49/un","€1,96/lt"
Flor de Penalva Premium DOC Dão Vinho Tinto,Flor de Penalva,garrafa 75 cl,"€3,99/un","€5,32/lt"
Refrigerante com Gás Maracujá,Brisa,emb. 6 x 33 cl,"€3,91/un","€1,97/lt"
Água sem Gás Mineral Fuschia,Healsi,emb. 50 cl,"€0,99/un","€1,98/lt"
Real Lavrador Regional Alentejano Vinho Branco,Real Lavrador,garrafa 75 cl,"€1,89/un","€2,52/lt"
Quinta da Pedra Cavada Reserva DOC Douro Vinho Rosé,Quinta da Pedra Cavada,garrafa 75 cl,"€3,99/un","€5,32/lt"
Terras do Demo Espumante DOC Távora-Varosa Branco Bruto,Terras do Demo,garrafa 75 cl,"€8,49/un","€11,32/lt"
Whisky J&B 15 Anos,J&B,garrafa 70 cl,"€28,49/un","€40,70/lt"
Whisky J&B Rare,J&B,garrafa 70 cl,"€12,74/un","€18,20/lt"
Campos do Minho Regional Minho Vinho Verde Branco,Campos do Minho,garrafa 75 cl,"€2,49/un","€3,32/lt"
Contemporal Leve Regional Lisboa Vinho Branco,Contemporal,garrafa 75 cl,"€1,59/un","€2,12/lt"
Vodka Misss Silver,Misss,garrafa 70 cl,"€6,99/un","€9,99/lt"
Continente Vinho Branco,Continente,emb. 250 ml,"€0,55/un","€2,20/lt"
Lancers Vinho Branco,Lancers,garrafa 75 cl,"€3,99/un","€5,32/lt"
Refrigerante sem Gás Limão,Aquarius,"emb. 1,5 lt","€2,00/un","€1,33/lt"
Refrigerante sem Gás Maracujá e Laranja sem Açúcar,Yes Fruit,"emb. 1,5 lt","€0,99/un","€0,66/lt"
Cerveja com Álcool Bohemia Puro Malte,Sagres Bohemia,emb. 6 x 33 cl,"€4,79/un","€2,42/lt"
Vinha da Valentina Cabernet Sauvignon Regional Península de Setúbal Vinho Tinto,Vinha da Valentina,garrafa 75 cl,"€4,99/un","€6,65/lt"
Fazenda Velha Vinho Branco,Casa Ermelinda Freitas,Bag in Box 5 lt,"€9,99/un","€2,00/lt"
Casaleiro Colheita Seleccionada Regional Tejo Vinho Tinto,Casaleiro,garrafa 75 cl,"€2,19/un","€2,92/lt"
Refrigerante com Gás Ananás sem Açúcar,Continente,"emb. 1,5 lt","€0,79/un","€0,53/lt"
Contemporal DOC Dão Vinho Tinto,Contemporal,garrafa 75 cl,"€1,99/un","€2,65/lt"
Chá Verde Citrus,Lipton,emb. 2 lt,"€2,49/un","€1,25/lt"
Assobio DOC Douro Vinho Rosé,Assobio,garrafa 75 cl,"€7,49/un","€9,99/lt"
Vinha da Malcata Biológico DOC Beira Interior Tinto,Vinha da Malcata,garrafa 75 cl,"€4,49/un","€5,99/lt"
Pacheca Premium DOC Douro Vinho Tinto,Quinta da Pacheca,garrafa 75 cl,"€7,69/un","€10,25/lt"
Refrigerante com Gás Guaraná,Guaraná Antarctica,emb. 6 x 33 cl,"€4,39/un","€2,22/lt"
Porta da Ravessa DOC Alentejo Vinho Branco,Porta da Ravessa,garrafa 75 cl,"€2,19/un","€2,92/lt"
Valmaduro Premium Regional Lisboa Vinho Tinto,Casa Santos Lima,garrafa 75 cl,"€4,49/un","€5,99/lt"
Cerveja com Álcool,Sagres,emb. 15 x 33 cl,"€11,69/un","€2,36/lt"
Piteira Premium DOC Alentejo Vinho Tinto,Piteira,garrafa 75 cl,"€3,99/un","€5,32/lt"
Fiuza 3 Castas Reserva Regional Tejo Vinho Tinto,Fiuza,garrafa 75 cl,"€5,99/un","€7,99/lt"
Fonte do Nico Regional Península de Setúbal Vinho Branco,Fonte do Nico,garrafa 75 cl,"€1,99/un","€2,65/lt"
Gin Bombay Original,Bombay,garrafa 70 cl,"€13,27/un","€18,96/lt"
Ventozelo Reserva DOC Douro Vinho Tinto,Quinta de Ventozelo,garrafa 75 cl,"€7,99/un","€10,65/lt"
Água sem Gás,Solan Cabras,"emb. 1,5 lt","€1,89/un","€1,26/lt"
Cerveja com Álcool Selecção 1927 Munich Dunkel,Super Bock 1927,garrafa 33 cl,"€1,59/un","€4,82/lt"
Refrigerante com Gás Ananás,Continente,"emb. 4 x 1,5 lt","€3,56/un","€0,59/lt"
Três Bagos Sauvignon Blanc Douro Vinho Branco,Três Bagos,garrafa 75 cl,"€10,99/un","€14,65/lt"
Dona Ermelinda Península de Setúbal Vinho Tinto Caixa de Natal,Ermelinda,"garrafa 1,5 lt","€7,99/un","€5,33/lt"
Whisky Irlandês Jameson,Jameson,garrafa 1 lt,"€27,19/un","€27,19/lt"
Janelas Antigas Grande Escolha DOC Vinho Verde Branco,Janelas Antigas,garrafa 75 cl,"€2,99/un","€3,99/lt"
Vinha D. Maria Reserva DOC Dão Vinho Tinto,Vinha Maria,garrafa 75 cl,"€3,49/un","€4,65/lt"
Redoma DOC Douro Vinho Rosé,Niepoort,garrafa 75 cl,"€11,49/un","€15,32/lt"
Água de Coco,Cocoxim,emb. 1 lt,"€3,99/un","€3,99/lt"
Água sem Gás Mineral Natural Frutos Vermelhos,Vitalis,emb. 1 lt,"€1,44/un","€1,44/lt"
Casal Cerrado Regional Península de Setúbal Vinho Branco,Casal Cerrado,Bag in Box 3 lt,"€8,49/un","€2,83/lt"
Lambrusco Decordi Rosato,Lambrusco,garrafa 75 cl,"€4,99/un","€6,65/lt"
Tisana Chá Limão,Pleno,emb. 6 x 33 cl,"€3,54/un","€1,79/lt"
Sidra com Álcool Maçã,Somersby,emb. 4 x 33 cl,"€4,19/un","€3,17/lt"
Whisky Passport,Passport,garrafa 70 cl,"€10,49/un","€14,99/lt"
Salta Paredes Premium DOC Douro Vinho Tinto,Salta Paredes,garrafa 75 cl,"€3,99/un","€5,32/lt"
Água de Coco Biológica,Isola Bio,emb. 50 cl,"€3,89/un","€7,78/lt"
Lavradores de Feitoria DOC Douro Vinho Tinto,Lavradores de Feitoria,garrafa 75 cl,"€5,00/un","€6,67/lt"
Cerveja com Álcool Barril,Heineken,barril 5 lt,"€15,89/un","€3,18/lt"
Néctar Frutos Vermelhos e Acerola,Continente,emb. 1 lt,"€0,99/un","€0,99/lt"
Refrigerante sem Gás Laranja Zero,Trina,"emb. 1,5 lt","€1,60/un","€1,07/lt"
Whisky Irlandês Jameson,Jameson,garrafa 70 cl,"€20,99/un","€29,99/lt"
Água sem Gás Mineral Natural,Vitalis,emb. 50 cl,"€0,30/un","€0,60/lt"
Casal Garcia Sangria Branca,Casal Garcia,garrafa 75 cl,"€3,99/un","€5,32/lt"
Grão Vasco DOC Dão Vinho Branco,Grão Vasco,garrafa 75 cl,"€3,99/un","€5,32/lt"
Vinha da Coutada Velha Regional Alentejano Vinho Tinto,Monte da Ravasqueira,garrafa 75 cl,"€4,49/un","€5,99/lt"
Cerveja com Álcool,Super Bock,garrafa 1 lt,"€1,79/un","€1,79/lt"
Cerveja com Álcool Rubi,Vadia,garrafa 33 cl,"€2,45/un","€7,42/lt"
Sumo Natural Pêssego Biológico,Cem Porcento,emb. 20 cl,"€1,29/un","€6,45/lt"
Vercoope Vinho Branco,Vercoope,garrafa 1 lt,"€1,89/un","€1,89/lt"
Sumo Maçã e Morango,Continente,emb. 25 cl,"€1,59/un","€6,36/lt"
Pátria DOC Alentejo Vinho Branco,Pátria,garrafa 75 cl,"€2,99/un","€3,99/lt"
Só Pias Vinho Tinto,Só Pias,garrafa 75 cl,"€2,19/un","€2,92/lt"
Roboredo Premium DOC Douro Vinho Tinto,Roboredo,garrafa 75 cl,"€4,99/un","€6,65/lt"
Vermelhusco Vinho Frisante Branco,Adega da Vermelha,garrafa 75 cl,"€1,59/un","€2,12/lt"
Refrigerantes com Gás Laranja,Fanta,emb. 12 x 15 cl,"€6,24/un","€3,47/lt"
Vinhas do Sul Vinho Branco,Vinhas do Sul,Bag in Box 5 lt,"€7,99/un","€1,60/lt"
Carm DOC Douro Vinho Tinto,Carm,garrafa 75 cl,"€8,39/un","€11,19/lt"
Refrigerante com Gás Citrus,Schweppes,emb. 1 lt,"€1,26/un","€1,26/lt"
Ali Jó Moscatel do Douro,Ali Jó,garrafa 75 cl,"€4,29/un","€5,72/lt"
Ice Tea Manga,Lipton,emb. 50 cl,"€0,80/un","€1,60/lt"
Ali Jó DOC Douro Vinho Tinto,Ali Jó,garrafa 75 cl,"€2,99/un","€3,99/lt"
EA Biológico Vinho Tinto,EA,garrafa 75 cl,"€9,49/un","€12,65/lt"
Refrigerante sem Gás Laranja,Trina,"emb. 1,5 lt","€1,60/un","€1,07/lt"
Ice Tea Limão,Lipton,emb. 50 cl,"€0,80/un","€1,60/lt"
Licor Whisky Baileys,Baileys,garrafa 70 cl,"€18,99/un","€27,13/lt"
Granja Amareleja DOC Alentejo Vinho Branco,Granja Amareleja,garrafa 75 cl,"€11,99/un","€15,99/lt"
Cerveja com Álcool Weiss,Nortada,garrafa 33 cl,"€1,79/un","€5,42/lt"
Roboredo Signature DOC Douro Vinho Tinto,Roboredo,garrafa 75 cl,"€17,49/un","€23,32/lt"
Contemporal Espumante Branco Bruto,Contemporal,garrafa 75 cl,"€3,29/un","€4,39/lt"
Refrigerante com Gás Lima Limão,Sprite,emb. 1 lt,"€0,99/un","€0,99/lt"
O Tal da Lixa DOC Vinho Verde Branco,Tal da Lixa,garrafa 75 cl,"€2,89/un","€3,85/lt"
Riobello Lambrusco Branco,Riobello,garrafa 75 cl,"€5,89/un","€7,85/lt"
Refrigerante sem Gás Laranja e Cenoura -30% Açúcar,Santal,"emb. 1,5 lt","€1,42/un","€0,95/lt"
Refrigerante sem Gás Frutos Tropicais e Cenoura Active Drink,Santal,"emb. 1,5 lt","€1,49/un","€0,99/lt"
Sobreiro de Pegões Premium Regional Península de Setúbal Vinho Tinto,Sobreiro de Pegões,garrafa 75 cl,"€3,49/un","€4,65/lt"
Compromisso Adamado DOC Vinho Verde Branco,Compromisso,garrafa 75 cl,"€7,99/un","€10,65/lt"
Vinha do Carmo Regional Lisboa Vinho Tinto,Quinta do Gradil,garrafa 75 cl,"€18,00/un","€24,00/lt"
Cerveja com Álcool Bohemia Bock,Sagres Bohemia,emb. 6 x 33 cl,"€4,79/un","€2,42/lt"
D. Ermelinda DOC Palmela Vinho Tinto,Dona Ermelinda,"garrafa 37,5 cl","€2,89/un","€7,71/lt"
Cancellus Regional Duriense Vinho Tinto,Adega de Vila Real,garrafa 75 cl,"€2,39/un","€3,19/lt"
Monte Velho Regional Alentejano Vinho Branco,Monte Velho,"garrafa 37,5 cl","€2,99/un","€7,97/lt"
Adro da Aldeia Vinho Branco,Aldro da Aldeia,Bag in Box 5 lt,"€8,69/un","€1,74/lt"
Refrigerante com Gás Ananás sem Açúcar,Fanta,"emb. 1,5 lt","€0,99/un","€0,66/lt"
Whisky Bourbon Jack Daniel's,Jack Daniel's,garrafa 70 cl,"€23,99/un","€34,27/lt"
Contemporal Regional Alentejo Vinho Branco,Contemporal,"garrafa 37,5 cl","€0,99/un","€2,64/lt"
Sumo Framboesa e Cereja,Innocent,emb. 33 cl,"€1,56/un","€4,73/lt"
Cerveja com Álcool,Heineken,emb. 12 x 25 cl,"€7,29/un","€2,43/lt"
Esporão Colheita Regional Alentejano Vinho Tinto,Herdade do Esporão,garrafa 75 cl,"€7,99/un","€10,65/lt"
Cavalo Bravo Reserva Regional Tejo Vinho Tinto,Cavalo Bravo,garrafa 75 cl,"€2,99/un","€3,99/lt"
Colete Velho Regional Tejo Vinho Tinto,Colete Velho,garrafa 75 cl,"€6,49/un","€8,65/lt"
Vinha da Valentina Reserva Signature Regional Península de Setúbal Vinho Tinto,Casa Ermelinda Freitas,garrafa 75 cl,"€6,29/un","€8,39/lt"
Cabriz Colheita Selecionada DOC Dão Vinho Branco,Quinta de Cabriz,garrafa 75 cl,"€4,99/un","€6,65/lt"
Contemporal Regional Alentejano Vinho Tinto,Contemporal,garrafa 75 cl,"€1,89/un","€2,52/lt"
Sobreiro de Pegões Regional Península de Setúbal Vinho Rosé,Sobreiro de Pegões,garrafa 75 cl,"€6,99/un","€9,32/lt"
Bebida Energética Ultra Paradise sem Açúcar,Monster,lata 50 cl,"€1,60/un","€3,20/lt"
Porta da Ravessa Special Edition Regional Alentejano Vinho Branco,Porta da Ravessa,garrafa 75 cl,"€2,99/un","€3,99/lt"
Cerveja com Álcool,Cristal,garrafa 1 lt,"€1,39/un","€1,39/lt"
Refrigerante sem Gás Morango,Sunny Delight,"emb. 1,25 lt","€2,19/un","€1,75/lt"
Refrigerante com Gás Guaraná,Guaraná Brasil,"emb. 1,5 lt","€1,99/un","€1,33/lt"
Flor de Borba DOC Alentejo Vinho Tinto,Borba Sovibor,garrafa 75 cl,"€5,99/un","€7,99/lt"
Nordeste Vinho Tinto,Nordeste,Bag in Box 5 lt,"€5,19/un","€1,04/lt"
Chafariz de D. Maria Regional Península de Setúbal Vinho Tinto,Chafariz de D. Maria,garrafa 75 cl,"€1,99/un","€2,65/lt"
Frisante Garçote Branco,Garçote,garrafa 75 cl,"€2,99/un","€3,99/lt"
Refrigerante com Gás Cola,Pepsi,emb. 6 x 33 cl,"€3,43/un","€1,73/lt"
Gin Gordon's,Gordon's,garrafa 70 cl,"€13,19/un","€18,84/lt"
Vinha Maria Espumante Branco Bruto,Vinha Maria,garrafa 75 cl,"€7,99/un","€10,65/lt"
Lambrusco Continente Vinho Branco,Continente,garrafa 75 cl,"€1,95/un","€2,60/lt"
Monte das Parreiras de Arraiolos Regional Alentejano Vinho Branco,Monte das Parreiras de Arraiolos,garrafa 75 cl,"€2,19/un","€2,92/lt"
Contemporal DOC Douro Vinho Branco,Contemporal,garrafa 75 cl,"€1,99/un","€2,65/lt"
João Pires Península de Setúbal Vinho Branco,João Pires,garrafa 75 cl,"€4,49/un","€5,99/lt"
Quinta Vale da Pedra DOC Douro Branco,Quinta Vale da Pedra,garrafa 75 cl,"€2,99/un","€3,99/lt"
Bebida Energética Manga Loco,Monster,lata 50 cl,"€1,60/un","€3,20/lt"
Cerveja com Álcool Alma Lisboeta,Alma,garrafa 33 cl,"€2,59/un","€7,85/lt"
Bebida Energética Ultra Fiesta,Monster,lata 50 cl,"€1,60/un","€3,20/lt"
Ice Tea Manga,Continente,emb. 33 cl,"€0,54/un","€1,64/lt"
Água sem Gás Mineral Turquesa,Healsi,emb. 50 cl,"€0,99/un","€1,98/lt"
Mateus Vinho Rosé,Mateus,garrafa 75 cl,"€4,29/un","€5,72/lt"
Corço DOC Vinho Verde Branco,Corço,garrafa 75 cl,"€3,99/un","€5,32/lt"
Refrigerante sem Gás Maçã,Frutis,"emb. 1,5 lt","€1,99/un","€1,33/lt"
Cerveja com Álcool Artesanal Dunkel,Franziskaner,garrafa 50 cl,"€1,88/un","€3,76/lt"
Cerveja com Álcool Musa Born,Musa,garrafa 33 cl,"€2,79/un","€8,45/lt"
Monte Velho Regional Alentejano Vinho Tinto,Monte Velho,garrafa 75 cl,"€4,19/un","€5,59/lt"
Contemporal Reserva DOC Dão Vinho Tinto,Contemporal,garrafa 75 cl,"€2,99/un","€3,99/lt"
Refrigerante com Gás Cola Zero,Continente,emb. 33 cl,"€0,54/un","€1,64/lt"
Refrigerante com Gás Laranja,Fanta,emb. 50 cl,"€1,00/un","€2,00/lt"
Sossego Regional Alentejano Vinho Rosé,Herdade do Peso,garrafa 75 cl,"€4,99/un","€6,65/lt"
Continente Sangria Branca,Continente,"garrafa 1,5 lt","€1,69/un","€1,13/lt"
Refresco em Pó Laranja,Continente,emb. 40 gr,"€0,75/un","€18,75/kg"
Contemporal DOC Dão Vinho Rosé,Contemporal,garrafa 75 cl,"€1,99/un","€2,65/lt"
Foral D. Henrique DOC Dão Vinho Branco,Foral D. Henrique,garrafa 75 cl,"€2,49/un","€3,32/lt"
Contemporal DOC Dão Vinho Tinto,Contemporal,Bag in Box 3 lt,"€6,99/un","€2,33/lt"
Villa De Corgos Espumante Rosé Regional Beira Atlântico Branco Bruto,Villa de Corgos,garrafa 75 cl,"€8,39/un","€11,19/lt"
Adega de Pegões Regional Península de Setúbal Vinho Tinto,Adega de Pegões,"garrafa 37,5 cl","€1,49/un","€3,97/lt"
Água sem Gás Mineral Natural,Evian,emb. 75 cl,"€1,49/un","€1,99/lt"
Sumo Laranja sem Polpa,Autêntico,emb. 33 cl,"€0,78/un","€2,36/lt"
Cerveja com Álcool Mini,Gutbier,emb. 24 x 25 cl,"€6,99/un","€1,17/lt"
Cerveja com Álcool sem Glúten,Super Bock,emb. 6 x 33 cl,"€4,79/un","€2,42/lt"
Sumo Tropical,Innocent,emb. 90 cl,"€2,16/un","€2,40/lt"
Venâncio Costa Lima Moscatel de Setúbal Reserva da Família 5 anos,Venâncio Costa Lima,garrafa 75 cl,"€14,59/un","€19,45/lt"
Monte das Parreiras de Arraiolos Regional Alentejano Vinho Tinto,Monte das Parreiras de Arraiolos,garrafa 75 cl,"€2,19/un","€2,92/lt"
Cerveja com Álcool,Sagres,emb. 50 cl,"€0,84/un","€1,68/lt"
Sobreiro de Pegões Premium Regional Península de Setúbal Vinho Branco,Sobreiro de Pegões,garrafa 75 cl,"€3,49/un","€4,65/lt"
Palmelão DOC Palmela Vinho Rosé,Palmelão,garrafa 75 cl,"€2,29/un","€3,05/lt"
Poliphonia Reserva Regional Alentejano Vinho Branco,Poliphonia,garrafa 75 cl,"€12,99/un","€17,32/lt"
Contemporal DOC Vinho Verde Branco,Contemporal,garrafa 75 cl,"€1,79/un","€2,39/lt"
Lambrusco Decordi Rosso,Lambrusco,garrafa 75 cl,"€2,99/un","€3,99/lt"
Água com Gás Natural,Continente,"emb. 1,5 lt","€0,39/un","€0,26/lt"
Pera Doce Edição Especial Regional Alentejano Vinho Tinto,Pera Doce,garrafa 75 cl,"€13,99/un","€18,65/lt"
Cerveja com álcool,Heineken Silver,emb. 33 cl,"€0,86/un","€2,61/lt"
Bebida Energética sem Açúcar,Monster,lata 50 cl,"€1,60/un","€3,20/lt"
Contemporal Biológico DOC Beira Interior Tinto,Contemporal,garrafa 75 cl,"€3,99/un","€5,32/lt"
Cerveja com Álcool Stout,Sagres,emb. 33 cl,"€0,69/un","€2,09/lt"
Cerveja com Álcool Bock,Estrella Damm,emb. 6 x 25 cl,"€4,29/un","€2,86/lt"
Sumo Laranja e Pêssego,Capri-Sun,emb. 33 cl,"€0,64/un","€1,94/lt"
Fontanário de Pegões do Palmela Vinho Tinto,Fontanário de Pegões,garrafa 75 cl,"€2,69/un","€3,59/lt"
Guarda Rios Signature Syrah Regional Alentejano Tinto,Guarda Rios,garrafa 75 cl,"€4,99/un","€6,65/lt"
Adega de Palmela Moscatel de Setúbal,Adega de Palmela,garrafa 75 cl,"€4,19/un","€5,59/lt"
Casal Garcia DOC Vinho Verde Branco,Casal Garcia,garrafa 75 cl,"€4,19/un","€5,59/lt"
Arcos do Convento Vinho Tinto,Arcos do Convento,garrafa 75 cl,"€1,79/un","€2,39/lt"
Gin Tanqueray,Tanqueray,garrafa 70 cl,"€18,36/un","€26,23/lt"
Refrigerante com Gás Maracujá sem Açúcar,Fanta,emb. 33 cl,"€0,69/un","€2,09/lt"
Cerveja com Álcool,Coronita,emb. 6 x 21 cl,"€7,49/un","€5,94/lt"
"Sumo Maçã, Pera e Pepino",Innocent,emb. 33 cl,"€1,56/un","€4,73/lt"
Sumo 100% Laranja,Ceres,emb. 1 lt,"€2,49/un","€2,49/lt"
Bebida Energética Ultra White,Monster,lata 50 cl,"€1,60/un","€3,20/lt"
Sumo Natural Uva Preta Biológico,Cem Porcento,emb. 1 lt,"€3,69/un","€3,69/lt"
Cerveja com Álcool,Sagres,emb. 33 cl,"€0,65/un","€1,97/lt"
Cerveja com Álcool Double Ambrée,Grimbergen,garrafa 33 cl,"€1,39/un","€4,21/lt"
Refrigerante com Gás Citrus,Schweppes,emb. 33 cl,"€0,85/un","€2,58/lt"
Chafariz D. Maria Moscatel de Setúbal,Chafariz de D. Maria,garrafa 75 cl,"€3,99/un","€5,32/lt"
Vidigueira Signature DOC Alentejo Vinho Tinto,Vidigueira,garrafa 75 cl,"€5,89/un","€7,85/lt"
JP Regional Península de Setúbal Vinho Tinto,J.P.,Bag in Box 3 lt,"€9,99/un","€3,33/lt"
Contri Selection Espumante Branco Doce,Contri,garrafa 75 cl,"€2,49/un","€3,32/lt"
Adega de Pegões Cabernet Sauvignon Regional Península de Setúbal Vinho Tinto,Adega de Pegões,garrafa 75 cl,"€6,49/un","€8,65/lt"
Monte Velho Regional Alentejano Vinho Tinto,Monte Velho,"garrafa 37,5 cl","€2,99/un","€7,97/lt"
Casal Garcia Sangria de Frutos Vermelhos,Casal Garcia,garrafa 75 cl,"€4,69/un","€6,25/lt"
Maré Viva Regional Alentejano Vinho Tinto,Maré Viva,garrafa 75 cl,"€1,69/un","€2,25/lt"
Cerveja com Álcool,San Miguel,emb. 50 cl,"€1,25/un","€2,50/lt"
Cerveja com Álcool Voll,Estrella Damm,emb. 6 x 25 cl,"€4,29/un","€2,86/lt"
Cerveja com Álcool Weissbier,Franziskaner,garrafa 50 cl,"€1,88/un","€3,76/lt"
Soda Artesanal Pêssego e Gengibre Biológica,WhyNot,emb. 33 cl,"€1,89/un","€5,73/lt"
Cabriz Colheita Selecionada DOC Dão Vinho Rosé,Quinta de Cabriz,garrafa 75 cl,"€4,99/un","€6,65/lt"
Whisky Label 5,Label 5,garrafa 1 lt,"€15,69/un","€15,69/lt"
Monte da Piadeira Vinho Tinto,Monte da Piadeira,Bag in Box 5 lt,"€5,59/un","€1,12/lt"
Vinhas do Sul Vinho Tinto,Vinhas do Sul,Bag in Box 5 lt,"€7,99/un","€1,60/lt"
Refrigerante com Gás Cola,Continente,emb. 33 cl,"€0,54/un","€1,64/lt"
"Sumo Maçã, Pepino, Espinafres, Aipo Limão e Gengibre",Go Natural,emb. 25 cl,"€1,99/un","€7,96/lt"
Contemporal Espumante Branco Doce,Contemporal,garrafa 75 cl,"€3,29/un","€4,39/lt"
Contemporal Espumante Rosé Bruto,Contemporal,garrafa 75 cl,"€3,39/un","€4,52/lt"
Pacheca Superior DOC Douro Vinho Tinto,Quinta da Pacheca,"garrafa 1,5 lt","€23,39/un","€15,59/lt"
"Sumo Laranja, Cenoura, Beterraba, Maçã e Limão",Go Natural,emb. 75 cl,"€3,99/un",
Bebida Energética Zero Ultra Red,Monster,lata 50 cl,"€1,60/un","€3,20/lt"
Gin Hendrick´s,Hendrick´s,garrafa 70 cl,"€30,69/un","€43,84/lt"
Whisky Single Malte Cardhu 12 Anos,Cardhu,garrafa 70 cl,"€40,99/un","€58,56/lt"
"Cerveja sem Álcool 0,0%",Super Bock,emb. 6 x 33 cl,"€4,79/un","€2,42/lt"
Lagosta DOC Vinho Verde Rosé,Lagosta,garrafa 75 cl,"€3,99/un","€5,32/lt"
Terras do Pó Regional Península de Setúbal Vinho Tinto,Terras do Pó,garrafa 75 cl,"€4,69/un","€6,25/lt"
Cerveja com Álcool,Heineken,emb. 33 cl,"€0,78/un","€2,36/lt"
Cerveja com álcool IPA,Lagunitas,"emb. 4 x 35,5 cl","€7,95/un","€5,60/lt"
Folha da Vinha Reserva Regional Alentejano Vinho Tinto,Folha da Vinha,garrafa 75 cl,"€7,49/un","€9,99/lt"
Vale do Rocim Regional Península de Setúbal Vinho Tinto,Vale do Rocim,garrafa 75 cl,"€6,49/un","€8,65/lt"
Cerveja com Álcool,Carlsberg,emb. 6 x 25 cl,"€3,74/un","€2,49/lt"
Altano DOC Douro Vinho Tinto,Altano,garrafa 75 cl,"€3,89/un","€5,19/lt"
Vale do Bomfim DOC Douro Vinho Tinto,Vale do Bomfim,garrafa 75 cl,"€6,49/un","€8,65/lt"
Cerveja com Álcool Bohemia Original,Sagres Bohemia,garrafa 33 cl,"€0,80/un","€2,42/lt"
Cerveja com Álcool,Guinness,emb. 44 cl,"€2,18/un","€4,95/lt"
Fita Azul Blanc De Blancs Reserva Espumante Bruto Branco,Fita Azul,garrafa 75 cl,"€4,49/un","€5,99/lt"
Caves de Pegões Regional Península de Setúbal Vinho Tinto,Caves de Pegões,garrafa 75 cl,"€1,99/un","€2,65/lt"
Cerveja com Álcool,Carlsberg,emb. 33 cl,"€0,79/un","€2,39/lt"
Aperitivo Martini Bianco,Martini,garrafa 75 cl,"€8,07/un","€10,76/lt"
Bebida Kombucha Coco Biológica,Continente Bio,garrafa 37 cl,"€1,79/un","€4,84/lt"
Contemporal Leve Regional Lisboa Rosé,Contemporal,garrafa 75 cl,"€1,59/un","€2,12/lt"
Maré Viva Selection DOC Alentejo Vinho Tinto,Maré Viva,garrafa 75 cl,"€2,99/un","€3,99/lt"
Casal do Cerrado Regional Península de Setúbal Vinho Branco,Casal do Cerrado,garrafa 75 cl,"€2,59/un","€3,45/lt"
Adega de Borba DOC Alentejo Vinho Branco,Adega de Borba,garrafa 75 cl,"€2,89/un","€3,85/lt"
Freixenet Cordon Negro Espumante Branco Cava Bruto,Freixenet,garrafa 75 cl,"€6,79/un","€9,05/lt"
Tequila Silver José Cuervo,José Cuervo,garrafa 70 cl,"€18,99/un","€27,13/lt"
Casal Garcia Sangria Tinta,Casal Garcia,garrafa 75 cl,"€3,99/un","€5,32/lt"
Adega de Vila Real Reserva DOC Douro Vinho Branco,Adega de Vila Real,garrafa 75 cl,"€3,29/un","€4,39/lt"
Adega de Vila Real Reserva DOC Douro Vinho Tinto,Adega de Vila Real,garrafa 75 cl,"€3,29/un","€4,39/lt"
Contemporal Regional Tejo Vinho Branco,Contemporal,garrafa 75 cl,"€1,79/un","€2,39/lt"
Néctar Maracujá,Juver,emb. 1 lt,"€1,59/un","€1,59/lt"
Cerveja com Álcool,Sagres,garrafa 1 lt,"€1,99/un","€1,99/lt"
Pedras Negras Vinho Tinto,Pedras Negras,garrafa 1 lt,"€1,89/un","€1,89/lt"
Cerveja com Álcool,Sagres,emb. 6 x 33 cl,"€4,79/un","€2,42/lt"
Whisky Ballantine's com Caixa,Ballantine's,garrafa 70 cl,"€12,99/un","€18,56/lt"
Roboredo DOC Douro Vinho Tinto,Roboredo,garrafa 75 cl,"€3,79/un","€5,05/lt"
Terra Lenta Premium DOC Alentejo Vinho Tinto,Terra Lenta,garrafa 75 cl,"€3,99/un","€5,32/lt"
Adega de Pegões Regional Península de Setúbal Vinho Branco,Adega de Pegões,garrafa 75 cl,"€2,09/un","€2,79/lt"
Offley Vinho do Porto White,Offley,garrafa 75 cl,"€5,89/un","€7,85/lt"
Refrigerante com Gás Laranja Algarve,Sumol,emb. 33 cl,"€0,79/un","€2,39/lt"
Aveleda Loureiro Colheita Selecionada DOC Vinho Verde Branco,Aveleda,garrafa 75 cl,"€4,99/un","€6,65/lt"
Adega de Pegões Regional Península de Setúbal Vinho Rosé,Adega de Pegões,garrafa 75 cl,"€2,09/un","€2,79/lt"
Cerveja com Álcool,Sagres,emb. 24 x 33 cl,"€18,29/un","€2,31/lt"
Porta da Ravessa DOC Alentejo Vinho Tinto,Porta da Ravessa,garrafa 75 cl,"€2,19/un","€2,92/lt"
Cálem Velhotes Vinho do Porto Fine White,Cálem,garrafa 75 cl,"€5,99/un","€7,99/lt"
Casa Burmester Reserva DOC Douro Vinho Branco,Casa Burmester,garrafa 75 cl,"€11,49/un","€15,32/lt"
Colete Velho Premium Regional Tejo Vinho Tinto,Colete Velho,garrafa 75 cl,"€3,49/un","€4,65/lt"
Offley Barão de Forrester Vinho do Porto 10 Anos,Offley,garrafa 75 cl,"€17,99/un","€23,99/lt"
Sumo Maçã e Manga,Autêntico,emb. 33 cl,"€0,99/un","€3,00/lt"
Cerveja com Álcool,Estrella Damm,garrafa 75 cl,"€4,29/un","€5,72/lt"
Frei João Bairrada DOC Vinho Tinto,Frei João,garrafa 75 cl,"€4,49/un","€5,99/lt"
Ice Tea Chá Verde Antioxidante,Continente,emb. 1 lt,"€0,99/un","€0,99/lt"
Bebida Energética Açaí,Red Bull,lata 25 cl,"€1,39/un","€5,56/lt"
José Maria da Fonseca 10 Anos Superior Moscatel de Setúbal,José Maria da Fonseca,garrafa 75 cl,"€10,99/un","€14,65/lt"
Cacho Fresco Frisante Regional Tejo Vinho Rosé,Cacho Fresco,garrafa 75 cl,"€1,99/un","€2,65/lt"
Lagar de Burmester Reserva DOC Douro Vinho Tinto,Burmester,garrafa 75 cl,"€4,99/un","€6,65/lt"
Vermelhusco Vinho Frisante Rosé,Adega da Vermelha,garrafa 75 cl,"€1,59/un","€2,12/lt"
Ice Tea Chá Verde e Guaraná Energy,Continente,emb. 1 lt,"€0,99/un","€0,99/lt"
Casal Garcia DOC Vinho Verde Branco,Casal Garcia,"garrafa 37,5 cl","€2,79/un","€7,44/lt"
Refrigerante com Gás Laranja,Continente,"emb. 4 x 1,5 lt","€3,56/un","€0,59/lt"
Mionetto Espumante Prosecco Branco Bruto,Mionetto,garrafa 75 cl,"€7,99/un","€10,65/lt"
Monsaraz DOC Alentejo Vinho Branco,Monsaraz,garrafa 75 cl,"€3,99/un","€5,32/lt"
Paço de Teixeiró DOC Vinho Verde Branco,Teixeiro,garrafa 75 cl,"€7,99/un","€10,65/lt"
Contemporal Reserva DOC Douro Tinto,Contemporal,garrafa 75 cl,"€3,49/un","€4,65/lt"
Paulo Laureano Signature Regional Alentejano Vinho Tinto,Paulo Laureano,garrafa 75 cl,"€6,99/un","€9,32/lt"
Herdade do Rocim Colheita Regional Alentejano Vinho Branco,Rocim,garrafa 75 cl,"€9,49/un","€12,65/lt"
Rovisco Pais Premium Regional Península de Setúbal Vinho Tinto,Rovisco Pais,garrafa 75 cl,"€4,19/un","€5,59/lt"
Alandra Vinho Branco,Alandra,garrafa 75 cl,"€2,19/un","€2,92/lt"
Refrigerante com Gás Maracujá,Brisa,emb. 4 x 1 lt,"€4,90/un","€1,23/lt"
Caves Santa Marta DOC Douro Vinho Tinto,Caves Santa Marta,garrafa 75 cl,"€2,99/un","€3,99/lt"
Carm DOC Douro Vinho Branco,Carm,garrafa 75 cl,"€10,49/un","€13,99/lt"
Vinha da Curia Colheita DOC Bairrada Vinho Tinto,Vinha da Curia,garrafa 75 cl,"€2,99/un","€3,99/lt"
Aveleda DOC Vinho Verde Branco,Aveleda,garrafa 75 cl,"€4,49/un","€5,99/lt"
Água Tónica Mediterranean,Fever Tree,emb. 50 cl,"€3,56/un","€7,12/lt"
Quinta da Lixa Escolha DOC Vinho Verde Branco,Quinta da Lixa,garrafa 75 cl,"€3,49/un","€4,65/lt"
Sumo Manga e Cenoura Active Drink,Santal,"emb. 1,5 lt","€1,49/un","€0,99/lt"
Whisky Blended Black Heads,Black Heads,garrafa 70 cl,"€7,19/un","€10,27/lt"
Whisky Grant's 8 Anos Sherry Cask,Grant's,garrafa 70 cl,"€15,99/un","€22,84/lt"
Cerveja com Álcool Blonde,Leffe,garrafa 33 cl,"€1,69/un","€5,12/lt"
Bebida Energética Pacific Punch,Monster,lata 50 cl,"€1,60/un","€3,20/lt"
Contemporal Moscatel de Setúbal,Contemporal,garrafa 75 cl,"€4,99/un","€6,65/lt"
"Smoothie Morango, Cereja, Maçã, Guaraná e Sementes de Linhaça",Innocent,emb. 30 cl,"€1,71/un","€5,70/lt"
Castello D'Alba DOC Douro Vinho Branco,Castello D'Alba,garrafa 75 cl,"€6,69/un","€8,92/lt"
Pedras Negras Vinho Tinto,Pedras Negras,garrafa 75 cl,"€1,69/un","€2,25/lt"
Faisão Bebida Aromatizada Fruity,Faisão,garrafa 75 cl,"€2,79/un","€3,72/lt"
Montarro Vinho Frisante Branco,Montarro,garrafa 75 cl,"€1,79/un","€2,39/lt"
Rocca Gloriosa Espumante Branco Doce,Rocca Gloriosa,garrafa 75 cl,"€2,99/un","€3,99/lt"
Couteiro-Mor Regional Alentejano Vinho Branco,Couteiro-Mor,garrafa 75 cl,"€2,49/un","€3,32/lt"
Água Tónica Indian,Fever Tree,emb. 4 x 20 cl,"€5,99/un","€7,49/lt"
BSE Regional Península de Setúbal Vinho Branco,BSE,garrafa 75 cl,"€3,99/un","€5,32/lt"
Terras do Ribatejo Regional Tejo Vinto Tinto,Terras do Ribatejo,garrafa 75 cl,"€1,59/un","€2,12/lt"
Pacheca DOC Douro Vinho Rosé,Quinta da Pacheca,garrafa 75 cl,"€6,99/un","€9,32/lt"
Quinta da Pedra Cavada Reserva DOC Douro Vinho Tinto,Quinta da Pedra Cavada,garrafa 75 cl,"€3,99/un","€5,32/lt"
Sumo Manga,Natural One,emb. 90 cl,"€3,55/un","€3,94/lt"
Cerveja com Álcool Selecção 1927 Japan,Super Bock 1927,garrafa 75 cl,"€3,59/un","€4,79/lt"
Paciência Vinho Frisante Rosé,Casa Paciência,garrafa 75 cl,"€1,51/un","€2,01/lt"
Vinha do Bispado DOC Douro Vinho Tinto,Vinha do Bispado,garrafa 75 cl,"€6,59/un","€8,79/lt"
Vale D. Maria Superior DOC Douro Vinho Tinto,Vale D. Maria,garrafa 75 cl,"€6,99/un","€9,32/lt"
Vinha dos Ingleses Espadeiro DOC Vinho Verde Rosé,Vinha dos Ingleses,garrafa 75 cl,"€4,99/un","€6,65/lt"
Bebida Energética Monarch,Monster,lata 50 cl,"€1,60/un","€3,20/lt"
Sumo 100% Tomate,Compal Veggie,emb. 20 cl,"€0,89/un","€4,45/lt"
Bebida Energética Mega Green,Monster,"lata 55,3 cl","€1,80/un","€3,25/lt"
Cerveja com álcool,Heineken Silver,emb. 6 x 25 cl,"€3,99/un","€2,66/lt"
Whisky Grant's,Grant's,garrafa 70 cl,"€14,79/un","€21,13/lt"
Água Tónica Premium Original Toque de Lima,Schweppes,emb. 20 cl,"€1,69/un","€8,45/lt"
Offley Vinho do Porto Tawny,Offley,garrafa 75 cl,"€5,89/un","€7,85/lt"
Cerveja com Álcool,Erdinger,garrafa 50 cl,"€2,99/un","€5,98/lt"
Fita Azul Blanc De Blancs Reserva Espumante Meio Seco Branco,Fita Azul,garrafa 75 cl,"€4,49/un","€5,99/lt"
Bebida Energética,Power+,lata 25 cl,"€0,49/un","€1,96/lt"
"Cerveja sem Álcool 0,0%",Sagres,emb. 4 x 33 cl,"€2,99/un","€2,27/lt"
Cabriz Reserva DOC Dão Vinho Branco,Cabriz,garrafa 75 cl,"€9,49/un","€12,65/lt"
Gazela DOC Vinho Verde Verde Branco,Gazela,garrafa 75 cl,"€3,79/un","€5,05/lt"
Via Latina DOC Vinho Verde Branco,Via Latina,garrafa 75 cl,"€2,29/un","€3,05/lt"
São Domingos Millésime Espumante DOC Bairrada Branco Bruto,São Domingos,garrafa 75 cl,"€11,99/un","€15,99/lt"
Refrigerante sem Gás Limonada,Santal,"emb. 1,5 lt","€1,42/un","€0,95/lt"
Piteira Premium DOC Alentejo Vinho Tinto,Piteira,"garrafa 1,5 lt","€7,99/un","€5,33/lt"
Refrigerante sem Gás Laranja,Aquarius,emb. 50 cl,"€1,00/un","€2,00/lt"
Sumo Natural Mirtilo Biológico,Cem Porcento,emb. 20 cl,"€2,89/un","€14,45/lt"
Cerveja com Álcool Selecção 1927 Munich Dunkel,Super Bock 1927,garrafa 75 cl,"€3,59/un","€4,79/lt"
Quinta dos Roques DOC Dão Vinho Tinto,Quinta dos Roques,garrafa 75 cl,"€11,09/un","€14,79/lt"
Whisky Bushmills Blackbush,Bushmills,garrafa 70 cl,"€19,99/un","€28,56/lt"
Essentia Vinho do Porto White,Essentia,garrafa 75 cl,"€3,99/un","€5,32/lt"
Whisky Johnnie Walker Red Label,Johnnie Walker,garrafa 70 cl,"€14,29/un","€20,41/lt"
Poliphonia Reserva Regional Alentejano Vinho Tinto,Poliphonia,garrafa 75 cl,"€9,69/un","€12,92/lt"
Abbazia Espumante Asti Branco Doce,Abbazia,garrafa 75 cl,"€5,29/un","€7,05/lt"
Sossego Regional Alentejano Vinho Branco,Herdade do Peso,garrafa 75 cl,"€4,99/un","€6,65/lt"
JP Regional Península de Setúbal Vinho Tinto,J.P.,garrafa 75 cl,"€2,99/un","€3,99/lt"
Água Tónica Premium Mix Hibiscus,Schweppes,emb. 20 cl,"€1,69/un","€8,45/lt"
Cerveja com Álcool Blonde,Grimbergen,garrafa 33 cl,"€1,39/un","€4,21/lt"
Fita Blanc de Blancs Reserva Espumante Branco Doce,Fita Azul,garrafa 75 cl,"€4,49/un","€5,99/lt"
Lezíria Vinho Tinto,Lezíria,garrafa 75 cl,"€1,59/un","€2,12/lt"
Porrais Signature DOC Douro Vinho Branco,Porrais,garrafa 75 cl,"€5,59/un","€7,45/lt"
Cerveja com Álcool Preta,Sagres,emb. 33 cl,"€0,69/un","€2,09/lt"
Aveleda Loureiro Alvarinho DOC Vinho Verde Branco,Aveleda,garrafa 75 cl,"€4,99/un","€6,65/lt"
Sumo Ananás Biológico,Delizum,emb. 20 cl,"€1,29/un","€6,45/lt"
Lancers Sangria Tinta,Lancers,garrafa 75 cl,"€3,99/un","€3,99/un"
Gin The Foxtale,The Foxtale,garrafa 70 cl,"€13,99/un","€19,99/lt"
Capote Velho Premium Regional Lisboa Vinho Tinto,Capote Velho,garrafa 75 cl,"€4,49/un","€5,99/lt"
Anta de Pias Vinho Tinto,Anta de Pias,garrafa 75 cl,"€1,99/un","€2,65/lt"
Cerveja com Álcool,Sagres,emb. 20 x 25 cl,"€8,99/un","€1,80/lt"
Bebida Energética Tropical Edition,Red Bull,lata 25 cl,"€1,39/un","€5,56/lt"
Contri Selection Espumante Branco Meio Seco,Contri,garrafa 75 cl,"€2,49/un","€3,32/lt"
Sumo Abacate,Sonatural,emb. 75 cl,"€3,99/un","€5,32/lt"
Néctar Pêssego,Santal,emb. 3 x 20 cl,"€1,76/un","€2,93/lt"
Cacho Fresco Frisante Regional Tejo Vinho Branco,Cacho Fresco,garrafa 75 cl,"€1,99/un","€2,65/lt"
Ice Tea Manga,Lipton,emb. 6 x 25 cl,"€3,37/un","€2,25/lt"
Água Tónica Premium Pimenta Rosa,Schweppes,emb. 20 cl,"€1,69/un","€8,45/lt"
Refrigerante sem Gás Flórida,Sunny Delight,emb. 31 cl,"€1,05/un","€3,39/lt"
Bridão Clássico DOC Tejo Vinho Tinto,Bridão,garrafa 75 cl,"€3,89/un","€5,19/lt"
Vale dos Barris Regional Península de Setúbal Vinho Branco,Vale dos Barris,garrafa 75 cl,"€2,29/un","€3,05/lt"
Burmester DOC Douro Vinho Tinto,Burmester,garrafa 75 cl,"€4,49/un","€5,99/lt"
Terras do Demo Espumante DOC Távora-Varosa Rosé Bruto,Terras do Demo,garrafa 75 cl,"€8,49/un","€11,32/lt"
Trinca Bolotas Regional Alentejano Vinho Branco,Trinca Bolotas,garrafa 75 cl,"€6,99/un","€9,32/lt"
Refrigerante Blue Raspberry,Sunny Delight,"emb. 1,25 lt","€2,19/un","€1,75/lt"
Herdade do Rocim Touriga Nacional Regional Alentejano Vinho Tinto,Herdade do Rocim,garrafa 75 cl,"€12,75/un","€17,00/lt"
Offley Vinho do Porto Ruby,Offley,garrafa 75 cl,"€5,89/un","€7,85/lt"
Cancellus Premium DOC Douro Vinho Rosé,Cancellus,garrafa 75 cl,"€3,59/un","€4,79/lt"
Gin Bombay Sapphire,Bombay,garrafa 70 cl,"€23,59/un","€33,70/lt"
Serras Azeitão Regional Península de Setúbal Vinho Branco,Serras Azeitão,garrafa 75 cl,"€3,99/un","€5,32/lt"
Esporão Private Selection Regional Alentejano Vinho Tinto,Esporão,garrafa 75 cl,"€64,99/un","€86,65/lt"
Gancia Espumante Asti Branco Doce,Gancia,garrafa 75 cl,"€8,69/un","€11,59/lt"
Pera Doce Premium Regional Alentejano Vinho Tinto,Pera Doce,garrafa 75 cl,"€4,49/un","€5,99/lt"
Vallado DOC Douro Vinho Tinto,Quinta do Vallado,"garrafa 1,5 lt","€17,59/un","€11,73/lt"
Periquita Regional Península de Setúbal Vinho Tinto,Periquita,garrafa 75 cl,"€4,99/un","€6,65/lt"
Murganheira Espumante Reserva DOC Távora-Varosa Branco Doce,Murganheira,garrafa 75 cl,"€11,79/un","€15,72/lt"
Ventozelo Reserva DOC Douro Vinho Branco,Quinta de Ventozelo,garrafa 75 cl,"€7,99/un","€10,65/lt"
Moet & Chandon Champanhe Brut Branco,Moet & Chandon,garrafa 75 cl,"€43,95/un","€58,60/lt"
Mateus Emotions Vinho Rosé,Mateus,garrafa 75 cl,"€4,29/un","€5,72/lt"
Bebida Energética Gaseificada sem Açúcar,Red Bull,lata 25 cl,"€1,39/un","€5,56/lt"
Cerveja com Álcool Selecção 1927 Bengal Amber Ipa,Super Bock 1927,garrafa 75 cl,"€3,59/un","€4,79/lt"
Casa de Santar Colheita DOC Dão Vinho Tinto,Casa Santar,garrafa 75 cl,"€5,99/un","€7,99/lt"
Evel DOC Douro Vinho Tinto,Evel,garrafa 75 cl,"€5,69/un","€7,59/lt"
Contemporal Vinho do Porto Tawny,Contemporal,garrafa 75 cl,"€4,69/un","€6,25/lt"
Néctar Manga,Santal,emb. 3 x 20 cl,"€1,76/un","€2,93/lt"
Feitoria Real Companhia Velha Reserva DOC Douro Vinho Tinto,Real Companhia Velha,garrafa 75 cl,"€13,99/un","€18,65/lt"
Néctar Frutos Vermelhos,Santal,emb. 3 x 20 cl,"€1,76/un","€2,93/lt"
Azul de Ventozelo DOC Douro Vinho Tinto,Quinta de Ventozelo,garrafa 75 cl,"€5,99/un","€7,99/lt"
Fita Azul Gold Edition Espumante Rosé Bruto,Fita Azul,garrafa 75 cl,"€4,49/un","€5,99/lt"
Rocca Gloriosa Espumante Branco Bruto,Rocca Gloriosa,garrafa 75 cl,"€2,99/un","€3,99/lt"
Adega de Borba DOC Alentejo Vinho Tinto,Adega de Borba,garrafa 75 cl,"€2,89/un","€3,85/lt"
Favaios Moscatel do Douro,Favaios,garrafa 75 cl,"€6,10/un","€8,13/lt"
Granja Amareleja Reserva DOC Alentejo Vinho Tinto,Granja Amareleja,garrafa 75 cl,"€6,39/un","€8,52/lt"
Vinha das Mouras Reserva Regional Alentejano Vinho Tinto,Mouras,garrafa 75 cl,"€3,29/un","€4,39/lt"
Bebida Energética Mule,Monster,lata 50 cl,"€1,60/un","€3,20/lt"
Vila Ruiva Premium Regional Alentejano Vinho Branco,Vila Ruiva,garrafa 75 cl,"€3,99/un","€5,32/lt"
Venâncio Costa Lima Reserva da Família Moscatel Roxo de Setúbal,Venâncio Costa Lima,garrafa 75 cl,"€10,44/un","€13,92/lt"
Galitos Regional Alentejano Vinho Tinto,Galitos,garrafa 75 cl,"€2,29/un","€3,05/lt"
Bebida Energética Gaseificada,Red Bull,lata 25 cl,"€1,39/un","€5,56/lt"
Ice Tea Limão,Continente,emb. 50 cl,"€0,79/un","€1,58/lt"
Monte dos Amigos Premium Regional Alentejano Vinho Tinto,Monte dos Amigos,garrafa 75 cl,"€5,59/un","€7,45/lt"
Pátria Selection DOC Alentejo Vinho Tinto,Pátria,garrafa 75 cl,"€3,99/un","€5,32/lt"
Vinha das Mouras Regional Alentejano Vinho Tinto,Vinha das Mouras,garrafa 75 cl,"€4,99/un","€6,65/lt"
Esteva DOC Douro Vinho Tinto,Esteva,"garrafa 37,5 cl","€2,79/un","€7,44/lt"
Vinha da Valentina Premium Regional Península de Setúbal Vinho Tinto,Casa Ermelinda Freitas,garrafa 75 cl,"€4,89/un","€6,52/lt"
Croft Platinum Vinho do Porto Reserva,Croft,garrafa 75 cl,"€11,99/un","€15,99/lt"
Aguardente Velha Aliança,Aliança,garrafa 70 cl,"€12,75/un","€18,21/lt"
Cerveja com Álcool Lager,Nortada,emb. 4 x 33 cl,"€5,09/un","€3,86/lt"
Carm DOC Douro Vinho Rosé,Carm,garrafa 75 cl,"€10,49/un","€13,99/lt"
Anas Sobroso Reserva DOC Alentejo Vinho Tinto,Herdade do Sobroso,garrafa 75 cl,"€5,99/un","€7,99/lt"
Moscatel Bacalhôa DO Setúbal,Bacalhôa,garrafa 75 cl,"€5,99/un","€7,99/lt"
Bebida Energética,Burn,lata 50 cl,"€0,88/un","€1,76/lt"
Faisão Bebida Aromatizada Red Berries,Faisão,garrafa 75 cl,"€2,79/un","€3,72/lt"
S Sagrado DOC Douro Vinho Tinto,S Sagrado,garrafa 75 cl,"€6,99/un","€9,32/lt"
Real Lavrador Regional Alentejano Vinho Tinto,Real Lavrador,garrafa 75 cl,"€1,89/un","€2,52/lt"
D. Ermelinda Reserva DOC Palmela Vinho Tinto,Dona Ermelinda,garrafa 75 cl,"€7,49/un","€9,99/lt"
Whisky Nikka From the Barrel,Nikka,garrafa 50 cl,"€47,90/un","€95,80/lt"
Sumo 100% Lichia,Ceres,emb. 20 cl,"€1,04/un","€5,20/lt"
Casa de Santar Colheita DOC Dão Vinho Branco,Casa de Santar,garrafa 75 cl,"€5,99/un","€7,99/lt"
Refrigerante sem Gás Tropical e Cenoura -30% Açúcar,Santal,"emb. 1,5 lt","€1,42/un","€0,95/lt"
Duas Quintas DOC Douro Vinho Tinto,Duas Quintas,garrafa 75 cl,"€12,99/un","€17,32/lt"
Feitoria Real Companhia Velha Reserva DOC Douro Vinho Branco,Feitoria,garrafa 75 cl,"€13,99/un","€18,65/lt"
Pedra do Gato DOC Dão Vinho Tinto,Pedra do Gato,garrafa 75 cl,"€2,99/un","€3,99/lt"
Água sem Gás Prestige,Evian,emb. 50 cl,"€1,15/un","€2,30/lt"
Bebida Energética Melancia Edition,Red Bull,lata 25 cl,"€1,39/un","€5,56/lt"
Cerveja com Álcool Branca,Corona,"emb. 6 x 35,5 cl","€9,99/un","€4,69/lt"
Fita Azul Celebration Reserva Espumante Branco Meio Seco,Fita Azul,garrafa 75 cl,"€5,69/un","€7,59/lt"
Três Bagos Reserva DOC Douro Vinho Tinto,Três Bagos,garrafa 75 cl,"€7,99/un","€10,65/lt"
Bucellas Caves Velhas DOC Bucelas Vinho Branco,Caves Velhas,garrafa 75 cl,"€5,49/un","€7,32/lt"
Cálem Velhotes Vinho do Porto Ruby,Cálem,garrafa 75 cl,"€5,99/un","€7,99/lt"
Abelharuco Regional Alentejano Vinho Tinto,Abelharuco,garrafa 75 cl,"€5,99/un","€7,99/lt"
Vinhateiro Vinho Branco,Sivac,Bag in Box 5 lt,"€7,99/un","€1,60/lt"
Vinha dos Ingleses DOC Vinho Verde Tinto,Vinha dos Ingleses,garrafa 75 cl,"€4,99/un","€6,65/lt"
Lagosta Bordalesa DOC Vinho Verde Branco,Lagosta,garrafa 75 cl,"€3,99/un","€5,32/lt"
Vallado DOC Douro Vinho Tinto,Quinta do Vallado,garrafa 75 cl,"€7,75/un","€10,33/lt"
Farol de Santa Cruz Regional Lisboa Vinho Tinto,Farol de Santa Cruz,garrafa 75 cl,"€1,99/un","€2,65/lt"
Bebida Energética Framboesa sem Açúcar,Burn,garrafa 50 cl,"€0,88/un","€1,76/lt"
Caves Santa Marta DOC Douro Vinho Rosé,Caves Santa Marta,garrafa 75 cl,"€2,99/un","€3,99/lt"
Gazela DOC Vinho Verde Rosé,Gazela,garrafa 75 cl,"€3,79/un","€5,05/lt"
Contri Espumante Selection Branco Bruto,Contri,garrafa 75 cl,"€2,49/un","€3,32/lt"
Cerveja com Álcool Inedit,Estrella Damm,emb. 4 x 33 cl,"€8,74/un","€6,62/lt"
Murganheira Reserva Espumante DOC Távora-Varosa Branco Bruto,Murganheira,garrafa 75 cl,"€11,79/un","€15,72/lt"
Cartuxa DOC Alentejano Vinho Branco,Cartuxa,garrafa 75 cl,"€16,99/un","€22,65/lt"
Whisky Chivas Regal 12 Anos,Chivas Regal,garrafa 70 cl,"€24,74/un","€35,34/lt"
Venâncio Costa Lima Moscatel de Setúbal,Venâncio Costa Lima,garrafa 75 cl,"€5,29/un","€7,05/lt"
Tisana Chá Preto,Pleno,emb. 6 x 33 cl,"€3,54/un","€1,79/lt"
Faisão Vinho Frutado Rosé,Faisão,garrafa 75 cl,"€2,39/un","€3,19/lt"
Vinha do Bispado Reserva DOC Douro Vinho Tinto,Vinha do Bispado,garrafa 75 cl,"€14,99/un","€19,99/lt"
Cerveja com Álcool Loira,Vadia,garrafa 33 cl,"€2,45/un","€7,42/lt"
Cartuxa DOC Alentejo Vinho Tinto,Cartuxa,garrafa 75 cl,"€19,99/un","€26,65/lt"
Danúbio Espumante Branco Meio Seco,Danúbio,garrafa 75 cl,"€5,99/un","€7,99/lt"
Trinca Bolotas Regional Alentejano Vinho Tinto,Trinca Bolotas,garrafa 75 cl,"€6,99/un","€9,32/lt"
Vimioso Premium Regional Tejo Vinho Tinto,Vimioso,garrafa 75 cl,"€3,99/un","€5,32/lt"
Whisky Jameson Black Barrel,Jameson,garrafa 70 cl,"€32,49/un","€46,41/lt"
Fiuza Sauvignon Blanc Regional Tejo Vinho Branco,Fiuza,garrafa 75 cl,"€6,49/un","€8,65/lt"
Vodka Absolut,Absolut,garrafa 70 cl,"€18,99/un","€27,13/lt"
Água de Coco,Cocoxim,emb. 33 cl,"€1,99/un","€6,03/lt"
Refrigerante com Gás Lima Max,Pepsi,emb. 6 x 33 cl,"€3,99/un","€2,02/lt"
Faisão Frutado Vinho Branco,Faisão,garrafa 75 cl,"€2,39/un","€3,19/lt"
Licor de Natas Continente,Continente,garrafa 70 cl,"€5,49/un","€7,84/lt"
Refrigerante sem Gás Tropical e Cenoura,Continente,"emb. 4 x 1,5 lt","€3,96/un","€0,66/lt"
Sumo Laranja Natural,Continente,emb. 25 cl,"€1,29/un","€5,16/lt"
Smoothie Beterraba,Sonatural,emb. 75 cl,"€3,19/un","€4,25/lt"
Carm Reserva DOC Douro Vinho Tinto,Carm,garrafa 75 cl,"€13,19/un","€17,59/lt"
Vodka Eristoff Pink,Eristoff,garrafa 70 cl,"€10,39/un","€10,39/lt"
Cabriz Colheita Selecionada DOC Dão Vinho Tinto,Quinta de Cabriz,garrafa 75 cl,"€4,99/un","€6,65/lt"
Soalheiro Alvarinho DOC Vinho Verde Branco,Soalheiro,garrafa 75 cl,"€10,99/un","€14,65/lt"
Freixenet Ice Espumante Branco Meio Seco,Freixenet,garrafa 75 cl,"€9,99/un","€13,32/lt"
Whisky Bushmills Original,Bushmills,garrafa 70 cl,"€15,99/un","€22,84/lt"
Licor Amêndoa Amarga Amarguinha,Amarguinha,garrafa 70 cl,"€9,99/un","€14,27/lt"
Barros Vinho do Porto Ruby Reserve,Barros,garrafa 75 cl,"€6,99/un","€9,32/lt"
Raposeira Super Reserva Espumante Doc Távora-Varosa Branco Bruto,Raposeira,garrafa 75 cl,"€8,39/un","€11,19/lt"
Adro da Aldeia Vinho Tinto,Aldro da Aldeia,Bag in Box 5 lt,"€8,69/un","€1,74/lt"
Grandjó Meio Doce DOC Douro Vinho Branco,Grandjó,garrafa 75 cl,"€5,69/un","€7,59/lt"
Planura Regional Alentejano Vinho Branco,Planura,garrafa 75 cl,"€4,59/un","€6,12/lt"
Whisky Tomatin Single Malt 15 Anos Moscatel Casks,Tomatin,garrafa 70 cl,"€120,00/un","€171,43/lt"
Bebida Energética Ripper,Monster,lata 50 cl,"€1,60/un","€3,20/lt"
Rocca Gloriosa Espumante Moscato Branco Doce,Rocca Gloriosa,garrafa 75 cl,"€3,19/un","€4,25/lt"
Mula Velha Premium Regional Lisboa Vinho Tinto,Mula Velha,garrafa 75 cl,"€3,99/un","€5,32/lt"
Água Gaseificada com Álcool Maracujá,Coral,emb. 25 cl,"€1,00/un","€4,00/lt"
Continente Verão Limão Vinho Tinto,Continente,"garrafa 1,5 lt","€1,49/un","€0,99/lt"
Gin Bombay Sapphire,Bombay,garrafa 1 lt,"€30,09/un","€30,09/lt"
"Sumo Laranja, Cenoura, Beterraba, Maçã e Limão",Go Natural,emb. 25 cl,"€1,99/un","€7,96/lt"
Niepoort Vinho do Porto Ruby,Niepoort,garrafa 75 cl,"€8,40/un","€11,20/lt"
Papa Figos DOC Douro Vinho Branco,Papa Figos,garrafa 75 cl,"€7,49/un","€9,99/lt"
Raposeira Reserva Espumante DOC Távora-Varosa Branco Doce,Raposeira,garrafa 75 cl,"€8,39/un","€11,19/lt"
Aguardente Velha CR&F Reserva Extra,CR&F,garrafa 70 cl,"€47,90/un","€68,43/lt"
Quinta da Alorna Regional Tejo Vinho Branco,Quinta da Alorna,garrafa 75 cl,"€2,89/un","€3,85/lt"
Ginger Ale Premium,Schweppes,garrafa 20 cl,"€1,69/un","€8,45/lt"
Cerveja com Álcool,Heineken,emb. 4 x 33 cl,"€3,59/un","€2,72/lt"
Refrigerante com Gás Maçã para Crianças,Champomy,emb. 75 cl,"€3,99/un","€5,32/lt"
Villa de Corgos Espumante Cuvée Blanc de Blancs Regional Beira Atlântico Branco Bruto,Villa de Corgos,garrafa 75 cl,"€11,99/un","€15,99/lt"
Quinta Vale da Pedra DOC Douro Tinto,Quinta Vale da Pedra,garrafa 75 cl,"€2,99/un","€3,99/lt"
Dão Meia Enconsta DOC Dão Vinho Branco,Meia Encosta,garrafa 75 cl,"€3,89/un","€5,19/lt"
Terras D'El Rei Regional Alentejano Vinho Branco,Terras D'El Rei,garrafa 75 cl,"€1,95/un","€2,60/lt"
Cavalo Bravo Premium Tejo Vinho Tinto,Cavalo Bravo,garrafa 75 cl,"€3,99/un","€5,32/lt"
Sossego Regional Alentejo Vinho Tinto,Herdade do Peso,garrafa 75 cl,"€4,99/un","€6,65/lt"
Refrigerante sem Gás Laranja e Maracujá,Frutis,"emb. 1,5 lt","€1,99/un","€1,33/lt"
Planalto DOC Douro Vinho Branco,Planalto,"garrafa 37,5 cl","€2,79/un","€7,44/lt"
Cálem Velhotes Vinho do Porto Tawny,Cálem,garrafa 75 cl,"€5,99/un","€7,99/lt"
Néctar Pêssego,Juver,emb. 3 x 20 cl,"€1,59/un","€2,65/lt"
Água sem Gás,Luso,emb. 1 lt,"€0,89/un","€0,89/lt"
Porca de Murça DOC Douro Vinho Branco,Porca de Murça,garrafa 75 cl,"€3,59/un","€4,79/lt"
Cabriz Reserva DOC Dão Vinho Tinto,Quinta de Cabriz,garrafa 75 cl,"€9,49/un","€12,65/lt"
Vinha de Valdeus Regional Lisboa Vinho Tinto,Vinha de Valdeus,garrafa 75 cl,"€2,99/un","€3,99/lt"
EA Regional Alentejano Vinho Tinto,EA,"garrafa 1,5 lt","€8,99/un","€5,99/lt"
Foral D. Henrique DOC Dão Vinho Tinto,Foral D. Henrique,garrafa 75 cl,"€2,49/un","€3,32/lt"
Duorum DOC Douro Vinho Tinto,Duorum,garrafa 75 cl,"€12,49/un","€16,65/lt"
Vinha de Valdeus Regional Lisboa Vinho Branco,Vinha de Valdeus,garrafa 75 cl,"€2,99/un","€3,99/lt"
Cocktail Aromatizado Bar Royal Melão,Bar Royal,garrafa 75 cl,"€3,29/un","€4,39/lt"
Cockburn's Vinho do Porto Fine White,Cockburn's,garrafa 75 cl,"€6,49/un","€8,65/lt"
Chá Verde de Hortelã e Lima,Lipton,emb. 33 cl,"€0,70/un","€2,12/lt"
Herdade São Miguel Colheita Selecionada Regional Alentejano Vinho Tinto,Herdade de São Miguel,garrafa 75 cl,"€4,99/un","€6,65/lt"
Whisky Cardhu Gold Reserva,Cardhu,garrafa 70 cl,"€39,99/un","€57,13/lt"
Contemporal Vinho do Porto Ruby,Contemporal,garrafa 75 cl,"€4,69/un","€6,25/lt"
Rum Abuelo Añejo,Abuelo,garrafa 70 cl,"€16,99/un","€24,27/lt"
Brandy Constantino,Constantino,garrafa 70 cl,"€9,49/un","€13,56/lt"
Dona Carla DOC Douro Vinho Tinto,Dona Carla,garrafa 75 cl,"€3,59/un","€4,79/lt"
Villa de Corgos Espumante Blanc de Blancs Regional Beira Atlântico Branco Bruto,Villa de Corgos,garrafa 75 cl,"€8,39/un","€11,19/lt"
Burmester Vinho do Porto White Extra Dry,Burmester,garrafa 75 cl,"€7,99/un","€10,65/lt"
Crasto DOC Douro Vinho Tinto,Quinta do Crasto,garrafa 75 cl,"€9,49/un","€12,65/lt"
Whisky Grant's 12 Anos Triple Wood,Grant's,garrafa 70 cl,"€22,49/un","€32,13/lt"
Cerveja com Álcool Brune,Leffe,garrafa 33 cl,"€1,69/un","€5,12/lt"
Convento da Vila Regional Alentejano Vinho Tinto,Convento da Vila,garrafa 75 cl,"€2,69/un","€3,59/lt"
Jack Daniel's Honey Bebida Espirituosa,Jack Daniel's,garrafa 70 cl,"€23,99/un","€34,27/lt"
Refrigerante sem Gás Limão,Joi,"emb. 1,5 lt","€1,90/un","€1,27/lt"
Quinta do Vale da Ribeira Premium DOC Dão Vinho Tinto,Quinta do Vale da Ribeira,garrafa 75 cl,"€9,99/un","€13,32/lt"
D. Ermelinda DOC Palmela Vinho Branco,Dona Ermelinda,"garrafa 37,5 cl","€2,89/un","€7,71/lt"
Contemporal Vinho do Porto White,Contemporal,garrafa 75 cl,"€4,69/un","€6,25/lt"
Vinhas de Camarate Regional Península de Setúbal Vinho Tinto,Camarate,garrafa 75 cl,"€13,39/un","€17,85/lt"
Ginja d'Óbidos com Fruto Vila das Rainhas,Vila das Rainhas,garrafa 70 cl,"€15,99/un","€22,84/lt"
Adega de Vila Real DOC Douro Vinho Tinto,Adega de Vila Real,garrafa 75 cl,"€2,69/un","€3,59/lt"
Contemporal Vegan Regional Alentejano Vinho Tinto,Contemporal,garrafa 75 cl,"€3,49/un","€4,65/lt"
Vinha Maria Premium DOC Dão Vinho Tinto,Vinha Maria,garrafa 75 cl,"€3,99/un","€5,32/lt"
Refrigerante sem Gás Laranja,Aquarius,"emb. 1,5 lt","€2,00/un","€1,33/lt"
Encostas do Trogão Regional Transmontano Vinho Tinto,Encostas do Trogão,garrafa 75 cl,"€6,69/un","€8,92/lt"
Crasto DOC Douro Vinho Branco,Quinta do Crasto,garrafa 75 cl,"€9,49/un","€12,65/lt"
Bebida Energética,Burn,lata 25 cl,"€0,60/un","€2,40/lt"
Cerveja com Álcool,Benediktiner,garrafa 50 cl,"€2,58/un","€5,16/lt"
Vodka Smirnoff Red,Smirnoff,garrafa 70 cl,"€12,75/un","€18,21/lt"
Vinha Grande DOC Douro Vinho Branco,Vinha Grande,garrafa 75 cl,"€9,99/un","€13,32/lt"
Vale dos Barris Regional Península de Setúbal Vinho Rosé,Vale dos Barris,garrafa 75 cl,"€2,29/un","€3,05/lt"
Adegamãe Chardonnay Regional Lisboa Branco,Adegamãe,garrafa 75 cl,"€8,99/un","€11,99/lt"
Aperitivo Italiano Rosso Continente,Continente,garrafa 1 lt,"€5,19/un","€5,19/lt"
Refrigerante sem Gás Tropical,Tropico,emb. 33 cl,"€0,69/un","€2,09/lt"
Terras Do Demo Pinot Noir Blanc De Noir Espumante Doc Távora-Varosa,Terras do Demo,garrafa 75 cl,"€12,49/un","€16,65/lt"
Macieira Bebida Espirituosa,Macieira,garrafa 70 cl,"€11,99/un","€17,13/lt"
Albenaz Escadaria Maior DOC Douro Vinho Rosé,Albenaz,garrafa 75 cl,"€3,99/un","€5,32/lt"
Gin Mare,Mare,garrafa 70 cl,"€38,90/un","€55,57/lt"
Refrigerante sem Gás Tropical e Cenoura,Continente,emb. 50 cl,"€0,75/un","€1,50/lt"
Cálem Velhotes Vinho do Porto 10 Anos,Cálem,garrafa 75 cl,"€17,99/un","€23,99/lt"
Quinta dos Termos DOC Beira Interior Vinho Tinto,Quinta dos Termos,garrafa 75 cl,"€3,99/un","€5,32/lt"
Castello D'Alba Reserva DOC Douro Vinho Branco,Castello D'Alba,garrafa 75 cl,"€9,99/un","€13,32/lt"
Whisky Monkey Shoulder,Monkey Shoulder,garrafa 70 cl,"€31,09/un","€44,41/lt"
Periquita Reserva Regional Península de Setúbal Vinho Tinto,Periquita,garrafa 75 cl,"€6,99/un","€9,32/lt"
Whisky Johnnie Walker Black Label 12 Anos,Johnnie Walker,garrafa 70 cl,"€34,99/un","€49,99/lt"
Cerveja com Álcool,San Miguel,emb. 6 x 25 cl,"€5,19/un","€3,46/lt"
Luís Pato Baga Touriga Nacional Regional Beiras Vinho Tinto,Luís Pato,garrafa 75 cl,"€7,99/un","€10,65/lt"
Cerveja com Álcool,Super Bock,emb. 33 cl,"€0,64/un","€1,94/lt"
Malibu Coco,Malibu,garrafa 70 cl,"€16,49/un","€23,56/lt"
Licor Limoncello Villa Massa,Villa Massa,emb. 50 cl,"€15,89/un","€31,78/lt"
Taboadella Villae DOC Dão Vinho Tinto,Taboadella,garrafa 75 cl,"€10,99/un","€14,65/lt"
Navegante Regional Alentejano Vinho Tinto,Navegante,Bag in Box 5 lt,"€10,99/un","€2,20/lt"
Terras do Demo Verdelho Espumante DOC Távora-Varosa Branco Bruto,Terras do Demo,garrafa 75 cl,"€8,49/un","€11,32/lt"
Esporão Reserva DOC Alentejo Vinho Branco,Esporão,garrafa 75 cl,"€16,99/un","€22,65/lt"
Bebida Espirituosa Eristoff Black,Eristoff,garrafa 70 cl,"€10,39/un","€14,84/lt"
Whisky Scottish Leader 12 Anos,Scottish Leader,garrafa 70 cl,"€21,49/un","€30,70/lt"
Raposeira Reserva Espumante Doc Távora-Varosa Branco Meio Seco,Raposeira,garrafa 75 cl,"€8,39/un","€11,19/lt"
Aperitivo Martini Rosso,Martini,emb. 10 x 6 cl,"€9,09/un","€15,15/lt"
Raposeira Super Reserva Espumante DOC Távora-Varosa Branco Bruto,Raposeira,garrafa 75 cl,"€11,19/un","€14,92/lt"
Licor de Amêndoa Amarga Cabecinho,Cabecinho,garrafa 70 cl,"€4,39/un","€6,27/lt"
Don Simon Sangria Tinta,Don Simon,"garrafa 1,5 lt","€2,19/un","€1,46/lt"
Espumante Freixenet Ice Rosé Meio Seco,Freixenet,garrafa 75 cl,"€9,99/un","€13,32/lt"
Bebida Energética Pêssego sem Açúcar,Burn,garrafa 50 cl,"€0,88/un","€1,76/lt"
Cocktail Aromatizado Bar Royal Strawberry,Bar Royal,garrafa 75 cl,"€3,29/un","€4,39/lt"
Granja Amareleja Premium DOC Alentejo Vinho Tinto,Granja,garrafa 75 cl,"€7,99/un","€10,65/lt"
Murganheira Espumante DOC Távora-Varosa Rosé Bruto,Murganheira,garrafa 75 cl,"€14,29/un","€19,05/lt"
Julian Reynolds Regional Alentejano Vinho Tinto,Reynolds,garrafa 75 cl,"€13,49/un","€17,99/lt"
Murganheira Super Reserva Espumante DOC Távora-Varosa Branco Bruto,Murganheira,garrafa 75 cl,"€14,29/un","€19,05/lt"
Barão Rodrigues Reserva DOC Alentejo Vinho Tinto,Barão Rodrigues,garrafa 75 cl,"€14,99/un","€19,99/lt"
Herdade do Sobroso Barrique Select DOC Alentejo Vinho Tinto,Herdade do Sobroso,garrafa 75 cl,"€13,99/un","€18,65/lt"
Lencastre DOC Vinho Verde Branco,Lencastre,garrafa 75 cl,"€3,49/un","€4,65/lt"
Cerveja com Álcool Alma Brasileira,Alma,garrafa 50 cl,"€3,19/un","€6,38/lt"
Herdade dos Grous Regional Alentejano Vinho Tinto,Herdade dos Grous,garrafa 75 cl,"€11,99/un","€15,99/lt"
Reguengos DOC Alentejo Vinho Tinto,Reguengos,garrafa 75 cl,"€2,79/un","€3,72/lt"
Whisky Ballantine's Finest,Ballantine's,garrafa 70 cl,"€12,99/un","€18,56/lt"
Gancia Espumante Prosecco Branco Bruto,Gancia,garrafa 75 cl,"€9,69/un","€12,92/lt"
Vodka Grey Goose,Grey Goose,garrafa 70 cl,"€47,09/un","€67,27/lt"
Pacheca DOC Douro Vinho Branco,Quinta da Pacheca,garrafa 75 cl,"€6,99/un","€9,32/lt"
Whisky Famous Grouse,Famous Grouse,garrafa 70 cl,"€13,99/un","€19,99/lt"
Água sem Gás,Voss,emb. 80 cl,"€4,99/un","€6,24/lt"
Muralhas de Monção DOC Vinho Verde Branco,Muralhas de Monção,"garrafa 37,5 cl","€2,89/un","€7,71/lt"
Gin Gibson's,Gibson's,garrafa 70 cl,"€10,99/un","€15,70/lt"
Casa Ermelinda Freitas Syrah Regional Península de Setúbal Vinho Tinto,Casa Ermelinda Freitas,garrafa 75 cl,"€9,99/un","€13,32/lt"
Ferreira Vinho do Porto Branco,Ferreira,garrafa 75 cl,"€6,29/un","€8,39/lt"
Marquês de Lara Chardonnay Regional Minho Vinho Branco,Marquês de Lara,garrafa 75 cl,"€8,19/un","€10,92/lt"
Muros Antigos Escolha DOC Vinho Verde Branco,Muros Antigos,garrafa 75 cl,"€5,29/un","€7,05/lt"
Terrenus Regional Alentejano Vinho Tinto,Terrenus,garrafa 75 cl,"€12,99/un","€17,32/lt"
Licor de Anis Escarchado Albergaria,Albergaria,garrafa 1 lt,"€8,99/un","€8,99/lt"
Whisky The Glenrothes 12 Anos,Glenrothes,garrafa 70 cl,"€49,99/un","€71,41/lt"
São Miguel do Sul Premium Regional Alentejano Vinho Tinto,São Miguel,garrafa 75 cl,"€4,49/un","€5,99/lt"
Água Gaseificada com Álcool Lima Limão,Pure Piraña,emb. 33 cl,"€1,26/un","€3,82/lt"
Ferreira Vinho do Porto Ruby,Ferreira,garrafa 75 cl,"€6,29/un","€8,39/lt"
Refrigerante sem Gás Limão,Aquarius,emb. 50 cl,"€1,00/un","€2,00/lt"
Duas Quintas DOC Douro Vinho Tinto,Duas Quintas,"garrafa 37,5 cl","€7,79/un","€20,77/lt"
QM Alvarinho Sousão DOC Vinho Verde Rosé,QM,garrafa 75 cl,"€11,99/un","€15,99/lt"
Marquês de Marialva Colheita Selecionada DOC Bairrada Vinho Branco,Marquês de Marialva,garrafa 75 cl,"€4,99/un","€6,65/lt"
Ferreira Vinho do Porto Dona Antónia 20 Anos,Ferreira,garrafa 75 cl,"€34,99/un","€46,65/lt"
Gin Bulldog London Dry,Bulldog,garrafa 70 cl,"€29,90/un","€42,71/lt"
Altano Reserva DOC Douro Vinho Tinto,Altano,garrafa 75 cl,"€9,99/un","€13,32/lt"
Dona Ermelinda Freitas DOC Palmela Vinho Branco,Dona Ermelinda,garrafa 75 cl,"€5,29/un","€7,05/lt"
Mateus Vinho Rosé,Mateus,"garrafa 37,5 cl","€2,59/un","€6,91/lt"
Cerveja com Álcool India Pale Ale,Nortada,emb. 4 x 33 cl,"€6,99/un","€5,30/lt"
Beyra DOC Beira Interior Vinho Branco,Beyra,garrafa 75 cl,"€6,49/un","€8,65/lt"
Pombal do Vesuvio DOC Douro Vinho Tinto,Pombal do Vesuvio,garrafa 75 cl,"€14,99/un","€19,99/lt"
Contri Selection Espumante Branco Seco,Contri,garrafa 75 cl,"€2,49/un","€3,32/lt"
Vinhas de Camarate Regional Península de Setúbal Vinho Branco,Vinhas de Camarate,garrafa 75 cl,"€13,39/un","€17,85/lt"
Pouco Comum Alvarinho Regional Minho Vinho Verde Branco,Pouco Comum,garrafa 75 cl,"€5,09/un","€6,79/lt"
Gin The London Nº1,The London,garrafa 70 cl,"€35,49/un","€50,70/lt"
Couteiro-Mor Signature Regional Alentejano Vinho Tinto,Couteiro-Mor,garrafa 75 cl,"€4,69/un","€6,25/lt"
Monte da Ravasqueira Clássico Regional Alentejano Vinho Branco,Monte da Ravasqueira,garrafa 75 cl,"€5,49/un","€7,32/lt"
Gin Sirrr,Sirrr,garrafa 70 cl,"€6,99/un","€9,99/lt"
Mundus Leve Colheita Selecionada Regional Lisboa Vinho Branco,Mundus,garrafa 75 cl,"€2,89/un","€3,85/lt"
Gin Gordon's Pink,Gordon's,garrafa 75 cl,"€15,19/un","€21,70/lt"
Whisky Malte Glenfiddich 15 Anos,Glenfiddich,garrafa 70 cl,"€48,99/un","€69,99/lt"
Contemporal Vinho da Madeira Doce,Contemporal,garrafa 75 cl,"€7,19/un","€9,59/lt"
Pacheca Grande Reserva Touriga Nacional DOC Douro Vinho Tinto,Quinta da Pacheca,garrafa 75 cl,"€32,00/un","€42,67/lt"
Tequila Tiscaz Gold,Tiscaz,garrafa 70 cl,"€16,49/un","€23,56/lt"
Cerveja com Álcool Dunkel,Mahou,garrafa 33 cl,"€1,39/un","€4,21/lt"
Licor de Amêndoa Amarga Continente,Continente,garrafa 70 cl,"€5,09/un","€7,27/lt"
Cachaça Pirassununga 51,51,garrafa 70 cl,"€11,49/un","€16,41/lt"
Luís Pato Vinha Pan Doc Bairrada Vinho Tinto,Luís Pato,garrafa 75 cl,"€29,90/un","€39,87/lt"
Pera Doce Premium Regional Alentejano Vinho Branco,Pera Doce,garrafa 75 cl,"€4,49/un","€5,99/lt"
Vinhas Monsaraz DOC Alentejo Vinho Branco,Monsaraz,"emb. 1,5 lt","€4,79/un","€3,19/lt"
Vertente DOC Douro Vinho Tinto,Niepoort,garrafa 75 cl,"€14,19/un","€18,92/lt"
Ginger Ale,Le Tribute,emb. 4 x 20 cl,"€6,99/un","€8,74/lt"
Cabeça de Toiro Reserva DOC Tejo Vinho Tinto,Cabeça de Toiro,garrafa 75 cl,"€5,49/un","€7,32/lt"
Murganheira Reserva Espumante DOC Távora-Varosa Branco Meio Seco,Murganheira,garrafa 75 cl,"€11,79/un","€15,72/lt"
Refrigerante sem Gás Laranja,Tropico,emb. 33 cl,"€0,69/un","€2,09/lt"
Ponte de Lima Loureiro DOC Vinho Verde Branco,Ponte de Lima,garrafa 75 cl,"€4,29/un","€5,72/lt"
Adega de Pegões Regional Península de Setúbal Vinho Tinto,Adega de Pegões,garrafa 75 cl,"€2,09/un","€2,79/lt"
Cerveja com Álcool,Stella,garrafa 33 cl,"€1,29/un","€3,91/lt"
Bebida Energética Energy Re-Hab,Monster,lata 50 cl,"€1,60/un","€3,20/lt"
Cerveja com Álcool,Super Bock,garrafa 66 cl,"€1,19/un","€1,80/lt"
Rum Bacardi Carta Blanca,Bacardi,garrafa 70 cl,"€17,09/un","€24,41/lt"
Quinta da Romeira Reserva Regional Lisboa Vinho Tinto,Quinta da Romeira,garrafa 75 cl,"€5,49/un","€7,32/lt"
Granja Amareleja DOC Alentejo Vinho Tinto,Granja Amareleja,garrafa 75 cl,"€11,99/un","€15,99/lt"
Cocktail Aromatizado Bar Royal Pêssego,Bar Royal,garrafa 75 cl,"€3,29/un","€4,39/lt"
Quinta Nova Reserva Field Blend DOC Douro Vinho Tinto,Quinta Nova,garrafa 75 cl,"€16,99/un","€22,65/lt"
Vinhas da Invejosa Regional Península de Setúbal Vinho Tinto,Filipe Palhoça,garrafa 75 cl,"€3,99/un","€5,32/lt"
Vala Real DOC Tejo Tinto,Vala Real,garrafa 75 cl,"€3,99/un","€5,32/lt"
Aperitivo Aperol,Aperol,garrafa 70 cl,"€15,99/un","€22,84/lt"
Beyra Biológico DOC Beira Branco,Beyra,garrafa 75 cl,"€6,99/un","€9,32/lt"
Riobello Lambrusco Rosato,Riobello,garrafa 75 cl,"€5,89/un","€7,85/lt"
Serras Azeitão Regional Península de Setúbal Vinho Tinto,Serras Azeitão,garrafa 75 cl,"€3,99/un","€5,32/lt"
Vinhas do Ocidente Reserva Regional Alentejano Vinho Tinto,Vinhas do Ocidente,garrafa 75 cl,"€3,59/un","€4,79/lt"
Vila dos Gamas Antão Vaz DOC Alentejo Vinho Branco,Vila dos Gamas,garrafa 75 cl,"€3,39/un","€4,52/lt"
Cerveja com Álcool Centurium,Amphora,garrafa 33 cl,"€2,49/un","€7,55/un"
Grão Vasco DOC Dão Vinho Tinto,Grão Vasco,garrafa 75 cl,"€3,99/un","€5,32/lt"
Whisky Label 5,Label 5,garrafa 70 cl,"€11,49/un","€16,41/lt"
Mula Velha Premium Regional Lisboa Vinho Branco,Mula Velha,garrafa 75 cl,"€3,99/un","€5,32/lt"
Tons Duorum DOC Douro Vinho Tinto,Duorum,garrafa 75 cl,"€3,99/un","€5,32/lt"
Licor com Sabor a Pastel de Nata Bairrista,Bairrista,garrafa 70 cl,"€9,99/un","€14,27/lt"
Aguardente Bagaceira São Domingos,São Domingos,garrafa 1 lt,"€15,69/un","€15,69/lt"
Murganheira Super Reserva Espumante DOC Távora-Varosa Branco Meio Seco,Murganheira,garrafa 75 cl,"€14,29/un","€19,05/lt"
Whisky Glenlivet Founders Reserva,Glenlivet,garrafa 70 cl,"€35,99/un","€51,41/lt"
Chaminé Regional Alentejano Vinho Tinto,Chaminé,garrafa 75 cl,"€9,29/un","€12,39/lt"
Alambre Moscatel de Setúbal,Alambre,garrafa 75 cl,"€4,49/un","€5,99/lt"
Cerveja com Álcool,Duvel,garrafa 33 cl,"€3,75/un","€11,36/lt"
Meandro do Vale Meão DOC Douro Vinho Tinto,Meandro,garrafa 75 cl,"€14,69/un","€19,59/lt"
Bebida Espirituosa Misss Black,Misss,garrafa 70 cl,"€6,99/un","€9,99/lt"
Valle Pradinhos Regional Trasmontano Vinho Rosé,Valle Pradinhos,garrafa 75 cl,"€8,49/un","€11,32/lt"
Chá Verde Citrus,Lipton,garrafa 33 cl,"€0,70/un","€2,12/lt"
Ferreira Vinho do Porto Tawny,Ferreira,garrafa 75 cl,"€6,29/un","€8,39/lt"
Gin Monkey 47,Monkey 47,garrafa 50 cl,"€51,99/un","€103,98/lt"
Beyra Biológico DOC Beira Interior Vinho Tinto,Beyra,garrafa 75 cl,"€6,99/un","€9,32/lt"
José de Sousa Regional Alentejano Vinho Tinto,José de Sousa,garrafa 75 cl,"€6,99/un","€9,32/lt"
Cerveja sem Álcool Alkoholfrei,Erdinger,garrafa 50 cl,"€2,95/un","€5,90/lt"
Adega de Monção DOC Vinho Verde Tinto,Adega de Monção,garrafa 75 cl,"€2,49/un","€3,32/lt"
Maré Viva Regional Alentejano Vinho Branco,Maré Viva,garrafa 75 cl,"€1,69/un","€2,25/lt"
Refrigerante sem Gás Limonada,Tropico,emb. 33 cl,"€0,69/un","€2,09/lt"
Whisky Irlandês Tullamore Dew,Tullamore Dew,garrafa 70 cl,"€18,49/un","€26,41/lt"
Cerveja com Álcool Roja,Alhambra,garrafa 33 cl,"€1,99/un","€6,03/lt"
Redoma Reserva DOC Douro Vinho Branco,Niepoort,garrafa 75 cl,"€40,00/un","€53,33/lt"
Cachaça Velho Barreiro Silver,Velho Barreiro,garrafa 70 cl,"€10,99/un","€15,70/lt"
Cerveja com Álcool Vendaval,Oitava Colina,garrafa 33 cl,"€3,09/un","€9,36/lt"
Continente Espumante Moscato Rosé Doce,Continente,garrafa 75 cl,"€3,99/un","€5,32/lt"
Aspias Regional Alentejano Vinho Tinto,Pias,garrafa 75 cl,"€3,39/un","€4,52/lt"
Diálogo DOC Douro Vinho Tinto,Niepoort,garrafa 75 cl,"€7,19/un","€9,59/lt"
Casa Ermelinda Freitas Touriga Nacional Regional Península de Setúbal Vinho Tinto,Dona Ermelinda,garrafa 75 cl,"€9,99/un","€13,32/lt"
Whisky Glenrothes Maker's Cut,Glenrothes,garrafa 70 cl,"€69,99/un","€99,99/lt"
Domingos Soares Franco Verdelho Regional Península de Setúbal Vinho Branco,Domingos Soares Franco,garrafa 75 cl,"€9,90/un","€13,20/lt"
Mr Premium Regional Alentejano Vinho Tinto,Monte da Ravasqueira,garrafa 75 cl,"€49,00/un","€65,33/lt"
Navegante Regional Alentejano Vinho Branco,Navegante,Bag in Box 5 lt,"€10,99/un","€2,20/lt"
Gin Martin Miller's,Martin Miller's,garrafa 70 cl,"€28,99/un","€41,41/lt"
Mina Velha Reserva Regional Lisboa Vinho Tinto,Mina Velha,garrafa 75 cl,"€7,99/un","€10,65/lt"
Maria Mansa DOC Douro Vinho Tinto,Quinta do Noval,garrafa 75 cl,"€8,80/un","€11,73/lt"
Post Scriptum DOC Douro Vinho Tinto,Post Scriptum,garrafa 75 cl,"€15,99/un","€21,32/lt"
Defesa Regional Alentejano Vinho Branco,Defesa,garrafa 75 cl,"€4,99/un","€6,65/lt"
Deu-La-Deu Alvarinho DOC Vinho Verde Branco,Deu La Deu,garrafa 75 cl,"€6,99/un","€9,32/lt"
Casal Garcia Vinho Rosé,Casal Garcia,garrafa 75 cl,"€4,19/un","€5,59/lt"
Rum Hanava Club Añejo Especial,Havana Club,garrafa 70 cl,"€20,99/un","€29,99/lt"
Refrigerante sem Gás Ananás,Frutis,"emb. 1,5 lt","€1,99/un","€1,33/lt"
Contemporal DOC Bairrada Vinho Branco,Contemporal,garrafa 75 cl,"€2,49/un","€3,32/lt"
Offley Vinho do Porto Late Bottled Vintage,Offley,garrafa 75 cl,"€16,99/un","€22,65/lt"
Cocktail Aromatizado Bar Royal Green Apple,Bar Royal,garrafa 75 cl,"€3,29/un","€4,39/lt"
Adega de Monção Escolha DOC Vinho Verde Branco,Adega de Monção,garrafa 75 cl,"€3,29/un","€4,39/lt"
Tequila Casamigos Anejo,Casamigos,garrafa 70 cl,"€74,99/un","€107,13/lt"
Cerveja com Álcool Profana,Trindade,garrafa 33 cl,"€2,39/un","€7,24/lt"
Contemporal Regional Península de Setúbal Vinho Tinto,Contemporal,garrafa 75 cl,"€1,59/un","€2,12/lt"
Gin The Foxtale Citrus,The Foxtale,garrafa 70 cl,"€15,99/un","€22,84/lt"
Barros Vinho do Porto White,Barros,garrafa 75 cl,"€6,49/un","€8,65/lt"
Cocktail Aromatizado Bar Royal Coco,Bar Royal,garrafa 75 cl,"€3,29/un","€4,39/lt"
Terras de Felgueiras DOC Vinho Verde Branco,Terras de Felgueiras,garrafa 75 cl,"€2,29/un","€3,05/lt"
Monte da Ravasqueira Clássico Regional Alentejano Vinho Tinto,Monte da Ravasqueira,garrafa 75 cl,"€5,49/un","€7,32/lt"
Bebida Espirituosa Misss Red,Misss,garrafa 70 cl,"€6,99/un","€9,99/lt"
Néctar Frutos Vermelhos,Santal,emb. 1 lt,"€1,76/un","€1,76/lt"
Gin G'Vine Floraison,G'Vine,garrafa 70 cl,"€39,99/un","€57,13/lt"
Refrigerante sem Gás Limonada,Tropico,emb. 50 cl,"€1,00/un","€2,00/lt"
Risco Regional Península de Setúbal Vinho Tinto,Risco,garrafa 75 cl,"€5,49/un","€7,32/lt"
D. Ermelinda DOC Palmela Vinho Tinto,Dona Ermelinda,garrafa 75 cl,"€5,29/un","€7,05/lt"
Freixenet Carta Nevada Espumante Branco Meio Seco,Freixenet,garrafa 75 cl,"€5,99/un","€7,99/lt"
Venâncio Costa Lima Carácter Regional Península de Setúbal Vinho Tinto,Venâncio Costa Lima,garrafa 75 cl,"€9,99/un","€13,32/lt"
Cerveja com Álcool Puro Malte,Coral,emb. 6 x 25 cl,"€4,06/un","€2,71/lt"
Cruz Vinho do Porto Signature Ruby Reserva,Gran Cruz,garrafa 75 cl,"€6,99/un","€9,32/lt"
Tapada das Lebres Signature Regional Alentejano Vinho Tinto,Tapada das Lebres,garrafa 75 cl,"€4,99/un","€6,65/lt"
Sidra com Álcool Maçã,Coral,emb. 6 x 25 cl,"€4,35/un","€2,90/lt"
Rum Hanava Club Añejo 3 Años,Havana Club,garrafa 70 cl,"€17,49/un","€24,99/lt"
Vale dos Barris Castelão Regional Península de Setúbal Vinho Tinto,Vale dos Barris,garrafa 75 cl,"€2,29/un","€3,05/lt"
Refrigerante sem Gás Laranja,Joi,emb. 33 cl,"€0,69/un","€2,09/lt"
Villa Maria Private Bin Sauvignon Blanc Nova Zelândia Vinho Branco,Villa Maria,garrafa 75 cl,"€11,49/un","€15,32/lt"
Talabira do Algarve Premium Regional Algarve Vinho Tinto,Casa Santos Lima,garrafa 75 cl,"€5,49/un","€7,32/lt"
Vallado Adelaide Vinho do Porto Vintage 2015,Vallado,garrafa 75 cl,"€49,89/un","€66,52/lt"
Fita Azul Celebration Reserva Espumante Branco Meio Seco,Fita Azul,garrafa 75 cl,"€5,69/un","€7,59/lt"
Casal Mendes Vinho Rosé,Casal Mendes,garrafa 75 cl,"€3,99/un","€5,32/lt"
Marquês de Borba DOC Alentejo Vinho Tinto,Marquês de Borba,garrafa 75 cl,"€6,69/un","€8,92/lt"
Gin Beefeater Pink,Beefeater,garrafa 70 cl,"€20,69/un","€29,56/lt"
Licor Whisky Carolans,Carolans,garrafa 70 cl,"€14,79/un","€21,13/lt"
Monsaraz DOC Alentejo Vinho Tinto,Monsaraz,garrafa 75 cl,"€2,99/un","€3,99/lt"
Quinta da Bacalhôa Regional Península de Setúbal Vinho Branco,Quinta da Bacalhôa,garrafa 75 cl,"€16,99/un","€22,65/lt"
Montinho São Miguel Regional Alentejano Vinho Tinto,Montinho São Miguel,garrafa 75 cl,"€3,99/un","€5,32/lt"
Cerejeiras Regional Lisboa Vinho Tinto,Cerejeiras,Bag in Box 5 lt,"€8,48/un","€1,70/lt"
Danúbio Espumante Branco Bruto,Danúbio,garrafa 75 cl,"€5,99/un","€7,99/lt"
Cerejeiras Regional Lisboa Vinho Branco,Cerejeiras,garrafa 75 cl,"€3,49/un","€4,65/lt"
Whisky Bourbon Jack Daniel's Single Barrel,Jack Daniel's,garrafa 70 cl,"€40,99/un","€58,56/lt"
Néctar Tutti-Frutti,Santal,emb. 3 x 20 cl,"€1,76/un","€2,93/lt"
Couteiro-Mor Regional Alentejano Vinho Tinto,Couteiro-Mor,garrafa 75 cl,"€2,59/un","€3,45/lt"
Vodka Grey Goose La Poire,Grey Goose,garrafa 70 cl,"€48,99/un","€69,99/lt"
Licor com sabor a Café Bairrista,Bairrista,garrafa 70 cl,"€9,99/un","€14,27/lt"
Loios Regional Alentejano Vinho Tinto,Loios,garrafa 75 cl,"€3,99/un","€5,32/lt"
Terras D'El Rei Regional Alentejano Vinho Tinto,Terras D'El Rei,garrafa 75 cl,"€1,95/un","€2,60/lt"
Convento da Vila Regional Alentejano Vinho Branco,Convento da Vila,garrafa 75 cl,"€2,69/un","€3,59/lt"
Cerveja com Álcool Lager,Tsing Tao,garrafa 33 cl,"€1,29/un","€3,91/lt"
Bebida Energética Gaseificada,Red Bull,"lata 47,3 cl","€2,49/un","€5,26/lt"
Churchill's Estates DOC Douro Vinho Branco,Churchill's,garrafa 75 cl,"€12,95/un","€17,27/lt"
Licor de Natas Bairrista,Bairrista,garrafa 70 cl,"€9,99/un","€14,27/lt"
Gin Beefeater,Beefeater,garrafa 70 cl,"€17,99/un","€25,70/lt"
Vinha Grande DOC Douro Vinho Tinto,Vinha Grande,garrafa 75 cl,"€9,99/un","€13,32/lt"
Cerveja com Álcool Bud,Budweiser,garrafa 33 cl,"€1,38/un","€4,18/lt"
Cerveja com Álcool Preta,Coral,emb. 6 x 33 cl,"€4,72/un","€2,38/lt"
Terras Felgueiras Espadeiro DOC Vinho Verde Rosé,Terras de Felgueiras,garrafa 75 cl,"€2,99/un","€3,99/lt"
Soda Artesanal Framboesa e Tomilho Biológica,WhyNot,emb. 33 cl,"€1,89/un","€5,73/lt"
Licor Sheridan's,Sheridan's,garrafa 50 cl,"€22,49/un","€44,98/lt"
Danúbio Espumante Branco Doce,Danúbio,garrafa 75 cl,"€5,99/un","€7,99/lt"
Quinta do Noval Syrah Regional Duriense Vinho Tinto,Quinta do Noval,garrafa 75 cl,"€32,90/un","€43,87/lt"
Refrigerante sem Gás Tropical,Trina,"emb. 1,5 lt","€1,60/un","€1,07/lt"
Aguardente de Medronho Cerca da Medronheira,Cerca da Medronheira,garrafa 50 cl,"€59,99/un","€119,98/lt"
Cerveja com Álcool,Chimay,garrafa 33 cl,"€3,35/un","€10,15/lt"
Batuta DOC Douro Vinho Tinto,Niepoort,garrafa 75 cl,"€61,50/un","€82,00/lt"
Contemporal Vinho da Madeira Seco,Contemporal,garrafa 75 cl,"€7,19/un","€9,59/lt"
Refrigerante com Gás Morango e Nata,Chupa Chups,emb. 25 cl,"€1,49/un","€5,96/lt"
Cerveja com Álcool,Coral,emb. 6 x 33 cl,"€3,94/un","€1,99/lt"
Gin G'Vine Nouaison,G'Vine,garrafa 70 cl,"€41,99/un","€59,99/lt"
Casal Garcia Sweet Regional Verde Minho,Casal Garcia,garrafa 75 cl,"€4,19/un","€5,59/lt"
Cabeça de Burro Reserva DOC Douro Vinho Tinto,Cabeça de Burro,garrafa 75 cl,"€8,99/un","€11,99/lt"
Quinta da Bacalhôa Vinho Tinto,Quinta da Bacalhôa,garrafa 75 cl,"€18,99/un","€25,32/lt"
Lagosta Ice DOC Vinho Verde Rosé,Lagosta,garrafa 75 cl,"€3,19/un","€4,25/lt"
Roboredo Premium DOC Douro Vinho Branco,Roboredo,garrafa 75 cl,"€4,99/un","€6,65/lt"
Adega de Pegões Touriga Nacional Regional Península de Setúbal Vinho Tinto,Adega de Pegões,garrafa 75 cl,"€6,49/un","€8,65/lt"
Pera Grave Reserva Regional Alentejano Vinho Tinto,Pera Grave,garrafa 75 cl,"€22,00/un","€29,33/lt"
Cerveja com Álcool Stout,Sovina,garrafa 33 cl,"€2,69/un","€8,15/lt"
Fita Azul Celebration Reserva Espumante Branco Doce,Fita Azul,garrafa 75 cl,"€5,69/un","€7,59/lt"
Whisky Nikka Taketsuru Pure Malt,Nikka,garrafa 70 cl,"€59,99/un","€85,70/lt"
Licor de Ginja com Fruto Albergaria,Albergaria,garrafa 1 lt,"€7,49/un","€7,49/lt"
Crasto Superior DOC Douro Vinho Tinto,Quinta do Crasto,garrafa 75 cl,"€15,89/un","€21,19/lt"
Vinha do Lourenço DOC Dão Tinto,Vinha do Lourenço,garrafa 75 cl,"€2,99/un","€3,99/lt"
Quinta do Carmo Regional Alentejano Vinho Branco,Quinta do Carmo,garrafa 75 cl,"€9,99/un","€13,32/lt"
Vale Torcido Reserva DOC Douro Vinho Tinto,Vale Torcido,garrafa 75 cl,"€7,99/un","€10,65/lt"
Aveleda Alvarinho Colheita Selecionada Regional Minho Vinho Verde Branco,Aveleda,garrafa 75 cl,"€5,99/un","€7,99/lt"
Croft Vinho do Porto Tawny,Croft,garrafa 75 cl,"€6,39/un","€8,52/lt"
Bico Amarelo DOC Vinho Verde Branco,Bico Amarelo,garrafa 75 cl,"€4,99/un","€6,65/lt"
Titan Vale dos Mil DOC Douro Vinho Tinto,Titan,garrafa 75 cl,"€37,99/un","€50,65/lt"
Whisky Jameson Caskmates,Jameson,garrafa 70 cl,"€25,99/un","€37,13/lt"
Rum Bacardi Spiced,Bacardi,garrafa 70 cl,"€17,09/un","€24,41/lt"
Cerveja com Álcool Biológica,Riedenburger,garrafa 33 cl,"€2,99/un","€9,06/lt"
Whisky William Lawson's,William Lawson's,garrafa 1 lt,"€16,07/un","€16,07/lt"
Refrigerante com Gás Maracujá,Sumol,emb. 6 x 33 cl,"€4,39/un","€2,22/lt"
Barton & Guestier Côtes Provence França Vinho Rosé,Barton & Guestier Côtes,garrafa 75 cl,"€13,80/un","€18,40/lt"
Whisky Malte Glenfiddich 12 Anos,Glenfiddich,garrafa 70 cl,"€31,99/un","€45,70/lt"
Adega Vila Real Grande Reserva DOC Douro Vinho Branco,Vila Real,garrafa 75 cl,"€7,99/un","€10,65/lt"
Vinha da Valentina Premium Regional Península de Setúbal Vinho Tinto,Vinha da Valentina,"garrafa 1,5 lt","€9,79/un","€6,53/lt"
Quinta da Leda DOC Douro Vinho Tinto,Quinta da Leda,garrafa 75 cl,"€44,99/un","€59,99/lt"
Rum Captain Morgan Spiced Gold,Captain Morgan,garrafa 70 cl,"€15,99/un","€22,84/lt"
Brandy Croft,Croft,garrafa 70 cl,"€10,29/un","€14,70/lt"
Soda Artesanal Limão e Mate Biológica,WhyNot,garrafa 33 cl,"€1,89/un","€5,73/lt"
Herdade dos Grous Regional Alentejano Vinho Branco,Herdade dos Grous,garrafa 75 cl,"€14,99/un","€19,99/lt"
Duas Quintas Reserva DOC Douro Vinho Branco,Duas Quintas,garrafa 75 cl,"€21,19/un","€28,25/lt"
Quinta das Tecedeiras Reserva DOC Douro Vinho Tinto,Quinta das Tecedeiras,garrafa 75 cl,"€26,90/un","€35,87/lt"
Castello D'Alba DOC Douro Vinho Tinto,Castello D'Alba,garrafa 75 cl,"€6,69/un","€8,92/lt"
Cerveja com Álcool,Hoegaarden,garrafa 33 cl,"€2,29/un","€6,94/lt"
Licor Cointreau,Cointreau,garrafa 70 cl,"€23,49/un","€33,56/lt"
Fronteira Biológico DOC Douro Vinho Tinto,Fronteira,garrafa 75 cl,"€7,99/un","€10,65/lt"
Marquês de Marialva Colheita Selecionada DOC Bairrada Vinho Tinto,Marquês de Marialva,garrafa 75 cl,"€4,99/un","€6,65/lt"
Castiço Vinho Frisante Branco,Castiço,garrafa 75 cl,"€2,99/un","€3,99/lt"
Duque de Viseu DOC Dão Vinho Tinto,Duque de Viseu,garrafa 75 cl,"€4,49/un","€5,99/lt"
Whisky Nikka Coffey Malt,Nikka,garrafa 70 cl,"€60,29/un","€86,13/lt"
Fundador Vinho do Porto Tawny,Fundador,garrafa 75 cl,"€6,39/un","€8,52/lt"
Adega Cooperativa Ponte da Barca DOC Vinho Verde Branco,Ponte da Barca,garrafa 75 cl,"€2,99/un","€3,99/lt"
Triple Seco Montanha,Montanha,garrafa 1 lt,"€7,89/un","€7,89/lt"
Biaia Biológico DOC Beira Interior Vinho Tinto,Biaia,garrafa 75 cl,"€4,99/un","€6,65/lt"
Aguardente Velhíssima Martha's Herança de Família,Martha's,garrafa 70 cl,"€29,99/un","€42,84/lt"
Quinta Vale da Pedra Reserva DOC Douro Branco,Quinta Vale da Pedra,garrafa 75 cl,"€7,99/un","€10,65/lt"
Rum Plantation Barbados 5 Anos,Plantation,garrafa 70 cl,"€27,19/un","€38,84/lt"
Cerveja com Álcool Maestra Doble Lúpulo,Mahou,garrafa 33 cl,"€1,39/un","€4,21/lt"
Água Gaseificada com Álcool Frutos Vermelhos,Pure Piraña,emb. 33 cl,"€1,26/un","€3,82/lt"
Fiuza 3 Castas Regional Tejo Vinho Tinto,Fiuza,garrafa 75 cl,"€4,59/un","€6,12/lt"
Foral DOC Douro Vinho Tinto,Quatro Ventos,garrafa 75 cl,"€2,98/un","€3,97/lt"
Cocktail Mojito Bacardi,Bacardi,garrafa 70 cl,"€13,59/un","€19,41/lt"
Terraços de Xisto DOC Douro Vinho Tinto,Terraços de Xisto,garrafa 75 cl,"€4,89/un","€6,52/lt"
Cono Sur Bicicleta Cabernet Sauvignon Chile Vinho Tinto,Cono Sur,garrafa 75 cl,"€6,49/un","€8,65/lt"
Campelo Branco DOC Vinho Verde,Campelo,garrafa 1 lt,"€2,99/un","€2,99/lt"
Licor Jagermeister,Jagermeister,garrafa 70 cl,"€17,79/un","€25,41/lt"
Whisky Bushmills Original,Bushmills,garrafa 1 lt,"€20,99/un","€20,99/lt"
Contemporal Moscatel Roxo de Setúbal,Contemporal,garrafa 50 cl,"€7,99/un","€15,98/lt"
Bebida Espirituosa 1920,1920,garrafa 70 cl,"€9,99/un","€14,27/lt"
Fontanário de Pegões do Palmela Vinho Branco,Fontanário,garrafa 75 cl,"€2,69/un","€3,59/lt"
Ginger Beer Premium Mixer,Schweppes,emb. 20 cl,"€1,69/un","€8,45/lt"
Pouca Roupa Regional Alentejano Vinho Tinto,Pouca Roupa,garrafa 75 cl,"€3,69/un","€4,92/lt"
Castelo de Borba DOC Alentejo Vinho Tinto,Castelo de Borba,garrafa 75 cl,"€4,99/un","€6,65/lt"
Casa Ermelinda Freitas Moscatel de Setúbal,Casa Ermelinda Freitas,garrafa 75 cl,"€6,99/un","€9,32/lt"
Cocktail Aromatizado Bar Royal Limão,Bar Royal,garrafa 75 cl,"€3,29/un","€4,39/lt"
Vinha da Curia DOC Bairrada Vinho Tinto,Vinha da Curia,garrafa 75 cl,"€13,99/un","€18,65/lt"
Barbeito Vinho da Madeira Meio Seco,Barbeito,garrafa 75 cl,"€9,89/un","€13,19/lt"
Ferreira Vinho do Porto Lágrima Branco,Ferreira,garrafa 75 cl,"€6,39/un","€8,52/lt"
Casal Sta. Maria Chardonnay Regional Lisboa Vinho Branco,Casal Santa Maria,garrafa 75 cl,"€23,99/un","€31,99/lt"
Cerveja com Álcool Pilsner,Letra,garrafa 33 cl,"€2,69/un","€8,15/lt"
Creme de Pastel de Nata 35,35,garrafa 70 cl,"€13,49/un","€19,27/lt"
Licor Amêndoa Amarga Bairrista,Bairrista,garrafa 70 cl,"€9,99/un","€14,27/lt"
Gatão Bordalesa DOC Vinho Verde Branco,Gatão,garrafa 75 cl,"€3,59/un","€4,79/lt"
Whisky Vat 69,Vat 69,garrafa 70 cl,"€13,49/un","€19,27/lt"
Água Gaseificada com Álcool Cherry,Phunk,lata 25 cl,"€1,89/un","€7,56/lt"
Ponte de Lima Adamado DOC Vinho Verde Branco,Ponte de Lima,garrafa 75 cl,"€3,69/un","€4,92/lt"
Gin Tanqueray Flor de Sevilla,Tanqueray,garrafa 70 cl,"€31,99/un","€45,70/lt"
Barros Vinho do Porto Ruby,Barros,garrafa 75 cl,"€6,49/un","€8,65/lt"
Castas Escondidas DOC Douro Vinho Tinto,Castas Escondidas,garrafa 75 cl,"€29,00/un","€38,67/lt"
Quinta do Vesúvio DOC Douro Vinho Tinto,Quinta do Vesúvio,garrafa 75 cl,"€55,00/un","€73,33/lt"
Dona Ermelinda Reserva DOC Palmela Vinho Branco,Dona Ermelinda,garrafa 75 cl,"€9,99/un","€13,32/lt"
Refrigerante sem Gás Laranja,Continente,"emb. 4 x 1,5 lt","€3,56/un","€0,59/lt"
Cerveja com Álcool Mick Lager,Musa,garrafa 33 cl,"€2,79/un","€8,45/lt"
Fiuza Chardonnay Regional Tejo Vinho Branco,Fiuza,garrafa 75 cl,"€6,49/un","€8,65/lt"
VZ DOC Douro Tinto,VZ,garrafa 75 cl,"€19,49/un","€25,99/lt"
Beyra Grande Reserva DOC Beira Interior Vinho Tinto,Beyra,garrafa 75 cl,"€27,90/un","€37,20/lt"
Quinta do Carmo Regional Alentejano Vinho Tinto,Quinta do Carmo,garrafa 75 cl,"€16,99/un","€22,65/lt"
Porta da Ravessa Reserva Regional Alentejano Vinho Tinto,Porta da Ravessa,garrafa 75 cl,"€3,59/un","€4,79/lt"
António Maria DOC Alentejo Vinho Tinto,António Maria,garrafa 75 cl,"€65,00/un","€86,67/lt"
Morgado do Reguengo DOC Alentejo Vinho Tinto,Morgado do Reguengo,garrafa 75 cl,"€3,99/un","€5,32/lt"
José Sousa Reserva Regional Alentejano Vinho Tinto,José Sousa,garrafa 75 cl,"€14,49/un","€19,32/lt"
Quinta Nova DOC Douro Vinho Tinto,Quinta Nova,garrafa 75 cl,"€10,99/un","€14,65/lt"
O%riginal Vinho Sem Álcool Branco,José Maria da Fonseca,garrafa 75 cl,"€4,99/un","€6,65/lt"
Titular Colheita DOC Dão Vinho Tinto,Titular,garrafa 75 cl,"€5,59/un","€7,45/lt"
4ª Geração DOC Palmela Vinho Tinto,Venâncio Costa Lima,garrafa 75 cl,"€7,99/un","€10,65/lt"
Quinta da Alorna Regional Tejo Vinho Tinto,Quinta da Alorna,garrafa 75 cl,"€2,89/un","€3,85/lt"
Periquita Regional Península de Setúbal Vinho Tinto,Periquita,"garrafa 37,5 cl","€2,89/un","€7,71/lt"
Quinta do Vallado Vinho do Porto 30 Anos,Quinta do Vallado,garrafa 50 cl,"€65,00/un","€130,00/lt"
Whisky Ballantine's 12 Anos,Ballantine's,garrafa 70 cl,"€24,99/un","€35,70/lt"
Murganheira Espumante Malvasia Fina DOC Távora-Varosa Branco Bruto,Murganheira,garrafa 75 cl,"€16,49/un","€21,99/lt"
Quinta da Gricha Touriga Nacional Talhão 8 DOC Douro Vinho Tinto,Quinta da Gricha,garrafa 75 cl,"€47,49/un","€63,32/lt"
Casa Ermelinda Freitas Moscatel de Setúbal,Casa Ermelinda Freitas,garrafa 50 cl,"€31,99/un","€63,98/lt"
Marquês de Marialva Espumante Bical & Arinto Regional Beira Atlântico Branco Bruto,Marquês de Marialva,garrafa 75 cl,"€7,99/un","€10,65/lt"
Rum Santa Teresa 1796,Santa Teresa,garrafa 70 cl,"€57,49/un","€82,13/lt"
Meio Queijo DOC Douro Vinho Tinto,Meio Q.,garrafa 75 cl,"€6,49/un","€8,65/lt"
Whisky Singleton 12 Anos,Singleton,garrafa 70 cl,"€34,99/un","€49,99/lt"
Cerveja com Álcool 5 Estrelas,Mahou,emb. 6 X 25 cl,"€4,75/un","€3,17/lt"
Cerveja com Álcool Preta Dunkel,Erdinger,garrafa 50 cl,"€2,99/un","€5,98/lt"
Vermute Carpano Dry,Carpano,garrafa 1 lt,"€16,89/un","€16,89/lt"
Favaíto Moscatel do Douro,Favaíto,garrafa 75 cl,"€6,59/un","€8,79/lt"
Quinta do Côtto DOC Douro Vinho Tinto,Quinta do Côtto,garrafa 75 cl,"€6,99/un","€9,32/lt"
Croft Vinho do Porto Reserva Ruby,Croft,garrafa 50 cl,"€13,99/un","€27,98/lt"
Aguardente Adega Velha XO 12 Anos,Adega Velha,garrafa 50 cl,"€36,49/un","€72,98/lt"
Cossart Gordon 5 Anos Malvasia Vinho da Madeira Doce,Cossart Gordon,garrafa 75 cl,"€18,89/un","€25,19/lt"
Campolargo Baga DOC Bairrada Vinho Tinto,Campolargo,garrafa 75 cl,"€16,99/un","€22,65/lt"
Rum Havana Club Selecção Maestros,Havana Club,garrafa 70 cl,"€56,89/un","€81,27/lt"
Quinta dos Aciprestes DOC Douro Vinho Tinto,Quinta dos Aciprestes,garrafa 75 cl,"€9,99/un","€13,32/lt"
Cabriz Colheita Selecionada DOC Dão Vinho Tinto,Quinta de Cabriz,"garrafa 37,5 cl","€3,09/un","€8,24/lt"
Coutada Velha Signature Regional Alentejano Vinho Tinto,Coutadas Velhas,"garrafa 1,5 lt","€12,59/un","€8,39/lt"
O Fugitivo Curtimenta DOC Dão Vinho Branco,O Fugitivo,garrafa 75 cl,"€27,90/un",
Via Latina Loureiro DOC Vinho Verde Branco,Via Latina,garrafa 75 cl,"€2,29/un","€3,05/lt"
Ferradosa Vinhas Velhas DOC Douro Vinho Tinto,Ferradosa,garrafa 75 cl,"€42,00/un","€56,00/lt"
Alandra Vinho Tinto,Alandra,garrafa 75 cl,"€2,19/un","€2,92/lt"
Sumo 100% Maçã,Juver,emb. 1 lt,"€1,59/un","€1,59/lt"
Adega Vila Real Grande Reserva DOC Douro Vinho Tinto,Vila Real,garrafa 75 cl,"€7,99/un","€10,65/lt"
Mangas Refrigeradoras PVC Prateadas,Grilo,2 un,"€9,00/un","€9,00/un"
Gin Nordés,Nordés,garrafa 70 cl,"€34,25/un","€48,93/lt"
Aperitivo Martini Vibrante sem Álcool,Martini,garrafa 75 cl,"€11,09/un","€14,79/lt"
Limonada de Frutos Vermelhos,Go Natural,emb. 25 cl,"€1,99/un",
Gin Sharish,Sharish,garrafa 50 cl,"€27,49/un","€54,98/lt"
Graham's Vinho do Porto Tawny 10 Anos,Graham's,garrafa 75 cl,"€19,99/un","€26,65/lt"
Castello D'Alba Reserva DOC Douro Vinho Tinto,Castello D'Alba,garrafa 75 cl,"€9,99/un","€13,32/lt"
Refrigerante sem Gás Limonada,Tropico,"emb. 1,5 lt","€1,95/un","€1,30/lt"
QM Alvarinho Chardonnay Regional Minho Vinho Branco,Quintas de Melgaço,garrafa 75 cl,"€39,90/un","€53,20/lt"
Cerveja com Álcool Amber,Sovina,garrafa 33 cl,"€2,69/un","€8,15/lt"
Albenaz Terraço Real Premium Regional Alentejano Vinho Tinto,Albenaz,garrafa 75 cl,"€3,99/un","€5,32/lt"
Néctar Frutos Vermelhos,Juver,emb. 1 lt,"€1,59/un","€1,59/lt"
Palácio da Brejoeira Alvarinho DOC Vinho Verde Branco,Palácio da Brejoeira,garrafa 75 cl,"€21,99/un","€29,32/lt"
Refrigerante sem Gás Laranja,Tropico,"emb. 1,5 lt","€1,95/un","€1,30/lt"
Contemporal Vegan Regional Alentejano Vinho Branco,Contemporal,garrafa 75 cl,"€3,49/un","€4,65/lt"
Ferreira Vinho do Porto Late Bottled Vintage,Ferreira,garrafa 75 cl,"€14,99/un","€19,99/lt"
Redoma DOC Douro Vinho Branco,Niepoort,garrafa 75 cl,"€17,00/un","€22,67/lt"
Calem Vinho do Porto Special Reserve,Cálem,garrafa 75 cl,"€9,98/un","€13,31/lt"
Raposeira Super Reserva Espumante DOC Távora-Varosa Branco Meio Seco,Raposeira,garrafa 75 cl,"€11,19/un","€14,92/lt"
Contemporal Espumante Tinto Bruto,Contemporal,garrafa 75 cl,"€3,39/un","€4,52/lt"
Charles Pelletier Espumante Branco Bruto,Charles Pelletier,garrafa 75 cl,"€7,59/un","€10,12/lt"
Gin The Foxtale Pink,The Foxtale,garrafa 70 cl,"€15,99/un","€22,84/lt"
Cerveja com Álcool Barrica Original,Mahou,garrafa 33 cl,"€2,09/un","€6,33/lt"
Lancers Vinho Rosé,Lancers,garrafa 75 cl,"€3,99/un","€5,32/lt"
Leira do Canhoto DOC Vinho Verde Rosé,Leira do Canhoto,garrafa 75 cl,"€2,79/un","€3,72/lt"
Água Vitaminada Funcional Romã,Sunlover,emb. 25 cl,"€0,99/un","€3,96/lt"
Pera Doce Reserva Regional Alentejano Vinho Tinto,Pera Doce,"garrafa 1,5 lt","€8,09/un","€5,39/lt"
Gruet Sélection Champanhe Bruto Branco,Gruet,garrafa 75 cl,"€19,99/un","€26,65/lt"
Montes Ermos Reserva DOC Douro Tinto,Montes Ermos,garrafa 75 cl,"€5,99/un","€7,99/lt"
Cerveja com Álcool Florinda,Oitava Colina,garrafa 33 cl,"€3,09/un","€9,36/lt"
Mocho Galego Premium Regional Alentejano Vinho Rosé,Mocho Galego,garrafa 75 cl,"€3,49/un","€4,65/lt"
Martha's Vinho do Porto Lágrima Branco,Martha's,garrafa 75 cl,"€8,99/un","€11,99/lt"
Duorum Reserva DOC Douro Vinho Tinto,Duorum,garrafa 75 cl,"€29,99/un","€39,99/lt"
Água sem Gás,Evian,emb. 75 cl,"€2,55/un","€3,40/lt"
Aguardente Bagaçeira Palácio da Brejoeira,Palácio da Brejoeira,garrafa 70 cl,"€49,99/un","€71,41/lt"
Maritávora Nº 6 DOC Douro Vinho Tinto,Quinta de Maritávora,garrafa 75 cl,"€10,89/un","€14,52/lt"
Dona Julieta Reserva Regional Alentejano Vinho Tinto,Dona Julieta,garrafa 75 cl,"€3,99/un","€5,32/lt"
Whisky Antiquary 12 Anos,Antiquary,garrafa 70 cl,"€24,95/un","€35,64/lt"
Whisky Bushmills Original Caribbean Rum Cask Finish,Bushmills,garrafa 70 cl,"€17,59/un","€25,13/lt"
Quinta dos Quatro Ventos DOC Douro Vinho Tinto,Quinta dos 4 Ventos,garrafa 75 cl,"€15,99/un","€21,32/lt"
Cossart Gordon 5 Anos Verdelho Vinho da Madeira Meio Seco,Cossart Gordon,garrafa 75 cl,"€18,89/un","€25,19/lt"
Whisky Dimple Gold Selection,Dimple,garrafa 70 cl,"€35,49/un","€50,70/lt"
Ferreira Dona Antónia Vinho do Porto Tawny Reserva,Ferreira,garrafa 75 cl,"€11,99/un","€15,99/lt"
Pacheca Vinho do Porto Tawny 10 Anos,Quinta da Pacheca,garrafa 75 cl,"€16,99/un","€22,65/lt"
Rum Hanava Club 7 Anos,Havana Club,garrafa 70 cl,"€30,99/un","€44,27/lt"
Taylor's Vinho do Porto First Estate Reserve,Taylor's,garrafa 75 cl,"€8,49/un","€11,32/lt"
Marquês de Marialva Bical Reserva Bairrada Vinho Branco,Marquês de Marialva,garrafa 75 cl,"€8,99/un","€11,99/lt"
Ferreira Quinta do Porto Vinho do Porto 10 Anos,Ferreira,garrafa 75 cl,"€16,99/un","€22,65/lt"
Água Gaseificada com Álcool Blueberry,Phunk,lata 25 cl,"€1,89/un","€7,56/lt"
Marquês De Marialva Baga Espumante Doc Bairrada Branco Bruto,Marquês de Marialva,garrafa 75 cl,"€9,49/un","€12,65/lt"
Valle Pradinhos Regional Transmontano Vinho Tinto,Valle Pradinhos,garrafa 75 cl,"€15,99/un","€21,32/lt"
São Luiz Kopke DOC Douro Vinho Branco,São Luiz Kopke,garrafa 75 cl,"€7,49/un","€9,99/lt"
Whisky Pig's Nose Blended Scotch,Pig's Nose,garrafa 70 cl,"€17,99/un","€25,70/lt"
Cerveja com Álcool Fénix,Trindade,garrafa 33 cl,"€2,39/un","€7,24/lt"
Catarina Regional Península de Setúbal Vinho Tinto,Catarina,garrafa 75 cl,"€6,99/un","€9,32/lt"
Licor Baileys Chocolat Luxe,Baileys,garrafa 50 cl,"€24,99/un","€49,98/lt"
Gin Bombay Bramble,Bombay,garrafa 70 cl,"€25,59/un","€36,56/lt"
São Domingos Espumante Extra Reserva Doc Bairrada Branco Bruto,São Domingos,garrafa 75 cl,"€5,99/un","€7,99/lt"
Mouchão DOC Alentejo Vinho Tinto,Mouchão,garrafa 75 cl,"€42,00/un","€56,00/lt"
Galitos Regional Alentejano Vinho Tinto,Galitos,Bag in Box 3 lt,"€7,99/un","€2,66/lt"
Quinta do Noval Reserva DOC Douro Tinto,Quinta do Noval,garrafa 75 cl,"€54,90/un","€73,20/lt"
Monte da Ravasqueira Syrah Viognier Regional Alentejano Vinho Tinto,Monte da Ravasqueira,garrafa 75 cl,"€14,99/un","€19,99/lt"
Aperitivo Italiano Branco Continente,Continente,garrafa 1 lt,"€5,19/un","€5,19/lt"
Cockburn's Vinho do Porto Fine Tawny,Cockburn's,garrafa 75 cl,"€6,49/un","€8,65/lt"
Whisky Tomatin Single Malt Legacy,Tomatin,garrafa 70 cl,"€29,90/un","€42,71/lt"
Meia Encosta DOC Dão Vinho Tinto,Meia Encosta,garrafa 75 cl,"€3,89/un","€5,19/lt"
Jack Daniel's Apple Bebida Espirituosa,Jack Daniel's,garrafa 70 cl,"€23,99/un","€34,27/lt"
Whisky Bushmills 10 Anos,Bushmills,garrafa 70 cl,"€30,79/un","€43,99/lt"
Herdade Grous 23 Barricas Regional Alentejano Vinho Tinto,Herdade dos Grous,garrafa 75 cl,"€28,99/un","€38,65/lt"
Vallegre Reserva Especial DOC Douro Vinho Branco,Vallegre,garrafa 75 cl,"€21,90/un","€29,20/lt"
Olho de Mocho Reserva Regional Alentejano Vinho Tinto,Olho de Mocho,garrafa 75 cl,"€24,99/un","€33,32/lt"
José de Sousa Mayor Regional Alentejano Vinho Tinto,José de Sousa,garrafa 75 cl,"€24,90/un","€33,20/lt"
Whisky Blended Scotch Richardson,Richardson,garrafa 70 cl,"€7,69/un","€10,99/lt"
Quinta do Vallado Reserva Field Blend DOC Douro Vinho Tinto,Quinta do Vallado,garrafa 75 cl,"€30,00/un","€40,00/lt"
Monte D'Oiro Reserva Regional Lisboa Vinho Tinto,Monte D'Oiro,garrafa 75 cl,"€41,99/un","€55,99/lt"
Adega de Pegões Aragonês Regional Península de Setúbal Vinho Tinto,Adega de Pegões,garrafa 75 cl,"€6,49/un","€8,65/lt"
Monte da Ravasqueira Sangiovese Regional Alentejano Vinho Tinto,Monte da Ravasqueira,garrafa 75 cl,"€14,99/un","€19,99/lt"
Paulo Laureano Signature Regional Alentejano Vinho Branco,Paulo Laureano,garrafa 75 cl,"€6,99/un","€9,32/lt"
Refrigerante sem Gás Limão,Frutis,"emb. 1,5 lt","€1,99/un","€1,33/lt"
Herdade dos Grous Reserva Regional Alentejano Vinho Branco,Herdade dos Grous,garrafa 75 cl,"€19,99/un","€26,65/lt"
Gran Cruz Vinho do Porto Tawny,Gran Cruz,garrafa 70 cl,"€5,99/un","€7,99/lt"
Barros Vinho do Porto Tawny,Barros,garrafa 75 cl,"€6,49/un","€8,65/lt"
Saca-rolhas Alumínio Medley,Kasa,1 un,"€10,00/un","€10,00/un"
Ponte de Lima DOC Vinho Verde Tinto,Ponte de Lima,garrafa 75 cl,"€2,75/un","€3,67/lt"
Casa Ermelinda Freitas Sauvignon Blanc Verdelho Regional Península de Setúbal Vinho Branco,Casa Ermelinda Freitas,garrafa 75 cl,"€9,99/un","€13,32/lt"
Quinta dos Aciprestes Reserva DOC Douro Vinho Tinto,Quinta dos Aciprestes,garrafa 75 cl,"€17,49/un","€23,32/lt"
Bacardi Limón Bebida Espirituosa,Bacardi,garrafa 70 cl,"€17,09/un","€24,41/lt"
Prova Régia Regional Lisboa Vinho Branco,Prova Régia,garrafa 75 cl,"€4,99/un","€6,65/lt"
Aguardente Velha Fim de Século,Fim de Século,garrafa 70 cl,"€18,99/un","€27,13/lt"
Irreverente Regional Terras do Dão Vinho Tinto,Irreverente,garrafa 75 cl,"€3,39/un","€4,52/lt"
Mula Velha Reserva Regional Lisboa Vinho Tinto,Mula Velha,"garrafa 1,5 lt","€7,49/un","€4,99/lt"
Tavedo DOC Douro Vinho Tinto,Tavedo,garrafa 75 cl,"€3,99/un","€5,32/lt"
Dow's Quinta do Bomfim Vinho do Porto Vintage,Dow's,garrafa 75 cl,"€24,99/un","€33,32/lt"
Gin Hendrick´s Orbium,Hendrick´s,garrafa 70 cl,"€39,99/un","€57,13/lt"
Reynolds Regional Alentejano Vinho Tinto,Reynolds,garrafa 75 cl,"€7,99/un","€10,65/lt"
Ponte de Lima DOC Vinho Verde Branco,Ponte de Lima,garrafa 75 cl,"€3,69/un","€4,92/lt"
Casal da Coelheira Reserva Tejo Vinho Tinto,Casal da Coelheira,garrafa 75 cl,"€7,09/un","€9,45/lt"
Fafide Reserva Doc Douro Vinho Branco,Fafide,garrafa 75 cl,"€9,49/un","€12,65/lt"
Montinho São Miguel Reserva Regional Alentejano Vinho Tinto,Montinho São Miguel,garrafa 75 cl,"€6,99/un","€9,32/lt"
Taboadella Jaen Reserva DOC Dão Vinho Tinto,Taboadella,garrafa 75 cl,"€16,99/un","€22,65/lt"
Ricard Aperitivo,Ricard,garrafa 70 cl,"€16,49/un","€23,56/lt"
Aperitivo Martini Floreale sem Álcool,Martini,garrafa 75 cl,"€11,09/un","€14,79/lt"
Croft Quinta da Roeda Vinho do Porto Vintage,Croft,garrafa 75 cl,"€32,90/un","€43,87/lt"
Villa Oliveira Touriga Nacional DOC Dão Vinho Tinto,O Abrigo da Passarela,garrafa 75 cl,"€42,00/un",
Água Gaseificada com Álcool Lime & Ginger,Phunk,lata 25 cl,"€1,89/un","€7,56/lt"
Quinta da Viçosa DOC Alentejo Vinho Tinto,Quinta da Viçosa,garrafa 75 cl,"€29,90/un","€39,87/lt"
Tequila Camino Real,Camino Real,garrafa 70 cl,"€16,79/un","€23,99/lt"
Dom Martinho Regional Alentejano Vinho Tinto,Dom Martinho,garrafa 75 cl,"€5,99/un","€7,99/lt"
Leo D´Honor DOC Palmela Vinho Tinto,Leo D'Honor,garrafa 75 cl,"€38,00/un","€50,67/lt"
Rum Chairman'S Reserve White,Chariman's,garrafa 70 cl,"€25,89/un","€36,99/lt"
Tapada do Barão Colheita Selecionada Regional Alentejano Vinho Tinto,Tapada do Barão,garrafa 75 cl,"€2,99/un","€3,99/lt"
Refrigerante sem Gás Laranja,Frutis,"emb. 1,5 lt","€1,99/un","€1,33/lt"
Cedro do Noval DOC Douro Vinho Tinto,Quinta do Noval,garrafa 75 cl,"€14,39/un","€19,19/lt"
By Rui Roboredo Madeira DOC Douro Vinho Tinto,Rui Roboredo Madeira,garrafa 75 cl,"€40,00/un","€53,33/lt"
A Descoberta DOC Dão Vinho Branco,Casa da Passarela,garrafa 75 cl,"€5,99/un","€7,99/lt"
Pacheca Superior DOC Douro Vinho Tinto,Quinta da Pacheca,garrafa 75 cl,"€12,99/un","€17,32/lt"
Gin Sharish Magic Blue,Sharish,garrafa 50 cl,"€27,49/un","€54,98/lt"
Aliança Espumante Tinto Bruto,Aliança,garrafa 75 cl,"€6,49/un","€8,65/lt"
Marquês de Marialva Blanc De Blancs Espumante Regional Beira Atlântico Branco Meio Seco,Marquês de Marialva,garrafa 75 cl,"€6,99/un","€9,32/lt"
Aguardente Vínica Velhissíma São Domingos,São Domingos,garrafa 70 cl,"€17,99/un","€25,70/lt"
Quinta do Vallado Vinho do Porto 10 Anos,Quinta do Vallado,garrafa 50 cl,"€18,49/un","€36,98/lt"
Contemporal Vinho da Madeira Meio Doce,Contemporal,garrafa 75 cl,"€7,19/un","€9,59/lt"
Krayer Champanhe Branco Bruto,Krayer,garrafa 75 cl,"€24,99/un","€33,32/lt"
Rum Plantation Pineapple,Plantation,garrafa 70 cl,"€39,69/un","€56,70/lt"
Rum Abuelo Añejo 7 Anos,Abuelo,garrafa 70 cl,"€29,99/un","€42,84/lt"
Quinta dos Carvalhais DOC Dão Vinho Tinto,Quinta dos Carvalhais,garrafa 75 cl,"€8,99/un","€11,99/lt"
Ice Tea Limão,Continente,emb. 33 cl,"€0,54/un","€1,64/lt"
Herdade dos Grous Moon Harvest Regional Alentejo Vinho Tinto,Herdade dos Grous,garrafa 75 cl,"€28,99/un","€38,65/lt"
Aneto Pinot Noir DOC Douro Vinho Tinto,Aneto,garrafa 75 cl,"€19,99/un","€26,65/lt"
EA Reserva Regional Alentejo Vinho Tinto,EA,garrafa 75 cl,"€6,99/un","€9,32/lt"
QM Homenagem Alvarinho Reserva DOC Vinho Verde Branco,QM,garrafa 75 cl,"€27,49/un","€36,65/lt"
Mumm Cordon Rouge Champanhe Branco Bruto,Mumm,garrafa 75 cl,"€48,99/un","€65,32/lt"
Refrigerante sem Gás Maçã,Trina,"emb. 1,5 lt","€1,60/un","€1,07/lt"
Alambre Moscatel Roxo de Setúbal,Alambre,garrafa 75 cl,"€10,00/un","€13,33/lt"
Lapadas Frisante Rosé,Lapadas,garrafa 75 cl,"€2,29/un","€3,05/lt"
Casa Amarela Reserva DOC Douro Vinho Branco,Casa Amarela,garrafa 75 cl,"€13,99/un","€18,65/lt"
Cachaça Sururu,Sururu,garrafa 70 cl,"€7,99/un","€11,41/lt"
Quinta de La Rosa Reserva DOC Douro Vinho Tinto,Quinta de La Rosa,garrafa 75 cl,"€34,99/un","€46,65/lt"
Herdade dos Grous Reserva Regional Alentejano Vinho Tinto,Herdade dos Grous,garrafa 75 cl,"€39,99/un","€53,32/lt"
São Domingos Classic Espumante Branco Doce,São Domingos,garrafa 75 cl,"€4,99/un","€6,65/lt"
Apelido DOC Alentejo Vinho Branco,Apelido,garrafa 75 cl,"€11,59/un","€15,45/lt"
Gin Ginraw,Ginraw,garrafa 70 cl,"€38,79/un","€55,41/lt"
Licor Beirão D'Honra,Beirão,garrafa 70 cl,"€22,49/un","€32,13/lt"
Cerveja com Álcool Trigo,Vadia,garrafa 33 cl,"€2,45/un","€7,42/lt"
Monte da Ravasqueira Reserva Regional Alentejano Vinho Tinto,Monte da Ravasqueira,garrafa 75 cl,"€9,99/un","€13,32/lt"
Aperitivo Martini Fiero,Martini,garrafa 75 cl,"€11,59/un","€15,45/lt"
Piteira Alicante Bouschet Regional Alentejano Vinho Tinto,Piteira,garrafa 75 cl,"€4,89/un","€6,52/lt"
Quinta dos Aciprestes Grande Reserva DOC Douro Vinho Tinto,Quinta dos Aciprestes,garrafa 75 cl,"€37,00/un","€49,33/lt"
Quinta do Vale da Ribeira Premium DOC Dão Vinho Branco,Quinta do Vale da Ribeira,garrafa 75 cl,"€9,99/un","€13,32/lt"
Montes Ermos DOC Douro Tinto,Montes Ermos,garrafa 75 cl,"€4,49/un","€5,99/lt"
Carm Touriga Nacional DOC Douro Vinho Tinto,Carm,garrafa 75 cl,"€35,00/un","€46,67/lt"
Alabastro Regional Alentejano Vinho Tinto,Alabastro,garrafa 75 cl,"€4,99/un","€6,65/lt"
Taylor's Vinho do Porto Late Bottled Vintage,Taylor's,garrafa 75 cl,"€14,99/un","€19,99/lt"
Whisky Jameson Caskmates Ipa,Jameson,garrafa 70 cl,"€25,99/un","€37,13/lt"
Quinta do Cerrado Reserva DOC Dão Vinho Tinto,Quinta do Cerrado,garrafa 75 cl,"€9,49/un","€12,65/lt"
Aguardente Bagaceira Continente,Continente,garrafa 70 cl,"€9,99/un","€14,27/lt"
Vodka Moskovskaya,Moskovskaya,garrafa 70 cl,"€9,99/un","€14,27/lt"
Passadouro DOC Douro Vinho Tinto,Passadouro,garrafa 75 cl,"€12,49/un","€16,65/lt"
Gran Cruz Vinho do Porto Special Reserve,Gran Cruz,garrafa 75 cl,"€10,99/un","€14,65/lt"
Quinta da Alorna Touriga Nacional e Cabernet Sauvignon Reserva DOC Tejo Vinho Tinto,Quinta da Alorna,garrafa 75 cl,"€5,59/un","€7,45/lt"
Licor Get 27,Get,garrafa 70 cl,"€15,89/un","€22,70/lt"
Cruz Vinho do Porto Lágrima Branco,Gran Cruz,garrafa 75 cl,"€9,49/un","€12,65/lt"
Herdade do Rocim Colheita Regional Alentejano Vinho Tinto,Herdade do Rocim,garrafa 75 cl,"€10,49/un","€13,99/lt"
Conventual Regional Alentejano Vinho Tinto,Conventual,garrafa 75 cl,"€3,69/un","€4,92/lt"
Dow's Trademark Vinho do Porto Reserve,Dow's,garrafa 75 cl,"€14,99/un","€19,99/lt"
Aguardente Antiqua,Antiqua,garrafa 70 cl,"€17,79/un","€25,41/lt"
Churchill's Grande Reserva DOC Douro Vinho Tinto,Churchill's,garrafa 75 cl,"€37,99/un","€50,65/lt"
Cruz Vinho do Porto Pink,Gran Cruz,garrafa 75 cl,"€7,99/un","€10,65/lt"
Aperitivo Per Se,Per Se,garrafa 70 cl,"€13,99/un","€19,99/lt"
Vermute Martini Riserva Rubino,Martini,garrafa 75 cl,"€17,09/un","€22,79/lt"
1000 Curvas Oak Chardonnay Alvarinho Vinho Branco,1000 Curvas,garrafa 75 cl,"€14,99/un","€19,99/lt"
O Tal da Lixa Vinhão DOC Vinho Verde Tinto,Tal da Lixa,garrafa 75 cl,"€2,99/un","€3,99/lt"
Contemporal Vinho do Porto 20 Anos,Contemporal,garrafa 75 cl,"€26,39/un","€35,19/lt"
Licor Beirão com Jarro e Colher para Sangria,Beirão,garrafa 70 cl,"€12,99/un","€18,56/lt"
Olho de Mocho Reserva DOC Alentejo Vinho Branco,Olho de Mocho,garrafa 75 cl,"€16,95/un","€22,60/lt"
Adega de Borba Reserva DOC Alentejo Vinho Tinto,Adega de Borba,garrafa 75 cl,"€11,99/un","€15,99/lt"
1000 Curvas Chardonnay Alvarinho Vinho Branco,1000 Curvas,garrafa 75 cl,"€11,99/un","€15,99/lt"
Whisky Single Malt Scotch Glen Moray 12 Anos,Glen Moray,garrafa 70 cl,"€28,99/un","€41,41/lt"
Herdade do Rocim Regional Alentejano Vinho Rosé,Herdade do Rocim,garrafa 75 cl,"€9,49/un","€12,65/lt"
Água Gaseificada com Álcool Manga,Phunk,lata 25 cl,"€1,89/un","€7,56/lt"
Aguardente Velhíssima Antiquíssima,Antiquissima,garrafa 70 cl,"€29,99/un","€42,84/lt"
Ceder's Crisp Destilado sem Álcool,Ceder's,garrafa 50 cl,"€26,49/un","€52,98/lt"
Herdade do Rocim Reserva Regional Alentejano Vinho Tinto,Herdade do Rocim,garrafa 75 cl,"€11,29/un","€15,05/lt"
Cossart Gordon 5 Anos Sercial Vinho da Madeira Seco,Cossart Gordon,garrafa 75 cl,"€18,89/un","€25,19/lt"
Quinta São Francisco DOC Óbidos Vinho Tinto,Quinta S. Francisco,garrafa 75 cl,"€7,99/un","€10,65/lt"
Contemporal Regional Península de Setúbal Vinho Branco,Contemporal,garrafa 75 cl,"€1,59/un","€2,12/lt"
O%riginal Vinho Sem Álcool Rosé,José Maria da Fonseca,garrafa 75 cl,"€4,99/un","€6,65/lt"
Quinta de Gomariz Loureiro DOC Vinho Verde Branco,Quinta de Gomariz,garrafa 75 cl,"€5,99/un","€7,99/lt"
Quinta da Romaneira DOC Douro Vinho Tinto,Quinta da Romaneira,garrafa 75 cl,"€21,90/un","€29,20/lt"
Vértice Cuvée Espumante DOC Douro Branco Bruto,Vértice,garrafa 75 cl,"€13,50/un","€18,00/lt"
Whisky Famous Grouse Ruby Cask,Famous Grouse,garrafa 70 cl,"€20,19/un","€28,84/lt"
Dom Rafael DOC Alentejo Vinho Tinto,Dom Rafael,garrafa 75 cl,"€7,49/un","€9,99/lt"
Mélange à Trois DOC Dão Vinho Tinto,Quinta dos Carvalhais,garrafa 75 cl,"€5,99/un","€7,99/lt"
Cerveja com Álcool,Alhambra,garrafa 70 cl,"€4,25/un","€6,07/lt"
Gin Gibson's Pink,Gibson's,garrafa 70 cl,"€13,49/un","€19,27/lt"
Grainha Reserva DOC Douro Vinho Tinto,Grainha,garrafa 75 cl,"€14,99/un","€19,99/lt"
Cockburn's Vinho do Porto Special Reserva,Cockburn's,garrafa 75 cl,"€10,99/un","€14,65/lt"
Quinta do Crasto Reserva Vinhas Velhas DOC Douro Vinho Tinto,Quinta do Crasto,garrafa 75 cl,"€31,00/un","€41,33/lt"
Licor de Ginja de Óbidos com Fruto Mariquinhas,Mariquinhas,garrafa 70 cl,"€15,49/un","€22,13/lt"
Quinta do Vallado Touriga Nacional DOC Douro Vinho Tinto,Quinta do Vallado,garrafa 75 cl,"€20,59/un","€27,45/lt"
Cistus DOC Douro Vinho Tinto,Cistus,garrafa 75 cl,"€5,59/un","€7,45/lt"
Adega Mayor Reserva Regional Alentejano Vinho Tinto,Adega Mayor,garrafa 75 cl,"€10,49/un","€13,99/lt"
Monte dos Amigos Regional Alentejo Vinho Tinto,Monte dos Amigos,"garrafa 1,5 lt","€5,99/un","€3,99/lt"
Pacheca Reserva Vinhas Velhas DOC Douro Vinho Tinto,Quinta da Pacheca,garrafa 75 cl,"€18,39/un","€24,52/lt"
Gin Black Pig Costa Alentejana,Black Pig,garrafa 50 cl,"€26,95/un","€53,90/lt"
Tequila Reposado José Cuervo,José Cuervo,garrafa 70 cl,"€19,99/un","€28,56/lt"
Bebida Energética Gaseificada,Red Bull,"lata 35,5 cl","€1,89/un","€5,32/lt"
Quinta de Cidrô Touriga Nacional DOC Douro Vinho Tinto,Quinta de Cidrô,garrafa 75 cl,"€16,99/un","€22,65/lt"
Gin Gordon's Sicilian Lemon,Gordon's,garrafa 70 cl,"€18,99/un","€27,13/lt"
Vermute Carpano Clássico,Carpano,garrafa 1 lt,"€16,89/un","€16,89/lt"
Freixenet Cordon Negro Espumante Branco Bruto,Freixenet,emb. 3 x 20 cl,"€7,99/un","€13,32/lt"
Anselmo Mendes Contacto DOC Vinho Verde Branco,Anselmo Mendes,garrafa 75 cl,"€7,99/un","€10,65/lt"
Assobio DOC Douro Vinho Tinto,Assobio,"garrafa 1,5 lt","€11,99/un","€7,99/lt"
Calém Velhotes Vinho do Porto Branco Lágrima,Cálem,garrafa 75 cl,"€7,49/un","€9,99/lt"
Rola DOC Douro Vinho Tinto,Rola,garrafa 75 cl,"€12,99/un","€17,32/lt"
Marquês de Lara Sauvignon Blanc Regional Minho Vinho Branco,Marquês de Lara,garrafa 75 cl,"€8,19/un","€10,92/lt"
Ice Tea Pêssego,Continente,emb. 33 cl,"€0,54/un","€1,64/lt"
Quinta do Vallado Vinho do Porto L.B.V.,Vallado,garrafa 75 cl,"€19,29/un","€25,72/lt"
Covela Edição Nacional Arinto DOC Vinho Verde Branco,Covela,garrafa 75 cl,"€7,99/un","€10,65/lt"
Monte da Ravasqueira Superior Regional Alentejano Vinho Tinto,Monte da Ravasqueira,garrafa 75 cl,"€9,99/un","€13,32/lt"
Quinta da Pacheca DOC Douro Vinho Tinto,Quinta da Pacheca,garrafa 75 cl,"€6,99/un","€9,32/lt"
Raposeira Espumante Super Reserva Doc Távora-Varosa Rosé Bruto,Raposeira,garrafa 75 cl,"€11,19/un","€14,92/lt"
Adega Mayor Touriga Nacional Regional Alentejano Vinho Tinto,Adega Mayor,garrafa 75 cl,"€16,69/un","€22,25/lt"
Continente Espumante Moscato Branco Doce,Continente,garrafa 75 cl,"€3,99/un","€5,32/lt"
Cortes de Cima Regional Alentejano Vinho Tinto,Cortes de Cima,garrafa 75 cl,"€16,49/un","€21,99/lt"
Quinta do Carmo Reserva Regional Alentejano Vinho Branco,Quinta do Carmo,garrafa 75 cl,"€21,50/un","€28,67/lt"
Marquês de Marialva Blanc de Blancs Espumante Regional Beira Atlântico Branco Bruto,Marquês de Marialva,garrafa 75 cl,"€6,99/un","€9,32/lt"
Néctar Manga,Santal,emb. 1 lt,"€1,76/un","€1,76/lt"
Vallegre Reserva Especial DOC Douro Vinho Tinto,Vallegre,garrafa 75 cl,"€29,90/un","€39,87/lt"
Martha's Vinho do Porto Tawny,Martha's,garrafa 50 cl,"€16,99/un","€33,98/lt"
Cocktail Aromatizado Bar Royal Mango,Bar Royal,garrafa 75 cl,"€3,29/un","€4,39/lt"
Apelido Regional Alentejo Vinho Tinto,Apelido,garrafa 75 cl,"€11,99/un","€15,99/lt"
Aneto DOC Douro Vinho Tinto,Aneto,garrafa 75 cl,"€11,99/un","€15,99/lt"
Rum Plantation Isle Of Fiji,Plantation,garrafa 70 cl,"€29,89/un","€42,70/lt"
Licor Baileys Strawberry & Cream,Baileys,garrafa 70 cl,"€24,99/un","€35,70/lt"
Beyra Riesling DOC Beira Interior Vinho Branco,Beyra,garrafa 75 cl,"€11,90/un","€15,87/lt"
Ravasqueira Vinha das Romãs Regional Alentejano Vinho Tinto,Monte da Ravasqueira,garrafa 75 cl,"€13,99/un","€18,65/lt"
Pedra Cancela Seleção do Enólogo DOC Dão Vinho Tinto,Pedra Cancela,garrafa 75 cl,"€6,99/un","€9,32/lt"
Quinta de Fafide Reserva DOC Douro Vinho Tinto,Fafide,garrafa 75 cl,"€9,49/un","€12,65/lt"
Gran Cruz Vinho do Porto 10 Anos,Gran Cruz,garrafa 75 cl,"€13,99/un","€18,65/lt"
Adega de Borba Grande Reserva Rótulo Cortiça DOC Alentejo Vinho Tinto,Adega de Borba,garrafa 75 cl,"€24,59/un","€32,79/lt"
Xico Garcia Regional Alentejano Vinho Tinto,Xico Garcia,garrafa 75 cl,"€6,99/un","€9,32/lt"
Lello DOC Douro Vinho Tinto,Lello,garrafa 75 cl,"€4,59/un","€6,12/lt"
Cockburn's Vinho do Porto Late Bottled Vintage,Cockburn's,garrafa 75 cl,"€15,99/un","€21,32/lt"
Montinho São Miguel Regional Alentejano Vinho Branco,Montinho São Miguel,garrafa 75 cl,"€3,99/un","€5,32/lt"
Quinta dos Carvalhais Reserva DOC Dão Vinho Branco,Quinta dos Carvalhais,garrafa 75 cl,"€25,00/un","€33,33/lt"
Whisky Dewars 8 Anos Caribbean Smooth,Dewars,garrafa 70 cl,"€20,09/un","€28,70/lt"
Rum Plantation Barbados Grande Reserve,Plantation,garrafa 70 cl,"€27,19/un","€38,84/lt"
Villa do Mar Low Alcohol Vinho Regional Lisboa Branco,Villa do Mar,garrafa 75 cl,"€5,99/un","€7,99/lt"
Cerveja com Álcool,Grolsch,garrafa 45 cl,"€4,09/un","€9,09/lt"
Alambre Moscatel de Setúbal 20 Anos,Alambre,garrafa 50 cl,"€27,90/un","€55,80/lt"
Gancia Espumante Bruto Branco,Gancia,garrafa 75 cl,"€8,69/un","€11,59/lt"
Guarda Rios Regional Alentejo Vinho Tinto,Guarda Rios,"garrafa 1,5 lt","€7,99/un","€5,33/lt"
Castello D'Alba Grande Reserva DOC Douro Vinho Tinto,Castello D'Alba,garrafa 75 cl,"€28,00/un","€37,33/lt"
Casal do Cerrado Regional Península de Setúbal Vinho Tinto,Casal do Cerrado,garrafa 75 cl,"€2,59/un","€3,45/lt"
Croft Vinho do Porto Reserva,Croft,garrafa 75 cl,"€10,49/un","€13,99/lt"
Montanha Reserva Blanc de Blancs Espumante Branco Bruto,Caves da Montanha,garrafa 75 cl,"€8,99/un","€11,99/lt"
Licor Sambuca Antica Classic Itália,Sambuca,garrafa 70 cl,"€13,79/un","€19,70/lt"
Licor Nacional,Nacional,garrafa 70 cl,"€6,99/un","€9,99/lt"
Beyra DOC Beira Interior Vinho Tinto,Beyra,garrafa 75 cl,"€6,49/un","€8,65/lt"
Tojeira DOC Vinho Verde Branco,Casa da Tojeira,garrafa 75 cl,"€3,99/un","€5,32/lt"
Terra D'Alter Outeiro Regional Alentejano Vinho Tinto,Terra D'Alter,garrafa 75 cl,"€25,00/un","€33,33/lt"
Quinta Terrugem Regional Alentejano Vinho Tinto,Quinta Terrugem,garrafa 75 cl,"€15,99/un","€21,32/lt"
Contemporal Regional Península de Setúbal Vinho Branco,Contemporal,Bag in Box 3 lt,"€6,49/un","€2,16/lt"
Quinta de Cidrô Cabernet Sauvignon e Touriga Nacional DOC Douro Vinho Tinto,Quinta de Cidrô,garrafa 75 cl,"€21,40/un","€28,53/lt"
D'Oliveiras Vinho da Madeira 5 Anos Doce Empalhado,D'Oliveiras,garrafa 75 cl,"€14,59/un","€19,45/lt"
Cerveja com Álcool Vila Maria,Oitava Colina,garrafa 33 cl,"€2,45/un","€7,42/lt"
Beefeater Light Bebida Espirituosa,Beefeater,garrafa 70 cl,"€17,99/un","€25,70/lt"
Herdade São Miguel Escolha Enólogos Regional Alentejano Vinho Tinto,Herdade de São Miguel,garrafa 75 cl,"€12,99/un","€17,32/lt"
Conversa Fiada Regional Alentejano Vinho Branco,Conversa Fiada,garrafa 75 cl,"€1,99/un","€2,65/lt"
Dow's Vinho do Porto Conjunto,Dow's,caixa 3 x 5 cl,"€6,99/un","€46,60/lt"
Herdade dos Grous Late Harvest Regional Alentejano Vinho Branco,Herdade dos Grous,"garrafa 37,5 cl","€22,49/un","€59,97/lt"
São Luiz Kopke Reserva DOC Douro Vinho Tinto,São Luiz Kopke,garrafa 75 cl,"€13,49/un","€17,99/lt"
São Luiz Kopke DOC Douro Vinho Tinto,São Luiz Kopke,garrafa 75 cl,"€7,49/un","€9,99/lt"
Vinha Grande DOC Douro Vinho Tinto,Vinha Grande,"garrafa 1,5 lt","€19,99/un","€13,33/lt"
Morgado Santa Catherina Reserva DOC Bucelas Vinho Branco,Morgado Santa Catherina,garrafa 75 cl,"€16,00/un","€21,33/lt"
Taylor's Vinho do Porto Select Reserve,Taylor's,garrafa 75 cl,"€9,99/un","€13,32/lt"
Porca de Murça DOC Douro Vinho Tinto,Porca de Murça,garrafa 75 cl,"€3,59/un","€4,79/lt"
Niepoort Vinho do Porto Tawny,Niepoort,garrafa 75 cl,"€8,40/un","€11,20/lt"
Vodka Skyy,Skyy,garrafa 70 cl,"€16,99/un","€24,27/lt"
Casa Amarela Selection Km 17 DOC Douro Vinho Tinto,Casa Amarela,garrafa 75 cl,"€17,25/un","€23,00/lt"
Adega Cooperativa Ponte da Barca DOC Vinho Verde Tinto,Ponte da Barca,garrafa 75 cl,"€2,99/un","€3,99/lt"
Quinta das Murças Reserva DOC Douro Vinho Tinto,Quinta das Murças,garrafa 75 cl,"€21,99/un","€29,32/lt"
Vodka Moskovskaya Pink,Moskovskaya,garrafa 70 cl,"€11,59/un","€16,56/lt"
Quinta de Cidrô Alvarinho Regional Duriense Vinho Branco,Cidrô,garrafa 75 cl,"€11,99/un","€15,99/lt"
Redondo DOC Alentejo Vinho Tinto,Redondo,garrafa 75 cl,"€3,99/un","€5,32/lt"
Albenaz Jardim Secreto Escolha DOC Vinho Verde Rosé,Albenaz,garrafa 75 cl,"€3,99/un","€5,32/lt"
Quinta do Vallado Vinho do Porto Reserva Tawny,Vallado,garrafa 75 cl,"€16,99/un","€22,65/lt"
Santa Vitória Grande Reserva Regional Alentejano Vinho Tinto,Casa Santa Vitória,garrafa 75 cl,"€16,89/un","€22,52/lt"
Rum Bacardi Oro,Bacardi,garrafa 70 cl,"€19,89/un","€28,41/lt"
Cerveja com Álcool D-Red Ale,Letra,garrafa 33 cl,"€2,69/un","€8,15/lt"
Gin Puerto de Indias Classic,Puerto de Indias,garrafa 70 cl,"€18,99/un","€27,13/lt"
Qm Alvarinho Vinhas Velhas DOC Vinho Verde Branco,Quintas de Melgaço,garrafa 75 cl,"€17,49/un","€23,32/lt"
Ramos Pinto Vinho do Porto Lágrima Branco,Ramos Pinto,garrafa 75 cl,"€10,19/un","€13,59/lt"
Whisky Scotch Cutty Sark Prohibition,Cutty Sark,garrafa 70 cl,"€19,99/un","€28,56/lt"
Refrigerante com Gás Ananás,Brisa,emb. 4 x 1 lt,"€4,90/un","€1,23/lt"
Planura Regional Alentejano Vinho Tinto,Planura,garrafa 75 cl,"€4,59/un","€6,12/lt"
Burmester Vinho do Porto Late Bottled Vintage,Burmester,garrafa 75 cl,"€15,49/un","€20,65/lt"
Graham's Vinho do Porto Late Bottled Vintage,Graham's,garrafa 75 cl,"€16,99/un","€22,65/lt"
Adega de Pegões Moscatel de Setúbal,Adega de Pegões,garrafa 75 cl,"€5,19/un","€6,92/lt"
Herdade da Pimenta Grande Escolha Regional Alentejano Vinho Tinto,Herdade da Pimenta,garrafa 75 cl,"€19,90/un","€26,53/lt"
Aliança Baga Reserva Espumante Doc Bairrada Branco Bruto,Aliança,garrafa 75 cl,"€7,99/un","€10,65/lt"
Versátil Regional Alentejano Vinho Branco,Versátil,garrafa 75 cl,"€3,69/un","€4,92/lt"
Castelo de Borba DOC Alentejo Vinho Branco,Castelo de Borba,garrafa 75 cl,"€4,99/un","€6,65/lt"
Taylor's Vinho do Porto 10 Anos,Taylor's,garrafa 75 cl,"€19,99/un","€26,65/lt"
Favaios Reserva Moscatel do Douro,Favaios,garrafa 75 cl,"€12,99/un","€17,32/lt"
Terras de Xisto Reserva Regional Alentejano Vinho Tinto,Terras de Xisto,garrafa 75 cl,"€7,99/un","€10,65/lt"
Licor Fernet Branca,Fernet,garrafa 70 cl,"€19,49/un","€27,84/lt"
Tapada do Barão Colheita Selecionada Regional Alentejano Vinho Branco,Tapada do Barão,garrafa 75 cl,"€4,99/un","€6,65/lt"
Beyra Chardonnay DOC Beira Interior Vinho Branco,Beyra,garrafa 75 cl,"€9,49/un","€12,65/lt"
Churchill's Estates Touriga Nacional DOC Douro Vinho Tinto,Churchill's,garrafa 75 cl,"€15,99/un","€21,32/lt"
Conjunto Graham's Vinho do Porto Late Bottled Vintage e Tawny 10 Anos,Graham's,caixa 2 x 5 cl,"€6,99/un","€69,90/lt"
Venâncio Costa Lima Moscatel Roxo de Setúbal,Venâncio Costa Lima,garrafa 50 cl,"€17,29/un","€34,58/lt"
Vermute Martini Riserva Ambrato,Martini,garrafa 75 cl,"€17,09/un","€22,79/lt"
DSF Syrah Tannat Regional Península de Setúbal Vinho Tinto,DSF,garrafa 75 cl,"€13,99/un","€18,65/lt"
Cerejeiras Regional Lisboa Vinho Tinto,Cerejeiras,garrafa 75 cl,"€3,49/un","€4,65/lt"
Campolargo Vinha das Corgas DOC Bairrada Vinho Tinto,Campolargo,garrafa 75 cl,"€13,99/un","€18,65/lt"
Vinhas Monsaraz DOC Alentejo Vinho Tinto,Monsaraz,"emb. 1,5 lt","€4,79/un","€3,19/lt"
Cálem Velhotes Vinho do Porto Late Bottled Vintage,Cálem,garrafa 75 cl,"€16,99/un","€22,65/lt"
Refrigerante com Gás Maçã,Brisa,emb. 4 x 1 lt,"€4,90/un","€1,23/lt"
Casal Mendes DOC Vinho Verde Branco,Casal Mendes,garrafa 75 cl,"€3,99/un","€5,32/lt"
Santa Vitória Versátil Regional Alentejano Vinho Tinto,Versátil,garrafa 75 cl,"€3,69/un","€4,92/lt"
Cerveja com Álcool Pilsen,Skol,"emb. 26,9 cl","€1,85/un","€0,69/lt"
Refrigerante sem Gás Tropical,Tropico,emb. 50 cl,"€1,00/un","€2,00/lt"
Porca de Murça Reserva DOC Douro Vinho Branco,Porca de Murça,garrafa 75 cl,"€6,29/un","€8,39/lt"
Herdade da Comporta Regional Península de Setúbal Vinho Tinto,Herdade da Comporta,garrafa 75 cl,"€8,59/un","€11,45/lt"
Cerveja com Álcool Aurea,Trindade,garrafa 33 cl,"€2,39/un","€7,24/lt"
Charles Pelletier Espumante Rosé Bruto,Charles Pelletier,garrafa 75 cl,"€7,59/un","€10,12/lt"
Licor Pimm's N.º1,Pimm's,garrafa 70 cl,"€13,59/un","€19,41/lt"
Raposeira Espumante Super Reserva Blanc de Blancs Doc Távora-Varosa Branco Bruto,Raposeira,garrafa 75 cl,"€11,19/un","€14,92/lt"
Cálem Velhotes Vinho do Porto Reserva,Cálem,garrafa 75 cl,"€9,99/un","€13,32/lt"
Duc de Paris Espumante Branco Bruto,Duc de Paris,garrafa 75 cl,"€5,99/un","€7,99/lt"
Pousio Reserva Regional Alentejano Vinho Branco,Pousio,garrafa 75 cl,"€7,99/un","€10,65/lt"
Casal Garcia Sparkling Espumante Rosé Meio Seco,Casal Garcia,garrafa 75 cl,"€6,99/un","€9,32/lt"
Tal da Lixa Espumante Extra Dry Branco Bruto,Tal da Lixa,garrafa 75 cl,"€4,99/un","€6,65/lt"
Ramos Pinto Vinho do Porto Lágrima Tinto,Ramos Pinto,garrafa 75 cl,"€10,19/un","€13,59/lt"
Quinta da Mimosa Regional Península de Setúbal Vinho Tinto,Quinta da Mimosa,garrafa 75 cl,"€9,99/un","€13,32/lt"
Cabriz Espumante DOC Dão Branco Bruto,Quinta de Cabriz,garrafa 75 cl,"€7,99/un","€10,65/lt"
Cerveja com Álcool sem Glúten Biológica,Riedenburger,garrafa 33 cl,"€2,49/un","€7,55/lt"
Pancas Regional Lisboa Vinho Tinto,Pancas,garrafa 75 cl,"€4,49/un","€5,99/lt"
Água sem Gás Garrafão,Continente,emb. 6 lt,"€0,75/un","€0,13/lt"
Água Vitaminada Funcional Laranja,Sunlover,lata 25 cl,"€0,99/un","€3,96/lt"
Quinta da Lixa Alvarinho DOC Vinho Verde Branco,Quinta da Lixa,garrafa 75 cl,"€6,59/un","€8,79/lt"
Adega do Cercal Vinho Tinto,Adega do Cercal,Bag in Box 5 lt,"€8,59/un","€1,72/lt"
Duc de Paris Espumante Doce Branco,Duc de Paris,garrafa 75 cl,"€5,99/un","€7,99/lt"
Encosta do Sobral Vinha da Serra Syrag Regional Tejo Vinho Tinto,Encosta Sobral,garrafa 75 cl,"€5,99/un","€7,99/lt"
Monte das Ânforas Regional Alentejano Vinho Tinto,Ânforas,garrafa 75 cl,"€2,65/un","€3,53/lt"
Água Vitaminada Funcional Pêssego Branco,Sunlover,emb. 50 cl (2 un),"€3,20/un","€6,40/lt"
Gin Black Pig Montado Alentejano,Black Pig,garrafa 50 cl,"€36,95/un","€73,90/lt"
Quinta Vale D. Maria Vinha do Rio DOC Douro Vinho Tinto,Vale D. Maria,garrafa 75 cl,"€145,00/un","€193,33/lt"
Gin Ceder's Wild Destilado sem Álcool,Ceder's,garrafa 50 cl,"€26,49/un","€52,98/lt"
Dona Maria Regional Alentejano Vinho Tinto,Dona Maria,garrafa 75 cl,"€9,99/un","€13,32/lt"
Comenda Grande Regional Alentejano Vinho Tinto,Comenda Grande,garrafa 75 cl,"€8,89/un","€11,85/lt"
Quinta de La Rosa DOC Douro Vinho Tinto,Quinta de La Rosa,garrafa 75 cl,"€12,99/un","€17,32/lt"
Aguardente Curvada de Velha Caixa Cartão,Curvada de Velha,garrafa 75 cl,"€28,99/un","€41,41/lt"
Whisky The Sexton,Sexton,garrafa 70 cl,"€34,99/un","€49,99/lt"
Gin Bombay Sapphire Sunset,Bombay,garrafa 70 cl,"€25,59/un","€36,56/lt"
Taylor's Vinho do Porto 20 Anos,Taylor's,garrafa 75 cl,"€43,89/un","€58,52/lt"
Whisky Nikka Super,Nikka,garrafa 70 cl,"€68,99/un","€98,56/lt"
Vale D. Maria Vinhas do Sabor DOC Douro Vinho Tinto,Vale D. Maria,garrafa 75 cl,"€17,99/un","€23,99/lt"
Whisky Chivas Regal Extra,Chivas Regal,garrafa 70 cl,"€39,59/un","€56,56/lt"
Royal Oporto Vinho do Porto 10 Anos,Real Companhia Velha,garrafa 75 cl,"€17,99/un","€23,99/lt"
Quinta do Mouro Regional Alentejano Vinho Tinto,Quinta do Mouro,garrafa 75 cl,"€33,00/un","€44,00/lt"
Aguardente Aliança Xo 40 Anos,Aliança,garrafa 50 cl,"€130,00/un","€260,00/lt"
Bacalhôa 5 Anos Moscatel Roxo de Setúbal,Bacalhôa,garrafa 75 cl,"€12,99/un","€17,32/lt"
Cruz Vinho do Porto Colheita,Gran Cruz,garrafa 75 cl,"€26,99/un","€35,99/lt"
Gran Cruz Vinho do Porto Vintage,Gran Cruz,garrafa 75 cl,"€29,99/un","€39,99/lt"
Cálem Vinho do Porto Tawny 10 Anos,Cálem,garrafa 75 cl,"€17,49/un","€23,32/lt"
Quinta do Carmo Reserva Regional Alentejano Vinho Tinto,Quinta do Carmo,garrafa 75 cl,"€37,19/un","€49,59/lt"
Casal da Coelheira Regional Tejo Vinho Tinto,Casal da Coelheira,garrafa 75 cl,"€4,79/un","€6,39/lt"
Piccini Venetian Dress Espumante Prosecco Extra Dry,Piccini,garrafa 75 cl,"€17,59/un","€23,45/lt"
Burmester Vinho do Porto Tawny 40 Anos,Burmester,garrafa 75 cl,"€99,00/un","€132,00/lt"
Whisky Glen Moray Classic,Glen Moray,garrafa 70 cl,"€19,99/un","€28,56/lt"
Tequila Casamigos Reposado,Casamigos,garrafa 70 cl,"€77,89/un","€111,27/lt"
Gin Beefeater 24,Beefeater,garrafa 70 cl,"€34,99/un","€49,99/lt"
Vodka Cîroc Mango,Cîroc,garrafa 70 cl,"€35,89/un","€51,27/lt"
Marquês de Marialva Grande Reserva DOC Bairrada Vinho Tinto,Marquês de Marialva,garrafa 75 cl,"€24,99/un","€33,32/lt"
Cabeça de Toiro Regional Tejo Vinho Tinto,Cabeça de Toiro,"garrafa 1,5 lt","€10,99/un","€7,33/lt"
Carm Grande Reserva DOC Douro Vinho Tinto,Carm,garrafa 75 cl,"€35,99/un","€47,99/lt"
Licor De Vodka Beremot Spicy,Beremot,garrafa 70 cl,"€15,99/un","€22,84/lt"
Monte Velho Regional Alentejano Vinho Tinto,Monte Velho,"garrafa 1,5 lt","€8,95/un","€5,97/lt"
Redoma DOC Douro Vinho Tinto,Niepoort,garrafa 75 cl,"€28,50/un","€38,00/lt"
Murganheira Czar Espumante DOC Távora-Varosa Rosé Bruto,Murganheira,garrafa 75 cl,"€39,99/un","€53,32/lt"
Ferreira Dona Antónia Vinho do Porto Reserva Branco,Ferreira,garrafa 75 cl,"€11,99/un","€15,99/lt"
Bastardinho de Azeitão Vinho Licoroso 40 Anos,José Maria da Fonseca,garrafa 50 cl,"€300,00/un","€600,00/lt"
Contemporal Alvarinho DOC Vinho Verde Branco,Contemporal,garrafa 75 cl,"€3,79/un","€5,05/lt"
MOB DOC Dão Vinho Tinto,MOB,garrafa 75 cl,"€24,00/un","€32,00/lt"
Niepoort Vinho do Porto Late Bottled Vintage,Niepoort,garrafa 75 cl,"€14,30/un","€19,07/lt"
Vodka Nikka Coffey,Nikka,garrafa 70 cl,"€49,59/un","€70,84/lt"
Whisky The Glendronach 12 Anos,Glendronach,garrafa 70 cl,"€49,99/un","€71,41/lt"
Quinta Vale da Pedra Reserva DOC Douro Tinto,Quinta Vale da Pedra,garrafa 75 cl,"€7,99/un","€10,65/lt"
Herdade São Miguel Private Collection Regional Alentejo Vinho Tinto,Herdade de São Miguel,garrafa 75 cl,"€39,90/un","€53,20/lt"
Murganheira Grande Reserva Espumante DOC Távora-Varosa Branco Bruto,Murganheira,garrafa 75 cl,"€30,59/un","€40,79/lt"
Taboadella Reserva Alfrocheiro DOC Dão Vinho Tinto,Taboadella,garrafa 75 cl,"€16,99/un","€22,65/lt"
Antónia Adelaide Ferreira DOC Douro Vinho Tinto,Antónia Adelaide Ferreira,garrafa 75 cl,"€78,00/un","€104,00/lt"
Flor das Tecedeiras DOC Douro Vinho Tinto,Flor das Tecedeiras,garrafa 75 cl,"€9,99/un","€13,32/lt"
Vodka Beremot,Beremot,garrafa 70 cl,"€22,99/un","€32,84/lt"
Adega Mayor Reserva do Comendador Regional Alentejano Vinho Branco,Adega Mayor,garrafa 75 cl,"€17,49/un","€23,32/lt"
Quinta da Romaneira Reserva DOC Douro Vinho Tinto,Quinta da Romaneira,garrafa 75 cl,"€45,00/un","€60,00/lt"
Whisky Glenrothes 25 Anos,Glenrothes,garrafa 70 cl,"€549,00/un","€784,29/lt"
Vale da Mata Reserva Regional Lisboa Vinho Tinto,Herdade do Rocim,garrafa 75 cl,"€24,99/un","€33,32/lt"
Laurent Perrier Cuveé Champanhe Bruto Branco,Laurent Perrier,garrafa 75 cl,"€46,99/un","€62,65/lt"
Encostas do Trogão DOC Trás-Os-Montes Vinho Tinto,Encostas do Trogão,garrafa 75 cl,"€9,99/un","€13,32/lt"
Graham's Vinho do Porto 40 Anos,Graham's,garrafa 75 cl,"€165,00/un","€220,00/lt"
Cachaça Capucana,Capucana,garrafa 70 cl,"€39,89/un","€56,99/lt"
Gin Larios Rose,Larios,garrafa 70 cl,"€17,49/un","€24,99/lt"
Gloria Reynolds Regional Alentejano Vinho Tinto,Reynolds,garrafa 75 cl,"€49,89/un","€66,52/lt"
Aneto Grande Reserva DOC Douro Vinho Tinto,Aneto,garrafa 75 cl,"€30,00/un","€40,00/lt"
Whisky Nikka Yoichi Single Malt,Nikka,garrafa 70 cl,"€105,00/un","€150,00/lt"
Cerveja com Álcool Brahma Chopp,Brahma,"emb. 2,69 cl","€1,85/un","€0,69/lt"
Quinta das Marias Touriga Nacional DOC Dão Vinho Tinto,Quinta das Marias,garrafa 75 cl,"€25,00/un","€33,33/lt"
Aneto Reserva DOC Douro Vinho Tinto,Aneto,garrafa 75 cl,"€18,99/un","€25,32/lt"
Dow's Vinho do Porto 10 Anos,Dow's,garrafa 75 cl,"€15,99/un","€21,32/lt"
Morgado de Silgueiros Reserva DOC Dão Vinho Tinto,Morgado de Silgueiros,garrafa 75 cl,"€4,99/un","€6,65/lt"
S de Soberanas Regional Península de Setúbal Vinho Tinto,Soberanas,garrafa 75 cl,"€31,50/un","€42,00/lt"
Cockburn's Vinho do Porto 10 Anos,Cockburn's,garrafa 75 cl,"€16,99/un","€22,65/lt"
Herdade Grande Regional Alentejano Vinho Tinto,Herdade Grande,garrafa 75 cl,"€9,49/un","€12,65/lt"
Tequila Corralejo Blanco,Corralejo,garrafa 70 cl,"€31,89/un","€45,56/lt"
Gin Nikka Coffey,Nikka,garrafa 70 cl,"€47,49/un","€67,84/lt"
Poliphonia Signature Regional Alentejano Vinho Tinto,Poliphonia,garrafa 75 cl,"€32,50/un","€43,33/lt"
Terra Grande Reserva Regional Alentejano Vinho Tinto,Terra Grande,garrafa 75 cl,"€3,99/un","€5,32/lt"
Altas Quintas Obsessão Regional Alentejano Vinho Tinto,Altas Quintas,garrafa 75 cl,"€76,00/un","€101,33/lt"
Colheita Tardia Casa Ermelinda Freitas Península de Setúbal Vinho Branco,Ermelinda Freitas,garrafa 50 cl,"€14,99/un","€29,98/lt"
São Domingos Reserva Espumante Branco Meio Seco,São Domingos,garrafa 75 cl,"€5,99/un","€7,99/lt"
Rum Havana Club Professional Edition A,Havana Club,garrafa 70 cl,"€39,89/un","€56,99/lt"
Foral de Barcelos Loureiro Reserva Vinho Branco,Foral de Barcelos,garrafa 75 cl,"€3,69/un","€4,92/lt"
Terrenus Reserva Regional Alentejano Vinho Tinto,Terrenus,garrafa 75 cl,"€39,50/un","€52,67/lt"
Herdade Grande Reserva Regional Alentejano Vinho Tinto,Herdade Grande,garrafa 75 cl,"€34,99/un","€46,65/lt"
Raríssimo Clarete Vinho Dão,Raríssimo,garrafa 75 cl,"€25,00/un","€33,33/lt"
Graham's Vinho do Porto 30 Anos,Graham's,garrafa 75 cl,"€115,00/un","€153,33/lt"
Quinta de São Francisco Colheita Tardia Regional Lisboa Vinho Branco,Quinta de São Francisco,garrafa 50 cl,"€18,00/un","€36,00/lt"
Villa Oliveira Encruzado DOC Dão Vinho Branco,Villa Oliveira,garrafa 75 cl,"€42,00/un",
Vodka Beremot Lima,Beremot,garrafa 70 cl,"€24,69/un","€35,27/lt"
Lopo de Freitas Espumante DOC Bairrada Branco Bruto,São Domingos,garrafa 75 cl,"€21,99/un","€29,32/lt"
Quinta de Valbom DOC Douro Vinho Tinto,Quinta de Valbom,garrafa 75 cl,"€16,99/un","€22,65/lt"
Ponte de Lima Loureiro Colheita Seleccionada DOC Vinho Verde Branco,Adega Ponte de Lima,garrafa 75 cl,"€3,89/un","€5,19/lt"
Cavalo Maluco Regional Península de Setúbal Vinho Tinto,Cavalo Maluco,garrafa 75 cl,"€27,99/un","€37,32/lt"
Vermute Carpano Antica Formula,Carpano,garrafa 1 lt,"€32,99/un","€32,99/lt"
Charme DOC Douro Vinho Tinto,Niepoort,garrafa 75 cl,"€61,50/un","€82,00/lt"
Quinta das Cerejeiras Grande Reserva DOC Lisboa Vinho Tinto,Cerejeiras,garrafa 75 cl,"€22,99/un","€30,65/lt"
Covela Avesso DOC Vinho Verde Branco,Covela,garrafa 75 cl,"€8,99/un","€11,99/lt"
Real Companhia Velha Espumante Branco Bruto,Real Companhia Velha,garrafa 75 cl,"€25,50/un","€34,00/lt"
Marquesa de Alorna Grande Reserva DOC Tejo Vinho Tinto,Marquesa de Alorna,garrafa 75 cl,"€29,99/un","€39,99/lt"
Coutada Velha Tonel Nº2 Regional Alentejano Vinho Tinto,Coutadas Velhas,garrafa 75 cl,"€22,99/un","€30,65/lt"
Vodka Beremot Café,Beremot,garrafa 70 cl,"€24,69/un","€35,27/lt"
Quinta dos Aciprestes Grande Reserva Sousão DOC Douro Vinho Tinto,Quinta dos Aciprestes,garrafa 75 cl,"€38,49/un","€51,32/lt"
Tequila Corralejo Reposado,Corralejo,garrafa 70 cl,"€39,49/un","€56,41/lt"
Gin Oxley,Oxley,garrafa 70 cl,"€54,99/un","€78,56/lt"
Elpídio São Domingos Cuvée Espumante Doc Bairrada Branco Bruto,São Domingos,garrafa 75 cl,"€17,99/un","€23,99/lt"
Quinta Fonte do Ouro Touriga Nacional Vinho Tinto,Quinta Fonte do Ouro,garrafa 75 cl,"€19,50/un","€26,00/lt"
Whisky Flaming Pig Black Cask,Flaming Pig,garrafa 70 cl,"€39,99/un","€57,13/lt"
Real Companhia Velha Vinho do Porto Vintage 2017,Real Companhia Velha,garrafa 75 cl,"€64,99/un","€86,65/lt"
Taylor's Vinho do Porto 40 Anos,Taylor's,garrafa 75 cl,"€187,00/un","€249,33/lt"
Martha's Black Label Vinho do Porto Vintage,Martha's,garrafa 75 cl,"€49,99/un","€66,65/lt"
Quinta Nova de Nossa Senhora do Carmo Vinho do Porto L.B.V.,Quinta Nova,garrafa 75 cl,"€16,99/un","€22,65/lt"
Passa Pequena DOC Douro Vinho Tinto,Quinta do Passadouro,garrafa 75 cl,"€8,29/un","€11,05/lt"
Explicit DOC Alentejo Vinho Tinto,Explicit,garrafa 75 cl,"€18,90/un","€25,20/lt"
"Casa do Valle Homenagem ""Old Vines"" Reserva Regional Minho Vinho Tinto",Casa do Valle,garrafa 75 cl,"€8,99/un","€11,99/lt"
Raposeira Espumante Super Reserva DOC Távora-Varosa Tinto Bruto,Raposeira,garrafa 75 cl,"€11,19/un","€14,92/lt"
Martha's Vinho do Porto 10 Anos,Martha's,garrafa 50 cl,"€21,99/un","€43,98/lt"
Fronteira Colheita DOC Douro Vinho Tinto,Fronteira,garrafa 75 cl,"€4,99/un","€6,65/lt"
Raposeira Espumante Velha Reserva DOC Távora-Varosa Branco Bruto,Raposeira,garrafa 75 cl,"€14,49/un","€19,32/lt"
Whisky Ardbeg Corryvreckan Single Malt,Ardbeg,garrafa 70 cl,"€129,00/un","€184,29/lt"
Vallegre Premium DOC Douro Vinho Tinto,Vallegre,garrafa 75 cl,"€4,99/un","€6,65/lt"
Tequila Ocho Reposado,Ocho,garrafa 50 cl,"€58,30/un","€116,60/lt"
Quinta da Casa Amarela Reserva DOC Douro Vinho Tinto,Quinta da Casa Amarela,garrafa 75 cl,"€33,69/un","€44,92/lt"
Aliança Reserva DOC Bairrada Vinho Tinto,Aliança,garrafa 75 cl,"€7,49/un","€9,99/lt"
Anselmo Mendes Curtimenta DOC Vinho Verde Branco,Anselmo Mendes,garrafa 75 cl,"€25,80/un","€34,40/lt"
Boa-Vista Reserva DOC Douro Vinho Tinto,Boa-Vista,garrafa 75 cl,"€45,00/un","€60,00/lt"
Graham's Vinho do Porto Vintage 2011,Graham's,garrafa 75 cl,"€99,00/un","€132,00/lt"
Altas Quintas Mensagem Syrah Regional Alentejano Vinho Tinto,Altas Quintas,garrafa 75 cl,"€29,49/un","€39,32/lt"
Cerveja com Álcool Subzero,Antarctica,"emb. 2,69 cl","€1,85/un","€0,69/lt"
Dalva Vinho do Porto Dry White 40 Anos,Dalva,garrafa 75 cl,"€160,00/un","€213,33/lt"
Quinta das Murças Margem DOC Douro Vinho Tinto,Quinta das Murças,garrafa 75 cl,"€30,00/un","€40,00/lt"
Periquita Superyor Regional Península de Setúbal Vinho Tinto,Periquita,garrafa 75 cl,"€38,90/un","€51,87/lt"
Espírito Santo Reserva Regional Lisboa Vinho Tinto,Espírito Santo,garrafa 75 cl,"€7,39/un","€9,85/lt"
Taylor's Vinho do Porto Tawny 30 Anos,Taylor's,garrafa 75 cl,"€137,00/un","€182,67/lt"
Conventual Reserva Regional Alentejano Vinho Tinto,Conventual,garrafa 75 cl,"€11,99/un","€15,99/lt"
Robustus DOC Douro Vinho Tinto,Niepoort,garrafa 75 cl,"€72,00/un","€96,00/lt"
Vale dos Ares Alvarinho Vinho Verde Branco,Vale dos Ares,garrafa 75 cl,"€9,99/un","€13,32/lt"
António Saramago Regional Península de Setúbal Vinho Tinto,António Saramago,garrafa 75 cl,"€8,99/un","€11,99/lt"
Morde Regional Alentejano Vinho Tinto,Terra D'Alter,garrafa 75 cl,"€29,90/un","€39,87/lt"
Mamoré de Borba Reserva DOC Alentejo Vinho Tinto,Mamoré de Borba,garrafa 75 cl,"€22,50/un","€30,00/lt"
Tequila Curado Espadin,Curado,garrafa 70 cl,"€46,89/un","€66,99/lt"
Santa Vitória Seleção Regional Alentejo Vinho Tinto,Santa Vitória,garrafa 75 cl,"€6,49/un","€8,65/lt"
Cruz Vinho do Porto 40 Anos,Gran Cruz,garrafa 75 cl,"€105,00/un","€140,00/lt"
Casal Garcia Sparkling Espumante Branco Meio Seco,Casal Garcia,garrafa 75 cl,"€6,99/un","€9,32/lt"
Aneto Grande Reserva DOC Douro Vinho Branco,Aneto,garrafa 75 cl,"€20,00/un","€26,67/lt"
Cerejeiras Colheita Selecionada Regional Lisboa Vinho Tinto,Cerejeiras,garrafa 75 cl,"€4,49/un","€5,99/lt"
Mãos DOC Douro Vinho Tinto,Mãos,garrafa 75 cl,"€11,89/un","€15,85/lt"
Vodka Grey Goose Le Citron,Grey Goose,garrafa 70 cl,"€48,99/un","€69,99/lt"
Vallegre DOC Douro Vinho Tinto,Vallegre,garrafa 75 cl,"€5,99/un","€7,99/lt"
Passadouro Touriga Nacional DOC Douro Vinho Tinto,Passadouro,garrafa 75 cl,"€25,00/un","€33,33/lt"
Barbeito Vinho da Madeira 5 Anos Reserva,Barbeito,garrafa 75 cl,"€12,99/un","€17,32/lt"
Kopke Vinho do Porto 40 Anos,Kopke,garrafa 75 cl,"€149,00/un","€198,67/lt"
Mr Premium Regional Alentejano Vinho Branco,Monte da Ravasqueira,garrafa 75 cl,"€29,00/un","€38,67/lt"
Taylor's Vinho do Porto Vintage 2009,Taylor's,garrafa 75 cl,"€103,00/un","€137,33/lt"
Kopke Vinhas Velhas DOC Douro Vinho Tinto,Kopke,garrafa 75 cl,"€48,00/un","€64,00/lt"
Morgado do Quintão Vinhas Velhas Regional Algarve Vinho Branco,Morgado do Quintão,garrafa 75 cl,"€28,00/un","€37,33/lt"
Whisky Craigellachie 13 Anos,Craigellachie,garrafa 70 cl,"€64,99/un","€92,84/lt"
Cachaça Leblon,Leblon,garrafa 70 cl,"€32,49/un","€46,41/lt"
Quinta do Gradil Alvarinho Regional Lisboa Vinho Branco,Gradil,garrafa 75 cl,"€10,49/un","€13,99/lt"
Bioma DOC Douro Vinho Tinto,Niepoort,garrafa 75 cl,"€17,40/un","€23,20/lt"
Ramos Pinto Vinho do Porto 30 Anos,Ramos Pinto,garrafa 75 cl,"€106,00/un","€141,33/lt"
Cruz Vinho do Porto 30 Anos,Gran Cruz,garrafa 75 cl,"€75,00/un","€100,00/lt"
Carpano Botanic Bitter,Carpano,garrafa 1 lt,"€33,39/un","€33,39/lt"
Aperitivo Lillet Blanc,Lillet,garrafa 75 cl,"€18,79/un","€25,05/lt"
Casa de Santar Vinha dos Amores Blanc de Noirs Espumante Bruto Branco,Casa de Santar,garrafa 75 cl,"€24,99/un","€33,32/lt"
Gazela Vinho Branco,Gazela,emb. 4 x 25 cl,"€6,48/un","€6,48/lt"
Convento do Paraíso Sousão Regional Algarve Vinho Tinto,Convento do Paraíso,garrafa 75 cl,"€19,59/un","€26,12/lt"
Whisky Blended Scotch Richardson 12 Anos,Richardson,garrafa 70 cl,"€20,29/un","€28,99/lt"
Frei João DOC Bairrada Vinho Branco,Frei João,garrafa 75 cl,"€4,49/un","€5,99/lt"
Fonseca Vinho do Porto Vintage 2003,Fonseca,garrafa 75 cl,"€149,00/un","€198,67/lt"
Quinta do Noval Vinho do Porto Vintage 2008,Quinta do Noval,garrafa 75 cl,"€138,00/un","€184,00/lt"
Quinta Nova de Nossa Senhora do Carmo Vinho do Porto Vintage 2017,Quinta Nova,garrafa 75 cl,"€74,99/un","€99,99/lt"
Beyra Tinta Roriz DOC Beira Interior Vinho Tinto,Beyra,garrafa 75 cl,"€29,99/un","€39,99/lt"
Blacket Vinho do Porto 10 Anos,Blackett,garrafa 75 cl,"€25,99/un","€34,65/lt"
Martha's Vinho do Porto Vintage 2017,Martha's,garrafa 75 cl,"€44,99/un","€59,99/lt"
Adega Palmela Vinho Moscatel de Setúbal 10 Anos,Adega Palmela,garrafa 75 cl,"€19,99/un","€26,65/lt"
Noval Vinho do Porto Tawny,Quinta do Noval,"garrafa 37,5 cl","€6,96/un","€18,56/lt"
Alyantiju Regional Alentejano Vinho Tinto,Alyantiju,garrafa 75 cl,"€59,00/un","€78,67/lt"
Crasto DOC Douro Vinho Rosé,Quinta do Crasto,garrafa 75 cl,"€9,49/un","€12,65/lt"
Quinta das Cerejeiras Grande Reserva DOC Lisboa Branco,Cerejeiras,garrafa 75 cl,"€22,99/un","€30,65/lt"
Quinta de Pancas Grande Reserva Regional Lisboa Vinho Tinto,Quinta de Pancas,garrafa 75 cl,"€29,90/un","€39,87/lt"
Anselmo Mendes Parcela Única DOC Vinho Verde Branco,Anselmo Mendes,garrafa 75 cl,"€35,90/un","€47,87/lt"
Monte da Ravasqueira Premium Regional Alentejano Vinho Rosé,Monte da Ravasqueira,garrafa 75 cl,"€24,00/un","€32,00/lt"
Quinta do Noval Vinho do Porto Tawny 20 Anos,Quinta do Noval,garrafa 75 cl,"€103,90/un","€138,53/lt"
Tequila Curado Cupreata,Curado,garrafa 70 cl,"€46,89/un","€66,99/lt"
DSF Grand Noir Regional Alentejano Vinho Tinto,DSF,garrafa 75 cl,"€13,99/un","€18,65/lt"
Primeiro Nome Regional Alentejo Vinho Tinto,Primeiro Nome,garrafa 75 cl,"€28,49/un","€37,99/lt"
São Domingos Blanc de Blancs Espumante Doc Bairrada Branco Bruto,São Domingos,garrafa 75 cl,"€8,99/un","€11,99/lt"
Comenda Grande Regional Alentejano Vinho Branco,Comenda Grande,garrafa 75 cl,"€6,79/un","€9,05/lt"
Quinta do Noval Petit Verdot Regional Duriense Vinho Tinto,Quinta do Noval,garrafa 75 cl,"€32,99/un","€43,99/lt"
Meandro Vinho do Porto Ruby Finest Reserve,Meandro,garrafa 75 cl,"€11,99/un","€15,99/lt"
Quinta Nova de Nossa Senhora do Carmo Vinho do Porto Vintage 2015,Quinta Nova,garrafa 75 cl,"€62,79/un","€83,72/lt"
Singellus Private Alvarinho DOC Vinho Verde Branco,Singellus,garrafa 75 cl,"€22,49/un","€29,99/lt"
Duas Quintas DOC Douro Tinto,Duas Quintas,"garrafa 1,5 lt","€37,48/un","€24,99/lt"
Quinta do Encontro 1 DOC Bairrada Vinho Branco,Quinta do Encontro,garrafa 75 cl,"€36,99/un","€49,32/lt"
Covela Reserva Regional Minho Vinho Tinto,Covela,garrafa 75 cl,"€24,99/un","€33,32/lt"
Altas Quintas Mensagem Alfrocheiro Regional Alentejano Vinho Tinto,Altas Quintas,garrafa 75 cl,"€29,49/un","€39,32/lt"
Chocapalha Vinha Mãe Regional Lisboa Vinho Tinto,Chocapalha,garrafa 75 cl,"€28,99/un","€38,65/lt"
Barros Vinho do Porto Late Bottled Vintage,Barros,garrafa 75 cl,"€15,49/un","€20,65/lt"
Altas Quintas Crescendo Regional Alentejano Vinho Tinto,Altas Quintas,garrafa 75 cl,"€9,90/un","€13,20/lt"
Niepoort Vinho do Porto 20 Anos,Niepoort,garrafa 75 cl,"€54,00/un","€72,00/lt"
Noval Vinho do Porto Fine Ruby,Quinta do Noval,garrafa 75 cl,"€11,90/un","€15,87/lt"
Serras Azeitão Regional Península de Setúbal Vinho Rosé,Serras Azeitão,garrafa 75 cl,"€3,99/un","€5,32/lt"
António Saramago Superior Regional Península de Setúbal Vinho Tinto,António Saramago,garrafa 75 cl,"€34,99/un","€46,65/lt"
Quinta da Leda DOC Douro Vinho Tinto,Quinta da Leda,"garrafa 1,5 lt","€107,00/un","€71,33/lt"
Beyra Jaen DOC Beira Interior Vinho Tinto,Beyra,garrafa 75 cl,"€23,99/un","€31,99/lt"
Convento do Paraíso Touriga Nacional Cabernet Sauvignon Sousão Regional Algarve Vinho Tinto,Convento do Paraíso,garrafa 75 cl,"€19,59/un","€26,12/lt"
Marquês de Lara Alvarinho Regional Minho Vinho Branco,Marquês de Lara,garrafa 75 cl,"€8,59/un","€11,45/lt"
Churchill's Vinho do Porto Reserve,Churchill's,garrafa 75 cl,"€15,59/un","€20,79/lt"
Maritávora Grande Reserva DOC Douro Vinho Branco,Maritávora,garrafa 75 cl,"€33,50/un","€44,67/lt"
Quinta da Biaia Chardonnay Beira Interior Vinho Branco,Biaia,garrafa 75 cl,"€9,49/un","€12,65/lt"
Croft Vinho do Porto Late Bottled Vintage,Croft,garrafa 75 cl,"€16,49/un","€21,99/lt"
Barbeito Vinho da Madeira Doce,Barbeito,garrafa 75 cl,"€9,89/un","€13,19/lt"
Whisky Irish O'Brian,O'Brian,garrafa 70 cl,"€17,29/un","€24,70/lt"
Altas Quintas Colheita Regional Alentejano Vinho Branco,Altas Quintas,garrafa 75 cl,"€17,99/un","€23,99/lt"
António Saramago Moscatel de Setúbal 10 Anos Reserva,António Saramago,garrafa 50 cl,"€24,99/un","€49,98/lt"
Flor das Tecedeiras DOC Douro Vinho Rosé,Flor das Tecedeiras,garrafa 75 cl,"€9,99/un","€13,32/lt"
Cockburn's Vinho do Porto Fine Ruby,Cockburn's,garrafa 75 cl,"€6,49/un","€8,65/lt"
QM Nature Alvarinho DOC Vinho Verde Branco,QM,garrafa 75 cl,"€17,50/un","€23,33/lt"
Solar dos Lobos Grande Escolha Regional Alentejano Vinho Tinto,Solar dos Lobos,garrafa 75 cl,"€29,90/un","€39,87/lt"
Martha's Vinho do Porto 20 Anos,Martha's,garrafa 75 cl,"€59,99/un","€79,99/lt"
Beyra Fonte Cal Superior DOC Beira Interior Vinho Branco,Beyra,garrafa 75 cl,"€11,90/un","€15,87/lt"
Adega de Palmela Premium Reserva DOC Palmela Vinho Tinto,Adega de Palmela,garrafa 75 cl,"€6,99/un","€9,32/lt"
Tequila Curado Blue Agave,Curado,garrafa 70 cl,"€46,89/un","€66,99/lt"
Pancas Regional Lisboa Vinho Branco,Pancas,garrafa 75 cl,"€4,49/un","€5,99/lt"
Vermute Carpano Bianco,Carpano,garrafa 1 lt,"€16,89/un","€16,89/lt"
Rubrica Tinto Regional Alentejano Vinho Tinto,Rubrica,garrafa 75 cl,"€15,29/un","€20,39/lt"
Quinta da Biaia Arinto Beira Interior Vinho Branco,Biaia,garrafa 75 cl,"€9,49/un","€12,65/lt"
Vermute Noilly Prat Dry,Noilly,garrafa 1 lt,"€21,99/un","€21,99/lt"
Tequila Casamigos Blanco,Casamigos,garrafa 70 cl,"€63,79/un","€91,13/lt"
Sobro DOC Alentejo Vinho Tinto,Sobro,garrafa 75 cl,"€8,99/un","€11,99/lt"
Aperitivo Lillet Rosé,Lillet,garrafa 75 cl,"€16,89/un","€22,52/lt"
Monte da Ravasqueira Touriga Franca Regional Alentejano Vinho Tinto,Monte da Ravasqueira,garrafa 75 cl,"€14,99/un","€19,99/lt"
Cossart Gordon 10 Anos Bual Vinho da Madeira Meio Doce,Cossart Gordon,garrafa 75 cl,"€36,09/un","€48,12/lt"
Singellus Private Avesso DOC Vinho Verde Branco,Singellus,garrafa 75 cl,"€22,49/un","€29,99/lt"
Quinta Vale D.Maria Vinho do Porto Reserva,Vale D. Maria,garrafa 75 cl,"€22,59/un","€30,12/lt"
Casa do Valle Grande Escolha DOC Vinho Verde Branco,Casa do Valle,garrafa 75 cl,"€9,59/un","€12,79/lt"
Duorum Vinho do Porto Vintage 2007,Duorum,garrafa 75 cl,"€135,00/un","€180,00/lt"
Golpe DOC Douro Vinho Tinto,Golpe,garrafa 75 cl,"€9,99/un","€13,32/lt"
Marquesa de Alorna Grande Reserva DOC Tejo Vinho Branco,Marquesa de Alorna,garrafa 75 cl,"€29,99/un","€39,99/lt"
Quinta dos Aciprestes DOC Douro Vinho Branco,Quinta dos Aciprestes,garrafa 75 cl,"€9,99/un","€13,32/lt"
D'Oliveiras Vinho da Madeira 5 Anos Meio Seco Empalhado,D'Oliveiras,garrafa 75 cl,"€14,59/un","€19,45/lt"
Cossart Gordon 15 Anos Bual Vinho da Madeira Meio Doce,Cossart Gordon,garrafa 75 cl,"€73,79/un","€98,39/lt"
Quinta do Regueiro Primitivo DOC Vinho Verde Branco,Quinta do Regueiro,garrafa 75 cl,"€17,49/un","€23,32/lt"
Rubrica Regional Alentejano Vinho Branco,Rubrica,garrafa 75 cl,"€9,99/un","€13,32/lt"
Monsaraz DOC Alentejo Vinho Rosé,Monsaraz,garrafa 75 cl,"€3,99/un","€5,32/lt"
La Quintinye Vermute Rouge,La Quintinye,garrafa 75 cl,"€24,89/un","€33,19/lt"
La Quintinye Vermute Blanc,La Quintinye,garrafa 75 cl,"€24,89/un","€33,19/lt"
La Quintinye Vermute Extra Dry,La Quintinye,garrafa 75 cl,"€24,89/un","€33,19/lt"
Quinta das Tecedeiras Vinho do Porto Vintage 2017,Quinta das Tecedeiras,garrafa 75 cl,"€85,29/un","€113,72/lt"
Ice Tea Chá Verde e Gengibre Immunity,Continente,emb. 1 lt,"€0,99/un","€0,99/lt"
Risco Regional Península de Setúbal Vinho Branco,Risco,garrafa 75 cl,"€5,49/un","€7,32/lt"
Vinha do Lourenço DOC Dão Branco,Vinha do Lourenço,garrafa 75 cl,"€2,99/un","€3,99/lt"
Cossart Gordon 10 Anos Malvasia Vinho da Madeira Doce,Cossart Gordon,garrafa 75 cl,"€36,09/un","€48,12/lt"
Aneto DOC Douro Vinho Rosé,Aneto,garrafa 75 cl,"€9,99/un","€13,32/lt"
Altas Quintas Reserva Regional Alentejano Vinho Branco,Altas Quintas,garrafa 75 cl,"€32,00/un","€42,67/lt"
Herdade Aldeia de Cima Reserva Regional Alentejano Vinho Tinto,Vale D'Aldeia,garrafa 75 cl,"€15,85/un","€21,13/lt"
Dom Rafael DOC Alentejo Vinho Branco,Dom Rafael,garrafa 75 cl,"€7,49/un","€9,99/lt"
Croft Vinho do Porto Branco,Croft,garrafa 75 cl,"€18,49/un","€24,65/lt"
Casa Burmester Touriga Nacional DOC Douro Vinho Tinto,Casa Burmester,garrafa 75 cl,"€21,90/un","€29,20/lt"
Whisky Ardbeg Uigeadail Single Malt,Ardbeg,garrafa 70 cl,"€120,00/un","€171,43/lt"
Hexagon Regional Península de Setúbal Vinho Tinto,Hexagon,garrafa 75 cl,"€59,00/un","€78,67/lt"
Alcunha DOC Alentejo Vinho Branco,Alcunha,garrafa 75 cl,"€37,00/un","€49,33/lt"
Cossart Gordon 10 Anos Verdelho Vinho da Madeira Meio Seco,Cossart Gordon,garrafa 75 cl,"€36,09/un","€48,12/lt"
XXVI Talhas Mestre Daniel Alentejano Vinho Branco,Mestre Daniel,garrafa 75 cl,"€19,99/un","€26,65/lt"
Terras de Pias Reserva Regional Alentejano Vinho Tinto,Terras de Pias,garrafa 75 cl,"€4,99/un","€6,65/lt"
Dom Ponciano Alvarinho Vinho Verde Branco,Dom Ponciano,garrafa 75 cl,"€9,99/un","€13,32/lt"
Quinta da Romaneira Vinho do Porto Vintage 2017,Quinta da Romaneira,garrafa 75 cl,"€67,00/un","€89,33/lt"
Mãos DOC Douro Vinho Branco,Mãos,garrafa 75 cl,"€9,79/un","€13,05/lt"
Churchill's Gricha DOC Douro Vinho Tinto,Churchill's,garrafa 75 cl,"€34,99/un","€46,65/lt"
Herdade Aldeia de Cima Reserva Regional Alentejano Vinho Branco,Aldeia de Cima,garrafa 75 cl,"€15,85/un","€21,13/lt"
António Saramago Superior Regional Península de Setúbal Vinho Branco,António Saramago,garrafa 75 cl,"€34,99/un","€46,65/lt"
Covela Avesso Reserva DOC Vinho Verde Branco,Covela,garrafa 75 cl,"€14,99/un","€19,99/lt"
Vinha do Bispado DOC Douro Vinho Branco,Vinha do Bispado,garrafa 75 cl,"€6,59/un","€8,79/lt"
Cunha Martins DOC Dão Vinho Branco,Cunha Martins,garrafa 75 cl,"€5,29/un","€7,05/lt"
Mãos Signature Rudolfo Miranda DOC Douro Vinho Branco,Mãos,garrafa 75 cl,"€21,49/un","€28,65/lt"
Quinta da Romaneira Vinho do Porto Vintage 2016,Quinta da Romaneira,garrafa 75 cl,"€67,00/un","€89,33/lt"
Barbeito Vinho da Madeira Seco,Barbeito,garrafa 75 cl,"€9,89/un","€13,19/lt"
Cortes de Cima Trincadeira Regional Alentejano Vinho Tinto,Cortes de Cima,garrafa 75 cl,"€21,99/un","€29,32/lt"
Tequila Ocho Blanco,Ocho,garrafa 50 cl,"€54,90/un","€109,80/lt"
Cabriz Sauvignon Blanc Dão Vinho Branco,Cabriz,garrafa 75 cl,"€8,89/un","€11,85/lt"
Blacket Vinho do Porto White 10 Anos,Blackett,garrafa 75 cl,"€26,99/un","€35,99/lt"
Blacket Vinho do Porto Extra Dry White,Blackett,garrafa 75 cl,"€14,94/un","€19,92/lt"
Juvé Y Camps Reserva Família Espumante Cava Bruto Branco,Juvé y Camps,garrafa 75 cl,"€16,90/un","€22,53/lt"
Flor das Tecedeiras DOC Douro Vinho Branco,Flor das Tecedeiras,garrafa 75 cl,"€9,99/un","€13,32/lt"
Blandy's Duke Of Clarens Vinho da Madeira,Blandy's,garrafa 75 cl,"€9,99/un","€13,32/lt"
Pedra do Gato Encruzado DOC Dão Vinho Branco,Pedra do Gato,garrafa 75 cl,"€12,99/un","€17,32/lt"
António Saramago Regional Península de Setúbal Vinho Branco,António Saramago,garrafa 75 cl,"€8,99/un","€11,99/lt"
Tisana Romã e Camomila,Continente,"emb. 4 x 1,5 lt","€5,85/un","€0,98/lt"
Cerveja com Álcool C-Stout,Letra,garrafa 33 cl,"€2,69/un","€8,15/lt"
Pera Doce Reserva Regional Alentejano Vinho Tinto Conjunto,Pera Doce,emb. 2 x 75 cl,"€7,19/un","€4,79/lt"
Ameal Loureiro DOC Vinho Verde Branco,Ameal,garrafa 75 cl,"€8,99/un","€11,99/lt"
Whisky Chivas Regal 15 Anos,Chivas Regal,garrafa 70 cl,"€54,49/un","€77,84/lt"
Vodka Ultimat,Ultimat,garrafa 70 cl,"€31,69/un","€45,27/lt"
Quinta de Pancas Reserva Regional Lisboa Vinho Tinto,Quinta de Pancas,garrafa 75 cl,"€12,99/un","€17,32/lt"
Tokaji Aszú 3 Puttonyos Colheita Tardia Vinho Branco,Tokaji,garrafa 50 cl,"€26,99/un","€53,98/lt"
Quinta do Vallado Reserva DOC Douro Vinho Branco,Quinta do Vallado,garrafa 75 cl,"€20,90/un","€27,87/lt"
Aguardente Adega Velha Reserva 6 Anos,Adega Velha,garrafa 50 cl,"€25,49/un","€50,98/lt"
Monte da Ravasqueira Regional Alentejo Vinho Tinto Conjunto,Monte da Ravasqueira,emb. 2 x 75 cl,"€6,98/un","€4,65/lt"
Cruz Vinho do Porto Late Bottled Vintage,Gran Cruz,garrafa 75 cl,"€19,99/un","€26,65/lt"
Adega de Borba DOC Alentejo Vinho Tinto,Adega de Borba,"garrafa 1,5 lt","€6,49/un","€4,33/lt"
Sobreiro de Pegões Premium Vinho Tinto Conjunto,Pegões,emb. 2 x 75 cl,"€6,99/un","€4,66/lt"
Conjunto Mula Velha Tinto Lisboa,Mula Velha,emb. 2 x 75 cl,"€5,79/un","€3,86/lt"
Altano DOC Douro Vinho Tinto,Altano,"garrafa 1,5 lt","€7,79/un","€5,19/lt"
Encosta das Perdizes Reserva DOC Alentejo Vinho Tinto,Encosta das Perdizes,garrafa 75 cl,"€8,99/un","€11,99/lt"
Rovisco Pais Premium Vinho Tinto Conjunto,Rovisco Pais,emb. 2 x 75 cl,"€8,39/un","€5,59/lt"
Bebida Aloé Vera Com Polpa,Continente Bio,emb. 1 lt,"€4,59/un","€4,59/lt"
Conde D'Ervideira Reserva DOC Alentejo Vinho Branco,Ervideira,garrafa 75 cl,"€13,99/un","€18,65/lt"
Pacheca Sauvignon Blanc Regional Douro Vinho Branco,Quinta da Pacheca,garrafa 75 cl,"€9,99/un","€13,32/lt"
Licor de Framboesa Chambord Black,Chambord,garrafa 50 cl,"€22,49/un","€44,98/lt"
Refrigerante com Gás Limão,Schweppes,emb. 1 lt,"€1,26/un","€1,26/lt"
João Pires Regional Península de Setúbal Vinho Rosé,João Pires,garrafa 75 cl,"€4,49/un","€5,99/lt"
Noval Vinho do Porto LBV (Não Filtrado),Noval,garrafa 75 cl,"€17,99/un","€23,99/lt"
Pôpa Doc Douro Vinho Rosé,Popa,garrafa 75 cl,"€8,99/un","€11,99/lt"
Cocktail Aromatizado Casal Garcia Fruitzy Pera,Casal Garcia,,"€4,49/un","€5,99/lt"
Quinta do Crasto Tinta Roriz Doc Douro Vinho Tinto,Crasto,garrafa 75 cl,"€56,49/un","€75,32/lt"
Bebida Energética Ultra Watermelon,Monster,lata 50 cl,"€1,60/un","€3,20/lt"
Licor de Medronho e Mel,Medonho,garrafa 50 cl,"€35,99/un","€71,98/lt"
Lan A Mano Espanha Vinho Tinto,Lan,garrafa 75 cl,"€59,00/un","€78,67/lt"
Lagar de Burmester Reserva DOC Douro Vinho Branco,Burmester,garrafa 75 cl,"€9,99/un","€13,32/lt"
Whisky Bushmills Original com Tubo Premium,Bushmills,,"€15,99/un","€22,84/lt"
Herdade do Rocim Colheita Regional Alentejano Vinho Tinto Conjunto,Herdade do Rocim,emb. 2 x 75 cl,"€20,98/un","€13,99/lt"
Cabriz Touriga Nacional DOC Dão Vinho Tinto,Cabriz,garrafa 75 cl,"€8,99/un","€11,99/lt"
Água com Gás Limão,Frize,emb. 75 cl,"€1,15/un","€1,53/lt"
Martha's Vinho do Porto Sport Lisboa e Benfica com Cachecol,Martha's,garrafa 75 cl,"€16,99/un","€22,65/lt"
Adega Cooperativa Ponte da Barca Adamado Meio Seco DOC Vinho Verde Branco,Ponte da Barca,garrafa 75 cl,"€2,99/un","€3,99/lt"
Sumo 100% Pera e Ananás,Compal 100% Fruta,,"€1,69/un","€1,69/lt"
Refrigerante sem Gás Laranja,B! Ice Drinks,"emb. 1,5 lt","€0,99/un","€0,66/lt"
Esteva DOC Douro Vinho Tinto,Esteva,"garrafa 1,5 lt","€10,99/un","€7,33/lt"
Carm Reserva DOC Douro Vinho Tinto com Caixa de Madeira,Carm,"garrafa 1,5 lt","€29,59/un","€19,73/lt"
Whisky Jameson Black Barrel com Flask,Jameson,garrafa 70 cl,"€32,49/un","€46,41/lt"
"Néctar Frutos Vermelhos, Aveia e Canela",Compal Vital,emb. 33 cl,"€0,74/un","€2,24/lt"
Quinta do Noval Vinho do Porto Vintage 2017,Noval,garrafa 75 cl,"€99,49/un","€132,65/lt"
Burmester Vinho do Porto Colheita 2008,Burmester,garrafa 75 cl,"€24,99/un","€33,32/lt"
Néctar 8 Frutos Infantil,Continente Equilíbrio,emb. 6 x 20 cl,"€1,49/un","€1,24/lt"
Cocktail Aromatizado Casal Garcia Fruitzy Melão,Casal Garcia,,"€4,49/un","€5,99/lt"
A.S.T António Saramago Península de Setúbal Vinho Tinto,António Saramago,garrafa 75 cl,"€50,00/un","€66,67/lt"
Esporão Vinho da Talha Vinho Tinto,Esporão,garrafa 75 cl,"€29,00/un","€38,67/lt"
Crasto Superior Syrah Regional Douro Vinho Tinto,Crasto,garrafa 75 cl,"€22,59/un","€30,12/lt"
Whisky J&B Rare,J&B,garrafa 1 lt,"€23,49/un","€23,49/lt"
Xerez Pedro Ximénez Triana Bodega La Gitana,Pedro Ximenez,garrafa 75 cl,"€32,49/un","€43,32/lt"
Vodka Absolut Wild Tea,Absolut,emb. 70 cl,"€18,89/un","€26,99/lt"
Cadão Doc Douro Vinho Tinto,Cadão,garrafa 75 cl,"€3,89/un","€5,19/lt"
Piccini Collezione Oro docg Chianti Riserva Itália Vinho Tinto,Piccini,garrafa 75 cl,"€14,49/un","€19,32/lt"
Thermanthia Espanha Vinho Tinto,Termanthia,garrafa 75 cl,"€253,00/un","€337,33/lt"
"Sumo Maçã, Uva e Flor de Sabugueiro",Autêntico,emb. 75 cl,"€1,79/un","€2,39/lt"
Licor Carolans Irish Cream com Copo,Carolans,garrafa 70 cl,"€14,79/un","€21,13/lt"
Adega de Mangualde Coleção do Mocho Doc Dão Vinho Tinto,Adega de Mangualde,garrafa 75 cl,"€2,29/un","€3,05/lt"
Sandeman Vinho do Porto Tawny,Sandeman,garrafa 75 cl,"€9,69/un","€12,92/lt"
Burmester Vinho do Porto Vintage 2017,Burmester,garrafa 75 cl,"€41,89/un","€55,85/lt"
Quinta do Noval Vinho do Porto Vintage 2014,Noval,garrafa 75 cl,"€94,49/un","€125,99/lt"
Noval Vinho do Porto LBV,Noval,garrafa 75 cl,"€19,49/un","€25,99/lt"
Whisky Glenmorangie Extremely Rare Scotch Single Malt 18 Anos,Glenmorangie,garrafa 70 cl,"€135,00/un","€192,86/lt"
Gloria Reynolds Vinho Branco,Gloria Reynolds,garrafa 75 cl,"€33,00/un","€44,00/lt"
Quinta de São Bartolomeu Cabernet Sauvignon Vinho Tinto,São Bartolomeu,garrafa 75 cl,"€21,49/un","€28,65/lt"
Pôpa Touriga Nacional Doc Douro Vinho Tinto,Popa,garrafa 75 cl,"€13,99/un","€18,65/lt"
Rum Elements Eight Gold Rum,Elements Eight,garrafa 70 cl,"€56,89/un","€81,27/lt"
Whisky Logan com Copo,Logan,garrafa 70 cl,"€17,99/un","€25,70/lt"
Mandriola de Lisboa Regional Lisboa Vinho Branco,Mandriola de Lisboa,garrafa 75 cl,"€3,49/un","€4,65/lt"
Pátria DOC Alentejo Vinho Tinto Conjunto,Pátria,emb. 2 x 75 cl,"€5,98/un","€3,99/lt"
Vallado Vinho do Porto Tawny 20 Anos,Vallado,garrafa 50 cl,"€31,49/un","€62,98/lt"
Quinta do Vallado Douro Superior DOC Douro Vinho Tinto Conjunto,Quinta do Vallado,emb. 3 x 75 cl,"€36,00/un","€16,00/lt"
Encostas de Estremoz Regional Alentejano Vinho Tinto,Encostas de Estremoz,garrafa 75 cl,"€2,99/un","€3,99/lt"
Castelinho Grande Reserva DOC Douro Vinho Tinto,Castelinho,garrafa 75 cl,"€15,99/un","€21,32/lt"
Néctar Laranja,Juver,emb. 85 cl,"€1,79/un","€2,11/lt"
Sumo 100% Laranja Espremida com polpa,Compal 100% Fruta,emb. 1 lt,"€1,89/un","€1,89/lt"
Whisky Tomatin Single Malt 14 Anos,Tomatin,garrafa 70 cl,"€79,90/un","€114,14/lt"
Lagar da Ravasqueira Regional Alentejano Vinho Tinto,Monte da Ravasqueira,garrafa 75 cl,"€5,99/un","€7,99/lt"
Sumo Ananás Biológico,Delizum,emb. 1 lt,"€3,99/un","€3,99/lt"
Sumo Maçã Biológico,Delizum,emb. 20 cl,"€1,29/un","€6,45/lt"
Cerveja com Álcool Daytime,Lagunitas,"garrafa 35,5 cl","€1,86/un","€5,24/lt"
Cerveja com Álcool,Heineken Silver,emb. 12 x 25 cl,"€7,59/un","€2,53/lt"
Passa Doc Douro Vinho Rosé,Passa,garrafa 75 cl,"€7,79/un","€10,39/lt"
Bebida com Álcool Lima e Hortelã,Selza,emb. 33 cl,"€1,99/un","€6,03/lt"
Gloria Reynolds Cathedral Regional Alentejo Vinho Tinto,Gloria Reynolds,garrafa 75 cl,"€107,00/un","€142,67/lt"
Quinta do Crasto Touriga Franca Doc Douro Vinho Tinto,Crasto,garrafa 75 cl,"€55,00/un","€73,33/lt"
Bebida com Álcool Manga,Selza,emb. 33 cl,"€1,99/un","€6,03/lt"
Cerveja com Álcool Preta,Sagres,emb. 10 x 25 cl,"€4,79/un","€1,92/lt"
Crios Torrontés Argentina Vinho Branco,Crios,garrafa 75 cl,"€10,99/un","€14,65/lt"
Pacheca Grande Reserva Touriga Nacional DOC Douro Vinho Tinto Conjunto,Quinta da Pacheca,emb. 2 x 75 cl,"€64,00/un","€42,67/lt"
Vértice RD Espumante Douro Bruto,Vértice,garrafa 75 cl,"€210,00/un","€280,00/lt"
Torres Vina Esmeralda Vinho Branco,Torres,garrafa 75 cl,"€7,99/un","€10,65/lt"
Lilás Tecedeiras DOC Douro Vinho Tinto,Quinta das Tecedeiras,garrafa 75 cl,"€7,99/un","€10,65/lt"
Néctar Frutos Tropicais,Juver,emb. 2 lt,"€2,49/un","€1,25/lt"
Sumo Fruta do Pomar,Compal Fresco,emb. 25 cl,"€1,79/un","€7,16/lt"
Gin Beefeater Zesty Lemon,Beefeater,garrafa 70 cl,"€20,69/un","€29,56/lt"
Whisky The Famous Grouse Sherry Finish,Famous Grouse,,"€20,99/un","€29,99/lt"
"Sumo Maçã, Morango, Amora e Mirtilo Bio",Compal Bio,emb. 1 lt,"€2,99/un","€2,99/lt"
Terras de Mogadouro Blend Tradicional DOC Trás-os-Montes Vinho Tinto,Terras de Mogadouro,garrafa 75 cl,"€7,99/un","€10,65/lt"
Cocktail The Foxtale Gin & Tonic Alentejo Strawberry,The Foxtale,garrafa 25 cl,"€1,99/un","€7,96/lt"
Duas Quintas DOC Douro Vinho Tinto Conjunto,Duas Quintas,2 x garrafa 75 cl,"€25,98/un","€17,32/lt"
370 Léguas Premium DOC Douro Vinho Tinto,370 Léguas,garrafa 75 cl,"€4,49/un","€5,99/lt"
Quinta dos Carvalhais Colheita DOC Dão Vinho Branco,Quinta dos Carvalhais,garrafa 75 cl,"€8,99/un","€11,99/lt"
Refrigerante sem Gás Limonada,B! Ice Drinks,"emb. 1,5 lt","€0,99/un","€0,66/lt"
Tall Horse Merlot África Sul Vinho Tinto,Tall Horse,garrafa 75 cl,"€6,99/un","€9,32/lt"
Licor Amaretto Disaronno Original,Disaronno,garrafa 70 cl,"€18,49/un","€26,41/lt"
Paço dos Cunhas Grande Juri DOC Dão Vinho Tinto,Paço dos Cunhas,garrafa 75 cl,"€140,00/un","€186,67/lt"
Cognac Remy Martin XO,Remy Martin,garrafa 70 cl,"€169,00/un","€241,43/lt"
Vale dos Ares Vinha da Coutada Vinho Verde Branco,Vale dos Ares,garrafa 75 cl,"€35,99/un","€47,99/lt"
Azevedo Alvarinho Reserva Vinho Verde,Azevedo,garrafa 75 cl,"€7,89/un","€10,52/lt"
Pousio Reserva Regional Alentejano Vinho Tinto,Pousio,garrafa 75 cl,"€7,99/un","€10,65/lt"
Quinta do Avelar Vinhas Velhas Regional Lisboa Vinho Tinto,Avelar,garrafa 75 cl,"€12,19/un","€16,25/lt"
Gin Senns,Senns,garrafa 70 cl,"€35,39/un","€50,56/lt"
Torres Celeste Vinho Tinto,Torres,garrafa 75 cl,"€18,00/un","€24,00/lt"
Cadão Reserva Doc Douro Vinho Tinto,Cadão,garrafa 75 cl,"€5,89/un","€7,85/lt"
Portonic Croft Pink & Tonic,Croft,emb. 25 cl,"€2,99/un","€11,96/lt"
Gordon's sem Álcool,Gordon's,garrafa 70 cl,"€16,49/un","€23,56/lt"
2 Vidigueira Vinho Tinto Alentejo + Vidigueira Vinho Branco Alentejo Conjunto,Vidigueira,emb. 3 x 75 cl,"€10,48/un","€4,66/lt"
Água Tónica Premium Toranja,Schweppes,emb. 20 cl,"€1,69/un","€8,45/lt"
Gin The Foxtale com Oferta de Lata,The Foxtale,garrafa 70 cl,"€13,99/un","€19,99/lt"
Vinhas da Invejosa Regional Península de Setúbal Vinho Branco,Vinhas da Invejosa,garrafa 75 cl,"€7,99/un","€10,65/lt"
Cabaz de Vinhos Brancos de Natal,,1 un,"€18,89/un","€8,40/lt"
Cabaz Vinhos Signature,,1 un,"€18,89/un","€8,40/lt"
Sandeman Vinho do Porto White,Sandeman,garrafa 75 cl,"€9,69/un","€12,92/lt"
Noval Vinho do Porto Extra Dry White,Noval,garrafa 75 cl,"€12,89/un","€17,19/lt"
Taylor's Quinta de Vargellas Vinho do Porto Vintage 2015,Taylor's,garrafa 75 cl,"€57,49/un","€76,65/lt"
Taboadella Encruzado Reserva DOC Dão Vinho Branco,Taboadella,garrafa 75 cl,"€16,99/un","€22,65/lt"
Sumo 100% Maçã,Compal 100% Fruta,emb. 3 x 20 cl,"€1,35/un","€2,25/lt"
Sumo 100% Maçã e Frutos Vermelhos,Compal 100% Fruta,emb. 1 lt,"€1,89/un","€1,89/lt"
Néctar Laranja e Tangerina,Juver,emb. 2 lt,"€2,69/un","€1,35/lt"
Aguardente Velha CR&F Reserva com Oferta Balão,CR&F,garrafa 70 cl,"€18,99/un","€27,13/lt"
"Néctar Frutos Amarelos, Chia e Curcuma",Compal Vital,emb. 33 cl,"€0,74/un","€2,24/lt"
Refrigerante com Gás Cola Zero Baunilha,Coca-Cola,emb. 33 cl,"€0,75/un","€2,27/lt"
Gin Bombay Pressé,Bombay,garrafa 70 cl,"€25,59/un","€36,56/lt"
Néctar Pêssego Infantil,Continente Equilíbrio,emb. 6 x 20 cl,"€1,49/un","€1,24/lt"
Refrigerante sem Gás Maracujá,Joi,emb. 33 cl,"€0,69/un","€2,09/lt"
Cocktail Aromatizado Casal Garcia Fruitzy Morango,Casal Garcia,,"€4,49/un","€5,99/lt"
Cedro do Noval DOC Douro Vinho Branco,Noval,garrafa 75 cl,"€17,99/un","€23,99/lt"
António Saramago Reserva Península de Setúbal Vinho Branco,António Saramago,garrafa 75 cl,"€14,99/un","€19,99/lt"
"Sumo Maçã, Goiaba e Lima com Spirulina",Autêntico,emb. 75 cl,"€1,79/un","€2,39/lt"
Marmelar Regional Alentejano Vinho Tinto,Marmelar,garrafa 75 cl,"€33,00/un","€44,00/lt"
Mãos Reserva DOC Douro Vinho Tinto,Mãos,garrafa 75 cl,"€26,49/un","€35,32/lt"
Água com Gás Natural Ananás,Frize,emb. 4 x 25 cl,"€2,09/un","€2,09/lt"
Cerveja com Álcool,Sagres,emb. 6 x 25 cl,"€2,89/un","€1,93/lt"
Roboredo Premium DOC Douro Vinho Tinto Conjunto,Roboredo,emb. 2 x 75 cl,"€9,99/un","€6,66/lt"
Castelinho Reserva DOC Douro Vinho Tinto,Castelinho,garrafa 75 cl,"€8,99/un","€11,99/lt"
Flor de Lagoalva Regional Tejo Vinho Tinto,Flor de Lagoalva,garrafa 75 cl,"€4,19/un","€5,59/lt"
Tavedo DOC Douro Vinho Rosé,Tavedo,garrafa 75 cl,"€3,99/un","€5,32/lt"
Sumo Mirtilo do Minho e Framboesa do Algarve,Compal Fresco,emb. 25 cl,"€1,79/un","€7,16/lt"
Bebida Energética Figo e Maçã,Red Bull,lata 25 cl,"€1,39/un","€5,56/lt"
Quintas de Melgaço Alvarinho & Sauvignon Blanc Regional Minho Vinho Branco,Quintas de Melgaço,garrafa 75 cl,"€10,79/un","€14,39/lt"
Três Bagos Reserva DOC Douro Vinho Tinto e Três Bagos Reserva DOC Douro Vinho Branco Conjunto,Três Bagos,2 x garrafa 75 cl,"€17,99/un","€11,99/lt"
Vinha do Carmo Regional Lisboa Vinho Branco,Vinha do Carmo,garrafa 75 cl,"€8,99/un","€11,99/lt"
Sandeman Vinho do Porto Vintage 225Y Word,Sandeman,garrafa 75 cl,"€134,00/un","€178,67/lt"
Adega de Vila Real DOC Douro Vinho Rosé,Adega de Vila Real,garrafa 75 cl,"€2,69/un","€3,59/lt"
Kopke Porto Late Bottle Vintage,Kopke,garrafa 75 cl,"€17,49/un","€23,32/lt"
Adega de Mangualde Coleção do Mocho Touriga Nacional Doc Dão Vinho Tinto,Adega de Mangualde,garrafa 75 cl,"€3,39/un","€4,52/lt"
Monte Velho Regional Alentejano Biológico Vinho Tinto,Monte Velho,Garrafa 75 cl,"€5,99/un","€7,99/lt"
Bebida Energética Reserve White Pineapple,Monster,lata 50 cl,"€1,60/un","€3,20/lt"
Taylor's Quinta de Vargellas Vinho do Porto Vintage 2012,Taylor's,garrafa 75 cl,"€64,99/un","€86,65/lt"
Quinta do Monte D'Oiro Reserva Regional Lisboa Vinho Rosé,Monte D'Oiro,garrafa 75 cl,"€19,99/un","€26,65/lt"
Néctar 8 Frutos Infantil,Continente Equilíbrio,emb. 1 lt,"€0,99/un","€0,99/lt"
Quinta do Pôpa Homenagem Doc Vinho Tinto,Popa,garrafa 75 cl,"€44,00/un","€58,67/lt"
Pousio Alicante Bouschet Regional Alentejano Vinho Tinto,Pousio,garrafa 75 cl,"€12,99/un","€17,32/lt"
Quinta do Crasto Touriga Nacional Vinho Tinto,Crasto,garrafa 75 cl,"€56,49/un","€75,32/lt"
Cerveja com Álcool Mini,Sagres,emb. 10 x 25 cl,"€4,79/un","€1,92/lt"
Vodka Cîroc Pineaple,Cîroc,garrafa 70 cl,"€42,19/un","€60,27/lt"
Whisky Glenmorangie Signet Scotch Single Malt,Glenmorangie,garrafa 70 cl,"€227,00/un","€324,29/lt"
Vidal Fleury Côte Rhone Villages Vinho Tinto,Vidal-Fleury,garrafa 75 cl,"€13,59/un","€18,12/lt"
Crios Malbec Argentina Vinho Tinto,Crios,garrafa 75 cl,"€12,39/un","€16,52/lt"
Cerveja com Álcool Bohemia Pilsener,Sagres Bohemia,garrafa 33 cl,"€0,80/un","€2,42/lt"
Sossego Regional Alentejano Vinho Tinto,Sossego,"garrafa 1,5 lt","€10,99/un","€7,33/lt"
Assobio DOC Douro Vinho Tinto Conjunto,Assobio,emb. 2 x 75 cl,"€11,98/un","€7,99/lt"
Gin The Foxtale,The Foxtale,garrafa 1 lt,"€24,49/un","€24,49/lt"
Cabaz Vinhos Premium,,1 un,"€12,99/un","€5,77/lt"
Água Gaseificada com Álcool Melância e Morango,Pure Piraña,emb. 33 cl,"€1,26/un","€3,82/lt"
Cocktail Caipirão,Beirão,emb. 25 cl,"€1,99/un","€7,96/lt"
Cocktail The Foxtale Gin & Tonic Orange Dash,The Foxtale,emb. 25 cl,"€1,99/un","€7,96/lt"
Murganheira Reserva Espumante DOC Távora-Varosa Branco Bruto Conjunto,Murganheira,2 x garrafa 75 cl,"€21,98/un","€14,65/lt"
Croft Vinho do Porto Vintage 2016,Croft,garrafa 75 cl,"€77,89/un","€103,85/lt"
Sandeman Vinho do Porto Vintage 2016,Sandeman,garrafa 75 cl,"€78,99/un","€105,32/lt"
Néctar 10 Frutos e 10 Vitaminas,Juver,emb. 2 lt,"€2,49/un","€1,25/lt"
Callabriga DOC Douro Vinho Tinto,Callabriga,garrafa 75 cl,"€18,49/un","€24,65/lt"
Quinta do Crasto Vinho do Porto Colheita 2000,Crasto,garrafa 75 cl,"€52,89/un","€70,52/lt"
Raríssimo Bairrada Vinho Branco,Raríssimo,garrafa 75 cl,"€45,00/un","€60,00/lt"
Mãos Tinta Roriz DOC Douro Vinho Tinto,Mãos,garrafa 75 cl,"€19,09/un","€25,45/lt"
Whisky Roe & Co,Roe & Co,garrafa 70 cl,"€36,89/un","€52,70/lt"
Sumo Clementina e Tangerina com polpa,Innocent,emb. 90 cl,"€2,89/un","€3,21/lt"
Marrenon Classique Luberon França Vinho Tinto,Marrenon-Luberon,garrafa 75 cl,"€8,99/un","€11,99/lt"
Monte de Pinheiros Regional Alentejano Vinho Tinto,Monte de Pinheiros,garrafa 75 cl,"€3,69/un","€4,92/lt"
Cabriz Colheita Selecionada DOC Dão Vinho Tinto Conjunto,Cabriz,emb. 2 x 75 cl,"€7,98/un","€5,32/lt"
Faisão Vinho Tinto,Faisão,garrafa 75 cl,"€2,39/un","€2,39/lt"
Whisky Bushmills Blackbush com Tubo Premium,Bushmills,garrafa 70 cl,"€19,99/un","€28,56/lt"
Whisky J&B 15 Anos com Copo,J&B,garrafa 70 cl,"€12,74/un","€18,20/lt"
Gin Hendrick´s Neptunia,Hendrick´s,garrafa 70 cl,"€35,19/un","€50,27/lt"
Jameson Cocktail Ginger & Lime,Jameson,emb. 25 cl,"€2,29/un","€9,16/lt"
Cabaz Moscatel,,1 un,"€27,19/un","€12,08/lt"
Concentrado Laranja e Manga,Sunquick,garrafa 70 cl,"€5,79/un","€8,27/lt"
Água sem Gás Pack Poupança,Serra da Estrela,"emb. 6 x 1,5 lt","€3,34/un","€0,37/lt"
Aveleda Solos Xistos Regional Minho Vinho Branco,Aveleda,garrafa 75 cl,"€9,99/un","€13,32/lt"
Aguardente Vínica Mosca,Mosca,garrafa 75 cl,"€19,99/un","€28,56/lt"
Ferreira Dona Antónia 10 Anos com 2 Copos,Ferreira,garrafa 75 cl,"€16,99/un","€22,65/lt"
Sidra com Álcool Frutos Vermelhos,Bandida do Pomar,emb. 4 x 25 cl,"€3,19/un","€3,19/lt"
Burmester Sotto Voce Vinho do Porto,Burmester,garrafa 75 cl,"€12,99/un","€17,32/lt"
Cerveja com Álcool Lager,Sovina,garrafa 33 cl,"€2,69/un","€8,15/lt"
Refrigerante sem Gás Maçã,É Continente,emb. 2 lt,"€0,79/un","€0,40/lt"
Sumo 100% Laranja Espremida,Compal 100% Fruta,emb. 33 cl,"€0,63/un","€1,91/lt"
Bebida Aloé Vera com Maçã,Continente Bio,emb. 1 lt,"€4,49/un","€4,49/lt"
Bebida Aloé Vera com Manga,Continente Bio,emb. 1 lt,"€4,59/un","€4,59/lt"
Callabriga DOC Douro Vinho Tinto,Callabriga,"garrafa 1,5 lt","€43,00/un","€28,67/lt"
Quinta da Lixa Espadeiro Escolha DOC Vinho Verde Rosé,Quinta da Lixa,garrafa 75 cl,"€3,39/un","€4,52/lt"
Quinta do Noval Touriga Nacional DOC Douro Vinho Tinto,Quinta do Noval,garrafa 75 cl,"€31,69/un","€42,25/lt"
Água com Gás Limão,S. Pellegrino,emb. 50 cl,"€1,69/un","€3,38/lt"
Água Tónica Indian,Fever Tree,emb. 50 cl,"€3,56/un","€7,12/lt"
Gin Brockmans,Brockmans,garrafa 70 cl,"€34,79/un","€49,70/lt"
"Néctar Frutos Amarelos, Chia e Curcuma",Compal Vital,emb. 1 lt,"€1,99/un","€1,99/lt"
"Néctar Frutos Tropicais, Chia e Alfarroba",Compal Vital,emb. 33 cl,"€0,74/un","€2,24/lt"
Laurent Perrier Cuvée Champanhe Brut Rosé,Laurent Perrier,garrafa 75 cl,"€94,99/un","€126,65/lt"
Fonseca Vinho do Porto Vintage 2017,Fonseca,garrafa 75 cl,"€110,00/un","€146,67/lt"
Vermute Carpano Punt & Mês,Carpano,garrafa 75 cl,"€16,29/un","€21,72/lt"
Água Gaseificada,Continente,"emb. 1,5 lt","€0,39/un","€0,26/lt"
Cocktail Licor Amarguinha Sour,Amarguinha,garrafa 25 cl,"€1,99/un","€7,96/lt"
Cabaz Vinhos Reserva,,1 un,"€16,89/un","€7,51/lt"
Água Tónica,Schweppes,emb. 20 cl,"€0,90/un","€4,50/lt"
Taylor's Vinho do Porto Reserva Tawny Historical Bottle,Taylor's,garrafa 1 lt,"€49,89/un","€49,89/lt"
Croft Vinho do Porto Vintage 2017,Croft,garrafa 75 cl,"€87,49/un","€116,65/lt"
Meandro DOC Douro Vinho Branco,Meandro,garrafa 75 cl,"€11,99/un","€15,99/lt"
Rum Elements Eight Platinum,Elements Eight,garrafa 70 cl,"€56,89/un","€81,27/lt"
Refrigerante sem Gás Maçã,B! Ice Drinks,"emb. 1,5 lt","€0,99/un","€0,66/lt"
Cerveja com Álcool Mini,Sagres,emb. 24 x 25 cl,"€10,49/un","€1,75/lt"
Murganheira Vintage Espumante DOC Távora-Varosa Branco Bruto,Murganheira,garrafa 75 cl,"€39,99/un","€53,32/lt"
"Néctar Frutos Vermelhos, Aveia e Canela",Compal Vital,emb. 1 lt,"€1,99/un","€1,99/lt"
Conjunto Porto Burmester,Burmester,caixa 4 x 5 cl,"€8,99/un","€44,95/lt"
Taylor's Vinho do Porto Single Harvest 1970,Taylor's,garrafa 75 cl,"€289,00/un","€385,33/lt"
Croft Vinho do Porto Vintage 2003,Croft,garrafa 75 cl,"€78,49/un","€104,65/lt"
Quinta do Crasto Vinho do Porto Finest Reserva,Crasto,garrafa 75 cl,"€11,79/un","€15,72/lt"
"Cerveja sem Álcool 0,0%",Carlsberg,emb. 6 x 25 cl,"€3,74/un","€2,49/lt"
Monte Velho Regional Alentejano Biológico Vinho Branco,Monte Velho,garrafa 75 cl,"€5,99/un","€7,99/lt"
Quinta dos Carvalhais Especial Vinho Branco,Carvalhais,garrafa 75 cl,"€52,19/un","€69,59/lt"
Taylor's Portonic,Taylor's,garrafa 25 cl,"€2,99/un","€11,96/lt"
Convento do Paraíso Cabernet Sauvignon Regional Algarve Vinho Tinto,Convento do Paraíso,garrafa 75 cl,"€19,59/un","€26,12/lt"
Cerveja com Álcool Mini,Sagres,garrafa 20 cl,"€0,55/un","€2,75/lt"
Whisky Copper Dog Scotch Blended Malt,Copper Dog,garrafa 70 cl,"€31,89/un","€45,56/lt"
Whisky Tomatin Single Malt 18 Anos,Tomatin,garrafa 70 cl,"€122,00/un","€174,29/lt"
Lan Crianza Espanha Vinho Tinto,Lan,garrafa 75 cl,"€8,99/un","€11,99/lt"
Torres Mas La Plana Espanha Vinho Tinto,Torres,garrafa 75 cl,"€75,00/un","€100,00/lt"
Água sem Gás de Nascente,Caramulo,emb. 6 x 50 cl,"€1,32/un","€0,44/lt"
Palácio da Brejoeira Alvarinho DOC Vinho Verde Branco Conjunto,Palácio da Brejoeira,2 x garrafa 75 cl,"€37,38/un","€24,92/lt"
Concentrado Ananás,Sunquick,garrafa 58 cl,"€4,79/un","€8,26/lt"
Contemporal Regional Alentejano Vinho Tinto,Contemporal,"garrafa 37,5 cl","€0,99/un","€2,64/lt"
Refrigerante com Gás Ananás,Sumol Zero,"emb. 1,75 lt","€1,89/un","€1,08/lt"
Sumo 100% Multifrutos,Compal 100% Fruta,emb. 1 lt,"€1,69/un","€1,69/lt"
Quinta Vale Dona Maria DOC Douro Vinho Tinto,Vale D. Maria,garrafa 75 cl,"€50,00/un","€66,67/lt"
Sumo Laranja do Algarve,Compal Fresco,emb. 25 cl,"€1,59/un","€6,36/lt"
Tequila Patron Reposado,Patron,garrafa 70 cl,"€59,99/un","€85,70/lt"
Chanson Bourgogne Chardonnay Vinho Branco,Chanson,garrafa 75 cl,"€19,59/un","€26,12/lt"
Portillo Pinot Noir Vinho Tinto,Portillo,garrafa 75 cl,"€9,99/un","€13,32/lt"
Terrazas Malbec Argentina Vinho Tinto,Terrazas,garrafa 75 cl,"€24,99/un","€33,32/lt"
Pancas Reserva Regional Lisboa Vinho Tinto,Pancas,garrafa 75 cl,"€3,99/un","€5,32/lt"
Piteira Premium DOC Alentejo Vinho Tinto Conjunto,Piteira,emb. 2 x 75 cl,"€8,99/un","€5,99/lt"
Mestre Xico Regional Alentejano Vinho Tinto,Mestre Xico,garrafa 75 cl,"€5,49/un","€7,32/lt"
Sobreiro de Pegões Premium 10% Regional Península de Setúbal Vinho,Sobreiro,garrafa 75 cl,"€5,99/un","€7,99/lt"
Néctar Pera e Ananás,Juver,emb. 2 lt,"€2,69/un","€1,35/lt"
Beefeater Cocktail Dry & Tonic,Beefeater,emb. 25 cl,"€2,29/un","€9,16/lt"
Ginger Ale,Schweppes,emb. 20 cl,"€0,90/un","€4,50/lt"
Pacheca Reserva Touriga Nacional DOC Douro Vinho Rosé,Quinta da Pacheca,garrafa 75 cl,"€19,89/un","€26,52/lt"
Ginger Beer Premium,Fever Tree,emb. 4 x 20 cl,"€5,99/un","€7,49/lt"
Refrigerante sem Gás Maracujá,B! Ice Drinks,"emb. 1,5 lt","€0,99/un","€0,66/lt"
Fonseca Vinho do Porto Vintage 2000,Fonseca,garrafa 75 cl,"€169,00/un","€225,33/lt"
Cerveja com Álcool Mini,Sagres,emb. 15 x 25 cl,"€6,99/un","€1,86/lt"
Licor Whisky Drambuie,Drambuie,garrafa 70 cl,"€24,79/un","€35,41/lt"
Tequila Tiscaz Branca,Tiscaz,garrafa 70 cl,"€16,49/un","€23,56/lt"
Murganheira Velha Reserva Espumante Velha Reserva Doc Távora-Varosa Branco Bruto,Murganheira,garrafa 75 cl,"€16,29/un","€21,72/lt"
Cerveja com Álcool Seleção 1927 Barrel Aged Premium Lager,Super Bock 1927,garrafa 75 cl,"€9,99/un","€13,32/lt"
Água sem Gás de Nascente,Caramulo,emb. 6 x 33 cl,"€1,08/un","€0,55/lt"
Beefeater Cocktail Pink & Tonic,Beefeater,emb. 25 cl,"€2,29/un","€9,16/lt"
Cabaz Vinhos Enófilo,,1 un,"€18,09/un","€8,04/lt"
Cabaz Vinho do Porto,,1 un,"€22,89/un","€10,17/lt"
Senhor de Távora Premium DOC Douro Vinho Tinto,Senhor de Távora,garrafa 75 cl,"€3,99/un","€5,32/lt"
Quinta do Passadouro Vinho do Porto Vintage 2017,Passadouro,garrafa 75 cl,"€43,89/un","€58,52/lt"
Quinta Nova Tinto DOC Douro Reserva em Caixa de Madeira,Quinta Nova,"garrafa 1,5 lt","€24,99/un","€16,66/lt"
"Sumo Maçã, Figo da Piteira e Limão Bio",Compal Bio,emb. 1 lt,"€2,99/un","€2,99/lt"
Licor Cassis Marie Brizard,Marie Brizard,garrafa 75 cl,"€12,49/un","€17,84/lt"
Licor Villa Massa com 2 Copos,Limoncello,garrafa 50 cl,"€15,89/un","€31,78/lt"
Leve Sôttal Regional Lisboa Vinho Branco,Sottal,garrafa 75 cl,"€3,99/un","€5,32/lt"
Aperitivo Martini Bianco com Oferta de Copo,Martini,garrafa 75 cl,"€8,07/un","€10,76/lt"
Burmester Vinho do Porto Colheita 2009,Burmester,garrafa 75 cl,"€26,99/un","€35,99/lt"
Sandeman Vinho do Porto Vintage 225Y Journey,Sandeman,garrafa 75 cl,"€134,00/un","€178,67/lt"
Whisky Antiquary Scotch Blended,Antiquary,garrafa 70 cl,"€13,79/un","€19,70/lt"
Vinha Grande DOC Douro Vinho Tinto Conjunto,Vinha Grande,emb. 2 x 75 cl,"€19,98/un","€13,32/lt"
Maria Mansa Doc Douro Vinho Branco,Maria Mansa,garrafa 75 cl,"€10,49/un","€13,99/lt"
Martini Bellini,Martini,garrafa 75 cl,"€10,09/un","€13,45/lt"
Whisky Kavalan King Car Conductor Taiwan Single Malt,Kavalan,garrafa 70 cl,"€68,99/un","€98,56/lt"
Whisky Scottish Leader,Scottish Leader,garrafa 70 cl,"€13,99/un","€19,99/lt"
Los Boldos Tradition Carmenere Chile Vinho Tinto,Los Boldos,garrafa 75 cl,"€7,49/un","€9,99/lt"
Framingham Classic Riesling Nova Zelândia Vinho Branco,Framingham,garrafa 75 cl,"€16,19/un","€21,59/lt"
Monte de Pinheiros Regional Alentejano Vinho Branco,Monte de Pinheiros,garrafa 75 cl,"€3,69/un","€4,92/lt"
Água com Gás Mineral Natural Gasocarbónica,Pedras Salgadas,emb. 6 x 1 lt,"€4,99/un","€0,83/lt"
Soda,Schweppes,emb. 20 cl,"€0,90/un","€4,50/lt"
Vale D. Maria Superior DOC Douro Vinho Branco,Vale D. Maria,,"€6,99/un","€9,32/lt"
Água Tónica Zero,Schweppes,emb. 20 cl,"€0,90/un","€4,50/lt"
Martini Spritz Bianco,Martini,garrafa 75 cl,"€10,09/un","€13,45/lt"
Sandeman Vinho do Porto LBV,Sandeman,garrafa 75 cl,"€18,99/un","€25,32/lt"
Gin 13,13,garrafa 70 cl,"€23,99/un","€34,27/lt"
Convento da Tomina Regional Alentejano Vinho Tinto,Convento da Tomina,garrafa 75 cl,"€11,99/un","€15,99/lt"
Adegamãe Signature Regional Lisboa Vinho Tinto,Adegamãe,garrafa 75 cl,"€5,59/un","€7,45/lt"
Juvé y Camps Cinta Purpura Espumante Cava Bruto Branco,Juvé y Camps,garrafa 75 cl,"€11,90/un","€15,87/lt"
Cerveja com Álcool Ruiva,Super Bock Abadia,emb. 6 x 20 cl,"€3,29/un","€2,74/lt"
Refrigerante com Gás Laranja,Sumol Zero,"emb. 1,75 lt","€1,89/un","€1,08/lt"
Licor Anis Marie Brizard,Marie Brizard,garrafa 75 cl,"€12,49/un","€17,84/lt"
Quinta do Encontro Espumante Special Cuvée DOC Bairrada Bruto Branco,Quinta do Encontro,garrafa 75 cl,"€29,99/un","€39,99/lt"
Bebida Energética Khaotic,Monster,lata 50 cl,"€1,60/un","€3,20/lt"
Porto Velhotes Caixa Miniaturas,Cálem,caixa 3 x 5 cl,"€5,99/un","€39,93/lt"
Noval Vinho do Porto Lágrima Branco,Noval,garrafa 75 cl,"€12,69/un","€16,92/lt"
Aguardente Adega Velha 30 Anos,Adega Velha,garrafa 50 cl,"€90,00/un","€180,00/lt"
Cerveja com Álcool Preta Mini,Sagres,emb. 6 x 25 cl,"€2,89/un","€1,93/lt"
JPR Alvarinho Reserva Espumante Branco Bruto,JPR,garrafa 75 cl,"€24,29/un","€32,39/lt"
Quinta de São Bartolomeu Chardonnay e Arinto Regional Lisboa Vinho Branco,São Bartolomeu,garrafa 75 cl,"€14,19/un","€18,92/lt"
Água Tónica Hibisco,Schweppes,emb. 45 cl,"€3,30/un","€7,33/lt"
Vodka Cîroc Coconut,Cîroc,garrafa 70 cl,"€38,69/un","€55,27/lt"
Super Smoothie Azulmente,Innocent,emb. 30 cl,"€2,29/un","€7,63/lt"
Conde de Calhariz Regional Península de Setúbal Vinho Tinto,Conde de Calhariz,garrafa 75 cl,"€9,99/un","€13,32/lt"
Dona Julieta Regional Alentejano Vinho Branco,Dona Julieta,garrafa 75 cl,"€7,99/un","€10,65/lt"
Água sem Gás,Caramulo,"emb. 6 x 1,5 lt","€1,98/un","€0,22/lt"
Fiuza Regional Tejo Vinho Rosé,Fiuza,garrafa 75 cl,"€5,49/un","€7,32/lt"
Taylor's Vinho do Porto Single Harvest 1966,Taylor's,garrafa 75 cl,"€325,00/un","€433,33/lt"
Quinta do Noval Vinho do Porto Vintage 2016,Noval,garrafa 75 cl,"€94,99/un","€126,65/lt"
Cerveja com álcool,Sagres,garrafa 33 cl,"€0,70/un","€2,12/lt"
EA Regional Alentejano Vinho Rosé,EA,garrafa 75 cl,"€5,99/un","€7,99/lt"
Periquita Regional Península de Setúbal Vinho Branco,Periquita,"garrafa 37,5 cl","€2,89/un","€7,71/lt"
Gatão Vinho Rosé,Gatão,garrafa 75 cl,"€3,19/un","€4,25/lt"
Crasto Superior Doc Douro Vinho Branco,Quinta do Crasto,garrafa 75 cl,"€15,89/un","€21,19/lt"
Água de Côco Bio,Provida,garrafa 330 ml,"€1,75/un","€5,30/lt"
Gin Martin Miller's Canela,Martin Miller's,garrafa 70 cl,"€28,99/un","€41,41/lt"
Rum Diplomático Reserva Exclusivo,Diplomático,garrafa 70 cl,"€46,00/un","€65,71/lt"
Quinta da Gricha DOC Douro Vinho Tinto,Quinta da Gricha,garrafa 75 cl,"€64,99/un","€86,65/lt"
Golpe DOC Douro Vinho Branco,Golpe,garrafa 75 cl,"€8,99/un","€11,99/lt"
Água com Gás Pêssego,Pedras Salgadas,emb. 4 x 25 cl,"€2,39/un","€2,39/lt"
Néctar Ananás Infantil,Continente Equilíbrio,emb. 6 x 20 cl,"€1,49/un","€1,24/lt"
Crasto Vinho do Porto LBV,Crasto,garrafa 75 cl,"€21,49/un","€28,65/lt"
Passadouro Vinho Branco,Passadouro,garrafa 75 cl,"€12,69/un","€16,92/lt"
Pôpa Vinhas Velhas Doc Douro Vinho Tinto,Popa,garrafa 75 cl,"€22,59/un","€30,12/lt"
Encosta do Guadiana Private Selection Regional Alentejo Vinho Tinto,Encosta do Guadiana,garrafa 75 cl,"€19,39/un","€25,85/lt"
Julian Reynolds Grande Reserva Regional Alentejo Vinho Tinto,Julian Reynolds,garrafa 75 cl,"€29,00/un","€38,67/lt"
Sumo Manga Biológico,Delizum,emb. 1 lt,"€3,99/un","€3,99/lt"
Taylor's Vinho do Porto White,Taylor's,garrafa 75 cl,"€9,59/un","€12,79/lt"
Raríssimo Espumante Bairrada Bruto Branco,Raríssimo by Osvaldo Amado,garrafa 75 cl,"€95,00/un","€126,67/lt"
Ice Tea Pêssego Zero Açúcar,Lipton,emb. 2 x 2 lt,"€4,58/un","€1,15/lt"
Vodka Zubrówka Biala,Zubrowka,garrafa 70 cl,"€9,89/un","€14,13/lt"
Vodka Cîroc Peach,Cîroc,garrafa 70 cl,"€38,69/un","€55,27/lt"
Whisky Glenmorangie Nectar D'Or Scotch Single Malt,Glenmorangie,garrafa 70 cl,"€79,99/un","€114,27/lt"
Southern Confort Licor de Whisky,Outhern Confort,garrafa 70 cl,"€14,89/un","€21,27/lt"
Crios Cabernet Sauvignon Argentina Vinho Tinto,Crios,garrafa 75 cl,"€12,39/un","€16,52/lt"
Lan D 12 Espanha Vinho Tinto,Lan,garrafa 75 cl,"€16,99/un","€22,65/lt"
Quinta do Carmo Regional Alentejano Vinho Tinto e Vinha do Carmo Regional Lisboa Vinho Branco Conjunto,,2 x garrafa 75 cl,"€22,38/un","€14,92/lt"
Castello D'Alba DOC Douro Vinho Tinto,Castello D'Alba,garrafa 1 lt,"€9,98/un","€6,65/lt"
Sidra com Álcool Blackberry,Somersby,emb. 50 cl,"€1,29/un","€2,58/lt"
Taylor's Vinho do Porto Vintage 2017,Taylor's,garrafa 75 cl,"€115,00/un","€153,33/lt"
Adega Cooperativa Ponte da Barca Loureiro Grande Escolha DOC Vinho Verde Branco,Ponte da Barca,garrafa 75 cl,"€3,59/un","€4,79/lt"
Refrigerante com Gás Cola Zero Açúcar Zero Cafeína,Coca-Cola,"emb. 1,75 lt","€1,85/un","€1,06/lt"
Cognac Camus Xo Elegance,Camus,garrafa 70 cl,"€126,00/un","€180,00/lt"
Aperitivo Martini Rosso com Oferta de Copo,Martini,garrafa 75 cl,"€8,07/un","€10,76/lt"
Taylor's Single Harvest Vinho do Porto 1969,Taylor's,garrafa 75 cl,"€299,00/un","€398,67/lt"
"Cerveja sem álcool 0,0%",Super Bock,emb. 33 cl,"€0,79/un","€2,39/lt"
Pôpa DOC Douro Vinho Branco,Popa,garrafa 75 cl,"€8,99/un","€11,99/lt"
Venâncio Costa Lima Moscatel de Setúbal Reserva Família 10 Anos,Venâncio Costa Lima,garrafa 75 cl,"€20,89/un","€27,85/lt"
Portillo Malbec Argentina Vinho Tinto,Portillo,garrafa 75 cl,"€9,99/un","€13,32/lt"
Quinta do Monte Xisto DOC Douro Vinho Tinto,Quinta do Monte Xisto,garrafa 75 cl,"€59,00/un","€78,67/lt"
Tyto Alba Biológico DOC Tejo Vinho Tinto,Tyto Alba,garrafa 75 cl,"€9,99/un","€13,32/lt"
Cerveja com Álcool Lager,Nortada,garrafa 33 cl,"€1,39/un","€4,21/lt"
"Néctar Frutos Tropicais, Chia e Alfarroba",Compal Vital,emb. 1 lt,"€1,99/un","€1,99/lt"
Néctar Laranja Infantil,Continente Equilíbrio,emb. 6 x 20 cl,"€1,49/un","€1,24/lt"
Vale do Rocim Regional Alentejano Vinho Branco,Vale do Rocim,garrafa 75 cl,"€12,99/un","€17,32/lt"
Whisky Tennessee Jack Daniel's com Oferta 2 Copos,Jack Daniel's,garrafa 70 cl,"€23,99/un","€34,27/lt"
Aveleda Fonte Doc Vinho Verde Rosé,Aveleda,garrafa 75 cl,"€4,49/un","€5,99/lt"
Papa Figos + Trinca Bolotas + Mélange à 3 Vinho Tinto Conjunto,,emb. 3 x 75 cl,"€20,47/un","€9,10/lt"
Água Tónica Pimenta Rosa,Schweppes,emb. 45 cl,"€3,30/un","€7,33/lt"
Portillo Savignon Blanc Argentina Vinho Branco,Portillo,garrafa 75 cl,"€9,99/un","€13,32/lt"
Jameson Orange Bebida Espirituosa,Jameson,garrafa 70 cl,"€20,99/un","€29,99/lt"
Cancellus Premium Regional Douro Vinho Tinto,Cancellus,"garrafa 1,5 lt","€7,19/un","€4,79/lt"
Vértice Pinot Noir Espumante Rosé Bruto,Vértice,garrafa 75 cl,"€44,99/un","€59,99/lt"
Sidra com Álcool Melancia,Somersby,emb. 6 x 20 cl,"€4,59/un","€3,83/lt"
Cerveja com Álcool Selecção 1927 Munich Dunkel Pack,Super Bock 1927,emb. 3 x 33 cl,"€4,19/un","€4,23/lt"
Terra D'Alter Expressões Regional Alentejano Vinho Tinto,Terra D'Alter,garrafa 75 cl,"€6,49/un","€8,65/lt"
"Valmaduro 10,5 Regional Lisboa Vinho Tinto",Valmaduro,garrafa 75 cl,"€9,99/un","€13,32/lt"
Vale Dona Maria Vinha Martim Douro Vinho Branco,Vale D. Maria,garrafa 75 cl,"€62,00/un","€82,67/lt"
Casal Mendes Sangria Tinta,Casal Mendes,garrafa 75 cl,"€4,29/un","€5,72/lt"
Cocktail Morangão,Beirão,emb. 25 cl,"€1,99/un","€7,96/lt"
Quinta de Cidrô Sauvignon Blanc DOC Douro Vinho Branco,Quinta de Cidrô,garrafa 75 cl,"€15,50/un","€20,67/lt"
Quinta dos Carvalhais Reserva DOC Dão Vinho Tinto,Quinta dos Carvalhais,garrafa 75 cl,"€27,00/un","€36,00/lt"
Casillero del Diablo Sauvignon Blanc Chile Vinho Branco,Casillero del Diablo,garrafa 75 cl,"€7,49/un","€9,99/lt"
Vodka Cîroc Red Berry,Cîroc,garrafa 70 cl,"€38,69/un","€55,27/lt"
Esporão Private Selection Regional Alentejano Vinho Branco,Esporão,garrafa 75 cl,"€34,99/un","€46,65/lt"
Gin Sem Álcool Seedlip Garden,Seedlip,garrafa 70 cl,"€29,99/un","€42,84/lt"
Sumo Cenoura Biológico,Delizum,emb. 20 cl,"€1,29/un","€6,45/lt"
Bollinger Champanhe Brut Rosé,Bollinger,garrafa 75 cl,"€80,00/un","€106,67/lt"
Vodka Morosha Spring,Morosha,garrafa 70 cl,"€11,49/un","€16,41/lt"
Licor Brandy Mel,Brandy Mel,garrafa 70 cl,"€12,99/un","€18,56/lt"
Cabaz de Vinhos Tintos de Natal,,1 un,"€15,79/un","€7,02/lt"
Sumo 100% Laranja Espremida com Polpa,Juver,emb. 1 lt,"€1,89/un","€1,89/lt"
Vinha da Valentina Moscatel de Setúbal Seco Reserva,Vinha da Valentina,garrafa 75 cl,"€12,99/un","€17,32/lt"
Refrigerante Limão,Schweppes,emb. 20 cl,"€0,90/un","€4,50/lt"
Burmester Quinta do Arnozelo Vinho do Porto Vintage 2018,Burmester,garrafa 75 cl,"€51,19/un","€68,25/lt"
Quinta do Noval Vinho do Porto Colheita 2005,Noval,garrafa 75 cl,"€45,99/un","€61,32/lt"
Quinta dos Carvalhais Colheita DOC Dão Vinho Rosé,Quinta dos Carvalhais,garrafa 75 cl,"€8,99/un","€11,99/lt"
Sidra sem Álcool Pera,Somersby,emb. 6 x 20 cl,"€4,59/un","€3,83/lt"
Kopke Vinho do Porto 10 Anos,Kopke,garrafa 75 cl,"€22,90/un","€30,53/lt"
Vallegre Moscatel Galego DOC Douro Vinho Branco,Vallegre,garrafa 75 cl,"€6,29/un","€8,39/lt"
Sumo Laranja do Algarve,Compal Fresco,emb. 75 cl,"€2,49/un","€3,32/lt"
Vodka Khor Platinum,Khor,garrafa 70 cl,"€12,49/un","€17,84/lt"
Refrigerante com Gás Lima Limão Zero,Sprite,emb. 6 x 33 cl,"€4,14/un","€2,09/lt"
Noval Vinho do Porto Fine White,Noval,garrafa 75 cl,"€11,89/un","€15,85/lt"
Cerveja com Álcool,Super Bock,emb. 30 x 20 cl,"€11,99/un","€2,00/lt"
Mãos Rabigato DOC Douro Vinho Branco,Mãos,garrafa 75 cl,"€13,19/un","€17,59/lt"
Água Tónica Limão,Schweppes,emb. 33 cl,"€0,85/un","€2,58/lt"
Quinta do Vallado Adelaide DOC Douro Vinho Tinto,Vallado,garrafa 75 cl,"€220,00/un","€293,33/lt"
Água Tónica Limão,Schweppes,emb. 1 lt,"€1,56/un","€1,56/lt"
Passadouro Reserva Doc Douro Vinho Tinto,Passadouro,garrafa 75 cl,"€48,00/un","€64,00/lt"
Rum Pampero Especial,Pampero,garrafa 70 cl,"€21,59/un","€30,84/lt"
Rum Sailor Jerry,Sailor,garrafa 70 cl,"€21,19/un","€30,27/lt"
Sumo Laranja com Polpa,Innocent,emb. 90 cl,"€2,79/un","€3,10/lt"
Numanthia D.O. Toro Espanha Vinho Tinto,Numanthia,garrafa 75 cl,"€50,00/un","€66,67/lt"
Pacheca Superior DOC Douro Vinho Tinto Conjunto Caixa de Madeira,Quinta da Pacheca,emb. 2 x 75 cl,"€25,98/un","€17,32/lt"
Torres-Coronas Espanha Vinho Tinto,Torres Corona,garrafa 75 cl,"€7,99/un","€10,65/lt"
Mingorra Colheita Regional Alentejano Vinho Tinto,Mingorra,garrafa 75 cl,"€6,25/un","€8,33/lt"
Tapada das Lebres Syrah Regional Alentejano Vinho Tinto,Tapada das Lebres,garrafa 75 cl,"€4,89/un","€6,52/lt"
Infantado DOC Douro Vinho Tinto,Quinta do Infantado,garrafa 75 cl,"€9,99/un","€13,32/lt"
Altas Quintas 600 Regional Alentejano Vinho Tinto,Altas Quintas,garrafa 75 cl,"€7,99/un","€10,65/lt"
Cabeça de Toiro Reserva Nature DOC Tejo Vinho Tinto,Cabeça de Toiro,garrafa 75 cl,"€7,49/un","€9,99/lt"
Sumo Maçã de Alcobaça,Compal Fresco,emb. 75 cl,"€2,59/un","€3,45/lt"
Gin Azor Premium com Oferta de Copo,Azor,garrafa 70 cl,"€29,49/un","€42,13/lt"
Licor Macieira Cream,Macieira,garrafa 70 cl,"€15,99/un","€22,84/lt"
Água Tónica Pink,Schweppes,emb. 20 cl,"€0,90/un","€4,50/lt"
Faisão Fusion Tonic,Faisão,garrafa 75 cl,"€3,99/un","€5,32/lt"
Água sem Gás Garrafão,Caldas de Penacova,emb. 5 lt,"€0,99/un","€0,20/lt"
Água sem Gás,Caldas de Penacova,emb. 50 cl,"€0,21/un","€0,42/lt"
Detergente Máquina Roupa Líquido Universal,Persil,100 doses,"€17,24/un","€0,17/dos"
Guardanapos 2 folhas,Continente,emb. 100 un,"€1,39/un","€0,01/un"
Detergente Máquina Roupa Líquido Active Clean,Skip,100 doses,"€19,99/un","€0,20/dos"
Detergente Máquina Loiça Pastilhas All in 1,Finish,110 doses,"€14,99/un","€0,14/un"
Rolo de Cozinha Compacto Maxi,Continente,2 rolos = 4 rolos,"€1,19/un","€0,60/un"
Detergente Máquina Loiça Pastilhas Platinum Plus Limão,Fairy,55 doses,"€10,99/un","€0,20/un"
Guardanapos 1 Folha Branco,Continente,emb. 100 un,"€0,69/un","€0,01/un"
Rolo de Cozinha Design XXL,Renova,3 rolo,"€1,99/un","€0,66/un"
Rolo de Cozinha Compacto,Continente,4 rolos = 8 rolos,"€2,79/un","€0,70/un"
Detergente Máquina Roupa Líquido Sensitive,Skip,100 doses,"€19,99/un","€0,20/dos"
Rolo de Cozinha Profissional,Foxy,1 rolo = 10 rolos,"€4,49/un","€4,49/un"
Sacos Lixo Perfumado Fecho Fácil 30 lt,Continente,2 x 20 un,"€2,79/un","€0,07/un"
Mopa Microfibra 1.2 Spray Max,Vileda,1 un,"€19,99/un","€19,99/un"
Intensificador Perfume Pérolas Unstoppables Fresh,Lenor,emb. 210 gr,"€6,59/un","€31,38/kg"
Sistema Turbo Esfregona e Balde com Pedal,Vileda,1 un,"€29,99/un","€29,99/un"
Detergente Máquina Roupa Líquido Sabão Azul e Branco,Persil,95 doses,"€11,49/un","€0,13/dos"
Sacos Lixo Perfumado Fecho Fácil 50 lt,Continente,15 un,"€1,89/un","€0,13/un"
Guardanapos 2 Folhas Pack Poupança,Continente,emb. 200 un,"€2,39/un","€0,01/un"
Guardanapos 2 Folhas Branco,Renova,emb. 90 un,"€1,24/un","€0,01/un"
Rolo de Cozinha,Continente,4 rolos,"€2,49/un","€0,62/un"
Lixívia Tradicional,Neoblanc,4 lt,"€2,88/un","€0,72/lt"
Detergente Máquina Roupa Cápsulas Ultimate Active Clean,Skip,66 doses,"€17,49/un","€0,27/dos"
Bloco Sanitário Poder Ativo Pinho e Lavanda,Sonasol,emb. 4 un,"€5,24/un","€1,31/un"
Sacos Lixo WC 5 lt,Continente,30 un,"€0,99/un","€0,03/un"
Creme de Limpeza Original,Cif,emb. 700 ml,"€2,49/un","€3,56/lt"
Sacos Lixo 100% Reciclado Fecho Fácil 100 lt,Continente Eco,10 un,"€1,65/un","€0,17/un"
Esfregão Esponja Salva Unhas,Continente,3 un,"€0,45/un","€0,15/un"
Detergente Manual Loiça Limão,Continente,emb. 1 lt,"€0,99/un","€0,99/lt"
Rolo Multiusos Branco,Boost,emb. 1 un,"€2,69/un","€2,69/un"
Sacos Lixo 100% Reciclado 50 lt,Continente,3 x 15 un,"€3,99/un","€0,09/un"
Sacos Lixo 100% Reciclado Fecho Fácil 50 lt,Continente Eco,15 un,"€1,69/un","€0,11/un"
Vinagre de Limpeza,Continente,emb. 1 lt,"€0,85/un","€0,85/lt"
Sal Máquina Loiça,Continente,emb. 2 kg,"€0,79/un","€0,40/kg"
Sacos Lixo com Atilho 30 lt,É Continente,40 un,"€1,69/un","€0,04/un"
Detergente Manual Loiça Maxi Poder Limão,Fairy,emb. 540 ml,"€2,00/un","€3,70/lt"
Lava Tudo Líquido Brilhante Madeiras Efeito Reparador,Sonasol,"emb. 1,100 ml","€2,79/un","€2,54/lt"
Rolo de Cozinha Adapt,Colhogar,"3 rolos = 4,5 rolos","€2,87/un","€0,96/un"
Rolo de Cozinha Giga Roll Deco,Renova,1 rolo = 10 rolos,"€3,28/un","€3,28/un"
Detergente Máquina Roupa Cápsulas 3 em 1 Ultimate Active Clean,Skip,54 doses,"€14,99/un","€0,28/dos"
Sacos Lixo Perfumado Fecho Fácil 50lt,Continente,emb. 2 x 15 un,"€3,59/un","€0,12/un"
Lava Tudo Perfumado Lavanda,Continente,emb. 2 lt,"€0,99/un","€0,50/lt"
Lava Tudo Gel com Lixívia,Continente,"emb. 1,5 lt","€1,29/un","€0,86/lt"
Multisuperfícies Spray Desinfetante,Sanytol,emb. 750 ml,"€2,24/un","€2,99/lt"
Limpa Vidros Spray Power & Shine,Cif,emb. 750 ml,"€3,24/un","€4,32/lt"
Lava Tudo Lavanda,Cif,"emb. 1,4 lt","€1,99/un","€1,42/lt"
Detergente Máquina Roupa Pó Active Clean,Skip,80 doses,"€16,24/un","€0,20/dos"
Abrasivo Sanitário Gel com Lixívia,Continente,emb. 1 lt,"€1,09/un","€1,09/lt"
Descalcificador Máquina Roupa Gel 3 em 1,Calgon,"emb. 1,5 lt","€11,99/un","€7,99/lt"
Sacos Lixo 100% Reciclado Fecho Fácil 30 lt,Continente Eco,20 un,"€1,19/un","€0,06/un"
Detergente Máquina Loiça Pastilhas All in 1 Limão,Sun,90 doses,"€12,49/un","€0,14/un"
Mopa com 8 Panos Secos e 3 Panos Húmidos,Swiffer,1 un,"€9,59/un","€9,59/un"
Tira Nódoas Roupa Pó Oxi Action Pink,Vanish,"emb. 1,2 kg","€10,99/un","€9,16/kg"
Detergente Máquina Roupa Líquido Escuros,Woolite,72 doses,"€11,99/un","€0,17/dos"
Spray Desengordurante,Mistolin,emb. 545 gr,"€2,69/un","€4,94/lt"
Rolo de Cozinha Compacto Plus,Continente,2 rolos = 6 rolos,"€2,19/un","€1,10/un"
Sal Máquina Loiça,Sun,emb. 1 kg,"€1,49/un","€1,49/kg"
Remove Bolores Spray Perfect Finish,Cif,emb. 435 ml,"€2,49/un","€5,72/lt"
Rolo de Cozinha Maxi Absortion XXL,Renova,1 rolo,"€1,19/un","€1,19/un"
Desentupidor Canos Gel,Continente,emb. 1 lt,"€1,89/un","€1,89/lt"
Abrilhantador Máquina Loiça Brilho e Secagem Limão,Finish,emb. 800 ml,"€7,93/un","€9,91/lt"
Multiusos Spray Desinfetante Disinfect & Shine,Cif,emb. 750 ml,"€3,24/un","€4,32/lt"
Papel de Alumínio 10m,Vileda,emb. 1 un,"€3,29/un","€0,33/m"
Detergente Manual Loiça Concentrado Lima,Continente,emb. 500 ml,"€1,29/un","€2,58/lt"
Limpa Vidros Spray 3 em 1,Continente,emb. 1 lt,"€0,89/un","€0,89/lt"
Abrasivo Sanitário Gel Brisa,Continente,emb. 1 lt,"€1,09/un","€1,09/lt"
Lava Tudo Madeiras,Cif,"emb. 1,1 lt","€1,99/un","€1,81/lt"
Toalhitas Multiusos Limão,Continente,40 un,"€1,79/un","€0,04/un"
Detergente Máquina Loiça Pastilhas All in One,Continente,40 un,"€3,99/un","€0,10/un"
Papel de Alumínio Freshmate 50m,Vileda,emb. 1 un,"€9,89/un","€0,20/m"
Amaciador Roupa Concentrado Frutos Silvestres,Quanto,132 doses,"€6,15/un","€0,05/dos"
Spray WC Power & Shine,Cif,emb. 750 ml,"€3,24/un","€4,32/lt"
Lava Tudo Perfumado Lavanda,Sonasol,emb. 3 lt,"€3,78/un","€1,26/lt"
Spray Cozinha Power & Shine,Cif,emb. 750 ml,"€3,24/un","€4,32/lt"
Detergente Máquina Roupa Líquido Sabão Azul e Branco,Persil,emb. 3 x 95 doses,"€30,18/un","€0,11/dos"
Multiusos Spray com Lixívia Power & Shine,Cif,emb. 750 ml,"€3,24/un","€4,32/lt"
Lixívia Delicada Gentil,Neoblanc,emb. 2 lt,"€4,11/un","€2,06/lt"
Lava Tudo Gel Ativo com Lixívia,Cif,emb. 750 ml,"€2,79/un","€3,72/lt"
Amaciador Roupa Diluído Pure,Comfort,emb. 4 lt,"€4,49/un","€1,12/lt"
Lava Tudo Amoniacal Verde,Sonasol,emb. 4 lt,"€9,19/un","€2,30/lt"
Rolo de Cozinha 100% Reciclado,Continente Eco,2 rolos = 6 rolos,"€2,69/un","€1,35/un"
Lixívia Delicada Gentil,Neoblanc,emb. 2 x 2 lt,"€5,49/un","€1,37/lt"
Amaciador Roupa Concentrado Ouro,Quanto,132 doses,"€6,15/un","€0,05/dos"
Sacos Lixo Perfumado Fecho Fácil 30 lt,Continente,20 un,"€1,49/un","€0,07/un"
Detergente Máquina Roupa Líquido Lavanda,Skip,100 doses,"€19,99/un","€0,20/dos"
Detergente Máquina Loiça Pastilhas 2 em 1,Continente,50 un,"€2,99/un","€0,06/un"
Higienizante WC Gel sem Lixívia Flores de Primavera,Neoblanc,emb. 700 ml,"€2,79/un","€3,99/lt"
Creme de Limpeza Limão,Cif,emb. 700 ml,"€2,49/un","€3,56/lt"
Detergente Máquina Roupa Líquido Sabão Natural Pack Poupança,Continente,66 doses,"€5,59/un","€0,08/un"
Detergente Manual Loiça Rosa e Cetim,Fairy,emb. 650 ml,"€2,31/un","€3,55/lt"
Rolo de Cozinha 2 Folhas Multiusos Mega,Continente,1 rolo = 10 rolos,"€3,49/un","€3,49/un"
Toalhitas Proteção Cores,Continente,emb. 20 un,"€1,69/un","€0,08/un"
Recarga Mopa,Swiffer,20 un,"€3,59/un","€0,18/un"
Limpa Fornos e Grelhadores Spray Perfect Finish,Cif,emb. 435 ml,"€2,49/un","€5,72/lt"
Esponja Mágica,Continente,1 un,"€1,39/un","€0,70/un"
Guardanapos 2 Folhas,Continente Eco,emb. 100 un,"€1,43/un","€1,43/un"
Desentupidor Canos Gel Express,Destop,emb. 1 lt,"€5,19/un","€5,19/lt"
Lixívia Tradicional,Neoblanc,2 lt,"€1,68/un","€0,84/lt"
Toalhitas Proteção Cores,Woolite,emb. 20 un,"€4,99/un","€0,25/un"
Lava Tudo Madeiras Amêndoa,Ajax,emb. 1 lt,"€1,99/un","€1,99/lt"
Guardanapos 2 Folhas Cocktail,Continente,emb. 100 un,"€0,89/un","€0,01/un"
Sacos Lixo 100% Reciclado 30 lt,Continente,3 x 20 un,"€2,99/un","€0,05/un"
Bloco Sanitário Poder Ativo Pinho e Lavanda,Sonasol,emb. 3 x 4 un,"€14,34/un","€1,20/un"
Desinfetante Roupa Liquído,Sanytol,emb. 1 lt,"€4,79/un","€4,79/kg"
Detergente Máquina Roupa Pó Active Clean,Skip,100 doses,"€19,99/un","€0,20/dos"
Lava Tudo Perfumado Marinho,Continente,emb. 2 lt,"€0,99/un","€0,50/lt"
Lava Tudo Perfumado Bosque,Continente,emb. 2 lt,"€0,99/un","€0,50/lt"
Tira Nódoas Roupa Pó Oxi Action White,Vanish,"emb. 1,2 kg","€10,99/un","€9,16/kg"
Detergente Máquina Roupa Líquido Lavanda,Persil,100 doses,"€17,24/un","€0,17/dos"
Abrilhantador Máquina Loiça,Continente,emb. 1 lt,"€1,39/un","€1,39/un"
Detergente Máquina Roupa Líquido Clássico,Soflan,36 doses,"€11,99/un","€0,33/dos"
Amaciador Roupa Concentrado Talco,Continente,80 doses,"€1,99/un","€0,02/dos"
Discos Sanitários Ativos Recargas Lima,Pato,2 un,"€3,39/un","€1,70/un"
Anti-Calcário Pastilhas,Calgon,45 doses,"€14,01/un","€0,31/dos"
Sal Máquina Loiça,Finish,emb. 1 kg,"€1,68/un","€1,68/kg"
Detergente Máquina Roupa Líquido,Continente do Bebé,66 doses,"€4,19/un","€0,06/un"
Bloco Sanitário Multiativo Marinho,Continente,emb. 2 un,"€1,70/un","€0,85/un"
Ambientador Difusor Aromatherapy Cool Mist Zen,Glade,emb. 1 un,"€12,99/un","€12,99/un"
Lava Tudo Perfumado Lavanda,Ajax,"emb. 1,25 lt","€2,99/un","€2,39/lt"
Abrasivo Sanitário Gel Power Fresh Lime,Domestos,emb. 700 ml,"€1,49/un","€2,13/lt"
Detergente Manual Loiça Ultra Limão,Fairy,emb. 615 ml,"€3,15/un","€5,12/lt"
Lava Tudo Desinfectante,Sanytol,"emb. 1,2 lt","€2,29/un","€1,91/lt"
Recarga Esfregona Tiras Microfibra Brancas e Vermelhas Turbo 2 em 1,Vileda,1 un,"€7,60/un","€7,60/un"
Spray Pré-Lavagem Oxi Action,Vanish,emb. 500 ml,"€3,89/un","€7,78/lt"
Esfregão Esponja Style,Vileda,10 un,"€2,39/un","€0,24/un"
Detergente Manual Loiça Limão Pack Poupança,Continente,"emb. 1,5 lt","€1,29/un","€0,86/lt"
Detergente Manual Loiça Limão Verde,Cif,emb. 1 lt,"€1,99/un","€1,99/lt"
Intensificador Perfume Pérolas Fuchsia Passion,Comfort,emb. 375 gr,"€8,49/un","€22,64/kg"
Lava Tudo Amoniacal,Sonasol,"emb. 1,3 lt","€2,09/un","€1,61/lt"
Anti-Calcário Spray Perfect Finish,Cif,emb. 435 ml,"€2,49/un","€5,72/lt"
Amaciador Roupa Suave,Continente,emb. 4 lt,"€2,69/un","€0,07/dos"
Limpa Vidros Recarga Cristal,Ajax,emb. 500 ml,"€2,99/un","€5,98/lt"
Limpa Móveis Spray Classic,Continente,emb. 300 ml,"€1,29/un","€4,30/lt"
Detergente Máquina Roupa Líquido Optimal,A+,100 doses,"€13,79/un","€0,14/dos"
Detergente Máquina Roupa Líquido Delicadas,Continente,66 doses,"€2,96/un","€0,04/un"
Sacos Lixo Ecobag Duplo Económico 50 lt,Vileda,emb. 20 un,"€4,89/un","€0,24/un"
Desentupidor Canos Gel Turbo+,Destop,emb. 1 lt,"€5,84/un","€5,84/lt"
Detergente Máquina Loiça Power Gel All in 1 Limão,Finish,50 doses,"€9,48/un","€0,19/un"
Tira Nódoas Roupa Spray,Skip,emb. 500 ml,"€2,99/un","€5,98/lt"
Lava Tudo Madeiras,Continente,"emb. 1,1 lt","€1,39/un","€1,26/lt"
Detergente Máquina Roupa Líquido Active Clean,Skip,80 doses,"€15,99/un","€0,20/dos"
Lava Tudo Gel Ativo com Lixívia,Cif,"emb. 1,4 lt","€1,99/un","€1,42/lt"
Guardanapos 3 Folhas,Continente,emb. 70 un,"€1,49/un","€0,02/un"
Lava Tudo Líquido Brilhante Desinfetante,Sonasol,"emb. 1,1 lt","€2,79/un","€2,54/lt"
Creme de Limpeza Ativo com Lixivia,Cif,emb. 700 ml,"€2,49/un","€3,56/lt"
Papel de Alumínio 25m,Vileda,emb. 1 un,"€6,49/un","€0,26/m"
Rolo Multiusos Azul,Boost,emb. 1 un,"€4,29/un","€4,29/un"
Detergente Máquina Roupa Cápsulas 3 em 1 Ultimate Active Fresh,Skip,42 doses,"€12,49/un","€0,30/dos"
Detergente Máquina Roupa Líquido Sabão Natural,Skip,100 doses,"€14,99/un","€0,15/dos"
Conjunto 3 Baldes Reciclagem Plástico 3x35L Cinza,Kasa,1 un,"€30,00/un","€30,00/un"
Limpa Carpetes e Estofos Espuma Tira Nódoas,Vanish,emb. 600 ml,"€5,19/un","€8,65/lt"
Tira Nódoas Roupa Spray Gentil,Neoblanc,emb. 700 ml,"€1,99/un","€2,84/lt"
Lava Tudo pH Neutro,Sonasol,"emb. 1,3 lt","€2,99/un","€2,30/lt"
Detergente Máquina Roupa Líquido Cores,Woolite,72 doses,"€11,99/un","€0,17/dos"
Pano Microfibras Colors,Vileda,4 un,"€3,36/un","€0,84/un"
Lixívia Densa Perfumada Branca,Neoblanc,2 lt,"€2,58/un","€1,29/lt"
Lava Tudo Líquido Brilhante Efeito Reparador Floral,Sonasol,emb. 1100 ml,"€2,79/un","€2,54/lt"
Aspirador Robot VR 102,Vileda,1 un,"€149,99/un","€149,99/un"
Limpa Móveis Spray Classic,Pronto,emb. 300 ml,"€4,79/un","€15,97/lt"
Rolo de Cozinha Adapt,Colhogar,2 rolos = 3 rolos,"€1,97/un","€0,99/un"
Rolo Multiusos Profissional Decor 3 Folhas,Continente,1 rolo,"€4,19/un","€4,19/un"
Removedor de Bolores e Fungos com Cloro,UHU,emb. 500 ml,"€5,29/un","€5,29/un"
Detergente Manual Loiça Maçã,Super Pop,emb. 700 ml,"€1,49/un","€2,13/lt"
Lava Tudo Marinho,Cif,"emb. 1,4 lt","€1,99/un","€1,42/lt"
Desengordurante Líquido Recarga,Mistolin,emb. 545 ml,"€2,37/un","€4,35/lt"
Recarga Mopa Húmida,Swiffer,12 un,"€3,59/un","€0,30/un"
Amaciador Roupa Concentrado Intense Care Repair,Comfort,60 doses,"€3,99/un","€0,07/dos"
Spray WC Desinfetante,Sanytol,emb. 750 ml,"€2,24/un","€2,99/lt"
Amaciador Roupa Concentrado Aromaterapia+ Água de Coco e Minerais,Vernel,76 doses,"€3,99/un","€0,05/dos"
Amaciador Roupa Concentrado Spa,Continente,80 doses,"€1,99/un","€0,02/dos"
Abrasivo Sanitário Gel Marinho,Continente,emb. 1 lt,"€1,09/un","€1,09/lt"
Recarga Espanador,Swiffer,emb. 10 un,"€5,99/un","€0,60/un"
Esfregão Salva Unhas Verde Antibactérias,Vileda,2 un,"€1,99/un","€1,99/un"
Lava Tudo Perfumado Flores,Continente,emb. 2 lt,"€0,99/un","€0,50/lt"
Guardanapo 1 Folha Red Label Decorado,Renova,emb. 220 un,"€1,99/un","€0,01/un"
Ambientador Recarga Elétrico Delícias de Verão,Air Wick,3 un,"€8,89/un","€2,96/un"
Detergente Manual Roupa Pó,Omo,emb. 540 gr,"€1,89/un","€3,50/kg"
Rolo de Cozinha Ultra Forte,Scottex,2 rolos,"€4,99/un","€2,50/un"
Vassoura Interior Antichoque 3 em 1,Vileda,1 un,"€7,49/un","€7,49/un"
Multisuperfícies Spray Lixívia e Higiene,Cillit Bang,emb. 500 ml,"€2,24/un","€4,48/lt"
Lixívia Delicada Gentil,Neoblanc,emb. 3 lt,"€4,73/un","€1,58/lt"
Lava Tudo Gel Anti-Calcário,Cif,emb. 750 ml,"€2,79/un","€3,72/lt"
Detergente Máquina Loiça Pastilhas Tudo em Um,Fairy,80 doses,"€10,79/un","€0,13/un"
Creme de Limpeza Pink Flowers,Cif,emb. 700 ml,"€2,49/un","€3,56/lt"
Abrilhantador Máquina Loiça Brilho e Secagem,Finish,emb. 800 ml,"€7,94/un","€9,93/lt"
Detergente Manual Loiça Ultra Original,Fairy,emb. 615 ml,"€3,15/un","€5,12/lt"
Lava Tudo Líquido Brilhante Madeiras Efeito Reparador,Sonasol,"emb. 3 x 1,1 lt","€7,78/un","€2,36/lt"
Sacos Lixo Ecobag 30 lt,Vileda,15 un,"€2,25/un","€0,15/un"
Ambientador Recarga LifeScents e Freshmatic Lavanda,Air Wick,emb. 3 un,"€8,89/un","€2,96/un"
Amaciador Roupa Concentrado Ouro,Quanto,emb. 3 x 84 doses,"€8,99/un","€0,04/dos"
Recarga Mopa,Continente,emb. 20 un,"€1,39/un","€0,07/un"
Esfregão Super Desengordurante,Bravo,6 unidades,"€1,19/un","€0,20/un"
Abrilhantador Máquina Loiça Limão,Continente,emb. 1 lt,"€1,39/un","€1,39/un"
Discos Sanitários Ativos Recargas Marinho,Pato,emb. 2 un,"€3,39/un","€1,70/un"
Pano Esponja Cozinha,Continente,5 un,"€0,99/un","€0,20/un"
Detergente Máquina Roupa Líquido Sabão Natural,Continente,46 doses,"€3,86/un","€0,08/un"
Detergente Máquina Roupa Pó Sabão Azul e Branco,Persil,95 doses,"€16,87/un","€0,19/dos"
Abrasivo Sanitário Líquido Ação Total Marinho,Pato,emb. 750 ml,"€1,74/un","€2,32/lt"
Bloco Sanitário Blue Active Eucalipto,Sonasol,2 un,"€5,98/un","€2,99/un"
Lixívia com Detergente,Continente,emb. 2 lt,"€1,15/un","€0,58/lt"
Guardanapos 2 Folhas Gold Branco,Renova,emb. 40 un,"€1,49/un","€0,04/un"
Amaciador Roupa Concentrado Rubi,Quanto,132 doses,"€6,15/un","€0,05/dos"
Rolo de Cozinha Maxi Absorption Extra XXL,Renova,2 rolos,"€2,39/un","€1,20/un"
Detergente Máquina Loiça Power Gel 0%,Finish,60 doses,"€9,98/un","€0,17/un"
Sacos Lixo 100% Reciclado 50 lt,Silvex,emb. 15 un,"€1,34/un","€0,09/un"
Pano Multiusos Suave,Vileda,2 un,"€1,49/un","€0,75/un"
Papel de Alumínio 8m,Silvex,emb. 1 un,"€2,59/un","€0,32/m"
Detergente Máquina Roupa Líquido Clássico,Soflan,13 doses,"€4,99/un","€0,38/dos"
Vela em Copo,Kasa,1 un,"€0,95/un","€0,95/un"
Amaciador Roupa Diluído Azul,Comfort,emb. 4 lt,"€4,49/un","€1,12/lt"
Tira Nódoas Spray Desengordura,Vanish,emb. 750 ml,"€4,44/un","€5,92/lt"
Lava Tudo Perfumado Camomila,Sonasol,emb. 3 lt,"€3,78/un","€1,26/lt"
Toalhitas de Limpeza de Chão Maçã,Continente,20 un,"€1,49/un","€0,07/un"
Mopa Spray com Depósito,Kasa,1 un,"€20,00/un","€20,00/un"
Spray Ultra Desengordurante,Cif,emb. 500 ml,"€1,39/un","€2,78/lt"
Detergente Manual Loiça Limão,Super Pop,emb. 700 ml,"€1,49/un","€2,13/lt"
Lixívia Spray Mousse,Neoblanc,emb. 700 ml,"€3,49/un","€4,99/lt"
Rolo de Cozinha Adapt,Colhogar,8 rolos = 12 rolos,"€7,61/un","€0,95/un"
Lava Tudo Vinagre,Cif,"emb. 1,4 lt","€1,99/un","€1,42/lt"
Rolo de Cozinha Mega,Scottex,8 rolos = 16 rolos,"€9,99/un","€1,25/un"
Amaciador Roupa Concentrado Violeta,Continente,80 doses,"€1,99/un","€0,02/dos"
Multisuperfícies Spray Lixívia e Higiene,Cillit Bang,emb. 3 x 500 ml,"€5,24/un","€3,49/lt"
Papel Vegetal 8m,Vileda,emb. 1 un,"€2,99/un","€0,37/m"
Limpa Máquina Loiça Líquido Limão,Finish,emb. 3 x 250 ml,"€7,49/un","€9,99/lt"
Rolo de Cozinha Maxi Absorption XXL,Renova,2 rolos = 4 rolos,"€2,25/un","€1,13/un"
Detergente Manual Loiça Recarga Espuma Ativa,Fairy,emb. 375 ml,"€3,05/un","€8,13/lt"
Amaciador Roupa Concentrado Intensive Care Revive,Comfort,60 doses,"€3,99/un","€0,07/dos"
Lava Tudo Limão Verde,Cif,"emb. 1,4 lt","€1,99/un","€1,42/lt"
Detergente Máquina Loiça Pastilhas Platinum All in One Limão,Fairy,60 doses,"€11,29/un","€0,19/un"
Detergente Máquina Loiça Pastilhas 0%,Finish,32 doses,"€8,98/un","€0,28/un"
Amaciador Roupa Concentrado Aromaterapia Lírio Irresistível,Vernel,174 doses,"€9,99/un","€0,06/dos"
Lava Tudo pH Neutro,Sonasol,"emb. 3 x 1,3 lt","€5,83/un","€1,49/lt"
Detergente Máquina Roupa Pó Sabão Natural,Xau,110 doses,"€12,99/un","€0,12/dos"
Lava Tudo Magic Flores da Montanha,Sonasol,"emb. 1,3 lt","€2,99/un","€2,30/lt"
Recarga Esfregona Tiras Amarelas Basic,Kasa,1 un,"€0,70/un","€0,70/un"
Limpa Vidros Recarga,Continente,emb. 1 lt,"€0,79/un","€0,79/lt"
Detergente Máquina Loiça Pastilhas 0% Regular,Finish,80 doses,"€14,99/un","€0,19/un"
Lixívia Perfumada Frescura do Campo,Neoblanc,4 lt,"€3,36/un","€0,84/lt"
Spray Cozinha Desinfetante,Sanytol,emb. 750 ml,"€2,24/un","€2,99/lt"
Anti-Calcário Gel Desinfetante,Calgon,"emb. 1,5 lt","€12,99/un","€8,66/lt"
Intensificador Perfume Pérolas Rubi e Jasmim,Lenor,emb. 210 gr,"€6,59/un","€31,38/kg"
Tinta para Tingir Pó Preto,Iberia,emb. 350 gr,"€4,41/un","€4,41/un"
Sacos Lixo com Alça 25 lt,Continente,30 un,"€1,39/un","€0,05/un"
Desinfetante Roupa Liquído,Lysol,emb. 720 ml,"€3,49/un","€4,85/kg"
Desinfetante Têxtil Spray,Sanytol,emb. 500 ml,"€3,49/un","€6,98/lt"
Ambientador Spray Roupa Limpa,Continente,emb. 300 ml,"€0,99/un","€3,30/lt"
Detergente Máquina Roupa Líquido Lavanda Pack Poupança,Continente,66 doses,"€6,59/un","€0,10/un"
Tira Nódoas Roupa Gel Gold,Vanish,emb. 200 ml,"€3,89/un","€19,45/lt"
Lava Tudo Perfumado Festa de Flores Coco,Ajax,"emb. 1,25 lt","€2,99/un","€2,39/lt"
Detergente Máquina Roupa Líquido Lãs e Sedas,Woolite,25 doses,"€3,49/un","€0,14/dos"
Limpa Máquina Loiça Pastilhas,Finish,3 un,"€5,48/un","€1,83/un"
Esfregona Tiras Micofibra Azuis Super,Vileda,1 un,"€8,00/un","€8,00/un"
Esfregão Aço Inox,Continente,4 un,"€0,89/un","€0,22/un"
Limpa Madeiras Spray Perfect Finish,Cif,emb. 435 ml,"€2,49/un","€5,72/lt"
Bloco Sanitário Purple Active Eucalipto,Sonasol,emb. 3 un,"€4,39/un","€1,46/un"
Sacos para Congelar One Zip 1L,Vileda,emb. 15 un,"€4,79/un","€0,32/un"
Sacos para Congelar One Zip 3L,Vileda,emb. 10 un,"€5,29/un","€0,53/un"
Sistema Espreme Fácil com Esfregona e Balde,Kasa,1 un,"€25,00/un","€25,00/un"
Película Aderente 50m,Vileda,emb. 1 un,"€3,99/un","€0,08/m"
Ambientador Spray Relax,Continente,emb. 300 ml,"€0,99/un","€3,30/lt"
Descalcificador Máquina Roupa Gel 3 em 1,Calgon,emb. 750 ml,"€6,99/un","€9,32/lt"
Detergente Máquina Roupa Cápsulas 3 em 1 Tropical,Surf,50 doses,"€9,99/un","€0,20/dos"
Detergente Máquina Roupa Líquido Bebé,Chicco,27 doses,"€9,99/un","€0,37/dos"
Bloco Sanitário Poder Ativo Aqua,Sonasol,emb. 3 un,"€4,39/un","€1,46/un"
Intensificador Perfume Pérolas April Fresh,Lenor,emb. 210 gr,"€6,59/un","€31,38/kg"
Spray Desengordurante Express,Mistolin,emb. 750 ml,"€2,24/un","€2,99/lt"
Limpa Vidros Spray Cristal,Ajax,emb. 500 ml,"€3,59/un","€7,18/lt"
Toalhitas de Limpeza Desinfetantes,Sanytol,emb. 36 un,"€2,49/un","€0,07/un"
Detergente Manual Loiça Limão,Super Pop,"emb. 1,35 lt","€2,39/un","€1,77/lt"
Detergente Máquina Roupa Cápsulas 3 em 1 Ultimate Active Clean,Skip,42 doses,"€12,49/un","€0,30/dos"
Spray WC Super Limpeza,Cillit Bang,emb. 500 ml,"€2,24/un","€4,48/lt"
Intensificador Perfume Pérolas Unstoppables Active,Lenor,emb. 210 gr,"€6,59/un","€31,38/kg"
Detergente Máquina Roupa Líquido Higiene,Persil,100 doses,"€17,24/un","€0,17/dos"
Sacos Lixo Reciclagem 30 lt,Continente,emb. 3 x 12 un,"€2,19/un","€0,06/un"
Rolo de Cozinha XXL Triplo,Colhogar,2 rolos = 6 rolos,"€3,16/un","€1,58/un"
Abrasivo Sanitário Gel Desinfetante Marinho,Harpic,emb. 750 ml,"€1,94/un","€2,59/lt"
Desodorizante Máquina Loiça Lima e Limão,Finish,1 un,"€4,98/un","€2,49/un"
Lava Tudo Gel com Lixívia,Sonasol,"emb. 1,25 lt","€1,99/un","€1,59/lt"
Esfregão Esponja,Continente,6 un + 2 un,"€1,19/un","€0,20/un"
Recarga Esfregona Tiras Azuis Super,Vileda,1 un,"€3,99/un","€3,99/un"
Sabão Barra Offenbach Azul,Bolhão,emb. 400 gr,"€1,29/un","€3,23/kg"
Lava Tudo Madeiras Sabão Natural,Pronto,emb. 750 ml,"€4,39/un","€5,85/lt"
Spray WC Eco Recarga Power & Shine,Cif,emb. 70 ml,"€1,89/un","€27,00/lt"
Multisuperfícies Spray Desinfetante,Continente,emb. 750 ml,"€2,29/un","€3,05/lt"
Rolo de Cozinha XXL Triplo,Colhogar,6 rolos = 18 rolos,"€9,28/un","€1,55/un"
Esfregão Esponja Ultra Fresh,Vileda,2 un + 1 un,"€1,99/un","€1,00/un"
Anti-Bolores Spray Sujidade,Cillit Bang,emb. 500 ml,"€2,24/un","€4,48/lt"
Balde Limpeza com Espremedor 10L Superfácil,Vileda,1 un,"€17,00/un","€17,00/un"
Desengordurante Spray Placas de Indução,Induclen,emb. 450 ml,"€5,99/un","€13,31/lt"
Spray WC Power Clean,Continente,emb. 750 ml,"€1,79/un","€2,39/lt"
Detergente Máquina Roupa Cápsulas Color,Persil,56 doses,"€13,74/un","€0,25/dos"
Ambientador Vela Baunilha,Glade,emb. 1 un,"€2,14/un","€2,14/un"
Esfregão Salva Unhas Ergonómico,Scotch-Brite,emb. 2 x 2 un,"€2,52/un","€0,63/un"
Discos Sanitários Ativos Recarga Cosmic Peach Edição Limitada,Pato,emb. 2 un,"€3,49/un","€1,75/un"
Rolo de Cozinha 100% Reciclado,Continente Eco,1 rolo = 10 rolos,"€3,59/un","€3,59/un"
Anti-Calcário e Sujidade Spray,Cillit Bang,emb. 500 ml,"€2,24/un","€4,48/lt"
Detergente Manual Loiça Ultra Poder Original,Fairy,emb. 600 ml,"€2,14/un","€3,57/lt"
Bloco Sanitário Multiativo Floral,Continente,emb. 2 un,"€1,70/un","€0,85/un"
Balde Lixo com Pedal Plástico Cinza,Kasa,1 un,"€7,00/un","€7,00/un"
Bloco Sanitário Blue Active Floral,Sonasol,emb. 3 un,"€4,39/un","€1,46/un"
Limpa Vidros Spray Brilhante,Sonasol,emb. 500 ml,"€3,99/un","€7,98/lt"
Limpa Máquinas Roupa 3 em 1,Continente,emb. 250 ml,"€1,49/un","€5,96/lt"
Lixívia Gel Perfumada Pinho,Continente,emb. 2 lt,"€1,25/un","€0,63/lt"
Discos Sanitários Ativos Recarga Floral Moon Edição Limitada,Pato,emb. 2 un,"€3,49/un","€1,75/un"
Amaciador Roupa Concentrado Ouro,Quanto,56 doses,"€3,29/un","€0,06/dos"
Amaciador Roupa Concentrado Delicado,Vernel,76 doses,"€3,99/un","€0,05/dos"
Limpa Máquinas Roupa,Xau,emb. 250 ml,"€3,99/un","€15,96/lt"
Rolo Multiusos Branco,Boost,emb. 2 un,"€4,29/un","€4,29/un"
Amaciador Roupa Concentrado Floral,Continente Eco,60 doses,"€1,97/un","€0,03/dos"
Detergente Máquina Roupa Cápsulas Ultimate Active Fresh,Skip,54 doses,"€14,99/un","€0,28/dos"
Rolo de Cozinha Pro-Expert,Colhogar,1 rolo = 10 rolos,"€5,33/un","€5,33/un"
Lava Tudo Perfumado Sabão,Continente,emb. 2 lt,"€0,99/un","€0,50/lt"
Detergente Máquina Roupa Líquido Sensitive,Skip,80 doses,"€15,99/un","€0,20/dos"
Higienizante WC Gel sem Lixívia Brisa do Mar,Neoblanc,emb. 700 ml,"€2,79/un","€3,99/lt"
Spray Inox Perfect Finish,Cif,emb. 435 ml,"€2,49/un","€5,72/lt"
Pano Absorvente,Continente,emb. 6 un,"€1,09/un","€0,18/un"
Conjunto Mopa Microfibra e Balde Limpeza com Espremedor Ultramax,Vileda,1 un,"€29,99/un","€29,99/un"
Detergente Máquina Loiça Pastilhas Tudo em 1,L'Arbre Vert,30 doses,"€6,29/un","€0,21/un"
Sal Máquina Loiça,Finish,emb. 2 kg,"€3,23/un","€1,62/kg"
Esfregão Lã Aço Sabão Limão,Continente,6 un,"€0,49/un","€0,08/un"
Spray Cozinha Desinfetante Limão,Lysol,emb. 500 ml,"€2,24/un","€4,48/lt"
Guardanapos 1 Folha Brancos,Renova,emb. 70 un,"€0,79/un","€0,01/un"
Recarga Mopa Microfibra 1.2 Spray Max,Vileda,1 un,"€6,80/un","€6,80/un"
Spray Desinfetante Tira Gorduras Protect,Continente,emb. 750 ml,"€2,29/un","€3,05/lt"
Sacos Lixo 100% Reciclado Fecho Clássico 150 lt,Continente Eco,10 un,"€3,39/un","€0,34/un"
Sacos Lixo com Atilho 20 lt,,50 un,"€1,79/un","€0,04/un"
Limpa Carpetes e Estofos Spray Oxi Action,Vanish,emb. 500 ml,"€5,19/un","€10,38/lt"
Amaciador Roupa Concentrado Lagoa Azul,Continente,80 doses,"€1,99/un","€0,02/dos"
Anti-Bolores Spray Sujidade,Cillit Bang,emb. 3 x 500 ml,"€5,24/un","€3,49/lt"
Creme de Limpeza Frescura Limão,Continente,emb. 750 ml,"€1,25/un","€1,67/lt"
Ambientador Recarga Portátil Touch&Fresh Relax Zen,Glade,emb. 2 un,"€5,99/un","€3,00/un"
Lixívia Perfumada Sabão Natural,Continente,emb. 2 lt,"€1,39/un","€0,70/lt"
Luvas Multiusos Tam. M/L,Continente,1 un,"€0,65/un","€0,65/un"
Ambientador Vela Mel e Chocolate,Glade,emb. 1 un,"€2,14/un","€2,14/un"
Abrasivo Sanitário Gel Active Fresh Pinho,Harpic,emb. 750 ml,"€1,94/un","€2,59/lt"
Detergente Máquina Loiça Pó Limão,Sun,80 doses,"€8,99/un","€0,11/un"
Luvas Descartáveis Superfinas Látex Tam. S/M,Continente,10 un,"€0,69/un","€0,07/un"
Discos Sanitários Ativos Recargas Lavanda,Pato,emb. 2 un,"€3,39/un","€1,70/un"
Detergente Máquina Roupa Líquido Optimal,A+,56 doses,"€8,99/un","€0,16/dos"
Ambientador Absorve Odores Gel Marinho,Continente,emb. 150 gr,"€0,79/un","€0,79/un"
Luvas Multiusos Tam. S,Continente,1 un,"€0,65/un","€0,65/un"
Creme de Limpeza com Lixívia,Continente,emb. 750 ml,"€1,25/un","€1,67/lt"
Velas em Copo 165g,Kasa,3 un,"€5,00/un","€1,67/un"
Papel Higiénico 3 Folhas Pure Natural,Colhogar,emb. 12 rolos,"€7,86/un","€0,66/un"
Lava Tudo Amoniacal Pack Poupança,Continente,emb. 5 lt,"€1,99/un","€0,40/lt"
Guardanapos 3 Folhas Art de La Table,Renova,emb. 50 un,"€1,24/un","€0,02/un"
Lava Tudo Magic Lavanda,Sonasol,"emb. 1,3 lt","€2,99/un","€2,30/lt"
Desengordurante Spray Espuma Ativa,Mistolin,emb. 500 ml,"€2,46/un","€4,92/lt"
Lava Tudo Líquido Brilhante Efeito Reparador,Sonasol,"emb. 1,1 lt","€2,79/un","€2,54/lt"
Esfregão Ultra Fresh Fibra Azul Não Risca,Vileda,emb. 2 + 1 un,"€1,99/un","€1,00/un"
Abrilhantador Máquina Loiça,Sun,emb. 1 lt,"€5,99/un","€5,99/lt"
Rolo de Cozinha XXL Triplo,Colhogar,4 rolos = 12 rolos,"€6,28/un","€1,57/un"
Spray Desengordurante,Continente,emb. 750 ml,"€1,79/un","€2,39/lt"
Amaciador Roupa Pétalas de Rosa,Continente,emb. 4 lt,"€2,69/un","€0,07/dos"
Spray WC Super Limpeza,Cillit Bang,emb. 3 x 500 ml,"€5,24/un","€3,49/lt"
Tira Nódoas Roupa Spray Oxi Power,Continente,emb. 750 ml,"€1,29/un","€1,72/lt"
Toalhitas de Limpeza Desinfetantes,Green Shield,emb. 60 un,"€2,99/un","€0,05/un"
Limpa Vidros Spray Tripla Acção,Ajax,emb. 500 ml,"€3,59/un","€7,18/lt"
Detergente Máquina Roupa Líquido Proteção Brancos,Woolite,56 doses,"€9,99/un","€0,18/dos"
Amaciador Roupa Concentrado Jojoba,Continente,80 doses,"€1,99/un","€0,02/dos"
Limpa Tapetes e Estofos Espuma Pet Expert,Vanish,emb. 600 ml,"€5,84/un","€9,73/lt"
Sacos Lixo 100% Reciclado 30 lt,Silvex,emb. 20 un,"€1,26/un","€0,06/un"
Sacos Lixo Ecobag 100% Reciclado 30 lt,Vileda,30 un,"€5,89/un","€0,20/un"
Ambientador Recarga Delícias de Verão,Air Wick,emb. 2 un,"€7,13/un","€3,57/un"
Amaciador Roupa Concentrado Aromaterapia Flor Lótus de Sonho,Vernel,emb. 3 x 76 doses,"€10,11/un","€0,04/dos"
Amaciador Roupa Concentrado Aromaterapia Orquídea Dourada,Vernel,57 doses,"€3,29/un","€0,06/dos"
Lava Tudo Boost Vinagre e Lavanda,Ajax,emb. 1 lt,"€1,99/un","€1,99/lt"
Recarga Mopa,Swiffer,emb. 40 un,"€6,74/un","€0,17/un"
Ambientador Recarga Portátil Sense&Spray Relax Zen,Glade,emb. 2 un,"€5,99/un","€3,00/un"
Spray WC Desinfetante,Lysol,emb. 500 ml,"€2,24/un","€4,48/lt"
Lixívia Gel Original,Domestos,emb. 750 ml,"€1,49/un","€1,99/lt"
Luvas Descartáveis Superfinas Látex Tam. M/L,Continente,10 un,"€0,69/un","€0,07/un"
Ambientador Recarga Portátil Sense&Spray Baunilha,Glade,emb. 2 un,"€5,99/un","€3,00/un"
Anti-Calcário Pastilhas,Continente,emb. 48 un,"€3,79/un","€0,08/un"
Lava Tudo Madeiras Extra Care com Óleo de Amêndoas,Pronto,emb. 750 ml,"€4,39/un","€5,85/lt"
Sacos Lixo WC 5 lt,Silvex,emb. 30 un,"€1,59/un","€0,05/un"
Detergente Máquina Roupa Líquido Proteção Escuros,Woolite,30 doses,"€6,99/un","€0,23/dos"
Detergente Máquina Loiça Gel All in 1 Higiene,Finish,50 doses,"€9,48/un","€0,19/un"
Pano Microfibras Universal Rolo,Vileda,1 un,"€1,71/un","€1,71/un"
"Cabo Esfregona 1,20m",Kasa,1 un,"€0,95/un","€0,95/un"
Conjunto Esfregona Tiras Microfibra e Balde Limpeza com Espremedor,Kasa,1 un,"€14,00/un","€14,00/un"
Água Perfumada para Engomar,Comfort,emb. 1 lt,"€1,49/un","€1,49/lt"
Lava Tudo Perfumado Flores Primavera,Ajax,"emb. 1,25 lt","€2,99/un","€2,39/lt"
Detergente Manual Loiça Concentrado Bosque,Continente Eco,emb. 500 ml,"€1,69/un","€3,38/lt"
Lixívia Spray Mousse Floral,Neoblanc,700 ml,"€3,49/un","€4,99/lt"
Rolo de Cozinha Maxi Absorption,Renova,4 un,"€1,94/un","€0,49/un"
Amaciador Roupa Concentrado Intense Care Protect,Comfort,60 doses,"€3,99/un","€0,07/dos"
Recarga Esfregona Tiras Microfibra Amarelas Suave,Vileda,1 un,"€3,99/un","€3,99/un"
Lava Tudo Perfumado Flores da Montanha,Ajax,"emb. 1,25 lt","€2,99/un","€2,39/lt"
Ambientador Elimina Odores Têxtil Spray,Febreze,emb. 500 ml,"€3,99/un","€7,98/lt"
Detergente Máquina Roupa Líquido Roupas Escuras,Continente,40 doses,"€4,79/un","€0,12/un"
Abrasivo Sanitário Líquido Anti-Calcário,Harpic,emb. 750 ml,"€1,94/un","€2,59/lt"
Desengordurante Spray Vitrocerâmica,Vitroclen,emb. 450 ml,"€5,99/un","€13,31/lt"
Multisuperfícies Spray Desinfetante,Sonasol,emb. 500 ml,"€3,99/un","€7,98/lt"
Lava Tudo Desinfetante,Continente,"emb. 1,5 lt","€2,29/un","€1,53/lt"
Saquetas Perfumadas,Comfort,emb. 3 un,"€1,99/un","€1,99/un"
Limpa Vidros Recarga Tripla Ação,Ajax,emb. 500 ml,"€2,99/un","€5,98/lt"
Ambientador Difusor Essential Mist Citrus,Air Wick,emb. 1 un,"€10,99/un","€10,99/un"
Anti-Calcário Spray Brilhante,Sonasol,emb. 500 ml,"€3,99/un","€7,98/lt"
Desengordurante Spray Vitrocerâmica,Continente,emb. 500 ml,"€1,99/un","€3,98/lt"
Detergente Máquina Loiça Pastilhas All in 1 Extra Power,Sun,76 doses,"€12,49/un","€0,16/un"
Esfregão Esponja,Continente,3 un,"€0,49/un","€0,16/un"
Detergente Máquina Roupa Líquido Pro-Care,Woolite,56 doses,"€9,99/un","€0,18/dos"
Detergente Máquina Roupa Cápsulas 3 em 1 Ultimate Cores,Skip,42 doses,"€12,49/un","€0,30/dos"
Detergente Máquina Loiça Pastilhas All in 1,Sun,90 doses,"€12,49/un","€0,14/un"
Detergente Máquina Roupa Cápsulas 3 em 1 Ultimate Active Clean,Skip,15 doses,"€4,49/un","€0,30/dos"
Descalcificador Liquído Pequenos Eletrodomésticos,Beckmann,emb. 250 ml,"€2,61/un","€10,44/lt"
Detergente Máquina Roupa Líquido Aloe Vera,Continente,46 doses,"€3,77/un","€0,08/un"
Abrasivo Sanitário Líquido Ação Total Pinho,Pato,emb. 750 ml,"€1,74/un","€2,32/lt"
Luvas Descartáveis Tam. S/M,Vileda,100 un,"€9,99/un","€0,10/un"
Detergente Máquina Roupa Líquido Baby,A+,56 doses,"€8,99/un","€0,16/dos"
Amaciador Roupa Concentrado Suave,Continente,80 doses,"€1,99/un","€0,02/dos"
Pá para Lixo com Cabo,Vileda,1 un,"€5,50/un","€5,50/un"
Amaciador Roupa Concentrado Essência Talco,Chicco,60 doses,"€8,99/un","€0,15/dos"
Limpa Máquina Loiça Líquido,Finish,emb. 2 x 250 ml,"€5,98/un","€11,96/lt"
Guardanapos 2 Folhas Mini Branco,Renova,emb. 90 un,"€1,25/un","€0,01/un"
Lava Tudo Desinfetante,Cif,"emb. 1,1 lt","€1,99/un","€1,81/lt"
Limpa Máquinas Roupa Desinfetante,Sanytol,emb. 1 un,"€3,99/un","€15,96/lt"
Desinfetante Spray Multiusos com Lixívia,Ajax,emb. 500 ml,"€3,99/un","€7,98/lt"
Detergente Máquina Roupa Cápsulas Vanish,Xau,50 doses,"€9,99/un","€0,20/dos"
Spray Desengordurante Brilhante,Sonasol,emb. 500 ml,"€1,99/un","€3,98/lt"
Limpa Máquinas Roupa,Skip,emb. 3 x 120 gr,"€6,49/un","€18,03/kg"
Lixívia Espessa,Domestos,emb. 750 ml,"€0,99/un","€1,32/lt"
Desinfetante Calçado,Sanytol,emb. 150 ml,"€2,64/un","€17,60/lt"
Tira Nódoas Roupa Spray,Mistolin,emb. 500 ml,"€1,99/un","€3,98/lt"
Multisuperfícies Spray Desinfetante,Lysol,emb. 500 ml,"€2,24/un","€4,48/lt"
Inseticida Spray Insetos,Bio Kill,emb. 375 ml,"€5,69/un","€15,17/lt"
Limpa Móveis Spray Lavanda,Pronto,emb. 300 ml,"€4,79/un","€15,97/lt"
Detergente Manual Loiça Maxi Poder Limão,Fairy,emb. 640 ml,"€3,68/un","€5,75/lt"
Guardanapos 1 Folha Amarelos,Continente,emb. 70 un,"€0,79/un","€0,01/un"
Limpa Máquina Loiça Boost,Sun,3 un,"€3,99/un","€1,33/un"
Amaciador Roupa Concentrado Intense Care Sensitive,Comfort,60 doses,"€3,99/un","€0,07/dos"
Pano Microfibras Actifibre,Vileda,2 un,"€2,99/un","€1,50/un"
Amaciador Roupa Concentrado Aromaterapia Flor Algodão,Vernel,emb. 3 x 76 doses,"€10,11/un","€0,04/dos"
Limpa Madeiras com Sabão,Continente,"emb. 1,5 lt","€1,79/un","€1,19/lt"
Lava Tudo Perfumado Antibacteriano Lavanda,Continente,"emb. 1,5 lt","€1,89/un","€1,26/lt"
Lixívia Gel Perfumada Herbal,Continente,emb. 2 lt,"€1,25/un","€0,63/lt"
Amaciador Roupa Concentrado Hipoalergénico,Continente do Bebé,60 doses,"€2,49/un","€0,04/dos"
Bloco Sanitário Multiativo Blue Water 6 em 1,Continente,emb. 2 un,"€1,79/un","€0,90/un"
Tira Nódoas Roupa Branqueador,Sanytol,emb. 450 gr,"€4,49/un","€9,98/kg"
Spray Desengordurante,Cillit Bang,emb. 500 ml,"€2,24/un","€4,48/lt"
Detergente Máquina Loiça Pastilhas Poder Ativo,Continente,64 un,"€5,99/un","€0,09/un"
Limpa Madeiras Spray Extra Care Aloé Vera,Pronto,emb. 500 ml,"€2,99/un","€5,98/lt"
Tira Nódoas Roupa Spray White Oxi Action,Vanish,emb. 750 ml,"€4,44/un","€5,92/lt"
Ambientador Elétrico 3volution Tatâmi do Japão,Ambipur,emb. 1 un,"€4,99/un","€4,99/un"
Detergente Manual Loiça Concentrado Neutro,Continente Eco,emb. 500 ml,"€1,49/un","€2,98/lt"
Descalcificador Máquina Roupa Pastilhas 3 em 1,Calgon,emb. 38 un,"€12,99/un","€0,34/un"
Detergente Manual Loiça Naturals Lavanda e Alecrim,Fairy,emb. 650 ml,"€2,14/un","€3,29/lt"
Papel de Alumínio 30m,Silvex,emb. 1 un,"€8,19/un","€0,27/m"
Amaciador Roupa Concentrado Aromaterapia Flor de Algodão,Vernel,57 doses,"€3,29/un","€0,06/dos"
Água Perfumada para Engomar,Continente,emb. 1 lt,"€0,69/un","€0,69/lt"
Toalhitas Proteção Cores,Iberia,emb. 30 un,"€4,99/un","€0,17/un"
Multiusos Spray Perfumado,Continente,emb. 750 ml,"€0,99/un","€1,32/lt"
Detergente Máquina Roupa Cápsulas 3 em 1 Coco,Surf,50 doses,"€9,99/un","€0,20/dos"
Spray WC Express,Mistolin,emb. 750 ml,"€2,24/un","€2,99/lt"
Amaciador Roupa Concentrado Aromaterapia+ Água de Coco e Minerais,Vernel,emb. 3 x 76 doses,"€10,11/un","€0,04/dos"
Abrasivo Sanitário Gel com Lixívia Eucalipto e Menta,Harpic,emb. 750 ml,"€2,26/un","€3,01/lt"
Bloco Sanitário Power 5 Ocean,Domestos,emb. 5 un,"€5,39/un","€1,08/un"
Desentupidor Canos Gel Manutenção,Continente,emb. 750 ml,"€1,89/un","€2,52/lt"
Amaciador Roupa Concentrado Flores Silvestres,Quanto,56 doses,"€3,29/un","€0,06/dos"
Balde Lixo com Pedal Plástico 35L Cinza,Kasa,1 un,"€10,00/un","€10,00/un"
Amaciador Roupa Concentrado Intense Care Nature,Comfort,60 doses,"€3,99/un","€0,07/dos"
Pano Multiusos em Rolo,Continente,1 un,"€1,99/un","€0,04/un"
Ambientador Recarga Elétrico Delícias de Verão,Air Wick,emb. 2 x 3 un,"€14,98/un","€2,50/un"
Detergente Máquina Loiça Gel All in 1 Higiene,Sun,52 doses,"€7,99/un","€0,15/un"
Abrilhantador Máquina Loiça 0%,Finish,emb. 400 ml,"€4,98/un","€12,45/lt"
Sacos Lixo com Alça 20 lt,Silvex,emb. 25 un,"€1,25/un","€0,05/un"
Detergente Máquina Roupa Líquido Sabão Vegetal,L'Arbre Vert,66 doses,"€10,99/un","€0,17/dos"
Ambientador Stick Perfumado Óleos Essenciais Flor,Air Wick,emb. 1 un,"€5,99/un","€5,99/un"
Espanador Limpa Pó 5 Recargas,Continente,1 un,"€2,69/un","€0,54/un"
Lava Tudo Magic Rosas e Jasmim,Sonasol,"emb. 1,3 lt","€2,99/un","€2,30/lt"
Limpa Móveis Spray Express,Mistolin,emb. 750 ml,"€2,24/un","€2,99/lt"
Bloco Sanitário Marinho,Continente,emb. 3 un,"€1,29/un","€0,43/un"
Sacos Lixo 100% Reciclado 130 lt,Silvex,emb. 10 un,"€3,14/un","€0,31/un"
Detergente Manual Loiça Maçã,Super Pop,emb. 1350 ml,"€2,39/un","€1,77/lt"
Guardanapos 2 Folhas blk Branco,Renova,emb. 75 un,"€2,17/un","€0,03/un"
Amaciador Roupa Concentrado Ametista & Íris,Quanto,56 doses,"€3,29/un","€0,06/dos"
Desincrustante WC Gel,Neoblanc,700 ml,"€2,79/un","€3,99/lt"
Ambientador Stick Perfumado Aromatherapy Zen,Glade,emb. 1 un,"€6,99/un","€6,99/un"
Discos Sanitários Ativos Lima Aparelho + 2 Recargas,Pato,emb. 1 un,"€3,23/un","€1,08/un"
Detergente Máquina Roupa Cápsulas Optimal,A+,56 doses,"€10,99/un","€0,20/dos"
Limpa Máquina Loiça Liquído Fresh,Continente,emb. 250 ml,"€1,49/un","€5,96/lt"
Amaciador Roupa Concentrado Suprême Elégance,Vernel,"emb. 1,05 lt","€3,99/un","€0,08/dos"
Esfregão Aço Inox,Natsil,3 un (Leve 3 Pague 2),"€1,59/un","€0,80/un"
Balde Lixo com Pedal Aço Escovado,Kasa,1 un,"€15,00/un","€15,00/un"
Bloco Autoclismo Matic Água Azul,Pato,2 un,"€2,40/un","€1,20/un"
Detergente Manual Loiça Limão,Cif,emb. 1 lt,"€1,99/un","€1,99/lt"
Película Aderente 60m,Silvex,emb. 1 un,"€3,89/un","€0,06/m"
Detergente Máquina Roupa Líquido Lavanda,Continente,46 doses,"€4,49/un","€0,10/un"
Ambientador Recarga LifeScents e Freshmatic Lavanda,Air Wick,emb. 2 x 3 un,"€14,98/un","€2,50/un"
Pano Microfibras Cores,Vileda,8 un,"€6,59/un","€0,82/un"
Difusor Pauzinhos 50ml,Kasa,1 un,"€2,50/un","€2,50/un"
Ambientador Portátil Freshmatic Lavanda e Camomila,Air Wick,emb. 1 un,"€5,99/un","€5,99/un"
Esfregão Salva Unhas Ultra Fresh,Vileda,2 un + 1 un,"€1,99/un","€1,00/un"
Detergente Manual Loiça Antibacteriano,Cif,emb. 600 ml,"€1,49/un","€2,48/lt"
Tira Nódoas Pó Roupa Branca,Skip,emb. 1 kg,"€7,49/un","€7,49/kg"
Toalhitas Proteção Cor Gold,Vanish,emb. 16 un,"€5,49/un","€0,17/un"
Esfregão Esponja Não Risca,Scotch-Brite,2 un,"€1,99/un","€1,00/un"
Detergente Manual Loiça Naturals 0% Perfume,Fairy,emb. 650 ml,"€2,14/un","€3,29/lt"
Ambientador Portátil Freshmatic Delícias de Verão,Air Wick,emb. 1 un,"€5,99/un","€5,99/un"
Rolo de Cozinha Tornado Strong,Foxy,1 rolo = 10 rolos,"€6,35/un","€6,35/un"
Limpa Vidros Spray Brilhante,Cillit Bang,emb. 500 ml,"€2,24/un","€4,48/lt"
Detergente Máquina Loiça Power Gel All in 1 Limão,Finish,emb. 3 x 50 doses,"€20,39/un","€0,14/un"
Esfregão Esponja Salva Unhas Ergonómico,Continente,2 un,"€0,79/un","€0,40/un"
Balde Lixo com Pedal Plástico 35L Cinza e Preto,,1 un,"€13,50/un","€13,50/un"
Ambientador Recarga Difusor Essential Mist Nenuco,Air Wick,emb. 1 un,"€4,79/un","€4,79/un"
Ambientador Recarga Sense&Spray Frescor de Roupa,Glade,emb. 2 un,"€5,99/un","€3,00/un"
Rolo de Cozinha Jumbo,Scottex,1 rolo = 10 rolos,"€4,49/un","€4,49/un"
Spray Eco Recarga Desinfetante Disinfect & Shine,Cif,emb. 70 ml,"€1,89/un","€27,00/lt"
Tira Nódoas Roupa Pó,Skip,emb. 1 kg,"€7,49/un","€7,49/kg"
Luvas Decartáveis Multi Tam. M/L,Vileda,100 un,"€9,99/un","€0,10/un"
Bloco Sanitário Active Clean Marinho,Pato,emb. 2 un,"€2,63/un","€1,32/un"
Sacos Lixo 100% Reciclado Fecho Clássico 20 lt,Continente Eco,50 un,"€1,99/un","€0,04/un"
Recarga Esfregona Tiras Microfibra Brancas e Vermelhas Premium,Vileda,1 un,"€5,29/un","€5,29/un"
Desentupidor Canos Gel Especialista,Mistolin,emb. 1 lt,"€3,51/un","€3,51/lt"
Amaciador Roupa Concentrado Aromaterapia Orquídea Dourada e Óleos de Magnólia,Vernel,76 doses,"€3,99/un","€0,05/dos"
Discos Sanitários Ativos Marinho Aparelho + 2 Recargas,Pato,emb. 1 un,"€3,23/un","€1,08/un"
Inseticida Anti-Traça Ganchos Perfume Lavanda,Raid,emb. 2 un,"€2,09/un","€1,05/un"
Recarga Esfregona Tiras Microfibra e Algodão Azuis,Vileda,1 un,"€4,19/un","€4,19/un"
Ambientador Recarga Elétrico Relax Zen,Glade,emb. 2 un,"€5,99/un","€3,00/un"
Limpa Alcatifas Champô,Vanish,emb. 950 ml,"€5,19/un","€5,46/lt"
Higienizante WC Gel com Lixívia,Neoblanc,700 ml,"€2,79/un","€3,99/lt"
Amaciador Roupa Concentrado Aromaterapia Orquídea Dourada e Óleos de Magnólia,Vernel,emb. 3 x 76 doses,"€10,11/un","€0,04/dos"
Pano Microfibras Suave,Vileda,6 un,"€2,98/un","€0,75/un"
Limpa Vidros Spray Express,Mistolin,emb. 750 ml,"€2,24/un","€2,99/lt"
Toalhitas de Limpeza WC,Cif,emb. 36 un,"€2,24/un","€0,06/un"
Desentupidor Canos Sólido,Continente,emb. 500 gr,"€3,79/un","€7,58/kg"
Amaciador Roupa Concentrado Supreme Glamour,Vernel,"emb. 1,05 lt","€3,99/un","€0,08/dos"
Ambientador Spray Pure sem Água Nenuco,Air Wick,emb. 250 ml,"€4,19/un","€4,19/un"
Bloco Sanitário Power 5 Lime,Domestos,emb. 5 un,"€5,39/un","€1,08/un"
Lava Tudo Perfumado Antibacteriano Marinho,Continente,"emb. 1,5 lt","€1,89/un","€1,26/lt"
Abrasivo Sanitário Gel Floral Moon Ação Total Edição Limitada,Pato,emb. 750 ml,"€2,07/un","€2,76/lt"
Guardanapos 1 Folha Azul,Renova,emb. 70 un,"€0,79/un","€0,01/un"
Desinfetante Roupa Líquido,Sanytol,emb. 500 ml,"€2,64/un","€5,28/kg"
Ambientador Recarga Elétrico Satin Moon,Air Wick,emb. 3 un,"€8,89/un","€2,96/un"
Amaciador Roupa Concentrado Aromaterapia Lírio e Azeite de Jasmim,Vernel,emb. 3 x 76 doses,"€10,11/un","€0,04/dos"
Anti-Calcário Líquido Plus,Viakal,500 ml,"€3,49/un","€6,98/lt"
Detergente Máquina Roupa Líquido Proteção Escuros,Soflan,36 doses,"€11,99/un","€0,33/dos"
Rolo de Cozinha Gigante,Scottex,3 rolos = 9 rolos,"€3,99/un","€1,33/un"
Bloco Sanitário Pinho,Continente,emb. 3 un,"€1,29/un","€0,43/un"
Amaciador Roupa Concentrado Intense Care Sport,Comfort,60 doses,"€3,99/un","€0,07/dos"
Amaciador Roupa Concentrado Violetas,Quanto,84 doses,"€4,99/un","€0,07/dos"
Lixívia Densa Perfumada Floral,Neoblanc,emb. 1 lt,"€2,05/un","€2,05/lt"
Guardanapos 1 Folha Red Label Green,Renova,emb. 70 un,"€0,79/un","€0,01/un"
Limpa Carpetes Spray Oxy Action Pet,Vanish,emb. 750 ml,"€6,49/un","€8,65/lt"
Tira Nódoas Roupa Gel,Skip,"emb. 1,6 lt","€6,99/un","€4,37/lt"
Mopa Casa de Banho com Cabo Regulável 2 em 1,Vileda,1 un,"€18,00/un","€18,00/un"
Desinfetante Roupa,Skip,"emb. 1,2 lt","€4,99/un","€4,16/kg"
Limpa Máquinas Roupa,Xau,emb. 2 x 250 ml,"€6,99/un","€13,98/lt"
Sacos Lixo Ecobag 100% Reciclado 50 lt,Vileda,24 un,"€6,65/un","€0,28/un"
Ambientador Recarga Difusor Essential Mist White Bouquet,Air Wick,emb. 1 un,"€4,79/un","€4,79/un"
Detergente Máquina Roupa Líquido Origem Natural Citrus,Botanical Origin,35 doses,"€9,99/un","€0,29/dos"
Ambientador Recarga Elétrico Baunilha,Glade,emb. 2 un,"€5,99/un","€3,00/un"
Pano Amarelo,Scotch-Brite,3 un (leve 3 pague 2),"€2,54/un","€1,27/un"
Intensificador Perfume Pérolas Unstoppables Dreams,Lenor,emb. 210 gr,"€6,59/un","€31,38/kg"
Lixívia Spray Gentil Multiusos,Continente,emb. 750 ml,"€1,99/un","€2,65/lt"
Esfregão Salva Unhas Fibra Azul,Scotch-Brite,1 un,"€1,52/un","€1,52/un"
Ambientador Portátil Sense&Spray Relax Zen,Glade,emb. 1 un,"€4,49/un","€4,49/un"
Ambientador Vela Maçã e Canela,Continente,emb. 1 un,"€1,79/un","€1,79/un"
Detergente Manual Loiça Ultra Poder Frutos Vermelhos,Fairy,"emb. 1,02 lt","€3,99/un","€3,93/lt"
Sistema Espreme Fácil com Esfregona e Balde com Pedal,Kasa,1 un,"€35,00/un","€35,00/un"
Desinfetante Roupa Spray sem Líxivia,Lysol,emb. 500 ml,"€3,99/un","€7,98/lt"
Lava Tudo Magic Camomila e Flor e Laranjeira,Sonasol,"emb. 1,3 lt","€2,99/un","€2,30/lt"
Detergente Manual Loiça Naturals Bergamota e Gengibre,Fairy,emb. 650 ml,"€2,14/un","€3,29/lt"
Esfregão WC,Continente,2 un,"€0,99/un","€0,50/un"
Ambientador Vela Frutos Vermelhos,Continente,emb. 1 un,"€1,79/un","€1,79/un"
Detergente Máquina Loiça Pastilhas All in 1 Limão,Sun,30 doses,"€4,99/un","€0,17/un"
Limpa Máquinas Roupa Desinfetante,Lysol,emb. 250 ml,"€4,99/un","€19,96/lt"
Abrilhantador Máquina Loiça Brilho e Secagem,Finish,emb. 400 ml,"€5,19/un","€12,98/lt"
Anti-Calcário Spray Brilhante,Ajax,emb. 500 ml,"€3,99/un","€7,98/lt"
Ambientador Vela Bouquet Primaveril,Continente,emb. 1 un,"€1,79/un","€1,79/un"
Ambientador Elétrico Pure Nenuco com Recarga,Air Wick,emb. 1 un,"€4,49/un","€4,49/un"
Sacos de Pasteleiro,Silvex,10 un,"€1,31/un","€0,13/un"
Creme de Limpeza Flores,Continente,emb. 750 ml,"€1,25/un","€1,67/lt"
Lava Tudo Perfumado Floral,Ajax,"emb. 1,25 lt","€2,99/un","€2,39/lt"
Descalcificador Máquina Roupa Pó 3 em 1,Calgon,20 doses,"€6,99/un","€0,35/dos"
Tira Nódoas Roupa Gel Oxi Power,Continente,emb. 750 ml,"€1,95/un","€2,60/lt"
Ambientador Vela Longa Duração Baunilha,Glade,emb. 1 un,"€3,14/un","€3,14/un"
Absorve Odores Frigorífico com Limão,Mister Magic,1 un,"€1,49/un","€1,49/un"
Spray WC Desinfetante,Continente,emb. 750 ml,"€2,29/un","€3,05/lt"
Toalhitas Desinfetantes,Cif,emb. 36 un,"€2,24/un","€0,06/un"
Intensificador Perfume Pérolas Pink,Lenor,emb. 224 gr,"€6,89/un","€30,76/kg"
Abrasivo Sanitário Gel Limão,Continente,emb. 1 lt,"€1,09/un","€1,09/lt"
Lava Tudo Magic Flores da Montanha,Sonasol,"emb. 3 x 1,3 lt","€5,64/un","€1,45/lt"
Limpa Inox Spray Advanced,Mistolin,emb. 500 ml,"€2,24/un","€4,48/lt"
Desinfetante Spray Superfícies e Mãos,Max,emb. 500 ml,"€5,19/un","€10,38/lt"
Multisuperfícies Spray Origem Natural Jasmim e Lavanda,Botanical Origin,emb. 500 ml,"€2,49/un","€4,98/lt"
Multisuperfícies Spray Advanced Lixívia,Mistolin,emb. 500 ml,"€2,24/un","€4,48/lt"
Conjunto Vassoura Pequena e Pá para Lixo,Kasa,1 un,"€1,95/un","€1,95/un"
Detergente Máquina Roupa Líquido,Omo,55 doses,"€5,99/un","€0,15/dos"
Limpa Móveis Spray Óleo de Cedro,Continente,emb. 300 ml,"€1,99/un","€6,63/lt"
Spray Desinfetante Sola de Sapato,Beurol,emb. 500 ml,"€1,94/un","€3,88/lt"
Ambientador Recarga Elétrico White Bouquet Duo,Air Wick,emb. 2 un,"€5,95/un","€2,98/un"
Removedor de Bolores e Fungos sem Cloro,UHU,emb. 500 ml,"€6,29/un","€6,29/un"
Lava Tudo Gel,Sonasol,"emb. 1,25 lt","€1,99/un","€1,59/lt"
Ambientador Vela Óleos Essenciais Baunilha,Air Wick,emb. 2 un,"€5,69/un","€2,85/un"
Espanador XXL com 2 Jack Junior,Swiffer,1 espanador + 2 recargas,"€5,99/un","€5,99/un"
Ambientador Absorve Odores Stick Up Fresh Aqua,Air Wick,emb. 2 un,"€2,39/un","€1,20/un"
Detergente Manual Loiça Limão Verde,Cif,emb. 600 ml,"€1,49/un","€2,48/lt"
Detergente Máquina Roupa Cápsulas 3 em 1 Ultimate Sensitive,Skip,42 doses,"€12,49/un","€0,30/dos"
Multisuperfícies Spray Desinfetante,Lysol,emb. 400 ml,"€4,49/un","€11,23/lt"
Purificador de Ar e Superfícies,Max,emb. 200 ml,"€3,49/un","€17,45/lt"
Ambientador Recarga Elétrico Sandalwood,Glade,emb. 2 un,"€5,99/un","€3,00/un"
Ambientador Recarga Difusor Essential Mist Lavanda,Air Wick,emb. 1 un,"€4,79/un","€4,79/un"
Recarga Esfregona Tiras Microfibra Brancas e Lilases Turbo 3 em 1,Vileda,1 un,"€8,40/un","€8,40/un"
Desentupidor Canos Gel Manutenção,Destop,emb. 750 ml,"€5,19/un","€6,92/lt"
Ambientador Absorve Odores Gel Pinho,Continente,emb. 150 gr,"€0,79/un","€0,79/un"
Bloco Sanitário Poder Ativo Pinho,Sonasol,emb. 3 un,"€4,39/un","€1,46/un"
Espanador Recarga,Continente,10 un,"€3,99/un","€0,40/un"
Sacos Lixo Fecho Fácil 50 lt,Silvex,emb. 12 un,"€2,49/un","€0,21/un"
Sacos Lixo Ecobag 50 lt,Vileda,10 un,"€2,89/un","€0,29/un"
Abrasivo Sanitário Gel Pinho,Continente Eco,emb. 1 lt,"€1,30/un","€1,30/lt"
Ambientador Vela Frescura do Campo,Continente,emb. 1 un,"€1,79/un","€1,79/un"
Cobre Sapatos Polietileno Tamanho Único,Field,100 un,"€6,89/un","€0,07/un"
Ambientador WC Recarga Marinho,Continente,emb. 3 un,"€3,29/un","€1,10/un"
Inseticida Anti-Traça Bolsinha Lavanda,Raid,emb. 18 un,"€2,74/un","€0,15/un"
Spray Desengordurante,Continente Eco,emb. 750 ml,"€1,34/un","€1,79/lt"
Esfregão Fibra Verde,Continente,4 un,"€0,65/un","€0,16/un"
Lava Tudo Líquido Brilhante Efeito Reparador,Sonasol,"emb. 3 x 1,1 lt","€7,78/un","€2,36/lt"
Ambientador Recarga Portátil Sense&Spray Lavanda e Jasmim,Glade,emb. 2 un,"€5,99/un","€3,00/un"
Limpa Pratas e Metais Espuma,Hagerty,emb. 185 gr,"€12,25/un","€66,22/kg"
Aditivo para Roupa Branqueador,Iberia,emb. 500 ml,"€2,61/un","€5,22/lt"
Bloco Sanitário Poder Ativo Pinho,Sonasol,emb. 3 x 3 un,"€11,19/un","€1,24/un"
Guardanapos 1 Folha Red Label,Renova,emb. 70 un,"€0,79/un","€0,01/un"
Limpa Fornos e Grelhadores Spray,Continente,emb. 500 ml,"€2,09/un","€4,18/lt"
Espanador com 5 Recargas Jack Junior,Swiffer,emb. 1 un,"€3,59/un","€0,72/un"
Esfregão Aço Inox Espiral,Vileda,emb. 2 un + 1 un,"€2,79/un","€1,40/un"
Bloco Sanitário Poder Ativo Pinho,Sonasol,emb. 2 un,"€5,98/un","€2,99/un"
"Ambientador Recarga Portátil Relax Zen, Lavanda e Jasmim",Glade,emb. 3 un,"€8,98/un","€2,99/un"
Bloco Sanitário Purple Active Lavanda,Sonasol,emb. 2 un,"€5,98/un","€2,99/un"
Amaciador Roupa Concentrado Aromaterapia+ Chá Branco e Peónia,Vernel,76 doses,"€3,99/un","€0,05/dos"
Guardanapos 1 Folha Red Label Amarelo,Renova,emb. 70 un,"€0,79/un","€0,01/un"
Ambientador Absorve Odores Flores Elegantes,Ambipur,1 un,"€2,49/un","€2,49/un"
Desodorizante Máquina Loiça Expert Odour Control&Fresh Limão,Sun,1 un,"€2,24/un","€2,24/un"
Rolo de Cozinha XXL,Renova,2 rolos,"€2,49/un","€1,25/un"
Ambientador Stick Perfumado LifeScents Delícias de Verão,Air Wick,emb. 3 x 30 ml,"€12,99/un","€4,33/un"
Amaciador Roupa Concentrado Elixir Lírios Azuis,Quanto,62 doses,"€4,49/un","€0,09/dos"
Pano Flanela Pó,Continente,1 un,"€1,09/un","€1,09/un"
Ambientador Recarga WC Lavanda,Continente,emb. 3 un,"€3,29/un","€1,10/un"
Desengordurante Creme Vitrocerâmica,Vitroclen,emb. 450 ml,"€5,99/un","€13,31/lt"
Detergente Máquina Roupa Pó Universal,Persil,70 doses,"€13,99/un","€0,20/dos"
Lixívia Densa Perfumada Branca,Neoblanc,emb. 1 lt,"€2,05/un","€2,05/lt"
Ambientador Vela Peónia e Cereja,Glade,emb. 1 un,"€2,14/un","€2,14/un"
Tira Nódoas Roupa Pó Oxi Action Pink,Vanish,emb. 800 gr,"€9,74/un","€12,18/kg"
Limpa Calçado,Mistolin,emb. 100 ml,"€2,49/un","€24,90/lt"
Detergente Máquina Roupa Cápsulas Pro Nature,A+,56 doses,"€10,99/un","€0,20/dos"
Multisuperfícies Spray Power Clean,Continente,emb. 750 ml,"€1,69/un","€2,25/lt"
Tinta para Tingir Azul Ganga,Iberia,emb. 1 un,"€3,71/un","€3,71/un"
Bloco Sanitário Power 5 Lime,Domestos,emb. 2 un,"€2,74/un","€1,37/un"
Bloco Sanitário Blue Active Floral,Sonasol,emb. 3 x 3 un,"€11,19/un","€1,24/un"
Intensificador Perfume Pérolas Flor Ametista,Lenor,emb. 210 gr,"€6,59/un","€31,38/kg"
Ambientador Recarga Freshmatic White Bouquet,Air Wick,emb. 2 un,"€5,95/un","€2,98/un"
Espanador Agarra Pó,Pronto,1 un,"€4,29/un","€4,29/un"
Guardanapos 2 folhas Art de la Table Decorado,Renova,emb. 80 un,"€1,49/un","€0,02/un"
Lava Tudo Magic Leite de Amêndoa,Sonasol,"emb. 1,3 lt","€2,99/un","€2,30/lt"
Limpa Vidros Spray Brilhante,Cillit Bang,emb. 3 x 500 ml,"€5,24/un","€3,49/lt"
Recargas Esfregona Tiras Microfibra Amarelas Suave,Vileda,2 un,"€7,00/un","€7,00/un"
Bloco Sanitário 3 em 1 Power Ocean,Domestos,1 un,"€0,99/un","€0,99/un"
Sacos Lixo Ecobag 20 lt,Vileda,15 un,"€1,99/un","€0,13/un"
Esfregão Resistente Bactérias,Continente,3 un,"€1,89/un","€0,63/un"
Detergente Máquina Roupa Líquido Optimal,A+,85 doses,"€11,99/un","€0,14/dos"
Pano Esponja,Vileda,5 un,"€3,21/un","€0,64/un"
Amaciador Roupa Concentrado Jasmim e Maçã Verde,Surf,90 doses,"€3,49/un","€0,04/dos"
Limpa Máquina Loiça Líquido Limão,Finish,emb. 250 ml,"€3,88/un","€15,52/lt"
Ambientador Roupeiro Talco,Continente,emb. 2 un,"€1,49/un","€0,75/un"
Amaciador Roupa Concentrado Ouro,Quanto,84 doses,"€4,99/un","€0,07/dos"
Detergente Máquina Roupa Líquido Limpo e Fresco,Persil,60 doses,"€12,49/un","€0,21/dos"
Esfregão Power Inox,Vileda,2 un,"€3,49/un","€1,75/un"
Tira Nódoas Roupa Pó Desinfetante,Sanytol,emb. 450 gr,"€4,49/un","€9,98/kg"
Álcool Gel Protect 70% Vol.,Continente,emb. 100 ml,"€0,99/un","€9,90/lt"
Pano Microfibras Cores XL,Vileda,4 un,"€4,26/un","€1,07/un"
Detergente Manual Loiça Aloé Vera,Fairy,"emb. 1,02 lt","€3,59/un","€3,54/lt"
Sacos para Cubos de Gelo,Vileda,emb. 10 un,"€1,99/un","€0,20/un"
Detergente Máquina Roupa Líquido Proteção Cores,Woolite,30 doses,"€6,99/un","€0,23/dos"
Limpa Móveis Spray Multisuperfícies Lima,Pronto,emb. 300 ml,"€4,79/un","€15,97/lt"
Lava Tudo Magic Aloé Vera,Sonasol,"emb. 1,3 lt","€2,99/un","€2,30/lt"
Detergente Máquina Roupa Pó Sabão Azul e Branco,Persil,70 doses,"€12,49/un","€0,18/dos"
Ambientador Recarga Elétrico Delícias de Verão Duo,Air Wick,emb. 2 un,"€7,13/un","€3,57/un"
Bloco Sanitário Multiativo Turquesa,Continente,emb. 2 un,"€1,79/un","€0,90/un"
Detergente Máquina Roupa Líquido Cores,Soflan,60 doses,"€9,90/un","€0,17/dos"
Lava Tudo Magic Rosas e Jasmim,Sonasol,"emb. 3 x 1,3 lt","€5,64/un","€1,45/lt"
Amaciador Roupa Concentrado Elixir Rosas,Quanto,62 doses,"€4,49/un","€0,09/dos"
Detergente Manual Loiça Ultra Jasmim Rosa,Fairy,emb. 820 ml,"€2,55/un","€3,11/lt"
Esponja para Calçado Brilho Incolor,Continente,1 un,"€0,99/un","€0,99/un"
Rolo de Cozinha Cartapaglia Jumbo,Foxy,1 rolo = 10 rolos,"€4,31/un","€4,31/un"
Bloco Sanitário Deluxe Magnólia,Sonasol,emb. 2 un,"€6,78/un","€3,39/un"
Inseticida Anti-Traça Papel Floral,Raid,emb. 2 x 12 un,"€3,49/un","€0,15/un"
Detergente Máquina Roupa Líquido Origem Natural Lavanda,Botanical Origin,35 doses,"€9,99/un","€0,29/dos"
Descalcificador Máquina Roupa Pastilhas 3 em 1,Calgon,emb. 15 un,"€6,99/un","€0,47/un"
Lava Tudo Perfumado Floral Antibacteriano,Continente,"emb. 1,5 lt","€1,89/un","€1,26/lt"
Lava Tudo Líquido Brilhante Efeito Reparador Eucalipto e Menta,Sonasol,"emb. 1,1 lt","€2,79/un","€2,54/lt"
Sacos para Congelar,Silvex,emb. 25 un,"€1,98/un","€0,08/un"
Bloco Sanitário Poder Ativo Aqua,Sonasol,emb. 3 x 3 un,"€11,19/un","€1,24/un"
Esfregão Salva Unhas Green Life,Fino,emb. 2 un,"€1,59/un","€0,80/un"
Lava Tudo Brilhante Floral,Continente,"emb. 1,1 lt","€1,39/un","€1,26/lt"
Inseticida Recarga Insetos,Bio Kill,emb. 375 ml,"€4,49/un","€11,97/lt"
Detergente Máquina Roupa Cápsulas Fácil de Engomar,Xau,50 doses,"€9,99/un","€0,20/dos"
Velas em Copo 25g,Kasa,6 un,"€3,50/un","€0,58/un"
Detergente Máquina Roupa Líquido Sabão Azul e Branco,Persil,60 doses,"€7,99/un","€0,13/dos"
Sabão Barra,Clarim,emb. 400 gr,"€2,45/un","€6,13/kg"
Ambientador Recarga Freshmatic Satin&Moon,Air Wick,emb. 2 un,"€5,95/un","€2,98/un"
Luvas Descartáveis Superfinas Vinil Tam. M/L,Continente,10 un,"€0,69/un","€0,07/un"
Ambientador Spray Frutos Vermelhos,Continente,emb. 300 ml,"€0,99/un","€3,30/lt"
Desentupidor Energy,UHU,emb. 1 lt,"€3,99/un","€3,99/un"
Bloco Sanitário Blue Active Floral,Sonasol,emb. 2 un,"€5,98/un","€2,99/un"
Lava Tudo Floresta,Continente Eco,emb. 1 lt,"€1,79/un","€1,79/lt"
Spray Desengordurante Power Clean,Continente,emb. 750 ml,"€1,79/un","€2,39/lt"
Amaciador Roupa Concentrado Lírios e Frutos Vermelhos,Quanto,84 doses,"€4,99/un","€0,07/dos"
Ambientador Spray Montanha,Continente,emb. 300 ml,"€0,99/un","€3,30/lt"
Tira Nódoas Roupa Spray,Kh-7,emb. 750 ml,"€3,98/un","€5,31/lt"
Detergente Máquina Roupa Líquido Fresh Flowers,A+,56 doses,"€8,99/un","€0,16/dos"
Sabão Barra Offenbach Rosa,Bolhão,emb. 400 gr,"€1,29/un","€3,23/kg"
Sacos Lixo Fecho Fácil 30 lt,Silvex,emb. 12 un,"€2,49/un","€0,21/un"
Esfregão Salva Unhas Vitrocerâmica,Vileda,2 un (50% oferta 2ª un incluído preço),"€3,39/un","€1,70/un"
Vassoura Easy Clean,Kasa,1 un,"€20,00/un","€20,00/un"
Luvas Descartáveis Superfinas Vinil Tam. S/M,Continente,10 un,"€0,69/un","€0,07/un"
Lava Tudo Desinfetante,Ajax,emb. 1 lt,"€1,99/un","€1,99/lt"
Toalhitas Cozinha,Cif,emb. 36 un,"€2,24/un","€0,06/un"
Detergente Manual Loiça Plus+ Limão,Super Pop,emb. 460 ml,"€1,48/un","€3,22/lt"
Detergente Manual Loiça Espuma Ativa,Fairy,emb. 375 ml,"€3,30/un","€8,80/lt"
Pano Esponja Cozinha,Continente,3 un,"€0,69/un","€0,23/un"
Soda Cáustica Plus,Boost,emb. 500 ml,"€3,99/un","€7,98/lt"
Tira Nódoas Roupa Spray Pré-lavagem,K2r,emb. 500 ml,"€2,49/un","€4,98/lt"
Aditivo para Roupa Delicada,Skip,emb. 3 lt,"€4,99/un","€1,66/lt"
Sacos para Cubos de Gelo,Silvex,emb. 10 un,"€1,39/un","€0,14/un"
Recarga Mopa Microfibra Sistema Ultramax,Vileda,1 un,"€7,99/un","€7,99/un"
Recarga Mopa Casa de Banho 2 em 1,Vileda,1 un,"€6,80/un","€6,80/un"
Esfregão Esponja Vegetal,Continente,2 un,"€0,89/un","€0,45/un"
Ambientador Stick Perfumado Luxe Bouquet Moment,MyLabel,emb. 1 un,"€5,49/un","€5,49/un"
Detergente Máquina Roupa Líquido Concentrado,Continente Eco,28 doses,"€4,13/un","€0,15/dos"
Detergente Máquina Roupa Pó Sabão Natural,Continente,100 doses,"€10,99/un","€0,11/dos"
Toalhitas Anti-Transferência de Cor,Vanish,emb. 10 un,"€3,49/un","€0,35/un"
Limpa Máquinas Roupa Limão,Xau,emb. 250 ml,"€3,99/un","€15,96/lt"
Detergente Manual Loiça Concentrado Derma Aloé,Continente,emb. 500 ml,"€1,49/un","€2,98/lt"
Ambientador Recarga Freshmatic Delícias de Verão,Air Wick,emb. 1 un,"€3,59/un","€3,59/un"
Ambientador Recarga Freshmatic Oásis Turquesa e Lavanda,Air Wick,emb. 3 un,"€8,89/un","€2,96/un"
Ambientador Recarga Aromatherapy Cool Mist Moment of Zen,Glade,emb. 1 un,"€3,99/un","€3,99/un"
Ambientador Stick Perfumado Bouquet Primaveril,Continente,emb. 1 un,"€2,99/un","€2,99/un"
Sacos Lixo Ecobag Fecho Fácil Perfumado Lavanda 30 lt,Vileda,15 un,"€2,99/un","€0,20/un"
Lava Tudo Vinagre,Continente,"emb. 1,4 lt","€1,69/un","€1,21/lt"
Desodorizante Máquina Loiça Limão,Sun,emb. 2 un,"€3,99/un","€2,00/un"
Ambientador Roupeiro Roupa Limpa,Continente,emb. 2 un,"€1,99/un","€1,00/un"
Ambientador Spray Cherry Blossom Moment,MyLabel,emb. 250 ml,"€3,49/un","€13,96/lt"
Ambientador Stick Perfumado Aromatherapy Hapiness,Glade,emb. 1 un,"€6,99/un","€6,99/un"
Óleo de Cedro,Continente,emb. 200 ml,"€1,39/un","€6,95/lt"
Spray Desengordurante Concentrado,Agerul,emb. 750 + 150 ml,"€3,14/un","€4,19/lt"
Sacos Lixo Anti-Pingos 50 lt,Handy Bag,emb. 10 un,"€2,33/un","€0,23/un"
Detergente Máquina Roupa Pó Coco,Surf,92 doses,"€12,49/un","€0,14/dos"
Amaciador Roupa Concentrado Talco,Chicco,emb. 750 ml,"€4,99/un","€0,17/dos"
Lixívia com Detergente,Domestos,emb. 2 lt,"€2,44/un","€1,22/lt"
Pano Multiusos Microfibras,Continente,emb. 3 un,"€2,19/un","€0,73/un"
Ambientador Recarga Difusor Essential Mist Citrus,Air Wick,emb. 1 un,"€4,79/un","€4,79/un"
Ambientador Recarga Elétrico 3volution Ar Puro,Ambipur,emb. 1 un,"€3,49/un","€3,49/un"
Limpa Móveis Spray Óleo de Cedro,Pronto,emb. 250 ml,"€4,79/un","€19,16/lt"
Detergente Máquina Roupa Pó,Gama,120 doses,"€10,99/un","€0,09/dos"
Tira Nódoas Roupa Pó Desinfetante,Continente,emb. 450 gr,"€3,49/un","€7,76/kg"
Amaciador Roupa Concentrado Pureza Campestre,L'Arbre Vert,53 doses,"€3,24/un","€0,06/dos"
Pano Multiusos Suave Ultra Fresh,Vileda,2 un,"€1,98/un","€0,99/un"
Detergente Manual Loiça Plus+ Citrinos,Super Pop,emb. 1 lt,"€2,14/un","€2,14/lt"
Cera Madeira Acrílica,Continente,emb. 75 cl,"€2,69/un","€3,59/lt"
Spray Desengordurante Desinfetante,Mistolin,emb. 545 ml,"€2,46/un","€4,51/lt"
Ambientador Vela Anti Tabaco,Glade,emb. 1 un,"€2,14/un","€2,14/un"
Spray Antibacteriano Power Clean,Continente,emb. 750 ml,"€1,79/un","€2,39/lt"
Detergente Máquina Loiça Pastilhas All in 1 Limão,Sun,70 doses,"€9,99/un","€0,14/un"
Balde Limpeza com Espremedor 10L Superfácil,Vileda,1 un,"€17,00/un","€17,00/un"
Tira Nódoas Roupa Pó Oxi Action White,Vanish,emb. 800 gr,"€9,74/un","€12,18/kg"
Intensificador Perfume Gel Elixir Romance,Quanto,emb. 300 ml,"€4,99/un","€16,63/lt"
Vassoura Interior Universal,Vileda,1 un,"€6,99/un","€6,99/un"
Detergente Máquina Roupa Líquido Roupa Desportiva,Continente,40 doses,"€4,49/un","€0,11/un"
Ambientador Portátil Freshmatic Oásis Turquesa,Air Wick,emb. 1 un,"€5,99/un","€5,99/un"
Anti Bolores Spray Power Clean,Continente,emb. 500 ml,"€1,79/un","€3,58/lt"
Detergente Máquina Roupa Líquido Proteção Brancos,Woolite,30 doses,"€6,99/un","€0,23/dos"
Recargas Esfregona Tiras Azuis Super,Vileda,2 un,"€7,00/un","€7,00/un"
Detergente Máquina Loiça Pastilhas All in 1 Limão,Finish,42 doses,"€8,98/un","€0,21/un"
Esfregão Ultra Fresh Fibra Verde,Vileda,2 un + 1 un,"€1,99/un","€1,00/un"
Rolo de Cozinha Mega 3,Foxy,2 rolos = 6 rolos,"€4,31/un","€2,16/un"
Recarga Esfregona Tiras Rosa Universal,Vileda,1 un,"€3,00/un","€3,00/un"
Lava Chão Cápsulas Hidrossolúveis Eco Perfume Lavanda,Clean Essence,emb. 16 un,"€2,59/un","€0,16/un"
Detergente Máquina Loiça Power Gel All in 1 Frescura Anti Odores,Finish,50 doses,"€9,48/un","€0,19/un"
Ambientador Spray Relax Zen,Glade,emb. 300 ml,"€1,55/un","€1,55/un"
Mopa Microfibra Flip,Vileda,1 un,"€17,50/un","€17,50/un"
Guardanapos 2 Folhas Elegance,Continente,emb. 90 un,"€2,39/un","€0,03/un"
Ambientador Recarga Elétrico Baunilha e Orquídea,Air Wick,emb. 1 un,"€3,59/un","€3,59/un"
Inseticida Spray Casa e Plantas,Continente,emb. 500 ml,"€1,49/un","€2,98/lt"
Detergente Máquina Roupa Pó Sabão Natural,Skip,100 doses,"€14,99/un","€0,15/dos"
Detergente Máquina Loiça Pastilhas Optimum Tudo em 1 Limão,Sun,48 doses,"€11,24/un","€0,23/un"
Lixívia Perfumada Frescura do Campo,Neoblanc,2 lt,"€2,16/un","€1,08/lt"
Ambientador Recarga Difusor Melancia e Pepino Edição Limitada,Glade,emb. 2 un,"€6,49/un","€3,25/un"
Tinta para Tingir Preto,Iberia,emb. 25 gr,"€3,71/un","€3,71/un"
Luvas Duráveis Comfort Extra Tam. M/L,Vileda,1 par,"€2,24/un","€2,24/un"
Detergente Máquina Roupa Cápsulas Frescura Primavera,Xau,50 doses,"€9,99/un","€0,20/dos"
Ambientador Recarga Aromatherapy Cool Mist Pure Hapiness,Glade,emb. 1 un,"€3,99/un","€3,99/un"
Película Aderente 30m,Silvex,emb. 1 un,"€2,49/un","€0,08/m"
Película Aderente Freshmate 25m,Vileda,emb. 1 un,"€2,65/un","€0,11/m"
Detergente Máquina Roupa Cápsulas 3 em 1 Ultimate Higiene,Skip,42 doses,"€12,49/un","€0,30/dos"
Inseticida Elétrico Recarga Voadores,Raid,emb. 3 x 45 noites,"€19,99/un","€6,66/un"
Esfregão Natura Celulosa Vegetal,Bonfanti Natura,2 un,"€1,79/un","€0,90/un"
Detergente Máquina Roupa Líquido Pro Nature,A+,80 doses,"€11,99/un","€0,15/dos"
Esfregona Tiras Micofibra Brancas e Vermelhas Premium 2 em 1,Vileda,1 un,"€9,50/un","€9,50/un"
Luvas Multiusos Acetinadas Tam. S,Continente,1 un,"€0,69/un","€0,69/un"
Detergente Máquina Roupa Líquido Sabão Vegetal,L'Arbre Vert,33 doses,"€7,14/un","€0,22/dos"
Rolo de Cozinha Maxi Absorption XXL,Renova,2 rolos,"€2,15/un","€1,08/un"
Limpa Vidros Spray Eco Pinho,Continente Eco,emb. 750 ml,"€1,70/un","€2,27/lt"
Esfregão Aço Inox,Bravo,1 un (17% grátis),"€1,49/un","€1,49/un"
Toalhitas Proteção Cores,Woolite,emb. 10 un,"€3,49/un","€0,35/un"
Ambientador Stick Perfumado LifeScents Delícias de Verão,Air Wick,emb. 30 ml,"€5,99/un","€5,99/un"
Detergente Máquina Roupa Cápsulas Mountain Breeze,A+,56 doses,"€10,99/un","€0,20/dos"
Desodorizante Calçado Anti-Odor,Continente,emb. 150 ml,"€1,79/un","€11,93/lt"
Lava Tudo Líquido Brilhante Desinfetante,Sonasol,"emb. 3 x 1,1 lt","€7,78/un","€2,36/lt"
Discos Sanitários Ativos Recargas Lima,Pato,emb. 1 un,"€1,94/un","€1,94/un"
"Sabão Barra Lãs, Sedas e Nylon",Confiança,emb. 125 gr,"€2,49/un","€19,92/kg"
Ambientador Absorve Odores Relva Fresca,Ambipur,1 un,"€2,49/un","€2,49/un"
Bloco Sanitário Purple Active Eucalipto,Sonasol,emb. 3 x 3 un,"€11,19/un","€1,24/un"
Toalhitas de Limpeza de Vidros,Ajax,emb. 40 un,"€3,99/un","€0,10/un"
Detergente Manual Loiça Concentrado Limão,Continente,emb. 1 lt,"€1,99/un","€1,99/lt"
Detergente Máquina Roupa Pó Optimal,A+,92 doses,"€11,99/un","€0,13/dos"
Limpa Vidros Spray Power Clean,Continente,emb. 750 ml,"€1,79/un","€2,39/lt"
Ambientador Vela Aroma Aromatherapy Zen,Glade,emb. 1 un,"€5,49/un","€5,49/un"
Desentupidor Turbo,UHU,emb. 500 ml,"€2,99/un","€2,99/un"
Ambientador Vela Óleos Essenciais Anti-Tabaco Laranja,Air Wick,emb. 2 un,"€5,69/un","€2,85/un"
Esfregão Classic Verde Grande,Scotch-Brite,1 un,"€1,84/un","€1,84/un"
Amaciador Roupa Concentrado Rosa e Rosmaninho,Surf,90 doses,"€3,49/un","€0,04/dos"
Ambientador Vela Aromatherapy Calm Mind,Glade,emb. 1 un,"€5,49/un","€5,49/un"
Sacos Lixo Ecobag Fecho Fácil Perfumado Limão 50 lt,Vileda,10 un,"€3,59/un","€0,36/un"
Desincrustante Especialista,Mistolin,emb. 975 ml,"€2,61/un","€2,68/lt"
Amaciador Roupa Concentrado Peónia Azul e Citrus,Surf,90 doses,"€3,49/un","€0,04/dos"
Ambientador Recarga Elétrico Delícias de Verão,Air Wick,emb. 1 un,"€3,59/un","€3,59/un"
Limpa Carpetes Tira Nódoas e Sujidade,Continente,emb. 1 lt,"€2,49/un","€2,49/lt"
Lava Tudo Líquido Brilhante Efeito Reparador Eucalipto e Menta,Sonasol,"emb. 3 x 1,1 lt","€7,78/un","€2,36/lt"
Detergente Máquina Roupa Líquido Tradição,Gama,100 doses,"€9,99/un","€0,10/dos"
Sacos Multiusos 5L,Vileda,emb. 10 un,"€5,49/un","€0,55/un"
Ambientador Recarga Elétrico Botânica Vetiver Caraíbas e Madeira Sândalo,Air Wick,emb. 1 un,"€4,19/un","€4,19/un"
Ambientador Difusor Essential Mist Lavanda,Air Wick,emb. 1 un,"€10,99/un","€10,99/un"
Detergente Manual Loiça Ultra Poder Extra Higiene,Fairy,emb. 650 ml,"€3,59/un","€5,52/lt"
Inseticida Anti-Traça Alimentos,Raid,emb. 3 un,"€2,74/un","€0,91/un"
Esfregona Tiras Algodão Amarelas Basic,Kasa,1 un,"€2,10/un","€2,10/un"
Ambientador Vela Merry Berry & Wine Edição Limitada,Glade,emb. 1 un,"€2,64/un","€2,64/un"
Luvas Sensitive de Nitrilo Biodegradáveis,Continente,emb. 50 un,"€4,99/un","€0,10/un"
Amaciador Roupa Concentrado Aromaterapia+ Chá Branco e Peónia,Vernel,emb. 3 x 76 doses,"€10,11/un","€0,04/dos"
Tira Nódoas Roupa Gel Cor Branca,Skip,"emb. 1,6 lt","€6,99/un","€4,37/lt"
Ambientador Stick Perfumado Aromatherapy Calm Mind,Glade,emb. 1 un,"€6,99/un","€6,99/un"
Esfregão Salva Unhas Ondactiva,Vileda,emb. 2 + 1 un,"€3,19/un","€1,60/un"
Cabo Esfregona e Vassoura 140cm Universal,Vileda,1 un,"€4,79/un","€4,79/un"
Limpa Vidros Recuperadores Calor,Pluricor,emb. 500 ml,"€2,89/un","€2,89/un"
Lava Tudo Líquido Brilhante Efeito Reparador Floral,Sonasol,"emb. 3 x 1,1 lt","€7,78/un","€2,36/lt"
Amaciador Roupa Concentrado Fresh Control Rosa,Vernel,70 doses,"€3,99/un","€0,06/dos"
Lava Tudo Magic Leite de Amêndoa,Sonasol,"emb. 3 x 1,3 lt","€5,83/un","€1,49/lt"
Limpa Máquina Loiça Líquido,Finish,emb. 250 ml,"€3,88/un","€15,52/lt"
Esfregão Esponja Cores,Scotch-Brite,2 un,"€2,19/un","€1,10/un"
Abrasivo Sanitário Gel Alecrim,L'Arbre Vert,emb. 740 ml,"€1,94/un","€2,62/lt"
Intensificador Perfume Gel Elixir Glamour,Quanto,emb. 300 ml,"€4,99/un","€16,63/lt"
Detergente Máquina Roupa Líquido Optimal,A+,36 doses,"€5,99/un","€0,17/dos"
Discos Sanitários Ativos Floral Moon Edição Limitada,Pato,emb. 1 un,"€2,39/un","€2,39/un"
Rolo de Cozinha Maxi Absorption XXL,Renova,3 rolos = 6 rolos,"€3,35/un","€1,12/un"
Detergente Manual Roupa Pó,Gama,emb. 510 gr,"€1,90/un","€3,73/kg"
Ambientador Elétrico Lavanda e Camomila com Recarga,Air Wick,emb. 1 un,"€4,49/un","€4,49/un"
Inseticida Elétrico Líquido 3 Aparelhos e 3 Recargas,Raid,emb. 3 x 45 noites,"€21,99/un","€7,33/un"
Pano Microfibras Ultra Fresh,Vileda,emb. 2 + 1 un,"€2,99/un","€1,50/un"
Conjunto Vassoura Pequena e Pá para Lixo 2 em 1,Vileda,1 un,"€7,00/un","€7,00/un"
Bloco Sanitário Deluxe Jasmim,Sonasol,emb. 2 un,"€6,78/un","€3,39/un"
Detergente Máquina Roupa Cápsulas Sensitive,Chicco,16 doses,"€8,99/un","€0,56/dos"
Lava Tudo Magic Aloé Vera,Sonasol,"emb. 3 x 1,3 lt","€5,64/un","€1,45/lt"
Ambientador Vela Marshmallow Irish Cream Edição Limitada,Glade,emb. 1 un,"€2,64/un","€2,64/un"
Detergente Manual Loiça Plus+ Limão,Super Pop,emb. 1 lt,"€2,14/un","€2,14/lt"
Ambientador Aerossol Botanica Lavanda,Air Wick,emb. 1 un,"€4,19/un","€4,19/un"
Ambientador Difusor Essential Mist Nenuco,Air Wick,emb. 1 un,"€10,99/un","€10,99/un"
Recarga Mopa,Gamex,emb. 20 un,"€2,24/un","€0,11/un"
Amaciador Roupa Concentrado Revival Jasmim Azul,Quanto,62 doses,"€4,49/un","€0,09/dos"
Ambientador Recarga Elétrico Apple Cosy Cider Edição Limitada,Glade,emb. 2 un,"€6,49/un","€3,25/un"
Ambientador Recarga Elétrico Lavanda,Continente,emb. 1 un,"€1,79/un","€1,79/un"
Ambientador Recarga Touch&Fresh Jasmim e Sândalo,Glade,emb. 1 un,"€2,09/un","€2,09/un"
Ambientador Vela Encanto de Verão,Continente,emb. 1 un,"€1,79/un","€1,79/un"
Detergente Máquina Roupa Pó Universal,Persil,40 doses,"€15,99/un","€0,40/dos"
Ambientador Elétrico Botânica Baunilha e Magnólia,Air Wick,emb. 1 un,"€4,99/un","€4,99/un"
Ambientador Recarga Touch&Fresh Romã,Glade,emb. 1 un,"€2,09/un","€2,09/un"
Desengordurante Liquído Vitrocerâmica,Scotch-Brite,emb. 250 ml,"€3,96/un","€15,84/lt"
Desentupidor Profissional 1L,Paso,emb. 1 lt,"€5,39/un","€5,39/lt"
Luvas Descartáveis Extra Sensation Tam. M,Vileda,,"€1,49/un","€1,49/un"
Ambientador Spray Exotic Vanilla,Glade,emb. 300 ml,"€1,55/un","€5,17/lt"
Amaciador Roupa Concentrado Rubi,Quanto,84 doses,"€4,99/un","€0,07/dos"
Detergente Máquina Roupa Cápsulas 3 em 1 Tropical,Surf,35 doses,"€7,49/un","€0,21/dos"
Spray WC Limpeza Eficaz,Continente Eco,emb. 750 ml,"€1,34/un","€1,79/lt"
Lava e Encera Alfazema,Continente,emb. 750 ml,"€1,79/un","€2,39/lt"
Lava Tudo Brilhante Fresh,Continente,"emb. 1,1 lt","€1,39/un","€1,26/lt"
Spray Cozinha Tira Gorduras com Lixívia,Mistolin,emb. 545 ml,"€2,46/un","€4,51/lt"
Multiusos Recarga Perfumado,Continente,emb. 750 ml,"€0,89/un","€1,19/lt"
Absorve Odores Frigorífico com Sal e Bicabornato,Mister Magic,1 un,"€1,49/un","€1,49/un"
Lava Chão Cápsulas Hidrossolúveis Eco Perfume Marinho,Clean Essence,emb. 16 un,"€2,59/un","€0,16/un"
Tira Nódoas Spray Roupa Branca,Continente,emb. 750 ml,"€1,29/un","€1,72/lt"
Ambientador Recarga Elétrico Lavanda,Air Wick,emb. 1 un,"€3,59/un","€3,59/un"
Inseticida Elétrico Recarga Melgas e Mosquitos Pack Triplo,Dum Dum,3 x 45 Noites,"€9,24/un","€3,08/un"
Ambientador Stick Perfumado Cherry Blossom Moment,MyLabel,emb. 1 un,"€5,49/un","€5,49/un"
Absorvente Cheiros Frigorífico,Humydry,emb. 1 un,"€3,79/un","€3,79/un"
Sacos Lixo 160 lt,Silvex,emb. 10 un,"€5,09/un","€0,51/un"
Guardanapos 2 Folhas Gold Amarelo,Renova,emb. 40 un,"€1,99/un","€0,05/un"
Guardanapos 2 Folhas Gold Vermelho,Renova,emb. 40 un,"€1,99/un","€0,05/un"
Ambientador Vela Botânica Baunilha e Magnólia,Air Wick,emb. 1 un,"€5,99/un","€5,99/un"
Limpa Frigoríficos Spray Bio-Álcool,Beckmann,emb. 250 ml,"€3,06/un","€12,24/lt"
Ambientador Elétrico Relax Zen,Glade,emb. 1 un,"€4,49/un","€4,49/un"
Detergente Máquina Roupa Líquido Lavanda,Skip,80 doses,"€15,99/un","€0,20/dos"
Rolo de Cozinha Aquactive com Sabão,Amoos,1 = 10 rolos,"€7,99/un","€7,99/un"
Sacos para Assados no Forno,Silvex,emb. 8 un,"€2,36/un","€0,30/un"
Bloco Sanitário Água Azul Frescura Marítima,Harpic,emb. 1 un,"€1,64/un","€1,64/un"
Inseticida Spray Exteriores,Bio Kill,emb. 375 ml,"€6,99/un","€18,64/lt"
Bloco Sanitário Poder Ativo Aqua,Sonasol,emb. 2 un,"€5,98/un","€2,99/un"
Limpa Móveis Líquido Extra Care Óleo de Cedro,Pronto,emb. 250 ml,"€3,59/un","€14,36/lt"
Inseticida Spray Rastejantes,Raid,emb. 400 ml,"€5,89/un","€14,73/lt"
Detergente Manual Loiça Limão,Cif,emb. 600 ml,"€1,49/un","€2,48/lt"
Abrasivo Sanitário Gel Eco Eucalipto,Harpic,emb. 750 ml,"€2,09/un","€2,79/lt"
Descalcificador Máquinas Lavar Roupa e Loiça,Beckmann,emb. 100 gr,"€4,61/un","€46,10/kg"
Detergente Máquina Roupa Cápsulas Sabão Natural,Continente,30 doses,"€5,79/un","€0,19/dos"
Detergente Máquina Roupa Líquido Fresh Orange,Seventh Generation,40 doses,"€8,49/un","€0,21/dos"
Lava Tudo Madeiras Desinfetante,Beurol,emb. 1 lt,"€2,59/un","€1,73/lt"
Guardanapos 2 Folhas Gold Preto 39x39cm,Renova,40 un,"€1,99/un","€0,05/un"
Cera Madeira Acrílica,Splendor,"emb. 1,5 lt","€10,32/un","€6,88/lt"
Esfregona Tiras Algodão Brancas Perfect,Kasa,1 un,"€2,95/un","€2,95/un"
Ambientador Recarga Elétrico Pure Flor Cerejeira,Air Wick,emb. 1 un,"€3,59/un","€3,59/un"
Ambientador Recarga Portátil Touch&Fresh Frescor Roupa,Glade,emb. 1 un,"€2,09/un","€2,09/un"
Limpa Recuperadores e Fornos,Boost,emb. 500 ml,"€2,89/un","€2,89/un"
Restaurador de Móveis Extra Care,Pronto,emb. 100 ml,"€5,49/un","€54,90/lt"
Bloco Sanitário Blue Active Higiene,Sonasol,1 un,"€1,98/un","€1,98/un"
Luvas Multiusos Tam. S,Vileda,1 par,"€1,49/un","€1,49/un"
Spray Limpa Estofos,Boost,emb. 1 lt,"€3,29/un","€3,29/lt"
Toalhitas de Limpeza Biodegradáveis,Green Shield,emb. 50 un,"€2,99/un","€0,06/un"
Amaciador Roupa Concentrado Flores Silvestres,Quanto,84 doses,"€4,99/un","€0,07/dos"
"Inseticida Elétrico Recarga Moscas, Mosquitos e Formigas Night&Day",Raid,emb. 1 un,"€6,99/un","€6,99/un"
Inseticida Baratas Controller,Raid,emb. 6 un,"€6,39/un","€1,07/un"
Esfregão Metálico Inox,Scotch-Brite,1 un,"€1,15/un","€1,15/un"
Spray Desengordurante Eco,Cillit Bang,emb. 500 ml,"€2,24/un","€4,48/lt"
Ambientador Portátil Sense&Spray Lavanda e Jasmin,Glade,emb. 1 un,"€4,49/un","€4,49/un"
Bloco Sanitário 4 em 1 Água Azul,Pato,emb. 1 un,"€2,79/un","€2,79/un"
Lava Tudo Gel,Continente,"emb. 1,5 lt","€1,29/un","€0,86/lt"
Limpa Churrasqueiras,Mistolin,emb. 500 ml,"€4,86/un","€9,72/lt"
Detergente Manual Loiça Concentrado Power+ Maçã,Continente,emb. 1 lt,"€2,39/un","€2,39/lt"
Limpa Frigoríficos Spray Eco,Clean Essence,emb. 500 ml,"€2,59/un","€5,18/lt"
Desengordurante Spray Placa Vitrocerâmica,Beckmann,emb. 250 ml,"€3,14/un","€12,56/lt"
Engoma Fácil Pistola,Continente,emb. 750 ml,"€1,99/un","€2,65/lt"
Detergente Máquina Loiça Gel All in 1 Limão,Sun,52 doses,"€7,99/un","€0,15/un"
Detergente Máquina Roupa Pó Tradição,Gama,100 doses,"€9,99/un","€0,10/dos"
Luvas Multisusos Capa Tripla Tam. M/L,Continente,1 un,"€1,59/un","€1,59/un"
Limpa Móveis Spray Extra Care,Continente,emb. 300 ml,"€1,99/un","€6,63/lt"
Detergente Máquina Loiça Pastilhas Oxyplus Bicarbonato de Sódio e Limão,Super Pop,65 doses,"€10,99/un","€0,17/un"
Limpa Máquinas Roupa Express,Xau,emb. 250 ml,"€4,99/un","€19,96/kg"
Ambientador Roupeiro Floral,Continente,emb. 2 un,"€1,49/un","€0,75/un"
Ambientador Recarga Elétrico Flores,Continente,emb. 1 un,"€1,79/un","€1,79/un"
Lixívia Gel Pink Power,Domestos,emb. 750 ml,"€1,49/un","€1,99/lt"
Papel de Alumínio 16m,Silvex,emb. 1 un,"€4,89/un","€0,31/m"
Higienizante Pó,Lysol,emb. 450 gr,"€4,49/un","€9,98/kg"
Inseticida Anti-Ácaros,Continente,emb. 400 ml,"€3,19/un","€7,98/lt"
Detergente Máquina Roupa Líquido Ocean Dream,A+,56 doses,"€8,99/un","€0,16/dos"
Ambientador Vela Aromatherapy Hapiness,Glade,emb. 1 un,"€5,49/un","€5,49/un"
Ambientador Stick Perfumado Flor de Cerejeira,Air Wick,emb. 1 un,"€5,99/un","€5,99/un"
Luvas Multiusos Capa Tripla Tam. S,Continente,1 un,"€1,59/un","€1,59/un"
Ambientador Spray Pure sem Água Flor de Cerejeira,Air Wick,emb. 250 ml,"€4,19/un","€4,19/un"
Ambientador Vela Óleos Essenciais Maçã,Air Wick,emb. 2 un,"€5,69/un","€2,85/un"
Guardanapos 1 Folha Red Label Branco,Renova,emb. 2 x 70 un,"€1,55/un","€0,01/un"
Amaciador Roupa Concentrado Essência para Recordar,San,80 doses,"€2,64/un","€0,03/dos"
Escova para Engraxar,Continente,1 un,"€1,29/un","€1,29/un"
Luvas Acetinadas Tam. M/L,Continente,1 un,"€0,69/un","€0,69/un"
Amaciador Roupa Concentrado Supreme Romance,Vernel,"emb. 1,05 lt","€7,99/un","€0,15/dos"
Amaciador Roupa Concentrado Twist Aloe Vera,Quanto,74 doses,"€4,99/un","€0,07/dos"
Spray Auto Limpa Estofos com Escova,Boost,emb. 400 ml,"€5,49/un","€13,73/lt"
Pano Microfibras Loiça,Continente,1 un,"€1,19/un","€1,19/un"
Detergente Máquina Roupa Líquido Higiene,Continente,46 doses,"€5,21/un","€0,11/un"
Lava Tudo Perfumado Antibacteriano Herbal,Continente,"emb. 1,5 lt","€1,89/un","€1,26/lt"
Detergente Máquina Loiça Pastilhas Oxyplus,Super Pop,45 doses,"€8,49/un","€0,19/un"
Ambientador Recarga Elétrico 3volution Harmonia de Baunilha,Ambipur,emb. 1 un,"€3,49/un","€3,49/un"
Amaciador Roupa Concentrado Intenso Luxury Gold,Continente,56 doses,"€2,99/un","€0,05/dos"
Tira Nódoas Roupa Spray a Seco,Continente,emb. 200 ml,"€1,99/un","€9,95/lt"
Amaciador Roupa Concentrado Essência para Sonhar,San,80 doses,"€2,64/un","€0,03/dos"
Lava Tudo Cápsulas,Continente,emb. 20 un,"€2,15/un","€0,11/un"
Vela 4 Pavios 350g,Kasa,1 un,"€7,00/un","€7,00/un"
Pano Microfibras 100% Reciclado,Vileda,emb. 3 un,"€3,21/un","€1,07/un"
Multisuperfícies Spray Clássico,Pronto,emb. 500 ml,"€2,99/un","€5,98/lt"
Bloco Sanitário Poder Ativo Lavanda,Sonasol,emb. 2 un,"€5,98/un","€2,99/un"
Vela em Copo 165g,Kasa,1 un,"€4,00/un","€4,00/un"
Bloco Sanitário Blue Active Eucalipto,Sonasol,1 un,"€1,98/un","€1,98/un"
Ambientador Spray Frescura Roupa,Glade,emb. 300 ml,"€1,55/un","€1,55/un"
Detergente Máquina Roupa Líquido Brisa Frescura,L'Arbre Vert,33 doses,"€7,14/un","€0,22/dos"
Inseticida Elétrico Melgas e Mosquitos Pack Triplo,Dum Dum,135 noites,"€9,99/un","€9,99/un"
Inseticida Anti-Traça Maçã Verde,Dum Dum,emb. 3 un,"€4,49/un","€1,50/un"
Discos Sanitários Ativos Gel Marinho,Pato,emb. 1 un,"€2,24/un","€2,24/un"
Ambientador Recarga Spray Lavanda,Glade,emb. 2 un,"€5,99/un","€3,00/un"
Desodorizante Calçado Desinfetante,Beurol,emb. 230 ml,"€2,91/un","€12,65/lt"
Inseticida Anti-Traça 4 Seasons,Raid,emb. 4 un,"€0,99/un","€0,25/un"
Amaciador Roupa Concentrado Intenso Blooming Petals,Continente,56 doses,"€2,99/un","€0,05/dos"
Creme de Limpeza Vitrocerâmica,Beckmann,emb. 250 ml,"€3,81/un","€15,24/lt"
Ambientador Spray Botânica Vetiver Caraíbas e Madeira Sândalo,Air Wick,emb. 1 un,"€4,19/un","€4,19/un"
Ambientador Stick Perfumado Flor de Cerejeira,Air Wick,emb. 3 x 1 un,"€12,99/un","€4,33/un"
Inseticida Spray Moscas e Mosquitos,Dum Dum,emb. 300 ml,"€3,36/un","€11,20/lt"
Cabo Mopa Extensível 80-135cm,Kasa,1 un,"€1,90/un","€1,90/un"
Limpa Móveis Spray Revitaliza Âmbar e Argão,Pronto,emb. 250 ml,"€4,39/un","€17,56/lt"
Ambientador Portátil Relax Zen,Glade,emb. 1 un,"€5,49/un","€5,49/un"
Papel Vegetal Anti-Deslizante 8m,Albal,emb. 1 un,"€2,26/un","€0,28/m"
Bloco Sanitário Active Clean Pinho,Pato,emb. 2 un,"€2,63/un","€1,32/un"
Ambientador Recarga Elétrico Satin Moon,Air Wick,emb. 2 x 3 un,"€14,98/un","€2,50/un"
Absorve Odores Frigorífico com Vinagre Natural,Mister Magic,1 un,"€1,49/un","€1,49/un"
Detergente Máquina Roupa Pó Limpeza Ativa,Continente,40 doses,"€5,49/un","€0,14/dos"
Esfregão Salva Unhas Fibra Verde,Scotch-Brite,emb. 2 un,"€1,99/un","€1,00/un"
Ambientador Recarga Touch&Fresh Marine,Glade,emb. 1 un,"€2,09/un","€2,09/un"
Detergente Manual Loiça Concentrado Power+ Frutos Vermelhos,Continente,emb. 500 ml,"€1,35/un","€2,70/lt"
Sacos para Congelar Ultra-Zip 1L,Albal,emb. 12 un,"€2,59/un","€0,22/un"
Inseticida Anti-Traça Bolsinha Lavanda,Dum Dum,emb. 20 un,"€4,49/un","€0,22/un"
Detergente Máquina Roupa Líquido Sensitive,Skip,60 doses,"€12,49/un","€0,21/dos"
Limpa Máquinas Roupa,Beckmann,emb. 1 un,"€4,56/un","€18,24/lt"
Sabão Barra Azul,Confiança,emb. 5 x 100 gr,"€2,05/un","€4,10/kg"
Bloco Sanitário Bright Gel Magic Breeze,Sonasol,emb. 2 un,"€3,39/un","€1,70/un"
Ambientador Absorve Odores Ocean Adventure,Glade,emb. 1 un,"€2,99/un","€2,99/un"
Papel de Alumínio 30m,Albal,emb. 1 un,"€5,19/un","€0,17/m"
Luvas Extra Sensation,Vileda,1 par,"€1,49/un","€1,49/un"
Creme de Limpeza,Continente Eco,emb. 750 ml,"€1,25/un","€1,67/lt"
Detergente Manual Loiça Concentrado Power+ Limão,Continente,emb. 500 ml,"€1,35/un","€2,70/lt"
Guardanapos 2 Folhas 100% Recycled,Renova,emb. 80 un,"€1,49/un","€0,02/un"
Lava Chão Madeiras Eco,Splendor,emb. 1 lt,"€4,65/un","€4,65/lt"
Sacos Lixo 100% Bio 30 lt,Vileda,emb. 12 un,"€3,99/un","€0,33/un"
Ambientador Vela Botanica Vetviver,Air Wick,emb. 1 un,"€5,99/un","€5,99/un"
Detergente Máquina Roupa Cápsulas Orquidea 2 em 1,Continente,20 doses,"€4,49/un","€0,22/dos"
Pano Multi Quattro Colors,Vileda,emb. 4 un,"€3,21/un","€0,80/un"
Detergente Máquina Roupa Líquido Fresh Flowers,A+,36 doses,"€5,99/un","€0,17/dos"
Aditivo para Roupa Branqueador,Iberia,emb. 6 x 20 gr,"€2,24/un","€18,67/kg"
Spray WC Antifungos,Pattex,emb. 500 ml,"€3,99/un","€3,99/un"
Detergente Manual Loiça Plus+ Frutos Silvestres,Super Pop,emb. 1 lt,"€2,14/un","€2,14/lt"
Ambientador Recarga Elétrico Canela,Continente,emb. 1 un,"€1,79/un","€1,79/un"
Mopa Descartável com Cabo Regulável Attractive,Vileda,1 un,"€17,99/un","€17,99/un"
Ambientador Vela Apple Cosy Cider Edição Limitada,Glade,emb. 1 un,"€2,64/un","€2,64/un"
Inseticida Elétrico Recarga Mosquitos,Continente,2 x 45 Noites,"€3,99/un","€2,00/un"
Discos Sanitários Ativos Gel Lima,Pato,emb. 1 un,"€2,24/un","€2,24/un"
Balde Limpeza com Espremedor 7L Wring&Go,Vileda,1 un,"€11,50/un","€11,50/un"
Esfregão Mousse,Natsil,6 un,"€2,09/un","€0,35/un"
Guardanapos 2 Folhas Gold Azul,Renova,emb. 1 un,"€1,99/un","€0,05/un"
Sacos Lixo Anti-Odores 30 lt,Handy Bag,emb. 15 un,"€2,59/un","€0,17/un"
Ambientador Recarga Difusor Aromatherapy Calm Mind,Glade,emb. 1 un,"€3,99/un","€3,99/un"
Sacos Lixo Anti-Pingos 30 lt,Handy Bag,emb. 15 un,"€2,19/un","€0,15/un"
Limpa Camurças Renovador Incolor,Búfalo,emb. 250 ml,"€6,19/un","€24,76/lt"
Rolo de Cozinha Giga Roll Recycled,Renova,1 rolo = 10 rolos,"€3,64/un","€3,64/un"
Cera Madeira Acrílica,Splendor,emb. 500 ml,"€3,89/un","€7,78/lt"
Toalhitas de Limpeza Anti-Bacterial,Green Shield,50 un,"€2,99/un","€0,06/un"
Ambientador Elétrico Flores,Continente,1 un,"€2,99/un","€2,99/un"
Lixívia Delicada Gentil Higiene,Neoblanc,emb. 2 lt,"€4,86/un","€2,43/lt"
Detergente Manual Loiça Bicarbonato de Sódio e Limão,Super Pop,emb. 675 ml,"€2,14/un","€3,17/lt"
Tinta para Tingir Azul Marinho,Iberia,emb. 20 gr,"€3,71/un","€3,71/un"
Bloco Sanitário Dupla Fragrância Pêssego e Maçã,Sonasol,emb. 2 un,"€6,78/un","€3,39/un"
Esfregão Salva Unhas Ergonómico,Scotch-Brite,1 un,"€1,46/un","€0,73/un"
Ambientador WC Marinho com Recarga,Continente,emb. 2 un,"€2,19/un","€1,10/un"
Ambientador WC Spray Lavanda com Recarga,Continente,emb. 1 un,"€2,19/un","€1,10/un"
Luvas Multiusos Tam. M,Scotch-Brite,1 un,"€1,16/un","€1,16/un"
Limpa Móveis Cera Abelhas,Splendor,emb. 300 ml,"€2,13/un","€7,10/lt"
Ambientador Recarga Freshmatic Lavanda e Camomila,Air Wick,emb. 1 un,"€3,59/un","€3,59/un"
Discos Sanitários Ativos Cosmic Peach Edição Limitada,Pato,1 un,"€2,39/un","€2,39/un"
Ambientador Recarga Elétrico Satin&Moon,Air Wick,emb. 1 un,"€3,59/un","€3,59/un"
Ambientador Recarga Difusor 2 Fragrâncias Edição Limitada,Glade,,"€8,23/un","€2,74/un"
Multisuperfícies Spray Desengordurante,L'Arbre Vert,emb. 740 ml,"€2,59/un","€3,50/lt"
"Ambientador Recarga Portátil Relax Zen, Sandalwood e Lavanda",Glade,emb. 2 Zen + 1 Lavanda,"€8,98/un","€2,99/un"
Ambientador Recarga Difusor Touch&Fresh Lavanda,Glade,emb. 10 ml,"€2,09/un","€2,09/un"
Sabão Barra Rosa,Confiança,emb. 5 x 100 gr,"€2,15/un","€4,30/kg"
Bloco Sanitário Poder Ativo Limão,Sonasol,emb. 1 un,"€1,98/un","€1,98/un"
Ambientador Elétrico Sandalwood e Jasmim,Glade,emb. 1 un,"€4,49/un","€4,49/un"
Limpa Vidros Frescura Menta,L'Arbre Vert,emb. 740 ml,"€2,59/un","€3,50/lt"
Toalhitas de Limpeza Madeira,Green Shield,emb. 70 un,"€2,99/un","€0,06/un"
Detergente Manual Loiça Concentrado Power+ Maçã,Continente,emb. 500 ml,"€1,35/un","€2,70/lt"
Detergente Máquina Roupa Cápsulas Fresh Flowers,A+,38 doses,"€8,48/un","€0,22/dos"
Inseticida Anti-Traça 4 Seasons,Raid,emb. 12 un,"€1,99/un","€0,17/un"
Máquina de Limpeza de Vidros,Karcher,emb. 1 un,"€44,99/un","€44,99/un"
Cera Tijoleira Acrílica,Splendor,emb. 500 ml,"€3,89/un","€7,78/lt"
Bloco Sanitário Essential Power Eucalipto,Harpic,emb. 2 un,"€3,29/un","€1,65/un"
Papel de Alumínio 10m,Albal,emb. 1 un,"€2,59/un","€0,26/m"
Vassoura Pequena Perfect,Kasa,1 un,"€1,20/un","€1,20/un"
Detergente Máquina Roupa Líquido Buqué Roxo,Gama,110 doses,"€10,99/un","€0,10/dos"
Pano Microfibras Cozinha,Continente,1 un,"€1,29/un","€1,29/un"
Ambientador Stick Perfumado Botânica Vetiver Caraíbas e Madeira Sândalo,Air Wick,emb. 2 x 1 un,"€14,39/un","€7,20/un"
Bloco Sanitário Explosão Cítrica,Neoblanc,emb. 2 un,"€2,39/un","€1,20/un"
Ambientador Vela Maçã e Canela,Continente,emb. 1 un,"€1,79/un","€1,79/un"
Recarga Mopa Microfibra Flip,Vileda,1 un,"€9,10/un","€9,10/un"
Spray Limpa Inox,Continente,emb. 500 ml,"€1,79/un","€3,58/lt"
Esfregão Salva Unhas Fresh Verde,Scotch-Brite,2 un,"€1,86/un","€0,93/un"
Restaurador Chão Madeira Médio Escuro,Splendor,emb. 500 ml,"€5,39/un","€10,78/lt"
Balde Limpeza com Espremedor e Divisória Perfect,Kasa,1 un,"€8,00/un","€8,00/un"
Balde Lixo Plástico 20L Cinza,Kasa,1 un,"€10,00/un","€10,00/un"
Detergente Máquina Roupa Líquido Color,Persil,emb. 3 x 55 doses,"€26,99/un","€0,16/dos"
Ambientador Stick Perfumado Magic Place,Aroma Home,1 un,"€9,99/un","€9,99/un"
Limpa Móveis Spray Limão,Pronto,emb. 300 ml,"€4,79/un","€15,97/lt"
Detergente Máquina Roupa Cápsulas Peles Sensíveis,L'Arbre Vert,22 doses,"€7,14/un","€0,32/dos"
Ambientador Recarga Freshmatic White Bouquet,Air Wick,emb. 1 un,"€3,59/un","€3,59/un"
Detergente Manual Loiça Concentrado Power+ Limão,Continente,emb. 1 lt,"€2,39/un","€2,39/lt"
Detergente Máquina Roupa Cápsulas Optimal,A+,10 doses,"€2,99/un","€0,30/dos"
Detergente Máquina Roupa Líquido Hygiene,A+,80 doses,"€11,99/un","€0,15/dos"
Detergente Manual Loiça Espuma Ativa,Continente,emb. 500 ml,"€2,99/un","€5,98/lt"
Esfregona Tiras Microfibra Amarelas Premium Perfect,Kasa,1 un,"€3,55/un","€3,55/un"
Detergente Máquina Roupa Pó Desinfeção,A+,16 doses,"€3,49/un","€0,22/dos"
Tira Nódoas Roupa Resistentes Revolution,Iberia,emb. 150 ml,"€4,23/un","€28,20/lt"
Ambientador Portátil Sense&Spray Frescura,Glade,emb. 1 un,"€4,49/un","€4,49/un"
Toalhitas de Limpeza WC,Green Shield,50 un,"€2,99/un","€0,06/un"
Difusor Pauzinhos 50ml,Kasa,1 un,"€6,00/un","€6,00/un"
Bloco Sanitário Power 5 Oceano,Domestos,emb. 2 un,"€2,74/un","€1,37/un"
Ambientador Recarga Spray Baunilha,Glade,emb. 1 un,"€3,59/un","€3,59/un"
Detergente Manual Loiça Maxi Poder Original,Fairy,emb. 640 ml,"€3,68/un","€5,75/lt"
Multisuperfícies Líquido Brilhante,Continente,"emb. 1,1 lt","€1,39/un","€1,26/lt"
Rolo de Cozinha 100% Recycled,Renova,2 rolos,"€2,25/un","€1,13/un"
Creme Autobrilhante Preto,Continente,emb. 40 ml,"€1,29/un","€32,25/lt"
Pano Microfibras Pó,Continente,1 un,"€0,95/un","€0,95/un"
Guardanapos 2 Folhas Gold Summer,Renova,emb. 75 un,"€3,74/un","€0,05/un"
Desodorizante Máquina Loiça Odor Control,Finish,1 un,"€3,24/un","€3,24/un"
Limpa Móveis Spray Multisuperfícies Clássico,Pronto,emb. 300 ml,"€4,79/un","€15,97/lt"
Tira Nódoas Roupa Pó Cores,A+,emb. 1 kg,"€5,99/un","€5,99/kg"
Ambientador Recarga Portátil Bali,Glade,emb. 1 un,"€3,59/un","€3,59/un"
Esfregão Esponja Fibra Verde,Scotch-Brite,1 un,"€1,35/un","€1,35/un"
Discos Sanitários Ativos Gel Lavanda,Pato,emb. 1 un,"€2,24/un","€2,24/un"
Inseticida Anti-Traças Bolsinha Lavanda,Efi Protect,emb. 24 un,"€1,39/un","€0,06/un"
Inseticida Spray Casa e Plantas,Raid,emb. 600 ml,"€6,59/un","€10,98/lt"
Ambientador Spray Air Nuvens Algodão,Ambipur,emb. 300 ml,"€1,99/un","€1,99/un"
Inseticida Spray Casa e Plantas,Dum Dum,emb. 400 ml,"€4,49/un","€11,23/lt"
Esfregão Salva Unhas Ergonómico,Scotch-Brite,1 un,"€1,52/un","€0,76/un"
Guardanapos 2 Folhas Gold Bordeaux,Renova,emb. 40 un,"€1,99/un","€0,05/un"
Removedor de Calcário Power,UHU,emb. 650 ml,"€4,99/un","€4,99/un"
Protecção de Fogão Tam. Único,Silvex,emb. 12 un,"€2,66/un","€0,22/un"
Ambientador Spray Luxe Bouquet Moment,MyLabel,emb. 250 ml,"€3,49/un","€13,96/lt"
Recarga Esfregona Tiras Algodão Brancas Perfect,Kasa,1 un,"€1,70/un","€1,70/un"
Bloco Sanitário Água Roxa Orquídea Selvagem e Violeta,Harpic,emb. 1 un,"€1,64/un","€1,64/un"
Esfregão Salva Unhas Fibra Negra,Vileda,3 un,"€3,19/un","€1,06/un"
Ambientador Absorve Odores Sandalwood,Glade,emb. 1 un,"€2,99/un","€2,99/un"
Recarga Esfregona Tiras Microfibra Amarelas Premium Perfect,Kasa,1 un,"€1,85/un","€1,85/un"
Inseticida Spray Multi-Insetos,Raid,emb. 400 ml,"€6,39/un","€15,98/lt"
Ambientador Recarga Elétrico Lavanda e Aloé Vera,Glade,emb. 2 un,"€5,99/un","€3,00/un"
Detergente Máquina Loiça Pastilhas All in 1 Regular,Finish,42 doses,"€8,98/un","€0,21/un"
Ambientador Stick Perfumado Muddle Wine,Air Wick,emb. 3 x 1 un,"€12,99/un","€4,33/un"
Limpa Pratas Líquido,Duraglit,emb. 150 ml,"€8,99/un","€59,93/lt"
Inseticida Baratas Pó,Baygon,emb. 250 gr,"€4,12/un","€16,48/kg"
Balde Lixo com Pedal Plástico 25L Cinza,Kasa,1 un,"€12,50/un","€12,50/un"
Desodorizante Máquina Loiça Odor Control Lima e Limão,Finish,1 un,"€3,24/un","€3,24/un"
Toalhitas Limpa Estofos,Boost,emb. 20 un,"€1,99/un","€0,10/un"
Limpa Camurças Esponja,Continente,1 un,"€1,49/un","€1,49/un"
Inseticida Spray Rastejantes,Continente,emb. 500 ml,"€1,99/un","€3,98/lt"
Esponja Autobrilhante Preto,Búfalo,1 un,"€2,59/un","€2,59/un"
Detergente Manual Loiça Ultra Poder Maçã,Fairy,emb. 800 ml,"€3,35/un","€4,19/lt"
Detergente Máquina Roupa Cápsulas 3 em 1 Frescura,Continente,16 doses,"€3,69/un","€0,23/dos"
Creme Autobrilhante Incolor,Continente,emb. 40 ml,"€1,29/un","€32,25/lt"
Luvas Domésticas Tam. M,Duplex,1 par,"€0,99/un","€0,99/un"
Bloco Sanitário Recargas 3 em 1 Azul Fresco,Pato,2 un,"€3,29/un","€1,65/un"
Spray Limpa Estofos Tira Nódoas com Escova,Redex,emb. 400 ml,"€6,99/un","€17,48/lt"
Ambientador Perfumado Bolsa Fresh Linen,Aroma Home,emb. 1 un,"€1,49/un","€1,49/un"
Restaurador de Móveis Escuro,Pronto,emb. 100 ml,"€5,49/un","€54,90/lt"
Sacos Lixo Anti-Bactérias 50 lt,Silvex,emb. 10 un,"€3,15/un","€0,32/un"
Esfregão Esponja Salva Unhas Ergonómico,Continente,2 un,"€0,79/un","€0,40/un"
Spray Auto Desinfetante Tecidos,Boost,emb. 500 ml,"€3,99/un","€7,98/lt"
Bloco Sanitário Active Clean Marinho,Pato,1 un,"€3,29/un","€3,29/un"
Bloco Sanitário Brisa Marinha,Neoblanc,emb. 2 un,"€2,39/un","€1,20/un"
Inseticida Anti-Traça Cedro,Dum Dum,emb. 2 un,"€2,99/un","€1,50/un"
Ambientador Recarga Freshmatic Pure Flor de Cerejeira,Air Wick,emb. 1 un,"€3,59/un","€3,59/un"
Toalhitas Proteção Cores,Iberia,emb. 15 un,"€2,99/un","€0,20/un"
Detergente Máquina Roupa Pó Frescura Ativa,Continente,40 doses,"€5,49/un","€0,14/dos"
Papel de Alumínio 30m,Continente,emb. 1 un,"€2,49/un","€0,08/m"
Guardanapos 2 Folhas Love & Action,Renova,emb. 90 un,"€1,39/un","€0,02/un"
Inseticida Spray Rastejantes,Baygon,emb. 400 ml,"€6,59/un","€16,48/lt"
Tira Nódoas Roupa Spray White&Colour,A+,emb. 750 ml,"€3,29/un","€4,39/kg"
Esfregão com Cabo,Fino,1 un,"€2,79/un","€2,79/un"
Inseticida Elétrico Moscas e Mosquitos,Dum Dum,45 noites,"€5,99/un","€5,99/un"
Creme Limpa Estofos Pele,Redex,emb. 500 ml,"€5,99/un","€11,98/lt"
Toalhitas de Limpeza Microondas,Green Shield,emb. 50 un,"€2,99/un","€0,06/un"
Espanador Penas Perfect,Kasa,1 un,"€5,00/un","€5,00/un"
Ambientador Elétrico Lavanda,Continente,1 un,"€2,99/un","€2,99/un"
Bloco Sanitário Bright Gel Artic Ocean,Sonasol,emb. 2 un,"€3,39/un","€1,70/un"
Discos Sanitários Ativos Eucalipto,Pato,emb. 1 un,"€2,24/un","€2,24/un"
Detergente Manual Loiça Gel Limão,Super Pop,emb. 700 ml,"€2,14/un","€3,06/lt"
Raticida Fast Rat Cereal,KB,emb. 6 x 25 gr,"€2,49/un","€2,49/un"
Detergente Manual Loiça Concentrado Derma Figo,Continente,emb. 500 ml,"€1,49/un","€2,98/lt"
Palmilhas Conforto Látex Tamanho Único,Antifadiga,1 un,"€2,69/un","€2,69/un"
Tinta para Tingir Castanho Chocolate,Iberia,emb. 1 un,"€3,71/un","€3,71/un"
Detergente Máquina Roupa Cápsulas Fresh Flowers,A+,56 doses,"€10,99/un","€0,20/dos"
Escova para Calçado,Continente,1 un,"€1,49/un","€1,49/un"
Inseticida Spray Voadores e Rastejantes,Continente,emb. 500 ml,"€2,79/un","€5,58/lt"
Abrilhantador Máquina Loiça,L'Arbre Vert,emb. 700 ml,"€4,24/un","€6,06/lt"
Ambientador Stick Perfumado Botânica Vetiver Caraíbas e Madeira Sândalo,Air Wick,emb. 1 un,"€8,49/un","€8,49/un"
Esfregão Esponja Salva Unhas,Águia,emb. 3 un,"€0,99/un","€0,33/un"
Luvas Ultra Sensitive Tam. M,Scotch-Brite,1 un,"€1,07/un","€1,07/un"
Ambientador Perfumado Bolsa Lavander,Aroma Home,emb. 1 un,"€1,49/un","€1,49/un"
Creme com Esponja Autobrilhante Branco,Búfalo,emb. 50 ml,"€2,25/un","€45,00/lt"
Inseticida Elétrico Recarga Moscas e Mosquitos,Dum Dum,45 Noites,"€5,46/un","€5,46/un"
Desentupidor,Boost,emb. 1 lt,"€3,99/un","€3,99/lt"
"Inseticida Elétrico Moscas, Mosquitos e Formigas + Recarga Night&Day",Raid,1 un,"€7,99/un","€7,99/un"
Ambientador Stick Perfumado Muddle Wine,Air Wick,emb. 1 un,"€5,99/un","€5,99/un"
Cera Líquida Madeira Amarela,Splendor,emb. 500 ml,"€9,19/un","€18,38/lt"
Palmilhas Conforto Pele Tamanho 40/41,Antifadiga,1 un,"€4,99/un","€4,99/un"
Bloco Sanitário Power 5 Ocean,Domestos,emb. 1 un,"€1,49/un","€1,49/un"
Multisuperfícies Spray Desinfetante Rapid Clean & Care,Pecol,emb. 500 ml,"€4,84/un","€9,68/lt"
Lava Tudo Multisuperfíceis Especial Animais,Splendor,emb. 1 lt,"€4,49/un","€4,49/lt"
Esfregão Classic Verde,Scotch-Brite,1 un,"€1,15/un","€1,15/un"
Toalhitas Mãos Limão,Renova,emb. 20 un,"€1,55/un","€0,08/un"
Luvas Duráveis Super Grip Tam M,Vileda,1 par,"€1,64/un","€1,64/un"
Difusor Pauzinhos 100ml,Kasa,1 un,"€8,00/un","€8,00/un"
Tira Nódoas Roupa Liquído Oxy Branco,K2r,"emb. 1,3 lt","€4,99/un","€3,84/lt"
Recarga Esfregona Tiras Microfibra Azuis Super,Vileda,1 un,"€5,70/un","€5,70/un"
Tira Desbotados,Iberia,emb. 200 gr,"€5,16/un","€25,80/kg"
Detergente Máquina Roupa Pó Universal,Xtra,92 doses,"€14,99/un","€0,16/dos"
Ambientador Recarga Touch&Fresh Relax Zen,Glade,emb. 1 un,"€2,09/un","€2,09/un"
Detergente Máquina Roupa Cápsulas Optimal,A+,38 doses,"€8,48/un","€0,22/dos"
Ambientador Recarga Elétrico Relax Lavanda,Continente,emb. 1 un,"€2,99/un","€2,99/un"
Bloco Sanitário Água Turquesa,Domestos,emb. 2 un,"€2,74/un","€1,37/un"
Desodorizante Máquina Loiça Limoncino,Mister Magic,2 un,"€2,61/un","€1,31/un"
Ambientador Recarga Difusor Flor Algodão e Laranjeira Edição Limitada,Glade,emb. 2 un,"€6,49/un","€3,25/un"
Desengordurante Recarga Concentrado,Agerul,emb. 750 + 150 ml,"€2,97/un","€3,96/lt"
Spray Desengordurante,Kh-7,emb. 750 ml,"€3,42/un","€4,56/lt"
Ambientador Vela Peónia e Cereja,Glade,emb. 1 un,"€3,14/un","€3,14/un"
Detergente Manual Loiça Concentrado Amêndoa,Continente,emb. 500 ml,"€1,49/un","€2,98/lt"
Ambientador Portátil Touch&Fresh Relax Zen,Glade,emb. 1 un,"€2,69/un","€2,69/un"
Amaciador Roupa Concentrado Supreme Pleasure,Vernel,52 doses,"€7,99/un","€0,15/dos"
Ambientador Recarga Difusor Melancia e Pepino Edição Limitada,Glade,emb. 2 un,"€6,49/un","€3,25/un"
Esponja Autobrilhante Incolor,Búfalo,1 un,"€2,59/un","€2,59/un"
Ambientador Recarga Elétrico White Bouquet,Air Wick,emb. 1 un,"€3,59/un","€3,59/un"
Esfregão Recarga para Cabo,Fino,emb. 3 un,"€2,79/un","€0,93/un"
Álcool Desnaturado Plus,Boost,emb. 1 lt,"€2,99/un","€2,99/lt"
Ambientador Spray Oud Desire,Glade,emb. 300 ml,"€1,55/un","€1,55/un"
Pomada para Calçado Preta,Splendor,emb. 50 ml,"€2,09/un","€41,80/lt"
Luvas Domésticas Tam. S,Duplex,1 par,"€0,99/un","€0,99/un"
Ambientador Perfumado Bolsa Blossom,Aroma Home,emb. 1 un,"€1,49/un","€1,49/un"
Bloco Sanitário Blue Active Floral,Sonasol,emb. 1 un,"€1,98/un","€1,98/un"
Líxivia Spray Mousse Desengordurante,Continente,emb. 750 ml,"€1,99/un","€2,65/lt"
Ambientador Recarga Difusor Homemade Cookie,Air Wick,emb. 2 un,"€5,99/un","€3,00/un"
Insecticida Bio Pó Anti-Formigas,KB,emb. 75 gr,"€3,49/un","€46,53/kg"
Sacos Lixo para Jardim 90 lt,Silvex,emb. 10 un,"€5,49/un","€0,55/un"
Vela em Copo Quadrada 170g Bege,Kasa,1 un,"€5,00/un","€5,00/un"
Bloco Sanitário Fresh Power Flor Tropical,Harpic,emb. 1 un,"€1,65/un","€1,65/un"
Bloco Sanitário Blue Active Frescura Marítima,Harpic,emb. 2 un,"€3,29/un","€1,65/un"
Reparador de Móveis,Continente,emb. 200 ml,"€2,29/un","€11,45/lt"
Bloco Sanitário Recargas 3 em 1 Verde Pinho,Pato,2 un,"€3,29/un","€1,65/un"
Esfregona Tiras Micofibra Amarelas,Vileda,1 un,"€8,00/un","€8,00/un"
Multisuperfícies Spray Desinfetante Clean & Care com Álcool,Pecol,emb. 100 ml,"€2,64/un","€26,40/lt"
Inseticida Anti-Traça Armadilha Alimentos,Dum Dum,emb. 2 un,"€3,51/un","€1,76/un"
Inseticida Anti-Traças Bolsinha Frescura,Efi Protect,emb. 24 un,"€1,99/un","€0,08/un"
Bloco Sanitário Água Turquesa Lagoa Tropical,Harpic,1 un,"€1,64/un","€1,64/un"
Inseticida Spray Casa e Plantas,Raid,emb. 400 ml,"€5,49/un","€13,73/lt"
Inseticida Baratas Armadilha,Protect,6 un,"€2,99/un","€0,50/un"
Bloco Sanitário Poder Ativo Pinho,Sonasol,emb. 1 un,"€1,98/un","€1,98/un"
Sacos Lixo Reciclado 30 lt,Handy Bag,emb. 15 un,"€2,59/un","€0,17/un"
Ambientador Roupeiro Lavanda,Continente,emb. 2 un,"€1,99/un","€1,00/un"
Inseticida Spray Insetos,Dum Dum,emb. 400 ml,"€5,24/un","€13,10/lt"
Ambientador Elétrico Apple Cosy Cider Edição Limitada,Glade,,"€4,99/un","€4,99/un"
Pano Microfibras Super Absorvente,Scotch-Brite,1 un,"€2,99/un","€2,99/un"
Recargas Mopa Descartáveis 24+6 Attractive Plus,Vileda,30 un,"€9,20/un","€9,20/un"
Ambientador Vela Óleos Essenciais Frutos Vermelhos,Air Wick,emb. 1 un,"€2,38/un","€2,38/un"
Cera Líquida Madeira Castanha,Splendor,emb. 500 ml,"€9,19/un","€18,38/lt"
Ambientador Vela Citronela Pack Duplo,Continente,2 un,"€4,99/un","€2,50/un"
Ambientador Stick Perfumado Botanica Hortelã e Laranja,Air Wick,emb. 1 un,"€8,49/un","€8,49/un"
Bloco Sanitário com Lixívia Frescura Contínua,Neoblanc,emb. 1 un,"€2,99/un","€2,99/un"
Toalhitas de Limpeza de Cabedal,Armor All,emb. 20 un,"€2,39/un","€2,39/un"
Esfregão Grelhadores,Continente,2 un,"€2,99/un","€1,50/un"
Bloco Sanitário Multiativo Lavanda,Continente,emb. 2 un,"€1,70/un","€0,85/un"
Toalhitas Proteção Cor,K2r,emb. 10 un,"€2,49/un","€0,25/un"
Recarga Esfregona Tiras Microfibra Brancas e Verdes Eco,Vileda,1 un,"€4,19/un","€4,19/un"
Cera Pavimentos Cerâmicos Acrílica,Splendor,emb. 500 ml,"€3,89/un","€7,78/lt"
Desengordurante Líquido Recarga,Kh-7,emb. 750 ml,"€3,26/un","€4,35/lt"
Inseticida Spray Rastejantes com Aplicador,Baygon,emb. 400 ml,"€6,89/un","€17,23/lt"
Limpa Fornos e Grelhadores Spray,Mister Magic,emb. 500 ml,"€2,99/un","€5,98/lt"
Detergente Máquina Roupa Líquido Proteção Escuros,Norit,32 doses,"€3,99/un","€0,12/dos"
Limpa Couros Líquido,Bella Pelle,emb. 250 ml,"€6,99/un","€27,96/lt"
Tinta para Tingir Vermelho,Iberia,emb. 1 un,"€3,71/un","€3,71/un"
Esfregão Aço Saponificado Rosa,Águia,1 un,"€0,89/un","€0,15/un"
Tira Nódoas Pó Roupa Branca,A+,emb. 1 kg,"€5,99/un","€5,99/kg"
Inseticida Elétrico Melgas e Mosquitos + Recarga,Dum Dum,45 Noites,"€5,46/un","€5,46/un"
Detergente Máquina Roupa Pó Limpeza Ativa,Continente,75 doses,"€9,99/un","€0,13/dos"
Ambientador Portátil Peónia e Cereja,Glade,emb. 1 un,"€5,49/un","€5,49/un"
Ambientador Recarga Difusor Flor Algodão e Laranjeira Edição Limitada,Glade,emb. 2 un,"€6,49/un","€3,25/un"
Ambientador Elétrico Botânica Vetiver Caraíbas e Madeira Sândalo,Air Wick,emb. 1 un,"€4,99/un","€4,99/un"
Creme com Esponja Autobrilhante Incolor,Búfalo,emb. 50 ml,"€2,25/un","€45,00/lt"
Inseticida Elétrico Recarga Melgas e Mosquitos,Continente,45 Noites,"€1,99/un","€1,99/un"
Insecticida Ecogel Baratas,KB,emb. 5 gr,"€6,99/un","€6,99/un"
Spray Renovador Camurças Castanho,Continente,emb. 200 ml,"€2,89/un","€14,45/lt"
Tira Nódoas Roupa Acidentais Revolution,Iberia,emb. 150 ml,"€4,23/un","€28,20/lt"
Bloco Sanitário Bright Gel Artic Ocean,Sonasol,emb. 1 un,"€2,20/un","€2,20/un"
Esponja Cozinha,Natsil,1 un,"€1,39/un","€1,39/un"
Esfregão Universal Azul com 3 Camadas,Scotch-Brite,emb. 2 un,"€2,33/un","€1,17/un"
Bloco Sanitário Água Azul Ocean,Domestos,emb. 2 un,"€2,74/un","€1,37/un"
Ambientador Elétrico Pure Flor de Cerejeira com Recarga,Air Wick,emb. 1 un,"€4,49/un","€4,49/un"
Inseticida Spray Moscas e Mosquitos,Raid,emb. 400 ml,"€5,09/un","€12,73/lt"
Spray Limpa Estofos,Redex,emb. 1 lt,"€6,99/un","€6,99/lt"
Ambientador Perfumado Bolsa Fruit Dream,Aroma Home,emb. 1 un,"€1,49/un","€1,49/un"
Toalhitas de Limpeza Inox,Green Shield,emb. 50 un,"€2,99/un","€0,06/un"
Recarga Night&Day Pack Duplo,Raid,1 un,"€11,49/un","€5,75/un"
Ambientador Spray Air Brisa Marinha,Ambipur,emb. 300 ml,"€1,99/un","€1,99/un"
Creme de Limpeza Inox Limão,Beckmann,emb. 250 ml,"€3,81/un","€15,24/lt"
Bloco Sanitário Power 5 Lima,Domestos,emb. 1 un,"€1,49/un","€1,49/un"
Vela em Copo 165g,Kasa,1 un,"€4,00/un","€4,00/un"
Ambientador Vela Cherry Blossom Moment,MyLabel,emb. 1 un,"€5,49/un","€5,49/un"
Decapante de Cera,Splendor,emb. 500 ml,"€3,59/un","€7,18/lt"
Ambientador Spray Lavanda,Glade,emb. 300 ml,"€1,55/un","€5,17/lt"
"Inseticida Elétrico Moscas, Mosquitos e Formigas Night&Day Pack Duplo",Raid,2 un,"€14,49/un","€7,25/un"
Limpa Máquinas Roupa,Beckmann,emb. 250 gr,"€4,56/un","€18,24/kg"
Ambientador Stick Perfumado Brisa do Mar,Cristalinas,emb. 1 un,"€5,29/un","€5,29/un"
Palmilhas Conforto Pele Tamanho 36/37,Antifadiga,1 un,"€4,99/un","€4,99/un"
Ambientador Recarga Portátil Sense&Spray Baunilha,Glade,emb. 50 ml,"€3,59/un","€3,59/un"
Ambientador Recarga Elétrico Botânica Rosas e Gerânio,Air Wick,emb. 1 un,"€4,19/un","€4,19/un"
Ambientador Recarga Portátil Touch&Fresh Relax Zen,Glade,emb. 1 un,"€3,59/un","€3,59/un"
Escova Estofos,Redex,emb. 1 un,"€3,49/un","€3,49/un"
Inseticida Elétrico Recarga Melgas e Mosquitos Pronature,Dum Dum,45 noites,"€4,50/un","€4,50/un"
Guardanapos 2 Folhas,Colhogar,emb. 90 un,"€2,99/un","€0,03/un"
Ambientador Recarga Elétrico Nuvens de Primavera Edição Limitada,Glade,emb. 2 un,"€6,49/un","€3,25/un"
Bloco Sanitário Poder Ativo Floral,Sonasol,emb. 1 un,"€1,98/un","€1,98/un"
Multisuperfícies Spray Desinfetante,Evakare,emb. 1 lt,"€4,55/un","€4,55/lt"
Creme com Esponja Autobrilhante Preto,Búfalo,emb. 50 ml,"€2,25/un","€45,00/lt"
Inseticida Líquido,Vebi,emb. 400 ml,"€4,99/un","€4,99/un"
Rolo de Cozinha Jumbo,Scottex,2 rolos = 20 rolos,"€8,79/un","€4,40/un"
Inseticida Spray Rastejantes,Dum Dum,emb. 400 ml,"€5,24/un","€13,10/lt"
Bloco Sanitário Power 5 Pinho,Domestos,emb. 2 un,"€2,74/un","€1,37/un"
Ambientador Elétrico Lavanda e Aloé Vera,Glade,emb. 1 un,"€4,49/un","€4,49/un"
Spray Elimina Gorduras,Boost,emb. 500 ml,"€2,89/un","€2,89/un"
Luvas Domésticas Hand Care Tam. M,Duplex,1 par,"€1,66/un","€1,66/un"
Detergente Máquina Roupa Cápsulas Limpeza Ativa,Continente,20 doses,"€4,49/un","€0,22/dos"
Escova Camurças,Búfalo,1 un,"€5,09/un","€5,09/un"
Ambientador Spray Brisa Cítrica,Continente,emb. 250 ml,"€2,99/un","€11,96/lt"
Reparador de Móveis Escuro,Continente,emb. 200 ml,"€2,29/un","€11,45/lt"
Bloco Sanitário Blue Water Pink,Domestos,emb. 2 un,"€2,74/un","€1,37/un"
Inseticida Elétrico Recarga Melgas e Mosquitos,Raid,90 Noites,"€8,99/un","€4,50/un"
Ambientador Recarga Elétrico Baunilha,Glade,emb. 1 un,"€3,59/un","€3,59/un"
Bloco Sanitário Fresh Power Flor Tropical,Harpic,emb. 2 un,"€3,29/un","€1,65/un"
Bloco Sanitário Turquoise Ative+ Oceano,Sonasol,emb. 1 un,"€1,98/un","€1,98/un"
Ambientador Stick Perfumado Exotic Flower,Aroma Home,emb. 1 un,"€9,99/un","€9,99/un"
Bloco Sanitário Bright Gel Magic Breeze,Sonasol,emb. 1 un,"€2,20/un","€2,20/un"
Ambientador Recarga Elétrico Intenso e Quente Maçã e Canela,Continente,emb. 1 un,"€2,99/un","€2,99/un"
Spray Elimina Odores,Splendor,emb. 150 ml,"€4,09/un","€27,27/lt"
Pomada para Calçado Castanha,Splendor,emb. 50 ml,"€2,09/un","€41,80/lt"
Armadilha para Baratas,KB,emb. 5 un,"€7,00/un","€7,00/un"
Ambientador Recarga Eléctrico 3volution Tatâmi do Japão,Ambipur,"emb. 2 x 21,5 ml","€5,82/un","€2,91/un"
Cera Amarela,Splendor,emb. 250 gr,"€4,89/un","€19,56/kg"
Lixívia Densa Squeeze Harmonia Floral,Neoblanc,emb. 1 lt,"€3,69/un","€3,69/lt"
Ambientador Recarga Elétrico Relax Zen,Glade,emb. 1 un,"€3,59/un","€3,59/un"
Inseticida Elétrico Recarga Melgas e Mosquitos,Dum Dum,45 Noites,"€4,74/un","€4,74/un"
Pomada para Calçado Preta,Búfalo,emb. 75 ml,"€2,45/un","€32,67/lt"
Película Aderente 30m,Albal,emb. 1 un,"€4,28/un","€0,14/m"
Ambientador Recarga Elétrico Frescura e Harmonia Algodão,Continente,1 un,"€2,99/un","€2,99/un"
Bloco Sanitário Floral Moon Frescura Intensa Edição Limitada,Pato,emb. 1 un,"€3,69/un","€3,69/un"
Detergente Máquina Roupa Cápsulas Mountain Breeze,A+,22 doses,"€5,99/un","€0,27/dos"
Spray Limpa Estofos Eco,Boost,emb. 500 ml,"€2,99/un","€5,98/lt"
Luvas Multiusos Super Macias Tam. M,Duplex,1 par,"€1,21/un","€1,21/un"
Inseticida Elétrico Recarga Melgas e Mosquitos,Dum Dum,45 Noites,"€4,74/un","€4,74/un"
Ambientador Vela Luxe Bouquet Moment,MyLabel,emb. 1 un,"€5,49/un","€5,49/un"
Creme com Esponja Autobrilhante Castanho,Búfalo,emb. 50 ml,"€2,25/un","€45,00/lt"
Lixívia Densa Squeeze Original,Neoblanc,emb. 1 lt,"€3,69/un","€3,69/lt"
Restaurador de Móveis Madeira Clara,Splendor,emb. 170 ml,"€4,89/un","€28,76/lt"
Lava e Encera Pavimentos Cerâmicos Alfazema,Splendor,emb. 500 ml,"€3,49/un","€6,98/lt"
Creme com Esponja Autobrilhante Castanho,Splendor,emb. 1 un,"€2,59/un","€2,59/un"
Detergente Máquina Roupa Líquido Floral,Gama,66 doses,"€8,99/un","€0,14/dos"
Atacador Encerado Fino Preto 90 cm,Filsousa,emb. 1 un,"€1,94/un","€1,94/un"
Limpa Metais Líquido,Duraglit,emb. 150 ml,"€8,99/un","€59,93/lt"
Limpa e Protege Peles,Búfalo,emb. 250 ml,"€6,19/un","€24,76/lt"
Ambientador Recarga Spray Ocean Adventure,Glade,emb. 1 un,"€3,59/un","€3,59/un"
Limpa Móveis Aromas do Bosque,Splendor,emb. 300 ml,"€2,13/un","€7,10/lt"
Bloco Sanitário Lotus Bamboo,Sonasol,emb. 2 un,"€6,78/un","€3,39/un"
Recarga Mopa Espreme Fácil,Kasa,1 un,"€4,50/un","€4,50/un"
Ambientador Vela Botânica Pomelo e Menta,Air Wick,1 un,"€5,99/un","€5,99/un"
Tira Nódoas Roupa a Seco,Iberia,emb. 200 ml,"€4,23/un","€21,15/lt"
Ambientador Recarga Portátil Sense&Spray Lavanda e Jasmim,Glade,emb. 1 un,"€3,59/un","€3,59/un"
Ambientador Vela Citronela,Continente,1 un,"€2,99/un","€2,99/un"
Ambientador Recarga Portátil Sense&Spray Relax Zen,Glade,emb. 18 ml,"€3,59/un","€3,59/un"
Inseticida Moscas,Baygon,4 un,"€2,49/un","€0,62/un"
Pomada para Calçado Castanha,Búfalo,emb. 75 ml,"€2,45/un","€32,67/lt"
Inseticida Elétrico Melgas e Mosquitos + Recarga,Dum Dum,45 Noites,"€7,49/un","€7,49/un"
Lava e Encera Pavimentos Cerâmicos Alfazema,Splendor,"emb. 1,5 lt","€8,69/un","€5,79/lt"
Ambientador Roupeiro Colónia de Bebé,Cristalinas,emb. 1 un,"€6,19/un","€6,19/un"
Bloco Sanitário Fresh Power Lavanda,Harpic,emb. 1 un,"€1,65/un","€1,65/un"
Atacador Encerado Fino Castanho 90 cm,Filsousa,emb. 1 un,"€1,94/un","€1,94/un"
Atacador Encerado Corda Preto 120 cm,Filsousa,emb. 1 un,"€1,94/un","€1,94/un"
Inseticida Elétrico Recarga Melgas e Mosquitos,Raid,30 Noites,"€6,29/un","€6,29/un"
Creme com Esponja Autobrilhante Preto,Búfalo,emb. 40 ml,"€3,19/un","€79,75/lt"
Ambientador Recarga Spray Peónia e Cereja,Glade,emb. 1 un,"€3,59/un","€3,59/un"
Recarga Esfregona Tiras Microfibra Amarelas Perfect,Kasa,1 un,"€2,95/un","€2,95/un"
Restaurador de Móveis Madeira Escura,Splendor,emb. 170 ml,"€4,89/un","€28,76/lt"
Inseticida Eléctrico Night & Day Trio + Recarga,Raid,emb. 1 un,"€8,39/un","€8,39/un"
Esfregona Tiras Microfibra Amarelas Perfect,Kasa,1 un,"€4,65/un","€4,65/un"
Palmilhas Conforto Sanitized Pele Tamanho 38/39,Antifadiga,1 un,"€4,99/un","€4,99/un"
Luvas Ultra Sensitive Tam. S,Scotch-Brite,1 un,"€1,07/un","€1,07/un"
Creme Autobrilhante Castanho,Continente,emb. 40 ml,"€1,29/un","€32,25/lt"
Película Aderente Corte Fácil 20m,Albal,emb. 1 un,"€2,07/un","€0,10/m"
Pomada para Calçado Protexol,Búfalo,emb. 75 ml,"€2,45/un","€32,67/lt"
Atacador Espalmado Branco 90 cm,Filsousa,emb. 1 un,"€1,94/un","€1,94/un"
Ambientador Elétrico Relax Lavanda,Continente,1 un,"€3,69/un","€3,69/un"
Palmilhas Conforto Sanitized Pele Tamanho 42/43,Antifadiga,emb. 1 un,"€4,99/un","€4,99/un"
Inseticida Elétrico + Recarga Family,Raid,45 Noites,"€4,79/un","€4,79/un"
Luvas Extra Strong Tam. L,Scotch-Brite,1 un,"€1,41/un","€1,41/un"
Ambientador Recarga Elétrico Frescura do Campo,Continente,emb. 1 un,"€1,79/un","€1,79/un"
Esfregão Classic Verde com 3 Camadas,Scotch-Brite,emb. 2 un,"€2,25/un","€1,13/un"
Spray Auto Desinfetante Multiusos,Boost,emb. 500 ml,"€3,99/un","€7,98/lt"
Limpa Móveis Spray Desinfetante,Beurol,emb. 500 ml,"€2,59/un","€5,18/lt"
Inseticida Elétrico Melgas e Mosquitos Pack Duplo,Raid,emb. 2 x 45 noites,"€17,59/un","€8,80/un"
Atacador Encerado Corda Castanho 60 cm,Filsousa,emb. 1 un,"€1,94/un","€1,94/un"
Creme com Esponja Autobrilhante Preto,Splendor,emb. 1 un,"€2,59/un","€2,59/un"
Ambientador Recarga Portátil Sense&Spray Frescor de Roupa,Glade,emb. 1 un,"€3,59/un","€3,59/un"
Bloco Sanitário Líquido Duo-Ação Pinho,Continente,1 un,"€1,79/un","€1,79/un"
Ambientador Recarga Elétrico Lavanda,Glade,emb. 1 un,"€3,59/un","€3,59/un"
Creme com Esponja Autobrilhante Azul,Búfalo,emb. 40ml,"€3,19/un","€79,75/lt"
Ambientador Recarga Elétrico Sandalwood e Jasmim,Glade,emb. 1 un,"€3,59/un","€3,59/un"
Repelente Vaporizador de Insetos,Autan,emb. 100 ml,"€7,69/un","€76,90/lt"
Inseticida Elétrico Melgas e Mosquitos + Recarga,Continente,45 Noites,"€3,99/un","€3,99/un"
Atacador Redondo Fino Preto 90 cm,Filsousa,emb. 1 un,"€1,94/un","€1,94/un"
Ambientador Spray Flor de Cerejeira,Continente,emb. 250 ml,"€2,99/un","€11,96/lt"
Luvas Extra Strong Tam. M,Scotch-Brite,1 un,"€1,41/un","€1,41/un"
Ambientador Recarga Portátil Sense&Spray Peónia e Cereja,Glade,emb. 1 un,"€3,59/un","€3,59/un"
Bloco Sanitário Deluxe Magnólia,Sonasol,emb. 1 un,"€2,20/un","€2,20/un"
Rolo de Cozinha Red Label Laranja,Renova,1 rolo,"€3,39/un","€3,39/un"
Luvas Multiusos Tam. S,Scotch-Brite,1 un,"€1,16/un","€1,16/un"
Limpa Camurças Renovador Castanho,Búfalo,emb. 250 ml,"€6,19/un","€24,76/lt"
Inseticida Anti-Traça Maçã Verde,Dum Dum,2 un,"€2,99/un","€1,50/un"
Inseticida Anti-Traças Gancho Lavanda,Efi Protect,emb. 2 un,"€1,39/un","€0,70/un"
Rolo de Cozinha Red Label Verde,Renova,1 rolo,"€3,39/un","€3,39/un"
Ambientador Vela Anti-Mosquitos,Continente,1 un,"€3,19/un","€3,19/un"
Bloco Sanitário Líquido Duo-Ação Floral,Continente,1 un,"€1,79/un","€1,79/un"
Ambientador Vela Apple Spiced,Air Wick,1 un,"€4,99/un","€4,99/un"
Spray Limpa e Desinfeta Plus,Boost,emb. 1 lt,"€5,99/un","€5,99/lt"
Inseticida Spray Exteriores,Continente,emb. 500 ml,"€2,69/un","€5,38/lt"
Inseticida Elétrico Melgas e Mosquitos + Recarga Proteção Plus,Raid,60 Noites,"€5,99/un","€5,99/un"
Detergente Máquina Roupa Pó Orquídeas Douradas,Continente,40 doses,"€6,99/un","€0,17/dos"
Multisuperfícies Spray Antimofo,Paso,emb. 500 ml,"€4,99/un","€9,98/lt"
Inseticida Elétrico Melgas e Mosquitos + Recarga,Raid,30 Noites,"€6,99/un","€6,99/un"
Multisuperfícies Spray Desinfetante,Evakare,emb. 100 ml,"€1,95/un","€19,50/lt"
Inseticida Elétrico Recarga Melgas e Mosquitos Proteção Plus,Raid,60 Noites,"€5,39/un","€5,39/un"
Bloco Sanitário Poder Ativo Aqua,Sonasol,emb. 1 un,"€1,98/un","€1,98/un"
Ambientador Portátil Touch&Fresh Marine,Glade,emb. 1 un,"€2,69/un","€2,69/un"
Ambientador Recarga Difusor Pure&Fresh,Continente,emb. 1 un,"€1,99/un","€1,99/un"
Ambientador Recarga Elétrico Bouquet Primaveril,Continente,emb. 1 un,"€1,79/un","€1,79/un"
Inseticida Elétrico Difusor sem Fio,Ezalo,1 un,"€6,99/un","€6,99/un"
Inseticida Elétrico Recarga Melgas e Mosquitos,Ezalo,1 un,"€6,99/un","€0,17/un"
Ambientador Recarga Difusor Tropical,Continente,emb. 1 un,"€1,99/un","€1,99/un"
Raticida Vebitox Pellet Plus,Vebi,emb. 140 gr,"€2,49/un","€2,49/un"
Atacador Espalmado Preto 120 cm,Filsousa,emb. 1 un,"€1,94/un","€1,94/un"
Inseticida Elétrico Recarga Melgas e Mosquitos Family,Raid,45 Noites,"€4,49/un","€4,49/un"
Atacador Espalmado Preto 90 cm,Filsousa,emb. 1 un,"€1,94/un","€1,94/un"
Inseticida Spray Voadores,Baygon,emb. 400 ml,"€4,79/un","€11,98/lt"
Inseticida Contra Todos Insetos Max Sensitive,Dum Dum,emb. 400 ml,"€5,24/un","€13,10/lt"
Inseticida Elétrico Melgas e Mosquitos Pack Duplo,Continente,2 x 45 Noites,"€7,99/un","€4,00/un"
Inseticida Elétrico Melgas e Mosquitos,Dum Dum,90 noites,"€7,49/un","€7,49/un"
Detergente Máquina Secar Ecoegg Frescura,Ecoegg,emb. 1 un,"€13,99/un","€13,99/un"
Sacos para Sandes em Papel,Silvex,emb. 40 un,"€2,09/un","€0,05/un"
Atacador Encerado Fino Preto 60 cm,Filsousa,emb. 1 un,"€1,94/un","€1,94/un"
Detergente Manual Loiça Jasmim Rosa,Fairy,"emb. 1,5 lt","€4,75/un","€3,17/lt"
Inseticida Elétrico Recarga Moscas,Ezalo,20 un,"€7,29/un","€0,36/un"
Atacador Espalmado Castanho 120 cm,Filsousa,emb. 1 un,"€1,94/un","€1,94/un"
Vela em Copo Citronela 160g (várias cores),,1 un,"€2,00/un","€2,00/un"
Detergente Máquina Roupa Ecoegg Recarga Frescura,Ecoegg,emb. 1 un,"€6,59/un","€6,59/un"
Spray Renovador Camurças Incolor,Continente,emb. 200 ml,"€2,89/un","€14,45/lt"
Spray Cozinha Eco Recarga Power & Shine,Cif,emb. 70 ml,"€1,89/un","€27,00/lt"
Ambientador Recarga Difusor Lavanda,Continente,emb. 1 un,"€1,99/un","€1,99/un"
Inseticida Elétrico Recarga Melgas e Mosquitos,Raid,45 Noites,"€5,59/un","€5,59/un"
Creme com Esponja Autobrilhante Castanha,Búfalo,emb. 40 ml,"€3,19/un","€79,75/lt"
Palmilhas Conforto Látex Tamanho 40,Antifadiga,1 un,"€2,79/un","€2,79/un"
Esfregão para Vitrocerâmica com Cabo + 2 Recargas,Scotch-Brite,emb. 3 un,"€5,84/un","€2,92/un"
Conjunto Panos Limpeza 30x30cm Microfibra,Kasa,1 un,"€2,70/un","€0,54/un"
Guardanapos 3 folhas Black Label Decorado,Renova,emb. 20 un,"€2,35/un","€0,12/un"
Mopa,Continente,emb. 1 un,"€4,99/un","€4,99/un"
Higienizante Liquído,Detersolín,emb. 500 ml,"€1,60/un","€3,20/lt"
Película Aderente 60m,Continente,emb. 1 un,"€1,19/un","€0,02/m"
Guardanapos 3 folhas Black Label Decorado,Renova,emb. 20 un,"€2,35/un","€0,12/un"
Guardanapos 3 folhas Black Label Decorado,Renova,emb. 20 un,"€2,35/un","€0,12/un"
Repelente Pragas e Insetos,Instakiller,1 un,"€19,99/un","€19,99/un"
Guardanapos 3 folhas Black Label Decorado,Renova,emb. 20 un,"€2,35/un","€0,12/un"
Amaciador Roupa Concentrado Creations Coco,Comfort,80 doses,"€4,99/un","€0,06/dos"
Amaciador Roupa Concentrado Essência Pure,Comfort,86 doses,"€4,99/un","€0,06/dos"
Detergente Máquina Roupa Líquido Proteção Cores,Woolite,56 doses,"€9,99/un","€0,18/dos"
Balde de Lixo com Pedal Aço Inoxidável 30L NewIcon,Brabantia,1 un,"€88,00/un","€88,00/un"
Amaciador Roupa Lavanda,Botanical Origin,50 doses,"€3,99/un","€0,08/dos"
Detergente Máquina Roupa Pó + Vanish,Xau,72 doses,"€12,49/un","€0,17/dos"
Detergente Máquina Roupa Líquido Universal,Persil,80 doses,"€14,99/un","€0,19/dos"
Detergente Manual Loiça Dermo Sensível Pro Vitamina B5,Frosch,emb. 750 ml,"€3,49/un","€4,65/lt"
Detergente Manual Loiça Concentrado Limão,Continente,emb. 500 ml,"€1,29/un","€2,58/lt"
Amaciador Roupa Concentrado Ouro e Baunilha,Lenor,65 doses,"€4,49/un","€0,07/dos"
Detergente Máquina Roupa Líquido Higiene,Persil,80 doses,"€14,99/un","€0,19/dos"
Detergente Máquina Roupa Líquido Ultimate Active Clean,Skip,70 doses,"€15,99/un","€0,23/dos"
Tira Nódoas Roupa Gel Oxi Action Advance White,Vanish,"emb. 2,25 lt","€9,99/un","€4,44/lt"
Detergente Máquina Roupa Cápsulas Universal,Xtra,50 doses,"€8,99/un","€0,18/dos"
Amaciador Roupa Concentrado Jasmim e Mirtilo,Comfort,50 doses,"€3,29/un","€0,07/dos"
Inseticida Anti Traça Bolsinhas Limão,Raid,emb. 18 un,"€2,74/un","€0,15/un"
Amaciador Roupa Concentrado Radiante,San,59 doses,"€1,99/un","€0,03/dos"
Filtros de Café nº4,Continente,emb. 100 un,"€1,09/un","€0,01/un"
Inseticida Spray Reeze Baratas e Formigas,Raid,emb. 350 ml,"€5,99/un","€17,11/lt"
Detergente Máquina Roupa Líquido Active Fresh,Skip,60 doses,"€12,49/un","€0,21/dos"
Detergente Máquina Roupa Líquido Sensitive,Skip,46 doses,"€9,99/un","€0,22/dos"
Detergente Máquina Roupa Líquido Frescura Primavera,Xau,62 doses,"€9,99/un","€0,16/dos"
Detergente Máquina Roupa Líquido Lavanda,Xau,52 doses,"€8,99/un","€0,17/dos"
Detergente Máquina Roupa Líquido Color,Xtra,70 doses,"€9,99/un","€0,14/dos"
Spray Multiusos,Ajax,emb. 500 ml,"€3,99/un","€7,98/lt"
Balde de Lixo com Pedal Aço Inoxidável 12L NewIcon,Brabantia,1 un,"€51,00/un","€51,00/un"
Detergente Máquina Roupa Ecoegg Flor Primavera,Ecoegg,emb. 1 un,"€12,99/un","€12,99/un"
Ambientador Elétrico Aromatherapy Pure Hapiness,Glade,emb. 1 un,"€4,99/un","€4,99/un"
Detergente Manual Loiça Limão,Frosch,emb. 750 ml,"€2,27/un","€3,03/lt"
Detergente Máquina Roupa Líquido com Vanish Odor Stop,Xau,77 doses,"€11,99/un","€0,16/dos"
Detergente Máquina Roupa Líquido Tropical,Surf,88 doses,"€12,49/un","€0,14/dos"
Amaciador Roupa Concentrado Jasmim e Mirtilo,Comfort,80 doses,"€4,99/un","€0,06/dos"
Sacos Lixo com Atilho 50 lt,É Continente,30 un,"€2,49/un","€0,08/un"
Detergente Manual Loiça Aloé Vera,Fairy,emb. 650 ml,"€3,45/un","€5,31/lt"
Ambientador Stick Perfumado Botanica Romã e Bergamota,Air Wick,emb. 1 un,"€8,49/un","€8,49/un"
Detergente Máquina Roupa Pó Essência Provença,A+,70 doses,"€9,99/un","€0,14/dos"
Multiusos Spray,Continente do Bebé,,"€2,49/un","€4,98/lt"
Abrilhantador Máquina Loiça Optimum,Sun,emb. 450 ml,"€3,49/un","€7,76/lt"
Spray Desengordurante Cozinha,Ajax,emb. 500 ml,"€1,99/un","€3,98/lt"
Inseticida Anti-Traça Bolsinhas do Bosque,Raid,emb. 18 un,"€2,74/un","€0,15/un"
Detergente Máquina Roupa Cápsulas Universal,Persil,52 doses,"€13,74/un","€0,26/dos"
Difusor Pauzinhos 100ml Mar,Costa Atlantica,1 un,"€9,00/un","€9,00/un"
Difusor Pauzinhos 200ml Madressilvas,Costa Atlantica,1 un,"€14,90/un","€14,90/un"
Detergente Máquina Roupa Líquido Sândalo e Pétalas de Rosa,Surf,70 doses,"€9,99/un","€0,14/dos"
Removedor de Bolores e Fungos,Boost,emb. 500 ml,"€3,49/un","€3,49/un"
Spray Desengordurante Recarga,Clean Essence,emb. 1 un,"€1,49/un","€1,49/un"
Difusor Pauzinhos 100ml Bagas Brancas,Costa Atlantica,1 un,"€9,00/un","€9,00/un"
Difusor Pauzinhos 100ml Verbena,Costa Atlantica,1 un,"€9,00/un","€9,00/un"
Máquina Limpa Vidros WV5 Premium,Karcher,emb. 1 un,"€114,99/un","€114,99/un"
Limpa Vidros Festa de Flores,Ajax,emb. 500 ml,"€3,59/un","€7,18/lt"
Amaciador Roupa Concentrado Lírios e Morangos,Comfort,135 doses,"€7,99/un","€0,06/dos"
Amaciador Roupa Concentrado Flor de Lótus e Lima,Comfort,80 doses,"€4,99/un","€0,06/dos"
Rolo de Cozinha Pack Poupança,Continente,4 rolos = 12 rolos,"€3,79/un","€0,95/un"
Ambientador Recarga Elétrico Botanica Romã e Bergamota,Air Wick,emb. 1 un,"€4,19/un","€4,19/un"
Detergente Máquina Roupa Cápsulas Universal,Persil,40 doses,"€11,24/un","€0,28/dos"
Detergente Máquina Roupa Líquido Active Fresh Ultimate,Skip,70 doses,"€15,99/un","€0,23/dos"
Ambientador Recarga Freshmatic Duo Apple Crumble,Air Wick,emb. 1 un,"€5,95/un","€5,95/un"
Detergente Máquina Roupa Cápsulas Higiene,Persil,40 doses,"€11,24/un","€0,28/dos"
Lava Tudo Perfumado Madeira,Splendor,emb. 1 lt,"€1,99/un","€1,99/lt"
Discos Sanitários Marinho,Continente,emb. 7 un,"€1,99/un","€0,28/un"
Tira Nódoas Roupa Oxi Action Power Hygiene,Vanish,"emb. 1,4 kg","€11,49/un","€8,21/kg"
Detergente Máquina Loiça Pastilhas All in 1 Higiene,Sun,100 doses,"€14,99/un","€0,15/dos"
Toalhitas Proteção Cores,K2r,emb. 2 un,"€3,99/un","€0,20/un"
Sacos Lixo com Atilho 100 lt,É Continente,emb. 15 un,"€2,49/un","€0,17/un"
Balde de Lixo com Pedal Aço Inoxidável 20L NewIcon,Brabantia,1 un,"€76,00/un","€76,00/un"
Difusor Pauzinhos 100ml Rosmaninho,Costa Atlantica,1 un,"€9,00/un","€9,00/un"
Difusor Pauzinhos 100ml Cancelled Plans Frutos Vermelhos,Fisura,1 un,"€12,00/un","€12,00/un"
Ambientador Recarga Elétrico Duo Winter Walks,Air Wick,emb. 1 un,"€5,95/un","€2,98/un"
Lava Tudo Desinfetante Lavanda Essentials,Ajax,emb. 1 lt,"€1,99/un","€1,99/un"
Esfregão Metálico,Scotch-Brite,emb. 4 un,"€2,49/un","€0,83/un"
Limpa Móveis Multisuperfícies,Splendor,emb. 500 ml,"€2,75/un","€5,50/lt"
Detergente Máquina Roupa Líquido Color Gel,Xtra,110 doses,"€13,99/un","€0,13/dos"
Creme de Limpeza Vitrocerâmica Mineral,Frosch,emb. 500 ml,"€6,45/un","€12,90/lt"
Luvas Descartáveis Látex,Continente,emb. 100 un,"€8,99/un","€0,09/un"
Sacos para Sandes,Continente,emb. 100 un,"€0,69/un","€0,01/un"
Detergente Máquina Loiça Pastilhas All in 1,Finish,emb. 27 un,"€5,99/un","€0,22/un"
Detergente Manual Loiça Concentrado Alecrim,Frosch,emb. 750 ml,"€2,59/un","€3,45/lt"
Abrasivo Sanitário Manga Splash,Harpic,emb. 750 ml,"€2,26/un","€2,26/un"
Bloco Sanitário Bref Higiene,Sonasol,emb. 2 un,"€5,98/un","€2,99/un"
Difusor Pauzinhos 200ml Verbena,Costa Atlantica,1 un,"€14,90/un","€14,90/un"
Difusor Pauzinhos 100ml Flor de Laranjeira,Costa Atlantica,1 un,"€9,00/un","€9,00/un"
Difusor Pauzinhos 100ml Flores Brancas,Costa Atlantica,1 un,"€8,00/un","€8,00/un"
Toalhitas Limpa Calçado Desporto,Splendor,emb. 24 un,"€1,99/un","€0,08/un"
Bloco Sanitário Manga Splash,Harpic,emb. 1 un,"€1,64/un","€1,64/un"
Amaciador Roupa Sunfresh,Comfort,emb. 4 lt,"€4,49/un","€1,12/lt"
Inseticida Formigas,Continente,emb. 2 un,"€2,55/un","€1,28/un"
Amaciador Roupa Concentrado Talco Rosa,San,59 doses,"€1,99/un","€0,03/dos"
Amaciador Roupa Concentrado Gold,Vernel,70 doses,"€3,99/un","€0,06/dos"
Desinfetante Roupa Anti-Ácaros,Sanytol,emb. 300 ml,"€4,99/un","€16,63/lt"
Detergente Máquina Roupa Líquido Gel Ativo,Xau,80 doses,"€11,99/un","€0,15/dos"
Bloco Sanitário Purple Active Lavanda,Sonasol,1 un,"€3,09/un","€3,09/un"
Detergente Máquina Roupa Líquido Cores,Skip,60 doses,"€12,49/un","€0,21/dos"
Detergente Máquina Roupa Ecoegg Frescura,Ecoegg,emb. 1 un,"€12,99/un","€12,99/un"
Tira Nódoas Roupa Oxi Advance Gel White,Vanish,"emb. 1,5 lt","€9,74/un","€6,49/lt"
Detergente Máquina Roupa Cápsulas Color,Persil,40 doses,"€11,24/un","€0,28/dos"
Intensificador Perfume Violet Delight,Continente,emb. 750 ml,"€2,99/un","€3,99/lt"
Lava Tudo Perfumado Íris e Violeta,Continente,"emb. 1,5 lt","€1,09/un","€0,73/lt"
Lava Tudo Cítrico,Cif,"emb. 1,1 lt","€1,99/un","€1,81/lt"
Detergente Máquina Loiça Pastilhas All in 1,Finish,76 doses,"€11,99/un","€0,16/un"
Bloco Sanitário Bref Floral,Sonasol,emb. 2 un,"€5,98/un","€2,99/un"
Detergente Máquina Roupa Líquido Color,Persil,50 doses,"€9,99/un","€0,20/dos"
Spray Desinfetante Protect Tecidos,Continente,emb. 500 ml,"€2,99/un","€5,98/lt"
Bloco Sanitário Bref Pronature,Sonasol,emb. 2 un,"€6,78/un","€3,39/un"
Discos Sanitários Lima,Continente,emb. 7 un,"€1,99/un","€0,28/un"
Lava Tudo Perfumado Lisboa,Splendor,emb. 1 lt,"€1,99/un","€1,99/lt"
Amaciador Roupa Concentrado Essência Pure,Comfort,56 doses,"€3,29/un","€0,06/dos"
Amaciador Roupa Concentrado Velvet,San,59 doses,"€1,99/un","€0,03/dos"
Detergente Máquina Loiça Pastilhas All in One,Continente,30 doses,"€4,99/un","€0,17/dos"
Ambientador Recarga Elétrico Botanica Eucalipto,Air Wick,emb. 1 un,"€4,19/un","€4,19/un"
Ambientador Recarga Elétrico Aromatherapy Calm Mind,Glade,emb. 1 un,"€3,49/un","€3,49/un"
Tira Nódoas Roupa Pó Oxi Action Pink,Vanish,emb. 400 gr,"€5,84/un","€14,60/kg"
Detergente Máquina Loiça Pastilhas Ultimate Regular,Finish,32 doses,"€9,98/un","€0,31/un"
Detergente Máquina Roupa Líquido Fresh,A+,70 doses,"€12,49/un","€0,18/dos"
Detergente Máquina Roupa Líquido Índia Gel,Xtra,70 doses,"€8,99/un","€0,13/dos"
Detergente Manual Loiça Eucalipto,Continente,emb. 500 ml,"€1,35/un","€2,70/lt"
Detergente Máquina Roupa Líquido Universal Gel,Xtra,70 doses,"€9,99/un","€0,14/dos"
Amaciador Concentrado Creations Lírios e Morango,Comfort,50 doses,"€3,29/un","€0,07/dos"
Desinfetante Roupa Protect,Continente,emb. 500 ml,"€2,99/un","€5,98/lt"
Mopa Elétrica com Spray Looper,Vileda,1 un,"€99,99/un","€99,99/un"
Creme de Limpeza Vitrocerâmica Laranja,Frosch,emb. 500 ml,"€4,19/un","€8,38/un"
Spray WC Ultra Higiene Líxivia,Cif,emb. 500 ml,"€1,99/un","€3,98/lt"
Detergente Máquina Roupa Líquido Active Fresh,Skip,100 doses,"€19,99/un","€0,20/dos"
Guardanapos 2 Folhas Natal Gold,Renova,emb. 75 un,"€4,99/un","€0,07/un"
Detergente Máquina Roupa Líquido Sabão Natural,Xau,127 doses,"€17,50/un","€0,14/dos"
Detergente Máquina Loiça Pastilhas Quantum Regular,Finish,69 doses,"€12,99/un","€12,99/un"
Detergente Máquina Roupa Líquido Lavanda,Surf,100 doses,"€13,99/un","€0,14/dos"
Bloco Sanitário Poder Ativo Quebra Gelo,Sonasol,emb. 3 un,"€4,39/un","€1,46/un"
Detergente Máquina Roupa Líquido Color,A+,70 doses,"€12,49/un","€0,18/dos"
Detergente Máquina Roupa Líquido Universal,Persil,65 doses,"€12,49/un","€0,19/dos"
Detergente Máquina Roupa Líquido Universal,Persil,50 doses,"€9,99/un","€0,20/dos"
Sacos para Congelar 3 L,Continente,emb. 50 un,"€1,19/un","€0,02/un"
Detergente Máquina Roupa Líquido Baby,Skip,60 doses,"€12,49/un","€0,21/dos"
Detergente Máquina Roupa Líquido Frutos Vermelhos,Xau,98 doses,"€13,99/un","€0,14/dos"
Detergente Máquina Loiça Pastilhas All in 1 Regular,Finish,65 doses,"€10,99/un","€0,17/un"
Detergente Máquina Loiça Pastilhas Ultimate Limão,Finish,45 doses,"€12,49/un","€0,28/un"
Detergente Máquina Loiça Pastilhas Power All in 1 Limão,Finish,65 doses,"€10,99/un","€0,17/un"
Bloco Sanitário Poder Ativo Lima,Sonasol,emb. 4 un,"€5,24/un","€1,31/un"
Detergente Máquina Roupa Líquido Tropical,Surf,70 doses,"€9,99/un","€0,14/dos"
Amaciador Roupa Concentrado Madressilva e Sândalo,Comfort,80 doses,"€4,99/un","€0,06/dos"
Amaciador Roupa Concentrado Jasmim e Mirtilo,Comfort,135 doses,"€7,99/un","€0,06/dos"
Detergente Máquina Roupa Folhas Sem Fragrância,Clean Essence,52 doses,"€8,99/un","€0,17/dos"
Rolo de Cozinha Mini Jumbo Pure Natural,Colhogar,1 rolo,"€2,35/un","€2,35/un"
Amaciador Roupa Concentrado Fresh Control Azul,Vernel,64 doses,"€3,99/un","€0,06/dos"
Amaciador Roupa Concentrado Rubi e Jasmim,Lenor,65 doses,"€4,49/un","€0,07/dos"
Tira Nódoas Roupa Pó Oxi Advance White,Vanish,emb. 400 gr,"€5,84/un","€14,60/kg"
Ambientador Elétrico Recarga Nenuco,Air Wick,emb. 1 un,"€3,59/un","€3,59/un"
Fita para Moscas,,emb. 6 un,"€2,99/un","€2,99/un"
Difusor Pauzinhos 100ml Flor de Algodão,Costa Atlantica,1 un,"€9,00/un","€9,00/un"
Bloco Sanitário Multiativo Pinho,Continente,emb. 2 un,"€1,70/un","€0,85/un"
Detergente Máquina Roupa Pó Universal,Persil,100 doses,"€17,24/un","€0,17/dos"
Detergente Máquina Roupa Pó Tropical,Surf,70 doses,"€9,99/un","€0,14/dos"
Lava Tudo Perfumado Framboesa e Salvia,Continente,"emb. 1,5 lt","€1,09/un","€0,73/lt"
Mopa Sweeper Kit com 1 Mopa e 6 Recargas Húmidas,Swiffer,1 kit,"€9,59/un","€9,59/un"
Amaciador Roupa Concentrado Baunilha,Quanto,132 doses,"€6,16/un","€0,05/dos"
Detergente Máquina Roupa Líquido Lavanda,Xau,80 doses,"€11,99/un","€0,15/dos"
Detergente Máquina Loiça Pastilhas Ultimate Regular,Finish,45 doses,"€12,49/un","€0,28/un"
Ambientador Recarga Freshmatic Apple Crumble,Air Wick,emb. 3 un,"€8,90/un","€2,97/un"
Detergente Máquina Roupa Líquido com Vanish Odor Stop,Xau,50 doses,"€8,99/un","€0,18/dos"
Amaciador Roupa Concentrado Essência Azul,Comfort,56 doses,"€3,29/un","€0,06/dos"
Ambientador Recarga Freshmatic Duo Winter Walks,Air Wick,emb. 1 un,"€5,95/un","€2,98/un"
Detergente Máquina Loiça Pastilhas Tudo em 1,Fairy,105 doses,"€15,75/un","€0,15/un"
Limpa Vidros Recarga Eco,Clean Essence,emb. 2 un,"€2,39/un","€1,20/un"
Detergente Máquina Roupa Líquido Active Clean,Skip,22 doses,"€4,99/un","€0,23/dos"
Detergente Máquina Roupa Líquido Sabão Natural,Xau,105 doses,"€12,99/un","€0,12/dos"
Lixívia Tradicional Pack Poupança,Continente,emb. 5 lt,"€1,85/un","€0,37/lt"
Película Aderente 30m,Continente,emb. 1 un,"€0,89/un","€0,03/m"
Bloco Sanitário Multiativo Toranja,Continente,emb. 2 un,"€1,70/un","€0,85/un"
Tratamento de Cabedal em Gel,Armor All,emb. 530 ml,"€8,99/un","€8,99/un"
Tira Nódoas Roupa Bebé,Continente,emb. 500 ml,"€3,29/un","€6,58/lt"
Papel de Alumínio Reforçado 10m,Continente,emb. 1 un,"€1,29/un","€0,13/m"
Tira Nódoas Roupa Pó Branqueador e Desinfetante,Neoblanc,emb. 1 un,"€6,99/un","€6,99/kg"
Lava Tudo Perfumado Algarve,Splendor,emb. 1 lt,"€1,99/un","€1,99/lt"
Ambientador Portátil Sense & Spray Apple Cosy Cider Edição Limitada,Glade,emb. 1 un,"€9,99/un","€9,99/un"
Detergente Máquina Roupa Pó Active Clean,Skip,46 doses,"€9,99/un","€0,22/dos"
Detergente Máquina Roupa Líquido Roupa Escura,Skip,60 doses,"€12,49/un","€0,21/dos"
Detergente Máquina Loiça Pastilhas Ultimate Regular,Finish,60 doses,"€11,99/un","€0,20/un"
Detergente Máquina Roupa Cápsulas Lavanda,Persil,40 doses,"€11,24/un","€0,28/dos"
Intensificador Perfume Pérolas Unstoppables Fresh,Lenor,emb. 510 gr,"€9,99/un","€19,59/kg"
Amaciador Roupa Concentrado Twist Coco,Quanto,84 doses,"€4,99/un","€0,07/dos"
Conjunto de Difusor e 15 Peças,Bazarão,emb. 1 un,"€9,99/un","€9,99/un"
Inseticida Anti Traça Ganchos Perfumados,Raid,emb. 2 un,"€3,84/un","€1,92/un"
Toalhitas Proteção Cor,K2r,emb. 50 un,"€6,99/un","€0,14/un"
Detergente Máquina Roupa Líquido Lavanda,Xau,62 doses,"€9,99/un","€0,16/dos"
Detergente Máquina Roupa Pó Lavanda,Xau,85 doses,"€11,99/un","€0,14/dos"
Intensificador Perfume Rosa,Quanto,36 doses,"€5,49/un","€0,15/dos"
Detergente Máquina Roupa Pó Lavanda,Skip,100 doses,"€18,49/un","€0,18/dos"
Detergente Máquina Roupa Líquido Cores,Soflan,36 doses,"€11,99/un","€0,33/dos"
Difusor Pauzinhos 200ml Flor De Algodão,Costa Atlantica,1 un,"€14,90/un","€14,90/un"
Detergente Máquina Roupa Líquido com Vanish,Xau,102 doses,"€14,99/un","€0,15/dos"
Máquina Limpeza Vidros WV50 Plus,Karcher,emb. 1 un,"€89,99/un","€89,99/un"
Sacos para Congelar com Zip 1lt,Continente,emb. 20 un,"€1,49/un","€0,07/un"
Limpa Vidros Kit,Clean Essence,emb. 750 ml,"€2,59/un","€3,45/lt"
Amaciador Roupa Concentrado Aromaterapia Flor de Lótus,Vernel,95 doses,"€4,99/un","€0,05/dos"
Anti-Calcário Spray,Neoblanc,emb. 750 ml,"€3,99/un","€5,32/lt"
Rolo Cozinha Compacto Limão,Amoos,2 rolos = 4 rolos,"€2,99/un","€1,50/un"
Detegrente Máquina Roupa Líquido Gel Ativo,Xau,107 doses,"€14,99/un","€0,14/dos"
Detergente Máquina Roupa Líquido Cores,Xau,80 doses,"€11,99/un","€0,15/dos"
Balde de Lixo com Pedal Plástico 40L StepUp,Brabantia,1 un,"€59,00/un","€59,00/un"
Bloco Sanitário Verificador de E-mail,Bref Sonasol,emb. 3 un,"€4,39/un","€1,46/un"
Ambientador Recarga Freshmatic Nenuco,Air Wick,emb. 2 un,"€7,13/un","€3,57/un"
Ambientador Elétrico Delícias de Verão,Air Wick,emb. 1 un,"€4,49/un","€4,49/un"
Amaciador Roupa Concentrado April Fresh,Lenor,65 doses,"€4,49/un","€0,07/dos"
Bloco Sanitário Power 5 Paris,Domestos,emb. 3 un,"€3,59/un","€1,20/un"
Detergente Máquina Roupa Líquido Sensitive,Persil,50 doses,"€9,99/un","€0,20/dos"
Detergente Máquina Roupa Líquido Pro Nature,A+,65 doses,"€12,50/un","€0,19/dos"
Difusor Pauzinhos 200ml Bagas Brancas,Costa Atlantica,1 un,"€14,90/un","€14,90/un"
Detergente Máquina Roupa Cápsulas Aromatherapy,Xtra,50 doses,"€8,99/un","€0,18/dos"
Sacos para Cubos de Gelo com Fecho Automático,Continente,emb. 15 un,"€0,99/un","€0,07/un"
Spray Desengordurante,Clean Essence,emb. 750 ml,"€2,99/un","€3,99/lt"
Lava Tudo Perfumado Hibisco e Romã,Continente,"emb. 1,5 lt","€1,09/un","€0,73/lt"
Detergente Máquina Roupa Líquido Active Clean,Skip,46 doses,"€9,99/un","€0,22/dos"
Detergente Máquina Roupa Pó Tropical,Surf,88 doses,"€12,49/un","€0,14/dos"
Amaciador Roupa Concentrado Lírios e Morangos,Comfort,80 doses,"€4,99/un","€0,06/dos"
Esfregão Salva Unhas Não Risca,Scotch-Brite,emb. 2 un,"€1,99/un","€1,00/un"
Amaciador Roupa Citrus,Botanical Origin,50 doses,"€3,99/un","€0,08/dos"
Lava Tudo Perfumado Floral,Cif,"emb. 1,1 lt","€1,99/un","€1,81/lt"
Desinfetante Spray Essentials,Ajax,emb. 500 ml,"€1,99/un","€1,99/un"
Detergente Manual Lava Biberões e Tetinas,Frosch,emb. 500 ml,"€2,59/un","€5,18/un"
Pastilhas Adesivas Sanitárias Power Plus Original,Harpic,emb. 12 un,"€4,49/un","€0,37/un"
Difusor Pauzinhos 100ml Good Times Cítrico,Fisura,1 un,"€12,00/un","€12,00/un"
Tira Nódoas Roupa Oxi Advance Gel Pink,Vanish,"emb. 1,5 lt","€9,74/un","€6,49/lt"
Detergente Máquina Roupa Líquido Color Gel,Persil,65 doses,"€12,49/un","€0,19/dos"
Replente de Insetos Ultrasónico c/ Luz,SEM MARCA,emb. 2 un,"€6,39/un","€6,39/un"
Desengordurante Spray Vitro & Indução Laranja Vermelha,Frosch,emb. 750 ml,"€5,52/un","€7,36/lt"
Detergente Manual Loiça Aloé Vera,Frosch,emb. 750 ml,"€3,49/un","€4,65/lt"
Rolo Multiusos Azul,Boost,emb. 2 un,"€7,99/un","€7,99/un"
Difusor Pauzinhos 200ml Mar,Costa Atlantica,1 un,"€14,90/un","€14,90/un"
Difusor Pauzinhos 100ml Resilience Algodão,Fisura,1 un,"€12,00/un","€12,00/un"
Bloco Sanitário Bref Hawaii,Sonasol,emb. 2 un,"€5,98/un","€2,99/un"
Amaciador Roupa Concentrado Aromaterapia Maldivas,Vernel,76 doses,"€3,99/un","€0,05/dos"
Ambientador Recarga Elétrico Duo Apple Crumble,Air Wick,emb. 1 un,"€5,95/un","€2,98/un"
Detergente Máquina Roupa Líquido Índia,Xtra,90 doses,"€9,99/un","€0,11/dos"
Amaciador Roupa Concentrado Essência Lily,Comfort,86 doses,"€4,99/un","€0,06/dos"
Detergente Máquina Roupa Pó Active Clean,Skip,60 doses,"€12,49/un","€0,21/dos"
Detergente Máquina Roupa Líquido com Vanish,Xau,60 doses,"€9,99/un","€0,17/dos"
Amaciador Roupa Concentrado Essência Azul,Comfort,86 doses,"€4,99/un","€0,06/dos"
Amaciador Roupa Concentrado Baunilha,Comfort,80 doses,"€4,99/un","€0,06/dos"
Limpa Máquinas Roupa Limão,Xau,emb. 2 x 250 ml,"€6,99/un","€13,98/lt"
Sabonete Líquido Elimina Odor,Clean Essence,emb. 300 ml,"€1,94/un","€6,47/lt"
Detergente Máquina Roupa Líquido Higiene,Persil,65 doses,"€12,49/un","€0,19/dos"
Detergente Máquina Roupa Líquido Lavanda,Persil,50 doses,"€9,99/un","€0,20/dos"
Detergente Máquina Roupa Líquido Lavanda,Persil,80 doses,"€14,99/un","€0,19/dos"
Amaciador Roupa Concentrado Aromaterapia Selva Fascinante,Vernel,76 doses,"€3,99/un","€0,05/dos"
Intensificador Perfume Frescura,Comfort,emb. 760 ml,"€5,99/un","€7,88/lt"
Detergente Máquina Roupa Pó Sabão Natural,Skip,70 doses,"€11,24/un","€0,16/dos"
Detergente Máquina Roupa Líquido Primavera,Xau,80 doses,"€11,99/un","€0,15/dos"
Bloco Sanitário Bref Bright Gel Chuva de Primavera,Bref Sonasol,emb. 2 un,"€6,78/un","€3,39/un"
Detergente Máquina Roupa Líquido Lanidor,Woolite,30 doses,"€6,99/un","€0,23/dos"
Abrasivo Sanitário Flor Bamboo,Harpic,emb. 750 ml,"€2,26/un","€3,01/lt"
Ambientador Stick Perfumado Abacaxi e Alecrim,Air Wick,emb. 1 un,"€8,49/un","€8,49/un"
Detergente Máquina Loiça Pastilhas Bicabornato Sódio All in 1,Frosch,50 doses,"€10,00/un","€0,20/dos"
Detergente Máquina Loiça Gel Limão,Frosch,40 doses,"€7,79/un","€0,19/dos"
Detergente Máquina Roupa Líquido Essência de Provença,A+,100 doses,"€11,99/un","€0,12/dos"
Amaciador Roupa Concentrado Ametista Rosa,Lenor,42 doses,"€2,99/un","€0,07/dos"
Intensificador Perfume Azul,Quanto,36 doses,"€5,49/un","€0,15/dos"
Difusor Pauzinhos 200ml Algas,Costa Atlantica,1 un,"€14,90/un","€14,90/un"
Difusor Pauzinhos 100ml Algas,Costa Atlantica,1 un,"€9,00/un","€9,00/un"
Intensificador Perfume Floral,Comfort,emb. 760 ml,"€5,99/un","€7,88/lt"
Detergente Máquina Roupa Líquido Gel Higiene,Persil,50 doses,"€9,99/un","€0,20/dos"
Detergente Máquina Roupa Líquido Malasia,Xtra,90 doses,"€9,99/un","€0,11/dos"
Bloco Sanitário Marinho Pack Poupança,Continente,emb. 3 un,"€2,24/un","€0,75/un"
Detergente Máquina Roupa Líquido Universal,Xtra,110 doses,"€13,99/un","€0,13/dos"
Detergente Máquina Roupa Líquido 2 em 1,Skip,70 doses,"€15,99/un","€0,23/dos"
Amaciador Roupa Concentrado Essência Sunfresh,Comfort,86 doses,"€4,99/un","€0,06/dos"
Sacos para Sandes Cola e Descola 1L,Silvex,emb. 50 un,"€1,56/un","€0,03/un"
Balde de Lixo Plástico 25L Sort & Go,Brabantia,1 un,"€51,00/un","€51,00/un"
Rolo de Cozinha Giga Roll Máxima Absorção Branco,Renova,1 rolo,"€2,99/un","€2,99/un"
Detergente Máquina Loiça Gel Elimina Odor,Continente,36 doses,"€3,39/un","€0,09/un"
Detergente Máquina Roupa Líquido Active Clean,Skip,60 doses,"€12,49/un","€0,21/dos"
Detergente Máquina Roupa Líquido Maçã Verde,Xau,98 doses,"€13,99/un","€0,14/dos"
Detergente Máquina Roupa Líquido Extra Eficácia,Surf,88 doses,"€12,49/un","€0,14/dos"
Detergente Máquina Roupa Líquido Coco,Surf,88 doses,"€12,49/un","€0,14/dos"
Detergente Máquina Loiça Gel,Continente,"emb. 1,5 lt","€3,99/un","€2,66/lt"
Detergente Máquina Roupa Líquido Bali,Xtra,72 doses,"€9,99/un","€0,14/dos"
Ambientador Recarga Elétrico Aromatherapy Pure Happiness,Glade,emb. 1 un,"€3,49/un","€3,49/un"
Detergente Máquina Roupa Líquido Color,Persil,100 doses,"€17,24/un","€0,17/dos"
Bloco Sanitário Bamboo,Harpic,emb. 1 un,"€1,64/un","€1,64/un"
Tira Nódoas Roupa Oxi Advance Gel Pink,Vanish,emb. 750 ml,"€5,84/un","€7,79/lt"
Detergente Máquina Roupa Líquido Color,Persil,80 doses,"€14,99/un","€0,19/dos"
Intensificador Perfume Tempting Berries,Continente,emb. 750 ml,"€2,99/un","€3,99/lt"
Tira Nódoas Roupa Oxi Advance Gel Pink,Vanish,"emb. 2,25 lt","€10,99/un","€4,88/lt"
Detergente Máquina Roupa Pó + Vanish,Xau,58 doses,"€11,24/un","€0,19/dos"
Detergente Máquina Roupa Líquido Baby,Skip,22 doses,"€4,99/un","€0,23/dos"
Difusor Pauzinhos 100ml Madressilva,Costa Atlantica,1 un,"€9,00/un","€9,00/un"
Detergente Máquina Loiça Gel All in 1 Regular,Finish,50 doses,"€18,99/un","€0,38/un"
Detergente Máquina Roupa Líquido Sabão Azul e Branco,Persil,76 doses,"€9,99/un","€0,13/dos"
Lava Tudo Perfumado Jasmim e Maçã,Continente,"emb. 1,5 lt","€1,09/un","€0,73/lt"
Resma de Papel de Impressão A4 500 Folhas 80g/m2,Note!,1 un,"€5,29/un","€5,29/un"
Resma de Papel de Impressão A4 5 x 500 Folhas 80g/m2,Note!,5 un,"€26,45/un","€5,29/un"
Resma de Papel de Impressão A4 5 x 500 Folhas 80g/m2,Navigator,5 un,"€29,95/un","€29,95/un"
Resma de Papel de Impressão A4 500 Folhas 80g/m2,Navigator,1 un,"€5,99/un","€5,99/un"
Resma de Papel de Impressão A4 500 Folhas 70g/m2,Discovery,1 un,"€5,09/un","€5,09/un"
Caderno Espiral A4 Pautado com Elásticos e Separadores (várias cores),Note!,1 un,"€6,99/un","€6,99/un"
Pasta de Modelar Branca 500g,Das,1 un,"€3,89/un","€8,02/kg"
Pasta de Arquivo A4 Lombada Larga Tecnoline,Note!,1 un,"€2,29/un","€2,29/un"
3 Dias Hotéis de Sonho com Jantar,Odisseias,1 un,"€229,90/un","€229,90/un"
Recarga Papel A4 Pautado para Caderno Smart,Talia,1 un,"€3,99/un","€3,99/un"
Bolsa Catálogo Cristal A4,Note!,100 un,"€4,19/un","€0,04/un"
Fita Cola Transparente 33m x 15mm,Note!,2 un,"€1,79/un","€0,90/un"
O Homicídio Perfeito,Holly Jackson,,"€17,91/un","€17,91/un"
Feito com Amor,Catarina Gouveia,,"€16,11/un","€16,11/un"
Recarga Papel A4 Pautado,Note!,1 un,"€2,49/un","€2,49/un"
A Mais Breve História da Rússia - Dos Eslavos a Putin,José Milhazes,,"€16,92/un","€16,92/un"
Envelope Almofadado Correio Verde Nacional S 215x115mm,CTT,4 un,"€10,60/un","€10,60/un"
Caderno Smart Espiral A4 Pautado (várias cores),Talia,1 un,"€8,99/un","€8,99/un"
Envelope Correio Verde Nacional C5 229x162mm,CTT,5 un,"€7,50/un","€7,50/un"
Torne-se um Decifrador de Pessoas,Alexandre Monteiro,,"€14,31/un","€14,31/un"
Fita Corretora Micro Roller 8m (várias cores),UHU,2 un,"€3,79/un","€3,79/un"
Ponha o Seu Dinheiro a Trabalhar para Si,Bárbara Barroso,,"€13,95/un","€13,95/un"
Deixa Acontecer Nº 1 - Tudo o que Nunca Fomos,Alice Kellen,,"€14,31/un","€14,31/un"
Cola Universal Líquida 35ml,UHU,1 un,"€2,35/un","€67,14/lt"
Tubo de Cola Stic 40g,UHU,1 un,"€3,79/un","€3,79/un"
Os Aventureiros,Luccas Neto,,"€11,61/un","€11,61/un"
Preparação para o Exame Nacional - Português - 12º Ano,Porto Editora,,"€26,91/un","€26,91/un"
Envelope Correio Verde Nacional C4 229x324mm,CTT,5 un,"€14,25/un","€14,25/un"
Desafios Top,Odisseias,1 un,"€119,90/un","€119,90/un"
Pasta de Arquivo A4 Lombada Larga Tecnoline,Note!,1 un,"€2,29/un","€2,29/un"
"Masha e o Urso - Estás Tão Grande, Masha!",Vários Autores,,"€7,61/un","€7,61/un"
Se me Amas Não te Demores,Raul Minh'Alma,,"€15,21/un","€15,21/un"
Isto Acaba Aqui,Colleen Hoover,,"€17,99/un","€17,99/un"
Cola Universal Líquida 20ml,UHU,2 un,"€3,15/un","€78,75/lt"
A Violoncelista,Daniel Silva,,"€17,91/un","€17,91/un"
Caderno Espiral A4 Pautado,Note!,1 un,"€1,49/un","€1,49/un"
Verity,Colleen Hoover,,"€16,61/un","€16,61/un"
Tubo de Cola Stic 21g,UHU,2 un,"€4,99/un","€118,81/kg"
Separador 12 Divisórias A4 Cartão,Note!,1 un,"€1,69/un","€1,69/un"
Bloco de Cartolinas A4,Note!,1 un,"€2,69/un","€2,69/un"
Fugas a Dois,Odisseias,1 un,"€49,90/un","€49,90/un"
Lápis Grafite Noris 2HB,Staedtler,6 un,"€4,49/un","€4,49/un"
"Vermelho, Branco e Sangue Azul",Casey McQuiston,,"€17,91/un","€17,91/un"
Marcador Permanente Fino de Tinta Preta,Staedtler,1 un,"€3,49/un","€3,49/un"
Massa Adesiva Patafix,UHU,80 un,"€2,49/un","€2,49/un"
O Jardim dos Animais com Alma,José Rodrigues dos Santos,,"€19,80/un","€19,80/un"
Pasta de Arquivo A4 Lombada Larga Tecnoline,Note!,1 un,"€2,29/un","€2,29/un"
Marcadores de Colorir para Têxteis,Note!,6 un,"€3,99/un","€0,67/un"
Caderno Espiral A5 Pautado,Note!,1 un,"€1,09/un","€1,09/un"
Bloco de Notas Aderentes 76x76mm,Post-it,1 un,"€2,79/un","€2,79/un"
Resma de Papel de Impressão A4 100 Folhas 80g/m2,Note!,1 un,"€3,69/un","€3,69/un"
Marcador de Tinta Fluorescente Pastel,Stabilo,6 un,"€10,99/un","€10,99/un"
Rolo para Encadernação,Note!,1 un,"€2,19/un","€2,19/un"
"Hábitos Atómicos - Pequenas Mudanças, Grandes Resultados",James Clear,,"€15,21/un","€15,21/un"
Resma de Papel de Impressão Colorido A4 100 Folhas 80g/m2,Note!,1 un,"€3,39/un","€3,39/un"
Um de Nós é o Próximo,Karen M. McManus,,"€17,01/un","€17,01/un"
Envelope Almofadado Correio Verde Nacional S,CTT,1 un,"€2,65/un","€2,65/un"
Estojo Retangular (várias cores),Note!,1 un,"€4,99/un","€4,99/un"
O Sonho,Nicholas Sparks,,"€16,11/un","€16,11/un"
Foi Sem Querer que Te Quis,Raul Minh'Alma,,"€15,21/un","€15,21/un"
Recarga Papel A4 Liso,Note!,1 un,"€2,49/un","€2,49/un"
Pasta de Modelar Branca 1kg,Das,1 un,"€5,99/un","€5,99/kg"
Borracha Branca,Note!,3 un,"€1,29/un","€0,43/un"
Durante a Queda Aprendi a Voar,Raul Minh'Alma,,"€15,21/un","€15,21/un"
Plasticina com 12 barras,Bic,12 un,"€2,49/un","€2,49/un"
Esferográfica Cristal Original de Tinta Azul,Bic,10 un,"€4,39/un","€4,39/un"
"Tubo de Cola Stic 8,2g",UHU,2 un,"€3,09/un","€193,13/kg"
Pasta de Arquivo A4 Lombada Larga e Forrada,Ancor,1 un,"€2,49/un","€2,49/un"
Esferográfica Cristal Original de Tinta Azul,Bic,5 un,"€2,69/un","€2,69/un"
Ganhei Uma Vida Quando Te Perdi,Raul Minh'Alma,,"€15,21/un","€15,21/un"
As 100 Primeiras Palavras,Vários Autores,,"€6,21/un","€6,21/un"
Sublinhador de Tinta Pastel,Bic,6 un,"€5,39/un","€5,39/un"
Marcador Permanente de Tinta Preta,Bic,1 un,"€1,89/un","€1,89/un"
Estamos Grávidos! E Agora?,Carmen Ferreira,,"€17,91/un","€17,91/un"
Segredos da Mente Milionária,T. Harv Eker,,"€15,21/un","€15,21/un"
Lápis Grafite HB,Note!,3 un,"€1,19/un","€0,40/un"
Pasta de Arquivo A4 Lombada Estreita Touch com Recarga (várias cores),Oxford,1 un,"€14,89/un","€14,89/un"
Bloco de Papel Vegetal A4,Note!,1 un,"€1,84/un","€1,84/un"
Preparação para o Exame Nacional - Biologia e Geologia - 11º Ano,Porto Editora,,"€26,91/un","€26,91/un"
Bolsa Catálogo Transparente A4,Note!,50 un,"€5,49/un","€0,11/un"
Um de Nós Mente,Karen M. McManus,,"€17,01/un","€17,01/un"
Lápis Grafite Noris 2HB,Staedtler,12 un,"€8,79/un","€8,79/un"
Capa com Elástico A4 (várias cores),Oxford,1 un,"€3,19/un","€3,19/un"
Tubo Cola Stick 20g,Note!,2 un,"€3,19/un","€1,60/un"
A Fada Oriana,Sophia de Mello Breyner Andresen,,"€12,15/un","€12,15/un"
Lápis Grafite Noris HB,Staedtler,3 un,"€2,49/un","€2,49/un"
Caderno Agrafado A5 Pontilhado com Elásticos (várias cores),Note!,1 un,"€7,99/un","€7,99/un"
Marcadores de Feltro Kid Couleur,Bic,24 un,"€6,99/un","€6,99/un"
Caixa de Arquivo Morto A4,Note!,1 un,"€0,99/un","€0,99/un"
Se Fosse Perfeito,Colleen Hoover,,"€15,71/un","€15,71/un"
"No Final, Morrem os Dois",Adam Silvera,,"€17,51/un","€17,51/un"
Caderno Agrafado com Elástico A5 Liso,Note!,1 un,"€5,99/un","€5,99/un"
Gravity Falls - Diário 3,Disney,,"€22,41/un","€22,41/un"
Caderno Agrafado A4 Pautado,Note!,1 un,"€1,49/un","€1,49/un"
Luccas e Gi em Chapeuzinho Vermelho,Luccas Neto,,"€15,21/un","€15,21/un"
Quadro de Cortiça Duplo 40x60cm,Go4cork,1 un,"€8,19/un","€8,19/un"
Bloco de Notas Aderentes 76x76mm,Note!,2 un,"€2,29/un","€2,29/un"
Caderno de Desenho A4,Cavalinho,1 un,"€3,89/un","€3,89/un"
Heartstopper Nº 1 - Rapaz Conhece Rapaz,Alice Oseman,,"€14,36/un","€14,36/un"
Pasta de Arquivo A4 Lombada Estreita com 100 Folhas (várias cores),Note!,1 un,"€8,99/un","€8,99/un"
Harry Potter e a Pedra Filosofal (Livro 1),J. K. Rowling,,"€15,21/un","€15,21/un"
Caderno de Desenho A4,Note!,1 un,"€1,69/un","€1,69/un"
Caderno Smart Espiral A4 Pautado (várias cores),Talia,1 un,"€7,99/un","€7,99/un"
O Diário de Anne Frank,Anne Frank,,"€14,94/un","€14,94/un"
Tudo é Possível,Kobi Yamada,,"€13,49/un","€13,49/un"
Marcadores de Colorir Finos Turbo Color,Giotto,12 un,"€2,99/un","€2,99/un"
Envelope C4 229x324mm,Note!,25 un,"€3,99/un","€0,16/un"
Caderno Espiral Flex A4 Pautado (várias cores),Oxford,1 un,"€4,79/un","€4,79/un"
Amor e Gelato,Jenna Evans Welch,,"€15,29/un","€15,29/un"
Recarga Papel A4 Quadriculado,Note!,1 un,"€2,49/un","€2,49/un"
Fita Cola Transparente 33m x 19mm,Note!,2 un,"€2,29/un","€1,15/un"
"Minas 0,7mm",Rotring,2 un,"€2,79/un","€2,79/un"
O Cuquedo,Clara Cunha,,"€10,90/un","€10,90/un"
Bolsa Catálogo A4 para Caderno Smart,Talia,1 un,"€2,49/un","€2,49/un"
Dispensador Index com Sinalizadores,Post-it,4 un,"€5,29/un","€5,29/un"
Caderno de Desenho A4,Talens,1 un,"€9,99/un","€9,99/un"
Esferográfica com 4 Cores,Note!,10 un,"€1,99/un","€0,20/un"
O Poder do Jejum Intermitente,Alexandra Vasconcelos,,"€14,85/un","€14,85/un"
Cola Universal 35ml,Note!,1 un,"€1,79/un","€1,79/un"
Resma de Papel de Impressão A3 500 Folhas 80g/m2,Navigator,1 un,"€12,49/un","€12,49/un"
Sublinhador Mini de Tinta Fluorescente e Pastel,Note!,6 un,"€4,49/un","€0,75/un"
Classificador Envelope com Mola A4 (várias cores),Oxford,1 un,"€2,59/un","€2,59/un"
Lapiseira Criterium 2mm e 6 Minas HB (várias cores),Bic,1 un,"€6,09/un","€6,09/un"
Bloco de Papel Vegetal A3,Note!,1 un,"€3,39/un","€3,39/un"
Bloco de Cartolinas A3,Note!,1 un,"€4,59/un","€4,59/un"
Lápis de Cera Twist & Turn,Note!,12 un,"€2,69/un","€0,22/un"
Os Contos da Masha - O Capuchinho Vermelho,Vários Autores,,"€7,65/un","€7,65/un"
O Triunfo dos Porcos,George Orwell,,"€6,75/un","€6,75/un"
Mindset - A Atitude Mental Para o Sucesso,Dra. Carol S. Dweck,,"€16,61/un","€16,61/un"
Nunca Desistas de Ti,Susana Teixeira,,"€10,80/un","€10,80/un"
Revista Nova Gente,Nova Gente,1 un,"€2,40/un","€2,40/un"
Pique-Esconde com Superfoca e Seus Amigos,Luccas Neto,,"€8,91/un","€8,91/un"
Quadro de Cortiça 60x90cm,Amorim Cork,1 un,"€11,49/un","€11,49/un"
Pasta de Fole com 12 Divisórias A4 (várias cores),Note!,1 un,"€6,49/un","€6,49/un"
Separador 12 Divisórias A4 Polipropileno,Note!,1 un,"€1,99/un","€1,99/un"
Esferográfica Cristal Shine Dourada e Prateada,Bic,2 un,"€3,29/un","€3,29/un"
"Lapiseira 0,5mm (várias cores)",Staedtler,1 un,"€2,69/un","€2,69/un"
Papel Eva A4,Note!,1 un,"€3,99/un","€3,99/un"
Aguarelas com Pincel,Giotto,24 un,"€7,99/un","€7,99/un"
Apenas um Desejo,Barbara O'Connor,,"€13,46/un","€13,46/un"
Fita Cola Transparente 33m x 15mm,Tesa,1 un,"€2,59/un","€2,59/un"
Fita Corretora Mini 5mm x 5m,Tipp-Ex,2 un,"€5,99/un","€5,99/un"
Sublinhador de Tinta Fluorescente,Note!,4 un,"€2,99/un","€0,75/un"
Masha e o Urso - A Masha Vai à Lua,Vários Autores,,"€7,61/un","€7,61/un"
1984,George Orwell,,"€11,25/un","€11,25/un"
1001 Atividades Pré-escolares,Vários Autores,,"€11,25/un","€11,25/un"
Borracha Branca Mini,Note!,3 un,"€1,39/un","€0,46/un"
Caderno de Desenho A3,Note!,1 un,"€2,89/un","€2,89/un"
Purpurinas Glitter,Note!,4 un,"€3,19/un","€0,80/un"
Clips Cromados 28mm,Note!,100 un,"€1,49/un","€0,01/un"
Bloco de Notas Aderentes 50x75mm,Note!,1 un,"€2,29/un","€2,29/un"
Sinais,Laura Lynne Jackson,,"€15,21/un","€15,21/un"
Esferográfica de Tinta Gel Azul Apagável,Note!,1 un,"€2,29/un","€2,29/un"
O Meu Diário Mágico de Unicórnios,Vários Autores,,"€11,97/un","€11,97/un"
Os Sete Maridos de Evelyn Hugo,Taylor Jenkins Reid,,"€18,86/un","€18,86/un"
Fita Corretora Mini 5mm x 5m,Tipp-Ex,1 un,"€3,09/un","€3,09/un"
Marcador para Quadro Branco,Note!,4 un,"€3,69/un","€0,92/un"
As Bactérias que nos Curam,Alexandra Vasconcelos,,"€15,75/un","€15,75/un"
Classificador Envelope com Mola A5 (várias cores),Oxford,1 un,"€2,19/un","€2,19/un"
Visita e Prova de Vinhos,Odisseias,1 un,"€29,90/un","€29,90/un"
Esferográfica Cristal Original,Bic,10 un,"€4,39/un","€4,39/un"
Plasticina em Balde,Jovi,1 un,"€8,99/un","€8,99/un"
A Girafa que Comia Estrelas,José Eduardo Agualusa,,"€12,56/un","€12,56/un"
"Conjunto de Furador, Agrafador, Agrafos e Saca Agrafos",Note!,1 un,"€6,99/un","€6,99/un"
O Diário de um Banana 1 - Um Romance com Cartoons,Jeff Kinney,,"€15,29/un","€15,29/un"
O Clube das 5 da Manhã,Robin Sharma,,"€14,94/un","€14,94/un"
Esferográfica de Tinta Preta,Bic,4 un,"€3,09/un","€3,09/un"
"Minas 0,5mm",Note!,2 un,"€1,59/un","€0,80/un"
Esferográfica Eye de Tinta Azul e Preta,Uni-ball,3 un,"€6,49/un","€6,49/un"
Bloco de Papel Manteiga A3,Note!,1 un,"€2,39/un","€2,39/un"
O Oráculo Encantado das Fadas,Patrícia Jarimba,,"€17,96/un","€17,96/un"
Afia de Metal,Note!,2 un,"€0,89/un","€0,45/un"
Amor Cruel,Colleen Hoover,,"€16,61/un","€16,61/un"
Portefólio com 40 Bolsas A4 (várias cores),Note!,1 un,"€4,99/un","€4,99/un"
Tinta Acrílica ArtCreation Branco 75ml,Talens,1 un,"€3,29/un","€3,29/un"
Borracha Branca Technic,Maped,2 un,"€1,89/un","€1,89/un"
Caderno Espiral A4 Quadriculado,Note!,1 un,"€1,49/un","€1,49/un"
Origem,Dan Brown,,"€20,61/un","€20,61/un"
Calculadora Científica FX 82MS,Casio,emb. 1 un,"€12,99/un","€12,99/un"
Aprenda Inglês Sem Mestre,Editorial Presença,,"€15,21/un","€15,21/un"
Contos Solidários 27 - Coco,Disney,,"€3,49/un","€3,49/un"
Afia com Depósito,Note!,2 un,"€1,99/un","€1,00/un"
Roller de Tinta Gel Glitter,Note!,8 un,"€3,49/un","€0,44/un"
Borracha Branca,Faber-Castell,3 un,"€2,39/un","€2,39/un"
Borracha em Caneta,Maped,1 un,"€3,19/un","€3,19/un"
Esferográfica de Tinta Azul,Note!,10 un,"€1,99/un","€0,20/un"
Cola Universal Líquida 20ml,UHU,1 un,"€1,95/un","€97,50/lt"
Larga Quem Não Te Agarra,Raul Minh'Alma,,"€15,21/un","€15,21/un"
Agrafador Universal Mini com 400 Agrafos,Maped,1 un,"€3,99/un","€3,99/un"
Mola Neon 25mm,Note!,8 un,"€1,39/un","€0,17/un"
Yämmi para Mamãs e Bebés,Yämmi,,"€15,40/un","€15,40/un"
Classificador Envelope A4 Kraft,Esselte,1 un,"€0,99/un","€0,99/un"
Patrulha Pata - Caderno de Atividades 3 Anos,Vários Autores,,"€7,61/un","€7,61/un"
"Guaches Extra Finos 7,5ml",Giotto,6 un,"€6,69/un","€6,69/un"
Caderno Agrafado A4 Pautado (várias cores),Note!,1 un,"€1,99/un","€1,99/un"
Caneta Corretora 9ml,Note!,1 un,"€2,39/un","€1,20/un"
Esferográfica Eye Micro de Tinta Preta,Uni-ball,1 un,"€2,79/un","€2,79/un"
Semanário Expresso,Expresso,1 un,"€4,50/un","€4,50/un"
Tubo de Cola Stic 21g,UHU,1 un,"€2,80/un","€133,33/kg"
Mindfulness - Atenção Plena,Mark Williams e Danny Penman,,"€14,31/un","€14,31/un"
Dois Guardam Um Segredo,Karen M. McManus,,"€17,01/un","€17,01/un"
Lápis de Cor,Note!,12 un,"€1,99/un","€0,17/un"
"Esferográfica com 3 Cores e Lapiseira 0,7 com Minas",Bic,1 un,"€4,99/un","€4,99/un"
Dá-me um Dia para Mudar a Tua Vida,Raul Minh'Alma,,"€13,41/un","€13,41/un"
Preparar o Exame 2022 - Matemática A - 12º Ano,Raiz Editora,,"€25,92/un","€25,92/un"
Deixa Acontecer Nº 2 - Tudo o Que Somos Juntos,Alice Kellen,,"€15,21/un","€15,21/un"
Exercícios para Recarregar o Cérebro,Vasco Catarino Soares,,"€14,31/un","€14,31/un"
Revista TV 7 Dias,TV 7 Dias,1 un,"€2,00/un","€2,00/un"
Pasta de Modelar Terracota 500g,Das,1 un,"€3,89/un","€8,02/kg"
Quadro Branco com Marcador Velleda,Bic,1 un,"€4,19/un","€4,19/un"
Sem Segredos!,Marco Costa,,"€16,11/un","€16,11/un"
Portefólio com 20 Bolsas A4 (várias cores),Note!,1 un,"€2,99/un","€2,99/un"
Corte de Espinhos e Rosas,Sarah J. Maas,,"€17,01/un","€17,01/un"
Capa para Caderno Smart A5 (várias cores),Talia,1 un,"€2,49/un","€2,49/un"
Preparar o Exame Nacional 2022 - Biologia E Geologia - 11º Ano,Areal Editores,,"€26,91/un","€26,91/un"
Preparar o Exame Nacional 2022 - Física e Química A - 10º e 11º Ano,Areal Editores,,"€26,91/un","€26,91/un"
Panda e os Caricas - Os Instrumentos Musicais,Panda,,"€13,41/un","€13,41/un"
Caderno Agrafado A4 Quadriculado (várias cores),Note!,1 un,"€3,49/un","€3,49/un"
Cola Líquida Young Creativ' 50ml,UHU,1 un,"€2,45/un","€49,00/lt"
100 Atividades Montessori para o Despertar das Crianças,Ève Herrmann,,"€14,31/un","€14,31/un"
Mulheres que Correm com os Lobos,Clarissa Pinkola Estés,,"€21,51/un","€21,51/un"
Refúgios com Jantar,Odisseias,1 un,"€99,90/un","€99,90/un"
Revista Maria,Maria,1 un,"€1,40/un","€1,40/un"
Afia Elíptica com Depósito Shaker (várias cores),Maped,1 un,"€1,99/un","€1,99/un"
Esferográfica de Tinta Azul,Note!,3 un,"€1,49/un","€0,50/un"
Lápis Grafite Evolution 2HB,Bic,4 un,"€1,29/un","€1,29/un"
Marcadores de Colorir Finos Turbo Color,Giotto,24 un,"€5,69/un","€5,69/un"
Esferográfica Frixion Ball de Tinta Azul,Pilot,1 un,"€4,50/un","€4,50/un"
"Minas 0,7mm",Note!,2 un,"€1,59/un","€0,80/un"
Envelope DL 110x220mm,Note!,50 un,"€2,69/un","€0,05/un"
Revista Lux,Lux,1 un,"€2,40/un","€2,40/un"
Marcadores de Colorir Lavável,Note!,12 un,"€2,99/un","€0,25/un"
Rolo de Papel Térmico de Impressão Liso 58g/m2,Fegol,10 un,"€5,29/un","€5,29/un"
Etiquetas Adesivas 25x40mm,Note!,120 un,"€1,39/un","€0,01/un"
Todos os Dias São para Sempre,Raul Minh'Alma,,"€15,21/un","€15,21/un"
"Etiquetas Adesivas 210x148,5mm",Fegol,200 un,"€12,49/un","€12,49/un"
Inteligência Emocional,Daniel Goleman,,"€17,91/un","€17,91/un"
Marcador Permanente Médio de Tinta Preta,Staedtler,1 un,"€3,49/un","€3,49/un"
Baby-Led Weaning,Begoña Prats,,"€16,61/un","€16,61/un"
Esferográfica Colours Shine 4 Cores,Bic,1 un,"€3,99/un","€3,99/un"
Caneta Corretora 8ml,UHU,1 un,"€2,79/un","€2,79/un"
Contos Solidários 26 - Zootrópolis,Disney,,"€3,49/un","€3,49/un"
Revista Caras,Caras,1 un,"€2,40/un","€2,40/un"
Tubo Cola Stic Renature 21g,UHU,1 un,"€2,95/un","€2,95/un"
Caderno Agrafado com Elástico A5 Pautado,Note!,1 un,"€5,99/un","€5,99/un"
Esferográfica Cristal Fine,Bic,4 un,"€2,29/un","€2,29/un"
Dieta Low FODMAP,Joana Oliveira,,"€16,61/un","€16,61/un"
Agrafador Alicate Grande 24/6,Note!,1 un,"€6,99/un","€6,99/un"
Clips Coloridos 28mm,Note!,100 un,"€1,59/un","€0,02/un"
A Viúva e o Papagaio,Virginia Woolf,,"€5,94/un","€5,94/un"
Marcadores de Feltro Kid Couleur,Bic,12 un,"€3,79/un","€3,79/un"
Ulisses,Maria Alberta Menéres,,"€10,71/un","€10,71/un"
Tubo Cola Stick 10g,Note!,2 un,"€1,89/un","€0,95/un"
Will,Will Smith e Mark Manson,,"€16,92/un","€16,92/un"
Resma de Papel de Impressão A4 500 Folhas 80g/m2,Renova,1 un,"€4,49/un","€4,49/un"
2 Dias em Família,Odisseias,1 un,"€69,90/un","€69,90/un"
Aguarelas com Pincel,Giotto,12 un,"€4,39/un","€4,39/un"
Marcador Triplus Fineliner,Staedtler,10 un,"€14,69/un","€14,69/un"
Envelope Almofadado Correio Verde Nacional M,CTT,1 un,"€3,35/un","€3,35/un"
Envelope C6 114x162mm,Note!,50 un,"€2,69/un","€0,05/un"
Revista TV Guia,TV Guia,1 un,"€2,00/un","€2,00/un"
Panda - Primeiros Livros,Panda,,"€11,97/un","€11,97/un"
O Segredo do Metabolismo,Rita Rocha de Macedo,,"€14,85/un","€14,85/un"
Separador 8 Divisórias A4 Cartão,Note!,1 un,"€1,29/un","€1,29/un"
Faz um Restart à Tua Vida,Jorge Coutinho,,"€14,31/un","€14,31/un"
Caderno Espiral A4 Liso,Note!,1 un,"€1,49/un","€1,49/un"
Lápis de Cor Color'Peps,Maped,24 un,"€5,99/un","€5,99/un"
Separador 6 Divisórias A4 Cartão,Note!,1 un,"€1,69/un","€1,69/un"
Agrafos 24/6,Note!,2 un,"€1,49/un","€0,75/un"
Plasticina com 8 Barras,Note!,8 un,"€2,19/un","€0,27/un"
Pasta de Arquivo A4 Lombada Larga Tecnocolours,Note!,1 un,"€2,79/un","€2,79/un"
A Nova Dieta dos 31 Dias,Ágata Roquette,,"€15,30/un","€15,30/un"
Preparação para o Exame Nacional - História A - 12º Ano,Porto Editora,,"€26,91/un","€26,91/un"
Sinalizadores,Note!,5 un,"€2,49/un","€2,49/un"
O Diário de um Banana 2 - O Rodrick é Terrível,Jeff Kinney,,"€15,29/un","€15,29/un"
Pasta de Arquivo A4 Lombada Larga,Note!,1 un,"€2,19/un","€2,19/un"
Esferográfica Eye Micro de Tinta Azul,Uni-ball,1 un,"€2,79/un","€2,79/un"
Multiplique o Seu Dinheiro,Ariana Nunes,,"€14,31/un","€14,31/un"
"Fita Cola Dupla com Dispensador 7,5m x 12mm",Tesa,1 un,"€5,69/un","€5,69/un"
Revista Sábado,Sábado,1 un,"€4,00/un","€4,00/un"
Caderno Espiral A4 Quadriculado (várias cores),Oxford,1 un,"€6,59/un","€6,59/un"
X-Ato Grande 18mm,Note!,1 un,"€1,99/un","€1,99/un"
Caneta Corretora Mini 4ml,Note!,2 un,"€2,39/un","€1,20/un"
Desenrolador para Fita Cola,Note!,1 un,"€4,19/un","€4,19/un"
Marcadores de Colorir Intensity Up,Bic,24 un,"€7,19/un","€7,19/un"
Panda - O Meu Quadro de Giz - Formas e Números,Panda,,"€13,49/un","€13,49/un"
Quem Traiu Anne Frank?,Rosemary Sullivan,,"€16,83/un","€16,83/un"
Bolsa de Encadernação Transparente A4,Note!,6 un,"€2,29/un","€0,38/un"
Marcadores de Colorir Finos Turbo Color,Giotto,36 un,"€8,29/un","€8,29/un"
Bolsa Catálogo Transparente A5,Ambar,25 un,"€3,19/un","€3,19/un"
Bolsa Catálogo Transparente A4,Note!,50 un,"€4,99/un","€0,10/un"
Cozinhar à Portuguesa com o Chef Hélio Loureiro,Yämmi,,"€19,80/un","€19,80/un"
Sublinhador de Tinta Fluorescente,Bic,4 un,"€2,89/un","€2,89/un"
Caixa para Garrafas de Vinho,Note!,1 un,"€0,45/un","€0,45/un"
O Livro de Pantagruel,Berta Rosa-Limpo e Maria Manuela Caetano,,"€44,91/un","€44,91/un"
Os Maias,Eça de Queirós,,"€9,99/un","€9,99/un"
Papel Seda A4,Liderpapel,1 un,"€1,59/un","€1,59/un"
Lápis Grafite HB,Note!,12 un,"€1,79/un","€0,15/un"
Panda e os Caricas - Livro de atividades,Panda,,"€7,92/un","€7,92/un"
Tesoura em Inox 14cm,Note!,1 un,"€2,19/un","€2,19/un"
O Cuquedo e os Pequenos Aprendizes do Medo,Clara Cunha,,"€11,34/un","€11,34/un"
Marcadores de Colorir Maxi Turbo Color,Giotto,12 un,"€5,89/un","€5,89/un"
"Pincéis Escolares Nº 2, 4, 6, 8, 10",Note!,5 un,"€2,29/un","€2,29/un"
O Menino Que Não Gostava de Ler,Susanna Tamaro,,"€12,51/un","€12,51/un"
Não é só Sangue,Patrícia Lemos,,"€17,51/un","€17,51/un"
"Super Rápido, Super Yämmi",Yämmi,,"€8,85/un","€8,85/un"
Afia com Depósito,Note!,1 un,"€1,69/un","€1,69/un"
Lápis de Cor Colors,Giotto,12 un,"€3,59/un","€3,59/un"
Papel Celofane A4,Liderpapel,1 un,"€1,79/un","€1,79/un"
Esferográfica Cristal Multicolor,Bic,10 un,"€4,79/un","€4,79/un"
Lápis de Cor Kids Tropicolor,Bic,24 un,"€4,19/un","€4,19/un"
Caderno Agrafado A4 Quadriculado,Note!,1 un,"€1,49/un","€1,49/un"
12 Regras para a Vida,Jordan B. Peterson,,"€16,65/un","€16,65/un"
"Dias Felizes, Noites Tranquilas",Constança Cordeiro Ferreira,,"€17,51/un","€17,51/un"
"Patrulha Pata - Partida, Largada, Resgate!",Vários Autores,,"€6,98/un","€6,98/un"
O Tatuador de Auschwitz,Heather Morris,,"€16,11/un","€16,11/un"
Lápis de Cor Colors,Giotto,24 un,"€7,19/un","€7,19/un"
Bloco de Notas Aderentes 40x50mm,Note!,3 un,"€2,19/un","€2,19/un"
"Lapiseria 0,7mm",Note!,4 un,"€2,99/un","€0,75/un"
"1, 2, 3 Uma Colher de Cada Vez",João Breda e Maria Antónia Peças,,"€22,41/un","€22,41/un"
Resumos - Os Maias - 11º Ano,Elementos,,"€6,93/un","€6,93/un"
Caderno Agrafado A5 Pautado,Note!,1 un,"€1,19/un","€1,19/un"
Marcador Permanente de Tons Pastel,Talens,5 un,"€13,69/un","€13,69/un"
Pessoas Altamente Sensíveis,Dra. Elaine N. Aron,,"€13,95/un","€13,95/un"
"Leandro, Rei da Helíria",Alice Vieira,,"€9,90/un","€9,90/un"
Contos Solidários 4 - O Livro da Selva,Disney,,"€3,49/un","€3,49/un"
Tubo Cola Stick 10g,Note!,1 un,"€1,19/un","€1,19/un"
"Lapiseira Triplus Micro 0,7mm e Minas",Staedtler,1 un,"€5,69/un","€5,69/un"
De Que Cor É um Beijinho?,Rocio Bonilla,,"€11,61/un","€11,61/un"
Top Spa,Odisseias,1 un,"€39,90/un","€39,90/un"
Patrulha Pata - A Poderosa Patrulha Pata ao Resgate,Vários Autores,,"€11,66/un","€11,66/un"
Exame - Biologia e Geologia - 11º Ano,LeYa,,"€26,91/un","€26,91/un"
Cola Líquida Arts & Crafts 100ml,UHU,1 un,"€4,19/un","€4,19/un"
Envelope Almofadado Correio Verde Internacional S 215x115mm,CTT,1 un,"€5,20/un","€5,20/un"
Caderno Agrafado 2 Linhas A5 Pautado,Note!,1 un,"€1,49/un","€1,49/un"
9 de Novembro,Colleen Hoover,,"€17,51/un","€17,51/un"
Caderno de Música A4,Note!,1 un,"€1,79/un","€1,79/un"
Envelope C5 229x162mm,Note!,25 un,"€2,69/un","€0,11/un"
Masha e o Urso - O Urso Está Doente,Vários Autores,,"€7,61/un","€7,61/un"
Contos Solidários 21 - Vaiana,Disney,,"€3,49/un","€3,49/un"
Bloco de Trabalhos Manuais,Liderpapel,1 un,"€5,69/un","€5,69/un"
Agrafos Nº 10,Note!,2 un,"€1,49/un","€0,75/un"
Aguarelas em Lápis Stilnovo Acquarell,Giotto,24 un,"€12,99/un","€12,99/un"
Bloco de Apontamentos A6 Liso,Note!,1 un,"€1,19/un","€1,19/un"
Bolsa Catálogo Transparente A4,Esselte,25 un,"€1,79/un","€1,79/un"
Preparar o Exame Nacional 2022 - Português - 12º Ano,Areal Editores,,"€26,91/un","€26,91/un"
Harry Potter e a Câmara dos Segredos (Livro 2),J. K. Rowling,,"€15,21/un","€15,21/un"
Caixa de Envelopes Correio Verde Nacional M 265x175mm,CTT,3 un,"€9,60/un","€9,60/un"
"After - Depois da Verdade (volume 2, edição extra)",Anna Todd,,"€19,71/un","€19,71/un"
Animais Bebés - À Descoberta das Palavras e dos Sons,Marion Billet,,"€8,91/un","€8,91/un"
Porta Revistas em Rede,Note!,1 un,"€9,49/un","€9,49/un"
Vidas Seguintes,Abdulrazak Gurnah,,"€18,89/un","€18,89/un"
O Leão que Temos Cá Dentro,Rachel Bright,,"€11,61/un","€11,61/un"
Contos Solidários 30 - Up,Disney,,"€3,49/un","€3,49/un"
Esferográfica de Tinta Gel Pastel,Note!,6 un,"€2,99/un","€0,50/un"
Massa Adesiva,Note!,80 un,"€2,29/un","€0,03/un"
Antes que o Café Arrefeça,Toshikazu Kawaguchi,,"€12,51/un","€12,51/un"
Lápis Grafite Evolution 2HB,Bic,10 un,"€2,69/un","€2,69/un"
Five Nights at Freddy's 1 - Olhos de Prata,Scott Cawthon e Kira Breed-Wrisley,,"€13,41/un","€13,41/un"
O Cuquedo e um Amor Que Mete Medo,Clara Cunha,,"€11,34/un","€11,34/un"
Marcadores de Colorir Grosso,Note!,12 un,"€3,29/un","€0,27/un"
Capa com Elásticos A4 Pastel (várias cores),Note!,1 un,"€2,49/un","€2,49/un"
Comunicação Não-Violenta,Marshall B. Rosenberg,,"€15,71/un","€15,71/un"
Marcador Permanente CD com 4 Cores,Note!,4 un,"€3,49/un","€0,87/un"
Fita Cola Transparente 10m x 15mm,Tesa,2 un,"€2,19/un","€2,19/un"
O Diário de um Banana… e o Meu,Jeff Kinney,,"€11,69/un","€11,69/un"
Tu És Aquilo que Pensas,James Allen,,"€9,99/un","€9,99/un"
Super Cola Mini 1g,Note!,4 un,"€3,19/un","€0,80/un"
Mola 40mm,Note!,2 un,"€1,49/un","€0,75/un"
Recarga Papel A5 Pontilhado para Caderno Smart,Talia,1 un,"€2,49/un","€2,49/un"
Caderno de Desenho A3,Cavalinho,1 un,"€5,99/un","€5,99/un"
Capa com Elástico A3 (várias cores),Note!,1 un,"€3,99/un","€3,99/un"
O Diário de Um Banana 16 - Arrasa ou Baza!,Jeff Kinney,,"€15,29/un","€15,29/un"
O Gato Malhado e a Andorinha Sinhá,Jorge Amado,,"€6,75/un","€6,75/un"
Contos Solidários 11 - Frozen 2,Disney,,"€3,49/un","€3,49/un"
Caneta Corretora 7ml,Note!,1 un,"€2,19/un","€2,19/un"
Elásticos Nº 16 22g,Note!,60 un,"€1,29/un","€58,64/kg"
Inês de Castro,Isabel Stilwell,,"€19,71/un","€19,71/un"
"Não Forces, a Vida Flui",Manuel Clemente,,"€13,46/un","€13,46/un"
Tabuleiro de Secretária Rede Rosa,Note!,1 un,"€9,99/un","€9,99/un"
Régua 30cm,Maped,1 un,"€1,69/un","€1,69/un"
A Arte Subtil de Saber que Se F*da - O Diário,Mark Manson,,"€13,95/un","€13,95/un"
"Mude de Horário, Mude de Vida",Suhas Kshirsagar e Michelle Seaton,,"€14,94/un","€14,94/un"
"Lapiseira 0,5mm e 12 Minas",Uni-ball,1 un,"€3,49/un","€3,49/un"
Preparação para o Exame Nacional - Física e Química A - 11º Ano,Porto Editora,,"€26,91/un","€26,91/un"
Esferográfica Colours Shine 4 Cores,Bic,1 un,"€4,19/un","€4,19/un"
Tabuleiro de Secretaria Amarelo,Note!,1 un,"€3,89/un","€3,89/un"
Esferográfica Transparente de Tinta Azul,Note!,3 un,"€1,49/un","€0,50/un"
"Lapiseira Velocity 0,5mm e 12 Minas (várias cores)",Bic,1 un,"€2,59/un","€2,59/un"
Fita Corretora Micro Tape 6mm x 8m,Tipp-Ex,3 un,"€5,99/un","€3,00/un"
"Esferográfica BU3 Grip de Tinta Azul, Vermelha e Preta",Bic,10 un,"€4,99/un","€4,99/un"
Cola Universal 20ml,Note!,1 un,"€1,49/un","€1,49/un"
Classificador com Ferragem A4,Note!,10 un,"€5,29/un","€0,53/un"
Roller de Tinta Gel Preta,Uni-ball,1 un,"€2,69/un","€2,69/un"
"Preparar as Provas de Aferição - Português, Matemática, Estudo do Meio e Expressões - 2º Ano",Porto Editora,,"€6,93/un","€6,93/un"
Portefólio com 100 Bolsas A4 (várias cores),Oxford,1 un,"€10,39/un","€10,39/un"
"100 Primeiros - Números, Cores e Formas",Roger Priddy,,"€6,21/un","€6,21/un"
Lápis Grafite Grip com Borracha HB,Note!,6 un,"€1,99/un","€0,33/un"
Contos Solidários 28 - Toy Story,Disney,,"€3,49/un","€3,49/un"
Papel de Lustro A4,Note!,1 un,"€1,29/un","€1,29/un"
Compasso Stop System,Maped,1 un,"€5,19/un","€5,19/un"
Estou Farto de Cozinhar… e Agora?,Rui Marques,,"€17,09/un","€17,09/un"
Spray Fixador Concentrado 200ml,Talens,1 un,"€7,49/un","€7,49/un"
Caderno Smart Espiral A5 Pautado (várias cores),Talia,1 un,"€6,49/un","€6,49/un"
Borracha Branca Mini Softy,Maped,3 un,"€1,69/un","€1,69/un"
Lápis de Cor Black Edition,Faber-Castell,24 un,"€13,99/un","€13,99/un"
"Panda - Adeus, Fraldas!",Panda,,"€10,79/un","€10,79/un"
A Psicologia do Dinheiro,Morgan Housel,,"€15,21/un","€15,21/un"
Histórias sem Tempo - O Boneco de Peluche,Vários Autores,,"€0,99/un","€0,99/un"
Marcadores de Colorir para Têxteis,Giotto,12 un,"€12,99/un","€12,99/un"
Histórias sem Tempo - O Ursinho e as Maçãs,Vários Autores,,"€0,99/un","€0,99/un"
"O Meu Urso Grande, O Meu Urso Pequeno e Eu",Margarita Del Mazo,,"€11,61/un","€11,61/un"
Régua Cristal 30cm,Note!,1 un,"€0,89/un","€0,89/un"
Resma de Papel de Impressão Colorido A4 100 Folhas 80g/m2,Note!,1 un,"€4,79/un","€4,79/un"
História de Uma Gaivota e do Gato que a Ensinou a Voar,Luis Sepúlveda,,"€13,95/un","€13,95/un"
Afia com Depósito Igloo (várias cores),Maped,1 un,"€1,99/un","€1,99/un"
Marcador Triplus Fineliner,Staedtler,13 un,"€11,99/un","€11,99/un"
Caderno Agrafado A4 Pautado,Note!,1 un,"€3,49/un","€3,49/un"
Tesoura 14cm,Note!,1 un,"€1,79/un","€1,79/un"
Agrafador Pequeno com 1000 Agrafos 24/6,Note!,1 un,"€2,69/un","€2,69/un"
Marcadores de Colorir para Têxteis,Giotto,6 un,"€6,99/un","€6,99/un"
Bloco de Apontamentos A6 Pautado,Note!,1 un,"€1,19/un","€1,19/un"
O Diário de um Banana 3 - A Última Gota,Jeff Kinney,,"€15,29/un","€15,29/un"
O Pequeno Livro do Investimento,John C. Bogle,,"€14,31/un","€14,31/un"
Robinson Crusoé,Daniel Defoe,,"€7,92/un","€7,92/un"
Marcadores Point 88,Stabilo,10 un,"€10,99/un","€10,99/un"
Contos Solidários 5 - Carros,Disney,,"€3,49/un","€3,49/un"
Esferográfica Cristal com Recargas de Tinta Azul,Bic,1 un,"€4,69/un","€4,69/un"
X-Ato Pequeno 9mm (várias cores),Maped,1 un,"€1,89/un","€1,89/un"
De Coração nas Mãos,José Roquette,,"€14,85/un","€14,85/un"
Lápis de Cera Kids Plastidecor,Bic,12 un,"€2,99/un","€2,99/un"
Portefólio com 40 Bolsas A4 (várias cores),Oxford,1 un,"€11,39/un","€11,39/un"
Fita Cola Transparente com Desenrolador 33m x 19mm,Note!,1 un,"€2,29/un","€2,29/un"
Trincas - O Monstro dos Livros,Emma Yarlett,,"€13,41/un","€13,41/un"
Feliz Aniversário,Odisseias,1 un,"€49,90/un","€49,90/un"
As Receitas - O Poder do Jejum Intermitente,Alexandra Vasconcelos,,"€14,85/un","€14,85/un"
Preparação para o Exame Nacional - Economia A - 11º Ano,Porto Editora,,"€26,91/un","€26,91/un"
Panda - Toca Xilofone com o Panda,Panda,,"€16,19/un","€16,19/un"
Separador 10 Divisórias A4 Polipropileno,Esselte,1 un,"€2,19/un","€2,19/un"
Bloco de Notas Aderentes 38x51mm,Post-it,1 un,"€3,69/un","€3,69/un"
Descomplica,Sofia Castro Fernandes,,"€15,21/un","€15,21/un"
Lápis de Cor e Afia,Faber-Castell,24 un,"€6,99/un","€6,99/un"
Pasta de Arquivo A4 Lombada Estreita (várias cores),Note!,1 un,"€2,49/un","€2,49/un"
Portefólio com 20 Bolsas A3,Note!,1 un,"€4,99/un","€4,99/un"
Marcadores de Colorir com 2 Pontas,Note!,12 un,"€3,19/un","€0,27/un"
Resma de Papel de Impressão A4 500 Folhas 90g/m2,Navigator,1 un,"€6,89/un","€6,89/un"
Histórias sem Tempo - O Barco dos Quatro Amigos,Vários Autores,,"€0,99/un","€0,99/un"
Envelope Almofadado Correio Verde Nacional 235x340mm,CTT,1 un,"€5,10/un","€5,10/un"
"É Doce, é Yämmi",Yämmi,,"€10,62/un","€10,62/un"
Borracha Branca Technic,Maped,4 un,"€2,79/un","€2,79/un"
Contos Solidários 15 - A Bela Adormecida,Disney,,"€3,49/un","€3,49/un"
Lápis de Cor Kids Tropicolor,Bic,12 un,"€2,39/un","€2,39/un"
Esferográfica Cristal Large de Tinta Preta,Bic,5 un,"€2,39/un","€2,39/un"
Esferográfica Média com 4 Cores,Bic,1 un,"€3,09/un","€3,09/un"
Caderno Agrafado A4 Pautado (várias cores),Oxford,1 un,"€4,79/un","€4,79/un"
Lápis de Cor,Staedtler,24 un,"€6,69/un","€6,69/un"
Portefólio com 40 Bolsas A4 (várias cores),Note!,1 un,"€4,49/un","€4,49/un"
Contos Solidários 10 - A Bela e o Monstro,Disney,,"€3,49/un","€3,49/un"
"Lapiseira 0,5mm",Note!,2 un,"€2,89/un","€1,45/un"
Caderno de Música A5,Note!,1 un,"€1,49/un","€1,49/un"
"Lapiseira Grip Matic 0,7mm e Minas B",Faber-Castell,1 un,"€4,99/un","€4,99/un"
Histórias sem Tempo - A Casinha de Rubim,Vários Autores,,"€0,99/un","€0,99/un"
Plasticina com 12 Barras,Note!,12 un,"€2,99/un","€0,25/un"
ComTradição - Uma Viagem Pela Gastronomia Portuguesa,Henrique Sá Pessoa,,"€22,41/un","€22,41/un"
Caderno de Desenho A5,Talens,1 un,"€7,99/un","€7,99/un"
Caderno Agrafado A4 Pautado,Note!,1 un,"€3,49/un","€3,49/un"
Caneta Corretora Shake'n Squeeze 8ml,Tipp-Ex,1 un,"€2,79/un","€2,79/un"
Organizador de Secretária,Note!,1 un,"€3,69/un","€3,69/un"
Contos Solidários 29 - Entrelaçados,Disney,,"€3,49/un","€3,49/un"
Apagador Quadro Branco,Note!,1 un,"€3,69/un","€3,69/un"
Afia com Depósito Galatic (várias cores),Maped,1 un,"€3,19/un","€3,19/un"
Cesto de Papéis Rede Preto,Note!,1 un,"€5,49/un","€5,49/un"
Agrafador Greenlogic 24/6 com 400 Agrafos,Maped,1 un,"€4,19/un","€4,19/un"
Contos Solidários 23 - Robin dos Bosques,Disney,,"€3,49/un","€3,49/un"
Papel Feltro A4,Note!,1 un,"€4,79/un","€4,79/un"
O Grufalão,Julia Donaldson,,"€11,61/un","€11,61/un"
"Lapiseira 0,5mm e Minas (várias cores)",Uni-ball,1 un,"€3,59/un","€3,59/un"
Tesoura Genius 13cm,Maped,1 un,"€3,79/un","€3,79/un"
O Novelo de Emoções,Elizabete Neves,,"€9,81/un","€9,81/un"
Bloco de Notas Aderentes 76x127mm,Post-it,1 un,"€3,69/un","€3,69/un"
Estojo Quadrado com Elástico (várias cores),Oxford,1 un,"€9,49/un","€9,49/un"
Giz Cor,Note!,12 un,"€1,89/un","€0,16/un"
Antes Que a Luz Apague a Escuridão,Telmo Mendes,,"€14,85/un","€14,85/un"
Lápis Grafite de Desenho 12 Durezas,Note!,12 un,"€3,99/un","€0,33/un"
Esferográfica BU3 Grip de Tinta Azul,Bic,4 un,"€3,09/un","€3,09/un"
Etiquetas Adesivas Rebordo Azul 41x65mm,Note!,24 un,"€1,39/un","€0,06/un"
Pasta de Arquivo com Elásticos A4 Lombada Estreita,Note!,1 un,"€8,99/un","€8,99/un"
Envelope Correio Verde Internacional C5 229x162mm,CTT,5 un,"€14,50/un","€14,50/un"
Contos Solidários 12 - Mulan,Disney,,"€3,49/un","€3,49/un"
Lapiseira 2mm e 12 Minas HB,Note!,1 un,"€3,79/un","€3,79/un"
Sem Saída,Taylor Adams,,"€16,91/un","€16,91/un"
Fita Corretora 5mm x 10m,UHU,1 un,"€3,59/un","€3,59/un"
Marcador Textliner Metálico,Faber-Castell,4 un,"€5,99/un","€5,99/un"
O Principezinho,Antoine de Saint-Exupéry,,"€4,95/un","€4,95/un"
Pasta de Arquivo A4 Lombada Estreita Tecnocolours,Note!,1 un,"€2,49/un","€2,49/un"
Simplesmente Charli,Charli D'Amelio,,"€15,71/un","€15,71/un"
O Príncipe Nabo,Ilse Losa,,"€10,71/un","€10,71/un"
Porta Revistas Rede Preto,Note!,1 un,"€4,49/un","€4,49/un"
Pasta de Arquivo A4 Lombada Estreita Tecnocolours,Note!,1 un,"€2,49/un","€2,49/un"
Violeta,Isabel Allende,,"€16,92/un","€16,92/un"
Plasticina Patplume,Giotto,10 un,"€6,29/un","€6,29/un"
A Arte Subtil de Saber Dizer que Se F*da,Mark Manson,,"€7,20/un","€7,20/un"
Panda e Os Caricas - Malinha de Atividades,Panda,,"€12,51/un","€12,51/un"
Livro do Bebé - Os Meus Primeiros Três Anos,Vários Autores,,"€14,31/un","€14,31/un"
Lobo Bom ou Lobo Mau?,Clara Cunha,,"€11,34/un","€11,34/un"
Afia Satellite Metal,Maped,1 un,"€1,99/un","€1,99/un"
Toca e Sente - Os Veículos,Vários Autores,,"€6,75/un","€6,75/un"
Esferográfica de Tinta Gel Preta Apagável,Note!,1 un,"€1,99/un","€1,99/un"
Capa com Elástico A4 Urban (várias cores),Oxford,1 un,"€5,59/un","€5,59/un"
Mola 25mm,Note!,4 un,"€1,19/un","€0,30/un"
O Meu Livro de Autocolantes - Heróis e Heroínas,Vários Autores,,"€3,49/un","€3,49/un"
Mickey - Diversão Sem Fim,Disney,,"€17,91/un","€17,91/un"
"Lapiseira 0,5mm e 12 Minas HB",Note!,1 un,"€2,19/un","€2,19/un"
As Minhas Histórias do Lobo (volume 2),Orianne Lallemand,,"€17,99/un","€17,99/un"
Bloco de Notas Aderentes 76x76mm (várias cores),Note!,1 un,"€2,99/un","€2,99/un"
Histórias sem Tempo - O Tigre Riscadinho,Vários Autores,,"€0,99/un","€0,99/un"
Conservas para Todo o Ano,Oded Schwartz,,"€22,49/un","€22,49/un"
Revista Visão,Visão,1 un,"€4,00/un","€4,00/un"
Memorial do Convento,José Saramago,,"€15,93/un","€15,93/un"
Sinalizadores em Seta,Note!,1 un,"€2,49/un","€2,49/un"
Bloco de Apontamentos A5 Liso,Note!,1 un,"€1,29/un","€1,29/un"
Cesto de Papéis Rosa,Note!,1 un,"€9,99/un","€9,99/un"
Lápis de Cera,Giotto,12 un,"€3,19/un","€3,19/un"
Pasta de Fole com 13 Divisórias A4 (várias cores),Oxford,1 un,"€11,69/un","€11,69/un"
Muitos Parabéns,Odisseias,1 un,"€29,90/un","€29,90/un"
Caderno Agrafado A4 Quadriculado (várias cores),Note!,1 un,"€1,99/un","€1,99/un"
"Sinalizadores Retangulares 24x43,2mm",Post-it,1 un,"€4,19/un","€4,19/un"
Foco - O Motor Oculto da Excelência,Daniel Goleman,,"€16,92/un","€16,92/un"
Portefólio com 80 Bolsas A4 (várias cores),Oxford,1 un,"€9,19/un","€9,19/un"
Bloco de Desenho A4,Canson,1 un,"€3,49/un","€3,49/un"
Cola Universal Líquida 20ml,UHU,1 un,"€2,99/un","€2,99/un"
Histórias sem Tempo - O Rei dos Cantores,Vários Autores,,"€0,99/un","€0,99/un"
3 Dias Fugas a Dois,Odisseias,1 un,"€89,90/un","€89,90/un"
O Rei Perverso,Holly Black,,"€17,96/un","€17,96/un"
Afia com Depósito Globo,Maped,1 un,"€2,99/un","€2,99/un"
Compasso Stop System 3 Peças,Maped,1 un,"€6,99/un","€6,99/un"
Organizador de Secretária Rose Gold,Note!,1 un,"€4,99/un","€4,99/un"
Etiquetas Adesivas 19x38mm,Note!,60 un,"€1,49/un","€0,02/un"
Recarga Papel A4 Pautado,Ambar,1 un,"€3,49/un","€3,49/un"
Saca Agrafos,Note!,1 un,"€1,39/un","€1,39/un"
Esferográfica Eye Micro de Tinta Vermelha,Uni-ball,1 un,"€2,79/un","€2,79/un"
Pasta de Arquivo A4 Lombada Larga Tecnocolours,Note!,1 un,"€2,79/un","€2,79/un"
100 Primeiros Conceitos,Vários Autores,,"€6,21/un","€6,21/un"
Caderno Agrafado com Elástico A4 Liso,Note!,1 un,"€7,99/un","€7,99/un"
O Príncipe Cruel,Holly Black,,"€17,96/un","€17,96/un"
Classificador Envelope com Mola A4 (várias cores),Note!,1 un,"€1,69/un","€1,69/un"
Plim! Aprendo e Treino a Leitura - 1º Ano,Texto,,"€5,31/un","€5,31/un"
Caraval,Stephanie Garber,,"€17,01/un","€17,01/un"
Dar ao Pedal,Jorge Sequeira,,"€14,94/un","€14,94/un"
A Psicologia da Estupidez,Jean-François Marmion,,"€17,91/un","€17,91/un"
Caderno Agrafado Openflex A5 Pautado (várias cores),Oxford,1 un,"€3,19/un","€3,19/un"
Tesoura com Perfuradores,Note!,1 un,"€4,09/un","€4,09/un"
Da Blockchain ao Criptoinvestidor,Jens M. Helbig,,"€11,61/un","€11,61/un"
Contos Solidários 16 - A Dama e o Vagabundo,Disney,,"€3,49/un","€3,49/un"
Esferográfica Transparente,Note!,4 un,"€1,69/un","€0,42/un"
Terapia de Casal,Rita da Nova e Guilherme Fonseca,,"€14,31/un","€14,31/un"
Separador 10 Divisórias Colorido A4 Cartolina,Esselte,1 un,"€1,69/un","€1,69/un"
Jantar Romântico,Odisseias,1 un,"€39,90/un","€39,90/un"
21 Lições para o Século XXI,Yuval Noah Harari,,"€23,36/un","€23,36/un"
Alguém Está a Mentir,Rachel Amphlett,,"€15,71/un","€15,71/un"
LEGO Ninjago - O Ninja Dourado!,LEGO,,"€9,44/un","€9,44/un"
"Menina, Mulher e Mãe",Tânia Correia,,"€13,41/un","€13,41/un"
Sublinhador de Tinta Fluorescente Pastel,Stabilo,6 un,"€13,99/un","€13,99/un"
Afia Dupla com Depósito Shakky,Maped,1 un,"€2,29/un","€2,29/un"
Eu Sei o Que Vocês Fizeram,Dorothy Koomson,,"€15,93/un","€15,93/un"
Arsène Lupin - Cavalheiro Ladrão,Maurice Leblanc,,"€14,94/un","€14,94/un"
Histórias sem Tempo - O Balde e a Pá,Vários Autores,,"€0,99/un","€0,99/un"
Todos os Dias são Bons para Falar de Amor,Xavier Pereira,,"€13,05/un","€13,05/un"
Saco de Glitter (várias cores),Note!,1 un,"€2,00/un","€2,00/un"
Fita Cola Transparente 25m x 19mm,Tesa,1 un,"€2,49/un","€2,49/un"
"Canal Panda - Hora do banho, Panda!",Panda,,"€7,11/un","€7,11/un"
Clips Cromados 38mm,Note!,50 un,"€1,49/un","€0,03/un"
Embrulho Presentes - Envelope Médio 45x32x8cm,Continente,1 un,"€0,79/un","€0,79/un"
Os Três Porquinhos,Vários Autores,,"€11,97/un","€11,97/un"
Preparação para o Exame Nacional - Macs - 11º Ano,Porto Editora,,"€26,91/un","€26,91/un"
O Grande Livro da Criança,T. Berry Brazelton,,"€29,61/un","€29,61/un"
Cartolina Preta 50x65cm,Albano,1 un,"€0,79/un","€0,79/un"
O Meu Livro Sonoro - Os Animais de Estimação,Charlie Pop,,"€10,71/un","€10,71/un"
Cozinha com Twist,Filipa Gomes,,"€23,31/un","€23,31/un"
Patrulha Pata - Caderno de Atividade 2 Anos,Vários Autores,,"€7,61/un","€7,61/un"
Mola 50mm,Note!,2 un,"€1,79/un","€0,90/un"
Esferográfica Transparente de Tinta Preta,Note!,3 un,"€1,39/un","€0,46/un"
Agrafador F6 20 Folhas com Agrafos,Rapid,1 un,"€8,69/un","€8,69/un"
Atividades Pré-escolares Panda - 4-5 Anos,Panda,,"€9,90/un","€9,90/un"
Aguarelas com Pincel,Note!,24 un,"€4,99/un","€4,99/un"
Histórias sem Tempo - A Herdade do Joãozito,Vários Autores,,"€0,99/un","€0,99/un"
Plim! O Meu Caderno de Fim de Semana - 1º ano,Texto,,"€8,01/un","€8,01/un"
A Lei da Atração,Michael J. Losier,,"€13,95/un","€13,95/un"
O Monstro das Cores,Anna Llenas,,"€5,99/un","€5,99/un"
Sábio como o C*Ralho,Gary John Bishop,,"€13,50/un","€13,50/un"
Roller de Tinta Gel Vermelha,Note!,1 un,"€1,69/un","€1,69/un"
Arsène Lupin - Ladrão de Casaca,Maurice Leblanc,,"€4,50/un","€4,50/un"
A Vila dos Tecidos,Anne Jacobs,,"€17,91/un","€17,91/un"
Resma de Papel de Impressão A4 5 x 500 Folhas 80g/m2,My Print,5 un,"€20,95/un","€20,95/un"
Régua Inquebrável Study 20cm,Maped,1 un,"€1,49/un","€1,49/un"
Marcador Permanente Velleda de Tinta Preta,Bic,1 un,"€2,79/un","€2,79/un"
Pasta de Arquivo A4 Lombada Estreita (várias cores),Note!,1 un,"€2,69/un","€2,69/un"
Duas Irmãs em Auschwitz,Roxane Van Iperen,,"€16,11/un","€16,11/un"
"Régua, Esquadros e Transferidor",Note!,4 un,"€2,19/un","€2,19/un"
O Regresso,Nicholas Sparks,,"€16,11/un","€16,11/un"
Pique-Esconde com os Aventureiros,Luccas Neto,,"€11,61/un","€11,61/un"
Cartolina Vermelha 50x65cm,Albano,1 un,"€0,79/un","€0,79/un"
Tens 101 Animais Neste Livro,Vários Autores,,"€8,91/un","€8,91/un"
Afia Dupla com Depósito,Note!,1 un,"€1,99/un","€1,99/un"
O Diário de um Banana 5 - A Verdade Nua e Crua,Jeff Kinney,,"€15,29/un","€15,29/un"
Cartolina Creme 50x65cm,Albano,1 un,"€0,79/un","€0,79/un"
Aquilo que Os Olhos Veem ou O Adamastor,Manuel António Pina,,"€10,71/un","€10,71/un"
Gerir Emoções - Um Guia Prático,Paulo Moreira,,"€16,20/un","€16,20/un"
Super Cola Mini 1g,UHU,3 un,"€4,99/un","€4,99/un"
Histórias sem Tempo - O Sapateiro Remendão,Vários Autores,,"€0,99/un","€0,99/un"
O Monstro das Cores Vai à Escola,Anna Llenas,,"€11,61/un","€11,61/un"
Exame - Prova Final Matemática A - 12º Ano,LeYa,,"€26,91/un","€26,91/un"
5 Histórias Para Ler Com o Pai,Vários Autores,,"€8,91/un","€8,91/un"
Pedro Alecrim,António Mota,,"€9,90/un","€9,90/un"
Esferográfica com 4 Cores,Note!,1 un,"€1,99/un","€1,99/un"
Cola Universal Líquida Flex & Clean 20ml,UHU,1 un,"€3,19/un","€3,19/un"
"Masha e o Urso - Bons Sonhos, Masha!",Vários Autores,,"€7,61/un","€7,61/un"
Lápis de Cor Stilnovo,Giotto,12 un,"€4,69/un","€4,69/un"
"Tubo de Cola Stic 8,2g",UHU,1 un,"€1,80/un","€225,00/kg"
Autocompaixão,Kristin Neff,,"€14,94/un","€14,94/un"
Super Cola Strong & Safe 7g,UHU,1 un,"€5,39/un","€5,39/un"
Avozinha Gângster,David Walliams,,"€14,94/un","€14,94/un"
Guaches 12ml,Note!,5 un,"€4,69/un","€0,94/un"
Compasso Basic 4 Peças,Rotring,1 un,"€10,69/un","€10,69/un"
A Breve Vida das Flores,Valérie Perrin,,"€17,91/un","€17,91/un"
Pins Coloridos,Note!,60 un,"€2,39/un","€0,04/un"
Lápis de Cor,Note!,24 un,"€3,69/un","€0,15/un"
Porta-Borracha Tipo Caneta Azul com Recarga,Staedtler,1 un,"€4,79/un","€4,79/un"
Envelope Almofadado Correio Verde Nacional M 265x175mm,CTT,3 un,"€10,05/un","€10,05/un"
Borracha Branca,Note!,2 un,"€1,29/un","€0,65/un"
As Piores Crianças do Mundo Nº 1,David Walliams,,"€14,94/un","€14,94/un"
TOP! Aprendo... a Ler - 1º e 2º Ano,Porto Editora,,"€6,93/un","€6,93/un"
Diário de Colorir para Quem Não Consegue Dormir,Sarah Jane Arnold,,"€12,56/un","€12,56/un"
Esferográfica Lakubo de Tinta Azul,Uni-ball,1 un,"€2,19/un","€2,19/un"
Pasta de Arquivo A4 Lombada Larga Tecnocolours,Note!,1 un,"€2,79/un","€2,79/un"
Paleta com 10 Godés,Note!,1 un,"€1,69/un","€1,69/un"
Gente Ansiosa,Fredrik Backman,,"€15,93/un","€15,93/un"
Marcadores de Colorir Lavável Color'Peps,Maped,12 un,"€4,79/un","€4,79/un"
Prato do Dia,Filipa Gomes,,"€17,91/un","€17,91/un"
Tinta da China,Pelikan,1 un,"€4,89/un","€4,89/un"
Borracha Branca,Rotring,3 un,"€2,69/un","€2,69/un"
Seleção de Contos Populares Portugueses,Adolfo Coelho,,"€6,93/un","€6,93/un"
O Diário de um Banana 10 - Dantes é Que Era,Jeff Kinney,,"€15,29/un","€15,29/un"
Alice no País das Maravilhas,Lewis Carroll,,"€12,51/un","€12,51/un"
Sublinhador Fino de Tinta Fluorescente,Note!,4 un,"€2,29/un","€0,57/un"
O Meu Coração Entre Dois Mundos,Jojo Moyes,,"€16,92/un","€16,92/un"
Caderno Diário Agrafado A5 Pautado,Firmo,1 un,"€1,19/un","€1,19/un"
Fita Corretora Micro Tape Twist 5mm x 8m,Tipp-Ex,1 un,"€3,49/un","€3,49/un"
Separador 12 Divisórias A4 Polipropileno,Esselte,1 un,"€2,19/un","€2,19/un"
Uma Adolescente à Beira de um Ataque de Nervos,Mafalda Creative,,"€13,41/un","€13,41/un"
Esferográfica Lakubo de Tinta Preta,Uni-ball,1 un,"€2,19/un","€2,19/un"
Tubo Cola Stick 20g,Note!,1 un,"€1,89/un","€1,89/un"
Envelope C6 114x162mm,Note!,25 un,"€1,69/un","€0,07/un"
Não Abras Este Livro Outra Vez,Andy Lee,,"€10,71/un","€10,71/un"
Caderno Espiral A4 Pautado e Quadriculado (várias cores),Oxford,1 un,"€8,59/un","€8,59/un"
Compasso Origin 3 Peças,Maped,1 un,"€4,99/un","€4,99/un"
Envelope C5 229x162mm,Note!,25 un,"€2,99/un","€0,12/un"
"Tesoura 16,5cm",Note!,1 un,"€2,39/un","€2,39/un"
Marcador Permanente Fino de Tinta Azul,Staedtler,1 un,"€3,49/un","€3,49/un"
O Coala que Foi Capaz,Vários Autores,,"€11,61/un","€11,61/un"
Período,Patrícia Lemos,,"€12,56/un","€12,56/un"
Recarga Papel A5 Quadriculado para Caderno Smart,Talia,1 un,"€2,49/un","€2,49/un"
Pasta de Arquivo A4 Lombada Larga Tecnocolours,Note!,1 un,"€2,79/un","€2,79/un"
Roller de Tinta Gel Azul,Note!,1 un,"€1,69/un","€1,69/un"
"Olá, Bebé!",Vários Autores,,"€10,71/un","€10,71/un"
Masha e o Urso - Viva a Música!,Vários Autores,,"€7,61/un","€7,61/un"
Transferidor 180º 12cm,Maped,1 un,"€1,49/un","€1,49/un"
Elásticos Coloridos Nº 18 150g,Note!,1 un,"€3,29/un","€21,93/kg"
Sublinhador de Tinta Fluorescente Amarelo,Stabilo,2 un,"€4,69/un","€4,69/un"
"Régua, Esquadro e Transferidor Flexível",Maped,1 un,"€4,99/un","€4,99/un"
Revista TV Mais,TV Mais,1 un,"€2,10/un","€2,10/un"
Panda - Mini Biblioteca,Panda,,"€6,21/un","€6,21/un"
Giz Branco,Note!,12 un,"€1,89/un","€0,16/un"
Afia Dupla com Depósito (várias cores),Note!,1 un,"€1,49/un","€1,49/un"
Caderno Agrafado A4 Quadriculado (várias cores),Note!,1 un,"€1,99/un","€1,99/un"
O Meu Diário das Emoções,Catarina Raminhos e Ana Mota Veiga,,"€12,92/un","€12,92/un"
Esferográfica Retrátil de Tinta Azul,Note!,4 un,"€1,99/un","€0,50/un"
Panda e os Caricas - Primeiros Livros,Panda,,"€11,97/un","€11,97/un"
Sublinhador de Tinta Fluorescente e Pastel,Note!,4 un,"€4,49/un","€1,12/un"
Exame - Filosofia - 11º Ano,LeYa,,"€26,91/un","€26,91/un"
Argolas Adesivas de Reforço,Note!,224 un,"€1,49/un","€0,01/un"
A Vida é Yämmi,Yämmi,,"€10,62/un","€10,62/un"
Marcadores de Colorir Finos,Uso,12 un,"€1,29/un","€1,29/un"
Classificador Envelope com Mola A6 (várias cores),Note!,1 un,"€1,39/un","€1,39/un"
Fita Cola Transparente 33m x 19mm,Note!,2 un,"€2,29/un","€1,15/un"
"Kombucha, Kefir e Outras Bebidas Fermentadas",Alex Lewin e Raquel Guajardo,,"€18,86/un","€18,86/un"
Verniz Acetinado para Óleo e Acrílico 200ml,Talens,1 un,"€7,49/un","€7,49/un"
Acredita - Coisas Boas Acontecem,Sofia Castro Fernandes,,"€13,95/un","€13,95/un"
Inquebrável,Tahereh Mafi,,"€16,91/un","€16,91/un"
Pasta de Arquivo A4 Lombada Larga,Ancor,1 un,"€3,49/un","€3,49/un"
Minas para Compasso 2mm e Apara Minas,Note!,1 un,"€1,69/un","€1,69/un"
Os Piores Pais do Mundo,David Walliams,,"€14,94/un","€14,94/un"
The Storyteller - Histórias de Vida e de Música,Dave Grohl,,"€17,91/un","€17,91/un"
A Joia Interior,Anna Llenas,,"€22,46/un","€22,46/un"
Mein Kampf - A Minha Luta,Adolf Hitler,,"€23,40/un","€23,40/un"
Os Lusíadas,Luís de Camões,,"€8,91/un","€8,91/un"
As Crónicas de Gelo e Fogo - A Guerra dos Tronos (volume 1),George R. R. Martin,,"€17,13/un","€17,13/un"
Marcador Permanente Fino de Tinta Preta,Newpen,1 un,"€2,19/un","€2,19/un"
Simples e Yämmi,Yämmi,,"€15,93/un","€15,93/un"
Borracha Branca em Onda,Note!,2 un,"€1,99/un","€1,00/un"
A Arte de Comunicar com Sucesso,Dale Carnegie,,"€14,99/un","€14,99/un"
Etiquetas Adesivas 13x38mm,Note!,189 un,"€1,39/un","€0,01/un"
Agrafador Vivo Mini com 400 Agrafos (várias cores),Maped,1 un,"€3,69/un","€3,69/un"
Portefólio com Bolsas Amovíveis A4,Oxford,1 un,"€16,39/un","€16,39/un"
Bloco de Desenho Escolar A4,Oxford,1 un,"€2,59/un","€2,59/un"
Caderno Agrafado com Elástico A6 Pontilhado,Note!,1 un,"€4,99/un","€4,99/un"
Último Olhar,Miguel Sousa Tavares,,"€18,00/un","€18,00/un"
Roller de Tinta Gel Azul,Uni-ball,1 un,"€2,69/un","€2,69/un"
Mamãs Fit,Marta Moura,,"€15,21/un","€15,21/un"
O Clube do Crime das Quintas-Feiras,Richard Osman,,"€15,75/un","€15,75/un"
Educar com Mindfulness,Mikaela Övén,,"€13,95/un","€13,95/un"
Comece a Viver Agora,Rosa Basto,,"€13,95/un","€13,95/un"
Se os Gatos Desaparecessem do Mundo,Genki Kawamura,,"€11,61/un","€11,61/un"
Régua Twist&Flex 15cm,Note!,1 un,"€1,29/un","€1,29/un"
Cozinha d'Amigos,Miguel Sousa Tavares,,"€21,96/un","€21,96/un"
Pasta de Arquivo A4 Lombada Estreita com Recarga e Autocolantes (várias cores),Oxford,1 un,"€15,99/un","€15,99/un"
Adoro-te Muito,Disney Baby,,"€8,91/un","€8,91/un"
"Guaches 7,5ml",Note!,12 un,"€6,99/un","€0,58/un"
O Lobo Que Partiu à Descoberta Do Museu,Orianne Lallemand,,"€11,69/un","€11,69/un"
Spidey e a Sua Superequipa - Em Cima e Em Baixo,Disney,,"€8,06/un","€8,06/un"
Aristo 26cm,Maped,1 un,"€3,19/un","€3,19/un"
Pasta de Arquivo A4 Lombada Estreita Classic com Recarga (várias cores),Oxford,1 un,"€14,89/un","€14,89/un"
"Panda - Adeus, Chucha!",Panda,,"€10,79/un","€10,79/un"
Cartolina Branca 50x65cm,Albano,1 un,"€0,79/un","€0,79/un"
Etiquetas Adesivas Rebordo Azul 32x64mm,Note!,36 un,"€1,39/un","€0,04/un"
Onde Está o Wally?,Martin Handford,,"€12,51/un","€12,51/un"
Os Piratas - Teatro,Manuel António Pina,,"€11,97/un","€11,97/un"
Histórias sem Tempo - O Banho da Balalaica,Vários Autores,,"€0,99/un","€0,99/un"
Caderno Espiral A4 Pautado (várias cores),Oxford,1 un,"€6,29/un","€6,29/un"
Exame - Economia A 11º - Ano,LeYa,,"€26,91/un","€26,91/un"
Caderno Agrafado A4 Quadriculado (várias cores),Oxford,1 un,"€3,79/un","€3,79/un"
O Bando das Cavernas Nº 34 - Eu Vou a Marte!,Nuno Caravela,,"€10,76/un","€10,76/un"
Dicionário Básico Língua Portuguesa,Porto Editora,,"€4,95/un","€4,95/un"
Compasso Grande 4 Peças,Rotring,1 un,"€15,89/un","€15,89/un"
Aguarelas em Lápis Stilnovo Acquarell,Giotto,12 un,"€6,69/un","€6,69/un"
Bloco de Cartolinas Metálicas A4,Note!,1 un,"€3,29/un","€3,29/un"
Bloco Papel Vegetal A4,Ambar,1 un,"€8,29/un","€8,29/un"
Revista Lux Decoração,Lux,1 un,"€3,70/un","€3,70/un"
Caderno Agrafado A4 Pautado (várias cores),Note!,1 un,"€1,99/un","€1,99/un"
Compasso Origin 5 Peças,Maped,1 un,"€6,39/un","€6,39/un"
O Meu Livro Sonoro - O Zoo,Charlie Pop,,"€10,71/un","€10,71/un"
Régua Essentials 40cm,Maped,1 un,"€1,69/un","€1,69/un"
Novas Abordagens - Geometria Descritiva A - 10º e 11º Ano,Porto Editora,,"€15,93/un","€15,93/un"
O Principezinho para Crianças,Antoine de Saint-Exupéry,,"€9,81/un","€9,81/un"
Capa com Elásticos A5 Lombada Larga (várias cores),Note!,1 un,"€2,99/un","€2,99/un"
A Menina do Mar,Sophia de Mello Breyner Andresen,,"€11,25/un","€11,25/un"
Bloco de Notas Aderentes 76x76mm,Note!,1 un,"€2,99/un","€2,99/un"
Esferográfica Neon,Note!,10 un,"€2,99/un","€0,30/un"
Super Wings - O Grande Insuflável na Grécia!,Vários Autores,,"€6,26/un","€6,26/un"
Obesidade Nunca Mais,Benedita Stüve Figueiredo,,"€16,92/un","€16,92/un"
Aguarelas com Pincel,Note!,12 un,"€2,99/un","€2,99/un"
Esferográfica Cristal Up,Bic,8 un,"€3,49/un","€3,49/un"
Borracha Branca Tecnic,Note!,2 un,"€1,99/un","€1,00/un"
Guia de Aromaterapia e Óleos Essenciais,Vários Autores,,"€13,46/un","€13,46/un"
Caderno Agrafado Plastificado A4 Pautado,Note!,1 un,"€2,39/un","€2,39/un"
Saco de Garrafa Natureza 39x9x14cm,Note!,1 un,"€1,25/un","€1,25/un"
A Ilha do Tesouro,Robert Louis Stevenson,,"€10,71/un","€10,71/un"
Preparação para o Exame Final Nacional - Geografia A - 11º Ano,Porto Editora,,"€26,91/un","€26,91/un"
Capa Classificadora com Ferragem (várias cores),Note!,1 un,"€1,79/un","€1,79/un"
Revista Cristina,Cristina,1 un,"€3,70/un","€3,70/un"
Bolsa Catálogo Transparente A4,Esselte,100 un,"€4,49/un","€4,49/un"
Régua Cristal 50cm,Note!,1 un,"€1,69/un","€1,69/un"
Luccas e Gi em o Pé de Feijão,Luccas Neto,,"€15,21/un","€15,21/un"
Transferidor 180º 10cm,Note!,1 un,"€1,19/un","€1,19/un"
Saco de Garrafa Bolas 39x9x14cm (várias cores),Note!,1 un,"€1,75/un","€1,75/un"
Esferográfica Cristal Fun Pastel,Bic,8 un,"€3,49/un","€3,49/un"
Portefólio com 80 Bolsas A4 (várias cores),Note!,1 un,"€6,99/un","€6,99/un"
Atividades Pré-escolares Panda - 3-4 Anos,Panda,,"€9,90/un","€9,90/un"
O Livro do Meu Bebé,Claire Laude e Aurélie Castex,,"€26,01/un","€26,01/un"
Marcador de Tinta Preta Triplus Fineliner,Staedtler,2 un,"€3,39/un","€3,39/un"
Dispensador Index com Sinalizadores,Note!,4 un,"€2,99/un","€2,99/un"
O Livro dos Segredos,Deepak Chopra,,"€16,11/un","€16,11/un"
Pensa como um Monge,Jay Shetty,,"€14,94/un","€14,94/un"
O Bando das Cavernas Nº 1 - Na Maior Há Dez Mil Anos,Nuno Caravela,,"€10,76/un","€10,76/un"
Copo Porta Lápis Rede Rosa,Note!,1 un,"€2,99/un","€2,99/un"
Ciclos da Natureza 2 - A Viagem da Gotinha,Melanie Joyce,,"€12,56/un","€12,56/un"
Karma - Um Guia Para Criar o seu Destino,Sadhguru,,"€16,61/un","€16,61/un"
O Monstro das Cores - Um Livro Pop-up,Anna Llenas,,"€23,36/un","€23,36/un"
TOP! Grafismos Letras e Números 4-6 Anos,Porto Editora,,"€4,05/un","€4,05/un"
Etiquetas Adesivas 16x22mm,Note!,300 un,"€1,39/un","€0,00/un"
A Arte de Vencer uma Discussão Sem Precisar de ter Razão,Arthur Schopenhauer,,"€11,21/un","€11,21/un"
Tesoura de Pontas Redondas 16cm,Maped,NULL,"€5,99/un","€5,99/un"
Quadro de Cortiça Duplo 30x40cm,Cork4u,1 un,"€6,19/un","€6,19/un"
A Sinfonia dos Animais,Dan Brown,,"€13,95/un","€13,95/un"
A Última Festa,Lucy Foley,,"€16,65/un","€16,65/un"
Atividades Pré-escolares Panda - 5-6 Anos,Panda,,"€9,90/un","€9,90/un"
O Sanatório,Sarah Pearse,,"€15,93/un","€15,93/un"
Pasta de Arquivo A4 Lombada Larga Tecnocolours,Note!,1 un,"€2,79/un","€2,79/un"
Lápis de Cera,Note!,12 un,"€2,69/un","€0,22/un"
Revista Caras Decoração,Caras,1 un,"€4,80/un","€4,80/un"
"Pincéis Nº 3, 5, 7",Note!,3 un,"€1,39/un","€1,39/un"
Caderno Agrafado Openflex A4 Quadriculado (várias cores),Oxford,1 un,"€4,79/un","€4,79/un"
Lápis Grafite HB,Note!,6 un,"€1,79/un","€0,30/un"
Tascas e Petiscos a Dois,Odisseias,1 un,"€19,90/un","€19,90/un"
D. Manuel I - Duas Irmãs para Um Rei,Isabel Stilwell,,"€22,41/un","€22,41/un"
Harry Potter e a Pedra Filosofal (Livro 1),J. K. Rowling,,"€33,21/un","€33,21/un"
Caderno Agrafado com Elástico A4 Pautado,Note!,1 un,"€7,99/un","€7,99/un"
Lápis de Cor Intensity Up,Bic,24 un,"€7,99/un","€7,99/un"
Ser Herói Todos os Dias,Robin Sharma,,"€15,93/un","€15,93/un"
Um Dia Fantástico com a Peppa,Ladybird,,"€10,98/un","€10,98/un"
O Homem que Morreu Duas Vezes,Richard Osman,,"€15,75/un","€15,75/un"
Esferográfica de Tinta Gel Fluorescente,Note!,6 un,"€2,79/un","€0,47/un"
TOP! Vou tirar 100% - 2º Ano,Porto Editora,,"€5,94/un","€5,94/un"
O Fantasma de Canterville,Oscar Wilde,,"€7,92/un","€7,92/un"
Superar a Ansiedade,Nuno Mendes Duarte,,"€14,31/un","€14,31/un"
Separador 10 Divisórias A4 Plástico,Oxford,1 un,"€2,49/un","€2,49/un"
Um Mundo de Cor - No Fundo do Mar,Vários Autores,,"€10,31/un","€10,31/un"
Five Nights at Freddy's 2 - Não Confies nos Teus Olhos,Scott Cawthon e Kira Breed-Wrisley,,"€14,31/un","€14,31/un"
A Montanha de Livros Mais Alta do Mundo,Rocio Bonilla,,"€11,61/un","€11,61/un"
Gramática de Português - Ensino Secundário,Porto Editora,,"€17,91/un","€17,91/un"
Caderno Agrafado A4 Pautado,Note!,1 un,"€3,49/un","€3,49/un"
Bloco de Notas Aderentes 51x51mm,Note!,1 un,"€2,49/un","€2,49/un"
Bolsa Catálogo Martelada A4,Note!,100 un,"€4,19/un","€0,04/un"
Capuchinho Vermelho,Vários Autores,,"€9,81/un","€9,81/un"
Tesoura Sensoft 13cm,Maped,1 un,"€4,99/un","€4,99/un"
O Cérebro da Criança Explicado aos Pais,Álvaro Bilbao,,"€13,95/un","€13,95/un"
Sinalizadores Index,Note!,4 un,"€2,29/un","€2,29/un"
Sonhos a Dois,Odisseias,1 un,"€49,90/un","€49,90/un"
Yämmi - Receitas Essenciais,Yämmi,,"€21,51/un","€21,51/un"
Uma Aventura Numa Noite de Tempestade,Ana Maria Magalhães e Isabel Alçada,,"€7,38/un","€7,38/un"
A Viagem das Almas,Michael Newton,,"€14,94/un","€14,94/un"
Bloco de Notas Aderentes 160x80mm,Note!,1 un,"€2,99/un","€2,99/un"
Lápis de Cor Mega,Note!,12 un,"€3,79/un","€0,32/un"
O Grande Livro da Alimentação Saudável,Ágata Roquette,,"€16,92/un","€16,92/un"
Cartolina Azul Claro 50x65cm,Albano,1 un,"€0,79/un","€0,79/un"
Grandes Autocolantes - No Campo,Yoyo Studios,,"€5,39/un","€5,39/un"
Livro de Atividades - 100 Primeiros Animais,Vários Autores,,"€5,31/un","€5,31/un"
A Rapariga Nova,Daniel Silva,,"€8,99/un","€8,99/un"
Roller Retráctil Signo de Tinta Gel Preta,Uni-ball,1 un,"€2,75/un","€2,75/un"
Toca Piano com o Panda,Panda,,"€16,19/un","€16,19/un"
Histórias de Adormecer para Raparigas Rebeldes,Elena Favilli,,"€17,51/un","€17,51/un"
História de Um Gato e de Um Rato que se Tornaram Amigos,Luis Sepúlveda,,"€11,97/un","€11,97/un"
Pasta de Arquivo A4 Lombada Larga Vintage (várias cores),Note!,1 un,"€3,49/un","€3,49/un"
MesaLuísa,Luísa Villar,,"€21,51/un","€21,51/un"
O Livro da Tinta Mágica - Animais,Vários Autores,,"€9,81/un","€9,81/un"
Aprende Em Casa Com O Elmer - Atividades Para 2 Anos,David McKee,,"€8,96/un","€8,96/un"
Cola Líquida Twist&Glue sem Solventes,UHU,1 un,"€4,15/un","€518,75/kg"
Sapiens - História Breve da Humanidade,Yuval Noah Harari,,"€25,61/un","€25,61/un"
Diário de Receitas,Filipa Gomes,,"€14,31/un","€14,31/un"
Caderno Agrafado Openflex A4 Pautado (várias cores),Oxford,1 un,"€4,79/un","€4,79/un"
Encanto - Narrativa Juvenil,Disney,,"€8,91/un","€8,91/un"
Lápis de Cor Pastel,Note!,12 un,"€2,19/un","€0,18/un"
TOP! No Jardim de Infância - Linguagem Oral e Abordagem à Escrita e Matemática 5-6 Anos,Porto Editora,,"€9,90/un","€9,90/un"
Furador Universal 8 Folhas,Maped,1 un,"€4,19/un","€4,19/un"
Puto Normal e a Máquina das Sombras (livro 3),Greg James e Chris Smith,,"€12,15/un","€12,15/un"
Almoço de Domingo,José Luis Peixoto,,"€15,93/un","€15,93/un"
Batman - Corte das Corujas,Scott Snyder e Greg Capullo,,"€13,41/un","€13,41/un"
Furador Grande com Medidor 25 Folhas,Note!,1 un,"€5,99/un","€5,99/un"
Embrulho Presentes - Envelope Grande 50x38x11cm,Continente,1 un,"€0,99/un","€0,99/un"
Bloco de Cartolinas Fluor A4,Note!,1 un,"€3,29/un","€3,29/un"
Pasta de Arquivo A4 Lombada Larga Tecnocolours,Note!,1 un,"€2,79/un","€2,79/un"
Etiquetas Adesivas 50x20mm,Note!,120 un,"€1,49/un","€0,01/un"
Afia Triplo Grip com Depósito,Faber-Castell,1 un,"€3,99/un","€3,99/un"
Afia Dupla com Depósito,Note!,1 un,"€1,79/un","€1,79/un"
Super Wings - Livro de Colorir com Autocolantes,Vários Autores,,"€3,96/un","€3,96/un"
Esferográfica Gelocity Quick Dry de Tinta Azul,Bic,2 un,"€2,99/un","€2,99/un"
Marcador Permanente Fino com 4 Cores,Staedtler,4 un,"€12,99/un","€12,99/un"
O Intruso,Stephen King,,"€17,91/un","€17,91/un"
A Biblioteca dos Livros Proibidos,Tom Pugh,,"€17,51/un","€17,51/un"
Tesoura Noris 17cm,Staedtler,1 un,"€2,89/un","€2,89/un"
Caderno Agrafado A4 Pautado (várias cores),Oxford,1 un,"€3,79/un","€3,79/un"
Bloco de Notas Aderentes 75x75mm,Fegol,12 un,"€8,49/un","€8,49/un"
"Esferográfica BK77 Blister de Tinta Azul, Vermelha e Preta",Pentel,3 un,"€4,49/un","€4,49/un"
Esferográfica Retrátil de Tinta Azul,Note!,2 un,"€2,19/un","€1,10/un"
Borracha Branca com Proteção,Note!,2 un,"€2,19/un","€1,10/un"
Borracha Branca Mini Technic,Maped,3 un,"€1,69/un","€1,69/un"
Pasta de Arquivo A4 Lombada Estreita (várias cores),Note!,1 un,"€2,99/un","€2,99/un"
Um Fogo Lento,Paula Hawkins,,"€17,51/un","€17,51/un"
Caderno Espiral Flex A4 Pautado (várias cores),Oxford,1 un,"€4,79/un","€4,79/un"
Esferográfica de Tinta Gel Metálica,Note!,8 un,"€2,99/un","€0,37/un"
Capa com Elástico A4 Pastel (várias cores),Oxford,1 un,"€5,99/un","€5,99/un"
Uma Terra Prometida,Barack Obama,,"€26,51/un","€26,51/un"
Os Maias,Eça de Queirós,,"€9,90/un","€9,90/un"
Gravidez Sem Medos Nem Mitos,Maria Manuel Sampaio,,"€13,95/un","€13,95/un"
Envelope Almofadado Correio Verde Nacional L 340x235mm,CTT,2 un,"€10,20/un","€10,20/un"
Roller Retráctil Signo de Tinta Gel Azul,Uni-ball,1 un,"€2,75/un","€2,75/un"
Brush Up Your Grammar - Secundário,Porto Editora,,"€18,81/un","€18,81/un"
Caderno Agrafado Openflex A4 Quadriculado,Oxford,1 un,"€4,79/un","€4,79/un"
O Carteiro de Auschwitz,Joe Rosenblum,,"€15,71/un","€15,71/un"
A Outra Miss Bridgerton,Julia Quinn,,"€15,21/un","€15,21/un"
Papel Crepe Verde 50x25cm,Liderpapel,1 un,"€0,79/un","€0,79/un"
Borracha Branca Rasoplast,Staedtler,2 un,"€2,49/un","€2,49/un"
Tinta Acrílica ArtCreation Azul Ciano 75ml,Talens,1 un,"€3,29/un","€3,29/un"
Fichas de avaliação - 2º Ano,Vários Autores,,"€7,92/un","€7,92/un"
Tesoura Esquerdinos Vivo (várias cores),Maped,1 un,"€2,99/un","€2,99/un"
As Histórias Espantosas da Masha - Uma Nova Escola Monstruosa,Vários Autores,,"€7,65/un","€7,65/un"
A Biblioteca da Meia-Noite,Matt Haig,,"€17,51/un","€17,51/un"
Viver Depois de Ti,Jojo Moyes,,"€16,92/un","€16,92/un"
Vanessa Vai à Luta,Luísa Costa Gomes,,"€9,90/un","€9,90/un"
Caderno Agrafado A5 Pautado Pastel (várias cores),Note!,1 un,"€2,59/un","€2,59/un"
Esferográfica Cristal Soft,Bic,4 un,"€2,29/un","€2,29/un"
Revisões para Todo o Ano - 5º Ano,Texto,,"€9,81/un","€9,81/un"
Cola Líquida com Glitter 13ml,Note!,6 un,"€3,19/un","€0,53/un"
Conversas com Deus (livro 1),Neale Donald Walsch,,"€14,94/un","€14,94/un"
Bloco de Desenho Croquis A5,Canson,1 un,"€9,69/un","€9,69/un"
Bloco de Notas Aderentes 38x51mm,Post-it,1 un,"€3,99/un","€3,99/un"
Bloco de Notas To Do List,Do Art,,"€3,00/un","€3,00/un"
Caixa Magnética Panda - Vamos Aprender as Cores e as Formas,Panda,,"€15,93/un","€15,93/un"
Pasta de Arquivo A4 Lombada Larga Classic,Note!,1 un,"€2,99/un","€2,99/un"
E Agora Onde Está o Wally?,Martin Handford,,"€12,51/un","€12,51/un"
O Tarot Moderno,Claire Goodchild,,"€24,71/un","€24,71/un"
Bloco de Apontamentos A5 Pautado,Note!,1 un,"€1,29/un","€1,29/un"
Pastel de Óleo Solúvel em Água ArtCreation,Talens,12 un,"€5,49/un","€5,49/un"
Teoria Geral do Esquecimento,José Eduardo Agualusa,,"€14,94/un","€14,94/un"
Sublinhador de Tinta Fluorescente,Stabilo,2 un,"€4,69/un","€4,69/un"
"Lapiseira 0,5mm, 12 Minas HB e Borracha Branca",Note!,1 un,"€3,49/un","€3,49/un"
Classificador Envelope com Mola DL (várias cores),Oxford,1 un,"€2,19/un","€2,19/un"
O Lobo que Queria Uma Festa de Anos,Orianne Lallemand,,"€7,19/un","€7,19/un"
Curso de Francês para Preguiçosos,Editorial Presença,,"€11,61/un","€11,61/un"
Bolsa Catálogo Transparente A4,Note!,10 un,"€2,99/un","€0,30/un"
Está Tudo F*dido,Mark Manson,,"€7,20/un","€7,20/un"
Caderno Agrafado A5 Quadriculado,Note!,1 un,"€1,19/un","€1,19/un"
A Noiva Judia,Nuno Nepomuceno,,"€17,55/un","€17,55/un"
O Diário de Anne Frank - Diário Gráfico,Ari Folman e Anne Frank,,"€16,92/un","€16,92/un"
Bloco Papel Milimétrico A4,Ambar,1 un,"€4,59/un","€4,59/un"
Esferográfica Pilot Supergrip de Tinta Azul,Pilot,1 un,"€2,49/un","€2,49/un"
Não Abras Este Livro Nunca,Andy Lee,,"€11,61/un","€11,61/un"
Marcador Permanente de Cores Primárias,Talens,5 un,"€13,69/un","€13,69/un"
Fita Cola Transparente 33m x 12mm,Fegol,1 un,"€1,69/un","€1,69/un"
After - Depois do Desencontro (volume 3),Anna Todd,,"€17,01/un","€17,01/un"
Bia e o Unicórnio Nº 1,Dana Simpson,,"€12,92/un","€12,92/un"
Caderno Agrafado A4 Pautado,Note!,1 un,"€2,29/un","€2,29/un"
Caderno Agrafado Plastificado A4 Quadriculado,Note!,1 un,"€2,39/un","€2,39/un"
O Tarot Místico dos Sonhos,Janet Piedilato,,"€23,92/un","€23,92/un"
Resumos - Poetas contemporâneos - 12º Ano,Elementos,,"€6,93/un","€6,93/un"
Amor a Dois,Odisseias,1 un,"€29,90/un","€29,90/un"
Esferográfica BK77 Blister de Tinta Azul,Pentel,3 un,"€4,49/un","€4,49/un"
Caderno Agrafado Openflex A5 Pautado,Oxford,1 un,"€3,19/un","€3,19/un"
Sobremesas 555,Rita Nascimento,,"€14,94/un","€14,94/un"
Comece a Viver Agora,Rosa Basto,,"€13,95/un","€13,95/un"
Régua Inquebrável Flex 20cm,Maped,1 un,"€1,89/un","€1,89/un"
"Pincéis Nº 2, 4, 6",Note!,3 un,"€1,39/un","€1,39/un"
"Hey, Tu Consegues!",Inês Martins Teixeira,,"€15,21/un","€15,21/un"
Etiquetas Adesivas Rebordo Azul 34x75mm,Note!,21 un,"€1,49/un","€0,07/un"
A Fábrica de Cretinos Digitais,Michel Desmurget,,"€16,92/un","€16,92/un"
Esferográfica de Tinta Gel,Note!,4 un,"€3,29/un","€0,82/un"
Plim! Iniciação à Matemática 5-6 Anos,Texto,,"€10,80/un","€10,80/un"
Jogar Xadrez,Jon Tremaine,,"€12,51/un","€12,51/un"
Esferográfica Atlantis de Tinta Azul,Bic,1 un,"€2,69/un","€2,69/un"
Ciclos da Natureza 1 - A Viagem da Sementinha,Melanie Joyce,,"€12,56/un","€12,56/un"
O Diário de um Banana 13 - Vai Tudo Abaixo,Jeff Kinney,,"€15,29/un","€15,29/un"
Gosto de Ti (Quase Sempre),Anna Llenas,,"€10,71/un","€10,71/un"
Um Mistério de Hercule Poirot Nº 18 - Morte no Nilo,Agatha Christie,,"€9,90/un","€9,90/un"
Girafa - 5-7 Anos,Yoyo Studios,,"€4,49/un","€4,49/un"
Marcador Permanente de Tinta Preta e Azul,Fegol,2 un,"€2,69/un","€2,69/un"
Plim! Iniciação à Leitura e à Escrita 5-6 Anos,Texto,,"€10,80/un","€10,80/un"
Salva-Vidas,Rosário Carmona e Costa,,"€13,41/un","€13,41/un"
"Conhecer, Amar e Curar a Sua Criança Interior",Stefanie Stahl,,"€14,31/un","€14,31/un"
Recarga Papel A5 Liso,Note!,1 un,"€1,59/un","€1,59/un"
Aguarelas em Lápis Bruynzeel Expression,Bruynzeel,12 un,"€13,99/un","€13,99/un"
Fita Cola Transparente com Desenrolador 33m x 19mm,Note!,1 un,"€2,29/un","€2,29/un"
Exame - Física e Química A - 11º Ano,LeYa,,"€26,91/un","€26,91/un"
Separador 10 Divisórias A4 Cartolina,Oxford,1 un,"€4,49/un","€4,49/un"
Classificador com Mola Clip A4 (várias cores),Note!,1 un,"€1,99/un","€1,99/un"
Caixa Presente para 2 Garrafas (várias cores),Note!,1 un,"€1,99/un","€1,99/un"
Lápis de Cera Mega,Note!,8 un,"€2,39/un","€0,30/un"
"Passo a Passo, Vamos Colar - Unicórnios",Emma Munro Smith,,"€7,61/un","€7,61/un"
Jogos e Atividades com o Oliver - 5-6 Anos,Vários Autores,,"€5,94/un","€5,94/un"
Oráculo das 7 Energias,Colette Baron-Reid,,"€23,36/un","€23,36/un"
Marcadores de Colorir Maxi Turbo Color,Giotto,18 un,"€8,69/un","€8,69/un"
As Minhas Rotinas Nº 1 - Hora de Vestir,Vários Autores,,"€6,92/un","€6,92/un"
Revista Telenovelas,Telenovelas,1 un,"€1,40/un","€1,40/un"
A Sombra da Noite,Robert Bryndza,,"€15,71/un","€15,71/un"
Caderno Espiral Europeanbook1 Touch A4 Pautado,Oxford,1 un,"€6,59/un","€6,59/un"
Gramática Prática Português - 5º e 6º Ano,Porto Editora,,"€13,95/un","€13,95/un"
Embrulho Caras Felizes - Envelope em Papel Pequeno 45x32x11cm,Continente,1 un,"€1,69/un","€1,69/un"
Exame Geografia A - 11º Ano,LeYa,,"€26,91/un","€26,91/un"
Pasticina com 10 Barras,Giotto,10 un,"€7,69/un","€7,69/un"
Preparar o Exame Nacional 2022 - Matemática A - 12º Ano,Areal Editores,,"€26,91/un","€26,91/un"
Esferográfica Eye Micro de Tinta Verde,Uni-ball,1 un,"€2,79/un","€2,79/un"
Os Mini Cinco Nº 8 - O Tim Persegue um Gato!,Enid Blyton,,"€7,97/un","€7,97/un"
Rolo de Papel de Embrulho Kraft 70x500cm,Note!,1 un,"€2,99/un","€2,99/un"
Guinness World Records 2022,Guinness World Records,,"€25,65/un","€25,65/un"
Classificador Envelope Perfurado com Mola A4,Oxford,1 un,"€2,49/un","€2,49/un"
Caderno Agrafado A6 Liso,Note!,3 un,"€3,49/un","€1,16/un"
Esferográfica Fina UB 157 Eye Fine,Uni-ball,6 un,"€14,99/un","€14,99/un"
Disney - Megacolorir Princesas,Disney,,"€8,91/un","€8,91/un"
Para Além da Ordem,Jordan B. Peterson,,"€16,11/un","€16,11/un"
Cartolina Verde Intenso 50x65cm,Albano,1 un,"€0,79/un","€0,79/un"
As Emoções do Gastão - Estou Irritado,Aurélie Chien Chow Chine,,"€7,61/un","€7,61/un"
Marcador Velleda Permanente de Tinta Azul,Bic,1 un,"€2,79/un","€2,79/un"
Sagrado Feminino,Inês Gaya,,"€16,92/un","€16,92/un"
A Grande Revelação,Julia Quinn,,"€15,21/un","€15,21/un"
A Arte Subtil de Saber Seduzir,Mark Manson,,"€14,94/un","€14,94/un"
"Pincéis Nº 1, 3, 5",Note!,3 un,"€1,39/un","€1,39/un"
O Jardim,Anna Walker,,"€13,46/un","€13,46/un"
Foste a Maneira Mais Bonita de Errar,Pedro Chagas Freitas,,"€15,75/un","€15,75/un"
Caixa Presente para 1 Garrafa (várias cores),Note!,1 un,"€1,39/un","€1,39/un"
Fichas de avaliação - Inglês - 3º Ano,Vários Autores,,"€7,92/un","€7,92/un"
Tinta Acrílica ArtCreation Magenta Primário 75ml,Talens,1 un,"€3,29/un","€3,29/un"
Agrafador Alicate Pequeno 24/6,Note!,1 un,"€5,49/un","€5,49/un"
Vender,Jordan Belfort,,"€15,21/un","€15,21/un"
Lápis de Cera Maxi,Giotto,12 un,"€5,89/un","€5,89/un"
101 Receitas que Tem de Fazer pelo Menos uma Vez na Vida,Casal Mistério,,"€17,91/un","€17,91/un"
A Chanceler - A Notável Odisseia de Angela Merkel,Kati Marton,,"€16,92/un","€16,92/un"
Bia e o Unicórnio Nº 10 - Segredos de Unicórnio,Dana Simpson,,"€12,92/un","€12,92/un"
O Ano da Morte de Ricardo Reis,José Saramago,,"€15,93/un","€15,93/un"
Amor-Próprio,Carolina Granja,,"€14,31/un","€14,31/un"
O Poder Curativo do Nervo Vago,Stanley Rosenberg,,"€17,51/un","€17,51/un"
Conta-me… 365 Histórias,Yoyo Studios,,"€17,99/un","€17,99/un"
O Livro da Tinta Mágica - Vai Ficar Tudo Bem,Vários Autores,,"€9,81/un","€9,81/un"
O Médico Médium: A Cura da Tiroide,Anthony William,,"€16,92/un","€16,92/un"
O Diário de um Banana 4 - Um Dia de Cão,Jeff Kinney,,"€15,29/un","€15,29/un"
O Mundo Segundo Felipe Neto,Felipe Neto,,"€15,21/un","€15,21/un"
"Gramática de Português - 7º, 8º e 9º Ano",Porto Editora,,"€16,92/un","€16,92/un"
O Caso da PIDE/DGS,Irene Flunser Pimentel,,"€19,98/un","€19,98/un"
Está Tudo F*dido,Mark Manson,,"€14,94/un","€14,94/un"
Bloco de Desenho Croquis Espiral A4,Canson,1 un,"€14,29/un","€14,29/un"
Três Irmãs,Heather Morris,,"€17,91/un","€17,91/un"
Bitcoin,António Vilaça Pacheco,,"€15,26/un","€15,26/un"
Cozinha Vegetariana Rápida e Prática,Gabriela Oliveira,,"€16,92/un","€16,92/un"
Marcadores de Colorir Lavável Color'Peps,Maped,18 un,"€6,99/un","€6,99/un"
O Poder Dos Rituais,Tâmara Castelo,,"€16,65/un","€16,65/un"
As Minhas Primeiras Histórias da Bíblia,Vários Autores,,"€5,85/un","€5,85/un"
Portefólio com 60 Bolsas A4 (várias cores),Note!,1 un,"€6,19/un","€6,19/un"
Roller de Tinta Gel Preta,Note!,1 un,"€1,69/un","€1,69/un"
"Bia e o Unicórnio Nº 4 - Brilha, Brilha, Unicórnio",Dana Simpson,,"€12,92/un","€12,92/un"
Cartolina Laranja Intenso 50x65cm,Albano,1 un,"€0,79/un","€0,79/un"
Esferográfica Cristal Original,Bic,5 un,"€2,69/un","€2,69/un"
Esquadro 45º 30cm,Note!,1 un,"€1,99/un","€1,99/un"
Ato de Guerra,Brad Thor,,"€16,92/un","€16,92/un"
Lápis de Cor,Staedtler,12 un,"€3,59/un","€3,59/un"
Tarot Kármico,Clara de Almeida,,"€13,49/un","€13,49/un"
Marcador de Escrita Preto,Note!,1 un,"€1,19/un","€1,19/un"
Dispensador com Sinalizadores,Note!,6 un,"€3,19/un","€3,19/un"
Pack Super-Homem + Mulher-Maravilha,Matt de la Peña,,"€17,99/un","€17,99/un"
Embrulho Presentes - Envelope Pequeno 25x35x6cm,Continente,1 un,"€0,59/un","€0,59/un"
Pasta de Arquivo A4 Lombada Estreita Urban (várias cores),Oxford,1 un,"€4,39/un","€4,39/un"
Roller Signo de Tinta Gel Dourada,Uni-ball,1 un,"€2,69/un","€2,69/un"
Copo Porta Lápis Rosa,Note!,1 un,"€1,99/un","€1,99/un"
Capa com Elástico A4 Pastel (várias cores),Note!,1 un,"€2,29/un","€2,29/un"
Pasta de Arquivo A4 Lombada Estreita Tecnocolours,Note!,1 un,"€2,49/un","€2,49/un"
Uma Pastelaria em Casa,Rita Nascimento,,"€15,93/un","€15,93/un"
Plim! Tudo Certo nas Fichas de Avaliação - 2º Ano,Texto,,"€5,94/un","€5,94/un"
A Minha Malinha Super Brilhante de Autocolantes,Vários Autores,,"€8,01/un","€8,01/un"
Classificador A4 Neon (várias cores),Note!,1 un,"€1,29/un","€1,29/un"
Os Cachorros Salvam os Gatinhos Reais!,Patrulha Pata,,"€6,75/un","€6,75/un"
Os Mini Cinco Nº 5 - Um Mistério para os Cinco,Enid Blyton,,"€7,97/un","€7,97/un"
Revista Exame,Exame,1 un,"€5,00/un","€5,00/un"
O Diário de um Banana 11 - Tudo ou Nada,Jeff Kinney,,"€15,29/un","€15,29/un"
Não Te Preocupes (Tanto),Rachel Brian,,"€8,91/un","€8,91/un"
Panda - És Um Artista!,Panda,,"€6,29/un","€6,29/un"
O Caçador de Elefantes Invisíveis,Mia Couto,,"€14,31/un","€14,31/un"
Harry Potter e a Câmara dos Segredos (Livro 2),J. K. Rowling,,"€33,21/un","€33,21/un"
Gulag - Uma História,Anne Applebaum,,"€21,96/un","€21,96/un"
Etiquetas Adesivas 82x53mm,Note!,30 un,"€1,39/un","€0,05/un"
As Minhas Rotinas Nº 4 - Hora do Banho,Vários Autores,,"€6,92/un","€6,92/un"
Histórias de Animais que Mudaram o Mundo,G. L. Marvel,,"€15,71/un","€15,71/un"
1984,George Orwell,,"€11,97/un","€11,97/un"
Dicionário de Calão do Norte,Ideias de Ler,,"€13,95/un","€13,95/un"
Dinossauros - Livros de Atividades e Autocolantes,Vários Autores,,"€12,51/un","€12,51/un"
Caderno Agrafado Openflex A4 Pautado,Oxford,1 un,"€4,79/un","€4,79/un"
Layla,Colleen Hoover,,"€17,96/un","€17,96/un"
O Divertido Livro do Futebol,Vários Autores,,"€11,61/un","€11,61/un"
Cartão NOS Like,NOS,1 un,"€9,90/un","€9,90/un"
Pasta de Arquivo A4 Lombada Estreita Urban (várias cores),Oxford,1 un,"€4,99/un","€4,99/un"
O Diário de um Banana 12 - Põe-te a Milhas!,Jeff Kinney,,"€15,29/un","€15,29/un"
TOP! Pratico a Tabuada - 1º e 2º Ano,Porto Editora,,"€5,94/un","€5,94/un"
O Rapaz do Bosque,Harlan Coben,,"€17,01/un","€17,01/un"
De Olhos Postos em Ti,Mary Higgins Clark,,"€14,94/un","€14,94/un"
Revista National Geographic,National Geographic,1 un,"€6,00/un","€6,00/un"
Hippie,Paulo Coelho,,"€14,94/un","€14,94/un"
(Sobre)vivi à Adolescência,Kiki Ferreira,,"€12,51/un","€12,51/un"
Pasta de Arquivo A4 Lombada Estreita Tecnocolours,Note!,1 un,"€2,49/un","€2,49/un"
Os Amigos do Chef,Chakall,,"€22,49/un","€22,49/un"
O Bando das Cavernas Nº 3 - Loucura Total,Nuno Caravela,,"€10,76/un","€10,76/un"
O Bando das Cavernas Nº 12 - Vem Aí o Ogima,Nuno Caravela,,"€10,76/un","€10,76/un"
Borracha Cor Pastel com Proteção (várias cores),Staedtler,1 un,"€3,59/un","€3,59/un"
Anti-Inflamação,Teresa Branco,,"€15,75/un","€15,75/un"
Manual de Sobrevivência para o Mundo Corporativo,Joana Garoupa,,"€15,98/un","€15,98/un"
Jerusalém,Simon Sebag Montefiore,,"€23,85/un","€23,85/un"
Marcadores de Colorir Triplus,Staedtler,20 un,"€25,99/un","€25,99/un"
Embrulho Caras Felizes - Envelope em Cartão Médio 58x38x10cm,Continente,1 un,"€1,79/un","€1,79/un"
Rolo de Papel de Embrulho Divertido 70x100cm (várias cores),Note!,1 un,"€3,99/un","€3,99/un"
O Diário de um Banana 1 - Toque do Queijo (edição especial),Jeff Kinney,,"€17,99/un","€17,99/un"
Revista Teleculinária Gold,Teleculinária,1 un,"€2,95/un","€2,95/un"
A Nova Era,Inês Gaya,,"€16,92/un","€16,92/un"
Aguarelas em Pastilha,Bic,12 un,"€3,99/un","€3,99/un"
A Senhora da Magia,Marion Zimmer Bradley,,"€15,93/un","€15,93/un"
Marcadores de Colorir Finos de Fibra,Faber-Castell,24 un,"€4,29/un","€4,29/un"
"Roller Eye Micro de Tinta Preta, Azul e Vermelha",Uni-ball,3 un,"€14,99/un","€14,99/un"
Pau de Carvão,Talens,3 un,"€2,29/un","€2,29/un"
"Patrulha Pata - Números, Letras e Muito Mais!",Vários Autores,,"€9,41/un","€9,41/un"
Nunca,Ken Follett,,"€23,31/un","€23,31/un"
Lápis de Cera,Giotto,24 un,"€5,99/un","€5,99/un"
Pasta de Arquivo A4 Lombada Larga Live&Go (várias cores),Oxford,1 un,"€13,29/un","€13,29/un"
Classificador Envelope com Mola A7 (várias cores),Note!,1 un,"€0,99/un","€0,99/un"
365 Atividades com a Masha,Vários Autores,,"€12,56/un","€12,56/un"
As Leis Fundamentais da Estupidez Humana,Carlo M. Cipolla,,"€11,97/un","€11,97/un"
O Homem Mais Inteligente da História,Augusto Cury,,"€14,94/un","€14,94/un"
O Milionário Automático,David Bach,,"€14,85/un","€14,85/un"
O Funcionamento da Mente,Augusto Cury,,"€14,94/un","€14,94/un"
Classificador com Ferragem A4,Leitz,1 un,"€1,89/un","€1,89/un"
Andar a Pé,Henry David Thoreau,,"€11,21/un","€11,21/un"
O Mundo da Inês - O Meu Diário Incrível,Sara de Almeida Leite,,"€11,97/un","€11,97/un"
O Bebé Mais Fofo do Mundo,Vários Autores,,"€16,97/un","€16,97/un"
Naufrágio,João Tordo,,"€15,71/un","€15,71/un"
"Como Ser Feliz - Sim, é Possível!",Fernando Lima Magalhães,,"€13,41/un","€13,41/un"
Easyway - O Método Fácil para Deixar de Fumar,Allen Carr,,"€13,95/un","€13,95/un"
Calculadora Escolar,Uso,1 un,"€4,49/un","€4,49/un"
7 Histórias de Dinossauros,Coralie Saudo e Fabien Öckto-Lambert,,"€11,61/un","€11,61/un"
Sublinhador Mini de Tinta Fluorescente,Note!,5 un,"€3,99/un","€0,80/un"
Envelope B5 250x176mm,Note!,25 un,"€2,69/un","€0,11/un"
Esferográfica Frixion Ball de Tinta Preta,Pilot,1 un,"€4,50/un","€4,50/un"
Faz-me Ficar,Afonso Noite-Luar,,"€15,21/un","€15,21/un"
Pasta de Arquivo A4 Lombada Larga Touch com Elástico (várias cores),Oxford,1 un,"€9,89/un","€9,89/un"
O Rouxinol,Kristin Hannah,,"€9,00/un","€9,00/un"
Vegetariano nas Quatro Estações,Ana Isabel Monteiro,,"€17,01/un","€17,01/un"
Definitivamente Não Abras Este Livro,Andy Lee,,"€10,71/un","€10,71/un"
Lápis de Cera Kids Plastidecor,Bic,24 un,"€5,09/un","€5,09/un"
O Estranhão Nº 5 - Quem Vê Likes Não Vê Corações!,Álvaro Magalhães,,"€12,96/un","€12,96/un"
Esferográfica Galaxy de Tintas Coloridas,Stabilo,5 un,"€4,99/un","€4,99/un"
"Marcador Triplus Fineliner com Tinta Preta, Azul e Vermelha",Staedtler,3 un,"€5,09/un","€5,09/un"
Separador 12 Divisórias A4 Cartão,Note!,1 un,"€2,49/un","€2,49/un"
Classificador com Ferragem A4,Leitz,1 un,"€1,89/un","€1,89/un"
"Mais Idade, Mais Energia",Lise Bourbeau,,"€13,95/un","€13,95/un"
Acabe com as Noites em Branco,Tiago Sá,,"€13,41/un","€13,41/un"
O Diário de um Banana 15 - Bater no Fundo,Jeff Kinney,,"€15,29/un","€15,29/un"
"Marcador de Escrita com Tinta Preta, Azul e Vermelha",Note!,3 un,"€2,79/un","€0,93/un"
Esferográfica Harry Potter de Tinta Azul (vários modelos),Harry Potter,,"€3,00/un","€3,00/un"
Medo,Thich Nhat Hanh,,"€14,36/un","€14,36/un"
Fichas de Trabalho - 4º Ano,Porto Editora,,"€8,91/un","€8,91/un"
A Outra Mulher,Daniel Silva,,"€9,99/un","€9,99/un"
Os Piores Profs. do Mundo,David Walliams,,"€14,94/un","€14,94/un"
Recarga Papel A5 Pautado,Note!,1 un,"€1,59/un","€1,59/un"
Espreita a Tabuada,Rosie Dickins,,"€13,41/un","€13,41/un"
Saco de Garrafa Natal Riscas 39x9x14cm,Note!,1 un,"€1,25/un","€1,25/un"
Revista Lux Woman,Lux,1 un,"€4,50/un","€4,50/un"
Dó - O Caminho Japonês Para a Felicidade,Junko Takahashi,,"€13,41/un","€13,41/un"
A Incrível Limpeza do Fígado e da Vesícula,Andreas Moritz,,"€17,91/un","€17,91/un"
Patrulha Pata ao Resgate!,Nickelodeon,,"€7,61/un","€7,61/un"
Tarot Dourado - O Baralho Visconti-Sforza,Mary Packard,,"€28,76/un","€28,76/un"
Preparação para o Exame Nacional - Filosofia - 11º Ano,Porto Editora,,"€26,91/un","€26,91/un"
O Lobo que se Achava o Maior,Orianne Lallemand,,"€7,19/un","€7,19/un"
A Rapariga que Sobreviveu,Leslie Wolfe,,"€15,71/un","€15,71/un"
O Bando das Cavernas Nº 23 - Ninguém Tem Medo do Lobo Mau!,Nuno Caravela,,"€10,76/un","€10,76/un"
Borracha Cores Pastel,Note!,4 un,"€2,19/un","€1,10/un"
Gestão da Emoção - Livro de Bolso,Augusto Cury,,"€7,20/un","€7,20/un"
Espreita - Perguntas e Respostas sobre Dinossauros,Katie Daynes e Marie-Eve Tremblay,,"€12,51/un","€12,51/un"
Afia Dupla com Depósito (várias cores),Staedtler,1 un,"€3,99/un","€3,99/un"
Tabuadas - 1º Ciclo,Gailivro,,"€0,90/un","€0,90/un"
O Estranhão Nº 7 - O Último a Dormir Apaga a Lua,Álvaro Magalhães,,"€12,96/un","€12,96/un"
O Estranhão Nº 11 - O Dia em que as Vacas Voaram,Álvaro Magalhães,,"€12,96/un","€12,96/un"
O Principezinho,Antoine de Saint-Exupéry,,"€4,49/un","€4,49/un"
Tens 101 Dinossauros Neste Livro,Vários Autores,,"€8,91/un","€8,91/un"
Uma Aventura na Cidade,Ana Maria Magalhães e Isabel Alçada,,"€7,38/un","€7,38/un"
Marcadores de Colorir Intensity Up,Bic,12 un,"€4,99/un","€4,99/un"
"Os Mini Cinco Nº 7- Feliz Natal, Cinco!",Enid Blyton,,"€7,97/un","€7,97/un"
A Todos os Rapazes que Amei,Jenny Han,,"€16,61/un","€16,61/un"
Recarga Papel A4 Quadriculado com Cor nas Margens,Oxford,1 un,"€3,79/un","€3,79/un"
Marcador Permanente Médio de Tinta Azul,Staedtler,1 un,"€3,49/un","€3,49/un"
Exame - Prova Final Português - 12º Ano,LeYa,,"€26,91/un","€26,91/un"
Cherub Nº 2 - O Traficante,Robert Muchamore,,"€11,97/un","€11,97/un"
As Sombras de Uma Azinheira,Álvaro Laborinho Lúcio,,"€14,94/un","€14,94/un"
Vamos jogar?,Vários Autores,,"€12,51/un","€12,51/un"
Harry Potter e a Criança Amaldiçoada (Livro 8),"J. K. Rowling, John Tiffany e Jack Thorne",,"€18,81/un","€18,81/un"
Bia e o Unicórnio Nº 3 - Unicórnio contra Duendes,Dana Simpson,,"€12,92/un","€12,92/un"
Gato Galactico em Arte Galactica,Ronaldo de Azevedo,,"€11,61/un","€11,61/un"
Gosto Mais de Ti do que de Todas as Estrelas do Céu,Becky Davies e Dana Brown,,"€11,61/un","€11,61/un"
Escreve e Apaga - Letras,Vários Autores,,"€8,91/un","€8,91/un"
Diário de uma Totó Nº 10,Rachel Renée Russell,,"€13,05/un","€13,05/un"
Faz as Pazes Com a Comida,Joana Amaral,,"€13,41/un","€13,41/un"
Daisy Jones & The Six,Taylor Jenkins Reid,,"€17,51/un","€17,51/un"
Estou Grávida - Agenda da Nossa Viagem,Cláudia Milhinhos e Raquel Gonçalves,,"€15,73/un","€15,73/un"
Lápis Grafite Grip HB,Faber-Castell,2 un,"€2,69/un","€2,69/un"
Vamos Pintar - Sapo,Yoyo Studios,,"€3,59/un","€3,59/un"
Como Te Sentes?,Vários Autores,,"€10,71/un","€10,71/un"
Etiquetas Adesivas 30x12mm,Note!,351 un,"€1,39/un","€0,00/un"
"Lápis Grafite Noris 2B, HB, H",Staedtler,4 un,"€3,69/un","€3,69/un"
Cartolina Azul Marinho 50x65cm,Albano,1 un,"€0,79/un","€0,79/un"
Caixa de Envelopes Correio Verde Nacional L 340x235mm,CTT,2 un,"€9,90/un","€9,90/un"
Boa Nota! Preparação para os Testes - 5º Ano,Asa,,"€11,25/un","€11,25/un"
Por Dentro da História de Portugal,Vários Autores,,"€6,99/un","€6,99/un"
Preparar os Testes - Matemática - 6º Ano,Areal Editores,,"€11,61/un","€11,61/un"
Receitas do Dia a Dia com a Companion,Moulinex,,"€17,55/un","€17,55/un"
Plim! Tudo certo nas Fichas de Avaliação - 1º Ano,Texto,,"€5,94/un","€5,94/un"
O Manuscrito de Birkenau,José Rodrigues dos Santos,,"€19,80/un","€19,80/un"
Dirty Vegan,Matt Pritchard,,"€16,92/un","€16,92/un"
Fala com o Ex,Rachel Lynn Solomon,,"€15,21/un","€15,21/un"
Pequeno Manual Para a Vida,Epicteto,,"€11,21/un","€11,21/un"
Ali Babá e os Quarenta Ladrões,Vários Autores,,"€10,71/un","€10,71/un"
Cartão NOS Livres,NOS,1 un,"€2,50/un","€2,50/un"
Tinta Acrílica ArtCreation Terra 75ml,Talens,1 un,"€3,29/un","€3,29/un"
Melhores Amigas - Mala de Atividades,Vários Autores,,"€12,51/un","€12,51/un"
Sublinhador de Tinta Fluorescentes Amarelo,Note!,12 un,"€9,99/un","€9,99/un"
O Bando das Cavernas Nº 8 - Amigos no Facepedra,Nuno Caravela,,"€10,76/un","€10,76/un"
O Cavaleiro da Dinamarca,Sophia de Mello Breyner Andresen,,"€12,15/un","€12,15/un"
Tesoura com Proteção 13cm,Note!,1 un,"€2,19/un","€2,19/un"
O Bando das Cavernas Nº 18 - Os Olímpicos,Nuno Caravela,,"€10,76/un","€10,76/un"
O Pássaro da Cabeça e Mais Versos para Crianças,Manuel António Pina,,"€10,71/un","€10,71/un"
"Exercícios Matemática - 10º, 11º e 12º Ano",Texto,,"€26,55/un","€26,55/un"
Plim! Aprendo a Resolver Problemas - 1º Ano,Texto,,"€5,31/un","€5,31/un"
Caderno Agrafado A4 Pautado com Marcador de Página (várias cores),Oxford,1 un,"€5,29/un","€5,29/un"
Bolsa Catálogo Transparente A4,Fegol,10 un,"€2,49/un","€2,49/un"
Esferográfica Pilot Supergrip de Tinta Preta,Pilot,1 un,"€2,49/un","€2,49/un"
"365 Dias, 365 Piadas - Com Adivinhas Engraçadas",Vários Autores,,"€10,98/un","€10,98/un"
As Costureiras de Auschwitz,Lucy Adlington,,"€18,45/un","€18,45/un"
Esferográfica Atlantis de Tinta Preta,Bic,1 un,"€2,69/un","€2,69/un"
A Volta ao Mundo em 80 Dias,Júlio Verne,,"€10,71/un","€10,71/un"
Não!,Tracey Corderoy,,"€11,07/un","€11,07/un"
Cherub Nº 1 - O Recruta,Robert Muchamore,,"€11,97/un","€11,97/un"
Harry Potter e os Talismãs da Morte (Livro 7),J. K. Rowling,,"€20,61/un","€20,61/un"
Saco de Presente Glitter 27x22x12cm (várias cores),Note!,1 un,"€2,00/un","€2,00/un"
Classificador Envelope com Mola A5 (várias cores),Note!,1 un,"€1,39/un","€1,39/un"
O Bando das Cavernas Nº 11 - Canal Pré-História,Nuno Caravela,,"€10,76/un","€10,76/un"
Caderno Diário Agrafado A5 Quadriculado,Firmo,1 un,"€1,19/un","€1,19/un"
A Sombra do Vento,Carlos Ruiz Zafón,,"€17,91/un","€17,91/un"
LEGO Ninjago - Missão Ninja,LEGO,,"€16,61/un","€16,61/un"
Duna,Frank Herbert,,"€21,60/un","€21,60/un"
Harry Potter e o Príncipe Misterioso (Livro 6),J. K. Rowling,,"€18,81/un","€18,81/un"
Roller Signo de Tinta Gel Prateada,Uni-ball,1 un,"€2,69/un","€2,69/un"
A Rapariga Inglesa,Daniel Silva,,"€15,93/un","€15,93/un"
Pioneses Coloridos,Note!,100 un,"€2,29/un","€0,02/un"
Escreve e Apaga - Números,Vários Autores,,"€8,91/un","€8,91/un"
Ela Primeiro,Afonso Noite-Luar,,"€15,21/un","€15,21/un"
Sublinhador de Tinta Fluorescente,Note!,2 un,"€1,99/un","€1,00/un"
Dicionário Moderno Inglês-Português/Português-Inglês,Porto Editora,,"€16,11/un","€16,11/un"
Sublinhador de Tinta Fluorescente Pastel,Stabilo,4 un,"€6,99/un","€6,99/un"
O Menino-Estrela,Oscar Wilde,,"€6,93/un","€6,93/un"
O Segredo do Sistema Imunitário,Manuel Pinto Coelho,,"€13,95/un","€13,95/un"
Pasta de Arquivo A4 Lombada Estreita Tecnocolours,Note!,1 un,"€2,49/un","€2,49/un"
Capa com Elásticos A3 Lombada Larga Neon (várias cores),Note!,1 un,"€4,99/un","€4,99/un"
Lápis de Cor e Afia,Faber-Castell,12 un,"€3,79/un","€3,79/un"
O Bando das Cavernas Nº 2 - Aventuras Radicais,Nuno Caravela,,"€10,76/un","€10,76/un"
Furador Universal 20/25 Folhas,Maped,1 un,"€8,49/un","€8,49/un"
"Os Mini Cinco Nº 6 - Bom Trabalho, Cinco!",Enid Blyton,,"€7,97/un","€7,97/un"
Fichas de Trabalho - 2º Ano,Porto Editora,,"€8,91/un","€8,91/un"
TOP! Vou tirar 100% - 4º Ano,Porto Editora,,"€5,94/un","€5,94/un"
Morreste-me,José Luis Peixoto,,"€12,96/un","€12,96/un"
Esferográfica Plus de Tinta Preta,Note!,1 un,"€1,59/un","€1,59/un"
Esferográfica Studygram Collections de Tinta Azul,Newpen,1 un,"€1,39/un","€1,39/un"
Harry Potter - Um Ano Mágico,J. K. Rowling,,"€25,11/un","€25,11/un"
Bem-vindos à Monstros e C.ª,Disney,,"€6,26/un","€6,26/un"
Kingsbridge: O Amanhecer de Uma Nova Era,Ken Follett,,"€23,31/un","€23,31/un"
Estojo Quadrangular (várias cores),Oxford,1 un,"€8,69/un","€8,69/un"
Encontre Respostas para a Sua Vida com o Baralho Cigano,Patrícia Jarimba,,"€21,51/un","€21,51/un"
Classificador para Bloco de Folhas A4 (várias cores),Note!,1 un,"€4,99/un","€4,99/un"
Aprende com os Unicórnios - Escreve e Apaga,Monica Bauleo e Clementine Derodit,,"€11,61/un","€11,61/un"
O Peso Perfeito Para Si,Alexandre Fernandes,,"€11,70/un","€11,70/un"
Caligrafia - Letra de Imprensa 4-5 Anos,Fábula Educação,,"€7,97/un","€7,97/un"
O Bando das Cavernas Nº 5 - Super Fantásticos!,Nuno Caravela,,"€10,76/un","€10,76/un"
As Emoções do Gastão - O Meu Caderno de Atividades,Aurélie Chien Chow Chine,,"€6,98/un","€6,98/un"
Tabuleiro de Secretária Rosa Pastel,Note!,1 un,"€3,89/un","€3,89/un"
Patrulha Pata - O Livro do Filme,Patrulha Pata,,"€9,41/un","€9,41/un"
Simão - Vem Aí a Primária! Caderno de Férias 6-7 Anos,Vários autores,,"€8,96/un","€8,96/un"
Resumos - Matemática - 10º ao 12º Ano,Jacarandá,,"€19,71/un","€19,71/un"
Cartão NOS Kanguru Livre XL,NOS,1 un,"€15,00/un","€15,00/un"
"Pincéis para Óleo e Acrílico Nº 2, 6, 8, 10, 12, 14, 18",Talens,10 un,"€14,99/un","€14,99/un"
Mira - História para Colorir,Disney,,"€3,96/un","€3,96/un"
De Onde é que Vem?,Cinzia Englaro e Cristina Mesturini,,"€5,31/un","€5,31/un"
Plim! Aprendo a Resolver Problemas - 3º Ano,Texto,,"€5,31/un","€5,31/un"
VEG,Jamie Oliver,,"€24,75/un","€24,75/un"
Guarda-me o Que Ficar,Inês Fernandes,,"€14,36/un","€14,36/un"
Como se Transforma Ar em Pão,Nuno Maulide e Tanja Traxler,,"€14,85/un","€14,85/un"
Guia Popular de Vinhos 2022,Aníbal Coutinho,,"€14,31/un","€14,31/un"
Classificador com Mola Clip A4 (várias cores),Oxford,1 un,"€2,79/un","€2,79/un"
Cartolina Limão 50x65cm,Albano,1 un,"€0,79/un","€0,79/un"
O Lobo - Livro de Atividades,Orianne Lallemand,,"€6,29/un","€6,29/un"
"Eu, Malala",Malala Yousafzai e Christina Lamb,,"€17,01/un","€17,01/un"
Camiões e Escavadoras – Vamos Explorar!,Dorling Kindersley,,"€8,55/un","€8,55/un"
Pasta de Modelar Terracota 1kg,Das,1 un,"€5,99/un","€5,99/un"
Sinal de Vida,José Rodrigues dos Santos,,"€20,52/un","€20,52/un"
A Menina Gotinha de Água,Papiniano Carlos,,"€7,92/un","€7,92/un"
Caras Felizes de Casa,Hemma,,"€4,41/un","€4,41/un"
"Esferógrafica BK77 Blister de Tinta Preta, Vermelha e Verde",Pentel,3 un,"€4,49/un","€4,49/un"
Astérix - Astérix e o Grifo,Jean-Yves Ferri,,"€9,81/un","€9,81/un"
Grandes Autocolantes - Animais do Zoo,Yoyo Studios,,"€5,39/un","€5,39/un"
365 Dias,Blanka Lipinska,,"€17,01/un","€17,01/un"
Meditações - Um Guia Clássico do Estoicismo para os Dias de Hoje,Marco Aurélio,,"€12,96/un","€12,96/un"
Naquele Dia,Blanka Lipinska,,"€17,01/un","€17,01/un"
Caderno Agrafado Touch A4 Pautado (várias cores),Oxford,1 un,"€3,89/un","€3,89/un"
Papel Crepe Amarelo 50x25cm,Liderpapel,1 un,"€0,79/un","€0,79/un"
After - Depois da Esperança (volume 4),Anna Todd,,"€17,91/un","€17,91/un"
Diário de uma Totó Nº 1,Rachel Renée Russell,,"€13,05/un","€13,05/un"
Sublinhador de Tinta Fluorescente Glitter (várias cores),Maped,2 un,"€3,39/un","€3,39/un"
À Dentada,Rita Nascimento,,"€14,94/un","€14,94/un"
Esferográfica de Tinta Gel Dourada e Prateada,Note!,2 un,"€2,29/un","€2,29/un"
Capa com Elástico A3 Urban (várias cores),Oxford,1 un,"€5,59/un","€5,59/un"
Scandia,Zeena Shah,,"€11,42/un","€11,42/un"
Dom Quixote,Miguel de Cervantes e Philippe Djian,,"€12,51/un","€12,51/un"
Marcadores de Colorir Apagável,Note!,12 un,"€3,69/un","€0,31/un"
Caderno Espiral A4 Quadriculado,Ambar,1 un,"€4,89/un","€4,89/un"
Panda - Parabéns a Você,Panda,,"€14,39/un","€14,39/un"
A Vida Contada por um Sapiens a um Neandertal,Juan José Millás e Juan Luis Arsuaga,,"€13,41/un","€13,41/un"
Schiaparelli,Nacho Montes,,"€17,01/un","€17,01/un"
Panda - Livro de Pintar com 5 Lápis,Panda,,"€10,71/un","€10,71/un"
"Lápis Grafite Noris B, HB, H",Staedtler,3 un,"€2,49/un","€2,49/un"
"Sinalizadores Retangulares 3,8x2,5cm",Post-it,1 un,"€7,49/un","€7,49/un"
Destino Trocado,Lorraine Brown,,"€16,61/un","€16,61/un"
Teorias da Conspiração,Fernando Neves,,"€13,95/un","€13,95/un"
O Meu Diário LOL,Vários Autores,,"€12,56/un","€12,56/un"
Separador Alfabético A-Z A4,Esselte,1 un,"€3,19/un","€3,19/un"
Lápis Grafite Metálico HB,Rotring,4 un,"€2,39/un","€2,39/un"
Vinhos e Petiscos a Dois,Odisseias,1 un,"€19,90/un","€19,90/un"
Dicionário Académico Língua Portuguesa,Porto Editora,,"€6,21/un","€6,21/un"
A Tatuadora de Jaipur,Alka Joshi,,"€15,21/un","€15,21/un"
O Lobo que Queria Mudar de Cor,Orianne Lallemand,,"€7,19/un","€7,19/un"
As Minhas Rotinas Nº 3 - Hora de Dormir,Vários Autores,,"€6,92/un","€6,92/un"
Rolo de Papel de Embrulho Natal Tradicional 70x200cm (várias cores),Note!,1 un,"€1,29/un","€1,29/un"
Papinhas da Xica - Refeições em Família,Sandra Santos,,"€18,86/un","€18,86/un"
Prometo Falhar,Pedro Chagas Freitas,,"€16,65/un","€16,65/un"
Caderno Agrafado A5 Liso com Elásticos (várias cores),Note!,1 un,"€7,99/un","€7,99/un"
O Que É Que Lhe Aconteceu?,Bruce D. Perry e Oprah Winfrey,,"€17,51/un","€17,51/un"
O Último Segredo,José Rodrigues dos Santos,,"€19,80/un","€19,80/un"
Espreita a Geografia de Portugal,Vários Autores,,"€13,41/un","€13,41/un"
Livros Musicais - A Quinta do Tio Manel,Vários Autores,,"€8,91/un","€8,91/un"
Fita Cola Transparente 66m x 15mm,Tesa,1 un,"€5,49/un","€5,49/un"
Tinta Acrílica ArtCreation Verde Permanente Claro 75ml,Talens,1 un,"€3,29/un","€3,29/un"
Régua Graphic 50cm,Maped,1 un,"€2,29/un","€2,29/un"
Aguarelas Art Creation 12ml,Talens,12 un,"€10,99/un","€10,99/un"
TOP! Escrevo Sem Erros - 2º Ano,Porto Editora,,"€6,93/un","€6,93/un"
O Lobo que Sonhava Com o Oceano,Orianne Lallemand,,"€7,19/un","€7,19/un"
Marcador Permanente de Tonz Cinzentos,Talens,5 un,"€13,69/un","€13,69/un"
O Diário de um Banana 8 - Ora Bolas!,Jeff Kinney,,"€15,29/un","€15,29/un"
O Lobo que Queria Dar a Volta ao Mundo,Orianne Lallemand,,"€7,19/un","€7,19/un"
O Meu Primeiro Globo Dos Dinossauros,Vários Autores,,"€11,61/un","€11,61/un"
"Instagram, Whatsapp e Facebook para Negócios",Luciano Larrossa,,"€16,11/un","€16,11/un"
Bolsa de Numismática Transparente A4,Ideas,12 un,"€3,19/un","€3,19/un"
A Última Livraria de Londres,Madeline Martin,,"€15,92/un","€15,92/un"
Caderno Espiral A4 Pautado (várias cores),Oxford,1 un,"€6,29/un","€6,29/un"
Cada Suspiro Teu,Nicholas Sparks,,"€16,65/un","€16,65/un"
Marcador Permanente Fino de Tinta Cinza,Newpen,1 un,"€2,19/un","€2,19/un"
Viagem a Portugal - Edição Especial,José Saramago,,"€36,00/un","€36,00/un"
Preparação Para a Prova Final 2022 - Matemática - 9º Ano,Porto Editora,,"€13,41/un","€13,41/un"
Dei-te o Melhor de Mim,Nicholas Sparks,,"€16,65/un","€16,65/un"
Quem Sou Eu?,Philip Bunting,,"€13,46/un","€13,46/un"
Lendário,Stephanie Garber,,"€17,01/un","€17,01/un"
Caderno Agrafado A6 Pautado,Note!,3 un,"€3,49/un","€1,16/un"
História das Terras e dos Lugares Lendários,Umberto Eco,,"€26,10/un","€26,10/un"
O Lobo - Livro de Atividades,Orianne Lallemand,,"€6,29/un","€6,29/un"
Mala de Atividades - Casa das Bonecas,Vários Autores,,"€11,61/un","€11,61/un"
Afia Dupla com Depósito e Borracha Connect Duo Color (várias cores),Maped,1 un,"€4,29/un","€4,29/un"
A Menina do Mar (Edição Especial),Sophia de Mello Breyner Andresen,,"€17,91/un","€17,91/un"
Factos Escondidos da História de Portugal,José Gomes Ferreira,,"€17,01/un","€17,01/un"
Encanto - História para Colorir,Disney,,"€3,56/un","€3,56/un"
O Atrevido,Vi Keeland,,"€16,61/un","€16,61/un"
Brunch a Dois,Odisseias,1 un,"€24,90/un","€24,90/un"
Do XL ao S,Joana Menezes Nunes,,"€14,94/un","€14,94/un"
1984 (Novela Gráfica),"George Orwell, Amazing Améziane e Sybille Titeux de la Croix",,"€22,49/un","€22,49/un"
Caixa Presente para 3 Garrafas (várias cores),Note!,1 un,"€2,69/un","€2,69/un"
Compasso Precisão 4 Peças,Note!,1 un,"€5,99/un","€5,99/un"
Bloco de Jogos e Atividades 4-5 Anos,Porto Editora,,"€4,41/un","€4,41/un"
Caderno Agrafado Plastificado A5 Pautado,Note!,1 un,"€1,79/un","€1,79/un"
Acredite se Puder,Luccas Neto,,"€15,21/un","€15,21/un"
LEGO Star Wars - As Aventuras do Stormtrooper,LEGO,,"€8,99/un","€8,99/un"
Sublinhador de Tinta Fluorescente Pastel,Stabilo,4 un,"€6,49/un","€6,49/un"
Mil Momentos Inesquecíveis,Odisseias,1 un,"€49,90/un","€49,90/un"
O Meu ABC Tátil Montessori,"Céline Santini, Vendula Kachel e Claire Frossard",,"€10,79/un","€10,79/un"
Canal Panda - Malinha de Histórias,Panda,,"€12,51/un","€12,51/un"
Bloco de Desenho Escolar A3,Oxford,1 un,"€4,49/un","€4,49/un"
Marcador Permanente Emott de Tinta Preta,Uni-ball,1 un,"€2,29/un","€2,29/un"
Memórias,Francisco Pinto Balsemão,,"€27,00/un","€27,00/un"
Manhãs Milagrosas,Hal Elrod,,"€13,95/un","€13,95/un"
Afia Tripla com Depósito,Note!,1 un,"€1,89/un","€1,89/un"
"Esferográfica Retrátil de Tinta Azul, Vermelha e Preta",Note!,3 un,"€2,69/un","€0,90/un"
Vidas Finais,Riley Sager,,"€17,99/un","€17,99/un"
Gravity Falls - Não Pintes Este Livro,Disney,,"€7,92/un","€7,92/un"
Uma Breve História da Terra,Andrew Knoll,,"€14,94/un","€14,94/un"
Um Cérebro à Prova de Cansaço,Sandra de Carvalho Martins,,"€14,31/un","€14,31/un"
Panda - O Meu Quadro de Giz Cores e Vogais,Panda,,"€13,49/un","€13,49/un"
Torna-te Aquilo que És,James Allen,,"€11,21/un","€11,21/un"
Bia e o Unicórnio Nº 2 - Unicórnio Sobre Rodas,Dana Simpson,,"€12,92/un","€12,92/un"
A Era da Inteligência Artificial,"Henry A. Kissinger, Daniel Huttenlocher e Eric Schmidt",,"€15,21/un","€15,21/un"
O Diário da Nossa Paixão,Nicholas Sparks,,"€15,21/un","€15,21/un"
Plim! Aprendo e Treino Cálculo Mental - 1º Ano,Texto,,"€5,31/un","€5,31/un"
A Vida em Jejum Intermitente,"Dr. Jason Fung, Eve Mayer e Megan Ramos",,"€15,71/un","€15,71/un"
Bloco de Jogos e Atividades 2-3 Anos,Porto Editora,,"€4,41/un","€4,41/un"
Caderno Agrafado A4 Pautado,Note!,1 un,"€2,49/un","€2,49/un"
Marcador Permanente Pigmentado Liner de Tinta Preto,Staedtler,3 un,"€10,69/un","€10,69/un"
Pasta de Arquivo A4 Lombada Estreita Touch (várias cores),Oxford,1 un,"€8,09/un","€8,09/un"
A Ordem,Daniel Silva,,"€17,91/un","€17,91/un"
Sentir e Saber,António Damásio,,"€19,71/un","€19,71/un"
Bom Português - A Resposta Certa Para Cada Dúvida,Vários Autores,,"€13,95/un","€13,95/un"
Os Segredos que o Nosso Corpo Revela,Alexandre Monteiro,,"€15,21/un","€15,21/un"
Panda - Segue e Aprende! ABC,Panda,,"€10,79/un","€10,79/un"
As Minhas Histórias do Lobo - Coletânia (volume 3),Orianne Lallemand,,"€17,99/un","€17,99/un"
Desatar o Nó da Ansiedade,Dr. Judson Brewer,,"€15,21/un","€15,21/un"
Bia e o Unicórnio - Magia do Unicórnio,Dana Simpson,,"€8,96/un","€8,96/un"
A Biblioteca de Paris,Janet Skeslien Charles,,"€17,96/un","€17,96/un"
Balada para Sophie,Filipe Melo e Juan Cavia,,"€33,98/un","€33,98/un"
Lápis de Cor Color'Peps,Maped,12 un,"€3,39/un","€3,39/un"
Plim! Aprendo a Escrever Sem Erros - 1º Ano,Texto,,"€5,31/un","€5,31/un"
A Numerologia da Nova Era,Clara de Almeida,,"€14,94/un","€14,94/un"
A Incrível Fuga do Meu Avô,David Walliams,,"€14,94/un","€14,94/un"
A História de Portugal Contada pelos Vilões,Filipe Luís,,"€15,93/un","€15,93/un"
Lápis de Cera Twist & Turn Maxi,Note!,12 un,"€3,29/un","€0,27/un"
O Diário de um Banana 7 - O Emplastro,Jeff Kinney,,"€15,29/un","€15,29/un"
Esquador 45º 18cm,Note!,1 un,"€1,09/un","€1,09/un"
O Bando das Cavernas Nº 27 - 20 Mil Gargalhadas Submarinas,Nuno Caravela,,"€10,76/un","€10,76/un"
O Bando das Cavernas Nº 26 - O Jantar dos Monstros,Nuno Caravela,,"€10,76/un","€10,76/un"
A Pianista de Auschwitz,Fania Fénelon,,"€17,51/un","€17,51/un"
Recarga Papel A4 Quadriculado,Ambar,1 un,"€3,49/un","€3,49/un"
Prisioneiros da Mente,Augusto Cury,,"€14,94/un","€14,94/un"
Pintar com os Dedos - Fundo do Mar,Vários Autores,,"€12,51/un","€12,51/un"
Obrigada - O Meu Caderno de Gratidão,Anne-Solange Tardy e Marie Bretin,,"€12,51/un","€12,51/un"
A Bela Adormecida Assassina,Mary Higgins Clark e Alafair Burke,,"€14,94/un","€14,94/un"
100 Regras para Enriquecer,Richard Templar,,"€14,31/un","€14,31/un"
Cinquenta Palavras para Chuva,Asha Lemmie,,"€18,86/un","€18,86/un"
Inventar & Criar,Jeff Bezos,,"€17,91/un","€17,91/un"
Martine Clássicos - Livros de Histórias,Gilbert Delahaye,,"€8,09/un","€8,09/un"
Tu És Capaz,Susana Teixeira,,"€10,80/un","€10,80/un"
Roller Signo de Tinta Pigmentada (várias cores),Uni-ball,1 un,"€2,75/un","€2,75/un"
Manipulados,Sheera Frenkel e Cecilia Kang,,"€18,86/un","€18,86/un"
A Força de Viver,Robin Sharma,,"€13,95/un","€13,95/un"
Exercícios de Física e Química A - 11º Ano,Porto Editora,,"€22,41/un","€22,41/un"
Marcador Permanente Fino de Tinta Preta,Newpen,1 un,"€2,19/un","€2,19/un"
Pastel Seco ArtCreation,Talens,12 un,"€7,99/un","€7,99/un"
Frozen 2 - O Livro do Filme,Disney,,"€8,91/un","€8,91/un"
Masha e o Urso - A Pequena História das Grandes Emoções da Masha,Vários Autores,,"€9,41/un","€9,41/un"
O Pato que Não Gostava de Água,Steve Small,,"€12,92/un","€12,92/un"
Vamos Pintar - Elefante,Yoyo Studios,,"€3,59/un","€3,59/un"
Esferógrafica BK77 Blister de Tinta Preta e Azul,Pentel,2 un,"€3,39/un","€3,39/un"
Dossier Protocolo A4 Lombada Estreita,Fegol,1 un,"€0,59/un","€0,59/un"
Onde está o Pedrito Coelho?,Beatrix Potter,,"€8,91/un","€8,91/un"
Sidi,Arturo Pérez-Reverte,,"€17,91/un","€17,91/un"
Etiquetas Adesivas 12x18mm,Note!,540 un,"€1,39/un","€0,00/un"
Capa Rígida com Elástico A4,Note!,1 un,"€5,79/un","€5,79/un"
Jejum Intuitivo,Dr. Will Cole,,"€16,11/un","€16,11/un"
Bloco de Apontamentos A4 Quadriculado,Note!,1 un,"€1,49/un","€1,49/un"
O Diário de um Banana 9 - Assim Vais Longe,Jeff Kinney,,"€15,29/un","€15,29/un"
Godés com Tampa,Note!,1 un,"€1,99/un","€1,99/un"
Prova de Aferição - Português - 8º Ano,Areal Editores,,"€7,92/un","€7,92/un"
Panda - Escreve e Apaga,Panda,,"€11,69/un","€11,69/un"
Curso de Espanhol para Preguiçosos,Editorial Presença,,"€11,61/un","€11,61/un"
Esferográfica BK77 Blister de Tinta Azul,Pentel,1 un,"€2,19/un","€2,19/un"
O Fio Invisível,Míriam Tirado,,"€12,92/un","€12,92/un"
Enciclopédia do Conhecimento - Dinossauros,Vários Autores,,"€31,50/un","€31,50/un"
As Aventuras de Pinóquio,Carlo Collodi,,"€8,91/un","€8,91/un"
O Lobo - São Horas de Brincar!,Orianne Lallemand,,"€15,29/un","€15,29/un"
Afia Dupla com Depósito Croc Croc (várias cores),Maped,1 un,"€2,49/un","€2,49/un"
Arsène Lupin - Cavalheiro Ladrão,Maurice Leblanc,,"€13,95/un","€13,95/un"
Pai Sarilho,David Walliams,,"€14,94/un","€14,94/un"
"Marcadores Velleda Grip de Tinta Azul, Preta, Vermelha e Verde",Bic,5 un,"€6,89/un","€6,89/un"
Papel Crepe Roxo 50x25cm,Liderpapel,1 un,"€0,79/un","€0,79/un"
Caderno Espiral A4 Pautado Preto,Oxford,1 un,"€6,59/un","€6,59/un"
Envelope Correio Verde Internacional L,CTT,1 un,"€21,00/un","€21,00/un"
Caderno Agrafado A4 Pautado (várias cores),Note!,1 un,"€3,49/un","€3,49/un"
Embrulho Caras Felizes - Envelope em Cartão Grande 60x53x10cm,Continente,1 un,"€1,99/un","€1,99/un"
Tesoura Noris 14cm,Staedtler,1 un,"€2,49/un","€2,49/un"
Portefólio com 20 Bolsas A3 (várias cores),Oxford,1 un,"€11,29/un","€11,29/un"
Lápis Grafite com Borracha HB,Note!,6 un,"€1,59/un","€0,27/un"
Esferográfica Fina Grip de Tinta Azul,Uni-ball,1 un,"€2,59/un","€2,59/un"
Preparar os Testes - Matemática A - 10º ano,LeYa,,"€19,80/un","€19,80/un"
Cartolina Violeta 50x65cm,Albano,1 un,"€0,79/un","€0,79/un"
Amor de Perdição,Camilo Castelo Branco e João Miguel Lameiras,,"€12,51/un","€12,51/un"
Como se Fazem Amigos?,Tom Percival,,"€11,61/un","€11,61/un"
Hitler e Estaline,Laurence Rees,,"€27,86/un","€27,86/un"
Again Nº 4 - Sonhar,Mona Kasten,,"€16,11/un","€16,11/un"
Os Melhores Anos,Kiley Reid,,"€15,75/un","€15,75/un"
Gravity Falls - Guia do Dipper e da Mabel para Mistérios e Diversão sem Fim!,Disney,,"€17,91/un","€17,91/un"
LEGO Jurassic World - Aventuras Dinossáuricas,LEGO,,"€9,44/un","€9,44/un"
Para lá do Inverno,Isabel Allende,,"€16,92/un","€16,92/un"
Nutrir o Corpo com Amor,Ana Rita Nunes,,"€17,51/un","€17,51/un"
Caderno Espiral A4 Pautado Azul,Ambar,1 un,"€4,89/un","€4,89/un"
Dislexia Dia a Dia,Patrícia Teixeira de Abreu,,"€13,41/un","€13,41/un"
A Odisseia de Homero,João de Barros,,"€12,51/un","€12,51/un"
Afia com Depósito Bulbo (várias cores),Maped,1 un,"€2,19/un","€2,19/un"
O Grande Livro de Atividades Panda,Panda,,"€9,81/un","€9,81/un"
O Meu Livro de Atividades com Dinossauros,Dougal Dixon,,"€9,81/un","€9,81/un"
Esferográfica Metálica de Tinta Preta,Note!,3 un,"€2,19/un","€0,73/un"
Recarga Papel A5 Quadriculado,Note!,1 un,"€1,59/un","€1,59/un"
Copo Porta Lápis Azul,Note!,1 un,"€1,99/un","€1,99/un"
Marcador Permanente CD,Staedtler,1 un,"€3,49/un","€3,49/un"
Caderno Agrafado A5 Pautado (várias cores),Note!,1 un,"€2,59/un","€2,59/un"
Se o Mundo Inteiro Fosse Feito de Memórias,Joseph Coelho,,"€13,46/un","€13,46/un"
Um Judeu de Lisboa - Autobiografia,Joshua Ruah,,"€21,51/un","€21,51/un"
Borracha Mista,Maped,2 un,"€1,39/un","€1,39/un"
Até o Sol Nascer,Megan Maxwell,,"€16,65/un","€16,65/un"
Crimes de Inverno,Agatha Christie,,"€11,25/un","€11,25/un"
O Meu Diário de Adolescente com Fecho!,Vários Autores,,"€12,51/un","€12,51/un"
O Mágico de Auschwitz,José Rodrigues dos Santos,,"€19,80/un","€19,80/un"
Curso de Inglês para Preguiçosos,Editorial Presença,,"€12,51/un","€12,51/un"
Refúgios Românticos,Odisseias,1 un,"€69,90/un","€69,90/un"
Vegan Feliz,Inês Pais,,"€17,91/un","€17,91/un"
Cura-te,Nicole Lepera,,"€15,93/un","€15,93/un"
Sublinhador de Tinta Fluorescente Pastel,Stabilo,6 un,"€10,99/un","€10,99/un"
Ficheiros Secretos,Luís Osório,,"€14,94/un","€14,94/un"
Harry Potter e a Ordem da Fénix (Livro 5),J. K. Rowling,,"€20,61/un","€20,61/un"
O Cuquedo - Livro Puzzle,Clara Cunha,,"€13,41/un","€13,41/un"
Minecraft - Histórias do Overworld!,Vários Autores,,"€13,46/un","€13,46/un"
Os Tesouros do Leopoldo,Deborah Marcero,,"€12,95/un","€12,95/un"
Marcador Permamente de Tinta Azul,Bic,1 un,"€1,89/un","€1,89/un"
Plim! Aprendo com Anedotas e Adivinhas e Provérbios - 1º Ano,Paula Melo e Marisa Costa,,"€5,31/un","€5,31/un"
Os Livros do Todd - O Livro Da Família,Todd Parr,,"€11,69/un","€11,69/un"
"História com Reis, Rainhas, Bobos, Bombeiros e Galinhas e A Guerra do Tabuleiro de Xadrez",Manuel António Pina,,"€9,90/un","€9,90/un"
TOP! No Jardim de Infância - Matemática 5-6 Anos,Porto Editora,,"€9,90/un","€9,90/un"
Recarga Papel A4 Pautado com Cor nas Margens,Oxford,1 un,"€3,49/un","€3,49/un"
Acesso Ilimitado,James Rollins,,"€16,92/un","€16,92/un"
Bia e o Unicórnio Nº 9 - Proezas de Unicórnio!,Dana Simpson,,"€12,92/un","€12,92/un"
Investir,Joshua Brown e Brian Portnoy,,"€14,31/un","€14,31/un"
A Papisa Joana,Donna Woolfolk Cross,,"€18,81/un","€18,81/un"
"Arrume a Casa, Organize as Emoções",Rafaela Garcez,,"€13,41/un","€13,41/un"
Os Pais Amam Os Filhos,Clara Cunha,,"€10,98/un","€10,98/un"
Duas Vidas Num Instante,Dani Atkins,,"€14,85/un","€14,85/un"
Paixão a Dois,Odisseias,1 un,"€39,90/un","€39,90/un"
Mais Livre,E. L. James,,"€18,81/un","€18,81/un"
Homo Deus - História Breve do Amanhã,Yuval Noah Harari,,"€24,71/un","€24,71/un"
LEGO Ninjago - Mestres do Jogo,LEGO,,"€8,99/un","€8,99/un"
Tarot sem Complicações,Melissa Cynova,,"€15,71/un","€15,71/un"
Minas Criterium 2mm HB,Bic,1 un,"€2,39/un","€2,39/un"
"Quando Acabar este Livro, Vai Saber Fazer Croché",Zoe Bateman,,"€14,94/un","€14,94/un"
"Brush Up Your Grammar - 7º, 8º e 9º Ano",Porto Editora,,"€17,91/un","€17,91/un"
História Concisa das Grandes Religiões,João Gouveia Monteiro,,"€19,71/un","€19,71/un"
O Diário de um Banana 6 - Tirem-me Daqui!,Jeff Kinney,,"€15,29/un","€15,29/un"
Princesas Secretas - Férias Reais,Rosie Banks,,"€8,91/un","€8,91/un"
Caderno de Treino - 1º Ano,Texto,,"€8,01/un","€8,01/un"
Cavalheiro Número Nove,Penelope Ward,,"€16,61/un","€16,61/un"
O Preço do Dinheiro,Ken Follett,,"€16,11/un","€16,11/un"
Etiquetas Adesivas 34x53mm,Note!,84 un,"€1,39/un","€0,02/un"
Pax English - A Nossa Tribo,Rodrigo Moita de Deus,,"€19,98/un","€19,98/un"
O Mais Belo Fim do Mundo,José Eduardo Agualusa,,"€16,92/un","€16,92/un"
Os Nossos Pecados,J. Kenner,,"€15,71/un","€15,71/un"
Cartolina Rosa 50x65cm,Albano,1 un,"€0,79/un","€0,79/un"
Sira,María Dueñas,,"€17,91/un","€17,91/un"
Win,Harlan Coben,,"€17,01/un","€17,01/un"
Escreve e Apaga - Zoo,Vários Autores,,"€8,91/un","€8,91/un"
O Mundo em que Vivi,Ilse Losa,,"€12,51/un","€12,51/un"
Álbum de Grandes Autocolantes - Coelho,Yoyo Studios,,"€8,99/un","€8,99/un"
Princesas Secretas - A Ciência Das Estrelas,Rosie Banks,,"€8,91/un","€8,91/un"
A Anomalia,Hervé Le Tellier,,"€15,21/un","€15,21/un"
A Vida Tem Um Plano Perfeito Para Ti,Maud Ankaoua,,"€14,31/un","€14,31/un"
Prova de Aferição - Matemática e Ciências Naturais - 5º Ano,Areal Editores,,"€7,92/un","€7,92/un"
É Urgente Amar,Pedro Chagas Freitas,,"€15,75/un","€15,75/un"
Super Wings - Uma Receita Vencedora em Paris!,Vários Autores,,"€6,26/un","€6,26/un"
Constrói os Teus Dinossauros,Ronny Gazzola,,"€11,61/un","€11,61/un"
Resumos - Os Lusíadas - Luís De Camões - 10º Ano,Porto Editora,,"€6,93/un","€6,93/un"
Roller de Tinta Gel (várias cores),Uni-ball,1 un,"€2,69/un","€2,69/un"
O Caminho de um Iogue,Charles F. Haanel,,"€13,46/un","€13,46/un"
A Regra é Não Ter Regras,Reed Hastings e Erin Meyer,,"€16,65/un","€16,65/un"
Comunicar com Eficácia,Stephen Martin e Joseph Marks,,"€18,86/un","€18,86/un"
Porta-moedas Coração (várias cores),Do Art,,"€5,00/un","€5,00/un"
Caderno Agrafado com Elástico A7 Liso,Note!,1 un,"€4,99/un","€4,99/un"
As 99 Melhores Receitas do Casal Mistério,Casal Mistério,,"€17,91/un","€17,91/un"
Dispensador com Sinalizadores,Note!,1 un,"€1,99/un","€1,99/un"
Hábitos Simples Para Míudos Extraordinários,Cristina Valente,,"€14,31/un","€14,31/un"
Desperte o Seu Poder Xamânico,Xamã Durek,,"€14,94/un","€14,94/un"
Seduz-me,Sylvia Day,,"€14,94/un","€14,94/un"
A Morte do Papa,Nuno Nepomuceno,,"€16,65/un","€16,65/un"
O Médico Quântico,Amit Goswami,,"€17,51/un","€17,51/un"
As Crianças do Mundo,Nicola Edwards e Andrea Stegmaier,,"€13,41/un","€13,41/un"
"Pincéis para Óleo e Acrílico Nº 6, 10, 14",Talens,5 un,"€6,99/un","€6,99/un"
O Buraco da Agulha,Ken Follett,,"€18,81/un","€18,81/un"
Barbie - Amigas do Coração,Mattel,,"€10,79/un","€10,79/un"
As Crónicas de Gelo e Fogo 1 - A Guerra dos Tronos,George R. R. Martin,,"€20,97/un","€20,97/un"
Mais Lengalengas,Luísa Ducla Soares,,"€10,08/un","€10,08/un"
Casa de Espiões,Daniel Silva,,"€17,01/un","€17,01/un"
Copo Porta Lápis Amarelo,Note!,1 un,"€1,99/un","€1,99/un"
Envelope Correio Verde Internacional M 265x175mm,CTT,1 un,"€13,30/un","€13,30/un"
Pecados Santos,Nuno Nepomuceno,,"€17,06/un","€17,06/un"
Atividades Divertidas com o Dinossauro,Vários Autores,,"€7,97/un","€7,97/un"
Turning Red - O Livro do Filme,Disney,,"€8,91/un","€8,91/un"
O Falcão,Sveva Casati Modignani,,"€16,92/un","€16,92/un"
"Eu Consigo, Tu Também!",Inês Abrantes,,"€17,09/un","€17,09/un"
Na Boca do Lobo,M. J. Arlidge,,"€17,99/un","€17,99/un"
Escuta o Teu Coração,Filipa Maló Franco,,"€16,19/un","€16,19/un"
Breves Respostas às Grandes Perguntas,Stephen Hawking,,"€16,16/un","€16,16/un"
Peak - Como Se Tornar o Melhor na Sua Área,Anders Ericsson e Robert Pool,,"€16,11/un","€16,11/un"
Plim! Aprendo e Treino a Leitura - 4º Ano,Texto,,"€5,31/un","€5,31/un"
Atraiçoada,Kiera Cass,,"€15,21/un","€15,21/un"
Resumos - História A - 10º Ano,Ideias de Ler,,"€8,96/un","€8,96/un"
TOP! No Jardim de Infância - Linguagem Oral e Abordagem à Escrita e Matemática 4-5 Anos,Porto Editora,,"€9,90/un","€9,90/un"
O Segredo do Rio,Miguel Sousa Tavares,,"€11,97/un","€11,97/un"
O Diário de um Banana 14 - De-mo-li-ção,Jeff Kinney,,"€15,29/un","€15,29/un"
LEGO Batman - Heróis Para Todos,LEGO,,"€8,51/un","€8,51/un"
Harmonia,Pedro Strecht,,"€13,95/un","€13,95/un"
O Regresso de S. Sebastião,Abdul Rahman Azzam,,"€17,91/un","€17,91/un"
Plim! O Meu Caderno de Fim de Semana - Português e Matemática - 3º Ano,Texto,,"€8,01/un","€8,01/un"
Esferográfica Galaxy de Tinta Azul,Stabilo,3 un,"€3,69/un","€3,69/un"
Genialmente Educação Pré-escolar 3-4 Anos,Booksmile,,"€6,92/un","€6,92/un"
O Livro das Minhas Emoções - A Raiva,Stéphanie Couturier e Maureen Poignonec,,"€6,21/un","€6,21/un"
O Bando das Cavernas Nº 10 - Um Tigre no Quarto,Nuno Caravela,,"€10,76/un","€10,76/un"
Espreita a História de Portugal,José Jorge Letria,,"€13,41/un","€13,41/un"
Sabedoria e Liderança,Robin Sharma,,"€13,95/un","€13,95/un"
Pasta de Arquivo A4 Lombada Estreita Personalizável,Oxford,1 un,"€4,99/un","€4,99/un"
Pacto Mortal,J. D. Robb,,"€15,93/un","€15,93/un"
Super Bacio!,Sabrina Moyle,,"€11,96/un","€11,96/un"
O Messias de Duna,Frank Herbert,,"€15,75/un","€15,75/un"
300 Palavras Azul - 5 Anos,Yoyo Studios,,"€4,49/un","€4,49/un"
A Rapariga Nova,Daniel Silva,,"€17,91/un","€17,91/un"
A Filha das Profundezas,Rick Riordan,,"€15,71/un","€15,71/un"
Sete Lições e Meia sobre o Cérebro,Lisa Feldman Barrett,,"€14,94/un","€14,94/un"
Começa a Pintar - Galinha,Yoyo Studios,,"€6,29/un","€6,29/un"
Curso de Alemão para Preguiçosos,Editorial Presença,,"€11,61/un","€11,61/un"
Nome de Código: Bananas,David Walliams,,"€14,94/un","€14,94/un"
Um Estudo em Vermelho,Arthur Conan Doyle,,"€4,50/un","€4,50/un"
Exame História A - 12º Ano,LeYa,,"€26,01/un","€26,01/un"
Masha e o Urso - O Jogo de Futebol,Vários Autores,,"€7,61/un","€7,61/un"
Capa de Numismática,Ideas,1 un,"€14,99/un","€14,99/un"
Onde Está o Wally? Em Hollywood,Martin Handford,,"€12,51/un","€12,51/un"
Sr. Mercedes,Stephen King,,"€16,92/un","€16,92/un"
Bebé Amado,Cátia Godinho,,"€15,71/un","€15,71/un"
Doutora Tiradentes,David Walliams,,"€14,94/un","€14,94/un"
Margarida Espantada,Rodrigo Guedes de Carvalho,,"€15,21/un","€15,21/un"
Brinca e Aprende,Vários Autores,,"€11,61/un","€11,61/un"
A Creche Judaica,Elle van Rijn,,"€15,21/un","€15,21/un"
A Vida Selvagem na Cidade,Ben Hoare,,"€13,91/un","€13,91/un"
Balada de Veludo,Jude Deveraux,,"€14,85/un","€14,85/un"
Por Dentro da Natureza,Vários Autores,,"€6,99/un","€6,99/un"
TOP! No Jardim de Infância - Linguagem Oral e Abordagem à Escrita e Matemática 4-5 Anos,Porto Editora,,"€9,90/un","€9,90/un"
O Estranhão Nº 9 - O Último a Ficar de Pé,Álvaro Magalhães,,"€12,96/un","€12,96/un"
Ismael e Chopin,Miguel Sousa Tavares,,"€11,97/un","€11,97/un"
Cherub Nº 13 - República Popular,Robert Muchamore,,"€11,97/un","€11,97/un"
O Bando das Cavernas Heróis do Mundo Nº 1 - O Monstro Marinho,Nuno Caravela,,"€12,56/un","€12,56/un"
O Lobo que Amava as Árvores,Orianne Lallemand,,"€11,69/un","€11,69/un"
Guia de Cabeceira para Pais Desesperados,Bárbara Ramos Dias,,"€14,31/un","€14,31/un"
After - Depois da Promessa (volume 5),Anna Todd,,"€17,91/un","€17,91/un"
Caderno Agrafado A5 Pautado com Elásticos (várias cores),Note!,1 un,"€7,99/un","€7,99/un"
Os Ovos Misteriosos,Luísa Ducla Soares,,"€11,97/un","€11,97/un"
Exercícios de Física e Química A - 10º e 11º Ano,Texto,,"€26,55/un","€26,55/un"
Portefólio com 60 Bolsas A4 (várias cores),Oxford,1 un,"€7,29/un","€7,29/un"
Com Sal e Sabor - Paleo XXI,"Paula Ruivo, Alessandra Losacco e Francisco Silva",,"€17,09/un","€17,09/un"
Ás de Espadas,Faridah Àbíké-Íyímídé,,"€17,55/un","€17,55/un"
Os Médicis - A Nossa História,Lorenzo De' Medici,,"€17,01/un","€17,01/un"
Aprende os Números,Vários Autores,,"€13,95/un","€13,95/un"
Bolsa Catálogo Transparente A4,Fegol,100 un,"€7,99/un","€7,99/un"
O Lobo Que Não Gostava de Ler,Orianne Lallemand,,"€7,19/un","€7,19/un"
Charlatães,Robin Cook,,"€16,92/un","€16,92/un"
A Chave Maldita,James Rollins,,"€15,93/un","€15,93/un"
Recarga Borracha Branca para Caneta,Maped,2 un,"€2,19/un","€2,19/un"
O Bando da Meia-Noite,David Walliams,,"€14,94/un","€14,94/un"
Escreve e Apaga - Atividades em Viagem,Vários Autores,,"€8,91/un","€8,91/un"
Preparar os Testes - Português - 9º Ano,Areal Editores,,"€13,41/un","€13,41/un"
Campeão de saias,David Walliams,,"€14,94/un","€14,94/un"
Caderno Agrafado A4 Pautado (várias cores),Note!,1 un,"€3,49/un","€3,49/un"
Capa com Elástico A4 (várias cores),Note!,1 un,"€2,29/un","€2,29/un"
A Festa da Princesa,Rosie Greening,,"€12,51/un","€12,51/un"
Espreita o Atlas,Katie Daynes,,"€13,41/un","€13,41/un"
ABC Treino a Caligrafia - 1º Ano,Porto Editora,,"€4,95/un","€4,95/un"
Espreita o Teu Corpo,Katie Daynes e Colin King,,"€13,41/un","€13,41/un"
Uma Vida Assim-Assim,Cláudia Araújo Teixeira,,"€13,50/un","€13,50/un"
Pintar Com Canetas Mágicas - Cão,Yoyo Studios,,"€7,19/un","€7,19/un"
Pintar Com Canetas Mágicas - Zebra,Yoyo Studios,,"€7,19/un","€7,19/un"
Clips Brancos e Pretos 50mm,Note!,80 un,"€2,29/un","€0,03/un"
A Coragem de Cilka,Heather Morris,,"€17,01/un","€17,01/un"
Caderno Espiral A4 Pautado (várias cores),Oxford,1 un,"€6,29/un","€6,29/un"
A Cura Está Dentro de Ti,Vex King,,"€14,31/un","€14,31/un"
O Maravilhoso Feiticeiro de Oz de Lyman Frank Baum,Geronimo Stilton,,"€12,51/un","€12,51/un"
O Meu Livro Sonoro - A Savana,Charlie Pop,,"€10,71/un","€10,71/un"
As Crónicas de Gelo e Fogo - O Mar de Ferro (volume 8),George R. R. Martin,,"€17,13/un","€17,13/un"
Aprendo Divertidamente - Labirintos,Elizabeth Golding,,"€7,97/un","€7,97/un"
Quebra-cabeças Incríveis para Resolver,Fiona Biggs,,"€10,43/un","€10,43/un"
Os Mega B.A.Y.T.E.S. - Os escolhidos,Sara de Almeida Leite,,"€9,81/un","€9,81/un"
Copo Porta Lápis Rede Preto,Note!,1 un,"€2,29/un","€2,29/un"
O Estranhão Nº 2 - Acordem-me Quando Isto Acabar,Álvaro Magalhães,,"€12,96/un","€12,96/un"
O Cuquedo,Clara Cunha,,"€6,84/un","€6,84/un"
Borracha Preta,Note!,2 un,"€1,79/un","€0,90/un"
O Lobo que Tinha a Cabeça na Lua,Orianne Lallemand,,"€7,19/un","€7,19/un"
Genialmente Educação Pré-Escolar - 5-6 Anos,Booksmile,,"€9,41/un","€9,41/un"
Espreita - Perguntas e Respostas sobre a Alimentação,Katie Daynes,,"€12,51/un","€12,51/un"
O Estranhão Nº 8 - Como Sobreviver à Família,Álvaro Magalhães,,"€12,96/un","€12,96/un"
Espreita - Perguntas e Respostas Sobre a Natureza,Vários Autores,,"€12,51/un","€12,51/un"
O Estranhão Nº 6 - Viagem no tempo em cuecas,Álvaro Magalhães,,"€12,96/un","€12,96/un"
Baleia,Yoyo Studios,,"€4,49/un","€4,49/un"
"Passo a Passo, Vamos Colar - Princesas",Emma Smith,,"€7,61/un","€7,61/un"
Escreve e Apaga - Aprender a Segurar na Caneta,Emma Smith,,"€10,76/un","€10,76/un"
"365 Dias, 365 Piadas - Para Horas de Risadas",Vários Autores,,"€10,98/un","€10,98/un"
O Estranhão - Anedotas e Adivinhas,Álvaro Magalhães,,"€9,81/un","€9,81/un"
Dicionário Básico Ilustrado Português-Inglês/Inglês-Português,Porto Editora,,"€6,29/un","€6,29/un"
O Meu Primeiro Livro de Abas + 100 Animais,Vários Autores,,"€11,61/un","€11,61/un"
Nunca Cresças,Roald Dahl,,"€10,71/un","€10,71/un"
A Ágata Tem Medo do Escuro,Anna Pignataro,,"€9,81/un","€9,81/un"
Bia e o Unicórnio Nº 12 - Unicórnio Virtual,Dana Simpson,,"€12,92/un","€12,92/un"
Cherub Nº 15 - Um Dia Negro,Robert Muchamore,,"€11,97/un","€11,97/un"
Hábitos Milionários,Dean Graziosi,,"€13,95/un","€13,95/un"
Tinta de Óleo ArtCreation 12ml,Talens,12 un,"€10,99/un","€10,99/un"
LEGO Dots - Código da Amizade,LEGO,,"€12,59/un","€12,59/un"
Hoje Deu Entrada no Hospital,Henry Marsh,,"€14,31/un","€14,31/un"
A Minha Vida é um Filme Nº 1 - A Estreia,Paula Pimenta,,"€15,21/un","€15,21/un"
Genuinamente a Sorrir - A Minha Vida Dentro e Fora das Redes,Constanza Ariza,,"€14,94/un","€14,94/un"
O Jejum que Cura,Edward Hooker Dewey,,"€13,46/un","€13,46/un"
Uma Aventura nas Férias de Natal,Ana Maria Magalhães e Isabel Alçada,,"€7,38/un","€7,38/un"
Olha o que Encontrei na Floresta,Moira Butterfield,,"€12,56/un","€12,56/un"
Como Ser Sempre Feliz,Paramhansa Yogananda,,"€11,61/un","€11,61/un"
Panda - Escreve e Apaga os Números,Panda,,"€10,71/un","€10,71/un"
Furador Médio com Medidor 15 Folhas,Note!,1 un,"€4,89/un","€4,89/un"
O Meu Primeiro Livro de Quebra-Cabeças,Moira Butterfield,,"€8,99/un","€8,99/un"
Astérix - O Menir de Ouro,René Goscinny,,"€11,61/un","€11,61/un"
Espreita - Perguntas e Respostas sobre a Ciência,Katie Daynes,,"€12,51/un","€12,51/un"
7 Histórias de Unicórnios,Emmanuelle Lepetit e Manola Caprini,,"€11,61/un","€11,61/un"
Astérix e a Transitálica (volume 37),Jean-Yves Ferri,,"€9,81/un","€9,81/un"
Escreve e Apaga - Aprende com as Sereias,Vários Autores,,"€11,61/un","€11,61/un"
Os Papás Constroem Sonhos,Becky Davies,,"€11,07/un","€11,07/un"
Rafa - Kit de Avaliação - 3º Ano,Areal Editores,,"€10,35/un","€10,35/un"
O Misterioso Caso de Styles,Agatha Christie,,"€9,90/un","€9,90/un"
As Emoções do Gastão - Estou a Sentir-me Culpado,Aurélie Chien Chow Chine,,"€7,61/un","€7,61/un"
O Principezinho (edição especial),Antoine de Saint-Exupéry,,"€13,41/un","€13,41/un"
Prova de Aferição - 2º Ano,Areal Editores,,"€7,92/un","€7,92/un"
E Quando te Conheci,Estelle Maskame,,"€14,31/un","€14,31/un"
Bloco de Papel Vegetal A4,Canson,1 un,"€9,39/un","€9,39/un"
Nada Menos Que Tudo,Afonso Noite-Luar,,"€14,31/un","€14,31/un"
Among Us - Guia 100 % Não Oficial,Matt Yeo,,"€11,93/un","€11,93/un"
Felipe Neto - A Vida por Trás das Câmeras,Felipe Neto,,"€11,61/un","€11,61/un"
Tentação Absoluta,Nicole Jordan,,"€13,95/un","€13,95/un"
O Gigante Egoísta e O Príncipe Feliz,Oscar Wilde,,"€7,92/un","€7,92/un"
5 Histórias Para a Hora de Dormir,Vários Autores,,"€8,91/un","€8,91/un"
Astérix - A Filha de Vercingétorix,Jean-Yves Ferri,,"€9,81/un","€9,81/un"
Portefólio com 40 Bolsas A4 (várias cores),Oxford,1 un,"€11,39/un","€11,39/un"
O Bando das Cavernas Nº 25 - Vale Jurássico,Nuno Caravela,,"€10,76/un","€10,76/un"
O Mundo da Carochinha - Fichas de Avaliação - 1º Ano,Gailivro,,"€8,01/un","€8,01/un"
Os Segredos das Mulheres Brasileiras,Nelma Penteado,,"€9,99/un","€9,99/un"
A Minha Mala de Unicórnio,Vários Autores,,"€8,91/un","€8,91/un"
Primeiras Atividades - Raspa e Cria Brilhos Divertidos,Vários Autores,,"€7,65/un","€7,65/un"
Separador Numérico 31 Divisórias A4 Polipropileno,Esselte,1 un,"€4,19/un","€4,19/un"
Aprende Em Casa Com O Elmer - Atividades Para 3 Anos,David McKee,,"€8,96/un","€8,96/un"
Já Vou para a Escola,Mel Plehov,,"€10,76/un","€10,76/un"
100 Super-Factos para Salvar o Planeta,Yoyo Studios,,"€6,29/un","€6,29/un"
Primeiras 100 Palavras em Inglês - O Mundo à Minha Volta,Yoyo Studios,,"€9,99/un","€9,99/un"
Plim! Tudo Certo nas Fichas de Avaliação - 3º Ano,Texto,,"€5,94/un","€5,94/un"
Dinossauros - Porquê? Perguntas e Respostas,Yoyo Studios,,"€9,99/un","€9,99/un"
A Minha Malinha Brilhante de Jogos e Autocolantes,Dawn Machell,,"€8,01/un","€8,01/un"
Inteligência Emocional 2.0,Travis Bradberry e Jean Greaves,,"€14,31/un","€14,31/un"
LEGO Ninjago - A Lenda do Jay,LEGO,,"€9,89/un","€9,89/un"
"Para Sir Phillip, com Amor",Julia Quinn,,"€15,21/un","€15,21/un"
Nunca me Esqueças,Lesley Pearse,,"€15,21/un","€15,21/un"
As Aventuras de Tom Sawyer,Mark Twain,,"€10,71/un","€10,71/un"
O Livro do Chá,Kakuzo Okakura,,"€11,21/un","€11,21/un"
Amigos do Mar - Livro de Banho,Vários Autores,,"€8,09/un","€8,09/un"
Pasta de Arquivo A4 Lombada Larga,Note!,1 un,"€5,19/un","€5,19/un"
Borracha Harry Potter,Harry Potter,,"€5,00/un","€5,00/un"
Tico - Pasta de Avaliação - 2º Ano,Gailivro,,"€9,90/un","€9,90/un"
ELFI - Educação Pré-Escolar 3-4 Anos,Porto Editora,,"€8,91/un","€8,91/un"
Plim! O Meu Caderno de Fim de Semana - Inglês - 4º Ano,Texto,,"€8,01/un","€8,01/un"
Temporada 1 - Miúdo Youtuber,Marcus Emerson,,"€9,81/un","€9,81/un"
Dicionário Académico da Língua Portuguesa,Porto Editora,,"€6,21/un","€6,21/un"
Fichas de Matemática - 4º Ano,Areal Editores,,"€7,92/un","€7,92/un"
Explicador 1 - Português e Matemática - 1º Ano,Porto Editora,,"€7,92/un","€7,92/un"
Uma Aventura no Fundo do Mar,Ana Maria Magalhães e Isabel Alçada,,"€7,38/un","€7,38/un"
Esferográfica Grip de Tinta Preta,Uni-ball,1 un,"€2,59/un","€2,59/un"
Plim! O Meu Caderno de Fim de Semana - Inglês - 3º Ano,Texto,,"€8,01/un","€8,01/un"
TOP! Para tirar 100% - Perguntas e Respostas - 2º Ano,Porto Editora,,"€6,93/un","€6,93/un"
Fichas de Inglês - 3º Ano,Areal Editores,,"€6,93/un","€6,93/un"
Fichas de Matemática - 2º Ano,Berta Alves,,"€7,92/un","€7,92/un"
Tabuleiro de Secretária Opaco Vermelho,Note!,1 un,"€2,89/un","€2,89/un"
Roller Micro de Tinta Azul e Preta,Fegol,3 un,"€3,19/un","€3,19/un"
Caderno Espiral A4 Pautado Rosa,Oxford,1 un,"€6,59/un","€6,59/un"
Loud em Casa - Que Loucura de Família!,Vários Autores,,"€8,91/un","€8,91/un"
Princesas Secretas - Noite No Colégio,Rosie Banks,,"€8,91/un","€8,91/un"
Classificador com Clip A4 Lombada Estreita,Fegol,1 un,"€1,79/un","€1,79/un"
Harry Potter e o Cálice de Fogo (Livro 4),J. K. Rowling,,"€18,81/un","€18,81/un"
O Médico da Casa,José Carlos Almeida Nunes,,"€14,94/un","€14,94/un"
O Grande Livro da Numerologia,David A. Phillips,,"€16,61/un","€16,61/un"
Caderno Espiral A4 Pautado (várias cores),Oxford,1 un,"€9,19/un","€9,19/un"
Depois do Escândalo,Julia Quinn,,"€15,21/un","€15,21/un"
Top Spa a Dois,Odisseias,1 un,"€49,90/un","€49,90/un"
Abraça-me - Pequena Coelha,Yoyo Studios,,"€7,19/un","€7,19/un"
Uma Aventura Na Serra da Estrela,Ana Maria Magalhães e Isabel Alçada,,"€7,38/un","€7,38/un"
Princesas Secretas - A Magia do Cinema,Rosie Banks,,"€8,91/un","€8,91/un"
Dinossauros Incríveis,Vários Autores,,"€8,01/un","€8,01/un"
Um Dia Divertido - No Mercado,Robyn Gale,,"€8,51/un","€8,51/un"
Livro de Atividades para Meninos,Lucy Bowman,,"€8,01/un","€8,01/un"
Caderno Agrafado A5 Quadriculado,Note!,1 un,"€5,99/un","€5,99/un"
Patrulha Pata - Em Cima e Em Baixo,Vários Autores,,"€8,06/un","€8,06/un"
As Emoções do Gastão - Estou Amuado,Aurélie Chien Chow Chine,,"€7,61/un","€7,61/un"
Caderno Agrafado A4 Pautado,Note!,1 un,"€2,49/un","€2,49/un"
Abraça-me - Pequeno Urso,Yoyo Studios,,"€7,19/un","€7,19/un"
"Masha e o Urso - Boas Férias, Urso!",Vários Autores,,"€7,61/un","€7,61/un"
Os Mini Cinco Nº 1 - Uma Aventura nas Férias,Enid Blyton,,"€7,97/un","€7,97/un"
Os Mini Cinco Nº 10 - Os Cinco Salvam o Cordeirinho,Enid Blyton,,"€7,97/un","€7,97/un"
Escreve e Apaga - Vamos Aprender,Vários Autores,,"€7,65/un","€7,65/un"
Explicador 4 - Inglês - 4º Ano,Porto Editora,,"€7,92/un","€7,92/un"
O Patinho - Livro com Fantoche de Dedo,Agnese Baruzzi,,"€6,21/un","€6,21/un"
Ursito Tito - No Parque dos Dinossauros,Benji Davies,,"€8,01/un","€8,01/un"
As Fadas Verdes,Matilde Rosa Araújo,,"€7,92/un","€7,92/un"
Prova de Aferição - História e Geografia - 8º Ano,Areal Editores,,"€7,92/un","€7,92/un"
O Meu Bloco de Palavras Cruzadas de Inglês - 2º e 3º Ano,Gailivro,,"€6,21/un","€6,21/un"
"Passo a Passo, Vamos Colar - Dinossauros",Vários Autores,,"€7,61/un","€7,61/un"
Portefólio com 20 Bolsas A4 (várias cores),Oxford,1 un,"€8,19/un","€8,19/un"
Caderno de Caligrafia - 1º ao 4º Ano,Texto,,"€2,69/un","€2,69/un"
O Estranhão Nº 1,Álvaro Magalhães,,"€12,96/un","€12,96/un"
Pinta o Teu Espetacular Unicórnio!,Vários Autores,,"€12,96/un","€12,96/un"
O Diário de um Banana 1 - Edição Especial Filme de Animação,Jeff Kinney,,"€15,29/un","€15,29/un"
O Momento em que Nos Perdemos,Maria José Núncio,,"€13,41/un","€13,41/un"
Caderno Agrafado A5 Quadriculado Pastel (várias cores),Note!,1 un,"€2,59/un","€2,59/un"
Gramática de Francês - 7º ao 12º Ano,Porto Editora,,"€12,96/un","€12,96/un"
"Canal Panda - Olá, Panda!",Panda,,"€7,11/un","€7,11/un"
"Lê, Cola e Brinca - Os Três Porquinhos",Emma Munro Smith,,"€7,61/un","€7,61/un"
Uma Aventura Voadora,Ana Maria Magalhães e Isabel Alçada,,"€7,38/un","€7,38/un"
Poemas da Mentira e da Verdade,Luísa Ducla Soares,,"€10,08/un","€10,08/un"
O Lobo que Descobriu o País dos Contos,Orianne Lallemand,,"€7,19/un","€7,19/un"
As Emoções do Gastão - Estou Aborrecido,Aurélie Chien Chow Chine,,"€7,61/un","€7,61/un"
Lápis Grafite Noris HB,Staedtler,3 un,"€3,59/un","€3,59/un"
O Meu Primeiro ABC,Vários Autores,,"€3,59/un","€3,59/un"
Vamos Pintar - Cão,Yoyo Studios,,"€3,59/un","€3,59/un"
Factos sobre a Alimentação,Vários Autores,,"€6,29/un","€6,29/un"
"Boa Noite, Querida Panda",Vários Autores,,"€7,65/un","€7,65/un"
Pincéis S para Aguarela e Tempera,Talens,3 un,"€4,49/un","€4,49/un"
Aprendo com Autocolantes - As Formas,Elizabeth Golding,,"€7,97/un","€7,97/un"
Pasta de Arquivo A4 Lombada Larga Classic,Note!,1 un,"€2,99/un","€2,99/un"
Lê com a Patrulha Pata,Vários Autores,,"€7,61/un","€7,61/un"
Palavras Viajantes - Cores,Vários Autores,,"€6,98/un","€6,98/un"
Cucu! Quem Sou Eu? Boa Noite,Maria Loretta Giraldo e Nicoletta Bertelle,,"€6,21/un","€6,21/un"
Quiz Mágico 5+,Vários Autores,,"€6,93/un","€6,93/un"
Toca e Sente do Bebé - Números,Dorling Kindersley,,"€6,75/un","€6,75/un"
Nada no Amor é Por Acaso,Eduardo Sá,,"€14,85/un","€14,85/un"
Encontro com o Destino,Lesley Pearse,,"€17,01/un","€17,01/un"
A Gramática - Português,Porto Editora,,"€10,71/un","€10,71/un"
O Mundo Não Tem de Ser Assim,Pedro Latoeiro e Filipe Domingues,,"€22,41/un","€22,41/un"
Os 7 Hábitos dos Casais Altamente Felizes,"Stephen R. Covey, Sandra M. Covey, John M. R. Covey e Jane Covey",,"€13,95/un","€13,95/un"
Um Bolo por Semana,Rita Nascimento,,"€14,94/un","€14,94/un"
Deixa Acontecer,Afonso Noite-Luar,,"€15,21/un","€15,21/un"
Prometo Não Te Seduzir,Tessa Dare,,"€16,61/un","€16,61/un"
Os 100,Kass Morgan,,"€16,61/un","€16,61/un"
Gramática Para Todos - O Português na Ponta da Língua,Guerra e Paz,,"€9,90/un","€9,90/un"
Cleptopia - Como o Dinheiro Sujo Está a Conquistar o Mundo,Tom Burgis,,"€23,36/un","€23,36/un"
Destrava Línguas,Luísa Ducla Soares,,"€10,08/un","€10,08/un"
Idiotas Úteis e Inúteis,Ricardo Araújo Pereira,,"€14,31/un","€14,31/un"
Como Superar as Preocupações e Lidar Com o Stress,Dale Carnegie,,"€14,99/un","€14,99/un"
Arsène Lupin - A Coleção Essencial,Maurice Leblanc,,"€21,96/un","€21,96/un"
Caderno Espiral A4 Pautado (várias cores),Ambar,1 un,"€6,49/un","€6,49/un"
O Lobo que Estava Farto de Andar,Orianne Lallemand,,"€7,19/un","€7,19/un"
Os Mini Cinco Nº 2 - O Corte de Cabelo da Zé,Enid Blyton,,"€7,97/un","€7,97/un"
Caderno Agrafado com Elástico A6 Pautado,Note!,1 un,"€4,99/un","€4,99/un"
Etiquetas Adesivas 20x8mm,Note!,600 un,"€1,39/un","€0,00/un"
O Lobito Azul Adora a Mamã,Daniel Picouly e Frédéric Pillot,,"€5,94/un","€5,94/un"
Esquadro 60º 22cm,Note!,1 un,"€1,99/un","€1,99/un"
"Tesoura Sensoft 13,5cm (várias cores)",Maped,1 un,"€4,29/un","€4,29/un"
As Formas,Vários Autores,,"€4,94/un","€4,94/un"
Esferográfica de Tinta Gel Azul,Note!,4 un,"€2,79/un","€0,70/un"
Mais Negro,E. L. James,,"€16,92/un","€16,92/un"
Mulherzinhas,Louisa May Alcott,,"€12,51/un","€12,51/un"
Minecraft - Mob No Sistema!,Nick Eliopulos,,"€10,94/un","€10,94/un"
Stranger Things Nº 1 - Mentes Inquietas,Gwenda Bond,,"€16,11/un","€16,11/un"
Pra Cima de Puta,Cristina Ferreira,,"€13,95/un","€13,95/un"
Histórias do Arco da Velha,António Botto,,"€7,92/un","€7,92/un"
Alfabeto Mágico,Emília Gonçalves,,"€12,51/un","€12,51/un"
A Chama do Nosso Dragão,Jorge Nuno Pinto da Costa,,"€17,91/un","€17,91/un"
O Cuquedo - Jogos Escreve e Apaga,Clara Cunha,,"€8,01/un","€8,01/un"
Aprendendo com Luccas Neto - Números,Luccas Neto,,"€8,91/un","€8,91/un"
O Rapaz de Bronze,Sophia de Mello Breyner Andresen,,"€11,25/un","€11,25/un"
Estás aí?,Dolly Alderton,,"€15,75/un","€15,75/un"
"Bichos, Bichinhos e Bicharocos",Sidónio Muralha,,"€7,92/un","€7,92/un"
Plim! Aprendo e Pratico Frações - 3º Ano,Texto,,"€5,31/un","€5,31/un"
Borracha Mista,Note!,2 un,"€1,19/un","€0,60/un"
A História de Jesus,Vários Autores,,"€5,85/un","€5,85/un"
Tantos Pares!,Manuela Castro Neves,,"€5,85/un","€5,85/un"
Livro de Treino Caligráfico - 1º ao 4º Ano,Texto,,"€4,95/un","€4,95/un"
Cesto de Papéis Azul,Note!,1 un,"€4,99/un","€4,99/un"
Classificador com Ferragem e 1 Aba A4 Lombada Estreita,Fegol,5 un,"€2,39/un","€2,39/un"
Rápido Quiz para Pré-escolares +4 Anos,Yoyo Studios,,"€4,49/un","€4,49/un"
Esquadro 60º 18cm,Note!,1 un,"€1,99/un","€1,99/un"
"Roller de Tinta Gel Preta, Azul, Vermelha e Verde",Fegol,4 un,"€3,99/un","€3,99/un"
Bolsa Catálogo Transparente A4,Esselte,6 un,"€5,19/un","€5,19/un"
Esferográfica Plus de Tinta Azul,Note!,1 un,"€1,59/un","€1,59/un"
Bloco de Jogos e Atividades 3-4 Anos,Porto Editora,,"€4,41/un","€4,41/un"
Classificador Envelope com Furos A4 (várias cores),Note!,1 un,"€2,19/un","€2,19/un"
É Demais para Mim,Eleonora Gaggero,,"€11,61/un","€11,61/un"
Estoico Todos os Dias,Ryan Holiday e Stephen Hanselman,,"€17,01/un","€17,01/un"
Esferográfica Lakubo de Tinta Azul e Preta,Uni-ball,2 un,"€3,59/un","€3,59/un"
Vencer a Depressão com a Psicologia Positiva,Miriam Akhtar,,"€15,71/un","€15,71/un"
Preparar o Exame - Português - 12º Ano,Raiz Editora,,"€25,92/un","€25,92/un"
Mensagens,Fleur Leussink,,"€13,95/un","€13,95/un"
Livro de Atividades para Meninas,Lucy Bowman,,"€8,01/un","€8,01/un"
O Monstro da Vergonha,Tânia Carneiro e Ana Luísa Oliveira,,"€11,61/un","€11,61/un"
Panda - Vamos à Escola?,Panda,,"€13,41/un","€13,41/un"
O Pequeno Grande Livro da Maquilhagem,Inês Franco,,"€12,95/un","€12,95/un"
Tinta Acrílica ArtCreation Amarelo Primário 75ml,Talens,1 un,"€3,29/un","€3,29/un"
Lápis de Cor Intensity Up,Bic,12 un,"€3,99/un","€3,99/un"
Roller Signo Noble Metal de Tinta Gel Metálica Azul,Uni-ball,1 un,"€2,69/un","€2,69/un"
Tabuleiro de Secretária Amarelo Pastel,Note!,1 un,"€3,89/un","€3,89/un"
Sublinhador de Tinta Fluorescente,Stabilo,1 un,"€3,29/un","€3,29/un"
Afia Dupla com Depósito Color'Peps (várias cores),Maped,1 un,"€3,29/un","€3,29/un"
"Minas 0,5mm",Rotring,2 un,"€2,79/un","€2,79/un"
Tinta Acrílica ArtCreation Vermelho 75ml,Talens,1 un,"€3,29/un","€3,29/un"
Caderno Agrafado A4 Quadriculado Pastel (várias cores),Note!,1 un,"€3,49/un","€3,49/un"
Tinta Acrílica ArtCreation Amarelo Ocre 75ml,Talens,1 un,"€3,29/un","€3,29/un"
Tinta Acrílica ArtCreation Amarelo Escuro 75ml,Talens,1 un,"€3,29/un","€3,29/un"
Tinta Acrílica ArtCreation Verde Permanente Escuro 75ml,Talens,1 un,"€3,29/un","€3,29/un"
Roller Signo Sparkling de Tinta Gel Brilhante (várias cores),Uni-ball,1 un,"€2,69/un","€2,69/un"
O Mundo da Carochinha - Fichas de Avaliação - 3º Ano,Gailivro,,"€8,01/un","€8,01/un"
O Livro do Oráculo,Georgia Routsis Savas,,"€15,93/un","€15,93/un"
Confissões de uma Quarentona na M*rda,Alexandra Potter,,"€16,92/un","€16,92/un"
"Cozinha Organizada, Jantar na Mesa",Joana Roque,,"€17,91/un","€17,91/un"
Panda - Escreve e Apaga as Letras,Panda,,"€10,71/un","€10,71/un"
"Marcador Permanente de Tinta Preta, Vermelha e Azul",Newpen,3 un,"€5,99/un","€5,99/un"
Czarina,Ellen Alpsten,,"€17,91/un","€17,91/un"
Descubra as Suas Vidas Passadas com a Astrologia Kármica,Dulce Regina,,"€13,95/un","€13,95/un"
Agenda do Professor - 6 Turmas,Vários Autores,,"€12,41/un","€12,41/un"
Quando Éramos Mentirosos,E. Lockhart,,"€14,40/un","€14,40/un"
Uma Aventura no Porto,Ana Maria Magalhães e Isabel Alçada,,"€7,38/un","€7,38/un"
Enciclopédia dos Pequenotes - Dinossauros,Jean-Michel Bragard,,"€10,71/un","€10,71/un"
Estação das Chuvas,José Eduardo Agualusa,,"€15,93/un","€15,93/un"
Borracha Branca com Proteção Zenoa,Maped,2 un,"€2,99/un","€2,99/un"
Separador 12 Divisórias A4 Polipropileno,Note!,1 un,"€3,19/un","€3,19/un"
Marcador Fluorescente de Tinta Laranja e Amarela,Fegol,2 un,"€2,99/un","€2,99/un"
Esquadro 45º 22cm,Note!,1 un,"€1,99/un","€1,99/un"
Roller de Tinta Gel Vermelho,Uni-ball,1 un,"€2,69/un","€2,69/un"
Aprender Inglês - 3º e 4º Ano,Gailivro,,"€2,61/un","€2,61/un"
Cartolina Turquesa 50x65cm,Albano,1 un,"€0,79/un","€0,79/un"
Papel de Lustro A3,Note!,1 un,"€2,29/un","€2,29/un"
Papel Crepe Branco 50x25cm,Liderpapel,1 un,"€0,79/un","€0,79/un"
Marcador Permanente Fino de Tinta Verde,Newpen,1 un,"€2,19/un","€2,19/un"
Marcador Permanente Fino de Tinta Azul,Newpen,1 un,"€2,19/un","€2,19/un"
Segredos,Lesley Pearse,,"€17,01/un","€17,01/un"
(Re)Construir a Minha Casa Emocional,Rute Agulhas e Filipa Pancada Fonseca,,"€14,31/un","€14,31/un"
Dinossauros,Vários Autores,,"€14,31/un","€14,31/un"
Panda - Números,Panda,,"€6,21/un","€6,21/un"
Slime,David Walliams,,"€14,94/un","€14,94/un"
Histórias da Terra e do Mar,Sophia de Mello Breyner Andresen,,"€12,15/un","€12,15/un"
Guardiã da Noite,Addie Thorley,,"€17,51/un","€17,51/un"
Criatividade,John Cleese,,"€11,93/un","€11,93/un"
O Principezinho,Antoine de Saint-Exupéry,,"€8,91/un","€8,91/un"
Bloco de Apontamentos A6 Quadriculado,Note!,1 un,"€1,19/un","€1,19/un"
Esferográfica Bamboo de Tinta Azul (várias cores),Note!,1 un,"€1,69/un","€1,69/un"
Revista Carros e Motores,Carros,1 un,"€1,95/un","€1,95/un"
Bloco de Apontamentos A5 Quadriculado,Note!,1 un,"€1,29/un","€1,29/un"
Cartolina Castanho 50x65cm,Albano,1 un,"€0,79/un","€0,79/un"
Colégio do Templo - O Corvo,Nuno Bernardo,,"€12,51/un","€12,51/un"
Viagem Atribulada,Beth O'Leary,,"€17,99/un","€17,99/un"
Compasso Technic Concept 5 Peças (várias cores),Maped,1 un,"€7,49/un","€7,49/un"
A Cura Pelos Cristais,Giulio Braga,,"€16,19/un","€16,19/un"
Os Mini Cinco - As Primeiras Aventuras (3 livros em 1),Enid Blyton,,"€13,41/un","€13,41/un"
Portefólio com 20 Bolsas A4 (várias cores),Oxford,1 un,"€8,19/un","€8,19/un"
Batman - Cidade das Corujas,Scott Snyder e Greg Capullo,,"€13,41/un","€13,41/un"
TOP! Estudo do Meio - 2º Ano,Porto Editora,,"€2,61/un","€2,61/un"
O Cliente,Vi Keeland,,"€15,92/un","€15,92/un"
TOP! No Jardim de Infância - Linguagem Oral e Abordagem à Escrita e Matemática 3-4 Anos,Porto Editora,,"€9,90/un","€9,90/un"
Surpresa e Emoção a Dois,Odisseias,1 un,"€29,90/un","€29,90/un"
A Grande Solidão,Kristin Hannah,,"€9,00/un","€9,00/un"
Descubra o Seu Destino,Robin Sharma,,"€13,95/un","€13,95/un"
Plim! O Meu Caderno de Fim de Semana - 2º ano,Texto,,"€8,01/un","€8,01/un"
Entre Dois Reinos,Suleika Jaouad,,"€15,21/un","€15,21/un"
Filosofia Felina,John Gray,,"€11,61/un","€11,61/un"
Dicionário Moderno da Língua Portuguesa,Porto Editora,,"€16,11/un","€16,11/un"
História Concisa de Portugal,José Hermano Saraiva,,"€16,92/un","€16,92/un"
Guia Para Uma Vida Simples,Marta Arrais,,"€13,05/un","€13,05/un"
A Arte da Guerra de Sun Tzu para Mulheres,Catherine Huang e A. D. Rosenberg,,"€15,71/un","€15,71/un"
"Quando Acabar Este Livro, Vai Saber Fazer Tricô",Rosie Fletcher,,"€14,94/un","€14,94/un"
Resumos - Física e Química A - 10º e 11º Ano,Porto Editora,,"€8,96/un","€8,96/un"
Oráculo Lunar,Vários Autores,,"€23,36/un","€23,36/un"
3 Dias Refúgios com Jantar,Odisseias,1 un,"€159,90/un","€159,90/un"
Dinossauros,Cristina Banfi,,"€14,36/un","€14,36/un"
Uma Lição Vinda do Mar,Carmen Garcia,,"€11,61/un","€11,61/un"
O Rapaz e o Robô,Luísa Ducla Soares,,"€9,90/un","€9,90/un"
Tarot Instantâneo,Monte Farber e Amy Zerner,,"€16,61/un","€16,61/un"
Mulheres da Minha Alma,Isabel Allende,,"€14,94/un","€14,94/un"
ELFI - Educação Pré-Escolar 5-6 Anos,Porto Editora,,"€8,91/un","€8,91/un"
O Mundo da Inês Nº 1 - A Entrada no Colégio,Sara de Almeida Leite,,"€9,81/un","€9,81/un"
O Livro da Tinta Mágica - Unicórnios,Vários Autores,,"€9,81/un","€9,81/un"
Lápis de Cor Ergosoft,Staedtler,12 un,"€14,99/un","€14,99/un"
O Trilho da Morte,Sara Blædel,,"€17,51/un","€17,51/un"
O Meu Bebé - Os Meus Animais Favoritos,Vários Autores,,"€9,81/un","€9,81/un"
O Fim da Doença Mental,Dr. Daniel G. Amen,,"€16,92/un","€16,92/un"
A Minha Horta em Casa,Susana Caseiro,,"€20,66/un","€20,66/un"
Canal Panda - Kit de Modelagem,Panda,,"€9,81/un","€9,81/un"
Castigar Não é Educar,Lorena García Veja,,"€15,21/un","€15,21/un"
Keto Fácil,Jen Fisch,,"€17,09/un","€17,09/un"
Guia das Boas Raparigas para Serem Cabras,Alexandra Reinwarth,,"€12,96/un","€12,96/un"
Harry Potter e a Câmara dos Segredos - Edição Ilustrada (Livro 2),J. K. Rowling,,"€27,81/un","€27,81/un"
Ó Mãããeee!,Ilan Brenman,,"€12,56/un","€12,56/un"
Minecraft - Guia de Sobrevivência,Vários Autores,,"€14,36/un","€14,36/un"
A História da China,Michael Wood,,"€22,41/un","€22,41/un"
Panda - As Tuas Primeiras Palavras,Panda,,"€13,49/un","€13,49/un"
"365 Dias, 365 Piadas - Para Crianças Animadas",Vários Autores,,"€10,98/un","€10,98/un"
Anatomia de um Escândalo,Sarah Vaughan,,"€17,99/un","€17,99/un"
Manual de Magia Moderna,Keylah Missen,,"€14,85/un","€14,85/un"
Mal Me Quer,M. J. Arlidge,,"€16,91/un","€16,91/un"
O Cardeal,Nuno Nepomuceno,,"€17,55/un","€17,55/un"
LEGO Harry Potter,LEGO,,"€13,94/un","€13,94/un"
"Diário de Uma Miúda Como Tu Nº 7 - Sem Dramas, Please!",Maria Inês Almeida,,"€10,35/un","€10,35/un"
Gravity Falls - Novela Gráfica (volume 1),Disney,,"€17,91/un","€17,91/un"
Mil Momentos Perfeitos,Odisseias,1 un,"€69,90/un","€69,90/un"
LEGO Jurassic World - Visita Acidentada,LEGO,,"€10,43/un","€10,43/un"
Que Desperdício!,Dorling Kindersley,,"€13,41/un","€13,41/un"
Minnie e a Unicórnio Perdida,Vários Autores,,"€5,36/un","€5,36/un"
"Marcador Permanente de Tinta Rosa, Azul e Cinza",Newpen,3 un,"€5,99/un","€5,99/un"
LEGO Ninjago - Garmadon: de Bom a Mau,LEGO,,"€9,44/un","€9,44/un"
Aguarelas com Caneta Pincel,Note!,1 un,"€14,99/un","€14,99/un"
Os Quatro Ventos,Kristin Hannah,,"€16,92/un","€16,92/un"
As Doenças do Brasil,Valter Hugo Mãe,,"€15,93/un","€15,93/un"
Marcador Permanente Fino de Tinta Vermelha,Newpen,1 un,"€2,19/un","€2,19/un"
Quiz para Miúdos Curiosos,Júlio Alves,,"€14,31/un","€14,31/un"
Panda - Escreve e Apaga,Panda,,"€10,71/un","€10,71/un"
Panda e os Amigos,Panda,,"€13,41/un","€13,41/un"
Caderno Agrafado com Elástico A5 Quadriculado,Note!,1 un,"€5,99/un","€5,99/un"
Adolescentes,Margarida Gaspar de Matos,,"€13,95/un","€13,95/un"
Exame - Prova Final Português - 9º Ano,LeYa,,"€13,41/un","€13,41/un"
O Segredo do Faraó,Clive Cussler e Graham Brown,,"€15,93/un","€15,93/un"
Preparar os Testes - Francês - 9º Ano,Areal Editores,,"€13,41/un","€13,41/un"
Minecraft - A Viagem Até Ao Fim!,Sfe R. Monster,,"€13,46/un","€13,46/un"
Separados de Fresco,Ana Garcia Martins e David Cristina,,"€14,94/un","€14,94/un"
Fichas de Português - 4º Ano,Areal Editores,,"€6,93/un","€6,93/un"
Panda - As Primeiras Palavras,Panda,,"€13,95/un","€13,95/un"
Bloco de Cartolinas Coloridas A4,Ambar,1 un,"€5,79/un","€5,79/un"
Curso de Italiano para Preguiçosos,Editorial Presença,,"€11,61/un","€11,61/un"
Fugas com Jantar,Odisseias,1 un,"€74,90/un","€74,90/un"
A Era dos Dinossauros,Vários Autores,,"€12,59/un","€12,59/un"
3 Dias Refúgios Românticos,Odisseias,1 un,"€124,90/un","€124,90/un"
Panda - Este Livro Cheira a Bolacha!,Panda,,"€10,79/un","€10,79/un"
Como Vender Mais,Richard Shotton,,"€14,81/un","€14,81/un"
Comida Rápida e Deliciosa,Gordon Ramsay,,"€22,41/un","€22,41/un"
Aguarelas em Lápis,Staedtler,12 un,"€14,39/un","€14,39/un"
Retrato de Uma Espia,Daniel Silva,,"€15,93/un","€15,93/un"
O Dragão,Luísa Ducla Soares,,"€9,90/un","€9,90/un"
Sopeira,Joana Barrios,,"€15,29/un","€15,29/un"
Agora e Para Sempre,Jenny Han,,"€16,61/un","€16,61/un"
Casa,Gustavo Santos,,"€14,94/un","€14,94/un"
Tu Amas-me,Caroline Kepnes,,"€19,71/un","€19,71/un"
Divertidos Jogos de Família para Miúdos Desafiarem Graúdos,Vários Autores,,"€15,21/un","€15,21/un"
Capa com Elástico A4 Urban (várias cores),Oxford,1 un,"€4,99/un","€4,99/un"
O Panda é Fixe!,Panda,,"€12,59/un","€12,59/un"
Lady Whistledown Tem Algo a Dizer,"Julia Quinn, Suzanne Enoch, Karen Hawkins e Mia Ryan",,"€15,21/un","€15,21/un"
Disney Baby - 12 Livros de Cartão,Vários Autores,,"€11,66/un","€11,66/un"
O Enigma do Quarto 622,Joël Dicker,,"€20,66/un","€20,66/un"
Encontrei o Amor onde Menos Esperava,Fátima Lopes,,"€13,95/un","€13,95/un"
Dossier Protocolo A4 Lombada Estreita,Fegol,1 un,"€0,59/un","€0,59/un"
Fichas de avaliação - Inglês - 4º Ano,Vários Autores,,"€7,92/un","€7,92/un"
Becoming - A Minha História,Michelle Obama,,"€21,56/un","€21,56/un"
Os Maias,Eça de Queirós,,"€12,51/un","€12,51/un"
3 Mestres,"Dale Carnegie, Napoleon Hill e Joseph Murphy",,"€22,46/un","€22,46/un"
Guia Completo de Astrologia,Louise Edington,,"€16,19/un","€16,19/un"
Tradicional e Saudável,"João Rodrigues, Catarina Correia e Chef Rui Paula",,"€15,21/un","€15,21/un"
Recomeça,Sofia Castro Fernandes,,"€14,31/un","€14,31/un"
O Monstro que Veio do Gelo,David Walliams,,"€14,94/un","€14,94/un"
Um Casamento Conveniente,Tessa Dare,,"€15,71/un","€15,71/un"
O Lobo que Queria Ir à Escola,Orianne Lallemand,,"€11,69/un","€11,69/un"
Ruído,"Daniel Kahneman, Olivier Sibony e Cass R. Sunstein",,"€23,31/un","€23,31/un"
Conta-me Como Não Foi,Rui Cardoso,,"€15,21/un","€15,21/un"
Minecraft - O Fim,Catherynne M. Valente,,"€15,29/un","€15,29/un"
O Coaching Não Faz Milagres. Tu é que Fazes!,Vanda Pinheiro Lopes,,"€11,70/un","€11,70/un"
5 Histórias Para Ler Com a Mãe,Vários Autores,,"€8,91/un","€8,91/un"
Como Usar o Poder da Mente para Ultrapassar o Medo e a Ansiedade,Dr. Joseph Murphy,,"€13,95/un","€13,95/un"
Afia Dupla com Depósito e Borracha,Maped,1 un,"€4,49/un","€4,49/un"
As Delícias de Ella - Rápido & Fácil,Ella Mills,,"€19,71/un","€19,71/un"
Adivinha Quanto Eu Gosto de Ti,Sam McBratney,,"€11,61/un","€11,61/un"
As Naus de Verde Pinho,Manuel Alegre,,"€7,92/un","€7,92/un"
Cesto de Papéis Rosa,Note!,1 un,"€4,99/un","€4,99/un"
"Os Contos de Beedle, o Bardo",J. K. Rowling,,"€10,71/un","€10,71/un"
Hotéis de Sonho,Odisseias,1 un,"€99,90/un","€99,90/un"
Gestão - Tudo o Que Precisa de Saber,Stephen Soundering,,"€15,21/un","€15,21/un"
Verdade ou Consequência,M. J. Arlidge,,"€17,99/un","€17,99/un"
Enciclopédia dos Pequenotes - Planeta Terra,Jean-Michel Bragard,,"€10,71/un","€10,71/un"
Escape Room,Dr. Gareth Moore,,"€15,21/un","€15,21/un"
Sapiens - Os Pilares da Civilização (volume 2),Yuval Noah Harari e David Vandermeulen,,"€26,99/un","€26,99/un"
Calma - Técnicas Comprovadas Para Vencer a Ansiedade,Dra. Jill P. Weber,,"€14,99/un","€14,99/un"
TOP! Vou tirar 100% - 3º Ano,Porto Editora,,"€5,94/un","€5,94/un"
LEGO Harry Potter - Imprevistos Mágicos!,LEGO,,"€9,44/un","€9,44/un"
O Grande Livro da Linfa,Lisa Levitt Gainsley,,"€20,66/un","€20,66/un"
Harry Potter e a Pedra Filosofal - Edição Ilustrada (Livro 1),J. K. Rowling,,"€31,41/un","€31,41/un"
O Vício dos Livros,Afonso Cruz,,"€14,99/un","€14,99/un"
Pincéis Mini para Aguarela e Tempera,Talens,9 un,"€11,99/un","€11,99/un"
A Nossa Pele Arco-Íris,Manuela Molina Cruz,,"€12,51/un","€12,51/un"
Encontrar o Amor em Auschwitz,Francesca Paci,,"€14,93/un","€14,93/un"
Diário de uma Miúda Como Tu Nº 6 - Tique Taque Toque!,Maria Inês Almeida,,"€10,76/un","€10,76/un"
Caderno Agrafado Openflex Pastel A4 Pautado (várias cores),Oxford,1 un,"€4,79/un","€4,79/un"
"Por Favor, Não Leias Este Livro!",Deanna Kizis,,"€11,93/un","€11,93/un"
Um Refúgio para a Vida,Nicholas Sparks,,"€15,21/un","€15,21/un"
Ver Crescer - Árvore,Ana Oom,,"€9,89/un","€9,89/un"
Isabel de Aragão - Entre o Céu e o Inferno,Isabel Stilwell,,"€21,51/un","€21,51/un"
O Regresso da Duquesa,Sarah MacLean,,"€17,99/un","€17,99/un"
Histórias para Adormecer (volume 2),Disney,,"€15,21/un","€15,21/un"
"Etiquetas Adesivas 105x148,5mm",Fegol,400 un,"€12,49/un","€12,49/un"
Orgulho e Preconceito,Jane Austen,,"€13,95/un","€13,95/un"
Três Patinhos,Yoyo Studios,,"€8,99/un","€8,99/un"
Às Vezes os Milagres Acontecem,Brian Weiss e Amy E. Weiss,,"€14,94/un","€14,94/un"
O Diário das Emoções para Todos Lá em Casa,Catarina Raminhos e Ana Mota Veiga,,"€12,92/un","€12,92/un"
Roller Eye Fine de Tinta Preta,Uni-ball,1 un,"€2,79/un","€2,79/un"
Arsène Lupin Contra Herlock Sholmès,Maurice Leblanc,,"€13,95/un","€13,95/un"
O Senhor,E. L. James,,"€17,01/un","€17,01/un"
Três Contos de Andersen,Hans Christian Andersen,,"€3,15/un","€3,15/un"
Fichas de avaliação - 4º Ano,Vários Autores,,"€7,92/un","€7,92/un"
O Diário do Rowley - Um Miúdo Incrível Nº 1,Jeff Kinney,,"€15,29/un","€15,29/un"
Doce Tóquio,Durian Sukegawa,,"€12,51/un","€12,51/un"
Economisses,Susana Rosa,,"€15,71/un","€15,71/un"
Livros Com Carrossel 3D - Os Três Porquinhos,Elizabeth Golding,,"€11,61/un","€11,61/un"
LEGO Ninjago - Perseguido no Deserto,LEGO,,"€9,44/un","€9,44/un"
O Livro Sem Bonecos,B. J. Novak,,"€11,61/un","€11,61/un"
Um Longo Caminho em Auschwitz,Max Eisen,,"€15,71/un","€15,71/un"
Os Sonhos Não Têm Teto,David Carreira,,"€15,71/un","€15,71/un"
O Livro do Conforto,Matt Haig,,"€13,95/un","€13,95/un"
O Teu Minimalismo,Cláudia Ganhão,,"€15,71/un","€15,71/un"
Transforma os Teus Hábitos,Paulo Cordeiro,,"€13,41/un","€13,41/un"
O Oráculo dos Anjos,Ambika Wauters,,"€24,71/un","€24,71/un"
Livro Puzzle - Animais de Estimação,Agnese Baruzzi,,"€7,11/un","€7,11/un"
Espaço,Vários Autores,,"€14,36/un","€14,36/un"
Revisões para Todo o Ano Multidisciplinar - 6º Ano,Texto,,"€10,71/un","€10,71/un"
Enigmas e Mistérios da História de Portugal,Ricardo Raimundo,,"€14,31/un","€14,31/un"
O Meu Livro das Meditações,Meera Lester,,"€12,56/un","€12,56/un"
Aprende a Tabuada com o Bando das Cavernas,Nuno Caravela,,"€4,46/un","€4,46/un"
A Volta ao Mundo em 80 Dias,Júlio Verne,,"€13,46/un","€13,46/un"
Marcadores de Colorir de Tinta Pastel Fluorescente,Staedtler,6 un,"€13,49/un","€13,49/un"
O Pequeno Caminho das Grandes Perguntas,José Tolentino Mendonça,,"€14,94/un","€14,94/un"
A Dieta Pegan,Mark Hyman,,"€15,92/un","€15,92/un"
Livro Musical - O Livro da Pequena Bailarina,Vários Autores,,"€13,95/un","€13,95/un"
Resumos - História A - 11º Ano,Elementos,,"€8,96/un","€8,96/un"
O Estranhão Nº 14 - Toda a Verdade Sobre a Escola,Álvaro Magalhães,,"€12,96/un","€12,96/un"
Marcador Permanente Fino de Tinta Roxa,Newpen,1 un,"€2,19/un","€2,19/un"
Capa com Elásticos A4 Lombada Larga,Ancor,1 un,"€4,39/un","€4,39/un"
Como Resolver Conflitos e Lidar com Pessoas Difíceis,Dale Carnegie,,"€14,36/un","€14,36/un"
Por Amor,Nora Roberts,,"€17,91/un","€17,91/un"
Eu Não Dou Erros!,Porto Editora,,"€8,91/un","€8,91/un"
Nem Parece que Emagrece,Kate Allinson e Kay Featherstone,,"€17,91/un","€17,91/un"
O Poder dos Oito,Lynne McTaggart,,"€16,11/un","€16,11/un"
Emoções - O Zeca Está Feliz,Vários Autores,,"€4,99/un","€4,99/un"
O Meu Pé de Laranja Lima,José Mauro de Vasconcelos,,"€13,46/un","€13,46/un"
Uma Aventura no Fortnite Battle Royale - A Vitória,"Mathias Lavorel, Anne Kalicky e Saboten",,"€11,61/un","€11,61/un"
Depois do Crime,Rita Marrafa de Carvalho,,"€15,21/un","€15,21/un"
Casa Com Alma,Vanda Boavida,,"€13,41/un","€13,41/un"
Pasta de Fole com 8 Divisórias A4 (várias cores),Oxford,1 un,"€12,59/un","€12,59/un"
O Cérebro em Ação,David Eagleman,,"€15,21/un","€15,21/un"
Os Três Porquinhos,Denise Holmberg e Verónica Casas,,"€13,41/un","€13,41/un"
Piadas Ribeirinhas,Pedro Ribeiro,,"€10,35/un","€10,35/un"
A História Feliz do Meu Bebé,Vários Autores,,"€17,98/un","€17,98/un"
Os Sete Nº 1 - O Clube dos Sete,Enid Blyton,,"€7,97/un","€7,97/un"
O Meu Bebé É Único,Vários Autores,,"€17,99/un","€17,99/un"
Panda - Pinta com Pinta!,Panda,,"€9,89/un","€9,89/un"
Ao Pôr do Sol,Nora Roberts,,"€15,93/un","€15,93/un"
Bolsa Catálogo Transparente A3,Oxford,25 un,"€10,39/un","€10,39/un"
Cebola Crua com Sal e Broa,Miguel Sousa Tavares,,"€17,91/un","€17,91/un"
"Questões de Exame Resolvidas - Matemática A - 10º, 11º e 12º Ano",Elementos,,"€17,91/un","€17,91/un"
"Canal Panda - Olá, Riscas!",Panda,,"€7,11/un","€7,11/un"
Minecraft - Bases Épicas,Thomas McBrien,,"€17,51/un","€17,51/un"
Dicionário Académico Duplo Inglês-Português,Porto Editora,,"€13,41/un","€13,41/un"
A Alice Quer Crescer,Vários Autores,,"€5,36/un","€5,36/un"
Bloco de Jogos e Atividades 5-6 Anos,Porto Editora,,"€4,41/un","€4,41/un"
Pasta de Arquivo A4 Lombada Estreita Tecnocolours,Note!,1 un,"€2,49/un","€2,49/un"
Dicionário Básico Ilustrado da Língua Portuguesa,Porto Editora,,"€8,99/un","€8,99/un"
Aprendo Divertidamente - Dinossauros,Vários Autores,,"€7,97/un","€7,97/un"
Incógnito,David Eagleman,,"€15,21/un","€15,21/un"
Beco das Almas Perdidas,William Lindsay Gresham,,"€16,92/un","€16,92/un"
Reiki para o Corpo e a Mente,João Magalhães,,"€23,36/un","€23,36/un"
O Bando das Cavernas Heróis do Mundo Nº 6 - O Segredo do Totem! Os Apaches,Nuno Caravela,,"€12,56/un","€12,56/un"
Nothing More - A História de Landon (volume 1),Anna Todd,,"€15,21/un","€15,21/un"
O Rapaz Milionário,David Walliams,,"€14,94/un","€14,94/un"
Panda Brinca no Campo,Panda,,"€9,81/un","€9,81/un"
Os Novos Mitos Que Comemos,Pedro Carvalho,,"€15,93/un","€15,93/un"
Cell – O Médico do Futuro,Robin Cook,,"€16,92/un","€16,92/un"
Um Quarto Só Seu - Livro de Bolso,Virginia Woolf,,"€8,96/un","€8,96/un"
LEGO Harry Potter - Tudo a Postos Para a Magia!,LEGO,,"€9,44/un","€9,44/un"
Flores sobre o Inferno,Ilaria Tuti,,"€16,91/un","€16,91/un"
A Rapariga do Fim,Leslie Wolfe,,"€15,71/un","€15,71/un"
A Estranha Ordem das Coisas,António Damásio,,"€19,71/un","€19,71/un"
"Brilha, Brilha, Estrelinha!",Vários Autores,,"€8,91/un","€8,91/un"
Deixa-me Louca,Melanie Harlow,,"€15,92/un","€15,92/un"
"Micróbios, Micróbios e Mais Micróbios",Philip Bunting,,"€13,46/un","€13,46/un"
Um Amor Incondicional,Francine Rivers,,"€15,75/un","€15,75/un"
Odisseia,Homero,,"€12,51/un","€12,51/un"
Mademoiselle Chanel e o Perfume do Amor,Michelle Marly,,"€14,85/un","€14,85/un"
A Filha da Madrasta,Jennifer Donnelly,,"€15,93/un","€15,93/un"
Espreita - Perguntas e Respostas sobre o Mundo,Katie Daynes,,"€12,51/un","€12,51/un"
Gramática de Inglês - 7º ao 12º Ano,Texto,,"€11,66/un","€11,66/un"
Pincéis M para Aguarela e Tempera,Talens,3 un,"€5,49/un","€5,49/un"
Pensamentos de uma Mente Inquieta,Mariana Monteiro,,"€15,21/un","€15,21/un"
O Dinossauro,Manuela Bacelar,,"€9,81/un","€9,81/un"
A Boneca de Kokoschka,Afonso Cruz,,"€10,76/un","€10,76/un"
O Porquinho de Natal,J. K. Rowling,,"€16,11/un","€16,11/un"
Caixa Encantada de Princesas,Vários Autores,,"€11,61/un","€11,61/un"
Biografia do Silêncio - Breve Ensaio sobre Meditação,Pablo d'Ors,,"€13,95/un","€13,95/un"
Deus Fala Contigo Todos os Dias,Joyce Meyer,,"€15,93/un","€15,93/un"
Confia em Ti,Ralph Waldo Emerson,,"€9,90/un","€9,90/un"
Ready Player Two,Ernest Cline,,"€17,91/un","€17,91/un"
Livro Base da Macrobiótica,Sónia Dias,,"€16,61/un","€16,61/un"
Matadores,Hernâni Carvalho,,"€14,94/un","€14,94/un"
Start & Stop,José Soares,,"€14,94/un","€14,94/un"
A Denúncia,John Grisham,,"€8,10/un","€8,10/un"
Ilha das Memórias,Nora Roberts,,"€15,93/un","€15,93/un"
Vendas - Tudo o Que Precisa de Saber,Wendy Connick,,"€15,21/un","€15,21/un"
TOP! Escrevo Sem Erros - 1º e 2º Ano,Porto Editora,,"€6,93/un","€6,93/un"
Espreita - Perguntas e Respostas sobre o Teu Corpo,Katie Daynes,,"€12,51/un","€12,51/un"
Resumos de Clássicos - Memorial do Convento - 12º Ano,Sebenta,,"€6,93/un","€6,93/un"
A Rapariga que Ficou Para Trás,Charlie Donlea,,"€17,91/un","€17,91/un"
A Volta ao Mundo em 80 Dias,Júlio Verne,,"€12,51/un","€12,51/un"
Resumos - Memorial do Convento - 12º Ano,Vários Autores,,"€6,93/un","€6,93/un"
Preparar os Testes - Biologia e Geologia - 11º Ano,LeYa,,"€19,80/un","€19,80/un"
Minecraft - Mergulho no Escuro!,Nick Eliopulos,,"€10,94/un","€10,94/un"
Descobre os Animais da Quinta com o Panda,Panda,,"€11,69/un","€11,69/un"
The Stand - A Dança da Morte (volume 1),Stephen King,,"€19,98/un","€19,98/un"
Classificador com Ferragem A4 Lombada Estreita,Fegol,1 un,"€1,79/un","€1,79/un"
As Cores,Vários Autores,,"€4,94/un","€4,94/un"
Conjunto Didático de Pintura,Play-Doh,1 un,"€22,99/un","€22,99/un"
A Ascensão da Magia,Nora Roberts,,"€15,93/un","€15,93/un"
Corpo Humano - Livro com Lanternas,Moira Butterfield,,"€13,41/un","€13,41/un"
Sapiens - A Origem da Humanidade (volume 1),Yuval Noah Harari e David Vandermeulen,,"€26,99/un","€26,99/un"
3 Dias Hotéis de Sonho,Odisseias,1 un,"€179,90/un","€179,90/un"
Birras,Míriam Tirado,,"€17,51/un","€17,51/un"
O Poder das Leis Espirituais,Diana Cooper,,"€13,91/un","€13,91/un"
Animais! - 9 Livrinhos Para Mãos Pequeninas,Vários Autores,,"€9,89/un","€9,89/un"
Pincéis M para Óleo e Acrílico,Talens,3 un,"€4,99/un","€4,99/un"
Maddie - Basta de Mentiras!,Gonçalo Amaral,,"€15,93/un","€15,93/un"
A Gramática - Exercícios - 3º Ano,Porto Editora,,"€6,93/un","€6,93/un"
O Mercador de Livros,Luis Zueco,,"€19,80/un","€19,80/un"
Tu És Tão Fofo! - Gatinho,Yoyo Studios,,"€12,59/un","€12,59/un"
Anedotas para Crianças,Javier Serrano,,"€8,91/un","€8,91/un"
Cherub Nº 3 - Segurança Máxima,Robert Muchamore,,"€11,97/un","€11,97/un"
Vegan Para a Família,André Nogueira e Rita Parente,,"€17,09/un","€17,09/un"
O Principezinho,Louise Greig,,"€12,92/un","€12,92/un"
O Mundo da Inês Nº 10 - Como Sobreviver à Adolescência,Sara de Almeida Leite,,"€9,81/un","€9,81/un"
Desenha com Stencils - Os Dinossauros,Elizabeth Golding,,"€10,76/un","€10,76/un"
O Último Beijo,Mary Higgins Clark,,"€15,93/un","€15,93/un"
As Mais Belas Fábulas de La Fontaine,Stefania Leonardi Hartley,,"€11,97/un","€11,97/un"
Somos Todos Estranhos,António Raminhos,,"€14,94/un","€14,94/un"
Pasta de Arquivo A4 Lombada Larga Classic,Note!,1 un,"€2,99/un","€2,99/un"
Dicionário Básico Ilustrado da Língua Portuguesa,Porto Editora,,"€4,95/un","€4,95/un"
O Homem-Espelho,Lars Kepler,,"€17,99/un","€17,99/un"
Se Tem Sangue,Stephen King,,"€16,92/un","€16,92/un"
Vamos Brincar com a Minimoni,Rocio Bonilla,,"€11,61/un","€11,61/un"
Pode Curar o Seu Corpo,Louise L. Hay,,"€12,96/un","€12,96/un"
O Meu Diário Mágico,Amanda Enright,,"€11,93/un","€11,93/un"
Breves Respostas às Grandes Perguntas,Stephen Hawking,,"€16,16/un","€16,16/un"
As Maravilhas,Elena Medel,,"€13,41/un","€13,41/un"
"Olhar, Tocar, Sentir, Criar",Vários Autores,,"€10,71/un","€10,71/un"
Os Mini Cinco Nº 4 - Uma Tarde de Preguiça,Enid Blyton,,"€7,97/un","€7,97/un"
O Mundo da Carochinha - Fichas de Avaliação - 2º Ano,Gailivro,,"€8,01/un","€8,01/un"
A Herança de Uma Mulher,Danielle Steel,,"€14,94/un","€14,94/un"
Classificador com 2 Bolsas A4 Neon (várias cores),Note!,1 un,"€1,99/un","€1,99/un"
"100 Factos Chapinhantes Sobre o Mar, o Oceano e a Água",Yoyo Studios,,"€6,29/un","€6,29/un"
Ser Teen é Incrível! Rapariga,Sharie Coombes,,"€10,76/un","€10,76/un"
Momento Final,Robert Bryndza,,"€17,51/un","€17,51/un"
Tinta Acrílica ArtCreation Siena 75ml,Talens,1 un,"€3,29/un","€3,29/un"
Funny Cook - Os Miúdos Também Cozinham!,Mafalda Teixeira,,"€14,81/un","€14,81/un"
O Bando das Cavernas,Nuno Caravela,,"€13,46/un","€13,46/un"
Lápis de Cor Bruynzeel Expression,Bruynzeel,12 un,"€8,29/un","€8,29/un"
O Labirinto de Ossos,James Rollins,,"€9,00/un","€9,00/un"
2034,Elliot Ackerman e Almirante James Stavridis,,"€16,97/un","€16,97/un"
Álbum de Grandes Autocolantes - Cão,Yoyo Studios,,"€8,99/un","€8,99/un"
Cozinhar sem Desperdício,Teleculinária,,"€17,01/un","€17,01/un"
Vaticanum,José Rodrigues dos Santos,,"€19,80/un","€19,80/un"
Plim! Tudo certo nas Fichas de Avaliação - 4º Ano,Texto,,"€5,94/un","€5,94/un"
Ave Rara!,Rocio Bonilla,,"€11,61/un","€11,61/un"
Capa com Elástico A4 (várias cores),Oxford,1 un,"€5,99/un","€5,99/un"
O Guia Fácil de Wicca,Phyllis Curott,,"€16,61/un","€16,61/un"
Escavação,James Rollins,,"€16,92/un","€16,92/un"
Preparar os Testes - Geografia - 9º Ano,Areal Editores,,"€13,41/un","€13,41/un"
E Se? Os Monstrinhos da Dúvida,Emily Kilgore,,"€12,92/un","€12,92/un"
"Canal Panda - Hora do banho, Crocas!",Panda,,"€7,11/un","€7,11/un"
Luca - O Livro do Filme,Disney,,"€8,91/un","€8,91/un"
Resma de Papel de Impressão A4 500 Folhas 90g/m2,Navigator,1 un,"€34,45/un","€34,45/un"
Como se Fosse Um Romance,Mário Augusto,,"€15,93/un","€15,93/un"
Dominus,Tom Fox,,"€16,91/un","€16,91/un"
7 Ideias,Jamie Oliver,,"€24,75/un","€24,75/un"
Onde Está o Unicórnio?,"Paul Moran, Sophie Schrey, Simon Ecob, Jonny Mark e Wan",,"€10,71/un","€10,71/un"
TOP! Para tirar 100% - Perguntas e Respostas - 1º Ano,Porto Editora,,"€6,93/un","€6,93/un"
Acorde!,Fernando Paz,,"€17,01/un","€17,01/un"
Pintar Com Canetas Mágicas - Canguru,Yoyo Studios,,"€7,19/un","€7,19/un"
Preparar a Prova Aferição de Matemática e Ciências Naturais - 5º Ano,LeYa,,"€10,71/un","€10,71/un"
O Grande Livro dos Dragões,Federica Magrin,,"€13,49/un","€13,49/un"
Uma Aventura na Pousada Misteriosa,Ana Maria Magalhães e Isabel Alçada,,"€7,38/un","€7,38/un"
Caderno Agrafado com Elástico A6 Liso,Note!,1 un,"€4,99/un","€4,99/un"
A Minha Vida é Um Filme em Banda Desenhada - Antes de o Filme Começar,Paula Pimenta,,"€11,61/un","€11,61/un"
Um Momento Inesquecível,Nicholas Sparks,,"€14,31/un","€14,31/un"
Aprende a História de Portugal - 4º Ano,Fábula Educação,,"€3,59/un","€3,59/un"
Passo a Passo,Helena Sacadura Cabral,,"€15,26/un","€15,26/un"
Gravity Falls - Lendas Perdidas,Disney,,"€17,91/un","€17,91/un"
O Livro dos Animais,Vários Autores,,"€23,31/un","€23,31/un"
Queres ser meu Amigo?,Sam McBratney e Anita Jeram,,"€11,61/un","€11,61/un"
Plim! Aprendo e Pratico Frações - 2º Ano,Texto,,"€5,31/un","€5,31/un"
D. Teresa - Uma Mulher Que Não Abriu Mão do Poder,Isabel Stilwell,,"€19,80/un","€19,80/un"
Gravity Falls - Dipper e Mable e a Maldição do Tesouro dos Piratas do Tempo,Disney,,"€20,61/un","€20,61/un"
Vencer,Tim S. Grover e Shari Lesser Wenk,,"€16,16/un","€16,16/un"
Panda e os Caricas - As Histórias,Panda,,"€11,61/un","€11,61/un"
Dinossauros,Vários Autores,,"€9,81/un","€9,81/un"
A Libertação da Alma - O Oráculo,Michael A. Singer,,"€23,36/un","€23,36/un"
Amarra-me,J. Kenner,,"€17,51/un","€17,51/un"
"Ementa Planeada, Cozinha Organizada",Sónia Marcelo,,"€16,92/un","€16,92/un"
O Sem Pavor,António da Costa Neves,,"€15,93/un","€15,93/un"
Contos,Eça de Queirós,,"€7,92/un","€7,92/un"
O Bando das Cavernas Nº 4 - Códigos Secretos,Nuno Caravela,,"€10,76/un","€10,76/un"
Encontra-me em Itália,Elizabeth Adler,,"€20,25/un","€20,25/un"
A Gramática - Exercícios - 4º Ano,Porto Editora,,"€6,93/un","€6,93/un"
Dicionário Escolar Português-Francês/Francês-Português,Porto Editora,,"€8,91/un","€8,91/un"
Let's Rock! Inglês - 2º Ano,Porto Editora,,"€2,61/un","€2,61/un"
TOP! Casos de Leitura - 1º e 2º Ano,Porto Editora,,"€7,92/un","€7,92/un"
Herança,Danielle Steel,,"€14,94/un","€14,94/un"
Um Anjo Caído,Sarah MacLean,,"€17,99/un","€17,99/un"
Napoleão,Adam Zamoyski,,"€23,31/un","€23,31/un"
"Calma, Vai Correr Tudo Bem",Sofia Arruda,,"€14,99/un","€14,99/un"
Plim! Aprendo a Resolver Problemas - 2º Ano,Texto,,"€5,31/un","€5,31/un"
Nunca Resistir a um Duque,Madeline Hunter,,"€14,94/un","€14,94/un"
LEGO Disney Princesas,LEGO,,"€7,91/un","€7,91/un"
Monstros Fantásticos e Onde Encontrá-los (edição ilustrada),J. K. Rowling,,"€23,31/un","€23,31/un"
A Sabedoria do Reiki,João Magalhães,,"€24,71/un","€24,71/un"
Abc do Xadrez,Petar Trifunovic e Sava Vukovic,,"€11,61/un","€11,61/un"
Os (Mini) Sete Nº 6 - O Segredo do Velho Moinho!,Enid Blyton,,"€7,97/un","€7,97/un"
Contos e Lendas de Portugal e do Mundo,Isabel Ramalhete,,"€9,90/un","€9,90/un"
Serpente,Clive Cussler e Paul Kemprecos,,"€15,93/un","€15,93/un"
Caras Felizes do Jardim - Ouriço,Hemma,,"€4,41/un","€4,41/un"
Panda - Pede um desejo!,Panda,,"€5,39/un","€5,39/un"
Minecraft - O Monumento do Oceano,Sfe R. Monster,,"€13,46/un","€13,46/un"
Unicórnios e Amigos,Phidal,,"€17,91/un","€17,91/un"
Uma Escolha Por Amor,Nicholas Sparks,,"€15,21/un","€15,21/un"
Crime Num Quarto Fechado,Hans Olav Lahlum,,"€12,51/un","€12,51/un"
A Cidade de Vapor,Carlos Ruiz Zafón,,"€16,65/un","€16,65/un"
Meio dia em Spa de Luxo,Odisseias,1 un,"€69,90/un","€69,90/un"
Tens 101 Transportes Neste Livro,Vários Autores,,"€8,91/un","€8,91/un"
A Última Mulher da Família Moon,Barbara Davis,,"€16,92/un","€16,92/un"
A Violinista de Auschwitz,Ellie Midwood,,"€17,51/un","€17,51/un"
TOP! Anedotas e Adivinhas,Vários Autores,,"€9,81/un","€9,81/un"
Amizade,Helen Mortimer,,"€7,61/un","€7,61/un"
Bem-Estar Emocional,Osho,,"€14,94/un","€14,94/un"
Unicórnios - Livro de Atividades,Vários Autores,,"€8,91/un","€8,91/un"
Separador 10 Divisórias A4 Cartão,Ambar,1 un,"€2,29/un","€2,29/un"
Testes? Estou Preparado! - Português - 5º Ano,Porto Editora,,"€12,51/un","€12,51/un"
Luca - Verão Inesquecível,Disney,,"€6,26/un","€6,26/un"
Princesas Secretas - Surpresa no Casamento,Rosie Banks,,"€8,91/un","€8,91/un"
Escreve e Apaga - O Meu Dia,Vários Autores,,"€8,91/un","€8,91/un"
O Livro das Minhas Emoções - O Amor,Stéphanie Couturier e Maureen Poignonec,,"€6,21/un","€6,21/un"
As Gémeas Nº 15 - Uma Aluna Misteriosa em Santa Clara,Enid Blyton,,"€8,91/un","€8,91/un"
Os Animais da Savana,Vários Autores,,"€5,94/un","€5,94/un"
Já Fizeste os TPC? - 3º Ano,Areal Editores,,"€7,92/un","€7,92/un"
Ases da Matemática - 6º Ano,Porto Editora,,"€11,61/un","€11,61/un"
Bloco Papel Vegetal A3,Ambar,1 un,"€13,99/un","€13,99/un"
O Livro da Arte,Vários Autores,,"€26,91/un","€26,91/un"
Os Três Mosqueteiros,Alexandre Dumas,,"€12,51/un","€12,51/un"
Escrito na Água,Paula Hawkins,,"€20,66/un","€20,66/un"
A Ilha,Victoria Hislop,,"€16,92/un","€16,92/un"
Resumos - Biologia - 12º Ano,Vários Autores,,"€8,96/un","€8,96/un"
O Planeta Branco,Miguel Sousa Tavares,,"€11,97/un","€11,97/un"
Fabíolo,Mário Zambujal,,"€12,60/un","€12,60/un"
A Menina e o Dinossauro,Hollie Hughes e Sarah Massini,,"€12,51/un","€12,51/un"
A Rapariga que Viveu Duas Vezes,David Lagercrantz,,"€18,81/un","€18,81/un"
Aprende Estudo do Meio - 1º ao 4º Ano,Fábula Educação,,"€3,59/un","€3,59/un"
Um Crime Anunciado,Jude Deveraux,,"€15,21/un","€15,21/un"
Onde Está o Bolinha?,Eric Hill,,"€10,71/un","€10,71/un"
ELFI - Educação Pré-Escolar 4-5 Anos,Porto Editora,,"€8,91/un","€8,91/un"
O Rapaz da Fotografia,Nicole Trope,,"€15,21/un","€15,21/un"
Diário de uma Totó Nº 2,Rachel Renée Russell,,"€13,05/un","€13,05/un"
Boa Nota! Preparação para os Testes - 7º Ano (volume 2),Asa,,"€10,80/un","€10,80/un"
Panda - Tic Tac Vamos Aprender as Horas!,Panda,,"€15,29/un","€15,29/un"
A Cura com os Anjos,Doreen Virtue,,"€15,29/un","€15,29/un"
O Bando das Cavernas Nº 22 - A Lenda dos Píxeis,Nuno Caravela,,"€10,76/un","€10,76/un"
"O Estranhão Nº 4 - Socorro, a Minha Mãe Está Avariada!",Álvaro Magalhães,,"€12,96/un","€12,96/un"
Cartas Picantes,Vi Keeland e Penelope Ward,,"€16,97/un","€16,97/un"
Dinossauros - Companheiros Pré-Históricos,Vários Autores,,"€9,81/un","€9,81/un"
"Fantoche de Dedo - Olá, Ovelha!",Vários Autores,,"€4,95/un","€4,95/un"
Citações e Pensamentos de José Saramago,Paulo Neves da Silva,,"€13,95/un","€13,95/un"
Se Pudesses Escolher um Destino…,Paige Toon,,"€15,48/un","€15,48/un"
Tempo de Clemência,John Grisham,,"€16,92/un","€16,92/un"
Se Algum Dia Vieres à Terra,Sophie Blackall,,"€15,92/un","€15,92/un"
Gambito de Dama,Walter Tevis,,"€17,51/un","€17,51/un"
Uma Estrela na Noite,Kristin Hannah,,"€15,93/un","€15,93/un"
Tintin no País dos Sovietes,Hergé,,"€15,75/un","€15,75/un"
Às Cegas,Josh Malerman,,"€16,91/un","€16,91/un"
Princesas Secretas - Ginástica Mágica,Rosie Banks,,"€8,91/un","€8,91/un"
Os Iniciados do Fogo,Manly P. Hall,,"€11,21/un","€11,21/un"
Boa Nota! Preparação para os Testes - 6º Ano,Asa,,"€11,25/un","€11,25/un"
Cartolina Cereja 50x65cm,Albano,1 un,"€0,79/un","€0,79/un"
Autocolantes-Balão: Unicórnios,Stuart Lynch,,"€8,91/un","€8,91/un"
101 Experiências Científicas Fixes,Glen Singleton,,"€12,51/un","€12,51/un"
Covid 19 - Relato de um Sobrevivente,Daniel Sampaio,,"€11,61/un","€11,61/un"
Meditação e Yoga,Barbara Guevara,,"€16,11/un","€16,11/un"
Os Unicórnios Coloridos,Vários Autores,,"€11,61/un","€11,61/un"
Atividades com Autocolantes - Brinca com os Unicórnios,Vários Autores,,"€11,61/un","€11,61/un"
Sinal de GPS Perdido,Gonçalo Cadilhe,,"€14,85/un","€14,85/un"
Coisas Que Eu Sei,Maria de Lourdes Modesto,,"€19,71/un","€19,71/un"
Unicórnios Divertidos,Vários Autores,,"€11,97/un","€11,97/un"
Gomas de Janela - Unicórnios,Vários Autores,,"€8,99/un","€8,99/un"
Ursito Tito - No Quartel dos Bombeiros,Benji Davies,,"€8,01/un","€8,01/un"
Caras Felizes da Floresta - Ursinho,Hemma,,"€4,41/un","€4,41/un"
Aprende Inglês - 3º e 4º Ano,Fábula Educação,,"€3,59/un","€3,59/un"
A Noite Está a Chegar,Robert Bryndza,,"€15,71/un","€15,71/un"
A Rapariga no Comboio,Paula Hawkins,,"€20,66/un","€20,66/un"
Presos por um Fio - Portugal e as FP-25 de Abril,Nuno Gonçalo Poças,,"€15,21/un","€15,21/un"
A Última Casa em Needless Street,Catriona Ward,,"€15,97/un","€15,97/un"
Equador,Miguel Sousa Tavares,,"€21,96/un","€21,96/un"
D. Maria I,Isabel Stilwell,,"€22,41/un","€22,41/un"
Futebol - Livro Com Peças Destacáveis Para Brincar!,Vários Autores,,"€14,31/un","€14,31/un"
Uma Hora de Vida,M. J. Arlidge,,"€18,86/un","€18,86/un"
O Rowley Apresenta - Uma Aventura Supimpa Nº 2,Jeff Kinney,,"€15,29/un","€15,29/un"
Manual do Amor,Cláudia Morais,,"€13,95/un","€13,95/un"
Livro de Treino - Caligrafia - 1º Ano,Fábula Educação,,"€6,98/un","€6,98/un"
Panda - Segue e Aprende! 123,Panda,,"€10,79/un","€10,79/un"
A Quinta dos Animais,George Orwell,,"€16,20/un","€16,20/un"
Jardim Zoológico – Vamos Visitar!,Dorling Kindersley,,"€8,55/un","€8,55/un"
Lendas Tradicionais Portuguesas,Vários Autores,,"€9,90/un","€9,90/un"
Toy Story 4 - História para Colorir,Vários Autores,,"€3,96/un","€3,96/un"
Pequenos Grandes Amigos - Dinossauro,Vários Autores,,"€7,65/un","€7,65/un"
O Mundo da Inês Nº 3 - Aos 13 Tudo Se Complica,Sara de Almeida Leite,,"€9,81/un","€9,81/un"
O Meu Jardim Zoológico,Vários Autores,,"€16,91/un","€16,91/un"
O Lobo que Tinha um Novo Amigo,Orianne Lallemand,,"€11,69/un","€11,69/un"
Os Cinco Nº 1 - Os Cinco Na Ilha do Tesouro,Enid Blyton,,"€8,91/un","€8,91/un"
Testes? Estou Preparado! - Inglês - 5º Ano,Porto Editora,,"€12,51/un","€12,51/un"
"Elementar, Meu Caro Stilton!",Geronimo Stilton,,"€9,81/un","€9,81/un"
Teste a Sua Personalidade,Haulwen Nicholas,,"€13,95/un","€13,95/un"
"Até Sempre, Meu Amor",Lesley Pearse,,"€17,01/un","€17,01/un"
O Bando das Cavernas Nº 9 - Viagem no Tempo,Nuno Caravela,,"€10,76/un","€10,76/un"
Oração - Um Diálogo com Deus,Papa Francisco,,"€13,46/un","€13,46/un"
Contos de Perrault,Charles Perrault,,"€7,92/un","€7,92/un"
Isabel II - A Biografia,Marc Roche,,"€15,21/un","€15,21/un"
Caligrafia e Ortografia - 1º Ano,Gailivro,,"€6,21/un","€6,21/un"
Constrói o Teu Livro Pop-up! - Unicórnios,Elizabeth Golding,,"€8,45/un","€8,45/un"
Emoções - O Zeca Está Com Medo,Vários Autores,,"€4,99/un","€4,99/un"
Espreita - Perguntas e Respostas sobre o Espaço,Katie Daynes,,"€12,51/un","€12,51/un"
Plim! Caderno de Apoio ao Estudo - Matemática - 3º Ano,Texto,,"€5,31/un","€5,31/un"
Filhos à Venda,Kristina McMorris,,"€18,89/un","€18,89/un"
"Dos Lápis, Com Muito Amor",Drew Daywalt,,"€12,51/un","€12,51/un"
"100 Anos, 100 Nomes, 100 Momentos",Nuno Madureira e Berta Rodrigues,,"€26,96/un","€26,96/un"
Malas de Atividades - Princesas,Vários Autores,,"€12,51/un","€12,51/un"
Traição,Danielle Steel,,"€14,94/un","€14,94/un"
Tira-Dúvidas Multidisciplinar - 5º Ano,Asa,,"€8,01/un","€8,01/un"
Koiza,David Walliams,,"€14,94/un","€14,94/un"
Livro do Bacalhau,Teleculinária,,"€17,01/un","€17,01/un"
Domínio,Tom Holland,,"€28,79/un","€28,79/un"
Simão - Vem Aí a Pré-Escola! Caderno de Férias 4-5 Anos,Vários autores,,"€8,96/un","€8,96/un"
"Meninos Pequenos, Grandes Sonhos",Maria Isabel Sánchez Vegara,,"€6,71/un","€6,71/un"
A Cura Espontânea da Crença,Gregg Braden,,"€13,95/un","€13,95/un"
As Marias,António Raminhos,,"€13,95/un","€13,95/un"
Os Lobos que Vieram para Jantar,Steve Smallman,,"€11,16/un","€11,16/un"
Ressurrecta,Vic Echegoyen,,"€21,02/un","€21,02/un"
Hora de Dormir na Quinta,Make Believe Ideas,,"€5,85/un","€5,85/un"
Escreve e Apaga - Controlo da Caneta,Kimberley Scott e Hannah Wood,,"€8,91/un","€8,91/un"
50 Coisas que Aprendi com a Minha Mulher,Pedro Ribeiro,,"€10,80/un","€10,80/un"
As Minhas Escolhas,Helena Sacadura Cabral,,"€9,90/un","€9,90/un"
Escreve e Apaga - Aprende Com os Animais Mágicos,Vários Autores,,"€11,61/un","€11,61/un"
A Rapariga da Rosa,Leslie Wolfe,,"€15,71/un","€15,71/un"
Os Livros do Todd - Hora de Dormir!,Todd Parr,,"€11,69/un","€11,69/un"
O Paciente,Jasper Dewitt,,"€14,99/un","€14,99/un"
Klara e o Sol,Kazuo Ishiguro,,"€15,75/un","€15,75/un"
O Dicionário dos Sabores,Niki Segnit,,"€17,01/un","€17,01/un"
Masha e o Urso - A Masha Está Zangada,Vários Autores,,"€7,61/un","€7,61/un"
Corações em Silêncio,Nicholas Sparks,,"€15,21/un","€15,21/un"
Os Meus 100 Primeiros Números,Vários Autores,,"€10,71/un","€10,71/un"
Emoções - O Zeca Está Triste,Vários Autores,,"€4,99/un","€4,99/un"
Pasta de Arquivo A4 Lombada Estreita,Note!,1 un,"€4,69/un","€4,69/un"
Silverview,John le Carré,,"€15,21/un","€15,21/un"
Resumos - Os Lusíadas - 10º Ano,Sebenta,,"€6,93/un","€6,93/un"
Hotéis de Sonho com Jantar,Odisseias,1 un,"€149,90/un","€149,90/un"
A Magia do Agora,Kankyo Tannier,,"€15,71/un","€15,71/un"
Trabalho - Uma História de Como Utilizamos o Nosso Tempo,James Suzman,,"€17,91/un","€17,91/un"
20 Regras de Ouro para Educar Filhos e Alunos,Augusto Cury,,"€13,95/un","€13,95/un"
Diário de uma Totó Nº 4 1/2,Rachel Renée Russell,,"€10,71/un","€10,71/un"
Separador 12 Divisórias A4 Polipropileno,Esselte,1 un,"€3,19/un","€3,19/un"
O Navio Fantasma,Clive Cussler e Graham Brown,,"€15,93/un","€15,93/un"
Não Quero Fraldas,Miriam Gonçalves,,"€14,36/un","€14,36/un"
Os Números,Disney Baby,,"€7,11/un","€7,11/un"
Limpeza Cerebral,"David Perlmutter, Austin Perlmutter e Kristin Loberg",,"€15,21/un","€15,21/un"
Fichas de Português - 1º Ano,António Marcelino e Ricardo Antunes,,"€7,92/un","€7,92/un"
LEGO Harry Potter,LEGO,,"€12,59/un","€12,59/un"
Grandes Jogadores,Javier Serrano,,"€12,51/un","€12,51/un"
O Bando Das Cavernas Heróis Do Mundo Nº 8 - O Planeta Desconhecido!,Nuno Caravela,,"€12,56/un","€12,56/un"
Brush Up Your Grammar - 5º e 6º Ano,Porto Editora,,"€17,91/un","€17,91/un"
A Terrível Tia Alberta,David Walliams,,"€14,94/un","€14,94/un"
Princesas Secretas - Sonho de Ballet,Rosie Banks,,"€8,91/un","€8,91/un"
Longa Pétala de Mar,Isabel Allende,,"€16,92/un","€16,92/un"
As Duas Torres,J. R. R. Tolkien,,"€21,51/un","€21,51/un"
Gravity Falls - Contos do Estranho e Inexplicável,Disney,,"€17,91/un","€17,91/un"
O Amante Japonês,Isabel Allende,,"€15,93/un","€15,93/un"
Aviões - Vamos Brincar!,Vários Autores,,"€9,81/un","€9,81/un"
Herdeira em Seda Vermelha,Madeline Hunter,,"€15,93/un","€15,93/un"
Reiki - É Simples,João Magalhães,,"€23,36/un","€23,36/un"
Sr. Pivete,David Walliams,,"€14,94/un","€14,94/un"
Livro Pop-Up Animais,Vários Autores,,"€11,66/un","€11,66/un"
Obrigado - Uma História de Vizinhos,Rocio Bonilla,,"€11,61/un","€11,61/un"
Investimento - Tudo o que Precisa de Saber,Michele Cagan,,"€15,21/un","€15,21/un"
Mulheres que Não Perdoam,Camilla Läckberg,,"€15,71/un","€15,71/un"
Escreve e Apaga - Primeiras Letras,Claire Ever,,"€8,91/un","€8,91/un"
Boa Nota! Preparação para os Testes - 7º Ano (volume 1),Asa,,"€10,80/un","€10,80/un"
Panda - Panda Brinca na Praia,Panda,,"€9,81/un","€9,81/un"
Mindfulness Essencial,Padraig O'Morain,,"€12,59/un","€12,59/un"
Elon Musk - O Homem de Ferro,Jessica Easto,,"€13,46/un","€13,46/un"
O Mundo da Inês Nº 9 - Medos Não Há Quem Não Tenha,Sara de Almeida Leite,,"€9,81/un","€9,81/un"
Bolachas & Biscoitos,Teleculinária,,"€17,01/un","€17,01/un"
Princesas Secretas - Resgate Animal,Rosie Banks,,"€8,91/un","€8,91/un"
Frozen 2 - O Novo Ajudante da Biblioteca,Disney,,"€6,26/un","€6,26/un"
Desafia-te - Caderno de Escrita Criativa - 1º Ano,Fábula Educação,,"€5,93/un","€5,93/un"
Daqui a Nada - Edição 30 Anos,Rodrigo Guedes de Carvalho,,"€13,41/un","€13,41/un"
Pasta de Arquivo A4 Lombada Larga,Note!,1 un,"€5,19/un","€5,19/un"
Filipa de Lencastre,Isabel Stilwell,,"€18,90/un","€18,90/un"
Não Faz Mal Sentires-Te Mal,Dra. Tina Rae,,"€12,56/un","€12,56/un"
O Mundo Encantado das Princesas - Mala de Atividades,Vários Autores,,"€12,51/un","€12,51/un"
Tomás Nevinson,Javier Marías,,"€22,41/un","€22,41/un"
A Tentação do Casamento,Mary Balogh,,"€15,21/un","€15,21/un"
Vencedores,Danielle Steel,,"€14,94/un","€14,94/un"
Levanta as Abas - Dinossauros,Vários Autores,,"€11,61/un","€11,61/un"
Pinguins - 5-7 Anos,Yoyo Studios,,"€4,49/un","€4,49/un"
As Crónicas,António Lobo Antunes,,"€22,41/un","€22,41/un"
Decobre a Tua Magia,Kobi Yamada,,"€13,49/un","€13,49/un"
A Incrível História de António Salazar,Marco Ferrari,,"€15,71/un","€15,71/un"
A História da Filosofia,Will Durant,,"€21,96/un","€21,96/un"
Poderosa Autoestima,José Miguel Gaona,,"€17,01/un","€17,01/un"
5 Minutos - Histórias para Adormecer,Anna Lang,,"€15,21/un","€15,21/un"
O Caminho do Monge,Gaur Gopal Das,,"€13,46/un","€13,46/un"
O Meu Livro de Cheiros e Cores,Vários Autores,,"€11,61/un","€11,61/un"
Uma Noite para se Render,Tessa Dare,,"€14,93/un","€14,93/un"
Turning Red - Estranhamente Vermelho - Narrativa Juvenil,Vários Autores,,"€8,91/un","€8,91/un"
Trincas - Cores,Emma Yarlett,,"€9,81/un","€9,81/un"
O Rapaz de Buchenwald,Robbie Waisman e Susan McClelland,,"€15,93/un","€15,93/un"
Alzheimer - A Verdade Sobre a Doença Do Século,Bruno Dubois,,"€15,30/un","€15,30/un"
Emoções - O Zeca Está Divertido,Vários Autores,,"€4,99/un","€4,99/un"
Uma Lady Escandalosa,Sarah MacLean,,"€16,91/un","€16,91/un"
Plim! Exercícios de Gramática - 3º Ano,Texto,,"€6,93/un","€6,93/un"
A Maldição dos Dain,Dashiell Hammett,,"€7,92/un","€7,92/un"
Primeira Pessoa do Singular,Haruki Murakami,,"€17,01/un","€17,01/un"
100 Experiências Inesquecíveis em Portugal,Joke Langens e Dirk Timmerman,,"€14,31/un","€14,31/un"
O Livro de Receitas das Gémeas,Patrícia Frutado,,"€13,41/un","€13,41/un"
Há um Dinossauro no Meu Labirinto!,Vários Autores,,"€10,71/un","€10,71/un"
LEGO Harry Potter - Aventuras Mágicas e Oficiais,LEGO,,"€11,69/un","€11,69/un"
Falling - Em Queda,T. J. Newman,,"€15,21/un","€15,21/un"
Homicídio Invisível,Agnete Friis e Lene Kaaberbøl,,"€18,89/un","€18,89/un"
O Livro dos Dois Caminhos,Jodi Picoult,,"€19,71/un","€19,71/un"
Frozen 2 - A Visita Real,Vários Autores,,"€6,26/un","€6,26/un"
LEGO Harry Potter - Livro Mágico Procura e Encontra,LEGO,,"€11,69/un","€11,69/un"
Super Vamos Colorir - Urso,Yoyo Studios,,"€6,74/un","€6,74/un"
O Delírio Nazi,Heather Pringle,,"€19,71/un","€19,71/un"
Alma e os Mistérios da Vida,Luísa Castel-Branco,,"€14,94/un","€14,94/un"
Resumos - Filosofia - 11º Ano,Ideias de Ler,,"€8,96/un","€8,96/un"
A Expansão Portuguesa,Luís Filipe F. R. Thomaz,,"€18,00/un","€18,00/un"
Festa de Família,Sveva Casati Modignani,,"€15,93/un","€15,93/un"
Perto do Paraíso,Judith McNaught,,"€15,93/un","€15,93/un"
Gosto de Ti,Antti Ervasti e Matti Pikkujämsä,,"€13,95/un","€13,95/un"
Ser Teen é Incrível! Rapaz,Sharie Coombes,,"€10,76/un","€10,76/un"
A Beleza de Viver Duas Vezes,Sharon Stone,,"€16,20/un","€16,20/un"
A Rainha e a Bastarda,Patrícia Müller,,"€15,93/un","€15,93/un"
O Casamento do Meu Tio,Sarah S. Brannen,,"€12,59/un","€12,59/un"
Hegemonia - 7 Duelos Pelo Poder Global,Jaime Nogueira Pinto,,"€17,91/un","€17,91/un"
A Equação Divina,Michio Kaku,,"€14,94/un","€14,94/un"
O Dragão que Não Gostava de Fogo,Gemma Merino,,"€10,98/un","€10,98/un"
O Mundo Assustador dos Dinossauros,Pat Jacobs,,"€14,31/un","€14,31/un"
O Estranhão Nº 12 - Olha Quem Veio Para o Jantar!,Álvaro Magalhães,,"€12,96/un","€12,96/un"
Semana a Silabar - 1º ao 4º Ano,Fábula Educação,,"€9,41/un","€9,41/un"
Enciclopédia dos Pequenotes - Animais,Sylvie Bezuel,,"€10,71/un","€10,71/un"
"Gramática Prática de Português - 7º, 8º e 9º Ano",Porto Editora,,"€13,41/un","€13,41/un"
Grande Turismo,João Pedro Vala,,"€13,95/un","€13,95/un"
O Grande Campeonato de Futebol,Geronimo Stilton,,"€9,81/un","€9,81/un"
O Bando das Cavernas Nº 7 - A Lua é um Queijo,Nuno Caravela,,"€10,76/un","€10,76/un"
Filosofia do Reiki,Sara Cardoso,,"€9,81/un","€9,81/un"
O Sangue dos Inocentes,Julia Navarro,,"€17,91/un","€17,91/un"
Os (Mini) Sete Nº 1 - Uma Aventura a Caminho de Casa,Enid Blyton,,"€7,97/un","€7,97/un"
Aprende os Verbos - 1º ao 4º Ano,Fábula Educação,,"€3,59/un","€3,59/un"
Bolos da Avó,Teleculinária,,"€20,61/un","€20,61/un"
O Bando das Cavernas - Mega Enciclopedra,Nuno Caravela,,"€14,36/un","€14,36/un"
The Shining,Stephen King,,"€17,91/un","€17,91/un"
Diário de uma Totó Nº 4,Rachel Renée Russell,,"€13,05/un","€13,05/un"
Agora Já Sei Apertar os Atacadores,Vários Autores,,"€9,86/un","€9,86/un"
Palavras Viajantes - Primeiras Palavras,Vários Autores,,"€6,98/un","€6,98/un"
ESCREVE E APAGA'LETRAS MAIUSCULAS'$G17,JACARANDA,,"€8,91/un","€8,91/un"
Arsène Lupin - A Agulha Oca,Maurice Leblanc,,"€14,94/un","€14,94/un"
Bora Lá - História para Colorir,Vários Autores,,"€3,96/un","€3,96/un"
O Meu Carro dos Bombeiros,Vários Autores,,"€10,71/un","€10,71/un"
Preparar os Testes - Matemática - 8º Ano,Areal Editores,,"€13,41/un","€13,41/un"
Guia das Super Raparigas,Aurore Meyer,,"€14,85/un","€14,85/un"
História de Portugal à La Carte,António Botto Quintans,,"€9,90/un","€9,90/un"
Reiki - Guia para uma Vida Feliz,João Magalhães,,"€23,36/un","€23,36/un"
Quarteto de Havana (volume 2),Leonardo Padura,,"€16,92/un","€16,92/un"
Saúde Feminina,Diana Patrício,,"€14,94/un","€14,94/un"
A Madrugada em Birkenau,Simone Veil,,"€14,94/un","€14,94/un"
O Pequeno Livro do Estoicismo,Jonas Salzgeber,,"€15,21/un","€15,21/un"
Panda - Aprendo a Vestir-me!,Panda,,"€13,49/un","€13,49/un"
As Minhas 100 Primeiras Palavras,Vários Autores,,"€10,71/un","€10,71/un"
As Mais Belas Histórias Para os Mais Pequenos,Vários Autores,,"€13,41/un","€13,41/un"
TOP! Minigramática - 1º Ciclo,Porto Editora,,"€2,61/un","€2,61/un"
Segredos Femininos,Izabel de Paula,,"€15,93/un","€15,93/un"
O Mundo da Inês Nº 2 - Adolescente em Apuros,Sara de Almeida Leite,,"€9,81/un","€9,81/un"
A Minha História de Portugal,Elisabete Jesus e Eliseu Alves,,"€15,93/un","€15,93/un"
Os Mega B.A.Y.T.E.S. - A ameaça,Sara de Almeida Leite,,"€9,81/un","€9,81/un"
A Hora do Vampiro Salem's Lot,Stephen King,,"€17,91/un","€17,91/un"
A Sabedoria do Intestino,Sónia Gingado,,"€14,85/un","€14,85/un"
O Último Xeque-Mate,Gabriella Saab,,"€17,91/un","€17,91/un"
O Último dos Moicanos,James F. Cooper e Marc Bourgne,,"€12,51/un","€12,51/un"
Jantar de Chef a Dois,Odisseias,1 un,"€49,90/un","€49,90/un"
"Principezinho, Um Guia para a Vida",Stéphane Garnier e Stéphane Bern,,"€13,41/un","€13,41/un"
Os Meus Cinco Minutos Mágicos,Kristen Helmstetter,,"€13,41/un","€13,41/un"
TOP! Aprendo...as Frações - 1º ao 4º Ano,Porto Editora,,"€6,93/un","€6,93/un"
Os (Mini) Sete Nº 2 - A Aventura do Rebuçado,Enid Blyton,,"€7,97/un","€7,97/un"
Contos Arrepiantes da História de Portugal - Descobrimentos Desgraçados,Rui Correia e António F. Nabais,,"€12,56/un","€12,56/un"
Fichas de Português - 2º Ano,Areal Editores,,"€7,92/un","€7,92/un"
A Filha do General,Nelson DeMille,,"€17,91/un","€17,91/un"
O Sal da Vida,Helena Sacadura Cabral,,"€14,40/un","€14,40/un"
Jogos de Animais,Vários Autores,,"€12,51/un","€12,51/un"
A Magia dos Unicórnios,Vários Autores,,"€9,81/un","€9,81/un"
Vou Tirar 100% - 6º Ano,Porto Editora,,"€10,71/un","€10,71/un"
Cherub Nº 4 - O Golpe,Robert Muchamore,,"€11,97/un","€11,97/un"
Disney Baby - Os Animais,Disney,,"€7,11/un","€7,11/un"
Movidos a Fibra,Dr. Will Bulsiewicz,,"€19,76/un","€19,76/un"
Aprende as Cores e as Formas,Vários Autores,,"€13,95/un","€13,95/un"
As Melhores Crónicas de Amor,Miguel Esteves Cardoso,,"€14,94/un","€14,94/un"
Unicórnios Portugueses,Ana Pimentel,,"€14,31/un","€14,31/un"
Pintar com os Dedos - Cães e Gatos,Vários Autores,,"€12,51/un","€12,51/un"
Jogo Final,Daniel Cole,,"€17,96/un","€17,96/un"
Karma e o Caminho para a Felicidade,Cristina Candeias,,"€11,61/un","€11,61/un"
Génio em 60 Segundos - Ciência,Jon Richards,,"€17,01/un","€17,01/un"
Rápido Quiz para Pré-escolares +5 Anos,Yoyo Studios,,"€4,49/un","€4,49/un"
Por Dentro da Geografia de Portugal,Vários Autores,,"€6,99/un","€6,99/un"
Amores Imperfeitos,Helena Sacadura Cabral,,"€14,85/un","€14,85/un"
Tico - Pasta de Avaliação - 1º Ano,Gailivro,,"€9,90/un","€9,90/un"
Cherub Nº 14 - O Anjo da Guarda,Robert Muchamore,,"€11,97/un","€11,97/un"
Pincéis L para Óleo e Acrílico,Talens,3 un,"€6,49/un","€6,49/un"
Porta Revista Amarelo,Note!,1 un,"€3,99/un","€3,99/un"
Isabel de Aragão - Entre o Céu e o Inferno,Isabel Stilwell,,"€19,80/un","€19,80/un"
O Caminho das Fadas,Ava Corrigan,,"€13,41/un","€13,41/un"
O Bando das Cavernas Heróis do Mundo Nº 3 - O Outro Lado do Mar!,Nuno Caravela,,"€12,56/un","€12,56/un"
O Verão Secreto do Zé,Jack Ryder,,"€8,91/un","€8,91/un"
Olha Por Mim,Daniela Sacerdoti,,"€14,94/un","€14,94/un"
A Arte de Criar Memórias Felizes e Menos com Menos Dá Mais,Meik Wiking e Vicki Vrint,,"€16,19/un","€16,19/un"
Quando o Lápis e a Borracha se Juntaram,Karen Kilpatrick e Luis O. Ramos Jr.,,"€11,61/un","€11,61/un"
Bia e o Unicórnio Nº 6 - A Tempestade Mágica,Dana Simpson,,"€12,92/un","€12,92/un"
A Magia de Acreditar,Claude Bistrol,,"€13,41/un","€13,41/un"
Avó Sarilho - Birras de Estrela,Sophy Henn,,"€12,96/un","€12,96/un"
Amari e os Irmãos da Noite,B. B. Alston,,"€14,85/un","€14,85/un"
Uma Aventura no Palácio das Janelas Verdes,Ana Maria Magalhães e Isabel Alçada,,"€7,38/un","€7,38/un"
Viagens pelo Mundo - Um Guia Irreverente,Anthony Bourdain e Laurie Woolever,,"€19,71/un","€19,71/un"
Malícia e Redenção,J. Kenner,,"€16,91/un","€16,91/un"
Princesas Secretas - O Colar Mágico,Rosie Banks,,"€8,91/un","€8,91/un"
Atlas do Espaço,Tomás Tuma,,"€12,15/un","€12,15/un"
Rolo de Papel para Pintar (vários modelos),House Creativity,1 un,"€4,99/un","€4,99/un"
O Meu Kit de Atividades - Bailarina,Vários Autores,,"€7,92/un","€7,92/un"
Calendário do Advento 2021,Yoyo Studios,,"€4,95/un","€4,95/un"
"Dicionário Escolar de Inglês-Português/Português-Inglês - 7º, 8º e 9º Ano",Porto Editora,,"€8,91/un","€8,91/un"
As 100 Melhores Crónicas,Miguel Esteves Cardoso,,"€16,92/un","€16,92/un"
Chegada a Hora,Jeffrey Archer,,"€15,93/un","€15,93/un"
Fórmula Simplificada para Atingir a Longevidade num Corpo Belo e Saudável,Humberto Barbosa e Tomás Barbosa,,"€15,21/un","€15,21/un"
A Viúva e o Papagaio,Virginia Woolf,,"€5,85/un","€5,85/un"
Ouve a Tua Voz,Prem Rawat,,"€14,31/un","€14,31/un"
Manual de Estilo para Eles,Paulo Battista,,"€16,92/un","€16,92/un"
"O Estranhão Nº 13 - Oh, Não! Sou um Influenciador Digital!",Álvaro Magalhães,,"€12,96/un","€12,96/un"
Saber (Re)Agir,Bárbara Ruano Guimarães,,"€17,51/un","€17,51/un"
Marcador Permanente Fino de Tinta Rosa,Newpen,1 un,"€2,19/un","€2,19/un"
Caderno Espiral A4 Pautado Verde,Oxford,1 un,"€6,59/un","€6,59/un"
Histórias para Adormecer,Vários Autores,,"€9,81/un","€9,81/un"
Exercícios e Problemas de Matemática - 2º Ano,Porto Editora,,"€7,92/un","€7,92/un"
Foder?,Bel Olid,,"€12,96/un","€12,96/un"
Que Salazar era o Salazar de Fernando Pessoa?,Fernando Pessoa,,"€11,70/un","€11,70/un"
Peter Pan,Vários Autores,,"€9,81/un","€9,81/un"
O Livro dos Homens Sem Luz,João Tordo,,"€14,94/un","€14,94/un"
Contos Clássicos Pop-Up - Cinderela,Vários Autores,,"€11,66/un","€11,66/un"
Jogos e Atividades com o Oliver - 8-9 Anos,Vários Autores,,"€5,94/un","€5,94/un"
Ready Player One - Jogador,Ernest Cline,,"€17,01/un","€17,01/un"
Pinturas com os Dedos - Unicórnios,Vários Autores,,"€7,65/un","€7,65/un"
Já Fizeste os TPC? - 4º Ano,Areal Editores,,"€7,92/un","€7,92/un"
O Meu Primeiro Livro de Abas - Mais 100 Palavras,Vários Autores,,"€11,61/un","€11,61/un"
"Nem Um Tostão a Mais, Nem Um Tostão a Menos",Jeffrey Archer,,"€14,94/un","€14,94/un"
Turning Red - Estranhamente Vermelho - História Para Colorir,Vários Autores,,"€3,96/un","€3,96/un"
Vamos Fazer Bem aos Outros?,Isabel Silva,,"€5,00/un","€5,00/un"
Os Irmãos de Auschwitz,Malka Adler,,"€18,86/un","€18,86/un"
A Casa,Emma Becker,,"€15,21/un","€15,21/un"
Aprendo com Sucesso - Casos de Leitura - 2º e 3º Ano,Fábula Educação,,"€7,91/un","€7,91/un"
"Camilo, o Camaleão",Hannah Peckham,,"€12,56/un","€12,56/un"
O Bando das Cavernas Nº 1 - Na Maior Há Dez Mil Anos,Nuno Caravela,,"€12,56/un","€12,56/un"
Abecedário - Brinca e Aprende com Giz,Vários Autores,,"€11,61/un","€11,61/un"
Afia Dupla com Depósito Clean,Maped,1 un,"€3,19/un","€3,19/un"
TOP! Pratico a Tabuada - 1º ao 4º Ano,Porto Editora,,"€5,94/un","€5,94/un"
O Corcunda de Notre-Dame,Victor Hugo,,"€14,94/un","€14,94/un"
O Bando das Cavernas Heróis do Mundo Nº 2 - Para Lá do Nevoeiro! El Rei D. Sebastião,Nuno Caravela,,"€12,56/un","€12,56/un"
Caderno Agrafado A4 Pautado,Note!,1 un,"€2,49/un","€2,49/un"
O Meu Reino de Fantasia - Princesas,Vários Autores,,"€16,92/un","€16,92/un"
A Pintainha Docinha,Jannie Ho,,"€7,11/un","€7,11/un"
Tabuada Mágica - 1º Ciclo,Texto,,"€2,69/un","€2,69/un"
A Joaninha Salva as Abelhas,Catherine Jacob,,"€12,92/un","€12,92/un"
Vamos Ter Uma Vida Saudável?,Isabel Silva,,"€5,00/un","€5,00/un"
O Mapeador de Ausências,Mia Couto,,"€17,01/un","€17,01/un"
Auto da Barca do Inferno,Porto Editora,,"€6,93/un","€6,93/un"
Amigos com Rimas - O Peixinho Meiguinho,Annalisa Lay,,"€6,21/un","€6,21/un"
TOP! Para tirar 100% - Perguntas e Respostas - 4º Ano,Porto Editora,,"€6,93/un","€6,93/un"
Eureka! - Gramática Prática - 1º Ciclo,Areal Editores,,"€10,71/un","€10,71/un"
Cérebro em Forma,Zoë Aston,,"€15,21/un","€15,21/un"
Napoleão Vem Aí!,Domingos Amaral,,"€16,11/un","€16,11/un"
Uma Farmácia para o Espírito,Ruth Williams,,"€13,95/un","€13,95/un"
A Bíblia do Feng Shui,Simon Brown,,"€19,76/un","€19,76/un"
Testes? Estou Preparado! - Inglês - 6º Ano,Porto Editora,,"€12,51/un","€12,51/un"
Diário de uma Totó Nº 14,Rachel Renée Russell,,"€13,05/un","€13,05/un"
TOP! Escreve e Apaga - Grafismos e Letras,Vários Autores,,"€9,81/un","€9,81/un"
Caderno Agrafado A4 Pautado,Note!,1 un,"€2,49/un","€2,49/un"
"Diário de uma Miúda Como Tu Nº 8 - Acorda, Francisca!",Maria Inês Almeida,,"€10,76/un","€10,76/un"
O Mundo de David Walliams - Cenas e Coisas,David Walliams,,"€11,61/un","€11,61/un"
Atividades com Autocolantes - Brinca na Quinta,Vários Autores,,"€11,61/un","€11,61/un"
O Coração Ainda Bate,Inês Meneses,,"€13,95/un","€13,95/un"
Alguém em Quem Confiar,Mary Balogh,,"€15,21/un","€15,21/un"
Reputação,Lex Croucher,,"€15,21/un","€15,21/un"
365+1 Piadas de Rebolar no Chão a Rir!,Maria João Medeiros,,"€10,98/un","€10,98/un"
Panda - Amigos com Ritmo,Vários Autores,,"€7,97/un","€7,97/un"
O Sonho do Celta,Mario Vargas Llosa,,"€16,92/un","€16,92/un"
Sinopse de Amor e Guerra,Afonso Cruz,,"€14,99/un","€14,99/un"
Saco de Garrafa Glitter 39x9x14cm (várias cores),Note!,1 un,"€2,00/un","€2,00/un"
Afia com Depósito e Borracha,Maped,1 un,"€3,49/un","€3,49/un"
Honra e Paixão,Mary Balogh,,"€15,21/un","€15,21/un"
Pasta de Arquivo A4 Lombada Estreita,Note!,1 un,"€4,69/un","€4,69/un"
Aprendo Divertidamente - Princesas,Vários Autores,,"€7,97/un","€7,97/un"
O Meu Bebé - Amigos da Selva,Vários Autores,,"€10,01/un","€10,01/un"
Animais - Livro com Jogos da Memória,Vários Autores,,"€13,95/un","€13,95/un"
Já Vou Para o 1º Ano,Acento Tónico,,"€7,19/un","€7,19/un"
Sempre Jovens,António Hipólito de Aguiar e Marta Padilha,,"€12,51/un","€12,51/un"
Eureka! Para Escrever Sem Erros - 2º Ano,Areal Editores,,"€6,93/un","€6,93/un"
O Meu Reino de Fantasia - Piratas,Vários Autores,,"€16,92/un","€16,92/un"
O Meu Primeiro Escreve e Apaga - Letras Maiúsculas,Vários Autores,,"€8,06/un","€8,06/un"
"Rabit, Rabit!",Vários Autores,,"€8,91/un","€8,91/un"
O Mundo de Nora Roberts,Ava Miles,,"€16,92/un","€16,92/un"
Classificador com Clip A4 Lombada Estreita,Fegol,1 un,"€1,79/un","€1,79/un"
O Principezinho,Antoine de Saint-Exupéry,,"€6,75/un","€6,75/un"
O Colecionador,Nora Roberts,,"€15,93/un","€15,93/un"
O Resgate,Julie Garwood,,"€16,47/un","€16,47/un"
Escreve e Apaga - Atividades na Quinta,Kirsteen Robson e Maria Neradova,,"€8,91/un","€8,91/un"
O Lobo que Escalou as Montanhas,Orianne Lallemand,,"€11,69/un","€11,69/un"
Os Indomáveis F. C. Nº 10 - Não Façam a Bola Chorar,Álvaro Magalhães,,"€8,91/un","€8,91/un"
Inglês de A a Z - Dicionário Ilustrado - 1º ao 4º Ano,Fábula Educação,,"€9,41/un","€9,41/un"
Preparação Para a Prova Final 2022 - Português - 9º Ano,Porto Editora,,"€13,41/un","€13,41/un"
Blake e Mortimer - O Último Espadão,Jean Van Hamme,,"€14,31/un","€14,31/un"
Amante Revelado,J. R. Ward,,"€20,61/un","€20,61/un"
Preparar os Testes - História - 7º Ano,Areal Editores,,"€13,41/un","€13,41/un"
Aromaterapia,Louise Robinson,,"€13,41/un","€13,41/un"
Era Uma Vez... Os Contos Mais Bonitos,Vários Autores,,"€7,99/un","€7,99/un"
Cherub Nº 12 - Tsunami,Robert Muchamore,,"€11,97/un","€11,97/un"
Como Evitar um Desastre Climático,Bill Gates,,"€15,93/un","€15,93/un"
Plim! Aprendo e Treino a Leitura - 2º Ano,Texto,,"€5,31/un","€5,31/un"
Parabéns a Você!,Vários Autores,,"€8,91/un","€8,91/un"
O Elemento,Ken Robinson e Lou Aronica,,"€14,31/un","€14,31/un"
O Homem do Mês (Livro 1),J. Kenner,,"€17,99/un","€17,99/un"
O Poder do Cão,Thomas Savage,,"€15,75/un","€15,75/un"
O Comboio da Esperança,Gill Thompson,,"€17,55/un","€17,55/un"
O Coelhinho - Livro com Fantoche de Dedo,Agnese Baruzzi,,"€6,21/un","€6,21/un"
Cool Dog - O Guia Completo Para Quem Tem ou Quer Ter Um Cão,Sónia Miranda e Inês Fonseca,,"€15,21/un","€15,21/un"
Adaptógenos,Melissa Petitto,,"€15,93/un","€15,93/un"
Abraça-me - Pequeno Gato,Yoyo Studios,,"€7,19/un","€7,19/un"
Como Desenhar Animais de Estimação,Anna Betts,,"€8,99/un","€8,99/un"
Os Mitos Que Comemos,Pedro Carvalho,,"€14,40/un","€14,40/un"
Aquacadabra - Peixinho,Yoyo Studios,,"€7,19/un","€7,19/un"
O Conto do Pedrito Coelho,Beatrix Potter,,"€10,98/un","€10,98/un"
A Promessa,Lesley Pearse,,"€15,21/un","€15,21/un"
O que Dizem os Seus Sonhos,Alison Davies,,"€14,36/un","€14,36/un"
Aprendo Divertidamente - Sereias,Elizabeth Golding,,"€7,97/un","€7,97/un"
Cesto de Papéis Amarelo,Note!,1 un,"€4,99/un","€4,99/un"
Aprendo com Sucesso - Inglês - 4º Ano,Fábula Educação,,"€8,96/un","€8,96/un"
Ases da Matemática - 9º Ano,Porto Editora,,"€12,15/un","€12,15/un"
Caderno de Treino - 2º Ano,Texto,,"€8,01/un","€8,01/un"
Loba Negra,Juan Gómez-Jurado,,"€17,91/un","€17,91/un"
Trincas - Números,Emma Yarlett,,"€9,81/un","€9,81/un"
Preparar os Testes - Matemática - 11º Ano,LeYa,,"€19,80/un","€19,80/un"
Cruella,Disney,,"€11,61/un","€11,61/un"
Eternamente Jovem,Andrew Steele,,"€16,92/un","€16,92/un"
Astérix - Escape Game,Émilie Malandain,,"€20,61/un","€20,61/un"
Uma Surpresa Caída Do Céu,Barbara O'Connor,,"€13,46/un","€13,46/un"
Panda - Vamos à Feira Com o Panda - Livro de Histórias,Panda,,"€12,59/un","€12,59/un"
O Faquir,Ramiro Calle,,"€15,93/un","€15,93/un"
"Como te Sentes, Panda?",Panda,,"€11,69/un","€11,69/un"
Burnout,Emily Nagoski e Amelia Nagoski,,"€15,93/un","€15,93/un"
Vamos Cuidar do Ambiente?,Isabel Silva,,"€5,00/un","€5,00/un"
Agora,Morris Gleitzman,,"€11,42/un","€11,42/un"
365 Contos de Animais Mágicos,Paloma Corredor,,"€13,41/un","€13,41/un"
Preparar os Testes - Física e Química A - 11º Ano,LeYa,,"€19,80/un","€19,80/un"
Como se Diz Amo-te,Marilyn Singer e Alette Straathof,,"€11,61/un","€11,61/un"
Inadaptados,Michaela Coel,,"€12,96/un","€12,96/un"
Ilha de Vidro,Nora Roberts,,"€15,93/un","€15,93/un"
Eu Sou Amor,Susan Verde,,"€11,69/un","€11,69/un"
Masha e o Urso - Viva a Natureza!,Animaccord,,"€6,71/un","€6,71/un"
Já Fizeste os TPC? - 2º ano,Areal Editores,,"€7,92/un","€7,92/un"
Aprende Gramática com o Bando das Cavernas,Nuno Caravela,,"€4,46/un","€4,46/un"
Cuida de Mim,Judith McNaught,,"€16,11/un","€16,11/un"
Espreita - Perguntas e Respostas sobre Animais,Katie Daynes e Marie-Eve Tremblay,,"€12,51/un","€12,51/un"
Primeiras Aventuras com as Formas,Vários Autores,,"€6,21/un","€6,21/un"
O Primeiro Amor de Dom Carlos,Maria João Fialho Gouveia,,"€15,93/un","€15,93/un"
Alimente-se sem Deixar Pegada,"Cláudia Cordovil, Diogo Noronha e Teresa de Herédia",,"€17,91/un","€17,91/un"
The Stand - A Dança da Morte (livro 2),Stephen King,,"€19,98/un","€19,98/un"
O Bando das Cavernas Nº 30 - Missão N.I.N.J.A.,Nuno Caravela,,"€10,76/un","€10,76/un"
Boa Nota! Preparação para os Testes - 8º Ano (volume 1),Asa,,"€10,80/un","€10,80/un"
Sabe Mais - Interpretação - 3º e 4º Ano,Alexandra Haran Nogueira,,"€4,94/un","€4,94/un"
Os Números,Magda Garguláková,,"€9,44/un","€9,44/un"
Os Cinco Nº 6 - As Primeiras Aventuras em Kirrin,Enid Blyton,,"€13,41/un","€13,41/un"
Plim! Agenda do Professor - 1º Ciclo 2021/2022,Texto,,"€8,01/un","€8,01/un"
O Método Easyway para Controlar o Álcool,Allen Carr,,"€14,94/un","€14,94/un"
Esquadro Graphic 60º 26cm,Maped,1 un,"€2,19/un","€2,19/un"
Fichas de Inglês Nível B1/B1.1 - 9º Ano,Areal Editores,,"€9,81/un","€9,81/un"
O Bando das Cavernas Nº 15 - Desafio Ultra Mega Fixe!,Nuno Caravela,,"€10,76/un","€10,76/un"
Aprendo com Sucesso - Verbos - 3º e 4º Ano,Fábula Educação,,"€7,61/un","€7,61/un"
Os Indomáveis F. C. Nº 2 - Nada é Impossível,Álvaro Magalhães,,"€8,91/un","€8,91/un"
Ases da Matemática - 8º Ano,Porto Editora,,"€12,15/un","€12,15/un"
Uma Chuva de Diamantes,Sveva Casati Modignani,,"€15,93/un","€15,93/un"
Letrinhas - Caligrafia e Ortografia - 1º e 2º Ano,Acento Tónico,,"€7,19/un","€7,19/un"
O Bando das Cavernas Heróis do Mundo Nº 9 - O Sorriso Perfeito,Nuno Caravela,,"€12,56/un","€12,56/un"
Fichas de Físico-Química - 9º Ano,Areal Editores,,"€9,81/un","€9,81/un"
LEGO City - Apaguem o Fogo!,LEGO,,"€9,44/un","€9,44/un"
O Mel da Deusa,Tamar,,"€13,41/un","€13,41/un"
Aprendo as Letras e os Números Com… Os Animais,Carlo Alberto Michelini,,"€9,81/un","€9,81/un"
Plim! O Meu Caderno de Fim de Semana - Português e Matemática - 4º Ano,Texto,,"€8,01/un","€8,01/un"
Depois de Mim,Emily Bleeker,,"€15,93/un","€15,93/un"
Em Nome do Amor,Lesley Pearse,,"€16,11/un","€16,11/un"
A Despedida de Ulisses,Francisco Moita Flores,,"€15,21/un","€15,21/un"
Leite Derramado,Chico Buarque,,"€10,76/un","€10,76/un"
A Fórmula Feminina para o Amor,Elizabeth Everett,,"€15,93/un","€15,93/un"
À Conquista da Tranquilidade!,Mamen Duch,,"€11,66/un","€11,66/un"
Genialmente - 6-7 Anos,Booksmile,,"€7,61/un","€7,61/un"
Cães Maus Não Dançam,Arturo Pérez-Reverte,,"€13,41/un","€13,41/un"
A Coruja Caça Sempre à Noite,Samuel Bjørk,,"€20,61/un","€20,61/un"
O Meu Atlas Desdobrável do Mundo,Yoyo Studios,,"€13,49/un","€13,49/un"
O Estranhão Nº 10 - Perguntem a Quem Não Sabe,Álvaro Magalhães,,"€12,96/un","€12,96/un"
Começa a Pintar - Urso,Yoyo Studios,,"€6,29/un","€6,29/un"
Se Eu Fosse um Gato,Paloma Sanchez Ibarzabal,,"€12,56/un","€12,56/un"
Vamos Aprender 5-6 Anos,Fábula,,"€11,96/un","€11,96/un"
Racionalidade,Steven Pinker,,"€17,91/un","€17,91/un"
Duas Solidões,Gabriel García Márquez e Mario Vargas Llosa,,"€13,41/un","€13,41/un"
Dominus,Steven Saylor,,"€17,91/un","€17,91/un"
"Bia e o Unicórnio Nº 7 - Chapéus Há Muitos, Unicórnio!",Dana Simpson,,"€12,92/un","€12,92/un"
Plim! Português - Pré-escolar 4-5 anos,Texto,,"€10,80/un","€10,80/un"
História Oculta do Mundo,Édouard Schuré,,"€19,80/un","€19,80/un"
Este Foi um Homem,Jeffrey Archer,,"€15,93/un","€15,93/un"
Vou Tirar 100% - 7º Ano (volume 1),Porto Editora,,"€10,71/un","€10,71/un"
Flush - Biografia de um Cão,Virginia Woolf,,"€16,92/un","€16,92/un"
Cozinha Radiante,Mafalda Pinto Leite,,"€22,46/un","€22,46/un"
O Bando das Cavernas Nº 35 - O Mistério da Gata Cristy!,Nuno Caravela,,"€10,76/un","€10,76/un"
Rafa - Kit de Avaliação - 1º Ano,Areal Editores,,"€10,35/un","€10,35/un"
Gravity Falls - Agora é que o Porco Torce o Rabo,Disney,,"€8,91/un","€8,91/un"
Matilde e o Retrato Amaldiçoado,Patrícia Furtado,,"€12,56/un","€12,56/un"
Mil e Uma Noites Exclusivas,Odisseias,1 un,"€179,90/un","€179,90/un"
Vamos Passar Um Dia no Barco Pirata,Catherine Veitch,,"€19,76/un","€19,76/un"
Um Homem com Sorte,Nicholas Sparks,,"€15,21/un","€15,21/un"
Tentação,Beth Kery,,"€15,93/un","€15,93/un"
Boa Nota! Preparação Para os Testes - 9º Ano (volume 1),Asa,,"€12,60/un","€12,60/un"
Contos e Lendas de Portugal,Sara Rebello da Silva,,"€16,11/un","€16,11/un"
Mil Momentos de Sonho,Odisseias,1 un,"€99,90/un","€99,90/un"
Shuggie Bain,Douglas Stuart,,"€21,56/un","€21,56/un"
Catarina de Bragança,Isabel Stilwell,,"€19,80/un","€19,80/un"
Xiu Yang,Mimi Kuo-Deemer,,"€14,94/un","€14,94/un"
Roller Signo de Tinta Gel Verde,Uni-ball,1 un,"€2,69/un","€2,69/un"
Carnes à Portuguesa,Teleculinária,,"€17,01/un","€17,01/un"
Diário de uma Totó Nº 6 - Histórias de Uma Quebra-Corações Pouco ou Nada Feliz,Rachel Renée Russell,,"€13,05/un","€13,05/un"
Os Desastres de Sofia,Condessa de Ségur,,"€11,61/un","€11,61/un"
Gaspar e o Novo Bebé,Miriam Moss e Anna Currey,,"€8,91/un","€8,91/un"
Jejum Ideal,Dr. Michael Mosley,,"€15,71/un","€15,71/un"
As Crónicas de Gelo e Fogo - A Tormenta de Espadas (volume 5),George R. R. Martin,,"€17,13/un","€17,13/un"
As Piores Crianças do Mundo Nº 3,David Walliams,,"€14,94/un","€14,94/un"
Spookyzone - O Pior Pesadelo,Tommy Greenwald e Elisa Ferrari,,"€13,41/un","€13,41/un"
Aquilo Que Nos Une,Nicky Pellegrino,,"€15,21/un","€15,21/un"
Dicionário Escolar Português-Espanhol/Espanhol-Português,Porto Editora,,"€8,91/un","€8,91/un"
"3, 2, 1, Vamos Aprender! - 4 e 5 Anos",Fábula Educação,,"€5,99/un","€5,99/un"
Top! Escreve e Apaga - Grafismos e Números,Vários Autores,,"€9,81/un","€9,81/un"
O Meu Primeiro ABC - Cidades e Rimas Divertidas,Yoyo Studios,,"€3,59/un","€3,59/un"
A Separação,Dinah Jefferies,,"€17,99/un","€17,99/un"
Chamadas Telefónicas,Roberto Bolaño,,"€15,93/un","€15,93/un"
A Chave da Imunidade,James DiNicolantonio e Siim Land,,"€17,91/un","€17,91/un"
Carlos Bleck,José Guedes,,"€13,50/un","€13,50/un"
"Confissões de uma Miúda Excluída, Mal-Amada e (um Pouco) Dramática",Thalita Rebouças,,"€14,31/un","€14,31/un"
Resolvo Problemas - 4º Ano,Raiz Editora,,"€4,95/un","€4,95/un"
Asas de Prata,Camilla Läckberg,,"€19,76/un","€19,76/un"
O Palácio da Princesa,Lara Ede,,"€10,71/un","€10,71/un"
Nunca na Vida nos Vamos Beijar,Diana Rodrigues Bicho,,"€11,61/un","€11,61/un"
A Arca de Noé,Vários Autores,,"€9,86/un","€9,86/un"
Jogos e Atividades com o Oliver - 6-7 Anos,Vários Autores,,"€5,94/un","€5,94/un"
O Espião Português,Nuno Nepomuceno,,"€16,65/un","€16,65/un"
Rolo de Papel de Embrulho Metalizado 70x200cm (várias cores),Note!,1 un,"€2,69/un","€2,69/un"
Desenvolve Conhecimentos - Amarelo,Yoyo Studios,,"€4,49/un","€4,49/un"
Sonhemos Juntos - O caminho Para Um Futuro Melhor,Papa Francisco,,"€13,41/un","€13,41/un"
Aquacadabra - Pato,Yoyo Studios,,"€7,19/un","€7,19/un"
O Tigre,Joël Dicker,,"€13,46/un","€13,46/un"
Dormir Sem Lágrimas,Rosa Jové,,"€15,21/un","€15,21/un"
Uma Aventura em Nova Iorque,Geronimo Stilton,,"€9,81/un","€9,81/un"
Noites de Spa e Bem-estar,Odisseias,1 un,"€139,90/un","€139,90/un"
Unlock! Tenta Escapar das Catacumbas,Fabien Clavel,,"€10,71/un","€10,71/un"
Fichas de Matemática - 8º Ano,Areal Editores,,"€9,81/un","€9,81/un"
Rafa - Kit de Avaliação - 2º Ano,Areal Editores,,"€10,35/un","€10,35/un"
Constrói as Fábulas de La Fontaine,Anna Lang,,"€11,61/un","€11,61/un"
Bia e o Unicónio Nº 8 - Palmas para o Unicórnio,Dana Simpson,,"€12,92/un","€12,92/un"
Um Mundo de Cor - Na Quinta,Vários Autores,,"€10,31/un","€10,31/un"
WOW - Novas Formas de Trabalhar,Inês Veloso,,"€15,21/un","€15,21/un"
A Janela Alta,Raymond Chandler,,"€7,92/un","€7,92/un"
Preparar os Testes - Inglês - 8º Ano,Areal Editores,,"€13,41/un","€13,41/un"
O Patinho Pedro,Kirsten Påbøl Hansen,,"€7,11/un","€7,11/un"
Regresso ao Inferno,Nelson DeMille,,"€17,91/un","€17,91/un"
Preparar os Testes - Geografia - 8º Ano,Areal Editores,,"€13,41/un","€13,41/un"
A Minha Mochila de Dança,Dawn Machell,,"€8,01/un","€8,01/un"
A Noite dos Assassinos,Howard Blum,,"€19,71/un","€19,71/un"
O Mundo Segundo a Física,Jim Al-Khalili,,"€16,92/un","€16,92/un"
Constrói o Unicórnio,Vários Autores,,"€17,01/un","€17,01/un"
Direi Sempre Que Sim,Mary Beth Keane,,"€16,65/un","€16,65/un"
O Meu Bebé - Amigos da Quinta,Vários Autores,,"€10,01/un","€10,01/un"
Aprende na Quinta - Escreve e Apaga,Lisa Mallet e Sonia Baretti,,"€11,61/un","€11,61/un"
Madrinhas de Guerra,Marta Martins Silva,,"€15,93/un","€15,93/un"
O Quebra-Nozes,Hachette,,"€8,91/un","€8,91/un"
Natureza,Yoyo Studios,,"€12,59/un","€12,59/un"
As Crónicas de Gelo e Fogo 2 - A Muralha de Gelo,George R. R. Martin,,"€20,97/un","€20,97/un"
Mais,Matt Preston,,"€26,91/un","€26,91/un"
O Bando das Cavernas Nº 28 - O Bando dos que Têm a Mania que São Bons,Nuno Caravela,,"€10,76/un","€10,76/un"
Papel Crepe Verde 50x25cm,Liderpapel,1 un,"€0,79/un","€0,79/un"
O Meu Primeiro ABC - Números e Rimas Divertidas,Yoyo Studios,,"€3,59/un","€3,59/un"
A Vida Através dos Tempos,Dorling Kindersley,,"€15,21/un","€15,21/un"
A Rapariga que Desapareceu,Leslie Wolfe,,"€17,51/un","€17,51/un"
O Corpo Humano,Ester Tomè,,"€15,93/un","€15,93/un"
Brinca e Aprende com Giz - Números,Vários Autores,,"€11,61/un","€11,61/un"
Caderno de Treino - 4º Ano,Texto,,"€8,01/un","€8,01/un"
Esqueci-me de Dizer que Te Adoro,Miriam Moss e Anna Currey,,"€8,91/un","€8,91/un"
"Robin Hood - Piratas, Paintball & Zebras",Robert Muchamore,,"€11,97/un","€11,97/un"
Dicionário Académico Português-Francês/Francês-Português,Porto Editora,,"€13,41/un","€13,41/un"
Playmobil,Vários Autores,,"€5,36/un","€5,36/un"
Homem-Cão Nº 7 - Por Quem a Bola Rebola,Dav Pilkey,,"€12,51/un","€12,51/un"
"Cola, Pinta e Brinca - Princesas",Vários Autores,,"€6,93/un","€6,93/un"
Lê e Brinca - O Comboio Amigo,Vários Autores,,"€12,59/un","€12,59/un"
Princesa Poppy - Diz Não ao Plástico!,Janey Louise Jones,,"€11,93/un","€11,93/un"
O Bando das Cavernas - Contos,Nuno Caravela,,"€10,76/un","€10,76/un"
A Menina e a Gata,Mala Kacenberg,,"€14,94/un","€14,94/un"
Escreve e Apaga - Primeiros Números,Stacey Lamb,,"€8,91/un","€8,91/un"
Jogo de Mãos,Nora Roberts,,"€15,93/un","€15,93/un"
A História de Lisey,Stephen King,,"€17,91/un","€17,91/un"
Brinca com o Unicórnio - Jogo com Argolas,Vários Autores,,"€9,81/un","€9,81/un"
Os Três Mosqueteiros,Alexandre Dumas,,"€14,94/un","€14,94/un"
As Últimas Palavras de Jesus,Jon Meacham,,"€13,46/un","€13,46/un"
Gravity Falls - Novela Gráfica (volume 2),Disney,,"€17,91/un","€17,91/un"
Diário de uma Totó Nº 13,Rachel Renée Russell,,"€13,05/un","€13,05/un"
A Fera do Palácio,David Walliams,,"€14,94/un","€14,94/un"
Privacidade é Poder,Carissa Véliz,,"€16,92/un","€16,92/un"
Branco Letal,Robert Galbraith,,"€23,31/un","€23,31/un"
Aprende a Gramática - 1º ao 4º Ano,Fábula Educação,,"€3,59/un","€3,59/un"
Não Matarás,Julia Navarro,,"€17,91/un","€17,91/un"
Escreve e Apaga - Aprende com os Animais,Vários Autores,,"€11,61/un","€11,61/un"
O Bando das Cavernas Heróis do Mundo Nº 5 - À Procura de Grendel! Os Vikings,Nuno Caravela,,"€12,56/un","€12,56/un"
Princesa Poppy - Viva os Animais!,Janey Louise Jones,,"€11,93/un","€11,93/un"
Caminhos de Paixão - A Vingança de La Diana (livro 1),Florencia Bonelli,,"€15,93/un","€15,93/un"
Raparigas em Chamas,C. J. Tudor,,"€16,65/un","€16,65/un"
O Ursinho Fofinho Procura o Pai Natal,Jannie Ho,,"€7,11/un","€7,11/un"
Philip Roth,Blake Bailey,,"€29,70/un","€29,70/un"
Primeiras Atividades - Pinturas Mágicas (Fadas),Vários Autores,,"€7,65/un","€7,65/un"
"Muitas Vidas, Muitos Mestres",Dr. Brian Weiss,,"€13,95/un","€13,95/un"
Laranja de Sangue,Harriet Tyce,,"€16,61/un","€16,61/un"
Amigos do Mar,Vários Autores,,"€4,94/un","€4,94/un"
Quiz Mágico 5+,Vários Autores,,"€6,93/un","€6,93/un"
A Profecia,Nora Roberts,,"€15,93/un","€15,93/un"
Viagens ao Outro Lado do Mundo,David Attenborough,,"€19,98/un","€19,98/un"
Conversas em Princeton,Mario Vargas Llosa e Rubén Gallo,,"€16,92/un","€16,92/un"
Stilton à Procura de Casa,Geronimo Stilton,,"€9,81/un","€9,81/un"
O Homem Mais Feliz do Mundo,Eddie Jaku,,"€15,71/un","€15,71/un"
O Caderno das Piadas Secas - 500 Tentativas de Ter Graça,"Pedro Pinto, João Ramalhinho e Gonçalo Castro",,"€11,61/un","€11,61/un"
O Bando das Cavernas Nº 16 - Uma Selfie no Polo Norte,Nuno Caravela,,"€10,76/un","€10,76/un"
Enciclopédia dos Pequenotes - Corpo Humano,Sylvie Bezuel,,"€10,71/un","€10,71/un"
Lições - O Meu Caminho Para Uma Vida com Sentido,Gisele Bündchen,,"€14,31/un","€14,31/un"
Masha e o Urso - Feliz Natal!,Vários Autores,,"€8,01/un","€8,01/un"
Vamos Contar até 10 - Animais Selvagens,Yoyo Studios,,"€4,49/un","€4,49/un"
Sabias Que...? O Espaço,Dorling Kindersley,,"€16,11/un","€16,11/un"
Rolo de Papel de Embrulho Luxury 70x200cm (várias cores),ClaireFontaine,1 un,"€1,99/un","€1,99/un"
Preparar os Testes - Português - 8º Ano,Areal Editores,,"€13,41/un","€13,41/un"
Os Desastres De Sofia,Condessa de Ségur,,"€12,51/un","€12,51/un"
Mil Cores Mágicas - Na Quinta,La Coccinella,,"€8,91/un","€8,91/un"
Mil Cores Mágicas - Carros e Máquinas,La Coccinella,,"€8,91/un","€8,91/un"
As Piores Crianças do Mundo Nº 2,David Walliams,,"€14,94/un","€14,94/un"
Cherub Nº 14 - Vingança,Robert Muchamore,,"€11,97/un","€11,97/un"
Os Indomáveis F. C. Nº 13 - O Craque Que Veio de Longe,Álvaro Magalhães,,"€8,91/un","€8,91/un"
Princesas Secretas - Pintura Perfeita,Rosie Banks,,"€8,91/un","€8,91/un"
Uma Família Verde,Maria Dordio,,"€16,91/un","€16,91/un"
Um Dia Divertido na Cozinha,Robyn Gale,,"€7,91/un","€7,91/un"
A Filha Do Reich,Louise Fein,,"€19,78/un","€19,78/un"
Tinta Acrílica ArtCreation Verde Claro 75ml,Talens,1 un,"€3,29/un","€3,29/un"
Veggie para Todos,Teleculinária,,"€20,61/un","€20,61/un"
Cachos Dourados e os Três Ursos,Vários Autores,,"€11,61/un","€11,61/un"
O Ickabog,J. K. Rowling,,"€17,01/un","€17,01/un"
"Mudam-se os Tempos, Mantêm-se os Desafios",Fernando Teixeira dos Santos,,"€16,92/un","€16,92/un"
O Céu Chamou por Mim,Theresa Cheung,,"€15,93/un","€15,93/un"
Da Árvore para o Supermercado!,Libby Deutsch,,"€13,49/un","€13,49/un"
Galeria das Rainhas Portuguesas,João Micael,,"€15,75/un","€15,75/un"
Os Animais da Quinta Tomam Banho,Gabriele Clima,,"€8,01/un","€8,01/un"
Preparar Prova Final - Português - 9º Ano,Areal Editores,,"€13,41/un","€13,41/un"
A Matemática é Radical!,Mike Goldsmith,,"€9,89/un","€9,89/un"
Os Pecados do Pai,Jeffrey Archer,,"€15,93/un","€15,93/un"
O Bando das Cavernas Nº 32 - Piratas Pré-Históricos,Nuno Caravela,,"€10,76/un","€10,76/un"
Testes? Estou Preparado! - Português - 7º ano,Porto Editora,,"€14,31/un","€14,31/un"
A Melodia do Adeus,Nicholas Sparks,,"€16,65/un","€16,65/un"
A Verdade sobre os Avós,Elina Ellis,,"€12,56/un","€12,56/un"
O Mundo da Inês Nº 4 - Acreditam no Príncipe Encantado?,Sara de Almeida Leite,,"€9,81/un","€9,81/un"
Ver o Meu Bebé Crescer,Vários Autores,,"€22,41/un","€22,41/un"
M - Mussolini - O Homem da Providência,Antonio Scurati,,"€24,75/un","€24,75/un"
A Arca,Monica Wood,,"€14,31/un","€14,31/un"
"3, 2, 1, Vamos Aprender! - 3º Ano",Fábula Educação,,"€5,99/un","€5,99/un"
Becoming - A Minha História para Jovens Leitores,Michelle Obama,,"€16,61/un","€16,61/un"
A Grande Aventura no Brasil,Geronimo Stilton,,"€9,81/un","€9,81/un"
O Buda e o Audaz,Vishen Lakhiani,,"€15,93/un","€15,93/un"
Plim! Aprendo e Treino Cálculo Mental - 2º Ano,Texto,,"€5,31/un","€5,31/un"
Um Dia Divertido no Médico,Robyn Gale,,"€7,91/un","€7,91/un"
Momentos Mágicos,Nora Roberts,,"€17,91/un","€17,91/un"
"Noite de Estrelas, Sonhos Inquietos",Henn Kim,,"€14,31/un","€14,31/un"
Cherub Nº 5 - A Seita,Robert Muchamore,,"€11,97/un","€11,97/un"
Álbum de Grandes Autocolantes - Leão,Yoyo Studios,,"€8,99/un","€8,99/un"
A Repartição,Pedro Chagas Freitas,,"€13,95/un","€13,95/un"
A Marca do Dragão,Sherrilyn Kenyon,,"€15,93/un","€15,93/un"
Vá De Roda - Pré-Escolar 4-5 Anos,Texto,,"€8,91/un","€8,91/un"
Buraquinhos - Os Meios de Transporte,Giovanna Mantegazza,,"€5,85/un","€5,85/un"
Jantar e Vinho a Dois,Odisseias,1 un,"€49,90/un","€49,90/un"
Portugal Pandémico,Manuel Lopes da Costa,,"€9,00/un","€9,00/un"
O Verão do Lobo,Hans Rosenfeldt,,"€17,96/un","€17,96/un"
"Duas Mulheres, Dois Destinos",Lesley Pearse,,"€17,01/un","€17,01/un"
As Crónicas de Gelo e Fogo - O Festim dos Corvos (volume 7),George R. R. Martin,,"€17,13/un","€17,13/un"
Como Deixar de Fazer-se de Vítima,Giulio Cesare Giacobbe,,"€13,41/un","€13,41/un"
A Alpinista,Marcio Pitliuk,,"€13,05/un","€13,05/un"
Uma Aventura Pop-Up - Na Selva,Yoyo Studios,,"€12,59/un","€12,59/un"
O Meu Kit de Atividades - Sereias,Vários Autores,,"€7,92/un","€7,92/un"
O Bando das Cavernas Heróis do Mundo Nº 4 - O Despertar da Múmia,Nuno Caravela,,"€12,56/un","€12,56/un"
TOP! Aprendo...a Calcular - Multiplicação e Divisão - 1º ao 4º Ano,Porto Editora,,"€6,93/un","€6,93/un"
Anna Kadabra Nº 2 - Um Problema Com Asas,Pedro Mañas,,"€9,81/un","€9,81/un"
Histórias do Bosque Encantado,Anita Loughrey,,"€13,46/un","€13,46/un"
Histórias de 5 Minutos para Meninas Valentes,Vários Autores,,"€15,21/un","€15,21/un"
Otimismo e Saúde,Luis Rojas Marcos,,"€13,95/un","€13,95/un"
Cucu! Quem Sou Eu? Na Rua Dos Gatinhos,Maria Loretta Giraldo e Nicoletta Bertelle,,"€6,21/un","€6,21/un"
Tu És Tão Fofo! - Vaquinha,Yoyo Studios,,"€12,59/un","€12,59/un"
Loud Em Casa - Que Vida Tão Louca!,Vários Autores,,"€9,41/un","€9,41/un"
Peter Rabbit,Frederick Warne,,"€4,95/un","€4,95/un"
Kiki e Jax - A Magia da amizade para Transformar a Tua Vida,Marie Kondo,,"€10,98/un","€10,98/un"
As Cores,Magda Garguláková,,"€9,44/un","€9,44/un"
Cherub Nº 7 - A Queda,Robert Muchamore,,"€11,97/un","€11,97/un"
Os Livros do Todd - O Livro do Aniversário,Todd Parr,,"€11,69/un","€11,69/un"
Acusação,Caitlin Wahrer,,"€16,97/un","€16,97/un"
O Bando Das Cavernas Heróis do Mundo Nº 7 - A Viagem Fantástica!,Nuno Caravela,,"€12,56/un","€12,56/un"
Breve História do Afeganistão de A a Z,Ricardo Alexandre,,"€17,01/un","€17,01/un"
Isabel de Aragão - Entre o Céu e o Inferno,Isabel Stilwell,,"€19,80/un","€19,80/un"
"3, 2, 1, Vamos Aprender! - 1º Ano",Fábula Educação,,"€5,99/un","€5,99/un"
Ajuste de Contas,Nelson DeMille,,"€20,61/un","€20,61/un"
Aquacadabra - Tartaruga,Yoyo Studios,,"€7,19/un","€7,19/un"
Caminhos de Paixão - A Vingança de La Diana (livro 2),Florencia Bonelli,,"€16,92/un","€16,92/un"
O Pecador,J. R. Ward,,"€20,61/un","€20,61/un"
Gravity Falls - Novela Gráfica (volume 3),Disney,,"€17,91/un","€17,91/un"
O Jogo do Poder,Danielle Steel,,"€14,94/un","€14,94/un"
Um Duque Malicioso,Madeline Hunter,,"€14,94/un","€14,94/un"
Primeiras 100 Palavras em Inglês - Os Animais,Yoyo Studios,,"€9,99/un","€9,99/un"
Coruja - Verde,Yoyo Studios,,"€6,29/un","€6,29/un"
Venha Conhecer o Lobo Mau,Mário Cordeiro,,"€17,91/un","€17,91/un"
O Corpo Humano,Yoyo Studios,,"€12,59/un","€12,59/un"
Deus e o Mundo Futuro,Papa Francisco e Domenico Agasso,,"€11,93/un","€11,93/un"
Sabe Mais - Interpretação - 1º e 2º Ano,Alexandra Haran Nogueira,,"€4,94/un","€4,94/un"
Animais no Avião,Giulia Pesavento,,"€16,92/un","€16,92/un"
Fichas de Português - 9º Ano,Areal Editores,,"€9,81/un","€9,81/un"
Só Por Hoje… Estou Aqui Para Ti,João Magalhães,,"€18,86/un","€18,86/un"
"Robin Hood - Jet skis, Pântanos & Contrabandistas",Robert Muchamore,,"€11,97/un","€11,97/un"
Brincar à Maneira Dinamarquesa,Iben Dissing Sandahl,,"€13,46/un","€13,46/un"
O Livro dos Prazeres Inúteis,Dan Kieran e Tom Hodgkinson,,"€13,95/un","€13,95/un"
Implacável,Lisa Kleypas,,"€15,75/un","€15,75/un"
TOP! Escrevo Sem Erros - 3º Ano,Porto Editora,,"€6,93/un","€6,93/un"
Sabe Mais - Tempo e Dinheiro - 1º e 2º Ano,Fábula Educação,,"€4,94/un","€4,94/un"
Sociedade dos Unicórnios Mágicos,Selwyn E. Phipps,,"€15,71/un","€15,71/un"
Duas ou Três Coisas Sobre Mim,Judite Sousa,,"€13,95/un","€13,95/un"
O Bando Das Cavernas - Balbúrdia Sem Fim!,Nuno Caravela e Wonder Studio,,"€14,99/un","€14,99/un"
TOP! Aprendo...a Interpretar - 4º Ano,Porto Editora,,"€6,93/un","€6,93/un"
Os Primos - O Segredo do Velho Palacete,Mafalda Moutinho,,"€8,91/un","€8,91/un"
O Código Carnívoro,Paul Saladino,,"€19,71/un","€19,71/un"
Munique,Robert Harris,,"€17,01/un","€17,01/un"
O Reino,Jo Nesbø,,"€19,98/un","€19,98/un"
Vidas Trocadas,Sandra Brown,,"€17,01/un","€17,01/un"
Antes da Coroa,Flora Harding,,"€16,11/un","€16,11/un"
Fichas de Matemática - 9º Ano,Areal Editores,,"€9,81/un","€9,81/un"
A Viúva Negra,Daniel Silva,,"€15,93/un","€15,93/un"
Boa Nota! Preparação Para os Testes - 9º Ano (volume 2),Asa,,"€12,60/un","€12,60/un"
Vou Tirar 100% - 8º Ano (volume 1),Porto Editora,,"€10,71/un","€10,71/un"
Gravity Falls - Feliz Verão das Bruxas,Disney,,"€9,81/un","€9,81/un"
O Livro do Chocolate,Joanne Harris,,"€17,01/un","€17,01/un"
O Poder Mágico do Jejum,Yoshinori Nagumo,,"€12,96/un","€12,96/un"
TOP! Escrevo Sem Erros - 4º Ano,Porto Editora,,"€6,93/un","€6,93/un"
Monstros ao Trabalho - História para Colorir,Disney,,"€3,96/un","€3,96/un"
Alfa - Adição e Subtração - 2º e 3º Ano,Porto Editora,,"€5,94/un","€5,94/un"
Vou Tirar 100% - 8º Ano (volume 2),Porto Editora,,"€10,71/un","€10,71/un"
Era Uma Vez Jorge Sampaio,Vários Autores,,"€20,61/un","€20,61/un"
O Nascimento de Jesus,Vários Autores,,"€9,86/un","€9,86/un"
Cores e Números,La Coccinella,,"€7,11/un","€7,11/un"
Vamos Aprender os Números,Vários Autores,,"€14,31/un","€14,31/un"
Pinta os teus Unicórnios,Vários Autores,,"€15,21/un","€15,21/un"
Morte no Estádio,Francisco José Viegas,,"€14,94/un","€14,94/un"
Steve Jobs,Walter Isaacson,,"€27,86/un","€27,86/un"
"Passo a Passo, Vamos Colar - Animais",Emma Munro Smith,,"€7,61/un","€7,61/un"
Fichas de Português - 3º Ano,António Marcelino e Ricardo Antunes,,"€7,92/un","€7,92/un"
Olhar para Trás,Juan Gabriel Vásquez,,"€20,66/un","€20,66/un"
Uma História de Extremos,Dan Carlin,,"€16,92/un","€16,92/un"
Genialmente - 5-6 Anos,Booksmile,,"€7,61/un","€7,61/un"
A Alma do Índio,Charles Alexander Eastman,,"€11,21/un","€11,21/un"
Rafa - Kit de Avaliação - 4º Ano,Areal Editores,,"€10,35/un","€10,35/un"
Biografia José Saramago,João Marques Lopes,,"€11,70/un","€11,70/un"
Dicionário Escolar Língua Portuguesa - 5º e 6º Ano,Porto Editora,,"€4,95/un","€4,95/un"
Orelhas Fofas - Coelho,Yoyo Studios,,"€11,69/un","€11,69/un"
Porque Falham as Nações,Daron Acemoglu e James Robinson,,"€19,76/un","€19,76/un"
Preparar os Testes - Ciências Naturais - 9º Ano,Areal Editores,,"€13,41/un","€13,41/un"
O Primeiro Ano,Nora Roberts,,"€15,93/un","€15,93/un"
Para Sempre,Judith McNaught,,"€15,21/un","€15,21/un"
O Sapinho Saltitão,Jannie Ho,,"€7,11/un","€7,11/un"
Escreve e Apaga - Aprender a Contar - 1º Ano,Elizabeth Golding,,"€10,76/un","€10,76/un"
Os Animais,Magda Garguláková,,"€9,44/un","€9,44/un"
"Buraquinhos - Nana, Nana, Meu Menino",Gabriele Clima e Filippo Brunello,,"€5,85/un","€5,85/un"
Preparar os Testes - Inglês - 9º Ano,Areal Editores,,"€13,41/un","€13,41/un"
O Livro dos Ressignificados,Akapoeta (João Doederlein),,"€15,75/un","€15,75/un"
Amo-te... Apesar de Ti,Sophie Kinsella,,"€14,85/un","€14,85/un"
Como Estrelas Cadentes,Sveva Casati Modignani,,"€16,92/un","€16,92/un"
Colomaestro - Tigre,Yoyo Studios,,"€3,59/un","€3,59/un"
Animais no Comboio,Ester Tomè,,"€16,92/un","€16,92/un"
O Cientista Responde,Vários Autores,,"€15,21/un","€15,21/un"
Filhos do Éden,Ken Follett,,"€18,81/un","€18,81/un"
Preparar a Prova Final 2020 - Matemática - 9º Ano,Raiz Editora,,"€13,41/un","€13,41/un"
Escreve e Apaga - Labirintos,Vários Autores,,"€8,91/un","€8,91/un"
"Roller Micro de Tinta Azul, Preta, Verde e Vermelha",Fegol,4 un,"€4,19/un","€4,19/un"
O Filho Pródigo,Danielle Steel,,"€14,94/un","€14,94/un"
Derrubar o Duque,Evie Dunmore,,"€15,93/un","€15,93/un"
Ashenden - O Agente Britânico,Somerset Maugham,,"€16,11/un","€16,11/un"
Marcador de Tinta Fluorescente Amarela,Pilot,1 un,"€2,99/un","€2,99/un"
Tempos Duros,Mario Vargas Llosa,,"€16,92/un","€16,92/un"
Memórias de Uma Cortesã,Wray Delaney,,"€15,21/un","€15,21/un"
As Joias de Tessa Kent,Judith Krantz,,"€15,75/un","€15,75/un"
O Bando das Cavernas Nº 13 - Na Maior Há Dez Mil Anos,Nuno Caravela,,"€10,76/un","€10,76/un"
Super Vamos Colorir - Vaca,Yoyo Studios,,"€6,74/un","€6,74/un"
O Terno Rebelde,Johanna Lindsey,,"€15,21/un","€15,21/un"
Cola e Pinta na Quinta - Verde 3+,Yoyo Studios,,"€6,29/un","€6,29/un"
A Natureza das Teorias da Conspiração,Michael Butter,,"€15,93/un","€15,93/un"
Aprende Estudo do Meio com o Bando das Cavernas,Nuno Caravela,,"€4,46/un","€4,46/un"
Posso Estar Errado,Björn Lindeblad,,"€13,41/un","€13,41/un"
Pasta de Arquivo A4 Lombada Estreita Touch com Elástico (várias cores),Oxford,1 un,"€6,59/un","€6,59/un"
A Joaninha Doentinha,Annalisa Lay,,"€6,21/un","€6,21/un"
Veste o Panda e os Amigos,Panda,,"€8,99/un","€8,99/un"
Inglês - Guião de Conversação,Booksmile,,"€10,76/un","€10,76/un"
A Grande Viagem à Volta do Mundo,Geronimo Stilton,,"€14,31/un","€14,31/un"
100 Palavras de Animais,Dawn Machell,,"€6,21/un","€6,21/un"
Plim! Exercícios de Gramática - 4º Ano,Texto,,"€7,65/un","€7,65/un"
A Mais Pequena,Lu Fraser,,"€11,07/un","€11,07/un"
Cherub Nº 8 - Cães Danados,Robert Muchamore,,"€11,97/un","€11,97/un"
O Amor é - Para Memória Futura,Júlio Machado,,"€14,94/un","€14,94/un"
Aprendo a Cortar e Colar! - Animais,Elizabeth Golding,,"€7,91/un","€7,91/un"
Gravity Falls - Perdidos de Amor,Disney,,"€8,91/un","€8,91/un"
Super Vamos Colorir - Hipo,Yoyo Studios,,"€6,74/un","€6,74/un"
Um Dia no Veterinário,Vários Autores,,"€7,92/un","€7,92/un"
O Leão Negro,Jude Deveraux,,"€14,85/un","€14,85/un"
"Porta-te Bem, Panda - Sempre a Rimar",Panda,,"€10,79/un","€10,79/un"
O Anjo com Barbas,Alice Vieira,,"€9,90/un","€9,90/un"
A Minha Malinha de Histórias Cintilantes,Vários Autores,,"€9,41/un","€9,41/un"
Colomaestro - Sapo,Yoyo Studios,,"€3,59/un","€3,59/un"
Isabel de Borgonha Ínclita Geração,Isabel Stilwell,,"€18,90/un","€18,90/un"
O Ano do Dilúvio,Margaret Atwood,,"€16,92/un","€16,92/un"
Na Quinta,Vários Autores,,"€12,51/un","€12,51/un"
"O Mundo da Inês Nº 8 - Mudanças, Segredos e Despedidas",Sara de Almeida Leite,,"€9,81/un","€9,81/un"
Aprendo com Sucesso - Inglês - 3º Ano,Fábula Educação,,"€8,96/un","€8,96/un"
Obscuritas,David Lagercrantz,,"€17,91/un","€17,91/un"
"Avós, Piranhas e Outras Histórias",Rocio Bonilla,,"€11,61/un","€11,61/un"
Genialmente Educação Pré-escolar - 3-4 Anos,Booksmile,,"€9,41/un","€9,41/un"
"Estou Nua, E Agora?",Francisco Salgueiro,,"€14,31/un","€14,31/un"
Operação - Sobrevivência,LEGO,,"€10,79/un","€10,79/un"
Genialmente - 8-9 Anos,Booksmile,,"€7,61/un","€7,61/un"
A Ilha do Tesouro,Robert Louis Stevenson,,"€12,51/un","€12,51/un"
Quando Estou Feliz,Vários Autores,,"€8,91/un","€8,91/un"
Qualquer Coisa de Bom,Sveva Casati Modignani,,"€15,93/un","€15,93/un"
Pasta de Arquivo A4 Lombada Estreita (várias cores),Note!,1 un,"€3,39/un","€3,39/un"
As Crónicas de Gelo e Fogo - A Fúria dos Reis (volume 3),George R. R. Martin,,"€17,13/un","€17,13/un"
O Homem Que Não Ligou,Rosie Walsh,,"€15,21/un","€15,21/un"
Planeta Verde - O Teu Livro de Atividades,Damara Strong,,"€12,59/un","€12,59/un"
O Meu Primeiro ABC,Vários Autores,,"€3,59/un","€3,59/un"
Qual é o Seu Eneatipo?,Liz Carver e Josh Green,,"€14,93/un","€14,93/un"
O Poder da Lua Nova,Keiko,,"€13,95/un","€13,95/un"
Um Dia na Livraria,Vários Autores,,"€7,92/un","€7,92/un"
Atlas Histórico dos Estados Unidos da América,Lauric Henneton,,"€17,10/un","€17,10/un"
A Bela Adormecida,Vários Autores,,"€8,91/un","€8,91/un"
"O Santo, o Surfista e a Executiva",Robin Sharma,,"€13,95/un","€13,95/un"
Lamas e Alpacas - Um Dia Inesquecível!,Vários Autores,,"€9,81/un","€9,81/un"
Escreve e Apaga - Desenhar Números,Vários Autores,,"€8,91/un","€8,91/un"
"Ai Ai Ai, Acabou-se a Energia!",Geronimo Stilton,,"€9,81/un","€9,81/un"
100 Factos Maravilhosos Sobre Animais Minúsculos,Yoyo Studios,,"€6,29/un","€6,29/un"
100 Factos Espantosos Sobre o Espaço,Yoyo Studios,,"€6,29/un","€6,29/un"
A Mulher no Expresso do Oriente,Lindsay Jayne Ashford,,"€14,94/un","€14,94/un"
A Conspiração Colombo,Steve Berry,,"€16,92/un","€16,92/un"
A Baleia Beatriz,Kirsten Påbøl Hansen,,"€7,11/un","€7,11/un"
Salva por um Escocês,Sarah MacLean,,"€17,99/un","€17,99/un"
O Bando das Cavernas Nº 20 - O Rebelde,Nuno Caravela,,"€10,76/un","€10,76/un"
A Primeira Vez Para Sempre,Sarah Morgan,,"€15,93/un","€15,93/un"
Resolvo Problemas - 1º Ano,Raiz Editora,,"€4,95/un","€4,95/un"
Orelhas Fofas - Urso,Yoyo Studios,,"€11,69/un","€11,69/un"
Mente em Forma,Sanjay Gupta,,"€15,30/un","€15,30/un"
Robinson Crusoé,Daniel Defoe e Christophe Lemoine,,"€12,51/un","€12,51/un"
Conjunto de 3 Blocos de Notas Aderentes 25x76mm,Post-it,1 un,"€6,29/un","€6,29/un"
"Querido Mundo, Como Estás?",Toby Little,,"€13,95/un","€13,95/un"
A História do Mundo em 25 Cidades,Tracey Turner e Andrew Donkin,,"€16,97/un","€16,97/un"
O Pintainho Amiguinho,Annalisa Lay,,"€6,21/un","€6,21/un"
Peekaboo - Panda,Yoyo Studios,,"€8,09/un","€8,09/un"
Flores para Dias Felizes,Maria Matos,,"€17,01/un","€17,01/un"
10 Fabulosas Histórias da Quinta,Yoyo Studios,,"€17,99/un","€17,99/un"
Hora H Nº 2 - Viagem a Portugal Pequenino,Maria João Lopo de Carvalho,,"€7,97/un","€7,97/un"
O Lugar das Árvores Tristes,Lénia Rufino,,"€14,31/un","€14,31/un"
Plim! Aprendo a Escrever Sem Erros - 3º Ano,Texto,,"€5,31/un","€5,31/un"
Play - Atividades Lúdicas - Inglês - 3º Ano,Fábula Educação,,"€5,93/un","€5,93/un"
Vamos Todos Morrer,Hugo van der Ding,,"€16,61/un","€16,61/un"
Os (Mini) Sete Nº 3 - Uma Tarde com o Clube,Enid Blyton,,"€7,97/un","€7,97/un"
Colomaestro - Cão,Yoyo Studios,,"€3,59/un","€3,59/un"
Prontos para a Escola! Amarelo +4,Yoyo Studios,,"€4,49/un","€4,49/un"
Plim! Aprendo e Treino a Leitura - 3º Ano,Texto,,"€5,31/un","€5,31/un"
O Grande Livro de Respostas - Os Alimentos,Yoyo Studios,,"€10,79/un","€10,79/un"
Subterrâneo,James Rollins,,"€16,92/un","€16,92/un"
Superfofo,Make Believe Ideas,,"€8,99/un","€8,99/un"
A Minha Malinha Fabulosa de Jogos e Atividades,Michael Emmerson,,"€8,01/un","€8,01/un"
O Livro da Esperança,Jane Goodall e Douglas Abrams,,"€15,92/un","€15,92/un"
Receitas Que Fazem Sonhar,Vários Autores,,"€11,97/un","€11,97/un"
Fichas de Inglês Nível B1 - 8º Ano,Areal Editores,,"€9,81/un","€9,81/un"
As Rodas do Autocarro,Vários Autores,,"€8,91/un","€8,91/un"
Genialmente Educação Pré-Escolar - 4-5 Anos,Booksmile,,"€9,41/un","€9,41/un"
Cola e Pinta na Quinta - Lilás 4+,Yoyo Studios,,"€6,29/un","€6,29/un"
Genialmente - 7-8 Anos,Booksmile,,"€7,61/un","€7,61/un"
Descobrir a Gramática - 2º Ano,Fábula Educação,,"€7,97/un","€7,97/un"
Desenvolve Conhecimentos - Verde,Yoyo Studios,,"€4,49/un","€4,49/un"
Aprende Geometria e Medida - 1º ao 4º Ano,Fábula Educação,,"€3,59/un","€3,59/un"
Diva - A Vida Oculta de Maria Callas,Lyndsy Spence,,"€17,91/un","€17,91/un"
Vamos Aprender 3-5 Anos,Fábula,,"€11,96/un","€11,96/un"
Notre-Dame de Paris,Victor Hugo e Claude Carre,,"€12,51/un","€12,51/un"
Ursito Tito - Jogador de Futebol,Benji Davies,,"€8,01/un","€8,01/un"
Super Vamos Colorir - Gato,Yoyo Studios,,"€6,74/un","€6,74/un"
Chef de Raiz,Leonardo Pereira,,"€19,71/un","€19,71/un"
Escondidos à Vista de Todos,Jeffrey Archer,,"€15,93/un","€15,93/un"
Os Anos do Jardim de Infância,Hedvig Montgomery,,"€15,21/un","€15,21/un"
Bela & Boo e a Surpresa de Aniversário,Mandy Sutcliffe,,"€9,81/un","€9,81/un"
O Espetáculo dos Aristogatos,Vários Autores,,"€5,36/un","€5,36/un"
Maria Lua - A Escola Vai Começar!,Harriet Muncaster,,"€9,41/un","€9,41/un"
Trapalhadas na Escola - Concurso de Talentos,Jason Platt,,"€12,51/un","€12,51/un"
1000 Palavras Úteis,Dorling Kindersley,,"€11,61/un","€11,61/un"
"Boa Noite, Querido Pinguim",Vários Autores,,"€7,65/un","€7,65/un"
Tempo de Mulheres,Carmen Korn,,"€17,91/un","€17,91/un"
Caderno de Apoio ao Estudo - Matemática - 6º Ano,Asa,,"€8,01/un","€8,01/un"
Os Sete Nº 2 - Uma Aventura dos Sete,Enid Blyton,,"€7,97/un","€7,97/un"
O Amor Venceu,Zibia Gasparetto,,"€17,99/un","€17,99/un"
Para Quê Tudo Isto?,Álvaro Magalhães,,"€17,91/un","€17,91/un"
O Poder de Escolher,Annie Marquier,,"€15,71/un","€15,71/un"
O Quidditch Através dos Tempos,J. K. Rowling,,"€23,31/un","€23,31/un"
Escreve e Apaga - Atividades para as Férias,Lucy Bowman,,"€8,91/un","€8,91/un"
Atividades Divertidas com o Tigre Riscado,Emma Smith,,"€7,97/un","€7,97/un"
Fichas de Inglês - Níveis A2.1/A2.2 - 7º Ano,Areal Editores,,"€9,81/un","€9,81/un"
Mais do Que Possuir,Shayla Black,,"€15,93/un","€15,93/un"
Mundo Jurássico - Reino Caído - Missão de Resgate,Vários Autores,,"€13,46/un","€13,46/un"
A Minha Malinha de Histórias Mágicas,Vários Autores,,"€9,41/un","€9,41/un"
O Meu Primeiro Escreve e Apaga - Números 1 a 20,Vários Autores,,"€8,06/un","€8,06/un"
Squid Game - Manual Não Oficial,Park Minjoon,,"€12,15/un","€12,15/un"
Uma Missão Secreta em Londres,Geronimo Stilton,,"€9,81/un","€9,81/un"
A Terra é Radical!,James Doyle,,"€9,89/un","€9,89/un"
Aprende Com Pop-Up - Números,Yoyo Studios,,"€8,99/un","€8,99/un"
Hansel e Gretel - Aprende o Que Esconde a Floresta!,Sabina Konecna,,"€13,49/un","€13,49/un"
As Mais Belas Histórias de Princesas,Vários Autores,,"€13,41/un","€13,41/un"
Como Convenci o Meu Marido a Lavar a Louça - O Método Fair Play,Eve Rodsky,,"€14,85/un","€14,85/un"
Princesas Alegres,Vários Autores,,"€8,01/un","€8,01/un"
Arsène Lupin - O Triângulo de Ouro,Maurice Leblanc,,"€15,75/un","€15,75/un"
Palavras Viajantes - Animais,Vários Autores,,"€6,98/un","€6,98/un"
Preparar a Prova Final - Matemática - 9º Ano,Areal Editores,,"€13,41/un","€13,41/un"
O Bando das Cavernas Nº 19 - Que Susto!,Nuno Caravela,,"€10,76/un","€10,76/un"
Preparar os Testes - Matemática - 9º Ano,Areal Editores,,"€13,41/un","€13,41/un"
A Princesa e o Sapo,Wonder Studio,,"€9,44/un","€9,44/un"
Jane Goodall,Maria Isabel Sánchez Vegara,,"€12,56/un","€12,56/un"
Suite 405,Sveva Casati Modignani,,"€15,93/un","€15,93/un"
"Da Raiz à Rama: Nada Se Perde, Tudo Se Cozinha",Sofia Magalhães,,"€17,09/un","€17,09/un"
TOP! Escreve e Apaga - Somar e Subtrair,Vários Autores,,"€9,81/un","€9,81/un"
A Saga de Um Pensador,Augusto Cury,,"€14,94/un","€14,94/un"
A Órfã e o Fidalgo,Cheryl Holt,,"€15,21/un","€15,21/un"
"Os (Mini) Sete Nº 5 - Depressa, Sete, Depressa!",Enid Blyton,,"€7,97/un","€7,97/un"
Vera Lagoa,Maria João da Câmara,,"€19,71/un","€19,71/un"
Pinta com os Dedos!,Emma Smith,,"€12,95/un","€12,95/un"
Resolvo Problemas - 2º Ano,Raiz Editora,,"€4,95/un","€4,95/un"
Tinta Acrílica ArtCreation Azul Turquesa 75ml,Talens,1 un,"€3,29/un","€3,29/un"
O Bando das Cavernas Nº 17 - A Invasão das Formigas,Nuno Caravela,,"€10,76/un","€10,76/un"
Preparar os Testes - Ciências Naturais - 7º Ano,Areal Editores,,"€13,41/un","€13,41/un"
A Minha Malinha Dourada e Cintilante,Vários Autores,,"€8,01/un","€8,01/un"
Angry Birds 2 - Narrativa Juvenil,Vários Autores,,"€8,91/un","€8,91/un"
Pontos de Pressão,Amanda Oswald,,"€13,41/un","€13,41/un"
O Meu Amigo Fofinho - Elefante,Yoyo Studios,,"€14,99/un","€14,99/un"
O Bando das Cavernas - O Diário do Tocha,Nuno Caravela,,"€14,99/un","€14,99/un"
As Nove Magníficas,Helena Sacadura Cabral,,"€10,50/un","€10,50/un"
TOP! Aprendo...a Calcular - Adição e Subtração - 1º ao 4º Ano,Porto Editora,,"€6,93/un","€6,93/un"
Born to Run,Bruce Springsteen,,"€23,36/un","€23,36/un"
A Peste Maldita,Alex Connor,,"€15,75/un","€15,75/un"
Anna Kadabra Nº 1 - O Clube da Lua Cheia,Pedro Mañas,,"€9,81/un","€9,81/un"
Diário de uma Totó Nº 3,Rachel Renée Russell,,"€13,05/un","€13,05/un"
Cherub Nº 6 - Olho por Olho,Robert Muchamore,,"€11,97/un","€11,97/un"
Aprende a Tabuada,Fábula Educação,,"€3,59/un","€3,59/un"
Vem Voar Comigo,Margarida Rebelo Pinto,,"€13,95/un","€13,95/un"
Quiz Mágico 3+,Vários Autores,,"€6,93/un","€6,93/un"
"Preparar, Apontar, Resgatar!",Vários Autores,,"€9,86/un","€9,86/un"
Onde o Desejo se Esconde,Nora Roberts,,"€15,98/un","€15,98/un"
Joe Biden - Do Homem ao Presidente,Evan Osnos,,"€14,31/un","€14,31/un"
O Guardião 3 - Fantasmas em Porto Cervo,Yves Sente,,"€13,50/un","€13,50/un"
A Ilha,Ragnar Jónasson,,"€15,92/un","€15,92/un"
Chinês - Dicionário Ilustrado,Booksmile,,"€12,56/un","€12,56/un"
Papel Crepe Azul Escuro 50x25cm,Liderpapel,1 un,"€0,79/un","€0,79/un"
Mala de Atividades - Casas Mágicas,Vários Autores,,"€11,61/un","€11,61/un"
Aprende Com Pop-Up - Animais,Yoyo Studios,,"€8,99/un","€8,99/un"
Fichas de Português - 8º Ano,Areal Editores,,"€9,81/un","€9,81/un"
Mulheres Enclausuradas,Arlindo Manuel Caldeira,,"€17,01/un","€17,01/un"
A Capuchinho Vermelho - Aprende sobre os animais da floresta!,Jana Sedlackova,,"€13,49/un","€13,49/un"
"Filhos Brilhantes, Alunos Fascinantes",Augusto Cury,,"€12,96/un","€12,96/un"
Animal Crossing: New Horizons - Guia de Residentes,Claire Lister,,"€11,42/un","€11,42/un"
Tabuadas,Vários Autores,,"€8,01/un","€8,01/un"
O Segredo do Rio,Miguel Sousa Tavares,,"€13,95/un","€13,95/un"
É Tão Fácil Ser… - Amigo,Vários Autores,,"€12,56/un","€12,56/un"
Prontos para a Escola! Verde +3,Yoyo Studios,,"€4,49/un","€4,49/un"
Tico - Pasta de Avaliação - 4º Ano,Gailivro,,"€9,90/un","€9,90/un"
Explicador 3 - Português e Matemática - 3º Ano,Porto Editora,,"€7,92/un","€7,92/un"
O Bando das Cavernas Nº 6 - Todos a Bordo!,Nuno Caravela,,"€10,76/un","€10,76/un"
Colomaestro - Vaca,Yoyo Studios,,"€3,59/un","€3,59/un"
O Quinto Ano no Colégio das Quatro Torres,Enid Blyton,,"€8,91/un","€8,91/un"
Cesto de Papéis Amarelo,Note!,1 un,"€4,99/un","€4,99/un"
Galinha e Pintainho,Yoyo Studios,,"€10,79/un","€10,79/un"
Os Conspiradores,Un-Su Kim,,"€16,11/un","€16,11/un"
No Sonho Selvagem do Alquimista,Mariana Mortágua,,"€15,21/un","€15,21/un"
Era uma vez em Hollywood,Quentin Tarantino,,"€17,91/un","€17,91/un"
Quiz Mágico 4+,Vários Autores,,"€6,93/un","€6,93/un"
Tinta Acrílica ArtCreation Azul Brilhante 75ml,Talens,1 un,"€3,29/un","€3,29/un"
O Segredo de Leonardo da Vinci,Geronimo Stilton,,"€9,81/un","€9,81/un"
Os Duques Preferem as Loiras,Loretta Chase,,"€15,93/un","€15,93/un"
Olha o que Encontrei na Praia,Moira Butterfield,,"€12,56/un","€12,56/un"
O Mundo Misterioso do Zé,Jack Ryder,,"€8,91/un","€8,91/un"
Os Ambiciosos,Michelle Miller,,"€15,93/un","€15,93/un"
Espreita e Descobre - A Natureza,Clever,,"€9,81/un","€9,81/un"
Vivo ou Morto,Michael Robotham,,"€16,11/un","€16,11/un"
"Escola, Aqui Vou Eu!",Vários Autores,,"€9,81/un","€9,81/un"
O Livro da Sorte e do Sucesso,Robin Sharma,,"€13,95/un","€13,95/un"
Avó Z,Daniel Gray-Barnett,,"€12,95/un","€12,95/un"
Coelha - Rosa,Yoyo Studios,,"€6,29/un","€6,29/un"
Um Pequeno Favor,Darcey Bell,,"€16,92/un","€16,92/un"
Alfredo Quintana - Um Guerreiro Extraordinário,Joana Moreira,,"€12,96/un","€12,96/un"
Amigos do Lago - Livro de Banho,Vários Autores,,"€8,09/un","€8,09/un"
As Formas,Magda Garguláková,,"€9,44/un","€9,44/un"
Sex Education - The Roadtrip,Katy Birchall,,"€15,71/un","€15,71/un"
Pequenos Grandes Amigos - Cão,Vários Autores,,"€7,65/un","€7,65/un"
A Arte de não Fazer Nada,Celeste Headlee,,"€14,94/un","€14,94/un"
Vamos Aprender 6-7 Anos,Fábula,,"€11,96/un","€11,96/un"
Vamos Descobrir?,Roberta Pagnoni,,"€5,31/un","€5,31/un"
A Mãe de Frankenstein,Almudena Grandes,,"€19,80/un","€19,80/un"
"Saco de Presente Glitter 34,5x28x14cm (várias cores)",Note!,1 un,"€2,00/un","€2,00/un"
Fichas de Físico-Química - 7º Ano,Areal Editores,,"€9,81/un","€9,81/un"
Descobrir a Gramática - 1º Ano,Fábula Educação,,"€7,97/un","€7,97/un"
Preparar os Testes - Inglês - 7º Ano,Areal Editores,,"€13,41/un","€13,41/un"
A Minha Mala Arco-Íris,Vários Autores,,"€8,91/un","€8,91/un"
Pato Aventuras - Manual do Escuteiro Mirim - Em Casa e Não Só,Disney,,"€6,93/un","€6,93/un"
Porta Revista Amarelo,Note!,1 un,"€3,99/un","€3,99/un"
Unicórnios Mágicos,Stephanie Moss,,"€8,45/un","€8,45/un"
Os Indomáveis F. C. Nº 4 - Contra Tudo e Contra Todos,Álvaro Magalhães,,"€8,91/un","€8,91/un"
Reencontro no Céu,Mitch Albom,,"€13,41/un","€13,41/un"
O Bando das Cavernas Nº 31 - O Tzick Gigante!,Nuno Caravela,,"€10,76/un","€10,76/un"
"A Aranha Antonieta e o 1, 2, 3",Vanessa Namora Caeiro,,"€13,46/un","€13,46/un"
A Primeira Dança de Mogli,Vários Autores,,"€5,36/un","€5,36/un"
Preparar os Testes - Físico-Química - 7º Ano,Areal Editores,,"€13,41/un","€13,41/un"
Pug - Amigos com Ritmo,Vários Autores,,"€7,97/un","€7,97/un"
Eureka! Para Escrever Sem Erros - 1º Ano,Areal Editores,,"€6,93/un","€6,93/un"
O que Aprendi em Auschwitz,Edith Eger,,"€13,95/un","€13,95/un"
O Guia Definitivo dos Chakras,Athena Perrakis,,"€17,99/un","€17,99/un"
Já fizeste os TPC? - 6º Ano,Areal Editores,,"€9,81/un","€9,81/un"
Explicador - Português e Matemática - 4º Ano,Porto Editora,,"€7,92/un","€7,92/un"
Aprendo com os Animais,Susana Hoslet Barrios,,"€10,98/un","€10,98/un"
O Clube das Baby-Sitters,Ann M. Martin,,"€8,01/un","€8,01/un"
Como Desenhar Animais Marinhos,Anna Betts,,"€8,99/un","€8,99/un"
Chinês - Guião de Conversação,Booksmile,,"€10,76/un","€10,76/un"
Genialmente - 9-10 Anos,Booksmile,,"€7,61/un","€7,61/un"
Os Nossos Heróis do Desporto,Rui Miguel Tovar,,"€15,71/un","€15,71/un"
Herança,Vigdis Hjorth,,"€16,92/un","€16,92/un"
A Maldição do Marquês,Tiago Rebelo,,"€17,01/un","€17,01/un"
A Rapariga Rebelde Está imparável,Enid Blyton,,"€8,91/un","€8,91/un"
Sapo Lilás,Yoyo Studios,,"€6,29/un","€6,29/un"
Quando Eu For Grande - Porquê? Perguntas e Respostas,Yoyo Studios,,"€9,99/un","€9,99/un"
Unicórnios Mágicos,Vários Autores,,"€8,01/un","€8,01/un"
O Bando das Cavernas Nº 33 - Maré Alta!,Nuno Caravela,,"€10,76/un","€10,76/un"
O Atlas dos Cães,"Ester Dobiášová, Jana Sedlackova e Štepánka Sekaninová",,"€12,51/un","€12,51/un"
A Fada Rosix e o Anel da Meia-Noite,Enid Blyton,,"€8,01/un","€8,01/un"
Preparar os Testes - Português - 7º Ano,Areal Editores,,"€13,41/un","€13,41/un"
Até Que o Amor me Mate,Maria João Lopo de Carvalho,,"€18,81/un","€18,81/un"
O Bando das Cavernas Nº 21 - Máquina Genial,Nuno Caravela,,"€10,76/un","€10,76/un"
O Pequeno Livro da Gentileza,Geronimo Stilton,,"€9,81/un","€9,81/un"
O Meu Kit de Atividades - Moda,Vários Autores,,"€7,92/un","€7,92/un"
Mais do Que Desejar,Shayla Black,,"€15,93/un","€15,93/un"
Mais do Que Seduzir,Shayla Black,,"€15,93/un","€15,93/un"
Transforme o Seu Corpo e a sua Vida em 22 Dias,Marco Borges,,"€14,90/un","€14,90/un"
O ABC da Vida,Helena Sacadura Cabral,,"€15,26/un","€15,26/un"
Amigos da Quinta,Vários Autores,,"€4,94/un","€4,94/un"
Uma Aventura Pop-Up - Na Água,Yoyo Studios,,"€12,59/un","€12,59/un"
Explorar é Divertido - Descobre a Escola,Vários Autores,,"€12,59/un","€12,59/un"
Play - Atividades Lúdicas - Inglês - 4º Ano,Fábula Educação,,"€5,93/un","€5,93/un"
Os Indomáveis F. C. Nº 9 - A Guerra das Tribos,Álvaro Magalhães,,"€8,91/un","€8,91/un"
Segue Aquele Trator!,Georgie Taylor,,"€9,41/un","€9,41/un"
Limites da Fundação,Isaac Asimov,,"€17,91/un","€17,91/un"
Tu És Tão Fofo! - Ursinho,Yoyo Studios,,"€12,59/un","€12,59/un"
Um Mistério de Hercule Poirot Nº 3 - Um Crime no Expresso do Oriente,Agatha Christie,,"€9,90/un","€9,90/un"
"Dorme Bem, Gaspar",Miriam Moss e Anna Currey,,"€8,91/un","€8,91/un"
Do Fundo do Coração,Nora Roberts,,"€16,97/un","€16,97/un"
Haven Nº 3 - Armadilha,Simon Lelic,,"€11,97/un","€11,97/un"
A Força da Rainha,Paula Veiga,,"€14,85/un","€14,85/un"
Os Judeus de Pio XII,Johan Ickx,,"€23,36/un","€23,36/un"
Dicionário Escolar Ilustrado - Português - 5º e 6º Ano,Texto,,"€4,91/un","€4,91/un"
Resolvo Problemas - 3º Ano,Raiz Editora,,"€4,95/un","€4,95/un"
Nada Enfurece Mais Uma Mulher,George R. R. Martin e Gardner Dozois,,"€16,92/un","€16,92/un"
Peekaboo - Cão,Yoyo Studios,,"€8,09/un","€8,09/un"
Os Sete Nº 5 - Uma Aventura dos Sete,Enid Blyton,,"€8,91/un","€8,91/un"
Esquadro Graphic 45º 26cm,Maped,1 un,"€2,19/un","€2,19/un"
"Preguiças, Lamas, Sereicórnios e Muito Mais!",Vários Autores,,"€11,61/un","€11,61/un"
Aquacadabra - Baleia,Yoyo Studios,,"€7,19/un","€7,19/un"
Verdades Escondidas,Muna Shehadi,,"€17,99/un","€17,99/un"
Atlas dos Animais,Tomás Tuma,,"€12,15/un","€12,15/un"
Ainda Há Sexo na Cidade?,Candace Bushnell,,"€14,31/un","€14,31/un"
O Mistério da Minha Irmã,Tracy Buchanan,,"€14,94/un","€14,94/un"
A Mentira,Nora Roberts,,"€15,93/un","€15,93/un"
O Bando das Cavernas Nº 24 -Labirinto,Nuno Caravela,,"€10,76/un","€10,76/un"
Sabe Mais - Adição e Subtração - 1º e 2º Ano,Fábula Educação,,"€4,94/un","€4,94/un"
Sabe Mais - Multiplicação e Divisão - 3º e 4º Ano,Fábula Educação,,"€4,94/un","€4,94/un"
"Quá, Quá!",Vários Autores,,"€8,91/un","€8,91/un"
Um Vasto Céu Azul,Kate Atkinson,,"€16,92/un","€16,92/un"
Escreve e Apaga - Aprende Com os Amigos,Vários Autores,,"€11,61/un","€11,61/un"
A Bela Adormecida - Aprende o Que Esconde o Jardim!,Sabina Konecna,,"€13,49/un","€13,49/un"
O Fabuloso Livro das Rochas,Amy Ball e Florence Bullough,,"€12,95/un","€12,95/un"
O Legado da Papisa,Helga Glaesener,,"€18,81/un","€18,81/un"
Meditação Plena,Deepak Chopra,,"€16,61/un","€16,61/un"
O Manuscrito Misterioso,Geronimo Stilton,,"€7,63/un","€7,63/un"
Uma Mãe Perfeita,Aimee Molloy,,"€15,21/un","€15,21/un"
Desenvolve Conhecimentos - Azul,Yoyo Studios,,"€4,49/un","€4,49/un"
Sono Ideal,Dr. Michael Mosley,,"€14,94/un","€14,94/un"
Os Brinquedos Tomam Banho,Gabriele Clima,,"€8,01/un","€8,01/un"
Vá de Roda - Matemática 4-5 Anos,Nova Gaia,,"€9,90/un","€9,90/un"
Colomania - Verde,Yoyo Studios,,"€8,99/un","€8,99/un"
Abraça-me - Pequeno Cão,Yoyo Studios,,"€7,19/un","€7,19/un"
O Mundo que Conhecíamos,Alice Hoffman,,"€16,92/un","€16,92/un"
Economia - Tudo o que Precisa de Saber,Alfred Mill,,"€15,21/un","€15,21/un"
A Lebre e a Tartaruga,Wonder Studio,,"€9,44/un","€9,44/un"
Meditação Prática,Benjamin W. Decker,,"€16,19/un","€16,19/un"
As Suas Próximas 5 Jogadas,Patrick Bet-David e Greg Dinkin,,"€17,94/un","€17,94/un"
Alerta Vermelho,Bill Browder,,"€20,69/un","€20,69/un"
O Gato das Botas,Denise Holmberg e Verónica Casas,,"€13,41/un","€13,41/un"
Escreve e Apaga - Primeiros Jogos,"Jessica Greenwell, Claire Ever e Stacey Lamb",,"€8,91/un","€8,91/un"
Contos Para Uma Nova Realidade,Begoña Ibarrola,,"€11,61/un","€11,61/un"
Não Pode Ser Verdade! - Animais,Vários Autores,,"€16,11/un","€16,11/un"
Os Cinco Nº 3 - Os Cinco Voltam à Ilha,Enid Blyton,,"€8,91/un","€8,91/un"
A Bússola da Alimentação,Bas Kast,,"€18,89/un","€18,89/un"
Colomania - Vermelho,Yoyo Studios,,"€8,99/un","€8,99/un"
Para Além do Medo,Ana Isabel Pedroso,,"€17,09/un","€17,09/un"
Até te Encontrar,Kate Eberlen,,"€15,75/un","€15,75/un"
A Viúva e o Papagaio,Virginia Woolf,,"€13,95/un","€13,95/un"
Piratas e Corsários,Ana Maria Magalhães e Isabel Alçada,,"€9,81/un","€9,81/un"
Marilyn - Uma Biografia,María Hesse,,"€17,51/un","€17,51/un"
Um Homem em Chamas,Paul Auster,,"€26,91/un","€26,91/un"
"Heitor, o Explorador",Vários Autores,,"€9,44/un","€9,44/un"
Cola e Pinta na Quinta - Amarelo 3+,Yoyo Studios,,"€6,29/un","€6,29/un"
Ordem em Gotham City,Vários Autores,,"€9,44/un","€9,44/un"
Testes? Estou Preparado! - História e Geografia de Portugal - 5º Ano,Porto Editora,,"€12,51/un","€12,51/un"
Cortina de Fumo,Jørn Lier Horst e Thomas Enger,,"€16,92/un","€16,92/un"
Confidências,Felipa Garnel,,"€13,50/un","€13,50/un"
Aquitânia,Eva G. Sáenz de Urturi,,"€16,11/un","€16,11/un"
Genialmente - 4-5 Anos,Booksmile,,"€7,61/un","€7,61/un"
Uma Aventura Pop-Up - Na Quinta,Yoyo Studios,,"€12,59/un","€12,59/un"
Janela Mágica - Bebés,Yoyo Studios,,"€9,99/un","€9,99/un"
Espaço,Yoyo Studios,,"€12,59/un","€12,59/un"
Nomadland,Jessica Bruder,,"€16,15/un","€16,15/un"
A Viagem do Salmão,Henrique Sá Pessoa e José Luís Peixoto,,"€20,61/un","€20,61/un"
Quinta,Vários Autores,,"€9,81/un","€9,81/un"
Aprende em Casa com o Elmer,David McKee,,"€8,96/un","€8,96/un"
Boa Nota! Preparação para os Testes - 8º Ano (volume 2),Asa,,"€10,80/un","€10,80/un"
Cola e Pinta na Quinta - Azul 4+,Yoyo Studios,,"€6,29/un","€6,29/un"
Hora de Dormir - Hipopótamo,Yoyo Studios,,"€14,99/un","€14,99/un"
Os Livros do Todd - Não Tenho Medo,Todd Parr,,"€11,69/un","€11,69/un"
Mulheres Perigosas,George R. R. Martin e Gardner Dozois,,"€16,92/un","€16,92/un"
Aprende e Brinca - Vermelho,Yoyo Studios,,"€5,39/un","€5,39/un"
Aprende e Brinca - Verde,Yoyo Studios,,"€5,39/un","€5,39/un"
A Névoa,Ragnar Jónasson,,"€16,61/un","€16,61/un"
MaddAddam,Margaret Atwood,,"€16,92/un","€16,92/un"
Trono de Vidro 3 - Herdeira do Fogo,Sarah J. Maas,,"€17,91/un","€17,91/un"
Orelhas Fofas - Gato,Yoyo Studios,,"€11,69/un","€11,69/un"
Faço Contas de Cabeça - 1º Ano,Raiz Editora,,"€5,94/un","€5,94/un"
A Mágica Noite dos Elfos,Geronimo Stilton,,"€9,81/un","€9,81/un"
Pensar Perder o Peso Que Pesa,Isabel do Carmo,,"€12,51/un","€12,51/un"
Dante. Uma Vida.,Alessandro Barbero,,"€17,91/un","€17,91/un"
1000 Anos de Alegrias e Tristezas,Ai Weiwei,,"€24,71/un","€24,71/un"
Inglês - Dicionário Ilustrado,Booksmile,,"€12,56/un","€12,56/un"
Boundless - Saúde Sem Limites,Ben Greenfield,,"€49,61/un","€49,61/un"
Já Sei Tomar Banho Sozinho!,Patrícia Geis,,"€9,89/un","€9,89/un"
Pinta o Teu Espetacular Cãozinho!,Vários Autores,,"€12,96/un","€12,96/un"
Saco de Garrafa Xadrez Vermelho 39x9x14cm,Note!,1 un,"€1,25/un","€1,25/un"
CHerub Nº 17 - Novo Exército,Robert Muchamore,,"€11,97/un","€11,97/un"
Os Animais,Stephanie Evans,,"€10,76/un","€10,76/un"
As Aventuras de Ali-A,Ali-A,,"€13,95/un","€13,95/un"
Diversão na Quinta,Stephanie Moss,,"€8,45/un","€8,45/un"
Faço Contas de Cabeça - 3º Ano,Raiz Editora,,"€5,94/un","€5,94/un"
Aprenda a Gostar da Sua Idade,Barbara Hannah Grufferman,,"€17,91/un","€17,91/un"
Desafios Fantásticos para Resolver,Elizabeth Golding,,"€10,43/un","€10,43/un"
Diário de Uma Rapariga Desaparecida,Marsha Forchuk Skrypuch,,"€11,97/un","€11,97/un"
Striker Force 7 (volume 2),Cristiano Ronaldo,,"€13,41/un","€13,41/un"
Eureka! - Para Escrever Sem Erros - 4º Ano,Areal Editores,,"€6,93/un","€6,93/un"
Político Esfaqueado ou é Morto ou é Eleito,Judite Sousa,,"€13,50/un","€13,50/un"
Regresso à Casa de Verão,Jude Deveraux,,"€14,94/un","€14,94/un"
Minimalismo - Divisão a Divisão,Elizabeth Enright Phillips,,"€17,09/un","€17,09/un"
O Bando das Cavernas Nº 29 - O Elo Perdido!,Nuno Caravela,,"€10,76/un","€10,76/un"
Ema e as Luzes da Noite,Lucy Fleming,,"€11,07/un","€11,07/un"
Nome de Código: Águia-Real,Anónimo,,"€16,91/un","€16,91/un"
Tarot dos Anjos - Um Guia Completo,Maria Olinda,,"€19,98/un","€19,98/un"
Cherub Nº 10 - O General,Robert Muchamore,,"€11,97/un","€11,97/un"
Revista Exame Informática,Exame,1 un,"€4,10/un","€4,10/un"
O Grande Livro das Alergias,Leo Galland e Jonathan Galland,,"€15,21/un","€15,21/un"
"Meu Cão, Meu Guru",Gilles Moutounet,,"€10,80/un","€10,80/un"
Um Espião em Fuga,Robert Dugoni,,"€18,86/un","€18,86/un"
Aprende a Escrever - Prepara-te para a Escola!,Moira Butterfield,,"€10,76/un","€10,76/un"
Os Caminhos do Amor,Nora Roberts,,"€17,91/un","€17,91/un"
"3, 2, 1, Vamos Aprender! - 1º Ano",Fábula Educação,,"€5,99/un","€5,99/un"
Corpo,Yoyo Studios,,"€9,99/un","€9,99/un"
Cherub Nº 11 - Gangues,Robert Muchamore,,"€11,97/un","€11,97/un"
Quinta,Yoyo Studios,,"€9,99/un","€9,99/un"
O Meu Amigo Fofinho - Ouriço,Yoyo Studios,,"€14,99/un","€14,99/un"
V2,Robert Harris,,"€16,11/un","€16,11/un"
Escreve e Apaga - Rabiscos,Claire Ever e Stacey Lamb,,"€8,91/un","€8,91/un"
Orelhas Fofas - Vaca,Yoyo Studios,,"€11,69/un","€11,69/un"
De Maneira Que é Claro...,Mário de Carvalho,,"€14,94/un","€14,94/un"
Plim! Aprendo e Pratico Frações - 4º Ano,Texto,,"€5,31/un","€5,31/un"
Mocho Verde,Yoyo Studios,,"€6,29/un","€6,29/un"
Plim! Aprendo a Escrever Sem Erros - 4º Ano,Texto,,"€5,31/un","€5,31/un"
Caderno Agrafado Plastificado A5 Quadriculado,Note!,1 un,"€1,79/un","€1,79/un"
Prontos para a Escola! Azul +6,Yoyo Studios,,"€4,49/un","€4,49/un"
A Primeira Noite de Natal,Virginie Aladjidi e Caroline Pellissier,,"€11,66/un","€11,66/un"
Faço Contas de Cabeça - 2º Ano,Raiz Editora,,"€5,94/un","€5,94/un"
Lendas dos Heróis do Condor - Nasce Um Herói,Jin Yong,,"€15,93/un","€15,93/un"
"Esferográfica Studygram de Tinta Azul, Preta e Vermelha",Newpen,3 un,"€3,69/un","€3,69/un"
Breve História das Cruzadas,Lars Brownworth,,"€17,51/un","€17,51/un"
Elefante Amarelo,Yoyo Studios,,"€6,29/un","€6,29/un"
Faço Contas de Cabeça - 4º Ano,Raiz Editora,,"€5,94/un","€5,94/un"
Aquacadabra - Golfinho,Yoyo Studios,,"€6,29/un","€6,29/un"
Zona Crítica,Richard Preston,,"€14,85/un","€14,85/un"
Auto do Cruzeiro do Inferno,Isabel Zambujal,,"€8,55/un","€8,55/un"
A Quinta,Susana Hoslet Barrios,,"€8,91/un","€8,91/un"
Génese,Robin Cook,,"€16,92/un","€16,92/un"
Animais,Kirsteen Robson e Manuela Berti,,"€8,91/un","€8,91/un"
Raposa Azul,Yoyo Studios,,"€6,29/un","€6,29/un"
Caderno Agrafado A4 Pautado,Note!,1 un,"€2,29/un","€2,29/un"
Tempo Suspenso,Elizabeth Jane Howard,,"€16,20/un","€16,20/un"
Outras Paragens,Eça de Queirós,,"€12,96/un","€12,96/un"
Os Transportes,Amanda Lott,,"€10,76/un","€10,76/un"
A Cidade,Susana Hoslet Barrios,,"€8,91/un","€8,91/un"
Explorar é Divertido - Descobre o Hospital,Vários Autores,,"€12,59/un","€12,59/un"
"O Meu Banho 4 - Rosa, a Curiosa",Vários Autores,,"€9,44/un","€9,44/un"
As Areias do Imperador - A Espada e a Azagaia,Mia Couto,,"€16,92/un","€16,92/un"
Jogos e Atividades com o Oliver - 7-8 Anos,Vários Autores,,"€5,94/un","€5,94/un"
Jogos e Atividades com o Oliver - 9-10 Anos,Vários Autores,,"€5,94/un","€5,94/un"
"3, 2, 1, Vamos Aprender! - 2º Ano",Fábula Educação,,"€5,99/un","€5,99/un"
"Confiar, Amar, Crescer",Cátia Pereira,,"€14,99/un","€14,99/un"
Quem se Escondeu?,Francesca Crovara,,"€5,31/un","€5,31/un"
Palavras Viajantes - Números,Vários Autores,,"€6,98/un","€6,98/un"
Quiz Mágico 4+,Vários Autores,,"€6,93/un","€6,93/un"
O Pastor Ferido,Austen Ivereigh,,"€22,49/un","€22,49/un"
Só o Tempo o Dirá,Jeffrey Archer,,"€15,93/un","€15,93/un"
Pessoas Famosas,Yoyo Studios,,"€10,79/un","€10,79/un"
Bela & Boo e a Hora de Dormir,Mandy Sutcliffe,,"€9,81/un","€9,81/un"
Eureka! - Para Escrever Sem Erros - 3º Ano,Areal Editores,,"€6,93/un","€6,93/un"
A Tartaruga Veloz,Vários Autores,,"€6,98/un","€6,98/un"
Mais do Que Amar,Shayla Black,,"€15,93/un","€15,93/un"
Leonardo da Vinci e as Mulheres,Kia Vahland,,"€17,91/un","€17,91/un"
A Fórmula,Albert-László Barabási,,"€15,21/un","€15,21/un"
Somos Todos Milagres,R. J. Palacio,,"€11,61/un","€11,61/un"
A Passagem,Ana Catarina Infante,,"€13,95/un","€13,95/un"
Nós os Dois na Lua,Alice Kellen,,"€17,01/un","€17,01/un"
"Mais net, não!",Josh Lawson e Sofya Karmazina,,"€11,61/un","€11,61/un"
O Negócio da Saúde,Bruno Maia,,"€14,94/un","€14,94/un"
Cão - Azul,Yoyo Studios,,"€6,29/un","€6,29/un"
Pata - Amarelo,Yoyo Studios,,"€6,29/un","€6,29/un"
Animais,Yoyo Studios,,"€9,99/un","€9,99/un"
O Império - Uma História Política do Cristianismo,Olivier Bobineau,,"€13,50/un","€13,50/un"
Chamo-me Nuno e Sou Alcoólico,Nuno Ferreira,,"€13,41/un","€13,41/un"
Os Indomáveis F. C. Nº 5 - A Superliga é só Para Super-Heróis,Álvaro Magalhães,,"€8,91/un","€8,91/un"
"Maxi, Eu Pinto Dentro Das Linhas - Vermelho",Yoyo Studios,,"€6,29/un","€6,29/un"
Os (Mini) Sete Nº 4 - Onde Estão os Sete?,Enid Blyton,,"€7,97/un","€7,97/un"
Escola das Artes - A União Faz a Força,Sara Rodi,,"€8,91/un","€8,91/un"
Greenwich Park,Katherine Faulkner,,"€18,89/un","€18,89/un"
A Quinta do Pinheiro,Adelaide Passos,,"€15,75/un","€15,75/un"
Prontos para a Escola! Vermelho +5,Yoyo Studios,,"€4,49/un","€4,49/un"
O Melhor Mágico do Mundo,Matt Edmondson,,"€13,41/un","€13,41/un"
Os Azares de Max Crumbly Nº 1 - O Herói do Cacifo,Rachel Renée Russell,,"€13,05/un","€13,05/un"
Vida Acrescentada,Raquel Santos e Nuno Santos,,"€12,51/un","€12,51/un"
O que Há Lá Dentro?,Francesca di Chiara,,"€5,31/un","€5,31/un"
Princesa em Teoria,Alyssa Cole,,"€16,61/un","€16,61/un"
Uma Aventura Pop-Up - Animais Bebés,Yoyo Studios,,"€12,59/un","€12,59/un"
Vamos Dormir!,Emanuela Bussolati,,"€8,55/un","€8,55/un"
Eu Pinto Dentro das Linhas!,Yoyo Studios,,"€6,29/un","€6,29/un"
Peekaboo - Ovelha,Yoyo Studios,,"€8,09/un","€8,09/un"
Porque Sois Tão Medrosos? Ainda Não Tendes Fé?,Papa Francisco,,"€13,50/un","€13,50/un"
Um Treinador para as Olimpíadas,Geronimo Stilton,,"€9,81/un","€9,81/un"
Sabe Mais - Adição e Subtração - 3º e 4º Ano,Fábula Educação,,"€4,94/un","€4,94/un"
Estojo Do Your Best,Do Art,1 un,"€6,00/un","€6,00/un"
Saco de Garrafa Frases de Natal 39x9x14cm (várias cores),Note!,1 un,"€1,75/un","€1,75/un"
A Viúva e o Papagaio,Virginia Woolf,,"€10,31/un","€10,31/un"
Um Planeta de Vírus,Carl Zimmer,,"€12,96/un","€12,96/un"
Buraquinhos - Vamos Contar,Giovanna Mantegazza,,"€5,85/un","€5,85/un"
Questões de Exame Resolvidas - Física e Química A - 10º e 11º Ano,Vários Autores,,"€17,91/un","€17,91/un"
Ela e Ele,Marc Levy,,"€14,94/un","€14,94/un"
"3, 2, 1, Vamos Aprender! - 4º Ano",Fábula Educação,,"€5,99/un","€5,99/un"
O Clube dos Rapazes,Erica Katz,,"€16,92/un","€16,92/un"
Mickey Funhouse Nº 2 - História para Colorir,Vários Autores,,"€3,96/un","€3,96/un"
Portefólio com 40 Bolsas A4 (várias cores),Note!,1 un,"€4,49/un","€4,49/un"
Blackout,Simon Scarrow,,"€17,91/un","€17,91/un"
Os Super-Heróis Também Se Sentem Sozinhos,Isaura Lee,,"€6,93/un","€6,93/un"
Uma Vénus Privada,Giorgio Scerbanenco,,"€14,90/un","€14,90/un"
Um Amor Passado,Kristin Hannah,,"€15,93/un","€15,93/un"
O Poder dos Astros,Vanessa Montgomery,,"€14,94/un","€14,94/un"
Roller (várias cores),Note!,3 un,"€2,99/un","€1,00/un"
TOP! Para tirar 100% - Perguntas e Respostas - 3º Ano,Porto Editora,,"€6,93/un","€6,93/un"
Louca,Chloé Esposito,,"€16,92/un","€16,92/un"
Saco de Garrafa Estrelas 39x9x14cm (várias cores),Note!,1 un,"€1,75/un","€1,75/un"
De Que Cor É?,Lisa Lupano,,"€6,92/un","€6,92/un"
Rolo de Papel de Embrulho Natal Tradicional 70x100cm (várias cores),Note!,1 un,"€3,99/un","€3,99/un"
Comer como um Humano,Dr. Bill Schindler,,"€15,21/un","€15,21/un"
Cherub Nº 9 - O Sonâmbulo,Robert Muchamore,,"€11,97/un","€11,97/un"
O Meu Primeiro Atlas dos Animais,Vários Autores,,"€11,61/un","€11,61/un"
A Fada Pétala e a Flor Eterna,Enid Blyton,,"€8,01/un","€8,01/un"
A Fada Bizarra e o Ursinho das Boas-Noites,Enid Blyton,,"€8,01/un","€8,01/un"
Gatinhos - Vamos Brincar,Vários Autores,,"€9,81/un","€9,81/un"
O Grande Livro de Pintar da Kicas,Vários Autores,,"€8,99/un","€8,99/un"
Herdeira Inesperada,Madeline Hunter,,"€15,93/un","€15,93/un"
Kamala Harris - Uma Vida Americana,Dan Morain,,"€16,11/un","€16,11/un"
O Regresso de Robinson,Peter Holeinone,,"€6,93/un","€6,93/un"
O Bando das Cavernas - Aprende com os Pósteres de Estudo do Meio,Nuno Caravela,,"€10,31/un","€10,31/un"
Quantos São?,Lisa Lupano,,"€6,92/un","€6,92/un"
Morte na Aldeia,Caroline Graham,,"€12,51/un","€12,51/un"
Um Livro Sobre - O Urso Jeremias na Quinta,Melissa Crowton,,"€8,01/un","€8,01/un"
Escreve e Apaga - Atividades no Jardim,Kirsteen Robson e Dania Florino,,"€8,91/un","€8,91/un"
O Meu Nome é Selma,Selma van de Perre,,"€14,93/un","€14,93/un"
Os Azares de Max Crumbly Nº 2 - Caos na Escola Básica,Rachel Renée Russell,,"€13,05/un","€13,05/un"
Aprendo Divertidamente - Liga os Pontos,Elizabeth Golding,,"€7,97/un","€7,97/un"
Fernando Gomes,João Marcelino,,"€19,80/un","€19,80/un"
Estado de terror,Hillary Rodham Clinton e Louise Penny,,"€16,89/un","€16,89/un"
Águas Passadas,João Tordo,,"€19,76/un","€19,76/un"
Aquilo em que Acreditamos,Kamala Harris,,"€18,86/un","€18,86/un"
O Século XX em 30 Segundos,Jonathan T. Reynolds,,"€12,51/un","€12,51/un"
Os Rumplings e a Super Comida,Francisco Moreira,,"€9,81/un","€9,81/un"
Quem se Esconde no Pólo Norte?,Alice Turquois,,"€7,92/un","€7,92/un"
Gorduchos e Redondinhas,Isabel do Carmo,,"€14,94/un","€14,94/un"
Café de Gatos,Charlie Jonas,,"€14,85/un","€14,85/un"
Oficina Poeiras,Leonor Poeiras,,"€17,01/un","€17,01/un"
O Estranhão - Adicionário Cómico,Álvaro Magalhães,,"€9,81/un","€9,81/un"
Os Super-Heróis Não Usam Chucha,Isaura Lee,,"€6,93/un","€6,93/un"
Primeiras Palavras,Vários Autores,,"€11,97/un","€11,97/un"
Ser Mais Como um Unicórnio,Carolyne Suzuki e Joanna Gray,,"€12,51/un","€12,51/un"
O Sorriso Contagiante dos Croissants,Camille Andrea,,"€13,50/un","€13,50/un"
Michel Vaillant - Pikes Peak,"Denis Lapière, Benjamin Benéteau e Vincent Dutreuil",,"€13,46/un","€13,46/un"
Os Rumplings e a Aventura dos Sabores,Francisco Moreira,,"€9,81/un","€9,81/un"
Salvem o Planeta - Animais da Selva,Vários Autores,,"€17,99/un","€17,99/un"
Amigos do Senhor,Jorge Bergoglio (Papa Francisco),,"€14,99/un","€14,99/un"
A Marca dos Heróis,Christopher Mcdougall,,"€15,93/un","€15,93/un"
Cores,Vários Autores,,"€11,97/un","€11,97/un"
O Mistério do Gato Ladrão,Geronimo Stilton,,"€9,81/un","€9,81/un"
Anos de Chumbo e Outros Contos,Chico Buarque,,"€14,36/un","€14,36/un"
Como Fazer o Impossível,Albert Bourla,,"€15,21/un","€15,21/un"
Tabuleiro de Secretária Opaco Cinza,Note!,1 un,"€2,89/un","€2,89/un"
Envelope C4 229x324mm,Note!,25 un,"€3,99/un","€0,16/un"
A Lista de Coisas Que Nunca Vão Mudar,Rebecca Stead,,"€12,95/un","€12,95/un"
Quando o Tempo Parou,Ariana Neumann,,"€18,89/un","€18,89/un"
A Guerra de Franci,Frances Rabinek Epstein,,"€15,75/un","€15,75/un"
Mickey Funhouse Nº 1 - Cães Dino,Vários Autores,,"€6,26/un","€6,26/un"
O Que Querem os Cães,Mat Ward,,"€13,95/un","€13,95/un"
Copo Porta Lápis Amarelo,Note!,1 un,"€1,99/un","€1,99/un"
$uperhubs,Sandra Navidi,,"€16,90/un","€16,90/un"
Resumos - Filosofia - 10º Ano,Ideias de Ler,,"€8,96/un","€8,96/un"
Envelope com Mola (vários modelos),Do Art,1 un,"€3,00/un","€3,00/un"
Peanut Jones e a Cidade Ilustrada,Rob Biddulph,,"€13,05/un","€13,05/un"
Lizzie & Dante,Mary Bly,,"€14,85/un","€14,85/un"
Lápis Grafite Noris HB e Marcador Permanente Fluorescente,Staedtler,13 un,"€8,79/un","€8,79/un"
Uma Porta Estreita,Joanne Harris,,"€18,45/un","€18,45/un"
Guia HBR - As Mulheres e o Trabalho,Vários Autores,,"€16,90/un","€16,90/un"
Os Meninos do Caminho de Ferro,Edith Nesbit,,"€12,90/un","€12,90/un"
Portefólio com 20 Bolsas A4 (várias cores),Note!,1 un,"€2,99/un","€2,99/un"
Os Refugiados Judeus de Hitler,Marion Kaplan,,"€18,81/un","€18,81/un"
A Arma Perfeita,David E. Sanger,,"€19,71/un","€19,71/un"
Tabuleiro de Secretária Opaco Preto,Note!,1 un,"€2,89/un","€2,89/un"
As Nove Vidas de Rose Napolitano,Donna Freitas,,"€15,93/un","€15,93/un"
Rolo de Papel de Embrulho Natal Estrelas/Árvores 70x200cm (várias cores),Note!,1 un,"€2,29/un","€2,29/un"
Ismael e Chopin,Miguel Sousa Tavares,,"€13,95/un","€13,95/un"
"Tesoura 21,5cm",Note!,1 un,"€2,69/un","€2,69/un"
Sinalizadores,Talia,1 un,"€2,99/un","€2,99/un"
Lápis de Cor Pastel,Note!,4 un,"€1,59/un","€0,40/un"
Somas - Puxa e Descobre as Respostas,Vários Autores,,"€8,01/un","€8,01/un"
Mentalismo - A Força Secreta do Pensamento,A. Victor Segno,,"€13,46/un","€13,46/un"
Resumos - Auto da Barca do Inferno - 9º Ano,Vários Autores,,"€6,93/un","€6,93/un"
Tabuleiro de Secretária Transparente Preto,Note!,1 un,"€2,89/un","€2,89/un"
O Rei Artur e os Cavaleiros da Távola Redonda,Howard Pyle,,"€12,51/un","€12,51/un"
Isto Vai Doer,Adam Kay,,"€15,75/un","€15,75/un"
Grisha 2 - Cerco e Tempestade,Leigh Bardugo,,"€16,11/un","€16,11/un"
O Mundo Fantástico dos Dinossauros,"Diego Mattarelli, Emanuela Pagliari e Cristina Banfi",,"€17,91/un","€17,91/un"
Segredos de Guerra,Svenja O'Donnell,,"€19,31/un","€19,31/un"
A Caixa das Preocupações,Suzanne Chiew,,"€11,34/un","€11,34/un"
À Conquista da Paz,Stella Ghervas,,"€20,97/un","€20,97/un"
Os Mini Cinco Nº 11 - O Tim e o Tesouro,Enid Blyton,,"€7,97/un","€7,97/un"
Resumos - Filosofia - 10º Ano,Elementos,,"€8,96/un","€8,96/un"
Por Dentro do Terceiro Reich,Albert Speer,,"€22,95/un","€22,95/un"
A Dieta das 10 Horas,Jeannette Hyde,,"€13,50/un","€13,50/un"
O Que é Que Faz o Perninhas Feliz?,Vários Autores,,"€5,99/un","€5,99/un"
Novas Férias Divertidas - 2º e 3º Ano,Texto,,"€6,21/un","€6,21/un"
Olívia Nº 2 - A Raposa Furiosa,Thom Pico,,"€11,66/un","€11,66/un"
A Família Monstro Nº 3 - A Criatura do Lago,Bruno Matos,,"€10,31/un","€10,31/un"
Não Fales Nisso,Estelle Maskame,,"€18,81/un","€18,81/un"
Lightyear - Para o Infinito e Mais Além!,Disney Pixar Lightyear,,"€17,91/un","€17,91/un"
Megacolorir - Filmes,Disney,,"€8,91/un","€8,91/un"
300 Mil Anos de Ansiedade,Gustavo Jesus,,"€15,21/un","€15,21/un"
Low-Carb,Teleculinária,1 un,"€4,95/un","€4,95/un"
Zelensky,Andrew L. Urban e Chris Mcleod,,"€14,94/un","€14,94/un"
Adoro-te Daqui Até à Lua (e mais além),Amelia Hepworth,,"€8,96/un","€8,96/un"
Stray Dog Nº 2,VanRah,,"€8,91/un","€8,91/un"
Cagaster Nº 2,Kachou Hashimoto,,"€8,91/un","€8,91/un"
Peripécias do Coração,Julia Quinn,,"€15,21/un","€15,21/un"
Astérix entre os Pictos (volume 35),René Goscinny e Albert Uderzo,,"€9,81/un","€9,81/un"
Uma Coluna de Fogo,Ken Follett,,"€26,91/un","€26,91/un"
Pégaso,Danielle Steel,,"€14,94/un","€14,94/un"
Psicologia para Pessoas com Pressa,Joel Levy,,"€13,41/un","€13,41/un"
O Oráculo Sagrado da Deusa,Patrícia Jarimba,,"€17,96/un","€17,96/un"
A Voz do Conhecimento,Don Miguel Ruiz,,"€13,41/un","€13,41/un"
Striker Force 7 (volume 1),Vários Autores,,"€13,41/un","€13,41/un"
Capa com Elásticos A4 Neon (várias cores),Note!,1 un,"€2,39/un","€2,39/un"
Colégio do Templo - As Origens,Nuno Bernardo,,"€12,51/un","€12,51/un"
Aprender com os Melhores,Francisco Alcaide Hernández,,"€15,99/un","€15,99/un"
O Pavilhão Púrpura,José Rodrigues dos Santos,,"€19,80/un","€19,80/un"
Segue o Coração,Lesley Pearse,,"€16,11/un","€16,11/un"
Pão Descomplicado - Paleo XXI,"Paula Ruivo, Ana Henriques e Francisco Silva",,"€17,09/un","€17,09/un"
Preparação para o Exame Final Nacional - Espanhol - Iniciação - 11º Ano,Porto Editora,,"€26,82/un","€26,82/un"
Preparar o Exame Nacional 2023 - Matemática A - 12º Ano,Areal Editores,,"€26,91/un","€26,91/un"
"Gabriela, Cravo e Canela (100 Anos - 1912-2012)",Jorge Amado,,"€18,81/un","€18,81/un"
Veronika Decide Morrer,Paulo Coelho,,"€13,95/un","€13,95/un"
Contos - Hans Christian Andersen,Hans Christian Andersen,,"€21,96/un","€21,96/un"
"Teresa, a Condessa-Rainha",Luís Carlos Amaral e Mário Jorge Barroca,,"€17,91/un","€17,91/un"
Agenda Semanal A6 Wild,Note!,1 un,"€6,99/un","€6,99/un"
Como é Que Te Posso Fazer Feliz?,Lucas with Strangers,,"€13,41/un","€13,41/un"
Miraculous - As Aventuras de Ladybug - És Tu Quem Decide!,Vários Autores,,"€12,56/un","€12,56/un"
Por Dentro da Galáxia,Vários Autores,,"€6,99/un","€6,99/un"
Mudar,Katy Milkman,,"€15,93/un","€15,93/un"
Férias - Atividades e Aventuras de Preparação Para o 1º ano,Porto Editora,,"€6,93/un","€6,93/un"
O Clube dos Cientistas Nº 6 - A Barragem Assombrada,Maria Francisca Macedo,,"€9,86/un","€9,86/un"
Era Uma Vez - Contos Tradicionais Nº 2,Vários Autores,,"€7,99/un","€7,99/un"
Arsène Lupin - A Mulher dos Dois Sorrisos,Maurice Leblanc,,"€15,30/un","€15,30/un"
Lucky Luke - Um Cowboy em Paris,Jul e Achdé,,"€10,71/un","€10,71/un"
O Método Sakuma,Kenichi Sakuma,,"€13,41/un","€13,41/un"
Oito Crimes Perfeitos,Peter Swanson,,"€15,75/un","€15,75/un"
Pasta para Portátil Khaki Verde,Note!,1 un,"€34,99/un","€34,99/un"
10 Segredos para Ser Seduzida por um Lorde,Sarah MacLean,,"€17,99/un","€17,99/un"
A Comida que Vai Mudar a Sua Vida,Lillian Barros,,"€17,01/un","€17,01/un"
Encanto - O Livro do Filme,Disney,,"€8,91/un","€8,91/un"
Uma Aventura Secreta,Ana Maria Magalhães e Isabel Alçada,,"€7,38/un","€7,38/un"
Indomáveis Nº 1 - Como Tomámos Conta do Mundo,Yuval Noah Harari,,"€14,99/un","€14,99/un"
City Hall 2,Rémi Guérin e Guillaume Lapeyre,,"€10,80/un","€10,80/un"
Marco Polo - Na Corte do Grande Khan,Christian Clot,,"€16,20/un","€16,20/un"
Becoming - A Minha História,Michelle Obama,,"€12,56/un","€12,56/un"
O Clube dos Cientistas: Sem Parar! 2 - Jogo do Stop e Jogo do Galo,Maria Francisca Macedo,,"€7,61/un","€7,61/un"
O Maestro e a Infanta,Alberto Riva,,"€14,94/un","€14,94/un"
Enfim Férias - Do 3º para o 4º Ano,Acento Tónico,,"€7,19/un","€7,19/un"
O Luto por Um Animal de Estimação,Millie Jacobs,,"€13,41/un","€13,41/un"
Viúva de Ferro,Xiran Jay Zhao,,"€17,91/un","€17,91/un"
Enquanto Salazar Dormia,Domingos Amaral,,"€17,01/un","€17,01/un"
Ligeiramente Perverso,Mary Balogh,,"€15,21/un","€15,21/un"
Yoga,Emmanuel Carrère,,"€16,92/un","€16,92/un"
Atenção Suprema,Amishi Jha,,"€19,76/un","€19,76/un"
Copo Lava Pincéis,Faber-Castell,1 un,"€3,69/un","€3,69/un"
Um Skate para Dois,Geronimo Stilton,,"€9,81/un","€9,81/un"
Sandman Nº 8 - A Estalagem no Fim do Mundo,Neil Gaiman,,"€17,91/un","€17,91/un"
As Crónicas de Spiderwick Nº 1 - O Livro Fantástico,Tony DiTerlizzi e Holly Black,,"€9,81/un","€9,81/un"
Aventureira Marielle e o Dia da Fotografia,Nuna,,"€12,92/un","€12,92/un"
Pintar Com os Dedos - Dinossauros e Amigos,Vários Autores,,"€9,81/un","€9,81/un"
Guia Para Raparigas Rebeldes - À Descoberta do teu Corpo,Elena Favilli,,"€14,99/un","€14,99/un"
Beta que é Beta…,"Sara Veiga, Madalena Silva, Anna Mouradian, Maria Maia e Lara Guimarães",,"€13,05/un","€13,05/un"
Eu Consigo Pintar com Água - Azul - Sapo,Vários Autores,,"€8,99/un","€8,99/un"
Amor e Santorini,Jenna Evans Welch,,"€15,29/un","€15,29/un"
Recebe-me,J. Kenner,,"€16,91/un","€16,91/un"
Caderno Agrafado B5 Pautado Oriform (várias cores),Deli,1 un,"€2,49/un","€2,49/un"
Estojo Retangular Cute Faces Preto Miss Lemonade,Marshmallow,1 un,"€9,99/un","€9,99/un"
Estojo Retangular Cute Faces Azul Miss Lemonade,Marshmallow,1 un,"€9,99/un","€9,99/un"
Estojo Retangular Disco Preto Miss Lemonade,Marshmallow,1 un,"€9,99/un","€9,99/un"
Estojo Quadrado Bling Azul Miss Lemonade,Marshmallow,1 un,"€9,99/un","€9,99/un"
Estojo Retangular Duplo Flowers & Butterflies,Note!,1 un,"€8,99/un","€8,99/un"
Estojo Retangular Duplo Bicolor Castanho,Note!,1 un,"€8,99/un","€8,99/un"
Ilusões Perfeitas,Nora Roberts,,"€15,93/un","€15,93/un"
Os 7 Pilares da Sabedoria Alimentar,Sophie Deram,,"€14,94/un","€14,94/un"
O Elevador,Filipa Fonseca Silva,,"€14,36/un","€14,36/un"
Posturas de Yoga,Natalie Heath,,"€18,86/un","€18,86/un"
Linha da Frente,Arturo Pérez-Reverte,,"€20,61/un","€20,61/un"
O Herói és Tu! - Aventuras com os Piratas,Lily Murray,,"€11,66/un","€11,66/un"
Primeiras Palavras,Vários Autores,,"€12,56/un","€12,56/un"
Caderno Espiral A4 Pautado (várias cores),Note!,1 un,"€4,29/un","€4,29/un"
O Grande Panda e o Pequeno Dragão,James Norbury,,"€16,97/un","€16,97/un"
Começa a Pintar - Cão,Yoyo Studios,,"€8,09/un","€8,09/un"
As Cartas Roubadas,Lorenzo De' Medici,,"€17,01/un","€17,01/un"
Bingo e Rolly Nº 6 - Adota um Cãozinho,Disney,,"€6,26/un","€6,26/un"
O Misantropo de Molière,Vasco Graça Moura,,"€16,92/un","€16,92/un"
Eureka! Férias - Matemática - 1º Ano,Areal Editores,,"€5,94/un","€5,94/un"
Eureka! Férias - Português - 4º Ano,Areal Editores,,"€5,94/un","€5,94/un"
As Gémeas Fazem Turnos,Disney,,"€3,56/un","€3,56/un"
Marco Polo - O Rapaz Que Realiza os Seus Sonhos,Christian Clot,,"€16,20/un","€16,20/un"
Fichas de Trabalho - 3º Ano,Porto Editora,,"€8,91/un","€8,91/un"
Nick e Charlie,Alice Oseman,,"€13,50/un","€13,50/un"
Antes que o Café Arrefeça - De Regresso a Tóquio,Toshikazu Kawaguchi,,"€11,61/un","€11,61/un"
Não-Coisas - Transformações no Mundo em Que Vivemos,Byung-Chul Han,,"€14,40/un","€14,40/un"
Estojo Twinkle Blue,Miss Lemonade,1 un,"€12,99/un","€12,99/un"
Mochila Old Skool Vans,Vans,1 un,"€49,99/un","€49,99/un"
Caderneta Fome de Vencer 2022,Panini,1 un,"€3,99/un","€3,99/un"
O Médico da Emoção,Augusto Cury,,"€14,94/un","€14,94/un"
Invisível,Eloy Moreno,,"€13,41/un","€13,41/un"
Os Teus Sonhos Não Têm Limites,Diogo Costa,,"€14,31/un","€14,31/un"
O Ladrão das Folhas,Alice Hemming e Nicola Slater,,"€11,61/un","€11,61/un"
Como Ser Humano,Sophie Mort,,"€21,56/un","€21,56/un"
Pack Plim! Problemas + Erros - 4º Ano,Texto,,"€9,45/un","€9,45/un"
As Chaves Mágicas,Joseph Murphy,,"€13,95/un","€13,95/un"
Emoções,Osho,,"€13,95/un","€13,95/un"
O Fantasma do Grande Hotel,Geronimo Stilton,,"€4,98/un","€4,98/un"
O Mistério do Talismã Mágico,John Bellairs,,"€5,95/un","€5,95/un"
Enciclopédia o Mundo Maravilhoso,Vários Autores,,"€22,49/un","€22,49/un"
O Tatuador de Auschwitz (Edição Especial e Limitada),Heather Morris,,"€17,91/un","€17,91/un"
Os Fantasmas Não Batem à Porta,Eulalia Canal,,"€11,61/un","€11,61/un"
#Sucesso - Matemática - 7º ano,Porto Editora,,"€11,61/un","€11,61/un"
Bilionários do Parque Dreamland Nº 1 - Letra Miudinha,Lauren Asher,,"€18,81/un","€18,81/un"
Filha da Deusa da Lua,Sue Lynn Tan,,"€17,99/un","€17,99/un"
Aconteceu Naquele Verão,Tessa Bailey,,"€16,65/un","€16,65/un"
Simón,Miqui Otero,,"€17,91/un","€17,91/un"
Três Porquinhos… e o Lobo Mau!,Vários Autores,,"€9,81/un","€9,81/un"
Batman - O Regresso do Cavaleiro das Trevas,"Frank Miller, Klaus Janson e Lynn Varley",,"€24,21/un","€24,21/un"
O Segredo do N.º 9,Claire Douglas,,"€17,91/un","€17,91/un"
Não Matarás! - Romance de um Crime,Teresa Martins Marques,,"€13,05/un","€13,05/un"
Guia Popular de Vinhos 2023,Aníbal Coutinho,,"€15,21/un","€15,21/un"
Túnel 29,Helena Merriman,,"€18,81/un","€18,81/un"
Férias com Princesas - 3 Anos,Dom Quixote,,"€7,92/un","€7,92/un"
Atualizar a História,Roger Lee de Jesus e Paulo M. Dias,,"€15,93/un","€15,93/un"
A Minha Cura é a Tua Cura,"Rute Caldeira, Inês Gaya e Lisa Joanes",,"€16,92/un","€16,92/un"
Plim! Preparar as Provas de Aferição - 2º Ano,Texto,,"€6,75/un","€6,75/un"
Descomplicar a Menopausa,Cristina Mesquita de Oliveira,,"€17,51/un","€17,51/un"
De Onde Vêm os Bebés?,Yoyo Studios,,"€11,69/un","€11,69/un"
A Casa no Mar Cerúleo,TJ Klune,,"€17,55/un","€17,55/un"
Pedro - O Primeiro Dia de Escola,"Nuno Lopes, Paula Kjollerstrom, José Caetano e Filipa Furtado",,"€10,80/un","€10,80/un"
Minecraft - Construções Rápidas,Thomas McBrien,,"€14,36/un","€14,36/un"
Fazer Vista Grossa,Jeffrey Archer,,"€15,93/un","€15,93/un"
Felicidade,João Tordo,,"€16,97/un","€16,97/un"
Um Casamento de Sonho,Domingos Amaral,,"€16,92/un","€16,92/un"
Animais de Estimação,Yoyo Studios,,"€8,99/un","€8,99/un"
Anarquia,Megan Devos,,"€17,01/un","€17,01/un"
Plim! Férias de A a Z - 1º e 2º Ano,Texto,,"€6,21/un","€6,21/un"
Animaginário,Inês da Fonseca,,"€11,61/un","€11,61/un"
"Parar, Pensar, Agir",Julie Funt,,"€14,85/un","€14,85/un"
Amor e Sorte,Jenna Evans Welch,,"€15,29/un","€15,29/un"
Bolsa - Investir nos Mercados Financeiros,Miguel Gomes da Silva,,"€21,51/un","€21,51/un"
O Ganso Vai à Escola,Laura Wall,,"€11,69/un","€11,69/un"
Girls Fashion Sketch Book,Vários Autores,,"€3,99/un","€3,99/un"
Mistério no Fundo do Mar,Ana Valente e Isabel Moiçó,,"€9,81/un","€9,81/un"
O Lobo e a Pomba,Kathleen E. Woodiwiss,,"€16,65/un","€16,65/un"
O Escândalo Modigliani,Ken Follett,,"€15,21/un","€15,21/un"
Preparar a Prova de Aferição de Matemática - 8º Ano,LeYa,,"€10,71/un","€10,71/un"
Sobrevivi ao Gulag Chinês,Gulbahar Haitiwaji e Rozeen Morgat,,"€16,61/un","€16,61/un"
O Jogo do Amor,Cheryl Holt,,"€15,84/un","€15,84/un"
Prisioneiros do Amor,Nicole Jordan,,"€14,31/un","€14,31/un"
Código de Conduta,Brad Thor,,"€16,92/un","€16,92/un"
Os Códigos da Sabedoria,Gregg Braden,,"€13,50/un","€13,50/un"
O Clube dos Cientistas - Ataque Pré-Histórico,Maria Francisca Macedo,,"€9,86/un","€9,86/un"
O Lobo que Encontrou a Amizade,Rachel Bright,,"€11,61/un","€11,61/un"
X-Ato Pequeno 9mm,Note!,1 un,"€1,19/un","€1,19/un"
Oráculo Diário,Jerico Mandybur,,"€15,21/un","€15,21/un"
Registos do Professor - 6 Turmas,Porto Editora,,"€14,39/un","€14,39/un"
Tudo Aquilo que És,Cláudia Fonseca,,"€16,65/un","€16,65/un"
O Poder de Confiares em Ti,Curro Cañete,,"€14,85/un","€14,85/un"
Princesas Secretas - Cão Brincalhão,Rosie Banks,,"€8,91/un","€8,91/un"
Encontro Imediato com o T-Rex,Geronimo Stilton,,"€8,96/un","€8,96/un"
Sabores da Época,Rui Paula,,"€22,41/un","€22,41/un"
Preparar o Exame Nacional 2023 - Biologia e Geologia 11 - 11º Ano,Areal Editores,,"€26,91/un","€26,91/un"
Exercícios de Biologia e Geologia - 11º Ano,Porto Editora,,"€15,93/un","€15,93/un"
Twisted Love,Ana Huang,,"€16,16/un","€16,16/un"
Para a Minha Irmã,Jodi Picoult,,"€16,92/un","€16,92/un"
Em Nome do Amor,Kristin Hannah,,"€14,94/un","€14,94/un"
Agenda Semanal A5 Smile (várias cores),Note!,1 un,"€8,49/un","€8,49/un"
Não Toques no... Dinossauro!,Rosie Greening,,"€9,81/un","€9,81/un"
Sabe Mais - Frações - 3º e 4º Anos,Fábula Educação,,"€4,94/un","€4,94/un"
Não Há Dragões Nesta História!,Lou Carter,,"€11,16/un","€11,16/un"
O Meu Primeiro Livro com Puzzle - Quinta,Yoyo Studios,,"€8,09/un","€8,09/un"
CoComelon - Megacolorir,CoComelon,,"€8,91/un","€8,91/un"
Pensar e Agir como Um Empresário de Sucesso,Miguel Cocco,,"€15,21/un","€15,21/un"
Dictator,Robert Harris,,"€17,91/un","€17,91/un"
Sangue Turvo,Robert Galbraith,,"€25,11/un","€25,11/un"
Canções em Ursa Maior,Emma Brodie,,"€17,96/un","€17,96/un"
Frozen II - Novela Gráfica,Vários Autores,,"€11,61/un","€11,61/un"
365 Piadas,Fabrice Lelarge e Marine Gosselin,,"€10,98/un","€10,98/un"
"Liberte, Desenhe e Pinte as Suas Emoções",Jo Fernihough,,"€11,61/un","€11,61/un"
Sentir,Cristina Ferreira,,"€14,94/un","€14,94/un"
Lucky Luke - A Diligência,René Goscinny e Morris,,"€10,71/un","€10,71/un"
Tintin - A Orelha Quebrada,Hergé,,"€8,91/un","€8,91/un"
Tintin - O Templo do Sol,Hergé,,"€8,91/un","€8,91/un"
Tintin no País do Ouro Negro,Hergé,,"€8,91/un","€8,91/un"
Não Quero Ir Dormir!,Marie Bretin,,"€9,81/un","€9,81/un"
Super-Homem - Pelo Amanhã 2,Brian Azzarello e Jim Lee,,"€12,51/un","€12,51/un"
Os Enigmas de Blake e Mortimer,Bernard Myers,,"€11,25/un","€11,25/un"
As Crónicas de Rosewood - Princesa de Coração,Connie Glynn,,"€15,21/un","€15,21/un"
Um Mistério de Miss Marple - Miss Marple Investiga,Agatha Christie,,"€9,90/un","€9,90/un"
O Último Agente,Robert Dugoni,,"€19,76/un","€19,76/un"
A Ameaça,Ken Follett,,"€18,81/un","€18,81/un"
Animais,Yoyo Studios,,"€9,99/un","€9,99/un"
O Retrato de Dorian Gray,Oscar Wilde,,"€10,76/un","€10,76/un"
Aventuras de uma Rapariga Como Tu,Katie Kirby,,"€16,11/un","€16,11/un"
Coelhicórnios e Amigos,Vários Autores,,"€8,99/un","€8,99/un"
Especialista em Pessoas,Tiago Brunet,,"€13,95/un","€13,95/un"
O Ganso,Laura Wall,,"€11,69/un","€11,69/un"
Uma Dieta Feliz,Ana Rita Campos,,"€15,75/un","€15,75/un"
Vamos Explorar a Terra dos Dinos,Vários Autores,,"€5,99/un","€5,99/un"
Olívia Nº 1 - O Génio Espertalhão,Thom Pico,,"€11,66/un","€11,66/un"
O Mistério da Laranja Chinesa,Ellery Queen,,"€7,92/un","€7,92/un"
Os Mauzões - Episódio 1,Aaron Blabey,,"€9,81/un","€9,81/un"
O Que Se Faz No Teatro?,Duarte Silva,,"€14,36/un","€14,36/un"
O Diabo Branco,Paul Hoffman,,"€16,92/un","€16,92/un"
Volodmyr Zlelensky - Na Cabeça De Um Herói,Régis Genté e Stéphane Siohan,,"€13,41/un","€13,41/un"
Corações Feridos,Colleen Hoover,,"€15,71/un","€15,71/un"
Bitcoin - O Ouro Digital,Nathaniel Popper,,"€16,65/un","€16,65/un"
Pernas Lindas,Joana de Carvalho,,"€13,95/un","€13,95/un"
Tudo o Que Sonhámos,Nick Alexander,,"€15,75/un","€15,75/un"
Manual de Agricultura Biológica,"António Lopes, Pedro Frias e Jaime Ferreira",,"€15,93/un","€15,93/un"
Esferográfica Eye Micro de Tinta Azul e Vermelha,Uni-ball,2 un,"€3,59/un","€3,59/un"
Senhora do Meu Destino,Lesley Pearse,,"€17,91/un","€17,91/un"
Skandar e o Roubo do Unicórnio,A.F. Steadman,,"€15,26/un","€15,26/un"
Persuasão,Jane Austen,,"€14,31/un","€14,31/un"
A Carreira do Mal,Robert Galbraith,,"€22,41/un","€22,41/un"
Os Testamentos,Margaret Atwood,,"€16,92/un","€16,92/un"
Aventuras na Netoland com Luccas Neto,Luccas Neto,,"€11,61/un","€11,61/un"
O Bando das Cavernas Nº 19 1/2 Especial,Nuno Caravela,,"€13,46/un","€13,46/un"
Uma Duquesa (Im)Perfeita,Tessa Dare,,"€16,61/un","€16,61/un"
A Alimentação Cura Tudo,Mehmet Oz,,"€16,66/un","€16,66/un"
Megacolorir Disney Junior,Disney,,"€8,91/un","€8,91/un"
O Meu Mercado,Vários Autores,,"€16,91/un","€16,91/un"
"Semear Sabor, Colher Memórias",Fátima Moura e Justa Nobre,,"€24,71/un","€24,71/un"
Os Cinco Nº 2 - Nova Aventura dos Cinco,Enid Blyton,,"€8,91/un","€8,91/un"
A Filha do Presidente,Bill Clinton e James Patterson,,"€16,92/un","€16,92/un"
O Monstro das Cores,Anna Llenas,,"€9,41/un","€9,41/un"
Caderno de Treino - 3º Ano,Texto,,"€8,01/un","€8,01/un"
Como Falar com Todos,Leil Lowndes,,"€16,65/un","€16,65/un"
Preparação para o Exame Final Nacional - Geografia A - 11º Ano,Porto Editora,,"€26,91/un","€26,91/un"
O Inferno de Gabriel,Sylvain Reynard,,"€15,93/un","€15,93/un"
Inferno em Lisboa,Flávio Capuleto,,"€17,06/un","€17,06/un"
Deixar Ir - O Caminho da Entrega Plena,David R. Hawkins,,"€17,51/un","€17,51/un"
Ascensão e Queda,Paul Strathern,,"€15,93/un","€15,93/un"
Perfeito,Judith McNaught,,"€16,65/un","€16,65/un"
Agenda Diária A5 Marmoreada (várias cores),Note!,1 un,"€8,99/un","€8,99/un"
Agenda Semanal A5 com Elástico Color (várias cores),Note!,1 un,"€8,49/un","€8,49/un"
Agenda Diária A5 com Elástico,Make Notes,1 un,"€16,99/un","€16,99/un"
A Arte da Guerra,Sun Tzu,,"€9,41/un","€9,41/un"
Como Parar o Tempo,Matt Haig,,"€16,91/un","€16,91/un"
300 Dias de Sol,Deborah Lawrenson,,"€16,11/un","€16,11/un"
Férias - Atividades e Aventuras - 3º Ano,Porto Editora,,"€6,93/un","€6,93/un"
Oliver em Férias com os Amigos - 1º Ano,Raiz Editora,,"€6,93/un","€6,93/un"
A Revolução da Glicose,Jessie Inchauspé,,"€15,21/un","€15,21/un"
Luz e Sombra,Jean Sasson,,"€15,21/un","€15,21/un"
Borracha Branca com Proteção,Maped,1 un,"€3,39/un","€3,39/un"
Aprende o ABC - Coruja,Yoyo Studios,,"€6,29/un","€6,29/un"
Enciclopédia do Conhecimento - História,Vários Autores,,"€31,50/un","€31,50/un"
Loucos por Gatos,Vários Autores,,"€11,61/un","€11,61/un"
Atlas do Corpo Humano: Era Uma Vez a Vida,Tomás Tuma,,"€12,15/un","€12,15/un"
O Raio U,Edgar P. Jacobs,,"€14,31/un","€14,31/un"
Spirou Nº 10 - Os Chapéus Pretos e Outras Aventuras,André Franquin,,"€10,71/un","€10,71/un"
Grandes Autocolantes e Livro para Colorir - Pato,Yoyo Studios,,"€6,74/un","€6,74/un"
Contos Solidários 34 - Monstros e Companhia,Disney,,"€3,49/un","€3,49/un"
Contos Solidários 35 - Ratatui,Disney,,"€3,49/un","€3,49/un"
Jóia de Família,Agustina Bessa-Luís,,"€16,20/un","€16,20/un"
Encontro em Lisboa,Tom Gabbay,,"€15,75/un","€15,75/un"
Pode o Vento Soprar…,Sasha Quinton,,"€13,05/un","€13,05/un"
Salazar e a Sua Época,José António Saraiva,,"€15,30/un","€15,30/un"
Stranger Things Nº 6 - Seis,"Jody Houser, Nate Piekos e outros",,"€13,41/un","€13,41/un"
Lancheira Techblue,Note!,1 un,"€12,99/un","€12,99/un"
A Arte da Guerra,Sun Tzu,,"€5,40/un","€5,40/un"
A Maldição,Lourenço Seruya,,"€16,65/un","€16,65/un"
Neuromancer,William Gibson,,"€16,11/un","€16,11/un"
Exercite o Seu Cérebro,Vasco Catarino Soares,,"€14,31/un","€14,31/un"
Estojo Cofre Gamer Made to Last,Made to Last,1 un,"€9,99/un","€9,99/un"
Dinheiro para Elas!,Inês Correia,,"€14,85/un","€14,85/un"
As Aventuras de Sherlock Holmes,Arthur Conan Doyle,,"€7,20/un","€7,20/un"
A Verdade sobre Lorde Stoneville,Sabrina Jeffries,,"€17,99/un","€17,99/un"
A Princesa Espia,Larry Loftis,,"€22,46/un","€22,46/un"
Mulheres de Sal,Gabriela Garcia,,"€15,25/un","€15,25/un"
Sandman Nº 3 - Terra do Sonho,Neil Gaiman,,"€17,91/un","€17,91/un"
Sandman Nº 9 - As Benevolentes 1,Neil Gaiman,,"€17,91/un","€17,91/un"
Os Sete Nº 5 - Os Sete e os Cães Roubados,Enid Blyton,,"€7,97/un","€7,97/un"
City Hall Nº 3,Rémi Guérin,,"€12,60/un","€12,60/un"
Nós (Não) Somos Amigos,Anna Kang,,"€13,49/un","€13,49/un"
Revista Magazine Novembro,Continente,1 un,"€1,00/un","€1,00/un"
Adoro Unicórnios - A Kicas e os Sabores,Vários Autores,,"€8,99/un","€8,99/un"
Contra a Guerra,Papa Francisco,,"€13,41/un","€13,41/un"
O Herói És Tu - Aventuras na Selva,Lily Murray,,"€11,66/un","€11,66/un"
Há uma Raposa na Minha Escola,"Olivier Dupin, Lola Dupin e Ronan Badel",,"€10,71/un","€10,71/un"
Resumos - Biologia e Geologia - 11º Ano,Elementos,,"€8,96/un","€8,96/un"
Questões de Exame Resolvidas - Biologia e Geologia - 10º e 11º Anos,Elementos,,"€17,91/un","€17,91/un"
Olá! Obrigado! Adeus!,Elisenda Roca e Cristina Losantos,,"€7,92/un","€7,92/un"
"Stranger Things Nº 5 - Max, a Fugitiva",Brenna Yovanoff,,"€13,91/un","€13,91/un"
Tabuada,Fábula Educação,,"€10,31/un","€10,31/un"
A Contadora de Histórias,Jodi Picoult,,"€9,00/un","€9,00/un"
"Olhar, Tocar, Sentir - Vamos Brincar!",Vários Autores,,"€10,71/un","€10,71/un"
Os Animais Mais Radicais do Mundo,Radka Janská,,"€11,66/un","€11,66/un"
Megamonstro,David Walliams,,"€14,94/un","€14,94/un"
A Biologia da Crença,Dr. Bruce H. Lipton,,"€15,21/un","€15,21/un"
Aprenda a Ser Carismático,Olivia Fox Cabane,,"€15,21/un","€15,21/un"
O Livro Secreto das Vendas,Paulo de Vilhena,,"€16,97/un","€16,97/un"
Os Pilares da Terra (volume 1),Ken Follett,,"€22,41/un","€22,41/un"
O Anjo Caído,Daniel Silva,,"€15,93/un","€15,93/un"
Animais da Quinta,Yoyo Studios,,"€8,99/un","€8,99/un"
Animais da Selva,Yoyo Studios,,"€8,99/un","€8,99/un"
Viver Sem Ti,Jojo Moyes,,"€16,92/un","€16,92/un"
Até ao Último Suspiro,Mary Higgins Clark e Alafair Burke,,"€14,94/un","€14,94/un"
Conquistar um Sedutor,Nicole Jordan,,"€14,31/un","€14,31/un"
Patrulha Pata - 12 Livros,Vários Autores,,"€11,66/un","€11,66/un"
Rei do Bluff,Afonso Noite-Luar,,"€16,11/un","€16,11/un"
Angela Merkel - Retrato de uma Época,Ursula Weidenfeld,,"€19,71/un","€19,71/un"
Manual para Descomplicar o Cancro,Marine Antunes,,"€13,41/un","€13,41/un"
"Mentes Brilhantes, Mentes Treinadas",Augusto Cury,,"€10,71/un","€10,71/un"
Fashion Model Design Studio,Vários Autores,,"€3,99/un","€3,99/un"
É de Noite!,Grabriele Clima,,"€9,81/un","€9,81/un"
As Raparigas Perdidas,Angela Marsons,,"€15,48/un","€15,48/un"
Heartstopper Nº 2 - O Nosso Segredo,Alice Oseman,,"€14,85/un","€14,85/un"
O Livro do Ric,RicFazeres,,"€14,31/un","€14,31/un"
Masha e o Urso - A Masha Está Com Ciúmes,Vários Autores,,"€7,61/un","€7,61/un"
Oliver em Férias com os Amigos - Do 2º Para o 3º Ano,Raiz Editora,,"€6,93/un","€6,93/un"
Asas de Prata,Camilla Läckberg,,"€12,56/un","€12,56/un"
Adivinha Quanto Eu Gosto de Ti - Números,Sam McBratney,,"€8,55/un","€8,55/un"
A Ciência do Amor,Ali Hazelwood,,"€15,93/un","€15,93/un"
A Ilha das Trevas,José Rodrigues dos Santos,,"€17,26/un","€17,26/un"
O Olho do Mundo,Robert Jordan,,"€19,98/un","€19,98/un"
O Apelo da Tribo,Mario Vargas Llosa,,"€16,92/un","€16,92/un"
A Virtude do Prazer,Mary Balogh,,"€15,21/un","€15,21/un"
Uma Fortuna Perigosa,Ken Follett,,"€21,51/un","€21,51/un"
Amanhecer ao Luar,Jude Deveraux,,"€15,21/un","€15,21/un"
Testes e Exame - Português - 12º Ano,Asa,,"€26,01/un","€26,01/un"
Marketing Digital na Prática,Paulo Faustino,,"€16,11/un","€16,11/un"
O Astrólogo e o Rei,Brigid Hampton,,"€17,91/un","€17,91/un"
Sex Education - Um Guia para a Vida,Laurie Nunn e Jordan Paramor,,"€17,45/un","€17,45/un"
Terra,Eloy Moreno,,"€19,76/un","€19,76/un"
Como Prevenir a Próxima Pandemia,Bill Gates,,"€16,92/un","€16,92/un"
Trolley Spiderman,Spiderman,1 un,"€34,99/un","€34,99/un"
O Palácio de Papel,Miranda Cowley Heller,,"€17,96/un","€17,96/un"
Super Matmagicar 1 - Exercícios e Problemas de Matemática - 1º Ano,Porto Editora,,"€7,92/un","€7,92/un"
O Amor faz Milagres,Sveva Casati Modignani,,"€15,98/un","€15,98/un"
Pessoa - Uma Biografia,Richard Zenith,,"€26,91/un","€26,91/un"
Como Se Fôssemos Vilões,M. L. Rio,,"€16,65/un","€16,65/un"
O Livro dos Curiosos,Vários Autores,,"€15,93/un","€15,93/un"
O Fim da Solidão,Benedict Wells,,"€16,11/un","€16,11/un"
Agenda Semanal A6 com Elástico Floral,Make Notes,1 un,"€8,99/un","€8,99/un"
Estojo Triplo Avengers,Avengers,1 un,"€9,99/un","€9,99/un"
A Força da Autocompaixão,Kristin Neff,,"€15,93/un","€15,93/un"
As Primeiras Cores,Vários Autores,,"€8,91/un","€8,91/un"
Férias - Atividades e Aventuras - 4º Ano,Porto Editora,,"€6,93/un","€6,93/un"
O Princípio e o Fim de Tudo,Paul Parsons,,"€17,99/un","€17,99/un"
Dicionário de Psicopatologia,"Maria Luísa Figueira, Luís Madeira e Pedro Afonso",,"€14,31/un","€14,31/un"
Mais 365 Dias,Blanka Lipinska,,"€17,01/un","€17,01/un"
Spirou Nº 11 - Os Elefantes Sagrados e Outras Aventuras,André Franquin,,"€10,71/un","€10,71/un"
Blake e Mortimer Nº 25 - O Vale dos Imortais (Tomo 1),"Yves Sente, Berserik Teun e Peter Van Dongen",,"€14,31/un","€14,31/un"
É um Mundo Mágico,Bill Watterson,,"€20,90/un","€20,90/un"
Lucky Luke - O Tenrinho,René Goscinny e Morris,,"€9,81/un","€9,81/un"
Os Animais Mais Bizarros do Mundo,Radka Janská,,"€11,66/un","€11,66/un"
O Homem que Passeava Livros,Carsten Henn,,"€13,41/un","€13,41/un"
Carteira LEGO City,LEGO,1 un,"€19,99/un","€19,99/un"
Strindberg - Neste Mundo Fui Apenas um Convidado,Cristina Carvalho,,"€15,75/un","€15,75/un"
As Duas Faces de Salazar,Rui Carvalheira,,"€17,10/un","€17,10/un"
"Bip! Bip! - Toca, Criança para Bebés",Vários Autores,,"€9,81/un","€9,81/un"
Às Vezes Fico Preocupado,Vários Autores,,"€9,90/un","€9,90/un"
Low-Carb - Receitas Fáceis,Vários Autores,,"€23,31/un","€23,31/un"
Talvez Devesses Falar com Alguém,Lori Gottlieb,,"€19,75/un","€19,75/un"
Uma Aventura na Ilha Deserta,Ana Maria Magalhães e Isabel Alçada,,"€7,38/un","€7,38/un"
Encanto - Mistério na Floresta Tropical,Vários Autores,,"€6,26/un","€6,26/un"
Caiu o Primeiro Dentinho!,Vários Autores,,"€8,06/un","€8,06/un"
Agenda do Professor do 1º Ciclo 2022/2023,Sónia de Sá Neves,,"€10,33/un","€10,33/un"
A Besta,Carmen Mola,,"€17,91/un","€17,91/un"
Marcadores de Colorir Finos,Uso,24 un,"€2,79/un","€2,79/un"
Spider-Man - A Vida de um Super-Herói Nunca é Aborrecida!,Vários Autores,,"€9,86/un","€9,86/un"
A Casa Ocupada,Graça Videira Lopes,,"€13,95/un","€13,95/un"
Grace Kelly - Uma Decisão por Amor,Sophie Benedict,,"€14,85/un","€14,85/un"
O Regresso de um Rei,William Dalrymple,,"€22,41/un","€22,41/un"
O Que É a Religião?,Anselm Grün,,"€12,56/un","€12,56/un"
Nós e Mais Ninguém,Laure Rensburg,,"€16,92/un","€16,92/un"
Jogos de Prazer,Beth Kery,,"€15,93/un","€15,93/un"
Dieta para a Diabetes,"Katie Caldesi, Jenny Phillips e Giancarlo Caldesi",,"€16,92/un","€16,92/un"
Príncipios de Sabedoria,Ervin Laszlo,,"€14,36/un","€14,36/un"
Fake News - Não te Deixes Enganar!,Simona Levi e Marc Planas,,"€9,81/un","€9,81/un"
Enciclopédia das Emoções,Vários Autores,,"€14,31/un","€14,31/un"
Princesas Secretas - O Baile das Princesas,Rosie Banks,,"€8,91/un","€8,91/un"
O Sapo e a Estrela-Cadente,Max Velthuijs,,"€11,69/un","€11,69/un"
Os Vampiros,Filipe Melo e Juan Cavia,,"€27,86/un","€27,86/un"
Pequenas Descobertas - Eu e a Natureza,Lisa Lupano,,"€12,56/un","€12,56/un"
Leva e Pinta com Grandes Lápis - Azul - Sereia,Yoyo Studios,,"€9,99/un","€9,99/un"
Cinco Unicórnios Mágicos,Amber Lily,,"€8,96/un","€8,96/un"
A Rapariga Que Fugiu de Auschwitz,Ellie Midwood,,"€17,51/un","€17,51/un"
O Hábito de Fazer High 5,Mel Robbins,,"€13,50/un","€13,50/un"
Biblioteca do Conhecimento Nº 5 - Terra,Cristina Banfi,,"€14,36/un","€14,36/un"
Bora Experimentar Nº 1 - Eletricidade e Magnetismo,Fosforo,,"€12,56/un","€12,56/un"
Estojo Quadrado Sugar Verde Menta Marshmallow,Marshmallow,1 un,"€9,99/un","€9,99/un"
O Tempo Entre Costuras,María Dueñas,,"€17,91/un","€17,91/un"
Boa Noite! - Coelho,Yoyo Studios,,"€14,99/un","€14,99/un"
A Desconhecida do Sena,Guillaume Musso,,"€13,05/un","€13,05/un"
As Grandes Conquistas da História,Ian Mortimer,,"€18,00/un","€18,00/un"
LEGO Ninjago - Ninja em Apuros,LEGO,,"€10,76/un","€10,76/un"
As Gémeas Nº 16 - Verdade ou Consequência em Santa Clara,Sara Rodi e Enid Blyton,,"€8,91/un","€8,91/un"
O Halloween dos Lápis,Drew Daywalt,,"€12,56/un","€12,56/un"
D. Maria I,Isabel Stilwell,,"€22,41/un","€22,41/un"
"Entra na Caixa, Lobo Mau!",Clara Cunha,,"€12,51/un","€12,51/un"
Tarot e Espiritualidade,Inês Pereira Pina,,"€13,41/un","€13,41/un"
Cartas do Pai,Vários Autores,,"€17,10/un","€17,10/un"
Enfim Férias - Do 1º para o 2º Ano,Acento Tónico,,"€7,19/un","€7,19/un"
Os Abismos,Pilar Quintana,,"€13,95/un","€13,95/un"
Ucrânia,Rui Cardoso,,"€14,85/un","€14,85/un"
Tudo o que Aprendi com as Minhas Filhas,Catarina Raminhos,,"€13,91/un","€13,91/un"
O Rei de Ferro,Maurice Druon,,"€15,21/un","€15,21/un"
O Diário de Anne Frank - Edição Especial,Anne Frank,,"€19,80/un","€19,80/un"
A Terceira Voz,Cilla Börjlind e Rolf Börjlind,,"€18,89/un","€18,89/un"
Princípios Para Investir com Sucesso,Burton G. Malkiel e Charles D. Ellis,,"€13,46/un","€13,46/un"
O Pacto,Sharon Bolton,,"€16,11/un","€16,11/un"
Histórias Para Ler Todos os Dias,Lucy Brownridge,,"€13,91/un","€13,91/un"
Quinta,Yoyo Studios,,"€9,99/un","€9,99/un"
Animais Bebés,Yoyo Studios,,"€9,99/un","€9,99/un"
Pela Noite Fora,Marie Dorléans,,"€13,46/un","€13,46/un"
O Grande Gatsby,F. Scott Fitzgerald e Fred Fordham,,"€15,75/un","€15,75/un"
Zás! Trás! Pás!,Elisenda Roca e Cristina Losantos,,"€7,92/un","€7,92/un"
Sandokan e o Tigre de Mompracem,Emílio Salgari e Stefano Enna,,"€12,51/un","€12,51/un"
Disney Baby - Entre Amigos,Disney,,"€9,81/un","€9,81/un"
Incendeio-te,J. Kenner,,"€16,91/un","€16,91/un"
O Vírus Mona Lisa,Tibor Rodes,,"€19,78/un","€19,78/un"
O Anjo da Morte,M. J. Arlidge,,"€18,86/un","€18,86/un"
Retrato de Um Escocês,Evie Dunmore,,"€16,92/un","€16,92/un"
365 Enigmas e Jogos de Lógica,Miquel Capó,,"€15,21/un","€15,21/un"
O Poder da Lua,Stacey Demarco,,"€19,79/un","€19,79/un"
Como Matar a Tua Família,Bella Mackie,,"€16,92/un","€16,92/un"
De Mãos Dadas,Christopher Cheng,,"€12,56/un","€12,56/un"
Arsène Lupin - A Agência Barnett e C.ª,Maurice Leblanc,,"€14,40/un","€14,40/un"
O Meu Livro de Autocolantes - Animais Marinhos,Vários Autores,,"€3,49/un","€3,49/un"
A Fantástica Viagem da Sementinha,Maria Isabel Loureiro,,"€10,98/un","€10,98/un"
Adoro os Animais de Estimação,Carine Fontaine e Adeline Pierre,,"€6,21/un","€6,21/un"
A Minha Casa Hygge,Meik Wiking,,"€15,29/un","€15,29/un"
Cada Verão Passado,Carley Fortune,,"€16,97/un","€16,97/un"
Agenda Diária A5 com Elástico Ditsy,Make Notes,1 un,"€11,99/un","€11,99/un"
A Rapariga do Lago Silencioso,Leslie Wolfe,,"€17,51/un","€17,51/un"
Medo do Palco,Vários Autores,,"€8,91/un","€8,91/un"
Inteligência Emocional,David Walton,,"€13,46/un","€13,46/un"
Carta ao Cavaleiro de Nada,João Marecos,,"€9,81/un","€9,81/un"
Posso Falar-te em Verso?,António Torrado,,"€9,81/un","€9,81/un"
A Caixa,Min Flyte,,"€13,19/un","€13,19/un"
Nova Iorque Num Minuto,Kate Spencer,,"€14,85/un","€14,85/un"
Fica em Forma com a Carly,Carly Santos,,"€15,21/un","€15,21/un"
O Bom Tarot,Colette Baron-Reid,,"€22,46/un","€22,46/un"
Pack Plim! Problemas + Erros - 1º Ano,Texto,,"€9,45/un","€9,45/un"
LEGO City - Um Dia na Cidade,LEGO,,"€10,76/un","€10,76/un"
Sinfonia Inacabada,Nora Roberts,,"€17,91/un","€17,91/un"
"Panda - Todos Diferentes, Todos Iguais",Panda,,"€13,49/un","€13,49/un"
Os Filhos de Anansi,Neil Gaiman,,"€17,01/un","€17,01/un"
Paixão,Tracy Wolff,,"€20,61/un","€20,61/un"
O Homicídio Perfeito 3 - A Vingança Perfeita,Holly Jackson,,"€18,81/un","€18,81/un"
A Magia em Mim,Mafalda Mota,,"€10,80/un","€10,80/un"
Jogo de Morte,Angela Marsons,,"€15,48/un","€15,48/un"
Sã e Salva,S.K. Barnett,,"€15,21/un","€15,21/un"
Férias com Princesas - 4 Anos,Dom Quixote,,"€7,92/un","€7,92/un"
A Lista do Sr. Malcolm,Suzanne Allain,,"€15,75/un","€15,75/un"
Contos com Emoções,Vários Autores,,"€11,61/un","€11,61/un"
Bullet Train,Kotaro Isaka,,"€17,91/un","€17,91/un"
GGG - Grande Gigante Gentil,Roald Dahl,,"€13,95/un","€13,95/un"
Estoicismo e a Arte da Felicidade,David Fideler,,"€16,61/un","€16,61/un"
A Prometida,Kiera Cass,,"€15,21/un","€15,21/un"
Fantasmas de Oxford,Lucy Atkins,,"€15,21/un","€15,21/un"
Nenhum Olhar,José Luis Peixoto,,"€15,93/un","€15,93/un"
O Fado da Severa,Maria João Lopo de Carvalho,,"€15,21/un","€15,21/un"
Novas Férias Grandes - 5º e 6º Ano,Texto,,"€7,20/un","€7,20/un"
A Canção da Tartaruga,Rosie Banks,,"€8,91/un","€8,91/un"
Inquieta,Susana Amaro Velho,,"€15,75/un","€15,75/un"
Minecraft - A Masmorra do Medo!,Nick Eliopulos,,"€10,79/un","€10,79/un"
O Livro do Amor,Alexandra Solnado,,"€14,94/un","€14,94/un"
Fashion Model Design Studio,Vários Autores,,"€3,99/un","€3,99/un"
City Hall 1,Rémi Guérin e Guillaume Lapeyre,,"€10,80/un","€10,80/un"
Paraíso,Abdulrazak Gurnah,,"€17,96/un","€17,96/un"
Abraça o Medo e Segue em Frente,Susan Jeffers,,"€14,94/un","€14,94/un"
Se Nunca Te Conhecesse,Mhairi McFarlane,,"€17,96/un","€17,96/un"
A Música das Abelhas,Eileen Garvin,,"€16,11/un","€16,11/un"
Refúgio,Nora Roberts,,"€17,13/un","€17,13/un"
1984,George Orwell,,"€11,70/un","€11,70/un"
Agenda Semanal A7 com Elástico Color (várias cores),Note!,1 un,"€4,99/un","€4,99/un"
Agenda Diária A5 com Elástico,Make Notes,1 un,"€16,99/un","€16,99/un"
Não Toques no... Tubarão!,Rosie Greening,,"€9,81/un","€9,81/un"
Animais Simpáticos,Vários Autores,,"€4,94/un","€4,94/un"
Bichinhos Curiosos,Vários Autores,,"€4,94/un","€4,94/un"
O Monte dos Vendavais,Emily Brontë,,"€16,11/un","€16,11/un"
O Menino que Gostava de Toda a Gente,Jane Porter,,"€13,46/un","€13,46/un"
Falar (Inglês) é Fácil,Cristina Ferreira,,"€15,93/un","€15,93/un"
As Primeiras Palavras,Vários Autores,,"€8,91/un","€8,91/un"
Férias - Atividades e Aventuras - 2º Ano,Porto Editora,,"€6,93/un","€6,93/un"
O Clube dos Cientistas Nº 7 - Levanta Voo,Maria Francisca Macedo,,"€9,86/un","€9,86/un"
Melancholia,Francisco José Viegas,,"€15,93/un","€15,93/un"
Os Fogos do Céu,Robert Jordan,,"€24,93/un","€24,93/un"
O Fio da Felicidade,Jill Mansell,,"€17,99/un","€17,99/un"
Sonhos Escandalosos,Elizabeth Hoyt,,"€14,94/un","€14,94/un"
Fiscal - 42ª Edição,Vários Autores,,"€35,55/un","€35,55/un"
O Clube dos Cientistas Nº 17 - Noite de Terror,Maria Francisca Macedo,,"€9,86/un","€9,86/un"
"Justiça, Política e Comunicação Social",Daniel Proença Carvalho,,"€16,92/un","€16,92/un"
Loud em Casa - Que Grande Caos!,Vários Autores,,"€8,91/un","€8,91/un"
Lucky Luke - Os Tios Dalton,"Gerra, Jacques Pessis e Achdé",,"€9,81/un","€9,81/un"
Lucky Luke - O Tesouro dos Dalton,Morris,,"€9,81/un","€9,81/un"
Animais de Todo o Mundo,Carine Fontaine e Adeline Pierre,,"€6,21/un","€6,21/un"
"Tudo o que Pensar, Pense o Contrário",Paul Arden,,"€11,70/un","€11,70/un"
Bolinha Vai à Praia,Eric Hill,,"€10,71/un","€10,71/un"
O Clube de BD do Supergatinho,Dav Pilkey,,"€12,51/un","€12,51/un"
Os Super-Heróis Também Têm Dias Maus,Shelly Becker,,"€13,46/un","€13,46/un"
Um Diário Russo,Anna Politkovskaya,,"€16,92/un","€16,92/un"
Miraculous - As Aventuras de Ladybug - Gangue dos Segredos,Vários Autores,,"€9,41/un","€9,41/un"
Madame Bovary,Gustave Flaubert e Daniel Bardet,,"€12,51/un","€12,51/un"
Manual para Senhoras Caça-Fortunas,Sophie Irwin,,"€16,11/un","€16,11/un"
O Livro Wicca das Sombras,Ambrosia Hawthorn,,"€16,19/un","€16,19/un"
Levanta & Aprende - Os Meus Primeiros Veículos,Vários Autores,,"€7,16/un","€7,16/un"
Livro do Bebé (Azul),Vários Autores,,"€8,99/un","€8,99/un"
Os Mauzões 6 - Extraterrestre vs. Os Mauzões,Aaron Blabey,,"€9,81/un","€9,81/un"
Vamos Pintar Unicórnios,Vários Autores,,"€8,91/un","€8,91/un"
As Dez Monarquias da Europa,Alberto Miranda,,"€15,21/un","€15,21/un"
Da Minha Janela,Ariana Godoy,,"€17,91/un","€17,91/un"
Piu e Gil,Sofia Correia,,"€11,61/un","€11,61/un"
Um Mundo a Preto e Branco,Richard Williams e Bart Davis,,"€17,99/un","€17,99/un"
Escândalo com o Marquês,Tessa Dare,,"€16,61/un","€16,61/un"
#Sucesso - Português - 6º Ano,Porto Editora,,"€10,71/un","€10,71/un"
Little Rocky - Aprendo Inglês - 2º Ano,Porto Editora,,"€6,93/un","€6,93/un"
Aprende a Estudar - 1º e 2º Ciclos,Fábula Educação,,"€10,94/un","€10,94/un"
Clips Metálicos,Do Art,9 un,"€3,00/un","€3,00/un"
Sua Alteza Real,Danielle Steel,,"€14,94/un","€14,94/un"
Filosofia - Tudo o que Precisa de Saber,Paul Kleinman,,"€15,21/un","€15,21/un"
Estojo Quadrado Armour Azul Miss Lemonade,Miss Lemonade,1 un,"€9,99/un","€9,99/un"
As Raparigas de Papel,Louise O'Neill,,"€16,65/un","€16,65/un"
Os Jogos da Herança 1,Jennifer Lynn Barnes,,"€17,91/un","€17,91/un"
O Mar Viu,Tom Percival,,"€11,61/un","€11,61/un"
"Eu, Robô",Isaac Asimov,,"€16,20/un","€16,20/un"
Começa a Pintar - Leão,Yoyo Studios,,"€8,09/un","€8,09/un"
Super Easy,Khaby Lame,,"€12,56/un","€12,56/un"
A Conspiração para Matar Lourenço de Médicis,Eric Frattini,,"€16,92/un","€16,92/un"
Trolley Holo Mermaid Rosa,Note!,1 un,"€39,99/un","€39,99/un"
Mochila Stripe Cinza e Vermelho,Note!,1 un,"€39,99/un","€39,99/un"
Agenda Semanal A5 com Elástico e Frase (vários modelos),Note!,1 un,"€9,49/un","€9,49/un"
Agenda Semanal A5 com Elástico Amarela,Note!,1 un,"€9,99/un","€9,99/un"
Agenda Diária A5 Verde,Note!,1 un,"€14,99/un","€14,99/un"
O Poder da Aceitação,Lise Bourbeau,,"€14,94/un","€14,94/un"
A Bienal da Tia Matilde,António Botto Quintans,,"€11,70/un","€11,70/un"
Big Data & Analytics,Nadine Côrte-Real,,"€16,61/un","€16,61/un"
Manifesta,Roxie Nafousi,,"€13,95/un","€13,95/un"
Agenda do Professor 2022/2023 - 6 Turmas,Leya,,"€14,40/un","€14,40/un"
O Meu Primeiro Livro de Colorir por Números - A Quinta,Moira Butterfield,,"€8,99/un","€8,99/un"
"Números, Formas e Cores",Lisa Lupano,,"€6,92/un","€6,92/un"
Breve História de Espanha,Giles Tremlett,,"€18,86/un","€18,86/un"
Capuchinho Vermelho,Jacob e Wilhelm Grimm,,"€11,61/un","€11,61/un"
Lady Sunshine,Amy Mason Doan,,"€16,97/un","€16,97/un"
Contos Solidários 38 - Lilo e Stitch,Disney,,"€3,49/un","€3,49/un"
Jornada Espiritual,PERGAMINHO,,"€13,95/un","€13,95/un"
Os Pecados dos Nossos Pais,Asa Larsson,,"€17,91/un","€17,91/un"
Ioga para o Meu Bem-Estar,Xuan Lan,,"€17,01/un","€17,01/un"
A Camareira,Nita Prose,,"€17,01/un","€17,01/un"
Frozen 2 - Regresso a Casa,Disney,,"€8,91/un","€8,91/un"
O Homem que Caiu na Terra,Walter Tevis,,"€13,41/un","€13,41/un"
Exercícios para Um Cérebro Mais Inteligente,Vasco Catarino Soares,,"€13,41/un","€13,41/un"
Uma Melodia Inesperada,Jodi Picoult,,"€19,98/un","€19,98/un"
Tintin na América,Hergé,,"€8,91/un","€8,91/un"
Salazar e a Sua Época (volume 2) - Do Terreiro do Paço a S. Bento,José António Saraiva,,"€15,30/un","€15,30/un"
O Telegrama,Leon Silver,,"€20,66/un","€20,66/un"
Os Contadores de Histórias,Nicholas Jubber,,"€16,92/un","€16,92/un"
Aprender a Ser Treinador,João Nicolau,,"€16,65/un","€16,65/un"
É Tempo de Reacender as Estrelas,Virginie Grimaldi,,"€15,21/un","€15,21/un"
Os Dez Degraus,Fernando J. Múñez,,"€17,91/un","€17,91/un"
Mais por Menos,Teresa d'Abreu,,"€18,86/un","€18,86/un"
Alimentação Fora da Caixa,Joana Moura,,"€17,96/un","€17,96/un"
Escreve e Apaga - Dinossauros,Vários Autores,,"€8,91/un","€8,91/un"
Inspiração Para Uma Vida Mágica,Pedro Vieira e Mikaela Övén,,"€14,94/un","€14,94/un"
Donas Portuguesas de Tempos Idos,Conde de Sabugosa,,"€19,71/un","€19,71/un"
Quando a Porta Fica Aberta,Luísa Sobral,,"€11,25/un","€11,25/un"
O Hipnotista,Lars Kepler,,"€17,99/un","€17,99/un"
O Meu Primeiro Livro de Ligar os Pontos - Animais,Elizabeth Golding,,"€8,99/un","€8,99/un"
Estrelas da Fortuna,Nora Roberts,,"€15,93/un","€15,93/un"
Numa Ilha Deserta,Julie Johnson,,"€14,04/un","€14,04/un"
A Mulher do Traidor,Allison Pataki,,"€18,89/un","€18,89/un"
A Última Odisseia,James Rollins,,"€16,92/un","€16,92/un"
1-2-3,Yoyo Studios,,"€9,99/un","€9,99/un"
Animais Bebés,Yoyo Studios,,"€8,99/un","€8,99/un"
"Sangue e Fogo - A História dos Reis Targaryen (volume 1, parte 2)",George R. R. Martin,,"€16,92/un","€16,92/un"
Juntos ao Luar,Nicholas Sparks,,"€15,21/un","€15,21/un"
As Gémeas de Auschwitz,Eva Mozes Kor e Lisa Rojany Buccieri,,"€13,46/un","€13,46/un"
Tu És Perfeita Como És,Maria Nunes,,"€13,41/un","€13,41/un"
O Mistério da Sereia,Rosie Banks,,"€8,91/un","€8,91/un"
Dorme Bem,Julie Wright,,"€16,92/un","€16,92/un"
O Mundo de Atlântida,A.G. Riddle,,"€15,93/un","€15,93/un"
Coffin Road - Esquecimento Fatal,Peter May,,"€17,91/un","€17,91/un"
Marketing Digital - O Guia Completo,Marco Gouveia,,"€17,91/un","€17,91/un"
Conta-me o Teu Segredo,Dorothy Koomson,,"€15,93/un","€15,93/un"
A Vida Mentirosa dos Adultos,Elena Ferrante,,"€18,00/un","€18,00/un"
Colomania - Azul Escuro,Yoyo Studios,,"€8,99/un","€8,99/un"
Plim! Aprendo a Escrever Sem Erros - 2º Ano,Texto,,"€5,31/un","€5,31/un"
Viva a Vida,Fernanda Serrano,,"€8,91/un","€8,91/un"
Fique em Forma em 28 Dias,Nilton Bala,,"€15,93/un","€15,93/un"
Três Porquinhos,Yoyo Studios,,"€14,99/un","€14,99/un"
Em Troca de Um Coração,Jodi Picoult,,"€16,92/un","€16,92/un"
Isso Nunca Vai Resultar,Marc Randolph,,"€22,95/un","€22,95/un"
Rodeado de Psicopatas,Thomas Erikson,,"€16,11/un","€16,11/un"
O que Faria Freud?,Sarah Tomley,,"€16,11/un","€16,11/un"
Cola Veste e Joga - Danças,Vários Autores,,"€3,49/un","€3,49/un"
Colomania - Azul Claro,Yoyo Studios,,"€8,99/un","€8,99/un"
O Grande Livro da Meditação,James Allen,,"€17,51/un","€17,51/un"
Let's Go Natural,Go Natural,,"€17,91/un","€17,91/un"
Os Melhores Contos de Grimm,Yoyo Studios,,"€17,99/un","€17,99/un"
Exame MACS - 11º Ano,LeYa,,"€25,11/un","€25,11/un"
Viver Melhor e Mais Tempo,Michel Cymes,,"€14,31/un","€14,31/un"
TOP! Tabuada - 7-10 Anos,Porto Editora,,"€2,61/un","€2,61/un"
Preparação para o Exame Final Nacional 2023 - História A - 12º Ano,Porto Editora,,"€26,91/un","€26,91/un"
Preparação para o Exame Final Nacional - Matemática B - 11º Ano,Porto Editora,,"€26,91/un","€26,91/un"
Vou Tirar 100% - Cadernos de Revisão - 5º Ano,Porto Editora,,"€10,71/un","€10,71/un"
Estudo e Aprendo - 1º Ano,Fábula Educação,,"€10,31/un","€10,31/un"
Fichas de Matemática 3 - 3º Ano,Areal Editores,,"€7,92/un","€7,92/un"
Manuscrito Encontrado em Accra,Paulo Coelho,,"€13,95/un","€13,95/un"
Agenda Semanal A5 Sweet Flowers (várias cores),Note!,1 un,"€8,49/un","€8,49/un"
Agenda Semanal A5 com Elástico Terrazo,Make Notes,1 un,"€10,99/un","€10,99/un"
Minecraft - Com Wither ou Sem Wither? (volume 1),Kristen Gudsnuk,,"€12,56/un","€12,56/un"
Falsa Testemunha,Karin Slaughter,,"€17,01/un","€17,01/un"
Grafismos e Tracejados,Lisa Lupano,,"€6,92/un","€6,92/un"
É Tão Bom Descobrir! Os Números,Vários Autores,,"€5,36/un","€5,36/un"
O Clube dos Cientistas Nº 12 - Mistério à Luz,Maria Francisca Macedo,,"€9,86/un","€9,86/un"
Nunca Fiques Onde Já Não Estás,Manuel Clemente,,"€14,36/un","€14,36/un"
Cucu! Animais,Raffaella Castagna,,"€9,81/un","€9,81/un"
Inteligência Financeira,Karen Berman e Joe Knight,,"€17,91/un","€17,91/un"
Citações de Adolf Hitler,Adolf Hitler,,"€10,80/un","€10,80/un"
O Enigma do Quarto 622,Joel Dicker,,"€12,92/un","€12,92/un"
A Cozinha Inglesa de Miss Eliza,Annabel Abbs,,"€15,75/un","€15,75/un"
Enciclopédia do Conhecimento - Espaço,Vários Autores,,"€31,50/un","€31,50/un"
Raven - Noites de Florença,Sylvain Reynard,,"€15,98/un","€15,98/un"
Lucky Luke - O Daily Star,Xavier Fauche,,"€9,81/un","€9,81/un"
Grandes Autocolantes e Livro para Colorir - Elefante,Yoyo Studios,,"€6,74/un","€6,74/un"
Terapia do Croché,Betsan Corkhill,,"€16,91/un","€16,91/un"
O Primeiro Passeio do Bolinha,Eric Hill,,"€10,71/un","€10,71/un"
Os Mega B.A.Y.T.E.S. - A Invasão,Sara de Almeida Leite,,"€9,81/un","€9,81/un"
"Então, Vamos Ter um Cão?",Steve Mann e Martin Roach,,"€15,21/un","€15,21/un"
Estação Damasco,David McCloskey,,"€17,01/un","€17,01/un"
O que Aprendi com a Minha Mãe,Helena Sacadura Cabral,,"€10,76/un","€10,76/un"
2010: Odisseia Dois,Arthur C. Clarke,,"€15,93/un","€15,93/un"
O Livro das Sombras Engraçadas do Mickey,Vários Autores,,"€11,66/un","€11,66/un"
Tenho o Teu Núm3ro,Sophie Kinsella,,"€15,84/un","€15,84/un"
Delparaíso,Juan del Val,,"€16,11/un","€16,11/un"
Zoobiquidade,Drª Barbara Natterson-Horowitz e Kathryn Bowers,,"€16,92/un","€16,92/un"
As Crónicas Saxónicas Nº 12 - A Espada dos Reis,Bernard Cornwell,,"€16,92/un","€16,92/un"
Minecraft - Com Wither ou Sem Wither? (Volume 2),Kristen Gudsnuk,,"€12,56/un","€12,56/un"
Aprende Yoga com os Animais da Floresta,Christiane Kerr,,"€11,66/un","€11,66/un"
O Tigre que Veio Para o Jantar,Steve Smallman,,"€11,16/un","€11,16/un"
Frozen 2 - Uma Aventura Apaixonante,Disney,,"€6,26/un","€6,26/un"
Estojo Box Harry Potter,Harry Potter,1 un,"€8,99/un","€8,99/un"
Estojo Retangular Stripe Cinza e Vermelho,Note!,1 un,"€7,99/un","€7,99/un"
Mínimos 2 - A Ascensão de Gru - Narrativa Juvenil,Vários Autores,,"€8,91/un","€8,91/un"
Intestino Descomplicado,Margarida Beja,,"€14,40/un","€14,40/un"
Laboratório de Emoções,Tânia Correia,,"€13,95/un","€13,95/un"
Lula,Fernando Morais,,"€19,76/un","€19,76/un"
Enciclopédia dos Curiosos - Planeta Terra,Vários Autores,,"€12,96/un","€12,96/un"
Cem Anos de Solidão,Gabriel García Márquez,,"€17,91/un","€17,91/un"
A Filha de Cayetana,Carmen Posadas,,"€19,98/un","€19,98/un"
Adoro os Animais da Quinta,Carine Fontaine e Adeline Pierre,,"€6,21/un","€6,21/un"
"Os Contos de Beedle, o Bardo",J. K. Rowling,,"€23,31/un","€23,31/un"
Bingo e Rolly Nº 2 - As Férias de Verão,Disney,,"€6,26/un","€6,26/un"
Preparar o Exame 2023 - Matemática A - 12º Ano,Porto Editora,,"€25,92/un","€25,92/un"
As 7 Vidas de José Saramago,Miguel Real e Filomena Oliveira,,"€22,46/un","€22,46/un"
1822 - Das Américas Portuguesas ao Brasil,Roberta Stumpf e Nuno Gonçalo Monteiro,,"€17,55/un","€17,55/un"
Junto ao Mar,Abdulrazak Gurnah,,"€18,86/un","€18,86/un"
Um Sonho do Tio,Fiódor Dostoiévski,,"€12,51/un","€12,51/un"
O Guia Completo sobre Absolutamente Tudo*,Adam Rutherford e Hannah Fry,,"€15,93/un","€15,93/un"
Agenda Semanal A5 com Elástico Bordeaux,Note!,1 un,"€8,99/un","€8,99/un"
Agenda Diária A5 Cinza,Note!,1 un,"€14,99/un","€14,99/un"
Agenda Diária A5 Bordeaux,Note!,1 un,"€14,99/un","€14,99/un"
Primeiras 100 Palavras - Cores,Vários Autores,,"€12,59/un","€12,59/un"
A Minha Fofa Lagarta,Vários Autores,,"€17,99/un","€17,99/un"
O Plano dos 4 Pilares,Dr. Rangan Chatterjee,,"€14,31/un","€14,31/un"
Calma,Vários Autores,,"€10,71/un","€10,71/un"
O Teu Corpo em Chamas,Beatriz Larrea,,"€17,91/un","€17,91/un"
O Livro das Minhas Emoções - A Timidez,Stéphanie Couturier e Maurèen Poignonec,,"€6,21/un","€6,21/un"
Acredite - A Vida Sem Dor é Possível!,Rogério Liporaci,,"€14,40/un","€14,40/un"
O Pequeno Livro da Serenidade,James Allen,,"€11,25/un","€11,25/un"
Potencie o Seu Verdadeiro Eu,Afonso Arribança,,"€12,51/un","€12,51/un"
"Pensa Digital, Mas Não Compliques",Rui Pedro Silva,,"€14,40/un","€14,40/un"
A Fada das Multiplicações,João Pedro Mésseder,,"€11,61/un","€11,61/un"
A Volta ao Mundo em 80 Dias,Yoyo Studios,,"€6,75/un","€6,75/un"
As 20 000 Léguas Submarinas,Yoyo Studios,,"€6,75/un","€6,75/un"
Os Três Porquinhos,Yoyo Studios,,"€9,99/un","€9,99/un"
Vida Selvagem,Vários Autores,,"€12,59/un","€12,59/un"
Trilogia Caraval - Finale (livro 3),Stephanie Garber,,"€17,91/un","€17,91/un"
Hotel Portofino,J. P. O'Connell,,"€17,55/un","€17,55/un"
Five Nights at Freddy's 3 - A Última Porta,Scott Cawthon e Kira Breed-Wrisley,,"€14,31/un","€14,31/un"
A Aranha Antonieta e as Formas,Vanessa Namora Caeiro,,"€13,46/un","€13,46/un"
Já Como Sozinha E Não Faço Birras!,Daniela Gamba e Francesca Galmozzi,,"€7,65/un","€7,65/un"
Isabel II - Rainha e Mulher,Alberto Miranda,,"€15,30/un","€15,30/un"
O Caminho do Peregrino,John Bunyan,,"€12,96/un","€12,96/un"
Martine no Parque e Martine Pratica Vela,Gilbert Delahaye,,"€17,99/un","€17,99/un"
"Miúda, Deixa-te de M*rdas",Rachel Hollis,,"€13,41/un","€13,41/un"
101 Vozes pela Sustentabilidade,Vários Autores,,"€15,21/un","€15,21/un"
Marion,Wendy Holden,,"€17,91/un","€17,91/un"
Shore Desvendado,M. G. Ferrey,,"€15,71/un","€15,71/un"
Primeiros Passos para a Escrita - O Alfabeto,Bookout,,"€4,95/un","€4,95/un"
"Cola, Veste e Joga - Bonecas",Vários Autores,,"€3,49/un","€3,49/un"
"Princesa Poppy - Por Favor, Salvem as Abelhas!",Janey Louise Jones,,"€12,56/un","€12,56/un"
Abraça a Tua Magia,Sofia Rito,,"€17,51/un","€17,51/un"
Prisioneira do Tempo - Atlântico (Livro 2),Patrícia Madeira,,"€22,41/un","€22,41/un"
Desenvolver a Motricidade Fina - 3-5 Anos,Yoyo Studios,,"€7,19/un","€7,19/un"
Martine - 2 Livros de Histórias,Gilbert Delahaye,,"€17,98/un","€17,98/un"
Uma Vida Desperdício Zero em Trinta Dias,Anita Vandyke,,"€12,96/un","€12,96/un"
Adoro Unicórnios - A Kikas Vai de Férias,Vários Autores,,"€8,99/un","€8,99/un"
Lightyear - História para Colorir,Disney Pixar Lightyear,,"€3,96/un","€3,96/un"
Stranger Things - Acampamento de Ciências,Jody Houser,,"€13,41/un","€13,41/un"
Mulherzinhas,Vários Autores,,"€10,71/un","€10,71/un"
Ligados,Dr. Amir Levine e Rachel S. F. Heller,,"€15,21/un","€15,21/un"
O Bando das Cavernas Nº 37 - No Topo do Mundo,Nuno Caravela,,"€10,76/un","€10,76/un"
Perfeitos Mentirosos #1 Mentiras e Segredos,Alex Mírez,,"€16,11/un","€16,11/un"
Histórias de Esperança,Heather Morris,,"€14,31/un","€14,31/un"
Eu Já Devia Saber,Bárbara Corby,,"€13,41/un","€13,41/un"
O Mestre e a Aprendiza,Madeline Hunter,,"€15,21/un","€15,21/un"
"Fátima - O Meu Caminho, A Minha Fé",Fátima Lopes,,"€14,31/un","€14,31/un"
Amar um Homem Perdido,Mary Jo Putney,,"€15,75/un","€15,75/un"
Uma Promessa para Toda a Vida,Nicholas Sparks,,"€15,21/un","€15,21/un"
As Filhas do Capitão,María Dueñas,,"€17,91/un","€17,91/un"
O Principezinho,Antoine de Saint-Exupéry,,"€8,91/un","€8,91/un"
O Grande Livro dos Chakras e da Anatomia Energética,João Magalhães,,"€23,36/un","€23,36/un"
A Minha Fabulosa Coleção das Fábulas de La Fontaine,Yoyo Studios,,"€12,59/un","€12,59/un"
Corretor Líquido 20ml,Q-Connect,1 un,"€0,79/un","€0,79/un"
Homem-Cão Nº 8 - Apanha 22,Dav Pilkey,,"€12,51/un","€12,51/un"
Patrulha Pata,Nickelodeon,,"€7,61/un","€7,61/un"
Unicórnio Mágico,Vários Autores,,"€14,31/un","€14,31/un"
Plim! Aprendo a Resolver Problemas - 4º Ano,Texto,,"€5,31/un","€5,31/un"
Masha e o Urso - As Birras da Masha,Vários Autores,,"€7,61/un","€7,61/un"
Os Grandes Desastres Militares,Julian Spilsbury,,"€16,20/un","€16,20/un"
Preparar o Exame Nacional 2023 - Física e Química A - 10º e 11º Ano,Areal Editores,,"€26,91/un","€26,91/un"
Preparação para o Exame Final Nacional - MACS - Matemática Aplicada às Ciências Sociais - 11º Ano,Porto Editora,,"€26,91/un","€26,91/un"
Preparação para o Exame Final Nacional - Economia A - 11º Ano,Porto Editora,,"€26,91/un","€26,91/un"
Já fizeste os TPC? 1 - 1º Ano,Areal Editores,,"€7,92/un","€7,92/un"
Já fizeste os TPC? 5 - 5º Ano,Areal Editores,,"€9,81/un","€9,81/un"
Uma Educação,Tara Westover,,"€15,93/un","€15,93/un"
O Portal,Tom Cronin e Jacqui Fifer,,"€15,71/un","€15,71/un"
Depois,Stephen King,,"€15,93/un","€15,93/un"
Guerreiro das Trevas (Parte Um),Sherrilyn Kenyon,,"€16,92/un","€16,92/un"
O Passageiro Misterioso,Louise Candlish,,"€16,65/un","€16,65/un"
Férias - Atividades e Aventuras - 1º Ano,Porto Editora,,"€6,93/un","€6,93/un"
"Saramago, os Seus Nomes",Ricardo Viel e Alejandro Garcia Schnetzer,,"€36,00/un","€36,00/un"
Jogo Mortal,Bruno M. Franco,,"€17,96/un","€17,96/un"
Os Animais da Quinta,Vários Autores,,"€8,91/un","€8,91/un"
O Homem do Ciúme,Jo Nesbø,,"€14,94/un","€14,94/un"
Trilogia Hussita - A Torre dos Loucos (volume 1),Andrzej Sapkowski,,"€21,96/un","€21,96/un"
Liderança para Mulheres,Cornelia Topf e Rolf Gawrich,,"€14,94/un","€14,94/un"
A Rússia de Putin,Anna Politkovskaya,,"€18,86/un","€18,86/un"
Política a 45 Graus,José Maria Pimentel,,"€15,93/un","€15,93/un"
As Pessoas Invisíveis,José Carlos Barros,,"€14,94/un","€14,94/un"
A Diagonal Alekhine,Arthur Larrue,,"€16,92/un","€16,92/un"
Aladdin - Novela Gráfica,Vários Autores,,"€11,61/un","€11,61/un"
Imagipédia,Vários Autores,,"€31,50/un","€31,50/un"
A História do Bichinho-de-Conta,Tiago Rebelo,,"€16,65/un","€16,65/un"
O Essencial de Calvin & Hobbes,Bill Watterson,,"€20,90/un","€20,90/un"
Spirou Nº 6 - O Dinossauro Congelado e Outras Aventuras,André Franquin,,"€10,71/un","€10,71/un"
Spirou Nº 4 - O Refúgio da Moreia e Os Piratas do Silêncio,André Franquin,,"€10,71/un","€10,71/un"
Spirou Nº 9 - A Herança e Outras Aventuras,André Franquin,,"€10,71/un","€10,71/un"
Tintin no Congo,Hergé,,"€8,91/un","€8,91/un"
Tintin - A Ilha Negra,Hergé,,"€8,91/un","€8,91/un"
Tintin - As 7 Bolas de Cristal,Hergé,,"€8,91/un","€8,91/un"
Não Te Esqueças,Jane Godwin,,"€12,92/un","€12,92/un"
Mochila Love Yourself,Note!,1 un,"€29,99/un","€29,99/un"
Deixa-me Ir,Gayle Forman,,"€16,11/un","€16,11/un"
Contos Solidários 32 - À Procura de Dory,Disney,,"€3,49/un","€3,49/un"
Light Years Nº 1,Kass Morgan,,"€16,91/un","€16,91/un"
Primeiro Pergunte Porquê,Simon Sinek,,"€15,21/un","€15,21/un"
O Assassinato de Sócrates,Marcos Chicot,,"€22,41/un","€22,41/un"
Comer à Vontade - Receitas sem Glúten,Rita Mendes Correia,,"€15,30/un","€15,30/un"
Coração de Mãe,Vários Autores,,"€8,91/un","€8,91/un"
SOS Lixo: Vamos Reciclar,Geronimo Stilton,,"€9,81/un","€9,81/un"
A Sabedoria do Tarot,Corinne Morel,,"€18,86/un","€18,86/un"
Ameaça Global,Joel C. Rosenberg,,"€15,75/un","€15,75/un"
Livro do Bebé (Rosa),Vários Autores,,"€8,99/un","€8,99/un"
Vamos Pintar Princesas,Vários Autores,,"€8,91/un","€8,91/un"
Somos Aquilo que Escolhemos Ser,Robert Collier,,"€15,71/un","€15,71/un"
Estojo Cofre Llama Fortnite,Fortnite,1 un,"€9,99/un","€9,99/un"
Os Dons de Angelica,Alessia Gazzola,,"€14,94/un","€14,94/un"
A Crise dos Insetos,Oliver Milman,,"€16,92/un","€16,92/un"
Anna Kadabra Nº 3 - Um Monstro na Banheira,Pedro Mañas,,"€9,81/un","€9,81/un"
Sandman Nº 6 - Fábulas e Reflexões,Neil Gaiman,,"€17,91/un","€17,91/un"
As Crónicas de Spiderwick Nº 2 - A Pedra Mágica,Tony DiTerlizzi e Holly Black,,"€9,81/un","€9,81/un"
Heartstopper Nº 4 - Muito Mais do que Palavras,Alice Oseman,,"€15,75/un","€15,75/un"
Preparação para o Exame Final Nacional - Português - 11º Ano,Porto Editora,,"€22,41/un","€22,41/un"
Dinossauros,Yoyo Studios,,"€9,99/un","€9,99/un"
Aprender a Brincar - Quinta,Vários Autores,,"€12,59/un","€12,59/un"
O Clube dos Cientistas - Caderno 2: Cozinha Explosiva,Maria Francisca Macedo,,"€11,66/un","€11,66/un"
A Conspiração dos Tudor,C. W. Gortner,,"€18,89/un","€18,89/un"
Bora Experimentar Nº 2 - Ilusões de Ótica,Fosforo,,"€12,56/un","€12,56/un"
Paralisação,Adam Tooze,,"€17,10/un","€17,10/un"
O Longo Braço do Passado,Rui de Azevedo Teixeira,,"€15,30/un","€15,30/un"
Raspa e Cria - Animais Fofos,Vários Autores,,"€7,65/un","€7,65/un"
Bingo e Rolly Nº 5 - O ARF,Disney,,"€6,26/un","€6,26/un"
Finlay Donovan Vai Arrasar,Elle Cosimano,,"€17,51/un","€17,51/un"
Eureka! Férias - Matemática - 2º Ano,Areal Editores,,"€5,94/un","€5,94/un"
Agenda Semanal A5 com Elástico Cinza,Note!,1 un,"€8,99/un","€8,99/un"
Agenda Diária A5 com Elástico Geometric,Make Notes,1 un,"€11,99/un","€11,99/un"
Clara Nº6 - Vamos Fazer um Piquenique,Émilie Chazerand,,"€8,96/un","€8,96/un"
É Tão Fácil Ser Nº 5 - Bem-educado,Amanda Lott,,"€12,56/un","€12,56/un"
Um Sonho Só Nosso,Nicholas Sparks,,"€17,01/un","€17,01/un"
Corte de Névoa e Fúria,Sarah J. Maas,,"€19,71/un","€19,71/un"
O Livro dos Sonhos Roubados,David Farr,,"€14,31/un","€14,31/un"
A Escola de Espelhos,Eva Stachniak,,"€18,81/un","€18,81/un"
Outlander - Diz às Abelhas que Parti (volume 1),Diana Gabaldon,,"€22,41/un","€22,41/un"
"Cru - Carpaccios, Tártaros e Ceviches",Inês Simas,,"€20,61/un","€20,61/un"
Quem Mexeu no Meu Futuro?,April Rinne,,"€15,93/un","€15,93/un"
"Instagram, Whatsapp e Facebook para Negócios",Luciano Larrossa,,"€15,21/un","€15,21/un"
Leio e Brinco com os Meus Animais da Quinta,Vários Autores,,"€19,98/un","€19,98/un"
Constrói o Corpo Humano,Vários Autores,,"€18,81/un","€18,81/un"
Pinturas Faciais,Karen Harvey,,"€8,33/un","€8,33/un"
Cinderela,Yoyo Studios,,"€14,99/un","€14,99/un"
"1,2,3 Uma Rainha de Cada Vez",Sara Rebello da Silva,,"€17,01/un","€17,01/un"
O Abismo,Max Hastings,,"€24,93/un","€24,93/un"
A Devoção do Suspeito X,Keigo Higashino,,"€14,85/un","€14,85/un"
Bons Augúrios,Neil Gaiman e Terry Pratchett,,"€17,01/un","€17,01/un"
O Livro das Cores dos Lápis,Drew Daywalt,,"€10,76/un","€10,76/un"
"Mãe, Ainda Não Posso Ir Dormir...",Maria Inês de Almeida,,"€12,92/un","€12,92/un"
Já Vou Ao Bacio E Não Uso Fralda!,Daniela Gamba e Francesca Galmozzi,,"€7,65/un","€7,65/un"
"Sente-Se Bem, Sinta-Se Melhor",Harriet Griffey,,"€11,25/un","€11,25/un"
O Quidditch Através dos Tempos,Kennilworthy Whisp,,"€10,71/un","€10,71/un"
Max Verstappen - Uma Biografia,James Gray,,"€17,01/un","€17,01/un"
Eu Sou Deus,Pedro Chagas Freitas,,"€16,11/un","€16,11/un"
Triplo,Ken Follett,,"€18,81/un","€18,81/un"
Lightyear - Narrativa Juvenil,Disney,,"€8,91/un","€8,91/un"
Mínimos 2 - A Ascensão de Gru - Super Livro de Autocolantes,Universal,,"€5,36/un","€5,36/un"
Irmãos!,Rocio Bonilla,,"€12,51/un","€12,51/un"
Marketing de Conteúdo,Rafael Rez,,"€17,01/un","€17,01/un"
Queria Tanto que Estivesses Aqui,Jodi Picoult,,"€17,01/un","€17,01/un"
Pensar Mais de Cinco Minutos Prejudica a Saúde,Marta Cabeza Villanueva,,"€12,96/un","€12,96/un"
Operação Secreta,Ben Macintyre,,"€17,91/un","€17,91/un"
Adivinha Quanto Eu Gosto de Ti - Cores,Sam McBratney,,"€8,55/un","€8,55/un"
"Lapiseira 0,5mm e 12 Minas HB",Rotring,1 un,"€4,09/un","€4,09/un"
As Aventuras de Blake e Mortimer Nº 27 - O Grito do Moloch,"Jean Dufaux, Étienne Schréder e Christian Cailleaux",,"€14,31/un","€14,31/un"
O Vegetariano,Sandra Gomes da Silva,,"€17,01/un","€17,01/un"
Galveias,José Luís Peixoto,,"€15,93/un","€15,93/un"
Os Primos,Karen M. McManus,,"€17,01/un","€17,01/un"
Maré Viva (2ª edição),Cilla Börjlind e Rolf Börjlind,,"€18,89/un","€18,89/un"
Filosofia para Pessoas com Pressa,Lesley Levene,,"€14,31/un","€14,31/un"
O Erro de Descartes,António Damásio,,"€17,91/un","€17,91/un"
Vamos Descobrir - A Quinta,Vários Autores,,"€8,91/un","€8,91/un"
Novas 365 Piadas,Fabrice Lelarge,,"€10,98/un","€10,98/un"
Lisboa Árabe,Sérgio Luís de Carvalho,,"€15,30/un","€15,30/un"
A Escrava Açoriana,Pedro Almeida Maia,,"€15,75/un","€15,75/un"
A Bíblia de Barro,Julia Navarro,,"€17,91/un","€17,91/un"
Páscoa e Seus Dois Maridos,Charlotte de Castelnau L'Estoile,,"€15,21/un","€15,21/un"
A Cruz de Morrigan,Nora Roberts,,"€16,97/un","€16,97/un"
Crime antes da Oração da Tarde,Richard Coles,,"€15,93/un","€15,93/un"
Agenda Semanal A5 Frases (várias cores),Note!,1 un,"€8,49/un","€8,49/un"
Escolhe a Tua Profissão,Carla Nieto,,"€13,41/un","€13,41/un"
Revista Culinária,Teleculinária,1 un,"€6,90/un","€6,90/un"
Contas-Poupança - Como Superar a Inflação e Ganhar com a Crise,Pedro Andersson,,"€13,95/un","€13,95/un"
CoComelon - As Cores,Cocomelon,,"€7,11/un","€7,11/un"
Procura e Pinta Animais,Vários Autores,,"€11,97/un","€11,97/un"
Lancheira Avengers,Avengers,1 un,"€16,99/un","€16,99/un"
Ser Digital,Carolina Afonso e Sandra Alvarez,,"€15,21/un","€15,21/un"
Lucky Luke - Arizona,Morris,,"€9,81/un","€9,81/un"
Lucky Luke - Sarah Bernhardt,"Morris, Jean Léturgie e Xavier Fauche",,"€9,81/un","€9,81/un"
Grandes Autocolantes e Livro para Colorir - Leão,Yoyo Studios,,"€6,74/un","€6,74/un"
Lucky Luke - A Terra Prometida,Achdé,,"€10,71/un","€10,71/un"
As Raparigas que Fui,Tess Sharpe,,"€16,97/un","€16,97/un"
Princesa - Pasta Para Colorir,Vários Autores,,"€5,00/un","€5,00/un"
Renegados - Nascidos nos EUA,Barack Obama e Bruce Springsteen,,"€29,93/un","€29,93/un"
Romance de Verão,Emily Henry,,"€15,75/un","€15,75/un"
Revista As Melhores Receitas de Robot,Teleculinária,1 un,"€4,95/un","€4,95/un"
Campo de Lava,Yrsa Sigurdardóttir,,"€17,91/un","€17,91/un"
Os Mauzões 5 - Gás Intergaláctico,Aaron Blabey,,"€9,81/un","€9,81/un"
Os Cinco Nº 4 - Os Cinco e os Contrabandistas,Enid Blyton,,"€8,91/un","€8,91/un"
Nasci Num Harém,Fatema Mernissi,,"€15,21/un","€15,21/un"
O Mundo dos Dinossauros,Vários Autores,,"€9,81/un","€9,81/un"
Liga às Tias,Jesse Q. Sutanto,,"€15,75/un","€15,75/un"
O Plano de Marketing de 1 Página,Allan Dib,,"€16,98/un","€16,98/un"
O Amor no Novo Milénio,Can Xue,,"€8,91/un","€8,91/un"
Rafa - A Minha História,Rafael Nadal e John Carlin,,"€19,79/un","€19,79/un"
O Bando das Cavernas Heróis do Mundo Nº 10 - O Quetzal!,Nuno Caravela,,"€12,56/un","€12,56/un"
George Lucas - Uma Vida,Brian Jay Jones,,"€21,96/un","€21,96/un"
A Minha Horta é Biológica,Isabel Mourão e Miguel Maria Brito,,"€13,95/un","€13,95/un"
Tambores ao longe,Joe Mulhall,,"€16,92/un","€16,92/un"
Volodymyr Zelensky,Michael Frizell,,"€8,91/un","€8,91/un"
"Panda - Olá, Papa!",Panda,,"€10,79/un","€10,79/un"
A Órfã e o Herói,Cheryl Holt,,"€15,48/un","€15,48/un"
Adoro Dinossauros - O Mundo do Kico,Vários Autores,,"€8,99/un","€8,99/un"
Adoro Dinossauros - O Kico e os Transportes,Vários Autores,,"€8,99/un","€8,99/un"
Adoro Unicórnios - A Kicas e as Cores,Vários Autores,,"€8,99/un","€8,99/un"
O Leão por Cima da Porta,Onjali Q. Raúf,,"€13,91/un","€13,91/un"
Puto Detetive - O Rande Golpe do Diamante,Andrew Clover,,"€11,97/un","€11,97/un"
Resumos - O Ano da Morte de Ricardo Reis - José Saramago - 12º Ano,Elementos,,"€6,93/un","€6,93/un"
Preparar o Exame Nacional 2023 - Português - 12º Ano,Areal Editores,,"€26,91/un","€26,91/un"
Robin dos Bosques,Howard Pyle,,"€12,51/un","€12,51/un"
Peregrino,Terry Hayes,,"€22,46/un","€22,46/un"
A Rapariga no Abismo,Charlie Gallagher,,"€17,51/un","€17,51/un"
Frida e as Cores da Vida,Caroline Bernard,,"€15,93/un","€15,93/un"
Deixo-te para Não te Perder,Taylor Jenkins Reid,,"€16,11/un","€16,11/un"
Os Mini Cinco Nº 12 - O Cão Desaparecido,Enid Blyton,,"€7,97/un","€7,97/un"
Jesus Ouve-te,Sarah Young,,"€14,31/un","€14,31/un"
O Lobo que se Tornou Presidente da Floresta,Orianne Lallemand,,"€11,69/un","€11,69/un"
Não há Lobo Mau nesta História,Lou Carter,,"€11,16/un","€11,16/un"
A Magia da Árvore Longínqua,Enid Blyton,,"€8,91/un","€8,91/un"
"O Estranhão Nº 16 - O Bom, o Mau e o Nem Por Isso",Álvaro Magalhães,,"€12,96/un","€12,96/un"
A Trama,Jean Hanff Korelitz,,"€17,91/un","€17,91/un"
Inspira-te,Sofia Castro Fernandes,,"€13,95/un","€13,95/un"
Sedução Absoluta,Nicole Jordan,,"€15,21/un","€15,21/un"
Panda - Escreve e Apaga - O Corpo Humano,Panda,,"€13,49/un","€13,49/un"
Agenda Semanal A5 com Elástico Padrão,Note!,1 un,"€9,99/un","€9,99/un"
O Luisinho Gosta de Basquetebol,Disney,,"€3,56/un","€3,56/un"
Porque Não Pediram a Evans?,Agatha Christie,,"€10,13/un","€10,13/un"
Em Férias com a Pequena Sereia,Gailivro,,"€6,93/un","€6,93/un"
O Meu Período,Chella Quint,,"€10,71/un","€10,71/un"
Minecraft - O Último Bloco a Cair!,Nick Eliopulos,,"€10,79/un","€10,79/un"
Eureka! Férias - Matemática - 4º Ano,Areal Editores,,"€5,94/un","€5,94/un"
Theodore Boone - O Cúmplice,John Grisham,,"€11,97/un","€11,97/un"
A Mensageira de Paris,Meg Waite Clayton,,"€17,91/un","€17,91/un"
A Eneida de Virgílio Contada às Crianças e ao Povo,João de Barros,,"€13,95/un","€13,95/un"
O Livro das Minhas Emoções - A Felicidade,Stéphanie Couturier e Maurèen Poignonec,,"€6,21/un","€6,21/un"
Rede de Segredos,Chandler Baker,,"€19,76/un","€19,76/un"
1177 a.C. - O Ano em que a Civilização Colapsou,Eric Cline,,"€17,51/un","€17,51/un"
A Ovelhinha Preta,Elizabeth Shaw,,"€6,75/un","€6,75/un"
Dinheiro Sujo,Bill Browder,,"€19,76/un","€19,76/un"
Os Nazis Que Triunfaram,Éric Branca,,"€17,01/un","€17,01/un"
Amar a Vida como Ela É,Sofia Caessa,,"€14,36/un","€14,36/un"
O Homem que Aprendeu a Dar para Receber,Bob Burg e John David Mann,,"€12,51/un","€12,51/un"
O Mistério da Casa do Relógio,John Bellairs,,"€6,45/un","€6,45/un"
As Aventuras de Robin dos Bosques,Yoyo Studios,,"€6,75/un","€6,75/un"
Persuasão,Jane Austen,,"€11,66/un","€11,66/un"
Capitão Cuecas e a Maquiavélica Maquinação do Professor Borracuecas,Dav Pilkey,,"€13,50/un","€13,50/un"
Pode Tudo Mudar?,Clare Helen Welsh,,"€11,61/un","€11,61/un"
Maria Lua - Há magia no ar! (Edição Especial),Harriet Muncaster,,"€13,46/un","€13,46/un"
Espermagedão,Niels Christian Geelmuyden,,"€15,21/un","€15,21/un"
Maus,Art Spiegelman,,"€15,93/un","€15,93/un"
"O Segredo do Amor, Saúde e Dinheiro",Rhonda Byrne,,"€13,50/un","€13,50/un"
A Vida É Maravilhosa,Frank Martela,,"€14,81/un","€14,81/un"
Quem Chorará por Mim?,Robin Sharma,,"€13,95/un","€13,95/un"
O Meu Primeiro Livro de Histórias de Unicórnios,Melanie Joyce e Stephanie Moss,,"€13,91/un","€13,91/un"
The Kitchen Boy - Os Últimos Dias dos Romanov,Robert Alexander,,"€15,75/un","€15,75/un"
História de Uma Fraude,E. Lockart,,"€14,40/un","€14,40/un"
Aprenda a Dizer Não,Nedra Glover Tawwab,,"€15,21/un","€15,21/un"
Os Sarcófagos do 6º Continente - Tomo 1,Yves Sente,,"€14,31/un","€14,31/un"
Crescer Saudável - O Miguel Conhece a Água,Vários Autores,,"€3,99/un","€3,99/un"
"Cola, Veste e Joga - Emoções",Vários Autores,,"€3,49/un","€3,49/un"
Tu És Tu!,Peter H. Reynolds,,"€11,61/un","€11,61/un"
A Máfia dos Bombardeiros,Malcolm Gladwell,,"€14,31/un","€14,31/un"
Ursito Tito - Vamos Construir!,Benji Davies,,"€8,01/un","€8,01/un"
Energia sem Limites,Deepak Chopra,,"€5,40/un","€5,40/un"
A Mulher do Dragão Vermelho,José Rodrigues dos Santos,,"€20,25/un","€20,25/un"
"Delicioso, Fácil e Rápido",Matt Preston,,"€26,91/un","€26,91/un"
Um Clarão de Luz,Jodi Picoult,,"€17,01/un","€17,01/un"
Procuro-te,Lesley Pearse,,"€15,21/un","€15,21/un"
Tu És um Ser Fantástico!,Sophie Linde,,"€9,81/un","€9,81/un"
A Arte de Bem Descansar,Claudia Hammond,,"€14,94/un","€14,94/un"
Tesoura Mini Cute 13cm,Maped,1 un,"€2,99/un","€2,99/un"
Faz o que o Teu Coração Pede,Fátima Lopes,,"€14,85/un","€14,85/un"
As Aventuras de um Eco-Miúdo,Tim Allman,,"€12,56/un","€12,56/un"
1 Km de Cada Vez,Gonçalo Cadilhe,,"€14,85/un","€14,85/un"
Os Mauzões 3 - O Bola de Pelo Contra-ataca,Aaron Blabey,,"€9,81/un","€9,81/un"
Oliver em Férias com os Amigos - Do 1º Para o 2º Ano,Raiz Editora,,"€6,93/un","€6,93/un"
Marketing 5.0,Philip Kotler,,"€20,61/un","€20,61/un"
O Meu Livro de Desafios - Descobrir as Diferenças,Elizabeth Golding,,"€8,96/un","€8,96/un"
A Águia Aterrou,Jack Higgins,,"€17,51/un","€17,51/un"
Vamos Aprender as Cores,Vários Autores,,"€14,31/un","€14,31/un"
O Império dos Pardais,João Paulo Oliveira e Costa,,"€17,91/un","€17,91/un"
Atividades Pré-escolares Panda - 2-3 Anos,Panda,,"€9,90/un","€9,90/un"
"O Duque, a Dama... e um Bebé",Vanessa Riley,,"€15,21/un","€15,21/un"
Astérix - O Papiro de César (volume 36),Jean-Yves Ferri e Didier Conrad,,"€9,81/un","€9,81/un"
Lazarus,Lars Kepler,,"€17,99/un","€17,99/un"
O Anjo Branco,José Rodrigues dos Santos,,"€22,05/un","€22,05/un"
Cozinhar com Nutella,Paola Balducchi,,"€14,31/un","€14,31/un"
Caderno Espiral A4 Pautado (várias cores),Oxford,1 un,"€3,19/un","€3,19/un"
Religião em 30 Segundos,Russell Re Manning,,"€12,51/un","€12,51/un"
Diário de uma Totó Nº 9 - Histórias de Uma Rainha do Drama Pouco ou Nada Totó,Rachel Renée Russell,,"€13,05/un","€13,05/un"
Mudar Melhorar Curar,Maria Helena,,"€13,49/un","€13,49/un"
Branca de Neve - Aprende o Que Esconde o Submundo!,Tom Velcovsky,,"€13,49/un","€13,49/un"
O Bando das Cavernas Nº 38 - Rali Pedra Solta!,Nuno Caravela,,"€10,76/un","€10,76/un"
Estojo Retangular Triplo Gaming Retro,Note!,1 un,"€9,99/un","€9,99/un"
Sete Dias em Junho,Tia Williams,,"€16,97/un","€16,97/un"
Ilusão de Amor à Espanhola,Elena Armas,,"€17,91/un","€17,91/un"
Astrologia - Como Fazer e Interpretar o Seu Horóscopo,Sepharial,,"€11,25/un","€11,25/un"
A Livreira e o Ladrão,Oliver Espinosa,,"€16,20/un","€16,20/un"
Enciclopédia STEM: 100 Conceitos Incríveis para Conheceres!,Jenny Jacoby,,"€15,71/un","€15,71/un"
A Noiva,Julie Garwood,,"€14,31/un","€14,31/un"
Acabou a Guerra,David Almond,,"€9,81/un","€9,81/un"
As Cores da Morte,Patrícia Marques,,"€17,01/un","€17,01/un"
Bingo e Rolly - Mala de Atividades,Disney,,"€9,81/un","€9,81/un"
Preparação para o Exame Final Nacional 2023 - Biologia e Geologia - 11º Ano,Porto Editora,,"€26,91/un","€26,91/un"
Preparação para o Exame Final Nacional 2023 - Matemática A - 12º Ano,Porto Editora,,"€26,91/un","€26,91/un"
D. Manuel II - A Biografia do Último Rei de Portugal,João Miguel Almeida,,"€14,31/un","€14,31/un"
Vida e Morte,Monja Coen,,"€12,56/un","€12,56/un"
Um Amigo Surpresa,Geronimo Stilton,,"€9,81/un","€9,81/un"
Panda - No Autocarro da Escola,Panda,,"€10,79/un","€10,79/un"
Agenda Semanal A5 com Elástico Wild Note,Note!,1 un,"€9,49/un","€9,49/un"
Em Férias com o Pequeno Polegar,Gailivro,,"€6,93/un","€6,93/un"
Lápis de Cor Stilnovo,Giotto,12 un,"€7,29/un","€7,29/un"
É Tão Fácil Ser Nº 6 - Paciente,Amanda Lott,,"€12,56/un","€12,56/un"
À Boleia com a Bruxa,Julia Donaldson,,"€11,61/un","€11,61/un"
Estojo Dots Rosa,Marshmallow,1 un,"€9,99/un","€9,99/un"
Aquário,Capicua,,"€15,71/un","€15,71/un"
Half Bad - Entre o Bem e o Mal,Sally Green,,"€17,01/un","€17,01/un"
O que Fazer Com uma Oportunidade?,Kobi Yamada,,"€13,49/un","€13,49/un"
Pack Plim! Problemas + Erros - 2º Ano,Texto,,"€9,45/un","€9,45/un"
A Ligação Cérebro-Intestino,Dr. Emeran Mayer,,"€17,51/un","€17,51/un"
D. Afonso IV - O Bravo,Maria Antonieta Costa,,"€16,20/un","€16,20/un"
Toca a Procurar com o Urso Bruno,Gergely Dudás,,"€13,41/un","€13,41/un"
Pompeia,Robert Harris,,"€17,01/un","€17,01/un"
Novas 365 Histórias para Adormecer,Vários Autores,,"€15,75/un","€15,75/un"
Os Pilares da Terra - Edição Especial,Ken Follett,,"€31,41/un","€31,41/un"
O Hobbit,J.R.R. Tolkien,,"€19,71/un","€19,71/un"
O Olhar que Me Persegue,Helene Flood,,"€16,92/un","€16,92/un"
Como um Suspiro,Ferzan Ozpetek,,"€13,41/un","€13,41/un"
Até Onde Irias pelo Amor da Tua Vida?,Abbie Greaves,,"€16,11/un","€16,11/un"
Odeio-te e Amo-te,Sally Thorne,,"€14,31/un","€14,31/un"
Agenda Maria Raquel 2023,Maria Raquel,,"€12,51/un","€12,51/un"
Maria Lua Nº 2 - Um Aniversário Mágico,Harriet Muncaster,,"€9,41/un","€9,41/un"
Como Investir em NFT,Mike Hager,,"€12,51/un","€12,51/un"
Prepara-te para a Escola!,Vários Autores,,"€15,98/un","€15,98/un"
O Caminho - Passo a Passo,Elisabete Bárbara,,"€14,31/un","€14,31/un"
"Rainhas, Princesas e Infantas",Isabel Drumond Braga e Paulo Drumond Braga,,"€16,92/un","€16,92/un"
Reiki para Principiantes,Victor Archuleta,,"€13,41/un","€13,41/un"
O Dicionário das Palavras Perdidas,Pip Williams,,"€17,91/un","€17,91/un"
O Bando das Cavernas Nº 36 - As Ilhas Far Away!,Nuno Caravela,,"€10,76/un","€10,76/un"
Sabe Mais - Resolução de Problemas - 1º Ano,Fábula Educação,,"€5,99/un","€5,99/un"
A Ilha do Tesouro,Vários Autores,,"€10,71/un","€10,71/un"
O Silêncio da Água,José Saramago,,"€12,96/un","€12,96/un"
Aprendo com Cartas - Alimentos - Bilingue,Vários Autores,,"€7,18/un","€7,18/un"
Natalossauro,Tom Fletcher,,"€12,92/un","€12,92/un"
Amma - Aquela por Quem Esperávamos,Pierre Lunel,,"€20,66/un","€20,66/un"
Os Sete Nº 4 - Os Sete e os Seus Rivais,Enid Blyton,,"€7,97/un","€7,97/un"
LEGO Jurassic World - Dinossauros à Solta,LEGO,,"€8,51/un","€8,51/un"
Vamos Descobrir As Cores? - Unicórnios,Alex Howe e Emma Munro Smith,,"€9,41/un","€9,41/un"
Jardim de Alfazema,Jude Deveraux,,"€16,11/un","€16,11/un"
Before - Antes de Tessa,Anna Todd,,"€17,01/un","€17,01/un"
Quem Nunca Morreu de Amor,Eduardo Sá,,"€14,40/un","€14,40/un"
Cara ou Coroa,Jeffrey Archer,,"€16,92/un","€16,92/un"
Mistério na Califórnia,Elizabeth Adler,,"€15,21/un","€15,21/un"
Pede um Desejo,Tillie Cole,,"€14,85/un","€14,85/un"
O Fiel Highlander,Amanda Scott,,"€15,93/un","€15,93/un"
O Feitiço da Água,Florencia Bonelli,,"€17,91/un","€17,91/un"
De Lisboa com Amor,Isabelle Broom,,"€16,65/un","€16,65/un"
Um Mestre no Amor,Kendall Ryan,,"€15,71/un","€15,71/un"
"Olá, Borboleta!",Vários Autores,,"€9,81/un","€9,81/un"
Os Seis de Atlas,Olivie Blake,,"€16,65/un","€16,65/un"
Cativar,Vanessa Van Edwards,,"€15,75/un","€15,75/un"
O Principezinho,Antoine de Saint-Exupéry,,"€5,40/un","€5,40/un"
Mínimos 2 - A Ascensão de Gru - Uma Aventura Bananástica,Universal,,"€17,91/un","€17,91/un"
O Meu Livro de Desafios - Pontinho a Pontinho,Elizabeth Golding,,"€8,96/un","€8,96/un"
Breve História da União Soviética,Sheila Fitzpatrick,,"€15,21/un","€15,21/un"
O Último Vale Verde,Mark Sullivan,,"€21,15/un","€21,15/un"
O Cavaleiro da Armadura Enferrujada,Robert Fisher,,"€12,51/un","€12,51/un"
O Lobo que Amava as Árvores,Orianne Lallemand,,"€7,19/un","€7,19/un"
Força Vital,"Tony Robbins, Dr. Robert Hariri e Dr. Peter Diamandis",,"€21,60/un","€21,60/un"
Rafa - Kit de Avaliação - 3º Ano,Areal Editores,,"€10,35/un","€10,35/un"
Um Dia Naquele Inverno,Sveva Casati Modignani,,"€15,93/un","€15,93/un"
Sisters - Laços Infinitos,Anna Todd,,"€16,11/un","€16,11/un"
A Última Carta de Amor,Jojo Moyes,,"€16,92/un","€16,92/un"
O Bisavô,Maria João Lopo de Carvalho,,"€22,41/un","€22,41/un"
Cola Veste e Joga - Desportos,Vários Autores,,"€3,49/un","€3,49/un"
História da Arte em 21 Gatos,Nia Gould,,"€12,51/un","€12,51/un"
O Silvo do Arqueiro,Irene Vallejo,,"€14,94/un","€14,94/un"
O Maior Segredo,Rhonda Byrne,,"€17,91/un","€17,91/un"
O Clube dos Cientistas - Fora de Jogo,Maria Francisca Macedo,,"€9,86/un","€9,86/un"
Preparar a Prova de Aferição de Português - 5º Ano,LeYa,,"€10,71/un","€10,71/un"
Histórias para Ler em 5 Minutos,Vários Autores,,"€15,21/un","€15,21/un"
Clima - Um Apelo para Salvar o Planeta,Dalai Lama e Franz Alt,,"€12,56/un","€12,56/un"
Uma Família de Mentirosos,E. Lockhart,,"€14,40/un","€14,40/un"
Veva,Joana Leitão de Barros,,"€14,85/un","€14,85/un"
Punk 57,Penelope Douglas,,"€15,21/un","€15,21/un"
A Casa das Perguntas,Nuno Camarneiro,,"€12,51/un","€12,51/un"
Diários 1950-1962,Sylvia Plath,,"€25,65/un","€25,65/un"
Martine Perde o Seu Cão,Gilbert Delahaye,,"€8,99/un","€8,99/un"
Agenda Diária A5 com Elástico,Make Notes,1 un,"€15,99/un","€15,99/un"
Verbos no Passado - 100 Exercícios,Lidel,,"€11,97/un","€11,97/un"
Por Dentro do Corpo Humano,Vários Autores,,"€6,99/un","€6,99/un"
Comportamento,Robert M. Sapolsky,,"€22,41/un","€22,41/un"
Manual de Caos e Desordem Para Jovens Senhoras,Manda Collins,,"€14,85/un","€14,85/un"
Lucky Luke - O Grão-Duque,René Goscinny,,"€9,81/un","€9,81/un"
Spirou Nº 2 - Os Ladrões do Marsupilami e O Chifre do Rinoceronte,André Franquin,,"€10,71/un","€10,71/un"
Tintin e os Pícaros,Hergé,,"€8,91/un","€8,91/un"
Blake e Mortimer Nº 21 - O Juramento dos Cinco Lords,André Juillard e Yves Sente,,"€13,46/un","€13,46/un"
Blake e Mortimer Nº 22 - A Onda Septimus,"Étienne Schréder, Jean Dufaux e Achdé",,"€14,31/un","€14,31/un"
Lucky Luke - A Noiva de Lucky Luke,Guy Vidal e Morris,,"€9,81/un","€9,81/un"
Contos Solidários 33 - Os Incríveis,Disney,,"€3,49/un","€3,49/un"
Aprende a Desenhar Quase Tudo,Vários Autores,,"€13,95/un","€13,95/un"
Esmeralda - A Paixão de D. Sancho I,Paulo Pimentel,,"€16,65/un","€16,65/un"
O Aliado Improvável,Daniel Pinto,,"€15,75/un","€15,75/un"
20 000 Léguas Submarinas,Júlio Verne e Fabrizio Lo Bianco,,"€12,51/un","€12,51/un"
Miraculous - As Aventuras de Ladybug - Calcatriz e Gabriel Agreste,Vários Autores,,"€9,41/un","€9,41/un"
21 Lições,Gigi,,"€17,91/un","€17,91/un"
Há Momentos que Deviam Ser Eternos,Megan Maxwell,,"€17,01/un","€17,01/un"
Capa com Elástico A4 Néon,Note!,1 un,"€3,99/un","€3,99/un"
Os Grandes Conflitos Mundiais,John Andrews,,"€18,00/un","€18,00/un"
O Pacto,Michelle Richmond,,"€16,11/un","€16,11/un"
A Cozinha Low Carb da Alê,Alessandra Losacco,,"€17,01/un","€17,01/un"
Executive Coaching,Paulo de Vilhena e Mariana Arga e Lima,,"€15,71/un","€15,71/un"
Caderno Agrafado B5 Quadriculado Bonne Chance (várias cores),Deli,1 un,"€2,49/un","€2,49/un"
Sozinho à Volta do Mundo,Joshua Slocum,,"€14,36/un","€14,36/un"
Amor de Pechibesque,Pedro Rodrigues,,"€13,50/un","€13,50/un"
Abundância,Deepak Chopra,,"€16,61/un","€16,61/un"
O Clube dos Cientistas Nº 16 - Por um Fio!,Maria Francisca Macedo,,"€9,86/un","€9,86/un"
#Sucesso - Inglês - 6º Ano,Porto Editora,,"€10,71/un","€10,71/un"
As Mais Belas Histórias de Animais,Stefania Leonardi Hartley,,"€11,97/un","€11,97/un"
Minecraft - A Montanha,Max Brooks,,"€15,29/un","€15,29/un"
Leva e Pinta com Grandes Lápis - Rosa - Leão,Yoyo Studios,,"€9,99/un","€9,99/un"
O Grande Livro de Respostas - Animais Extraordinários,Yoyo Studios,,"€10,79/un","€10,79/un"
Porta-moedas Glamour,Do Art,1 un,"€2,00/un","€2,00/un"
Posso Juntar-me ao Clube?,John Kelly,,"€11,34/un","€11,34/un"
Autocolantes - Balão Ilha dos Dinossauros,Vários Autores,,"€8,91/un","€8,91/un"
Eu Consigo Pintar com Água - Amarelo - Baleia,Vários Autores,,"€8,99/un","€8,99/un"
Resumos - Poesia do Ortónimo e Heterónimos - Fernando Pessoa - 12º Ano,Elementos,,"€6,93/un","€6,93/un"
Vamos Explorar! - Zoo,Vários Autores,,"€12,51/un","€12,51/un"
A Arte da Guerra,Sun Tzu,,"€11,25/un","€11,25/un"
Estojo Retangular Holo Strap Rosa Miss Lemonade,Marshmallow,1 un,"€9,99/un","€9,99/un"
Estojo Retangular Disco Cinza Miss Lemonade,Marshmallow,1 un,"€9,99/un","€9,99/un"
Estojo Retangular Holo Strap Preto Miss Lemonade,Marshmallow,1 un,"€9,99/un","€9,99/un"
Será Isto de que Estás à Procura?,J. Krishnamurti,,"€12,96/un","€12,96/un"
TOP! Vou tirar 100% - 1º Ano,Porto Editora,,"€5,94/un","€5,94/un"
Grandes Figuras Excêntricas da História de Portugal,Fátima Mariano,,"€14,94/un","€14,94/un"
Testemunha Fatal,Robert Bryndza,,"€17,51/un","€17,51/un"
Eureka! Férias - Português - 1º Ano,Areal Editores,,"€5,94/un","€5,94/un"
Lancheira Gaming Retro,Note!,1 un,"€12,99/un","€12,99/un"
Agenda Semanal A5 com Elástico Azul,Note!,1 un,"€8,99/un","€8,99/un"
Primeiro Tu,Emma Reed Turrell,,"€15,93/un","€15,93/un"
Encontrei-te,Devon Holzwarth,,"€11,61/un","€11,61/un"
Fome Vermelha,Anne Applebaum,,"€22,41/un","€22,41/un"
Constelações,Carlota Santos,,"€15,21/un","€15,21/un"
Compreender o Tarot,Liz Dean,,"€15,71/un","€15,71/un"
Pax - O Regresso a Casa,Sara Pennypacker,,"€14,99/un","€14,99/un"
Versus Fighting Story Nº 1,Izu,,"€10,80/un","€10,80/un"
Moby Dick,Yoyo Studios,,"€6,75/un","€6,75/un"
Lágrimas sobre a Babilónia,Nelson DeMille,,"€18,81/un","€18,81/un"
O Príncipe do Deserto,Peter V. Brett,,"€26,91/un","€26,91/un"
Carta aos Líderes do Mundo,Maria Inês Almeida e Flávia Lins e Silva,,"€11,61/un","€11,61/un"
Bolsa Catálogo A3,Apex,1 un,"€29,99/un","€29,99/un"
Fernão de Magalhães,David Salomoni,,"€17,96/un","€17,96/un"
Toda a Verdade,Cara Hunter,,"€16,92/un","€16,92/un"
Escrevo Porque Gosto de Ganhar Dinheiro,Isra Bravo,,"€14,94/un","€14,94/un"
Escolhi Viver,Joana Cruz,,"€13,95/un","€13,95/un"
Operação Gelo Permanente,Clive Cussler e Graham Brown,,"€16,92/un","€16,92/un"
Nova Iorque a Meio da Noite,Mark Miller,,"€15,75/un","€15,75/un"
O Teu Fado é Ser Feliz,Cuca Roseta,,"€17,91/un","€17,91/un"
O Que Nasceu de Nós,Judith McNaught,,"€16,11/un","€16,11/un"
O Inimigo que Vem do Frio,Garry Kasparov,,"€16,20/un","€16,20/un"
Breve História da Filosofia Moderna,Roger Scruton,,"€17,10/un","€17,10/un"
Pode Curar a Sua Vida,Louise L. Hay,,"€8,10/un","€8,10/un"
A Família Monstro Nº 1 - O Torneio dos Feiticeiros,Bruno Matos,,"€10,31/un","€10,31/un"
A Traição de D. Manuel I,Jorge Sousa Correia,,"€16,20/un","€16,20/un"
Se o Passado Não Tivesse Asas,Pepetela,,"€17,01/un","€17,01/un"
Quinta,Yoyo Studios,,"€9,99/un","€9,99/un"
Quem Dá Puns?,Nick Caruso e Dani Rabaiotti,,"€11,61/un","€11,61/un"
O Diabo,Gonçalo M. Tavares,,"€15,93/un","€15,93/un"
A Melodia do Amor,Lesley Pearse,,"€15,21/un","€15,21/un"
Novo Código de Processo Civil - 7ª Edição,Vários Autores,,"€21,51/un","€21,51/un"
Auschwitz - Prisioneiro 119198,Tadeusz Borowski,,"€13,46/un","€13,46/un"
Aprende o ABC - Leão,Yoyo Studios,,"€6,29/un","€6,29/un"
O Último Faraó,Jaco Van Dormael e Thomas Gunzig,,"€16,16/un","€16,16/un"
Os 100 - 21 Dias Depois,Kass Morgan,,"€16,61/un","€16,61/un"
Blake e Mortimer Nº 18 - O Santuário de Gondwana,André Juillard e Yves Sente,,"€13,41/un","€13,41/un"
Tintin no Tibete,Hergé,,"€8,91/un","€8,91/un"
Bolsa de Tiracolo Bombazine Tijolo,Note!,1 un,"€19,99/un","€19,99/un"
Tote Bag Bombazine Tijolo,Note!,1 un,"€22,99/un","€22,99/un"
Tintin e a Alph-Art,Hergé,,"€8,91/un","€8,91/un"
Inocência e Desejo,J. Kenner,,"€16,91/un","€16,91/un"
Contos Solidários 31 - Luca,Disney,,"€3,49/un","€3,49/un"
Felizes para Sempre,Kiera Cass,,"€16,11/un","€16,11/un"
Onde,José Luís Peixoto,,"€14,94/un","€14,94/un"
Coração de Pai,Vários Autores,,"€8,91/un","€8,91/un"
Histórias para os 4 Anos,Vários Autores,,"€11,97/un","€11,97/un"
Mais 150 Jogos à Portuguesa,Vários Autores,,"€14,02/un","€14,02/un"
Brilha no Escuro - Espaço,Make Believe Ideas,,"€8,99/un","€8,99/un"
Again 5 - Desejar,Mona Kasten,,"€16,11/un","€16,11/un"
A Luz que nos Ilumina,Michelle Obama,,"€20,66/un","€20,66/un"
O Mundo Antes de Nós,Tom Higham,,"€16,92/un","€16,92/un"
Encontre a Sua Pessoa Vitamina,Marian Rojas Estapé,,"€15,75/un","€15,75/un"
Enfim Férias - Do 2º para o 3º Ano,Acento Tónico,,"€7,19/un","€7,19/un"
Frágil (Da Melhor Forma Possível),Jenny Lawson,,"€15,21/un","€15,21/un"
O Manual do Pêndulo,Sig Lonegren,,"€22,50/un","€22,50/un"
Eles,Kay Dick,,"€14,40/un","€14,40/un"
As Mil e Uma Noites,Vários Autores,,"€12,51/un","€12,51/un"
#Sucesso - Inglês - 5º Ano,Porto Editora,,"€10,71/un","€10,71/un"
Tu (Não) És Pequeno,Anna Kang,,"€13,49/un","€13,49/un"
Viva a Dança - Todos Podem Dançar,Vários Autores,,"€8,91/un","€8,91/un"
Pinturas Mágicas - Dinossauros,Vários Autores,,"€7,65/un","€7,65/un"
"Stranger Things Nº 2 - Robin, a Rebelde",A. R. Capetta,,"€13,91/un","€13,91/un"
#Sucesso - Inglês - 7º Ano,Porto Editora,,"€11,61/un","€11,61/un"
Aprendo a Usar a Tesoura! - Contos de Fadas,Amanda Lott,,"€6,98/un","€6,98/un"
Aprendo a Usar a Tesoura! - Dinossauros,Amanda Lott,,"€6,98/un","€6,98/un"
Vamos Explorar! - Quinta,Vários Autores,,"€12,51/un","€12,51/un"
A Vida Fantástica dos Maiores Génios da História,Petra Texlová,,"€14,99/un","€14,99/un"
Estojo Retangular Duplo Grey Forest,Note!,1 un,"€8,99/un","€8,99/un"
Comer / Beber,Filipe Melo e Juan Cavia,,"€17,51/un","€17,51/un"
O Dom da Gratidão,Louise L. Hay,,"€13,95/un","€13,95/un"
Psicólogo da Vida,Alexandre Machado,,"€14,31/un","€14,31/un"
Tita e Trevo Nº 1 - O Mistério dos Cãezinhos Desaparecidos,Megan Rix,,"€11,66/un","€11,66/un"
Raspa & Cola - À Volta do Mundo,Yoyo Studios,,"€8,09/un","€8,09/un"
Raspa & Cola - Animais,Yoyo Studios,,"€8,09/un","€8,09/un"
Começa a Pintar - Elefante,Yoyo Studios,,"€8,09/un","€8,09/un"
A Mãe,Pearl S. Buck,,"€15,21/un","€15,21/un"
Milionário Zen,Matt Jardine,,"€15,71/un","€15,71/un"
Ama a Vida Como Ela É,Byron Katie e Stephen Mitchell,,"€15,93/un","€15,93/un"
Lista de Desejos,Peter Mohlin e Peter Nyström,,"€17,91/un","€17,91/un"
Força 2023,Paulo Coelho,,"€14,94/un","€14,94/un"
Trolley Unicórnio Rosa,Note!,1 un,"€39,99/un","€39,99/un"
Mochila Ring Light Azul Tik Tok,Tik Tok,1 un,"€49,99/un","€49,99/un"
Eureka! Férias - Português - 2º Ano,Areal Editores,,"€5,94/un","€5,94/un"
Eureka! Férias - Inglês - 5º Ano,Areal Editores,,"€5,94/un","€5,94/un"
Agenda Diária A5 com Elástico Terrazo,Make Notes,1 un,"€11,99/un","€11,99/un"
Agenda Semanal A5 com Elástico Sweet Flowers (vários modelos),Note!,1 un,"€9,49/un","€9,49/un"
Mochila Blink Azul Miss Lemonade,Marshmallow,1 un,"€44,99/un","€44,99/un"
Agenda Escolar 2022/2023 - Sonha Sem Medos Vive Sem Limites,Porto Editora,,"€10,71/un","€10,71/un"
Clara Nº5 - Que Belo Dia de Sol!,Émilie Chazerand,,"€8,96/un","€8,96/un"
Agenda do Professor 2022/2023,Note!,,"€12,99/un","€12,99/un"
A Sabedoria da Transformação,Monja Coen,,"€13,95/un","€13,95/un"
A Sombra dos Deuses,Jonh Gwynne,,"€22,41/un","€22,41/un"
Duas Noites em Lisboa,Christopher Pavone,,"€16,65/un","€16,65/un"
As Minhas Histórias do Lobo 2 - Coletâneas,Orianne Lallemand,,"€17,99/un","€17,99/un"
A Arte e os Princípios da Guerra,Sun Tzu e Carl Von Clausewitz,,"€12,96/un","€12,96/un"
Medir o que Importa,John Doerr,,"€17,98/un","€17,98/un"
Piadas Secas para Miúdos com a Mania que Têm Graça,"Pedro Pinto, João Ramalhinho e Gonçalo Castro",,"€11,61/un","€11,61/un"
Dinossauros,Vários Autores,,"€12,59/un","€12,59/un"
Sente a Tua Gratidão,Kobi Yamada,,"€13,49/un","€13,49/un"
Um Crime de Categoria,John le Carré,,"€15,21/un","€15,21/un"
Um Gato em Tóquio,Nick Bradley,,"€16,11/un","€16,11/un"
Direita e Esquerda,Joseph Roth,,"€15,21/un","€15,21/un"
Os Dinossauros Não Desistem,Smriti Halls,,"€11,61/un","€11,61/un"
Breve História da Democracia,John Keane,,"€15,21/un","€15,21/un"
A Vaca Púrpura,Seth Godin,,"€13,41/un","€13,41/un"
O Processo Criativo,Seth Godin,,"€15,93/un","€15,93/un"
Envelhenescer,Pedro Chagas Freitas,,"€14,31/un","€14,31/un"
O Homicídio Perfeito 2 - O Desaparecimento Perfeito,Holly Jackson,,"€17,91/un","€17,91/un"
O Milagre da Excelência,Susana Torres,,"€14,94/un","€14,94/un"
A Cura pela Mente,Lissa Rankin,,"€19,31/un","€19,31/un"
Um Dia de Cada Vez,Danielle Steel,,"€7,20/un","€7,20/un"
Boleia,Guilherme Karsten,,"€13,46/un","€13,46/un"
O Profeta - Novela Gráfica,Kahlil Gibran,,"€15,71/un","€15,71/un"
A Arte da Startup,Guy Kawasaki,,"€15,71/un","€15,71/un"
Almas (quase) Gémeas,Isla Dewar,,"€15,21/un","€15,21/un"
Terra Americana,Jeanine Cummins,,"€17,01/un","€17,01/un"
Pinturas com os Dedos - Fadas,Vários Autores,,"€7,65/un","€7,65/un"
Os Diários Secretos,Camilla Läckberg,,"€18,81/un","€18,81/un"
Seja Excecional,Joe Navarro e Toni Sciarra Poynter,,"€19,76/un","€19,76/un"
O Livro dos Bolos & Doces,Vários Autores,,"€22,41/un","€22,41/un"
Duas Mulheres,Maria Filomena Mónica,,"€17,55/un","€17,55/un"
O Regresso do Rei,J. R. R. Tolkien,,"€22,41/un","€22,41/un"
Preparar a Prova de Aferição de História e Geografia de Portugal - 5º Ano,LeYa,,"€8,91/un","€8,91/un"
Enfim Férias - Do 4º para o 5º Ano,Acento Tónico,,"€7,19/un","€7,19/un"
Presença Plena,Paulo Borges,,"€14,99/un","€14,99/un"
Estojo Triplo Music Lover L.O.L. Surprise!,L.O.L. Surprise!,1 un,"€9,99/un","€9,99/un"
O Gato que Salvava Livros,Sosuke Natsukawa,,"€13,41/un","€13,41/un"
Ao Serviço de Maria Antonieta,Frédéric Lenormand,,"€15,21/un","€15,21/un"
A Colónia de Férias,Manuela Piemonte,,"€15,93/un","€15,93/un"
Sandman Nº 5 - Um Jogo de Ti,Neil Gaiman,,"€17,91/un","€17,91/un"
Sandman Nº 10 - As Benevolentes 2,Neil Gaiman,,"€17,91/un","€17,91/un"
"Os Sete Nº 6 - Bravo, Valentes Sete!",Enid Blyton,,"€7,97/un","€7,97/un"
Princesas Secretas - Festa tropical,Rosie Banks,,"€8,91/un","€8,91/un"
"ABC, Vais Ser o Quê?",Annemarie Riley Guertin,,"€11,66/un","€11,66/un"
O Primeiro Animal de Estimação,Vários Autores,,"€8,06/un","€8,06/un"
O Lobo Que Partiu à Descoberta do Museu,Orianne Lallemand,,"€7,19/un","€7,19/un"
Eu Consigo Pintar com Água - Verde - Abelha,Vários Autores,,"€8,99/un","€8,99/un"
A Bomba Parte II - A Sombra,"Didier Alcante, LF Bollée e Rodier",,"€16,20/un","€16,20/un"
Resumos - Amor de Perdição - Camilo Castelo Branco - 11º Ano,Elementos,,"€6,93/un","€6,93/un"
O Principezinho,Antoine de Saint Exupéry,,"€12,92/un","€12,92/un"
A Honra de Roma,Simon Scarrow,,"€16,92/un","€16,92/un"
Empreender sem Limites,Filipa Maia,,"€16,17/un","€16,17/un"
Disney Sustos Nº 1 - Parte do teu Pesadelo,Disney,,"€9,81/un","€9,81/un"
O Macaquinho Procura a Banana,Vários Autores,,"€4,95/un","€4,95/un"
Estojo Quadrado Armour Preto Miss Lemonade,Miss Lemonade,1 un,"€9,99/un","€9,99/un"
Estojo Retangular Blink Azul Miss Lemonade,Marshmallow,1 un,"€9,99/un","€9,99/un"
Fiscal - 43ª Edição,Vários Autores,,"€35,99/un","€35,99/un"
A Peppa Vai ao Aquário,N. Astley e M. Baker,,"€6,93/un","€6,93/un"
Viva a Sua Verdadeira Identidade,Camila Saraiva Vieira,,"€17,91/un","€17,91/un"
O Meu Primeiro Livro da Tinta Mágica - Zoo,Vários Autores,,"€9,81/un","€9,81/un"
O Fim dos Homens,Christina Sweeney-Baird,,"€16,92/un","€16,92/un"
O Meu Primeiro Livro com Puzzle - Cores,Yoyo Studios,,"€8,09/un","€8,09/un"
Spirou - Diário de um Ingénuo,Émile Bravo,,"€17,91/un","€17,91/un"
"Letizia, a Rainha Impaciente",Leonardo Faccio,,"€14,31/un","€14,31/un"
Procura-se Namorado,Alexis Hall,,"€18,45/un","€18,45/un"
As Minhas Primeiras Histórias - Mickey e o Dinossauro,Disney,,"€5,36/un","€5,36/un"
Novos Mistérios de Miss Marple,Agatha Christie,,"€15,21/un","€15,21/un"
Trolley 3D Minions,Minions,1 un,"€22,99/un","€22,99/un"
Tarzan dos Macacos & Outras Histórias da Selva,Edgar Rice Burroughs,,"€23,94/un","€23,94/un"
Contra a Interpretação e Outros Ensaios,Susan Sontag,,"€17,91/un","€17,91/un"
A Trilogia de Copenhaga,Tove Ditlevsen,,"€17,91/un","€17,91/un"
Agenda Semanal A5 com Elástico Groovy (vários modelos),Note!,1 un,"€9,49/un","€9,49/un"
Acredito em Ti!,Sabrina Moyle,,"€11,61/un","€11,61/un"
A Divina Sabedoria dos Mestres,Dr. Brian Weiss,,"€14,94/un","€14,94/un"
Uma Aventura na Quinta dos Enigmas,Ana Maria Magalhães e Isabel Alçada,,"€7,38/un","€7,38/un"
"Olá, Adeus e Tudo o Resto",Jennifer E. Smith,,"€14,36/un","€14,36/un"
Matilde e o Segredo dos Quatro Ventos,Patrícia Furtado,,"€11,61/un","€11,61/un"
Iniciação à Cartomancia,Rui Pereira,,"€12,56/un","€12,56/un"
A Rainha das Neves de Hans Christian Andersen,Geronimo Stilton,,"€12,51/un","€12,51/un"
"Stora, o Meu Cão Comeu-me o TPC!",Lah Fernandes,,"€13,41/un","€13,41/un"
O Monstro do Lago Lago,Geronimo Stilton,,"€4,98/un","€4,98/un"
O Mistério dos Elfos,Geronimo Stilton,,"€4,98/un","€4,98/un"
Isabel I de Inglaterra e o seu Espião Português,Isabel Machado,,"€18,81/un","€18,81/un"
"Foge, Rose, Foge",James Patterson e Dolly Parton,,"€19,71/un","€19,71/un"
Toda uma Literatura: Caeiro - Reis - Campos,Fernando Pessoa,,"€13,46/un","€13,46/un"
Singularidades de uma Rapariga Loura,Eça de Queirós,,"€11,25/un","€11,25/un"
A Arte do Bem-Estar,Meredith Gaston,,"€21,15/un","€21,15/un"
Prometo Amar,Pedro Chagas Freitas,,"€15,75/un","€15,75/un"
O Meu Livro de Autocolantes - O Espaço,Vários Autores,,"€3,49/un","€3,49/un"
"Chakras, Personalidade e Alimentação",Cyndi Dale e Dana Childs,,"€18,41/un","€18,41/un"
O Clube dos Cientistas Nº 2 - Um Estranho Caso na Quinta,Maria Francisca Macedo,,"€9,86/un","€9,86/un"
O Sonho de Sooley,John Grisham,,"€15,93/un","€15,93/un"
O Bando das Cavernas Nº 39 - Noturno!,Nuno Caravela,,"€10,76/un","€10,76/un"
Animais Inventores,Christiane Dorion,,"€13,91/un","€13,91/un"
Alma de Pássaro,Margarida Rebelo Pinto,,"€14,40/un","€14,40/un"
O Dia em Que Chegaste,Dolores Brown,,"€13,91/un","€13,91/un"
"Música, Só Música",Haruki Murakami e Seiji Ozawa,,"€19,71/un","€19,71/un"
Segredos do Passado,Deborah Smith,,"€15,93/un","€15,93/un"
A Arte de Saber Esperar,M. J. Ryan,,"€13,46/un","€13,46/un"
O Trono do Outono,Elizabeth Chadwick,,"€20,69/un","€20,69/un"
O Traidor,Nelson DeMille e Alex DeMille,,"€19,71/un","€19,71/un"
A Menina que Roubava Morangos,Joanne Harris,,"€17,01/un","€17,01/un"
Um Toque de Magia,Nora Roberts,,"€15,93/un","€15,93/un"
O Espião de Moscovo,Nelson DeMille,,"€19,71/un","€19,71/un"
Um Mundo Melhor,Alison Green,,"€12,51/un","€12,51/un"
Toda a Gente Nesta Sala um Dia Há de Morrer,Emily Austin,,"€14,99/un","€14,99/un"
Diário de uma Miúda Como Tu Nº 9 - A Sério?!,Maria Inês Almeida,,"€10,35/un","€10,35/un"
Stranger Things - O Rufia,"Greg Pak, Dan Jackson, Ron Chan e Nate Piekos",,"€11,61/un","€11,61/un"
O Coelhinho Branco,António Torrado,,"€10,71/un","€10,71/un"
A Rússia de Putin,Darryl Cunningham,,"€16,11/un","€16,11/un"
"Quando Crescer, Vou Ser...",Silvie Sanža,,"€14,36/un","€14,36/un"
O Último Fôlego,Alison Belsham,,"€16,92/un","€16,92/un"
O Clube dos Cientistas Nº 15 - De Boca Aberta,Maria Francisca Macedo,,"€9,86/un","€9,86/un"
Plim! Caderno de Apoio ao Estudo Matemática - 4º Ano,Texto,,"€5,31/un","€5,31/un"
LEGO Jurassic World - Segredos de Laboratório,LEGO,,"€9,41/un","€9,41/un"
Daqui a Cinco Anos...,Rebecca Serle,,"€15,21/un","€15,21/un"
Também Isto Passará,Milena Busquets,,"€11,61/un","€11,61/un"
O Regresso da Primavera,Sveva Casati Modignani,,"€16,92/un","€16,92/un"
A Química,Stephenie Meyer,,"€20,61/un","€20,61/un"
A Faca,Jo Nesbø,,"€19,98/un","€19,98/un"
Os Vivos e os Outros,José Eduardo Agualusa,,"€15,93/un","€15,93/un"
Segue o Caminho: A Quinta,Vários Autores,,"€7,11/un","€7,11/un"
Gosto de Ti (Quase Sempre),Anna Llenas,,"€22,41/un","€22,41/un"
Buracos Negros,Stephen Hawking,,"€9,81/un","€9,81/un"
"Mais Rico, Mais Sábio, Mais Feliz",William Green,,"€15,75/un","€15,75/un"
A Rainha do Nada,Holly Black,,"€16,97/un","€16,97/un"
Registos do Professor - 4 Turmas,Porto Editora,,"€13,49/un","€13,49/un"
Capitão Cuecas e o Ataque das Sanitas Falantes,Dav Pilkey,,"€11,69/un","€11,69/un"
Top! O Meu Kit de Atividades,Vários Autores,,"€8,91/un","€8,91/un"
Luz e Amor,Doreen Virtue,,"€23,36/un","€23,36/un"
TOP! Vou tirar 100% - 3º Ano,Porto Editora,,"€6,60/un","€6,60/un"
Histórias de Natal,Enid Blyton,,"€14,94/un","€14,94/un"
Esses Prazeres Violentos,Chloe Gong,,"€16,65/un","€16,65/un"
Já fizeste os TPC? 3 - 3º Ano,Areal Editores,,"€7,92/un","€7,92/un"
Revisões para Todo o Ano - 7º Ano - Volume 2,Texto,,"€11,61/un","€11,61/un"
Perdidos de Amor,Helena Sacadura Cabral,,"€15,30/un","€15,30/un"
Blake e Mortimer Nº 20 - A Maldição dos Trinta Denários (Tomo 2),Jean Van Hamme,,"€13,41/un","€13,41/un"
As Serviçais,Kathryn Stockett,,"€16,97/un","€16,97/un"
Fica Comigo,Lucie Whitehouse,,"€15,93/un","€15,93/un"
Destinos de Paixão,Nora Roberts,,"€14,94/un","€14,94/un"
O Fazedor de Cercas,Floro Freitas de Andrade,,"€17,51/un","€17,51/un"
Agenda Semanal A5 Flores (várias cores),Note!,1 un,"€8,49/un","€8,49/un"
Bruna por Bruna,Bruna Gomes,,"€11,61/un","€11,61/un"
É Tão Bom Descobrir! As Cores,Vários Autores,,"€5,36/un","€5,36/un"
Só o Amor é Real,Dr. Brian Weiss,,"€14,94/un","€14,94/un"
Smoothie Bowls Saudáveis,Fern Green,,"€12,51/un","€12,51/un"
"Pensar, Depressa e Devagar",Daniel Kahneman,,"€21,96/un","€21,96/un"
O Jogo Infinito,Simon Sinek,,"€15,21/un","€15,21/un"
A Noite é um Jogo,Camilla Läckberg,,"€14,36/un","€14,36/un"
A Promessa,Damon Galgut,,"€16,65/un","€16,65/un"
Sublinhador de Tinta Laranja Fluorescente,Stabilo,1 un,"€3,29/un","€3,29/un"
Spirou Nº 7 - Z de Zorglub e A Sombra do Z,André Franquin,,"€10,71/un","€10,71/un"
Animais Ponto-a-Ponto,Thomas Pavitte,,"€11,25/un","€11,25/un"
Astérix e os Seus Amigos,René Goscinny e Albert Uderzo,,"€11,61/un","€11,61/un"
Plácidos Domingos,Bill Watterson,,"€19,08/un","€19,08/un"
Grandes Autocolantes e Livro para Colorir - Vaca,Yoyo Studios,,"€6,74/un","€6,74/un"
"Quanto Menos Soubermos, Melhor Dormimos",David Satter,,"€15,21/un","€15,21/un"
Pense e Fique Rico,Napoleoni Hill,,"€13,95/un","€13,95/un"
Estojo Triplo Retangular Love Yourself,Note!,1 un,"€9,99/un","€9,99/un"
Blake e Mortimer Nº 24 - O Testamento de William S.,André Juillard e Yves Sente,,"€14,31/un","€14,31/un"
O Meu Primeiro Livro de Abas + 100 Veículos,Vários Autores,,"€11,61/un","€11,61/un"
"Cola, Veste e Joga - Trajes",Vários Autores,,"€3,49/un","€3,49/un"
Amor a Quanto Obrigas,Caitlin Barash,,"€15,75/un","€15,75/un"
Cagaster Nº 3,Kachou Hashimoto,,"€8,91/un","€8,91/un"
Dicionário de Artistas,Gonçalo M. Tavares,,"€15,30/un","€15,30/un"
Diários Zombie Nº 1 - Apocalipse das Vacas,Guy Edmonds e Matt Zeremes,,"€9,81/un","€9,81/un"
Histórias para os 2 Anos,Vários Autores,,"€11,97/un","€11,97/un"
A Caixa dos Doces,Kobi Yamada,,"€13,49/un","€13,49/un"
Números e Contagens,Fábula Educação,,"€6,71/un","€6,71/un"
Caderno Agrafado Openflex Jungle A4 Pautado (vários modelos),Oxford,1 un,"€4,79/un","€4,79/un"
O Efeito Composto,Darren Hardy,,"€14,36/un","€14,36/un"
A Última Festa,Clare Mackintosh,,"€18,45/un","€18,45/un"
As Provadoras de Hitler,Rosella Postorino,,"€15,93/un","€15,93/un"
O Homem que Roubou Portugal,Murray Teigh Bloom,,"€17,51/un","€17,51/un"
Panda - Malinha de Atividades,Vários Autores,,"€11,61/un","€11,61/un"
A Química do Cérebro,Ginny Smith,,"€16,92/un","€16,92/un"
A Vida de Jesus,Raul Correia,,"€12,60/un","€12,60/un"
3 Mulheres,Tarryn Fisher,,"€16,83/un","€16,83/un"
As Raparigas Desaparecidas de Paris,Pam Jenoff,,"€16,83/un","€16,83/un"
Roger Federer - A Biografia,René Stauffer,,"€27,89/un","€27,89/un"
Chá e Corações Partidos,Trisha Ashley,,"€15,21/un","€15,21/un"
Os Fidalgos da Casa Mourisca,Júlio Dinis,,"€11,25/un","€11,25/un"
Sandman Nº 11 - A Vigília,Neil Gaiman,,"€17,91/un","€17,91/un"
O Banco,Meghan Markle,,"€12,92/un","€12,92/un"
Viva a Dança - Uma Lição de Amizade,Vários Autores,,"€8,91/un","€8,91/un"
Estojo Retangular (várias cores),Note!,1 un,"€4,99/un","€4,99/un"
Leva e Pinta com Grandes Lápis - Amarelo - Cão,Yoyo Studios,,"€9,99/un","€9,99/un"
O Pequeno Livro de Cosmologia,Lyman Page,,"€14,40/un","€14,40/un"
Eu Consigo Pintar com Água - Rosa - Crocodilo,Vários Autores,,"€8,99/un","€8,99/un"
A Ilha do Tesouro,Robert Louis Stevenson,,"€12,51/un","€12,51/un"
O Clube dos Cientistas - Caderno 1: Grande Guia de Animais Pequenos,Maria Francisca Macedo,,"€11,66/un","€11,66/un"
O Lobo que Tinha um Novo Amigo,Orianne Lallemand,,"€7,19/un","€7,19/un"
Qual é o Nosso Lugar no Universo?,David Sobral,,"€14,85/un","€14,85/un"
Roda e Brinca - Criaturas Mágicas,Vários Autores,,"€12,51/un","€12,51/un"
O Fim é o Princípio,Chris Whitaker,,"€16,92/un","€16,92/un"
O Dia dos Milagres,Francisco Moita Flores,,"€14,31/un","€14,31/un"
As Minhas Primeiras 1000 Palavras,Vários Autores,,"€13,41/un","€13,41/un"
Lancheira Minnie,Minnie,1 un,"€16,99/un","€16,99/un"
Como Contar até Um,Caspar Salmon,,"€11,25/un","€11,25/un"
Começa a Pintar - Tucano,Yoyo Studios,,"€8,09/un","€8,09/un"
Blister de 8 Saquetas de Cromos Mundial Qatar 2022,Panini,1 un,"€8,00/un","€8,00/un"
Loud em Casa - Criaturas da Escuridão,Vários Autores,,"€9,41/un","€9,41/un"
Enciclopédia dos curiosos - Animais,Vários Autores,,"€12,96/un","€12,96/un"
Cérebro Eficiente,Sandra de Carvalho Martins,,"€14,31/un","€14,31/un"
Construir uma Storybrand,Donald Miller,,"€16,18/un","€16,18/un"
Preparação para a Prova Final 2023 - Matemática - 9º Ano,Porto Editora,,"€13,41/un","€13,41/un"
Preparação para a Prova Final 2023 - Português - 9º Ano,Porto Editora,,"€13,41/un","€13,41/un"
Bingo e Rolly Nº 3 - Cria o Teu Cão,Disney,,"€6,26/un","€6,26/un"
Psicopatas Portugueses - Livro Segundo,Joana Amaral Dias,,"€17,01/un","€17,01/un"
Agenda Diária A5 com Elástico Artful,Make Notes,1 un,"€11,99/un","€11,99/un"
A Minha Voz É Linda,Joseph Coelho,,"€13,46/un","€13,46/un"
Recarga Papel A4 Pautado,Oxford,1 un,"€3,79/un","€3,79/un"
Eureka! Férias - Matemática - 3º Ano,Areal Editores,,"€5,94/un","€5,94/un"
O Clube dos Cientistas Nº 18 - O Resgate,Maria Francisca Macedo,,"€9,86/un","€9,86/un"
Marilyn Monroe - Uma Estrela de Hollywood,Claudia Beinert e Nadja Beinert,,"€15,75/un","€15,75/un"
Aurora Boreal,Asa Larsson,,"€16,11/un","€16,11/un"
Uma Festa Para o Grande Lobo Mau!,Yoyo Studios,,"€9,99/un","€9,99/un"
A Rapariga Mais Sortuda do Mundo,Jessica Knoll,,"€17,01/un","€17,01/un"
De Onde Vem?,Anne-Sophie Baumann,,"€13,46/un","€13,46/un"
Parar. Sentir. Respirar.,Vera Simões,,"€14,31/un","€14,31/un"
Orgulhosamente Sós,Bernardo Futscher Pereira,,"€26,91/un","€26,91/un"
Teremos Sempre o Verão,Jenny Han,,"€15,29/un","€15,29/un"
Uma Mulher Não é um Homem,Etaf Rum,,"€16,65/un","€16,65/un"
Os Versículos Satânicos,Salman Rushdie,,"€22,41/un","€22,41/un"
O Foguetão Dos Sentidos,Thereza Ameal,,"€11,61/un","€11,61/un"
Maria Lua - O Meu Diário Vampitástico,Harriet Muncaster,,"€13,46/un","€13,46/un"
Rei Branco,Juan Gómez-Jurado,,"€17,91/un","€17,91/un"
A Intuição da Ilha,Pilar del Río,,"€17,91/un","€17,91/un"
O Meu Livro de Autocolantes - Os Monstros,Vários Autores,,"€3,49/un","€3,49/un"
Uma Noite de Agosto,Victoria Hislop,,"€14,94/un","€14,94/un"
Férias com Princesas - 5 Anos,Dom Quixote,,"€7,92/un","€7,92/un"
O Caso Alaska Sanders,Joël Dicker,,"€20,66/un","€20,66/un"
Astrologia 2022,Paulo Cardoso,,"€13,60/un","€13,60/un"
Remissão Radical,Dra. Kelly A. Turner,,"€16,61/un","€16,61/un"
Aprendo com Cartas - Frações,Vários Autores,,"€7,18/un","€7,18/un"
Assassino no Kremlin,John Sweeney,,"€18,86/un","€18,86/un"
Ao Cair da Noite,Judith McNaught,,"€16,11/un","€16,11/un"
O Meu Primeiro Livro com Puzzle - Palavras,Yoyo Studios,,"€8,09/un","€8,09/un"
Enquanto o Tempo Passa,Mary Higgins Clark e Alafair Burke,,"€14,94/un","€14,94/un"
As Cinquenta Sombras Livre (volume 3),E. L. James,,"€15,93/un","€15,93/un"
A Sociedade dos Sonhadores Involuntários,José Eduardo Agualusa,,"€15,93/un","€15,93/un"
Plim! Férias de A a Z - 3º e 4º Ano,Texto,,"€6,21/un","€6,21/un"
Uma Terra Chamada Liberdade,Ken Follett,,"€20,61/un","€20,61/un"
Notre-Dame,Ken Follett,,"€10,71/un","€10,71/un"
A Variável do Amor,Christina Lauren,,"€16,97/un","€16,97/un"
O Gelo Sob os Seus Pés,Camilla Grebe,,"€17,96/un","€17,96/un"
A Traição do Duque,Sarah MacLean,,"€17,51/un","€17,51/un"
A Noiva Errada,Mary Simses,,"€15,21/un","€15,21/un"
Mínimos 2 - A Ascensão de Gru - O Mestre Super Vilão,Universal,,"€6,26/un","€6,26/un"
Por Dentro dos Dinossauros,Vários Autores,,"€6,99/un","€6,99/un"
O Grande Livro dos Supertesouros que Realmente Importam,Susanna Isern,,"€13,50/un","€13,50/un"
A Inteligência Erótica,Esther Perel,,"€15,21/un","€15,21/un"
Reflexologia das Mãos para Principiantes,Stefanie Sabounchian,,"€13,41/un","€13,41/un"
Culpados 1 - Culpa Minha,Mercedes Ron,,"€18,81/un","€18,81/un"
Os Sedutores,Elizabeth Adler,,"€14,85/un","€14,85/un"
Noite Sobre as Águas,Ken Follett,,"€18,81/un","€18,81/un"
Anjos Caídos - Imortal (volume 6),J. R. Ward,,"€15,21/un","€15,21/un"
Um Milagre Chamado Chika,Mitch Albom,,"€13,95/un","€13,95/un"
Casamento Efémero,Candace Camp,,"€15,12/un","€15,12/un"
Eu Sei Como Ser Feliz,Isabel Silva,,"€17,91/un","€17,91/un"
Frida Kahlo,Maria Isabel Sánchez Vegara,,"€12,56/un","€12,56/un"
As Crónicas de Rosewood - A Princesa Perdida,Connie Glynn,,"€15,21/un","€15,21/un"
Do-In para Crianças,Juracy Cançado,,"€17,55/un","€17,55/un"
A Hipótese do Amor,Ali Hazelwood,,"€15,75/un","€15,75/un"
A Herança de D. Dinis,Maria Antonieta Costa,,"€17,50/un","€17,50/un"
Chamada para o Morto,John le Carré,,"€14,31/un","€14,31/un"
365+1 Piadas de Rebolar no Chão a Rir!,Maria João Medeiros,,"€10,98/un","€10,98/un"
Empodere-se,Maynara Fanucci,,"€12,15/un","€12,15/un"
1984,George Orwell,,"€20,66/un","€20,66/un"
O Mundo da Carochinha - Fichas de Avaliação - 4º Ano,Gailivro,,"€8,01/un","€8,01/un"
365 Histórias para Adormecer,Vários Autores,,"€15,75/un","€15,75/un"
Super Matmagicar 3 - Exercícios e Problemas de Matemática - 3º Ano,Porto Editora,,"€7,92/un","€7,92/un"
Vou Tirar 100% - Cadernos de Revisão - 7º Ano - Volume 2,Porto Editora,,"€10,71/un","€10,71/un"
A Matemática - 3º e 4º Ano,Porto Editora,,"€10,98/un","€10,98/un"
Plim! Férias de A a Z - Pré-escolar,Texto,,"€6,21/un","€6,21/un"
Liberalismo e Seus Descontentes,Francis Fukuyama,,"€15,93/un","€15,93/un"
A Cidade Perdida,James Rollins,,"€15,93/un","€15,93/un"
A Mensagem,Mai Jia,,"€16,92/un","€16,92/un"
Reencarnação e Karma,William Walker Atkinson,,"€13,46/un","€13,46/un"
Enganada Uma Vez,Catherine Bybee,,"€14,94/un","€14,94/un"
Agenda Diária A5 com Elástico Navy,Make Notes,1 un,"€15,99/un","€15,99/un"
Revista Cozinha Maravilha,Teleculinária,1 un,"€2,00/un","€2,00/un"
A Semente Má,Jory John,,"€13,46/un","€13,46/un"
Uma Princesa em Fuga,Lindsay Emory,,"€13,95/un","€13,95/un"
Era Uma Vez - Contos Tradicionais Nº 1,Vários Autores,,"€7,99/un","€7,99/un"
Espreita o Universo,Alex Frith e Lee Cosgrove,,"€13,41/un","€13,41/un"
O Fugitivo,Mason Cross,,"€18,89/un","€18,89/un"
Spirou Nº 1 - O Feiticeiro de Champignac e Spirou e os Herdeiros,André Franquin,,"€10,71/un","€10,71/un"
Spirou Nº 8 - QRN sobre Bretzelburgo e Sarilhos em Champignac,André Franquin,,"€10,71/un","€10,71/un"
Lucky Luke - O Homem de Washington,Achdé e Gerra,,"€10,71/un","€10,71/un"
Lucky Luke Contra Pinkerton,"Achdé, Pennac e Benacquista",,"€10,71/un","€10,71/un"
Blake e Mortimer Nº 19 - A Maldição dos Trinta Denários (Tomo 1),"J. Van Hamme, C. de Siegeleer e René Sterne",,"€13,41/un","€13,41/un"
Aventuras Coloridas,Elizabeth Golding,,"€8,96/un","€8,96/un"
Detox Natural,Joana Alves,,"€17,99/un","€17,99/un"
A Mulher Culpada,Elle Croft,,"€14,40/un","€14,40/un"
A Vida Não se Improvisa,Enrique Rojas,,"€14,40/un","€14,40/un"
O Magnífico Livro dos Dinossauros,Vários Autores,,"€15,93/un","€15,93/un"
Os Diários Secretos de Miss Miranda Cheever,Julia Quinn,,"€15,21/un","€15,21/un"
A Lenda do Belo Soldado,Margarida Rebelo Pinto,,"€14,85/un","€14,85/un"
O Livro da Ansiedade e da Depressão,Dr. Michael A. Tompkins,,"€17,96/un","€17,96/un"
Reiki Usui,João Magalhães,,"€16,97/un","€16,97/un"
O Meu Diário Secreto (Girl Power),Vários Autores,,"€10,71/un","€10,71/un"
O Símbolo Perdido,Dan Brown,,"€9,00/un","€9,00/un"
O Testamento,John Grisham,,"€8,10/un","€8,10/un"
12 Horas para Dizer que te Amo,Olivia Poulet e Laurence Dobiesz,,"€17,91/un","€17,91/un"
Onde Me Leva o Coração,Sarah Ferguson,,"€18,86/un","€18,86/un"
Conversas Entre Amigos,Sally Rooney,,"€15,21/un","€15,21/un"
Sandman Nº 7 - Vidas Breves,Neil Gaiman,,"€17,91/un","€17,91/un"
Ser Vlogger é Espetacular!,Shane Birley,,"€12,56/un","€12,56/un"
O Jardim Secreto,Mariah Marsden,,"€16,97/un","€16,97/un"
Leva e Pinta com Grandes Lápis - Verde - Vaca,Yoyo Studios,,"€9,99/un","€9,99/un"
Cinco Dinossauros Brincalhões,Amber Lily,,"€8,96/un","€8,96/un"
Plim! Caderno de Caligrafia,Texto,,"€4,41/un","€4,41/un"
Rumo ao Desconhecido,Andrew Rader,,"€17,91/un","€17,91/un"
O Meu Primeiro Escreve e Apaga - Primeiras Palavras,Vários Autores,,"€8,06/un","€8,06/un"
O que Procuras Está na Biblioteca,Michiko Aoyama,,"€14,31/un","€14,31/un"
Desaparecida,Rachel Hawkins,,"€15,93/un","€15,93/un"
Primeiros Números,Vários Autores,,"€12,56/un","€12,56/un"
Raspa & Cola - Natureza,Yoyo Studios,,"€8,09/un","€8,09/un"
Contos Arrepiantes da História de Portugal - Revoluções Revoltantes,Rui Correia e António F. Nabais,,"€12,56/un","€12,56/un"
Brevíssimo Dicionário dos Snobs,Rita Ferro,,"€15,21/un","€15,21/un"
Rasputine - O Fim da Grande Rússia e a Queda dos Romanov,Catherine Radziwill,,"€13,46/un","€13,46/un"
Bingo e Rolly Nº 1 - Feliz Aniversário Bingo e Rolly!,Disney,,"€6,26/un","€6,26/un"
Bingo e Rolly Nº 4 - As Torradas Francesas,Disney,,"€6,26/un","€6,26/un"
Mulheres Invisíveis,Caroline Criado Perez,,"€17,55/un","€17,55/un"
A Guardiã da Memória de Kiev,Erin Litteken,,"€17,01/un","€17,01/un"
Miúdo Youtuber - Temporada 2 - Mais Nunca é Demais,Marcus Emerson,,"€9,81/un","€9,81/un"
As Aventuras de Mike - O Bebé Chegou!,Gabriel Dearo e Manu Digilo,,"€11,61/un","€11,61/un"
Fichas de Trabalho - 1º Ano,Porto Editora,,"€8,91/un","€8,91/un"
Receitas para Flexitarianos (Vegetarianos em Part-Time),Teleculinária,,"€23,31/un","€23,31/un"
Uma Mente Tranquila,Shoukei Matsumoto,,"€13,95/un","€13,95/un"
Estojo Aloha,Marshmallow,1 un,"€9,99/un","€9,99/un"
Estojo Glitter Lashes,Marshmallow,1 un,"€12,99/un","€12,99/un"
Loki - O Guia de um Deus Malvado que Tenta ser Bom,Louie Stowell,,"€9,81/un","€9,81/un"
O Rio Infinito,Mia Couto,,"€13,41/un","€13,41/un"
Contos Solidários 37 - Raya,Disney,,"€3,49/un","€3,49/un"
Contos Solidários 40 - Arlo,Disney,,"€3,49/un","€3,49/un"
A Receita da Felicidade,Deepak Chopra,,"€11,97/un","€11,97/un"
Tarot da Sabedoria dos Anjos,Radleigh Valentine,,"€23,90/un","€23,90/un"
Guarda os Segredos das Minhas Melhores Amigas!,Vários Autores,,"€8,99/un","€8,99/un"
Sem Mentiras,Robert Wilson,,"€17,01/un","€17,01/un"
O Fim da Infância,Arthur C. Clarke,,"€14,31/un","€14,31/un"
Agenda - Um Ano Para Mim,Ana Luísa Oliveira,,"€13,41/un","€13,41/un"
A Menina que Detestava Livros,Manjusha Pawagi,,"€9,81/un","€9,81/un"
A Melhor Condutora Do Mundo,António Mota,,"€10,35/un","€10,35/un"
Avozinha Gângster Ataca de Novo,David Walliams,,"€14,99/un","€14,99/un"
"Cola, Veste e Joga - Estações do Ano",Vários Autores,,"€3,49/un","€3,49/un"
Parem de Se Privar,David Khayat,,"€15,93/un","€15,93/un"
Tu És o Teu Único Limite,Susana Henriques,,"€12,51/un","€12,51/un"
Não Fazemos Ideia,Jorge Cham e Daniel Whiteson,,"€16,92/un","€16,92/un"
Não Contes a Ninguém,Gregg Olsen,,"€17,01/un","€17,01/un"
O Sonho Americano de Ivy Lin,Susie Yang,,"€16,92/un","€16,92/un"
Cozinha Vegetariana Para Ganhar Tempo,Gabriela Oliveira,,"€16,92/un","€16,92/un"
Dicionário Ilustrado dos Insultos do Capitão Haddock,Albert Algoud,,"€14,31/un","€14,31/un"
Vegan Gourmet,Maria de Oliveira Dias,,"€20,66/un","€20,66/un"
Aprende a Contar de 1 a 20,Yoyo Studios,,"€7,19/un","€7,19/un"
O Alquimista,Paulo Coelho,,"€7,20/un","€7,20/un"
O Método Jacarta,Vincent Bevins,,"€17,91/un","€17,91/un"
Patrulha Pata - Au-au Jurássico!,Vários Autores,,"€7,11/un","€7,11/un"
A Família Monstro Nº 2 - A Maldição do Ofeliakrom,Bruno Matos,,"€10,31/un","€10,31/un"
Uma Mulher em Fuga,Lesley Pearse,,"€15,21/un","€15,21/un"
Ursito Tito - Vamos ao Espaço!,Benji Davies,,"€8,01/un","€8,01/un"
A Menina que Morreu,Ragnar Jónasson,,"€15,71/un","€15,71/un"
Uma Nova Esperança,Colleen Hoover,,"€15,03/un","€15,03/un"
O Filho,Philipp Meyer,,"€17,91/un","€17,91/un"
O Mistério do Caso de Campolide,Francisco Moita Flores,,"€17,01/un","€17,01/un"
Laços que Perduram,Nicholas Sparks,,"€15,21/un","€15,21/un"
Caminho Como Uma Casa em Chamas,António Lobo Antunes,,"€18,81/un","€18,81/un"
Palavras,Yoyo Studios,,"€9,99/un","€9,99/un"
Fashion Forever - Livro 1,Vários Autores,,"€5,00/un","€5,00/un"
SOS Plantas,William Davidson,,"€15,93/un","€15,93/un"
O Anti-Namorado,Penelope Ward,,"€15,71/un","€15,71/un"
Isto é Amor? Manda Dar Banho ao Cão!,Margarida Vieitez,,"€14,31/un","€14,31/un"
Labirintos Loucos,Vários Autores,,"€8,96/un","€8,96/un"
A Verdade Sobre Os Bebés,Elina Ellis,,"€12,56/un","€12,56/un"
A Maneira Rápida e Fácil de Falar com Eficácia,Dale Carnegie,,"€14,85/un","€14,85/un"
Cabe Tudo no Todo-o-Terreno!,Giovanna Mantegazza e Stefano Tognetti,,"€8,91/un","€8,91/un"
PLIM! Férias de A a Z - 4º e 5º Ano,Texto,,"€6,21/un","€6,21/un"
Atlas do Mundo Pré-Histórico,Vários Autores,,"€12,15/un","€12,15/un"
A Fórmula do Sucesso,Wallace D. Wattles,,"€15,71/un","€15,71/un"
O Veredicto - Nos Meandros da Lei,Michael Connelly,,"€15,93/un","€15,93/un"
O Universo Está Consigo,Gabrielle Bernstein,,"€14,36/un","€14,36/un"
"Não é Loucura, é Ansiedade",Sophie Seromenho,,"€15,93/un","€15,93/un"
O Meu Primeiro Tarot,Patrícia Bernardo,,"€17,91/un","€17,91/un"
Jardins Deliciosos,Lucy Hutchings,,"€15,21/un","€15,21/un"
Aristóteles e Dante Descobrem os Segredos do Universo,Benjamin Alire Sáenz,,"€17,01/un","€17,01/un"
Comer para Prevenir e Enfrentar o Cancro,Marta Carriço e Catarina Sousa Guerreiro,,"€17,91/un","€17,91/un"
A Peppa Tem Uma Colega Nova,Neville Astley e Mark Baker,,"€6,93/un","€6,93/un"
Mil Vezes Adeus,John Green,,"€16,11/un","€16,11/un"
Crónica de Paixões e Caprichos,Julia Quinn,,"€15,21/un","€15,21/un"
Sobre o Amor,Daniel Oliveira,,"€14,31/un","€14,31/un"
A Cadeira Preta,Sarah Lemonnier,,"€14,04/un","€14,04/un"
Tudo Por Amor,Jodi Picoult,,"€16,92/un","€16,92/un"
Plim! Gramática,Texto,,"€10,71/un","€10,71/un"
O Clube dos Cientistas Nº 1 - Os Contrabandistas de Cristais,Maria Francisca Macedo,,"€9,86/un","€9,86/un"
Bloco de Apontamentos A6 Liso Adoro-te Mãe,Do Art,1 un,"€3,50/un","€3,50/un"
Missão em Cuba,Nelson DeMille,,"€17,91/un","€17,91/un"
Masha e o Urso - 365 Desenhos para Colorir,Vários Autores,,"€12,56/un","€12,56/un"
Pintar com os Dedos,Fiona Watt,,"€12,51/un","€12,51/un"
Monstros Fantásticos - Os Crimes de Grindelwald,J. K. Rowling,,"€17,91/un","€17,91/un"
#Sucesso - Português - 7º Ano,Porto Editora,,"€11,61/un","€11,61/un"
Vegetariano Flexível,Yämmi,,"€19,71/un","€19,71/un"
O Mestre no Coração,Annie Marquier,,"€15,71/un","€15,71/un"
Martine Descobre a Natureza,Gilbert Delahaye,,"€8,99/un","€8,99/un"
Dono do Mundo,Vi Keeland e Penelope Ward,,"€16,61/un","€16,61/un"
Águas Profundas,Patricia Highsmith,,"€15,75/un","€15,75/un"
Princípios para Lidar com a Nova Ordem Mundial,Ray Dalio,,"€27,88/un","€27,88/un"
Preparar os Testes - Matemática A - 10º Ano,Areal,,"€19,80/un","€19,80/un"
Adoro Unicórnios - O Mundo da Kicas,Vários Autores,,"€8,99/un","€8,99/un"
O Gato e o Rato Querem Sair Daqui,Günther Jakobs,,"€11,61/un","€11,61/un"
Miúdos & Ecrãs,Rute Agulhas e Filipe L. Gil,,"€13,95/un","€13,95/un"
Por Dentro das Montanhas,Vários Autores,,"€6,99/un","€6,99/un"
Oliver em Férias com os Amigos - Do 3º ao 4º Ano,Raiz Editora,,"€6,93/un","€6,93/un"
O Livro de Magia das Mães,Constança Cordeiro Ferreira,,"€15,75/un","€15,75/un"
Vive Como um Guerreiro,Whindersson Nunes e Gabriel Chalita,,"€12,51/un","€12,51/un"
A Tabela Periódica - Os Elementos como Nunca os Vimos!,Colin Stuart,,"€14,99/un","€14,99/un"
Os Contos da Masha - Os Três Porquinhos,Vários Autores,,"€7,65/un","€7,65/un"
TOP! Vou tirar 100% - 3º Ano,Porto Editora,,"€5,94/un","€5,94/un"
A Minha Cozinha,Clara de Sousa,,"€20,97/un","€20,97/un"
A Vinha do Anjo,Sveva Casati Modignani,,"€15,93/un","€15,93/un"
Meninas Sem Nome,Serena Burdick,,"€15,21/un","€15,21/un"
"Lá, Onde o Vento Chora",Delia Owens,,"€16,92/un","€16,92/un"
O Dia Em Que Te Perdi,Lesley Pearse,,"€17,01/un","€17,01/un"
O Manuscrito,John Grisham,,"€15,93/un","€15,93/un"
Nunca Digas Adeus,Lesley Pearse,,"€15,21/un","€15,21/un"
Plim! Tabuada - 1º ao 4º Ano,Texto,,"€2,25/un","€2,25/un"
Preparar os Testes - Biologia e Geologia - 10º Ano,LeYa,,"€19,80/un","€19,80/un"
Quem Mexeu no Meu Queijo,Spencer Johnson,,"€10,98/un","€10,98/un"
"Frozen 2 - Anna, Elsa e o Rio Secreto",Disney,,"€8,91/un","€8,91/un"
O Jogo Interior do Ténis,W. Timothy Gallwey,,"€10,98/un","€10,98/un"
"Tesoura Fun 13,5cm",Note!,1 un,"€1,99/un","€1,99/un"
Férias - Atividades e Aventuras - 4-5 Anos,Porto Editora,,"€6,93/un","€6,93/un"
O que eu Faço com a Mãe! + O que eu Faço com o Pai!,Amélie Antoine e Isabelle Maroger,,"€12,90/un","€12,90/un"
Analgésicos Naturais,Yann Rougier e Marie Borrel,,"€13,95/un","€13,95/un"
A Crina Mágica do Unicórnio,Vários Autores,,"€9,81/un","€9,81/un"
Capuchinho Vermelho,Yoyo Studios,,"€14,99/un","€14,99/un"
Frozen 2 - Viagem Mágica,Disney,,"€6,26/un","€6,26/un"
Uma Fazenda em África,João Pedro Marques,,"€15,93/un","€15,93/un"
As Vantagens de um Amor Invisível,Erica Ridley,,"€16,61/un","€16,61/un"
Estudo e Aprendo - 4º Ano,Fábula Educação,,"€10,31/un","€10,31/un"
Isto Começa Aqui,Colleen Hoover,,"€17,51/un","€17,51/un"
Escândalo em Veneza,Loretta Chase,,"€15,93/un","€15,93/un"
O Executor,Helmut Ortner,,"€17,51/un","€17,51/un"
Agenda Diária A5 com Elástico Pastel (várias cores),Note!,1 un,"€8,99/un","€8,99/un"
Agenda Diária A5 Clássica (várias cores),Note!,1 un,"€8,99/un","€8,99/un"
O Ovo Bom,Jory John,,"€13,46/un","€13,46/un"
Escreve e Apaga - As Horas,Vários Autores,,"€8,91/un","€8,91/un"
O Futuro da Inteligência Artificial,Martin Ford,,"€16,92/un","€16,92/un"
Monstros Fantásticos e Onde Encontrá-los,J. K. Rowling,,"€17,91/un","€17,91/un"
Beautiful Boy,David Sheff,,"€17,01/un","€17,01/un"
O Homem em Busca de um Sentido,Viktor E. Frankl,,"€13,41/un","€13,41/un"
Aprende o 123 - Gato,Yoyo Studios,,"€6,29/un","€6,29/un"
Spirou Nº 3 - O Ditador e o Cogumelo e A Máscara Misteriosa,André Franquin,,"€10,71/un","€10,71/un"
Tintin - A Estrela Misteriosa,Hergé,,"€8,91/un","€8,91/un"
Não Quero Ir à Escola!,Marie Bretin,,"€9,81/un","€9,81/un"
Aprendo a Usar a Tesoura! - Veículos,Vários Autores,,"€6,98/un","€6,98/un"
Estojo Redondo Love Yourself,Note!,1 un,"€6,99/un","€6,99/un"
As Sete Marias que Matavam Franceses,Domingos Amaral,,"€16,11/un","€16,11/un"
Mochila para Portátil Khaki Verde,Note!,1 un,"€39,99/un","€39,99/un"
Mochila Unicórnio Rosa,Note!,1 un,"€34,99/un","€34,99/un"
A Vida Na Quinta,Carine Fontaine e Adeline Pierre,,"€6,21/un","€6,21/un"
Resumos - Os Maias - 11º Ano,Sebenta,,"€6,93/un","€6,93/un"
Stray Dog Nº 3,VanRah,,"€8,91/un","€8,91/un"
Constrói a Tua Quinta,Yoyo Studios,,"€17,99/un","€17,99/un"
"Tenho Mesmo, Mesmo de Fazer Chichi!",Karl Newson,,"€11,61/un","€11,61/un"
Histórias para os 3 Anos,Vários Autores,,"€11,97/un","€11,97/un"
Adição e Subtração,Fábula Educação,,"€6,71/un","€6,71/un"
Emily in Paris,Catherine Kalengula,,"€15,29/un","€15,29/un"
A Magia dos Unicórnios,Make Believe Ideas,,"€10,79/un","€10,79/un"
Patrulha Pata - Os Cachorros Salvam os Ovos de Dinossauro,Patrulha Pata,,"€6,98/un","€6,98/un"
Sashenka,Simon Sebag Montefiore,,"€18,81/un","€18,81/un"
O Monge que Partiu em Busca do Seu Destino,Paolo Marrone,,"€13,46/un","€13,46/un"
A Caminho do Altar,Julia Quinn,,"€15,21/un","€15,21/un"
Carrie Soto Está de Volta,Taylor Jenkins Reid,,"€17,51/un","€17,51/un"
Exercícios de Biologia e Geologia - 10º Ano,Porto Editora,,"€15,93/un","€15,93/un"
As Mais Belas Histórias de Princesas,Stefania Leonardi Hartley,,"€11,97/un","€11,97/un"
Este Livro É Cinzento,Lindsay Ward,,"€13,46/un","€13,46/un"
A Família Monstro - Receita em Chamas,Bruno Matos,,"€9,89/un","€9,89/un"
"O Mundo da Inês Nº 11 - Inglaterra, Aqui Vou Eu!",Sara de Almeida Leite,,"€9,81/un","€9,81/un"
Puto Detetive - O Covil do Perigo,Andrew Clover,,"€11,97/un","€11,97/un"
Aprender a Brincar - Veículos,Vários Autores,,"€12,59/un","€12,59/un"
O Clube dos Cientistas - Caderno 3: Truques e Jogos com Ciência,Maria Francisca Macedo,,"€11,66/un","€11,66/un"
O Clube dos Cientistas: Sem Parar! 1 - Batalha Naval e Jogo dos Pontinhos,Maria Francisca Macedo,,"€7,61/un","€7,61/un"
A Loucura de Lorde Ian Mackenzie,Jennifer Ashley,,"€17,99/un","€17,99/un"
A Conquista do Brasil (1500-1600),Thales Guaracy,,"€15,26/un","€15,26/un"
À Descoberta das Palavras e dos Sons - O Jardim Zoológico,Marion Billet,,"€8,91/un","€8,91/un"
Boa Noite! - Coruja,Yoyo Studios,,"€14,99/un","€14,99/un"
Uma Breve História da Guerra,Jeremy Black,,"€15,93/un","€15,93/un"
A Cura pela Energia,Karen Frazier,,"€16,19/un","€16,19/un"
O Camião Das Histórias,Rosário Alçada Araújo,,"€8,01/un","€8,01/un"
A Incrível Adele - O Inferno São os Outros,Mr. Tan e Miss Prickly,,"€9,81/un","€9,81/un"
Caderno Espiral A4 Quadriculado Cinza,Note!,1 un,"€4,29/un","€4,29/un"
O Meu Primeiro Livro com Puzzle - Animais,Yoyo Studios,,"€8,09/un","€8,09/un"
O Livro das Emoções dos Lápis,Drew Daywalt,,"€10,76/un","€10,76/un"
Mochila Skate Cinza Unkeeper,Unkeeper,1 un,"€49,99/un","€49,99/un"
O Livro dos Números dos Lápis,Drew Daywalt,,"€10,76/un","€10,76/un"
Sandman Mestre dos Sonhos Nº 2 - Casa de Bonecas,Neil Gaiman,,"€17,91/un","€17,91/un"
POLCI - O Abecedário da Liderança,Nelson Pires,,"€13,50/un","€13,50/un"
Os Habitantes da Árvore Longínqua,Enid Blyton,,"€8,91/un","€8,91/un"
As Mulheres que Dão Tudo em Troca de Nada,Mariela Michelena,,"€17,01/un","€17,01/un"
Um Crime Familiar,Jude Deveraux,,"€15,48/un","€15,48/un"
O Clube,Ellery Lloyd,,"€17,51/un","€17,51/un"
Mochila Skate Verde Unkeeper,Unkeeper,1 un,"€49,99/un","€49,99/un"
Harry Potter e a Ordem da Fénix (Livro 5),J. K. Rowling,,"€34,11/un","€34,11/un"
Bolo Negro,Charmaine Wilkerson,,"€17,91/un","€17,91/un"
Agenda Semanal A5 com Elástico Ice Cream,Note!,1 un,"€9,49/un","€9,49/un"
Os Indomáveis F. C. Nº 14 - A Caminho da Grande Final,Álvaro Magalhães,,"€8,91/un","€8,91/un"
Stray Dog Nº 1,VanRah,,"€8,91/un","€8,91/un"
A Força dos Arcanjos,Diana Cooper,,"€22,46/un","€22,46/un"
A Minha Mãe é a Minha Filha,Valter Hugo Mãe,,"€13,95/un","€13,95/un"
Histórias Para Ler Debaixo Do Cobertor,Vários Autores,,"€16,16/un","€16,16/un"
Sem Ti Não Há Verão,Jenny Han,,"€15,29/un","€15,29/un"
Histórias para Crescer - O Primeiro Dia de Escola!,Disney,,"€7,16/un","€7,16/un"
O Veneno Perfeito,Sergei Lebedev,,"€15,21/un","€15,21/un"
O Manifesto da Canábis,Steve DeAngelo,,"€17,94/un","€17,94/un"
Pack Plim! Problemas + Erros - 3º Ano,Texto,,"€9,45/un","€9,45/un"
Golden Boys,Phil Stamper,,"€15,75/un","€15,75/un"
Mestre dos Sonhos Nº 4 - Sandman,Neil Gaiman,,"€17,91/un","€17,91/un"
Os Monstros das Caixas,Alan Snow,,"€6,45/un","€6,45/un"
A Menina de Kiev,Luca Crippa e Maurizio Onnis,,"€13,41/un","€13,41/un"
Ligação Fatal,Harlan Coben,,"€17,01/un","€17,01/un"
As Conspirações que Mudaram o Mundo,Frederico Duarte Carvalho,,"€15,21/un","€15,21/un"
Bromance - O Clube de Leitura Secreto,Lyssa Kay Adams,,"€15,21/un","€15,21/un"
Misericórdia,Lídia Jorge,,"€19,71/un","€19,71/un"
A Coragem de Ser Feliz,Ichiro Kishimi e Fumitake Koga,,"€14,31/un","€14,31/un"
Quando Danças com o Coração,Nicola Yoon,,"€14,31/un","€14,31/un"
Posso Espreitar a Tua Fralda?,Guido Van Genechten,,"€12,56/un","€12,56/un"
Álbum de Receitas,Filipa Gomes,,"€23,31/un","€23,31/un"
Porque Morrem os Seres Vivos?,Katie Daynes,,"€11,97/un","€11,97/un"
"Cola, Veste e Joga - Profissões",Vários Autores,,"€3,49/un","€3,49/un"
As Musas,Alex Michaelides,,"€17,01/un","€17,01/un"
A Filha do Guardião do Fogo,Angeline Boulley,,"€19,80/un","€19,80/un"
Spidey e a Sua Superequipa - O Meu Primeiro Procura e Descobre,Disney,,"€8,06/un","€8,06/un"
O Rowley Apresenta - Histórias Supimpas de Arrepiar Nº 3,Jeff Kinney,,"€15,29/un","€15,29/un"
Salvação Mortal,J.D. Robb,,"€16,92/un","€16,92/un"
A Jornada da Humanidade,Oded Galor,,"€15,21/un","€15,21/un"
Volodymyr Zelensky - Biografia,Sergii Rudenko,,"€14,31/un","€14,31/un"
Negocie Como se a Sua Vida Dependesse Disso,Chris Voss e Tahl Raz,,"€17,96/un","€17,96/un"
Sabe Mais - Resolução de Problemas - 3º Ano,Fábula Educação,,"€5,99/un","€5,99/un"
Regresso à Tua Pele,Luz Gabás,,"€18,81/un","€18,81/un"
O Brincador,Álvaro Magalhães,,"€12,51/un","€12,51/un"
Aprendo com Cartas - Animais - Bilingue,Vários Autores,,"€7,18/un","€7,18/un"
Desenvolver a Motricidade Fina - 4-6 Anos,Yoyo Studios,,"€7,19/un","€7,19/un"
Os Reis do Mar,David Machado,,"€12,96/un","€12,96/un"
Pense Como Um Filósofo,John Marshall,,"€13,46/un","€13,46/un"
A Magia da Digestão,Dra. Kahina Oussedik e Dr. Karim Fehri,,"€12,51/un","€12,51/un"
Constança - Traída por Pedro e Inês,Isabel Machado,,"€17,01/un","€17,01/un"
O Lobo que Queria Ir à Escola,Orianne Lallemand,,"€7,19/un","€7,19/un"
Para Comer À Colher,Rosa Cardoso,,"€16,61/un","€16,61/un"
Guerra e Terebintina,Stefan Hertmans,,"€15,93/un","€15,93/un"
O Ladrão de Tatuagens,Alison Belsham,,"€15,93/un","€15,93/un"
O Rouxinol,Kristin Hannah,,"€16,92/un","€16,92/un"
Plim! Férias de A a Z - 2º e 3º Ano,Texto,,"€6,21/un","€6,21/un"
Novas Férias Divertidas - 1º e 2º Ano,Texto,,"€6,21/un","€6,21/un"
Diversão à Beira-mar,Rosie Banks,,"€8,91/un","€8,91/un"
O Engenheiro da Morte,Marcio Pitliuk,,"€13,50/un","€13,50/un"
O Grande Bazar Ferroviário,Paul Theroux,,"€13,95/un","€13,95/un"
A Raridade das Coisas Banais,Pedro Chagas Freitas,,"€16,65/un","€16,65/un"
Segredos ao Entardecer,Elizabeth Edmondson,,"€17,91/un","€17,91/un"
Olívia Nº 3 - A Grande Bola de Lã,Thom Pico,,"€11,66/un","€11,66/un"
Oliver em Férias com os Amigos - Do 4º ao 5º Ano,Raiz Editora,,"€6,93/un","€6,93/un"
Psicologia - Tudo o Que Precisa de Saber,Paul Kleinman,,"€15,21/un","€15,21/un"
O Livro da Comunicação,Mikael Krogerus e Roman Tschäppeler,,"€13,41/un","€13,41/un"
Trauma - A Epidemia Invisível,Dr. Paul Conti,,"€15,71/un","€15,71/un"
Bora Experimentar Nº 3 - A Química das Coisas Nojentas,Fosforo,,"€12,56/un","€12,56/un"
Bora Experimentar Nº 4 - Luz e Sombras,Fosforo,,"€12,56/un","€12,56/un"
"Avó, Onde É Que Estavas no 25 de Abril?",Ana Markl,,"€13,46/un","€13,46/un"
Tudo o que Não Dissemos,Nick Alexander,,"€15,75/un","€15,75/un"
ESTOJO SPORTY GRADIENT PINK&BLACK MISS L,MISS LEMONADE,1 un,"€4,99/un","€4,99/un"
O Homem que Salvava Mulheres,Dunya Mikhail,,"€13,95/un","€13,95/un"
A Rapariga de Auschwitz,Eva Schloss e Karen Bartlett,,"€16,11/un","€16,11/un"
A Sereia de Brighton,Dorothy Koomson,,"€15,93/un","€15,93/un"
O Caçador,Lars Kepler,,"€17,99/un","€17,99/un"
Romance ao Anoitecer,Tessa Dare,,"€16,61/un","€16,61/un"
Deus Amigo,Papa Francisco,,"€13,41/un","€13,41/un"
Manual de Instruções para a Vida,Joe Vitale,,"€13,95/un","€13,95/un"
"Dinossauros, Dragões, Monstros e Muito Mais!",Vários Autores,,"€11,61/un","€11,61/un"
O Monge e o Executivo,James C. Hunter,,"€15,21/un","€15,21/un"
Uma Beleza que nos Pertence,José Tolentino Mendonça,,"€14,94/un","€14,94/un"
A Minha Gravidez - Diário,Alison Mackonochie,,"€17,91/un","€17,91/un"
Endometriose,Francisco Carmona,,"€13,95/un","€13,95/un"
Senas Saudáveis,Mafalda Sena,,"€16,11/un","€16,11/un"
Os 5 Homens que Mudaram Portugal para Sempre,Isabel Nery,,"€19,71/un","€19,71/un"
Com Pensos Tudo Passa,Maria Inês Almeida e Flávia Lins e Silva,,"€11,61/un","€11,61/un"
Resumos - Filosofia - 11º Ano,Elementos,,"€8,96/un","€8,96/un"
Preparar os Testes - Geografia 8 - 8º Ano,Areal Editores,,"€13,41/un","€13,41/un"
Estudo e Aprendo - 2º Ano,Fábula Educação,,"€10,31/un","€10,31/un"
Preparar os Testes - Biologia - 12º Ano,Areal Editores,,"€19,80/un","€19,80/un"
O Clube dos Cientistas Nº 3 - Mistério no Hospital,Maria Francisca Macedo,,"€9,86/un","€9,86/un"
Em Parte Incerta,Gillian Flynn,,"€15,93/un","€15,93/un"
Hotel Vendôme,Danielle Steel,,"€14,94/un","€14,94/un"
O Apartamento de Paris,Kelly Bowen,,"€15,93/un","€15,93/un"
Estocolmo,Sérgio Godinho,,"€13,95/un","€13,95/un"
Em Casa - Breve História da Vida Privada,Bill Bryson,,"€17,91/un","€17,91/un"
Agenda Diária A5 Metalizada (várias cores),Note!,1 un,"€8,99/un","€8,99/un"
Agenda Diária A5 Basic (várias cores),Note!,1 un,"€8,99/un","€8,99/un"
Agenda Semanal A6 Groovy,Note!,1 un,"€6,99/un","€6,99/un"
Agenda Diária A5 com Elástico,Make Notes,1 un,"€15,99/un","€15,99/un"
A Força do Amor,Angela Hart,,"€15,21/un","€15,21/un"
O Clube dos Cientistas Nº 8 - De Cabelos em Pé,Maria Francisca Macedo,,"€9,86/un","€9,86/un"
Amor e Enganos,Julia Quinn,,"€15,21/un","€15,21/un"
Aos Ombros dos Gigantes,Stephen Hawking,,"€31,41/un","€31,41/un"
Annette - Epopeia de uma Heroína,Anne Weber,,"€13,41/un","€13,41/un"
Aprende o 123 - Urso,Yoyo Studios,,"€6,29/un","€6,29/un"
Lucky Luke - Um Cowboy no Negócio do Algodão,Achdé e Jul,,"€10,71/un","€10,71/un"
Desejo-te,J. Kenner,,"€16,91/un","€16,91/un"
Lucky Luke - O Imperador Smith,René Goscinny,,"€9,81/un","€9,81/un"
Lucky Luke - O Cavaleiro Branco,René Goscinny e Morris,,"€9,89/un","€9,89/un"
À Procura de Anne Frank,Ari Folman e Lena Guberman,,"€16,92/un","€16,92/un"
Mochila Melancholy Tijolo,Note!,1 un,"€29,99/un","€29,99/un"
Lucky Luke - Todos Por Conta Própria,"onino Benacquista, Pennac e Achdé",,"€10,71/un","€10,71/un"
Super-Homem - Pelo Amanhã 1,Brian Azzarello e Jim Lee,,"€12,51/un","€12,51/un"
"A Verdade Nua e Crua sobre Homens, Mulheres e Dinheiro",Kevin O’Leary,,"€9,89/un","€9,89/un"
Atlas da Europa,Tomáš Tuma e Zdenek Miler,,"€12,15/un","€12,15/un"
Apontar é Feio,Joana Marques,,"€14,94/un","€14,94/un"
O Convite,Vi Keeland,,"€15,71/un","€15,71/un"
O Segredo da Livraria de Paris,Lily Graham,,"€13,91/un","€13,91/un"
Crescer Saudável - O Miguel Conhece os Laticínios,Vários Autores,,"€3,99/un","€3,99/un"
Genialmente Educação Pré-escolar - Caligrafia,Booksmile,,"€7,97/un","€7,97/un"
Sabedoria Zen para Mentes Ansiosas,Shinsuke Hosokawa,,"€13,95/un","€13,95/un"
Lição de Tango,Sveva Casati Modignani,,"€16,92/un","€16,92/un"
Engano,Philip Roth,,"€15,21/un","€15,21/un"
Uma Luz Inesperada,José Saramago,,"€12,96/un","€12,96/un"
Aprendo com Cartas - Números,Vários Autores,,"€7,18/un","€7,18/un"
Minecraft - Com Wither ou Sem Wither? (Volume 3),Kristen Gudsnuk,,"€12,56/un","€12,56/un"
Enquanto a Justiça Dorme,Stacey Abrams,,"€17,55/un","€17,55/un"
Aprende a Contar de 1 a 10,Yoyo Studios,,"€7,19/un","€7,19/un"
O Cuquedo - Guia Prático do Susto,Clara Cunha,,"€11,34/un","€11,34/un"
Os Sete Nº 3 - Os Sete e a Marca Vermelha,Enid Blyton,,"€7,97/un","€7,97/un"
Senhor Feroz,Ondjaki e Gozblau,,"€11,61/un","€11,61/un"
Octocuecas e as Cuecas Pirata Perdidas,Suzy Senior,,"€11,25/un","€11,25/un"
Verão Quente,Domingos Amaral,,"€14,31/un","€14,31/un"
A Intriga e a Herança,Elizabeth Edmondson,,"€15,21/un","€15,21/un"
O Poder do Agora,Eckhart Tolle,,"€7,20/un","€7,20/un"
Consciência,Osho,,"€6,30/un","€6,30/un"
"253 Piadas Secas para Tentares Fazer Rir o Teu Patrão, Professor e Animal","Pedro Pinto, João Ramalhinho e Gonçalo Castro",,"€11,61/un","€11,61/un"
Panda - A Tua Estrela Brilha,Panda,,"€14,39/un","€14,39/un"
A Cor da Paixão,Sveva Casati Modignani,,"€16,92/un","€16,92/un"
O Guia Fácil de Feitiçaria,Tonya A. Brown,,"€14,81/un","€14,81/un"
Imuno Power,Dra. África González Fernández,,"€17,91/un","€17,91/un"
O Que é Amar Um País,José Tolentino Mendonça,,"€12,96/un","€12,96/un"
Vem Aí o Camião do Lixo!,Giovanna Mantegazza e Stefano Tognetti,,"€8,91/un","€8,91/un"
Again 3 - Sentir,Mona Kasten,,"€16,11/un","€16,11/un"
Desejo Irresistível,Nicole Jordan,,"€14,31/un","€14,31/un"
Lightyear - O Livro Do Filme,Disney Pixar Lightyear,,"€8,91/un","€8,91/un"
O Que Se Faz No Museu?,Mariana Ramos,,"€14,36/un","€14,36/un"
As Últimas Horas 1 - Corrente de Ouro,Cassandra Clare,,"€18,81/un","€18,81/un"
Teorias em 30 Segundos,Paul Parsons,,"€12,51/un","€12,51/un"
O Coração do Negócio,Hubert Joly e Caroline Lambert,,"€17,91/un","€17,91/un"
Rafa - Kit de Avaliação - 1º Ano,Areal Editores,,"€10,35/un","€10,35/un"
A Amante do Governador,José Rodrigues dos Santos,,"€20,52/un","€20,52/un"
O Jogo do Leopardo,Nelson DeMille,,"€21,51/un","€21,51/un"
Praça do Rossio Nº 59,Jeannine Maia,,"€17,91/un","€17,91/un"
Nómada,Stephenie Meyer,,"€17,01/un","€17,01/un"
Stranger Things Nº 3 - Em Chamas,"Jody Houser, Stefano Martino e Ryan Kelly",,"€13,41/un","€13,41/un"
Deixe-se de M**das e Comece a Viver,Fabrice Midal,,"€13,05/un","€13,05/un"
A Voz na Sua Cabeça,Ethan Kross,,"€14,85/un","€14,85/un"
Nietzsche para Empreendedores,Dave Jilk e Brad Feld,,"€16,98/un","€16,98/un"
A Carta de Amor Acidental,Olivia Beirne,,"€14,94/un","€14,94/un"
A Minha Pista de Corridas,Vários Autores,,"€16,91/un","€16,91/un"
Crianças Perdidas,Catherine Bailey,,"€19,71/un","€19,71/un"
Conjunto de 6 Laços Prateados e Dourados 10mm,Note!,1 un,"€2,50/un","€0,42/un"
Preparar Exame - Física e Química A - 11º Ano,Raiz Editora,,"€25,92/un","€25,92/un"
A Arte de Saber Escrever,William Strunk Jr.,,"€11,25/un","€11,25/un"
Preparação para o Exame Final Nacional - História da Cultura e das Artes - 11º Ano,Porto Editora,,"€26,91/un","€26,91/un"
Estudo e Aprendo - 3º Ano,Fábula Educação,,"€10,31/un","€10,31/un"
Revisões para Todo o Ano - 7º Ano - Volume 1,Texto,,"€11,61/un","€11,61/un"
O Código Katharina,Jørn Lier Horst,,"€16,92/un","€16,92/un"
O Duque Mais Perigoso de Londres,Madeline Hunter,,"€14,94/un","€14,94/un"
Coma,Robin Cook,,"€15,93/un","€15,93/un"
De Lado Nenhum,Julia Navarro,,"€16,92/un","€16,92/un"
Agenda Semanal A7 Sweet Flowers,Note!,1 un,"€4,99/un","€4,99/un"
Agenda Semanal A6 com Elástico Terrazo,Make Notes,1 un,"€8,99/un","€8,99/un"
Preposições em Ação - Mais de 200 Exercícios,Lidel,,"€15,98/un","€15,98/un"
CoComelon - Os Números,Cocomelon,,"€7,11/un","€7,11/un"
As Armas da Rainha,Anne Bishop,,"€18,99/un","€18,99/un"
Stranger Things - O Outro Lado,Stefano Martino e Jody Houser,,"€13,41/un","€13,41/un"
Trabalhar com Inteligência Emocional,Daniel Goleman,,"€17,91/un","€17,91/un"
A Irmandade do Santo Sudário,Julia Navarro,,"€16,92/un","€16,92/un"
A Cidade,Luis Zueco,,"€19,80/un","€19,80/un"
Como Poeira ao Vento,Leonardo Padura,,"€19,80/un","€19,80/un"
O Segredo de Dior,Natasha Lester,,"€17,91/un","€17,91/un"
A Minha Coleção de Clássicos,Yoyo Studios,,"€14,99/un","€14,99/un"
Lucky Luke - O Artista Plástico,De Groot e Morris,,"€10,71/un","€10,71/un"
Lucky Luke - Os Rivais de Painful Gulch,René Goscinny e Morris,,"€9,81/un","€9,81/un"
Lucky Luke - O Nó ou a Forca,Morris,,"€10,71/un","€10,71/un"
Spirou Nº 5 - O Gorila e Outras Aventuras,André Franquin,,"€10,71/un","€10,71/un"
Tintin - Rumo à Lua,Hergé,,"€8,91/un","€8,91/un"
Na Cabeça de Putin,Michel Eltchaninoff,,"€15,21/un","€15,21/un"
Estojo Retangular Box Vintage,Note!,1 un,"€7,99/un","€7,99/un"
Bolsa de Tiracolo Bella Azul,Note!,1 un,"€24,99/un","€24,99/un"
Astérix e Obélix ao Serviço de Sua Majestade,René Goscinny,,"€11,61/un","€11,61/un"
Mochila Embroidery Skate Unkeeper,Unkeeper,,"€29,99/un","€29,99/un"
O Homem que Perseguia a Sua Sombra,David Lagercrantz,,"€18,81/un","€18,81/un"
Luccas e Gi em Irmãos para Sempre,Luccas Neto,,"€11,61/un","€11,61/un"
Lições de Química,Bonnie Garmus,,"€17,55/un","€17,55/un"
Como Plantar um Unicórnio,Rachel Morrisroe,,"€12,92/un","€12,92/un"
A Filosofia Resolve,Margot Cardoso,,"€16,11/un","€16,11/un"
Panda - No Camião dos Bombeiros,Vários Autores,,"€10,79/un","€10,79/un"
Stranger Things - Os Rapazes Zombies,Greg Pak,,"€11,61/un","€11,61/un"
A Teia do Kaiser,Steve Berry,,"€17,91/un","€17,91/un"
Marcadores de Colorir,Note!,36 un,"€19,99/un","€19,99/un"
Mindfulness - A Vida Como Ela É,Jon Kabat-Zinn,,"€26,96/un","€26,96/un"
Guia do Amor,Paulo Cardoso,,"€12,51/un","€12,51/un"
Os Pioneiros Portugueses,Edgar Prestage,,"€17,51/un","€17,51/un"
Pense Como Um Empreendedor,Daniel Smith,,"€14,99/un","€14,99/un"
O Livro do Peixe,Teresa Cameira,,"€15,71/un","€15,71/un"
The Shining,Stephen King,,"€9,90/un","€9,90/un"
O Lugar das Coisas Perdidas,Susana Piedade,,"€14,31/un","€14,31/un"
Com Amizade,A. J. Pearce,,"€16,97/un","€16,97/un"
O Sétimo Mandamento,Tom Fox,,"€18,89/un","€18,89/un"
Tarot Zen,Osho,,"€19,98/un","€19,98/un"
O Grande Livro dos Puns,M. D. Whalen,,"€11,70/un","€11,70/un"
Cuidado com o Cão,Rodrigo Guedes de Carvalho,,"€16,11/un","€16,11/un"
#Sucesso - Português - 5º Ano,Porto Editora,,"€10,71/un","€10,71/un"
Destrava-Lengas - Trava-Línguas e Lengalengas,Luísa Ducla Soares,,"€11,34/un","€11,34/un"
Malibu Renasce,Taylor Jenkins Reid,,"€17,51/un","€17,51/un"
Little Rocky - Aprendo Inglês - 1º Ano,Porto Editora,,"€6,93/un","€6,93/un"
Aprende Yoga com os Animais Marinhos,Christiane Kerr e Jason Hook,,"€11,66/un","€11,66/un"
Selva,Yoyo Studios,,"€9,99/un","€9,99/un"
#Sucesso - Inglês - 8º Ano,Porto Editora,,"€11,61/un","€11,61/un"
Cartas de Leitura Divinatória,Debbie Malone,,"€17,91/un","€17,91/un"
Código do Trabalho - 19ª Edição,Isabel Rocha,,"€15,21/un","€15,21/un"
China Versus América - Um Alerta,Oliver Letwin,,"€17,10/un","€17,10/un"
Maomé - O Profeta que Transformou o Mundo,Mohamad Jebara,,"€17,91/un","€17,91/un"
O Pintainho Procura a Mamã,Vários Autores,,"€4,95/un","€4,95/un"
Lancheiras Flowers & Butterflies,Note!,1 un,"€12,99/un","€12,99/un"
Atlas da Antiga Grécia,Tomáš Tuma e Oldrich Ruzicka,,"€12,15/un","€12,15/un"
O Velho Pirata,Ingrid e Dieter Schubert,,"€10,98/un","€10,98/un"
Escreve e Apaga - Aprende com os Unicórnios,Vários Autores,,"€7,65/un","€7,65/un"
A Galinha Ruiva,António Torrado,,"€10,71/un","€10,71/un"
Biblioteca de Emoções,Elizabete Neves,,"€15,21/un","€15,21/un"
Não é Justo!,Pippa Goodhart,,"€11,93/un","€11,93/un"
Saqueta de Cromos Mundial Qatar 2022,Panini,1 un,"€1,00/un","€1,00/un"
Raposa e Coelho Nº 2 - Faz de Conta,Beth Ferry,,"€10,76/un","€10,76/un"
Como Não Ser Devorado,Josette Reeves,,"€15,21/un","€15,21/un"
O Esplendor e a Infâmia,Erik Larson,,"€26,91/un","€26,91/un"
Invista em Si,Natalia de Santiago,,"€14,31/un","€14,31/un"
Heartstopper - Livro de Colorir,Alice Oseman,,"€12,55/un","€12,55/un"
Minnie - Vamos Fazer Uma Festa do Chá!,Disney,,"€9,86/un","€9,86/un"
O Diário de um Banana 17 - Frauda Xeia,Jeff Kinney,,"€15,29/un","€15,29/un"
Pedra Branca,Ethel Feldman e Miguel Vale de Almeida,,"€16,11/un","€16,11/un"
Poderes e Tronos,Dan Jones,,"€21,51/un","€21,51/un"
Uma História Branca?,Manuela Castro Neves,,"€9,81/un","€9,81/un"
Eureka! Férias - Inglês - 4º Ano,Areal Editores,,"€5,94/un","€5,94/un"
Eureka! Férias - Português - 5º Ano,Areal Editores,,"€5,94/un","€5,94/un"
Eureka! Férias - Português - 3º Ano,Areal Editores,,"€5,94/un","€5,94/un"
Agenda Semanal A5 com Elástico Wild,Note!,1 un,"€9,49/un","€9,49/un"
Em Férias com a Menina dos Fósforos,Gailivro,,"€6,93/un","€6,93/un"
O Novo Território Selvagem,Diane Cook,,"€17,91/un","€17,91/un"
O Fator Empatia,Marie R. Miyashiro,,"€17,06/un","€17,06/un"
"Adeus, Casablanca",João Céu e Silva,,"€16,20/un","€16,20/un"
O Apelo,Janice Hallett,,"€18,86/un","€18,86/un"
A Hora da Morte,S. K. Tremayne,,"€16,97/un","€16,97/un"
Monstros Fantásticos - Os Segredos de Dumbledore,J. K. Rowling e Steve Kloves,,"€17,91/un","€17,91/un"
O Que Fazer Com um Problema?,Kobi Yamada,,"€13,49/un","€13,49/un"
Contos Solidários 36 - Soul,Disney,,"€3,49/un","€3,49/un"
As Minhas Histórias do Lobo 1 - Coletâneas,Orianne Lallemand,,"€17,99/un","€17,99/un"
A Caixa,Camilla Läckberg e Henrik Fexeus,,"€21,56/un","€21,56/un"
Leio e Brinco com os Meus Animais Amigos,Vários Autores,,"€19,98/un","€19,98/un"
Gato das Botas,Yoyo Studios,,"€14,99/un","€14,99/un"
#Sucesso - Matemática - 5º ano,Porto Editora,,"€10,71/un","€10,71/un"
Conversas Entre Amigos,Sally Rooney,,"€15,21/un","€15,21/un"
Blackout,"Dhonielle Clayton, Ashley Woodfolk, Angie Thomas, Nic Stone, Nicola Yoon e Tiffany D. Jackson",,"€13,41/un","€13,41/un"
Os Juniores do Jurássico,Vários Autores,,"€9,81/un","€9,81/un"
Os Números Nojentos,David Machado,,"€13,95/un","€13,95/un"
Positividade Tóxica,Whitney Goodman,,"€16,61/un","€16,61/un"
O Vale dos Imortais - Tomo 2,Yves Sente,,"€14,31/un","€14,31/un"
Genialmente Educação Pré-escolar - Lógica e Cálculo,Booksmile,,"€7,97/un","€7,97/un"
Genialmente Educação Pré-escolar - Ortografia,Booksmile,,"€7,97/un","€7,97/un"
Vais Ser a Minha Morte,Karen M. McManus,,"€17,01/un","€17,01/un"
Nadar no Escuro,Tomasz Jedrowski,,"€14,85/un","€14,85/un"
"Aprendo a Falar... Espanhol - 7º, 8º e 9º Ano",Porto Editora,,"€11,00/un","€11,00/un"
Posso Espreitar o Teu Bacio?,Guido Van Genechten,,"€12,24/un","€12,24/un"
"Pig, o Pug",Aaron Blabey,,"€9,81/un","€9,81/un"
"Como Te Sentes, Pequeno Tigre?",Vários Autores,,"€10,71/un","€10,71/un"
Informadores da PIDE,Irene Flunser Pimentel,,"€18,81/un","€18,81/un"
Pela Graça de Deus,Luísa Beltrão,,"€15,21/un","€15,21/un"
A Incrível Adele - Vai Ser de Perder a Cabeça!,Mr. Tan e Miss Prickly,,"€9,81/un","€9,81/un"
"Enigmas, Charadas e Adivinhas",Amanda Learmonth,,"€8,91/un","€8,91/un"
As Minhas Aventuras no País dos Sovietes,José Milhazes,,"€14,94/un","€14,94/un"
Toca e Sente - Puzzles do Mar,Vários Autores,,"€14,31/un","€14,31/un"
Fofos Brilhantes,Vários Autores,,"€8,99/un","€8,99/un"
O Grande Livro do Bebé,Mário Cordeiro,,"€17,91/un","€17,91/un"
Limpeza Natural,Cátia Curica,,"€13,95/un","€13,95/un"
Girls Fashion Sketch Book,Vários Autores,,"€3,99/un","€3,99/un"
Matilde: Vamos Decidir Juntos!,Mary Katherine Martins e Silva,,"€11,42/un","€11,42/un"
50 Ideias Para te Divertires nas Férias,Kim Hankinson,,"€11,93/un","€11,93/un"
Ama-te Como se a Tua Vida Dependesse Disso,Kamal Ravikant,,"€13,41/un","€13,41/un"
A Equação da Felicidade - Resolva ser Feliz,Mo Gawdat,,"€15,21/un","€15,21/un"
Olívia Nº 4 - O Fim de Tudo (e o Resto),Thom Pico,,"€11,66/un","€11,66/un"
Atlas do Antigo Egito,Tomáš Tuma e Oldrich Ruzicka,,"€12,15/un","€12,15/un"
O Comboio de Bicicletas,Lara Xavier,,"€14,36/un","€14,36/un"
Senhor Mar,André Carrilho,,"€10,98/un","€10,98/un"
O Meu Livro de Autocolantes - Magia,Vários Autores,,"€3,49/un","€3,49/un"
Mochila Croc Boo,Boo,1 un,"€24,99/un","€24,99/un"
Solo Leveling Nº 1,Chugong,,"€15,21/un","€15,21/un"
Raposa e Coelho Nº 1 - Amizade ao Quadrado,Beth Ferry,,"€10,76/un","€10,76/un"
A Aventura do Cão Duende,Enid Blyton,,"€8,91/un","€8,91/un"
Mochila Fluor Verde Unkeeper,Unkeeper,1 un,"€49,99/un","€49,99/un"
Mochila 3D Winnie The Pooh,3D Winnie,1 un,"€19,99/un","€19,99/un"
Guinness World Records 2023,Guinness World Records,,"€25,65/un","€25,65/un"
Preparação para o Exame Final Nacional 2023 - Português - 12º Ano,Porto Editora,,"€26,91/un","€26,91/un"
Senhor da Guerra,Bernard Cornwell,,"€16,92/un","€16,92/un"
O Teu Livro de Superpiadas,Vários Autores,,"€11,70/un","€11,70/un"
Estojo Retangular Tie Dye,Oxford,1 un,"€10,79/un","€10,79/un"
Sem Amor,Alice Oseman,,"€18,45/un","€18,45/un"
Sangue e Cinzas (Livro 1),Jennifer L. Armentrout,,"€19,71/un","€19,71/un"
Mochila Gamer Made to Last,Made to Last,1 un,"€49,99/un","€49,99/un"
O Caçador de Sonhos,Tarantini,,"€12,15/un","€12,15/un"
O Meu Fofo Cão,Vários Autores,,"€17,99/un","€17,99/un"
"Ideiafix e os Irredutíveis Nº 1 - Neste Bairro, Latino Não Entra!","Jerome Erbin, Yves Coulon e Matthieu Choquet",,"€8,91/un","€8,91/un"
"Vou Gostar de Ti, Aconteça o que Acontecer",Debi Gliori,,"€11,61/un","€11,61/un"
Reintegração,Teal Swan,,"€13,41/un","€13,41/un"
Até os Monstros Lavam os Dentes!,Jessica Martinello,,"€11,34/un","€11,34/un"
O Que Fazer Com uma Ideia?,Kobi Yamada,,"€13,49/un","€13,49/un"
The Gray Man - Agente Oculto,Mark Greaney,,"€17,01/un","€17,01/un"
O Cérebro a 100%,Jill Bolte Taylor,,"€15,93/un","€15,93/un"
Economia - Guia do Utilizador,Ha-Joon Chang,,"€16,65/un","€16,65/un"
O Superpoder da Influência,Zoe Chance,,"€15,21/un","€15,21/un"
Milagres da Cura Pránica,Master Choa Kok Sui,,"€16,92/un","€16,92/un"
Quo Vadis?,Henryk Sienkiewicz,,"€12,51/un","€12,51/un"
Quem Tem Medo de Fantasmas?,Geronimo Stilton,,"€4,98/un","€4,98/un"
A Verdade sobre Ela,Jacqueline Maley,,"€17,74/un","€17,74/un"
Revista Ribatejo,Teleculinária,1 un,"€2,75/un","€2,75/un"
"Bartleby, O Escrivão",Herman Melville,,"€8,96/un","€8,96/un"
Rapariga em Pedaços,Kathleen Glasgow,,"€16,11/un","€16,11/un"
O Gémeo de Ompanda,Carlos Vale Ferraz,,"€14,94/un","€14,94/un"
Raimundo e o Rei Na Barriga,Sofia Fraga,,"€11,61/un","€11,61/un"
O Dinheiro Não Cresce nas Árvores,Heath McKenzie,,"€9,81/un","€9,81/un"
O Colecionador de Pecados,Daria Desombre,,"€16,11/un","€16,11/un"
Maria Lua Nº 3 - É tão Bom Acampar!,Harriet Muncaster,,"€9,41/un","€9,41/un"
Astérix - O Combate dos Chefes,René Goscinny e Albert Uderzo,,"€9,81/un","€9,81/un"
Criada,Stephanie Land,,"€15,75/un","€15,75/un"
A Casa Grande de Romarigães,Aquilino Ribeiro,,"€15,93/un","€15,93/un"
Os Cavalos de Hitler,Arthur Brand,,"€15,93/un","€15,93/un"
A Mais Breve História da China,Linda Jaivin,,"€16,92/un","€16,92/un"
Os Sarcófagos do 6º Continente - Tomo 2,Yves Sente,,"€14,31/un","€14,31/un"
Uma Aventura nas Arábias,Ana Maria Magalhães e Isabel Alçada,,"€7,38/un","€7,38/un"
Aprendo com Cartas - Ortografia,Vários Autores,,"€7,18/un","€7,18/un"
Caderno de Experiências - Pré-Escolar e 1º Ciclo,Fábula Educação,,"€10,31/un","€10,31/un"
Querido Monstro,Dita Zipfel,,"€13,46/un","€13,46/un"
Ursito Tito - Ao Volante de uma Ambulância,Benji Davies,,"€8,01/un","€8,01/un"
Vamos Descobrir As Cores? - Selva,Alex Howe e Emma Munro Smith,,"€9,41/un","€9,41/un"
Todos Nós Somos Sendo,Frei Fernando Ventura e Joaquim Franco,,"€13,95/un","€13,95/un"
O Bebé de Auschwitz,Lily Graham,,"€14,93/un","€14,93/un"
O Espião Israelita,Dov Alfon,,"€15,75/un","€15,75/un"
Fashion Forever - Livro 2,Vários Autores,,"€5,00/un","€5,00/un"
A Corrente,Adrian McKinty,,"€17,01/un","€17,01/un"
Entre Nós…,Elizabeth Adler,,"€19,71/un","€19,71/un"
Frozen 1 - Anna e Elsa e o Seu Novo Amigo,Disney,,"€3,15/un","€3,15/un"
Portugal - A História de uma Nação,Henry Morse Stephens,,"€17,51/un","€17,51/un"
Novas Férias Divertidas - 4º Ano,Texto,,"€6,21/un","€6,21/un"
"Majestade, Meu Amor",Maya Banks,,"€15,71/un","€15,71/un"
O Estranhão Nº 15 - A Máquina de Fazer Estúpidos,Álvaro Magalhães,,"€12,96/un","€12,96/un"
Cozinhas do Mundo,Miguel Mesquita,,"€17,09/un","€17,09/un"
Exercícios de Biologia e Geologia - 10º e 11º Ano,Editorial Presença,,"€13,41/un","€13,41/un"
Aquorea - Inspira,M. G. Ferrey,,"€17,51/un","€17,51/un"
"Num Instante, Tudo Muda",Suzanne Redfearn,,"€15,21/un","€15,21/un"
A Seca,Jane Harper,,"€15,21/un","€15,21/un"
Como Ler as Mãos,Anna Comerford,,"€16,19/un","€16,19/un"
Aprenda a Influenciar Pessoas,João Fernando Martins,,"€12,51/un","€12,51/un"
O Clube de Xadrez de Auschwitz,John Donoghue,,"€17,91/un","€17,91/un"
O Café no Fim do Mundo,John Strelecky,,"€11,61/un","€11,61/un"
Uma Breve História da Igualdade,Thomas Piketty,,"€16,92/un","€16,92/un"
Caderno Espiral Oxford&Me A4 Pautado (várias cores),Oxford,1 un,"€4,59/un","€4,59/un"
Um Crime Esquecido,Jude Deveraux,,"€14,85/un","€14,85/un"
As Gémeas Nº 4 - O Segundo Ano em Santa Clara,Enid Blyton,,"€8,91/un","€8,91/un"
Dieta Low Carb,Ana S. Guerreiro,,"€16,19/un","€16,19/un"
Princesas Secretas - Aventura com Golfinhos,Rosie Banks,,"€8,91/un","€8,91/un"
Heartstopper Nº 3 - Uma Viagem a Paris,Alice Oseman,,"€15,75/un","€15,75/un"
Um Presente das Estrelas,Glendy Vanderah,,"€15,48/un","€15,48/un"
Ao Encontro de Espinosa,António Damásio,,"€17,91/un","€17,91/un"
Brincando com Luccas Neto,Luccas Neto,,"€11,61/un","€11,61/un"
Diário de um Sem-Abrigo,Jorge Costa,,"€9,81/un","€9,81/un"
Não Te Esqueças de Mim,Mhairi McFarlane,,"€16,91/un","€16,91/un"
Preparação para o Exame Final Nacional - Inglês - 11º Ano,Porto Editora,,"€26,91/un","€26,91/un"
Preparação para o Exame Final Nacional - Filosofia - 11º Ano,Porto Editora,,"€26,91/un","€26,91/un"
Preparação para o Exame Final Nacional 2023 - Física e Química A - 11º Ano,Porto Editora,,"€26,91/un","€26,91/un"
O Meu Bloco de Atividades - Português Língua Não Materna - 1º Ciclo,Gailivro,,"€7,11/un","€7,11/un"
Fichas de Matemática 1 - 1º Ano,Areal Editores,,"€7,92/un","€7,92/un"
Lucky Luke no Quebeque,Morris,,"€9,81/un","€9,81/un"
Aprende Com Pop-Up - Cores,Yoyo Studios,,"€8,99/un","€8,99/un"
Uma História Concisa de Portugal,Maria Cândida Proença,,"€21,96/un","€21,96/un"
E a Música Continua,Mary Higgins Clark,,"€14,94/un","€14,94/un"
Um Pedaço do Meu Coração,Mary Higgins Clark e Alafair Burke,,"€15,93/un","€15,93/un"
Agenda Diária A5 com Elástico Basic (várias cores),Note!,1 un,"€8,99/un","€8,99/un"
Maria Montessori e a Escola da Vida,Laura Baldini,,"€17,51/un","€17,51/un"
Agenda Semanal A5 com Elástico Ditsy,Make Notes,1 un,"€10,99/un","€10,99/un"
Agenda Semanal A5 com Elástico Artful,Make Notes,1 un,"€10,99/un","€10,99/un"
O Mistério da Casa Queimada,Enid Blyton,,"€8,91/un","€8,91/un"
Por Dentro dos Oceanos,Vários Autores,,"€6,99/un","€6,99/un"
Lisboa em 10 Histórias,Joke Langens e Dirk Timmerman,,"€14,31/un","€14,31/un"
Hooked,Nir Eyal e Ryan Hoover,,"€16,61/un","€16,61/un"
O Clube dos Cientistas Nº 9 - Alerta no Mar,Maria Francisca Macedo,,"€9,86/un","€9,86/un"
O Clube dos Cientistas Nº 4 - Um Rapto Inesperado,Maria Francisca Macedo,,"€9,86/un","€9,86/un"
O Poder dos Alimentos,João Rodrigues,,"€17,01/un","€17,01/un"
Conversando com o Inimigo,Henrique Cymerman,,"€15,30/un","€15,30/un"
Até ao Fim dos Tempos,Danielle Steel,,"€14,94/un","€14,94/un"
Intimidades,Katie Kitamura,,"€14,94/un","€14,94/un"
Algo Maravilhoso,Judith McNaught,,"€15,93/un","€15,93/un"
Viver a Vida a Amar,Fátima Lopes,,"€14,31/un","€14,31/un"
Linhagem de Ouro,Natasha Solomons,,"€17,91/un","€17,91/un"
Tintin - O Segredo do Licorne,Hergé,,"€8,91/un","€8,91/un"
Bia e o Unicórnio Nº 13 - Fama de Unicórnio,Dana Simpson,,"€12,51/un","€12,51/un"
Aprendo a Usar a Tesoura! - Animais,Vários Autores,,"€6,98/un","€6,98/un"
Spirou e Fantásio em Tóquio,Jean-David Morvan,,"€11,61/un","€11,61/un"
Arrumar Ideias - O Sentimento dum Ocidental,Areal Editores,,"€7,70/un","€7,70/un"
O Jogo do Leão,Nelson DeMille,,"€21,51/un","€21,51/un"
Tira-Dúvidas Multidisciplinar - 6º Ano,Asa,,"€8,01/un","€8,01/un"
O Grande Panda e o Pequeno Dragão,James Norbury,,"€17,51/un","€17,51/un"
"Quem Está aí, Bolinha?",Eric Hill,,"€10,71/un","€10,71/un"
O Circo das Palavras Voadoras,Álvaro Magalhães,,"€12,51/un","€12,51/un"
A Porta da Europa - Uma História da Ucrânia,Serhii Plokhy,,"€19,80/un","€19,80/un"
"Agenda do Educador de Infância 2022/2023 - Berçário, Creche e Pré-Escolar",Sandrina Esteves,,"€10,33/un","€10,33/un"
Caderno Agrafado Openflex Funny Food A4 Pautado (várias cores),Oxford,1 un,"€4,79/un","€4,79/un"
Agora é o Momento de Seres Feliz,Curro Cañete,,"€14,85/un","€14,85/un"
O Segredo do Vaticano,David Leadbeater,,"€17,10/un","€17,10/un"
Tudo o que Restou de Nós,Adam Silvera,,"€16,97/un","€16,97/un"
Verão em Edenbrooke,Julianne Donaldson,,"€16,91/un","€16,91/un"
Seja Um Super-Humano!,Manuel Pinto Coelho,,"€14,85/un","€14,85/un"
Isto Pode Doer,Stephanie Wrobel,,"€17,55/un","€17,55/un"
Michel Vaillant Nº 11 - Cannonball,"Denis Lapière, Marc Bourgne e Olivier Marin",,"€13,46/un","€13,46/un"
O Clube dos Cientistas Nº 10 - O Segredo do Mágico,Maria Francisca Macedo,,"€9,86/un","€9,86/un"
Pequenas Descobertas - Eu e os Animais,Lisa Lupano,,"€12,56/un","€12,56/un"
A Bomba Parte I - No Princípio,"Didier Alcante, LF Bollée e Rodier",,"€16,20/un","€16,20/un"
Mas o Que é Isto?,Raphaël Martin,,"€14,81/un","€14,81/un"
#Sucesso - Português - 8º Ano,Porto Editora,,"€11,61/un","€11,61/un"
A Mãe às Vezes Tem a Cabeça Cheia de Trovões,Bea Taboada,,"€13,46/un","€13,46/un"
Corpos Perfeitos,Jane Robins,,"€14,31/un","€14,31/un"
Biologia em 30 Segundos,Nick Battey e Mark Fellowes,,"€12,51/un","€12,51/un"
Estojo Retangular Blink Prateado Miss Lemonade,Marshmallow,1 un,"€9,99/un","€9,99/un"
Milagre,Deborah Smith,,"€15,93/un","€15,93/un"
Boa Noite! - Elefante,Yoyo Studios,,"€14,99/un","€14,99/un"
Morte em Buckingham,S. J. Bennett,,"€16,92/un","€16,92/un"
Raspa & Cola - Em Movimento,Yoyo Studios,,"€8,09/un","€8,09/un"
Monstros Fantásticos e Onde Encontrá-los,Newt Scamander,,"€10,71/un","€10,71/un"
Os Homens de Putin,Catherine Belton,,"€22,41/un","€22,41/un"
Baiôa sem Data Para Morrer,Rui Couceiro,,"€17,91/un","€17,91/un"
Aquele Tempo Contigo,Joana Marcús,,"€19,71/un","€19,71/un"
Ajude o Seu Bebé a Dormir,Mafalda Navarro,,"€13,41/un","€13,41/un"
Conversas com Deus - Livro 2,Neale Donald Walsch,,"€15,93/un","€15,93/un"
Como é que a Esfinge Perdeu o Nariz?,Inês Torres,,"€15,21/un","€15,21/un"
Portugal Lendário,José Viale Moutinho,,"€21,96/un","€21,96/un"
O Homem Errado,Tillie Cole,,"€15,93/un","€15,93/un"
Investigação EsPATAcular,Patrulha Pata,,"€8,06/un","€8,06/un"
Dores Menstruais Não São Normais,Catarina Maia,,"€14,31/un","€14,31/un"
Histórias Bizarras,Olga Tokarczuk,,"€14,99/un","€14,99/un"
Ao Ritmo do Harlem,Colson Whitehead,,"€18,41/un","€18,41/un"
Mochila com Auscultadores Cinza,Note!,1 un,"€44,99/un","€44,99/un"
Eureka! Férias - Inglês - 3º Ano,Areal Editores,,"€5,94/un","€5,94/un"
Agenda Semanal A5 com Elástico Flowers Mix,Note!,1 un,"€9,49/un","€9,49/un"
Agenda Semanal A5 com Elástico Verde,Note!,1 un,"€8,99/un","€8,99/un"
Agenda Diária A5 Azul,Note!,1 un,"€14,99/un","€14,99/un"
Agenda Educação de Infância 2022-2023,Porto Editora,,"€9,90/un","€9,90/un"
Steve Jobs,Maria Isabel Sánches Vegara,,"€12,56/un","€12,56/un"
Cagaster Nº 1,Kachou Hashimoto,,"€8,91/un","€8,91/un"
Como Começar,Michael Bungay Stanier,,"€14,31/un","€14,31/un"
Eureka! Férias - Matemática - 5º Ano,Areal Editores,,"€5,94/un","€5,94/un"
Quiz para Miúdos Ainda Mais Curiosos,Júlio Alves,,"€14,31/un","€14,31/un"
Escrítica Pop,Miguel Esteves Cardoso,,"€21,96/un","€21,96/un"
Primeiras 100 Palavras - Animais Selvagens,Vários Autores,,"€12,59/un","€12,59/un"
Bem-Estar Kintsugi,Candice Kumai,,"€17,01/un","€17,01/un"
Procura e Pinta Unicórnios,Vários Autores,,"€11,97/un","€11,97/un"
As Melhores Receitas do TikTok,TikTok,,"€16,97/un","€16,97/un"
Contos Solidários 39 - Brave,Disney,,"€3,49/un","€3,49/un"
O Clube do Crime de Marlow,Robert Thorogood,,"€15,98/un","€15,98/un"
O Efeito das Expectativas,David Robson,,"€16,92/un","€16,92/un"
Dopaminados,Dra. Anna Lembke,,"€17,96/un","€17,96/un"
O Fim da Ansiedade,Gio Zararri,,"€13,95/un","€13,95/un"
O Diário da Felicidade,Carole Hénaff,,"€13,41/un","€13,41/un"
Aladino,Yoyo Studios,,"€6,75/un","€6,75/un"
Astúcia,Sandra Brown,,"€15,93/un","€15,93/un"
Assim ou Assado,Sam The Kid e Marco Neves,,"€13,95/un","€13,95/un"
Trono Partido,Victoria Aveyard,,"€17,91/un","€17,91/un"
Personalidade e Poder,Ian Kershaw,,"€22,41/un","€22,41/un"
Gravidade Zero,Woody Allen,,"€15,21/un","€15,21/un"
Diplomacia em Tempo de Troika,Luís de Almeida Sampaio,,"€19,80/un","€19,80/un"
A Minha Vida na Apple,John Couch e Jason Towne,,"€15,71/un","€15,71/un"
"Bitcoin, Blockchain e Criptomoedas","Neel Mehta, Aditya Agashe e Parth Detroja",,"€15,71/un","€15,71/un"
Pretty Things - A Arte de Ser Alguém,Janelle Brown,,"€19,71/un","€19,71/un"
Noites Brancas,Fiódor Dostoiévski,,"€10,71/un","€10,71/un"
Maria Lua Nº 6 - Há Magia no Parque,Harriet Muncaster,,"€9,41/un","€9,41/un"
A Corrupção da Carne,Ambrose Parry,,"€19,71/un","€19,71/un"
Segredos dos Empreendedores Mais Bem-Sucedidos,"Reid Hoffman, Deron Triff e June Cohen",,"€17,51/un","€17,51/un"
Manteiga de Amendoim Crocante,Prozis,emb. 500 gr,"€3,59/un","€7,18/kg"
Pudim de Chocolate Rico em Proteína,Ehrmann,emb. 200 gr,"€1,79/un","€8,95/kg"
Bicicleta Desportiva Terrain 26'' 6V Azul,Berg,1 un,"€129,99/un","€129,99/un"
Iogurte Proteína Manteiga de Amendoim e Banana,Yopro,emb. 160 gr,"€1,09/un","€6,81/kg"
Bicicleta Criança Sparky Roda 12'' 3-5 Anos,Berg,1 un,"€79,99/un","€79,99/un"
Clara de Ovo 100% Líquida,Prozis,emb. 500 gr,"€2,69/un","€5,38/kg"
"Bicicleta Passeio Roda 28"" Crosstown 6V Cinza",Berg,1 un,"€199,99/un","€199,99/un"
Prancha Paddle Insuflável,Bestway,1 un,"€129,99/un","€129,99/un"
Lanterna Multifunções Potente,Egolight,emb. 1 un,"€7,99/un","€7,99/un"
Bebida Vegetal de Soja Proteína,Alpro,emb. 1 lt,"€1,89/un","€1,89/lt"
"Bicicleta Passeio Roda 28"" Crosstown 6V Laranja",Berg,1 un,"€199,99/un","€199,99/un"
Lanterna Multifunções,Egolight,emb. 1 un,"€3,99/un","€3,99/un"
Bebida Isotónica Orange Burst,Powerade,garrafa 50 cl,"€1,39/un","€2,78/lt"
Bebida Isotónica Citrus Charge,Powerade,garrafa 50 cl,"€1,39/un","€2,78/lt"
Triciclo de Criança Multifunção,Berg,,"€49,99/un","€49,99/un"
Trotinete Criança 3 Rodas Azul,Berg,1 un,"€19,99/un","€19,99/un"
Bicicleta Criança Rush Roda 16'' 5-7 Anos,Berg,1 un,"€109,99/un","€109,99/un"
Bicicleta de Criança Roda 14'' 4-5 Anos Vermelha,Disney Pixar Cars,1 un,"€179,99/un","€179,99/un"
"Bicicleta Aprendizagem Roda 12"" 3-5 Anos Madeira Clara",Berg,1 un,"€29,99/un","€29,99/un"
Trotinete Criança 3 Rodas Preta e Rosa,Berg,1 un,"€19,99/un","€19,99/un"
Leite com Proteína Chocolate,Prozis,emb. 330 ml,"€2,19/un","€6,64/lt"
Barra Proteica Morango Zero,Prozis,emb. 40 gr,"€1,69/un","€42,25/kg"
Mala de Viagem Grande 4 Rodas CinzaTravel,Berg,1 un,"€70,00/un","€70,00/un"
Mala de Viagem Média 8 Rodas Trip,Berg,1 un,"€65,00/un","€65,00/un"
Halteres 2kg Cinza,Berg,1 un,"€12,99/un","€6,50/un"
Bebida Isotónica Blood Orange,Powerade,garrafa 50 cl,"€1,39/un","€2,78/lt"
Cappuccino Proteína com Café Extra,Prozis,emb. 400 gr,"€14,99/un","€37,48/kg"
Esteira 180x50cm (várias cores),Berg,1 un,"€3,43/un","€3,43/un"
"Bicicleta Aprendizagem Roda 10"" 3-4 Anos Verde",Berg,1 un,"€29,99/un","€29,99/un"
Relógio Smart Fitness Bluetooth,Bazarão,emb. 1 un,"€14,99/un","€14,99/un"
Suplemento Vitamina D-3,Zumub,emb. 120 cápsulas,"€3,99/un","€0,03/un"
Jogo de Tabuleiro Subbuteo,Subbuteo,,"€39,99/un","€39,99/un"
V-Protein Avelã,Gold Nutrition,emb. 240 gr,"€12,99/un","€54,13/kg"
Mala de Viagem Grande 4 Rodas Cinza Trip,Berg,1 un,"€75,00/un","€75,00/un"
Trotinete Criança 2 Rodas Preta e Rosa,Berg,1 un,"€24,99/un","€24,99/un"
Aveia Ready to Go Mix Sabor Cookies,Gold Nutrition,emb. 500 gr,"€4,99/un","€9,98/kg"
Aveia Protein Nutchoc,Prozis,emb. 400 gr,"€7,99/un","€19,98/kg"
Mala de Viagem Média 4 Rodas Travel,Berg,1 un,"€60,00/un","€60,00/un"
Capacete Criança 54-58cm Preto,Berg,1 un,"€12,99/un","€12,99/un"
Trotinete Criança 2 Rodas Preta e Azul,Berg,1 un,"€24,99/un","€24,99/un"
"Skate Roda 31"" Preto",Berg,1 un,"€24,99/un","€24,99/un"
Capacete de Criança 50-52cm Azul,Berg,1 un,"€9,99/un","€9,99/un"
Projetor LED,,emb. 1 un,"€13,98/un","€13,98/un"
Manteiga de Amendoim Cremosa,Prozis,emb. 500 gr,"€3,59/un","€7,18/un"
T-shirt 100% Algodão M Branca Homem,Berg,1 un,"€4,99/un","€4,99/un"
Meias Desporto Invisíveis Adulto,Berg,2 un,"€3,99/un","€2,00/un"
Flocos Aveia Pequenos,Prozis,emb. 500 gr,"€1,49/un","€2,98/kg"
"Bicicleta Aprendizagem Roda 10"" 3-4 Anos Rosa",Berg,1 un,"€29,99/un","€29,99/un"
Toalha Microfibra,Moove,1 un,"€5,99/un","€5,99/un"
Gelatina em Pó de Frutos Vermelhos Proteína,Condi,emb. 80 gr,"€3,14/un","€3,93/kg"
Mochila Escritório Expansível Cinza,Berg,1 un,"€24,99/un","€24,99/un"
Auriculares de Desporto sem Fios Pretos,Bazarão,emb. 1 un,"€5,99/un","€5,99/un"
Saco Térmico Tiracolo Apúlia,Kasa,1 un,"€10,00/un","€10,00/un"
Capacete GLM2 Tamanho M Preto e Vermelho,Urban Glide,,"€22,90/un","€22,90/un"
Patins em Linha 3 Rodas 27-30 Rosa,Berg,1 un,"€19,99/un","€19,99/un"
"Mini Skate Roda 22"" (várias cores)",Berg,1 un,"€19,99/un","€19,99/un"
Capacete de Criança 50-52cm Rosa,Berg,1 un,"€9,99/un","€9,99/un"
Casaco Corta-vento Verde Homem,Berg,1 un,"€9,99/un","€9,99/un"
Conjunto de Fitness com 4 Acessórios,Bazarão,emb. 1 un,"€17,99/un","€17,99/un"
Meias Desporto Cano Baixo Adulto,Berg,2 un,"€3,99/un","€2,00/un"
Snack Bites Cacau,Bites Freeness,emb. 35 gr,"€1,99/un","€56,86/kg"
Garrafa Shake 600ml (várias cores),Berg,,"€4,99/un","€4,99/un"
"Conjunto Proteções Joelho, Cotovelo e Pulsos Criança Preto",Berg,1 un,"€11,99/un","€11,99/un"
Leggings Pretas Homem,Berg,1 un,"€9,99/un","€9,99/un"
Calças 100% Algodão Mulher,Berg,1 un,"€5,99/un","€5,99/un"
T-shirt 100% Algodão Mulher,Berg,1 un,"€4,99/un","€4,99/un"
Campainha Bicicleta,Berg,1 un,"€1,99/un","€1,99/un"
Touca Silicone Criança (várias cores),Moove,1 un,"€1,99/un","€1,99/un"
"Bicicleta Passeio Roda 28"" 6V Cinza",Aurelia,1 un,"€174,99/un","€174,99/un"
Sapatilhas Cinzentas Escuras Homem,,1 un,"€19,99/un","€19,99/un"
Smartwatch Preto,Berg,1 un,"€29,99/un","€29,99/un"
Relógio Smartband Preta,Berg,1 un,"€19,99/un","€19,99/un"
Suporte de Telemóvel para Bicicleta Preto,Berg,1 un,"€4,99/un","€4,99/un"
"Bicicleta Elétrica Passeio Commute Roda 28""",Berg,1 un,"€899,99/un","€899,99/un"
"Bicicleta Elétrica F2 Roda 27,5'' Preta",Urban Glide,,"€1,599,99/un","€1,599,99/un"
Mini Cesto Basquete de Parede,,1 un,"€14,99/un","€14,99/un"
Conjunto Badminton com 2 Raquetes,,1 un,"€9,99/un","€9,99/un"
Conjunto Mini Boxe,,1 un,"€19,99/un","€19,99/un"
Skate Roda 31'' Preto,Berg,1 un,"€24,99/un","€24,99/un"
Bebida Isotónica em Pó Fresh,Isostar,emb. 400 gr,"€12,05/un","€30,13/kg"
Trotinete Elétrica Ride 55 Kid Vermelha,Urban Glide,,"€104,99/un","€104,99/un"
Bicicleta de Criança Roda 14'' 4-5 Anos Rosa,Disney Princess,1 un,"€179,99/un","€179,99/un"
Bicicleta Passeio Windsor Roda 26'' 6V Verde,Coyote,1 un,"€199,99/un","€199,99/un"
"Bicicleta Desportiva Mirage Roda 27,5'' 21V Cinza",Coyote,1 un,"€299,99/un","€299,99/un"
Relógio Digital Azul,Berg,1 un,"€9,99/un","€9,99/un"
Camisola Polar Vermelha Mulher,Berg,1 un,"€8,99/un","€8,99/un"
Auriculares Sem Fio e Arm Band,Bazarão,emb. 1 un,"€12,99/un","€12,99/un"
Bicicleta de Criança Roda 16'' 4-6 Anos Vermelha,Disney Pixar Cars,1 un,"€199,99/un","€199,99/un"
Casaco Polar S Cinza Claro Homem,Berg,1 un,"€17,99/un","€17,99/un"
Bolsa para Selim de Bicicleta,Berg,1 un,"€4,99/un","€4,99/un"
Patins em Linha 3 Rodas 27-30 Azul,Berg,1 un,"€19,99/un","€19,99/un"
Bicicleta de Criança Roda 14'' 4-5 Anos Azul,Patrulha Pata,1 un,"€179,99/un","€179,99/un"
Barra Proteína Chocolate,Way Up,emb. 45 gr,"€1,09/un","€21,80/kg"
Bola de Futebol Mini,,1 un,"€2,99/un","€2,99/un"
Casaco Corta-vento Rosa Mulher,Berg,1 un,"€9,99/un","€9,99/un"
Punhos Guiador Bicicleta,Berg,1 un,"€2,99/un","€2,99/un"
Sapatilhas 38 Cinzentas Mulher,Berg,1 un,"€19,99/un","€19,99/un"
Trotinete Elétrica Ride 55 Kid Azul,Urban Glide,,"€104,99/un","€104,99/un"
"Hoverboard Roda 6,5"" Lite Multicolor",Urban Glide,,"€149,99/un","€149,99/un"
Bicicleta Júnior Chillout Roda 20'',Berg,1 un,"€149,99/un","€149,99/un"
"Relógio Fitness Preto USB 3,7V",Bazarão,emb. 1 un,"€14,99/un","€14,99/un"
Bicicleta de Criança Roda 12'' 3-4 Anos Rosa,Disney Princess,1 un,"€159,99/un","€159,99/un"
Bicicleta Júnior Chillout Roda 20'',Berg,1 un,"€129,99/un","€129,99/un"
Eletroestimulador,Bazarão,emb. 1 un,"€14,99/un","€14,99/un"
Patins em Linha 4 Rodas 31-34 Rosa,Berg,1 un,"€19,99/un","€19,99/un"
"Fita Elástica 1,25m Cinza",Berg,1 un,"€5,99/un","€5,99/un"
"Bicicleta Júnior Roda 20"" 7-9 Anos Rosa",Berg,1 un,"€129,99/un","€129,99/un"
Cama Campismo Solteiro 64x190cm Preta,Bestway,1 un,"€49,99/un","€49,99/un"
Relógio Digital Preto,Berg,1 un,"€9,99/un","€9,99/un"
Óculos de Sol Polarizados Pretos,Berg,,"€9,99/un","€9,99/un"
Jogo Alvo com Dardos,,1 un,"€11,99/un","€11,99/un"
Mini Baliza Futebol,,1 un,"€14,99/un","€14,99/un"
T-shirt Poliéster,Bazarão,emb. 1 un,"€5,90/un","€5,90/un"
Manteiga de Amendoim com Colagénio,Prozis,emb. 250 gr,"€3,99/un","€9,98/kg"
Bolas Energéticas Amendoim e Banana,Way Up,emb. 34 gr,"€0,99/un","€29,12/kg"
Bicicleta Júnior Roda 20'' 6-8 Anos Melody Ultra Light Bege,Volare,1 un,"€299,99/un","€299,99/un"
Termoacumulador Azul Giostyle,Giostyle,1 un,"€3,00/un","€3,00/un"
Bicicleta Passeio Mirage Roda 26'' 21V Branca,Coyote,1 un,"€199,99/un","€199,99/un"
Trotinete Criança 3 Rodas Peppa Pig,Smoby,,"€39,99/un","€39,99/un"
"Trotinete Elétrica Roda 8,5"" Mi Electric Scooter 3 Preta",Xiaomi,,"€529,99/un","€529,99/un"
Bicicleta Passeio Roda 28'' Lifestyle 3V Preta,Volare,1 un,"€369,99/un","€369,99/un"
Iogurte +Proteína Baunilha,Continente,emb. 180 gr,"€0,89/un","€4,94/kg"
"Trotinete Elétrica Roda 8,5"" Mi Electric Scooter 3 Cinza",Xiaomi,,"€529,99/un","€529,99/un"
Skate Classic Surf Roda 30'',Berg,1 un,"€49,99/un","€49,99/un"
"Bicicleta Júnior Roda 24"" +9 Anos 6V Branca",Berg,1 un,"€199,99/un","€199,99/un"
Relógio Digital Rosa,Berg,1 un,"€9,99/un","€9,99/un"
Bicicleta de Criança Roda 14'' 4-5 Anos Rosa,Disney Minnie,1 un,"€179,99/un","€179,99/un"
Bicicleta de Criança Roda 12'' 3-4 Anos Azul,Disney Frozen,1 un,"€159,99/un","€159,99/un"
Mala de Cabine 4 Rodas Cinza Travel,Berg,1 un,"€50,00/un","€50,00/un"
"Trotinete Elétrica Roda 6,5"" Ride 62S Preta",Urban Glide,,"€249,99/un","€249,99/un"
Conta Km para Bicicleta Cinzento,Berg,1 un,"€9,99/un","€9,99/un"
Óculos de Sol Polarizados Pretos e Vermelhos,Berg,,"€9,99/un","€9,99/un"
Kart Pilot Preto,Urban Glide,,"€49,99/un","€49,99/un"
Tênis de Mesa Retrátil,,1 un,"€14,99/un","€14,99/un"
Casaco Parka Azul Mulher,Berg,1 un,"€27,99/un","€27,99/un"
Halteres 3kg Cinza,Berg,2 un,"€16,99/un","€8,50/un"
Patins em Linha 4 Rodas 31-34 Azul,Berg,1 un,"€19,99/un","€19,99/un"
Suporte de Garrafa para Bicicleta,Berg,1 un,"€2,99/un","€2,99/un"
Banco Dobrável Azul,Berg,1 un,"€2,99/un","€2,99/un"
Smartwatch HR com Desenho Militar Preto,Innova,1 un,"€26,99/un","€26,99/un"
"Hoverboard e Kart Roda 6,5"" Lite Preto",Urban Glide,,"€189,99/un","€189,99/un"
Kart Pilot Multicolor,Urban Glide,,"€49,99/un","€49,99/un"
"Hoverboard Roda 6,5"" Light Multicolor",Urban Glide,,"€159,99/un","€159,99/un"
"Hoverboard Roda 6,5"" Lite Preto",Urban Glide,,"€149,99/un","€149,99/un"
Bicicleta Criança Missy Roda 16'' 5-7 Anos,Berg,1 un,"€109,99/un","€109,99/un"
"Bicicleta Elétrica Desportiva Avantage Roda 27,5""",Berg,1 un,"€999,99/un","€999,99/un"
Mini Baliza de Futebol,,1 un,"€14,99/un","€14,99/un"
Smart Fitness,Bazarão,emb. 1 un,"€17,99/un","€17,99/un"
Camisola Polar Homem,Berg,1 un,"€8,99/un","€8,99/un"
Bicicleta de Criança Roda 12'' 3-4 Anos Rosa,Disney Minnie,1 un,"€159,99/un","€159,99/un"
Bicicleta Júnior Roda 20'' 6-8 Anos Rocky 6V Preta e Azul,Volare,1 un,"€299,99/un","€299,99/un"
"Bicicleta Elétrica Dobrável Roda 20"" Preta",Uirax,1 un,"€649,99/un","€649,99/un"
Longboard,Berg,1 un,"€39,99/un","€39,99/un"
Capa para Selim de Bicicleta,Berg,1 un,"€9,99/un","€9,99/un"
Casaco Urban Homem,Berg,1 un,"€19,99/un","€19,99/un"
Óculos de Sol Polarizados Pretos e Vermelhos,Berg,,"€9,99/un","€9,99/un"
Estimulador Muscular para Costas e Glúteos,Bazarão,emb. 1 un,"€7,99/un","€7,99/un"
Bicicleta de Criança Roda 12'' 3-4 Anos Azul e Vermelha,Patrulha Pata,1 un,"€159,99/un","€159,99/un"
Conjunto 3 Acessórios para Trotinete,Urban Glide,,"€22,90/un","€22,90/un"
Luvas de Bicicleta,Berg,1 un,"€7,99/un","€7,99/un"
Casaco Parka Verde Homem,Berg,1 un,"€27,99/un","€27,99/un"
Casaco Urban Mulher,Berg,1 un,"€19,99/un","€19,99/un"
"Hoverboard 6,5''",Uirax,,"€99,99/un","€99,99/un"
Bicicleta Júnior Roda 20'' 6-8 Anos Melody Ultra Light Vermelha,Volare,1 un,"€325,00/un","€325,00/un"
Leite Proteína Café,Mimosa,emb. 3 x 250 ml,"€2,99/un","€3,99/lt"
Conjunto 3 Meias Malha Fina Preto Adulto,Mo Body,3 un,"€4,99/un","€4,99/un"
Fraldas Algodão 65x65cm Brancas,Happy Bear,6 un,"€11,99/un","€2,00/un"
Babete Impermeável +12M Mickey,Tigex,1 un,"€6,99/un","€6,99/un"
Collants Tummy Control Castanho Claro S/M Mulher,Mo Body,1 un,"€3,99/un","€3,99/un"
Meias Rosa Bebé Menina,Mo Kids,5 un,"€2,99/un","€2,99/un"
Collants Lisos Preto Menina,Mo Kids,2 un,"€2,99/un","€2,99/un"
Chinelos Castanho 40 Adulto,Mo Body,1 un,"€9,99/un","€9,99/un"
Collants Lisos Azul Escuro Menina,Mo Kids,2 un,"€2,99/un","€2,99/un"
"Conjunto 2 Meias ""I Love Mum"" Azuis e Brancas Bebé",Mo Kids,1 un,"€3,99/un","€3,99/un"
Meias Malha Fina Preto 43/46 Adulto,Mo Body,5 un,"€5,99/un","€5,99/un"
"Boxers ""Stretch"" Azul Homem",Mo Body,2 un,"€8,99/un","€8,99/un"
Collants Baixa Compressão Castanho Claro Mulher,Mo Body,1 un,"€6,99/un","€6,99/un"
Meias Desporto Invisíveis Adulto,Berg,2 un,"€3,99/un","€2,00/un"
Babete com Mangas Tubarão Azul,Happy Bear,1 un,"€6,99/un","€6,99/un"
"Conjunto 2 Meias ""I Love Dad"" Cinzas e Vermelhas 19/22 Bebé",Mo Kids,1 un,"€3,99/un","€3,99/un"
Cadeado com Código,Boost,emb. 1 un,"€3,29/un","€3,29/un"
Conjunto 3 Boxers Azul e Vermelho Homem,Mo Body,1 un,"€14,99/un","€14,99/un"
Cadeado com Código,Boost,emb. 1 un,"€5,29/un","€5,29/un"
Meias Desporto Cano Baixo Adulto,Berg,2 un,"€3,99/un","€2,00/un"
Conjunto 3 Boxers Azul Homem,Mo Body,1 un,"€14,99/un","€14,99/un"
Meias Curtas Azul Marinho 15/18 Bebé Menino,Mo Kids,7 un,"€3,99/un","€3,99/un"
"Conjunto 2 Meias ""I Love Mum"" Brancas e Rosa Bebé Menina",Mo Kids,1 un,"€3,99/un","€3,99/un"
Jeans Regular Fit Azul Homem,Mo Essentials,1 un,"€9,99/un","€9,99/un"
Bodies Espaço Manga Comprida Algodão 6-9 Meses Bebé Menina,Mo Kids,7 un,"€9,99/un","€9,99/un"
Cadeado com Chave,Boost,emb. 1 un,"€4,29/un","€4,29/un"
"Conjunto 2 Meias ""I Love Dad"" Cinzas e Rosa Bebé Menina",Mo Kids,1 un,"€3,99/un","€3,99/un"
Jeans Slim Straight Azul 40 Mulher,Mo Woman,1 un,"€12,99/un","€12,99/un"
Mala de Viagem Grande 4 Rodas CinzaTravel,Berg,1 un,"€70,00/un","€70,00/un"
Conjunto 5 Meias Padrões Dinossauros 15/18 Bebé Menino,Mo Kids,1 un,"€6,99/un","€6,99/un"
Mala de Viagem Grande 2 Rodas Laranja Lagos,,1 un,"€35,00/un","€35,00/un"
T-shirt 100% Algodão M Branca Homem,Berg,1 un,"€4,99/un","€4,99/un"
Cadeado com Chave,Boost,emb. 1 un,"€3,29/un","€3,29/un"
Cadeado com Chave,Boost,emb. 1 un,"€4,29/un","€4,29/un"
Casaco Corta-vento Verde Homem,Berg,1 un,"€9,99/un","€9,99/un"
Jeans Basics Azul Mulher,Mo Jeans,1 un,"€12,99/un","€12,99/un"
Cadeado com Código (várias cores),Boost,emb. 1 un,"€5,29/un","€5,29/un"
Mala de Viagem Grande 4 Rodas Preta Turim,Pack It,1 un,"€65,00/un","€65,00/un"
Leggings Pretas Homem,Berg,1 un,"€9,99/un","€9,99/un"
Cadeado com Código,Boost,emb. 1 un,"€8,49/un","€8,49/un"
Calças 100% Algodão Mulher,Berg,1 un,"€5,99/un","€5,99/un"
Mala de Viagem Média 4 Rodas Travel,Berg,1 un,"€60,00/un","€60,00/un"
Fraldas Algodão Orgânico 65x65cm Brancas,Happy Bear,3 un,"€11,99/un","€4,00/un"
Mala de Viagem Média 8 Rodas Trip,Berg,1 un,"€65,00/un","€65,00/un"
Mala de Viagem Grande 2 Rodas Azul Málaga,Pack It,1 un,"€45,00/un","€45,00/un"
T-shirt 100% Algodão Mulher,Berg,1 un,"€4,99/un","€4,99/un"
Mala de Cabine 2 Rodas Laranja Lagos,,1 un,"€20,00/un","€20,00/un"
Mala de Viagem Média 4 Rodas Preta Nice,Pack It,1 un,"€50,00/un","€50,00/un"
Mala de Cabine 2 Rodas Málaga,Pack It,1 un,"€30,00/un","€30,00/un"
Mala de Cabine 4 Rodas Preta Londres,Pack It,1 un,"€45,00/un","€45,00/un"
Mala de Cabine 4 Rodas Preta Turim,Pack It,1 un,"€45,00/un","€45,00/un"
Mala de Cabine 4 Rodas Verde Istambul,Pack It,1 un,"€40,00/un","€40,00/un"
Mala de Viagem Média 4 Rodas Verde Istambul,Pack It,1 un,"€50,00/un","€50,00/un"
Mala de Viagem Média 2 Rodas Laranja Easy Trip,,1 un,"€30,00/un","€30,00/un"
Mochila Escritório Expansível Cinza,Berg,1 un,"€24,99/un","€24,99/un"
Mala de Cabine 4 Rodas Azul Nice,Pack It,1 un,"€40,00/un","€40,00/un"
Mala de Viagem Média 4 Rodas Verde Málaga,Pack It,1 un,"€40,00/un","€40,00/un"
Mala de Viagem Grande 4 Rodas Cinza Trip,Berg,1 un,"€75,00/un","€75,00/un"
Mala de Cabine 4 Rodas Cinza Travel,Berg,1 un,"€50,00/un","€50,00/un"
Mala de Viagem Média 2 Rodas Cinza Capri,Pack It,1 un,"€45,00/un","€45,00/un"
Casaco Corta-vento Rosa Mulher,Berg,1 un,"€9,99/un","€9,99/un"
Jeans Slim Straight Preto Mulher,Mo Woman,1 un,"€12,99/un","€12,99/un"
Smartwatch HR com Desenho Militar Preto,Innova,1 un,"€26,99/un","€26,99/un"
Mala de Cabine 2 Rodas Preta Lite Ray,American Tourister,1 un,"€109,99/un","€109,99/un"
Mala de Cabine 2 Rodas Preta Holiday Heat,American Tourister,1 un,"€84,99/un","€84,99/un"
"Cinta Bagagem com Fecho 2x2,5m",Max,emb. 1 un,"€5,49/un","€5,49/un"
Mala de Cabine 2 Rodas Verde Lite Ray,American Tourister,1 un,"€109,99/un","€109,99/un"
Mala de Cabine 2 Rodas Amarelo Lite Ray,American Tourister,1 un,"€109,99/un","€109,99/un"
Meias para Artrite,Bazarão,emb. 1 un,"€5,00/un","€5,00/un"
Sapatilhas Melody Brancas e Rosa 36-41 Mulher,Diadora,1 un,"€69,99/un","€69,99/un"
T-shirt Poliéster,Bazarão,emb. 1 un,"€5,90/un","€5,90/un"
Boxers Algodão Azul Escuro Homem,Mo Body,2 un,"€7,99/un","€7,99/un"
Boxers Algodão Preto Homem,Mo Body,2 un,"€7,99/un","€7,99/un"
Cuecas Microfibra Preto S Mulher,Mo Body,1 un,"€3,99/un","€3,99/un"
Conjunto 3 Meias Malha Fina Azul Escuro 43/44 Adulto,Mo Body,3 un,"€4,99/un","€4,99/un"
Jeans Skinny Fit Azul Escuro Homem,Mo Jeans,1 un,"€15,99/un","€15,99/un"
T-shirt Interior Gola Redonda Algodão Branco Homem,Mo Body,2 un,"€7,99/un","€7,99/un"
Meias Malha Fina Preto 43 Adulto,Mo Body,1 un,"€2,99/un","€2,99/un"
T-shirt Algodão 'The Dreamer' Rosa Claro Mulher,Mo Essentials,1 un,"€3,99/un","€3,99/un"
Collants Ventre Plano Castanho XS Mulher,Mo Body,1 un,"€3,99/un","€3,99/un"
"Conjunto 3 Boxers Preto, Azul e Branco Homem",Mo Body,1 un,"€12,99/un","€12,99/un"
T-shirt 'Western Motel' Algodão Azul Escuro L Homem,Mo Casual,1 un,"€3,99/un","€3,99/un"
Calças de Treino Rosa Forte 18 Meses - 2 Anos Bebé Menina,Mo Kids,1 un,"€4,99/un","€4,99/un"
Meias Algodão Azul Marinho Adulto,Mo Body,1 un,"€3,99/un","€3,99/un"
Calças de Ganga Regular Fit Azul Menino,Mo Kids,1 un,"€9,99/un","€9,99/un"
Conjunto 3 Boxers Cinza e Azul M Homem,Mo Body,1 un,"€14,99/un","€14,99/un"
Collants Mousse Castanho Mulher,Mo Body,2 un,"€1,99/un","€1,99/un"
Meias Curtas Cinza 35/38 Homem,Mo Body,1 un,"€1,99/un","€1,99/un"
Mini-meias Transparentes Bege Mulher,Mo Body,3 un,"€1,99/un","€1,99/un"
Meias Liga Preto Mulher,Mo Body,1 un,"€3,99/un","€3,99/un"
"Conjunto 3 Meias Curtas Lisas Brancas, Cinzas e Pretas 43/46 Adulto",Mo Body,3 un,"€3,99/un","€3,99/un"
Soutien Almofadada Sem Armação Cru,Dim,1 un,"€25,99/un","€25,99/un"
Cuecas Cintura Larga Preto XL Mulher,Mo Body,1 un,"€6,99/un","€6,99/un"
Cuecas Básicas Preto Mulher,Mo Body,1 un,"€3,99/un","€3,99/un"
T-shirt Algodão 'Keep Going' Verde Claro Mulher,Mo Essentials,1 un,"€3,99/un","€3,99/un"
Conjunto 2 Mini-Meias Mousse Castanhas Mulher,DIM,1 un,"€2,50/un","€2,50/un"
T-shirt 'Motel' Algodão Amarelo Claro Homem,Mo Casual,1 un,"€3,99/un","€3,99/un"
Camisola Polar Vermelha Mulher,Berg,1 un,"€8,99/un","€8,99/un"
Meias Desporto Transparentes Preto 35/38 Homem,Mo Body,1 un,"€1,99/un","€1,99/un"
Conjunto 3 Boxers Preto S Homem,Mo Body,1 un,"€12,99/un","€12,99/un"
T-shirt Algodão 'Dream' Azul Escuro Mulher,Mo Essentials,1 un,"€3,99/un","€3,99/un"
T-shirt Algodão Rosa Escuro L Homem,Mo Essentials,1 un,"€2,99/un","€2,99/un"
Cuecas sem Costura Bege S/M Mulher,Mo Body,1 un,"€4,99/un","€4,99/un"
Mini-meias Transparentes Preto Mulher,Mo Body,7 un,"€3,99/un","€3,99/un"
Mini-meias Preto Mulher,Mo Body,7 un,"€3,99/un","€3,99/un"
Cuecas sem Costura Preto S/M Mulher,Mo Body,1 un,"€4,99/un","€4,99/un"
Chinelos Cinza Adulto,Mo Body,1 un,"€6,99/un","€6,99/un"
Meias pelo Tornozelo Preto Mulher,Mo Body,2 un,"€1,99/un","€1,99/un"
Meias Lisas Branco Adulto,Mo Body,1 un,"€2,99/un","€2,99/un"
Meias Caneladas Algodão Preto Adulto,Mo Body,1 un,"€2,99/un","€2,99/un"
Calças de Ganga Skinny Black 34 Mulher,Mo Jeans,1 un,"€7,99/un","€7,99/un"
Calças de Treino Vermelho Bebé Menino,Mo Kids,1 un,"€4,99/un","€4,99/un"
Calçado Aquático Vermelho 40/41 Adulto,Berg,1 un,"€7,99/un","€7,99/un"
Cuecas Algodão Preto S Homem,Mo Body,3 un,"€6,99/un","€6,99/un"
Jeans Preto 44 Homem,Mo Essentials,1 un,"€9,99/un","€9,99/un"
Cuecas Hipster Lisas Preto Mulher,Mo Body,1 un,"€4,99/un","€4,99/un"
Casaco Polar S Cinza Claro Homem,Berg,1 un,"€17,99/un","€17,99/un"
Cuecas Algodão Branco Menina,Mo Kids,1 un,"€7,99/un","€7,99/un"
Mini-meias Lycra Castanho Mulher,Mo Body,2 un,"€2,99/un","€2,99/un"
Cuecas Cintura Larga Branco Mulher,Mo Body,1 un,"€6,99/un","€6,99/un"
T-shirt 'Motel' Algodão Azul Escuro L Homem,Mo Casual,1 un,"€3,99/un","€3,99/un"
Conjunto 5 Boxers Multicor Menino,Mo Kids,1 un,"€9,99/un","€9,99/un"
Calças Jogging Preto Homem,Mo Essentials,1 un,"€7,99/un","€7,99/un"
Conjunto 3 Meias Cinzas Bebé,Mo Kids,1 un,"€2,99/un","€2,99/un"
Meias 'Pezinhos' Branco Único Mulher,Mo Body,1 un,"€2,99/un","€2,99/un"
Collants Castanho Mulher,Mo Body,2 un,"€2,99/un","€2,99/un"
Conjunto 3 Meias Rosa Bebé Menina,Mo Kids,1 un,"€2,99/un","€2,99/un"
Soutien Desportivo Branco Mulher,Mo Body,1 un,"€14,99/un","€14,99/un"
Collants Baixa Compressão Castanho Mulher,Mo Body,1 un,"€6,99/un","€6,99/un"
Mini-meias Transparentes Castanho Mulher,Mo Body,3 un,"€1,99/un","€1,99/un"
Pack 3 Cuecas Algodão Azuis Menina,Dim,1 un,"€12,99/un","€12,99/un"
Meias Curtas Azul Marinho Mulher,Mo Body,1 un,"€1,99/un","€1,99/un"
Cuecas Hipster Lisas Bege Mulher,Mo Body,1 un,"€4,99/un","€4,99/un"
Mini-meias Transparentes Castanho Mulher,Mo Body,3 un,"€1,99/un","€1,99/un"
Collants Lycra Castanho Claro Mulher,Mo Body,1 un,"€2,99/un","€2,99/un"
T-shirt Algodão 'Collect Beautiful' Azul Mulher,Mo Essentials,1 un,"€3,99/un","€3,99/un"
Calças de Treino Azul Bebé Menino,Mo Kids,1 un,"€4,99/un","€4,99/un"
T-shirt 'Fresh Summer' Algodão Amarelo Claro Homem,Mo Casual,1 un,"€3,99/un","€3,99/un"
Boné 1995 Amarelo Claro Criança,Mo Kids,1 un,"€3,99/un","€3,99/un"
T-shirt Algodão 'Make Youself Proud' Azul Mulher,Mo Essentials,1 un,"€3,99/un","€3,99/un"
Jeans Skinny Fit Cinza Homem,Mo Jeans,1 un,"€15,99/un","€15,99/un"
Mini-meias Castanho Claro Mulher,Mo Body,3 un,"€1,99/un","€1,99/un"
Collants Cintura Baixa Castanho Mulher,Mo Body,1 un,"€2,99/un","€2,99/un"
Conjunto 5 Boxers Algodão Brancos e Pretos S Homem,Mo Body,1 un,"€12,99/un","€12,99/un"
Mini-meias Bege Mulher,Mo Body,7 un,"€3,99/un","€3,99/un"
Meias Curtas Preto Homem,Mo Body,1 un,"€1,99/un","€1,99/un"
Boxers sem Costuras Azul Escuro L/XL Homem,Mo Body,2 un,"€12,99/un","€12,99/un"
Calças de Treino Azul Escuro 18 Meses - 2 Anos Bebé Menina,Mo Kids,1 un,"€4,99/un","€4,99/un"
T-shirt Algodão 'Above & Beyond' Branco Mulher,Mo Essentials,1 un,"€3,99/un","€3,99/un"
Meias Algodão Preto Adulto,Mo Body,1 un,"€3,99/un","€3,99/un"
Meias Caneladas Algodão Azul Marinho Adulto,Mo Body,1 un,"€2,99/un","€2,99/un"
Meias Algodão Castanho 45/46 Adulto,Mo Body,1 un,"€2,99/un","€2,99/un"
T-shirt Algodão Azul Homem,Mo Essentials,1 un,"€2,99/un","€2,99/un"
Meia pelo Tornozelo Cinza 39/42 Adulto,Mo Body,1 un,"€1,99/un","€1,99/un"
Calças Chino Preto 38 Homem,Mo Essentials,1 un,"€12,99/un","€12,99/un"
Meias Algodão Azul Marinho Homem,Mo Body,1 un,"€2,99/un","€2,99/un"
T-shirt Algodão Azul L Homem,Basics,1 un,"€2,00/un","€2,00/un"
T-shirt Interior Gola em V Algodão Branco S Homem,Mo Body,2 un,"€7,99/un","€7,99/un"
T-shirt Algodão 'Trust Your Journey' Branco Mulher,Mo Essentials,1 un,"€3,99/un","€3,99/un"
"Conjunto 3 Boxers Cinza, Azul Claro e Azul Escuro Homem",Mo Body,1 un,"€12,99/un","€12,99/un"
Meias Algodão Preto Homem,Mo Body,1 un,"€2,99/un","€2,99/un"
Mini-meias Transparentes Preto Mulher,Mo Body,3 un,"€1,99/un","€1,99/un"
T-shirt Algodão 'Start Before You're Ready' Preto Mulher,Mo Essentials,1 un,"€3,99/un","€3,99/un"
Mini-meias Preto Mulher,Mo Body,3 un,"€1,99/un","€1,99/un"
Meias Liga Bege Mulher,Mo Body,1 un,"€3,99/un","€3,99/un"
Calças de Treino Vermelho Menino,Mo Kids,1 un,"€4,99/un","€4,99/un"
Meias Malha Fina Cinza Escuro Adulto,Mo Body,1 un,"€2,99/un","€2,99/un"
Meias Algodão Branco Homem,Mo Body,1 un,"€2,99/un","€2,99/un"
Calças Chino Straight Fit Azul Marinho 42 Homem,Mo Casual,1 un,"€24,99/un","€24,99/un"
Calças de Ganga Azul 36 Homem,Mo Jeans,1 un,"€12,99/un","€12,99/un"
Boné 1995 Vermelho Criança,Mo Kids,1 un,"€3,99/un","€3,99/un"
Meias Liga Castanho Mulher,Mo Body,1 un,"€3,99/un","€3,99/un"
Calças de Treino Roxo Bebé Menina,Mo Kids,1 un,"€4,99/un","€4,99/un"
Conjunto 2 Cuecas Cintura Alta Algodão Branco Mulher,Mo Body,1 un,"€4,99/un","€4,99/un"
Conjunto 5 Boxers Lisos Algodão Brancos Cinza e Pretos S Homem,Mo Body,1 un,"€12,99/un","€12,99/un"
T-shirt Algodão 'There is Beauty' Azul Escuro Mulher,Mo Essentials,1 un,"€3,99/un","€3,99/un"
T-shirt 'Wave' Algodão Branco L Homem,Mo Casual,1 un,"€3,99/un","€3,99/un"
Meias Algodão Preto Antracite Adulto,Mo Body,1 un,"€2,99/un","€2,99/un"
Meia pelo Tornozelo Branco 39/42 Adulto,Mo Body,1 un,"€1,99/un","€1,99/un"
Mini-meias Transparentes Preto Mulher,Mo Body,3 un,"€1,99/un","€1,99/un"
Mini-meias Baixa Compressão Bege Mulher,Mo Body,1 un,"€4,99/un","€4,99/un"
Boné 1995 Rosa Claro Criança,Mo Kids,1 un,"€3,99/un","€3,99/un"
T-shirt 'Wave' Algodão Azul Claro L Homem,Mo Casual,1 un,"€3,99/un","€3,99/un"
Jeans Slim Straight Azul Escuro Homem,Mo Jeans,1 un,"€17,99/un","€17,99/un"
Conjunto 5 Meias Preto e Cinza Homem,Mo Body,1 un,"€5,99/un","€5,99/un"
Meias Preto Homem,Mo Body,1 un,"€2,99/un","€2,99/un"
Camisolas Interiores Finas Preto,Mo Body,2 un,"€7,99/un","€7,99/un"
Collants Bege Mulher,Mo Body,2 un,"€2,99/un","€2,99/un"
Conjunto 2 Boxers Pretos e Brancos Homem,Dim,1 un,"€10,50/un","€10,50/un"
Conjunto 7 Meias Lisas Branco e Rosa Menina,Mo Kids,1 un,"€4,99/un","€4,99/un"
"Boxers ""Stretch"" Cinza Escuro Homem",Mo Body,2 un,"€8,99/un","€8,99/un"
Camisolas Interiores Finas Bege,Mo Body,2 un,"€7,99/un","€7,99/un"
Conjunto 5 Boxers Algodão Preto Homem,Mo Body,1 un,"€12,99/un","€12,99/un"
Cuecas sem Costura Branco L/XL Mulher,Mo Body,1 un,"€4,99/un","€4,99/un"
Conjunto 2 Boxers Vermelho e Azul Menino,Dim,1 un,"€13,99/un","€13,99/un"
Boxers sem Costuras Cinza L/XL Homem,Mo Body,2 un,"€12,99/un","€12,99/un"
Conjunto 3 Meias Multicolor com Cano Cinza Adulto,Mo Body,1 un,"€3,99/un","€3,99/un"
Calças Chino Bege Homem,Mo Essentials,1 un,"€12,99/un","€12,99/un"
Meias Curtas Branco Homem,Mo Body,1 un,"€1,99/un","€1,99/un"
Collants Básicos Castanho XS Mulher,Mo Body,2 un,"€1,99/un","€1,99/un"
Jeans Slim Straight Cinza Homem,Mo Jeans,1 un,"€17,99/un","€17,99/un"
Calças Chino Slim Fit Azul Marinho 42 Homem,Mo Casual,1 un,"€24,99/un","€24,99/un"
Collants Biqueira Transparente Bege Mulher,Mo Body,1 un,"€3,99/un","€3,99/un"
Conjunto 2 Soutiens Branco e Cinza Menina,Mo Kids,1 un,"€9,99/un","€9,99/un"
Soutien Sem Armação Preto 85B,Dim,1 un,"€25,99/un","€25,99/un"
T-shirt Algodão 'I Will Do Big Things' Vermelho Mulher,Mo Essentials,1 un,"€3,99/un","€3,99/un"
Meias Azul Marinho Homem,Mo Body,1 un,"€2,99/un","€2,99/un"
Tops Interiores Algodão Branco,Mo Body,2 un,"€7,99/un","€7,99/un"
Chinelos Rosa 38 Mulher,Mo Body,1 un,"€5,99/un","€5,99/un"
Casaco Parka Azul Mulher,Berg,1 un,"€27,99/un","€27,99/un"
T-shirt Algodão 'Time to Make' Preto Mulher,Mo Essentials,1 un,"€3,99/un","€3,99/un"
Collants Cintura Baixa Castanho Claro Mulher,Mo Body,1 un,"€2,99/un","€2,99/un"
Meias Malha Fina Azul Marinho e Preto 39/42 Adulto,Mo Body,5 un,"€5,99/un","€5,99/un"
Collants Castanho Claro XS Mulher,Mo Body,1 un,"€1,99/un","€1,99/un"
Cuecas Básicas Preto M Mulher,Mo Body,1 un,"€3,99/un","€3,99/un"
Mini-meias Castanho Mulher,Mo Body,7 un,"€3,99/un","€3,99/un"
Cuecas Microfibra Taupe Mulher,Mo Body,1 un,"€3,99/un","€3,99/un"
Mini-meias Transparentes Bege Mulher,Mo Body,7 un,"€3,99/un","€3,99/un"
Collants Lycra Push Up Castanho Mulher,Mo Body,1 un,"€5,99/un","€5,99/un"
Collants Lycra Push Up Preto Mulher,Mo Body,1 un,"€5,99/un","€5,99/un"
Conjunto 2 Cuecas Cintura Alta Algodão Cinza Mulher,Mo Body,1 un,"€4,99/un","€4,99/un"
Meias Desporto Transparentes Branco 39/42 Homem,Mo Body,1 un,"€1,99/un","€1,99/un"
Bodies Brancos Branco Bebé Menino,Mo Kids,7 un,"€9,99/un","€9,99/un"
Chinelos Riscas Azul Adulto,Mo Body,1 un,"€6,99/un","€6,99/un"
Camisola Polar Homem,Berg,1 un,"€8,99/un","€8,99/un"
Mini-meias Baixa Compressão Preto Mulher,Mo Body,2 un,"€1,99/un","€1,99/un"
Soutien Almofadado Preto 85C Mulher,Mo Body,1 un,"€15,99/un","€15,99/un"
T-shirt Algodão Azul Escuro Homem,Mo Essentials,1 un,"€2,99/un","€2,99/un"
Collants Cintura Baixa Preto M Mulher,Mo Body,1 un,"€2,99/un","€2,99/un"
Meias pelo Tornozelo Castanho Escuro Mulher,Mo Body,2 un,"€1,99/un","€1,99/un"
Casaco Urban Homem,Berg,1 un,"€19,99/un","€19,99/un"
Conjunto 7 Cuecas Algodão Multicolor XL Homem,Mo Body,1 un,"€9,99/un","€9,99/un"
Meia pelo Tornozelo Azul Marinho 39/42 Adulto,Mo Body,1 un,"€1,99/un","€1,99/un"
Pack 3 Cuecas Algodão Rosas Menina,Dim,1 un,"€12,99/un","€12,99/un"
Tops Interiores Algodão Branco,Mo Body,2 un,"€11,99/un","€11,99/un"
Meias Algodão Preto Adulto,Mo Body,1 un,"€2,99/un","€2,99/un"
Jeans Slim Straight Azul Homem,Mo Jeans,1 un,"€17,99/un","€17,99/un"
Collants Lycra Push Up Castanho Claro Mulher,Mo Body,1 un,"€5,99/un","€5,99/un"
Collants Lycra Preto S Mulher,Mo Body,1 un,"€2,99/un","€2,99/un"
Chinelos Azul Escuro 40 Adulto,Mo Body,1 un,"€9,99/un","€9,99/un"
Meias Malha Fina Azul Marinho 43 Adulto,Mo Body,1 un,"€2,99/un","€2,99/un"
Meias Algodão Azul Marinho Adulto,Mo Body,1 un,"€2,99/un","€2,99/un"
Conjunto 7 Meias Lisas Multicor 27/30 Menina,Mo Kids,1 un,"€3,99/un","€3,99/un"
Calças Jogging Cinza Homem,Mo Essentials,1 un,"€7,99/un","€7,99/un"
Casaco Urban Mulher,Berg,1 un,"€19,99/un","€19,99/un"
Conjunto 2 Boxers Ultra Confort Pretos Homem,Dim,1 un,"€10,50/un","€10,50/un"
"Conjunto 5 Meias Curtas Azuis, Vermelhas e Pretas Homem",Mo Body,1 un,"€5,99/un","€5,99/un"
Mini-meias Transparentes Castanho Mulher,Mo Body,3 un,"€1,99/un","€1,99/un"
Almofada de Viagem Memory Foam com Fecho Azul,Pack It,,"€9,99/un","€9,99/un"
Almofada de Viagem Memory Foam Cinza,Pack It,,"€9,99/un","€9,99/un"
Mala de Viagem Grande 4 Rodas Vermelha Upland,American Tourister,1 un,"€139,99/un","€139,99/un"
Mala de Cabine 4 Rodas Cinza Upland,American Tourister,1 un,"€119,99/un","€119,99/un"
Máscara para Olhos Preta,Pack It,,"€2,99/un","€2,99/un"
Mala de Viagem Média 4 Rodas Azul Clara Summer Splash,American Tourister,1 un,"€159,99/un","€159,99/un"
Conjunto de Frascos de Viagem,Pack It,,"€4,99/un","€4,99/un"
Collants de Compressão Bege,Bazarão,emb. 1 un,"€6,99/un","€6,99/un"
Estojo Necessaire Preto,Pack It,,"€9,99/un","€9,99/un"
Saco de Desporto 25L Cinza,Berg,1 un,"€14,99/un","€14,99/un"
Top Adelgaçante Cinza (vários tamanhos),Bazarão,emb. 1 un,"€5,00/un","€5,00/un"
Mala de Viagem Média 4 Rodas Coral Summer Splash,American Tourister,1 un,"€159,99/un","€159,99/un"
Mala de Viagem Grande 2 Rodas Cinza Capri,Pack It,1 un,"€55,00/un","€55,00/un"
Cinta Bagagem com Código TSA,Pack It,,"€7,99/un","€7,99/un"
Conjunto de Viagem 4 Peças Azul e Vermelho,Pack It,1 un,"€60,00/un","€60,00/un"
Top Adelgaçante Verde (vários tamanhos),Bazarão,emb. 1 un,"€5,00/un","€5,00/un"
Mala de Cabine 4 Rodas Cinza Atenas,Pack It,1 un,"€35,00/un","€35,00/un"
Mala de Viagem Média 4 Rodas Cinza Upland,American Tourister,1 un,"€129,99/un","€129,99/un"
Sweatshirt Dinossauro Azul Escuro 4 - 5 Meses Menino,Bs,1 un,"€2,00/un","€2,00/un"
Mala de Cabine 4 Rodas Vermelha Upland,American Tourister,1 un,"€119,99/un","€119,99/un"
Etiqueta de Viagem,Pack It,,"€2,99/un","€2,99/un"
Calças de Treino Azul 3 - 4 Anos Menina,Bs,1 un,"€4,99/un","€4,99/un"
Sérum Cabelo Pro-V Miracles Hidratante,Pantene,emb. 70 ml,"€14,99/un","€214,14/lt"
Champô Cuidado Clássico,Tresemmé,emb. 900 ml,"€6,59/un","€7,32/lt"
Champô Cuidado Clássico,Pantene,emb. 640 ml,"€6,59/un","€10,30/lt"
Champô Ultra Suave Abacate e Carité,Ultra Suave Garnier,emb. 3 x 600 ml,"€12,44/un","€6,91/lt"
Champô Anticaspa,Pantene,emb. 640 ml,"€6,59/un","€10,30/lt"
Champô 3 Em 1 Cuidado Clássico,Pantene,emb. 300 ml,"€3,74/un","€12,47/lt"
Champô Hidratação Intensa,Tresemmé,emb. 900 ml,"€6,59/un","€7,32/lt"
Máscara Reparação Óleo de Argão Vegan,Herbal Essences,emb. 450 ml,"€5,99/un","€13,31/lt"
Champô Ultra Suave Camomila,Ultra Suave Garnier,emb. 600 ml,"€8,29/un","€13,82/lt"
Champô Ultra Suave Camomila,Ultra Suave Garnier,emb. 3 x 600 ml,"€12,44/un","€6,91/lt"
Condicionador Repara e Protege,Pantene,emb. 500 ml,"€6,59/un","€13,18/lt"
Condicionador Ultra Suave Delicadeza de Aveia,Ultra Suave Garnier,emb. 400 ml,"€3,35/un","€8,38/lt"
Condicionador Hidratação Intensa,Tresemmé,emb. 900 ml,"€6,59/un","€7,32/lt"
Champô Ultra Suave Camomila,Ultra Suave Garnier,emb. 400 ml,"€3,35/un","€8,38/lt"
Champô Homem Controlo de Oleosidade Anticaspa,Linic,emb. 360 ml,"€4,94/un","€13,72/lt"
Champô Ultra Suave Crianças Alperce,Ultra Suave Garnier,emb. 600 ml,"€8,29/un","€13,82/lt"
Champô Elvive Hidra Hialurónico,Elvive L'Oréal Paris,emb. 400 ml,"€2,97/un","€7,43/lt"
Champô Profissional Keratina,MyLabel,emb. 900 ml,"€1,99/un","€2,21/lt"
Máscara Cabelo Repara e Protege,Pantene,emb. 500 ml,"€6,44/un","€12,88/lt"
Champô Repara e Protege,Pantene,emb. 640 ml,"€6,59/un","€10,30/lt"
Champô Homem Antiqueda Anticaspa,Linic,emb. 360 ml,"€4,94/un","€13,72/lt"
Champô Eco Recarga Repara e Protege,Pantene,emb. 480 ml,"€4,49/un","€9,35/lt"
Condicionador Cuidado Clássico,Tresemmé,emb. 900 ml,"€6,59/un","€7,32/lt"
Champô Purificante Morango e Menta Vegan,Herbal Essences,emb. 400 ml,"€3,99/un","€9,98/lt"
Champô Homem Strong Power,Nivea,emb. 250 ml,"€4,39/un","€17,56/lt"
Champô Pure Fresh para Cabelo Normal e Oleoso,Syoss,emb. 440 ml,"€3,49/un","€7,93/lt"
Condicionador Cuidado Clássico,Tresemmé,emb. 500 ml,"€4,19/un","€8,38/lt"
Champô Fructis Força e Brilho,Fructis Garnier,emb. 400 ml,"€5,99/un","€14,98/lt"
Champô Homem Anticaspa Power,Nivea,emb. 250 ml,"€4,39/un","€17,56/lt"
Condicionador Ultra Suave Abacate e Carité,Ultra Suave Garnier,emb. 400 ml,"€3,35/un","€8,38/lt"
Champô Criança Maçã,Continente,emb. 250 ml,"€1,49/un","€5,96/lt"
Champô Liso e Sedoso,Pantene,emb. 640 ml,"€6,59/un","€10,30/lt"
Champô Caracóis Perfeitos,Pantene,emb. 360 ml,"€3,74/un","€10,39/lt"
Condicionador Caracóis Hidratados,Tresemmé,emb. 500 ml,"€4,19/un","€8,38/lt"
Champô Elvive Color Vive,Elvive L'Oréal Paris,emb. 690 ml,"€5,99/un","€8,68/lt"
Champô Repara e Protege,Pantene,emb. 250 ml,"€2,99/un","€11,96/lt"
Champô Homem Cool Sport Mentol Anticaspa,Linic,emb. 360 ml,"€4,94/un","€13,72/lt"
Condicionador Profissional Hidratação Intensa,MyLabel,emb. 900 ml,"€1,99/un","€2,21/lt"
Condicionador Liso e Sedoso,Pantene,emb. 500 ml,"€6,59/un","€13,18/lt"
Sérum Cabelo Elvive Hidra Hialurónico,Elvive L'Oréal Paris,emb. 150 ml,"€3,78/un","€25,20/lt"
Condicionador Elvive Hidra Hialurónico,Elvive L'Oréal Paris,emb. 300 ml,"€2,86/un","€9,53/lt"
Champô Homem Controlo de Oleosidade Anticaspa,Linic,emb. 225 ml,"€3,36/un","€14,93/lt"
Champô Cuidado Clássico,Pantene,emb. 250 ml,"€2,99/un","€11,96/lt"
Champô e Desembaraçante Delicadeza de Aveia,Ultra Suave Garnier,emb. 400 ml,"€5,59/un","€13,98/lt"
Champô Elvive Reconstrutor Dream Long,Elvive L'Oréal Paris,emb. 3 x 690 ml,"€14,99/un","€7,24/lt"
Champô Elvive Fortificante Full Resist,Elvive L'Oréal Paris,emb. 3 x 690 ml,"€14,99/un","€7,24/lt"
Champô Caracóis Perfeitos,Pantene,emb. 640 ml,"€6,59/un","€10,30/lt"
Laca Cabelo Fixação Extra Forte,MyLabel,emb. 300 ml,"€1,49/un","€4,97/lt"
Laca Cabelo Elnett Satin Fixação Normal,Elnett L'Oréal Paris,emb. 300 ml,"€4,49/un","€14,97/lt"
Champô Ultra Suave Delicadeza de Aveia,Ultra Suave Garnier,emb. 600 ml,"€8,29/un","€13,82/lt"
Champô Criança Alperce,Continente,emb. 250 ml,"€1,49/un","€5,96/lt"
Condicionador Elvive Color Vive,Elvive L'Oréal Paris,emb. 690 ml,"€5,99/un","€8,68/lt"
Champô Anticaspa,Pantene,emb. 250 ml,"€2,99/un","€11,96/lt"
Champô Seco Antioleosidade,Gliss,emb. 200 ml,"€4,29/un","€21,45/lt"
Champô Homem Antiqueda Anticaspa,Linic,emb. 225 ml,"€3,36/un","€14,93/lt"
Champô Fructis Anticaspa,Fructis Garnier,emb. 400 ml,"€5,99/un","€14,98/lt"
Condicionador Cabelo Ultimate Repair,Gliss,emb. 370 ml,"€3,49/un","€9,43/lt"
Champô Anticaspa,Pantene,emb. 360 ml,"€3,74/un","€10,39/lt"
Condicionador Elvive Dream Long Super Amaciador,Elvive L'Oréal Paris,emb. 690 ml,"€5,99/un","€8,68/lt"
Condicionador Caracóis Perfeitos,Pantene,emb. 500 ml,"€6,59/un","€13,18/lt"
Champô Alívio da Comichão Limpeza Profunda Anticaspa,H&S,emb. 300 ml,"€4,94/un","€16,47/lt"
Champô Homem Cool Fresh,Nivea,emb. 250 ml,"€4,39/un","€17,56/lt"
Condicionador Liso Queratina,Tresemmé,emb. 700 ml,"€6,59/un","€9,41/lt"
Champô Purificante,Pantene,emb. 640 ml,"€6,59/un","€10,30/lt"
Champô e Desembaraçante Delicadeza de Aveia,Ultra Suave Garnier,emb. 600 ml,"€8,29/un","€13,82/lt"
Champô Homem Active Clean,Nivea,emb. 250 ml,"€4,39/un","€17,56/lt"
Champô Algodão,Continente,emb. 750 ml,"€0,75/un","€1,00/lt"
Champô Elvive Color Vive,Elvive L'Oréal Paris,emb. 3 x 690 ml,"€14,99/un","€7,24/lt"
Champô Purifcante Limpeza Profunda Anticaspa,H&S,emb. 300 ml,"€4,94/un","€16,47/lt"
Champô Elvive Total Repair 5,Elvive L'Oréal Paris,emb. 690 ml,"€5,99/un","€8,68/lt"
Champô Liso Keratina,Tresemmé,emb. 700 ml,"€6,59/un","€9,41/lt"
Condicionador Ultra Suave Camomila,Ultra Suave Garnier,emb. 400 ml,"€3,35/un","€8,38/lt"
Champô Controlo de Oleosidade Anticaspa,Linic,emb. 225 ml,"€3,36/un","€14,93/lt"
Champô Ultra Suave Água de Coco e Aloe Vera,Ultra Suave Garnier,emb. 400 ml,"€3,35/un","€8,38/lt"
Champô Cuidado Clássico,Tresemmé,emb. 500 ml,"€4,19/un","€8,38/lt"
Champô Ultimate Repair,Gliss,emb. 370 ml,"€3,29/un","€8,89/lt"
Champô Homem Cool Sport Mentol Anticaspa,Linic,emb. 225 ml,"€3,36/un","€14,93/lt"
Champô Ultra Suave Crianças Cereja,Ultra Suave Garnier,emb. 250 ml,"€3,59/un","€14,36/lt"
Champô Elvive Reconstrutor Dream Long,Elvive L'Oréal Paris,emb. 690 ml,"€5,99/un","€8,68/lt"
Máscara Cabelo Elvive Hidra Hialurónico,Elvive L'Oréal Paris,emb. 300 ml,"€3,38/un","€11,27/lt"
Champô 3 Em 1 Anticaspa,Pantene,emb. 300 ml,"€3,74/un","€12,47/lt"
Condicionador Miracle Sérum Liso e Sedoso,Pantene,emb. 200 ml,"€4,11/un","€20,55/lt"
Champô Reparação Óleo de Argão Vegan,Herbal Essences,emb. 400 ml,"€3,99/un","€9,98/lt"
Champô Homem Eficácia Ativa Anticaspa,Linic,emb. 360 ml,"€4,94/un","€13,72/lt"
Champô Cor Revitalizante,Tresemmé,emb. 900 ml,"€6,59/un","€7,32/lt"
Champô Ultra Suave Delicadeza de Aveia,Ultra Suave Garnier,emb. 400 ml,"€3,35/un","€8,38/lt"
Condicionador Cabelo Total Repair,Gliss,emb. 370 ml,"€3,49/un","€9,43/lt"
Condicionador Miracle Sérum Repara e Protege,Pantene,emb. 200 ml,"€4,11/un","€20,55/lt"
Condicionador Liso e Sedoso,MyLabel,emb. 400 ml,"€1,99/un","€4,98/lt"
Champô Homem Frescura Diária Anticaspa,Linic,emb. 360 ml,"€4,94/un","€13,72/lt"
Champô Color,Gliss,emb. 370 ml,"€3,29/un","€8,89/lt"
Máscara Cabelo Caracóis,Pantene,emb. 500 ml,"€6,44/un","€12,88/lt"
Condicionador Fructis Hidra Caracóis,Fructis Garnier,emb. 300 ml,"€3,53/un","€11,77/lt"
Elásticos Cabelo Lisos,MyLabel,emb. 6 un,"€2,99/un","€0,50/un"
Condicionador Liso Asiático,Gliss,emb. 200 ml,"€2,49/un","€12,45/lt"
Condicionador Purifica e Hidrata Morango e Menta Vegan,Herbal Essences,emb. 275 ml,"€3,99/un","€14,51/lt"
Condicionador Ultra Suave Tesouros de Mel,Ultra Suave Garnier,emb. 400 ml,"€3,35/un","€8,38/lt"
Condicionador Purify Hidrate,Tresemmé,emb. 400 ml,"€4,19/un","€10,48/lt"
Champô Fructis Força e Brilho,Fructis Garnier,emb. 690 ml,"€9,99/un","€14,48/lt"
Condicionador Color Protect,Gliss,emb. 370 ml,"€3,49/un","€9,43/lt"
Aparador Multifunções BMT-3187,Becken,emb. 1 un,"€29,99/un","€29,99/un"
Champô Micelar Purifying,Nivea,emb. 400 ml,"€3,14/un","€7,85/lt"
Champô Ultra Suave Limão e Argila Suave,Ultra Suave Garnier,emb. 400 ml,"€3,35/un","€8,38/lt"
Condicionador Cor e Brilho,MyLabel,emb. 400 ml,"€1,99/un","€4,98/lt"
Champô Ultra Suave Tesouros de Mel,Ultra Suave Garnier,emb. 600 ml,"€8,29/un","€13,82/lt"
Champô Cor Revitalizante,Tresemmé,emb. 500 ml,"€4,19/un","€8,38/lt"
Condicionador Cor Revitalizante,Tresemmé,emb. 500 ml,"€4,19/un","€8,38/lt"
Champô para Cabelo Fino e sem Volume,Syoss,emb. 440 ml,"€3,49/un","€7,93/lt"
Champô Ultra Suave Abacate e Karité,Ultra Suave Garnier,emb. 600 ml,"€4,97/un","€8,28/lt"
Condicionador Cabelo Tropical Coco,MyLabel,emb. 400 ml,"€1,99/un","€4,98/lt"
Condicionador Fructis Aloe Vera,Fructis Garnier,emb. 300 ml,"€5,89/un","€19,63/lt"
Champô Purificante,MyLabel,emb. 400 ml,"€1,69/un","€4,23/lt"
Champô Eco Recarga Classic Anticaspa,H&S,emb. 480 ml,"€4,49/un","€9,35/lt"
Champô Homem Anticomichão Anticaspa,Linic,emb. 360 ml,"€4,94/un","€13,72/lt"
Máscara Cabelo Repara e Protege,Pantene,emb. 300 ml,"€4,94/un","€16,47/lt"
Condicionador Reparação Óleo de Argão,Herbal Essences,emb. 200 ml,"€2,87/un","€14,35/lt"
Champô Repara e Fortalece,Tresemmé,emb. 700 ml,"€6,59/un","€9,41/lt"
Champô Ultra Suave Leite de Coco e Macadâmia,Ultra Suave Garnier,emb. 400 ml,"€3,35/un","€8,38/lt"
Champô Fructis Hidra Caracóis,Fructis Garnier,emb. 400 ml,"€3,59/un","€8,98/lt"
Condicionador Ultra Suave Leite de Coco e Macadâmia,Ultra Suave Garnier,emb. 400 ml,"€3,35/un","€8,38/lt"
Champô Homem Limpeza Profunda Anticaspa,Linic,emb. 360 ml,"€4,94/un","€13,72/lt"
Champô Hidratação Leite de Coco Vegan,Herbal Essences,emb. 400 ml,"€3,99/un","€9,98/lt"
Champô Liso e Sedoso,MyLabel,emb. 400 ml,"€1,69/un","€4,23/lt"
Champô Liso Asiático,Gliss,emb. 370 ml,"€3,29/un","€8,89/lt"
Máscara de Cabelo Color,MyLabel,emb. 400 ml,"€2,39/un","€5,98/lt"
Champô Ultra Suave Eco Recarga Delicadeza de Aveia,Ultra Suave Garnier,emb. 500 ml,"€5,99/un","€11,98/lt"
Condicionador Elvive Full Resist,Elvive L'Oréal Paris,emb. 690 ml,"€5,99/un","€8,68/lt"
Champô Homem Eficácia Ativa 2 em 1 Anticaspa,Linic,emb. 225 ml,"€3,36/un","€14,93/lt"
Laca de Cabelo Elnett Satin Fixação Forte,Elnett L'Oréal Paris,emb. 300 ml,"€4,49/un","€14,97/lt"
Champô Purify Hidrate,Tresemmé,emb. 400 ml,"€4,19/un","€10,48/lt"
Condicionador Nutrição Intensa Marula,MyLabel,emb. 400 ml,"€1,99/un","€4,98/lt"
Máscara Cabelo Suave e Sedoso,Pantene,emb. 500 ml,"€6,44/un","€12,88/lt"
Condicionador Cor Revitalizante,Tresemmé,emb. 900 ml,"€6,59/un","€7,32/lt"
Condicionador Repara e Fortalece,Tresemmé,emb. 700 ml,"€6,59/un","€9,41/lt"
Condicionador Cabelo Tropical Kiwi,MyLabel,emb. 400 ml,"€1,99/un","€4,98/lt"
Condicionador Micellar,Pantene,emb. 500 ml,"€6,59/un","€13,18/lt"
Condicionador Spray Penteia Fácil para Crianças,Continente,emb. 250 ml,"€1,69/un","€6,76/lt"
Champô 7 em 1 Anticaspa Ultra Refrescante,H&S,emb. 300 ml,"€4,94/un","€16,47/lt"
Óleo Cabelo Brilho Keratina,Tresemmé,emb. 50 ml,"€5,99/un","€119,80/lt"
Champô Controlo de Oleosidade Anticaspa,Linic,emb. 360 ml,"€4,94/un","€13,72/lt"
Condicionador Oil Nutritivo,Gliss,emb. 200 ml,"€2,49/un","€12,45/lt"
Champô Purificante,Pantene,emb. 360 ml,"€3,74/un","€10,39/lt"
Champô Total Repair,Gliss,emb. 370 ml,"€3,29/un","€8,89/lt"
Condicionador Keratina,Syoss,emb. 440 ml,"€3,29/un","€7,48/lt"
Condicionador Ultra Suave Água de Coco e Aloé Vera,Ultra Suave Garnier,emb. 400 ml,"€3,35/un","€8,38/lt"
Champô Fortalecedor Aloé e Bambu,Herbal Essences,emb. 380 ml,"€3,99/un","€10,50/lt"
Champô Cuidado Clássico,Pantene,emb. 360 ml,"€3,74/un","€10,39/lt"
Condicionador Elvive Total Repair 5,Elvive L'Oréal Paris,emb. 690 ml,"€5,99/un","€8,68/lt"
Condicionador Fortalecedor Aloé e Bambu,Herbal Essences,emb. 275 ml,"€3,99/un","€14,51/lt"
Condicionador Liso Queratina,Tresemmé,emb. 400 ml,"€4,19/un","€10,48/lt"
Condicionador Fructis Força e Brilho,Fructis Garnier,emb. 300 ml,"€5,89/un","€19,63/lt"
Condicionador Caracóis Perfeitos,MyLabel,emb. 400 ml,"€1,99/un","€4,98/lt"
Condicionador Hidratação Leite de Coco,Herbal Essences,emb. 200 ml,"€2,87/un","€14,35/lt"
Champô Ceramide para Cabelo Fraco e Quebradiço,Syoss,emb. 440 ml,"€3,49/un","€7,93/lt"
Champô Cuidado Suave Anticaspa,Linic,emb. 360 ml,"€4,94/un","€13,72/lt"
Condicionador Caracóis Perfeitos,Pantene,emb. 200 ml,"€2,99/un","€14,95/lt"
Champô Seco em Spray 2 em 1,MyLabel,emb. 200 ml,"€2,39/un","€11,95/lt"
Champô Cor e Brilho,MyLabel,emb. 400 ml,"€1,69/un","€4,23/lt"
Champô Sólido Ultra Suave Alperce Kids,Ultra Suave Garnier,emb. 60 gr,"€4,19/un","€69,83/kg"
Champô Hairmilk Regeneration,Nivea,emb. 400 ml,"€6,29/un","€15,73/lt"
Elásticos Cabelo Lisos,MyLabel,emb. 4 un,"€2,49/un","€0,62/un"
Champô 3 Em 1 Repara e Protege,Pantene,emb. 300 ml,"€3,74/un","€12,47/lt"
Champô Aqua Light,Pantene,emb. 640 ml,"€6,59/un","€10,30/lt"
Champô Repara e Protege,MyLabel,emb. 400 ml,"€1,69/un","€4,23/lt"
Aparador Cabelo Nixus 902219,Taurus,emb. 1 un,"€29,99/un","€29,99/un"
Condicionador Hidratante Leite de Coco Vegan,Herbal Essences,emb. 275 ml,"€3,99/un","€14,51/lt"
Creme de Pentear Fructis Hidra Caracóis,Fructis Garnier,emb. 200 ml,"€3,49/un","€17,45/lt"
Máscara Cabelo Ultra Suave Abacate e Carité,Ultra Suave Garnier,emb. 300 ml,"€4,75/un","€15,83/lt"
Conjunto de Secador de Cabelo e Alisador,Bazarão,emb. 1 un,"€24,99/un","€24,99/un"
Champô Ultra Suave Leite de Coco,Ultra Suave Garnier,emb. 600 ml,"€8,29/un","€13,82/lt"
Escova Cabelo Massaja e Desembaraça,Franck Provost,emb. 1 un,"€11,84/un","€11,84/un"
Champô Micelar,Pantene,emb. 400 ml,"€3,74/un","€10,39/lt"
Champô Ultra Suave Eco Recarga Camomila,Ultra Suave Garnier,emb. 500 ml,"€5,99/un","€11,98/lt"
Pasta Cabelo Studio Line Matt&Messy,Studio Line L'Oréal Paris,emb. 150 ml,"€5,99/un","€39,93/lt"
Tónico de Cabelo Stylista Curls,L'Oréal Paris,emb. 200 ml,"€5,99/un",
Champô Miracle Sérum Caracóis Perfeitos,Pantene,emb. 225 ml,"€4,49/un","€19,96/lt"
Laca Cabelo Elnett Satin Fixação Extra Forte,Elnett L'Oréal Paris,emb. 300 ml,"€4,49/un","€14,97/lt"
Champô Ultra Suave Crianças Alperce,Ultra Suave Garnier,emb. 250 ml,"€3,59/un","€14,36/lt"
Gel Cabelo Men Forte,MyLabel,emb. 200 ml,"€1,32/un","€6,60/lt"
Champô Anticaspa,Revlon,emb. 650 ml,"€2,59/un","€3,98/lt"
Condicionador Pro-V Miracles Volume e Nutrição,Pantene,emb. 200 ml,"€4,49/un","€22,45/lt"
Condicionador Repara e Protege,MyLabel,emb. 400 ml,"€1,99/un","€4,98/lt"
Condicionador Ultra Suave Riqueza D'Argão,Ultra Suave Garnier,emb. 400 ml,"€3,35/un","€8,38/lt"
Champô Homem Deep,Nivea,emb. 250 ml,"€4,39/un","€17,56/lt"
Condicionador Pro-V Miracles Adeus Frizz,Pantene,emb. 200 ml,"€4,49/un","€22,45/lt"
Champô Homem Legend CR7 Anticaspa,Linic,emb. 225 ml,"€3,36/un","€14,93/lt"
Champô Sólido Abacate,Ultra Suave Garnier,emb. 60 gr,"€4,19/un","€69,83/kg"
Champô Nutrição Intensa Marula,MyLabel,emb. 400 ml,"€2,05/un","€5,13/lt"
Máscara Cabelo Reparação Óleo de Argão,Herbal Essences,emb. 250 ml,"€3,99/un","€15,96/lt"
Condicionador Caracóis,Syoss,emb. 440 ml,"€3,49/un","€7,93/lt"
Laca de Cabelo Queratina,Syoss,emb. 400 ml,"€4,19/un","€10,48/lt"
Condicionador Pro-V Miracles Sedoso e Brilhante,Pantene,emb. 200 ml,"€4,49/un","€22,45/lt"
Creme de Pentear Fructis Hidra Caracóis,Fructis Garnier,emb. 400 ml,"€5,59/un","€13,98/lt"
Máscara Cabelo Cor Queratina,Tresemmé,emb. 300 ml,"€5,39/un","€17,97/lt"
Champô Caracóis,Syoss,emb. 440 ml,"€3,49/un","€8,73/lt"
Condicionador Liso e Sedoso,Pantene,emb. 200 ml,"€2,99/un","€14,95/lt"
Gel Cabelo Studio Line Indestructible,Studio Line L'Oréal Paris,emb. 150 ml,"€5,99/un","€39,93/lt"
Champô para Cabelo Normal sem Brilho,Syoss,emb. 440 ml,"€3,49/un","€7,93/lt"
Laca de Cabelo Cabelo Oleoso,Sunsilk,emb. 300 ml,"€4,49/un","€14,97/lt"
Condicionador Ultra Suave Camomila,Ultra Suave Garnier,emb. 200 ml,"€3,59/un","€17,95/lt"
Gel Cabelo Men Extra Forte,MyLabel,emb. 200 ml,"€1,32/un","€6,60/lt"
Laca Cabelo Volume Lift,Syoss,emb. 400 ml,"€4,19/un","€10,48/lt"
"Máscara Cabelo Nutrição Intensa Óleo de Argão, Marula e Jojoba",MyLabel,emb. 400 ml,"€2,85/un","€7,13/lt"
Ganchos Cabelo,MyLabel,emb. 24 un,"€1,49/un","€0,06/un"
Condicionador Miracle Sérum Caracóis Perfeitos,Pantene,emb. 200 ml,"€4,11/un","€20,55/lt"
Condicionador Repair,Syoss,emb. 440 ml,"€3,49/un","€7,93/lt"
Condicionador Elvive Color Vive,Elvive L'Oréal Paris,emb. 300 ml,"€3,53/un","€11,77/lt"
Champô Oil Nutritive,Gliss,emb. 400 ml,"€3,29/un","€8,23/lt"
Champô Cor para Cabelo Pintado ou com Madeixas,Syoss,emb. 440 ml,"€3,49/un","€7,93/lt"
Champô Purifica e Hidrata Morango e Menta,Herbal Essences,emb. 3 x 400 ml,"€11,97/un","€9,98/lt"
Creme de Pentear Caracóis Disciplinados,Pantene,emb. 270 ml,"€4,49/un","€16,63/lt"
Champô Ultra Suave Azeitona Mítica,Ultra Suave Garnier,emb. 600 ml,"€8,29/un","€13,82/lt"
Óleo Cabelo Repara e Protege,Pantene,emb. 100 ml,"€7,49/un","€74,90/lt"
Champô Caracóis Perfeitos,MyLabel,emb. 400 ml,"€1,69/un","€4,23/lt"
Champô 3 em 1 Cuidado Clássico,Pantene,emb. 3 x 300 ml,"€13,32/un","€14,80/lt"
Champô Sakura Fresh Anticaspa,Linic,emb. 225 ml,"€3,36/un","€14,93/lt"
Champô Repair para Cabelo Seco e Estragado,Syoss,emb. 440 ml,"€3,49/un","€7,93/lt"
Champô Miracle Sérum Liso e Sedoso,Pantene,emb. 225 ml,"€4,49/un","€19,96/lt"
Champô Liso e Sedoso,Pantene,emb. 360 ml,"€3,74/un","€10,39/lt"
Gel Cabelo Men Fix Normal,MyLabel,emb. 200 ml,"€1,32/un","€6,60/lt"
Champô Homem Eficácia Ativa 2 em 1 Anticaspa,Linic,emb. 360 ml,"€4,94/un","€13,72/lt"
Champô Ultra Suave Tesouros de Mel,Ultra Suave Garnier,emb. 400 ml,"€3,35/un","€8,38/lt"
Condicionador Cabelo Tropical Romã,MyLabel,emb. 400 ml,"€1,99/un","€4,98/lt"
Creme Cabelo Modelador de Caracóis,Pantene,emb. 145 ml,"€4,49/un","€30,97/lt"
Champô Elvive Purificante Anticaspa,Elvive L'Oréal Paris,emb. 250 ml,"€3,99/un","€15,96/lt"
Champô Eco Recarga Reparação Óleo de Argão,Herbal Essences,emb. 480 ml,"€4,49/un","€9,35/lt"
Condicionador Elvive Óleo Extraordinário Amla Caracóis Nutridos,Elvive L'Oréal Paris,emb. 200 ml,"€3,99/un","€19,95/lt"
Champô Ultra Suave Óleos de Argão e Camélia,Ultra Suave Garnier,emb. 3 x 600 ml,"€12,44/un","€6,91/lt"
Condicionador Ultra Suave Leite de Amêndoa Bio,Ultra Suave Garnier,emb. 400 ml,"€3,35/un","€8,38/lt"
Champô Sólido Ultra Suave Coco e Aloe Vera,Ultra Suave Garnier,emb. 60 gr,"€4,19/un","€69,83/kg"
Champô Miracle Sérum Color,Pantene,emb. 225 ml,"€4,49/un","€19,96/lt"
Condicionador Botanique Cânhamo Hidratação,Tresemmé,emb. 400 ml,"€4,79/un","€11,98/lt"
Champô Fructis Força e Brilho,Fructis Garnier,emb. 3 x 690 ml,"€14,99/un","€7,24/lt"
Champô Aqua Light,Pantene,emb. 360 ml,"€3,74/un","€10,39/lt"
Champô Fructis Força e Brilho 2 em 1,Fructis Garnier,emb. 400 ml,"€5,99/un","€14,98/lt"
Espuma Cabelo Caracóis,Syoss,emb. 250 ml,"€2,79/un","€11,16/lt"
Laca Cabelo Fortificante,Sunsilk,emb. 300 ml,"€4,49/un","€14,97/lt"
Champô Fructis Anticaspa 2 em 1,Fructis Garnier,emb. 400 ml,"€5,99/un","€14,98/lt"
Condicionador Cuidado Clássico,Pantene,emb. 200 ml,"€2,99/un","€14,95/lt"
Elásticos Cabelo Espiral S,MyLabel,emb. 3 un,"€3,49/un","€1,16/un"
Condicionador Elvive Total Repair 5,Elvive L'Oréal Paris,emb. 300 ml,"€5,89/un","€19,63/lt"
Champô Superalimento BB7,Pantene,emb. 640 ml,"€6,59/un","€10,30/lt"
Gel Cabelo Adrenaline Extreme Look,Axe,emb. 125 ml,"€4,99/un","€39,92/lt"
Condicionador Caracóis Perfeitos,Pantene,emb. 275 ml,"€3,74/un","€13,60/lt"
Máscara Cabelo Hidratação Leite de Coco,Herbal Essences,emb. 250 ml,"€3,99/un","€15,96/lt"
Cera Cabelo Natural Look,Axe,emb. 75 ml,"€5,99/un","€79,87/lt"
Champô Flex Purificante para Cabelos Oleosos,Revlon,emb. 650 ml,"€2,59/un","€3,98/lt"
Champô Ultra Suave Leite de Amêndoa Bio,Ultra Suave Garnier,emb. 400 ml,"€3,35/un","€8,38/lt"
Champô Homem ControlGX com Coloração,Just For Men,emb. 118 ml,"€13,99/un","€118,56/lt"
Condicionador Antiquebra Óleo de Queratina,OGX,emb. 385 ml,"€5,99/un","€15,56/lt"
Condicionador Natural Abacate e Karité,MyLabel,emb. 385 ml,"€2,25/un","€5,84/lt"
Máscara Cabelo Abacate e Karité,MyLabel,emb. 300 ml,"€2,39/un","€7,97/lt"
Champô Ultra Suave Azeitona Mítica,Ultra Suave Garnier,emb. 400 ml,"€3,35/un","€8,38/lt"
Spray Cabelo Condicionador Total Reparação,Gliss,emb. 200 ml,"€3,79/un","€18,95/lt"
Champô e Desembaraçante Delicadeza de Aveia,Ultra Suave Garnier,emb. 250 ml,"€3,59/un","€14,36/lt"
Laca Cabelo Fixação Forte,MyLabel,emb. 300 ml,"€1,49/un","€4,97/lt"
Champô Reparação Óleo de Argão Vegan,Herbal Essences,emb. 250 ml,"€2,87/un","€11,48/lt"
Condicionador Pro-V Miracles Crescimento Com Força,Pantene,emb. 200 ml,"€4,49/un","€22,45/lt"
Máscara Cabelo Ultimate Color,Gliss,emb. 300 ml,"€3,99/un","€13,30/lt"
Laca Fixação Flexível,Pantene,emb. 300 ml,"€3,74/un","€12,47/lt"
Champô Fructis Anticaspa,Fructis Garnier,emb. 690 ml,"€9,99/un","€14,48/lt"
Champô Color Keratina,Tresemmé,emb. 700 ml,"€6,59/un","€9,41/lt"
Máscara Cabelo Caracóis Perfeitos,MyLabel,emb. 400 ml,"€2,39/un","€5,98/lt"
Champô Seco Tom Escuro,Nivea,emb. 200 ml,"€7,99/un","€39,95/lt"
Condicionador Hidratação Intensa,Tresemmé,emb. 500 ml,"€4,19/un","€8,38/lt"
Champô Elvive Total Repair 5,Elvive L'Oréal Paris,emb. 3 x 690 ml,"€14,99/un","€7,24/lt"
Champô Elvive Argila,Elvive L'Oréal Paris,emb. 690 ml,"€5,99/un","€8,68/lt"
Máscara Cabelo Pro-V Miracles Sedoso e Brilhante,Pantene,emb. 160 ml,"€4,94/un","€30,88/lt"
Champô Seco Tom Médio,Nivea,emb. 200 ml,"€7,99/un","€39,95/lt"
Condicionador Longo e Sublime,Gliss,emb. 200 ml,"€2,49/un","€12,45/lt"
Elásticos Cabelo Espiral Criança,MyLabel,emb. 3 un,"€1,39/un","€0,46/un"
Escova Cabelo com Picots de Metal,Jean Louis David,emb. 1 un,"€9,11/un","€9,11/un"
Champô Homem Eficácia Ativa Anticaspa,Linic,emb. 225 ml,"€3,36/un","€14,93/lt"
Champô Fructis Aloé Vera,Fructis Garnier,emb. 400 ml,"€5,99/un","€14,98/lt"
Gel Cabelo Max Hold,Syoss,emb. 250 ml,"€3,35/un","€13,40/lt"
Champô Caracóis Perfeitos,Pantene,emb. 250 ml,"€2,99/un","€11,96/lt"
Máscara Cabelo Nutrição Karité,Gliss,emb. 400 ml,"€4,99/un","€12,48/lt"
Condicionador Repara e Protege,Pantene,emb. 275 ml,"€3,74/un","€13,60/lt"
Condicionador Fructis Força e Brilho,Fructis Garnier,emb. 200 ml,"€3,99/un","€19,95/lt"
Ampola Concentrada Resgate Superalimento BB7,Pantene,emb. 3 x 15 ml,"€3,48/un","€77,33/lt"
Sérum Reparação Das Pontas Espigadas,Pantene,emb. 75 ml,"€7,49/un","€99,87/lt"
Máscara Cabelo Fructis Banana Hair Food,Fructis Garnier,emb. 390 ml,"€5,39/un","€13,82/lt"
Champô Micelar Pure Detox,Nivea,emb. 400 ml,"€3,14/un","€7,85/lt"
Coloração Permanente Excellence Intense Vermelho Escuro Intenso 6.66,Excellence L'Oréal Paris,emb. 1 un,"€8,44/un","€8,44/un"
Condicionador Fructis Hair Food Banana,Fructis Garnier,emb. 350 ml,"€3,95/un","€11,29/lt"
Champô Anticaspa,MyLabel,emb. 400 ml,"€1,69/un","€4,23/lt"
Máscara Cabelo Repara e Protege,Pantene,emb. 3 x 300 ml,"€18,66/un","€20,73/lt"
Condicionador Split Hair,Gliss,emb. 200 ml,"€2,49/un","€12,45/lt"
Coloração Permanente Excellence Cool Creme Louro Escuro Gelado 6.11,Excellence L'Oréal Paris,emb. 1 un,"€11,99/un","€11,99/un"
Condicionador Color,Syoss,emb. 440 ml,"€3,49/un","€7,93/lt"
Champô Pro-V Miracles Volume e Nutrição,Pantene,emb. 225 ml,"€4,49/un","€19,96/lt"
Espuma Cabelo Volume,Tresemmé,emb. 200 ml,"€3,59/un","€17,95/lt"
Laca Cabelo Elnett Volume,Elnett L'Oréal Paris,emb. 300 ml,"€4,49/un","€14,97/lt"
Spray Cabelo Condicionador Oil Nutritive,Gliss,emb. 200 ml,"€3,79/un","€18,95/lt"
Champô Repara e Protege,Pantene,emb. 360 ml,"€3,74/un","€10,39/lt"
Champô Elvive Óleo Extraordinário Caracóis Nutridos,Elvive L'Oréal Paris,emb. 400 ml,"€5,99/un","€14,98/lt"
Condicionador 3 Minute Miracle Reparação SOS,Aussie,emb. 225 ml,"€5,99/un","€26,62/lt"
Champô Seco Oriental,Batiste,emb. 200 ml,"€3,35/un","€16,75/lt"
Máscara Cabelo Elvive Reconstrutora Dream Long,Elvive L'Oréal Paris,emb. 300 ml,"€6,99/un","€23,30/lt"
Condicionador Elvive Dream Long Super Amaciador,Elvive L'Oréal Paris,emb. 300 ml,"€5,89/un","€19,63/lt"
Champô Seco Cherry,Batiste,emb. 200 ml,"€3,09/un","€15,45/lt"
Champô Frescura Explosiva,MyLabel,emb. 400 ml,"€1,99/un","€4,98/lt"
Condicionador Repara e Protege,Pantene,emb. 200 ml,"€2,99/un","€14,95/lt"
Champô Fructis Hidra Caracóis,Fructis Garnier,emb. 3 x 690 ml,"€14,99/un","€7,24/lt"
Secador Cabelo Viagem 1600W KTHD4500,Kunft,emb. 1 un,"€11,99/un","€11,99/un"
Mola Cabelo Grande,MyLabel,emb. 1 un,"€2,99/un","€2,99/un"
Condicionador Liso e Sedoso,Pantene,emb. 275 ml,"€3,74/un","€13,60/lt"
Champô 7 em 1 Prevenção Queda,H&S,emb. 300 ml,"€4,94/un","€16,47/lt"
Champô Long Sublime,Gliss,emb. 370 ml,"€3,29/un","€8,89/lt"
Champô Moisture,Syoss,emb. 440 ml,"€3,49/un","€7,93/lt"
Champô Naturals Abacate e Karité,MyLabel,emb. 385 ml,"€1,86/un","€4,83/lt"
Condicionador Miracle Sérum Repara e Protege,Pantene,emb. 3 x 200 ml,"€14,66/un","€24,43/lt"
Aclarador de Cabelo Gradual Casting Sunkiss Jelly Castanho Claro 1,Casting L'Oréal Paris,emb. 1 un,"€11,99/un","€11,99/un"
Laca Fixação Ultra Forte,Pantene,emb. 300 ml,"€3,74/un","€12,47/lt"
Fita Cabelo Lisa Larga,MyLabel,emb. 1 un,"€2,99/un","€2,99/un"
Máscara Hidratação Leite de Coco Vegan,Herbal Essences,emb. 450 ml,"€5,99/un","€13,31/lt"
Champô Oil Nutritive,Gliss,emb. 250 ml,"€2,49/un","€9,96/lt"
Coloração Retoca Raízes Magic Retouch Spray Louro Escuro,Magic Retouch L'Oréal Paris,emb. 100 ml,"€9,59/un","€95,90/lt"
Condicionador Hairmilk Regeneration,Nivea,emb. 200 ml,"€3,99/un","€19,95/lt"
Champô Fructis Hair Food Papaia,Fructis Garnier,emb. 3 x 350 ml,"€9,89/un","€9,42/lt"
Champô Elvive Eco Recarga Color Vive,Elvive L'Oréal Paris,emb. 500 ml,"€3,59/un","€7,18/lt"
Removedor de Cor,Colour B4,emb. 1 un,"€14,24/un","€14,24/un"
Óleo Cabelo Ultra Suave Argão e Camélia,Ultra Suave Garnier,emb. 150 ml,"€6,29/un","€41,93/lt"
Champô Fructis Pure Non Stop Água de Coco,Fructis Garnier,emb. 400 ml,"€5,99/un","€14,98/lt"
Champô Liso Asiático,Gliss,emb. 250 ml,"€2,49/un","€9,96/lt"
Champô Keratina para Cabelo Encrespado e Seco,Syoss,emb. 440 ml,"€3,29/un","€7,48/lt"
Espuma Cabelo Caracóis Botanique,Tresemmé,emb. 200 ml,"€3,59/un","€17,95/lt"
Condicionador Ultra Suave Seiva Reparadora,Ultra Suave Garnier,emb. 400 ml,"€3,35/un","€8,38/lt"
Laca Cabelo Max Hold,Syoss,emb. 400 ml,"€4,19/un","€10,48/lt"
Champô Sólido Ultra Suave Delicadeza de Aveia,Ultra Suave Garnier,emb. 60 gr,"€4,19/un","€69,83/kg"
Mola Cabelo Grande,MyLabel,emb. 1 un,"€2,99/un","€2,99/un"
Máscara Cabelo Elvive Óleo Extraordinário Jojoba Cabelo Seco,Elvive L'Oréal Paris,emb. 300 ml,"€6,99/un","€23,30/lt"
Champô Elvive Óleo Extraordinário Cabelo Seco,Elvive L'Oréal Paris,emb. 3 x 690 ml,"€14,99/un","€7,24/lt"
Óleo Cabelo Argão,MyLabel,emb. 100 ml,"€3,89/un","€38,90/lt"
Spray Cabelo Protetor de Calor,Tresemmé,emb. 200 ml,"€5,39/un","€26,95/lt"
Champô Volume Toranja e Menta Vegan,Herbal Essences,emb. 250 ml,"€2,87/un","€11,48/lt"
Champô Peles Sensíveis Frozen e Princesas,Corine de Farme,emb. 300 ml,"€4,99/un","€16,63/lt"
Coloração Retoca Raízes Magic Retouch Precision Castanho,Magic Retouch L'Oréal Paris,emb. 1 un,"€9,59/un","€9,59/un"
Champô 3 Em 1 Liso e Sedoso,Pantene,emb. 300 ml,"€3,74/un","€12,47/lt"
Champô Fructis Hair Food Banana,Fructis Garnier,emb. 350 ml,"€3,95/un","€11,29/lt"
Gel Cabelo Craft Stylers Aqua,Nivea,emb. 150 ml,"€5,59/un","€37,27/lt"
Champô Elvive Hidra Hialurónico,Elvive L'Oréal Paris,emb. 250 ml,"€2,33/un","€9,32/lt"
Condicionador Ultimate Color,Gliss,emb. 200 ml,"€2,49/un","€12,45/lt"
Gel de Cabelo Grafic Aquagel Invísivel,Grafic Garnier,emb. 150 ml + 33% grátis,"€4,99/un","€33,27/lt"
Coloração Retoca Raízes Magic Retouch Castanho Escuro,Magic Retouch L'Oréal Paris,emb. 150 ml,"€11,99/un","€79,93/lt"
Coloração Permanente Olia Castanho Escuro 3.0,Olia Garnier,emb. 1 un,"€11,99/un","€11,99/un"
Champô Brilho Radiante,MyLabel,emb. 400 ml,"€1,99/un","€4,98/lt"
Mola Cabelo Média,MyLabel,emb. 1 un,"€2,49/un","€2,49/un"
Condicionador Fructis Hidra Liso,Fructis Garnier,emb. 300 ml,"€5,89/un","€19,63/lt"
Máscara Cabelo Caracóis Perfeitos,Pantene,emb. 300 ml,"€4,94/un","€16,47/lt"
Champô Purificante,Pantene,emb. 250 ml,"€2,99/un","€11,96/lt"
Spray Cabelo Condicionador Ultimate Repair,Gliss,emb. 200 ml,"€3,79/un","€18,95/lt"
Champô Elvive Multivitaminas Fresh,Elvive L'Oréal Paris,emb. 400 ml,"€5,99/un","€14,98/lt"
Laca Volume Perfeito,Pantene,emb. 300 ml,"€3,74/un","€12,47/lt"
Máscara Cabelo Pro-V Miracles Volume e Nutrição,Pantene,emb. 160 ml,"€4,94/un","€30,88/lt"
Condicionador Hair Biology Volume e Brilho,Pantene,emb. 160 ml,"€3,74/un","€23,38/lt"
Coloração Permanente Olia Castanho Claro 5.0,Olia Garnier,emb. 1 un,"€11,99/un","€11,99/un"
Mola Cabelo Mate Média,MyLabel,emb. 1 un,"€2,64/un","€2,64/un"
Condicionador Ultra Suave Azeitona Mítica,Ultra Suave Garnier,emb. 400 ml,"€3,35/un","€8,38/lt"
Champô Seco Volume,Gliss,emb. 200 ml,"€4,29/un","€21,45/lt"
Coloração Permanente Excellence Age Perfect Louro Escuro Dourado Pérola 7.32,Excellence L'Oréal Paris,emb. 1 un,"€11,99/un","€11,99/un"
Champô Elvive Óleo Extraordinário Jojoba Cabelo Muito Seco,Elvive L'Oréal Paris,emb. 400 ml,"€5,99/un","€14,98/lt"
Máscara Cabelo Elvive Color Vive,Elvive L'Oréal Paris,emb. 300 ml,"€4,89/un","€16,30/lt"
Coloração Permanente Preto 1.0,Syoss,emb. 1 un,"€5,39/un","€5,39/un"
Laca Cabelo Volume Sensation,Nivea,emb. 250 ml,"€4,19/un","€16,76/lt"
Condicionador Queratina Brasileira Suavizante,OGX,emb. 385 ml,"€5,99/un","€15,56/lt"
Condicionador Ultimate Repair,Gliss,emb. 200 ml,"€2,49/un","€12,45/lt"
Champô Elvive Total Repair 5,Elvive L'Oréal Paris,emb. 400 ml,"€5,99/un","€14,98/lt"
Champô Seco Elvive Dream Long Air Volume,Elvive L'Oréal Paris,emb. 150 ml,"€7,99/un","€53,27/lt"
Champô Botanique Cânhamo Hidratação,Tresemmé,emb. 400 ml,"€4,79/un","€11,98/lt"
Champô Sedoso e Brilhante Sem Sulfatos,Pantene,emb. 225 ml,"€4,49/un","€19,96/lt"
Champô Micelar Comforting,Nivea,emb. 400 ml,"€3,14/un","€7,85/lt"
Coloração Permanente Oleo Intense Castanho Caramelo 5.86,Syoss,emb. 1 un,"€5,99/un","€5,99/un"
Máscara Cabelo Pro-V Miracles Crescimento com Força,Pantene,emb. 160 ml,"€4,94/un","€30,88/lt"
Champô Detox Limpeza Profunda Anticaspa,H&S,emb. 300 ml,"€4,94/un","€16,47/lt"
Champô Seco Floral & Flirty Blush,Batiste,emb. 200 ml,"€3,09/un","€15,45/lt"
Champô Homem ControlGX com Coloração 2 em 1,Just For Men,emb. 118 ml,"€13,99/un","€118,56/lt"
Gel de Cabelo Grafic Fixação Extra Forte,Grafic Garnier,emb. 150 ml,"€4,99/un","€33,27/lt"
Coloração Permanente Belle Color Louro Claro 8,Belle Color Garnier,emb. 1 un,"€5,99/un","€5,99/un"
Champô Micelar Hidratante,Nivea,emb. 400 ml,"€3,14/un","€7,85/lt"
Champô Ultra Suave Seiva Reparadora,Ultra Suave Garnier,emb. 400 ml,"€3,35/un","€8,38/lt"
Gel de Cabelo Grafic Efeito Cimento,Grafic Garnier,emb. 300 ml,"€5,99/un","€19,97/lt"
Champô Elvive Color-Vive Violeta,Elvive L'Oréal Paris,emb. 200 ml,"€3,59/un","€17,95/lt"
Champô Miracle Sérum Repara e Protege,Pantene,emb. 225 ml,"€4,49/un","€19,96/lt"
Spray Cabelo Defesa Calor,Tresemmé,emb. 300 ml,"€4,19/un","€13,97/lt"
Champô 3 Em 1 Caracóis Perfeitos,Pantene,emb. 300 ml,"€3,74/un","€12,47/lt"
Máscara Cabelo Pro-V Miracles Adeus Frizz,Pantene,emb. 160 ml,"€4,94/un","€30,88/lt"
Máscara Cabelo Hair Biology Controlo Frizz e Luminosidade Máscara,Pantene,emb. 160 ml,"€4,49/un","€28,06/lt"
Condicionador Moisture,Syoss,emb. 440 ml,"€3,49/un","€7,93/lt"
Champô Hair Biology Purifica e Reconstrói,Pantene,emb. 250 ml,"€3,74/un","€14,96/lt"
Condicionador Calmante Aloé e Abacate,Herbal Essences,emb. 275 ml,"€3,99/un","€14,51/lt"
Máscara Cabelo Botanique,Tresemmé,emb. 300 ml,"€5,39/un","€17,97/lt"
Champô Sólido Ultra Suave Camomila,Ultra Suave Garnier,emb. 60 gr,"€4,19/un","€69,83/kg"
Champô Micelar Pure Color,Nivea,emb. 400 ml,"€3,14/un","€7,85/lt"
Laca de Cabelo Styling Diamond Gloss,Nivea,emb. 250 ml,"€4,19/un","€16,76/lt"
Condicionador Elvive Argila Extraordinária,Elvive L'Oréal Paris,emb. 300 ml,"€5,89/un","€19,63/lt"
Condicionador Reparação SOS,Aussie,emb. 200 ml,"€4,49/un","€22,45/lt"
Condicionador Botanique,Tresemmé,emb. 400 ml,"€4,79/un","€11,98/lt"
Máscara Cabelo Fructis Papaia Hair Food,Fructis Garnier,emb. 390 ml,"€5,39/un","€13,82/lt"
Condicionador Óleo de Orquídea,OGX,emb. 385 ml,"€5,99/un","€15,56/lt"
Coloração Retoca Raízes Magic Retouch Spray Castanho 3,Magic Retouch L'Oréal Paris,emb. 100 ml,"€9,59/un","€95,90/lt"
Condicionador Naturals Aveia,MyLabel,emb. 385 ml,"€2,25/un","€5,84/lt"
Máscara Cabelo Elvive Full Resist,Elvive L'Oréal Paris,emb. 680 ml,"€13,99/un","€20,57/lt"
Escova Cabelo 100% Javali,Jean Louis David,emb. 1 un,"€11,48/un","€11,48/un"
Champô Seco Brunette,Tresemmé,emb. 250 ml,"€5,39/un","€21,56/lt"
Champô Pure Boost,Syoss,emb. 440 ml,"€3,49/un","€7,93/lt"
Champô Hidratação Leite de Coco Vegan,Herbal Essences,emb. 250 ml,"€2,87/un","€14,35/lt"
Champô Calmante Aloé e Abacate,Herbal Essences,emb. 380 ml,"€3,99/un","€10,50/lt"
Condicionador Elvive Dream Long Super Amaciador,Elvive L'Oréal Paris,emb. 200 ml,"€3,99/un","€19,95/lt"
Coloração Permanente Nutrisse Creme Castanho Claro 5.0,Nutrisse Garnier,emb. 1 un,"€6,16/un","€6,16/un"
Coloração Retoca Raízes Root Retoucher Spray Castanho Escuro,Schwarzkopf,emb. 1 un,"€9,29/un","€9,29/un"
Champô Pro-V Miracles Adeus Frizz,Pantene,emb. 225 ml,"€4,49/un","€19,96/lt"
Champô Pro-V Miracles Crescimento com Força,Pantene,emb. 225 ml,"€4,49/un","€19,96/lt"
Champô Ultra Suave Abacate e Carité,Ultra Suave Garnier,emb. 400 ml,"€3,35/un","€8,38/lt"
Laca Cabelo Elnett Satin Cabelos Pintados,Elnett L'Oréal Paris,emb. 300 ml,"€4,49/un","€14,97/lt"
Champô Color Keratina,Tresemmé,emb. 400 ml,"€4,19/un","€10,48/lt"
Coloração Permanente Excellence Creme Castanho Escuro 3,Excellence L'Oréal Paris,emb. 1 un,"€8,44/un","€8,44/un"
Condicionador Miracle Sérum Superalimento BB7,Pantene,emb. 200 ml,"€4,11/un","€20,55/lt"
Condicionador Óleo de Argão de Marrocos,OGX,emb. 385 ml,"€6,74/un","€17,51/lt"
Champô Fortificante Biotina e Colagénio,OGX,emb. 385 ml,"€5,99/un","€15,56/lt"
Champô Homem Limpeza Profunda Anticaspa,Linic,emb. 225 ml,"€3,36/un","€14,93/lt"
Condicionador Protetor Aloé e Manga,Herbal Essences,emb. 275 ml,"€3,99/un","€14,51/lt"
Coloração Retoca Raízes Magic Retouch Spray Preto 1,Magic Retouch L'Oréal Paris,emb. 100 ml,"€9,59/un","€95,90/lt"
Máscara Cabelo Repara e Protege,MyLabel,emb. 400 ml,"€2,39/un","€5,98/lt"
Óleo Cabelo Reparação Argão e Aloé,Herbal Essences,emb. 100 ml,"€3,99/un","€39,90/lt"
Condicionador Micellar Pure Color 2 em 1,Nivea,emb. 200 ml,"€1,99/un","€9,95/lt"
Champô Anticaspa,Pantene,emb. 3 x 380 ml,"€15,46/un","€13,56/lt"
Ampola Concentrada Resgate Repara e Protege,Pantene,emb. 3 x 15 ml,"€3,48/un","€77,33/lt"
Champô Pro-V Miracles Roxo Radiante,Pantene,emb. 225 ml,"€4,49/un","€19,96/lt"
Escova de Cabelo Pneumática com Bolas,Franck Provost,emb. 1 un,"€9,28/un","€9,28/un"
Coloração Tom sobre Tom Casting Creme Gloss Castanho 400,Casting L'Oréal Paris,emb. 1 un,"€9,99/un","€9,99/un"
Coloração Permanente Castanho Chocolate 4.8,Syoss,emb. 1 un,"€5,39/un","€5,39/un"
Champô Definição Queratina Suavizante Brasileira,OGX,emb. 385 ml,"€5,99/un","€15,56/lt"
Creme Cabelo Botanique Caracóis,Tresemmé,emb. 200 ml,"€3,59/un","€17,95/lt"
Condicionador Brilho Toranja Branca Vegan,Herbal Essences,emb. 275 ml,"€3,99/un","€14,51/lt"
Máscara Cabelo Liso e Sedoso,Pantene,emb. 300 ml,"€4,94/un","€16,47/lt"
Spray Cabelo Condicionador Longo e Sublime,Gliss,emb. 200 ml,"€3,79/un","€18,95/lt"
Coloração Permanente Excellence Creme Castanho Claro Dourado 5.3,Excellence L'Oréal Paris,emb. 1 un,"€8,44/un","€8,44/un"
Coloração Retoca Raízes Root Retoucher Spray Louro Escuro,Schwarzkopf,emb. 1 un,"€9,29/un","€9,29/un"
Champô Elvive Color Vive,Elvive L'Oréal Paris,emb. 400 ml,"€3,59/un","€8,98/lt"
Coloração Permanente Olia Castanho 4.0,Olia Garnier,emb. 1 un,"€11,99/un","€11,99/un"
Coloração Permanente Nutrisse Creme Louro Escuro 6.0,Nutrisse Garnier,emb. 1 un,"€6,16/un","€6,16/un"
Ampola Concentrada Resgate Liso e Sedoso,Pantene,emb. 45 ml,"€3,48/un","€77,33/lt"
Condicionador Ceramide,Syoss,emb. 440 ml,"€3,49/un","€7,93/lt"
Condicionador Fructis Hair Food Papaia,Fructis Garnier,emb. 350 ml,"€3,95/un","€11,29/lt"
Pasta Texturizante Cabelo Studio Line Remix,Studio Line L'Oréal Paris,emb. 150 ml,"€5,99/un","€39,93/lt"
Champô Fortificante,Revlon,emb. 650 ml,"€2,59/un","€3,98/lt"
Máscara Cabelo Fructis Aloe Vera Hair Food,Fructis Garnier,emb. 390 ml,"€8,99/un","€23,05/lt"
Máscara Cabelo Ultra Suave Leite de Coco e Macadâmia,Ultra Suave Garnier,emb. 300 ml,"€4,75/un","€15,83/lt"
Champô Liso Keratina,Tresemmé,emb. 400 ml,"€4,19/un","€10,48/lt"
Champô Repara e Fortalece,Tresemmé,emb. 400 ml,"€4,19/un","€10,48/lt"
Condicionador Elvive Fortificante Full Resist,Elvive L'Oréal Paris,emb. 300 ml,"€5,89/un","€19,63/lt"
Condicionador Regenerador Óleo de Argão de Marrocos,OGX,emb. 385 ml,"€5,99/un","€15,56/lt"
Coloração Permanente Oleo Intense Castanho Praliné 4.18,Syoss,emb. 1 un,"€6,19/un","€6,19/un"
Condicionador Micelar,Pantene,emb. 275 ml,"€3,74/un","€13,60/lt"
Champô Sólido Ultra Suave Tesouros de Mel,Ultra Suave Garnier,emb. 60 gr,"€4,19/un","€69,83/kg"
Coloração Permanente Excellence Creme Castanho Dourado 4.3,Excellence L'Oréal Paris,emb. 1 un,"€8,44/un","€8,44/un"
Máscara Cabelo Manteiga de Karité,Maui Moisture,emb. 340 gr,"€7,49/un","€22,03/lt"
Champô Hair Biology Volume e Brilho,Pantene,emb. 250 ml,"€3,74/un","€14,96/lt"
Laca de Cabelo Cabelo Seco,Sunsilk,emb. 300 ml,"€4,49/un","€14,97/lt"
Óleo Cabelo 3 Miracle Reconstructor,Aussie,emb. 100 ml,"€5,99/un","€59,90/lt"
Creme de Pentear Ultra Suave Leite de Amêndoa Bio,Ultra Suave Garnier,emb. 200 ml,"€3,49/un","€17,45/lt"
Champô Ultimate Color,Gliss,emb. 250 ml,"€2,49/un","€9,96/lt"
Espuma de Cabelo Grafic Mega Volume,Grafic Garnier,emb. 200 ml,"€4,99/un","€24,95/lt"
Bandolete Cabelo Mate,MyLabel,emb. 1 un,"€3,19/un","€3,19/un"
Coloração Permanente Excellence Creme Louro 7,Excellence L'Oréal Paris,emb. 1 un,"€8,44/un","€8,44/un"
Sérum Cabelo Pontas,MyLabel,emb. 50 ml,"€2,49/un","€49,80/lt"
Champô Hidratação Intensa,Tresemmé,emb. 500 ml,"€4,19/un","€8,38/lt"
Máscara Cabelo Ultra Suave Delicadeza de Aveia,Ultra Suave Garnier,emb. 300 ml,"€4,75/un","€15,83/lt"
Champô Elvive Óleo Extraordinário Coco,Elvive L'Oréal Paris,emb. 400 ml,"€5,99/un","€14,98/lt"
Creme de Pentear Elvive Óleo Extraordinário Caracóis Nutridos,Elvive L'Oréal Paris,emb. 200 ml,"€5,99/un","€29,95/lt"
Espuma de Cabelo Fructis Style Hidra Caracóis,Fructis Garnier,emb. 200 ml,"€4,99/un","€24,95/lt"
Coloração Tom sobre Tom Casting Creme Gloss Louro 700,Casting L'Oréal Paris,emb. 1 un,"€9,99/un","€9,99/un"
Champô Ultra Suave Riqueza D'Argão,Ultra Suave Garnier,emb. 400 ml,"€3,35/un","€8,38/lt"
Condicionador Minerais Marinhos,Maui Moisture,emb. 385 ml,"€7,49/un","€19,45/lt"
Óleo Cabelo Elvive Coco,Elvive L'Oréal Paris,emb. 100 ml,"€9,99/un","€99,90/lt"
Coloração Permanente Oleo Intense 4.86,Syoss,emb. 1 un,"€6,77/un","€6,77/un"
Champô Hair Biology Controlo Frizz e Luminosidade,Pantene,emb. 250 ml,"€3,74/un","€14,96/lt"
Escova Cabelo Esqueleto Grande,MyLabel,emb. 1 un,"€1,99/un","€1,99/un"
Condicionador Fortificante Biotina e Colagénio,OGX,emb. 385 ml,"€5,99/un","€15,56/lt"
Máscara Cabelo Elvive Total Repair 5,Elvive L'Oréal Paris,emb. 300 ml,"€6,99/un","€23,30/lt"
Coloração Permanente Preto Azulado 1.4,Syoss,emb. 1 un,"€5,39/un","€5,39/un"
Máscara Calmante Abacate e Aloé Vegan,Herbal Essences,emb. 450 ml,"€5,99/un","€13,31/lt"
Condicionador Ultra Suave Gengibre,Ultra Suave Garnier,emb. 200 ml,"€3,59/un","€17,95/lt"
Coloração Permanente Oleo Intense Castanho Escuro 3.10,Syoss,emb. 1 un,"€5,99/un","€5,99/un"
Óleo Cabelo com Argão,Pantene,emb. 100 ml,"€7,49/un","€74,90/lt"
Coloração Permanente Nutrisse Creme Preto 1,Nutrisse Garnier,emb. 1 un,"€6,16/un","€6,16/un"
Cera Cabelo Adrenaline Extreme Look,Axe,emb. 75 ml,"€5,99/un","€79,87/lt"
Máscara Cabelo Elvive Dream Long Curls,Elvive L'Oréal Paris,emb. 680 ml,"€13,99/un","€20,57/lt"
Óleo para Cabelo Elixir Beleza,Gliss,emb. 75 ml,"€5,99/un","€79,87/lt"
Coloração Permanente Olia Louro Muito Claro Dourado 9.3,Olia Garnier,emb. 1 un,"€11,99/un","€11,99/un"
Coloração Permanente Olia Louro Canela 7.13,Olia Garnier,emb. 1 un,"€11,99/un","€11,99/un"
Condicionador Óleo de Coco,Maui Moisture,emb. 385 ml,"€7,49/un","€19,45/lt"
Coloração Permanente Olia Preto Ébano 1.0,Olia Garnier,emb. 1 un,"€11,99/un","€11,99/un"
Champô Ultimate Repair,Gliss,emb. 250 ml,"€2,49/un","€9,96/lt"
Creme Cabelo Anti-Frizz,Pantene,emb. 145 ml,"€4,49/un","€30,97/lt"
Gel de Cabelo Studio Line Mineral FX InvisiFix Muito Forte,Studio Line L'Oréal Paris,emb. 150 ml,"€5,99/un","€39,93/lt"
Condicionador Reparação Total,Gliss,emb. 200 ml,"€2,49/un","€12,45/lt"
Coloração Retoca Raízes Magic Retouch Precision Preto,Magic Retouch L'Oréal Paris,emb. 1 un,"€9,59/un","€9,59/un"
Champô Reparação Óleo de Argão,Herbal Essences,emb. 430 ml,"€7,49/un","€17,42/lt"
Champô Reparação SOS,Aussie,emb. 290 ml,"€4,49/un","€15,48/lt"
Champô Elvive Óleo Extraordinário Cabelo Seco,Elvive L'Oréal Paris,emb. 690 ml,"€5,99/un","€8,68/lt"
Espuma Cabelo Queratina,Syoss,emb. 250 ml,"€2,79/un","€11,16/lt"
Champô Fructis Hair Food Melancia,Fructis Garnier,emb. 350 ml,"€6,59/un","€18,83/lt"
Coloração Permanente Oleo Intense Preto Intenso 1.10,Syoss,emb. 1 un,"€5,99/un","€5,99/un"
Coloração Permanente Excellence Creme Castanho Claro 5,Excellence L'Oréal Paris,emb. 1 un,"€8,44/un","€8,44/un"
Coloração Permanente Nutrisse Creme Louro Dourado 7.3,Nutrisse Garnier,emb. 1 un,"€6,16/un","€6,16/un"
Creme Mousse Elnett Caracóis,Elnett L'Oréal Paris,emb. 200 ml,"€5,24/un","€26,20/lt"
Coloração Permanente Olia Louro Mel 8.31,Olia Garnier,emb. 1 un,"€11,99/un","€11,99/un"
Champô Ultra Suave Cacau e Côco,Ultra Suave Garnier,emb. 400 ml,"€3,35/un","€8,38/lt"
Laca Liso e Sedoso,Pantene,emb. 300 ml,"€3,74/un","€12,47/lt"
Escova Cabelo Pneumática Grande,MyLabel,emb. 1 un,"€2,69/un","€2,69/un"
Óleo Cabelo com Coco,Pantene,emb. 100 ml,"€7,49/un","€74,90/lt"
Escova Cabelo Pneumática Retangular,MyLabel,emb. 1 un,"€2,99/un","€2,99/un"
Coloração Tom sobre Tom Casting Creme Gloss Âmbar 645,Casting L'Oréal Paris,emb. 1 un,"€9,99/un","€9,99/un"
Champô Fructis Hair Food Papaia,Fructis Garnier,emb. 350 ml,"€3,95/un","€11,29/lt"
Coloração Permanente Olia Louro Escuro Dourado 6.3,Olia Garnier,emb. 1 un,"€11,99/un","€11,99/un"
Condicionador SOS Cabelo Longo,Aussie,emb. 200 ml,"€5,99/un","€29,95/lt"
Travessão Cabelo Mate,MyLabel,emb. 1 un,"€2,49/un","€2,49/un"
Coloração Permanente Excellence Creme Louro Claríssimo 10,Excellence L'Oréal Paris,emb. 1 un,"€8,44/un","€8,44/un"
Condicionador Reconstrutor,Aussie,emb. 250 ml,"€4,49/un","€17,96/lt"
Coloração Retoca Raízes Magic Retouch Spray Louro Claro,Magic Retouch L'Oréal Paris,emb. 100 ml,"€9,59/un","€95,90/lt"
Champô Leite de Coco Miracle Oil,OGX,emb. 385 ml,"€6,74/un","€17,51/lt"
Gel Cabelo Craft Stylers Elastic,Nivea,emb. 150 ml,"€5,59/un","€37,27/lt"
Sérum Cabelo Elvive Dream Long,Elvive L'Oréal Paris,emb. 100 ml,"€9,99/un","€99,90/lt"
Coloração Retoca Raízes Magic Retouch Precision Louro,Magic Retouch L'Oréal Paris,emb. 1 un,"€9,59/un","€9,59/un"
Champô Antiquebra Óleo de Queratina,OGX,emb. 385 ml,"€5,99/un","€15,56/lt"
Condicionador Fructis Hair Food Aloe Vera,Fructis Garnier,emb. 350 ml,"€6,59/un","€18,83/lt"
Condicionador Rapid Reviver Óleo Extraordinário,OGX,emb. 385 ml,"€6,74/un","€17,51/lt"
Coloração Permanente Excellence Creme Castanho 4,Excellence L'Oréal Paris,emb. 1 un,"€8,44/un","€8,44/un"
Coloração Retoca Raízes Magic Retouch Precision Castanho Escuro,Magic Retouch L'Oréal Paris,emb. 1 un,"€9,59/un","€9,59/un"
Sérum Cabelo Fructis Vitamin Force,Fructis Garnier,emb. 125 ml,"€6,99/un","€55,92/lt"
Champô Liso e Sedoso,Pantene,emb. 250 ml,"€2,99/un","€11,96/lt"
Coloração Permanente Intensive Castanho Chocolate 3.65,Palette,emb. 1 un,"€4,49/un","€4,49/un"
Coloração Permanente Excellence Age Perfect Louro Claro Bege 9.13,Excellence L'Oréal Paris,emb. 1 un,"€11,99/un","€11,99/un"
Máscara Cabelo Brilho Babassu Nut,Gliss,emb. 400 ml,"€4,99/un","€12,48/lt"
Champô Protetor Aloé e Manga,Herbal Essences,emb. 380 ml,"€3,99/un","€10,50/lt"
Champô Superalimento,Pantene,emb. 360 ml,"€3,74/un","€10,39/lt"
Coloração Permanente Excellence Creme Preto 1,Excellence L'Oréal Paris,emb. 1 un,"€8,44/un","€8,44/un"
Máscara Split Hair,Gliss,emb. 300 ml,"€3,99/un","€13,30/lt"
Coloração Retoca Raízes Magic Retouch Spray Castanho Escuro 2,Magic Retouch L'Oréal Paris,emb. 100 ml,"€9,59/un","€95,90/lt"
Gel Cabelo Men Efeito Molhado,MyLabel,emb. 200 ml,"€1,32/un","€6,60/lt"
Máscara Cabelo Fructis Melancia Hair Food,Fructis Garnier,emb. 390 ml,"€8,99/un","€23,05/lt"
Condicionador Hair Biology Purifica e Reconstrói,Pantene,emb. 160 ml,"€3,74/un","€23,38/lt"
Creme Cabelo Ultimate Repair Reparador de Pontas,Gliss,emb. 50 ml,"€3,99/un","€79,80/lt"
Creme de Pentear Fructis Aloe Vera,Fructis Garnier,emb. 400 ml,"€7,99/un","€19,98/lt"
Champô Minerais Marinhos,Maui Moisture,emb. 385 ml,"€7,49/un","€19,45/lt"
Gel Cabelo Studio Line Pure Wet,Studio Line L'Oréal Paris,emb. 150 ml,"€5,99/un","€39,93/lt"
Condicionador Água de Hibísco,Maui Moisture,emb. 385 ml,"€7,49/un","€19,45/lt"
Coloração Permanente Excellence Creme Louro Escuro 6,Excellence L'Oréal Paris,emb. 1 un,"€8,44/un","€8,44/un"
Elástico Cabelo Algodão Sortido,MyLabel,emb. 1 un,"€2,99/un","€2,99/un"
Champô Fructis Hair Food Aloe Vera,Fructis Garnier,emb. 350 ml,"€6,59/un","€18,83/lt"
Máscara Cabelo Proteção de Cor,Pantene,emb. 300 ml,"€4,94/un","€16,47/lt"
Champô Split Hair Miracle,Gliss,emb. 370 ml,"€3,29/un","€8,89/lt"
Coloração Permanente Olia Gold 10.32,Olia Garnier,emb. 1 un,"€11,99/un","€11,99/un"
Champô Ultra Suave Camomila,Ultra Suave Garnier,emb. 250 ml,"€3,59/un","€14,36/lt"
Condicionador Elvive Rapid Reviver Óleo Extraordinário,Elvive L'Oréal Paris,emb. 180 ml,"€5,99/un","€33,28/lt"
Condicionador Fructis Hair Food Melancia,Fructis Garnier,emb. 350 ml,"€6,59/un","€18,83/lt"
Condicionador Elvive Color Vive Rapid Reviver,Elvive L'Oréal Paris,emb. 180 ml,"€4,19/un","€23,28/lt"
Champô Fructis Força e Brilho 2 em 1,Fructis Garnier,emb. 250 ml,"€3,99/un","€15,96/lt"
Creme Cabelo Men Expert InvisiControl,Men Expert,emb. 150 ml,"€4,54/un","€30,27/lt"
Condicionador Hair Biology Controlo Frizz e Luminosidade,Pantene,emb. 160 ml,"€3,74/un","€23,38/lt"
Espuma Cabelo Caracóis Disciplinados,Pantene,emb. 200 ml,"€3,74/un","€18,70/lt"
Coloração Permanente Colorsilk Castanho Acobreado Dourado 46,Revlon,emb. 1 un,"€3,82/un","€3,82/un"
Coloração Tom sobre Tom Casting Creme Gloss Acajou 550,Casting L'Oréal Paris,emb. 1 un,"€9,99/un","€9,99/un"
Espuma de Cabelo Grafic Mega Caracóis,Grafic Garnier,emb. 200 ml,"€4,99/un","€24,95/lt"
Máscara Cabelo Ultra Suave Gengibre Vital,Ultra Suave Garnier,emb. 300 ml,"€4,75/un","€15,83/lt"
Condicionador Suaviza e Revitaliza Baunilha,Maui Moisture,emb. 385 ml,"€7,49/un","€19,45/lt"
Champô Teatree Mint,OGX,emb. 385 ml,"€6,74/un","€17,51/lt"
Cera Cabelo Signature Classic Look,Axe,emb. 75 ml,"€5,99/un","€79,87/lt"
Condicionador Ultra Suave Abacate e Carité,Ultra Suave Garnier,emb. 200 ml,"€2,87/un","€14,35/lt"
Coloração Permanente Excellence Creme Avelã 6.41,Excellence L'Oréal Paris,emb. 1 un,"€8,44/un","€8,44/un"
Champô Nutritivo Leite de Coco,OGX,emb. 385 ml,"€5,99/un","€15,56/lt"
Creme de Pentear Elvive Dream Long,Elvive L'Oréal Paris,emb. 200 ml,"€5,99/un","€29,95/lt"
Champô Reconstrutor,Aussie,emb. 300 ml,"€4,49/un","€14,97/lt"
Máscara Cabelo Fructis Macadâmia Hair Food,Fructis Garnier,emb. 390 ml,"€8,99/un","€23,05/lt"
Coloração Permanente Oleo Intense 5.10,Syoss,emb. 1 un,"€6,77/un","€6,77/un"
Coloração Permanente Excellence Creme Louro Claro 8,Excellence L'Oréal Paris,emb. 1 un,"€8,44/un","€8,44/un"
Condicionador Hair Biology Grisalho Radiante e Suave,Pantene,emb. 160 ml,"€3,74/un","€23,38/lt"
Champô Elvive Reconstrutor Dream Long,Elvive L'Oréal Paris,emb. 400 ml,"€5,99/un","€14,98/lt"
Condicionador Elvive Óleo Extraordinário,Elvive L'Oréal Paris,emb. 300 ml,"€5,89/un","€19,63/lt"
Champô Elvive Fortificante Arginina Resist,Elvive L'Oréal Paris,emb. 400 ml,"€5,99/un","€14,98/lt"
Champô Ultra Suave Gengibre,Ultra Suave Garnier,emb. 400 ml,"€3,35/un","€8,38/lt"
Máscara Cabelo Ultra Suave Tesouros de Mel,Ultra Suave Garnier,emb. 300 ml,"€4,75/un","€15,83/lt"
Spray Fixador Protetor de Calor para Cabelos Lisos Elnett,Elnett L'Oréal Paris,emb. 170 ml,"€9,99/un","€58,76/lt"
Creme Modelador de Caracóis Stylista Curls,L'Oréal Paris,emb. 200 ml,"€5,99/un","€29,95/lt"
Champô Aqua Light,Pantene,emb. 250 ml,"€2,99/un","€11,96/lt"
Gel de Cabelo Styling,Nivea,emb. 150 ml,"€5,99/un","€39,93/lt"
Champô Repara e Protege,Pantene,emb. 430 ml,"€7,49/un","€17,42/lt"
Champô Ultra Suave Água de Coco e Aloe Vera,Ultra Suave Garnier,emb. 250 ml,"€3,59/un","€14,36/lt"
Coloração Permanente Louro 542,Natural&Easy,emb. 1 un,"€5,84/un","€5,84/un"
Protetor Calor Spray Elvive Dream Long,Elvive L'Oréal Paris,emb. 150 ml,"€7,99/un","€53,27/lt"
Spray Cabelo Óleo Proteção Calor Argão de Marrocos,OGX,emb. 177 ml,"€7,49/un","€42,32/lt"
Creme de Pentear Fructis Vitamin Force,Fructis Garnier,emb. 400 ml,"€5,59/un","€13,98/lt"
Creme de Pentear Ultra Suave Abacate e Carité,Ultra Suave Garnier,emb. 200 ml,"€3,49/un","€17,45/lt"
Máscara Cabelo Extra Brilho Reparação Total,Gliss,emb. 150 ml,"€3,99/un","€26,60/lt"
Espuma de Cabelo Fructis Style Big Volume XXL,Fructis Garnier,emb. 200 ml,"€4,99/un","€24,95/lt"
Champô Água de Hibisco,Maui Moisture,emb. 385 ml,"€7,49/un","€19,45/lt"
Coloração Permanente Castanho Escuro 570,Natural&Easy,emb. 1 un,"€5,84/un","€5,84/un"
Máscara Cabelo SOS Repara,Aussie,emb. 450 ml,"€7,49/un","€16,64/lt"
Coloração Permanente Intensive Preto Azulado 1.1,Palette,emb. 1 un,"€2,79/un","€2,79/un"
Coloração Permanente Excellence Creme Louro Dourado 7.3,Excellence L'Oréal Paris,emb. 1 un,"€8,44/un","€8,44/un"
Champô Micelar Purifica e Revitaliza,Pantene,emb. 250 ml,"€2,99/un","€11,96/lt"
Condicionador Cabelo Teatree Mint,OGX,emb. 385 ml,"€6,74/un","€17,51/lt"
Coloração Permanente Nutrisse Creme Louro Claro 8.0,Nutrisse Garnier,emb. 1 un,"€6,16/un","€6,16/un"
Coloração Retoca Raízes Magic Retouch Spray Louro 4,Magic Retouch L'Oréal Paris,emb. 100 ml,"€9,59/un","€95,90/lt"
Condicionador Elvive Rapid Reviver Dream Long,Elvive L'Oréal Paris,emb. 180 ml,"€5,99/un","€33,28/lt"
Coloração Retoca Raízes Magic Retouch Spray Louro Claro 5,Magic Retouch L'Oréal Paris,emb. 100 ml,"€9,59/un","€95,90/lt"
Coloração Permanente Intensive Castanho Escuro 3,Palette,emb. 1 un,"€2,79/un","€2,79/un"
Coloração Permanente Excellence Creme Cristina 7.7,Excellence L'Oréal Paris,emb. 1 un,"€11,99/un","€11,99/un"
Cera Cabelo Urban Creative Look,Axe,emb. 130 ml,"€6,49/un","€49,92/lt"
Tratamento Fortalecedor de Raízes Pro-V Miracles Crescimento com Força,Pantene,emb. 100 ml,"€7,49/un","€74,90/lt"
Máscara Cabelo Ultimate Repair,Gliss,emb. 300 ml,"€3,99/un","€13,30/lt"
Coloração Permanente Oleo Intense Louro Escuro 6.10,Syoss,emb. 1 un,"€5,99/un","€5,99/un"
Champô Ultra Suave Riqueza D'Argão,Ultra Suave Garnier,emb. 600 ml,"€8,29/un","€13,82/lt"
Máscara Cabelo Longo e Sublime,Gliss,emb. 300 ml,"€3,99/un","€13,30/lt"
Coloração Tom sobre Tom Casting Creme Gloss Castanho Acetinado 415,Casting L'Oréal Paris,emb. 1 un,"€9,99/un","€9,99/un"
Máscara Cabelo Liso e Sedoso,MyLabel,emb. 400 ml,"€2,39/un","€5,98/lt"
Champô Seco Extra Textura,Got2B,emb. 200 ml,"€3,96/un","€19,80/lt"
Champô Hair Biology Grisalho Radiante e Suave,Pantene,emb. 250 ml,"€3,74/un","€14,96/lt"
Máscara Oil Nutritivo 7sec,Gliss,emb. 200 ml,"€5,99/un","€29,95/lt"
Sérum Split Hair,Gliss,emb. 75 ml,"€5,99/un","€79,87/lt"
Condicionador 7 Sec Ultimate Repair,Gliss,emb. 200 ml,"€5,99/un","€29,95/lt"
Espuma de Cabelo Styling Volume Sensation,Nivea,emb. 150 ml,"€4,19/un","€27,93/lt"
Coloração Permanente Castanho Avermelhado 4.2,Syoss,emb. 1 un,"€5,39/un","€5,39/un"
Óleo Cabelo Restaurador Argão de Marrocos,OGX,emb. 118 ml,"€7,49/un","€63,47/lt"
Champô Fructis Anticaspa 2 em 1,Fructis Garnier,emb. 250 ml,"€3,99/un","€15,96/lt"
Champô Elvive Óleo Extraordinário Cabelo Normal e Seco,Elvive L'Oréal Paris,emb. 400 ml,"€5,99/un","€14,98/lt"
Coloração Tom sobre Tom Casting Creme Gloss Louro Escuro 600,Casting L'Oréal Paris,emb. 1 un,"€9,99/un","€9,99/un"
Laca de Cabelo Elnett Satin Mini Fixação Normal,Elnett L'Oréal Paris,emb. 75 ml,"€3,99/un","€53,20/lt"
Elásticos Cabelo Menina,MyLabel,emb. 2 un,"€3,59/un","€1,80/un"
Máscara Cabelo Oil Nutritive,Gliss,emb. 300 ml,"€3,99/un","€13,30/lt"
Champô Ultra Suave Óleos de Argão e Camélia,Ultra Suave Garnier,emb. 400 ml,"€3,35/un","€8,38/lt"
Condicionador Cuidado Clássico,Pantene,emb. 275 ml,"€3,74/un","€13,60/lt"
Elásticos Cabelo Espiral M,MyLabel,emb. 3 un,"€1,39/un","€0,46/un"
Coloração Permanente Nutrisse Ultra Blonde Louro Muito Claro Natural 100,Nutrisse Garnier,emb. 1 un,"€6,16/un","€6,16/un"
Condicionador Ultra Suave Água de Coco e Aloe Vera,Ultra Suave Garnier,emb. 200 ml,"€3,59/un","€17,95/lt"
Champô Seco Fresh,Batiste,emb. 200 ml,"€3,19/un","€15,95/lt"
Colocação Permanente Olia Bold Acobreado Intenso 7.40,Olia Garnier,emb. 1 un,"€11,99/un","€11,99/un"
Creme de Pentear Air Dry,OGX,emb. 177 ml,"€7,49/un","€42,32/lt"
Coloração Permanente Caju 5.5,Koleston,emb. 1 un,"€6,49/un","€6,49/un"
Coloração Permanente Oleo Intense Cereja Profundo 4.23,Syoss,emb. 1 un,"€5,99/un","€5,99/un"
Coloração Permanente Excellence Universal Nudes Castanho Claro 4U,Excellence L'Oréal Paris,emb. 1 un,"€8,44/un","€8,44/un"
Máscara Cabelo Hidratação Cacau,Gliss,emb. 400 ml,"€4,99/un","€12,48/lt"
Coloração Retoca Raízes Magic Retouch Spray Castanho Acajou 6,Magic Retouch L'Oréal Paris,emb. 100 ml,"€9,59/un","€95,90/lt"
Coloração Permanente Nutrisse Creme Louro Acobreado 6.41,Nutrisse Garnier,emb. 1 un,"€6,16/un","€6,16/un"
Coloração Permanente Intensive Caju 3.68,Palette,emb. 1 un,"€2,79/un","€2,79/un"
Coloração Permanente Excellence Intense Louro Escuro Frio 6.13,Excellence L'Oréal Paris,emb. 1 un,"€8,44/un","€8,44/un"
Coloração Permanente Excellence Universal Nudes Castanho Claro 5U,Excellence L'Oréal Paris,emb. 1 un,"€8,44/un","€8,44/un"
Condicionador Elvive Color Vive,Elvive L'Oréal Paris,emb. 200 ml,"€3,19/un","€15,95/lt"
Coloração Permanente Oleo Intense Louro Luminoso 9.10,Syoss,emb. 1 un,"€5,99/un","€5,99/un"
Spray Cabelo Protetor de Calor Guardian Angel,Got2B,emb. 200 ml,"€4,94/un","€24,70/lt"
Champô Manteiga de Karité,Maui Moisture,emb. 385 ml,"€7,49/un","€19,45/lt"
Coloração Permanente Nutrisse Creme Castanho Claro Dourado 5.3,Nutrisse Garnier,emb. 1 un,"€6,16/un","€6,16/un"
Coloração Permanente Excellence Creme Castanho Claro Acajou 5.5,Excellence L'Oréal Paris,emb. 1 un,"€8,44/un","€8,44/un"
Gel de Cabelo Fructis Style Estruturante,Fructis Garnier,emb. 200 ml,"€5,49/un","€27,45/lt"
Champô Botanique,Tresemmé,emb. 400 ml,"€4,79/un","€11,98/lt"
Laca de Cabelo Elnett Satin Mini Fixação Forte,Elnett L'Oréal Paris,emb. 75 ml,"€3,99/un","€53,20/lt"
Coloração Permanente Nutrisse Creme Castanho Dourado 4.3,Nutrisse Garnier,emb. 1 un,"€6,16/un","€6,16/un"
Champô Moisture Baunilha,Maui Moisture,emb. 385 ml,"€7,49/un","€19,45/lt"
Condicionador Manteiga de Karité,Maui Moisture,emb. 385 ml,"€7,49/un","€19,45/lt"
Coloração Tom sobre Tom Casting Creme Gloss Castanho Escuro 300,Casting L'Oréal Paris,emb. 1 un,"€9,99/un","€9,99/un"
Máscara Cabelo Antiquebra Reparação Total,Gliss,emb. 300 ml,"€3,99/un","€13,30/lt"
Creme Cabelo Pro-V Miracles Adeus Frizz,Pantene,emb. 75 ml,"€4,94/un","€65,87/lt"
Condicionador Charcoal Detox,OGX,emb. 385 ml,"€5,99/un","€15,56/lt"
Champô Suavizante Aloé e Cânhamo,Herbal Essences,emb. 380 ml,"€3,99/un","€10,50/lt"
Champô Elvive Eco Recarga Dream Long,Elvive L'Oréal Paris,emb. 500 ml,"€5,99/un","€11,98/lt"
Champô Flex Cuidado Clássico,Revlon,emb. 650 ml,"€2,59/un","€3,98/lt"
Champô Leite de Coco,Maui Moisture,emb. 385 ml,"€7,49/un","€19,45/lt"
Coloração Permanente Excellence Universal Nudes Louro Claríssimo 10U,Excellence L'Oréal Paris,emb. 1 un,"€8,44/un","€8,44/un"
Condicionador Elvive Dream Long Magic Water,Elvive L'Oréal Paris,emb. 200 ml,"€9,99/un","€49,95/lt"
Proteção Cabelo Duche,Franck Provost,emb. 1 un,"€3,79/un","€3,79/un"
Máscara Cabelo Elvive Óleo Extraordinário Alma,Elvive L'Oréal Paris,emb. 300 ml,"€6,99/un","€23,30/lt"
Cera Cabelo Beach Matt,Got2B,emb. 100 ml,"€4,94/un","€49,40/lt"
Coloração Permanente Olia Louro 7.0,Olia Garnier,emb. 1 un,"€11,99/un","€11,99/un"
Champô Charcoal Detox,OGX,emb. 385 ml,"€5,99/un","€15,56/lt"
Máscara Cabelo Leite de Aveia,MyLabel,emb. 300 ml,"€2,39/un","€7,97/lt"
Champô Ultra Suave Óleos de Argão e Camélia,Ultra Suave Garnier,emb. 600 ml,"€8,29/un","€13,82/lt"
Champô Regenerador Óleo de Argão de Marrocos,OGX,emb. 385 ml,"€5,99/un","€15,56/lt"
Coloração Permanente Belle Color Castanho Escuro 3.0,Belle Color Garnier,emb. 1 un,"€5,99/un","€5,99/un"
Coloração Tom sobre Tom Casting Creme Gloss Castanho Claro 500,Casting L'Oréal Paris,emb. 1 un,"€9,99/un","€9,99/un"
Óleo Cabelo Leite de Coco,OGX,emb. 100 ml,"€7,49/un","€74,90/lt"
Máscara Cabelo Ultra Suave Azeitona Mítica,Ultra Suave Garnier,emb. 300 ml,"€4,75/un","€15,83/lt"
Champô Agave,Maui Moisture,emb. 385 ml,"€7,49/un","€19,45/lt"
Coloração Permanente Castanho Médio 4.0,Koleston,emb. 1 un,"€6,49/un","€6,49/un"
Coloração Permanente Oleo Intense 5.92,Syoss,emb. 1 un,"€6,77/un","€6,77/un"
Coloração Permanente Excellence Age Perfect Castanho Claro 5.03,Excellence L'Oréal Paris,emb. 1 un,"€11,99/un","€11,99/un"
Laca Caracóis Definidos,Pantene,emb. 300 ml,"€3,74/un","€12,47/lt"
Coloração Permanente Nutrisse Creme Castanho Violino 4.26,Nutrisse Garnier,emb. 1 un,"€6,16/un","€6,16/un"
Laca Cabelo Extra Hold,Tresemmé,emb. 250 ml,"€4,19/un","€16,76/lt"
Champô Split Hair Miracle,Gliss,emb. 250 ml,"€2,49/un","€9,96/lt"
Condicionador Agave,Maui Moisture,emb. 385 ml,"€7,49/un","€19,45/lt"
Ganchos Cabelo Lisos Médios,MyLabel,emb. 2 un,"€2,39/un","€1,20/un"
Coloração Permanente Belle Color Louro Escuro 6.0,Belle Color Garnier,emb. 1 un,"€5,99/un","€5,99/un"
Condicionador de Cabelo Bifásico,MyLabel,emb. 400 ml,"€2,99/un","€7,48/lt"
Óleo Cabelo SOS Cabelo Longo,Aussie,emb. 100 ml,"€7,49/un","€74,90/lt"
Condicionador Ultra Suave sem Enxaguar Delicadeza de Aveia,Ultra Suave Garnier,emb. 200 ml,"€4,19/un","€20,95/lt"
Coloração Permanente Olia Castanho Dourado 5.3,Olia Garnier,emb. 1 un,"€11,99/un","€11,99/un"
Coloração Permanente Castanho Violino 4.6,Koleston,emb. 1 un,"€6,49/un","€6,49/un"
Coloração Permanente Intensive Louro Escuro 6,Palette,emb. 1 un,"€2,79/un","€2,79/un"
Coloração Permanente Intensive Louro Escuro Cendré 6.1,Palette,emb. 1 un,"€2,79/un","€2,79/un"
Condicionador Fibras de Bambu,Maui Moisture,emb. 385 ml,"€7,49/un","€19,45/lt"
Coloração Permanente Colorsilk Castanho Escuro 30,Revlon,emb. 1 un,"€3,89/un","€3,89/un"
Champô Fructis Hidra Liso,Fructis Garnier,emb. 400 ml,"€5,99/un","€14,98/lt"
Champô Mega Volume,Aussie,emb. 300 ml,"€5,99/un","€19,97/lt"
Coloração Permanente Olia Bold Rosa Néon 7.22,Olia Garnier,emb. 1 un,"€11,99/un","€11,99/un"
Champô 7 em 1 Multi Ação,H&S,emb. 300 ml,"€4,94/un","€16,47/lt"
Ampola Concetrada Pro-V Miracles de Reparação de Biotina,Pantene,emb. 25 ml,"€2,24/un","€89,60/lt"
Champô Fructis Pure Non Stop Pepino Fresh,Fructis Garnier,emb. 400 ml,"€5,99/un","€14,98/lt"
Champô Reconstrutor Dream Long,Elvive L'Oréal Paris,emb. 250 ml,"€3,99/un","€15,96/lt"
Máscara Cabelo Hair Biology Volume e Brilho,Pantene,emb. 160 ml,"€4,49/un","€28,06/lt"
Espuma de Cabelo Styling Flexible Curls,Nivea,emb. 150 ml,"€4,19/un","€27,93/lt"
Condicionador Hidratação Leve Leite de Coco,OGX,emb. 385 ml,"€5,99/un","€15,56/lt"
Coloração Permanente Belle Color Castanho Claro Dourado 5.3,Belle Color Garnier,emb. 1 un,"€5,99/un","€5,99/un"
Coloração Permanente Intensive Castanho Claro 5,Palette,emb. 1 un,"€2,79/un","€2,79/un"
Coloração Permanente Olia Castanho Chocolate 4.15,Olia Garnier,emb. 1 un,"€11,99/un","€11,99/un"
Coloração Retoca Raízes Compact Root Retouch Preto,Palette,emb. 1 un,"€5,24/un","€5,24/un"
Condicionador Ultra Suave sem Enxaguar Abacate,Ultra Suave Garnier,emb. 200 ml,"€4,19/un","€20,95/lt"
Coloração Permanente Intensive Dourado Caramelo 7.5,Palette,emb. 1 un,"€2,79/un","€2,79/un"
Óleo Cabelo Suavizante Cânhamo e Aloé,Herbal Essences,emb. 100 ml,"€3,99/un","€39,90/lt"
Coloração Permanente Nutrisse Creme Castanho Claro Acobreado 5.4,Nutrisse Garnier,emb. 1 un,"€6,16/un","€6,16/un"
Óleo Cabelo em Creme Elvive Cabelos Normais e Secos,Elvive L'Oréal Paris,emb. 150 ml,"€7,99/un","€53,27/lt"
Champô Longo e Sublime,Gliss,emb. 250 ml,"€2,49/un","€9,96/lt"
Champô Óleo de Coco,Maui Moisture,emb. 385 ml,"€7,49/un","€19,45/lt"
Champô Ultra Suave Abacate e Carité,Ultra Suave Garnier,emb. 250 ml,"€2,87/un","€11,48/lt"
Sérum Hair Biology Menopausa Revitaliza & Acalma,Pantene,emb. 100 ml,"€7,49/un","€74,90/lt"
Coloração Permanente Óleo Intense 8.50,Syoss,emb. 1 un,"€6,77/un","€6,77/un"
Coloração Retoca Raízes Root Retoucher Spray Preto,Schwarzkopf,emb. 1 un,"€9,29/un","€9,29/un"
Coloração Permanente Intensive Louro Claro Cendre 8.1,Palette,emb. 1 un,"€2,79/un","€2,79/un"
Ganchos Cabelo de Menina,MyLabel,emb. 2 un,"€3,99/un","€2,00/un"
Máscara Cabelo SOS Força,Aussie,emb. 225 ml,"€7,49/un","€33,29/lt"
Pente Cabelo para Desembaraçar,Jean Louis David,emb. 1 un,"€4,14/un","€4,14/un"
Condicionador Ultra Suave Delicadeza de Aveia,Ultra Suave Garnier,emb. 200 ml,"€3,59/un","€17,95/lt"
Máscara Cabelo Hair Biology Purifica e Reconstrói,Pantene,emb. 160 ml,"€4,49/un","€28,06/lt"
Creme de Pentear Ondas com Movimento,Pantene,emb. 270 ml,"€4,49/un","€16,63/lt"
Spray Óleo de Argão de Marrocos Beach Waves,OGX,emb. 177 ml,"€7,49/un","€42,32/lt"
Máscara Cabelo SOS Hidrata,Aussie,emb. 450 ml,"€7,49/un","€16,64/lt"
Gel Cabelo Men Expert ExtremeFix,Men Expert,emb. 150 ml,"€3,89/un","€25,93/lt"
Creme de Pentear Elvive Dream Long Curls,Elvive L'Oréal Paris,emb. 200 ml,"€5,99/un","€29,95/lt"
Condicionador Leite de Coco,OGX,"emb. 88,7 ml","€2,99/un","€33,98/lt"
Coloração Permanente Louro Escuro 550,Natural&Easy,emb. 1 un,"€5,84/un","€5,84/un"
Coloração Permanente Oleo Intense 8.05,Syoss,emb. 1 un,"€6,77/un","€6,77/un"
Laca Cabelo Elnett Satin Cabelos Secos ou Estragados,Elnett L'Oréal Paris,emb. 300 ml,"€4,49/un","€14,97/lt"
Máscara Cabelo Elvive Óleo Extraordinário Coco,Elvive L'Oréal Paris,emb. 300 ml,"€6,99/un","€23,30/lt"
Coloração Permanente Olia Vermelho Intenso 6.60,Olia Garnier,emb. 1 un,"€11,99/un","€11,99/un"
Máscara Cabelo Ultra Suave Argão e Camélia,Ultra Suave Garnier,emb. 300 ml,"€4,75/un","€15,83/lt"
Cera Cabelo Studio Line Indestructible,Studio Line L'Oréal Paris,emb. 75 ml,"€5,99/un","€79,87/lt"
Gel de Cabelo Fructis Style Hard Cement,Fructis Garnier,emb. 200 ml,"€5,49/un","€27,45/lt"
Champô Óleo de Argão de Marrocos,OGX,emb. 385 ml,"€6,74/un","€17,51/lt"
Condicionador Repara e Fortalece,Tresemmé,emb. 400 ml,"€4,19/un","€10,48/lt"
Coloração Permanente Vermelho Intenso 5.29,Syoss,emb. 1 un,"€5,39/un","€5,39/un"
Máscara Cabelo Ultra Suave Leite de Amêndoa Bio,Ultra Suave Garnier,emb. 300 ml,"€4,75/un","€15,83/lt"
Coloração Permanente Belle Color Castanho Acajou 5.5,Belle Color Garnier,emb. 1 un,"€5,99/un","€5,99/un"
Tratamento Pro-V Miracles Redensificante Volume e Nutrição,Pantene,emb. 100 ml,"€7,49/un","€74,90/lt"
Coloração Permanente Belle Color Preto 1.0,Belle Color Garnier,emb. 1 un,"€5,99/un","€5,99/un"
Pó Texturizante Cabelo Volume,Got2B,emb. 10 gr,"€4,94/un","€494,00/kg"
Champô Fructis Hidra Caracóis,Fructis Garnier,emb. 250 ml,"€3,99/un","€15,96/lt"
Coloração Permanente Louro Claro 8.0,Koleston,emb. 1 un,"€6,49/un","€6,49/un"
Coloração Permanente Oleo Intense Louro Avelã 6-80,Syoss,emb. 1 un,"€6,77/un","€6,77/un"
Gel Cabelo Men Expert InvisiControl,Men Expert,emb. 150 ml,"€3,89/un","€25,93/lt"
Coloração Permanente Intensive Louro Claro 8,Palette,emb. 1 un,"€2,79/un","€2,79/un"
Máscara Cabelo Ultra Suave Riqueza D'Argão,Ultra Suave Garnier,emb. 300 ml,"€4,75/un","€15,83/lt"
Elásticos Cabelo Laço Gorgorão,MyLabel,emb. 2 un,"€2,99/un","€1,50/un"
Coloração Permanente Excellence Creme Louro Claro Dourado 8.3,Excellence L'Oréal Paris,emb. 1 un,"€8,44/un","€8,44/un"
Condicionador Fructis Hair Food Macadâmia,Fructis Garnier,emb. 350 ml,"€6,59/un","€18,83/lt"
Condicionador Hidrata e Desfriza Óleo de Kukuí,OGX,emb. 385 ml,"€5,99/un","€15,56/lt"
Mini Espelho e Escova de Cabelo,Franck Provost,emb. 1 un,"€5,76/un","€5,76/un"
Champô Fructis Força e Brilho,Fructis Garnier,emb. 250 ml,"€3,99/un","€15,96/lt"
Creme de Pentear Fructis Hidra Liso e Suave,Fructis Garnier,emb. 400 ml,"€7,99/un","€19,98/lt"
Espuma Cabelo Twisted Caracóis,Got2B,emb. 250 ml,"€4,94/un","€19,76/lt"
Coloração Permanente Excellence Creme Louro Escuro Acobreado 6.46,Excellence L'Oréal Paris,emb. 1 un,"€8,44/un","€8,44/un"
Champô Seco Volumising,Tresemmé,emb. 250 ml,"€5,39/un","€21,56/lt"
Máscara Cabelo Ultra Suave Seiva Reparadora,Ultra Suave Garnier,emb. 300 ml,"€4,75/un","€15,83/lt"
Champô Elvive Fortificante Full Resist,Elvive L'Oréal Paris,emb. 250 ml,"€3,99/un","€15,96/lt"
Condicionador Fibras de Bambu,Maui Moisture,emb. 100 ml,"€2,99/un","€29,90/lt"
Spray Cabelo Glued Blasting Freeze,Got2B,emb. 300 ml,"€4,94/un","€16,47/lt"
Champô Fructis Vitamin Force,Fructis Garnier,emb. 400 ml,"€3,59/un","€8,98/lt"
Champô Fructis Anticaspa,Fructis Garnier,emb. 250 ml,"€3,99/un","€15,96/lt"
Champô Óleo de Orquídea,OGX,emb. 385 ml,"€5,99/un","€15,56/lt"
Champô Elvive Color Vive,Elvive L'Oréal Paris,emb. 250 ml,"€3,19/un","€12,76/lt"
Condicionador Fructis Vitamin Force,Fructis Garnier,emb. 300 ml,"€3,53/un","€11,77/lt"
Espuma Cabelo Ondas com Movimento,Pantene,emb. 200 ml,"€3,74/un","€18,70/lt"
Aclarador Cabelo Gradual Intensive Louro Muito Claro 10.0,Palette,emb. 1 un,"€4,49/un","€4,49/un"
Champô Fructis Hair Food Macadâmia,Fructis Garnier,emb. 350 ml,"€6,59/un","€18,83/lt"
Coloração Permanente Excellence Universal Nudes Louro Muito Claro 9U,Excellence L'Oréal Paris,emb. 1 un,"€8,44/un","€8,44/un"
Champô Ultra Suave Delicadeza de Aveia,Ultra Suave Garnier,emb. 250 ml,"€3,59/un","€14,36/lt"
Coloração Permanente Castanho Sensual 5.37,Koleston,emb. 1 un,"€6,49/un","€6,49/un"
Champô Fibras de Bambu,Maui Moisture,emb. 100 ml,"€2,99/un","€29,90/lt"
Coloração Permanente Intensive Vermelho Rubi 6.88,Palette,emb. 1 un,"€2,79/un","€2,79/un"
Condicionador Fructis Hidra Caracóis,Fructis Garnier,emb. 200 ml,"€3,99/un","€19,95/lt"
Champô Fructis Pure Non Stop Menta Fresh,Fructis Garnier,emb. 400 ml,"€5,99/un","€14,98/lt"
Champô Nutritivo Leite de Coco,OGX,"emb. 88,7 ml","€2,99/un","€33,98/lt"
Condicionador Ultra Suave sem Enxaguar Tesouros de Mel,Ultra Suave Garnier,emb. 200 ml,"€4,19/un","€20,95/lt"
Champô Purificante Morango e Menta,Herbal Essences,emb. 250 ml,"€2,87/un","€11,48/lt"
Champô Antipiolhos e Lêndeas,Mercurochrome,emb. 125 ml,"€8,15/un","€8,15/lt"
Creme de Pentear Queratina,Syoss,emb. 150 ml,"€3,24/un","€21,60/lt"
Condicionador Elvive Color Vive Magic Water,Elvive L'Oréal Paris,emb. 200 ml,"€6,99/un","€34,95/lt"
Pente Cabelo de Madeira,Jean Louis David,emb. 1 un,"€3,80/un","€3,80/un"
Elásticos Cabelo Simples,Jean Louis David,emb. 1 un,"€2,85/un","€2,85/un"
Cera de Cabelo Fructis Style Brilho,Fructis Garnier,emb. 75 ml,"€5,49/un","€73,20/lt"
Mola Cabelo Barbatana Pequena,Jean Louis David,emb. 1 un,"€4,14/un","€4,14/un"
Acessório para Limpar Escovas de Cabelo Xpert Pro,Franck Provost,emb. 1 un,"€5,55/un","€5,55/un"
Champô Ultra Suave Leite de Coco e Macadâmia,Ultra Suave Garnier,emb. 250 ml,"€3,59/un","€14,36/lt"
Pente Cabelo com Cabo de Cauda,Jean Louis David,emb. 1 un,"€3,63/un","€3,63/un"
Coloração Retoca Raízes Compact Root Retouch Castanho,Palette,emb. 1 un,"€5,24/un","€5,24/un"
Creme de Pentear Ultra Suave Tesouros de Mel,Ultra Suave Garnier,emb. 200 ml,"€3,49/un","€17,45/lt"
Coloração Permanente Oleo Intense 12.00,Syoss,emb. 1 un,"€6,77/un","€6,77/un"
Champô Ultra Suave Tesouros de Mel,Ultra Suave Garnier,emb. 250 ml,"€3,59/un","€14,36/lt"
Coloração Permanente Intensive Castanho Caramelo 5.6,Palette,emb. 1 un,"€4,49/un","€4,49/un"
Condicionador Ultra Suave Leite de Coco,Ultra Suave Garnier,emb. 200 ml,"€3,59/un","€17,95/lt"
Laca Cabelo Freeze Hold,Tresemmé,emb. 250 ml,"€4,19/un","€16,76/lt"
Champô Ultra Suave Leite de Amêndoa Bio,Ultra Suave Garnier,emb. 250 ml,"€3,59/un",
Creme de Pentear Fructis Força e Brilho,Fructis Garnier,emb. 400 ml,"€7,99/un","€19,98/lt"
Condicionador Ultra Suave sem Enxaguar Água de Coco,Ultra Suave Garnier,emb. 200 ml,"€4,19/un","€20,95/lt"
Coloração Retoca Raízes Compact Root Retouch Louro Escuro,Palette,emb. 1 un,"€5,24/un","€5,24/un"
Pinça Cabelo Laço Gorgorão Triplo Criança,MyLabel,emb. 1 un,"€3,49/un","€3,49/un"
Bandolete Cabelo Estreita,MyLabel,emb. 1 un,"€3,19/un","€3,19/un"
Pente Cabelo Garfo,MyLabel,emb. 1 un,"€1,49/un","€1,49/un"
Ampola Concentrada Pro-V Miracles Anti-Frizz,Pantene,emb. 25 ml,"€2,24/un","€89,60/lt"
Coloração Permanente Oleo Intense 5.54,Syoss,emb. 1 un,"€6,77/un","€6,77/un"
Creme de Pentear Brilho Fixação,OGX,emb. 177 ml,"€7,49/un","€42,32/lt"
Coloração Permanente Oleo Intense Louro Natural 7.10,Syoss,emb. 1 un,"€5,99/un","€5,99/un"
Coloração Permanente Louro Claro 530,Natural&Easy,emb. 1 un,"€5,84/un","€5,84/un"
Argila Texturizante Cabelo Istyler,Got2B,emb. 75 ml,"€4,94/un","€65,87/lt"
Ampola Cabelo Reparação SOS,Aussie,emb. 25 ml,"€2,99/un","€119,60/lt"
Máscara Cabelo Hair Biology Grisalho Radiante e Suave,Pantene,emb. 160 ml,"€4,49/un","€28,06/lt"
Champô Hidrata e Desfriza Óleo de Kukuí,OGX,emb. 385 ml,"€5,99/un","€15,56/lt"
Champô Manteiga de Karité,Maui Moisture,emb. 100 ml,"€2,99/un","€29,90/lt"
Banda Cabelo,Franck Provost,emb. 1 un,"€3,79/un","€3,79/un"
Condicionador Regenerador Óleo de Argão de Marrocos,OGX,"emb. 88,7 ml","€2,99/un","€33,98/lt"
Creme de Pentear Ultra Suave Tesouros de Mel,Ultra Suave Garnier,emb. 150 ml,"€3,49/un","€23,27/lt"
Condicionador 7Sec Color,Gliss,emb. 200 ml,"€5,99/un","€29,95/lt"
Creme de Pentear Ultra Suave Riqueza D'Argão,Ultra Suave Garnier,emb. 200 ml,"€3,49/un","€17,45/lt"
Coloração Permanente Belle Color Castanho 4.0,Belle Color Garnier,emb. 1 un,"€5,99/un","€5,99/un"
Condicionador Cor Queratina,Tresemmé,emb. 700 ml,"€6,59/un","€9,41/lt"
Condicionador Queratina Brasileira,OGX,"emb. 88,7 ml","€2,99/un","€33,98/lt"
Máscara Cabelo Hair Biology Menopausa Revitaliza & Acalma,Pantene,emb. 160 ml,"€4,49/un","€28,06/lt"
Coloração Permanente Nutrisse Creme Louro 7.0,Nutrisse Garnier,emb. 1 un,"€6,16/un","€6,16/un"
Champô Cânhamo Anti-frizz,Aussie,emb. 300 ml,"€5,99/un","€19,97/lt"
Creme de Pentear Elvive Full Resist,Elvive L'Oréal Paris,emb. 200 ml,"€5,99/un","€29,95/lt"
Coloração Permanente Colorsilk Castanho Dourado Escuro 37,Revlon,emb. 1 un,"€3,89/un","€3,89/un"
Champô Elvive Total Repair 5,Elvive L'Oréal Paris,emb. 250 ml,"€3,99/un","€15,96/lt"
Gel Fructis Style Wet Shine,Fructis Garnier,emb. 200 ml,"€5,49/un","€27,45/lt"
Pente Cabelo para Duche,MyLabel,emb. 1 un,"€1,74/un","€1,74/un"
Champô Regenerador Óleo de Argão de Marrocos,OGX,"emb. 88,7 ml","€2,99/un","€33,98/lt"
Espuma Cabelo Volume Lift,Syoss,emb. 250 ml,"€2,79/un","€11,16/lt"
Bandolete Cabelo Perolizada,MyLabel,emb. 1 un,"€3,19/un","€3,19/un"
Champô Ultra Suave Azeitona Mítica,Ultra Suave Garnier,emb. 250 ml,"€3,59/un","€14,36/lt"
Champô Queratina Brasileira,OGX,"emb. 88,7 ml","€2,99/un","€33,98/lt"
Champô Hair Biology Menopausa Revitaliza & Acalma,Pantene,emb. 250 ml,"€3,74/un","€14,96/lt"
Coloração Permanente Belle Color Castanho Claro 5.0,Belle Color Garnier,emb. 1 un,"€5,99/un","€5,99/un"
Champô SOS Cabelo Longo,Aussie,emb. 290 ml,"€5,99/un","€20,66/lt"
Elásticos Cabelo Xuxu,Jean Louis David,emb. 1 un,"€2,85/un","€2,85/un"
Condicionador Hair Biology Menopausa Revitaliza & Acalma,Pantene,emb. 160 ml,"€3,74/un","€23,38/lt"
Pasta Cabelo Men Expert ExtremeFix,Men Expert,emb. 75 ml,"€4,54/un","€60,53/lt"
Laca Cabelo Flex Hold,Tresemmé,emb. 250 ml,"€4,19/un","€16,76/lt"
Fita Cabelo Laço Bebé,MyLabel,emb. 1 un,"€1,99/un","€1,99/un"
Escova Cabelo Térmica Grande,MyLabel,emb. 1 un,"€3,49/un","€3,49/un"
Coloração Permanente Nutrisse Ultra Color Vermelho Ousado 5.62,Nutrisse Garnier,emb. 1 un,"€6,16/un","€6,16/un"
Coloração Permanente Nutrisse Preto Cereja 2.60,Nutrisse Garnier,emb. 1 un,"€6,16/un","€6,16/un"
Coloração Permanente Olia Louro Claríssimo Cendré 10.1,Olia Garnier,emb. 1 un,"€11,99/un","€11,99/un"
Coloração Tom sobre Tom Casting Creme Gloss Ameixa 316,Casting L'Oréal Paris,emb. 1 un,"€9,99/un","€9,99/un"
Aparador Cabelo com Acessórios,Bazarão,emb. 1 un,"€17,99/un","€17,99/un"
Coloração Permanente Excellence Age Perfect Castanho Muito Claro Radiante 6.03,Excellence L'Oréal Paris,emb. 1 un,"€11,99/un","€11,99/un"
Coloração Permanente Excellence Universal Nudes Louro Claro 8U,Excellence L'Oréal Paris,emb. 1 un,"€8,44/un","€8,44/un"
Escova de Cabelo Pro Mista Nylon+Javali,Franck Provost,emb. 1 un,"€8,04/un","€8,04/un"
Champô Repara e Protege,Pantene,emb. 3 x 380 ml,"€15,46/un","€13,56/lt"
Champô Fructis Anticaspa,Fructis Garnier,emb. 3 x 690 ml,"€14,99/un","€7,24/lt"
Coloração Permanente Belle Color Louro 7.0,Belle Color Garnier,emb. 1 un,"€5,99/un","€5,99/un"
Laços Cabelo Velcro Bebé Sortido,MyLabel,emb. 2 un,"€2,99/un","€1,50/un"
Escova Cabelo Pontas Redondas,Jean Louis David,emb. 1 un,"€9,51/un","€9,51/un"
Coloração Permanente Olia Louro Muito Claro 9.0,Olia Garnier,emb. 1 un,"€11,99/un","€11,99/un"
Coloração Tom sobre Tom Casting Creme Gloss Louro Âmbar 834,Casting L'Oréal Paris,emb. 1 un,"€9,99/un","€9,99/un"
Aparador de Cabelo com Acessórios,Bazarão,emb. 1 un,"€17,99/un","€17,99/un"
Coloração Retoca Raízes Root Retoucher Spray Louro Claro,Schwarzkopf,emb. 1 un,"€9,29/un","€9,29/un"
Gancho Cabelo Xpert Pro,Franck Provost,emb. 1 un,"€3,79/un","€3,79/un"
Coloração Permanente Castanho Escuro 3.0,Koleston,emb. 1 un,"€6,49/un","€6,49/un"
Escova Cabelo Pontas Arredondadas,Jean Louis David,emb. 1 un,"€9,11/un","€9,11/un"
Champô Seco Extra Fresh,Got2B,emb. 200 ml,"€3,96/un","€19,80/lt"
Aparador de Cabelo All In One,Bazarão,emb. 1 un,"€14,99/un","€14,99/un"
Escova de Cabelo Brushing,Franck Provost,emb. 1 un,"€9,28/un","€9,28/un"
Coloração Permanente Colorsilk Louro Escuro 61,Revlon,emb. 1 un,"€3,89/un","€3,89/un"
Champô Fibras de Bambu,Maui Moisture,emb. 385 ml,"€7,49/un","€19,45/lt"
Ganchos Cabelo Zigue Zag Fashion,Franck Provost,emb. 1 un,"€3,79/un","€3,79/un"
Escova de Cabelo Ventilada Grande,Franck Provost,emb. 1 un,"€6,90/un","€6,90/un"
Coloração Permanente Preto 2.0,Koleston,emb. 1 un,"€6,49/un","€6,49/un"
Elásticos Cabelo Espiral Brilhantes,MyLabel,emb. 3 un,"€2,49/un","€0,83/un"
Condicionador Leite de Coco,Maui Moisture,emb. 385 ml,"€7,49/un","€19,45/lt"
Bandolete Cabelo com Trança,Jean Louis David,emb. 1 un,"€5,25/un","€5,25/un"
Coloração Retoca Raízes Magic Retouch Louro,Magic Retouch L'Oréal Paris,emb. 150 ml,"€11,99/un","€79,93/lt"
Coloração Permanente Blond Trés Clair Lumineux 9.0,Kéranove Naturanove,emb. 1 un,"€7,49/un","€7,49/un"
Mola Cabelo com Fantasia Laço,Jean Louis David,emb. 1 un,"€4,14/un","€4,14/un"
Coloração Permanente Acajou 5.5,Kéranove Naturanove,emb. 1 un,"€7,49/un","€7,49/un"
Ganchos Cabelo Moda,Franck Provost,emb. 1 un,"€3,79/un","€3,79/un"
Bandolete Cabelo Laço Gorgorão Criança,MyLabel,emb. 1 un,"€3,59/un","€3,59/un"
Elásticos Cabelo Color Veludo,Franck Provost,emb. 1 un,"€3,79/un","€3,79/un"
Travessão Cabelo Prestige,Jean Louis David,emb. 1 un,"€5,25/un","€5,25/un"
Coloração Permanente Blond Foncé 7.0,Kéranove Naturanove,emb. 1 un,"€7,49/un","€7,49/un"
Fita Cabelo Gorgorão Criança,MyLabel,emb. 1 un,"€3,29/un","€3,29/un"
Coloração Permanente Latte Glacé 7.8,Kéranove Naturanove,emb. 1 un,"€7,49/un","€7,49/un"
Coloração Permanente Moka Gourmand 5.35,Kéranove Naturanove,emb. 1 un,"€7,49/un","€7,49/un"
Coloração Permanente Blond Lumineux 8.0,Kéranove Naturanove,emb. 1 un,"€7,49/un","€7,49/un"
Travessão Cabelo Gorgorão XL,MyLabel,emb. 1 un,"€4,99/un","€4,99/un"
Ganchos Cabelo Metálicos Criança,MyLabel,emb. 4 un,"€2,99/un","€0,75/un"
Mola Cabelo Grande,Jean Louis David,emb. 1 un,"€5,25/un","€5,25/un"
Mola Cabelo Retangular Pequena,Jean Louis David,emb. 1 un,"€4,55/un","€4,55/un"
Pinça Cabelo Laço Gorgorão Criança,MyLabel,emb. 1 un,"€3,49/un","€3,49/un"
Ganchos Cabelo Clic Clac Laço Gorgorão,MyLabel,emb. 2 un,"€3,99/un","€2,00/un"
Escova de Cabelo Ergonómica Xpert,Franck Provost,emb. 1 un,"€11,84/un","€11,84/un"
Coloração Permanente Blond Foncé Doré 6.3,Kéranove Naturanove,emb. 1 un,"€7,49/un","€7,49/un"
Bandolete Menina,MyLabel,emb. 1 un,"€3,59/un","€3,59/un"
Escova de Cabelo Secador ProxPert M,Franck Provost,emb. 1 un,"€14,07/un","€14,07/un"
Ganchos Cabelo Dourados,Princess Lili,emb. 1 un,"€3,17/un","€3,17/un"
Coloração Permanente Colorsilk Preto 10,Revlon,emb. 1 un,"€3,89/un","€3,89/un"
Coloração Permanente Chatâin Profond 4.0,Kéranove Naturanove,emb. 1 un,"€7,49/un","€7,49/un"
Pente de Cabelo Mechas,Franck Provost,emb. 1 un,"€2,83/un","€2,83/un"
Banda Cabelo,Princess Lili,emb. 1 un,"€2,57/un","€2,57/un"
Mola Cabelo Ornamentada,Jean Louis David,emb. 1 un,"€4,55/un","€4,55/un"
Coloração Tom sobre Tom Casting Creme Gloss Preto Azulado 210,Casting L'Oréal Paris,emb. 1 un,"€9,99/un","€9,99/un"
Mola Cabelo Pequena,Jean Louis David,emb. 1 un,"€4,14/un","€4,14/un"
Elásticos Cabelo Chouchou,Franck Provost,emb. 1 un,"€3,79/un","€3,79/un"
Coloração Permanente Chocolat 5.15,Kéranove Naturanove,emb. 1 un,"€7,49/un","€7,49/un"
Escova Cabelo Madeira Anti-Estática,Jean Louis David,emb. 1 un,"€9,51/un","€9,51/un"
Coloração Permanente Châtain Clair 6.0,Kéranove Naturanove,emb. 1 un,"€7,49/un","€7,49/un"
Pente de Cabelo Coloração,Franck Provost,emb. 1 un,"€3,79/un","€3,79/un"
Mola Cabelo Fantasia,Jean Louis David,emb. 1 un,"€5,25/un","€5,25/un"
Champô Reparador Óleo de Argão,Herbal Essences,emb. 3 x 400 ml,"€11,97/un","€9,98/lt"
Mini Molas Cabelo,Jean Louis David,emb. 1 un,"€4,55/un","€4,55/un"
Óleo Cabelo Hidratação Leite de Coco e Aloé,Herbal Essences,emb. 100 ml,"€3,99/un","€39,90/lt"
Escova Cabelo em Madeira,Jean Louis David,emb. 1 un,"€11,48/un","€11,48/un"
Fita Cabelo Torcida Azul Liberdade,Babyliss,emb. 1 un,"€4,49/un","€4,49/un"
Elástico Cabelo Chouchou Grande,Babyliss,emb. 1 un,"€2,69/un","€2,69/un"
Coloração Permanente Age Car Louro Muito Claro Cendré 10.1,Palette,emb. 1 un,"€5,59/un","€5,59/un"
Coloração Permanente Age Care Color Bege Claro 9.40,Palette,emb. 1 un,"€5,59/un","€5,59/un"
Creme Cabelo Hidratante Caracóis Abacate,Cantu,emb. 340 ml,"€8,99/un","€26,44/lt"
Champô 24h Body & Volume,Tresemmé,emb. 900 ml,"€6,59/un","€7,32/lt"
Óleo Cabelo Extra Hidratante Argão de Marrocos,OGX,emb. 100 ml,"€7,49/un","€74,90/lt"
Óleo Cabelo Restaurador Antiquebra Queratina,OGX,emb. 118 ml,"€7,49/un","€63,47/lt"
Champô Volume Toranja Menta,Herbal Essences,emb. 400 ml,"€3,99/un","€9,98/lt"
Champô Citrus,H&S,emb. 300 ml,"€4,49/un","€14,97/lt"
Laca Cabelo Fixação Flexível,Pantene,emb. 370 ml,"€4,94/un","€13,35/lt"
Champô Classic 2 em 1,H&S,emb. 300 ml,"€4,49/un","€14,97/lt"
Máscara Cabelo Tratamento Intensivo Manteiga de Karité,Cantu,emb. 340 ml,"€8,99/un","€26,44/lt"
Elástico Cabelo Chouchou Grande Verde Pastel,Babyliss,emb. 1 un,"€2,69/un","€2,69/un"
Elásticos Cabelo Fantasia,Omnia Botância,emb. 1 un,"€3,30/un","€3,30/un"
Champô Creme Manteiga de Karité,Cantu,emb. 400 ml,"€7,99/un","€19,98/lt"
Espuma Cabelo Caracóis,Cantu,emb. 238 ml,"€7,99/un","€33,57/lt"
Condicionador Aqualight,Pantene,emb. 275 ml,"€3,74/un","€13,60/lt"
Condicionador Hidratante Abacate e Manteiga de Karité,Cantu,emb. 400 ml,"€8,50/un","€21,25/lt"
Champô Homem Controlo Oleosidade,MyLabel,emb. 400 ml,"€2,39/un","€5,98/lt"
Champô Classic 2 em 1,H&S,emb. 600 ml,"€6,59/un","€10,98/lt"
Condicionador Pro-V Miracles Volume e Nutrição,Pantene,emb. 460 ml,"€6,74/un","€14,65/lt"
Champô 3 em 1 Liso e Sedoso,Pantene,emb. 675 ml,"€6,74/un","€9,99/lt"
Travessão Cabelo,Babyliss,emb. 1 un,"€4,27/un","€4,27/un"
Máscara-Leite Cabelo Ultra Suave Mel Reconstrutor,Ultra Suave Garnier,emb. 250 ml,"€5,99/un","€23,96/lt"
Champô Pro-V Miracles Seda,Pantene,emb. 500 ml,"€6,74/un","€13,48/lt"
Champô Classic,H&S,emb. 600 ml,"€6,59/un","€10,98/lt"
Champô Classic,H&S,emb. 1 lt,"€9,99/un","€0,01/lt"
Condicionador Pro-V Miracles Seda,Pantene,emb. 460 ml,"€6,74/un","€14,65/lt"
Pantene Pro-V Miracles Antifrizz,Fairy,emb. 460 ml,"€6,74/un","€6,74/un"
Escova Pneumática,Omnia Botância,emb. 1 un,"€12,71/un","€12,71/un"
Champô 3 em 1 Repara e Protege,Pantene,emb. 675 ml,"€6,74/un","€9,99/lt"
Coffret Champô Sensitive Cool + Champô Cool Sport Menthol + Oferta Cachecol,Linic,emb. 1 un,"€19,49/un","€19,49/un"
Champô Mentol,H&S,emb. 1 lt,"€9,99/un","€0,01/lt"
Condicionador Pro-V Miracles Bambu,Pantene,emb. 460 ml,"€6,74/un","€14,65/lt"
Molas Cabelo,Omnia Botância,emb. 1 un,"€4,51/un","€4,51/un"
Champô Hidratante Abacate,Cantu,emb. 400 ml,"€8,50/un","€21,25/lt"
Coloração Permanente Olia Highlights para Morenas,Olia Garnier,emb. 1 un,"€11,99/un","€11,99/un"
Coloração Permanente Age Care Louro Cendré 7.1,Palette,emb. 1 un,"€5,59/un","€5,59/un"
Creme Cabelo Definição e Brilho,Cantu,emb. 340 ml,"€6,99/un","€20,56/lt"
Coloração Permanente Oleo Intense Louro Dourado 8-86,Syoss,emb. 1 un,"€5,64/un","€5,64/un"
Champô Pro Pure Volume,Tresemmé,emb. 380 ml,"€4,79/un","€12,61/lt"
Máscara Hidratação Intensa,Tresemmé,emb. 440 ml,"€5,39/un","€12,25/lt"
Condicionador Reparador Manteiga de Karité,Cantu,emb. 453 ml,"€7,99/un","€17,64/lt"
Champô Maçã,H&S,emb. 300 ml,"€4,49/un","€14,97/lt"
Bandolete Cabelo,Jean Louis David,emb. 1 un,"€6,33/un","€6,33/un"
Escova Cabelo para Desembaraçar,Omnia Botância,emb. 1 un,"€11,37/un","€11,37/un"
Champô Pro-V Miracles Hidratação e Brilho,Pantene,emb. 225 ml,"€4,49/un","€19,96/lt"
Coloração Permanente Age Care Color Louro Claro 9.0,Palette,emb. 1 un,"€5,59/un","€5,59/un"
Pente Cabelo Vegetal Nature,Babyliss,emb. 1 un,"€5,99/un","€5,99/un"
Champô Coco,H&S,emb. 300 ml,"€4,49/un","€14,97/lt"
Travessão Cabelo,Jean Louis David,emb. 1 un,"€6,33/un","€6,33/un"
Espuma Cabelo Caracóis Perfeitos,Pantene,emb. 200 ml,"€3,74/un","€18,70/lt"
Champô Antiqueda,H&S,emb. 600 ml,"€6,59/un","€6,59/lt"
Laca Cabelo Fixação Ultra Forte,Pantene,emb. 370 ml,"€4,94/un","€13,35/lt"
Creme Cabelo Caracóis,Pantene,emb. 235 ml,"€7,49/un","€31,87/lt"
Elástico Cabelo Chouchou Grande Cetim,Babyliss,emb. 1 un,"€2,69/un","€2,69/un"
Elástico Cabelo Moda,Babyliss,emb. 1 un,"€2,50/un","€2,50/un"
Sérum Cabelo Anti-Quebra Leite de Coco,OGX,emb. 100 ml,"€7,49/un","€74,90/lt"
Champô Pro Pure Damage,Tresemmé,emb. 380 ml,"€4,79/un","€12,61/lt"
Champô Pro Pure Colour,Tresemmé,emb. 380 ml,"€4,79/un","€12,61/lt"
Champô Repara Óleo de Argão,Herbal Essences,emb. 680 ml,"€5,99/un","€8,81/lt"
Champô Maçã,H&S,emb. 1 lt,"€9,99/un","€0,01/lt"
Cera Cabelo Elastic Efeito Mate,Nivea,emb. 75 ml,"€5,99/un","€79,87/lt"
Champô Mentol,H&S,emb. 600 ml,"€6,59/un","€10,98/lt"
Champô Nutre,H&S,emb. 230 ml,"€3,74/un","€16,26/lt"
Laca Cabelo Volume Perfeito,Pantene,emb. 250 ml,"€3,74/un","€14,96/lt"
Champô Pro-V Miracles Antifrizz,Pantene,emb. 500 ml,"€6,74/un","€13,48/lt"
Champô Classic 2 em 1,H&S,emb. 1 lt,"€9,99/un","€0,01/lt"
Coloração Permanente Marron 3.0,Kéranove Naturanove,emb. 1 un,"€7,49/un","€7,49/un"
Champô 3 em 1 Cuidado Clássico,Pantene,emb. 675 ml,"€6,74/un","€9,99/lt"
Gancho Cabelo Clic Clac,Babyliss,emb. 1 un,"€2,69/un","€2,69/un"
Champô Ultra Suave Tesouros de Mel,Ultra Suave Garnier,emb. 3 x 600 ml,"€12,44/un","€6,91/lt"
Cera Cabelo Invisible Past,Syoss,emb. 100 ml,"€3,24/un","€32,40/lt"
Champô Apple Cider Vinegar,OGX,emb. 385 ml,"€6,74/un","€17,51/lt"
Elásticos Cabelo,Omnia Botância,emb. 1 un,"€4,51/un","€4,51/un"
Bandolete Cabelo,Omnia Botância,emb. 1 un,"€5,72/un","€5,72/un"
Escova Cabelo Desembaraça com Caixa Protetora,Babyliss,emb. 1 un,"€7,97/un","€7,97/un"
Máscara Cabelo Miracle Oil Leite de Coco,OGX,emb. 300 gr,"€7,49/un","€24,97/kg"
Máscara Cabelo Liso Keratina,Tresemmé,emb. 440 ml,"€8,99/un","€20,43/lt"
Condicionador Repara Óleo de Argão,Herbal Essences,emb. 465 ml,"€5,99/un","€12,88/lt"
Champô Awapuhi,Maui Moisture,emb. 385 ml,"€7,49/un","€19,45/lt"
Champô Classic,H&S,emb. 300 ml,"€4,49/un","€14,97/lt"
Condicionador Awapuhi,Maui Moisture,emb. 385 ml,"€7,49/un","€19,45/lt"
Condicionador Hidrata Leite de Coco,Herbal Essences,emb. 465 ml,"€5,99/un","€12,88/lt"
Condicionador Creme Manteiga de Karité,Cantu,emb. 400 ml,"€7,99/un","€19,98/lt"
Champô Nutre,H&S,emb. 300 ml,"€4,49/un","€14,97/lt"
Champô Suave e Sedoso,H&S,emb. 300 ml,"€4,49/un","€14,97/lt"
Laca Cabelo Volume Perfeito,Pantene,emb. 370 ml,"€4,94/un","€13,35/lt"
Máscara Cabelo Pro-V Miracles Hidratação e Brilho,Pantene,emb. 160 ml,"€4,94/un","€30,88/lt"
Gancho Cabelo Dourado,Babyliss,emb. 1 un,"€3,98/un","€3,98/un"
Laca Cabelo Fixação Normal,MyLabel,emb. 300 ml,"€1,49/un","€4,97/lt"
Tratamento Cabelo Derma X Pro Hidratante,H&S,emb. 145 ml,"€7,49/un","€51,66/lt"
Champô Maçã,H&S,emb. 600 ml,"€6,59/un","€10,98/lt"
Champô Mentol,H&S,emb. 300 ml,"€4,49/un","€14,97/lt"
Pregadeira e Gancho Cabelo,Jean Louis David,emb. 1 un,"€6,33/un","€6,33/un"
Champô Citrus,H&S,emb. 600 ml,"€6,59/un","€10,98/lt"
Máscara Cabelo Repara e Fortalece,Tresemmé,emb. 440 ml,"€5,39/un","€12,25/lt"
Champô Purple Toning,OGX,emb. 385 ml,"€6,74/un","€17,51/lt"
Champô Derma X Pro Calmante,H&S,emb. 300 ml,"€4,94/un","€16,47/lt"
Champô Derma X Pro Reconstructor,H&S,emb. 300 ml,"€4,94/un","€16,47/lt"
Spray Cabelo Volume Texturizing,Pantene,emb. 250 ml,"€7,49/un","€29,96/lt"
Espuma Cabelo Ondas Perfeitas,Pantene,emb. 200 un,"€3,74/un","€18,70/lt"
Máscara Cabelo Tratamento Reparação Intensiva Manteiga de Karité,Cantu,emb. 50 ml,"€2,99/un","€59,80/lt"
Champô Homem Anti-Grease,Nivea,emb. 250 ml,"€4,39/un","€17,56/lt"
Espuma Cabelo Volume Perfeito,Pantene,emb. 200 ml,"€3,74/un","€18,70/lt"
Laca Cabelo Fixação Ultra Forta,Pantene,emb. 250 ml,"€3,74/un","€14,96/lt"
Coffret Keratin Champô + Máscara + Protetor Calor,Tresemmé,emb. 1 un,"€15,59/un","€15,59/un"
Creme Cabelo Caracóis Coco,Cantu,emb. 340 ml,"€8,99/un","€26,44/lt"
Coloração Permanente Intensive Louro Acobreado 9.7,Palette,emb. 1 un,"€4,49/un","€4,49/un"
Champô Caracóis Hidratados,Tresemmé,emb. 900 ml,"€6,59/un","€7,32/lt"
Sérum Cabelo Anti-quebra Leite de Coco,OGX,emb. 118 ml,"€7,49/un","€63,47/lt"
Tratamento Cabelo Derma X Pro Calmante,H&S,emb. 145 ml,"€7,49/un","€51,66/lt"
Champô Derma X Pro Hidratante,H&S,emb. 300 ml,"€4,94/un","€16,47/lt"
Champô Antiqueda,H&S,emb. 300 ml,"€4,49/un","€14,97/lt"
Champô Antiqueda,H&S,emb. 1 lt,"€9,99/un","€0,01/lt"
Champô Citrus,H&S,emb. 1 lt,"€9,99/un","€0,01/lt"
Condicionador Coco,H&S,emb. 275 ml,"€4,49/un","€16,33/lt"
Espuma Cabelo Caracóis Perfeitos,Pantene,emb. 300 ml,"€4,94/un","€16,47/lt"
Spray Cabelo Revitalizador Caracóis Manteiga de Karité,Cantu,emb. 340 ml,"€8,99/un","€26,44/lt"
Creme Cabelo Hidratante Ativador Caracóis,Cantu,emb. 340 ml,"€8,99/un","€26,44/lt"
Champô Suave e Sedoso,H&S,emb. 230 ml,"€3,74/un","€16,26/lt"
Champô Roxo Hidratante SOS Cabelos Loiros,Aussie,emb. 290 ml,"€5,99/un","€20,66/lt"
Máscara Cabelo Óleo de Argão de Marrocos,OGX,emb. 300 gr,"€7,49/un","€24,97/kg"
Escova Cabelo Desembaraça Vegetal Nature,Babyliss,emb. 1 un,"€6,99/un","€6,99/un"
Coloração Permanente Age Care Louro Dourado 8.50,Palette,emb. 1 un,"€5,59/un","€5,59/un"
Champô Hidrata Leite de Coco,Herbal Essences,emb. 680 ml,"€5,99/un","€8,81/lt"
Fita Cabelo Torcida Verde Pastel,Babyliss,emb. 1 un,"€4,49/un","€4,49/un"
Coffret Elvive Hidra Hialurónico Sérum + Oferta Champô,Elvive L'Oréal Paris,emb. 1 un,"€8,79/un","€8,79/un"
Creme Cabelo Ativador Caracóis,Cantu,emb. 340 ml,"€8,99/un","€26,44/lt"
Elástico Cabelo Chouchou Grande Azul,Babyliss,emb. 1 un,"€2,69/un","€2,69/un"
Condicionador Roxo Hidratante SOS Cabelos Loiros,Aussie,emb. 200 ml,"€5,99/un","€29,95/lt"
Concionador Pro-V Miracles Hidratação e Brilho,Pantene,emb. 200 ml,"€4,49/un","€22,45/lt"
Sérum Facial Antimanchas Vitamina C,Garnier,emb. 30 ml,"€10,39/un","€10,39/un"
Discos de Algodão Desmaquilhantes Dupla Face,MyLabel,emb. 140 un,"€0,89/un","€0,01/un"
Discos de Algodão Desmaquilhantes Dupla Face,MyLabel,emb. 40 un,"€0,65/un","€0,02/un"
Sérum de Olhos Revitalift Filler,L'Oréal Paris,emb. 200 ml,"€18,19/un","€909,50/lt"
Creme de Dia Revitalift Laser X3 FPS20,L'Oréal Paris,emb. 50 ml,"€19,49/un","€389,80/lt"
Discos de Algodão Desmaquilhantes Redondos Biodegradáveis,Gaulíe,emb. 120 un,"€2,19/un","€0,02/un"
Sérum Facial Revitalift Filler Antirrugas,L'Oréal Paris,emb. 30 ml,"€18,19/un","€606,33/lt"
Discos de Algodão Desmaquilhantes Ovais Biodegradáveis,Gaulíe,emb. 40 un,"€2,19/un","€0,05/un"
Toalhitas Desmaquilhantes Micelares,MyLabel,emb. 20 un,"€0,59/un","€0,03/un"
Tónico de Limpeza Reviltalift Preenchedor,L'Oréal Paris,emb. 200 ml,"€5,24/un","€26,20/lt"
Sérum Facial Cellular Luminous 630 Antimanchas,Nivea,emb. 30 ml,"€17,54/un","€584,67/lt"
Creme de Olhos Revitalift Laser X3,L'Oréal Paris,emb. 15 ml,"€19,49/un","€1,299,33/lt"
Creme de Dia Cellular Luminous 630 FPS50 Antimanchas,Nivea,emb. 40 ml,"€17,54/un","€438,50/lt"
Sérum Facial Age Perfect Midnight,L'Oréal Paris,emb. 1 un,"€18,89/un","€18,89/un"
Creme de Noite Revitalift Filler Volume e Anti-Idade,L'Oréal Paris,emb. 50 ml,"€18,19/un","€363,80/lt"
Creme de Noite Revitalift Laser X3,L'Oréal Paris,emb. 50 ml,"€19,49/un","€389,80/lt"
Sérum Facial Revitalift Laser X3,L'Oréal Paris,emb. 30 ml,"€19,49/un","€649,67/lt"
Creme de Dia Revitalif Filler FPS50,L'Oréal Paris,emb. 50 ml,"€18,19/un","€363,80/lt"
Sérum Facial Noite Revitalift Laser Retinol Puro,L'Oréal Paris,emb. 30 ml,"€19,49/un","€649,67/lt"
Creme de Olhos Revitalift Filler,L'Oréal Paris,emb. 15 ml,"€18,19/un","€1,212,67/lt"
Toalhitas Desmaquilhantes,MyLabel,emb. 25 un,"€0,75/un","€0,03/un"
Creme de Dia Revitalift Filler Hialurónico,L'Oréal Paris,emb. 50 ml,"€18,19/un","€363,80/lt"
Creme de Dia Cellular Filler Ácido Hialurónico Anti-Idade FPS15,Nivea,emb. 50 ml,"€13,64/un","€272,80/lt"
Creme de Dia Age Perfect Renovação Celular Revitalizante,L'Oréal Paris,emb. 50 ml,"€29,99/un","€599,80/lt"
Creme de Dia Revitalift Laser X3,L'Oréal Paris,emb. 50 ml,"€19,49/un","€389,80/lt"
Creme de Noite Cellular Luminous Antimanchas,Nivea,emb. 50 ml,"€17,54/un","€1,169,33/lt"
Bandas Pontos Negros Carvão,Nivea,emb. 4 un,"€5,19/un","€0,87/un"
Creme de Dia Age Perfect Cellular FPS30,L'Oréal Paris,emb. 50 ml,"€22,49/un","€449,80/lt"
Creme de Olhos Cellular Luminous Antimanchas,Nivea,emb. 15 ml,"€17,54/un","€1,169,33/lt"
Creme de Noite Age Perfect Renovação Celular,L'Oréal Paris,emb. 50 ml,"€29,99/un","€599,80/lt"
Creme de Dia Cellular Filler com Ácido Hialurónico FPS30,Nivea,emb. 50 ml,"€16,24/un","€324,80/lt"
Toalhitas de Limpeza Biodegradáveis,Nivea,emb. 50 un,"€2,99/un","€0,12/un"
Creme de Noite de Pressionar Revitalift Laser,L'Oréal Paris,emb. 50 ml,"€19,49/un","€389,80/lt"
Água Micelar Tudo em 1,Garnier,emb. 400 ml,"€4,47/un","€11,18/lt"
Toalhitas Desmaquilhantes Detox,MyLabel,emb. 20 un,"€1,19/un","€0,06/un"
Creme de Rosto Men Expert Vitalift 5,Men Expert,emb. 50 ml,"€9,79/un","€195,80/lt"
Água Micelar Tudo em 1,Garnier,emb. 700 ml,"€6,94/un","€9,91/lt"
"Creme de Rosto, Mãos e Corpo Men Hidratante",Nivea,emb. 150 ml,"€3,15/un","€21,00/lt"
Creme de Noite Q10 Energy Antirrugas,Nivea,emb. 50 ml,"€11,19/un","€223,80/lt"
Algodão Desmaquilhante Bolas com Cor,MyLabel,emb. 100 un,"€0,79/un","€0,01/un"
Toalhitas Desmaquilhantes Hidratantes,Diadermine,emb. 25 un,"€2,49/un","€0,10/un"
Discos de Algodão Desmaquilhantes Dupla Face,MyLabel,emb. 30 un,"€0,65/un","€0,02/un"
Discos de Algodão Desmaquilhantes Não Branqueados Sensitive Redondos,Demak'Up,emb. 72 un,"€1,43/un","€0,02/un"
Creme de Dia Revitalift FPS30,L'Oréal Paris,emb. 50 ml,"€11,89/un","€237,80/lt"
Bandas Pontos Negros,MyLabel,emb. 8 un,"€4,59/un","€0,57/un"
Ampolas Q10 Energy,Nivea,emb. 7 un,"€13,99/un","€279,80/lt"
Creme de Dia Q10 Power Antirrugas Pele Normal,Nivea,emb. 50 ml,"€9,09/un","€181,80/lt"
Creme de Noite Cellular Filler Ácido Hialurónico Extra Firmeza,Nivea,emb. 50 ml,"€13,64/un","€272,80/lt"
Sérum Facial Vitamina C SPF30,Garnier,emb. 50 ml,"€9,74/un","€9,74/un"
Garnier Pure Active Creme Hidratante 24h Anti-Imperfeições,Garnier,emb. 40 ml,"€6,49/un","€162,25/lt"
Gel Exfoliante Purifica os Poros,Nivea,emb. 150 ml,"€5,19/un","€34,60/lt"
Creme de Dia Q10 Power Antirrugas Extra Nutritivo Pele Seca,Nivea,emb. 50 ml,"€11,19/un","€223,80/lt"
Creme de Dia Active Antirrugas 45+,L'Oréal Paris,emb. 50 ml,"€8,24/un","€164,80/lt"
Creme Contorno de Olhos Cellular Filler Ácido Hialurónico Anti-Idade,Nivea,emb. 15 ml,"€13,64/un","€909,33/lt"
Água Micelar,MyLabel,emb. 200 ml,"€1,44/un","€7,20/lt"
Desmaquilhante de Olhos Suave,Nivea,emb. 125 ml,"€3,24/un","€25,92/lt"
Ampolas Revitalift Filler Hialurónicas,L'Oréal Paris,"emb. 7 x1,3 ml","€12,99/un","€12,99/un"
Creme de Noite Revitalift Hidratante,L'Oréal Paris,emb. 50 ml,"€10,49/un","€209,80/lt"
Creme de Noite Cellular Filler com Ácido Hialurónico,Nivea,emb. 50 ml,"€16,24/un","€324,80/lt"
Creme de Dia Age Perfect Hidratante Antimanchas,L'Oréal Paris,emb. 50 ml,"€15,99/un","€319,80/lt"
Máscara Facial Pure Active Intensive 3 em 1 Carvão,Garnier,emb. 150 ml,"€5,84/un","€38,93/lt"
Creme de Olhos Revitalift,L'Oréal Paris,emb. 15 ml,"€10,49/un","€699,33/lt"
Creme de Rosto Men Expert Hydra Energetic,Men Expert,emb. 50 ml,"€8,39/un","€167,80/lt"
Água Micelar Pele Sensível,Nivea,emb. 400 ml,"€4,47/un","€11,18/lt"
Creme de Noite Q10 Power Antirrugas e Firmeza,Nivea,emb. 50 ml,"€9,09/un","€181,80/lt"
Creme de Dia Naturally Good Anti-Idade,Nivea,emb. 50 ml,"€10,14/un","€202,80/lt"
Ampolas Lift+ Flash Effect,Diadermine,emb. 7 un,"€8,79/un","€1,26/un"
BB Cream Hidratante Médio,Garnier,emb. 50 ml,"€9,99/un","€199,80/lt"
Gel de Limpeza Refrescante,Nivea,emb. 150 ml,"€4,54/un","€30,27/lt"
Creme de Dia Q10 Energizante Antirrugas FPS15,Nivea,emb. 1 un,"€11,19/un","€223,80/lt"
Sérum Facial Cell Booster com Ácido Hialurónico,Nivea,emb. 30 ml,"€14,29/un","€476,33/lt"
Creme Contorno de Olhos Q10 Power Antirrugas,Nivea,emb. 15 ml,"€9,09/un","€606,00/lt"
Água de Rosas,MyLabel,emb. 250 ml,"€0,52/un","€2,08/lt"
Bandas Anti-Pontos Negros Pure Active,Garnier,emb. 4 un,"€5,19/un","€1,30/un"
Creme de Noite Hyaluronic Gold,Bioten,emb. 50 ml,"€8,44/un","€168,80/lt"
Sérum Facial Multi Collagen,Bioten,emb. 15 ml,"€7,14/un","€476,00/lt"
Máscara Facial Vitamina C,Garnier,emb. 1 un,"€2,09/un","€2,09/un"
Água Micelar Óleos Secos Pele Sensível,Nivea,emb. 400 ml,"€5,19/un","€12,98/lt"
Máscara Facial Pure Active 3 em 1,Garnier,emb. 150 ml,"€5,19/un","€34,60/lt"
Creme de Dia Q10 Antirrugas FPS30,Nivea,emb. 50 ml,"€11,19/un","€223,80/lt"
Sérum Facial Q10 Power Booster Antirrugas,Nivea,emb. 30 ml,"€11,89/un","€396,33/lt"
Água Micelar em Óleo,Garnier,emb. 400 ml,"€5,19/un","€12,98/lt"
Creme de Rosto Men Sensitive Pro Ultra-Calmig,Nivea,emb. 75 ml,"€8,99/un","€119,87/lt"
Creme de Olhos Lift+ Botology,Diadermine,emb. 15 ml,"€11,99/un","€799,33/lt"
BB Cream Aperfeiçoador Sublime Médio Pele Mista e Oleosa,Garnier,emb. 40 ml,"€9,99/un","€249,75/lt"
Creme de Rosto Men Active Age,Nivea,emb. 50 ml,"€9,74/un","€194,80/lt"
Toalhitas de Limpeza Creme Care Biodegradáveis,Nivea,emb. 25 un,"€1,99/un","€0,08/un"
Creme de Olhos Lift+ Hidratante,Diadermine,emb. 1 un,"€8,79/un","€586,00/lt"
Creme de Rosto Men Sensitive Hidratante,Nivea,emb. 75 ml,"€9,99/un","€133,20/lt"
Creme de Dia Naturally Good Sensitive,Nivea,emb. 50 ml,"€6,74/un","€134,80/lt"
Creme de Dia Revitalift Ginseng Energizante,L'Oréal Paris,emb. 50 ml,"€11,89/un","€237,80/lt"
Creme de Rosto Men Hidratante Cara e Barba King,Gillette,emb. 100 ml,"€7,49/un","€74,90/lt"
Creme de Noite Age Perfect Nutrição Intensa,L'Oréal Paris,emb. 50 ml,"€12,77/un","€255,40/lt"
Desmaquilhante Bifásico,MyLabel,emb. 200 ml,"€2,38/un","€11,90/lt"
Creme de Dia Lift+ Proteção Solar,Diadermine,emb. 50 ml,"€8,79/un","€175,80/lt"
Ampolas Revitalift Laser X3,L'Oréal Paris,emb. 7 un,"€12,99/un","€12,99/un"
Creme de Rosto Men Expert Pure Carbon,Men Expert,emb. 50 ml,"€6,99/un","€6,99/lt"
BB Cream Claro FPS15,MyLabel,emb. 50 ml,"€4,49/un","€89,80/lt"
Creme de Dia Age Perfect Golden Age FPS20,L'Oréal Paris,emb. 50 ml,"€13,31/un","€266,20/lt"
Creme de Dia Anti-Idade Lavanda Biológico,Garnier,emb. 50 ml,"€12,99/un",
Creme de Noite Age Perfect Hidratante Antimanchas,L'Oréal Paris,emb. 50 ml,"€15,99/un","€319,80/lt"
Creme de Dia Antirrugas Dupla Ação,Diadermine,emb. 50 ml,"€7,49/un","€149,80/lt"
Gel de Limpeza Naturally Good Aloé Vera Biológico,Nivea,emb. 140 ml,"€4,54/un","€32,43/lt"
Creme de Dia Active Antirrugas 55+,L'Oréal Paris,emb. 50 ml,"€10,99/un","€219,80/lt"
Água Micelar Pure Active,Garnier,emb. 400 ml,"€5,19/un","€12,98/lt"
Creme de Noite Age Perfect Golden Age,L'Oréal Paris,emb. 50 ml,"€12,23/un","€244,60/lt"
Toalhitas de Limpeza Naturally Good,Nivea,emb. 25 un,"€2,24/un","€2,24/un"
Máscara de Tecido Contorno de Olhos Revitalift Filler,L'Oréal Paris,emb. 20 un,"€2,79/un","€2,79/un"
Roll-On de Olhos Men Expert Hydra Energetic,Men Expert,emb. 10 ml,"€9,09/un","€909,00/lt"
Creme de Noite Lift+ Nutritivo,Diadermine,emb. 50 ml,"€8,79/un","€175,80/lt"
Creme Rosto Hidratante Pele Seca a Sensível Hydragenius,L'Oréal Paris,emb. 70 ml,"€10,00/un","€142,86/lt"
Gel Antirrugas Men Expert Vitalift,Men Expert,emb. 50 ml,"€9,79/un","€195,80/lt"
Creme de Dia Lift+ Elastina,Diadermine,emb. 50 ml,"€8,79/un","€175,80/lt"
Creme de Rosto Men Expert Stop Rides,Men Expert,emb. 50 ml,"€9,79/un","€195,80/lt"
Creme de Dia Hidratante Pele Seca e Sensível,Diadermine,emb. 50 ml,"€4,99/un","€99,80/lt"
Creme de Noite Naturally Good Anti-Idade,Nivea,emb. 50 ml,"€10,14/un","€202,80/lt"
Creme de Dia Cellular Anti-Age FPS30,Nivea,emb. 50 ml,"€14,29/un","€285,80/lt"
Escova Facial de Silicone,Bazarão,emb. 1 un,"€12,99/un","€12,99/un"
BB Cream C'Est Magic Light 02,L'Oréal Paris,emb. 1 un,"€9,74/un","€9,74/un"
Creme de Olhos Age Perfect Antiflacidez e Antimanchas,L'Oréal Paris,emb. 15 ml,"€15,99/un","€1,066,00/lt"
Desmaquilhante de Olhos 2 em 1,Garnier,emb. 125 ml,"€4,99/un","€39,92/lt"
Leite de Limpeza Suave,Nivea,emb. 200 ml,"€3,89/un","€19,45/lt"
Creme de Olhos Men com Ácido Hialurónico Anti-Age,Nivea,emb. 15 ml,"€9,74/un","€9,74/lt"
Máscara Facial de Tecido Revitalift Filler Preenchedora,L'Oréal Paris,emb. 1 un,"€2,79/un","€2,79/un"
Creme de Dia Revitalift,L'Oréal Paris,emb. 50 ml,"€10,49/un","€209,80/lt"
Sérum Facial Noite Q1O Regenerador,Nivea,emb. 30 ml,"€11,89/un","€11,89/un"
Creme de Dia Active Antirrugas 35+,L'Oréal Paris,emb. 50 ml,"€10,99/un","€219,80/lt"
Discos Desmaquilhantes Biodegradáveis,Garnier,emb. 3 un,"€5,84/un","€5,84/un"
Creme de Noite Expert Rejuvenescedor Pele Madura,Diadermine,emb. 50 ml,"€11,99/un","€239,80/lt"
Creme de Dia Expert Antirrugas Pele Madura,Diadermine,emb. 50 ml,"€8,79/un","€175,80/lt"
Creme de Dia Caviar Lifting e Refirmante,MyLabel,emb. 50 ml,"€4,99/un","€99,80/lt"
Máscara Facial de Tecido Skin Active Super Hidratante,Garnier,emb. 1 un,"€2,39/un","€2,39/un"
Óleo Rosto Nutritivo Q10 Power Multi-Ação Antirrugas,Nivea,emb. 30 ml,"€11,89/un","€396,33/lt"
Água Micelar Hidratante,Diadermine,emb. 400 ml,"€4,49/un","€11,23/lt"
Óleo Rosto Refirmante Lavanda Biológico,Garnier,emb. 30 ml,"€14,99/un","€499,67/lt"
Creme de Dia Skinnergy,Bioten,emb. 50 ml,"€7,14/un","€142,80/lt"
Creme de Rosto Men Active Energy Revitalizante,Nivea,emb. 50 ml,"€6,59/un","€131,80/lt"
Sérum Facial Hyaluronic Gold,Bioten,emb. 35 ml,"€8,44/un","€241,14/lt"
Creme de Dia Q10 Power Antirrugas Pele Mista,Nivea,emb. 50 ml,"€11,19/un","€223,80/lt"
Água Micelar Revitalift Preenchedorar,L'Oréal Paris,emb. 200 ml,"€4,87/un","€24,35/lt"
Creme de Noite Lift+ Botology Anti-Idade,Diadermine,emb. 50 ml,"€11,99/un","€239,80/lt"
Creme Rosto Hidratante Vitamina C,Garnier,emb. 50 ml,"€5,84/un","€116,80/lt"
Creme de Rosto Men Q10,MyLabel,emb. 50 ml,"€2,29/un","€45,80/lt"
Água Micelar Sensitive,Garnier,emb. 400 ml,"€5,19/un","€12,98/lt"
BB Cream Aperfeiçoador Sublime Claro,Garnier,emb. 50 ml,"€9,99/un","€199,80/lt"
Creme de Dia Active Antirrugas 65+,L'Oréal Paris,emb. 50 ml,"€10,99/un","€219,80/lt"
Creme de Dia Lift+ Botology Anti-Idade,Diadermine,emb. 50 ml,"€11,99/un","€239,80/lt"
Água Micelar Naturally Good,Nivea,emb. 400 ml,"€5,19/un","€12,98/lt"
Ampolas Age Perfect,L'Oréal Paris,emb. 7 un,"€13,19/un","€13,19/un"
Creme de Noite Anti-Idade Lavanda Biológico,Garnier,emb. 50 ml,"€12,99/un","€259,80/lt"
Creme de Dia Age Perfect Nutrição Intensa,L'Oréal Paris,emb. 50 ml,"€12,77/un","€255,40/lt"
Máscara Facial de Tecido Skin Active Purificante,Garnier,emb. 1 un,"€2,39/un","€2,39/un"
Creme de Noite Naturally Good,Nivea,emb. 50 ml,"€6,74/un","€134,80/lt"
Água Micelar Vitamina C,Garnier,emb. 400 ml,"€5,19/un","€12,98/lt"
Creme Rosto Rosy Glow Biológico,Garnier,emb. 50 ml,"€11,99/un","€239,80/lt"
Máscara Facial Collagen,Bioten,emb. 1 un,"€2,49/un","€2,49/un"
Máscara Facial de Tecido Skin Active Olhos Antipapos,Garnier,emb. 1 un,"€2,39/un","€2,39/un"
Creme de Dia Lift+ Hidratante,Diadermine,emb. 50 ml,"€8,79/un","€175,80/lt"
Creme de Dia Expert Rejuvenescedor Pele Madura,Diadermine,emb. 50 ml,"€11,99/un","€239,80/lt"
Gel de Limpeza Rosto Men Expert Pure Charcoal,Men Expert,emb. 100 ml,"€5,83/un","€58,30/lt"
Creme de Dia Essentials Hidratante FPS30,Nivea,emb. 50 ml,"€6,74/un","€134,80/lt"
Gel Exfoliante Rosto Men Expert Pure Charcoal,Men Expert,emb. 100 ml,"€5,83/un","€58,30/lt"
Ampolas Cellular Filler com Ácido Hialurónico,Nivea,emb. 7 un,"€12,99/un","€1,86/un"
Creme de Noite Lift+ Super Preenchedor,Diadermine,emb. 50 ml,"€11,99/un","€239,80/lt"
Creme de Dia Essentials Hidratante FPS15,Nivea,emb. 50 ml,"€4,49/un","€89,80/lt"
Máscara Facial Q10 Power Antirrugas,Nivea,emb. 15 ml,"€2,09/un","€139,33/lt"
Creme de Dia Vital Extra Nutritivo,Nivea,emb. 50 ml,"€9,99/un","€199,80/lt"
BB Cream Essentials Médio FPS15,Nivea,emb. 50 ml,"€7,49/un","€149,80/lt"
Exfoliante Pure Active Intensive Pele Oleosa,Garnier,emb. 150 ml,"€6,81/un","€45,40/lt"
Tónico de Limpeza Age Perfect,L'Oréal Paris,emb. 200 ml,"€6,79/un","€33,95/lt"
Gel de Limpeza Micelar,Garnier,emb. 200 ml,"€4,99/un","€24,95/lt"
Creme de Dia Essentials Nutritivo,Nivea,emb. 50 ml,"€4,49/un","€89,80/lt"
Ampolas Lift+ Naturetinol,Diadermine,emb. 7 un,"€11,99/un","€1,71/un"
Creme de Dia Lift+ Super Preenchedor,Diadermine,emb. 50 ml,"€11,99/un","€239,80/lt"
BB Cream Aperfeiçoador Sublime Claro Pele Mista e Oleosa,Garnier,emb. 40 ml,"€9,99/un","€249,75/lt"
Gel de Limpeza Men Protect & Care Refrescante,Nivea,emb. 100 ml,"€5,83/un","€58,30/lt"
Gel de Limpeza Men Expert Hydra Energetic,Men Expert,emb. 100 ml,"€5,83/un","€58,30/lt"
Creme de Dia Age Perfect Golden Age Antiflacidez e Hidratação,L'Oréal Paris,emb. 50 ml,"€10,97/un","€219,40/lt"
"Creme Rosto, Corpo e Mãos Men Hidratante Fresh",Nivea,emb. 75 ml,"€4,31/un","€57,47/lt"
Máscara Facial Limpeza Argila Preta,7th Heaven,emb. 1 un,"€1,99/un","€1,99/un"
Máscara Facial Peel Off Pure Active Carvão,Garnier,emb. 50 ml,"€6,49/un","€12,98/lt"
Creme Rosto Skin Active Pele Mista a Oleosa,Garnier,emb. 50 ml,"€5,99/un","€119,80/lt"
Creme de Rosto Men Aqua Gel,MyLabel,emb. 50 ml,"€2,29/un","€45,80/lt"
Creme de Olhos Age Perfect Golden Age,L'Oréal Paris,emb. 15 ml,"€14,39/un","€959,33/lt"
Creme Rosto Hidratante Revitalift Fragrance Free,L'Oréal Paris,emb. 50 ml,"€9,44/un","€188,80/lt"
Creme de Rosto Men Expert Hydra Energetic,Men Expert,emb. 50 ml,"€9,09/un","€181,80/lt"
Discos de Algodão Desmaquilhantes Não Branqueados Cocoon Redondos,Demak'Up,emb. 85 un,"€1,59/un","€0,02/un"
Água Micelar Urban Skin Detox,Nivea,emb. 400 ml,"€5,19/un","€12,98/lt"
Máscara Facial de Tecido Skin Active Apaziguante,Garnier,emb. 1 un,"€2,39/un","€2,39/un"
Creme de Dia Hyaluronic Gold,Bioten,emb. 50 ml,"€8,44/un","€168,80/lt"
Leite de Limpeza Age Perfect,L'Oréal Paris,emb. 200 ml,"€6,79/un","€33,95/lt"
Máscara Facial de Tecido Detox,Bioten,emb. 1 un,"€2,49/un","€2,49/un"
Creme de Dia Q10,MyLabel,emb. 50 ml,"€2,99/un","€59,80/lt"
Máscara Facial de Tecido Urban Skin Detox,Nivea,emb. 1 un,"€1,94/un","€1,94/un"
Tónico de Limpeza Suave,Nivea,emb. 200 ml,"€3,89/un","€19,45/lt"
Creme de Dia Lift+ Efeito Imediato,Diadermine,emb. 50 ml,"€8,79/un","€175,80/lt"
Desmaquilhante Micelar,MyLabel,emb. 200 ml,"€1,99/un",
Gel de Limpeza Erva Limão Biológico,Garnier,emb. 150 ml,"€6,99/un","€46,60/lt"
Máscara Facial Peel Off Antioleosidade,Gaulíe,emb. 60 ml,"€9,99/un","€166,50/lt"
Exfoliante de Arroz Pele Mista Aloé Vera Biológico,Nivea,emb. 75 ml,"€4,54/un","€60,53/lt"
Barra de Limpeza Facial Exfoliante Naturally Clean,Nivea,emb. 75 gr,"€4,86/un","€4,86/un"
Creme de Dia Hidratante Pele Mista e Oleosa,Diadermine,emb. 50 ml,"€4,99/un","€99,80/lt"
Máscara Facial Tecido Melancia,Garnier,emb. 1 un,"€2,39/un","€2,39/un"
Leite de Limpeza Suave,Diadermine,emb. 200 ml,"€3,24/un","€16,20/lt"
Tónico Peeling Revitalift Laser,L'Oréal Paris,emb. 180 ml,"€6,81/un","€37,83/lt"
Tónico de Limpeza,MyLabel,emb. 250 ml,"€1,39/un",
Gel Exfoliante Men Protect & Care,Nivea,emb. 75 ml,"€5,59/un","€74,53/lt"
Máscara Facial de Tecido Skin Active Leite de Amêndoa,Garnier,emb. 1 un,"€2,39/un","€2,39/un"
Água Micelar Rosas,Garnier,emb. 400 ml,"€5,19/un","€12,98/lt"
Creme Rosto Nutritivo,Bioten,emb. 50 ml,"€4,11/un","€82,20/lt"
Discos de Algodão Desmaquilhantes Não Branqueados Expert Redondos Maxi Pack,Demak'Up,emb. 108 un,"€2,39/un","€0,02/un"
Máscara Facial de Tecido Skin Active Hidratante e Revitalizante,Garnier,emb. 1 un,"€2,39/un","€2,39/un"
Stick Limpeza Facial com Chá Kombucha,Diadermine,emb. 1 un,"€6,99/un","€6,99/un"
Água Micelar Leite Hidratante,Garnier,emb. 400 ml,"€5,19/un","€12,98/lt"
Discos de Algodão Desmaquilhantes Não Branqueados Expert Redondos,Demak'Up,emb. 70 un,"€1,43/un","€0,02/un"
Água Micelar Óleo e Água de Rosas,Nivea,emb. 400 ml,"€5,19/un","€12,98/lt"
Creme Rosto Água Floral de Rosas,Garnier,emb. 50 ml,"€5,99/un","€119,80/lt"
Creme de Dia Reparador Biológico,Garnier,emb. 50 ml,"€9,99/un","€199,80/lt"
Água Micelar Detox,Bioten,emb. 400 ml,"€3,95/un","€9,88/lt"
Água Micelar Pele Sensível,Nivea,emb. 100 ml,"€1,94/un","€19,40/lt"
Máscara Facial Tecido Ananás,Garnier,emb. 1 un,"€2,39/un","€2,39/un"
Leite Desmaquilhante Super Botanics,MyLabel,emb. 250 ml,"€2,79/un","€11,16/lt"
Creme de Dia Vitamina C,Bioten,emb. 50 ml,"€7,14/un","€142,80/lt"
Sabão Seco Men Expert Barber Club,Men Expert,emb. 80 gr,"€8,99/un","€112,38/kg"
Creme Rosto Skin Active Pele Normal a Mista,Garnier,emb. 50 ml,"€5,99/un","€119,80/lt"
Tiras Purificantes,Diadermine,emb. 6 un,"€4,99/un","€0,83/un"
Sérum Facial Dragon's Blood Refirmante,MyLabel,emb. 30 ml,"€4,99/un","€166,33/lt"
Máscara Facial de Tecido Skin Active Olhos Revitalizante,Garnier,emb. 1 un,"€2,39/un","€2,39/un"
Creme de Dia Lift+ Efeito Imediato,Diadermine,emb. 50 ml,"€8,79/un","€175,80/lt"
Barra de Limpeza Facial Luminosidade Naturally Clean,Nivea,emb. 75 gr,"€4,86/un","€4,86/un"
Creme Rosto Hydra 24,MyLabel,emb. 50 ml,"€2,99/un","€59,80/lt"
Creme de Dia Revitalift Laser X3,L'Oréal Paris,emb. 15 ml,"€5,84/un","€389,33/lt"
Água Micelar Pele Sensível,Bioten,emb. 400 ml,"€3,95/un","€9,88/lt"
Óleo de Limpeza Nutritivo,Nivea,emb. 150 ml,"€4,54/un","€30,27/lt"
Água Micelar Tudo em 1,Garnier,emb. 100 ml,"€2,99/un","€29,90/lt"
Barra de Limpeza Facial Exfoliante Anti-Imperfeições Naturally Clean,Nivea,emb. 1 un,"€4,86/un","€4,86/un"
Desmaquilhante de Olhos Skin Moisture,Bioten,emb. 125 ml,"€3,24/un","€25,92/lt"
Óleo de Limpeza Hidratante,Nivea,emb. 150 ml,"€4,54/un","€30,27/lt"
Tónico de Limpeza Suave,Diadermine,emb. 200 ml,"€3,24/un","€16,20/lt"
Sabonete Sólido Pure Active Antiborbulhas com Carvão,Garnier,emb. 1 un,"€4,54/un","€4,54/un"
Água de Rosas,MyLabel,emb. 100 ml,"€0,74/un","€7,40/lt"
Máscara Facial In Shower Radiance,Diadermine,emb. 50 ml,"€3,49/un","€69,80/lt"
Máscara Facial de Tecido Cellular Filler Contorno,Nivea,emb. 1 un,"€2,59/un","€2,59/un"
Água Micelar em Óleo,Garnier,emb. 100 ml,"€3,99/un","€39,90/lt"
Toalhitas Desmaquilhantes Sensitive Água Micelar,Demak'Up,emb. 20 un,"€2,07/un","€0,10/un"
Sérum Facial Super Botanics,MyLabel,emb. 30 ml,"€4,19/un","€139,67/lt"
Gel de Limpeza Detox,Bioten,emb. 200 ml,"€3,50/un","€17,50/lt"
Máscara Facial de Tecido Men Expert Pure Charcoal,Men Expert,emb. 30 gr,"€2,39/un","€79,67/kg"
Batom Crayon Hot Pink,Labello,emb. 1 un,"€6,99/un","€6,99/un"
Barra de Limpeza Facial Refrescante Naturally Clean,Nivea,emb. 75 gr,"€4,86/un","€4,86/un"
Batom Crayon Black Cherry,Labello,emb. 1 un,"€6,99/un","€6,99/un"
Ampola Olhos,Schaebens,emb. 1 un,"€2,99/un","€2,99/un"
Batom Crayon Nude,Labello,emb. 1 un,"€6,99/un","€6,99/un"
Creme Rosto Matificante,MyLabel,emb. 50 ml,"€3,39/un",
CC Cream Claro FPS15,MyLabel,emb. 50 ml,"€4,89/un","€97,80/lt"
Sérum Facial Replumping,Schaebens,emb. 1 un,"€5,49/un","€5,49/un"
Batom Crayon Poppy Red,Labello,emb. 1 un,"€6,99/un","€6,99/un"
Toalhitas Desmaquilhantes Expert,Demak'Up,emb. 20 un,"€2,07/un","€0,10/un"
Gel de Limpeza Rosto Men Expert Magnesium Defense,Men Expert,emb. 100 ml,"€4,79/un","€47,90/lt"
Barra de Limpeza Facial Desmaquilhante Naturally Clean,Nivea,emb. 1 un,"€4,86/un","€4,86/un"
Leite de Limpeza,MyLabel,emb. 250 ml,"€1,29/un","€5,16/lt"
Máscara Facial Homem Deep,Nivea,emb. 75 ml,"€7,99/un","€106,53/lt"
Gel de Limpeza Rosto e Corpo Aloé Vera,Gaulíe,emb. 1 un,"€3,99/un","€66,50/lt"
Booster Facial Iluminador,Vanessa Wardle,emb. 20 ml,"€4,99/un","€249,50/lt"
Máscara Facial de Tecido Skin Active Nutritiva e Iluminadora,Garnier,emb. 1 un,"€2,39/un","€2,39/un"
Gel de Limpeza Pele Normal a Mista,Bioten,emb. 150 ml,"€3,50/un","€17,50/lt"
Exfoliante de Arroz Pele Normal Mirtilo Biológico,Nivea,emb. 75 ml,"€4,54/un","€60,53/lt"
Máscara Facial Antienvelhecimento Noite,Gaulíe,emb. 60 ml,"€12,99/un","€216,50/lt"
Óleo Rosto de Noite Reparador Biológico,Garnier,emb. 30 ml,"€14,99/un","€499,67/lt"
Máscara Facial Hidratante Noite,Gaulíe,emb. 1 un,"€12,99/un","€12,99/un"
Creme de Dia Vital Nutritivo Pele Madura,Nivea,emb. 50 ml,"€9,99/un","€199,80/lt"
Booster Facial Revitalizante,Vanessa Wardle,emb. 20 ml,"€4,99/un","€249,50/lt"
Aparador de Cabelo com Acessórios,Bazarão,emb. 1 un,"€17,99/un","€17,99/un"
Sérum Facial Revitalizante,Schaebens,emb. 1 un,"€5,49/un","€5,49/un"
Mácara Facial Peel Off Pepino,7th Heaven,emb. 100 ml,"€6,99/un","€69,90/lt"
Gel de Limpeza Rosto e Barba Men Sensitive Pro,Nivea,emb. 200 ml,"€8,99/un","€44,95/lt"
Adesivos Antiacne Grandes,Gaulíe,emb. 30 un,"€12,99/un","€0,43/un"
Sérum Facial Anti-manchas,Soft&Co,emb. 30 ml,"€5,99/un","€199,67/lt"
Máscara Facial Peel Off Carvão e Açúcar,7th Heaven,emb. 1 un,"€6,99/un","€6,99/un"
Máscara Facial Heaven Pink Oxygen,7th Heaven,emb. 1 un,"€2,99/un","€2,99/un"
Ampolas Antirrugas Hyaluronic Gold,Bioten,"emb. 7 x 1,3 ml","€11,69/un","€11,69/un"
"Creme de Rosto, Mãos e Corpo",MyLabel,emb. 100 ml,"€2,54/un","€2,54/un"
"Creme de Rosto, Mãos e Corpo Men Hidratante Miniatura",Nivea,emb. 30 ml,"€2,19/un","€73,00/lt"
Creme de Olhos Hyaluronic Gold,Bioten,emb. 15 ml,"€8,44/un","€562,67/lt"
Máscara Facial Suavizante e Hidratante,7th Heaven,emb. 1 un,"€3,99/un","€3,99/un"
Máscara Facial de Bolhas Chá Verde,Corine de Farme,emb. 1 un,"€2,99/un","€2,99/un"
Creme de Noite Multi Collagen,Bioten,emb. 50 ml,"€8,24/un","€164,80/lt"
Espuma de Limpeza Facial Cítrica,Frudia,emb. 145 ml,"€4,99/un","€4,99/un"
Gel de Limpeza,MyLabel,emb. 100 ml,"€2,15/un","€21,50/lt"
Máscara Facial Calmante Kitten,7th Heaven,emb. 1 un,"€2,99/un","€2,99/un"
Máscara de Tecido de Olhos com Vitamina C Biodegradável,Bioten,emb. 1 un,"€3,74/un","€3,74/un"
Sérum Rosto Pure Active Anti-Imperfeições Carvão,Garnier,emb. 30 ml,"€10,39/un","€346,33/lt"
Sérum Facial Botology,Diadermine,emb. 30 ml,"€11,99/un","€399,67/lt"
Sérum Facial Ultra Hidratação,Soft&Co,emb. 30 ml,"€5,99/un","€199,67/lt"
Sérum Facial Iluminador Cítrico,Frudia,emb. 50 gr,"€16,99/un","€16,99/un"
Creme de Olhos Nutritivo e Hidratante Romã,Frudia,emb. 40 ml,"€11,99/un","€11,99/un"
Espuma de Limpeza Facial Nutritiva e Hidrante Romã,Frudia,emb. 145 ml,"€4,99/un","€4,99/un"
Sérum Facial Anti-idade,Soft&Co,emb. 30 ml,"€5,99/un","€199,67/lt"
Sérum Facial Hydro Skin Booster,Schaebens,emb. 1 un,"€7,49/un","€7,49/un"
Máscara Facial Revitalizante Tiger,7th Heaven,emb. 1 un,"€2,99/un","€2,99/un"
Creme de Rosto Men Sensitive Pro MenMalist,Nivea,emb. 75 ml,"€9,74/un","€129,87/lt"
Sérum Facial para Controlo de Poros Uva Verde,Frudia,emb. 50 gr,"€15,99/un","€15,99/un"
Exfolitante Facial Algodão Uva Verde,Frudia,emb. 70 un,"€9,99/un","€9,99/un"
Espuma de Limpeza para Controlo de Poros Uva Verde,Frudia,emb. 145 ml,"€4,99/un","€4,99/un"
Máscara Facial de Tecido Probiótica,Garnier,emb. 1 un,"€2,39/un","€2,39/un"
Creme de Rosto Men Expert Magnesium Defense,Men Expert,emb. 50 ml,"€6,99/un","€139,80/lt"
Máscara Facial Reduz Manchas Cannabis,7th Heaven,emb. 1 un,"€2,01/un","€2,01/un"
Máscara Facial Pell Off Carvão e Argila,7th Heaven,emb. 1 un,"€6,99/un","€6,99/un"
Sérum Facial Contorno de Olhos,Soft&Co,emb. 30 ml,"€5,99/un","€199,67/lt"
Discos Desmaquilhantes,Jean Louis David,emb. 1 un,"€12,58/un","€12,58/un"
Sérum Facial Hidratante Romã,Frudia,emb. 50 gr,"€15,99/un","€15,99/un"
Sérum Facial Anti-imperfeições,Soft&Co,emb. 30 ml,"€5,99/un","€199,67/lt"
Máquina de Barbear Labs com Estojo de Viagem,Gillette,emb. 1 un,"€19,84/un","€19,84/un"
Recarga Lâminas Máquina de Barbear Labs,Gillette,emb. 4 un,"€24,99/un","€24,99/un"
Espuma de Barbear Labs,Gillette,emb. 240 ml,"€6,99/un","€6,99/un"
Máscara Facial Desintoxicante,7th Heaven,emb. 1 un,"€1,99/un","€1,99/un"
Gel de Rosto Men Sensitive,Nivea,emb. 50 ml,"€6,50/un","€130,00/lt"
Máscara Facial Hidratante Panda,7th Heaven,emb. 1 un,"€2,99/un","€2,99/un"
Água Micelar Hidratante,Corine de Farme,emb. 400 ml,"€4,73/un","€11,83/lt"
Máscara Facial Tira Pontos Negros,7th Heaven,emb. 1 un,"€2,99/un","€2,99/un"
Creme de Dia Hidratante e Nutritivo,Frudia,emb. 55 gr,"€15,99/un","€15,99/un"
Creme Rosto para Controlo de Poros Uva Verde,Frudia,emb. 55 gr,"€15,99/un","€15,99/un"
Gel de Barbear Labs,Gillette,emb. 198 ml,"€6,99/un","€6,99/un"
Máscara Facial Peel Off Carvão,7th Heaven,emb. 100 ml,"€6,99/un","€69,90/lt"
Creme de Rosto Iluminador Cítrico,Frudia,emb. 55 gr,"€16,99/un","€16,99/un"
Removedor de Pontos Negros a Vácuo,Bazarão,emb. 1 un,"€9,99/un","€9,99/un"
Máscara Facial de Tecido Contorno de Olhos Probiótica,Garnier,emb. 1 un,"€2,39/un","€2,39/un"
Gel de Banho Creme Care,Nivea,emb. 750 ml,"€6,99/un","€9,32/lt"
Gel de Banho Silk Glow,Dove,emb. 750 ml,"€6,99/un","€9,32/lt"
Gel de Banho Deeply Nourishing,Dove,emb. 750 ml,"€6,99/un","€9,32/lt"
Sabonete Líquido Recarga Leite e Mel,Continente,emb. 1 lt,"€1,69/un","€1,69/lt"
Gel de Banho Aveia,,emb. 1 lt,"€1,09/un","€1,09/lt"
Gel de Banho Hidratante,Continente,emb. 1 lt,"€1,99/un","€1,99/un"
Sabonete Líquido Recarga Hidratante,Continente,emb. 1 lt,"€1,69/un","€1,69/lt"
Gel de Banho Peony & Rose Oil,Dove,emb. 750 ml,"€6,99/un","€9,32/lt"
Gel de Banho Creme Smooth,Nivea,emb. 750 ml,"€6,99/un","€9,32/lt"
Gel de Banho Coconut Milk,Dove,emb. 750 ml,"€4,79/un","€6,39/lt"
Sabonete Sólido Creme Hidratante,Dove,emb. 4 x 100 gr,"€4,99/un","€12,48/kg"
Gel de Banho Leite e Mel,Continente,emb. 1 lt,"€1,99/un","€1,99/un"
Gel de Banho Memories Sunset Relax,Palmolive,emb. 500 ml,"€2,99/un","€5,98/lt"
Desodorizante Roll On Men Protect & Care,Nivea,emb. 50 ml,"€4,49/un","€89,80/lt"
Gel de Banho Go Fresh,Dove,emb. 750 ml,"€6,99/un","€9,32/lt"
Gel de Banho Leite e Mel Pack Poupança,Continente,"emb. 1,5 lt","€2,39/un","€1,59/lt"
Sabonete Líquido Eco Recarga Hidratante,Dove,emb. 500 ml,"€2,99/un","€5,98/lt"
Gel de Banho Protect&Care,Dove,emb. 750 ml,"€4,79/un","€6,39/lt"
Desodorizante Spray Men Black & White,Nivea,emb. 150 ml,"€2,79/un","€18,60/lt"
Gel de Banho Aloe,Nivea,emb. 750 ml,"€6,99/un","€9,32/lt"
Gel de Banho Camomila e Mel,Vaseline,emb. 700 ml,"€2,99/un","€4,27/lt"
Gel de Banho Mel e Coco,Continente,emb. 1 lt,"€1,99/un","€1,99/lt"
Sabonete Líquido Eco Recarga Fresh Touch,Dove,emb. 500 ml,"€2,99/un","€5,98/lt"
Desodorizante Spray Men Protect & Care,Nivea,emb. 150 ml,"€2,79/un","€18,60/lt"
Desodorizante Roll On Pure & Natural,Nivea,emb. 50 ml,"€4,49/un","€89,80/lt"
Sabonete Líquido Eco Recarga Naturals Leite e Amêndoa,Palmolive,emb. 500 ml,"€4,99/un","€9,98/lt"
Desodorizante Roll On Men Black & White,Nivea,emb. 50 ml,"€2,69/un","€53,80/lt"
Desodorizante Spray Black & White Invisible Original,Nivea,emb. 150 ml,"€2,79/un","€18,60/lt"
Gel de Banho Hidratante Pack Poupança,Continente,"emb. 1,5 lt","€2,39/un","€1,59/lt"
Sabonete Sólido Creme Soft,Nivea,emb. 3 x 100 gr,"€3,49/un","€11,63/kg"
Sabonete Sólido Nutricuida Mel e Flor de Laranjeira,Feno,emb. 4 x 90 gr,"€2,91/un","€8,08/kg"
Desodorizante Roll On Black & White Invisible Original,Nivea,emb. 50 ml,"€2,69/un","€53,80/lt"
Gel de Banho Nourishing Care & Oil,Dove,emb. 750 ml,"€4,79/un","€6,39/lt"
Gel de Banho Romã e Aroma de Limão Verbena,Dove,emb. 750 ml,"€6,99/un","€9,32/lt"
Desodorizante Roll On Talc Soft,Dove,emb. 50 ml,"€2,81/un","€56,20/lt"
Sabonete Líquido Recarga Orquídea,Continente,emb. 500 ml,"€1,09/un","€2,18/lt"
Desodorizante Spray Men Clean Comfort,Dove,emb. 150 ml,"€2,79/un","€18,60/lt"
Sabonete Líquido Antiodores,Continente,emb. 500 ml,"€0,99/un","€1,98/lt"
Sabonete Líquido Eco Recarga Óleo de Coco e Leite de Amêndoa,Dove,emb. 500 ml,"€2,99/un","€5,98/lt"
Desodorizante Roll On Men Clean Comfort,Dove,emb. 50 ml,"€2,79/un","€55,80/lt"
Sabonete Sólido Glicerina Vegetal Fragrância Mel,Continente,emb. 100 gr,"€0,59/un","€5,90/kg"
Gel de Banho Orchidea & Cachmere Extract,Nivea,emb. 750 ml,"€6,99/un","€9,32/lt"
Gel de Banho Manteiga de Karité e Baunilha,Dove,emb. 750 ml,"€4,79/un","€6,39/lt"
Sabonete Sólido Glicerina Vegetal Natural,Continente,emb. 100 gr,"€0,59/un","€5,90/kg"
Sabonete Líquido Leite e Mel,Continente,emb. 500 ml,"€1,19/un","€2,38/lt"
Desodorizante Spray Men Extra Fresh,Dove,emb. 150 ml,"€2,79/un","€18,60/lt"
Gel de Banho Hidratante Naturals Leite e Mel,Palmolive,emb. 500 ml,"€2,69/un","€5,38/lt"
Desodorizante Spray Talc Soft,Dove,emb. 150 ml,"€2,81/un","€18,73/lt"
Óleo Corporal Puro Rosa Mosqueta,Soft&Co,emb. 40 ml,"€7,99/un","€199,75/lt"
Desodorizante Spray Protect & Care,Nivea,emb. 150 ml,"€2,79/un","€18,60/lt"
Desodorizante Spray Men Invisible Black & White Clothes,Rexona,emb. 150 ml,"€2,69/un","€17,93/lt"
Desodorizante Roll On Narta Bio Eficácia,Narta,emb. 50 ml,"€2,39/un","€47,80/lt"
Desodorizante Roll On Narta Invisível,Narta,emb. 50 ml,"€2,39/un","€47,80/lt"
Sabonete Líquido Aloe Vera,Dettol,emb. 250 ml,"€3,99/un","€15,96/lt"
Desodorizante Spray Men Invisible Ice Fresh,Rexona,emb. 150 ml,"€2,69/un","€17,93/lt"
Creme de Mãos Intensivo,Nivea,emb. 100 ml,"€2,75/un","€27,50/lt"
Desodorizante Spray Dark Temptation,Axe,emb. 150 ml,"€5,99/un","€39,93/lt"
Creme Corporal Hidratante Familiar,Nivea,emb. 250 ml,"€4,15/un","€16,60/lt"
Bandas Depilatórias Cera Fria Faciais Pele Sensível,Veet,emb. 20 un,"€4,89/un","€0,24/un"
Sabonete Líquido Recarga Naturals Mel,Palmolive,emb. 300 ml,"€2,99/un","€9,97/lt"
Sabonete Líquido Hidratante,Continente,emb. 500 ml,"€1,19/un","€2,38/lt"
Desodorizante Roll On Original,Dove,emb. 50 ml,"€2,81/un","€56,20/lt"
Sabonete Líquido Recarga Leite e Mel,Continente,emb. 500 ml,"€1,09/un","€2,18/lt"
Desodorizante Roll On Men Active Protection Invisible,Rexona,emb. 50 ml,"€2,69/un","€53,80/lt"
Desodorizante Roll On Dermo Extra Control 48H,Sanex,emb. 50 ml,"€2,09/un","€41,80/lt"
Sabonete Líquido Recarga Hidratante,Continente,emb. 500 ml,"€1,09/un","€2,18/lt"
Gel de Banho Lúcia-Lima e Limão,Vaseline,emb. 700 ml,"€2,99/un","€4,27/lt"
Recarga de Lâminas Venus Comfortglide Sugarberry,Venus,emb. 3 x 3 un,"€35,98/un","€4,00/un"
Desodorizante Roll On Protect & Care,Nivea,emb. 50 ml,"€4,49/un","€89,80/lt"
Sabonete Líquido Neutro,,emb. 500 ml,"€0,79/un","€1,58/lt"
Desodorizante Roll On Derma Care,Vaseline,emb. 50 ml,"€3,99/un","€79,80/lt"
Gel de Banho Lactourea,Lactovit,emb. 650 ml,"€2,59/un","€3,98/lt"
Gel de Banho Amêndoas Doces,Vaseline,emb. 700 ml,"€2,99/un","€4,27/lt"
Gel de Banho Naturals Amêndoa e Leite,Palmolive,emb. 500 ml,"€2,69/un","€5,38/lt"
Desodorizante Roll On Invisible Dry,Dove,emb. 50 ml,"€2,81/un","€56,20/lt"
Sabonete Sólido Lavanda,Ach.Brito,emb. 125 gr,"€1,55/un","€12,40/kg"
Gel de Banho Memories Berry Pickin,Palmolive,emb. 650 ml,"€4,99/un","€7,68/lt"
Gel de Banho Fragrância Memories Flower Fields,Palmolive,emb. 500 ml,"€2,99/un","€5,98/lt"
Desodorizante Roll On Narta Protection 5,Narta,emb. 50 ml,"€2,39/un","€47,80/lt"
Gel de Banho Hidratante,Natural Honey,emb. 1500 ml,"€4,99/un","€3,33/lt"
Desodorizante Spray Homem Dry Impact,Nivea,emb. 200 ml,"€2,99/un","€14,95/lt"
Gel de Banho Pistachio e Magnólia,Dove,emb. 750 ml,"€4,79/un","€6,39/lt"
Sabonete Líquido Neutraliza Odores,Palmolive,emb. 300 ml,"€3,79/un","€12,63/lt"
Gel de Banho Esfoliante Wellness Massage,Palmolive,emb. 650 ml,"€5,99/un","€9,22/lt"
Sabonete Líquido Lavanda,Dettol,emb. 250 ml,"€3,99/un","€15,96/lt"
Desodorizante Spray Black,Axe,emb. 150 ml,"€5,99/un","€39,93/lt"
Desodorizante Roll On Men Invisible Black & White,Rexona,emb. 50 ml,"€2,69/un","€53,80/lt"
Sabonete Líquido Pêssego,,emb. 500 ml,"€0,79/un","€1,58/lt"
Sabonete Líquido Recarga Neutro,,emb. 500 ml,"€0,79/un","€1,58/lt"
Desodorizante Spray Invisible Dry,Dove,emb. 150 ml,"€2,81/un","€18,73/lt"
Desodorizante Roll On Men Expert Shirt Protect,Men Expert,emb. 50 ml,"€2,39/un","€47,80/lt"
Desodorizante Roll On Invisible Black & White Clothes,Rexona,emb. 50 ml,"€2,69/un","€53,80/lt"
Desodorizante Spray Invisible Black & White Clothes,Rexona,emb. 150 ml,"€2,69/un","€17,93/lt"
Gel de Banho Cashmere Smooth,Dove,emb. 750 ml,"€4,79/un","€6,39/lt"
Sabonete Sólido Glicerina Hidratante,Palmolive,emb. 90 gr,"€0,99/un","€11,00/kg"
Desodorizante Spray Men Invisible Dry,Dove,emb. 150 ml,"€2,79/un","€18,60/lt"
Lima de Pés Elétrica Velvet Smooth Rosa,Scholl,emb. 1 un,"€49,99/un","€49,99/un"
Desodorizante Spray Men Expert Carbon Protect,Men Expert,emb. 150 ml,"€2,39/un","€15,93/lt"
Sabonete Líquido Recarga Naturals Leite de Amêndoa,Palmolive,emb. 300 ml,"€2,99/un","€9,97/lt"
Sabonete Sólido Leite e Mel,Palmolive,emb. 4 x 90 gr,"€4,49/un","€12,47/kg"
Desodorizante Roll On Men Invisible Dry,Dove,emb. 50 ml,"€2,79/un","€55,80/lt"
Recarga de Lâminas Comfortglide Breeze,Venus,emb. 4 un,"€15,49/un","€3,87/un"
Gel de Banho Orquídea,Continente,emb. 1 lt,"€1,99/un","€1,99/lt"
Gel de Banho Apollo,Axe,emb. 400 ml,"€5,99/un","€14,98/lt"
Desodorizante Roll On Hidra Essencial,Vaseline,emb. 50 ml,"€3,99/un","€79,80/lt"
Desodorizante Roll On Double Insivible,Vaseline,emb. 50 ml,"€3,99/un","€79,80/lt"
Desodorizante Roll On Active Protection Invisible,Rexona,emb. 50 ml,"€2,69/un","€53,80/lt"
Sabonete Líquido Hidratante,Dove,emb. 250 ml,"€2,39/un","€9,56/lt"
Gel de Banho Elixir de Argan,Natural Honey,"emb. 1,5 lt","€4,99/un","€3,33/lt"
Gel de Banho Hidratante Naturals Leite e Coco,Palmolive,emb. 650 ml,"€5,49/un","€8,45/lt"
Gel de Banho Laranja e Manga,Vaseline,emb. 700 ml,"€2,99/un","€4,27/lt"
Sabonete Líquido Frutos do Bosque,Dettol,emb. 250 ml,"€3,99/un","€15,96/lt"
Desodorizante Roll On Magnesium Dry Original Suave e Floral,Nivea,emb. 50 ml,"€2,99/un","€59,80/lt"
Sabonete Sólido Naturals Amêndoas Delicate Care,Palmolive,emb. 4 x 90 gr,"€4,49/un","€12,47/kg"
Sabonete Sólido Alfazema,Confiança,emb. 125 gr,"€1,15/un","€9,20/kg"
Gel de Banho Dark Temptation,Axe,emb. 400 ml,"€5,99/un","€14,98/lt"
Desodorizante Roll On Men Invisible Protection,MyLabel,emb. 50 ml,"€0,75/un","€15,00/lt"
Gel de Banho Fragrância Memories Sunset Relax,Palmolive,emb. 650 ml,"€4,99/un","€7,68/lt"
Creme Depilatório Corpo Homem Pele Normal,Veet for men,emb. 200 ml,"€6,99/un","€34,95/lt"
Desodorizante Spray Fresh Ice Chill,Axe,emb. 150 ml,"€5,99/un","€39,93/lt"
Gel de Banho Derma Care,Vaseline,emb. 700 ml,"€3,59/un","€5,13/lt"
Lâminas Descartáveis Blue II,Gillette,emb. 6 un,"€2,99/un","€0,60/un"
Gel de Banho Rosas e Jasmim,Vaseline,emb. 700 ml,"€2,99/un","€4,27/lt"
Sabonete Líquido Desinfetante Hidratante,Sanytol,emb. 250 ml,"€2,49/un","€9,96/lt"
Desodorizante Spray Pure & Natural,Nivea,emb. 150 ml,"€2,79/un","€18,60/lt"
Sabonete Sólido Luxo Banho,Ach.Brito,emb. 350 gr,"€4,95/un","€14,14/kg"
Gel de Banho Black,Axe,emb. 400 ml,"€5,99/un","€14,98/lt"
Desodorizante Spray Maximum Protection Clean Scent,Rexona,emb. 100 ml,"€3,89/un","€38,90/lt"
Sabonete Líquido Amêndoa e Leite,Continente,emb. 500 ml,"€1,19/un","€2,38/lt"
Desodorizante Spray Tropical,Rexona,emb. 150 ml,"€4,49/un","€29,93/lt"
Desodorizante Roll On Sensitive,Sanex,emb. 50 ml,"€2,09/un","€41,80/lt"
Desodorizante Derma Care,Vaseline,emb. 50 ml,"€4,99/un","€99,80/lt"
Gel de Banho Goodbye Stress,Nivea,emb. 750 ml,"€8,49/un","€11,32/lt"
Gel de Banho Men Extra Fresh,Dove,emb. 400 ml,"€2,99/un","€7,48/lt"
Sabonete Sólido Naturals Moisture Care,Palmolive,emb. 4 x 90 gr,"€4,49/un","€12,47/kg"
Sabonete Líquido Orquídea Negra,Continente,emb. 500 ml,"€1,19/un","€2,38/lt"
Gel de Banho Naturals Orquidea,Palmolive,emb. 650 ml,"€5,49/un","€8,45/lt"
Sabonete Sólido Hidratante,Patti,emb. 90 gr,"€1,10/un","€12,22/kg"
Desodorizante Hidra Essencial,Vaseline,emb. 50 ml,"€4,99/un","€99,80/lt"
Sabonete Líquido Recarga Amêndoa e Leite,Continente,emb. 500 ml,"€1,09/un","€2,18/lt"
Desodorizante Roll On Dry Comfort,Nivea,emb. 50 ml,"€2,99/un","€59,80/lt"
Desodorizante Roll On Men Dry Impact,Nivea,emb. 50 ml,"€2,99/un","€59,80/lt"
Gel de Banho 3 em 1 After Sport,Adidas,emb. 400 ml,"€4,99/un","€12,48/lt"
Desodorizante Spray Pink Passion,Fa,emb. 150 ml,"€1,99/un","€13,27/lt"
Sabonete Líquido Hidratante Naturals Leite Amêndoa,Palmolive,emb. 300 ml,"€3,79/un","€12,63/lt"
Desodorizante Roll On Zero% Extra Control 48H,Sanex,emb. 50 ml,"€2,39/un","€47,80/lt"
Desodorizante Spray Apollo,Axe,emb. 150 ml,"€5,99/un","€39,93/lt"
Gel de Banho Argão,Natural Honey,emb. 700 ml,"€2,99/un","€4,27/lt"
Gel de Banho Zero% Family com Doseador,Sanex,emb. 750 ml,"€7,15/un","€9,53/lt"
Desodorizante Roll On Men Extra Fresh,Dove,emb. 50 ml,"€2,79/un","€55,80/lt"
Desodorizante Roll On Invisible Protection,MyLabel,emb. 50 ml,"€0,75/un","€15,00/lt"
Sabonete Sólido Limão,Ach.Brito,emb. 160 gr,"€2,20/un","€13,75/kg"
Gel de Banho Naturals Macadamia,Palmolive,emb. 650 ml,"€5,49/un","€8,45/lt"
Sabonete Líquido Naturals Leite de Oliva,Palmolive,emb. 300 ml,"€3,79/un","€12,63/lt"
Gel de Banho Memories Summer Dream,Palmolive,emb. 500 ml,"€2,99/un","€5,98/lt"
Gel de Banho Macadâmia,MyLabel,emb. 750 ml,"€2,09/un","€2,79/lt"
Creme Corporal Hidratante,Soft&Co,emb. 1 lt,"€13,49/un","€13,49/lt"
Gel de Banho Relax,MyLabel,emb. 750 ml,"€1,99/un","€2,65/lt"
Desodorizante Roll On Protect & Care,MyLabel,emb. 50 ml,"€0,75/un","€15,00/lt"
Desodorizante Spray Açai Waterlily,Dove,emb. 150ml,"€2,81/un","€18,73/lt"
Desodorizante Roll On Tropical,Rexona,emb. 50 ml,"€4,49/un","€89,80/lt"
Desodorizante Roll On Men Invisible Ice,Rexona,emb. 50 ml,"€2,69/un","€53,80/lt"
Gel de Banho Men Clean Comfort,Dove,emb. 400 ml,"€2,99/un","€7,48/lt"
Gel de Banho Ice Chill,Axe,emb. 400 ml,"€5,99/un","€14,98/lt"
Sabonete Líquido Citrinos,Dettol,emb. 250 ml,"€3,99/un","€15,96/lt"
Gel de Banho Aloe Vera & Birch Water,Dove,emb. 750 ml,"€4,79/un","€6,39/lt"
Creme Corporal Gordo,MyLabel,emb. 1 lt,"€12,99/un","€12,99/lt"
Desodorizante Spray Men Zero % Respect & Control,Sanex,emb. 200 ml,"€2,69/un","€13,45/lt"
Gel de Banho Hidratante,Natural Honey,emb. 750 ml,"€2,74/un","€3,65/lt"
Desodorizante Spray Men Black & White Active,Nivea,emb. 150 ml,"€2,79/un","€18,60/lt"
Sabonete Sólido Musgo Real,Ach.Brito,emb. 150 gr,"€2,00/un","€12,50/kg"
Creme Descolorante Facial Pele Normal,Veet,emb. 2 x 30 ml,"€4,89/un","€81,50/lt"
Sabonete Sólido Leite,Nivea,emb. 90 ml,"€1,19/un","€13,22/kg"
Sabonete Sólido Azeitona e Mel,Nally,emb. 125 gr,"€2,35/un","€18,80/kg"
Creme Descolorante Corpo,Veet,emb. 2 x 75 ml,"€7,69/un","€51,27/lt"
Sabonete Sólido Laranjeira e Mel,Nally,emb. 125 gr,"€2,35/un","€18,80/kg"
Desodorizante Roll-On Men Zero % Respect & Control,Sanex,emb. 50 ml,"€2,39/un","€47,80/lt"
Desodorizante Roll On Dark Temptation,Axe,emb. 50 ml,"€4,99/un","€99,80/lt"
Creme Corporal Hidratante,Nivea,emb. 150 ml,"€3,05/un","€20,33/lt"
Desodorizante Creme Stick Maximum Protection,Rexona,emb. 45 ml,"€4,79/un","€106,44/lt"
Desodorizante Roll On Dermo Invisible 24H,Sanex,emb. 50 ml,"€2,09/un","€41,80/lt"
Gel de Banho Argão,MyLabel,emb. 750 ml,"€2,09/un","€2,79/lt"
Desodorizante Roll On Invisible Fresh Protection,MyLabel,emb. 50 ml,"€0,75/un","€15,00/lt"
Desodorizante Roll On Men Power Protection,MyLabel,emb. 50 ml,"€0,75/un","€15,00/lt"
Desodorizante Roll On Pure & Naturals,MyLabel,emb. 50 ml,"€0,75/un","€15,00/lt"
Gel de Banho Wellness Massage,Palmolive,emb. 500 ml,"€2,99/un","€5,98/lt"
Desodorizante Roll On Cucumber & Green Tea,Dove,emb. 50 ml,"€2,81/un","€56,20/lt"
Gel de Banho Cuidado Intensivo,Lactovit,emb. 650 ml,"€2,59/un","€3,98/lt"
Gel de Banho Deeply Nourishing,Dove,emb. 250 ml,"€2,24/un","€8,96/lt"
Gel de Banho Men Sports Care,Dove,emb. 400 ml,"€2,99/un","€7,48/lt"
Desodorizante Spray Cobalt Dry,Rexona,emb. 150 ml,"€4,49/un","€29,93/lt"
Gel de Banho Memories Palm Beach,Palmolive,emb. 650 ml,"€5,99/un","€9,22/lt"
Sabonete Sólido Hidratante,Confiança,emb. 100 gr,"€1,11/un","€11,10/kg"
Desodorizante Roll On Men Dermo Invisible,Sanex,emb. 50 ml,"€2,09/un","€41,80/lt"
Desodorizante Creme Original,Dove,emb. 50 ml,"€4,99/un","€99,80/lt"
Desodorizante Roll On Men Expert Thermic Resist,Men Expert,emb. 50 ml,"€2,39/un","€47,80/lt"
Gel de Banho Naturals Oliva e Leite,Palmolive,emb. 500 ml,"€2,69/un","€5,38/lt"
Óleo de Mãos Amêndoas Doces,MyLabel,emb. 100 ml,"€1,39/un","€13,90/lt"
Loção Corporal Nutritivo,Nivea,emb. 400 ml,"€4,45/un","€11,13/lt"
Desodorizante Spray Dry Black,Axe,emb. 150 ml,"€5,99/un","€39,93/lt"
Desodorizante Spray Active Protection Invisible,Rexona,emb. 150 ml,"€2,69/un","€17,93/lt"
Cera Depilatória Natural Profissional,Veet,emb. 300 gr,"€8,74/un","€29,13/kg"
Desodorizante Spray Fresh Collision Leather & Cookies,Axe,emb. 150 ml,"€5,99/un","€39,93/lt"
Sabonete Líquido Eco Recarga Creme Soft,Nivea,emb. 500 ml,"€4,79/un","€9,58/lt"
Sabonete Líquido Desinfetante Nutritivo,Sanytol,emb. 250 ml,"€2,49/un","€9,96/lt"
Gel de Banho Regeneração Intensiva,Vaseline,emb. 700 ml,"€3,59/un","€5,13/lt"
Desodorizante Spray Invisible Aqua,Rexona,emb. 150 ml,"€2,69/un","€17,93/lt"
Máquina Depilatória Venus Comfortglide Breeze com 4 Recargas,Venus,emb. 1 un,"€16,99/un","€16,99/un"
Gel de Banho Frescura de Colónia,Natural Honey,"emb. 1,5 lt","€4,99/un","€3,33/lt"
Desodorizante Spray Fresh Touch,Dove,emb. 150 ml,"€2,81/un","€18,73/lt"
Desodorizante Roll On Narta Men InvisiMax,Narta,emb. 50 ml,"€2,39/un","€47,80/lt"
Sabonete Sólido Coco e Óleo de Amêndoa,Nivea,emb. 90 gr,"€1,19/un","€13,22/kg"
Loção Corporal Nutritiva,Nivea,emb. 625 ml,"€7,49/un","€11,98/lt"
Desodorizante Roll On Pear & Aloe Vera,Dove,emb. 50 ml,"€2,81/un","€56,20/lt"
Gel de Banho Excite,Axe,emb. 400 ml,"€5,99/un","€14,98/lt"
Desodorizante Spray Shower Fresh,Rexona,emb. 200 ml,"€4,49/un","€22,45/lt"
Recarga de Lâminas Venus Smooth,Venus,emb. 3 x 4 un,"€28,78/un","€2,40/un"
Gel de Banho Naturals Sensitive,Palmolive,emb. 650 ml,"€5,49/un","€8,45/lt"
Desodorizante Spray Original,Dove,emb. 150 ml,"€2,81/un","€18,73/lt"
Gel de Banho Amêndoas e Leite,Continente,emb. 1 lt,"€1,99/un","€1,99/lt"
Desodorizante Spray Apollo Dry,Axe,emb. 150 ml,"€5,99/un","€39,93/lt"
Sabonete Líquido Hidratante Naturals Leite e Mel,Palmolive,emb. 300 ml,"€3,79/un","€12,63/lt"
Gel de Banho Care & Orange,Nivea,emb. 750 ml,"€8,49/un","€11,32/lt"
Recarga de Lâminas Comfortglide Breeze,Venus,emb. 8 un,"€25,19/un","€3,15/un"
Gel de Banho Care & Relax,Nivea,emb. 750 ml,"€8,49/un","€11,32/lt"
Gel de Banho Wild Green Mojito & Cedarwood,Axe,emb. 400 ml,"€5,99/un","€14,98/lt"
Desodorizante Spray Excite,Axe,emb. 150 ml,"€5,99/un","€39,93/lt"
Gel de Banho Men Protect & Care,Nivea,emb. 500 ml,"€3,49/un","€6,98/lt"
Gel de Banho Hipoalergénico Sensitive,Natural Honey,emb. 700 ml,"€2,99/un","€4,27/lt"
Gel de Banho Original,Lactovit,emb. 650 ml,"€2,59/un","€3,98/lt"
Loção Corporal Reparadora,Lactovit,emb. 400 ml,"€3,69/un","€9,23/lt"
Gel de Banho Amazonian Secrets,Natural Honey,emb. 650 ml,"€2,74/un","€4,22/lt"
Sabonete Sólido de Ameixa,Ach.Brito,emb. 160 gr,"€2,20/un","€13,75/kg"
Recarga de Lâminas Smooth,Venus,emb. 4 un,"€13,49/un","€3,37/un"
Gel de Banho Massage,MyLabel,emb. 750 ml,"€1,99/un","€2,65/lt"
Gel de Banho Care & Roses,Nivea,emb. 750 ml,"€8,49/un","€11,32/lt"
Desodorizante Spray Active Protection Invisible,Rexona,emb. 200 ml,"€2,69/un","€13,45/lt"
Recarga de Lâminas Comfortglide Breeze Spa,Venus,emb. 4 un,"€15,49/un","€3,87/un"
Desodorizante Roll On Men Active Fresh,Rexona,emb. 50 ml,"€2,99/un","€59,80/lt"
Gel de Banho Cotton Fresh,Bioten,emb. 700 ml,"€3,20/un","€4,57/lt"
Gel de Banho Nourishing Silk,Dove,emb. 500 ml,"€4,99/un","€9,98/lt"
Desodorizante Roll On Men Sport Cool,Rexona,emb. 50 ml,"€4,49/un","€89,80/lt"
Desodorizante Spray Invisible Care,Dove,emb. 150 ml,"€2,81/un","€18,73/lt"
Desodorizante Roll On Invisible Care,Dove,emb. 50 ml,"€2,81/un","€56,20/lt"
Gel de Banho Mel,Feno,emb. 700 ml,"€2,84/un","€4,06/lt"
Desodorizante Black & White Silky Smooth,Nivea,emb. 150 ml,"€2,79/un","€18,60/lt"
Desodorizante Roll On Peles Sensíveis,Feno,emb. 50 ml,"€2,09/un","€41,80/lt"
Desodorizante Roll On Zero% Sensitive 24H,Sanex,emb. 50 ml,"€2,39/un","€47,80/lt"
Desodorizante Spray Men Active Fresh,Rexona,emb. 150 ml,"€2,99/un","€19,93/lt"
Creme Corporal Hidratante Soft,Nivea,emb. 200 ml,"€5,69/un","€28,45/lt"
Desodorizante Stick Captain,Old Spice,emb. 50 ml,"€2,69/un","€53,80/lt"
Desodorizante Spray Caribbean Lemon,Fa,emb. 150 ml,"€1,99/un","€13,27/lt"
Gel Corporal Q10 Plus Anti-celulite e Refirmante,Nivea,emb. 200 ml,"€7,79/un","€38,95/lt"
Desodorizante Roll On Biorythm,Rexona,emb. 50 ml,"€4,49/un","€89,80/lt"
Desodorizante Spray Wild Green Mojito & Cedarwood,Axe,emb. 150 ml,"€5,99/un","€39,93/lt"
Gel de Banho Glamour,MyLabel,emb. 750 ml,"€1,99/un","€2,65/lt"
Desodorizante Spray Gold Temptation,Axe,emb. 150 ml,"€5,99/un","€39,93/lt"
Gel de Banho Japan Secrets,Natural Honey,emb. 650 ml,"€2,74/un","€4,22/lt"
Gel de Banho Coconut Breeze,Bioten,emb. 750 ml,"€3,19/un","€4,25/lt"
Gel de Banho Men Active Clean,Nivea,emb. 500 ml,"€3,49/un","€6,98/lt"
Desodorizante Spray Men Maximum Protection Clean Scent,Rexona,emb. 100 ml,"€3,89/un","€38,90/lt"
Desodorizante Roll On Narta Invisible sem Álcool,Narta,emb. 50 ml,"€2,39/un","€47,80/lt"
Desodorizante Roll On Black & White Silky Smooth,Nivea,emb. 50 ml,"€2,69/un","€53,80/lt"
Sabonete Líquido Glicerina,Soft&Co,emb. 500 ml,"€7,30/un","€14,60/lt"
Desodorizante Roll On Men Cool Fresh,Dove,emb. 50 ml,"€2,79/un","€55,80/lt"
Creme Depilatório Corpo Homem Pele Sensivel,Veet for men,emb. 400 ml,"€11,19/un","€27,98/lt"
Gel de Banho Fresh Clash Collision Leather & Cookies,Axe,emb. 400 ml,"€5,99/un","€14,98/lt"
Desodorizante Roll On Maximum Protection Clean Scent,Rexona,emb. 50 ml,"€3,89/un","€77,80/lt"
Sabonete Líquido Fresh Touch,Dove,emb. 250 ml,"€2,39/un","€9,56/lt"
Desodorizante Roll On Invisible Aqua,Rexona,emb. 50 ml,"€2,69/un","€53,80/lt"
Recarga de Lâminas Venus Deluxe Smooth,Venus,emb. 3 un,"€15,49/un","€5,16/un"
Gel de Banho Men 2 em 1 Care,MyLabel,emb. 300 ml,"€1,09/un","€3,63/lt"
Gel de Banho Arando e Maracujá,Bioten,emb. 700 ml,"€3,19/un","€4,56/lt"
Desodorizante Roll On Cotton Dry,Rexona,emb. 50 ml,"€4,49/un","€89,80/lt"
Sabonete Sólido Glicerina Natural,Palmolive,emb. 90 gr,"€0,99/un","€11,00/kg"
Sabonete Líquido Lavanda e Mel,Nally,emb. 300 ml,"€3,15/un","€10,50/lt"
Lâminas Descartáveis Twin Lady,Bic,emb. 6 un,"€1,99/un","€0,40/un"
Desodorizante Spray Men Dermo Invisible,Sanex,emb. 200 ml,"€2,39/un","€11,95/lt"
Sabonete Sólido Aromático,Confiança,emb. 75 gr,"€0,96/un","€12,80/kg"
Desodorizante Spray Gold Dry,Axe,emb. 150 ml,"€5,99/un","€39,93/lt"
Óleo Corporal Essencial de Árvore do Chá,Soft&Co,emb. 40 ml,"€6,99/un","€174,75/lt"
Desodorizante Spray Sensitive,Dove,emb. 150 ml,"€2,99/un","€19,93/lt"
Desodorizante Spray Zero% Sensitive,Sanex,emb. 150 ml,"€2,69/un","€17,93/lt"
Desodorizante Stick Men Cobalt Blue,Rexona,emb. 50 ml,"€4,49/un","€89,80/lt"
Desodorizante Spray Peach & Lemon Verbena,Dove,emb. 150 ml,"€2,99/un","€19,93/lt"
Bandas Depilatórias Cera Fria Corpo Pele Normal,Veet,emb. 40 un,"€11,89/un","€0,30/un"
Desodorizante Roll On Original,Denim,emb. 50 ml,"€4,79/un","€95,80/lt"
Desodorizante Spray Dry Comfort,Nivea,emb. 200 ml,"€2,99/un","€14,95/lt"
Gel de Banho Hidra Essencial,Vaseline,emb. 700 ml,"€3,59/un","€5,13/lt"
Gel de Banho Seda,MyLabel,emb. 750 ml,"€2,09/un","€2,79/lt"
Gel de Banho Pure Micelar,Natural Honey,emb. 750 ml,"€2,74/un","€3,65/lt"
Desodorizante Roll On Men Cool Kick,Nivea,emb. 50 ml,"€3,99/un","€79,80/lt"
Sabonete Líquido Cherry Blossom Moment,MyLabel,emb. 250 ml,"€2,49/un","€9,96/lt"
Gel de Banho Spa Experience,Natural Honey,emb. 650 ml,"€2,74/un","€4,22/lt"
Desodorizante Spray White Water,Old Spice,emb. 150 ml,"€2,69/un","€17,93/lt"
Sabonete Líquido Protect,Continente,emb. 350 ml,"€1,39/un","€3,97/lt"
Sabonete Sólido Leite de Burra,Confiança,emb. 75 gr,"€0,96/un","€12,80/kg"
Sabonete Sólido Exfoliante,Confiança,emb. 100 gr,"€1,11/un","€11,10/kg"
Creme Corporal Hidratante,Soft&Co,emb. 500 ml,"€7,99/un","€15,98/lt"
Creme Corporal Q10 Refirmante e Remodelador,Nivea,emb. 300 ml,"€7,69/un","€25,63/lt"
Creme de Mãos e Unhas,Vaseline,emb. 75 ml,"€2,07/un","€27,60/lt"
Desodorizante Spray Zero% Invisible,Sanex,emb. 150 ml,"€2,69/un","€17,93/lt"
Desodorizante Roll On Men Cobalt Blue,Rexona,emb. 50 ml,"€4,49/un","€89,80/lt"
Tiras Depilatórias Cera Faciais Pele Sensível,Lycia,emb. 20 un,"€3,76/un","€0,19/un"
Desodorizante Roll On Black & White Active,Nivea,emb. 50 ml,"€2,69/un","€53,80/lt"
Sabonete Líquido Amêndoa e Mel,Nally,emb. 300 ml,"€3,15/un","€10,50/lt"
Recarga de Lâminas Venus Deluxe Smooth Swirl,Venus,emb. 3 x 2 un,"€26,38/un","€4,40/un"
Gel de Banho Natural Oil,Nivea,emb. 200 ml,"€3,99/un","€19,95/lt"
Loção Corporal,MyLabel,emb. 400 ml,"€1,49/un","€3,73/lt"
Creme Corporal Hidratante Silky,Dove,emb. 300 ml,"€5,19/un","€17,30/lt"
Desodorizante Roll On Nature Protect Sensitive,Sanex,emb. 50 ml,"€2,39/un","€47,80/lt"
Desodorizante Spray Black & White Active,Nivea,emb. 150 ml,"€2,79/un","€18,60/lt"
Desodorizante Roll On Caribbean Lemon,Fa,emb. 50 ml,"€1,99/un","€39,80/lt"
Gel de Banho White Water,Old Spice,emb. 400 ml,"€4,99/un","€12,48/lt"
Sabonete Líquido Luxe Bouquet Moment,MyLabel,emb. 250 ml,"€2,49/un","€9,96/lt"
Sabonete Líquido Óleo de Coco e Leite de Amêndoa,Dove,emb. 250 ml,"€2,39/un","€9,56/lt"
Desodorizante Spray Wolfthorn,Old Spice,emb. 150 ml,"€2,69/un","€17,93/lt"
Gel de Banho Coco Addiction,Natural Honey,emb. 650 ml,"€2,74/un","€4,22/lt"
Gel de Banho Cacau e Macadâmia,Bioten,emb. 700 ml,"€3,19/un","€4,56/lt"
Desodorizante Roll On Sensitive,Dove,emb. 50 ml,"€2,99/un","€59,80/lt"
Gel de Banho Dermonatura Delicado,Feno,emb. 700 ml,"€3,49/un","€4,99/lt"
Desodorizante Roll On Narta Men IceMax,Narta,emb. 50 ml,"€3,99/un","€79,80/lt"
Desodorizante Naturally Good Bio Green Tea,Nivea,emb. 50 ml,"€4,99/un","€99,80/lt"
Tiras Depilatórias Cera Faciais,Lycia,emb. 20 un,"€3,76/un","€0,19/un"
Desodorizante Spray Biorythm,Rexona,emb. 150 ml,"€4,49/un","€29,93/lt"
Dezodorizante Spray Pedra Alume,Narta,emb. 200 ml,"€4,29/un","€21,45/lt"
Desodorizante Spray Dark Temptation,Axe,emb. 150 ml,"€5,99/un","€39,93/lt"
Gel de Banho Original,Old Spice,emb. 400 ml,"€4,99/un","€12,48/lt"
Desodorizante Roll On Naturally Good Aloe Vera,Nivea,emb. 50 ml,"€4,99/un","€99,80/lt"
Loção Corporal Nutritiva,Nivea,emb. 250 ml,"€3,85/un","€15,40/lt"
Desodorizante Roll On Men Deep,Nivea,emb. 50 ml,"€4,49/un","€89,80/lt"
Loção Corporal Repara & Cuida,Nivea,emb. 400 ml,"€5,97/un","€14,93/lt"
Spray Depilatório Corpo Pele Sensível,Veet,emb. 150 ml,"€6,99/un","€46,60/lt"
Sabonete Sólido Hidratante,Patti,emb. 160 gr,"€2,00/un","€12,50/kg"
Sabonete Sólido Chipre Imperial,Confiança,emb. 125 gr,"€1,15/un","€9,20/kg"
Lâminas Descartáveis Venus Simply Basic,Venus,emb. 4 un,"€1,99/un","€0,66/un"
Creme Corporal Coco,MyLabel,emb. 300 ml,"€1,89/un","€6,30/lt"
Esponja de Banho Vegetal,Continente,emb. 1 un,"€0,85/un","€0,85/un"
Óleo Corporal Essencial de Lavanda,Soft&Co,emb. 40 ml,"€6,99/un","€174,75/lt"
Desodorizante Stick Original,Dove,emb. 40 ml,"€4,99/un","€124,75/lt"
Desodorizante Spray Anarchy Fresh,Axe,emb. 150 ml,"€5,99/un","€39,93/lt"
Cera Depilatória Argão Natural,Veet,emb. 250 ml,"€5,59/un","€22,36/lt"
Gel de Banho Naturals Romã Vegan,Palmolive,emb. 500 ml,"€2,99/un","€5,98/lt"
Gel de Banho Pêssego e Toranja,Lactovit,emb. 650 ml,"€2,59/un","€3,98/lt"
Gel de Banho Naturals Coco Vegan,Palmolive,emb. 500 ml,"€2,99/un","€5,98/lt"
Creme Corporal Derma Spa Cashmere Comfort,Dove,emb. 300 ml,"€4,99/un","€16,63/lt"
Creme Depilatório Corpo Pele Sensível,MyLabel,emb. 200 ml,"€2,99/un","€14,95/lt"
Loção Corporal Q10 Plus Refirmante,Nivea,emb. 250 ml,"€4,99/un","€19,96/lt"
Desodorizante Spray Men Deep,Nivea,emb. 150 ml,"€2,79/un","€18,60/lt"
Gel de Banho Captain,Old Spice,emb. 400 ml,"€4,99/un","€12,48/lt"
Desodorizante Roll On Cucumber & Green Tea,Dove,emb. 50 ml,"€2,99/un","€59,80/lt"
Creme Depilatório Corpo Pele Sensível,Veet,emb. 200 ml,"€6,99/un","€34,95/lt"
Gel de Banho e Champô Refrescante Anticaspa,H&S,emb. 300 ml,"€3,49/un","€11,63/lt"
Gel de Banho Óleo de Oliva e Camomila,Feno,emb. 700 ml,"€2,84/un","€4,06/lt"
Sabonete Líquido Care & Protect,Dove,emb. 250 ml,"€2,39/un","€9,56/lt"
Lâminas Descartáveis Dupla Oscilante,MyLabel,emb. 10 un,"€1,99/un","€0,20/un"
Creme Depilatório Corpo Pele Sensível,Veet,emb. 400 ml,"€11,89/un","€29,73/lt"
Desodorizante Roll On Men Expert Invincible Sport,Men Expert,emb. 50 ml,"€2,39/un","€47,80/lt"
Desodorizante Roll On Men Sports Care,Dove,emb. 50 ml,"€2,79/un","€55,80/lt"
Gel de Banho Wolfthorn,Old Spice,emb. 400 ml,"€4,99/un","€12,48/lt"
Bandas Depilatórias Cera Fria Facial Coco Extra Aveia,MyLabel,emb. 32 un,"€1,84/un","€1,84/un"
Loção Corporal Extra Nutritiva,Natural Honey,emb. 700 ml,"€6,81/un","€9,73/lt"
Gel de Banho Men Deep,Nivea,emb. 500 ml,"€3,49/un","€6,98/lt"
Loção Corporal Coco,Natural Honey,emb. 400 ml,"€4,21/un","€10,53/lt"
Gel de Banho e Champô Sport Anticaspa,H&S,emb. 300 ml,"€3,49/un","€11,63/lt"
Creme de Mãos SOS,Bioten,emb. 50 ml,"€2,46/un","€49,20/lt"
Gel de Banho Detox Micelar,Bioten,emb. 750 ml,"€3,19/un","€4,25/lt"
Desodorizante Spray Cucumber & Green Tea,Dove,emb. 150 ml,"€2,99/un","€19,93/lt"
Loção Corporal Q10 Plus Refirmante,Nivea,emb. 250 ml,"€4,99/un","€19,96/lt"
Leite Corporal Amêndoas e Sândalo,MyLabel,emb. 400 ml,"€1,89/un","€4,73/lt"
Desodorizante Roll On Natur Protect,Sanex,emb. 50 ml,"€2,39/un","€47,80/lt"
Creme de Mãos Óleo de Coco 100% Natural,Dove,emb. 75 ml,"€2,91/un","€38,80/lt"
Gel de Banho Men Expert Hydra Energetic,Men Expert,emb. 400 ml,"€4,99/un","€12,48/lt"
Gel de Banho Aloe Sensitive,Vaseline,emb. 700 ml,"€3,59/un","€5,13/lt"
Creme Depilatório Corpo Duche Pele Sensível,Veet,emb. 400 ml,"€11,89/un","€29,73/lt"
Gel de Banho Amêndoas e Mel,Nally,emb. 500 ml,"€3,27/un","€6,54/lt"
Desodorizante Creme Stick Maximum Protection Confidence,Rexona,emb. 45 ml,"€4,79/un","€106,44/lt"
Roll On Depilatório Elétrico,Veet,emb. 1 un,"€13,99/un","€13,99/un"
Bandas Depilatórias Cera Fria Corpo Pele Sensível,Veet,emb. 40 un,"€11,89/un","€0,30/un"
Desodorizante Spray Aloe Sensitive,Vaseline,emb. 250 ml,"€3,99/un","€15,96/lt"
Gel de Banho Care & Coconut,Nivea,emb. 750 ml,"€8,49/un","€11,32/lt"
Gel de Banho Elixir de Argão,Natural Honey,emb. 650 ml,"€2,74/un","€4,22/lt"
Desodorizante Spray Black&White Ultimate Impact,Nivea,emb. 150 ml,"€2,79/un","€18,60/lt"
Óleo Corporal Rosa Mosqueta,MyLabel,emb. 30 ml,"€4,99/un","€166,33/lt"
Desodorizante Roll On Zero% Invisible,Sanex,emb. 50 ml,"€2,39/un","€47,80/lt"
Desodorizante Stick Dermo Protector,Sanex,emb. 65 ml,"€2,39/un","€36,77/lt"
Recarga de Lâminas Extra Smooth Snap,Venus,emb. 2 un,"€11,39/un","€5,70/un"
Gel de Banho Naturals Manteiga de Karité,Palmolive,emb. 650 ml,"€5,49/un","€8,45/lt"
Máquina Depilatória Venus Deluxe Smooth Swirl com 3 Recarga,Venus,emb. 1 un,"€17,99/un","€17,99/un"
Lâminas Descartáveis Twin Lady,Bic,emb. 12 un,"€3,94/un","€0,49/un"
Gel de Banho Wellness Radiance,Palmolive,emb. 500 ml,"€2,99/un","€5,98/lt"
Creme Depilatório Corpo Homem Pele Sensível,Veet for men,emb. 200 ml,"€6,99/un","€34,95/lt"
Lâminas Descartáveis Miss Soleil Sensitive,Bic,emb. 4 un,"€4,09/un","€1,36/un"
Desodorizante de Pés Spray,MyLabel,emb. 150 ml,"€1,99/un","€13,27/lt"
Gel de Banho Crianças,Corine de Farme,emb. 300 ml,"€2,99/un","€9,97/lt"
Loção Corporal Cocoa Radiant,Vaseline,emb. 400 ml,"€3,95/un","€9,88/lt"
Bandas Depilatórias Cera Fria Corpo Pele Sensível,Veet,emb. 20 un,"€6,29/un","€0,31/un"
Gel de Banho Dermonatura Regenera,Feno,emb. 700 ml,"€3,49/un","€4,99/lt"
Creme Corporal Hidratante Miniatura,Nivea,emb. 30 ml,"€1,20/un","€40,00/lt"
Desodorizante Roll On Hipoalergénico Anti-Stress,Feno,emb. 50 ml,"€2,09/un","€41,80/lt"
Desodorizante Spray Narta Invisível,Narta,emb. 200 ml,"€2,57/un","€12,85/lt"
Creme Corporal Gordo 72h Hidratação Intensiva Pele Muito Seca,Vaseline,emb. 250 ml,"€7,49/un","€29,96/lt"
Desodorizante Roll On Dermo Protetivo,Feno,emb. 50 ml,"€2,09/un","€41,80/lt"
Bandas Depilatórias Cera Fria Facial Pele Normal,Veet,emb. 20 un,"€4,89/un","€0,24/un"
Loção Corporal Refirmante Pós-Parto,Palmer's,emb. 315 ml,"€10,18/un","€32,32/lt"
Gel de Banho Dermonatura Nutritivo,Feno,emb. 700 ml,"€3,49/un","€4,99/lt"
Desodorizante Roll On Dry Fresh,Nivea,emb. 50 ml,"€3,99/un","€79,80/lt"
Sabonete Sólido Mel,Feno,emb. 90 gr,"€0,72/un","€8,00/kg"
Creme de Mãos Q10 Anti-Idade,MyLabel,emb. 125 ml,"€1,19/un","€9,52/lt"
Leite Autobronzeador Ambre Solaire,Garnier Ambre Solaire,emb. 150 ml,"€10,39/un","€51,95/lt"
Loção Corporal Extra Hidratante,Natural Honey,emb. 700 ml,"€6,81/un","€9,73/lt"
Gel de Banho Activit,Lactovit,emb. 650 ml,"€2,59/un","€3,98/lt"
Loção Corporal Massagem Anti-estrias,Palmer's,emb. 250 ml,"€10,59/un","€42,36/lt"
Desodorizante Spray Original,Old Spice,emb. 150 ml,"€2,69/un","€17,93/lt"
Creme Corporal Hidratante Spa Goodness,Dove,emb. 300 ml,"€4,99/un","€16,63/lt"
Desodorizante Stick Wolfthorn,Old Spice,emb. 50 ml,"€2,69/un","€53,80/lt"
Gel de Banho Wellness Balance,Palmolive,emb. 500 ml,"€2,99/un","€5,98/lt"
Desodorizante Spray Men Fresh Ocean,Nivea,emb. 150 ml,"€2,79/un","€18,60/lt"
Desodorizante Spray Men Expert Cool Power,Men Expert,emb. 150 ml,"€2,39/un","€15,93/lt"
Lâminas Descartáveis,MyLabel,emb. 4 un,"€1,99/un","€0,50/un"
Creme de Mãos Intensivo Miniatura,Nivea,emb. 30 ml,"€1,19/un","€39,67/lt"
Máquina Depilatória Venus Comfortglide Spa Breeze com 1 Recarga,Venus,emb. 1 un,"€6,36/un","€6,36/un"
Óleo Corporal Puro de Rícino,Soft&Co,emb. 40 ml,"€4,99/un","€124,75/lt"
Creme de Mãos Reparador SOS,MyLabel,emb. 125 ml,"€1,69/un","€13,52/lt"
Gel de Banho Hipoalergénico Revitalize,Natural Honey,emb. 700 ml,"€2,99/un","€4,27/lt"
Gel de Banho White Musk,Bioten,emb. 700 ml,"€3,19/un","€4,56/lt"
Desodorizante Spray Men Expert Stress Resist,Men Expert,emb. 150 ml,"€2,39/un","€15,93/lt"
Creme de Mãos Reparador,Bioten,emb. 100 ml,"€2,46/un","€24,60/lt"
Gel de Banho Dermo Sensitive,Nivea,emb. 650 ml,"€3,29/un","€5,06/lt"
Gel Corporal Aloé Vera,Soft&Co,emb. 490 ml,"€8,29/un","€16,92/lt"
Gel de Banho Creme Soft,Nivea,emb. 650 ml,"€3,29/un","€5,06/lt"
Desodorizante Roll On Men Magnesium Dry,Nivea,emb. 50 ml,"€2,99/un","€59,80/lt"
Gel de Banho Kiwi e Uva,Lactovit,emb. 650 ml,"€2,59/un","€3,98/lt"
Creme de Mãos Nutritivo,Nivea,emb. 75 ml,"€2,99/un","€39,87/lt"
Gel de Banho Deeply Nourishing,Dove,emb. 500 ml,"€4,99/un","€9,98/lt"
Máquina Depilatória Venus Deluxe Smooth Sensitive Rosegold com 1 Recarga,Venus,emb. 1 un,"€9,74/un","€9,74/un"
Recarga de Lâminas Venus Deluxe Smooth Sensitive,Venus,emb. 3 un,"€15,99/un","€5,33/un"
Creme de Mãos Aloé Vera,Nivea,emb. 100 ml,"€1,95/un","€19,50/lt"
Óleo Corporal Hidratante Coco Addiction,Natural Honey,emb. 300 ml,"€5,19/un","€17,30/lt"
Gel de Banho Orange & Avocado Oil,Nivea,emb. 500 ml,"€3,24/un","€6,48/lt"
Desodorizante Roll On Black & White,Nivea,emb. 50 ml,"€2,69/un","€53,80/lt"
Desodorizante Spray Heartbeat,B.U.,emb. 150 ml,"€3,59/un","€23,93/lt"
Creme Corporal Dermonatura Regenerador,Feno,emb. 400 ml,"€3,49/un","€8,73/lt"
Bandas Depilatórias Cera Fria Axilas,Veet,emb. 16 un,"€5,59/un","€5,59/un"
Creme de Mãos Luxe Bouquet,MyLabel,emb. 250 ml,"€2,79/un","€11,16/lt"
Creme de Mãos Reparador,Nivea,emb. 75 ml,"€3,74/un","€49,87/lt"
Gel de Banho Men Sport,Nivea,emb. 250 ml,"€2,76/un","€11,04/lt"
Creme Corporal Argão,MyLabel,emb. 300 ml,"€2,19/un","€7,30/lt"
Desodorizante Spray África,Axe,emb. 150 ml,"€5,99/un","€39,93/lt"
Desodorizante Stick Men Clean Scent,Rexona,emb. 45 ml,"€4,79/un","€106,44/lt"
Desodorizante Spray Narta Anti-Stress,Narta,emb. 100 ml,"€2,57/un","€25,70/lt"
Lâminas Descartáveis Venus,Venus,emb. 6 un,"€5,99/un","€1,50/un"
Creme Corporal Repara & Cuida,Nivea,emb. 300 ml,"€5,97/un","€19,90/lt"
Gel de Banho Tonic Flor de Laranjeira,Corine de Farme,emb. 300 ml,"€2,99/un","€9,97/lt"
Óleo Corporal Elixir de Argão,Natural Honey,emb. 300 ml,"€5,19/un","€17,30/lt"
Creme Depilatório Facial Minima,Veet,emb. 2 x 50 ml,"€5,59/un","€5,59/un"
Bandas Depilatórias Cera Fria Corpo Pele Normal,Veet,emb. 20 un,"€6,29/un","€0,31/un"
Creme de Mãos Q10 Anti-Idade,Nivea,emb. 75 ml,"€2,99/un","€39,87/lt"
Creme Corporal Dermonatura Nutritivo,Feno,emb. 400 ml,"€3,49/un","€8,73/lt"
Gel Depilatório Corpo Satin Care Manteiga de Karité,Gillette,emb. 200 ml,"€3,74/un","€18,70/lt"
Desodorizante Spray Deep Sea,Old Spice,emb. 150 ml,"€2,69/un","€17,93/lt"
Sabonete Sólido Hidratante de Coco,Confiança,emb. 125 gr,"€1,34/un","€10,72/kg"
Esponja de Banho Massagem,Continente,emb. 1 un,"€0,99/un","€0,99/un"
Palmilhas GelSoft Salto Alto,Scholl,emb. 1 un,"€17,69/un","€17,69/un"
Gel de Banho Gentle Scrub,Dove,emb. 500 ml,"€3,59/un","€7,18/lt"
Desodorizante Spray Dry Ice Chill,Axe,emb. 150 ml,"€5,99/un","€39,93/lt"
Desodorizante Spray Absolute Me,B.U.,emb. 150 ml,"€3,59/un","€23,93/lt"
Desodorizante Spray Performance Dry Sensation,Denim,emb. 150 ml,"€4,79/un","€31,93/lt"
Gel Corporal Anti-celulite,Bioten,emb. 200 ml,"€6,94/un","€34,70/lt"
Creme Depilatório Corpo Duche Pele Normal,Veet,emb. 150 ml,"€6,99/un","€46,60/lt"
Gel de Banho Midsommar Glow,Barnängen,emb. 400 ml,"€3,98/un","€9,95/lt"
Desodorizante Roll On Dry Black,Axe,emb. 50 ml,"€4,99/un","€99,80/lt"
Creme de Mãos e Unhas,MyLabel,emb. 30 ml,"€0,99/un","€33,00/lt"
Desodorizante Roll On Narta Men Protection 5,Narta,emb. 50 ml,"€2,39/un","€47,80/lt"
Loção Corporal Essential Healing,Vaseline,emb. 400 ml,"€3,95/un","€9,88/lt"
Creme Corporal Hidratação Profunda,Nivea,emb. 200 ml,"€6,29/un","€31,45/lt"
Desodorizante Roll On Frescura Energizante,Feno,emb. 50 ml,"€2,09/un","€41,80/lt"
Lâminas Descartáveis Miss Soleil,Bic,emb. 3 + 1 un (grátis),"€4,29/un","€1,43/un"
Creme Corporal Body Soufflé Coco e Óleo de Monoï,Nivea,emb. 200 ml,"€4,94/un","€24,70/lt"
Creme de Mãos Nutritivo,Bioten,emb. 100 ml,"€2,46/un","€24,60/lt"
Gel Corporal Anti-celulite,Bioten,emb. 200 ml,"€6,94/un","€34,70/lt"
Creme de Mãos Intensive,Dove,emb. 75 ml,"€2,99/un","€39,87/lt"
Desodorizante Spray Men Cool Kick,Nivea,emb. 150 ml,"€2,69/un","€17,93/lt"
Creme Anti-Gretas Pés,Mercurochrome,emb. 75 ml,"€7,12/un","€94,93/lt"
Desodorizante Roll On Magnesium Dry Fresh com Notas Verdes e Cítricas,Nivea,emb. 50 ml,"€2,99/un","€59,80/lt"
Gel de Banho Sauna Relax,Barnängen,emb. 400 ml,"€3,98/un","€9,95/lt"
Mousse Autobronzeadora Ambre Solaire,Garnier Ambre Solaire,emb. 200 ml,"€11,99/un","€59,95/lt"
Gel de Banho Welcome Sunshine,Nivea,emb. 750 ml,"€8,49/un","€11,32/lt"
Creme Desodorizante de Pés,Protex,emb. 100 ml,"€4,69/un","€46,90/lt"
Loção Corporal Lactooil,Lactovit,emb. 400 ml,"€3,69/un","€9,23/lt"
Creme de Mãos Profissional Regenerador com Pantenol,Atrix,emb. 100 ml,"€6,19/un","€61,90/lt"
Palmilhas GelSoft Saltos Diários,Scholl,emb. 1 un,"€17,69/un","€17,69/un"
Loção Corporal Sensitive,Barnängen,emb. 400 ml,"€5,38/un","€13,45/lt"
Sabonete Líquido Azeitona e Mel,Nally,emb. 300 ml,"€3,15/un","€10,50/lt"
Tiras Depilatórias Cera Faciais Pele Normal,Lycia,emb. 20 un,"€3,76/un","€0,19/un"
Exfoliante Corporal Cherry Blossom Moment,MyLabel,emb. 400 ml,"€3,99/un","€9,98/lt"
Creme Corporal Hidratante Soft Miniatura,Nivea,emb. 50 ml,"€1,20/un","€24,00/lt"
Raspador e Lima de Pés,Mercurochrome,emb. 1 un,"€9,12/un","€9,12/un"
Loção Corporal Essential Care Para Hidração Duradoura,Dove,emb. 250 ml,"€5,49/un","€21,96/lt"
Sabonete Sólido Propolis,Ach.Brito,emb. 90 gr,"€1,65/un","€18,33/kg"
Desodorizante Roll On Natur Protect Bamboo,Sanex,emb. 50 ml,"€2,39/un","€47,80/lt"
Óleo Refirmante e Anti-estrias Q10,Nivea,emb. 100 ml,"€6,49/un","€64,90/lt"
Óleo Corporal Hidratante,Natural Honey,emb. 300 ml,"€5,19/un","€17,30/lt"
Loção Corporal Reparadora,Lactovit,emb. 250 ml,"€2,64/un","€10,56/lt"
Desodorizante Spray Original,Denim,emb. 150 ml,"€4,79/un","€31,93/lt"
Loção Corporal Ultra Suave Tesouros de Mel,Ultra Suave Garnier,emb. 400 ml,"€3,89/un","€9,73/lt"
Máquina Depilatória Venus Smooth com 1 Recarga,Venus,emb. 1 un,"€5,61/un","€5,61/un"
Gel de Banho 2 em 1 Cooling,Old Spice,emb. 400 ml,"€4,99/un","€12,48/lt"
Desodorizante Spray Gold,Denim,emb. 150 ml,"€4,79/un","€31,93/lt"
Creme Depilatório Corpo Duche Pele Sensível,Veet,emb. 150 ml,"€6,99/un","€46,60/lt"
Máquina Pedicure 4 em 1,Bazarão,emb. 1 un,"€12,99/un","€12,99/un"
Loção Corporal Ultra Suave Delicadeza de Aveia,Ultra Suave Garnier,emb. 400 ml,"€3,89/un","€9,73/lt"
Desodorizante Roll-on Men Clean Scent,Rexona,emb. 50 ml,"€3,89/un","€77,80/lt"
Leite Corporal Aloé Vera,MyLabel,emb. 400 ml,"€1,89/un","€4,73/lt"
Creme Corporal Gordo,Soft&Co,emb. 200 ml,"€12,99/un","€64,95/lt"
Loção Corporal Nutritiva,Lactovit,emb. 400 ml,"€3,69/un","€9,23/lt"
Bandas Depilatórias Cera Fria Faciais Minima,Veet,emb. 20 un,"€5,59/un","€0,28/un"
Recarga Cera Depilatória Corpo Roll On,Veet,emb. 1 un,"€6,99/un","€6,99/un"
Creme de Pés Reparação Calcanhares Gretados K+,Scholl,emb. 60 ml,"€10,69/un","€178,17/lt"
Creme Descolorante Rosto e Corpo,Body Natur,emb. 100 ml,"€6,49/un","€64,90/lt"
Desodorizante Roll On Men Back & White Active,Nivea,emb. 50 ml,"€2,69/un","€53,80/lt"
Loção Corporal Revitalizante,Natural Honey,emb. 400 ml,"€4,21/un","€10,53/lt"
Recarga de Lâminas Body,Gillette,emb. 2 un,"€6,49/un","€3,25/un"
Desodorizante Roll On Narta Anti-Stress,Narta,emb. 50 ml,"€3,99/un","€79,80/lt"
Gel de Banho Men Expert Stop Stress,Men Expert,emb. 400 ml,"€4,99/un","€12,48/lt"
Gel de Banho Men Cool Kick,Nivea,emb. 250 ml,"€2,76/un","€11,04/lt"
Gel de Banho Aloe Vera,Corine de Farme,emb. 750 ml,"€2,49/un","€3,32/lt"
Creme de Mãos,Atrix,emb. 150 ml,"€4,99/un","€33,27/lt"
Sabonete Sólido Rosalface,Ach.Brito,emb. 150 gr,"€4,00/un","€26,67/kg"
Creme Depilatório Axilas&Biquini,Veet,emb. 100 ml,"€5,59/un","€55,90/lt"
Bandas Depilatórias Cera Fria Faciais Pele Normal,Veet,emb. 40 un,"€11,19/un","€0,28/un"
Desodorizante Roll On Men Black & White Ultimate Impact,Nivea,emb. 50 ml,"€2,69/un","€53,80/lt"
Máquina Depilatória Body com 1 Recarga,Gillette,emb. 1 un,"€6,99/un","€6,99/un"
Creme de Mãos Cherry Blossom,MyLabel,emb. 250 ml,"€2,79/un","€11,16/lt"
Gel Corporal Refrescante Aloé Vera,MyLabel,emb. 400 ml,"€3,29/un","€8,23/lt"
Bandas Depilatórias Cera Fria Biquíni,Veet,emb. 16 un,"€5,59/un","€0,35/un"
Loção Corporal Anti-celulite Q10 Refirmante e Bronzeador,Nivea,emb. 200 ml,"€4,99/un","€24,95/lt"
Loção Corporal Óleo de Argão,Natural Honey,emb. 330 ml,"€4,08/un","€12,36/lt"
Creme de Mãos Hidratante Intensivo,Nivea,emb. 30 ml,"€1,99/un","€66,33/lt"
Desodorizante Stick Hydra Gel Aloe Vera,Gillette,emb. 70 ml,"€4,99/un","€71,29/lt"
Creme de Pés Hidratante,MyLabel,emb. 125 ml,"€1,49/un",
Lâminas Descartáveis Venus Tropical,Venus,emb. 3 un,"€6,74/un","€2,25/un"
Desodorizante Roll On Narta Men Magnesium Protect,Narta,emb. 50 ml,"€3,99/un","€79,80/lt"
Lâminas Descartáveis Venus Oceana,Venus,emb. 4 un,"€6,74/un","€2,25/un"
Óleo Corporal Puro de Moringa,Soft&Co,emb. 40 ml,"€12,99/un","€324,75/lt"
Gel de Banho Booster 2 em 1,Old Spice,emb. 400 ml,"€4,99/un","€12,48/lt"
Desodorizante Roll On Black&White Ultimate Impact,Nivea,emb. 50 ml,"€2,69/un","€53,80/lt"
Óleo Corporal com Brilho,MyLabel,emb. 110 ml,"€6,99/un","€63,55/lt"
Desodorizante Spray Narta Men Magnesium Protect,Narta,emb. 100 ml,"€4,29/un","€42,90/lt"
Gel de Banho Detox Verbena,Corine de Farme,emb. 300 ml,"€2,99/un","€9,97/lt"
Manteiga Corporal Arroz e Óleo de Coco,Body Natur,emb. 200 ml,"€9,34/un","€46,70/lt"
Creme de Mãos Xpress Absorb,Bioten,emb. 100 ml,"€2,46/un","€24,60/lt"
Endurecedor de Unhas 8 em 1,Eveline,emb. 12 ml,"€3,86/un","€321,67/lt"
Creme de Banho Pure 0%,Corine de Farme,emb. 500 ml,"€2,59/un","€5,18/lt"
Loção Corporal Pele Madura,Vaseline,emb. 400 ml,"€3,95/un","€9,88/lt"
Bandas Depilatórias Cera Fria Corpo Coco Extra Aveia,MyLabel,emb. 32 un,"€2,49/un","€2,49/un"
Gel Depilatório Corpo Satin Care Pele Sensível,Gillette,emb. 200 ml,"€3,74/un","€18,70/lt"
Loção Corporal Extra Hidratante,Natural Honey,emb. 400 ml,"€4,08/un","€10,20/lt"
Gel Corporal Anti-celulite Bioactive Caffeine,Bioten,emb. 20 ml,"€6,94/un","€347,00/lt"
Sabonete Líquido Eco Recarga Nourishing Silk,Dove,emb. 500 ml,"€2,99/un","€5,98/lt"
Desodorizante Spray Men Expert Thermic Resist,Men Expert,emb. 150 ml,"€2,39/un","€15,93/lt"
Desodorizante Spray Men Cool Kick Fresh,Nivea,emb. 50 ml,"€2,69/un","€17,93/lt"
Creme Depilatório Corpo Pele Normal,Veet,emb. 200 ml,"€6,99/un","€34,95/lt"
Máquina Depilatória Venus Snap Extra Smooth com 1 Recarga,Venus,emb. 1 un,"€8,24/un","€8,24/un"
Loção Corporal Hidratante,Palmer's,emb. 250 ml,"€8,87/un","€35,48/lt"
Gel Banho Men Expert Barber Club,Men Expert,emb. 400 ml,"€4,99/un","€12,48/lt"
Gel de Banho Restart,Old Spice,emb. 400 ml,"€4,99/un","€12,48/lt"
Gel de Banho Rock,Old Spice,emb. 400 ml,"€4,99/un","€12,48/lt"
Máquina Depilatória Venus Deluxe Smooth Platinum com 1 Recarga,Venus,emb. 1 un,"€8,99/un","€8,99/un"
Gel de Banho Baunilha,Corine de Farme,emb. 500 ml,"€2,59/un","€5,18/lt"
Loção Corporal Naturally Good Aloé,Nivea,emb. 350 ml,"€5,39/un","€15,40/lt"
Sabonete Líquido Antibacteriano Hygiene Plus,Palmolive,emb. 300 ml,"€3,79/un","€12,63/lt"
Loção Corporal Hidratante Express,Nivea,emb. 250 ml,"€3,85/un","€15,40/lt"
Gel de Banho Ultra Smooth,Old Spice,emb. 400 ml,"€4,99/un","€12,48/lt"
Sabonete Sólido Algas,Confiança,emb. 75 gr,"€1,04/un","€13,87/kg"
Loção Corporal Oil Intense,Barnängen,emb. 400 ml,"€5,38/un","€13,45/lt"
Gel de Banho Men Defence,Dove,emb. 400 ml,"€2,99/un","€7,48/lt"
Óleo Corporal Puro de Chia,Soft&Co,emb. 40 ml,"€12,99/un","€324,75/lt"
Cera Depilatória Clean Beauty,Body Natur,emb. 100 gr,"€7,69/un","€76,90/kg"
Creme Corporal e Rosto Hidratação Intensiva Miniatura,Nivea,emb. 50 ml,"€2,19/un","€43,80/lt"
Creme Corporal Oliva,MyLabel,emb. 2 x 200 ml,"€1,99/un","€4,98/lt"
Loção Corporal Supreme Hyaluronic,Bioten,emb. 400 ml,"€4,15/un","€10,38/lt"
Creme Desodorizante de Pés Creme,MyLabel,emb. 100 ml,"€1,99/un","€19,90/lt"
Bandas Depilatórias Cera Corpo Pele Sensível,Body Natur,emb. 16 un,"€4,39/un","€0,27/un"
Desodorizante Spray Wild Fresh Bergamot & Pink Pepper,Axe,emb. 150 ml,"€5,99/un","€39,93/lt"
Creme de Mãos Protector Mel,Nivea,emb. 100 ml,"€2,99/un","€29,90/lt"
Creme Depilatório Corpo Duche Homem Pele Normal,Veet for men,emb. 150 ml,"€6,99/un","€46,60/lt"
Creme de Mãos Coco,Palmer's,emb. 50 ml,"€6,48/un","€129,60/lt"
Desodorizante Spray Captain,Old Spice,emb. 150 ml,"€2,69/un","€17,93/lt"
Caneta Depilatória Cera Rosto Precisão,Body Natur,emb. 3 ml,"€5,49/un","€1,830,00/lt"
Gel de Banho Free Time,Nivea,emb. 500 ml,"€3,24/un","€6,48/lt"
Creme Corporal Gordo,MyLabel,emb. 200 ml,"€3,99/un","€19,95/lt"
Desodorizante Roll On Narta Impecável,Narta,emb. 50 ml,"€2,39/un","€47,80/lt"
Exfoliante Corporal Luxe Bouquet Moment,MyLabel,emb. 400 ml,"€3,99/un","€9,98/lt"
Creme de Mãos SOS Reparador,Barnängen,emb. 75 ml,"€2,79/un","€37,20/lt"
Exfoliante Corporal,Bioten,emb. 150 ml,"€3,50/un","€23,33/lt"
Desodorizante Stick Ultra Defense,Old Spice,emb. 50 ml,"€2,69/un","€53,80/lt"
Creme de Mãos Proteção Suave c/ Aloé Vera,Atrix,emb. 100 ml,"€4,99/un","€49,90/lt"
Manteiga Corporal Cherry Blossom Moment,MyLabel,emb. 250 ml,"€3,19/un","€12,76/lt"
Creme de Mãos Lycka Pele Muito Seca,Barnängen,emb. 75 ml,"€2,79/un","€37,20/lt"
Gel de Banho e Champô Purificante Anticaspa,H&S,emb. 300 ml,"€3,49/un","€11,63/lt"
Máquina Depilatória Venus Breeze Comfortglide,Venus,emb. 1 un,"€6,36/un","€6,36/un"
Desodorizante Spray Narta Invisível,Narta,emb. 100 ml,"€2,57/un","€25,70/lt"
Loção Corporal Extra Nutritiva,Natural Honey,emb. 400 ml,"€4,08/un","€10,20/lt"
Loção Corporal Ultra Suave Óleos Maravilhosos,Ultra Suave Garnier,emb. 400 ml,"€3,89/un","€9,73/lt"
Creme de Pés Regenerador,Hansaplast,emb. 100 ml,"€6,79/un","€67,90/lt"
Loção Corporal Sensitive,Natural Honey,emb. 400 ml,"€4,21/un","€10,53/lt"
Máquina Depilatória Venus Deluxe Smooth Swirl com 1 Recarga,Venus,emb. 1 un,"€8,99/un","€8,99/un"
Óleo Corporal Coco,MyLabel,emb. 310 ml,"€4,99/un","€16,10/lt"
Lima de Pés Cerâmica,MyLabel,emb. 1 un,"€2,99/un","€2,99/un"
Creme Corporal Body Soufflé Cereja e Óleo de Jojoba,Nivea,emb. 200 ml,"€5,00/un","€25,00/lt"
Bandas Depilatórias Cera Fria Faciais Pele Sensível,Body Natur,emb. 12 un,"€4,39/un","€0,37/un"
Loção Corporal Nutritiva,Nivea,emb. 250 ml,"€3,85/un","€15,40/lt"
Gel de Banho Men Boost,Nivea,emb. 500 ml,"€3,49/un","€6,98/lt"
Óleo Corporal Puro de Abacate,Soft&Co,emb. 40 ml,"€7,99/un","€199,75/lt"
Depiladora Corporal com Cabo Extensível,Bazarão,emb. 1 un,"€8,99/un","€8,99/un"
Óleo Corporal Figo,MyLabel,emb. 310 ml,"€4,99/un","€16,10/lt"
Loção Corporal Óleo de Coco,Palmer's,emb. 250 ml,"€6,81/un","€27,24/lt"
Loção Corporal Advanced Repair,Vaseline,emb. 200 ml,"€2,39/un","€11,95/lt"
Desodorizante Roll On Men Expert Fresh Extreme,Men Expert,emb. 50 ml,"€2,39/un","€47,80/lt"
Loção Corporal Nutritive,Barnängen,emb. 400 ml,"€5,38/un","€13,45/lt"
Mini Palmilhas Gel Party Feet Ultra Finas,Scholl,emb. 1 un,"€11,99/un","€6,00/un"
Bandas Depilatórias Cera Clean Beauty,Body Natur,emb. 12 un,"€4,39/un","€0,37/un"
Corta Calos e 10 Lâminas,Mercurochrome,emb. 1 un,"€5,77/un","€5,77/un"
Gel de Banho Coco,Corine de Farme,emb. 500 ml,"€2,59/un","€5,18/lt"
Creme de Mãos Óleo de Abacate 100% Natural,Dove,emb. 75 ml,"€2,91/un","€38,80/lt"
Creme de Pés Reparador,Body Natur,emb. 100 ml,"€3,29/un","€32,90/lt"
Desodorizante Spray Men Dry Fresh,Nivea,emb. 150 ml,"€2,69/un","€17,93/lt"
Lâminas Descartáveis Venus 3 Dragonfruit,Venus,emb. 3 un,"€2,79/un","€0,93/un"
Manteiga Corporal Manga Papaia,Body Natur,emb. 200 ml,"€9,34/un","€46,70/lt"
Loção Corporal Naturally Good Aveia,Nivea,emb. 350 ml,"€5,39/un","€15,40/lt"
Loção Corporal Cocoa,Nivea,emb. 250 ml,"€5,49/un","€21,96/lt"
Loção Corporal Caring,Barnängen,emb. 400 ml,"€5,38/un","€13,45/lt"
Desodorizante Roll On Men Dry Fresh,Nivea,emb. 50 ml,"€3,99/un","€79,80/lt"
Creme de Mãos Goodness 3,Dove,emb. 75 ml,"€2,99/un","€39,87/lt"
Sabonete Sólido Pure Active Antiborbulhas com Carvão,Garnier,emb. 1 un,"€4,54/un","€4,54/un"
Gel de Banho Flor Laranjeira,Nally,emb. 500 ml,"€3,27/un","€6,54/lt"
Creme Depilatório Corpo Homem,MyLabel,emb. 200 ml,"€2,99/un","€14,95/lt"
Sabonete Líquido Creme Soft,Nivea,emb. 250 ml,"€3,89/un","€15,56/lt"
Desodorizante Spray Hidden Paradise,B.U.,emb. 150 ml,"€3,59/un","€23,93/lt"
Loção Corporal Beloved Baunilha,Bioten,emb. 400 ml,"€4,15/un","€10,38/lt"
Exfoliante Corporal Frutos Vermelhos,Body Natur,emb. 200 ml,"€9,34/un","€46,70/lt"
Creme Corporal com Brilho,MyLabel,emb. 250 ml,"€5,99/un","€23,96/lt"
Óleo de Unhas e Cutículas,Eveline,emb. 12 ml,"€4,26/un","€355,00/lt"
Desodorizante Spray Dry Fresh,Nivea,emb. 150 ml,"€2,69/un","€17,93/lt"
Creme de Pés Relaxante Sport,Protex,emb. 50 ml,"€4,99/un","€99,80/lt"
Óleo Corporal BB,Natural Honey,emb. 300 ml,"€5,19/un","€17,30/lt"
Lâminas Descartáveis Venus Simply,Venus,emb. 4 un,"€4,99/un","€1,25/un"
Loção Corporal Cocoa Glow,Vaseline,emb. 200 ml,"€2,39/un","€11,95/lt"
Bandas Depilatórias Cera Fria Corpo Minima,Veet,emb. 20 un,"€6,99/un","€0,35/un"
Desodorizante Roll-On Men Kick Fresh,Nivea,emb. 50 ml,"€3,99/un","€79,80/lt"
Loção Corporal Autobronzeadora Summer Revived Claro,Dove,emb. 200 ml,"€3,99/un","€19,95/lt"
Creme Gel Depilatório Corpo Homem Pele Sensível,Body Natur,emb. 200 ml,"€5,16/un","€25,80/lt"
Creme de Pés Exfoliante,Body Natur,emb. 100 ml,"€3,49/un","€34,90/lt"
Lâminas Descartáveis Miss Soleil,Bic,emb. 4 un,"€4,99/un","€1,25/un"
Removedor de Cutículas Abacate,Eveline,emb. 12 ml,"€4,16/un","€346,67/lt"
Desodorizante de Pés Talco,Body Natur,emb. 75 gr,"€4,29/un","€57,20/kg"
Óleo Corporal Seco Spray Cherry Blossom Moment,MyLabel,emb. 100 ml,"€4,99/un","€49,90/lt"
Óleo Corporal Quinoa e Argão,MyLabel,emb. 310 ml,"€4,99/un","€16,10/lt"
Creme Corporal Intensivo Rich Nourishment Hidratação Duradoura,Dove,emb. 150 ml,"€2,59/un","€17,27/lt"
Creme Depilatório Rosto e Zonas Sensíveis,Body Natur,emb. 20 ml,"€3,89/un","€194,50/lt"
Lâminas Descartáveis Venus Simply Basic,Venus,emb. 4 un,"€3,49/un","€1,16/un"
Creme de Mãos Balans Pele Seca,Barnängen,emb. 75 ml,"€2,79/un","€37,20/lt"
Creme de Mãos Hyaluronic Boost,Bioten,emb. 100 ml,"€2,46/un","€24,60/lt"
Gel Corporal Bodyshape Total Remodeler,Bioten,emb. 200 ml,"€6,94/un","€34,70/lt"
Gel de Banho Azeitona e Mel,Nally,emb. 500 ml,"€3,27/un","€6,54/lt"
Exfoliante Corporal Arroz e Óleo de Coco,Body Natur,emb. 200 ml,"€9,34/un","€46,70/lt"
Gel de Banho Amêndoas Doces,Corine de Farme,emb. 500 ml,"€2,59/un","€5,18/lt"
Loção Corporal Spray Cocoa Radiant,Vaseline,emb. 190 ml,"€3,59/un","€18,89/lt"
Creme Depilatório Corpo Duche Homem,Body Natur,emb. 200 ml,"€4,94/un","€24,70/lt"
Loção Corporal Beloved Musk,Bioten,emb. 250 ml,"€2,72/un","€10,88/lt"
Desodorizante Gold Fresh,Axe,emb. 150 ml,"€5,99/un","€39,93/lt"
Toalhitas de Corpo Autobronzeadoras Ambre Solaire,Garnier Ambre Solaire,emb. 1 un,"€1,99/un","€1,99/un"
Creme de Mãos Luminous Antimanchas,Nivea,emb. 50 ml,"€4,40/un","€88,00/lt"
Desodorizante Spray Fairy's Secret,B.U.,emb. 150 ml,"€3,59/un","€23,93/lt"
Recarga Máquina Depilatória Corpo Homem,MyLabel,emb. 2 un,"€4,49/un","€2,25/un"
Lâminas Descartáveis Pure Lady,Bic,emb. 6 un,"€2,99/un","€0,75/un"
Desodorizante Spray Restart,Old Spice,emb. 150 ml,"€2,69/un","€17,93/lt"
Creme Corporal Bodyshape,Bioten,emb. 300 ml,"€6,94/un","€34,70/lt"
Loção Corporal Intense Care Hidratação,Dove,emb. 250 ml,"€5,49/un","€21,96/lt"
Loção Corporal Repara & Cuida,Nivea,emb. 250 ml,"€4,28/un","€17,12/lt"
Desodorizante de Pés Spray Sport,Protex,emb. 100 ml,"€6,09/un","€60,90/lt"
Bandas Depilatórias Cera Corpo Clean Beauty,Body Natur,emb. 16 un,"€5,49/un","€0,34/un"
Desodorizante Spray Narta Men InvisiMax,Narta,emb. 200 ml,"€2,57/un","€12,85/lt"
Creme de Mãos Naturally Good,Nivea,emb. 75 ml,"€3,74/un","€49,87/lt"
Exfoliante Corporal Manga e Papaia,Body Natur,emb. 200 ml,"€9,34/un","€46,70/lt"
Gel para Pernas e Pés Cansados,MyLabel,emb. 200 ml,"€2,29/un","€11,45/lt"
Loção Corporal Nutritiva,Lactovit,emb. 250 ml,"€2,64/un","€10,56/lt"
Loção Corporal Essential Healing,Vaseline,emb. 200 ml,"€2,39/un","€11,95/lt"
Loção Corporal Secrets Chá Verde,Dove,emb. 250 ml,"€3,56/un","€14,24/lt"
Creme Depilatório Homem Axilas,Veet for men,emb. 100 ml,"€5,59/un","€55,90/lt"
Desodorizante Spray Deomilk Sensitive,Nivea,emb. 150 ml,"€2,79/un","€18,60/lt"
Creme de Pés Anti-Calosidades,Body Natur,emb. 50 ml,"€3,89/un","€77,80/lt"
Creme de Mãos Antibacteriano,Body Natur,emb. 50 ml,"€3,99/un","€79,80/lt"
Manteiga Corporal Luxe Bouquet Moment,MyLabel,emb. 250 ml,"€3,19/un","€12,76/lt"
Loção Corporal Smooth Milk,Nivea,emb. 250 ml,"€5,49/un","€21,96/lt"
Loção Corporal Figura Perfeita,Natural Honey,emb. 330 ml,"€4,08/un","€12,36/lt"
Óleo Corporal Seco Spray Luxe Bouquet Moment,MyLabel,emb. 100 ml,"€4,99/un","€49,90/lt"
Bandas Depilatórias Cera Corpo Homem,Body Natur,emb. 16 un,"€4,39/un","€0,37/un"
Desodorizante Roll On Natur Protect Bamboo,Sanex,emb. 50 ml,"€2,39/un","€47,80/lt"
Loção Corporal Beloved Baunilha,Bioten,emb. 250 ml,"€2,72/un","€10,88/lt"
Loção Corporal Nutritivo,Nivea,emb. 75 ml,"€2,99/un","€39,87/lt"
Loção Corporal All Over Rescue,Barnängen,emb. 200 ml,"€5,38/un","€26,90/lt"
Creme de Pés Hidratante,Body Natur,emb. 100 ml,"€3,29/un","€32,90/lt"
Creme Depilatório Corpo Pele Sensível,Body Natur,emb. 200 ml,"€4,39/un","€21,95/lt"
Gel para Pernas e Pés Cansados,Body Natur,emb. 100 ml,"€3,50/un","€35,00/lt"
Loção Corporal Beloved Cocoa,Bioten,emb. 250 ml,"€2,72/un","€10,88/lt"
Sabonete Sólido de Leite de Cabra,Ach.Brito,emb. 90 gr,"€1,49/un","€16,56/kg"
Bruma Autobronzeadora Ambre Solaire Médio,Garnier Ambre Solaire,emb. 150 ml,"€11,19/un","€74,60/lt"
Óleo Corporal Seco,MyLabel,emb. 60 ml,"€3,99/un","€66,50/lt"
Gel Depilatório Corpo,Body Natur,emb. 150 ml,"€5,49/un","€36,60/lt"
Creme Corporal Hidratante Coco,Palmer's,emb. 125 gr,"€11,01/un","€88,08/kg"
Tratamento Anti-Calosidade,Mercurochrome,emb. 75 ml,"€7,11/un","€94,80/lt"
Creme de Mãos e Unhas 3 em 1,Eveline,emb. 100 ml,"€3,81/un","€38,10/lt"
Manteiga Corporal Frutos Vermelhos,Body Natur,emb. 200 ml,"€9,34/un","€46,70/lt"
Tiras Depilatórias Cera Braços e Pernas,Lycia,emb. 20 un,"€4,54/un","€0,23/un"
Recarga Lima Exfoliante,Scholl,emb. 2 un,"€19,59/un","€9,80/un"
Creme Corporal Anti-estrias Barriga,Palmer's,emb. 125 gr,"€7,22/un","€57,76/kg"
Gel de Banho Coco,Corine de Farme,emb. 750 ml,"€2,49/un","€3,32/lt"
Gel de Banho Leite e Mel,Corine de Farme,emb. 750 ml,"€2,49/un","€3,32/lt"
Creme Corporal Oil Intense,Barnängen,emb. 200 ml,"€5,38/un","€26,90/lt"
Exfoliante Corporal Cacau,Palmer's,emb. 200 gr,"€9,77/un","€48,85/kg"
Coffret Sabonetes Lavanda e Jasmim,Ach.Brito,emb. 4 x 100 gr,"€14,50/un","€14,50/un"
Máscara de Pés Hidratação Intensa,Protex,emb. 150 ml,"€6,49/un","€43,27/lt"
Loção Corporal Óleo de Coco 100% Natural,Dove,emb. 400 ml,"€7,49/un","€18,73/lt"
Loção Corporal Light Care para Hidração e Frescura,Dove,emb. 400 ml,"€7,49/un","€18,73/lt"
Desodorizante Stick Coll Wave,Gillette,emb. 70 ml,"€4,99/un","€71,29/lt"
Gel de Banho Inspire Your Mind,Reebok,emb. 250 ml,"€3,19/un","€12,76/lt"
Loção Corporal Hidratante,Nivea,emb. 400 ml,"€6,69/un","€16,73/lt"
Sabonete Líquido Zero% Sensitive,Sanex,emb. 250 ml,"€3,79/un","€15,16/un"
Gel de Banho Coco e Complexo Multivitamínico,Feno,emb. 500 ml,"€2,24/un","€4,48/lt"
Coffret Sabonetes Monoi da Polinésia,Ach.Brito,emb. 4 x 100 gr,"€14,50/un","€14,50/un"
Gel de Banho Dermo ProHydrate,Sanex,emb. 550 ml,"€5,49/un","€9,98/lt"
Loção Corporal Shea Butter,Dove,emb. 400 ml,"€7,49/un","€18,73/lt"
Desodorizante Spray Move Your Spirit,Reebok,emb. 150 ml,"€3,99/un","€26,60/lt"
Loção Corporal Reparing,Barnängen,emb. 400 ml,"€5,38/un","€13,45/lt"
Kit Homem Creme Depilatório Íntimo e Bálsamo Pós Depilação,Veet for men,emb. 100 ml + 50 ml,"€5,94/un","€5,94/un"
Loção Corporal Suavizante,Nivea,emb. 400 ml,"€6,69/un","€16,73/lt"
Óleo Corporal Regenerador,MyLabel,emb. 100 ml,"€4,99/un","€49,90/lt"
Máquina Depilatória Soleil Click3 Sensitive,Bic,emb. 1 un,"€5,54/un","€5,54/un"
Gel Corporal Anti-celulite Slim Extreme 4D Red,Eveline,emb. 250 ml,"€9,26/un","€37,04/lt"
Sabonente Sólido Exfoliante,Dove,emb. 4 x 90 gr,"€3,74/un","€10,39/kg"
Bandas Depilatórias Cera Faciais Aloé Vera,MyLabel,emb. 32 un,"€1,84/un","€0,06/un"
"Creme de Rosto, Mãos e Corpo",MyLabel,emb. 100 ml,"€2,54/un","€2,54/un"
Gel de Banho Care by Nature Óleo de Coco,Dove,emb. 400 ml,"€2,39/un","€5,98/lt"
Sabonete Sólido Hidratante Pe+ino,Dove,emb. 4 x 90 gr,"€4,99/un","€13,86/kg"
Gel de Banho Papaia,Natural Honey,emb. 700 ml,"€2,99/un","€4,27/lt"
Óleo Vegetal Puro de Grainha de Uva,Soft&Co,emb. 40 ml,"€7,99/un","€7,99/un"
Gel de Banho Zero% Pele Seca,Sanex,emb. 550 ml,"€5,49/un","€9,98/lt"
Gel de Banho Aloe Vera,Instituto Español,"emb. 1,25 lt","€3,32/un","€2,66/lt"
Balança WC Digital Preta,Bazarão,emb. 1 un,"€14,99/un","€14,99/un"
Creme de Mãos Açaí Berry,Frudia,emb. 30 gr,"€2,09/un","€2,09/un"
Conjunto Nivea Sun Bronzeado Ideal,Nivea,emb. 50 ml + 270 ml + 200 ml,"€28,18/un","€28,18/un"
Creme Corporal Apaziguante Aloe Vera e Magnésio Superfood,Garnier,emb. 380 ml,"€4,99/un","€13,13/lt"
Loção Corporal Advance Repair Pele Seca,Vaseline,emb. 400 ml,"€5,24/un","€13,10/lt"
Desodorizante Spray Epic Fresh,Axe,emb. 150 ml,"€5,99/un","€39,93/lt"
Recarga de Lâminas Click Soleil 5,Bic,emb. 4 un,"€10,89/un","€10,89/un"
Gel Exfoliante Rosto e Corpo,Soft&Co,emb. 200 ml,"€9,99/un","€49,95/lt"
Gel de Banho Cool Your Body,Reebok,emb. 250 ml,"€3,19/un","€12,76/lt"
Gel de Banho Hidratante Leite de Aveia,Dove,emb. 400 ml,"€2,39/un","€5,98/lt"
Sanonete Sólido,Feno,emb. 90 gr,"€0,72/un","€8,00/kg"
Gel de Banho Morango,Feno,emb. 700 ml,"€2,84/un","€4,06/lt"
Conjunto Ambre Solaire Família,Garnier Ambre Solaire,emb. 200 ml + 200 ml,"€13,49/un","€13,49/un"
Gel de Banho Inspire Your Mind,Reebok,emb. 250 ml,"€3,19/un","€12,76/lt"
Gel de Banho White Musk,Bioten,emb. 750 ml,"€3,19/un","€4,25/lt"
Gel de Banho Zero% Pele Normal,Sanex,emb. 550 ml,"€5,49/un","€9,98/lt"
Máquina Depilatória Click 5 Soleil 1 Cabo e 2 Recargas,Bic,emb. 1 un,"€7,64/un","€7,64/un"
Sabonete Sólido Soft Glow,Lux,emb. 4 x 90 gr,"€2,99/un","€2,99/un"
Loção Corporal Lotus,Dove,emb. 400 ml,"€7,49/un","€18,73/lt"
Creme de Mãos Protect & Care,Dove,emb. 75 ml,"€2,91/un","€38,80/lt"
Desodorizante Spray Inspire Your Mind,Reebok,emb. 150 ml,"€3,99/un","€26,60/lt"
Gel de Banho Care by Nature Óleo de Abacate,Dove,emb. 400 ml,"€2,39/un","€5,98/lt"
Creme de Banho 0% Peles Secas,Corine de Farme,emb. 500 ml,"€2,59/un","€5,18/lt"
Creme de Mãos Advance Repair,Vaseline,emb. 75 ml,"€2,59/un","€34,53/lt"
Gel Corporal Anti-celulite Slim Extreme 4D Noir,Eveline,emb. 250 ml,"€9,26/un","€37,04/lt"
Bálsamo Autobronzeador Corpo,Eveline,emb. 200 ml,"€7,49/un","€49,93/lt"
Gel Adelgaçante Slim Extreme 4D,Eveline,emb. 250 ml,"€9,26/un","€37,04/lt"
Coffret Sabonetes Rosa Moderna,Ach.Brito,emb. 4 x 100 gr,"€14,50/un","€14,50/un"
Gel de Banho Dermo Sensitive,Sanex,emb. 550 ml,"€5,49/un","€9,98/lt"
Sabonete Sólido Hidratante Óleo de Argão,Dove,emb. 4 x 90 gr,"€3,74/un","€10,39/kg"
Sabonete Líquido Silk,Dove,emb. 250 ml,"€2,39/un","€9,56/lt"
Gel de Banho Âmbar Marinho,Continente,emb. 1 lt,"€1,99/un","€1,99/lt"
Gel de Banho Epic Fresh,Axe,emb. 400 ml,"€5,99/un","€5,99/lt"
Recargas Máquina Depilatória Soleil Click3 Sensitive,Bic,emb. 4 un,"€7,79/un","€7,79/un"
Creme de Mãos Essential Care,Dove,emb. 75 ml,"€2,91/un","€38,80/lt"
Gel de Banho Água Micelar,Feno,emb. 700 ml,"€2,84/un","€4,06/lt"
Depiladora Corporal,Bazarão,emb. 1 un,"€12,99/un","€12,99/un"
Creme Corporal Hidratante Melancia e Ácido Hialurónico Superfood,Garnier,emb. 380 ml,"€4,99/un","€13,13/lt"
Óleo Coporal Milagroso Antiestrias,Soft&Co,emb. 100 ml,"€12,99/un","€12,99/un"
Coffret 5 Sabonetes,Nally,emb. 1 un,"€11,90/un","€158,67/kg"
Bandas Depilatórias Cera Corpo Aloe Vera,MyLabel,emb. 1 un,"€2,49/un","€0,08/un"
Sabonete Sólido Lavanda,Continente,emb. 150 gr,"€0,99/un","€0,99/un"
Desodorizante Spray Eco Naturally Good,Nivea,emb. 125 ml,"€4,99/un","€39,92/lt"
Gel de Banho Care by Nature Matcha e Chá Verde,Dove,emb. 400 ml,"€2,39/un","€5,98/lt"
Gel de Banho Frutos Vermelhos,Continente,emb. 1 lt,"€1,99/un","€1,99/lt"
Creme de Rosto e Corpo Nourishing Care,Dove,emb. 250 ml,"€7,49/un","€29,96/lt"
Gel de Banho Move Your Spirit,Reebok,emb. 250 ml,"€3,19/un","€12,76/lt"
Creme de Mãos Manga,Frudia,emb. 30 gr,"€2,09/un","€2,09/un"
Creme Corporal Hidratante One Light,Dove,emb. 250 ml,"€7,49/un","€29,96/lt"
Gel de Banho Pele Atópica,Instituto Español,emb. 500 ml,"€6,33/un","€12,66/lt"
Leite Corporal Q10,MyLabel,emb. 400 ml,"€2,39/un","€5,98/lt"
Gel de Banho Naturals Olive,Palmolive,emb. 750 ml,"€6,49/un","€8,65/lt"
Sabonete Sólido Men Extra Fresh,Dove,emb. 90 gr,"€1,49/un","€16,56/kg"
Desodorizante Spray Golden Kiss,B.U.,emb. 150 ml,"€3,59/un","€3,59/lt"
Loção Corporal Hidratante Uva e Macadâmia,Natural Honey,emb. 400 ml,"€4,21/un","€10,53/lt"
Gel de Banho Hidratante Manteiga de Cacau e Hibiscus,Dove,emb. 400 ml,"€3,99/un","€9,98/lt"
Gel de Banho Move Your Spirit,Reebok,emb. 250 ml,"€3,19/un","€12,76/lt"
Gel de Banho Antistress Camomila e Leite de Aveia,Dove,emb. 750 ml,"€4,79/un","€6,39/lt"
Óleo Corporal Iluminador Hidratante,Eveline,emb. 150 ml,"€9,74/un","€64,93/lt"
Creme Corporal Naturally Good Hidratante,Nivea,emb. 200 ml,"€5,24/un","€26,20/lt"
Creme Corporal Hidratante Familiar,Nivea,emb. 450 ml,"€9,29/un","€20,64/lt"
Gel de Banho Uva,Natural Honey,emb. 700 ml,"€2,99/un","€4,27/lt"
Bruma Autobronzeadora Rosto e Corpo,Eveline,emb. 150 ml,"€7,49/un","€49,93/lt"
Loção Corporal Nutritiva Papaia e Moringa,Natural Honey,emb. 400 ml,"€4,21/un","€10,53/lt"
Gel de Banho Care by Nature Flor de Lótus,Dove,emb. 400 ml,"€2,39/un","€5,98/lt"
Loção Corporal Goji,Dove,emb. 400 ml,"€7,49/un","€18,73/lt"
Gel de Banho Aveia,Instituto Español,"emb. 1,25 lt","€3,32/un","€2,66/lt"
Gel de Banho Pele Saudável,Instituto Español,"emb. 1,25 lt","€3,93/un","€3,14/lt"
Desodorizante Spray Cool Your Body,Reebok,emb. 150 ml,"€3,99/un","€26,60/lt"
Gel de Banho Abacate,Feno,emb. 700 ml,"€2,84/un","€4,06/lt"
Creme Corporal Nutritivo Abacate e Ómega 6 Superfood,Garnier,emb. 380 ml,"€4,99/un","€13,13/lt"
Óleo Vegetal Puro de Cannabis Sativa,Soft&Co,emb. 40 ml,"€8,99/un","€8,99/un"
Lâminas Descartáveis Venus 3 Pink,Venus,emb. 6 un,"€6,99/un","€1,17/un"
Creme Corporal Reparador Cacau e Ceramida Superfood,Garnier,emb. 380 ml,"€4,99/un","€13,13/lt"
Gel de Banho Azeite de Oliva,Dove,emb. 750 ml,"€4,79/un","€6,39/lt"
Creme Corporal Macadâmia,MyLabel,emb. 300 ml,"€2,19/un","€7,30/lt"
Sabonete Sólido Hidratante Pepino e Chá Verde,Dove,emb. 90 gr,"€1,25/un","€13,89/kg"
Desodorizante Spray Inspire Your Mind,Reebok,emb. 150 ml,"€3,99/un","€26,60/lt"
Gel de Banho Ureia,Instituto Español,"emb. 1,25 lt","€3,93/un","€3,14/lt"
Creme de Mãos Coco,Frudia,emb. 30 gr,"€2,09/un","€2,09/un"
Creme Corporal Nutritivo Body Love Pétalas,Dove,emb. 300 ml,"€7,99/un","€26,63/lt"
Gel de Banho Sensitive Care,Dove,emb. 400 ml,"€2,99/un","€7,48/lt"
Sabonete Sólido,Feno,emb. 4 x 90 gr,"€2,91/un","€8,08/kg"
Conjunto Nivea Sun Proteção Família,Nivea,emb. 50 ml + 270 ml + 200 ml,"€31,78/un","€31,78/un"
Creme de Mãos Pitaya,Frudia,emb. 30 gr,"€2,09/un","€2,09/un"
Sabonete Líquido Aloe Vera,Palmolive,emb. 300 ml,"€3,79/un","€12,63/lt"
Bandas Depilatórias Cera Fria Faciais Pure,Veet,emb.. 40 un,"€11,19/un","€0,28/un"
Óleo Corporal Hidratação Coco,Soft&Co,emb. 100 ml,"€6,99/un","€6,99/un"
Espuma Autobronzeadora Corpo,Eveline,emb. 150 ml,"€9,36/un","€62,40/lt"
Gel de Banho Atopiderm,Sanex,emb. 550 ml,"€5,49/un","€9,98/lt"
Máscara de Pestanas Sky High,Maybelline,emb. 1 un,"€12,99/un","€12,99/un"
Corretor Instant Eraser Anti-Idade Light 01,Maybelline,emb. 1 un,"€7,49/un","€7,49/un"
Verniz de Unhas Color,Essie,"emb. 13,5 ml","€9,99/un","€9,99/un"
Acetona,MyLabel,emb. 250 ml,"€1,09/un","€4,36/lt"
Corretor Instant Eraser,Maybelline,emb. 1 un,"€7,49/un","€7,49/un"
Máscara de Pestanas Lash Sensational Black,Maybelline,emb. 1 un,"€9,19/un","€9,19/un"
Máscara de Pestanas Air Volume Black,L'Oréal Paris,emb. 1 un,"€8,89/un","€8,89/un"
Máscara de Pestanas Lash Paradise Preto,L'Oréal Paris,emb. 1 un,"€7,79/un","€7,79/un"
BB Cream Hidratante Médio,Garnier,emb. 50 ml,"€9,99/un","€199,80/lt"
Verniz de Unhas Expressie 220,Essie,emb. 1 un,"€10,99/un","€10,99/un"
BB Cream Aperfeiçoador Sublime Médio Pele Mista e Oleosa,Garnier,emb. 40 ml,"€9,99/un","€249,75/lt"
Acetona com Doseador,MyLabel,emb. 200 ml,"€1,39/un","€6,95/lt"
Verniz de Unhas Gel Couture,Essie,"emb. 13,5 ml","€13,99/un","€13,99/un"
Batom Líquido Superstay Matte Ink,Maybelline,emb. 1 un,"€7,19/un","€7,19/un"
Sérum Facial Accord Parfait,L'Oréal Paris,emb. 1 un,"€14,99/un","€14,99/un"
Desmaquilhante de Olhos Suave,Nivea,emb. 125 ml,"€3,24/un","€25,92/lt"
Máscara de Pestanas Colossal Big Shot Black,Maybelline,emb. 1 un,"€7,49/un","€7,49/un"
Desmaquilhante de Olhos 2 em 1,Garnier,emb. 125 ml,"€4,99/un","€39,92/lt"
BB Cream Aperfeiçoador Sublime Claro,Garnier,emb. 50 ml,"€9,99/un","€199,80/lt"
Removedor de Verniz sem Acetona,Eveline,emb. 190 ml,"€6,14/un","€32,32/lt"
Eyeliner Flash Cat Eyes Black,L'Oréal Paris,emb. 1 un,"€8,39/un","€8,39/un"
Verniz de Unhas Play Date 102,Essie,"emb. 13,5 ml","€9,99/un","€9,99/un"
Verniz de Unhas Peach Daiquiri 72,Essie,"emb. 13,5 ml","€9,99/un","€9,99/un"
Máscara de Pestanas Extra Volume Collagene Black,L'Oréal Paris,emb. 1 un,"€11,59/un","€11,59/un"
Verniz de Unhas Wicked 49,Essie,"emb. 13,5 ml","€9,99/un","€9,99/un"
Sérum Facial Accord Parfait 2-3,L'Oréal Paris,emb. 1 un,"€14,99/un","€14,99/un"
BB Cream C'Est Magic Light 02,L'Oréal Paris,emb. 1 un,"€9,74/un","€9,74/un"
Base de Rosto Infaillible 24h Fresh Wear Ivory 20,L'Oréal Paris,emb. 1 un,"€13,86/un","€13,86/un"
Máscara de Pestanas Mega Volume Collagene 24H,L'Oréal Paris,emb. 1 un,"€14,99/un","€14,99/un"
Conjunto de Maquilhagem com 4 Pincéis,Real Techniques,emb. 1 un,"€27,65/un","€27,65/un"
Base de Rosto Fit Me Matte & Poreless,Maybelline,emb. 1 un,"€7,69/un","€7,69/un"
Lima de Unhas Profissional Grossa,MyLabel,emb. 1 un,"€0,99/un","€0,99/un"
Corretor Instant Eraser Anti-Idade Honey 04,Maybelline,emb. 1 un,"€7,49/un","€7,49/un"
Máscara de Pestanas Colossal à Prova de Água 36 Horas,Maybelline,emb. 1 un,"€7,49/un","€7,49/un"
Verniz de Unhas Aperitif 59,Essie,"emb. 13,5 ml","€9,99/un","€9,99/un"
Verniz de Unhas Sugar Daddy 15,Essie,"emb. 13,5 ml","€9,99/un","€9,99/un"
Batom Líquido SuperStay Matte Ink Pioneer 20,Maybelline,emb. 1 un,"€7,19/un","€7,19/un"
Máscara de Pestanas Lash Paradise à Prova de Água,L'Oréal Paris,emb. 1 un,"€7,79/un","€7,79/un"
Verniz de Unhas Allure 5,Essie,"emb. 13,5 ml","€9,99/un","€9,99/un"
Batom SuperStay Ink Crayon 100,Maybelline,emb. 1 un,"€7,11/un","€7,11/un"
BB Cream Essentials Médio FPS15,Nivea,emb. 50 ml,"€7,49/un","€149,80/lt"
BB Cream Aperfeiçoador Sublime Claro Pele Mista e Oleosa,Garnier,emb. 40 ml,"€9,99/un","€249,75/lt"
Pó Compacto Infaillible,L'Oréal Paris,emb. 1 un,"€10,99/un","€10,99/un"
Base de Rosto 24h Infaillible,L'Oréal Paris,emb. 30 ml,"€10,49/un","€10,49/un"
Alicate para Cutículas,MyLabel,emb. 1 un,"€5,99/un","€5,99/un"
Base de Rosto Infaillible 24h Fresh Wear Amber 300,L'Oréal Paris,emb. 1 un,"€10,69/un","€10,69/un"
Batom Gloss Lifter Gloss,Maybelline,emb. 1 un,"€7,49/un","€7,49/un"
Máscara de Pestanas Lash Paradise Moonlight 02 Castanho,L'Oréal Paris,emb. 1 un,"€7,79/un","€7,79/un"
Corta-Unhas para Pedicure,MyLabel,emb. 1 un,"€1,89/un","€1,89/un"
Eyeliner Master Precise Black,Maybelline,emb. 1 un,"€7,49/un","€7,49/un"
Máscara de Pestanas Air Mega Volume 30h,L'Oréal Paris,emb. 1 un,"€14,99/un","€14,99/un"
Base de Rosto Infaillible 24h Fresh Wear True Beige 130,L'Oréal Paris,emb. 1 un,"€10,49/un","€10,49/un"
Base de Rosto Accord Parfait,L'Oréal Paris,emb. 1 un,"€10,39/un","€10,39/un"
Pó Bronzeador Terra 02,L'Oréal Paris,emb. 1 un,"€13,89/un","€13,89/un"
Corta-Unhas Pequeno com Depósito,MyLabel,emb. 1 un,"€1,55/un","€1,55/un"
Verniz de Unhas Bordeaux 50,Essie,"emb. 13,5 ml","€9,99/un","€9,99/un"
Verniz de Unhas Ballet Slip 6,Essie,"emb. 13,5 ml","€9,99/un","€9,99/un"
Pó Compacto Infaillible Fresh Wear 24h 20,L'Oréal Paris,emb. 1 un,"€13,49/un","€13,49/un"
Verniz de Unhas Expressie 290,Essie,emb. 1 un,"€10,99/un","€10,99/un"
Corretor Instant Eraser Anti-Idade Nude 02,Maybelline,emb. 1 un,"€7,49/un","€7,49/un"
Alicate para Cutíulas Exclusivo,Jean Louis David,emb. 1 un,"€14,15/un","€14,15/un"
Máscara de Pestanas Scandaleyes Reloaded 001,Rimmel,emb. 1 un,"€8,24/un","€8,24/un"
Verniz de Unhas Island Hop 41,Essie,"emb. 13,5 ml","€9,99/un","€9,99/un"
Máscara de Pestanas Bambi Oversized 01,L'Oréal Paris,emb. 1 un,"€10,99/un","€10,99/un"
Base de Rosto Líquida Accord Parfait 1R,L'Oréal Paris,emb. 1 un,"€13,23/un","€13,23/un"
Máscara de Pestanas False Lash Superstar X-Fiber,L'Oréal Paris,emb. 1 un,"€17,99/un","€17,99/un"
Máscara de Pestanas Colossal Black,Maybelline,emb. 1 un,"€7,99/un","€7,99/un"
Palete Sombras de Olhos The Blushed Nudes,Maybelline,emb. 1 un,"€9,69/un","€9,69/un"
Máscara de Pestanas Colossal 100% Black,Maybelline,emb. 1 un,"€8,99/un","€8,99/un"
Base de Rosto Fit Me Matte & Poreless Ivory 115,Maybelline,emb. 1 un,"€7,69/un","€7,69/un"
Verniz de Unhas Color,Essie,"emb. 13,5 ml","€9,99/un","€9,99/un"
Base de Rosto Super Stay 30H 30,Maybelline,emb. 1 un,"€11,29/un","€11,29/un"
Espelho com Luz,Jean Louis David,emb. 1 un,"€19,11/un","€19,11/un"
Lima de Unhas em Cartão Pequena,MyLabel,emb. 8 un,"€0,99/un","€0,12/un"
Verniz de Unhas In Stitche 24,Essie,"emb. 13,5 ml","€9,99/un","€9,99/un"
Sérum Facial Accord Parfait 3-4,L'Oréal Paris,emb. 1 un,"€14,99/un","€14,99/un"
Base de Rosto Infaillible 24h Fresh Wear Golden Sand 200,L'Oréal Paris,emb. 1 un,"€10,69/un","€10,69/un"
Verniz de Unhas Lovie Dovie 20,Essie,"emb. 13,5 ml","€9,99/un","€9,99/un"
Base de Rosto Super Stay 30H 21,Maybelline,emb. 1 un,"€10,79/un","€10,79/un"
Verniz de Unhas Gel Couture Fairy Tailo 40,Essie,"emb. 13,5 ml","€13,99/un","€13,99/un"
Tesoura de Unhas,MyLabel,emb. 1 un,"€4,99/un","€4,99/un"
Batom SuperStay Ink Crayon 105,Maybelline,emb. 1 un,"€7,11/un","€7,11/un"
Máscara de Pestanas Colossal à Prova de Água Black,Maybelline,emb. 1 un,"€8,99/un","€8,99/un"
Corretor Accord Parfait 1N,L'Oréal Paris,emb. 1 un,"€8,99/un","€8,99/un"
Verniz de Unhas Blanc 1,Essie,"emb. 13,5 ml","€9,99/un","€9,99/un"
Verniz de Unhas Expressie,Essie,emb. 1 un,"€10,99/un","€10,99/un"
Base de Rosto Infaillible 24h Fresh Wear 260,L'Oréal Paris,emb. 30 ml,"€10,49/un","€10,49/un"
Tratamento de Unhas Apricot,Essie,"emb. 13,5 ml","€10,99/un","€10,99/un"
Máscara de Pestanas Volume Million Lashes Black,L'Oréal Paris,emb. 1 un,"€10,99/un","€10,99/un"
Base de Rosto Accord Parfait 5.D/5.W,L'Oréal Paris,emb. 1 un,"€10,39/un","€10,39/un"
Verniz de Unhas Licorice 88,Essie,"emb. 13,5 ml","€9,99/un","€9,99/un"
Verniz de Unhas Chinchilly 77,Essie,"emb. 13,5 ml","€9,99/un","€9,99/un"
Verniz de Unhas Russian Roulette 61,Essie,"emb. 13,5 ml","€9,99/un","€9,99/un"
Máscara de Pestanas Colossal Black,Maybelline,emb. 1 un,"€7,99/un","€7,99/un"
Base de Rosto Accord Parfait Honey 6N,L'Oréal Paris,emb. 1 un,"€11,59/un","€11,59/un"
Máscara de Pestanas Colossal à Prova de Água Black,Maybelline,emb. 1 un,"€8,99/un","€8,99/un"
Batom Líquido Infaillible 2 Steps 24h Red 506,L'Oréal Paris,emb. 1 un,"€10,79/un","€10,79/un"
Pincéis para Sombra de Olhos,MyLabel,emb. 1 un,"€2,99/un","€2,99/un"
Base de Rosto Dream Radiant,Maybelline,emb. 1 un,"€8,79/un","€8,79/un"
Corretor Fit Me,Maybelline,emb. 1 un,"€5,69/un","€5,69/un"
Verniz de Unhas 60 Seconds Clear 740,Rimmel,emb. 1 un,"€4,19/un","€4,19/un"
Eyeliner Glam Eyes Black 001,Rimmel,emb. 1 un,"€5,24/un","€5,24/un"
Lápis de Olhos Tattoo Liner,Maybelline,emb. 1 un,"€7,49/un","€7,49/un"
Spray Fixador de Maquilhagem Lasting Fix,Maybelline,emb. 1 un,"€8,19/un","€8,19/un"
Batom Infalible Matte Lip Crayon Litlle Chili 111,L'Oréal Paris,emb. 1 un,"€10,49/un","€10,49/un"
Máscara de Pestanas False Lash Bambi Eye Black 01,L'Oréal Paris,emb. 1 un,"€14,99/un","€14,99/un"
Tratamento de Unhas Base 2 em 1,Essie,"emb. 13,5 ml","€10,99/un","€10,99/un"
Anti-Olheiras Hide The Blemish Sand 002,Rimmel,emb. 1 un,"€6,36/un","€6,36/un"
Espelho com Pinça Alta Precisão,Jean Louis David,emb. 1 un,"€6,33/un","€6,33/un"
Batom Líquido Infaillible Mate Les Macarons Praline de Paris 820,L'Oréal Paris,emb. 1 un,"€8,79/un","€8,79/un"
Base de Rosto Infaillible 24h Matte Cover Amber 300,L'Oréal Paris,emb. 1 un,"€8,79/un","€8,79/un"
Máscara de Pestanas Wonderfull Volume Colorist Black 001,Rimmel,emb. 1 un,"€9,36/un","€9,36/un"
Máscara de Pestanas Colossal Go Extreme Black,Maybelline,emb. 1 un,"€8,89/un","€8,89/un"
Corretor Accord Parfait Golden Beige 3D/W,L'Oréal Paris,emb. 1 un,"€8,99/un","€8,99/un"
Máscara de Pestanas False Lash Bambi Eye à Prova de Água,L'Oréal Paris,emb. 1 un,"€9,39/un","€9,39/un"
Base de Rosto Match Perfection True Nude 303,Rimmel,emb. 1 un,"€11,61/un","€11,61/un"
Verniz de Unhas Gel Couture Take Me To Thread 70,Essie,"emb. 13,5 ml","€13,99/un","€13,99/un"
Verniz de Unhas Mademoisel 13,Essie,"emb. 13,5 ml","€9,99/un","€9,99/un"
Verniz de Unhas Vanity Fair 9,Essie,"emb. 13,5 ml","€9,99/un","€9,99/un"
Máscara de Sobrancelhas Tattoo Brow Gel Ink,Maybelline,emb. 1 un,"€7,69/un","€7,69/un"
Pó Compacto Stay Matte Warm Beige 006,Rimmel,emb. 1 un,"€7,86/un","€7,86/un"
Verniz de Unhas 60 Seconds Lose Your Lingerie 203,Rimmel,emb. 1 un,"€4,19/un","€4,19/un"
Pó Compacto Stay Matte Sandstorm 004,Rimmel,emb. 1 un,"€7,86/un","€7,86/un"
Batom Color Riche Flamingo Elegance 136,L'Oréal Paris,emb. 1 un,"€9,89/un","€9,89/un"
Pincel Angulado para Blush,MyLabel,emb. 1 un,"€5,99/un","€5,99/un"
Base de Rosto Match Perfection Soft Beige 200,Rimmel,emb. 1 un,"€11,61/un","€11,61/un"
Modelador de Sobrancelhas Brow Artist Xpert Brunette 105,L'Oréal Paris,emb. 1 un,"€6,59/un","€6,59/un"
Base de Rosto Lasting Finish Ivory 100,Rimmel,emb. 1 un,"€11,24/un","€11,24/un"
Máscara de Pestanas Falsies Lash Lift Black,Maybelline,emb. 1 un,"€7,69/un","€7,69/un"
Base de Rosto Infaillible 24h Matte Cover Natural Rosé 155,L'Oréal Paris,emb. 1 un,"€8,79/un","€8,79/un"
Esponja de Maquilhagem Miracle 1566,Real Techniques,emb. 1 un,"€10,60/un","€10,60/un"
Máscara de Pestanas Wonderfull à Prova de Água Black,Rimmel,emb. 1 un,"€9,36/un","€9,36/un"
Lápis de Olhos Tattoo Liner Smokey Brown,Maybelline,emb. 1 un,"€5,49/un","€5,49/un"
CC Cream Claro FPS15,MyLabel,emb. 50 ml,"€4,89/un","€97,80/lt"
Eyeliner Matte Signature à Prova de Água Black 01,L'Oréal Paris,emb. 1 un,"€13,99/un","€13,99/un"
Corta-Unhas de Pedicure,Jean Louis David,emb. 1 un,"€4,17/un","€4,17/un"
Batom Líquido Infaillible Les Chocolats Box of Chocolats 852,L'Oréal Paris,emb. 1 un,"€8,29/un","€8,29/un"
Verniz de Unhas Not Just a Pretty Face 11,Essie,"emb. 13,5 ml","€9,99/un","€9,99/un"
Batom Líquido Rouge Signature Audacieuse 107,L'Oréal Paris,emb. 1 un,"€10,49/un","€10,49/un"
Base de Rosto Super Stay 30H 36,Maybelline,emb. 1 un,"€11,59/un","€11,59/un"
Batom SuperStay Ink Crayon Make It Happen 55,Maybelline,emb. 1 un,"€7,11/un","€7,11/un"
Sérum Facial Accord Parfait 7-8,L'Oréal Paris,emb. 1 un,"€14,99/un","€14,99/un"
Verniz de Unhas Gel Couture The It-Factor 300,Essie,"emb. 13,5 ml","€13,99/un","€13,99/un"
Máscara de Pestanas Falsies Lash Lift à Prova de Água Black,Maybelline,emb. 1 un,"€9,74/un","€9,74/un"
Base de Rosto Infaillible 24h Matte Cover Sable Doré 200,L'Oréal Paris,emb. 1 un,"€8,79/un","€8,79/un"
Máscara de Pestanas Lash Sensational Luscious Black,Maybelline,emb. 1 un,"€7,49/un","€7,49/un"
Base de Rosto Super Stay 30H 10,Maybelline,emb. 1 un,"€10,79/un","€10,79/un"
Batom Líquido Brilliant Signature Be Captivating 305,L'Oréal Paris,emb. 1 un,"€10,49/un","€10,49/un"
Acetona,Hidro,emb. 125 ml,"€1,49/un","€11,92/lt"
Batom Infaillible Matte Lip Crayon Sweet 105,L'Oréal Paris,emb. 1 un,"€10,49/un","€10,49/un"
Lápis de Olhos Tattoo Liner Deep Onyx 900,Maybelline,emb. 1 un,"€7,49/un","€7,49/un"
Base de Rosto Dream Radiant Liquid Golden Beige 24,Maybelline,emb. 1 un,"€8,89/un","€8,89/un"
Pó Compacto SuperStay 24h Sand 30,Maybelline,emb. 1 un,"€7,89/un","€7,89/un"
Esponja de Maquilhagem Miracle Mixing,Real Techniques,emb. 1 un,"€9,00/un","€9,00/un"
Verniz de Unhas Lapiz of Luxury 094,Essie,"emb. 13,5 ml","€9,99/un","€9,99/un"
Eyeliner Tattoo Signature Extra Black,L'Oréal Paris,emb. 1 un,"€14,99/un","€14,99/un"
Base de Rosto Super Stay 30H 22,Maybelline,emb. 1 un,"€11,59/un","€11,59/un"
Base de Rosto Match Perfection True Beige 203,Rimmel,emb. 1 un,"€11,61/un","€11,61/un"
BB Cream C'est Magic,L'Oréal Paris,emb. 1 un,"€7,49/un","€7,49/un"
BB Cream C'Est Magic Medium Light 03,L'Oréal Paris,emb. 1 un,"€7,49/un","€7,49/un"
Pinça para Sobrancelhas com Ponta de Caranguejo,MyLabel,emb. 1 un,"€2,19/un","€2,19/un"
Máscara de Pestanas Lash Sensational Luscious Black,Maybelline,emb. 1 un,"€7,49/un","€7,49/un"
Modelador de Sobrancelhas Brow Artist Xpert Cool Blond 102,L'Oréal Paris,emb. 1 un,"€6,59/un","€6,59/un"
Base de Rosto Fit Me Matte & Poreless Natural Ivory 105,Maybelline,emb. 1 un,"€9,99/un","€9,99/un"
Máscara de Sobrancelhas Tattoo Brow Gel Ink 03,Maybelline,emb. 1 un,"€7,69/un","€7,69/un"
Lápis de Sobrancelhas Brow Extensions Deep Brown 06,Maybelline,emb. 1 un,"€7,49/un","€7,49/un"
Corretor Instant Eraser Anti-Idade Cocoa 13,Maybelline,emb. 1 un,"€7,49/un","€7,49/un"
Eyeliner Infaillible Gel Crayon Black 01,L'Oréal Paris,emb. 1 un,"€9,99/un","€9,99/un"
Máscara de Sobrancelhas Tattoo Brow Gel Ink 04,Maybelline,emb. 1 un,"€7,69/un","€7,69/un"
Esponja de Maquilhagem com Bolsa Látex,MyLabel,emb. 1 un,"€1,99/un","€1,99/un"
Base de Rosto Lasting Finish True Nude 303,Rimmel,emb. 1 un,"€11,24/un","€11,24/un"
Lápis de Olhos Tattoo Liner Deep Onyx 900,Maybelline,emb. 1 un,"€7,49/un","€7,49/un"
Máscara de Pestanas Colossal 100% Black,Maybelline,emb. 1 un,"€8,99/un","€8,99/un"
Palete de Rosto Glow,MyLabel,emb. 1 un,"€6,99/un","€6,99/un"
Verniz de Unhas Sole Mate 45,Essie,"emb. 13,5 ml","€9,99/un","€9,99/un"
Anti-Olheiras Hide The Blemish Soft Honey 103,Rimmel,emb. 1 un,"€6,36/un","€6,36/un"
Verniz de Unhas 60 Seconds Double Decker Red 310,Rimmel,emb. 1 un,"€4,19/un","€4,19/un"
Batom Líquido Infaillible Ultra Matte Les Macarons Infinite Spice 834,L'Oréal Paris,emb. 1 un,"€10,49/un","€10,49/un"
Verniz de Unhas Fifth Avenue 64,Essie,"emb. 13,5 ml","€9,99/un","€9,99/un"
Base de Rosto Super Stay 30H 31,Maybelline,emb. 1 un,"€11,59/un","€11,59/un"
Máscara de Pestanas 100% à Prova de Água Black 001,Rimmel,emb. 1 un,"€7,49/un","€7,49/un"
Verniz de Unhas 60 Seconds Rain Rain Go Away 498,Rimmel,emb. 1 un,"€4,19/un","€4,19/un"
Base de Rosto Dream Radiant Liquid Fawn 40,Maybelline,emb. 1 un,"€8,89/un","€8,89/un"
Corretor Fit Me Sand 20,Maybelline,emb. 1 un,"€5,69/un","€5,69/un"
Verniz de Unhas 60 Seconds White Hot Love 703,Rimmel,emb. 1 un,"€4,19/un","€4,19/un"
Verniz de Unhas 60 Seconds Berries and Cream 340,Rimmel,emb. 1 un,"€4,19/un","€4,19/un"
Máscara de Pestanas Bambi False Lash Waterproof Black 01,L'Oréal Paris,emb. 1 un,"€9,39/un","€9,39/un"
Base de Rosto Dream Radiant Liquid Sand 30,Maybelline,emb. 1 un,"€11,99/un","€11,99/un"
Máscara de Pestanas Wonderfull Black 001,Rimmel,emb. 1 un,"€9,36/un","€9,36/un"
Lápis de Sobrancelhas Brow Extensions Soft Brown 02,Maybelline,emb. 1 un,"€7,49/un","€7,49/un"
Máscara de Pestanas Mega Volume Collagene,L'Oréal Paris,emb. 1 un,"€14,99/un","€14,99/un"
Verniz de Unhas Really Red 60,Essie,"emb. 13,5 ml","€9,99/un","€9,99/un"
Batom Super Stay Matte Ink 5,Maybelline,emb. 1 un,"€7,86/un","€7,86/un"
Base Drem Liquid 43,Maybelline,emb. 1 un,"€10,99/un","€10,99/un"
Base de Rosto Dream Radiant Liquid Sun Beige 48,Maybelline,emb. 1 un,"€8,79/un","€8,79/un"
Corretor Fit Me Honey 30,Maybelline,emb. 1 un,"€5,79/un","€5,79/un"
BB Cream Claro FPS15,MyLabel,emb. 50 ml,"€4,49/un","€89,80/lt"
Esponja Desmaquilhante em Celulosa,MyLabel,emb. 2 un,"€1,39/un","€0,70/un"
Batom Líquido SuperStay Matte Ink Pathfinder 150,Maybelline,emb. 1 un,"€7,86/un","€7,86/un"
Batom Super Stay Ink Crayon,Maybelline,emb. 1 un,"€7,11/un","€7,11/un"
Pincel Sobrancelhas e Pestanas,MyLabel,emb. 1 un,"€3,99/un","€3,99/un"
Lápis de Olhos Color Show Ultra Black 100,Maybelline,emb. 1 un,"€2,99/un","€2,99/un"
Máscara de Pestanas The Colossal Curl Bounce,Maybelline,emb. 1 un,"€8,24/un","€8,24/un"
Eyeliner Hyper Easy Liquid Black,Maybelline,emb. 1 un,"€6,74/un","€6,74/un"
Base de Rosto Fit Me Matte & Poreless Warm Nude 128,Maybelline,emb. 1 un,"€7,69/un","€7,69/un"
Pó Bronzeador City Bronzer Light Cool 100,Maybelline,emb. 1 un,"€12,99/un","€12,99/un"
Anti-Olheiras Hide The Blemish Natural Beige 004,Rimmel,emb. 1 un,"€6,36/un","€6,36/un"
Lápis de Olhos Tattoo Liner 940,Maybelline,emb. 1 un,"€7,49/un","€7,49/un"
Enrolador de Pestanas,Jean Louis David,emb. 1 un,"€3,56/un","€3,56/un"
Corretor Instant Eraser Anti-Idade Buff 08,Maybelline,emb. 1 un,"€7,49/un","€7,49/un"
Lima de Unhas de Metal Média,Jean Louis David,emb. 1 un,"€2,94/un","€2,94/un"
Lápis de Olhos Tattoo Liner Gel 942,Maybelline,emb. 1 un,"€7,49/un","€7,49/un"
Base de Rosto Fit Me Matte & Poreless Warm Nude 128,Maybelline,emb. 1 un,"€7,69/un","€7,69/un"
Lápis de Olhos Tattoo Liner Intense Green 932,Maybelline,emb. 1 un,"€7,49/un","€7,49/un"
Batom Líquido SuperStay Matte Ink Fighter 75,Maybelline,emb. 1 un,"€7,86/un","€7,86/un"
Verniz de Unhas Summer Collection Bikini So Treeny 219,Essie,"emb. 13,5 ml","€9,99/un","€9,99/un"
Base de Rosto Fit Me Matte & Poreless Natural Beige 220,Maybelline,emb. 1 un,"€9,99/un","€9,99/un"
Pinça Sobrancelhas Desgin Francês,Jean Louis David,emb. 1 un,"€5,09/un","€5,09/un"
Lápis de Sobrancelhas Brow Extensions Blonde 01,Maybelline,emb. 1 un,"€7,49/un","€7,49/un"
Batom Líquido SuperStay Matte Ink Loyalist 5,Maybelline,emb. 1 un,"€6,29/un","€6,29/un"
Pincel Corretor,MyLabel,emb. 1 un,"€4,99/un","€4,99/un"
Pinça Sobrancelhas de Esteticista,Jean Louis David,emb. 1 un,"€4,07/un","€4,07/un"
Corta-Unhas com Corrente,Jean Louis David,emb. 1 un,"€1,83/un","€1,83/un"
Corretor Fit Me Fair 15,Maybelline,emb. 1 un,"€5,69/un","€5,69/un"
Acetona,Corine de Farme,emb. 200 ml,"€3,59/un","€17,95/lt"
Palete de Rosto Contouring,MyLabel,emb. 1 un,"€6,99/un","€6,99/un"
Lima de Unhas Profissional,Jean Louis David,emb. 1 un,"€3,38/un","€0,42/un"
Batom Lifter Gloss 006,Maybelline,emb. 1 un,"€7,49/un","€7,49/un"
Removedor de Verniz Toalhitas,Elegant Touch,emb. 100 un,"€3,56/un","€0,04/un"
Base de Rosto Super Stay 30H 34,Maybelline,emb. 1 un,"€11,59/un","€11,59/un"
Batom Líquido SuperStay Matte Ink Voyager 50,Maybelline,emb. 1 un,"€7,86/un","€7,86/un"
Corretor Stick Clear Beige,MyLabel,emb. 1 un,"€2,99/un","€2,99/un"
Lima de Unhas e Polidor 3 Passos + Stick,Jean Louis David,emb. 1 un,"€2,83/un","€2,83/un"
Corretor Instant Eraser Anti-Idade Tan 11,Maybelline,emb. 1 un,"€7,49/un","€7,49/un"
Lápis de Sobrancelhas Satin Duo 04,Maybelline,emb. 1 un,"€5,99/un","€5,99/un"
Corretor Fit Me Light 10,Maybelline,emb. 1 un,"€7,49/un","€7,49/un"
Palitos para Cutículas em Madeira,MyLabel,emb. 5 un,"€1,29/un","€0,26/un"
Batom Color Sensational Pleasure Me Red 547,Maybelline,emb. 1 un,"€8,24/un","€8,24/un"
Batom Color Sensational Pleasure Me Red 547,Maybelline,emb. 1 un,"€8,24/un","€8,24/un"
Base Dream Liquid Soft 02,Maybelline,emb. 1 un,"€11,99/un","€11,99/un"
Espelho Compacto com 2 Lados,Jean Louis David,emb. 1 un,"€7,24/un","€7,24/un"
Corretor Fit Me Medium 25,Maybelline,emb. 1 un,"€5,79/un","€5,79/un"
Batom Líquido Pink Pepper,MyLabel,emb. 1 un,"€3,99/un","€3,99/un"
Verniz de Unhas 60 Seconds Coralicious 430,Rimmel,emb. 1 un,"€4,19/un","€4,19/un"
Base de Rosto Fit Me Matte & Poreless Porcelain 110,Maybelline,emb. 1 un,"€9,99/un","€9,99/un"
Corta-Unhas com Recuperador,Jean Louis David,emb. 1 un,"€3,74/un","€3,74/un"
Batom Líquido Beige Tentation,MyLabel,emb. 1 un,"€3,99/un","€3,99/un"
Máscara de Pestanas Extra Long Lash Black,Rimmel,emb. 1 un,"€7,49/un","€7,49/un"
Batom Líquido SuperStay Matte Ink Dancer 118,Maybelline,emb. 1 un,"€7,86/un","€7,86/un"
Batom Líquido SuperStay Matte Ink Savant 155,Maybelline,emb. 1 un,"€7,86/un","€7,86/un"
Batom Líquido SuperStay Matte Ink 25,Maybelline,emb. 1 un,"€7,34/un","€7,34/un"
Batom SuperStay Ink Crayon Stay Exceptional 25,Maybelline,emb. 1 un,"€7,11/un","€7,11/un"
Esponja de Maquilhagem com Aplicador para Pó Compacto,Jean Louis David,emb. 1 un,"€3,27/un","€3,27/un"
Lápis de Olhos Color Show Ultra Black 100,Maybelline,emb. 1 un,"€2,99/un","€2,99/un"
Batom Líquido SuperStay Matte Ink Amazonian 70,Maybelline,emb. 1 un,"€7,86/un","€7,86/un"
Lápis de Sobrancelhas Brow Ultra Slim Light Blonde 00,Maybelline,emb. 1 un,"€5,61/un","€5,61/un"
Batom Candy Pink,MyLabel,emb. 1 un,"€1,99/un","€1,99/un"
Sombra de Olhos Color Queen Extra 33,L'Oréal Paris,emb. 1 un,"€6,99/un","€6,99/un"
Esponja de Maquilhagem Porções Látex,MyLabel,emb. 1 un,"€2,99/un","€2,99/un"
Pincel de Maquilhagem para Pó,MyLabel,emb. 1 un,"€5,99/un","€5,99/un"
Enrolador de Pestanas,MyLabel,emb. 1 un,"€2,99/un","€2,99/un"
Lip Gloss Oh My Gloss Glossaholic 150,Rimmel,emb. 1 un,"€7,49/un","€7,49/un"
Máscara de Pestanas The Falsies Black Drama,Maybelline,emb. 1 un,"€5,24/un","€5,24/un"
Sombra de Olhos Color Queen Queen 20,L'Oréal Paris,emb. 1 un,"€6,99/un","€6,99/un"
Pincel Sombreador Grosso,MyLabel,emb. 1 un,"€4,99/un","€4,99/un"
Batom SuperStay Ink Crayon 100,Maybelline,emb. 1 un,"€7,11/un","€7,11/un"
Verniz de Unhas 60 Seconds Neon Fest 322,Rimmel,emb. 1 un,"€4,19/un","€4,19/un"
Palete Sombras de Olhos Brown Glam,MyLabel,emb. 1 un,"€3,99/un","€3,99/un"
Lápis de Lábios Color Sensational,Maybelline,emb. 1 un,"€3,59/un","€3,59/un"
Batom Lasting Finish Kate Moss 08,Rimmel,emb. 1 un,"€6,74/un","€6,74/un"
Lima de Unhas Pequena,Jean Louis David,emb. 1 un,"€4,64/un","€4,64/un"
Batom SuperStay Ink Crayon Own Your Empire 50,Maybelline,emb. 1 un,"€7,11/un","€7,11/un"
Verniz de Unhas 60 Seconds Ethereal 210,Rimmel,emb. 1 un,"€4,19/un","€4,19/un"
Pincel para Esfumar Sombras,MyLabel,emb. 1 un,"€4,99/un","€4,99/un"
Pincel de Rosto Pro 20 Flat,Jean Louis David,emb. 1 un,"€4,71/un","€4,71/un"
Batom Líquido Woody Pink,MyLabel,emb. 1 un,"€3,99/un","€3,99/un"
Lápis de Olhos Tattoo Liner Smokey,Maybelline,emb. 1 un,"€5,49/un","€5,49/un"
Sombra de Olhos Color Queen Commander 32,L'Oréal Paris,emb. 1 un,"€5,39/un","€5,39/un"
Escova de Unhas Pequena,Jean Louis David,emb. 1 un,"€2,39/un","€2,39/un"
Espelho Compacto Duplo,MyLabel,emb. 1 un,"€4,99/un","€4,99/un"
Lima de Unhas Zebra Profissional,Jean Louis David,emb. 1 un,"€3,49/un","€3,49/un"
Verniz de Unhas 60 Seconds Funtime Fuchsia 323,Rimmel,emb. 1 un,"€4,19/un","€4,19/un"
Verniz de Unhas 60 Seconds Queen of Tarts 315,Rimmel,emb. 1 un,"€4,19/un","€4,19/un"
Verniz de Unhas Orange Hipno,MyLabel,emb. 1 un,"€1,89/un","€1,89/un"
Esponja de Maquilhagem em Látex,Jean Louis David,emb. 1 un,"€3,27/un","€0,82/un"
Conjunto de Palitos para Remoção de Verniz,Jean Louis David,emb. 1 un,"€2,94/un","€2,94/un"
Base Rosto Infaillible 24h Fresh Wear 180,L'Oréal Paris,emb. 1 un,"€13,49/un","€13,49/un"
Sérum de Olhos Transparente,L'Oréal Paris,emb. 1 un,"€14,99/un","€14,99/un"
Tinta de Sobrancelhas Tattoo Brow Gel Ink Light Brown 02,Maybelline,emb. 1 un,"€7,69/un","€7,69/un"
Máscara de Pestanas Lash Paradise Preto Intenso,L'Oréal Paris,emb. 1 un,"€9,74/un","€9,74/un"
Máscara de Pestanas Sky High Waterproof,Maybelline,emb. 1 un,"€9,74/un","€9,74/un"
Batom Lifter Gloss 001,Maybelline,emb. 1 un,"€7,49/un","€7,49/un"
Batom Color Riche,L'Oréal Paris,emb. 1 un,"€9,89/un","€9,89/un"
Batom Líquido SuperStay Matte Ink Fighter 75,Maybelline,emb. 1 un,"€6,82/un","€6,82/un"
Corretor Infaillible More Than Concealer Espresso 344,L'Oréal Paris,emb. 1 un,"€8,99/un","€8,99/un"
Base de Rosto Super Stay 30H 5,Maybelline,emb. 1 un,"€13,99/un","€13,99/un"
Creme Hidratante com Cor Skin Paradise,L'Oréal Paris,emb. 1 un,"€9,74/un","€9,74/un"
Tinta de Sobrancelhas Tattoo Brow Gel Ink Dark Brown 03,Maybelline,emb. 1 un,"€7,69/un","€7,69/un"
Lápis de Sobrancelhas Tattoo Brow,Maybelline,emb. 1 un,"€5,49/un","€5,49/un"
Batom Líquido SuperStay Matte Ink Seductress 65,Maybelline,emb. 1 un,"€6,29/un","€6,29/un"
Batom Líquido Infaillible 2 Steps 24h Corail Constant 404,L'Oréal Paris,emb. 1 un,"€9,89/un","€9,89/un"
Removedor de Verniz Good As Gone,Essie,emb. 125 ml,"€8,99/un","€71,92/lt"
Sérum Facial Accord Parfait 5-6,L'Oréal Paris,emb. 1 un,"€14,99/un","€14,99/un"
Lápis de Lábios Color Sensational Nude Whisper 10,Maybelline,emb. 1 un,"€3,59/un","€3,59/un"
Batom Color Riche Beige 630,L'Oréal Paris,emb. 1 un,"€9,89/un","€9,89/un"
Pincel de Rosto para Pó,Real Techniques,emb. 1 un,"€14,59/un","€14,59/un"
Tinta de Sobrancelhas Tattoo Brow Gel Ink Dark Brown 03,Maybelline,emb. 1 un,"€7,69/un","€7,69/un"
Máscara de Sobrancelhas Brow Drama Medium Brown,Maybelline,emb. 1 un,"€5,79/un","€5,79/un"
Máscara de Pestanas Extra Super Lash Black,Rimmel,emb. 1 un,"€7,49/un","€7,49/un"
Base de Rosto Infaillible 24h Fresh Wear 125,L'Oréal Paris,emb. 30 ml,"€13,86/un","€13,86/un"
Eyeliner Tattoo Liner Liquid Ink Black 710,Maybelline,emb. 1 un,"€6,79/un","€6,79/un"
Batom SuperStay Ink Crayon 105,Maybelline,emb. 1 un,"€7,11/un","€7,11/un"
Batom Líquido Infaillible Les Chocolats Cacao Crush 868,L'Oréal Paris,emb. 1 un,"€10,49/un","€10,49/un"
Lip Gloss Oh My Gloss Oh La La 500,Rimmel,emb. 1 un,"€7,49/un","€7,49/un"
Base de Rosto Líquida Accord Parfait 10N,L'Oréal Paris,emb. 1 un,"€13,23/un","€13,23/un"
Lápis de Lábios Color Sensational Brick Red 90,Maybelline,emb. 1 un,"€3,74/un","€3,74/un"
Batom Ultra Leve Rouge Signature,L'Oréal Paris,emb. 1 un,"€9,89/un","€9,89/un"
Base de Rosto Infaillible 24h Matte Cover Sabel 175,L'Oréal Paris,emb. 1 un,"€9,39/un","€9,39/un"
Batom Color Sensational Rose Embrace 200,Maybelline,emb. 1 un,"€8,24/un","€8,24/un"
Corretor 2 em 1 More Than a Concealer,L'Oréal Paris,emb. 1 un,"€8,99/un","€8,99/un"
Corretor Infaillible More Than Concealer,L'Oréal Paris,emb. 1 un,"€8,99/un","€8,99/un"
Raspador Pedicure Pedra Pomes,Jean Louis David,emb. 1 un,"€3,51/un","€3,51/un"
Base de Rosto Infaillible 24h Fresh Wear Expresso 380,L'Oréal Paris,emb. 1 un,"€18,49/un","€18,49/un"
Modelador de Sobrancelhas Brow Artist Skinny Definer Ebony 109,L'Oréal Paris,emb. 1 un,"€10,99/un","€10,99/un"
Eyeliner Mate Signature,L'Oréal Paris,emb. 1 un,"€10,99/un","€10,99/un"
Batom Infaillible Matte Lip Crayon Mon Cinnamon 106,L'Oréal Paris,emb. 1 un,"€10,49/un","€10,49/un"
Pó Bronzeador City Bronzer Medium Dark 250,Maybelline,emb. 1 un,"€12,99/un","€12,99/un"
Batom Líquido Rouge Signature Effrontee 110,L'Oréal Paris,emb. 1 un,"€10,49/un","€10,49/un"
Batom Color Sensational Pleasure Me Red 547,Maybelline,emb. 1 un,"€8,24/un","€8,24/un"
Sombra de Olhos Color Queen Determination 16,L'Oréal Paris,emb. 1 un,"€6,99/un","€6,99/un"
Pó e Base 2 em 1 Infaillible 24h Fresh Wear 245,L'Oréal Paris,emb. 1 un,"€13,49/un","€13,49/un"
Sombra de Olhos Color Queen Force 02,L'Oréal Paris,emb. 1 un,"€5,49/un","€5,49/un"
Eyeliner Perfect Slim Intense Black 01,L'Oréal Paris,emb. 1 un,"€11,24/un","€11,24/un"
Base de Rosto Infaillible 24h Matte Cover Caramel 320,L'Oréal Paris,emb. 1 un,"€10,49/un","€10,49/un"
Batom Líquido Brilliant Signature Be Brilliant 311,L'Oréal Paris,emb. 1 un,"€10,49/un","€10,49/un"
Batom Líquido Rouge Signature Combative 114,L'Oréal Paris,emb. 1 un,"€9,89/un","€9,89/un"
Iluminador Light From Paradise 01,L'Oréal Paris,emb. 1 un,"€9,89/un","€9,89/un"
Batom Lifter Gloss 007,Maybelline,emb. 1 un,"€7,49/un","€7,49/un"
Pincel de Rosto para Blush,Real Techniques,emb. 1 un,"€12,14/un","€12,14/un"
Lápis de Sobrancelhas Brow Extensions Medium Brown 04,Maybelline,emb. 1 un,"€7,49/un","€7,49/un"
Verniz de Unhas Exotic Liras 32,Essie,"emb. 13,5 ml","€9,99/un","€9,99/un"
Batom Líquido Infaillible Ultra Matte Les Macarons Strawberry Sauvage 832,L'Oréal Paris,emb. 1 un,"€10,49/un","€10,49/un"
Batom Líquido Rouge Signature Feministe 106,L'Oréal Paris,emb. 1 un,"€10,49/un","€10,49/un"
Batom Color Sensational Brick Beat 122,Maybelline,emb. 1 un,"€8,24/un","€8,24/un"
Batom SuperStay Ink Crayon Hustle In Heels 45,Maybelline,emb. 1 un,"€7,11/un","€7,11/un"
Base de Rosto Accord Parfait Golden Sand 5D/5W,L'Oréal Paris,emb. 1 un,"€10,39/un","€10,39/un"
Creme Hiratante com Cor Skin Paradise Fair 02,L'Oréal Paris,emb. 1 un,"€9,74/un","€9,74/un"
Lápis de Sobrancelhas Brow Extensions,Maybelline,emb. 1 un,"€7,49/un","€7,49/un"
Base de Rosto em Pó Superstay,Maybelline,emb. 1 un,"€7,69/un","€7,69/un"
Pincel de Rosto para Iluminador,Real Techniques,emb. 1 un,"€12,76/un","€12,76/un"
Lápis de Lábios Color Sensational Nude Whisper 10,Maybelline,emb. 1 un,"€3,59/un","€3,59/un"
Corretor Touche Magique,L'Oréal Paris,emb. 1 un,"€9,74/un","€9,74/un"
Máscara de Pestanas Lash Sensational Black,Maybelline,emb. 1 un,"€9,19/un","€9,19/un"
Batom Superstay Matte Ink 20,Maybelline,emb. 1 un,"€7,19/un","€7,19/un"
Batom Infaillible 2 Steps 24h,L'Oréal Paris,emb. 1 un,"€9,89/un","€9,89/un"
Creme Hidratante com Cor Skin Paradise Light 03,L'Oréal Paris,emb. 1 un,"€9,74/un","€9,74/un"
Kit de Manicure,Jean Louis David,emb. 1 un,"€5,94/un","€5,94/un"
Batom Color Riche Les Nus,L'Oréal Paris,emb. 1 un,"€11,73/un","€11,73/un"
Lápis de Sobrancelhas Brow Satin Duo,Maybelline,emb. 1 un,"€5,99/un","€5,99/un"
Pincel de Rosto para Blush 1407,Real Techniques,emb. 1 un,"€11,99/un","€11,99/un"
Corta-Unhas com Depósito,Jean Louis David,emb. 1 un,"€3,27/un","€3,27/un"
Pincéis de Olhos Côncavos 1529,Real Techniques,emb. 2 un,"€12,45/un","€12,45/un"
Lápis de Sobrancelhas Tattoo Brow 36H 02,Maybelline,emb. 1 un,"€5,49/un","€5,49/un"
Lápis de Olhos Tattoo Liner Smokey Grey,Maybelline,emb. 1 un,"€6,39/un","€6,39/un"
Pó Bronzeador Glam La Terra Bronze,L'Oréal Paris,emb. 1 un,"€13,89/un","€13,89/un"
Máscara de Pestanas Falsies Lash Lift Black,Maybelline,emb. 1 un,"€7,69/un","€7,69/un"
Base de Rosto Infaillible Matte Cover,L'Oréal Paris,emb. 1 un,"€8,79/un","€8,79/un"
Base de Rosto Fit Me Matte & Poreless Toffee 330,Maybelline,emb. 1 un,"€9,99/un","€9,99/un"
Base Drem Liquid 45,Maybelline,emb. 1 un,"€8,89/un","€8,89/un"
Batom Lasting Finish Drop of Sherry 058,Rimmel,emb. 1 un,"€6,74/un","€6,74/un"
Corta-Unhas Exclusivo,Jean Louis David,emb. 1 un,"€3,73/un","€3,73/un"
Verniz de Unhas Aruba Blue 092,Essie,"emb. 13,5 ml","€9,99/un","€9,99/un"
Pincel de Rosto para Fond de Teint Profissional,Jean Louis David,emb. 1 un,"€5,79/un","€5,79/un"
Blush Paradise 02,L'Oréal Paris,emb. 1 un,"€9,89/un","€9,89/un"
Blush Paradise 02,L'Oréal Paris,emb. 1 un,"€9,89/un","€9,89/un"
Blush Fit Me Berry 55,Maybelline,emb. 1 un,"€9,99/un","€9,99/un"
Esponja de Maquilhagem Oval,Jean Louis David,emb. 1 un,"€5,65/un","€5,65/un"
Batom Super Stay Ink Spiced 320,Maybelline,emb. 1 un,"€7,19/un","€7,19/un"
Tesoura para Cutículas,Jean Louis David,emb. 1 un,"€7,88/un","€7,88/un"
Lima de Unhas em Metal com Bolsa,Jean Louis David,emb. 1 un,"€3,51/un","€3,51/un"
Verniz de Unhas Buy me a Cameo 82,Essie,"emb. 13,5 ml","€9,99/un","€9,99/un"
Pó Compacto Fit Me Matte & Poreless Natural 105,Maybelline,emb. 1 un,"€4,95/un","€4,95/un"
Batom Lasting Finish Amethyst Shimmer 084,Rimmel,emb. 1 un,"€6,07/un","€6,07/un"
Corretor Touche Magique Ivory Beige 1-2D,L'Oréal Paris,emb. 1 un,"€9,74/un","€9,74/un"
Espelho Multi Ângulo,Jean Louis David,emb. 1 un,"€7,07/un","€7,07/un"
Pinça Sobrancelhas Profissional Caranguejo,Jean Louis David,emb. 1 un,"€5,09/un","€5,09/un"
Batom SuperStay Ink Crayon 95,Maybelline,emb. 1 un,"€7,11/un","€7,11/un"
Pincel de Rosto para Iluminador,Jean Louis David,emb. 1 un,"€11,82/un","€11,82/un"
Lápis de Sobrancelhas Brow Ultra Slim Light Blonde 00,Maybelline,emb. 1 un,"€5,61/un","€5,61/un"
Base de Rosto Super Stay 30H 40,Maybelline,emb. 1 un,"€11,59/un","€11,59/un"
Batom Brilliant Signature Plump,L'Oréal Paris,emb. 1 un,"€8,99/un","€8,99/un"
Base de Rosto Super Stay 30H 48,Maybelline,emb. 1 un,"€13,99/un","€13,99/un"
Pincel Delineador de Lábios,MyLabel,emb. 1 un,"€4,99/un","€4,99/un"
Aparador de Calos,Jean Louis David,emb. 1 un,"€4,87/un","€4,87/un"
Máscara de Sobrancelhas Plump&Set,L'Oréal Paris,emb. 1 un,"€8,99/un","€8,99/un"
Lápis de Lábios Color Sensational 110,Maybelline,emb. 1 un,"€3,59/un","€3,59/un"
Base Drem Liquid 40,Maybelline,emb. 1 un,"€8,89/un","€8,89/un"
Pincel de Rosto para Pó 1401,Real Techniques,emb. 1 un,"€13,99/un","€13,99/un"
Batom Color Riche Accords Naturels Velvet Rose 378,L'Oréal Paris,emb. 1 un,"€10,69/un","€10,69/un"
Modelador de Sobrancelhas Brow Artist Skinny Definer Dark Brunette 108,L'Oréal Paris,emb. 1 un,"€6,59/un","€6,59/un"
Máscara de Sobrancelhas Plump & Set Blonde 101,L'Oréal Paris,emb. 1 un,"€8,99/un","€8,99/un"
Lápis de Sobrancelhas Micro Tatouage 105,L'Oréal Paris,emb. 1 un,"€13,99/un","€13,99/un"
Lip Gloss Oh My Gloss Snog 330,Rimmel,emb. 1 un,"€7,49/un","€7,49/un"
Lápis de Sobrancelhas Brow Satin Duo 02,Maybelline,emb. 1 un,"€5,99/un","€5,99/un"
Polidor de Unhas Premium 4 Passos,Jean Louis David,emb. 1 un,"€5,22/un","€5,22/un"
Base de Rosto Fit Me Matte & Poreless Soft Sand 124,Maybelline,emb. 1 un,"€9,99/un","€9,99/un"
Lápis de Olhos Tattoo Liner Gel 920,Maybelline,emb. 1 un,"€7,49/un","€7,49/un"
Escova de Unhas Stylish,Jean Louis David,emb. 1 un,"€3,96/un","€3,96/un"
Verniz de Unhas A-List 55,Essie,"emb. 13,5 ml","€9,99/un","€9,99/un"
Pinça Sobrancelhas Angular Dourada,Jean Louis David,emb. 1 un,"€3,96/un","€3,96/un"
Sombra de Olhos Color Queen Mogul 19,L'Oréal Paris,emb. 1 un,"€6,99/un","€6,99/un"
Base de Rosto Dream Radiant Liquid Nude 21,Maybelline,emb. 1 un,"€8,89/un","€8,89/un"
Eyeliner Master Precise,Maybelline,emb. 1 un,"€7,49/un","€7,49/un"
Base de Rosto Super Stay 30H 40,Maybelline,emb. 1 un,"€11,59/un","€11,59/un"
Pó Compacto SuperStay 24h Sand 30,Maybelline,emb. 1 un,"€7,89/un","€7,89/un"
Batom SuperStay Ink Crayon Make It Happen 55,Maybelline,emb. 1 un,"€7,11/un","€7,11/un"
Batom Lasting Finish Kate Moss 05,Rimmel,emb. 1 un,"€6,74/un","€6,74/un"
Batom Líquido SuperStay Matte Ink Visionary 95,Maybelline,emb. 1 un,"€7,86/un","€7,86/un"
Base de Rosto Fit Me Matte & Poreless Natural Tan 320,Maybelline,emb. 1 un,"€7,69/un","€7,69/un"
Base de Rosto Super Stay 30H 34,Maybelline,emb. 1 un,"€11,59/un","€11,59/un"
Lápis de Olhos Tattoo Liner Gel 911,Maybelline,emb. 1 un,"€7,49/un","€7,49/un"
Verniz de Unhas Meet Me at Sunset 67,Essie,"emb. 13,5 ml","€9,99/un","€9,99/un"
Pinça Sobrancelhas Fantasia,Jean Louis David,emb. 1 un,"€4,75/un","€4,75/un"
Polidor de Unhas 4 Etapas,Jean Louis David,emb. 1 un,"€2,83/un","€2,83/un"
Verniz de Unhas Cute As a Button 73,Essie,"emb. 13,5 ml","€9,99/un","€9,99/un"
Base de Rosto Super Stay 30H 03,Maybelline,emb. 1 un,"€13,99/un","€13,99/un"
Base Rosto Matte Cover 110,L'Oréal Paris,emb. 1 un,"€10,49/un","€10,49/un"
Base de Rosto Super Stay 30H 05,Maybelline,emb. 1 un,"€13,99/un","€13,99/un"
Lápis de Lábios Color Sensational 60,Maybelline,emb. 1 un,"€3,65/un","€3,65/un"
Pincel de Rosto para Contornos Profissional,Jean Louis David,emb. 1 un,"€13,53/un","€13,53/un"
Lápis de Lábios Color Sensational Brick Red 90,Maybelline,emb. 1 un,"€3,74/un","€3,74/un"
Batom SuperStay Ink Crayon 115,Maybelline,emb. 1 un,"€7,11/un","€7,11/un"
Lápis de Sobrancelhas Brow Satin Duo 04,Maybelline,emb. 1 un,"€5,99/un","€5,99/un"
Batom Líquido Mate Infaillible Les Macarons,,emb. 1 un,"€8,79/un","€8,79/un"
Verniz de Unhas Watermelon 27,Essie,"emb. 13,5 ml","€9,99/un","€9,99/un"
Pó Compacto SuperStay 24h Nude 21,Maybelline,emb. 1 un,"€7,69/un","€7,69/un"
Separador de Dedos Silicone,Jean Louis David,emb. 1 un,"€3,62/un","€3,62/un"
Pincel de Rosto para Blush,Jean Louis David,emb. 1 un,"€13,53/un","€13,53/un"
Batom Color Riche Accords Naturels Organza 236,L'Oréal Paris,emb. 1 un,"€11,61/un","€11,61/un"
Base de Rosto Accord Parfait 10N,L'Oréal Paris,emb. 1 un,"€13,23/un","€13,23/un"
Lápis de Sobrancelhas Brow Extension Medium Brown 04,Maybelline,emb. 1 un,"€7,49/un","€7,49/un"
Pincel de Rosto para Lábios Profissional,Jean Louis David,emb. 1 un,"€11,82/un","€11,82/un"
Verniz de Unhas Pink Diamond 18,Essie,"emb. 13,5 ml","€9,99/un","€9,99/un"
Batom Superstay Matte Ink 35,Maybelline,emb. 1 un,"€7,86/un","€7,86/un"
Pinça Sobrancelhas Direita Dourada,Jean Louis David,emb. 1 un,"€3,96/un","€3,96/un"
Batom Color Riche 110,L'Oréal Paris,emb. 1 un,"€11,61/un","€11,61/un"
Batom Líquido Rouge Signature Matte 104,L'Oréal Paris,emb. 1 un,"€10,49/un","€10,49/un"
Base de Rosto Dream Radiant Liquid Light Honey 45,Maybelline,emb. 1 un,"€8,89/un","€8,89/un"
Verniz de Unhas Jamaica Me 34,Essie,"emb. 13,5 ml","€9,99/un","€9,99/un"
Base de Rosto Super Stay 30H 48,Maybelline,emb. 1 un,"€13,99/un","€13,99/un"
Pó Bronzeador Glam La Terra 04,L'Oréal Paris,emb. 1 un,"€13,89/un","€13,89/un"
Pó Matificante Accord Parfait True Mach Le Poudre Sable D5,L'Oréal Paris,emb. 1 un,"€13,49/un","€13,49/un"
Polidor de Unhas 4 Funções,Jean Louis David,emb. 1 un,"€4,18/un","€4,18/un"
Batom Lasting Finish Kate Moss 01,Rimmel,emb. 1 un,"€6,74/un","€6,74/un"
Base de Rosto Super Stay 30H 31,Maybelline,emb. 1 un,"€11,59/un","€11,59/un"
Batom Líquido Rouge Signature Matte Savor Pink 109,L'Oréal Paris,emb. 1 un,"€10,49/un","€10,49/un"
Lápis de Sobrancelhas Tattoo Brow 36H 05,Maybelline,emb. 1 un,"€5,99/un","€5,99/un"
Lápis de Olhos Tattoo Liner Gel 901,Maybelline,emb. 1 un,"€7,49/un","€7,49/un"
Batom Líquido Brilliant Signature Plumping 400,L'Oréal Paris,emb. 1 un,"€8,99/un","€8,99/un"
Lima de Unhas em Cartão Fina,Jean Louis David,emb. 1 un,"€4,18/un","€2,09/un"
Batom Color Riche Rose Tendre 303,L'Oréal Paris,emb. 1 un,"€11,61/un","€11,61/un"
Batom Líquido Brilliant Signature 302,L'Oréal Paris,emb. 1 un,"€10,49/un","€10,49/un"
Afia Lápis 3 Diâmetros,Jean Louis David,emb. 1 un,"€4,87/un","€4,87/un"
Raspador para Pedicure,Jean Louis David,emb. 1 un,"€4,07/un","€4,07/un"
Eyeliner Matte Signature Emeraude 04,L'Oréal Paris,emb. 1 un,"€13,99/un","€13,99/un"
Batom Líquido Rouge Signature Matte 113,L'Oréal Paris,emb. 1 un,"€10,49/un","€10,49/un"
Verniz de Unhas Lilacism 37,Essie,"emb. 13,5 ml","€9,99/un","€9,99/un"
Batom Super Stay Ink Spiced 340,Maybelline,emb. 1 un,"€7,19/un","€7,19/un"
Base de Rosto Fit Me Matte & Poreless Classic Beige 245,Maybelline,emb. 1 un,"€9,99/un","€9,99/un"
Pó Bronzeador City Bronzer Medium Dark 250,Maybelline,emb. 1 un,"€12,99/un","€12,99/un"
Lápis de Sobrancelhas Brow Extension Blonde 01,Maybelline,emb. 1 un,"€7,49/un","€7,49/un"
Base de Rosto Super Stay 30H 22,Maybelline,emb. 1 un,"€11,59/un","€11,59/un"
Eyeliner Matte Signature Marron 03,L'Oréal Paris,emb. 1 un,"€11,19/un","€11,19/un"
Base de Rosto Fit Me Matte & Poreless Rich Tan 238,Maybelline,emb. 1 un,"€9,99/un","€9,99/un"
Batom SuperStay Ink Crayon 115,Maybelline,emb. 1 un,"€7,11/un","€7,11/un"
Batom Líquido SuperStay Matte Ink Lover 15,Maybelline,emb. 1 un,"€6,29/un","€6,29/un"
Lápis de Sobrancelhas Brow Extension Soft Brown 02,Maybelline,emb. 1 un,"€7,49/un","€7,49/un"
Máscara de Pestanas Colossal Go Extreme Black,Maybelline,emb. 1 un,"€8,89/un","€8,89/un"
Lápis de Olhos e Sobrancelhas Profissional 1,Rimmel,emb. 1 un,"€4,86/un","€4,86/un"
Pó Compacto Fit Me Matte & Poreless Ivory 115,Maybelline,emb. 1 un,"€4,95/un","€4,95/un"
Batom SuperStay Ink Crayon Hustle In Heels 45,Maybelline,emb. 1 un,"€7,11/un","€7,11/un"
Batom Super Stay Ink Spiced 335,Maybelline,emb. 1 un,"€7,19/un","€7,19/un"
Batom Color Riche 179,L'Oréal Paris,emb. 1 un,"€11,73/un","€11,73/un"
Batom Líquido Rouge Signature Matte 116,L'Oréal Paris,emb. 1 un,"€10,49/un","€10,49/un"
Batom Líquido SuperStay Matte Ink Voyager 50,Maybelline,emb. 1 un,"€6,29/un","€6,29/un"
Verniz de Unhas Laquered Up 62,Essie,"emb. 13,5 ml","€9,99/un","€9,99/un"
Batom Líquido Rouge Signature Matte 112,L'Oréal Paris,emb. 1 un,"€10,49/un","€10,49/un"
Lima 2 em 1,Jean Louis David,emb. 1 un,"€4,05/un","€4,05/un"
Pó Compacto Fit Me Matte & Poreless Buff Beige 130,Maybelline,emb. 1 un,"€10,29/un","€10,29/un"
Lápis de Olhos Tattoo Liner Bold Brown 910,Maybelline,emb. 1 un,"€7,49/un","€7,49/un"
Batom Crayon Mate Infaillible Lip Crayon,L'Oréal Paris,emb. 1 un,"€10,49/un","€10,49/un"
Batom Color Riche 183,L'Oréal Paris,emb. 1 un,"€11,73/un","€11,73/un"
Base de Rosto Infaillible 24h Fresh Wear 320,L'Oréal Paris,emb. 30 ml,"€11,59/un","€11,59/un"
Batom Infaillible Matte Lip Crayon 112,L'Oréal Paris,emb. 1 un,"€10,49/un","€10,49/un"
Lápis de Sobrancelhas Satin Duo 02,Maybelline,emb. 1 un,"€5,99/un","€5,99/un"
Eyeliner Matte Signature Blue 02,L'Oréal Paris,emb. 1 un,"€10,99/un","€10,99/un"
Lápis de Sobrancelhas Brow Extension Deep Brown 06,Maybelline,emb. 1 un,"€7,49/un","€7,49/un"
Batom Color Riche 112,L'Oréal Paris,emb. 1 un,"€11,61/un","€11,61/un"
Base de Rosto Super Stay 30H 10,Maybelline,emb. 1 un,"€10,79/un","€10,79/un"
Verniz de Unhas Bacheloret 30,Essie,"emb. 13,5 ml","€9,99/un","€9,99/un"
Verniz de Unhas Expressie 190,Essie,emb. 1 un,"€10,99/un","€10,99/un"
Base de Rosto Fit Me Matte & Poreless Nude 118,Maybelline,emb. 1 un,"€8,29/un","€8,29/un"
Verniz de Unhas Go Overboard 106,Essie,"emb. 13,5 ml","€9,99/un","€9,99/un"
Batom Líquido Brilliant Signature 306,L'Oréal Paris,emb. 1 un,"€10,49/un","€10,49/un"
Lip Gloss Brilliant Siganture Plumping 412,L'Oréal Paris,emb. 1 un,"€8,99/un","€8,99/un"
Batom Color Riche 174,L'Oréal Paris,emb. 1 un,"€11,73/un","€11,73/un"
Batom Líquido SuperStay Matte Ink Soloist 140,Maybelline,emb. 1 un,"€7,86/un","€7,86/un"
Verniz de Unhas Demeure Vix 40,Essie,"emb. 13,5 ml","€9,99/un","€9,99/un"
Batom SuperStay Ink Crayon Stay Exceptional 25,Maybelline,emb. 1 un,"€7,11/un","€7,11/un"
Lápis de Olhos Tattoo Liner Deep Teal 921,Maybelline,emb. 1 un,"€7,49/un","€7,49/un"
Batom Super Stay Ink Spiced 320,Maybelline,emb. 1 un,"€7,19/un","€7,19/un"
Batom Color Riche Berry Blush 258,L'Oréal Paris,emb. 1 un,"€9,89/un","€9,89/un"
Máscara de Sobrancelhas Tattoo Brow Gel Ink 02,Maybelline,emb. 1 un,"€7,69/un","€7,69/un"
Batom Super Stay Ink Spiced 325,Maybelline,emb. 1 un,"€7,19/un","€7,19/un"
Batom Color Riche 129,L'Oréal Paris,emb. 1 un,"€11,61/un","€11,61/un"
Batom Color Riche 125,L'Oréal Paris,emb. 1 un,"€11,61/un","€11,61/un"
Batom Color Riche 119,L'Oréal Paris,emb. 1 un,"€11,61/un","€11,61/un"
Batom Color Riche 176,L'Oréal Paris,emb. 1 un,"€11,73/un","€11,73/un"
Base de Rosto Super Stay 30H 30,Maybelline,emb. 1 un,"€11,29/un","€11,29/un"
Base de Rosto Accord Parfait R5,L'Oréal Paris,emb. 1 un,"€11,59/un","€11,59/un"
Verniz de Unhas Gel Couture Bubbles Only 345,Essie,"emb. 13,5 ml","€13,99/un","€13,99/un"
Sombra de Olhos Color Queen,L'Oréal Paris,emb. 1 un,"€5,39/un","€5,39/un"
Batom Color Riche 114,L'Oréal Paris,emb. 1 un,"€11,61/un","€11,61/un"
Verniz de Unhas Expressie 10,Essie,emb. 1 un,"€10,99/un","€10,99/un"
Verniz de Unhas Gel Couture Sew Me 30,Essie,"emb. 13,5 ml","€13,99/un","€13,99/un"
Verniz de Unhas Limo Scene 8,Essie,"emb. 13,5 ml","€9,99/un","€9,99/un"
Corretor Infaillible More Than Concealer Bisque 325,L'Oréal Paris,emb. 1 un,"€8,99/un","€8,99/un"
Verniz de Unhas Forever Yummi 57,Essie,"emb. 13,5 ml","€9,99/un","€9,99/un"
Verniz de Unhas Gel Couture Rock The Runway 270,Essie,"emb. 13,5 ml","€13,99/un","€13,99/un"
Lápis de Olhos Tattoo Liner Smokey Black,Maybelline,emb. 1 un,"€6,89/un","€6,89/un"
Verniz de Unhas Fiji 14,Essie,"emb. 13,5 ml","€9,99/un","€9,99/un"
Pincel de Rosto para Acabamento 1413,Real Techniques,emb. 1 un,"€6,99/un","€6,99/un"
Eyeliner Infaillible Gel 01,L'Oréal Paris,emb. 1 un,"€9,99/un","€9,99/un"
Batom Líquido Ultra Matte Les Chocolats,L'Oréal Paris,emb. 1 un,"€8,29/un","€8,29/un"
Sombra de Olhos Color Queen 16,L'Oréal Paris,emb. 1 un,"€6,99/un","€6,99/un"
Verniz de Unhas Expressie 380,Essie,emb. 1 un,"€10,99/un","€10,99/un"
Verniz de Unhas Lady Like 101,Essie,"emb. 13,5 ml","€9,99/un","€9,99/un"
Base de Rosto Fit Me Matte & Poreless Warm Tan 334,Maybelline,emb. 1 un,"€7,69/un","€7,69/un"
Verniz de Unhas Gel Couture Sizzling Hot 470,Essie,"emb. 13,5 ml","€13,99/un","€13,99/un"
Batom Líquido Ultra Mate Les Chocolats,L'Oréal Paris,emb. 1 un,"€8,29/un","€8,29/un"
Verniz de Unhas Eternal Optimist 23,Essie,"emb. 13,5 ml","€9,99/un","€9,99/un"
Verniz de Unhas Too Too Hot 63,Essie,"emb. 13,5 ml","€9,99/un","€9,99/un"
Verniz de Unhas Spaghetti 16,Essie,"emb. 13,5 ml","€9,99/un","€9,99/un"
Máscara de Pestanas Colossal à Prova de Água 36 Horas,Maybelline,emb. 1 un,"€7,49/un","€7,49/un"
Verniz de Unhas Muchi Muchi 17,Essie,"emb. 13,5 ml","€9,99/un","€9,99/un"
Corretor Infaillible More Than Concealer 330,L'Oréal Paris,emb. 1 un,"€8,99/un","€8,99/un"
Corretor Touche Magique Golden Sable 4-7D,L'Oréal Paris,emb. 1 un,"€9,74/un","€9,74/un"
Lápis de Sobrancelhas Professional 001 Dark Brown,Rimmel,emb. 1 un,"€4,86/un","€4,86/un"
Pó Bronzeador Re-Loaded Long Weekend,Revolution,emb. 1 un,"€3,99/un","€3,99/un"
Base de Rosto Conceal & Define Foundation F5,Revolution,emb. 1 un,"€9,99/un","€9,99/un"
Lip Gloss Brilliant Signature Plumping 416,L'Oréal Paris,emb. 1 un,"€8,99/un","€8,99/un"
Palete Sombras de Olhos Re-Loaded,Revolution,emb. 1 un,"€6,50/un","€6,50/un"
Verniz de Unhas Pearly White 4,Essie,"emb. 13,5 ml","€9,99/un","€9,99/un"
Verniz de Unhas Bahama Mama 44,Essie,"emb. 13,5 ml","€9,99/un","€9,99/un"
Verniz de Unhas Expressie 100,Essie,emb. 1 un,"€10,99/un","€10,99/un"
Batom Infaillible Lip Crayon 116,L'Oréal Paris,emb. 1 un,"€10,49/un","€10,49/un"
Anti-Olheiras Hide The Blemish 004 Beige,Rimmel,emb. 1 un,"€6,36/un","€6,36/un"
Palete Sombras de Olhos Re-Loaded Visionary,Revolution,emb. 1 un,"€5,99/un","€5,99/un"
Corretor Infaillible More Than Concealer 324,L'Oréal Paris,emb. 1 un,"€8,99/un","€8,99/un"
Batom Lasting Finish Drop Sherry 058,Rimmel,emb. 1 un,"€6,74/un","€6,74/un"
Lip Gloss Oh My Gloss Glossaholic 150,Rimmel,emb. 1 un,"€7,49/un","€7,49/un"
Batom Infaillible Lip Crayon 111,L'Oréal Paris,emb. 1 un,"€10,49/un","€10,49/un"
Batom Infaillible Lip Crayon 106,L'Oréal Paris,emb. 1 un,"€10,49/un","€10,49/un"
Máscara de Sobrancelhas Plump & Set Brunette 105,L'Oréal Paris,emb. 1 un,"€8,99/un","€8,99/un"
Batom Color Riche Intense Volume 640,L'Oréal Paris,emb. 1 un,"€11,99/un","€11,99/un"
Verniz de Unhas Cocktail 203,Essie,"emb. 13,5 ml","€9,99/un","€9,99/un"
Base de Rosto Lasting Finish Soft Beige 200,Rimmel,emb. 1 un,"€11,24/un","€11,24/un"
Base de Rosto Instant Perfector 03,Maybelline,emb. 1 un,"€14,99/un","€14,99/un"
Batom Color Riche Intense Volume 480,L'Oréal Paris,emb. 1 un,"€11,99/un","€11,99/un"
Corretor Infaillible More Than Concealer 328.5,L'Oréal Paris,emb. 1 un,"€8,99/un","€8,99/un"
Batom Infaillible Macaron 820,L'Oréal Paris,emb. 1 un,"€8,79/un","€8,79/un"
Base de Rosto Accord Parfait 1.5N,L'Oréal Paris,emb. 1 un,"€13,24/un","€13,24/un"
Verniz de Unhas 60 Seconds Neon Fest 322,Rimmel,emb. 1 un,"€4,19/un","€4,19/un"
Pó Compacto Fresh Wear 24h 130,L'Oréal Paris,emb. 1 un,"€10,79/un","€10,79/un"
Batom SuperStay Ink Crayon Own Your Empire 50,Maybelline,emb. 1 un,"€7,11/un","€7,11/un"
Máscara de Pestanas The Colossal Curl Bounce,Maybelline,emb. 1 un,"€10,99/un","€10,99/un"
Eyeliner Cat Eye,L'Oréal Paris,emb. 1 un,"€8,79/un","€8,79/un"
Bolsa Homem Preta,Jean Louis David,emb. 1 un,"€14,83/un","€14,83/un"
Base de Rosto Instant Perfector 01,Maybelline,emb. 1 un,"€14,99/un","€14,99/un"
Iluminador Re-Loaded Raise the Bar,Revolution,emb. 1 un,"€3,99/un","€3,99/un"
Batom Infailible Les Chocolats 864,L'Oréal Paris,emb. 1 un,"€10,49/un","€10,49/un"
Batom Infaillible X3 Corail Constant 404,L'Oréal Paris,emb. 1 un,"€9,89/un","€9,89/un"
Corretor SuperStay 30h Nº30,Maybelline,emb. 1 un,"€7,49/un","€7,49/un"
Máscara de Pestanas Lash Paradise Waterproof,L'Oréal Paris,emb. 1 un,"€8,19/un","€8,19/un"
Pó e Base 2 em 1 Infaillible 24h Fresh Wear 130,L'Oréal Paris,emb. 1 un,"€10,99/un","€10,99/un"
Palete Sombras de Olhos Forever Flawless Chilled With Cannabis,Revolution,emb. 1 un,"€11,99/un","€11,99/un"
Palete Sombras de Olhos Re-Loaded Iconic Fever,Revolution,emb. 1 un,"€6,50/un","€6,50/un"
Palete Sombras de Olhos Re-Loaded Sugar Pie,Revolution,emb. 1 un,"€6,50/un","€6,50/un"
Verniz de Unhas Tart Deco 74,Essie,"emb. 13,5 ml","€9,99/un","€9,99/un"
Verniz de Unhas Thigh High 52,Essie,"emb. 13,5 ml","€9,99/un","€9,99/un"
Pó Bronzeador Re-Loaded Holiday Romance,Revolution,emb. 1 un,"€3,99/un","€3,99/un"
Corretor Touche Magique Rose Porcelain 1-2R,L'Oréal Paris,emb. 1 un,"€9,74/un","€9,74/un"
Máscara de Pestanas Wonderful Waterproof,Rimmel,emb. 1 un,"€9,36/un","€9,36/un"
Batom Color Riche Intense Volume 602,L'Oréal Paris,emb. 1 un,"€11,99/un","€11,99/un"
Palete de Rosto Contour & Highlight,Revolution,emb. 1 un,"€12,99/un","€12,99/un"
Primer Rosto Hydrate,Revolution,emb. 1 un,"€7,49/un","€7,49/un"
Máscara de Pestanas Big Lash Waterproof Volume,Revolution,emb. 1 un,"€5,99/un","€5,99/un"
Base de Rosto Conceal & Define Foundation F4,Revolution,emb. 1 un,"€9,99/un","€9,99/un"
Máscara de Pestanas Colossal Big Shot Black,Maybelline,emb. 1 un,"€7,49/un","€7,49/un"
Máscara Scandal'Eyes Reloaded,Rimmel,emb. 1 un,"€8,24/un","€8,24/un"
Corretor SuperStay 30h Nº20,Maybelline,emb. 1 un,"€7,49/un","€7,49/un"
Pó Bronzeador Glam La Terra Bronze 02,L'Oréal Paris,emb. 1 un,"€13,89/un","€13,89/un"
Pó Matificante Accord Parfait True Mach Le Poudre Sable D5,L'Oréal Paris,emb. 1 un,"€13,49/un","€13,49/un"
Base de Rosto Infaillible Matte Cover 200,L'Oréal Paris,emb. 1 un,"€8,79/un","€8,79/un"
Corretor Accord Parfait 2N,L'Oréal Paris,emb. 1 un,"€8,99/un","€8,99/un"
Máscara de Sobrancelhas Plump & Set Dark Brunette 108,L'Oréal Paris,emb. 1 un,"€8,99/un","€8,99/un"
Base de Rosto Lasting Finish Latte 410,Rimmel,emb. 1 un,"€11,24/un","€11,24/un"
Pincel de Maquilhagem para Blush HD,Jean Louis David,emb. 1 un,"€13,53/un","€13,53/un"
Máscara de Pestanas Wonderfully Real Preto 001,Rimmel,emb. 1 un,"€9,36/un","€9,36/un"
Batom Color Riche Intense Volume 187,L'Oréal Paris,emb. 1 un,"€11,99/un","€11,99/un"
Máscara de Pestanas Air Mega Volume,L'Oréal Paris,emb. 1 un,"€8,89/un","€8,89/un"
Sombra de Olhos Color Queen 19,L'Oréal Paris,emb. 1 un,"€6,99/un","€6,99/un"
Pincel de Maquilhagem para Pó,Jean Louis David,emb. 1 un,"€12,30/un","€12,30/un"
Corretor Superstay 30h 25,Maybelline,emb. 1 un,"€9,99/un","€9,99/un"
Máscara de Pestanas Bambi Oversized Eye Balck,L'Oréal Paris,emb. 1 un,"€10,99/un","€10,99/un"
Máscara de Pestanas Volume Million Lashes Extra Black,L'Oréal Paris,emb. 1 un,"€11,59/un","€11,59/un"
Corretor Accord Parfait,L'Oréal Paris,emb. 1 un,"€8,99/un","€8,99/un"
Verniz de Unhas 60 Seconds Queen of Tarts 315,Rimmel,emb. 1 un,"€4,19/un","€4,19/un"
Lápis de Olhos Soft Kohl Jet Black 061,Rimmel,emb. 1 un,"€4,86/un","€4,86/un"
Pó Compacto Infaillible Fresh Wear 24h 245,L'Oréal Paris,emb. 1 un,"€17,99/un","€17,99/un"
Lip Gloss Oh My Gloss Ooh La La 500,Rimmel,emb. 1 un,"€7,49/un","€7,49/un"
Sombra de Olhos Color Queen 32,L'Oréal Paris,emb. 1 un,"€5,39/un","€5,39/un"
Verniz de Unhas Big Spende 33,Essie,"emb. 13,5 ml","€9,99/un","€9,99/un"
Corretor Infaillible More Than Concealer 331,L'Oréal Paris,emb. 1 un,"€8,99/un","€8,99/un"
Batom Infaillible Matte Lip Crayon 105,L'Oréal Paris,emb. 1 un,"€10,49/un","€10,49/un"
Verniz de Unhas 60 Seconds 703 White Hot Love,Rimmel,emb. 1 un,"€4,19/un","€4,19/un"
Máscara de Pestanas Wonderfully Real Preto 001,Rimmel,emb. 1 un,"€9,36/un","€9,36/un"
Pó Bronzeador Mega Bronzer Warm 02,Revolution,emb. 1 un,"€4,99/un","€4,99/un"
Primer Rosto Pore Blur,Revolution,emb. 1 un,"€7,49/un","€7,49/un"
Base de Rosto Instant Perfector 04,Maybelline,emb. 1 un,"€14,99/un","€14,99/un"
Batom Color Riche Flamingo 136,L'Oréal Paris,emb. 1 un,"€11,62/un","€11,62/un"
Batom Rouge Signature 107,L'Oréal Paris,emb. 1 un,"€10,49/un","€10,49/un"
Máscara de Pestanas Volume Million Lashes Black,L'Oréal Paris,emb. 1 un,"€10,99/un","€10,99/un"
Palete Sombra Olhos Bare All Pressed Pigment-Raw,W7,emb. 1 un,"€3,49/un","€3,49/un"
Máscara de Pestanas Lash Paradise Moonlight 02,L'Oréal Paris,emb. 1 un,"€8,79/un","€8,79/un"
Corretor Touche Magique Natural Beige 3-5N,L'Oréal Paris,emb. 1 un,"€9,74/un","€9,74/un"
Pincel de Maquilhagem para Esfumar,Jean Louis David,emb. 1 un,"€5,79/un","€5,79/un"
Batom Color Riche Intense Volume 346,L'Oréal Paris,emb. 1 un,"€11,99/un","€11,99/un"
Corretor Infaillible More Than Concealer 328,L'Oréal Paris,emb. 1 un,"€8,99/un","€8,99/un"
Iluminador High Re-Loaded Dare to Divulge,Revolution,emb. 1 un,"€3,99/un","€3,99/un"
Verniz de Unhas Mezmerised 93,Essie,"emb. 13,5 ml","€9,99/un","€9,99/un"
Pincel de Maquilhagem para Base Pro HD,Jean Louis David,emb. 1 un,"€13,53/un","€13,53/un"
Corretor Instant Eraser Anti-Idade Ivory 00,Maybelline,emb. 1 un,"€7,49/un","€7,49/un"
Base de Rosto Lasting Finish 25H 100 Ivory,Rimmel,emb. 1 un,"€11,24/un","€11,24/un"
Spray Fixador Maquilhagem Hyaluronic Fix,Revolution,emb. 1 un,"€8,99/un","€8,99/un"
Máscara de Pestanas 5D Lash,Revolution,emb. 1 un,"€9,99/un","€9,99/un"
Base de Rosto Lasting Finish Founadtion 25H 303 True Nude,Rimmel,emb. 1 un,"€11,24/un","€11,24/un"
Base de Rosto Accord Parfait 6.N,L'Oréal Paris,emb. 1 un,"€11,59/un","€11,59/un"
BB Cream Wult 02,L'Oréal Paris,emb. 1 un,"€9,74/un","€9,74/un"
Palete Sombras de Olhos Forever Flawless Regal Romance,Revolution,emb. 1 un,"€12,99/un","€12,99/un"
Batom Líquido Matte Bomb Fancy Pink,Revolution,emb. 1 un,"€6,99/un","€6,99/un"
Palete de Rosto Ultra Sculpt & Contour Light/Medium 04,Revolution,emb. 1 un,"€5,99/un","€5,99/un"
Verniz de Unhas 60 340 Seconds Berries,Rimmel,emb. 1 un,"€4,19/un","€4,19/un"
Batom Color Riche Intense Volume 188,L'Oréal Paris,emb. 1 un,"€11,99/un","€11,99/un"
Adesivos de Rosto Brilho Desert Rose,Shrine,emb. 1 un,"€6,99/un","€6,99/un"
Batom Rouge Signature 106,L'Oréal Paris,emb. 1 un,"€10,49/un","€10,49/un"
Palete Sombras de Olhos Forever Flawless Spirituality,Revolution,emb. 1 un,"€12,99/un","€12,99/un"
Palete Sombras de Olhos Re-Loaded Affection,Revolution,emb. 1 un,"€5,99/un","€5,99/un"
Corretor Infaillible More Than Concealer 344,L'Oréal Paris,emb. 1 un,"€8,99/un","€8,99/un"
Base de Rosto Skin Paradise Medium 01,L'Oréal Paris,emb. 1 un,"€9,74/un","€9,74/un"
Verniz de Unhas 60 Seconds Lose Linger 203,Rimmel,emb. 1 un,"€4,19/un","€4,19/un"
Base de Rosto Match Perfection Ivpry 100,Rimmel,emb. 30 ml,"€11,61/un","€11,61/un"
Verniz de Unhas 60 Seconds Clear 740,Rimmel,emb. 1 un,"€4,19/un","€4,19/un"
Batom Color Riche Intense Volume 603,L'Oréal Paris,emb. 1 un,"€11,99/un","€11,99/un"
Sombra de Olhos Color Queen 26,L'Oréal Paris,emb. 1 un,"€5,49/un","€5,49/un"
Corretor SuperStay 30h Nº15,Maybelline,emb. 1 un,"€7,49/un","€7,49/un"
Corretor Infaillible More Than Concealer 325,L'Oréal Paris,emb. 1 un,"€8,99/un","€8,99/un"
Corretor Infaillible More Than Concealler 334,L'Oréal Paris,emb. 1 un,"€8,99/un","€8,99/un"
Base de Rosto Infaillible Matte Cover 155,L'Oréal Paris,emb. 1 un,"€8,79/un","€8,79/un"
Base de Rosto Infaillible Matte Cover 320,L'Oréal Paris,emb. 1 un,"€10,49/un","€10,49/un"
Base de Rosto Match Perfection Foundation 203 True Beige,Rimmel,emb. 1 un,"€11,61/un","€11,61/un"
Corretor Superstay 30h 20,Maybelline,emb. 1 un,"€9,99/un","€9,99/un"
Spray Fixador Maquilhagem Base Fix,Revolution,emb. 1 un,"€7,99/un","€7,99/un"
Spray Fixador Maquilhagem Base Fix,Revolution,emb. 100 ml,"€7,99/un","€7,99/un"
Batom Infaillible X3 Red 506,L'Oréal Paris,emb. 1 un,"€10,79/un","€10,79/un"
Eyeliner Perfect Slim Intense Black 01,L'Oréal Paris,emb. 1 un,"€11,24/un","€11,24/un"
Verniz de Unhas Sand Tropez 79,Essie,"emb. 13,5 ml","€9,99/un","€9,99/un"
Batom Brilliant Signature Plump 402,L'Oréal Paris,emb. 1 un,"€8,99/un","€8,99/un"
Verniz de Unhas 60 Seconds 500 Caramel Cupcake,Rimmel,emb. 1 un,"€4,19/un","€4,19/un"
Verniz de Unhas Expressie 340,Essie,emb. 1 un,"€10,99/un","€10,99/un"
BB Cream Wult 05,L'Oréal Paris,emb. 1 un,"€9,74/un","€9,74/un"
Eyeliner Scandal'Eyes Waterproof Preto,Rimmel,emb. 1 un,"€7,49/un","€7,49/un"
Eyeliner Líquido Glam'Eyes Professional,Rimmel,emb. 1 un,"€5,24/un","€5,24/un"
Pó Bronzeador Mega Bronzer Cool 01,Revolution,emb. 1 un,"€4,99/un","€4,99/un"
Primer Rosto Mattiffy,Revolution,emb. 1 un,"€7,49/un","€7,49/un"
Base de Rosto Instant Perfector 02,Maybelline,emb. 1 un,"€14,99/un","€14,99/un"
Batom Rouge Signature 114,L'Oréal Paris,emb. 1 un,"€9,89/un","€9,89/un"
Batom Infaillible Macaron 834,L'Oréal Paris,emb. 1 un,"€10,49/un","€10,49/un"
Pincel de Rosto para Base Seamless Complexion,Real Techniques,emb. 1 un,"€9,49/un","€9,49/un"
Base de Rosto Infaillible 24h Fresh Wear 20,L'Oréal Paris,emb. 30 ml,"€13,86/un","€13,86/un"
Palete Sombras de Olhos Forever Flawless Bird Paradise,Revolution,emb. 1 un,"€12,99/un","€12,99/un"
Máscara de Pestanas 100% Waterproof Black 001,Rimmel,emb. 1 un,"€7,49/un","€7,49/un"
Máscara de Pestanas Extra Super Lash Long,Rimmel,emb. 1 un,"€7,49/un","€7,49/un"
Máscara de Pestanas Sky High Cosmic,Maybelline,emb. 1 un,"€9,74/un","€9,74/un"
Base de Rosto Infaillible Matte Cover 175,L'Oréal Paris,emb. 1 un,"€9,39/un","€9,39/un"
Batom Infaillible Les Chocolats 852,L'Oréal Paris,emb. 1 un,"€8,29/un","€8,29/un"
Máscara de Pestanas Lash Paradise Preto,L'Oréal Paris,emb. 1 un,"€8,29/un","€8,29/un"
Palete Sombras de Olhos Forever Flawless Affinity,Revolution,emb. 1 un,"€12,99/un","€12,99/un"
Palete Sombras de Olhos Forever Flawless Allure,Revolution,emb. 1 un,"€12,99/un","€12,99/un"
Máscara de Pestanas Sky High Waterproof Black,Maybelline,emb. 1 un,"€12,99/un","€12,99/un"
Palete Sombras de Olhos Re-Loaded Provocative,Revolution,emb. 1 un,"€6,50/un","€6,50/un"
Sombra de Olhos Color Queen 01,L'Oréal Paris,emb. 1 un,"€5,49/un","€5,49/un"
Máscara de Pestanas Sky High Cosmic,Maybelline,emb. 1 un,"€9,74/un","€9,74/un"
Base de Rosto Infaillible Loose 01,L'Oréal Paris,emb. 1 un,"€11,99/un","€11,99/un"
Eyeliner Infaillible Gel 01,L'Oréal Paris,emb. 1 un,"€9,99/un","€9,99/un"
Corretor Accord Parfait 2R/C,L'Oréal Paris,emb. 1 un,"€8,99/un","€8,99/un"
Lip Gloss Shimmer Bomb Glimmer,Revolution,emb. 1 un,"€5,99/un","€5,99/un"
Lip Gloss Pout Bomb Maxi Plump Glaze,Revolution,emb. 1 un,"€9,99/un","€9,99/un"
Pó Compacto Stay Matte Sand 004,Rimmel,emb. 1 un,"€7,86/un","€7,86/un"
Base de Rosto Match Perfection 200 Soft Beige,Rimmel,emb. 1 un,"€11,61/un","€11,61/un"
Adesivos de Rosto Brilho Rainbow,Shrine,emb. 1 un,"€6,99/un","€6,99/un"
Verniz de Unhas Summer Collection Naughty Nautical 266,Essie,"emb. 13,5 ml","€9,99/un","€9,99/un"
Base de Rosto Fit Me Matte & Poreless Ruff Beige 130,Maybelline,emb. 1 un,"€9,99/un","€9,99/un"
Corretor e Primer Colour,Revolution,emb. 1 un,"€7,49/un","€7,49/un"
Máscara de Pestanas Air Mega Volume 30h,L'Oréal Paris,emb. 1 un,"€14,99/un","€14,99/un"
Corretor SuperStay 30h Nº25,Maybelline,emb. 1 un,"€7,49/un","€7,49/un"
Lip Gloss Oh My Gloss Snog 330,Rimmel,emb. 1 un,"€7,49/un","€7,49/un"
Pó Compacto Infaillible Fresh Wear 24h 180,L'Oréal Paris,emb. 1 un,"€17,99/un","€17,99/un"
Corretor Instant Eraser Anti-Idade Sand 07,Maybelline,emb. 1 un,"€7,49/un","€7,49/un"
Base de Rosto Fit Me Matte & Poreless Ivory 115,Maybelline,emb. 1 un,"€7,69/un","€7,69/un"
Base de Rosto Infaillinle Matte Cover 330,L'Oréal Paris,emb. 1 un,"€10,49/un","€10,49/un"
Pincel de Maquilhagem Precision HD,Jean Louis David,emb. 1 un,"€5,79/un","€5,79/un"
Batom Color Riche Intense Volume 482,L'Oréal Paris,emb. 1 un,"€11,99/un","€11,99/un"
Pó Compacto Stay Matte 006,Rimmel,emb. 1 un,"€7,86/un","€7,86/un"
Lip Gloss Bomb Plumping Kiss,Revolution,emb. 1 un,"€5,99/un","€748,75/lt"
Sombra de Olhos Color Queen 20,L'Oréal Paris,emb. 1 un,"€6,99/un","€6,99/un"
Coffret Calendário do Advento,Nivea,emb. 1 un,"€32,49/un","€32,49/un"
"Coffret ""Sou Versátil"" + Oferta Mini Pincel",Maybelline,emb. 1 un,"€17,03/un","€17,03/un"
"Coffret ""Sou Ousada"" + Oferta Mini Pincel",L'Oréal Paris,emb. 1 un,"€23,63/un","€23,63/un"
"Coffret ""Sou Confiante"" + Oferta Mini Pincel",Maybelline,emb. 1 un,"€17,03/un","€17,03/un"
Coffret Cellular Luminous,Nivea,emb. 1 un,"€37,04/un","€37,04/un"
Coffret Óleos Essenciais,Soft&Co,emb. 1 un,"€18,74/un","€18,74/un"
Máquina de Barbear Labs + Gel de Barbear com Estojo de Viagem,Gillette,emb. 1 un,"€36,99/un","€36,99/un"
Coffret Barril Captain Desodorizante Stick + Gel de Banho + Aftershave,Old Spice,emb. 1 un,"€29,99/un","€29,99/un"
Coffret Girl Boss,Nivea,emb. 1 un,"€23,00/un","€23,00/un"
Coffret Q10,Nivea,emb. 1 un,"€23,00/un","€23,00/un"
Máquina de Barbear Style Master King C,Gillette,emb. 1 un,"€29,99/un","€29,99/un"
Aparador Barba com 3 Pentes King C,Gillette,emb. 1 un,"€26,24/un","€26,24/un"
Eau de Parfum Senhora nº 82,Caravan,emb. 30 ml,"€4,99/un","€166,33/lt"
Coffret Senhora Perfume Nº1,Caravan,emb. 150 ml + 30 ml,"€12,99/un","€72,17/lt"
Coffret King C Máquina de Barbear + 5 Recargas + Gel de Barbear + Gel de Limpeza Rosto,Gillette,emb. 1 un,"€27,99/un","€27,99/un"
Colónia Homem Lavanda,Ach.Brito,emb. 200 ml,"€13,19/un","€65,95/lt"
Eau de Toilette Senhora Sweet Dream,Shakira,emb. 80 ml,"€23,99/un","€299,88/lt"
Água de Colónia,Natural Honey,emb. 750 ml,"€5,61/un","€7,48/lt"
Perfume Homem Blue Seduction,Antonio Banderas,emb. 100 ml,"€25,99/un","€259,90/lt"
Eau de Toilette Homem Captain,Old Spice,emb. 100 ml,"€7,49/un","€74,90/lt"
Eau de Toilette Senhora Iris Luminoso nº 3,Victorio & Lucchino,emb. 150 ml,"€11,99/un","€79,93/lt"
Eau de Parfum Senhora nº 1,Caravan,emb. 150 ml,"€11,99/un","€79,93/lt"
Eau de Parfum Senhora nº 36,Caravan,emb. 150 ml,"€11,99/un","€79,93/lt"
Eau de Toilette Homem Dark Temptation,Axe,emb. 50 ml,"€7,52/un","€150,40/lt"
Eau de Parfum Senhora nº 28,Caravan,emb. 30 ml,"€4,99/un","€166,33/lt"
Eau de Parfum Senhora nº 43,Caravan,emb. 150 ml,"€11,99/un","€79,93/lt"
Eau de Toilette Homem Original,Denim,emb. 100 ml,"€6,49/un","€64,90/lt"
Eau de Parfum Homem nº 66,Caravan,emb. 150 ml,"€11,99/un","€79,93/lt"
Eau de Toilette Homem Original Brut,Brut,emb. 100 ml,"€14,99/un","€149,90/lt"
Eau de Parfum Senhora nº 23,Caravan,emb. 150 ml,"€11,99/un","€79,93/lt"
Eau de Parfum Homem nº 61,Caravan,emb. 150 ml,"€11,99/un","€79,93/lt"
Eau de Toilette Homem Original,Old Spice,emb. 100 ml,"€7,49/un","€74,90/lt"
Eau de Toilette Homem Frescor Extremo nº 2,Victorio & Lucchino,emb. 150 ml,"€11,99/un","€79,93/lt"
Eau de Toilette Senhora Absolute Me,B.U.,emb. 50 ml,"€9,96/un","€199,20/lt"
Eau de Parfum Homem nº 15,Caravan,emb. 150 ml,"€11,99/un","€79,93/lt"
Eau de Toilette Homem Red Code,STR8,emb. 50 ml,"€10,99/un","€219,80/lt"
Eau de Parfum Homem nº 20,Caravan,emb. 150 ml,"€11,99/un","€79,93/lt"
Eau de Toilette Homem Black,Denim,emb. 100 ml,"€6,49/un","€64,90/lt"
Eau de Parfum Senhora nº 37,Caravan,emb. 150 ml,"€11,99/un","€79,93/lt"
Eau de Parfum Senhora nº 24,Caravan,emb. 150 ml,"€11,99/un","€79,93/lt"
Eau de Parfum Senhora J'Aime,Elode,emb. 100 ml,"€6,74/un","€67,40/lt"
Eau de Parfum Senhora nº 26,Caravan,emb. 150 ml,"€11,99/un","€79,93/lt"
Eau de Parfum Homem nº 11,Caravan,emb. 150 ml,"€11,99/un","€79,93/lt"
Eau de Parfum Senhora nº 26,Caravan,emb. 100 ml,"€7,95/un","€79,50/lt"
Eau de Parfum Senhora Paris Dream,Ulric de Varens,emb. 100 ml,"€11,43/un","€114,30/lt"
Eau de Toilette Senhora Explosión Cítrica nº 7,Victorio & Lucchino,emb. 150 ml,"€11,99/un","€79,93/lt"
Eau de Parfum Homem nº 18,Caravan,emb. 150 ml,"€11,99/un","€79,93/lt"
Eau de Parfum Senhora nº 8,Caravan,emb. 150 ml,"€11,99/un","€79,93/lt"
Eau de Parfum Senhora nº 43,Caravan,emb. 100 ml,"€7,95/un","€79,50/lt"
Eau de Parfum Homem nº 19,Caravan,emb. 150 ml,"€11,99/un","€79,93/lt"
Eau de Toilette Senhora Peonia Imperial nº 4,Victorio & Lucchino,emb. 150 ml,"€11,99/un","€79,93/lt"
Eau de Parfum Homem nº 14,Caravan,emb. 30 ml,"€4,99/un","€166,33/lt"
Eau de Parfum Senhora nº 3,Caravan,emb. 150 ml,"€11,99/un","€79,93/lt"
Eau de Toilette Senhora Heartbeat,B.U.,emb. 50 ml,"€9,96/un","€199,20/lt"
Eau de Parfum Homem nº 54,Caravan,emb. 150 ml,"€11,99/un","€79,93/lt"
Eau de Parfum Senhora Musk Sexy,Ulric de Varens,emb. 30 ml,"€7,27/un","€242,33/lt"
Eau de Parfum Senhora nº 27,Caravan,emb. 150 ml,"€11,99/un","€79,93/lt"
Eau de Parfum Senhora nº 38,Caravan,emb. 150 ml,"€11,99/un","€79,93/lt"
Eau de Toilette Homem Evasión Exótica nº 4,Victorio & Lucchino,emb. 150 ml,"€11,99/un","€79,93/lt"
Eau de Toilette Homem Version Black,Ulric de Varens,emb. 100 ml,"€11,32/un","€113,20/lt"
Eau de Parfum Senhora nº 34,Caravan,emb. 150 ml,"€11,99/un","€79,93/lt"
Eau de Toilette Senhora Rosa Fresca nº 2,Victorio & Lucchino,emb. 150 ml,"€11,99/un","€79,93/lt"
Eau de Toilette Senhora Jazmin Exótico nº 5,Victorio & Lucchino,emb. 150 ml,"€11,99/un","€79,93/lt"
Eau de Parfum Senhora nº 2,Caravan,emb. 150 ml,"€11,99/un","€79,93/lt"
Eau de Parfum Senhora nº 30,Caravan,emb. 150 ml,"€11,99/un","€79,93/lt"
Eau de Parfum Homem nº 55,Caravan,emb. 150 ml,"€11,99/un","€79,93/lt"
Eau de Parfum Homem nº 12,Caravan,emb. 150 ml,"€11,99/un","€79,93/lt"
Eau de Parfum Senhora nº 82,Caravan,emb. 150 ml,"€11,99/un","€79,93/lt"
Eau de Toilette Homem Água Frescor nº7,Victorio & Lucchino,emb. 150 ml,"€11,99/un","€79,93/lt"
Eau de Toilette Senhora Pasión Tropical nº 9,Victorio & Lucchino,emb. 150 ml,"€11,99/un","€79,93/lt"
Eau de Toilette Pure Game,Adidas,emb. 100 ml,"€11,99/un","€119,90/lt"
Eau de Parfum Senhora Claire,Elode,emb. 100 ml,"€6,74/un","€67,40/lt"
Eau de Toilette Exotic Sun,Ulric de Varens,emb. 30 ml,"€7,27/un","€242,33/lt"
Eau de Parfum Senhora nº 2,Caravan,emb. 30 ml,"€4,99/un","€166,33/lt"
Eau de Parfum Senhora,Elode,emb. 100 ml,"€6,74/un","€67,40/lt"
Eau de Toilette Homem Night,Ulric de Varens,emb. 60 ml,"€7,58/un","€126,33/lt"
Eau de Parfum Senhora nº 1,Caravan,emb. 100 ml,"€7,95/un","€79,50/lt"
Eau de Parfum Senhora Mini Love,Ulric de Varens,emb. 25 ml,"€4,36/un","€174,40/lt"
Perfume Homem Após Barba,Tabac,emb. 200 ml,"€7,49/un","€37,45/lt"
Eau de Parfum Senhora Mini Pink,Ulric de Varens,emb. 25 ml,"€4,36/un","€174,40/lt"
Eau de Parfum Senhora Mojito Love,Ulric de Varens,emb. 30 ml,"€7,27/un","€242,33/lt"
Eau de Parfum Homem nº 57,Caravan,emb. 100 ml,"€7,95/un","€79,50/lt"
Eau de Parfum Senhora nº 24,Caravan,emb. 100 ml,"€7,95/un","€79,50/lt"
Eau de Toilette Homem Black,Ulric de Varens,emb. 60 ml,"€7,58/un","€126,33/lt"
Fragrância Spray Corporal Cherry Blossom Moment,MyLabel,emb. 55 ml,"€2,99/un","€54,36/lt"
Eau de Parfum Senhora nº 44,Caravan,emb. 30 ml,"€4,99/un","€166,33/lt"
Eau de Parfum Senhora nº 43,Caravan,emb. 30 ml,"€4,99/un","€166,33/lt"
Spray Corporal Luxe Bouquet Moment,MyLabel,emb. 55 ml,"€2,99/un","€54,36/lt"
Eau de Toilette Senhora Hidden Paradise,B.U.,emb. 50 ml,"€9,96/un","€199,20/lt"
Perfume Homem nº 66,Caravan,emb. 100 ml,"€7,95/un","€79,50/lt"
Eau de Parfum Homem nº 13,Caravan,emb. 150 ml,"€11,99/un","€79,93/lt"
Eau de Toilette Senhora Fairy's Secret,B.U.,emb. 50 ml,"€9,96/un","€199,20/lt"
Perfume Homem Black Seduction,Antonio Banderas,emb. 100 ml,"€25,99/un","€259,90/lt"
Eau de Toilette Homem King Seduction Absolute,Antonio Banderas,emb. 100 ml,"€25,99/un","€259,90/lt"
Eau de Toilette Senhora Her Secret Desire,Antonio Banderas,emb. 80 ml,"€24,99/un","€312,38/lt"
Eau de Toilette Senhora Dance Midnight,Shakira,emb. 80 ml,"€23,99/un","€299,88/lt"
Eau de Parfum Senhora nº46,Caravan,emb. 150 ml,"€11,99/un","€79,93/lt"
Eau de Toilette Senhora Lilly,Corine de Farme,emb. 50 ml,"€9,99/un","€199,80/lt"
Eau de Parfum Homem nº 16,Caravan,emb. 150 ml,"€11,99/un","€79,93/lt"
Perfume Senhora Mini Sexy,Ulric de Varens,emb. 25 ml,"€4,36/un","€174,40/lt"
Eau de Parfum Homem nº 61,Caravan,emb. 30 ml,"€4,99/un","€166,33/lt"
Colónia Senhora Coconut Temptation,Women'secret,emb. 40 ml,"€13,99/un","€349,75/lt"
Colónia Senhora Berry Temptation,Women'secret,emb. 40 ml,"€13,99/un","€349,75/lt"
Eau de Parfum Homem nº 70,Caravan,emb. 30 ml,"€4,99/un","€166,33/lt"
Eau de Parfum Senhora Varensia White,Ulric de Varens,emb. 50 ml,"€10,69/un","€213,80/lt"
Eau de Parfum Homem nº 57,Caravan,emb. 150 ml,"€11,99/un","€79,93/lt"
Eau de Parfum Senhora Rêve de Varens,Ulric de Varens,emb. 50 ml,"€10,69/un","€213,80/lt"
Eau de Parfum Senhora nº 1,Caravan,emb. 30 ml,"€4,99/un","€166,33/lt"
Eau de Parfum Homem nº 61,Caravan,emb. 100 ml,"€7,95/un","€79,50/lt"
Eau de Toilette Senhora Queen Lively Muse,Antonio Banderas,emb. 80 ml,"€24,99/un","€312,38/lt"
Eau de Parfum Homem nº 54,Caravan,emb. 30 ml,"€4,99/un","€166,33/lt"
Eau de Toilette Homem King of Seduction,Antonio Banderas,emb. 100 ml,"€25,99/un","€259,90/lt"
Eau de Parfum Senhora nº 40,Caravan,emb. 150 ml,"€11,99/un","€79,93/lt"
Eau de Toilette Senhora Wild,B.U.,emb. 50 ml,"€9,96/un","€199,20/lt"
Eau de Parfum Senhora nº 44,Caravan,emb. 150 ml,"€11,99/un","€79,93/lt"
Eau de Parfum Senhora nº 35,Caravan,emb. 150 ml,"€11,99/un","€79,93/lt"
Eau de Toilette Senhora Azahar Radiante nº 1,Victorio & Lucchino,emb. 150 ml,"€11,99/un","€79,93/lt"
Eau de Parfum Senhora nº 42,Caravan,emb. 150 ml,"€11,99/un","€79,93/lt"
Eau de Parfum Homem nº 13,Caravan,emb. 100 ml,"€7,95/un","€79,50/lt"
Eau de Parfum Senhora nº 28,Caravan,emb. 150 ml,"€11,99/un","€79,93/lt"
Eau de Toilette Senhora nº49,Caravan,emb. 150 ml,"€11,99/un","€79,93/lt"
Eau de Toilette Homem Power Seduction,Antonio Banderas,emb. 100 ml,"€25,99/un","€259,90/lt"
Eau de Toilette Homem Version Wood,Ulric de Varens,emb. 100 ml,"€11,32/un","€113,20/lt"
Eau de Parfum Senhora nº 31,Caravan,emb. 150 ml,"€11,99/un","€79,93/lt"
Eau de Parfum Senhora nº48,Caravan,emb. 150 ml,"€11,99/un","€79,93/lt"
Eau de Parfum Senhora Mini Beauty,Ulric de Varens,emb. 25 ml,"€4,36/un","€174,40/lt"
Eau de Parfum Senhora Paris Chic,Ulric de Varens,emb. 100 ml,"€11,43/un","€114,30/lt"
Eau de Parfum Homem nº 70,Caravan,emb. 150 ml,"€11,99/un","€79,93/lt"
Eau de Parfum Senhora nº 39,Caravan,emb. 150 ml,"€11,99/un","€79,93/lt"
Eau de Parfum Senhora nº 22,Caravan,emb. 30 ml,"€4,99/un","€166,33/lt"
Eau de Parfum Senhora nº 23,Caravan,emb. 30 ml,"€4,99/un","€166,33/lt"
Eau de Toilette Homem Wild,Ulric de Varens,emb. 60 ml,"€7,58/un","€126,33/lt"
Eau de Toilette Homem Ice Dive,Adidas,emb. 100 ml,"€11,99/un","€119,90/lt"
Eau de Parfum Senhora nº 22,Caravan,emb. 150 ml,"€11,99/un","€79,93/lt"
Eau de Parfum Homem nº 12,Caravan,emb. 30 ml,"€4,99/un","€166,33/lt"
Eau de Parfum Senhora nº 30,Caravan,emb. 30 ml,"€4,99/un","€166,33/lt"
Eau de Parfum Homem nº 55,Caravan,emb. 30 ml,"€4,99/un","€166,33/lt"
Eau de Parfum Senhora nº 24,Caravan,emb. 30 ml,"€4,99/un","€166,33/lt"
Eau de Toilette Senhora Queen of Seduction,Antonio Banderas,emb. 80 ml,"€24,99/un","€312,38/lt"
Eau de Parfum Senhora nº 27,Caravan,emb. 30 ml,"€4,99/un","€166,33/lt"
Eau de Parfum Senhora nº 42,Caravan,emb. 30 ml,"€4,99/un","€166,33/lt"
Eau de Parfum Senhora nº 21,Caravan,emb. 30 ml,"€4,99/un","€166,33/lt"
Eau de Parfum Senhora nº 47,Caravan,emb. 30 ml,"€4,99/un","€166,33/lt"
Eau de Parfum Senhora nº 35,Caravan,emb. 30 ml,"€4,99/un","€166,33/lt"
Eau de Parfum Homem nº 16,Caravan,emb. 30 ml,"€4,99/un","€166,33/lt"
Eau de Toilette FR34K,STR8,emb. 50 ml,"€10,99/un","€219,80/lt"
"Coffret Aftershave, Gel de Banho e Bolsa",Denim,emb. 1 un,"€17,99/un","€17,99/un"
Eau de Parfum Homem nº 15,Caravan,emb. 30 ml,"€4,99/un","€166,33/lt"
Coffret Romantique Eau de Toilette e Roll-on,Caravan,emb. 1 un,"€10,95/un","€99,55/lt"
Eau de Parfum Homem nº 66,Caravan,emb. 30 ml,"€4,99/un","€166,33/lt"
Coffret Fleurs Paraside Eau de Toilette e Roll-on,Caravan,emb. 1 un,"€10,95/un","€99,55/lt"
"Coffret King C Gel de Limpeza, Bálsamo, Pente e Bolsa",Gillette,emb. 1 un,"€23,19/un","€23,19/un"
Eau de Parfum Senhora nº 7,Caravan,emb. 30 ml,"€4,99/un","€166,33/lt"
Eau de Parfum Homem nº 11,Caravan,emb. 30 ml,"€4,99/un","€166,33/lt"
Coffret Sabonetes Lavanda e Jasmim,Ach.Brito,emb. 4 x 100 gr,"€14,50/un","€14,50/un"
Coffret de Homem Perfume N56,Cravan,emb. 150 ml + 30 ml,"€12,99/un","€72,17/lt"
Coffret Men Sensitive Pro Ultra Calming,Nivea,emb. 1 un,"€24,64/un","€24,64/un"
Coffret Men Boost,Nivea,emb. 1 un,"€23,84/un","€23,84/un"
"Coffret Original Gel de Banho, Desodorizante, Creme e Bolsa",Dove,emb. 1 un,"€20,99/un","€20,99/un"
"Coffret Men Extra Fresh Gel de Banho, Desodorizante, Sabonete e Bolsa",Dove,emb. 1 un,"€19,99/un","€19,99/un"
Coffret Sabonetes Monoi da Polinésia,Ach.Brito,emb. 4 x 100 gr,"€14,50/un","€14,50/un"
"Coffret Apollo Desodorizante, Gel de Banho, Cera e Bolsa",Axe,emb. 1 un,"€24,99/un","€24,99/un"
Coffret Team Force Gel de Banho e Desodorizante,Adidas,emb. 1 un,"€14,99/un","€14,99/un"
Coffret Sabonetes Pinho,Ach.Brito,emb. 2 un x 100 gr,"€12,50/un","€62,50/kg"
Palete Sombras de Olhos Re-Loaded,Revolution,emb. 1 un,"€6,50/un","€6,50/un"
Eau de Toilette Homem Action,Umbro,emb. 30 ml,"€5,24/un","€174,67/lt"
Coffret Homem Eau de Toilette Nº15,Caravan,emb. 150 ml + 30 ml,"€12,99/un","€72,17/lt"
"Coffret Love Body Loção Corporal, Creme Nutritivo e Creme de Mãos",Dove,emb. 1 un,"€16,24/un","€16,24/un"
Coffret Homem Black Aftershave + Desodorizante + Bolsa,Denim,emb. 1 un,"€17,99/un","€17,99/un"
Palete Sombras de Olhos Re-Loaded Visionary,Revolution,emb. 1 un,"€5,99/un","€5,99/un"
Eau de Toilette Senhora Dance Diamonds,Shakira,emb. 80 ml,"€23,99/un","€299,88/lt"
Coffret Mini Love Eau de Parfum + Spray,Ulric de Varens,emb. 1 un,"€6,74/un","€149,78/lt"
Coffret Protect & Care,Nivea,emb. 1 un,"€23,09/un","€23,09/un"
Coffret Eau de Toilette e Creme de Mãos,Inessance Paris,emb. 1 un,"€14,24/un","€56,96/lt"
Coffret Ibiza Sugarberry Leopard Máquina Depilatória + 1 Recarga,Venus,emb. 1 un,"€14,24/un","€14,24/un"
Coffret Espuma de Banho + Barra de Limpeza + Esponja de Banho,Corine de Farme,emb. 1 un,"€23,99/un","€23,99/un"
Escova Elétrica Kids Frozen com Estojo + 3 Anos,Oral-B,emb. 1 un,"€30,99/un","€30,99/un"
Eau de Toilette Homem Power,Umbro,emb. 30 ml,"€5,24/un","€174,67/lt"
Eau de Parfum Homem nº 57,Caravan,emb. 30 ml,"€4,99/un","€166,33/lt"
Coffret Família,Soft&Co,emb. 1 un,"€14,99/un","€14,99/un"
Coffret Revitalift Filler Antirrugas,L'Oréal Paris,emb. 1 un,"€33,79/un","€33,79/un"
Coffret de Pincéis de Maquilhagem Eye Sparkle,Real Techniques,emb. 1 un,"€18,81/un","€18,81/un"
Coffret Champô Sensitive Cool + Champô Cool Sport Menthol + Oferta Cachecol,Linic,emb. 1 un,"€19,49/un","€19,49/un"
Coffret Princesas Eau de Toilette + Gel de Banho + Acessório,Corine de Farme,emb. 1 un,"€16,99/un","€16,99/un"
Palete Sombras de Olhos Forever Flawless Chilled With Cannabis,Revolution,emb. 1 un,"€11,99/un","€11,99/un"
Palete Sombras de Olhos Re-Loaded Iconic Fever,Revolution,emb. 1 un,"€6,50/un","€6,50/un"
Palete Sombras de Olhos Re-Loaded Sugar Pie,Revolution,emb. 1 un,"€6,50/un","€6,50/un"
"Coffret Men Clean Comfort Gel de Banho, Desodorizante e Bolsa",Dove,emb. 1 un,"€22,99/un","€22,99/un"
Batom Disney Frozen,Labello,emb. 1 un,"€3,49/un","€3,49/un"
Coffret Ice Dive Gel de Banho e Desodorizante,Adidas,emb. 1 un,"€14,99/un","€14,99/un"
Coffret Água de Colónia + Bolhas Sabonetes,Pocoyo,emb. 1 un,"€13,90/un","€13,90/un"
Escova Elétrica Kids Cars com Estojo + 3 Anos,Oral-B,emb. 1 un,"€23,24/un","€23,24/un"
Eau de Parfum Senhora nº 37,Caravan,emb. 30 ml,"€4,99/un","€166,33/lt"
Coffret Men Cool Kick Fresh,Nivea,emb. 1 un,"€15,39/un","€15,39/un"
Coffret Terre D'Evasion + Gel de Banho,Inessance Paris,emb. 1 un,"€14,99/un","€14,99/un"
Coffret Sabonetes Rosa Moderna,Ach.Brito,emb. 4 x 100 gr,"€14,50/un","€14,50/un"
Coffret Cuidados de Corpo Lata,Nivea,emb. 1 un,"€12,99/un","€12,99/un"
"Coffret Black Desodorizante, Gel de Banho, Aftershave e Bolsa",Axe,emb. 1 un,"€25,99/un","€25,99/un"
Coffret Banheira Dourada,,emb. 1 un,"€12,99/un","€12,99/un"
Coffret Captain Desodorizante e Gel de Banho,Old Spice,emb. 1 un,"€9,99/un","€9,99/un"
Coffret Poker WhiteWater,Old Spice,emb. 1 un,"€29,99/un","€29,99/un"
Coffret Captain Desodorizante Stick + Gel de Banho + Aftershave + Bolsa,Old Spice,emb. 1 un,"€24,99/un","€24,99/un"
Eau de Toilette Senhora Move Your Spirit,Reebok,emb. 100 ml,"€14,99/un","€149,90/lt"
Eau de Parfum Senhora nº 80,Caravan,emb. 30 ml,"€4,99/un","€166,33/lt"
Eau de Parfum Senhora nº 31,Caravan,emb. 30 ml,"€4,99/un","€166,33/lt"
Coffret Deep Sea Desodorizante e Gel de Banho,Old Spice,emb. 1 un,"€9,99/un","€9,99/un"
Coffret de Pincéis de Maquilhagem Starry,Real Techniques,emb. 1 un,"€14,72/un","€14,72/un"
Coffret 5 Sabonetes,Nally,emb. 1 un,"€11,90/un","€158,67/kg"
Coffret Version Black Perfume e Desodorizante,Ulric de Varens,emb. 1 un,"€10,12/un","€40,48/lt"
Água de Colónia Cítrica,MyLabel,emb. 750 ml,"€1,45/un","€1,93/lt"
"Coffret Original Aftershave, Desodorizante e Bolsa",Denim,emb. 1 un,"€8,10/un","€8,10/un"
Coffret Mini Pink Eau de Parfum e Purse Spray,Ulric de Varens,emb. 1 un,"€6,74/un","€149,78/lt"
Coffret So Lovely Eau de Parfum + Loção Corporal,Elode,emb. 1 un,"€10,00/un","€10,00/un"
Eau de Toilette Senhora Cool Your Body,Reebok,emb. 100 ml,"€14,99/un","€149,90/lt"
Eau de Toilette Homem Ice,Umbro,emb. 30 ml,"€5,24/un","€174,67/lt"
Coffret Men Sensitive,Nivea,emb. 1 un,"€24,64/un","€24,64/un"
"Coffret Dark Temptation Gel de Banho, Aftershave, Cera e Bolsa",Axe,emb. 1 un,"€27,99/un","€27,99/un"
Eau de Parfum Homem nº 13,Caravan,emb. 30 ml,"€4,99/un","€166,33/lt"
Coffret Perfume Cash,La Rive,emb. 1 un,"€10,72/un","€10,72/un"
Palete Sombras de Olhos Forever Flawless Regal Romance,Revolution,emb. 1 un,"€12,99/un","€12,99/un"
"Coffret Nature Gel de Banho, Loção Corporal e Creme de Mãos",Dove,emb. 1 un,"€15,59/un","€15,59/un"
Máquina de Barbear Labs + 4 Recargas com Estojo de Viagem,Gillette,emb. 1 un,"€44,99/un","€44,99/un"
Perfume Homem Ice,Umbro,emb. 100 ml,"€8,99/un","€89,90/lt"
Coffret Freak Eau de Toilette + Desodorizante + Mochila,STR8,emb. 1 un,"€15,00/un","€15,00/un"
Coffret Cars Eau de Toilette + Disco Voador,Corine de Farme,emb. 1 un,"€16,99/un","€16,99/un"
Coffret Homem Perfom Desodorizante + Gel de Banho + Champô + Bolsa,Denim,emb. 1 un,"€17,99/un","€17,99/un"
Palete Sombras de Olhos Forever Flawless Spirituality,Revolution,emb. 1 un,"€12,99/un","€12,99/un"
Palete Sombras de Olhos Re-Loaded Affection,Revolution,emb. 1 un,"€5,99/un","€5,99/un"
Coffret Wild Eau de Toilette e Desodorizante,Ulric de Varens,emb. 1 un,"€12,74/un","€42,47/lt"
Coffret Partilhe o Cuidado,Nivea,emb. 1 un,"€15,78/un","€15,78/un"
Coffret Acessórios Banho,Belle Luxury,emb. 1 un,"€14,24/un","€14,24/un"
Coffret Água Micelar + Desmaquilhante + Exfoliante,Bioten,emb. 1 un,"€8,99/un","€8,99/un"
Eau de Toilette Homem Black Metal Box,Denim,emb. 100 ml,"€7,79/un","€77,90/lt"
Eau de Parfum Senhora nº 39,Caravan,emb. 30 ml,"€4,99/un","€166,33/lt"
Água de Colónia Lavanda,Continente,emb. 750 ml,"€1,45/un","€1,93/lt"
Coffret For Men Eau de Toilette e Desdodorizante,Ulric de Varens,emb. 1 un,"€12,74/un","€42,47/lt"
Coffret Nivea Naturally Good,Nivea,emb. 1 un,"€13,64/un","€13,64/un"
Eau de Toilette Trendy,B.U.,emb. 50 ml,"€8,64/un","€172,80/lt"
Coffret Original Desodorizante e Gel de Banho,Denim,emb. 1 un,"€8,99/un","€8,99/un"
Coffret Homem Black Eau de Toilette e Desodorizante,Ulric de Varens,emb. 1 un,"€5,95/un","€19,83/lt"
Colónia de Lavanda,Ach.Brito,emb. 100 ml,"€24,00/un","€240,00/lt"
Coffret Fairy's Secret Eau de Toilette + Desodorizante,B.U.,emb. 150 ml,"€9,89/un","€9,89/un"
Coffret Men Deep,Nivea,emb. 1 un,"€20,79/un","€20,79/un"
Coffret Homem Black Gel de Banho + Desodorizante,Denim,emb. 1 un,"€8,99/un","€8,99/un"
Coffret Royal Ginger,Ach.Brito,emb. 2 un x 160 gr,"€8,50/un","€26,56/kg"
Coffret Red Code Eau de Toilette + Desodorizante,STR8,emb. 1 un,"€15,00/un","€15,00/un"
Coffret Yes I Do Eau de Parfum + Loção Corporal,Elode,emb. 1 un,"€10,00/un","€10,00/un"
Coffret One Love Eau de Toilette + Desodorizante,B.U.,emb. 150 ml,"€9,89/un","€9,89/un"
Coffret Keratin Champô + Máscara + Protetor Calor,Tresemmé,emb. 1 un,"€15,59/un","€15,59/un"
Coffret Leçon de Séduction Eau de Toilette + Creme de Mãos,Inessance Paris,emb. 1 un,"€14,24/un","€14,24/un"
Coffret Batman Eau de Toilette + Disco Voador,Corine de Farme,emb. 1 un,"€16,99/un","€16,99/un"
Palete Sombras de Olhos Forever Flawless Bird Paradise,Revolution,emb. 1 un,"€12,99/un","€12,99/un"
Coffret Cuidado Intensivo,Nivea,emb. 1 un,"€12,51/un","€12,51/un"
Coffret Essential Pele Normal,Nivea,emb. 1 un,"€15,01/un","€15,01/un"
Coffret Homem Aftershave + Gel de Barbear + Pincel,Denim,emb. 1 un,"€7,69/un","€7,69/un"
Coffret Homem Night Eau de Toilette e Desodorizante Black,Ulric de Varens,emb. 1 un,"€12,74/un","€12,74/un"
Palete Sombras de Olhos Forever Flawless Affinity,Revolution,emb. 1 un,"€12,99/un","€12,99/un"
Palete Sombras de Olhos Forever Flawless Allure,Revolution,emb. 1 un,"€12,99/un","€12,99/un"
Palete Sombras de Olhos Re-Loaded Provocative,Revolution,emb. 1 un,"€6,50/un","€6,50/un"
Eau de Toilette Homem Energy,Umbro,emb. 30 ml,"€5,24/un","€174,67/lt"
Perfume Homem Power,Umbro,emb. 100 ml,"€8,99/un","€89,90/lt"
Fragrância Spray Corporal Verbena,Coquette,emb. 200 ml,"€3,95/un","€19,75/lt"
Fragrância Spray Corporal Citrus,Coquette,emb. 200 ml,"€3,95/un","€19,75/lt"
Coffret Absolute Me Eau de Toilette + Desodorizante + Gorro,B.U.,emb. 1 un,"€14,99/un","€14,99/un"
Coffret Vitamina C com Creme de Dia + Máscara,Bioten,emb. 1 un,"€9,89/un","€9,89/un"
Coffret Leçon de Séduction,Inessance Paris,emb. 1 un,"€14,24/un","€14,24/un"
Coffret Eros Eau de Toilette e Gel de Banho,Inessance Paris,emb. 1 un,"€14,24/un","€35,60/lt"
"Coffret Silk Gel de Banho, Desodorizante, Creme e Bolsa",Dove,emb. 1 un,"€26,99/un","€26,99/un"
Coffret Atlântico Colónia + Sabonete,Ach.Brito,emb. 1 un,"€30,00/un","€30,00/un"
Coffret Essential Pele Sensível,Nivea,emb. 1 un,"€15,01/un","€15,01/un"
Coffret Wolfthorn Desodorizante e Gel de Banho,Old Spice,emb. 1 un,"€9,99/un","€9,99/un"
Eau de Toilette Love,B.U.,emb. 50 ml,"€8,64/un","€172,80/lt"
Coffret Original Desodorizante Stick + Aftershave,Old Spice,emb. 1 un,"€16,99/un","€16,99/un"
Coffret Mini Kit de Viagem King C,Gillette,emb. 1 un,"€15,99/un","€15,99/un"
Coffret Esponjas de Maquilhagem Sugar Plum Blends,Real Techniques,emb. 1 un,"€6,82/un","€6,82/un"
Coffret de Pincéis de Maquilhagem Ready Set Glow,Real Techniques,emb. 1 un,"€5,73/un","€5,73/un"
Coffret Heartbeat Eau de Toilette + Desodorizante + Gorro,B.U.,emb. 1 un,"€14,99/un","€14,99/un"
Coffret Elvive Hidra Hialurónico Sérum + Oferta Champô,Elvive L'Oréal Paris,emb. 1 un,"€8,79/un","€8,79/un"
Coffret Avengers Eau de Toilette + Disco Voador,Corine de Farme,emb. 1 un,"€16,99/un","€16,99/un"
Coffret Cellular,Nivea,emb. 1 un,"€28,01/un","€28,01/un"
"Coffret Triangular Rosegold Gel de Banho, Loção Corporal e Puff",Bloomfield,emb. 1 un,"€4,20/un","€4,20/un"
Máquina de Barbear Labs Black & Gold,Gillette,emb. 1 un,"€25,99/un","€25,99/un"
Coffret Gel Detox + Água Micelar,Bioten,emb. 1 un,"€8,99/un","€8,99/un"
Coffret Breeze Spa Canárias Máquina Depilatória e 3 Recargas,Venus,emb. 1 un,"€14,24/un","€14,24/un"
Resguardo Cama 60 x 90 cm,Continente,emb. 20 un,"€6,89/un","€0,34/un"
Pensos Higiénicos Cottonlike Normal com Abas,Evax,emb. 16 un,"€2,59/un","€0,16/un"
Pensos Higiénicos Cottonlike Noite com Abas,Evax,emb. 18 un,"€4,24/un","€0,24/un"
Pensos Higiénicos Cottonlike Super com Abas,Evax,emb. 12 un,"€2,59/un","€0,22/un"
Cuecas Incontinência Sense & Care Super M,Continente,emb. 14 un,"€12,49/un","€0,89/un"
Pensos Diários Salvaslip Normal,Evax,emb. 108 un,"€3,74/un","€0,03/un"
Pensos Higiénicos Comfort Normal com Abas,Continente,emb. 32 un,"€2,29/un","€0,07/un"
Pensos Higiénicos Cottonlike Normal com Abas,Evax,emb. 64 un,"€7,91/un","€0,12/un"
Pensos Incontinência Super,Continente,emb. 28 un,"€5,99/un","€0,21/un"
Fraldas Incontinência Elásticos Air Dry Dermo Maxi L,Lindor,emb. 46 un,"€22,99/un","€0,50/un"
Cuecas Incontinência Sense & Care Super L,Continente,emb. 14 un,"€12,49/un","€0,89/un"
Resguardo Cama 90 x 180 cm,Continente,emb. 20 un,"€10,99/un","€0,55/un"
Pensos Diários Comfort Normal,Continente,emb. 64 un,"€1,69/un","€0,03/un"
Pensos Diários Salvaslip Maxi,Evax,emb. 72 un,"€4,99/un","€0,07/un"
Pensos Higiénicos Comfort Super com Abas,Continente,emb. 28 un,"€2,29/un","€0,08/un"
Pensos Higiénicos Comfort Noite com Abas,Continente,emb. 10 un,"€1,19/un","€0,12/un"
Pensos Higiénicos Cottonlike Normal Plus com Abas,Evax,emb. 28 un,"€4,24/un","€0,15/un"
Pensos Higiénicos Fina e Segura Normal sem Abas,Evax,emb. 24 un,"€2,79/un","€0,12/un"
Pensos Higiénicos Cottonlike Super Plus com Abas,Evax,emb. 20 un,"€4,99/un","€0,25/un"
Tampão Digital ProComfort Normal,O.b.,emb. 32 un,"€4,89/un","€4,89/un"
Pensos Higiénicos Cottonlike Super com Abas,Evax,emb. 24 un,"€4,99/un","€0,21/un"
Fraldas Incontinência Sense & Care Super L,Continente,emb. 20 un,"€9,99/un","€0,50/un"
Fraldas Incontinência Elásticos Air Dry Dermo Super M,Lindor,emb. 52 un,"€22,99/un","€0,44/un"
Pensos Diários Comfort Maxi,Continente,emb. 52 un,"€1,95/un","€0,04/un"
Pensos Diários Salvaslip Maxi Plus,Evax,emb. 30 un,"€2,99/un","€0,10/un"
Pensos Diários Cotton Feel Normal,Carefree,emb. 44 un,"€2,79/un","€0,06/un"
Pensos Diários Cotton Feel Normal,Carefree,emb. 76 un,"€4,49/un","€0,06/un"
Toalhitas Incontinência Sense & Care,Continente,emb. 50 un,"€2,39/un","€0,05/un"
Pensos Incontinência Sense & Care Extra,Continente,emb. 20 un,"€2,95/un","€0,15/un"
Tampão com Aplicador Compak Super,Tampax,emb. 32 un,"€5,99/un","€0,19/un"
Pensos Diários Salvaslip Fresh Bolsinhas Normal,Evax,emb. 40 un,"€2,39/un","€0,06/un"
Cuecas Incontinência Pants Plus M,Tena,emb. 14 un,"€11,24/un","€11,24/un"
Pensos Diários Maxi,Carefree,emb. 64 un,"€3,59/un","€0,06/un"
Tampão com Aplicador Compak Normal,Tampax,emb. 36 un,"€5,99/un","€0,17/un"
Pensos Diários Cotton Feel Normal Aloé,Carefree,emb. 56 un,"€4,49/un","€4,49/un"
Pensos Diários Cotton Feel Adaptáveis,Carefree,emb. 56 un,"€4,49/un","€4,49/un"
Pensos Higiénicos Liberty Noite com Abas,Evax,emb. 9 un,"€2,99/un","€0,37/un"
Cuecas Incontinência Pants Super L,Tena,emb. 12 un,"€20,79/un","€1,73/un"
Tampão Digital ProComfort Super,O.b.,emb. 32 un,"€4,89/un","€0,15/un"
Pensos Higiénicos Cotton Protection Normal com Abas,Ausonia,emb. 12 un,"€2,54/un","€0,21/un"
Tampão Digital Comfort Normal,Continente,emb. 32 un,"€1,79/un","€0,06/un"
Fraldas Incontinência Slip Super M,Tena,emb. 28 un,"€29,99/un","€1,07/un"
Pensos Diários Comfort Normal,Continente,emb. 44 un,"€1,49/un","€0,03/un"
Gel Higiene Íntima Suave,Continente,emb. 200 ml,"€1,49/un","€7,45/lt"
Fraldas Incontinência Slip Super L,Tena,emb. 28 un,"€29,99/un","€1,07/un"
Pensos Higiénicos Comfort Normal com Abas,Continente,emb. 16 un,"€1,29/un","€0,08/un"
Pensos Higiénicos Ultrafina Super com Abas,Ausonia,emb. 30 un,"€4,20/un","€0,14/un"
Pensos Higiénicos Cotton Protection Noite com Abas,Ausonia,emb. 9 un,"€2,54/un","€0,28/un"
Pensos Higiénicos Cottonlike Noite Extra com Abas,Evax,emb. 16 un,"€4,24/un","€0,27/un"
Pensos Higiénicos Cotton Protection Super com Abas,Ausonia,emb. 10 un,"€2,54/un","€0,25/un"
Fraldas Incontinência Sense & Care Plus M,Continente,emb. 20 un,"€7,29/un","€0,36/un"
Pensos Incontinência Sense & Care Normal,Continente,emb. 24 un,"€3,05/un","€0,13/un"
Pensos Higiénicos Liberty Normal sem Abas,Evax,emb. 12 un,"€2,99/un","€0,25/un"
Pensos Higiénicos Ultrafina Normal com Abas,Ausonia,emb. 24 un,"€4,24/un","€0,11/un"
Pensos Higiénicos Comfort Normal sem Abas,Continente,emb. 32 un,"€2,15/un","€0,07/un"
Pensos Higiénicos Liberty Normal com Abas,Evax,emb. 12 un,"€2,99/un","€0,25/un"
Pensos Higiénicos Fina e Segura Normal com Abas,Evax,emb. 12 un,"€1,79/un","€0,15/un"
Fraldas Incontinência Sense & Care Super M,Continente,emb. 20 un,"€8,99/un","€0,45/un"
Pensos Higiénicos Fina e Segura Maxi sem Abas,Evax,emb. 13 un,"€1,99/un","€0,15/un"
Pensos Diários Salvaslip Normal,Evax,emb. 50 un,"€1,94/un","€0,04/un"
Tampão Digital Comfort Super,Continente,emb. 32 un,"€1,79/un","€0,06/un"
Tampão com Aplicador Pearl Compak Super,Tampax,emb. 16 un,"€3,99/un","€3,99/un"
Pensos Higiénicos Fina e Segura Normal sem Abas,Evax,emb. 16 un,"€1,99/un","€0,12/un"
Pensos Incontinência Sense & Care Mini,Continente,emb. 20 un,"€1,99/un","€0,10/un"
Pensos Higiénicos Cottonlike Normal sem Abas,Evax,emb. 20 un,"€2,59/un","€0,13/un"
Cuecas Incontinência Pants Super M,Tena,emb. 12 un,"€18,65/un","€1,55/un"
Pensos Incontinência Lady Super,Tena,emb. 30 un,"€16,99/un","€0,57/un"
Cuecas Incontinência Pants Plus L,Tena,emb. 14 un,"€12,59/un","€12,59/un"
Toalhitas Íntimas Suaves,Continente,emb. 20 un,"€0,79/un","€0,04/un"
Pensos Diários Comfort Aloé Vera,Continente,emb. 30 un,"€1,49/un","€0,05/un"
Pensos Diários Daily Comfort Normal Tanga,Continente,emb. 36 un,"€1,29/un","€0,04/un"
Cuecas Incontinência Sense & Care Plus M,Continente,emb. 14 un,"€9,99/un","€0,71/un"
Pensos Diários Cotton Protection Normal,Ausonia,emb. 28 un,"€2,24/un","€0,08/un"
Tampão com Aplicador Compak Super,Tampax,emb. 20 un,"€3,99/un","€0,20/un"
Pensos Diários Cotton Feel Adaptáveis,Carefree,emb. 30 un,"€2,49/un","€0,08/un"
Pensos Incontinência Discreet Extra,Tena,emb. 20 un,"€5,59/un","€0,28/un"
Fraldas Incontinência Sense & Care Plus L,Continente,emb. 20 un,"€8,89/un","€0,44/un"
Resguardo Cama 80 x 180 cm (com Abas),Tena,emb. 20 un,"€15,99/un","€0,80/un"
Pensos Diários Daily Comfort Ultra Fino,Continente,emb. 44 un,"€1,49/un","€0,03/un"
Pensos Diários Protegeslip Maxi,Ausonia,emb. 30 un,"€1,49/un","€1,49/un"
Tampão com Aplicador Pearl Compak Super Plus,Tampax,emb. 16 un,"€3,99/un","€3,99/un"
Cuecas Incontinência Pants Plus XL,Tena,emb. 12 un,"€14,99/un","€1,25/un"
Pensos Diários Maxi,Carefree,emb. 36 un,"€2,69/un","€0,07/un"
Gel Higiene Íntima Suave,Corine de Farme,emb. 400 ml,"€4,73/un","€11,83/lt"
Pensos Incontinência Discreet Maxi Noite,Tena,emb. 12 un,"€8,49/un","€0,71/un"
Pensos Higiénicos Liberty Super com Abas,Evax,emb. 10 un,"€2,99/un","€0,33/un"
Pensos Diários Protegeslip Normal,Ausonia,emb. 40 un,"€1,49/un","€0,04/un"
Pensos Higiénicos Fresh & Free Super com Abas,Continente,emb. 28 un,"€3,39/un","€0,12/un"
Pensos Diários Salvaslip Maxi,Evax,emb. 40 un,"€2,99/un","€0,07/un"
Pensos Higiénicos Airdry Noite Extra com Abas,Ausonia,emb. 20 un,"€4,24/un","€4,24/un"
Pensos Diários Maxi Aloé,Carefree,emb. 48 un,"€4,79/un","€0,10/un"
Pensos Diários Comfort Maxi,Continente,emb. 36 un,"€1,69/un","€0,05/un"
Tampão com Aplicador Pearl Super Plus,Tampax,emb. 24 un,"€4,99/un","€0,21/un"
Pensos Higiénicos Ultrafina Noite com Abas,Ausonia,emb. 9 un,"€1,69/un","€0,19/un"
Tampão com Aplicador Comfort Super,Continente,emb. 20 un,"€2,29/un","€0,11/un"
Tampão com Aplicador Compak Lites,Tampax,emb. 24 un,"€3,99/un","€0,17/un"
Gel Higiene Íntima Calêndula,Fresh&Clean,emb. 250 ml,"€3,04/un","€12,16/lt"
Cuecas Incontinência Pants Maxi L,Lindor,emb. 14 un,"€14,88/un","€14,88/un"
Pensos Diários Salvaslip Normal Bolsinhas,Evax,emb. 28 un,"€1,79/un","€0,06/un"
Pensos Higiénicos Ultrafina Super com Abas,Ausonia,emb. 12 un,"€1,69/un","€0,14/un"
Pensos Incontinência Discreet Normal,Ausonia Discreet,emb. 24 un,"€3,89/un","€0,16/un"
Pensos Higiénicos Silk Sensation Normal com Abas,Renova,emb. 14 un,"€1,65/un","€0,12/un"
Cuecas Incontinência Sense & Care Plus S,Continente,emb. 14 un,"€9,99/un","€0,71/un"
Pensos Higiénicos Fresh & Free Normal com Abas,Continente,emb. 32 un,"€3,39/un","€0,11/un"
Tampão com Aplicador Comfort Normal,Continente,emb. 20 un,"€2,29/un","€0,11/un"
Fraldas Incontinência Slip Plus L,Tena,emb. 20 un,"€13,99/un","€0,70/un"
Gel Higiene Íntima Suave,Corine de Farme,emb. 250 ml,"€3,24/un","€12,96/lt"
Fraldas Incontinência Slip Plus M,Tena,emb. 20 un,"€11,99/un","€0,60/un"
Pensos Incontinência Discreet Maxi Noite,Ausonia Discreet,emb. 12 un,"€5,99/un","€0,50/un"
Tampão com Aplicador Cotton Protection Regular,Tampax,emb. 16 un,"€3,94/un","€0,25/un"
Pensos Incontinência Discreet Mini Ultra,Tena,emb. 20 un,"€4,25/un","€0,21/un"
Cuecas Incontinência Discreet Boutique Plus M,Ausonia Discreet,emb. 9 un,"€8,99/un","€1,00/un"
Pensos Incontinência Discreet Normal,Tena,emb. 24 un,"€5,59/un","€0,23/un"
Pensos Diários Cotton Feel Normal,Carefree,emb. 44 un,"€2,69/un","€0,07/un"
Toalhitas Incontinência Dermo,Lindor,emb. 40 un,"€3,59/un","€3,59/un"
Pensos Diários Bolsinhas Normal,Evax,emb. 40 un,"€2,39/un","€0,06/un"
Pensos Incontinência Discreet Extra,Ausonia Discreet,emb. 20 un,"€3,89/un","€0,19/un"
Pensos Higiénicos Ultrafina Normal com Abas,Ausonia,emb. 14 un,"€1,69/un","€0,12/un"
Gel Higiene Íntima Antisséptico Sensitive,Dystron,emb. 400 ml,"€4,29/un","€10,73/lt"
Cuecas Incontinência Silhouette Plus L Creme,Tena,emb. 8 un,"€11,99/un","€1,50/un"
Toalhitas Íntimas Odor Control,Continente,emb. 15 un,"€0,89/un","€0,06/un"
Pensos Incontinência Discreet Maxi,Ausonia Discreet,emb. 16 un,"€5,99/un","€0,37/un"
Fraldas Incontinência L,É Continente,emb. 20 un,"€6,49/un","€0,32/un"
Pensos Higiénicos Sensitive Normal com Abas,Ausonia,emb. 14 un,"€1,69/un","€0,12/un"
Pensos Diários Flexicomfort Ultrafinos,Carefree,emb. 40 un,"€2,89/un","€0,07/un"
Tampão Digital Comfort Mini,Continente,emb. 32 un,"€1,79/un","€0,06/un"
Toalhitas Intímas Sensitive,Dystron,emb. 15 un,"€2,24/un","€0,15/un"
Pensos Higiénicos Cottonlike Normal com Abas,Evax,emb. 32 un,"€4,99/un","€0,16/un"
Pensos Higiénicos Airdry Noite Extra com Abas,Ausonia,emb. 8 un,"€1,69/un","€1,69/un"
Cuecas Incontinência Silhouette Plus M Preto,Tena,emb. 9 un,"€11,99/un","€1,33/un"
Tampão com Aplicador Cotton Protection Super,Tampax,emb. 16 un,"€3,94/un","€0,25/un"
Pensos Diários Daily Free Normal,Continente,emb. 44 un,"€1,99/un","€0,05/un"
Resguardo Cama 60 x 90 cm (com Abas),Lindor,emb. 15 un,"€8,59/un","€8,59/un"
Tampão com Aplicador Pearl Compak Normal,Tampax,emb. 16 un,"€3,99/un","€3,99/un"
Pensos Higiénicos Sensitive Super com Abas,Ausonia,emb. 12 un,"€1,69/un","€0,14/un"
Tampão Digital ProComfort Normal,O.b.,emb. 16 un,"€2,69/un","€0,17/un"
Toalhitas Íntimas Aloé Vera,Fresh&Clean,emb. 20 un,"€2,20/un","€2,20/un"
Tampão com Aplicador Pearl Compak Super,Tampax,emb. 36 un,"€7,99/un","€7,99/un"
Toalhitas Limpeza,Hygie'net,emb. 40 un,"€2,26/un","€2,26/un"
Gel Higiene Íntima Tomilho e Própolis,Fresh&Clean,emb. 250 ml,"€3,04/un","€12,16/lt"
Gel Higiene Íntima para Criança,Corine de Farme,emb. 125 ml,"€2,91/un","€23,28/lt"
Tampão com Aplicador Pearl Compak Normal,Tampax,emb. 36 un,"€7,99/un","€7,99/un"
Pensos Diários Daily Free Maxi,Continente,emb. 36 un,"€1,99/un","€0,06/un"
Pensos Higiénicos Silk Sensation Super com Abas,Renova,emb. 12 un,"€1,65/un","€0,14/un"
Pensos Higiénicos Silk Sensation Normal sem Abas,Renova,emb. 16 un,"€1,65/un","€0,10/un"
Cuecas Incontinência Homem Super L/XL,Depend,emb. 9 un,"€9,79/un","€9,79/un"
Cuecas Incontinência Homem Super S/M,Depend,emb. 10 un,"€9,79/un","€9,79/un"
Cuecas Incontinência Silhouette Plus M Creme,Tena,emb. 9 un,"€11,99/un","€1,33/un"
Pensos Incontinência Discreet Maxi,Tena,emb. 12 un,"€8,49/un","€0,71/un"
Cuecas Incontinência Discreet Boutique Plus M Preto,Ausonia Discreet,emb. 9 un,"€8,99/un","€8,99/un"
Pensos Higiénicos Cottonlike Super Plus com Abas,Evax,emb. 10 un,"€2,59/un","€0,26/un"
Pensos Incontinência Anatómico Plus,Lindor,emb. 20 un,"€8,84/un","€8,84/un"
Toalhitas Íntimas Suaves,Continente,emb. 20 un,"€1,79/un","€0,09/un"
Fraldas Incontinência Sense & Care Plus S,Continente,emb. 14 un,"€5,09/un","€0,36/un"
Cuecas Incontinência Discreet Boutique Plus L,Ausonia Discreet,emb. 8 un,"€8,99/un","€1,00/un"
Cuecas Incontinência Pants Plus L,Lindor,emb. 14 un,"€11,99/un","€11,99/un"
Tampão com Aplicador Compak Normal,Tampax,emb. 22 um,"€3,99/un","€0,18/un"
Cuecas Incontinência Pants Maxi M,Lindor,emb. 14 un,"€12,98/un","€12,98/un"
Cuecas Incontinência Homem L,Lindor,emb. 7 un,"€7,39/un","€1,06/un"
Pensos Incontinência Lady Normal,Tena,emb. 12 un,"€3,19/un","€3,19/un"
Pensos Incontinência Discreet Ultra Mini,Tena,emb. 28 un,"€4,25/un","€0,15/un"
Gel Higiene Íntima Antisséptico DeoProtect,Dystron,emb. 400 ml,"€3,84/un","€9,60/lt"
Fraldas Incontinência Elásticos Air Dry Dermo Super S,Lindor,emb. 40 un,"€16,79/un","€0,42/un"
Gel Higiene Íntima Antisséptico Sensitive,Dystron,emb. 200 ml,"€3,44/un","€17,20/lt"
Tampão com Aplicador Pearl Super,Tampax,emb. 24 un,"€4,99/un","€0,21/un"
Cuecas Incontinência Super S/M,Depend,emb. 10 un,"€9,79/un","€9,79/un"
Toalhitas Íntimas Frescura,Fresh&Clean,emb. 20 un,"€2,20/un","€2,20/un"
Pensos Incontinência Discreet Ultra Dia e Noite,Ausonia Discreet,emb. 12 un,"€7,99/un","€0,67/un"
Pensos Higiénicos CottonLike Normal Plus com Abas,Evax,emb. 14 un,"€2,59/un","€0,19/un"
Gel Higiene Íntima Sensitive Bio,Corine de Farme,emb. 250 ml,"€3,89/un","€15,56/lt"
Pensos Incontinência Discreet Mini Magic,Tena,emb. 34 un,"€4,25/un","€0,13/un"
Pensos Incontinência Maxi Noite,Lindor,emb. 14 un,"€6,49/un","€0,46/un"
Pensos Incontinência Discreet Mini Plus,Ausonia Discreet,emb. 16 un,"€2,99/un","€2,99/un"
Toalhitas Íntimas DeoProtect,Dystron,emb. 15 un,"€2,24/un","€0,15/un"
Tampão com Aplicador Pearl Normal,Tampax,emb. 24 un,"€4,99/un","€0,21/un"
Cuecas Incontinência Homem Discreet L,Continente,emb. 8 un,"€7,49/un","€0,94/un"
Tampão Digital Original Normal,O.b.,emb. 32 un,"€4,89/un","€0,15/un"
Pensos Incontinência Silhouette Mini Preto,Tena,emb. 18 un,"€4,25/un","€4,25/un"
Cuecas Incontinência Discreet Plus L,Ausonia Discreet,emb. 8 un,"€7,49/un","€0,94/un"
Gel Higiene Íntima Iogurte,Fresh&Clean,emb. 200 ml,"€3,04/un","€15,20/lt"
Pensos Incontinência Homem Nível 2,Continente,emb. 10 un,"€1,95/un","€0,20/un"
Pensos Diários Maxi Fresh,Carefree,emb. 36 un,"€2,69/un","€0,07/un"
Gel Higiene Íntima Calmante Biológico,Corine de Farme,emb. 250 ml,"€3,89/un","€15,56/lt"
Pensos Incontinência Homem Nível 0,Tena,emb. 14 un,"€3,99/un","€0,29/un"
Pensos Diários Protegeslip Maxi Plus,Ausonia,emb. 20 un,"€1,49/un","€0,07/un"
Pensos Diários Maxi Plus,Carefree,emb. 20 un,"€1,79/un","€1,79/un"
Pensos Incontinência Discreet Extra,Ausonia Discreet,emb. 10 un,"€2,24/un","€0,22/un"
Pensos Higiénicos CottonLike Noite com Abas,Evax,emb. 9 un,"€2,59/un","€0,29/un"
Gel Higiene Íntima Proteção,Corine de Farme,emb. 250 ml,"€3,24/un","€12,96/lt"
Toalhitas Íntimas Suaves,Corine de Farme,emb. 10 un,"€1,64/un","€0,16/un"
Pensos Incontinência Silhouette Normal Preto,Tena,emb. 26 un,"€4,25/un","€4,25/un"
Pensos Diários Maxi,Carefree,emb. 48 un,"€3,99/un","€3,99/un"
Copo Menstrual,Be Cup,emb. 1 un,"€20,34/un","€20,34/un"
Pensos Incontinência Anatómico Maxi,Lindor,emb. 20 un,"€9,36/un","€9,36/un"
Cuecas Incontinência Super L,Depend,emb. 9 un,"€9,79/un","€9,79/un"
Pensos Higiénicos Fina e Segura Maxi Super com Abas,Evax,emb. 11 un,"€1,99/un","€0,18/un"
Cuecas Incontinência Pants Maxi M,Lindor,emb. 14 un,"€10,18/un","€10,18/un"
Cuecas Incontinência Silhouette Plus L Preto,Tena,emb. 8 un,"€11,99/un","€1,50/un"
Copo Menstrual,Be Cup,emb. 1 un,"€20,34/un","€20,34/un"
Cuecas Incontinência Discreet Normal M Cintura Baixa,Ausonia Discreet,emb. 8 un,"€5,99/un","€0,75/un"
Cuecas Incontinência Homem Discreet M,Continente,emb. 9 un,"€7,49/un","€0,83/un"
Cuecas Incontinência Discreet Plus L,Continente,emb. 8 un,"€7,59/un","€0,95/un"
Cuecas Incontinência Homem M,Lindor,emb. 8 un,"€7,39/un","€0,92/un"
Pensos Higiénicos Cottonlike Noite Extra com Abas,Evax,emb. 8 un,"€2,59/un","€0,32/un"
Pensos Diários Cotton Feel Normal,Carefree,emb. 30 un,"€2,33/un","€0,08/un"
Fraldas Incontinência Elásticos Air Dry Dermo Maxi L,Lindor,emb. 20 un,"€10,99/un","€10,99/un"
Pensos Incontinência Discreet Mini,Ausonia Discreet,emb. 20 un,"€2,99/un","€0,15/un"
Cuecas Incontinência M,Lindor,emb. 8 un,"€7,39/un","€0,92/un"
Fraldas Incontinência Elásticos Air Dry Dermo Super M,Lindor,emb. 20 un,"€9,99/un","€0,50/un"
Pensos Incontinência Homem,Lindor,emb. 14 un,"€4,98/un","€0,36/un"
Pensos Incontinência Discreet Micro,Ausonia Discreet,emb. 28 un,"€2,99/un","€0,11/un"
Gel Higiene Íntima Fresh,Corine de Farme,emb. 250 ml,"€3,89/un","€15,56/lt"
Toalhitas Íntimas Suaves,Corine de Farme,emb. 20 un,"€2,76/un","€0,14/un"
Gel Higiene Íntima Antisséptico DeoProtect,Dystron,emb. 200 ml,"€3,06/un","€15,30/lt"
Gel Higiene Íntima Sensitive Bio,Corine de Farme,emb. 100 ml,"€2,59/un","€25,90/lt"
Pensos Diários Flexicomfort Normal,Carefree,emb. 20 un,"€1,99/un","€1,99/un"
Toalhitas Íntimas Chá Verde e Aloé Vera,Carefree,emb. 20 un,"€3,99/un","€3,99/un"
Fraldas Incontinência M,É Continente,emb. 20 un,"€6,49/un","€0,32/un"
Leite Limpeza 3 em 1,Hygie'net,emb. 500 ml,"€3,89/un","€7,78/lt"
Gel Higiene Íntima Suave Biológico,Corine de Farme,emb. 250 ml,"€3,89/un","€15,56/lt"
Gel Higiene Íntima Chá Verde e Aloé Vera,Carefree,emb. 200 ml,"€4,49/un","€22,45/lt"
Toalhitas Íntimas Frescura,Corine de Farme,emb. 10 un,"€1,64/un","€0,16/un"
Cuecas Incontinência Discreet Normal L Cintura Baixa,Ausonia Discreet,emb. 7 un,"€5,99/un","€0,86/un"
Pensos Diários Cotton Feel Normal,Carefree,emb. 56 un,"€3,99/un","€3,99/un"
Gel de Duche Corpo e Zona Íntima Suave,Corine de Farme,emb. 250 ml,"€3,24/un","€12,96/lt"
Sabonete Sólido Antisséptico Desodorizante,Dystron,emb. 80 gr,"€3,21/un","€40,13/kg"
Pensos Incontinência Homem,Lindor,emb. 14 un,"€4,98/un","€0,36/un"
Pomada Óxido Zinco,Hygie'net,emb. 100 ml,"€3,89/un","€38,90/lt"
Pensos Diários Cotton Feel Normal,Carefree,emb. 20 un,"€1,99/un","€1,99/un"
Pensos Incontinência Discreet Maxi,Ausonia Discreet,emb. 8 un,"€3,74/un","€3,74/un"
Creme Íntimo Hidratante Me&V,Control,emb. 50 ml,"€9,79/un","€195,80/lt"
Pensos Incontinência Normal 3 Gotas,Lindor,emb. 14 un,"€2,19/un","€2,19/un"
Pensos Higiénicos Noite com Abas,Evax,emb. 16 un,"€4,99/un","€4,99/un"
Tampão Digital ProComfort Mini,O.b.,emb. 64 un,"€7,69/un","€0,12/un"
Pensos Higiénicos Normal com Abas,Evax,emb. 22 un,"€4,99/un","€4,99/un"
Pensos Higiénicos Ultrafina Plus Noite com Abas,Ausonia,emb. 10 un,"€2,54/un","€2,54/un"
Tolhitas Íntimas XL Biodegradáveis,Intimus,emb. 60 un,"€2,39/un","€2,39/un"
Pensos Higiénicos Noite Superplus,Ausonia,emb. 9 un,"€1,99/un","€1,99/un"
Creme de Massagem Me&V Protective,Control,emb. 150 ml,"€9,09/un","€60,60/lt"
Pensos Incontinência Mini 2 Gotas,Lindor,emb. 14 un,"€2,04/un","€2,04/un"
Pensos Incontinência Mini Sensitive,Tena,,"€4,79/un","€4,79/un"
Pensos Incontinência Sensitive Long Liner,Tena,emb. 20 un,"€4,79/un","€4,79/un"
Pensos Higiénicos Super com Abas,Evax,emb. 18 un,"€4,99/un","€4,99/un"
Pensos Higiénicos Ultrafina Plus Super com Abas,Ausonia,emb. 14 un,"€2,54/un","€2,54/un"
Spray Íntimo Me&V Refrescante,Control,emb. 100 ml,"€7,69/un","€76,90/lt"
Pensos Incontinência Extra 4 Gotas,Lindor,emb. 14 un,"€2,59/un","€2,59/un"
Pensos Higiénicos Ultrafina Plus Normal com Abas,Ausonia,emb. 16 un,"€2,54/un","€2,54/un"
Recarga de Lâminas Fusion 5,Gillette,emb. 5 un,"€19,99/un","€19,99/un"
Desodorizante Roll On Men Protect & Care,Nivea,emb. 50 ml,"€4,49/un","€89,80/lt"
Desodorizante Spray Men Black & White,Nivea,emb. 150 ml,"€2,79/un","€18,60/lt"
Máquina de Barbear Style Master King C,Gillette,emb. 1 un,"€29,99/un","€29,99/un"
Recarga de Lâminas Fusion 5,Gillette,emb. 11 un,"€33,29/un","€33,29/un"
Desodorizante Spray Men Protect & Care,Nivea,emb. 150 ml,"€2,79/un","€18,60/lt"
Desodorizante Roll On Men Black & White,Nivea,emb. 50 ml,"€2,69/un","€53,80/lt"
Conjunto King C Máquina de Barbear Duplo Gume e 5 Recargas,Gillette,emb. 1 un,"€14,99/un","€14,99/un"
Desodorizante Spray Men Clean Comfort,Dove,emb. 150 ml,"€2,79/un","€18,60/lt"
Recarga de Lâminas Mach 3,Gillette,emb. 5 un,"€14,69/un","€14,69/un"
Desodorizante Roll On Men Clean Comfort,Dove,emb. 50 ml,"€2,79/un","€55,80/lt"
Desodorizante Spray Men Extra Fresh,Dove,emb. 150 ml,"€2,79/un","€18,60/lt"
Aparador Barba com 3 Pentes King C,Gillette,emb. 1 un,"€26,24/un","€26,24/un"
Desodorizante Spray Men Invisible Black & White Clothes,Rexona,emb. 150 ml,"€2,69/un","€17,93/lt"
Desodorizante Spray Men Invisible Ice Fresh,Rexona,emb. 150 ml,"€2,69/un","€17,93/lt"
Desodorizante Spray Dark Temptation,Axe,emb. 150 ml,"€5,99/un","€39,93/lt"
Espuma de Barbear Protect & Care Suave,Nivea,emb. 200 ml,"€3,59/un","€17,95/lt"
Desodorizante Roll On Men Active Protection Invisible,Rexona,emb. 50 ml,"€2,69/un","€53,80/lt"
Champô Homem Controlo de Oleosidade Anticaspa,Linic,emb. 360 ml,"€4,94/un","€13,72/lt"
Champô Homem Cool Sport Mentol Anticaspa,Linic,emb. 360 ml,"€4,94/un","€13,72/lt"
Champô 7 em 1 Anticaspa Ultra Refrescante,H&S,emb. 300 ml,"€4,94/un","€16,47/lt"
Recarga de Lâminas Mach 3,Gillette,emb. 15 un,"€33,29/un","€33,29/un"
Champô Homem Antiqueda Anticaspa,Linic,emb. 360 ml,"€4,94/un","€13,72/lt"
Champô Homem Anticaspa Power,Nivea,emb. 250 ml,"€4,39/un","€17,56/lt"
Recarga de Lâminas Proglide Power,Gillette,emb. 8 un,"€40,99/un","€5,12/un"
Champô Homem Strong Power,Nivea,emb. 250 ml,"€4,39/un","€17,56/lt"
Desodorizante Spray Homem Dry Impact,Nivea,emb. 200 ml,"€2,99/un","€14,95/lt"
Desodorizante Spray Black,Axe,emb. 150 ml,"€5,99/un","€39,93/lt"
Desodorizante Roll On Men Invisible Black & White,Rexona,emb. 50 ml,"€2,69/un","€53,80/lt"
Espuma de Barbear Sensitive,MyLabel,emb. 300 ml,"€1,59/un","€5,30/lt"
Recarga de Lâminas Fusion 5 Power,Gillette,emb. 4 un,"€19,99/un","€19,99/un"
Desodorizante Spray Men Invisible Dry,Dove,emb. 150 ml,"€2,79/un","€18,60/lt"
Desodorizante Roll On Men Expert Shirt Protect,Men Expert,emb. 50 ml,"€2,39/un","€47,80/lt"
Desodorizante Roll On Men Invisible Dry,Dove,emb. 50 ml,"€2,79/un","€55,80/lt"
Desodorizante Spray Men Expert Carbon Protect,Men Expert,emb. 150 ml,"€2,39/un","€15,93/lt"
Champô Alívio da Comichão Limpeza Profunda Anticaspa,H&S,emb. 300 ml,"€4,94/un","€16,47/lt"
Gel de Banho Apollo,Axe,emb. 400 ml,"€5,99/un","€14,98/lt"
Máquina de Barbear Skinguard Sensitive com 2 Recargas,Gillette,emb. 1 un,"€13,99/un","€13,99/un"
Recarga de Lâminas Fusion 5 Power,Gillette,emb. 8 un,"€35,99/un","€35,99/un"
Desodorizante Roll On Men Invisible Protection,MyLabel,emb. 50 ml,"€0,75/un","€15,00/lt"
Gel de Banho Dark Temptation,Axe,emb. 400 ml,"€5,99/un","€14,98/lt"
Máquina de Barbear Fusion 5 com 2 Recargas,Gillette,emb. 1 un,"€11,99/un","€11,99/un"
Espuma de Barbear Skin Ultra Sensitive,Gillette,emb. 240 ml,"€5,99/un","€24,96/lt"
Gel de Banho Black,Axe,emb. 400 ml,"€5,99/un","€14,98/lt"
Desodorizante Spray Fresh Ice Chill,Axe,emb. 150 ml,"€5,99/un","€39,93/lt"
Espuma de Barbear Sensitive,Nivea,emb. 200 ml,"€4,99/un","€24,95/lt"
Lâminas Descartáveis Oscilante com Lubrificação,MyLabel,emb. 10 un,"€1,59/un","€0,16/un"
Gel de Banho 3 em 1 After Sport,Adidas,emb. 400 ml,"€4,99/un","€12,48/lt"
Gel de Banho Men Extra Fresh,Dove,emb. 400 ml,"€2,99/un","€7,48/lt"
Champô Homem Controlo de Oleosidade Anticaspa,Linic,emb. 225 ml,"€3,36/un","€14,93/lt"
Desodorizante Roll On Men Extra Fresh,Dove,emb. 50 ml,"€2,79/un","€55,80/lt"
Desodorizante Roll On Men Dry Impact,Nivea,emb. 50 ml,"€2,99/un","€59,80/lt"
Recarga de Lâminas Fusion 5,Gillette,emb. 8 un,"€28,49/un","€28,49/un"
Desodorizante Roll On Men Invisible Ice,Rexona,emb. 50 ml,"€2,69/un","€53,80/lt"
Gel de Barbear Sensitive,MyLabel,emb. 250 ml,"€1,85/un","€7,40/lt"
Desodorizante Spray Men Zero % Respect & Control,Sanex,emb. 200 ml,"€2,69/un","€13,45/lt"
Gel de Banho Ice Chill,Axe,emb. 400 ml,"€5,99/un","€14,98/lt"
Desodorizante Spray Men Black & White Active,Nivea,emb. 150 ml,"€2,79/un","€18,60/lt"
Gel de Banho Men Clean Comfort,Dove,emb. 400 ml,"€2,99/un","€7,48/lt"
Gel de Barbear Series Pele Sensível,Gillette,emb. 200 ml,"€3,59/un","€17,95/lt"
Lâminas Descartáveis Flex 3,Bic,emb. 6 un,"€6,69/un","€1,67/un"
Desodorizante Roll-On Men Zero % Respect & Control,Sanex,emb. 50 ml,"€2,39/un","€47,80/lt"
Gel de Barbear Pro Sensitive,Gillette,emb. 200 ml,"€5,99/un","€29,95/lt"
Desodorizante Roll On Dark Temptation,Axe,emb. 50 ml,"€4,99/un","€99,80/lt"
Desodorizante Spray Apollo,Axe,emb. 150 ml,"€5,99/un","€39,93/lt"
Aparador de Barba Styler com 3 Pentes,Gillette,emb. 1 un,"€24,99/un","€24,99/un"
Desodorizante Roll On Men Power Protection,MyLabel,emb. 50 ml,"€0,75/un","€15,00/lt"
Desodorizante Roll On Men Dermo Invisible,Sanex,emb. 50 ml,"€2,09/un","€41,80/lt"
Desodorizante Spray Cobalt Dry,Rexona,emb. 150 ml,"€4,49/un","€29,93/lt"
Recarga de Lâminas Proglide,Gillette,emb. 8 un,"€33,29/un","€33,29/un"
Desodorizante Roll On Men Expert Thermic Resist,Men Expert,emb. 50 ml,"€2,39/un","€47,80/lt"
Champô Homem Active Clean,Nivea,emb. 250 ml,"€4,39/un","€17,56/lt"
Champô Homem Antiqueda Anticaspa,Linic,emb. 225 ml,"€3,36/un","€14,93/lt"
Máquina de Barbear Fusion 5 com 3 Recargas,Gillette,emb. 1 un,"€13,99/un","€13,99/un"
Gel de Banho Men Sports Care,Dove,emb. 400 ml,"€2,99/un","€7,48/lt"
Desodorizante Spray Dry Black,Axe,emb. 150 ml,"€5,99/un","€39,93/lt"
Champô Homem Cool Fresh,Nivea,emb. 250 ml,"€4,39/un","€17,56/lt"
Champô Purifcante Limpeza Profunda Anticaspa,H&S,emb. 300 ml,"€4,94/un","€16,47/lt"
Gel de Banho Excite,Axe,emb. 400 ml,"€5,99/un","€14,98/lt"
Gel de Barbear,MyLabel,emb. 250 ml,"€1,75/un","€7,00/lt"
Desodorizante Roll On Narta Men InvisiMax,Narta,emb. 50 ml,"€2,39/un","€47,80/lt"
Champô Homem Legend CR7 Anticaspa,Linic,emb. 360 ml,"€4,94/un","€13,72/lt"
Desodorizante Spray Fresh Collision Leather & Cookies,Axe,emb. 150 ml,"€5,99/un","€39,93/lt"
Recarga de Lâminas Proshield,Gillette,emb. 7 un,"€33,29/un","€33,29/un"
Desodorizante Spray Apollo Dry,Axe,emb. 150 ml,"€5,99/un","€39,93/lt"
Gel de Banho Wild Green Mojito & Cedarwood,Axe,emb. 400 ml,"€5,99/un","€14,98/lt"
Lâminas Descartáveis Blue 3 Smooth,Gillette,emb. 5 un,"€5,29/un","€1,32/un"
Desodorizante Spray Excite,Axe,emb. 150 ml,"€5,99/un","€39,93/lt"
Champô Homem Cool Sport Mentol Anticaspa,Linic,emb. 225 ml,"€3,36/un","€14,93/lt"
Aftershave Bálsamo Men Sensitive,Nivea,emb. 100 ml,"€5,39/un","€53,90/lt"
Recarga de Lâminas Mach 3 Turbo,Gillette,emb. 8 un,"€26,89/un","€26,89/un"
Gel de Banho Men Protect & Care,Nivea,emb. 500 ml,"€3,49/un","€6,98/lt"
Desodorizante Spray Active Protection Invisible,Rexona,emb. 200 ml,"€2,69/un","€13,45/lt"
Desodorizante Roll On Men Sport Cool,Rexona,emb. 50 ml,"€4,49/un","€89,80/lt"
Desodorizante Roll On Men Active Fresh,Rexona,emb. 50 ml,"€2,99/un","€59,80/lt"
Recarga de Lâminas Proglide,Gillette,emb. 4 un,"€20,99/un","€20,99/un"
Recarga Lâminas Máquina Barbear One Blade QP220/50,Philips,emb. 2 un,"€24,99/un","€12,50/un"
Desodorizante Spray Men Active Fresh,Rexona,emb. 150 ml,"€2,99/un","€19,93/lt"
Recarga de Lâminas Mach 3 Turbo,Gillette,emb. 5 un,"€18,69/un","€18,69/un"
Gel de Barbear Sensitive,Nivea,emb. 200 ml,"€5,99/un","€29,95/lt"
Espuma de Barbear Series Pele Sensível,Gillette,emb. 250 ml,"€2,79/un","€13,95/lt"
Desodorizante Spray Gold Temptation,Axe,emb. 150 ml,"€5,99/un","€39,93/lt"
Desodorizante Roll On Men Cool Fresh,Dove,emb. 50 ml,"€2,79/un","€55,80/lt"
Champô Homem Eficácia Ativa Anticaspa,Linic,emb. 360 ml,"€4,94/un","€13,72/lt"
Desodorizante Spray Wild Green Mojito & Cedarwood,Axe,emb. 150 ml,"€5,99/un","€39,93/lt"
Bálsamo Barba Suave King C,Gillette,emb. 100 ml,"€7,49/un","€74,90/lt"
Recarga de Lâminas Mach 3,Gillette,emb. 8 un,"€21,69/un","€21,69/un"
Gel de Banho Fresh Clash Collision Leather & Cookies,Axe,emb. 400 ml,"€5,99/un","€14,98/lt"
Desodorizante Spray Men Maximum Protection Clean Scent,Rexona,emb. 100 ml,"€3,89/un","€38,90/lt"
Desodorizante Stick Captain,Old Spice,emb. 50 ml,"€2,69/un","€53,80/lt"
Gel de Banho Men 2 em 1 Care,MyLabel,emb. 300 ml,"€1,09/un","€3,63/lt"
Cuecas Incontinência Homem Super L/XL,Depend,emb. 9 un,"€9,79/un","€9,79/un"
Gel de Banho Men Active Clean,Nivea,emb. 500 ml,"€3,49/un","€6,98/lt"
Desodorizante Spray Men Dermo Invisible,Sanex,emb. 200 ml,"€2,39/un","€11,95/lt"
Lâminas Descartáveis Blue II Plus,Gillette,emb. 20 un,"€6,74/un","€0,45/un"
Espuma de Barbear,MyLabel,emb. 300 ml,"€1,39/un","€4,63/lt"
Champô Homem Frescura Diária Anticaspa,Linic,emb. 360 ml,"€4,94/un","€13,72/lt"
Desodorizante Spray Gold Dry,Axe,emb. 150 ml,"€5,99/un","€39,93/lt"
Desodorizante Roll On Original,Denim,emb. 50 ml,"€4,79/un","€95,80/lt"
Champô Eco Recarga Classic Anticaspa,H&S,emb. 480 ml,"€4,49/un","€9,35/lt"
Desodorizante Stick Men Cobalt Blue,Rexona,emb. 50 ml,"€4,49/un","€89,80/lt"
Recarga de Lâminas Proglide Power,Gillette,emb. 4 un,"€22,99/un","€22,99/un"
Desodorizante Roll On Men Cool Kick,Nivea,emb. 50 ml,"€3,99/un","€79,80/lt"
Desodorizante Spray White Water,Old Spice,emb. 150 ml,"€2,69/un","€17,93/lt"
Espuma de Barbear Fusion 5 Ultra Sensitive,Gillette,emb. 250 ml,"€2,99/un","€11,96/lt"
Desodorizante Spray Men Expert Magnesium Defense,Men Expert,emb. 150 ml,"€2,39/un","€15,93/lt"
Desodorizante Roll On Men Cobalt Blue,Rexona,emb. 50 ml,"€4,49/un","€89,80/lt"
Cuecas Incontinência Homem Super S/M,Depend,emb. 10 un,"€9,79/un","€9,79/un"
Gel de Banho White Water,Old Spice,emb. 400 ml,"€4,99/un","€12,48/lt"
Champô Homem Anticomichão Anticaspa,Linic,emb. 360 ml,"€4,94/un","€13,72/lt"
Champô Homem Limpeza Profunda Anticaspa,Linic,emb. 360 ml,"€4,94/un","€13,72/lt"
"Creme de Rosto, Mãos e Corpo Men Hidratante",Nivea,emb. 150 ml,"€3,15/un","€21,00/lt"
Desodorizante Spray Wolfthorn,Old Spice,emb. 150 ml,"€2,69/un","€17,93/lt"
Desodorizante Roll On Narta Men IceMax,Narta,emb. 50 ml,"€3,99/un","€79,80/lt"
Champô Homem Eficácia Ativa 2 em 1 Anticaspa,Linic,emb. 225 ml,"€3,36/un","€14,93/lt"
Desodorizante Spray Dark Temptation,Axe,emb. 150 ml,"€5,99/un","€39,93/lt"
Gel de Banho Original,Old Spice,emb. 400 ml,"€4,99/un","€12,48/lt"
Desodorizante Roll On Men Deep,Nivea,emb. 50 ml,"€4,49/un","€89,80/lt"
Creme Depilatório Corpo Homem Pele Normal,Veet for men,emb. 200 ml,"€6,99/un","€34,95/lt"
Desodorizante Spray Anarchy Fresh,Axe,emb. 150 ml,"€5,99/un","€39,93/lt"
Recarga de Lâminas Skinguard,Gillette,emb. 4 un,"€16,49/un","€16,49/un"
Gel de Banho Captain,Old Spice,emb. 400 ml,"€4,99/un","€12,48/lt"
Gel de Barbear Refrescante,MyLabel,emb. 75 ml,"€1,29/un","€17,20/lt"
Creme de Rosto Men Expert Vitalift 5,Men Expert,emb. 50 ml,"€9,79/un","€195,80/lt"
Gel de Banho Wolfthorn,Old Spice,emb. 400 ml,"€4,99/un","€12,48/lt"
Pensos Incontinência Homem Nível 2,Continente,emb. 10 un,"€1,95/un","€0,20/un"
Desodorizante Spray Men Deep,Nivea,emb. 150 ml,"€2,79/un","€18,60/lt"
Desodorizante Roll On Men Sports Care,Dove,emb. 50 ml,"€2,79/un","€55,80/lt"
Desodorizante Roll On Men Expert Invincible Sport,Men Expert,emb. 50 ml,"€2,39/un","€47,80/lt"
Gel de Banho e Champô Refrescante Anticaspa,H&S,emb. 300 ml,"€3,49/un","€11,63/lt"
Champô Homem ControlGX com Coloração,Just For Men,emb. 118 ml,"€13,99/un","€118,56/lt"
Lâminas Descartáveis Blue 3 Smooth,Gillette,emb. 16 un,"€12,99/un","€1,08/un"
Máquina de Barbear Proglide com 4 Recargas,Gillette,emb. 1 un,"€24,49/un","€24,49/un"
Creme de Barbear Classic,Palmolive,emb. 100 ml,"€3,49/un","€34,90/lt"
Gel de Banho e Champô Sport Anticaspa,H&S,emb. 300 ml,"€3,49/un","€11,63/lt"
Gel de Barbear Protect & Care Suave,Nivea,emb. 200 ml,"€4,39/un","€21,95/lt"
Lâminas Descartáveis Sensor 3 Sensitive,Gillette,emb. 4 + 2 un (grátis),"€7,49/un","€1,87/un"
Recarga de Lâminas Proshield,Gillette,emb. 4 un,"€22,99/un","€22,99/un"
Champô Homem Legend CR7 Anticaspa,Linic,emb. 225 ml,"€3,36/un","€14,93/lt"
Gel de Banho Men Expert Hydra Energetic,Men Expert,emb. 400 ml,"€4,99/un","€12,48/lt"
Cera Cabelo Natural Look,Axe,emb. 75 ml,"€5,99/un","€79,87/lt"
Aparador Multifunções BMT-3187,Becken,emb. 1 un,"€29,99/un","€29,99/un"
Gel de Banho Men Deep,Nivea,emb. 500 ml,"€3,49/un","€6,98/lt"
Aftershave Bálsamo Hidratante,MyLabel,emb. 125 ml,"€2,44/un","€19,52/lt"
Champô Homem Deep,Nivea,emb. 250 ml,"€4,39/un","€17,56/lt"
Cuecas Incontinência Homem L,Lindor,emb. 7 un,"€7,39/un","€1,06/un"
Creme Depilatório Corpo Homem Pele Sensivel,Veet for men,emb. 400 ml,"€11,19/un","€27,98/lt"
Óleo de Barba King C,Gillette,emb. 30 ml,"€7,49/un","€249,67/lt"
Cuecas Incontinência Homem Discreet L,Continente,emb. 8 un,"€7,49/un","€0,94/un"
Champô Elvive Purificante Anticaspa,Elvive L'Oréal Paris,emb. 250 ml,"€3,99/un","€15,96/lt"
Lâminas Descartáveis 3 Sensitive,Bic,emb. 12 un,"€5,49/un","€0,69/un"
Gel de Barbear Skin Comfort Extra Sensitive,Denim,emb. 200 ml,"€3,99/un","€19,95/lt"
Gel de Limpeza Rosto e Barba King C,Gillette,emb. 350 ml,"€7,49/un","€21,40/lt"
Gel Cabelo Men Forte,MyLabel,emb. 200 ml,"€1,32/un","€6,60/lt"
Gel Cabelo Men Extra Forte,MyLabel,emb. 200 ml,"€1,32/un","€6,60/lt"
Desodorizante Spray Original,Old Spice,emb. 150 ml,"€2,69/un","€17,93/lt"
Desodorizante Stick Wolfthorn,Old Spice,emb. 50 ml,"€2,69/un","€53,80/lt"
Creme de Rosto Men Expert Hydra Energetic,Men Expert,emb. 50 ml,"€8,39/un","€167,80/lt"
Desodorizante Spray Men Expert Cool Power,Men Expert,emb. 150 ml,"€2,39/un","€15,93/lt"
Espuma de Barbear Series Sensitive Cool,Gillette,emb. 200 ml + 50 ml (grátis),"€2,79/un","€13,95/lt"
Champô Homem Eficácia Ativa 2 em 1 Anticaspa,Linic,emb. 360 ml,"€4,94/un","€13,72/lt"
Aftershave Loção Protect & Care Refrescante,Nivea,emb. 100 ml,"€5,79/un","€57,90/lt"
Desodorizante Spray Men Expert Stress Resist,Men Expert,emb. 150 ml,"€2,39/un","€15,93/lt"
Desodorizante Spray Men Fresh Ocean,Nivea,emb. 150 ml,"€2,79/un","€18,60/lt"
Creme de Barbear Sensitive,Palmolive,emb. 100 ml,"€3,49/un","€34,90/lt"
Gel de Barbear Pele Sensível,Gillette,emb. 200 ml,"€3,69/un","€18,45/lt"
Máquina de Barbear Fusion 5 com 5 Recargas,Gillette,emb. 1 un,"€22,49/un","€22,49/un"
Champô Barba e Cabelo Men Expert Barber Club,Men Expert,emb. 200 ml,"€8,99/un","€44,95/lt"
Desodorizante Roll On Men Magnesium Dry,Nivea,emb. 50 ml,"€2,99/un","€59,80/lt"
Aparador Cabelo Nixus 902219,Taurus,emb. 1 un,"€29,99/un","€29,99/un"
Gel Cabelo Men Fix Normal,MyLabel,emb. 200 ml,"€1,32/un","€6,60/lt"
Gel Cabelo Adrenaline Extreme Look,Axe,emb. 125 ml,"€4,99/un","€39,92/lt"
Champô 7 em 1 Prevenção Queda,H&S,emb. 300 ml,"€4,94/un","€16,47/lt"
Aparador Cabelo e Barba BHC 1050,Becken,emb. 1 un,"€22,99/un","€22,99/un"
Desodorizante Spray Deep Sea,Old Spice,emb. 150 ml,"€2,69/un","€17,93/lt"
Desodorizante Spray Performance Dry Sensation,Denim,emb. 150 ml,"€4,79/un","€31,93/lt"
Gel de Banho Men Sport,Nivea,emb. 250 ml,"€2,76/un","€11,04/lt"
Aftershave Loção Sensitive,MyLabel,emb. 125 ml,"€2,69/un","€21,52/lt"
Desodorizante Spray África,Axe,emb. 150 ml,"€5,99/un","€39,93/lt"
Gel de Barbear Transparente King C,Gillette,emb. 150 ml,"€7,49/un","€49,93/lt"
Máquina de Barbear HR3053,Proficare,emb. 1 un,"€24,99/un","€24,99/un"
Cuecas Incontinência Homem Discreet M,Continente,emb. 9 un,"€7,49/un","€0,83/un"
Aftershave Bálsamo Sensitive Cool,Nivea,emb. 100 ml,"€8,49/un","€84,90/lt"
Desodorizante Spray Dry Ice Chill,Axe,emb. 150 ml,"€5,99/un","€39,93/lt"
Aftershave Bálsamo Protect & Care,Nivea,emb. 100 ml,"€5,29/un","€52,90/lt"
Desodorizante Stick Men Clean Scent,Rexona,emb. 45 ml,"€4,79/un","€106,44/lt"
Espuma de Barbear Series Sensitive,Gillette,emb. 100 ml,"€1,99/un","€19,90/lt"
Creme de Barbear,MyLabel,emb. 150 ml,"€1,29/un","€8,60/lt"
Aftershave Loção Original,Old Spice,emb. 100 ml,"€9,99/un","€99,90/lt"
Lâminas Descartáveis Extra 2 Sensitive,Wilkinson,emb. 15 un,"€7,39/un","€0,74/un"
Recarga de Lâminas Compatível Mach 3,MyLabel,emb. 4 un,"€6,99/un","€1,75/un"
Lâminas Descartáveis Blue II Plus Slalom,Gillette,emb. 10 un,"€5,99/un","€0,60/un"
Desodorizante Roll On Narta Men Protection 5,Narta,emb. 50 ml,"€2,39/un","€47,80/lt"
Desodorizante Roll On Dry Black,Axe,emb. 50 ml,"€4,99/un","€99,80/lt"
Pensos Incontinência Homem Nível 0,Tena,emb. 14 un,"€3,99/un","€0,29/un"
Espuma de Barbear Sensitive Pro Ultra-Calming,Nivea,emb. 200 ml,"€3,89/un","€19,45/lt"
Creme de Rosto Men Hidratante Cara e Barba King,Gillette,emb. 100 ml,"€7,49/un","€74,90/lt"
Champô Homem Eficácia Ativa Anticaspa,Linic,emb. 225 ml,"€3,36/un","€14,93/lt"
Lâminas Descartáveis Blue 3 Sensitive,Gillette,emb. 12 un,"€13,49/un","€1,12/un"
Lâminas Descartáveis Sensor 3 Comfort,Gillette,emb. 5 un,"€7,99/un","€2,00/un"
Creme de Rosto Men Sensitive Hidratante,Nivea,emb. 75 ml,"€9,99/un","€133,20/lt"
Aftershave Bálsamo Sensitive,MyLabel,emb. 6 un,"€2,44/un","€19,52/lt"
Gel de Barbear Skin Ultra Sensitive,Gillette,emb. 200 ml,"€5,99/un","€29,95/lt"
Cuecas Incontinência Homem M,Lindor,emb. 8 un,"€7,39/un","€0,92/un"
Pensos Incontinência Homem,Lindor,emb. 14 un,"€4,98/un","€0,36/un"
Lâminas Descartáveis Flex 3,Bic,emb. 6 un,"€5,54/un","€1,39/un"
Desodorizante Spray Men Cool Kick,Nivea,emb. 150 ml,"€2,69/un","€17,93/lt"
Desodorizante Spray Original,Denim,emb. 150 ml,"€4,79/un","€31,93/lt"
Creme de Rosto Men Expert Pure Carbon,Men Expert,emb. 50 ml,"€6,99/un","€6,99/lt"
Lâminas Descartáveis Flex 3 Sensitive,Bic,emb. 4 un,"€6,34/un","€1,59/un"
Champô Homem Limpeza Profunda Anticaspa,Linic,emb. 225 ml,"€3,36/un","€14,93/lt"
Recarga de Lâminas Hydro 5 Sense,Wilkinson,emb. 4 un,"€15,49/un","€3,87/un"
Desodorizante Spray Gold,Denim,emb. 150 ml,"€4,79/un","€31,93/lt"
Gel Cabelo Craft Stylers Aqua,Nivea,emb. 150 ml,"€5,59/un","€37,27/lt"
Máquina de Barbear Proglide Power com 1 Recarga,Gillette,emb. 1 un,"€15,99/un","€15,99/un"
Creme de Rosto Men Sensitive Pro Ultra-Calmig,Nivea,emb. 75 ml,"€8,99/un","€119,87/lt"
Gel de Barbear Deep,Nivea,emb. 200 ml,"€5,49/un","€27,45/lt"
Máquina de Barbear Skinguard Sensitive com 4 Recargas,Gillette,emb. 1 un,"€19,99/un","€19,99/un"
Creme Depilatório Corpo Homem Pele Sensível,Veet for men,emb. 200 ml,"€6,99/un","€34,95/lt"
Gel de Banho 2 em 1 Cooling,Old Spice,emb. 400 ml,"€4,99/un","€12,48/lt"
Creme de Rosto Men Q10,MyLabel,emb. 50 ml,"€2,29/un","€45,80/lt"
Champô Detox Limpeza Profunda Anticaspa,H&S,emb. 300 ml,"€4,94/un","€16,47/lt"
Espuma de Barbear Pele Sensível,Gillette,emb. 200 ml,"€2,99/un","€14,95/lt"
Desodorizante Roll-on Men Clean Scent,Rexona,emb. 50 ml,"€3,89/un","€77,80/lt"
Desodorizante Roll On Men Back & White Active,Nivea,emb. 50 ml,"€2,69/un","€53,80/lt"
Espuma de Barbear Hidratante,Ach.Brito,emb. 200 ml,"€4,55/un","€22,75/lt"
Gel de Banho Men Expert Stop Stress,Men Expert,emb. 400 ml,"€4,99/un","€12,48/lt"
Creme de Rosto Men Active Age,Nivea,emb. 50 ml,"€9,74/un","€194,80/lt"
Desodorizante Roll On Men Black & White Ultimate Impact,Nivea,emb. 50 ml,"€2,69/un","€53,80/lt"
Gel de Banho Men Cool Kick,Nivea,emb. 250 ml,"€2,76/un","€11,04/lt"
Recarga de Lâminas Five-Sharp Plus,MyLabel,emb. 4 un,"€4,29/un","€1,07/un"
Champô Homem ControlGX com Coloração 2 em 1,Just For Men,emb. 118 ml,"€13,99/un","€118,56/lt"
Desodorizante Roll On Narta Men Magnesium Protect,Narta,emb. 50 ml,"€3,99/un","€79,80/lt"
Gel de Banho Booster 2 em 1,Old Spice,emb. 400 ml,"€4,99/un","€12,48/lt"
Lâminas Descartáveis Xtreme 3 Sensitive,Wilkinson,emb. 16 un,"€13,69/un","€1,71/un"
Aftershave Loção Sensitive,Nivea,emb. 100 ml,"€5,79/un","€57,90/lt"
Lâminas Descartáveis Sensor 3 Comfort Sensitive,Gillette,emb. 8 un,"€11,99/un","€1,50/un"
Máquina de Barbear,Bazarão,emb. 1 un,"€19,99/un","€19,99/un"
Desodorizante Spray Narta Men Magnesium Protect,Narta,emb. 100 ml,"€4,29/un","€42,90/lt"
Desodorizante Stick Hydra Gel Aloe Vera,Gillette,emb. 70 ml,"€4,99/un","€71,29/lt"
Desodorizante Spray Men Expert Thermic Resist,Men Expert,emb. 150 ml,"€2,39/un","€15,93/lt"
Máquina de Barbear 3W,Bazarão,emb. 1 un,"€19,99/un","€19,99/un"
Aftershave Bálsamo Sensitive Protection,Gillette,emb. 100 ml,"€5,59/un","€55,90/lt"
Recarga de Lâminas para Máquina de Contornos King C,Gillette,emb. 3 un,"€12,99/un","€4,33/un"
Roll-On de Olhos Men Expert Hydra Energetic,Men Expert,emb. 10 ml,"€9,09/un","€909,00/lt"
Gel de Banho Restart,Old Spice,emb. 400 ml,"€4,99/un","€12,48/lt"
Aftershave Bálsamo Hydra Energetic,Men Expert,emb. 100 ml,"€5,59/un","€55,90/lt"
Lâminas Descartáveis Extra 2 Activ,Wilkinson,emb. 5 un,"€2,29/un","€0,46/un"
Gel de Banho Rock,Old Spice,emb. 400 ml,"€4,99/un","€12,48/lt"
Aftershave Loção Black,Denim,emb. 100 ml,"€7,99/un","€79,90/lt"
Gel de Barbear Fusion 5 Ultra Sensitive,Gillette,emb. 200 ml,"€3,74/un","€18,70/lt"
Desodorizante Spray Men Cool Kick Fresh,Nivea,emb. 50 ml,"€2,69/un","€17,93/lt"
Máquina de Barbear Proshield com 2 Recargas,Gillette,emb. 1 un,"€15,99/un","€15,99/un"
Gel de Banho Ultra Smooth,Old Spice,emb. 400 ml,"€4,99/un","€12,48/lt"
Creme de Olhos Men com Ácido Hialurónico Anti-Age,Nivea,emb. 15 ml,"€9,74/un","€9,74/lt"
Recarga de Lâminas Body,Gillette,emb. 2 un,"€6,49/un","€3,25/un"
Creme de Rosto Men Expert Stop Rides,Men Expert,emb. 50 ml,"€9,79/un","€195,80/lt"
Gel de Banho Men Defence,Dove,emb. 400 ml,"€2,99/un","€7,48/lt"
Máquina de Barbear Proglide com 2 Recargas,Gillette,emb. 1 un,"€14,99/un","€14,99/un"
Gel de Barbear Sensitive Cool,Nivea,emb. 200 ml,"€5,99/un","€29,95/lt"
Cera Cabelo Adrenaline Extreme Look,Axe,emb. 75 ml,"€5,99/un","€79,87/lt"
Conjunto Mach 3 Cabo e 3 Carregadores,Gillette,emb. 1 un,"€10,49/un","€10,49/un"
Gel de Barbear Series Pele Sensível,Gillette,emb. 75 ml,"€2,79/un","€37,20/lt"
Cera Cabelo Urban Creative Look,Axe,emb. 130 ml,"€6,49/un","€49,92/lt"
"Creme Rosto, Corpo e Mãos Men Hidratante Fresh",Nivea,emb. 75 ml,"€4,31/un","€57,47/lt"
Coloração Homem Temporária para Cabelo Castanho Claro,Just For Men,emb. 1 un,"€12,99/un","€216,50/lt"
Óleo de Barba,Hawkins&Brimble,emb. 50 ml,"€13,99/un","€279,80/lt"
Desodorizante Spray Wild Fresh Bergamot & Pink Pepper,Axe,emb. 150 ml,"€5,99/un","€39,93/lt"
Recarga de Lâminas para Máquina Duplo Gume King C,Gillette,emb. 10 un,"€4,99/un","€0,50/un"
Gel de Limpeza Rosto Men Expert Pure Charcoal,Men Expert,emb. 100 ml,"€5,83/un","€58,30/lt"
Máquina de Barbear Contornos King C,Gillette,emb. 1 un,"€11,24/un","€11,24/un"
Desodorizante Spray Captain,Old Spice,emb. 150 ml,"€2,69/un","€17,93/lt"
Lâminas Descartáveis Flex 4,Bic,emb. 4 un,"€6,69/un","€2,23/un"
Aftershave Loção White Water,Old Spice,emb. 100 ml,"€9,99/un","€99,90/lt"
Aftershave Ice Chill,Axe,emb. 100 ml,"€4,89/un","€48,90/lt"
Creme de Rosto Men Active Energy Revitalizante,Nivea,emb. 50 ml,"€6,59/un","€131,80/lt"
Gel de Limpeza Men Protect & Care Refrescante,Nivea,emb. 100 ml,"€5,83/un","€58,30/lt"
Aftershave Bálsamo Skin Ultra Sensitive,Gillette,emb. 100 ml,"€5,84/un","€58,40/lt"
Creme de Rosto Men Aqua Gel,MyLabel,emb. 50 ml,"€2,29/un","€45,80/lt"
Gel Antirrugas Men Expert Vitalift,Men Expert,emb. 50 ml,"€9,79/un","€195,80/lt"
Gel Exfoliante Rosto Men Expert Pure Charcoal,Men Expert,emb. 100 ml,"€5,83/un","€58,30/lt"
Gel Cabelo Craft Stylers Elastic,Nivea,emb. 150 ml,"€5,59/un","€37,27/lt"
Desodorizante Stick Ultra Defense,Old Spice,emb. 50 ml,"€2,69/un","€53,80/lt"
Aftershave Bálsamo Skin Energy,Nivea,emb. 100 ml,"€8,99/un","€89,90/lt"
Creme de Rosto Hidratante Skin Ultra Sensitive,Gillette,emb. 100 ml,"€5,84/un","€58,40/lt"
Creme de Barbear Protect & Care,Nivea,emb. 100 ml,"€3,19/un","€31,90/lt"
Gel de Banho e Champô Purificante Anticaspa,H&S,emb. 300 ml,"€3,49/un","€11,63/lt"
Óleo de Rosto e Barba Men Expert Barber Club,Men Expert,emb. 30 ml,"€14,99/un","€499,67/lt"
Gel Cabelo Men Efeito Molhado,MyLabel,emb. 200 ml,"€1,32/un","€6,60/lt"
Coloração Homem Temporária para Barba Moreno,Just For Men,emb. 1 un,"€11,89/un","€11,89/un"
Máquina Depilatória Body com 1 Recarga,Gillette,emb. 1 un,"€6,99/un","€6,99/un"
Gel Exfoliante Men Protect & Care,Nivea,emb. 75 ml,"€5,59/un","€74,53/lt"
Aftershave Loção Original,Denim,emb. 100 ml,"€7,99/un","€79,90/lt"
Gel de Limpeza Men Expert Hydra Energetic,Men Expert,emb. 100 ml,"€5,83/un","€58,30/lt"
Aftershave Dark Temptation,Axe,emb. 100 ml,"€4,89/un","€48,90/lt"
Cera Cabelo Signature Classic Look,Axe,emb. 75 ml,"€5,99/un","€79,87/lt"
Coloração Homem Temporária para Cabelo Castanho Escuro,Just For Men,emb. 1 un,"€12,99/un","€216,50/lt"
Desodorizante Roll On Men Expert Fresh Extreme,Men Expert,emb. 50 ml,"€2,39/un","€47,80/lt"
Coloração Homem Temporária para Cabelo Men Expert One Twist 06 Louro Escuro,Men Expert,emb. 1 un,"€9,09/un","€9,09/un"
Aftershave Loção Wolfthorn,Old Spice,emb. 100 ml,"€9,99/un","€99,90/lt"
Aftershave Loção Sensitive Pro Ultra-Calming,Nivea,emb. 100 ml,"€6,36/un","€63,60/lt"
Coloração Homem Temporária para Cabelo Men Expert One Twist 03 Castanho Escuro,Men Expert,emb. 1 un,"€9,09/un","€9,09/un"
Recarga de Lâminas Quattro Titanium Sensitive,Wilkinson,emb. 4 un,"€13,19/un","€3,30/un"
Recarga de Lâminas para Máquina de Barbear Pescoço King C,Gillette,emb. 3 un,"€12,99/un","€4,33/un"
Aftershave Loção Original,Brut,emb. 100 ml,"€12,90/un","€129,00/lt"
Creme Cabelo Men Expert InvisiControl,Men Expert,emb. 150 ml,"€4,54/un","€30,27/lt"
Tesoura Barba e Bigode,Barb Xpert,emb. 1 un,"€9,69/un","€9,69/un"
Máquina de Barbear Mach 3 Turbo com 2 Recargas,Gillette,emb. 1 un,"€9,99/un","€9,99/un"
Desodorizante Spray Men Dry Fresh,Nivea,emb. 150 ml,"€2,69/un","€17,93/lt"
Coloração Homem Temporária para Cabelo Men Expert One Twist 04 Castanho,Men Expert,emb. 1 un,"€9,09/un","€9,09/un"
Recarga de Lâminas Hybrid Flex 5,Bic,emb. 4 un,"€11,09/un","€2,77/un"
Lâminas Descartáveis Blue II Plus Fixa,Gillette,emb. 6 un,"€3,69/un","€0,74/un"
Gel de Banho Men Boost,Nivea,emb. 500 ml,"€3,49/un","€6,98/lt"
Creme de Rosto Men Expert Hydra Energetic,Men Expert,emb. 50 ml,"€9,09/un","€181,80/lt"
Lâminas Descartáveis Flex 3 Comfort,Bic,emb. 8 un,"€11,09/un","€1,39/un"
Aftershave Loção Gold,Denim,emb. 100 ml,"€7,99/un","€79,90/lt"
Desodorizante Roll On Men Dry Fresh,Nivea,emb. 50 ml,"€3,99/un","€79,80/lt"
Gel de Barbear Series Sensitive Cool,Gillette,emb. 200 ml,"€3,59/un","€17,95/lt"
Coloração Homem Temporária para Barba Castanho Escuro,Just For Men,emb. 1 un,"€11,89/un","€424,64/lt"
Lâminas Descartáveis Flex 3,Bic,emb. 3 + 1 un (grátis),"€4,24/un","€1,41/un"
Coloração Homem Temporária para Cabelo Excell5 Castanho Natural,Men Expert,emb. 1 un,"€11,99/un","€11,99/un"
Coloração Homem Temporária para Cabelo Preto,Just For Men,emb. 1 un,"€12,99/un","€216,50/lt"
Pensos Incontinência Homem,Lindor,emb. 14 un,"€4,98/un","€0,36/un"
Lâminas Descartáveis Flex 5,Bic,emb. 3 un,"€8,59/un","€2,86/un"
Coloração Homem Temporária para Cabelo Moreno,Just For Men,emb. 1 un,"€12,99/un","€216,50/lt"
Máquina de Barbear Fusion 5 Power com 1 Recarga,Gillette,emb. 1 un,"€13,49/un","€13,49/un"
Aftershave Loção Captain,Old Spice,emb. 100 ml,"€9,99/un","€99,90/lt"
Máquina de Barbear Pescoço King C,Gillette,emb. 1 un,"€11,24/un","€11,24/un"
Espuma de Barbear Classic,Gillette,emb. 200 ml,"€2,99/un","€14,95/lt"
Creme Depilatório Corpo Duche Homem Pele Normal,Veet for men,emb. 150 ml,"€6,99/un","€46,60/lt"
Coloração Homem Temporária para Cabelo Men Expert One Twist 02 Preto Natural,Men Expert,emb. 1 un,"€9,09/un","€9,09/un"
Champô 7 em 1 Multi Ação,H&S,emb. 300 ml,"€4,94/un","€16,47/lt"
Creme Depilatório Corpo Homem,MyLabel,emb. 200 ml,"€2,99/un","€14,95/lt"
Desodorizante Roll-On Men Kick Fresh,Nivea,emb. 50 ml,"€3,99/un","€79,80/lt"
Aftershave Loção Cool Wave,Gillette,emb. 100 ml,"€5,59/un","€55,90/lt"
Coloração Homem Temporária para Cabelo Men Expert One Twist 05 Castanho Claro,Men Expert,emb. 1 un,"€9,09/un","€9,09/un"
Lâminas Descartáveis Blue 3 Smooth,Gillette,emb. 8 un,"€9,49/un","€1,19/un"
Máscara Facial de Tecido Men Expert Pure Charcoal,Men Expert,emb. 30 gr,"€2,39/un","€79,67/kg"
Máquina Barbear Hidro Comfort Mave,Wilkinson,emb. 1 un,"€7,49/un","€7,49/un"
Pincel para Barbear,MyLabel,emb. 1 un,"€5,99/un","€5,99/un"
Lâminas Descartáveis Xtreme III Eco Green,Wilkinson,emb. 4 un,"€6,89/un","€1,72/un"
Sabão Seco Men Expert Barber Club,Men Expert,emb. 80 gr,"€8,99/un","€112,38/kg"
Desodorizante Spray Restart,Old Spice,emb. 150 ml,"€2,69/un","€17,93/lt"
Pente Barba e Bigode,Barb Xpert,emb. 1 un,"€6,50/un","€6,50/un"
Máquina de Barbear Mach 3,Gillette,emb. 1 un,"€8,99/un","€8,99/un"
Aftershave Bálsamo com Ácido Hialurónico,Nivea,emb. 100 ml,"€6,59/un","€65,90/lt"
Lâminas Descartáveis Oscilante,MyLabel,emb. 4 un,"€1,75/un","€0,44/un"
Recarga Máquina Depilatória Corpo Homem,MyLabel,emb. 2 un,"€4,49/un","€2,25/un"
Bálsamo Sensitive Rosto e Barba de 3 Dias,Nivea,emb. 125 ml,"€8,99/un","€71,92/lt"
Desodorizante Gold Fresh,Axe,emb. 150 ml,"€5,99/un","€39,93/lt"
Gel Cabelo Men Expert ExtremeFix,Men Expert,emb. 150 ml,"€3,89/un","€25,93/lt"
Desodorizante Spray Narta Men InvisiMax,Narta,emb. 200 ml,"€2,57/un","€12,85/lt"
Aftershave Loção Black,Axe,emb. 100 ml,"€4,89/un","€48,90/lt"
Recarga de Lâminas Platina,MyLabel,emb. 10 un,"€1,39/un","€0,14/un"
Lâminas Descartáveis Xtreme 3 Sensitive Oscilante,Wilkinson,emb. 8 un,"€7,39/un","€1,85/un"
Creme Fixação Barba Men Expert Barber Club,Men Expert,emb. 75 ml,"€6,99/un","€93,20/lt"
Máquina de Barbear 5 Sharp,MyLabel,emb. 1 un,"€3,89/un","€3,89/un"
Gel Cabelo Men Expert InvisiControl,Men Expert,emb. 150 ml,"€3,89/un","€25,93/lt"
Lâminas Descartáveis Sensor 3 Cool,Gillette,emb. 3 un,"€4,99/un","€1,66/un"
Gel de Limpeza Rosto e Barba Deep,Nivea,emb. 100 ml,"€7,29/un","€72,90/lt"
Creme Gel Depilatório Corpo Homem Pele Sensível,Body Natur,emb. 200 ml,"€5,16/un","€25,80/lt"
Creme Depilatório Corpo Duche Homem,Body Natur,emb. 200 ml,"€4,94/un","€24,70/lt"
Aftershave Men Fresh Kick,Nivea,emb. 100 ml,"€8,99/un","€89,90/lt"
Argila Texturizante Cabelo Istyler,Got2B,emb. 75 ml,"€4,94/un","€65,87/lt"
Creme Depilatório Homem Axilas,Veet for men,emb. 100 ml,"€5,59/un","€55,90/lt"
Conjunto Hybrid Flex 5 Cabo e 2 Recargas,Bic,emb. 1 un,"€7,79/un","€7,79/un"
Gel de Limpeza Rosto Men Expert Magnesium Defense,Men Expert,emb. 100 ml,"€4,79/un","€47,90/lt"
Máscara Facial Homem Deep,Nivea,emb. 75 ml,"€7,99/un","€106,53/lt"
Pente de Barbear Molde,Barb Xpert,emb. 1 un,"€4,99/un","€4,99/un"
Bandas Depilatórias Cera Corpo Homem,Body Natur,emb. 16 un,"€4,39/un","€0,37/un"
Lâminas Descartáveis Blue II Fixa,Gillette,emb. 10 un,"€5,99/un","€0,60/un"
Gel de Barbear Cool Kick,Nivea,emb. 200 ml,"€3,59/un","€17,95/lt"
Pasta Cabelo Men Expert ExtremeFix,Men Expert,emb. 75 ml,"€4,54/un","€60,53/lt"
Aparador Cabelo com Acessórios,Bazarão,emb. 1 un,"€17,99/un","€17,99/un"
Máquina de Barbear Mach 3 Turbo com 4 Recargas,Gillette,emb. 1 un,"€15,99/un","€15,99/un"
Coloração Homem Temporária para Cabelo Excell5 Castanho Muito Escuro Natural,Men Expert,emb. 1 un,"€11,99/un","€11,99/un"
Recarga de Lâminas Tri-Sharp Plus,MyLabel,emb. 5 un,"€3,99/un","€0,80/un"
Máquina de Barbear Tri-Sharp Plus,MyLabel,emb. 1 un,"€3,49/un","€3,49/un"
Aparador de Cabelo com Acessórios,Bazarão,emb. 1 un,"€17,99/un","€17,99/un"
Aparador de Cabelo All In One,Bazarão,emb. 1 un,"€14,99/un","€14,99/un"
Coloração Homem Temporária para Barba Castanho Claro,Just For Men,emb. 1 un,"€11,89/un","€11,89/un"
Recarga de Lâminas para Máquina Style Master King C,Gillette,emb. 1 un,"€16,99/un","€16,99/un"
Gel de Limpeza Rosto e Barba Men Sensitive Pro,Nivea,emb. 200 ml,"€8,99/un","€44,95/lt"
Desodorizante Stick Coll Wave,Gillette,emb. 70 ml,"€4,99/un","€71,29/lt"
Máquina de Barbear Philips S1131/41,Philips,emb. 1 un,"€49,99/un","€49,99/un"
Desodorizante Spray Move Your Spirit,Reebok,emb. 150 ml,"€3,99/un","€26,60/lt"
Kit Homem Creme Depilatório Íntimo e Bálsamo Pós Depilação,Veet for men,emb. 100 ml + 50 ml,"€5,94/un","€5,94/un"
Máquina de Barbear Labs + Gel de Barbear com Estojo de Viagem,Gillette,emb. 1 un,"€36,99/un","€36,99/un"
Champô Citrus,H&S,emb. 300 ml,"€4,49/un","€14,97/lt"
Champô Classic 2 em 1,H&S,emb. 300 ml,"€4,49/un","€14,97/lt"
Champô Homem Controlo Oleosidade,MyLabel,emb. 400 ml,"€2,39/un","€5,98/lt"
Champô Classic 2 em 1,H&S,emb. 600 ml,"€6,59/un","€10,98/lt"
"Creme de Rosto, Mãos e Corpo",MyLabel,emb. 100 ml,"€2,54/un","€2,54/un"
Lâminas Descartáveis Dupla Oscilante,MyLabel,emb. 20 un,"€2,89/un","€0,14/un"
"Creme de Rosto, Mãos e Corpo Men Hidratante Miniatura",Nivea,emb. 30 ml,"€2,19/un","€73,00/lt"
Champô Classic,H&S,emb. 600 ml,"€6,59/un","€10,98/lt"
Champô Classic,H&S,emb. 1 lt,"€9,99/un","€0,01/lt"
Coffret Champô Sensitive Cool + Champô Cool Sport Menthol + Oferta Cachecol,Linic,emb. 1 un,"€19,49/un","€19,49/un"
Champô Mentol,H&S,emb. 1 lt,"€9,99/un","€0,01/lt"
Desodorizante Spray Inspire Your Mind,Reebok,emb. 150 ml,"€3,99/un","€26,60/lt"
Gel de Limpeza Men Sensitive,Nivea,emb. 100 ml,"€7,49/un","€7,49/un"
Gel de Limpeza,MyLabel,emb. 100 ml,"€2,15/un","€21,50/lt"
Champô Coco,H&S,emb. 300 ml,"€4,49/un","€14,97/lt"
Champô Antiqueda,H&S,emb. 600 ml,"€6,59/un","€6,59/lt"
Gel de Barbear Sensitive Barba 3 Dias,Nivea,emb. 200 ml,"€2,47/un","€12,35/lt"
Champô Maçã,H&S,emb. 1 lt,"€9,99/un","€0,01/lt"
Cera Cabelo Elastic Efeito Mate,Nivea,emb. 75 ml,"€5,99/un","€79,87/lt"
Champô Mentol,H&S,emb. 600 ml,"€6,59/un","€10,98/lt"
Champô Nutre,H&S,emb. 230 ml,"€3,74/un","€16,26/lt"
Champô Classic 2 em 1,H&S,emb. 1 lt,"€9,99/un","€0,01/lt"
Creme de Rosto Men Sensitive Pro MenMalist,Nivea,emb. 75 ml,"€9,74/un","€129,87/lt"
Aftershave Loção Sensitive Cool,Nivea,emb. 100 ml,"€4,12/un","€41,20/lt"
Cera Cabelo Invisible Past,Syoss,emb. 100 ml,"€3,24/un","€32,40/lt"
Máquina de Barbear Sensor 3 com 3 Recargas,Gillette,emb. 1 un,"€9,49/un","€9,49/un"
Máquina de Barbear Labs + 4 Recargas com Estojo de Viagem,Gillette,emb. 1 un,"€44,99/un","€44,99/un"
Desodorizante Spray Active Protection+ Original,Rexona,emb. 150 ml,"€4,49/un","€29,93/lt"
Creme de Rosto Men Expert Magnesium Defense,Men Expert,emb. 50 ml,"€6,99/un","€139,80/lt"
Champô Classic,H&S,emb. 300 ml,"€4,49/un","€14,97/lt"
Champô Nutre,H&S,emb. 300 ml,"€4,49/un","€14,97/lt"
Champô Suave e Sedoso,H&S,emb. 300 ml,"€4,49/un","€14,97/lt"
Lâminas Descartáveis Sensor3 Recycled,Gillette,emb. 4 un,"€7,99/un","€7,99/un"
Máquina de Barbear Labs com Estojo de Viagem,Gillette,emb. 1 un,"€19,84/un","€19,84/un"
Recarga Lâminas Máquina de Barbear Labs,Gillette,emb. 4 un,"€24,99/un","€24,99/un"
Espuma de Barbear Labs,Gillette,emb. 240 ml,"€6,99/un","€6,99/un"
Gel de Rosto Men Sensitive,Nivea,emb. 50 ml,"€6,50/un","€130,00/lt"
Champô Maçã,H&S,emb. 600 ml,"€6,59/un","€10,98/lt"
Champô Mentol,H&S,emb. 300 ml,"€4,49/un","€14,97/lt"
Champô Citrus,H&S,emb. 600 ml,"€6,59/un","€10,98/lt"
Champô Homem Anti-Grease,Nivea,emb. 250 ml,"€4,39/un","€17,56/lt"
Máquina de Barbear Taurus 3-Side Shave Plus,Taurus,emb. 1 un,"€54,99/un","€54,99/un"
Lâminas Descartáveis Sensor3 Recycled,Gillette,emb. 8 un,"€11,99/un","€11,99/un"
Desodorizante Spray Cool Your Body,Reebok,emb. 150 ml,"€3,99/un","€26,60/lt"
Champô Antiqueda,H&S,emb. 300 ml,"€4,49/un","€14,97/lt"
Champô Antiqueda,H&S,emb. 1 lt,"€9,99/un","€0,01/lt"
Champô Citrus,H&S,emb. 1 lt,"€9,99/un","€0,01/lt"
Gel de Barbear Labs,Gillette,emb. 198 ml,"€6,99/un","€6,99/un"
Champô Suave e Sedoso,H&S,emb. 230 ml,"€3,74/un","€16,26/lt"
Gel Exfoliante Facial,MyLabel,emb. 100 ml,"€2,69/un","€26,90/lt"
Gel de Barbear Series Revitalizante,Gillette,emb. 200 ml,"€3,59/un","€17,95/lt"
Máquina de Barbear Hydro 5 Sense,Wilkinson,emb. 1 un,"€9,99/un","€9,99/un"
Aparador Multifunções,Bazarão,emb. 1 un,"€6,99/un","€6,99/un"
Lâminas Descartáveis Skinguard Sensitive,Gillette,emb. 3 un,"€6,99/un","€6,99/un"
Aftershave Bálsamo Sensitive,Denim,emb. 100 ml,"€7,99/un","€79,90/lt"
Conjunto Hybrid Flex 3 Cabo e 4 Recargas,Bic,emb. 1 un,"€6,54/un","€6,54/un"
Máquina de Barbear Labs Black & Gold,Gillette,emb. 1 un,"€25,99/un","€25,99/un"
Estimulador Feel XL,Control,emb. 1 un,"€20,93/un","€20,93/un"
Preservativos Nature,Control,emb. 12 un,"€5,59/un","€0,47/un"
Gel Lubrificante Naturals,Durex,emb. 100 ml,"€11,89/un","€118,90/lt"
Estimulador Geisha Balls,Control,emb. 1 un,"€13,99/un","€13,99/un"
Gel Lubrificante Naturals Extra Sensitivo,Durex,emb. 100 ml,"€12,59/un","€125,90/lt"
Preservativos Sensitivo Contacto Total,Durex,emb. 12 un,"€7,69/un","€0,64/un"
Preservativos Natural,Durex,emb. 12 + 3 un,"€6,99/un","€6,99/un"
Gel Lubrificante Play Massage 2 em 1,Durex,emb. 200 ml,"€10,49/un","€52,45/lt"
Preservativos Invisible Extra Lubrificado,Durex,emb. 12 un,"€9,09/un","€0,76/un"
Gel Lubrificante Nature,Control,emb. 75 ml,"€6,64/un","€88,53/lt"
Preservativos Finissimo Original,Control,emb. 12 un,"€6,99/un","€0,58/un"
Preservativos Intense Orgasmic,Durex,emb. 12 un,"€9,44/un","€0,79/un"
Preservativos Retard,Control,emb. 12 un,"€6,99/un","€0,58/un"
Preservativos Sensual Dots & Lines,Control,emb. 12 un,"€6,99/un","€0,58/un"
Preservativos Real Feel sem Látex,Durex,emb. 12 un,"€9,09/un","€9,09/un"
Gel Lubrificante Aloe,Control,emb. 75 ml,"€6,64/un","€88,53/lt"
Gel de Massagem Madagáscar Sweetness,Control,emb. 200 ml,"€9,79/un","€48,95/lt"
Gel Lubrificante Play Cherry,Durex,emb. 50 ml,"€6,99/un","€139,80/lt"
Estimulador Intense Orgasmic Pure Pleasure,Durex,emb. 1 un,"€17,49/un","€17,49/un"
Preservativos Finissimo Ultrafeel,Control,emb. 10 un,"€6,99/un","€0,70/un"
Gel Lubrificante Warm Touch,Control,emb. 75 ml,"€6,64/un","€88,53/lt"
Preservativos Fussion,Control,emb. 6 un,"€3,49/un","€0,58/un"
Gel Lubrificante Intense,Durex,emb. 10 ml,"€9,44/un","€944,00/lt"
Mini Estimulador Cosmic Pleasure,Control,emb. 1 un,"€17,49/un","€17,49/un"
Anel Vibratório Intense Orgasmic Vibrations,Durex,emb. 1 un,"€11,19/un","€11,19/un"
Gel Lubrificante Perfect Connection,Durex,emb. 50 ml,"€7,69/un","€153,80/lt"
Gel Lubrificante Play Morango,Durex,emb. 50 ml,"€6,99/un","€139,80/lt"
Mini Estimulador Velvet Secret,Control,emb. 1 un,"€17,49/un","€17,49/un"
Preservativos Finíssimo XL,Control,emb. 12 un,"€6,99/un","€0,58/un"
Gel Lubrificante Play Massage 2 em 1,Durex,emb. 200 ml,"€10,49/un","€52,45/lt"
Preservativos Prazer Prolongado,Durex,emb. 12 un,"€8,39/un","€0,70/un"
Preservativos Non Stop,Control,emb. 12 un,"€6,99/un","€0,58/un"
Preservativos Sensitivo Suave Extra Lubrificado,Durex,emb. 12 un,"€7,69/un","€0,64/un"
Preservativo Natural Comfort,Durex,emb. 6 un,"€3,49/un","€0,58/un"
Gel Lubrificante Naturals Hidratante,Durex,emb. 100 ml,"€12,59/un","€125,90/lt"
Preservativos Nature,Control,emb. 6 un,"€3,14/un","€0,52/un"
Preservativos Sensitivo XL,Durex,emb. 10 un,"€8,39/un","€0,84/un"
Gel Lubrificante Play Calor,Durex,emb. 50 ml,"€6,99/un","€139,80/lt"
Gel Lubrificante Play Original,Durex,emb. 50 ml,"€6,99/un","€139,80/lt"
Anel Vibratório Pleasure Booster,Control,emb. 1 un,"€6,99/un","€6,99/un"
Anel Vibratório Pleasure Vibes,Control,emb. 1 un,"€6,99/un","€6,99/un"
Preservativos Sensual Dots & Lines,Control,emb. 6 un,"€3,49/un","€0,58/un"
Preservativos Finissimo Original Easy Way,Control,emb. 10 un,"€6,99/un","€0,70/un"
Preservativos Fínissimo Senso,Control,emb. 12 un,"€6,99/un","€0,58/un"
Preservativos Nature Easy Way,Control,emb. 10 un,"€6,99/un","€0,70/un"
Preservativos Retard,Control,emb. 6 un,"€3,49/un","€0,58/un"
Preservativos Chocolate,Control,emb. 12 un,"€7,32/un","€0,61/un"
Preservativos Sensitivo Contacto Total,Durex,emb. 6 un,"€4,54/un","€0,76/un"
Preservativos Naturals Finos com Lubrificante Natural,Durex,emb. 10 un,"€8,39/un","€8,39/un"
Gel de Massagem Thai Passion,Control,emb. 200 ml,"€9,79/un","€48,95/lt"
Preservativos Fussion,Control,emb. 12 un,"€7,32/un","€0,61/un"
Preservativos Mutual Climax,Durex,emb. 12 un,"€9,09/un","€9,09/un"
Preservativos Sem Latex,Durex,emb. 12 un,"€9,09/un","€0,76/un"
Preservativo Natural Comfort,Durex,emb. 12 un,"€6,99/un","€6,99/un"
Gel Lubrificante Tropical,Control,emb. 75 ml,"€6,64/un","€88,53/lt"
Gel Lubrificante Chocolate,Control,emb. 75 ml,"€6,64/un","€88,53/lt"
Mini Estimulador Toys Remote Wireless,Control,emb. 1 un,"€20,93/un","€20,93/un"
Preservativos Stimulate,Intimy,emb. 18 un,"€6,41/un","€0,36/un"
Preservativos Perfect Connection,Durex,emb. 10 un,"€9,44/un","€9,44/un"
Preservativos Sensual Xtra Dots,Control,emb. 12 un,"€7,32/un","€0,61/un"
Preservativos Hot Passion,Control,emb. 10 un,"€6,99/un","€6,99/un"
Gel de Massagem 2 em 1 Aloé Vera,Durex,emb. 200 ml,"€10,49/un","€10,49/un"
Preservativos Sensitivo Slim Fit,Durex,emb. 10 un,"€8,39/un","€0,84/un"
Preservativos Strawberry,Control,emb. 12 un,"€7,32/un","€0,61/un"
Preservativos Classic Natural,Intimy,emb. 6 un,"€2,56/un","€0,43/un"
Preservativos Nature 2 em 1,Control,emb. 6 un,"€5,59/un","€0,93/un"
Gel de Massagem Exotic Escape,Control,emb. 200 ml,"€9,79/un","€48,95/lt"
Preservativos Sensual Dots & Lines Easy Way,Control,emb. 10 un,"€6,99/un","€0,70/un"
Preservativos Extra Fine Sensitive,Intimy,emb. 12 un,"€4,97/un","€0,41/un"
Gel de Massagem Wild Nature,Control,emb. 200 ml,"€9,06/un","€45,30/lt"
Estimulador Intense Orgasmic Pure Fantasy,Durex,emb. 1 un,"€25,19/un","€25,19/un"
Anel Vibratório Intense Orgasmic Diablillo,Durex,emb. 1 un,"€10,49/un","€10,49/un"
Gel de Massagem Almond Hammam,Control,emb. 200 ml,"€9,79/un","€9,79/un"
Gel de Massagem Wild Berries,Control,emb. 200 ml,"€9,79/un","€9,79/un"
Preservativos Nature XXL,Control,emb. 12 un,"€6,99/un","€6,99/un"
Preservativos Natural XL,Durex,emb. 12 un,"€6,99/un","€6,99/un"
Preservativos Non Stop Xtra Lines,Control,emb. 12 un,"€6,99/un","€6,99/un"
Preservativos Extra Seguro,Durex,emb. 12 un,"€5,59/un","€5,59/un"
Kit Autoteste SARS-CoV-2 - Teste COVID,FlowFlex,emb. 1 un,"€1,74/un","€1,74/un"
Discos de Amamentação ABsorventes Sensitive,Neo Baby,60 un,"€5,99/un","€5,99/un"
Máscaras Infantis Nível 2,Enerre,emb. 50 un,"€2,69/un","€0,05/un"
Desinfetante Fruta e Vegetais,Clean Essence,emb. 500 ml,"€3,89/un","€7,78/lt"
Álcool Gel Aloé Vera,TopGel,emb. 500 ml,"€2,02/un","€4,04/lt"
Álcool Gel Protect 70% Vol.,Continente,emb. 100 ml,"€0,99/un","€9,90/lt"
Medidor de Tensão de Pulso com LCD,Bazarão,emb. 1 un,"€14,99/un","€14,99/un"
Água do Mar Spray,VisClean,emb. 100 ml,"€8,99/un","€89,90/lt"
Toalhitas Antibacterianas Kids on the Go,Septona,emb. 15 un,"€0,99/un","€0,99/un"
Discos de Amamentação,Tigex,60 un,"€7,99/un","€7,99/un"
Solução Desinfetante Hidroalcoólica,Actoner,emb. 800 ml,"€4,89/un","€6,11/lt"
Máscaras Respiratórias FFP2 Ying Yuan Brancas,,emb. 25 un,"€3,29/un","€3,29/un"
Álcool Gel Aroma Limão,Quick'Net,emb. 250 ml,"€1,99/un","€7,96/lt"
Máscaras Descartáveis 3 Camadas,,emb. 50 un,"€1,79/un","€1,79/un"
Álcool Gel Aroma Limão,Quick'Net,emb. 100 ml,"€1,03/un","€10,30/lt"
Álcool Gel com Aloe Vera,TopGel,emb. 100 ml,"€0,76/un","€7,60/lt"
Papel Higiénico 3 Folhas Decor,Continente,emb. 12 rolos,"€3,99/un","€0,33/un"
Papel Higiénico 2 Folhas Pack Poupança,Continente,emb. 60 rolos,"€10,69/un","€0,18/un"
Papel Higiénico Gigante Compacto,Scottex,emb. 18 rolos = 54 rolos,"€11,99/un","€0,67/un"
Papel Higiénico 2 Folhas,Continente,emb. 12 rolos,"€2,39/un","€0,20/un"
Papel Higiénico 3 Folhas Acolchoado,Scottex,emb. 24 rolos,"€9,59/un","€0,40/un"
Papel Higiénico Ultra Suave XXL Compacto,Colhogar,emb. 12 rolos = 24 rolos,"€6,27/un","€0,52/un"
Papel Higiénico Húmido Biodegradável,Continente,emb. 60 un,"€1,29/un","€0,02/un"
Papel Higiénico 2 Folhas 100% Reciclado,Continente,emb. 12 rolos,"€2,25/un","€0,19/un"
Papel Higiénico Ultra Suave XXL Compacto,Colhogar,emb. 24 rolos = 48 rolos,"€12,49/un","€0,52/un"
Papel Higiénico 4 Folhas Grand Royal,Renova,emb. 18 rolos,"€8,74/un","€0,49/un"
Papel Higiénico 2 Folhas Compacto,Continente,emb. 24 rolos = 48 rolos,"€9,59/un","€0,40/un"
Papel Higiénico 3 Folhas Ultra Suave Talco,Continente,emb. 12 rolos,"€4,49/un","€0,37/un"
Papel Higiénico Extra XXL Compacto,Renova,emb. 24 rolos = 60 rolos,"€12,63/un","€0,53/un"
Papel Higiénico 2 Folhas Super,Renova,emb. 48 rolos,"€9,49/un","€0,20/un"
Papel Higiénico Compacto Maxi,Continente,emb. 4 rolos = 12 rolos,"€2,39/un","€0,60/un"
Lenços de Bolso Sublime 4 Folhas,Continente,emb. 18 un,"€1,89/un","€0,11/un"
Papel Higiénico 4 Folhas Sublime,Continente,emb. 12 rolos,"€5,29/un","€0,44/un"
Papel Higiénico 2 Folhas,Continente,emb. 48 rolos,"€9,59/un","€0,20/un"
Papel Higiénico Super Compact,Renova,emb. 4 rolos = 12 rolos,"€2,49/un","€0,62/un"
Papel Higiénico Húmido Fresh,Scottex,emb. 74 un,"€2,24/un","€0,03/un"
Lenços de Bolso Mini 3 Folhas,Continente,emb. 15 un,"€1,69/un","€0,11/un"
Lenços de Bolso,Renova,emb. 8 un,"€0,94/un","€0,16/un"
Papel Higiénico 3 Folhas Protect Rosa,Colhogar,emb. 12 rolos,"€6,89/un","€0,57/un"
Papel Higiénico 3 Folhas Acolchoado,Scottex,emb. 9 rolos,"€5,99/un","€0,67/un"
Papel Higiénico 100% Reciclado Compacto,Continente Eco,emb. 12 rolos = 24 rolos,"€5,39/un","€0,45/un"
Lenços de Bolso 3 Folhas,Continente,emb. 10 un,"€1,19/un","€0,12/un"
Papel Higiénico Húmido Pure,Colhogar,emb. 80 un,"€2,39/un","€0,03/un"
Papel Higiénico Húmido,Renova,emb. 40 un + Oferta 20 un,"€1,57/un","€0,04/un"
Papel Higiénico Húmido Sensitive,Scottex,emb. 66 un,"€2,24/un","€0,03/un"
Papel Higiénico 3 Folhas Protect Branco,Colhogar,emb. 18 rolos,"€11,99/un","€0,67/un"
Papel Higiénico 3 Folhas Puríssimo,Renova,emb. 24 rolos,"€10,98/un","€0,46/un"
Papel Higiénico 4 Folhas Deco,Renova,emb. 12 rolos,"€7,19/un","€0,60/un"
Papel Higiénico Húmido Aloé Vera,Colhogar,emb. 80 un,"€2,39/un","€0,03/un"
Papel Higiénico 3 Folhas Skin Care Puríssimo,Renova,emb. 12 un,"€4,99/un","€0,42/un"
Papel Higiénico 3 Folhas Protect Branco,Colhogar,emb. 6 rolos,"€4,04/un","€1,01/un"
Papel Higiénico Húmido Spa Sensation,Scottex,emb. 66 un,"€2,24/un","€0,03/un"
Papel Higiénico 4 Folhas Royal,Renova,emb. 9 rolos,"€5,39/un","€0,60/un"
Papel Higiénico Mega Rolo Compacto,Scottex,emb. 24 rolos = 48 rolos,"€17,99/un","€0,75/un"
Papel Higiénico Húmido Kids,Renova,emb. 60 un,"€1,57/un","€0,04/un"
Papel Higiénico 3 Folhas Pure Natural,Colhogar,emb. 12 rolos,"€7,86/un","€0,66/un"
Lenços Faciais,Scottex,emb. 70 un,"€1,49/un","€0,02/un"
Lenço Facial Design Pop,Renova,emb. 50 un,"€1,89/un","€0,04/un"
Papel Higiénico Extra XXL Compacto,Renova,emb. 6 rolos = 15 rolos,"€3,16/un","€0,53/un"
Papel Higiénico 2 Folhas Super,Renova,emb. 24 rolos,"€6,89/un","€0,38/un"
Papel Higiénico 3 Folhas Pure Natural,Colhogar,emb. 6 rolos,"€3,96/un","€0,66/un"
Lenços de Bolso Pure Natural,Colhogar,emb. 12 un,"€2,19/un","€0,18/un"
Lenços de Bolso Mentolados 3 Folhas,Continente,emb. 10 un,"€1,39/un","€0,14/un"
Papel Higiénico Mega Rolo,Scottex,emb. 12 rolos = 24 rolos,"€9,29/un","€0,77/un"
Papel Higiénico 100% Reciclado Compacto,Continente Eco,emb. 4 rolos = 12 rolos,"€2,69/un","€0,67/un"
Lenços de Bolso Collection 4 Folhas,Kleenex,emb. 15 un,"€2,35/un","€0,16/un"
Lenços de Bolso Infantil 3 Folhas,Continente,emb. 6 un,"€0,89/un","€0,15/un"
Papel Higiénico 4 Folhas Creme,Renova,emb. 12 rolos,"€7,19/un","€0,60/un"
Lenços de Bolso Patrulha Pata,Colhogar,emb. 12 un,"€2,19/un","€0,18/un"
Lenços Faciais Style,Colhogar,emb. 66 un,"€2,29/un","€0,03/un"
Papel Higiénico 3 Folhas Acolchoado,Continente,emb. 12 rolos,"€5,99/un","€0,50/un"
Papel Higiénico 3 Folhas 100% Recycled,Renova,emb. 9 rolos,"€3,99/un","€0,44/un"
Lenços Faciais Plenitude,Renova,emb. 200 un,"€2,09/un","€0,01/un"
Lenços de Bolso,Scottex,emb. 10 un,"€1,75/un","€0,18/un"
Lenços de Bolso Original 4 Folhas,Kleenex,emb. 12 un,"€1,99/un","€0,17/un"
Lenços Faciais Active 3 Folhas,Renova,emb. 70 un,"€1,55/un","€0,02/un"
Papel Higiénico 3 Folhas Dermocuidado,Scottex,emb. 4 + 2 rolos,"€3,75/un","€0,63/un"
Papel Higiénico Húmido Fraicheur Travel,Renova,emb. 12 un,"€1,49/un","€0,12/un"
Papel Higiénico 3 Folhas Balance,Renova,emb. 4 rolos,"€2,49/un","€0,62/un"
Papel Higiénico 3 Folhas Seda,Foxy,emb. 9 rolos,"€9,69/un","€1,08/un"
Papel Higiénico Húmido Aloé Vera,Colhogar,emb. 42 un,"€1,59/un","€0,04/un"
Lenços de Bolso Compacto,Colhogar,emb. 6 un,"€0,89/un","€0,15/un"
Papel Higiénico 5 Folhas Just 1,Colhogar,emb. 6 rolos,"€4,73/un","€0,79/un"
Lenços de Bolso 100% Recycled 3 Folhas,Renova,emb. 10 x 10 un,"€1,19/un","€0,12/un"
Lenços de Bolso Disney,Kleenex,emb. 15 un,"€2,35/un","€0,16/un"
Papel Higiénico Húmido Kid's Travel,Renova,emb. 12 un,"€1,49/un","€0,12/un"
Lenços de Bolso Sensitive 4 Folhas,Renova,emb. 6 un,"€0,99/un","€0,17/un"
Lenços Faciais Pure Natural,Colhogar,emb. 80 un,"€2,19/un","€0,03/un"
Lenços de Bolso Design 4 Folhas,Renova,emb. 6 un,"€0,99/un","€0,17/un"
Lenços de Bolso Sensitive Mentol 4 Folhas,Renova,emb. 6 un,"€0,89/un","€0,15/un"
Papel Higiénico 3 Folhas Black,Renova,emb. 6 un,"€7,99/un","€1,33/un"
Lenços Faciais Allergy Comfort,Kleenex,emb. 56 un,"€1,99/un","€0,04/un"
Lenços Faciais,NBR,emb. 150 un,"€0,99/un","€0,01/un"
Papel Higiénico 3 Folhas Design Natal,Renova,emb. 4 rolos,"€2,99/un","€0,75/un"
Papel Higiénico 5 Folhas,Foxy,emb. 4 rolos,"€6,89/un","€1,72/un"
Leite Infantil 1-3A,Mimosa,emb. 1 lt,"€1,79/un","€1,79/lt"
Leite Infantil 1-3A,Mimosa,emb. 4 x 200 ml,"€2,19/un","€2,74/lt"
Leite de Crescimento Júnior 1-3A,Aptamil,emb. 1 lt,"€2,39/un","€2,39/lt"
Leite Infantil +3A,Mimosa,emb. 4 x 200 ml,"€2,19/un","€2,74/lt"
Leite em Pó de Transição Optipro 2 +6M,Nan,emb. 800 gr,"€13,59/un","€16,99/kg"
Cadeira de Refeição Branca,Happy Bear,1 un,"€19,99/un","€19,99/un"
Leite Infantil +3A,Mimosa,emb. 1 lt,"€1,79/un","€1,79/lt"
Leite em Pó 4 de Crescimento +12M,Aptamil,emb. 750 gr,"€9,94/un","€13,25/kg"
Leite em Pó de Crescimento 5 +24M,Aptamil,emb. 750 gr,"€9,24/un","€12,32/kg"
Leite em Pó de Transição 2 +6M,Aptamil,emb. 800 gr,"€16,69/un","€20,86/kg"
Leite em Pó Optipro para Lactentes 1 até 6M,Nan,emb. 800 gr,"€16,59/un","€20,74/kg"
Leite em Pó de Transição 3 +9M,Aptamil,emb. 800 gr,"€16,69/un","€20,86/kg"
Leite em Pó para Lactentes 1 até 6M,Aptamil,emb. 800 gr,"€16,69/un","€20,86/kg"
Leite em Pó de Continuação Pro Alfa 2 +6M,Nutribén,emb. 800 gr,"€15,99/un","€19,99/kg"
Leite em Pó Supreme H.A. para Lactentes Desde o Nascimento 1 até 6M,Nan,emb. 800 gr,"€25,99/un","€32,49/kg"
Leite em Pó Confort Desde o Nascimento 1 até 6M,Nan,emb. 800 gr,"€23,99/un","€29,99/kg"
Leite em Pó Confort para Lactentes 1 até 6M,Aptamil,emb. 800 gr,"€20,29/un","€25,36/kg"
Leite em Pó Confort 2 +6M,Aptamil,emb. 800 gr,"€20,29/un","€25,36/kg"
Leite em Pó para Lactentes 1 até 6M,Aptamil,emb. 400 gr,"€8,49/un","€21,23/kg"
Leite em Pó de Transição Supreme H.A. 2 +6M,Nan,emb. 800 gr,"€25,99/un","€32,49/kg"
Leite em Pó Confort 2 +6M,Nan,emb. 800 gr,"€23,99/un","€29,99/kg"
Leite em Pó de Transição Prosyneo HA 2 +6M,Aptamil,emb. 800 gr,"€22,39/un","€27,99/kg"
Leite em Pó para Lactentes Pro Alfa 1 até 6M,Nutribén,emb. 800 gr,"€15,99/un","€19,99/kg"
Leite Líquido Optipro para Lactentes Desde o Nascimento 1 até 6M,Nan,emb. 200 ml,"€1,99/un","€9,95/lt"
Leite em Pó Prosyneo HA para Lactentes 1 até 6M,Aptamil,emb. 800 gr,"€22,39/un","€27,99/kg"
Leite em Pó Confort para Lactentes Desde o Nascimento até 6M,Nutribén,emb. 800 gr,"€19,69/un","€24,61/kg"
Leite em Pó Confort para Lactentes 1 até 6M,Aptamil,emb. 400 gr,"€11,19/un","€27,98/kg"
Doseador Leite em Pó,Tigex,1 un,"€6,99/un","€6,99/un"
Tetinas Látex Fluxo Papa,Neo Baby,2 un,"€3,49/un","€3,49/un"
Biberão 150ml Silicone Variável 0-6M Emotion,Bebe Confort,1 un,"€5,99/un","€5,99/un"
Leite em Pó de Transição Optipro 4 +24M,Nan,emb. 800 gr,"€9,99/un","€12,49/kg"
Bebida Láctea Júnior 1-3A,Nestlé Junior,emb. 1 lt,"€2,16/un","€2,16/lt"
Bebida Láctea Junior +3A,Nestlé Junior,emb. 1 lt,"€2,16/un","€2,16/lt"
Leite em Pó de Transição Optipro 3 +12M,Nan,emb. 800 gr,"€10,79/un","€13,49/un"
Escovilhão 2 em 1 Azul,Tigex,1 un,"€4,99/un","€4,99/un"
Leite em Pó Transição de Transição Optipro 2 +6M,Nan,emb. 1.2 kg,"€18,09/un","€15,08/kg"
Bebida Láctea com Sabor a Cereais Junior 1-3A,Nestlé Junior,emb. 1 lt,"€2,37/un","€2,37/lt"
Bebida Láctea com Sabor a Bolacha Junior 1-3A,Nestlé Junior,emb. 1 lt,"€2,37/un","€2,37/lt"
Saqueta de Fruta Maçã e Manga +8M,Continente,emb. 90 gr,"€0,74/un","€8,22/kg"
Saqueta de Fruta Maçã e Banana +8M,Continente,emb. 90 gr,"€0,74/un","€8,22/kg"
Saqueta de Fruta Banana e Morango +8M,Continente,emb. 90 gr,"€0,74/un","€8,22/kg"
Saqueta de Fruta Multifrutos +8M,Continente,emb. 90 gr,"€0,74/un","€8,22/kg"
"Saqueta de Fruta Pêssego, Maçã e Banana +8M",Continente,emb. 90 gr,"€0,74/un","€8,22/kg"
Saqueta de Fruta Multrifrutas +6M,Nestlé,emb. 90 gr,"€1,05/un","€11,67/kg"
Saqueta de Frutos Tropicais +8M,Continente,emb. 90 gr,"€0,74/un","€8,22/kg"
Saqueta de Fruta Maçã e Manga +6M,Nestlé,emb. 90 gr,"€1,05/un","€11,67/kg"
Saqueta de Fruta Banana e Maçã +4M,Nestlé,emb. 90 gr,"€1,05/un","€11,67/kg"
Saqueta de Fruta Frutos Variados Frutapura +6M,Blédina,emb. 85 gr,"€0,74/un","€8,71/kg"
"Saqueta de Fruta Maçã, Banana e Morango +8M",Nestlé,emb. 90 gr,"€1,05/un","€11,67/kg"
"Saqueta de Fruta Maçã, Banana e Laranja +8M",Continente,emb. 90 gr,"€0,74/un","€8,22/kg"
Saqueta de Fruta Maçã e Pera Frutapura +6M,Blédina,emb. 85 gr,"€0,74/un","€8,71/kg"
Saqueta de Fruta Maçã e Banana Frutapura +6M,Blédina,emb. 85 gr,"€0,74/un","€8,71/un"
Saqueta de Fruta Maçã e Morango +8M,Continente,emb. 90 gr,"€0,74/un","€8,22/kg"
Saqueta de Fruta Banana e Morango Frutapura +8M,Blédina,emb. 85 gr,"€0,74/un","€8,71/un"
"Saqueta de Fruta Maçã, Manga e Laranja Frutapura +6M",Blédina,emb. 85 gr,"€0,74/un","€0,87/kg"
Saqueta de Fruta Maçã e Ananás +8M,Continente,emb. 90 gr,"€0,74/un","€8,22/kg"
Conjunto de Saquetas de Fruta Maçã e Banana +3A,GoGo squeeZ,emb. 4 x 90 gr,"€2,99/un","€8,31/kg"
Conjunto de Saquetas de Fruta Maçã e Morango +3A,GoGo squeeZ,emb. 4 x 90 gr,"€2,99/un","€8,31/kg"
Nestum Mel Zero +3A,Nestum,emb. 250 gr,"€1,84/un","€7,36/kg"
"Saqueta de Fruta Banana, Laranja e Bolacha +6M",Nestlé,emb. 90 gr,"€1,05/un","€11,67/kg"
Puré de Fruta Multifrutas +6M,Continente do Bebé,emb. 4 x 100 gr,"€1,69/un","€4,23/kg"
Snack para Bebé Morango e Banana +8M,Continente do Bebé,emb. 20 gr,"€0,99/un","€49,50/un"
Saqueta de Fruta Maçã e Pêssego +6M,Nestlé,emb. 90 gr,"€1,05/un","€11,67/kg"
Puré de Fruta Manga e Maçã +8M,Continente do Bebé,emb. 4 x 100 gr,"€1,69/un","€4,23/kg"
Nestum Arroz Zero +3A,Nestum,emb. 250 gr,"€2,14/un","€8,56/kg"
"Saqueta de Fruta Pera, Banana e Alperce Frutapura +6M",Blédina,emb. 85 gr,"€0,74/un","€0,87/kg"
Conjunto de Saquetas de Fruta Maçã e Frutos Tropicais +3A,GoGo squeeZ,emb. 4 x 90 gr,"€2,99/un","€8,31/kg"
Saqueta de Frutos Multifrutos e Aveia +8M,Continente,emb. 90 gr,"€0,74/un","€8,22/kg"
"Saqueta de Fruta Maçã, Pera e Cenoura +8M",Continente,emb. 90 gr,"€0,74/un","€8,22/kg"
Conjunto de Saquetas de Fruta Maçã +3A,GoGo squeeZ,emb. 4 x 90 gr,"€2,99/un","€8,31/kg"
Saqueta de Fruta Tutti Frutti +12M,Nestlé,emb. 110 gr,"€1,25/un","€11,36/kg"
Puré de Fruta Maçã e Banana +4M,Continente do Bebé,emb. 4 x 100 gr,"€1,69/un","€4,23/kg"
"Papa Infantil Láctea Aveia, Manga e Banana Seleção da Natureza +6M",Cerelac,emb. 240 gr,"€2,59/un","€10,79/kg"
Snack para Bebé Fruta e Vegetais +8M,Continente do Bebé,emb. 20 gr,"€0,99/un","€49,50/kg"
Nestum Chocolate +3A,Nestum,emb. 250 gr,"€1,84/un","€7,36/kg"
Alimento Lácteo Banana +6M,Yogolino,emb. 4 x 100 gr,"€2,29/un","€5,73/kg"
Saqueta de Fruta Banana e Morango +12M,Nestlé,emb. 110 gr,"€1,25/un","€11,36/kg"
Conjunto de Saquetas de Fruta Maçã e Pera +3A,GoGo squeeZ,emb. 4 x 90 gr,"€2,99/un","€8,31/kg"
Conjunto de Saquetas de Fruta Maçã e Manga +3A,GoGo squeeZ,emb. 4 x 90 gr,"€2,99/un","€8,31/kg"
Puré de Fruta 4 Frutas e Aveia +8M,Continente do Bebé,emb. 4 x 100 gr,"€1,69/un","€4,23/kg"
Nestum Espelta e Aveia Zero +3A,Nestum,emb. 250 gr,"€1,84/un","€7,36/kg"
Saqueta de Fruta para Bebé 4 Frutas +4M,Nestlé,emb. 90 gr,"€1,05/un","€11,67/kg"
Puré de Fruta de Maçã +4M,Continente do Bebé,emb. 4 x 100 gr,"€1,69/un","€4,23/kg"
Farinha com Cacau e Alfarroba Pensal +3A,Nestlé,emb. 250 gr,"€2,59/un","€10,36/kg"
Nestum Mel +3A,Nestum,emb. 300 gr,"€2,29/un","€7,63/kg"
Saqueta de Fruta Multifrutos e Espelta +8M,Continente,emb. 90 gr,"€0,74/un","€8,22/kg"
"Saqueta de Fruta Banana, Morango e Quinoa +8M",Continente,emb. 90 gr,"€0,74/un","€8,22/kg"
Saqueta de Frutas Variadas +12M,Nestlé,emb. 110 gr,"€1,25/un","€11,36/kg"
"Papa Infantil Láctea Aveia, Pera e Banana Seleção da Natureza +6M",Cerelac,emb. 240 gr,"€2,59/un","€10,79/kg"
"Saqueta de Fruta Maçã, Banana e Pêssego +4M",Hero Baby,emb. 100 gr,"€0,78/un","€7,80/kg"
"Puré de Fruta Banana, Tangerina e Pera +8M",Continente do Bebé,emb. 4 x 100 gr,"€1,69/un","€4,23/kg"
Snack para Bebé de Banana NutriPuffs +8M,Cerelac,emb. 7 gr,"€0,64/un","€91,43/gr"
Alimento Lácteo Pera +6M,Yogolino,emb. 4 x 100 gr,"€2,29/un","€5,73/kg"
Puré de Fruta Maçã e Pera +4M,Continente do Bebé,emb. 4 x 100 gr,"€1,69/un","€4,23/kg"
Conjunto de Saquetas de Fruta Maçã e Pêssego +3A,GoGo squeeZ,emb. 4 x 90 gr,"€2,99/un","€8,31/kg"
Papa Infantil Láctea 5 Frutos +6M,Cerelac,emb. 250 gr,"€2,54/un","€10,16/kg"
Saqueta de Fruta Maçã e Banana +4M,Hero Baby,emb. 100 gr,"€0,78/un","€7,80/kg"
Alimento Lácteo Morango +6M,Yogolino,emb. 4 x 100 gr,"€2,29/un","€5,73/kg"
"Saqueta de Fruta Maçã, Banana e Frutos do Bosque Frutapura +8M",Blédina,emb. 85 gr,"€0,74/un","€8,71/kg"
Alimento Lácteo Cereais e Bolacha Maria +6M,Yogolino,emb. 4 x 100 gr,"€2,29/un","€5,73/kg"
Papa Infantil Farinha Láctea Multifrutos +6M,Continente do Bebé,emb. 250 gr,"€2,29/un","€9,16/kg"
Puré de Fruta Ameixa e Maçã +6M,Blédina,emb. 4 x 95 gr,"€2,79/un","€7,34/kg"
Snack para Bebé Ervilha e Queijo +8M,Continente do Bebé,emb. 20 gr,"€0,99/un","€49,50/kg"
"Saqueta de Fruta Maçã, Banana e Aveia +6M",Nestlé,emb. 90 gr,"€1,05/un","€11,67/kg"
"Puré de Fruta Banana, Maçã, Laranja e Bolacha +8M",Continente do Bebé,emb. 4 x 100 gr,"€1,69/un","€4,23/kg"
"Saqueta de Fruta Banana, Morango e Maçã Minions +12M",Hero,emb. 100 gr,"€0,78/un","€7,80/kg"
"Saqueta de Fruta e Legumes Maçã, Abóbora e Batata Doce +8M",Continente,emb. 90 gr,"€0,74/un","€8,22/kg"
"Saqueta de Fruta Maçã, Cenoura e Manga +6M",Nestlé,emb. 90 gr,"€1,05/un","€11,67/kg"
Alimento Lácteo Alperce +6M,Yogolino,emb. 4 x 100 gr,"€2,29/un","€5,73/kg"
Nestum 5 Cereais com Cereais Integrais +3A,Nestum,emb. 250 gr,"€1,84/un","€7,36/kg"
"Puré de Fruta Maçã, Manga e Maracujá +8M",Blédina,emb. 4 x 95 gr,"€2,79/un","€7,34/kg"
"Saqueta de Fruta Iogurte, Banana e Morango Minions +12M",Hero,emb. 100 gr,"€0,78/un","€7,80/kg"
"Refeição para Bebé Batata, Abóbora e Peru +6M",Nestlé,emb. 190 gr,"€2,19/un","€11,53/kg"
Alimento Lácteo Pêssego e Banana +6M,Yogolino,emb. 4 x 100 gr,"€2,29/un","€5,73/kg"
Bolachinhas para Bebé Saquetas +6M,Cerelac,emb. 4 x 45 gr,"€2,84/un","€15,78/kg"
Refeição para Bebé Legumes com Vitela +6M,Nestlé,emb. 190 gr,"€2,19/un","€11,53/kg"
Puré de Fruta Pera +4M,Continente do Bebé,emb. 4 x 100 gr,"€1,69/un","€4,23/kg"
"Papa Infantil Láctea Aveia, Maçã e Cenoura Seleção da Natureza +6M",Cerelac,emb. 240 gr,"€2,59/un","€10,79/kg"
Papa Infantil Farinha Láctea com Frutas +6M,Nutribén,emb. 600 gr,"€4,25/un","€7,08/kg"
"Papa Infantil Láctea Aveia, Maçã e Ameixa Seleção da Natureza +6M",Cerelac,emb. 240 gr,"€2,59/un","€10,79/kg"
Papa Infantil Farinha Láctea com Cereais +6M,Continente,emb. 1 kg,"€4,99/un","€4,99/kg"
Alimento Lácteo Cereais e Baunilha +6M,Yogolino,emb. 4 x 100 gr,"€2,29/un","€5,73/kg"
Saqueta Multifrutos com Bolacha +6M,Hero Baby,emb. 100 gr,"€0,78/un","€7,80/kg"
Nestum Mel com Cereais Integrais +3A,Nestum,emb. 250 gr,"€1,84/un","€7,36/kg"
Papa Infantil para Preparar com Leite +6M,Cerelac,emb. 250 gr,"€1,49/un","€5,96/kg"
Papa Infantil Trigo e Frutas Pequeno Almoço +12M,Nutribén,emb. 375 gr,"€2,99/un","€7,97/kg"
Bolachinhas Animais +12M,Hero Solo,emb. 100 gr,"€2,15/un","€21,50/kg"
"Puré de Fruta Maçã, Kiwi e Ananás +8M",Blédina,emb. 4 x 95 gr,"€2,79/un","€7,34/kg"
Papa Infantil Farinha Láctea Maçã +6M,Continente do Bebé,emb. 250 gr,"€2,29/un","€9,16/kg"
Papa Infantil Farinha Láctea 8 Cereais e Mel +6M,Continente do Bebé,emb. 2 x 250 ml,"€1,99/un","€3,98/lt"
Papa Infantil Não Láctea Bolacha Maria +6M,Cerelac,emb. 250 gr,"€1,89/un","€7,56/kg"
Papa Infantil Farinha Láctea Multicereais +6M,Continente do Bebé,emb. 2 x 250 ml,"€1,99/un","€3,98/lt"
Papa infantil Não Láctea Multicereais +6M,Cerelac,emb. 250 gr,"€1,89/un","€7,56/kg"
Alimento Lácteo Morango e Banana +8M,Yogolino,emb. 4 x 100 gr,"€2,29/un","€5,73/kg"
Leite Cereais Pijama +6M,Cerelac,emb. 2 x 200 ml,"€2,14/un","€5,35/lt"
Papa Infantil Láctea Banana e Laranja +6M,Cerelac,emb. 250 gr,"€2,54/un","€10,16/kg"
Puré de Fruta Maçã e Pera +6M,Blédina,emb. 4 x 95 gr,"€2,79/un","€7,34/kg"
"Saqueta de Fruta Maçã, Banana e Cenoura +4M",Hero Solo,emb. 100 gr,"€1,03/un","€10,30/kg"
"Saqueta de Fruta Laranja, Banana, Pera e Bolacha Minions +12M",Hero,emb. 100 gr,"€0,78/un","€7,80/kg"
Boião de Fruta Maça e Manga +6M,Nestlé,emb. 4 x 100 gr,"€3,29/un","€8,23/kg"
Pack Puré de Fruta Maçã e Banana +6M,Blédina,emb. 8 x 95 gr,"€4,89/un","€6,43/kg"
Papa Infantil Farinha Láctea +6M,Cerelac,emb. 500 gr,"€2,99/un","€5,98/kg"
Bolacha para Bebé +8M,Hero Baby,emb. 6 x 150 gr,"€1,99/un","€13,27/kg"
Leite e Cereais Bolacha Maria +6M,Cerelac,emb. 2 x 200 ml,"€2,14/un","€5,35/lt"
"Saqueta de Fruta Banana, Pera e Laranja +4M",Hero Solo,emb. 100 gr,"€1,03/un","€10,30/kg"
Refeição para Bebé Esparguete com Frango +10M,Nestlé,emb. 190 gr,"€2,19/un","€11,53/kg"
Papa Infantil Láctea Frutos Variados +6M,Blédina,emb. 200 gr,"€3,08/un","€15,40/kg"
Boião de Fruta 7 Frutos +6M,Nestlé,emb. 4 x 100 gr,"€3,29/un","€8,23/kg"
Papa Infantil Farinha Láctea Cereais e Fruta +6M,Continente do Bebé,emb. 2 x 250 ml,"€1,99/un","€3,98/lt"
Saqueta de Fruta e Bolacha +12M,Nestlé,emb. 110 gr,"€1,25/un","€11,36/kg"
Farinha Láctea Pera +6M,Continente do Bebé,emb. 250 gr,"€2,29/un","€9,16/kg"
Nestum Bolacha Maria +3A,Nestum,emb. 250 gr,"€1,84/un","€7,36/kg"
Snack para Bebé de Framboesa NutriPuffs +8M,Cerelac,emb. 7 gr,"€0,64/un","€91,43/gr"
Boião de Fruta Pera e Maçã +4M,Hero Baby,emb. 120 gr,"€1,03/un","€8,58/kg"
Papa Infantil Láctea de Maçã +6M,Cerelac,emb. 250 gr,"€2,54/un","€10,16/kg"
Nestum Aveia e Morango com Cereais Integrais +3A,Nestum,emb. 250 gr,"€1,84/un","€7,36/kg"
"Papa Infantil Láctea Aveia, Quinoa e Ananás +6M",Cerelac,emb. 240 gr,"€2,59/un","€10,79/kg"
"Refeição para Bebé Legumes, Frango e Arroz +6M",Hero Baby,emb. 190 gr,"€1,59/un","€8,37/kg"
Nestum Super Digestão +3A,Nestum,emb. 210 gr,"€3,39/un","€16,14/kg"
Puré de Fruta Frutos Variados +6M,Blédina,emb. 4 x 95 gr,"€2,79/un","€7,34/kg"
Saqueta de Fruta Maçã +12M,Nestlé,emb. 110 gr,"€1,25/un","€11,36/kg"
Nestum Super Imunidade +3A,Nestum,emb. 210 gr,"€3,39/un","€16,14/kg"
Snack para Bebé Mini Bolachas de Arroz +3A,Blédina,emb. 30 gr,"€1,39/un","€46,33/kg"
Nestum Aveia e Maçã com Cereais Integrais +3A,Nestum,emb. 250 gr,"€1,84/un","€7,36/gr"
"Papa Infantil Farinha Láctea Aveia, Banana e Manga +6M",Continente do Bebé,emb. 250 gr,"€2,69/un","€10,76/kg"
Papa Infantil Farinha Não Láctea 8 Cereais e Fruta +6M,Hero Baby,emb. 340 gr,"€2,31/un","€6,79/kg"
Saqueta de Cereais e Mel Nestum +3A,Nestum,emb. 80 gr,"€0,99/un","€12,38/kg"
Saqueta de Fruta Maçã e Manga +3A,GoGo squeeZ,emb. 90 gr,"€0,79/un","€8,78/kg"
Refeição para Bebé Jardineira com Vitela +6M,Hero Baby,emb. 190 gr,"€1,59/un","€8,37/kg"
Saqueta de Fruta Maçã Disney Carros Frutapura +12M,Blédina,emb. 100 gr,"€1,09/un","€10,90/kg"
Alimento Lácteo de Banana e Pera sem Açúcar Naturnes Bio +6M,Nestlé,emb. 4 x 90 gr,"€2,99/un","€8,31/kg"
Papa Infantil Farinha Não Láctea 8 Cereais +6M,Hero Baby,emb. 340 gr,"€2,31/un","€6,79/kg"
Puré de Fruta Maça e Banana +4M,Nestlé,emb. 4 x 100 gr,"€3,29/un","€8,23/kg"
Alimento Lácteo de Morango e Maçã +8M,Yogolino,emb. 100 gr,"€0,84/un","€8,40/kg"
Flocos de Cereais com Mel,Continente,emb. 300 gr,"€1,69/un","€5,63/kg"
Saqueta de Fruta Banana e Maçã +3A,GoGo squeeZ,emb. 90 gr,"€0,79/un","€8,78/kg"
"Alimento Lácteo de Leite de Coco, Manga e Kiwi Naturnes Bio +6M",Nestlé,emb. 4 x 90 gr,"€3,75/un","€10,42/kg"
Papa Infantil Farinha Láctea 8 Cereais 4 Frutas +6M,Nutribén,emb. 250 gr,"€3,19/un","€12,76/kg"
Boião de Fruta Maçã e Pera +4M,Nestlé,emb. 4 x 100 gr,"€3,29/un","€8,23/kg"
Papa Infantil Farinha Láctea Maçã sem Glúten +4M,Nutribén,emb. 250 gr,"€3,19/un","€12,76/kg"
Bolachinhas para Bebé +8M,Blédina,emb. 125 gr,"€2,69/un","€21,52/un"
Papa Infantil Não Láctea 8 Cereais e Mel +6M,Cerelac,emb. 250 gr,"€1,89/un","€7,56/kg"
Saqueta de Fruta Maçã e Pêssego +3A,GoGo squeeZ,emb. 90 gr,"€0,79/un","€8,78/kg"
"Saqueta Maçã, Morango, Banana e Mirtilo +4M",Hero Solo,emb.100 gr,"€1,03/un","€10,30/kg"
Leite 6 Cereais e Mel +6M,Cerelac,emb. 2 x 200 ml,"€2,14/un","€5,35/lt"
"Boião de Fruta Pera, Banana e Cenoura +4M",Hero Baby,emb. 120 gr,"€1,03/un","€8,58/kg"
Saqueta de Cereais e Bolacha Maria Nestum +3A,Nestum,emb. 80 gr,"€0,99/un","€12,38/kg"
Papa Infantil Não Láctea Multicereais Solo +6M,Hero Baby,emb. 300 gr,"€2,39/un","€7,97/kg"
Papa Infantil Láctea Multifrutos sem Glúten +4M,Cerelac,emb. 250 gr,"€2,99/un","€11,96/kg"
Nestum Super Pele Saudável +3A,Nestum,emb. 210 gr,"€3,39/un","€16,14/kg"
"Saqueta de Fruta Maçã, Banana e Morango Disney Cars +12M",Blédina,emb. 100 gr,"€1,09/un","€10,90/kg"
Papa Infantil Farinha Não Láctea de Cereais +6M,Continente,emb. 750 gr,"€3,49/un","€4,65/kg"
Puré de Fruta Pera +4M,Blédina,emb. 4 x 95 gr,"€2,79/un","€7,34/kg"
Puré de Fruta Maçã e Banana +6M,Blédina,emb. 4 x 95 gr,"€2,79/un","€7,34/kg"
Papa Infantil Farinha Não Láctea 8 Cereais e Bolacha +6M,Hero Baby,emb. 340 gr,"€2,31/un","€6,79/kg"
Papa Infantil Farinha Láctea 1ª Papa +4M,Nutribén,emb. 250 gr,"€3,19/un","€12,76/kg"
Papa Infantil Láctea Bolacha +6M,Blédina,emb. 200 gr,"€3,08/un","€15,40/kg"
Farinha Láctea com Menos 40% de Açúcar +6M,Continente,emb. 1 kg,"€4,99/un","€4,99/kg"
Saqueta de Fruta Maçã +3A,GoGo squeeZ,emb. 90 gr,"€0,79/un","€8,78/kg"
Saqueta de Fruta Maçã e Pera +3A,GoGo squeeZ,emb. 90 gr,"€0,79/un","€8,78/kg"
"Papa Infantil Não Láctea Espelta, Morango e Framboesa +8M",Blédina,emb. 200 gr,"€2,77/un","€13,85/kg"
Alimento Lácteo de Banana +6M,Yogolino,emb. 100 gr,"€0,84/un","€8,40/kg"
Muesli Morango e Maçã +12M,Continente do Bebé,emb. 150 gr,"€2,79/un","€18,60/kg"
"Refeição para Bebé Frango, Vitela e Legumes +4M",Nutribén,emb. 235 gr,"€1,89/un","€8,04/kg"
"Papa Infantil Láctea Maçã, Frutos do Bosque e Aveia +8M",Blédina,emb. 200 gr,"€3,08/un","€15,40/kg"
Papa Infantil Farinha Láctea com Cereais +6M,Continente,emb. 500 gr,"€3,19/un","€6,38/kg"
"Infantil Farinha Láctea Aveia, Maçã, Abóbora e Cenoura +6M",Continente do Bebé,emb. 250 gr,"€2,69/un","€10,76/kg"
Boião de Fruta Banana +4M,Hero Baby,emb. 120 gr,"€1,03/un","€8,58/kg"
Papa Infantil Farinha Não Láctea Multifrutos sem Glúten +4M,Nutribén,emb. 250 gr,"€2,45/un","€9,80/kg"
Saqueta de Fruta Maçã e Morango +3A,GoGo squeeZ,emb. 90 gr,"€0,79/un","€8,78/kg"
"Boião de Fruta Maçã, Alperce e Banana +6M",Nestlé,emb. 125 gr,"€1,15/un","€9,20/kg"
"Saqueta de Fruta Banana, Morango e Iogurte +12M",Nutribén,emb. 90 gr,"€1,16/un","€12,89/kg"
Papa Infantil Láctea Aveia e Centeio Seleção da Natureza +6M,Cerelac,emb. 240 gr,"€2,59/un","€10,79/kg"
Refeição para Bebé Arroz de Tomate e Frango +6M,Blédina,emb. 200 gr,"€2,09/un","€10,45/kg"
"Boião de Fruta Maçã, Banana e Iogurte +6M",Hero Baby,emb. 120 gr,"€1,03/un","€8,58/kg"
Boião de 6 Frutas com Cereais +4M,Nutribén,emb. 120 gr,"€1,05/un","€8,75/kg"
Boião de Fruta Maçã e Bolacha +6M,Nestlé,emb. 125 gr,"€1,15/un","€9,20/kg"
Papa Infantil Farinha Multifrutos sem Glúten 1ª Papa +4M,Continente do Bebé,emb. 250 gr,"€2,59/un","€10,36/kg"
Puré de Fruta Maçã +4M,Blédina,emb. 4 x 95 gr,"€2,79/un","€7,34/kg"
Refeição para Bebé Creme de Abóbora e Batata +6M,Hero Baby,emb. 190 gr,"€1,59/un","€8,37/kg"
"Boião de Fruta de Maçã, Laranja e Bolacha +4M",Nutribén,emb. 120 gr,"€1,05/un","€8,75/kg"
Papa Infantil Não Láctea Arro +4M,Blédina,emb. 200 gr,"€2,26/un","€11,30/kg"
Refeição para Bebé Vitela com Legumes +6M,Blédina,emb. 200 gr,"€2,09/un","€10,45/kg"
"Alimento Lácteo de Leite de Coco, Maçã e Ananás Naturnes Bio +6M",Nestlé,emb. 4 x 90 gr,"€3,75/un","€10,42/kg"
Saqueta de Frutas Variadas Fruta & Go +12M,Nutribén,emb. 90 gr,"€0,99/un","€11,00/kg"
Pack Puré de Fruta Frutos Variados +6M,Blédina,emb. 8 x 95 gr,"€4,89/un","€6,43/kg"
Farinha Láctea Frutas sem Glúten +4M,Nutribén,emb. 250 gr,"€3,19/un","€12,76/kg"
Papa Infantil Farinha Não Láctea 8 Cereais e Mel +6M,Hero Baby,emb. 340 gr,"€2,31/un","€6,79/kg"
Papa Infantil Farinha Milho e Arroz sem Glúten 1ª Papa +4M,Continente do Bebé,emb. 250 gr,"€2,59/un","€10,36/kg"
Papa Infantil Farinha Não Láctea Creme de Arroz +4M,Hero Baby,emb. 220 gr,"€2,07/un","€9,41/kg"
"Saqueta de Fruta Pera, Banana, Laranja e Bolacha +6M",Nutribén,emb. 90 gr,"€0,99/un","€11,00/kg"
Papa Infantil Não Láctea 7 Cereais +6M,Blédina,emb. 200 gr,"€2,26/un","€11,30/kg"
Refeição para Bebé Frango com Legumes +4M,Nutribén,emb. 120 gr,"€1,19/un","€9,92/kg"
"Saqueta de Fruta Maçã, Morango, Banana e Cereja +8M",Blédina,emb. 85 gr,"€0,74/un","€8,71/kg"
Papa Infantil Não Láctea Milho e Arroz sem Glúten +4 Meses,Cerelac,emb. 250 gr,"€2,44/un","€9,76/kg"
Puré de Fruta Manga com Leite de Coco +6M,Blédina,emb. 4 x 95 gr,"€3,59/un","€9,45/kg"
Puré de Fruta Banana com Leite de Coco +6M,Blédina,emb. 4 x 95 gr,"€3,59/un","€9,45/kg"
Saqueta de Fruta Frutos Variados Frutapura +12M,Blédina,emb. 100 gr,"€1,09/un","€10,90/kg"
Boião de Fruta Banana e Maçã +4M,Nutribén,emb. 120 gr,"€1,05/un","€8,75/kg"
Alimento Lácteo Natural +6M,Yogolino,emb. 100 gr,"€0,84/un","€8,40/kg"
Papa Infantil Farinha Láctea Cereais e Bolacha +6M,Continente do Bebé,emb. 2 x 250 ml,"€1,99/un","€3,98/lt"
Puré de Fruta Coco com Leite de Coco +6M,Blédina,emb. 4 x 95 gr,"€3,59/un","€9,45/kg"
Refeição para Bebé Peru e Cenouras +6M,Blédina,emb. 2 x 200 gr,"€3,88/un","€9,70/kg"
Refeição para Bebé Vitela com Legumes +4M,Nutribén,emb. 120 gr,"€1,19/un","€9,92/kg"
Saqueta de Maçã e Banana Fruta & Go +6M,Nutribén,emb. 90 gr,"€0,99/un","€11,00/kg"
Babete com Mangas Tubarão Azul,Happy Bear,1 un,"€6,99/un","€6,99/un"
Babete Impermeável +12M Mickey,Tigex,1 un,"€6,99/un","€6,99/un"
Colher de Silicone +6M,Neo Baby,1 un,"€3,99/un","€3,99/un"
Prato Fundo +12M (várias cores),Neo Baby,1 un,"€5,99/un","€5,99/un"
Copo 360ml +36M Tritan Bite Proof (várias cores),Nuby,1 un,"€12,99/un","€12,99/un"
Papa Infantil Farinha Láctea 8 Cereais e Mel e 4 Frutas + 6M,Nutribén,emb. 250 gr,"€2,45/un","€9,80/kg"
Termos Inox com Neoprene 550ml Verde Holi,Jané,1 un,"€19,99/un","€19,99/un"
Termos Plástico 550ml Verde,Jané,1 un,"€8,99/un","€8,99/un"
Copo com Palha 360ml +12M Azul,Nuby,1 un,"€10,99/un","€10,99/un"
Termos Plástico 550ml Rosa,Jané,1 un,"€8,99/un","€8,99/un"
Papa Infantil Farinha Láctea 8 Cereais e Mel Bolacha Maria + 6M,Nutribén,emb. 250 gr,"€2,45/un","€9,80/kg"
Nestum Mel,Nestum,emb. 3 x 300 gr (Leve 3 pague 2),"€5,18/un","€8,63/kg"
Prato com Tampa e Colher +6M (várias cores),Tigex,1 un,"€9,99/un","€9,99/un"
Refeição para Bebé Feijão e Quinoa +8M,Gerber,emb. 190 gr,"€1,59/un","€8,37/kg"
Papa Infantil Farinha Láctea 8 Cereais e Mel +6M,Nutribén,emb. 250 gr,"€3,19/un","€12,76/kg"
Papa Infantil Farinha Láctea +6M,Cerelac,emb. 900 gr,"€4,99/un","€5,54/kg"
Papa Infantil Farinha Não Láctea Cereais +4M,Hero Baby,emb. 340 gr,"€2,79/un","€8,21/kg"
Snack Lentilhas e Milho +12M,Hero Solo,emb. 50 gr,"€1,59/un","€3,18/kg"
Papa Infantil para Preparar com Leite +6M,Cerelac,emb. 600 gr,"€3,39/un","€5,65/kg"
Refeição para Bebé Grão de Bico e Arroz +8M,Gerber,emb. 190 gr,"€1,59/un","€8,37/kg"
Papa Infantil Farinha Não Láctea 10 Cereais +6M,Nutribén,emb. 250 gr,"€2,45/un","€9,80/kg"
Nestum Mel +3A,Nestum,emb. 600 gr,"€4,14/un","€6,90/kg"
Snack para Bebé Cenoura +10M,Hero Solo,emb. 6 x 40 gr,"€1,59/un","€6,63/kg"
Toalhitas Bebé Cuidado Total,Dodot,emb. 3 x 48 un,"€5,61/un","€0,04/un"
Toalhitas Bebé Pure H2O 99% Água,Continente do Bebé,emb. 3 x 64 un,"€3,99/un","€0,02/un"
Toalhitas Bebé Aqua Pure,Dodot,emb. 3 x 48 un,"€5,39/un","€1,80/un"
Fraldas Activity Extra 12-17kg T5,Dodot,48 un,"€15,36/un","€0,32/un"
Fraldas Activity Extra +14kg T6+,Dodot,emb. 44 un,"€15,36/un","€0,35/un"
Fraldas Sensitive 2-5kg T1,Dodot,emb. 80 un,"€16,86/un","€0,21/un"
Fraldas Sensitive Extra 7-11kg T3,Dodot,emb. 60 un,"€16,49/un","€0,27/un"
Toalhitas Bebé,Bebibom,emb. 2 x 80 un,"€1,99/un","€0,01/un"
Fraldas Sensitive 4-8kg T2,Dodot,emb. 88 un,"€16,49/un","€0,19/un"
Fraldas Proteção e Conforto 17-28kg T6,Continente do Bebé,emb. 40 un,"€8,49/un","€0,21/un"
Fraldas Proteção e Conforto 9-15kg T4,Continente do Bebé,emb. 50 un,"€8,49/un","€0,17/un"
Fraldas Proteção e Conforto 13-18kg T5,Continente do Bebé,emb. 44 un,"€8,49/un","€0,19/un"
Box Fraldas Activity XXL 11-16kg T5,Dodot,emb. 126 un,"€37,49/un","€0,30/un"
Box Fraldas Activity XXL 9-14kg T4,Dodot,emb. 144 un,"€37,49/un","€0,26/un"
Fraldas Sensitive Extra 10-15kg T4,Dodot,emb. 52 un,"€16,49/un","€0,32/un"
Fraldas Activity Extra 10-15kg T4,Dodot,emb. 52 un,"€15,36/un","€0,30/un"
Toalhitas Bebé Hidratação,Continente do Bebé,emb. 4 x 72 un,"€3,65/un","€0,01/un"
Toalhitas Bebé Azul,Dodot,emb. 64 un,"€1,12/un","€1,12/un"
Fraldas Sensitive Extra 12-17kg T5,Dodot,48 un,"€16,49/un","€0,34/un"
Toalhitas Bebé Hidratação,Continente do Bebé,emb. 72 un,"€1,19/un","€0,02/un"
Box Fraldas Activity XXL +13kg T6,Dodot,117 un,"€37,49/un","€0,32/un"
Toalhitas Bebé Básico Recarga,Dodot,emb. 54 un,"€0,86/un","€0,86/un"
Box Fraldas Proteção 13-18kg T5,Continente do Bebé,emb. 2 x 44 un,"€12,49/un","€0,14/un"
Toalhitas Criança WC Melão,Kandoo,emb. 60 x 2 un,"€3,79/un","€3,79/un"
Fraldas Cueca Pants +15kg T6,Dodot,emb. 54 un,"€17,53/un","€0,32/un"
Papel Higiénico Húmido Melão,Continente,emb. 2 x 60 un,"€2,24/un","€0,02/un"
Toalhitas Bebé Azul,Dodot,emb. 6 x 64 un,"€6,51/un","€6,51/un"
Toalhitas Bebé Azul,Dodot,emb. 4 x 64 un,"€4,41/un","€1,10/un"
Fraldas Bebé Seco Extra 12-17 kg T5+,Dodot,emb. 56 un,"€13,49/un","€0,24/un"
Fraldas Cueca Pants 12-17kg T5,Dodot,emb. 58 un,"€17,53/un","€0,30/un"
Box Fraldas Proteção 9-15kg T4,Continente do Bebé,emb. 100 un,"€12,49/un","€0,12/un"
Fraldas Cueca Pants Activity Extra +15kg T6,Dodot,emb. 37 un,"€18,74/un","€0,51/un"
Fraldas Sensitive Extra +14kg T6,Dodot,44 un,"€16,49/un","€0,37/un"
Resguardo Bebé 60x60cm,Nunex,emb. 25 un,"€5,99/un","€5,99/un"
Fraldas Bebé Seco Extra +14 kg T6+,Dodot,emb. 48 un,"€13,49/un","€0,28/un"
Fraldas Cueca Pants Activity Extra 12-17kg T5,Dodot,emb. 40 un,"€18,74/un","€0,47/un"
Fraldas Proteção 17-28kg T6,Continente do Bebé,emb. 30 un,"€5,49/un","€0,18/un"
Toalhitas Bebé Pure H2O 99% Água,Continente do Bebé,emb. 64 un,"€1,39/un","€0,02/un"
Resguardo Berço 60 x 40 cm,Continente do Bebé,emb. 20 un,"€4,99/un","€0,25/un"
Fraldas Activity Extra 7-11kg T3,Dodot,emb. 60 un,"€15,36/un","€0,26/un"
Fraldas Bebé Seco 11-16kg T5,Dodot,emb. 54 un,"€11,24/un","€0,21/un"
Fraldas Cueca Atividade 17-28kg T6,Continente do Bebé,emb. 18 un,"€4,49/un","€0,25/un"
Box Fraldas Proteção 4-10kg T3,Continente do Bebé,emb. 112 un,"€12,49/un","€0,11/un"
Fraldas Bebé Seco +13kg T6,Dodot,emb. 44 un,"€11,24/un","€0,26/un"
Toalhitas Bebé Pure,Huggies,emb. 3 x 56 un,"€2,99/un","€0,02/un"
Toalhitas Criança WC Frutos do Bosque,Kandoo,60 x 2 un,"€3,79/un","€3,79/un"
Fraldas Bebé Seco Extra 7-11 kg T3+,Dodot,emb. 66 un,"€13,49/un","€0,20/un"
Fraldas Bebé Seco 9-14kg T4,Dodot,emb. 58 un,"€11,24/un","€0,19/un"
Cuecas DryNites Menino 17-30kg 4-7 Anos,Huggies,emb.16 un,"€13,99/un","€13,99/un"
Fraldas Activity 9-14kg T4,Dodot,emb. 58 un,"€15,74/un","€0,27/un"
Resguardo Cama 60x90 cm,Continente do Bebé,emb. 10 un,"€3,79/un","€0,38/un"
Cuecas DryNites Menino 27-57kg 8-15 Anos,Huggies,emb. 13 un,"€13,99/un","€13,99/un"
Toalhitas All Over Clean,Huggies,emb. 56 un,"€1,09/un","€1,09/un"
Fraldas Sensitive Recém Nascido < 3kg T0,Dodot,emb. 24 un,"€5,99/un","€0,25/un"
Fraldas Cueca Atividade 13-18kg T5,Continente do Bebé,emb. 20 un,"€4,49/un","€0,22/un"
Fraldas Cueca Pants 9-15kg T4,Dodot,emb. 62 un,"€17,53/un","€0,28/un"
Toalhitas Bebé Sensitive Recarga,Dodot,emb. 4 x 54 un,"€5,99/un","€1,50/un"
Box Fraldas Bebé Seco 11-16kg T5,Dodot,emb. 116 un,"€24,74/un","€0,21/un"
Box Fraldas Activity XXL 6-10kg T3,Dodot,emb. 168 un,"€37,49/un","€0,22/un"
Toalhitas Bebé Hidratação,Continente do Bebé,emb. 24 un,"€0,54/un","€0,02/un"
Fraldas Activity 11-16kg T5,Dodot,52 un,"€15,74/un","€0,30/un"
Toalhitas Naturais Biodegradáveis,Huggies,emb. 48 un,"€1,49/un","€0,03/un"
Fraldas Cueca Pants +15kg T6,Dodot,emb. 27 un,"€7,49/un","€0,28/un"
Box Fraldas Activity XXL 9-14kg T4,Dodot,emb. 192 un,"€46,86/un","€0,24/un"
Toalhitas Criança WC Melão,Kandoo,emb. 60 un,"€3,19/un","€3,19/un"
Fraldas Proteção 9-15kg T4,Continente do Bebé,emb. 50 un,"€6,49/un","€0,13/un"
Toalhitas Bebé Hidratação,Continente do Bebé,emb. 72 un,"€1,29/un","€0,02/un"
Fraldas Sensitive 4-8kg T2,Dodot,emb. 58 un,"€10,86/un","€0,19/un"
Box Fraldas Bebé Seco 9-14kg T4,Dodot,emb. 128 un,"€24,74/un","€0,19/un"
Fraldas Cueca Pants Activity Extra 9-15kg T4,Dodot,emb. 45 un,"€18,74/un","€0,42/un"
Fraldas Proteção 13-18kg T5,Continente do Bebé,emb. 44 un,"€6,49/un","€0,15/un"
Cuecas DryNites Menina 27-57kg 8-15 Anos,Huggies,emb. 13 un,"€13,99/un","€13,99/un"
Toalhitas Bebé Activity Recarga,Dodot,emb. 6 x 54 un,"€8,61/un","€8,61/un"
Fraldas Active Dry 9-15kg T4,Nunex,emb. 50 un,"€8,24/un","€8,24/un"
Toalhitas Bebé,Chicco,emb. 6 x 72 un,"€6,24/un","€6,24/un"
Box Fraldas Sensitive XXL 6-10kg T3,Dodot,emb. 168 un,"€41,33/un","€0,25/un"
Box Fraldas Sensitive XXL 4-8kg T2,Dodot,emb. 232 un,"€38,02/un","€0,16/un"
Fraldas Activity +13kg T6,Dodot,46 un,"€15,74/un","€0,34/un"
Toalhitas Bebé Sensitive Biodegradáveis,Nunex,emb. 54 un,"€1,14/un","€1,14/un"
Toalhitas Bebé Activity Recarga,Dodot,emb. 4 x 54 un,"€5,99/un","€1,50/un"
Box Fraldas Activity XXL 11-16kg T5,Dodot,emb. 162 un,"€43,49/un","€0,27/un"
Box Fraldas Activity XXL 6-10kg T3,Dodot,emb. 224 un,"€47,99/un","€0,21/un"
Box Fraldas Bebé Seco +13kg T6,Dodot,emb. 100 un,"€24,74/un","€0,25/un"
Fraldas Cueca Atividade 9-15kg T4,Continente do Bebé,emb. 22 un,"€4,49/un","€0,20/un"
Toalhitas Bebé Sensitive,Dodot,emb. 72 un,"€2,01/un","€2,01/un"
Toalhitas Bebé Mãos Limpas,Dodot,emb. 40 un,"€1,12/un","€0,03/un"
Fraldas Pants +17kg T7,Dodot,emb. 44 un,"€17,53/un","€0,40/un"
Fraldas Cueca Pants 12-17kg T5,Dodot,emb. 30 un,"€7,49/un","€0,25/un"
Fraldas Proteção 4-10kg T3,Continente do Bebé,emb. 56 un,"€6,49/un","€0,12/un"
Fraldas Suavidade 2-5kg T1,Continente do Bebé,emb. 28 un,"€3,39/un","€0,12/un"
Toalhitas Bebé,Chicco,emb. 72 un,"€1,49/un","€1,49/un"
Fraldas Cuidado Total 9-14kg T4,Dodot,emb. 40 un,"€13,83/un","€0,35/un"
Fraldas Active Dry 17-28kg T6,Nunex,emb. 40 un,"€8,24/un","€8,24/un"
Toalhitas Bebé Sensitive Recarga,Dodot,emb. 6 x 54 un,"€8,61/un","€8,61/un"
Toalhitas Bebé Aqua Pure,Dodot,emb. 48 un,"€1,86/un","€1,86/un"
Fraldas Bebé Seco 6-10kg T3,Dodot,emb. 62 un,"€11,24/un","€0,18/un"
Toalhitas Bebé Pure Extra Care,Huggies,emb. 3 x 56 un,"€3,98/un","€3,98/un"
Toalhitas Bebé Cuidado Extra,Continente do Bebé,emb. 64 un,"€1,49/un","€0,02/un"
Fraldas Cueca Menina 15-23kg 2-4 Anos,Huggies,emb. 28 un,"€9,59/un","€9,59/un"
Fraldas Active Dry 13-18kg T5,Nunex,emb. 44 un,"€8,24/un","€8,24/un"
Box Fraldas Activity XXL +13kg T6,Dodot,emb. 117 un,"€35,24/un","€0,30/un"
Fraldas Sensitive 2-5kg T1,Dodot,emb. 44 un,"€9,36/un","€0,21/un"
Box Fraldas Sensitive XXL 2-5kg T1,Dodot,emb. 140 un,"€27,27/un","€0,19/un"
Fraldas Ultra Fit&Fun 16-30kg T6,Chicco,28 un,"€8,99/un","€8,99/un"
Cuecas Banho Little Swimmers 12-18kg T5-6,Huggies,emb. 11 un,"€8,49/un","€8,49/un"
Cuecas DryNites Menina 17-30kg 4-7 Anos,Huggies,emb. 16 un,"€13,99/un","€13,99/un"
Toalhitas Bebé Aquas Biodegradáveis,Kandoo,emb. 15 un,"€1,99/un","€0,13/un"
Fraldas Premium Care 3-6kg T2,Nunex,emb. 30 un,"€4,49/un","€4,49/un"
Fraldas Cuidado Total 11-16kg T5,Dodot,emb. 36 un,"€13,83/un","€0,38/un"
Fraldas Cueca Pull Ups Menina 12-17kg 1-3 Anos,Huggies,emb. 34 un,"€9,59/un","€9,59/un"
Toalhitas Biodegradáveis,Happy Planet,emb. 60 un,"€2,89/un","€0,05/un"
Cuecas Banho Splashers +14kg T5-6,Dodot,emb. 10 un,"€6,74/un","€0,67/un"
Fraldas Nature 13-18kg T5,Nunex,emb. 32 un,"€10,39/un","€10,39/un"
Toalhitas Bebé,Chicco,emb. 3 x 72 un,"€3,74/un","€3,74/un"
Fraldas Ultra Fit&Fun 12-25kg T5,Chicco,34 un,"€8,99/un","€8,99/un"
Fraldas Activity 6-10kg T3,Dodot,emb. 66 un,"€15,74/un","€0,24/un"
Fraldas Cuidado Total 2-5kg T1,Dodot,emb. 50 un,"€12,29/un","€0,25/un"
Toalhitas Fresh&Natural Biodegradáveis,Corine de Farme,emb. 56 un,"€2,29/un","€0,04/un"
Toalhitas Bebé Cuidado Total,Dodot,emb. 48 un,"€2,01/un","€0,04/un"
Toalhitas Bebé Rosto e Mãos,Corine de Farme,emb. 25 un,"€2,29/un","€2,29/un"
Fraldas Premium Care 2-4kg T1,Nunex,emb. 30 un,"€4,49/un","€4,49/un"
Cuecas DryNites Menina 16-23kg 3-5 Anos,Huggies,16 un,"€13,99/un","€13,99/un"
Toalhitas Bebé Water Essential,Corine de Farme,emb. 56 un,"€2,29/un","€0,04/un"
Toalhitas Bebé Biodegradáveis,Baby Dove,emb. 75 un,"€2,69/un","€0,04/un"
Fraldas Cueca Pull Ups Menino 15-23kg 2-4 Anos,Huggies,emb. 28 un,"€9,59/un","€9,59/un"
Fraldas Active Dry 4-10kg T3,Nunex,emb. 56 un,"€8,24/un","€8,24/un"
Cuecas Banho Little Swimmers 7-15kgs T3-4,Huggies,emb. 12 un,"€8,49/un","€8,49/un"
Fraldas Airy 11-25kg T5,Chicco,emb. 34 un,"€16,99/un","€16,99/un"
Fraldas Cueca Pants 9-15kg T4,Dodot,emb. 33 un,"€7,49/un","€0,23/un"
Fraldas Sensitive 4-8kg T2,Dodot,emb. 39 un,"€7,49/un","€0,19/un"
Cuecas Banho Splashers 9-15kg T4-5,Dodot,emb. 11 un,"€6,74/un","€0,61/un"
Toalhitas Bebé Ultra Soft&Pure,Chicco,emb. 4 x 60 un,"€9,99/un","€9,99/un"
Box Fraldas Cueca Pants Azul XXL 6-11kg T3,Dodot,emb. 120 un,"€22,11/un","€0,18/un"
Fraldas HappyJama Menino 27-55kg T8 8-12 Anos,Dodot,emb. 13 un,"€11,24/un","€0,86/un"
Toalhitas Bebé Ultra Soft&Pure,Chicco,emb. 2 x 60 un,"€5,99/un","€5,99/un"
Fraldas Cueca Pull Ups Menino 12-17kg,Huggies,emb. 34 un,"€9,59/un","€9,59/un"
Fraldas Airy 15-30kg T6,Chicco,emb. 28 un,"€16,99/un","€16,99/un"
Fraldas HappyJama Menina 27-55kg T8 8-12 Anos,Dodot,emb. 13 un,"€11,24/un","€0,86/un"
Fraldas Airy 4-9kg T3,Chicco,emb. 42 un,"€16,99/un","€16,99/un"
Fraldas Airy 2-5kg T1,Chicco,emb. 27 un,"€8,99/un","€8,99/un"
Fraldas Nature 4-10kg T3,Nunex,emb. 40 un,"€10,39/un","€10,39/un"
Cuecas Splashers T3,Dodot,12 un,"€6,74/un","€0,56/un"
Fraldas Airy 7-18kg T4,Chicco,emb. 38 un,"€16,99/un","€16,99/un"
Fraldas Airy 3-6kg T2,Chicco,emb. 50 un,"€16,99/un","€16,99/un"
Toalhitas Bebé Ultra Soft&Pure,Chicco,emb. 60 un,"€3,49/un","€3,49/un"
Cuecas DryNites Menino 16-23kg 3-5 Anos,Huggies,emb. 16 un,"€13,99/un","€13,99/un"
Toalhitas Bebé Sensitive,Nunex,emb. 5 x 54 un,"€4,79/un","€4,79/un"
Toalhitas Bebé Calm n Care,Septona,emb. 12 un,"€0,69/un","€0,69/un"
Fraldas Proteção e Conforto 13-18kg T5 Pack Poupança,Continente do Bebé,emb. 88 un,"€14,99/un","€0,17/un"
Box Toalhitas Bebé Nature 99% Água,Nunex,emb. 14 x 54 un,"€16,22/un","€1,16/un"
Fraldas Proteção e Conforto T6,Continente do Bebé,emb. 80 un,"€14,99/un","€0,19/un"
Toalhitas Bebé Laváveis e Reutilizáveis,Feel Natural,emb. 6 un,"€11,99/un","€11,99/un"
Toalhitas Bebé Calm n Care,Septona,emb. 60 un,"€1,49/un","€1,49/un"
Reforço de Fraldas Biodegradáveis,Feel Natural,emb. 100 un,"€8,99/un","€8,99/un"
Fraldas Bamboo 3-6kg T2,PureBorn,emb. 32 un,"€13,79/un","€13,79/un"
Fraldas Bamboo 5.5kg-8kg T3,PureBorn,emb. 28 un,"€13,99/un","€13,99/un"
Toalhitas Bebé Basic,Nunex,emb. 100 un,"€0,89/un","€0,89/un"
Toalhitas Bebé Nature 99% Água Biodegradáveis,Nunex,emb. 54 un,"€1,29/un","€1,29/un"
Toalhitas Bebé Frutos da Selva,Kandoo,emb. 2 x 60 un,"€3,99/un","€3,99/un"
Fraldas Proteção e Conforto 9-15kg T4 Pack Poupança,Continente do Bebé,emb. 100 un,"€14,99/un","€0,15/un"
Toalhitas Bebé Dermasoft Family,Septona,emb. 12 un,"€0,69/un","€0,06/un"
Fraldas Bamboo 11-18kg T5,PureBorn,emb. 22 un,"€14,69/un","€14,69/un"
Toalhitas Criança WC Aquas,Kandoo,emb. 60 un,"€3,65/un","€0,06/un"
Fraldas Cuidado Ecológico T5 13-18kg,Continente do Bebé,emb. 25 un,"€5,79/un","€0,23/un"
Fraldas Proteção e Conforto 4-10kg T3 Pack Poupança,Continente do Bebé,emb. 112 un,"€14,99/un","€0,13/un"
Fralda Lavável e Reutilizável Azul,Feel Natural,emb. 1 un,"€17,99/un","€17,99/un"
Fraldas Bamboo 0-5kg T1,PureBorn,emb. 34 un,"€12,89/un","€12,89/un"
Toalhitas Dermasoft Family,Septona,emb. 100 un,"€1,94/un","€0,02/un"
Fraldas Bamboo 7-12kg T4,PureBorn,emb. 24 un,"€14,69/un","€14,69/un"
Fraldas Cuidado Ecológico T4 9-15kg,Continente do Bebé,emb. 29 un,"€5,79/un","€0,20/un"
Compressas de Tecido Não Tecido 10 x 10 cm,Continente do Bebé,emb. 100 un,"€1,69/un","€0,02/un"
Soro Fisiológico Doses Individuais,Continente do Bebé,emb. 40 x 5 ml,"€3,69/un","€0,09/un"
Cotonetes com Proteção,Continente,emb. 56 un,"€0,54/un","€0,01/un"
Cotonetes para Bebé,Johnson's Baby,emb. 200 un,"€2,99/un","€2,99/un"
Banheira Muda Fraldas Happy,Happy Bear,1 un,"€99,99/un","€99,99/un"
Cotonetes com Proteção,Pinoca,56 un,"€1,24/un","€1,24/un"
Champô Criança Maçã,Continente,emb. 250 ml,"€1,49/un","€5,96/lt"
Champô Ultra Suave Crianças Alperce,Ultra Suave Garnier,emb. 600 ml,"€8,29/un","€13,82/lt"
Champô Criança Alperce,Continente,emb. 250 ml,"€1,49/un","€5,96/lt"
Gel de Banho Pastilha Elástica para Crianças,Continente,emb. 250 ml,"€1,69/un","€6,76/lt"
Champô Penteia Fácil para Crianças,Johnson's Baby,emb. 500 ml,"€3,91/un","€7,82/lt"
Champô e Desembaraçante Delicadeza de Aveia,Ultra Suave Garnier,emb. 400 ml,"€5,59/un","€13,98/lt"
Compressas de Tecido Não Tecido 5 x 5 cm,Continente do Bebé,emb. 100 un,"€0,89/un","€0,01/un"
Gel Banho Pele Sensível,Corine de Farme,emb. 750 ml,"€8,29/un","€11,05/lt"
Gel de Banho Suave Hidratante,Johnson's Baby,emb. 750 ml,"€5,59/un","€7,45/lt"
Gel de Banho Morango,Continente,emb. 250 ml,"€1,69/un","€6,76/lt"
Gel de Banho Ultra Suave de Aveia e Amêndoa para Criança,Ultra Suave Garnier,emb. 500 ml,"€4,99/un","€9,98/lt"
Gel de Banho Bolhas Espuma para Crianças,Johnson's Baby,emb. 750 ml,"€7,79/un","€10,39/lt"
Gel de Banho Baby Hidratante,Baby Dove,emb. 400 ml,"€3,29/un","€8,23/lt"
Condicionador Spray Penteia Fácil para Crianças,Johnson's Baby,emb. 200 ml,"€4,39/un","€21,95/lt"
Condicionador Penteia Fácil para Crianças,Johnson's Baby,emb. 500 ml,"€5,59/un","€11,18/lt"
Champô Gotas de Brilho para Crianças,Johnson's Baby,emb. 500 ml,"€3,91/un","€7,82/lt"
Champô e Desembaraçante Delicadeza de Aveia,Ultra Suave Garnier,emb. 600 ml,"€8,29/un","€13,82/lt"
Champô Ultra Suave Crianças Cereja,Ultra Suave Garnier,emb. 250 ml,"€3,59/un","€14,36/lt"
Condicionador Gotas De Força para Crianças,Johnson's Baby,emb. 500 ml,"€5,59/un","€11,18/lt"
Gel de Banho Suave Bons Sonhos,Johnson's Baby,emb. 500 ml,"€3,63/un","€7,26/lt"
Gel de Banho Suave Bons Sonhos,Johnson's Baby,emb. 750 ml,"€7,79/un","€10,39/lt"
Condicionador Gotas de Brilho para Crianças,Johnson's Baby,emb. 500 ml,"€5,59/un","€11,18/lt"
Gel de Banho 2 em 1,Continente do Bebé,emb. 750 ml,"€2,69/un","€3,59/lt"
Discos de Algodão,Continente do Bebé,emb. 60 un,"€1,79/un","€0,03/un"
Gel de Banho Calming Night,Baby Dove,emb. 400 ml,"€3,29/un","€8,23/lt"
Champô e Gel de Banho Mix Frutas,Continente,emb. 250 ml,"€1,69/un","€6,76/lt"
Gel de Banho Suave Cotton Touch,Johnson's Baby,emb. 500 ml,"€5,59/un","€11,18/lt"
Condicionador Spray Penteia Fácil para Crianças,Continente,emb. 250 ml,"€1,69/un","€6,76/lt"
Champô Suave Camomila para Bebé,Johnson's Baby,emb. 500 ml,"€3,91/un","€7,82/lt"
Esponja de Banho Suave para Bebé,Continente do Bebé,emb. 1 un,"€0,89/un","€0,89/un"
Gel de Banho Baby Sensitive,Baby Dove,emb. 400 ml,"€3,29/un","€8,23/lt"
Soro Fisiológico,Corine de Farme,emb. 24 un + 6 un (grátis),"€4,59/un","€4,59/un"
Gel de Banho Pure Protect para Crianças,Johnson's Baby,emb. 500 ml,"€5,59/un","€11,18/lt"
Água Micelar Pele Sensível,Corine de Farme,emb. 500 ml,"€6,49/un","€12,98/lt"
Creme Protetor Contra Assaduras para Bébe,Johnson's Baby,emb. 100 ml,"€4,99/un","€49,90/lt"
Pó De Talco,Johnson's Baby,emb. 200 gr,"€2,49/un","€12,45/kg"
Pó de Talco,Continente do Bebé,emb. 200 gr,"€0,99/un","€4,95/kg"
Condicionador Spray Gotas Brilho para Crianças,Johnson's Baby,emb. 200 ml,"€4,39/un","€21,95/lt"
Óleo Suave Aloé Vera para Bebé,Johnson's Baby,emb. 500 ml,"€5,59/un","€11,18/lt"
Champô Gotas De Força para Crianças,Johnson's Baby,emb. 500 ml,"€3,91/un","€7,82/lt"
Champô Suave,Johnson's Baby,emb. 500 ml,"€3,91/un","€7,82/lt"
Champô Suave para Bebé,Johnson's Baby,emb. 500 ml,"€3,91/un","€7,82/lt"
Champô Suave Bons Sonhos,Johnson's Baby,emb. 500 ml,"€3,91/un","€7,82/lt"
Champô Baby Hidratante,Baby Dove,emb. 400 ml,"€3,29/un","€8,23/lt"
Champô Ultra Suave Crianças Alperce,Ultra Suave Garnier,emb. 250 ml,"€3,59/un","€14,36/lt"
Champô Pele Sensível,Corine de Farme,emb. 750 ml,"€8,29/un",
Champô Camomila,Continente do Bebé,emb. 500 ml,"€1,79/un","€3,58/lt"
Champô Sólido Ultra Suave Alperce Kids,Ultra Suave Garnier,emb. 60 gr,"€4,19/un","€69,83/kg"
Esponja Natural,Continente do Bebé,emb. 1 un,"€2,99/un","€2,99/un"
Óleo Suave Hidratante,Johnson's Baby,emb. 500 ml,"€5,59/un","€11,18/lt"
Loção Cara e Corpo Cotton Touch,Johnson's Baby,emb. 500 ml,"€5,59/un","€11,18/lt"
Champô Suave Camomila para Bebé,Johnson's Baby,emb. 500 ml,"€3,91/un","€7,82/lt"
Champô e Condicionador 2 em 1,Johnson's Baby,emb. 500 ml,"€3,91/un","€7,82/lt"
Loção Suave Hidratante,Johnson's Baby,emb. 500 ml,"€5,59/un","€11,18/lt"
Óleo Suave Aloé Vera,Johnson's Baby,emb. 300 ml,"€3,59/un","€11,97/lt"
Creme Muda Fraldas Pele Delicada,Chicco,emb. 100 ml,"€5,99/un",
Gel de Banho Suave Cuidado Completo,Johnson's Baby,emb. 500 ml,"€5,59/un","€11,18/lt"
Champô e Gel de Banho Pele Delicada,Chicco,emb. 500 ml,"€5,99/un","€5,99/un"
Gel de Banho sem Lágrimas,Chicco,emb. 500 ml,"€5,99/un","€11,98/lt"
Champô e Desembaraçante Delicadeza de Aveia,Ultra Suave Garnier,emb. 250 ml,"€3,59/un","€14,36/lt"
Loção Baby Sensitive,Baby Dove,emb. 200 ml,"€4,19/un","€20,95/lt"
Banheira Flexível Cinza,Asalvo,1 un,"€54,99/un","€54,99/un"
Loção Suave Bons Sonhos,Johnson's Baby,emb. 500 ml,"€4,19/un","€8,38/lt"
Condicionador Spray Gotas de Força para Crianças,Johnson's Baby,emb. 200 ml,"€4,39/un","€21,95/lt"
Loção Hidratante,Continente do Bebé,emb. 500 ml,"€2,99/un","€5,98/lt"
Spray Nasal para Bebés,Rhinomer,emb. 50 ml,"€5,99/un",
Óleo de Massagem,Continente do Bebé,emb. 500 ml,"€2,65/un","€5,30/lt"
Esponja Macia Amarela,Tigex,1 un,"€3,99/un","€3,99/un"
Óleo Suave Cotton Touch,Johnson's Baby,emb. 300 ml,"€3,59/un","€11,97/lt"
Champô Peles Sensíveis Frozen e Princesas,Corine de Farme,emb. 300 ml,"€4,99/un","€16,63/lt"
Creme Proteção Rosto e Corpo Bio,Corine de Farme,emb. 100 ml,"€7,49/un","€74,90/lt"
Banheira com Redutor Onda (várias cores),Ok Baby,1 un,"€29,99/un","€29,99/un"
Creme Hidratante Pele Sensível,Corine de Farme,emb. 500 ml,"€7,29/un","€14,58/lt"
Banheira Shantala Branca,Doomoo Basics,1 un,"€24,99/un","€24,99/un"
Água Perfumada Delicada,Chicco,emb. 100 ml,"€6,99/un","€69,90/lt"
Gel de Banho 2 em 1 Pele Sensível Princesa Crianças,Corine de Farme,emb. 300 ml,"€4,99/un","€16,63/lt"
Óleo Suave Bons Sonhos,Johnson's Baby,emb. 300 ml,"€3,59/un","€11,97/lt"
Esponja Marinha Natural Amarela,Neo Baby,1 un,"€3,99/un","€3,99/un"
Creme de Corpo Pele Delicada,Chicco,emb. 500 ml,"€7,99/un","€15,98/lt"
Spray Desembaraça Vaiana,Corine de Farme,emb. 150 ml,"€3,99/un","€26,60/lt"
Gel de Banho Pele Sensível,Corine de Farme,emb. 100 ml,"€2,49/un","€24,90/lt"
Spray Nasal Regular,Rhinomer,emb. 50 ml,"€5,99/un",
Champô Delicado Damasco,Corine de Farme,emb. 500 ml,"€5,99/un","€11,98/lt"
Redutor para Sanita Azul Anatomy,Tigex,1 un,"€12,99/un","€12,99/un"
Corta-unhas Ergonómico +0M (várias cores),Tigex,1 un,"€4,99/un","€4,99/un"
Tesoura com Tampa de Segurança +0M (várias cores),Neo Baby,1 un,"€3,99/un","€3,99/un"
Banheira Dumbo (várias cores),Happy Bear,1 un,"€17,99/un","€17,99/un"
Creme Hidratante Delicadeza de Aveia,Ultra Suave Garnier,emb. 250 ml,"€4,99/un","€19,96/lt"
Sabonete Líquido Pure Protect,Johnson's Baby,emb. 300 ml,"€4,19/un","€13,97/lt"
Pó Talco Pele Delicada,Chicco,emb. 150 gr,"€4,99/un","€33,27/kg"
Loção Baby Hidratante,Baby Dove,emb. 400 ml,"€4,79/un","€11,98/lt"
Champô Extra Suave Flor Amendôa,Corine de Farme,emb. 500 ml,"€6,49/un",
Gel de Banho Micelar Bio,Corine de Farme,emb. 500 ml,"€7,49/un","€14,98/lt"
Eau de Toilette,Frozen,emb. 30 ml,"€6,95/un","€231,67/lt"
Escova e Pente em Cerda Natural +0M (várias cores),Neo Baby,1 un,"€3,99/un","€3,99/un"
Bacio Azul Roady,Ok Baby,1 un,"€19,99/un","€19,99/un"
Toalhitas para Limpeza de Chupeta e Mordedor +0M,Nuby,48 un,"€3,99/un","€3,99/un"
Conjunto de Brinquedos de Banho +6M,Neo Baby,1 un,"€7,99/un","€7,99/un"
Champô Micelar Bio,Corine de Farme,emb. 500 ml,"€7,49/un","€14,98/lt"
Champô Pele Delicada,Chicco,emb. 500 ml,"€5,99/un","€11,98/lt"
Creme Hidratante Pele Sensível,Corine de Farme,emb. 100 ml,"€4,99/un",
Creme Corporal Extra Suave,Corine de Farme,emb. 500 ml,"€7,29/un","€14,58/lt"
Bacio Rosa Funny Pig,Play,1 un,"€29,99/un","€29,99/un"
Água Micelar Bio,Corine de Farme,emb. 500 ml,"€7,49/un","€14,98/lt"
Termómetro de Banho Tartaruga Water World,Bebe Confort,1 un,"€5,99/un","€5,99/un"
Bacio Azul Maggiolino,Ok Baby,1 un,"€12,99/un","€12,99/un"
Linimento,Corine de Farme,emb. 500 ml,"€9,99/un","€19,98/lt"
Aspirador Nasal +0M,Tigex,1 un,"€9,99/un","€9,99/un"
Conjunto Evolutivo de Higiene Oral +3M,Tigex,1 un,"€7,99/un","€7,99/un"
Termómetro de Banho +0M Tartaruga,Neo Baby,1 un,"€6,99/un","€6,99/un"
Spray Nasal Aloe Vera,Rhinomer,emb. 50 ml,"€5,99/un",
Condicionador Espuma Desembaraça Frozen,Corine de Farme,,"€4,99/un","€33,27/lt"
Escova Macia e Pente +0 Meses (várias cores),Tigex,1 un,"€4,99/un","€4,99/un"
Champô Antipiolhos e Lêndeas,Mercurochrome,emb. 125 ml,"€8,15/un","€8,15/lt"
Recargas Descartáveis para Bacio Roady,Ok Baby,10 un,"€6,99/un","€6,99/un"
Termómetro de Banho Pinguim (várias cores),Tigex,1 un,"€4,99/un","€4,99/un"
Perfume Princesas,Corine de Farme,emb. 30 ml,"€9,99/un","€333,00/lt"
Escova com Espelho e Pente Water World,Bebe Confort,1 un,"€5,99/un","€5,99/un"
Tesoura de Bebé +0M (várias cores),Tigex,1 un,"€5,99/un","€5,99/un"
Champô Extra Suave para Bebé,Corine de Farme,emb. 750 ml,"€6,49/un","€8,65/lt"
Colchão Muda Fraldas Soft,Happy Bear,,"€24,99/un","€24,99/un"
Champô Suave Peles Sensíveis para Bebé,Corine de Farme,emb. 750 ml,"€4,84/un","€6,45/lt"
Gel de Banho Frozen,Corine de Farme,emb. 300 ml,"€4,99/un","€16,63/lt"
Bacio Confort Rosa,Moveo,1 un,"€5,99/un","€5,99/un"
Bacio Confort Azul,Moveo,1 un,"€5,99/un","€5,99/un"
Champô 2 em 1 Peles Sensíveis para Bebé,Corine de Farme,emb. 750 ml,"€4,84/un","€6,45/lt"
Anel banho Anti-Derrapante Esmeralda,Tigex,,"€24,99/un","€24,99/un"
Bacio Azul Mickey Keeper,Disney,1 un,"€9,99/un","€9,99/un"
Muda Fraldas Cinza,Mon Baby,1 un,"€12,99/un","€12,99/un"
Redutor para Sanita Azul,Happy Bear,1 un,"€7,99/un","€7,99/un"
Toalha de Banho Capuz 100x100cm Nuvem e Lua Azul,Mon Baby,1 un,"€17,99/un","€17,99/un"
Muda Fraldas Azul,Mon Baby,1 un,"€12,99/un","€12,99/un"
Bacio Hipópotamo Azul,Moveo,,"€5,99/un","€5,99/un"
Bacio Hipópotamo Rosa,Moveo,,"€5,99/un","€5,99/un"
Banheira Ergonómica,Tigex,,"€37,99/un","€37,99/un"
Conjunto de Limas +0M e +6M,Baby Nails,1 un,"€16,99/un","€16,99/un"
Loção Naturally Sensitive Ale Vera,Johnson's Baby,emb. 395 ml,"€6,59/un","€6,59/un"
Conjunto Eau de Toilette Mickey,Air Val,emb. 50 ml,"€8,48/un","€8,48/un"
Toalha de Banho Capuz 100x100cm Urso e Lua Cinza,Mon Baby,1 un,"€17,99/un","€17,99/un"
Conjunto Lençóis Bordado Nuvem e Lua Azul,Mon Baby,1 un,"€19,99/un","€19,99/un"
Perfume Criança Frozen,Corine de Farme,emb. 30 ml,"€9,99/un","€333,00/lt"
Gel de Banho Bebé Extra Suave,Corine de Farme,emb. 750 ml,"€6,49/un","€8,65/lt"
Gel de Banho 2 em 1 Batman Peles Sensíveis,Corine de Farme,emb. 300 ml,"€4,99/un","€16,63/lt"
Banheira Quadrada Branca,,1 un,"€17,99/un","€17,99/un"
Toalha de Banho Capuz 100x100cm Nuvem e Lua Rosa,Mon Baby,1 un,"€17,99/un","€17,99/un"
Conjunto Lençóis Bordado Nuvem e Lua Rosa,Mon Baby,1 un,"€19,99/un","€19,99/un"
Colchão Muda Fraldas Rigido,Happy Bear,,"€29,99/un","€29,99/un"
Redutor para Sanita Rosa,Happy Bear,1 un,"€7,99/un","€7,99/un"
Redutor para Sanita Azul Mickey,Disney,1 un,"€9,99/un","€9,99/un"
Banheira Oval Vertical Branca,,1 un,"€15,99/un","€15,99/un"
Champô Delicado Alperce Criança,Corine de Farme,emb. 500 ml,"€5,99/un","€11,98/lt"
Muda Fraldas Rosa,Mon Baby,1 un,"€12,99/un","€12,99/un"
Champô Naturally Sensitive Aloe Vera,Johnson's Baby,emb. 395 ml,"€5,99/un","€5,99/un"
Leite Hidratante Peles Sensíveis Bebé,Corine de Farme,emb. 750 ml,"€6,49/un","€8,65/lt"
Suporte para Banheira,,1 un,"€24,99/un","€24,99/un"
Barreira Cama 150 Cm,Asalvo,,"€34,99/un","€34,99/un"
Gel de Banho Bebé,Johnson's Baby,emb. 395 ml,"€5,99/un","€5,99/un"
Banheira 2 Niveis Warm Grey,Bebe Confort,1 un,"€179,00/un","€179,00/un"
Contentor Fraldas,Tomme Tippee,,"€24,99/un","€24,99/un"
Tapete para Banheira 50x45cm Branco Water World,Bebe Confort,1 un,"€19,99/un","€19,99/un"
Muda Fraldas Rigido (Várias Cores),Lorelli,,"€32,99/un","€32,99/un"
Condicionador Protege e Nutre com Óleo de Argão para Bebé,Corine de Farme,emb. 500 ml,"€5,99/un","€11,98/lt"
Conjunto Lençóis Bordado Urso e Lua Cinza,Mon Baby,1 un,"€19,99/un","€19,99/un"
Mala Maternidade Cuidado da Pele do Bebé,Baby Dove,emb. 1 un,"€29,99/un","€29,99/un"
Recarga Contentor de Fraldas,Tomme Tippee,,"€29,99/un","€29,99/un"
Redutor para Sanita Rosa Minnie,Disney,1 un,"€9,99/un","€9,99/un"
Cama Tenda Madeira Branca Montessori,Happy Bear,1 un,"€263,20/un","€263,20/un"
Conjunto de rua duo Beone,Nania,,"€179,00/un","€179,00/un"
Cadeira Auto Grupo 0+/1 Isofix Preta Milofix Nomad,Bebe Confort,1 un,"€244,30/un","€244,30/un"
Banheira dobrável Coelho,Car Baby,,"€129,00/un","€129,00/un"
Conjunto de Rua Duo Texas,Happy Bear,1 un,"€169,00/un","€169,00/un"
Cadeira de Refeição Branca,Happy Bear,1 un,"€19,99/un","€19,99/un"
Detergente para Limpeza de Biberões 500ml,Friendly,1 un,"€8,99/un","€8,99/un"
Biberão 360ml Silicone Variável 6-24M Emotion,Bebe Confort,1 un,"€6,99/un","€6,99/un"
Biberão 240ml Silicone Lento 0-6M Jungle Vibes,Bebe Confort,1 un,"€4,99/un","€4,99/un"
Biberão 360ml Silicone Médio 6-36M Jungle Vibes,Bebe Confort,1 un,"€5,99/un","€5,99/un"
Cadeira Auto Grupo 2/3 Preta Befix,Happy Bear,1 un,"€39,99/un","€39,99/un"
Cadeira Auto Grupo 1/2/3 Preta Beline SP Speedy,Happy Bear,1 un,"€59,99/un","€59,99/un"
Conjunto 3 Babetes Impermeáveis com Fecho em Velcro Super Friends,Happy Bear,1 un,"€6,99/un","€6,99/un"
Esponja Macia Amarela,Tigex,1 un,"€3,99/un","€3,99/un"
Escovilhão 2 em 1 Azul,Neo Baby,1 un,"€4,49/un","€4,49/un"
Biberão 270ml Silicone Variável 0-12M Emotion,Bebe Confort,1 un,"€5,99/un","€5,99/un"
Escovilhão 2 em 1 Verde,Bebe Confort,1 un,"€5,99/un","€5,99/un"
Babete com Mangas Vermelho e Branco Fruits,Happy Bear,1 un,"€6,99/un","€6,99/un"
Esponja Marinha Natural Amarela,Neo Baby,1 un,"€3,99/un","€3,99/un"
Tesoura com Tampa de Segurança +0M (várias cores),Neo Baby,1 un,"€3,99/un","€3,99/un"
Babete Silicone Impermeável Vermelha Fruits,Happy Bear,1 un,"€6,99/un","€6,99/un"
Discos de Amamentação ABsorventes Sensitive,Neo Baby,60 un,"€5,99/un","€5,99/un"
Conjunto Cama Evolutiva com Colchão de Molas 62x110cm Branca,Lorelli,1 un,"€549,00/un","€549,00/un"
Biberão 330ml Silicone Variável +6M Mickey,Tigex,1 un,"€6,99/un","€6,99/un"
Conjunto 3 Babetes Impermeáveis com Fecho em Velcro Fruits,Happy Bear,1 un,"€6,99/un","€6,99/un"
Corta-unhas Ergonómico +0M (várias cores),Tigex,1 un,"€4,99/un","€4,99/un"
Bandanas Raposa,Happy Bear,2 un,"€5,99/un","€3,00/un"
Babete Impermeável +12M Mickey,Tigex,1 un,"€6,99/un","€6,99/un"
Fraldas Algodão 65x65cm Brancas,Happy Bear,6 un,"€11,99/un","€2,00/un"
Redutor para Sanita Azul Anatomy,Tigex,1 un,"€12,99/un","€12,99/un"
Conjunto 2 Babetes Impermeáveis Fruits,Happy Bear,1 un,"€7,99/un","€7,99/un"
Bacio Azul,Happy Bear,1 un,"€2,49/un","€2,49/un"
Copo com Bocal Brilha Escuro 360ml +18M (várias cores),Nuby,1 un,"€7,99/un","€7,99/un"
Biberão 150ml Silicone Normal +0M,Neo Baby,1 un,"€3,99/un","€3,99/un"
Tetinas Látex Fluxo Rápido,Neo Baby,2 un,"€3,49/un","€3,49/un"
Banheira Muda Fraldas Happy,Happy Bear,1 un,"€99,99/un","€99,99/un"
Chupetas +12M Anatómicas Maxi Látex Verde,Neo Baby,2 un,"€4,99/un","€4,99/un"
Cadeira Auto Grupo 0+/1 Preta Maxim Speedy 1 Pillow,Happy Bear,1 un,"€59,99/un","€59,99/un"
Biberão 330ml Látex Papa +4M,Neo Baby,1 un,"€5,99/un","€5,99/un"
Biberão 250ml Silicone Normal +2M,Neo Baby,1 un,"€4,99/un","€4,99/un"
Cadeira de Refeição Avista Terrazo,Bebe Confort,1 un,"€99,99/un","€99,99/un"
Conjunto 7 Babetes Impermeáveis com Fecho em Velcro Fruits,Happy Bear,1 un,"€7,99/un","€7,99/un"
Chupetas +6M Anatómicas Médias Silicone Rosa,Neo Baby,2 un,"€4,99/un","€4,99/un"
Babete com Mangas Laranja e Branco Super Friends,Happy Bear,1 un,"€6,99/un","€6,99/un"
Bandana com Mordedor Rainbow,Happy Bear,1 un,"€5,99/un","€5,99/un"
Peluche Saco-cama Dormi Locos Grande Husky,Dormi Locos,1 un,"€69,99/un","€69,99/un"
Biberão 250ml Silicone Normal +2M,Neo Baby,1 un,"€4,99/un","€4,99/un"
Almofada Anti-alérgica 35x27cm Bigo,Happy Bear,1 un,"€3,59/un","€3,59/un"
Chupetas +12M Anatómicas Silicone Maxi Laranja,Neo Baby,2 un,"€4,99/un","€4,99/un"
Colheres +12M (vários cores),Neo Baby,2 un,"€5,99/un","€3,00/un"
Conjunto 2 Babetes Impermeáveis Super Friends,Happy Bear,1 un,"€7,99/un","€7,99/un"
Chupetas 18-36M Silicone Physio Air,Bebe Confort,2 un,"€6,99/un","€3,50/un"
Prende Chupetas Rosa,Neo Baby,1 un,"€4,99/un","€4,99/un"
Tetinas Látex Fluxo Papa,Neo Baby,2 un,"€3,49/un","€3,49/un"
Gel de Limpeza para Brinquedos 500ml,Friendly,1 un,"€7,99/un","€7,99/un"
Biberão 330ml Silicone Papa +4M,Neo Baby,1 un,"€5,99/un","€5,99/un"
Toalhitas para Limpeza de Chupeta e Mordedor +0M,Nuby,48 un,"€3,99/un","€3,99/un"
Escova e Pente em Cerda Natural +0M (várias cores),Neo Baby,1 un,"€3,99/un","€3,99/un"
Discos de Amamentação,Continente do Bebé,emb. 30 un,"€3,99/un","€0,13/un"
Babete com Mangas Tubarão Azul,Happy Bear,1 un,"€6,99/un","€6,99/un"
Conjunto Cama Evolutiva com Colchão de Molas 62x110cm Coffee,Lorelli,1 un,"€549,00/un","€549,00/un"
Conjunto 2 Bandanas Fruits,Happy Bear,1 un,"€5,99/un","€5,99/un"
Conjunto de Rua 3 em 1 Bege Darling,Kikka Boo,1 un,"€379,00/un","€379,00/un"
Copo com Bocal 200ml +6M,Neo Baby,1 un,"€4,99/un","€4,99/un"
Porta Chupetas Azul,Neo Baby,1 un,"€3,99/un","€3,99/un"
Cama Tenda Madeira Montessori,Happy Bear,1 un,"€207,20/un","€207,20/un"
Chupetas +6M Anatómicas Silicone Azuis,Neo Baby,2 un,"€4,99/un","€4,99/un"
Termo Sólidos Aço Inoxidável 4 My Lunch,Kasa,1 un,"€10,00/un","€10,00/un"
Bodies Espaço Manga Comprida Algodão 6-9 Meses Bebé Menina,Mo Kids,7 un,"€9,99/un","€9,99/un"
Copo Aprendizagem 250ml +4M (várias cores),Neo Baby,1 un,"€6,99/un","€6,99/un"
Babetes Lisos,Happy Bear,5 un,"€7,99/un","€1,60/un"
Chupetas +0M Anatómicas Silicone Rosa,Neo Baby,2 un,"€4,99/un","€4,99/un"
Conjunto de Brinquedos de Banho +6M,Neo Baby,1 un,"€7,99/un","€7,99/un"
Conjunto de Rua Duo Convertível em Trio Cinza Indie,Play,1 un,"€339,00/un","€339,00/un"
Colher de Silicone com Caixa +3M (várias cores),Nuby,1 un,"€5,99/un","€5,99/un"
Colchão de Molas Ortopédico para Bebé 58x118cm,Happy Bear,1 un,"€59,99/un","€59,99/un"
Protetores de Cantos,Safety 1st,4 un,"€4,99/un","€4,99/un"
Conjunto de Rua Cinza Travel System Vicky,Pierre Cardin,1 un,"€439,00/un","€439,00/un"
Chupetas 18-36M Silicone Mickey Azul,Tigex,2 un,"€6,99/un","€3,50/un"
Protetores de Tomadas Transparentes,Neo Baby,10 un,"€3,99/un","€3,99/un"
Babete com Mangas Flower,Happy Bear,1 un,"€6,99/un","€6,99/un"
Biberão 250ml Silicone Papa +4M,Neo Baby,1 un,"€5,99/un","€5,99/un"
Colchão de Molas para Bebé 58x118cm (várias cores),Happy Bear,1 un,"€37,99/un","€37,99/un"
Redutor para Sanita Verde,Neo Baby,1 un,"€12,99/un","€12,99/un"
Toalha de Banho Capuz 80x80cm Bege,Happy Bear,1 un,"€6,99/un","€6,99/un"
Colher de Silicone +6M,Neo Baby,1 un,"€3,99/un","€3,99/un"
Biberão 330ml Silicone Variável +6M Minnie,Tigex,1 un,"€6,99/un","€6,99/un"
Termómetro de Banho Tartaruga Water World,Bebe Confort,1 un,"€5,99/un","€5,99/un"
Cama Evolutiva Branca,Lorelli,1 un,"€489,00/un","€489,00/un"
Babete com Mangas Impermeável Fruits,Happy Bear,1 un,"€7,99/un","€7,99/un"
Babete Impermeável +12M Minnie,Tigex,1 un,"€6,99/un","€6,99/un"
Termo Líquidos Aço Inoxidável,Kasa,1 un,"€9,00/un","€9,00/un"
Biberão com Pegas 300ml Silicone Variável +6M Mickey,Tigex,1 un,"€7,99/un","€7,99/un"
Cadeira Auto Grupo 2/3 Isofix Linho Cinza SMagic,Ms,1 un,"€99,99/un","€99,99/un"
Tetinas Látex Fluxo Papa,Neo Baby,2 un,"€3,49/un","€3,49/un"
Carrinho de Passeio Bengala Azul,Happy Bear,1 un,"€39,99/un","€39,99/un"
Toalha de Banho Capuz 80x80cm Raposa Rosa,Happy Bear,1 un,"€7,99/un","€7,99/un"
Biberão de Vidro 240ml Silicone Regulável +2M (várias cores),Neo Baby,1 un,"€5,99/un","€5,99/un"
Sacos para Conservação do Leite Materno,Tigex,20 un,"€8,99/un","€8,99/un"
Doseador Leite em Pó,Tigex,1 un,"€6,99/un","€6,99/un"
Colchão de Viagem para Bebé 58x118cm,Happy Bear,1 un,"€22,99/un","€22,99/un"
Protetores de Tomadas,Safety 1st,8 un,"€4,99/un","€4,99/un"
Barreira de Segurança para Cama 2 em 1 150cm,Asalvo,1 un,"€39,99/un","€39,99/un"
Conjunto 7 Babetes com Fecho em Fita Circle,Happy Bear,1 un,"€9,99/un","€9,99/un"
Almofada Anti-alérgica 44x35cm Bigo,Happy Bear,1 un,"€4,79/un","€4,79/un"
Banheira Shantala Branca,Doomoo Basics,1 un,"€24,99/un","€24,99/un"
Tetinas Silicone Fluxo Variável,Tigex,2 un,"€4,99/un","€4,99/un"
Espelho de Segurança Auto,Bebe Confort,1 un,"€17,99/un","€17,99/un"
Fraldas Algodão Orgânico 65x65cm Rosa,Happy Bear,3 un,"€7,99/un","€7,99/un"
Fecho de Segurança Multiusos,Neo Baby,1 un,"€3,99/un","€3,99/un"
Copo com Bocal 240ml +6M Super Spout (várias cores),Nuby,1 un,"€6,99/un","€6,99/un"
Chupetas 18-36 M Silicone Minnie,Tigex,2 un,"€6,99/un","€3,50/un"
Ganchos Universais para Carrinho de Passeio,Asalvo,2 un,"€6,99/un","€6,99/un"
Berço 2-em-1 Calidoo Sleepy Bear,Bebe Confort,1 un,"€139,00/un","€139,00/un"
Toalha de Banho Capuz 80x80cm Azul,Happy Bear,1 un,"€6,99/un","€6,99/un"
Copo 360ml +36M Tritan Bite Proof (várias cores),Nuby,1 un,"€12,99/un","€12,99/un"
Toalha de Banho Capuz 80x80cm Rosa,Happy Bear,1 un,"€6,99/un","€6,99/un"
Prato Fundo +12M (várias cores),Neo Baby,1 un,"€5,99/un","€5,99/un"
Copo Anti-queda 200ml +6M (várias cores),Neo Baby,1 un,"€6,99/un","€6,99/un"
Luz Presença Lunneta Slim Ledvance,Ledvance,emb. 1 un,"€6,39/un","€6,39/un"
Biberão 250ml Látex Regulável +2M (várias cores),Neo Baby,1 un,"€4,99/un","€4,99/un"
Prato para Microondas Mickey e Minnie,Tigex,1 un,"€8,99/un","€8,99/un"
Termo Líquidos Plástico Colors,Kasa,1 un,"€8,50/un","€8,50/un"
Marsúpio Cinza Physionest,Bebe Confort,1 un,"€49,99/un","€49,99/un"
Carrinho de Passeio Bengala Cinza,Happy Bear,1 un,"€39,99/un","€39,99/un"
Conjunto Evolutivo de Higiene Oral +3M,Tigex,1 un,"€7,99/un","€7,99/un"
Termo Líquido 1L Azul Fun,Valira,1 un,"€15,00/un","€15,00/un"
Toalha de Banho Capuz 80x80cm Nuvem Cinza,Happy Bear,1 un,"€7,99/un","€7,99/un"
Espreguiçadeira Cinza Nordic,Asalvo,1 un,"€79,99/un","€79,99/un"
Cama de Viagem Cinza Happy,Happy Bear,1 un,"€49,99/un","€49,99/un"
Conjunto 5 Babetes Lisos,Happy Bear,1 un,"€5,99/un","€1,20/un"
Biberão 150ml Látex Normal +0M,Neo Baby,1 un,"€3,99/un","€3,99/un"
Peluche Saco-cama Dormi Locos Grande Tubarão,Dormi Locos,1 un,"€69,99/un","€69,99/un"
Termómetro Eletrónico Sonoro,Tigex,1 un,"€9,99/un","€9,99/un"
Porta Chupetas Rosa,Neo Baby,1 un,"€3,99/un","€3,99/un"
Copo com Palha 360ml +12M Azul,Nuby,1 un,"€10,99/un","€10,99/un"
Babete com Mangas Impermeável Super Friends,Happy Bear,1 un,"€7,99/un","€7,99/un"
Caixa Alimentos com Tampa Rosca Plástico Essencial,Kasa,1 un,"€2,00/un","€2,00/un"
Protetores de Tomadas com Chave,Tigex,12 un,"€4,99/un","€4,99/un"
Cuecas Descartáveis Tamanho S,Tigex,4 un,"€4,99/un","€4,99/un"
Almofada Anti-sufoco 35x21cm Bigo,Happy Bear,1 un,"€4,19/un","€4,19/un"
Lençóis Ajustáveis 100% Algodão 120x60cm Branco,Happy Bear,2 un,"€11,99/un","€6,00/un"
Chupeta 0-6M Oval 3D (vários modelos),Nuby,1 un,"€5,99/un","€5,99/un"
Bandana com Mordedor Rainbow,Happy Bear,1 un,"€5,99/un","€5,99/un"
Biberão 150ml Silicone Normal +0M,Neo Baby,1 un,"€3,99/un","€3,99/un"
Termómetro de Banho +0M Tartaruga,Neo Baby,1 un,"€6,99/un","€6,99/un"
Protetor de Colchão Ajustável e Impermeável 50x70cm Branco,Happy Bear,1 un,"€6,39/un","€6,39/un"
Conjunto Colher e Garfo Inox +6M,Tigex,1 un,"€5,99/un","€5,99/un"
Bacio Panda,Bebe Confort,1 un,"€44,99/un","€44,99/un"
Cadeira Auto Grupo 0+/1/2/3 Isofix Rotativa 360° Cinza Disney,Ms,1 un,"€219,00/un","€219,00/un"
Cadeira e Assento de Refeição Cinza Spoon,Ms,1 un,"€39,99/un","€39,99/un"
Talheres Metálicos +18M Dominó,Bebe Confort,3 un,"€6,99/un","€6,99/un"
Cadeira Auto Grupo 1/2/3 Minnie,Disney,1 un,"€79,99/un","€79,99/un"
Luz Presença Shine Ledvance Branca,Ledvance,emb. 1 un,"€6,39/un","€6,39/un"
Cuecas Descartáveis Tamanho XL,Tigex,4 un,"€4,99/un","€4,99/un"
Anel de Dentição +4M com Pega,Neo Baby,1 un,"€3,99/un","€3,99/un"
Chupetas +0M Anatómicas Silicone Azuis,Neo Baby,2 un,"€4,99/un","€4,99/un"
Banheira Dumbo (várias cores),Happy Bear,1 un,"€17,99/un","€17,99/un"
Espreguiçadeira Cinza Safari Fun,Bright Starts,1 un,"€44,99/un","€44,99/un"
Escova Macia e Pente +0 Meses (várias cores),Tigex,1 un,"€4,99/un","€4,99/un"
Colheres +6M Coloridas,Tigex,3 un,"€6,99/un","€6,99/un"
Protetor para Portas 2 em 1 Preto,Safety 1st,1 un,"€3,99/un","€3,99/un"
Colchão de Viagem para Bebé 60x120cm,Happy Bear,1 un,"€34,99/un","€34,99/un"
Chupetas +0M Anatómicas Látex Amarelas,Neo Baby,2 un,"€4,99/un","€4,99/un"
Chupetas +0M Látex Suave,Neo Baby,2 un,"€5,99/un","€5,99/un"
Cuecas Descartáveis Tamanho 42/44,Tigex,4 un,"€4,99/un","€4,99/un"
Aspirador Nasal +0M,Tigex,1 un,"€9,99/un","€9,99/un"
Chupeta 6-36M Oval 3D (vários modelos),Nuby,1 un,"€5,99/un","€5,99/un"
Almofada Anti-sufoco 45x28cm Bigo,Happy Bear,1 un,"€5,99/un","€5,99/un"
Banheira com Redutor Onda (várias cores),Ok Baby,1 un,"€29,99/un","€29,99/un"
Chupetas 0-6M Silicone (várias cores),Bebe Confort,2 un,"€5,99/un","€5,99/un"
Prato de Papa Quente com Ventosa +6M,Neo Baby,1 un,"€9,99/un","€9,99/un"
Conjunto de Rua Bege Travel System Vicky,Pierre Cardin,1 un,"€329,00/un","€329,00/un"
Chupetas +12M de Látex Suave,Neo Baby,2 un,"€5,99/un","€5,99/un"
Termos Plástico 550ml Verde,Jané,1 un,"€8,99/un","€8,99/un"
Extensão de Barreira de Segurança 28cm Easy-Close,Safety 1st,1 un,"€22,99/un","€22,99/un"
Almofada Anti-regurgitação 35x29cm Bigo,Happy Bear,1 un,"€9,59/un","€9,59/un"
Cadeira Auto Grupo 0+/1/2/3 Isofix Rotativa 360° Cinza One,Migo,1 un,"€229,00/un","€229,00/un"
Anel de Dentição +4M Silicone (várias cores),Neo Baby,1 un,"€3,99/un","€3,99/un"
Copo com Palha 360ML +12M Tritan Flip Rosa,Nuby,1 un,"€10,99/un","€10,99/un"
Cortina de Sol Auto para Vidro Traseiro,Safety 1st,1 un,"€9,99/un","€9,99/un"
Peluche Saco-cama Dormi Locos Pequeno Husky,Dormi Locos,1 un,"€49,99/un","€49,99/un"
Tetinas Silicone Fluxo Variável Maternity,Bebe Confort,2 un,"€3,99/un","€3,99/un"
Conjunto Maternidade Essenciais,Tigex,1 un,"€15,99/un","€15,99/un"
Jarro de Banho 550ml +0M Azul,Badabulle,1 un,"€5,99/un","€5,99/un"
Peluche Saco-cama Dormi Locos Grande Unicórnio Branco,Dormi Locos,1 un,"€69,99/un","€69,99/un"
Bacio Rosa Funny Pig,Play,1 un,"€29,99/un","€29,99/un"
Peluche Saco-cama Dormi Locos Grande Gato Rosa,Dormi Locos,1 un,"€69,99/un","€69,99/un"
Prende Chupetas Azul,Neo Baby,1 un,"€4,99/un","€4,99/un"
Toalha de Banho Capuz 80x80cm Elefante Azul,Happy Bear,1 un,"€7,99/un","€7,99/un"
Carrinho de Passeio Bengala Preto Happy Buggy,Happy Bear,1 un,"€29,99/un","€29,99/un"
Banheira Flexível Cinza,Asalvo,1 un,"€54,99/un","€54,99/un"
Chupetas 18-36M Silicone (várias cores),Bebe Confort,2 un,"€5,99/un","€5,99/un"
Prato Aprendizagem para Micro-ondas +6M,Tigex,1 un,"€6,99/un","€6,99/un"
Termos Inox com Neoprene 550ml Verde Holi,Jané,1 un,"€19,99/un","€19,99/un"
Cama de Viagem Azul,Happy Bear,1 un,"€59,99/un","€59,99/un"
Luz de Presença Urso,Bebe Confort,1 un,"€15,99/un","€15,99/un"
Cama de Viagem Cinza Plus Dente de Leão,Asalvo,1 un,"€99,99/un","€99,99/un"
Termo Sólidos Plástico Castanho Modern,Kasa,1 un,"€10,00/un","€10,00/un"
Assento Auto Grupo 3 Spiderman,Disney,1 un,"€19,99/un","€19,99/un"
Bacio Azul Roady,Ok Baby,1 un,"€19,99/un","€19,99/un"
Parque Molinillo Asalvo,Asalvo,1 un,"€89,99/un","€89,99/un"
Parque Molinillo Asalvo,Asalvo,1 un,"€89,99/un","€89,99/un"
Conjunto de Higiene +0M Bege,Jané,1 un,"€23,99/un","€23,99/un"
Cadeira Auto Grupo 1/2/3 Pele Preta Gro-Up,Pierre Cardin,1 un,"€179,00/un","€179,00/un"
Luz de Presença Automática,Safety 1st,1 un,"€15,99/un","€15,99/un"
Biberão de Vidro 150ml Silicone Normal +0M (várias cores),Neo Baby,1 un,"€5,99/un","€5,99/un"
Termos Plástico 550ml Rosa,Jané,1 un,"€8,99/un","€8,99/un"
Carrinho de Passeio Cinza America Plus,Asalvo,1 un,"€149,00/un","€149,00/un"
Recargas Descartáveis para Bacio Roady,Ok Baby,10 un,"€6,99/un","€6,99/un"
Conjunto de Manicure +0M (várias cores),Nuby,1 un,"€5,99/un","€5,99/un"
Colheres Termosensíveis +6M Winnie,Disney,2 un,"€5,99/un","€5,99/un"
Termómetro de Banho Pinguim (várias cores),Tigex,1 un,"€4,99/un","€4,99/un"
Discos de Amamentação,Tigex,60 un,"€7,99/un","€7,99/un"
Biberão 150ml Silicone Regulável 0-6M,Tigex,1 un,"€6,49/un","€6,49/un"
Cortina de Sol Auto,Bebe Confort,1 un,"€6,99/un","€6,99/un"
Chupetas 18-36M Reversível Silicone Rosa,Bebe Confort,2 un,"€5,99/un","€5,99/un"
Cadeira de Refeição Cinza Looky,Bebe Confort,1 un,"€139,00/un","€139,00/un"
Cadeira Auto Grupo 0+/1/2/3 Isofix Preta Tutto Fix,Asalvo,1 un,"€179,00/un","€179,00/un"
Luz Presença com Sensor Ledvance,Ledvance,emb. 1 un,"€9,99/un","€9,99/un"
Assento Auto Grupo 3 Avengers,Disney,1 un,"€19,99/un","€19,99/un"
Copo com Palhinha +12 M Capacidade 250ml,Neo Baby,1 un,"€8,99/un","€8,99/un"
Peluche Saco-cama Dormi Locos Grande Cão Amarelo,Dormi Locos,1 un,"€69,99/un","€69,99/un"
Espreguiçadeira Cinza Calys,Bebe Confort,1 un,"€99,99/un","€99,99/un"
Cama de Grades Madeira Branca Estrela,Happy Bear,1 un,"€179,00/un","€179,00/un"
Saco de Passeio Azul Marinho Multipocket,Badabulle,1 un,"€39,99/un","€39,99/un"
Berço com Rede Mosquiteira Teeny,Ms,1 un,"€149,00/un","€149,00/un"
Colchão de Bebé 60x120cm Baby Safe,Happy Bear,1 un,"€89,99/un","€89,99/un"
Assento Auto Grupo 3 Frozen,Disney,1 un,"€19,99/un","€19,99/un"
Espreguiçadeira Cinza Happy,Happy Bear,1 un,"€49,99/un","€49,99/un"
Colchão Viscoelástico Bebé 120x60cm,Happy Bear,1 un,"€69,99/un","€69,99/un"
Conjunto Refeição +6M Baby Meal (várias cores),Neo Baby,1 un,"€12,99/un","€12,99/un"
Mochila de Passeio Azul Escuro Sienna,Kikka Boo,1 un,"€44,99/un","€44,99/un"
Carrinho de Passeio Convertível em Mochila Teeny 3D,Bebe Confort,1 un,"€149,00/un","€149,00/un"
Copo com Palha 360ml +12M Flipnslip (várias cores),Nuby,1 un,"€10,99/un","€10,99/un"
Bacio Azul Maggiolino,Ok Baby,1 un,"€12,99/un","€12,99/un"
Cobertor 110x140cm Branco com Padrões,Pielsa Baby,1 un,"€32,99/un","€32,99/un"
Luz de Presença Automática,Tigex,1 un,"€9,99/un","€9,99/un"
Manta Polar com Bolinhas 110x80cm Azul,,1 un,"€12,99/un","€12,99/un"
Cuecas Descartáveis Maternidade 46/48,Tigex,4 un,"€4,99/un","€4,99/un"
Luz Presença com USB Lunneta Ledvance,Ledvance,emb. 1 un,"€10,39/un","€10,39/un"
Carrinho de Passeio Bengala Vermelho,Happy Bear,1 un,"€39,99/un","€39,99/un"
Bacio 3 em 1,Bebe Confort,1 un,"€39,99/un","€39,99/un"
Fraldas Algodão Orgânico 65x65cm Azul,Happy Bear,3 un,"€7,99/un","€7,99/un"
Aquecedor de Biberões Elétrico Expresso,Bebe Confort,1 un,"€29,99/un","€29,99/un"
Conjunto 2 Biberões 270ml Silicone Lento 0-12M e Doseador de Leite Emotion,Bebe Confort,1 un,"€15,99/un","€15,99/un"
Alimentador de Fruta +6M (várias cores),Neo Baby,1 un,"€9,99/un","€9,99/un"
Assento Auto Grupo 3 Minnie,Disney,1 un,"€19,99/un","€19,99/un"
Colheres Termossensíveis +6M Mickey e Minnie,Tigex,2 un,"€5,99/un","€5,99/un"
Fraldas Algodão Orgânico 65x65cm Brancas,Happy Bear,3 un,"€11,99/un","€4,00/un"
Alimentador de Fruta com Rede +6M (várias cores),Nuby,1 un,"€7,99/un","€7,99/un"
Babete Semi-rígido (várias cores),Tigex,1 un,"€3,99/un","€3,99/un"
Espelho de Vigilância Auto de Duplo Sistema,Bebe Confort,1 un,"€6,99/un","€6,99/un"
Conjunto de Rua Trio Madrid Cinza,Kikka Boo,1 un,"€459,00/un","€459,00/un"
Capa de Chuva para Carrinho de Passeio,Asalvo,1 un,"€9,99/un","€9,99/un"
Espreguiçadeira Happy Safari,Bright Starts,1 un,"€64,99/un","€64,99/un"
Cobertor Ursinho Bordado 110x140cm Bege e Cinza,Pielsa Baby,1 un,"€39,99/un","€39,99/un"
Cama Evolutiva Coffee,Lorelli,1 un,"€489,00/un","€489,00/un"
Cama de Grades Madeira Branca,Happy Bear,1 un,"€159,00/un","€159,00/un"
Carrinho de Passeio Cinza Stone,Chicco,1 un,"€149,00/un","€149,00/un"
Cadeira Auto I-Size 40-135cm Isofix Preta Otto,Baby Auto,1 un,"€189,00/un","€189,00/un"
Cama de Viagem Rosa,Happy Bear,1 un,"€59,99/un","€59,99/un"
Espreguiçadeira Cinza Lullaby,Ms,1 un,"€79,99/un","€79,99/un"
Berço com Rede Mosquiteira Regulável,Kikka Boo,1 un,"€259,00/un","€259,00/un"
Saco de Passeio Rosa,Happy Bear,1 un,"€27,99/un","€27,99/un"
Cadeira Auto Grupo 1/2/3 Cinza Gro-Up Ombra,Chicco,1 un,"€169,00/un","€169,00/un"
Andador Azul Ocean,Asalvo,1 un,"€74,99/un","€74,99/un"
Peluche Saco-cama Dormi Locos Pequeno Unicórnio Branco,Dormi Locos,1 un,"€49,99/un","€49,99/un"
Peluche Saco-cama Dormi Locos Pequeno Tubarão,Dormi Locos,1 un,"€49,99/un","€49,99/un"
Cadeira de Refeição Preta Sweetdog,Chicco,1 un,"€59,99/un","€59,99/un"
Cadeira de Refeição Tasty,Ms,1 un,"€109,00/un","€109,00/un"
Almofada Ergonómica Plagio,Jané,1 un,"€24,99/un","€24,99/un"
Conjunto de Rua Duo Sunny,ZY Safe,1 un,"€139,30/un","€139,30/un"
Mochila de Passeio Backpack Preta,Bebe Confort,1 un,"€49,99/un","€49,99/un"
Conjunto de Rua Duo Cinza Bonny,Bebe Confort,1 un,"€279,00/un","€279,00/un"
Mochila de Passeio Azul Sienna,Kikka Boo,1 un,"€34,99/un","€34,99/un"
Conjunto de Higiene Paper Boats,Bebe Confort,1 un,"€24,99/un","€24,99/un"
Termo Sólidos 500ml Azul,Valira,1 un,"€15,00/un","€15,00/un"
Bomba Tira Leite Manual com Biberão,Bebe Confort,1 un,"€39,99/un","€39,99/un"
Carrinho de Passeio Cinza Miley,Kikka Boo,1 un,"€169,00/un","€169,00/un"
Prato com Tampa e Colher +6M (várias cores),Tigex,1 un,"€9,99/un","€9,99/un"
Espreguiçadeira Musical Azul Swing,Asalvo,1 un,"€89,99/un","€89,99/un"
Saco de Passeio Cinza Boho,Badabulle,1 un,"€34,99/un","€34,99/un"
Peluche Saco-cama Dormi Locos Pequeno Gato Rosa,Dormi Locos,1 un,"€49,99/un","€49,99/un"
Edredão e Protetor de Berço Unicórnio,Happy Bear,1 un,"€35,99/un","€35,99/un"
Intercomunicador Bebé com Vídeo,Badabulle,1 un,"€139,00/un","€139,00/un"
Alarme BebéCare Easy-Tech,Chicco,1 un,"€39,99/un","€39,99/un"
Cobertor 110x140cm Azul,Pielsa Baby,1 un,"€32,99/un","€32,99/un"
Copo Sempre em Pé 160ml +6M Rosa,Tigex,1 un,"€7,99/un","€7,99/un"
Conjunto 2 Lençóis Ajustáveis 100% Algodão 60x120cm Branco e Azul,Happy Bear,1 un,"€11,99/un","€6,00/un"
Cómoda Cupboard 83x71x96cm Branca,Lorelli,1 un,"€299,00/un","€299,00/un"
Almofada Anti-regurgitação 49x35cm Bigo,Happy Bear,1 un,"€11,99/un","€11,99/un"
Saco de Passeio Preto Boho,Badabulle,1 un,"€27,99/un","€27,99/un"
Organizador para Automóvel,Bebe Confort,1 un,"€14,99/un","€14,99/un"
Cobertor Ursinho Bordado 110x140cm Bege e Rosa,Pielsa Baby,1 un,"€39,99/un","€39,99/un"
Doseador Leite em Pó Sweet Bunny,Bebe Confort,1 un,"€6,99/un","€6,99/un"
Copo Sempre em Pé 160ml +6M Azul,Tigex,1 un,"€7,99/un","€7,99/un"
Almofada Ergonómica 30x28cm,Happy Bear,1 un,"€8,99/un","€8,99/un"
Talheres Aprendizagem +18M Dominó,Bebe Confort,4 un,"€5,99/un","€5,99/un"
Carrinho de Passeio Bengala Rosa Happy Buggy,Happy Bear,1 un,"€29,99/un","€29,99/un"
Assento Auto Grupo 3 Mickey,Disney,1 un,"€17,99/un","€17,99/un"
Conjunto 2 Lençóis Ajustáveis 100% Algodão 60x120cm Branco e Rosa,Happy Bear,1 un,"€11,99/un","€6,00/un"
Saco de Passeio Azul,Happy Bear,1 un,"€27,99/un","€27,99/un"
Cobertor 110x140cm Rosa,Pielsa Baby,1 un,"€32,99/un","€32,99/un"
Peluche Saco-cama Dormi Locos Pequeno Cão Amarelo,Dormi Locos,1 un,"€49,99/un","€49,99/un"
Copo com Bico Macio Mickey e Minnie,Tigex,1 un,"€8,99/un","€8,99/un"
Assento Auto Cinza Grupo 3,Asalvo,1 un,"€17,99/un","€17,99/un"
Chupetas 6-36M Reversíveis Silicone Phospho,Bebe Confort,2 un,"€6,99/un","€6,99/un"
Ninho Growing Cinza Bronze Star,Jané,1 un,"€89,99/un","€89,99/un"
Protetor para Portas Universal 18cm,Tigex,1 un,"€6,99/un","€6,99/un"
Biberão 120ml Silicone Lento 0-6M Jungle Vibes,Bebe Confort,1 un,"€4,99/un","€4,99/un"
Saco de Passeio Cinza Simple,ZY Safe,1 un,"€15,99/un","€15,99/un"
Escova com Espelho e Pente Water World,Bebe Confort,1 un,"€5,99/un","€5,99/un"
Chupetas 18-36M Reversíveis Silicone Azuis,Bebe Confort,2 un,"€5,99/un","€5,99/un"
Tesoura de Bebé +0M (várias cores),Tigex,1 un,"€5,99/un","€5,99/un"
Aquecedor de Biberões BBFW-3014,Becken,emb. 1 un,"€39,99/un","€39,99/un"
Babete Silicone Azul,Jané,1 un,"€7,99/un","€7,99/un"
Protetor Carrinho de Compras para Crianças,Badabulle,1 un,"€13,99/un","€13,99/un"
Cama Natural Lateral Regulável,Happy Bear,1 un,"€149,00/un","€149,00/un"
Saco de Fraldas Preto Mod,Safety 1st,1 un,"€44,99/un","€44,99/un"
Conjunto 3 Babetes Impermeáveis com Fecho em Velcro Fruits,Happy Bear,1 un,"€5,99/un","€5,99/un"
Termos Inox 500ml Organic,Jané,1 un,"€14,99/un","€14,99/un"
Fofo Wonky,Playgro,,"€12,99/un","€12,99/un"
Assento de Refeição Sunday Pop,Badabulle,1 un,"€39,99/un","€39,99/un"
Espiral Atividades,Playgro,,"€24,99/un","€24,99/un"
Balança de Bebé e Criança BCS-2973,Becken,emb. 1 un,"€49,99/un","€49,99/un"
Cómoda Cupboard 83x71x96cm Coffee,Lorelli,1 un,"€299,00/un","€299,00/un"
Conjunto 4 Peças Recém Nascido Cinza e Branco,Interbaby,1 un,"€10,49/un","€10,49/un"
Tesoura com Tampa +0M Azul,Bebe Confort,1 un,"€5,99/un","€5,99/un"
Babete Maleável Amarelo,Tigex,1 un,"€5,99/un","€5,99/un"
Chupetas 18-36M Phospho Amarelas,Bebe Confort,2 un,"€6,99/un","€6,99/un"
Fofo Dino,Playgro,,"€13,99/un","€13,99/un"
Cãozinho Pendurante,Playgro,,"€17,99/un","€17,99/un"
Conjunto 2 Bandanas Super Friends,Happy Bear,1 un,"€5,99/un","€5,99/un"
Anel de Dentição +4M Silicone Elidou,Bebe Confort,1 un,"€5,99/un","€5,99/un"
Coelho Musical,Playgro,,"€12,99/un","€12,99/un"
Conjunto 3 Babetes Impermeáveis com Fecho em Velcro Super Friends,Happy Bear,1 un,"€5,99/un","€5,99/un"
Protetor de Colchão Impermeável 60x120cm,Happy Bear,1 un,"€10,49/un","€10,49/un"
Mordedor +3M Madeira e Silicone Animais (várias cores),Nuby,1 un,"€12,99/un","€12,99/un"
Babete Silicone Rosa,Jané,1 un,"€7,99/un","€7,99/un"
Escovilhão 2 em 1 Azul,Tigex,1 un,"€4,99/un","€4,99/un"
Biberão 150ml Silicone Variável 0-6M Emotion,Bebe Confort,1 un,"€5,99/un","€5,99/un"
Carrinho de Passeio Bengala Cinza Happy Buggy,Happy Bear,1 un,"€29,99/un","€29,99/un"
Marsúpio Cinza Revolution Greyland,Jané,1 un,"€69,99/un","€69,99/un"
Cadeira Auto Grupo 2/3 Isofix Easyfix Cinza,Asalvo,1 un,"€89,99/un","€89,99/un"
Degrau Rosa Mickey,Disney,1 un,"€9,99/un","€9,99/un"
Colchão Muda Fraldas Soft,Happy Bear,,"€24,99/un","€24,99/un"
Saco maternidade vermelho,Fisher Price,,"€49,99/un","€49,99/un"
Gato Musical,Playgro,,"€14,99/un","€14,99/un"
Móbile Floresta Mágica,Chicco,,"€44,99/un","€44,99/un"
Roca,Panda,,"€10,99/un","€10,99/un"
Cadeira refeição Warm Grey 3 em 1,Bebe Confort,1 un,"€129,00/un","€129,00/un"
Carrinho de Passeio para Gémeos Cinza Henry,Asalvo,1 un,"€199,00/un","€199,00/un"
Saco fraldas 2 alças vermelho,Fisher Price,,"€49,99/un","€49,99/un"
"Banco, Mesa e Baú Madeira - 3 em 1 Minnie",Disney Minnie,1 un,"€74,99/un","€74,99/un"
Bandana com Mordedor Azul com Estrelas,Cheeky Chombers,1 un,"€9,99/un","€9,99/un"
Conjunto de Mesa e 2 Cadeiras de madeira Peppa Pig Rosa,Peppa Pig,,"€79,99/un","€79,99/un"
Sofá macio de toque infantil de Mickey,Mickey,,"€69,99/un","€69,99/un"
Saco alça estampado,Fisher Price,,"€49,99/un","€49,99/un"
Bacio Confort Rosa,Moveo,1 un,"€5,99/un","€5,99/un"
Cadeira Auto Grupo 2/3 Isofix Azul Roadfix,Bebe Confort,1 un,"€129,00/un","€129,00/un"
Bacio Confort Azul,Moveo,1 un,"€5,99/un","€5,99/un"
Bandana com Mordedor Borboletas,Cheeky Chombers,1 un,"€9,99/un","€9,99/un"
Sofa Peppa Pig Azul e Rosa,Peppa Pig,,"€69,99/un","€69,99/un"
Quadro de madeira multifunções Peppa Pig Rosa,Peppa Pig,,"€69,99/un","€69,99/un"
Conjunto Mesa e cadeiras,Fisher Price,,"€99,99/un","€99,99/un"
Cadeira Auto Grupo 1/2/3 Isofix Plus Preta Zarauz,Baby Auto,1 un,"€119,00/un","€119,00/un"
Cadeira Auto Grupo 1/2/3 Preta Xelo Cozy,Cbx,1 un,"€125,30/un","€125,30/un"
Conjunto Lençóis Algodão 160x270cm Rosa Animais,Kasa,1 un,"€22,00/un","€22,00/un"
Cadeira de Refeição Pastello,Kikka Boo,,"€159,00/un","€159,00/un"
Conjunto Trio Ugo Cinza,Kikka Boo,,"€399,00/un","€399,00/un"
Porta Biberão Cinza,Fisher Price,,"€12,99/un","€12,99/un"
Organizador Madeira com 6 Cestos de Arrumação 62x30x60cm Rosa Minnie,Disney Minnie,1 un,"€59,99/un","€59,99/un"
Organizador Madeira com 6 Cestos de Arrumação 62x30x60cm Branco e Preto Mickey,Disney Mickey,1 un,"€59,99/un","€59,99/un"
Manta Allover Algodão 78x78cm Cinza,Interbaby,1 un,"€10,49/un","€10,49/un"
Estojo essencial,Bebe Confort,,"€14,99/un","€14,99/un"
2 Cortinas adesivas Auto,Tineo,2 un,"€5,99/un","€5,99/un"
Porta Chupeta Cinza,Fisher Price,,"€14,99/un","€14,99/un"
Anel banho Anti-Derrapante Esmeralda,Tigex,,"€24,99/un","€24,99/un"
Mesa de Atividades Auto,Tineo,1 un,"€22,99/un","€22,99/un"
Sofá macio de toque infantil de Patrulha Pata Azul,Patrulha Pata,,"€69,99/un","€69,99/un"
Bacio Azul Mickey Keeper,Disney,1 un,"€9,99/un","€9,99/un"
Muda Fraldas Cinza,Mon Baby,1 un,"€12,99/un","€12,99/un"
Assento Auto (várias cores),Happy Bear,1 un,"€9,99/un","€9,99/un"
Redutor para Sanita Azul,Happy Bear,1 un,"€7,99/un","€7,99/un"
Conjunto Capa Edredão Algodão 160x220cm Rosa Fadas,Kasa,1 un,"€20,00/un","€20,00/un"
Cadeira Auto Grupo 2/3 Road Safe,Bebe Confort,1 un,"€69,99/un","€69,99/un"
Organizador Carro,Tineo,,"€17,99/un","€17,99/un"
Cadeira e Secretária com Arrumação Spider Man,Spider-Man,1 un,"€74,99/un","€74,99/un"
Banco de brinquedo de madeira Peppa Pig Rosa,Peppa Pig,,"€74,99/un","€74,99/un"
Saco maternidade estampado,Fisher Price,,"€49,99/un","€49,99/un"
Toalha de Banho Capuz 100x100cm Nuvem e Lua Azul,Mon Baby,1 un,"€17,99/un","€17,99/un"
Andador Bright Starts,Bright Starts,,"€64,99/un","€64,99/un"
Babetes Azuis,Bibetta,2 un,"€19,99/un","€10,00/un"
Muda Fraldas Azul,Mon Baby,1 un,"€12,99/un","€12,99/un"
Roca Coelhinho Amoroso,Clementoni,,"€12,99/un","€12,99/un"
Andador Baby Stars,Asalvo,1 un,"€69,99/un","€69,99/un"
Conjunto Exterior Mesa e 2 Cadeiras Spider-Man,Spider-Man,1 un,"€69,99/un","€69,99/un"
Saco alça vermelho,Fisher Price,,"€49,99/un","€49,99/un"
Bacio Hipópotamo Azul,Moveo,,"€5,99/un","€5,99/un"
Banco e Bau de arrumação,Fisher Price,,"€74,99/un","€74,99/un"
Cadeira Auto I-Size Carefix Asalvo Grey,Asalvo,,"€229,00/un","€229,00/un"
Banco de arrumação,Fisher Price,,"€19,99/un","€19,99/un"
Bacio Hipópotamo Rosa,Moveo,,"€5,99/un","€5,99/un"
Banheira Ergonómica,Tigex,,"€37,99/un","€37,99/un"
Porta Biberão estampado,Fisher Price,,"€12,99/un","€12,99/un"
Porta Chupeta vermelho,Fisher Price,,"€14,99/un","€14,99/un"
Mochila de Passeio Bege Sienna,Kikka Boo,1 un,"€44,99/un","€44,99/un"
Conjunto de Rua Duo Convertível em Trio Cinza Sidney,Asalvo,1 un,"€279,00/un","€279,00/un"
Saco fraldas,Fisher Price,,"€39,99/un","€39,99/un"
Conjunto Exterior Mesa e 2 Cadeiras Mickey,Disney Mickey,1 un,"€69,99/un","€69,99/un"
Suporte para cabeça,Asalvo,,"€9,99/un","€9,99/un"
Conjunto de Limas +0M e +6M,Baby Nails,1 un,"€16,99/un","€16,99/un"
Conjunto Mesa e 2 Cadeiras Madeira Mickey,Disney Mickey,1 un,"€79,99/un","€79,99/un"
Termómetro Digital +0M Amarelo,Neobaby,1 un,"€5,99/un","€5,99/un"
Mordedor Roca Rã,Chicco,,"€7,99/un","€7,99/un"
Cadeira Auto Grupo 1/2/3 Isofix Verne Cinza,Asalvo,1 un,"€99,99/un","€99,99/un"
Forra de Muda Fraldas 80x52cm Branco,Interbaby,1 un,"€14,99/un","€14,99/un"
Cadeira Auto Grupo 1/2/3 Bronn,Kikka Boo,,"€99,99/un","€99,99/un"
Tenda Teepee Play de Patrulha Pata Azul,Patrulha Pata,,"€69,99/un","€69,99/un"
Sofa Peppa Rosa,Peppa Pig,,"€69,99/un","€69,99/un"
Conjunto Exterior Mesa e 2 Cadeiras Patrulha Pata,Patrulha Pata,1 un,"€69,99/un","€69,99/un"
Toalha de Banho Capuz 100x100cm Urso e Lua Cinza,Mon Baby,1 un,"€17,99/un","€17,99/un"
Régua medição,Fisher Price,,"€34,99/un","€34,99/un"
Assento Refeição com Oferta Caixa de Alimentos,Badabulle,,"€42,99/un","€42,99/un"
Discos de Aleitamento,Mercurochrome,emb. 30 un,"€6,02/un","€0,20/un"
Almofada,Panda,,"€16,99/un","€16,99/un"
Cadeira Refeição De Viagem Asalvo,Asalvo,,"€39,99/un","€39,99/un"
Assento Auto Grupo 2/3 Cinza Isofix Groovy,Kikka Boo,1 un,"€39,99/un","€39,99/un"
Conjunto de Rua Duo Convertível em Trio 3-em-1 Hello Blackchic,Bebe Confort,1 un,"€359,00/un","€359,00/un"
Assento de Refeição de Viagem Adventures,Asalvo,1 un,"€39,99/un","€39,99/un"
Conjunto Lençóis Algodão 160x270cm Rosa Fadas,Kasa,1 un,"€24,00/un","€24,00/un"
Conjunto Trio New York,Asalvo,1 un,"€459,00/un","€459,00/un"
Termo Inox Isotérmico 250g,Bebe Confort,1 un,"€12,99/un","€12,99/un"
Cadeira Auto Grupo 2/3 Amaro,Kikka Boo,,"€89,99/un","€89,99/un"
Conjunto Lençóis Bordado Nuvem e Lua Azul,Mon Baby,1 un,"€19,99/un","€19,99/un"
Cadeira Auto Grupo 0+/1/2/3 Tayang,Baby Auto,1 un,"€129,00/un","€129,00/un"
Cadeira GR 1/2 Road Safe,Bebe Confort,48x66x43,"€59,99/un","€59,99/un"
Cadeira de Refeição Cinza Happy Chair,Happy Bear,1 un,"€49,99/un","€49,99/un"
Andador Happy Walker,Happy Bear,1 un,"€54,99/un","€54,99/un"
Conjunto Capa Edredão Algodão 160x220cm Azul Animais,Kasa,1 un,"€20,00/un","€20,00/un"
Roca Cãozinho Amoroso,Baby Clementoni,,"€12,99/un","€12,99/un"
Banheira Quadrada Branca,,1 un,"€17,99/un","€17,99/un"
Saco maternidade Cinza,Fisher Price,,"€49,99/un","€49,99/un"
"Banco e Baú Arrumação Madeira 62,5x40x37cm Mickey",Disney Mickey,1 un,"€74,99/un","€74,99/un"
Cama de Grades em Madeira Ursinho,Happy Bear,1 un,"€219,00/un","€219,00/un"
Almofada de Amamentação Multirelax Cinza,Tineo,1 un,"€49,99/un","€49,99/un"
Saco de passeio fraldas 2 alças,Fisher Price,,"€49,99/un","€49,99/un"
Toalha de Banho Capuz 100x100cm Nuvem e Lua Rosa,Mon Baby,1 un,"€17,99/un","€17,99/un"
Organizador de madeira com 6 cestos de arrumação de Peppa Pig,Peppa Pig,,"€59,99/un","€59,99/un"
Mochila Cinza,Tineo,,"€49,99/un","€49,99/un"
Conjunto Lençóis Bordado Nuvem e Lua Rosa,Mon Baby,1 un,"€19,99/un","€19,99/un"
Carrinho de Passeio Bengala Cinza Yolo,Asalvo,1 un,"€69,99/un","€69,99/un"
Carrinho de Passeio Bengala Azul Yolo,Asalvo,1 un,"€69,99/un","€69,99/un"
Cadeira Auto Grupo 0+/1/2/3 Isofix Rotativa 180° Preta,Chicco,1 un,"€299,00/un","€299,00/un"
Colchão Muda Fraldas Rigido,Happy Bear,,"€29,99/un","€29,99/un"
Quadro madeira multifunções,Fisher Price,,"€89,00/un","€89,00/un"
Redutor para Sanita Rosa,Happy Bear,1 un,"€7,99/un","€7,99/un"
Cadeira-Secretária Peppa Pig Rosa,Peppa Pig,,"€74,99/un","€74,99/un"
Degrau Azul Mickey,Disney,1 un,"€9,99/un","€9,99/un"
Redutor para Sanita Azul Mickey,Disney,1 un,"€9,99/un","€9,99/un"
Ursinho Doces Melodias,Chicco,,"€16,99/un","€16,99/un"
Caixa de Música Coelhinho First Love,Chicco,,"€16,99/un","€16,99/un"
Cama Viagem 2 Níveis Cinza,Happy Bear,1 un,"€74,99/un","€74,99/un"
Conjunto Lençóis Algodão 160x270cm Azul Space,Kasa,1 un,"€24,00/un","€24,00/un"
Cadeira Rua Compact Libro,Kikka Boo,,"€139,00/un","€139,00/un"
"Banco e Baú Arrumação Madeira 62,5x40x37cm Minnie",Disney Minnie,1 un,"€74,99/un","€74,99/un"
Sofá de espuma com estojo removível de Mickey,Mickey,,"€69,99/un","€69,99/un"
Banheira Oval Vertical Branca,,1 un,"€15,99/un","€15,99/un"
Muda Fraldas Rosa,Mon Baby,1 un,"€12,99/un","€12,99/un"
Conjunto Capa Edredão Algodão 160x220cm Branco e Rosa Unicórnio,Kasa,1 un,"€20,00/un","€20,00/un"
Conjunto Capa Edredão Algodão 160x220cm Branco Carros,Kasa,1 un,"€20,00/un","€20,00/un"
Doudou Ursinho Amoroso,Baby Clementoni,,"€12,99/un","€12,99/un"
Carrinho Passeio Aviator Preto,Maxi Baby,1 un,"€149,00/un","€149,00/un"
Almofada de Amamentação 65x65cm Rosa,Don Algodon,1 un,"€29,99/un","€29,99/un"
Rede Mosquiteira 60X120Cm Tigex,Tigex,1 un,"€17,99/un","€17,99/un"
Mordedor Charlie Eco,Chicco,,"€6,99/un","€6,99/un"
Lontra Dorme Bebé,Fisher-Price,,"€46,99/un","€46,99/un"
Barreira de Segurança 80cm Easy-Close,Safety 1st,1 un,"€49,99/un","€49,99/un"
Suporte para Banheira,,1 un,"€24,99/un","€24,99/un"
Barreira de Segurança para Cama 90cm,Asalvo,1 un,"€29,99/un","€29,99/un"
Barreira Cama 150 Cm,Asalvo,,"€34,99/un","€34,99/un"
Conjunto Lençóis Algodão 160x270cm Azul Animais,Kasa,1 un,"€22,00/un","€22,00/un"
Cadeira Auto Grupo 0/1/2/3 Armadillo,Kikka Boo,,"€139,00/un","€139,00/un"
Conjunto Exterior Mesa e 2 Cadeiras Minnie,Disney Minnie,1 un,"€69,99/un","€69,99/un"
Porta Chupeta estampado,Fisher Price,,"€14,99/un","€14,99/un"
"Banco, Mesa e Baú Madeira - 3 em 1 Mickey",Disney Mickey,1 un,"€74,99/un","€74,99/un"
Cadeira e Secretária com Arrumação Mickey,Disney Mickey,1 un,"€74,99/un","€74,99/un"
Saco fraldas estampado,Fisher Price,,"€39,99/un","€39,99/un"
Saco fraldas vermelho,Fisher Price,,"€39,99/un","€39,99/un"
"Banco e Baú Arrumação Madeira 62,5x40x37cm Spider Man",Spider-Man,1 un,"€74,99/un","€74,99/un"
Conjunto de 4 telas,Fisher Price,,"€24,99/un","€24,99/un"
Babetes Rosa,Bibetta,2 un,"€19,99/un","€10,00/un"
"Móbile de Berço com Nuvem, Sol e Arco-Íris",Fisher-Price,,"€49,99/un","€49,99/un"
Berço Colecho Cinza,Asalvo,1 un,"€149,00/un","€149,00/un"
Conjunto Capa Edredão Algodão 160x220cm Azul Space,Kasa,1 un,"€20,00/un","€20,00/un"
Banheira 2 Niveis Warm Grey,Bebe Confort,1 un,"€179,00/un","€179,00/un"
Conjunto Trio Oslo Cinza,Asalvo,1 un,"€299,00/un","€299,00/un"
Contentor Fraldas,Tomme Tippee,,"€24,99/un","€24,99/un"
Tapete para Banheira 50x45cm Branco Water World,Bebe Confort,1 un,"€19,99/un","€19,99/un"
Muda Fraldas Rigido (Várias Cores),Lorelli,,"€32,99/un","€32,99/un"
"Banco, Mesa e Baú Madeira - 3 em 1 Peppa Pig",Peppa Pig,,"€74,99/un","€74,99/un"
Termos Inoxidável,Badabulle,,"€19,99/un","€19,99/un"
Porta Biberão vermelho,Fisher Price,,"€12,99/un","€12,99/un"
Sofá Unicórnio Rosa,Disney Baby,,"€69,99/un","€69,99/un"
Saco alça Cinza,Fisher Price,,"€49,99/un","€49,99/un"
Conjunto de mesa e cadeira,Fisher Price,,"€89,99/un","€89,99/un"
Bolsa Térmica,Badabulle,,"€22,99/un","€22,99/un"
Cadeira Auto Grupo 0/1/2/3 Isofix Evolve Fix,Bebe Confort,1 un,"€239,00/un","€239,00/un"
Conjunto Lençóis Algodão 160x270cm Branco e Rosa Unicórnio,Kasa,1 un,"€22,00/un","€22,00/un"
Conjunto Lençóis Algodão 160x270cm Branco Carros,Kasa,1 un,"€22,00/un","€22,00/un"
Conjunto Capa Edredão Algodão 160x220cm Rosa Animais,Kasa,1 un,"€20,00/un","€20,00/un"
Conjunto 2 Anéis de Dentição +4M Madeira e Silicone,Bebe Confort,1 un,"€12,99/un","€12,99/un"
Termómetro de Ouvido,Bebe Confort,1 un,"€29,99/un","€29,99/un"
Mochila Multifuncional estampada,Fisher Price,,"€49,99/un","€49,99/un"
Conjunto Mesa e 2 Cadeiras Madeira Mickey,Disney Mickey,1 un,"€79,99/un","€79,99/un"
Cubo de arrumação desmontável,Fisher Price,,"€14,99/un","€14,99/un"
Cadeira e Secretária com Arrumação Minnie,Disney Minnie,1 un,"€74,99/un","€74,99/un"
Conjunto Exterior Mesa e 2 Cadeiras Peppa Pig,Peppa Pig,1 un,"€69,99/un","€69,99/un"
Saco fraldas 2 alças estampado,Fisher Price,,"€49,99/un","€49,99/un"
Estojo de Viagem Silicone,Do Art,1 un,"€6,99/un","€6,99/un"
Conjunto Lençóis Bordado Urso e Lua Cinza,Mon Baby,1 un,"€19,99/un","€19,99/un"
Garrafa com Palhinha Rosa Flor,Do Art,1 un,"€5,59/un","€5,59/un"
Intercomunicador Digital com Câmera,Philips Avent,,"€199,00/un","€199,00/un"
Andador Bolid Warm Grey,Bebe Confort,1 un,"€69,99/un","€69,99/un"
Marsúpio Cinza,Asalvo,1 un,"€34,99/un","€34,99/un"
Roca Gatinho Amoroso,Baby Clementoni,,"€12,99/un","€12,99/un"
Recarga Contentor de Fraldas,Tomme Tippee,,"€29,99/un","€29,99/un"
Sofá macio de toque infantil de Minnie,Minnie,,"€69,99/un","€69,99/un"
Redutor para Sanita Rosa Minnie,Disney,1 un,"€9,99/un","€9,99/un"
Bandana com Mordedor Animal Crackers,Cheeky Chombers,1 un,"€9,99/un","€9,99/un"
Tenda Teepee Play Peppa Pig Rosa,Peppa Pig,,"€69,99/un","€69,99/un"
Organizador Madeira com 6 Cestos de Arrumação 62x30x60cm Azul e Verde Mickey,Disney Mickey,1 un,"€59,99/un","€59,99/un"
Cadeira Auto Grupo 2/3 C/Isofix,Bebe Confort,,"€89,00/un","€89,00/un"
Espelho de Segurança Auto 360°,Asalvo,1 un,"€17,99/un","€17,99/un"
100 Primeiros Conceitos,Vários Autores,,"€6,21/un","€6,21/un"
Livro de Atividades - 100 Primeiros Animais,Vários Autores,,"€5,31/un","€5,31/un"
Toca e Sente - Os Veículos,Vários Autores,,"€6,75/un","€6,75/un"
"Panda - Adeus, Chucha!",Panda,,"€10,79/un","€10,79/un"
As Minhas Rotinas Nº 3 - Hora de Dormir,Vários Autores,,"€6,92/un","€6,92/un"
As Minhas Rotinas Nº 4 - Hora do Banho,Vários Autores,,"€6,92/un","€6,92/un"
Abraça-me - Pequena Coelha,Yoyo Studios,,"€7,19/un","€7,19/un"
Adoro-te Muito,Disney Baby,,"€8,91/un","€8,91/un"
"100 Primeiros - Números, Cores e Formas",Roger Priddy,,"€6,21/un","€6,21/un"
Bebé Amado,Cátia Godinho,,"€15,71/un","€15,71/un"
Como Te Sentes?,Vários Autores,,"€10,71/un","€10,71/un"
As Minhas Rotinas Nº 1 - Hora de Vestir,Vários Autores,,"€6,92/un","€6,92/un"
Mamãs Fit,Marta Moura,,"€15,21/un","€15,21/un"
Tens 101 Animais Neste Livro,Vários Autores,,"€8,91/un","€8,91/un"
Animais Bebés - À Descoberta das Palavras e dos Sons,Marion Billet,,"€8,91/un","€8,91/un"
As 100 Primeiras Palavras,Vários Autores,,"€6,21/un","€6,21/un"
Roca Pendurante Coelho,Playgro,,"€9,99/un","€9,99/un"
Caras Felizes de Casa,Hemma,,"€4,41/un","€4,41/un"
Conjunto de 4 Figuras de Banho,Baby Shark,,"€15,99/un","€15,99/un"
Microfone com Gravação,Happy Bear,,"€11,99/un","€11,99/un"
O Meu Livro Sonoro - O Zoo,Charlie Pop,,"€10,71/un","€10,71/un"
Abraça-me - Pequeno Urso,Yoyo Studios,,"€7,19/un","€7,19/un"
Palavras Viajantes - Cores,Vários Autores,,"€6,98/un","€6,98/un"
As Formas,Vários Autores,,"€4,94/un","€4,94/un"
100 Atividades Montessori para o Despertar das Crianças,Ève Herrmann,,"€14,31/un","€14,31/un"
Amigos do Mar - Livro de Banho,Vários Autores,,"€8,09/un","€8,09/un"
O Patinho - Livro com Fantoche de Dedo,Agnese Baruzzi,,"€6,21/un","€6,21/un"
"1, 2, 3 Uma Colher de Cada Vez",João Breda e Maria Antónia Peças,,"€22,41/un","€22,41/un"
Brinca e Aprende,Vários Autores,,"€11,61/un","€11,61/un"
Hábitos Simples Para Míudos Extraordinários,Cristina Valente,,"€14,31/un","€14,31/un"
Panda - Mini Biblioteca,Panda,,"€6,21/un","€6,21/un"
Gravidez Sem Medos Nem Mitos,Maria Manuel Sampaio,,"€13,95/un","€13,95/un"
Cubo Mágico Smart2Play,Chicco,,"€14,99/un","€14,99/un"
Brinquedo Passeio Família Koala,Chicco,,"€16,99/un","€16,99/un"
Espiral,Playgro,,"€19,99/un","€19,99/un"
I-Fun Pad,Happy Bear,,"€14,99/un","€14,99/un"
"Canal Panda - Hora do banho, Panda!",Panda,,"€7,11/un","€7,11/un"
Dislexia Dia a Dia,Patrícia Teixeira de Abreu,,"€13,41/un","€13,41/un"
Veículo Happy Farm (vários modelos),Dickie Toys,,"€17,99/un","€17,99/un"
Pinguim Dorminhoco,Baby Clementoni,,"€12,99/un","€12,99/un"
Bola Musical 2020,Chicco,,"€16,99/un","€16,99/un"
Cão Fofo,Playgro,,"€15,99/un","€15,99/un"
Nuvem Musical,Happy Bear,,"€9,99/un","€9,99/un"
Centro de Atividades com Ventosa,Playgro,,"€14,99/un","€14,99/un"
Bateria Musical,Chicco,,"€11,99/un","€11,99/un"
Comando de Jogos Aprender e Brincar,Fisher-Price,,"€16,99/un","€16,99/un"
Mesa de Mistura DJ Mix,Chicco,,"€29,99/un","€29,99/un"
Cubos de Empilhar com Balde,Happy Bear,,"€12,99/un","€12,99/un"
Quadro Magnético (vários modelos),Happy Bear,,"€12,99/un","€12,99/un"
"Olá, Bebé!",Vários Autores,,"€10,71/un","€10,71/un"
"Dias Felizes, Noites Tranquilas",Constança Cordeiro Ferreira,,"€17,51/un","€17,51/un"
Mana do Cãozinho Aprender e Brincar,Fisher-Price,,"€39,99/un","€39,99/un"
Roca Borboleta (vários modelos),Happy Bear,,"€7,99/un","€7,99/un"
Roca Mrs. Girafa,Chicco,,"€14,99/un","€14,99/un"
Doudou,Panda,,"€14,99/un","€14,99/un"
O Meu Livro Sonoro - Os Animais de Estimação,Charlie Pop,,"€10,71/un","€10,71/un"
Trio Viagem Atividades Musicais,Playgro,,"€19,99/un","€19,99/un"
Torre de Animais,Happy Bear,,"€9,99/un","€9,99/un"
Veículos Divertidos,Baby Clementoni,,"€12,99/un","€12,99/un"
Livro Casa das Formas,Chicco,,"€19,99/un","€19,99/un"
Tambor e Instrumentos,Happy Bear,,"€15,99/un","€15,99/un"
Figura Baby Shark com Música (várias cores),Baby Shark,,"€20,99/un","€20,99/un"
O Meu 1º Carro Telecomandado,Happy Bear,,"€17,99/un","€17,99/un"
O Livro do Meu Bebé,Claire Laude e Aurélie Castex,,"€26,01/un","€26,01/un"
Elefante Musical Pop Pop,Happy Bear,,"€17,99/un","€17,99/un"
O Cérebro da Criança Explicado aos Pais,Álvaro Bilbao,,"€13,95/un","€13,95/un"
Panda - Primeiros Livros,Panda,,"€11,97/un","€11,97/un"
O Grande Livro da Criança,T. Berry Brazelton,,"€29,61/un","€29,61/un"
"Teddy, o Ursinho das Emoções",Chicco,,"€34,99/un","€34,99/un"
Arco para Cama - Rainbow Sky Rosa,Chicco,,"€39,99/un","€39,99/un"
Estamos Grávidos! E Agora?,Carmen Ferreira,,"€17,91/un","€17,91/un"
Balde Primeiras Formas,Fisher-Price,,"€14,99/un","€14,99/un"
Livro de Atividades,Happy Bear,,"€15,99/un","€15,99/un"
Mesa de Ferramentas 2 em 1 Smart2Play,Chicco,,"€19,99/un","€19,99/un"
Centro de Massagens do Coelhinho,Fisher-Price,,"€23,99/un","€23,99/un"
Baby-Led Weaning,Begoña Prats,,"€16,61/un","€16,61/un"
Ginásio e Piano Pés e Mãos,Fisher-Price,,"€69,99/un","€69,99/un"
Ginásio Selva,Happy Bear,,"€39,99/un","€39,99/un"
Ginásio com Atividades 3 em 1,Chicco,,"€42,99/un","€42,99/un"
Andador Azul Ocean,Asalvo,1 un,"€74,99/un","€74,99/un"
Tapete Interativo Liberta a Toupeira,Chicco,,"€34,99/un","€34,99/un"
Livro do Bebé - Os Meus Primeiros Três Anos,Vários Autores,,"€14,31/un","€14,31/un"
O Meu Baby Pad,Baby Clementoni,,"€27,99/un","€27,99/un"
Andador Avião 2 em 1,Happy Bear,,"€69,99/un","€69,99/un"
Pista de Comboio com Trator e Animais,Happy Bear,,"€22,99/un","€22,99/un"
Cubo de Atividades,Vtech,,"€52,99/un","€52,99/un"
Telemóvel Cãozinho,Chicco,,"€9,99/un","€9,99/un"
Camaleão Brincalhão,Baby Clementoni,,"€12,99/un","€12,99/un"
Unicórnio Mágico,Baby Clementoni,,"€12,99/un","€12,99/un"
Teddy Gatinha Comigo,Vtech,,"€42,99/un","€42,99/un"
TV Musical,Happy Bear,,"€11,99/un","€11,99/un"
O Bebé Mais Fofo do Mundo,Vários Autores,,"€16,97/un","€16,97/un"
Tapete de Brincadeira Versátil Panda,Fisher-Price,,"€20,99/un","€20,99/un"
Elefante de Puxar,Play to Grow,,"€14,99/un","€14,99/un"
Boneca First Love,Chicco,,"€10,79/un","€10,79/un"
Rocas Sensoriais (vários modelos),Fisher-Price,,"€9,99/un","€9,99/un"
Andador Interativo,Vtech,,"€64,99/un","€64,99/un"
"Peluche Musical 16,5cm (vários modelos)",Happy Bear,,"€17,99/un","€17,99/un"
Fofo Ratinho,Playgro,,"€13,99/un","€13,99/un"
Banda Musical,Happy Bear,,"€12,99/un","€12,99/un"
Panda - Números,Panda,,"€6,21/un","€6,21/un"
Lama Luzes e Cores Linkimals,Fisher-Price,,"€17,99/un","€17,99/un"
Chave Falante,Chicco,,"€14,99/un","€14,99/un"
Maracas Musicais,Fisher-Price,,"€12,99/un","€12,99/un"
O Meu Bebé - Os Meus Animais Favoritos,Vários Autores,,"€9,81/un","€9,81/un"
Roca Peluche Hippo,Playgro,,"€14,99/un","€14,99/un"
Castigar Não é Educar,Lorena García Veja,,"€15,21/un","€15,21/un"
Fofo Wonky,Playgro,,"€12,99/un","€12,99/un"
Tapete de Atividades Playnest Farm,Diset,,"€44,99/un","€44,99/un"
Espiral Atividades,Playgro,,"€24,99/un","€24,99/un"
Três Patinhos,Yoyo Studios,,"€8,99/un","€8,99/un"
Livros Com Carrossel 3D - Os Três Porquinhos,Elizabeth Golding,,"€11,61/un","€11,61/un"
Fofo Dino,Playgro,,"€13,99/un","€13,99/un"
A História Feliz do Meu Bebé,Vários Autores,,"€17,98/un","€17,98/un"
O Meu Bebé É Único,Vários Autores,,"€17,99/un","€17,99/un"
Teclado Musical,Vtech,,"€20,99/un","€20,99/un"
As Cores,Vários Autores,,"€4,94/un","€4,94/un"
Birras,Míriam Tirado,,"€17,51/un","€17,51/un"
Animais! - 9 Livrinhos Para Mãos Pequeninas,Vários Autores,,"€9,89/un","€9,89/un"
Tu És Tão Fofo! - Gatinho,Yoyo Studios,,"€12,59/un","€12,59/un"
Cãozinho Pendurante,Playgro,,"€17,99/un","€17,99/un"
"Olhar, Tocar, Sentir, Criar",Vários Autores,,"€10,71/un","€10,71/un"
"Canal Panda - Hora do banho, Crocas!",Panda,,"€7,11/un","€7,11/un"
Coelho Musical,Playgro,,"€12,99/un","€12,99/un"
"Calma, Vai Correr Tudo Bem",Sofia Arruda,,"€14,99/un","€14,99/un"
Caras Felizes do Jardim - Ouriço,Hemma,,"€4,41/un","€4,41/un"
Tens 101 Transportes Neste Livro,Vários Autores,,"€8,91/un","€8,91/un"
Rocas Animais,Playgro,,"€17,99/un","€17,99/un"
Os Animais da Savana,Vários Autores,,"€5,94/un","€5,94/un"
"Fantoche de Dedo - Olá, Ovelha!",Vários Autores,,"€4,95/un","€4,95/un"
Unicórnios Divertidos,Vários Autores,,"€11,97/un","€11,97/un"
Caras Felizes da Floresta - Ursinho,Hemma,,"€4,41/un","€4,41/un"
Dorme com as Estrelas (vários modelos),Happy Bear,,"€22,99/un","€22,99/un"
Hora de Dormir na Quinta,Make Believe Ideas,,"€5,85/un","€5,85/un"
Os Meus 100 Primeiros Números,Vários Autores,,"€10,71/un","€10,71/un"
Não Quero Fraldas,Miriam Gonçalves,,"€14,36/un","€14,36/un"
Os Números,Disney Baby,,"€7,11/un","€7,11/un"
Palavras Viajantes - Primeiras Palavras,Vários Autores,,"€6,98/un","€6,98/un"
As Minhas 100 Primeiras Palavras,Vários Autores,,"€10,71/un","€10,71/un"
Disney Baby - Os Animais,Disney,,"€7,11/un","€7,11/un"
A Pintainha Docinha,Jannie Ho,,"€7,11/un","€7,11/un"
Atividades Cão,Playgro,,"€15,99/un","€15,99/un"
Amigos com Rimas - O Peixinho Meiguinho,Annalisa Lay,,"€6,21/un","€6,21/un"
O Meu Bebé - Amigos da Selva,Vários Autores,,"€10,01/un","€10,01/un"
"Rabit, Rabit!",Vários Autores,,"€8,91/un","€8,91/un"
O Coelhinho - Livro com Fantoche de Dedo,Agnese Baruzzi,,"€6,21/un","€6,21/un"
Abraça-me - Pequeno Gato,Yoyo Studios,,"€7,19/un","€7,19/un"
Aquacadabra - Peixinho,Yoyo Studios,,"€7,19/un","€7,19/un"
Primeiras Aventuras com as Formas,Vários Autores,,"€6,21/un","€6,21/un"
Quinta Interativa Bilingue,Chicco,,"€39,99/un","€39,99/un"
Aquacadabra - Pato,Yoyo Studios,,"€7,19/un","€7,19/un"
Dormir Sem Lágrimas,Rosa Jové,,"€15,21/un","€15,21/un"
O Patinho Pedro,Kirsten Påbøl Hansen,,"€7,11/un","€7,11/un"
O Meu Bebé - Amigos da Quinta,Vários Autores,,"€10,01/un","€10,01/un"
Amigos do Mar,Vários Autores,,"€4,94/un","€4,94/un"
Vamos Contar até 10 - Animais Selvagens,Yoyo Studios,,"€4,49/un","€4,49/un"
Ver o Meu Bebé Crescer,Vários Autores,,"€22,41/un","€22,41/un"
Buraquinhos - Os Meios de Transporte,Giovanna Mantegazza,,"€5,85/un","€5,85/un"
Tu És Tão Fofo! - Vaquinha,Yoyo Studios,,"€12,59/un","€12,59/un"
As Cores,Magda Garguláková,,"€9,44/un","€9,44/un"
Aquacadabra - Tartaruga,Yoyo Studios,,"€7,19/un","€7,19/un"
Cores e Números,La Coccinella,,"€7,11/un","€7,11/un"
O Sapinho Saltitão,Jannie Ho,,"€7,11/un","€7,11/un"
Bola de Atividades,Vtech,,"€26,99/un","€26,99/un"
A Joaninha Doentinha,Annalisa Lay,,"€6,21/un","€6,21/un"
A Baleia Beatriz,Kirsten Påbøl Hansen,,"€7,11/un","€7,11/un"
O Pintainho Amiguinho,Annalisa Lay,,"€6,21/un","€6,21/un"
Peekaboo - Panda,Yoyo Studios,,"€8,09/un","€8,09/un"
Os Anos do Jardim de Infância,Hedvig Montgomery,,"€15,21/un","€15,21/un"
Palavras Viajantes - Animais,Vários Autores,,"€6,98/un","€6,98/un"
O Meu Amigo Fofinho - Elefante,Yoyo Studios,,"€14,99/un","€14,99/un"
Galinha e Pintainho,Yoyo Studios,,"€10,79/un","€10,79/un"
Amigos do Lago - Livro de Banho,Vários Autores,,"€8,09/un","€8,09/un"
As Formas,Magda Garguláková,,"€9,44/un","€9,44/un"
Amigos da Quinta,Vários Autores,,"€4,94/un","€4,94/un"
Tu És Tão Fofo! - Ursinho,Yoyo Studios,,"€12,59/un","€12,59/un"
Peekaboo - Cão,Yoyo Studios,,"€8,09/un","€8,09/un"
Aquacadabra - Baleia,Yoyo Studios,,"€7,19/un","€7,19/un"
"Quá, Quá!",Vários Autores,,"€8,91/un","€8,91/un"
Abraça-me - Pequeno Cão,Yoyo Studios,,"€7,19/un","€7,19/un"
"Heitor, o Explorador",Vários Autores,,"€9,44/un","€9,44/un"
Janela Mágica - Bebés,Yoyo Studios,,"€9,99/un","€9,99/un"
Hora de Dormir - Hipopótamo,Yoyo Studios,,"€14,99/un","€14,99/un"
Já Sei Tomar Banho Sozinho!,Patrícia Geis,,"€9,89/un","€9,89/un"
Corpo,Yoyo Studios,,"€9,99/un","€9,99/un"
O Meu Amigo Fofinho - Ouriço,Yoyo Studios,,"€14,99/un","€14,99/un"
Aquacadabra - Golfinho,Yoyo Studios,,"€6,29/un","€6,29/un"
"O Meu Banho 4 - Rosa, a Curiosa",Vários Autores,,"€9,44/un","€9,44/un"
Palavras Viajantes - Números,Vários Autores,,"€6,98/un","€6,98/un"
Animais,Yoyo Studios,,"€9,99/un","€9,99/un"
Peekaboo - Ovelha,Yoyo Studios,,"€8,09/un","€8,09/un"
Buraquinhos - Vamos Contar,Giovanna Mantegazza,,"€5,85/un","€5,85/un"
Um Livro Sobre - O Urso Jeremias na Quinta,Melissa Crowton,,"€8,01/un","€8,01/un"
Primeiras Palavras,Vários Autores,,"€11,97/un","€11,97/un"
Livro Musical,Vtech,,"€26,99/un","€26,99/un"
Cores,Vários Autores,,"€11,97/un","€11,97/un"
Veículos Pequenos Little People (vários modelos),Fisher-Price,,"€9,99/un","€9,99/un"
Borboleta Blossom,Playgro,,"€16,99/un","€16,99/un"
Telefone Educativo,Vtech,,"€16,99/un","€16,99/un"
Urso Organizador de Brinquedos do Banho,Playgro,,"€12,99/un","€12,99/un"
Baby Microfone,Baby Clementoni,,"€14,99/un","€14,99/un"
Andador Peppa Pig,Peppa Pig,,"€29,99/un","€29,99/un"
Móbile Floresta Mágica,Chicco,,"€44,99/un","€44,99/un"
Roca,Panda,,"€10,99/un","€10,99/un"
Bolinha Soft 2020,Chicco,,"€9,99/un","€9,99/un"
Triângulo de Atividades,Happy Bear,,"€9,99/un","€9,99/un"
Fruta Musical,Chicco,,"€14,99/un","€14,99/un"
Animais de Estimação,Yoyo Studios,,"€8,99/un","€8,99/un"
Não Toques no... Dinossauro!,Rosie Greening,,"€9,81/un","€9,81/un"
O Meu Primeiro Livro com Puzzle - Quinta,Yoyo Studios,,"€8,09/un","€8,09/un"
ABC - City Bus 22cm,Dickie Toys,,"€14,99/un","€14,99/un"
Arco para Cama - Rainbow Sky Azul,Chicco,,"€39,99/un","€39,99/un"
Animais,Yoyo Studios,,"€9,99/un","€9,99/un"
Baby Scooter Primeiros Passos,Baby Clementoni,,"€34,99/un","€34,99/un"
"Olhar, Tocar, Sentir - Vamos Brincar!",Vários Autores,,"€10,71/un","€10,71/un"
Peixinho Banho Corda,Playgro,,"€8,99/un","€8,99/un"
Animais da Quinta,Yoyo Studios,,"€8,99/un","€8,99/un"
Animais da Selva,Yoyo Studios,,"€8,99/un","€8,99/un"
Joaninha para Pendurar (vários modelos),Playgro,,"€8,99/un","€8,99/un"
Adivinha Quanto Eu Gosto de Ti - Números,Sam McBratney,,"€8,55/un","€8,55/un"
"Bip! Bip! - Toca, Criança para Bebés",Vários Autores,,"€9,81/un","€9,81/un"
Boa Noite! - Coelho,Yoyo Studios,,"€14,99/un","€14,99/un"
Disney Baby - Entre Amigos,Disney,,"€9,81/un","€9,81/un"
Adoro os Animais de Estimação,Carine Fontaine e Adeline Pierre,,"€6,21/un","€6,21/un"
O Meu 1º Teclado,Happy Bear,,"€17,99/un","€17,99/un"
Guitarra,Happy Bear,,"€15,99/un","€15,99/un"
Roca Pendurante Cão,Playgro,,"€9,99/un","€9,99/un"
Não Toques no... Tubarão!,Rosie Greening,,"€9,81/un","€9,81/un"
Animais Simpáticos,Vários Autores,,"€4,94/un","€4,94/un"
Bichinhos Curiosos,Vários Autores,,"€4,94/un","€4,94/un"
Animais de Todo o Mundo,Carine Fontaine e Adeline Pierre,,"€6,21/un","€6,21/un"
Bolinha Vai à Praia,Eric Hill,,"€10,71/un","€10,71/un"
Livro do Bebé (Azul),Vários Autores,,"€8,99/un","€8,99/un"
Carro com Volante,Happy Bear,,"€14,99/un","€14,99/un"
Andador do Cãozinho,Fisher-Price,,"€49,99/un","€49,99/un"
O Meu 1º Computador (vários modelos),Happy Bear,,"€19,99/un","€19,99/un"
A Minha Primeira Bola,Playgro,,"€9,99/un","€9,99/un"
Veículo Pressiona e Anda (vários modelos),Happy Bear,,"€9,99/un","€9,99/un"
Joaninha Educativa,Vtech,,"€31,99/un","€31,99/un"
1-2-3,Yoyo Studios,,"€9,99/un","€9,99/un"
Animais Bebés,Yoyo Studios,,"€8,99/un","€8,99/un"
Playset Explora e Joga Llama,Playgro,,"€29,99/un","€29,99/un"
Roca Coelhinho Amoroso,Clementoni,,"€12,99/un","€12,99/un"
Cucu! Animais,Raffaella Castagna,,"€9,81/un","€9,81/un"
O Primeiro Passeio do Bolinha,Eric Hill,,"€10,71/un","€10,71/un"
Laboratório de Emoções,Tânia Correia,,"€13,95/un","€13,95/un"
Adoro os Animais da Quinta,Carine Fontaine e Adeline Pierre,,"€6,21/un","€6,21/un"
Primeiras 100 Palavras - Cores,Vários Autores,,"€12,59/un","€12,59/un"
A Minha Fofa Lagarta,Vários Autores,,"€17,99/un","€17,99/un"
Cãozinho de Peluche Grande,Fisher-Price,,"€59,99/un","€59,99/un"
Xilofone,Happy Bear,,"€11,99/un","€11,99/un"
Roca Peluche Hippo,Playgro,,"€14,99/un","€14,99/un"
Piano Músical Chão,Playgro,,"€22,99/un","€22,99/un"
Piano Vaquinha,Chicco,,"€14,99/un","€14,99/un"
Coração de Mãe,Vários Autores,,"€8,91/un","€8,91/un"
Livro do Bebé (Rosa),Vários Autores,,"€8,99/un","€8,99/un"
Mordedor Roca Rã,Chicco,,"€7,99/un","€7,99/un"
Adivinha Quanto Eu Gosto de Ti - Cores,Sam McBratney,,"€8,55/un","€8,55/un"
Brinquedo de Banho Canoa,Playgro,,"€13,99/un","€13,99/un"
Baby Rádio,Baby Clementoni,,"€14,99/un","€14,99/un"
Roca Musical Urso,Playgro,,"€14,99/un","€14,99/un"
Móbile Floresta Mágica,Chicco,,"€42,99/un","€42,99/un"
Comando de Jogos,Happy Bear,,"€11,99/un","€11,99/un"
Livro de Canções do Cãozinho Aprender e Brincar,Fisher-Price,,"€24,99/un","€24,99/un"
Almofada,Panda,,"€16,99/un","€16,99/un"
Dino Comilão,Baby Clementoni,,"€12,99/un","€12,99/un"
Telefone Educativo,Panda,,"€16,99/un","€16,99/un"
Selfie Phone,Chicco,,"€14,99/un","€14,99/un"
Cão de Puxar,Play to Grow,,"€8,99/un","€8,99/un"
Sensimals Watermates,Fisher-Price,,"€16,99/un","€16,99/un"
Torre dos Anéis Smart2play,Chicco,,"€16,99/un","€16,99/un"
Soft Clemmy - Quinta Sensorial,Clementoni,,"€32,99/un","€32,99/un"
Tapete Interativo Quinta,Chicco,,"€39,99/un","€39,99/un"
Pirâmide dos Anéis,Chicco,,"€12,99/un","€12,99/un"
Cordão de Passeio Mrs. Giraffe,Chicco,,"€19,99/un","€19,99/un"
Cachorrinho Musical,Vtech,,"€16,99/un","€16,99/un"
Quinta,Yoyo Studios,,"€9,99/un","€9,99/un"
Conjunto de 3 Mordedores Super Shaker,Playgro,,"€8,99/un","€8,99/un"
Coração de Pai,Vários Autores,,"€8,91/un","€8,91/un"
Brinquedo Passeio Gilby & Eli,Chicco,,"€14,99/un","€14,99/un"
Tapete de Atividades Splash,Fisher-Price,,"€32,99/un","€32,99/un"
Mordedor Burt Eco,Chicco,,"€6,99/un","€6,99/un"
Puzzle de Frutas,Baby Clementoni,,"€17,99/un","€17,99/un"
O Macaquinho Procura a Banana,Vários Autores,,"€4,95/un","€4,95/un"
O Meu Primeiro Livro com Puzzle - Cores,Yoyo Studios,,"€8,09/un","€8,09/un"
As Minhas Primeiras Histórias - Mickey e o Dinossauro,Disney,,"€5,36/un","€5,36/un"
Andador Primeiros Passos - Happy Hippy,Chicco,,"€44,99/un","€44,99/un"
Andador Primeiros Passos - Jardineiro Brincalhão,Chicco,,"€49,99/un","€49,99/un"
Baby Unicórnio Peluche Interativo,Baby Clementoni,,"€29,99/un","€29,99/un"
Baby Mesa Parque de Diversões,Baby Clementoni,,"€39,99/un","€39,99/un"
Ursinho Doces Melodias,Chicco,,"€16,99/un","€16,99/un"
Comando do Cãozinho Aprender e Brincar,Fisher-Price,,"€19,99/un","€19,99/un"
Puppy Aprende Comigo,Happy Bear,,"€24,99/un","€24,99/un"
Cubos de Banho,Playgro,,"€12,99/un","€12,99/un"
Caixa de Música Coelhinho First Love,Chicco,,"€16,99/un","€16,99/un"
Cãozinho Aprender e Brincar,Fisher-Price,,"€39,99/un","€39,99/un"
Karaoke Pinguim,Happy Bear,,"€19,99/un","€19,99/un"
Do-In para Crianças,Juracy Cançado,,"€17,55/un","€17,55/un"
Basket 1 2 3,Chicco,,"€39,99/un","€39,99/un"
Almofada Brincadeiras do Lama,Fisher-Price,,"€42,99/un","€42,99/un"
Mordedor Charlie Eco,Chicco,,"€6,99/un","€6,99/un"
Roca Mocho,Chicco,,"€9,99/un","€9,99/un"
Lontra Dorme Bebé,Fisher-Price,,"€46,99/un","€46,99/un"
Castelo Divertido,Baby Clementoni,,"€17,99/un","€17,99/un"
Palavras,Yoyo Studios,,"€9,99/un","€9,99/un"
O Livro de Magia das Mães,Constança Cordeiro Ferreira,,"€15,75/un","€15,75/un"
Cubo Mágico 2 em 1,Chicco,,"€16,99/un","€16,99/un"
A Vida Na Quinta,Carine Fontaine e Adeline Pierre,,"€6,21/un","€6,21/un"
Constrói a Tua Quinta,Yoyo Studios,,"€17,99/un","€17,99/un"
"Móbile de Berço com Nuvem, Sol e Arco-Íris",Fisher-Price,,"€49,99/un","€49,99/un"
À Descoberta das Palavras e dos Sons - O Jardim Zoológico,Marion Billet,,"€8,91/un","€8,91/un"
Boa Noite! - Coruja,Yoyo Studios,,"€14,99/un","€14,99/un"
O Meu Primeiro Livro com Puzzle - Animais,Yoyo Studios,,"€8,09/un","€8,09/un"
Histórias para Crescer - O Primeiro Dia de Escola!,Disney,,"€7,16/un","€7,16/un"
A Minha Gravidez - Diário,Alison Mackonochie,,"€17,91/un","€17,91/un"
O Meu Primeiro Controlo Remoto Falante,Chicco,,"€14,99/un","€14,99/un"
Baby Comando TV,Baby Clementoni,,"€14,99/un","€14,99/un"
Pack de 4 Patos de Banho,Playgro,,"€9,99/un","€9,99/un"
O Pintainho Procura a Mamã,Vários Autores,,"€4,95/un","€4,95/un"
Minnie - Vamos Fazer Uma Festa do Chá!,Disney,,"€9,86/un","€9,86/un"
Cubos de Empilhar,Happy Bear,,"€7,99/un","€7,99/un"
"Rafa, o Coelhinho Falante",Baby Clementoni,,"€29,99/un","€29,99/un"
Mesa de Ferramentas,Baby Clementoni,,"€12,99/un","€12,99/un"
Balde Formas e Cores,Baby Clementoni,,"€12,99/un","€12,99/un"
Luva Animais da Quinta,Chicco,,"€14,99/un","€14,99/un"
O Meu Fofo Cão,Vários Autores,,"€17,99/un","€17,99/un"
Telefone,Happy Bear,,"€11,99/un","€11,99/un"
Andador e Baloiço Pony,Feber,,"€64,99/un","€64,99/un"
Mini Vespa Primavera,Chicco,,"€12,99/un","€12,99/un"
Strike dos Macaquinhos,Chicco,,"€19,99/un","€19,99/un"
Polvo Billy,Chicco,,"€16,99/un","€16,99/un"
Tapete da Macaca Eletrónico,Chicco,,"€49,99/un","€49,99/un"
Mordedor Bola,Playgro,,"€8,99/un","€8,99/un"
Baby Câmara,Baby Clementoni,,"€14,99/un","€14,99/un"
Soft Clemmy - Saco 24 Blocos,Clementoni,,"€19,99/un","€19,99/un"
"Quem Está aí, Bolinha?",Eric Hill,,"€10,71/un","€10,71/un"
Boa Noite! - Elefante,Yoyo Studios,,"€14,99/un","€14,99/un"
Ajude o Seu Bebé a Dormir,Mafalda Navarro,,"€13,41/un","€13,41/un"
Primeiras 100 Palavras - Animais Selvagens,Vários Autores,,"€12,59/un","€12,59/un"
Yämmi 2 XL,Yämmi,1 un,"€449,00/un","€449,00/un"
Trem Cozinha 6 Peças Alumínio Essencial,Kasa,1 un,"€55,00/un","€55,00/un"
Filtros para Jarro de Filtrar Maxtra+,Brita,5 un,"€37,00/un","€37,00/un"
Conjunto 2 Frigideiras Antiaderentes 22 e 28cm com Pega Ingenio,Tefal,1 un,"€72,00/un","€72,00/un"
Caçarola Ferro Fundido Amarela 20cm,Kasa,1 un,"€35,00/un","€35,00/un"
Yämmi 2 Upgrade,Yämmi,1 un,"€299,00/un","€299,00/un"
Máquina de Café Cápsulas Sistema Exclusivo Continente Grazie Cinzenta,Continente,1 un,"€24,99/un","€24,99/un"
Frigideira Antiaderente Alumínio Mineral,Kasa,1 un,"€32,00/un","€32,00/un"
Assadeira Ferro Fundido Oval 27cm,Kasa,1 un,"€40,00/un","€40,00/un"
Saco Térmico Tiracolo 10L Azul Apúlia,Kasa,1 un,"€13,00/un","€13,00/un"
Conjunto 3 Baldes Reciclagem Plástico 3x35L Cinza,Kasa,1 un,"€30,00/un","€30,00/un"
Conjunto Saco Térmico Tiracolo com 3 Caixas Preta 4 My Lunch,Kasa,1 un,"€17,00/un","€17,00/un"
Caixa Hermética Vidro Pump,Kasa,1 un,"€4,00/un","€4,00/un"
"Conjunto Jarro de Filtrar 2,7L Branco e 1 Filtro Aqua Leve",Kasa,1 un,"€16,00/un","€16,00/un"
Caçarola Aço Inoxidável 20cm Asas e Tampa Essencial,Kasa,1 un,"€8,00/un","€8,00/un"
Caçarola Aço Inoxidável 28cm Spice,Silampos,1 un,"€66,00/un","€66,00/un"
Caçarola Aço Inoxidável Glamour,Silampos,1 un,"€30,00/un","€30,00/un"
Wok Antiaderente Pega Essencial,Kasa,1 un,"€9,00/un","€9,00/un"
Caçarola Antiaderente Alumínio 24cm Mineral,Kasa,1 un,"€41,00/un","€41,00/un"
Isqueiro Gás Chama Blink (várias cores),,1 un,"€3,50/un","€3,50/un"
Tampas Ajustáveis Silicone,Kasa,6 un,"€6,00/un","€6,00/un"
Conjunto 2 Caçarolas Antiaderentes 16 e 20cm com Pega Ingenio,Tefal,1 un,"€72,00/un","€72,00/un"
Microondas 700W 1817FL,Flama,1 un,"€69,99/un","€69,99/un"
Frasco Cozinha Vidro Doce,Kasa,1 un,"€1,00/un","€1,00/un"
"Conjunto 3 Frigideiras Antiaderente Alumínio 20, 24 e 28cm",Kasa,1 un,"€25,00/un","€25,00/un"
Yämmi 2 XL White Edição Mamãs e Bebés,Yämmi,1 un,"€499,00/un","€499,00/un"
Conjunto 3 Caixas Herméticas Vidro Easy Keep,Kasa,1 un,"€10,00/un","€10,00/un"
Tábua Bambu,Kasa,1 un,"€6,00/un","€6,00/un"
Conjunto Caixas Herméticas Plásticas Basic,Kasa,1 un,"€5,00/un","€5,00/un"
Picador Manual Cinza e Branco 400ml Groove,Kasa,1 un,"€6,00/un","€6,00/un"
Balde Lixo com Pedal Plástico Cinza,Kasa,1 un,"€7,00/un","€7,00/un"
Máquina de Panquecas e Snacks 4901FL,Flama,1 un,"€39,99/un","€39,99/un"
Conjunto 3 Caixas Herméticas Vidro Easy Keep,Kasa,1 un,"€8,00/un","€8,00/un"
Tabuleiro Grelhador Antiaderente Alumínio com Pegas 36x23cm Leve,Kasa,1 un,"€20,00/un","€20,00/un"
Palhinhas Dobradas Metal,Kasa,4 un,"€1,50/un","€1,50/un"
Grelhador Antiaderente Alumínio 26x26cm Mineral,Kasa,1 un,"€35,00/un","€35,00/un"
Wok Antiaderente Alumínio 28cm Mineral,Kasa,1 un,"€38,00/un","€38,00/un"
"Forma Pizza Aço Carbono 33,5cm Preta Chefe",Kasa,1 un,"€6,00/un","€6,00/un"
Conjunto 2 Panos Cozinha 45x65cm Brancos e Azuis Maria,Kasa,1 un,"€2,50/un","€2,50/un"
Máquina de Café Cápsulas Sistema Exclusivo Continente Grazie Preta,Continente,1 un,"€24,99/un","€24,99/un"
Base Rotativa Bambu,Kasa,1 un,"€8,00/un","€8,00/un"
Grelhador Antiaderente Alumínio Fundido 34x24cm,Kasa,1 un,"€20,00/un","€20,00/un"
Frigideira Antiaderente Alumínio Generous Cook,Tefal,1 un,"€22,00/un","€22,00/un"
Garrafa Gás para Máquina Gaseificação,Sodastream,1 un,"€35,00/un","€35,00/un"
Cafeteira Alumínio Hot,Kasa,1 un,"€6,00/un","€6,00/un"
Tesoura Cozinha Aço Inoxidável Branca Essencial,Kasa,1 un,"€3,50/un","€3,50/un"
Máquina de Café Cápsulas Sistema Exclusivo Continente Grazie Azul Marinho,Continente,1 un,"€24,99/un","€24,99/un"
Tabuleiro com Apoio Bambu 50x30cm,Kasa,1 un,"€14,00/un","€14,00/un"
Coador Aço Inoxidável Groove,Kasa,1 un,"€2,50/un","€2,50/un"
Caixa Hermética Vidro Pump,Kasa,1 un,"€4,00/un","€4,00/un"
Saleiro Cerâmica e Bambu Preto Cosy,Kasa,1 un,"€7,00/un","€7,00/un"
Conjunto 2 Panos Cozinha 45x65cm Brancos e Vermelhos Maria,Kasa,1 un,"€2,50/un","€2,50/un"
Panela Aço Inoxidável Glamour,Silampos,1 un,"€30,00/un","€30,00/un"
Termo Sólidos Aço Inoxidável 4 My Lunch,Kasa,1 un,"€10,00/un","€10,00/un"
Balde Lixo com Pedal Plástico 35L Cinza,Kasa,1 un,"€10,00/un","€10,00/un"
Filtro Café Plástico Preto Medley,Kasa,1 un,"€2,90/un","€2,90/un"
Pega Silicone 4 My Kitchen (várias cores),Kasa,1 un,"€2,50/un","€2,50/un"
Palhinhas Retas Metal,Kasa,4 un,"€1,50/un","€1,50/un"
Figideira Antiaderente Alumínio 28cm Asas Mineral,Kasa,1 un,"€41,00/un","€41,00/un"
Fruteira Metal com Pega Madeira Preta Cosy,Kasa,1 un,"€8,50/un","€8,50/un"
Filtros para Jarro de Filtrar Maxtra+,Brita,2 un,"€16,00/un","€16,00/un"
Forma Redonda Furo Metal Preta Doce,Kasa,1un,"€7,00/un","€7,00/un"
Porta Rolos para Papel de Alumínio 32cm (várias cores),Bazarão,emb. 1 un,"€3,00/un","€3,00/un"
Forma Desmontável com Tampa Aço Carbono 26cm Preta Chefe,Kasa,1 un,"€8,00/un","€8,00/un"
Conjunto 3 Caixas Herméticas Vidro Pump,Kasa,1 un,"€14,00/un","€14,00/un"
Forma 6 Muffins Aço Carbono 29x19cm Preta Chefe,Kasa,1 un,"€7,00/un","€7,00/un"
Caçarola Antiaderente Alumínio 24cm com Cabo Terra,Kasa,1 un,"€30,00/un","€30,00/un"
Caixas Herméticas Plásticas 800ml Fresh,Kasa,5 un,"€2,15/un","€0,43/un"
Balde Lixo com Pedal Aço Escovado,Kasa,1 un,"€15,00/un","€15,00/un"
Pincel Silicone Bege Chefe,Kasa,1 un,"€3,00/un","€3,00/un"
Conjunto 2 Frigideiras Antiaderente Alumínio Oriente,Kasa,1 un,"€50,00/un","€50,00/un"
Tampa Micro-ondas Plástica 26cm Basic,Kasa,1 un,"€1,25/un","€1,25/un"
Descascador Aço Inoxidável Branco Groove,Kasa,1 un,"€2,00/un","€2,00/un"
Talher para Salada Aço Inoxidável Groove,Kasa,1 un,"€2,50/un","€2,50/un"
Forma Redonda Aço Carbono 24cm Preta Chefe,Kasa,1un,"€6,00/un","€6,00/un"
Balde Lixo com Pedal Plástico 35L Cinza e Preto,,1 un,"€13,50/un","€13,50/un"
Saca-rolhas Aço Inoxidável Groove,Kasa,1 un,"€4,00/un","€4,00/un"
Filtro Banca Aço Inoxidável Groove,Kasa,1 un,"€1,60/un","€1,60/un"
Formas Muffins Silicone 7cm Chefe,Kasa,6 un,"€4,00/un","€0,67/un"
Sacos de Pasteleiro,Silvex,10 un,"€1,31/un","€0,13/un"
Conjunto Frigideira 24cm e Wok 26cm Antiaderente Alumínio Granito,Kasa,1 un,"€34,00/un","€34,00/un"
Embalagens com Tampa Alumínio Retangulares 31x21cm,Kasa,4 un,"€4,50/un","€1,13/un"
Conjunto 3 Funis Plástico Brancos Essencial,Kasa,1 un,"€2,00/un","€2,00/un"
"Fritadeira sem Óleo KBAF2173 2,5L",Kubo,emb. 1 un,"€79,99/un","€79,99/un"
Filtro para Jarro de Filtrar Branco Aqua Leve,Kasa,1 un,"€5,00/un","€5,00/un"
Conjunto 2 Panos Cozinha 45x65cm Brancos e Bege Maria,Kasa,1 un,"€2,50/un","€1,25/un"
Cesto Metal para Banca com Pegas Madeira Preta Cosy,Kasa,1 un,"€10,00/un","€10,00/un"
Garrafa Plástico 4 My Lunch,Kasa,1 un,"€5,00/un","€5,00/un"
Conjunto 3 Colheres de Pau Útil,Kasa,1 un,"€3,00/un","€3,00/un"
Tabuleiro Forno Aço Carbono 33x23cm Cinza Chefe,Kasa,1 un,"€6,50/un","€6,50/un"
Porta-rolos Vertical Bambu e Aço Inoxidável,Kasa,1 un,"€6,00/un","€6,00/un"
Espremedor Citrinos TC-350 924244,Taurus,emb. 1 un,"€24,99/un","€24,99/un"
"Conjunto 3 Protetores de Frigideira 28, 38 e 40cm Essencial",Kasa,1 un,"€2,50/un","€2,50/un"
Caixa Hermética Vidro Pump,Kasa,1 un,"€4,00/un","€4,00/un"
Yämmi 2 Edição Fitness,Yämmi,1 un,"€499,00/un","€499,00/un"
Molas Fecha Sacos Essencial,Kasa,30 un,"€3,00/un","€3,00/un"
Caixa Hermética Vidro Bambu,Kasa,1 un,"€4,00/un","€4,00/un"
Cuvete Gelo com Tampa Silicone 4 My Kitchen (várias cores),Kasa,1 un,"€4,50/un","€4,50/un"
Cozedor a Vapor Aço Inoxidável Groove,Kasa,1 un,"€7,50/un","€7,50/un"
Termo Líquidos Aço Inoxidável,Kasa,1 un,"€9,00/un","€9,00/un"
Filtros para Jarro de Filtrar Maxtra+,Brita,3 un,"€23,00/un","€23,00/un"
Caixa Hermética Vidro Easy Keep,Kasa,1 un,"€3,00/un","€3,00/un"
Porta-guardanapos Bambu,Kasa,1 un,"€6,00/un","€6,00/un"
"Liquidificador 1,5L Magnum 912432",Taurus,emb. 1 un,"€55,99/un","€55,99/un"
Esmagador Alho Plástico Medley,Kasa,1 un,"€5,00/un","€5,00/un"
Fruteira Bambu 25cm,Kasa,1 un,"€14,00/un","€14,00/un"
"Chaleira Vidro 1,1L",Kasa,1 un,"€8,00/un","€8,00/un"
Folhas Anti-Gotas Koala,Kasa,4 un,"€3,50/un","€0,88/un"
Caixa Hermética Vidro com Divisórias Pump,Kasa,1 un,"€6,50/un","€6,50/un"
Cafeteira com Asas e Tampa Essencial,Kasa,1 un,"€7,00/un","€7,00/un"
Queimador Gás Leite Creme,,1 un,"€6,50/un","€6,50/un"
Yämmi 2 Edição À Portuguesa,Yämmi,1 un,"€499,00/un","€499,00/un"
Esmagador Batatas Aço Inoxidável Essencial,Kasa,1 un,"€2,50/un","€2,50/un"
Frasco Cozinha Cerâmica com Tampa Bambu Branco Nature,Kasa,1 un,"€4,00/un","€4,00/un"
Máquina de Café Filtro KDCM5024,Kunft,emb. 1 un,"€21,99/un","€21,99/un"
Garrafa Térmica Aço Inoxidável 500ml,Kasa,1 un,"€6,00/un","€6,00/un"
Conjunto 2 Panos Cozinha 45x65cm Brancos e Cinza Maria,Kasa,1 un,"€2,50/un","€2,50/un"
Absorvente Cheiros Frigorífico,Humydry,emb. 1 un,"€3,79/un","€3,79/un"
Forma Tarte Fundo Móvel Alumínio Preta,Kasa,1un,"€7,00/un","€7,00/un"
Corta Ovos Aço Inoxidável e Plástico Branco Essencial,Kasa,1 un,"€1,75/un","€1,75/un"
Rolhas Vácuo Borracha Cinza,Vacuvin,2 un,"€7,00/un","€7,00/un"
Panela Pressão Alumínio 6L com Cesto Tradicional,Silampos,1 un,"€60,00/un","€60,00/un"
Colheres de Pau 30cm Útil,Kasa,2 un,"€2,50/un","€1,25/un"
Tábua Plástico Branca B&W,Kasa,1 un,"€2,50/un","€2,50/un"
Espiralizador Aço Inoxidável Cinza 4 My kitchen,Kasa,1 un,"€5,00/un","€5,00/un"
Embalagens Take Away com Tampa Redondas 21cm,Kasa,4 un,"€2,50/un","€0,63/un"
Espátulas Madeira Útil,Kasa,2 un,"€2,00/un","€1,00/un"
Corta Pizza Aço Inoxidável Groove,Kasa,1 un,"€3,00/un","€3,00/un"
Palhinhas Retas Vidro,Kasa,4 un,"€2,00/un","€2,00/un"
Escorredor Legumes Aço Inoxidável,,1 un,"€4,00/un","€4,00/un"
Conjunto de 2 Facas com Proteção (várias cores),Kasa,1 un,"€4,00/un","€4,00/un"
Abre-latas Aço Inoxidável Cinza e Preto Groove,Kasa,1 un,"€3,00/un","€3,00/un"
Descascador Cerâmica Preto Bio,Kasa,1 un,"€5,00/un","€5,00/un"
Embalagens Take Away com Tampa Redondas 21cm,Kasa,4 un,"€2,20/un","€0,55/un"
Tampa Vidro,Kasa,1 un,"€8,00/un","€8,00/un"
Trem Cozinha 5 Peças Alumínio Lady,Celar,1 un,"€100,00/un","€100,00/un"
Sanduicheira My Sandwich 968947,Taurus,emb. 1 un,"€29,99/un","€29,99/un"
"Conjunto Jarro de Filtrar Aluna 2,4L Branco e 1 Filtro Maxtra+",Brita,1 un,"€18,00/un","€18,00/un"
Panos Cozinha Algodão 45x65cm Riscas Azuis Alentejo,Kasa,2 un,"€4,00/un","€4,00/un"
Contentor de Água Plástico para Frigorífico Azul Aqua Leve,Kasa,1 un,"€9,00/un","€9,00/un"
Colher Esparguete Plástico Preta Basic,Kasa,1 un,"€1,00/un","€1,00/un"
Conjunto 3 Formas Bolacha Flor Alumínio Chefe,Kasa,1 un,"€1,50/un","€1,50/un"
Conjunto Bomba Vácuo e 2 Rolhas Plásticas Pretas,Vacuvin,1 un,"€15,00/un","€15,00/un"
Ramekin 11cm Branco Ribbed,,1 un,"€0,99/un","€0,99/un"
Assadeira Vidro Optimum,Pyrex,1 un,"€13,50/un","€13,50/un"
Assador Chouriço Barro 25x13cm Castanho,,1 un,"€5,00/un","€5,00/un"
Base para Quentes em Cruz Dobrável Silicone 4 My Kitchen (várias cores),Kasa,1 un,"€2,50/un","€2,50/un"
Tábua para Tapas Mármore e Acácia Nature,Kasa,1 un,"€15,00/un","€15,00/un"
Rolhas Plásticas Bege e Brancas Essencial,Kasa,2 un,"€2,75/un","€1,38/un"
Colher Sopa Inox Groove,Kasa,1 un,"€3,00/un","€3,00/un"
Caçarola Antiaderente Alumínio 16cm Ingenio,Tefal,1 un,"€30,00/un","€30,00/un"
Descascador Basculante Aço Inoxidável Groove,Kasa,1 un,"€3,00/un","€3,00/un"
Forma Redonda Furo Silicone 29cm Bege Chefe,Kasa,1 un,"€8,00/un","€8,00/un"
Fio Cozinha Algodão Cru,Kasa,1 un,"€3,00/un","€3,00/un"
Colher Esparguete Silicone Branca e Cinza Nature,Kasa,1 un,"€4,00/un","€4,00/un"
Facas Cozinha 13cm Cabo Aço Inoxidável Satin,Kasa,2 un,"€4,00/un","€2,00/un"
Caixa de Pão Metal com Tampa Bambu 38x18cm Preta Cosy,Kasa,1 un,"€15,00/un","€15,00/un"
Caixas Herméticas Plásticas 500ml Fresh,Kasa,3 un,"€2,15/un","€0,72/un"
Saco Térmico Tiracolo 9L Cinza e Azul Basic,Kasa,1 un,"€11,00/un","€11,00/un"
Colher Esparguete Inox Groove,Kasa,1 un,"€3,00/un","€3,00/un"
Caixa Hermética Vidro 620ml Bambu,Kasa,1 un,"€5,00/un","€5,00/un"
Frigideira Antiaderente Alumínio Lady Blue Full,Celar,1 un,"€12,00/un","€12,00/un"
Colher Sopa Plástico Preta Basic,Kasa,1 un,"€1,00/un","€1,00/un"
Garrafa Aço Inoxidável 500ml Azul 4 My Lunch,Kasa,1 un,"€10,00/un","€10,00/un"
Faca Legumes 9cm Cabo Aço Inoxidável Satin,Kasa,2 un,"€4,00/un","€2,00/un"
Jarro Medidor Plástico 1L Essencial,Kasa,1 un,"€1,50/un","€1,50/un"
Tabuleiro Bambu 36x23cm,Kasa,1 un,"€10,00/un","€10,00/un"
Colher Gelado Inox Preta Groove,Kasa,1 un,"€3,00/un","€3,00/un"
Conjunto 7 Caixas Herméticas Plásticas Rainbow,Kasa,1 un,"€6,00/un","€6,00/un"
Espremedor de Citrinos Plástico Essencial,Kasa,1 un,"€2,50/un","€2,50/un"
Frasco Cozinha Aço Inoxidável,Kasa,1 un,"€2,00/un","€2,00/un"
Descaroçador Aço Inoxidável 20cm Groove,Kasa,1 un,"€2,00/un","€2,00/un"
Vira Fritos Plástico Preto Basic,Kasa,1 un,"€1,00/un","€1,00/un"
Embalagens Take Away Retangulares 22x11cm,Kasa,4 un,"€3,00/un","€0,75/un"
"Chaleira Aço Inoxidável 2,5L Essencial",Kasa,1 un,"€10,00/un","€10,00/un"
Tesoura Ervas Aromáticas Aço Inoxidável Bege 4 My Kitchen,Kasa,1 un,"€3,00/un","€3,00/un"
Saleiro Plástico Cinza Essencial,Kasa,1 un,"€3,00/un","€3,00/un"
Escumadeira Inox Groove,Kasa,1 un,"€3,00/un","€3,00/un"
Formas Muffins Alumínio 7cm Basic,Kasa,12 un,"€5,00/un","€0,42/un"
Faca Pão 20cm Cabo Madeira Jatoba,Ivo Cutelarias,1 un,"€8,00/un","€8,00/un"
Espátula Madeira e Silicone Bege Chefe,Kasa,1 un,"€3,00/un","€3,00/un"
Conjunto 3 Caixas Herméticas Plásticas Lock,Kasa,1 un,"€5,00/un","€5,00/un"
Batedor Varas Aço Inoxidável Cinza e Preto Groove,Kasa,1 un,"€3,00/un","€3,00/un"
Colher Sopa Plástico Preta Basic,Kasa,1 un,"€1,00/un","€1,00/un"
Tabuleiro para Talheres Bambu 33x28cm,Kasa,1 un,"€12,00/un","€12,00/un"
Infusor Chá Aço Inoxidável Groove,Kasa,1 un,"€2,00/un","€2,00/un"
Suporte Especiarias com 6 Frascos Bambu,Kasa,1 un,"€12,00/un","€12,00/un"
Saco Pasteleiro Plástico Cinza Medley,Kasa,1 un,"€3,00/un","€3,00/un"
Frascos Cozinha Vidro 184ml Basic,Kasa,4 un,"€3,00/un","€0,75/un"
Pinça Cozinha Aço Inoxidável Cinza Groove,Kasa,1 un,"€3,00/un","€3,00/un"
Faca Legumes Cabo Madeira Útil,Kasa,1 un,"€2,50/un","€2,50/un"
Transportadora Bolo Plástico Cinza Colors,Kasa,1 un,"€5,00/un","€5,00/un"
Descascador Aço Inoxidável Groove,Kasa,1 un,"€3,00/un","€3,00/un"
Faca Pão 14cm Cabo Aço Inoxidável Satin,Kasa,1 un,"€5,00/un","€5,00/un"
Folhas Anti-Gotas Prateadas,,2 un,"€4,00/un","€4,00/un"
Tesoura Cozinha Aço Inoxidável Branca e Preta Medley,Kasa,1 un,"€7,00/un","€7,00/un"
Sacos para Assados no Forno,Silvex,emb. 8 un,"€2,36/un","€0,30/un"
Coador Inox 10cm Essencial,Kasa,1 un,"€2,00/un","€2,00/un"
Rolo Massa Madeira Útil,Kasa,1 un,"€3,00/un","€3,00/un"
Faca Pão 18cm Cabo Madeira Útil,Kasa,1 un,"€4,00/un","€4,00/un"
Wok Antiaderente Alumínio com Cesto 28cm Oriente,Kasa,1 un,"€15,00/un","€15,00/un"
Taça Branca Tokyo,Kasa,1 un,"€4,50/un","€4,50/un"
Caixa Hermética Plástica Lock,Kasa,1 un,"€1,50/un","€1,50/un"
Conjunto 6 Caixas Herméticas Plásticas Lock,Kasa,1 un,"€8,00/un","€8,00/un"
Máquina de Café Manual KBECM4842,Kubo,emb. 1 un,"€79,99/un","€79,99/un"
Frigideira Antiaderente Alumínio Essencial,Kasa,1 un,"€6,00/un","€6,00/un"
Varinha Mágica 1000W KBHB3525,Kubo,emb. 1 un,"€59,99/un","€59,99/un"
Espátula Aço Inoxidável Branco Groove,Kasa,1 un,"€3,00/un","€3,00/un"
Forma 12 Muffins Silicone 34x23cm Chefe,Kasa,1 un,"€8,00/un","€8,00/un"
Conjunto Caçarola 20cm e Frigideira 24cm Antiaderente Alumínio,Kasa,1 un,"€25,00/un","€25,00/un"
Caixa Hermética Vidro Cook&Go,Pyrex,1 un,"€11,00/un","€11,00/un"
Faca Santoku Cabo Aço Inoxidável Satin,Kasa,1 un,"€5,00/un","€5,00/un"
Forma Bolo Canelada com Furo Aço Carbono 23cm Preta Chefe,Kasa,1 un,"€7,00/un","€7,00/un"
Garfo Inox Groove,Kasa,1 un,"€3,00/un","€3,00/un"
Descascador Aço Inoxidável com Cabo Madeira 4 My Kitchen (várias cores),Kasa,1 un,"€4,00/un","€4,00/un"
Forma Retangular Silicone 30x14cm Rosa Chefe,Kasa,1 un,"€7,00/un","€7,00/un"
Dispensador Detergente Louça Vidro,Kasa,1 un,"€4,00/un","€4,00/un"
Garrafa Térmica Aço Inoxidável 750ml Azul,Kasa,1 un,"€9,00/un","€9,00/un"
"Liquidificador 1,5L KBTB5027",Kubo,emb. 1 un,"€69,99/un","€69,99/un"
Escumadeira Plástico Preta Basic,Kasa,1 un,"€1,00/un","€1,00/un"
Centrifugadora Plástico Colors (várias cores),Kasa,1 un,"€4,00/un","€4,00/un"
Saco Térmico Tiracolo Apúlia,Kasa,1 un,"€10,00/un","€10,00/un"
Wok Antiaderente Alumínio 28cm Unlimited,Tefal,1 un,"€46,00/un","€46,00/un"
Isqueiro Gás Chama Flex (várias cores),,1 un,"€4,00/un","€4,00/un"
Pinça Esparguete Aço Inoxidável Groove,Kasa,1 un,"€3,00/un","€3,00/un"
Panos Cozinha Algodão 45x65cm Riscas Vermelhas Alentejo,Kasa,2 un,"€4,00/un","€4,00/un"
Garrafa Vidro com Neoprene 500ml Azul 4 My Lunch,Kasa,1 un,"€6,00/un","€6,00/un"
Ramekin 11cm Rosa Pindot,,1 un,"€0,99/un","€0,99/un"
Conjunto Caixas Herméticas Plásticas Heat,Kasa,1 un,"€4,00/un","€4,00/un"
Embalagens com Tampa Alumínio Retangulares 15x12cm,Kasa,4 un,"€1,60/un","€0,40/un"
Conjunto 7 Caixas Herméticas Plásticas Rainbow,Kasa,1 un,"€6,00/un","€6,00/un"
Torradeira 1 Fenda KT3602,Kunft,emb. 1 un,"€19,99/un","€19,99/un"
Abre-latas Aço Inoxidável Groove,Kasa,1 un,"€6,50/un","€6,50/un"
Moinho Pimenta Bambu,Kasa,1 un,"€6,00/un","€6,00/un"
Máquina de Café Cápsulas Sistema Exclusivo Continente Grazie Verde Água,Continente,1 un,"€24,99/un","€24,99/un"
Saca-rolhas Aço Inoxidável 4 My Kitchen (várias cores),Kasa,1 un,"€2,00/un","€2,00/un"
Película Aderente 30m,Albal,emb. 1 un,"€4,28/un","€0,14/m"
Bases para Quentes Cortiça,,3 un,"€4,00/un","€4,00/un"
Robot Cozinha 1461FL,Flama,1 un,"€99,99/un","€99,99/un"
Caixa Hermética Plástica B&W,Kasa,1 un,"€2,20/un","€2,20/un"
Embalagens com Tampa Alumínio Retangulares 32x26cm,Kasa,4 un,"€5,50/un","€1,38/un"
Forma Redonda com Fundo Móvel Aço Carbono 22cm Dourada Suspiro,Kasa,1 un,"€8,50/un","€8,50/un"
Pinça Gelo Aço Inoxidável Groove,Kasa,1 un,"€2,00/un","€2,00/un"
Garrafeira Plástico 15 Garrafas Cinza,,1 un,"€13,50/un","€13,50/un"
Pincel Plástico Branco Essencial,Kasa,1 un,"€2,50/un","€2,50/un"
"Cafeteira Êmbolo 0,8L Nature",Kasa,1 un,"€10,00/un","€10,00/un"
Frigideira Antiaderente Alumínio Granito,Kasa,1 un,"€30,00/un","€30,00/un"
Colher Gelado Mecânica Aço Inoxidável Essencial,Kasa,1 un,"€4,75/un","€4,75/un"
Pinça Multifunções Aço Inoxidável Groove,Kasa,1 un,"€3,00/un","€3,00/un"
Abre-cápsulas Aço Inoxidável com Pega Silicone 4 My Kitchen (várias cores),Kasa,1 un,"€2,00/un","€2,00/un"
Avental Algodão Riscas Pretas e Cinza,Kasa,1 un,"€6,00/un","€6,00/un"
Forma 12 Muffins Metal 38x25cm Castanho Asimetria,Pyrex,1 un,"€15,00/un","€15,00/un"
Esmagador Batatas Aço Inoxidável Groove,Kasa,1 un,"€12,00/un","€12,00/un"
Conjunto 2 Tábuas e 2 Facas Cabo Plástico Preto Minimal Cooking,Kasa,1 un,"€14,00/un","€14,00/un"
Faca Cozinha 12cm Cabo Madeira Útil,Kasa,1 un,"€3,50/un","€3,50/un"
"Termo Sólidos com Colher Plástico 1,2L Azul 4 My Lunch",Kasa,1 un,"€8,00/un","€8,00/un"
Fondue 11 Peças Aço Inoxidável Santin,Kasa,1 un,"€37,00/un","€37,00/un"
Termo Líquidos Plástico Colors,Kasa,1 un,"€8,50/un","€8,50/un"
Tabuleiro de Mesa Bambu 35cm Native,Kasa,1 un,"€8,00/un","€8,00/un"
Conjunto 3 Formas Bolacha Cinza Chefe,Kasa,1 un,"€1,50/un","€1,50/un"
Frigideira Antiaderente Alumínio 30cm Argenta,Celar,1 un,"€50,00/un","€50,00/un"
Escorredor Legumes com Cabo Plástico 39x25cm Essencial,Kasa,1 un,"€2,50/un","€2,50/un"
Forma 6 Muffins Silicone 30x18cm Bege Chefe,Kasa,1 un,"€7,00/un","€7,00/un"
Infusor Chá Aço Inoxidável Groove,Kasa,1 un,"€2,50/un","€2,50/un"
Cuvetes Gelo Plástico Brancas B&W,Kasa,2 un,"€3,00/un","€1,50/un"
Corta Pizza Aço Inoxidável Essencial,Kasa,1 un,"€2,50/un","€2,50/un"
Saca-rolhas Aço Inoxidável e Plástico Preto Koala,Kasa,1 un,"€6,00/un","€6,00/un"
Panela Pressão Aço Inoxidável sem Cesto Tradicional,Silampos,1 un,"€65,00/un","€65,00/un"
Raspador Pega Aço Inoxidável Branco Essencial,Kasa,1 un,"€3,00/un","€3,00/un"
Almofariz com Pilão Bambu,Kasa,1 un,"€10,00/un","€10,00/un"
Conjunto 2 Frigideiras Antiaderente Alumínio 20 e 24cm Terra,Kasa,1 un,"€45,00/un","€45,00/un"
Caixa Hermética Plástica Lock,Kasa,1 un,"€1,70/un","€1,70/un"
Conjunto 3 Formas Bolacha Coração Alumínio Chefe,Kasa,1 un,"€1,50/un","€1,50/un"
Tábua Plástico 23x15cm Essencial,Kasa,1 un,"€2,00/un","€2,00/un"
Tábuas Flexíveis Plástico 35x23cm Cinza Modern,Kasa,2 un,"€3,20/un","€3,20/un"
Caixas Herméticas Plásticas 1L Fresh,Kasa,2 un,"€2,15/un","€1,08/un"
Espátula Servir Aço Inoxidável Preta Groove,Kasa,1 un,"€3,00/un","€3,00/un"
Colheres de Pau Útil,Kasa,2 un,"€2,00/un","€1,00/un"
Copo Medidor Plástico 500ml Essencial,Kasa,1 un,"€1,00/un","€1,00/un"
Espátula Silicone Cinza e Preto Medley,Kasa,1 un,"€3,00/un","€3,00/un"
Caixa de Pão Aço Inoxidável 34x23cm Groove,Kasa,1 un,"€15,00/un","€15,00/un"
Colher Servir Aço Cromado Essencial,Kasa,1 un,"€2,50/un","€2,50/un"
Garrafa Plástico 800ml Cinza Essencial,Kasa,1 un,"€3,50/un","€3,50/un"
Salva Gotas Plástico Preto Koala,Kasa,3 un,"€4,50/un","€1,50/un"
Caixa Hermética Vidro 800ml Cook&Freeze,Pyrex,1 un,"€7,00/un","€7,00/un"
Torradeira 2 Fendas MyToast II,Taurus,emb. 1 un,"€32,99/un","€32,99/un"
Ramekin 11cm Branco Oven,Kasa,1 un,"€2,00/un","€2,00/un"
Conjunto Tábua Bambu 41x23cm e Faca Inox,Kasa,1 un,"€15,00/un","€15,00/un"
Rolo Massa Silicone Rosa Chefe,Kasa,1 un,"€6,00/un","€6,00/un"
Faca Legumes Madeira Jatoba,Ivo Cutelarias,1 un,"€4,75/un","€4,75/un"
Faca Serrilha 13cm Cabo Madeira Jatoba,Ivo Cutelarias,1 un,"€5,00/un","€5,00/un"
"Conjunto Jarro de Filtrar Marella 2,4L Branco e 1 Filtro Maxtra+",Brita,1 un,"€24,00/un","€24,00/un"
Afiador Portátil Facas Preto,Ivo Cutelarias,1 un,"€12,50/un","€12,50/un"
Espátula Aço Inoxidável Essencial,Kasa,1 un,"€2,50/un","€2,50/un"
Colher Esparguete Aço Inoxidável Essencial,Kasa,1 un,"€2,50/un","€2,50/un"
Faca Legumes 9cm Cabo Madeira Gourmet,Kasa,1 un,"€4,00/un","€4,00/un"
Moinho Especiarias Cerâmica e Madeira Preto Cosy,Kasa,1 un,"€5,00/un","€5,00/un"
Embalagens Take Away 22x16x5cm,,emb. 5 un,"€1,19/un","€1,19/un"
Forma Tarte Canelada Silicone 24cm Rosa Chefe,Kasa,1 un,"€7,00/un","€7,00/un"
Garrafa Vidro 500ml Rosa 4 My Lunch,Kasa,1 un,"€6,00/un","€6,00/un"
Conjunto 3 Peças de Gin,,1 un,"€11,00/un","€11,00/un"
Mergulhão Mel Madeira e Silicone Bege Chefe,Kasa,1 un,"€3,00/un","€3,00/un"
Avental Algodão Amarelo e Preto Kapas,Kasa,1 un,"€6,00/un","€6,00/un"
Colher Cozinha Inox Groove,Kasa,1 un,"€3,00/un","€3,00/un"
Frasco Cozinha Vidro Oxygen,Kasa,1 un,"€3,70/un","€3,70/un"
Fruteira Metal com Base Madeira Preta Cosy,Kasa,1 un,"€6,50/un","€6,50/un"
Descanso Para Colher Aço Inoxidável Groove,Kasa,1 un,"€3,00/un","€3,00/un"
Panos Cozinha Algodão 45x65cm Azuis Évora Alentejo,Kasa,2 un,"€4,00/un","€4,00/un"
Tabuleiro para Talheres Plástico Essencial (várias cores),Kasa,1 un,"€3,00/un","€3,00/un"
Martelo de Carne Alumínio Groove,Kasa,1 un,"€5,00/un","€5,00/un"
Doseador Massa Aço Inoxidável Groove,Kasa,1 un,"€2,00/un","€2,00/un"
Frigideira Antiaderente Alumínio Chef,Kasa,1 un,"€14,00/un","€14,00/un"
Conjunto 2 Espátulas Silicone Amarelas Colors,Kasa,1 un,"€3,00/un","€3,00/un"
Mini-forno 1380W BMO4136,Becken,emb. 1 un,"€49,99/un","€49,99/un"
"Conjunto Jarro de Filtrar Marella 2,4L Azul e 1 Filtro Maxtra+",Brita,1 un,"€24,00/un","€24,00/un"
Balança Cozinha Digital Vidro Temperado Preta 5kg,Kasa,1 un,"€12,00/un","€12,00/un"
Molas para Panos Louça Aço Inoxidável Essencial,Kasa,1 un,"€2,00/un","€2,00/un"
Rede Anti Salpicos Aço Inoxidável Groove,Kasa,1 un,"€3,50/un","€3,50/un"
Frigideira Antiaderente Alumínio Verde Oliveira Gourmet,Kasa,1 un,"€18,00/un","€18,00/un"
Avental Sarja Riscas Bege,Kasa,1 un,"€6,00/un","€6,00/un"
Conjunto Suporte e Utensílios Cozinha Bambu,Kasa,1 un,"€10,00/un","€10,00/un"
Espremedor Citrinos Inox 370ml Groove,Kasa,1 un,"€5,00/un","€5,00/un"
Conjunto 3 Peças Limpeza Louça Plástico e Bambu Preto,Kasa,1 un,"€12,00/un","€12,00/un"
Shaker Inox 500ml Cinza Groove,Kasa,1 un,"€4,00/un","€4,00/un"
Conjunto 5 Facas com Suporte Preto,Kasa,1 un,"€20,00/un","€20,00/un"
Rolhas Abre-Cápsulas Plástico Brancas e Cinza Essencial,Kasa,2 un,"€3,00/un","€1,50/un"
Saca-rolhas Aço Cromado Groove,Kasa,1 un,"€4,00/un","€4,00/un"
Forma Tarte Fundo Móvel Alumínio 28cm Cinza Basic,Kasa,1 un,"€5,00/un","€5,00/un"
Mangas Refrigeradoras PVC Prateadas,Grilo,2 un,"€9,00/un","€9,00/un"
Raspador 4 Faces Aço Inoxidável Groove,Kasa,1 un,"€4,50/un","€4,50/un"
Tábua Para Tapas Castanha,,1 un,"€10,00/un","€10,00/un"
Manga Refrigeradora Plástica Preta Koala,Kasa,1 un,"€9,00/un","€9,00/un"
Espátula Silicone Rosa Chefe,Kasa,1 un,"€3,00/un","€3,00/un"
Caixa Hermética Vidro 1L Cook&Freeze,Pyrex,1 un,"€10,00/un","€10,00/un"
Caixa Hermética Plástica Pure,Kasa,1 un,"€1,50/un","€1,50/un"
Faca Descascar Cabo Plástico Preto Essencial,Kasa,1 un,"€2,00/un","€2,00/un"
Conjunto 8 Caixas Herméticas Plásticas Lock,Kasa,1 un,"€10,00/un","€10,00/un"
Conjunto 3 Tigelas Misturadoras,Kasa,1 un,"€6,50/un","€6,50/un"
Batedor Varas Silicone com Cabo Madeira Chefe,Kasa,1 un,"€3,00/un","€3,00/un"
Filtro para Sistema Filtração Água para Torneira On Tap HF,Brita,1 un,"€26,00/un","€26,00/un"
Faca Serrilha 13cm Cabo Madeira Gourmet,Kasa,1 un,"€4,75/un","€4,75/un"
Caixa Hermética Plástica Modern,Kasa,1 un,"€1,50/un","€1,50/un"
Assadeira Vidro 35x22cm Cook N Share,,1 un,"€8,00/un","€8,00/un"
Avental Sarja Riscas Azuis,Kasa,1 un,"€6,00/un","€6,00/un"
Caixa Hermética Plástica B&W,Kasa,1 un,"€1,70/un","€1,70/un"
Trem Cozinha 5 Peças Alumínio Fundido Unika,Pyrex,1 un,"€63,75/un","€63,75/un"
Afiador Facas Plástico Preto,Kasa,1 un,"€9,00/un","€9,00/un"
Caçarola Aço Inoxidável Asas Clássica,Kasa,1 un,"€18,00/un","€18,00/un"
Forma Tarte Vidro 30cm,Pyrex,1 un,"€16,50/un","€16,50/un"
Raspador Aço Inoxidável Groove,Kasa,1 un,"€3,00/un","€3,00/un"
Faca Legumes 12cm Preta Simple,Ivo Cutelarias,1 un,"€5,90/un","€5,90/un"
Caixa Hermética Plástica Modern,Kasa,1 un,"€1,50/un","€1,50/un"
Martelo de Carne Aço Inoxidável Cinza e Preto Medley,Kasa,1 un,"€5,00/un","€5,00/un"
Saca-rolhas Aço Cromado Lenox,Kasa,1 un,"€10,00/un","€10,00/un"
Sabonete Tira Odores Inox Groove,Kasa,1 un,"€3,00/un","€3,00/un"
Conjunto de 2 Facas com Tábua Cinza,Kasa,1 un,"€14,00/un","€14,00/un"
Pincel Aço Inoxidável Branco e Preto Groove,Kasa,1 un,"€3,00/un","€3,00/un"
Caixa Hermética Plástica Rectângular 5L B&W,Kasa,1 un,"€3,20/un","€3,20/un"
Panela Aço Inoxidável Asas À Portuguesa,Kasa,1 un,"€32,00/un","€32,00/un"
Máquina Gaseificação Spirit Black,Sodastream,1 un,"€89,99/un","€89,99/un"
Vira Fritos Inox Groove,Kasa,1 un,"€3,00/un","€3,00/un"
Caixa Hermética Vidro Easy Keep,Kasa,1 un,"€3,00/un","€3,00/un"
Conjunto 3 Formas Bolacha Estrela Alumínio Chefe,Kasa,1 un,"€1,50/un","€1,50/un"
Caixa Hermética Vidro Easy Keep,Kasa,1 un,"€2,50/un","€2,50/un"
Cafeteira Aço Inoxidável 2L Glamour,Silampos,1 un,"€28,00/un","€28,00/un"
Frigideira Antiaderente Aço Inoxidável com Tampa 24cm Elegance,Kasa,1 un,"€24,00/un","€24,00/un"
"Liquidificador 1,5L JB3100WH",Braun,1 un,"€69,99/un","€69,99/un"
Espátula Servir Aço Inoxidável Preto Essencial,Kasa,1 un,"€5,00/un","€5,00/un"
"Panela Aço Inoxidável 6,5L Clássica",Kasa,1 un,"€28,00/un","€28,00/un"
Panela Antiaderente Alumínio Asas Chef,Kasa,1 un,"€24,00/un","€24,00/un"
Batedor Varas Aço Inoxidável Cinza e Preto Medley,Kasa,1 un,"€3,00/un","€3,00/un"
Balde Lixo com Pedal Plástico 25L Cinza,Kasa,1 un,"€12,50/un","€12,50/un"
Faca Legumes 8cm Cabo Madeira Jatoba,Ivo Cutelarias,1 un,"€4,20/un","€4,20/un"
Sanduicheira Ksm3139,Kunft,emb. 1 un,"€14,99/un","€14,99/un"
Base Para Quentes Aço Inoxidável,Kasa,1 un,"€3,00/un","€3,00/un"
Batedor Varas Aço Inoxidável Cinza e Branco Essencial,Kasa,1 un,"€2,50/un","€2,50/un"
Tapete Silicone Cinza Chefe,Kasa,1 un,"€6,00/un","€6,00/un"
Tabuleiro Forno Aço Inoxidável 40cm Groove,Kasa,1un,"€15,00/un","€15,00/un"
Seringa Pasteleiro Plástico Cinza Essencial,Kasa,1 un,"€2,50/un","€2,50/un"
Transportadora Bolo Plástico Colors 32cm (várias cores),Kasa,1 un,"€4,50/un","€4,50/un"
"Caixa Hermética Plástica 2,2L Reutilizar",Kasa,1 un,"€3,00/un","€3,00/un"
Tarteira Grés 26cm Branca Oven,Kasa,1 un,"€7,00/un","€7,00/un"
Espátula Wok Aço Inoxidável Essencial,Kasa,1 un,"€2,50/un","€2,50/un"
Copo Medidor Gin 30 e 50ml,,1 un,"€3,50/un","€3,50/un"
Travessa Quadrada Branca Tokyo,Kasa,1 un,"€6,50/un","€6,50/un"
Colher Sopa Aço Inoxidável Especial,Kasa,1 un,"€2,50/un","€2,50/un"
Panela Aço Inoxidável 20cm Spice,Silampos,1 un,"€46,00/un","€46,00/un"
Conjunto Bases para Quentes Cortiça,,1 un,"€6,00/un","€6,00/un"
Corta Queijo Aço Inoxidável Groove,Kasa,1 un,"€3,00/un","€3,00/un"
Espremedor Citrinos Plástico Cinza e Azul 4 My Kitchen,Kasa,1 un,"€3,50/un","€3,50/un"
Redutores Fogão Aço Cromado Groove,Kasa,2 un,"€2,00/un","€1,00/un"
Caixa Tea com Tampa Bege Cosy,Kasa,1 un,"€4,00/un","€4,00/un"
Fritadeira com Cesto Antiaderente Alumínio 26cm Forno Copper,Kasa,1 un,"€30,00/un","€30,00/un"
Temporizador em Ovo Aço Inoxidável Groove,Kasa,1 un,"€6,00/un","€6,00/un"
Termo Sólidos Plástico Castanho Modern,Kasa,1 un,"€10,00/un","€10,00/un"
Assadeira Vidro 39x24cm Cook N Share,,1 un,"€9,00/un","€9,00/un"
Saca-rolhas Aço Inoxidável Groove,Kasa,1 un,"€4,00/un","€4,00/un"
Saca-rolhas Alumínio Medley,Kasa,1 un,"€10,00/un","€10,00/un"
Caixas Herméticas Plásticas 800ml Slabset (várias cores),Kasa,3 un,"€4,00/un","€4,00/un"
Faca Cozinha 12cm Cabo Madeira Jatoba,Ivo Cutelarias,1 un,"€5,00/un","€5,00/un"
Conjunto 2 Facas e Acessórios Cozinha,Kasa,1 un,"€15,00/un","€15,00/un"
Balde Lixo Plástico 20L Cinza,Kasa,1 un,"€10,00/un","€10,00/un"
Wok Antiaderente Aço Esmaltado 28cm Cabo Master,Kasa,1 un,"€22,50/un","€22,50/un"
"Caixa Hermética Plástica 0,5L Reutilizar",Kasa,1 un,"€1,50/un","€1,50/un"
Frigideira Antiaderente Alumínio 24cm Forno Copper,Kasa,1 un,"€20,00/un","€20,00/un"
Conjunto 2 Caixas Herméticas Plásticas Colors,Kasa,1 un,"€2,00/un","€1,00/un"
Embalagens com Tampa Alumínio Retangulares 28x18cm,Kasa,4 un,"€4,20/un","€1,05/un"
Tabuleiro Forno Retangular Metal 28x22cm Castanho Asimetria,Pyrex,1 un,"€6,60/un","€6,60/un"
Caixa Hermética Plástica Lock,Kasa,1 un,"€2,50/un","€2,50/un"
Rolo Filme Protetor 50x220cm,Boost,emb. 1 un,"€9,99/un","€9,99/un"
Forma Redonda Furo Alumínio 26cm Basic,Kasa,1 un,"€5,00/un","€5,00/un"
Caixa Alimentos com Tampa Rosca Plástico Essencial,Kasa,1 un,"€2,00/un","€2,00/un"
Garrafeira Modular Plástico 5 Garrafas Castanha,,1 un,"€7,50/un","€7,50/un"
Conjunto 3 Facas de Queijo Preto,Kasa,1 un,"€8,50/un","€8,50/un"
Conjunto Servir Salada,Kasa,1 un,"€8,00/un","€8,00/un"
Faca Pão 20cm Cabo Plástico Preto Essencial,Kasa,1 un,"€5,90/un","€5,90/un"
Tábua Ardósia Retangular Preta Slate,Kasa,1 un,"€1,50/un","€1,50/un"
Escorredor para Legumes Metal Branco Nature,Kasa,1 un,"€12,00/un","€12,00/un"
Descascador Aço Inoxidável Cinza e Preto Medley,Kasa,1 un,"€4,00/un","€4,00/un"
Colher Misturadora Gin,,1 un,"€3,50/un","€3,50/un"
"Caixa Hermética Plástica 0,85L Reutilizar",Kasa,1 un,"€1,80/un","€1,80/un"
Trava-portas Silicone 4 My Kitchen (várias cores),Kasa,1 un,"€2,50/un","€2,50/un"
Assadeira Grés 35x25cm Branca Oven,Kasa,1 un,"€8,00/un","€8,00/un"
Tabuleiro Forno Retangular Metal 35x27cm Castanho Asimetria,Pyrex,1un,"€15,00/un","€15,00/un"
Frigideira Antiaderente Alumínio Forno Copper,Kasa,1 un,"€16,00/un","€16,00/un"
Caixa Hermética Plástica 3L B&W,Kasa,1 un,"€2,80/un","€2,80/un"
Caixa Hérmetica Retangular 1L 4 My Lunch,Kasa,1 un,"€5,00/un","€5,00/un"
Faca Cozinha Cabo Plástico Essencial,Kasa,1 un,"€4,00/un","€4,00/un"
Forma Retangular Aço Carbono 24x13cm Dourada Suspiro,Kasa,1 un,"€8,00/un","€8,00/un"
Caixa Hermética Vidro 800ml Cook&Go,Pyrex,1 un,"€11,00/un","€11,00/un"
Filtro Exaustor 60x40cm Ref.4001,Becken,emb. 1 un,"€5,99/un","€5,99/un"
Descaroçador Aço Inoxidável 27cm Groove,Kasa,1 un,"€3,50/un","€3,50/un"
Forma Pizza Metal 32cm Castanha Asimetria,Pyrex,1 un,"€12,00/un","€12,00/un"
Conjunto 3 Colheres Cozinha Plástico Brancas Essencial,Kasa,1 un,"€5,00/un","€5,00/un"
Conjunto 5 Tampas em Silicone de Cozinha,Bazarão,emb. 1 un,"€7,99/un","€7,99/un"
Máquina Gaseificação Spirit White,Sodastream,1 un,"€89,99/un","€89,99/un"
Máquina de Miniwaffles 550W,Bazarão,emb. 1 un,"€16,99/un","€16,99/un"
Raspador Queijo Aço Inoxidável Essencial,Kasa,1 un,"€2,50/un","€2,50/un"
Escorredor Louça Dobrável Plástico Azul Essencial,Kasa,1 un,"€8,00/un","€8,00/un"
Passe Vite Plástico Preto Essencial,Kasa,1 un,"€8,00/un","€8,00/un"
Caçarola Antiaderente Alumínio 16cm Cabo Chef,Kasa,1 un,"€18,00/un","€18,00/un"
Grelhador Antiaderente Alumínio Natura Cook,Celar,1 un,"€30,00/un","€30,00/un"
Conjunto de 3 Facas (várias cores),Kasa,1 un,"€6,00/un","€6,00/un"
Faca Descascar 9cm Preta Simple,Ivo Cutelarias,1 un,"€4,90/un","€4,90/un"
Picadora Manual Branca Handy,Tescoma,1 un,"€15,90/un","€15,90/un"
Forma Desmontável Redonda Metal Castanha Asimetria,Pyrex,1un,"€15,00/un","€15,00/un"
Cutelo Cabo Madeira Gourmet,Kasa,1 un,"€12,00/un","€12,00/un"
Queima Leite Creme Aço Inoxidável Cinza e Preto Medley,Kasa,1 un,"€4,50/un","€4,50/un"
Conjunto Marisco Cinza Medley,Kasa,1 un,"€2,90/un","€2,90/un"
Salva Gotas Plástico Preto,Vacuvin,1 un,"€7,00/un","€7,00/un"
Escumadeira Aço Inoxidável Essencial,Kasa,1 un,"€2,50/un","€2,50/un"
Colher Cozinha Plástico Branca,Kasa,1 un,"€3,00/un","€3,00/un"
Embalagens Take Away Redondas 7cm,Kasa,10 un,"€1,75/un","€0,18/un"
Caixa Hermética Plástica 800ml Modern,Kasa,1 un,"€1,80/un","€1,80/un"
Espátula Curva Silicone Cinza e Preto Medley,Kasa,1 un,"€4,75/un","€4,75/un"
Garrafas Fuse Brancas 1L,Sodastream,2 un,"€17,90/un","€17,90/un"
Faca Serrilha 12cm Cabo Plástico Preto Essencial,Kasa,1 un,"€3,20/un","€3,20/un"
Forma Tarte Vidro 26cm,Pyrex,1 un,"€15,00/un","€15,00/un"
Forma Pudim Canelada Alumínio 18cm Basic,Kasa,1un,"€6,00/un","€6,00/un"
Caçarola Aço Inoxidável Asas Mestre,Kasa,1 un,"€24,00/un","€24,00/un"
Caixa Hermética Plástica B&W,Kasa,1 un,"€1,20/un","€1,20/un"
Caçarola Antiaderente Alumínio Asas e Tampa Master,Kasa,1 un,"€22,50/un","€22,50/un"
Saca-rolhas Aço Inoxidável Groove,Kasa,1 un,"€3,00/un","€3,00/un"
Avental Algodão Riscas Fun,Kasa,1 un,"€6,00/un","€6,00/un"
Escorredor Legumes com Asas Plástico Essencial,Kasa,1 un,"€2,50/un","€2,50/un"
Termo Líquido 1L Azul Fun,Valira,1 un,"€15,00/un","€15,00/un"
Suporte Magnético para Facas Madeira Acácia Nature,Kasa,1 un,"€16,00/un","€16,00/un"
Garrafa Tritan 600ml Preta 4 My Lunch,Kasa,1 un,"€6,00/un","€6,00/un"
Faca Cozinha Cabo Madeira Gourmet,Kasa,1 un,"€5,90/un","€5,90/un"
Garrafa Aço Inoxidável 500ml Azul 4 My Lunch,Kasa,1 un,"€10,00/un","€10,00/un"
Abre-Cápsulas Aço Inoxidável Groove,Kasa,1 un,"€3,00/un","€3,00/un"
Grelhador Resistência BTG2597,Becken,emb. 1 un,"€29,99/un","€29,99/un"
Base Quentes Cubo 4 My Kitchen (várias cores),Kasa,1 un,"€2,50/un","€2,50/un"
Frappé Acrílico Koala,Kasa,1 un,"€12,00/un","€12,00/un"
Garrafa Plástica 645ml Verde To Go,Sistema,1 un,"€6,50/un","€6,50/un"
Forma 6 Muffins Aço Carbono 27x18cm Dourada Suspiro,Kasa,1 un,"€8,00/un","€8,00/un"
Grelhador Antiaderente Alumínio 28x28cm Verde Oliveira Gourmet,Kasa,1 un,"€26,25/un","€26,25/un"
Assadeira Vidro 25x22cm Cook N Share,,1 un,"€7,00/un","€7,00/un"
Espiralizador Aço Inoxidável 3 Lâminas Branco Handy,Tescoma,1 un,"€24,90/un","€24,90/un"
"Balde Gelo 1,25L Aço Inoxidável Groove",Kasa,1 un,"€4,00/un","€4,00/un"
Caçarola Antiaderente Alumínio com Asas Verde Oliveira Gourmet,Kasa,1 un,"€24,00/un","€24,00/un"
Peneira Aço Inoxidável Cinza Groove,Kasa,1 un,"€6,50/un","€6,50/un"
Copo Medidor Vidro 250ml Kitchen Lab,Pyrex,1 un,"€6,50/un","€6,50/un"
Frigideira Antiaderente Alumínio Madeira Premium,Kasa,1 un,"€40,00/un","€40,00/un"
Conjunto 3 Utensílios Cozinha Azul,Kasa,1 un,"€10,00/un","€10,00/un"
Decorador Bolos com 16 Bicos 16cm Branco e Amarelo Delícia,Tescoma,1 un,"€21,90/un","€21,90/un"
Tabuleiro Grelhador Antiaderente Alumínio 19x27cm Natura Cook,Celar,1 un,"€34,00/un","€34,00/un"
Faca Cozinheiro Cabo Aço Inoxidável Satin,Kasa,1 un,"€5,00/un","€5,00/un"
Conjunto 5 Caixas Herméticas Plásticas Rainbow,Kasa,1 un,"€5,00/un","€5,00/un"
Facas e Descascador Cabo Plástico Castanho e Preto Wood,Kasa,1 un,"€30,00/un","€30,00/un"
Robot de Cozinha KBKM4570,Kubo,emb. 1 un,"€179,99/un","€179,99/un"
Suporte Utensílios Aço Inoxidável Groove,Kasa,1 un,"€2,50/un","€2,50/un"
Batedeira sem Taça Mixo 1405FL,Flama,emb. 1 un,"€23,99/un","€23,99/un"
Forma Redonda Alumínio 28cm Preta Doce,Kasa,1un,"€7,00/un","€7,00/un"
Suporte para Presunto,,1 un,"€16,00/un","€16,00/un"
Grelhador Resistência 4020FL,Flama,1 un,"€29,99/un","€29,99/un"
Pincel Silicone Cinza e Preto Medley,Kasa,1 un,"€4,00/un","€4,00/un"
Manga Refrigeradora Plástica Prateada,Vacuvin,1 un,"€14,50/un","€14,50/un"
Caçarola Antiaderente Alumínio Asas Chef,Kasa,1 un,"€26,00/un","€26,00/un"
Fritadeira com Cesto Aço Inoxidável 24cm À Portuguesa,Kasa,1 un,"€24,00/un","€24,00/un"
Conjunto 3 Utensílios Pastelaria Madeira e Silicone Chefe,Kasa,1 un,"€8,50/un","€8,50/un"
Tábua para Tapas Madeira 27cm,,1 un,"€14,00/un","€14,00/un"
Assadeira Vidro 33x20cm Cook N Share,,1 un,"€7,00/un","€7,00/un"
Tarteira 28cm Nervuras Branca,,1 un,"€3,54/un","€3,54/un"
Caçarola Aço Inoxidável Asas À Portuguesa,Kasa,1 un,"€22,00/un","€22,00/un"
Fruteira Inox 24cm Groove,Kasa,1 un,"€7,50/un","€7,50/un"
Caçarola Antiaderente Alumínio Platina Indução Total,Kasa,1 un,"€28,00/un","€28,00/un"
Tábua para Tapas Acácia 32x21cm Nature,Kasa,1 un,"€15,00/un","€15,00/un"
Raspador Aço Inoxidável Azul e Cinza 4 My Kitchen,Kasa,1 un,"€3,50/un","€3,50/un"
Quebra-nozes Metal e Borracha Cinza Medley,Kasa,1 un,"€9,00/un","€9,00/un"
Frigideira Antiaderente Alumínio Cabo Master,Kasa,1 un,"€16,50/un","€16,50/un"
Pincel Plástico Cinza e Preto Medley,Kasa,1 un,"€3,00/un","€3,00/un"
Tabuleiro Forno Retangular Alumínio Basic,Kasa,1un,"€4,50/un","€4,50/un"
Descascador Aço Inoxidável 4 My Kitchen,Kasa,1 un,"€2,50/un","€2,50/un"
Rolhas Doseadoras Plástico e Inox Essencial,Kasa,2 un,"€6,00/un","€3,00/un"
"Faca Santoku 17,8cm Cabo Plástico Preto Elite Chef",Kasa,1 un,"€8,00/un","€8,00/un"
Base para Quentes Quadrada Silicone 4 My Kitchen (várias cores),Kasa,1 un,"€2,50/un","€2,50/un"
Varinha Mágica 650W HR2535/00,Philips,emb. 1 un,"€54,99/un","€54,99/un"
Faca Legumes 12cm Cabo Plástico Preto Essencial,Kasa,1 un,"€3,50/un","€3,50/un"
Conjunto 3 Facas Aço Inoxidável com Cabo Madeira Azul Nature,Kasa,1 un,"€15,00/un","€15,00/un"
Garrafas Classic 1L Transparentes e Pretas,Sodastream,2 un,"€17,90/un","€17,90/un"
Talher para Bolos Aço Inoxidável Groove,Kasa,1 un,"€3,00/un","€3,00/un"
Varinha Mágica 450W DD451110,Moulinex,emb. 1 un,"€35,99/un","€35,99/un"
Passe Vite Aço Inoxidável Branco Groove,Kasa,1 un,"€13,50/un","€13,50/un"
Concentrado Líquido Cola Diet 440ml,Sodastream,1 un,"€7,00/un","€7,00/un"
Frappé Plástico Preto,Vacuvin,1 un,"€21,00/un","€21,00/un"
Fritadeira com Cesto Antiaderente Alumínio 26cm Verde Oliveira Gourmet,Kasa,1 un,"€26,25/un","€26,25/un"
Bomba Vácuo Preta Koala,Kasa,1 un,"€8,00/un","€8,00/un"
Frigideira Antiaderente Alumínio 20cm Forno Copper,Kasa,1 un,"€16,00/un","€16,00/un"
Rolha para Champanhe Plástica Preta,Vacuvin,1 un,"€13,00/un","€13,00/un"
Assadeira Vidro 39x27cm Cook N Share,,1 un,"€9,00/un","€9,00/un"
Faca Cozinheiro 18cm Cabo Madeira Jatoba,Ivo Cutelarias,1 un,"€9,50/un","€9,50/un"
Caçarola Aço Inoxidável 16cm Cabo Mestre,Kasa,1 un,"€22,00/un","€22,00/un"
Cutelo Aço Inoxidável Preto Essencial,Kasa,1 un,"€14,50/un","€14,50/un"
Frasco Cozinha Plástico 2L Classic,Kasa,1 un,"€6,00/un","€6,00/un"
"Decantador 1,5L Cisne",Kasa,1 un,"€11,00/un","€11,00/un"
Faca Legumes Aço Inoxidável 13cm Preta Elite Chef,Kasa,1 un,"€5,00/un","€5,00/un"
"Faca Cozinheiro 20,5cm Cabo Plástico Preto Elite Chef",Kasa,1 un,"€8,00/un","€8,00/un"
Termo Sólidos 500ml Azul,Valira,1 un,"€15,00/un","€15,00/un"
Escorredor Talheres Plástico Azul Essencial,Kasa,1 un,"€3,00/un","€3,00/un"
Molas Fecha Sacos Brancas Essencial,Kasa,3 un,"€1,35/un","€0,45/un"
Copo Medidor Vidro 500ml,Pyrex,1 un,"€10,00/un","€10,00/un"
Saco Neoprene 8L Alentejo,Kasa,1 un,"€10,00/un","€10,00/un"
Caçarola Antiaderente Alumínio Forno Copper,Kasa,1 un,"€22,00/un","€22,00/un"
Saleiro e Pimenteiro Aço Inoxidável Groove,Kasa,1 un,"€9,00/un","€9,00/un"
Escamador Peixe Aço Inoxidável Groove,Kasa,1 un,"€3,50/un","€3,50/un"
Grelhador Antiaderente Alumínio Chef,Kasa,1 un,"€28,00/un","€28,00/un"
Concentrado Líquido Cola Clássica 440ml,Sodastream,1 un,"€7,00/un","€7,00/un"
Faca Presunto 24cm Cabo Madeira Gourmet,Kasa,1 un,"€7,00/un","€7,00/un"
Forma Gomas Silicone 21x13cm Della Casa (vários modelos),Tescoma,1 un,"€13,90/un","€13,90/un"
Grelhador Resistência 422FL,Flama,1 un,"€31,99/un","€31,99/un"
Garrafas Fuse Preta e Branca 500ml,Sodastream,2 un,"€14,90/un","€14,90/un"
Fruteira Aço Inoxidável 25cm Groove,Kasa,1 un,"€14,00/un","€14,00/un"
Frigideira Antiaderente Aço Inoxidável 24cm I-Premium Stone,Tescoma,1 un,"€39,90/un","€39,90/un"
Faca Santoku Cabo Plástico Preto Essencial,Kasa,1 un,"€5,90/un","€5,90/un"
Wok Antiaderente Alumínio 28cm Generous Cook,Tefal,1 un,"€32,00/un","€32,00/un"
Picador Manual Branco e Verde Handy,Tescoma,1 un,"€19,90/un","€19,90/un"
Faca Filetes Cabo Plástico Preto Essencial,Kasa,1 un,"€5,90/un","€5,90/un"
Fuzil Aço Inoxidável Preto Essencial,Kasa,1 un,"€12,50/un","€12,50/un"
Wok Antiaderente Alumínio 28cm Cabo Chef,Kasa,1 un,"€26,00/un","€26,00/un"
Corta Frutos Aço Inoxidável Groove,Kasa,1 un,"€3,00/un","€3,00/un"
Wok Antiaderente Alumínio 28cm Oliveira Gourmet,Kasa,1 un,"€24,00/un","€24,00/un"
Caçarola Alumínio Asas Essencial,Kasa,1 un,"€5,00/un","€5,00/un"
Forma Redonda Alumínio 24cm Basic,Kasa,1un,"€4,50/un","€4,50/un"
Cafeteira Aço Inoxidável com Asa 6L À Portuguesa,Kasa,1 un,"€22,00/un","€22,00/un"
Frigideira Antiaderente Alumínio Platina Indução Total,Kasa,1 un,"€28,00/un","€28,00/un"
"Panela Aço Inoxidável 3,5L Clássica",Kasa,1 un,"€22,00/un","€22,00/un"
Grelhador Antiaderente Alumínio 28x28cm Platina Indução Total,Kasa,1 un,"€40,00/un","€40,00/un"
Caçarola Antiaderente Alumínio 28cm Forno Copper,Kasa,1 un,"€38,00/un","€38,00/un"
Caçarola Antiaderente Alumínio 24cm Forno Copper,Kasa,1 un,"€34,00/un","€34,00/un"
Wok Antiaderente Alumínio com Tampa 30cm Platina Indução Total,Kasa,1 un,"€40,00/un","€40,00/un"
Forma Roseta Silicone 24cm Laranja Delícia SiliconPrime,Tescoma,1 un,"€20,90/un","€20,90/un"
Conjunto Tábua de Queijo Acácia e Ardósia 26x23cm e Faca Aço Inoxidável,Kasa,1 un,"€12,00/un","€12,00/un"
Bomba Vácuo com 2 Rolhas Silicone Vermelha Uno Vino,Tescoma,1 un,"€15,90/un","€15,90/un"
Caçarola com Cabo Antiaderente Alumínio 18cm Forno Copper,Kasa,1 un,"€22,00/un","€22,00/un"
Faca Descascar 9cm Cabo Plástico Preto Elite Chef,Kasa,1 un,"€4,00/un","€4,00/un"
Tabuleiro Grelhador Antiaderente Alumínio 36x23cm Verde Oliveira Gourmet,Kasa,1 un,"€30,00/un","€30,00/un"
Forma Framboesa Silicone 24cm Laranja Delícia SiliconPrime,Tescoma,1 un,"€21,90/un","€21,90/un"
"Faca Cozinha 20,5cm Cabo Plástico Preto Elite Chef",Kasa,1 un,"€7,50/un","€7,50/un"
"Faca Pão 20,5cm Cabo Plástico Preto Elite Chef",Kasa,1 un,"€8,50/un","€8,50/un"
Forma Banho Maria com Tampa Alumínio 18cm Basic,Kasa,1 un,"€5,00/un","€5,00/un"
Frigideira Antiaderente Alumínio 28cm Forno Copper,Kasa,1 un,"€24,00/un","€24,00/un"
Saca-rolhas com 2 Alavancas Metal Vermelha Uno Vino,Tescoma,1 un,"€20,90/un","€20,90/un"
Grelhador de Placas 4421FL 1600W,Flama,emb. 1 un,"€39,99/un","€39,99/un"
Grelhador Antiaderente Alumínio com Cabo 28x28cm Master,Kasa,1 un,"€26,25/un","€26,25/un"
Frigideira Antiaderente Aço Inoxidável 24cm À Portuguesa,Kasa,1 un,"€25,00/un","€25,00/un"
Filtro Exaustor 100x50cm Ref. 4000,Becken,emb. 1 un,"€7,99/un","€7,99/un"
Forma Retangular Metal 30x13cm Castanha Asimetria,Pyrex,1 un,"€12,00/un","€12,00/un"
Grelhador Antiaderente Aço Inoxidável 27x27cm À Portuguesa,Kasa,1 un,"€36,00/un","€36,00/un"
Garrafa Plástico 800ml,Kasa,1 un,"€3,00/un","€3,00/un"
Embalagens Take Away Redondas 8cm,Kasa,20 un,"€1,20/un","€0,06/un"
Torradeira 1 Fenda,Philips,emb. 1 un,"€37,99/un","€37,99/un"
Embalagens Alumínio Redondas 33cm,Kasa,4 un,"€3,50/un","€0,88/un"
Grelhador Mesa 4743FL,Flama,emb. 1 un,"€54,99/un","€54,99/un"
Facas e Descascador Cabo Plástico Castanho e Preto Stone,Kasa,1 un,"€30,00/un","€30,00/un"
Saco Térmico Tiracolo 10L,Kasa,1 un,"€13,00/un","€13,00/un"
Frasco Quadrado Cozinha Plástico Tampa Cinza Claro Tasty+,Brabantia,1 un,"€9,75/un","€9,75/un"
Saco Térmico 15 Odemira,Kasa,1 un,"€15,00/un","€15,00/un"
Frigideira Cónica Antiaderente Aço Inoxidável Wave,Silampos,1 un,"€33,00/un","€33,00/un"
Cafeteira Prensa Vidro Caffettiera,Bodum,1 un,"€14,90/un","€14,90/un"
Caixa Hermética Retângular Plástico Emsa,Tefal,1 un,"€5,20/un","€5,20/un"
Frigideira Antiaderente Alumínio Leve,Kasa,1 un,"€12,00/un","€12,00/un"
Saca-rolhas Aço Inoxidável e Plástico Preto Tasty+,Brabantia,1 un,"€8,75/un","€8,75/un"
Garrafa Plástico Tritan 500ml Melior,Bodum,1 un,"€8,90/un","€8,90/un"
Frascos Plástico com Tampa e Faixa Silicone Preta Presso,Bodum,2 un,"€11,90/un","€11,90/un"
Panela Aço Inoxidável com Asas Wave,Silampos,1 un,"€33,00/un","€33,00/un"
Caçarola Antiaderente Alumínio Lady Blue Full,Celar,1 un,"€28,00/un","€28,00/un"
Conjunto Saco Térmico Tiracolo e 3 Caixas 4 My Lunch,Kasa,1 un,"€15,00/un","€15,00/un"
Caçarola Antiaderente Alumínio Terracota,Kasa,1 un,"€26,60/un","€26,60/un"
Termoacumulador Azul Giostyle,Giostyle,1 un,"€3,00/un","€3,00/un"
"Frasco Cozinha Vidro com Tampa Preta 1,1L Classic",Brabantia,1 un,"€13,50/un","€13,50/un"
Saco Térmico Tiracolo 36L,Kasa,1 un,"€22,00/un","€22,00/un"
Caçarola Aço Inoxidável com Asas Wave,Silampos,1 un,"€27,00/un","€27,00/un"
Conjunto 3 Panos Cozinha 40x60cm Riscas Amarelas Deep Rustic,Kasa,1 un,"€6,00/un","€6,00/un"
Garrafa Vidro 500ml Melior,Bodum,1 un,"€16,90/un","€16,90/un"
Caixa Pão Plástico e Bambu Preta Bistro,Bodum,1 un,"€19,90/un","€19,90/un"
Caçarola Antiaderente Alumínio Leve,Kasa,1 un,"€15,00/un","€15,00/un"
Garrafa Térmica Aço Inox Preta Travmug,Bodum,1 un,"€16,90/un","€16,90/un"
Mochila Térmica 25L Riscas Azuis Alentejo,Kasa,1 un,"€22,00/un","€22,00/un"
Cafeteira Prensa Vidro 8 Chávenas Kenya,Bodum,1 un,"€14,90/un","€14,90/un"
Garrafa Térmica Aço Inox 500ml Melior,Bodum,1 un,"€18,90/un","€18,90/un"
Conjunto 2 Panos Cozinha 45x60cm Losangos Bohotanic,Kasa,2 un,"€5,00/un","€5,00/un"
"Saco Térmico Tiracolo 8,5L Vermelho Alentejo",Kasa,1 un,"€14,00/un","€14,00/un"
Saco Térmico Tiracolo 5L Riscas Azuis Alentejo,Kasa,1 un,"€10,00/un","€10,00/un"
Frigideira Antiaderente Alumínio Terracota,Kasa,1 un,"€21,00/un","€21,00/un"
"Conjunto Jarro de Filtrar Marella 2,4L Branco e 2 Filtros Maxtra+",Brita,1 un,"€35,00/un","€35,00/un"
"Caixa de Pão com Tampa Deslizante Aço 31,6x26,5x17,3cm Prateada Classic",Brabantia,1 un,"€51,00/un","€51,00/un"
"Liquidificador 0,6L 2223FL Rosa",Flama,emb. 1 un,"€31,99/un","€31,99/un"
Galheteiro Bege Peixes,Obidos,1 un,"€19,00/un","€19,00/un"
Mola para Sacos Alimentos,Bazarão,emb. 1 un,"€2,00/un","€2,00/un"
Frigideira Aço Esmaltado Vitrificado 14cm Azul,Ibili,1 un,"€19,90/un","€19,90/un"
Frigideira Aço Esmaltado Vitrificado 14cm Azul,Ibili,1 un,"€19,90/un","€19,90/un"
Cafeteira Vidro com Filtro e Manga Plástico 1L Pour Over,Bodum,1 un,"€24,90/un","€24,90/un"
Conjunto de 4 Caixas Hérmeticas,Bazarão,emb. 4 un,"€5,00/un","€5,00/un"
Bloco para Facas e Utensílios Cinza Escuro Tasty+,Brabantia,1 un,"€31,00/un","€31,00/un"
Yämmi 2 XL White,Yämmi,1 un,"€599,00/un","€599,00/un"
Escorredor Louça Compacto Alumínio Cinza Sink Side,Brabantia,1 un,"€44,50/un","€44,50/un"
"Fritadeira sem Óleo 656FL 2,5L",Flama,1 un,"€67,49/un","€67,49/un"
Frigideira Aço Inoxidável 28cm Bege,Celar,1 un,"€39,90/un","€39,90/un"
Máquina de Café Manual Becken BECM2493,Becken,emb. 1 un,"€79,99/un","€79,99/un"
Wok Antiaderente Aço Inoxidável com Cabo 28cm Wave,Silampos,1 un,"€43,50/un","€43,50/un"
Gel Combustível 500ml Maxlumen,Aga,1 un,"€6,00/un","€6,00/un"
Manga Refrigeradora Plástica Prateada,Vacuvin,1 un,"€18,50/un","€18,50/un"
Raspador Queijo Aço Inoxidável com Cabo Amarelo Tasty+,Brabantia,1 un,"€12,50/un","€12,50/un"
Colher Gelado Aço Inoxidável com Cabo 20cm Terracota Tasty+,Brabantia,1 un,"€12,50/un","€12,50/un"
Escorredor Louça com Tabuleiro Plástico Cinza Sink Side,Brabantia,1 un,"€37,50/un","€37,50/un"
"Recipiente para Resíduos Orgânicos 1,8L Plástico Cinza Sink Side",Brabantia,1 un,"€22,75/un","€22,75/un"
Balança Cozinha Digital Vidro Preta Tasty+,Brabantia,1 un,"€39,95/un","€39,95/un"
Frigideira Antiaderente Alumínio 28cm Creme,Smeg,emb. 1 un,"€149,99/un","€149,99/un"
Copos Vidro Térmico 350ml Pavina,Bodum,2 un,"€19,90/un","€19,90/un"
Garrafa com Tampa e Pega 620ml (várias cores),Bazarão,emb. 1 un,"€3,00/un","€3,00/un"
Grelhador Alumínio com Cabo 24cm Essencial,Kasa,1 un,"€13,00/un","€13,00/un"
Sistema Filtração Água para Torneira On Tap,Brita,1 un,"€62,00/un","€62,00/un"
Esmagador Alho Aço Inoxidável Groove,Kasa,1 un,"€5,00/un","€5,00/un"
"Taça Misturadora Plástico 1,5L Amarela Tasty+",Brabantia,1 un,"€11,00/un","€11,00/un"
Conjunto de 2 Pegas 2 Bases Silicone Cinza e Azul,Bazarão,emb. 1 un,"€5,00/un","€5,00/un"
Frigideira Aço Esmaltado Vitrificado 14cm Cinza,Ibili,1 un,"€19,90/un","€19,90/un"
Grelhador Antiaderente Aço Inoxidável 27x27cm Wave,Silampos,1 un,"€52,50/un","€52,50/un"
"Bule para Chá Infusão 0,9L",Bazarão,emb. 1 un,"€4,00/un","€4,00/un"
Caneca Vidro com Batedor Leite 250ml Latteo,Bodum,1 un,"€24,90/un","€24,90/un"
Caneca Viagem Plástico e Silicone 350ml Preta Travmug,Bodum,1 un,"€8,90/un","€8,90/un"
Caneca Viagem Plástico e Silicone 250ml Preta Joycup,Bodum,1 un,"€8,90/un","€8,90/un"
Torradeira 2 Fendas HT1010GR,Braun,1 un,"€29,99/un","€29,99/un"
Chaleira Vidro com Filtro 1L Chambord,Bodum,1 un,"€19,90/un","€19,90/un"
Filtro Aço Inox com Pega 1L Pour Over,Bodum,1 un,"€14,90/un","€14,90/un"
Jarro Plástico com Filtro 1.5L Ceylon,Bodum,1 un,"€14,90/un","€14,90/un"
Fritadeira com Cesto Esmaltada 24cm Essencial,Kasa,1 un,"€14,00/un","€14,00/un"
Conjunto 3 Tábuas Cozinha Antiderrapantes,Bazarão,emb. 1 un,"€9,99/un","€9,99/un"
Espátula Salazar Silicone com Cabo Aço Inoxidável 29cm Profile,Brabantia,1 un,"€12,95/un","€12,95/un"
"Concha Raspadora com Cabo Verde Plástico 32,8cm Tasty+",Brabantia,1 un,"€8,75/un","€8,75/un"
"Escumadeira Aço Inoxidável com Cabo Branco 35,3cm Essential",Brabantia,1 un,"€12,50/un","€12,50/un"
Wok Antiaderente Alumínio 30cm Creme,Smeg,emb. 1 un,"€169,99/un","€169,99/un"
Frigideira Aço Inoxidável 14cm Cinza,Ibili,1 un,"€9,99/un","€9,99/un"
Conjunto 3 Tábuas Cozinha e Suporte Bistro Set,Bodum,1 un,"€24,90/un","€24,90/un"
Sanduicheira 600W 4900FL,Flama,1 un,"€26,99/un","€26,99/un"
Frigideira Aço Inoxidável 20cm Bege,Celar,1 un,"€29,90/un","€29,90/un"
Faca Comfort Chef 20cm,Tefal,1 un,"€20,50/un","€20,50/un"
Wok Antiaderente Alumínio 28cm Terracota,Kasa,1 un,"€28,00/un","€28,00/un"
"Frasco Cozinha Vidro com Tampa Preta 1,1L Classic",Brabantia,1 un,"€13,50/un","€13,50/un"
Saca-rolhas Aço Inoxidável e Plástico Preto Tasty+,Brabantia,1 un,"€8,75/un","€8,75/un"
Conjunto Saleiro e Pimenteiro Aço Inoxidável Classic,Brabantia,1 un,"€31,95/un","€31,95/un"
Saleiro Vermelho Morango,Obidos,1 un,"€24,90/un","€24,90/un"
Cafeteira Aço Inoxidável 14cm com Asas Wave,Silampos,1 un,"€30,00/un","€30,00/un"
Escorredor Alimentos Extensível Cinza,Bazarão,emb. 1 un,"€7,99/un","€7,99/un"
Grelhador Antiaderente Alumínio 28x28cm Leve,Kasa,1 un,"€18,00/un","€18,00/un"
Batedeira sem Taça Becken BHM3133,Becken,emb. 1 un,"€22,99/un","€22,99/un"
Frigideira Aço Inoxidável 24cm Bege,Celar,1 un,"€34,90/un","€34,90/un"
Frigideira Multifunções,Kasa,1 un,"€30,00/un","€30,00/un"
Jarro Elétrico Preto 1.7L,Bazarão,emb. 1 un,"€12,99/un","€12,99/un"
"Tesoura Ervas Aromáticas Aço Inoxidável com Cabo Verde 22,2cm Tasty+",Brabantia,1 un,"€8,75/un","€8,75/un"
"Descascador Basculante e Raspador de Citrinos Plástico e Inox 17,3cm Tasty+",Brabantia,1 un,"€6,25/un","€6,25/un"
"Liquidificador 1,5L BTB5027",Becken,emb. 1 un,"€39,99/un","€39,99/un"
"Espátula Wok Silicone com Cabo Aço Inoxidável 38,8cm Profile",Brabantia,1 un,"€16,95/un","€16,95/un"
Frigideira Antiaderente Alumínio 30cm Creme,Smeg,emb. 1 un,"€159,99/un","€159,99/un"
Caçarola Alta Antiaderente Alumínio 26cm Creme,Smeg,emb. 1 un,"€219,99/un","€219,99/un"
Frigideira Aço Esmaltado Vitrificado 14cm Laranja,Ibili,1 un,"€19,90/un","€19,90/un"
Frigideira Antiaderente Aço Inoxidável 28cm Glamour,Silampos,1 un,"€45,00/un","€45,00/un"
Chaleira Vidro com Filtro 1L Assam,Bodum,1 un,"€29,90/un","€29,90/un"
Jarro Plástico com Tampa Preta 1.2L Melhor,Bodum,1 un,"€12,90/un","€12,90/un"
Wok Antiaderente Alumínio 28cm Lady Blue Full,Celar,1 un,"€32,00/un","€32,00/un"
Frigideira Ovos Alumínio com Cabo 14cm Essencial,Kasa,1 un,"€4,00/un","€4,00/un"
Balança Cozinha Digital Vidro Verde Tasty+,Brabantia,1 un,"€39,95/un","€39,95/un"
Torradeira 2 Fendas Becken BT4177 2E XL,Becken,emb. 1 un,"€39,99/un","€39,99/un"
"Lata Isotérmica Aço Inoxidável 0,5L Arlequin",Ibili,1 un,"€14,90/un","€14,90/un"
Batedor de Varas Grande Aço Inoxidável com Cabo Branco,Brabantia,1 un,"€9,95/un","€9,95/un"
Luva Cozinha 20x30cm Bohotanic,Kasa,1 un,"€2,50/un","€2,50/un"
"Caixa de Pão Bambu 40,2x17,8cm",Kasa,1 un,"€20,00/un","€20,00/un"
Recipiente para Cozinhar a Vapor,Bazarão,emb. 1 un,"€5,99/un","€5,99/un"
"Colher Esparguete Aço Inoxidável com Cabo Preto 33,2cm Profile",Brabantia,1 un,"€8,50/un","€8,50/un"
Espremedor de Citrinos com Medidor Plástico 500ml Amarelo Tasty+,Brabantia,1 un,"€12,75/un","€12,75/un"
"Colher Servir Aço Inoxidável com Cabo Branco 33,8cm Essential",Brabantia,1 un,"€12,50/un","€12,50/un"
"Liquidificador 0,6L 2224FL Verde",Flama,emb. 1 un,"€31,99/un","€31,99/un"
"Garrafa Termo Aço Inoxidável 0,5L Branca Marble",Ibili,1 un,"€14,90/un","€14,90/un"
Panela Baixa Pressão 5L,Kasa,1 un,"€45,00/un","€45,00/un"
Grelhador Antiaderente Alumínio 28x28cm Terracota,Kasa,1 un,"€29,40/un","€29,40/un"
Caixas Herméticas em Vidro,Bazarão,emb. 2 un,"€7,99/un","€7,99/un"
Açucareiro Vermelho Tomate,Obidos,1 un,"€24,90/un","€24,90/un"
Garrafeira Madeira 24 Garrafas,Artemis,emb. 1 un,"€49,99/un","€49,99/un"
Saladeira 28cm Verde Couve,Obidos,1 un,"€29,90/un","€29,90/un"
Batedor Leite Plástico a Pilhas Schiuma,Bodum,1 un,"€6,90/un","€6,90/un"
Frigideira Aço Esmaltado Vitrificado 14cm Amarelo,Ibili,1 un,"€19,90/un","€19,90/un"
Cafeteira Vidro com Filtro e Manga Cortiça 500ml Pour Over,Bodum,1 un,"€24,90/un","€24,90/un"
Caneca Vidro com Filtro 350ml Yoyo Set,Bodum,1 un,"€8,90/un","€8,90/un"
Panela Aço Inoxidável 20cm Bege,Celar,1 un,"€59,90/un","€59,90/un"
Caçarola Aço Inoxidável 16cm Bege,Celar,1 un,"€39,90/un","€39,90/un"
Conjunto Bloco 3 Facas Aço com Cabo Cinza Escuro Tasty+,Brabantia,1 un,"€54,00/un","€54,00/un"
Varinha Mágica 600W BHB4577,Becken,emb. 1 un,"€29,99/un","€29,99/un"
Tacho Antiaderente Alumínio com Pega 20cm Creme,Smeg,emb. 1 un,"€159,99/un","€159,99/un"
"Garrafa Termo Aço Inoxidável 0,5L Stijl",Ibili,1 un,"€14,90/un","€14,90/un"
Galheteiro de Azeite e Vinagre Nature Branco,Kasa,1 un,"€12,00/un","€12,00/un"
"Jarro Elétrico Flama 1,7L 2200W 716FL",Flama,1 un,"€19,99/un","€19,99/un"
Cortador de Legumes,Bazarão,emb. 1 un,"€12,99/un","€12,99/un"
Termómetro Digital para Alimentos,Bazarão,emb. 1 un,"€3,00/un","€3,00/un"
Grelhador Aço Inoxidável 26cm Bege,Celar,1 un,"€39,90/un","€39,90/un"
"Colher Gelado Aço Inoxidável com Cabo 20,7cm Branco Essential",Brabantia,1 un,"€12,75/un","€12,75/un"
Frigideira Antiaderente Alumínio 26cm Creme,Smeg,emb. 1 un,"€139,99/un","€139,99/un"
"Garrafa Termo Aço Inoxidável 0,5L Azul Baroque",Ibili,1 un,"€14,90/un","€14,90/un"
Frigideira Antiaderente Alumínio 15cm Lady Blue Full,Celar,1 un,"€12,00/un","€12,00/un"
Grelhador de Placas 4724FL 2000W,Flama,,"€49,99/un","€49,99/un"
"Escumadeira com Cabo Verde Plástico 31,6cm Tasty+",Brabantia,1 un,"€8,75/un","€8,75/un"
"Caixa de Pão com Frente Rebatível Aço 46,5x25x18,7cm Prateada Classic",Brabantia,1 un,"€67,00/un","€67,00/un"
Colher Esparguete com Medidor Plástico 30cm Preta e Amarela Tasty+,Brabantia,1 un,"€8,75/un","€8,75/un"
Conjunto 3 Tábuas de Corte Plástico Tasty+,Brabantia,1 un,"€29,75/un","€29,75/un"
"Colher Servir Plástico 31,2cm Vermelha Tasty+",Brabantia,1 un,"€8,75/un","€8,75/un"
Temporizador Cozinha Digital Plástico Vermelho Tasty+,Brabantia,1 un,"€14,95/un","€14,95/un"
"Caixa de Pão com Tampa Deslizante Aço 44,5x26,2x17,3cm Prateada Classic",Brabantia,1 un,"€57,00/un","€57,00/un"
Escorredor Louça Compacto Alumínio Cinza Claro Sink Side,Brabantia,1 un,"€44,50/un","€44,50/un"
"Garrafa Termo Aço Inoxidável 0,5L Swirl",Ibili,1 un,"€14,90/un","€14,90/un"
"Garrafa Termo Aço Inoxidável 0,5L Sia",Ibili,1 un,"€14,90/un","€14,90/un"
Sanduicheira Flama 4960FL,Flama,emb. 1 un,"€29,99/un","€29,99/un"
Saleiro Vermelho Tomate,Obidos,1 un,"€24,90/un","€24,90/un"
Mini-forno 1200W 1518FL,Flama,,"€99,99/un","€99,99/un"
Sanduicheira Flama 4930FL,Flama,emb. 1 un,"€24,99/un","€24,99/un"
"Garrafa Termo Aço Inoxidável 0,5L Preta Marble",Ibili,1 un,"€14,90/un","€14,90/un"
Frascos Plástico com Tampa e Faixa Silicone Preta 1L Presso,Bodum,2 un,"€16,90/un","€16,90/un"
Cafeteira Aço Inoxidável 9 Chávenas,Kasa,1 un,"€20,00/un","€20,00/un"
"Caixa Hermética Redonda Plástico 0,85L Emsa",Tefal,1 un,"€7,00/un","€7,00/un"
Batedeira com Taça Becken BHMB3134,Becken,emb. 1 un,"€34,99/un","€34,99/un"
"Organizador Modular 34,5x30x25cm",Bazarão,emb. 1 un,"€5,00/un","€5,00/un"
Grelhador Elétrico 1500W,Bazarão,emb. 1 un,"€24,99/un","€24,99/un"
Palhinhas Dobradas Vidro,Kasa,4 un,"€2,00/un","€2,00/un"
Corta Pizza Aço Inoxidável Preto Tasty+,Brabantia,1 un,"€11,25/un","€11,25/un"
Pincel Silicone Preto com Cabo Aço Inoxidável 19cm Profile,Brabantia,1 un,"€10,25/un","€10,25/un"
Dispensador de Lixo,Bazarão,emb. 1 un,"€3,00/un","€3,00/un"
Frigideira Antiaderente Aço Inoxidável 20cm Clássica,Kasa,1 un,"€16,00/un","€16,00/un"
Cafeteira Êmbolo Vidro 1L Essencial,Kasa,1 un,"€10,00/un","€10,00/un"
"Mini Liquidificador 0,6L Becken BTB2692",Becken,emb. 1 un,"€29,99/un","€29,99/un"
Caçarola Antiaderente Alumínio 18cm Cabo Terracota,Kasa,1 un,"€22,40/un","€22,40/un"
Tabuleiro Grelhador Antiaderente Alumínio 36x22cm Terracota,Kasa,1 un,"€32,20/un","€32,20/un"
Esmagador Alho Aço Inoxidável com Cabo Terracota 18cm Tasty+,Brabantia,1 un,"€12,50/un","€12,50/un"
Tapete Escorredor Silicone Cinza Sink Side,Brabantia,1 un,"€22,75/un","€22,75/un"
Conjunto de Corte de 4 Peças com Tábua,Bazarão,emb. 1 un,"€5,00/un","€5,00/un"
Conjunto Batedor de Varas e Colher Escorredora Verde Tasty+,Brabantia,1 un,"€8,75/un","€8,75/un"
Batedor de Varas Grande Aço Preto Profile,Brabantia,1 un,"€8,50/un","€8,50/un"
Tábua de Corte Plástico 25x25cm Beringela Tasty+,Brabantia,1 un,"€9,95/un","€9,95/un"
Conjunto Suporte e 3 Utensílios Cozinha Plástico Tasty+,Brabantia,1 un,"€30,95/un","€30,95/un"
"Escumadeira Plástico Preta com Cabo Aço Inoxidável 38,6cm Profile",Brabantia,1 un,"€8,50/un","€8,50/un"
Taça Aço Inoxidável com Base Antiderrapante Silicone 1L Classic,Brabantia,1 un,"€24,50/un","€24,50/un"
"Espátula/Lâmina de Corte Plástico com Cabo Terracota 34,8cm Tasty+",Brabantia,1 un,"€8,75/un","€8,75/un"
"Pinça Cozinha Plástico Preta 29,2cm Tasty+",Brabantia,1 un,"€8,75/un","€8,75/un"
Frigideira Aço Esmaltado Vitrificado 14cm Verde,Ibili,1 un,"€19,90/un","€19,90/un"
Copos Água Vidro 350ml Kvadrant,Bodum,4 un,"€12,90/un","€12,90/un"
Infusor Chá Plástico Preto Bistro,Bodum,1 un,"€3,90/un","€3,90/un"
Panela Antiaderente Alumínio 24cm Lady Blue Full,Celar,1 un,"€42,00/un","€42,00/un"
Caçarola Aço Inoxidável 20cm Bege,Celar,1 un,"€49,90/un","€49,90/un"
Conjunto 3 Facas Queijo Cabo Madeira e Plástico Preto,Kasa,1 un,"€8,00/un","€8,00/un"
"Colher Esparguete Aço Inoxidável com Cabo Branco 30,5cm Essential",Brabantia,1 un,"€12,50/un","€12,50/un"
Espátula Grande Preta com Cabo Aço Inoxidável 32cm Profile,Brabantia,1 un,"€8,50/un","€8,50/un"
"Frasco Quadrado Cozinha Plástico Tampa Cinza Claro 0,7L Tasty+",Brabantia,1 un,"€9,75/un","€9,75/un"
"Frasco Quadrado Cozinha Plástico Tampa Cinza Claro 2,5L Tasty+",Brabantia,1 un,"€16,50/un","€16,50/un"
Escorredor de Salada 5L (várias cores),Bazarão,emb. 1 un,"€5,99/un","€5,99/un"
Torradeira 2 Fendas KBT4177 XL 2E,Kubo,emb. 1 un,"€39,99/un","€39,99/un"
"Espátula/Garfo Plástico com Cabo Beringela 32,2cm Tasty+",Brabantia,1 un,"€8,75/un","€8,75/un"
"Lata Isotérmica Aço Inoxidável 0,5L Amarelo Mango",Ibili,1 un,"€14,90/un","€14,90/un"
Sanduicheira BCG-1384,Becken,emb. 1 un,"€34,99/un","€34,99/un"
Conjunto Saleiro e Pimenteiro Amarelos,Obidos,1 un,"€12,00/un","€12,00/un"
"Jarro Elétrico 1,7L WK1100GR",Braun,1 un,"€29,99/un","€29,99/un"
Wok Antiaderente Alumínio com Tampa 28cm Leve,Kasa,1 un,"€20,00/un","€20,00/un"
Tampa de Vidro e Silicone,Bazarão,emb. 1 un,"€5,00/un","€5,00/un"
Fritadeira Convencional Becken BDF5162,Becken,emb. 1 un,"€34,99/un","€34,99/un"
Saca-rolhas Aço Inoxidável Prateado,Vacuvin,1 un,"€12,50/un","€12,50/un"
"Caixa de Pão com Tampa Bambu 39,5x25,5x16,3cm Cinza Clara Classic",Brabantia,1 un,"€61,00/un","€61,00/un"
Corta Queijo Aço Inoxidável com Cabo Branco 21cm Essential,Brabantia,1 un,"€10,25/un","€10,25/un"
Avental Cozinha 65x90cm Bohotanic,Kasa,1 un,"€8,50/un","€8,50/un"
"Esmagador Alho Aço Inoxidável com Cabo Branco 18,8cm Essential",Brabantia,1 un,"€11,95/un","€11,95/un"
Açucareiro Vermelho Morango,Obidos,1 un,"€29,90/un","€29,90/un"
Garrafeira Madeira 9 Garrafas,Artemis,emb. 1 un,"€24,99/un","€24,99/un"
"Garrafa Termo Aço Inoxidável 0,5L Samba",Ibili,1 un,"€14,90/un","€14,90/un"
Copos Café Vidro Térmico 80ml Pavina,Bodum,6 un,"€32,90/un","€32,90/un"
Faca Comfort Chef 15cm,Tefal,1 un,"€18,00/un","€18,00/un"
Faca Comfort Pão 20cm,Tefal,1 un,"€18,00/un","€18,00/un"
Wok Aço Inoxidável 28cm Bege,Celar,1 un,"€39,90/un","€39,90/un"
Vela de Aniversário Nº3 9cm Amarela Glitter,Kasa,1 un,"€1,50/un","€1,50/un"
Faca Serra Cabo Madeira,Palaçoulo,1 un,"€4,00/un","€4,00/un"
Caneca Café 355ml Preta e Branca Mágica,Fisura,1 un,"€9,90/un","€9,90/un"
Balão Foil Nº6 83cm Azul,Kasa,1 un,"€2,00/un","€2,00/un"
Caneca 285ml Branca Hot Coffee,Kasa,1 un,"€1,38/un","€1,38/un"
Toalha Mesa Linho 150x250cm Rosa,Fio Luso,1 un,"€35,00/un","€35,00/un"
Caneca Letra 355ml Bohotanic,Kasa,1 un,"€2,50/un","€2,50/un"
Caneca 340ml Branca Barras Coloridas Fun,Kasa,1 un,"€1,38/un","€1,38/un"
"Taça Aperitivo 11,7cm Deep Rustic",Kasa,1 un,"€2,50/un","€2,50/un"
Individual PVC Retangular 30x45cm Azul e Branco Deep Rustic,Kasa,1 un,"€2,00/un","€2,00/un"
Copo 46cl Bolhas Verde Inbloom,Kasa,1 un,"€3,50/un","€3,50/un"
Vela de Aniversário Nº3 15cm Dourada,Kasa,1 un,"€1,50/un","€1,50/un"
Conjunto Velas Happy Birthday Coloridas,Kasa,1 un,"€2,00/un","€2,00/un"
Vela de Aniversário Nº1 15cm Prateada,Kasa,1 un,"€1,50/un","€1,50/un"
Vela de Aniversário Nº9 7cm Azul e Roxa Dots & Stripes,Kasa,1 un,"€0,75/un","€0,75/un"
Toalha Mesa Linho 150x150cm Amarelo,Fio Luso,1 un,"€25,00/un","€25,00/un"
Guardanapos 45x45cm Rosa,Fio Luso,2 un,"€6,00/un","€6,00/un"
Guardanapo Algodão 40x40cm Cinza,Fio Luso,1 un,"€3,00/un","€3,00/un"
"Balões Látex Mix 30,5cm Coloridos",Kasa,12 un,"€1,75/un","€1,75/un"
Caneca Vermelho Morango,Obidos,1 un,"€9,00/un","€9,00/un"
Vela de Aniversário Nº7 7cm Amarela e Laranja Dots & Stripes,Kasa,1 un,"€0,75/un","€0,75/un"
Vela de Aniversário Nº1 7cm Vermelha e Azul Dots & Stripes,Kasa,1 un,"€0,75/un","€0,75/un"
Colher Sobremesa Preta Vigo,Cristema,1 un,"€7,00/un","€7,00/un"
Toalha Mesa Algodão 145x300cm Bege,Fio Luso,1 un,"€24,90/un","€24,90/un"
"Balões Látex 25,5cm Verdes",Kasa,10 un,"€1,50/un","€1,50/un"
"Balões Látex Mix 30,5cm Azuis",Kasa,12 un,"€1,75/un","€1,75/un"
"Balões Látex Mix 30,5cm Coloridos Pastel",Kasa,12 un,"€1,75/un","€1,75/un"
"Balões Látex Mix 30,5cm Metalizados",Kasa,12 un,"€1,75/un","€1,75/un"
"Balões Látex 30,5cm Vermelhas Corações",Kasa,6 un,"€1,50/un","€1,50/un"
Prato Raso 28cm Verde Couve,Obidos,1 un,"€12,00/un","€12,00/un"
Toalha Mesa 145x250cm Creme Modern,Kasa,1 un,"€20,00/un","€20,00/un"
Copos Vidro Térmico 350ml Pavina,Bodum,2 un,"€19,90/un","€19,90/un"
Velas Azul Glitter Espiral,Kasa,10 un,"€1,50/un","€1,50/un"
Guardanapo Algodão 40x40cm Bege,Fio Luso,1 un,"€2,50/un","€2,50/un"
Toalha Mesa 145x250cm Cinza Modern,Kasa,1 un,"€20,00/un","€20,00/un"
Vela de Aniversário Nº3 7cm Roxa e Amarela Dots & Stripes,Kasa,1 un,"€0,75/un","€0,75/un"
Vela de Aniversário Nº0 7cm Verde e Azul Dots & Stripes,Kasa,1 un,"€0,75/un","€0,75/un"
Toalha Algodão 145x200cm Cinza,Fio Luso,1 un,"€24,90/un","€24,90/un"
Toalha Mesa Algodão 145x300cm Natural,Fio Luso,1 un,"€24,90/un","€24,90/un"
Terrina 40x21cm Bege Peixes,Obidos,1 un,"€49,90/un","€49,90/un"
Toalha Algodão 145x145cm Branco,Fio Luso,1 un,"€14,90/un","€14,90/un"
Toalha Algodão 145x250cm Natural,Fio Luso,1 un,"€22,00/un","€22,00/un"
"Prato Sopa 20,2cm Barra Amarela Alentejo",Kasa,1 un,"€0,98/un","€0,98/un"
Toalha Mesa 145x300cm Creme Modern,Kasa,1 un,"€22,00/un","€22,00/un"
Garfo Sobremesa Cabo Madeira Escura,Palaçoulo,1 un,"€4,00/un","€4,00/un"
Faca Serra Cabo Madeira Escura,Palaçoulo,1 un,"€5,00/un","€5,00/un"
Toalha Algodão 145x145cm Bege,Fio Luso,1 un,"€14,90/un","€14,90/un"
Toalha Mesa Algodão 145x300cm Branco,Fio Luso,1 un,"€24,90/un","€24,90/un"
Jarro Plástico com Filtro 1.5L Ceylon,Bodum,1 un,"€14,90/un","€14,90/un"
Individual PVC Retangular 30x45cm Amarelo,Kasa,1 un,"€2,00/un","€2,00/un"
Copo Café 90ml,Kasa,1 un,"€1,50/un","€1,50/un"
Toalha Mesa Linho 150x250cm Amarela,Fio Luso,1 un,"€35,00/un","€35,00/un"
Colher Mesa Cabo Preto e Branco,Palaçoulo,1 un,"€6,00/un","€6,00/un"
Faqueiro 24 peças Vigo,Cristema,24 un,"€79,00/un","€79,00/un"
Caneca 400ml Branca Good Branca Morning,Kasa,1 un,"€2,50/un","€2,50/un"
Caneca Embossed 300ml Losango,Kasa,1 un,"€2,50/un","€2,50/un"
"Taça Aperitivo Relevo 13,5cm Bohotanic",Kasa,1 un,"€3,00/un","€3,00/un"
"Prato Aperitivo 13,5x13,5cm Borda Bohotanic",Kasa,1 un,"€2,50/un","€2,50/un"
Individual PVC Retangular 30x45cm Monstera Bohotanic,Kasa,1 un,"€2,00/un","€2,00/un"
Copo 29cl Line,Kasa,1 un,"€0,95/un","€0,95/un"
Colher Café á Tokyo,Cristema,1 un,"€2,00/un","€2,00/un"
"Balões Látex 25,5cm Vermelhas",Kasa,10 un,"€1,50/un","€1,50/un"
"Jarro 1,2l Bolhas Verde Inbloom",Kasa,1 un,"€12,00/un","€12,00/un"
"Taça 16,8cm Branca Chipre",Kasa,1 un,"€2,50/un","€2,50/un"
Garfo Sobremesa Cabo Preto,Palaçoulo,1 un,"€4,00/un","€4,00/un"
Colher Sobremesa Cabo Preto e Branco,Palaçoulo,1 un,"€6,00/un","€6,00/un"
Prato Aperitivo 15cm Borda Deep Rustic,Kasa,1 un,"€2,00/un","€2,00/un"
Caneca 340ml Branca Riscas Coloridas Fun,Kasa,1 un,"€1,38/un","€1,38/un"
Caneca Ovo 375ml,Kasa,1 un,"€2,00/un","€2,00/un"
Vela de Aniversário Nº4 15cm Prateada,Kasa,1 un,"€1,50/un","€1,50/un"
Vela de Aniversário Nº9 15cm Prateada,Kasa,1 un,"€1,50/un","€1,50/un"
Vela de Aniversário Nº9 15cm Dourada,Kasa,1 un,"€1,50/un","€1,50/un"
Velas 6cm Azuis Espiral,Kasa,24 un,"€1,00/un","€1,00/un"
Vela de Aniversário Nº0 15cm Dourada,Kasa,1 un,"€1,50/un","€1,50/un"
Vela de Aniversário Nº0 15cm Prateada,Kasa,1 un,"€1,50/un","€1,50/un"
Vela de Aniversário Nº0 9cm Verde Glitter,Kasa,1 un,"€1,50/un","€1,50/un"
Vela de Aniversário Nº8 15cm Dourada,Kasa,1 un,"€1,50/un","€1,50/un"
Toalha Algodão 145x200cm Branco,Fio Luso,1 un,"€18,00/un","€18,00/un"
Colher Sobremesa Cabo Preto,Palaçoulo,1 un,"€4,00/un","€4,00/un"
Prato Sopa 28cm Amarelo,Obidos,1 un,"€14,00/un","€14,00/un"
Prato Raso 31cm Amarelo Limão,Obidos,1 un,"€14,00/un","€14,00/un"
Conjunto de 6 Copos Brancos Vigo,Kasa,6 un,"€2,00/un","€2,00/un"
Prato 16cm Azul Peixes,Obidos,1 un,"€9,00/un","€9,00/un"
Individual PVC Retangular 30x45cm 2 Tons Amarelo,Kasa,1 un,"€2,00/un","€2,00/un"
Toalha Mesa Linho 150x150cm Cinza,Fio Luso,1 un,"€25,00/un","€25,00/un"
Toalha Mesa Linho 150x150cm Rosa,Fio Luso,1 un,"€25,00/un","€25,00/un"
Conjunto 4 Talheres Criança,Cristema,4 un,"€14,99/un","€14,99/un"
Conjunto 6 Facas Manaus,Cristema,6 un,"€39,90/un","€39,90/un"
Pratos Rasos 27cm Verdes Bohotanic,Kasa,4 un,"€12,00/un","€12,00/un"
Caneca 340ml Branca Bolas Coloridas Fun,Kasa,1 un,"€1,38/un","€1,38/un"
Toalha Mesa 140x250cm Bohotanic,Kasa,1 un,"€15,00/un","€15,00/un"
Caneca Matte 315ml Barra Branca Bohotanic,Kasa,1 un,"€2,00/un","€2,00/un"
Pratos Sopa 18cm Verdes Bohotanic,Kasa,4 un,"€10,00/un","€10,00/un"
Pratos Sobremesa 19cm Verdes Bohotanic,Kasa,4 un,"€10,00/un","€10,00/un"
Canecas Água Plástico Coloridas,Kasa,6 un,"€2,00/un","€2,00/un"
Conjunto de 18 Talheres Brancos Vigo,Kasa,18 un,"€2,00/un","€2,00/un"
Vela Nº8 Azul Glitter,,1 un,"€0,53/un","€0,53/un"
Vela de Aniversário Nº7 9cm Amarela Glitter,Kasa,1 un,"€1,50/un","€1,50/un"
Velas Esparguete Espiral 13cm Coloridas,Kasa,12 un,"€2,00/un","€2,00/un"
Vela de Aniversário Nº8 7cm Roxa e Amarela Dots & Stripes,Kasa,1 un,"€0,75/un","€0,75/un"
Vela de Aniversário Nº1 9cm Rosa Glitter,Kasa,1 un,"€1,50/un","€1,50/un"
Vela de Aniversário Nº6 15cm Dourada,Kasa,1 un,"€1,50/un","€1,50/un"
Garfo Mesa Preto Vigo,Cristema,1 un,"€8,00/un","€8,00/un"
Individuais 35x48cm Rosa,Fio Luso,2 un,"€10,00/un","€10,00/un"
Terrina 22x17cm Verde Couve,Obidos,1 un,"€39,90/un","€39,90/un"
Toalha Mesa 145x200cm Creme Modern,Kasa,1 un,"€17,00/un","€17,00/un"
Jarro Plástico com Tampa Preta 1.2L Melhor,Bodum,1 un,"€12,90/un","€12,90/un"
Toalha Mesa Linho 150x200cm Cinza,Fio Luso,1 un,"€29,90/un","€29,90/un"
Toalha Mesa Linho 150x300cm Cinza,Fio Luso,1 un,"€39,90/un","€39,90/un"
Velas Coloridas Glitter Espiral,Kasa,10 un,"€1,50/un","€1,50/un"
Garfo Mesa Tokyo,Cristema,1 un,"€4,00/un","€4,00/un"
Faca Sobremesa Cabo Preto e Branco,Palaçoulo,1 un,"€5,00/un","€5,00/un"
Garfo Mesa Vigo,Cristema,1 un,"€3,00/un","€3,00/un"
Individual Retangular 30x45cm,Kasa,1 un,"€3,50/un","€3,50/un"
Caneca 340ml Branca Riscas Enviesadas Coloridas Fun,Kasa,1 un,"€1,38/un","€1,38/un"
Caneca 315ml Bohotanic,Kasa,1 un,"€2,00/un","€2,00/un"
Prato Aperitivo Vintage 18cm Flores Bege Bohotanic,Kasa,1 un,"€3,50/un","€3,50/un"
Velas Altas 16cm Douradas e Verdes,Kasa,12 un,"€2,50/un","€2,50/un"
Vela de Aniversário Nº4 15cm Dourada,Kasa,1 un,"€1,50/un","€1,50/un"
Faca Sobremesa Cabo Madeira Escura,Palaçoulo,1 un,"€4,00/un","€4,00/un"
Guardanapo Algodão 40x40cm Natural,Fio Luso,1 un,"€3,00/un","€3,00/un"
Prato Sopa 24cm Vermelho Tomate,Obidos,1 un,"€12,00/un","€12,00/un"
Faca Sobremesa Cabo Madeira,Palaçoulo,1 un,"€3,00/un","€3,00/un"
Serviço Mesa 19 Peças Branco e Verde Azevinho,Kasa,1 un,"€40,00/un","€40,00/un"
Jarro 2L Bege Uva,Obidos,1 un,"€24,90/un","€24,90/un"
Toalha Mesa Linho 150x200cm Amarela,Fio Luso,1 un,"€29,90/un","€29,90/un"
Velas Branco Glitter Espiral,Kasa,10 un,"€1,50/un","€1,50/un"
Colher Mesa Cabo Madeira,Palaçoulo,1 un,"€4,00/un","€4,00/un"
Colher Sobremesa Tokyo,Cristema,1 un,"€3,00/un","€3,00/un"
Batedor de Varas Grande Aço Inoxidável com Cabo Branco,Brabantia,1 un,"€9,95/un","€9,95/un"
Chávena Jumbo 750ml,Kasa,1 un,"€3,00/un","€3,00/un"
Balões de Água,Kasa,50 un,"€1,50/un","€1,50/un"
Conjunto de 6 Colheres Brancas Vigo,Kasa,6 un,"€1,00/un","€1,00/un"
Vela de Aniversário Nº2 9cm Verde Glitter,Kasa,1 un,"€1,50/un","€1,50/un"
Vela de Aniversário Nº2 7cm Amarela e Laranja Dots & Stripes,Kasa,1 un,"€0,75/un","€0,75/un"
Vela de Aniversário Nº6 15cm Prateada,Kasa,1 un,"€1,50/un","€1,50/un"
Vela de Aniversário Nº9 9cm Vermelha Glitter,Kasa,1 un,"€1,50/un","€1,50/un"
Conjunto Velas Happy Birthday Coloridas Pastel,Kasa,1 un,"€2,00/un","€2,00/un"
Individuais 35x48cm Amarelos,Fio Luso,2 un,"€10,00/un","€10,00/un"
Caneca 415ml Cat Lover,Kasa,1 un,"€4,00/un","€4,00/un"
Toalha Mesa 145x300cm Cinza Modern,Kasa,1 un,"€22,00/un","€22,00/un"
Caneca Be Happy Summer Fun,Kasa,1 un,"€2,50/un","€2,50/un"
Vela de Aniversário Nº6 9cm Verde Glitter,Kasa,1 un,"€1,50/un","€1,50/un"
Conjunto Velas Happy Birthday Azul,Kasa,1 un,"€2,00/un","€2,00/un"
Velas Esparguete Espiral 13cm Coloridas Pastel,Kasa,12 un,"€2,00/un","€2,00/un"
Vela de Aniversário Nº5 9cm Vermelha Glitter,Kasa,1 un,"€1,50/un","€1,50/un"
Vela de Aniversário Nº4 9cm Azul Glitter,Kasa,1 un,"€1,50/un","€1,50/un"
Vela de Aniversário Nº5 7cm Verde e Azul Dots & Stripes,Kasa,1 un,"€0,75/un","€0,75/un"
Vela de Aniversário Nº5 15cm Prateada,Kasa,1 un,"€1,50/un","€1,50/un"
Toalha Algodão 145x200cm Natural,Fio Luso,1 un,"€18,00/un","€18,00/un"
Colher Sobremesa Cabo Madeira,Palaçoulo,1 un,"€3,00/un","€3,00/un"
Faca Serra Cabo Preto e Branco,Palaçoulo,1 un,"€6,00/un","€6,00/un"
"Balões Látex 30,5cm Vermelhas",Kasa,6 un,"€1,50/un","€1,50/un"
Jarro Baixo 2L Vermelho Morango,Obidos,1 un,"€25,00/un","€25,00/un"
Prato Raso 26cm Branco Peixes,Obidos,1 un,"€12,00/un","€12,00/un"
Toalha Mesa Algodão 150x200cm Évora Monte Alentejo,Kasa,1 un,"€12,42/un","€12,42/un"
Batedor Leite Plástico a Pilhas Schiuma,Bodum,1 un,"€6,90/un","€6,90/un"
Individual PVC Retangular 30x45cm 2 Tons Azul,Kasa,1 un,"€2,00/un","€2,00/un"
Toalha Algodão 145x145cm Vermelho,Fio Luso,1 un,"€16,00/un","€16,00/un"
Guardanapo Algodão 40x40cm Vermelho,Fio Luso,1 un,"€3,00/un","€3,00/un"
Toalha Algodão 145x145cm Natural,Fio Luso,1 un,"€14,90/un","€14,90/un"
Garfo Sobremesa Cabo Madeira,Palaçoulo,1 un,"€3,00/un","€3,00/un"
Garfo Mesa Cabo Preto e Branco,Palaçoulo,1 un,"€6,00/un","€6,00/un"
Prato Aperitivo 15cm Bohotanic,Kasa,1 un,"€2,00/un","€2,00/un"
Caneca 400ml Bege Hugs & Kisses,Kasa,1 un,"€2,50/un","€2,50/un"
Taça Cereias Canelada 500ml,Kasa,1 un,"€2,00/un","€2,00/un"
Caneca Rustic 350ml Deep Rustic,Kasa,1 un,"€3,50/un","€3,50/un"
"Balões Látex 25,5cm Azuis Claro",Kasa,10 un,"€1,50/un","€1,50/un"
Conjunto de 6 Taças Brancas Vigo,Kasa,6 un,"€2,00/un","€2,00/un"
Prato 16cm Vermelho Tomate,Obidos,1 un,"€7,00/un","€7,00/un"
Prato Sopa 25cm Verde Couve,Obidos,1 un,"€12,00/un","€12,00/un"
Caneca 285ml Castanha Sweet Coffee,Kasa,1 un,"€1,38/un","€1,38/un"
Colher Sobremesa Vigo,Cristema,1 un,"€2,50/un","€2,50/un"
Colher Mesa Cabo Madeira Escura,Palaçoulo,1 un,"€5,00/un","€5,00/un"
Colher Sobremesa Cabo Madeira Escura,Palaçoulo,1 un,"€6,00/un","€6,00/un"
Garfo Mesa Dourado Tokyo,Cristema,1 un,"€8,00/un","€8,00/un"
Individual Redondo 38cm Preto Flores Bohotanic,Kasa,1 un,"€2,00/un","€2,00/un"
Individual Redondo 38cm Palhinha,Kasa,1 un,"€5,00/un","€5,00/un"
Toalha Mesa Linho 150x300cm Rosa,Fio Luso,1 un,"€39,90/un","€39,90/un"
Vela Mágica Foguetes Dourados 12cm,,1 un,"€2,50/un","€2,50/un"
Toalha Algodão 145x200cm Vermelho,Fio Luso,1 un,"€19,90/un","€19,90/un"
Individual EVA Redondo 36cm Bohotanic,Kasa,1 un,"€2,00/un","€2,00/un"
"Prato Aperitivo 3,5x13,5cm Borda Deep Rustic",Kasa,1 un,"€2,00/un","€2,00/un"
Serviço Café 6 Chávenas Brancas Inês,Kasa,1 un,"€26,00/un","€4,33/un"
Velas 6cm Coloridas com Estrelas Espiral,Kasa,8 un,"€1,50/un","€1,50/un"
Colher Café Vigo,Cristema,1 un,"€2,00/un","€2,00/un"
Colher Café Dourada Tokyo,Cristema,1 un,"€5,00/un","€5,00/un"
"Balões Látex 25,5cm Amarelas",Kasa,10 un,"€1,50/un","€1,50/un"
"Balões Látex Mix 30,5cm Rosa",Kasa,12 un,"€1,75/un","€1,75/un"
Prato Raso 29cm Vermelho Tomate,Obidos,1 un,"€12,00/un","€12,00/un"
Caneca 285ml Castanha Love Coffee,Kasa,1 un,"€1,38/un","€1,38/un"
Balão Foil Minnie Mouse 63cm,Disney,1 un,"€7,00/un","€7,00/un"
Toalha Algodão 145x250cm Branco,Fio Luso,1 un,"€22,00/un","€22,00/un"
Garfo Mesa Cabo Madeira Escura,Palaçoulo,1 un,"€5,00/un","€5,00/un"
Faca Sobremesa Tokyo,Cristema,1 un,"€3,50/un","€3,50/un"
Individual Retangular 30x45cm Espiga Natural,Kasa,1 un,"€5,00/un","€5,00/un"
"Taça Aperitivo Vintage 15,5cm Flores Bege",Kasa,1 un,"€3,50/un","€3,50/un"
"Prato Aperitivo 15,6cm Bohotanic",Kasa,1 un,"€2,50/un","€2,50/un"
Palhinhas Dobradas Vidro,Kasa,4 un,"€2,00/un","€2,00/un"
Toalha Mesa 145x200cm Cinza Modern,Kasa,1 un,"€17,00/un","€17,00/un"
Copos Tubo Plástico 24cl,Kasa,6 un,"€1,50/un","€1,50/un"
Prato Aperitivo com 2 Divisórias 36 x 22cm Branco Tokyo,Kasa,1 un,"€5,50/un","€5,50/un"
Vela de Aniversário Nº1 9cm Azul Glitter,Kasa,1 un,"€1,50/un","€1,50/un"
Prato Sobremesa 24cm Amarelo,Obidos,1 un,"€12,00/un","€12,00/un"
Taça 20cm Verde,Obidos,1 un,"€9,00/un","€9,00/un"
Balão Foil Mickey Mouse 63cm,Disney,1 un,"€7,00/un","€7,00/un"
Toalha Algodão 145x145cm Cinza,Fio Luso,1 un,"€16,00/un","€16,00/un"
Pratos Sobremesa 19cm Verdes Bohotanic,Kasa,4 un,"€10,00/un","€10,00/un"
Caneca 315ml Barra Bohotanic,Kasa,1 un,"€2,00/un","€2,00/un"
Serviço Mesa 12 Peças Deep Rustic,Kasa,1 un,"€24,50/un","€24,50/un"
Caneca Embossed 300ml Riscas,Kasa,1 un,"€2,50/un","€2,50/un"
Serviço Chá 6 Chávenas Deep Rustic,Kasa,6 un,"€16,00/un","€16,00/un"
Copos Café Plástico 12cl,Kasa,6 un,"€1,80/un","€1,80/un"
Vela de Aniversário Nº7 15cm Prateada,Kasa,1 un,"€1,50/un","€1,50/un"
Vela de Aniversário Nº8 9cm Azul Glitter,Kasa,1 un,"€1,50/un","€1,50/un"
Velas Altas 16cm Azuis,Kasa,12 un,"€2,00/un","€2,00/un"
Caneca You Are So Loved Summer Fun,Kasa,1 un,"€2,50/un","€2,50/un"
Velas Altas 16cm Coloridas Pastel,Kasa,12 un,"€2,00/un","€2,00/un"
Vela de Aniversário Nº2 15cm Dourada,Kasa,1 un,"€1,50/un","€1,50/un"
Velas Altas 16cm Rosa,Kasa,12 un,"€2,00/un","€2,00/un"
Velas 3cm Estrelas e Balões Rosa,Kasa,1 un,"€2,00/un","€2,00/un"
Vela de Aniversário Nº1 15cm Dourada,Kasa,1 un,"€1,50/un","€1,50/un"
Toalha Mesa Linho 150x300cm Amarela,Fio Luso,1 un,"€39,90/un","€39,90/un"
Garfo Mesa Cabo Preto,Palaçoulo,1 un,"€5,00/un","€5,00/un"
Garfo Sobremesa Cabo Preto e Branco,Palaçoulo,1 un,"€5,00/un","€5,00/un"
Terrina 40x21cm Azul Peixes,Obidos,1 un,"€49,90/un","€49,90/un"
Toalha Mesa Algodão 145x250cm Vermelho,Fio Luso,1 un,"€24,90/un","€24,90/un"
Colher Chá Vigo,Cristema,1 un,"€2,00/un","€2,00/un"
"Balões Látex Metalizados 25,5cm Prateados",Kasa,10 un,"€1,50/un","€1,50/un"
Conjunto de 6 Canecas Brancas Vigo,Kasa,6 un,"€2,00/un","€2,00/un"
Individual Plástico Redondo 38cm Étnico Terracota,Kasa,1 un,"€1,77/un","€1,77/un"
Caneca 285ml Branca Enjoy Coffee,Kasa,1 un,"€1,38/un","€1,38/un"
Copos Água Vidro 350ml Kvadrant,Bodum,4 un,"€12,90/un","€12,90/un"
Garfo Mesa Cabo Madeira,Palaçoulo,1 un,"€4,00/un","€4,00/un"
Toalha Mesa Linho 150x200cm Rosa,Fio Luso,1 un,"€29,90/un","€29,90/un"
"Prato Aperitivo 12,5x12,5cm Bohotanic",Kasa,1 un,"€2,50/un","€2,50/un"
Individual Retangular 30x45cm Palhinha,Kasa,1 un,"€5,00/un","€5,00/un"
Caneca Volcano 380ml,Kasa,1 un,"€3,50/un","€3,50/un"
Toalha Mesa 150x200cm Bohotanic,Kasa,1 un,"€14,80/un","€14,80/un"
Individual Retangular 30x45cm Bohotanic,Kasa,1 un,"€2,00/un","€2,00/un"
Taça Aperitivo 14cm Deep Rustic,Kasa,1 un,"€3,00/un","€3,00/un"
Vela de Aniversário Nº2 15cm Prateada,Kasa,1 un,"€1,50/un","€1,50/un"
Velas 6cm Prateadas com Estrelas Espiral,Kasa,8 un,"€1,50/un","€1,50/un"
Velas Mágicas 18cm Coloridas,Kasa,18 un,"€1,50/un","€1,50/un"
Velas 6cm Brancas Espiral,Kasa,24 un,"€1,00/un","€1,00/un"
Toalha Mesa Algodão 145x250cm Cinza,Fio Luso,1 un,"€24,90/un","€24,90/un"
Faca Mesa Tokyo,Cristema,1 un,"€4,50/un","€4,50/un"
"Balões Látex Metalizados 25,5cm Brancos",Kasa,10 un,"€1,50/un","€1,50/un"
Prato 26cm Azul Peixes,Obidos,1 un,"€12,00/un","€12,00/un"
Vela de Aniversário Nº4 7cm Azul e Roxa Dots & Stripes,Kasa,1 un,"€0,75/un","€0,75/un"
Conjunto Velas Happy Birthday Rosa,Kasa,1 un,"€2,00/un","€2,00/un"
Velas Mágicas 18cm Branco e Preto,Kasa,18 un,"€1,50/un","€1,50/un"
Vela de Aniversário Nº5 15cm Dourada,Kasa,1 un,"€1,50/un","€1,50/un"
Velas 3cm Estrelas e Balões Azuis,Kasa,1 un,"€2,00/un","€2,00/un"
Vela de Aniversário Nº3 15cm Prateada,Kasa,1 un,"€1,50/un","€1,50/un"
Faca Sobremesa Vigo,Cristema,1 un,"€3,50/un","€3,50/un"
"Balões Látex 25,5cm Rosa",Kasa,10 un,"€1,50/un","€1,50/un"
"Balões Látex Metalizados 25,5cm Dourados",Kasa,10 un,"€1,50/un","€1,50/un"
Conjunto de 6 Pratos Brancos Vigo,Kasa,6 un,"€2,50/un","€2,50/un"
Caneca Café 355ml Branca e Preta Mágica,Fisura,1 un,"€9,90/un","€9,90/un"
"Jarro 1,5L Amarelo Ananás",Obidos,1 un,"€24,90/un","€24,90/un"
Garfo Sobremesa Vigo,Cristema,1 un,"€2,50/un","€2,50/un"
Faca Sobremesa Cabo Preto,Palaçoulo,1 un,"€4,00/un","€4,00/un"
Toalha Algodão 145x250cm Bege,Fio Luso,1 un,"€22,00/un","€22,00/un"
Copos Café 90ml Coffe,Kasa,6 un,"€10,00/un","€10,00/un"
Pratos Sopa 18cm Verdes Bohotanic,Kasa,4 un,"€10,00/un","€10,00/un"
Caneca Vintage 300ml Flores Bege,Kasa,1 un,"€3,50/un","€3,50/un"
Taça Cereias 450ml,Kasa,1 un,"€2,50/un","€2,50/un"
Toalha Mesa 150x250cm Bohotanic,Kasa,1 un,"€17,76/un","€17,76/un"
Copo com Tampa Silicone 290ml,Kasa,1 un,"€3,50/un","€3,50/un"
Prato Aperitivo 15cm Deep Rustic,Kasa,1 un,"€2,50/un","€2,50/un"
Pratos Rasos 27cm Verdes Bohotanic,Kasa,4 un,"€12,00/un","€12,00/un"
Individual Redondo 38cm Espiga Natural,Kasa,1 un,"€5,00/un","€5,00/un"
Taça Aperitivo Relevo com Asa 14cm Bohotanic,Kasa,1 un,"€4,00/un","€4,00/un"
Caneca Relevo 300ml Bohotanic,Kasa,1 un,"€2,50/un","€2,50/un"
Conjunto Caneca e Taça,Kasa,1 un,"€5,00/un","€5,00/un"
Copo 29cl Lilás Line,Kasa,1 un,"€0,95/un","€0,95/un"
Velas 6cm Rosa Espiral,Kasa,24 un,"€1,00/un","€1,00/un"
Vela de Aniversário Nº8 15cm Prateada,Kasa,1 un,"€1,50/un","€1,50/un"
"Balões Látex 25,5cm Bordô",Kasa,10 un,"€1,50/un","€1,50/un"
"Jarro 1,3L Verde Couve",Obidos,1 un,"€24,90/un","€24,90/un"
Prato Sobremesa 21cm Verde Couve,Obidos,1 un,"€9,00/un","€9,00/un"
Copos Café Vidro Térmico 80ml Pavina,Bodum,6 un,"€32,90/un","€32,90/un"
Toalha Mesa Algodão 145x300cm Cinza,Fio Luso,1 un,"€29,00/un","€29,00/un"
Toalha Algodão 145x200cm Bege,Fio Luso,1 un,"€18,00/un","€18,00/un"
Toalha Mesa Algodão 145x300cm Vermelho,Fio Luso,1 un,"€29,00/un","€29,00/un"
Garfo Sobremesa Tokyo,Cristema,1 un,"€3,00/un","€3,00/un"
Colher Mesa Tokyo,Cristema,1 un,"€4,00/un","€4,00/un"
Copo com Tampa Silicone 400ml,Kasa,1 un,"€4,50/un","€4,50/un"
Faqueiro 16 Talheres Water,Kasa,1 un,"€10,00/un","€10,00/un"
Talheres Plástico Azuis Ocean Vigo,Kasa,18 un,"€2,00/un","€2,00/un"
Toalha Mesa 150x200cm Clássica Xadrez Vermelho,Kasa,1 un,"€20,00/un","€20,00/un"
Taça 16cm Rosa Vintage Flores Flower Up,Kasa,1 un,"€3,50/un","€3,50/un"
Balões Nº1 Azuis,Kasa,6 un,"€1,50/un","€1,50/un"
Pratos Sobremesa Papel 18cm Unicórnio,,8 un,"€3,00/un","€3,00/un"
Balão Foil Nº5 40cm Prateado,,1 un,"€1,00/un","€1,00/un"
Balão Foil L.O.L. Surprise!,,1 un,"€7,00/un","€7,00/un"
Vela Nº0 Verde Glitter,,1 un,"€0,68/un","€0,68/un"
Vela Mickey 8cm,Disney,1 un,"€4,00/un","€4,00/un"
Prato Aperitivo 20cm Rosa Vintage Flores Flower Up,Kasa,1 un,"€3,50/un","€3,50/un"
Balão Foil Nº8 40cm Prateado,,1 un,"€1,00/un","€1,00/un"
Balão Foil Cardinal Dourado,,1 un,"€1,00/un","€1,00/un"
Balão Foil Cardinal Prateado,,1 un,"€1,00/un","€1,00/un"
Confetis 15g Prateados,,1 un,"€2,00/un","€2,00/un"
Balão Foil Nº9 83cm Azul,Kasa,1 un,"€2,00/un","€2,00/un"
Pratos Sobremesa Papel 18cm Bolinhas Douradas,Kasa,10 un,"€1,00/un","€1,00/un"
Balão Foil Nº5 83cm Rosa Dourado,Kasa,1 un,"€2,00/un","€2,00/un"
Velas Altas 16cm Prateadas,Kasa,12 un,"€2,50/un","€2,50/un"
Grinaldas Leques Douradas,,3 un,"€7,00/un","€7,00/un"
Balão Foil Nº7 40cm Dourado,,1 un,"€1,00/un","€1,00/un"
Grinalda Mini Leques Azul Party,,5 un,"€2,00/un","€2,00/un"
Mini Grinaldas 2m Azul,,2 un,"€3,00/un","€3,00/un"
Vela Nº0 7cm Dourado Glitter,Kasa,1 un,"€1,50/un","€1,50/un"
Balão Foil Sereia,,1 un,"€2,50/un","€2,50/un"
Balão Foil Nº7 40cm Prateado,,1 un,"€1,00/un","€1,00/un"
Balão Foil Nº8 83cm Prateado,Kasa,1 un,"€2,00/un","€2,00/un"
Balão Foil Candy 67cm,Kasa,1 un,"€1,50/un","€1,50/un"
Balão Foil Nº0 83cm Azul,Kasa,1 un,"€2,00/un","€2,00/un"
Copos Água Papel 26cl Bolinhas Douradas,Kasa,10 un,"€2,00/un","€2,00/un"
Taça 14cm Branca Chipre,Kasa,1 un,"€2,00/un","€2,00/un"
Vela Nº9 8cm Prateado,Kasa,1 un,"€1,00/un","€1,00/un"
Velas Verdes e Brancas,,12 un,"€0,68/un","€0,68/un"
Balão Foil Nº6 83cm Rosa Dourado,Kasa,1 un,"€2,00/un","€2,00/un"
Balão Foil Nº8 83cm Azul,Kasa,1 un,"€2,00/un","€2,00/un"
Balão Foil Estrela Azul,,1 un,"€1,50/un","€1,50/un"
Balão Foil Nº8 83cm Candy,Kasa,1 un,"€2,50/un","€2,50/un"
Balão Foil Nº7 83cm Prateado,Kasa,1 un,"€2,00/un","€2,00/un"
Balão Foil Nº4 83cm Azul,Kasa,1 un,"€2,00/un","€2,00/un"
Balão Foil Nº3 83cm Candy,Kasa,1 un,"€2,50/un","€2,50/un"
Pompons Rosa Party,,3 un,"€6,00/un","€6,00/un"
Vela Nº5 7cm Dourado Glitter,Kasa,1 un,"€1,50/un","€1,50/un"
Balão Foil Nº7 83cm Candy,Kasa,1 un,"€2,50/un","€2,50/un"
Vela Nº6 7cm Dourado Glitter,Kasa,1 un,"€1,50/un","€1,50/un"
Colheres Plástico Azuis Ocean Vigo,Kasa,6 un,"€1,00/un","€1,00/un"
Balão Foil Nº5 83cm Azul,Kasa,1 un,"€2,00/un","€2,00/un"
Vela Nº8 7cm Dourado Glitter,Kasa,1 un,"€1,50/un","€1,50/un"
Topo de Bolo Happy Birthday,,1 un,"€4,00/un","€4,00/un"
Balão Foil Nº0 83cm Rosa Dourado,Kasa,1 un,"€2,00/un","€2,00/un"
Balão Foil Nº9 83cm Dourado,Kasa,1 un,"€2,00/un","€2,00/un"
Balão Foil Nº6 83cm Candy,Kasa,1 un,"€2,50/un","€2,50/un"
Toalha 180x120cm Frozen Ice Skating,Disney,1 un,"€6,50/un","€6,50/un"
Vela Nº9 7cm Dourado Glitter,Kasa,1 un,"€1,50/un","€1,50/un"
Balão Foil Nº0 83cm Candy,Kasa,1 un,"€2,50/un","€2,50/un"
Balão Foil Coração Princesas,Kasa,1 un,"€4,00/un","€4,00/un"
Balão Foil Azul Quinta Animais,Kasa,1 un,"€2,50/un","€2,50/un"
Balão Foil Nº4 83cm Candy,Kasa,1 un,"€2,50/un","€2,50/un"
Vela Nº7 7cm Dourado Glitter,Kasa,1 un,"€1,50/un","€1,50/un"
Vela Nº9 Rosa e Verde,Kasa,1 un,"€0,80/un","€0,80/un"
Balão Foil Nº2 83cm Dourado,Kasa,1 un,"€2,00/un","€2,00/un"
Vela Nº6 8cm Dourado,Kasa,1 un,"€1,00/un","€1,00/un"
Balão Foil Estrela 50cm Vermelho,Kasa,1 un,"€1,50/un","€1,50/un"
Vela Nº1 7cm Dourado Glitter,Kasa,1 un,"€1,50/un","€1,50/un"
Balão Foil Nº7 83cm Rosa Dourado,Kasa,1 un,"€2,00/un","€2,00/un"
Vela Minnie 8cm,Disney,1 un,"€4,00/un","€4,00/un"
Balão Foil Nº1 83cm Candy,Kasa,1 un,"€2,50/un","€2,50/un"
Balão Foil Nº8 83cm Rosa Dourado,Kasa,1 un,"€2,00/un","€2,00/un"
Balão Foil Coração 45cm Dourado,Kasa,1 un,"€1,50/un","€1,50/un"
Balão Foil Nº9 83cm Rosa Dourado,Kasa,1 un,"€2,00/un","€2,00/un"
Balão Foil Nº9 83cm Prateado,Kasa,1 un,"€2,00/un","€2,00/un"
Balão Foil Nº5 83cm Prateado,Kasa,1 un,"€2,00/un","€2,00/un"
Vela Nº3 7cm Dourado Glitter,Kasa,1 un,"€1,50/un","€1,50/un"
Balão Foil Nº4 83cm Rosa Dourado,Kasa,1 un,"€2,00/un","€2,00/un"
Balão Foil Nº5 83cm Dourado,Kasa,1 un,"€2,00/un","€2,00/un"
Velas Coração Prateado,Kasa,4 un,"€3,00/un","€3,00/un"
"Velas Ananás, Flamingos e Catos",,6 un,"€2,50/un","€2,50/un"
Prato Bolo 30cm,Kasa,1 un,"€6,00/un","€6,00/un"
Vela Nº6 8cm Prateado,Kasa,1 un,"€1,00/un","€1,00/un"
Guardanapos Homem-Aranha,Disney,20 un,"€3,80/un","€3,80/un"
Balão Foil Nº0 83cm Prateado,Kasa,1 un,"€2,00/un","€2,00/un"
Balão Foil Nº7 83cm Dourado,Kasa,1 un,"€2,00/un","€2,00/un"
Sacos Festa Minnie Café,Disney,6 un,"€2,50/un","€2,50/un"
Toalha 180x120cm Mickey Colours,Disney,1 un,"€6,50/un","€6,50/un"
Toalha 180x120cm Minnie Café,Disney,1 un,"€6,50/un","€6,50/un"
Balão Foil Nº7 83cm Azul,Kasa,1 un,"€2,00/un","€2,00/un"
Balão Foil Nº3 83cm Prateado,Kasa,1 un,"€2,00/un","€2,00/un"
Balão Foil Nº9 83cm Candy,Kasa,1 un,"€2,50/un","€2,50/un"
Sacos Festa Frozen Ice Skating,Disney,6 un,"€2,50/un","€2,50/un"
Balão Foil Nº6 83cm Dourado,Kasa,1 un,"€2,00/un","€2,00/un"
Balão Foil Nº2 83cm Candy,Kasa,1 un,"€2,50/un","€2,50/un"
Vela Nº9 8cm Dourado,Kasa,1 un,"€1,00/un","€1,00/un"
Guardanapos 2 Folhas Minnie Café,Disney,20 un,"€3,80/un","€3,80/un"
Vela Nº7 8cm Prateado,Kasa,1 un,"€1,00/un","€1,00/un"
Taças Papel 18cm Corações e Folhas,Kasa,10 un,"€2,00/un","€2,00/un"
Vela Nº4 8cm Prateado,Kasa,1 un,"€1,00/un","€1,00/un"
Balão Foil Coração 45cm Prateado,Kasa,1 un,"€1,50/un","€1,50/un"
Vela Nº8 8cm Prateado,Kasa,1 un,"€1,00/un","€1,00/un"
Vela Nº2 Rosa e Verde,Kasa,1 un,"€0,80/un","€0,80/un"
Balão Foil Nº4 83cm Prateado,Kasa,1 un,"€2,00/un","€2,00/un"
Balão Foil Nº5 83cm Candy,Kasa,1 un,"€2,50/un","€2,50/un"
Tarteira 28cm Nervuras Branca,,1 un,"€3,54/un","€3,54/un"
Vela Nº7 Rosa e Verde,Kasa,1 un,"€0,80/un","€0,80/un"
Balão Foil Nº3 83cm Azul,Kasa,1 un,"€2,00/un","€2,00/un"
Balão Foil Coração 45cm Azul,Kasa,1 un,"€1,50/un","€1,50/un"
Balão Foil Estrela 45cm Prateado,Kasa,1 un,"€1,50/un","€1,50/un"
Balão Foil Nº3 83cm Rosa Dourado,Kasa,1 un,"€2,00/un","€2,00/un"
Velas Altas 16cm Douradas,Kasa,12 un,"€2,50/un","€2,50/un"
Guardanapos Frozen Ice Skating,Disney,20 un,"€3,80/un","€3,80/un"
Pratos Plástico 19cm Azuis Ocean Vigo,Kasa,6 un,"€2,50/un","€2,50/un"
Vela Nº0 8cm Prateado,Kasa,1 un,"€1,00/un","€1,00/un"
Vela Nº0 8cm Dourado,Kasa,1 un,"€1,00/un","€1,00/un"
Vela Nº5 8cm Dourado,Kasa,1 un,"€1,00/un","€1,00/un"
Balão Foil Nº0 83cm Dourado,Kasa,1 un,"€2,00/un","€2,00/un"
Lança Confetis Kicker Party,,2 un,"€3,00/un","€3,00/un"
Naperons 20x40cm Brancos,Kasa,3 un,"€0,75/un","€0,75/un"
Grinalda 3m Prateada,,1 un,"€5,00/un","€5,00/un"
Vela Nº0 Rosa e Verde,Kasa,1 un,"€0,80/un","€0,80/un"
Copo 31cl Roxo Diamond,Kasa,1 un,"€1,50/un","€1,50/un"
Palhinhas Dobradas Metal,Kasa,4 un,"€1,50/un","€1,50/un"
Vela Nº9 Azul e Verde,,1 un,"€0,80/un","€0,80/un"
Balão Foil Nº2 83cm Azul,Kasa,1 un,"€2,00/un","€2,00/un"
Guardanapos Futebol Verdes,,20 un,"€2,50/un","€0,13/un"
Balão Foil Nº1 83cm Prateado,Kasa,1 un,"€2,00/un","€2,00/un"
Vela Nº5 8cm Prateado,Kasa,1 un,"€1,00/un","€1,00/un"
Vela Nº8 8cm Dourado,Kasa,1 un,"€1,00/un","€1,00/un"
Balão Foil Nº4 83cm Dourado,Kasa,1 un,"€2,00/un","€2,00/un"
Velas Prateado Espiral,Kasa,10 un,"€1,50/un","€1,50/un"
Vela Aniversário Nº0 Branca Clássica,Kasa,1 un,"€0,60/un","€0,60/un"
Vela Nº8 Rosa e Verde,Kasa,1 un,"€0,80/un","€0,80/un"
Vela Nº6 Rosa e Verde,Kasa,1 un,"€0,80/un","€0,80/un"
Vela Aniversário Nº9 Branca Clássica,Kasa,1 un,"€0,60/un","€0,60/un"
Vela Nº7 8cm Dourado,Kasa,1 un,"€1,00/un","€1,00/un"
Individual Palhinha Retangular 30x45cm Bordeaux,Kasa,1 un,"€2,95/un","€2,95/un"
Balão Foil Nº3 83cm Dourado,Kasa,1 un,"€2,00/un","€2,00/un"
Vela Nº6 Azul e Verde,Kasa,1 un,"€0,80/un","€0,80/un"
Toalha 180x120cm Homem-Aranha,Disney,1 un,"€6,50/un","€6,50/un"
Taças Plástico 14cm Ananás Tropic,Kasa,4 un,"€4,00/un","€4,00/un"
Balão Foil Estrela 50cm Rosa Dourado,Kasa,1 un,"€1,50/un","€1,50/un"
Vela Aniversário Nº6 Branca Clássica,Kasa,1 un,"€0,60/un","€0,60/un"
Balão Foil Estrela 45cm Dourado,Kasa,1 un,"€1,50/un","€1,50/un"
Vela Nº4 Rosa e Verde,Kasa,1 un,"€0,80/un","€0,80/un"
Balão Foil Nº8 83cm Dourado,Kasa,1 un,"€2,00/un","€2,00/un"
Vela Nº7 Azul e Verde,Kasa,1 un,"€0,80/un","€0,80/un"
Vela Aniversário Nº8 Branca Clássica,Kasa,1 un,"€0,60/un","€0,60/un"
Individual Palhinha Retangular 30x45cm Natural,Kasa,1 un,"€2,95/un","€2,95/un"
Vela Nº3 Rosa e Verde,Kasa,1 un,"€0,80/un","€0,80/un"
Balão Foil L.O.L. Surprise!,,1 un,"€4,00/un","€4,00/un"
Individual Redondo 38cm Espiral Verde,Kasa,1 un,"€2,95/un","€2,95/un"
Vela Nº0 Azul e Verde,Kasa,1 un,"€0,80/un","€0,80/un"
Balão Foil Coração 45cm Rosa Dourado,Kasa,1 un,"€1,50/un","€1,50/un"
Velas Donut 28cm,Kasa,5 un,"€2,50/un","€2,50/un"
Balão Foil Nº6 83cm Prateado,Kasa,1 un,"€2,00/un","€2,00/un"
Guardanapos às Bolinhas Douradas,Kasa,20 un,"€1,50/un","€1,50/un"
Vela Nº2 8cm Prateado,Kasa,1 un,"€1,00/un","€1,00/un"
Balão Foil Nº1 83cm Azul,Kasa,1 un,"€2,00/un","€2,00/un"
Individual Juta Retangular 30x45cm Rebordo Espinha Castanho,Kasa,1 un,"€2,36/un","€2,36/un"
Velas Coração Dourado,Kasa,4 un,"€3,00/un","€3,00/un"
Vela Aniversário Nº7 Branca Clássica,Kasa,1 un,"€0,60/un","€0,60/un"
Vela Nº3 8cm Prateado,Kasa,1 un,"€1,00/un","€1,00/un"
Vela Nº5 Rosa e Verde,Kasa,1 un,"€0,80/un","€0,80/un"
Individual Redondo 38cm Espiral Amarelo e Natural,Kasa,1 un,"€2,95/un","€2,95/un"
Lança Confetis 30cm,,1 un,"€2,00/un","€2,00/un"
Saladeira 22cm Branca Sagres,Vista Alegre,1 un,"€26,00/un","€26,00/un"
Vela Nº2 8cm Dourado,Kasa,1 un,"€1,00/un","€1,00/un"
Balão Foil Estrela 50cm Azul,Kasa,1 un,"€1,50/un","€1,50/un"
Colheres Sopa Goa,Kasa,2 un,"€4,00/un","€2,00/un"
Facas Goa,Kasa,2 un,"€4,00/un","€2,00/un"
Taças Plástico 10cm Gelado Tropic,Kasa,4 un,"€4,50/un","€4,50/un"
Vela Aniversário Nº5 Branca Clássica,Kasa,1 un,"€0,60/un","€0,60/un"
Caneca Mr. Gift,Do Art,1 un,"€5,00/un","€5,00/un"
Individual Redondo 38cm Espiral Terracota e Natural,Kasa,1 un,"€2,95/un","€2,95/un"
Copo Brandy 54cl Opala,Kasa,1 un,"€2,37/un","€2,37/un"
Vela Nº8 Azul e Verde,Kasa,1 un,"€0,80/un","€0,80/un"
Vela Nº1 Rosa e Verde,Kasa,1 un,"€0,80/un","€0,80/un"
Decorações Bailarina,,6 un,"€3,00/un","€3,00/un"
Individual Verga Redondo 38cm Natural e Azul,Kasa,1 un,"€2,95/un","€2,95/un"
Vela 2D Unicórnio,,1 un,"€3,00/un","€3,00/un"
Individual Verga Redondo 38cm Natural e Verde,Kasa,1 un,"€2,95/un","€2,95/un"
Sacos Festa Papel Bailarina,,4 un,"€3,00/un","€3,00/un"
Garfos Sobremesa Chromolite,Kasa,2 un,"€5,00/un","€2,50/un"
Facas Peixe Chromolite,Kasa,2 un,"€6,00/un","€3,00/un"
Assadeira Vidro 39x27cm Cook N Share,,1 un,"€9,00/un","€9,00/un"
Saladeira Vidro 23cm Pompei,,1 un,"€5,50/un","€5,50/un"
Balão Foil Nº1 83cm Dourado,Kasa,1 un,"€2,00/un","€2,00/un"
Vela Nº4 Azul e Verde,Kasa,1 un,"€0,80/un","€0,80/un"
Balão Foil Bola Patrulha Pata,,1 un,"€7,00/un","€7,00/un"
Guardanapos Azul Sereia,,20 un,"€3,00/un","€3,00/un"
Vela Nº3 8cm Dourado,Kasa,1 un,"€1,00/un","€1,00/un"
Assadeira Vidro 33x20cm Cook N Share,,1 un,"€7,00/un","€7,00/un"
Vela Nº1 8cm Prateado,Kasa,1 un,"€1,00/un","€1,00/un"
Vela Nº5 Azul e Verde,,1 un,"€0,80/un","€0,80/un"
Individual Juta Retangular 33x45cm Natural,Kasa,1 un,"€2,36/un","€2,36/un"
Facas Churrasco Chromolite,Kasa,2 un,"€7,00/un","€3,50/un"
Palhinhas Retas Vidro,Kasa,4 un,"€2,00/un","€2,00/un"
Facas Sobremesa Crown,Kasa,2 un,"€2,50/un","€1,25/un"
Caneca Branca Risca Verde Alentejo,Kasa,1 un,"€1,18/un","€1,18/un"
Formas Papel Frisado Pequenas Vermelhas às Bolinhas,Kasa,100 un,"€0,90/un","€0,90/un"
Individual Juta Retangular 30x45cm Mescla Natural,Kasa,1 un,"€2,95/un","€2,95/un"
Facas Sobremesa Chromolite,Kasa,2 un,"€5,00/un","€2,50/un"
Naperons 35cm Flores (várias cores),Kasa,2 un,"€1,40/un","€1,40/un"
Vela Aniversário Nº2 Branca Clássica,Kasa,1 un,"€0,60/un","€0,60/un"
Vela Nº4 8cm Dourado,Kasa,1 un,"€1,00/un","€1,00/un"
Grinalda 3m Rosa,,1 un,"€5,00/un","€5,00/un"
Balão Foil Coração 45cm Vermelho,Kasa,1 un,"€1,50/un","€1,50/un"
Velas Dourado Espiral,Kasa,10 un,"€1,50/un","€1,50/un"
Vela Nº1 8cm Dourado,Kasa,1 un,"€1,00/un","€1,00/un"
Vela Nº2 Azul e Verde,Kasa,1 un,"€0,80/un","€0,80/un"
Colheres Sobremesa Chromolite,Kasa,2 un,"€5,00/un","€2,50/un"
Taças Plástico 14cm Peixes Tropic,Kasa,4 un,"€4,00/un","€4,00/un"
"Copos Vinho Porto 22,7cl",Schott Zwiesel,2 un,"€14,95/un","€14,95/un"
Individual Juta Retangular 30x45cm Areia,Kasa,1 un,"€2,95/un","€2,95/un"
Conjunto Velas Happy Birthday Prateado,Kasa,1 un,"€2,50/un","€2,50/un"
Guardanapos Rosa Bailarina,,20 un,"€3,00/un","€3,00/un"
Individual Verga Redondo 38cm Natural e Preto,Kasa,1 un,"€2,95/un","€2,95/un"
Copo 25cl Ametista,Kasa,1 un,"€1,20/un","€1,20/un"
Colheres Plástico Coloridas,Kasa,6 un,"€1,00/un","€1,00/un"
Pratos Papel 23cm Bolinhas Douradas,,10 un,"€2,00/un","€2,00/un"
Naperons Papel 35cm Vermelhos,,3 un,"€1,25/un","€1,25/un"
Balão Foil Patrulha Pata,,1 un,"€4,00/un","€4,00/un"
Conjunto Garfo e Faca Trinchar Carne,Kasa,1 un,"€7,00/un","€7,00/un"
Pratos Sobremesa Papel 18cm Corações e Folhas,Kasa,10 un,"€1,00/un","€1,00/un"
Travessas Bolos 22x42cm com Naperon,Kasa,2 un,"€1,50/un","€1,50/un"
Facas Chromolite,Kasa,2 un,"€6,00/un","€3,00/un"
Garfos Peixe Chromolite,Kasa,2 un,"€6,00/un","€3,00/un"
Colheres Sopa Chromolite,Kasa,2 un,"€6,00/un","€3,00/un"
Naperons 35cm Rosa,Kasa,3 un,"€1,25/un","€1,25/un"
Grinalda Rosa Bailarina,,1 un,"€4,00/un","€4,00/un"
Vela Nº3 Azul e Verde,Kasa,1 un,"€0,80/un","€0,80/un"
Facas Peixe Crown,Kasa,2 un,"€2,50/un","€1,25/un"
Individual Verga Redondo 38cm Natural,Kasa,1 un,"€5,00/un","€5,00/un"
Individual Juta Retangular 30x45cm Cinza,Kasa,1 un,"€2,95/un","€2,95/un"
Garfos Peixe Crown,Kasa,2 un,"€2,50/un","€1,25/un"
Colheres Chá Chromolite,Kasa,2 un,"€4,00/un","€2,00/un"
Vela Aniversário Nº4 Branca Clássica,Kasa,1 un,"€0,60/un","€0,60/un"
Saca-rolhas Alumínio Medley,Kasa,1 un,"€10,00/un","€10,00/un"
Grinalda 3m Azul,Kasa,1 un,"€5,00/un","€5,00/un"
Copo Água 29cl Topázio,Kasa,1 un,"€2,00/un","€2,00/un"
Caixa de Palitos,Kasa,85 un,"€0,60/un","€0,60/un"
Assadeira Vidro 35x22cm Cook N Share,,1 un,"€8,00/un","€8,00/un"
Jarro 1L Cornucópias,Kasa,1 un,"€15,00/un","€15,00/un"
Toalha Papel 180x120cm Futebol,,1 un,"€5,00/un","€5,00/un"
Balão Foil Redondo Frozen,,1 un,"€4,00/un","€4,00/un"
Peso para Suporte de Balões Foil,,1 un,"€1,20/un","€1,20/un"
Assadeira Vidro 25x22cm Cook N Share,,1 un,"€7,00/un","€7,00/un"
Prato Aperitivo 20cm Branco Clean,Kasa,1 un,"€4,00/un","€4,00/un"
Palitos,Kasa,100 un,"€0,50/un","€0,50/un"
Naperons 35cm Brancos,Kasa,3 un,"€1,00/un","€1,00/un"
Copo Licor 7cl Opala,Kasa,1 un,"€1,70/un","€1,70/un"
Balão Foil Bola L.O.L. Surprise!,,1 un,"€8,00/un","€8,00/un"
Colheres Café Chromolite,Kasa,2 un,"€4,00/un","€2,00/un"
Saladeira Plástico,Kasa,1 un,"€1,50/un","€1,50/un"
Velas Bolas de Futebol e Chuteiras,,6 un,"€2,50/un","€2,50/un"
Conjunto Velas Happy Birthday Dourado,Kasa,1 un,"€2,50/un","€2,50/un"
Formas Papel Frisado Pequenas 3cm Coloridas,Kasa,60 un,"€0,75/un","€0,75/un"
Formas Papel Frisado Médias Brancas,Kasa,100 un,"€0,90/un","€0,90/un"
Pratos Bolos 32cm Dourados,Kasa,2 un,"€1,75/un","€1,75/un"
Copo Cerveja 20cl Barrilito,Kasa,1 un,"€1,50/un","€1,50/un"
Individual PEVA 38cm Rendilhado Prateado,Kasa,1 un,"€1,05/un","€1,05/un"
Vela Aniversário Nº3 Branca Clássica,Kasa,1 un,"€0,60/un","€0,60/un"
Pratos Papel 23cm Corações e Folhas,Kasa,10 un,"€2,00/un","€2,00/un"
Chávena Chá com Pires Branca Sagres,Vista Alegre,1 un,"€7,00/un","€7,00/un"
Prato Marcador 33cm Vermelho e Dourado Pavão,Kasa,1 un,"€3,00/un","€3,00/un"
Facas Sobremesa Goa,Kasa,2 un,"€3,00/un","€1,50/un"
Vela Aniversário Nº1 Branca Clássica,Kasa,1 un,"€0,60/un","€0,60/un"
Formas Papel Frisado Médias 4cm Coloridas,Kasa,60 un,"€1,00/un","€1,00/un"
Formas Papel Frisado Douradas,Kasa,30 un,"€2,40/un","€2,40/un"
Travessas Bolos 17x35cm com Naperon Brancas,Kasa,2 un,"€1,50/un","€1,50/un"
Saladeira Vidro 1L,Pyrex,1 un,"€6,50/un","€6,50/un"
Garfos Sobremesa Goa,Kasa,2 un,"€3,00/un","€1,50/un"
Copos 23cl Modern,Kasa,4 un,"€3,50/un","€0,88/un"
Prato Marcador 33cm Champanhe Nervuras,Kasa,1 un,"€3,00/un","€3,00/un"
Toalha Plástico 260x140cm Quinta Animais,,1 un,"€5,00/un","€5,00/un"
Copos Água Plástico Coloridos,Kasa,6 un,"€2,00/un","€2,00/un"
"Decantador 1,5L Cisne",Kasa,1 un,"€11,00/un","€11,00/un"
Formas Papel Frisado Grandes Azuis,Kasa,100 un,"€1,00/un","€1,00/un"
Taça 3 Divisórias 26x9cm Branca Clean,Kasa,1 un,"€5,00/un","€5,00/un"
Taças 34x14cm Brancas Clean,Kasa,3 un,"€7,00/un","€7,00/un"
Vela Nº1 Azul e Verde,Kasa,1 un,"€0,80/un","€0,80/un"
Prato Marcador 33cm Branco e Preto,Kasa,1 un,"€3,00/un","€3,00/un"
Copo 31cl Roxo Diamond,Kasa,1 un,"€1,50/un","€1,50/un"
Jarro 1L Andorinha,Kasa,1 un,"€2,50/un","€2,50/un"
"Saladeira Vidro 0,5L",Pyrex,1 un,"€5,50/un","€5,50/un"
Mangas Refrigeradoras PVC Prateadas,Grilo,2 un,"€9,00/un","€9,00/un"
Caneca Jumbo Branca Coffee (vários padrões),Kasa,1 un,"€2,50/un","€2,50/un"
Travessas Bolos 29x42cm com Naperon,Kasa,2 un,"€2,20/un","€2,20/un"
Conjunto Espátula e Faca para Bolo,Kasa,1 un,"€8,00/un","€8,00/un"
Assadeira Grés 35x25cm Branca Oven,Kasa,1 un,"€8,00/un","€8,00/un"
Saladeira Vidro 2L,Pyrex,1 un,"€8,50/un","€8,50/un"
Pratos Bolos 28cm com Naperon Brancos,Kasa,2 un,"€1,25/un","€1,25/un"
Palhinhas Retas Metal,Kasa,4 un,"€1,50/un","€1,50/un"
Balões Látex Coloridos,Kasa,100 un,"€5,00/un","€5,00/un"
Prato Raso (vários modelos),,1 un,"€1,00/un","€1,00/un"
Copos Água Papel 26cl Bolinhas Douradas,Kasa,10 un,"€2,00/un","€2,00/un"
Caneca Cerveja 55cl Sintra,Kasa,1 un,"€2,00/un","€2,00/un"
Assadeira Vidro 39x24cm Cook N Share,,1 un,"€9,00/un","€9,00/un"
Colheres Chá Crown,Kasa,2 un,"€1,50/un","€0,75/un"
Prato Marcador 33cm Azul e Dourado,Kasa,1 un,"€3,00/un","€3,00/un"
Taça Branca Clean,Kasa,1 un,"€3,00/un","€3,00/un"
Caixas de Palitos,Kasa,3 x 350 un,"€2,00/un","€2,00/un"
Taça 12x12cm Branca Clean,Kasa,1 un,"€3,00/un","€3,00/un"
Faqueiro 24 Talheres Chromolite,Kasa,1 un,"€45,00/un","€45,00/un"
Prato Sopa 23cm Branco Sagres,Vista Alegre,1 un,"€5,00/un","€5,00/un"
Prato Marcador 33cm Dourado Martelado,Kasa,1 un,"€3,00/un","€3,00/un"
Prato Sobremesa 19cm Branco Barra Vermelha Alentejo,Kasa,1 un,"€0,98/un","€0,98/un"
Palitos em Embalagens Individuais,Kasa,200 un,"€1,50/un","€1,50/un"
Copos 19cl Ambar,Kasa,12 un,"€10,00/un","€0,83/un"
Conjunto 3 Taças Brancas com Base de Bambu Tapas,Kasa,1 un,"€6,00/un","€6,00/un"
Toalha Papel Rosa Bailarina,Kasa,1 un,"€5,00/un","€5,00/un"
"Taça Aperitivo 12,5cm Gota Inbloom (várias cores)",Kasa,1 un,"€0,98/un","€0,98/un"
Garfos Sobremesa Crown,Kasa,2 un,"€2,00/un","€1,00/un"
Facas Churrasco Crown,Kasa,2 un,"€3,00/un","€1,50/un"
Balões Látex Coloridos,Kasa,24 un,"€2,00/un","€2,00/un"
Travessa Quadrada Branca Tokyo,Kasa,1 un,"€6,50/un","€6,50/un"
Velas com Chamas Coloridas,,6 un,"€2,50/un","€2,50/un"
Facas de Madeira,Kasa,10 un,"€1,00/un","€0,10/un"
Taça 15cm Amarela Canelada Tejo,,1 un,"€2,00/un","€2,00/un"
Espetos para Espetadas Madeira 25cm,Kasa,100 un,"€1,80/un","€1,80/un"
Copo Galão 22cl,Kasa,1 un,"€1,00/un","€1,00/un"
Chávena Café com Pires Branca Sagres,Vista Alegre,1 un,"€5,00/un","€5,00/un"
Pratos Brancos Kappa,Kasa,4 un,"€4,72/un","€1,18/un"
Grinalda Happy Birthday 200cm Futebol,,1 un,"€2,00/un","€2,00/un"
Espetos para Espetadas Madeira 24cm,Kasa,50 un,"€1,00/un","€1,00/un"
Garfos Crown,Kasa,2 un,"€2,50/un","€1,25/un"
Pratos Sopa 14cm Branco Barra Azul Oslo Alentejo,Kasa,4 un,"€10,00/un","€10,00/un"
Formas Papel Frisado Pequenas Brancas,Kasa,100 un,"€0,90/un","€0,90/un"
Pauzinhos de Sushi,Kasa,10 un,"€1,50/un","€1,50/un"
Espetos para Espetadas Madeira 18cm,Kasa,50 un,"€1,50/un","€1,50/un"
Tarteira Grés 26cm Branca Oven,Kasa,1 un,"€7,00/un","€7,00/un"
Pratos Bolos 32cm com Naperon Branco,Kasa,2 un,"€1,25/un","€1,25/un"
Taças Plástico 12cm Coloridas,Kasa,6 un,"€2,00/un","€2,00/un"
Jarro 1L Cegonha,Kasa,1 un,"€12,00/un","€12,00/un"
Copos 31cl Ondas,Kasa,6 un,"€2,52/un","€0,42/un"
Ramekin 11cm Rosa Pindot,,1 un,"€0,99/un","€0,99/un"
Talheres Plástico Coloridos,Kasa,18 un,"€2,00/un","€2,00/un"
Prato Sobremesa 19cm Branco Embossed,Kasa,1 un,"€1,18/un","€1,18/un"
Formas Papel Frisado Grandes Brancas,Kasa,100 un,"€1,00/un","€1,00/un"
Copo Vinho Porto 22cl Opala,Kasa,1 un,"€2,50/un","€2,50/un"
Garfos Aperitivo Bambu,Kasa,60 un,"€1,00/un","€1,00/un"
Caneca Jumbo Branca Water,Kasa,1 un,"€1,50/un","€1,50/un"
Faqueiro 24 Talheres Emperor,Kasa,1 un,"€35,00/un","€35,00/un"
Saladeiras Grés 21cm Branca Aveiro,Kasa,2 un,"€8,50/un","€8,50/un"
Prato Marcador 33cm Branco e Dourado Antique,Kasa,1 un,"€3,00/un","€3,00/un"
Taça Cereais 14cm Branca Water,Kasa,1 un,"€1,50/un","€1,50/un"
Conjunto Saladeira 25cm com Tampa e Raspador Inox Groove,Kasa,1 un,"€10,00/un","€10,00/un"
Faqueiro 24 Talheres Lisbon,Kasa,1 un,"€40,00/un","€40,00/un"
Travessas Grés 28x24cm Branco Aveiro,Kasa,2 un,"€13,00/un","€13,00/un"
Palitos Cocktail,Kasa,30 un,"€1,00/un","€1,00/un"
Colheres Café Crown,Kasa,2 un,"€1,50/un","€0,75/un"
Tabuleiro Forno Aço Inoxidável 40cm Groove,Kasa,1un,"€15,00/un","€15,00/un"
Palitos Finos,Kasa,250 un,"€0,60/un","€0,60/un"
Ramekin 11cm Branco Ribbed,,1 un,"€0,99/un","€0,99/un"
Taça Branca Tokyo,Kasa,1 un,"€4,50/un","€4,50/un"
"Taça 11,7cm Branca Chipre",Kasa,1 un,"€1,50/un","€1,50/un"
Ramekin 11cm Branco Oven,Kasa,1 un,"€2,00/un","€2,00/un"
Serviço Café 6 Chávenas Coloridas,Kasa,1 un,"€10,00/un","€1,67/un"
Pratos Sopa 20cm Brancos Golden Rim,Kasa,4 un,"€8,00/un","€2,00/un"
Copos 35cl Stripes,Kasa,6 un,"€2,80/un","€0,47/un"
Taça 15cm Branca,Kasa,1 un,"€1,50/un","€1,50/un"
Taças Papel,Kasa,10 un,"€1,50/un","€0,15/un"
Jarro Flamingo,Kasa,1 un,"€2,50/un","€2,50/un"
Serviço Café 6 Chávenas Brancas Quadrado,Kasa,1 un,"€14,00/un","€2,33/un"
Balões Látex Coloridos,Kasa,50 un,"€3,00/un","€3,00/un"
Pratos Brancos Linho,Kasa,4 un,"€10,00/un","€2,50/un"
Colheres Sobremesa Crown,Kasa,2 un,"€2,00/un","€1,00/un"
Pratos Plástico 19cm Coloridos,Kasa,6 un,"€2,50/un","€2,50/un"
Prato Sobremesa 22cm Branco Sagres,Vista Alegre,1 un,"€5,00/un","€5,00/un"
Copos 20cl Ondas,Kasa,12 un,"€3,00/un","€0,25/un"
Copo Gin Plástico 68cl,Kasa,1 un,"€1,80/un","€1,80/un"
Prato Pão 14cm Aveiro,Kasa,1 un,"€3,50/un","€3,50/un"
Taças Papel 9cm Brancas,Kasa,10 un,"€1,75/un","€0,18/un"
Faqueiro 24 Talheres Preto Matte,Kasa,1 un,"€35,00/un","€35,00/un"
Prato Raso 27cm Branco Embossed,Kasa,1 un,"€1,73/un","€1,73/un"
Serviço Chá 6 Chávenas Brancas Quadrado,Kasa,1 un,"€12,00/un","€2,00/un"
Garrafa 1L Giara,Kasa,1 un,"€1,50/un","€1,50/un"
Naperons 35cm Dourados,Kasa,3 un,"€1,25/un","€1,25/un"
Toalha Mesa Algodão 150x200cm Amarela Provence Inbloom,Kasa,1 un,"€18,00/un","€18,00/un"
Toalha Mesa Algodão 150x250cm Évora Monte Alentejo,Kasa,1 un,"€15,18/un","€15,18/un"
Taça 16cm Aveiro,Kasa,1 un,"€5,50/un","€5,50/un"
Conjunto Saladeira Vidro 22cm com Suporte e Talheres Bambu,Kasa,1 un,"€12,00/un","€12,00/un"
Argolas Guardanapos,Kasa,4 un,"€1,80/un","€0,45/un"
Prato Raso 25cm Branco Sagres,Vista Alegre,1 un,"€5,50/un","€5,50/un"
Copo Gin 60cl Royal,Kasa,1 un,"€2,50/un","€2,50/un"
Garfos de Madeira,Kasa,10 un,"€1,00/un","€0,10/un"
Copos Água Papel 26cl,Kasa,10 un,"€1,50/un","€0,15/un"
Paletinas de Madeira,Kasa,30 un,"€1,00/un","€0,03/un"
Protetor Mesa Impermeável Esferas PVC Branco,Kasa,1 un,"€9,00/un","€9,00/un"
Pratos Brancos Basic,Kasa,4 un,"€6,00/un","€1,50/un"
Jarro 1L Transparente Picos,Kasa,1 un,"€20,00/un","€20,00/un"
Assador Chouriço Barro 25x13cm Castanho,,1 un,"€5,00/un","€5,00/un"
Individual Juta Redondo 38cm México,Kasa,1 un,"€3,00/un","€3,00/un"
Pratos Porto,Kasa,4 un,"€8,00/un","€2,00/un"
Colheres de Madeira,Kasa,10 un,"€1,00/un","€0,10/un"
Saladeira Inox Groove,Kasa,1 un,"€4,00/un","€4,00/un"
Conjunto Tabuleiro e 16 Talheres com Cabo Cinza,Kasa,1 un,"€12,00/un","€12,00/un"
Taça Coração 5x17cm Branca Heart,Kasa,1 un,"€3,00/un","€3,00/un"
Faqueiro 24 Talheres Goa,Kasa,1 un,"€30,00/un","€30,00/un"
Prato Coração Branco Heart,Kasa,1 un,"€3,00/un","€3,00/un"
Copo Safira,Kasa,1 un,"€1,60/un","€1,60/un"
Copos de Shot Acrílico 4cl,Kasa,40 un,"€2,20/un","€0,06/un"
Guardanapo 40x40cm Jacquard,Kasa,1 un,"€2,10/un","€2,10/un"
Pratos Papel Brancos,Kasa,50 un,"€0,80/un","€0,08/un"
Assadeira Vidro Optimum,Pyrex,1 un,"€13,50/un","€13,50/un"
Prato Porcelana Branca,Kasa,1 un,"€1,50/un","€1,50/un"
Pratos Brancos Quadrado,Kasa,4 un,"€8,00/un","€2,00/un"
Protetor Mesa Impermeável PVC Branco,Kasa,1 un,"€11,50/un","€11,50/un"
Pratos Pretos Etnic B&W,Kasa,4 un,"€8,00/un","€2,00/un"
Copo Royal,Kasa,1 un,"€1,20/un","€1,20/un"
Toalha Mesa Anti Nódoas Branca,Kasa,1 un,"€12,00/un","€12,00/un"
Copo Papel Brancos,Kasa,10 un,"€0,90/un","€0,09/un"
Toalha Mesa Jacquard,Kasa,1 un,"€10,00/un","€10,00/un"
Serviço Mesa 18 Peças Branco Embossed,Kasa,1 un,"€31,60/un","€31,60/un"
Caixa de Palitos,Kasa,400 un,"€0,85/un","€0,85/un"
Pratos Sopa 23cm Verde Inbloom,Kasa,4 un,"€10,00/un","€10,00/un"
Conjunto 5 Peças Gin Sense Starter Kit Premium,,1 un,"€22,00/un","€22,00/un"
Serviço Café 6 Chávenas Brancas Basic,Kasa,1 un,"€8,00/un","€1,33/un"
Pratos Papel,Kasa,10 un,"€1,00/un","€0,10/un"
Serviço Mesa 18 Peças Branco Quadrado,Kasa,1 un,"€24,50/un","€24,50/un"
Copo 28cl Picos,Kasa,1 un,"€3,50/un","€3,50/un"
Faqueiro 24 Talheres de Sobremesa Caravela,Kasa,1 un,"€20,00/un","€20,00/un"
Pratos Papel Brancos,Kasa,10 un,"€1,25/un","€0,13/un"
Toalha Mesa 140x250cm Raipur India,Kasa,1 un,"€15,00/un","€15,00/un"
Serviço Mesa 18 Peças Cinza Linho,Kasa,1 un,"€29,60/un","€29,60/un"
Prato Marcador 33cm,Kasa,1 un,"€1,50/un","€1,50/un"
Pratos Mixology,Kasa,4 un,"€13,00/un","€3,25/un"
Copos Café Papel 10cl Brancos,Kasa,,"€0,60/un","€0,06/un"
Serviço Mesa 30 Peças Branco Basic,Kasa,1 un,"€35,00/un","€35,00/un"
Copos Papel Brancos,Kasa,50 un,"€1,20/un","€0,12/un"
Copo Picos,Kasa,1 un,"€4,00/un","€4,00/un"
Serviço Mesa 30 Peças Branco Quadrado,Kasa,1 un,"€23,60/un","€23,60/un"
Faqueiro 48 Talheres Caravela,Kasa,1 un,"€35,00/un","€35,00/un"
Saco Água Quente 2L Bege Stylish Dog,Kasa,1 un,"€6,00/un","€6,00/un"
Saco Água Quente 2L Quadrados Bordeaux,Kasa,1 un,"€6,00/un","€6,00/un"
Saco Água Quente 2L Cinza Miau,Kasa,1 un,"€6,00/un","€6,00/un"
"Saco Água Quente Malha 1,75L Corações Rosa e Brancos",Kasa,1 un,"€8,00/un","€8,00/un"
Saco Água Quente 2L Azul Sereia,Kasa,1 un,"€6,00/un","€6,00/un"
Saco Água Quente 2L Flores Azul,Kasa,1 un,"€6,00/un","€6,00/un"
Manta Coral 200x220cm Bege,Kasa,1 un,"€18,00/un","€18,00/un"
Capa Almofada Franjas Veludo 45x45cm Laranja,Kasa,1 un,"€6,00/un","€6,00/un"
Capa Almofada Franjas Veludo 45x45cm Rosa,Kasa,1 un,"€6,00/un","€6,00/un"
Manta Coral 130x160cm Xadrez Bege,Kasa,1 un,"€12,00/un","€12,00/un"
Sementes Ervas Aromáticas,Life in a Bag,1 un,"€19,00/un","€19,00/un"
"Conjunto 120 Luzes LED Exterior 8 Funções 16,9m Coloridas",Kasa,1 un,"€12,00/un","€12,00/un"
Moldura 14x10x23cm Castanha Scroll,Umbra,1 un,"€18,50/un","€18,50/un"
Sementes Frutos,Life in a Bag,1 un,"€19,00/un","€19,00/un"
Tapete Algodão 60x120cm Azul Regional,Tapeçaria Lusa,1 un,"€14,00/un","€14,00/un"
Tapete Algodão 100x150cm Branco Solana,Tapeçaria Lusa,1 un,"€79,00/un","€79,00/un"
Manta Poncho com Capuz 74x150cm,Kasa,1 un,"€15,00/un","€15,00/un"
Manta Borreguito 130x160cm Bohotanic,Kasa,1 un,"€20,00/un","€20,00/un"
Bottle 7x10cm Girassol,Life in a Bag,1 un,"€13,00/un","€13,00/un"
Queimador Incenso Volcán,Fisura,1 un,"€19,00/un","€19,00/un"
Vela em Lata 130g Figo Selvagem,Kasa,1 un,"€3,00/un","€3,00/un"
Moldura 13x16x23cm Preto Podium,Umbra,1 un,"€17,50/un","€17,50/un"
Guarda Jóias 10x23x48cm Dourado,Umbra,1 un,"€30,00/un","€30,00/un"
Passadeira Algodão 60x300cm Castanha Regional,Tapeçaria Lusa,1 un,"€34,00/un","€34,00/un"
Tapete Algodão 60x150 Cinza Aruba,Tapeçaria Lusa,1 un,"€59,00/un","€59,00/un"
Manta Coral 130x160cm Bohotanic,Kasa,1 un,"€12,00/un","€12,00/un"
Manta Teddy 130x160cm Bege,Kasa,1 un,"€12,00/un","€12,00/un"
Árvore Natal Nº27 150cm Cinza,Kasa,1 un,"€45,00/un","€45,00/un"
Caixa Presente 15x18cm Dourada com Glitter,Kasa,1 un,"€10,00/un","€10,00/un"
Tapete Algodão 150x200cm Vermelho Estampado,Tapeçaria Lusa,1 un,"€149,00/un","€149,00/un"
"Quadro Decorativo Borboleta 15,3x12,7cm Branca",Umbra,1 un,"€12,50/un","€12,50/un"
Tapete Algodão 60x120cm Laranja Regional,Tapeçaria Lusa,1 un,"€12,50/un","€12,50/un"
"Cubo Cortiça Magnético 7,5x7,5x7,5cm Malagueta",Life in a Bag,1 un,"€12,00/un","€12,00/un"
Pilar Solar Recarregável Multiposições Greta,New Garden,emb. 5 un,"€19,99/un","€19,99/un"
"Conjunto 576 Luzes LED 8 Funções 16,5m Branco Quente",Kasa,1 un,"€27,00/un","€27,00/un"
"Conjunto 180 Luzes LED Exterior 8 Funções 22,9m Branco Quente",Kasa,1 un,"€15,00/un","€15,00/un"
Anjo Decorativo com LED 25cm Branco,Kasa,1 un,"€10,00/un","€10,00/un"
Moldura 21x16cm Verde,Fisura,1 un,"€18,00/un","€18,00/un"
Cesto Alto com Asas Aguapé 28x25cm Barra Branca,Kasa,1 un,"€10,00/un","€10,00/un"
"Cubo Cortiça Magnético 7,5x7,5x7,5cm Manjericão",Life in a Bag,1 un,"€12,00/un","€12,00/un"
"Conjunto 40 Luzes LED Esferas Exterior 4,9m Coloridas",Kasa,1 un,"€8,00/un","€8,00/un"
"Conjunto 20 Luzes LED Estrelas 2,2m Branco Quente",Kasa,1 un,"€3,00/un","€3,00/un"
"Conjunto 40 Mini Luzes LED 4,9m Coloridas",Kasa,1 un,"€6,00/un","€6,00/un"
"Conjunto 10 Luzes LED Estrelas Metal Douradas 1,65m Branco Quente",Kasa,1 un,"€5,00/un","€5,00/un"
Vaso Cortiça Coentros,Life in a Bag,1 un,"€22,00/un","€22,00/un"
Difusor Pauzinhos 100ml Mar,Costa Atlantica,1 un,"€9,00/un","€9,00/un"
Difusor Pauzinhos 200ml Madressilvas,Costa Atlantica,1 un,"€14,90/un","€14,90/un"
Centro Mesa 4 Velas 23cm Bagas e Pinhas,Kasa,1 un,"€12,00/un","€12,00/un"
Árvore Natal com Neve Nº32 240cm Verde e Branca,Kasa,1 un,"€140,00/un","€140,00/un"
Veado 33cm Dourado com Glitter,Kasa,1 un,"€10,00/un","€10,00/un"
Difusor Pauzinhos 100ml Bagas Brancas,Costa Atlantica,1 un,"€9,00/un","€9,00/un"
Difusor Pauzinhos 100ml Verbena,Costa Atlantica,1 un,"€9,00/un","€9,00/un"
Coxim 40x40cm,Kasa,1 un,"€5,00/un","€5,00/un"
Suporte Tealight Estrela Vidro 8cm Castanho,Kasa,1 un,"€5,00/un","€5,00/un"
Manta Polar 130x160cm Azul Escura,Kasa,1 un,"€8,00/un","€8,00/un"
"Conjunto 40 Luzes LED Esferas Exterior 4,9m Branco Quente",Kasa,1 un,"€8,00/un","€8,00/un"
Centro Mesa 3 Velas 30x15x9cm Bagas e Pinhas,Kasa,1 un,"€10,00/un","€10,00/un"
Tapete Algodão 60x100cm Azul Delfis,Tapeçaria Lusa,1 un,"€14,90/un","€14,90/un"
Lata Floral 8x10cm Malagueta,Life in a Bag,1 un,"€9,90/un","€9,90/un"
Tapete Algodão 100x150cm Cinza Elema,Tapeçaria Lusa,1 un,"€69,00/un","€69,00/un"
Moldura Canelada Dourada,Kasa,1 un,"€5,00/un","€5,00/un"
Moldura com Rebordo Dourado Preta,Kasa,1 un,"€5,00/un","€5,00/un"
Tapete Algodão 100x150cm Mostarda Aruba,Tapeçaria Lusa,1 un,"€99,00/un","€99,00/un"
Tapete Algodão 150x200cm Riscas com Franja,Tapeçaria Lusa,1 un,"€89,00/un","€89,00/un"
Caixa 7 Bolas Pai Natal 26x8cm Brancas,Kasa,1 un,"€9,00/un","€9,00/un"
Tapete Algodão 140x200cm Amarelo Regional,Tapeçaria Lusa,1 un,"€59,90/un","€59,90/un"
Tapete Algodão 100x150cm amarelo Favo,Tapeçaria Lusa,1 un,"€49,00/un","€49,00/un"
Conjunto 3 Vasos 14x14x12cm,Umbra,1 un,"€50,00/un","€50,00/un"
Moldura Prisma 25x30x8cm Dourada,Umbra,1 un,"€30,00/un","€30,00/un"
Conjunto 2 Vasos Pirâmides,Umbra,1 un,"€45,00/un","€45,00/un"
Candeeiro LED Círculo,Bazarão,emb. 1 un,"€19,99/un","€19,99/un"
Passadeira Algodão 60x250cm Laranja Regional,Tapeçaria Lusa,1 un,"€29,00/un","€29,00/un"
Saco Água Quente Polar 2L Estrelas Cinza,Kasa,1 un,"€6,00/un","€6,00/un"
Manta Borreguito 130x160cm Xadrez Bege Deep Rustic,Kasa,1 un,"€20,00/un","€20,00/un"
Vela em Copo Vermelho 130g Citronela,Kasa,1 un,"€1,40/un","€1,40/un"
Moldura 20x25 Dourada Matinee,Umbra,1 un,"€35,00/un","€35,00/un"
Tapete Algodão 100x150cm Castanho Regional,Tapeçaria Lusa,1 un,"€29,90/un","€29,90/un"
Manta Poncho 80x134cm,Kasa,1 un,"€12,00/un","€12,00/un"
Vaso Cortiça Malagueta,Life in a Bag,1 un,"€22,00/un","€22,00/un"
Difusor Pauzinhos 100ml Rosmaninho,Costa Atlantica,1 un,"€9,00/un","€9,00/un"
Difusor Pauzinhos 100ml Cancelled Plans Frutos Vermelhos,Fisura,1 un,"€12,00/un","€12,00/un"
Moldura 21x16cm Laranja,Fisura,1 un,"€18,00/un","€18,00/un"
Queimador Incenso Tipi Bege,Fisura,1 un,"€19,00/un","€19,00/un"
Cesto Aguapé 28x19x12cm,Kasa,1 un,"€7,00/un","€7,00/un"
Conjunto Hortênsias Brancas,Kasa,1 un,"€10,00/un","€10,00/un"
Vela em Lata 130g Sal Marinho,Kasa,1 un,"€3,00/un","€3,00/un"
"Moldura 31x7,5x21cm Cinza",Umbra,1 un,"€25,00/un","€25,00/un"
Guarda Jóias 15x13x52cm Madeira,Umbra,1 un,"€35,00/un","€35,00/un"
Suporte Vasos 29x38x29cm Terracota,Umbra,1 un,"€65,00/un","€65,00/un"
Tapete Algodão 100x150cm Bege Regional,Tapeçaria Lusa,1 un,"€29,90/un","€29,90/un"
Tapete Algodão 100x150cm Braco Sense,Tapeçaria Lusa,1 un,"€69,00/un","€69,00/un"
Tapete Algodão 60x100cm Bordeaux Delfis,Tapeçaria Lusa,1 un,"€14,90/un","€14,90/un"
Tapete Algodão 60x150cm Branco Favo,Tapeçaria Lusa,1 un,"€39,00/un","€39,00/un"
Manta Coral 130x160cm Xadrez Vermelho Deep Rustic,Kasa,1 un,"€12,00/un","€12,00/un"
Manta Favo Algodão 120x170cm Bege,FIO LUSO,1 un,"€29,90/un","€29,90/un"
Árvore Natal com Tronco Natural Verde,Kasa,1 un,"€55,00/un","€55,00/un"
Vela em Copo Cimento Azul 130g Bolacha de Coco,Kasa,1 un,"€4,00/un","€4,00/un"
Vela em Copo Amarelo 130g Citronela,Kasa,1 un,"€1,40/un","€1,40/un"
Árvore Natal com Tronco Natural Nº31 210cm Verde,Kasa,1 un,"€100,00/un","€100,00/un"
Tapete Algodão 120x160cm Verde Delfis,Tapeçaria Lusa,1 un,"€45,00/un","€45,00/un"
"Conjunto 10 Luzes LED Bolas Metal Douradas 1,7m Branco Quente",Kasa,1 un,"€5,00/un","€5,00/un"
Difusor Pauzinhos 200ml Verbena,Costa Atlantica,1 un,"€14,90/un","€14,90/un"
Difusor Pauzinhos 100ml Flor de Laranjeira,Costa Atlantica,1 un,"€9,00/un","€9,00/un"
Difusor Pauzinhos 100ml Flores Brancas,Costa Atlantica,1 un,"€8,00/un","€8,00/un"
Árvore Natal Verde,Kasa,1 un,"€13,00/un","€13,00/un"
Vela em Lata 130g Flor de Algodão,Kasa,1 un,"€3,00/un","€3,00/un"
Moldura Martelada Dourada,Kasa,1 un,"€5,00/un","€5,00/un"
Suporte Tealight Estrela Vidro 4cm Castanho,Kasa,1 un,"€3,00/un","€3,00/un"
Moldura Natura 17x22cm,Bazarão,emb. 1 un,"€3,00/un","€3,00/un"
Manta Favo Algodão 160x240cm Cinza,FIO LUSO,1 un,"€39,90/un","€39,90/un"
Tapete Algodão 60x100cm Azul Regional,Tapeçaria Lusa,1 un,"€12,00/un","€12,00/un"
Cabide Woody Madeira Clara,UMBRA,1 un,"€20,00/un","€20,00/un"
Manta Polar 130x160cm Xadrez Vermelho,Kasa,1 un,"€8,00/un","€8,00/un"
"Conjunto 180 Luzes LED Exterior 8 Funções 22,9m Coloridas",Kasa,1 un,"€15,00/un","€15,00/un"
Árvore Natal Nº28 180cm Cinza,Kasa,1 un,"€65,00/un","€65,00/un"
"Conjunto 10 Luzes LED Estrelas Vermelhas 1,65m Branco Quente",Kasa,1 un,"€5,00/un","€5,00/un"
Queimador Incenso Tipi Azul,Fisura,1 un,"€19,00/un","€19,00/un"
Relógio Parede 51x51x10cm Dourado,Umbra,1 un,"€55,00/un","€55,00/un"
Haste em Papel Embrulho Espigas Amarelas 68cm,Kasa,1 un,"€5,00/un","€5,00/un"
Árvore Natal Verde Escandinava Premium,Kasa,1 un,"€100,00/un","€100,00/un"
Árvore Natal com Neve Verde e Branca,Kasa,1 un,"€60,00/un","€60,00/un"
Cesto Natural e Preto Serpente,Kasa,1 un,"€4,80/un","€4,80/un"
Moldura Oval com Rebordo Folhas Dourada,Kasa,1 un,"€6,00/un","€6,00/un"
Moldura Cubo 7x7x7cm Dourada,Umbra,1 un,"€15,00/un","€15,00/un"
Passadeira Algodão 60x250cm Azul Regional,Tapeçaria Lusa,1 un,"€29,00/un","€29,00/un"
Manta Borreguito 200x220cm Folhas Verde Bohotanic,Kasa,1 un,"€29,00/un","€29,00/un"
Saco Água Quente 2L Azul Dino Friends,Kasa,1 un,"€6,00/un","€6,00/un"
Bottle 7x10cm Malagueta,Life in a Bag,1 un,"€13,00/un","€13,00/un"
Vaso Cortiça Capuchinhas,Life in a Bag,1 un,"€22,00/un","€22,00/un"
"Conjunto 240 Luzes LED Exterior 8 Funções 28,9m Coloridas",Kasa,1 un,"€18,00/un","€18,00/un"
Tapete Algodão 140x200cm Castanho Regional,Tapeçaria Lusa,1 un,"€59,90/un","€59,90/un"
Relógio 30cm Preto,Fisura,1 un,"€45,00/un","€45,00/un"
Tabuleiro Prisma 18x28x4cm Dourado,Umbra,1 un,"€22,00/un","€22,00/un"
Tapete Algodão 100x150cm Riscas Com Franja,Tapeçaria Lusa,1 un,"€49,00/un","€49,00/un"
Tapete Algodão150x200cm Camel Fiore,Tapeçaria Lusa,1 un,"€149,00/un","€149,00/un"
Tapete Algodão 100x150cm Laranja Regional,Tapeçaria Lusa,1 un,"€29,90/un","€29,90/un"
Vaso Cortiça Morangos,Life in a Bag,1 un,"€22,00/un","€22,00/un"
Serviço Mesa 19 Peças Branco e Verde Azevinho,Kasa,1 un,"€40,00/un","€40,00/un"
"Placa Decorativa 31,75x6,98x1,27cm Do What you Love Preta",Umbra,1 un,"€30,00/un","€30,00/un"
Cabide Parede Skyline Preto,Umbra,1 un,"€30,00/un","€30,00/un"
"Conjunto 120 Luzes LED Exterior 8 Funções 16,7m Branco Quente",Kasa,1 un,"€12,00/un","€12,00/un"
Vaso Cortiça Salsa,Life in a Bag,1 un,"€20,00/un","€20,00/un"
Tapete Algodão 60x150 Mostarda Aruba,Tapeçaria Lusa,1 un,"€59,00/un","€59,00/un"
Tatepe Algodão 120x160cm Bordeaux Magas,Tapeçaria Lusa,1 un,"€45,00/un","€45,00/un"
Tapete Algodão100x150cm Amarelo Fiore,Tapeçaria Lusa,1 un,"€79,00/un","€79,00/un"
Tapete Algodão 60x120cm Amarelo Regional,Tapeçaria Lusa,1 un,"€14,00/un","€14,00/un"
Manta Coral 130x160cm,Kasa,1 un,"€12,00/un","€12,00/un"
Manta Borreguito 200x220cm Cinza,Kasa,1 un,"€29,00/un","€29,00/un"
Saco Água Quente 2L Xadrez Vermelho,Kasa,1 un,"€6,00/un","€6,00/un"
Caixa Presente 20x22cm Dourada e Prateada com Glitter,Kasa,1 un,"€12,00/un","€12,00/un"
Tapete Algodão 150x200cm Amarelo Fiore,Tapeçaria Lusa,1 un,"€149,00/un","€149,00/un"
Tapete Algodão 120x160cm Bordeaux Delfis,Tapeçaria Lusa,1 un,"€45,00/un","€45,00/un"
Bottle 7x10cm Amor-Perfeito,Life in a Bag,1 un,"€13,00/un","€13,00/un"
Vaso Cortiça Oregãos,Life in a Bag,1 un,"€22,00/un","€22,00/un"
Vaso Cortiça Hortelã,Life in a Bag,1 un,"€22,00/un","€22,00/un"
Difusor Pauzinhos 100ml Flor de Algodão,Costa Atlantica,1 un,"€9,00/un","€9,00/un"
Tapete Algodão 70x140cm Castanho Regional,Tapeçaria Lusa,1 un,"€19,90/un","€19,90/un"
Manta Borreguito 130x160cm,Kasa,1 un,"€20,00/un","€20,00/un"
Bottle 7x10cm Hortelã,Life in a Bag,1 un,"€13,00/un","€13,00/un"
Árvore Natal Nº24 210cm Branca,Kasa,1 un,"€32,00/un","€32,00/un"
Moldura 21x16cm Preto,Fisura,1 un,"€18,00/un","€18,00/un"
Haste em Papel Embrulho Flores Roxas 55cm,Kasa,1 un,"€5,00/un","€5,00/un"
Difusor Pauzinhos 75ml,Kasa,1 un,"€5,00/un","€5,00/un"
Tapete Algodão 140x200cm Azul Regional,Tapeçaria Lusa,1 un,"€59,90/un","€59,90/un"
Tapete Algodão 70x140cm Regional Azul,Tapeçaria Lusa,1 un,"€19,90/un","€19,90/un"
Passadeira Algodão 60x250cm Castanha Regional,Tapeçaria Lusa,1 un,"€29,00/un","€29,00/un"
Manta com Capuz 125x150cm,Kasa,1 un,"€18,00/un","€18,00/un"
Manta Coral 125x150cm Amarela,Kasa,1 un,"€9,00/un","€9,00/un"
Árvore Natal Nº1 150cm Branca,Kasa,1 un,"€16,00/un","€16,00/un"
Tapete Algodão120x160cm Azul Delfis,Tapeçaria Lusa,1 un,"€45,00/un","€45,00/un"
Árvore Natal com Pinhas Verde Premium,Kasa,1 un,"€55,00/un","€55,00/un"
Árvore Natal Verde Premium,Kasa,1 un,"€45,00/un","€45,00/un"
Moldura com Rebordo Folhas 13x18cm Dourada,Kasa,1 un,"€6,00/un","€6,00/un"
Castiçal Vidro Castanho,Kasa,1 un,"€14,00/un","€14,00/un"
Guarda Jóias 10x23x48cm Prateado,Umbra,1 un,"€30,00/un","€30,00/un"
Moldura Prisma 25x30x8cm Prateada,Umbra,1 un,"€30,00/un","€30,00/un"
"Moldura 31x7,5x21cm Natural Escuro",Umbra,1 un,"€25,00/un","€25,00/un"
Tapete Algodão 100x150cm Branco Favo,Tapeçaria Lusa,1 un,"€49,00/un","€49,00/un"
Passadeira Algodão 100x300cm Laranja Regional,Tapeçaria Lusa,1 un,"€34,00/un","€34,00/un"
Tapete Algodão 150x200cm Branco Sense,Tapeçaria Lusa,1 un,"€149,00/un","€149,00/un"
Tapete Algodão 60x150cm Amarelo Fiore,Tapeçaria Lusa,1 un,"€49,00/un","€49,00/un"
Tapete Algodão 100x150cm Vermelho Estampado,Tapeçaria Lusa,1 un,"€69,00/un","€69,00/un"
Vela em Copo Citronela,Kasa,1 un,"€1,40/un","€1,40/un"
Cabide Parede Madeira Clara,UMBRA,1 un,"€30,00/un","€30,00/un"
Manta Coral 200x220cm Flores Amarela Bohotanic,Kasa,1 un,"€18,00/un","€18,00/un"
Haste em Papel Embrulho Lavanda 50cm,Kasa,1 un,"€5,00/un","€5,00/un"
Conjunto de Difusor e 15 Peças,Bazarão,emb. 1 un,"€9,99/un","€9,99/un"
"Cubo Cortiça Magnético 7,5x7,5x7,5cm Coentros",Life in a Bag,1 un,"€12,00/un","€12,00/un"
Molduras Brancas,Bazarão,emb. 2 un,"€4,00/un","€4,00/un"
Passadeira Algodão 60x300cm Amarela Regional,Tapeçaria Lusa,1 un,"€34,00/un","€34,00/un"
Passadeira Algodão 60x300cm Azul Regional,Tapeçaria Lusa,1 un,"€34,00/un","€34,00/un"
Espelho Decorativo 17x29x1cm Losangos,Umbra,1 un,"€55,00/un","€55,00/un"
Passadeira Algodão 60x250cm Amarela Regional,Tapeçaria Lusa,1 un,"€29,00/un","€29,00/un"
Passadeira Algodão 60x300cm Bege Regional,Tapeçaria Lusa,1 un,"€34,00/un","€34,00/un"
Porta Fotos 66x77x2cm Dourada,Umbra,1 un,"€27,50/un","€27,50/un"
Tapete Algodão 60x150cm Camel Fiore,Tapeçaria Lusa,1 un,"€49,00/un","€49,00/un"
Tapete Algodão 140x200cm Bege Regional,Tapeçaria Lusa,1 un,"€59,90/un","€59,90/un"
Difusor Pauzinhos 200ml Flor De Algodão,Costa Atlantica,1 un,"€14,90/un","€14,90/un"
Conjunto 34 Bolas 9cm Vermelhas e Douradas,Kasa,1 un,"€8,00/un","€8,00/un"
Tapete Algodão 70x140cm Amarelo Regional,Tapeçaria Lusa,1 un,"€19,90/un","€19,90/un"
Tapete Algodão 150x200cm Branco Solana,Tapeçaria Lusa,1 un,"€149,00/un","€149,00/un"
Tapete Algodão 60x120cm Castanho Regional,Tapeçaria Lusa,1 un,"€14,00/un","€14,00/un"
Manta Favo Algodão 120x170cm Cinza,FIO LUSO,1 un,"€29,90/un","€29,90/un"
Planta Artificial Hera com Vaso Largo Branco,Kasa,1 un,"€14,00/un","€14,00/un"
Lata Floral 8x10cm Hortelã,Life in a Bag,1 un,"€9,90/un","€9,90/un"
Árvore Natal Decorada Nº20 150cm Dourada,Kasa,1 un,"€27,00/un","€27,00/un"
Tapete Algodão 150x200cm Amarelo Aruba,Tapeçaria Lusa,1 un,"€199,00/un","€199,00/un"
Tapete Algodão 100x150cm Azul Regional,Tapeçaria Lusa,1 un,"€29,90/un","€29,90/un"
Candeeiro Bola 40cm Buly,New Garden,emb. 1 un,"€44,99/un","€44,99/un"
Difusor Pauzinhos 200ml Bagas Brancas,Costa Atlantica,1 un,"€14,90/un","€14,90/un"
Relógio 30cm Branco,Fisura,1 un,"€45,00/un","€45,00/un"
Conjunto 30 Bolas,Kasa,1 un,"€8,50/un","€8,50/un"
Suporte Tealight Estrela Vidro 6cm Castanho,Kasa,1 un,"€4,00/un","€4,00/un"
Tapete Algodão150x200cm Aruba,Tapeçaria Lusa,1 un,"€199,00/un","€199,00/un"
"Conjunto 20 Luzes LED 1,2m Branco Frio",Kasa,1 un,"€1,50/un","€1,50/un"
Tapete Algodão 150x200cm Branco Favo,Tapeçaria Lusa,1 un,"€79,00/un","€79,00/un"
Tapete Algodão 60x150cm Amarelo Favo,Tapeçaria Lusa,1 un,"€39,00/un","€39,00/un"
Difusor Pauzinhos 100ml Good Times Cítrico,Fisura,1 un,"€12,00/un","€12,00/un"
Bottle 7x10cm Morangos,Life in a Bag,1 un,"€13,00/un","€13,00/un"
"Conjunto 240 Luzes LED Exterior 8 Funções 28,9m Branco Quente",Kasa,1 un,"€18,00/un","€18,00/un"
Árvore com 24 Luzes LED 45cm Branca,Kasa,1 un,"€10,00/un","€10,00/un"
Árvore Natal Nº7 210cm Verde,Kasa,1 un,"€27,00/un","€27,00/un"
Tapete Algodão 150x200cm Amarelo Favo,Tapeçaria Lusa,1 un,"€79,00/un","€79,00/un"
Tapete Algodão 70x140cm Laranja Regional,Tapeçaria Lusa,1 un,"€19,90/un","€19,90/un"
"Cubo Cortiça Magnético 7,5x7,5x7,5cm Girassol",Life in a Bag,1 un,"€12,00/un","€12,00/un"
Vaso Cortiça Manjericão,Life in a Bag,1 un,"€22,00/un","€22,00/un"
Manta Coral 125x150cm Brilha no Escuro,Kasa,1 un,"€12,00/un","€12,00/un"
Rena Decorativa 21cm Branca,Kasa,1 un,"€10,00/un","€10,00/un"
Difusor Pauzinhos 200ml Mar,Costa Atlantica,1 un,"€14,90/un","€14,90/un"
Difusor Pauzinhos 100ml Resilience Algodão,Fisura,1 un,"€12,00/un","€12,00/un"
Relógio Parede 75x64x7cm Infinite,Umbra,1 un,"€55,00/un","€55,00/un"
Tapete Algodão 100x150cm Branco Mara,Tapeçaria Lusa,1 un,"€69,00/un","€69,00/un"
Manta Favo Algodão 120x170cm Mostarda,FIO LUSO,1 un,"€29,90/un","€29,90/un"
Jardim em Lata 8x10cm Salsa,Life in a Bag,1 un,"€9,90/un","€9,90/un"
"Conjunto 40 Mini Luzes LED 4,9m Branco Quente",Kasa,1 un,"€6,00/un","€6,00/un"
Suporte Livros 6x8x14cm Branco Pássaro,Fisura,1 un,"€19,00/un","€19,00/un"
Jardim em Lata 8x10cm Coentros,Life in a Bag,1 un,"€9,90/un","€9,90/un"
Bottle 7x10cm Manjericão,Life in a Bag,1 un,"€13,00/un","€13,00/un"
"Conjunto 10 Luzes LED Bolas Metal Douradas 16,5m Branco Quente",Kasa,1 un,"€5,00/un","€5,00/un"
Sementes Flores,Life in a Bag,1 un,"€19,00/un","€19,00/un"
Guarda-Jóias 18x30cm Preto,Fisura,1 un,"€18,00/un","€18,00/un"
Caixa 7 Bolas Flocos Neve 22x8cm Brancas e Vermelhas,Kasa,1 un,"€9,00/un","€9,00/un"
Tapete Algodão 100x150cm Amarelo Aruba,Tapeçaria Lusa,1 un,"€99,00/un","€99,00/un"
Difusor Pauzinhos 200ml Algas,Costa Atlantica,1 un,"€14,90/un","€14,90/un"
Difusor Pauzinhos 100ml Algas,Costa Atlantica,1 un,"€9,00/un","€9,00/un"
Manta Polar 130x160cm,Kasa,1 un,"€8,00/un","€8,00/un"
"Conjunto 10 Luzes LED Estrelas Metal Prateadas 1,65m Branco Quente",Kasa,1 un,"€5,00/un","€5,00/un"
Coxim 40x40cm Riscas Vermelhas,Kasa,1 un,"€5,60/un","€5,60/un"
Conjunto 54 Bolas,Kasa,1 un,"€14,50/un","€14,50/un"
Tapete Algodão 60x150 Amarelo Aruba,Tapeçaria Lusa,1 un,"€59,00/un","€59,00/un"
Vela em Copo Azul 130g Citronela,Kasa,1 un,"€1,40/un","€1,40/un"
Manta Polar 130x160cm All Over Verde Bohotanic,Kasa,1 un,"€8,00/un","€8,00/un"
Saco Água Quente 2L,Kasa,1 un,"€6,00/un","€6,00/un"
Cabide Porta Buddy Branco,Umbra,1 un,"€19,00/un","€19,00/un"
Almofada Macramé 45x45cm Cru Losangos Centrais,Kasa,1 un,"€15,00/un","€15,00/un"
Árvore Natal Nº3 180cm Branca,Kasa,1 un,"€27,00/un","€27,00/un"
"Porta-Lápis 8x10,5cm Azul e Verde Stripes",Fisura,1 un,"€8,00/un","€8,00/un"
Tapete Algodão 150x200cm Bege Elema,Tapeçaria Lusa,1 un,"€149,00/un","€149,00/un"
Candeeiro de Pé Solar Exterior Paquita 215cm,New Garden,emb. 1 un,"€223,99/un","€223,99/un"
Manta Poncho 80x134cm Losangos Laranja Bohotanic,Kasa,1 un,"€12,00/un","€12,00/un"
Candeeiro Exterior de Pé 140cm Chloe,New Garden,emb. 1 un,"€109,99/un","€109,99/un"
"Cubo Cortiça Magnético 7,5x7,5x7,5cm Hortelã",Life in a Bag,1 un,"€12,00/un","€12,00/un"
Lata Floral 8x10cm Manjericão,Life in a Bag,1 un,"€9,90/un","€9,90/un"
Difusor Pauzinhos 100ml Madressilva,Costa Atlantica,1 un,"€9,00/un","€9,00/un"
Lanterna Decorativa 12x12x15cm,Bazarão,emb. 1 un,"€5,99/un","€5,99/un"
Castiçal 21cm Dourado,Kasa,1 un,"€8,00/un","€8,00/un"
Lanterna Vidro com Luz LED 26cm Castanha,Kasa,1 un,"€16,00/un","€16,00/un"
Tapete Algodão 150x200cm Cinza Aruba,Tapeçaria Lusa,1 un,"€199,00/un","€199,00/un"
Espelho Decorativo 24x24x8cm Círculos,Umbra,1 un,"€55,00/un","€55,00/un"
Moldura 20x25 Preta Matinee,Umbra,1 un,"€35,00/un","€35,00/un"
Tapete Algodão 140x200cm Laranja Regional,Tapeçaria Lusa,1 un,"€59,90/un","€59,90/un"
Tatepe algodão 120x160cm Bege Magas,Tapeçaria Lusa,1 un,"€45,00/un","€45,00/un"
Manta Favo Algodão 120x170cm Verde,FIO LUSO,1 un,"€29,90/un","€29,90/un"
Manta Polar 130x160cm Flores Bohotanic,Kasa,1 un,"€8,00/un","€8,00/un"
Saco Água Quente Infantil 1L Unicórnio,Kasa,1 un,"€7,00/un","€7,00/un"
Saco Água Quente com Pelo 2L Unicórnio,Kasa,1 un,"€8,00/un","€8,00/un"
Capa Almofada Franjas Veludo 45x45cm Cru,Kasa,1 un,"€6,00/un","€6,00/un"
Manta Poncho 80x134cm Quadrados Azuis e Cinza,Kasa,1 un,"€12,00/un","€12,00/un"
Manta Polar 130x160cm Vermelha,Kasa,1 un,"€8,00/un","€8,00/un"
Manta Coral 125x150cm Cru,Kasa,1 un,"€9,00/un","€9,00/un"
Vela em Copo Citronela 160g (várias cores),,1 un,"€2,00/un","€2,00/un"
Manta Poncho 80x134cm Xadrez Vermelho e Verde,Kasa,1 un,"€12,00/un","€12,00/un"
Manta Polar 130x160cm Amarela,Kasa,1 un,"€8,00/un","€8,00/un"
Capa Almofada Franjas Veludo 45x45cm Cinza Escuro,Kasa,1 un,"€6,00/un","€6,00/un"
Manta Coral 130x160cm Cinza com Cães,Kasa,1 un,"€12,00/un","€12,00/un"
Manta Coral 130x160cm Rosa com Unicórnios,Kasa,1 un,"€12,00/un","€12,00/un"
Capa Almofada Franjas Veludo 45x45cm Azul,Kasa,1 un,"€6,00/un","€6,00/un"
Capa Almofada Franjas Veludo 45x45cm Beringela,Kasa,1 un,"€6,00/un","€6,00/un"
Vela Litúrgica com Tampa 30 ll Vermelha,Kasa,1 un,"€1,25/un","€1,25/un"
Vela Litúrgica com Tampa 30 l Vermelha,Kasa,1 un,"€1,00/un","€1,00/un"
Coxim com Encosto 49x91cm Malibu,Kasa,1 un,"€14,00/un","€14,00/un"
Capa Almofada Franjas Veludo 45x45cm Verde Escuro,Kasa,1 un,"€6,00/un","€6,00/un"
Capa Almofada Franjas Veludo 45x45cm Creme,Kasa,1 un,"€6,00/un","€6,00/un"
Velas Litúrgicas Santíssimo Vermelha,Kasa,4 un,"€0,90/un","€0,23/un"
Vela Litúrgica Santíssimo 60 ll Vermelha,Kasa,1 un,"€2,00/un","€2,00/un"
Cesto 15x10x5cm Branco Vigo,Kasa,1 un,"€2,00/un","€2,00/un"
Cesto 19x14cm Azul Palermo,Kasa,1 un,"€4,00/un","€4,00/un"
Cesto 16x13cm Azul Palermo,Kasa,1 un,"€3,00/un","€3,00/un"
Cesto 22x15cm Azul Palermo,Kasa,1 un,"€5,00/un","€5,00/un"
Vela em Copo Canelado Bordeaux 170g Canela,Kasa,1 un,"€4,00/un","€4,00/un"
Vela em Copo Canelado Cinza 170g Baunilha,Kasa,1 un,"€4,00/un","€4,00/un"
Manta Borreguito 130x160cm Xadrez Azul e Bege,Kasa,1 un,"€20,00/un","€20,00/un"
Manta Borreguito 130x160cm Xadrez Azul e Bege,Kasa,1 un,"€20,00/un","€20,00/un"
Candeiro de Secretária Fox Branco,Eglo,emb. 1 un,"€23,99/un","€23,99/un"
Candeeiro de Teto Metal,Kasa,1 un,"€25,00/un","€25,00/un"
Vela em Copo Canelado Preto 170g Sal Marinho,Kasa,1 un,"€4,00/un","€4,00/un"
Aplique de Parede Grafik Branco,Eglo,emb. 1 un,"€9,99/un","€9,99/un"
Cesto 23x17x11cm Azul Génova,Kasa,1 un,"€4,00/un","€4,00/un"
Vela em Copo 220g,Kasa,1 un,"€5,00/un","€5,00/un"
Capacho Fino Borracha 40x60cm Cinza,,1 un,"€4,50/un","€4,50/un"
Moldura Affection 4 Fotos Branca Mi tribu,Kasa,1 un,"€8,00/un","€8,00/un"
Cesto 21x15x19cm Azul Génova,Kasa,1 un,"€3,00/un","€3,00/un"
Vela em Copo Bolas Bordeaux 170g Baunilha,Kasa,1 un,"€4,00/un","€4,00/un"
Cesto 15x10x5cm Preto Vigo,Kasa,1 un,"€2,00/un","€2,00/un"
Vela em Copo com Tampa Madeira 380g,Kasa,1 un,"€9,00/un","€9,00/un"
Vela em Copo Bege Elimina Odores,Kasa,1 un,"€2,00/un","€2,00/un"
Cesto 19x19x11cm Preto Vigo,Kasa,1 un,"€3,00/un","€3,00/un"
Vela em Copo Bolas Castanho 170g Sal Marinho,Kasa,1 un,"€4,00/un","€4,00/un"
Cesto 26x19x12cm Azul Génova,Kasa,1 un,"€5,00/un","€5,00/un"
Vela em Copo 2 Pavios 380g,Kasa,1 un,"€7,00/un","€7,00/un"
Candeeiro de Mesa Articulado (várias cores),Pincello,emb. 1 un,"€15,55/un","€15,55/un"
Vela em Copo Canelado Verde 170g Algodão Doce,Kasa,1 un,"€4,00/un","€4,00/un"
Candeeiro Exterior de Mesa 20cm Lola,New Garden,emb. 1 un,"€14,99/un","€14,99/un"
Planta Artificial Cato com Vaso Preta,Kasa,1 un,"€4,80/un","€4,80/un"
Jarra Redonda Vidro 16cm Castanha,Kasa,1 un,"€17,00/un","€17,00/un"
Vela em Copo Bolas Preto 170g Canela,Kasa,1 un,"€4,00/un","€4,00/un"
Planta Artificial Relva com Vaso Seagrass,Kasa,1 un,"€10,00/un","€10,00/un"
Manta Coral Franjas 130x160cm Taupe,Kasa,1 un,"€18,00/un","€18,00/un"
Haste Artificial Flores Brancas,Kasa,1 un,"€12,00/un","€12,00/un"
Candeiro de Secretária La Seca Branco,Eglo,emb. 1 un,"€23,99/un","€23,99/un"
Planta Artificial com Vaso Cerâmica Branco e Verde,Kasa,1 un,"€10,00/un","€10,00/un"
Cesto 16x13cm Branco Palermo,Kasa,1 un,"€3,00/un","€3,00/un"
Haste Artificial Camélias Rosa,Kasa,1 un,"€10,00/un","€10,00/un"
Moldura com Detalhes 13x18cm Branca,Kasa,1 un,"€5,00/un","€5,00/un"
Cesto 19x14cm Branco Palermo,Kasa,1 un,"€4,00/un","€4,00/un"
Moldura Madeira Clássica 10x15cm,Kasa,1 un,"€6,00/un","€6,00/un"
Vela em Copo Bolas Rosa 170g Algodão Doce,Kasa,1 un,"€4,00/un","€4,00/un"
Planta Artificial Suculenta com Vaso Cerâmica Cru e Preto Degradé,Kasa,1 un,"€6,00/un","€6,00/un"
Vela Ecológica em Lata 170g Frutos Verdes,Kasa,1 un,"€5,00/un","€5,00/un"
Candeeiro de Teto com Abajour Pasteri Branco,Eglo,emb. 1 un,"€34,99/un","€34,99/un"
Candeeiro de Teto com Abajour Pasteri Cinza,Eglo,emb. 1 un,"€34,99/un","€34,99/un"
Haste Artificial Peónias Brancas,Kasa,1 un,"€10,00/un","€10,00/un"
Cesto 36x14x6cm Preto Vigo,Kasa,1 un,"€3,00/un","€3,00/un"
Moldura 10x15cm Branca,Kasa,1 un,"€6,00/un","€6,00/un"
Lanterna Palhinha 26cm,Kasa,1 un,"€18,00/un","€18,00/un"
Vela em Frasco 220g,Kasa,1 un,"€5,00/un","€5,00/un"
Vela em Copo Quadrada 170g Bege,Kasa,1 un,"€5,00/un","€5,00/un"
Planta Artificial Planta Chá com Vaso Seagrass,Kasa,1 un,"€10,00/un","€10,00/un"
Haste Artificial Peónias Rosa,Kasa,1 un,"€6,00/un","€6,00/un"
Planta Artificial Cato com Vaso Preto Canelado,Kasa,1 un,"€4,80/un","€4,80/un"
Vela em Copo 165g,Kasa,1 un,"€4,00/un","€4,00/un"
Haste Artificial Flores Rosa,Kasa,1 un,"€12,00/un","€12,00/un"
Planta Artificial Lavanda com Vaso Branco,Kasa,1 un,"€4,00/un","€4,00/un"
Luz Presença Lunneta Slim Ledvance,Ledvance,emb. 1 un,"€6,39/un","€6,39/un"
Planta Artificial Aloé Suculenta com Vaso Seagrass,Kasa,1 un,"€12,00/un","€12,00/un"
Moldura Oldie 10x15cm Branca,Kasa,1 un,"€6,00/un","€6,00/un"
Planta Artificial com Vaso Cerâmica Branco e Amarelo,Kasa,1 un,"€10,00/un","€10,00/un"
Planta Artificial Suculenta com Vaso,Kasa,1 un,"€2,00/un","€2,00/un"
Manta Borreguito 130x160cm Xadrez Vermelho e Preto,Kasa,1 un,"€20,00/un","€20,00/un"
Aplique de Exterior Lanterna 6,Eglo,emb. 1 un,"€13,49/un","€13,49/un"
Lanterna Rattan 29cm,Kasa,1 un,"€18,00/un","€18,00/un"
Candeeiro de Mesa Rondo Branco,Eglo,emb. 1 un,"€17,99/un","€17,99/un"
Candeeiro de Pé Pasteri Branco,Eglo,emb. 1 un,"€57,99/un","€57,99/un"
Vela em Copo Vegan Tampa Cortiça 400g,Kasa,1 un,"€9,00/un","€9,00/un"
Cesto 23x17x11cm Branco Génova,Kasa,1 un,"€4,00/un","€4,00/un"
"Velas Pequenas 5,9cm Brancas",Kasa,24 un,"€7,00/un","€0,29/un"
Planta Artificial Palmeira com Vaso Cimento Entrançado,Kasa,1 un,"€9,00/un","€9,00/un"
Placa Decorativa Palhinha Happiness Madeira 18x20cm,Kasa,1 un,"€1,75/un","€1,75/un"
Cesto 22x15cm Branco Palermo,Kasa,1 un,"€5,00/un","€5,00/un"
Jarra Vidro 19cm Castanha,Kasa,1 un,"€16,00/un","€16,00/un"
Planta Artificial Folha Grande com Vaso Seagrass,Kasa,1 un,"€12,00/un","€12,00/un"
Planta Artificial Suculenta com Vaso Cerâmica Cru e Bege,Kasa,1 un,"€6,00/un","€6,00/un"
Candeeiro de Teto LED GU10 Buzz,Eglo,emb. 1 un,"€17,99/un","€17,99/un"
Cesto 21x15x10cm Branco Génova,Kasa,1 un,"€3,00/un","€3,00/un"
Jarra Vidro 20cm Castanha,Kasa,1 un,"€14,00/un","€14,00/un"
Lanterna Decorativa a Pilhas,Bazarão,emb. 1 un,"€7,99/un","€7,99/un"
Manta Borreguito 130x160cm Quadrados Azul e Bege,Kasa,1 un,"€20,00/un","€20,00/un"
Cesto 14x19cm Natural Palermo,Kasa,1 un,"€4,00/un","€4,00/un"
Candeeiro Pilar Lanterna Verde,Eglo,emb. 1 un,"€13,49/un","€13,49/un"
Planta Artificial Jasmim Suculenta com Vaso Cimento,Kasa,1 un,"€6,00/un","€6,00/un"
Vela em Frasco Vegan 520g,Kasa,1 un,"€10,00/un","€10,00/un"
Almofada com Bordado 45x45cm Azul e Vermelho,Kasa,1 un,"€12,00/un","€12,00/un"
Planta Artificial com Vaso Preto,Kasa,1 un,"€14,00/un","€14,00/un"
Cesto 26x19x12cm Branco Génova,Kasa,1 un,"€5,00/un","€5,00/un"
Capacho 40x60cm (várias cores),,1 un,"€3,00/un","€3,00/un"
Lanterna Madeira 24cm Branca,Kasa,1 un,"€10,00/un","€10,00/un"
Moldura Vintage 10x15cm Branca,Kasa,1 un,"€6,00/un","€6,00/un"
Difusor Pauzinhos 100ml,Kasa,1 un,"€8,00/un","€8,00/un"
Planta Artificial Eucalipto Suculenta com Vaso Cimento,Kasa,1 un,"€6,00/un","€6,00/un"
Planta Artificial Suculenta Echeveria com Vaso,Kasa,1 un,"€2,00/un","€2,00/un"
Lanterna Rattan e Vidro 34cm,Kasa,1 un,"€16,00/un","€16,00/un"
Vela em Copo Cinza Escuro com Tampa Madeira 300g Sweet Frankincense,Kasa,1 un,"€8,00/un","€8,00/un"
Moldura 4 Fotos Branca,Kasa,1 un,"€8,00/un","€8,00/un"
Planta Artificial Monstera com Vaso Seagrass,Kasa,1 un,"€12,00/un","€12,00/un"
Candeeiro de Secretária Branco,Bright,emb. 1 un,"€6,99/un","€6,99/un"
Tapete Algodão 50x100cm Regional,,1 un,"€6,00/un","€6,00/un"
Projetor Exterior LED Branco,Ledvance,emb. 1 un,"€14,99/un","€14,99/un"
Jarra Vidro Transparente com Topo Laranja,Kasa,1 un,"€13,00/un","€13,00/un"
Cesto 15x22cm Natural Palermo,Kasa,1 un,"€5,00/un","€5,00/un"
Candeeiro de Mesa Metal Branco,Kasa,1 un,"€20,00/un","€20,00/un"
Planta Artificial Suculenta com Vaso,Kasa,1 un,"€2,00/un","€2,00/un"
Tapete Franjas Algodão 60x90cm Riscas Coloridas (várias cores),Kasa,1 un,"€8,00/un","€8,00/un"
Tapete Algodão 60x90cm Cancun (várias cores),,1 un,"€6,00/un","€6,00/un"
Bola Flutuante 17cm,New Garden,emb. 1 un,"€22,91/un","€22,91/un"
Mini-móvel Quadrado com 3 Gavetas Madeira,Kasa,1 un,"€16,00/un","€16,00/un"
Candeeiro de Teto Mate,Kasa,1 un,"€20,00/un","€20,00/un"
Coxim Espreguiçadeira 55x180cm Verde Malibu,Kasa,1 un,"€20,00/un","€20,00/un"
Manta Polar 125x150cm Espiga Cinza,Kasa,1 un,"€3,00/un","€3,00/un"
Conjunto Velas,Kasa,1 un,"€6,50/un","€6,50/un"
Candeeiro Exterior com Comando Cherry,New Garden,emb. 1 un,"€29,99/un","€29,99/un"
Planta Artificial Suculenta Rosa com Vaso Pedra,Kasa,1 un,"€2,00/un","€2,00/un"
Mini-móvel Quadrado com 3 Gavetas Madeira,Kasa,1 un,"€15,00/un","€15,00/un"
Capacho Fibra de Coco 40x60cm Natural Mi Tribu,Kasa,1 un,"€5,00/un","€5,00/un"
Candeeiro de Mesa Metal Preto,Kasa,1 un,"€20,00/un","€20,00/un"
Tapete Pele Azul e Preto,Kasa,1 un,"€12,00/un","€12,00/un"
Jarra Redonda Vidro Amarela,Kasa,1 un,"€10,00/un","€10,00/un"
Moldura com Rebordo Linho 13x18cm Dourada,Kasa,1 un,"€8,00/un","€8,00/un"
Planta Artificial Hera Comprida com Vaso Preto,Kasa,1 un,"€3,60/un","€3,60/un"
Candeeiro LED de Secretária Branco,Egolight,emb. 1 un,"€3,99/un","€3,99/un"
Cesto 23x17x11cm Natural Génova,Kasa,1 un,"€4,00/un","€4,00/un"
Jarra Redonda Vidro 25cm Verde,Kasa,1 un,"€12,00/un","€12,00/un"
Planta Artificial Monstera com Vaso Preto,Kasa,1 un,"€16,00/un","€16,00/un"
Candeeiro de Secretária (várias cores),Pincello,emb. 1 un,"€4,89/un","€4,89/un"
Placa Decorativa Our Home Madeira 18x18cm,Kasa,1 un,"€1,75/un","€1,75/un"
Cesto 26x19x12cm Natural Génova,Kasa,1 un,"€5,00/un","€5,00/un"
Vela em Copo Vegan com Tampa Cortiça 200g,Kasa,1 un,"€6,00/un","€6,00/un"
Difusor Pauzinhos 50ml,Kasa,1 un,"€6,00/un","€6,00/un"
Candeeiro de Teto Tarbes Preto,Eglo,emb. 1 un,"€17,99/un","€17,99/un"
Moldura com Rebordo Bolas 10x15cm Branca,Kasa,1 un,"€5,00/un","€5,00/un"
Vela Ecológica em Copo com Tampa Cortiça 160g,Kasa,1 un,"€6,00/un","€6,00/un"
Candeeiro de Secretária Metal Loop,KASA,1 un,"€17,00/un","€17,00/un"
Candeeiro de Teto Yorth Vintage Dourado,Eglo,emb. 1 un,"€12,99/un","€12,99/un"
Saco Água Quente com Pelo 2L Rosa Unicórnio,Kasa,1 un,"€8,00/un","€8,00/un"
Projetor Exterior LED Cinza,Ledvance,emb. 1 un,"€14,99/un","€14,99/un"
Cesto 21x15x10cm Natural Génova,Kasa,1 un,"€3,00/un","€3,00/un"
Candeeiro Exterior de Mesa 19cm Rocket,New Garden,emb. 1 un,"€24,99/un","€24,99/un"
Manta Coral 130x160cm Cinza,Kasa,1 un,"€12,00/un","€12,00/un"
Vela em Copo 165g,Kasa,1 un,"€4,00/un","€4,00/un"
Planta Artificial Hera com Vaso Preto Alto,Kasa,1 un,"€7,20/un","€7,20/un"
Candeeiro de Mesa Trondio Branco,Eglo,emb. 1 un,"€10,99/un","€10,99/un"
Mini-móvel Alto com 2 Gavetas de Palhinha,Kasa,1 un,"€14,00/un","€14,00/un"
Candeeiro de Pé Up 2 Branco,Eglo,emb. 1 un,"€29,99/un","€29,99/un"
Almofada Redonda Algodão 45cm Branca com Flores,Kasa,1 un,"€8,00/un","€8,00/un"
Lanterna Trançada,Kasa,1 un,"€18,00/un","€18,00/un"
Saco Água Quente com Pelo 2L Bege e Branco Unicórnio,Kasa,1 un,"€8,00/un","€8,00/un"
Quadro Decorativo Semi-Círculos 30x40cm Preto e Branco,Kasa,1 un,"€7,00/un","€7,00/un"
Manta Poliéster Borreguito 130x160 Azul Escuro com Estrelas,Kasa,1 un,"€20,00/un","€20,00/un"
Tapete Algodão Riscas Vermelho,Kasa,1 un,"€12,00/un","€12,00/un"
Aplique de Parede Townshend Preto,Eglo,emb. 1 un,"€24,99/un","€24,99/un"
Capa Almofada Franjas Algodão 30x50cm Cru com Riscas,Kasa,1 un,"€6,00/un","€6,00/un"
Caixa Porta-Jóias Vidro 10x10x6cm Dourada,Kasa,1 un,"€8,00/un","€8,00/un"
Jarra Cerâmica 29cm Verde e Terracota,Kasa,1 un,"€16,00/un","€16,00/un"
Manta Polar 130x160cm Folhas Rosa,Kasa,1 un,"€8,00/un","€8,00/un"
Candeeiro Pedra Solar LED,Eglo,emb. 1 un,"€3,99/un","€3,99/un"
Planta Artificial com Vaso Preto,Kasa,1 un,"€18,00/un","€18,00/un"
Cesto com Asas Corda e Palha 26x25cm Riscas Castanhas,Kasa,1 un,"€11,00/un","€11,00/un"
Cesto com Tampa Coração Aguapé 29x15cm,Kasa,1 un,"€10,00/un","€10,00/un"
Espelho Redondo Metal com Suporte 23x30cm,Kasa,1 un,"€10,00/un","€10,00/un"
Planta Artificial Lavanda com Vaso Palha,Kasa,1 un,"€5,00/un","€5,00/un"
Vela 4 Pavios 350g,Kasa,1 un,"€7,00/un","€7,00/un"
Cesto 13x16cm Natural Palermo,Kasa,1 un,"€3,00/un","€3,00/un"
Jarra Nó Cerâmica Branca,Kasa,1 un,"€5,00/un","€5,00/un"
Velas 13cm,Kasa,4 un,"€2,50/un","€0,63/un"
Candeeiro Pilar Solar,Egolight,emb. 1 un,"€1,59/un","€1,59/un"
Candeeiro de Mesa Metal,Kasa,1 un,"€20,00/un","€20,00/un"
Manta Coral 130x160cm Bordeaux,Kasa,1 un,"€10,00/un","€10,00/un"
Manta Borreguito 200x220cm Bege,Kasa,1 un,"€29,00/un","€29,00/un"
Manta Coral 130x160cm Bege,Kasa,1 un,"€12,00/un","€12,00/un"
Manta Coral 130x160cm Amarela,Kasa,1 un,"€12,00/un","€12,00/un"
"Placa Decorativa ""Family"" Madeira 30x40cm",Kasa,1 un,"€10,00/un","€10,00/un"
Mini-móvel Retangular com 4 Gavetas Madeira,Kasa,1 un,"€13,00/un","€13,00/un"
"Candeeiro Mesa 22,5cm Branco",Grundig,emb. 1 un,"€6,91/un","€6,91/un"
Vela Candelabro 19cm,Kasa,1 un,"€0,60/un","€0,60/un"
Almofada com Pompons Cru,Kasa,1 un,"€9,00/un","€9,00/un"
Cesto com Asas Aguapé 38x30x27cm,Kasa,1 un,"€12,00/un","€12,00/un"
Capa Almofada Franjas Algodão 45x45cm Cru com Riscas,Kasa,1 un,"€6,00/un","€6,00/un"
Capa Almofada Franjas Algodão 30x50cm Cru com Rebordo,Kasa,1 un,"€6,00/un","€6,00/un"
Tapete Matizado 60x100cm,,1 un,"€10,00/un","€10,00/un"
Mini Móvel 3 Gavetas Madeira e Bambu Verde Poetry,Kasa,1 un,"€6,75/un","€6,75/un"
Manta Coral 130x160cm Rosa,Kasa,1 un,"€12,00/un","€12,00/un"
Cesto Oval com Asas Aguapé,Kasa,1 un,"€5,00/un","€5,00/un"
Quadro Decorativo Jarra 25x25cm Castanho e Preto,Kasa,1 un,"€6,00/un","€6,00/un"
Capacho Entrançado Fibra de Coco 40x60cm,Kasa,1 un,"€10,00/un","€10,00/un"
Espelho Decorativo Redondo Madeira 45cm,Kasa,1 un,"€17,00/un","€17,00/un"
Rolo Tapa Frinchas (várias cores),Kasa,1 un,"€1,50/un","€1,50/un"
Espelho Redondo Rattan 40cm,Kasa,1 un,"€18,00/un","€18,00/un"
Manta Coral 125x150cm Laranja,Kasa,1 un,"€9,00/un","€9,00/un"
Manta Polar 130x160cm Bege,Kasa,1 un,"€8,00/un","€8,00/un"
Almofada Algodão 45x45cm,Kasa,1 un,"€10,00/un","€10,00/un"
Moldura 5 Fotos Branca,Kasa,1 un,"€10,00/un","€10,00/un"
Velas em Copo 25g,Kasa,6 un,"€3,50/un","€0,58/un"
Quadro Decorativo Redondo Flores e Folhas Bordadas 19cm Branco e Castanha,Kasa,1 un,"€5,00/un","€5,00/un"
Cesto Oval Aguapé,Kasa,1 un,"€5,00/un","€5,00/un"
Roda Decorativa Bambu 42cm,Kasa,1 un,"€8,00/un","€8,00/un"
Tapete Algodão All Over Flores Rosa,Kasa,1 un,"€20,00/un","€20,00/un"
Tapete Algodão 120x180cm Urmi,Kasa,1 un,"€46,90/un","€46,90/un"
Cesto com Asas Veludo Bege,Kasa,1 un,"€8,00/un","€8,00/un"
Tapete Pele Castanho Losangos,Kasa,1 un,"€12,00/un","€12,00/un"
Difusor Pauzinhos 50ml,Kasa,1 un,"€2,50/un","€2,50/un"
Planta Artificial com Vaso Preto,Kasa,1 un,"€7,20/un","€7,20/un"
Cesto Aguapé,Kasa,1 un,"€5,00/un","€5,00/un"
Manta Polar 130x160cm Laranja,Kasa,1 un,"€8,00/un","€8,00/un"
Candeeiro de Mesa Articulado Branco,Bright,emb. 1 un,"€11,99/un","€11,99/un"
Tapete Algodão Flores,Kasa,1 un,"€12,00/un","€12,00/un"
Tapete Multiusos Fino 140x210cm (vários modelos),,1 un,"€22,00/un","€22,00/un"
Manta Polar 130x160cm Cinza,Kasa,1 un,"€8,00/un","€8,00/un"
Passadeira 60x200cm Tradicional (várias cores),,1 un,"€14,00/un","€14,00/un"
Cesto Aguapé,Kasa,1 un,"€3,00/un","€3,00/un"
Manta Coral 130x160cm Cinza com Gatos,Kasa,1 un,"€12,00/un","€12,00/un"
Tapete Juta Redondo 120cm Natural e Branco,Kasa,1 un,"€30,00/un","€30,00/un"
Manta Coral 130x160cm Verde,Kasa,1 un,"€12,00/un","€12,00/un"
Velas em Copo 165g,Kasa,3 un,"€5,00/un","€1,67/un"
Cesto Alto com Asas em Couro 27x26cm,Kasa,1 un,"€12,00/un","€12,00/un"
Manta Poliéster,Kasa,1 un,"€20,00/un","€20,00/un"
Almofada Estampada com Franjas 30x50cm Branca e Vermelha,Kasa,1 un,"€10,00/un","€10,00/un"
Passadeira Algodão 60x200cm (várias cores),Kasa,1 un,"€4,50/un","€4,50/un"
Tapete Algodão 60x90cm (várias cores),,1 un,"€1,50/un","€1,50/un"
Planta Artificial com Vaso Preto Alto,Kasa,1 un,"€6,00/un","€6,00/un"
Tapete Algodão 120x180cm (várias cores),Kasa,1 un,"€7,50/un","€7,50/un"
Tapete Juta 60x90cm Riscas Brancas,Kasa,1 un,"€15,00/un","€15,00/un"
Tapete Juta Redondo 90cm Franjas,Kasa,1 un,"€20,00/un","€20,00/un"
Almofada Franjas 45x45cm,Kasa,1 un,"€10,00/un","€10,00/un"
Candeeiro de Mesa Bellariva Creme e Branco,Eglo,emb. 1 un,"€12,99/un","€12,99/un"
Cesto com Asas Junco e Corda Fundo Branco,Kasa,1 un,"€8,00/un","€8,00/un"
Tapete 60x90cm Chindi Losangos Coloridos,Kasa,1 un,"€15,00/un","€15,00/un"
Conjunto 4 Cestos Vigo,Kasa,1 un,"€2,00/un","€2,00/un"
"Velas Pequenas 3,2cm Brancas",Kasa,Várias quantidades,"€2,00/un","€0,08/un"
Tapete Bordado Juta Redondo Bege,Kasa,1 un,"€20,00/un","€20,00/un"
Cesto com Asas Aguapé,Kasa,1 un,"€6,00/un","€6,00/un"
Prato Decorativo,Kasa,1 un,"€5,00/un","€5,00/un"
Tapete Algodão Motivos Azul Alentejo,Kasa,1 un,"€12,00/un","€12,00/un"
Candeeiro de Secretária Touch Branco,,emb. 1 un,"€3,99/un","€3,99/un"
Vela em Copo,Kasa,1 un,"€0,95/un","€0,95/un"
Tapete Juta 60x90cm Mescla Branco,Kasa,1 un,"€15,00/un","€15,00/un"
Tapete Juta Redondo,Kasa,1 un,"€20,00/un","€20,00/un"
Moldura Madeira Básica,Kasa,1 un,"€1,50/un","€1,50/un"
Cadeira Echair de Pernas com Tirantes,Kasa,1 un,"€30,00/un","€30,00/un"
Sofá Cama Bege Click Clack,Kasa,1 un,"€169,00/un","€169,00/un"
Poltrona Úrsula,Kasa,1 un,"€164,25/un","€164,25/un"
Secretária com Gaveta 100x50cm Preta,Kasa,1 un,"€50,00/un","€50,00/un"
Cadeira de Escritório Estofada Cinza,Kasa,1 un,"€90,00/un","€90,00/un"
Sofá Cama com Colchão Duplo Bege Uno,Kasa,1 un,"€1,299,00/un","€1,299,00/un"
Sofá 3 Lugares Haia,Kasa,1 un,"€261,75/un","€261,75/un"
Aparador com Portas e Gavetas 150x40x85cm Nordic,Kasa,1 un,"€279,00/un","€279,00/un"
Poltrona Azul Petróleo Úrsula,Kasa,1 un,"€164,25/un","€164,25/un"
Cadeira Estofada Cinza Milan,Kasa,1 un,"€55,00/un","€55,00/un"
Sofá 2 Lugares Haia,Kasa,1 un,"€299,00/un","€299,00/un"
Cadeira Estofada com Braços Rosa Torino,Kasa,1 un,"€80,00/un","€80,00/un"
Secretária com Gaveta 100x50cm Preta,Kasa,1 un,"€50,00/un","€50,00/un"
Sofá 2 Lugares Talim,Kasa,1 un,"€149,25/un","€149,25/un"
Cadeira de Escritório Cinza Escuro,Kasa,1 un,"€85,00/un","€85,00/un"
Estante 3x3 Cubos 111x39x111cm Preta,Kasa,1 un,"€75,00/un","€75,00/un"
Poltrona Amarela Úrsula,Kasa,1 un,"€164,25/un","€164,25/un"
Sofá Cama Bege Click Clack,Kasa,1 un,"€169,00/un","€169,00/un"
Sofá 3 Lugares Bege Haia,Kasa,1 un,"€349,00/un","€349,00/un"
Sofá 2 Lugares Castanho Haia,Kasa,1 un,"€299,00/un","€299,00/un"
Sofá 2 Lugares Cinza Hamburgo,Kasa,1 un,"€169,00/un","€169,00/un"
Estante 1x2 Cubos 41x39x76cm Preta,Kasa,1 un,"€27,00/un","€27,00/un"
Móvel de TV 160x45x50cm Nordic,Kasa,1 un,"€199,00/un","€199,00/un"
Cadeira Echair,Kasa,1 un,"€39,00/un","€39,00/un"
Enterra Guarda-sóis Verde,Kasa,1 un,"€1,90/un","€1,90/un"
Conjunto Cama Evolutiva com Colchão de Molas 62x110cm Branca,Lorelli,1 un,"€549,00/un","€549,00/un"
Banco Dobrável,Kasa,1 un,"€7,50/un","€7,50/un"
Sofá 3 Lugares Cinza Essen,Kasa,1 un,"€349,00/un","€349,00/un"
Cadeira Estofada Castanha Echair Lecce,Kasa,1 un,"€45,00/un","€45,00/un"
Móvel Cabine 80x40x105cm Nordic,Kasa,1 un,"€229,00/un","€229,00/un"
Cadeira Dobrável Almofadada Branca,Kasa,1 un,"€18,00/un","€18,00/un"
Candeeiro de Secretária Touch Branco,,emb. 1 un,"€3,99/un","€3,99/un"
Estante 1x1 Cubos 41x39x41cm Branca,Kasa,1 un,"€20,00/un","€20,00/un"
Sofá 2 Lugares Cinza Escuro Talim,Kasa,1 un,"€199,00/un","€199,00/un"
Sofá 3 Lugares Castanho Ascot,Kasa,1 un,"€499,00/un","€499,00/un"
Banheira Muda Fraldas Happy,Happy Bear,1 un,"€99,99/un","€99,99/un"
Banco Dobrável Cinza,Kasa,1 un,"€7,50/un","€7,50/un"
Sofá 2 Lugares Bege Natura,Kasa,1 un,"€149,00/un","€149,00/un"
Estante 5 Prateleiras,,emb. 1 un,"€19,99/un","€19,99/un"
Banco Dobrável Preto,Kasa,1 un,"€7,50/un","€7,50/un"
Conjunto de Refeição Mesa e 4 Cadeiras Madeira Acácia,Kasa,1 un,"€185,00/un","€185,00/un"
Repousa Pés Rosa Estocolmo,Kasa,1 un,"€25,00/un","€25,00/un"
Cadeira de Escritório Estofada Bege,Kasa,1 un,"€75,00/un","€75,00/un"
Base Redonda para Guarda-sol 13L,,1 un,"€7,50/un","€7,50/un"
Sofá Cama com Chaise Long Castanho George,Kasa,1 un,"€1,199,00/un","€1,199,00/un"
Aparador Alto com Gavetas 160x40x105cm Nordic,Kasa,1 un,"€246,75/un","€246,75/un"
Candeeiro de Mesa Articulado Branco,Bright,emb. 1 un,"€11,99/un","€11,99/un"
Conjunto Cama Evolutiva com Colchão de Molas 62x110cm Coffee,Lorelli,1 un,"€549,00/un","€549,00/un"
Mesa 115x75cm Seattle,Kasa,1 un,"€99,00/un","€99,00/un"
Estante 3x3 Cubos 111x39x111cm Preta,Kasa,1 un,"€75,00/un","€75,00/un"
Cadeira Estofada Cinza Milan,Kasa,1 un,"€55,00/un","€55,00/un"
Estante 60x27x70cm Style,Kasa,1 un,"€25,00/un","€25,00/un"
Conjunto de Refeição Mesa e 6 Cadeiras Metal Cinza Texas,Kasa,1 un,"€249,00/un","€249,00/un"
Sofá 3 Lugares Bege Zurik,Kasa,1 un,"€349,00/un","€349,00/un"
Cadeira Gaming Preta Racing,Kasa,1 un,"€175,00/un","€175,00/un"
Cadeira Estofada Cinza Dublin,Kasa,1 un,"€45,00/un","€45,00/un"
Mesa de Refeição 115x74cm Branca Echair,Kasa,1 un,"€99,00/un","€99,00/un"
Sofá 2 Lugares Castanho Talim,Kasa,1 un,"€149,25/un","€149,25/un"
Consola 110x35x80cm Nordic,Kasa,1 un,"€179,00/un","€179,00/un"
Poltrona Amarela Cerejeira Dover,Kasa,1 un,"€249,00/un","€249,00/un"
Conjunto de Refeição Mesa e 2 Cadeiras Madeira Acácia,Kasa,1 un,"€89,00/un","€89,00/un"
Estante 1x2 Cubos 41x39x76cm Preta,Kasa,1 un,"€27,00/un","€27,00/un"
Cama Tenda Madeira Montessori,Happy Bear,1 un,"€207,20/un","€207,20/un"
Sofá 3 Lugares Cinza Tokyo,Kasa,1 un,"€499,00/un","€499,00/un"
Repousa Pés com Arrumação Bege,Kasa,1 un,"€35,00/un","€35,00/un"
Sofá 3 Lugares Cinza Escuro Haia,Kasa,1 un,"€261,75/un","€261,75/un"
Cadeira de Praia Pernas Baixas Multiposições Azul e Branca,Kasa,1 un,"€35,00/un","€35,00/un"
Aparador 150x40x80cm Berna,Kasa,1 un,"€199,00/un","€199,00/un"
Cadeira Dobrável Almofadada Branca,Kasa,1 un,"€18,00/un","€18,00/un"
Conjunto 2 Mesas Apoio Brancas Droplet,Kasa,1 un,"€30,00/un","€30,00/un"
Candeeiro de Mesa Metal,Kasa,1 un,"€20,00/un","€20,00/un"
Repousa Pés Bege Macramé,Kasa,1 un,"€35,00/un","€35,00/un"
Banco de Madeira Acácia,Kasa,1 un,"€75,00/un","€75,00/un"
Cama Evolutiva Branca,Lorelli,1 un,"€489,00/un","€489,00/un"
Estante 1x1 Cubo 41x39x41cm,Kasa,1 un,"€20,00/un","€20,00/un"
Sofá 3 Lugares Cinza Aveiro,Kasa,1 un,"€499,00/un","€499,00/un"
Repousa Pés Mesh,Kasa,1 un,"€30,00/un","€30,00/un"
Consola 100x40x80cm Berna,Kasa,1 un,"€149,00/un","€149,00/un"
Móvel 80x40x105cm Nordic,Kasa,1 un,"€149,00/un","€149,00/un"
Poltrona Verde Úrsula,Kasa,1 un,"€219,00/un","€219,00/un"
Candeeiro de Mesa Articulado (várias cores),Pincello,emb. 1 un,"€15,55/un","€15,55/un"
Mesa de Centro 110x60cm com Tampo em Vidro,Kasa,1 un,"€50,00/un","€50,00/un"
Candeeiro de Mesa Metal Preto,Kasa,1 un,"€20,00/un","€20,00/un"
Berço 2-em-1 Calidoo Sleepy Bear,Bebe Confort,1 un,"€139,00/un","€139,00/un"
Secretária com Gavetas 100x50cm Concept,Kasa,1 un,"€120,00/un","€120,00/un"
Conjunto de Refeição Mesa e 6 Cadeiras Madeira Acácia Porto,Kasa,1 un,"€450,00/un","€450,00/un"
Toalheiro em Escada 60x11x176cm Marbella,Kasa,1 un,"€25,00/un","€25,00/un"
Sofá 3 Lugares Preto Chesterfield,Kasa,1 un,"€650,00/un","€650,00/un"
Cama de Viagem Cinza Happy,Happy Bear,1 un,"€49,99/un","€49,99/un"
Repousa Pés Bege Mesh,Kasa,1 un,"€30,00/un","€30,00/un"
Tabuleiro de Apoio Madeira Acácia,Kasa,1 un,"€35,00/un","€35,00/un"
Candeeiro de Mesa Metal Branco,Kasa,1 un,"€20,00/un","€20,00/un"
Candeeiro LED de Secretária Branco,Egolight,emb. 1 un,"€3,99/un","€3,99/un"
Candeeiro de Secretária (várias cores),Pincello,emb. 1 un,"€4,89/un","€4,89/un"
Secretária com Gavetas 120x60cm Sonoma,Kasa,1 un,"€99,00/un","€99,00/un"
Sofá 2 Lugares Cinza Mistik,Kasa,1 un,"€399,00/un","€399,00/un"
Estante em Escada 52x35x150cm Preta Mérida,Kasa,1 un,"€35,00/un","€35,00/un"
Cama Dupla com Estrados 80x195cm Branca e Rosa Play,Kasa,1 un,"€399,00/un","€399,00/un"
Cadeira de Madeira Acácia,Kasa,1 un,"€35,00/un","€35,00/un"
Cadeira de Escritório Estofada Cinza Escuro Dublin,Kasa,1 un,"€85,00/un","€85,00/un"
Sofá 2 Lugares Preto Haia,Kasa,1 un,"€299,00/un","€299,00/un"
Secretária 120x50cm Modular,Kasa,1 un,"€90,00/un","€90,00/un"
Cadeira de Resina Branca Montana Squares,Kasa,1 un,"€30,00/un","€30,00/un"
Estante em Escada 55x35x180cm Preto Modern,Kasa,1 un,"€30,00/un","€30,00/un"
Mesa de Apoio 40cm Droplet,Kasa,1 un,"€15,00/un","€15,00/un"
Sofá 2 Lugares Bege Chesterfield,Kasa,1 un,"€599,00/un","€599,00/un"
Poltrona Cinza Copenhaga,Kasa,1 un,"€199,00/un","€199,00/un"
Repousa Pés Azul Mesh,Kasa,1 un,"€30,00/un","€30,00/un"
Sapateira 2 Prateleiras 60x27x70cm Madeira,Artemis,emb. 1 un,"€14,99/un","€14,99/un"
Sofá Cama com Colchão Solteiro Bege Uno,Kasa,1 un,"€699,00/un","€699,00/un"
Mesa de Apoio 40cm Castanha Droplet,Kasa,1 un,"€15,00/un","€15,00/un"
Candeeiro de Secretária Metal Preto Loop,Kasa,1 un,"€17,00/un","€17,00/un"
Poltrona Azul Petróleo Wengue Kent,Kasa,1 un,"€229,00/un","€229,00/un"
Conjunto Colchão Molas Bonel Zurique e Sommier Branco Solteiro 90x190cm Classic,Lusocolchão,1 un,"€529,60/un","€529,60/un"
Toalheiro em Escada com 4 Varões 52x35x150cm Málaga,Kasa,1 un,"€25,00/un","€25,00/un"
Banco Degrau Branco,Kasa,1 un,"€3,50/un","€3,50/un"
Sofá 3 Lugares com Repousa Pés Preto Cerejeira Flash,Kasa,1 un,"€499,00/un","€499,00/un"
Cama Estofada 140x190 Branca Luxe,Kasa,1 un,"€499,00/un","€499,00/un"
Cadeira de Madeira Acácia Premium,Kasa,1 un,"€45,00/un","€45,00/un"
Mesa de Apoio Dobrável Madeira Acácia,Kasa,1 un,"€30,00/un","€30,00/un"
Candeeiro de Secretária Metal Loop,KASA,1 un,"€17,00/un","€17,00/un"
Sofá 2 Lugares Cinza Vidal,Kasa,1 un,"€399,00/un","€399,00/un"
Estante 1x1 Cubos 41x39x41cm Preta,Kasa,1 un,"€20,00/un","€20,00/un"
Repousa Pés Cinza Classic,Kasa,1 un,"€35,00/un","€35,00/un"
Cadeira Echair Confort,Kasa,1 un,"€45,00/un","€45,00/un"
Sofá 2 Lugares Preto Cerejeira Flash,Kasa,1 un,"€349,00/un","€349,00/un"
Candeiro de Secretária Fox Branco,Eglo,emb. 1 un,"€23,99/un","€23,99/un"
Cadeira Echair Weave,Kasa,1 un,"€55,00/un","€55,00/un"
Candeeiro de Secretária Branco,Bright,emb. 1 un,"€6,99/un","€6,99/un"
Cadeira Preta Echair Confort,Kasa,1 un,"€45,00/un","€45,00/un"
Cadeira Preta Echair Weave,Kasa,1 un,"€55,00/un","€55,00/un"
Móvel de TV 150x40x50cm Berna,Kasa,1 un,"€179,00/un","€179,00/un"
Cama de Viagem Azul,Happy Bear,1 un,"€59,99/un","€59,99/un"
Espreguiçadeira de Madeira Acácia,Kasa,1 un,"€129,00/un","€129,00/un"
Conjunto de Refeição Mesa e 4 Cadeiras e Guarda-sol Metal Albufeira,Kasa,1 un,"€199,00/un","€199,00/un"
Cama de Viagem Cinza Plus Dente de Leão,Asalvo,1 un,"€99,99/un","€99,99/un"
Móvel de Apoio 120x60x38cm Nordic,Kasa,1 un,"€179,00/un","€179,00/un"
Aparador com Gavetas 175x45x79cm Nordic,Kasa,1 un,"€209,25/un","€209,25/un"
Conjunto de Refeição Mesa e 2 Cadeiras Vidro Sagres,Kasa,1 un,"€80,00/un","€80,00/un"
Parque Molinillo Asalvo,Asalvo,1 un,"€89,99/un","€89,99/un"
Cama Estofada 90x190 Branca Luxe,Kasa,1 un,"€399,00/un","€399,00/un"
Camiseiro com 4 Gavetas 50x40x95cm Branca Play,Kasa,1 un,"€149,00/un","€149,00/un"
Secretária 100x50cm Designer,Kasa,1 un,"€85,00/un","€85,00/un"
Colchão de Bebé 60x120cm Baby Safe,Happy Bear,1 un,"€89,99/un","€89,99/un"
Cama de Grades Madeira Branca Estrela,Happy Bear,1 un,"€179,00/un","€179,00/un"
Mesa de Cabeceira com 2 Gavetas 50x40x41 Branca Play,Kasa,1 un,"€89,00/un","€89,00/un"
Cadeirão Preto Echair Weave,Kasa,1 un,"€75,00/un","€75,00/un"
Cadeirão Echair Weave,Kasa,1 un,"€75,00/un","€75,00/un"
Candeeiro de Secretária Metal Branco Loop,Kasa,1 un,"€17,00/un","€17,00/un"
Cadeira de Escritório Preta Echair,Kasa,1 un,"€50,00/un","€50,00/un"
Cadeira de Escritório Preta Echair,Kasa,1 un,"€50,00/un","€50,00/un"
Candeeiro Madeira Branco,Bazarão,emb. 1 un,"€9,99/un","€9,99/un"
Sofá Cama Bege Lorde,Kasa,1 un,"€899,00/un","€899,00/un"
Conjunto de Estar Mesa e 3 Sofás Tropea,,1 un,"€399,00/un","€399,00/un"
Mesa de Rattan Redonda Caribe,,1 un,"€60,00/un","€60,00/un"
Cadeira de Praia para Bebé Farmer (várias cores),,1 un,"€9,00/un","€9,00/un"
Poltrona Amarela Wengue Lion,Kasa,1 un,"€299,00/un","€299,00/un"
Beliche com Estrados 80x195cm Branco Play,Kasa,1 un,"€499,00/un","€499,00/un"
Móvel de TV 90x35x47cm Natural Play,Kasa,1 un,"€99,00/un","€99,00/un"
Conjunto de Estar de Canto Madeira Acácia Porto,Kasa,1 un,"€450,00/un","€450,00/un"
Sofá 3 Lugares com Chaise Long Cinza Mistik,Kasa,1 un,"€899,00/un","€899,00/un"
Conjunto de Estar Mesa e 3 Sofás Wicker São Francisco,Kasa,1 un,"€136,95/un","€136,95/un"
Cama Dupla com Estrados 80x195cm Branca Play,Kasa,1 un,"€399,00/un","€399,00/un"
Sofá 3 Lugares com Repousa Pés Cinza Vidal,Kasa,1 un,"€629,00/un","€629,00/un"
Cama Evolutiva Coffee,Lorelli,1 un,"€489,00/un","€489,00/un"
Estante Dobrável Castanha Escura,Kasa,1 un,"€75,00/un","€75,00/un"
Cama de Grades Madeira Branca,Happy Bear,1 un,"€159,00/un","€159,00/un"
Poltrona Cinza Cerejeira Olaf,Kasa,1 un,"€279,00/un","€279,00/un"
Sofá 3 Lugares Cinza Mistik,Kasa,1 un,"€549,00/un","€549,00/un"
Cama de Viagem Rosa,Happy Bear,1 un,"€59,99/un","€59,99/un"
Cadeira de Escritório Preta Chicago,,1 un,"€70,00/un","€70,00/un"
Roupeiro com 2 Portas e 2 Gavetas 100x55x180cm Branco e Azul Play,Kasa,1 un,"€399,00/un","€399,00/un"
Móvel de Apoio 120x60x40cm Berna,Kasa,1 un,"€149,00/un","€149,00/un"
Banqueta 140cm Creme Nogueira Glam,Kasa,1 un,"€349,00/un","€349,00/un"
Berço com Rede Mosquiteira Regulável,Kikka Boo,1 un,"€259,00/un","€259,00/un"
Beliche com Estrados 80x195cm Branco e Azul Play,Kasa,1 un,"€499,00/un","€499,00/un"
Sofá Cama com Colchão Casal Bege Uno,Kasa,1 un,"€999,00/un","€999,00/un"
Carrinho de Apoio Madeira Acácia,Kasa,1 un,"€60,00/un","€60,00/un"
Sofá 1 Lugar Cinza Mistik,Kasa,1 un,"€299,00/un","€299,00/un"
Sofá 2 Lugares Castanho George,Kasa,1 un,"€599,00/un","€599,00/un"
Mesa Extensível 150-200cm Madeira Acácia,Kasa,1 un,"€199,00/un","€199,00/un"
Cama Dupla com Estrados 80x195cm Natural Play,Kasa,1 un,"€399,00/un","€399,00/un"
Sofá 3 Lugares Cinza Vidal,Kasa,1 un,"€599,00/un","€599,00/un"
Cadeira de Resina Verde Montana Squares,Kasa,1 un,"€30,00/un","€30,00/un"
Conjunto de Estar de Canto Dallas,Kasa,1 un,"€699,00/un","€699,00/un"
Estante 90x35x180 Natural Play,Kasa,1 un,"€229,00/un","€229,00/un"
Mesa de Cabeceira com 2 Gavetas 50x40x41 Natural Play,Kasa,1 un,"€89,00/un","€89,00/un"
Sofá 3 Lugares Preto Cerejeira Flash,Kasa,1 un,"€449,00/un","€449,00/un"
Conjunto de Estar Mesa e 2 Cadeiras Wicker Vidago,Kasa,1 un,"€249,00/un","€249,00/un"
Conjunto de Estar Mesa e 3 Sofás Alumínio Biarritz,Kasa,1 un,"€899,00/un","€899,00/un"
Conjunto de Estar Mesa e 2 Cadeiras Wicker Orlando,Kasa,1 un,"€299,00/un","€299,00/un"
Conjunto Colchão Espuma e Cama com Arrumação Solteiro Play,Lusocolchão,1 un,"€492,46/un","€492,46/un"
Secretária 120x59cm Natural Paris,Kasa,1 un,"€129,00/un","€129,00/un"
Poltrona Castanha Amber,Kasa,1 un,"€103,95/un","€103,95/un"
Cama Estofada 90x190 Preta Elegance,Kasa,1 un,"€399,00/un","€399,00/un"
Conjunto Colchão Molas Contínuas e Sommier Cinza Solteiro 90x190cm Sleep Abertura Lateral,Molaflex,1 un,"€599,00/un","€599,00/un"
Móvel de TV 90x35x47cm Branco Play,Kasa,1 un,"€99,00/un","€99,00/un"
Roupeiro com 2 Portas e 2 Gavetas 100x55x180cm Branco Play,Kasa,1 un,"€399,00/un","€399,00/un"
Banqueta 160cm Creme Wengue Nuit,Kasa,1 un,"€449,00/un","€449,00/un"
Sofá 3 Lugares Castanho George,Kasa,1 un,"€600,00/un","€600,00/un"
Conjunto Colchão Espuma e Cama Solteiro Play,Lusocolchão,1 un,"€370,66/un","€370,66/un"
Cómoda com 3 Gavetas 100x45x77cm Branca Play,Kasa,1 un,"€249,00/un","€249,00/un"
Cómoda Cupboard 83x71x96cm Branca,Lorelli,1 un,"€299,00/un","€299,00/un"
Espreguiçadeira Cinza Future,Kasa,1 un,"€70,00/un","€70,00/un"
Cadeira Dobrável Multiposições Azul e Branco,Kasa,1 un,"€45,00/un","€45,00/un"
Estante 90x35x180 Branco Play,Kasa,1 un,"€229,00/un","€229,00/un"
Banqueta 160cm Creme Nogueira Glam,Kasa,1 un,"€379,00/un","€379,00/un"
Candeiro de Secretária La Seca Branco,Eglo,emb. 1 un,"€23,99/un","€23,99/un"
Roupeiro com 2 Portas e 2 Gavetas 100x55x180cm Natural Play,Kasa,1 un,"€399,00/un","€399,00/un"
Conjunto de Estar de Canto Madeira Viana,Kasa,1 un,"€499,00/un","€499,00/un"
Cama Estofada 160x200 Cinza Gomo,Kasa,1 un,"€549,00/un","€549,00/un"
Camiseiro com 4 Gavetas 50x40x95cm Branca e Azul Play,Kasa,1 un,"€149,00/un","€149,00/un"
Conjunto de Estar Mesa e 2 Sofás Wicker Atlanta,Kasa,1 un,"€299,00/un","€299,00/un"
Cama Estofada 160x195 Cinza Taylor,Kasa,1 un,"€599,00/un","€599,00/un"
Roupeiro com 1 Porta e 2 Gavetas 50x55x180cm Branco e Azul Play,Kasa,1 un,"€299,00/un","€299,00/un"
Roupeiro com 1 Porta e 2 Gavetas 50x55x180cm Natural Play,Kasa,1 un,"€299,00/un","€299,00/un"
Secretária com Gavetas 130x55cm Branca Play,Kasa,1 un,"€229,00/un","€229,00/un"
Camiseiro com 4 Gavetas 50x40x95cm Natural Play,Kasa,1 un,"€149,00/un","€149,00/un"
Cama Dupla com Estrados 80x195cm Branca e Azul Play,Kasa,1 un,"€399,00/un","€399,00/un"
Secretária 120x59cm Cinza Paris,Kasa,1 un,"€129,00/un","€129,00/un"
Cadeira Pads,Kasa,1 un,"€45,00/un","€45,00/un"
Cadeira Castanha Pads,Kasa,1 un,"€45,00/un","€45,00/un"
Cama Estofada 180x200 Branca Luxe,Kasa,1 un,"€599,00/un","€599,00/un"
Secretária com Gavetas 130x55cm Natural Play,Kasa,1 un,"€229,00/un","€229,00/un"
Cama Estofada 140x195 Cinza Taylor,Kasa,1 un,"€499,00/un","€499,00/un"
Roupeiro com 1 Porta e 2 Gavetas 50x55x180cm Branco Play,Kasa,1 un,"€299,00/un","€299,00/un"
Secretária com Gavetas 130x55cm Branca e Azul Play,Kasa,1 un,"€229,00/un","€229,00/un"
Móvel de TV 90x35x47cm Branco e Azul Play,Kasa,1 un,"€99,00/un","€99,00/un"
Cadeira com Braços Rattan Cinza,Kasa,1 un,"€45,00/un","€45,00/un"
Consola 110x40x77cm Malmo,Kasa,1 un,"€129,00/un","€129,00/un"
Estante 90x35x180 Branco e Azul Play,Kasa,1 un,"€229,00/un","€229,00/un"
Móvel de TV 90x35x47cm Branco e Rosa Play,Kasa,1 un,"€99,00/un","€99,00/un"
Cómoda com 3 Gavetas 100x45x77cm Natural Play,Kasa,1 un,"€249,00/un","€249,00/un"
Cama Estofada 150x195 Cinza Taylor,Kasa,1 un,"€499,00/un","€499,00/un"
Cómoda com 3 Gavetas 100x45x77cm Branca e Rosa Play,Kasa,1 un,"€249,00/un","€249,00/un"
"Guarda-sol com Iluminação LED e Manivela 2,7m Preto",Kasa,1 un,"€99,00/un","€99,00/un"
Secretária com Gavetas 130x55cm Branca e Rosa Play,Kasa,1 un,"€229,00/un","€229,00/un"
Conjunto Colchão Molas Contínuas e Sommier Branco Solteiro 90x190cm Sleep Abertura Lateral,Molaflex,1 un,"€599,00/un","€599,00/un"
Beliche com Estrados 80x195cm Natural Play,Kasa,1 un,"€499,00/un","€499,00/un"
Conjunto Colchão Espuma e Sommier Cinza com Cabeceira Casal 160x200cm Original,Emma,1 un,"€1,948,00/un","€1,948,00/un"
Cama Natural Lateral Regulável,Happy Bear,1 un,"€149,00/un","€149,00/un"
Cama Estofada 180x200 Cinza Gomo,Kasa,1 un,"€599,00/un","€599,00/un"
Cama Estofada 160x200 Branca Luxe,Kasa,1 un,"€549,00/un","€549,00/un"
Estante 90x35x180 Branco e Rosa Play,Kasa,1 un,"€229,00/un","€229,00/un"
Cómoda Cupboard 83x71x96cm Coffee,Lorelli,1 un,"€299,00/un","€299,00/un"
Conjunto Colchão Espuma e Sommier Cinza com Cabeceira Casal 180x200cm Original,Emma,1 un,"€2,148,00/un","€2,148,00/un"
Cómoda com 3 Gavetas 100x45x77cm Branca e Azul Play,Kasa,1 un,"€249,00/un","€249,00/un"
Cama Estofada 90x190 Cinza Gomo,Kasa,1 un,"€399,00/un","€399,00/un"
Mesa de Cabeceira com 2 Gavetas 50x40x41 Branca e Azul Play,Kasa,1 un,"€89,00/un","€89,00/un"
Roupeiro com 2 Portas e 2 Gavetas 100x55x180cm Branco e Rosa Play,Kasa,1 un,"€399,00/un","€399,00/un"
Cama Estofada 140x190 Cinza Gomo,Kasa,1 un,"€499,00/un","€499,00/un"
Conjunto Colchão Molas Bonel Zurique e Sommier Cerejeira Solteiro 90x190cm Classic,Lusocolchão,1 un,"€529,60/un","€529,60/un"
Camiseiro com 4 Gavetas 50x40x95cm Branca e Rosa Play,Kasa,1 un,"€149,00/un","€149,00/un"
Candeeiro de Teto Cinza Mate,Kasa,1 un,"€20,00/un","€20,00/un"
Beliche com Estrados 80x195cm Branco e Rosa Play,Kasa,1 un,"€499,00/un","€499,00/un"
Cama Estofada 150x200 Cinza Gomo,Kasa,1 un,"€549,00/un","€549,00/un"
Cama Estofada 140x190 Preta Elegance,Kasa,1 un,"€499,00/un","€499,00/un"
Cama Estofada 150x200 Branca Luxe,Kasa,1 un,"€549,00/un","€549,00/un"
Mesa de Cabeceira com 2 Gavetas 50x40x41 Branca e Rosa Play,Kasa,1 un,"€89,00/un","€89,00/un"
Conjunto de Estar de Canto Steel,Kasa,1 un,"€699,00/un","€699,00/un"
Conjunto Colchão Espuma e Sommier Cinza com Cabeceira Casal 140x190cm Original,Emma,1 un,"€1,598,00/un","€1,598,00/un"
Candeeiro de Teto Branco Mate,Kasa,1 un,"€20,00/un","€20,00/un"
Baloiço Ovo Wicker Pequim,Kasa,1 un,"€249,00/un","€249,00/un"
Cama Estofada 150x200 Preta Elegance,Kasa,1 un,"€549,00/un","€549,00/un"
Roupeiro com 1 Porta e 2 Gavetas 50x55x180cm Branco e Rosa Play,Kasa,1 un,"€299,00/un","€299,00/un"
Cama Estofada 160x200 Preta Elegance,Kasa,1 un,"€549,00/un","€549,00/un"
Cama Estofada 180x200 Preta Elegance,Kasa,1 un,"€649,00/un","€649,00/un"
Conjunto Colchão Espuma e Sommier Cinza Casal 160x200cm Original,Emma,1 un,"€1,748,00/un","€1,748,00/un"
Conjunto Colchão Espuma e Sommier Cinza Casal 140x190cm Original,Emma,1 un,"€1,398,00/un","€1,398,00/un"
Conjunto Colchão Espuma e Sommier Cinza Casal 150x200cm Original,Emma,1 un,"€1,548,00/un","€1,548,00/un"
Baloiço de Lona Cru,Kasa,1 un,"€20,00/un","€20,00/un"
Cadeira Preta Oslo,Kasa,1 un,"€20,00/un","€20,00/un"
Mesa Consola 110x35x80cm Atlântica,Kasa,1 un,"€149,00/un","€149,00/un"
"Móvel TV 160x40x47,5cm Atlântica",Kasa,1 un,"€249,00/un","€249,00/un"
Conjunto de Mesa e 2 Cadeiras de madeira Peppa Pig Rosa,Peppa Pig,,"€79,99/un","€79,99/un"
Sofá macio de toque infantil de Mickey,Mickey,,"€69,99/un","€69,99/un"
Baloiço de Lona Venezuela,Kasa,1 un,"€25,00/un","€25,00/un"
Estante 5 Prateleiras 170x70x30cm Madeira Eco,Artemis,emb. 1 un,"€24,99/un","€24,99/un"
Sofa Peppa Pig Azul e Rosa,Peppa Pig,,"€69,99/un","€69,99/un"
Conjunto Mesa e cadeiras,Fisher Price,,"€99,99/un","€99,99/un"
Cadeira Cinza Málaga,Kasa,1 un,"€35,00/un","€35,00/un"
Cama Tenda Madeira Branca Montessori,Happy Bear,1 un,"€263,20/un","€263,20/un"
Sofá macio de toque infantil de Patrulha Pata Azul,Patrulha Pata,,"€69,99/un","€69,99/un"
Móvel de TV 160x40x55cm Malmo,Kasa,1 un,"€179,00/un","€179,00/un"
Banco de brinquedo de madeira Peppa Pig Rosa,Peppa Pig,,"€74,99/un","€74,99/un"
Banco e Bau de arrumação,Fisher Price,,"€74,99/un","€74,99/un"
Banco de arrumação,Fisher Price,,"€19,99/un","€19,99/un"
Mesa de Cabeceira 50x40x55cm Golden,Kasa,,"€79,00/un","€79,00/un"
Cadeira Cinza Echair Weave,Kasa,1 un,"€55,00/un","€55,00/un"
Pérgola 3x3m Branca,Kasa,1 un,"€299,00/un","€299,00/un"
"Móvel Cabine 80x40x120,5cm Golden",Kasa,,"€199,00/un","€199,00/un"
Cadeira Cinza Pads,Kasa,1 un,"€45,00/un","€45,00/un"
Tenda Teepee Play de Patrulha Pata Azul,Patrulha Pata,,"€69,99/un","€69,99/un"
Sofa Peppa Rosa,Peppa Pig,,"€69,99/un","€69,99/un"
Banco Descanso Cinza Óbidos,Kasa,,"€209,25/un","€209,25/un"
Cadeirão Cinza Echair Weave,Kasa,1 un,"€75,00/un","€75,00/un"
Aparador 110x35x80cm Malmo,Kasa,1 un,"€149,00/un","€149,00/un"
Poltrona Castanha Viena,Kasa,1 un,"€149,00/un","€149,00/un"
Cama de Grades em Madeira Ursinho,Happy Bear,1 un,"€219,00/un","€219,00/un"
Organizador de madeira com 6 cestos de arrumação de Peppa Pig,Peppa Pig,,"€59,99/un","€59,99/un"
Cadeira de Metal Textilene Preta Boston,Kasa,1 un,"€25,00/un","€25,00/un"
Móvel de Apoio 120x60x40cm Malmo,Kasa,1 un,"€129,00/un","€129,00/un"
Móvel com 3 Gavetas 40x40x75cm Golden,Kasa,,"€99,00/un","€99,00/un"
Cadeira com Braços Madeira Acácia Premium,Kasa,1 un,"€50,00/un","€50,00/un"
Cadeira-Secretária Peppa Pig Rosa,Peppa Pig,,"€74,99/un","€74,99/un"
Cadeira Dobrável Multiposições Azul,Kasa,1 un,"€45,00/un","€45,00/un"
Cama Viagem 2 Níveis Cinza,Happy Bear,1 un,"€74,99/un","€74,99/un"
Aparador Gavetas 160x40x75 Atlântica,Kasa,1 un,"€299,00/un","€299,00/un"
Sofá de espuma com estojo removível de Mickey,Mickey,,"€69,99/un","€69,99/un"
Poltrona Castanha Odemira,Kasa,,"€85,00/un","€85,00/un"
Poltrona Branca Málaga,Kasa,1 un,"€40,00/un","€40,00/un"
Poltrona Wicker Bege Cancun,Kasa,1 un,"€199,00/un","€199,00/un"
Suporte para Cabos,Bazarão,emb. 1 un,"€2,00/un","€2,00/un"
Base de Computador com Ventoinha e Luz LED,Bazarão,emb. 1 un,"€9,99/un","€9,99/un"
Conjunto de Estar Mesa e 2 Sofás Wicker Atlanta,Kasa,1 un,"€299,00/un","€299,00/un"
Conjunto de 4 telas,Fisher Price,,"€24,99/un","€24,99/un"
Cadeira Rattan Castanha Escura Osaka II,Kasa,1 un,"€25,00/un","€25,00/un"
"Banco, Mesa e Baú Madeira - 3 em 1 Peppa Pig",Peppa Pig,,"€74,99/un","€74,99/un"
Sofá Unicórnio Rosa,Disney Baby,,"€69,99/un","€69,99/un"
Banqueta 99cm Bege Lisboa,Kasa,,"€67,50/un","€67,50/un"
Estante 100x33x180cm Preta,Kasa,,"€100,00/un","€100,00/un"
Conjunto de mesa e cadeira,Fisher Price,,"€89,99/un","€89,99/un"
Conjunto de Estar Mesa e 3 Sofás Toledo,Kasa,1 un,"€799,00/un","€799,00/un"
Móvel Apoio 120x60x38cm Atlântica,Kasa,1 un,"€199,00/un","€199,00/un"
"Cavalete de Madeira 73,5x50x77cm",Artemis,emb. 1 un,"€9,99/un","€9,99/un"
Cubo de arrumação desmontável,Fisher Price,,"€14,99/un","€14,99/un"
Móvel de Apoio 110x50x50cm Golden,Kasa,,"€149,00/un","€149,00/un"
Cadeira Branca Echair Confort,Kasa,1 un,"€45,00/un","€45,00/un"
Mesa Dobrável Madeira Acácia Butterfly,Kasa,1 un,"€119,00/un","€119,00/un"
Mesa de Apoio 40cm Branca Droplet,Kasa,1 un,"€15,00/un","€15,00/un"
Sofá macio de toque infantil de Minnie,Minnie,,"€69,99/un","€69,99/un"
Poltrona Rosa Beja,Kasa,,"€85,00/un","€85,00/un"
Tenda Teepee Play Peppa Pig Rosa,Peppa Pig,,"€69,99/un","€69,99/un"
Colchão Molas Ensacadas Hatha Sensation,Molaflex,1 un,"€549,00/un","€549,00/un"
Conjunto Colchão Molas Bonel Zurique e Sommier Classic,Lusocolchão,1 un,"€529,60/un","€529,60/un"
Lençol Avulso Ajustável Algodão,Kasa,1 un,"€10,00/un","€10,00/un"
Edredão Penas 85g/m2,Kasa,1 un,"€28,00/un","€28,00/un"
Edredão Básico 57g/m2,Kasa,1 un,"€20,00/un","€20,00/un"
Estrado Cama em Madeira e Metal Lamiflex Dormilón,Molaflex,1 un,"€67,00/un","€67,00/un"
Conjunto Cama Evolutiva com Colchão de Molas 62x110cm Branca,Lorelli,1 un,"€549,00/un","€549,00/un"
Colchão Molas Spring,Kasa,1 un,"€139,00/un","€139,00/un"
Edredão Básico 300g/m2,Kasa,1 un,"€25,00/un","€25,00/un"
Protetor Colchão Impermeável Felpo,Kasa,1 un,"€10,00/un","€10,00/un"
Colchão Espuma Casal 140x200cm Original,Emma,1 un,"€659,00/un","€659,00/un"
Edredão Coral Borreguito Cinza 200x220cm,Kasa,1 un,"€45,00/un","€45,00/un"
Almofada Viscoelástica 45x60cm,Kasa,1 un,"€19,00/un","€19,00/un"
Manta Multiusos Algodão 150x200cm Riscas,Kasa,1 un,"€12,00/un","€12,00/un"
Colchão Molas Contínuas Tao Multisense,Molaflex,1 un,"€439,00/un","€439,00/un"
Almofada Viscogel 40x60cm,Molaflex,1 un,"€27,00/un","€27,00/un"
Conjunto Colchão Molas Contínuas e Sommier Sleep Abertura,Molaflex,1 un,"€599,00/un","€599,00/un"
Colchão Espuma Casal 160x200cm Original,Emma,1 un,"€799,00/un","€799,00/un"
Fronhas Algodão 50x70cm,Kasa,2 un,"€5,50/un","€5,50/un"
Colchão Espuma Solteiro 90x190cm Original,Emma,1 un,"€499,00/un","€499,00/un"
Conjunto Cama Evolutiva com Colchão de Molas 62x110cm Coffee,Lorelli,1 un,"€549,00/un","€549,00/un"
Lençol Avulso Algodão,Kasa,1 un,"€13,00/un","€13,00/un"
Colchão Espuma Casal 140x190cm Classic Foam,Molaflex,1 un,"€444,00/un","€444,00/un"
Cama Tenda Madeira Montessori,Happy Bear,1 un,"€207,20/un","€207,20/un"
Sommier Rebatível Madeira 3D,Molaflex,1 un,"€399,00/un","€399,00/un"
Colchão Espuma Solteiro 90x200cm Original,Emma,1 un,"€499,00/un","€499,00/un"
Almofada Viscoelástica Triturada 45x60cm,Kasa,1 un,"€17,00/un","€17,00/un"
Conjunto Capa Edredão Percal Branco,Kasa,1 un,"€20,00/un","€20,00/un"
Colchão Molas Contínuas Solteiro 90x200cm Classic Spring,Molaflex,1 un,"€294,00/un","€294,00/un"
Colchão Molas Ensacadas Casal 140x195 Take & Go Pocket,Molaflex,1 un,"€672,00/un","€672,00/un"
Edredão Verão 65g/m2 Bicolor Rosa e Bege,Kasa,1 un,"€19,00/un","€19,00/un"
Protetor Colchão Impermeável Felpo,Kasa,1 un,"€10,00/un","€10,00/un"
Colchão Espuma Solteiro 90x190cm Supremo Eko Roller,Lusocolchão,1 un,"€124,14/un","€124,14/un"
Colchão Molas Contínuas Casal 140x190cm Classic Spring,Molaflex,1 un,"€444,00/un","€444,00/un"
Colchão Espuma Casal 140x190cm One,Emma,1 un,"€379,00/un","€379,00/un"
Colchão Molas Contínuas Solteiro 133x183cm Classic Spring,Molaflex,1 un,"€444,00/un","€444,00/un"
Edredão Polar Folhas Verde 240x220cm,Kasa,1 un,"€24,00/un","€24,00/un"
Cama Evolutiva Branca,Lorelli,1 un,"€489,00/un","€489,00/un"
Edredão Coral Borreguito Cinza 140x220cm,Kasa,1 un,"€35,00/un","€35,00/un"
Sobrecolchão Poliéster,Kasa,1 un,"€30,00/un","€30,00/un"
Colchão Espuma Solteiro 90x190cm Classic Foam,Molaflex,1 un,"€294,00/un","€294,00/un"
Conjunto Lençóis Branco e Bege Cornucópias,Kasa,1 un,"€24,00/un","€24,00/un"
Almofada Viscoelástica 40x70cm Medium,Pikolin,1 un,"€37,00/un","€37,00/un"
Conjunto Lençóis Térmicos 230x270cm Xadrez Bege,Kasa,1 un,"€31,00/un","€31,00/un"
Colchão de Molas para Bebé 58x118cm (várias cores),Happy Bear,1 un,"€37,99/un","€37,99/un"
Colchão Molas Ensacadas Casal 150x195 Take & Go Pocket,Molaflex,1 un,"€747,00/un","€747,00/un"
Berço 2-em-1 Calidoo Sleepy Bear,Bebe Confort,1 un,"€139,00/un","€139,00/un"
Edredão Verão 65g/m2 Bicolor Azul e Vermelho,Kasa,1 un,"€19,00/un","€19,00/un"
Colcha Decorativa 240x220cm Flores e Quadrados Azuis Inbloom,Kasa,1 un,"€33,00/un","€33,00/un"
Protetor Colchão Impermeável Felpo,Kasa,1 un,"€15,00/un","€15,00/un"
Edredões Básicos 40g/m2,Kasa,2 un,"€12,00/un","€12,00/un"
Colchão Espuma Casal 160x200cm One,Emma,1 un,"€449,00/un","€449,00/un"
Conjunto Capa Edredão Algodão Branco com Flores Inbloom,Kasa,1 un,"€20,00/un","€20,00/un"
Conjunto Capa Edredão Algodão Bicolor,Kasa,1 un,"€20,00/un","€20,00/un"
Manta Coral 130x160cm Verde,Kasa,1 un,"€12,00/un","€12,00/un"
Pés para Base Lamiflex Dormilón,Molaflex,1 un,"€29,00/un","€29,00/un"
Conjunto Lençóis Cinza Linea,Kasa,1 un,"€24,00/un","€24,00/un"
Protetor Colchão Felpo,Kasa,1 un,"€5,79/un","€5,79/un"
Protetor Almofada Acolchoado com Fecho 45x60cm Branco,Kasa,1 un,"€5,00/un","€5,00/un"
Colcha Decorativa 260x220cm Flores e Quadrados Azuis Inbloom,Kasa,1 un,"€39,00/un","€39,00/un"
Manta Polar 130x160cm Laranja,Kasa,1 un,"€8,00/un","€8,00/un"
Colchão Espuma Solteiro 90x190cm Simply Aloe Vera,Lusocolchão,1 un,"€109,84/un","€109,84/un"
Colchão Espuma Casal 140x200cm One,Emma,1 un,"€379,00/un","€379,00/un"
Protetor Colchão Impermeável Felpo,Kasa,1 un,"€15,00/un","€15,00/un"
Conjunto de Lençóis Algodão Brancos Barra Azul Alentejo,Kasa,1 un,"€24,00/un","€24,00/un"
Conjunto Lençóis Riscas Natura,Kasa,1 un,"€24,00/un","€24,00/un"
Colchão Molas Ensacadas Casal 140x190cm Pocketflex,Lusocolchão,1 un,"€369,00/un","€369,00/un"
Conjunto Capa Edredão Floral,Kasa,1 un,"€20,00/un","€20,00/un"
Saco Água Quente 2L Bege Stylish Dog,Kasa,1 un,"€6,00/un","€6,00/un"
Conjunto Lençóis Bordado Inglês,Kasa,1 un,"€30,00/un","€30,00/un"
Manta Coral 130x160cm Cinza com Gatos,Kasa,1 un,"€12,00/un","€12,00/un"
Manta Polar 130x160cm Cinza,Kasa,1 un,"€8,00/un","€8,00/un"
Conjunto Lençóis Algodão 260x280cm Floral,Kasa,1 un,"€39,00/un","€39,00/un"
Manta Poliéster,Kasa,1 un,"€20,00/un","€20,00/un"
Conjunto Capa Edredão Percal Branco Riscas Mate,Kasa,1 un,"€27,00/un","€27,00/un"
Manta Polar 125x150cm Espiga Cinza,Kasa,1 un,"€3,00/un","€3,00/un"
Colchão Molas Bonel Ortopédico Casal 140x190cm Orto Eco Aloe Vera,Lusocolchão,1 un,"€220,22/un","€220,22/un"
Colchão Molas Contínuas Casal 160x200cm Care Multisense,Molaflex,1 un,"€749,00/un","€749,00/un"
Conjunto Capa Edredão Algodão Riscas Natura,Kasa,1 un,"€20,00/un","€20,00/un"
Colchão de Viagem para Bebé 58x118cm,Happy Bear,1 un,"€22,99/un","€22,99/un"
Colchão Espuma Tao Memosense,Molaflex,1 un,"€439,00/un","€439,00/un"
Fronha Algodão 50x70cm,Kasa,1 un,"€3,50/un","€3,50/un"
Sommier Casal 150x190cm,Emma,1 un,"€899,00/un","€899,00/un"
Colchão Espuma Casal 150x190cm Classic Foam,Molaflex,1 un,"€522,00/un","€522,00/un"
Colchão Espuma Casal 180x200cm Original,Emma,1 un,"€959,00/un","€959,00/un"
Edredão Polar Borreguito Verde com Flores 140x220cm,Kasa,1 un,"€32,00/un","€32,00/un"
Colchão Espuma Solteiro 90x200cm Classic Foam,Molaflex,1 un,"€294,00/un","€294,00/un"
Conjunto Capa Edredão Cinza Linea,Kasa,1 un,"€20,00/un","€20,00/un"
Colchão Molas Ensacadas Casal 160x200cm Take & Go Pocket,Molaflex,1 un,"€747,00/un","€747,00/un"
Colchão Molas Contínuas Casal 140x200cm Classic Spring,Molaflex,1 un,"€444,00/un","€444,00/un"
Colchão de Molas Ortopédico para Bebé 58x118cm,Happy Bear,1 un,"€59,99/un","€59,99/un"
Saco Água Quente 2L Quadrados Bordeaux,Kasa,1 un,"€6,00/un","€6,00/un"
Colchão Molas Contínuas Casal 140x195cm Classic Spring,Molaflex,1 un,"€444,00/un","€444,00/un"
Conjunto Lençóis Térmicos 230x270cm Verde,Kasa,1 un,"€43,00/un","€43,00/un"
Colchão Molas Ensacadas Solteiro 95x195cm Take & Go Pocket,Molaflex,1 un,"€448,80/un","€448,80/un"
Conjunto Lençóis Percal Branco,Kasa,1 un,"€30,00/un","€30,00/un"
Conjunto Capa Edredão Barra Azul,Kasa,1 un,"€20,00/un","€20,00/un"
Mesa de Apoio 40cm Droplet,Kasa,1 un,"€15,00/un","€15,00/un"
Colchão Espuma Casal 140x190cm Simply Aloe Vera,Lusocolchão,1 un,"€163,40/un","€163,40/un"
Manta Coral 125x150cm Laranja,Kasa,1 un,"€9,00/un","€9,00/un"
"Saco Água Quente Malha 1,75L Corações Rosa e Brancos",Kasa,1 un,"€8,00/un","€8,00/un"
Colchão Molas Contínuas Casal 133x183cm Care Multisense,Molaflex,1 un,"€599,00/un","€599,00/un"
Colchão Espuma King 180x200cm Take & Go Foam,Molaflex,1 un,"€894,00/un","€894,00/un"
Colcha Decorativa 240x220cm Riscas Brancas e Terracota Alentejo,Kasa,1 un,"€33,00/un","€33,00/un"
Colchão Molas Contínuas Casal 140x190cm Care Multisense,Molaflex,1 un,"€599,00/un","€599,00/un"
Edredão Polar Folhas Verde 200x220cm,Kasa,1 un,"€20,80/un","€20,80/un"
Conjunto Capa Edredão Cornucópias Bege,Kasa,1 un,"€20,00/un","€20,00/un"
Sommier Solteiro 90x190cm,Emma,1 un,"€699,00/un","€699,00/un"
Edredão Polar Bicolor Laranja e Branco 240x220cm,Kasa,1 un,"€22,40/un","€22,40/un"
Edredão Polar Borreguito Verde com Flores 200x220cm,Kasa,1 un,"€40,00/un","€40,00/un"
Edredão Nórdico Hipoalergénico 300g/m2,Molaflex,1 un,"€39,00/un","€39,00/un"
Manta Coral 130x160cm Amarela,Kasa,1 un,"€12,00/un","€12,00/un"
Colcha Decorativa 260x220cm Riscas Brancas e Terracota Alentejo,Kasa,1 un,"€39,00/un","€39,00/un"
Colchão Molas Ensacadas Casal 150x190 Take & Go Pocket,Molaflex,1 un,"€747,00/un","€747,00/un"
Colchão Espuma Casal 180x200cm One,Emma,1 un,"€479,00/un","€479,00/un"
Colchão Molas Ensacadas Casal 160x195 Take & Go Pocket,Molaflex,1 un,"€747,00/un","€747,00/un"
Colchão Espuma Casal 140x190cm Original,Emma,1 un,"€659,00/un","€659,00/un"
Edredão Polar Borreguito Cinza com Quadrados Brancos 200x220cm,Kasa,1 un,"€40,00/un","€40,00/un"
Saco Água Quente 2L Cinza Miau,Kasa,1 un,"€6,00/un","€6,00/un"
Almofada Penas 45x60cm,Kasa,1 un,"€14,00/un","€14,00/un"
Colchão Molas Contínuas Yin Multi,Molaflex,1 un,"€399,00/un","€399,00/un"
Manta Coral 130x160cm Bege,Kasa,1 un,"€12,00/un","€12,00/un"
Fronhas Percal 50x70cm Brancas,Kasa,2 un,"€8,50/un","€8,50/un"
Cama Estofada 140x190 Branca Luxe,Kasa,1 un,"€499,00/un","€499,00/un"
Edredão Polar Bicolor Bege e Verde 240x220cm,Kasa,1 un,"€22,40/un","€22,40/un"
Conjunto Capa Edredão Azul Estrelas,Kasa,1 un,"€20,00/un","€20,00/un"
Manta Coral 130x160cm Bordeaux,Kasa,1 un,"€10,00/un","€10,00/un"
Colchão Molas Ensacadas Casal 140x200 Take & Go Pocket,Molaflex,1 un,"€672,00/un","€672,00/un"
Manta Coral 130x160cm Rosa,Kasa,1 un,"€12,00/un","€12,00/un"
Colchão Espuma Solteiro 98x183cm Classic Foam,Molaflex,1 un,"€294,00/un","€294,00/un"
Colchão Molas Ensacadas Casal 140x190cm Take & Go Pocket,Molaflex,1 un,"€672,00/un","€672,00/un"
Lençol Avulso Ajustável Algodão 180x200cm Branco,Kasa,1 un,"€14,00/un","€14,00/un"
Edredão Polar Xadrez Branco e Vermelho 240x220cm,Kasa,1 un,"€24,00/un","€24,00/un"
Colchão Molas Contínuas Solteiro 123x183cm Classic Spring,Molaflex,1 un,"€444,00/un","€444,00/un"
Colchão de Viagem para Bebé 60x120cm,Happy Bear,1 un,"€34,99/un","€34,99/un"
Conjunto Lençóis Branco com Vichy Azul,Kasa,1 un,"€24,00/un","€24,00/un"
Colchão Espuma King 180x200cm Classic Foam,Molaflex,1 un,"€597,00/un","€597,00/un"
Conjunto Capa Edredão Algodão 160x220cm Quadrados Cinza,Kasa,1 un,"€20,00/un","€20,00/un"
Conjunto Capa Edredão Algodão Flor Rosa,Kasa,1 un,"€20,00/un","€20,00/un"
Cama Estofada 90x190 Branca Luxe,Kasa,1 un,"€399,00/un","€399,00/un"
Colchão Espuma Casal 150x195cm Simply Aloe Vera,Lusocolchão,1 un,"€178,86/un","€178,86/un"
Colchão Espuma Casal 160x200cm Classic Foam,Molaflex,1 un,"€522,00/un","€522,00/un"
Conjunto Lençóis Algodão 220x270cm Floral,Kasa,1 un,"€34,00/un","€34,00/un"
Manta Borreguito 200x220cm Bege,Kasa,1 un,"€29,00/un","€29,00/un"
Conjunto Lençóis Algodão 260x280cm Pintas Brancas e Bege,Kasa,1 un,"€39,00/un","€39,00/un"
Conjunto Capa Edredão Percal 240x220cm Nervuras Brancas,Kasa,1 un,"€39,00/un","€39,00/un"
Colchão Molas Contínuas Solteiro 128x183cm Classic Spring,Molaflex,1 un,"€444,00/un","€444,00/un"
Lençol Avulso Ajustável Percal 180x200cm Branco,Kasa,1 un,"€16,00/un","€16,00/un"
Manta Polar 130x160cm Amarela,Kasa,1 un,"€8,00/un","€8,00/un"
Colchão Molas Ensacadas Casal 133x183cm Pocketflex,Lusocolchão,1 un,"€349,00/un","€349,00/un"
Lençol Avulso Ajustável Percal 160x200cm Branco,Kasa,1 un,"€15,00/un","€15,00/un"
Colchão Molas Ensacadas Solteiro 80x190cm Take & Go Pocket,Molaflex,1 un,"€448,80/un","€448,80/un"
Conjunto Lençóis Percal 260x280cm Cornucópias Cinza,Kasa,1 un,"€47,00/un","€47,00/un"
Saco Água Quente 2L Azul Sereia,Kasa,1 un,"€6,00/un","€6,00/un"
Manta Algodão 130x160cm Branca Riscas Amarelas e Azuis,Kasa,1 un,"€10,00/un","€10,00/un"
Conjunto Lençóis Algodão 160x270cm Floral,Kasa,1 un,"€24,00/un","€24,00/un"
Conjunto Lençóis Estrelas,Kasa,1 un,"€24,00/un","€24,00/un"
Colchão Molas Contínuas Casal 160x195cm Classic Spring,Molaflex,1 un,"€522,00/un","€522,00/un"
Cama Dupla com Estrados 80x195cm Branca e Rosa Play,Kasa,1 un,"€399,00/un","€399,00/un"
Manta Polar 130x160cm Bege,Kasa,1 un,"€8,00/un","€8,00/un"
Colchão Espuma Casal 140x195cm Classic Foam,Molaflex,1 un,"€444,00/un","€444,00/un"
Edredão Polar Borreguito Verde com Flores 240x220cm,Kasa,1 un,"€44,00/un","€44,00/un"
Conjunto Lençóis Nervuras,Kasa,1 un,"€30,00/un","€30,00/un"
Cama de Grades Madeira Branca Estrela,Happy Bear,1 un,"€179,00/un","€179,00/un"
Conjunto Capa Edredão Algodão 240x220cm Pintas Brancas e Bege,Kasa,1 un,"€30,00/un","€30,00/un"
Conjunto Lençóis Algodão 260x280cm Barra Azul,Kasa,1 un,"€39,00/un","€39,00/un"
Conjunto Capa Edredão Flanela Flores,Kasa,1 un,"€21,45/un","€21,45/un"
Colchão Espuma Solteiro 90x190cm One,Emma,1 un,"€299,00/un","€299,00/un"
Conjunto Capa Edredão Algodão e Linho 160x220cm Cinza,Kasa,1 un,"€35,00/un","€35,00/un"
Colchão Molas Ensacadas Solteiro 90x200cm Take & Go Pocket,Molaflex,1 un,"€448,80/un","€448,80/un"
Conjunto Lençóis Algodão 220x270cm Barra Azul,Kasa,1 un,"€34,00/un","€34,00/un"
Manta Polar 130x160cm Folhas Rosa,Kasa,1 un,"€8,00/un","€8,00/un"
Edredão Coral Borreguito Rosa 200x220cm,Kasa,1 un,"€45,00/un","€45,00/un"
Colchão Espuma Casal 140x200cm Classic Foam,Molaflex,1 un,"€444,00/un","€444,00/un"
Berço com Rede Mosquiteira Teeny,Ms,1 un,"€149,00/un","€149,00/un"
Conjunto Lençóis Algodão 160x270cm Barra Azul,Kasa,1 un,"€24,00/un","€24,00/un"
Colchão Espuma Solteiro 133x183cm Classic Foam,Molaflex,1 un,"€444,00/un","€444,00/un"
Colchão Molas Ensacadas Solteiro 90x190cm Pocketflex,Lusocolchão,1 un,"€259,00/un","€259,00/un"
Conjunto Capa Edredão Algodão 240x220cm Quadrados Cinza,Kasa,1 un,"€30,00/un","€30,00/un"
Saco Água Quente 2L Flores Azul,Kasa,1 un,"€6,00/un","€6,00/un"
Conjunto Lençóis Algodão 220x270cm Riscas Brancas e Azuis,Kasa,1 un,"€34,00/un","€34,00/un"
Colchão Molas Contínuas Solteiro 80x200cm Classic Spring,Molaflex,1 un,"€294,00/un","€294,00/un"
Conjunto Lençóis Algodão 220x270cm Pintas Brancas e Bege,Kasa,1 un,"€34,00/un","€34,00/un"
Conjunto Capa Edredão Algodão 160x220 Branco e Rosa,Kasa,1 un,"€20,00/un","€20,00/un"
Conjunto Lençóis Percal Riscas Mate,Kasa,1 un,"€30,00/un","€30,00/un"
Manta Coral 130x160cm Cinza,Kasa,1 un,"€12,00/un","€12,00/un"
Conjunto Lençóis Algodão 160x270cm Pintas Brancas e Bege,Kasa,1 un,"€24,00/un","€24,00/un"
Conjunto Capa Edredão Algodão 240x220 Riscas Brancas e Azuis,Kasa,1 un,"€30,00/un","€30,00/un"
Conjunto Capa Edredão Algodão 160x220 Riscas Brancas e Azuis,Kasa,1 un,"€20,00/un","€20,00/un"
Conjunto Lençóis Algodão 160x270cm Riscas Brancas e Azuis,Kasa,1 un,"€24,00/un","€24,00/un"
Conjunto Capa Edredão Algodão 260x240cm Pintas Brancas e Bege,Kasa,1 un,"€37,00/un","€37,00/un"
Conjunto Capa Edredão Algodão 160x220cm Pintas Brancas e Bege,Kasa,1 un,"€20,00/un","€20,00/un"
Conjunto Lençóis Térmicos 160x270cm Xadrez Bege,Kasa,1 un,"€29,00/un","€29,00/un"
Conjunto Capa Edredão Algodão 260x240 Branco e Rosa,Kasa,1 un,"€37,00/un","€37,00/un"
Beliche com Estrados 80x195cm Branco Play,Kasa,1 un,"€499,00/un","€499,00/un"
Edredão Polar Xadrez Branco e Vermelho 140x220cm,Kasa,1 un,"€17,60/un","€17,60/un"
Manta Coral 200x220cm Bege,Kasa,1 un,"€18,00/un","€18,00/un"
Colchão Molas Contínuas Solteiro 90x190cm Classic Spring,Molaflex,1 un,"€294,00/un","€294,00/un"
Fronha Percal 50x70cm Branca,Kasa,1 un,"€5,50/un","€5,50/un"
Saco Água Quente com Pelo 2L Rosa Unicórnio,Kasa,1 un,"€8,00/un","€8,00/un"
Colchão Viscoelástico Bebé 120x60cm,Happy Bear,1 un,"€69,99/un","€69,99/un"
Conjunto Capa Edredão Algodão 260x240cm Quadrados Cinza,Kasa,1 un,"€37,00/un","€37,00/un"
Colchão de Bebé 60x120cm Baby Safe,Happy Bear,1 un,"€89,99/un","€89,99/un"
Lençol Avulso Ajustável Percal 140x190cm Branco,Kasa,1 un,"€14,00/un","€14,00/un"
Manta Poliéster Borreguito 130x160 Azul Escuro com Estrelas,Kasa,1 un,"€20,00/un","€20,00/un"
Conjunto Lençóis Flor Rosa,Kasa,1 un,"€24,00/un","€24,00/un"
Conjunto Capa Edredão Flanela Geométrico,Kasa,1 un,"€14,95/un","€14,95/un"
Fronha Algodão 50x70cm Barra,Kasa,1 un,"€4,50/un","€4,50/un"
Conjunto Capa Edredão Algodão 240x220cm Vichy Azul,Kasa,1 un,"€30,00/un","€30,00/un"
Conjunto Lençóis Percal 220x270cm Cornucópias Cinza,Kasa,1 un,"€42,00/un","€42,00/un"
Cobertor Pesado 150x200cm 5kg Branco Basic,Frappa,1 un,"€74,99/un","€74,99/un"
Conjunto Capa Edredão Percal 160x220cm Nervuras Brancas,Kasa,1 un,"€27,00/un","€27,00/un"
Conjunto Capa Edredão Percal 240x220cm Cornucópias Cinza,Kasa,1 un,"€39,00/un","€39,00/un"
Conjunto Lençóis Percal 160x270cm Cornucópias Cinza,Kasa,1 un,"€30,00/un","€30,00/un"
Lençol Avulso Ajustável Percal 90x190cm Branco,Kasa,1 un,"€12,00/un","€12,00/un"
Conjunto Capa Edredão Algodão 240x220 Branco e Rosa,Kasa,1 un,"€30,00/un","€30,00/un"
Saco Água Quente com Pelo 2L Bege e Branco Unicórnio,Kasa,1 un,"€8,00/un","€8,00/un"
Conjunto Capa Edredão Percal 260x240cm Cornucópias Cinza,Kasa,1 un,"€45,00/un","€45,00/un"
Cama Dupla com Estrados 80x195cm Branca Play,Kasa,1 un,"€399,00/un","€399,00/un"
Conjunto Capa Edredão Percal 160x220cm Cornucópias Cinza,Kasa,1 un,"€27,00/un","€27,00/un"
Edredão Coral Borreguito Rosa 140x220cm,Kasa,1 un,"€35,00/un","€35,00/un"
Edredão Polar Xadrez Branco e Vermelho 200x220cm,Kasa,1 un,"€20,80/un","€20,80/un"
Conjunto Capa Edredão Algodão 160x220cm Vichy Azul,Kasa,1 un,"€20,00/un","€20,00/un"
Conjunto Capa Edredão Percal 260x240cm Nervuras Brancas,Kasa,1 un,"€45,00/un","€45,00/un"
Cama Evolutiva Coffee,Lorelli,1 un,"€489,00/un","€489,00/un"
Cama de Grades Madeira Branca,Happy Bear,1 un,"€159,00/un","€159,00/un"
Conjunto Capa Edredão Algodão 260x240cm Vichy Azul,Kasa,1 un,"€37,00/un","€37,00/un"
Almofada Microfibra 45x60cm,Molaflex,1 un,"€6,00/un","€6,00/un"
Protetor Colchão Impermeável 150x190cm,Emma,1 un,"€99,00/un","€99,00/un"
Colcha Decorativa 160x220cm Flores Bege,Kasa,1 un,"€27,00/un","€27,00/un"
Conjunto Colchão Espuma e Sommier Preto Essencial,Lusocolchão,1 un,"€376,04/un","€376,04/un"
Manta Coral 130x160cm Xadrez Bege,Kasa,1 un,"€12,00/un","€12,00/un"
Colchão Molas Contínuas Casal 160x200cm Classic Spring,Molaflex,1 un,"€522,00/un","€522,00/un"
Conjunto de Lençóis Microfibra 160x270cm Riscas Beges,Kasa,1 un,"€14,00/un","€14,00/un"
Berço com Rede Mosquiteira Regulável,Kikka Boo,1 un,"€259,00/un","€259,00/un"
Sommier com Cabeceira Casal 160x200cm,Emma,1 un,"€1,199,00/un","€1,199,00/un"
Beliche com Estrados 80x195cm Branco e Azul Play,Kasa,1 un,"€499,00/un","€499,00/un"
Colchão Espuma Yin Sense,Molaflex,1 un,"€399,00/un","€399,00/un"
Edredão Polar Borreguito Cinza com Quadrados Brancos 140x220cm,Kasa,1 un,"€32,00/un","€32,00/un"
Edredão Coral Borreguito Cinza 240x220cm,Kasa,1 un,"€49,00/un","€49,00/un"
Cama Dupla com Estrados 80x195cm Natural Play,Kasa,1 un,"€399,00/un","€399,00/un"
Manta Coral 125x150cm Cru,Kasa,1 un,"€9,00/un","€9,00/un"
Conjunto Colchão Molas Contínuas e Sommier Sleep,Molaflex,1 un,"€599,00/un","€599,00/un"
Manta Polar 130x160cm Vermelha,Kasa,1 un,"€8,00/un","€8,00/un"
Manta Borreguito 130x160cm Xadrez Vermelho e Preto,Kasa,1 un,"€20,00/un","€20,00/un"
Conjunto Lençóis Térmicos 230x270cm Verde com Flores,Kasa,1 un,"€31,00/un","€31,00/un"
Cama Campismo Solteiro 64x190cm Preta,Bestway,1 un,"€49,99/un","€49,99/un"
Manta Coral 130x160cm Rosa com Unicórnios,Kasa,1 un,"€12,00/un","€12,00/un"
Manta Borreguito 130x160cm Quadrados Azul e Bege,Kasa,1 un,"€20,00/un","€20,00/un"
Edredão Polar Borreguito Cinza com Quadrados Brancos 240x220cm,Kasa,1 un,"€44,00/un","€44,00/un"
Conjunto Colchão Espuma e Cama com Arrumação Solteiro Play,Lusocolchão,1 un,"€492,46/un","€492,46/un"
Cobertor Pesado 150x200cm 7kg Branco Basic,Frappa,1 un,"€94,99/un","€94,99/un"
Cama Estofada 90x190 Preta Elegance,Kasa,1 un,"€399,00/un","€399,00/un"
Colchão Espuma Casal 150x190cm Original,Emma,1 un,"€699,00/un","€699,00/un"
Edredão Polar Folhas Verde 140x220cm,Kasa,1 un,"€17,60/un","€17,60/un"
Conjunto Colchão Espuma e Cama Solteiro Play,Lusocolchão,1 un,"€370,66/un","€370,66/un"
Manta Coral Franjas 130x160cm Taupe,Kasa,1 un,"€18,00/un","€18,00/un"
Conjunto Lençóis Térmicos 160x270cm Xadrez Vermelho,Kasa,1 un,"€17,00/un","€17,00/un"
Cama Estofada 160x200 Cinza Gomo,Kasa,1 un,"€549,00/un","€549,00/un"
Colchão Molas Ensacadas Casal 140x190cm Bluecare Pocket Edição Especial Saúde,Molaflex,1 un,"€489,65/un","€489,65/un"
Colchão Molas Ensacadas Casal 160x200cm Diamond Hybrid,Emma,1 un,"€1,289,00/un","€1,289,00/un"
Protetor Colchão Impermeável 140x190cm,Emma,1 un,"€99,00/un","€99,00/un"
Cama Estofada 160x195 Cinza Taylor,Kasa,1 un,"€599,00/un","€599,00/un"
Colchão Molas Ensacadas Casal 160x200cm Pocketflex,Lusocolchão,1 un,"€429,00/un","€429,00/un"
Colchão Molas Bonel Ortopédico Solteiro 90x190cm Orto Eco Aloe Vera,Lusocolchão,1 un,"€167,38/un","€167,38/un"
Sommier Rebatível Solteiro Madeira Abertura Lateral 3D,Molaflex,1 un,"€429,00/un","€429,00/un"
Cama Dupla com Estrados 80x195cm Branca e Azul Play,Kasa,1 un,"€399,00/un","€399,00/un"
Protetor Colchão Impermeável 90x200cm,Emma,1 un,"€79,00/un","€79,00/un"
Cama Estofada 180x200 Branca Luxe,Kasa,1 un,"€599,00/un","€599,00/un"
Manta Borreguito 130x160cm Xadrez Azul e Bege,Kasa,1 un,"€20,00/un","€20,00/un"
Sommier Casal 160x200cm,Emma,1 un,"€999,00/un","€999,00/un"
Protetor Colchão Impermeável 140x200cm,Emma,1 un,"€99,00/un","€99,00/un"
Protetor Colchão Impermeável 135x190cm,Emma,1 un,"€99,00/un","€99,00/un"
Cama Estofada 140x195 Cinza Taylor,Kasa,1 un,"€499,00/un","€499,00/un"
Colchão Espuma Casal 135x190cm Original,Emma,1 un,"€599,00/un","€599,00/un"
Colchão Molas Ensacadas King 180x200cm Diamond Hybrid,Emma,1 un,"€1,352,00/un","€1,352,00/un"
Colchão Molas Bonel Ortopédico Casal 160x195cm Orto Eco Aloe Vera,Lusocolchão,1 un,"€243,32/un","€243,32/un"
Almofada Fibra 40x60cm Edição Especial Saúde,Molaflex,1 un,"€20,00/un","€20,00/un"
Colchão Espuma Casal 160x200cm Take & Go Foam,Molaflex,1 un,"€747,00/un","€747,00/un"
Colchão Espuma Casal 150x195cm Classic Foam,Molaflex,1 un,"€522,00/un","€522,00/un"
Cama Estofada 150x195 Cinza Taylor,Kasa,1 un,"€499,00/un","€499,00/un"
Sommier com Cabeceira Casal 180x200cm,Emma,1 un,"€1,299,00/un","€1,299,00/un"
Beliche com Estrados 80x195cm Natural Play,Kasa,1 un,"€499,00/un","€499,00/un"
Conjunto Colchão Espuma e Sommier Cinza com Cabeceira Casal 160x200cm Original,Emma,1 un,"€1,948,00/un","€1,948,00/un"
Colchão Molas Ensacadas Solteiro 90x190cm Take & Go Pocket,Molaflex,1 un,"€448,80/un","€448,80/un"
Cama Estofada 180x200 Cinza Gomo,Kasa,1 un,"€599,00/un","€599,00/un"
Colchão Molas Ensacadas King 180x200 Take & Go Pocket,Molaflex,1 un,"€894,00/un","€894,00/un"
Colchão Molas Contínuas Casal 150x195cm Classic Spring,Molaflex,1 un,"€522,00/un","€522,00/un"
Sommier com Cabeceira Casal 140x200cm,Emma,1 un,"€999,00/un","€999,00/un"
Cama Estofada 160x200 Branca Luxe,Kasa,1 un,"€549,00/un","€549,00/un"
Colchão Molas Ensacadas Casal 150x195cm Pocketflex,Lusocolchão,1 un,"€399,00/un","€399,00/un"
Colchão Espuma Casal 160x195cm Simply Aloe Vera,Lusocolchão,1 un,"€189,60/un","€189,60/un"
Colchão Espuma Casal 150x200cm Original,Emma,1 un,"€699,00/un","€699,00/un"
Colchão Molas Ensacadas Solteiro 98x183cm Take & Go Pocket,Molaflex,1 un,"€448,80/un","€448,80/un"
Sommier Casal 140x200cm,Emma,1 un,"€799,00/un","€799,00/un"
Conjunto Colchão Espuma e Sommier Cinza com Cabeceira Casal 180x200cm Original,Emma,1 un,"€2,148,00/un","€2,148,00/un"
Colchão Molas Ensacadas Casal 180x190 Take & Go Pocket,Molaflex,1 un,"€894,00/un","€894,00/un"
Colchão Molas Ensacadas Solteiro 88x183cm Take & Go Pocket,Molaflex,1 un,"€448,80/un","€448,80/un"
Colchão Molas Bonel Ortopédico Casal 150x195cm Orto Eco Aloe Vera,Lusocolchão,1 un,"€231,76/un","€231,76/un"
Colchão Molas Contínuas Casal 140x200cm Care Multisense,Molaflex,1 un,"€599,00/un","€599,00/un"
Colchão Espuma Casal 140x190cm Take & Go Foam,Molaflex,1 un,"€672,00/un","€672,00/un"
Colchão Espuma Casal 180x190cm Classic Foam,Molaflex,1 un,"€597,00/un","€597,00/un"
Colchão Molas Contínuas Solteiro 105x195cm Classic Spring,Molaflex,1 un,"€372,00/un","€372,00/un"
Conjunto Lençóis Térmicos 160x270cm Verde com Flores,Kasa,1 un,"€29,00/un","€29,00/un"
Colchão Molas Ensacadas Casal 150x200cm Pocketflex,Lusocolchão,1 un,"€399,00/un","€399,00/un"
Colchão Espuma Casal 150x190cm One,Emma,1 un,"€399,00/un","€399,00/un"
Sommier com Cabeceira Casal 140x190cm,Emma,1 un,"€999,00/un","€999,00/un"
Colchão Espuma Casal 150x200cm One,Emma,1 un,"€399,00/un","€399,00/un"
Colchão Molas Contínuas Solteiro 95x195cm Classic Spring,Molaflex,1 un,"€294,00/un","€294,00/un"
Colchão Espuma Casal 150x190cm Take & Go Foam,Molaflex,1 un,"€747,00/un","€747,00/un"
Colchão Molas Ensacadas Casal 150x200 Take & Go Pocket,Molaflex,1 un,"€747,00/un","€747,00/un"
Sommier Casal 150x200cm,Emma,1 un,"€899,00/un","€899,00/un"
Colchão Espuma Casal 160x190cm Classic Foam,Molaflex,1 un,"€522,00/un","€522,00/un"
Colchão Molas Ensacadas King 180x200cm Pocketflex,Lusocolchão,1 un,"€479,00/un","€479,00/un"
Cómoda com 3 Gavetas 100x45x77cm Branca e Azul Play,Kasa,1 un,"€249,00/un","€249,00/un"
Colchão Espuma Casal 150x200cm Take & Go Foam,Molaflex,1 un,"€747,00/un","€747,00/un"
Cama Estofada 90x190 Cinza Gomo,Kasa,1 un,"€399,00/un","€399,00/un"
Colchão Molas Ensacadas Solteiro 95x190cm Take & Go Pocket,Molaflex,1 un,"€448,80/un","€448,80/un"
Colchão Espuma Solteiro 105x200cm Classic Foam,Molaflex,1 un,"€372,00/un","€372,00/un"
Colchão Espuma Casal 140x200cm Take & Go Foam,Molaflex,1 un,"€672,00/un","€672,00/un"
Sommier Casal 140x190cm,Emma,1 un,"€799,00/un","€799,00/un"
Colchão Espuma King 200x200cm Classic Foam,Molaflex,1 un,"€672,00/un","€672,00/un"
Sommier Casal 180x200cm,Emma,1 un,"€1,099,00/un","€1,099,00/un"
Colchão Espuma Casal 150x200cm Classic Foam,Molaflex,1 un,"€522,00/un","€522,00/un"
Colchão Molas Ensacadas Solteiro 133x183cm Take & Go Pocket,Molaflex,1 un,"€672,00/un","€672,00/un"
Colchão Molas Contínuas Casal 150x200cm Classic Spring,Molaflex,1 un,"€522,00/un","€522,00/un"
Colchão Molas Contínuas Solteiro 80x183cm Classic Spring,Molaflex,1 un,"€294,00/un","€294,00/un"
Colchão Molas Contínuas King 180x200cm Care Multisense,Molaflex,1 un,"€849,00/un","€849,00/un"
Sommier com Cabeceira Casal 150x190cm,Emma,1 un,"€1,099,00/un","€1,099,00/un"
Cama Estofada 140x190 Cinza Gomo,Kasa,1 un,"€499,00/un","€499,00/un"
Colchão Molas Ensacadas Casal 150x200cm Diamond Hybrid,Emma,1 un,"€1,175,00/un","€1,175,00/un"
Colchão Espuma Solteiro 90x200cm One,Emma,1 un,"€299,00/un","€299,00/un"
Colchão Molas Contínuas King 180x200cm Classic Spring,Molaflex,1 un,"€597,00/un","€597,00/un"
Colchão Espuma Solteiro 90x190cm Take & Go Foam,Molaflex,1 un,"€448,80/un","€448,80/un"
Beliche com Estrados 80x195cm Branco e Rosa Play,Kasa,1 un,"€499,00/un","€499,00/un"
Cama Estofada 150x200 Cinza Gomo,Kasa,1 un,"€549,00/un","€549,00/un"
Colchão Espuma Solteiro 133x183cm Take & Go Foam,Molaflex,1 un,"€672,00/un","€672,00/un"
Colchão Molas Ensacadas Solteiro 123x183cm Take & Go Pocket,Molaflex,1 un,"€672,00/un","€672,00/un"
Colchão Espuma Solteiro 120x190cm Classic Foam,Molaflex,1 un,"€444,00/un","€444,00/un"
Colchão Espuma Casal 160x195cm Classic Foam,Molaflex,1 un,"€522,00/un","€522,00/un"
Colchão Espuma Casal 200x200cm Original,Emma,1 un,"€999,00/un","€999,00/un"
Cama Estofada 140x190 Preta Elegance,Kasa,1 un,"€499,00/un","€499,00/un"
Colchão Molas Ensacadas Casal 160x190 Take & Go Pocket,Molaflex,1 un,"€747,00/un","€747,00/un"
Colchão Molas Ensacadas Casal 140x190cm Diamond Hybrid,Emma,1 un,"€1,159,00/un","€1,159,00/un"
Cama Estofada 150x200 Branca Luxe,Kasa,1 un,"€549,00/un","€549,00/un"
Conjunto Colchão Espuma e Sommier Cinza com Cabeceira Casal 140x190cm Original,Emma,1 un,"€1,598,00/un","€1,598,00/un"
Sommier com Cabeceira Casal 150x200cm,Emma,1 un,"€1,099,00/un","€1,099,00/un"
Colchão Espuma Casal 200x200cm One,Emma,1 un,"€499,00/un","€499,00/un"
Colchão Espuma Solteiro 80x190cm Classic Foam,Molaflex,1 un,"€294,00/un","€294,00/un"
Colchão Molas Contínuas Casal 160x190cm Classic Spring,Molaflex,1 un,"€522,00/un","€522,00/un"
Colchão Espuma Casal 135x190cm One,Emma,1 un,"€349,00/un","€349,00/un"
Cama Estofada 150x200 Preta Elegance,Kasa,1 un,"€549,00/un","€549,00/un"
Colchão Molas Contínuas Solteiro 88x183cm Classic Spring,Molaflex,1 un,"€294,00/un","€294,00/un"
Cama Estofada 160x200 Preta Elegance,Kasa,1 un,"€549,00/un","€549,00/un"
Colchão Molas Ensacadas Casal 150x190cm Diamond Hybrid,Emma,1 un,"€1,175,00/un","€1,175,00/un"
Colchão Espuma Solteiro 95x195cm Take & Go Foam,Molaflex,1 un,"€448,80/un","€448,80/un"
Sommier com Cabeceira Solteiro 90x190cm,Emma,1 un,"€899,00/un","€899,00/un"
Colchão Molas Contínuas Solteiro 90x200cm Care Multisense,Molaflex,1 un,"€448,00/un","€448,00/un"
Cama Estofada 180x200 Preta Elegance,Kasa,1 un,"€649,00/un","€649,00/un"
Colchão Espuma Solteiro 128x183cm Take & Go Foam,Molaflex,1 un,"€672,00/un","€672,00/un"
Colchão Espuma Solteiro 95x190cm Classic Foam,Molaflex,1 un,"€294,00/un","€294,00/un"
Colchão Espuma Solteiro 105x190cm Classic Foam,Molaflex,1 un,"€372,00/un","€372,00/un"
Colchão Espuma Solteiro 123x183cm Classic Foam,Molaflex,1 un,"€444,00/un","€444,00/un"
Colchão Espuma Solteiro 90x195cm Classic Foam,Molaflex,1 un,"€294,00/un","€294,00/un"
Colchão Espuma Casal 150x195cm Take & Go Foam,Molaflex,1 un,"€747,00/un","€747,00/un"
Colchão Molas Contínuas Solteiro 105x190cm Classic Spring,Molaflex,1 un,"€372,00/un","€372,00/un"
Colchão Espuma Casal 160x195cm Take & Go Foam,Molaflex,1 un,"€747,00/un","€747,00/un"
Colchão Molas Contínuas Casal 150x190cm Classic Spring,Molaflex,1 un,"€522,00/un","€522,00/un"
Colchão Espuma Casal 140x195cm Take & Go Foam,Molaflex,1 un,"€672,00/un","€672,00/un"
Colchão Molas Contínuas Solteiro 98x183cm Classic Spring,Molaflex,1 un,"€294,00/un","€294,00/un"
Colchão Espuma Solteiro 80x200cm Classic Foam,Molaflex,1 un,"€294,00/un","€294,00/un"
Colchão Espuma Solteiro 90x195cm Take & Go Foam,Molaflex,1 un,"€448,80/un","€448,80/un"
Colchão Espuma King 180x195cm Classic Foam,Molaflex,1 un,"€597,00/un","€597,00/un"
Colchão Espuma Solteiro 80x195cm Classic Foam,Molaflex,1 un,"€294,00/un","€294,00/un"
Colchão Espuma Solteiro 120x200cm Classic Foam,Molaflex,1 un,"€444,00/un","€444,00/un"
Colchão Molas Contínuas King 200x200cm Classic Spring,Molaflex,1 un,"€672,00/un","€672,00/un"
Manta Coral 130x160cm Cinza com Cães,Kasa,1 un,"€12,00/un","€12,00/un"
Colchão Molas Ensacadas King 200x200cm Diamond Hybrid,Emma,1 un,"€1,433,00/un","€1,433,00/un"
Colchão Molas Ensacadas Solteiro 100x200cm Pocketflex,Lusocolchão,1 un,"€309,00/un","€309,00/un"
Conjunto Colchão Espuma e Sommier Cinza Casal 160x200cm Original,Emma,1 un,"€1,748,00/un","€1,748,00/un"
Colchão Espuma Solteiro 98x183cm Take & Go Foam,Molaflex,1 un,"€448,80/un","€448,80/un"
Conjunto Colchão Espuma e Sommier Cinza Casal 140x190cm Original,Emma,1 un,"€1,398,00/un","€1,398,00/un"
Colchão Molas Ensacadas Solteiro 90x195cm Take & Go Pocket,Molaflex,1 un,"€448,80/un","€448,80/un"
Colchão Molas Contínuas Solteiro 90x190cm Care Multisense,Molaflex,1 un,"€448,00/un","€448,00/un"
Conjunto Colchão Espuma e Sommier Cinza Casal 150x200cm Original,Emma,1 un,"€1,548,00/un","€1,548,00/un"
Colchão Molas Ensacadas Solteiro 80x200cm Take & Go Pocket,Molaflex,1 un,"€448,80/un","€448,80/un"
Colchão Espuma Solteiro 95x195cm Classic Foam,Molaflex,1 un,"€294,00/un","€294,00/un"
Colchão Molas Ensacadas Casal 140x200cm Diamond Hybrid,Emma,1 un,"€1,159,00/un","€1,159,00/un"
Edredão Polar Borreguito Bege 240x220cm,Kasa,1 un,"€40,00/un","€40,00/un"
Colchão Molas Ensacadas Solteiro 90x200cm Pocketflex,Lusocolchão,1 un,"€299,00/un","€299,00/un"
Colchão Molas Ensacadas Solteiro 105x195cm Take & Go Pocket,Molaflex,1 un,"€522,00/un","€522,00/un"
Colchão Molas Contínuas Solteiro 80x190cm Classic Spring,Molaflex,1 un,"€294,00/un","€294,00/un"
Colchão Molas Ensacadas Solteiro 105x190cm Take & Go Pocket,Molaflex,1 un,"€522,00/un","€522,00/un"
Colchão Espuma Casal 160x190cm Take & Go Foam,Molaflex,1 un,"€747,00/un","€747,00/un"
Colchão Molas Ensacadas Solteiro 135x190cm Diamond Hybrid,Emma,1 un,"€1,089,00/un","€1,089,00/un"
Colchão Molas Ensacadas Solteiro 90x190cm Diamond Hybrid,Emma,1 un,"€941,00/un","€941,00/un"
Conjunto Capa Edredão Flanela 160x220cm Folhas Verdes,Kasa,1 un,"€29,00/un","€29,00/un"
Colchão Espuma Solteiro 80x183cm Classic Foam,Molaflex,1 un,"€294,00/un","€294,00/un"
Colchão Espuma Solteiro 80x190cm Take & Go Foam,Molaflex,1 un,"€448,80/un","€448,80/un"
Colchão Molas Ensacadas Solteiro 128x183cm Take & Go Pocket,Molaflex,1 un,"€672,00/un","€672,00/un"
Colchão Espuma Solteiro 105x195cm Classic Foam,Molaflex,1 un,"€372,00/un","€372,00/un"
Colchão Espuma Solteiro 105x195cm Take & Go Foam,Molaflex,1 un,"€522,00/un","€522,00/un"
Colchão Espuma Solteiro 95x190cm Take & Go Foam,Molaflex,1 un,"€448,80/un","€448,80/un"
Colchão Molas Ensacadas King 180x195 Take & Go Pocket,Molaflex,1 un,"€894,00/un","€894,00/un"
Colchão Espuma Solteiro 128x183cm Classic Foam,Molaflex,1 un,"€444,00/un","€444,00/un"
Manta Poncho 80x134cm Xadrez Vermelho e Verde,Kasa,1 un,"€12,00/un","€12,00/un"
Colchão Espuma Solteiro 90x200cm Take & Go Foam,Molaflex,1 un,"€448,80/un","€448,80/un"
Colchão Espuma Solteiro 118x183cm Classic Foam,Molaflex,1 un,"€444,00/un","€444,00/un"
Colchão Espuma Solteiro 105x200cm Take & Go Foam,Molaflex,1 un,"€522,00/un","€522,00/un"
Colchão Espuma Solteiro 123x183cm Take & Go Foam,Molaflex,1 un,"€672,00/un","€672,00/un"
Colchão Espuma Solteiro 120x190cm Take & Go Foam,Molaflex,1 un,"€672,00/un","€672,00/un"
Colchão Molas Contínuas Solteiro 95x190cm Classic Spring,Molaflex,1 un,"€294,00/un","€294,00/un"
Colchão Espuma Casal 180x190cm Take & Go Foam,Molaflex,1 un,"€894,00/un","€894,00/un"
Colchão Espuma Solteiro 88x183cm Classic Foam,Molaflex,1 un,"€294,00/un","€294,00/un"
Colchão Molas Contínuas Solteiro 90x195cm Classic Spring,Molaflex,1 un,"€294,00/un","€294,00/un"
Colchão Molas Contínuas King 180x195cm Classic Spring,Molaflex,1 un,"€597,00/un","€597,00/un"
Colchão Molas Contínuas Casal 180x190cm Classic Spring,Molaflex,1 un,"€597,00/un","€597,00/un"
Colchão Molas Ensacadas Solteiro 118x183cm Take & Go Pocket,Molaflex,1 un,"€672,00/un","€672,00/un"
Colchão Molas Ensacadas Solteiro 105x200cm Take & Go Pocket,Molaflex,1 un,"€522,00/un","€522,00/un"
Colchão Molas Contínuas Solteiro 120x195cm Classic Spring,Molaflex,1 un,"€444,00/un","€444,00/un"
Colchão Espuma Solteiro 120x200cm Take & Go Foam,Molaflex,1 un,"€672,00/un","€672,00/un"
Colchão Molas Contínuas Solteiro 105x200cm Care Multisense,Molaflex,1 un,"€499,00/un","€499,00/un"
Colchão Molas Contínuas Solteiro 95x200cm Classic Spring,Molaflex,1 un,"€294,00/un","€294,00/un"
Colchão Espuma Solteiro 80x195cm Take & Go Foam,Molaflex,1 un,"€448,80/un","€448,80/un"
Colchão Espuma Solteiro 80x200cm Take & Go Foam,Molaflex,1 un,"€448,80/un","€448,80/un"
Conjunto Capa Edredão Flanela 160x220cm Xadrez Vermelho e Cru,Kasa,1 un,"€29,00/un","€29,00/un"
Colchão Molas Ensacadas Solteiro 120x190cm Take & Go Pocket,Molaflex,1 un,"€672,00/un","€672,00/un"
Colchão Molas Contínuas Solteiro 120x200cm Classic Spring,Molaflex,1 un,"€444,00/un","€444,00/un"
Colchão Molas Contínuas Solteiro 118x183cm Classic Spring,Molaflex,1 un,"€444,00/un","€444,00/un"
Colchão Espuma Solteiro 120x195cm Classic Foam,Molaflex,1 un,"€444,00/un","€444,00/un"
Colchão Molas Ensacadas Solteiro 80x195cm Take & Go Pocket,Molaflex,1 un,"€448,80/un","€448,80/un"
Colchão Molas Contínuas Solteiro 105x200cm Classic Spring,Molaflex,1 un,"€372,00/un","€372,00/un"
Conjunto Capa Edredão Algodão 240x260cm Branco,Kasa,1 un,"€38,00/un","€38,00/un"
Colchão Molas Ensacadas Solteiro 120x200cm Take & Go Pocket,Molaflex,1 un,"€672,00/un","€672,00/un"
Conjunto Lençóis Térmicos 160x270cm Verde,Kasa,1 un,"€36,00/un","€36,00/un"
Colchão Espuma Solteiro 105x190cm Take & Go Foam,Molaflex,1 un,"€522,00/un","€522,00/un"
Colchão Espuma Solteiro 95x200cm Classic Foam,Molaflex,1 un,"€294,00/un","€294,00/un"
Colchão Molas Contínuas Solteiro 105x190cm Care Multisense,Molaflex,1 un,"€499,00/un","€499,00/un"
Colchão Espuma Solteiro 80x183cm Take & Go Foam,Molaflex,1 un,"€448,80/un","€448,80/un"
Colchão Molas Ensacadas Solteiro 120x195cm Take & Go Pocket,Molaflex,1 un,"€672,00/un","€672,00/un"
Colchão Molas Ensacadas Solteiro 80x183cm Take & Go Pocket,Molaflex,1 un,"€448,80/un","€448,80/un"
Manta Poncho 80x134cm Quadrados Azuis e Cinza,Kasa,1 un,"€12,00/un","€12,00/un"
Colchão Espuma King 180x195cm Take & Go Foam,Molaflex,1 un,"€894,00/un","€894,00/un"
Colchão Espuma Solteiro 118x183cm Take & Go Foam,Molaflex,1 un,"€672,00/un","€672,00/un"
Colchão Molas Contínuas Solteiro 120x190cm Classic Spring,Molaflex,1 un,"€444,00/un","€444,00/un"
Edredão Coral Borreguito Rosa 240x220cm,Kasa,1 un,"€49,00/un","€49,00/un"
Colchão Espuma Solteiro 88x183cm Take & Go Foam,Molaflex,1 un,"€448,80/un","€448,80/un"
Colchão Espuma Solteiro 120x195cm Take & Go Foam,Molaflex,1 un,"€672,00/un","€672,00/un"
Colchão Molas Contínuas Solteiro 80x195cm Classic Spring,Molaflex,1 un,"€294,00/un","€294,00/un"
Colchão Espuma Solteiro 95x200cm Take & Go Foam,Molaflex,1 un,"€448,80/un","€448,80/un"
Edredão Polar Borreguito Bege 200x220cm,Kasa,1 un,"€38,00/un","€38,00/un"
Edredão Polar Borreguito Rosa 140x220cm,Kasa,1 un,"€30,00/un","€30,00/un"
Colchão Molas Ensacadas Solteiro 95x200cm Take & Go Pocket,Molaflex,1 un,"€448,80/un","€448,80/un"
Conjunto Capa Edredão Flanela 260x240cm Folhas Verdes,Kasa,1 un,"€39,00/un","€39,00/un"
Manta Poncho com Capuz 74x150cm,Kasa,1 un,"€15,00/un","€15,00/un"
Edredão Polar Borreguito Verde,Kasa,1 un,"€30,00/un","€30,00/un"
Manta Borreguito 130x160cm Bohotanic,Kasa,1 un,"€20,00/un","€20,00/un"
Manta Coral 130x160cm Bohotanic,Kasa,1 un,"€12,00/un","€12,00/un"
Manta Teddy 130x160cm Bege,Kasa,1 un,"€12,00/un","€12,00/un"
Colchão de Molas Ensacadas e Espuma Viscoelástica SSI Planet,Colmol,1 un,"€526,80/un","€526,80/un"
Edredão Coral Borreguito Cinza,Kasa,1 un,"€35,00/un","€35,00/un"
Edredão Polar Losangos Verde Bohotanic,Kasa,1 un,"€17,60/un","€17,60/un"
Edredão Polar Bicolor 220x240cm Rosa e Amarelo,Kasa,1 un,"€22,40/un","€22,40/un"
Sommier Fixo Estofado Casal Preto Summer Leige,Lourini,1 un,"€343,99/un","€343,99/un"
Conjunto Colchão Espuma Solteiro e Capa Protetora Original,Emma,1 un,"€538,00/un","€538,00/un"
Saco Água Quente Polar 2L Estrelas Cinza,Kasa,1 un,"€6,00/un","€6,00/un"
Conjunto Lençóis Térmicos Xadrez Bege Deep Rustic,Kasa,1 un,"€29,00/un","€29,00/un"
Colchão de Espuma Viscoelástica Xplanet,Colmol,1 un,"€502,80/un","€502,80/un"
Manta Poncho 80x134cm,Kasa,1 un,"€12,00/un","€12,00/un"
Conjunto Lençóis Térmicos 160x270cm Flores Laranja Bohotanic,Kasa,1 un,"€17,00/un","€17,00/un"
Conjunto Lençóis Algodão All Over Laranja Bohotanic,Kasa,1 un,"€24,00/un","€24,00/un"
Colchão Molas Ensacadas Ergosoft,Lusocolchão,1 un,"€453,99/un","€453,99/un"
Colchão de Espuma Viscoelástica Xstatic,Colmol,1 un,"€418,80/un","€418,80/un"
Colcha Decorativa Folhas Verde Bohotanic,Kasa,1 un,"€22,00/un","€22,00/un"
Edredão Polar Borreguito 140x220cm Cinza,Kasa,1 un,"€30,00/un","€30,00/un"
Base de Cama Fixa Microfibra Casal CastanhoTapi,Lourini,1 un,"€156,99/un","€156,99/un"
Colcha Decorativa Tropical Rosa Bohotanic,Kasa,1 un,"€22,00/un","€22,00/un"
Manta Coral 130x160cm,Kasa,1 un,"€12,00/un","€12,00/un"
Conjunto Lençóis Flanela Verde,Kasa,1 un,"€29,00/un","€29,00/un"
Manta Borreguito 130x160cm,Kasa,1 un,"€20,00/un","€20,00/un"
Colchão de Molas Ensacadas e Espuma Viscoelástica SSI Millenar,Colmol,1 un,"€466,80/un","€466,80/un"
Colchão Mola Bonel Superortopédico Super Ortopédico,Lusocolchão,1 un,"€297,99/un","€297,99/un"
Manta com Capuz 125x150cm,Kasa,1 un,"€18,00/un","€18,00/un"
Edredão Polar Borreguito Flores Rosa Bohotanic,Kasa,1 un,"€32,00/un","€32,00/un"
Conjunto Lençóis Algodão Botânico Bege Bohotanic,Kasa,1 un,"€24,00/un","€24,00/un"
Base de Cama Tapizada,Emma,1 un,"€199,00/un","€199,00/un"
Protetor Colchão Acolchoado Topper Diamond Degree,Emma,1 un,"€399,00/un","€399,00/un"
Edredão Polar Bicolor Laranja e Cinza,Kasa,1 un,"€20,00/un","€20,00/un"
Colchão Espuma Entry,Molaflex,1 un,"€119,00/un","€119,00/un"
Sommier Articulado Estofado Casal Castanho Summer Atlantis,Lourini,1 un,"€536,99/un","€536,99/un"
Edredão Polar Bicolor Verde e Verde Escuro,Kasa,1 un,"€20,00/un","€20,00/un"
Edredão Polar Flores Laranja Bohotanic,Kasa,1 un,"€17,60/un","€17,60/un"
Conjunto Capa Edredão Algodão All Over Laranja Bohotanic,Kasa,1 un,"€20,00/un","€20,00/un"
Edredão Polar Borreguito Folhas Verde Bohotanic,Kasa,1 un,"€32,00/un","€32,00/un"
Edredão Polar Borreguito Xadrez Vermelho Deep Rustic,Kasa,1 un,"€32,00/un","€32,00/un"
Manta Coral 125x150cm Brilha no Escuro,Kasa,1 un,"€12,00/un","€12,00/un"
Edredão Polar Xadrez Cinza Deep Rustic,Kasa,1 un,"€17,60/un","€17,60/un"
Conjunto Lençóis Térmicos Bege,Kasa,1 un,"€29,00/un","€29,00/un"
Manta Polar 130x160cm,Kasa,1 un,"€8,00/un","€8,00/un"
Conjunto Lençóis Térmicos Xadrez Bege Deep Rustic,Kasa,1 un,"€36,00/un","€36,00/un"
Colchão Espuma Dubai,Lusocolchão,1 un,"€347,99/un","€347,99/un"
Conjunto Lençóis Térmicos Flores Rosa Bohotanic,Kasa,1 un,"€29,00/un","€29,00/un"
Saco Água Quente 2L,Kasa,1 un,"€6,00/un","€6,00/un"
Manta Poncho 80x134cm Losangos Laranja Bohotanic,Kasa,1 un,"€12,00/un","€12,00/un"
Sommier Articulado Estofado Casal Preto Summer Leige,Lourini,1 un,"€536,99/un","€536,99/un"
Sommier Fixo Estofado Casal Castanho Summer Atlantis,Lourini,1 un,"€343,99/un","€343,99/un"
Manta Polar 130x160cm Flores Bohotanic,Kasa,1 un,"€8,00/un","€8,00/un"
Saco Água Quente Infantil 1L Unicórnio,Kasa,1 un,"€7,00/un","€7,00/un"
Saco Água Quente com Pelo 2L Unicórnio,Kasa,1 un,"€8,00/un","€8,00/un"
Colchão Molas Contínuas Solteiro 105 x 200cm Yin Multi,Molaflex,1 un,"€439,00/un","€439,00/un"
Colchão Espuma Solteiro 105x200cm Tao Memosense,Molaflex,1 un,"€499,00/un","€499,00/un"
Conjunto Lençóis Térmicos 260x270cm Xadrez Bege,Kasa,1 un,"€35,00/un","€35,00/un"
Base de Cama Tapizada Casal 150x200cm,Emma,1 un,"€329,00/un","€329,00/un"
Base de Cama Tapizada Casal 140x190cm,Emma,1 un,"€299,00/un","€299,00/un"
Colchão Molas Ensacadas Casal 180x195cm Seaqual Pocket,Molaflex,1 un,"€1,199,00/un","€1,199,00/un"
Colchão Molas Ensacadas Casal 140x200cm Seaqual Pocket,Molaflex,1 un,"€849,00/un","€849,00/un"
Colchão Molas Ensacadas Solteiro 105x200cm Seaqual Pocket,Molaflex,1 un,"€699,00/un","€699,00/un"
Colchão Molas Ensacadas Solteiro 90x190cm Seaqual Pocket,Molaflex,1 un,"€649,00/un","€649,00/un"
Colchão Molas Ensacadas Casal 160x200cm Seaqual Pocket,Molaflex,1 un,"€1,049,00/un","€1,049,00/un"
Colchão Molas Contínuas Solteiro 88x183cm Seaqual Multi,Molaflex,1 un,"€549,00/un","€549,00/un"
Colchão Molas Normablock Casal 160x190cm Sereia,Pikolin,1 un,"€1,208,00/un","€1,208,00/un"
Colchão Molas Normablock Casal 140x200cm Brigitte,Pikolin,1 un,"€1,260,00/un","€1,260,00/un"
Colchão Espuma HR Adaptex Casal 150x190cm Elva,Pikolin,1 un,"€438,00/un","€438,00/un"
Colchão Molas Normablock King 180x200cm Elva Nbk,Pikolin,1 un,"€549,00/un","€549,00/un"
Colchão Molas Normablock Casal 140x200cm Marin,Pikolin,1 un,"€693,00/un","€693,00/un"
Colchão Molas Normablock Casal 160x200cm Brigitte,Pikolin,1 un,"€1,545,00/un","€1,545,00/un"
Colchão Molas Normablock Casal 150x200cm Brigitte,Pikolin,1 un,"€1,357,00/un","€1,357,00/un"
Colchão Molas Normablock Solteiro 90x190cm Marin,Pikolin,1 un,"€445,00/un","€445,00/un"
Colchão Espuma Solteiro 123x183cm Tao Memosense,Molaflex,1 un,"€599,00/un","€599,00/un"
Colchão Molas Contínuas Solteiro 120 x 195cm Yin Multi,Molaflex,1 un,"€499,00/un","€499,00/un"
Colchão Espuma Solteiro 120x190cm Tao Memosense,Molaflex,1 un,"€599,00/un","€599,00/un"
Colchão Espuma Solteiro 135x200cm Tao Memosense,Molaflex,1 un,"€599,00/un","€599,00/un"
Colchão Espuma Casal 180x195cm Tao Memosense,Molaflex,1 un,"€849,00/un","€849,00/un"
Colchão Espuma Solteiro 105x200cm Yin Sense,Molaflex,1 un,"€439,00/un","€439,00/un"
Conjunto Capa Edredão Flanela 240x220cm Folhas Verdes,Kasa,1 un,"€35,00/un","€35,00/un"
Conjunto Lençóis 220x270cm Riscas Rosa,Kasa,1 un,"€34,00/un","€34,00/un"
Colchão Molas Contínuas Casal 140x200cm Seaqual Multi,Molaflex,1 un,"€699,00/un","€699,00/un"
Conjunto Capa Edredão Microfibra 160x220cm Pintas Azuis,Kasa,1 un,"€14,00/un","€14,00/un"
Conjunto Capa Edredão Microfibra 220x240cm Pintas Azuis,Kasa,1 un,"€16,00/un","€16,00/un"
Colchão Espuma Solteiro 80x195cm Tao Memosense,Molaflex,1 un,"€449,00/un","€449,00/un"
Colchão Espuma Solteiro 95x200cm Yin Sense,Molaflex,1 un,"€399,00/un","€399,00/un"
Colchão Espuma Solteiro 120x190cm Yin Sense,Molaflex,1 un,"€499,00/un","€499,00/un"
Colchão Espuma Casal 200x200cm Yin Sense,Molaflex,1 un,"€769,00/un","€769,00/un"
Colchão Espuma Solteiro 90x190cm Yin Sense,Molaflex,1 un,"€399,00/un","€399,00/un"
Conjunto Lençóis Algodão 160x270cm Rosa Animais,Kasa,1 un,"€22,00/un","€22,00/un"
Manta Polar 130x160cm Azul Escura,Kasa,1 un,"€8,00/un","€8,00/un"
Conjunto Capa Edredão Microfibra 220x240cm Riscas Beges,Kasa,1 un,"€16,00/un","€16,00/un"
Base de Cama Tapizada Casal 160x200cm,Emma,1 un,"€379,00/un","€379,00/un"
Conjunto de 4 Caixas Organização,Bazarão,emb. 1 un,"€7,99/un","€7,99/un"
Conjunto Colchão Espuma Casal e Base Tapizada 140x200cm Original,Emma,1 un,"€898,00/un","€898,00/un"
Colchão Molas Contínuas Solteiro 90x195cm Seaqual Multi,Molaflex,1 un,"€549,00/un","€549,00/un"
Colchão Molas Contínuas Casal 140x195cm Seaqual Multi,Molaflex,1 un,"€699,00/un","€699,00/un"
Colchão Molas Contínuas Solteiro 88x183cm Care Multisense,Molaflex,1 un,"€448,00/un","€448,00/un"
Colchão Molas Ensacadas Casal 150x195cm Seaqual Pocket,Molaflex,1 un,"€949,00/un","€949,00/un"
Colchão Molas Ensacadas Solteiro 120x190cm Seaqual Pocket,Molaflex,1 un,"€849,00/un","€849,00/un"
Base de Cama Tapizada Solteiro 90x190cm,Emma,1 un,"€199,00/un","€199,00/un"
Colchão Molas Contínuas Casal 150x190cm Care Multisense,Molaflex,1 un,"€749,00/un","€749,00/un"
Colchão Molas Contínuas Solteiro 120x190cm Seaqual Multi,Molaflex,1 un,"€699,00/un","€699,00/un"
Colchão Molas Contínuas Casal 180x190cm Seaqual Multi,Molaflex,1 un,"€999,00/un","€999,00/un"
Colchão Espuma HR Visco Solteiro 90x195cm Nayade,Pikolin,1 un,"€415,00/un","€415,00/un"
Colchão Molas Normablock Solteiro 90x200cm Ondine,Pikolin,1 un,"€353,00/un","€353,00/un"
Colchão Molas Normablock Casal 140x190cm Brigitte,Pikolin,1 un,"€1,146,00/un","€1,146,00/un"
Manta Borreguito 130x160cm Xadrez Bege Deep Rustic,Kasa,1 un,"€20,00/un","€20,00/un"
Colchão Molas Ensacadas Casal 140x195cm Tiana,Pikolin,1 un,"€1,178,00/un","€1,178,00/un"
Colchão Molas Ensacadas Casal 150x190cm Cirene,Pikolin,1 un,"€858,00/un","€858,00/un"
Colchão Molas Normablock Solteiro 90x200cm Bruma,Pikolin,1 un,"€204,00/un","€204,00/un"
Colchão Molas Normablock Solteiro 90x190cm Elva Nbk,Pikolin,1 un,"€263,00/un","€263,00/un"
Colchão Espuma Casal 160x195cm Yin Sense,Molaflex,1 un,"€599,00/un","€599,00/un"
Colchão Espuma Solteiro 118x183cm Tao Memosense,Molaflex,1 un,"€599,00/un","€599,00/un"
Colchão Espuma Casal 150x190cm Tao Memosense,Molaflex,1 un,"€749,00/un","€749,00/un"
Conjunto Capa Edredão Algodão 160x220cm Rosa Fadas,Kasa,1 un,"€20,00/un","€20,00/un"
Colchão Molas Contínuas Solteiro 95x190cm Care Multisense,Molaflex,1 un,"€448,00/un","€448,00/un"
Conjunto Capa Edredão Microfibra 240x260cm Pintas Azuis,Kasa,1 un,"€18,00/un","€18,00/un"
Conjunto Colchão Espuma Casal e Base Tapizada 135x190cm Original,Emma,1 un,"€828,00/un","€828,00/un"
Conjunto Colchão Espuma King e Base Tapizada 180x200cm Original,Emma,1 un,"€1,238,00/un","€1,238,00/un"
Colchão Molas Contínuas Casal 140x190cm Seaqual Multi,Molaflex,1 un,"€699,00/un","€699,00/un"
Colchão Molas Contínuas Casal 150x195cm Seaqual Multi,Molaflex,1 un,"€799,00/un","€799,00/un"
Colchão Molas Ensacadas Solteiro 80x190cm Seaqual Pocket,Molaflex,1 un,"€649,00/un","€649,00/un"
Colchão Molas Contínuas Casal 160x190cm Care Multisense,Molaflex,1 un,"€749,00/un","€749,00/un"
Colchão Molas Contínuas Solteiro 98x183cm Care Multisense,Molaflex,1 un,"€448,00/un","€448,00/un"
Colchão Molas Contínuas Solteiro 123x183cm Seaqual Multi,Molaflex,1 un,"€699,00/un","€699,00/un"
Colchão Molas Contínuas Solteiro 90x195cm Care Multisense,Molaflex,1 un,"€448,00/un","€448,00/un"
Colchão Molas Contínuas Solteiro 80x183cm Care Multisense,Molaflex,1 un,"€448,00/un","€448,00/un"
Colchão Molas Contínuas Solteiro 80x195cm Care Multisense,Molaflex,1 un,"€448,00/un","€448,00/un"
Manta Coral 130x160cm Xadrez Vermelho Deep Rustic,Kasa,1 un,"€12,00/un","€12,00/un"
Manta Favo Algodão 120x170cm Bege,FIO LUSO,1 un,"€29,90/un","€29,90/un"
Estrado Cama Solteiro 95x200cm Madeira e Metal Lamiflex Dormilón,Molaflex,1 un,"€67,00/un","€67,00/un"
Estrado Cama Solteiro 120x190cm Madeira e Metal Lamiflex Dormilón,Molaflex,1 un,"€89,00/un","€89,00/un"
Colchão Molas Normablock Casal 140x200cm Sereia,Pikolin,1 un,"€1,083,00/un","€1,083,00/un"
Colchão Molas Normablock Casal 160x200cm Marin,Pikolin,1 un,"€849,00/un","€849,00/un"
Colchão Espuma HR Adaptex King 180x200cm Elva,Pikolin,1 un,"€591,00/un","€591,00/un"
Colchão Molas Normablock Casal 150x190cm Sereia,Pikolin,1 un,"€1,060,00/un","€1,060,00/un"
Colchão Espuma HR Adaptex Casal 140x190cm Elva,Pikolin,1 un,"€407,00/un","€407,00/un"
Colchão Molas Ensacadas Solteiro 90x195cm Tiana,Pikolin,1 un,"€855,00/un","€855,00/un"
Colchão Molas Normablock Casal 140x195cm Brigitte,Pikolin,1 un,"€1,214,00/un","€1,214,00/un"
Colchão Molas Normablock Casal 140x190cm Ondine,Pikolin,1 un,"€458,00/un","€458,00/un"
Colchão Molas Ensacadas King 180x200cm Tiana,Pikolin,1 un,"€1,614,00/un","€1,614,00/un"
Colchão Molas Ensacadas Casal 150x190cm Celeste,Pikolin,1 un,"€714,00/un","€714,00/un"
Conjunto Lençóis Térmicos 230x270cm Xadrez Vermelho,Kasa,1 un,"€19,00/un","€19,00/un"
Conjunto Lençóis 160x270cm Riscas Azul,Kasa,1 un,"€24,00/un","€24,00/un"
Conjunto Lençóis 260x270cm Riscas Rosa,Kasa,1 un,"€39,00/un","€39,00/un"
Manta Favo Algodão 160x240cm Cinza,FIO LUSO,1 un,"€39,90/un","€39,90/un"
Conjunto Colchão Espuma Solteiro e Base Tapizada 90x200cm Original,Emma,1 un,"€658,00/un","€658,00/un"
Colchão Molas Ensacadas Casal 160x190cm Seaqual Pocket,Molaflex,1 un,"€1,049,00/un","€1,049,00/un"
Colchão Molas Ensacadas Solteiro 105x190cm Seaqual Pocket,Molaflex,1 un,"€699,00/un","€699,00/un"
Colchão Molas Contínuas Solteiro 80x190cm Seaqual Multi,Molaflex,1 un,"€549,00/un","€549,00/un"
Colchão Molas Contínuas King 200x200cm Care Multisense,Molaflex,1 un,"€2,245,00/un","€2,245,00/un"
Colchão Molas Contínuas Solteiro 90x195cm Kasa Spring,Molaflex,1 un,"€139,00/un","€139,00/un"
Colchão Molas Contínuas Solteiro 90x200cm Kasa Spring,Molaflex,1 un,"€139,00/un","€139,00/un"
Almofada Básica 45x60cm,Kasa,1 un,"€2,50/un","€2,50/un"
Estrado Cama Solteiro 105x195cm Madeira e Metal Lamiflex Dormilón,Molaflex,1 un,"€75,00/un","€75,00/un"
Colchão Molas Normablock Solteiro 90x200cm Elva Nbk,Pikolin,1 un,"€289,00/un","€289,00/un"
Colchão Molas Ensacadas Solteiro 90x195cm Celeste,Pikolin,1 un,"€497,00/un","€497,00/un"
Colchão Molas Normablock Solteiro 90x190cm Ondine,Pikolin,1 un,"€321,00/un","€321,00/un"
Colchão Espuma HR Visco Casal 160x195cm Nayade,Pikolin,1 un,"€750,00/un","€750,00/un"
Colchão Molas Normablock Solteiro 133x182cm Sereia,Pikolin,1 un,"€929,00/un","€929,00/un"
Colchão Espuma HR Visco Casal 140x195cm Nayade,Pikolin,1 un,"€612,00/un","€612,00/un"
Colchão Espuma HR Adaptex e Fibra Air Tech Casal 160x190cm Navi,Pikolin,1 un,"€566,00/un","€566,00/un"
Colchão Molas Normablock Casal 160x195cm Bruma,Pikolin,1 un,"€356,00/un","€356,00/un"
Colchão Molas Normablock Casal 160x190cm Bruma,Pikolin,1 un,"€336,00/un","€336,00/un"
Colchão Molas Ensacadas Solteiro 90x190cm Tiana,Pikolin,1 un,"€806,00/un","€806,00/un"
Colchão Molas Ensacadas Solteiro 133x182cm Tiana,Pikolin,1 un,"€1,048,00/un","€1,048,00/un"
Colchão Espuma HR Adaptex Casal 150x200cm Elva,Pikolin,1 un,"€482,00/un","€482,00/un"
Colchão Molas Ensacadas Casal 140x200cm Tiana,Pikolin,1 un,"€1,222,00/un","€1,222,00/un"
Manta Polar 130x160cm Xadrez Vermelho,Kasa,1 un,"€8,00/un","€8,00/un"
Colchão Molas Contínuas Solteiro 80 x 200cm Yin Multi,Molaflex,1 un,"€399,00/un","€399,00/un"
Conjunto Lençóis 260x270cm Riscas Azul,Kasa,1 un,"€39,00/un","€39,00/un"
Base de Cama Tapizada Casal 150x190cm,Emma,1 un,"€329,00/un","€329,00/un"
Base de Cama Tapizada Solteiro 135x190cm,Emma,1 un,"€279,00/un","€279,00/un"
Colchão Molas Contínuas Solteiro 105x200cm Seaqual Multi,Molaflex,1 un,"€599,00/un","€599,00/un"
Conjunto Colchão Espuma Solteiro e Base Tapizada 90x190cm Original,Emma,1 un,"€658,00/un","€658,00/un"
Colchão Molas Ensacadas Solteiro 120x195cm Seaqual Pocket,Molaflex,1 un,"€849,00/un","€849,00/un"
Colchão Molas Contínuas Casal 150x195cm Care Multisense,Molaflex,1 un,"€749,00/un","€749,00/un"
Colchão Molas Contínuas Solteiro 80x200cm Seaqual Multi,Molaflex,1 un,"€549,00/un","€549,00/un"
Colchão Molas Ensacadas Solteiro 95x200cm Seaqual Pocket,Molaflex,1 un,"€649,00/un","€649,00/un"
Colchão Molas Contínuas Casal 150x190cm Seaqual Multi,Molaflex,1 un,"€799,00/un","€799,00/un"
Colchão Molas Contínuas Casal 160x190cm Seaqual Multi,Molaflex,1 un,"€899,00/un","€899,00/un"
Colchão Molas Ensacadas Casal 140x195cm Seaqual Pocket,Molaflex,1 un,"€849,00/un","€849,00/un"
Colchão Molas Ensacadas Casal 150x200cm Seaqual Pocket,Molaflex,1 un,"€949,00/un","€949,00/un"
Colchão Molas Contínuas Solteiro 128x183cm Care Multisense,Molaflex,1 un,"€599,00/un","€599,00/un"
Colchão Molas Normablock Casal 140x195cm Sereia,Pikolin,1 un,"€1,044,00/un","€1,044,00/un"
Colchão Molas Normablock Casal 150x195cm Ondine,Pikolin,1 un,"€523,00/un","€523,00/un"
Colchão Molas Ensacadas Solteiro 90x190cm Celeste,Pikolin,1 un,"€469,00/un","€469,00/un"
Colchão Espuma HR Visco Casal 160x190cm Nayade,Pikolin,1 un,"€708,00/un","€708,00/un"
Colchão Molas Normablock Casal 160x190cm Brigitte,Pikolin,1 un,"€1,404,00/un","€1,404,00/un"
Manta Borreguito 200x220cm Folhas Verde Bohotanic,Kasa,1 un,"€29,00/un","€29,00/un"
Colchão Molas Ensacadas Casal 160x190cm Cirene,Pikolin,1 un,"€977,00/un","€977,00/un"
Colchão Molas Ensacadas Solteiro 90x190cm Cirene,Pikolin,1 un,"€558,00/un","€558,00/un"
Colchão Espuma HR Adaptex e Fibra Air Tech Casal 160x195cm Navi,Pikolin,1 un,"€600,00/un","€600,00/un"
Colchão Espuma HR Adaptex e Fibra Air Tech King 180x200cm Navi,Pikolin,1 un,"€671,00/un","€671,00/un"
Colchão Molas Normablock Solteiro 90x200cm Brigitte,Pikolin,1 un,"€913,00/un","€913,00/un"
Saco Água Quente 2L Azul Dino Friends,Kasa,1 un,"€6,00/un","€6,00/un"
Conjunto Colchão Espuma Casal e Base Tapizada 160x200cm Original,Emma,1 un,"€1,128,00/un","€1,128,00/un"
Colchão Molas Ensacadas Solteiro 88x183cm Seaqual Pocket,Molaflex,1 un,"€649,00/un","€649,00/un"
Colchão Molas Contínuas Solteiro 133x183cm Seaqual Multi,Molaflex,1 un,"€699,00/un","€699,00/un"
Colchão Molas Contínuas Solteiro 80x190cm Care Multisense,Molaflex,1 un,"€448,00/un","€448,00/un"
Colchão Molas Contínuas Solteiro 98x183cm Seaqual Multi,Molaflex,1 un,"€549,00/un","€549,00/un"
Colchão Molas Ensacadas Solteiro 105x195cm Seaqual Pocket,Molaflex,1 un,"€699,00/un","€699,00/un"
Almofada Microfibra 45x60cm,Kasa,1 un,"€30,00/un","€30,00/un"
Estrado Cama Solteiro 135x200cm Madeira e Metal Lamiflex Dormilón,Molaflex,1 un,"€89,00/un","€89,00/un"
Estrado Cama Solteiro 120x200cm Madeira e Metal Lamiflex Dormilón,Molaflex,1 un,"€89,00/un","€89,00/un"
Colchão Espuma HR Adaptex Casal 150x195cm Elva,Pikolin,1 un,"€465,00/un","€465,00/un"
Colchão Molas Ensacadas Solteiro 90x195cm Cirene,Pikolin,1 un,"€592,00/un","€592,00/un"
Colchão Molas Normablock Casal 150x195cm Elva Nbk,Pikolin,1 un,"€431,00/un","€431,00/un"
Colchão Molas Normablock King 180x200cm Marin,Pikolin,1 un,"€914,00/un","€914,00/un"
Colchão Molas Normablock Casal 150x195cm Sereia,Pikolin,1 un,"€1,124,00/un","€1,124,00/un"
Colchão Espuma HR Adaptex Casal 140x195cm Elva,Pikolin,1 un,"€431,00/un","€431,00/un"
Colchão Espuma HR Visco Casal 150x190cm Nayade,Pikolin,1 un,"€622,00/un","€622,00/un"
Colchão Molas Normablock Solteiro 90x195cm Sereia,Pikolin,1 un,"€733,00/un","€733,00/un"
Colchão Molas Contínuas Solteiro 80 x 183cm Yin Multi,Molaflex,1 un,"€399,00/un","€399,00/un"
Colchão Molas Contínuas Casal 180 x 195cm Yin Multi,Molaflex,1 un,"€659,00/un","€659,00/un"
Colchão Espuma Solteiro 80x183cm Tao Memosense,Molaflex,1 un,"€439,00/un","€439,00/un"
Colchão Espuma Solteiro 105x195cm Yin Sense,Molaflex,1 un,"€439,00/un","€439,00/un"
Colchão Espuma Solteiro 98x183cm Tao Memosense,Molaflex,1 un,"€449,00/un","€449,00/un"
Colchão Molas Contínuas Solteiro 123 x 183cm Yin Multi,Molaflex,1 un,"€499,00/un","€499,00/un"
Colchão Espuma Solteiro 128x183cm Tao Memosense,Molaflex,1 un,"€599,00/un","€599,00/un"
Colchão Espuma Casal 150x200cm Tao Memosense,Molaflex,1 un,"€749,00/un","€749,00/un"
Conjunto Lençóis Algodão 160x270cm Rosa Fadas,Kasa,1 un,"€24,00/un","€24,00/un"
Conjunto Capa Edredão Flanela 240x220cm Xadrez Vermelho e Cru,Kasa,1 un,"€35,00/un","€35,00/un"
Conjunto Colchão Espuma Casal e Base Tapizada 150x200cm Original,Emma,1 un,"€978,00/un","€978,00/un"
Colchão Molas Contínuas Casal 160x195cm Seaqual Multi,Molaflex,1 un,"€899,00/un","€899,00/un"
Colchão Molas Ensacadas Solteiro 80x183cm Seaqual Pocket,Molaflex,1 un,"€649,00/un","€649,00/un"
Colchão Molas Contínuas Solteiro 95x190cm Seaqual Multi,Molaflex,1 un,"€549,00/un","€549,00/un"
Colchão Molas Contínuas Solteiro 120x195cm Seaqual Multi,Molaflex,1 un,"€699,00/un","€699,00/un"
Colchão Molas Ensacadas Solteiro 90x200cm Seaqual Pocket,Molaflex,1 un,"€649,00/un","€649,00/un"
Colchão Molas Contínuas Solteiro 120x200cm Seaqual Multi,Molaflex,1 un,"€699,00/un","€699,00/un"
Colchão Molas Contínuas Solteiro 123x183cm Care Multisense,Molaflex,1 un,"€599,00/un","€599,00/un"
Colchão Molas Contínuas Casal 160x200cm Seaqual Multi,Molaflex,1 un,"€899,00/un","€899,00/un"
Colchão Molas Contínuas Casal 160x195cm Kasa Spring,Molaflex,1 un,"€199,00/un","€199,00/un"
Almofada Ergonómica Viscoelástica 45x60cm,Kasa,1 un,"€35,00/un","€35,00/un"
Conjunto Lençóis Bordado Nuvem e Lua Azul,Mon Baby,1 un,"€19,99/un","€19,99/un"
Colchão Espuma HR Adaptex e Fibra Air Tech Solteiro 90x190cm Navi,Pikolin,1 un,"€325,00/un","€325,00/un"
Manta Borreguito 200x220cm Cinza,Kasa,1 un,"€29,00/un","€29,00/un"
Colchão Molas Normablock King 180x200cm Ondine,Pikolin,1 un,"€665,00/un","€665,00/un"
Colchão Molas Normablock Casal 140x190cm Bruma,Pikolin,1 un,"€274,00/un","€274,00/un"
Colchão Espuma HR Visco Casal 150x195cm Nayade,Pikolin,1 un,"€659,00/un","€659,00/un"
Colchão Molas Ensacadas Casal 160x200cm Celeste,Pikolin,1 un,"€895,00/un","€895,00/un"
Colchão Espuma HR Adaptex e Fibra Air Tech Solteiro 133x182cm Navi,Pikolin,1 un,"€435,00/un","€435,00/un"
Colchão Molas Normablock Casal 140x190cm Marin,Pikolin,1 un,"€630,00/un","€630,00/un"
Colchão Molas Normablock Solteiro 90x190cm Sereia,Pikolin,1 un,"€691,00/un","€691,00/un"
Colchão Espuma HR Adaptex e Fibra Air Tech Solteiro 90x195cm Navi,Pikolin,1 un,"€345,00/un","€345,00/un"
Colchão Molas Normablock King 180x200cm Brigitte,Pikolin,1 un,"€1,664,00/un","€1,664,00/un"
Colchão Molas Normablock Solteiro 90x195cm Marin,Pikolin,1 un,"€471,00/un","€471,00/un"
Colchão Molas Normablock Solteiro 90x200cm Marin,Pikolin,1 un,"€489,00/un","€489,00/un"
Colchão Molas Normablock Solteiro 90x195cm Elva Nbk,Pikolin,1 un,"€278,00/un","€278,00/un"
Colchão Molas Normablock Casal 150x190cm Bruma,Pikolin,1 un,"€294,00/un","€294,00/un"
Colchão Molas Normablock Casal 160x200cm Elva Nbk,Pikolin,1 un,"€510,00/un","€510,00/un"
Colchão Molas Ensacadas Casal 160x190cm Celeste,Pikolin,1 un,"€813,00/un","€813,00/un"
Colchão Molas Normablock Casal 150x195cm Bruma,Pikolin,1 un,"€312,00/un","€312,00/un"
Colchão Molas Normablock Casal 150x195cm Marin,Pikolin,1 un,"€718,00/un","€718,00/un"
Colchão Molas Normablock Casal 140x200cm Elva Nbk,Pikolin,1 un,"€416,00/un","€416,00/un"
Almofada Microfibra 40x70cm Emma,Emma,1 un,"€62,90/un","€62,90/un"
Colchão Molas Contínuas Casal 160 x 190cm Yin Multi,Molaflex,1 un,"€599,00/un","€599,00/un"
Colchão Molas Contínuas Solteiro 80 x 195cm Yin Multi,Molaflex,1 un,"€399,00/un","€399,00/un"
Colchão Espuma Casal 180x200cm Yin Sense,Molaflex,1 un,"€659,00/un","€659,00/un"
Almofada Flocos Fibra 45x60cm,Kasa,1 un,"€12,00/un","€12,00/un"
Conjunto Capa Edredão Algodão 160x220cm Azul Animais,Kasa,1 un,"€20,00/un","€20,00/un"
Saco Água Quente 2L Xadrez Vermelho,Kasa,1 un,"€6,00/un","€6,00/un"
Conjunto Lençóis 220x270cm Riscas Azul,Kasa,1 un,"€34,00/un","€34,00/un"
Colchão Molas Contínuas Solteiro 80x183cm Seaqual Multi,Molaflex,1 un,"€549,00/un","€549,00/un"
Conjunto Lençóis Bordado Nuvem e Lua Rosa,Mon Baby,1 un,"€19,99/un","€19,99/un"
Tabuleiro de Arrumação 5 Divisórias,Bazarão,emb. 1 un,"€9,99/un","€9,99/un"
Colchão Molas Contínuas Solteiro 80x195cm Seaqual Multi,Molaflex,1 un,"€549,00/un","€549,00/un"
Colchão Molas Contínuas Casal 180x195cm Seaqual Multi,Molaflex,1 un,"€999,00/un","€999,00/un"
Colchão Molas Ensacadas Solteiro 133x183cm Seaqual Pocket,Molaflex,1 un,"€849,00/un","€849,00/un"
Colchão Molas Ensacadas Casal 200x200cm Seaqual Pocket,Molaflex,1 un,"€1,299,00/un","€1,299,00/un"
Colchão Molas Contínuas Solteiro 118x183cm Care Multisense,Molaflex,1 un,"€599,00/un","€599,00/un"
Colchão Molas Ensacadas Casal 160x200cm Cirene,Pikolin,1 un,"€1,074,00/un","€1,074,00/un"
Colchão Espuma HR Adaptex Casal 160x195cm Elva,Pikolin,1 un,"€529,00/un","€529,00/un"
Colchão Molas Ensacadas Casal 150x195cm Cirene,Pikolin,1 un,"€909,00/un","€909,00/un"
Colchão Molas Normablock Solteiro 133x182cm Bruma,Pikolin,1 un,"€258,00/un","€258,00/un"
Colchão Molas Ensacadas King 180x200cm Celeste,Pikolin,1 un,"€964,00/un","€964,00/un"
Colchão Molas Normablock Casal 160x200cm Bruma,Pikolin,1 un,"€370,00/un","€370,00/un"
Colchão Molas Normablock Casal 150x200cm Sereia,Pikolin,1 un,"€1,167,00/un","€1,167,00/un"
Colchão Espuma HR Adaptex e Fibra Air Tech Casal 150x195cm Navi,Pikolin,1 un,"€527,00/un","€527,00/un"
Colchão Espuma HR Visco King 180x200cm Nayade,Pikolin,1 un,"€839,00/un","€839,00/un"
Colchão Molas Normablock Casal 150x200cm Bruma,Pikolin,1 un,"€324,00/un","€324,00/un"
Colchão Molas Normablock Casal 160x190cm Ondine,Pikolin,1 un,"€562,00/un","€562,00/un"
Edredão Polar Borreguito Bege 140x220cm,Kasa,1 un,"€30,00/un","€30,00/un"
Almofada Espuma 40x70cm,Emma,1 un,"€74,90/un","€74,90/un"
Colchão Espuma Solteiro 90x200cm Tao Memosense,Molaflex,1 un,"€449,00/un","€449,00/un"
Colchão Molas Contínuas Solteiro 95x200cm Seaqual Multi,Molaflex,1 un,"€549,00/un","€549,00/un"
Conjunto Colchão Espuma King e Base Tapizada 200x200cm Original,Emma,1 un,"€1,298,00/un","€1,298,00/un"
Colchão Molas Contínuas Solteiro 90x200cm Seaqual Multi,Molaflex,1 un,"€549,00/un","€549,00/un"
Colchão Molas Contínuas Casal 180x200cm Seaqual Multi,Molaflex,1 un,"€999,00/un","€999,00/un"
Colchão Molas Ensacadas Casal 180x200cm Seaqual Pocket,Molaflex,1 un,"€1,199,00/un","€1,199,00/un"
Colchão Molas Contínuas Solteiro 105x190cm Seaqual Multi,Molaflex,1 un,"€599,00/un","€599,00/un"
Colchão Molas Contínuas Casal 140x195cm Care Multisense,Molaflex,1 un,"€599,00/un","€599,00/un"
Colchão Molas Ensacadas Solteiro 118x183cm Seaqual Pocket,Molaflex,1 un,"€849,00/un","€849,00/un"
Estrado Cama Solteiro 105x200cm Madeira e Metal Lamiflex Dormilón,Molaflex,1 un,"€75,00/un","€75,00/un"
Estrado Cama Solteiro 105x190cm Madeira e Metal Lamiflex Dormilón,Molaflex,1 un,"€75,00/un","€75,00/un"
Estrado Cama Solteiro 80x195cm Madeira e Metal Lamiflex Dormilón,Molaflex,1 un,"€67,00/un","€67,00/un"
Colchão Espuma HR Adaptex e Fibra Air Tech Casal 150x190cm Navi,Pikolin,1 un,"€497,00/un","€497,00/un"
Colchão Molas Normablock Casal 150x190cm Brigitte,Pikolin,1 un,"€1,233,00/un","€1,233,00/un"
Colchão Molas Normablock Casal 160x200cm Sereia,Pikolin,1 un,"€1,329,00/un","€1,329,00/un"
Colchão Molas Ensacadas Casal 140x190cm Celeste,Pikolin,1 un,"€664,00/un","€664,00/un"
Colchão Molas Normablock Solteiro 90x190cm Brigitte,Pikolin,1 un,"€830,00/un","€830,00/un"
Manta Coral 125x150cm Amarela,Kasa,1 un,"€9,00/un","€9,00/un"
Colchão Molas Normablock Casal 140x195cm Marin,Pikolin,1 un,"€667,00/un","€667,00/un"
Colchão Molas Normablock Solteiro 90x195cm Bruma,Pikolin,1 un,"€196,00/un","€196,00/un"
Colchão Molas Ensacadas Casal 140x190cm Cirene,Pikolin,1 un,"€796,00/un","€796,00/un"
Colchão Espuma HR Visco Casal 140x190cm Nayade,Pikolin,1 un,"€578,00/un","€578,00/un"
Colchão Espuma HR Adaptex e Fibra Air Tech Casal 140x195cm Navi,Pikolin,1 un,"€489,00/un","€489,00/un"
Colchão Espuma Solteiro 135x190cm Tao Memosense,Molaflex,1 un,"€599,00/un","€599,00/un"
Colchão Molas Contínuas Solteiro 118 x 183cm Yin Multi,Molaflex,1 un,"€499,00/un","€499,00/un"
Colchão Molas Contínuas Solteiro 135 x 200cm Yin Multi,Molaflex,1 un,"€499,00/un","€499,00/un"
Colchão Espuma Solteiro 95x190cm Tao Memosense,Molaflex,1 un,"€449,00/un","€449,00/un"
Colchão Espuma Solteiro 133x183cm Tao Memosense,Molaflex,1 un,"€599,00/un","€599,00/un"
Colchão Espuma Casal 200x200cm Tao Memosense,Molaflex,1 un,"€1,798,00/un","€1,798,00/un"
Base de Cama Tapizada King 200x200cm,Emma,1 un,"€399,00/un","€399,00/un"
Colchão Molas Contínuas Casal 150x200cm Seaqual Multi,Molaflex,1 un,"€799,00/un","€799,00/un"
Colchão Molas Ensacadas Solteiro 95x190cm Seaqual Pocket,Molaflex,1 un,"€649,00/un","€649,00/un"
Almofada Flocos Espuma 45x60cm,Kasa,1 un,"€10,00/un","€10,00/un"
Colchão Molas Normablock Casal 150x190cm Elva Nbk,Pikolin,1 un,"€407,00/un","€407,00/un"
Colchão Espuma HR Adaptex Casal 140x200cm Elva,Pikolin,1 un,"€448,00/un","€448,00/un"
Colchão Molas Normablock Casal 160x195cm Elva Nbk,Pikolin,1 un,"€491,00/un","€491,00/un"
Manta Coral 200x220cm Flores Amarela Bohotanic,Kasa,1 un,"€18,00/un","€18,00/un"
Colchão Molas Normablock Casal 140x190cm Elva Nbk,Pikolin,1 un,"€378,00/un","€378,00/un"
Colchão Molas Ensacadas Solteiro 90x200cm Tiana,Pikolin,1 un,"€887,00/un","€887,00/un"
Colchão Espuma HR Adaptex e Fibra Air Tech Casal 140x190cm Navi,Pikolin,1 un,"€462,00/un","€462,00/un"
Colchão Molas Ensacadas Casal 150x190cm Tiana,Pikolin,1 un,"€1,196,00/un","€1,196,00/un"
Colchão Molas Ensacadas Solteiro 133x182cm Celeste,Pikolin,1 un,"€626,00/un","€626,00/un"
Colchão Molas Ensacadas Casal 150x200cm Tiana,Pikolin,1 un,"€1,316,00/un","€1,316,00/un"
Colchão Espuma Solteiro 95x195cm Tao Memosense,Molaflex,1 un,"€449,00/un","€449,00/un"
Colchão Espuma Solteiro 80x190cm Tao Memosense,Molaflex,1 un,"€439,00/un","€439,00/un"
Colchão Molas Contínuas Solteiro 95 x 200cm Yin Multi,Molaflex,1 un,"€399,00/un","€399,00/un"
Colchão Espuma Solteiro 88x183cm Tao Memosense,Molaflex,1 un,"€449,00/un","€449,00/un"
Colchão Espuma Solteiro 105x190cm Yin Sense,Molaflex,1 un,"€439,00/un","€439,00/un"
Colchão Espuma Casal 180x195cm Yin Sense,Molaflex,1 un,"€659,00/un","€659,00/un"
Conjunto Lençóis Algodão 160x270cm Azul Space,Kasa,1 un,"€24,00/un","€24,00/un"
Colchão Molas Ensacadas Solteiro 120x200cm Seaqual Pocket,Molaflex,1 un,"€849,00/un","€849,00/un"
Conjunto Capa Edredão Microfibra 240x260cm Riscas Beges,Kasa,1 un,"€18,00/un","€18,00/un"
Base de Cama Tapizada Casal 180x200cm,Emma,1 un,"€389,00/un","€389,00/un"
Base de Cama Tapizada Solteiro 90x200cm,Emma,1 un,"€199,00/un","€199,00/un"
Colchão Molas Contínuas Solteiro 105x195cm Seaqual Multi,Molaflex,1 un,"€599,00/un","€599,00/un"
Colchão Molas Ensacadas Casal 150x190cm Seaqual Pocket,Molaflex,1 un,"€949,00/un","€949,00/un"
Colchão Molas Ensacadas Solteiro 95x195cm Seaqual Pocket,Molaflex,1 un,"€649,00/un","€649,00/un"
Colchão Molas Ensacadas Solteiro 80x195cm Seaqual Pocket,Molaflex,1 un,"€649,00/un","€649,00/un"
Manta Favo Algodão 120x170cm Cinza,FIO LUSO,1 un,"€29,90/un","€29,90/un"
Colchão Molas Contínuas Solteiro 95x190cm Kasa Spring,Molaflex,1 un,"€139,00/un","€139,00/un"
Almofada Fibra Natural Kapok 45x60cm,Kasa,1 un,"€40,00/un","€40,00/un"
Estrado Cama Solteiro 135x190cm Madeira e Metal Lamiflex Dormilón,Molaflex,1 un,"€89,00/un","€89,00/un"
Estrado Cama Solteiro 90x195cm Madeira e Metal Lamiflex Dormilón,Molaflex,1 un,"€67,00/un","€67,00/un"
Estrado Cama Solteiro 95x190cm Madeira e Metal Lamiflex Dormilón,Molaflex,1 un,"€67,00/un","€67,00/un"
Colchão Molas Ensacadas Casal 150x195cm Tiana,Pikolin,1 un,"€1,268,00/un","€1,268,00/un"
Colchão Molas Ensacadas Casal 150x195cm Celeste,Pikolin,1 un,"€757,00/un","€757,00/un"
Colchão Espuma HR Adaptex Solteiro 133x182cm Elva,Pikolin,1 un,"€384,00/un","€384,00/un"
Colchão Molas Normablock Casal 150x200cm Ondine,Pikolin,1 un,"€543,00/un","€543,00/un"
Colchão Molas Normablock Casal 160x195cm Sereia,Pikolin,1 un,"€1,280,00/un","€1,280,00/un"
Colchão Molas Ensacadas Casal 140x195cm Cirene,Pikolin,1 un,"€844,00/un","€844,00/un"
Colchão Espuma HR Adaptex Casal 160x200cm Elva,Pikolin,1 un,"€548,00/un","€548,00/un"
Colchão Molas Normablock Casal 140x200cm Ondine,Pikolin,1 un,"€503,00/un","€503,00/un"
Colchão Molas Normablock Casal 150x190cm Marin,Pikolin,1 un,"€678,00/un","€678,00/un"
Colchão Espuma HR Visco Solteiro 133x182cm Nayade,Pikolin,1 un,"€545,00/un","€545,00/un"
Colchão Molas Normablock Casal 150x195cm Brigitte,Pikolin,1 un,"€1,307,00/un","€1,307,00/un"
Colchão Molas Normablock Casal 140x195cm Elva Nbk,Pikolin,1 un,"€401,00/un","€401,00/un"
Colchão Molas Normablock Casal 150x200cm Marin,Pikolin,1 un,"€745,00/un","€745,00/un"
Colchão Espuma HR Visco Solteiro 90x200cm Nayade,Pikolin,1 un,"€430,00/un","€430,00/un"
Colchão Espuma Solteiro 80x183cm Yin Sense,Molaflex,1 un,"€399,00/un","€399,00/un"
Colchão Espuma Solteiro 80x195cm Yin Sense,Molaflex,1 un,"€399,00/un","€399,00/un"
Colchão Espuma Solteiro 95x190cm Yin Sense,Molaflex,1 un,"€399,00/un","€399,00/un"
Colchão Molas Contínuas Casal 150 x 200cm Yin Multi,Molaflex,1 un,"€599,00/un","€599,00/un"
Colchão Espuma Solteiro 133x183cm Yin Sense,Molaflex,1 un,"€499,00/un","€499,00/un"
Colchão Espuma Solteiro 135x200cm Yin Sense,Molaflex,1 un,"€499,00/un","€499,00/un"
Conjunto Capa Edredão Algodão 160x220cm Branco e Rosa Unicórnio,Kasa,1 un,"€20,00/un","€20,00/un"
Conjunto Capa Edredão Algodão 160x220cm Branco Carros,Kasa,1 un,"€20,00/un","€20,00/un"
Colchão Molas Contínuas Solteiro 120x190cm Care Multisense,Molaflex,1 un,"€599,00/un","€599,00/un"
Conjunto Colchão Espuma Casal e Base Tapizada 150x190cm Original,Emma,1 un,"€978,00/un","€978,00/un"
Colchão Molas Ensacadas Solteiro 80x200cm Seaqual Pocket,Molaflex,1 un,"€649,00/un","€649,00/un"
Colchão Molas Contínuas Solteiro 105x195cm Care Multisense,Molaflex,1 un,"€499,00/un","€499,00/un"
Colchão Molas Contínuas Solteiro 120x195cm Care Multisense,Molaflex,1 un,"€599,00/un","€599,00/un"
Colchão Molas Contínuas Solteiro 95x195cm Care Multisense,Molaflex,1 un,"€448,00/un","€448,00/un"
Colchão Molas Contínuas Casal 150x190cm Kasa Spring,Molaflex,1 un,"€199,00/un","€199,00/un"
Almofada Anatómica 35x50cm,Kasa,1 un,"€12,60/un","€12,60/un"
Colchão Molas Ensacadas Casal 140x195cm Celeste,Pikolin,1 un,"€704,00/un","€704,00/un"
Colchão Molas Normablock Solteiro 90x195cm Brigitte,Pikolin,1 un,"€880,00/un","€880,00/un"
Colchão Espuma HR Visco Casal 150x200cm Nayade,Pikolin,1 un,"€684,00/un","€684,00/un"
Colchão Espuma HR Adaptex e Fibra Air Tech Casal 160x200cm Navi,Pikolin,1 un,"€623,00/un","€623,00/un"
Colchão Molas Ensacadas Casal 160x200cm Tiana,Pikolin,1 un,"€1,499,00/un","€1,499,00/un"
Colchão Molas Ensacadas Casal 140x200cm Celeste,Pikolin,1 un,"€730,00/un","€730,00/un"
Colchão Espuma HR Adaptex e Fibra Air Tech Casal 140x200cm Navi,Pikolin,1 un,"€508,00/un","€508,00/un"
Colchão Molas Ensacadas Solteiro 90x200cm Celeste,Pikolin,1 un,"€515,00/un","€515,00/un"
Colchão Molas Ensacadas King 180x200cm Cirene,Pikolin,1 un,"€1,157,00/un","€1,157,00/un"
Colchão Molas Ensacadas Casal 150x200cm Cirene,Pikolin,1 un,"€943,00/un","€943,00/un"
Colchão Molas Normablock Casal 140x200cm Bruma,Pikolin,1 un,"€301,00/un","€301,00/un"
Colchão Espuma HR Adaptex Solteiro 90x200cm Elva,Pikolin,1 un,"€311,00/un","€311,00/un"
Colchão Espuma Solteiro 120x195cm Tao Memosense,Molaflex,1 un,"€599,00/un","€599,00/un"
Colchão Espuma Solteiro 95x200cm Tao Memosense,Molaflex,1 un,"€449,00/un","€449,00/un"
Colchão Espuma Solteiro 118x183cm Yin Sense,Molaflex,1 un,"€499,00/un","€499,00/un"
Colchão Espuma Solteiro 120x195cm Yin Sense,Molaflex,1 un,"€499,00/un","€499,00/un"
Conjunto Capa Edredão Flanela 260x240cm Xadrez Vermelho e Cru,Kasa,1 un,"€39,00/un","€39,00/un"
Conjunto Lençóis Algodão 160x270cm Azul Animais,Kasa,1 un,"€22,00/un","€22,00/un"
Base de Cama Tapizada Casal 140x200cm,Emma,1 un,"€299,00/un","€299,00/un"
Colchão Molas Ensacadas Solteiro 128x183cm Seaqual Pocket,Molaflex,1 un,"€849,00/un","€849,00/un"
Colchão Molas Contínuas Casal 200x200cm Seaqual Multi,Molaflex,1 un,"€1,149,00/un","€1,149,00/un"
Colchão Molas Contínuas Casal 160x195cm Care Multisense,Molaflex,1 un,"€749,00/un","€749,00/un"
Colchão Molas Contínuas Solteiro 95x200cm Care Multisense,Molaflex,1 un,"€448,00/un","€448,00/un"
Colchão Molas Contínuas Solteiro 128x183cm Seaqual Multi,Molaflex,1 un,"€699,00/un","€699,00/un"
Colchão Molas Ensacadas Solteiro 90x195cm Seaqual Pocket,Molaflex,1 un,"€649,00/un","€649,00/un"
Colchão Molas Contínuas Solteiro 80x200cm Care Multisense,Molaflex,1 un,"€448,00/un","€448,00/un"
Manta Favo Algodão 120x170cm Mostarda,FIO LUSO,1 un,"€29,90/un","€29,90/un"
Colchão Molas Ensacadas Casal 160x195cm Cirene,Pikolin,1 un,"€1,035,00/un","€1,035,00/un"
Colchão Molas Ensacadas Casal 160x195cm Celeste,Pikolin,1 un,"€862,00/un","€862,00/un"
Colchão Espuma HR Adaptex Solteiro 90x190cm Elva,Pikolin,1 un,"€282,00/un","€282,00/un"
Colchão Molas Normablock Solteiro 133x182cm Elva Nbk,Pikolin,1 un,"€357,00/un","€357,00/un"
Colchão Molas Normablock Solteiro 90x190cm Bruma,Pikolin,1 un,"€185,00/un","€185,00/un"
Colchão Espuma HR Adaptex Casal 160x190cm Elva,Pikolin,1 un,"€499,00/un","€499,00/un"
Colchão Molas Normablock Casal 160x190cm Marin,Pikolin,1 un,"€772,00/un","€772,00/un"
Colchão Espuma HR Adaptex e Fibra Air Tech Casal 150x200cm Navi,Pikolin,1 un,"€547,00/un","€547,00/un"
Colchão Molas Ensacadas Casal 150x200cm Celeste,Pikolin,1 un,"€785,00/un","€785,00/un"
Colchão Espuma HR Adaptex e Fibra Air Tech Solteiro 90x200cm Navi,Pikolin,1 un,"€358,00/un","€358,00/un"
Colchão Espuma Casal 180x200cm Tao Memosense,Molaflex,1 un,"€849,00/un","€849,00/un"
Colchão Espuma Solteiro 120x200cm Tao Memosense,Molaflex,1 un,"€599,00/un","€599,00/un"
Colchão Espuma Solteiro 80x190cm Yin Sense,Molaflex,1 un,"€399,00/un","€399,00/un"
Berço Colecho Cinza,Asalvo,1 un,"€149,00/un","€149,00/un"
Conjunto Capa Edredão Algodão 160x220cm Azul Space,Kasa,1 un,"€20,00/un","€20,00/un"
Colchão Espuma Solteiro 105x195cm Tao Memosense,Molaflex,1 un,"€499,00/un","€499,00/un"
Colchão Espuma Solteiro 80x200cm Tao Memosense,Molaflex,1 un,"€449,00/un","€449,00/un"
Colchão Espuma Casal 180x190cm Tao Memosense,Molaflex,1 un,"€849,00/un","€849,00/un"
Colchão Espuma Solteiro 128x183cm Yin Sense,Molaflex,1 un,"€499,00/un","€499,00/un"
Colchão Espuma Casal 180x190cm Yin Sense,Molaflex,1 un,"€659,00/un","€659,00/un"
Colchão Molas Contínuas Casal 180 x 190cm Yin Multi,Molaflex,1 un,"€659,00/un","€659,00/un"
Conjunto Lençóis Algodão 160x270cm Branco e Rosa Unicórnio,Kasa,1 un,"€22,00/un","€22,00/un"
Conjunto Lençóis Algodão 160x270cm Branco Carros,Kasa,1 un,"€22,00/un","€22,00/un"
Conjunto Capa Edredão Algodão 160x220cm Rosa Animais,Kasa,1 un,"€20,00/un","€20,00/un"
Conjunto Colchão Espuma Casal e Base Tapizada 140x190cm Original,Emma,1 un,"€898,00/un","€898,00/un"
Colchão Molas Contínuas Solteiro 95x195cm Seaqual Multi,Molaflex,1 un,"€549,00/un","€549,00/un"
Colchão Molas Ensacadas Casal 160x195cm Seaqual Pocket,Molaflex,1 un,"€1,049,00/un","€1,049,00/un"
Colchão Molas Ensacadas Casal 180x190cm Seaqual Pocket,Molaflex,1 un,"€1,199,00/un","€1,199,00/un"
Colchão Molas Ensacadas Solteiro 123x183cm Seaqual Pocket,Molaflex,1 un,"€849,00/un","€849,00/un"
Conjunto Lençóis Bordado Urso e Lua Cinza,Mon Baby,1 un,"€19,99/un","€19,99/un"
Colchão Molas Normablock Casal 140x195cm Bruma,Pikolin,1 un,"€290,00/un","€290,00/un"
Colchão Molas Normablock Solteiro 133x182cm Brigitte,Pikolin,1 un,"€1,080,00/un","€1,080,00/un"
Colchão Molas Ensacadas Casal 160x195cm Tiana,Pikolin,1 un,"€1,445,00/un","€1,445,00/un"
Colchão Molas Normablock Casal 150x200cm Elva Nbk,Pikolin,1 un,"€448,00/un","€448,00/un"
Colchão Molas Normablock Casal 160x195cm Brigitte,Pikolin,1 un,"€1,489,00/un","€1,489,00/un"
Colchão Espuma Solteiro 135x190cm Yin Sense,Molaflex,1 un,"€499,00/un","€499,00/un"
Colchão Espuma Casal 150x195cm Yin Sense,Molaflex,1 un,"€599,00/un","€599,00/un"
Colchão Espuma Solteiro 120x200cm Yin Sense,Molaflex,1 un,"€499,00/un","€499,00/un"
Colchão Molas Contínuas Casal 150x200cm Care Multisense,Molaflex,1 un,"€749,00/un","€749,00/un"
Colchão Molas Ensacadas Casal 140x190cm Seaqual Pocket,Molaflex,1 un,"€849,00/un","€849,00/un"
Colchão Molas Normablock Casal 160x200cm Ondine,Pikolin,1 un,"€618,00/un","€618,00/un"
Colchão Molas Normablock Casal 160x195cm Marin,Pikolin,1 un,"€818,00/un","€818,00/un"
Colchão Molas Normablock King 180x200cm Bruma,Pikolin,1 un,"€397,00/un","€397,00/un"
Colchão Espuma HR Adaptex Solteiro 90x195cm Elva,Pikolin,1 un,"€299,00/un","€299,00/un"
Colchão Molas Normablock Casal 140x195cm Ondine,Pikolin,1 un,"€485,00/un","€485,00/un"
Colchão Molas Normablock Solteiro 90x195cm Ondine,Pikolin,1 un,"€340,00/un","€340,00/un"
Colchão Molas Ensacadas Casal 160x190cm Tiana,Pikolin,1 un,"€1,363,00/un","€1,363,00/un"
Colchão Espuma HR Visco Casal 140x200cm Nayade,Pikolin,1 un,"€635,00/un","€635,00/un"
Colchão Espuma HR Visco Solteiro 90x190cm Nayade,Pikolin,1 un,"€391,00/un","€391,00/un"
Colchão Molas Normablock Solteiro 133x182cm Ondine,Pikolin,1 un,"€432,00/un","€432,00/un"
Manta Polar 130x160cm All Over Verde Bohotanic,Kasa,1 un,"€8,00/un","€8,00/un"
Colchão Molas Contínuas Solteiro 135 x 190cm Yin Multi,Molaflex,1 un,"€499,00/un","€499,00/un"
Colchão Molas Contínuas Solteiro 120 x 200cm Yin Multi,Molaflex,1 un,"€499,00/un","€499,00/un"
Colchão Molas Contínuas Solteiro 128 x 183cm Yin Multi,Molaflex,1 un,"€499,00/un","€499,00/un"
Colchão Espuma Casal 140x200cm Tao Memosense,Molaflex,1 un,"€599,00/un","€599,00/un"
Colchão Espuma Casal 150x195cm Tao Memosense,Molaflex,1 un,"€749,00/un","€749,00/un"
Colchão Espuma Solteiro 90x195cm Yin Sense,Molaflex,1 un,"€399,00/un","€399,00/un"
Colchão Espuma Solteiro 123x183cm Yin Sense,Molaflex,1 un,"€499,00/un","€499,00/un"
Conjunto Lençóis 160x270cm Riscas Rosa,Kasa,1 un,"€24,00/un","€24,00/un"
Colchão Molas Contínuas Solteiro 118x183cm Seaqual Multi,Molaflex,1 un,"€699,00/un","€699,00/un"
Colchão Molas Ensacadas Solteiro 98x183cm Seaqual Pocket,Molaflex,1 un,"€649,00/un","€649,00/un"
Colchão Molas Contínuas Solteiro 90x190cm Seaqual Multi,Molaflex,1 un,"€549,00/un","€549,00/un"
Colchão Molas Contínuas Solteiro 120x200cm Care Multisense,Molaflex,1 un,"€599,00/un","€599,00/un"
Manta Favo Algodão 120x170cm Verde,FIO LUSO,1 un,"€29,90/un","€29,90/un"
Estrado Cama Solteiro 80x200cm Madeira e Metal Lamiflex Dormilón,Molaflex,1 un,"€67,00/un","€67,00/un"
Colchão Molas Ensacadas Solteiro 133x182cm Cirene,Pikolin,1 un,"€751,00/un","€751,00/un"
Colchão Molas Normablock Casal 160x195cm Ondine,Pikolin,1 un,"€596,00/un","€596,00/un"
Colchão Molas Normablock Casal 150x190cm Ondine,Pikolin,1 un,"€493,00/un","€493,00/un"
Colchão Molas Ensacadas Casal 140x190cm Tiana,Pikolin,1 un,"€1,111,00/un","€1,111,00/un"
Colchão Molas Normablock Casal 140x190cm Sereia,Pikolin,1 un,"€985,00/un","€985,00/un"
Colchão Molas Normablock Solteiro 90x200cm Sereia,Pikolin,1 un,"€760,00/un","€760,00/un"
Colchão Molas Ensacadas Solteiro 90x200cm Cirene,Pikolin,1 un,"€614,00/un","€614,00/un"
Colchão Molas Normablock Casal 160x190cm Elva Nbk,Pikolin,1 un,"€463,00/un","€463,00/un"
Colchão Molas Ensacadas Casal 140x200cm Cirene,Pikolin,1 un,"€876,00/un","€876,00/un"
Colchão Molas Normablock Solteiro 133x182cm Marin,Pikolin,1 un,"€594,00/un","€594,00/un"
Colchão Molas Normablock King 180x200cm Sereia,Pikolin,1 un,"€1,430,00/un","€1,430,00/un"
Colchão Espuma HR Visco Casal 160x200cm Nayade,Pikolin,1 un,"€779,00/un","€779,00/un"
Toalha Lisa 450g/m2,Kasa,1 un,"€2,00/un","€2,00/un"
Balança WC Digital Preta,Kasa,1 un,"€16,00/un","€16,00/un"
Tapete WC,Kasa,1 un,"€9,00/un","€9,00/un"
Piaçaba Aço Inoxidável,Kasa,1 un,"€6,00/un","€6,00/un"
Conjunto 3 Toalhas Lisas 380g/m2,Kasa,1 un,"€10,00/un","€10,00/un"
Cortina WC 180x200cm,Kasa,1 un,"€4,00/un","€4,00/un"
Piaçaba Grés Soft Touch,Kasa,1 un,"€8,00/un","€8,00/un"
Toalha 540g/m2 Bege Barra Linho,Kasa,1 un,"€3,00/un","€3,00/un"
Balde WC Inox Escovado,Kasa,1 un,"€10,00/un","€10,00/un"
Secador Cabelo Viagem 1600W KTHD4500,Kunft,emb. 1 un,"€11,99/un","€11,99/un"
Caixa Lenços Madeira,Kasa,1 un,"€12,00/un","€12,00/un"
Saída Banho 50x70cm Básica Lisa,Kasa,1 un,"€6,00/un","€6,00/un"
Toalha 450g/m2 Riscas Azuis,Kasa,1 un,"€2,50/un","€2,50/un"
Toalha Microalgodão 650g/m2,Kasa,1 un,"€3,50/un","€3,50/un"
Toalha 500g/m2 Cinza Nervuras,Kasa,1 un,"€3,00/un","€3,00/un"
Balança WC Analógica (várias cores),Kasa,1 un,"€8,00/un","€8,00/un"
Piaçaba Plástico Branco,Kasa,1 un,"€1,50/un","€1,50/un"
Piaçaba Cerâmica e Bambu Bege Pastel,Kasa,1 un,"€8,00/un","€8,00/un"
Doseador Grés Soft Touch,Kasa,1 un,"€4,00/un","€4,00/un"
Tapete Banheira Borracha 35x76cm,Kasa,1 un,"€7,00/un","€7,00/un"
Máquina de Cavitação Portátil,Bazarão,emb. 1 un,"€24,99/un","€24,99/un"
Cortina WC 180x200cm,Kasa,1 un,"€8,00/un","€8,00/un"
Cortina WC 180x200cm,Kasa,1 un,"€6,00/un","€6,00/un"
Escova Piaçaba Plástico Branco,Kasa,1 un,"€1,00/un","€1,00/un"
Escova Facial de Silicone,Bazarão,emb. 1 un,"€12,99/un","€12,99/un"
Toalhas Rosto Lisas 400g/m2,Kasa,3 un,"€3,00/un","€1,00/un"
Conjunto 3 Toalhas 380g/m2,Kasa,1 un,"€10,00/un","€10,00/un"
Conjunto Secador de Cabelo e Escova,Bazarão,emb. 1 un,"€15,99/un","€15,99/un"
Balde WC Aço,Kasa,1 un,"€9,00/un","€9,00/un"
Conjunto 3 Acessórios WC Plástico Bege,Kasa,1 un,"€3,00/un","€3,00/un"
Doseador Vidro Vintage,Kasa,1 un,"€6,00/un","€6,00/un"
Toalha 450g/m2 Rosa Jacquard Flora,Kasa,1 un,"€11,00/un","€11,00/un"
Ligação Extensível Chuveiro 170cm,Boost,emb. 1 un,"€10,49/un","€10,49/un"
Tapete Banheira PVC 39x69cm,Kasa,1 un,"€6,00/un","€6,00/un"
Doseador Cerâmica e Cortiça Branco,Kasa,1 un,"€6,00/un","€6,00/un"
Conjunto de Secador de Cabelo e Alisador,Bazarão,emb. 1 un,"€24,99/un","€24,99/un"
Piaçaba Cerâmica e Cortiça Branco,Kasa,1 un,"€8,00/un","€8,00/un"
Saboneteira Vidro Vintage,Kasa,1 un,"€4,00/un","€4,00/un"
Cortina WC 180x200cm,Kasa,1 un,"€10,00/un","€10,00/un"
Copo Plástico Surface,Kasa,1 un,"€2,50/un","€2,50/un"
Saboneteira Grés Soft Touch,Kasa,1 un,"€2,50/un","€2,50/un"
Copo Cerâmica e Cortiça Branco,Kasa,1 un,"€4,00/un","€4,00/un"
Espelho 16x19cm Bambu,Kasa,1 un,"€6,00/un","€6,00/un"
Toalha 450g/m2 Branca Barra Linho,Kasa,1 un,"€2,50/un","€2,50/un"
Conjunto Chuveiro com Ligação e Suporte 125cm,Boost,emb. 1 un,"€12,49/un","€12,49/un"
Doseador Cerâmica e Bambu Pastel,Kasa,1 un,"€6,00/un","€6,00/un"
Espelho Redondo 15cm Inox,Kasa,1 un,"€6,00/un","€6,00/un"
Saboneteira Plástico Surface,Kasa,1 un,"€2,50/un","€2,50/un"
Copo Plástico Bege Touch Surface,Kasa,1 un,"€2,50/un","€2,50/un"
Toalha 450g/m2 Branca Nervuras,Kasa,1 un,"€2,50/un","€2,50/un"
Doseador Plástico Surface,Kasa,1 un,"€2,50/un","€2,50/un"
Copo Aço Inoxidável,Kasa,1 un,"€4,00/un","€4,00/un"
Copo Grés Soft Touch,Kasa,1 un,"€3,00/un","€3,00/un"
Toalha 450g/m2 Branca Barra Pintas,Kasa,1 un,"€2,50/un","€2,50/un"
Saboneteira Plástica Bege Touch Surface,Kasa,1 un,"€2,50/un","€2,50/un"
Copo Cerâmica e Bambu Pastel,Kasa,1 un,"€4,00/un","€4,00/un"
Tapete Banheira PVC 44x44cm,Kasa,1 un,"€5,00/un","€5,00/un"
Porta Algodão Vidro Vintage,Kasa,1 un,"€6,00/un","€6,00/un"
Saboneteira Cerâmica e Bambu Pastel,Kasa,1 un,"€4,00/un","€4,00/un"
Balde WC Plástico 5L Branco,Kasa,1 un,"€4,00/un","€4,00/un"
Copos Vidro Transparente Vintage,Kasa,1 un,"€4,00/un","€4,00/un"
Doseador Aço Inoxidável,Kasa,1 un,"€6,00/un","€6,00/un"
Máquina Pedicure 4 em 1,Bazarão,emb. 1 un,"€12,99/un","€12,99/un"
Porta Algodão Cerâmica e Bambu Pastel,Kasa,1 un,"€6,00/un","€6,00/un"
Depiladora Corporal com Cabo Extensível,Bazarão,emb. 1 un,"€8,99/un","€8,99/un"
Doseador Plástico Bege Touch Surface,Kasa,1 un,"€2,50/un","€2,50/un"
Aparador Multifunções BMT-3187,Becken,emb. 1 un,"€29,99/un","€29,99/un"
Acessório de Banho Dolomita Riscas Amarelas,Kasa,1 un,"€3,00/un","€3,00/un"
Luvas Banho Básicas Lisas,Kasa,2 un,"€1,50/un","€0,75/un"
Aparador Cabelo e Barba BHC 1050,Becken,emb. 1 un,"€22,99/un","€22,99/un"
Tapete Banheira 6 Pés Anti-derrapantes Borracha (várias cores),Kasa,6 un,"€9,00/un","€1,50/un"
Máquina de Barbear HR3053,Proficare,emb. 1 un,"€24,99/un","€24,99/un"
Piaçaba Madeira,Kasa,1 un,"€12,00/un","€12,00/un"
Aparador Cabelo Nixus 902219,Taurus,emb. 1 un,"€29,99/un","€29,99/un"
Máquina de Barbear 3W,Bazarão,emb. 1 un,"€19,99/un","€19,99/un"
Máquina de Barbear,Bazarão,emb. 1 un,"€19,99/un","€19,99/un"
Saboneteira Cerâmica e Cortiça Branca,Kasa,1 un,"€4,00/un","€4,00/un"
Balança WC Digital de Madeira,Bazarão,emb. 1 un,"€9,99/un","€9,99/un"
Doseador Madeira,Kasa,1 un,"€8,00/un","€8,00/un"
Aparador Cabelo com Acessórios,Bazarão,emb. 1 un,"€17,99/un","€17,99/un"
Aparador de Cabelo com Acessórios,Bazarão,emb. 1 un,"€17,99/un","€17,99/un"
Aparador de Cabelo All In One,Bazarão,emb. 1 un,"€14,99/un","€14,99/un"
Tapete WC 70cm Verde,Kasa,1 un,"€10,00/un","€10,00/un"
Tapete WC 70cm Rosa,Kasa,1 un,"€10,00/un","€10,00/un"
Saboneteira Madeira,Kasa,1 un,"€6,00/un","€6,00/un"
Toalha Bidé 500g/m2 Cinza Fio Luso,Fio Luso,1 un,"€3,00/un","€3,00/un"
Toalha Bidé 600g/m2 Preto Fio Luso,Fio Luso,1 un,"€3,00/un","€3,00/un"
Copo Madeira,Kasa,1 un,"€6,00/un","€6,00/un"
Toalha Mãos 500g/m2 Branco Fio Luso,Fio Luso,1 un,"€9,00/un","€9,00/un"
Toalha Bidé 500g/m2 Taupe Fio Luso,Fio Luso,1 un,"€3,00/un","€3,00/un"
Tapete Banho 500g/m2 Cinza Fio Luso,Fio Luso,1 un,"€7,99/un","€7,99/un"
Toalha Mãos 500g/m2 Branco com linho Fio Luso,Fio Luso,1 un,"€10,00/un","€10,00/un"
Doseador Preto Mate,Spirella,1 un,"€14,00/un","€14,00/un"
Toalha Mãos 600g/m2 Preto Fio Luso,Fio Luso,1 un,"€7,99/un","€7,99/un"
Toalhão 500g/m2 Prata Fio Luso,Fio Luso,1 un,"€22,50/un","€22,50/un"
Copo Preto Mate,Spirella,1 un,"€9,00/un","€9,00/un"
"Balde WC 4,5L Branco",Kasa,1 un,"€12,00/un","€12,00/un"
Tapete Banho 500g/m2 Bege Fio Luso,Fio Luso,1 un,"€7,99/un","€7,99/un"
Toalha Mãos 600g/m2 Azul Fio Luso,Fio Luso,1 un,"€7,99/un","€7,99/un"
Toalhão 600g/m2 Preto Fio Luso,Fio Luso,1 un,"€18,99/un","€18,99/un"
Toalhão 600g/m2 Bordeaux Fio Luso,Fio Luso,1 un,"€18,99/un","€18,99/un"
Toalha Bidé 500g/m2 Branco Fio Luso,Fio Luso,1 un,"€3,00/un","€3,00/un"
Doseador Branco Siena,Spirella,1 un,"€12,00/un","€12,00/un"
Saboneteira Preto Mate,Spirella,1 un,"€9,00/un","€9,00/un"
Toalha Bidé 600g/m2 Azul Fio Luso,Fio Luso,1 un,"€3,00/un","€3,00/un"
Copo Branco Alison,Spirella,1 un,"€9,90/un","€9,90/un"
Toalha Mãos 500g/m2 Cinza Fio Luso,Fio Luso,1 un,"€9,00/un","€9,00/un"
Toalha Bidé 500g/m2 Prata Fio Luso,Fio Luso,1 un,"€3,00/un","€3,00/un"
Toalhão 500g/m2 Branco com linho Fio Luso,Fio Luso,1 un,"€24,00/un","€24,00/un"
Toalhão 600g/m2 Verde Fio Luso,Fio Luso,1 un,"€18,99/un","€18,99/un"
Toalha Bidé 600g/m2 Bordeaux Fio Luso,Fio Luso,1 un,"€3,00/un","€3,00/un"
Doseador Branco Alison,Spirella,1 un,"€13,00/un","€13,00/un"
Dispensador de Sabonete com Sensor,Bazarão,emb. 1 un,"€12,99/un","€12,99/un"
Toalhão 500g/m2 Branco Fio Luso,Fio Luso,1 un,"€22,50/un","€22,50/un"
Tapete Banho 500g/m2 Branco Fio Luso,Fio Luso,1 un,"€7,50/un","€7,50/un"
Toalha Bidé 600g/m2 Amarelo Fio Luso,Fio Luso,1 un,"€3,00/un","€3,00/un"
Toalhão 500g/m2 Cinza Fio Luso,Fio Luso,1 un,"€22,50/un","€22,50/un"
Toalha Bidé 500g/m2 Branco com linho Fio Luso,Fio Luso,1 un,"€3,00/un","€3,00/un"
Toalha Mãos 600g/m2 Verde Fio Luso,Fio Luso,1 un,"€7,99/un","€7,99/un"
Toalha Mãos 600g/m2 Bordeaux Fio Luso,Fio Luso,1 un,"€7,99/un","€7,99/un"
Toalha Mãos 500g/m2 Rosa Fio Luso,Fio Luso,1 un,"€9,00/un","€9,00/un"
Toalha Mãos 600g/m2 Amarelo Fio Luso,Fio Luso,1 un,"€7,99/un","€7,99/un"
Tapete Banho 500g/m2 Prata Fio Luso,Fio Luso,1 un,"€7,50/un","€7,50/un"
Toalha Mãos 500g/m2 Cinza Fio Luso,Fio Luso,1 un,"€9,00/un","€9,00/un"
Toalhão 500g/m2 Taupe Fio Luso,Fio Luso,1 un,"€22,50/un","€22,50/un"
Copo Branco Siena,Spirella,1 un,"€9,90/un","€9,90/un"
Estimulador Muscular para Costas e Glúteos,Bazarão,emb. 1 un,"€7,99/un","€7,99/un"
Toalha Bidé 600g/m2 Verde Fio Luso,Fio Luso,1 un,"€3,00/un","€3,00/un"
Saboneteira Branco Alison,Spirella,1 un,"€9,00/un","€9,00/un"
Toalhão 600g/m2 Amarelo Fio Luso,Fio Luso,1 un,"€18,99/un","€18,99/un"
Saboneteira Branca Siena,Spirella,1 un,"€9,90/un","€9,90/un"
Sistema Turbo Esfregona e Balde com Pedal,Vileda,1 un,"€29,99/un","€29,99/un"
Mopa Microfibra 1.2 Spray Max,Vileda,1 un,"€19,99/un","€19,99/un"
Água Destilada,Boost,emb. 5 lt,"€1,20/un","€0,24/lt"
Caixa Arrumação Plástico Transparente,Kasa,1 un,"€7,00/un","€7,00/un"
Aspirador Robot VR 201 PetPro,Vileda,1 un,"€199,99/un","€199,99/un"
Recarga Esfregona Tiras Microfibra Brancas e Vermelhas Turbo 2 em 1,Vileda,1 un,"€7,60/un","€7,60/un"
Cabides Madeira,Kasa,8 un,"€5,00/un","€0,63/un"
Lavadora Alta Pressão K 3,Karcher,emb. 1 un,"€129,99/un","€129,99/un"
Lavadora Alta Pressão K 7,Karcher,emb. 1 un,"€479,99/un","€479,99/un"
Estendal Chão Alumínio 20m,Vileda,1 un,"€52,00/un","€52,00/un"
Recarga Esfregona Tiras Azuis Super,Vileda,1 un,"€3,99/un","€3,99/un"
Conjunto 3 Baldes Reciclagem Plástico 3x35L Cinza,Kasa,1 un,"€30,00/un","€30,00/un"
Aspirador Robot VR 102,Vileda,1 un,"€149,99/un","€149,99/un"
Esfregona Tiras Micofibra Azuis Super,Vileda,1 un,"€8,00/un","€8,00/un"
Recarga Esfregona Tiras Microfibra Amarelas Suave,Vileda,1 un,"€3,99/un","€3,99/un"
Recarga Esfregona Tiras Amarelas Basic,Kasa,1 un,"€0,70/un","€0,70/un"
Tábua Engomar para Caldeira 130x45cm Total Reflect Plus,Vileda,1 un,"€100,00/un","€100,00/un"
Vassoura Interior Antichoque 3 em 1,Vileda,1 un,"€7,49/un","€7,49/un"
Tábua Engomar para Caldeira 120x38cm Park&Go,Vileda,1 un,"€74,99/un","€74,99/un"
Aspirador de Cinzas 800W,,emb. 1 un,"€23,99/un","€23,99/un"
Desumidificadores Cabide,Continente,emb. 250 gr (2 un),"€4,99/un","€2,50/un"
Balde Limpeza com Espremedor 10L Superfácil,Vileda,1 un,"€17,00/un","€17,00/un"
Molas Plástico,Kasa,50 un,"€4,50/un","€0,09/un"
Mopa Spray com Depósito,Kasa,1 un,"€20,00/un","€20,00/un"
Aspirador Sólidos e Líquidos TC-VC 1820 S,Einhell,emb. 1 un,"€59,99/un","€59,99/un"
Recarga Esfregona Tiras Microfibra e Algodão Azuis,Vileda,1 un,"€4,19/un","€4,19/un"
Sistema Espreme Fácil com Esfregona e Balde,Kasa,1 un,"€25,00/un","€25,00/un"
Cesto Roupa Bege,Kasa,1 un,"€10,50/un","€10,50/un"
Tábua Engomar 116x34cm Zig,Kasa,1 un,"€30,00/un","€30,00/un"
Molas Soft Coloridas,Vileda,20 un,"€5,00/un","€5,00/un"
Caixa Arrumação Plástico,Kasa,1 un,"€5,00/un","€5,00/un"
Estendal Chão Resina 20m Solar,Vileda,1 un,"€41,00/un","€41,00/un"
Pá para Lixo com Cabo,Vileda,1 un,"€5,50/un","€5,50/un"
Recargas Esfregona Tiras Microfibra Amarelas Suave,Vileda,2 un,"€7,00/un","€7,00/un"
Recarga Esfregona Tiras Microfibra Brancas e Vermelhas Premium,Vileda,1 un,"€5,29/un","€5,29/un"
Caixa de Organização 70L Cinza,Bazarão,,"€3,00/un","€3,00/un"
"Cabo Esfregona 1,20m",Kasa,1 un,"€0,95/un","€0,95/un"
Recargas Desumidificador Inodoras,Continente,emb. 450 gr (3 un),"€5,99/un","€2,00/un"
Recarga Mopa Microfibra 1.2 Spray Max,Vileda,1 un,"€6,80/un","€6,80/un"
Cabides Veludo Preto,Kasa,1 un,"€3,00/un","€0,60/un"
Conjunto Esfregona Tiras Microfibra e Balde Limpeza com Espremedor,Kasa,1 un,"€14,00/un","€14,00/un"
Conjunto Vassoura Pequena e Pá para Lixo,Kasa,1 un,"€1,95/un","€1,95/un"
Caixa Arrumação Reciclada com Rodas 45L Preta e Cinza,,1 un,"€10,00/un","€10,00/un"
Estendal Vertical 33m Level 3,Vileda,1 un,"€37,49/un","€37,49/un"
Caixa Arrumação Bege,Kasa,1 un,"€2,00/un","€2,00/un"
Balde Lixo com Pedal Plástico Cinza,Kasa,1 un,"€7,00/un","€7,00/un"
Recargas Esfregona Tiras Azuis Super,Vileda,2 un,"€7,00/un","€7,00/un"
Estendal Varanda Aço 10m Sunset,Vileda,1 un,"€21,50/un","€21,50/un"
Escova Limpeza com Pega,Kasa,1 un,"€1,35/un","€1,35/un"
Conjunto Mopa Microfibra e Balde Limpeza com Espremedor Ultramax,Vileda,1 un,"€29,99/un","€29,99/un"
Escova Limpeza Louça,Kasa,1 un,"€0,90/un","€0,90/un"
Cobertura Tábua 130x45cm Metalizada Premium,Vileda,1 un,"€16,50/un","€16,50/un"
Cobertura Tábua Ultra Fresh Quick Fix,Vileda,1 un,"€16,50/un","€16,50/un"
Recargas Rolo Tira-pelo Adesivo 29 Folhas,Vileda,2 un,"€5,39/un","€5,39/un"
Conjunto 5 Cestos Arrumação Plástico Cinza,Kasa,1 un,"€8,00/un","€8,00/un"
Sacos Vácuo Transparentes,Kasa,,"€5,00/un","€2,50/un"
Elástico Medio 3mx7mm Branco,Prima,1 un,"€3,70/un","€3,70/un"
Recarga Esfregona Tiras Algodão Brancas Perfect,Kasa,1 un,"€1,70/un","€1,70/un"
Organizador de Gaveta Bege,Kasa,1 un,"€4,00/un","€4,00/un"
Recarga Desumidificador Lavanda Aero 360°,Rubson,emb. 450 gr,"€5,60/un","€5,60/un"
Lavadora Alta Pressão TC-HP 90,Einhell,emb. 1 un,"€79,95/un","€79,95/un"
Balde Lixo com Pedal Plástico 35L Cinza,Kasa,1 un,"€10,00/un","€10,00/un"
Recarga Esfregona Tiras Rosa Universal,Vileda,1 un,"€3,00/un","€3,00/un"
Esfregona Tiras Algodão Amarelas Basic,Kasa,1 un,"€2,10/un","€2,10/un"
Cobertura Tábua,Kasa,1 un,"€4,00/un","€4,00/un"
"Cesto Arrumação Plástico 2,2L Branco",Kasa,1 un,"€2,50/un","€2,50/un"
Caixa Arrumação Plástico Branca,Kasa,1 un,"€3,00/un","€3,00/un"
Recargas Desumidificador Inodoras,Humydry,emb. 3 x 450 gr,"€7,99/un","€17,76/kg"
Esfregona Tiras Algodão Brancas Perfect,Kasa,1 un,"€2,95/un","€2,95/un"
Recargas Desumidificador Inodoras,Humydry,emb. 3 x 250 gr,"€6,99/un","€27,96/kg"
Molas de Madeira,Kasa,36 un,"€3,00/un","€0,08/un"
Vassoura Interior Universal,Vileda,1 un,"€6,99/un","€6,99/un"
Caixa Arrumação com Rodas Plástico,Kasa,1 un,"€8,00/un","€8,00/un"
Recarga Esfregona Tiras Microfibra Amarelas Premium Perfect,Kasa,1 un,"€1,85/un","€1,85/un"
Balde Lixo com Pedal Aço Escovado,Kasa,1 un,"€15,00/un","€15,00/un"
Recarga Esfregona Tiras Microfibra Brancas e Lilases Turbo 3 em 1,Vileda,1 un,"€8,40/un","€8,40/un"
Aspirador Vertical sem Fios 2 em 1 KBVVC4113,Kubo,emb. 1 un,"€149,99/un","€149,99/un"
Molas Grandes Essencial (várias cores),Kasa,12 un,"€1,00/un","€0,08/un"
Tábua Engomar 124x40cm Linho,Kasa,1 un,"€50,00/un","€50,00/un"
Cabides Plástico Pretos,Kasa,10 un,"€2,00/un","€0,20/un"
Balde Lixo com Pedal Plástico 35L Cinza e Preto,,1 un,"€13,50/un","€13,50/un"
Cesto Roupa,Kasa,1 un,"€6,00/un","€6,00/un"
Conjunto Vassoura Pequena e Pá para Lixo 2 em 1,Vileda,1 un,"€7,00/un","€7,00/un"
Estendal Vertical Aço 30m,Kasa,1 un,"€35,00/un","€35,00/un"
Desumidificador Inodoro,Humydry,emb. 450 gr,"€7,29/un","€16,20/kg"
Desumidificador Inodoro,Humydry,emb. 250 gr,"€4,99/un","€19,96/kg"
Estendal Chão Aço 18m,Kasa,1 un,"€25,00/un","€25,00/un"
Lavadora Alta Pressão K 2,Karcher,emb. 1 un,"€79,99/un","€79,99/un"
Sistema Espreme Fácil com Esfregona e Balde com Pedal,Kasa,1 un,"€35,00/un","€35,00/un"
Carro Compras 33L Liso,Kasa,1 un,"€13,00/un","€13,00/un"
Esfregona Tiras Microfibra Amarelas Premium Perfect,Kasa,1 un,"€3,55/un","€3,55/un"
Caixa Arrumação Bege,Kasa,1 un,"€8,00/un","€8,00/un"
Lavadora Alta Pressão K 4,Karcher,emb. 1 un,"€219,99/un","€219,99/un"
Sacos de Aspirador Ref.628,Becken,emb. 5 un,"€7,99/un","€7,99/un"
Recarga Mini Desumidificador Jasmim,Humydry,emb. 75 gr,"€3,79/un","€5,05/kg"
Tábua Engomar 110x32cm Basic,Kasa,1 un,"€20,00/un","€20,00/un"
Recargas Desumidificador Lavanda,Humydry,emb. 3 x 250 gr,"€7,99/un","€7,99/un"
Cabide Pinças Madeira,Kasa,1 un,"€1,50/un","€1,50/un"
Cesto Roupa Cinza e Branco Rules of Laundry,Kasa,1 un,"€12,00/un","€12,00/un"
Linha Algodão Médio 100m Branco,Prima,1 un,"€2,19/un","€2,19/un"
Escovilhão Basic,Kasa,1 un,"€1,45/un","€1,45/un"
Minimolas Coloridas,Neolar,24 un,"€2,20/un","€2,20/un"
Esfregona Tiras Micofibra Brancas e Vermelhas Premium 2 em 1,Vileda,1 un,"€9,50/un","€9,50/un"
Vassoura Pequena Perfect,Kasa,1 un,"€1,20/un","€1,20/un"
Escova Fatos Castanha,Kasa,1 un,"€1,50/un","€1,50/un"
Botões 10mm Pretos,Prima,8 un,"€1,70/un","€1,70/un"
Sacos Vácuo Transparentes,Kasa,3 un,"€4,00/un","€4,00/un"
Estendal Polipropileno 16 Molas (várias cores),Kasa,1 un,"€6,00/un","€6,00/un"
Lavadora Alta Pressão K 5 Basic,Karcher,emb. 1 un,"€319,99/un","€319,99/un"
Água Destilada,Redex,emb. 5 lt,"€1,99/un","€0,40/lt"
Alguidar Redondo Branco,Kasa,1 un,"€1,50/un","€1,50/un"
Saco para Frutas e Legumes Reutilizável Poliéster Branco,,1 un,"€0,25/un","€0,25/un"
Recarga Desumidificador Frescura Aero 360°,Rubson,emb. 450 gr,"€5,60/un","€5,60/un"
Caixa Arrumação com Lock Plástico 40L Preta,,emb. 1 un,"€5,99/un","€5,99/un"
Linha Poliéster 200m Branco,Prima,1 un,"€2,19/un","€2,19/un"
Agulhas Longas N.º 3/5/7/9,Prima,20 un,"€2,00/un","€2,00/un"
Linha Poliéster para Gangas 30m Dourado,Prima,1 un,"€3,70/un","€3,70/un"
Cesto Roupa 60L Natural Bambu,Kasa,1 un,"€17,00/un","€17,00/un"
Sacos de Aspirador Ref.523,Becken,emb. 5 un,"€7,99/un","€7,99/un"
Recarga Desumidificador Inodoro 1kg,Humydry,emb. 1 un,"€7,19/un","€7,19/kg"
Recarga Mini Desumidificador Limão,Humydry,emb. 75 gr,"€3,79/un","€5,05/kg"
Recargas Desumidificador Maçã,Humydry,emb. 75 gr (3 un),"€5,99/un","€79,87/kg"
Conjunto Cesto Cinza e 24 Molas Azuis Essencial,Kasa,1 un,"€4,00/un","€4,00/un"
Linha Algodão Médio 100m Preto,Prima,1 un,"€2,19/un","€2,19/un"
Recarga Mini Desumidificador Lavanda,Humydry,emb. 75 gr,"€3,79/un","€50,53/kg"
Recarga Esfregona Tiras Microfibra Azuis Super,Vileda,1 un,"€5,70/un","€5,70/un"
Recarga Desumidificador Inodora Aero 360°,Rubson,emb. 450 gr,"€5,09/un","€5,09/un"
Sacos de Aspirador Ref.617,Becken,emb. 5 un,"€7,99/un","€7,99/un"
Rolo Tira-pelo Adesivo 58 Folhas (+20% Grátis),Vileda,1 un,"€5,39/un","€5,39/un"
Cabo Esfregona e Vassoura 140cm Universal,Vileda,1 un,"€4,79/un","€4,79/un"
Caixa Arrumação Plástico Transparente,,1 un,"€3,00/un","€3,00/un"
Recargas Desumidificador Lavanda,Humydry,emb. 75 gr,"€5,99/un","€79,87/kg"
Cobertura Tábua,Kasa,1 un,"€7,00/un","€7,00/un"
Cabo Mopa Extensível 80-135cm,Kasa,1 un,"€1,90/un","€1,90/un"
Recargas Desumidificador Lavanda,Humydry,emb. 3 x 450 gr,"€8,99/un","€8,99/un"
Limpa Ferros Engomar,Kasa,1 un,"€6,00/un","€6,00/un"
Cesto Roupa 60L Cinza Basic,Kasa,1 un,"€12,00/un","€12,00/un"
Desumidificadores Cabide Lavanda,Rubson,emb. 2 x 75 gr,"€5,60/un","€5,60/un"
Cesto Roupa Redondo Preto Bambu,Kasa,1 un,"€15,00/un","€15,00/un"
Sacos de Aspirador Ref.667,Becken,emb. 5 un,"€7,99/un","€7,99/un"
Recarga Mopa Microfibra Sistema Ultramax,Vileda,1 un,"€7,99/un","€7,99/un"
Alguidar com Asas 20L Cinza,Kasa,1 un,"€7,50/un","€7,50/un"
Alfinetes de Sinalização Coloridos,Prima,100 un,"€4,25/un","€4,25/un"
Cesto para Molas (várias cores),Kasa,1 un,"€2,50/un","€2,50/un"
Mopa Casa de Banho com Cabo Regulável 2 em 1,Vileda,1 un,"€18,00/un","€18,00/un"
Sacos de Aspirador Ref.669,Becken,emb. 5 un,"€7,99/un","€7,99/un"
Linha Algodão Médio 300m Branco,Prima,1 un,"€3,70/un","€3,70/un"
Conjunto Panos Limpeza 30x30cm Microfibra,Kasa,1 un,"€2,70/un","€0,54/un"
Desumidificador Lavanda e Cedro,Humydry,emb. 450 gr,"€8,99/un","€8,99/un"
Linha Algodão Médio 100m Cinzento,Prima,1 un,"€2,19/un","€2,19/un"
Recargas Desumidificador Maçã,Humydry,emb. 3 x 250 gr,"€7,99/un","€7,99/un"
"Saco Compras Reutilizável 38,6L",,1 un,"€0,60/un","€0,60/un"
Alfinetes de Segurança Aço 25/30/35mm,Prima,36 un,"€2,69/un","€2,69/un"
Saco Lavagem Roupa Delicada Basic,Kasa,1 un,"€2,70/un","€2,70/un"
"Saco Compras Reutilizável 12,9L Bananas",,1 un,"€0,35/un","€0,35/un"
Mini Aspirador sem Fios 1608FL,Flama,1 un,"€44,99/un","€44,99/un"
Balde Limpeza com Espremedor 10L Superfácil,Vileda,1 un,"€17,00/un","€17,00/un"
Botões 20mm Pretos,Prima,4 un,"€2,69/un","€2,69/un"
Recarga Mopa Casa de Banho 2 em 1,Vileda,1 un,"€6,80/un","€6,80/un"
Saco Compras Reutilizável Ráfia 79L Verde,,1 un,"€0,90/un","€0,90/un"
Carro Compras 24L Bege,Kasa,1 un,"€10,00/un","€10,00/un"
Balde Limpeza com Espremedor e Divisória Perfect,Kasa,1 un,"€8,00/un","€8,00/un"
Desumidificador Inodoro Aero 360° com Oferta de Recarga,Rubson,emb. 450 gr,"€11,04/un","€11,04/un"
Cesto Roupa Plástico (várias cores),Kasa,1 un,"€5,00/un","€5,00/un"
Recarga Esfregona Tiras Microfibra Brancas e Verdes Eco,Vileda,1 un,"€4,19/un","€4,19/un"
Vassoura Easy Clean,Kasa,1 un,"€20,00/un","€20,00/un"
Bobinas de Plástico,Prima,5 un,"€2,69/un","€2,69/un"
Linha Algodão 100m Bege,Prima,1 un,"€3,70/un","€3,70/un"
Cobertura Tábua com Forro Amarela Eco,Kasa,1 un,"€9,00/un","€9,00/un"
Kit Costura,Prima,1 un,"€3,19/un","€3,19/un"
Ferro Engomar Vapor 2400W 5343FL,Flama,emb. 1 un,"€27,99/un","€27,99/un"
Elásticos Botões 1mx20mm Branco,Prima,1 un,"€3,50/un","€3,50/un"
Linha Poliéster 200m Azul Marinho,Prima,1 un,"€2,69/un","€2,69/un"
Desumificador Inodoro 450g,Continente,emb. 1 un,"€3,19/un","€3,19/un"
Linha Poliéster 200m Preto,Prima,1 un,"€2,19/un","€2,19/un"
Tábua Engomar 110x32cm Essencial,Kasa,1 un,"€28,00/un","€28,00/un"
Tábua Engomar para Caldeira 125x41cm Iron,Kasa,1 un,"€67,00/un","€67,00/un"
Esfregona Tiras Micofibra Amarelas,Vileda,1 un,"€8,00/un","€8,00/un"
Recarga Desumidificador Maçã,Humydry,emb. 450 gr,"€3,99/un","€3,99/un"
Agarra Cabos Perfect,Kasa,1 un,"€6,00/un","€6,00/un"
Saco Vácuo Transparente,Kasa,1 un,"€1,50/un","€1,50/un"
Sacos de Aspirador Ref.672,Becken,emb. 5 un,"€7,99/un","€7,99/un"
Cobertura Tábua 130x45cm Metalizada Rapid Quickfix,Vileda,1 un,"€16,50/un","€16,50/un"
Garrafeira Plástico 15 Garrafas Cinza,,1 un,"€13,50/un","€13,50/un"
Desumidificador Lavanda,Humydry,emb. 75 gr,"€5,99/un","€79,87/kg"
Corda para Roupa Polipropileno 15m,Kasa,1 un,"€2,20/un","€2,20/un"
Saco Lavagem Roupa Delicada Redondo Basic,Kasa,1 un,"€2,70/un","€2,70/un"
Bacia Retangular 15L (várias cores),Kasa,1 un,"€6,00/un","€6,00/un"
Motivo Termocolante para Adolescente,Prima,1 un,"€3,49/un","€3,49/un"
Linha Algodão Médio 100m Vermelho,Prima,1 un,"€2,19/un","€2,19/un"
Botões 10mm Brancos,Prima,8 un,"€2,00/un","€2,00/un"
Descalcificador Ferro Engomar,Kasa,1 un,"€5,00/un","€5,00/un"
Mini Aspirador sem Fios KHVC3663,Kunft,emb. 1 un,"€39,99/un","€39,99/un"
Sacos de Aspirador Ref.607,Becken,emb. 5 un,"€7,99/un","€7,99/un"
Mopa Microfibra Flip,Vileda,1 un,"€17,50/un","€17,50/un"
Fita Métrica Costura,Prima,1 un,"€3,19/un","€3,19/un"
"Saco Compras Reutilizável 24,5L",,1 un,"€0,40/un","€0,40/un"
Aspirador sem Saco KBVVC4747,Kubo,emb. 1 un,"€129,99/un","€129,99/un"
Recarga Esfregona Tiras Microfibra Amarelas Perfect,Kasa,1 un,"€2,95/un","€2,95/un"
Conjunto 25 Molas Plástico sem Arame,Kasa,1 un,"€4,50/un","€4,50/un"
Saco Maleável Bege,Kasa,1 un,"€3,00/un","€3,00/un"
Recarga Desumidificador Inodora,Humydry,emb. 450 gr,"€2,99/un","€6,64/kg"
Sacos de Aspirador Ref.674,Becken,emb. 5 un,"€7,99/un","€7,99/un"
Elástico Médio 4mx5mm Branco,Prima,1 un,"€3,70/un","€3,70/un"
Cobertura Tábua Metalizada,Kasa,1 un,"€4,00/un","€4,00/un"
Linha Algodão Espesso 100m Branco,Prima,1 un,"€3,70/un","€3,70/un"
Linha Poliéster 200m Azul Escuro,Prima,1 un,"€2,69/un","€2,69/un"
Botões Pressão 6/9mm Pretos,Prima,20 un,"€2,69/un","€2,69/un"
Porta-Fatos Bege,Kasa,1 un,"€2,00/un","€2,00/un"
Organizador Cosmética 2 Gavetas Plástico,Kasa,1 un,"€6,00/un","€6,00/un"
Sacos de Aspirador Ref.615,Becken,emb. 5 un,"€7,99/un","€7,99/un"
Máquina Tira-Borbotos,Prima,1 un,"€7,00/un","€7,00/un"
Aspirador sem Saco 1685FL,Flama,emb. 1 un,"€96,99/un","€96,99/un"
Balde Limpeza com Espremedor 7L Wring&Go,Vileda,1 un,"€11,50/un","€11,50/un"
Dedal Metal 15mm,Prima,1 un,"€2,00/un","€2,00/un"
Saco Arrumação Reforçado 55x44x20cm Plástico Bege,Kasa,1 un,"€5,00/un","€5,00/un"
Agulhas de Enfiar Fácil N.º 3/9,Prima,6 un,"€2,00/un","€2,00/un"
Saco Compras Reutilizável Papel,,1 un,"€0,15/un","€0,15/un"
Cobertura Tábua com Forro,Kasa,1 un,"€12,00/un","€12,00/un"
Organizador Cosmética 4 Gavetas Plástico,Kasa,1 un,"€10,00/un","€10,00/un"
Organizador 4 Divisórias Bege,Kasa,1 un,"€7,00/un","€7,00/un"
Agulhas para Máquina Jersey N.º 70/90,Prima,5 un,"€3,70/un","€3,70/un"
Proteção Ferro Engomar,Kasa,1 un,"€9,50/un","€9,50/un"
Bacia Quadrada 10L (várias cores),Kasa,1 un,"€5,00/un","€5,00/un"
Agulhas para Coser Algodão N.º 3/5/9,Prima,10 un,"€2,00/un","€2,00/un"
Tecido Termocolante 4 Cores 7x12cm,Prima,4 un,"€4,25/un","€4,25/un"
Bacia Redonda 11L (várias cores),Kasa,1 un,"€5,00/un","€5,00/un"
Aspirador sem Saco BVC4521,Becken,emb. 1 un,"€119,99/un","€119,99/un"
Escova Limpeza Louça com Reservatório,Kasa,1 un,"€5,00/un","€5,00/un"
Carro Compras Térmico 31L Azul,Kasa,1 un,"€16,00/un","€16,00/un"
Corda de Roupa 20m Branca,,emb. 1 un,"€3,49/un","€3,49/un"
Cabides Madeira,Kasa,3 un,"€2,00/un","€0,67/un"
Saco Reutilizável Isotérmico Peixes,,1 un,"€2,50/un","€2,50/un"
Balde Lixo com Pedal Plástico 25L Cinza,Kasa,1 un,"€12,50/un","€12,50/un"
Saco para Frutas e Legumes Reutilizável Polietileno Branco,,1 un,"€0,15/un","€0,15/un"
Sacos de Aspirador Ref.619,Becken,emb. 5 un,"€7,99/un","€7,99/un"
Secador de Roupa Laranja 1000W,Jocel,emb. 1 un,"€89,99/un","€89,99/un"
Organizador Cosmética 16 Compartimentos Plástico,Kasa,1 un,"€4,00/un","€4,00/un"
Cobertura Tábua 130x45cm Azul Confort Plus,Vileda,1 un,"€16,50/un","€16,50/un"
Espanador Penas Perfect,Kasa,1 un,"€5,00/un","€5,00/un"
Saco Arrumação Reforçado 70x55x20cm Plástico Bege,Kasa,1 un,"€8,00/un","€8,00/un"
Recarga Mopa Microfibra Flip,Vileda,1 un,"€9,10/un","€9,10/un"
Alfinetes de Segurança Aço,Prima,12 un,"€2,19/un","€2,19/un"
Desumidificador Inodoro,Humydry,emb. 1 kg,"€11,89/un","€11,89/kg"
Caixa Organizadora de Ferramentas 19'',,emb. 1 un,"€8,79/un","€8,79/un"
Aspirador Portátil 60W,Bazarão,emb. 1 un,"€7,99/un","€7,99/un"
Tesoura de Costura,Prima,1 un,"€7,00/un","€7,00/un"
Esfregona Tiras Microfibra Amarelas Perfect,Kasa,1 un,"€4,65/un","€4,65/un"
Saco Compras Reutilizável Juta 18L,,1 un,"€2,50/un","€2,50/un"
Bacia Redonda,Kasa,1 un,"€3,00/un","€3,00/un"
Tábua Engomar 124x40cm Bolas Coloridas,Kasa,1 un,"€55,00/un","€55,00/un"
Utensílio para Descoser Verde,Prima,1 un,"€3,70/un","€3,70/un"
Agulhas Longas Finas N.º 5/7/9/10,Prima,20 un,"€2,00/un","€2,00/un"
Balde Lixo Plástico 20L Cinza,Kasa,1 un,"€10,00/un","€10,00/un"
Desumidificador Inorodo Premium Plus 450g,Humydry,emb. 1 un,"€10,99/un","€10,99/un"
Saco Lavagem Roupa Delicada Retangular Basic,Kasa,1 un,"€2,70/un","€2,70/un"
Enfia Agulha Metal,Prima,2 un,"€2,00/un","€2,00/un"
Sacos de Aspirador Ref.686,Becken,emb. 5 un,"€7,99/un","€7,99/un"
Cola Têxtil 30g,Prima,1 un,"€4,25/un","€4,25/un"
Agulhas para Coser Lã N.º 3/5/9,Prima,10 un,"€2,00/un","€2,00/un"
Garrafeira Modular Plástico 5 Garrafas Castanha,,1 un,"€7,50/un","€7,50/un"
Agulhas de Bordar N.º 3/5/7,Prima,15 un,"€2,00/un","€2,00/un"
Garrafeira Madeira 16 garrafas,Artemis,emb. 1 un,"€14,99/un","€14,99/un"
"Elástico Médio 2,5mx9mm Branco",Prima,1 un,"€3,50/un","€3,50/un"
Botões Pressão 13mm Prateados,Prima,6 un,"€2,69/un","€2,69/un"
Máquina de Limpeza de Vidros,Karcher,emb. 1 un,"€44,99/un","€44,99/un"
Sacos de Aspirador Ref.631,Becken,emb. 5 un,"€7,99/un","€7,99/un"
Bainha Termocolante para Tecidos Espessos 20mm,Prima,1 un,"€2,79/un","€2,79/un"
Estendal Varanda Alumínio 10m,Kasa,1 un,"€27,00/un","€27,00/un"
Tábua Engomar para Caldeira 130x47cm Premium,Kasa,1 un,"€70,00/un","€70,00/un"
"Linha Algodão para Crochet Branco 5,6m",Prima,1 un,"€6,25/un","€6,25/un"
Mopa Descartável com Cabo Regulável Attractive,Vileda,1 un,"€17,99/un","€17,99/un"
"Velcro Adesivo 50x0,2cm Branco",Prima,1 un,"€3,70/un","€3,70/un"
Desumidificador Inodoro Aero 360° 450g,Rubson,emb. 450 gr,"€10,19/un","€10,19/un"
Recargas Desumidificador Maçã,Humydry,emb. 3 x 450 gr,"€8,99/un","€8,99/un"
Recargas Mopa Descartáveis 24+6 Attractive Plus,Vileda,30 un,"€9,20/un","€9,20/un"
Elástico Medio 3mx7mm Preto,Prima,1 un,"€3,50/un","€3,50/un"
Fita Extra-Forte 8m Branca,Prima,1 un,"€3,70/un","€3,70/un"
Tábua Engomar para Caldeira 130x47cm Style,Kasa,1 un,"€93,00/un","€93,00/un"
Agulhas para Máquina N.º 70/80/90/100,Prima,5 un,"€3,70/un","€3,70/un"
Recarga Desumidificador Lavanda,Humydry,emb. 450 gr,"€3,99/un","€3,99/un"
Sacos de Aspirador Ref.679,Becken,emb. 5 un,"€7,99/un","€7,99/un"
Bainha Termocolante 38mm,Prima,1 un,"€2,79/un","€2,79/un"
Tecido Termocolante Preto 12x45cm,Prima,1 un,"€3,19/un","€3,19/un"
Recarga Mopa Espreme Fácil,Kasa,1 un,"€4,50/un","€4,50/un"
Botões Pressão para Ganga 17mm Prateados,Prima,5 un,"€2,19/un","€2,19/un"
Cesto Roupa 60L Azul,Kasa,1 un,"€14,00/un","€14,00/un"
"Elástico Médio 2,5mx8mm Branco",Prima,1 un,"€3,50/un","€3,50/un"
"Agulhas de Crochet 2,5mm",Prima,1 un,"€2,00/un","€2,00/un"
Saco Arrumação Reforçado 55x44x20cm Plástico Bege,Kasa,1 un,"€10,00/un","€10,00/un"
"Linha Algodão para Crochet Cru 5,6m",Prima,1 un,"€6,25/un","€6,25/un"
Sacos de Aspirador Ref.654,Becken,emb. 5 un,"€7,99/un","€7,99/un"
Agulhas Telas N.º 18/22,Prima,6 un,"€2,00/un","€2,00/un"
Saco Reciclado Isotérmico,,1 un,"€1,00/un","€1,00/un"
Sacos de Aspirador MV2,Karcher,emb. 5 un,"€9,99/un","€9,99/un"
Alfinetes de Dama,Prima,20 un,"€2,69/un","€2,69/un"
Alfinetes Aço,Prima,350 un,"€4,25/un","€4,25/un"
Fecho Reparador,Prima,1 un,"€7,00/un","€7,00/un"
Agulhas de Crochet 2mm,Prima,1 un,"€2,00/un","€2,00/un"
Caixa Costura com 67 Acessórios,Prima,1 un,"€15,00/un","€15,00/un"
LAVADORA WINNER 2020 KARCHER,KARCHER,emb. 1 un,"€189,99/un","€189,99/un"
Ferro Engomar Caldeira 2200W Easy Steam VR7041F0,Rowenta,emb. 1 un,"€134,99/un","€134,99/un"
Estojo Costura com 31 Acessórios de Costura,Prima,1 un,"€6,25/un","€6,25/un"
"Velcro para Coser 75x0,2cm Preto",Prima,1 un,"€3,70/un","€3,70/un"
Conjunto para Marcar Roupa,Prima,1 un,"€3,50/un","€3,50/un"
Tesoura para Bordar,Prima,1 un,"€10,00/un","€10,00/un"
Botões Pressão para Ganga 17mm Cobre,Prima,5 un,"€2,00/un","€2,00/un"
Botões Pressão 13mm Pretos,Prima,6 un,"€2,69/un","€2,69/un"
Conjunto Escova Adesiva com 2 Recargas,Prima,1 un,"€3,19/un","€3,19/un"
Agulhas para Máquina Ganga N.º 90/100/110,Prima,5 un,"€4,25/un","€4,25/un"
Linha Alinhavar 300m Rosa,Prima,1 un,"€3,19/un","€3,19/un"
Desumidificador Maçã,Humydry,emb. 75 gr,"€5,99/un","€79,87/kg"
Linha Poliéster 500m Branco,Prima,1 un,"€4,25/un","€4,25/un"
Linha Poliéster Resistente 30m Preto,Prima,1 un,"€3,70/un","€3,70/un"
Linha Poliéster 200m Vermelho,Prima,1 un,"€2,69/un","€2,69/un"
Linha Poliéster 200m Dourado,Prima,1 un,"€2,69/un","€2,69/un"
Estendal Chão Alumínio 20m,Kasa,1 un,"€38,00/un","€38,00/un"
Caixa Organização com 2 Prateleiras 25L (várias cores),Bazarão,emb. 1 un,"€4,00/un","€4,00/un"
Cabides Multifunções,Bazarão,emb. 5 un,"€4,00/un","€4,00/un"
Linha Algodão Espesso 100m Azul Marinho,Prima,1 un,"€3,50/un","€3,50/un"
Motivo Termocolante para Criança,Prima,1 un,"€3,49/un","€3,49/un"
Linha Algodão Médio 300m Preto,Prima,1 un,"€3,70/un","€3,70/un"
Motivo Termocolante para Menina,Prima,1 un,"€3,49/un","€3,49/un"
Caixa Organização com Abertura Lateral 60L Cinza,Bazarão,emb. 1 un,"€5,00/un","€5,00/un"
Saco Compras Reutilizável Algodão Bege Fantástico Goodbag,,1 un,"€5,00/un","€5,00/un"
Linha Algodão Espesso 300m Branco,Prima,1 un,"€4,25/un","€4,25/un"
Cesto Roupa Metal com Tampa Madeira 55L,Kasa,1 un,"€30,00/un","€30,00/un"
Sacos de Aspirador,Einhell,emb. 5 un,"€14,99/un","€14,99/un"
Organizador com 2 Gavetas 11L,Bazarão,emb. 1 un,"€4,00/un","€4,00/un"
Balde de Lixo com Pedal Aço Inoxidável 30L NewIcon,Brabantia,1 un,"€88,00/un","€88,00/un"
Balde de Lixo com Pedal Aço Inoxidável 12L NewIcon,Brabantia,1 un,"€51,00/un","€51,00/un"
Balde de Lixo com Pedal Aço Inoxidável 20L NewIcon,Brabantia,1 un,"€76,00/un","€76,00/un"
Caixa Arrumação com Lock Plástico Transparente,Kasa,1 un,"€3,00/un","€3,00/un"
Balde de Lixo com Pedal Plástico 40L StepUp,Brabantia,1 un,"€59,00/un","€59,00/un"
Caixa Arrumação Plástico Cinza,Kasa,1 un,"€3,00/un","€3,00/un"
Balde de Lixo Plástico 25L Sort & Go,Brabantia,1 un,"€51,00/un","€51,00/un"
Caixa de Organização 17L Cinza,Bazarão,,"€3,00/un","€3,00/un"
Caixa de Organização com Saco de Vácuo,Bazarão,emb. 1 un,"€5,99/un","€5,99/un"
Garrafeira Madeira 6 Garrafas,Artemis,emb. 1 un,"€9,99/un","€9,99/un"
"Cabo Esfregona 1,25m Universal Perfect",Kasa,1 un,"€2,55/un","€2,55/un"
Balde de Lixo com Pedal Plástico 40L StepUp,Brabantia,1 un,"€59,00/un","€59,00/un"
Balde de Lixo com Pedal Aço Inoxidável 20L NewIcon,Brabantia,1 un,"€76,00/un","€76,00/un"
Saco Solidário Stripes Smile,,1 un,"€1,10/un","€1,10/un"
Aspirador Robot KBVVC4527,Kubo,emb. 1 un,"€249,99/un","€249,99/un"
Espremedor para Balde Limpeza Basic,Kasa,1 un,"€1,00/un","€1,00/un"
Balde de Lixo com Pedal Aço Inoxidável 20L NewIcon,Brabantia,1 un,"€76,00/un","€76,00/un"
Conjunto de 4 Caixas Organização,Bazarão,emb. 1 un,"€7,99/un","€7,99/un"
Recarga Esfregona Tiras Microfibra Cinzas,Kasa,1 un,"€3,50/un","€3,50/un"
"Cabo Universal Básico 1,20m",Kasa,1 un,"€0,95/un","€0,95/un"
Super Maximolas,Neolar,15 un,"€2,20/un","€2,20/un"
Aspirador de Sólidos e Líquidos KWD 1,Karcher,emb. 1 un,"€49,99/un","€49,99/un"
Ferro de Engomar 2400W,Bazarão,emb. 1 un,"€15,99/un","€15,99/un"
Balde de Lixo Plástico 25L Sort & Go,Brabantia,1 un,"€51,00/un","€51,00/un"
Escova Limpeza com Pega,Kasa,1 un,"€1,20/un","€1,20/un"
Recarga Esfregona Tiras Algodão Brancas,Kasa,1 un,"€2,00/un","€2,00/un"
Pá para Lixo,Kasa,1 un,"€0,75/un","€0,75/un"
Mopa Microfibras,Kasa,1 un,"€5,00/un","€5,00/un"
Desumificador,Humydry,emb. 1 un,"€19,99/un","€19,99/un"
Saco Compras Reutilizável Algodão Bege Less is More Goodbag,,1 un,"€5,00/un","€5,00/un"
Estendal Chão Aço Inoxidável 18m,Kasa,1 un,"€25,00/un","€25,00/un"
Mopa com Esponja,Kasa,1 un,"€9,00/un","€9,00/un"
Escovilhão,Kasa,1 un,"€1,70/un","€1,70/un"
Ferro a Vapor PTSI2200 Rose,Taurus,emb. 1 un,"€28,99/un","€28,99/un"
Molas Azuis e Cinzas Essencial,Kasa,24 un,"€0,75/un","€0,03/un"
Caixa de Organização com 2 Prateleiras,Bazarão,emb. 1 un,"€6,00/un","€6,00/un"
Recarga Vassoura Anti-choque Superfícies Delicadas,Kasa,1 un,"€3,50/un","€3,50/un"
Aspirador Sólidos e Líquidos TC VC1815S 1250W,Einhell,emb. 1 un,"€49,99/un","€49,99/un"
Carrinho Apoio com Rodas e 2 Prateleiras,Bazarão,emb. 1 un,"€19,90/un","€19,90/un"
Mopa Elétrica com Spray Looper,Vileda,1 un,"€99,99/un","€99,99/un"
Limpa Vidros com Depósito,Kasa,1 un,"€4,90/un","€4,90/un"
Escova para Louça,Kasa,1 un,"€1,10/un","€1,10/un"
Espremedor para Balde Barco,Kasa,1 un,"€1,00/un","€1,00/un"
Pá para Lixo com Cabo,Kasa,1 un,"€2,00/un","€2,00/un"
Cabide para Calças 5 em 1,Bazarão,emb. 1 un,"€4,00/un","€4,00/un"
Garrafeira Madeira 24 Garrafas,Artemis,emb. 1 un,"€49,99/un","€49,99/un"
Estendal Chão Metal e Aço 18m Pegasus Classic,Leifheit,1 un,"€33,00/un","€33,00/un"
Aspirador Sem Saco,Bazarão,emb. 1 un,"€34,99/un","€34,99/un"
Aspirador com Saco,Bazarão,emb. 1 un,"€39,99/un","€39,99/un"
Saco Compras Reutilizável Algodão Bege Think Goodbag,,1 un,"€5,00/un","€5,00/un"
Escova Limpeza com Cabo,Kasa,1 un,"€4,00/un","€4,00/un"
Tabuleiro de Arrumação 5 Divisórias,Bazarão,emb. 1 un,"€9,99/un","€9,99/un"
"Cabo Universal Básico 1,40m",Kasa,1 un,"€1,00/un","€1,00/un"
Tábua Engomar para Caldeira 120x38cm Star,Vileda,1 un,"€49,99/un","€49,99/un"
Recargas Rolo Tira-Pelos 36 Folhas,Kasa,2 un,"€1,50/un","€0,75/un"
Recargas Rolo Tira-Pelos 36 Folhas,Kasa,4 un,"€2,50/un","€0,63/un"
Recarga Esfregona Tiras Torcidas Brancas Eco,Kasa,1 un,"€0,90/un","€0,90/un"
Desentupidor,Kasa,1 un,"€2,50/un","€2,50/un"
Recarga Mopa Seca,Kasa,1 un,"€3,00/un","€3,00/un"
Mopa Rolo Agarra Resíduos,Kasa,1 un,"€5,00/un","€5,00/un"
Cesto Roupa 3 Divisórias,Kasa,1 un,"€17,00/un","€17,00/un"
Cesto Roupa 60L Cinza,Kasa,1 un,"€15,00/un","€15,00/un"
Recarga Mopa Microfibra Perfect,Kasa,1 un,"€3,55/un","€3,55/un"
Conjunto Pá para Lixo e Vassoura,Kasa,1 un,"€2,50/un","€2,50/un"
Caixa de Madeira,Artemis,emb. 1 un,"€9,99/un","€9,99/un"
"Organizador Modular 34,5x30x25cm",Bazarão,emb. 1 un,"€5,00/un","€5,00/un"
Rodo com Vassoura de Borracha,Kasa,1 un,"€6,00/un","€6,00/un"
Tábua Engomar 110x30cm Airboard Basic,Leifheit,1 un,"€40,00/un","€40,00/un"
Balde de Lixo com Pedal Plástico 40L StepUp,Brabantia,1 un,"€59,00/un","€59,00/un"
Caixa Organização 9 Divisórias 9L Azul,Bazarão,emb. 1 un,"€3,00/un","€3,00/un"
Balde de Lixo com Pedal Aço Inoxidável 30L NewIcon,Brabantia,1 un,"€88,00/un","€88,00/un"
Balde de Lixo com Pedal Plástico 40L StepUp,Brabantia,1 un,"€59,00/un","€59,00/un"
Recarga Vassoura Anti-choque Multiusos,Kasa,1 un,"€3,00/un","€3,00/un"
Recarga Mopa com Esponja,Kasa,1 un,"€1,50/un","€1,50/un"
Recarga Esfregona Tiras Amarelas,Kasa,1 un,"€1,20/un","€1,20/un"
Caixa de Organização com 9 Divisórias,Bazarão,emb. 1 un,"€4,00/un","€4,00/un"
Caixa Organização 2 Prateleiras 25L Azul,Bazarão,emb. 1 un,"€4,00/un","€4,00/un"
Balde Limpeza com Rodas e Espremedor 16L,Kasa,1 un,"€8,00/un","€8,00/un"
Mopa Dupla Ação,Kasa,1 un,"€6,00/un","€6,00/un"
Agarra 3 Cabos,Kasa,1 un,"€6,00/un","€6,00/un"
Estendal Chão Aço e Alumínio 21-30m Infinity Flex,Vileda,1 un,"€74,99/un","€74,99/un"
"Cavalete de Madeira 73,5x50x77cm",Artemis,emb. 1 un,"€9,99/un","€9,99/un"
Recarga Esfregona Pano Microfibra Cinza,Kasa,1 un,"€4,00/un","€4,00/un"
Balde Limpeza com Espremedor e Divisória 15L,Kasa,1 un,"€8,00/un","€8,00/un"
Mopa Seca,Kasa,1 un,"€4,00/un","€4,00/un"
Estendal Varanda com 29 Molas,Bazarão,emb. 1 un,"€7,99/un","€7,99/un"
Espanador Microfibras,Kasa,1 un,"€3,00/un","€3,00/un"
Balde Limpeza Barco 12L,Kasa,1 un,"€4,50/un","€4,50/un"
Recarga Esfregona Tiras Estampadas Brancas e Azuis,Kasa,1 un,"€1,50/un","€1,50/un"
Escova Multiusos,Kasa,1 un,"€1,60/un","€1,60/un"
Garrafeira Madeira 9 Garrafas,Artemis,emb. 1 un,"€24,99/un","€24,99/un"
Base Madeira com Rodas,Artemis,emb. 1 un,"€9,99/un","€9,99/un"
Rolo Tira-Pelos 36 Folhas,Kasa,1 un,"€1,00/un","€1,00/un"
Balde de Lixo Plástico 25L Sort & Go,Brabantia,1 un,"€51,00/un","€51,00/un"
Recarga Vassoura Multiusos,Kasa,1 un,"€2,00/un","€2,00/un"
Mopa Algodão,Kasa,1 un,"€4,50/un","€4,50/un"
Recarga Vassoura Anti-choque Dupla Ação,Kasa,1 un,"€3,20/un","€3,20/un"
Yämmi 2 XL,Yämmi,1 un,"€449,00/un","€449,00/un"
Máquina de Café Cápsulas Sistema Exclusivo Continente Grazie Cinzenta,Continente,1 un,"€24,99/un","€24,99/un"
Lavadora Alta Pressão K 3,Karcher,emb. 1 un,"€129,99/un","€129,99/un"
Yämmi 2 Upgrade,Yämmi,1 un,"€299,00/un","€299,00/un"
Aspirador Robot VR 102,Vileda,1 un,"€149,99/un","€149,99/un"
Aspirador de Cinzas 800W,,emb. 1 un,"€23,99/un","€23,99/un"
Aspirador Robot VR 201 PetPro,Vileda,1 un,"€199,99/un","€199,99/un"
Aspirador Sólidos e Líquidos TC-VC 1820 S,Einhell,emb. 1 un,"€59,99/un","€59,99/un"
Microondas 700W 1817FL,Flama,1 un,"€69,99/un","€69,99/un"
Lavadora Alta Pressão K 7,Karcher,emb. 1 un,"€479,99/un","€479,99/un"
Yämmi 2 XL White Edição Mamãs e Bebés,Yämmi,1 un,"€499,00/un","€499,00/un"
Balança WC Digital Preta,Kasa,1 un,"€16,00/un","€16,00/un"
Máquina de Panquecas e Snacks 4901FL,Flama,1 un,"€39,99/un","€39,99/un"
Máquina de Café Cápsulas Sistema Exclusivo Continente Grazie Preta,Continente,1 un,"€24,99/un","€24,99/un"
Máquina de Café Cápsulas Sistema Exclusivo Continente Grazie Azul Marinho,Continente,1 un,"€24,99/un","€24,99/un"
Aquecedor a Gás Hotspot Preto 4000W,Galp,emb. 1 un,"€146,00/un","€146,00/un"
Lavadora Alta Pressão TC-HP 90,Einhell,emb. 1 un,"€79,95/un","€79,95/un"
"Fritadeira sem Óleo KBAF2173 2,5L",Kubo,emb. 1 un,"€79,99/un","€79,99/un"
Espremedor Citrinos TC-350 924244,Taurus,emb. 1 un,"€24,99/un","€24,99/un"
Sacos de Aspirador Ref.628,Becken,emb. 5 un,"€7,99/un","€7,99/un"
Lavadora Alta Pressão K 4,Karcher,emb. 1 un,"€219,99/un","€219,99/un"
Termómetro e Higrómetro Interior,Eurobric,emb. 1 un,"€9,99/un","€9,99/un"
Yämmi 2 Edição À Portuguesa,Yämmi,1 un,"€499,00/un","€499,00/un"
Lavadora Alta Pressão K 2,Karcher,emb. 1 un,"€79,99/un","€79,99/un"
Máquina de Café Filtro KDCM5024,Kunft,emb. 1 un,"€21,99/un","€21,99/un"
"Liquidificador 1,5L Magnum 912432",Taurus,emb. 1 un,"€55,99/un","€55,99/un"
Sanduicheira My Sandwich 968947,Taurus,emb. 1 un,"€29,99/un","€29,99/un"
Sacos de Aspirador Ref.523,Becken,emb. 5 un,"€7,99/un","€7,99/un"
Yämmi 2 Edição Fitness,Yämmi,1 un,"€499,00/un","€499,00/un"
Balança WC Analógica (várias cores),Kasa,1 un,"€8,00/un","€8,00/un"
Aspirador Vertical sem Fios 2 em 1 KBVVC4113,Kubo,emb. 1 un,"€149,99/un","€149,99/un"
Sacos de Aspirador Ref.667,Becken,emb. 5 un,"€7,99/un","€7,99/un"
Sacos de Aspirador Ref.617,Becken,emb. 5 un,"€7,99/un","€7,99/un"
Sacos de Aspirador Ref.669,Becken,emb. 5 un,"€7,99/un","€7,99/un"
Secador Cabelo Viagem 1600W KTHD4500,Kunft,emb. 1 un,"€11,99/un","€11,99/un"
Desumidificador 440W KBDH4759,Kubo,emb. 1 un,"€189,99/un","€189,99/un"
Temoventilador KFH-2700,Kunft,emb. 1 un,"€14,99/un","€14,99/un"
Lavadora Alta Pressão K 5 Basic,Karcher,emb. 1 un,"€319,99/un","€319,99/un"
Carregador USB 3 Portas,Garza,emb. 1 un,"€9,09/un","€9,09/un"
Gamepad,Bazarão,emb. 1 un,"€19,99/un","€19,99/un"
Máquina de Café Cápsulas Sistema Exclusivo Continente Grazie Verde Água,Continente,1 un,"€24,99/un","€24,99/un"
Varinha Mágica 1000W KBHB3525,Kubo,emb. 1 un,"€59,99/un","€59,99/un"
Mini Aspirador sem Fios 1608FL,Flama,1 un,"€44,99/un","€44,99/un"
"Liquidificador 1,5L KBTB5027",Kubo,emb. 1 un,"€69,99/un","€69,99/un"
Máquina de Café Manual KBECM4842,Kubo,emb. 1 un,"€79,99/un","€79,99/un"
Sacos de Aspirador Ref.672,Becken,emb. 5 un,"€7,99/un","€7,99/un"
Robot Cozinha 1461FL,Flama,1 un,"€99,99/un","€99,99/un"
Torradeira 1 Fenda KT3602,Kunft,emb. 1 un,"€19,99/un","€19,99/un"
Ferro Engomar Vapor 2400W 5343FL,Flama,emb. 1 un,"€27,99/un","€27,99/un"
Mini Aspirador sem Fios KHVC3663,Kunft,emb. 1 un,"€39,99/un","€39,99/un"
Powerbank 10000mAh Preta,Contact,emb. 1 un,"€12,59/un","€12,59/un"
Sacos de Aspirador Ref.607,Becken,emb. 5 un,"€7,99/un","€7,99/un"
Auriculares com Fios com Micro,Contact,emb. 1 un,"€3,32/un","€3,32/un"
Torradeira 2 Fendas MyToast II,Taurus,emb. 1 un,"€32,99/un","€32,99/un"
Sacos de Aspirador Ref.674,Becken,emb. 5 un,"€7,99/un","€7,99/un"
Mini-forno 1380W BMO4136,Becken,emb. 1 un,"€49,99/un","€49,99/un"
Balança Cozinha Digital Vidro Temperado Preta 5kg,Kasa,1 un,"€12,00/un","€12,00/un"
Sacos de Aspirador Ref.615,Becken,emb. 5 un,"€7,99/un","€7,99/un"
Organizadores de Cabos Velcro,Eurobric,emb. 6 un,"€2,38/un","€2,38/un"
Cabo de Dados iPhone 1m,Contact,emb. 1 un,"€6,39/un","€6,39/un"
Conjunto Secador de Cabelo e Escova,Bazarão,emb. 1 un,"€15,99/un","€15,99/un"
Auriculares com Fios com Micro,Contact,emb. 1 un,"€3,32/un","€3,32/un"
Aspirador sem Saco KBVVC4747,Kubo,emb. 1 un,"€129,99/un","€129,99/un"
Secador de Roupa Laranja 1000W,Jocel,emb. 1 un,"€89,99/un","€89,99/un"
Conjunto LEDs RGB,,emb. 3 un,"€9,99/un","€9,99/un"
Sanduicheira Ksm3139,Kunft,emb. 1 un,"€14,99/un","€14,99/un"
"Liquidificador 1,5L JB3100WH",Braun,1 un,"€69,99/un","€69,99/un"
Sacos de Aspirador Ref.619,Becken,emb. 5 un,"€7,99/un","€7,99/un"
Aspirador Portátil 60W,Bazarão,emb. 1 un,"€7,99/un","€7,99/un"
Conjunto de Secador de Cabelo e Alisador,Bazarão,emb. 1 un,"€24,99/un","€24,99/un"
Cabo Tipo C 1m,Contact,emb. 1 un,"€3,99/un","€3,99/un"
Colunas sem Fios,Bazarão,emb. 2 un,"€8,00/un","€8,00/un"
Aspirador sem Saco 1685FL,Flama,emb. 1 un,"€96,99/un","€96,99/un"
Convector 2300W,Jocel,emb. 1 un,"€89,99/un","€89,99/un"
Cartão Micro SD 64GB,Integral,emb. 1 un,"€10,39/un","€10,39/un"
Sacos de Aspirador Ref.686,Becken,emb. 5 un,"€7,99/un","€7,99/un"
Sacos de Aspirador Ref.631,Becken,emb. 5 un,"€7,99/un","€7,99/un"
Aquecedor a Gás Hotspot Laranja 4000W,Galp,emb. 1 un,"€146,00/un","€146,00/un"
Filtro Exaustor 60x40cm Ref.4001,Becken,emb. 1 un,"€5,99/un","€5,99/un"
Máquina de Limpeza de Vidros,Karcher,emb. 1 un,"€44,99/un","€44,99/un"
Auriculares sem Fios e Coluna sem Fios,Bazarão,emb. 1 un,"€20,00/un","€20,00/un"
Máquina de Miniwaffles 550W,Bazarão,emb. 1 un,"€16,99/un","€16,99/un"
Aspirador sem Saco BVC4521,Becken,emb. 1 un,"€119,99/un","€119,99/un"
Leitor USB Cartão Cidadão,Lifetech,emb. 1 un,"€11,99/un","€11,99/un"
Purificador de Ar 30W,Bazarão,emb. 1 un,"€59,99/un","€59,99/un"
Sacos de Aspirador Ref.679,Becken,emb. 5 un,"€7,99/un","€7,99/un"
Conjunto Teclado e Rato,Bazarão,emb. 1 un,"€9,99/un","€9,99/un"
Grelhador Resistência BTG2597,Becken,emb. 1 un,"€29,99/un","€29,99/un"
Pen Drive 64GB,Integral,emb. 1 un,"€8,07/un","€8,07/un"
Máquina Pedicure 4 em 1,Bazarão,emb. 1 un,"€12,99/un","€12,99/un"
Depiladora Corporal com Cabo Extensível,Bazarão,emb. 1 un,"€8,99/un","€8,99/un"
Robot de Cozinha KBKM4570,Kubo,emb. 1 un,"€179,99/un","€179,99/un"
Aparador Multifunções BMT-3187,Becken,emb. 1 un,"€29,99/un","€29,99/un"
Auscultadores e Coluna sem Fios,Bazarão,emb. 1 un,"€20,00/un","€20,00/un"
Aparador Cabelo e Barba BHC 1050,Becken,emb. 1 un,"€22,99/un","€22,99/un"
Auricular sem Fios,,1 un,"€17,99/un","€17,99/un"
Auriculares sem Fios Bluetooth (várias cores),Bazarão,emb. 1 un,"€14,99/un","€14,99/un"
Batedeira sem Taça Mixo 1405FL,Flama,emb. 1 un,"€23,99/un","€23,99/un"
Sacos de Aspirador Ref.654,Becken,emb. 5 un,"€7,99/un","€7,99/un"
Auriculares e Coluna sem fios,Bazarão,emb. 1 un,"€15,00/un","€15,00/un"
Grelhador Resistência 4020FL,Flama,1 un,"€29,99/un","€29,99/un"
Coluna Bluetooth sem Fios,Ksix,emb. 1 un,"€8,99/un","€8,99/un"
Sacos de Aspirador MV2,Karcher,emb. 5 un,"€9,99/un","€9,99/un"
Rato sem Fios Ergonómico,Lifetech,emb. 1 un,"€6,39/un","€6,39/un"
Salamandra Elétrica 1800/2000W,Jocel,emb. 1 un,"€124,99/un","€124,99/un"
Relógio Smartwatch e Auriculares sem Fios,Bazarão,emb. 1 un,"€25,00/un","€25,00/un"
Auriculares sem Fios Bluetooth 5.0,Bazarão,emb. 1 un,"€14,99/un","€14,99/un"
Varinha Mágica 650W HR2535/00,Philips,emb. 1 un,"€54,99/un","€54,99/un"
Varinha Mágica 450W DD451110,Moulinex,emb. 1 un,"€35,99/un","€35,99/un"
LAVADORA WINNER 2020 KARCHER,KARCHER,emb. 1 un,"€189,99/un","€189,99/un"
Máquina de Barbear HR3053,Proficare,emb. 1 un,"€24,99/un","€24,99/un"
Coluna sem Fios,Bazarão,emb. 1 un,"€17,99/un","€17,99/un"
Carregador Duplo sem Fios Preto,Bazarão,emb. 1 un,"€12,99/un","€12,99/un"
Aparador Cabelo Nixus 902219,Taurus,emb. 1 un,"€29,99/un","€29,99/un"
Máquina de Barbear,Bazarão,emb. 1 un,"€19,99/un","€19,99/un"
Coluna sem Fios 3W,Bazarão,emb. 1 un,"€9,99/un","€9,99/un"
Balança WC Digital de Madeira,Bazarão,emb. 1 un,"€9,99/un","€9,99/un"
Máquina de Barbear 3W,Bazarão,emb. 1 un,"€19,99/un","€19,99/un"
Relógio Digital Flores/Borboletas (várias cores),Do Art,1 un,"€7,99/un","€7,99/un"
Ferro Engomar Caldeira 2200W Easy Steam VR7041F0,Rowenta,emb. 1 un,"€134,99/un","€134,99/un"
Aquecedor Quartzo para WC 1500W,Jocel,emb. 1 un,"€29,99/un","€29,99/un"
Smartwatch HR com Desenho Militar Preto,Innova,1 un,"€26,99/un","€26,99/un"
Aparador Cabelo com Acessórios,Bazarão,emb. 1 un,"€17,99/un","€17,99/un"
Grelhador Resistência 422FL,Flama,1 un,"€31,99/un","€31,99/un"
Carregador sem Fios 10W Preto,Ksix,emb. 1 un,"€6,49/un","€6,49/un"
Conjunto Teclado e Rato,Lifetech,emb. 1 un,"€10,99/un","€10,99/un"
Powerbank 10000mAh Preta,Bazarão,emb. 1 un,"€19,90/un","€19,90/un"
Salamandra Elétrica 1600/1800W,Jocel,emb. 1 un,"€104,99/un","€104,99/un"
Auscultadores com Fios e Micro,Lifetech,emb. 1 un,"€7,99/un","€7,99/un"
Aquecedor de Parede 600W,Instaheater,1 un,"€29,95/un","€29,95/un"
"Cabo Audio Jack 3,5mm",Ksix,emb. 1 un,"€3,99/un","€3,99/un"
Aquecedor a Gás Infravermelhos 4200W,Jocel,emb. 1 un,"€129,99/un","€129,99/un"
Aparador de Cabelo com Acessórios,Bazarão,emb. 1 un,"€17,99/un","€17,99/un"
Salamandra Elétrica 1800/2000W,Jocel,emb. 1 un,"€179,99/un","€179,99/un"
Cabo de Dados USB e Micro USB 1m,Contact,emb. 1 un,"€4,99/un","€4,99/un"
Emissor Térmico 900W,Jocel,emb. 1 un,"€159,99/un","€159,99/un"
"Aquecedor para Terraço 9,3kW",Jocel,emb. 1 un,"€399,99/un","€399,99/un"
Aquecedor a Gás Catalítico 3200W,Jocel,emb. 1 un,"€174,99/un","€174,99/un"
Aparador de Cabelo All In One,Bazarão,emb. 1 un,"€14,99/un","€14,99/un"
Aquecedor para Terraço 11kW,Jocel,emb. 1 un,"€354,99/un","€354,99/un"
Carregador USB Branco,Ksix,emb. 1 un,"€7,99/un","€7,99/un"
Emissor Térmico 1500W,Jocel,emb. 1 un,"€224,99/un","€224,99/un"
Conjunto 3 Peças para Carregamento,Bazarão,emb. 1 un,"€9,99/un","€9,99/un"
Emissor Térmico 1800W,Jocel,emb. 1 un,"€239,99/un","€239,99/un"
Coluna Ar 40W VU6620F0,Rowenta,1 un,"€117,99/un","€117,99/un"
Auricular sem Fios,,1 un,"€17,99/un","€17,99/un"
"Cabo TV 1,5m",Eurobric,emb. 1 un,"€3,02/un","€3,02/un"
Grelhador de Placas 4421FL 1600W,Flama,emb. 1 un,"€39,99/un","€39,99/un"
Carregador Auto 2 Entradas USB,Max,emb. 1 un,"€6,99/un","€6,99/un"
Coluna sem Fios 6W,Bazarão,emb. 1 un,"€17,99/un","€17,99/un"
Filtro Exaustor 100x50cm Ref. 4000,Becken,emb. 1 un,"€7,99/un","€7,99/un"
Torradeira 1 Fenda,Philips,emb. 1 un,"€37,99/un","€37,99/un"
Grelhador Mesa 4743FL,Flama,emb. 1 un,"€54,99/un","€54,99/un"
Sacos de Aspirador,Einhell,emb. 5 un,"€14,99/un","€14,99/un"
Forno Preto 1280W,Bazarão,emb. 1 un,"€49,99/un","€49,99/un"
"Liquidificador 0,6L 2223FL Rosa",Flama,emb. 1 un,"€31,99/un","€31,99/un"
Auriculares com Micro Tipo C Preto,Contact,emb. 1 un,"€7,99/un","€7,99/un"
Cabo Tipo C + Lightning 1m Dourado,Contact,emb. 1 un,"€9,99/un","€9,99/un"
Máquina de Barbear Philips S1131/41,Philips,emb. 1 un,"€49,99/un","€49,99/un"
Yämmi 2 XL White,Yämmi,1 un,"€599,00/un","€599,00/un"
Fita LED RGBW Wi-Fi 5m,Nedis Smartlife,emb. 1 un,"€23,99/un","€23,99/un"
Projetor Smartlife Branco 20W,Nedis Smartlife,emb. 1 un,"€27,99/un","€27,99/un"
"Fritadeira sem Óleo 656FL 2,5L",Flama,1 un,"€67,49/un","€67,49/un"
Auricular Wireless com Micro Preto,Contact,emb. 1 un,"€10,99/un","€10,99/un"
Máquina de Café Manual Becken BECM2493,Becken,emb. 1 un,"€79,99/un","€79,99/un"
Vassoura Elétrica K55,Karcher,emb. 1 un,"€99,99/un","€99,99/un"
Aspirador Sólidos e Líquidos MV5,Karcher,emb. 1 un,"€295,08/un","€295,08/un"
Coluna sem Fios 3W,Bazarão,emb. 1 un,"€9,90/un","€9,90/un"
Fita LED RGB Bluetooth,Nedis Smartlife,emb. 1 un,"€10,49/un","€10,49/un"
Aspirador Robot KBVVC4527,Kubo,emb. 1 un,"€249,99/un","€249,99/un"
Máquina Limpa Vidros WV5 Premium,Karcher,emb. 1 un,"€114,99/un","€114,99/un"
Projetor Portátil USB 24W 400-600 Lumens,Bazarão,emb. 1 un,"€69,99/un","€69,99/un"
Bloco de Tomadas Inteligente 3x16A + 4 USB,Nedis Smartlife,emb. 1 un,"€31,99/un","€31,99/un"
Gateway Zigbee 3.0 Wi-Fi,Nedis Smartlife,emb. 1 un,"€19,99/un","€19,99/un"
Tomada Schuko Wi-fi,Nedis Smartlife,emb. 1 un,"€14,99/un","€14,99/un"
Auscultadores com Fios e Microfone,Bazarão,emb. 1 un,"€9,99/un","€9,99/un"
Lareira Elétrica LED 2000W,Bazarão,emb. 1 un,"€49,99/un","€49,99/un"
Torradeira 2 Fendas HT1010GR,Braun,1 un,"€29,99/un","€29,99/un"
Balança WC Digital Preta,Bazarão,emb. 1 un,"€14,99/un","€14,99/un"
Aspirador de Sólidos e Líquidos KWD 1,Karcher,emb. 1 un,"€49,99/un","€49,99/un"
Aspirador Sólidos e Líquidos WD 4 Car,Karcher,emb. 1 un,"€159,99/un","€159,99/un"
Sanduicheira 600W 4900FL,Flama,1 un,"€26,99/un","€26,99/un"
Ferro de Engomar 2400W,Bazarão,emb. 1 un,"€15,99/un","€15,99/un"
Máquina Limpeza Vapor SC 2600 C,Karcher,emb. 1 un,"€399,99/un","€399,99/un"
Batedeira sem Taça Becken BHM3133,Becken,emb. 1 un,"€22,99/un","€22,99/un"
Jarro Elétrico Preto 1.7L,Bazarão,emb. 1 un,"€12,99/un","€12,99/un"
Ferro a Vapor PTSI2200 Rose,Taurus,emb. 1 un,"€28,99/un","€28,99/un"
"Liquidificador 1,5L BTB5027",Becken,emb. 1 un,"€39,99/un","€39,99/un"
Câmara Interior 360º Full HD 1080p,Nedis Smartlife,emb. 1 un,"€27,99/un","€27,99/un"
Dispensador de Ração Inteligente,Nedis Smartlife,emb. 1 un,"€87,99/un","€87,99/un"
Sensor Porta/Janela Zigbee 3.0,Zigbee,emb. 1 un,"€12,79/un","€12,79/un"
Máquina Limpeza Pavimentos FC 5,Karcher,emb. 1 un,"€290,08/un","€290,08/un"
Lavadora Alta Pressão K 4 Eco Silent,Karcher,emb. 1 un,"€309,99/un","€309,99/un"
Máquina Limpeza Vapor SC 1030,Karcher,emb. 1 un,"€209,99/un","€209,99/un"
Conjunto de Gaming 4 em 1,Bazarão,emb. 1 un,"€24,99/un","€24,99/un"
Aspirador Sólidos e Líquidos TC VC1815S 1250W,Einhell,emb. 1 un,"€49,99/un","€49,99/un"
Sensor Climático Zigbee 3.0,Zigbee,emb. 1 un,"€12,79/un","€12,79/un"
Sensor de Movimento Zigbee 3.0,Zigbee,emb. 1 un,"€12,79/un","€12,79/un"
Torradeira 2 Fendas Becken BT4177 2E XL,Becken,emb. 1 un,"€39,99/un","€39,99/un"
Depiladora Corporal,Bazarão,emb. 1 un,"€12,99/un","€12,99/un"
"Lâmpada LED RGBW Wi-Fi E14 4,9W",Nedis Smartlife,emb. 1 un,"€12,99/un","€12,99/un"
"Liquidificador 0,6L 2224FL Verde",Flama,emb. 1 un,"€31,99/un","€31,99/un"
Aspirador Sem Saco,Bazarão,emb. 1 un,"€34,99/un","€34,99/un"
Aspirador com Saco,Bazarão,emb. 1 un,"€39,99/un","€39,99/un"
Varinha Mágica 600W BHB4577,Becken,emb. 1 un,"€29,99/un","€29,99/un"
Coluna Bluetooth 5.0 USB 3W,Bazarão,emb. 1 un,"€12,99/un","€12,99/un"
Foco de Luz com Tripé e Comando para Smartphone,Bazarão,emb. 1 un,"€14,99/un","€14,99/un"
"Jarro Elétrico Flama 1,7L 2200W 716FL",Flama,1 un,"€19,99/un","€19,99/un"
Coluna sem Fios Bluetooth 5.0 5W,Bazarão,emb. 1 un,"€12,99/un","€12,99/un"
Auriculares com Fios e Coluna sem Fios (várias cores),Bazarão,emb. 1 un,"€10,00/un","€10,00/un"
Auscultadores e Coluna sem Fios (várias cores),Bazarão,emb. 1 un,"€20,00/un","€20,00/un"
Câmara de Ação,Bazarão,emb. 1 un,"€24,99/un","€24,99/un"
Lavadora K 5 Full Control,Karcher,emb. 1 un,"€419,99/un","€419,99/un"
"Suporte para Monitor 60x30x8,5cm",Bazarão,emb. 1 un,"€19,99/un","€19,99/un"
Grelhador de Placas 4724FL 2000W,Flama,,"€49,99/un","€49,99/un"
Comando Zigbee 3.0,Zigbee,emb. 1 un,"€11,19/un","€11,19/un"
Sanduicheira Flama 4960FL,Flama,emb. 1 un,"€29,99/un","€29,99/un"
Mini-forno 1200W 1518FL,Flama,,"€99,99/un","€99,99/un"
Máquina Limpeza Vidros WV50 Plus,Karcher,emb. 1 un,"€89,99/un","€89,99/un"
Sanduicheira Flama 4930FL,Flama,emb. 1 un,"€24,99/un","€24,99/un"
Aquecedor Térmico 425W,Bazarão,emb. 1 un,"€39,99/un","€39,99/un"
Relógio Criança (várias cores),Bazarão,emb. 1 un,"€14,99/un","€14,99/un"
Batedeira com Taça Becken BHMB3134,Becken,emb. 1 un,"€34,99/un","€34,99/un"
Auriculares e Coluna sem Fios (várias cores),Bazarão,emb. 1 un,"€20,00/un","€20,00/un"
Grelhador Elétrico 1500W,Bazarão,emb. 1 un,"€24,99/un","€24,99/un"
Câmara Interior IP Inteligente Wi-Fi,Nedis Smartlife,emb. 1 un,"€31,99/un","€31,99/un"
Tapete de Rato Adoro-te Mãe,Do Art,1 un,"€5,00/un","€5,00/un"
"Mini Liquidificador 0,6L Becken BTB2692",Becken,emb. 1 un,"€29,99/un","€29,99/un"
Base de Computador com Ventoinha e Luz LED,Bazarão,emb. 1 un,"€9,99/un","€9,99/un"
Tomada Schuko Wi-fi com Medidor de Energia,Nedis Smartlife,emb. 1 un,"€11,99/un","€11,99/un"
Mini Picadora 150W Azul,Bazarão,emb. 1 un,"€15,99/un","€15,99/un"
Máquina de Barbear Taurus 3-Side Shave Plus,Taurus,emb. 1 un,"€54,99/un","€54,99/un"
Smart Fitness,Bazarão,emb. 1 un,"€17,99/un","€17,99/un"
Auscultadores Gaming com Fios,Bazarão,emb. 1 un,"€14,99/un","€14,99/un"
Torradeira 2 Fendas KBT4177 XL 2E,Kubo,emb. 1 un,"€39,99/un","€39,99/un"
Comando Wi-Fi para Lâmpadas,Nedis Smartlife,emb. 1 un,"€11,19/un","€11,19/un"
Estimulador Muscular para Costas e Glúteos,Bazarão,emb. 1 un,"€7,99/un","€7,99/un"
Sanduicheira BCG-1384,Becken,emb. 1 un,"€34,99/un","€34,99/un"
Auriculares sem Fios Bluetooth 5.0 (várias cores),Bazarão,emb. 1 un,"€14,99/un","€14,99/un"
"Jarro Elétrico 1,7L WK1100GR",Braun,1 un,"€29,99/un","€29,99/un"
Fritadeira Convencional Becken BDF5162,Becken,emb. 1 un,"€34,99/un","€34,99/un"
Auscultadores sem Fios (várias cores),Bazarão,emb. 1 un,"€14,99/un","€14,99/un"
Vídeo-porteiro Wi-Fi HD 720p,Nedis Smartlife,emb. 1 un,"€55,99/un","€55,99/un"
Lâmpada LED RGBW Wi-Fi E27 9W,Nedis Smartlife,emb. 1 un,"€12,99/un","€12,99/un"
Coluna sem Fios 3W,Bazarão,emb. 1 un,"€7,99/un","€7,99/un"
Auscultadores Estereo com fio Neon Colors (várias cores),Grundig Silver Edition,emb. 1 un,"€9,99/un","€9,99/un"
Lavadora Alta Pressão K 4 Premium,Karcher,emb. 1 un,"€369,99/un","€369,99/un"
Lavadora Alta Pressão Pro HD 600,Karcher,emb. 1 un,"€750,00/un","€750,00/un"
Briquetes Lenha,Continente,emb. 9 kg (10 un),"€3,99/un","€0,44/kg"
Acendalhas Brancas,Continente,emb. 64 cubos,"€1,35/un","€1,35/un"
Aquecedor a Gás Hotspot Preto 4000W,Galp,emb. 1 un,"€146,00/un","€146,00/un"
Fósforos,Continente,emb. 4 x 100 un,"€0,69/un","€0,17/un"
Acendalhas Brancas,Continente,emb. 32 un,"€0,75/un","€0,75/un"
Lenha de Mistura,Uso,emb. 10 kg,"€3,49/un","€0,35/kg"
Carvão Vegetal,Continente,emb. 3 kg,"€3,79/un","€1,26/kg"
Acendalhas Ecológicas,Continente,emb. 64 cubos,"€1,79/un","€1,79/un"
Lenha 100% Azinho,Solf,emb. 10 kg,"€4,79/un","€0,48/kg"
Desumidificador 440W KBDH4759,Kubo,emb. 1 un,"€189,99/un","€189,99/un"
Carvão Vegetal Especial,Continente,emb. 6 kg,"€8,99/un","€1,50/kg"
Fósforos,Quinas,emb. 4 x 100 un,"€1,29/un","€1,29/un"
Acendalhas Ecológicas,Neolar,emb. 84 un,"€2,99/un","€2,99/un"
Carvão Vegetal Sem Fumo,Continente,emb. 15 dm3,"€4,99/un",
Isqueiro Multiusos Megalighter,Bic,emb. 1 un,"€3,79/un","€3,79/un"
Fósforos Longos,Continente,emb. 40 un (3 un),"€1,49/un","€0,50/un"
Tronco Limpa Chaminés,Neolar,emb. 1 un,"€9,99/un","€9,99/un"
Acendalha Gel,Pluricor,emb. 500 ml,"€2,99/un","€5,98/lt"
Fósforos Longos,Quinas,emb. 3 x 45 un,"€2,39/un","€2,39/un"
Acendalhas Brancas,Neolar,emb. 32 un,"€1,19/un","€1,19/un"
Carvão Vegetal,Continente,emb. 5 kg,"€5,19/un","€1,04/kg"
Limpa Vidros Recuperadores Calor,Pluricor,emb. 500 ml,"€2,89/un","€2,89/un"
Acendalhas Ecológicas,Continente,emb. 32 un,"€0,99/un","€0,99/un"
Pinhas Naturais,Solf,emb. 20 un,"€3,49/un","€3,49/un"
Convector 2300W,Jocel,emb. 1 un,"€89,99/un","€89,99/un"
Aquecedor a Gás Hotspot Laranja 4000W,Galp,emb. 1 un,"€146,00/un","€146,00/un"
Isqueiro Megalighter U-140 Flex Azul,Bic,emb. 1 un,"€4,79/un","€4,79/un"
Aquecedor a Gás Chama Azul Vidro Preto 3800W,Galp,emb. 1 un,"€134,00/un","€134,00/un"
Temoventilador KFH-2700,Kunft,emb. 1 un,"€14,99/un","€14,99/un"
Acendalhas Ecológicas,Magic,emb. 32 un,"€1,19/un","€5,17/kg"
Acendalhas Fósforo,Neolar,emb. 20 un,"€2,99/un","€2,99/un"
Salamandra Elétrica 1800/2000W,Jocel,emb. 1 un,"€124,99/un","€124,99/un"
Aquecedor Quartzo para WC 1500W,Jocel,emb. 1 un,"€29,99/un","€29,99/un"
Salamandra Elétrica 1600/1800W,Jocel,emb. 1 un,"€104,99/un","€104,99/un"
Aquecedor de Parede 600W,Instaheater,1 un,"€29,95/un","€29,95/un"
Aquecedor a Gás Infravermelhos 4200W,Jocel,emb. 1 un,"€129,99/un","€129,99/un"
Salamandra Elétrica 1800/2000W,Jocel,emb. 1 un,"€179,99/un","€179,99/un"
Emissor Térmico 900W,Jocel,emb. 1 un,"€159,99/un","€159,99/un"
"Aquecedor para Terraço 9,3kW",Jocel,emb. 1 un,"€399,99/un","€399,99/un"
Aquecedor a Gás Catalítico 3200W,Jocel,emb. 1 un,"€174,99/un","€174,99/un"
Aquecedor para Terraço 11kW,Jocel,emb. 1 un,"€354,99/un","€354,99/un"
Emissor Térmico 1500W,Jocel,emb. 1 un,"€224,99/un","€224,99/un"
Emissor Térmico 1800W,Jocel,emb. 1 un,"€239,99/un","€239,99/un"
Acendalhas Brancas,Magic,emb. 32 un,"€1,79/un","€3,58/kg"
Salamandra Elétrica 1500W,Jocel,emb. 1 un,"€64,99/un","€64,99/un"
Lareira Elétrica LED 2000W,Bazarão,emb. 1 un,"€49,99/un","€49,99/un"
Aquecedor Térmico 425W,Bazarão,emb. 1 un,"€39,99/un","€39,99/un"
Saco de Pellets,,emb. 15 kg,"€10,99/un","€10,99/un"
Candeeiro de Secretária Touch Branco,,emb. 1 un,"€3,99/un","€3,99/un"
Candeeiro de Mesa Bellariva Creme e Branco,Eglo,emb. 1 un,"€12,99/un","€12,99/un"
Lâmpadas LED Standard E27 2700K 60W,Boost,emb. 3 un,"€4,99/un","€1,66/un"
Candeeiro de Mesa Articulado Branco,Bright,emb. 1 un,"€11,99/un","€11,99/un"
Lâmpadas LED Foco GU10 2700K 50W,Boost,emb. 4 un,"€5,99/un","€1,50/un"
Pilhas AAA Plus,Duracell,emb. 4 un,"€3,99/un","€1,00/un"
Programador Mecânico Diário,Eurobric,emb. 1 un,"€4,99/un","€4,99/un"
Programador Digital Semanal,Eurobric,emb. 1 un,"€9,99/un","€9,99/un"
Pilhas D Plus,Duracell,emb. 2 un,"€4,99/un","€2,50/un"
Ficha Tripla Frontal Branca,Legrand,emb. 1 un,"€2,91/un","€2,91/un"
"Candeeiro Mesa 22,5cm Branco",Grundig,emb. 1 un,"€6,91/un","€6,91/un"
Pilhas Recarregáveis AA 2500mAh,Duracell,emb. 4 un,"€12,99/un","€3,25/un"
Pilhas CR2032,Duracell,emb. 1 un,"€3,49/un","€1,75/un"
Medidor de Consumo Elétrico,Eurobric,emb. 1 un,"€17,99/un","€17,99/un"
Candeeiro Pilar Solar,Egolight,emb. 1 un,"€1,59/un","€1,59/un"
Lâmpadas LED Miniglobo E14 2700K 40W,Boost,emb. 3 un,"€3,99/un","€1,33/un"
Pilhas Recarregáveis AAA,Energizer,emb. 4 un,"€7,99/un","€2,00/un"
Candeeiro Pedra Solar LED,Eglo,emb. 1 un,"€3,99/un","€3,99/un"
Carregador CF14,Duracell,emb. 1 un,"€19,99/un","€19,99/un"
Lâmpada Halogéneo Eletrodomésticos E14 25W,Osram,emb. 1 un,"€5,29/un","€5,29/un"
Projetor Exterior LED Cinza,Ledvance,emb. 1 un,"€14,99/un","€14,99/un"
Candeeiro de Secretária Metal Loop,KASA,1 un,"€17,00/un","€17,00/un"
Candeeiro de Secretária (várias cores),Pincello,emb. 1 un,"€4,89/un","€4,89/un"
Bloco 3 Tomadas com Interruptor 5m Branco,Boost,emb. 1 un,"€7,99/un","€7,99/un"
Candeeiro de Teto Tarbes Preto,Eglo,emb. 1 un,"€17,99/un","€17,99/un"
Pilhas MN21,Duracell,emb. 2 un,"€3,49/un","€1,75/un"
Ficha Dupla Frontal Branca,Legrand,emb. 1 un,"€2,39/un","€2,39/un"
Lâmpadas LED Vela E14 2700K 40W,Boost,emb. 3 un,"€3,99/un","€1,33/un"
Candeeiro de Mesa Trondio Branco,Eglo,emb. 1 un,"€10,99/un","€10,99/un"
Lâmpada LED Standard E27 2700K 100W,Philips,emb. 1 un,"€6,79/un","€6,79/un"
Bloco 3 Tomadas e 2 Entradas USB com Interruptor 2m Branco,Boost,emb. 1 un,"€7,19/un","€7,19/un"
Candeeiro de Pé Up 2 Branco,Eglo,emb. 1 un,"€29,99/un","€29,99/un"
Aplique de Parede Townshend Preto,Eglo,emb. 1 un,"€24,99/un","€24,99/un"
Lanterna Multifunções,Egolight,emb. 1 un,"€3,99/un","€3,99/un"
Pilhas LR44,Energizer,emb. 2 un,"€4,39/un","€2,20/un"
Fitas Iluminação LED Inteligentes,Wiz,emb. 1 un,"€35,99/un","€35,99/un"
Pilhas AA Plus,Duracell,emb. 4 un,"€3,99/un","€1,00/un"
Candeeiro de Teto Mate,Kasa,1 un,"€20,00/un","€20,00/un"
Comando Wi-Fi e Bluetooth,Wiz,emb. 1 un,"€11,99/un","€11,99/un"
Prolongador de Tomada 3m Branca,Boost,emb. 1 un,"€3,99/un","€3,99/un"
Candeeiro de Teto Yorth Vintage Dourado,Eglo,emb. 1 un,"€12,99/un","€12,99/un"
Candeeiro Exterior de Mesa 19cm Rocket,New Garden,emb. 1 un,"€24,99/un","€24,99/un"
Candeeiro Exterior com Comando Cherry,New Garden,emb. 1 un,"€29,99/un","€29,99/un"
Lâmpada LED G9 4000K 20W,Osram,emb. 1 un,"€7,29/un","€7,29/un"
Pilhas CR2032,Duracell,emb. 4 un,"€6,99/un","€1,75/un"
Pilhas AAA Energy,Varta,emb. 16 un,"€8,99/un","€0,56/un"
Candeeiro de Teto LED GU10 Buzz,Eglo,emb. 1 un,"€17,99/un","€17,99/un"
Candeeiro de Secretária Branco,Bright,emb. 1 un,"€6,99/un","€6,99/un"
Bola Flutuante 17cm,New Garden,emb. 1 un,"€22,91/un","€22,91/un"
Lâmpada LED G9 2700K 30W,Osram,emb. 1 un,"€7,29/un","€7,29/un"
Lâmpada Fluorescente Tubos T8 600mm 4000K 205W,Osram,emb. 1 un,"€4,29/un","€4,29/un"
Pilhas Recarregáveis AA 1300mAh,Energizer,emb. 4 un,"€7,99/un","€7,99/un"
Ficha Dupla Frontal Branca,Eurobric,emb. 1 un,"€2,49/un","€2,49/un"
Ficha Tripla Branca,Legrand,emb. 1 un,"€3,19/un","€3,19/un"
Pilhas MN21 Standard,Boost,emb. 2 un,"€1,99/un","€1,00/un"
"Lâmpada LED PLC G24Q 4000K 8,5W",Philips,emb. 1 un,"€13,49/un","€13,49/un"
Lâmpada LED Standard E27 2700K 60W,Philips,emb. 1 un,"€4,29/un","€4,29/un"
Ficha Tripla Schuko Branca,Boost,emb. 1 un,"€2,00/un","€2,00/un"
Pilhas AA Energy,Varta,emb. 16 un,"€8,99/un","€0,56/un"
Tomada Elétrica Inteligente Wi-fi,Wiz,emb. 1 un,"€11,99/un","€11,99/un"
Suporte de Lâmpada E27 Branco,Eurobric,emb. 1 un,"€1,99/un","€1,99/un"
Lâmpada LED Wi-Fi Standard E27 2700K-6500K 60W,Philips,emb. 1 un,"€10,39/un","€10,39/un"
Tomada Branca,Legrand,emb. 1 un,"€4,99/un","€4,99/un"
"Bloco 3 Tomadas sem Interruptor 1,5m Branco",Legrand,emb. 1 un,"€4,79/un","€4,79/un"
Lâmpada LED G4 2700K 20W,Osram,emb. 2 un,"€7,29/un","€7,29/un"
Bloco 1 Tomada e 2 Entradas USB Branco,Eurobric,emb. 1 un,"€12,99/un","€12,99/un"
Projetor Exterior LED Branco,Ledvance,emb. 1 un,"€14,99/un","€14,99/un"
Candeeiro de Teto com Abajour Pasteri Cinza,Eglo,emb. 1 un,"€34,99/un","€34,99/un"
Comutador Escada Branco,Legrand,emb. 1 un,"€6,99/un","€6,99/un"
Comutador Branco,Legrand,emb. 1 un,"€4,99/un","€4,99/un"
Lâmpada LED R50 E14 2700K 40W,Osram,emb. 1 un,"€4,99/un","€4,99/un"
Conjunto Carregador de Pilhas com 2 Pilhas AAA,Energizer,emb. 1 un,"€11,99/un","€11,99/un"
Bloco 6 Tomadas com Interruptor 3m Branco,Boost,emb. 1 un,"€9,99/un","€9,99/un"
Lâmpada LED R7S 2700K 100W,Philips,emb. 1 un,"€13,49/un","€13,49/un"
Luz Presença Shine Ledvance Branca,Ledvance,emb. 1 un,"€6,39/un","€6,39/un"
Pilhas Recarregáveis AAA 900mAh,Duracell,emb. 4 un,"€12,99/un","€3,25/un"
Pilha CR1632,Energizer,emb. 1 un,"€3,49/un","€3,49/un"
Projetor Exterior LED Preto,Aslo,emb. 1 un,"€5,59/un","€5,59/un"
Pilhas AA Max,Energizer,emb. 4+2 un,"€3,29/un","€0,55/un"
Ficha Quádrupla Branca,Legrand,emb. 1 un,"€5,49/un","€5,49/un"
Candeeiro de Mesa Rondo Branco,Eglo,emb. 1 un,"€17,99/un","€17,99/un"
Candeeiro Pilar Lanterna Verde,Eglo,emb. 1 un,"€13,49/un","€13,49/un"
Pilhas CR2450,Energizer,emb. 2 un,"€5,49/un","€2,75/un"
Pilhas AA Energy,Varta,emb. 4 un,"€2,99/un","€0,75/un"
Projetor LED,,emb. 1 un,"€13,98/un","€13,98/un"
"Enrolador 4 Tomadas 5,5m Preto",Boost,emb. 1 un,"€13,99/un","€13,99/un"
Ficha Macho Branca,Eurobric,emb. 1 un,"€2,19/un","€2,19/un"
Aplique de Parede Grafik Branco,Eglo,emb. 1 un,"€9,99/un","€9,99/un"
Candeiro de Secretária La Seca Branco,Eglo,emb. 1 un,"€23,99/un","€23,99/un"
Enrolador de 4 Tomadas 25m Preto,Boost,emb. 1 un,"€34,99/un","€34,99/un"
Candeeiro de Teto com Abajour Pasteri Branco,Eglo,emb. 1 un,"€34,99/un","€34,99/un"
Candeeiro Exterior de Mesa 20cm Lola,New Garden,emb. 1 un,"€14,99/un","€14,99/un"
Candeeiro de Pé Pasteri Branco,Eglo,emb. 1 un,"€57,99/un","€57,99/un"
Bloco 3 Tomadas sem Interruptor 3m Branco,Legrand,emb. 1 un,"€7,19/un","€7,19/un"
Campainha 10m,Eurobric,emb. 1 un,"€12,99/un","€12,99/un"
Pilhas CR2032 Lithium,Energizer,emb. 2 un,"€3,19/un","€1,60/un"
Lâmpada LED R50 E14 4000K 40W,Osram,emb. 1 un,"€4,99/un","€4,99/un"
Lâmpada LED Globo 120mm E27 2200K 21W,Boost,emb. 1 un,"€12,99/un","€12,99/un"
Aplique de Exterior Lanterna 6,Eglo,emb. 1 un,"€13,49/un","€13,49/un"
Candeeiro de Mesa Articulado (várias cores),Pincello,emb. 1 un,"€15,55/un","€15,55/un"
Lâmpada LED R63 E27 2700K 40W,Osram,emb. 1 un,"€5,99/un","€5,99/un"
Luz Presença com USB Lunneta Ledvance,Ledvance,emb. 1 un,"€10,39/un","€10,39/un"
Pilhas CR2016,Energizer,emb. 2 un,"€4,39/un","€2,20/un"
Lâmpada LED Vela E14 4000K 40W,Osram,emb. 1 un,"€4,29/un","€4,29/un"
Candeiro de Secretária Fox Branco,Eglo,emb. 1 un,"€23,99/un","€23,99/un"
Luz Presença com Sensor Ledvance,Ledvance,emb. 1 un,"€9,99/un","€9,99/un"
Lâmpada LED T26 E14 2700K 20W,Osram,emb. 1 un,"€5,29/un","€5,29/un"
Pilhas 9V Plus,Duracell,emb. 1 un,"€4,99/un","€4,99/un"
Prolongador de Tomada 5m Branca,Boost,emb. 1 un,"€7,99/un","€7,99/un"
Projetor Exterior LED Branco,Aslo,emb. 1 un,"€6,99/un","€6,99/un"
Lâmpada LED Standard E27 2700K 75W,Boost,emb. 1 un,"€4,99/un","€4,99/un"
Pilhas CR2025,Energizer,emb. 2 un,"€4,39/un","€2,20/un"
Candeeiro de Teto Metal,Kasa,1 un,"€25,00/un","€25,00/un"
Lâmpada LED Foco GU10 4000K 50W,Boost,emb. 1 un,"€3,99/un","€3,99/un"
Pilhas C Plus,Duracell,emb. 2 un,"€4,99/un","€2,50/un"
Pilhas AAA Max,Energizer,emb. 4+2 un,"€3,29/un","€0,55/un"
Pilhas A27,Energizer,emb. 2 un,"€4,39/un","€2,20/un"
Pilhas AA Plus,Duracell,emb. 8 un,"€10,59/un","€10,59/un"
Pilhas AA Max,Energizer,emb. 12 + 4 un,"€8,99/un","€0,56/un"
"Bloco 3 Tomadas sem Interruptor 1,5m Preto",Legrand,emb. 1 un,"€4,78/un","€4,78/un"
Busca Polos 14cm,Eurobric,emb. 1 un,"€2,19/un","€2,19/un"
Lâmpada LED T26 E14 6500K 20W,Osram,emb. 1 un,"€5,29/un","€5,29/un"
Lâmpada LED Vela E14 4000K 40W,Philips,emb. 1 un,"€3,99/un","€3,99/un"
Pilha LR1,Energizer,emb. 1 un,"€3,49/un","€3,49/un"
Pilhas AA Optimum,Duracell,emb. 4 un,"€6,99/un","€1,75/un"
Pilha EL123,Energizer,emb. 1 un,"€5,49/un","€5,49/un"
Prolongador de Tomada 10m Branca,Boost,emb. 1 un,"€11,99/un","€11,99/un"
Lâmpada LED Globo 95mm E27 2000K 21W,Boost,emb. 1 un,"€9,99/un","€9,99/un"
Pilhas CR2430,Energizer,emb. 2 un,"€5,49/un","€2,75/un"
Bloco 3 Tomadas Rotativo com Interruptor 5m Branco,Legrand,emb. 1 un,"€17,99/un","€17,99/un"
Lâmpada LED Wi-Fi Vela E14 2700K-6500K 40W,Wiz,emb. 1 un,"€10,39/un","€10,39/un"
Bloco 3 Tomadas sem Interruptor 5m Branco,Legrand,emb. 1 un,"€9,59/un","€9,59/un"
Lâmpada LED Wi-Fi Standard Filamentos E27 2700K 60W,Wiz,emb. 1 un,"€11,99/un","€11,99/un"
Pilhas AAA Max,Energizer,emb. 12 + 4 un,"€8,99/un","€0,56/un"
Pilhas Tipo C Energy,Varta,emb. 2 un,"€4,99/un","€2,50/un"
Pilhas AAA Energy,Varta,emb. 4 un,"€2,99/un","€0,75/un"
"Bloco 3 Tomadas Rotativo com Interruptor 1,5m Preto",Legrand,emb. 1 un,"€9,59/un","€9,59/un"
Lâmpada LED Standard E27 2700K 60W,Osram,emb. 1 un,"€5,29/un","€5,29/un"
"Bloco 3 Tomadas e 2 Entradas USB com Interruptor 1,5m Branco",Legrand,emb. 1 un,"€22,99/un","€22,99/un"
"Bloco 3 Tomadas sem Interruptor 1,4m Branco",Boost,emb. 1 un,"€2,50/un","€2,50/un"
"Bloco 6 Tomadas Rotativo com Interruptor 1,5m Branco",Legrand,emb. 1 un,"€24,99/un","€24,99/un"
Pilhas AA Optimum,Duracell,emb. 8 un,"€12,99/un","€12,99/un"
Lanterna Multifunções Potente,Egolight,emb. 1 un,"€7,99/un","€7,99/un"
Pilhas AAA Optimum,Duracell,emb. 8 un,"€12,99/un","€12,99/un"
Suporte de Lâmpada E14 Branco,Eurobric,emb. 1 un,"€1,99/un","€1,99/un"
Pilhas AAA Plus,Duracell,emb. 8 un,"€10,59/un","€10,59/un"
Pilhas AAA Optimum,Duracell,emb. 4 un,"€6,99/un","€1,75/un"
Pilhas MN21,Energizer,emb. 2 un,"€4,39/un","€2,20/un"
Ficha Fêmea Branca,Eurobric,emb. 1 un,"€2,99/un","€2,99/un"
Luz Armário Lumistixx Branca,Ledvance,emb. 1 un,"€7,99/un","€7,99/un"
Lâmpada LED Vela E14 6500K 40W,Osram,emb. 1 un,"€4,29/un","€4,29/un"
Pilhas CR2032 Ultimate,Energizer,emb. 2 un,"€4,49/un","€2,25/un"
Lâmpada LED Vela E14 2700K 40W,Philips,emb. 1 un,"€3,99/un","€3,99/un"
Pilhas 9V Energy,Varta,emb. 1 un,"€4,99/un","€4,99/un"
Pilhas Tipo D Energy,Varta,emb. 2 un,"€4,99/un","€2,50/un"
"Bloco 3 Tomadas Rotativo com Interruptor 1,5m Branco",Legrand,emb. 1 un,"€9,20/un","€9,20/un"
Conjunto LEDs RGB,,emb. 3 un,"€9,99/un","€9,99/un"
Lâmpada LED Vela E14 2700K 40W,Philips,emb. 1 un,"€3,99/un","€3,99/un"
Bloco 3 Tomadas com Interruptor 3m Branco,Boost,emb. 1 un,"€6,99/un","€6,99/un"
Régua Junção 12 Elementos 6mm,Eurobric,emb. 1 un,"€2,99/un","€2,99/un"
Lâmpada LED Vela E14 2700K 40W,Osram,emb. 1 un,"€4,29/un","€4,29/un"
Pilhas AA Max Plus,Energizer,emb. 6 + 2 un,"€5,99/un","€0,75/un"
Suspensão de Lâmpada E14 Branco,Eurobric,emb. 1 un,"€3,99/un","€3,99/un"
Pilhas LR44 Standard,Boost,emb. 4 un,"€3,99/un","€1,00/un"
Suspensão de Lâmpada E27 Branco,Eurobric,emb. 1 un,"€4,99/un","€4,99/un"
Pilhas AAA Max Plus,Energizer,emb. 6 + 2 un,"€5,99/un","€0,75/un"
Pilhas AAA,Energizer,emb. 2 un,"€4,39/un","€2,20/un"
Lâmpada LED Miniglobo E14 6500K 40W,Boost,emb. 1 un,"€2,99/un","€2,99/un"
Lâmpada LED Miniglobo E14 4000K 40W,Boost,emb. 1 un,"€2,99/un","€2,99/un"
Conectores com Patilha,Eurobric,emb. 5 un,"€3,19/un","€3,19/un"
Comutador Branco,Eurobric,emb. 1 un,"€2,99/un","€2,99/un"
Lanterna Trabalho c/ Gancho,Egolight,emb. 1 un,"€2,99/un","€2,99/un"
"Luzes de Decoração 31,5x22x27,5cm (várias cores)",Bazarão,emb. 1 un,"€5,00/un","€5,00/un"
Luz Presença Computador USB,Egolight,emb. 1 un,"€3,99/un","€3,99/un"
Candeeiro de Mesa Metal Branco,Kasa,1 un,"€20,00/un","€20,00/un"
Pilar Solar Tradicional,Egolight,emb. 1 un,"€3,99/un","€3,99/un"
Pilhas AAA Standard,Boost,emb. 4 un,"€1,99/un","€1,99/un"
Espelho com Luz,Egolight,emb. 1 un,"€10,99/un","€10,99/un"
Extensão com 4 Entradas 10m,Bazarão,emb. 1 un,"€14,99/un","€14,99/un"
Fita LED RGBW Wi-Fi 5m,Nedis Smartlife,emb. 1 un,"€23,99/un","€23,99/un"
Projetor Smartlife Branco 20W,Nedis Smartlife,emb. 1 un,"€27,99/un","€27,99/un"
Candeeiro Madeira Branco,Bazarão,emb. 1 un,"€9,99/un","€9,99/un"
Pilar Solar Recarregável Multiposições Greta,New Garden,emb. 5 un,"€19,99/un","€19,99/un"
Fita LED com Transformador RGB 3m,Nine&One,emb. 1 un,"€10,99/un","€10,99/un"
Arrancador ST151,Osram,emb. 2 un,"€2,29/un","€2,29/un"
Bloco 3 Tomadas e 2 Entradas USB com Interruptor 2m Branco,Boost,emb. 1 un,"€7,19/un","€7,19/un"
Fita LED RGB Bluetooth,Nedis Smartlife,emb. 1 un,"€10,49/un","€10,49/un"
Candeeiro de Mesa Exterior,Egolight,emb. 1 un,"€3,99/un","€3,99/un"
Grinalda Estrela 20 LED's,Egolight,emb. 1 un,"€3,99/un","€3,99/un"
Lâmpada LED Standard E27 2700K 40W,Osram,emb. 1 un,"€3,99/un","€3,99/un"
Prolongador de Tomada 10m Branca,Boost,emb. 1 un,"€11,99/un","€11,99/un"
Bloco de Tomadas Inteligente 3x16A + 4 USB,Nedis Smartlife,emb. 1 un,"€31,99/un","€31,99/un"
Gateway Zigbee 3.0 Wi-Fi,Nedis Smartlife,emb. 1 un,"€19,99/un","€19,99/un"
Tomada Schuko Wi-fi,Nedis Smartlife,emb. 1 un,"€14,99/un","€14,99/un"
Pilhas AA Standard,Boost,emb. 12 + 4 un,"€5,99/un","€5,99/un"
Lâmpada LED Standart E27 4000K 100W,Osram,emb. 1 un,"€8,49/un","€8,49/un"
Pilhas D Max,Energizer,emb. 2 un,"€5,99/un","€5,99/un"
Pilha 9V Standard,Boost,emb. 1 un,"€3,99/un","€3,99/un"
Candeeiro LED Círculo,Bazarão,emb. 1 un,"€19,99/un","€19,99/un"
Ficha Tripla 16A,Boost,emb. 1 un,"€2,99/un","€2,99/un"
Ficha Tripla 10A,Boost,emb. 1 un,"€1,99/un","€1,99/un"
Lâmpada LED Standart E27 2700K 100W,Osram,emb. 1 un,"€8,49/un","€8,49/un"
Luz Rotativa Discoteca E27 RGB,Nine&One,emb. 1 un,"€6,99/un","€6,99/un"
Projetor LED USB,Egolight,emb. 1 un,"€19,99/un","€19,99/un"
Pilhas AAA Essential,Boost,emb. 8 un,"€1,99/un","€1,99/un"
Candeeiro Lanterna,Egolight,emb. 1 un,"€7,99/un","€7,99/un"
Câmara Interior 360º Full HD 1080p,Nedis Smartlife,emb. 1 un,"€27,99/un","€27,99/un"
Dispensador de Ração Inteligente,Nedis Smartlife,emb. 1 un,"€87,99/un","€87,99/un"
Sensor Porta/Janela Zigbee 3.0,Zigbee,emb. 1 un,"€12,79/un","€12,79/un"
Pilar Solar Premium,Egolight,emb. 1 un,"€3,99/un","€3,99/un"
Luz de Presença com Interruptor LED Branca,Nine&One,emb. 1 un,"€2,39/un","€2,39/un"
Candeeiro de Mesa Metal,Kasa,1 un,"€20,00/un","€20,00/un"
Sensor Climático Zigbee 3.0,Zigbee,emb. 1 un,"€12,79/un","€12,79/un"
Sensor de Movimento Zigbee 3.0,Zigbee,emb. 1 un,"€12,79/un","€12,79/un"
Conjunto 10 Velas Tealight,Egolight,emb. 10 un,"€4,99/un","€4,99/un"
BLOCO 3 TOM C/INT 5M BR BOOST,BOOST,emb. 1 un,"€7,99/un","€7,99/un"
"Lâmpada LED RGBW Wi-Fi E14 4,9W",Nedis Smartlife,emb. 1 un,"€12,99/un","€12,99/un"
Protetor Adesivo de Tomada Elétrica Branco,Inofix,emb. 1 un,"€2,79/un","€2,79/un"
Pilhas Tipo D Standard,Boost,emb. 2 un,"€3,99/un","€3,99/un"
Lanterna Trabalho,Egolight,emb. 1 un,"€7,99/un","€7,99/un"
Candeeiro de Mesa Metal Preto,Kasa,1 un,"€20,00/un","€20,00/un"
Ficha Tripla Schuko Branca,Boost Essential,emb. 1 un,"€2,49/un","€2,49/un"
Pilhas AA Essential,Boost,emb. 20 un,"€3,99/un","€3,99/un"
Luz Presença com Ficha Dimável,Egolight,emb. 1 un,"€3,99/un","€3,99/un"
Pilhas Tipo D Essential,Boost,emb. 2 un,"€2,99/un","€2,99/un"
Enrolador 4 Tomadas 10m Preto,Boost,emb. 1 un,"€16,99/un","€16,99/un"
Ficha Dupla 16A,Boost,emb. 1 un,"€1,99/un","€1,99/un"
Comando Zigbee 3.0,Zigbee,emb. 1 un,"€11,19/un","€11,19/un"
Multímetro Digital,Eurobric,emb. 1 un,"€17,99/un","€17,99/un"
Lâmpada Anti-Mosquitos,,emb. 1 un,"€10,39/un","€10,39/un"
Câmara Interior IP Inteligente Wi-Fi,Nedis Smartlife,emb. 1 un,"€31,99/un","€31,99/un"
Candeeiro Bola 40cm Buly,New Garden,emb. 1 un,"€44,99/un","€44,99/un"
Vela Copo LED,Egolight,emb. 1 un,"€3,99/un","€3,99/un"
Pilhas 9V Max,Energizer,emb. 1 un,"€5,99/un","€5,99/un"
Pilhas AA Standard,Boost,emb. 4 un,"€1,99/un","€1,99/un"
Arrancador ST111,Osram,emb. 2 un,"€2,29/un","€2,29/un"
Tomada Schuko Wi-fi com Medidor de Energia,Nedis Smartlife,emb. 1 un,"€11,99/un","€11,99/un"
Candeeiro de Teto Foco 40W,Grundig,emb. 1 un,"€5,99/un","€5,99/un"
Grinalda Ananás 20 LED's,Egolight,emb. 1 un,"€3,99/un","€3,99/un"
Pilha 9V Essential,Boost,emb. 1 un,"€2,99/un","€2,99/un"
Comando Wi-Fi para Lâmpadas,Nedis Smartlife,emb. 1 un,"€11,19/un","€11,19/un"
Candeeiro LED de Secretária Branco,Egolight,emb. 1 un,"€3,99/un","€3,99/un"
Pilhas Tipo C Standard,Boost,emb. 2 un,"€3,99/un","€3,99/un"
Vídeo-porteiro Wi-Fi HD 720p,Nedis Smartlife,emb. 1 un,"€55,99/un","€55,99/un"
"Bloco 3 Tomadas com Interruptor 1,5m Branco",Boost,emb. 1 un,"€3,99/un","€3,99/un"
Lâmpada LED RGBW Wi-Fi E27 9W,Nedis Smartlife,emb. 1 un,"€12,99/un","€12,99/un"
Candeeiro LED Lua RGB,Grundig,emb. 1 un,"€6,99/un","€6,99/un"
Candeeiro de Pé Solar Exterior Paquita 215cm,New Garden,emb. 1 un,"€223,99/un","€223,99/un"
Candeeiro Exterior de Pé 140cm Chloe,New Garden,emb. 1 un,"€109,99/un","€109,99/un"
Lanterna Decorativa 12x12x15cm,Bazarão,emb. 1 un,"€5,99/un","€5,99/un"
Régua de Luz Armário Branca,Egolight,emb. 1 un,"€3,99/un","€3,99/un"
Pilhas Tipo C Max,Energizer,emb. 2 un,"€5,99/un","€5,99/un"
Pilhas AA Essential,Boost,emb. 8 un,"€1,99/un","€1,99/un"
Pilhas Tipo C Essential,Boost,emb. 2 un,"€2,99/un","€2,99/un"
Rolo Multiusos Branco,Boost,emb. 1 un,"€2,69/un","€2,69/un"
Lavadora Alta Pressão K 3,Karcher,emb. 1 un,"€129,99/un","€129,99/un"
Rolo Multiusos Azul,Boost,emb. 1 un,"€4,29/un","€4,29/un"
Removedor de Bolores e Fungos com Cloro,UHU,emb. 500 ml,"€5,29/un","€5,29/un"
Lavadora Alta Pressão K 7,Karcher,emb. 1 un,"€479,99/un","€479,99/un"
Aspirador Sólidos e Líquidos TC-VC 1820 S,Einhell,emb. 1 un,"€59,99/un","€59,99/un"
Estante 5 Prateleiras,,emb. 1 un,"€19,99/un","€19,99/un"
Rolo Multiusos Branco,Boost,emb. 2 un,"€4,29/un","€4,29/un"
Lavadora Alta Pressão TC-HP 90,Einhell,emb. 1 un,"€79,95/un","€79,95/un"
Lavadora Alta Pressão K 4,Karcher,emb. 1 un,"€219,99/un","€219,99/un"
Lavadora Alta Pressão K 2,Karcher,emb. 1 un,"€79,99/un","€79,99/un"
Removedor de Bolores e Fungos sem Cloro,UHU,emb. 500 ml,"€6,29/un","€6,29/un"
Desentupidor Energy,UHU,emb. 1 lt,"€3,99/un","€3,99/un"
Super Cola 3 Mini Trio,Loctite,emb. 3 un,"€4,79/un","€4,79/un"
Desentupidor Turbo,UHU,emb. 500 ml,"€2,99/un","€2,99/un"
Lavadora Alta Pressão K 5 Basic,Karcher,emb. 1 un,"€319,99/un","€319,99/un"
Escadote Alumínio 4 Degraus,Boost,emb. 1 un,"€36,99/un","€36,99/un"
Cola Montagem sem Pregos,Pattex,emb. 250 gr,"€6,99/un","€27,96/kg"
Super Cola 3 Pincel,Loctite,emb. 5 gr,"€6,49/un","€6,49/un"
Cola Contacto,Pattex,emb. 50 gr,"€3,49/un","€69,80/kg"
Soda Cáustica Plus,Boost,emb. 500 ml,"€3,99/un","€7,98/lt"
Fita Adesiva Dupla Face 5m x 19mm Ultra Forte Branca,Tesa,emb. 1 un,"€12,99/un","€12,99/un"
Fitas Adesivas de Embalar 50m x 50mm Transparentes,Boost,emb. 3 un,"€2,79/un","€0,93/un"
Desentupidor Profissional 1L,Paso,emb. 1 lt,"€5,39/un","€5,39/lt"
Limpa Recuperadores e Fornos,Boost,emb. 500 ml,"€2,89/un","€2,89/un"
"Fita Adesiva 1,5m x 19mm Powerbond Ultra Strong Branca",Tesa,emb. 1 un,"€6,99/un","€6,99/un"
"Fita Montagem Dupla Face 2,5m x 19mm Montack Express Transparente",Ceys,emb. 1 un,"€7,99/un","€7,99/un"
Super Cola 3 Original 3g,Loctite,emb. 1 un,"€3,89/un","€3,89/un"
Prego Adesivo Ajustável,Tesa,emb. 1 un,"€4,99/un","€4,99/un"
Super Cola 3 Power Easy,Loctite,emb. 3 gr,"€4,79/un","€479,00/kg"
Fitas Cola de Embalar 50m x 50mm Castanhas,Boost,emb. 3 un,"€2,79/un","€0,93/un"
Super Colas SC Flex Mini Trio,Loctite,emb. 3 un,"€5,79/un","€193,00/kg"
Massa Reparadora Universal,Boost,emb. 1 un,"€3,99/un","€66,50/kg"
Berbequim sem Fios TH-CD 12 Li,Einhell,emb. 1 un,"€39,99/un","€39,99/un"
Spray WC Antifungos,Pattex,emb. 500 ml,"€3,99/un","€3,99/un"
Fita Papel 50m x 50mm Branca,Boost,emb. 1 un,"€3,49/un","€3,49/un"
Colas Montagem Click&Fix,Pattex,emb. 30 gr (20 un),"€6,49/un","€6,49/un"
Ganchos Ovais Powerstrips,Tesa,emb. 2 un,"€4,99/un","€4,99/un"
Sapateira 2 Prateleiras 60x27x70cm Madeira,Artemis,emb. 1 un,"€14,99/un","€14,99/un"
Spray Elimina Gorduras,Boost,emb. 500 ml,"€2,89/un","€2,89/un"
Removedor de Calcário Power,UHU,emb. 650 ml,"€4,99/un","€4,99/un"
Conjunto Super Cola 1g,Boost,emb. 3 un,"€2,79/un","€2,79/un"
Super Cola 3 Precisão,Loctite,emb. 5 gr,"€5,99/un","€5,99/un"
Desentupidor,Boost,emb. 1 lt,"€3,99/un","€3,99/lt"
Caixa Organizadora de Ferramentas 19'',,emb. 1 un,"€8,79/un","€8,79/un"
Ligação Extensível Chuveiro 170cm,Boost,emb. 1 un,"€10,49/un","€10,49/un"
Conjunto Super Cola 3g,Boost,emb. 2 un,"€3,49/un","€3,49/un"
Super Cola 3 Power Flex Control,Loctite,emb. 3 gr,"€8,49/un","€8,49/un"
Máquina de Limpeza de Vidros,Karcher,emb. 1 un,"€44,99/un","€44,99/un"
Super Cola Plus Gel,Boost,emb. 3 gr,"€2,99/un","€996,67/kg"
Conjunto Chuveiro com Ligação e Suporte 125cm,Boost,emb. 1 un,"€12,49/un","€12,49/un"
Motosserra 18V com Bateria,Kraftixx,emb. 1 un,"€119,99/un","€119,99/un"
Cadeado com Código (várias cores),Boost,emb. 1 un,"€5,29/un","€5,29/un"
"Pregos Adesivos para Paredes Pintadas 0,5kg",Tesa,emb. 2 un,"€3,99/un","€3,99/un"
Ganchos Permanentes Ovais Largos,Tesa,emb. 2 un,"€3,69/un","€3,69/un"
Fita Métrica 5m,Boost,emb. 1 un,"€3,99/un","€3,99/un"
Silicone Banhos e Cozinha Branco Transparente,Pattex,emb. 280 ml,"€7,99/un","€7,99/un"
Silicone Banhos e Cozinha Branco Transparente,Pattex,emb. 50 ml,"€4,79/un","€4,79/un"
Cadeado com Chave,Boost,emb. 1 un,"€3,29/un","€3,29/un"
Garrafeira Madeira 16 garrafas,Artemis,emb. 1 un,"€14,99/un","€14,99/un"
Cadeado com Código,Boost,emb. 1 un,"€5,29/un","€5,29/un"
Silicone Banhos e Cozinha Branco,Pattex,emb. 280 ml,"€7,99/un","€7,99/un"
Fita Calafetar Portas e Janelas 6m x 9mm Castanha,Tesa,emb. 1 un,"€4,99/un","€4,99/un"
Cola Branca Madeira com Cânula,Boost,emb. 500 gr,"€4,99/un","€9,98/kg"
Fita Calafetar Portas Rolo Duplo 95cm x 22mm,Tesa,emb. 1 un,"€12,99/un","€12,99/un"
Cadeado com Código,Boost,emb. 1 un,"€3,29/un","€3,29/un"
Fita Calafetar Veda-Portas 1m x 38mm Branca,Tesa,emb. 1 un,"€2,99/un","€2,99/un"
Fita Calafetar Veda-Portas 1m x 38mm Castanha,Tesa,emb. 1 un,"€2,99/un","€2,99/un"
Tiras Adesivas 1kg,Tesa,emb. 6 un,"€4,49/un","€4,49/un"
Corda de Roupa 20m Branca,,emb. 1 un,"€3,49/un","€3,49/un"
Álcool Desnaturado Plus,Boost,emb. 1 lt,"€2,99/un","€2,99/lt"
Fita Calafetar Portas e Janelas 6m x 9mm Castanha,Tesa,emb. 1 un,"€7,99/un","€7,99/un"
Massa Preenche e Repara Branco,Pattex,emb. 280 ml,"€4,79/un","€4,79/un"
Mini Ganchos Metal Permanentes Rectângulares,Tesa,emb. 4 un,"€4,99/un","€4,99/un"
Caixa de 34 Pontas,KWB,emb. 1 un,"€9,99/un","€9,99/un"
Pregos Adesivos para Azulejos 3kg,Tesa,emb. 2 un,"€4,49/un","€4,49/un"
Silicone Banhos e Cozinha Branco,Pattex,emb. 50 ml,"€4,79/un","€4,79/un"
Rolo Filme Protetor 50x220cm,Boost,emb. 1 un,"€9,99/un","€9,99/un"
Fita Métrica 3m,Boost,emb. 1 un,"€2,99/un","€2,99/un"
Cola Contacto Plus,Boost,emb. 50 gr,"€2,19/un","€43,80/kg"
Mini Tiras Adesivas 1kg,Tesa,emb. 14 un,"€3,99/un","€3,99/un"
LAVADORA WINNER 2020 KARCHER,KARCHER,emb. 1 un,"€189,99/un","€189,99/un"
Super Cola 3 Plástico,Loctite,emb. 2 gr,"€6,99/un","€3,495,00/kg"
Tiras Adesivas Largas 2kg,Tesa,emb. 10 un,"€4,49/un","€4,49/un"
Corta-sebes 18V com Bateria,Kraftixx,emb. 1 un,"€84,99/un","€84,99/un"
Caixa de 22 Brocas e Pontas,KWB,emb. 22 un,"€9,99/un","€9,99/un"
Super Cola 3 Profissional,Loctite,emb. 20 gr,"€18,49/un","€18,49/un"
Ganchos Transparentes para Decoração 200g,Tesa,emb. 5 un,"€4,49/un","€4,49/un"
Sacos de Aspirador MV2,Karcher,emb. 5 un,"€9,99/un","€9,99/un"
Multisuperfícies Spray Antimofo,Paso,emb. 500 ml,"€4,99/un","€9,98/lt"
Parafusos Adesivos Ajustáveis para Azulejos 3kg,Tesa,emb. 2 un,"€4,99/un","€4,99/un"
Cadeado com Código,Boost,emb. 1 un,"€8,49/un","€8,49/un"
Spray Limpa e Desinfeta Plus,Boost,emb. 1 lt,"€5,99/un","€5,99/lt"
Parafuso Adesivo Ajustável 1kg,Tesa,emb. 1 un,"€4,99/un","€4,99/un"
Cola e Veda Transparente,Pattex,emb. 280 ml,"€8,99/un","€8,99/un"
Silicone Acetato Transparente,Boost,emb. 280 ml,"€3,99/un","€14,25/lt"
Cadeado com Chave,Boost,emb. 1 un,"€4,29/un","€4,29/un"
Cola e Veda Branco,Pattex,emb. 280 ml,"€8,99/un","€8,99/un"
Berbequim sem fios 18V com Bateria,Kraftixx,emb. 1 un,"€74,99/un","€74,99/un"
Silicone Go Banho Branco,Pattex,emb. 100 ml,"€11,49/un","€114,90/lt"
Fita Adesiva Portas e Janelas 6m x 9mm Branca,Tesa,emb. 1 un,"€7,99/un","€7,99/un"
Super Cola 60 Segundos,Loctite,emb. 20 gr,"€9,79/un","€9,79/un"
Silicone Go Banho Transparente,Pattex,emb. 100 ml,"€11,49/un","€114,90/lt"
Escova Autoadesiva Portas e Janelas de Correr 5m x 4mm Cinza,Tesa,emb. 1 un,"€6,99/un","€6,99/un"
Cadeado com Chave,Boost,emb. 1 un,"€4,29/un","€4,29/un"
Régua Veda-Portas 1m x 37mm Castanha,Tesa,emb. 1 un,"€9,99/un","€9,99/un"
Corta-relva 18V com Bateria,Kraftixx,emb. 1 un,"€149,99/un","€149,99/un"
Silicone One For All Transparente,Pattex,emb. 280 ml,"€12,29/un","€12,29/un"
Aparador relva 18V com Bateria,Kraftixx,emb. 1 un,"€74,99/un","€74,99/un"
Berbequim TC-ID 720/1 E,Einhell,emb. 1 un,"€59,95/un","€59,95/un"
Pistola Silicone Cremalheira,Boost,emb. 1 un,"€4,99/un","€4,99/un"
Silicone Acetato Branco,Boost,emb. 280 ml,"€3,99/un","€14,25/lt"
Conjunto Chaves de Bocas-Lunetas,Boost,emb. 6 un,"€4,99/un","€4,99/un"
Cola Contacto 250g,Boost,emb. 250 gr,"€3,99/un","€15,96/lt"
Nível Básico,Boost,emb. 1 un,"€1,99/un","€1,99/un"
Cola e Veda Multiusos Branco Interior/Exterior,Boost,emb. 280 ml,"€5,99/un","€21,39/lt"
Martelo Carpinteiro 20mm,Boost,emb. 1 un,"€3,99/un","€3,99/un"
Fita Métrica 5m,Stanley,emb. 1 un,"€8,99/un","€8,99/un"
Prego Líquido,Boost,emb. 280 ml,"€4,49/un","€16,04/lt"
Silicone Acetato Sanitários Transparente,Boost,emb. 280 ml,"€5,49/un","€19,61/lt"
Nível Alto Impacto Horizontal Magnético,Redxark,emb. 1 un,"€7,99/un","€7,99/un"
Fita Métrica 2m,Boost,emb. 1 un,"€0,99/un","€0,99/un"
Silicone Acetato Sanitários Branco,Boost,emb. 280 ml,"€5,49/un","€19,61/lt"
Sacos de Aspirador,Einhell,emb. 5 un,"€14,99/un","€14,99/un"
Bateria Litio 18V 3.0Ah Kraftixx,Kraftixx,emb. 1 un,"€29,99/un","€29,99/un"
Clipes para Segurar Toalhas Branco,Inofix,emb. 1 un,"€1,99/un","€1,99/un"
Fecho de Segurança Multiusos Branco,Inofix,emb. 1 un,"€3,29/un","€3,29/un"
Ganchos Adesivos Retangulares Aço Inoxidável,Inofix,emb. 1 un,"€1,99/un","€1,99/un"
Garrafeira Madeira 6 Garrafas,Artemis,emb. 1 un,"€9,99/un","€9,99/un"
Alicate de Corte 180mm,Boost,emb. 1 un,"€4,99/un","€4,99/un"
Alicate Universal 180mm,Boost,emb. 1 un,"€4,99/un","€4,99/un"
Fita de Reparar Aluminio 10mx50mm,Tesa,emb. 1 un,"€8,99/un","€8,99/un"
Chave de Fendas Elétrica 3x75mm,Boost,emb. 1 un,"€1,99/un","€1,99/un"
Bolsa Profunda,Stanley,emb. 1 un,"€19,99/un","€19,99/un"
Organizador com Pega,Kistenberg,emb. 1 un,"€19,99/un","€19,99/un"
Super Cola 3 Pack Económico,Loctite,emb. 6 gr (2 un),"€5,89/un","€5,89/un"
Pincel Redondo Nº16,Itools,emb. 1 un,"€2,49/un","€2,49/un"
Serra circular 18V sem Bateria,Kraftixx,emb. 1 un,"€59,99/un","€59,99/un"
Serra tico-tico 18V Sem Bateria,Kraftixx,emb. 1 un,"€39,99/un","€39,99/un"
Feltro Adesivo Retangular 100x85mm Branco,Inofix,emb. 1 un,"€1,49/un","€1,49/un"
Cabide Adeviso Suporte Vassouras Branco,Inofix,emb. 1 un,"€3,99/un","€3,99/un"
Vassoura Elétrica K55,Karcher,emb. 1 un,"€99,99/un","€99,99/un"
Aspirador Sólidos e Líquidos MV5,Karcher,emb. 1 un,"€295,08/un","€295,08/un"
Feltros Adesivos Redondos 34mm Castanho,Inofix,emb. 5 un,"€1,49/un","€1,49/un"
Fita Cola de Embalar 50mx50mm Castanha,UHU,emb. 1 un,"€2,49/un","€2,49/un"
Estante 5 Prateleiras 170x70x30cm Madeira Eco,Artemis,emb. 1 un,"€24,99/un","€24,99/un"
Removedor de Bolores e Fungos,Boost,emb. 500 ml,"€3,49/un","€3,49/un"
Massa Acabamento,Barbot,emb. 1 kg,"€4,29/un","€4,29/un"
Máquina Limpa Vidros WV5 Premium,Karcher,emb. 1 un,"€114,99/un","€114,99/un"
Martelo de Carpinteiro 30mm,Boost,emb. 1 un,"€8,99/un","€8,99/un"
Super Cola 3 Creative Pen,Loctite,emb. 3 gr,"€6,49/un","€6,49/un"
Feltros Adesivos Redondos 17mm Castanhos,Inofix,emb. 1 un,"€1,49/un","€1,49/un"
Feltros Adesivos Redondos 22mm Brancos,Inofix,emb. 1 un,"€1,49/un","€1,49/un"
Fecho de Segurança Multiusos,Inofix,emb. 1 un,"€2,29/un","€2,29/un"
Gancho Adesivo Retangular Branco,Inofix,emb. 1 un,"€2,49/un","€2,49/un"
Fita Dupla Face Especial,Ceys,emb. 1 un,"€2,99/un","€2,99/un"
Chave de Estrela PH1 100mm,Boost,emb. 1 un,"€0,99/un","€0,99/un"
Conjunto Pintura 2 Peças,Boost,emb. 2 un,"€3,79/un","€3,79/un"
Alicate de Pontas 180mm,,emb. 1 un,"€4,99/un","€4,99/un"
Bucha Nylon M10 + Parafusos Aglomerados 6x70,Pecol,emb. 6 un,"€2,79/un","€2,79/un"
Parafuso Aglomerado Cabeça Embeb 6x60,Pecol,emb. 5 un,"€1,79/un","€1,79/un"
Bateria Litio 18V 2.0Ah Kraftixx,Kraftixx,emb. 1 un,"€24,99/un","€24,99/un"
Starter Kit 3.0Ah Kraftixx,Kraftixx,emb. 1 un,"€44,99/un","€44,99/un"
Aspirador de Sólidos e Líquidos KWD 1,Karcher,emb. 1 un,"€49,99/un","€49,99/un"
Aspirador Sólidos e Líquidos WD 4 Car,Karcher,emb. 1 un,"€159,99/un","€159,99/un"
Conjunto Pintura 3 Peças,Boost,emb. 1 un,"€7,29/un","€7,29/un"
Lixa Madeira Grão Fino G100,Boost,emb. 3 un,"€2,79/un","€0,93/un"
Chave de Estrela PH0 75mm,Boost,emb. 1 un,"€1,49/un","€1,49/un"
Conjunto de 8 Ferramentas Dobráveis,Boost,emb. 8 un,"€3,99/un","€3,99/un"
X-Acto 9mm,,emb. 1 un,"€1,39/un","€1,39/un"
Conjunto 3 Lixas 60,Itools,emb. 3 un,"€2,79/un","€2,79/un"
"Parafuso Aglomerado Cabeça Embeb 3,5x16",Pecol,emb. 50 un,"€1,79/un","€1,79/un"
Martelo 18V sem Bateria,Kraftixx,emb. 1 un,"€49,99/un","€49,99/un"
Carregador Rapido 18V Kraftixx,Kraftixx,emb. 1 un,"€19,99/un","€19,99/un"
Gotas Protetoras 8mm Transparentes,Inofix,emb. 1 un,"€3,49/un","€3,49/un"
Feltros Adesivos Quadrados 31x31mm,Inofix,emb. 1 un,"€1,49/un","€1,49/un"
Bloqueador de Portas e Janelas Adesivo Branco,Inofix,emb. 1 un,"€2,29/un","€2,29/un"
Máquina Limpeza Vapor SC 2600 C,Karcher,emb. 1 un,"€399,99/un","€399,99/un"
Rebarbadora TC-AG 2 Discos 125,Einhell,emb. 1 un,"€49,95/un","€49,95/un"
"Mala Ferramentas 16""",Stanley,emb. 1 un,"€13,99/un","€13,99/un"
"Fita Montagem Dupla Face Interior 1,5mx19mm",Tesa,emb. 1 un,"€5,99/un","€5,99/un"
Alicate de Corte Básico 150mm,Boost,emb. 1 un,"€2,49/un","€2,49/un"
Esponja 170x120x60mm,Boost,emb. 1 un,"€1,29/un","€1,29/un"
Serrote de Carpinteiro 40mm,Itools,emb. 1 un,"€4,99/un","€4,99/un"
Rebarbadora 710W 115MM,Black & Decker,emb. 1 un,"€34,99/un","€34,99/un"
Busca Pólos Pequeno,Itools,emb. 1 un,"€3,29/un","€3,29/un"
Organizador Ferramentas de Parede,Kistenberg,emb. 1 un,"€19,99/un","€19,99/un"
Martelo Merceneiro,,emb. 1 un,"€7,99/un","€7,99/un"
Serra Recortes 400W,Black & Decker,emb. 1 un,"€34,99/un","€34,99/un"
Jogo Multi Bits 40 Peças,Itools,emb. 40 un,"€10,49/un","€10,49/un"
Máquina Limpeza Pavimentos FC 5,Karcher,emb. 1 un,"€290,08/un","€290,08/un"
Lavadora Alta Pressão K 4 Eco Silent,Karcher,emb. 1 un,"€309,99/un","€309,99/un"
Máquina Limpeza Vapor SC 1030,Karcher,emb. 1 un,"€209,99/un","€209,99/un"
Trincha Júnior 50mm,Boost,emb. 1 un,"€2,79/un","€2,79/un"
Rolo Anti-Gota 250mm,Boost,emb. 1 un,"€5,29/un","€5,29/un"
Conjunto de Luvas de Látex,Boost,emb. 10 un,"€2,79/un","€0,28/un"
Conjunto Fitas Lisas,Boost,emb. 3 un,"€8,29/un","€2,76/un"
Super Cola 3 Power Gel,Loctite,emb. 3 gr,"€5,99/un","€1,996,67/kg"
Fita Cola de Reparar Universal 25mx48mm Preta,Tesa,emb. 1 un,"€5,99/un","€5,99/un"
"Fita Montagem Dupla Face Exterior 1,5mx19mm",Tesa,emb. 1 un,"€6,99/un","€6,99/un"
Fita Teflon,Boost,emb. 2 un,"€2,99/un","€1,50/un"
Conjunto 7 Peças para Aparafusar,Black & Decker,emb. 7 un,"€5,99/un","€5,99/un"
Fita de Papel 25mmx50m,Itools,emb. 1 un,"€1,99/un","€1,99/un"
Caixa de Parafusos + Camarão + Buchas,Pecol,emb. 220 un,"€5,49/un","€5,49/un"
"Parafuso Aglomerado Cabeça Embeb 3,5x25",Pecol,emb. 25 un,"€1,79/un","€1,79/un"
Aspirador Sólidos e Líquidos TC VC1815S 1250W,Einhell,emb. 1 un,"€49,99/un","€49,99/un"
X-Acto 18mm,Boost,emb. 1 un,"€1,99/un","€1,99/un"
Fita Pintura Profissional 50mx50mm,Tesa,emb. 1 un,"€3,79/un","€3,79/un"
Fita Isoladora Blister 10mx15mm Preta,Tesa,emb. 1 un,"€1,49/un","€1,49/un"
Conjunto de 2 Pinças de Fixação 3'',,emb. 2 un,"€1,99/un","€1,99/un"
Disco de Corte Inox 115x1mm,Itools,emb. 1 un,"€0,99/un","€0,99/un"
Chave de Fendas 5x125mm,Boost,emb. 1 un,"€1,79/un","€1,79/un"
Pincel Caiar Redondo Cabo Direito,Boost,emb. 1 un,"€2,49/un","€2,49/un"
Trincha Júnior 25 mm,Itools,emb. 1 un,"€1,79/un","€1,79/un"
Corta-sebes 18V Sem Bateria,Kraftixx,emb. 1 un,"€49,99/un","€49,99/un"
Batente de Porta Adesivo 40mm Transparente,Inofix,emb. 1 un,"€3,79/un","€3,79/un"
Cunha de Porta Plástico 12x20x72cm Castanho,Inofix,emb. 1 un,"€1,49/un","€1,49/un"
"Placas de Isolamento Antivibração 7,5x7,5x1cm Preto",Inofix,emb. 1 un,"€5,49/un","€5,49/un"
Gancho Adesivo Retangular 60x47mm Transparente,Inofix,emb. 1 un,"€2,99/un","€2,99/un"
Óculos Proteção,,emb. 1 un,"€1,99/un","€1,99/un"
"Ligação para Torneira de Cozinha 1,25mm",Boost,emb. 1 un,"€7,99/un","€7,99/un"
Caixa Ferramentas Plástico 16'' C/ Organizador e Tampa,,emb. 1 un,"€6,79/un","€6,79/un"
Berbequim 500W,Black & Decker,emb. 1 un,"€34,99/un","€34,99/un"
Rolo Nevel Junior 250mm,Boost,emb. 1 un,"€3,29/un","€3,29/un"
"Parafuso Aglomerado Cabeça Embeb 4,5x40",Pecol,emb. 15 un,"€1,79/un","€1,79/un"
"Cola e Veda ""Não mais Pregos""",Pattex,emb. 216 gr,"€10,79/un","€10,79/un"
Batente de Porta Adesivo 45mm Branco,Inofix,emb. 1 un,"€1,99/un","€1,99/un"
Protetor Adesivo de Tomada Elétrica Branco,Inofix,emb. 1 un,"€2,79/un","€2,79/un"
Ganchos Adesivos Redondos 40mm Aço Inoxidável,Inofix,emb. 1 un,"€3,79/un","€3,79/un"
Garrafeira Madeira 24 Garrafas,Artemis,emb. 1 un,"€49,99/un","€49,99/un"
Super Cola 3 Líquida Precisão Máx,Loctite,emb. 10 gr,"€10,79/un","€10,79/un"
Fita Pintura Profissional 50mx25mm,Tesa,emb. 1 un,"€1,99/un","€1,99/un"
Chave de Fendas 6x150mm,Boost,emb. 1 un,"€1,99/un","€1,99/un"
Conjunto 6 Peças de Relojoeiro,Boost,emb. 1 un,"€1,99/un","€1,99/un"
Agrafos Nº 3/8mm,Itools,emb. 1 un,"€2,29/un","€2,29/un"
Conjunto 10 Lâminas para X-Acto 18mm,,emb. 1 un,"€1,49/un","€1,49/un"
Ligação de Chuveiro PVC 125mm,Boost,emb. 1 un,"€7,99/un","€7,99/un"
Kit 16 Peças para Furar e Aparafusar,Black & Decker,emb. 16 un,"€10,99/un","€10,99/un"
Pelicula de Proteção Chão 4x5m,Tesa,emb. 1 un,"€5,99/un","€5,99/un"
Luva Pele Porco,Itools,emb. 2 un,"€3,29/un","€3,29/un"
Silicone Banho Renovador de Juntas Branco,Pattex,emb. 80 ml,"€7,79/un","€7,79/un"
Cadeado Bicicleta com Chave,Master Lock,emb. 1 un,"€9,49/un","€9,49/un"
Conjunto de 38 Ferramentas de Precisão,,emb. 1 un,"€7,99/un","€7,99/un"
Rolo Mini Angora 110mm,Boost,emb. 1 un,"€3,29/un","€3,29/un"
Trincha Júnior 76mm,Boost,emb. 1 un,"€4,99/un","€4,99/un"
Bucha Nylon M6 + Parafusos Aglomerados 4x40,Pecol,emb. 20 un,"€2,79/un","€2,79/un"
Serra Recortes 350W,Itools,emb. 1 un,"€24,29/un","€24,29/un"
Feltros Adesivos Quadrados 17x17mm Castanhos,Inofix,emb. 1 un,"€1,49/un","€1,49/un"
Feltros Adesivos Multiforma Castanho,Inofix,emb. 1 un,"€3,49/un","€3,49/un"
Rolo Protetor de Cantos 2m e 4 Cantoneiras Adesivo,Inofix,emb. 1 un,"€6,79/un","€6,79/un"
Fecho de Segurança Multiusos,Inofix,emb. 1 un,"€3,29/un","€3,29/un"
Lavadora K 5 Full Control,Karcher,emb. 1 un,"€419,99/un","€419,99/un"
Trincha Cabo de Madeira Cerda 63mm,Boost,emb. 1 un,"€3,79/un","€3,79/un"
Super Cola 3 Pure Gel,Loctite,emb. 3 gr,"€4,79/un","€4,79/un"
Chave de Fendas 3x75mm,Boost,emb. 1 un,"€1,49/un","€1,49/un"
Chave Busca Pólos 140mm 100-250V,Boost,emb. 1 un,"€1,99/un","€1,99/un"
Chave de Fendas 5x100mm,Boost,emb. 1 un,"€0,99/un","€0,99/un"
Conjunto de 2 Tesouras,Boost,emb. 1 un,"€2,99/un","€2,99/un"
Conjunto de 2 Pinças de Fixação 4'',,emb. 1 un,"€2,49/un","€2,49/un"
Conjunto de 3 X-Actos,,emb. 1 un,"€1,49/un","€1,49/un"
Taco de Lixa G80,Boost,emb. 1 un,"€0,99/un","€0,99/un"
Carro de Transporte Cinza Dobrável 35kg,,emb. 1 un,"€14,99/un","€14,99/un"
Bucha Nylon M8,Pecol,emb. 10 un,"€2,29/un","€2,29/un"
"Cola e Veda ""Não mais Pregos""",Pattex,emb. 340 gr,"€10,79/un","€10,79/un"
Soprador 18V sem Bateria,Kraftixx,emb. 1 un,"€39,99/un","€39,99/un"
Porta-chaves com Porta-etiquetas,Inofix,emb. 1 un,"€1,99/un","€1,99/un"
Feltro Adesivo Retangular 100x85mm Castanho,Inofix,emb. 1 un,"€1,49/un","€1,49/un"
Gancho Adesivo Retangular Cromado,Inofix,emb. 1 un,"€2,99/un","€2,99/un"
Escadote 2 Degraus Vermelho e Preto,Boost,emb. 1 un,"€24,99/un","€24,99/un"
Máquina Limpeza Vidros WV50 Plus,Karcher,emb. 1 un,"€89,99/un","€89,99/un"
Espátula com Madeira,Boost,emb. 1 un,"€1,59/un","€1,59/un"
Martelo Carpinteiro,,emb. 1 un,"€7,99/un","€7,99/un"
Cadeado 42 mm com Etiqueta,Master Lock,emb. 1 un,"€9,49/un","€9,49/un"
Cola Contacto,Pattex,emb. 250 ml,"€5,29/un","€21,16/lt"
Rebarbadora 500W 115mm,Itools,emb. 1 un,"€24,29/un","€24,29/un"
Serra sabre 18V sem Bateria,Kraftixx,emb. 1 un,"€49,99/un","€49,99/un"
Soprador 18V com Bateria,Kraftixx,emb. 1 un,"€79,99/un","€79,99/un"
Feltros Adesivos Redondos 22mm Castanhos,Inofix,emb. 1 un,"€1,49/un","€1,49/un"
Feltros Adesivos Redondos 27mm Branco,Inofix,emb. 1 un,"€1,49/un","€1,49/un"
Ganchos Adesivos Redondos 35mm Branco,Inofix,emb. 1 un,"€1,99/un","€1,99/un"
Cobertura Cobre-Tudo 5 x 4m,Boost,emb. 1 un,"€1,49/un","€1,49/un"
Chave de Estrela Elétrica PH1 75mm,Boost,emb. 1 un,"€1,99/un","€1,99/un"
Chave de Estrela PH1 125mm,Boost,emb. 1 un,"€1,79/un","€1,79/un"
Cadeado Bicicleta com Código,Master Lock,emb. 1 un,"€9,49/un","€9,49/un"
Conjunto de 3 Ferramentas,,emb. 3 un,"€9,99/un","€9,99/un"
"Parafuso Aglomerado Cabeça Embeb 4,5x30",Pecol,emb. 20 un,"€1,79/un","€1,79/un"
"Camarão Rosca Madeira Zincado 2,5x28",Pecol,emb. 12 un,"€1,79/un","€1,79/un"
Parafuso Aglomerado Cabeça Embeb 5x60,Pecol,emb. 10 un,"€1,79/un","€1,79/un"
Aparador de Relva 18V sem Bateria,Kraftixx,emb. 1 un,"€39,99/un","€39,99/un"
Feltros Adesivos Redondos 27x27mm Castanhos,Inofix,emb. 1 un,"€1,49/un","€1,49/un"
Escadote Alumínio 3 Degraus,Boost,emb. 1 un,"€31,99/un","€31,99/un"
Cola Contacto Transparente,Pattex,emb. 50 gr,"€3,79/un","€75,80/kg"
Rolo Multiusos Azul,Boost,emb. 2 un,"€7,99/un","€7,99/un"
Conjunto 3 Trinchas,Boost,emb. 3 un,"€8,29/un","€8,29/un"
Bucha Nylon M8 + Parafusos Aglomerados,Pecol,emb. 10 un,"€2,79/un","€2,79/un"
Bucha Nylon M6,Pecol,emb. 20 un,"€2,29/un","€2,29/un"
Lixadora Vibratória 135W,Itools,emb. 1 un,"€23,99/un","€23,99/un"
Rebarbadora 18V sem Bateria,Kraftixx,emb. 1 un,"€49,99/un","€49,99/un"
Ganchos de Parede,Inofix,emb. 1 un,"€2,49/un","€2,49/un"
Ganchos de Pendurar Médios Branco,Inofix,emb. 1 un,"€2,49/un","€2,49/un"
Batente de Porta com Tórica 27mm,Inofix,emb. 1 un,"€4,79/un","€4,79/un"
Feltros Adesivos Quadrados 22x22mm Brancos,Inofix,emb. 1 un,"€1,49/un","€1,49/un"
Pack Fita Cola de Embalar 50mx50mm Castanha,UHU,emb. 6 un,"€5,99/un","€5,99/un"
Discos Antiderrapantes 38mm Transparente,Inofix,emb. 1 un,"€4,79/un","€4,79/un"
Ganchos Adesivos Retangulares Branco,Inofix,emb. 1 un,"€1,99/un","€1,99/un"
Cola Contacto,Pattex,emb. 30 gr,"€2,99/un","€99,67/kg"
Ganchos Adesivos de Parede,Inofix,emb. 1 un,"€2,49/un","€2,49/un"
Batente de Porta Adesivo 45mm Parquet Beje,Inofix,emb. 1 un,"€1,99/un","€1,99/un"
Gotas Protetoras Transparentes 4mm,Inofix,emb. 1 un,"€3,49/un","€3,49/un"
Ventosas 42mm,Inofix,emb. 1 un,"€2,29/un","€2,29/un"
Ganchos Adesivos Retangulares Aço Inoxidável,Inofix,emb. 1 un,"€2,79/un","€2,79/un"
Ganchos Adesivos Ovais Branco,Inofix,emb. 1 un,"€1,49/un","€1,49/un"
"Cavalete de Madeira 73,5x50x77cm",Artemis,emb. 1 un,"€9,99/un","€9,99/un"
Trincha Cabo de Madeira Cerda 30mm,Boost,emb. 1 un,"€2,29/un","€2,29/un"
Fita Cola de Reparar Universal 10mx48mm Preta,Tesa,emb. 1 un,"€5,99/un","€5,99/un"
Fita Cola de Reparar Universal 25mx48mm Cinza,Tesa,emb. 1 un,"€5,99/un","€5,99/un"
Fita Montagem Dupla Face para Espelhos 5mx19mm,Tesa,emb. 1 un,"€12,49/un","€12,49/un"
Conjunto 21 Peças Aparafusar,Black & Decker,emb. 21 un,"€8,99/un","€8,99/un"
Conjunto de 23 Ferramentas de Precisão,,emb. 23 un,"€7,99/un","€7,99/un"
Conjunto 5 Ferramentas de Precisão,,emb. 5 un,"€2,99/un","€2,99/un"
Escova de Aço Latonado com Cabo,Itools,emb. 1 un,"€2,59/un","€2,59/un"
Fita de Papel 38mmx50m,Itools,emb. 1 un,"€2,49/un","€2,49/un"
Feltros Adesivos Quadrados 22x22mm Castanhos,Inofix,emb. 1 un,"€1,49/un","€1,49/un"
Agrafador Nº 3/6-10mm,Itools,emb. 1 un,"€7,49/un","€7,49/un"
Caixa Ferramentas Multifuncional Preta,Kistenberg,emb. 1 un,"€19,99/un","€19,99/un"
Pincel Redondo Nº10,Itools,emb. 1 un,"€1,79/un","€1,79/un"
Tabuleiro sem Armação,Boost,emb. 1 un,"€4,29/un","€4,29/un"
Alicate Universal 150mm,Boost,emb. 1 un,"€2,49/un","€2,49/un"
Lixadora 150W 1/3 Folha,Black & Decker,emb. 1 un,"€34,99/un","€34,99/un"
Ganchos Adesivos Quadrangulares Aço Inoxidável,Inofix,emb. 1 un,"€2,99/un","€2,99/un"
Garrafeira Madeira 9 Garrafas,Artemis,emb. 1 un,"€24,99/un","€24,99/un"
Lavadora Alta Pressão K 4 Premium,Karcher,emb. 1 un,"€369,99/un","€369,99/un"
Lavadora Alta Pressão Pro HD 600,Karcher,emb. 1 un,"€750,00/un","€750,00/un"
Rolo de Cartão Canelado 1x10m,Boost,emb. 1 un,"€9,49/un","€9,49/un"
Conjunto de 4 Pinças de Fixação 3'',,emb. 4 un,"€1,99/un","€1,99/un"
Serrote de Corte de Ferro 300mm,Itools,emb. 1 un,"€5,29/un","€5,29/un"
Pincel Redondo Nº12,Itools,emb. 1 un,"€1,99/un","€1,99/un"
Tabuleiro Pintura Mini,Boost,emb. 1 un,"€1,29/un","€1,29/un"
Água Destilada,Boost,emb. 5 lt,"€1,20/un","€0,24/lt"
Lavadora Alta Pressão K 3,Karcher,emb. 1 un,"€129,99/un","€129,99/un"
Lavadora Alta Pressão K 7,Karcher,emb. 1 un,"€479,99/un","€479,99/un"
Aspirador Sólidos e Líquidos TC-VC 1820 S,Einhell,emb. 1 un,"€59,99/un","€59,99/un"
Caixa Primeiros Socorros 15 Componentes,Boost,emb. 1 un,"€12,99/un","€12,99/un"
Panos Microfibra,Boost,emb. 5 un,"€2,99/un","€0,60/un"
Lavadora Alta Pressão TC-HP 90,Einhell,emb. 1 un,"€79,95/un","€79,95/un"
Extintor Pó Químico,JFO,emb. 1 kg,"€19,99/un","€19,99/un"
Óleo Motor 10W40,Boost,emb. 5 lt,"€18,39/un","€3,68/lt"
Lavadora Alta Pressão K 2,Karcher,emb. 1 un,"€79,99/un","€79,99/un"
Lavadora Alta Pressão K 4,Karcher,emb. 1 un,"€219,99/un","€219,99/un"
Lavadora Alta Pressão K 5 Basic,Karcher,emb. 1 un,"€319,99/un","€319,99/un"
Carregador Bateria 8Ah,Bottari,emb. 1 un,"€39,99/un","€39,99/un"
Panos Microfibra,Boost,emb. 5 un,"€2,99/un","€0,60/un"
Limpa Vidros Auto,Boost,emb. 5 lt,"€2,79/un","€0,56/lt"
Extintor Pó Químico,JFO,emb. 2 kg,"€23,99/un","€23,99/un"
Limpa Vidros Auto Floral,Redex,emb. 5 lt,"€3,19/un","€0,64/lt"
Spray Lubrificante Dupla Ação,WD40,emb. 400 ml,"€9,99/un","€9,99/un"
Limpa Vidros Auto,Boost,emb. 5 lt,"€2,29/un","€0,46/lt"
Óleo Motor 5W40,Galp,emb. 5 lt,"€47,99/un","€9,60/lt"
Toalhitas Tablier,Boost,emb. 20 un,"€1,79/un","€0,09/un"
Ambientador Auto Pendurar Cartão Limão,Boost,emb. 1 un,"€1,09/un","€1,09/un"
Ambientador Auto Pendurar Cartão Pinho,Boost,emb. 1 un,"€1,09/un","€1,09/un"
Óleo Motor 5W30,Galp,emb. 5 lt,"€54,99/un","€11,00/lt"
Tapete Mala Universal Recortável PVC,Boost,emb. 1 un,"€9,99/un","€9,99/un"
Limpa Vidros Auto Limão,Boost,emb. 5 lt,"€3,99/un","€0,80/lt"
Massa Limpeza Bisnaga,Supergel,emb. 100 gr,"€2,29/un","€22,90/kg"
Capa Auto Universal 5 Lugares,Boost,emb. 1 un,"€19,99/un","€19,99/un"
Ambientador Auto Pendurar Cartão Baunilha,Boost,emb. 1 un,"€1,09/un","€1,09/un"
Ambientador Auto Pendurar Cartão Baunilha,Arbre Magique,emb. 1 un,"€1,99/un","€1,99/un"
Água Destilada,Redex,emb. 5 lt,"€1,99/un","€0,40/lt"
Aspirador sem Saco KBVVC4747,Kubo,emb. 1 un,"€129,99/un","€129,99/un"
Ambientador Auto Pendurar Líquido Roupa Lavada,Aroma Car,emb. 1 un,"€2,19/un","€2,19/un"
Tapetes Auto Universal Recortável PVC,Boost,emb. 4 un,"€17,99/un","€17,99/un"
Ambientador Auto Ventilador Gel Carro Novo,Aroma Car,emb. 1 un,"€2,19/un","€2,19/un"
Escova Limpa-vidros 650mm,Boost,emb. 1 un,"€3,99/un","€3,99/un"
Ambientador Auto Pendurar Cartão Frutos Vermelhos,Boost,emb. 1 un,"€1,09/un","€1,09/un"
Massa Polir Fina,Boost,emb. 250 ml,"€3,99/un","€15,96/lt"
Óleo Motor 15W40,Boost,emb. 5 lt,"€17,99/un","€3,60/lt"
Bisnaga Elimina Riscos,Boost,emb. 100 ml,"€4,99/un","€49,90/lt"
Aspirador sem Saco 1685FL,Flama,emb. 1 un,"€96,99/un","€96,99/un"
Limpa Vidros Concentrado Eco,Boost,emb. 1 lt,"€3,99/un","€3,99/lt"
Tapetes Auto Borracha,Boost,emb. 4 un,"€12,99/un","€12,99/un"
Líquido Radiador -25°C Rosa,Redex,emb. 5 lt,"€11,99/un","€2,40/lt"
Spray Limpa Estofos,Boost,emb. 1 lt,"€3,29/un","€3,29/lt"
Ambientador Auto Ventilador Gel Oceano,Aroma Car,emb. 1 un,"€2,19/un","€2,19/un"
Toalhitas Limpa Estofos,Boost,emb. 20 un,"€1,99/un","€0,10/un"
Óleo Motor 15W40,Galp,emb. 5 lt,"€37,99/un","€7,60/lt"
Ambientador Auto Pendurar Frasco Frutos Vermelhos,Boost,emb. 2 un,"€2,99/un","€1,50/un"
Líquido Radiador -5°C Verde,Boost,emb. 5 lt,"€4,49/un","€0,90/lt"
Toalhitas Limpa-vidros,Boost,emb. 20 un,"€1,79/un","€0,09/un"
Spray Limpa-vidros Floral,Redex,emb. 500 ml,"€2,49/un","€4,98/lt"
Spray Limpeza Jantes,Boost,emb. 1 lt,"€3,99/un","€3,99/lt"
Cabos Bateria 2m 400Ah,Bottari,emb. 1 un,"€9,99/un","€9,99/un"
Limpa Vidros Auto Frutos Vermelhos,Boost,emb. 5 lt,"€3,99/un","€0,80/lt"
Restaurador Faróis 2 Fases,Boost,emb. 200 ml (2 un),"€8,99/un","€8,99/un"
Ambientador Auto Pendurar Frasco Pinho,Boost,emb. 1 un,"€1,99/un","€1,99/un"
Aspirador sem Saco BVC4521,Becken,emb. 1 un,"€119,99/un","€119,99/un"
Ambientador Auto Pendurar Líquido Morango,Aroma Car,emb. 1 un,"€2,19/un","€2,19/un"
Ambientador Auto Ventilador Veludo Azul,Arbre Magique,emb. 1 un,"€2,99/un","€2,99/un"
Ambientador Auto Pendurar Cartão Limão,Arbre Magique,emb. 1 un,"€1,99/un","€1,99/un"
Champô Auto com Cera,Boost,emb. 5 lt,"€4,49/un","€0,90/lt"
Spray Cockpit Brilho Rápido,Redex,emb. 600 ml,"€5,99/un","€9,98/lt"
Toalhitas de Limpeza de Cabedal,Armor All,emb. 20 un,"€2,39/un","€2,39/un"
Aditivo Limpa Injetores Diesel,STP,emb. 200 ml,"€6,99/un","€34,95/lt"
Limpa Vidros Água Colónia,Boost,emb. 5 lt,"€3,99/un","€3,99/un"
Spray Auto Desinfetante Tecidos,Boost,emb. 500 ml,"€3,99/un","€7,98/lt"
Óleo Motor 5W30,Boost,emb. 5 lt,"€27,99/un","€5,60/lt"
Spray Lubrificante Multiusos,Redex,emb. 400 ml,"€4,79/un","€11,98/lt"
"Conjunto Colete, Luvas e Triângulo Emergência",Boost,emb. 1 un,"€13,99/un","€13,99/un"
Panos Vidro Microfibra,Max,emb. 3 un,"€2,19/un","€2,19/un"
Panos Super Absorventes,Max,emb. 3 un,"€2,99/un","€2,99/un"
Lâmpada Auto H7 55W,Osram,emb. 1 un,"€9,99/un","€9,99/un"
Ambientador Auto Pendurar Cartão Frescura Natural,Aroma Car,emb. 1 un,"€1,99/un","€1,99/un"
Ambientador Auto Pendurar Cartão Côco,Arbre Magique,emb. 1 un,"€1,99/un","€1,99/un"
Capa Auto Universal 2 Lugares,Boost,emb. 1 un,"€15,99/un","€15,99/un"
Massa Limpeza,Supergel,emb. 1 lt,"€6,49/un","€6,49/kg"
Tapetes Auto Universal Alcatifa,Boost,emb. 4 un,"€15,99/un","€15,99/un"
Spray Auto Limpa Estofos com Escova,Boost,emb. 400 ml,"€5,49/un","€13,73/lt"
Ambientador Auto Ventilador Gel Neutro,Aroma Car,emb. 1 un,"€2,19/un","€2,19/un"
Ambientador Auto Ventilador Gel Brisa Marinha,Ambipur,emb. 1 un,"€3,49/un","€3,49/un"
Ambientador Auto Pendurar Frasco Bora Bora,Boost,emb. 2 un,"€2,99/un","€1,50/un"
Ambientador Auto Pendurar Líquido Côco,Aroma Car,emb. 1 un,"€2,19/un","€2,19/un"
Ambientador Auto Ventilador Carro Novo,Little Joe,emb. 1 un,"€3,99/un","€3,99/un"
Toalhitas de Limpeza de Tablier Brilho,Armor All,emb. 20 un,"€2,39/un","€2,39/un"
Spray Auto Cockpit,Boost,emb. 600 ml,"€2,99/un","€4,98/lt"
Ambientador Auto Spray Baunilha,Boost,emb. 1 un,"€2,99/un","€2,99/un"
Ambientador Auto Clip Pastilha Elástica,Arbre Magique,emb. 1 un,"€3,99/un","€3,99/un"
Óleo Motor 10W40,Galp,emb. 1 lt,"€14,99/un","€14,99/lt"
Mini Compressor com Manómetro 250 PSI 12V,Bottari,emb. 1 un,"€9,99/un","€9,99/un"
Ambientador Auto Pendurar Frasco Limão,Aroma Car,emb. 1 un,"€2,19/un","€2,19/un"
Limpa Vidros Auto Concentrado,Redex,emb. 500 ml,"€2,99/un","€5,98/lt"
Creme Limpa Estofos Pele,Redex,emb. 500 ml,"€5,99/un","€11,98/lt"
Difusor e Recarga Car Aqua Cascade,Ambipur,emb. 1 un,"€4,99/un","€4,99/un"
Óleo Motor 15W40,Galp,emb. 5 lt,"€25,99/un","€5,20/lt"
Spray Cockpit Limão,Redex,emb. 600 ml,"€5,99/un","€9,98/lt"
Aditivo Limpeza de Filtro Particulas,STP,emb. 200 ml,"€13,99/un","€69,95/lt"
Spray Cera Ativa,Redex,emb. 500 ml,"€3,99/un","€7,98/lt"
Spray Cockpit Cera Abelhas,Redex,emb. 200 ml,"€4,49/un","€22,45/lt"
Óleo Motor 5W40,Boost,emb. 5 lt,"€23,99/un","€4,80/lt"
Líquido Radiador -5°C Rosa,Boost,emb. 5 lt,"€4,49/un","€0,90/lt"
Óleo Motor 5W30,Castrol,emb. 4 lt,"€56,99/un","€14,25/lt"
Ambientador Auto Ventilador Baunilha,Little Joe,emb. 1 un,"€3,99/un","€3,99/un"
Spray Auto Desinfetante Multiusos,Boost,emb. 500 ml,"€3,99/un","€7,98/lt"
Ambientador Auto Ventilador Oceano,Arbre Magique,emb. 1 un,"€2,99/un","€2,99/un"
Desumidificador Auto Reutilizável,UHU,emb. 1 un,"€7,99/un","€7,99/un"
Massa Consistente,Boost,emb. 100 ml,"€1,79/un","€17,90/kg"
Difusor e Recarga Ambientador Auto Ventilador Pacific Air,Ambipur,emb. 1 un,"€4,99/un","€4,99/un"
Ambientador Auto Ventilador Carro Novo,Aroma Car,emb. 1 un,"€3,99/un","€3,99/un"
Spray Limpa Vidros,Boost,emb. 500 ml,"€2,99/un","€2,99/lt"
Ambientador Auto Ventilador Gel Baunilha,Aroma Car,emb. 1 un,"€2,19/un","€2,19/un"
Limpa Jantes e Motor Vaporizador,Redex,emb. 1 lt,"€7,49/un","€7,49/lt"
Ambientador Auto Pendurar Frasco Limão,Boost,emb. 1 un,"€1,99/un","€1,99/un"
Spray Limpa Tablier,Boost,emb. 1 lt,"€4,49/un","€4,49/lt"
Tapetes Auto Universal Alcatifa,Boost,emb. 4 un,"€6,49/un","€6,49/un"
Spray Limpa Estofos Tira Nódoas com Escova,Redex,emb. 400 ml,"€6,99/un","€17,48/lt"
Colete Refletor,Boost,emb. 1 un,"€3,49/un","€3,49/un"
Ambientador Auto Ventilador Florestal,Arbre Magique,emb. 1 un,"€2,99/un","€2,99/un"
Massa de Polir Fina,Redex,emb. 250 ml,"€4,99/un","€4,99/un"
Ambientador Auto Pendurar Líquido Fogo,Aroma Car,emb. 1 un,"€2,19/un","€2,19/un"
Tapetes Auto Universal Recortável PVC e Alcatifa,Boost,emb. 4 un,"€24,99/un","€24,99/un"
Ambientador Auto Ventilador Florestal,Sphere,emb. 1 un,"€2,99/un","€2,99/un"
Ambientador Auto Pendurar Cartão Pinho,Arbre Magique,emb. 1 un,"€1,99/un","€1,99/un"
Ambientador Auto Pendurar Frasco Frutos Vermelhos,Boost,emb. 1 un,"€1,99/un","€1,99/un"
Aditivo Tratamento Diesel,STP,emb. 200 ml,"€5,49/un","€27,45/lt"
Ambientador Auto Ventilador Gel Carro Novo,Aroma Car,emb. 1 un,"€2,99/un","€2,99/un"
Massa Polir Média,Boost,emb. 250 ml,"€3,99/un","€15,96/lt"
Ambientador Auto Spray Pinho,Boost,emb. 1 un,"€2,99/un","€2,99/un"
Jerrican 5L Vermelho,Max,emb. 1 un,"€8,49/un","€8,49/un"
Ambientador Auto Ventilador Gel Limão,Aroma Car,emb. 1 un,"€2,99/un","€2,99/un"
Óleo Fino Lubrificante Bisnaga,Redex,emb. 125 ml,"€3,99/un","€31,92/lt"
Ambientador Auto Ventilador Âmbar,Little Joe,emb. 1 un,"€3,99/un","€3,99/un"
Polish,Boost,emb. 250 ml,"€4,79/un","€19,16/lt"
Ambientador Auto Ventilador com Recarga Baunilha,Boost,emb. 1 un,"€1,99/un","€1,99/un"
Escova Estofos,Redex,emb. 1 un,"€3,49/un","€3,49/un"
Limpa Vidros Auto Azul,Boost,emb. 1 lt,"€1,99/un","€1,99/lt"
Proteção Dianteira Auto de Alcatifa,Boost,emb. 1 un,"€1,99/un","€1,99/un"
Spray Lubrificante Correntes Moto,Boost,emb. 400 ml,"€4,79/un","€11,98/lt"
Óleo Direção Assistida,Redex,emb. 500 ml,"€9,99/un","€19,98/lt"
Óleo Motor 2T Scooter,Boost,emb. 1 lt,"€9,99/un","€9,99/lt"
Champô Auto,Redex,emb. 5 lt,"€4,79/un","€0,96/lt"
Spray Lubrificante Multiusos,Boost,emb. 400 ml,"€4,99/un","€12,48/lt"
Líquido Radiador -11°C Rosa,Redex,emb. 5 lt,"€6,39/un","€1,28/lt"
Ambientador Auto Ventilador Anti-Tabaco Citrinos,Ambipur,emb. 1 un,"€3,49/un","€3,49/un"
Almofada Auto,Max,emb. 1 un,"€9,99/un","€9,99/un"
Óleo Motor 10W40,Shell,emb. 5 lt,"€47,99/un","€47,99/lt"
Óleo Motor 15W40,Shell,emb. 5 lt,"€34,99/un","€34,99/un"
Spray Limpa Estofos,Redex,emb. 1 lt,"€6,99/un","€6,99/lt"
Óleo Motor 5W30,Galp,emb. 1 lt,"€19,99/un","€19,99/lt"
Óleo Motor 10W40,Castrol,emb. 5 lt,"€41,99/un","€41,99/lt"
Óleo Travões,Redex,emb. 500 ml,"€4,99/un","€9,98/lt"
Spray Lustrante Pneus,Boost,emb. 1 lt,"€4,49/un","€4,49/lt"
Óleo Motor 10W40,Boost,emb. 1 lt,"€8,99/un","€8,99/lt"
Funil com Tubo Flexivel Preto,Max,emb. 1 un,"€2,29/un","€2,29/un"
Spray Limpa Estofos Eco,Boost,emb. 500 ml,"€2,99/un","€5,98/lt"
Organizador Viagem Universal,Max,emb. 1 un,"€12,99/un","€12,99/un"
Óleo Motor 20W40,Galp,emb. 5 lt,"€25,99/un","€5,20/lt"
Spray Brilho Pneus,Redex,emb. 1 lt,"€7,49/un","€7,49/lt"
Ambientador Auto Ventilador Exótico,Arbre Magique,emb. 1 un,"€2,99/un","€2,99/un"
Capa Protetora Multiusos,Max,emb. 1 un,"€9,99/un","€9,99/un"
Escova Limpa-vidros Flexível 510mm,Boost,emb. 1 un,"€5,99/un","€5,99/un"
Líquido Radiador -5°C Azul,Boost,emb. 5 lt,"€4,49/un","€0,90/lt"
Escova Limpa-vidros Flexível 600mm,Boost,emb. 1 un,"€5,99/un","€5,99/un"
Ambientador Auto Ventilador Limão,Sphere,emb. 1 un,"€2,99/un","€2,99/un"
Esteira Auto Universal Magnética,Boost,emb. 1 un,"€5,99/un","€5,99/un"
Champô Auto Concentrado,Boost,emb. 1 lt,"€2,99/un","€2,99/lt"
Suporte Telemóvel,Max,emb. 1 un,"€4,99/un","€4,99/un"
Express Polish,Redex,emb. 500 ml,"€6,99/un","€13,98/lt"
Aplicador de Polimento com Bolso,Redex,emb. 1 un,"€2,49/un","€2,49/un"
Champô Auto com Cera,Boost,emb. 5 lt,"€3,99/un","€0,80/lt"
Limpa Vidros Auto Concentrado,Boost,emb. 1 lt,"€3,99/un","€3,99/lt"
Fusíveis Tipo Ficha,Max,emb. 10 un,"€2,29/un","€2,29/un"
Spray Limpeza Tablier Pinho,Boost,emb. 600 ml,"€2,49/un","€4,15/lt"
Óleo Motor 5W40,Boost,emb. 1 lt,"€9,99/un","€9,99/lt"
Tapa Fugas Pneus,Boost,emb. 300 ml,"€4,99/un","€16,63/lt"
Lâmpada Auto H7 55W,Osram,emb. 1 un,"€14,99/un","€14,99/un"
Ambientador Auto Spray Morango,Boost,emb. 1 un,"€2,99/un","€2,99/un"
Restaurador Faróis,Redex,emb. 250 ml,"€5,99/un","€5,99/un"
Escova Limpa-vidros Flexível 480mm,Boost,emb. 1 un,"€5,99/un","€5,99/un"
Aditivo Limpa Injetores Gasolina,STP,emb. 200 ml,"€6,99/un","€34,95/lt"
Suporte Telemóvel,Max,emb. 1 un,"€3,99/un","€3,99/un"
Champô Auto com Cera,Boost,emb. 1 lt,"€1,99/un","€1,99/lt"
Apoio Lombar,Max,emb. 1 un,"€12,99/un","€12,99/un"
Óleo Motor 15W40,Boost,emb. 5 lt,"€15,99/un","€3,20/lt"
Spray Limpa Travões 500ml,Redex,emb. 1 un,"€4,49/un","€4,49/un"
Aditivo Tratamento Gasolina,STP,emb. 200 ml,"€5,49/un","€27,45/lt"
Escova Limpa-vidros Flexível 550mm,Boost,emb. 1 un,"€5,99/un","€5,99/un"
Óleo Motor 5W30,Shell,emb. 1 lt,"€24,99/un","€24,99/un"
Líquido Radiador -5°C Rosa,Redex,emb. 5 lt,"€4,39/un","€0,88/lt"
Polimento Vidros,Redex,emb. 250 ml,"€4,79/un","€4,79/un"
Ambientador Auto Ventilador Neutro,Aroma Car,emb. 1 un,"€3,99/un","€3,99/un"
Limpa Injetores Gasóleo,Boost,emb. 250 ml,"€3,79/un","€15,16/lt"
Limpa Injetores Gasolina,Boost,emb. 250 ml,"€3,79/un","€15,16/lt"
Lâmpada Auto H4 60/55W,Osram,emb. 1 un,"€7,99/un","€7,99/un"
Massa de Polir Média,Redex,emb. 250 ml,"€4,49/un","€4,49/un"
Spray Limpeza Tablier Limão,Boost,emb. 600 ml,"€4,49/un","€7,48/lt"
Lâmpada Auto P21 5W,Osram,emb. 2 un,"€4,99/un","€4,99/un"
Escova Limpa-vidros 450mm,Boost,emb. 1 un,"€3,99/un","€3,99/un"
Óleo Motor 5W30,Boost,emb. 1 lt,"€12,99/un","€12,99/lt"
Bisnaga Massa Polir,Redex,emb. 125 ml,"€4,99/un","€39,92/lt"
Óleo Motor 5W40,Castrol,emb. 4 lt,"€50,99/un","€12,75/lt"
Escova Limpa-vidros 550mm,Boost,emb. 1 un,"€3,99/un","€3,99/un"
Ambientador Auto Ventilador Membrana Baunilha,Aroma Car,emb. 1 un,"€2,99/un","€2,99/un"
Escova Limpa-vidros 410mm,Boost,emb. 1 un,"€3,99/un","€3,99/un"
Líquido Radiador -5°C Verde,Redex,emb. 5 lt,"€4,39/un","€4,39/un"
Lâmpada Auto W 5W,Osram,emb. 2 un,"€2,99/un","€2,99/un"
Ambientador Auto Ventilador Tonic,Little Joe,emb. 1 un,"€3,99/un","€3,99/un"
Spray Limpa Motores,Redex,emb. 400 ml,"€4,49/un","€11,23/lt"
Líquido Radiador -40°C Rosa,Redex,emb. 5 lt,"€18,99/un","€18,99/un"
Escova Limpa-vidros 480mm,Boost,emb. 1 un,"€3,99/un","€3,99/un"
Escova Limpa-vidros Flexível 410mm,Boost,emb. 1 un,"€5,99/un","€5,99/un"
Spray Removedor Insetos,Boost,emb. 500 ml,"€2,99/un","€5,98/lt"
Líquido Radiador -3°C Verde,Boost,emb. 5 lt,"€3,49/un","€0,70/lt"
Esteira Auto Tecido,Boost,emb. 1 un,"€12,99/un","€12,99/un"
Óleo Motor 15W40 Gasolina/Diesel,Galp,emb. 1 lt,"€12,99/un","€12,99/lt"
Lâmpadas P21 5W,Osram,emb. 2 un,"€3,99/un","€3,99/un"
Escova Limpa-vidros Flexível 650mm,Boost,emb. 1 un,"€5,99/un","€5,99/un"
Aditivo Tapa Fugas Radiador,Redex,emb. 250 ml,"€4,99/un","€19,96/lt"
Spray Cockpit Magic,Redex,emb. 500 ml,"€5,99/un","€11,98/lt"
Pano Vidro (Limpa e Seca) Microfibra,Redex,emb. 1 un,"€4,49/un","€4,49/un"
Spray Limpa Tablier Cera Abelha,Boost,emb. 250 ml,"€3,99/un","€15,96/lt"
Óleo Motor 5W30,Shell,emb. 4 lt,"€74,99/un","€74,99/un"
Champô Zip,Turtle Wax,emb. 1 lt,"€7,99/un","€7,99/lt"
Protetor Cinto,Max,emb. 2 un,"€4,99/un","€4,99/un"
Spray Limpeza Tablier Baunilha,Boost,emb. 600 ml,"€4,49/un","€7,48/lt"
Escova Limpa-vidros Flexível 530mm,Boost,emb. 1 un,"€5,99/un","€5,99/un"
Óleo Motor 15W40,Boost,emb. 1 lt,"€5,99/un","€5,99/lt"
Escova Limpa-vidros 510mm,Boost,emb. 1 un,"€3,99/un","€3,99/un"
Capa Auto Universal 2 Lugares,Boost,emb. 1 un,"€25,99/un","€25,99/un"
Champô Auto,Redex,emb. 1 lt,"€2,99/un","€2,99/lt"
Spray Limpa Tablier Eco,Boost,emb. 500 ml,"€2,99/un","€5,98/lt"
Champô Auto Concentrado Eco,Boost,emb. 1 lt,"€2,99/un","€2,99/lt"
Óleo Motor 4T 1L,Boost,emb. 1 un,"€12,99/un","€12,99/lt"
Cobertura Banco Traseiro Impermeável,Max,emb. 1 un,"€9,99/un","€9,99/un"
Líquido Radiador -5°C Azul,Redex,emb. 5 lt,"€4,39/un","€0,88/lt"
Tapetes Auto Universal Alcatifa,Boost,emb. 4 un,"€17,99/un","€17,99/un"
Pára-sol Eco Prateado,Boost,emb. 1 un,"€4,99/un","€4,99/un"
Aditivo Gasóleo,Boost,emb. 250 ml,"€3,79/un","€15,16/lt"
Spray Renovador Pára-Choques,Boost,emb. 500 ml,"€4,49/un","€8,98/lt"
Óleo Motor 15W40,Castrol,emb. 5 lt,"€26,99/un","€5,40/lt"
"Cinta Bagagem com Fecho 2x2,5m",Max,emb. 1 un,"€5,49/un","€5,49/un"
Óleo Motor 5W40,Shell,emb. 4 lt,"€59,99/un","€59,99/un"
Tapa Fugas do Motor,STP,emb. 300 ml,"€9,99/un","€33,30/lt"
Suporte Telemóvel Magnético,Max,emb. 1 un,"€5,49/un","€5,49/un"
Óleo Motor 5W30,Castrol,emb. 1 lt,"€34,99/un","€34,99/lt"
Tampa para Válvulas Pneus Universal,Max,emb. 4 un,"€3,99/un","€3,99/un"
Óleo Motor 10W40,Castrol,emb. 1 lt,"€22,99/un","€22,99/un"
Óleo Motor 5W40,Galp,emb. 1 lt,"€16,99/un","€16,99/lt"
Limpeza Ar Condicionado,Redex,emb. 100 ml,"€4,49/un","€4,49/un"
"Antena Alúmino Preta 11,7cm",Max,emb. 1 un,"€6,49/un","€6,49/un"
Ambientador Auto Pendurar Cartão Pinho Preto,Arbre Magique,emb. 1 un,"€1,99/un","€1,99/un"
Antena Alúmino Preta 18cm,Max,emb. 1 un,"€8,49/un","€8,49/un"
Chave Rodas em Cruz,Max,emb. 1 un,"€10,99/un","€10,99/un"
Escova Limpa-vidros 530mm,Boost,emb. 1 un,"€3,99/un","€3,99/un"
Ambientador Auto Ventilador Perfume,Aroma Car,emb. 1 un,"€3,99/un","€3,99/un"
Escova Limpa-vidros 600mm,Boost,emb. 1 un,"€3,99/un","€3,99/un"
Aditivo Anti Fumos,STP,emb. 450 ml,"€7,99/un","€17,76/lt"
Óleo Motor 15W40,Boost,emb. 1 lt,"€7,49/un","€7,49/lt"
Óleo Motor 10W40,Shell,emb. 1 lt,"€15,99/un","€15,99/un"
Lâmpada Auto PY 21W,Osram,emb. 2 un,"€4,99/un","€4,99/un"
Spray Cockpit Pinho,Redex,emb. 600 ml,"€5,99/un","€9,98/lt"
Lâmpada Auto H1 55W,Osram,emb. 1 un,"€7,99/un","€7,99/un"
Ambientador Auto Ventilador Brisa de Flores,Ambipur,emb. 1 un,"€3,49/un","€3,49/un"
Óleo Travões,Redex,emb. 500 ml,"€9,99/un","€19,98/lt"
Ambientador Auto Pendurar Cartão Ananás,Aroma Car,emb. 1 un,"€1,99/un","€1,99/un"
Ambientador Auto Ventilador Gel Neutro,Aroma Car,emb. 1 un,"€2,99/un","€2,99/un"
Aditivo Gasolina,Boost,emb. 250 ml,"€3,99/un","€15,96/lt"
Lâmpada Auto R 5W,Osram,emb. 2 un,"€2,99/un","€2,99/un"
Lâmpada Auto C 5W,Osram,emb. 2 un,"€4,99/un","€4,99/un"
Óleo Motor 10W40,Galp,emb. 5 lt,"€41,99/un","€8,40/lt"
Ambientador Auto Ventilador Gel Frutos Vermelhos,Aroma Car,emb. 1 un,"€2,99/un","€2,99/un"
Ambientador Auto Pendurar Líquido Chá Verde,Aroma Car,emb. 1 un,"€2,19/un","€2,19/un"
Ambientador Auto Pendurar Líquido Frutos do Bosque,Cristalinas,emb. 1 un,"€3,99/un","€3,99/un"
Óleo Motor 15W40,Shell,emb. 1 lt,"€15,99/un","€15,99/un"
Ambientador Auto Pendurar Líquido Jasmim,Cristalinas,emb. 1 un,"€3,99/un","€3,99/un"
Ambientador Auto Ventilador Spice,Sphere,emb. 1 un,"€2,99/un","€0,50/un"
Carregador Auto 2 Entradas USB,Max,emb. 1 un,"€6,99/un","€6,99/un"
Ambientador de Baunilha,Arbre Magique,emb. 3 un,"€3,99/un","€3,99/un"
Pano Limpeza Camurça,Boost,emb. 1 un,"€6,99/un","€6,99/un"
Macaco Hidraúlico 2000kg,Max,emb. 1 un,"€20,99/un","€20,99/un"
Ambientador Auto Pendurar Cartão Sport,Arbre Magique,emb. 3 un,"€3,99/un","€3,99/un"
Spray Auto Cockpit Baunilha,Armor All,emb. 500 ml,"€3,99/un","€3,99/un"
Aplicadores Polimento,Boost,emb. 3 un,"€3,99/un","€3,99/un"
Aspirador Sólidos e Líquidos MV5,Karcher,emb. 1 un,"€295,08/un","€295,08/un"
Cobertura de Volante,WRC,emb. 1 un,"€8,99/un","€8,99/un"
Ambientador Auto Pendurar Cartão Ananás,Aroma Car,emb. 1 un,"€1,99/un","€1,99/un"
Ambientador Auto Pendurar Cartão Pêssego,Aroma Car,emb. 1 un,"€1,99/un","€1,99/un"
Esteira Auto Pele,Max,emb. 1 un,"€14,99/un","€14,99/un"
Corrente Reflex Moto e Scooter,MQS,emb. 1 un,"€14,99/un","€14,99/un"
Conjunto 2 Lâmpadas Auto H4 60/55W,Osram,emb. 2 un,"€14,99/un","€14,99/un"
Elimina Riscos,Armor All,emb. 200 ml,"€5,59/un","€5,59/un"
Spray Auto Cockpit Baunilha,Armor All,emb. 2 x 500 ml,"€9,99/un","€9,99/un"
Aspirador de Sólidos e Líquidos KWD 1,Karcher,emb. 1 un,"€49,99/un","€49,99/un"
Aspirador Sólidos e Líquidos WD 4 Car,Karcher,emb. 1 un,"€159,99/un","€159,99/un"
Champô Lava e Encera,Armor All,emb. 1 lt,"€7,99/un","€7,99/lt"
Redutor de Emissões Diesel,STP,emb. 400 ml,"€6,66/un","€6,66/un"
Escova Limpa Jantes,Boost,emb. 1 un,"€2,49/un","€2,49/un"
Limpa Vidros Auto Concentrado com Recarga 1ml,Boost,emb. 1 un,"€2,49/un","€2,49/un"
Máquina Limpeza Vapor SC 2600 C,Karcher,emb. 1 un,"€399,99/un","€399,99/un"
Spray Limpeza Total Moto,WD40,emb. 500 ml,"€11,99/un","€11,99/un"
Tapa Fugas do Motor,Redex,emb. 250 ml,"€7,99/un","€7,99/un"
Spray Auto Cockpit Ocean,Boost,emb. 600 ml,"€4,49/un","€4,49/un"
Ambientador Auto Ventilador Limão,Aroma Car,emb. 1 un,"€3,19/un","€3,19/un"
Ambientador Auto Pendurar Cartão Sport,Arbre Magique,emb. 1 un,"€1,99/un","€1,99/un"
Massa Correntes Moto,WD40,emb. 400 ml,"€10,99/un","€10,99/un"
"Cabo EV Carregamento de Carro Elétrico T2 6/10/16A 1,3/2,2/3,6W",Osram,emb. 1 un,"€279,99/un","€279,99/un"
Pano Microfibras Vidros,Boost,emb. 3 un,"€2,99/un","€2,99/un"
Pano Microfibras Multiusos,Boost,emb. 3 un,"€2,99/un","€2,99/un"
Ambientador Auto Pendurar Cartão Baunilha,Aroma Car,emb. 1 un,"€1,99/un","€1,99/un"
Lavadora Alta Pressão K 4 Eco Silent,Karcher,emb. 1 un,"€309,99/un","€309,99/un"
Máquina Limpeza Vapor SC 1030,Karcher,emb. 1 un,"€209,99/un","€209,99/un"
Luvas em Kevlar L,MQS,emb. 1 un,"€27,99/un","€27,99/un"
Conjunto 2 Lâmpadas Auto W 16W,Osram,emb. 2 un,"€4,99/un","€4,99/un"
Cobertura de Volante Easy Cover Básica,Boost,emb. 1 un,"€4,39/un","€4,39/un"
Conjunto 2 Lâmpadas Auto H7 55W,Osram,emb. 2 un,"€29,99/un","€29,99/un"
Cera Rápida,Armor All,emb. 500 ml,"€9,99/un","€9,99/un"
Líquido Radiador -37º Rosa 5L,Redex,emb. 1 un,"€19,99/un","€19,99/un"
Ambientador Auto Pendurar Cartão Limão,Arbre Magique,emb. 3 un,"€3,99/un","€3,99/un"
Spray Limpa Tablier Frutos Vermelhos,Boost,emb. 1 lt,"€5,99/un","€5,99/un"
Spray Limpa Tablier Limão,Boost,emb. 1 lt,"€5,99/un","€5,99/un"
Aspirador Sólidos e Líquidos TC VC1815S 1250W,Einhell,emb. 1 un,"€49,99/un","€49,99/un"
Ambientador Auto Ventilador Plástico Dark Temptation,Axe,emb. 1 un,"€4,99/un","€4,99/un"
Luva Microfibra 2 em 1,Boost,emb. 1 un,"€4,99/un","€4,99/un"
Ambientador Auto Pendurar Cartão Baunilha,Aroma Car,emb. 1 un,"€1,99/un","€1,99/un"
Spray Lubrificante Correntes Moto,WD40,emb. 400 ml,"€14,99/un","€14,99/un"
Spray Limpa Travões Moto,WD40,emb. 500 ml,"€11,99/un","€11,99/un"
Bloqueio de Disco + Cabo,MQS,emb. 1 un,"€11,19/un","€11,19/un"
Ambientador Auto Pendurar Cartão Cocktail de Frutos,Arbre Magique,emb. 3 un,"€3,99/un","€3,99/un"
Ambientador Auto Pendurar Cartão Pinho Preto,Arbre Magique,emb. 3 un,"€3,99/un","€3,99/un"
Spray Limpa Correntes Moto,WD40,emb. 400 ml,"€11,99/un","€11,99/un"
Spray Auto Cockpit Carro Novo,Armor All,emb. 2 x 500 ml,"€9,99/un","€9,99/un"
Restaurador de Plásticos,Redex,emb. 500 ml,"€4,99/un","€4,99/un"
Ambientador Auto Ventilador Morango,Aroma Car,emb. 1 un,"€3,19/un","€3,19/un"
"Cabo EV Carregamento de Carro Elétrico T2/T1 16A 3,6W",Osram,emb. 1 un,"€179,99/un","€179,99/un"
Espanador Elimina Pó,Boost,emb. 1 un,"€2,99/un","€2,99/un"
Luvas em Kevlar M,MQS,emb. 1 un,"€27,99/un","€27,99/un"
Spray Auto Cockpit Limão,Armor All,emb. 500 ml,"€3,99/un","€3,99/un"
Ambientador Auto Pendurar Maçã Verde,Aura,emb. 1 un,"€2,99/un","€2,99/un"
Cobertura de Volante Smart Preta,Boost,emb. 1 un,"€6,79/un","€6,79/un"
Limpa Estofos,Armor All,emb. 500 ml,"€6,39/un","€6,39/un"
Lavadora K 5 Full Control,Karcher,emb. 1 un,"€419,99/un","€419,99/un"
Esteira Auto Tecido,Max,emb. 1 un,"€12,99/un","€12,99/un"
Conjunto 2 Lâmpadas Auto H7 55W,Osram,emb. 2 un,"€19,99/un","€19,99/un"
Tratamento de Cabedal em Gel,Armor All,emb. 530 ml,"€8,99/un","€8,99/un"
Spray Lubrificante Silicone,Redex,emb. 500 ml,"€5,49/un","€5,49/un"
Ambientador Auto Pendurar Cartão Lavanda,Arbre Magique,emb. 3 un,"€3,99/un","€3,99/un"
Champô Auto Frutos Vermelhos,Boost,emb. 5 lt,"€5,99/un","€5,99/un"
Ambientador Auto Pendurar Limpo,Aura,emb. 1 un,"€2,99/un","€2,99/un"
Capa Auto 5 Lugares,WRC,emb. 1 un,"€39,99/un","€39,99/un"
Pano Microfibras Polimento,Boost,emb. 3 un,"€2,99/un","€2,99/un"
Kit Cobertura Volante + 2 Protetores Cinto de Segurança,WRC,emb. 1 un,"€12,99/un","€12,99/un"
Cockpit Shine - Carro Novo,Armor All,emb. 500 ml,"€3,99/un","€3,99/un"
Champô Auto Colónia,Boost,emb. 5 lt,"€5,99/un","€5,99/un"
Spray Lustrante Pneus,Armor All,emb. 500 ml,"€8,99/un","€17,98/lt"
Ambientador Auto Ventilador Carro Novo,Aroma Car,emb. 1 un,"€3,19/un","€3,19/un"
Ambientador Auto Ventilador Baunilha,Aroma Car,emb. 1 un,"€3,19/un","€3,19/un"
Ambientador Auto Pendurar Cartão Maçã,Aroma Car,emb. 1 un,"€1,99/un","€1,99/un"
Ambientador Auto Pendurar Cartão Morango,Aroma Car,emb. 1 un,"€1,99/un","€1,99/un"
Bolsa de Carvão Absorve Odores,California Scents,emb. 1 un,"€4,49/un","€4,49/un"
Pano Limpeza Camurça Sintética,Boost,emb. 1 un,"€2,99/un","€2,99/un"
"Cabo EV Carregamento de Carro Elétrico T2/T2 16A 3,6W Fase 1",Osram,emb. 1 un,"€179,99/un","€179,99/un"
Cabo EV Carregamento de Carro Elétrico T1 6/10/16A,Osram,emb. 1 un,"€279,99/un","€279,99/un"
Rolo de Vidros,Boost,emb. 1 un,"€2,99/un","€2,99/un"
Esponja Limpeza Amarela,Boost,emb. 1 un,"€1,29/un","€1,29/un"
Esteira Auto de Tecido com Padrão,Boost,emb. 1 un,"€7,99/un","€7,99/un"
Aditivo Anti-Fumos,Redex,emb. 250 ml,"€7,99/un","€7,99/un"
Tapetes Auto Alcatifa,WRC,emb. 1 un,"€19,99/un","€19,99/un"
Redutor de Emissões Gasolina,STP,emb. 400 ml,"€5,99/un","€5,99/un"
Capa Auto 1 Lugar,WRC,emb. 1 un,"€24,99/un","€24,99/un"
Ambientador Auto Ventilador Plástico Pêra Gelada e Cedro,Axe,emb. 1 un,"€4,99/un","€4,99/un"
Esponja Limpeza Jumbo,Boost,emb. 1 un,"€1,99/un","€1,99/un"
Conjunto 2 Lâmpadas Auto H4 60/55W,Osram,emb. 2 un,"€24,99/un","€24,99/un"
Limpa Tecidos com Escova,Armor All,emb. 400 ml,"€6,39/un","€6,39/un"
Ambientador Auto Ventilador Pastilha Elástica,Aroma Car,emb. 1 un,"€3,99/un","€3,99/un"
Champô Auto Limão,Boost,emb. 5 lt,"€5,99/un","€5,99/un"
Spray Auto Cockpit Frutos Vermelhos,Boost,emb. 600 ml,"€4,49/un","€4,49/un"
Ambientador Auto Pendurar Cartão Pinho,Arbre Magique,emb. 3 un,"€3,99/un","€3,99/un"
Spray Limpa Tablier Ocean,Boost,emb. 1 lt,"€5,99/un","€5,99/un"
Spray Lava e Encera a Seco,Boost,emb. 500 ml,"€3,99/un","€3,99/un"
Conjunto 2 Protetores de Cinto,WRC,emb. 1 un,"€5,99/un","€5,99/un"
Spray Auto Cockpit Limão,Armor All,emb. 2 x 500 ml,"€9,99/un","€9,99/un"
Lavadora Alta Pressão K 4 Premium,Karcher,emb. 1 un,"€369,99/un","€369,99/un"
Lavadora Alta Pressão Pro HD 600,Karcher,emb. 1 un,"€750,00/un","€750,00/un"
Ambientador Auto Ventilador Lavanda,Arbre Magique,emb. 1 un,"€2,39/un","€2,39/un"
Limpa Jantes,Armor All,emb. 500 ml,"€7,99/un","€13,32/lt"
Ambientador Auto Pendurar Frutos Vermelhos,Aura,emb. 1 un,"€2,99/un","€2,99/un"
Lavadora Alta Pressão K 3,Karcher,emb. 1 un,"€129,99/un","€129,99/un"
Lavadora Alta Pressão K 7,Karcher,emb. 1 un,"€479,99/un","€479,99/un"
Acendalhas Brancas,Continente,emb. 64 cubos,"€1,35/un","€1,35/un"
Aspirador Sólidos e Líquidos TC-VC 1820 S,Einhell,emb. 1 un,"€59,99/un","€59,99/un"
Conjunto de Refeição Mesa e 4 Cadeiras Madeira Acácia,Kasa,1 un,"€185,00/un","€185,00/un"
Fósforos,Continente,emb. 4 x 100 un,"€0,69/un","€0,17/un"
Conjunto de Refeição Mesa e 6 Cadeiras Metal Cinza Texas,Kasa,1 un,"€249,00/un","€249,00/un"
Acendalhas Brancas,Continente,emb. 32 un,"€0,75/un","€0,75/un"
Floreira 80cm Antracite,Artevasi,emb. 1 un,"€29,99/un","€29,99/un"
Conjunto de Refeição Mesa e 2 Cadeiras Madeira Acácia,Kasa,1 un,"€89,00/un","€89,00/un"
Acendalhas Ecológicas,Continente,emb. 64 cubos,"€1,79/un","€1,79/un"
Lavadora Alta Pressão TC-HP 90,Einhell,emb. 1 un,"€79,95/un","€79,95/un"
Carvão Vegetal,Continente,emb. 3 kg,"€3,79/un","€1,26/kg"
Substrato Universal Biológico,,emb. 11 lt,"€1,99/un","€1,99/un"
Pavilhão 3x3m Verde Escuro,Kasa,1 un,"€40,00/un","€40,00/un"
Fósforos,Quinas,emb. 4 x 100 un,"€1,29/un","€1,29/un"
Banco de Madeira Acácia,Kasa,1 un,"€75,00/un","€75,00/un"
Acendalhas Ecológicas,Neolar,emb. 84 un,"€2,99/un","€2,99/un"
Lavadora Alta Pressão K 2,Karcher,emb. 1 un,"€79,99/un","€79,99/un"
Lavadora Alta Pressão K 4,Karcher,emb. 1 un,"€219,99/un","€219,99/un"
Conjunto de Refeição Mesa e 6 Cadeiras Madeira Acácia Porto,Kasa,1 un,"€450,00/un","€450,00/un"
Carvão Vegetal Especial,Continente,emb. 6 kg,"€8,99/un","€1,50/kg"
Lavadora Alta Pressão K 5 Basic,Karcher,emb. 1 un,"€319,99/un","€319,99/un"
Fósforos Longos,Continente,emb. 40 un (3 un),"€1,49/un","€0,50/un"
Pavilhão 2x3m Branco,Kasa,1 un,"€35,00/un","€35,00/un"
Espreguiçadeira de Alumínio,Kasa,1 un,"€99,00/un","€99,00/un"
Anti-Formigas,KB,emb. 2 x 10 gr,"€6,49/un","€649,00/kg"
Pinhas Naturais,Solf,emb. 20 un,"€3,49/un","€3,49/un"
Carvão Vegetal,Continente,emb. 5 kg,"€5,19/un","€1,04/kg"
Fósforos Longos,Quinas,emb. 3 x 45 un,"€2,39/un","€2,39/un"
Acendalhas Brancas,Neolar,emb. 32 un,"€1,19/un","€1,19/un"
Carvão Vegetal Sem Fumo,Continente,emb. 15 dm3,"€4,99/un",
Adubo Universal Líquido,Delgarden,emb. 1 lt,"€3,99/un","€3,99/lt"
Tabuleiro de Apoio Madeira Acácia,Kasa,1 un,"€35,00/un","€35,00/un"
"Casota para Cão ""Cottage"" 96x104x112 cm",Trixie,1 un,"€379,37/un","€379,37/un"
Casa de Brincar Super Villa,Feber,,"€349,99/un","€349,99/un"
Substrato Universal,Oris,emb. 11 lt,"€1,19/un","€1,19/un"
Acendalhas Ecológicas,Continente,emb. 32 un,"€0,99/un","€0,99/un"
Acendalha Gel,Pluricor,emb. 500 ml,"€2,99/un","€5,98/lt"
Sementes Aromáticas Coentros,Vita,emb. 1 un,"€1,19/un","€396,67/kg"
Sementes Erva Aromática para Gatos,Vita,emb. 1 un,"€1,19/un","€119,00/kg"
Sementes Aromáticas Cebolinho,Vita,emb. 1 un,"€1,19/un","€1,19/un"
Vaso Redondo Barro Terracota 30cm,,emb. 1 un,"€2,99/un","€2,99/un"
Inseticida Natural,Compo,emb. 750 ml,"€9,99/un","€13,32/lt"
Corta-relva 1300W 0713,Skil,emb. 1 un,"€124,99/un","€124,99/un"
Sementes Hortícolas Tomate Cereja,Vita,emb. 1 un,"€1,19/un","€1,19/un"
Sementes Aromáticas Manjerico Grande Verde,Vita,emb. 1 un,"€1,19/un","€396,67/kg"
Sementes Aromáticas Salsa Comum,Vita,emb. 1 un,"€1,19/un","€198,33/kg"
Cadeira de Madeira Acácia,Kasa,1 un,"€35,00/un","€35,00/un"
Acendalhas Ecológicas,Magic,emb. 32 un,"€1,19/un","€5,17/kg"
Barras Fertilizantes Universais,Compo,emb. 1 un,"€4,99/un","€4,99/un"
Adubo Plantas Verdes Líquido,Compo,emb. 500 ml,"€4,99/un","€9,98/lt"
Isqueiro Translúcido Slim J23,Bic,2 un,"€2,99/un","€2,99/un"
Sementes Aromáticas Tomilho,Vita,emb. 1 un,"€1,19/un","€1,19/un"
Prato Redondo Plástico 26cm Antracite,Artevasi,emb. 1 un,"€1,49/un","€1,49/un"
Prato Redondo Plástico 26cm Terracota,Artevasi,emb. 1 un,"€1,49/un","€1,49/un"
Adubo Universal Granulado,Compo,emb. 1 kg,"€4,99/un","€4,99/kg"
"Casota para Cão ""Classic"" 85x85x60 cm",Trixie,1 un,"€210,71/un","€210,71/un"
Mesa de Apoio Dobrável Madeira Acácia,Kasa,1 un,"€30,00/un","€30,00/un"
Candeeiro Pilar Solar,Egolight,emb. 1 un,"€1,59/un","€1,59/un"
Prato Redondo Plástico 22cm Terracota,Artevasi,emb. 1 un,"€1,09/un","€1,09/un"
Candeeiro Pedra Solar LED,Eglo,emb. 1 un,"€3,99/un","€3,99/un"
Mangueira 15mm x 15m,,emb. 1 un,"€19,99/un","€19,99/un"
Sementes Florais Cravo do Poeta,Vita,emb. 1 un,"€1,19/un","€1,19/un"
"Vela Tapa Sol 3,6x3,6m Cru",Kasa,1 un,"€17,50/un","€17,50/un"
Sementes Hortícolas Rúcula Cultivada,Vita,emb. 1 un,"€1,19/un","€396,67/kg"
Pincel de Silicone,Delba,emb. 1 un,"€2,99/un","€2,99/un"
Cadeira de Madeira Acácia Premium,Kasa,1 un,"€45,00/un","€45,00/un"
Conjunto de Refeição Mesa e 2 Cadeiras Vidro Sagres,Kasa,1 un,"€80,00/un","€80,00/un"
Fungicida Polivalente Duaxo,Compo,emb. 750 ml,"€13,99/un","€13,99/un"
Sementes Hortícolas Pepino,Vita,emb. 1 un,"€1,19/un","€396,67/kg"
Vaso Redondo Plástico Terracota 30cm,Artevasi,emb. 1 un,"€3,29/un","€3,29/un"
Substrato Especial Orquídeas 5L,KB,emb. 1 un,"€2,99/un","€2,99/un"
Vaso Redondo Plástico Terracota 25cm,Artevasi,emb. 1 un,"€2,99/un","€2,99/un"
Isqueiros Mini Sport J25,Bic,3 un,"€3,99/un","€3,99/un"
"Candeeiro Mesa 22,5cm Branco",Grundig,emb. 1 un,"€6,91/un","€6,91/un"
Pavilhão de Montagem Fácil 3x3m,Kasa,1 un,"€90,00/un","€90,00/un"
Prato Redondo Plástico 18cm Antracite,Artevasi,emb. 1 un,"€0,79/un","€0,79/un"
Prato Redondo Plástico 18cm Terracota,Artevasi,emb. 1 un,"€0,79/un","€0,79/un"
Isqueiro Multiusos Fluo,Bic,emb. 1 un,"€3,79/un","€3,79/un"
Vaso Redondo Plástico 30cm Antracite,Artevasi,emb. 1 un,"€3,29/un","€3,29/un"
Espreguiçadeira de Madeira Acácia,Kasa,1 un,"€129,00/un","€129,00/un"
Sementes Florais Zinia Ana Mistura,Vita,emb. 1 un,"€1,19/un","€595,00/kg"
Limpa Barbecues,Pluricor,emb. 500 ml,"€1,95/un","€1,95/un"
Sementes Hortícolas Curgete (Aboborinha),Vita,emb. 1 un,"€1,19/un","€238,00/kg"
Sementes Hortícolas Tomate Roma,Vita,emb. 1 un,"€1,19/un","€1,190,00/kg"
Adubo Universal Líquido,KB,emb. 1 lt,"€5,99/un","€5,99/lt"
Embalagens Take Away 22x16x5cm,,emb. 5 un,"€1,19/un","€1,19/un"
Conjunto de Refeição Mesa e 4 Cadeiras e Guarda-sol Metal Albufeira,Kasa,1 un,"€199,00/un","€199,00/un"
Prato Redondo Plástico 22cm Antracite,Artevasi,emb. 1 un,"€1,09/un","€1,09/un"
Acendalhas Fósforo,Neolar,emb. 20 un,"€2,99/un","€2,99/un"
Luvas Jardinagem Tamanho 8,Itools,emb. 1 un,"€1,29/un","€1,29/un"
Sementes Hortícolas Cebola Valenciana,Vita,emb. 1 un,"€1,19/un","€396,67/kg"
Sementes Hortícolas Alho Francês,Vita,emb. 1 un,"€1,19/un","€396,67/kg"
Conjunto de Estar Mesa e 3 Sofás Tropea,,1 un,"€399,00/un","€399,00/un"
Insecticida Bio Pó Anti-Formigas,KB,emb. 75 gr,"€3,49/un","€46,53/kg"
Mesa de Rattan Redonda Caribe,,1 un,"€60,00/un","€60,00/un"
Sementes Florais Malvaisco Mistura,Vita,emb. 1 un,"€1,19/un","€1,190,00/kg"
Espreguiçadeira de Resina Malibu,,1 un,"€35,00/un","€35,00/un"
Sementes Hortícolas Espinafre Viroflay,Vita,emb. 1 un,"€1,19/un","€119,00/kg"
Raticida Fast Rat Cereal,KB,emb. 6 x 25 gr,"€2,49/un","€2,49/un"
Barras Fertilizantes Orquídeas,Compo,emb. 30 un,"€4,99/un","€4,99/un"
Vaso Redondo Plástico 20cm Cinza Antracite,Artevasi,emb. 1 un,"€1,99/un","€1,99/un"
Sementes Hortícolas Nabo Nancy,Vita,emb. 1 un,"€1,19/un","€297,50/kg"
Vaso Redondo Plástico Terracota 20cm,Artevasi,emb. 1 un,"€1,99/un","€1,99/un"
Vaso Redondo Barro Terracota 24cm,,emb. 1 un,"€1,29/un","€1,29/un"
Sementes Hortícolas Cenoura Nantes,Vita,emb. 1 un,"€1,19/un","€170,00/kg"
Máquina de Limpeza de Vidros,Karcher,emb. 1 un,"€44,99/un","€44,99/un"
Sementes Hortícolas Nabiças,Vita,emb. 1 un,"€1,19/un","€119,00/kg"
Aspirador Portátil 60W,Bazarão,emb. 1 un,"€7,99/un","€7,99/un"
Vaso Redondo Plástico 14cm Cinza Antracite,Artevasi,emb. 1 un,"€1,49/un","€1,49/un"
Vaso Redondo Barro Terracota 20cm,,emb. 1 un,"€0,89/un","€0,89/un"
"Casota para Cão ""Cottage"" 77x82x88 cm",Trixie,1 un,"€248,25/un","€248,25/un"
Tesoura Poda 22cm,Itools,emb. 1 un,"€12,99/un","€12,99/un"
Mini Banco Verde,,emb. 1 un,"€5,99/un","€5,99/un"
Candeeiro Exterior com Comando Cherry,New Garden,emb. 1 un,"€29,99/un","€29,99/un"
Grelha Quadriculada 25x30cm,Delba,emb. 1 un,"€4,99/un","€4,99/un"
"Casota para Cão ""Classic"" Cinza 85x85x60 cm",Trixie,1 un,"€210,71/un","€210,71/un"
Sementes Hortícolas Alface Quatro Estações,Vita,emb. 1 un,"€1,19/un","€396,67/kg"
Floreira Barro 40cm Terracota,,emb. 1 un,"€4,49/un","€4,49/un"
Isqueiros Maxi Sport J26,Bic,2 un,"€3,09/un","€3,09/un"
Base Redonda para Guarda-sol 13L,,1 un,"€7,50/un","€7,50/un"
Sementes Hortícolas Alface Atração,Vita,emb. 1 un,"€1,19/un","€396,67/kg"
Vaso Ondulado Barro 27cm Terracota,Argoncilhe,emb. 1 un,"€4,99/un","€4,99/un"
Substrato Especial Orquídeas,Oris,emb. 11 lt,"€1,99/un","€1,99/un"
Conjunto de Estar de Canto Madeira Acácia Porto,Kasa,1 un,"€450,00/un","€450,00/un"
Candeeiro Exterior de Mesa 19cm Rocket,New Garden,emb. 1 un,"€24,99/un","€24,99/un"
Motosserra 18V com Bateria,Kraftixx,emb. 1 un,"€119,99/un","€119,99/un"
Desinfetante Cloro 5 Ações,Swimpool,emb. 1 kg,"€14,99/un","€14,99/un"
Projetor Exterior LED Cinza,Ledvance,emb. 1 un,"€14,99/un","€14,99/un"
Conjunto de Estar Mesa e 3 Sofás Wicker São Francisco,Kasa,1 un,"€136,95/un","€136,95/un"
Vaso Redondo Plástico 20cm Branco,Artevasi,emb. 1 un,"€4,99/un","€4,99/un"
Sacho com Cabo,Itools,emb. 1 un,"€6,29/un","€6,29/un"
Grelhador Resistência BTG2597,Becken,emb. 1 un,"€29,99/un","€29,99/un"
Mangueira 15mm x 15m,,emb. 1 un,"€12,99/un","€12,99/un"
Vaso Redondo Plástico 12cm Transparente,Artevasi,emb. 1 un,"€1,69/un","€1,69/un"
Candeeiro Pilar Lanterna Verde,Eglo,emb. 1 un,"€13,49/un","€13,49/un"
Inseticida Líquido,Vebi,emb. 400 ml,"€4,99/un","€4,99/un"
Substrato Universal 10L,KB,emb. 1 un,"€3,49/un","€3,49/un"
Luvas Jardinagem Tamanho 9,Itools,emb. 1 un,"€1,29/un","€1,29/un"
Prato Retangular Plástico 50cm Antracite,Artevasi,emb. 1 un,"€2,29/un","€2,29/un"
Vaso Redondo Vidro Tobago 27cm Branco,,emb. 1 un,"€5,99/un","€5,99/un"
Sementes Hortícolas Couve Coração de Boi,Vita,emb. 1 un,"€1,19/un","€595,00/kg"
Floreira Plástico 50x17cm com Suporte Terracota,Artevasi,emb. 1 un,"€14,99/un","€14,99/un"
Conjunto Mangueira 19mm x 20m com Acessórios,,emb. 1 un,"€29,99/un","€29,99/un"
Enterra Guarda-sóis Verde,Kasa,1 un,"€1,90/un","€1,90/un"
"Prato Redondo Plástico 11,5cm Cinza Antracite",Artevasi,emb. 1 un,"€0,59/un","€0,59/un"
Conjunto Pilares Solares,Egolight,emb. 6 un,"€9,99/un","€9,99/un"
Insecticida Ecogel Baratas,KB,emb. 5 gr,"€6,99/un","€6,99/un"
Bola Flutuante 17cm,New Garden,emb. 1 un,"€22,91/un","€22,91/un"
Vaso Redondo Plástico 30cm Antracite,Artevasi,emb. 1 un,"€6,99/un","€6,99/un"
Bico Jardim,Itools,emb. 1 un,"€4,99/un","€4,99/un"
Luvas Jardinagem,Itools,emb. 1 un,"€3,49/un","€3,49/un"
Cadeira de Praia para Bebé Farmer (várias cores),,1 un,"€9,00/un","€9,00/un"
Cadeira de Praia Pernas Baixas Multiposições Azul e Branca,Kasa,1 un,"€35,00/un","€35,00/un"
Coxim Espreguiçadeira 55x180cm Verde Malibu,Kasa,1 un,"€20,00/un","€20,00/un"
Grelhador Resistência 4020FL,Flama,1 un,"€29,99/un","€29,99/un"
Grelha Simples 25x30cm,Delba,emb. 1 un,"€3,99/un","€3,99/un"
Corta-sebes 18V com Bateria,Kraftixx,emb. 1 un,"€84,99/un","€84,99/un"
Recarga Kit Análise Cloro e pH,Swimpool,emb. 1 un,"€4,99/un","€4,99/un"
Cadeira de Resina Branca Montana Squares,Kasa,1 un,"€30,00/un","€30,00/un"
Sementes Hortícolas Couve Bruxelas,Vita,emb. 1 un,"€1,19/un","€1,19/un"
Projetor Exterior LED Branco,Ledvance,emb. 1 un,"€14,99/un","€14,99/un"
Vaso Redondo Plástico 20cm Antracite,Artevasi,emb. 1 un,"€3,09/un","€3,09/un"
Conjunto 6 Espetos em Aço Inoxidável,Delba,emb. 1 un,"€3,49/un","€3,49/un"
Desinfetante Cloro 5 Ações,H2O,emb. 5 kg,"€44,99/un","€44,99/un"
Carrinho de Apoio Madeira Acácia,Kasa,1 un,"€60,00/un","€60,00/un"
Vaso Redondo Plástico 14cm Cinza Antracite,Artevasi,emb. 1 un,"€2,49/un","€2,49/un"
Vaso Redondo Plástico 9cm Branco,Artevasi,emb. 1 un,"€1,09/un","€1,09/un"
Floreira Plástico 60cm Terracota,Artevasi,emb. 1 un,"€4,99/un","€4,99/un"
Tenaz Brasas,Delba,emb. 1 un,"€3,99/un","€3,99/un"
Mangueira 13mm x 10m,,emb. 1 un,"€9,99/un","€9,99/un"
Sementes Hortícolas Cenoura Chantenay,Vita,emb. 1 un,"€1,19/un","€170,00/kg"
LAVADORA WINNER 2020 KARCHER,KARCHER,emb. 1 un,"€189,99/un","€189,99/un"
Mesa Extensível 150-200cm Madeira Acácia,Kasa,1 un,"€199,00/un","€199,00/un"
Grelha Simples 20x25cm,Delba,emb. 1 un,"€2,99/un","€2,99/un"
Cadeira de Resina Verde Montana Squares,Kasa,1 un,"€30,00/un","€30,00/un"
Coxim com Encosto 49x91cm Malibu,Kasa,1 un,"€14,00/un","€14,00/un"
Conjunto de Estar de Canto Dallas,Kasa,1 un,"€699,00/un","€699,00/un"
Vaso Quadrado Plástico 14cm Preto,Artevasi,emb. 1 un,"€3,29/un","€3,29/un"
Raticida Vebitox Pellet Plus,Vebi,emb. 140 gr,"€2,49/un","€2,49/un"
Aplique de Exterior Lanterna 6,Eglo,emb. 1 un,"€13,49/un","€13,49/un"
"Casota para Cão ""Cottage"" 83x87x101 cm",Trixie,1 un,"€299,30/un","€299,30/un"
Adubo Granulado Herbicida para Relva,KB,emb. 2 kg,"€15,99/un","€8,00/kg"
Vaso Redondo Plástico 15cm Verde,Artevasi,emb. 1 un,"€3,99/un","€3,99/un"
Conjunto de Estar Mesa e 2 Cadeiras Wicker Vidago,Kasa,1 un,"€249,00/un","€249,00/un"
Inseticida Bio,KB,emb. 800 ml,"€11,99/un","€11,99/un"
"Casota para Cão ""Lodge"" Cinza M e L 130x100x105 cm",Trixie,1 un,"€448,02/un","€448,02/un"
Vaso Redondo Plástico 15cm,Artevasi,emb. 1 un,"€3,99/un","€3,99/un"
Pavilhão 3x3m Deluxe,Kasa,1 un,"€199,00/un","€199,00/un"
Incrementador PH,Swimpool,emb. 1 kg,"€5,99/un","€5,99/kg"
Vaso Redondo Plástico 25cm Cinza Antracite,Artevasi,emb. 1 un,"€7,99/un","€7,99/un"
"Vaso Redondo Faiança 14,5cm Antracite",,emb. 1 un,"€4,99/un","€4,99/un"
Conjunto de Estar Mesa e 3 Sofás Alumínio Biarritz,Kasa,1 un,"€899,00/un","€899,00/un"
Piscina Estrutura 258x179x66cm,,emb. 1 un,"€99,99/un","€99,99/un"
Vaso Redondo Plástico 12cm Cinza Antracite,Artevasi,emb. 1 un,"€1,69/un","€1,69/un"
Conjunto de Estar Mesa e 2 Cadeiras Wicker Orlando,Kasa,1 un,"€299,00/un","€299,00/un"
Moluscicida Bio Lesmas e Caracóis,KB,emb. 450 gr,"€7,99/un","€7,99/un"
Vaso Redondo Plástico 25cm Cinza Antracite,Artevasi,emb. 1 un,"€4,99/un","€4,99/un"
Vaso Quadrado Plástico 14cm Branco,Artevasi,emb. 1 un,"€3,29/un","€3,29/un"
"Casota para Cão Rígida em Plástico ""Sevilha"" 67x46x42 cm",Trixie,1 un,"€62,99/un","€62,99/un"
Espreguiçadeira Cinza Future,Kasa,1 un,"€70,00/un","€70,00/un"
Luz Submersível,Egolight,emb. 1 un,"€7,99/un","€7,99/un"
Diabito com Cabo,Itools,emb. 1 un,"€6,29/un","€6,29/un"
Cadeira Dobrável Multiposições Azul e Branco,Kasa,1 un,"€45,00/un","€45,00/un"
Grelhador Resistência 422FL,Flama,1 un,"€31,99/un","€31,99/un"
Fogareiro Carvão Redondo 25cm,Delba,emb. 1 un,"€4,99/un","€4,99/un"
Adubo Bonsais e Catos Líquido,KB,emb. 250 ml,"€3,99/un","€3,99/un"
Kit Análise Cloro e pH,Swimpool,emb. 1 un,"€9,99/un","€9,99/un"
Conjunto de Estar de Canto Madeira Viana,Kasa,1 un,"€499,00/un","€499,00/un"
Sementes Hortícolas Couve Tronchuda,Vita,emb. 1 un,"€1,19/un","€119,00/kg"
"Vaso Redondo 12,5cm Branco",Artevasi,emb. 1 un,"€3,99/un","€3,99/un"
Candeeiro Exterior de Mesa 20cm Lola,New Garden,emb. 1 un,"€14,99/un","€14,99/un"
Conjunto de Estar Mesa e 2 Sofás Wicker Atlanta,Kasa,1 un,"€299,00/un","€299,00/un"
Vaso Redondo Plástico 14cm Branco,Artevasi,emb. 1 un,"€1,49/un","€1,49/un"
Piscina Estrutura Aço 300x120cm com Bomba,Swimpool,emb. 1 un,"€899,99/un","€899,99/un"
Piscina Estrutura 300x207x65cm com Bomba,,emb. 1 un,"€159,99/un","€159,99/un"
"Casota para Cão ""Classic"" Cinza 116x82x79 cm",Trixie,1 un,"€308,03/un","€308,03/un"
Piscina Estrutura 366x76cm com Bomba,Bestway,emb. 1 un,"€169,99/un","€169,99/un"
Parque de Jogos,Feber,,"€189,99/un","€189,99/un"
Cadeira com Braços Rattan Cinza,Kasa,1 un,"€45,00/un","€45,00/un"
Anti Algas,Swimpool,emb. 5 lt,"€14,99/un","€3,00/lt"
Projetor Exterior LED Preto,Aslo,emb. 1 un,"€5,59/un","€5,59/un"
Corta-relva 18V com Bateria,Kraftixx,emb. 1 un,"€149,99/un","€149,99/un"
"Casota para Cão ""Classic"" Cinza 104x72x68 cm",Trixie,1 un,"€244,56/un","€244,56/un"
"Guarda-sol com Iluminação LED e Manivela 2,7m Preto",Kasa,1 un,"€99,00/un","€99,00/un"
Floculante Líquido Clarificador,Swimpool,emb. 5 lt,"€14,99/un","€3,00/lt"
Aparador relva 18V com Bateria,Kraftixx,emb. 1 un,"€74,99/un","€74,99/un"
Projetor Exterior LED Branco,Aslo,emb. 1 un,"€6,99/un","€6,99/un"
Grelha Churrasqueira 48x29cm,Delba,emb. 1 un,"€5,99/un","€5,99/un"
"Casota para Cão ""Cottage"" 71x77x76cm",Trixie,1 un,"€211,84/un","€211,84/un"
"Casota para Cão ""Classic"" 116x82x79 cm",Trixie,1 un,"€305,76/un","€305,76/un"
Pilar Solar,Egolight,emb. 1 un,"€3,19/un","€3,19/un"
Floculantes em Saquinhos,Swimpool,emb. 125 gr (4 un),"€14,99/un","€14,99/un"
Kit Mini Piscinas,Swimpool,emb. 2 un,"€17,99/un","€17,99/un"
"Vaso Redondo 12,5cm Rosa",Artevasi,emb. 1 un,"€3,99/un","€3,99/un"
Clorador Flutuante Pastilhas,Swimpool,emb. 1 un,"€4,99/un","€4,99/un"
"Casota para Cão Rígida em Plástico ""Sevilha"" 101x73x75 cm",Trixie,1 un,"€175,99/un","€175,99/un"
"Casota para Cão Rígida em Plástico ""Sevilha"" 87x66x68cm",Trixie,1 un,"€120,99/un","€120,99/un"
"Casota para Cão ""Classic"" 104x72x68 cm",Trixie,1 un,"€242,25/un","€242,25/un"
Conjunto de Estar de Canto Steel,Kasa,1 un,"€699,00/un","€699,00/un"
Baloiço Ovo Wicker Pequim,Kasa,1 un,"€249,00/un","€249,00/un"
Grelhador de Placas 4421FL 1600W,Flama,emb. 1 un,"€39,99/un","€39,99/un"
"Casota para Cão Rígida em Plástico ""Sevilha"" 74x56x51 cm",Trixie,1 un,"€77,99/un","€77,99/un"
Baloiço de Lona Cru,Kasa,1 un,"€20,00/un","€20,00/un"
Adubo Universal Granulado,Blaukorn,emb. 1 un,"€19,99/un","€4,00/kg"
Acendalhas Brancas,Magic,emb. 32 un,"€1,79/un","€3,58/kg"
"Casota para Cão Rígida em Plástico ""Sevilha"" 112x79x79 cm",Trixie,1 un,"€219,99/un","€219,99/un"
Cadeira Preta Oslo,Kasa,1 un,"€20,00/un","€20,00/un"
Grelhador Mesa 4743FL,Flama,emb. 1 un,"€54,99/un","€54,99/un"
Vaso Redondo Canelado Faiança 17cm Bege,,emb. 1 un,"€5,59/un","€5,59/un"
Vaso Redondo Faiança 17cm Branco,,emb. 1 un,"€7,99/un","€7,99/un"
Conjunto de Refeição Mesa e 4 Cadeiras e Guarda-sol Metal Albufeira II,Kasa,1 un,"€199,00/un","€199,00/un"
Vaso Redondo Cerâmica 16cm Cinza Escuro,Artevasi,emb. 1 un,"€7,99/un","€7,99/un"
Vaso Redondo Plástico 25cm Branco,Artevasi,emb. 1 un,"€4,99/un","€4,99/un"
Vaso Capri Antracite 16cm,Artevasi,emb. 1 un,"€1,99/un","€1,99/un"
Aspirador Hidráulico MX8,Zodiac,emb. 1 un,"€499,99/un","€499,99/un"
Máquina de Eletrólise de Piscinas 10g/hora,,emb. 1 un,"€599,99/un","€599,99/un"
Vaso Redondo Faiança 14cm Preto,,emb. 1 un,"€2,79/un","€2,79/un"
Pilar Solar Recarregável Multiposições Greta,New Garden,emb. 5 un,"€19,99/un","€19,99/un"
Vaso Redondo Cerâmica 11cm Branco,Artevasi,emb. 1 un,"€3,99/un","€3,99/un"
Vaso Redondo Cerâmica 14cm Cinza Claro,Artevasi,emb. 1 un,"€5,99/un","€5,99/un"
Vassoura Elétrica K55,Karcher,emb. 1 un,"€99,99/un","€99,99/un"
Aspirador Sólidos e Líquidos MV5,Karcher,emb. 1 un,"€295,08/un","€295,08/un"
Baloiço de Lona Venezuela,Kasa,1 un,"€25,00/un","€25,00/un"
Piscina Insuflável 150x41cm,,emb. 1 un,"€24,99/un","€24,99/un"
Guarda-sol de Praia 180cm Limões Odemira,Kasa,1 un,"€15,00/un","€15,00/un"
Bomba de Calor de Piscina 9KW,Fairland,emb. 1 un,"€1,999,99/un","€1,999,99/un"
Vaso Redondo Cerâmica 20cm Branco,Artevasi,emb. 1 un,"€14,99/un","€14,99/un"
Vaso Redondo Plástico 14cm Branco,Artevasi,emb. 1 un,"€2,49/un","€2,49/un"
Caixa de Compostagem 220L,,emb. 1 un,"€39,99/un","€39,99/un"
"Abraçadeiras Ajustáveis 11,5cm",,emb. 1 un,"€2,99/un","€2,99/un"
Máquina Limpa Vidros WV5 Premium,Karcher,emb. 1 un,"€114,99/un","€114,99/un"
Pá de Transplatar Plantas 28cm,Itools,emb. 1 un,"€4,99/un","€4,99/un"
Barbecue Carvão Retangular Argentina 70x45cm,,emb. 1 un,"€199,99/un","€199,99/un"
Duche de Exterior Solar 32L,Swimpool,emb. 1 un,"€399,99/un","€399,99/un"
Vaso Redondo Faiança 14cm Branco,,emb. 1 un,"€2,79/un","€2,79/un"
Vaso Redondo Fainça 16cm Branco,,emb. 1 un,"€7,99/un","€7,99/un"
Conjunto de Estar Mesa e 2 Cadeiras Madeira Acácia Cinza,Kasa,1 un,"€129,00/un","€129,00/un"
Vaso Redondo Plástico 20cm Branco,Artevasi,emb. 1 un,"€6,99/un","€6,99/un"
"Prato Redondo Plástico 11,5cm Branco",Artevasi,emb. 1 un,"€0,59/un","€0,59/un"
Adubo Líquido para Orquídeas,Kb,emb. 250 ml,"€4,49/un","€17,96/lt"
Luvas de Jardinagem,Itools,emb. 1 un,"€1,79/un","€1,79/un"
Vaso Redondo de Plástico Branco 20 cm,Artevasi,emb. 1 un,"€3,09/un","€3,09/un"
Vaso Redondo Faiança 14cm Rosa,,emb. 1 un,"€3,99/un","€3,99/un"
Conjunto de Refeição Mesa e 4 Cadeiras Metal Viseu,Kasa,1 un,"€159,00/un","€159,00/un"
Aspirador de Sólidos e Líquidos KWD 1,Karcher,emb. 1 un,"€49,99/un","€49,99/un"
Aspirador Sólidos e Líquidos WD 4 Car,Karcher,emb. 1 un,"€159,99/un","€159,99/un"
Prato Redondo 14cm Bege,Artevasi,emb. 1 un,"€3,99/un","€3,99/un"
Prato Redondo Branco Neve 14cm,Artevasi,emb. 1 un,"€3,99/un","€3,99/un"
"Tira de Iluminação Solar LED 6,4m (várias cores)",Grundig,emb. 1 un,"€11,99/un","€11,99/un"
Corta-relva Elétrico 1000W,Bazarão,emb. 1 un,"€59,99/un","€59,99/un"
Vaso Redondo Faiança 24cm Branco,,emb. 1 un,"€14,99/un","€14,99/un"
Vaso Redondo Faiança 17cm Preto,,emb. 1 un,"€7,99/un","€7,99/un"
"Projetor Solar de Parede 11,5x8x4cm",Grundig,emb. 1 un,"€6,39/un","€6,39/un"
Termómetro de Janela,,emb. 1 un,"€4,99/un","€4,99/un"
Máquina Limpeza Vapor SC 2600 C,Karcher,emb. 1 un,"€399,99/un","€399,99/un"
Fertelizante Orgânico ECO,,emb. 1250 ml,"€6,99/un","€6,99/un"
Pérgola 3x3m Branca,Kasa,1 un,"€299,00/un","€299,00/un"
Piscina Insuflável 396x84cm com bomba,,emb. 1 un,"€149,99/un","€149,99/un"
Célula de Eletrólise 10g/hora,,emb. 1 un,"€299,99/un","€299,99/un"
Carvão Vegetal Briquetes 4kg,Weber,emb. 1 un,"€9,99/un","€9,99/un"
Vaso Redondo Faiança 16cm Cinza,,emb. 1 un,"€7,99/un","€7,99/un"
Vaso Redondo Cerâmica 20cm Cinza Escuro,Artevasi,emb. 1 un,"€14,99/un","€14,99/un"
Máquina Limpeza Pavimentos FC 5,Karcher,emb. 1 un,"€290,08/un","€290,08/un"
Lavadora Alta Pressão K 4 Eco Silent,Karcher,emb. 1 un,"€309,99/un","€309,99/un"
Máquina Limpeza Vapor SC 1030,Karcher,emb. 1 un,"€209,99/un","€209,99/un"
Tesoura de Vindima Direita 19cm,Itools,emb. 1 un,"€6,29/un","€6,29/un"
Floreira Plástico Évora Branco 30cm,Artevasi,emb. 1 un,"€5,99/un","€5,99/un"
Guarda-sol de Praia UV 200cm Quadrados Rosa Odemira,Kasa,1 un,"€20,00/un","€20,00/un"
Guarda-sol de Praia UV 180cm Riscas Vermelhas Comporta,Kasa,1 un,"€15,00/un","€15,00/un"
Vao Redondo Plástico 20cm Castanho,Artevasi,emb. 1 un,"€6,99/un","€6,99/un"
"Arame Verde 40mx0,7mm",,emb. 1 un,"€4,99/un","€4,99/un"
Inseticida Ação Total 200ml,Compo,emb. 1 un,"€6,99/un","€6,99/un"
Barbecue Carvão Redondo 47cm com Rodas e Tampa,Weber,emb. 1 un,"€119,99/un","€119,99/un"
Piscina Estrutura 420x84cm com Bomba,Avenli,emb. 1 un,"€249,99/un","€249,99/un"
Desinfetante Cloro 5 Ações,Swimpool,emb. 5 kg,"€49,99/un","€10,00/kg"
Tesoura Corta Sebes Niquelada 25cm,Itools,emb. 1 un,"€24,99/un","€24,99/un"
Guarda-sol de Praia 180cm Melancia Odemira,Kasa,1 un,"€15,00/un","€15,00/un"
Adubo em Barra Plantas Verdes,KB,emb. 40 un,"€3,99/un","€3,99/un"
Desinfetante Cloro 10 Ações,Swimpool,emb. 5 kg,"€59,99/un","€59,99/un"
Guarda-sol de Praia UV 180cm Riscas Azuis Comporta,Kasa,1 un,"€15,00/un","€15,00/un"
Duche de Exterior Solar 18L,Swimpool,emb. 1 un,"€159,99/un","€159,99/un"
Fita para Moscas,,emb. 6 un,"€2,99/un","€2,99/un"
Vaso Quadrado Plástico 20cm Branco,,emb. 1 un,"€6,49/un","€6,49/un"
Vaso Redondo Faiança 14cm Cinza,,emb. 1 un,"€3,49/un","€3,49/un"
Espreguiçadeira de Alumínio Castanha Toledo,Kasa,1 un,"€129,00/un","€129,00/un"
Substrato Hummus de Minhoca,,emb. 3 lts,"€2,99/un","€2,99/un"
Vaso Redondo Cerâmica 14cm Cinza Escuro,Artevasi,emb. 1 un,"€5,99/un","€5,99/un"
Prato Redondo Plástico 20cm Cinza,Artevasi,emb. 1 un,"€6,99/un","€6,99/un"
Adubo Líquido Plantas Verdes,Compo,emb. 1000 ml + 300 ml,"€7,99/un","€7,99/lt"
Bico Jardim para Vasos,Itools,emb. 1 un,"€4,99/un","€4,99/un"
Carvão Vegetal Especial 3kg,Continente,,"€4,99/un","€4,99/un"
Vaso 9cm ANTRACITE,Artevasi,emb. 1 un,"€1,09/un","€1,09/un"
Cadeira com Braços Madeira Acácia Premium,Kasa,1 un,"€50,00/un","€50,00/un"
Lavadora K 5 Full Control,Karcher,emb. 1 un,"€419,99/un","€419,99/un"
Barbecue Carvão Retangular,,emb. 1 un,"€11,99/un","€11,99/un"
Piscina Insuflável 300x76cm com bomba,,emb. 1 un,"€69,99/un","€69,99/un"
Kit de Cultivo Fácil Kids,,emb. 1 un,"€9,99/un","€9,99/un"
Vaso Redondo Faiança 15cm Branco,,emb. 1 un,"€5,99/un","€5,99/un"
Vaso Redondo Faiança 14cm Verde,,emb. 1 un,"€2,79/un","€2,79/un"
Kit Biodegradável de Cultivo Pepino Verde,Grow Me,emb. 1 un,"€2,99/un","€2,99/un"
Máquina Limpeza Vidros WV50 Plus,Karcher,emb. 1 un,"€89,99/un","€89,99/un"
Grelhador Elétrico 1500W,Bazarão,emb. 1 un,"€24,99/un","€24,99/un"
Guarda-sol de Praia 180cm Plantas Amarelas Odemira,Kasa,1 un,"€15,00/un","€15,00/un"
Guarda-sol de Praia UV 200cm Quadrados Azul Odemira,Kasa,1 un,"€20,00/un","€20,00/un"
Piscina Estrutura Aço 460x120cm,Swimpool,emb. 1 un,"€1,149,99/un","€1,149,99/un"
Vaso Quadrado Plástico 20cm Preto,,emb. 1 un,"€6,49/un","€6,49/un"
Conjunto de Estar Mesa e 2 Cadeiras Bege,Kasa,1 un,"€179,00/un","€179,00/un"
Conjunto de Refeição Mesa e 6 Cadeiras Madeira Acácia Lisboa,Kasa,1 un,"€299,00/un","€299,00/un"
Candeeiro Bola 40cm Buly,New Garden,emb. 1 un,"€44,99/un","€44,99/un"
Vaso Redondo Cerâmica 11cm Cinza Claro,Artevasi,emb. 1 un,"€3,99/un","€3,99/un"
Vaso Redondo Plástico 16cm Branco,Artevasi,emb. 1 un,"€1,99/un","€1,99/un"
Kit Abertura de Piscinas,Swimpool,emb. 6 kg,"€44,99/un","€44,99/un"
Mangueira Flutuante 6m,Swimpool,emb. 1 un,"€24,99/un","€24,99/un"
Sacho Pequeno,Itools,emb. 1 un,"€4,99/un","€4,99/un"
Adubo Líquido Universal,Compo,emb. 1 lt + 300 ml,"€7,99/un","€7,99/lt"
Conjunto de Estar Mesa e 2 Sofás Wicker Atlanta,Kasa,1 un,"€299,00/un","€299,00/un"
Inseticida Tripla Ação,Compo,emb. 750 ml,"€14,99/un","€14,99/un"
Piscina Estrutura 427x275x100cm com Bomba,,emb. 1 un,"€579,99/un","€579,99/un"
Bomba de Calor de Piscina 7KW,Fairland,emb. 1 un,"€1,499,99/un","€1,499,99/un"
Termómetro Piscina com Figuras,Swimpool,emb. 1 un,"€5,49/un","€5,49/un"
Guarda-sol de Praia 180cm Plantas Verdes Odemira,Kasa,1 un,"€15,00/un","€15,00/un"
Vaso Redondo Faiança 24cm Cinza,,emb. 1 un,"€14,99/un","€14,99/un"
Vaso Redondo Faiança 15cm Cinza,,emb. 1 un,"€5,99/un","€5,99/un"
Vaso Redondo Cerâmica 11cm Cinza Escuro,Artevasi,emb. 1 un,"€3,99/un","€3,99/un"
Vaso Redondo Plástico 25cm Branco,Artevasi,emb. 1 un,"€7,99/un","€7,99/un"
Vaso Redondo Plástico 20cm Cinza,Artevasi,emb. 1 un,"€6,99/un","€6,99/un"
"Arame para Amarrar 11,5cm",The Garden People,emb. 50 un,"€3,49/un","€3,49/un"
SOS Piscinas,Swimpool,emb. 1 kg,"€14,99/un","€14,99/un"
Piscina Estrutura 360x76cm com Bomba,,emb. 1 un,"€159,99/un","€159,99/un"
Piscina Insuflável 150x41cm,,emb. 1 un,"€24,99/un","€24,99/un"
Filtro e Bomba 6000L/hora,Swimpool,emb. 1 un,"€239,99/un","€239,99/un"
Prato Retangular Plástico 20cm Terracota,,emb. 1 un,"€2,29/un","€2,29/un"
Vaso Redondo Faiança 14cm Verde,,emb. 1 un,"€2,79/un","€2,79/un"
Vaso Redondo Plástico 14cm Transparente,Artevasi,emb. 1 un,"€2,49/un","€2,49/un"
Conjunto de Estar Mesa e 3 Sofás Toledo,Kasa,1 un,"€799,00/un","€799,00/un"
Filtro e Bomba 8500L/hora,Swimpool,emb. 1 un,"€399,99/un","€399,99/un"
Piscina Estrutura Aço 360x120cm com Bomba,Swimpool,emb. 1 un,"€949,99/un","€949,99/un"
Vaso Redondo Faiança 14cm Verde,,emb. 1 un,"€3,99/un","€3,99/un"
"Pá de Transplatar Plantas 9,5cm",Itools,emb. 1 un,"€6,29/un","€6,29/un"
Guarda-sol de Madeira com Manivela 3m Cinza,Kasa,1 un,"€50,00/un","€50,00/un"
Raticida em Pasta,Liscampo,emb. 120 gr,"€2,99/un","€2,99/un"
Aparador de Relva e Sebes Elétrico 4V,Bazarão,emb. 1 un,"€29,99/un","€29,99/un"
Mesa Dobrável Madeira Acácia Butterfly,Kasa,1 un,"€119,00/un","€119,00/un"
Floreira Auto-Irrigação Branco 51cm,Artevasi,emb. 1 un,"€18,99/un","€18,99/un"
Floreira Auto-Irrigação Antracite 51cm,Artevasi,emb. 1 un,"€18,99/un","€18,99/un"
Piscina Insuflável 240x63cm,Avenli,emb. 1 un,"€39,99/un","€39,99/un"
Saco de Pellets,,emb. 15 kg,"€10,99/un","€10,99/un"
Guarda-sol de Praia UV 180cm Riscas Amarelas Comporta,Kasa,1 un,"€15,00/un","€15,00/un"
Mini Bomba de Calor de Piscina 5 a 15m³,Fairland,emb. 1 un,"€649,99/un","€649,99/un"
Duche de Exterior Solar 20L,Swimpool,emb. 1 un,"€199,99/un","€199,99/un"
Candeeiro de Pé Solar Exterior Paquita 215cm,New Garden,emb. 1 un,"€223,99/un","€223,99/un"
Candeeiro Exterior de Pé 140cm Chloe,New Garden,emb. 1 un,"€109,99/un","€109,99/un"
Vaso Redondo Cerâmica 20cm Cinza Claro,Artevasi,emb. 1 un,"€14,99/un","€14,99/un"
Desinfetante Cloro 5 Ações,H2O,emb. 4 kg,"€39,99/un","€39,99/un"
Lavadora Alta Pressão K 4 Premium,Karcher,emb. 1 un,"€369,99/un","€369,99/un"
Lavadora Alta Pressão Pro HD 600,Karcher,emb. 1 un,"€750,00/un","€750,00/un"
Prato Redondo Branco 22cm,Artevasi,emb. 1 un,"€1,09/un","€1,09/un"
Medidor de Tensão de Pulso com LCD,Bazarão,emb. 1 un,"€14,99/un","€14,99/un"
Máquina de Cavitação Portátil,Bazarão,emb. 1 un,"€24,99/un","€24,99/un"
Gamepad,Bazarão,emb. 1 un,"€19,99/un","€19,99/un"
Escova Facial de Silicone,Bazarão,emb. 1 un,"€12,99/un","€12,99/un"
Conjunto Secador de Cabelo e Escova,Bazarão,emb. 1 un,"€15,99/un","€15,99/un"
Relógio Smart Fitness Bluetooth,Bazarão,emb. 1 un,"€14,99/un","€14,99/un"
Conjunto de Secador de Cabelo e Alisador,Bazarão,emb. 1 un,"€24,99/un","€24,99/un"
Auriculares sem Fios,Bazarão,emb. 1 un,"€14,99/un","€14,99/un"
Aspirador Portátil 60W,Bazarão,emb. 1 un,"€7,99/un","€7,99/un"
Colunas sem Fios,Bazarão,emb. 2 un,"€8,00/un","€8,00/un"
Auriculares sem Fios e Coluna sem Fios,Bazarão,emb. 1 un,"€20,00/un","€20,00/un"
Carregador Carro Sem Fios,Bazarão,emb. 1 un,"€9,99/un","€9,99/un"
"Relógio Fitness Preto USB 3,7V",Bazarão,emb. 1 un,"€14,99/un","€14,99/un"
Auriculares sem Fios,Bazarão,emb. 1 un,"€14,99/un","€14,99/un"
Auscultadores e Coluna sem Fios,Bazarão,emb. 1 un,"€20,00/un","€20,00/un"
Máquina de Miniwaffles 550W,Bazarão,emb. 1 un,"€16,99/un","€16,99/un"
Auriculares sem Fios,Bazarão,emb. 1 un,"€14,99/un","€14,99/un"
Compressor com Lanterna,Bazarão,emb. 1 un,"€9,99/un","€9,99/un"
Purificador de Ar 30W,Bazarão,emb. 1 un,"€59,99/un","€59,99/un"
Anel de Luz LED com Suporte para Telemóvel,Bazarão,emb. 1 un,"€12,99/un","€12,99/un"
Máquina Pedicure 4 em 1,Bazarão,emb. 1 un,"€12,99/un","€12,99/un"
Conjunto Teclado e Rato,Bazarão,emb. 1 un,"€9,99/un","€9,99/un"
Depiladora Corporal com Cabo Extensível,Bazarão,emb. 1 un,"€8,99/un","€8,99/un"
Auriculares sem Fios Bluetooth (várias cores),Bazarão,emb. 1 un,"€14,99/un","€14,99/un"
Auriculares de Desporto sem Fios Pretos,Bazarão,emb. 1 un,"€5,99/un","€5,99/un"
Auriculares e Coluna sem fios,Bazarão,emb. 1 un,"€15,00/un","€15,00/un"
Conjunto de Fitness com 4 Acessórios,Bazarão,emb. 1 un,"€17,99/un","€17,99/un"
Suporte Magnético para Telemóvel Inspiration,Bazarão,emb. 1 un,"€5,00/un","€5,00/un"
Auriculares sem Fios Bluetooth 5.0,Bazarão,emb. 1 un,"€14,99/un","€14,99/un"
Relógio Smartwatch e Auriculares sem Fios,Bazarão,emb. 1 un,"€25,00/un","€25,00/un"
Lanterna Decorativa a Pilhas,Bazarão,emb. 1 un,"€7,99/un","€7,99/un"
Coluna sem Fios,Bazarão,emb. 1 un,"€17,99/un","€17,99/un"
Candeeiro Madeira Branco,Bazarão,emb. 1 un,"€9,99/un","€9,99/un"
Caixa de Organização 70L Cinza,Bazarão,,"€3,00/un","€3,00/un"
Escova Facial de Silicone,Bazarão,emb. 1 un,"€9,99/un","€9,99/un"
Carregador Duplo sem Fios Preto,Bazarão,emb. 1 un,"€12,99/un","€12,99/un"
Conjunto 5 Tampas em Silicone de Cozinha,Bazarão,emb. 1 un,"€7,99/un","€7,99/un"
Máquina de Barbear 3W,Bazarão,emb. 1 un,"€19,99/un","€19,99/un"
Coluna sem Fios 3W,Bazarão,emb. 1 un,"€9,99/un","€9,99/un"
Auscultadores com Fios e Microfone Preto,Bazarão,emb. 1 un,"€7,99/un","€7,99/un"
Coluna Bluetooth,Bazarão,emb. 1 un,"€17,99/un","€17,99/un"
Máquina de Barbear,Bazarão,emb. 1 un,"€19,99/un","€19,99/un"
Porta Rolos para Papel de Alumínio 32cm (várias cores),Bazarão,emb. 1 un,"€3,00/un","€3,00/un"
Auscultadores de Gaming,Bazarão,emb. 1 un,"€12,99/un","€12,99/un"
"Alicate Furador 6 em 1 Furos 2-4,5mm",Bazarão,emb. 1 un,"€4,00/un","€4,00/un"
Auscultadores com Fios e Microfone Branco,Bazarão,emb. 1 un,"€9,99/un","€9,99/un"
Anel de Suporte para Telemóvel Inspiration (várias cores),Bazarão,emb. 1 un,"€3,00/un","€3,00/un"
Aparador Cabelo com Acessórios,Bazarão,emb. 1 un,"€17,99/un","€17,99/un"
Balança WC Digital de Madeira,Bazarão,emb. 1 un,"€9,99/un","€9,99/un"
Auriculares com Microfone com Fios,Bazarão,emb. 1 un,"€5,99/un","€5,99/un"
Auscultadores com Fio e Microfone Preto,Bazarão,emb. 1 un,"€5,99/un","€5,99/un"
Powerbank 10000mAh Preta,Bazarão,emb. 1 un,"€19,90/un","€19,90/un"
Aparador de Cabelo com Acessórios,Bazarão,emb. 1 un,"€17,99/un","€17,99/un"
Auriculares Sem Fio e Arm Band,Bazarão,emb. 1 un,"€12,99/un","€12,99/un"
Ferramenta Multifunções Universal,Bazarão,emb. 1 un,"€12,99/un","€12,99/un"
"Conjunto Teclado, Auscultador, Rato e Tapete",Bazarão,emb. 1 un,"€17,99/un","€17,99/un"
Óculos de Proteção,Bazarão,emb. 1 un,"€2,50/un","€2,50/un"
Meias para Artrite,Bazarão,emb. 1 un,"€5,00/un","€5,00/un"
Aparador de Cabelo All In One,Bazarão,emb. 1 un,"€14,99/un","€14,99/un"
Cesto de Lavandaria Basquetebol,Bazarão,emb. 1 un,"€10,00/un","€10,00/un"
Conjunto 3 Peças para Carregamento,Bazarão,emb. 1 un,"€9,99/un","€9,99/un"
Trela para Animal 120cm (várias cores),Bazarão,emb. 1 un,"€6,99/un","€6,99/un"
Cinta de Aquecimento,Bazarão,emb. 1 un,"€19,99/un","€19,99/un"
T-shirt Poliéster,Bazarão,emb. 1 un,"€5,90/un","€5,90/un"
Coluna sem Fios 6W,Bazarão,emb. 1 un,"€17,99/un","€17,99/un"
Conjunto 4 Caixas de Ferramentas,Bazarão,emb. 1 un,"€14,99/un","€14,99/un"
Caixa Organização com 2 Prateleiras 25L (várias cores),Bazarão,emb. 1 un,"€4,00/un","€4,00/un"
Cabides Multifunções,Bazarão,emb. 5 un,"€4,00/un","€4,00/un"
Caixa Organização com Abertura Lateral 60L Cinza,Bazarão,emb. 1 un,"€5,00/un","€5,00/un"
Ferramenta Multifunções,Bazarão,emb. 1 un,"€9,99/un","€9,99/un"
Organizador com 2 Gavetas 11L,Bazarão,emb. 1 un,"€4,00/un","€4,00/un"
Forno Preto 1280W,Bazarão,emb. 1 un,"€49,99/un","€49,99/un"
"Luzes de Decoração 31,5x22x27,5cm (várias cores)",Bazarão,emb. 1 un,"€5,00/un","€5,00/un"
Caixa de Organização 17L Cinza,Bazarão,,"€3,00/un","€3,00/un"
Caixa de Organização com Saco de Vácuo,Bazarão,emb. 1 un,"€5,99/un","€5,99/un"
Mola para Sacos Alimentos,Bazarão,emb. 1 un,"€2,00/un","€2,00/un"
Conjunto de 4 Caixas Hérmeticas,Bazarão,emb. 4 un,"€5,00/un","€5,00/un"
Extensão com 4 Entradas 10m,Bazarão,emb. 1 un,"€14,99/un","€14,99/un"
Guarda-jóias PVC Preto e Bege,Bazarão,emb. 1 un,"€14,99/un","€14,99/un"
Coluna sem Fios 3W,Bazarão,emb. 1 un,"€9,90/un","€9,90/un"
Projetor Portátil USB 24W 400-600 Lumens,Bazarão,emb. 1 un,"€69,99/un","€69,99/un"
Garrafa com Tampa e Pega 620ml (várias cores),Bazarão,emb. 1 un,"€3,00/un","€3,00/un"
Escadote de 2 Andares,Bazarão,emb. 1 un,"€21,99/un","€21,99/un"
Conjunto de 2 Pegas 2 Bases Silicone Cinza e Azul,Bazarão,emb. 1 un,"€5,00/un","€5,00/un"
Auscultadores com Fios e Microfone,Bazarão,emb. 1 un,"€9,99/un","€9,99/un"
Lareira Elétrica LED 2000W,Bazarão,emb. 1 un,"€49,99/un","€49,99/un"
"Bule para Chá Infusão 0,9L",Bazarão,emb. 1 un,"€4,00/un","€4,00/un"
Conjunto de 4 Caixas Organização,Bazarão,emb. 1 un,"€7,99/un","€7,99/un"
Candeeiro LED Círculo,Bazarão,emb. 1 un,"€19,99/un","€19,99/un"
Balança WC Digital Preta,Bazarão,emb. 1 un,"€14,99/un","€14,99/un"
Conjunto de 6 Cruzetas,Bazarão,emb. 6 un,"€3,00/un","€3,00/un"
Conjunto 3 Tábuas Cozinha Antiderrapantes,Bazarão,emb. 1 un,"€9,99/un","€9,99/un"
Máquina de Polir 100W,Bazarão,emb. 1 un,"€24,99/un","€24,99/un"
Ferro de Engomar 2400W,Bazarão,emb. 1 un,"€15,99/un","€15,99/un"
Collants de Compressão Bege,Bazarão,emb. 1 un,"€6,99/un","€6,99/un"
Corta-relva Elétrico 1000W,Bazarão,emb. 1 un,"€59,99/un","€59,99/un"
Escorredor Alimentos Extensível Cinza,Bazarão,emb. 1 un,"€7,99/un","€7,99/un"
Moldura Natura 17x22cm,Bazarão,emb. 1 un,"€3,00/un","€3,00/un"
Jarro Elétrico Preto 1.7L,Bazarão,emb. 1 un,"€12,99/un","€12,99/un"
Caixa de Organização com 2 Prateleiras,Bazarão,emb. 1 un,"€6,00/un","€6,00/un"
Suporte Carro para Telemóvel,Bazarão,emb. 1 un,"€3,00/un","€3,00/un"
Conjunto de Limpeza com 3 Acessórios,Bazarão,emb. 1 un,"€3,00/un","€3,00/un"
Conjunto de Gaming 4 em 1,Bazarão,emb. 1 un,"€24,99/un","€24,99/un"
Carrinho Apoio com Rodas e 2 Prateleiras,Bazarão,emb. 1 un,"€19,90/un","€19,90/un"
Mala de Transporte Animais,Bazarão,emb. 1 un,"€19,99/un","€19,99/un"
Top Adelgaçante Cinza (vários tamanhos),Bazarão,emb. 1 un,"€5,00/un","€5,00/un"
Conjunto de 8 Tapetes Coloridos,Bazarão,emb. 8 un,"€16,99/un","€16,99/un"
Recipiente para Cozinhar a Vapor,Bazarão,emb. 1 un,"€5,99/un","€5,99/un"
Depiladora Corporal,Bazarão,emb. 1 un,"€12,99/un","€12,99/un"
Caixas Herméticas em Vidro,Bazarão,emb. 2 un,"€7,99/un","€7,99/un"
Cabide para Calças 5 em 1,Bazarão,emb. 1 un,"€4,00/un","€4,00/un"
Aspirador Sem Saco,Bazarão,emb. 1 un,"€34,99/un","€34,99/un"
Aspirador com Saco,Bazarão,emb. 1 un,"€39,99/un","€39,99/un"
Tabuleiro de Arrumação 5 Divisórias,Bazarão,emb. 1 un,"€9,99/un","€9,99/un"
Top Adelgaçante Verde (vários tamanhos),Bazarão,emb. 1 un,"€5,00/un","€5,00/un"
Coluna Bluetooth 5.0 USB 3W,Bazarão,emb. 1 un,"€12,99/un","€12,99/un"
Desumificador e Ambientador para Carro (várias fragrâncias),Bazarão,emb. 1 un,"€2,50/un","€2,50/un"
Foco de Luz com Tripé e Comando para Smartphone,Bazarão,emb. 1 un,"€14,99/un","€14,99/un"
Cortador de Legumes,Bazarão,emb. 1 un,"€12,99/un","€12,99/un"
Termómetro Digital para Alimentos,Bazarão,emb. 1 un,"€3,00/un","€3,00/un"
Coluna sem Fios Bluetooth 5.0 5W,Bazarão,emb. 1 un,"€12,99/un","€12,99/un"
Auriculares com Fios e Coluna sem Fios (várias cores),Bazarão,emb. 1 un,"€10,00/un","€10,00/un"
Auscultadores e Coluna sem Fios (várias cores),Bazarão,emb. 1 un,"€20,00/un","€20,00/un"
Câmara de Ação,Bazarão,emb. 1 un,"€24,99/un","€24,99/un"
"Suporte para Monitor 60x30x8,5cm",Bazarão,emb. 1 un,"€19,99/un","€19,99/un"
Conjunto de Difusor e 15 Peças,Bazarão,emb. 1 un,"€9,99/un","€9,99/un"
Guarda-chuva Invertido Preto,Bazarão,emb. 1 un,"€7,90/un","€7,90/un"
Molduras Brancas,Bazarão,emb. 2 un,"€4,00/un","€4,00/un"
Aquecedor Térmico 425W,Bazarão,emb. 1 un,"€39,99/un","€39,99/un"
Relógio Criança (várias cores),Bazarão,emb. 1 un,"€14,99/un","€14,99/un"
Varão Extensível Multiusos 70-120cm,Bazarão,emb. 1 un,"€7,99/un","€7,99/un"
"Organizador Modular 34,5x30x25cm",Bazarão,emb. 1 un,"€5,00/un","€5,00/un"
Auriculares e Coluna sem Fios (várias cores),Bazarão,emb. 1 un,"€20,00/un","€20,00/un"
Grelhador Elétrico 1500W,Bazarão,emb. 1 un,"€24,99/un","€24,99/un"
Dispensador de Sabonete com Sensor,Bazarão,emb. 1 un,"€12,99/un","€12,99/un"
Dispensador de Lixo,Bazarão,emb. 1 un,"€3,00/un","€3,00/un"
Caixa Organização 9 Divisórias 9L Azul,Bazarão,emb. 1 un,"€3,00/un","€3,00/un"
Suporte para Cabos,Bazarão,emb. 1 un,"€2,00/un","€2,00/un"
Guarda-Chuva (várias cores),Bazarão,emb. 1 un,"€3,00/un","€3,00/un"
Caixa de Ferramentas com 26 Peças,Bazarão,emb. 1 un,"€9,99/un","€9,99/un"
Caixa de Organização com 9 Divisórias,Bazarão,emb. 1 un,"€4,00/un","€4,00/un"
Base de Computador com Ventoinha e Luz LED,Bazarão,emb. 1 un,"€9,99/un","€9,99/un"
Conjunto de Corte de 4 Peças com Tábua,Bazarão,emb. 1 un,"€5,00/un","€5,00/un"
Mini Picadora 150W Azul,Bazarão,emb. 1 un,"€15,99/un","€15,99/un"
Caixa Organização 2 Prateleiras 25L Azul,Bazarão,emb. 1 un,"€4,00/un","€4,00/un"
Organizador de Gaveta para Talheres,Bazarão,emb. 1 un,"€6,00/un","€6,00/un"
Smart Fitness,Bazarão,emb. 1 un,"€17,99/un","€17,99/un"
Batente para Porta,Bazarão,emb. 1 un,"€3,00/un","€3,00/un"
Escorredor de Salada 5L (várias cores),Bazarão,emb. 1 un,"€5,99/un","€5,99/un"
Auscultadores Gaming com Fios,Bazarão,emb. 1 un,"€14,99/un","€14,99/un"
Estimulador Muscular para Costas e Glúteos,Bazarão,emb. 1 un,"€7,99/un","€7,99/un"
Auriculares sem Fios Bluetooth 5.0 (várias cores),Bazarão,emb. 1 un,"€14,99/un","€14,99/un"
Tampa de Vidro e Silicone,Bazarão,emb. 1 un,"€5,00/un","€5,00/un"
Estendal Varanda com 29 Molas,Bazarão,emb. 1 un,"€7,99/un","€7,99/un"
Aparador de Relva e Sebes Elétrico 4V,Bazarão,emb. 1 un,"€29,99/un","€29,99/un"
Auscultadores sem Fios (várias cores),Bazarão,emb. 1 un,"€14,99/un","€14,99/un"
Removedor de Pontos Negros a Vácuo,Bazarão,emb. 1 un,"€9,99/un","€9,99/un"
Aparador Multifunções,Bazarão,emb. 1 un,"€6,99/un","€6,99/un"
Coluna sem Fios 3W,Bazarão,emb. 1 un,"€7,99/un","€7,99/un"
Capa Auto para Volante Preta,Bazarão,emb. 1 un,"€5,00/un","€5,00/un"
Lanterna Decorativa 12x12x15cm,Bazarão,emb. 1 un,"€5,99/un","€5,99/un"
Conjunto 2 Organizadores para Frigorifico,Bazarão,emb. 2 un,"€4,00/un","€4,00/un"
Guarda-Chuva,Bazarão,emb. 1 un,"€5,00/un","€5,00/un"
Ração para Cão Croquetes Pack Poupança,Continente,emb. 15 kg,"€13,99/un","€0,93/kg"
Ração para Cão Adulto,Mypet,emb. 20 Kg,"€14,99/un","€0,75/kg"
Sacos Higiénicos para Cão,Continente,emb. 4 x 15 un,"€1,49/un","€0,02/un"
Ração para Cão Adulto Maxi Frango e Arroz,Affinity Advance,emb. 14 kg,"€49,99/un","€3,57/kg"
Comida Húmida para Cão Adulto Patê Frango Terrina,Continente,emb. 300 gr,"€0,79/un","€2,63/kg"
Comida Húmida para Cão Adulto Patê Borrego,Continente,emb. 300 gr,"€0,79/un","€2,63/kg"
Tapete Educação para Cão 60 x 45 cm,Continente,emb. 12 un,"€7,99/un","€7,99/un"
Comida Húmida para Cão Adulto Patê Pato Terrina,Continente,emb. 300 gr,"€0,79/un","€2,63/kg"
Comida Húmida para Cão Adulto Patê Vaca Terrina,Continente,emb. 300 gr,"€0,79/un","€2,63/kg"
Snack para Cão Adulto Dentastix,Pedigree,emb. 880 gr (56 un),"€27,49/un","€31,24/kg"
"Casota para Cão ""Cottage"" 96x104x112 cm",Trixie,1 un,"€379,37/un","€379,37/un"
"Ração para Cão Adulto Sopa Frango, Ervilhas e Cereais",Continente,emb. 20 kg,"€24,99/un","€1,25/kg"
Snack para Cão Adulto Mix Biscoitos Pack Poupança,Continente,emb. 1 kg,"€3,09/un","€3,09/kg"
Sofá para Cão/Gato Impermeável Xtreme Castanho L,Luben,1 un,"€110,99/un","€110,99/un"
Biscoito para Cão Biscrok,Pedigree,emb. 500 gr,"€3,75/un","€7,50/kg"
Comida Húmida para Cão Adulto Aves,É Continente,emb. 300 gr,"€0,75/un","€2,50/kg"
Ração para Cão Adulto Sensitive Salmão e Arroz,Affinity Advance,emb. 12 kg,"€54,99/un","€4,58/kg"
Transportadora para Cão/Gato Panzer 50x31x33 cm,Mimau,1 un,"€14,19/un","€14,19/un"
Snack para Cão Júnior Mini Biscoito,Continente,emb. 400 gr,"€2,29/un","€5,73/kg"
Ração para Cão Adulto Sensitive Salmão,Purina Dog Chow,emb. 14 kg,"€29,95/un","€2,14/kg"
Ração para Cão Júnior Mini Croquetes Frango e Arroz,Continente,emb. 10 kg,"€12,79/un","€1,28/kg"
Comida Húmida para Cão Adulto Vaca Terrina,É Continente,emb. 300 gr,"€0,75/un","€2,50/kg"
Ração para Cão Adulto Mini Vaca e Arroz,Purina One Mini,"emb. 1,5 kg","€8,65/un","€5,77/kg"
"Casota para Cão ""Cottage"" 77x82x88 cm",Trixie,1 un,"€248,25/un","€248,25/un"
Ração para Cão Adulto Frango,Purina One,emb. 14 kg,"€37,98/un","€2,71/kg"
Ração para Cão Adulto Croquetes Vaca e Cereais,Continente,emb. 4 kg,"€4,99/un","€1,25/kg"
Ração para Cão Puppy Maxi,Affinity Advance,12 kg,"€54,99/un","€4,58/kg"
Ração para Cão Balance Frango,Purina Friskies,emb. 14 kg,"€24,99/un","€1,79/kg"
Ração para Cão Veterinary Diet Hypoallergenic,Purina Pro Plan Veterinary Diets,emb. 11 kg,"€67,41/un","€6,13/kg"
"Casota para Cão ""Classic"" Cinza 85x85x60 cm",Trixie,1 un,"€210,71/un","€210,71/un"
Ração para Cão Sénior Frango,Affinity Libra,emb. 12 kg,"€28,59/un","€2,38/kg"
Snack para Cão Adulto Rolinhos Recheados,Continente,emb. 500 gr,"€1,75/un","€3,50/kg"
Ração para Cão Adulto Médio Frango e Arroz,Affinity Advance,emb. 14 kg,"€49,99/un","€3,57/kg"
Ração para Cão Active Vaca,Purina Friskies,emb. 14 kg,"€24,99/un","€1,79/kg"
Snack para Cão Maxi Dentastix,Pedigree,emb. 2160 gr (56 un),"€31,89/un","€31,89/un"
Ração para Cão Adulto Borrego,Purina One,emb. 14 kg,"€37,98/un","€2,71/kg"
Biscoito para Cão Adventuros Nuggets Javali,Purina Adventuros,emb. 90 gr,"€1,99/un","€22,11/kg"
Ração para Cão Júnior Heritage Puppy Maxi Breed,Acana,emb. 17 kg,"€106,99/un","€6,29/kg"
Ração para Cão Adulto Ingredientes Naturais Salmão,Purina Beyond,"emb. 1,4 kg","€8,49/un","€6,06/kg"
Ração para Cão Classics Prairie Poultry,Acana,"emb. 11,4 kg","€66,49/un","€5,83/kg"
Biscoito para Cão Markies,Pedigree,emb. 500 gr,"€3,75/un","€7,50/kg"
Ração para Cão Hipoalergénica,Affinity Advance Veterinary Diets,emb. 10 kg,"€56,49/un","€5,65/kg"
Ração para Cão Mini Active Frango e Arroz,Purina One Mini,"emb. 1,5 kg","€8,65/un","€5,77/kg"
Cama para Cão/Gato Cosma Castanho e Bege 55x45 cm,Trixie,1 un,"€30,69/un","€30,69/un"
Comida Húmida para Cão Adulto Sem Cereais Frango Lata,Purina Beyond,emb. 400 gr,"€2,79/un","€6,98/kg"
Tira para Cão Adulto Vaca,Continente,emb. 104 gr (12 un),"€0,99/un","€9,52/kg"
Ração para Cão Adulto Mini Menu VitaFit Frango,Purina Friskies,"emb. 1,5 kg","€6,49/un","€4,33/kg"
Ração para Cão Adulto Ingredientes Naturais Frango,Purina Beyond,"emb. 1,4 kg","€8,49/un","€6,06/kg"
Comida Húmida para Cão Sénior Raças Pequenas Frango e Perú Terrina,Continente,emb. 150 gr,"€0,49/un","€3,27/kg"
Ração para Cão Adulto Ingredientes Naturais Salmão,Purina Beyond,"emb. 7,5 kg","€35,99/un","€4,80/kg"
Ração para Cão Puppy Recipe,Acana,"emb. 11,4 kg","€79,49/un","€6,97/kg"
Cama para Cão/Gato Sleeper com Ventilação 80x53 cm,Trixie,1 un,"€24,99/un","€24,99/un"
Snack para Cão Adulto Ossinhos,Continente,emb. 500 gr,"€1,65/un","€3,30/kg"
Ração para Cão Puppy Médio Frango e Arroz,Affinity Advance,emb. 12 kg,"€54,99/un","€4,58/kg"
"Casota para Cão ""Classic"" 85x85x60 cm",Trixie,1 un,"€210,71/un","€210,71/un"
Comida Húmida para Cão Adulto Coelho,É Continente,emb. 300 gr,"€0,75/un","€2,50/kg"
Ração para Cão Júnior Mini,Royal Canin,emb. 2 kg,"€14,07/un","€7,04/kg"
Snack para Cão Adulto Trinca de Arroz,Continente,emb. 1 kg,"€0,85/un","€0,85/kg"
Ração para Cão Adulto Mini Delicate Salmão e Arroz,Purina One Mini,emb. 800 gr,"€5,72/un","€7,15/kg"
Ração para Cão Adulto Ingredientes Naturais Borrego,Purina Beyond,"emb. 1,4 kg","€8,49/un","€6,06/kg"
Comida Húmida para Cão Adulto Saquetas,Pedigree,emb. 12 x 100 gr,"€7,89/un","€6,58/kg"
Snack para Cão Adulto Mini Dentastix,Pedigree,emb. 880 gr (56 un),"€20,89/un","€23,74/kg"
Ração para Cão Júnior Mini Frango e Arroz,Purina One Mini,emb. 800 gr,"€5,72/un","€7,15/kg"
Ração para Cão Adulto Médio,Royal Canin,emb. 15 kg,"€56,90/un","€3,79/kg"
Comida Húmida para Cão Adulto Sem Cereais Vaca Lata,Purina Beyond,emb. 400 gr,"€2,79/un","€6,98/kg"
Ração para Cão Adulto Mini Menu VitaFit Vaca,Purina Friskies,"emb. 1,4 kg","€6,49/un","€4,64/kg"
Biscoito para Cão Adulto,Purina Friskies,emb. 650 gr,"€2,99/un","€4,60/kg"
Sofá para Cão/Gato Impermeável Xtreme Preto S,Luben,1 un,"€54,99/un","€54,99/un"
Comida Húmida para Cão Adulto Raças Pequenas Patê Vaca e Fígado Terrina,Continente,emb. 150 gr,"€0,49/un","€3,27/kg"
Ração para Cão Adulto Esterilizado Labrador Retriever,Royal Canin,emb. 12 kg,"€57,56/un","€4,80/kg"
Ração para Cão Adulto Mini Vaca e Arroz,Purina One Mini,emb. 3 kg,"€10,39/un","€3,46/kg"
Ração para Cão Adulto Light Perú e Cereais Integrais,Affinity Libra,emb. 12 kg,"€26,39/un","€2,20/kg"
Mochila Transportadora 41x30x21 cm,Trixie,1 un,"€54,99/un","€54,99/un"
Ração para Cão Adulto Croquetes Raças Pequenas Frango e Arroz,Continente,emb. 3 kg,"€5,99/un","€2,00/kg"
Biscoito para Cão Adventuros Strips Veado,Purina Adventuros,emb. 90 gr,"€1,99/un","€22,11/kg"
Ração para Cão Adulto Esterilizado Optiweight Frango,Purina Pro Plan,emb. 14 kg,"€56,90/un","€4,06/kg"
Comida Húmida para Cão Adulto Mini Frango e Borrego Saquetas,Purina One Mini,emb. 4 x 100 gr,"€3,19/un","€7,98/kg"
Ração para Cão Adulto Original,Orijen,"emb. 11,4 kg","€87,97/un","€87,97/un"
Cama para Cão/Gato Impermeável Retangular Xtreme Preto 12x100x70 cm,Luben,1 un,"€57,99/un","€57,99/un"
Ração para Cão Articular Care Reduced Calorie,Affinity Advance Veterinary Diets,emb. 12 kg,"€53,31/un","€4,44/kg"
Ração para Cão Júnior Heritage Puppy e Júnior,Acana,emb. 17 kg,"€104,49/un","€6,15/kg"
Ração para Cão Adulto Mini Vaca e Arroz,Purina One Mini,emb. 800 gr,"€5,72/un","€7,15/kg"
Snack para Cão Mini Higiene Oral Diária,Purina Dentalife,emb. 21 un,"€6,69/un","€19,39/kg"
Comida Húmida para Cão Adulto Mini Saquetas,Purina One,emb. 10 x 100 gr,"€5,46/un","€5,46/kg"
Ração para Cão Adulto Croquetes Vaca e Cereais,Continente,emb. 10 kg,"€11,99/un","€1,20/kg"
Ração para Cão Júnior Mini Frango e Arroz,Affinity Advance,emb. 3 kg,"€19,99/un","€6,66/kg"
Ração para Cão Classics Wild Coast,Acana,emb. 17 kg,"€104,99/un","€6,18/kg"
Ração para Cão Adulto VitaFit Balance Frango,Purina Friskies,emb. 4 kg,"€12,79/un","€3,20/kg"
Snack para Cão Médio Higiene Oral Diária,Purina Dentalife,emb. 15 un,"€6,69/un","€19,39/kg"
Comida Húmida para Cão Júnior Patê Pedaços Frango Lata,Continente,emb. 400 gr,"€0,95/un","€2,38/kg"
Ração para Cão Active Vaca,Purina Friskies,emb. 9 kg,"€26,69/un","€2,97/kg"
"Ração para Cão Adulto Sopa Frango, Ervilhas e Cereais",Continente,emb. 4 kg,"€5,99/un","€1,50/kg"
Lava Chão para Cão e Gato Antibacteriano,Pet Wash,"emb. 1,5 lt","€4,59/un","€3,06/lt"
Ração para Cão Obesity Management,Purina Pro Plan Veterinary Diets,emb. 12 kg,"€62,01/un","€5,17/kg"
Comida Húmida para Cão Adulto Mistura Carne e Legumes Saquetas,Continente,emb. 12x100 gr,"€4,99/un","€4,16/kg"
Ração para Cão Veterinary Diet Gastrointestenal,Purina Pro Plan Veterinary Diets,emb. 12 kg,"€63,90/un","€5,33/kg"
Comida Húmida para Cão Adulto Multi CArnês Saquetas,Purina Friskies,emb. 12 x 100 gr,"€7,29/un","€6,08/kg"
Tiras para Cão Carne de Vaca,Vitakraft,emb. 12 gr,"€0,79/un","€65,83/kg"
Osso para Cão Prensado Maxi,Continente,emb. 150 gr,"€2,69/un","€17,93/kg"
Ração para Cão Singles Grass-fed Lamb,Acana,emb. 2 kg,"€27,99/un","€14,00/kg"
Ração para Cão Adulto French Bulldog,Royal Canin,emb. 9 kg,"€45,99/un","€5,11/kg"
Comida Húmida para Cão Júnior Patê Frango e Perú Terrina,Continente,emb. 300 gr,"€0,75/un","€2,50/kg"
Ração para Cão Pacific Stream Sem Cereais Salmão Fumado,Taste of the Wild,"emb. 12,2 kg","€53,05/un","€4,35/kg"
Snack para Cão Adulto Médio Dental,Continente,emb. 180 gr (7 un),"€1,89/un","€10,50/kg"
Snack para Cão Adulto Mini Dental Delicious Frango,Purina Friskies,emb. 200 gr,"€2,24/un","€11,20/kg"
Ração para Cão Adulto Maxi,Royal Canin,emb. 15 kg,"€57,99/un","€3,87/kg"
Snack para Cão Tasty Bites Chewy Frango,Pedigree,emb.130 gr,"€1,69/un","€13,00/kg"
Sofá para Cão/Gato Impermeável Xtreme Castanho M,Luben,1 un,"€78,99/un","€78,99/un"
Snacks para Cão Markies Mini,Pedigree,emb. 500 gr,"€3,75/un","€7,50/kg"
Ração para Cão Adulto 6 Fish,Orijen,"emb. 11,4 kg","€104,46/un","€9,16/kg"
Biscoitos para Cão Júnior,Purina Friskies,emb. 350 gr,"€2,54/un","€7,26/kg"
Ração para Cão Classics Wild Coast,Acana,"emb. 11,4 kg","€75,99/un","€6,67/kg"
Ração para Cão Adulto Maxi Heritage Maxi Breed,Acana,emb. 17 kg,"€104,49/un","€6,15/kg"
Ração para Cão Júnior Sensitive Salmão,Affinity Advance,emb. 12 kg,"€64,49/un","€5,37/kg"
Ração para Cão Júnior Balance Frango,Purina Friskies,emb. 14 kg,"€24,99/un","€1,79/kg"
Toalhitas para Cão Pele e Pelo Pack Poupança,Continente,emb. 2x42 un,"€6,49/un","€0,15/un"
Ração para Cão Frango,Uppy Nutri,"emb. 7,5 kg","€29,99/un","€4,00/kg"
Snack para Cão Rodeo Frango e Bacon,Pedigree,emb. 120 gr,"€2,29/un","€19,08/kg"
Ração para Cão Classics Prairie Poultry,Acana,emb. 17 kg,"€90,99/un","€5,35/kg"
Ração para Cão Adulto Mini Active Frango e Arroz,Purina One Mini,emb. 3 kg,"€10,39/un","€3,46/kg"
Tira para Cão Adulto Frango,Continente,emb. 60 gr,"€1,79/un","€29,83/kg"
Brinquedo para Cão Vermelho Wobbler S,Kong,1 un,"€19,99/un","€19,99/un"
Ração para Cão Adulto Mini Menu VitaFit Vaca,Purina Friskies,"emb. 1,5 kg","€6,49/un","€4,33/kg"
Ração para Cão Mini Weight Control Perú e Arroz,Purina One Mini,emb. 800 gr,"€5,72/un","€7,15/kg"
Ração para Cão Regionals Grasslands,Acana,"emb. 11,4 kg","€103,99/un","€9,12/kg"
Comida Húmida para Cão Adulto Borrego e Galinha Terrina,Pedigree,emb. 300 gr,"€2,49/un","€8,30/kg"
Sacos Higiénicos,Trixie,emb. 4 x 20 un,"€3,19/un","€3,19/un"
Ração para Cão Singles Free-run Duck,Acana,"emb. 11,4 kg","€109,99/un","€9,65/kg"
Osso Prensado para Cão Adulto,Continente,emb. 80 gr (2 un),"€1,99/un","€24,88/kg"
Ração para Cão Adulto Mini Frango,Affinity Libra,emb. 8 kg,"€20,35/un","€2,54/kg"
Ração para Cão Highest Protein Ranchlands,Acana,"emb. 11,4 kg","€110,99/un","€9,74/kg"
Ração para Cão Júnior VitaFit Frango e Leite,Purina Friskies,emb. 3 kg,"€11,69/un","€3,90/kg"
Comida Húmida para Cão Adulto Sem Cereais Perú Lata,Purina Beyond,emb. 400 gr,"€2,79/un","€6,98/kg"
Ração para Cão Júnior Mini Frango,Purina One,"emb. 1,5 kg","€8,65/un","€5,77/kg"
Ração para Cão Adulto Light & Fit,Acana,"emb. 11,4 kg","€79,49/un","€6,97/kg"
Ração para Cão Sénior Frango,Purina Dog Chow,emb. 14 kg,"€29,95/un","€2,14/kg"
Colchão para Cão/Gato Drago Preto 110x80 cm,Trixie,1 un,"€103,74/un","€103,74/un"
Snack para Cão Adulto Higiene Oral Diária,Purina Dentalife,emb. 207 gr,"€6,69/un","€32,32/kg"
Comida Húmida para Cão Júnior Raças Pequenas Patê Frango e Vaca Terrina,Continente,emb. 150 gr,"€0,49/un","€3,27/kg"
Ração para Cão Júnior Pacific Stream Sem Cereais Salmão Fumado,Taste of the Wild,"emb. 12,2 kg","€55,50/un","€4,55/kg"
Biscoito para Cão Adventuros Sticks Búfalo,Purina Adventuros,emb. 90 gr,"€1,99/un","€22,11/kg"
Snack para Cão Adulto Dentastix,Pedigree,emb. 720 gr (28 un),"€11,99/un","€16,65/kg"
Ração para Cão Adulto VitaFit Active Vaca,Purina Friskies,emb. 4 kg,"€12,79/un","€3,20/kg"
Ração para Cão Highest Protein Pacifica,Acana,"emb. 11,4 kg","€99,99/un","€8,77/kg"
Snack para Cão Júnior Mini Tasty Frango,Pedigree,emb. 125 gr,"€1,69/un","€13,52/kg"
Ração para Cão Fit Trim,Orijen,"emb. 11,4 kg","€93,49/un","€8,20/kg"
Transportadora para Cão Tecido Azul Nylon Tcamp 55x65x80 cm,Trixie,1 un,"€91,10/un","€91,10/un"
Snack para Cão Maxi Higiene Oral Diária,Purina Dentalife,emb. 12 un,"€6,69/un","€15,70/kg"
Ração para Cão Adulto Médio Optibalance Frango,Purina Pro Plan,emb. 14 kg,"€50,89/un","€3,64/kg"
Comida Húmida para Cão Adulto Sem Cereais Carne Saquetas,Uppy Natur,emb. 12 x 100 gr,"€7,49/un","€6,24/kg"
Ração para Cão Júnior VitaFit Frango e Leite,Purina Friskies,"emb. 1,5 kg","€6,49/un","€4,33/kg"
Ração para Cão Adulto Mini Frango e Arroz,Affinity Advance,"emb. 7,5 kg","€34,99/un","€4,67/kg"
Ração para Cão Médio Light Frango e Arroz,Affinity Advance,emb. 12 kg,"€54,99/un","€4,58/kg"
Ração para Cão Sénior Médio e Maxi Frango e Arroz,Affinity Ultima,"emb. 7,5 kg","€43,29/un","€5,77/kg"
Ração para Cão Júnior Golden Retriever,Royal Canin,emb. 12 kg,"€63,83/un","€5,32/kg"
Comida Húmida para Cão Júnior Saquetas,Pedigree,emb. 4 x 100 gr,"€2,69/un","€6,73/kg"
Comida Húmida para Cão Mini Delicate Salmão,Purina One Mini,emb. 10 x 100 gr,"€5,46/un","€5,46/kg"
"Ração para Cão Adulto Sopa Frango, Ervilhas e Cereais",Continente,emb. 10 kg,"€14,99/un","€1,50/kg"
Ração para Cão Adulto Active Frango,Purina Dog Chow,emb. 14 kg,"€29,95/un","€2,14/kg"
Brinquedo para Cão Classic L,Kong,1 un,"€14,49/un","€14,49/un"
Ração para Cão Júnior Mini Croquetes Frango e Arroz,Continente,emb. 2 kg,"€3,39/un","€1,70/kg"
Ração para Cão Adulto Médio Pele Sensível Optiderma,Purina Pro Plan,emb. 14 kg,"€56,49/un","€4,04/kg"
Ração para Cão Adulto Ageing 7+ Médio e Maxi Optiderma Salmão,Purina Pro Plan,emb. 14 kg,"€56,49/un","€4,04/kg"
Raçao para Cão Singles Grass-fed Lamb,Acana,"emb. 11,4 kg","€100,99/un","€8,86/kg"
Ração para Cão Adulto Labrador Retriever,Royal Canin,emb. 12 kg,"€57,99/un","€4,83/kg"
Comida Húmida para Cão Adulto Mini Active Vaca Saquetas,Purina One Mini,emb. 4 x 100 gr,"€3,19/un","€7,98/kg"
Ração para Cão Adulto Recipe,Acana,"emb. 11,4 kg","€79,49/un","€6,97/kg"
Snack para Cão Adulto Mix Frango e Vaca,Continente,emb. 500 gr,"€3,29/un","€6,58/kg"
Ração para Cão Júnior Maxi Robusto Optistart,Purina Pro Plan,emb. 12 kg,"€50,89/un","€4,24/kg"
Ração para Cão Adulto Frango,Uppy Nutri,emb. 3 kg,"€13,49/un","€4,50/kg"
Ração para Cão Júnior,Orijen,"emb. 11,4 kg","€87,97/un","€7,72/kg"
Ração para Cão Adulto Mini Heritage Small Breed,Acana,emb. 6 kg,"€48,99/un","€8,17/kg"
Ração para Cão Adulto Natur Frango,Uppy Natur,emb. 3 kg,"€13,79/un","€4,60/kg"
Comida Húmida para Cão Adulto Mini Salmão Delicate Saquetas,Purina One Mini,emb. 4 x 100 gr,"€3,19/un","€7,98/kg"
Ração para Cão Simply 9 Salmão,Purina Beyond,emb. 3 kg,"€16,76/un","€5,59/kg"
Ração para Cão Júnior Maxi Peru,Purina Dog Chow,emb. 14 kg,"€29,95/un","€2,14/kg"
Ração para Cão Sénior,Orijen,"emb. 11,4 kg","€90,01/un","€7,90/kg"
Resguardo Dashi Forest Pad 60x80 cm,Dashi,emb. 30 un,"€19,99/un","€19,99/un"
Ração para Cão Adulto Bulldog Francês Pato e Arroz,Affinity Advance,"emb. 7,5 kg","€39,49/un","€5,27/kg"
Snack para Cão Médio Dentastix,Pedigree,emb. 180 gr (7 un),"€3,29/un","€18,28/kg"
Ração para Cão Adulto Médio e Maxi Frango e Arroz,Affinity Ultima,"emb. 7,5 kg","€43,29/un","€5,77/kg"
Ração para Cão Adulto Borrego,Purina Dog Chow,emb. 14 kg,"€27,99/un","€2,00/kg"
Snack para Cão Adulto Maxi Dentastix,Pedigree,emb. 1080 gr (28 un),"€15,39/un","€14,25/kg"
Ração para Cão Adulto Mini Esterilizado,Royal Canin,emb. 8 kg,"€49,29/un","€6,16/kg"
Ração para Cão Júnior Médio Optistart,Purina Pro Plan,emb. 12 kg,"€50,89/un","€4,24/kg"
Ração para Cão High Prairie Bisonte,Taste of the Wild,"emb. 12,2 kg","€59,98/un","€4,92/kg"
Ração para Cão Adulto Salmão,Affinity Libra,emb. 3 kg,"€8,46/un","€2,82/kg"
Ração para Cão Grain Free Rico em Frangoe Mandioca,Purina Beyond,emb. 7 kg,"€35,99/un","€5,14/kg"
Ração para Cão Júnior,Happy One Mediterraneum,emb. 12 kg,"€62,89/un","€5,24/kg"
Ração para Cão Sénior Recipe,Acana,"emb. 11,4 kg","€79,49/un","€6,97/kg"
Ração para Cão Júnior Frango e Arroz,Affinity Libra,emb. 3 kg,"€8,46/un","€2,82/kg"
Ração para Cão Adulto Mini Sensitive Salmão e Arroz,Affinity Advance,emb. 3 kg,"€19,99/un","€6,66/kg"
Ração para Cão Highest Protein Wild Prairie,Acana,"emb. 11,4 kg","€89,49/un","€7,85/kg"
Comida Húmida para Cão Adulto Vaca e Fígado Terrina,Pedigree,emb. 300 gr,"€2,49/un","€8,30/kg"
Cobertura/Capa para Banco Automóvel,Trixie,1 un,"€33,99/un","€33,99/un"
Ração para Cão Júnior Frango e Arroz,Affinity Libra,emb. 12 kg,"€28,65/un","€2,39/kg"
Ração para Cão Adulto Golden Retriever,Royal Canin,emb. 12 kg,"€56,51/un","€4,71/kg"
Ração para Cão Sénior Médio Frango e Arroz,Affinity Advance,emb. 12 kg,"€54,99/un","€4,58/kg"
Snack para Cão Rodeo,Pedigree,emb. 70 gr (4 un),"€1,69/un","€24,14/kg"
Ração para Cão Adulto Small Breed Recipe,Acana,emb. 2 kg,"€23,49/un","€11,75/kg"
Ração para Cão Júnior Giant,Royal Canin,emb. 15 kg,"€63,99/un","€4,27/kg"
Ração para Cão Adulto Beagle,Royal Canin,emb. 12 kg,"€57,56/un","€4,80/kg"
Toalhitas para Cão Fragância Talco,PetShine,40 un,"€4,49/un","€4,49/un"
Ração para Cão Adulto Alta Nutrição Frango e Arroz,Continente,emb. 10 kg,"€16,99/un","€1,70/kg"
Ração para Cão Júnior Médio e Maxi Frango e Arroz,Affinity Ultima,"emb. 7,5 kg","€43,29/un","€5,77/kg"
Snack para Cão Adulto Mini Dentastix,Pedigree,emb. 440 gr (28 un),"€9,69/un","€22,02/kg"
Ração para Cão Júnior Médio e Maxi Frango e Arroz,Purina One,emb. 7 kg,"€34,99/un","€5,00/kg"
Snack para Cão Adulto Mini Higiene Oral Diária,Purina Dentalife,emb. 69 gr (7 un),"€2,39/un","€34,64/kg"
Ração para Cão Adulto Yorkshire Terrier,Royal Canin,"emb. 7,5 kg","€47,95/un","€6,39/kg"
"Comida Húmida para Cão Adulto Frango, Vaca, Borrego Saquetas",Purina Friskies,emb. 4 x 100 gr,"€2,59/un","€6,48/kg"
Osso para Cão Adulto Médio Dental Presunto,Continente,emb. 370 gr (1 un),"€3,29/un","€3,29/un"
Ração para Cão Adulto,Happy One Mediterraneum,emb. 12 kg,"€59,89/un","€4,99/kg"
Ração para Cão Classics Red,Acana,"emb. 11,4 kg","€74,49/un","€6,53/kg"
Ração para Cão Júnior French Bulldog,Royal Canin,emb. 3 kg,"€19,88/un","€6,63/kg"
Ração para Cão Hipoalergénica,Affinity Advance Veterinary Diets,"emb. 2,5 kg","€24,29/un","€9,72/kg"
Snack para Cão Adulto Stick Dentário Pack Poupança,Continente,emb. 720 gr (28 un),"€6,99/un","€9,71/kg"
Snack para Cão Mini Higiene Oral Diária,Purina Dentalife,emb. 7 un,"€2,39/un","€20,78/kg"
Snack para Cão Tasty Minis,Pedigree,emb. 140 gr,"€1,69/un","€12,07/kg"
Ração para Cão Adulto Mini Delicate Salmão e Arroz,Purina One Mini,"emb. 1,5 kg","€8,65/un","€5,77/kg"
Ração para Cão Adulto Médio e Maxi Sem Cereais Optidigest Peru,Purina Pro Plan,emb. 12 kg,"€56,90/un","€4,74/kg"
Trasportadora Skudo nº 3 para Cão,,1 un,"€31,49/un","€31,49/un"
Ração para Cão Júnior Frango,Purina Dog Chow,emb. 14 kg,"€29,95/un","€2,14/kg"
Ração para Cão Classics Red,Acana,emb. 17 kg,"€98,99/un","€5,82/kg"
Transportadora para Cão Tecido Azul Nylon Tcamp 50x50x60 cm,Trixie,1 un,"€61,26/un","€61,26/un"
Ração para Cão Senior Light,Happy One Mediterraneum,emb. 12 kg,"€62,89/un","€5,24/kg"
Trela para Cão Extensível Preto M 5 m,Vitakraft,1 un,"€14,39/un","€14,39/un"
Ração para Cão Puppy Mini,Royal Canin,emb. 8 kg,"€41,49/un","€5,19/kg"
Ração para Cão Júnior Maxi Optistart Frango,Purina Pro Plan,emb. 12 kg,"€52,90/un","€4,41/kg"
Ração para Cão Adulto Light Peru,Purina Dog Chow,emb. 14 kg,"€29,95/un","€2,14/kg"
Máquina de Tosquiar para Cão,Artero,1 un,"€21,99/un","€21,99/un"
Tapetes Higiénicos para Cão Extra Absorvente 60 x 90 cm,Farm Company,emb. 10 un,"€8,39/un","€8,39/un"
Ração para Cão Adulto Mini Galinha e Legumes,Pedigree,"emb. 1,4 kg","€8,39/un","€5,99/kg"
Ração para Cão Adulto Raça Maxi Peru,Purina Dog Chow,emb. 14 kg,"€29,95/un","€2,14/kg"
Comida Húmida para Cão Frango Terrina,Cesar,emb. 150 gr,"€1,39/un","€9,27/kg"
Ração para Cão Júnior Cordeiro e Arroz,Affinity Libra,emb. 3 kg,"€8,46/un","€2,82/kg"
Ração para Cão Adulto Médio Selected Sem Cereais Frango,Nature´s Variety,emb. 10 kg,"€64,95/un","€6,50/kg"
Ração para Cão Júnior Médio Optiderma Salmão,Purina Pro Plan,emb. 12 kg,"€52,90/un","€4,41/kg"
Ração para Cão Puppy Small Breed Recipe,Acana,emb. 2 kg,"€23,49/un","€11,75/kg"
Ração para Cão Adulto Mini Frango e Arroz,Affinity Advance,emb. 3 kg,"€18,99/un","€6,33/kg"
Snack para Cão Júnior Ossinhos Dental,Continente,emb. 90 gr (15 un),"€2,19/un","€24,33/kg"
Ração para Cão Optiderma Maxi Atletic,Purina Pro Plan,emb. 14 kg,"€56,90/un","€4,06/kg"
Ração para Cão Júnior Mini Croquetes Frango e Arroz,Continente,emb. 4 kg,"€5,99/un","€1,50/kg"
Ração para Cão Adulto Maxi Optibalance Frango,Purina Pro Plan,emb. 14 kg,"€50,89/un","€3,64/kg"
Comida Húmida para Cão Adulto Mini Weigh Control Saquetas,Purina One Mini,emb. 4 x 100 gr,"€3,19/un","€7,98/kg"
Ração para Cão Adulto Médio Original Sem Cereais Salmão,Nature´s Variety,emb. 10 kg,"€54,95/un","€5,50/kg"
Cama para Cão/Gato Impermeável Retangular Xtreme Preto 10x60x40 cm,Luben,1 un,"€32,99/un","€32,99/un"
Snack para Cão Médio Higiene Oral Diária,Purina Dentalife,emb. 5 un,"€2,39/un","€20,78/kg"
Ração para Cão Adulto Mini,Royal Canin,emb. 4 kg,"€21,99/un","€5,50/kg"
Comida Húmida para Cão Adulto Raças Médias e Grandes Frango Terrina,Uppy Nutri,emb. 300 gr,"€1,79/un","€5,97/kg"
Ração para Cão Adulto Médio Selected Sem Cereais Salmão,Nature´s Variety,emb. 10 kg,"€64,95/un","€6,50/kg"
Ração para Cão Adulto Croquetes Raças Pequenas Frango e Arroz,Continente,"emb. 1,5 kg","€3,75/un","€2,50/kg"
Ração para Cão Júnior Médio e Maxi Sem Cereais Optidigest Peru,Purina Pro Plan,emb. 12 kg,"€63,49/un","€5,29/kg"
Ração para Cão Adulto Frango Fresco,Continente Seleção,emb. 4 kg,"€11,99/un","€3,00/kg"
Comida Húmida para Cão Júnior Patê Frango e Leite Terrina,Continente,emb. 300 gr,"€0,75/un","€2,50/kg"
"Transportadora para Cão/Gato Creme/Azul 43x25x27,5 cm",Beeztees,1 un,"€28,99/un","€28,99/un"
Snack para Cão Mini Dentastix,Pedigree,emb. 110 gr (7 un),"€2,49/un","€22,64/kg"
Sofá para Cão/Gato Impermeável Xtreme Cinzento S,Luben,1 un,"€54,99/un","€54,99/un"
Ração para Cão Adulto Maxi Optibalance Frango,Purina Pro Plan,emb. 14 kg,"€50,89/un","€3,64/kg"
Creme Cicatrizante para Cão e Gato,Omnimatrix,emb. 20 gr,"€14,09/un","€704,50/lt"
Ração para Cão Júnior Borrego e Arroz,Purina Dog Chow,emb. 14 kg,"€29,95/un","€2,14/kg"
Ração para Cão Adulto Médio e Maxi Vaca e Arroz,Affinity Ultima,"emb. 7,5 kg","€43,29/un","€5,77/kg"
Ração para Cão Júnior Mini Opti Frango,Purina Pro Plan,emb. 7 kg,"€34,90/un","€4,99/kg"
Ração para Cão Sénior Médio e Maxi Frango e Arroz,Affinity Ultima,emb. 3 kg,"€18,99/un","€6,33/kg"
Ração para Cão Júnior Frango,Uppy Nutri,emb. 2 kg,"€9,49/un","€4,75/kg"
Ração para Cão Júnior,Orijen,emb. 6 kg,"€54,49/un","€9,08/kg"
Ração para Cão Sénior Mini Frango,Purina One,emb. 800 gr,"€5,72/un","€7,15/kg"
Ração para Cão Puppy Recipe,Acana,emb. 2 kg,"€23,49/un","€11,75/kg"
Ração para Cão Adulto Active Frango e Arroz,Purina Dog Chow,emb. 14 kg,"€29,95/un","€2,14/kg"
Ração para Cão Small Breed,Orijen,"emb. 4,5 kg","€65,49/un","€14,55/kg"
Ração para Cão Júnior Médio e Maxi Frango e Arroz,Purina One,"emb. 2,5 kg","€13,99/un","€5,60/kg"
Ração para Cão Adulto Mini Menu VitaFit Vaca,Purina Friskies,emb. 3 kg,"€12,69/un","€4,23/kg"
Ração para Cão Adulto Mini Frango,Affinity Libra,emb. 3 kg,"€8,05/un","€2,68/kg"
Ração para Cão Adulto VitaFit Balance Frango,Purina Friskies,"emb. 1,5 kg","€6,49/un","€4,33/kg"
Snack Adulto Funtastix para Cão,Purina Friskies,emb. 175 gr,"€2,24/un","€12,80/kg"
Ração para Cão Adulto Ageing 7+ Médio e Maxi Optiage Frango,Purina Pro Plan,emb. 14 kg,"€52,90/un","€3,78/kg"
Ração para Cão Adulto Small Breeds,Happy One Mediterraneum,emb. 7 kg,"€39,02/un","€5,57/kg"
Brinquedo para Cão Wildknots Urso S e M,Kong,1 un,"€12,49/un","€12,49/un"
Ração para Cão Adulto Small Breed Recipe,Acana,emb. 6 kg,"€48,99/un","€8,17/kg"
"Comida Húmida para Cão Júnior, Adulto e Sénior Saquetas",Pedigree,emb. 4 x 100 gr,"€2,69/un","€6,73/kg"
Ração para Cão Júnior Mini Frango e Arroz,Affinity Advance,"emb. 7,5 kg","€35,99/un","€4,80/kg"
Ração para Cão Adulto Yorkshire Terrier,Royal Canin,emb. 3 kg,"€22,49/un","€7,50/kg"
Transportadora para Cão Rígida Lima 32x31x48 cm,Trixie,1 un,"€19,99/un","€19,99/un"
Ração para Cão Júnior Maxi Optistart Frango,Purina Pro Plan,emb. 12 kg,"€52,90/un","€4,41/kg"
Comida Húmida para Cão Adulto Molho Saquetas,Cesar,emb. 4 x 100 gr,"€2,99/un","€7,48/kg"
Rolo Removedor de Pelos,Scotch-Brite,emb. 30 folhas,"€4,99/un","€4,99/un"
Ração para Cão Adulto Médio e Maxi Frango e Arroz,Purina One,"emb. 2,5 kg","€13,99/un","€5,60/kg"
Ração para Cão Adulto Mini Salmão,Affinity Libra,emb. 8 kg,"€20,66/un","€2,58/kg"
Ração para Cão Adulto Frango e Cereais,Affinity Brekkies,emb. 15 kg,"€47,98/un","€3,20/kg"
Ração para Cão Adulto Classics Prairie,Acana,emb. 6 kg,"€43,99/un","€7,33/kg"
Ração para Cão Adulto Sensitive Salmão e Arroz,Affinity Advance,emb. 3 kg,"€19,99/un","€6,66/kg"
Ração para Cão Júnior Cordeiro e Arroz,Affinity Libra,emb. 12 kg,"€28,69/un","€2,39/kg"
Leite para Cão Júnior,Royal Canin,emb. 400 gr,"€22,25/un","€55,63/kg"
Toalhitas para Cão Pele e Pelo,Continente,emb. 42 un,"€2,99/un","€0,12/un"
Osso para Cão Adulto Mini Dental Presunto,Continente,emb. 80 gr (1 un),"€2,29/un","€2,29/un"
Perfume para Cão Júnior,Artero,1 un,"€22,59/un","€251,00/lt"
Champô para Cão Anti-Comichão Alecrim,Continente,emb. 250 ml,"€2,69/un","€10,76/lt"
Osso Prensado para Cão Adulto,Continente,emb. 60 gr (1 un),"€1,79/un","€29,83/kg"
Champô para Cão 2 em 1 Alecrim,Continente,emb. 250 ml,"€2,69/un","€10,76/lt"
Snack para Cão Adulto Barritas Torcidas,Continente,emb. 130 gr (25 un),"€3,19/un","€24,54/kg"
Ração para Cão Adulto Mini Light Weight Care,Royal Canin,emb. 8 kg,"€49,69/un","€6,21/kg"
Snack para Cão Maxi Higiene Oral Diária,Purina Dentalife,emb. 4 un,"€2,39/un","€16,83/kg"
Comida Húmida para Cão Adulto Mini Frango Terrina,Uppy Nutri,emb. 150 gr,"€1,29/un","€8,60/kg"
Ração para Cão Adulto Frango,Continente Seleção,"emb. 7,5 kg","€17,99/un","€2,40/kg"
"Ração para Cão Adulto Salmão, Legumes e Cereais",Affinity Brekkies,emb. 14 kg,"€47,98/un","€3,43/kg"
Ração para Cão Adulto Recipe,Acana,emb. 6 kg,"€48,99/un","€8,17/kg"
Ração para Cão Júnior Médio,Royal Canin,emb. 4 kg,"€23,73/un","€5,93/kg"
Champô Seco para Cão,Biogance,emb. 150 ml,"€15,29/un","€101,93/lt"
Ração para Cão sem Cereais Rico em Frango e Mandioca,Purina Beyond,"emb. 1,20 kg","€8,49/un","€7,08/kg"
Ração para Cão Pacific Stream Sem Cereais Salmão Fumado,Taste of the Wild,emb. 2 kg,"€13,99/un","€7,00/kg"
Ração para Cão Adulto Médio e Maxi Vaca,Purina One,emb. 7 kg,"€34,99/un","€5,00/kg"
Ração para Cão Adulto Médio e Maxi Frango e Arroz,Purina One,emb. 7 kg,"€34,99/un","€5,00/kg"
Cama para Cão/Gato Ligy Preto/Branco 48x37x16 cm,Beeztees,1 un,"€25,99/un","€25,99/un"
Ração para Cão Adulto Sem Cereais Vaca Mandioca,Purina Beyond,emb. 7 kg,"€35,99/un","€5,14/kg"
Resguardo Dashi Forest Pad 60x40 cm,Dashi,emb. 30 un,"€11,49/un","€11,49/un"
Ração para Cão Light & Fit,Acana,emb. 2 kg,"€23,49/un","€11,75/kg"
Champô para Cão Júnior Tília Suave,Continente,emb. 250 ml,"€2,87/un","€11,48/lt"
Ração para Cão Adulto Omega Vaca e Peixe,Purina Friskies,emb. 3 Kg,"€11,69/un","€3,90/kg"
Ração para Cão sem Cereais Rico em Vaca Mandioca,Purina Beyond,"emb. 1,20 kg","€8,49/un","€7,08/kg"
Cinto de Segurança Amarelo 45 mm,Rogz,1 un,"€7,99/un","€7,99/un"
Ração para Cão Adulto Classics Wild Coast,Acana,emb. 6 kg,"€49,99/un","€8,33/kg"
Ração para Cão Adulto Classics Classic Red,Acana,emb. 6 kg,"€48,99/un","€8,17/kg"
"Transportadora Pratiko Metal 48x33x31,5 cm",,1 un,"€16,49/un","€16,49/un"
Ração para Cão Adulto Esterilizado Médio,Royal Canin,emb. 3 kg,"€19,73/un","€6,58/kg"
Ração para Cão Adulto Vaca,Pedigree,emb. 3 kg,"€14,99/un","€5,00/kg"
Ração para Cão Adulto Mini Frango e Arroz,Affinity Ultima,emb. 3 kg,"€18,99/un","€6,33/kg"
Ração para Cão Adulto Yorkshire Terrier Frango e Arroz,Affinity Ultima,"emb. 1,5 kg","€7,48/un","€4,99/kg"
Suplemento para Cão Óleo Salmão,Healsty,emb. 250 ml,"€10,99/un","€43,96/lt"
Ração para Cão Adulto Mini Optiderma Salmão,Purina Pro Plan,emb. 7 kg,"€34,90/un","€4,99/kg"
Ração para Cão Adulto Sierra Mountain Roasted Lamb,Taste of the Wild,"emb. 5,6 kg","€30,25/un","€5,40/kg"
Ração para Cão Adulto Médio e Maxi Delicate Salmão e Arroz,Purina One,"emb. 2,5 kg","€13,99/un","€5,60/kg"
Ração para Cão Classics Prairie Poultry,Acana,emb. 2 kg,"€21,49/un","€10,75/kg"
Capa para Cão com Arnês 20 mm e Trela Segurança 20 mm,Mmpet,1 un,"€22,99/un","€22,99/un"
Ração para Cão Sénior Mini Frango e Arroz,Affinity Ultima,"emb. 1,5 kg","€7,48/un","€4,99/kg"
Snack para Cão Médio Dentastix Fresh,Pedigree,emb. 720 gr (28 un),"€11,99/un","€27,25/kg"
Snack para Cão Júnior,Affinity Advance,emb. 150 gr,"€3,49/un","€23,27/kg"
Comida Húmida para Cão Gastrointestinal Lata,Purina Pro Plan Veterinary Diets,emb. 400 gr,"€3,68/un","€9,20/kg"
Ração para Cão Adulto Mini Optibalance Frango,Purina Pro Plan,emb. 7 kg,"€34,90/un","€4,99/kg"
Snack para Cão Rodeo Duos Vaca e Queijo,Pedigree,emb. 120 gr (7 un),"€2,29/un","€19,08/kg"
Ração para Cão Júnior High Prairie Grain Free,Taste of the Wild,"emb. 5,6 kg","€35,67/un","€6,37/kg"
Peitoral de Treino Soft 45x70cm,Trixie,1 un,"€21,99/un","€21,99/un"
Ração para Cão Highest Protein Pacifica,Acana,emb. 2 kg,"€27,99/un","€14,00/kg"
Rolo Removedor de Pelos,Scotch-Brite,emb. 56 folhas + 33% folhas grátis,"€6,19/un","€6,19/un"
Suplemento para Cão/Gato em Pó,Plaque Off,emb. 60 gr,"€19,99/un","€333,17/kg"
Ração para Cão Adulto Mini Light Frango e Arroz,Affinity Advance,emb. 3 kg,"€19,99/un","€6,66/kg"
Toalhitas Higiénicas para Cão Clorexidina,Farm Company,emb. 40 un,"€5,09/un","€5,09/un"
Ração para Cão Adulto Energy Frango,Affinity Libra,emb. 12 kg,"€28,69/un","€2,39/kg"
Ração para Cão Júnior Natur Frango,Uppy Natur,emb. 3 kg,"€15,49/un","€5,16/kg"
Lava Chão para Cão e Gato,Arbo,emb. 2 lt,"€4,59/un","€2,30/lt"
Snack para Cão Adulto Raças Pequenas Dental Care,Continente,emb. 80 gr (7 un),"€1,49/un","€18,63/kg"
Ração para Cão Adulto Esterilizado Médio e Maxi Perú e Arroz,Purina One,"emb. 2,5 kg","€13,99/un","€5,60/kg"
Capa para Cão com Arnês 15 mm e Trela Segurança 20 mm,Mmpet,1 un,"€19,99/un","€19,99/un"
Snack para Cão Médio,Purina Dentalife,emb. 42 un,"€9,49/un","€9,82/kg"
Espuma de Limpeza para Cão e Gato,Continente,emb. 150 ml,"€3,39/un","€22,60/lt"
Ração para Cão Simply Borrego,Purina Beyond,emb. 3 kg,"€16,76/un","€5,59/kg"
Ração para Cão Praire Bisonte,Taste of the Wild,"emb. 5,6 kg","€30,25/un","€5,40/kg"
Ração para Cão Small Breed,Orijen,"emb. 1,8 kg","€25,07/un","€13,93/kg"
Ração para Cão Júnior Mini Frango e Arroz,Pedigree,"emb. 1,4 kg","€8,39/un","€5,99/kg"
Champô para Cão/Gato Calm,Duoxo S3,emb. 200 ml,"€23,80/un","€119,00/lt"
Ração para Cão Médio Máxi Borrego,Purina One,emb. 7 kg,"€34,99/un","€5,00/kg"
Ração para Cão Júnior Mini Frango e Arroz,Affinity Ultima,"emb. 1,5 kg","€7,48/un","€4,99/kg"
Ração para Cão Júnior Mini Optiderma Salmão,Purina Pro Plan,emb. 3 kg,"€19,90/un","€6,63/kg"
Sofá para Cão/Gato Spring Chevron Azul M,Luben,1 un,"€66,99/un","€66,99/un"
Comida Húmida para Cão Frango e Maçã Terrina,Schesir,emb. 150 gr,"€2,34/un","€15,60/kg"
Ração para Cão Adulto Esterilizado Optiweight Frango,Purina Pro Plan,emb. 3 kg,"€19,71/un","€6,57/kg"
Ração para Cão Júnior Frango Fresco,Continente Seleção,emb. 4 kg,"€12,49/un","€3,12/kg"
Osso para Cão Natural Ham Bone,Petfield,emb. 370 gr,"€1,99/un","€1,99/un"
Ração para Cão Adulto Mini Sensitive Salmão,Affinity Ultima,"emb. 1,5 kg","€7,48/un","€4,99/kg"
Recarga para Rolo Removedor de Pelos,Scotch-Brite,emb. 48 folhas,"€4,99/un","€4,99/un"
Toalhitas Higiénicas para Cão Talco,Natural Dermo Pet,emb. 35 un,"€4,89/un","€4,89/un"
Ração para Cão Adulto Mini Yorkshire Terrier Frango e Arroz,Affinity Ultima,emb. 3 kg,"€18,99/un","€6,33/kg"
Ração para Cão Classics Wild Coast,Acana,emb. 2 kg,"€23,49/un","€11,75/kg"
Osso para Cão Júnior Mini Frango,Nylabone,1 un,"€21,49/un","€21,49/un"
Comida Húmida para Cão Adulto Sem Cereais Vaca,Purina Beyond,emb. 4 x 400 gr,"€10,59/un","€6,62/kg"
Sofá para Cão/Gato Oxford Bege M,Luben,1 un,"€89,99/un","€89,99/un"
Ração para Cão Adulto Light Perú e Cereais Integrais,Affinity Libra,emb. 3 kg,"€8,46/un","€2,82/kg"
Trela para Cão Preta L 5 m,Flexi,1 un,"€26,99/un","€26,99/un"
Trela para Cão Vermelha M 5 m,Flexi,1 un,"€24,99/un","€24,99/un"
Ração para Cão Adulto Médio e Maxi Borrego,Affinity Ultima Nature,emb. 7 kg,"€41,89/un","€5,98/kg"
Ração para Cão Adulto Mini Starter Mother & Babydog,Royal Canin,emb. 1 kg,"€8,18/un","€8,18/kg"
Ração para Cão NF Kidney Function,Purina Pro Plan Veterinary Diets,emb. 3 kg,"€26,91/un","€8,97/kg"
Comida Húmida para Cão Delight Frango Lata,GimDog,emb. 150 gr,"€2,09/un","€13,93/kg"
Ração para Cão Júnior Galinha e Arroz,Pedigree,emb. 3 kg,"€14,99/un","€5,00/kg"
Tiras para Cão Carne,Vitakraft,emb. 12 gr,"€0,79/un","€65,83/kg"
Ração para Cão Sénior Mini Frango e Arroz,Affinity Advance,emb. 3 kg,"€19,99/un","€6,66/kg"
Ração para Cão Senior Light,Happy One Mediterraneum,emb. 3 kg,"€15,53/un","€5,18/kg"
Champô para Cão Hidratante,Artero,emb. 250 ml,"€14,29/un","€57,16/lt"
Champô Seco para Cão,Artero,1 un,"€20,29/un","€67,63/lt"
Cama para Cão/Gato Cosma Castanho e Bege 60x50 cm,Trixie,1 un,"€42,12/un","€42,12/un"
Ração para Cão Adulto Urinary,Affinity Advance Veterinary Diets,emb. 3 kg,"€23,39/un","€7,80/kg"
Osso para Cão Cachorro Dental Azul XS,Nylabone,1 un,"€6,49/un","€6,49/un"
Suplemento Dermoscent Essential 6 Spot on Gatos,Campifarma,emb. 4 pipetas,"€17,89/un","€17,89/un"
Comida Húmida para Cão Delight Frango e Borrego Lata,GimDog,emb. 150 gr,"€2,09/un","€13,93/kg"
Ração para Cão Adulto Mini Vaca e Legumes,Pedigree,"emb. 1,4 kg","€8,39/un","€5,99/kg"
Snack para Cão Adulto Maxi Dentastix,Pedigree,emb. 270 gr (7 un),"€4,39/un","€16,26/kg"
Comida Húmida para Cão Filete Frango Terrina,Schesir,emb. 150 gr,"€2,29/un","€15,27/kg"
Snack para Cão Mini Chewy Chunx,Pedigree,emb. 68 gr,"€2,29/un","€33,68/kg"
Ração para Cão Júnior Sensitive Salmão,Affinity Advance,emb. 3 kg,"€19,99/un","€6,66/kg"
Ração para Cão Júnior Médio Frango e Arroz,Affinity Advance,emb. 3 kg,"€19,99/un","€6,66/kg"
Ração para Cão Adulto Small Breeds,Happy One Mediterraneum,emb. 3 kg,"€25,89/un","€8,63/kg"
Ração para Cão Adulto Médio e Maxi Vaca e Arroz,Purina One,"emb. 2,5 kg","€13,99/un","€5,60/kg"
"Casota para Cão ""Cottage"" 83x87x101 cm",Trixie,1 un,"€299,30/un","€299,30/un"
Snack para Cão Adulto Médio e Maxi Dental,Affinity Advance,emb. 720 gr,"€10,99/un","€15,26/kg"
Suplemento Dermoscent Essential 6 Spot on Cães 10-20 kg,Campifarma,emb. 4 pipetas,"€20,79/un","€20,79/un"
Ração para Cão Adulto Sensitive Cordeiro e Arroz,Affinity Advance,emb. 3 kg,"€19,99/un","€6,66/kg"
"Brinquedo para Cão Propet Bola Tennis 6,3 cm Sortido",Pawise,1 un,"€1,99/un","€1,99/un"
Tira para Cão Adulto Frango,Continente,emb. 108 gr (12 un),"€1,69/un","€15,65/kg"
Ração para Cão Adulto Selected Sem Cereais Frango,Nature´s Variety,"emb. 1,5 kg","€12,00/un","€8,00/kg"
Ração para Cão Adulto Médio e Maxi Vaca e Arroz,Affinity Ultima,emb. 3 kg,"€18,99/un","€6,33/kg"
"Bebedouro para Cão 3,5 L",Avior,1 un,"€6,79/un","€6,79/un"
Comida Húmida para Cão Júnior Vaca e Frango Saquetas,Continente,emb. 4x100 gr,"€1,79/un","€4,48/kg"
"Ração para Cão Sopa Frango, Arroz e Ervilhas Pack Poupança",Continente,emb. 6 kg,"€7,99/un","€1,33/kg"
Snack para Cão Mini Dentas Fresh,Pedigree,emb. 440 gr (28 un),"€9,69/un","€22,02/kg"
Comida Húmida para Cão Patê Vaca Terrina,Cesar,emb. 150 gr,"€1,39/un","€9,27/kg"
Trela para Cão Extensível Vermelho S 5 m,Vitakraft,1 un,"€12,29/un","€12,29/un"
Trela para Cão Preta M 5 m,Flexi,1 un,"€24,99/un","€24,99/un"
"Casota para Cão ""Lodge"" Cinza M e L 130x100x105 cm",Trixie,1 un,"€448,02/un","€448,02/un"
Ração para Cão Obesity Management,Purina Pro Plan Veterinary Diets,emb. 3 kg,"€27,89/un","€9,30/kg"
Ração para Cão Classics Red,Acana,emb. 2 kg,"€22,49/un","€11,25/kg"
Ração para Cão Júnior Frango,Purina Dog Chow,"emb. 2,5 kg","€7,39/un","€2,96/kg"
Ração para Cão Adulto Light&Fit,Acana,emb. 6 kg,"€48,99/un","€8,17/kg"
Ração para Cão Adulto Médio e Maxi Nature Sem Cereais Perú,Affinity Ultima Nature,"emb. 2,7 kg","€20,99/un","€7,77/kg"
Cama para Cão/Gato Impermeável Retangular Luben Xtreme Vermelho 10x60x40 cm,Luben,1 un,"€32,99/un","€32,99/un"
Ração para Cão Sénior Ageing +7 Articular Care,Affinity Advance Veterinary Diets,emb. 3 kg,"€19,79/un","€6,60/kg"
Ração para Cão Júnior Médio e Maxi Frango e Arroz,Affinity Ultima,emb. 3 kg,"€18,99/un","€6,33/kg"
Snack para Cão Tasty minis Chew Slic,Pedigree,emb. 155 gr,"€1,69/un","€10,90/kg"
"Snack para Cão Júnior Espiral Aves, Borrego e Vaca",Continente,emb. 75 gr (6 un),"€1,89/un","€25,20/kg"
Ração para Cão Adulto Mini Optibalance Frango,Purina Pro Plan,emb. 3 kg,"€17,43/un","€5,81/kg"
Dispensador de Sacos Higiénicos para Cão,Continente,emb. 2 x 15 un,"€1,99/un","€1,99/un"
Ração para Cão Adulto Médio e Maxi Frango e Arroz,Affinity Ultima,emb. 3 kg,"€18,99/un","€6,33/kg"
Comida Húmida para Cão Adulto Sem Cereais Frango,Purina Beyond,emb. 4 x 400 gr,"€10,59/un","€6,62/kg"
Ração para Cão Júnior Mini XS,Royal Canin,emb. 3 kg,"€21,30/un","€7,10/kg"
WeSkin Spray Antisético,Wepharm,emb. 100 ml,"€9,40/un","€94,00/lt"
Comida Húmida para Cão Adulto Frango e Papaia Terrina,Schesir,emb. 150 gr,"€2,34/un","€15,60/kg"
Haste de Veado para Cão Natural M,Natural Horn,1 un,"€12,99/un","€12,99/un"
Brinquedo para Cão Fox S e M,Kong,1 un,"€14,79/un","€14,79/un"
Snack para Cão Adulto Rolinhos Duo,Continente,emb. 200 gr (2 un),"€1,79/un","€8,95/kg"
Snack para Cão Dental Fresh,Pedigree,emb. 110 gr,"€2,49/un","€22,64/kg"
Ração para Cão Adulto Cordeiro,Affinity Libra,emb. 3 kg,"€8,46/un","€2,82/kg"
Ração para Cão Adulto Sensitive Salmão,Purina Dog Chow,"emb. 2,5 kg","€7,39/un","€2,96/kg"
Lava Chão Cão/Gato Pet Wash Multisuperficies,Pet Wash,emb. 1 lt,"€2,99/un","€2,99/lt"
Ração para Cão Adulto Médio Digestive Care,Royal Canin,emb. 3 kg,"€19,63/un","€6,54/kg"
Ração para Cão Adulto French Bulldog,Royal Canin,emb. 3 kg,"€18,30/un","€6,10/kg"
Ração para Cão Júnior Médio Optistart Frango,Purina Pro Plan,emb. 3 kg,"€18,89/un","€6,30/kg"
Transportadora para Cão Tecido Azul Nylon Tcamp 70x75x95 cm,Trixie,1 un,"€108,99/un","€108,99/un"
Ração para Cão Highest Protein Wild Prairie,Acana,emb. 2 kg,"€25,99/un","€13,00/kg"
Snack para Cão Adulto Mini Salsichas,Vitakraft,emb. 200 gr,"€2,49/un","€12,45/kg"
Ração para Cão Adulto Médio,Royal Canin,emb. 4 kg,"€19,99/un","€5,00/kg"
Ração para Cão Adulto Médio Dermacomfort,Royal Canin,emb. 3 kg,"€19,45/un","€6,48/kg"
Ração para Cão Adulto Médio Optiderma Salmão,Purina Pro Plan,emb. 3 kg,"€18,89/un","€6,30/kg"
Ração para Cão Adulto Mini Pele e Pelo Vaca Arroz,Purina One Mini,"emb. 1,5 kg","€8,65/un","€5,77/kg"
Ração para Cão Adulto Médio Frango e Arroz,Affinity Advance,emb. 3 kg,"€18,99/un","€6,33/kg"
Ração para Cão Adulto,Happy One Mediterraneum,emb. 3 kg,"€24,89/un","€8,30/kg"
Ração para Cão Adulto Mini Optiderma Salmão,Purina Pro Plan,emb. 3 kg,"€15,89/un","€5,30/kg"
Ração para Cão Adulto Balance Frango,Purina Friskies,emb. 9 kg,"€26,69/un","€2,97/kg"
Ração para Cão Adulto Frango,Purina Dog Chow,"emb. 2,5 kg","€7,06/un","€2,82/kg"
Osso Recheado com Carnes XS para Cão,,14 un,"€8,99/un","€53,51/kg"
Ração para Cão Adulto Frango,Affinity Libra,emb. 3 kg,"€6,80/un","€2,27/kg"
Stick para Cão Adulto Articulações,Continente,emb. 170 gr (7 un),"€3,49/un","€19,94/kg"
Brinquedo para Cão Rainbow World Ball S,Pawise,1 un,"€3,79/un","€3,79/un"
Ração para Cão Renal Failure,Affinity Advance Veterinary Diets,emb. 3 kg,"€23,39/un","€7,80/kg"
Osso para Cão Adulto Mini Dental Presunto,Continente,emb. 220 gr (1 un),"€2,79/un","€2,79/un"
Snack para Cão Médio Chewy Chunx,Pedigree,1 un,"€2,29/un","€33,68/kg"
Ração para Cão Adulto Light,Affinity Ultima,emb. 3 kg,"€18,99/un","€6,33/kg"
Comida Húmida para Cão Júnior Raças Pequenas Frango Terrina,Uppy Nutri,emb. 150 gr,"€1,29/un","€8,60/kg"
Comida Húmida para Cão Adulto Sem Cereais Pato Lata,Taste of the Wild,emb. 390 gr,"€2,25/un","€5,77/kg"
Brinquedos para Cão em Latex Sortidos,Vitakraft,1 un,"€3,00/un","€3,00/un"
Ração para Cão Adulto Médio Light Frango e Arroz,Affinity Advance,emb. 3 kg,"€19,99/un","€6,66/kg"
Haste de Veado para Cão Natural L,Natural Horn,1 un,"€22,99/un","€22,99/un"
Snack para Cão Médio Dentastix Fresh,Pedigree,emb. 270 gr (7 un),"€4,39/un","€16,26/kg"
Comida Húmida para Cão Sénior Mini Ageing 12+ Saquetas,Royal Canin,emb. 85 gr,"€1,75/un","€20,59/kg"
Comida Húmida para Cão Adulto Salsicha Frango,Continente,emb. 1 kg,"€2,59/un","€2,59/kg"
Ração para Cão Júnior Frango e Arroz,Affinity Advance,emb. 3 kg,"€20,99/un","€7,00/kg"
Sofá para Cão/Gato Spring Chevron Nuovo Cinza e Mostarda M,Luben,1 un,"€66,99/un","€66,99/un"
Snack para Cão Adulto Hipoalergénico,Affinity Advance,emb. 150 gr,"€3,49/un","€23,27/kg"
Ração para Cão Singles Free-run Duck,Acana,emb. 2 kg,"€30,99/un","€15,50/kg"
Ração para Cão Adulto Chihuahua,Royal Canin,"emb. 1,5 kg","€14,29/un","€9,53/kg"
Transportadora para Cão Tecido Azul Nylon Tcamp 40x40x55 cm,Trixie,1 un,"€54,30/un","€54,30/un"
Ração para Cão Adulto Chihuahua,Royal Canin,emb. 3 kg,"€20,78/un","€6,93/kg"
Comida Húmida para Cão Frango e Cenoura Lata,Schesir,emb. 285 gr,"€3,69/un","€12,95/kg"
Snack para Cão Sardinha,Happy One Mediterraneum,emb. 190 gr,"€4,19/un","€22,05/kg"
Comida Húmida para Cão Júnior Raças Médias e Grandes Frango Terrina,Uppy Nutri,emb. 300 gr,"€1,79/un","€5,97/kg"
Trela para Cão Vermelha S 5 m,Flexi,1 un,"€20,49/un","€20,49/un"
Ração para Cão Adulto Mini Special,Affinity Ultima,"emb. 1,5 kg","€7,48/un","€4,99/kg"
Ração para Cão Sénior Mini Ageing 8+,Royal Canin,emb. 4 kg,"€25,27/un","€6,32/kg"
Snack para Cão Adulto Mini Dental Care,Affinity Advance,emb. 360 gr (28 un),"€9,99/un","€27,75/kg"
"Escova de Borrada para Cão e Gato 21 x 3,5 cm",Pawise,1 un,"€4,49/un","€4,49/un"
Cinto de Segurança Preto 45 mm,Rogz,1 un,"€7,99/un","€7,99/un"
Toalhitas para Cão Olhos/Ouvidos Chá Verde,Continente,emb. 2 x 42 un,"€6,49/un","€0,08/un"
Ração para Cão Adulto Mini Salmão,Affinity Libra,emb. 3 kg,"€8,05/un","€2,68/kg"
Ração para Cão Adulto Mini Duo Délice Optibalance Frango,Purina Pro Plan,"emb. 2,5 kg","€15,90/un","€6,36/kg"
"Osso Natural Vaca Tamanho L 25,4 cm",Nothin' to Hide,emb. 180g (2 un),"€12,99/un","€12,99/un"
Ração para Cão Adulto Mini Light,Affinity Ultima,"emb. 1,5 kg","€7,48/un","€4,99/kg"
Luva para Cão Cuidado do Pelo,Trixie,1 un,"€6,99/un","€6,99/un"
Ração para Cão Sénior Médio Frango e Arroz,Affinity Advance,emb. 3 kg,"€19,99/un","€6,66/kg"
Comida Húmida para Cão Adulto Frango Perú em Lata,Lily's Kitchen,emb. 400 gr,"€2,99/un","€7,48/kg"
Ração para Cão Sénior Recipe,Acana,emb. 2 kg,"€23,49/un","€11,75/kg"
Toalhitas para Cão Higiénicas Clorexidina,Vetfield,emb. 40 un,"€4,49/un","€4,49/un"
"Casota para Cão Rígida em Plástico ""Sevilha"" 67x46x42 cm",Trixie,1 un,"€62,99/un","€62,99/un"
Cama para Gato com Aplicação para Janelas 51x36 cm,Trixie,1 un,"€24,99/un","€24,99/un"
Comida Húmida para Cão Adulto Gelatina Borrego Saquetas,Purina Friskies,emb. 4 x 100 gr,"€2,59/un","€6,48/kg"
Ração para Cão Adulto Alta Nutrição,Continente,emb. 4 kg,"€7,99/un","€2,00/kg"
Brinquedo para Cão Jornal,Webbox,1 un,"€6,00/un","€6,00/un"
Ração para Cão Adulto Pug,Royal Canin,emb. 3 kg,"€21,20/un","€7,07/kg"
Snack para Cão Meat Me 100% Vaca,Vitakraft,emb. 60 gr,"€2,99/un","€49,83/kg"
Brinquedo para Cão Hippo M e L,Kong,1 un,"€17,79/un","€17,79/un"
Ração para Cão Adulto Mini,Royal Canin,emb. 3 kg,"€19,49/un","€6,50/kg"
Tiras para Cão Adulto 100% Natural,Vitakraft,emb. 80 gr,"€3,99/un","€49,88/kg"
Ração para Cão Júnior Puppy Jack Russel Terrier,Royal Canin,emb. 3 kg,"€23,65/un","€7,88/kg"
Ração para Cão Sénior Mini Ageing 9+ Optiage Frango,Purina Pro Plan,emb. 3 kg,"€19,90/un","€6,63/kg"
Ração para Cão Highest Protein Ranchlands,Acana,emb. 2 kg,"€30,99/un","€30,99/un"
Recarga para Rolo Removedor de Pelos,Scotch-Brite,emb. 30 folhas,"€3,99/un","€3,99/un"
Snack para Cão Grande,Purina Dentalife,emb. 1272 gr (36 un),"€9,49/un","€7,46/kg"
Brinquedo para Cão Bola com Corda,Kong,1 un,"€16,99/un","€16,99/un"
Ração para Cão Júnior Cocker,Royal Canin,emb. 3 kg,"€21,99/un","€7,33/kg"
Snack para Cão Dentastix Fresh,Pedigree,emb. 180 gr (7 un),"€3,29/un","€18,28/kg"
"Comida Húmida para Cão Júnior, Adulto e Sénior Saquetas",Pedigree,emb. 4 x 100 gr,"€2,69/un","€6,73/kg"
Brinquedo para Cão Rainbow World Gear S,Pawise,1 un,"€3,29/un","€3,29/un"
Ração para Cão Júnior Mini Optistart Frango,Purina Pro Plan,emb. 3 kg,"€19,90/un","€6,63/kg"
Ração para Cão Regionals Grasslands,Acana,emb. 2 kg,"€28,99/un","€14,50/kg"
"Comida Húmida para Cão Júnior Mini Frango, Arroz e Leite",Affinity Ultima,emb. 4 x 150 gr,"€5,98/un","€9,97/kg"
Comida Húmida para Cão Adulto Mini Campo,Cesar,emb. 4 x 150 gr,"€5,19/un","€8,65/kg"
Comida Húmida para Cão Adulto Vaca e Frango,Continente,emb. 4x100 gr,"€1,79/un","€4,48/kg"
Osso para Cão Mini Frango,Nylabone,1 un,"€6,49/un","€6,49/un"
Cobertura Banco Traseiro Impermeável,Max,emb. 1 un,"€9,99/un","€9,99/un"
Almofada para Cão/Gato Retangular Oil M 75x50 cm,Lupi Linx,1 un,"€9,79/un","€9,79/un"
Comida Húmida para Cão Adulto Pedaços Gelatina Terrina,Purina Friskies,emb. 4 x 100 gr,"€2,59/un","€6,48/kg"
Champô Pyo,Duoxo S3,emb. 200 ml,"€19,20/un","€96,00/lt"
Comida Húmida para Cão Adulto Sem Cereais Salmão Lata,Taste of the Wild,emb. 390 gr,"€2,25/un","€5,77/kg"
"Snack para Cão Adulto Rolinhos Aves, Borrego e Vaca",Continente,emb. 75 gr (4 un),"€1,29/un","€17,20/kg"
Ração para Cão Adulto Mini Sem Cereais Peru,Affinity Ultima Nature,"emb. 1,1 kg","€9,79/un","€8,90/kg"
Barras L + 20 kg Saquetas,Dental-B,emb. 14 un,"€20,49/un","€20,49/un"
Ração para Cão Júnior Balance Frango,Purina Friskies,emb. 9 kg,"€26,69/un","€2,97/kg"
"Comida Húmida para Cão Júnior, Adulto e Sénior Saquetas",Pedigree,emb. 4 x 100 gr,"€2,69/un","€6,73/kg"
Brinquedo para Cão Preto Extreme L,Kong,1 un,"€16,49/un","€16,49/un"
Comida Húmida para Cão Adulto Gelatina Frango Saquetas,Purina Friskies,emb. 4 x 100 gr,"€2,59/un","€6,48/kg"
Ração para Cão Adulto Labrador Retriever,Royal Canin,emb. 3 kg,"€19,79/un","€6,60/kg"
Ração para Cão Adult Maxi,Royal Canin,emb. 4 kg,"€18,79/un","€4,70/kg"
Ração para Cão Adulto Mini Sem Cereais Optidigest Peru,Purina Pro Plan,"emb. 2,5 kg","€19,90/un","€7,96/kg"
Ração para Cão Júnior Maxi Frango e Arroz,Affinity Advance,emb. 3 kg,"€19,99/un","€6,66/kg"
Brinquedo para Cão Stick com Squeaker 28 cm,Pawise,1 un,"€10,99/un","€10,99/un"
Comida Húmida para Cão Frango e Aloé Terrina,Schesir,emb. 150 gr,"€2,29/un","€15,27/kg"
Comida Húmida para Cão Frango e Carne Terrina,Schesir,emb. 150 gr,"€2,29/un","€15,27/kg"
Champô para Cão Vitalizante,Artero,emb. 250 ml,"€14,29/un","€57,16/lt"
Ração para Cão Júnior Mini,Royal Canin,"emb. 1,5 kg","€11,54/un","€7,69/kg"
Ração para Cão Júnior Poodle 33,Royal Canin,emb. 3 kg,"€23,24/un","€7,75/kg"
Ração para Cão Adulto Mini Frango Pack Poupança,Continente,emb. 4 kg,"€6,49/un","€1,62/kg"
Ração para Cão Adulto Poodle,Royal Canin,"emb. 1,5 kg","€12,86/un","€8,57/kg"
Bola para Cão Esponja,Pawise,3 un,"€4,79/un","€4,79/un"
Snack para Cão Mini Good Chew Vaca,Pedigree,emb. 58 gr,"€1,99/un","€34,31/kg"
Ração para Cão Médio e Maxi Nature Borrego,Affinity Ultima Nature,emb. 3 kg,"€20,99/un","€7,00/kg"
Alicate para Cão L,Mpets,1 un,"€11,79/un","€11,79/un"
Comida Húmida para Cão Júnior Médio Saquetas,Royal Canin,emb. 140 gr,"€2,59/un","€2,59/un"
Ração para Cão Adulto Médio Selected Sem Cereais Frango,Nature´s Variety,emb. 2 kg,"€15,00/un","€2,14/kg"
Snack para Cão Frango e Perú,Happy One Mediterraneum,emb. 190 gr,"€4,19/un","€22,05/kg"
Snack para Cão Vaca e Borrego,Happy One Mediterraneum,emb. 190 gr,"€4,19/un","€22,05/kg"
Snack para Cão Meat Me 100% Frango,Vitakraft,emb. 60 gr,"€2,99/un","€49,83/kg"
Toalhitas Higiénicas para Cão Aloé Vera,Natural Dermo Pet,emb. 35 un,"€4,89/un","€4,89/un"
Comida Húmida para Cão Função Renal Lata,Purina Pro Plan Veterinary Diets,emb. 400 gr,"€3,10/un","€7,75/kg"
Osso para Cão Mini,8in1 Delights,emb. 7 un,"€6,99/un","€49,93/kg"
Osso para Cão Maxi Bife,Tastybone,1 un,"€13,49/un","€13,49/un"
Ração para Cão Adulto Mini Vaca,Affinity Ultima,"emb. 1,5 kg","€7,48/un","€4,99/kg"
Comida Húmida para Cão Adulto Sem Cereais Borrego Lata,Taste of the Wild,emb. 390 gr,"€2,25/un","€5,77/kg"
Ração para Cão Adulto Mini Sensitive Salmão e Arroz,Affinity Advance,emb. 800 gr,"€4,99/un","€6,24/kg"
Snack para Cão Chick'Os Osso Frango,Riga,emb. 80 gr (8 un),"€3,49/un","€43,63/kg"
Snack Beef Stick Júnior para Cão,Vitakraft,1 un,"€0,79/un","€65,83/kg"
Comida Húmida para Cão Adulto Mini,Affinity Ultima,emb. 4 x 150 gr,"€5,98/un","€9,97/kg"
Comida Húmida para Cão Adulto Mini Horta,Cesar,emb. 4 x 150 gr,"€5,19/un","€34,60/kg"
Cama para Cão/Gato Othello Castanho e Bege 50 cm,Trixie,1 un,"€42,66/un","€42,66/un"
Cama Absorvente para Cão Júnior 40x60cm,Trixie,emb. 7 un,"€4,99/un","€4,99/un"
Ração para Cão Adulto Médio Selected Sem Cereais Salmão,Nature´s Variety,emb. 2 kg,"€16,00/un","€8,00/kg"
Snack para Cão Peru,Moments,emb. 60 gr,"€2,19/un","€36,50/kg"
Ração para Cão Adulto Médio Original Sem Cereais Salmão,Nature´s Variety,emb. 2 kg,"€14,99/un","€7,50/kg"
Osso para Cão Prensado Médio Natural,Riga,1 un,"€2,39/un","€47,80/kg"
Ração para Cão Júnior Mini Frango e Arroz,Affinity Advance,emb. 800 gr,"€4,99/un","€6,24/kg"
Ração para Cão Adulto Mini Borrego,Affinity Ultima Nature,"emb. 1,25 kg","€9,79/un","€7,83/kg"
Sofá para Cão/Gato Spiring Chevron Mostarda XS,Luben,1 un,"€39,99/un","€39,99/un"
Snack para Cão Treaties Superfood,Vitakraft,emb. 100 gr,"€3,29/un","€32,90/kg"
Snack para Cão Dentastix,Pedigree,emb. 180 gr (7 un),"€3,29/un","€18,28/kg"
Biscoito para Cão Adulto Light Frango e Arroz,Purina Pro Plan,emb. 400 gr,"€5,29/un","€13,23/kg"
Osso para Cão Adulto Mini Bife,8in1 Delights,emb. 7 un,"€5,99/un","€71,31/kg"
Ração para Cão Adulto Recipe,Acana,emb. 2 kg,"€23,49/un","€11,75/kg"
"Osso Natural Vaca Flip Chips Tamanho S 12,7 cm",Nothin' to Hide,emb. 240 gr (8 un),"€12,49/un","€12,49/un"
Snack para Cão Mini Meat Me 100% Peru,Vitakraft,emb. 60 gr,"€2,99/un","€49,83/kg"
"Bebedouro para Cão/Gato Viagem Maya 0,5 Lt",Mimau,1 un,"€2,79/un","€2,79/un"
Snack para Cão Treaties Linguiça,Vitakraft,emb. 120 gr,"€2,99/un","€24,92/kg"
Champô para Cão Júnior,Biogance,emb. 250 ml,"€11,99/un","€47,96/lt"
Trela para Cão 15 mm 120 cm S Aquarius,Lupi Linx,1 un,"€7,99/un","€7,99/kg"
Sofá para Cão/Gato Spring Chevron Nuovo Cinza e Azul XS,Luben,1 un,"€47,99/un","€47,99/un"
Toalhitas Higiénicas para Cão Aloé Vera e Talco,Farm Company,emb. 40 un,"€5,09/un","€5,09/un"
Snack para Cão Adulto Raças Pequenas Dental,Continente,emb. 140 gr,"€1,39/un","€9,93/kg"
Snack para Cão Dentastix Tiras,Pedigree,emb. 110 gr (7 un),"€2,49/un","€22,64/kg"
Brinquedo para Cão Rainbow World Coronule S,Pawise,1 un,"€2,99/un","€2,99/un"
Osso para Cão Júnior M Frango,Nylabone,1 un,"€8,99/un","€8,99/un"
Ração para Cão Adulto Borrego,Purina Dog Chow,"emb. 2,5 kg","€6,99/un","€2,80/kg"
Arnês Preto com Fecho Segurança 10mm x 20-35cm,Pet+,1 un,"€5,79/un","€5,79/un"
Cama para Cão/Gato Kaline Cinzento e Creme 70 cm,Trixie,1 un,"€69,07/un","€69,07/un"
Comedouro/Bebedouro para Cão/Gato Inox Antiderrapante 946 ml M,Propet,1 un,"€6,09/un","€6,09/un"
Comedouro/Bebedouro para Cão/Gato Inox Antiderrapante 1890 ml L,Propet,1 un,"€6,99/un","€6,99/un"
Comida Húmida para Cão Adulto CArnês em Gelatina,Purina Friskies,emb. 12 x 100 gr,"€7,29/un","€6,08/kg"
Comedouro/Bebedouro para Cão/Gato Inox Antiderrapante 475 ml S,Propet,1 un,"€4,79/un","€4,79/un"
Champô para Cão Júnior,Animology,1 un,"€8,99/un","€35,96/lt"
Comida Húmida para Cão Adulto Mini Clássico,Cesar,emb. 4 x 150 gr,"€5,19/un","€8,65/kg"
Osso Recheado com Carne M 16 cm,Tetra,1 un,"€5,19/un","€79,85/kg"
Snack para Cão Júnior Natural Frango e Arroz,Kong,emb. 312 gr (1 un),"€10,99/un","€36,63/kg"
Snack para Cão Salmão,Moments,emb. 60 gr,"€2,19/un","€36,50/kg"
"Comida Húmida para Cão Sénior Mini Frango, Legumes e Arroz",Affinity Ultima,emb. 4 x 150 gr,"€5,98/un","€9,97/kg"
Comida Húmida para Cão Júnior Frango e Aloé Terrina,Schesir,emb. 150 gr,"€2,29/un","€15,27/kg"
Coleira para Cão 10 mm 20-30 cm XS Aquaurius,Lupi Linx,1 un,"€3,99/un","€3,99/un"
Comida Húmida para Cão Frango e Ervilha Lata,Schesir,emb. 285 gr,"€3,69/un","€12,95/kg"
Comida Húmida para Cão Sénior Mini,Cesar,emb. 4 x 150 gr,"€5,19/un","€8,65/kg"
Ração para Cão Sénior X-small Ageing 12+,Royal Canin,"emb. 1,5 kg","€11,54/un","€7,69/kg"
Snack para Cão Veggiedent Maxi,Virbac,emb. 15 un,"€13,79/un","€13,79/un"
Barras S -7 kg Saquetas,Dental-B,emb. 14 un,"€14,49/un","€60,38/un"
Comida Húmida para Cão Frango e Ananás Terrina,Schesir,emb. 150 gr,"€2,34/un","€15,60/kg"
Brinquedo para Cão Floss Tugger Bola Punho,Pawise,1 un,"€4,29/un","€4,29/un"
Lava Chão para Cão Acqua Marina,Sanilove,"emb. 1,5 lt","€5,49/un","€3,66/lt"
Snack para Cão Fruta,Moments,emb. 60 gr,"€2,19/un","€36,50/kg"
Ração para Cão Adulto Boi,Affinity Libra,emb. 3 kg,"€8,46/un","€2,82/kg"
Pente para Cão Anti Pulga,Mpets,1 un,"€7,29/un","€7,29/un"
Ração para Cão Adulto Mini Original Sem Cereais Salmão,Nature´s Variety,"emb. 1,5 kg","€11,95/un","€7,97/kg"
Cama para Cão/Gato Branco e Bege 60x55 cm,Trixie,1 un,"€25,99/un","€25,99/un"
Snack para Cão Barra Entrançada Delights,8in1 Delights,1 un,"€3,99/un","€72,55/kg"
Toalhitas para Cão Higiénicas Bio Mirra,Vetfield,emb. 30 un,"€4,49/un","€14,97/kg"
Osso para Cão Maxi Natural,Riga,1 un,"€5,09/un","€33,93/kg"
Ração para Cão Adulto Mini Original Sem Cereais Perú,Nature´s Variety,"emb. 1,5 kg","€11,00/un","€7,33/kg"
"Osso Natural Frango Tamanho L 25,4 cm",Nothin' to Hide,emb. 180 gr (2 un),"€12,99/un","€12,99/un"
Cinto de Segurança para Cão Tamanho S,Trixie,1 un,"€9,99/un","€9,99/un"
Brinquedo Natural Elefante C/Corda 36 cm,Farm Company,1 un,"€15,49/un","€15,49/un"
Comida Húmida para Cão Atum e Cenoura Lata,Schesir,emb. 285 gr,"€3,69/un","€12,95/kg"
Comida Húmida para Cão Organic Chicken Supper,Lily's Kitchen,emb. 150 gr,"€2,19/un","€2,19/un"
Ração para Cão Adulto Mini Ageing 8+,Royal Canin,"emb. 1,5 kg","€12,56/un","€8,37/kg"
Snack para Cão Mini Meat Me 100% Frango,Vitakraft,emb. 60 gr,"€2,99/un","€49,83/kg"
Ração para Cão Adulto Mini Frango e Arroz,Affinity Advance,emb. 800 gr,"€4,49/un","€5,61/kg"
Brinquedo para Cão Propet Porco Latex 15 cm,Pawise,1 un,"€7,09/un","€7,09/un"
Bola para Cão Tenis,Propet,1 un,"€4,79/un","€4,79/un"
Comida Húmida para Cão Adulto Mini Saquetas,Royal Canin,emb. 85 gr,"€1,75/un","€1,75/un"
"Osso Natural Vaca Twist Stix Tamanho S 12,7 cm",Nothin' to Hide,emb. 65 gr (10 un),"€5,49/un","€5,49/un"
Comida Húmida para Cão Frango e Abóbora Lata,Schesir,emb. 285 gr,"€3,69/un","€12,95/kg"
"Comdeouro/Bededouro para Cão/Gato Automatico 1,5 L",,1 un,"€5,99/un","€5,99/un"
Comida Húmida para Cão Júnior Atum e Aloé Terrina,Schesir,emb. 150 gr,"€2,29/un","€15,27/kg"
Comida Húmida para Cão Organic Lamb Supper,Lily's Kitchen,emb. 150 gr,"€2,19/un","€14,60/kg"
Ração para Cão Adulto Mini Frango e Arroz,Affinity Advance,"emb. 1,5 kg","€9,99/un","€6,66/kg"
Osso para Cão Natural Maxi Ham Bone,Petfield,emb. 550 gr (1 un),"€2,89/un","€2,89/un"
Sofá para Cão/Gato Oxford Bege XS,Luben,1 un,"€47,99/un","€47,99/un"
"Bebedouro para Cão/Gato 0,5 L",Avior,1 un,"€4,29/un","€4,29/un"
Snack para Cão Sénior +7 anos,Affinity Advance,emb. 150 gr,"€3,49/un","€23,27/kg"
Sofá para Cão/Gato Oxford Cinza M,Luben,1 un,"€89,99/un","€89,99/un"
Bebedouro para Cão/Gato,Avior,1 un,"€5,59/un","€5,59/un"
Osso para Cão Mini,8in1 Delights,1 un,"€4,49/un","€128,29/kg"
Coleira para Cão 20 mm 35-54 cm M Sahara,Lupi Linx,1 un,"€5,99/un","€5,99/kg"
Snack para Cão Júnior Mini Frango e Arroz,Kong,emb. 198 gr (1 un),"€8,59/un","€42,95/kg"
Brinquedo Natural Panda Verm C/Corda 25 cm,Farm Company,1 un,"€14,99/un","€14,99/un"
Lava Chão para Cão Fruit Time,Sanilove,"emb. 1,5 lt","€5,49/un","€3,66/lt"
Comida Húmida para Cão Adulto Médio Saquetas,Royal Canin,emb. 140 gr,"€2,59/un","€18,50/kg"
Comida Húmida para Cão Júnior Frango,Purina Friskies,emb. 4 x 100 gr,"€2,59/un","€6,48/kg"
Ração para Cão Adulto West Highland White Terrier,Royal Canin,"emb. 1,5 kg","€13,32/un","€8,88/kg"
Ração para Cão Adulto Mini Original Frango,Nature´s Variety,"emb. 1,5 kg","€11,00/un","€7,33/kg"
Snack para Cão Mini Natural Frango,Kong,1 un,"€8,59/un","€42,95/kg"
"Brinquedo para Cão Funy Chew Bone 10,5 cm",Pawise,1 un,"€3,79/un","€3,79/un"
Snack para Cão Adulto Médio Veggiedent,Virbac,emb. 15 un,"€10,79/un","€10,79/un"
"Bola para Cão Krack 7,5 cm",Pawise,1 un,"€6,09/un","€6,09/un"
Bola para Cão Snack Giggle 7 cm,Pawise,1 un,"€3,79/un","€3,79/un"
Bola para Cão com Picos 8 cm,Pawise,1 un,"€3,79/un","€3,79/un"
Osso para Cão Prensado Mini Natural,Riga,emb. 5 un,"€3,39/un","€33,90/kg"
Snack para Cão Adulto Barritas Tenras,Continente,emb. 100 gr,"€1,69/un","€16,90/kg"
Haste de Veado para Cão Natural S,Natural Horn,1 un,"€10,49/un","€10,49/un"
"Osso Natural Vaca Tamanho S 12,7 cm",Nothin' to Hide,emb. 90 gr (2 un),"€6,99/un","€77,67/kg"
Sofá para Cão/Gato Impermeável Retangular Xtreme Preto,Luben,1 un,"€43,99/un","€43,99/un"
Sofá para Cão/Gato Impermeável Xtreme Castanho,Luben,1 un,"€54,99/un","€54,99/un"
"Casota para Cão ""Classic"" Cinza 116x82x79 cm",Trixie,1 un,"€308,03/un","€308,03/un"
"Bola para Cão TPR com Squeaker 6,5 cm",Pawise,1 un,"€5,79/un","€5,79/un"
"Comedouro/Bebedouro para Cão/Gato Inox 21 cm x 1,5 lt",Propet,1 un,"€6,49/un","€6,49/un"
Brinquedo Natural Corda Sisal Treino L/Xl,Farm Company,1 un,"€10,49/un","€10,49/un"
Osso para Cão Adulto Mini Porco,8in1 Delights,emb. 7 un,"€6,49/un","€77,26/kg"
Toalhitas para Cão Higiénicas Talco,Vetfield,emb. 40 un,"€4,49/un","€4,49/un"
"Brinquedo para Cão Pega TPR com Corda 6,3 cm",Pawise,1 un,"€6,99/un","€6,99/un"
Ração para Cão Júnior Médio e Maxi Optiderma Salmão,Purina Pro Plan,emb. 3 kg,"€19,90/un","€6,63/kg"
Ração para Cão Júnior Labrador Retriever,Royal Canin,emb. 3 kg,"€20,69/un","€6,90/kg"
Brinquedo para Cão Snack Dispens Osso 12 cm,Pawise,1 un,"€3,79/un","€3,79/un"
Comida Húmida para Cão Controlo do Peso Lata,Purina Pro Plan Veterinary Diets,emb. 400 gr,"€3,35/un","€8,38/kg"
Snack para Cão Veggiedent Mini,Virbac,emb. 15 un,"€9,69/un","€9,69/un"
Sofá para Cão/Gato Impermeável Xtreme Preto L,Luben,1 un,"€110,99/un","€110,99/un"
"Bola para Cão Snack Giggle 11,5 cm",Pawise,1 un,"€7,09/un","€7,09/un"
Osso Recheado com Carne 5cm Tamanho XS para Cão,Tetra,7 un,"€6,79/un","€80,83/kg"
Snack para Cão Adulto Raças Pequenas Dental,Continente,emb. 320 gr (28 un),"€5,49/un","€17,16/kg"
Snack para Cão Pequeno,Purina Dentalife,emb. 882 gr (54 un),"€9,49/un","€10,76/kg"
"Snack para Cão Adulto Frango, Aves e Borrego",Continente,emb. 140 gr,"€1,99/un","€14,21/kg"
"Brinquedo para Cão Dura Chew Bacon 16,5 cm",Pawise,1 un,"€6,99/un","€6,99/un"
Comida Húmida para Cão Júnior Maxi Saquetas,Royal Canin,emb. 140 gr,"€2,59/un","€18,50/kg"
Ração para Cão Pacific Stream Sem Cereais Salmão Fumado,Taste of the Wild,"emb. 5,6 kg","€31,49/un","€5,62/kg"
Trela para Cão 15 mm 120 cm S Sahara,Lupi Linx,1 un,"€7,99/un","€7,99/kg"
Brinquedo para Cão Pirata,Webbox,1 un,"€8,00/un","€8,00/un"
Snack para Cão Maxi Natural Frango,Kong,emb. 312 gr (1 un),"€10,99/un","€36,63/kg"
Ração para Cão Júnior,Happy One Mediterraneum,emb. 3 kg,"€25,89/un","€8,63/kg"
"Comedouro/Bebedouro para Cão/Gato Duplo Azul M 0,3 lt",Jomafe,1 un,"€1,69/un","€1,69/un"
Brinquedo para Cão Dura Chew Frango 10 cm,Pawise,1 un,"€5,79/un","€5,79/un"
Comida Húmida para Cão Adulto Bio Carne Lata,Schesir,emb. 400 gr,"€4,59/un","€11,48/kg"
Comida Húmida para Cão Frango,Webbox,emb. 400 gr,"€2,49/un","€6,23/kg"
Sofá para Cão/Gato Impermeável Xtreme Cinzento XS,Luben,1 un,"€45,99/un","€45,99/un"
"Bola para Cão TPR 12,5 cm Sortido",Pawise,1 un,"€5,79/un","€5,79/un"
Snack para Cão Treaties Frango,Vitakraft,emb. 120 gr,"€2,99/un","€24,92/kg"
"Pente para Cão e Gato 21x13,5 cm",Pawise,1 un,"€4,29/un","€4,29/un"
Snack para Cão de Frango,Lily's Kitchen,emb. 70 gr,"€2,99/un","€42,71/kg"
Snack para Cão Cubos Carne e Fígado,Alpha Spirit,1 un,"€1,19/un","€34,00/kg"
Comida Húmida para Cão Adulto Multi CArnês,Purina Friskies,emb. 24 x 100 gr,"€10,38/un","€4,33/kg"
Biscoito para Cão Adulto Frango e Arroz,Purina Pro Plan,emb. 400 gr,"€5,29/un","€13,23/kg"
Trela para Cão 25 mm 120 cm M/L Azul,Lupi Linx,1 un,"€8,99/un","€8,99/kg"
Comida Húmida para Cão Borrego,Webbox,emb. 400 gr,"€2,49/un","€6,23/kg"
Comida Húmida para Cão Dermacomfort,Royal Canin,emb. 85 gr,"€1,75/un","€20,59/kg"
Ração para Cão Adulto Mini Dermocomfort,Royal Canin,emb. 1 kg,"€8,80/un","€8,80/kg"
Brinquedo para Cão Rainbow World Ball L,Pawise,1 un,"€6,09/un","€6,09/un"
"Osso Natural Frango Tamanho S 12,7 cm",Nothin' to Hide,emb. 90 gr (2 un),"€6,99/un","€77,67/kg"
Comida Húmida para Cão Adulto Mother & Babydog Lata,Royal Canin,emb. 195 gr,"€2,89/un","€14,82/kg"
Osso Natural Frango Tamanho S Stix,Nothin' to Hide,emb. 65 gr (10 un),"€5,49/un","€5,49/un"
Bola para Cão Snack Dispens 7 cm,Pawise,1 un,"€3,79/un","€3,79/un"
Comida Húmida para Cão Adulto Bio Frango Lata,Schesir,emb. 400 gr,"€4,59/un","€11,48/kg"
Comedouro/Bebedouro para Cão/Gato Fácil Digestão Branco M,Pawise,1 un,"€4,99/un","€4,99/un"
"Transportadora para Cão Linus Cabrio Castanho 35x50x34,5 cm",Imac,1 un,"€31,99/un","€31,99/un"
Snack para Cão Adulto Sensitive,Affinity Advance,emb. 150 gr,"€3,49/un","€23,27/kg"
Comida Húmida para Cão Júnior Grain Free,Mhims,emb. 375 gr,"€3,09/un","€8,24/kg"
Snack para Cão Cubos Frango,Alpha Spirit,1 un,"€1,19/un","€34,00/kg"
Trela para Cão Preta 100 cm 20 mm,Pet+,1 un,"€6,99/un","€6,99/un"
Osso para Cão Maxi Natural,Riga,1 un,"€3,49/un","€43,63/kg"
WeSkin Creme Reparador Cicatrizante,Wepharm,emb. 30gr.,"€14,60/un","€486,67/kg"
Snack para Cão Adulto Controlo Apetite,Affinity Advance,emb. 150 gr,"€3,49/un","€23,27/kg"
Snack para Cão de Vaca,Lily's Kitchen,emb. 70 gr,"€2,99/un","€42,71/kg"
Ração para Cão Adulto Mini Esterilizado,Royal Canin,emb. 1 kg,"€7,87/un","€7,87/kg"
Comida Húmida para Cão Adulto Vaca em Lata,Lily's Kitchen,emb. 400 gr,"€2,99/un","€7,48/kg"
Ração para Gato Canion River Sem Cereais Truta e Salmão Fumado,Taste of the Wild,"emb. 5,6 kg","€39,99/un","€7,14/kg"
Brinquedo para Cão Wildknots Urso M e L,Kong,1 un,"€15,99/un","€15,99/un"
"Casota para Cão ""Classic"" Cinza 104x72x68 cm",Trixie,1 un,"€244,56/un","€244,56/un"
Ração para Cão Classics Prairie Poultry,Acana,emb. 340 gr,"€4,59/un","€13,50/kg"
Bola para Cão Snack Giggle 9 cm,Pawise,1 un,"€5,19/un","€5,19/un"
Snack para Cão Everlasting Treats Grande Frango,Starmark,emb. 2 un,"€9,99/un","€49,95/un"
Snack para Cão Tiras Aves,Continente,emb. 104 gr,"€0,99/un","€9,52/kg"
Comida Húmida para Cão Adulto Sem Cereais Javali Lata,Taste of the Wild,emb. 390 gr,"€2,25/un","€5,77/kg"
Arnês Vermelho com Fecho Segurança 10 mm x 20-35 cm,Pet+,1 un,"€5,79/un","€5,79/un"
Coleira para Cão 25 mm 46-72 cm l Aquaurius,Lupi Linx,1 un,"€7,99/un","€7,99/kg"
Snack para Cão Adulto Mini Dental,Affinity Advance,emb. 7 un,"€2,99/un","€33,22/kg"
"Brinquedo para Cão Snack Dispens 27,5 cm",Pawise,1 un,"€16,49/un","€16,49/un"
Ração para Cão Singles Grass-fed Lamb,Acana,emb. 340 gr,"€6,19/un","€18,21/kg"
Comida Húmida para Cão Adulto Exigent Saquetas,Royal Canin,emb. 85 gr,"€1,75/un","€20,59/kg"
Sofá para Cão/Gato Oxford Cinzento S,Luben,1 un,"€62,99/un","€62,99/un"
Comida Húmida para Cão Júnior Mini,Cesar,emb. 150 gr,"€1,39/un","€9,27/kg"
WeSkin Champô Fisiológico,Wepharm,emb. 200 ml,"€18,40/un","€92,00/lt"
Sofá para Cão/Gato Oxford Cinza XS,Luben,1 un,"€47,99/un","€47,99/un"
Mousse Calm,Duoxo S3,emb. 150 ml,"€27,40/un","€182,67/lt"
Ração para Cão Adulto Nutricalm Frango,Purina Pro Plan,emb. 3 kg,"€19,90/un","€6,63/kg"
Sofá para Cão/Gato Spring Chevron Nuovo Cinza e Azul M,Luben,1 un,"€66,99/un","€66,99/un"
Ração para Cão Regional Red,Orijen,emb. 6 kg,"€70,97/un","€11,83/kg"
Ração para Cão Classics Wild Coast,Acana,emb. 340 gr,"€4,59/un","€13,50/kg"
Comida húmida para Cão Salmão,Aruba,emb. 100 gr,"€1,99/un","€19,90/kg"
Osso para Cão Prensado Maxi Natural,Riga,1 un,"€8,99/un","€22,48/kg"
Bola para Cão Giggle Laranja 7 cm,Pawise,1 un,"€5,79/un","€5,79/un"
Comida Húmida para Cão Adulto Mini Frango,Cesar,emb. 300 gr,"€2,69/un","€8,97/kg"
"Brinquedo para Cão Dura Chew Frango 15,5 cm",Pawise,1 un,"€6,79/un","€6,79/un"
Ração para Cão Adulto Mini Digestive Care,Royal Canin,emb. 1 kg,"€8,80/un","€8,80/kg"
Ração para Cão Adulto Maxi Ageing 5+,Royal Canin,emb. 4 kg,"€22,96/un","€5,74/kg"
Comida Húmida para Cão Adulto Mini Horta,Cesar,emb. 150 gr,"€1,39/un","€2,32/kg"
Snack para Cão Ibérico,Moments,emb. 60 gr,"€2,19/un","€36,50/kg"
Ração para Cão Júnior,Orijen,emb. 340 gr,"€6,84/un","€20,12/kg"
Ração para Cão Adulto Mini Selected Sem Cereais Salmão,Nature´s Variety,emb. 7 kg,"€48,35/un","€6,91/kg"
Trela para Cão New Comfort L 50 kg Cinzenta,Flexi,1 un,"€42,99/un","€42,99/un"
Arnês para Cão 15 mm 24-38 cm S Cinzento,Lupi Linx,1 un,"€7,99/un","€7,99/kg"
Snack para Cão Adulto Médio e Maxi Dental,Affinity Advance,emb. 7 un,"€3,49/un","€19,39/kg"
Comida Húmida para Cão Adulto Shi Tzu,Royal Canin,emb. 85 gr,"€1,75/un","€20,59/kg"
Sofá para Cão/Gato Spring Chevron Nuovo Cinzento e Mostarda XS,Luben,1 un,"€39,99/un","€39,99/un"
Colchão para Cão/Gato Drago Preto 70x45 cm,Trixie,1 un,"€27,99/un","€27,99/un"
Arnês para Cão 15 mm 24-38 cm S Sahara,Lupi Linx,1 un,"€7,99/un","€7,99/kg"
Ração para Cão Wetlands Grain Free,Taste of the Wild,"emb. 5,6 kg","€30,25/un","€5,40/kg"
Sofá para Cão/Gato Spring Chevron Nuovo Cinza e Verde M,Luben,1 un,"€66,99/un","€66,99/un"
Arnês para Cão 25 mm 40-67 cm L Sahara,Lupi Linx,1 un,"€9,99/un","€9,99/kg"
Brinquedo para Cão Rainbow World Coronule L,Pawise,1 un,"€4,39/un","€4,39/un"
Comedouro/Bebedouro para Cão/Gato Amarelo L 1 lt,Maya,1 un,"€3,69/un","€3,69/un"
Comida Húmida para Cão Sénior Mini Frango e Arroz Terrina,Cesar,emb. 150 gr,"€1,39/un","€9,27/kg"
"Brinquedo para Cão Bola Sortida 6,3 cm",Pawise,1 un,"€2,19/un","€2,19/un"
Ração para Cão Júnior Médio,Royal Canin,emb. 1 kg,"€5,75/un","€5,75/kg"
Arnês para Cão 25 mm 40-67 cm L Azul,Lupi Linx,1 un,"€9,99/un","€9,99/kg"
Sofá para Cão/Gato Spring Chevron Verde M,Luben,1 un,"€66,99/un","€66,99/un"
Brinquedo para Cão Stick com Squeaker 18 cm,Pawise,1 un,"€7,09/un","€7,09/un"
Cardadeira para Cão/Gato Médio 17x11cm,Pawise,1 un,"€5,49/un","€5,49/un"
Brinquedo para Cão Rainbow World Gear L,Pawise,1 un,"€4,39/un","€4,39/un"
"Brinquedo para Cão Bigode 14,5 cm",Pawise,1 un,"€3,29/un","€3,29/un"
Bola para Cão TPR com Cordas 26 cm,Pawise,1 un,"€6,99/un","€6,99/un"
Almofada para Cão/Gato Retangular Denim M 80/60cm,Lupi Linx,1 un,"€17,49/un","€17,49/un"
Sacos Higienicos para Cão BIO Blister,Farm Company,emb. 4 x 15 un,"€5,89/un","€5,89/un"
Champô Zincoseb,Calier,emb. 250 ml,"€20,70/un","€82,80/lt"
Comida Húmida para Cão Júnior Bio Frango Lata,Schesir,emb. 400 gr,"€4,59/un","€11,48/kg"
Brinquedo para Cão Rainbow World Gear M,Pawise,1 un,"€3,79/un","€3,79/un"
"Brinquedo para Cão Propet Corda Nos 17,8 cm",Pawise,1 un,"€2,99/un","€2,99/un"
Comida húmida para Cão Bacalhau,Aruba,emb. 100 gr,"€1,99/un","€19,90/kg"
Brinquedo para Cão Yum N Fun Asa Galinha,Pawise,1 un,"€6,99/un","€6,99/un"
"Casota para Cão ""Cottage"" 71x77x76cm",Trixie,1 un,"€211,84/un","€211,84/un"
Ração para Cão Júnior Frango e Arroz,Affinity Advance,emb. 800 gr,"€6,19/un","€7,74/kg"
Brinquedo para Cão Elephant M e L,Kong,1 un,"€17,79/un","€17,79/un"
Sofá para Cão/Gato Spring Chevron Nuovo Cinza e Mostarda S,Luben,1 un,"€47,99/un","€47,99/un"
Sofá para Cão/Gato Impermeável Xtreme Castanho XS,Luben,1 un,"€45,99/un","€45,99/un"
Snack para Cão Queijo,Moments,emb. 60 gr,"€2,19/un","€36,50/kg"
Snack para Cão Carne e Peixe,Alpha Spirit,emb. 160 gr (16 un),"€3,79/un","€108,29/kg"
Peitoral de Treino Lead'N'Walk 55-90 cm,Trixie,1 un,"€22,99/un","€22,99/un"
"Casota para Cão ""Classic"" 116x82x79 cm",Trixie,1 un,"€305,76/un","€305,76/un"
Ração para Cão Júnior Maxi Optistart Frango,Purina Pro Plan,emb. 3 kg,"€19,90/un","€6,63/kg"
Champô para Cão,Animology,1 un,"€8,99/un","€35,96/lt"
Luva Borracha para Cão,Mpets,1 un,"€20,99/un","€20,99/un"
Cardadeira Ponta Protegida Pequena,Artero,1 un,"€8,99/un","€8,99/un"
Osso para Cão Maxi Frango,Tastybone,1 un,"€13,49/un","€13,49/un"
Ração para Cão Highest Protein Ranchlands,Acana,emb. 340 gr,"€6,19/un","€18,21/kg"
Comida Húmida para Cão Adulto Mini Garden,Cesar,emb. 300 gr,"€2,69/un","€8,97/kg"
Ração para Cão Júnior Maxi,Royal Canin,emb. 4 kg,"€24,49/un","€6,12/kg"
Brinquedo para Cão Yum and Fun Peixe,Pawise,1 un,"€6,99/un","€6,99/un"
"Brinquedo para Cão Snack Dispens 14,5 cm",Pawise,1 un,"€12,19/un","€12,19/un"
Ração para Cão Veterinary Diet NF,Purina Pro Plan Veterinary Diets,emb. 12 kg,"€65,61/un","€5,47/kg"
Snack para Cão Cubos Peixe,Alpha Spirit,1 un,"€1,19/un","€34,00/kg"
Coleira para Cão 10 mm 20-30 cm XS Cinzento/Amarelo,Lupi Linx,1 un,"€3,99/un","€3,99/un"
Brinquedo Natural Corda Sisal C/2 Nós S,Farm Company,1 un,"€3,99/un","€3,99/un"
Ração para Cão Adulto Médio Optibalance Frango,Purina Pro Plan,emb. 3 kg,"€17,88/un","€5,96/kg"
Ração para Cão Optiderma Maxi Robust,Purina Pro Plan,emb. 14 kg,"€56,90/un","€4,06/kg"
Sofá para Cão/Gato Spring Chevron Nuovo Cinza e Azul XS,Luben,1 un,"€39,99/un","€39,99/un"
Ração paara Cão Júnior Puppy Shih Tzy,Royal Canin,"emb. 1,5 kg","€15,99/un","€10,66/kg"
Escova Dupla Face,Mpets,1 un,"€12,79/un","€12,79/un"
Comida Húmida para Cão Mix Sabores,Aruba,emb. 7x100 gr,"€13,99/un","€19,99/kg"
Comida Húmida para Cão Frango,Webbox,emb. 150 gr,"€1,59/un","€10,60/kg"
Snack para Cão Galinha,Alpha Spirit,emb. 16 un,"€3,79/un","€3,79/un"
Comedouro/Bebedouro para Cão/Gato Fácil Digestão L,Pawise,1 un,"€6,39/un","€6,39/un"
Brinquedo para Cão Frisbee Launcher,Pawise,1 un,"€7,99/un","€7,99/un"
Cama para Cão/Gato Impermeável Retangular Cinzento 10x80x60 cm,Luben,1 un,"€43,99/un","€43,99/un"
Ração para Cão Júnior Médio e Maxi Instinct,True Instinct,emb. 2 kg,"€16,95/un","€8,48/kg"
Coleira para Cão 20 mm 35-54 cm M Aquaurius,Lupi Linx,1 un,"€5,99/un","€5,99/un"
Sofá para Cão/Gato Spring Chevron Nuovo Cinza e Verde XS,Luben,1 un,"€39,99/un","€39,99/un"
Coleira com Fecho Segurança Preta 10 mm x 20-35 cm,Pet+,1 un,"€3,59/un","€3,59/un"
Sofá para Cão/Gato Tuscany Castanho S,Luben,1 un,"€65,99/un","€65,99/un"
Sofá para Cão/Gato Impermeável Xtreme Preto M,Luben,1 un,"€78,99/un","€78,99/un"
Escova Mpets com Pinos,Mpets,1 un,"€10,59/un","€10,59/un"
Comedouro/Bebedouro para Cão/Gato Gusto Plástico Azul/Cinzento 700 ml,Pawise,1 un,"€2,99/un","€2,99/un"
Comedouro/Bebedouro para Cão/Gato Propet Gusto Plástico Azul/Cinzento 350 ml,Pawise,1 un,"€2,29/un","€2,29/un"
Ração para Cão Médio Starter Mother & Babydog,Royal Canin,emb. 4 kg,"€26,19/un","€6,55/kg"
Osso para Cão Maxi Bacon,Tastybone,1 un,"€13,49/un","€13,49/un"
"Brinquedo para Cão Osso com Squeaker 9,5 cm",Pawise,1 un,"€5,79/un","€5,79/un"
Dermoscent Sunfree - Protector solar FPS 30,Campifarma,emb. 30 ml,"€17,49/un","€583,00/lt"
Transportadora para Cão Gipsy com Porta Metal 46x31x32 cm,Anivite,1 un,"€18,99/un","€18,99/un"
Brinquedo Natural Corda Sisal C/ 2 Nós M,Farm Company,1 un,"€5,99/un","€5,99/un"
Ração para Cão Adulto Mini Original Sem Cereais Salmão,Nature´s Variety,emb. 7 kg,"€43,95/un","€6,28/kg"
Cinto de Segurança para Cão Tamanho L,Trixie,1 un,"€15,49/un","€15,49/un"
Ração para Cão Sénior Ageing 7+ Optiage Frango,Purina Pro Plan,emb. 3 kg,"€19,71/un","€6,57/kg"
Sofá para Cão/Gato Tuscany Castanho M,Luben,1 un,"€91,99/un","€91,99/un"
Ração para Cão Júnior Maxi Optistart Frango,Purina Pro Plan,emb. 3 kg,"€19,71/un","€6,57/kg"
Coleira com Fecho Segurança Vermelha 10 mm x 20-35 cm,Pet+,1 un,"€3,59/un","€3,59/un"
Ração para Cão Adulto Selected Sem Cereais Frango,Nature´s Variety,emb. 7 kg,"€48,35/un","€6,91/kg"
Ração para Cão Júnior Selected Frango,Nature´s Variety,emb. 10 kg,"€65,95/un","€6,60/kg"
Peitoral Treino Leadnwalk Soft 65-105 cm,Trixie,1 un,"€24,99/un","€24,99/un"
"Casota para Cão Rígida em Plástico ""Sevilha"" 101x73x75 cm",Trixie,1 un,"€175,99/un","€175,99/un"
Osso para Cão Mini Frango,Tastybone,1 un,"€9,49/un","€9,49/un"
Osso Natural Frango Flip Chips,Nothin' to Hide,emb. 240 gr (8 un),"€12,49/un","€52,04/kg"
Brinquedo para Cão Propet Dental Chew 22 cm,Pawise,1 un,"€3,79/un","€3,79/un"
Cinto de Segurança para Cães Tamanho M,Trixie,1 un,"€12,99/un","€12,99/un"
Snack para Cão Plaque-Stop Sticks,Bogadent,emb. 50 gr,"€7,00/un","€70,00/kg"
"Casota para Cão Rígida em Plástico ""Sevilha"" 87x66x68cm",Trixie,1 un,"€120,99/un","€120,99/un"
Osso para Cão Mini Bacon,Tastybone,1 un,"€9,49/un","€9,49/un"
"Brinquedo para Cão Bola Corda 6,3 cm",Pawise,1 un,"€4,79/un","€4,79/un"
Ração para Cão Júnior Puppy Pug,Royal Canin,"emb. 1,5 kg","€13,49/un","€8,99/kg"
Brinquedo para Cão Rainbow World Coronule M,Pawise,1 un,"€3,79/un","€3,79/un"
"Casota para Cão ""Classic"" 104x72x68 cm",Trixie,1 un,"€242,25/un","€242,25/un"
Ração para Cão Adulto Mini Dermacomfort,Royal Canin,emb. 3 kg,"€21,49/un","€7,16/kg"
Barras M 7- 20 kg Saquetas,Dental-B,emb. 14 un,"€16,99/un","€16,99/un"
Brinquedo para Cão Bolas de Tennis Characters,Rosewood,1 un,"€6,99/un","€6,99/un"
Ração para Cão Júnior Médio e Maxi Sem Cereais Optidigest Peru,Purina Pro Plan,"emb. 2,5kg","€19,90/un","€7,96/kg"
Brinquedo Natural Polvo C/Corda 40 cm,Farm Company,1 un,"€18,49/un","€18,49/un"
Ração para Cão Júnior Pastor Alemao,Royal Canin,emb. 3 kg,"€24,49/un","€8,16/kg"
Comida Húmida para Cão Bio Porco Saquetas,Schesir,emb. 85 gr,"€1,89/un","€22,24/kg"
Sofá para Cão/Gato Spiring Chevron Mostarda S,Luben,1 un,"€47,99/un","€47,99/un"
Ração para Cão Júnior Selected Frango,Nature´s Variety,emb. 2 kg,"€14,69/un","€7,35/kg"
Ração para Cão Adulto Maxi Dental Care,Royal Canin,emb. 3 kg,"€19,63/un","€6,54/kg"
Ração para Cão Regional Red,Orijen,emb. 340 gr,"€7,02/un","€20,65/kg"
Brinquedo Natural Osso C/Corda 37 cm,Farm Company,1 un,"€12,49/un","€12,49/un"
Cama para Cão/Gato Impermeável Retangular Xtreme Castanho 10x80x60 cm,Luben,1 un,"€43,99/un","€43,99/un"
Brinquedo Natural Bola C/Corda 36 cm,Farm Company,1 un,"€14,99/un","€14,99/un"
Transportadora Gulliver V Cinza 58x60x79 cm,Trixie,1 un,"€134,00/un","€134,00/un"
Arnês com Fecho Segurança Preto 15mm 25-45cm,Pet+,1 un,"€6,99/un","€6,99/un"
Cama para Cão/Gato Lucky Cinzento e Xadrez 85x70 cm,Trixie,1 un,"€65,03/un","€65,03/un"
Trela para Animal 120cm (várias cores),Bazarão,emb. 1 un,"€6,99/un","€6,99/un"
Brinquedo Natural Aranha Corda+Som 25 cm,Farm Company,1 un,"€17,99/un","€17,99/un"
Sofá para Cão/Gato Spiring Chevron Azul XS,Luben,1 un,"€39,99/un","€39,99/un"
Brinquedo para Cão Funny Chew Bone L 15 cm,Pawise,1 un,"€6,79/un","€6,79/un"
Cama para Cão/Gato Impermeável Rectangular Xtreme Cinzento 10x60x40 cm,Luben,1 un,"€32,99/un","€32,99/un"
Bola para Cão Giggle Laranja 9 cm,Pawise,1 un,"€7,99/un","€7,99/un"
"Comedouro/Bebedouro para Cão/Gato Amarelo S 0,3 lt",Maya,1 un,"€2,59/un","€2,59/un"
Brinquedo Natural Tartaruga 20 cm,Farm Company,1 un,"€12,49/un","€12,49/un"
Coleira para Cão 10 mm 20-30 cm XS Sahara,Lupi Linx,1 un,"€3,99/un","€3,99/kg"
Sofá para Cão/Gato Spiring Chevron Verde XS,Luben,1 un,"€39,99/un","€39,99/un"
Cama para Cão/Gato Impermeável Retangular Xtreme Cinzento 12x100x70 cm,Luben,1 un,"€57,99/un","€57,99/un"
Comida húmida para Cão Veado,Aruba,emb. 100 gr,"€1,99/un","€19,90/kg"
Ração para Cão Adulto Maxi Starter Mother & Babydog,Royal Canin,emb. 4 kg,"€26,99/un","€6,75/kg"
Snack para Cão Dental,Bogadent,emb. 7 un,"€4,99/un","€4,99/un"
Arnês para Cão 15 mm 24-38 cm S Azul,Lupi Linx,1 un,"€7,99/un","€7,99/kg"
Trela para Cão Nylon Vermelho 25 mm x 100 cm,Pet+,1 un,"€7,99/un","€7,99/un"
Ração para Cão Júnior Maxi Optistart Frango,Purina Pro Plan,emb. 3 kg,"€20,89/un","€6,96/kg"
Sofá para Cão/Gato Spring Chevron Nuovo Cinza e Verde S,Luben,1 un,"€47,99/un","€47,99/un"
Biberão Cão/Gato com Escovilhão,,1 un,"€4,69/un","€4,69/un"
Sofá para Cão/Gato Spring Chevron Mostarda M,Luben,1 un,"€66,99/un","€66,99/un"
Bola para Cão Pawise TPR com Squeaker 5.5 cm,Pawise,1 un,"€4,79/un","€4,79/un"
Trela para Cão Vermelha 100 cm 20 mm,Pet+,1 un,"€6,99/un","€6,99/un"
Comedouro/Bebedouro para Cão/Gato Amarelo XL 2 lt,Maya,1 un,"€4,89/un","€4,89/un"
Brinquedo Natural Corda Sisal C/3 Nós S,Farm Company,1 un,"€4,49/un","€4,49/un"
Ração para Cão Adulto Mini Original Frango,Nature´s Variety,emb. 7 kg,"€43,95/un","€6,28/kg"
Osso para Cão Mini Bife,Tastybone,1 un,"€9,49/un","€9,49/un"
Sofá para Cão/Gato Oxford Bege S,Luben,1 un,"€62,99/un","€62,99/un"
Brinquedo Natural Corda Sisal Treino S/M,Farm Company,1 un,"€5,99/un","€5,99/un"
Sofá para Cão/Gato Spring Chevron Azul S,Luben,1 un,"€47,99/un","€47,99/un"
Comida húmida para Cão Frango,Aruba,emb. 100 gr,"€1,99/un","€19,90/kg"
Transportadora para Cão Tecido Azul Nylon Tcamp 32x32x37 cm,Trixie,1 un,"€39,99/un","€39,99/un"
Brinquedo Natural Rubbersisal 23 cm,Farm Company,1 un,"€9,99/un","€9,99/un"
Sofá para Cão/Gato Tuscany Castanho XS,Luben,1 un,"€49,99/un","€49,99/un"
Brinquedo Natural Joaninha C/Corda 15 cm,Farm Company,1 un,"€17,99/un","€17,99/un"
Sofá para Cão/Gato Spiring Chevron Verde S,Luben,1 un,"€47,99/un","€47,99/un"
Brinquedo Natural Escaravelho Corda+Som 28 cm,Farm Company,1 un,"€18,49/un","€18,49/un"
Brinquedo Natural Corda Sisal C/2 Nós L,Farm Company,1 un,"€7,99/un","€7,99/un"
Brinquedo Natural Corda Sisal C/3 Nós L,Farm Company,1 un,"€8,99/un","€8,99/un"
"Casota para Cão Rígida em Plástico ""Sevilha"" 74x56x51 cm",Trixie,1 un,"€77,99/un","€77,99/un"
Snack para Cão Carne e Peixe,Alpha Spirit,emb. 16 un,"€3,79/un","€108,29/kg"
Brinquedo para Cão Rubber Belly Silver Reindeer,Rosewood,1 un,"€10,99/un","€10,99/un"
Comida húmida para Cão Adulto Cabra,Aruba,emb. 100 gr,"€1,99/un","€19,90/kg"
Brinquedo Natural Peluche Borboleta C/Corda,Farm Company,1 un,"€15,49/un","€15,49/un"
Ração para Cão Júnior Puppy Chihuahua,Royal Canin,emb. 500 gr,"€5,57/un","€11,14/kg"
Brinquedo Natural Peluche Caracol Corda 25 cm,Farm Company,1 un,"€18,49/un","€18,49/un"
Arnês com Fecho Segurança Vermelho 15mm 25-45cm,Pet+,1 un,"€6,99/un","€6,99/un"
"Ancinho para Cão e Gato 15x7,5 cm",Pawise,1 un,"€5,39/un","€5,39/un"
Brinquedo para Cão Funny Face 9 cm,Pawise,1 un,"€3,79/un","€3,79/un"
Cardeira Oval S,Mpets,1 un,"€9,19/un","€9,19/un"
Snack para Cão Tiras Borrego,Vitakraft,emb. 12 gr,"€0,79/un","€65,83/kg"
Comida húmida para Cão Adulto Perú,Aruba,emb. 100 gr,"€1,99/un","€19,90/kg"
Brinquedo Natural Escaravelho Corda+Som 21 cm,Farm Company,1 un,"€15,49/un","€15,49/un"
Brinquedo Natural Corda Sisal C/3 Nós M,Farm Company,1 un,"€6,99/un","€6,99/un"
Coleira para Cão 25 mm 46-72 cm l Azul/Amarelo,Lupi Linx,1 un,"€7,99/un","€7,99/un"
Coleira Pet + Fecho Segurança Preta 30-45 cm 15 mm,Pet+,1 un,"€4,09/un","€4,09/un"
Comida húmida para Cão Ganso,Aruba,emb. 100 gr,"€1,99/un","€19,90/kg"
Coleira Pet + Fecho Segurança Preta 45-65 cm 25 mm,Pet+,1 un,"€5,79/un","€5,79/un"
Arnês com Fecho Segurança Preto 25mm 40-70cm,Pet+,1 un,"€9,29/un","€9,29/un"
Snack para Cão Maxi Woofbrush Dental Chew,Lily's Kitchen,1 un,"€8,99/un","€8,99/un"
Ração para Cão Adulto Mini Xsmall Light Weight Care,Royal Canin,"emb. 1,5 kg","€11,87/un","€7,91/kg"
Cama para Cão/Gato Impermeável Retangular Xtreme Castanho 12x100x70 cm,Luben,1 un,"€57,99/un","€57,99/un"
Brinquedo para Cão Propet Dental Chew 38 cm,Pawise,1 un,"€7,09/un","€7,09/un"
Ração para Cão Mini Ageing 12+,Royal Canin,"emb. 1,5 kg","€10,49/un","€6,99/kg"
Brinquedo Natural Bola&Sisal 24 cm,Farm Company,1 un,"€10,49/un","€10,49/un"
Snack para Cão Tiras Carne Peru,Vitakraft,emb. 12 gr,"€0,79/un","€65,83/kg"
Colchão para Cão/Gato Preto 90x65 cm,Trixie,1 un,"€56,71/un","€56,71/un"
Ração para Cão Adulto Mini Weight Care,Royal Canin,emb. 1 kg,"€8,45/un","€8,45/kg"
Coleira para Cão 25 mm 46-72 cm l Cinzento/Amarelo,Lupi Linx,1 un,"€7,99/un","€7,99/un"
Toalhitas para Cão e Gato Olhos e Ouvidos Chá Verde,Continente,emb. 42 un,"€2,99/un","€0,07/un"
Brinquedo Natural Peluche Sapo C/Corda 22 cm,Farm Company,1 un,"€15,49/un","€15,49/un"
Ancinho para Cão e Gato L 15x11 cm,Pawise,1 un,"€6,19/un","€6,19/un"
Brinquedo Natural Peluche Sapo C/Corda 32 cm,Farm Company,1 un,"€18,49/un","€18,49/un"
Comida Húmida para Cão Frango e Presunto Terrina,Schesir,emb. 150 gr,"€2,29/un","€15,27/kg"
Brinquedo para Cão Propet Dental Chew 36 cm,Pawise,1 un,"€5,79/un","€5,79/un"
Brinquedo para Cão Rainbow World Ball M,Pawise,1 un,"€4,79/un","€4,79/un"
Comida Húmida para Cão Vaca,Webbox,emb. 150 gr,"€1,59/un","€10,60/kg"
Snack para Cão Tiras Vaca,Continente,emb. 70 gr,"€1,99/un","€28,43/kg"
Coleira para Cão 25 mm 46-72 cm l Sahara,Lupi Linx,1 un,"€7,99/un","€7,99/kg"
Cardeira Oval L,Mpets,1 un,"€10,19/un","€10,19/un"
Brinquedo para Cão Propet Dental Chew 30 cm,Pawise,1 un,"€4,79/un","€4,79/un"
Ração para Cão Adulto Mini Frango,Uppy Nutri,"emb. 1,5 kg","€7,29/un","€4,86/kg"
"Casota para Cão Rígida em Plástico ""Sevilha"" 112x79x79 cm",Trixie,1 un,"€219,99/un","€219,99/un"
Ração para Cão Adulto Southwest Canyon Wild Boar,Taste Of The Wild,"emb. 12,2 kg","€88,49/un","€88,49/un"
Peitoral Cão Neomesh Stripes3 Vermelho e Azul S,Dashi,1 un,"€22,99/un","€22,99/un"
Arnês para Cão 15 mm 24-38 cm S Aquarius,Lupi Linx,1 un,"€7,99/un","€7,99/kg"
Ração para Cão Adulto Mini Pele Sensível Optiderma,Purina Pro Plan,emb. 800 gr,"€6,29/un","€7,86/kg"
Escova para Cão Médio 16 cm,Beeztees,1 un,"€6,99/un","€6,99/un"
Brinquedo para Cão Snack Bacon&Queijo S,Kong,1 un,"€8,59/un","€8,59/un"
Ração para Cão Adulto Maxi Esterilizado,Royal Canin,emb. 3 kg,"€24,49/un","€24,49/un"
Brinquedo para Cão Bola com Corda Castanho,Beeztees,1 un,"€4,99/un","€4,99/un"
Esteira para Cão/Gato Roma Luben Laranja 50 cm,Luben,1 un,"€11,49/un","€11,49/un"
Sofá Spring Chevron Nuovo Cinza/Verde L,Luben,1 un,"€99,99/un","€99,99/un"
Brinquedo para Cão Fetch Foot Ball Shooter Azul,Beeztees,1 un,"€16,99/un","€16,99/un"
Brinquedo para Cão Classic Médio,Kong,1 un,"€12,49/un","€12,49/un"
Brinquedo para Cão Clicker para Treinar,Starmark,1 un,"€6,99/un","€6,99/un"
Brinquedo para Cão Shells Bear S,Kong,1 un,"€10,69/un","€10,69/un"
Comedouro/Bebedouro para Cão/Gato Cinza,Beeztees,1 un,"€4,09/un","€4,09/un"
Coleira para Cão Nylon Cinza Claro 20-30 cm,Beeztees,1 un,"€4,19/un","€4,19/un"
Snack para Cão Dental Orozyme L,Ecuphar,emb. 141 gr,"€16,49/un","€16,49/un"
Coleira para Cão Vermelha M,Dashi,1 un,"€10,99/un","€10,99/un"
Peitoral para Cão Rosa L,Dashi,1 un,"€16,99/un","€16,99/un"
Colchão para Cão/Gato Spring Chevron Verde M 9x80x60 cm,Luben,1 un,"€42,99/un","€42,99/un"
Anorak Stripes Rosa&Preto XS,Dashi,,"€25,99/un","€25,99/un"
Ração para Cão Adulto Borrego&Goji,Weego,emb. 12 kg,"€35,99/un","€3,00/kg"
Ração para Cão Júnior Mini Frango,Continente Seleção,emb. 800 gr,"€3,19/un","€3,99/kg"
Açaime para Cão e Gato Silicone Flexivel Preto L-XL,Trixie,1 un,"€24,99/un","€24,99/un"
Brinquedo para Cão Osso Flexivel 19 cm,Geobone,1 un,"€2,54/un","€2,54/un"
Anorak Stripes Rosa&Preto L,Dashi,,"€28,99/un","€28,99/un"
Snack para Cão Júnior,Happy One Premium,emb. 100 gr,"€1,49/un","€14,90/kg"
Arnês para Cão Army Green Soft Walk L,Zeedog,1 un,"€27,99/un","€27,99/un"
Coleira para Cão Skull 2.0 M,Zeedog,1 un,"€17,99/un","€17,99/un"
Comedouro/Bebedouro para Cão/Gato com Rebordo Verde 125 ml,Beeztees,1 un,"€11,49/un","€11,49/un"
Biscoito para Cão Salmao e Arroz,Purina Pro Plan,emb. 400 gr,"€5,29/un","€13,23/kg"
Ração para Cão Pastor Alemão +5,Royal Canin,emb. 12 kg,"€74,99/un","€74,99/un"
Comedouro para Cão Duplo Inox Silicone Verde,Beeztees,1 un,"€13,99/un","€13,99/un"
Ração para Cão Adulto Maxi Optimum Diet,Natural Greatness,emb. 10 kg,"€39,89/un","€3,99/kg"
Ração para Cão Adulto Wild,Natural Greatness,emb. 10 kg,"€62,89/un","€6,29/kg"
Ração para Cão Adulto Ocean Diet,Natural Greatness,emb. 2 kg,"€15,89/un","€7,95/kg"
Ração para Cão Adulto Beagle,Royal Canin,emb. 3 kg,"€24,49/un","€8,16/kg"
Ração para Cão Júnior Puppy Boxer,Royal Canin,emb. 12 kg,"€74,99/un","€6,25/kg"
Ração para Cão Adulto Dachshund,Royal Canin,"emb. 7,5 kg","€54,49/un","€7,27/kg"
Snack para Cão Superfood Salmão,Nature´s Variety,emb. 85 gr,"€3,99/un","€46,94/kg"
Brinquedo para Cão Disco Durafoam Bacon Flutuante M,Starmark,1 un,"€17,99/un","€17,99/un"
Arnês Cão Rosa e Preto XS,Dashi,1 un,"€12,99/un","€12,99/un"
Ração para Cão Labrador,Affinity Advance,emb. 12 kg,"€49,99/un","€4,17/kg"
Trela Cão Stripes3 Rosa e Preto M,Dashi,1 un,"€18,99/un","€18,99/un"
Coleira para Cão Rosa M,Dashi,1 un,"€12,99/un","€12,99/un"
Coleira para Cão Cinza S,Dashi,1 un,"€9,99/un","€9,99/un"
Ração para Cão Puppy German Shepherd,Royal Canin,emb. 12 kg,"€71,99/un","€6,00/kg"
Ração para Cão Júnior Médio OptidIgest Borrego,Purina Pro Plan,emb. 12 kg,"€54,99/un","€54,99/un"
Trela para Cão Bordeau S,Zeedog,1 un,"€22,99/un","€5,75/kg"
Trela para Cão 25 mm 120 cm M/L Cinzento,Lupi Linx,1 un,"€8,99/un","€8,99/kg"
Arnês para Cão Pacco Ajustável S,Zeedog,1 un,"€24,99/un","€24,99/un"
Toalhitas para Cão Malva com Óleo Jojoba Orgânico,Farm Company,1 un,"€4,99/un","€4,99/un"
Coleira para Cão Preta M,Dashi,1 un,"€10,99/un","€10,99/un"
Comedouro/Bebedouro para Cão/Gato Original L,Dashi,1 un,"€18,99/un","€18,99/un"
Escova para Cão Combo S,Mikki Bamboo,1 un,"€9,99/un","€9,99/un"
Ração para Cão Adulto Frango,Uppy Natur,emb. 3 kg,"€14,99/un","€5,00/kg"
Corta Unhas para Cão Pequeno 10 cm,Beeztees,1 un,"€6,49/un","€6,49/un"
Coleira para Cão Vermelha Nylon XL,Beeztees,1 un,"€7,49/un","€7,49/un"
Ração para Cão Júnior Pacific Stream Salmão,Taste of the Wild,"emb. 5,6 kg","€36,99/un","€36,99/un"
Corta Unhas Grande,Artero,1 un,"€11,59/un","€11,59/un"
Brinquedo para Cão Weave Knots Pig M,Kong,1 un,"€11,79/un","€11,79/un"
Esteira para Cão/Gato Roma Cinza 80cm,Luben,1 un,"€25,99/un","€25,99/un"
Snack para Cão Moments Light,Moments,emb. 60 gr,"€2,19/un","€2,19/un"
Casota para Cão Plástico Zeus 50 cm Rosa,Imac,1 un,"€61,99/un","€61,99/un"
Brinquedo para Cão Extreme X Grande,Kong,1 un,"€23,79/un","€23,79/un"
Brinquedo Wubba Ballistic Friend Pequeno para Cão,Kong,1 un,"€10,49/un","€10,49/un"
Peitoral para Cão Soft S Vrm Puppia,Puppia,1 un,"€21,89/un","€21,89/un"
Coleira para Cão Rosa L,Dashi,1 un,"€11,99/un","€11,99/un"
Comedouro/Bebedouro para Cão/Gato Aço Inóxidável Brilho 13 cm,Beeztees,1 un,"€2,49/un","€2,49/un"
Brinquedo para Cão Bola Everlasting Treat S,Starmark,1 un,"€12,99/un","€12,99/un"
Ração para Cão Puppy&Júnior,Natura Diet,emb. 12 kg,"€66,99/un","€5,58/kg"
Brinquedo para Cão Junior Knot Beef XS,Nylabone,1 un,"€6,99/un","€6,99/un"
Peitoral para Cão Soft L Preot Puppia,Puppia,1 un,"€21,89/un","€21,89/un"
Trela paa Cão Nylon Rosa 120 cm x 20 mm,Beeztees,1 un,"€11,69/un","€11,69/un"
Fraldas para Cão S,Beeztees,1 un,"€13,59/un","€13,59/un"
Trela para Cão Vermelha L,Dashi,1 un,"€17,99/un","€17,99/un"
"Manta ""Kenny"" Bege 75x100cm",Trixie,1 un,"€14,49/un","€14,49/un"
Ração para Cão Júnior Médio Frango,Purina Pro Plan,emb. 700 gr,"€4,90/un","€4,90/un"
Igloo para Cão/Gato Spring Chevron Cinza/Rosa M,Luben,1 un,"€55,99/un","€55,99/un"
Cardadeira com Dentes Protegidos Grande,Weego,1 un,"€9,19/un","€9,19/un"
Arnês para Cão Army Green Xs,Zeedog,1 un,"€16,99/un","€16,99/un"
Brinquedo Cão Peluche Porco Piggi Rosa,Beeztees,1 un,"€8,99/un","€8,99/un"
Ração para Cão Adulto MIni Salmão,Continente Seleção,emb. 2 kg,"€5,99/un","€3,00/kg"
Trela para Cão Preta S,Dashi,1 un,"€13,99/un","€13,99/un"
Coleira para Cão Vermelha S,Dashi,1 un,"€9,99/un","€9,99/un"
Comida Húmida para Cão Adulto Yorkshire Terrier Saquetas,Royal Canin,emb. 85 gr,"€1,92/un","€1,92/un"
Ração para Cão Adulto Carne,É Continente,emb. 4 kg,"€4,49/un","€1,12/kg"
Ração para Cão Adulto Singles Grass-fed Lamb,Acana,emb. 17 kg,"€137,99/un","€8,12/kg"
Arnês para Cão Pacco XS,Zeedog,1 un,"€16,99/un","€16,99/un"
Coleira para Cão Pacco XS,Zeedog,1 un,"€13,99/un","€13,99/un"
Arnês Cão Stripes3 Vermelho e Azul S,Dashi,1 un,"€15,99/un","€15,99/un"
Comedouro/Bebedouro para Cão/Gato Stripes3 Vermelho e Azul S,Dashi,1 un,"€11,99/un","€11,99/un"
Ração para Cão Adulto Médio Dental Care,Royal Canin,emb. 10 kg,"€62,99/un","€62,99/un"
Coleira para Cão Vermelha Nylon S,Beeztees,1 un,"€4,19/un","€4,19/un"
Ração para Cão Júnior + 4 meses de Frango Pato,Lily's Kitchen,"emb. 2,5 kg","€24,99/un","€10,00/kg"
Trela paa Cão Nylon Cinza Claro 120 cm x 20 mm,Beeztees,1 un,"€11,69/un","€11,69/un"
Snack para Cão Dental Orozyme S,Ecuphar,emb. 224 gr,"€16,99/un","€16,99/un"
Cuecas para Cão M,Beeztees,1 un,"€4,99/un","€4,99/un"
Sofá para Cão/Gato Spring Chevron Rosa L,Luben,1 un,"€99,99/un","€99,99/un"
Acondicionador Flash,Artero,1 un,"€22,99/un","€76,63/lt"
Sofá para Cão/Gato Impermeável Xtreme Azul L 115 cm,Luben,1 un,"€110,99/un","€110,99/un"
Peitoral para Cão Rosa XS,Dashi,1 un,"€10,99/un","€10,99/un"
Brinquedo para Cão e Dura Cheese Bone M,Nylabone,1 un,"€12,49/un","€12,49/un"
Transportadora para Cão Gypsy Creme 45x26 x29 cm,Beeztees,1 un,"€14,99/un","€14,99/un"
Briqnuedo para Cão Bola Extreme S,Kong,1 un,"€11,79/un","€11,79/un"
Peitoral para Cão Soft M Vrm Puppia,Puppia,1 un,"€21,89/un","€21,89/un"
Peitoral para Cão Nylon Cinza Claro 35-60 cm,Beeztees,1 un,"€10,69/un","€10,69/un"
Casota para Cão Plástico Zeus 50 cm Azul,Imac,1 un,"€61,99/un","€61,99/un"
Escova Cão Undercoat Long Hair M,Furminator,1 un,"€42,99/un","€42,99/un"
Peitoral para Cão Rosa M,Dashi,1 un,"€14,99/un","€14,99/un"
Colchão para Cão/Gato Spring Chevron Mostarda M 9x80x60 cm,Luben,1 un,"€42,99/un","€42,99/un"
Ração para Cão Adulto Lamb&Daily,Dingo,emb. 12 kg,"€39,99/un","€3,33/kg"
Corta Unhas Pequeno,Weego,1 un,"€7,29/un","€99,86/kg"
Champô para Cao Artero Relax,Artero,250 ml,"€18,29/un","€73,16/lt"
Peitoral para Cão Soft L Bege Puppia,Puppia,1 un,"€21,89/un","€21,89/un"
"Comedouro/Bebedouro para Cão e Gato Inox Anti-Derrapante 0,45Lt",Trixie,1 un,"€3,99/un","€3,99/un"
Brinquedo Cão Osso Sumo Laranja com Corda,Beeztees,1 un,"€11,99/un","€11,99/un"
Snack Chew para Cão Salmão M,Earth Animal No-Hide,emb. 60 gr,"€10,99/un","€10,99/un"
Ração para Cão Sénior Frango,Affinity Ultima Mini,emb. 3 kg,"€18,99/un","€6,33/kg"
Snack para Cão Nutri Dent Large,Nylabone,emb. 208 gr,"€11,99/un","€57,10/kg"
Saco para Cão Transporte Nylon Travico,Beeztees,1 un,"€28,99/un","€28,99/un"
Osso para Cão Frango&Queijo M,Plutos,1 un,"€2,49/un","€2,32/un"
Ração para Cão Adulto Maxi Light Weight Care,Royal Canin,emb. 12 kg,"€60,99/un","€5,08/kg"
Ração para Cão Adulto Maxi Esterilizado,Royal Canin,emb. 12 kg,"€61,99/un","€5,17/kg"
Peitoral Cão Neomesh Stripes3 Rosa e Preto S,Dashi,1 un,"€22,99/un","€22,99/un"
Coleira Cão Stripes3 Laranja e Preto XS,Dashi,1 un,"€10,99/un","€422,69/kg"
Peitoral para Cão Rosa S,Dashi,1 un,"€12,99/un","€12,99/un"
Arnês para Cão Cinza M,Dashi,1 un,"€14,99/un","€14,99/un"
Trela para Cão Preta M,Dashi,1 un,"€16,99/un","€16,99/un"
Arnês para Cão Pacco L,Zeedog,1 un,"€31,99/un","€31,99/un"
Trela para Cão Rosa M,Dashi,1 un,"€16,99/un","€16,99/un"
Trela New Classic Tape Rosa M,Flexi,1 un,"€24,99/un","€24,99/un"
Peitoral para Cão Soft S Prt Puppia,Puppia,1 un,"€21,89/un","€21,89/un"
Trela para Cão Rosa S,Dashi,1 un,"€13,99/un","€13,99/un"
Coleira para Cão Nylon Azul 26-40 cm x15 mm,Beeztees,1 un,"€5,49/un","€5,49/un"
Ração para Cão Starter,Natura Diet,emb. 12 kg,"€68,99/un","€5,75/kg"
Brinquedo para Cão Porco Latex 13 cm,Beeztees,1 un,"€3,09/un","€3,09/un"
Brinquedo para Cão Classic XXL,Kong,1 un,"€29,49/un","€29,49/un"
Peitoral para Cão Nylon Azul 35-60cm*15mm,Beeztees,1 un,"€10,69/un","€10,69/un"
Peitoral para Cão Nylon Laranja 46-75cm*20mm,Beeztees,1 un,"€13,99/un","€13,99/un"
Coleira para Cão Nylon Riscas 20-30x10 cm,Beeztees,1 un,"€6,49/un","€6,49/un"
Escova para Cão Pequeno 16 cm,Beeztees,1 un,"€6,69/un","€6,69/un"
"Manta ""Mimi"" Cizento 70x50cm",Trixie,1 un,"€10,99/un","€10,99/un"
Ração para Cão Adulto Mini Digestive Care,Royal Canin,emb. 8 kg,"€63,49/un","€63,49/un"
Snack para Cão Derma,Moments,emb. 150 gr,"€4,99/un","€4,99/un"
Brinquedo para Cão Corda com Bola,Mimau,1 un,"€2,54/un","€2,54/un"
Coleira para Cão Army Green L,Zeedog,1 un,"€19,99/un","€19,99/un"
Ração para Cão Júnior Frango,Continente Seleção,"emb. 7,5 kg","€19,99/un","€2,67/kg"
Ração para Cão Júnior Frango&Roma,Weego,emb. 12 kg,"€35,99/un","€3,00/kg"
Snack para Cão Nutri Dent Small,Nylabone,emb. 280 gr,"€17,99/un","€47,34/kg"
Arnês para Cão Frontal Stripes3 Vermelho e Azul S,Dashi,1 un,"€14,99/un","€14,99/un"
Anorak Stripes Vermelho&Azul L,Dashi,,"€28,99/un","€28,99/un"
Snack para Cão Nutri Dent Médio,Nylabone,emb. 324 gr,"€19,99/un","€62,47/kg"
Peitoral para Cão Neomesh Stripes3 Vermelho e Azul XL,Dashi,1 un,"€26,99/un","€26,99/un"
Comedouro/Bebedouro para Cão/Gato Tuff Bowl Lime,Zeedog,1 un,"€34,99/un","€34,99/un"
Comedouro para Cão So Good Cinza,Beeztees,1 un,"€11,99/un","€11,99/un"
Ração para Cão Adulto Borrego Sensetive Starter&Mini,Natural Greatness,emb. 2 kg,"€18,89/un","€9,45/kg"
Ração para Cão Veterinary Diet UR,Purina Pro Plan Veterinary Diets,emb. 12 kg,"€66,99/un","€66,99/un"
Ração para Cão Adulto Ocean Diet,Natural Greatness,emb. 10 kg,"€52,89/un","€5,29/kg"
Ração para Cão Adulto Coelho Light&Fit,Natural Greatness,emb. 2 kg,"€18,89/un","€9,45/kg"
Ração para Cão Opti RC MD Derma,Purina Pro Plan,"emb. 14+2,5 kg","€60,49/un","€60,49/un"
Spray Desembar Pelo Matt-X,Artero,1 un,"€26,29/un","€87,63/lt"
Peitoral Cão Neomesh Stripes3 Rosa e Preto M,Dashi,1 un,"€24,99/un","€24,99/un"
Brinquedo para Cão Júnior Puppy L,Kong,1 un,"€13,99/un","€13,99/un"
Pipeta Antiparasitário para Gato Combo Spot On,Frontline,emb. 6 un,"€33,30/un","€33,30/un"
Pipeta Antiparasitária para Cão >25kG 4*4ml,Advantix,emb. 4 x 4ml,"€31,89/un","€31,89/un"
Coleira Antiparasitária 65 cm,Scalibor,1 un,"€22,29/un","€22,29/un"
Cuecas para Cão S,Beeztees,1 un,"€4,49/un","€4,49/un"
Peitoral para Cão Vermelho M,Dashi,1 un,"€14,99/un","€14,99/un"
Pente para Cão Nti Embaraçado Médio,Mikki Bamboo,1 un,"€11,49/un","€11,49/un"
Brinquedo para Cão Júnior Puppy Binkie S,Kong,1 un,"€9,99/un","€9,99/un"
Trela paa Cão Nylon Cinza Claro 120 cm,Beeztees,1 un,"€7,49/un","€7,49/un"
Dispensador para Sacos Dejetos Cinza,Beeztees,emb. 2 x 20 un,"€4,49/un","€4,49/un"
Brinquedo para Cão Donut e Cupcake,Beeztees,1 un,"€2,49/un","€2,49/un"
Sofá para Cão/Gato Chevron Nuovo Cinza/Rosa M,Luben,1 un,"€66,99/un","€66,99/un"
Champô Seco para Cão Mucky Pup,Animology,emb. 250 ml,"€8,99/un","€8,99/un"
Brinquedo para Cão Cheese L,Tastybone,1 un,"€13,49/un","€13,49/un"
Fraldas para Cão XS,Beeztees,1 un,"€13,59/un","€13,59/un"
Brinquedo para Cão Bola Everlasting Treat L,Starmark,1 un,"€26,99/un","€26,99/un"
Ração para Cão Adulto Daily Food,Natura Diet,emb. 12 kg,"€59,99/un","€5,00/kg"
Brinquedo para Cão Air Bola Tennis S,Kong,1 un,"€6,99/un","€6,99/un"
Osso para Cão Extreme Duplo M,Nylabone,1 un,"€15,49/un","€15,49/un"
Coleira para Cão Azul S,Dashi,1 un,"€9,99/un","€9,99/un"
Dispensador para Sacos Dejetos Pretos + 2 rolos,Beeztees,1 un,"€4,49/un","€4,49/un"
Peitoral para Cão Azul M,Dashi,1 un,"€14,99/un","€14,99/un"
Osso para Cão Natural Brochette Ham Bone,Petfield,emb. 200 gr,"€1,69/un","€1,69/un"
Igloo para Cão/Gato Spring Chevron Cinza/Rosa S,Luben,1 un,"€43,99/un","€43,99/un"
Snack para Cão Sticks Salmão,Moments,emb. 600 gr,"€11,49/un","€11,49/un"
Suplemento para Cão Mobilidade,Purina Pro Plan,emb. 120 gr,"€54,99/un","€785,57/kg"
Osso para Cão Salmão&Queijo M,Plutos,1 un,"€2,49/un","€2,32/un"
Sofá paar Cão Bali Rosa L 115 cm,Luben,1 un,"€109,99/un","€109,99/un"
Coleira para Cão Skull 2.0 S,Zeedog,1 un,"€15,99/un","€266,50/kg"
Arnês para Cão Stripes3 Rosa e Preto L,Dashi,1 un,"€19,99/un","€19,99/un"
Ração para Cão Adulto Vaca,Affinity Libra,emb. 14 kg,"€31,89/un","€2,28/kg"
Garrafa para Cão Portátil para Viagem,Beeztees,emb. 750 ml,"€3,99/un","€3,99/un"
Comedouro para Cão Duplo Glorius Azul,Beeztees,1 un,"€18,99/un","€18,99/un"
Ração para Cão Adulto Optidigest Borrego,Purina Pro Plan,emb. 3 kg,"€21,89/un","€21,89/un"
Ração para Cão Adulto Wild,Natural Greatness,emb. 2 kg,"€18,89/un","€9,45/kg"
Ração para Cão Adulto Salmão Sensetive,Natural Greatness,emb. 2 kg,"€18,89/un","€9,45/kg"
Ração para Cão Maxi Light Weight Care,Royal Canin,emb. 3 kg,"€24,49/un","€8,16/kg"
Ração para Cão Adulto Orijinal,Orijen,emb. 6 kg,"€62,99/un","€10,50/kg"
Brinquedo Danglers Giraffe para Cão,Kong,1 un,"€14,49/un","€14,49/un"
Ração para Cão Adulto Médio Degistive Care,Royal Canin,emb. 12 kg,"€74,99/un","€6,25/kg"
Coleira Cão Stripes3 Vermelho e Azul M,Dashi,1 un,"€12,99/un","€12,99/un"
Trela Cão Stripes3 Laranja e Preto M,Dashi,1 un,"€18,99/un","€678,21/kg"
Comedouro/Bebedouro Stripes3 Rosa e Preto S,Dashi,1 un,"€11,99/un","€11,99/un"
Escova para Cão Cerdas Metalicas S,Mikki Bamboo,1 un,"€8,49/un","€8,49/un"
Ração para Cão Adulto Frango&Cenoura,Weego,emb. 3 kg,"€10,99/un","€3,66/kg"
"Colar Isabelino Opaco Classic 12,5 cm",Plurivet,1 un,"€5,19/un","€5,19/un"
Arnês para Cão Cinza XS,Dashi,1 un,"€10,99/un","€10,99/un"
Ração para Cão Adulto Mini Salmão,Affinity Ultima Nature,"emb. 1,25 kg","€9,79/un","€7,83/kg"
Ração para Cão Adulto Frango&Cenoura,Weego,emb. 12 kg,"€34,99/un","€2,92/kg"
Ração para Cão Júnior Frango&Roma,Weego,emb. 3 kg,"€11,99/un","€4,00/kg"
Anorak Stripes Rosa&Preto S,Dashi,,"€26,99/un","€26,99/un"
Trela para Cão Xtreme Laranja L 5M Até 65 kg,Flexi,1 un,"€46,99/un","€469,90/kg"
Snack para Cão Frango,Churu,emb. 8x14 gr,"€7,45/un","€745,00/kg"
Ração para Cão Júnior Starter,Natural Greatness,emb. 6 kg,"€38,89/un","€6,48/kg"
Ração para Cão Adulto Coelho Light&Fit,Natural Greatness,emb. 10 kg,"€62,89/un","€6,29/kg"
Ração para Cão Adulto Médio OptidIgest Borrego,Purina Pro Plan,emb. 14 kg,"€60,49/un","€60,49/un"
Ração para Cão Pastor Alemão,Affinity Advance,emb. 12 kg,"€49,99/un","€4,17/kg"
Ração para Cão Puppy Giant,Royal Canin,emb. 15 kg,"€71,99/un","€4,80/kg"
Brinquedo para Cão Bola Fantastic Durafoam Azul Flutuante L,Starmark,1 un,"€9,99/un","€9,99/un"
Brinquedo para Cão Air Tennis Ball L,Kong,1 un,"€4,99/un","€4,99/un"
Ração para Cão Adulto All Breed Borrego e Arroz,Affinity Advance,emb. 12 kg,"€49,99/un","€4,17/kg"
Pipeta Antiparasitária para Cão Combo S 2-10kg,Frontline,3 un,"€21,39/un","€21,39/un"
Pipeta Antiparasitária para Cão Combo XL 40-60kg,Frontline,3 un,"€30,29/un","€30,29/un"
Comedouro/Bebedouro para Cão/Gato Stripes3 Laranja e Preto L,Dashi,1 un,"€18,99/un","€18,99/un"
Ração para Cão Adulto Cocker,Royal Canin,emb. 12 kg,"€69,99/un","€5,83/kg"
Brinquedo para Cão Bacon Toy,Tastybone,1 un,"€7,99/un","€7,99/un"
Ração para Cão Adulto Maxi Dermacomfort,Royal Canin,emb. 12 kg,"€60,99/un","€5,08/kg"
Brinquedo para Cão Classic XS,Kong,1 un,"€8,49/un","€8,49/un"
Briqnuedo para Cão Puppy XS,Kong,1 un,"€7,99/un","€7,99/un"
Brinquedo para Cão Weave Moose M,Kong,1 un,"€11,79/un","€11,79/un"
Comedouro/Bebedouro para Cão/Gato Goodie Bone XXL,Beeztees,1 un,"€10,49/un","€10,49/un"
Brinquedo para Cão Beef Toy,Tastybone,1 un,"€7,99/un","€7,99/un"
Escova Deslanador para Remoção Pelo,Artero,1 un,"€28,99/un","€28,99/un"
Brinquedo para Cão Corda Entrelaçada Azul/Vermelho,Beeztees,1 un,"€10,19/un","€10,19/un"
Brinquedo para Cão Bola Everlasting Groovy S,Starmark,1 un,"€12,99/un","€12,99/un"
Ração para Cão Adulto Diet Light,Natura Diet,emb. 12 kg,"€69,99/un","€5,83/kg"
Ração para Cão Mini Puppy Grande Breed,Natura Diet,emb. 12 kg,"€66,99/un","€5,58/kg"
Ração para Cão Puppy&Júnior,Natura Diet,"emb. 0,5 kg","€5,69/un","€11,38/kg"
Coleira para Cão Preta L,Dashi,1 un,"€11,99/un","€11,99/un"
Peitoral para Cão Preto S,Dashi,1 un,"€12,99/un","€12,99/un"
Snack para Cão Sticks Ibérico,Moments,emb. 600 gr,"€11,49/un","€11,49/un"
Dispensador de Ração Inteligente,Nedis Smartlife,emb. 1 un,"€87,99/un","€87,99/un"
Brinquedo para Cão Super Laranja,Zeedog,1 un,"€12,99/un","€12,99/un"
Escova Furminator para Cão Long Hair S,Furminator,1 un,"€34,99/un","€34,99/un"
Coleira para Cão Cinza L,Dashi,1 un,"€11,99/un","€11,99/un"
Osso para Cão Vaca&Queijo M,Plutos,1 un,"€2,49/un","€2,32/un"
Snack para Cão Nutri Dent Médio,Nylabone,emb. 189 gr,"€11,99/un","€63,11/kg"
Snack para Cão Nutri Dent Small,Nylabone,emb. 140 gr,"€9,99/un","€71,36/kg"
Sofá paar Cão Bali Azul M 95 cm,Luben,1 un,"€72,99/un","€72,99/un"
Sofá paar Cão Bali Verde L 115 cm,Luben,1 un,"€109,99/un","€109,99/un"
Comedouro/Bebedouro para Cão/Gato Tuff Bowl Coral,Zeedog,1 un,"€34,99/un","€34,99/un"
Ração para Cão Sénior,Continente,"emb. 7,5 kg","€12,19/un","€1,63/kg"
Ração para Cão Adulto Perú,Natural Greatness,emb. 2 kg,"€17,89/un","€8,95/kg"
Comida Húmida para Cão Adulto Frango Halloween,Lily's Kitchen,emb. 400 gr,"€3,25/un","€8,13/kg"
Cardadeira com Dentes Protegidos Média,Weego,1 un,"€8,79/un","€8,79/lt"
Bebedouro para Cão e Gato Com Orelhas Compridas,Trixie,1 un,"€7,49/un","€7,49/un"
Snack Chew para Cão Frango M,Earth Animal No-Hide,emb. 60 gr,"€10,99/un","€10,99/un"
Trela para Cão Army Green Ruff S,Zeedog,1 un,"€31,99/un","€5,33/kg"
Trela para Cão Stripes3 Rosa e Preto L,Dashi,1 un,"€20,99/un","€20,99/un"
Açaime para Cão Silicone Flexivel Preto XL,Trixie,1 un,"€26,99/un","€26,99/un"
Mala de Transporte Animais,Bazarão,emb. 1 un,"€19,99/un","€19,99/un"
Comdeouro para Cão com Rebordo Vermelho,Beeztees,emb. 250 ml,"€9,99/un","€9,99/un"
Ração para Cão Adulto Borrego Sensetive,Natural Greatness,emb. 2 kg,"€18,89/un","€9,45/kg"
Brinquedo para Cão Bola Fantastic Durafoam Amarela Flutuante L,Starmark,1 un,"€9,99/un","€9,99/un"
Brinquedo para Cão Goodie Bone Vermelho M,Kong,1 un,"€13,99/un","€13,99/un"
Arnês Cão Stripes3 Rosa e Preto M,Dashi,1 un,"€17,99/un","€17,99/un"
Coleira Cão Stripes3 Laranja e Preto S,Dashi,1 un,"€11,99/un","€285,48/kg"
Arnês para Cão Army Green S,Zeedog,1 un,"€21,99/un","€21,99/un"
Coleira para Cão Azul L,Dashi,1 un,"€11,99/un","€11,99/un"
Ração para Cão Adulto Mini Optihealth,Purina Pro Plan,emb. 800 gr,"€6,29/un","€7,86/kg"
Ração para Cão Adulto Mini 8+,Royal Canin,emb. 8 kg,"€49,29/un","€6,16/kg"
Ração para Cão Júnior Médio OptidIgest Borrego,Purina Pro Plan,emb. 3 kg,"€21,89/un","€21,89/un"
Comida Húmida para Cão Adulto Natura Vaca&Cogumelos,Natural Greatness,emb. 400 gr,"€3,99/un","€9,98/kg"
Ração para Cão Highest Protein Pacifica,Acana,emb. 6 kg,"€60,99/un","€60,99/un"
Ração para Cão Adulto Maxi Light Frano e Arroz,Affinity Advance,emb. 14 kg,"€54,99/un","€54,99/un"
Ração para Cão Adulto Pine Forest Veado e Vegetais,Taste Of The Wild,"emb. 12,2 kg","€84,49/un","€84,49/un"
Brinquedo para Cão Bola Everlasting Bento M,Starmark,1 un,"€17,99/un","€17,99/un"
Brinquedo para Cão Bola Everlasting Bento L,Starmark,1 un,"€22,99/un","€22,99/un"
Coleira Antiparasitária 48 cm,Scalibor,1 un,"€21,29/un","€21,29/un"
Peitoral para Cão Vermelho XS,Dashi,1 un,"€10,99/un","€10,99/un"
Pipeta Antiparasitária para Cão 4-10kg,Advantix,emb. 4x1ml,"€29,19/un","€29,19/un"
Ração para Cão Adulto Médio Ageing 7+,Royal Canin,emb. 4 kg,"€26,79/un","€6,70/kg"
Coleira Cão Stripes3 Rosa e Preto XS,Dashi,1 un,"€10,99/un","€10,99/un"
Brinquedo Extreme Médio/Grande para Cão,Kong,1 un,"€17,79/un","€17,79/un"
Brinquedos para Cão Junior Puppy Médio,Kong,1 un,"€11,49/un","€11,49/un"
Arnês Cão Stripes3 Vermelho e Azul L,Dashi,1 un,"€19,99/un","€19,99/un"
Coleira Cão Stripes3 Rosa e Preto M,Dashi,1 un,"€12,99/un","€12,99/un"
Comedouro/Bebedouro Stripes3 Vermelho e Azul L,Dashi,1 un,"€18,99/un","€18,99/un"
Ração para Cão Adulto Peixe,Orijen,emb. 6 kg,"€76,99/un","€12,83/kg"
Tapete Treino para Cão Júnior Tamanho M,Beeztees,1 un,"€10,49/un","€10,49/un"
Kit 2 Ossos Extreme Cheeseburguer/Maçã S,Nylabone,1 un,"€9,99/un","€9,99/un"
Coleira para Cão Nylon Preto 26-40cm x 15mm,Beeztees,1 un,"€5,49/un","€5,49/un"
Osso para Cão Trio Bacon S,Tastybone,1 un,"€17,99/un","€105,82/un"
Brinquedo para Cão Birthday Ballon Azul L,Kong,1 un,"€12,99/un","€12,99/un"
Colchão para Cão/Gato Spring Chevron Rosa L 11x100x70 cm,Luben,1 un,"€54,99/un","€54,99/un"
Sofá para Cão/Gato Chevron Nuovo Cinza/Rosa XS,Luben,1 un,"€39,99/un","€39,99/un"
Peitoral para Cão Soft L Vrm Puppia,Puppia,1 un,"€21,89/un","€21,89/un"
Cinto de Segurança para Cão Tamanho S,Beeztees,1 un,"€4,99/un","€4,99/un"
Ração para Cão Adulto Diet Fish&Rice,Natura Diet,emb. 12 kg,"€70,99/un","€5,92/kg"
Brinquedo para Cão Classic S,Kong,1 un,"€9,49/un","€9,49/un"
Coleira para Cão Nylon Cinza Claro 35-50 cm,Beeztees,1 un,"€6,49/un","€6,49/un"
Peitoral para Cão Nylon Preto 26-40cmx10mm,Beeztees,1 un,"€7,49/un","€7,49/un"
Casota para Cão Plástico Zeus 70 cm Cinza,Imac,1 un,"€106,99/un","€106,99/un"
Peitoral para Cão Azul L,Dashi,1 un,"€16,99/un","€16,99/un"
Ração para Cão Adulto Mini Dental Care,Royal Canin,emb. 3 kg,"€27,99/un","€27,99/un"
Cama para Cão Preto/Branco,Beeztees,1 un,"€23,99/un","€23,99/un"
Sofá para Cão/Gato Spring Chevron Nuovo Cinza/Rosa L,Luben,1 un,"€99,99/un","€99,99/un"
Champô para Cao Artero Bye-Bye,Artero,250 ml,"€16,29/un","€65,16/lt"
Ração para Cão Adulto Mini Original Atum,Nature´s Variety,"emb. 1,5 kg","€12,99/un","€8,66/kg"
Colar Isabelino Opaco Classic 20 cm,Plurivet,1 un,"€6,79/un","€6,79/un"
Pensos Higiénicos M,Trixie,1 un,"€2,39/un","€2,39/un"
Arnês para Cão Cinza L,Dashi,1 un,"€16,99/un","€16,99/un"
Ração para Cão Adulto Mini Frango,Continente Seleção,emb. 2 kg,"€5,99/un","€3,00/kg"
Brinquedo para Cão Bola Preta com Fita,Dashi,1 un,"€12,99/un","€69,84/kg"
Comedouro/Bebedouro para Cão/Gato Bege,Beeztees,1 un,"€5,29/un","€5,29/un"
Ração para Cão Labrador Retrivier +5,Royal Canin,emb. 12 kg,"€74,99/un","€74,99/un"
Comida Húmida para Cão Labrador,Royal Canin,emb. 140 gr,"€18,99/un","€18,99/un"
Trela para Cão Azul M,Dashi,1 un,"€16,99/un","€16,99/un"
Snack para Cão Natural Chew S,Yaking,emb. 35 gr,"€3,99/un","€114,00/kg"
Ração para Cão Diabetes,Affinity Advance Veterinary Diets,emb. 3 kg,"€23,99/un","€23,99/un"
Ração para Gato Rocky Moutain Veado,Taste Of The Wild,"emb. 6,6 kg","€64,99/un","€64,99/un"
Ração para Cão Adulto Médio Optibalance Frango,Purina Pro Plan,"emb. 16,5 kg","€54,99/un","€54,99/un"
Brinquedo para Cão Bola Fantastic Durafoam Azul Flutuante M,Starmark,1 un,"€8,99/un","€8,99/un"
Trela Cão Stripes3 Rosa e Preto S,Dashi,1 un,"€15,99/un","€15,99/un"
Coleira Cão Stripes3 Laranja e Preto M,Dashi,1 un,"€12,99/un","€212,95/kg"
Comedouro/Bebedouro para Cão/Gato Stripes3 Rosa e Preto L,Dashi,1 un,"€18,99/un","€18,99/un"
Peitoral para Cão Preto M,Dashi,1 un,"€14,99/un","€14,99/un"
Peitoral Neomesh Stripes3 Rosa e Preto XS,Dashi,1 un,"€21,99/un","€21,99/un"
Comedouro/Bebedouro para Cão/Gato Original S,Dashi,1 un,"€8,49/un","€8,49/un"
Ração para Cão Adulto Médio,Royal Canin,emb. 10 kg,"€54,99/un","€5,50/kg"
Ração para Cão Adulto Cocker,Royal Canin,emb. 3 kg,"€24,49/un","€8,16/kg"
Ração para Cão Adulto West Highland White Terrier,Royal Canin,emb. 3 kg,"€24,49/un","€8,16/kg"
Peitoral para Cão Soft XS Preto,Puppia,1 un,"€21,89/un","€21,89/un"
Brinquedo para Cão Extreme Médio,Kong,1 un,"€13,69/un","€13,69/un"
Coleira Cão Stripes3 Rosa e Preto S,Dashi,1 un,"€11,99/un","€11,99/un"
Ração para Cão Highest Protein Wild Prairie,Acana,emb. 6 kg,"€53,99/un","€53,99/un"
Ração para Cão Adulto Regionals Grasslands Dog,Acana,emb. 6 kg,"€65,49/un","€65,49/un"
Peitoral Cão Neomesh Stripes3 Laranja e Preto M,Dashi,1 un,"€24,99/un","€192,23/kg"
Escova para Cão Cerdas Suaves L,Mikki Bamboo,1 un,"€9,99/un","€9,99/un"
Ração para Cão Sénior,Continente,emb. 4 kg,"€7,79/un","€1,95/kg"
Snack para Cão Maxi Dental,Moments,emb. 500 gr,"€12,49/un","€24,98/kg"
Ração para Cão Adulto Mini Salmão Sensetive,Natural Greatness,emb. 6 kg,"€43,89/un","€7,32/kg"
Brinquedo para Cão Sumo Bola Laranja,Beeztees,1 un,"€10,49/un","€10,49/un"
Brinquedo para Cão Wildknots Urso XS,Kong,1 un,"€8,49/un","€8,49/un"
Osso para Cão Júnior Dental Rosa XS,Nylabone,1 un,"€6,49/un","€6,49/un"
Brinquedo para Cão Sumo Play Verde M,Beeztees,1 un,"€11,99/un","€11,99/un"
Esteira para Cão/Gato Roma Luben Azul,Luben,1 un,"€14,49/un","€14,49/un"
Brinquedo para Cão Shells Bear L,Kong,1 un,"€15,99/un","€15,99/un"
Peitoral para Cão Soft M R Blue Puppia,Puppia,1 un,"€21,89/un","€21,89/un"
Brinquedo para Cão Bola Swing&Fling Foam Flutuante M,Starmark,1 un,"€12,99/un","€12,99/un"
Brinquedo para Cão Classic XL,Kong,1 un,"€22,49/un","€22,49/un"
Brinquedo para Cão Stretchezz Elephant S,Kong,1 un,"€10,99/un","€10,99/un"
Garrafa de Água portátil para Viagem 250 ml,Beeztees,1 un,"€2,69/un","€2,69/un"
Peitoral para Cão Soft M Prt Puppia,Puppia,1 un,"€21,89/un","€21,89/un"
Coleira para Cão Azul XS,Dashi,1 un,"€8,99/un","€8,99/un"
Manopla para Cão Vermelha,Artero,1 un,"€9,29/un","€9,29/un"
Colchão para Cão/Gato Spring Chevron Azul L 11x100x70 cm,Luben,1 un,"€54,99/un","€54,99/un"
Sofá para Cão/Gato Spring Chevron Azul L,Luben,1 un,"€99,99/un","€99,99/un"
Coleira para Cão Army Green M,Zeedog,1 un,"€17,99/un","€17,99/un"
Corta Unhas Grande,Weego,1 un,"€10,39/un","€88,80/kg"
Rolo 15 Sacos Hig Bio,Farm Company,1 un,"€0,99/un","€0,99/un"
Trela para Cão Cinza S,Dashi,1 un,"€13,99/un","€13,99/un"
Coleira para Cão Cinza M,Dashi,1 un,"€10,99/un","€10,99/un"
Brinquedo para Cão Bola Amarela com Fita,Dashi,1 un,"€12,99/un","€69,84/kg"
Suplemento para Cão Relax,Purina Pro Plan,emb. 250 ml,"€29,99/un","€119,96/lt"
Osso para Cão Bacon 11 cm,Strong Bone,1 un,"€6,99/un","€6,99/un"
Ração para Cão Adulto Cordeiro,Affinity Libra,emb. 14 kg,"€31,89/un","€2,28/kg"
Ração para Cão Miniature Schanuzer,Royal Canin,"emb. 1,5 kg","€16,80/un","€11,20/kg"
Snack para Cão Natural Chew L,Yaking,emb. 130 gr,"€13,99/un","€107,62/kg"
Ração para Cão Adulto Perú,Natural Greatness,emb. 10 kg,"€55,89/un","€5,59/kg"
Ração para Cão Júnior Starter,Natural Greatness,emb. 2 kg,"€17,89/un","€8,95/kg"
Ração para Cão Gastroenteric Low Fat,Affinity Advance Veterinary Diets,emb. 3 kg,"€25,89/un","€8,63/kg"
Leite para Cão Júnior,Royal Canin,emb. 2 kg,"€66,39/un","€33,20/kg"
Ração para Cão Júnior Maxi Starter Mother & Babydog,Royal Canin,emb. 15 kg,"€82,99/un","€5,53/kg"
Ração para Cão Júnior Maxi Frango e Arroz,Affinity Advance,emb. 14 kg,"€54,99/un","€54,99/un"
Spray Antiparasitário para Cão e Gato,Frontline,emb. 100 ml,"€18,99/un","€189,90/lt"
Arnês Cao Solid Preto L,Dashi,1 un,"€17,99/un","€17,99/un"
Brinquedo para Cão Lamb S,Tastybone,1 un,"€9,49/un","€9,49/un"
Ração para Cão Adulto Maxi Degistive Care,Royal Canin,emb. 12 kg,"€60,99/un","€5,08/kg"
Arnês para Cão 25 mm 40-67 cm L Cinzento,Lupi Linx,1 un,"€9,99/un","€9,99/kg"
Trela para Cão 25 mm 120 cm M/L Sahara,Lupi Linx,1 un,"€8,99/un","€8,99/kg"
Arnês para Cão Bordeau Ajustável Air Mesh L,Zeedog,1 un,"€33,99/un","€5,67/kg"
Trela para Cão Rosa L,Dashi,1 un,"€18,99/un","€18,99/un"
Coleira Cão Stripes3 Vermelho e Azul L,Dashi,1 un,"€13,99/un","€13,99/un"
Osso para Cão Bacon 18.5 cm,Strong Bone,1 un,"€12,99/un","€12,99/un"
Suplemento para Cão Pele e Pelo,Purina Pro Plan,emb. 250 ml,"€16,99/un","€67,96/lt"
Anorak Stripes Vermelho&Azul XS,Dashi,,"€25,99/un","€25,99/un"
Sofá paar Cão Bali Verde S 70 cm,Luben,1 un,"€49,99/un","€49,99/un"
Arnês para Cão Frontal Stripes3 Rosa e Preto L,Dashi,1 un,"€19,99/un","€19,99/un"
Coleira para Cão Stripes3 Rosa e Preto L,Dashi,1 un,"€13,99/un","€13,99/un"
Ração para Cão Júnior + 4 meses de Borrego,Lily's Kitchen,"emb. 2,5 kg","€24,99/un","€10,00/kg"
Ração para Cão Giant Starter Mother & Babydog,Royal Canin,emb. 15 kg,"€76,99/un","€5,13/kg"
Coleira para Cão Vermelha L,Dashi,1 un,"€11,99/un","€11,99/un"
Peitoral para Cão Vermelho S,Dashi,1 un,"€12,99/un","€12,99/un"
Peitoral Cão Neomesh Stripes3 Vermelho e Azul M,Dashi,1 un,"€24,99/un","€24,99/un"
Brinquedo Wubba Friend Pequeno para Cão,Kong,1 un,"€10,49/un","€10,49/un"
Brinquedo para Cão Goodie Bone Pequeno,Kong,1 un,"€9,99/un","€9,99/un"
Ração para Cão HP,Purina Pro Plan Veterinary Diets,emb. 3 kg,"€30,49/un","€30,49/un"
Ração para Cão Adulto Carne,É Continente,emb. 10 kg,"€9,99/un","€1,00/kg"
Ração para Cão Adulto Singles Grass-fed Lamb,Acana,emb. 6 kg,"€60,99/un","€60,99/un"
Arnês Frontal Cão Stripes3 Rosa e Preto M,Dashi,1 un,"€17,99/un","€17,99/un"
Pente paar Cão Anti Embaraçado Fino,Mikki Bamboo,1 un,"€11,49/un","€11,49/un"
Ração para Cão Original Sem Cereais Salmão,Nature´s Variety,emb. 10 kg,"€59,99/un","€6,00/kg"
Ração para Cão Adulto Mini Urinary Care,Royal Canin,emb. 3 kg,"€24,49/un","€24,49/un"
Comida Húmida para Cão Frango e Espinafre,Schesir,emb. 285 gr,"€3,69/un","€12,95/kg"
Esteira para Cão/Gato Roma Cinza 60cm,Luben,1 un,"€15,99/un","€15,99/un"
Esteira para Cão/Gato Roma Cinza 110 cm,Luben,1 un,"€40,99/un","€40,99/un"
Sofá paar Cão Bali Rosa M 95 cm,Luben,1 un,"€72,99/un","€72,99/un"
Sofá paar Cão Bali Azul XS 60 cm,Luben,1 un,"€40,99/un","€40,99/un"
Sofá paar Cão Bali Verde XS 60 cm,Luben,1 un,"€40,99/un","€40,99/un"
Comedouro para Cão Madeira,Beeztees,1 un,"€12,99/un","€12,99/un"
Snack para Cão Natural Chew M,Yaking,emb. 65 gr,"€7,49/un","€115,23/kg"
Ração para Cão Adulto Country Diet,Natural Greatness,emb. 2 kg,"€11,89/un","€5,95/kg"
Ração para Cão Júnior Puppy Yorkshire Terrier,Royal Canin,"emb. 7,5 kg","€62,29/un","€8,31/kg"
Ração para Cão Adulto Mini Vaca e Arroz,Affinity Ultima,emb. 3 kg,"€18,99/un","€6,33/kg"
Escova Ergo-Dual para Cão,Bogadent,1 un,"€7,49/un","€7,49/un"
Trela Cão Stripes3 Laranja e Preto XS,Dashi,1 un,"€12,99/un","€463,93/kg"
Pipeta Antiparasitária para Cão até 4kg,Advantix,"emb. 4 x 0,4 ml","€27,09/un","€27,09/un"
Coleira Antiparasitária para Gato,Seresto,1 un,"€33,69/un","€33,69/un"
Trela Rosa para Cão New Classic XS Corda 3 m,Flexi,1 un,"€16,49/un","€16,49/un"
Cardadeira Grande,Artero,1 un,"€10,49/un","€10,49/un"
Ração para Cão Adulto Médio Esterilizado,Royal Canin,emb. 12 kg,"€60,99/un","€5,08/kg"
Trela para Cão Cinza L,Dashi,1 un,"€16,99/un","€16,99/un"
Pente paar Cão Anti Embaraçado Largo,Mikki Bamboo,1 un,"€11,49/un","€11,49/un"
Escova para Cão Combo L,Mikki Bamboo,1 un,"€12,99/un","€12,99/un"
Peitoral para Cão Nylon Cinza Claro 26-40 M,Beeztees,1 un,"€7,49/un","€7,49/un"
Comida Húmida para Cão Adulto Perú Salmão e Arenque,Lily's Kitchen,emb. 400 gr,"€2,99/un","€7,48/kg"
Brinquedo para Cão Wildknots Bears XL,Kong,1 un,"€18,19/un","€18,19/un"
Sofá para Cão/Gato Spring Chevron Rosa XS,Luben,1 un,"€39,99/un","€39,99/un"
Sofá para Cão/Gato Spring Chevron Mostarda L,Luben,1 un,"€99,99/un","€99,99/un"
Luva Tira Pelos Menta,Beeztees,1 un,"€15,99/un","€15,99/un"
Cardadeira Pequena,Artero,1 un,"€9,49/un","€9,49/un"
Trela para Cão Preta XS,Dashi,1 un,"€10,99/un","€10,99/un"
Brinquedo para Cão Bola Everlasting Treat M,Starmark,1 un,"€19,99/un","€19,99/un"
Coleira para Cão Azul 35-50cmx20 mm,Beeztees,1 un,"€6,49/un","€6,49/un"
Peitoral para Cão Nylon Preto 35-60 cm x 15 mm,Beeztees,1 un,"€10,69/un","€10,69/un"
Snack para Cão Fit Plus,Moments,emb. 150 gr,"€4,99/un","€4,99/un"
Suplemento para Cão Mobilidade,Purina Pro Plan,emb. 60 gr,"€29,99/un","€428,43/kg"
Colar Isabelino Opaco Classic 15 cm,Plurivet,1 un,"€5,99/un","€5,99/un"
Peitoral para Cão Army Green Ajustável L,,1 un,"€33,99/un","€33,99/un"
Ração para Cão Sénior Peru&Mirtilos,Weego,emb. 3 kg,"€10,99/un","€3,66/kg"
Brinquedo Cão Osso Borracha Bege 14 cm,Beeztees,1 un,"€3,99/un","€3,99/un"
Brinquedo Cão Jogo Madeira Mental Ozo,Beeztees,1 un,"€6,49/un","€6,49/un"
Cuecas para Cão XS,Beeztees,1 un,"€4,29/un","€4,29/un"
Snack Chew para Cão Vaca S,Earth Animal No-Hide,emb. 34 gr,"€5,49/un","€5,49/un"
Coleira para Cão Cinza XS,Dashi,1 un,"€8,99/un","€8,99/un"
Snack para Cão Superfood Frango,Nature´s Variety,emb. 85 gr,"€3,99/un","€46,94/kg"
Brinquedo Cão Sumo Play Kettlebell Verde,Beeztees,1 un,"€20,99/un","€20,99/un"
Snack para Cão Beef Liver Recipe,Acana,emb. 100 gr,"€4,59/un","€45,90/kg"
Arnês para Cão Frontal Stripes3 Vermelho e Azul L,Dashi,1 un,"€19,99/un","€19,99/un"
Osso para Cão Frango 11 cm,Strong Bone,1 un,"€6,99/un","€6,99/un"
Ração para Cão Júnior Mini,Royal Canin,emb. 800 gr,"€7,49/un","€9,36/kg"
Ração para Cão Adulto Dalmata,Royal Canin,emb. 12 kg,"€69,99/un","€69,99/un"
Ração para Cão Adulto Rottweiler,Royal Canin,emb. 12 kg,"€68,99/un","€5,75/kg"
Ração para Cão Adulto Esterilizado Optiweight Frango,Purina Pro Plan,"emb. 16,5 kg","€60,49/un","€60,49/un"
Ração para Cão Adulto Wetlands Roasted Fowl Pato,Taste Of The Wild,"emb. 12,2 kg","€83,49/un","€83,49/un"
Pipeta Antiparasitária para Cão M 10 - 20 kg,Frontline,3 un,"€26,90/un","€26,90/un"
Pipeta Antiparasitária para Cão Combo M 10-20kg,Frontline,3 un,"€24,09/un","€24,09/un"
Pipeta Antiparasitária para Cão Combo L - 20-40kg,Frontline,3 un,"€26,39/un","€26,39/un"
Ração para Cão Adulto Bulldog,Royal Canin,emb. 12 kg,"€68,99/un","€5,75/kg"
Brinquedo Wobbler Grande para Cão,Kong,1 un,"€25,99/un","€25,99/un"
Brinquedo para Cão Extreme XXL,Kong,1 un,"€29,69/un","€29,69/un"
Ração para Cão Adulto Mini Derma Comfort,Royal Canin,emb. 8 kg,"€64,49/un","€64,49/un"
Brinquedo para Cão Tuggerknots Frog S/M,Kong,1 un,"€10,99/un","€10,99/un"
Snack para Cão Everlasting Treat Pequeno Frango,Starmark,1 un,"€4,99/un","€146,76/un"
Colchão para Cão/Gato Spring Chevron Rosa M 9x80x60 cm,Luben,1 un,"€42,99/un","€42,99/un"
Sofá para Cão/Gato Spring Chevron Nuovo Cinza/Azul L,Luben,1 un,"€99,99/un","€99,99/un"
Brinquedo Wubba Friend Grande para Cão,Kong,1 un,"€14,79/un","€14,79/un"
Brinquedo Ballistic Friend Grande para Cão,Kong,1 un,"€14,79/un","€14,79/un"
Trela Rosa para Cão New Classic S Corda 5 m,Flexi,1 un,"€20,49/un","€20,49/un"
Acondicionador para Recons Pelo Keratin,Artero,100 ml,"€18,59/un","€185,90/lt"
Sacos Dejetos para Cão,Beeztees,emb. 2 x 20 un,"€2,49/un","€2,49/un"
Brinquedo para Cão Bola Everlasting Groovy L,Starmark,1 un,"€26,99/un","€26,99/un"
Brinquedo para Cão Bola Everlasting Groovy M,Starmark,1 un,"€19,99/un","€19,99/un"
Ração para Cão Adulto Mini Daily Food,Natura Diet,"emb. 0,5 kg","€5,69/un","€11,38/kg"
Brinquedo para Cão Tuggerknots Moose M/L,Kong,1 un,"€14,99/un","€14,99/un"
Brinquedo para Cão Sumo Play Verde S,Beeztees,1 un,"€6,49/un","€6,49/un"
Brinquedo para Cão Puppy Goodie Osso S,Kong,1 un,"€9,99/un","€9,99/un"
Garrafa de Água portátil para Viagem 500 ml,Beeztees,1 un,"€3,69/un","€3,69/un"
Brinquedo para Cão Phatz Pig M,Kong,1 un,"€12,99/un","€12,99/un"
Comedouro/Bebedouro para Cão/Gato Goodie Bone XXL,Beeztees,1 un,"€7,69/un","€7,69/un"
Peitoral para Cão Soft M Rosa Puppia,Puppia,1 un,"€21,89/un","€21,89/un"
Corta Unhas para Cão Pequeno,Artero,1 un,"€7,99/un","€7,99/un"
Sofá para Cão/Gato Tuscany Branco S,Luben,1 un,"€65,99/un","€65,99/un"
Igloo para Cão/Gato Spring Chevron Cinza/Mostarda S,Luben,1 un,"€43,99/un","€43,99/un"
Sofá para Cão/Gato Impermeável Xtreme Vermelho M 95 cm,Luben,1 un,"€78,99/un","€78,99/un"
Snack para Cão Articular,Moments,emb. 150 gr,"€4,99/un","€4,99/un"
Comedouro/Bebedouro Duplo para Cão/Gato com Suporte 2530 ml,Beeztees,1 un,"€34,99/un","€34,99/un"
"Pensos Higiénicos XS,S, M",Trixie,1 un,"€1,59/un","€1,59/un"
Peitoral para Cão Soft XL Prt Puppia,Puppia,1 un,"€24,79/un","€24,79/un"
Snack Chew para Cão Frango S,Earth Animal No-Hide,emb. 34 gr,"€5,49/un","€5,49/un"
Saco Higiénico para Cão Reciclável,Mimau,emb. 3 x 20 un,"€1,59/un","€1,59/un"
Ração para Cão Adulto Borrego&Goji,Weego,emb. 3 kg,"€11,99/un","€4,00/kg"
Ração para Cão Energy&Fit,Dingo,emb. 12 kg,"€37,49/un","€3,12/kg"
Anorak Stripes Vermelho&Azul S,Dashi,,"€26,99/un","€26,99/un"
Anorak Stripes Vermelho&Azul XL,Dashi,,"€29,99/un","€29,99/un"
Snack para Cão Mini Nutri Dent,Nylabone,emb. 160 gr,"€11,99/un","€74,94/kg"
Snack para Cão Nutri Dent Large,Nylabone,emb. 520 gr,"€24,99/un","€48,06/kg"
Coleira para Cão Skull 2.0 L,Zeedog,1 un,"€19,99/un","€19,99/un"
Peitoral para Cão Neomesh Stripes3 Rosa e Preto XL,Dashi,1 un,"€26,99/un","€26,99/un"
"Comedouro/Bebedouro para Cao Inox Anti-Derrapante 1,75Lt",Trixie,1 un,"€6,99/un","€6,99/un"
Ração para Cão Adulto Shih Tzu,Royal Canin,emb. 3 kg,"€24,29/un","€24,29/un"
Ração para Cão Urinary Low Purine,Affinity Advance Veterinary Diets,emb. 12 kg,"€68,99/un","€5,75/kg"
Ração para Cão Adulto Optimum Diet M,Natural Greatness,emb. 10 kg,"€39,89/un","€3,99/kg"
Ração para Cão Adulto Salmão Sensetive,Natural Greatness,emb. 10 kg,"€62,89/un","€6,29/kg"
Ração para Cão Adulto Mini Salmão Sensetive,Natural Greatness,emb. 2 kg,"€18,89/un","€9,45/kg"
Ração para Gato Hypoallergenic Hidrolized,Purina Pro Plan Veterinary Diets,emb. 3 kg,"€32,99/un","€11,00/kg"
Ração para Cão Sport & Agility Recipe,Acana,"emb. 11,4 kg","€79,49/un","€79,49/un"
Ração para Cão Highest Protein Ranchlands,Acana,emb. 6 kg,"€67,99/un","€67,99/un"
Brinquedo para Cão Bola Chew Treat Display L,Starmark,1 un,"€18,99/un","€18,99/un"
Brinquedo para Cão Disco Easyglide Flutuante,Starmark,1 un,"€16,99/un","€16,99/un"
Coleira Antiparasitária para Cão até 8 kg,Seresto,1 un,"€33,69/un","€33,69/un"
Pipeta Antiparasitária para Cão 10-25kg,Advantix,"emb. 4x2,5ml","€30,29/un","€30,29/un"
Ração para Cão Adulto Dachshund,Royal Canin,"emb. 1,5 kg","€14,89/un","€9,93/kg"
Ração para Cão Adulto Cavalier King Charles,Royal Canin,emb. 3 kg,"€24,49/un","€8,16/kg"
Ração para Cão Adulto Great Dane,Royal Canin,emb. 12 kg,"€68,99/un","€5,75/kg"
Brinquedo para Cão Chicken Toy,Tastybone,1 un,"€7,99/un","€7,99/un"
Peitoral para Cão Azul S,Dashi,1 un,"€12,99/un","€12,99/un"
Comida Húmida para Cão Adulto Chihuahua Saquetas,Royal Canin,emb. 85 gr,"€1,92/un","€1,92/un"
Trela para Cão 25 mm 120 cm M/L Preto,Lupi Linx,1 un,"€8,99/un","€8,99/kg"
Escova para Cão Mao Cerdas Metalicas,Mikki Bamboo,1 un,"€11,49/un","€11,49/un"
Fraldas Descartaveis para Cão M-L,Trixie,1 un,"€11,29/un","€11,29/un"
Champô para Cão Animology Hair,Animology,1 un,"€8,99/un","€8,99/un"
Acondicionador para Cão,Animology,emb. 250 ml,"€8,99/un","€8,99/un"
Coleira para Cão Nylon Preto 35-50 cm x 20 mm,Beeztees,1 un,"€6,49/un","€6,49/un"
Brinquedo para Cão Shells Turtle L,Kong,1 un,"€16,69/un","€16,69/un"
Colchão para Cão/Gato Spring Chevron Azul M 9x80x60 cm,Luben,1 un,"€42,99/un","€42,99/un"
Sofá para Cão/Gato Spring Chevron Rosa S,Luben,1 un,"€47,99/un","€47,99/un"
Peitoral para Cão Soft S Rosa Puppia,Puppia,1 un,"€21,89/un","€21,89/un"
Açaime Ajustável com Rede Preto M,Trixie,1 un,"€4,99/un","€4,99/un"
Coleira para Cão Rosa XS,Dashi,1 un,"€8,99/un","€8,99/un"
Peitoral para Cão Preto L,Dashi,1 un,"€16,99/un","€16,99/un"
Ração para Cão Sénior 7+,Natura Diet,"emb. 0,5 kg","€5,69/un","€11,38/kg"
Ração para Cão Adulto Diet Lamb&Rice,Natura Diet,emb. 12 kg,"€69,99/un","€5,83/kg"
Brinquedo para Cão Peluche Toywessel 23cm,Beeztees,1 un,"€5,99/un","€5,99/un"
Coleira para Cão Nylon Cinza Claro 48-70cm,Beeztees,1 un,"€7,49/un","€7,49/un"
Casota para Cão Plástico Zeus 90 Cinza,Imac,1 un,"€181,99/un","€181,99/un"
Sacos para Dejetos Preto/Cinza,Beeztees,emb. 4 x 20 un,"€3,29/un","€3,29/un"
Ração para Cão Adulto Maxi Digestive Care,Royal Canin,emb. 10 kg,"€64,99/un","€64,99/un"
Sofá para Cão/Gato Tuscany Branco XS,Luben,1 un,"€49,99/un","€49,99/un"
Snack para Cão Delibon Frango,Purina Friskies,emb. 140 gr,"€2,24/un","€2,24/kg"
Snack para Cão Picnic Vaca,Friskies,emb. 42 gr,"€0,74/un","€17,62/kg"
Fraldas para Cão Descartável S-M,Trixie,12 un,"€9,49/un","€9,49/un"
Escova Furminator para Cão Short Hair M,Furminator,1 un,"€42,99/un","€42,99/un"
Brinquedo para Cão Nylabone Extr Bacon&Cheese M,Nylabone,1 un,"€12,49/un","€12,49/un"
Colar Isabelino Opaco Classic 10 cm,Plurivet,1 un,"€4,49/un","€4,49/un"
Peitoral para Cão Soft Xs Beige Puppia,Puppia,1 un,"€21,89/un","€21,89/un"
Snack Chew para Cão Salmão S,Earth Animal No-Hide,emb. 34 gr,"€5,49/un","€5,49/un"
Osso para Cão Beef 11 cm,Strong Bone,1 un,"€6,99/un","€6,99/un"
Arnês Cão Solid Vrm L,Dashi,1 un,"€17,99/un","€17,99/un"
Snack para Cão Superfood Vaca,Nature´s Variety,emb. 85 gr,"€3,99/un","€46,94/kg"
Brinquedo para Cão Junior Puppy Pequeno,Kong,1 un,"€8,49/un","€8,49/un"
Peitoral para Cão Soft M Bege Puppia,Puppia,1 un,"€21,89/un","€21,89/un"
Acondicionador Pelo Protein,Artero,1 un,"€18,59/un","€185,90/lt"
Trela para Cão Nylon Azul 120 cm *20 mm,Beeztees,1 un,"€11,69/un","€11,69/un"
Ração para Cão Adulto Diet Reduced,Natura Diet,emb. 12 kg,"€74,99/un","€6,25/kg"
Ração para Cão Sénior 7+,Natura Diet,emb. 12 kg,"€59,99/un","€5,00/kg"
Ração para Cão Adulto Maxi Daily Food,Natura Diet,emb. 12 kg,"€59,99/un","€5,00/kg"
Igloo para Cão/Gato Spring Chevron Cinza/Azul S,Luben,1 un,"€43,99/un","€43,99/un"
Ração para Cão Adulto Fish&Daily,Dingo,emb. 500 gr,"€4,59/un","€4,59/un"
Arnes Cao Solid Preto M,Dashi,1 un,"€15,99/un","€15,99/un"
Brinquedo Cão Bola Borracha Koko Laranja 8 cm,Beeztees,1 un,"€5,99/un","€5,99/un"
Escova Furminator para Cão Short Hair L,Furminator,1 un,"€54,99/un","€54,99/un"
Cardadeira com Dentes Protegidos Pequena,Weego,1 un,"€7,79/un","€95,00/kg"
Comedouro/Bebedouro para Cão/Gato Verde M,Beeztees,1 un,"€6,29/un","€6,29/un"
Pensos Higienicos L/XL,Trixie,1 un,"€2,99/un","€2,99/un"
Anorak Stripes Rosa&Preto M,Dashi,,"€27,99/un","€27,99/un"
Anorak Stripes Vermelho&Azul M,Dashi,,"€27,99/un","€27,99/un"
Sofá paar Cão Bali Azul S 70 cm,Luben,1 un,"€49,99/un","€49,99/un"
Sofá paar Cão Bali Rosa S 70 cm,Luben,1 un,"€49,99/un","€49,99/un"
Osso para Cão Bacon 15 cm,Strong Bone,1 un,"€8,99/un","€8,99/un"
Ração para Cão Adulto Frango,Affinity Libra,emb. 14 kg,"€31,89/un","€2,28/kg"
Arnês para Cão Solid Rosa M,Dashi,1 un,"€15,99/un","€15,99/un"
Raçao para Cão Singles Yorkshire Pork,Acana,"emb. 11,4 kg","€91,99/un","€91,99/un"
Ração para Cão DM,Purina Pro Plan Veterinary Diets,emb. 3 kg,"€30,49/un","€30,49/un"
Ração para Cão Adulto Borrego Sensetive Starter&Mini,Natural Greatness,emb. 6 kg,"€43,89/un","€7,32/kg"
Ração para Cão Adulto Wild Iberian,Natural Greatness,emb. 2 kg,"€15,89/un","€7,95/kg"
Ração para Cão Adulto Maxi Heritage Maxi Breed,Acana,"emb. 11,4 kg","€79,49/un","€6,97/kg"
Ração para Cão Heritage Chicken & Greens,Acana,emb. 17 Kg,"€104,49/un","€6,15/kg"
Brinquedo para Cão Corda com Salsicha,Beeztees,1 un,"€2,99/un","€2,99/un"
Peitoral Cão Neomesh Stripes3 Laranja e Preto S,Dashi,1 un,"€22,99/un","€258,31/kg"
Coleira Antiparasitária para Cão > 8kg,Seresto,1 un,"€39,69/un","€39,69/un"
Brinquedo para Cão Lamb Toy,Tastybone,1 un,"€7,99/un","€7,99/un"
Ração para Cão Adulto Médio Light Weight Care,Royal Canin,emb. 12 kg,"€60,99/un","€5,08/kg"
Ração para Cão Adulto Maxi Robusto,Purina Pro Plan,emb. 14 kg,"€60,49/un","€60,49/un"
Arnês para Cão Cinza S,Dashi,1 un,"€12,99/un","€12,99/un"
Coleira para Cão Azul M,Dashi,1 un,"€10,99/un","€10,99/un"
Cardadeira para Cão Média,Mikki Bamboo,1 un,"€13,99/un","€13,99/un"
Brinquedo para Cão Sumo Play Laranja S,Beeztees,1 un,"€3,99/un","€3,99/un"
Ração para Cão Adulto Schnauzer,Royal Canin,"emb. 7,5 kg","€53,49/un","€53,49/un"
Açaime Ajustável com Rede Nylon Preto L-XL,Trixie,1 un,"€5,99/un","€5,99/un"
Peitoral para Cão Soft XS Vermelho,Puppia,1 un,"€21,89/un","€21,89/un"
Fraldas para Cão M,Beeztees,1 un,"€13,59/un","€13,59/un"
Dispensador de Sacos Higiénicos para Cão Smileypoo,Farm Company,emb. 20 un,"€5,69/un","€5,69/un"
Brinquedo Galinha Latex 15 cm,Beeztees,1 un,"€1,99/un","€1,99/un"
Brinquedo para Cão Air Bola Tennis L,Kong,1 un,"€8,99/un","€8,99/un"
Osso para Cão Extreme Frango XS,Nylabone,1 un,"€4,49/un","€4,49/un"
Brinquedo para Cão Birthday Balls M,Kong,1 un,"€10,19/un","€10,19/un"
Peitoral para Cão Soft L R Blue Puppia,Puppia,1 un,"€21,89/un","€21,89/un"
Peitoral para Cão Nylon Preto 46-75 cm x 20 mm,Beeztees,1 un,"€13,99/un","€13,99/un"
Elixir para Cão Higiene Oral,Bogadent,emb 250 ml,"€17,99/un","€71,96/kg"
Coleira para Cão Rosa S,Dashi,1 un,"€9,99/un","€9,99/un"
Fraldas Descartaveis para Cão S-M,Trixie,1 un,"€10,29/un","€10,29/un"
Osso para Cão Trio Chicken S,Tastybone,1 un,"€17,99/un","€105,82/un"
Igloo para Cão/Gato Spring Chevron Cinza/Verde S,Luben,1 un,"€43,99/un","€43,99/un"
Coleira para Cão Army Green Xs,Zeedog,1 un,"€13,99/un","€13,99/un"
Brinquedo Cão Corda com Bola Tenis Colorida,Beeztees,1 un,"€4,99/un","€4,99/un"
Peitoral para Cão Army Green Ajustável XS,,1 un,"€21,99/un","€21,99/un"
Peitoral para Cão Army Green Ajustável M,,1 un,"€29,99/un","€29,99/un"
Snack Chew para Cão Vaca M,Earth Animal No-Hide,emb. 60 gr,"€10,99/un","€10,99/un"
Suplemento para Cão Pele e Pelo,Purina Pro Plan,emb. 500 ml,"€32,99/un","€65,98/lt"
Trela para Cão Vermelha M,Dashi,1 un,"€16,99/un","€16,99/un"
Comida Húmida para Cão Adulto Vaca&Porco,Natural Greatness,emb. 400 gr,"€3,79/un","€9,48/kg"
Ração para Cão Adulto Pug,Royal Canin,"emb. 1,5 kg","€14,89/un","€9,93/kg"
Ração para Cão Adulto Heritage Senior,Acana,emb. 6 kg,"€48,99/un","€48,99/un"
Snack para Cão Junior Puppy,Moments,emb. 60 gr,"€2,19/un","€2,19/un"
Brinquedo para Cão Bola Swing & Fling Foam Flutuante L,Starmark,1 un,"€15,99/un","€15,99/un"
Trela para Cão Azul S,Dashi,1 un,"€13,99/un","€13,99/un"
Trela para Cão Azul L,Dashi,1 un,"€17,99/un","€17,99/un"
Arnês Cão Stripes3 Vermelho e Azul M,Dashi,1 un,"€17,99/un","€17,99/un"
"Suporte Duplo Regular com 2 Gamelas 2,8 lt",Trixie,1 un,"€42,99/un","€42,99/un"
Ração para Cão Adulto Médio Dermacomfort,Royal Canin,emb. 12 kg,"€60,99/un","€5,08/kg"
Peitoral Cão Neomesh Stripes3 Vermelho e Azul L,Dashi,1 un,"€25,99/un","€25,99/un"
Trela Cão Stripes3 Rosa e Preto XS,Dashi,1 un,"€12,99/un","€12,99/un"
Ração para Cão Veterinary Diet JM,Purina Pro Plan Veterinary Diets,emb. 12 kg,"€70,99/un","€70,99/un"
Ração para Cão Adulto Neurocare,Purina Pro Plan Veterinary Diets,emb. 12 kg,"€70,99/un","€70,99/un"
Ração para Cão Sport & Agility Recipe,Acana,emb. 17 kg,"€107,99/un","€107,99/un"
Champô para Cão Animology White,Animology,1 un,"€8,99/un","€8,99/un"
Pente para Cão Anti Pulgas,Mikki Bamboo,1 un,"€11,49/un","€11,49/un"
Champô para Cão Animology Derma,Animology,1 un,"€8,99/un","€8,99/un"
Brinquedo para Cão Peluche Lazy Dog 20cm,Beeztees,1 un,"€9,99/un","€9,99/un"
Snack para Cão Dental Orozyme M,Ecuphar,emb. 141 gr,"€15,99/un","€15,99/un"
Sofá para Cão/Gato Spring Chevron Nuovo Cinza/Mostarda L,Luben,1 un,"€99,99/un","€99,99/un"
Colchão para Cão/Gato Spring Chevron Verde L 11x100x70 cm,Luben,1 un,"€54,99/un","€54,99/un"
Coleira para Cão Vermelha XS,Dashi,1 un,"€8,99/un","€8,99/un"
Coleira para Cão Rosa 20-30cmx10 mm,Beeztees,1 un,"€4,19/un","€4,19/un"
Brinquedo para Cão Wubba Comet S,Kong,1 un,"€9,99/un","€9,99/un"
"Comedouro/Bebedouro para Cão/Gato Aço Inoxidável 17,5x9cm",Beeztees,1 un,"€6,49/un","€6,49/un"
"Corta Unhas para Cão Pequeno 13,5 cm",Beeztees,1 un,"€7,99/un","€7,99/un"
Ração para Cão Adulto Maxi Joint Care,Royal Canin,emb. 10 kg,"€59,99/un","€59,99/un"
Esteira para Cão/Gato Roma Cinza 70cm,Luben,1 un,"€19,99/un","€19,99/un"
"Comedouro/Bebedouro para Cão e Gato Inox Anti-Derrapante 0,9Lt",Trixie,1 un,"€4,99/un","€4,99/un"
Brinquedo Cão Bola Espinhosa Vinil 8 cm,Beeztees,1 un,"€2,99/un","€2,99/un"
Ração para Cão Adulto Médio e Maxi Salmão,Affinity Ultima Nature,emb. 3 kg,"€20,99/un","€7,00/kg"
Ração para Cão Adulto Fish,Dingo,emb. 12 kg,"€39,99/un","€3,33/kg"
Anorak Stripes Rosa&Preto xL,Dashi,,"€29,99/un","€29,99/un"
Sofá paar Cão Bali Azul L 115 cm,Luben,1 un,"€109,99/un","€109,99/un"
Cama para Cão Jilla Cinza 48x48x16 cm,Beeztees,1 un,"€23,99/un","€23,99/un"
Arnês para Cão Frontal Stripes3 Rosa e Preto S,Dashi,1 un,"€14,99/un","€14,99/un"
Trela para Cão Stripes3 Vermelho e Azul,Dashi,1 un,"€12,99/un","€12,99/un"
Ração para Cão UR Urinary,Purina Pro Plan Veterinary Diets,emb. 3 kg,"€30,49/un","€10,16/kg"
Comida Húmida para Cão Natural Canguru&Abacaxi,Natural Greatness,emb. 400 gr,"€3,99/un","€3,99/un"
Ração para Cão Adulto Poodle,Royal Canin,"emb. 7,5 kg","€54,49/un","€7,27/kg"
Ração para Cão Júnior Sensitive,Affinity Advance,emb. 800 gr,"€5,99/un","€5,99/un"
Brinquedo para Cão Bola Fantastic Durafoam Amarela Flutuante M,Starmark,1 un,"€8,99/un","€8,99/un"
Arnês Cão Stripes3 Vermelho e Azul XS,Dashi,1 un,"€12,99/un","€12,99/un"
Trela Cão Stripes3 Laranja e Preto S,Dashi,1 un,"€15,99/un","€111,04/kg"
Transporte Traveller Capri Cinza Claro,Trixie,1 un,"€31,99/un","€31,99/un"
Arnês Frontal Cão Stripes3 Vermelho e Azul M,Dashi,1 un,"€17,99/un","€17,99/un"
Comedouro/Bebedouro para Cão/Gato Stripes3 Laranja e Preto S,Dashi,1 un,"€11,99/un","€11,99/un"
Arnês para Cão 20 mm 32-50 cm M Sahara,Lupi Linx,1 un,"€8,99/un","€8,99/kg"
Arnês para Cão 20 mm 32-50 cm M Aquarius,Lupi Linx,1 un,"€8,99/un","€8,99/kg"
Champô para Cão Júnior,Artero,emb. 250 ml,"€13,29/un","€53,16/lt"
Escova para Cão Cerdas Suaves S,Mikki Bamboo,1 un,"€7,49/un","€7,49/un"
Cardadeira para Cão Grande,Mikki Bamboo,1 un,"€15,49/un","€15,49/un"
Cardadeira para Cão Pequena,Mikki Bamboo,1 un,"€12,99/un","€12,99/un"
Comedouro/Bebedouro para Cão/Gato Glorious Azul,Beeztees,1 un,"€9,99/un","€9,99/un"
Snack para Cão Enzyme Stripes Mini,Bogadent,emb. 100 gr,"€8,59/un","€8,59/un"
Snack para Cão de Pato com Veado,Lily's Kitchen,emb. 70 gr,"€2,99/un","€42,71/kg"
Colchão para Cão/Gato Spring Chevron Mostarda L 11x100x70 cm,Luben,1 un,"€54,99/un","€54,99/un"
Sofá para Cão/Gato Chevron Nuovo Cinza/Rosa S,Luben,1 un,"€47,99/un","€47,99/un"
Brinquedo para Cão Phatz Rhino S,Kong,1 un,"€8,99/un","€8,99/un"
Peitoral para Cão Azul XS,Dashi,1 un,"€10,99/un","€10,99/un"
Brinquedo para Cão e Puppy Bone XL,Nylabone,1 un,"€17,49/un","€17,49/un"
Coleira para Cão Nylon Cinzento 26-40 cm,Beeztees,1 un,"€5,49/un","€5,49/un"
"Comedouro para Cão Antractite 0,3 lt",Beeztees,1 un,"€1,79/un","€1,79/un"
Snack para Cão Everlastiing Treat M Frango,Starmark,1 un,"€6,99/un","€6,99/un"
Brinquedo para Cão Sumo Play Dental Laranja M,Beeztees,1 un,"€11,99/un","€11,99/un"
Comedouro/Bebedouro para Cão/Gato Glorious Azul,Beeztees,1 un,"€14,99/un","€14,99/un"
Coleira para Nylon Preto XL,Beeztees,1 un,"€7,49/un","€7,49/un"
Coleira para Cão Preta S,Dashi,1 un,"€9,99/un","€9,99/un"
Escova para Cão Dupla Face Tamanho S,Beeztees,1 un,"€7,99/un","€7,99/un"
Peitoral para Cão Vermelho L,Dashi,1 un,"€16,99/un","€16,99/un"
Igloo para Cão/Gato Spring Chevron Cinza/Mostarda M,Luben,1 un,"€55,99/un","€55,99/un"
Comedouro/Bebedouro para Cão Bordeau,Zeedog,1 un,"€32,99/un","€32,99/un"
Brinquedo para Cão Corda forte com Pega 60 cm,Mimau,1 un,"€4,99/un","€4,99/un"
Biscoito para Cão Borrego e Arroz,Purina Pro Plan,emb. 400 gr,"€5,29/un","€13,23/kg"
Ração paar Cão Jack Russele Terrier,Royal Canin,"emb. 7,5 kg","€62,55/un","€8,34/kg"
Ração para Cão EN Gastrointestinal,Purina Pro Plan Veterinary Diets,"emb. 1,5 kg","€15,89/un","€10,59/kg"
Arnês para Cão Solid Preto S,Dashi,1 un,"€13,99/un","€13,99/un"
Ração para Cão Adulto Maxi Athletic,Purina Pro Plan,emb. 14 kg,"€60,49/un","€60,49/un"
Ração para Cão Adulto Tastes Diet,Natural Greatness,emb. 10 kg,"€39,89/un","€6,65/kg"
Ração para Cão Júnior Puppy Bulldog,Royal Canin,emb. 12 kg,"€74,99/un","€6,25/kg"
Ração para Cão Renal,Affinity Advance Veterinary Diets,emb. 12 kg,"€62,49/un","€62,49/un"
Ração para Cão Adulto Médio e Maxi Sem Cereais Digestão Sensível Rico em Perú,Purina Pro Plan,"emb. 2,5 kg","€21,89/un","€21,89/un"
Brinquedo para Cão Bola Durafoam Bacon Flutuante M,Starmark,1 un,"€10,99/un","€10,99/un"
Ração para Cão Júnior High Prairie Puppy Venison & Bison,Taste Of The Wild,"emb. 12,2 kg","€88,49/un","€88,49/un"
Ração para Cão Puppy Maxi Breed,Acana,"emb. 11,4 Kg","€78,99/un","€6,93/kg"
Ração para Cão Adulto Médio e Large Duo Delice Frango e Arroz,Purina Pro Plan,emb. 10 kg,"€50,99/un","€5,10/kg"
Peitoral para Cão Preto XS,Dashi,1 un,"€10,99/un","€10,99/un"
Ração para Cão Adulto York Shire Terrier,Royal Canin,emb. 500 gr,"€5,99/un","€11,98/kg"
Brinquedo para Cão Lamb L,Tastybone,1 un,"€13,49/un","€13,49/un"
Arnês Cão Stripes3 Rosa e Preto S,Dashi,1 un,"€15,99/un","€15,99/un"
Ração para Cão Júnior Maxi,Orijen,"emb. 11,4 kg","€99,99/un","€8,77/kg"
Arnês para Cão Pacco Ajustável Air Mesh L,Zeedog,1 un,"€33,99/un","€33,99/un"
Escova para Cão Cerdas Metalicas L,Mikki Bamboo,1 un,"€11,49/un","€11,49/un"
Ração para Cão Júnior Mini Frango,Purina Pro Plan,emb. 700 gr,"€4,90/un","€4,90/un"
Peitoral para Cão Nylon Cinza Claro 46-75 cm,Beeztees,1 un,"€13,99/un","€13,99/un"
Pente Lacrimal / Anti - Pulgas,Artero,1 un,"€7,29/un","€7,29/un"
Açaime para Cão Ajustável M,Beeztees,1 un,"€4,99/un","€4,99/un"
Peitoral para Cão Soft Xs Rosa Puppia,Puppia,1 un,"€21,89/un","€21,89/un"
Champô para Cão Fox Poo,Animology,emb. 250 ml,"€8,99/un","€8,99/un"
Brinquedo para Cão Cheese S,Tastybone,1 un,"€9,49/un","€9,49/un"
Perfume Violet,Artero,1 un,"€22,59/un","€251,00/lt"
Dedeira Silicone para Cão,Bogadent,1 un,"€9,19/un","€9,19/un"
Creme Dental para Cão,Bogadent,emb. 100 gr,"€7,89/un","€78,90/kg"
Trela para Cão Vermelha XS,Dashi,1 un,"€10,99/un","€10,99/un"
Trela para Cão Rosa XS,Dashi,1 un,"€10,99/un","€10,99/un"
Trela para Cão Vermelha S,Dashi,1 un,"€13,99/un","€13,99/un"
Brinquedo para Cão Bola Everlasting Bento S,Starmark,1 un,"€11,99/un","€11,99/un"
Peitoral para Cão Nylon Rosa 35-60cm*15mm,Beeztees,1 un,"€10,69/un","€10,69/un"
Ração para Cão Mini Puppy&Júnior,Natura Diet,"emb. 0,5 kg","€5,69/un","€11,38/kg"
Brinquedo para Cão Tennishoes Giraffel L,Kong,1 un,"€15,99/un","€15,99/un"
Trela para Cão New Classic Tape Vermelha L,Flexi,1 un,"€26,99/un","€26,99/un"
Coleira para Cão Nylon Cinza Claro 26-40 cm,Beeztees,1 un,"€5,49/un","€5,49/un"
Coleira para Cão Preta XS,Dashi,1 un,"€8,99/un","€8,99/un"
Snack para Cão Enzyme Stripes,Bogadent,emb. 100 gr,"€8,59/un","€8,59/un"
Trela para Cão Preta L,Dashi,1 un,"€18,99/un","€18,99/un"
Esteira para Cão/Gato Roma Cinza 50 cm,Luben,1 un,"€12,99/un","€12,99/un"
Sofá para Cão/Gato Spring Chevron Rosa M,Luben,1 un,"€66,99/un","€66,99/un"
Ração para Cão Adulto Lamb&Daily,Dingo,emb. 500 gr,"€4,59/un","€4,59/un"
Trela para Cão Army Green Xs,Zeedog,1 un,"€16,99/un","€16,99/un"
Ração para Cão Sénior Peru&Mertilos,Weego,emb. 12 kg,"€34,99/un","€2,92/kg"
Sofá paar Cão Bali Rosa XS 60 cm,Luben,1 un,"€40,99/un","€40,99/un"
Sofá paar Cão Bali Verde M 95 cm,Luben,1 un,"€72,99/un","€72,99/un"
Osso para Cão Salmão&Queijo L,Plutos,1 un,"€3,49/un","€3,26/un"
Peitoral para Cão Army Green Ajustável S,,1 un,"€24,99/un","€24,99/un"
Comedouro para Cão Duplo Inox Silicone Cinza,Beeztees,1 un,"€17,99/un","€17,99/un"
Areia para Gato Aglomerante Bentonite Castanha,Continente,emb. 5 lt,"€4,39/un","€0,88/lt"
Ração para Gato Adulto Salmão,Purina Cat Chow,emb. 15 kg,"€46,49/un","€3,10/kg"
Ração para Gato Júnior Second Age,Royal Canin,emb. 10 kg,"€59,69/un","€5,97/kg"
Arranhador para Gato 41cm,,1 un,"€14,99/un","€14,99/un"
Areia para Gato Aglomerante Lavanda,Weego,emb. 7 kg,"€7,29/un","€1,46/lt"
Igloo para Cão/Gato Spring Chevron Cinza/Azul S,Luben,1 un,"€43,99/un","€43,99/un"
Suplemento para Gato Multivitaminas,Purina Pro Plan,emb. 60 gr,"€19,99/un","€333,17/kg"
Transportadora para Cão/Gato Panzer 50x31x33 cm,Mimau,1 un,"€14,19/un","€14,19/un"
Ração para Gato Adulto Esterilizado Perú e Legumes,Purina Friskies,emb. 3 kg,"€12,99/un","€4,33/kg"
Neutralizador Odor WC para Gato,Beeztees,emb. 750 gr,"€4,99/un","€4,99/un"
Comida Húmida para Gato Mix Sabores,Aruba,emb. 6x70 gr,"€11,99/un","€28,55/kg"
Ração para Gato Adulto Esterilizado Frango,Affinity Libra,emb. 15 kg,"€48,49/un","€3,23/kg"
Casa Toalete de Areia Romeo Eco Blue,Bergamo,1 un,"€21,99/un","€21,99/kg"
Comida Húmida para Gato Fantastic Seleção Peixes em Gelatina,Purina Felix,emb. 12 x 85 gr,"€6,99/un","€6,85/kg"
Ração para Gato Adulto Esterilizado Salmão,Purina One,emb. 3 kg,"€14,94/un","€4,98/kg"
Comedouro/Bebedouro para Gato Oh My Cat Menta 27 cm,Beeztees,1 un,"€10,99/un","€10,99/un"
Arranhador para Gato Venus Bege 57×42×109 cm,Jk Animals,1 un,"€84,99/un","€84,99/un"
Comida Húmida para Cão Adulto Frango e Papaia Terrina,Schesir,emb. 150 gr,"€2,34/un","€15,60/kg"
Ração para Gato Esterilizado Salmão,Uppy Nutri,emb. 3 kg,"€17,99/un","€17,99/un"
Comida Húmida para Gato Adulto Esterilizado Salmão e Perú Saquetas,Purina One,emb. 4 x 85 gr,"€3,49/un","€10,26/kg"
Comida Húmida para Gato Adulto Saquetas,Purina Gourmet Perle,emb. 12 x 85 gr,"€9,59/un","€9,40/kg"
Toalhitas para Cão e Gato Olhos e Ouvidos Chá Verde,Continente,emb. 42 un,"€2,99/un","€0,07/un"
Snack para Gato Maxipack Galinha,Catisfactions,emb. 180 gr,"€3,79/un","€21,06/kg"
Snack para Gato Dentalife Frango,Purina Dentalife,emb. 40 gr,"€1,99/un","€49,75/kg"
Areia para Gato,É Continente,emb. 10 kg,"€2,39/un","€0,24/kg"
Areia para Gato Natural Lavanda,Continente,emb. 5 kg,"€2,29/un","€0,46/kg"
Areia para Gato Silica Gel,Continente,"emb. 1,8 kg","€4,49/un","€2,49/kg"
Sofá para Cão/Gato Impermeável Xtreme Castanho L,Luben,1 un,"€110,99/un","€110,99/un"
Areia para Gato,É Continente,emb. 5 kg / 8 lt,"€1,19/un","€0,24/kg"
Areia para Gato Aglomerante Clumping,Sanicat,emb. 8 lt,"€6,99/un","€0,87/lt"
Comida Húmida para Gato Adulto Patê Coelho Terrina,Continente,emb. 100 gr,"€0,35/un","€3,50/kg"
Sofá para Cão/Gato Impermeável Xtreme Castanho M,Luben,1 un,"€78,99/un","€78,99/un"
Ração para Gato Adulto Esterilizado Regular,Royal Canin,emb. 10 kg,"€57,90/un","€5,79/kg"
Colchão para Cão/Gato Drago Preto 110x80 cm,Trixie,1 un,"€103,74/un","€103,74/un"
Areia para Gato Magic Clean Classic,Vitakraft,"emb. 3,8 lt","€5,39/un","€1,42/lt"
Transportadora para Cão Tecido Azul Nylon Tcamp 55x65x80 cm,Trixie,1 un,"€91,10/un","€91,10/un"
Ração para Gato Adulto Hair & Skin,Royal Canin,emb. 10 kg,"€73,99/un","€7,40/kg"
Areia para Gato Ultra Aglomerante Bentonite Natural Talco,Continente,"emb. 5 lt / 4,3 kg","€5,99/un","€1,20/lt"
Ração para Gato Regional Red,Orijen,"emb. 5,4 kg","€76,49/un","€14,16/kg"
Ração para Gato Adulto Esterilizado Sensitive Salmão,Affinity Advance,emb. 10 kg,"€37,90/un","€3,79/kg"
Ração para Gato Adulto Esterilizado Optirenal Salmão,Purina Pro Plan,emb. 10 kg,"€53,91/un","€5,39/kg"
Areia para Gato Aglomerante Bentonite Branca,Continente,emb. 5 lt,"€4,69/un","€0,94/lt"
Ração para Gato Adulto Maine Coon,Royal Canin,emb. 10 kg,"€71,96/un","€7,20/kg"
Cama para Cão/Gato Impermeável Retangular Xtreme Preto 12x100x70 cm,Luben,1 un,"€57,99/un","€57,99/un"
Sofá para Cão/Gato Impermeável Xtreme Preto S,Luben,1 un,"€54,99/un","€54,99/un"
Mochila Transportadora 41x30x21 cm,Trixie,1 un,"€54,99/un","€54,99/un"
Ração para Gato Frango Pack Poupança,Continente,emb. 6 kg,"€9,99/un","€1,67/kg"
Ração para Gato 6 Fish,Orijen,"emb. 5,4 kg","€65,44/un","€12,12/kg"
Ração para Gato Adulto Optirenal Frango,Purina Pro Plan,emb. 10 kg,"€49,90/un","€4,99/kg"
Ração para Gato Adulto Esterilizado Optirenal Peru,Purina Pro Plan,emb. 10 kg,"€53,90/un","€5,39/kg"
Ração para Gato Adulto Esterilizado Peru,Affinity Advance,emb. 10 kg,"€36,40/un","€3,64/kg"
Ração para Gato Adulto Esterilizado Weight Balance,Affinity Advance,emb. 8 kg,"€49,49/un","€6,19/kg"
Ração para Gato Adulto Optisenses Salmão,Purina Pro Plan,emb. 10 kg,"€52,90/un","€5,29/kg"
Ração para Gato Fit Trim,Orijen,"emb. 5,4 kg","€62,04/un","€11,49/kg"
Areia para Gato Ultra Aglomerante Bentonite Carvão Ativo,Continente,"emb. 5 lt / 4,3 kg","€5,99/un","€1,20/lt"
Ração para Gato Adulto Original,Orijen,"emb. 5,4 kg","€61,62/un","€11,41/kg"
Ração para Gato Adulto Esterilizado Frango,Purina Cat Chow,emb. 15 kg,"€47,49/un","€3,17/kg"
Comida Húmida para Gato Adulto Seleção Mousses,Purina Gourmet Gold,emb. 8 x 85 gr,"€5,85/un","€8,60/kg"
Sofá para Cão/Gato Impermeável Xtreme Cinzento S,Luben,1 un,"€54,99/un","€54,99/un"
Transportadora para Cão Tecido Azul Nylon Tcamp 50x50x60 cm,Trixie,1 un,"€61,26/un","€61,26/un"
Ração para Gato Adulto Frango,Purina Cat Chow,emb. 15 kg,"€44,49/un","€2,97/kg"
Ração para Gato Adulto Esterilizado Atum,Affinity Libra,emb. 15 kg,"€48,49/un","€3,23/kg"
Ração para Gato Júnior Frango,Purina One,emb. 3 kg,"€14,94/un","€4,98/kg"
Ração para Gato Adulto Esterilizado Salmão,Affinity Ultima,"emb. 7,5 kg","€57,98/un","€7,73/kg"
Ração para Gato Adulto Esterilizado Bolas de Pelo Peru,Affinity Advance,emb. 10 kg,"€38,83/un","€3,88/kg"
Ração para Gato Adulto Urinary Frango,Purina Pro Plan Veterinary Diets,emb. 5 kg,"€41,31/un","€8,26/kg"
Ração para Gato Júnior Frango e Arroz,Affinity Advance,emb. 10 kg,"€38,83/un","€3,88/kg"
Ração para Gato Adulto Frango e Arroz,Affinity Advance,emb. 10 kg,"€39,15/un","€3,92/kg"
Comida Húmida para Gato Seleção Duplo Prazer Multipack,Purina Gourmet Gold,emb. 12 x 85 gr,"€8,79/un","€8,62/kg"
Ração para Gato Adulto Renal Function,Purina Pro Plan Veterinary Diets,emb. 5 kg,"€46,99/un","€9,40/kg"
Ração para Gato Adulto Esterilizado Salmão,Purina One,"emb. 1,5 kg","€11,99/un","€7,99/kg"
Areia para Gato Ultra Aglomerante Bentonite Carvão Ativo Pack Poupança,Continente,"emb. 15 lt / 12,9 kg","€12,99/un","€0,87/lt"
"Ração para Gato Adulto Mini Grasslands Frango, Pato, Perú e Codorniz",Acana,"emb. 4,5 kg","€57,99/un","€12,89/kg"
Ração para Gato Adulto Esterilizado,Happy One Mediterraneum,emb. 7 kg,"€44,90/un","€6,41/kg"
Ração para Gato Adulto Gastrointestinal,Purina Pro Plan Veterinary Diets,emb. 5 kg,"€41,31/un","€8,26/kg"
Comida Húmida para Gato Adulto Pedaços em Molho Saquetas,Continente,emb. 12 x 100 gr,"€3,59/un","€2,99/kg"
Ração para Gato Obesity Management,Purina Pro Plan Veterinary Diets,emb. 5 kg,"€41,31/un","€8,26/kg"
Comida Húmida para Gato Adulto Mousse Peixe do Oceano,Purina Gourmet Gold,emb. 85 gr,"€0,75/un","€8,82/kg"
Ração para Gato Adulto Esterilizado Vaca,Purina One,emb. 3 kg,"€14,94/un","€4,98/kg"
Comida Húmida para Gato Adulto Tartelette Frango Cenouras,Purina Gourmet Gold,emb. 85 gr,"€0,75/un","€8,82/kg"
"Ração para Gato Adulto Mini Wild Prairie Ave, Peixe e Ovos",Acana,"emb. 4,5 kg","€54,49/un","€12,11/kg"
Ração para Gato Júnior Frango,Purina Cat Chow,emb. 15 kg,"€47,98/un","€3,20/kg"
Ração para Gato Adulto Frango,Purina One,emb. 3 kg,"€14,94/un","€4,98/kg"
Cama para Cão/Gato Sleeper com Ventilação 80x53 cm,Trixie,1 un,"€24,99/un","€24,99/un"
Areia para Gato Sílica Gel,Continente,"emb. 3,6 kg","€8,79/un","€2,44/kg"
Ração para Gato Adulto Urinary Tract Health Frango,Purina Cat Chow,emb. 15 kg,"€47,49/un","€3,17/kg"
Homegard Spray,Frontline,emb. 250 ml,"€34,99/un","€34,99/un"
Cama para Cão/Gato Cosma Castanho e Bege 55x45 cm,Trixie,1 un,"€30,69/un","€30,69/un"
Ração para Gato Lowland Sem Cereais Codorniz e Pato,Taste of the Wild,"emb. 6,6 kg","€41,50/un","€41,50/un"
Ração para Gato Adulto Esterilizado Frango,Purina One,emb. 3 kg,"€14,94/un","€4,98/kg"
Ração para Gato Adulto Sensitive Salmão e Arroz,Affinity Advance,emb. 10 kg,"€38,95/un","€3,90/kg"
Ração para Gato Adulto Esterilizado Mini Indoor Entrée Frango e Peru,Acana,"emb. 4,5 kg","€47,99/un","€10,66/kg"
Comida Húmida para Gato Adulto Seleção Mousses,Purina Gourmet Gold,emb. 24 x 85 gr,"€11,04/un","€5,41/kg"
Ração para Gato Adulto Digestive,Royal Canin,emb. 4 kg,"€39,49/un","€9,87/kg"
Comida Húmida para Gato Adulto Fondant Atum,Purina Gourmet Gold,emb. 85 gr,"€0,75/un","€8,82/kg"
Ração para Gato Júnior Esterilizado Second Age,Royal Canin,"emb. 3,5 kg","€34,90/un","€8,73/kg"
Ração para Gato Adulto de Interior Frango e Legumes,Purina Friskies,emb. 3 kg,"€12,99/un","€4,33/kg"
Ração para Gato Adulto Mini Homestead Harvest Frango e Peru,Acana,"emb. 4,5 kg","€47,99/un","€10,66/kg"
Comida Húmida para Gato Adulto Patê Salmão Terrina,Continente,emb. 100 gr,"€0,35/un","€3,50/kg"
"Ração para Gato Adulto Mini Bountiful Catch Salmão, Arenque e Pescada",Acana,"emb. 4,5 kg","€47,99/un","€10,66/kg"
Ração para Gato Júnior Second Age,Royal Canin,emb. 4 kg,"€34,99/un","€8,75/kg"
Comida Húmida para Gato Fatastic Mar,Purina Felix,emb. 24 x 85 gr,"€13,30/un","€6,52/kg"
Casa Toalete de Areiapara Gato Romeo Cinzento/Branco,Beeztees,1 un,"€19,99/un","€19,99/un"
Ração para Gato Adulto Salmão,Purina One,emb. 3 kg,"€14,94/un","€4,98/kg"
Tabuleiro de Areia para Gato Cinzento 24x37x50 cm,Always,1 un,"€29,90/un","€29,90/un"
Ração para Gato Adulto Feline Preference Savour Exigent,Royal Canin,emb. 4 kg,"€33,49/un","€8,37/kg"
Ração para Gato Adulto Frango,Purina Friskies,emb. 4 kg,"€9,59/un","€2,40/kg"
Ração para Gato Adulto Home Life Indoor,Royal Canin,emb. 4 kg,"€33,99/un","€8,50/kg"
Ração para Gato First Age Mother & Babycat,Royal Canin,emb. 4 kg,"€38,31/un","€9,58/kg"
Arranhador para Gato Diabolo Bege 37x37x66cm,Jk Animals,1 un,"€61,99/un","€61,99/un"
Comida Húmida para Gato Adulto Tartelette Seleção Sabores,Purina Gourmet Gold,emb. 24 x 85 gr,"€11,04/un","€5,41/kg"
Ração para Gato Adulto Esterilizado Frango,Purina One,emb. 6 kg,"€41,65/un","€6,94/kg"
Areia para Gato Não Aglomerante Natural Hygiene Plus,Catsan,emb. 10 lt,"€12,35/un","€1,24/lt"
"Casa Toalete de Areia para Gato Fechada Azul 56x40x40,5 cm",Jomafe,1 un,"€16,49/un","€16,49/un"
Comida Húmida para Gato Adulto Tartelette Seleção Sabores,Purina Gourmet Gold,emb. 8 x 85 gr,"€5,85/un","€8,60/kg"
Ração para Gato Adulto Esterilizado Frango,Affinity Ultima,emb. 3 kg,"€24,29/un","€8,10/kg"
Ração para Gato Adulto Esterilizado Live Clear Salmão,Purina Pro Plan,"emb. 2,8 kg","€33,29/un","€33,29/kg"
Comida Húmida para Gato Adulto Mousse Salmão,Purina Gourmet Gold,emb. 85 gr,"€0,75/un","€8,82/kg"
Ração para Gato Adulto Esterilizado Salmão,Affinity Ultima,emb. 3 kg,"€24,29/un","€8,10/kg"
Ração para Gato Urinary,Affinity Advance Veterinary Diets,emb. 3 kg,"€21,99/un","€7,33/kg"
Areia para Gato Aglomerante Bentonite Natural Baby Powder,Weego,emb. 15 lt,"€17,29/un","€17,29/un"
Areia para Gato Aglomerante Bentonite Natural Active Charcoal,Weego,emb. 15 lt,"€17,79/un","€1,19/lt"
Ração para Gato Esterilizado Salmão Pack Poupança,Continente,emb. 6 kg,"€11,99/un","€2,00/kg"
Comida Húmida para Gato Adulto Terrine Frango,Purina Gourmet Gold,emb. 85 gr,"€0,75/un","€8,82/kg"
"Transportadora para Cão/Gato Creme/Azul 43x25x27,5 cm",Beeztees,1 un,"€28,99/un","€28,99/un"
Comida Húmida para Gato Adulto Frango Lata,Purina Gourmet Nature,emb. 4 x 85 gr,"€3,89/un","€11,44/kg"
Comida Húmida para Gato Adulto Duplo Prazer Peixe do Oceano num Molho Espinafres,Purina Gourmet Gold,emb. 85 gr,"€0,75/un","€8,82/kg"
Snack para Gato Adulto Crispies Salmão e Truta,Purina Felix,emb. 45 gr,"€1,89/un","€42,00/kg"
Casa Toalete de Areia para Gato Gipsy Porta Metal Eco Castanho Tamanho L,Bergamo,1 un,"€29,99/un","€29,99/kg"
Arranhador para Gato Caty Bege 52 cm,Jk Animals,1 un,"€36,99/un","€36,99/un"
Ração para Gato Adulto Sem Cereais Frango,Purina Beyond,"emb. 1,20 kg","€11,99/un","€9,99/kg"
Comida Húmida para Gato Atum Lata,Purina Gourmet Nature,emb. 4 x 85 gr,"€3,89/un","€11,44/kg"
Ração para Gato Júnior Optistart Frango,Purina Pro Plan,emb. 3 kg,"€24,21/un","€8,07/kg"
Ração para Gato Adulto Esterilizado Peru,Affinity Advance,emb. 3 kg,"€19,79/un","€6,60/kg"
Ração para Gato Adulto Esterilizado Optirenal Salmão,Purina Pro Plan,emb. 3 kg,"€19,99/un","€6,66/kg"
Ração para Gato Adulto Esterilizado Bolas de Pelo Frango,Purina One,emb. 800 gr,"€6,99/un","€8,74/kg"
Comida Húmida para Gato Adulto Finos Pedaços em Molho Saquetas,Purina Gourmet Perle,emb. 8 x 85 gr,"€6,65/un","€9,78/kg"
Ração para Gato Adulto Opti Digest Peru,Purina Pro Plan,emb. 3 kg,"€24,90/un","€8,30/kg"
Ração para Gato Adulto Frango,Purina One,emb. 6 kg,"€41,65/un","€6,94/kg"
Absorvente para Gato Desodorizante em Pó,Continente,emb. 750 gr,"€3,14/un","€4,19/kg"
Ração para Gato Júnior Esterilizado,Affinity Advance,"emb. 1,5 kg","€12,59/un","€8,39/kg"
"Ração para Gato Adulto Vaca, Frango e Legumes",Purina Friskies,emb. 4 kg,"€9,59/un","€2,40/kg"
Spray para Gato Catnip,Vitakraft,emb. 50 ml,"€2,49/un","€49,80/lt"
Comida Húmida para Gato Adulto Atum Lata,Purina Gourmet Diamant,emb. 85 gr,"€1,49/un","€17,53/kg"
Casa Toalete de Areia para Gato Romeo Eco Taupe,Bergamo,1 un,"€21,99/un","€21,99/kg"
Ração para Gato Sénior Longevis Salmão,Purina Pro Plan,emb. 3 kg,"€24,90/un","€8,30/kg"
Areia para Gato Classic Lavanda,Sanicat,emb. 8 lt,"€5,49/un","€0,69/lt"
Ração para Gato Adulto Esterilizado Optirenal Peru,Purina Pro Plan,emb. 3 kg,"€24,21/un","€8,07/kg"
Ração para Gato Adulto Esterilizado Sensitive Salmão,Affinity Advance,emb. 3 kg,"€19,79/un","€6,60/kg"
Ração para Gato Adulto Esterilizado Optidigest Frango,Purina Pro Plan,emb. 3 kg,"€19,99/un","€6,66/kg"
Ração para Gato Adulto Optisenses Salmão,Purina Pro Plan,emb. 3 kg,"€24,90/un","€8,30/kg"
Ração para Gato Júnior Second Age,Royal Canin,emb. 2 kg,"€20,99/un","€10,50/kg"
Comida Húmida para Gato Sensations Saborosa Seleção numa Gelatina Sabores,Purina Felix,emb. 12 x 85 gr,"€6,99/un","€6,85/kg"
Comida Húmida para Gato Fantastic Saborosa Seleção em Gelatina,Purina Felix,emb. 12 x 85 gr,"€6,99/un","€6,85/kg"
Comida Húmida para Gato Adulto Soup Atum Saquetas,Purina Gourmet Nature,emb. 4 x 40 gr,"€3,49/un","€21,81/kg"
Ração para Gato Adulto Esterilizado Regular,Royal Canin,emb. 2 kg,"€17,99/un","€9,00/kg"
Areia para Gato Aglomerante Inodor Branca,Sanicat,emb. 8 lt,"€8,99/un","€1,12/lt"
Ração para Gato Adulto Optilight Peru,Purina Pro Plan,emb. 3 kg,"€24,21/un","€8,07/kg"
Ração para Gato Adulto Esterilizado,Happy One Mediterraneum,emb. 3 kg,"€24,89/un","€8,30/kg"
Ração para Gato Adulto Optirenal Frango,Purina Pro Plan,emb. 3 kg,"€24,21/un","€8,07/kg"
Ração para Gato Adulto Esterilizado Vaca,Purina One,"emb. 1,5 kg","€11,99/un","€7,99/kg"
Snack para Gato Dentalife Salmão,Purina Dentalife,emb. 40 gr,"€1,99/un","€49,75/kg"
Ração para Gato Adulto Esterilizado Optirenal Coelho,Purina Pro Plan,emb. 3 kg,"€24,90/un","€8,30/kg"
Areia para Gato Aglomerante Bentonite Natural Baby Powder,Weego,emb. 5 Lt,"€7,29/un","€1,46/lt"
Ração para Gato Adulto Esterilizado Salmão,Affinity Brekkies,"emb. 3,5 kg","€13,79/un","€3,94/kg"
Snack para Gato Adulto Crispies Vaca e Frango,Purina Felix,emb. 45 gr,"€1,89/un","€42,00/kg"
Transportadora Rhino para Gato 50x32x33 cm,Jomafe,1 un,"€21,19/un","€21,19/un"
Comida Húmida para Gato Adulto Patê Vaca Lata,Continente,emb. 400 gr,"€0,95/un","€2,38/kg"
Comida Húmida para Gato Adulto Fondant Frango,Purina Gourmet Gold,emb. 85 gr,"€0,75/un","€8,82/kg"
Areia para Gato Aglomerante Bentonite Flor de Lótus,Sanicat,emb. 6 lt,"€9,59/un","€1,92/kg"
Ração para Gato Adulto,Happy One Mediterraneum,emb. 3 kg,"€24,89/un","€8,30/kg"
Ração para Gato Júnior Kitten British Shorthair,Royal Canin,emb. 2 kg,"€24,33/un","€12,17/kg"
Leite para Gato Júnior,Royal Canin,emb. 300 gr,"€21,14/un","€70,47/kg"
Comida Húmida para Gato Adulto Patê Atum Lata,Continente,emb. 400 gr,"€0,95/un","€2,38/kg"
Ração para Gato Adulto British Shorthair,Royal Canin,emb. 2 kg,"€21,99/un","€11,00/kg"
Ração para Gato Adulto Esterilizado Optisenses Salmão,Purina Pro Plan,emb. 3 kg,"€25,99/un","€25,99/un"
Ração para Gato First Age Mother & Babycat,Royal Canin,emb. 2 kg,"€22,39/un","€11,20/kg"
Ração para Gato Adulto Esterilizado Frango,Perfect Fit,"emb. 2,8 kg","€23,99/un","€8,57/kg"
Ração para Gato Adulto Sem Cereais Salmão,Purina Beyond,"emb. 1,20 kg","€11,99/un","€9,99/kg"
Ração para Gato Adulto Carne,É Continente,emb. 4 kg,"€5,79/un","€1,45/kg"
Comida Húmida para Gato Sabores Mar Saquetas,Continente,emb. 12x100 gr,"€4,99/un","€4,16/kg"
Areia para Gato Aglomerante Natural,Always Cat Litter,emb. 16 kg,"€20,61/un","€1,29/kg"
Ração para Gato Júnior Frango,Purina One,emb. 800 gr,"€6,99/un","€8,74/kg"
Transportadora para Cão Rígida Lima 32x31x48 cm,Trixie,1 un,"€19,99/un","€19,99/un"
Snack para Gato Adulto Party Mix Chezzy Mix,Purina Felix,emb. 60 gr,"€1,89/un","€31,50/kg"
Snack para Gato Adulto Party Mix Mixed Grill,Purina Felix,emb. 60 gr,"€1,89/un","€31,50/kg"
Comida Húmida para Gato Adulto Pedacinhos em Molho Salmão e Frango,Purina Gourmet Gold,emb. 85 gr,"€0,75/un","€8,82/kg"
Ração para Gato Adulto Appetite Control,Royal Canin,emb. 2 kg,"€21,99/un","€11,00/kg"
Ração para Gato Adulto Nutri Sem Cereais Frango,Uppy Nutri,emb. 3 kg,"€16,49/un","€5,50/kg"
Comida Húmida para Gato Fantastic DUO Saborosa Seleção numa Gelatina,Purina Felix,emb. 12 x 85 gr,"€6,99/un","€6,85/kg"
Comida Húmida para Gato Sabores Terra Saquetas,Continente,emb. 12x100 gr,"€4,99/un","€4,16/kg"
Ração para Gato Adulto Esterilizado Frango,Affinity Libra,"emb. 1,5 kg","€6,49/un","€4,33/kg"
"Snack para Gato Adulto Party Mix Ocean Salmão, Pescada e Truta",Purina Felix,emb. 60 gr,"€1,89/un","€31,50/kg"
Ração para Gato Adulto Urinary Peixe,Purina Pro Plan Veterinary Diets,"emb. 1,5 kg","€17,01/un","€11,34/kg"
Ração para Gato Júnior Persian,Royal Canin,emb. 2 kg,"€25,59/un","€12,80/kg"
Areia para Gato Aglomerante Natural Sensetive,Purina Friskies,emb. 5 lt,"€8,49/un","€1,70/lt"
Ração para Gato Adulto Persian,Royal Canin,emb. 2 kg,"€21,99/un","€11,00/kg"
Ração para Gato Adulto Urinary,Royal Canin,emb. 2 kg,"€23,09/un","€11,55/kg"
Ração para Gato Adulto Bacalhau e Legumes,Purina Friskies,emb. 4 kg,"€9,59/un","€2,40/kg"
"Snack para Gato Adulto Party Mix Original Frango, Fígado e Pato",Purina Felix,emb. 60 gr,"€1,89/un","€31,50/kg"
Ração para Gato Esterilizado Controlo de Peso Frango,Purina One,"emb. 1,5 kg","€11,99/un","€7,99/kg"
Ração para Gato Adulto Indoor Peru,Purina One,"emb. 1,5 kg","€11,99/un","€7,99/kg"
Ração para Gato Adulto Gastrointestinal,Purina Pro Plan Veterinary Diets,"emb. 1,5 kg","€17,01/un","€11,34/kg"
Ração para Gato Adulto Peixe,É Continente,emb. 2 kg,"€2,99/un","€1,50/kg"
Ração para Gato Adulto Salmão,Affinity Ultima,emb. 3 kg,"€24,29/un","€8,10/kg"
Ração para Gato Adulto Esterilizado Vaca,Purina One,emb. 800 gr,"€6,99/un","€8,74/kg"
Ração para Gato Adulto Frango Fresco,Continente Seleção,emb. 2 kg,"€6,99/un","€3,50/kg"
Ração para Gato Adulto Sensible Regular,Royal Canin,emb. 2 kg,"€17,99/un","€9,00/kg"
Ração para Gato Adulto Feline Preference Protein Exigent,Royal Canin,emb. 2 kg,"€19,41/un","€9,71/kg"
Ração para Gato Adulto Bolas de Pelo Peru,Affinity Ultima,emb. 3 kg,"€24,29/un","€8,10/kg"
Areia para Gato 7 Dias Aloe Vera,Sanicat,emb. 4 lt,"€3,99/un","€1,00/lt"
Ração para Gato Adulto Home Life Indoor,Royal Canin,emb. 2 kg,"€20,09/un","€10,05/kg"
Ração para Gato Adulto Frango e Arroz,Affinity Advance,emb. 3 kg,"€18,89/un","€6,30/kg"
Ração para Gato Esterilizado Frango,Uppy Nutri,emb. 3 kg,"€17,99/un","€17,99/un"
Ração para Gato Adulto Esterilizado Bolas de Pelo Peru,Affinity Advance,emb. 3 kg,"€19,79/un","€6,60/kg"
Ração para Gato Sénior Esterilizado Frango,Affinity Ultima,emb. 3 kg,"€24,29/un","€8,10/kg"
Ração para Gato Adulto Savour Exigent,Royal Canin,emb. 2 kg,"€19,73/un","€9,87/kg"
Ração para Gato Adulto Sensitive Salmão e Arroz,Affinity Advance,emb. 3 kg,"€19,79/un","€6,60/kg"
Ração para Gato Lowland Sem Cereais Codorniz e Pato,Taste of the Wild,emb. 2 kg,"€18,35/un","€9,18/kg"
Areia para Gato Vegetal Universal,Vitakraft,emb. 8 lt,"€8,69/un","€1,09/lt"
Ração para Gato Adulto Atum e Legumes,Purina Friskies,emb. 2 kg,"€7,99/un","€4,00/kg"
"Snack para Gato Party Mix Ocean Salmão, Bacalhau e Truta",Purina Felix,emb. 200 gr,"€3,99/un","€19,95/kg"
Comida Húmida para Gato Tasty Shreds Seleção Peixes Atum e Salmão,Purina Felix,emb. 4 x 80 gr,"€2,59/un","€8,09/kg"
Comida Húmida para Gato Adulto Peixe Saquetas,Purina Gourmet Mon Petit,emb. 6 x 50 gr,"€3,49/un","€11,63/kg"
Ração para Gato Senior Ageing 12+,Royal Canin,emb. 2 kg,"€21,49/un","€10,75/kg"
Ração para Gato Esterilizado Salmão,Purina Friskies,emb. 3 kg,"€12,99/un","€4,33/kg"
Ração para Gato Renal,Affinity Advance Veterinary Diets,"emb. 1,5 kg","€13,49/un","€8,99/kg"
Ração para Gato Adulto Urinary Frango,Purina Pro Plan Veterinary Diets,"emb. 1,5 kg","€17,59/un","€11,73/kg"
Comida Húmida para Gato Adulto Saquetas,Purina Gourmet A La Carte,emb. 4 x 85 gr,"€3,49/un","€10,26/kg"
Ração para Gato Adulto Renal Function,Purina Pro Plan Veterinary Diets,"emb. 1,5 kg","€17,01/un","€11,34/kg"
Ração para Gato Adulto Hypoallergenic,Purina Pro Plan Veterinary Diets,"emb. 1,3 kg","€17,90/un","€13,77/kg"
Areia para Gato Aglomerante Bentonite Natural,Catfield,emb. 7 lt,"€8,60/un","€1,23/lt"
Ração para Gato Gastroenteric Sensitive,Affinity Advance Veterinary Diets,"emb. 1,5 kg","€13,49/un","€8,99/kg"
Ração para Gato Urinary,Affinity Advance Veterinary Diets,"emb. 1,5 kg","€13,49/un","€8,99/kg"
Ração para Gato Adulto Frango,Affinity Ultima,emb. 3 kg,"€24,29/un","€8,10/kg"
Ração para Gato Esterilizado Bolas de Pelo,Purina One,emb. 3 kg,"€14,94/un","€4,98/kg"
Casa Toilete de Areia para Gato Spring,Bribon,1 un,"€18,79/un","€18,79/un"
"Ração para Gato Adulto Mini Bountiful Catch Salmão, Arenque e Pescada",Acana,"emb. 1,8 kg","€22,99/un","€12,77/kg"
Ração para Gato Adulto Frango,Purina One,"emb. 1,5 kg","€11,99/un","€7,99/kg"
Ração para Gato Adulto Salmão,Purina One,"emb. 1,5 kg","€11,99/un","€7,99/kg"
Comida Húmida para Gato Adulto Finos Pedaços em Molho Saquetas,Purina Gourmet Perle,emb. 4 x 85 gr,"€3,49/un","€10,26/kg"
Ração para Gato Adulto Salmão,Purina Beyond,emb. 350 gr,"€3,99/un","€11,40/kg"
Ração para Gato Adulto Esterilizado Vaca,Affinity Ultima,emb. 3 kg,"€24,29/un","€8,10/kg"
Ração para Gato Adulto Natur Sem Cereais Frango,Uppy Natur,"emb. 1,5 kg","€9,79/un","€6,53/kg"
"Ração para Gato Adulto Coelho, Frango e Legumes",Purina Friskies,emb. 2 kg,"€7,99/un","€4,00/kg"
Comida Húmida para Gato Adulto Peixe Saquetas,Whiskas,emb. 12 x 100 gr,"€7,49/un","€6,24/kg"
Snack para Gato Júnior e Adulto Queijo,Catisfactions,emb. 60 gr,"€1,89/un","€31,50/kg"
Arranhador para Gato Sisal 41cm,,1 un,"€14,99/un","€14,99/un"
Comida Húmida para Gato Adulto Mousse Frango,Purina Gourmet Gold,emb. 85 gr,"€0,75/un","€8,82/kg"
Ração para Gato Trato Urinário,Affinity Ultima,emb. 3 Kg,"€24,29/un","€8,10/kg"
Ração para Gato Júnior Mini Croquetes Frango e Cereais,Continente,"emb. 1,5 kg","€3,65/un","€2,43/kg"
Ração para Gato Sénior Esterilizado Ageing 7+ Regular,Royal Canin,"emb. 1,5 kg","€14,49/un","€9,66/kg"
Ração para Gato Adulto Especial Pele e Pelo Frango,Purina One,emb. 800 gr,"€6,99/un","€8,74/kg"
Comida Húmida para Gato Pedacinhos em Molho Seleção Sabores,Purina Gourmet Gold,emb. 12 x 85 gr,"€8,79/un","€8,62/kg"
Ração para Gato Adulto Esterilizado Salmão,Purina One,emb. 800 gr,"€6,99/un","€8,74/kg"
Areia para Roedores Vegetal Clean Papel,Vitakraft,emb. 10 lt,"€10,49/un","€1,05/lt"
Ervas Frescas para Gato Adulto,Continente,1 un,"€2,99/un","€16,16/kg"
Ração para Gato Adulto Mini Homestead Harvest Frango e Peru,Acana,"emb. 1,8 kg","€22,99/un","€12,77/kg"
Comida Húmida para Gato Adulto Patê Coelho Lata,Continente,emb. 400 gr,"€0,95/un","€2,38/kg"
Ração para Gato Sénior Esterilizado Frango,Affinity Advance,"emb. 1,5 kg","€12,09/un","€12,09/un"
Ração para Gato Adulto Esterilizado Weight Balance,Affinity Advance,"emb. 1,5 kg","€13,49/un","€13,49/un"
Ração para Gato Adulto Esterilizado Optirenal Salmão,Purina Pro Plan,"emb. 1,5 kg","€14,31/un","€9,54/kg"
Comida Húmida para Gato Adulto Aves Saquetas,Purina Gourmet Mon Petit,emb. 6 x 50 gr,"€3,49/un","€11,63/kg"
Comida Húmida para Gato Adulto Frango e Vaca Saquetas,Purina One,emb. 4 x 85 gr,"€3,49/un","€10,26/kg"
Ração para Gato Delicate Perú,Purina One,emb. 3 kg,"€14,94/un","€4,98/kg"
Comida Húmida para Gato Adulto Indoor Atum e Vitela Saquetas,Purina One,emb. 4 x 85 gr,"€3,49/un","€10,26/kg"
Comida Húmida para Gato Adulto Revelations Mousse Atum Terrina,Purina Gourmet,emb. 4 x 57 gr,"€2,69/un","€11,80/kg"
Comida Húmida para Gato Adulto Finos Pedaços em Molho Saquetas,Purina Gourmet Perle,emb. 8 x 85 gr,"€6,65/un","€9,78/kg"
Comida Húmida para Gato Adulto Sem Cereais Frango Lata,Purina Beyond,emb. 85 gr,"€0,99/un","€11,65/kg"
Comida Húmida para Gato Adulto Terrine Coelho,Purina Gourmet Gold,emb. 85 gr,"€0,75/un","€8,82/kg"
Ração para Gato Adulto Urinary Care Frango,Purina One,emb. 800 gr,"€6,99/un","€8,74/kg"
Ração para Gato Sénior Esterilizado Longevis Peru,Purina Pro Plan,"emb. 1,5 kg","€14,31/un","€9,54/kg"
Comida Húmida para Gato Adulto Saquetas,Purina Gourmet A La Carte,emb. 4 x 85 gr,"€3,49/un","€10,26/kg"
Comida Húmida para Gato Adulto Finos Pedaços em Gelatina Saquetas,Purina Gourmet Perle,emb. 4 x 85 gr,"€3,49/un","€10,26/kg"
Ração para Gato Adulto Esterilizado Perú e Legumes,Purina Friskies,"emb. 1,5 kg","€6,99/un","€4,66/kg"
"Comida Húmida para Gato Adulto Mix Frango, Vaca, Perú e Salmão Saquetas",Purina One,emb. 12 x 85 gr,"€7,19/un","€7,05/kg"
Brinquedo para Gato Kongnip Spray,Kong,1 un,"€8,99/un","€8,99/un"
Ração para Gato Sénior Ageing 7+ Home Life Indoor,Royal Canin,"emb. 1,5 kg","€15,99/un","€10,66/kg"
Areia para Gato Aglomerante Bentonite Natural Lavanda,Catfield,emb. 7 lt,"€8,60/un","€1,23/lt"
Ração para Gato Adulto Salmão,Purina Friskies,emb. 2 kg,"€7,99/un","€4,00/kg"
Ração para Gato Adulto Optirenal Frango,Purina Pro Plan,"emb. 1,5 kg","€12,29/un","€8,19/kg"
Ração para Gato Sénior Frango,Purina One,emb. 800 gr,"€6,99/un","€8,74/kg"
Ração para Gato Adulto Bolas de Pelo Frango e Legumes,Purina Friskies,"emb. 1,5 kg","€6,99/un","€4,66/kg"
Comida Húmida para Gato Júnior Pedaços em Molho Carne Saquetas,Continente,emb. 12 x 100 gr,"€4,39/un","€3,66/kg"
Areia para Gato Clean&Green,Sanicat,emb. 10 lt,"€9,49/un","€0,95/lt"
Comida Húmida para Gato Adulto Carne Saquetas,Whiskas,emb. 12 x 100 gr,"€7,49/un","€6,24/kg"
Ração para Gato Adulto Esterilizado Salmão,Affinity Ultima Nature,"emb. 1,25 kg","€13,29/un","€10,63/kg"
Ração para Gato Adulto Esterilizado Optirenal Peru,Purina Pro Plan,"emb. 1,5 kg","€14,31/un","€9,54/kg"
Ração para Gato Adulto Esterilizado Salmão e Cevada,Continente,"emb. 1,5 kg","€3,99/un","€2,66/kg"
"Ração para Gato Adulto Croquetes Frango, Pato, Perú e Legumes",Continente,emb. 2 kg,"€4,19/un","€2,10/kg"
Ração para Gato Adulto Frango,Purina Beyond,emb. 350 gr,"€3,99/un","€11,40/kg"
Areia para Gato Ultra Aglomerante Bentonite Natural Talco Pack Poupança,Continente,"emb. 15 lt / 12,9 kg","€12,99/un","€0,87/lt"
Comida Húmida para Gato Adulto Mousse Vaca,Purina Gourmet Gold,emb. 85 gr,"€0,75/un","€8,82/kg"
Snack para Gato Maxipack Salmão,Catisfactions,emb. 180 gr,"€3,79/un","€21,06/kg"
Ração para Gato Adulto Esterilizado Salmão,Purina Friskies,"emb. 1,5 kg","€6,99/un","€4,66/kg"
Ração para Gato Adulto Peixe,É Continente,emb. 4 kg,"€5,79/un","€1,45/kg"
Ração para Gato Adulto Esterilizado Optirenal Coelho,Purina Pro Plan,"emb. 1,5 kg","€15,50/un","€10,33/kg"
Ração para Gato Adulto Optiderma Salmão,Purina Pro Plan,"emb. 1,5 kg","€14,31/un","€9,54/kg"
Ração para Gato Sénior Mini Frango,Purina One,"emb. 1,5 kg","€11,99/un","€7,99/kg"
Ração para Gato Adulto Sem Cereais Salmão,Purina Beyond,emb. 325 gr,"€3,99/un","€12,28/kg"
Tapete para Casa Toalete,,1 un,"€5,19/un","€5,19/un"
Comida Húmida para Gato Adulto Soup Original Seleção Peixe Saquetas,Purina Felix,emb. 6 x 48 gr,"€2,59/un","€8,99/kg"
Ração para Gato Adulto de Interior Frango,Purina Friskies,"emb. 1,5 kg","€6,99/un","€4,66/kg"
Comida Húmida para Gato Adulto Sem Cereais Salmão Lata,Purina Beyond,emb. 85 gr,"€0,99/un","€11,65/kg"
Snack para Gato Júnior e Adulto Frango e Pato,Catisfactions,emb. 60 gr,"€1,89/un","€31,50/kg"
Ração para Gato Adulto Vaca,Affinity Brekkies,"emb. 3,5 kg","€13,79/un","€3,94/kg"
"Ração para Gato Adulto Frango, Perú e Legumes",Purina Friskies,emb. 2 kg,"€7,99/un","€4,00/kg"
"Snack para Gato Adulto Party Mix Picnic Frango, Queijo e Pato",Purina Felix,emb. 60 gr,"€1,89/un","€31,50/kg"
Ração para Gato Adulto Optisenses Salmão,Purina Pro Plan,"emb. 1,5 kg","€15,50/un","€10,33/kg"
"Ração para Gato Adulto Vaca, Frango e Legumes",Purina Friskies,emb. 2 kg,"€7,99/un","€4,00/kg"
Comida Húmida para Gato Duplo Prazer Vaca e Frango,Purina Gourmet Gold,emb. 85 gr,"€0,75/un","€8,82/kg"
Ração para Gato Adulto Esterilizado Bolas de Pelo Peru,Affinity Ultima,"emb. 1,5 kg","€9,96/un","€6,64/kg"
Comida Húmida para Gato Adulto Pedacinhos em Molho Vaca,Purina Gourmet Gold,emb. 85 gr,"€0,75/un","€8,82/kg"
Comida Húmida para Gato Adulto Mousse Peixe do Oceano,Purina Gourmet Gold,emb. 12 x 85 gr,"€8,79/un","€8,62/kg"
Comida Húmida para Gato Adulto Mousse Gatinhos Vitela,Purina Gourmet Gold,emb. 85 gr,"€0,75/un","€8,82/kg"
Ração para Gato Adulto Oral,Royal Canin,"emb. 1,5 kg","€16,99/un","€11,33/kg"
Ração para Gato Adulto Carne,É Continente,emb. 2 kg,"€2,99/un","€1,50/kg"
Ração para Gato Adulto Esterilizado Salmão Pack Poupança,Continente,emb. 6 kg,"€11,99/un","€2,00/kg"
Comida Húmida para Gato Adulto Carne Saquetas,Whiskas,emb. 4 x 100 gr,"€2,75/un","€6,88/kg"
Comida Húmida para Gato Adulto Peixe Lata,Purina Gourmet,emb. 85 gr,"€0,99/un","€11,65/kg"
Champô para Gato,Continente,emb. 150 ml,"€2,69/un","€17,93/lt"
Ração para Gato Júnior Optistart Frango,Purina Pro Plan,"emb. 1,5 kg","€14,31/un","€9,54/kg"
Comida Húmida para Gato Adulto Revelations Mousse Frango Terrina,Purina Gourmet,emb. 4 x 57 gr,"€2,69/un","€11,80/kg"
Comida Húmida para Gato Júnior Salmão Saquetas,Purina One,emb. 4 x 85 gr,"€3,49/un","€10,26/kg"
Ração para Gato Adulto Esterilizado Frango,Purina Cat Chow,"emb. 1,5 kg","€5,49/un","€3,66/kg"
Ração para Gato Júnior Selected Sem Cereais Frango,Nature´s Variety,"emb. 1,25 kg","€13,00/un","€10,40/kg"
Ração para Gato Júnior Frango,Affinity Ultima,"emb. 1,5 kg","€9,96/un","€6,64/kg"
Ração para Gato Adulto Salmão,Perfect Fit,"emb. 2,8 kg","€23,99/un","€8,57/kg"
Comida Húmida para Gato Adulto Finos Pedaços em Molho Saquetas,Purina Gourmet Perle,emb. 4 x 85 gr,"€3,49/un","€10,26/kg"
Arranhador para Gato 43cm,,1 un,"€14,99/un","€14,99/un"
Comida Húmida para Gato Tasty Shreds Seleção Peixes Salmão Atum Bacalhau e Solha,Purina Felix,emb. 12 x 80 gr,"€6,99/un","€7,28/kg"
Comida Húmida para Gato Adulto Duo e Mousse Lata,Continente Seleção,emb. 12 x 85 gr,"€6,79/un","€6,66/kg"
Areia para Gato Aglomerante Bentonite Natural,Catfield,emb. 7 lt,"€8,60/un","€1,23/lt"
Ração para Gato Adulto Sensitive Peru,Purina One,emb. 800 gr,"€6,99/un","€8,74/kg"
Comida Húmida para Gato Adulto Peixe Saquetas,Whiskas,emb. 4 x 100 gr,"€2,75/un","€6,88/kg"
Absorvente para Roedor Aparas Comfort Classic,Vitakraft,1 un,"€2,69/un","€0,19/lt"
Comida Húmida para Gato Adulto Patê Vaca Terrina,Continente,emb. 100 gr,"€0,35/un","€3,50/kg"
Comida Húmida para Gato Adulto Soup Original Seleção do Campo Saquetas,Purina Felix,emb. 6 x 48 gr,"€2,59/un","€8,99/kg"
Ração para Gato Júnior Frango e Legumes,Purina Friskies,"emb. 1,5 kg","€6,99/un","€4,66/kg"
Comida Húmida para Gato Adulto Tartelette Vaca Tomate,Purina Gourmet Gold,emb. 85 gr,"€0,75/un","€8,82/kg"
Areia para Gato Aglomerante Bentonite Natural Active Charcoal,Weego,emb. 5 Lt,"€7,79/un","€1,56/lt"
Brinquedo para Gato Wrangler Scratch Mouse,Kong,1 un,"€13,99/un","€13,99/un"
Comida Húmida para Gato Adulto Aves Saquetas,Whiskas,emb. 12 x 85 gr,"€7,69/un","€7,54/kg"
Ração para Gato Adulto Atum,Whiskas,"emb. 1,75 kg","€9,59/un","€5,48/kg"
Ração para Gato Adulto Esterilizado Sensível Truta,Affinity Ultima,"emb. 1,5 kg","€9,96/un","€6,64/kg"
Ração para Gato Adulto Atum e Legumes,Purina Friskies,emb. 400 gr,"€2,19/un","€5,48/kg"
Snack para Gato Adulto Almofadas Salmão,Continente,emb. 100 gr (8 un),"€1,49/un","€14,90/kg"
Comida Húmida para Gato Adulto Vaca Lata,Purina Gourmet Nature,emb. 85 gr,"€0,99/un","€11,65/kg"
Ração para Gato Adulto Frango,Whiskas,"emb. 1,75 kg","€9,59/un","€5,48/kg"
Ração para Gato Adulto Frango,Affinity Ultima Nature,"emb. 1,25 kg","€13,29/un","€10,63/kg"
Ração para Gato Adulto Sem Cereais Peru,Affinity Ultima Nature,"emb. 1,1 kg","€13,29/un","€12,08/kg"
Ração para Gato Adulto Indoor Peru,Purina One,emb. 800 gr,"€6,99/un","€8,74/kg"
Comida Húmida para Gato Filete Molho,Continente Seleção,emb. 12x85 gr,"€6,29/un","€6,17/kg"
Comida Húmida para Gato Adulto Carne Saquetas,Sheba,emb. 6 x 50 gr,"€2,99/un","€9,97/kg"
Ração para Gato Júnior Frango,Purina Cat Chow,"emb. 1,5 kg","€5,49/un","€3,66/kg"
Ração para Gato Adulto Crunchy & Tender Salmão,Purina Friskies,"emb. 1,5 kg","€6,99/un","€4,66/kg"
Snack para Gato Júnior e Adulto Salmão,Catisfactions,emb. 60 gr,"€1,89/un","€31,50/kg"
Snack para Gato Pasta Queijo,Vitakraft,emb. 100 gr,"€6,99/un","€69,90/kg"
Snack para Gato Atum,Catisfactions,emb. 60 gr,"€1,89/un","€31,50/kg"
Ração para Gato Adulto Bolas de Pelo Perú e Arroz,Affinity Advance,"emb. 1,5 kg","€12,59/un","€8,39/kg"
Ração para Gato Adulto Esterilizado,Happy One Mediterraneum,emb. 1 kg,"€8,12/un","€8,12/kg"
Comida Húmida para Gato Salmão,Continente,emb. 100 gr,"€0,59/un","€5,90/kg"
Comida Húmida para Gato Adulto Patê Lata,Continente,emb. 3 x 400 gr,"€2,73/un","€2,28/kg"
Comida Húmida para Gato Adulto Patê Atum Terrina,Continente,emb. 100 gr,"€0,59/un","€5,90/kg"
Ração para Gato Adulto Esterilizado Frango,Perfect Fit,"emb. 1,4 kg","€13,19/un","€9,42/kg"
Comida Húmida para Gato Adulto Delícias do Oceano Saquetas,Purina Gourmet Perle,emb. 4 x 85 gr,"€3,49/un","€10,26/kg"
Leite para Gato Júnior,Continente,emb. 250 ml,"€1,25/un","€5,00/lt"
Snack para Gato Stick Mini Salmão e Truta,Vitakraft,emb. 18 gr,"€1,19/un","€66,11/kg"
Brinquedo para Gato Kitty Roundabout 26 cm,Pawise,1 un,"€10,39/un","€10,39/un"
Ração para Gato Adulto DualNature Frango Espirulina Natural,Purina One,"emb. 1,4 kg","€11,99/un","€8,56/kg"
Ração para Gato Adulto Nutri Sem Cereais Frango,Uppy Nutri,"emb. 1,75 kg","€9,99/un","€5,71/kg"
Sacos Higiénicos 46x59 cm,Trixie,emb. 10 un,"€2,99/un","€2,99/un"
Ração para Gato Adulto Salmão,Affinity Libra,"emb. 1,5 kg","€7,15/un","€4,77/kg"
Ração para Gato Júnior Frango,Whiskas,emb. 950 gr,"€5,99/un","€6,31/kg"
Ração para Gato Esterilizado Salmão,Nature´s Variety,"emb. 1,25 kg","€11,00/un","€8,80/kg"
Ração para Gato Adulto Frango,Purina One,emb. 800 gr,"€6,99/un","€8,74/kg"
Ração para Gato Original Frango,Nature´s Variety,"emb. 1,25 kg","€11,00/un","€8,80/kg"
Snack para Gato Anti Bolas de Pelo,Whiskas,emb. 60 gr,"€2,19/un","€36,50/kg"
"Snack para Gato Adulto Party Mix Original Frango, Fígado e Peru",Purina Felix,emb. 200 gr,"€3,99/un","€19,95/kg"
Brinquedo para Gato Interativo 23cm,Propet,1 un,"€10,39/un","€10,39/un"
"Ração para Gato Adulto Cocktail Aves, Legumes e Salmão",Continente,emb. 2 kg,"€4,19/un","€2,10/kg"
"Comida Húmida para Gato Adulto Salmão, Atum e Bacalhau Saquetas",Sheba,emb. 6 x 50 gr,"€2,99/un","€9,97/kg"
"Ração para Gato Adulto Coelho, Frango e Legumes",Purina Friskies,emb. 400 gr,"€2,19/un","€5,48/kg"
Comida Húmida para Gato Adulto Frango Lata,Purina Gourmet Diamant,emb. 85 gr,"€1,49/un","€17,53/kg"
Ração para Gato Adulto Esterilizado Salmão e Cevada,Continente,emb. 3 kg,"€7,49/un","€2,50/kg"
"Ração para Gato Adulto Croquetes Frango, Pato, Perú e Legumes",Continente,emb. 4 kg,"€8,99/un","€2,25/kg"
Comida Húmida para Gato Adulto Vaca Lata,É Continente,emb. 800 gr,"€1,19/un","€1,49/kg"
Ração para Gato Adulto Frango,Affinity Ultima,"emb. 1,5 kg","€9,96/un","€6,64/kg"
Ração para Gato Adulto Esterilizado Salmão,Perfect Fit,"emb. 1,4 kg","€13,19/un","€9,42/kg"
Ração para Gato Adulto Esterilizado Bolas de Pelo Peru,Affinity Advance,"emb. 1,5 kg","€12,59/un","€8,39/kg"
Ração para Gato Adulto Esterilizado Vaca,Perfect Fit,"emb. 1,4 kg","€13,19/un","€9,42/kg"
Comida Húmida para Gato Sénior Aves Saquetas,Whiskas,emb. 4 x 100 gr,"€2,75/un","€6,88/kg"
Ração para Gato Esterilizado Nature Vaca,Affinity Ultima Nature,"emb. 1,1 kg","€13,29/un","€12,08/kg"
Ração para Gato Adulto Vaca,Whiskas,"emb. 1,75 kg","€9,59/un","€5,48/kg"
Snack para Gato Júnior e Adulto Frango,Catisfactions,emb. 60 gr,"€1,89/un","€31,50/kg"
Ração para Gato Adulto Urinary Tract Health Frango,Purina Cat Chow,"emb. 1,5 kg","€5,49/un","€3,66/kg"
Comida Húmida para Gato Adulto Sem Cereais Perú e Vaca Saquetas,Uppy Natur,emb. 4 x 100 gr,"€3,79/un","€9,48/kg"
Comida Húmida para Gato Júnior Carne Saquetas,Whiskas,emb. 4 x 100 gr,"€2,89/un","€7,23/kg"
Snack para Gato Peru,Catisfactions,emb. 60 gr,"€1,89/un","€31,50/kg"
Snack para Gato Adulto Party Dairy Delight,Purina Felix,emb. 60 gr,"€1,89/un","€31,50/kg"
Pá para Absorvente Aglomerante Sortido,Trixie,1 un,"€1,39/un","€1,39/un"
Comida Húmida para Gato Adulto Frango Sem Cereais em Mousse,Purina Beyond,emb. 4 x 85 gr,"€3,89/un","€11,44/kg"
Comida Húmida para Gato Adulto Taurina Frango Perú Paté Pedaços,Continente,emb. 100 gr,"€0,59/un","€5,90/kg"
Snack para Gato Adulto Almofadinhas Aves,Continente,emb. 100 gr,"€1,49/un","€14,90/kg"
Ração para Gato Adulto Croquetes Vaca e Legumes,Continente,emb. 4 kg,"€8,99/un","€2,25/kg"
Ração para Gato Adulto Atum,Whiskas,emb. 350 gr,"€2,39/un","€6,83/kg"
Ração para Gato Esterilizado Indoor Frango,Perfect Fit,"emb. 1,4 kg","€13,19/un","€9,42/kg"
Arranhador Tirgraff De Cartão,Farm Company,1 un,"€8,69/un","€8,69/un"
"Bebedouro para Cão 3,5 L",Avior,1 un,"€6,79/un","€6,79/un"
Comida Húmida para Gato Adulto Pedaços em Molho Saquetas,Continente,emb. 4 x 100 gr,"€1,79/un","€4,48/kg"
Ração para Gato Adulto Esterilizado Frango,Affinity Ultima,"emb. 1,5 kg","€9,96/un","€6,64/kg"
Comida Húmida para Gato Esterilizado Indoor Frango e Salmão Saquetas,Perfect Fit,emb. 4 x 85 gr,"€3,19/un","€9,38/kg"
Ração para Gato Adulto Indoor Frango,Whiskas,emb. 800 gr,"€5,99/un","€7,49/kg"
Tabuleiro para Absorvente Shuttle 45 cm,Jomafe,1 un,"€8,09/un","€8,09/un"
Comida Húmida para Gato Tasty Shreds Seleção do Campo Vaca e Frango,Purina Felix,emb. 4 x 80 gr,"€2,59/un","€8,09/kg"
Comida Húmida para Gato Adulto Fantastic Seleção Legumes em Gelatina,Purina Felix,emb. 4 x 85 gr,"€2,59/un","€7,62/kg"
Ração para Gato Sénior Esterilizado Frango,Affinity Ultima,emb. 800 gr,"€7,49/un","€9,36/kg"
Comida Húmida para Gato Seleção Peixe,Whiskas,emb. 12 x 85 gr,"€7,69/un","€7,54/kg"
Corta Unhas para Gato,Artero,1 un,"€6,59/un","€6,59/un"
Comida Húmida para Gato Fantastic Seleção Peixes em Gelatina,Purina Felix,emb. 4 x 85 gr,"€2,59/un","€7,62/kg"
Ração para Gato Adulto Sensitive Salmão,Purina Cat Chow,"emb. 1,5 kg","€6,30/un","€4,20/kg"
Comida Húmida para Gato Pescada e Salmão,Perfect Fit,emb. 4 x 85 gr,"€3,19/un","€9,38/kg"
Comida Húmida para Gato Adulto Pedaços em Molho Salmão Lata,Continente,emb. 400 gr,"€0,95/un","€2,38/kg"
Cama para Cão/Gato Impermeável Retangular Xtreme Preto 10x60x40 cm,Luben,1 un,"€32,99/un","€32,99/un"
Comida Húmida para Gato Adulto Esterilizado Carne Saquetas,Perfect Fit,emb. 4 x 85 gr,"€3,19/un","€9,38/kg"
Luva para Cão Cuidado do Pelo,Trixie,1 un,"€6,99/un","€6,99/un"
"Ração para Gato Júnior Frango, Leite e Legumes",Purina Friskies,emb. 400 gr,"€2,19/un","€5,48/kg"
Ração para Gato Adulto Salmão,Purina One,emb. 800 gr,"€6,99/un","€8,74/kg"
Comida Húmida para Gato Adulto Vaca,É Continente,emb. 400 gr,"€0,65/un","€1,63/kg"
Ração para Gato Adulto Esterilizado Atum,Affinity Libra,"emb. 1,5 kg","€6,49/un","€4,33/kg"
"Ração para Gato Adulto Croquetes Frango, Pato, Perú e Legumes",Continente,emb. 800 gr,"€2,19/un","€2,74/kg"
Comida Húmida para Gato Adulto Mousse Pato Lata,Continente,emb. 85 gr,"€0,59/un","€6,94/kg"
Comida Húmida para Gato Júnior Aves Saquetas,Whiskas,emb. 4 x 85 gr,"€2,89/un","€8,50/kg"
Comida Húmida para Gato Júnior Fantastic Grelhados em Gelatina,Purina Felix,emb. 4 x 85 gr,"€2,59/un","€7,62/kg"
Comida Húmida para Gato Adulto Aves Saquetas,Whiskas,emb. 4 x 100 gr,"€2,75/un","€6,88/un"
Ração para Gato Adulto Esterelizado Mini Indoor Entrée Frango e Peru,Acana,emb. 340 gr,"€6,99/un","€20,56/kg"
Ração para Gato First Age Mother & Babycat,Royal Canin,emb. 400 gr,"€5,13/un","€12,83/kg"
Ração para Gato Adulto Frango,Purina Cat Chow,"emb. 1,5 kg","€5,49/un","€3,66/kg"
Snack para Gato Naturally Delicious Frango,Purina Felix,emb. 50 gr,"€1,89/un","€37,80/kg"
Ração para Gato Adulto Urinary Frango,Affinity Libra,"emb. 1,5 kg","€6,70/un","€4,47/kg"
Ração para Gato Esterilizado Salmão,Uppy Nutri,emb. 800 gr,"€5,99/un","€5,99/un"
Snack para Gato Adulto Tiras Crocantes,Continente,emb. 3 x 15 gr,"€1,09/un","€72,67/kg"
Brinquedo para Gato Feather Teaser Sortido,Kong,1 un,"€6,99/un","€6,99/un"
Tabuleiro de Areia para Gato Azul,Jomafe,1 un,"€4,79/un","€4,79/un"
Leite para Gato Júnior,Whiskas,emb. 200 ml,"€2,19/un","€10,95/lt"
Ração para Gato Adulto Salmão,Purina Cat Chow,"emb. 1,5 kg","€5,49/un","€3,66/kg"
Ração para Gato Adulto Esterilizado Salmão,Affinity Ultima,emb. 800 gr,"€7,49/un","€9,36/kg"
Tabuleiro de Areia para Gato Azul,Jomafe,1 un,"€3,79/un","€3,79/un"
Ração para Gato Adulto Esterilizado Frango,Affinity Ultima,emb. 800 gr,"€7,49/un","€9,36/kg"
Comida Húmida para Gato Adulto Sem Cereais Frango e Pato Saquetas,Uppy Natur,emb. 4 x 100 gr,"€3,79/un","€3,79/un"
Comida Húmida para Gato Júnior Mix Geleia,Webbox,emb. 12x100 gr,"€8,99/un","€7,49/kg"
Comida Húmida para Gato Esterilizado Carne,Affinity Ultima,emb. 4 x 85 gr,"€3,69/un","€10,85/kg"
"Comdeouro/Bededouro para Cão/Gato Automatico 1,5 L",,1 un,"€5,99/un","€5,99/un"
Comida Húmida para Gato Fantastic DUO Saborosa Seleção numa Gelatina,Purina Felix,emb. 4 x 85 gr,"€2,59/un","€7,62/kg"
Ração para Gato Bolas Pelo,Affinity Ultima,emb. 750 gr,"€7,19/un","€9,59/kg"
Ração para Gato Adulto Bolas de Pelo Control Frango,Purina Cat Chow,"emb. 1,5 kg","€6,30/un","€4,20/kg"
Ração para Gato Adulto Esterilizado Frango,Perfect Fit,emb. 750 gr,"€7,19/un","€9,59/kg"
Comedouro/Bebedouro para Cão/Gato Inox Antiderrapante 1890 ml L,Propet,1 un,"€6,99/un","€6,99/un"
Snack para Gato Júnior e Adulto Salmão e Queijo,Catisfactions,emb. 60 gr,"€1,89/un","€31,50/kg"
Comida Húmida para Gato Adulto Seleção Peixes em Gelatina,Purina Felix,emb. 4 x 85 gr,"€2,59/un","€7,62/kg"
Comida Húmida para Gato Fantastic Saborosa Seleção em Gelatina,Purina Felix,emb. 4 x 85 gr,"€2,59/un","€7,62/kg"
Cama para Cão/Gato Ligy Preto/Branco 48x37x16 cm,Beeztees,1 un,"€25,99/un","€25,99/un"
Comida Húmida para Gato Adulto Mousse Frango Lata,Continente Seleção,emb. 85 gr,"€0,69/un","€8,12/kg"
Comida Húmida para Gato Adulto Sabores da Terra Saquetas,Continente,emb. 4 x 100 gr,"€1,79/un","€4,48/kg"
Comida Húmida para Gato Adulto Revelations Mousse Salmão Terrina,Purina Gourmet,emb. 4 x 57 gr,"€2,69/un","€11,80/kg"
Comida Húmida para Gato Frango,Purina Gourmet Nature,emb. 85 gr,"€0,99/un","€11,65/kg"
Snack para Gato Dentabites Galinha,Whiskas,emb. 40 gr,"€2,19/un","€54,75/kg"
Comida Húmida para Gato Salmão Sem Cereais em Mousse,Purina Beyond,emb. 4 x 85 gr,"€3,89/un","€11,44/kg"
Comida Húmida para Gato Seleção Molho,Webbox,emb. 12 x 100 gr,"€8,99/un","€7,49/kg"
Comida Húmida para Gato Adulto Salmão e Camarão Lata,Continente,emb. 85 gr,"€0,59/un","€6,94/kg"
Comedouro/Bebedouro para Cão/Gato Inox Antiderrapante 946 ml M,Propet,1 un,"€6,09/un","€6,09/un"
"Transportadora Pratiko Metal 48x33x31,5 cm",,1 un,"€16,49/un","€16,49/un"
Snack para Gato Stick Mini Pato e Coelho,Vitakraft,emb. 18 gr,"€1,19/un","€66,11/kg"
Ração para Gato Adulto Digestive,Royal Canin,emb. 400 gr,"€5,60/un","€14,00/kg"
Comida Húmida para Gato Vitela,Continente,emb. 100 gr,"€0,59/un","€5,90/kg"
Comida Húmida para Gato Esterilizado Salmão,Affinity Ultima,emb. 4 x 85 gr,"€3,69/un","€10,85/kg"
Brinquedo para Gato Laser 7 cm,Pawise,1 un,"€3,39/un","€3,39/un"
Comida Húmida para Gato Adulto Patê Carne Caça Terrina,Continente,emb. 100 gr,"€0,59/un","€5,90/kg"
Tesoura para Gato,Mpets,1 un,"€7,49/un","€7,49/un"
Comida Húmida para Gato Adulto Seleção Carnes em Gelatina,Purina Felix,emb. 4 x 85 gr,"€2,59/un","€7,62/kg"
Ração para Gato Adulto Pato,Purina Cat Chow,"emb. 1,5 kg","€6,30/un","€4,20/kg"
Ração para Gato Adulto Croquetes Vaca e Legumes,Continente,emb. 2 kg,"€4,19/un","€2,10/kg"
"Ração para Gato Sénior Croquetes Frango, Cereais e Legumes",Continente,emb. 2 kg,"€4,19/un","€2,10/kg"
Ração para Gato Adulto Trato Urinário,Affinity Ultima,emb. 750 gr,"€7,19/un","€9,59/kg"
Erva para Gato,Catfield,1 un,"€2,99/un","€37,38/kg"
Pá Rhea para Sílica,Jomafe,1 un,"€1,09/un","€1,09/un"
Ração para Gato Adulto Natur Sem Cereais Frango,Uppy Natur,emb. 400 gr,"€3,29/un","€8,23/kg"
Comida Húmida para Gato Adulto Mousse Frango e Peixe Lata,Continente Seleção,emb. 4 x 85 gr,"€2,49/un","€7,32/kg"
Ração para Gato Adulto Urinary,Royal Canin,emb. 400 gr,"€5,49/un","€13,73/kg"
"Comida Húmida para Gato Adulto Galinha, Aves e Perú Saquetas",Sheba,emb. 6 x 50 gr,"€2,99/un","€9,97/kg"
Snack para Gato Naturally Delicious Salmão,Purina Felix,emb. 50 gr,"€1,89/un","€37,80/kg"
Ração para Gato Júnior Second Age,Royal Canin,emb. 400 gr,"€5,29/un","€13,23/kg"
"Comedouro/Bebedouro para Cão/Gato Inox 21 cm x 1,5 lt",Propet,1 un,"€6,49/un","€6,49/un"
Comida Húmida para Gato Adulto Revelations Mousse Vaca Terrina,Purina Gourmet,emb. 4 x 57 gr,"€2,69/un","€11,80/kg"
Brinquedo para Gato Cana com Pena 55 cm,Pawise,1 un,"€4,79/un","€4,79/un"
Ração para Gato Júnior Mini First Feast Frango e Arenque,Acana,emb. 340 gr,"€6,99/un","€20,56/kg"
Sacos Higiénicos 40x50 cm,Riga,emb. 10 un,"€1,79/un","€1,79/kg"
Comida Húmida para Gato Adulto Sabores do Mar Saquetas,Continente,emb. 4 x 100 gr,"€1,79/un","€4,48/kg"
Bebedouro para Cão/Gato,Avior,1 un,"€5,59/un","€5,59/un"
Ração para Gato Júnior Frango,Whiskas,emb. 350 gr,"€2,39/un","€6,83/kg"
Ração para Gato Adulto Mini Homestead Harvest Frango e Peru,Acana,emb. 340 gr,"€6,99/un","€20,56/kg"
Ração para Gato Adulto Bolas de Pelo,Royal Canin,emb. 400 gr,"€5,49/un","€13,73/kg"
Comida Húmida para Gato Sensations Seleção Peixes numa Gelatina Sabores,Purina Felix,emb. 4 x 85 gr,"€2,59/un","€7,62/kg"
Comedouro/Bebedouro para Cão/Gato Inox Antiderrapante 475 ml S,Propet,1 un,"€4,79/un","€4,79/un"
Coleira para Gato 10 mm 20-30 cm Arti,Lupi Linx,1 un,"€3,99/un","€3,99/kg"
Brinquedo para Gato Teimoso com Pena,Pawise,1 un,"€4,79/un","€4,79/un"
Snack para Gato Galinha,Catisfactions,emb. 60 gr,"€1,89/un","€31,50/kg"
Ração para Gato Adulto Feline Preference Aroma Exigent,Royal Canin,emb. 400 gr,"€5,20/un","€13,00/kg"
Ração para Gato Adulto Savour Exigent,Royal Canin,emb. 400 gr,"€5,02/un","€12,55/kg"
Sofá para Cão/Gato Spring Chevron Azul M,Luben,1 un,"€66,99/un","€66,99/un"
Comida Húmida para Gato Adulto Aves Saquetas,Whiskas,emb. 4 x 85 gr,"€2,89/un","€8,50/kg"
Comida Húmida para Gato Júnior Perú Saquetas,Purina Cat Chow,emb. 85 gr,"€0,71/un","€8,35/kg"
Ração para Gato Adulto Sensible Regular,Royal Canin,emb. 400 gr,"€4,49/un","€11,23/kg"
Desodorizante para Absorvente de Gato Maçã,Riga,emb. 750 gr,"€4,99/un","€6,65/kg"
Ração para Gato Adulto Indoor Frango e Legumes,Continente,"emb. 1,5 kg","€3,99/un","€2,66/kg"
"Ração para Gato Adulto Mini Grasslands Frango, Pato, Perú e Codorniz",Acana,emb. 340 gr,"€5,79/un","€17,03/kg"
Ração para Gato Adulto Mini Pacifica Peixe,Acana,emb. 340 gr,"€7,59/un","€22,32/kg"
Brinquedo para Gato Speedy Mouse 9x6x4 cm,Pawise,1 un,"€4,39/un","€4,39/un"
Ração para Gato Adulto Esterilizado Peru,Affinity Advance,emb. 400 gr,"€3,59/un","€8,98/kg"
Ração para Gato Adulto Nutri Sem Cereais Frango,Uppy Nutri,emb. 800 gr,"€5,99/un","€7,49/kg"
Ração para Gato Sénior Esterilizado Regular Ageing 7+,Royal Canin,emb. 400 gr,"€5,56/un","€13,90/kg"
Ração para Gato Adulto Esterilizado Salmão,Affinity Ultima Nature,emb. 400 gr,"€4,49/un","€11,23/kg"
Snack para Gato Adulto Filetes Frango,Continente,emb. 45 gr,"€1,39/un","€30,89/kg"
Comida Húmida para Gato Adulto Atum e Charuteiro Lata,Schesir,emb. 85 gr,"€1,79/un","€21,06/kg"
Sofá para Cão/Gato Oxford Bege M,Luben,1 un,"€89,99/un","€89,99/un"
Ração para Gato Esterilizado Frango,Uppy Nutri,emb. 800 gr,"€5,99/un","€5,99/un"
"Ração para Gato Adulto Mini Bountiful Catch Salmão, Arenque e Pescada",Acana,emb. 340 gr,"€6,99/un","€20,56/kg"
Comida Húmida para Gato Renal Function Saquetas,Purina Pro Plan Veterinary Diets,emb. 85 gr,"€1,45/un","€17,06/kg"
Ração para Gato Adulto Home Life Indoor,Royal Canin,emb. 400 gr,"€5,02/un","€12,55/kg"
Comida Húmida para Gato Adulto Salmão e Atum Saquetas,Sheba,emb. 6 x 50 gr,"€2,99/un","€9,97/kg"
Desodorizante para Absorvente de Gato Chá Verde,Riga,emb. 750 gr,"€4,99/un","€6,65/kg"
Brinquedo para Gato Ratos,Pawise,1 un,"€3,79/un","€3,79/un"
"Bebedouro para Cão/Gato 0,5 L",Avior,1 un,"€4,29/un","€4,29/un"
Snack para Gato Adulto Sticks Frango,Continente,emb. 6 x 30 gr,"€0,99/un","€33,00/kg"
Comida Húmida para Gato Adulto Carne Saquetas,Purina Cat Chow,emb. 85 gr,"€0,71/un","€8,35/kg"
Ração para Gato Júnior Nutri Sem Cereais Frango,Uppy Nutri,emb. 400 gr,"€3,09/un","€7,73/kg"
Cama para Cão/Gato Cosma Castanho e Bege 60x50 cm,Trixie,1 un,"€42,12/un","€42,12/un"
Comida Húmida para Gato Esterilizado Vaca,Affinity Ultima,emb. 4 x 85 gr,"€3,69/un","€10,85/kg"
Comida Húmida para Gato Adulto Salmão Saquetas,Purina Cat Chow,emb. 85 gr,"€0,71/un","€8,35/kg"
Comida Húmida para Gato Atum e Gambas Lata,Schesir,emb. 85 gr,"€1,79/un","€21,06/kg"
Snack para Gato Stick Mini Bacalhau e Atum,Vitakraft,emb. 18 gr,"€1,49/un","€82,78/kg"
Comedouro/Bebedouro para Cão/Gato Fácil Digestão Branco M,Pawise,1 un,"€4,99/un","€4,99/un"
Ração para Gato Júnior Mini Croquetes Frango e Cereais,Continente,emb. 800 gr,"€2,20/un","€2,75/kg"
Comida Húmida para Gato Esterilizado Peixe,Affinity Ultima,emb. 4 x 85 gr,"€3,69/un","€10,85/kg"
Brinquedo para Gato Sortido,Pawise,1 un,"€3,79/un","€3,79/un"
Brinquedo para Gato Cana com Pena 50 cm,Pawise,1 un,"€3,79/un","€3,79/un"
Ração para Gato Adulto Esterilizado Spirulina Vaca,Purina One,emb. 400 gr,"€3,99/un","€9,98/kg"
Brinquedo para Gato Ratinhos,Pawise,1 un,"€3,99/un","€3,99/un"
Desodorizante para Absorvente de Gato Morango,Riga,emb. 750 gr,"€4,99/un","€6,65/kg"
Cama para Cão/Gato Impermeável Retangular Luben Xtreme Vermelho 10x60x40 cm,Luben,1 un,"€32,99/un","€32,99/un"
"Bebedouro para Cão/Gato Viagem Maya 0,5 Lt",Mimau,1 un,"€2,79/un","€2,79/un"
Ração para Gato Feline Preference Protein Exigent,Royal Canin,emb. 400 gr,"€5,02/un","€12,55/kg"
Comida Húmida para Gato Gastrointestinal Lata,Purina Pro Plan Veterinary Diets,emb. 195 gr,"€2,69/un","€13,79/kg"
Comida Húmida para Gato Atum e Papaia Lata,Schesir,emb. 85 gr,"€1,84/un","€21,65/kg"
Comida Húmida para Gato Função Renal Frango Saquetas,Purina Pro Plan Veterinary Diets,emb. 85 gr,"€1,45/un","€1,45/un"
Comida Húmida para Gato Urinary Salmão Saquetas,Purina Pro Plan Veterinary Diets,emb. 85 gr,"€1,45/un","€1,45/un"
Transportadora para Cão Tecido Azul Nylon Tcamp 70x75x95 cm,Trixie,1 un,"€108,99/un","€108,99/un"
Comida Húmida para Gato Adulto Salmão e Frango Saquetas,Sheba,emb. 6 x 50 gr,"€2,99/un","€9,97/kg"
Brinquedo para Gato Cana com Borboleta 45 cm,Pawise,1 un,"€4,29/un","€4,29/un"
Brinquedo Natural Gato C/Matatabi 2Pcs 16 cm,Farm Company,1 un,"€3,99/un","€3,99/un"
Comida Húmida para Gato Júnior Patê Pedaços Borrego e Legumes Lata,Continente,emb. 400 gr,"€0,99/un","€2,48/kg"
Brinquedo para Gato Body Benders,Pawise,1 un,"€3,79/un","€3,79/un"
Snack para Gato Frango,Purina Dentalife,emb. 140 gr,"€2,99/un","€2,99/un"
Comida Húmida para Gato Esterilizado Vaca Saquetas,Purina Pro Plan,emb. 85 gr,"€1,25/un","€14,71/kg"
Comida Húmida para Gato Adulto Frango Saquetas,Purina Cat Chow,emb. 85 gr,"€0,71/un","€8,35/kg"
Brinquedo para Gato Flash Ball,Pawise,1 un,"€3,29/un","€3,29/un"
Comedouro/Bebedouro para Cão/Gato Inox S 400 ml,Propet,1 un,"€2,49/un","€2,49/un"
Brinquedo para Gato Aves Coloridas,Pawise,1 un,"€3,79/un","€3,79/un"
Sofá para Cão/Gato Spring Chevron Nuovo Cinza e Mostarda M,Luben,1 un,"€66,99/un","€66,99/un"
Comida Húmida para Gato Júnior Patê Pedaços Frango e Legumes Lata,Continente,emb. 400 gr,"€0,99/un","€2,48/kg"
Transportadora para Cão Tecido Azul Nylon Tcamp 40x40x55 cm,Trixie,1 un,"€54,30/un","€54,30/un"
Brinquedo para Gato Bolas,Pawise,1 un,"€3,79/un","€3,79/un"
Snack para Gato Bolas Pelo Frango,Healthy,emb. 65 gr,"€2,99/un","€2,99/un"
Coleira para Gato Decor Sortido,Mimau,1 un,"€2,49/un","€2,49/un"
Comida Húmida para Gato Atum e Salmão Lata,Schesir,emb. 70 gr,"€1,79/un","€25,57/kg"
Comedouro/Bebedouro Gusto Plástico Azul Cinzento 200 ml,Pawise,1 un,"€1,79/un","€1,79/un"
Comida Húmida para Gato Júnior Mix Carne Saquetas,Continente,emb. 4x100 gr,"€1,99/un","€4,98/kg"
"Bola para Gato Colorida TPR 4,5 cm",Pawise,1 un,"€2,99/un","€2,99/un"
Arranhador para Gato em Cartão,Riga,1 un,"€4,39/un","€4,39/un"
Snack para Gato Chips Placa Frango,Bogadent,emb. 50 gr,"€5,39/un","€107,80/kg"
Bola para Gato 5 cm,Pawise,1 un,"€2,99/un","€2,99/un"
"Comida Húmida para Gato Adulto Pedaços em Geleia Perú, Coelho e Ervilhas Saquetas",Continente,emb. 100 gr,"€0,65/un","€6,50/kg"
Comedouro/Bebedouro para Cão/Gato Amarelo L 1 lt,Maya,1 un,"€3,69/un","€3,69/un"
Comida Húmida para Gato Júnior Perú Saquetas,Purina Pro Plan,emb. 85 gr,"€1,25/un","€14,71/kg"
Snack para Gato com Frango,Lily's Kitchen,emb. 60 gr,"€2,99/un","€49,83/kg"
Comida Húmida para Gato Esterilizado Frango Saquetas,Purina Pro Plan,emb. 85 gr,"€1,25/un","€14,71/kg"
Snack para Gato Pedacitos Frango e Lula,Continente,emb. 45 gr,"€1,39/un","€30,89/kg"
Comida Húmida para Gato Adulto Pedaços em Molho Bacalhau e Salmão Saquetas,Continente,emb. 100 gr,"€0,65/un","€6,50/kg"
Almofada para Cão/Gato Retangular Oil M 75x50 cm,Lupi Linx,1 un,"€9,79/un","€9,79/un"
Comida Húmida para Gato Salmão e Truta Saquetas,Affinity Ultima Nature,emb. 4 x 85 gr,"€4,74/un","€13,94/kg"
Comida Húmida para Gato Adulto Atum e Cherne Lata,Schesir,emb. 85 gr,"€1,79/un","€21,06/kg"
Ração para Gato Esterilizado Hairbal,Affinity Ultima,"emb. 7,5 kg","€57,98/un","€7,73/kg"
Comida Húmida para Gato Adulto Delicate Perú Saquetas,Purina Pro Plan,emb. 85 gr,"€1,25/un","€14,71/kg"
Snack para Gato Crispy Crunch Aves,Vitakraft,emb. 6 un,"€1,59/un","€26,50/kg"
Comida Húmida para Gato Sénior Ageing 12+ Saquetas,Royal Canin,emb. 85 gr,"€1,75/un","€20,59/kg"
Comida Húmida para Gato Convalescence Lata,Purina Pro Plan Veterinary Diets,emb. 195 gr,"€2,69/un","€13,79/kg"
Comida Húmida para Gato Adulto Light Weight Saquetas,Royal Canin,emb. 85 gr,"€1,92/un","€22,59/kg"
Comida Húmida para Gato Atum e Manga Lata,Schesir,emb. 75 gr,"€1,84/un","€24,53/kg"
Comida Húmida para Gato Adulto Esterilizado Indoor Saquetas,Royal Canin,emb. 85 gr,"€1,75/un","€20,59/kg"
Snack para Gato com Salmão,Lily's Kitchen,emb. 60 gr,"€2,99/un","€49,83/kg"
Comida Húmida para Gato Bolas de Pelo Saquetas,Royal Canin,emb. 85 gr,"€1,92/un","€22,59/kg"
Ração para Gato Júnior Mini Croquetes Frango e Cereais,Continente,emb. 400 gr,"€1,10/un","€2,75/kg"
Comida Húmida para Gato Júnior Saquetas,Royal Canin,emb. 85 gr,"€1,75/un","€20,59/kg"
Comida Húmida para Gato Atum e Dentão Lata,Schesir,emb. 85 gr,"€1,79/un","€21,06/kg"
Ração para Gato Adulto Esterilizado,Happy One Mediterraneum,emb. 7 kg,"€49,89/un","€7,13/kg"
Cama para Cão/Gato Othello Castanho e Bege 50 cm,Trixie,1 un,"€42,66/un","€42,66/un"
"Comedouro/Bebedouro para Cão/Gato Duplo Azul M 0,3 lt",Jomafe,1 un,"€1,69/un","€1,69/un"
Sofá para Cão/Gato Spiring Chevron Mostarda XS,Luben,1 un,"€39,99/un","€39,99/un"
Comida Húmida para Gato Júnior Saquetas,Royal Canin,emb. 85 gr,"€1,75/un","€20,59/kg"
"Comida Húmida para Gato Júnior + 4 meses Salmão, Frango e Camarões",Lily's Kitchen,emb. 85 gr,"€1,29/un","€15,18/kg"
Comida Húmida para Gato Aves Saquetas,Affinity Ultima Nature,emb. 4 x 85 gr,"€4,74/un","€13,94/kg"
Sofá para Cão/Gato Spring Chevron Nuovo Cinza e Azul XS,Luben,1 un,"€47,99/un","€47,99/un"
Comida Húmida para Gato Adulto Esterilizado Peixe e Perú Saquetas,Perfect Fit,emb. 4 x 85 gr,"€3,19/un","€9,38/kg"
Comida Húmida para Gato Atum e Kiwi Lata,Schesir,emb. 75 gr,"€1,84/un","€24,53/kg"
Comida Húmida para Gato Salmão Lata,Schesir,emb. 85 gr,"€1,89/un","€22,24/kg"
Cama para Cão/Gato Kaline Cinzento e Creme 70 cm,Trixie,1 un,"€69,07/un","€69,07/un"
Snack para Gato Crispy Crunch Salmão,Vitakraft,emb. 7 un,"€1,59/un","€26,50/kg"
Comedouro/Bebedouro para Cão/Gato Gusto Plástico Azul/Cinzento 700 ml,Pawise,1 un,"€2,99/un","€2,99/un"
Comida húmida para Gato Ganso,Aruba,emb. 70 gr,"€1,99/un","€28,43/kg"
Ração para Gato Adulto,Happy One Mediterraneum,emb. 1 kg,"€8,12/un","€8,12/kg"
Ração para Gato Júnior Esterilizado Frango,Perfect Fit,emb. 750 gr,"€7,19/un","€9,59/kg"
Comida Húmida para Gato Gelatina Peixe,Purina Pro Plan,emb. 85 gr,"€1,25/un","€14,71/kg"
Comida Húmida para Gato Bacalhau Saquetas,Continente,emb. 100 gr,"€0,65/un","€6,50/kg"
Comida Húmida para Gato Adulto Mousse Peixe Lata,Continente Seleção,emb. 85 gr,"€0,69/un","€8,12/kg"
Comida Húmida para Gato Urinary Frango Saquetas,Purina Pro Plan Veterinary Diets,emb. 85 gr,"€1,45/un","€1,45/un"
Cama para Cão/Gato Branco e Bege 60x55 cm,Trixie,1 un,"€25,99/un","€25,99/un"
Comida Húmida para Gato Adulto Ageing 7+ Perú,Purina Pro Plan,emb. 85 gr,"€1,25/un","€1,25/un"
Comida Húmida para Gato Adulto Frango e Presunto Lata,Schesir,emb. 140 gr,"€2,39/un","€17,07/kg"
Comida Húmida para Gato Júnior Atum e Aloé Lata,Schesir,emb. 85 gr,"€1,79/un","€21,06/kg"
"Comida Húmida para Gato Adulto Pedaços em Geleia Perú, Coelho e Ervilhas Saquetas",Continente,emb. 100 gr,"€0,65/un","€6,50/kg"
Comida húmida para Gato Veado,Aruba,emb. 70 gr,"€1,99/un","€28,43/kg"
Sopa para Gato Adulto Atum e Papaia,Schesir,emb. 85 gr,"€1,79/un","€1,79/un"
Comida Húmida para Gato Adulto Frango e Salmão Saquetas,Schesir,emb. 70 gr,"€1,89/un","€27,00/kg"
"Comida Húmida para Gato Adulto Pedaços em Molho Pato, Frango e Cenouras Saquetas",Continente,emb. 100 gr,"€0,65/un","€6,50/kg"
Ração para Gato Ultra Esterilizado Trato Urinário,Affinity Ultima,"emb. 1,5 kg","€9,96/un","€6,64/kg"
Comida Húmida para Gato Adulto Esterilizado Indoor Saquetas,Royal Canin,emb. 85 gr,"€1,75/un","€20,59/kg"
Comida Húmida para Gato Sensations Carne Gelatina,Purina Felix,emb. 4 x 85 gr,"€2,59/un","€7,62/kg"
Comedouro/Bebedouro para Cão/Gato Propet Gusto Plástico Azul/Cinzento 350 ml,Pawise,1 un,"€2,29/un","€2,29/un"
Comida Húmida para Gato Favour Seleção Favoritos em Gelatina,Purina Felix,emb. 4 x 85 gr,"€2,59/un","€7,62/kg"
Sofá para Cão/Gato Oxford Bege XS,Luben,1 un,"€47,99/un","€47,99/un"
Areia Marinha para Aves com Algas,Riga,emb. 2 kg,"€2,09/un","€1,05/kg"
Comida Húmida para Gato Bio Porco Saquetas,Schesir,emb. 85 gr,"€1,89/un","€22,24/kg"
Sofá para Cão/Gato Oxford Cinza M,Luben,1 un,"€89,99/un","€89,99/un"
"Transportadora para Gato Linus Cinza 32x50x34,5 cm",Imac,1 un,"€25,99/un","€25,99/un"
Snack para Gato Almofadas Aves e Queijo,Continente,emb. 200 gr,"€2,69/un","€13,45/kg"
Comida Húmida para Gato Duo Peixe,Purina Felix,emb. 4 x 85 gr,"€2,59/un","€7,62/kg"
Ração para Gato Júnior Active Defense Frango e Arroz,Affinity Advance,emb. 400 gr,"€3,59/un","€8,98/kg"
Comida Húmida para Gato Frango e Maçã Lata,Schesir,emb. 75 gr,"€1,84/un","€24,53/kg"
Comida Húmida para Gato Júnior Bio Frango Saquetas,Schesir,emb. 85 gr,"€1,89/un","€22,24/kg"
Comida Húmida para Gato Adulto Peixe Saquetas,Whiskas,emb. 4 x 85 gr,"€2,89/un","€8,50/kg"
Sofá para Cão/Gato Impermeável Retangular Xtreme Preto,Luben,1 un,"€43,99/un","€43,99/un"
Sofá para Cão/Gato Impermeável Xtreme Castanho,Luben,1 un,"€54,99/un","€54,99/un"
Comida Húmida para Gato Coelho Saquetas,Continente,emb. 100 gr,"€0,65/un","€6,50/kg"
Sofá para Cão/Gato Impermeável Xtreme Preto L,Luben,1 un,"€110,99/un","€110,99/un"
Comida Húmida para Gato Bio Carne Saquetas,Schesir,emb. 85 gr,"€1,89/un","€22,24/kg"
Comida Húmida para Gato Adulto Jantar Perú Orgânico,Lily's Kitchen,emb. 85 gr,"€1,39/un","€1,39/un"
Comida Húmida para Gato Intense Beauty Saquetas,Royal Canin,emb. 85 gr,"€1,92/un","€22,59/kg"
Sofá para Cão/Gato Impermeável Xtreme Cinzento XS,Luben,1 un,"€45,99/un","€45,99/un"
Comida Húmida para Gato Apetite Control Gravy,Royal Canin,emb. 85 gr,"€1,92/un","€22,59/kg"
"Transportadora para Gato Linus Azul Claro 33x50x34,5 cm",Imac,1 un,"€25,99/un","€25,99/un"
Comida Húmida para Gato Júnior Frango e Aloé Lata,Schesir,emb. 85 gr,"€1,79/un","€21,06/kg"
Comida Húmida para Gato Apetite Control Jelly,Royal Canin,emb. 85 gr,"€1,92/un","€22,59/kg"
Snack para Gato Frango,Alpha Spirit,emb. 35 gr,"€1,19/un","€34,00/kg"
Arranhador para Gato 138cm,,1 un,"€79,99/un","€79,99/un"
Comida Húmida para Gato Sfood Duo Filete Frango e Cenoura,Gimcat,emb. 70 gr,"€1,74/un","€24,86/kg"
"Transportadora para Cão Linus Cabrio Castanho 35x50x34,5 cm",Imac,1 un,"€31,99/un","€31,99/un"
Ração para Gato Adulto Appetite Control,Royal Canin,emb. 10kg,"€68,99/un","€6,90/kg"
Snack para Gato Peixe,Alpha Spirit,emb. 35 gr,"€1,19/un","€34,00/kg"
Comida Húmida para Gato Sensory Smell Gravy,Royal Canin,emb. 85 gr,"€1,47/un","€17,29/kg"
Ração para Gato Canion River Sem Cereais Truta e Salmão Fumado,Taste of the Wild,"emb. 5,6 kg","€39,99/un","€7,14/kg"
Comida Húmida para Gato Instinctive,Royal Canin,emb. 85 gr,"€1,75/un","€20,59/kg"
Comida Húmida para Gato Sensory Taste Gravy,Royal Canin,emb. 85 gr,"€1,47/un","€17,29/kg"
Comida Húmida para Gato Sensory Feel Gravy,Royal Canin,emb. 85 gr,"€1,47/un","€17,29/kg"
Ração para Gato Adulto Mini Pacifica Peixe,Acana,"emb. 4,5 kg","€60,49/un","€13,44/kg"
Sofá para Cão/Gato Oxford Cinzento S,Luben,1 un,"€62,99/un","€62,99/un"
Sofá para Cão/Gato Oxford Cinza XS,Luben,1 un,"€47,99/un","€47,99/un"
Sofá para Cão/Gato Spring Chevron Nuovo Cinza e Azul M,Luben,1 un,"€66,99/un","€66,99/un"
Transportadora Gato Linus Cabrio Azul,Imac,1 un,"€31,99/un","€31,99/un"
"Transportadora para Gato Carry Sport Vermelha 34x48,5x32 cm",Imac,1 un,"€19,99/un","€19,99/un"
Comida Húmida para Gato Adulto Original Sem Cereais Frango e Ganso,Nature´s Variety,emb. 70 gr,"€1,19/un","€17,00/kg"
Ração para Gato Adulto Frango e Arroz,Affinity Advance,emb. 400 gr,"€3,59/un","€8,98/kg"
"Bebedouro Fonte ""Bubble Stream"" 3 lt",Trixie,capacidade: 3 lt,"€46,99/un","€46,99/un"
"Transportadora para Gato Linus Azul Rosa 34x50x34,5 cm",Imac,1 un,"€25,99/un","€25,99/un"
Comida Húmida para Gato Pedaços em Geleia Atúm em Saqueta,Continente,emb. 100 gr,"€0,65/un","€6,50/kg"
Sofá para Cão/Gato Spring Chevron Nuovo Cinzento e Mostarda XS,Luben,1 un,"€39,99/un","€39,99/un"
Colchão para Cão/Gato Drago Preto 70x45 cm,Trixie,1 un,"€27,99/un","€27,99/un"
Sofá para Cão/Gato Spring Chevron Nuovo Cinza e Verde M,Luben,1 un,"€66,99/un","€66,99/un"
Brinquedo Natural Gato C/Matatabi Rolos 5Pcs,Farm Company,1 un,"€3,99/un","€3,99/un"
Sofá para Cão/Gato Spring Chevron Verde M,Luben,1 un,"€66,99/un","€66,99/un"
Almofada para Cão/Gato Retangular Denim M 80/60cm,Lupi Linx,1 un,"€17,49/un","€17,49/un"
Sofá para Cão/Gato Spring Chevron Nuovo Cinza e Mostarda S,Luben,1 un,"€47,99/un","€47,99/un"
Comida Húmida para Gato Persa,Royal Canin,emb. 85 gr,"€1,92/un","€22,59/kg"
Sofá para Cão/Gato Impermeável Xtreme Castanho XS,Luben,1 un,"€45,99/un","€45,99/un"
Comida Húmida para Gato Adulto Original Sem Cereais Frango,Nature´s Variety,emb. 70 gr,"€1,19/un","€17,00/kg"
Luva Borracha para Cão,Mpets,1 un,"€20,99/un","€20,99/un"
Ração para Gato Adulto Persian,Royal Canin,emb. 400 gr,"€5,29/un","€13,23/kg"
Casa Toalete de Areia para Gato Gipsy Porta Metal Eco Castanho Tamanho S,Bergamo,1 un,"€19,99/un","€19,99/kg"
Sofá para Cão/Gato Spring Chevron Nuovo Cinza e Azul XS,Luben,1 un,"€39,99/un","€39,99/un"
Casa Toalete de Areia para Gato Gipsy Porta Metal Eco Azul Tamanho S,Bergamo,1 un,"€19,99/un","€19,99/kg"
Casa Toalete de Areia Gipsy Porta Metal Eco Azul Tamanho L,Bergamo,1 un,"€29,99/un","€29,99/kg"
Comedouro/Bebedouro para Cão/Gato Fácil Digestão L,Pawise,1 un,"€6,39/un","€6,39/un"
Brinquedo para Gato Tennis Balls W/ Bells,Kong,1 un,"€6,99/un","€6,99/un"
Ração para Gato Adulto Light Weight,Royal Canin,"emb. 1,5 kg","€18,69/un","€12,46/kg"
Cama para Cão/Gato Impermeável Retangular Cinzento 10x80x60 cm,Luben,1 un,"€43,99/un","€43,99/un"
Brinquedo para Gato Bolas Coloridas,Pawise,1 un,"€4,39/un","€4,39/un"
"Ração para Gato Adulto Mini Wild Prairie Ave, Peixe e Ovos",Acana,emb. 340 gr,"€7,59/un","€22,32/kg"
Sofá para Cão/Gato Spring Chevron Nuovo Cinza e Verde XS,Luben,1 un,"€39,99/un","€39,99/un"
Sofá para Cão/Gato Tuscany Castanho S,Luben,1 un,"€65,99/un","€65,99/un"
Ração para Gato Adulto Fit Regular,Royal Canin,emb. 2 kg,"€18,57/un","€9,29/kg"
Sofá para Cão/Gato Impermeável Xtreme Preto M,Luben,1 un,"€78,99/un","€78,99/un"
Bola para Gato Metálica,Pawise,1 un,"€2,39/un","€2,39/un"
Transportadora para Cão Gipsy com Porta Metal 46x31x32 cm,Anivite,1 un,"€18,99/un","€18,99/un"
Ração para Gato Adulto Light Weight,Royal Canin,emb. 400 gr,"€5,69/un","€14,23/kg"
Sofá para Cão/Gato Tuscany Castanho M,Luben,1 un,"€91,99/un","€91,99/un"
Brinquedo para Gato Cana com Insecto 45 cm,Pawise,1 un,"€4,39/un","€4,39/un"
Ração para Gato Adulto Original,Orijen,emb. 340 gr,"€7,65/un","€22,50/kg"
Brinquedo Natural Gato C/Matatabi Bola 4 cm,Farm Company,1 un,"€4,99/un","€4,99/un"
Ração para Gato Adulto Optiderma Salmão,Purina Pro Plan,emb. 3 kg,"€24,90/un","€8,30/kg"
Brinquedo Nat Gato C/Matatabi Vassoura 16 cm,Farm Company,1 un,"€4,99/un","€4,99/un"
Ração para Gato Adulto Appetite Control,Royal Canin,"emb. 3,5 kg","€31,13/un","€8,89/kg"
Snack para Gato Chips Dental Peixe,Bogadent,1 un,"€4,89/un","€4,89/un"
Sofá para Cão/Gato Spiring Chevron Mostarda S,Luben,1 un,"€47,99/un","€47,99/un"
Comida húmida para Gato Bacalhau,Aruba,emb. 70 gr,"€1,99/un","€28,43/kg"
Cama para Cão/Gato Impermeável Retangular Xtreme Castanho 10x80x60 cm,Luben,1 un,"€43,99/un","€43,99/un"
Transportadora Gulliver V Cinza 58x60x79 cm,Trixie,1 un,"€134,00/un","€134,00/un"
Cama para Cão/Gato Lucky Cinzento e Xadrez 85x70 cm,Trixie,1 un,"€65,03/un","€65,03/un"
Brinquedo Natural Gato Cartão 2Pcs S/L,Farm Company,1 un,"€4,99/un","€4,99/un"
Sofá para Cão/Gato Spiring Chevron Azul XS,Luben,1 un,"€39,99/un","€39,99/un"
Cama para Cão/Gato Impermeável Rectangular Xtreme Cinzento 10x60x40 cm,Luben,1 un,"€32,99/un","€32,99/un"
Brinquedo Natur Gato C/Matatabi Bola C/Penas,Farm Company,1 un,"€3,99/un","€3,99/un"
Comida húmida para Gato Frango,Aruba,emb. 70 gr,"€1,99/un","€28,43/kg"
Ração para Gato Júnior Selected Sem Cereais Frango,Nature´s Variety,emb. 300 gr,"€3,95/un","€13,17/kg"
"Comedouro/Bebedouro para Cão/Gato Amarelo S 0,3 lt",Maya,1 un,"€2,59/un","€2,59/un"
Sofá para Cão/Gato Spiring Chevron Verde XS,Luben,1 un,"€39,99/un","€39,99/un"
Cama para Cão/Gato Impermeável Retangular Xtreme Cinzento 12x100x70 cm,Luben,1 un,"€57,99/un","€57,99/un"
Brinquedo Natural Gato C/Matatabi Bola 5 cm,Farm Company,1 un,"€4,99/un","€4,99/un"
Sofá para Cão/Gato Spring Chevron Nuovo Cinza e Verde S,Luben,1 un,"€47,99/un","€47,99/un"
Biberão Cão/Gato com Escovilhão,,1 un,"€4,69/un","€4,69/un"
Sofá para Cão/Gato Spring Chevron Mostarda M,Luben,1 un,"€66,99/un","€66,99/un"
Comida húmida para Gato Cabra,Aruba,emb. 70 gr,"€1,99/un","€28,43/kg"
Comida húmida para Gato Salmão,Aruba,emb. 70 gr,"€1,99/un","€28,43/kg"
Comedouro/Bebedouro para Cão/Gato Amarelo XL 2 lt,Maya,1 un,"€4,89/un","€4,89/un"
Brinquedo Natur Gato C/Matatabi Rato C/Penas,Farm Company,1 un,"€3,99/un","€3,99/un"
Sofá para Cão/Gato Oxford Bege S,Luben,1 un,"€62,99/un","€62,99/un"
Snack para Gato Chips Placa Peixe,Bogadent,1 un,"€4,89/un","€4,89/un"
Ração para Gato Júnior Persian,Royal Canin,emb. 400 gr,"€5,49/un","€13,73/kg"
Ração para Gato Sénior Home Life Indoor Ageing 7+,Royal Canin,emb. 400 gr,"€5,31/un","€13,28/kg"
Brinquedo Natural Gato Cartão 1Pcs L,Farm Company,1 un,"€4,99/un","€4,99/un"
Sofá para Cão/Gato Spring Chevron Azul S,Luben,1 un,"€47,99/un","€47,99/un"
Comida Húmida para Gato Adulto Instinctive Saquetas,Royal Canin,emb. 85 gr,"€1,75/un","€20,59/kg"
Transportadora para Cão Tecido Azul Nylon Tcamp 32x32x37 cm,Trixie,1 un,"€39,99/un","€39,99/un"
Sofá para Cão/Gato Tuscany Castanho XS,Luben,1 un,"€49,99/un","€49,99/un"
Sofá para Cão/Gato Spiring Chevron Verde S,Luben,1 un,"€47,99/un","€47,99/un"
Ração para Gato Adulto Fit Regular,Royal Canin,emb. 400 gr,"€4,69/un","€11,73/kg"
Snack para Gato Chips Placa Salmão,Bogadent,emb. 50 gr,"€5,49/un","€109,80/kg"
Comida Húmida para Gato Adulto Bacalhau,Aruba,emb. 10x70 gr,"€25,90/un","€37,00/kg"
Cama para Cão/Gato Impermeável Retangular Xtreme Castanho 12x100x70 cm,Luben,1 un,"€57,99/un","€57,99/un"
Ração para Gato Frango/Pato,Webbox,emb. 2 kg,"€12,49/un","€6,25/kg"
Ração para Gato Júnior Persian,Royal Canin,emb. 4 kg,"€41,49/un","€10,37/kg"
Colchão para Cão/Gato Preto 90x65 cm,Trixie,1 un,"€56,71/un","€56,71/un"
Ração para Gato Júnior Maine Coon,Royal Canin,emb. 4 kg,"€40,21/un","€10,05/kg"
Brinquedo para Gato Cana Dance Teaser 48cm,Propet,1 un,"€4,39/un","€4,39/un"
Ração para Gato Adulto Frango,Affinity Ultima,"emb. 7,5 kg","€57,98/un","€7,73/kg"
Comida Humida para Gato Esterilizado Sensetive,Perfect Fit,emb. 4 x 85 gr,"€3,19/un","€9,38/kg"
Comida Húmida para Gato Peixe Saquetas,Affinity Ultima Nature,emb. 4 x 85 gr,"€4,74/un","€13,94/kg"
Snack para Gato Adulto Almofadinhas Frango e Queijo,Continente,emb. 60 gr,"€1,19/un","€19,83/kg"
Comida Húmida para Gato Super food Duo Filet Atum e Tomate,Gimcat,emb. 70 gr,"€1,74/un","€24,86/kg"
Arranhador para Gato Kattgym 2 Cinza,Luben,1 un,"€99,99/un","€99,99/un"
Esteira para Cão/Gato Roma Luben Laranja 50 cm,Luben,1 un,"€11,49/un","€11,49/un"
Sofá Spring Chevron Nuovo Cinza/Verde L,Luben,1 un,"€99,99/un","€99,99/un"
Coleira para Gato Preta,Dashi,1 un,"€4,99/un","€4,99/un"
Comedouro/Bebedouro para Cão/Gato Cinza,Beeztees,1 un,"€4,09/un","€4,09/un"
Colchão para Cão/Gato Spring Chevron Verde M 9x80x60 cm,Luben,1 un,"€42,99/un","€42,99/un"
Peitoral+Trela para Gato Premium,Trixie,1 un,"€9,49/un","€9,49/un"
Tenda para Gato Mohaki Cinza 50x50x80 cm,Beeztees,1 un,"€35,99/un","€35,99/un"
Comedouro/Bebedouro para Cão/Gato com Rebordo Verde 125 ml,Beeztees,1 un,"€11,49/un","€11,49/un"
Ração para Gato Júnior,Orijen,emb. 340 gr,"€8,39/un","€24,68/kg"
Ração para Gato Adulto Esterilizado Salmão,Purina Pro Plan,emb. 10+2 kg,"€59,89/un","€59,89/un"
Tapete PVC para Gato WC 37*45 cm Antracite,,1 un,"€7,99/un","€7,99/un"
Ampola Antiparasitária para Gato 40,Advantage,4 un,"€18,99/un","€18,99/un"
Ração para Gato 6 Fish,Orijen,"emb. 1,8 kg","€41,99/un","€41,99/un"
Comedouro/Bebedouro para Cão/Gato Original L,Dashi,1 un,"€18,99/un","€18,99/un"
Comida Húmida para Gato Adulto Coelho&Pato,Natural Greatness,emb. 200 gr,"€2,49/un","€12,45/kg"
Ração para Gato Esterlizado Pato e Figado,Purina Pro Plan,"emb. 1,5 kg","€15,89/un","€15,89/un"
Esteira para Cão/Gato Roma Cinza 80cm,Luben,1 un,"€25,99/un","€25,99/un"
Escova para Gato Undercoat Short Hair L,Furminator,1 un,"€36,99/un","€36,99/un"
Comedouro/Bebedouro para Cão/Gato Aço Inóxidável Brilho 13 cm,Beeztees,1 un,"€2,49/un","€2,49/un"
Filtro Casa de Banho Easy Ginger Zuma,,1 un,"€3,49/un","€3,49/un"
Escova para Gato Undercoat Long Hair L,Furminator,1 un,"€36,99/un","€36,99/un"
Champô para Gato Pêssego,Animology,emb. 250 ml,"€8,99/un","€8,99/un"
Igloo para Cão/Gato Spring Chevron Cinza/Rosa M,Luben,1 un,"€55,99/un","€55,99/un"
Ração para Gato Esterilizado Salmão&Chá Verde,Weego,emb. 7 kg,"€36,99/un","€5,28/kg"
Snack para Gato Sardinha,Happy One Premium,emb. 50 gr,"€1,49/un","€29,80/kg"
Comedouro/Bebedouro para Cão/Gato Stripes3 Vermelho e Azul S,Dashi,1 un,"€11,99/un","€11,99/un"
Comida Húmida para Gato Mousse Sabores da Terra Pack Poupança,Continente,emb. 4 x 85 gr,"€1,59/un","€4,68/kg"
Sofá para Cão/Gato Spring Chevron Rosa L,Luben,1 un,"€99,99/un","€99,99/un"
Sofá para Cão/Gato Impermeável Xtreme Azul L 115 cm,Luben,1 un,"€110,99/un","€110,99/un"
Transportadora para Cão Gypsy Creme 45x26 x29 cm,Beeztees,1 un,"€14,99/un","€14,99/un"
Ração para Gato Esterlizado Bacalhau e Truta,Purina Pro Plan,"emb. 1,5 kg","€15,89/un","€15,89/un"
Igloo para Gato Oxford Bege M,Luben,1 un,"€64,99/un","€64,99/un"
Colchão para Cão/Gato Spring Chevron Mostarda M 9x80x60 cm,Luben,1 un,"€42,99/un","€42,99/un"
Ração para Gato Original Esterilizado Salmão,Nature´s Variety,emb. 7 kg,"€46,95/un","€6,71/kg"
"Comedouro/Bebedouro para Cão e Gato Inox Anti-Derrapante 0,45Lt",Trixie,1 un,"€3,99/un","€3,99/un"
Brinquedo Gato Plast Glow Ball,Beeztees,1 un,"€3,99/un","€3,99/un"
Areia para Gato Litter Quartz Pro,Catfield,emb. 15 lt,"€18,99/un","€1,27/lt"
Comida Húmida para Gato Frango e Dourada,Schesir,emb. 70 gr,"€1,79/un","€25,57/kg"
Comida Húmida para Gato Adulto Atum e Presunto Lata,Schesir,emb. 85 gr,"€1,79/un","€21,06/kg"
Comida Húmida para Gato Atum e Frango Lata,Schesir,emb. 85 gr,"€1,79/un","€21,06/kg"
Comida Húmida para Gato Atum e Sardinha Lata,Schesir,emb. 85 gr,"€1,79/un","€21,06/kg"
Comida Húmida para Gato Adulto Frango e Presunto Lata,Schesir,emb. 85 gr,"€1,79/un","€21,06/kg"
Comida Húmida para Gato Adulto Esterilizado Ragout Perú,Mhims,emb. 85 gr,"€1,35/un","€1,32/kg"
Comida Húmida para Gato Atum e Frango,Schesir,emb. 70 gr,"€1,79/un","€25,57/kg"
Comida Húmida para Gato Júnior Frango e Aloe,Schesir,emb. 140 gr,"€2,39/un","€17,07/kg"
Comida Humida para Gato Adulto Aves Geleia,Whiskas,emb. 12 x 100 gr,"€7,49/un","€7,34/kg"
Cama para Gato Cinza,Beeztees,1 un,"€16,99/un","€16,99/un"
Igloo para Gato Oxford Cinza S,Luben,1 un,"€50,99/un","€50,99/un"
Coleira para Gato Azul,Dashi,1 un,"€4,99/un","€4,99/un"
Coleira para Gato Rosa,Dashi,1 un,"€4,99/un","€4,99/un"
Comida Húmida para Gato Adulto NF,Purina Pro Plan Veterinary Diets,emb. 195 gr,"€2,69/un","€13,79/kg"
Peitoral+Trela para Gato Nylon,Trixie,1 un,"€4,69/un","€4,69/un"
Comida Húmida para Gato Hydra Care,Purina Pro Plan,emb. 85 gr,"€1,39/un","€16,35/kg"
Comida Húmida para Gato Adulto Atum e Quinoa,Schesir,emb. 85 gr,"€1,79/un","€21,06/kg"
Comida Húmida para Gato Adulto Ragout Salmão,Mhims,emb. 85 gr,"€1,35/un","€1,32/kg"
Comedouro/Bebedouro para Cão/Gato Tuff Bowl Lime,Zeedog,1 un,"€34,99/un","€34,99/un"
Snack para Cão Calmong,Healthybites,emb. 50 gr,"€2,99/un","€2,99/un"
Ração para Gato Adulto Ageing 7+ Home Life Indoor,Royal Canin,emb. 3.5 kg,"€36,69/un","€10,48/kg"
Ração para Gato Regular Fit 32,Royal Canin,emb. 4 kg,"€36,49/un","€9,12/kg"
Ração para Gato Adulto Esterilizado Júnior Salmão,Purina Pro Plan,"emb. 1,5 kg","€15,89/un","€15,89/un"
Pipeta Antiparasitário para Gato Combo Spot On,Frontline,emb. 6 un,"€33,30/un","€33,30/un"
Pipeta Antiparasitária para Gato Combo,Frontline,3 un,"€21,99/un","€21,99/un"
Ração Para Gato Adulto Salmão e Arroz,Affinity Advance,"emb. 1,5 kg","€14,49/un","€9,66/kg"
Sopa para Gato Salmão Rosa e Cenoura,Schesir,emb. 85 gr,"€1,79/un","€1,79/un"
Champô 4Cats,Artero,emb. 250 ml,"€14,29/un","€57,16/lt"
Sofá para Cão/Gato Chevron Nuovo Cinza/Rosa M,Luben,1 un,"€66,99/un","€66,99/un"
Ração para Gato Adultos de Peixe Branco e Salmão,Lily's Kitchen,emb. 800 gr,"€12,99/un","€16,24/kg"
Igloo para Cão/Gato Spring Chevron Cinza/Rosa S,Luben,1 un,"€43,99/un","€43,99/un"
Brinquedo Gato Plastico Taurus Antracite,Beeztees,1 un,"€9,49/un","€9,49/un"
Sofá paar Cão Bali Rosa L 115 cm,Luben,1 un,"€109,99/un","€109,99/un"
Ração para Cão Medio Ageing + 10,Royal Canin,emb. 3 kg,"€20,99/un","€20,99/un"
Ração para Gato British Shorthair,Royal Canin,emb. 10 kg,"€79,99/un","€79,99/un"
Ração para Gato Regular Fit 32,Royal Canin,emb. 10 kg,"€75,99/un","€7,60/kg"
Ração para Gato Adulto Maine Coon,Royal Canin,emb. 4 kg,"€42,49/un","€10,62/kg"
Comedouro/Bebedouro Stripes3 Rosa e Preto S,Dashi,1 un,"€11,99/un","€11,99/un"
Snack para Gato Catchy Frango&Queijo,Petfield,emb. 60 gr,"€1,79/un","€29,83/kg"
Ração para Gato Júnior Salmão,Continente Seleção,emb. 800 gr,"€3,49/un","€4,36/kg"
Arranhador Poste Cor com Rato 30X30X42Cm,Farm Company,1 un,"€18,99/un","€18,99/un"
Igloo para Gato Bali Rosa S,Luben,1 un,"€44,99/un","€44,99/un"
Arranhadores para Gato Bege 40x40x80 cm,Beeztees,1 un,"€26,99/un","€26,99/un"
Ração para Gato Regular Sensible 33,Royal Canin,emb. 4 kg,"€40,49/un","€10,12/kg"
Comedouro/Bebedouro para Cão/Gato Stripes3 Laranja e Preto L,Dashi,1 un,"€18,99/un","€18,99/un"
Comida Húmida para Gato Adulto Atum,Schesir,emb. 70 gr,"€1,79/un","€25,57/kg"
Comedouro/Bebedouro para Cão/Gato Goodie Bone XXL,Beeztees,1 un,"€10,49/un","€10,49/un"
Comedouro/Bebedouro para Cão/Gato Azul em Inox,Beeztees,1 un,"€2,99/un","€2,99/un"
Ração para Gato Adulto Optirenal Esterilizado Salmão,Purina Pro Plan,emb. 400 gr,"€4,99/un","€12,48/kg"
Arranhador para Gato Espejo Cinzento,Trixie,1 un,"€36,99/un","€36,99/un"
Ração para Gato Adulto de Frango,Lily's Kitchen,emb. 800 gr,"€12,99/un","€16,24/kg"
Comida Húmida para Gato Frango e Gambas Lata,Schesir,emb. 70 gr,"€1,79/un","€25,57/kg"
Dispensador de Ração Inteligente,Nedis Smartlife,emb. 1 un,"€87,99/un","€87,99/un"
Snack para Gato Frango,Happy One Premium,emb. 50 gr,"€1,49/un","€29,80/kg"
Ração para Gato Júnior Optistart Frango,Purina Pro Plan,emb. 400 gr,"€4,99/un","€12,48/kg"
Comida Húmida para Gato Adulto Atum e Filete Carne,Schesir,emb. 140 gr,"€2,39/un","€17,07/kg"
Comida Húmida para Gato Adulto Frango Natural Lata,Schesir,emb. 85 gr,"€1,79/un","€21,06/kg"
Comida Húmida para Gato Frango e Ananás Lata,Schesir,emb. 75 gr,"€1,84/un","€24,53/kg"
Sofá paar Cão Bali Azul M 95 cm,Luben,1 un,"€72,99/un","€72,99/un"
Sofá paar Cão Bali Verde L 115 cm,Luben,1 un,"€109,99/un","€109,99/un"
Comedouro/Bebedouro para Cão/Gato Tuff Bowl Coral,Zeedog,1 un,"€34,99/un","€34,99/un"
Ração para Gato Adulto Gastrointestinal,Purina Pro Plan Veterinary Diets,emb. 400 gr,"€7,89/un","€7,89/un"
Coleira para Gato Pacco,Zeedog,1 un,"€6,99/un","€699,00/kg"
Bebedouro para Cão e Gato Com Orelhas Compridas,Trixie,1 un,"€7,49/un","€7,49/un"
Peitoral+Trela para Gato Xcat 24-42Cm,Trixie,1 un,"€13,99/un","€13,99/un"
Comida Húmida para Gato Atum Natural Lata,Schesir,emb. 85 gr,"€1,79/un","€21,06/kg"
Comida Húmida para Gato Atum e Aloe Lata,Schesir,emb. 85 gr,"€1,79/un","€21,06/kg"
Igloo para Gato Bali Verde M,Luben,1 un,"€56,99/un","€56,99/un"
Mala de Transporte Animais,Bazarão,emb. 1 un,"€19,99/un","€19,99/un"
Ração para Gato Júnior,Orijen,"emb. 1,8 kg","€35,49/un","€19,72/kg"
Puré para Gato Frango,Churu,emb. 4x14 gr,"€3,49/un","€249,29/kg"
Comida Húmida para Gato Derma Bacalhau,Purina Pro Plan,emb. 10 x 85 gr,"€1,20/un","€1,20/un"
Ração para Gato Adulto Backwoods Diet,Natural Greatness,emb. 5 kg,"€15,89/un","€10,59/kg"
Ração para Gato Adulto Backwoods Diet,Natural Greatness,emb. 5 kg,"€39,89/un","€7,98/kg"
Ração para Gato Adulto Sensetive Indoor,Natural Greatness,emb. 6 kg,"€43,89/un","€7,32/kg"
Ração para Gato Urinary,Affinity Advance Veterinary Diets,emb. 8 kg,"€57,99/un","€57,99/un"
Comida Húmida para Gato Peixe,Affinity Ultima Nature,emb. 12 x 85 gr,"€11,89/un","€11,89/un"
Pipeta Antiparasitária para Gato 4kg,Advantage,"emb. 4 x 0,4 ml","€19,99/un","€19,99/un"
Ração para Gato Adulto Siamese,Royal Canin,emb. 2 kg,"€26,39/un","€13,20/kg"
Ração para Gato Regular Sensible 33,Royal Canin,emb. 10 kg,"€75,99/un","€7,60/kg"
Ração para Gato Júnior Kitten Persian,Royal Canin,emb. 10 kg,"€93,99/un","€9,40/kg"
Ração para Gato Adulto Wild Instinct,Natural Greatness,emb. 2 kg,"€21,89/un","€10,95/kg"
Ração para Gato Adulto Derma Plus Salmão,Purina Pro Plan,emb. 400 gr,"€4,99/un","€12,48/kg"
Ração para Gato Savour Exigent,Royal Canin,emb. 10 kg,"€75,99/un","€7,60/kg"
Comedouro/Bebedouro Stripes3 Vermelho e Azul L,Dashi,1 un,"€18,99/un","€18,99/un"
Ração para Gato Adulto Perú e Galinha,Purina Cat Chow,emb. 3 kg,"€13,99/un","€4,66/kg"
Colchão para Cão/Gato Spring Chevron Rosa L 11x100x70 cm,Luben,1 un,"€54,99/un","€54,99/un"
Sofá para Cão/Gato Chevron Nuovo Cinza/Rosa XS,Luben,1 un,"€39,99/un","€39,99/un"
Snack para Gato Dental Fibre,Bogadent,emb. 50 gr,"€5,69/un","€5,69/un"
Cama para Cão Preto/Branco,Beeztees,1 un,"€23,99/un","€23,99/un"
Sofá para Cão/Gato Spring Chevron Nuovo Cinza/Rosa L,Luben,1 un,"€99,99/un","€99,99/un"
Comida Húmida para Gato Adulto Atum e Gamba Saquetas,Schesir,emb. 70 gr,"€1,89/un","€27,00/kg"
Comida Húmida para Gato Adulto Atum e Sardinha Lata,Schesir,emb. 140 gr,"€2,39/un","€17,07/kg"
Areia para Gato Aglomerante Active White Fragance Free,Sanicat,emb. 6 lt,"€8,65/un","€1,33/lt"
"Arranhador ""Mimi"" Cartão Vemelho 48X16X22 cm",Trixie,1 un,"€25,99/un","€25,99/un"
Comedouro/Bebedouro para Cão/Gato Bege,Beeztees,1 un,"€5,29/un","€5,29/un"
Areia para Gato Aglomerante Sabão Marselha,Sandy,emb. 10 Lt,"€14,99/un","€1,50/kg"
Ração para Gato Adulto Sensetive Indoor,Natural Greatness,emb. 2 kg,"€19,89/un","€9,95/kg"
Comedouro/Bebedouro para Cão/Gato Stripes3 Rosa e Preto L,Dashi,1 un,"€18,99/un","€18,99/un"
Comedouro/Bebedouro para Cão/Gato Original S,Dashi,1 un,"€8,49/un","€8,49/un"
Esteira para Cão/Gato Roma Luben Azul,Luben,1 un,"€14,49/un","€14,49/un"
Garrafa de Água portátil para Viagem 250 ml,Beeztees,1 un,"€2,69/un","€2,69/un"
"Poste para Arranhar ""Parla""",Trixie,1 un,"€23,99/un","€23,99/un"
Brinquedo para Gato Onion Ball,Grumpy Cat,1 un,"€8,99/un","€8,99/un"
Cama para Gato Relax,Beeztees,1 un,"€14,99/un","€14,99/un"
Colchão para Cão/Gato Spring Chevron Azul L 11x100x70 cm,Luben,1 un,"€54,99/un","€54,99/un"
Sofá para Cão/Gato Spring Chevron Azul L,Luben,1 un,"€99,99/un","€99,99/un"
Brinquedo Gato Ratinho com Bolas Sortido,Beeztees,1 un,"€5,99/un","€5,99/un"
Comida Húmida para Gato Adulto Frango Halloween,Lily's Kitchen,emb. 85 gr,"€1,45/un","€17,06/kg"
Comida Húmida para Gato Adulto Pure Frango,Purina Gourmet Nature,emb. 5 x 10 gr,"€2,99/un","€2,99/un"
Comida Húmida para Gato Adulto Frango Lata,Schesir,emb. 85 gr,"€1,79/un","€21,06/kg"
Ração para Gato Júnior Live Clear Peru,Purina Pro Plan,"emb. 1,4 kg","€20,89/un","€20,89/kg"
Ração para Gato Senior Consult Stage 1,Royal Canin,"emb. 3,5 kg","€35,49/un","€10,14/kg"
Ração para Gato Esterilizado Optirenal Peru,Purina Pro Plan,emb. 400 gr,"€4,90/un","€12,25/kg"
Ração para Gato Adulto Salmão,Purina Pro Plan,emb. 400 gr,"€4,99/un","€12,48/kg"
Spray Antiparasitário para Cão e Gato,Frontline,emb. 100 ml,"€18,99/un","€189,90/lt"
Coleira para Gato Verde,Dashi,1 un,"€4,99/un","€4,99/un"
Comida Húmida para Gato Júnior Atum e Aloe Lata,Schesir,emb. 140 gr,"€2,39/un","€17,07/kg"
Snack para Gato Salmão e Atum,Happy One Premium,emb. 50 gr,"€1,49/un","€29,80/kg"
Sofá paar Cão Bali Verde S 70 cm,Luben,1 un,"€49,99/un","€49,99/un"
Brinquedo Gato Bola Catnip com Penas 12 cm,Beeztees,1 un,"€1,99/un","€1,99/un"
Trela+Peitoral para Gato Joy Verde,Beeztees,1 un,"€9,99/un","€9,99/un"
Arranhador para Gato Segra 44 cm,Beeztees,1un,"€16,99/un","€16,99/un"
Comida Húmida para Gato Adulto Salmão&Perú,Natural Greatness,emb. 200 gr,"€2,49/un","€12,45/kg"
Esteira para Cão/Gato Roma Cinza 60cm,Luben,1 un,"€15,99/un","€15,99/un"
Esteira para Cão/Gato Roma Cinza 110 cm,Luben,1 un,"€40,99/un","€40,99/un"
Sofá paar Cão Bali Rosa M 95 cm,Luben,1 un,"€72,99/un","€72,99/un"
Sofá paar Cão Bali Azul XS 60 cm,Luben,1 un,"€40,99/un","€40,99/un"
Sofá paar Cão Bali Verde XS 60 cm,Luben,1 un,"€40,99/un","€40,99/un"
Brinquedo para Gato Ufo com 2 Bolas,Mimau,1 un,"€5,09/un","€5,09/un"
Areia para Gato Aglomerante Talco Baby Powder,Sandy,emb. 10 Lt,"€14,99/un","€1,50/kg"
Ração para Gato Sénior Guardian 8,Orijen,emb. 340 gr,"€9,39/un","€27,62/kg"
Tabuleiro para Gato Figaro Oval,Beeztees,1 un,"€11,99/un","€11,99/un"
Ração para Gato DM,Purina Pro Plan Veterinary Diets,"emb. 1,5 kg","€18,89/un","€12,59/kg"
Ração para Gato Adulto Esterilizado Live Clear Peru,Purina Pro Plan,"emb. 1,4 kg","€20,89/un","€20,89/kg"
Ração para Gato Adulto Realm Diet,Natural Greatness,emb. 5 kg,"€37,89/un","€7,58/kg"
Ração para Gato Adulto Esterilizado Live Clear Peru,Purina Pro Plan,"emb. 2,8 kg","€33,89/un","€33,89/kg"
Ração para Gato Adulto Norweigan Forest Cat,Royal Canin,emb. 10 kg,"€82,99/un","€8,30/kg"
Coleira Antiparasitária para Gato,Seresto,1 un,"€33,69/un","€33,69/un"
Comida Húmida para Gato Sensitive Salmão,Purina Cat Chow,emb. 85 gr,"€0,71/un","€0,71/un"
Sofá para Cão/Gato Spring Chevron Rosa XS,Luben,1 un,"€39,99/un","€39,99/un"
Sofá para Cão/Gato Spring Chevron Mostarda L,Luben,1 un,"€99,99/un","€99,99/un"
Luva Tira Pelos Menta,Beeztees,1 un,"€15,99/un","€15,99/un"
Coleira para Gato Cinza,Dashi,1 un,"€4,99/un","€4,99/un"
Arranhador com Catnip 40x40x69 cm,Trixie,1 un,"€29,49/un","€29,49/un"
Comida Húmida para Gato Frango e Gamba Lata,Schesir,emb. 70 gr,"€1,79/un","€25,57/kg"
Snack para Gato Catchy Hairball,Petfield,emb. 60 gr,"€1,79/un","€29,83/kg"
Snack para Gato Catchy Frango,Petfield,emb. 60 gr,"€1,79/un","€29,83/kg"
Tenda para Gato Kiono Preto/Branco 50x50x80 cm,Beeztees,1 un,"€35,99/un","€35,99/un"
Igloo para Gato Bali Rosa M,Luben,1 un,"€56,99/un","€56,99/un"
Igloo para Gato Bali Azul M,Luben,1 un,"€56,99/un","€56,99/un"
Puré para Gato Atum&Salmão,Churu,emb. 4x14 gr,"€3,49/un","€249,29/kg"
Ração para Gato HA Hypo Allergenic,Purina Pro Plan Veterinary Diets,"emb. 3,5 kg","€41,99/un","€41,99/un"
Ração para Gato Urinary,Royal Canin,emb. 10 kg,"€88,99/un","€8,90/kg"
Ração para Gato Sénior Esterilizado Live Clear Peru,Purina Pro Plan,"emb. 2,8 kg","€33,89/un","€33,89/kg"
Comedouro/Bebedouro para Cão/Gato Inox Riscas Rosa,Beeztees,1 un,"€2,99/un","€2,99/un"
Colchão para Cão/Gato Spring Chevron Rosa M 9x80x60 cm,Luben,1 un,"€42,99/un","€42,99/un"
Sofá para Cão/Gato Spring Chevron Nuovo Cinza/Azul L,Luben,1 un,"€99,99/un","€99,99/un"
Garrafa de Água portátil para Viagem 500 ml,Beeztees,1 un,"€3,69/un","€3,69/un"
Comedouro/Bebedouro para Cão/Gato Goodie Bone XXL,Beeztees,1 un,"€7,69/un","€7,69/un"
Sofá para Cão/Gato Tuscany Branco S,Luben,1 un,"€65,99/un","€65,99/un"
Igloo para Cão/Gato Spring Chevron Cinza/Mostarda S,Luben,1 un,"€43,99/un","€43,99/un"
Sofá para Cão/Gato Impermeável Xtreme Vermelho M 95 cm,Luben,1 un,"€78,99/un","€78,99/un"
Comedouro/Bebedouro Duplo para Cão/Gato com Suporte 2530 ml,Beeztees,1 un,"€34,99/un","€34,99/un"
Brinquedo Gato Ratinho Kate Branco,Beeztees,1 un,"€5,99/un","€5,99/un"
"Comedouro/Bebedouro para Cao Inox Anti-Derrapante 1,75Lt",Trixie,1 un,"€6,99/un","€6,99/un"
Ração para Gtao Adulto Maine Coon,Royal Canin,emb. 2 kg,"€22,99/un","€11,50/kg"
Comida Húmida para Gato Kitten Borrego,Purina Cat Chow,emb. 85 gr,"€0,71/un","€0,71/un"
Ração para Gato Adulto Wild Instinct,Natural Greatness,emb. 6 kg,"€49,89/un","€8,32/kg"
Ração para Gato DM,Purina Pro Plan Veterinary Diets,emb. 5 kg,"€46,99/un","€46,99/un"
Ração para Gato Obesity Management,Purina Pro Plan Veterinary Diets,"emb. 1,5 kg","€18,89/un","€18,89/un"
Ração para Gato Júnior Kitten Sterilised,Royal Canin,emb. 400 gr,"€6,39/un","€15,98/kg"
Comida Húmida para Gato Adulto Carne,Affinity Ultima Nature,emb. 12 x 85 gr,"€11,89/un","€11,89/un"
Colchão para Cão/Gato Spring Chevron Azul M 9x80x60 cm,Luben,1 un,"€42,99/un","€42,99/un"
Sofá para Cão/Gato Spring Chevron Rosa S,Luben,1 un,"€47,99/un","€47,99/un"
Comedouro/Bebedouro para Gato Muzy Branco 14 cm,Beeztees,1 un,"€8,99/un","€8,99/un"
Sofá para Cão/Gato Tuscany Branco XS,Luben,1 un,"€49,99/un","€49,99/un"
Ração para Gato Esterilizado Sem Cereais Salmão,Nature´s Variety,emb. 7 kg,"€49,95/un","€7,14/kg"
Sacos Plastico para WC Gato XL,Trixie,10 un,"€5,99/un","€5,99/un"
Brinquedo Gato Rato Quadriculado Sortido,Beeztees,1 un,"€1,49/un","€1,49/un"
Comida Húmida para Gato Housecat Salmão,Purina Pro Plan,emb. 85 gr,"€1,25/un","€1,25/un"
Ração para Gato Júnior Frango&Ovos,Weego,emb. 7 kg,"€37,99/un","€5,43/kg"
Ração para Gato Júnior Frango&Ovos,Weego,"emb. 1,5 kg","€10,99/un","€7,33/kg"
Ração para Gato Esterilizado Perú,Purina Cat Chow,"emb. 1,5 kg","€7,49/un","€4,99/kg"
Areia para Gato Catrine Pearl Litter,Kruuse,1 un,"€4,99/un","€4,99/un"
Cama para Gato Bege 43x43x13 cm,Beeztees,1 un,"€18,99/un","€18,99/un"
Comedouro/Bebedouro para Cão/Gato Verde M,Beeztees,1 un,"€6,29/un","€6,29/un"
Ração para Gato Adulto Esterilizado Salmão,Continente Seleção,"emb. 1,5 kg","€5,29/un","€3,53/kg"
Comida Húmida para Gato Adulto Atum Lata,Schesir,emb. 70 gr,"€1,79/un","€25,57/kg"
Sofá paar Cão Bali Azul S 70 cm,Luben,1 un,"€49,99/un","€49,99/un"
Sofá paar Cão Bali Rosa S 70 cm,Luben,1 un,"€49,99/un","€49,99/un"
Coleira para Gato Volt,Zeedog,1 un,"€6,99/un","€6,99/un"
Puré para Gato Atum,Churu,emb. 4x14 gr,"€3,49/un","€249,29/kg"
Ração para Gato Hairball Care,Royal Canin,emb. 10 kg,"€115,00/un","€11,50/kg"
Ração para Gato Adulto Esterilizado,Purina Cat Chow,emb. 3 kg,"€13,99/un","€13,99/un"
Ração para Gato Adulto Esterilizado Live Clear Salmão,Purina Pro Plan,"emb. 1,4 kg","€20,89/un","€20,89/kg"
Ração para Gtao Regional Red,Orijen,"emb. 1,8 kg","€47,49/un","€47,49/un"
Tapete para Wc para Gato Preto,Beeztees,1 un,"€12,69/un","€12,69/un"
Brinquedo para Gato Bola com Catnip,Beeztees,2 un,"€4,29/un","€4,29/un"
Igloo para Cão/Gato Spring Chevron Cinza/Verde S,Luben,1 un,"€43,99/un","€43,99/un"
Comida Húmida para Gato Adulto Atum,Schesir,emb. 140 gr,"€2,39/un","€17,07/kg"
Ração para Gato Adulto Frango&Atum,Weego,"emb. 1,5 kg","€9,99/un","€6,66/kg"
Brinquedo para Gato Roda de Treino,Beeztees,1 un,"€11,99/un","€11,99/un"
Ração para Gato Adulto Frango&Atum,Weego,emb. 7 kg,"€36,99/un","€5,28/kg"
Snack para Gato Catchy Salmão,Petfield,emb. 60 gr,"€1,79/un","€29,83/kg"
Comida Húmida para Gato Atum e Ananás Lata,Schesir,emb. 75 gr,"€1,84/un","€24,53/kg"
Comida Húmida para Gato Adulto Frango e Arroz,Schesir,emb. 140 gr,"€2,39/un","€17,07/kg"
Pipeta Antiparasitária para Gato,Frontline,1 un,"€12,39/un","€12,39/un"
Ração para Gato Active Life Outdoor,Royal Canin,emb. 2 kg,"€22,99/un","€11,50/kg"
"Suporte Duplo Regular com 2 Gamelas 2,8 lt",Trixie,1 un,"€42,99/un","€42,99/un"
Ração para Gato Home Life Indoor 27,Royal Canin,emb. 10 kg,"€75,99/un","€7,60/kg"
Comida Húmida para Gato Esterilizado Borrego,Purina Cat Chow,emb. 85 gr,"€0,71/un","€0,71/un"
Comida Húmida para Gato Esterlizado Galinha,Purina Cat Chow,emb. 85 gr,"€0,71/un","€0,71/un"
Elixir Higiene Oral para Gato,Bogadent,emb 250 ml,"€16,99/un","€67,96/lt"
Escova Furminator para Gato Long Hair S,Furminator,1 un,"€34,99/un","€34,99/un"
Sofá para Cão/Gato Spring Chevron Nuovo Cinza/Mostarda L,Luben,1 un,"€99,99/un","€99,99/un"
Colchão para Cão/Gato Spring Chevron Verde L 11x100x70 cm,Luben,1 un,"€54,99/un","€54,99/un"
"Comedouro/Bebedouro para Cão/Gato Aço Inoxidável 17,5x9cm",Beeztees,1 un,"€6,49/un","€6,49/un"
Champô Seco para Gato Glamour Pêssego,Animology,emb. 250 ml,"€8,99/un","€8,99/un"
Esteira para Cão/Gato Roma Cinza 70cm,Luben,1 un,"€19,99/un","€19,99/un"
"Comedouro/Bebedouro para Cão e Gato Inox Anti-Derrapante 0,9Lt",Trixie,1 un,"€4,99/un","€4,99/un"
Dispensador para Cão/Gato Comida e Água,Beeztees,1 un,"€9,49/un","€9,49/un"
Ração para Gato Adulto Bolas de Pelo Salmão,Continente Seleção,"emb. 1,5 kg","€5,29/un","€3,53/kg"
Comida Húmida para Gato Adulto Atum e Presunto Lata,Schesir,emb. 140 gr,"€2,39/un","€17,07/kg"
Comida Húmida para Gato Adulto Atum e Sardinha Saquetas,Schesir,emb. 70 gr,"€1,89/un","€27,00/kg"
Sofá paar Cão Bali Azul L 115 cm,Luben,1 un,"€109,99/un","€109,99/un"
Cama para Cão Jilla Cinza 48x48x16 cm,Beeztees,1 un,"€23,99/un","€23,99/un"
Ração para Gato Indoor Pelo Longo 35,Royal Canin,emb. 4 kg,"€44,79/un","€11,20/kg"
Ração para Cão Medio Ageing + 10,Royal Canin,emb. 15 kg,"€76,99/un","€76,99/un"
Ração para Gato Adulto Original,Orijen,"emb. 1,8 kg","€37,49/un","€20,83/kg"
Transporte Traveller Capri Cinza Claro,Trixie,1 un,"€31,99/un","€31,99/un"
Ração para Gato Adulto Norweigan Forest Cat,Royal Canin,emb. 2 kg,"€26,39/un","€13,20/kg"
Coleira para Gato Laranja,Dashi,1 un,"€4,99/un","€4,99/un"
Comedouro/Bebedouro para Cão/Gato Stripes3 Laranja e Preto S,Dashi,1 un,"€11,99/un","€11,99/un"
Areia para Gaiolas Anisada,Continente,"emb. 1,5 kg","€2,19/un","€2,19/un"
Coleira Gato Stripes3 Laranja e Preto,Dashi,1 un,"€4,99/un","€226,82/kg"
Comida Húmida para Gato Mousse Sabores do Mar Pack Poupança,Continente,emb. 4 x 85 gr,"€1,59/un","€4,68/kg"
Arranhador para Gato Kattstol Castanho,Luben,1 un,"€49,99/un","€49,99/un"
Arranhador para Gato Kattgym Castanho,Luben,1 un,"€74,99/un","€74,99/un"
Comedouro/Bebedouro para Cão/Gato Glorious Azul,Beeztees,1 un,"€9,99/un","€9,99/un"
Poste para Arranhar com Base + Bola 62cm,Trixie,1 un,"€29,49/un","€29,49/un"
Comedouro/Bebedouro para Cão/Gato Duplo Bege,Beeztees,1 un,"€1,99/un","€1,99/un"
Colchão para Cão/Gato Spring Chevron Mostarda L 11x100x70 cm,Luben,1 un,"€54,99/un","€54,99/un"
Sofá para Cão/Gato Chevron Nuovo Cinza/Rosa S,Luben,1 un,"€47,99/un","€47,99/un"
"Comedouro para Cão Antractite 0,3 lt",Beeztees,1 un,"€1,79/un","€1,79/un"
Comedouro/Bebedouro para Cão/Gato Glorious Azul,Beeztees,1 un,"€14,99/un","€14,99/un"
Igloo para Cão/Gato Spring Chevron Cinza/Mostarda M,Luben,1 un,"€55,99/un","€55,99/un"
Areia para Gato Aglomerante Active Gold,Sanicat,emb. 6 lt,"€11,99/un","€1,84/lt"
Ração para Gato Sénior Esterilizado Live Clear Peru,Purina Pro Plan,"emb. 1,4 kg","€20,89/un","€20,89/kg"
Ração para Gato Senior Consult Stage 1,Royal Canin,"emb. 1,5 kg","€18,99/un","€12,66/kg"
Bola Espiral para Gato Sortida,Trixie,1 un,"€1,79/un","€1,79/un"
Comida Húmida para Gato Atum e Robalo,Schesir,emb. 70 gr,"€1,79/un","€25,57/kg"
Esteira para Cão/Gato Roma Cinza 50 cm,Luben,1 un,"€12,99/un","€12,99/un"
Comida Húmida para Gato Júnior + 4 meses Multipack,Lily's Kitchen,emb. 8x85 gr,"€8,99/un","€13,22/kg"
Comida Húmida para Gato Sénior Ageing 7+ anos Frango,Lily's Kitchen,emb. 85 gr,"€1,29/un","€15,18/kg"
Sofá para Cão/Gato Spring Chevron Rosa M,Luben,1 un,"€66,99/un","€66,99/un"
Areia para Gato Aglomerante Organico Madeira Reciclada,Sanicat,emb. 20 lt,"€25,99/un","€1,53/lt"
Ração para Gato Esterilizado Salmão&Chá Verde,Weego,"emb. 1,5 kg","€9,99/un","€6,66/kg"
Comida Húmida para Gato Atum e Algas Lata,Schesir,emb. 85 gr,"€1,79/un","€21,06/kg"
Igloo para Gato Bali Azul S,Luben,1 un,"€44,99/un","€44,99/un"
Sofá paar Cão Bali Rosa XS 60 cm,Luben,1 un,"€40,99/un","€40,99/un"
Sofá paar Cão Bali Verde M 95 cm,Luben,1 un,"€72,99/un","€72,99/un"
Igloo para Gato Bali Verde S,Luben,1 un,"€49,99/un","€49,99/un"
Arranhador para Gato Gina Mini Cinza,Beeztees,1 un,"€15,99/un","€15,99/un"
Ração para Gato Digestive Care,Royal Canin,emb. 10 kg,"€115,00/un","€11,50/kg"
Ração para Gato Appetite Control,Royal Canin,emb. 400 gr,"€6,99/un","€6,99/un"
Ração para Cão Adulto Maxi Frango e Arroz,Affinity Advance,emb. 14 kg,"€49,99/un","€3,57/kg"
Ração para Gato Adulto Esterilizado Sensitive Salmão,Affinity Advance,emb. 10 kg,"€37,90/un","€3,79/kg"
Ração para Cão Adulto Sensitive Salmão e Arroz,Affinity Advance,emb. 12 kg,"€54,99/un","€4,58/kg"
Ração para Cão Veterinary Diet Hypoallergenic,Purina Pro Plan Veterinary Diets,emb. 11 kg,"€67,41/un","€6,13/kg"
Ração para Cão Adulto Médio Frango e Arroz,Affinity Advance,emb. 14 kg,"€49,99/un","€3,57/kg"
Ração para Gato Adulto Esterilizado Peru,Affinity Advance,emb. 10 kg,"€36,40/un","€3,64/kg"
Ração para Cão Puppy Maxi,Affinity Advance,12 kg,"€54,99/un","€4,58/kg"
Ração para Cão Hipoalergénica,Affinity Advance Veterinary Diets,emb. 10 kg,"€56,49/un","€5,65/kg"
Ração para Gato Adulto Esterilizado Bolas de Pelo Peru,Affinity Advance,emb. 10 kg,"€38,83/un","€3,88/kg"
Ração para Cão Puppy Médio Frango e Arroz,Affinity Advance,emb. 12 kg,"€54,99/un","€4,58/kg"
Ração para Cão Articular Care Reduced Calorie,Affinity Advance Veterinary Diets,emb. 12 kg,"€53,31/un","€4,44/kg"
Ração para Cão Veterinary Diet Gastrointestenal,Purina Pro Plan Veterinary Diets,emb. 12 kg,"€63,90/un","€5,33/kg"
Ração para Cão Obesity Management,Purina Pro Plan Veterinary Diets,emb. 12 kg,"€62,01/un","€5,17/kg"
Ração para Gato Adulto Frango e Arroz,Affinity Advance,emb. 10 kg,"€39,15/un","€3,92/kg"
Ração para Gato Júnior Frango e Arroz,Affinity Advance,emb. 10 kg,"€38,83/un","€3,88/kg"
Ração para Gato Adulto Esterilizado Weight Balance,Affinity Advance,emb. 8 kg,"€49,49/un","€6,19/kg"
Ração para Cão Médio Light Frango e Arroz,Affinity Advance,emb. 12 kg,"€54,99/un","€4,58/kg"
Comida Húmida para Gato Urinary Salmão Saquetas,Purina Pro Plan Veterinary Diets,emb. 85 gr,"€1,45/un","€1,45/un"
Ração para Cão Júnior Sensitive Salmão,Affinity Advance,emb. 12 kg,"€64,49/un","€5,37/kg"
Ração para Gato Júnior Esterilizado,Affinity Advance,"emb. 1,5 kg","€12,59/un","€8,39/kg"
Ração para Cão Optiderma Maxi Atletic,Purina Pro Plan,emb. 14 kg,"€56,90/un","€4,06/kg"
Ração para Gato Adulto Urinary Frango,Purina Pro Plan Veterinary Diets,emb. 5 kg,"€41,31/un","€8,26/kg"
Ração para Gato Adulto Renal Function,Purina Pro Plan Veterinary Diets,emb. 5 kg,"€46,99/un","€9,40/kg"
Ração para Cão Sénior Médio Frango e Arroz,Affinity Advance,emb. 12 kg,"€54,99/un","€4,58/kg"
Ração para Cão Adulto Mini Frango e Arroz,Affinity Advance,"emb. 7,5 kg","€34,99/un","€4,67/kg"
Comida Húmida para Gato Função Renal Frango Saquetas,Purina Pro Plan Veterinary Diets,emb. 85 gr,"€1,45/un","€1,45/un"
Ração para Gato Adulto Esterilizado Peru,Affinity Advance,emb. 3 kg,"€19,79/un","€6,60/kg"
Ração para Cão Adulto Bulldog Francês Pato e Arroz,Affinity Advance,"emb. 7,5 kg","€39,49/un","€5,27/kg"
Ração para Gato Urinary,Affinity Advance Veterinary Diets,emb. 3 kg,"€21,99/un","€7,33/kg"
Ração para Gato Adulto Gastrointestinal,Purina Pro Plan Veterinary Diets,emb. 5 kg,"€41,31/un","€8,26/kg"
Ração para Gato Obesity Management,Purina Pro Plan Veterinary Diets,emb. 5 kg,"€41,31/un","€8,26/kg"
Ração para Cão Júnior Mini Frango e Arroz,Affinity Advance,emb. 3 kg,"€19,99/un","€6,66/kg"
Ração para Gato Adulto Sensitive Salmão e Arroz,Affinity Advance,emb. 10 kg,"€38,95/un","€3,90/kg"
Comida Húmida para Gato Renal Function Saquetas,Purina Pro Plan Veterinary Diets,emb. 85 gr,"€1,45/un","€17,06/kg"
Ração para Gato Adulto Esterilizado Sensitive Salmão,Affinity Advance,emb. 3 kg,"€19,79/un","€6,60/kg"
Comida Húmida para Cão Gastrointestinal Lata,Purina Pro Plan Veterinary Diets,emb. 400 gr,"€3,68/un","€9,20/kg"
Ração para Cão Júnior Mini Frango e Arroz,Affinity Advance,"emb. 7,5 kg","€35,99/un","€4,80/kg"
Ração para Cão Adulto Mini Frango e Arroz,Affinity Advance,emb. 3 kg,"€18,99/un","€6,33/kg"
Ração para Cão Adulto Mini Sensitive Salmão e Arroz,Affinity Advance,emb. 3 kg,"€19,99/un","€6,66/kg"
Ração para Cão Hipoalergénica,Affinity Advance Veterinary Diets,"emb. 2,5 kg","€24,29/un","€9,72/kg"
Ração para Gato Renal,Affinity Advance Veterinary Diets,"emb. 1,5 kg","€13,49/un","€8,99/kg"
Ração para Gato Gastroenteric Sensitive,Affinity Advance Veterinary Diets,"emb. 1,5 kg","€13,49/un","€8,99/kg"
Ração para Gato Sénior Esterilizado Frango,Affinity Advance,"emb. 1,5 kg","€12,09/un","€12,09/un"
Ração para Gato Urinary,Affinity Advance Veterinary Diets,"emb. 1,5 kg","€13,49/un","€8,99/kg"
Ração para Cão Adulto Sensitive Salmão e Arroz,Affinity Advance,emb. 3 kg,"€19,99/un","€6,66/kg"
Ração para Cão Adulto Mini Light Frango e Arroz,Affinity Advance,emb. 3 kg,"€19,99/un","€6,66/kg"
Ração para Cão Obesity Management,Purina Pro Plan Veterinary Diets,emb. 3 kg,"€27,89/un","€9,30/kg"
Ração para Gato Adulto Frango e Arroz,Affinity Advance,emb. 3 kg,"€18,89/un","€6,30/kg"
Ração para Cão NF Kidney Function,Purina Pro Plan Veterinary Diets,emb. 3 kg,"€26,91/un","€8,97/kg"
Ração para Gato Adulto Sensitive Salmão e Arroz,Affinity Advance,emb. 3 kg,"€19,79/un","€6,60/kg"
Ração para Gato Adulto Urinary Peixe,Purina Pro Plan Veterinary Diets,"emb. 1,5 kg","€17,01/un","€11,34/kg"
Ração para Gato Adulto Esterilizado Weight Balance,Affinity Advance,"emb. 1,5 kg","€13,49/un","€13,49/un"
Ração para Cão Adulto Urinary,Affinity Advance Veterinary Diets,emb. 3 kg,"€23,39/un","€7,80/kg"
Comida Húmida para Cão Função Renal Lata,Purina Pro Plan Veterinary Diets,emb. 400 gr,"€3,10/un","€7,75/kg"
Ração para Cão Adulto Sensitive Cordeiro e Arroz,Affinity Advance,emb. 3 kg,"€19,99/un","€6,66/kg"
Ração para Gato Adulto Esterilizado Bolas de Pelo Peru,Affinity Advance,emb. 3 kg,"€19,79/un","€6,60/kg"
Ração para Gato Adulto Gastrointestinal,Purina Pro Plan Veterinary Diets,"emb. 1,5 kg","€17,01/un","€11,34/kg"
Ração para Cão Sénior Mini Frango e Arroz,Affinity Advance,emb. 3 kg,"€19,99/un","€6,66/kg"
Comida Húmida para Gato Urinary Frango Saquetas,Purina Pro Plan Veterinary Diets,emb. 85 gr,"€1,45/un","€1,45/un"
Ração para Cão Sénior Ageing +7 Articular Care,Affinity Advance Veterinary Diets,emb. 3 kg,"€19,79/un","€6,60/kg"
Ração para Gato Adulto Hypoallergenic,Purina Pro Plan Veterinary Diets,"emb. 1,3 kg","€17,90/un","€13,77/kg"
Ração para Cão Renal Failure,Affinity Advance Veterinary Diets,emb. 3 kg,"€23,39/un","€7,80/kg"
Ração para Cão Júnior Médio Frango e Arroz,Affinity Advance,emb. 3 kg,"€19,99/un","€6,66/kg"
Ração para Cão Adulto Médio Frango e Arroz,Affinity Advance,emb. 3 kg,"€18,99/un","€6,33/kg"
Ração para Gato Adulto Urinary Frango,Purina Pro Plan Veterinary Diets,"emb. 1,5 kg","€17,59/un","€11,73/kg"
Ração para Gato Adulto Renal Function,Purina Pro Plan Veterinary Diets,"emb. 1,5 kg","€17,01/un","€11,34/kg"
Ração para Cão Júnior Sensitive Salmão,Affinity Advance,emb. 3 kg,"€19,99/un","€6,66/kg"
Ração para Cão Adulto Médio Light Frango e Arroz,Affinity Advance,emb. 3 kg,"€19,99/un","€6,66/kg"
Ração para Cão Sénior Médio Frango e Arroz,Affinity Advance,emb. 3 kg,"€19,99/un","€6,66/kg"
Ração para Cão Júnior Frango e Arroz,Affinity Advance,emb. 3 kg,"€20,99/un","€7,00/kg"
Comida Húmida para Gato Gastrointestinal Lata,Purina Pro Plan Veterinary Diets,emb. 195 gr,"€2,69/un","€13,79/kg"
Ração para Gato Adulto Bolas de Pelo Perú e Arroz,Affinity Advance,"emb. 1,5 kg","€12,59/un","€8,39/kg"
Ração para Gato Adulto Esterilizado Bolas de Pelo Peru,Affinity Advance,"emb. 1,5 kg","€12,59/un","€8,39/kg"
Comida Húmida para Cão Controlo do Peso Lata,Purina Pro Plan Veterinary Diets,emb. 400 gr,"€3,35/un","€8,38/kg"
Ração para Gato Adulto Esterilizado Peru,Affinity Advance,emb. 400 gr,"€3,59/un","€8,98/kg"
Ração para Cão Adulto Mini Frango e Arroz,Affinity Advance,"emb. 1,5 kg","€9,99/un","€6,66/kg"
Ração para Cão Adulto Mini Sensitive Salmão e Arroz,Affinity Advance,emb. 800 gr,"€4,99/un","€6,24/kg"
Ração para Cão Júnior Mini Frango e Arroz,Affinity Advance,emb. 800 gr,"€4,99/un","€6,24/kg"
Ração para Cão Adulto Mini Frango e Arroz,Affinity Advance,emb. 800 gr,"€4,49/un","€5,61/kg"
Ração para Cão Júnior Maxi Frango e Arroz,Affinity Advance,emb. 3 kg,"€19,99/un","€6,66/kg"
Comida Húmida para Gato Convalescence Lata,Purina Pro Plan Veterinary Diets,emb. 195 gr,"€2,69/un","€13,79/kg"
Ração para Gato Júnior Active Defense Frango e Arroz,Affinity Advance,emb. 400 gr,"€3,59/un","€8,98/kg"
Ração para Gato Adulto Frango e Arroz,Affinity Advance,emb. 400 gr,"€3,59/un","€8,98/kg"
Ração para Cão Júnior Frango e Arroz,Affinity Advance,emb. 800 gr,"€6,19/un","€7,74/kg"
Ração para Cão Veterinary Diet NF,Purina Pro Plan Veterinary Diets,emb. 12 kg,"€65,61/un","€5,47/kg"
Ração para Cão Optiderma Maxi Robust,Purina Pro Plan,emb. 14 kg,"€56,90/un","€4,06/kg"
Ração para Cão Labrador,Affinity Advance,emb. 12 kg,"€49,99/un","€4,17/kg"
Ração para Cão Veterinary Diet UR,Purina Pro Plan Veterinary Diets,emb. 12 kg,"€66,99/un","€66,99/un"
Ração Para Gato Adulto Salmão e Arroz,Affinity Advance,"emb. 1,5 kg","€14,49/un","€9,66/kg"
Ração para Cão Pastor Alemão,Affinity Advance,emb. 12 kg,"€49,99/un","€4,17/kg"
Ração para Cão Adulto All Breed Borrego e Arroz,Affinity Advance,emb. 12 kg,"€49,99/un","€4,17/kg"
Ração para Gato Adulto Gastrointestinal,Purina Pro Plan Veterinary Diets,emb. 400 gr,"€7,89/un","€7,89/un"
Ração para Gato Urinary,Affinity Advance Veterinary Diets,emb. 8 kg,"€57,99/un","€57,99/un"
Ração para Cão Adulto Maxi Light Frano e Arroz,Affinity Advance,emb. 14 kg,"€54,99/un","€54,99/un"
Ração para Cão Diabetes,Affinity Advance Veterinary Diets,emb. 3 kg,"€23,99/un","€23,99/un"
Ração para Cão Gastroenteric Low Fat,Affinity Advance Veterinary Diets,emb. 3 kg,"€25,89/un","€8,63/kg"
Ração para Cão Júnior Maxi Frango e Arroz,Affinity Advance,emb. 14 kg,"€54,99/un","€54,99/un"
Ração para Cão HP,Purina Pro Plan Veterinary Diets,emb. 3 kg,"€30,49/un","€30,49/un"
Ração para Gato DM,Purina Pro Plan Veterinary Diets,"emb. 1,5 kg","€18,89/un","€12,59/kg"
Ração para Gato HA Hypo Allergenic,Purina Pro Plan Veterinary Diets,"emb. 3,5 kg","€41,99/un","€41,99/un"
Ração para Cão Urinary Low Purine,Affinity Advance Veterinary Diets,emb. 12 kg,"€68,99/un","€5,75/kg"
Ração para Gato Hypoallergenic Hidrolized,Purina Pro Plan Veterinary Diets,emb. 3 kg,"€32,99/un","€11,00/kg"
Ração para Gato DM,Purina Pro Plan Veterinary Diets,emb. 5 kg,"€46,99/un","€46,99/un"
Ração para Gato Obesity Management,Purina Pro Plan Veterinary Diets,"emb. 1,5 kg","€18,89/un","€18,89/un"
Ração para Cão DM,Purina Pro Plan Veterinary Diets,emb. 3 kg,"€30,49/un","€30,49/un"
Ração para Cão Veterinary Diet JM,Purina Pro Plan Veterinary Diets,emb. 12 kg,"€70,99/un","€70,99/un"
Ração para Cão Adulto Neurocare,Purina Pro Plan Veterinary Diets,emb. 12 kg,"€70,99/un","€70,99/un"
Ração para Cão UR Urinary,Purina Pro Plan Veterinary Diets,emb. 3 kg,"€30,49/un","€10,16/kg"
Ração para Cão Júnior Sensitive,Affinity Advance,emb. 800 gr,"€5,99/un","€5,99/un"
Ração para Cão Renal,Affinity Advance Veterinary Diets,emb. 12 kg,"€62,49/un","€62,49/un"
Comida para Coelho Anão Menu,Continente,emb. 800 gr,"€1,89/un","€2,36/kg"
Comida para Periquito Mistura,Continente,emb. 1 kg,"€1,59/un","€1,59/kg"
Absorvente para Roedor Aparas Comfort Classic,Vitakraft,1 un,"€2,69/un","€0,19/lt"
Areia para Roedores Vegetal Clean Papel,Vitakraft,emb. 10 lt,"€10,49/un","€1,05/lt"
Aquário Aquapor 40 cm,Anivite,1 un,"€37,29/un","€37,29/un"
Aquario Microkit Aquapor 27 cm,Anivite,1 un,"€23,35/un","€23,35/un"
Comida para Canário Mistura,Continente,emb. 1 kg,"€1,59/un","€1,59/kg"
Comida para Catatua e Agapornis Premium Menu,Vitakraft,emb. 1 kg,"€4,49/un","€4,49/kg"
Comida para Periquito,Continente,emb. 700 gr,"€2,89/un","€4,13/kg"
Comida para Coelho Anão Premium Menu,Vitakraft,emb. 1 kg,"€3,99/un","€3,99/kg"
Comida para Rola Mistura,Continente,emb. 1 kg,"€2,29/un","€2,29/kg"
Comida para Porquinho da Índia Menu Premium,Vitakraft,emb. 1 kg,"€4,49/un","€4,49/kg"
Comida para Roedor Palha Natural,Vitakraft,emb. 30 lt,"€5,99/un","€0,20/lt"
Feno com Banana para Roedor,Riga,emb. 500 gr,"€3,29/un","€6,58/kg"
Comida para Roedor Feno com Aroma,Vitakraft,emb. 500 gr,"€4,49/un","€8,98/kg"
Comida para Coelho Anão Menu,Vitakraft,emb. 3 kg,"€12,19/un","€4,06/kg"
Comida para Peixes Água Fria,Tetra,emb. 250 ml,"€4,99/un","€19,96/lt"
Areia para Aves Branco com Anis,Kiki,emb. 2 kg,"€7,79/un","€3,90/kg"
Comida para Roedor Menu,Continente,emb. 900 gr,"€2,09/un","€2,32/kg"
Comida para Roedor Feno,Riga,emb. 500 gr,"€2,29/un","€4,58/kg"
Comida para Hamster Menu,Vitakraft,emb. 400 gr,"€2,09/un","€5,23/kg"
Acondicionador Aquasafe,Tetra,emb. 100 ml,"€7,29/un","€72,90/lt"
Comida para Tartaruga Reptomin,Tetra,emb. 250 ml,"€8,99/un","€35,96/lt"
Comida para Tartaruga Gammarus Mix,Tetra,emb. 1 lt,"€18,99/un","€18,99/lt"
Comida para Roedor Rollis Party,Vitakraft,emb. 500 gr,"€3,69/un","€7,38/kg"
Comida para Hamster Menu Premium,Vitakraft,emb. 1 kg,"€3,99/un","€3,99/kg"
Cama para Hamster Suave Dreamy,Vitakraft,emb. 20 gr,"€2,69/un","€134,50/kg"
Comida para Cobaia Menu,Vitakraft,emb. 3 kg,"€12,19/un","€4,06/kg"
Comida para Periquito Barrita Mel,Continente,emb. 2 x 60 gr,"€1,79/un","€29,83/kg"
Comida para Periquito Menu,Vitakraft,emb. 500 gr,"€2,19/un","€4,38/kg"
Aquário Globo Vidro 7 lt,Anivite,1 un,"€11,99/un","€11,99/un"
Comida para Tartaruga Gammarus,Continente,emb. 30 gr,"€2,39/un","€79,67/kg"
Comida para Canário Menu,Vitakraft,emb. 500 gr,"€2,69/un","€5,38/kg"
Comida para Roedor Drops Cenoura,Vitakraft,emb. 75 gr,"€1,59/un","€21,20/kg"
Comida para Hamster Barritas Mel,Vitakraft,emb. 2 un,"€2,59/un","€23,13/kg"
Comida para Canário Barrita Mel,Continente,emb. 2 x 60 gr,"€1,69/un","€28,17/kg"
Comida para Peixes Água Quente,Tetra,emb. 250 ml,"€11,99/un","€47,96/lt"
Comida para Papagaio Premium Menu,Vitakraft,emb. 1 kg,"€4,49/un","€4,49/kg"
Comida para Peixes Água Quente,Tetra,emb. 100 ml,"€6,19/un","€61,90/lt"
Comida para Coelho Anão Barritas Verduras,Vitakraft,emb. 2 un,"€2,59/un","€23,13/kg"
Comida para Peixe Vermelho,Continente,emb. 50 gr,"€2,79/un","€55,80/kg"
Comida para Ave Espiga de Milho,Vitakraft,emb. 100 gr,"€2,49/un","€24,90/kg"
Comida para Periquito Barrita Fruta,Vitakraft,emb. 2 x 30 gr,"€2,19/un","€36,50/kg"
Filtro Eco-filter 200,Anivite,1 un,"€18,49/un","€18,49/un"
Comida para Agapornis African,Vitakraft,emb. 750 gr,"€7,49/un","€9,99/kg"
Comida para Tartatuga Gammarus,Continente,emb. 100 gr,"€8,09/un","€80,90/kg"
Comida para Canário Barrita Fruta,Continente,2 un (90 gr),"€2,09/un","€23,22/kg"
Comida para Ave Milho,Continente,emb. 1 kg,"€2,99/un","€2,99/kg"
Comida para Periquito Barrira Fruta,Continente,emb. 2 x 90 gr,"€2,19/un","€24,33/kg"
Comida para Peixe Bioactive,Tetra,emb. 250 ml,"€10,59/un","€42,36/lt"
Comida para Peixe Ornamental,Continente,emb. 120 gr,"€4,39/un","€36,58/kg"
Comida para Roedor 6 Bastões Cenouras,Vitakraft,emb. 50 gr,"€1,99/un","€39,80/kg"
Reptosafe para Tartaruga,Tetra,emb. 100 ml,"€6,99/un","€69,90/lt"
Comida para Chinchila Menu,Continente,emb. 600 gr,"€2,79/un","€4,65/kg"
Folha Areado 43x28cm,Riga,emb. 5 un,"€2,09/un","€2,09/un"
Comida para Coelho Anão Vitakraft Beauty,Vitakraft,emb. 600 gr,"€7,99/un","€13,32/kg"
Comida para Coelho Índia Barrita Fruta,Vitakraft,emb. 2 un,"€2,59/un","€2,59/kg"
Comida para Tartaruga Gammarus,Tetra,emb. 500 ml,"€11,49/un","€22,98/lt"
Comida para Coelho Barrita Mel,Vitakraft,emb. 2 un,"€2,59/un","€23,13/kg"
Comida para Peixe Vermelho,Continente,emb. 100 gr,"€4,39/un","€43,90/kg"
Bebedouro para Roedores Biberão 450 ml,Riga,1 un,"€3,89/un","€3,89/un"
Comida para Tartaruga Reptomin,Tetra,emb. 100 ml,"€3,89/un","€38,90/lt"
Comida para Avés Menu Exotis,Vitakraft,emb. 500 gr,"€3,99/un","€7,98/kg"
Comida para Roedor Barrita Fruta,Continente,2 un (90 gr),"€1,79/un","€19,89/kg"
Comida para Tartaruga Gammarus Mix,Tetra,emb. 250 ml,"€5,49/un","€21,96/lt"
Comida para Canário Premium Menu,Vitakraft,emb. 1 kg,"€4,49/un","€4,49/kg"
Comida para Peixe Exótico,Continente,emb. 50 gr,"€3,49/un","€69,80/kg"
Comida para Periquito Menu,Vitakraft,emb. 1 kg,"€4,49/un","€4,49/kg"
Comida para Peixes Bioactive,Tetra,emb. 100 ml,"€4,49/un","€44,90/lt"
Comida para Periquito Barrita Ovo,Continente,emb. 2 x 80 gr,"€2,09/un","€23,22/kg"
Comida para Periquito Barrita Ovo,Vitakraft,emb. 2 un,"€2,09/un","€34,83/kg"
Comida para Tartaruga Gammarus,Tetra,emb. 250 ml,"€6,49/un","€25,96/lt"
Comida para Coelho Barritas da Índia Mel,Vitakraft,emb. 2 un,"€2,59/un","€23,13/kg"
Comida para Peixes Pond Lago,Tetra,emb. 1lt,"€5,79/un","€5,79/lt"
Comida para Periquito Menu Life,Vitakraft,emb. 800 gr,"€4,19/un","€5,24/kg"
Comida para Periquito Barrita,Vitakraft,emb. 2 un,"€2,19/un","€2,19/kg"
Comida para Canário Barrita Cor,Vitakraft,emb. 2 un,"€2,09/un","€34,83/kg"
Comida para Canário Barrita Mel,Vitakraft,emb. 2 un,"€2,19/un","€36,50/kg"
Comida para Canário Barrita Ovo,Vitakraft,emb. 2 un,"€2,09/un","€34,83/kg"
Comida para Peixes Água Fria,Tetra,emb. 100 ml,"€3,69/un","€36,90/lt"
Bebedouro para Ave,Riga,1 un,"€1,89/un","€1,89/un"
Aquecedor Eco 75 W,Anivite,1 un,"€19,29/un","€19,29/un"
Comida para Hamster Menu,Continente,emb. 900 gr,"€2,29/un","€2,54/kg"
Comida para Avé Canora,Continente,emb. 500 gr,"€3,99/un","€7,98/kg"
Comida para Tartaruga Reptomin Baby,Tetra,emb. 26 gr,"€3,99/un","€39,90/lt"
Comida para Canário Barrita,Vitakraft,emb. 2 un,"€2,19/un","€2,19/kg"
Comedouro para Ave Exterior,Riga,1 un,"€1,59/un","€58,89/kg"
Areia Marinha para Aves com Algas,Riga,emb. 2 kg,"€2,09/un","€1,05/kg"
Comida para Tartaruga Gammarus,Tetra,emb. 10 gr,"€3,49/un","€34,90/lt"
Brinquedo para Ave Espelho Flor,Riga,1 un,"€2,29/un","€2,29/un"
Barrita para Canario Fruta,Vitakraft,1 un,"€2,19/un","€2,19/un"
Comida para Ave Papa para Crias,Continente,emb. 750 gr,"€4,09/un","€5,45/kg"
Areia para Gaiolas Anisada,Continente,"emb. 1,5 kg","€2,19/un","€2,19/un"
Sacos Higiénicos para Cão,Continente,emb. 4 x 15 un,"€1,49/un","€0,02/un"
Tapete Educação para Cão 60 x 45 cm,Continente,emb. 12 un,"€7,99/un","€7,99/un"
Limpa Tapetes e Estofos Espuma Pet Expert,Vanish,emb. 600 ml,"€5,84/un","€9,73/lt"
Limpa Carpetes Spray Oxy Action Pet,Vanish,emb. 750 ml,"€6,49/un","€8,65/lt"
Homegard Spray,Frontline,emb. 250 ml,"€34,99/un","€34,99/un"
Difusor Feliway,Feliway,1 un,"€34,50/un","€34,50/un"
Resguardo Dashi Forest Pad 60x80 cm,Dashi,emb. 30 un,"€19,99/un","€19,99/un"
Máquina de Tosquiar para Cão,Artero,1 un,"€21,99/un","€21,99/un"
Perfume para Cão Júnior,Artero,1 un,"€22,59/un","€251,00/lt"
Champô para Cão/Gato Calm,Duoxo S3,emb. 200 ml,"€23,80/un","€119,00/lt"
Suplemento para Cão/Gato em Pó,Plaque Off,emb. 60 gr,"€19,99/un","€333,17/kg"
Lava Chão para Cão e Gato Antibacteriano,Pet Wash,"emb. 1,5 lt","€4,59/un","€3,06/lt"
Suplemento Dermoscent Essential 6 Spot on Cães 10-20 kg,Campifarma,emb. 4 pipetas,"€20,79/un","€20,79/un"
Creme Cicatrizante para Cão e Gato,Omnimatrix,emb. 20 gr,"€14,09/un","€704,50/lt"
Toalhitas para Cão Pele e Pelo Pack Poupança,Continente,emb. 2x42 un,"€6,49/un","€0,15/un"
Champô Seco para Cão,Artero,1 un,"€20,29/un","€67,63/lt"
Suplemento Dermoscent Essential 6 Spot on Gatos,Campifarma,emb. 4 pipetas,"€17,89/un","€17,89/un"
Champô Seco para Cão,Biogance,emb. 150 ml,"€15,29/un","€101,93/lt"
Sacos Higiénicos,Trixie,emb. 4 x 20 un,"€3,19/un","€3,19/un"
Champô para Gato,Continente,emb. 150 ml,"€2,69/un","€17,93/lt"
Tapetes Higiénicos para Cão Extra Absorvente 60 x 90 cm,Farm Company,emb. 10 un,"€8,39/un","€8,39/un"
Champô Pyo,Duoxo S3,emb. 200 ml,"€19,20/un","€96,00/lt"
Suplemento para Cão Óleo Salmão,Healsty,emb. 250 ml,"€10,99/un","€43,96/lt"
Toalhitas para Cão Fragância Talco,PetShine,40 un,"€4,49/un","€4,49/un"
Champô para Cão Hidratante,Artero,emb. 250 ml,"€14,29/un","€57,16/lt"
Resguardo Dashi Forest Pad 60x40 cm,Dashi,emb. 30 un,"€11,49/un","€11,49/un"
Sacos Higiénicos 46x59 cm,Trixie,emb. 10 un,"€2,99/un","€2,99/un"
Rolo Removedor de Pelos,Scotch-Brite,emb. 30 folhas,"€4,99/un","€4,99/un"
Champô para Cão Vitalizante,Artero,emb. 250 ml,"€14,29/un","€57,16/lt"
Toalhitas para Cão Pele e Pelo,Continente,emb. 42 un,"€2,99/un","€0,12/un"
WeSkin Spray Antisético,Wepharm,emb. 100 ml,"€9,40/un","€94,00/lt"
Rolo Removedor de Pelos,Scotch-Brite,emb. 56 folhas + 33% folhas grátis,"€6,19/un","€6,19/un"
Champô para Cão 2 em 1 Alecrim,Continente,emb. 250 ml,"€2,69/un","€10,76/lt"
Champô para Cão Anti-Comichão Alecrim,Continente,emb. 250 ml,"€2,69/un","€10,76/lt"
Toalhitas Higiénicas para Cão Clorexidina,Farm Company,emb. 40 un,"€5,09/un","€5,09/un"
Champô para Cão Júnior,Biogance,emb. 250 ml,"€11,99/un","€47,96/lt"
Alicate para Cão L,Mpets,1 un,"€11,79/un","€11,79/un"
Champô para Cão Júnior Tília Suave,Continente,emb. 250 ml,"€2,87/un","€11,48/lt"
Corta Unhas para Gato,Artero,1 un,"€6,59/un","€6,59/un"
Lava Chão para Cão e Gato,Arbo,emb. 2 lt,"€4,59/un","€2,30/lt"
Toalhitas Higiénicas para Cão Talco,Natural Dermo Pet,emb. 35 un,"€4,89/un","€4,89/un"
Espuma de Limpeza para Cão e Gato,Continente,emb. 150 ml,"€3,39/un","€22,60/lt"
Recarga para Rolo Removedor de Pelos,Scotch-Brite,emb. 48 folhas,"€4,99/un","€4,99/un"
Luva para Cão Cuidado do Pelo,Trixie,1 un,"€6,99/un","€6,99/un"
Champô para Cão Júnior,Animology,1 un,"€8,99/un","€35,96/lt"
Pasta para Gato Bolas Pelo Defurr-UM,Vetoquinol,emb. 70 gr,"€10,50/un","€150,00/kg"
U-vita Gel Oral Suplemento Vitamínico Gatos,Campifarma,emb. 50 gr,"€13,49/un","€269,80/kg"
"Escova de Borrada para Cão e Gato 21 x 3,5 cm",Pawise,1 un,"€4,49/un","€4,49/un"
Sacos Higiénicos 40x50 cm,Riga,emb. 10 un,"€1,79/un","€1,79/kg"
Lava Chão Cão/Gato Pet Wash Multisuperficies,Pet Wash,emb. 1 lt,"€2,99/un","€2,99/lt"
Dispensador de Sacos Higiénicos para Cão,Continente,emb. 2 x 15 un,"€1,99/un","€1,99/un"
Toalhitas para Cão Higiénicas Clorexidina,Vetfield,emb. 40 un,"€4,49/un","€4,49/un"
Lava Chão para Cão Acqua Marina,Sanilove,"emb. 1,5 lt","€5,49/un","€3,66/lt"
Toalhitas Higiénicas para Cão Aloé Vera,Natural Dermo Pet,emb. 35 un,"€4,89/un","€4,89/un"
Recarga para Rolo Removedor de Pelos,Scotch-Brite,emb. 30 folhas,"€3,99/un","€3,99/un"
Toalhitas Higiénicas para Cão Aloé Vera e Talco,Farm Company,emb. 40 un,"€5,09/un","€5,09/un"
Lava Chão para Cão Fruit Time,Sanilove,"emb. 1,5 lt","€5,49/un","€3,66/lt"
Tesoura para Gato,Mpets,1 un,"€7,49/un","€7,49/un"
Toalhitas para Cão Higiénicas Talco,Vetfield,emb. 40 un,"€4,49/un","€4,49/un"
Toalhitas para Cão Higiénicas Bio Mirra,Vetfield,emb. 30 un,"€4,49/un","€14,97/kg"
"Pente para Cão e Gato 21x13,5 cm",Pawise,1 un,"€4,29/un","€4,29/un"
Cardadeira para Cão/Gato Médio 17x11cm,Pawise,1 un,"€5,49/un","€5,49/un"
Cama Absorvente para Cão Júnior 40x60cm,Trixie,emb. 7 un,"€4,99/un","€4,99/un"
Pente para Cão Anti Pulga,Mpets,1 un,"€7,29/un","€7,29/un"
Adaptil para Cão Recarga 30 Dias,Ceva,emb. 48 ml,"€28,80/un","€600,00/lt"
WeSkin Creme Reparador Cicatrizante,Wepharm,emb. 30gr.,"€14,60/un","€486,67/kg"
WeSkin Champô Fisiológico,Wepharm,emb. 200 ml,"€18,40/un","€92,00/lt"
Mousse Calm,Duoxo S3,emb. 150 ml,"€27,40/un","€182,67/lt"
Coleira Adaptil para Cão Júnior e Adulto Mini 45 cm,Ceva,1 un,"€29,90/un","€29,90/un"
WeDerm Solução Oral,Wepharm,emb. 100 ml,"€28,70/un","€287,00/lt"
Champô Zincoseb,Calier,emb. 250 ml,"€20,70/un","€82,80/lt"
Champô para Cão,Animology,1 un,"€8,99/un","€35,96/lt"
Luva Borracha para Cão,Mpets,1 un,"€20,99/un","€20,99/un"
Cardadeira Ponta Protegida Pequena,Artero,1 un,"€8,99/un","€8,99/un"
Escova Dupla Face,Mpets,1 un,"€12,79/un","€12,79/un"
Escova Mpets com Pinos,Mpets,1 un,"€10,59/un","€10,59/un"
Dermoscent Sunfree - Protector solar FPS 30,Campifarma,emb. 30 ml,"€17,49/un","€583,00/lt"
"Ancinho para Cão e Gato 15x7,5 cm",Pawise,1 un,"€5,39/un","€5,39/un"
Cardeira Oval S,Mpets,1 un,"€9,19/un","€9,19/un"
Toalhitas para Cão e Gato Olhos e Ouvidos Chá Verde,Continente,emb. 42 un,"€2,99/un","€0,07/un"
Ancinho para Cão e Gato L 15x11 cm,Pawise,1 un,"€6,19/un","€6,19/un"
Cardeira Oval L,Mpets,1 un,"€10,19/un","€10,19/un"
Escova para Cão Médio 16 cm,Beeztees,1 un,"€6,99/un","€6,99/un"
Ampola Antiparasitária para Gato 40,Advantage,4 un,"€18,99/un","€18,99/un"
Toalhitas para Cão Malva com Óleo Jojoba Orgânico,Farm Company,1 un,"€4,99/un","€4,99/un"
Escova para Cão Combo S,Mikki Bamboo,1 un,"€9,99/un","€9,99/un"
Corta Unhas para Cão Pequeno 10 cm,Beeztees,1 un,"€6,49/un","€6,49/un"
Corta Unhas Grande,Artero,1 un,"€11,59/un","€11,59/un"
Escova para Gato Undercoat Short Hair L,Furminator,1 un,"€36,99/un","€36,99/un"
Fraldas para Cão S,Beeztees,1 un,"€13,59/un","€13,59/un"
Escova para Gato Undercoat Long Hair L,Furminator,1 un,"€36,99/un","€36,99/un"
Champô para Gato Pêssego,Animology,emb. 250 ml,"€8,99/un","€8,99/un"
Cardadeira com Dentes Protegidos Grande,Weego,1 un,"€9,19/un","€9,19/un"
Cuecas para Cão M,Beeztees,1 un,"€4,99/un","€4,99/un"
Acondicionador Flash,Artero,1 un,"€22,99/un","€76,63/lt"
Escova Cão Undercoat Long Hair M,Furminator,1 un,"€42,99/un","€42,99/un"
Corta Unhas Pequeno,Weego,1 un,"€7,29/un","€99,86/kg"
Champô para Cao Artero Relax,Artero,250 ml,"€18,29/un","€73,16/lt"
Escova para Cão Pequeno 16 cm,Beeztees,1 un,"€6,69/un","€6,69/un"
Suplemento para Gato Pele e Pelo,Purina Pro Plan,emb. 150 ml,"€14,99/un","€99,93/lt"
Spray Desembar Pelo Matt-X,Artero,1 un,"€26,29/un","€87,63/lt"
Pipeta Antiparasitário para Gato Combo Spot On,Frontline,emb. 6 un,"€33,30/un","€33,30/un"
Pipeta Antiparasitária para Cão >25kG 4*4ml,Advantix,emb. 4 x 4ml,"€31,89/un","€31,89/un"
Coleira Antiparasitária 65 cm,Scalibor,1 un,"€22,29/un","€22,29/un"
Pipeta Antiparasitária para Gato Combo,Frontline,3 un,"€21,99/un","€21,99/un"
Cuecas para Cão S,Beeztees,1 un,"€4,49/un","€4,49/un"
Pente para Cão Nti Embaraçado Médio,Mikki Bamboo,1 un,"€11,49/un","€11,49/un"
Dispensador para Sacos Dejetos Cinza,Beeztees,emb. 2 x 20 un,"€4,49/un","€4,49/un"
Champô 4Cats,Artero,emb. 250 ml,"€14,29/un","€57,16/lt"
Champô Seco para Cão Mucky Pup,Animology,emb. 250 ml,"€8,99/un","€8,99/un"
Fraldas para Cão XS,Beeztees,1 un,"€13,59/un","€13,59/un"
Dispensador para Sacos Dejetos Pretos + 2 rolos,Beeztees,1 un,"€4,49/un","€4,49/un"
Suplemento para Cão Mobilidade,Purina Pro Plan,emb. 120 gr,"€54,99/un","€785,57/kg"
Suplemento para Gato Multivitaminas,Purina Pro Plan,emb. 60 gr,"€19,99/un","€333,17/kg"
Escova para Cão Cerdas Metalicas S,Mikki Bamboo,1 un,"€8,49/un","€8,49/un"
Pipeta Antiparasitária para Cão Combo S 2-10kg,Frontline,3 un,"€21,39/un","€21,39/un"
Pipeta Antiparasitária para Cão Combo XL 40-60kg,Frontline,3 un,"€30,29/un","€30,29/un"
Escova Deslanador para Remoção Pelo,Artero,1 un,"€28,99/un","€28,99/un"
Escova Furminator para Cão Long Hair S,Furminator,1 un,"€34,99/un","€34,99/un"
Cardadeira com Dentes Protegidos Média,Weego,1 un,"€8,79/un","€8,79/lt"
Pipeta Antiparasitária para Gato 4kg,Advantage,"emb. 4 x 0,4 ml","€19,99/un","€19,99/un"
Coleira Antiparasitária 48 cm,Scalibor,1 un,"€21,29/un","€21,29/un"
Pipeta Antiparasitária para Cão 4-10kg,Advantix,emb. 4x1ml,"€29,19/un","€29,19/un"
Tapete Treino para Cão Júnior Tamanho M,Beeztees,1 un,"€10,49/un","€10,49/un"
Champô para Cao Artero Bye-Bye,Artero,250 ml,"€16,29/un","€65,16/lt"
Pensos Higiénicos M,Trixie,1 un,"€2,39/un","€2,39/un"
Escova para Cão Cerdas Suaves L,Mikki Bamboo,1 un,"€9,99/un","€9,99/un"
Manopla para Cão Vermelha,Artero,1 un,"€9,29/un","€9,29/un"
Corta Unhas Grande,Weego,1 un,"€10,39/un","€88,80/kg"
Rolo 15 Sacos Hig Bio,Farm Company,1 un,"€0,99/un","€0,99/un"
Suplemento para Cão Relax,Purina Pro Plan,emb. 250 ml,"€29,99/un","€119,96/lt"
Suplemento para Cão Pele e Pelo,Purina Pro Plan,emb. 250 ml,"€16,99/un","€67,96/lt"
Pente paar Cão Anti Embaraçado Fino,Mikki Bamboo,1 un,"€11,49/un","€11,49/un"
Escova Ergo-Dual para Cão,Bogadent,1 un,"€7,49/un","€7,49/un"
Pipeta Antiparasitária para Cão até 4kg,Advantix,"emb. 4 x 0,4 ml","€27,09/un","€27,09/un"
Coleira Antiparasitária para Gato,Seresto,1 un,"€33,69/un","€33,69/un"
Cardadeira Grande,Artero,1 un,"€10,49/un","€10,49/un"
Pente paar Cão Anti Embaraçado Largo,Mikki Bamboo,1 un,"€11,49/un","€11,49/un"
Escova para Cão Combo L,Mikki Bamboo,1 un,"€12,99/un","€12,99/un"
Luva Tira Pelos Menta,Beeztees,1 un,"€15,99/un","€15,99/un"
Cardadeira Pequena,Artero,1 un,"€9,49/un","€9,49/un"
Suplemento para Cão Mobilidade,Purina Pro Plan,emb. 60 gr,"€29,99/un","€428,43/kg"
Pipeta Antiparasitária para Cão M 10 - 20 kg,Frontline,3 un,"€26,90/un","€26,90/un"
Pipeta Antiparasitária para Cão Combo M 10-20kg,Frontline,3 un,"€24,09/un","€24,09/un"
Pipeta Antiparasitária para Cão Combo L - 20-40kg,Frontline,3 un,"€26,39/un","€26,39/un"
Acondicionador para Recons Pelo Keratin,Artero,100 ml,"€18,59/un","€185,90/lt"
Sacos Dejetos para Cão,Beeztees,emb. 2 x 20 un,"€2,49/un","€2,49/un"
Corta Unhas para Cão Pequeno,Artero,1 un,"€7,99/un","€7,99/un"
"Pensos Higiénicos XS,S, M",Trixie,1 un,"€1,59/un","€1,59/un"
Saco Higiénico para Cão Reciclável,Mimau,emb. 3 x 20 un,"€1,59/un","€1,59/un"
Coleira Antiparasitária para Cão até 8 kg,Seresto,1 un,"€33,69/un","€33,69/un"
Pipeta Antiparasitária para Cão 10-25kg,Advantix,"emb. 4x2,5ml","€30,29/un","€30,29/un"
Escova para Cão Mao Cerdas Metalicas,Mikki Bamboo,1 un,"€11,49/un","€11,49/un"
Fraldas Descartaveis para Cão M-L,Trixie,1 un,"€11,29/un","€11,29/un"
Champô para Cão Animology Hair,Animology,1 un,"€8,99/un","€8,99/un"
Acondicionador para Cão,Animology,emb. 250 ml,"€8,99/un","€8,99/un"
Sacos para Dejetos Preto/Cinza,Beeztees,emb. 4 x 20 un,"€3,29/un","€3,29/un"
Fraldas para Cão Descartável S-M,Trixie,12 un,"€9,49/un","€9,49/un"
Escova Furminator para Cão Short Hair M,Furminator,1 un,"€42,99/un","€42,99/un"
Acondicionador Pelo Protein,Artero,1 un,"€18,59/un","€185,90/lt"
Escova Furminator para Cão Short Hair L,Furminator,1 un,"€54,99/un","€54,99/un"
Cardadeira com Dentes Protegidos Pequena,Weego,1 un,"€7,79/un","€95,00/kg"
Pensos Higienicos L/XL,Trixie,1 un,"€2,99/un","€2,99/un"
Coleira Antiparasitária para Cão > 8kg,Seresto,1 un,"€39,69/un","€39,69/un"
Cardadeira para Cão Média,Mikki Bamboo,1 un,"€13,99/un","€13,99/un"
Fraldas para Cão M,Beeztees,1 un,"€13,59/un","€13,59/un"
Dispensador de Sacos Higiénicos para Cão Smileypoo,Farm Company,emb. 20 un,"€5,69/un","€5,69/un"
Elixir para Cão Higiene Oral,Bogadent,emb 250 ml,"€17,99/un","€71,96/kg"
Fraldas Descartaveis para Cão S-M,Trixie,1 un,"€10,29/un","€10,29/un"
Suplemento para Cão Pele e Pelo,Purina Pro Plan,emb. 500 ml,"€32,99/un","€65,98/lt"
Pipeta Antiparasitária para Gato,Frontline,1 un,"€12,39/un","€12,39/un"
Champô para Cão Animology White,Animology,1 un,"€8,99/un","€8,99/un"
Pente para Cão Anti Pulgas,Mikki Bamboo,1 un,"€11,49/un","€11,49/un"
Champô para Cão Animology Derma,Animology,1 un,"€8,99/un","€8,99/un"
Elixir Higiene Oral para Gato,Bogadent,emb 250 ml,"€16,99/un","€67,96/lt"
Escova Furminator para Gato Long Hair S,Furminator,1 un,"€34,99/un","€34,99/un"
"Corta Unhas para Cão Pequeno 13,5 cm",Beeztees,1 un,"€7,99/un","€7,99/un"
Champô Seco para Gato Glamour Pêssego,Animology,emb. 250 ml,"€8,99/un","€8,99/un"
Champô para Cão Júnior,Artero,emb. 250 ml,"€13,29/un","€53,16/lt"
Escova para Cão Cerdas Suaves S,Mikki Bamboo,1 un,"€7,49/un","€7,49/un"
Cardadeira para Cão Grande,Mikki Bamboo,1 un,"€15,49/un","€15,49/un"
Cardadeira para Cão Pequena,Mikki Bamboo,1 un,"€12,99/un","€12,99/un"
Escova para Cão Dupla Face Tamanho S,Beeztees,1 un,"€7,99/un","€7,99/un"
Escova para Cão Cerdas Metalicas L,Mikki Bamboo,1 un,"€11,49/un","€11,49/un"
Pente Lacrimal / Anti - Pulgas,Artero,1 un,"€7,29/un","€7,29/un"
Champô para Cão Fox Poo,Animology,emb. 250 ml,"€8,99/un","€8,99/un"
Perfume Violet,Artero,1 un,"€22,59/un","€251,00/lt"
Dedeira Silicone para Cão,Bogadent,1 un,"€9,19/un","€9,19/un"
Creme Dental para Cão,Bogadent,emb. 100 gr,"€7,89/un","€78,90/kg"
Suplemento para Gato Defesas,Purina Pro Plan,emb. 60 gr,"€19,99/un","€333,17/kg"
Operação de Salvamento de Animais Selvagens - 60302,LEGO City,,"€89,99/un","€89,99/un"
Porsche 911 RSR - 42096,LEGO Technic,,"€229,99/un","€229,99/un"
Caixa de Peças - 10913,LEGO Duplo,,"€29,99/un","€29,99/un"
Monster Jam Megalodon - 42134,LEGO Technic,,"€19,99/un","€19,99/un"
Ford Mustang Shelby GT500 - 42138,LEGO Technic,,"€49,99/un","€49,99/un"
Placas de Estrada - 60304,LEGO City,,"€19,99/un","€19,99/un"
Monster Jam Grave Digger - 42118,LEGO Technic,,"€19,99/un","€19,99/un"
Carregadora Telescópica - 42133,LEGO Technic,,"€9,99/un","€9,99/un"
O Mech Ninja do Lloyd - 71757,LEGO Ninjago,,"€9,99/un","€9,99/un"
Monster Jam El Toro Loco - 42135,LEGO Technic,,"€19,99/un","€19,99/un"
Veículo de Exploração Lunar - 60348,LEGO City,,"€34,99/un","€34,99/un"
Fórmula E Porsche 99X Electric - 42137,LEGO Technic,,"€49,99/un","€49,99/un"
Dia de Escola - 60329,LEGO City,,"€59,99/un","€59,99/un"
Avião de Corrida - 42117,LEGO Technic,,"€9,99/un","€9,99/un"
Ambulância da Clínica Veterinária - 41694,LEGO Friends,,"€9,99/un","€9,99/un"
Dragão Trovão EVO do Jay - 71760,LEGO Ninjago,,"€19,99/un","€19,99/un"
Quartel dos Bombeiros - 60320,LEGO City,,"€59,99/un","€59,99/un"
Sapadores Bombeiros - 60321,LEGO City,,"€99,99/un","€99,99/un"
Parque de Recreio para Animais - 41698,LEGO Friends,,"€19,99/un","€19,99/un"
Estação Espacial Lunar - 60349,LEGO City,,"€59,99/un","€59,99/un"
Carro da Polícia - 60312,LEGO City,,"€9,99/un","€9,99/un"
Carro de Corrida EVO do Lloyd - 71763,LEGO Ninjago,,"€29,99/un","€29,99/un"
Cuidar dos Animais da Quinta - 10949,LEGO Duplo,,"€9,99/un","€9,99/un"
Cabeleireiro Móvel para Gatos - 41439,LEGO Friends,,"€9,99/un","€9,99/un"
Queda de Água na Floresta - 41677,LEGO Friends,,"€9,99/un","€9,99/un"
Bolsa Grande Azul 60 Peças,Mega Bloks,,"€19,99/un","€19,99/un"
Veículo de Proteção das Tartarugas - 41697,LEGO Friends,,"€9,99/un","€9,99/un"
Posto de Nadadores - Salvadores na Praia - 60328,LEGO City,,"€29,99/un","€29,99/un"
Treino Ninja Spinjitzu do Lloyd - 70689,LEGO Ninjago,,"€9,99/un","€9,99/un"
Carro Elétrico da Olivia - 41443,LEGO Friends,,"€14,99/un","€14,99/un"
Camião de Testes Mercedes-Benz Zetros 4x4 - 42129,LEGO Technic,,"€329,99/un","€329,99/un"
Treino Ninja Spinjitzu do Jay - 70690,LEGO Ninjago,,"€9,99/un","€9,99/un"
Treino Ninja Spinjitzu do Kai - 70688,LEGO Ninjago,,"€9,99/un","€9,99/un"
Hospital - 60330,LEGO City,,"€99,99/un","€99,99/un"
Mech Power Up EVO do Zane - 71761,LEGO Ninjago,,"€9,99/un","€9,99/un"
X-1 Ninja Charger - 71737,LEGO Ninjago,,"€49,99/un","€49,99/un"
Esquadra da Polícia - 60316,LEGO City,,"€64,99/un","€64,99/un"
Criaturas do Fundo do Mar - 31088,LEGO Creator,,"€14,99/un","€14,99/un"
O ElectroMech de Jay - 71740,LEGO Ninjago,,"€19,99/un","€19,99/un"
Banho Divertido: Comboio de Animais - 10965,LEGO Duplo,,"€19,99/un","€19,99/un"
Caixa Grande de Peças Criativas - 10698,LEGO Classic,,"€49,99/un","€49,99/un"
Templo de Dojo Ninja - 71767,LEGO Ninjago,,"€99,99/un","€99,99/un"
Land Rover Defender - 42110,LEGO Technic,,"€199,99/un","€199,99/un"
Barraquinhas Mágicas da Feira Popular - 41687,LEGO Friends,,"€29,99/un","€29,99/un"
Unicórnio - 10953,LEGO Duplo,,"€9,99/un","€9,99/un"
Carro de Corrida - 60322,LEGO City,,"€9,99/un","€9,99/un"
Ida ao Médico - 10968,LEGO Duplo,,"€19,99/un","€19,99/un"
Edifício de Rua Principal - 41704,LEGO Friends,,"€159,99/un","€159,99/un"
Paris - 21044,LEGO Architecture,,"€49,99/un","€49,99/un"
Hydro Bounty - 71756,LEGO Ninjago,,"€149,99/un","€149,99/un"
Helicóptero de Combate ao Fogo - 60318,LEGO City,,"€9,99/un","€9,99/un"
Salvamento dos Bombeiros e Perseguição Policial - 60319,LEGO City,,"€29,99/un","€29,99/un"
Peças Criativas - 10692,LEGO Classic,,"€14,99/un","€14,99/un"
Mota da Polícia - 10967,LEGO Duplo,,"€9,99/un","€9,99/un"
Koenigsegg Jesko - 76900,LEGO Speed Champions,,"€19,99/un","€19,99/un"
Casa da Floresta - 41679,LEGO Friends,,"€29,99/un","€29,99/un"
Reboque para Trabalhos Pesados - 42128,LEGO Technic,,"€179,99/un","€179,99/un"
Batmobile do Batman - 42127,LEGO Technic,,"€119,99/un","€119,99/un"
Mercado de Comida de Rua - 41701,LEGO Friends,,"€49,99/un","€49,99/un"
Treino de Cavalos e Reboque - 41441,LEGO Friends,,"€29,99/un","€29,99/un"
Aventuras com Mario: Pack Inicial - 71360,LEGO Super Mario,,"€69,99/un","€69,99/un"
Hora do Banho Divertido: Panda Vermelho - 10964,LEGO Duplo,,"€9,99/un","€9,99/un"
Bonsai - 10281,LEGO Creator,,"€49,99/un","€49,99/un"
Mala Criativa - 10713,LEGO Classic,,"€19,99/un","€19,99/un"
Centro de Treino Ninja - 71764,LEGO Ninjago,,"€39,99/un","€39,99/un"
Dragão do Fogo EVO do Kai - 71762,LEGO Ninjago,,"€29,99/un","€29,99/un"
Camião dos Bombeiros com Escada - 60280,LEGO City,,"€19,99/un","€19,99/un"
Grua Móvel - 60324,LEGO City,,"€44,99/un","€44,99/un"
Acrobacias Mágicas - 41686,LEGO Friends,,"€19,99/un","€19,99/un"
Clínica Veterinária - 41695,LEGO Friends,,"€19,99/un","€19,99/un"
Camião Betoneira - 60325,LEGO City,,"€19,99/un","€19,99/un"
Comboio de Mercadorias - 10875,LEGO Duplo,,"€129,99/un","€129,99/un"
Helicóptero da Polícia - 60275,LEGO City,,"€9,99/un","€9,99/un"
Spider-Man no Laboratório de Doc Ock - 10783,LEGO Spidey,,"€29,99/un","€29,99/un"
Pousada da Raposa - 21178,LEGO Minecraft,,"€19,99/un","€19,99/un"
A Casa Cogumelo - 21179,LEGO Minecraft,,"€19,99/un","€19,99/un"
Trator - 60287,LEGO City,,"€19,99/un","€19,99/un"
A Porta Mágica do António - 43200,LEGO Disney,,"€19,99/un","€19,99/un"
Carrinha de Gelados - 60253,LEGO City,,"€19,99/un","€19,99/un"
Hogwarts: Erro de Poção Polissuco - 76386,LEGO Harry Potter,,"€19,99/un","€19,99/un"
A Porta Mágica da Isabela - 43201,LEGO Disney,,"€19,99/un","€19,99/un"
Mota de Acrobacias Fire - 60311,LEGO City,,"€7,99/un","€7,99/un"
Perseguição Policial no Banco - 60317,LEGO City,,"€99,99/un","€99,99/un"
Comboio de Animais - 10955,LEGO Duplo,,"€19,99/un","€19,99/un"
Centro de Adoção de Animais - 41699,LEGO Friends,,"€29,99/un","€29,99/un"
O Dragão Lendário do Lloyd - 71766,LEGO Ninjago,,"€64,99/un","€64,99/un"
Bolsa Grande Rosa 60 Peças,Mega Bloks,,"€19,99/un","€19,99/un"
Starter Pack Princesa: Set Adicional - 70504,Playmobil,,"€6,59/un","€6,59/un"
Violet Vale - Mágico do Ar - 70749,Playmobil,,"€11,99/un","€11,99/un"
Dinossauros Ferozes - 31058,LEGO Creator,,"€14,99/un","€14,99/un"
Combate ao Fogo com Helicóptero - 60248,LEGO City,,"€19,99/un","€19,99/un"
Avião de Acrobacias - 60323,LEGO City,,"€9,99/un","€9,99/un"
Pátio do Castelo da Elsa - 43199,LEGO Disney,,"€9,99/un","€9,99/un"
Transporte de Helicóptero da Polícia - 60244,LEGO City,,"€39,99/un","€39,99/un"
Mota de Acrobacias Selfie - 60309,LEGO City,,"€7,99/un","€7,99/un"
Comando Móvel da Polícia - 60315,LEGO City,,"€44,99/un","€44,99/un"
Corrida Aérea - 60260,LEGO City,,"€23,99/un","€23,99/un"
Moto-Quatro de Salvamento de Animais - 60300,LEGO City,,"€9,99/un","€9,99/un"
"Placas, Tijolos e Peças - 11717",LEGO Classic,,"€79,99/un","€79,99/un"
Comboio a Vapor - 10874,LEGO Duplo,,"€64,99/un","€64,99/un"
Casa de Família - 60291,LEGO City,,"€49,99/un","€49,99/un"
Casa da Árvore da Amizade - 41703,LEGO Friends,,"€79,99/un","€79,99/un"
Mota de Acrobacias Chicken - 60310,LEGO City,,"€7,99/un","€7,99/un"
Café Biológico de Heartlake City - 41444,LEGO Friends,,"€29,99/un","€29,99/un"
Montanha-Russa Mágica da Feira Popular - 41685,LEGO Friends,,"€99,99/un","€99,99/un"
A Perseguição de Mota de Batman e Selina - 76179,LEGO Batman,,"€14,99/un","€14,99/un"
Caixa Média de Peças Criativas - 10696,LEGO Classic,,"€29,99/un","€29,99/un"
Ataque do Dragão do Fogo - 71753,LEGO Ninjago,,"€49,99/un","€49,99/un"
Mota - 42132,LEGO Technic,,"€9,99/un","€9,99/un"
Casa Flutuante do Canal - 41702,LEGO Friends,,"€74,99/un","€74,99/un"
A Torre de Astronomia de Hogwarts - 75969,LEGO Harry Potter,,"€99,99/un","€99,99/un"
Batmobile da Série de TV Clássica Batman - 76188,LEGO Batman,,"€34,99/un","€34,99/un"
Dom's Dodge Charger - 42111,LEGO Technic,,"€119,99/un","€119,99/un"
Avião de Passageiros - 60262,LEGO City,,"€99,99/un","€99,99/un"
Voo Final do Barco do Destino - 71749,LEGO Ninjago,,"€39,99/un","€39,99/un"
Caixa de Peças Deluxe - 10914,LEGO Duplo,,"€49,99/un","€49,99/un"
O Grande Hotel de Heartlake City - 41684,LEGO Friends,,"€99,99/un","€99,99/un"
Lamborghini Sián Fkp 37 - 42115,LEGO Technic,,"€449,99/un","€449,99/un"
Manopla do Infinito - 76191,LEGO Marvel,,"€109,99/un","€109,99/un"
Esquadra da Polícia e Helicóptero - 10959,LEGO Duplo,,"€49,99/un","€49,99/un"
BMW M 1000 RR - 42130,LEGO Technic,,"€249,99/un","€249,99/un"
Camião Do Alfabeto - 10915,LEGO Duplo,,"€29,99/un","€29,99/un"
Visita à Aldeia Hogsmeade - 76388,LEGO Harry Potter,,"€89,99/un","€89,99/un"
Confronto de Camiões Hulk vs. Rhino - 10782,LEGO Spidey,,"€19,99/un","€19,99/un"
Placa de Construção Azul - 10714,LEGO Classic,,"€8,99/un","€8,99/un"
O Estábulo de Gelo da Elsa e do Nokk - 43209,LEGO Disney,,"€14,99/un","€14,99/un"
Miles Morales: Techno Trike de Spider-Man - 10781,LEGO Spidey,,"€9,99/un","€9,99/un"
Ford F-150 Raptor - 42126,LEGO Technic,,"€139,99/un","€139,99/un"
Hovercraft de Resgate - 42120,LEGO Technic,,"€29,99/un","€29,99/un"
Transporte de Helicóptero de Salvamento - 60343,LEGO City,,"€29,99/un","€29,99/un"
Peças e Casas - 11008,LEGO Classic,,"€19,99/un","€19,99/un"
Armadura Mech de Wolverine - 76202,LEGO Marvel,,"€9,99/un","€9,99/un"
Assalto Aéreo dos Eternals - 76145,LEGO Marvel,,"€9,99/un","€9,99/un"
Pack City Police - 66682,LEGO City,,"€31,99/un","€31,99/un"
Veículo de Plantação de Árvores - 41707,LEGO Friends,,"€29,99/un","€29,99/un"
Casa e Café da Minnie - 10942,LEGO Duplo,,"€49,99/un","€49,99/un"
Quadro de Mensagens - 41951,LEGO Dots,,"€19,99/un","€19,99/un"
O País Encantado do Gelo da Anna e da Elsa - 43194,LEGO Disney,,"€44,99/un","€44,99/un"
Crocodilo - 31121,LEGO Creator,,"€36,99/un","€36,99/un"
Momento Hogwarts - Aula de Defesa - 76397,LEGO Harry Potter,,"€29,99/un","€29,99/un"
Glamping na Praia - 41700,LEGO Friends,,"€39,99/un","€39,99/un"
O Entreposto Comercial - 21167,LEGO Minecraft,,"€22,99/un","€22,99/un"
Mech Ninja Ultra Combo - 71765,LEGO Ninjago,,"€119,99/un","€119,99/un"
Parque de Diversões - 10956,LEGO Duplo,,"€129,99/un","€129,99/un"
Vespa 125 - 10298,LEGO Icons,,"€99,99/un","€99,99/un"
O Portal em Ruínas - 21172,LEGO Minecraft,,"€29,99/un","€29,99/un"
O Rancho do Coelho - 21181,LEGO Minecraft,,"€34,99/un","€34,99/un"
Detenção Policial na Autoestrada - 60242,LEGO City,,"€15,99/un","€15,99/un"
À Volta do Mundo - 11015,LEGO Classic,,"€49,99/un","€49,99/un"
Templo do Mar Infinito - 71755,LEGO Ninjago,,"€109,99/un","€109,99/un"
Centro da Cidade - 60292,LEGO City,,"€99,99/un","€99,99/un"
Missão de Assistência a Satélite - 60224,LEGO City,,"€7,99/un","€7,99/un"
Ataque ao Esconderijo de Spider-Man - 76175,LEGO Marvel,,"€79,99/un","€79,99/un"
Cavalariça - 21171,LEGO Minecraft,,"€19,99/un","€19,99/un"
O Mandalorian e Baby Yoda - 75317,LEGO Star Wars,,"€19,99/un","€19,99/un"
Parque de Acrobacias - 60293,LEGO City,,"€29,99/un","€29,99/un"
Estátua da Liberdade - 21042,LEGO Architecture,,"€99,99/un","€99,99/un"
Estacionamento e Lavagem Automática - 10948,LEGO Duplo,,"€99,99/un","€99,99/un"
Quartel dos Bombeiros e Helicóptero - 10970,LEGO Duplo,,"€99,99/un","€99,99/un"
Camião e Escavadora de Lagartas - 10931,LEGO Duplo,,"€19,99/un","€19,99/un"
Base de Construção Cinzenta - 10701,LEGO Classic,,"€14,99/un","€14,99/un"
Invasor Ultrassónico - 71739,LEGO Ninjago,,"€89,99/un","€89,99/un"
Ferrari 488 GTE AF Corse #51 - 42125,LEGO Technic,,"€199,99/un","€199,99/un"
Set de Expansão: Carro Palhaço do Bowser Jr. - 71396,LEGO Super Mario,,"€9,99/un","€9,99/un"
Perseguição Policial de Carro dos Gelados - 60314,LEGO City,,"€29,99/un","€29,99/un"
"Celeiro, Trator e Cuidar dos Animais da Quinta - 10952",LEGO Duplo,,"€69,99/un","€69,99/un"
Batalha Naval de Catamarã - 71748,LEGO Ninjago,,"€69,99/un","€69,99/un"
Cidade de Nova Iorque - 21028,LEGO Architecture,,"€49,99/un","€49,99/un"
Hogwarts Ala Hospitalar - 76398,LEGO Harry Potter,,"€59,99/un","€59,99/un"
Adidas Originals Superstar - 10282,LEGO Icons,,"€89,99/un","€89,99/un"
Singapura - 21057,LEGO Architecture,,"€59,99/un","€59,99/un"
Pack Inicial - Aventuras com Luigi - 71387,LEGO Super Mario,,"€69,99/un","€69,99/un"
Figura de Iron Man - 76206,LEGO Marvel,,"€44,99/un","€44,99/un"
Hora do Banho Divertido: Ilha de Animais - 10966,LEGO Duplo,,"€44,99/un","€44,99/un"
Buquê de Flores - 10280,LEGO Creator,,"€59,99/un","€59,99/un"
Minions e o seu Covil Construídos com Peças - 75551,LEGO Minions,,"€49,99/un","€49,99/un"
Espírito de Fogo dos Bandidos de Burnham - 70227,Playmobil,,"€5,99/un","€5,99/un"
Violet Vale - Veículo de Captura de Demónios - 70748,Playmobil,,"€16,79/un","€16,79/un"
A Carruagem Real da Cinderela - 43192,LEGO Disney,,"€39,99/un","€39,99/un"
Tanque de Assalto Blindado - 75283,LEGO Star Wars,,"€39,99/un","€39,99/un"
Autocarro do Aeroporto - 6773,Playmobil,,"€22,99/un","€22,99/un"
Batmobile: A Perseguição do Penguin - 76181,LEGO Batman,,"€29,99/un","€29,99/un"
Caravana Mágica - 41688,LEGO Friends,,"€49,99/un","€49,99/un"
Set de Expansão: A Casa do Mario e do Yoshi - 71367,LEGO Super Mario,,"€29,99/un","€29,99/un"
Momento Hogwarts: Aula de Transfiguração - 76382,LEGO Harry Potter,,"€29,99/un","€29,99/un"
Safari Casa na Árvore - 31116,LEGO Creator,,"€29,99/un","€29,99/un"
Avião e Aeroporto - 10961,LEGO Duplo,,"€29,99/un","€29,99/un"
Transporte Escolar - 9419,Playmobil,,"€39,99/un","€39,99/un"
Carros de Corrida - 10947,LEGO Duplo,,"€49,99/un","€49,99/un"
Microfighter The Razor Crest- 75321,LEGO Star Wars,,"€9,99/un","€9,99/un"
Polícia Marítima e Missão de Combate ao Fogo - 60308,LEGO City,,"€39,99/un","€39,99/un"
"Bruni a Salamandra, Personagem para Construir - 43186",LEGO Disney,,"€10,39/un","€10,39/un"
Pack de Batalha Snowtrooper - 75320,LEGO Star Wars,,"€19,99/un","€19,99/un"
Pack de Combate AT-AT e Tauntaun - 75298,LEGO Star Wars,,"€19,99/un","€19,99/un"
Veículo Transformável Comandado por App - 42140,LEGO Technic,,"€149,99/un","€149,99/un"
Criaturas Imaginárias da Floresta - 31125,LEGO Creator,,"€14,99/un","€14,99/un"
Pack Power-Up - Mario Sapo - 71392,LEGO Super Mario,,"€9,99/un","€9,99/un"
Bulldozer - 10930,LEGO Duplo,,"€9,99/un","€9,99/un"
A Câmara dos Segredos de Hogwarts - 76389,LEGO Harry Potter,,"€199,99/un","€199,99/un"
Escavadora para Trabalhos Pesados - 42121,LEGO Technic,,"€39,99/un","€39,99/un"
Casa da Praia de Surfista - 31118,LEGO Creator,,"€49,99/un","€49,99/un"
Music World: Starleen - 70582,Playmobil,,"€6,00/un","€6,00/un"
A Casa do Porco - 21170,LEGO Minecraft,,"€49,99/un","€49,99/un"
Stuntshow Monster Truck Horned - 70549,Playmobil,,"€57,99/un","€57,99/un"
Confronto com Gargantos - 76205,LEGO Marvel,,"€29,99/un","€29,99/un"
A Torre Aérea - 21173,LEGO Minecraft,,"€59,99/un","€59,99/un"
A Caixa de Crafting 3.0 - 21161,LEGO Minecraft,,"€79,99/un","€79,99/un"
O Ataque de Illager - 21160,LEGO Minecraft,,"€69,99/un","€69,99/un"
O Meu 1º Comboio - 70179,Playmobil,,"€59,99/un","€59,99/un"
O Palácio Subaquático da Ariel - 43207,LEGO Disney,,"€99,99/un","€99,99/un"
Batcave: O Confronto com o Riddler - 76183,LEGO Batman,,"€69,99/un","€69,99/un"
Jeep Wrangler - 42122,LEGO Technic,,"€49,99/un","€49,99/un"
A Batalha do Guardião - 21180,LEGO Minecraft,,"€22,99/un","€22,99/un"
Frozen: Castelo de Gelo - 10899,LEGO Duplo,,"€49,99/un","€49,99/un"
AT-ST de Hoth- 75322,LEGO Star Wars,,"€49,99/un","€49,99/un"
A Torre da Rapunzel - 43187,LEGO Disney,,"€64,99/un","€64,99/un"
Espetáculo Acrobático: Camião e Moto - 42106,LEGO Technic,,"€43,99/un","€43,99/un"
Set de Expansão: Praia da Dorrie - 71398,LEGO Super Mario,,"€29,99/un","€29,99/un"
Combate de Kung Fu de Minions - 75550,LEGO Classic,,"€39,99/un","€39,99/un"
Os Campos de Treino - 21183,LEGO Minecraft,,"€64,99/un","€64,99/un"
Set de Expansão: Passeio de Praia do Ouriço Gigante - 71400,LEGO Super Mario,,"€59,99/un","€59,99/un"
O X-Wing Fighter de Luke Skywalker - 75301,LEGO Star Wars,,"€49,99/un","€49,99/un"
Centro Hípico da Floresta - 41683,LEGO Friends,,"€74,99/un","€74,99/un"
Maleta Infantário - 70399,Playmobil,,"€44,99/un","€44,99/un"
Chopper da Selva de Lloyd - 71745,LEGO Ninjago,,"€19,99/un","€19,99/un"
Estábulos Reais da Bela e Rapunzel - 43195,LEGO Disney,,"€49,99/un","€49,99/un"
Helicóptero de Resgate - 70048,Playmobil,,"€44,99/un","€44,99/un"
Leão Selvagem - 31112,LEGO Creator,,"€14,99/un","€14,99/un"
Imperial TIE Fighter - 75300,LEGO Star Wars,,"€44,99/un","€44,99/un"
Hogwarts: Encontro com Fluffy - 76387,LEGO Harry Potter,,"€49,99/un","€49,99/un"
O Comboio de Aniversário do Mickey e da Minnie - 10941,LEGO Duplo,,"€34,99/un","€34,99/un"
A Aventura de Jasmine e Mulan - 43208,LEGO Disney,,"€44,99/un","€44,99/un"
Pack Creator - 66683,LEGO Creator,,"€31,99/un","€31,99/un"
Parque Infantil de Aventuras - 70281,Playmobil,,"€39,99/un","€39,99/un"
Maleta Quinta - 6962,Playmobil,,"€44,99/un","€44,99/un"
O Livro de Aventuras da Elsa e do Nokk - 43189,LEGO Disney,,"€19,99/un","€19,99/un"
Momento Hogwarts - Aula de Adivinhação - 76396,LEGO Harry Potter,,"€29,99/un","€29,99/un"
Helicóptero de Resgate dos Bombeiros - 60281,LEGO City,,"€29,99/un","€29,99/un"
A Emboscada do Deviant! - 76154,LEGO Marvel,,"€19,99/un","€19,99/un"
Peças e Rodas - 11014,LEGO Classic,,"€49,99/un","€49,99/un"
Foguetão Espacial do Mickey Mouse e da Minnie Mouse - 10774,LEGO Disney,,"€19,99/un","€19,99/un"
Microfighter Millennium Falcon - 75295,LEGO Star Wars,,"€9,99/un","€9,99/un"
Cofre Infantário - 70308,Playmobil,,"€13,19/un","€13,19/un"
Banana Fofinha - Porta-Canetas (41948),LEGO Dots,,"€19,99/un","€19,99/un"
Gelataria da Minnie Mouse - 10773,LEGO Disney,,"€19,99/un","€19,99/un"
Stuntshow Kart Bombeiro - 70554,Playmobil,,"€14,99/un","€14,99/un"
Pátio do Castelo da Anna - 43198,LEGO Disney,,"€9,99/un","€9,99/un"
Centro Comercial de Heartlake City - 41450,LEGO Friends,,"€99,99/un","€99,99/un"
Peças Transparentes Criativas - 11013,LEGO Classic,,"€34,99/un","€34,99/un"
Barco Pirata - 31109,LEGO Creator,,"€129,99/un","€129,99/un"
"O Livro de Histórias e Aventuras de Ariel, Bela, Cinderela e Tiana - 43193",LEGO Disney,,"€24,99/un","€24,99/un"
Arca Mágica de Hogwarts - 76399,LEGO Harry Potter,,"€64,99/un","€64,99/un"
Expresso de Hogwarts - 75955,LEGO Harry Potter,,"€89,99/un","€89,99/un"
A Nave dos Guardiões - 76193,LEGO Marvel,,"€159,99/un","€159,99/un"
Saqueador Imperial com Armadura - 75311,LEGO Star Wars,,"€39,99/un","€39,99/un"
Momento Hogwarts: Aula de Poções - 76383,LEGO Harry Potter,,"€36,99/un","€36,99/un"
Grua de Torre e Construção - 10933,LEGO Duplo,,"€129,99/un","€129,99/un"
A Casa da Árvore Moderna - 21174,LEGO Minecraft,,"€119,99/un","€119,99/un"
Yoda - 75255,LEGO Star Wars,,"€119,99/un","€119,99/un"
Peças e Funções - 11019,LEGO Classic,,"€34,99/un","€34,99/un"
Imperial Probe Droid - 75306,LEGO Star Wars,,"€69,99/un","€69,99/un"
Tigre Majestoso - 31129,LEGO Creator,,"€49,99/un","€49,99/un"
O Combate Final dos Vingadores: Endgame - 76192,LEGO Marvel,,"€89,99/un","€89,99/un"
Set de Expansão: Entrada da Luigi's Mansion - 71399,LEGO Super Mario,,"€39,99/un","€39,99/un"
Espetáculo de Veículos de Acrobacias - 60294,LEGO City,,"€59,99/un","€59,99/un"
Roda-Gigante e Escorrega - 41689,LEGO Friends,,"€59,99/un","€59,99/un"
Iron Man: A Ameaça de Iron Monger - 76190,LEGO Marvel,,"€39,99/un","€39,99/un"
Laboratório de Mecânica - Monster Truck,Clementoni,,"€24,99/un","€24,99/un"
Escola de Heartlake City - 41682,LEGO Friends,,"€69,99/un","€69,99/un"
A Bela e o Castelo do Monstro - 43196,LEGO Disney,,"€99,99/un","€99,99/un"
Floresta - Autocaravana e Barco à Vela - 41681,LEGO Friends,,"€49,99/un","€49,99/un"
Set de Expansão Aeronave do Bowser - 71391,LEGO Super Mario,,"€99,99/un","€99,99/un"
Disney's Mickey Mouse - 31202,LEGO Art,,"€119,99/un","€119,99/un"
Vaivém de Ataque The Bad Batch - 75314,LEGO Star Wars,,"€99,99/un","€99,99/un"
Capitã Carter e o Hydra Stomper - 76201,LEGO Marvel,,"€29,99/un","€29,99/un"
The Eternals na Sombra de Arishem - 76155,LEGO Marvel,,"€69,99/un","€69,99/un"
Diversão Criativa no Oceano - 11018,LEGO Classic,,"€19,99/un","€19,99/un"
"As Criações Encantadas de Aurora, Merida e Tiana - 43203",LEGO Disney,,"€72,99/un","€72,99/un"
Todo-o-Terreno para Salvamento de Animais Selvagens - 60301,LEGO City,,"€44,99/un","€44,99/un"
Mopar Dodge//SRT Top Fuel Dragster e 1970 Dodge Challenger T/A - 76904,LEGO Speed Champions,,"€59,99/un","€59,99/un"
4 Privet Drive - 75968,LEGO Harry Potter,,"€79,99/un","€79,99/un"
Cinema de Heartlake City - 41448,LEGO Friends,,"€49,99/un","€49,99/un"
Set de Expansão: O mundo aéreo do Lakitu - 71389,LEGO Super Mario,,"€23,99/un","€23,99/un"
Arena de Espetáculo de Acrobacias - 60295,LEGO City,,"€99,99/un","€99,99/un"
Iron Man Sakaariano de Tony Stark - 76194,LEGO Marvel,,"€34,99/un","€34,99/un"
James Bond Aston Martin DB5 – Edição Goldfinger,Playmobil,,"€47,99/un","€47,99/un"
A Ascensão dos Domo - 76156,LEGO Marvel,,"€99,99/un","€99,99/un"
Duelo em Mandalore - 75310,LEGO Star Wars,,"€19,99/un","€19,99/un"
Set de Expansão: O Desafio das Plantas Piranha - 71382,LEGO Super Mario,,"€23,99/un","€23,99/un"
Harry Potter Hogwarts Brasões - 31201,LEGO Art,,"€119,99/un","€119,99/un"
Set de Expansão Torre bamboleante do Mano Sumo Boss - 71388,LEGO Super Mario,,"€29,99/un","€29,99/un"
Carro de Corrida de Rua - 31127,LEGO Creator,,"€19,99/un","€19,99/un"
Mega Playset Polícia,Brick & Fun,,"€59,99/un","€59,99/un"
Set de Expansão: Luigi's Mansion - Lab e Poltergust - 71397,LEGO Super Mario,,"€24,99/un","€24,99/un"
Competição de Acrobacias - 60299,LEGO City,,"€19,99/un","€19,99/un"
Star Trek - U.S.S. Enterprise NCC-1701 - 70548,Playmobil,,"€250,00/un","€250,00/un"
Campo de Futebol,Brick & Fun,,"€19,99/un","€19,99/un"
Bicicleta da Polícia: Perseguição ao Ladrão de Carteiras - 70573,Playmobil,,"€12,99/un","€12,99/un"
Kit de Festa Criativo - 41926,LEGO Dots,,"€24,99/un","€24,99/un"
Equipa de Corrida,Brick & Fun,,"€39,99/un","€39,99/un"
Pizzaria - 70336,Playmobil,,"€44,99/un","€44,99/un"
Back to the Future Parte II - Perseguição de Skate - 70634,Playmobil,,"€20,00/un","€20,00/un"
Maleta Clínica Veterinária - 70146,Playmobil,,"€44,99/un","€44,99/un"
Camião e Quartel de Bombeiros do Mickey - 10776,LEGO Disney,,"€49,99/un","€49,99/un"
Estábulo de Cavalos e Cuidar dos Póneis - 10951,LEGO Duplo,,"€29,99/un","€29,99/un"
Balista de Água de Novelmore - 70224,Playmobil,,"€14,99/un","€14,99/un"
Polícia: Fugir da prisão - 70568,Playmobil,,"€29,99/un","€29,99/un"
Millennium Falcon - 75257,LEGO Star Wars,,"€169,99/un","€169,99/un"
Base de Pesquisa Lunar - 60350,LEGO City,,"€99,99/un","€99,99/un"
Trator Agrícola e Cuidar dos Animais - 10950,LEGO Duplo,,"€19,99/un","€19,99/un"
Shopping,Brick & Fun,,"€39,99/un","€39,99/un"
Veículo Todo-o-Terreno - 42139,LEGO Technic,,"€89,99/un","€89,99/un"
Veículo Todo-o-Terreno da Polícia: Perseguição do Ladrão de Tesouros - 70570,Playmobil,,"€29,99/un","€29,99/un"
Carro Desportivo - 31100,LEGO Creator,,"€9,99/un","€9,99/un"
Helicóptero da Polícia: Perseguição em Paraquedas - 70569,Playmobil,,"€47,99/un","€47,99/un"
Fuga de Barco do Dinossauro Baryonyx - 76942,LEGO Jurassic World,,"€79,99/un","€79,99/un"
Ducati Panigale V4 R - 42107,LEGO Technic,,"€69,99/un","€69,99/un"
Torre do Relógio de Hogwarts - 75948,LEGO Harry Potter,,"€99,99/un","€99,99/un"
Set de Expansão O Derrube dos Reznors - 71390,LEGO Super Mario,,"€41,99/un","€41,99/un"
Zeppelin Novelmore de Dario - 70642,Playmobil,,"€44,99/un","€44,99/un"
O Combate do Robô Titã de Zane - 71738,LEGO Ninjago,,"€64,99/un","€64,99/un"
Ação - Avião/Reboque Kart (vários modelos),Brick & Fun,,"€9,99/un","€9,99/un"
Aventura no Vaivém Espacial - 31117,LEGO Creator,,"€49,99/un","€49,99/un"
Porsche 911 GT3 Cup - 70764,Playmobil,,"€59,99/un","€59,99/un"
Batmobile Tumbler - 76240,LEGO Batman,,"€269,99/un","€269,99/un"
Volkswagen T1 Camping Bus - 70176,Playmobil,,"€59,99/un","€59,99/un"
Transportador de Carros - 60305,LEGO City,,"€36,99/un","€36,99/un"
Violet Vale - Portal do Demónio,Playmobil,,"€40,79/un","€40,79/un"
Helicóptero dos Bombeiros e Carro da Polícia - 10957,LEGO Duplo,,"€9,99/un","€9,99/un"
Mala Arca de Noé - 6765,Playmobil,,"€39,99/un","€39,99/un"
Comic World: Viona - 70473,Playmobil,,"€8,99/un","€8,99/un"
Set de Expansão: O Pântano Venenoso da Lagartola - 71383,LEGO Super Mario,,"€35,99/un","€35,99/un"
Janta com Shaggy - 70363,Playmobil,,"€17,99/un","€17,99/un"
Templo do Tempo - 70223,Playmobil,,"€34,99/un","€34,99/un"
Stuntshow Monster Truck Shark- 70550,Playmobil,,"€57,99/un","€57,99/un"
Transportador de Carros de Corrida - 31113,LEGO Creator,,"€24,99/un","€24,99/un"
Pteranodon: Ataque do Ar,Playmobil,,"€20,99/un","€20,99/un"
Music World: Viona - 70581,Playmobil,,"€6,00/un","€6,00/un"
Loucura na Chegada,Brick & Fun,,"€9,99/un","€9,99/un"
Saichania: Defesa do Lutador,Playmobil,,"€67,99/un","€67,99/un"
Music World: Clare - 70583,Playmobil,,"€6,00/un","€6,00/un"
Carros Corrida (vários modelos),Brick & Fun,,"€7,99/un","€7,99/un"
Music World: Rosalee - 70580,Playmobil,,"€6,00/un","€6,00/un"
Music World: Edwina - 70584,Playmobil,,"€8,99/un","€8,99/un"
Monster Jam Max-D - 42119,LEGO Technic,,"€19,99/un","€19,99/un"
Dragão de Água - 71754,LEGO Ninjago,,"€79,99/un","€79,99/un"
Exposição de Fóssil do Dinossauro T-Rex - 76940,LEGO Jurassic World,,"€29,99/un","€29,99/un"
Spinosaurus: Duplo Poder de Defesa,Playmobil,,"€59,99/un","€59,99/un"
Piloto Minion em Formação - 75547,LEGO Minions,,"€34,99/un","€34,99/un"
Monstros Criativos - 11017,LEGO Classic,,"€9,99/un","€9,99/un"
Fuga do Dinossauro Stygimoloch - 76939,LEGO Jurassic World,,"€39,99/un","€39,99/un"
Triceratops: Batalha pelas Pedras Lendárias,Playmobil,,"€49,99/un","€49,99/un"
Mega Pack de Adornos de Mala - Mensagens (41949),LEGO Dots,,"€29,99/un","€29,99/un"
Unicorn DJ BeatBox - 43106,LEGO Vidiyo,,"€10,00/un","€10,00/un"
Duelo de Drones do Spider-Man - 76195,LEGO Marvel,,"€19,99/un","€19,99/un"
Cofre da Polícia - 70306,Playmobil,,"€13,19/un","€13,19/un"
Party Llama BeatBox - 43105,LEGO Vidiyo,,"€10,00/un","€10,00/un"
Navio Pirata com Motor Subaquático - 70151,Playmobil,,"€23,39/un","€23,39/un"
Set de Expansão: Luigi's Mansion - Esconde e Assombra - 71401,LEGO Super Mario,,"€79,99/un","€79,99/un"
Jato Dragão Dourado do Zane - 71770,LEGO Ninjago,,"€29,99/un","€29,99/un"
Camião dos Bombeiros - 10901,LEGO Duplo,,"€15,99/un","€15,99/un"
Barco de Resgate dos Bombeiros - 70147,Playmobil,,"€39,99/un","€39,99/un"
Cidade Verde - Quinta Vultiva e Protege,Mega Bloks,,"€24,99/un","€24,99/un"
A Sala do Trono do Boba Fett - 75326,LEGO Star Wars,,"€99,99/un","€99,99/un"
Spider-Man e Amigos: Aventura na Feira Popular - 10963,LEGO Duplo,,"€59,99/un","€59,99/un"
Creche para Cães - 41691,LEGO Friends,,"€15,99/un","€15,99/un"
Set de Oferta Alimentar os Coelhos - 70675,Playmobil,,"€9,99/un","€9,99/un"
Set de Expansão - Ilha do Grande Mal - 71412,LEGO Super Mario,,"€44,99/un","€44,99/un"
Fuga de Dinossauro T-Rex - 76944,LEGO Jurassic World,,"€49,99/un","€49,99/un"
Batalha Zurg - 76831,LEGO Disney,,"€34,99/un","€34,99/un"
Carris para Comboio - 10882,LEGO Duplo,,"€19,99/un","€19,99/un"
Agulhas - 60238,LEGO City,,"€19,99/un","€19,99/un"
A Aventura em Barco à Vela da Stephanie - 41716,LEGO Friends,,"€44,99/un","€44,99/un"
O Meu Café - 70015,Playmobil,,"€41,99/un","€41,99/un"
Cidade Verde - Autocarro Elétrico,Mega Bloks,,"€19,99/un","€19,99/un"
Apresentação da Rainha Watevra - 70824,LEGO Movie,,"€15,99/un","€15,99/un"
Set de Expansão: Confronto na Selva com a Corrente Dentada - 71381,LEGO Super Mario,,"€19,99/un","€19,99/un"
Walker AT-TE - 75337,LEGO Star Wars,,"€139,99/un","€139,99/un"
Animais Selvagens do Mundo - 10975,LEGO Duplo,,"€129,99/un","€129,99/un"
O Templo do Rei dos Cristais - 71771,LEGO Ninjago,,"€79,99/un","€79,99/un"
Starter Pack Novelmore: Set Adicional - 70503,Playmobil,,"€6,59/un","€6,59/un"
Starter Pack Quinta de Cavalos: Set Adicional - 70505,Playmobil,,"€6,59/un","€6,59/un"
Moto da Polícia: Perseguição do Ladrão de Dinheiro - 70572,Playmobil,,"€19,99/un","€19,99/un"
Cofre Aventura Pirata - 70506,Playmobil,,"€22,99/un","€22,99/un"
A Nave Sustar de Sweet Mayhem - 70830,LEGO Movie,1 un,"€59,99/un","€59,99/un"
Loja de Brinquedos da Cidade - 31105,LEGO Creator,,"€31,99/un","€31,99/un"
Avião a Hélice - 31099,LEGO Creator,,"€7,99/un","€7,99/un"
1959 Mini Cooper - 70921,Playmobil,,"€74,99/un","€74,99/un"
Golfinho e Tartaruga - 31128,LEGO Creator,,"€9,99/un","€9,99/un"
Starship de Boba Fett - 75312,LEGO Star Wars,,"€49,99/un","€49,99/un"
Starter Pack - Stuntshow Quad com Rampa de Fogo,Playmobil,,"€19,99/un","€19,99/un"
BD-1 (75335),LEGO Star Wars,,"€99,99/un","€99,99/un"
McLaren Elva - 76902,LEGO Speed Champions,,"€19,99/un","€19,99/un"
Imperial Shuttle - 75302,LEGO Star Wars,,"€79,99/un","€79,99/un"
Back to the Future DeLorean - 70317,Playmobil,,"€59,99/un","€59,99/un"
Animais Selvagens da América do Sul - 10973,LEGO Duplo,,"€49,99/un","€49,99/un"
Carrossel Aquático - 70268,Playmobil,,"€27,99/un","€27,99/un"
Piquenique no Parque - 60326,LEGO City,,"€14,99/un","€14,99/un"
Carro da Polícia - 70899,Playmobil,,"€24,99/un","€24,99/un"
Sensações de Verão Multipack - 41937,LEGO Dots,,"€29,99/un","€29,99/un"
Super Robô - 31124,LEGO Creator,,"€9,99/un","€9,99/un"
Blocos Coloridos,Play to Grow,,"€14,99/un","€14,99/un"
Ação Policial Apanha o Ladrão! - 70918,Playmobil,,"€16,99/un","€16,99/un"
Jipe de Assistência dos Bombeiros - 60279,LEGO City,,"€9,99/un","€9,99/un"
Autocaravana Familiar - 70088,Playmobil,,"€62,99/un","€62,99/un"
Capacete do Mandaloriano - 75328,LEGO Star Wars,,"€69,99/un","€69,99/un"
Emboscada de Triceratops com Carrinha Pick-up - 76950,LEGO Jurassic World,,"€49,99/un","€49,99/un"
Sanctum Sanctorum - 76218,LEGO Marvel,,"€249,99/un","€249,99/un"
Jato Supersónico - 31126,LEGO Creator,,"€19,99/un","€19,99/un"
A Carrinha de Gelados - 41715,LEGO Friends,,"€19,99/un","€19,99/un"
A Quinta das Abelhas - 21165,LEGO Minecraft,,"€19,99/un","€19,99/un"
Set de Expansão: Power Slide da Planta Piranha - 71365,LEGO Super Mario,,"€23,99/un","€23,99/un"
Starter Pack Batalha pelo Tesouro dos Cavaleiros - 70036,Playmobil,,"€8,39/un","€8,39/un"
Airbus H175 Helicóptero de Resgate - 42145,LEGO Technic,,"€209,99/un","€209,99/un"
A Aldeia do Lama - 21188,LEGO Minecraft,,"€129,99/un","€129,99/un"
Starter Pack Pediatra - 70818,Playmobil,,"€19,99/un","€19,99/un"
Quadro de Mensagens Grande - 41952,LEGO Dots,,"€39,99/un","€39,99/un"
Camião do Lixo e Reciclagem - 10945,LEGO Duplo,,"€19,99/un","€19,99/un"
O Camião de Acrobacias de El Fuego -70421,LEGO Hidden Side,1 un,"€22,50/un","€22,50/un"
O Goat Boat - 76208,LEGO Marvel,,"€59,99/un","€59,99/un"
Creche para Animais de Estimação - 41718,LEGO Friends,,"€64,99/un","€64,99/un"
Camião dos Bombeiros - 10969,LEGO Duplo,,"€29,99/un","€29,99/un"
Set de Expansão - Castelo da Peach - 71408,LEGO Super Mario,,"€129,99/un","€129,99/un"
Aventura da Elsa no Mercado - 41155,LEGO Disney,,"€15,99/un","€15,99/un"
Set de Expansão - O Sapato de Goomba - 71404,LEGO Super Mario,,"€9,99/un","€9,99/un"
Corridas - Speed Quad - 71093,Playmobil,,"€9,99/un","€9,99/un"
Café Pónei - 70519,Playmobil,,"€34,99/un","€34,99/un"
007 Aston Martin DB5 - 76911,LEGO Speed Champions,,"€24,99/un","€24,99/un"
Eu sou o Groot - 76217,LEGO Marvel,,"€49,99/un","€49,99/un"
Avioneta Tiger - 70902,Playmobil,,"€19,99/un","€19,99/un"
Pizaria de Heartlake City - 41705,LEGO Friends,,"€14,99/un","€14,99/un"
Mota de Acrobacias - Reckless Scorpion - 60332,LEGO City,,"€7,99/un","€7,99/un"
Arena de Acrobacias com Loop Duplo - 60339,LEGO City,,"€149,99/un","€149,99/un"
Quartel General de Spider-Man - 10940,LEGO Duplo,,"€29,99/un","€29,99/un"
Missões de Investigação da Polícia Marítima - 60355,LEGO City,,"€29,99/un","€29,99/un"
Mech de Exploração Mineira Espacial - 31115,LEGO Creator,,"€24,99/un","€24,99/un"
A Floresta Proibida: O Encontro de Umbridge - 75967,LEGO Harry Potter,,"€23,99/un","€23,99/un"
Set de Expansão: Fortaleza Guardada - 71362,LEGO Super Mario,,"€39,99/un","€39,99/un"
Carros de Corrida - 60256,LEGO City,,"€19,99/un","€19,99/un"
Carro Desportivo - 60285,LEGO City,,"€7,99/un","€7,99/un"
Tenda na Natureza - 41392,LEGO Friends,,"€23,99/un","€23,99/un"
Bolsa Grande Azul 80 Peças,Mega Bloks,,"€24,99/un","€24,99/un"
Estábulo para o Banho dos Póneis - 41696,LEGO Friends,,"€9,99/un","€9,99/un"
Todo-o-Terreno Dragão do Cole - 71769,LEGO Ninjago,,"€44,99/un","€44,99/un"
The Justifier - 75323,LEGO Star Wars,,"€199,99/un","€199,99/un"
Veículo Blindado - 9371,Playmobil,,"€29,99/un","€29,99/un"
Camião com Garagem - 70184,Playmobil,,"€29,99/un","€29,99/un"
Skate Park - 70168,Playmobil,,"€39,99/un","€39,99/un"
Controlo Policial - 6924,Playmobil,,"€10,79/un","€10,79/un"
Capacete de Luke Skywalker - 75327,LEGO Star Wars,,"€69,99/un","€69,99/un"
Aston Martin Valkyrie AMR Pro e Aston Martin Vantage GT3 - 76910,LEGO Speed Champions,,"€44,99/un","€44,99/un"
Resgate - Speed Quad - 71091,Playmobil,,"€9,99/un","€9,99/un"
Camião do Lixo com Luzes - 70885,Playmobil,,"€32,99/un","€32,99/un"
Dinossauro Atrociraptor: Perseguição de Mota - 76945,LEGO Jurassic World,,"€19,99/un","€19,99/un"
Moto de Água com Barco Banana - 70906,Playmobil,,"€14,99/un","€14,99/un"
Simulacro de Incêndio - 70907,Playmobil,,"€14,99/un","€14,99/un"
Fast & Furious 1970 Dodge Charger R/T - 76912,LEGO Speed Champions,,"€24,99/un","€24,99/un"
Buldózer Cat D11 Comandado por App - 42131,LEGO Technic,,"€499,99/un","€499,99/un"
O Galinheiro - 60344,LEGO City,,"€9,99/un","€9,99/un"
Calendário do Advento - 60352,LEGO City,,"€24,99/un","€24,99/un"
Placa de Construção Cinzenta - 11024,LEGO Classic,,"€14,99/un","€14,99/un"
Value Pack LEGO City Stuntz - 66731,LEGO City,,"€56,99/un","€56,99/un"
McLaren Senna GTR - 42123,LEGO Technic,,"€49,99/un","€49,99/un"
Casa da Família - 70129,Playmobil,,"€49,99/un","€49,99/un"
Parque de Skate - 60290,LEGO City,,"€23,99/un","€23,99/un"
Pack Power Up Mario Abelha - 71393,LEGO Super Mario,,"€9,99/un","€9,99/un"
Uncle Rob: Armamento para a Batalha,Playmobil,,"€22,99/un","€22,99/un"
Volkswagen Beetle - 70177,Playmobil,,"€49,99/un","€49,99/un"
Armadura Mech do Pantera Negra - 76204,LEGO Marvel,,"€9,99/un","€9,99/un"
Ação Resgaste dos Bombeiros - 70917,Playmobil,,"€16,99/un","€16,99/un"
Depósito de Armas de Iron Man - 76216,LEGO Marvel,,"€89,99/un","€89,99/un"
Missão de Vaivém Espacial - 10944,LEGO Duplo,,"€19,99/un","€19,99/un"
Camião de Diversões da Viagem Espacial - 60313,LEGO City,,"€52,99/un","€52,99/un"
Mickey e Amigos Defensores do Castelo - 10780,LEGO Disney,,"€49,99/un","€49,99/un"
Transporte de Piroraptor e de Dilofossauro - 76951,LEGO Jurassic World,,"€49,99/un","€49,99/un"
Horizon Forbidden West: Pescoçudo - 76989,LEGO Icons,,"€89,99/un","€89,99/un"
A Diversão no Castelo da Anna e do Olaf - 43204,LEGO Disney,,"€34,99/un","€34,99/un"
Missões de Exploração com Nave Espacial em Marte - 60354,LEGO City,,"€29,99/un","€29,99/un"
Camião do Lixo - 6774,Playmobil,,"€16,99/un","€16,99/un"
Aríete do Fogo dos Bandidos de Burnham - 70393,Playmobil,,"€20,99/un","€20,99/un"
Soldados Clone da 501st Legion - 75280,LEGO Star Wars,,"€29,99/un","€29,99/un"
Escavadora de Construção Civil - 60252,LEGO City,,"€15,99/un","€15,99/un"
Festa de Aniversário Criativa - 10958,LEGO Duplo,,"€47,99/un","€47,99/un"
Manuseador de Material - 42144,LEGO Technic,,"€119,99/un","€119,99/un"
"A Mina ""Abandonada"" - 21166",LEGO Minecraft,,"€22,99/un","€22,99/un"
Set de Oferta Mergulhadora de Tesouros - 70678,Playmobil,,"€9,99/un","€9,99/un"
Polícia Mochila Propulsora: Detenção do Ladrão de Arte - 70782,Playmobil,,"€19,99/un","€19,99/un"
Grande Parque de Diversões - 70558,Playmobil,,"€47,99/un","€47,99/un"
Passeio com Póneis Play Map - 9331,Playmobil,,"€11,99/un","€11,99/un"
Carruagem Unicórnio com Pégaso - 7100,Playmobil,,"€26,99/un","€26,99/un"
Quinta com Criação de Pequenos Animais - 70887,Playmobil,,"€54,99/un","€54,99/un"
Parque Aquático - 41720,LEGO Friends,,"€59,99/un","€59,99/un"
Orquídea - 10311,LEGO Icons,,"€49,99/un","€49,99/un"
Mercedes-Benz 300 SL - 70922,Playmobil,,"€74,99/un","€74,99/un"
Astérix: A Caça ao Javali - 71160,Playmobil,,"€19,99/un","€19,99/un"
O Ultra-Dragão Dourado do Lloyd - 71774,LEGO Ninjago,,"€149,99/un","€149,99/un"
Chevrolet Corvette C8.R Race Car e 1968 Chevrolet Corvette - 76903,LEGO Speed Champions,,"€39,99/un","€39,99/un"
1.2.3 Escorrega de Água - 70270,Playmobil,,"€17,99/un","€17,99/un"
Boutique de Moda Móvel - 41719,LEGO Friends,,"€9,99/un","€9,99/un"
O Desafio Acrobático com Lâminas - 60340,LEGO City,,"€19,99/un","€19,99/un"
Diversão na Praia dos Surfistas - 41710,LEGO Friends,,"€29,99/un","€29,99/un"
Mota de Acrobacias Touring - 60331,LEGO City,,"€7,99/un","€7,99/un"
O Celeiro e os Animais da Quinta - 60346,LEGO City,,"€49,99/un","€49,99/un"
A Creche dos Pandas - 21158,LEGO Minecraft,,"€19,99/un","€19,99/un"
Frozen: A Criação de Guarda-Joias da Elsa - 41168,LEGO Disney,,"€39,99/un","€39,99/un"
Dragão da Selva - 71746,LEGO Ninjago,,"€39,99/un","€39,99/un"
Set de Combate Épico: Kai vs Skulkin - 71730,LEGO Ninjago,,"€7,99/un","€7,99/un"
Capacete de Boba Fett - 75277,LEGO Star Wars,,"€59,99/un","€59,99/un"
Quartel dos Bombeiros - 60215,LEGO City,,"€51,99/un","€51,99/un"
1970 Ferrari 512 M - 76906,LEGO Speed Champions,,"€24,99/un","€24,99/un"
O Ministério da Magia - 76403,LEGO Harry Potter,,"€99,99/un","€99,99/un"
Bolsa Grande Rosa 80 Peças,Mega Bloks,,"€24,99/un","€24,99/un"
O Castelo de Gelo - 21186,LEGO Minecraft,,"€49,99/un","€49,99/un"
Stuntshow Oficina - 70552,Playmobil,,"€27,99/un","€27,99/un"
Pick-Up com Moto 4 - 4228,Playmobil,,"€39,99/un","€39,99/un"
Super Cenário Construção,Brick & Fun,,"€39,99/un","€39,99/un"
Carro com Reboque para Cavalo - 70181,Playmobil,,"€26,99/un","€26,99/un"
Mega Set de Polícia - 9372,Playmobil,,"€64,99/un","€64,99/un"
Pack de Batalha Mandalorian - 75267,LEGO Star Wars,,"€11,99/un","€11,99/un"
O Rei dos Cristais - 71772,LEGO Ninjago,,"€64,99/un","€64,99/un"
Autocarro da Amizade - 41395,LEGO Friends,,"€69,99/un","€69,99/un"
X-Wing da Resistência - 75297,LEGO Star Wars,,"€19,99/un","€19,99/un"
Hidroavião da Polícia - 9436,Playmobil,,"€29,99/un","€29,99/un"
Hora de Construção Criativa - 10978,LEGO Duplo,,"€44,99/un","€44,99/un"
Caixa de Designer Criativo - 41938,LEGO Dots,,"€39,99/un","€39,99/un"
Lancha Com Motor Subaquático - 70744,Playmobil,,"€29,99/un","€29,99/un"
Back to the Future A Pick-up do Marty - 70633,Playmobil,,"€38,99/un","€38,99/un"
Soft Clemmy - Quinta Sensorial,Clementoni,,"€32,99/un","€32,99/un"
A Carruagem e os Thestrals de Hogwarts - 76400,LEGO Harry Potter,,"€19,99/un","€19,99/un"
A Mercearia - 60347,LEGO City,,"€59,99/un","€59,99/un"
Set de Expansão Torre Congelada e Fato de Peach Gata - 71407,LEGO Super Mario,,"€69,99/un","€69,99/un"
A Loja de Noodles do Centro da Cidade - 31131,LEGO Creator,,"€44,99/un","€44,99/un"
Agente Secreto com Racer - 9252,Playmobil,,"€27,99/un","€27,99/un"
Fuga dos Dinossauros Atrociraptor e T-Rex - 76948,LEGO Jurassic World,,"€99,99/un","€99,99/un"
Veículo de Emergência Ambulância - 70916,Playmobil,,"€37,99/un","€37,99/un"
Academia Espacial da Olivia - 41713,LEGO Friends,,"€69,99/un","€69,99/un"
"Diversão na Feira com Mickey, Minnie e Pateta - 10778",LEGO Disney,,"€29,99/un","€29,99/un"
Missão Planetária de Buzz Lightyear -10962,LEGO Duplo,,"€34,99/un","€34,99/un"
Esquadra da Polícia com Prisão - 6919,Playmobil,,"€99,99/un","€99,99/un"
Quartel dos Bombeiros - 10903,LEGO Duplo,,"€43,99/un","€43,99/un"
Astérix - Panoramix com o Caldeirão da Poção Mágica (70933),Playmobil,,"€26,99/un","€26,99/un"
A Mota Dragão Dourado do Jay - 71768,LEGO Ninjago,,"€19,99/un","€19,99/un"
Armadura Mech de Iron Man - 76203,LEGO Marvel,,"€9,99/un","€9,99/un"
Aventura Familiar com Autocaravana - 10946,LEGO Duplo,,"€29,99/un","€29,99/un"
O Laboratório de Fantasmas de J.B - 70418,LEGO Hidden Side,1 un,"€10,00/un","€10,00/un"
O Meu Primeiro Cãozinho e Gatinho com Sons - 10977,LEGO Duplo,,"€44,99/un","€44,99/un"
Polícia - Speed Quad - 71092,Playmobil,,"€9,99/un","€9,99/un"
O Camião da Reciclagem - 41712,LEGO Friends,,"€19,99/un","€19,99/un"
Diorama: Treino Jedi em Dagobah - 75330,LEGO Star Wars,,"€89,99/un","€89,99/un"
A Aldeia Abandonada - 21190,LEGO Minecraft,,"€49,99/un","€49,99/un"
Tanque de Assalto da República - 75342,LEGO Star Wars,,"€59,99/un","€59,99/un"
Calendário do Advento - 41706,LEGO Friends,,"€24,99/un","€24,99/un"
A Casa de Bolo de Gengibre do Pai Natal - 10976,LEGO Duplo,,"€34,99/un","€34,99/un"
A Cabana dos Gritos e o Salgueiro Zurzidor - 76407,LEGO Harry Potter,,"€89,99/un","€89,99/un"
Caixa Coração - 10909,LEGO Duplo,,"€19,99/un","€19,99/un"
Sede de Convívio de Spider-Man - 10784,LEGO Spidey,,"€49,99/un","€49,99/un"
Lotus Evija - 76907,LEGO Speed Champions,,"€24,99/un","€24,99/un"
Campo de Futebol - 71120,Playmobil,,"€54,99/un","€54,99/un"
Batalha de Robôs do Homem-aranha e Green Goblin - 76219,LEGO Marvel,,"€19,99/un","€19,99/un"
Placa de Construção Verde - 11023,LEGO Classic,,"€8,99/un","€8,99/un"
Mala-Barco com 100 Peças,Brick & Fun,,"€29,99/un","€29,99/un"
Ataque do T-Rex - 71183,Playmobil,,"€26,99/un","€26,99/un"
Astérix: Tropa Romana - 70934,Playmobil,,"€16,99/un","€16,99/un"
Porsche 911 Carrera RS 2.7 - 70923,Playmobil,,"€74,99/un","€74,99/un"
Carro de Exploração Lunar - 31107,LEGO Creator,,"€47,99/un","€47,99/un"
Transportador de Avião de Acrobacias Aéreas - 60289,LEGO City,,"€23,99/un","€23,99/un"
Transportador de Barcos de Corrida - 60254,LEGO City,,"€23,99/un","€23,99/un"
Caça Estelar Jedi de Obi-Wan Kenobi - 75333,LEGO Star Wars,,"€34,99/un","€34,99/un"
Starter Pack Polícia: Set Adicional - 70502,Playmobil,,"€6,59/un","€6,59/un"
Piscina Infantil Com Hidromassagem - 70611,Playmobil,,"€27,99/un","€27,99/un"
Starter Pack Jardim da Princesa - 70819,Playmobil,,"€19,99/un","€19,99/un"
Ilha do Vulcão com T-Rex - 70327,Playmobil,,"€41,99/un","€41,99/un"
Maleta Grande Princesas e Unicórnio - 70107,Playmobil,,"€15,99/un","€15,99/un"
Veículo de Emergência da Polícia - 70915,Playmobil,,"€37,99/un","€37,99/un"
Grande Trator com Acessórios - 71004,Playmobil,,"€26,99/un","€26,99/un"
Emboscada de Avião ao Quetzalcoatlus - 76947,LEGO Jurassic World,,"€49,99/un","€49,99/un"
Knight Rider - O Justiceiro - 70924,Playmobil,,"€89,99/un","€89,99/un"
Starter Pack - Luta Contra o Escorpião de Fogo - 70909,Playmobil,,"€14,99/un","€14,99/un"
Castelo de Aventura Derradeira - 43205,LEGO Disney,,"€99,99/un","€99,99/un"
A Carrinha do Mercado de Agricultores - 60345,LEGO City,,"€29,99/un","€29,99/un"
Iate de Mergulho - 60221,LEGO City,,"€15,99/un","€15,99/un"
Salão de Cabeleireiro de Heartlake City - 41391,LEGO Friends,,"€15,99/un","€15,99/un"
Concurso de Pastelaria - 41393,LEGO Friends,,"€39,99/un","€39,99/un"
Cidade Verde - Casa Ecológica Constrói e Aprende,Mega Bloks,,"€34,99/un","€34,99/un"
Venom - 76187,LEGO Marvel,,"€69,99/un","€69,99/un"
Spider-Man vs. Ataque Drone de Mysterio - 76184,LEGO Marvel,,"€19,99/un","€19,99/un"
Animais Selvagens do Oceano - 10972,LEGO Duplo,,"€19,99/un","€19,99/un"
Missão de Resgate - 70335,Playmobil,,"€23,39/un","€23,39/un"
Stuntshow Moto com Parede de Fogo- 70553,Playmobil,,"€22,99/un","€22,99/un"
Starter Pack Novelmore - 70499,Playmobil,,"€11,39/un","€11,39/un"
Set de Oferta Oficina de E-Bicicletas - 70674,Playmobil,,"€9,99/un","€9,99/un"
Refúgio das Bat Fairies - 70825,Playmobil,,"€26,99/un","€26,99/un"
Pavilhão Real com Carruagem Pégaso - 9289,Playmobil,,"€23,99/un","€23,99/un"
Set de Expansão - A Casa dos Presentes de Yoshi - 71406,LEGO Super Mario,,"€34,99/un","€34,99/un"
Resgate de Incêndios - 9319,Playmobil,,"€41,99/un","€41,99/un"
Polícia Avião: Perseguição Drone - 70780,Playmobil,,"€37,99/un","€37,99/un"
Ataque em Nova Asgard - 76207,LEGO Marvel,,"€19,99/un","€19,99/un"
O Abrigo da Vida Selvagem da Mia - 41717,LEGO Friends,,"€49,99/un","€49,99/un"
Barco de Pesca de Camarão Naufragado - 70419,LEGO Hidden Side,,"€29,99/un","€29,99/un"
A Escola de Artes da Emma - 41711,LEGO Friends,,"€69,99/un","€69,99/un"
Grande Pirâmide de Gizé - 21058,LEGO Architecture,,"€139,99/un","€139,99/un"
Carris e Curvas - 60205,LEGO City,,"€19,99/un","€19,99/un"
Missões de Resgate de Animais Selvagens - 60353,LEGO City,,"€29,99/un","€29,99/un"
O Desafio Acrobático do Ataque do Tubarão - 60342,LEGO City,,"€19,99/un","€19,99/un"
Hogwarts: O Escritório de Dumbledore - 76402,LEGO Harry Potter,,"€89,99/un","€89,99/un"
Momento Hogwarts: Aula de Encantamentos - 76385,LEGO Harry Potter,,"€32,99/un","€32,99/un"
AT-ST - 75332,LEGO Star Wars,,"€34,99/un","€34,99/un"
Emboscada em Ferrix - 75338,LEGO Star Wars,,"€99,99/un","€99,99/un"
Arte Floral - 31207,LEGO Art,,"€69,99/un","€69,99/un"
Ponte e Carris para Comboio - 10872,LEGO Duplo,,"€26,99/un","€26,99/un"
Invasor Dragão Dourado do Kai - 71773,LEGO Ninjago,,"€99,99/un","€99,99/un"
A Casa dos Madrigal - 43202,LEGO Disney,,"€49,99/un","€49,99/un"
Lamborghini Countach - 76908,LEGO Speed Champions,,"€24,99/un","€24,99/un"
Sonic the Hedgehog – Green Hill Zone - 21331,LEGO Ideas,,"€79,99/un","€79,99/un"
A Carrinha Mistério - 70286,Playmobil,,"€59,99/un","€59,99/un"
Jim Lee Kit - Batman Collection (31205),LEGO Art,,"€119,99/un","€119,99/un"
A Criança - 75318,LEGO Star Wars,,"€89,99/un","€89,99/un"
Comboio dos Números - Aprender a Contar - 10954,LEGO Duplo,,"€19,99/un","€19,99/un"
Spider-Man na Oficina Sanctum - 76185,LEGO Marvel,,"€39,99/un","€39,99/un"
Carruagem com Bandidos - 5248,Playmobil,,"€17,99/un","€17,99/un"
Berçário dos Dinossauros - 10938,LEGO Duplo,,"€19,99/un","€19,99/un"
Prova de Cavalos - 6930,Playmobil,,"€27,99/un","€27,99/un"
O meu Comboio de Animais - 70405,Playmobil,,"€26,99/un","€26,99/un"
Soft Clemmy - Saco com 48 Blocos,Clementoni,,"€29,99/un","€29,99/un"
Cofre Sereias - 70509,Playmobil,,"€22,99/un","€22,99/un"
Captura dos Velociraptores Blue e Beta - 76946,LEGO Jurassic World,,"€34,99/un","€34,99/un"
Camião Forças Especiais - 71003,Playmobil,,"€24,99/un","€24,99/un"
Diorama: O Ataque à Death Star - 75329,LEGO Star Wars,,"€69,99/un","€69,99/un"
ROBÔ Samurai X da Nya - 71775,LEGO Ninjago,,"€119,99/un","€119,99/un"
Viagem de Campismo de Mickey Mouse e Minnie Mouse - 10777,LEGO Disney,,"€19,99/un","€19,99/un"
Caça ao Zyclops - 76830,LEGO Disney,,"€19,99/un","€19,99/un"
Placa de Construção Verde - 10980,LEGO Duplo,,"€14,99/un","€14,99/un"
A Escola de Teatro da Andrea - 41714,LEGO Friends,,"€99,99/un","€99,99/un"
Frozen: A Aventura em Caravana da Elsa - 41166,LEGO Disney,,"€29,99/un","€29,99/un"
Porsche 911 Carrera 4S da Polícia - 70066,Playmobil,,"€59,99/un","€59,99/un"
Ambulância com Luz e Som - 70049,Playmobil,,"€59,99/un","€59,99/un"
Roda-gigante - 31119,LEGO Creator,,"€89,99/un","€89,99/un"
O Starfighter N-1 do Mandalorian - 75325,LEGO Star Wars,,"€64,99/un","€64,99/un"
Ataque de Dark Trooper - 75324,LEGO Star Wars,,"€34,99/un","€34,99/un"
A Padaria - 21184,LEGO Minecraft,,"€22,99/un","€22,99/un"
O Bastião do Nether - 21185,LEGO Minecraft,,"€34,99/un","€34,99/un"
Carro da Polícia com Luzes e Som - 6920,Playmobil,,"€23,99/un","€23,99/un"
Transportador de Cavalos - 60327,LEGO City,,"€23,99/un","€23,99/un"
Starter Pack Polícia: Treino - 70817,Playmobil,,"€19,99/un","€19,99/un"
Consulta Veterinária no Zoo - 70900,Playmobil,,"€24,99/un","€24,99/un"
Muitos Dots - Letras - 41950,LEGO Dots,,"€19,99/un","€19,99/un"
Toyota GR Supra - 76901,LEGO Speed Champions,,"€19,99/un","€19,99/un"
Set de Expansão: Avalanche de Bills Balázio - 71366,LEGO Super Mario,,"€23,99/un","€23,99/un"
Set de Combate Épico: Zane vs Nindroid - 71731,LEGO Ninjago,,"€7,99/un","€7,99/un"
Casa da Família da Andrea - 41449,LEGO Friends,,"€69,99/un","€69,99/un"
O Pátio de Hogwarts: O Resgate de Sirius - 76401,LEGO Harry Potter,,"€59,99/un","€59,99/un"
Optimus Prime - 10302,LEGO Icons,,"€179,99/un","€179,99/un"
Ghostbusters ECTO-1 - 10274,LEGO Creator Expert,,"€239,99/un","€239,99/un"
O Barco Viking e a Serpente de Midgard - 31132,LEGO Creator,,"€119,99/un","€119,99/un"
Batman vs. The Joker: Perseguição de Batmóvel - 76180,LEGO Batman,,"€29,99/un","€29,99/un"
Gelataria no Porto - 70279,Playmobil,,"€23,99/un","€23,99/un"
Quartel dos Bombeiros - 9462,Playmobil,,"€119,99/un","€119,99/un"
Carro Anfíbio - 9364,Playmobil,,"€24,99/un","€24,99/un"
Dragon Racing: Hiccup e Desdentado - 70727,Playmobil,,"€34,99/un","€34,99/un"
Maleta Casa de Bonecas - 70985,Playmobil,,"€39,99/un","€39,99/un"
O Paraíso Infantil das Sereias - 70886,Playmobil,,"€32,99/un","€32,99/un"
Looping Fantástico do Chimpanzé - 60338,LEGO City,,"€54,99/un","€54,99/un"
"Salão de Jogos, Dança e Patinagem - 41708",LEGO Friends,,"€59,99/un","€59,99/un"
90 Anos de Diversão - 11021,LEGO Classic,,"€49,99/un","€49,99/un"
O Salão de Baile da Bela - 10960,LEGO Duplo,,"€19,99/un","€19,99/un"
O Castelo da Cinderela e do Príncipe Encantado - 43206,LEGO Disney,,"€84,99/un","€84,99/un"
Base de Exploração do Oceano - 60265,LEGO City,,"€59,99/un","€59,99/un"
O Templo do Dragão Ninja - 71759,LEGO Ninjago,,"€44,99/un","€44,99/un"
Set Veículos - 3 em 1,Brick & Fun,,"€39,99/un","€39,99/un"
Aldeia dos Guardiões - 71747,LEGO Ninjago,,"€49,99/un","€49,99/un"
Capuz do Batman - 76182,LEGO Batman,,"€59,99/un","€59,99/un"
Capacete de Darth Vader - 75304,LEGO Star Wars,,"€79,99/un","€79,99/un"
Super Mota - 31114,LEGO Creator,,"€19,99/un","€19,99/un"
Starter Pack Polícia - 70498,Playmobil,,"€11,39/un","€11,39/un"
Blocos de Madeira 100 Peças,Play to Grow,,"€17,99/un","€17,99/un"
Carro de Corrida McLaren Fórmula 1 - 42141,LEGO Technic,,"€199,99/un","€199,99/un"
Ferrari Daytona SP3 - 42143,LEGO Technic,,"€449,99/un","€449,99/un"
Missão Tesouro Afundado - 31130,LEGO Creator,,"€39,99/un","€39,99/un"
Mota de Acrobacias Banheira - 60333,LEGO City,,"€7,99/un","€7,99/un"
Comboio Expresso de Passageiros - 60337,LEGO City,,"€159,99/un","€159,99/un"
Tóquio - 21051,LEGO Architecture,,"€66,99/un","€66,99/un"
Oficina de Tuning - 60258,LEGO City,,"€87,99/un","€87,99/un"
A Casa do Panda na Árvore da Selva - 41422,LEGO Friends,,"€23,99/un","€23,99/un"
A Casa Branca - 21054,LEGO Architecture,,"€99,99/un","€99,99/un"
Bugatti Chiron - 42083,LEGO Technic,,"€419,99/un","€419,99/un"
Clínica Veterinária de Heartlake City - 41446,LEGO Friends,,"€31,99/un","€31,99/un"
Dragster - 42103,LEGO Technic,,"€15,99/un","€15,99/un"
Casa de Férias da Praia - 41709,LEGO Friends,,"€69,99/un","€69,99/un"
Tijolos e Ideias - 11001,LEGO Classic,,"€7,99/un","€7,99/un"
Festa de Chá da Elsa e do Olaf - 10920,LEGO Duplo,,"€19,99/un","€19,99/un"
Obi-Wan Kenobi vs. Darth Vader - 75334,LEGO Star Wars,,"€49,99/un","€49,99/un"
Transporte Inquisidor Scythe - 75336,LEGO Star Wars,,"€99,99/un","€99,99/un"
Avião Dragão de Black Panther - 76186,LEGO Marvel,,"€19,99/un","€19,99/un"
Escola - 6865,Playmobil,,"€37,99/un","€37,99/un"
O Horror da Selva - 21176,LEGO Minecraft,,"€39,99/un","€39,99/un"
Animais Selvagens de África - 10971,LEGO Duplo,,"€9,99/un","€9,99/un"
Animais Selvagens da Ásia - 10974,LEGO Duplo,,"€99,99/un","€99,99/un"
Scooby & Shaggy com Fantasma - 70287,Playmobil,,"€14,99/un","€14,99/un"
Set de Oferta Espaço - 70673,Playmobil,,"€9,99/un","€9,99/un"
Set de Combate Épico - Jay vs Serpentine - 71732,LEGO Ninjago,,"€7,99/un","€7,99/un"
Soft Clemmy - Saco 24 Blocos,Clementoni,,"€19,99/un","€19,99/un"
A Fuga dos Dinossauros T. rex e Triceratops - 10939,LEGO Duplo,,"€29,99/un","€29,99/un"
Pack Inicial - Aventuras com Peach - 71403,LEGO Super Mario,,"€59,99/un","€59,99/un"
Toruk Makto e Árvore das Almas - 75574,LEGO Avatar,,"€149,99/un","€149,99/un"
Bombeiros - Speed Quad - 71090,Playmobil,,"€9,99/un","€9,99/un"
Veículo de Emergência dos Bombeiros,Playmobil,,"€37,99/un","€37,99/un"
Ação Ambulância Ajuda o Piloto de Corridas - 70919,Playmobil,,"€16,99/un","€16,99/un"
Aventura na Casa da Árvore com Escorrega - 71001,Playmobil,,"€26,99/un","€26,99/un"
The Rolling Stones - 31206,LEGO Art,,"€149,99/un","€149,99/un"
A Perseguição ao Pteranodonte - 76943,LEGO Jurassic World,,"€19,99/un","€19,99/un"
Buggy Todo-o-Terreno - 31123,LEGO Creator,,"€14,99/un","€14,99/un"
Nave Espacial XL-15 - 76832,LEGO Disney,,"€49,99/un","€49,99/un"
O Desafio Acrobático Derrubador - 60341,LEGO City,,"€19,99/un","€19,99/un"
Ataque do Giganotossauro e do Therizinossauro - 76949,LEGO Jurassic World,,"€139,99/un","€139,99/un"
Rubik's - Cubo Mágico 3x3,Rubik's,,"€14,99/un","€14,99/un"
Jogo da Pesca,Zoko,,"€14,99/un","€14,99/un"
Bingo,Zoko,,"€16,99/un","€16,99/un"
Monopoly Clássico,Monopoly,,"€42,99/un","€42,99/un"
Aprende com as Primeiras Atividades,Clementoni,,"€14,99/un","€14,99/un"
Dixit Odyssey,Mebo Games,,"€39,99/un","€39,99/un"
Risk,Hasbro Gaming,,"€49,99/un","€49,99/un"
Operação,Hasbro Gaming,,"€36,99/un","€36,99/un"
Retro - Punchbag,Olivo,,"€14,99/un","€14,99/un"
Party & Co Original 30º Aniversário,Party & Co,,"€34,99/un","€34,99/un"
Nexcube 3x3 Clássico,Goliath,,"€12,99/un","€12,99/un"
Cluedo,Hasbro Gaming,,"€32,99/un","€32,99/un"
Vírus!,Mebo Games,,"€14,99/un","€14,99/un"
Quatro em Linha,Zoko,,"€9,99/un","€9,99/un"
Jogo Pictionary,Pictionary,,"€36,99/un","€36,99/un"
Dobble,Mebo Games,,"€22,99/un","€22,99/un"
Jogo Caras Engraçadas,Zoko,,"€14,99/un","€14,99/un"
Qual é o Código?,Mebo Games,,"€17,99/un","€17,99/un"
Matraquilhos de Mesa,Zoko,,"€22,99/un","€22,99/un"
Cluedo Júnior,Hasbro Gaming,,"€35,99/un","€35,99/un"
Hedbanz,Concentra,,"€22,99/un","€22,99/un"
Dobble Harry Potter,Harry Potter,,"€22,99/un","€22,99/un"
Jogo de Tabuleiro Subbuteo,Subbuteo,,"€39,99/un","€39,99/un"
Jogo de Cartas UNO,UNO,,"€11,99/un","€11,99/un"
Batalha Naval,Zoko,,"€12,99/un","€12,99/un"
Monopoly Batoteiro,Monopoly,,"€39,99/un","€39,99/un"
Mala Aprendo o Abecedário,Educa,,"€9,99/un","€9,99/un"
Touch Junior: O Corpo Humano,Educa,,"€24,99/un","€24,99/un"
Conecta 4 de Viagem,Hasbro Gaming,,"€9,99/un","€9,99/un"
Etouch Júnior Conta Histórias,Educa,,"€24,99/un","€24,99/un"
Air Hockey de Mesa,Zoko,,"€22,99/un","€22,99/un"
Lectron Conhece o Teu Corpo,Diset,,"€16,99/un","€16,99/un"
Viajar por Portugal,Clementoni,,"€17,99/un","€17,99/un"
Laboratório de Cosméticos,Clementoni,,"€19,99/un","€19,99/un"
Jogo Conecta 4 Shots,Hasbro Gaming,1 un,"€14,99/un","€14,99/un"
Era Uma Vez… A Nossa Terra,Educa,,"€12,99/un","€12,99/un"
Cortex Challenge 2,Mebo Games,,"€16,99/un","€16,99/un"
Era Uma Vez… Os Exploradores,Educa,,"€12,99/un","€12,99/un"
Jogo de Tabuleiro Panda,Panda,,"€12,99/un","€12,99/un"
Aprende com Cubos Matemáticos,Clementoni,,"€12,99/un","€12,99/un"
Bresk!,Diset,,"€14,99/un","€14,99/un"
Rubik's - Edge 3x1,Rubik's,,"€11,99/un","€11,99/un"
Quem é Quem? Portátil,Hasbro Gaming,,"€9,99/un","€9,99/un"
Stop Eletrónico,Concentra,,"€31,99/un","€31,99/un"
Bilhar de Mesa,Zoko,,"€24,99/un","€24,99/un"
Passa o Desenho,Mebo Games,,"€29,99/un","€29,99/un"
Laboratório de Mecânica,Clementoni,,"€34,99/un","€34,99/un"
Monopoly Júnior Superzings,Monopoly,,"€29,99/un","€29,99/un"
Party & Co Extreme 3.0,Party & Co,,"€36,99/un","€36,99/un"
Não Acordes o Cão,Zoko,,"€14,99/un","€14,99/un"
Tabú,Hasbro Gaming,,"€36,99/un","€36,99/un"
Ekipas,Mebo Games,,"€29,99/un","€29,99/un"
Antão Comilão,Goliath,,"€34,99/un","€34,99/un"
Rubik's - Race,Rubik's,,"€20,99/un","€20,99/un"
Mandíbulas,Goliath,,"€31,99/un","€31,99/un"
O Grande Jogo Quiz,Clementoni,,"€17,99/un","€17,99/un"
Party & Co Júnior,Party & Co,,"€26,99/un","€26,99/un"
Jogo da Vida,Hasbro Gaming,,"€34,99/un","€34,99/un"
Trivial Pursuit Harry Potter,Trivial Pursuit,,"€22,99/un","€22,99/un"
Confiante,Mebo Games,,"€24,99/un","€24,99/un"
Salta a Tampa,Zoko,,"€14,99/un","€14,99/un"
Tummple!,Mebo Games,,"€22,99/un","€22,99/un"
Scattergories,Hasbro Gaming,,"€34,99/un","€34,99/un"
Set de Estação Espacial,NASA,,"€15,00/un","€15,00/un"
Magia Borras Clássica 100 Truques,Educa,,"€19,99/un","€19,99/un"
SumoBot,Clementoni,,"€14,99/un","€14,99/un"
Canalizador Desastrado,Hasbro Gaming,,"€29,99/un","€29,99/un"
Conector Enciclopédia,Educa,,"€14,99/un","€14,99/un"
Conector Associo e Aprendo,Educa,,"€14,99/un","€14,99/un"
Conector Aprendo Inglês,Educa,,"€14,99/un","€14,99/un"
Era Uma Vez… O Homem,Educa,,"€12,99/un","€12,99/un"
Lectron Temas Educativos,Diset,,"€21,99/un","€21,99/un"
Lectron Pré-Escolar Portugal,Diset,,"€16,99/un","€16,99/un"
Risk Junior,Hasbro Gaming,,"€32,99/un","€32,99/un"
Chef Equilíbrio,Zoko,,"€14,99/un","€14,99/un"
Não Sais Daqui?,Clementoni,,"€14,99/un","€14,99/un"
EXIT: Escape Room (vários modelos),Devir,,"€16,99/un","€16,99/un"
Cuidado com o Tubarão,Zoko,,"€14,99/un","€14,99/un"
Microscópio,Clementoni,,"€16,99/un","€16,99/un"
Jogo de Cartas UNO Harry Potter,UNO,,"€14,99/un","€14,99/un"
Cortex Challenge,Mebo Games,,"€22,99/un","€22,99/un"
Reis de Portugal,Mebo Games,,"€9,99/un","€9,99/un"
Última Mensagem,Mebo Games,,"€19,99/un","€19,99/un"
Desafio Quiz: Animais e Natureza,Educa,,"€12,99/un","€12,99/un"
DOS - Jogo de Cartas UNO,UNO,,"€11,99/un","€11,99/un"
Damas,Zoko,,"€9,99/un","€9,99/un"
Gamão,Zoko,,"€9,99/un","€9,99/un"
Mala Aprendo a Somar e Subtrair,Educa,,"€9,99/un","€9,99/un"
Estandarte,Mebo Games,,"€14,99/un","€14,99/un"
Cristais Divertidos,Clementoni,,"€7,99/un","€7,99/un"
Botânica Divertida,Clementoni,,"€7,99/un","€7,99/un"
Aprende Formas e Cores,Clementoni,,"€7,99/un","€7,99/un"
Crazy Football,Clementoni,,"€14,99/un","€14,99/un"
Tetris Dual,Creative Toys,1 un,"€24,99/un","€24,99/un"
5 Segundos,Concentra,,"€32,99/un","€32,99/un"
Viral,Mebo Games,,"€29,99/un","€29,99/un"
Jogo Batalha Naval Shots,Hasbro Gaming,,"€19,79/un","€19,79/un"
Rummikub - Original Clássico,Goliath,,"€36,99/un","€36,99/un"
Laboratório de Mecânica - Catamarã e Moto de Água,Clementoni,,"€14,99/un","€14,99/un"
Rubik's - Cubo Mini 2x2,Rubik's,,"€11,99/un","€11,99/un"
Viral - Expansão Super Vírus,Mebo Games,,"€9,99/un","€9,99/un"
Sherlock,Mebo Games,,"€14,99/un","€14,99/un"
Laboratório de Mecânica - Monster Truck,Clementoni,,"€24,99/un","€24,99/un"
Decifra,Mebo Games,,"€29,99/un","€29,99/un"
Stratego Original,Diset,,"€39,99/un","€39,99/un"
Conhece Portugal,Olivo,,"€19,99/un","€19,99/un"
Cluedo Harry Potter,Creative Toys,,"€42,99/un","€42,99/un"
Laboratório de Mecânica - Aviões e Helicópteros,Clementoni,,"€24,99/un","€24,99/un"
Fósseis Divertidos,Clementoni,,"€7,99/un","€7,99/un"
Kit Corpo Humano,Clementoni,,"€12,99/un","€12,99/un"
Aprende com Jogos de Cálculo,Clementoni,,"€12,99/un","€12,99/un"
Eu Aprendo a Escrever,Diset,,"€29,99/un","€29,99/un"
Mistakos,Mebo Games,,"€19,99/un","€19,99/un"
UNO H2O To Go,UNO,,"€19,99/un","€19,99/un"
Conector Lógica,Educa,,"€14,99/un","€14,99/un"
Hipo Bob,Goliath,,"€24,99/un","€24,99/un"
O Homem que Mordeu o Cão - A Grande Rebaldaria Lusitana,Creative Toys,,"€22,99/un","€22,99/un"
O Grande Jogo Quiz - História de Portugal,Clementoni,,"€17,99/un","€17,99/un"
Hedbanz Explosão,Concentra,,"€31,99/un","€31,99/un"
Cluedo Mentiroso,Hasbro Gaming,,"€42,99/un","€42,99/un"
Mala Aprendo os Números,Educa,,"€9,99/un","€9,99/un"
Elétrico 28 de Lisboa,Mebo Games,,"€34,99/un","€34,99/un"
Trivial Pursuit Edição Tabuleiro,Trivial Pursuit,,"€46,99/un","€46,99/un"
Conecta 4,Hasbro Gaming,,"€20,99/un","€20,99/un"
Allegra,Mebo Games,,"€11,99/un","€11,99/un"
Código Secreto (vários modelos),Devir,,"€21,99/un","€21,99/un"
Jogo Mini Escape Room,Concentra,,"€16,99/un","€16,99/un"
Jogo Manhãs da Comercial,Clementoni,,"€32,99/un","€32,99/un"
Pintarolândia,Olivo,,"€24,99/un","€24,99/un"
Monopoly Júnior,Monopoly,,"€26,99/un","€26,99/un"
Aprende com o Dicionário Interativo,Clementoni,,"€19,99/un","€19,99/un"
A Pequena Agricultora e as Maças,Educa,,"€14,99/un","€14,99/un"
Super Agricultor,Mebo Games,,"€24,99/un","€24,99/un"
Jogo Hedbanz Harry Potter,Harry Potter,,"€31,99/un","€31,99/un"
Caça Fantasmas,Clementoni,,"€19,99/un","€19,99/un"
Duendes Voadores,Mebo Games,,"€17,99/un","€17,99/un"
Eu Aprendo a Contar,Diset,,"€26,99/un","€26,99/un"
Laboratório de Mecânica - Trimarã Flutuante,Clementoni,,"€24,99/un","€24,99/un"
Era Uma Vez… A Vida,Educa,,"€12,99/un","€12,99/un"
Jogo Cartas Vampires,Diset,,"€9,99/un","€9,99/un"
2491 Planetship,Mebo Games,,"€23,99/un","€23,99/un"
O Grande Jogo Quiz - Curiosidades,Clementoni,,"€19,99/un","€19,99/un"
Quetzal,Mebo Games,,"€34,99/un","€34,99/un"
Jogo da Glória,Olivo,,"€7,99/un","€7,99/un"
Caravelas II,Mebo Games,,"€24,99/un","€24,99/un"
Jogo Fantasma Blitz,Devir,,"€15,99/un","€15,99/un"
Lince Edição Família,Educa,,"€39,99/un","€39,99/un"
Casa Secreta,Mebo Games,,"€31,99/un","€31,99/un"
Rei de 12,Mebo Games,,"€16,99/un","€16,99/un"
Sem Palavras Júnior,Goliath,,"€34,99/un","€34,99/un"
Novo Conhecer a Europa,Educa,,"€24,99/un","€24,99/un"
Laboratório de Mecânica - Carro Desportivo,Clementoni,,"€14,99/un","€14,99/un"
Block Ness,Mebo Games,,"€24,99/un","€24,99/un"
Lectron Portugal,Diset,,"€16,99/un","€16,99/un"
Stratego Júnior Disney,Diset,,"€26,99/un","€26,99/un"
Aprende com Jogos de Leitura,Clementoni,,"€12,99/un","€12,99/un"
Bellum Magica,Mebo Games,,"€17,99/un","€17,99/un"
Laboratório de Mecânica - Bulldozer,Clementoni,,"€24,99/un","€24,99/un"
Planeta Terra,Educa,,"€24,99/un","€24,99/un"
Clic,Mebo Games,,"€34,99/un","€34,99/un"
Coatl,Mebo Games,,"€39,99/un","€39,99/un"
Trivial Família,Trivial Pursuit,,"€47,99/un","€47,99/un"
Laboratório de Mecânica - Heli e Hovercraft,Clementoni,,"€14,99/un","€14,99/un"
A Ilha Proibida,Devir,,"€24,99/un","€24,99/un"
Aprende com Jogos de Escrita,Clementoni,,"€12,99/un","€12,99/un"
Kit de Jardinagem,Clementoni,,"€19,99/un","€19,99/un"
Crocodilo no Dentista,Hasbro Gaming,,"€32,99/un","€32,99/un"
Não Despertes o Papá,Goliath,,"€31,99/un","€31,99/un"
Anatomia Surpreendente,Clementoni,,"€19,99/un","€19,99/un"
Caretos,Mebo Games,,"€20,99/un","€20,99/un"
Código Secreto Disney,Devir,,"€21,99/un","€21,99/un"
Drácula Lab,Clementoni,,"€19,99/un","€19,99/un"
Carcassonne,Devir,,"€29,99/un","€29,99/un"
Monopoly Notas Falsas,Monopoly,,"€32,99/un","€32,99/un"
Xadrez,Zoko,,"€9,99/un","€9,99/un"
Jungle Speed Eco,Mebo Games,,"€29,99/un","€29,99/un"
Trivial Pursuit Friends,Trivial Pursuit,,"€22,99/un","€22,99/un"
Helicóptero Studio 3D,Educa,,"€19,99/un","€19,99/un"
À Descoberta de Portugal,Clementoni,,"€9,99/un","€9,99/un"
Números de 1 a 10,Olivo,,"€6,99/un","€6,99/un"
Play For Future - Bombas de Sementes,Clementoni,,"€14,99/un","€14,99/un"
Mauzão,Concentra,,"€31,99/un","€31,99/un"
Play For Future - Planeta Terra,Clementoni,,"€16,99/un","€16,99/un"
Jogo Bingo,Zoko,,"€12,99/un","€12,99/un"
Mentiroso,Concentra,,"€22,99/un","€22,99/un"
Jogo Ka-Blab!,Hasbro Gaming,,"€29,99/un","€29,99/un"
Jogo Ratoeira,Zoko,,"€14,99/un","€14,99/un"
Jogo Pictureka,Hasbro Gaming,,"€22,99/un","€22,99/un"
Computador Bilingue Educativo,Patrulha Pata,,"€39,99/un","€39,99/un"
Tic Tac,Clementoni,,"€7,99/un","€7,99/un"
Monopoly Junior: Porquinha Peppa,Monopoly,,"€44,99/un","€44,99/un"
Mecha Dragon,Clementoni,,"€59,99/un","€59,99/un"
Buzzed,Creative Toys,,"€29,99/un","€29,99/un"
Eu Aprendo a Desenhar,Diset,,"€24,99/un","€24,99/un"
"Aprende -""Pergunta Que Eu Respondo""",Olivo,,"€24,99/un","€24,99/un"
Mandrágora,Mebo Games,,"€15,99/un","€15,99/un"
Jogo de Damas Harry Potter,Goliath,,"€10,99/un","€10,99/un"
Laboratório de Mecânica - Mars Rover,Clementoni,,"€32,99/un","€32,99/un"
"Inglês, Primeiras Palavras",Clementoni,,"€7,99/un","€7,99/un"
The Kiubus - O Moinho da Quinta,Educa,,"€24,99/un","€24,99/un"
Top Trumps Match Harry Potter,Top Trumps,,"€22,99/un","€22,99/un"
Jogo Salada de Pontos,Devir,,"€9,99/un","€9,99/un"
Set Baby 3 em 1,Educa,,"€14,99/un","€14,99/un"
Scrabble Original,Scrabble,,"€32,99/un","€32,99/un"
Aprende os Números,Clementoni,,"€7,99/un","€7,99/un"
Etouch Júnior Aprendo o Abecedário,Educa,,"€24,99/un","€24,99/un"
Aprende Onde Vivem,Clementoni,,"€7,99/un","€7,99/un"
À Descoberta da Europa,Clementoni,,"€9,99/un","€9,99/un"
Jogo Rossio,Pythagoras,,"€29,99/un","€29,99/un"
Monopoly Builder,Monopoly,,"€36,99/un","€36,99/un"
What Do You Meme - Edição Portuguesa,Creative Toys,,"€46,99/un","€46,99/un"
Kingdomino,Mebo Games,,"€21,99/un","€21,99/un"
Kit de Arqueologia - Tiranossauro Rex,Clementoni,,"€14,99/un","€14,99/un"
Trivial Clássico,Trivial Pursuit,,"€42,99/un","€42,99/un"
Showcase Boltund V,Pokémon,,"€24,99/un","€24,99/un"
Pinta Narigudo,Concentra,,"€22,99/un","€22,99/un"
Veículo Espacial Mars Rover Motorizado,NASA,,"€15,00/un","€15,00/un"
Jogo O Rei Morreu,Mebo Games,,"€29,99/un","€29,99/un"
Jogo de Lógica - Balance Beans,Ravensburger,,"€26,99/un","€26,99/un"
Jogo Cut the Crap!,Creative Toys,,"€7,99/un","€7,99/un"
Jogo de Cartas Split,Diset,,"€9,99/un","€9,99/un"
Elephant Cube,Diset,,"€14,99/un","€14,99/un"
Bingo Madeira,Zoko,,"€19,99/un","€19,99/un"
Escondidas,Panda,,"€16,99/un","€16,99/un"
Shot Game,,,"€24,99/un","€24,99/un"
Basilisks & Broomsticks,Harry Potter,,"€4,99/un","€4,99/un"
Laboratório Junior - Pequenos Veterinários,Clementoni,,"€24,99/un","€24,99/un"
UNO Deluxe,UNO,,"€22,99/un","€22,99/un"
Jogo da Forca,Clementoni,,"€7,99/un","€7,99/un"
De Pernas Para o Ar!,Concentra,,"€32,99/un","€32,99/un"
Chapéu Mágico - 150 Truques,Olivo,,"€24,99/un","€24,99/un"
Laboratório de Mecânica - Dragão Flutuante,Clementoni,,"€24,99/un","€24,99/un"
Eu Aprendo Formas e Cores,Diset,,"€24,99/un","€24,99/un"
Jogo Velonimo,Mebo Games,,"€14,99/un","€14,99/un"
"Jogo 3,2,1 Go Challenge Words",Educa,,"€16,99/un","€16,99/un"
Jogo Walkie Talkie,Devir,,"€9,99/un","€9,99/un"
Jogos de Escrita,Clementoni,,"€12,99/un","€12,99/un"
Jogo Ser Influencer,Clementoni,,"€24,99/un","€24,99/un"
Pack 2 Jogos - Sequence Original + Rummikub Viagem,Goliath,,"€24,99/un","€24,99/un"
Jogo Doutor Dinossauro,Jurassic World,,"€12,99/un","€12,99/un"
Jogo Pictionary Air,Pictionary,,"€29,99/un","€29,99/un"
Jogo de Cartas de Yoga,Clementoni,,"€4,99/un","€4,99/un"
Jogo Pistas Cruzadas,Mebo Games,,"€14,99/un","€14,99/un"
Jogo Bosque Encantado,Mebo Games,,"€26,99/un","€26,99/un"
Jogo Grupo de Monstros,Mebo Games,,"€22,99/un","€22,99/un"
Laboratório de Mecânica - Helicóptero dos Bombeiros,Clementoni,,"€14,99/un","€14,99/un"
Jogo Castles of Tuscany,Ravensburger,,"€49,99/un","€49,99/un"
Jogo Las Vegas,Ravensburger,,"€59,99/un","€59,99/un"
O Grande Jogo Quiz - Desporto,Clementoni,,"€17,99/un","€17,99/un"
Loto,Zoko,,"€9,99/un","€9,99/un"
Mauzão Júnior,Concentra,,"€14,99/un","€14,99/un"
Speed Animals,Educa,,"€9,99/un","€9,99/un"
Lectron Learning English,Diset,,"€22,99/un","€22,99/un"
Jogo de Tabela Games Night,,,"€24,99/un","€24,99/un"
Formas e Números,Dobble,,"€14,99/un","€14,99/un"
Jogo do Galo e Jogo da Forca,Clementoni,,"€8,99/un","€8,99/un"
A Máquina da Verdade,IMC Toys,1 un,"€52,99/un","€52,99/un"
Química Fantástica,Clementoni,,"€34,99/un","€34,99/un"
Gravity Tower,IMC Toys,,"€23,99/un","€23,99/un"
Lotto Kids,Chicos,,"€29,99/un","€29,99/un"
Montessori - Universo,Clementoni,,"€15,99/un","€15,99/un"
Conector Júnior Frozen 2,Educa,,"€16,99/un","€16,99/un"
3D Dream Gardens 2 em 1 - Horta,Educa,,"€29,99/un","€29,99/un"
3D Dream Gardens 2 em 1 - Castelo,Educa,,"€29,99/un","€29,99/un"
Top Trumps Match L.O.L. Surprise!,Top Trumps,,"€22,99/un","€22,99/un"
Jogo Sequence Intro,Goliath,,"€7,99/un","€7,99/un"
Jogo Labirinto Mágico,Devir,,"€34,99/un","€34,99/un"
Tragabolas Portátil,Hasbro Gaming,,"€9,99/un","€9,99/un"
Primeira Palavras,Educa,,"€8,99/un","€8,99/un"
Jogo Nem Sim Nem Não Viagem,Concentra,,"€15,99/un","€15,99/un"
"Mesa 4 em 1 (Matraquilhos, Ténis de Mesa, Bilhar, Air Hockey)",Zoko,,"€129,99/un","€129,99/un"
Jogo de Tabuleiro 1000 Km,Diset,,"€24,99/un","€24,99/un"
Super Cientistas,Clementoni,,"€29,99/un","€29,99/un"
Jogo Bongo Tongo,Play n'Fun,,"€9,99/un","€9,99/un"
Jogo Hércules,Mebo Games,,"€22,99/un","€22,99/un"
Jogo Ticket to Ride - Londres,Mebo Games,,"€22,99/un","€22,99/un"
Jogo Fake,Clementoni,,"€19,99/un","€19,99/un"
Aprende Onde Vivem,Clementoni,,"€7,99/un","€7,99/un"
Jogo Bom Caminho,Educa,,"€29,99/un","€29,99/un"
Jogo Colorino Peppa Pig,Ravensburger,,"€19,99/un","€19,99/un"
Laboratório de Perfumes,Clementoni,,"€19,99/un","€19,99/un"
Enciclopédia - Corpo Humano e Desporto,Clementoni,,"€16,99/un","€16,99/un"
Pisa a Caca,Hasbro Gaming,,"€34,99/un","€34,99/un"
Jogo da Memória - Patrulha Pata,Ravensburger,,"€14,99/un","€14,99/un"
SOS Doutor,Zoko,,"€14,99/un","€14,99/un"
Fado: Duetos e Desgarradas,Pythagoras,,"€14,99/un","€14,99/un"
Macacos Divertidos,Zoko,,"€12,99/un","€12,99/un"
Tic Tac Boum,Goliath,,"€29,99/un","€29,99/un"
Katamino Family,Mebo Games,,"€32,99/un","€32,99/un"
Carcassonne Junior,Devir,,"€24,99/un","€24,99/un"
Pizza Express,Clementoni,,"€14,99/un","€14,99/un"
Jogo 5 Segundos Viagem,Concentra,,"€15,99/un","€15,99/un"
Batalha Naval e Damas,Clementoni,,"€8,99/un","€8,99/un"
Monopoly Bid - Cartas,Monopoly,,"€8,99/un","€8,99/un"
Luccas Neto - Jogo Aventureiro Mimo,Luccas Neto,,"€19,99/un","€19,99/un"
Super Laboratório de Beleza,Clementoni,,"€29,99/un","€29,99/un"
MiniMini,Mebo Games,,"€11,99/un","€11,99/un"
O Abecedário - Mickey and Friends,Educa,,"€9,99/un","€9,99/un"
Dixit - Expansão 9 Mirrors,Mebo Games,,"€22,99/un","€22,99/un"
Ciência & Jogo - Estação Espacial NASA,Clementoni,,"€29,99/un","€29,99/un"
Ciência & Jogo - Robô Beetle,Clementoni,,"€14,99/un","€14,99/un"
Elétrico: Tram,Olivo,,"€9,99/un","€9,99/un"
Monopoly World Tour,Monopoly,,"€46,99/un","€46,99/un"
Descobre as Palavras,Clementoni,,"€14,99/un","€14,99/un"
À Descoberta de Portugal,Clementoni,,"€9,99/un","€9,99/un"
Formas e Cores,Clementoni,,"€7,99/un","€7,99/un"
Corpo Humano,Clementoni,,"€21,99/un","€21,99/un"
O Abecedário,Educa,,"€8,99/un","€8,99/un"
Vulcão Brilhante,Clementoni,,"€19,99/un","€19,99/un"
Escape Game Deluxe,Clementoni,,"€29,99/un","€29,99/un"
Mysterium Park,Mebo Games,,"€26,99/un","€26,99/un"
Alien Vision,IMC Toys,,"€49,99/un","€49,99/un"
Pokémon Morpeko V Union Box,Pokémon,,"€49,99/un","€49,99/un"
Party Game - Adult Shits,Creative Toys,,"€29,99/un","€29,99/un"
Jogo Montessori - Primeiras Palavras,Clementoni,,"€12,99/un","€12,99/un"
Harry Potter - Buckbeak Flutuante,Harry Potter,,"€29,99/un","€29,99/un"
Jogo de Lógica - Gravity Maze,Ravensburger,,"€54,99/un","€54,99/un"
Jogo da Memória - Sporty Dinosaurs,Ravensburger,,"€14,99/un","€14,99/un"
Dixit - Expansão Aniversário,Mebo Games,,"€22,99/un","€22,99/un"
Ciência & Jogo - Sistema Solar,Clementoni,,"€29,99/un","€29,99/un"
Laboratório de Mecânica - Lamborghini Huracan,Clementoni,,"€52,99/un","€52,99/un"
Mystery English,Clementoni,,"€14,99/un","€14,99/un"
Catan,Devir,,"€44,99/un","€44,99/un"
Monopoly Super Recompensas,Monopoly,,"€56,99/un","€56,99/un"
Xadrez e Damas,Olivo,,"€14,99/un","€14,99/un"
Cluedo de Viagem,Hasbro Gaming,,"€9,99/un","€9,99/un"
Novo Conhecer Portugal,Educa,,"€24,99/un","€24,99/un"
Robô Super Mio,Clementoni,,"€32,99/un","€32,99/un"
Papatoy - O Monstro dos Brinquedos,Goliath,,"€23,99/un","€23,99/un"
Adivinha o que Imito!,Educa,,"€19,99/un","€19,99/un"
Lectron Lápis na Quinta,Diset,,"€16,99/un","€16,99/un"
Dragon Slime,Clementoni,,"€19,99/un","€19,99/un"
RollingBot,Clementoni,,"€14,99/un","€14,99/un"
Monopoly Dragon Ball-Z,Monopoly,,"€39,99/un","€39,99/un"
Jogo Évora,Mebo Games,,"€44,99/un","€44,99/un"
O Corpo Humano,Clementoni,,"€12,99/un","€12,99/un"
Ciência & Jogo - Tattoo Art,Clementoni,,"€32,99/un","€32,99/un"
Que Horas São?,Clementoni,,"€7,99/un","€7,99/un"
Quadro Quiz Frozen 2,Clementoni,,"€14,99/un","€14,99/un"
Sapo Saltitão,Zoko,,"€12,99/un","€12,99/un"
O meu Primeiro Monopoly,Monopoly,,"€29,99/un","€29,99/un"
Jogo Vox Pop,Creative Toys,,"€29,99/un","€29,99/un"
Cluedo - Harry Potter,Hasbro Gaming,,"€42,99/un","€42,99/un"
Jogos Gira a Garrafa,Concentra,,"€22,99/un","€22,99/un"
Rubik's - Cubo Master 4x4,Rubik's,,"€20,99/un","€20,99/un"
Descobre os Números,Clementoni,,"€14,99/un","€14,99/un"
Animal Champions,Educa,,"€9,99/un","€9,99/un"
Jogo Montessori - Casa das Palavras,Clementoni,,"€14,99/un","€14,99/un"
Jogo Subbuteo - Equipa Portugal,Subbuteo,,"€16,99/un","€16,99/un"
Luccas Neto - Jogo O Que Tenho na Cabeça?,Luccas Neto,,"€29,99/un","€29,99/un"
Dobble Kids,Mebo Games,,"€14,99/un","€14,99/un"
Jogo Montessori - Números Tácteis,Clementoni,,"€12,99/un","€12,99/un"
Pokémon Boltund V Box,Pokémon,,"€34,99/un","€34,99/un"
Top Trumps Match Super Mário,Creative Toys,,"€22,99/un","€22,99/un"
Jogo Cenas Giras,Mebo Games,,"€24,99/un","€24,99/un"
Dixit - Expansão 6 Memories,Mebo Games,,"€22,99/un","€22,99/un"
8 Jogos em 1,Clementoni,,"€12,99/un","€12,99/un"
Laboratório de Mecânica - Camião de Bombeiros,Clementoni,,"€52,99/un","€52,99/un"
Ciência & Jogo - Pet Lab,Clementoni,,"€36,99/un","€36,99/un"
Jogo Eu Aprendo a Escrever,Diset,,"€24,99/un","€24,99/un"
Os Números,Clementoni,,"€7,99/un","€7,99/un"
Primeiras Palavras,Clementoni,,"€7,99/un","€7,99/un"
Jogo Faraó,Ravensburger,,"€42,99/un","€42,99/un"
Conector Júnior Peppa Pig,Educa,,"€17,99/un","€17,99/un"
"Jogo 3,1,2 Go Challenge Food",Educa,,"€16,99/un","€16,99/un"
"Jogo 3,1,2 Go Challenge Goose",Educa,,"€16,99/un","€16,99/un"
3D Dream Gardens 2 em 1 - Casa da Árvore,Educa,,"€29,99/un","€29,99/un"
Aprende o Corpo Humano,Clementoni,,"€12,99/un","€12,99/un"
Bingo Automático,Chicos,,"€26,99/un","€26,99/un"
Escape Room,Concentra,,"€42,99/un","€42,99/un"
Party Game - Anonymous,Creative Toys,,"€7,99/un","€7,99/un"
Kit Mistério de Química,Clementoni,,"€14,99/un","€14,99/un"
Jogo Joker Kids,Clementoni,,"€12,99/un","€12,99/un"
Jogo Basquete Eletrónico,Zoko,,"€19,99/un","€19,99/un"
I Wish I Didn't Know,Creative Toys,,"€34,99/un","€34,99/un"
Modelo Sistema Solar,NASA,,"€15,00/un","€15,00/un"
Party Game - Diz Que Disse,Creative Toys,,"€7,99/un","€7,99/un"
Match Batman,Creative Toys,,"€22,99/un","€22,99/un"
Gastão Cabeçudo,IMC Toys,,"€39,99/un","€39,99/un"
Jogos Topple e Tumble (2 em 1),Goliath,,"€12,99/un","€12,99/un"
Jogo Tensão,Majora,,"€29,99/un","€29,99/un"
Jogos de Cálculo,Clementoni,,"€12,99/un","€12,99/un"
Ciência & Jogo - SnakeBot,Clementoni,,"€14,99/un","€14,99/un"
Bounce Off Pop up,Mattel,,"€22,99/un","€22,99/un"
Escava e Descobre Dentes de Tubarão,National Geographic,,"€14,99/un","€14,99/un"
Laboratório de Mecânica - Roadster e Dragster,Clementoni,,"€14,99/un","€14,99/un"
Super Doc - Robô Educativo Falante,Clementoni,,"€39,99/un","€39,99/un"
Shake,Tetris,,"€14,99/un","€14,99/un"
Sushi Go!,Devir,,"€12,99/un","€12,99/un"
Dominó,Zoko,,"€9,99/un","€9,99/un"
Cluedo Guerra dos Tronos,Cluedo,,"€39,99/un","€39,99/un"
Bolas Divertidas,Clementoni,,"€7,99/un","€7,99/un"
Os Números,Educa,,"€8,99/un","€8,99/un"
Party Game - Jinx,Creative Toys,,"€7,99/un","€7,99/un"
Jogo de Cartas UNO - All Wild,UNO,,"€11,99/un","€11,99/un"
Jogo da Glória,Majora,,"€19,99/un","€19,99/un"
Jurassic World - Tricaratops e Velociraptor,Clementoni,,"€29,99/un","€29,99/un"
Jenga Maker,Hasbro Gaming,,"€26,99/un","€26,99/un"
À Descoberta da Europa,Clementoni,,"€9,99/un","€9,99/un"
Escava e Descobre Fóssil de Dinossauro,National Geographic,,"€14,99/un","€14,99/un"
Sequências,Clementoni,,"€7,99/un","€7,99/un"
Era uma Vez… Jogo de Mesa,Educa,,"€20,99/un","€20,99/un"
Matraquilhos de Chão,Zoko,,"€69,99/un","€69,99/un"
Jogo Sequence Harry Potter,Goliath,,"€24,99/un","€24,99/un"
Monopoly Portátil,Monopoly,,"€9,99/un","€9,99/un"
Laboratório de Mecânica - Buggy e Quad,Clementoni,,"€14,99/un","€14,99/un"
Party & Co Family,Party & Co,,"€32,99/un","€32,99/un"
Enciclopédia,Clementoni,,"€16,99/un","€16,99/un"
Adivinha Quem És,Zoko,,"€12,99/un","€12,99/un"
Dobble Impermeável,Mebo Games,,"€16,99/un","€16,99/un"
Jumanji,Concentra,,"€36,99/un","€36,99/un"
Jogo Letra a Letra,Olivo,,"€19,99/un","€19,99/un"
UNO Showdown,UNO,,"€32,99/un","€32,99/un"
Jogo Cartas 6th Sense,Diset,,"€9,99/un","€9,99/un"
Party Games - Xadrez e Damas,Clementoni,,"€14,99/un","€14,99/un"
Rubik's - Jogo Cube It,Rubik's,,"€25,99/un","€25,99/un"
Pokémon Spring Tin M22 (vários modelos),Pokémon,,"€34,99/un","€34,99/un"
Stranger Things - Aventuras em Equipa,Clementoni,,"€19,99/un","€19,99/un"
Microscópio Científico,Clementoni,,"€27,99/un","€27,99/un"
Dessineo Personagens,Diset,,"€35,99/un","€35,99/un"
Era Uma Vez…,Clementoni,,"€29,99/un","€29,99/un"
Motociclo: Motorcycle,Olivo,,"€9,99/un","€9,99/un"
Jogo Carpe Diem,Ravensburger,,"€39,99/un","€39,99/un"
Não Caias,Zoko,,"€12,99/un","€12,99/un"
Gestos,Hasbro Gaming,,"€29,99/un","€29,99/un"
Jogo Mixmatchies,Hasbro Gaming,,"€22,99/un","€22,99/un"
Monopoly SL Benfica,Monopoly,,"€39,99/un","€39,99/un"
Caça ao Tesouro,Clementoni,,"€14,99/un","€14,99/un"
Laboratório de Mecânica - Camião de Mina,Clementoni,,"€14,99/un","€14,99/un"
The Voting Game - Edição Adulto,Creative Toys,,"€34,99/un","€34,99/un"
Luccas Neto - Jogo Adivinha Quem Sou?,Luccas Neto,,"€26,99/un","€26,99/un"
Corrida de Automóveis,Olivo,,"€7,99/un","€7,99/un"
Jogo Lectron - Os Veículos,Diset,,"€12,99/un","€12,99/un"
Pokémon Go - V Box,Pokémon,,"€34,99/un","€34,99/un"
Eu Descubro As Emoçoes,Diset,,"€29,99/un","€29,99/un"
Os Números - Mickey and Friends,Educa,,"€9,99/un","€9,99/un"
Jogo da Memória - Star Wars Mandalorian,Ravensburger,,"€14,99/un","€14,99/un"
Jogo Duelo de Gerações,Clementoni,,"€19,99/un","€19,99/un"
Matemática Divertida,Clementoni,,"€14,99/un","€14,99/un"
Rory's Story Cubes - Harry Potter,Harry Potter,,"€14,99/un","€14,99/un"
Procura os Animais,Clementoni,,"€7,99/un","€7,99/un"
Jogo Katamino,Mebo Games,,"€32,99/un","€32,99/un"
Aprende Inglês,Clementoni,,"€7,99/un","€7,99/un"
Catan Junior,Devir,,"€29,99/un","€29,99/un"
Ecossistema,Clementoni,,"€21,99/un","€21,99/un"
UNO Júnior,UNO,,"€9,99/un","€9,99/un"
Sabonetes Divertidos,Clementoni,,"€7,99/un","€7,99/un"
Afundar a Frota Portátil,Hasbro Gaming,,"€9,99/un","€9,99/un"
Afundar a Frota,Hasbro Gaming,,"€24,99/un","€24,99/un"
Rory's Story Cubes,Rory's Story Cubes,,"€14,99/un","€14,99/un"
Jogo Dragomino,Mebo Games,,"€21,99/un","€21,99/un"
Jogo Girassol Canta e Dança,Zoko,,"€24,99/un","€24,99/un"
Jogo dos Astronautas (várias cores),Zoko,,"€12,99/un","€12,99/un"
Avozinha Voadora,Creative Toys,,"€29,99/un","€29,99/un"
Nasa: Kit de Exploração - Asteróides do Espaço,Clementoni,,"€14,99/un","€14,99/un"
Pikachu Showcase,Pokémon,,"€25,99/un","€25,99/un"
Jogo Subbuteo - Equipa Feminina,Subbuteo,,"€16,99/un","€16,99/un"
Jogo Subbuteo - Set Árbitros,Subbuteo,,"€9,99/un","€9,99/un"
Jogo de Cartas UNO Jurassic World 3,UNO,,"€16,99/un","€16,99/un"
Jogo Adivinha O Que É,Olivo,,"€19,99/un","€19,99/un"
Apanha a Snitch Dourada Harry Potter,Harry Potter,,"€31,99/un","€31,99/un"
UNO Junior Patrulha Pata O Filme,UNO,,"€11,99/un","€11,99/un"
Katamino Pocket,Mebo Games,,"€19,99/un","€19,99/un"
Jogo Triominos,Goliath,,"€7,99/un","€7,99/un"
Jogo Ludo do Circo,Majora,,"€14,99/un","€14,99/un"
Próxima Estação Londres,Mebo Games,,"€17,99/un","€17,99/un"
Laboratório de Mecânica - Shuttle Flutuante NASA,Clementoni,,"€32,99/un","€32,99/un"
Carrosel: Carousel,Olivo,,"€9,99/un","€9,99/un"
Jogo 7 Wonders Arquitectos,Mebo Games,,"€44,99/un","€44,99/un"
Cubos Matemáticos,Clementoni,,"€12,99/un","€12,99/un"
Nem Sim Nem Não,Concentra,,"€32,99/un","€32,99/un"
Dixit,Mebo Games,,"€39,99/un","€39,99/un"
Jogo Labirinto Pokémon,Ravensburger,,"€36,99/un","€36,99/un"
Laboratório de Batons,Clementoni,,"€19,99/un","€19,99/un"
Aprende a Desenhar Passo a Passo,Diset,,"€39,99/un","€39,99/un"
Laboratório de Sabonetes,Clementoni,,"€19,99/un","€19,99/un"
Aventuras Fantásticas,Clementoni,,"€14,99/un","€14,99/un"
Loucuras,Educa,,"€32,99/un","€32,99/un"
JumpingBot,Clementoni,,"€14,99/un","€14,99/un"
Jogo da Pesca,Zoko,,"€14,99/un","€14,99/un"
Jogos 8 em 1 Kit Especial Sortido,Educa,,"€14,99/un","€14,99/un"
Klask,Mebo Games,,"€69,99/un","€69,99/un"
Operações Matemáticas,Educa,1 un,"€8,99/un","€8,99/un"
Sobe ou Desce?,Clementoni,,"€16,99/un","€16,99/un"
Jogo Camelo Saltitão,Zoko,,"€19,99/un","€19,99/un"
Jogo Jumpin' Monkeys e Meatball (2m em 1),Goliath,,"€12,99/un","€12,99/un"
Jogo Marvel Khaos,Hasbro Gaming,,"€22,99/un","€22,99/un"
Kit de Arqueologia - Velociraptor,Clementoni,,"€14,99/un","€14,99/un"
Palavra Proibida,Concentra,,"€36,99/un","€36,99/un"
Jogo de Cartas UNO Lighyear,UNO,,"€16,99/un","€16,99/un"
Pick Your Poison - Edição Adulto,Creative Toys,,"€34,99/un","€34,99/un"
Party & Co Disney Lite,Party & Co,,"€29,99/un","€29,99/un"
Twister,Hasbro Gaming,,"€29,99/un","€29,99/un"
Jogo Big Boss,Creative Toys,,"€7,99/un","€7,99/un"
Jogo Elixir Mixer,Diset,,"€9,99/un","€9,99/un"
As Cores - Mickey and Friends,Educa,,"€9,99/un","€9,99/un"
Jogo Aqui Há Festa!,Clementoni,,"€14,99/un","€14,99/un"
Jogo Flippers,Zoko,,"€24,99/un","€24,99/un"
Conector Educativo,Educa,,"€14,99/un","€14,99/un"
Montessori - Corpo Humano,Clementoni,,"€15,99/un","€15,99/un"
NASA - Kit Nave Espacial,Clementoni,,"€14,99/un","€14,99/un"
Tragabolas,Hasbro Gaming,,"€35,99/un","€35,99/un"
Jogo Stop Portátil,Concentra,,"€16,99/un","€16,99/un"
Jogo Five Alive,Hasbro Gaming,,"€9,99/un","€9,99/un"
Star Wars - The Mandalorian,Dobble,,"€16,99/un","€16,99/un"
Tangram e Jogo dos Gansos,Clementoni,,"€8,99/un","€8,99/un"
Luccas Neto - Jogos Aventuras 4 em 1,Luccas Neto,,"€24,99/un","€24,99/un"
Jogos Dá Banho ao Cão,Concentra,,"€31,99/un","€31,99/un"
"Logo, o Jogo das Marcas",Concentra,,"€36,99/un","€36,99/un"
Macacos Acrobatas,Concentra,,"€22,99/un","€22,99/un"
Jogos Retro - Ping Pong,,,"€9,99/un","€9,99/un"
Jogo Stop!,Majora,,"€19,99/un","€19,99/un"
"Jogo Tony, The Pony",Goliath,,"€31,99/un","€31,99/un"
Cluedo Escape,Hasbro Gaming,,"€22,99/un","€22,99/un"
Jogo Filhos Vs. Pais,Concentra,,"€22,99/un","€22,99/un"
Agarra o Cocó,Mattel Games,,"€29,99/un","€29,99/un"
Computador Bilingue Educativo,Disney Frozen,,"€39,99/un","€39,99/un"
100 Jogos Mágicos,Clementoni,,"€14,99/un","€14,99/un"
Monopoly Sporting CP,Monopoly,,"€39,99/un","€39,99/un"
A Volta ao Mundo,Clementoni,,"€14,99/un","€14,99/un"
Jogo The Castles of Burgundy,Ravensburger,,"€49,99/un","€49,99/un"
Jenga,Hasbro Gaming,,"€24,99/un","€24,99/un"
O Caminho do Humor,Clementoni,,"€29,99/un","€29,99/un"
Bilhar de Chão,Zoko,,"€69,99/un","€69,99/un"
Jogo de Dardos Magnético,Olivo,,"€14,99/un","€14,99/un"
Jogo Joker - 2ª Edição,Clementoni,,"€29,99/un","€29,99/un"
Jogo Show Me The Money,Creative Toys,,"€7,99/un","€7,99/un"
Jogo Harry Potter - Animais Fantásticos,Harry Potter,,"€36,99/un","€36,99/un"
Puzzle Superpack 4 em 1,Educa,,"€12,99/un","€12,99/un"
Mystery English,Clementoni,,"€12,99/un","€12,99/un"
Sílaba a Sílaba,Olivo,,"€6,99/un","€6,99/un"
O Corpo Humano,Educa,,"€12,99/un","€12,99/un"
Na Quinta,Diset,,"€12,99/un","€12,99/un"
Panic Lab,Gigamic,,"€12,99/un","€12,99/un"
Party Games - 50 Jogos Reunidos,Clementoni,,"€14,99/un","€14,99/un"
Magia de Purpurina,Clementoni,,"€19,99/un","€19,99/un"
Jogo das Escadas,Olivo,,"€7,99/un","€7,99/un"
Bingo Elétrico,Chicos,,"€29,99/un","€29,99/un"
Jogo da Memória - SuperThings,Ravensburger,,"€14,99/un","€14,99/un"
Montessori - Quinta das Palavras,Clementoni,,"€17,99/un","€17,99/un"
Jogos de Leitura,Clementoni,,"€12,99/un","€12,99/un"
Jogo Porto Rico,Ravensburger,,"€49,99/un","€49,99/un"
The Kiubus - Estábulo do Burrinho,Educa,,"€16,99/un","€16,99/un"
Malas Puzzles Disney 2x20 Peças (vários modelos),Educa,,"€9,99/un","€9,99/un"
Puzzles 2x24 Peças,Panda,,"€7,99/un","€7,99/un"
Puzzle Studio 3D Camião de Bombeiros,Educa,,"€19,99/un","€19,99/un"
Puzzle Chão Selva 48 Peças,Zoko,,"€9,99/un","€9,99/un"
Puzzle 2x20 Peças (vários modelos),Educa,,"€7,99/un","€7,99/un"
Puzzle Marvel Challenge 1000 Peças,Ravensburger,,"€14,99/un","€14,99/un"
Puzzle 1500 Peças (vários modelos),Educa,,"€14,99/un","€14,99/un"
Puzzle Mundo 453 Peças,Mebo Games,,"€12,99/un","€12,99/un"
Puzzle (vários modelos),Educa,,"€7,99/un","€7,99/un"
Puzzle Mesa Quinta 100 Peças,Zoko,,"€9,99/un","€9,99/un"
Puzzle Todos Aqui Estão Loucos 1000 Peças,Ravensburger,,"€11,99/un","€11,99/un"
Puzzles Bebé Educativos 2 a 4 Peças (vários modelos),Educa,,"€7,99/un","€7,99/un"
Puzzle Panorama Phuket Tailândia 3000 Peças,Educa,,"€29,99/un","€29,99/un"
Multi 4 Puzzles - 50 a 150 Peças (vários modelos),Educa,,"€12,99/un","€12,99/un"
Puzzle Portugal 323 Peças,Mebo Games,,"€12,99/un","€12,99/un"
Puzzle Bebé (vários modelos),Educa,,"€7,99/un","€7,99/un"
Puzzle 1000 Peças (vários modelos),Educa,,"€12,99/un","€12,99/un"
Puzzle Cervo Mágico 1000 Peças,Ravensburger,,"€8,00/un","€8,00/un"
Puzzle A Cabine de Praia 1000 Peças,Ravensburger,,"€8,00/un","€8,00/un"
Puzzle A Jóia das Dolomitas 1000 Peças,Ravensburger,,"€8,00/un","€8,00/un"
Puzzle O Espirito da Raposa 1000 Peças,Ravensburger,,"€8,00/un","€8,00/un"
Puzzle Luz Mágica 1000 Peças,Ravensburger,,"€11,99/un","€11,99/un"
Puzzle Gigante Panda 24 Peças,Panda,,"€12,99/un","€12,99/un"
Puzzle Malta Mediterrâneo 1000 Peças,Ravensburger,,"€8,00/un","€8,00/un"
Puzzle Brunch 1000 Peças,Ravensburger,,"€11,99/un","€11,99/un"
Puzzle Super Mario e Amigos 500 Peças,Super Mario,,"€14,99/un","€14,99/un"
Puzzle Croácia Mediterrâneo 1000 Peças,Ravensburger,,"€14,99/un","€14,99/un"
Puzzle Among Us 500 Peças,Among Us,,"€14,99/un","€14,99/un"
Puzzle Mesa Selva 100 Peças,Zoko,,"€9,99/un","€9,99/un"
Puzzle Scooby Doo Puzzle 100 Peças,Ravensburger,,"€11,99/un","€11,99/un"
Puzzle Baby Shark 3x48 Peças,Clementoni,,"€9,99/un","€9,99/un"
Puzzle Mapa Distritos Portugal 150 Peças,Educa,,"€9,99/un","€9,99/un"
Puzzle Panda 60 Peças (vários modelos),Panda,,"€7,99/un","€7,99/un"
Puzzle Pôr do Sol em Como 3000 Peças,Educa,,"€29,99/un","€29,99/un"
Puzzle Chão Oceano 35 Peças,Zoko,,"€7,99/un","€7,99/un"
Puzzle Harry Potter 1000 Peças,Clementoni,,"€14,99/un","€14,99/un"
Puzzle Chão Quinta 48 Peças,Zoko,,"€9,99/un","€9,99/un"
Puzzle Harry Potter Challenge 1000 Peças,Ravensburger,,"€14,99/un","€14,99/un"
Mala Aprendo os Números,Educa,,"€9,99/un","€9,99/un"
Puzzle Batman Challenge 1000 Peças,Ravensburger,,"€14,99/un","€14,99/un"
Puzzle Chão Floresta 35 Peças,Zoko,,"€7,99/un","€7,99/un"
Primeiros Puzzles (vários modelos),Olivo,,"€6,99/un","€6,99/un"
Puzzle Mordillo 500 Peças (vários modelos),Clementoni,,"€12,99/un","€12,99/un"
Puzzle Glitter Challenge 1000 Peças,Ravensburger,,"€14,99/un","€14,99/un"
Puzzle Chão Arca de Noé 48 Peças,Zoko,,"€9,99/un","€9,99/un"
Puzzle Santorini 1000 Peças,Ravensburger,,"€22,99/un","€22,99/un"
Puzzle As Quatro Estações 1000 Peças,Ravensburger,,"€8,00/un","€8,00/un"
Puzzle Romance em Veneza 3000 Peças,Educa,,"€29,99/un","€29,99/un"
"Puzzle Gdańsk, Polonia 1000 Peças",Ravensburger,,"€8,00/un","€8,00/un"
Puzzle Mickey e Amigos Challenge 1000 Peças,Ravensburger,,"€14,99/un","€14,99/un"
Puzzle Super Mario Challenge 1000 Peças,Ravensburger,,"€14,99/un","€14,99/un"
Puzzle Star Wars Challenge 1000 Peças,Ravensburger,,"€14,99/un","€14,99/un"
Puzzle Chão Dinossauros 35 Peças,Zoko,,"€7,99/un","€7,99/un"
Puzzle Escape Exótico 1000 Peças,Ravensburger,,"€8,00/un","€8,00/un"
Puzzle 3D Harry Potter: Autocarro Cavaleiro 216 Peças,Ravensburger,,"€23,99/un","€23,99/un"
Puzzle Panorama Sol Sobre a Islândia 1000 Peças,Ravensburger,,"€8,00/un","€8,00/un"
Puzzle Barcelona 1000 Peças,Ravensburger,,"€8,00/un","€8,00/un"
Puzzle Especiarias 1000 Peças,Ravensburger,,"€8,00/un","€8,00/un"
Puzzle Europa 346 Peças,Mebo Games,,"€12,99/un","€12,99/un"
Puzzle Farol Junto ao Oceano 3000 Peças,Educa,,"€29,99/un","€29,99/un"
Puzzles 2x48 Peças (vários modelos),Educa,,"€7,99/un","€7,99/un"
Puzzle Grécia Mediterrâneo 1000 Peças,Ravensburger,,"€8,00/un","€8,00/un"
Puzzle Meditação e Origami 1000 Peças,Ravensburger,,"€11,99/un","€11,99/un"
Cubos Panda,Panda,,"€9,99/un","€9,99/un"
Puzzle 500 Peças (vários modelos),Educa,,"€9,99/un","€9,99/un"
Puzzle França Mediterrâneo 1000 Peças,Ravensburger,,"€8,00/un","€8,00/un"
Puzzle Campos de Lavanda 1000 Peças,Ravensburger,,"€8,00/un","€8,00/un"
Puzzle Manhattan ao Entardecer 3000 Peças,Educa,,"€29,99/un","€29,99/un"
Puzzle Pokemon 300 Peças,Ravensburger,,"€19,99/un","€19,99/un"
Puzzle Studio 3D Avião,Educa,,"€19,99/un","€19,99/un"
Puzzle Oceano 60 Peças,Zoko,,"€12,99/un","€12,99/un"
Puzzle Espanha Mediterrâneo 1000 Peças,Ravensburger,,"€8,00/un","€8,00/un"
Puzzles Panda Recortados (vários modelos),Panda,,"€12,99/un","€12,99/un"
Puzzle New York 1000 Peças,Ravensburger,,"€8,00/un","€8,00/un"
Puzzle Escritório 1000 Peças,Goliath,,"€7,99/un","€7,99/un"
Puzzle Elefante do Masai Mara 1000 Peças,Ravensburger,,"€22,99/un","€22,99/un"
Puzzle Joker 1000 Peças,Batman,,"€19,99/un","€19,99/un"
Puzzle Chão Zoo 35 Peças,Zoko,,"€7,99/un","€7,99/un"
"Puzzle Farol de Mangiabarche, Sardenha 1000 Peças",Ravensburger,,"€11,99/un","€11,99/un"
Puzzle Mordillo 1000 Peças (vários modelos),Clementoni,,"€14,99/un","€14,99/un"
Puzzle Mapa Mundo Animais 150 Peças,Educa,,"€9,99/un","€9,99/un"
Puzzle Ginásio 1000 Peças,Goliath,,"€7,99/un","€7,99/un"
Puzzle Itália Mediterrâneo 1000 Peças,Ravensburger,,"€8,00/un","€8,00/un"
Puzzles Comics 1000 Peças (vários modelos),Diset,,"€14,99/un","€14,99/un"
Puzzle Amesterdão 3000 Peças,Educa,,"€29,99/un","€29,99/un"
Puzzle Garagem 1000 Peças,Goliath,,"€7,99/un","€7,99/un"
Puzzle Corrida de Carros 1000 Peças,Goliath,,"€7,99/un","€7,99/un"
Helicóptero Studio 3D,Educa,,"€19,99/un","€19,99/un"
Puzzle Mudanças 1000 Peças,Goliath,,"€7,99/un","€7,99/un"
Puzzle O Grande Canal de Veneza 3000 Peças,Educa,,"€29,99/un","€29,99/un"
Puzzles Comics 500 Peças (vários modelos),Diset,,"€12,99/un","€12,99/un"
Puzzle Hospital 1000 Peças,Goliath,,"€7,99/un","€7,99/un"
Puzzles 2x100 Peças (vários modelos),Educa,,"€9,99/un","€9,99/un"
Puzzle O Íncrível Alfabeto H de Colin Thompson 1000 Peças,Ravensburger,,"€14,99/un","€14,99/un"
Puzzle A Biblioteca Estranha 1000 Peças,Ravensburger,,"€14,99/un","€14,99/un"
Puzzle Villainous Hela 1000 Peças,Ravensburger,,"€14,99/un","€14,99/un"
Puzzle de Madeira (vários modelos),Educa,,"€9,99/un","€9,99/un"
Puzzle Patrulha Pata 100 Peças,Ravensburger,,"€19,99/un","€19,99/un"
Puzzle DC Comics 104 Peças,Clementoni,,"€9,99/un","€9,99/un"
Puzzle 3D Lamborghini Huracán EVO 108 Peças,Ravensburger,,"€29,99/un","€29,99/un"
Puzzle 3D Torre de Pisa 216 Peças,Ravensburger,,"€29,99/un","€29,99/un"
Puzzle 3D Porta-Lápis Pacman 54 Peças,Ravensburger,,"€14,99/un","€14,99/un"
Puzzle Cidade Ecológica 35 Peças,Zoko,,"€7,99/un","€7,99/un"
Puzzle XXL The Mandalorian 300 Peças,Ravensburger,,"€16,99/un","€16,99/un"
Puzzle Harry Potter 1000 Peças,Clementoni,,"€16,99/un","€16,99/un"
Puzzle Wasgij Original 34 - A Piece of Pride (1000 Peças),Diset,,"€14,99/un","€14,99/un"
Puzzle Lisboa e o Seu Castelo 1000 Peças,Ravensburger,,"€14,99/un","€14,99/un"
Puzzle Pokemon 1000 Peças,Ravensburger,,"€14,99/un","€14,99/un"
Puzzle Harry Potter 1000 Peças,Clementoni,,"€14,99/un","€14,99/un"
Puzzle 3D Sapatilha - Union Jack 108 Peças,Ravensburger,,"€26,99/un","€26,99/un"
Puzzle Wasgij Retro Destiny 5 - Time Travel (1000 Peças),Diset,,"€14,99/un","€14,99/un"
Puzzle XXL País dos Dinossauros 200 Peças,Ravensburger,,"€12,99/un","€12,99/un"
Puzzle Zion Canyon USA 1000 Peças,Ravensburger,,"€14,99/un","€14,99/un"
My First Puzzle (vários modelos),Clementoni,,"€9,99/un","€9,99/un"
Puzzle XXL Pokemon 200 Peças,Ravensburger,,"€12,99/un","€12,99/un"
Puzzle 3D Empire State Building 216 Peças,Ravensburger,,"€29,99/un","€29,99/un"
Puzzle Wasgij Retro Original 6 - Blooming Marvellous (1000 Peças),Diset,,"€14,99/un","€14,99/un"
Puzzle Wasgij Original 35 - Car Boot Capers (1000 Peças),Diset,,"€14,99/un","€14,99/un"
Puzzle Atmosfera Pitoresca no Vallée de La Clarée (Alpes franceses) 1000 Peças,Ravensburger,,"€14,99/un","€14,99/un"
Puzzle Fiorde na Noruega 1000 Peças,Ravensburger,,"€14,99/un","€14,99/un"
Puzzle Patrulha Pata 3x48 Peças,Clementoni,,"€9,99/un","€9,99/un"
Puzzle Wasgij Mystery 20 - Mountain Mayhem (1000 Peças),Diset,,"€14,99/un","€14,99/un"
Puzzle Krypt Pink 654 Peças,Ravensburger,,"€14,99/un","€14,99/un"
Puzzle Krypt Black 736 Peças,Ravensburger,,"€14,99/un","€14,99/un"
Puzzle 2x20 Peças (vários modelos),Clementoni,,"€9,99/un","€9,99/un"
Puzzle XXL Frozen 2 - 300 Peças,Ravensburger,,"€16,99/un","€16,99/un"
Puzzle Wasgij Original 38 - Market Meltdown (1000 Peças),Diset,,"€14,99/un","€14,99/un"
Puzzle Pré-Historia 1000 Peças,Goliath,,"€7,99/un","€7,99/un"
Puzzle Frozen 3x48 Peças,Clementoni,,"€9,99/un","€9,99/un"
Puzzle Impossible Batman 1000 Peças,Batman,,"€14,99/un","€14,99/un"
Puzzle 3D Lamborghini Huracán Evo 108 Peças,Ravensburger,,"€29,99/un","€29,99/un"
Puzzle Mapa do Mundo 100 Peças,Zoko,,"€9,99/un","€9,99/un"
Puzzle Dinossauros Coloridos 35 Peças,Zoko,,"€5,99/un","€5,99/un"
Puzzle Among Us 1000 Peças,Among Us,,"€16,99/un","€16,99/un"
Puzzle Patrulha Pata 2x20 Peças,Clementoni,,"€9,99/un","€9,99/un"
Puzzle Wasgij Original 37 - Holiday Fiasco (1000 Peças),Diset,,"€14,99/un","€14,99/un"
Puzzle Impossible Marvel 1000 Peças,Clementoni,,"€15,99/un","€15,99/un"
Puzzle Princesas e Amigas 60 Peças,Zoko,,"€8,99/un","€8,99/un"
Puzzle XXL Pokémon 150 Peças,Ravensburger,,"€12,99/un","€12,99/un"
Puzzle Van Gogh Café Noturno 1000 Peças,Ravensburger,,"€14,99/un","€14,99/un"
Puzzleball 3D Avengers 72 Peças,Ravensburger,,"€19,99/un","€19,99/un"
Puzzle Arca de Noé 35 Peças,Zoko,,"€5,99/un","€5,99/un"
Puzzle Villainous Ursula 1000 Peças,Ravensburger,,"€14,99/un","€14,99/un"
Puzzle Frozen 104 Peças,Clementoni,,"€9,99/un","€9,99/un"
Puzzle 6 Cubos (vários modelos),Clementoni,,"€10,99/un","€10,99/un"
Puzzle 3D Volkswagen Pão de Forma 162 Peças,Ravensburger,,"€29,99/un","€29,99/un"
Puzzle Chão 60 Peças (vários modelos),Olivo,,"€24,99/un","€24,99/un"
Puzzle A Bibilioteca Estranha 1000 Peças,Ravensburger,,"€14,99/un","€14,99/un"
Puzzle Queridas Sereias 60 Peças,Zoko,,"€9,99/un","€9,99/un"
Puzzle 3D Coliseu Romano Night Edition 216 Peças,Ravensburger,,"€49,99/un","€49,99/un"
Puzzle Wasgij Original 33 - Calm on the canal! (1000 Peças),Diset,,"€14,99/un","€14,99/un"
Puzzle 104 Peças (vários modelos),Clementoni,,"€9,99/un","€9,99/un"
Puzzle Castelo e Piratas 1000 Peças,Goliath,,"€7,99/un","€7,99/un"
Puzzle Wasgij Destiny 22 - Trip to the Tip (1000 Peças),Diset,,"€14,99/un","€14,99/un"
Puzzle XXL Frozen 2 - 200 Peças,Ravensburger,,"€12,99/un","€12,99/un"
Puzzle Maxi 24 Peças (vários modelos),Clementoni,,"€14,99/un","€14,99/un"
Puzzle XXL Harry Potter 300 Peças,Ravensburger,,"€16,99/un","€16,99/un"
Puzzle XXL Mapa-mundo 200 Peças,Ravensburger,,"€12,99/un","€12,99/un"
Puzzle Quinta do Tio Manel 35 Peças,Zoko,,"€7,99/un","€7,99/un"
Puzzle Super Hero Adventuras 3x48 Peças,Clementoni,,"€9,99/un","€9,99/un"
Puzzle Chão 60 Peças (vários modelos),Olivo,,"€24,99/un","€24,99/un"
Puzzle Krypt Silver 654 Peças,Ravensburger,,"€14,99/un","€14,99/un"
Puzzle Wasgij Retro Original 5 - Late Booking (1000 Peças),Diset,,"€14,99/un","€14,99/un"
Puzzle 3D Porsche 911 GT3 Cup 108 Peças,Ravensburger,,"€29,99/un","€29,99/un"
Puzzle 180 Peças (vários modelos),Clementoni,,"€9,99/un","€9,99/un"
Puzzle Naruto 500 Peças,Naruto,,"€14,99/un","€14,99/un"
Puzzle Squid Game 1000 Peças,Clementoni,,"€15,99/un","€15,99/un"
Puzzle Amigos da Selva 35 Peças,Zoko,,"€5,99/un","€5,99/un"
Puzzle 3D Sydney Opera House 216 Peças,Ravensburger,,"€79,99/un","€79,99/un"
Puzzle XXL Mickey Mouse 150 Peças,Ravensburger,,"€12,99/un","€12,99/un"
Puzzle Londres de Noite 1000 Peças,Ravensburger,,"€14,99/un","€14,99/un"
Puzzle 3D Velraptor Creature 64 Peças,Educa,,"€16,99/un","€16,99/un"
Puzzle 12 Cubos (vários modelos),Clementoni,,"€10,99/un","€10,99/un"
Puzzle 3D Castelo do Harry Potter 540 Peças,Ravensburger,,"€89,99/un","€89,99/un"
Puzzle 3D Creature T-Rex 82 Peças,Educa,,"€19,99/un","€19,99/un"
Puzzle Star Wars 2000 Peças,Ravensburger,,"€34,99/un","€34,99/un"
Puzzle XXL Minecraft 300 Peças,Ravensburger,,"€16,99/un","€16,99/un"
Puzzleball 3D Patrulha Pata 72 Peças,Patrulha Pata,,"€21,99/un","€21,99/un"
Puzzle Harry Potter 1000 Peças,Clementoni,,"€14,99/un","€14,99/un"
Puzzle XXL Reino do Urso Polar 300 Peças,Ravensburger,,"€12,99/un","€12,99/un"
Puzzle 3D Globo Terrestre 540 Peças,Ravensburger,,"€44,99/un","€44,99/un"
Puzzle Wasgij Retro Mystery 5 - Sunday Lunch (1000 Peças),Diset,,"€14,99/un","€14,99/un"
Puzzle 3D Big Ben 216 Peças,Ravensburger,,"€29,99/un","€29,99/un"
Puzzle Marvel Villanois 1000 Peças,Ravensburger,,"€16,99/un","€16,99/un"
Puzzle Impossible DC Comics 1000 Peças,Clementoni,,"€15,99/un","€15,99/un"
Puzzles Pinóquio Edição Colecionador 1000 Peças,Ravensburger,,"€14,99/un","€14,99/un"
Puzzle XXL Minecraft 100 Peças,Ravensburger,,"€12,99/un","€12,99/un"
Puzzle Lago Jökulsárlón (Islândia) 1000 Peças,Ravensburger,,"€14,99/un","€14,99/un"
Puzzle Praia Secreta 1500 Peças,Ravensburger,,"€22,99/un","€22,99/un"
Puzzle A Selva Divertida 60 Peças,Zoko,,"€8,99/un","€8,99/un"
Puzzle Panorama 1000 Peças (vários modelos),Clementoni,,"€14,99/un","€14,99/un"
Puzzle Flores Holandesas 1000 Peças,Goliath,,"€7,99/un","€7,99/un"
Puzzle Reis de Portugal 150 peças,Mebo Games,,"€9,99/un","€9,99/un"
Puzzle Wasgij Destiny 24 - Business as Usual (1000 Peças),Diset,,"€14,99/un","€14,99/un"
Puzzle Wasgij Destiny 20 - The Toy Shop (1000 Peças),Diset,,"€14,99/un","€14,99/un"
Puzzle Circo 1000 Peças,Goliath,,"€7,99/un","€7,99/un"
Puzzle DC Comics 3x48 Peças,Clementoni,,"€9,99/un","€9,99/un"
Puzzle Panorama Harry Potter 1000 Peças,Clementoni,,"€16,99/un","€16,99/un"
Puzzle Dinossauros 100 Peças,Zoko,,"€9,99/un","€9,99/un"
Puzzle Mordillo 2000 Peças,Clementoni,,"€19,99/un","€19,99/un"
Puzzle Floresta de Vidoeiro 1000 Peças,Ravensburger,,"€14,99/un","€14,99/un"
Puzzle Catedral de Milão 1000 Peças,Ravensburger,,"€14,99/un","€14,99/un"
Puzzle Castelo Neuschwanstein 1000 Peças,Ravensburger,,"€14,99/un","€14,99/un"
Puzzle Villainous Maleficent 1000 Peças,Ravensburger,,"€14,99/un","€14,99/un"
Puzzle 3D Estátua da Liberdade Night Edition 216 Peças,Ravensburger,,"€36,99/un","€36,99/un"
Puzzle 3x48 Peças (vários modelos),Clementoni,,"€12,99/un","€12,99/un"
Puzzle Wasgij Destiny 23 - Theme Park Thrills (1000 Peças),Diset,,"€14,99/un","€14,99/un"
Puzzle Wasgij Mystery 22 - The Wasgij Winter Games (1000 Peças),Diset,,"€14,99/un","€14,99/un"
Puzzle 3D Creature Triceratops,Educa,,"€19,99/un","€19,99/un"
Puzzle Jurassic World 3x48 Peças,Clementoni,,"€9,99/un","€9,99/un"
Puzzle 104 Peças (vários modelos),Clementoni,,"€9,99/un","€9,99/un"
Puzzle Cult Movies 500 Peças (vários modelos),Clementoni,,"€14,99/un","€14,99/un"
Puzzle Amigos do Espaço 60 Peças,Zoko,,"€8,99/un","€8,99/un"
Puzzle 3D Harry Potter Caixa Tesouro 216 Peças,Ravensburger,,"€29,99/un","€29,99/un"
Puzzle Festa das Sereias 35 Peças,Zoko,,"€5,99/un","€5,99/un"
Puzzle Fuga dos Dinossauros 60 Peças,Zoko,,"€8,99/un","€8,99/un"
Puzzle 3D Stegosaurus 89 Peças,Educa,,"€19,99/un","€19,99/un"
Puzzle Aparador 1000 Peças,Ravensburger,,"€14,99/un","€14,99/un"
Puzzle 2x20 Peças (vários modelos),Clementoni,,"€9,99/un","€9,99/un"
Puzzle Krypt Gradient 631 Peças,Ravensburger,,"€14,99/un","€14,99/un"
Puzzle XXL Amigos da Disney 200 Peças,Ravensburger,,"€12,99/un","€12,99/un"
Puzzle Wasgij Mystery 19 - Bingo Blunder (1000 Peças),Diset,,"€14,99/un","€14,99/un"
Puzzle XXL No Reino dos Gigantes 200 Peças,Ravensburger,,"€12,99/un","€12,99/un"
Puzzle Harry Potter 104 Peças,Clementoni,,"€9,99/un","€9,99/un"
Puzzle Coliseu Romano 1000 Peças,Ravensburger,,"€14,99/un","€14,99/un"
Puzzle 3D Heart Minecraft 54 Peças,Ravensburger,,"€14,99/un","€14,99/un"
Puzzle 3D Porta-Lápis Harry Potter 54 Peças,Ravensburger,,"€14,99/un","€14,99/un"
Puzzle Noite em Amesterdão 1000 Peças,Ravensburger,,"€16,99/un","€16,99/un"
Puzzle Patrulha Pata 104 Peças,Clementoni,,"€9,99/un","€9,99/un"
Puzzle Wagij Retro Mystery 6 - Camping Commotion (1000 Peças),Diset,,"€14,99/un","€14,99/un"
Puzzle XXL Vista do Mundo de Cima 200 Peças,Ravensburger,,"€12,99/un","€12,99/un"
Puzzle Naruto 1000 Peças,Naruto,,"€24,99/un","€24,99/un"
Puzzle 3D Autocarro de Londres 216 Peças,Ravensburger,,"€29,99/un","€29,99/un"
Puzzle Princesas Encantadas 35 Peças,Zoko,,"€7,99/un","€7,99/un"
Puzzle 3D Empire State Building 216 Peças,Ravensburger,,"€29,99/un","€29,99/un"
Puzzle Coliseu ao Pôr-do-Sol 1000 Puzzles,Ravensburger,,"€14,99/un","€14,99/un"
Puzzle XXL Pokémon 100 Peças,Ravensburger,,"€12,99/un","€12,99/un"
Puzzleball 3D Pokémon 72 Peças,Ravensburger,,"€21,99/un","€21,99/un"
Puzzle Caminho de Santiago 1000 Peças,Ravensburger,,"€14,99/un","€14,99/un"
Puzzle Universidade 1000 Peças,Goliath,,"€7,99/un","€7,99/un"
Puzzle Wasgij Retro Destiny 6 - Childs Play (1000 Peças),Diset,,"€14,99/un","€14,99/un"
Puzzle XXL Cães Sonhadores 300 Peças,Ravensburger,,"€12,99/un","€12,99/un"
Puzzle Wasgij Mystery 18 - Grabbing a Quick Bite (1000 Peças),Diset,,"€14,99/un","€14,99/un"
Puzzle 3D Torre Eiffel 216 Peças,Ravensburger,,"€29,99/un","€29,99/un"
Puzzle Spider-man 3x48 Peças,Clementoni,,"€9,99/un","€9,99/un"
Puzzle 500 Peças (vários modelos),Clementoni,,"€9,99/un","€9,99/un"
Puzzle XXL Harry Potter 200 Peças,Ravensburger,,"€12,99/un","€12,99/un"
Puzzle Progressivo Lightyear 4 em 1,Ravensburger,,"€12,99/un","€12,99/un"
Puzzle 3D Dodge Challenger Scat Pack Red 18 Peças,Ravensburger,,"€32,99/un","€32,99/un"
Puzzle Pacman 500 Peças,Ravensburger,,"€14,99/un","€14,99/un"
Puzzleball 3D Jurassic World 72 Peças,Ravensburger,,"€21,99/un","€21,99/un"
Puzzle Eguisheim (Alsácia) 1000 Peças,Ravensburger,,"€14,99/un","€14,99/un"
Puzzle O Incrível Alfabeto A de Colin Thompson 1000 Peças,Ravensburger,,"€14,99/un","€14,99/un"
Puzzle Villainous Scar 1000 Peças,Ravensburger,,"€14,99/un","€14,99/un"
Puzzle Catedral de Colónia 1000 Peças,Ravensburger,,"€14,99/un","€14,99/un"
Puzzle O Armário de Artesanato 1000 Peças,Ravensburger,,"€14,99/un","€14,99/un"
Puzzle Mickey 2 x 20 Peças,Clementoni,,"€9,99/un","€9,99/un"
Puzzle Wasgij Destiny 21 - Highway Holdup 1000 Peças,Diset,,"€14,99/un","€14,99/un"
Puzzle Panorama Especial 1000 Peças (vários modelos),Clementoni,,"€15,99/un","€15,99/un"
Puzzle XXL Sistema Solar 300 Peças,Ravensburger,,"€12,99/un","€12,99/un"
4 Puzzles Progressivos Disney (vários modelos),Educa,,"€7,99/un","€7,99/un"
Puzzle Dragon Ball Super 300 Peças,Educa,,"€9,99/un","€9,99/un"
Puzzle Museum Collection 1000 Peças (vários modelos),Clementoni,,"€12,99/un","€12,99/un"
Puzzle 3D Torre Eiffel (Night Edition) 216 Peças,Ravensburger,,"€36,99/un","€36,99/un"
Puzzle Harry Potter 500 Peças,Clementoni,,"€12,99/un","€12,99/un"
Puzzle Tower Bridge ao Pôr do Sol 1000 Peças,Ravensburger,,"€14,99/un","€14,99/un"
Puzzle Sistema Solar 100 Peças,Zoko,,"€9,99/un","€9,99/un"
Puzzle XXL Pokémon 100 Peças,Ravensburger,,"€12,99/un","€12,99/un"
Puzzle 3D Porta-Lápis Batman 54 Peças,Ravensburger,,"€14,99/un","€14,99/un"
Puzzle 2000 Peças (vários modelos),Educa,,"€19,99/un","€19,99/un"
Puzzle O Incrível Alfabeto F & G de Colin Thompson 1000 Peças,Ravensburger,,"€14,99/un","€14,99/un"
Puzzle Villainous Queen of Hearts 1000 Peças,Ravensburger,,"€14,99/un","€14,99/un"
Puzzle Superpack 4 em 1,Educa,,"€12,99/un","€12,99/un"
O Corpo Humano,Educa,,"€12,99/un","€12,99/un"
Puzzle Patrulha Pata 3x48 Peças,Clementoni,,"€9,99/un","€9,99/un"
Puzzle Parque de Atrações 1000 Peças,Goliath,,"€7,99/un","€7,99/un"
Puzzle Wasgij Original 36 - New Year Resolutions (1000 Peças),Diset,,"€14,99/un","€14,99/un"
Puzzle Wasgij Mystery 21 - Trouble Brewing (1000 Peças),Diset,,"€14,99/un","€14,99/un"
Puzzle Krypt Gold 631 Peças,Ravensburger,,"€14,99/un","€14,99/un"
Puzzle 3D Sapatilha - Os Vingadores 108 Peças,Ravensburger,,"€26,99/un","€26,99/un"
Puzzle Fundo do Oceano 100 Peças,Zoko,,"€9,99/un","€9,99/un"
Puzzle 3D Porta-Lápis Pokémon 54 Peças,Ravensburger,,"€14,99/un","€14,99/un"
Puzzle 3D Futebol,Educa,,"€14,99/un","€14,99/un"
Puzzle Piratas à Vista 35 Peças,Zoko,,"€7,99/un","€7,99/un"
Puzzle 3D Volkswagen t1 Cars Fillmore 162 Peças,Ravensburger,,"€29,99/un","€29,99/un"
Puzzle 3D Caixa Minecraft 216 Peças,Ravensburger,,"€24,99/un","€24,99/un"
Puzzle 3D Brachiosaurus Creature 101 Peças,Educa,,"€16,99/un","€16,99/un"
Boneca Nancy - Um Dia no Cabeleireiro,Nancy,,"€69,99/un","€69,99/un"
Apartamento Maleta da Pinypon,Pinypon,,"€34,19/un","€34,19/un"
Nenuco e o seu Triciclo,Nenuco,,"€49,99/un","€49,99/un"
Carrinho Básico,Titucho,,"€12,99/un","€12,99/un"
Boneca Barbie Tu Podes Ser (vários modelos),Barbie,,"€16,99/un","€16,99/un"
Casa de Contos Cry Babies (vários modelos),Cry Babies,,"€24,99/un","€24,99/un"
Boneca Cry Babies Kiss Me - Stella,Cry Babies,,"€46,99/un","€46,99/un"
Queen e Dragão Pinypon,Pinypon,,"€17,99/un","€17,99/un"
Casa Malibu da Barbie,Barbie,,"€169,99/un","€169,99/un"
Boneca e Amigo Enchantimals (vários modelos),Enchantimals,,"€12,99/un","€12,99/un"
Boneca Cry Babies Dressy - Coney,Cry Babies,,"€44,99/un","€44,99/un"
Boneco Nenuco Feliz Aniversário,Nenuco,,"€29,99/un","€29,99/un"
Boneca Sarita Sereia de Sonho,Sarita,,"€5,99/un","€5,99/un"
Escola de Pinypon,Pinypon,,"€29,99/un","€29,99/un"
Conjunto Gémos com Beliche,Titucho,,"€49,99/un","€49,99/un"
Boneco Titucho com Pote e Biberão,Titucho,,"€16,99/un","€16,99/un"
Boneca Pinypon e o seu Unicórnio Voador,Pinypon,,"€19,99/un","€19,99/un"
Boneca Cry Babies - Dress me Up,Cry Babies,,"€11,89/un","€11,89/un"
Carrinho de Passeio Titucho,Titucho,,"€22,99/un","€22,99/un"
Boneca Nenuco Sara,Nenuco,,"€49,99/un","€49,99/un"
Boneca Cry Babies Dressy - Dotty,Cry Babies,,"€44,99/un","€44,99/un"
Boneca Barbie Festa Color Reveal,Barbie,,"€36,99/un","€36,99/un"
Edição Rosa Cry Babies (vários modelos),Cry Babies,,"€19,99/un","€19,99/un"
Boneco Titucho - 7 Funções,Titucho,,"€24,99/un","€24,99/un"
Recém-nascido Barriguitas,Barriguitas,,"€34,99/un","€34,99/un"
Boneco Amiga Titucho,Titucho,,"€19,99/un","€19,99/un"
Boneco Nenuco Chorão (várias cores),Nenuco,,"€24,99/un","€24,99/un"
Mini Figura Articulada (vários modelos),Disney Minnie,,"€9,99/un","€9,99/un"
Pequenas Casas Pinypon (vários modelos),Pinypon,,"€17,99/un","€17,99/un"
Mini Bonecas Vip Pets - Celebripets,Vip Pets,,"€29,99/un","€29,99/un"
Banheira com Acessórios,Titucho,,"€12,99/un","€12,99/un"
Boneco Titucho - Conjunto 4 em 1,Titucho,,"€32,99/un","€32,99/un"
Boneca Sarita Quero Ser Veterinária,Sarita,,"€14,99/un","€14,99/un"
Carro de Picnic/Mota com Sidecar Pinypon (vários modelos),Pinypon,,"€17,99/un","€17,99/un"
Conjunto de Roupas Cry Babies (vários modelos),Cry Babies,,"€5,99/un","€5,99/un"
Mansão de Bonecas,Play to Grow,,"€89,99/un","€89,99/un"
Boneca Sarita Fashion,Sarita,,"€7,99/un","€7,99/un"
Armário Fashion Deluxe,Rainbow High,,"€99,99/un","€99,99/un"
Carrinho de Metal Básico Nenuco,Nenuco,,"€21,99/un","€21,99/un"
Boneco Nenuco Interativo Dorme Comigo,Nenuco,,"€59,99/un","€59,99/un"
Boneco Nenuco Nadador,Nenuco,,"€34,99/un","€34,99/un"
Boneco Titucho com Cadeira da Papa (vários modelos),Titucho,,"€25,99/un","€25,99/un"
Nenucos do Mundo,Nenuco,,"€29,99/un","€29,99/un"
Barbie Campismo (vários modelos),Barbie,,"€32,99/un","€32,99/un"
O Meu Primeiro Titucho Fofo (várias cores),Titucho,,"€7,99/un","€7,99/un"
Harry Potter e a Câmara dos Segredos (vários modelos),Harry Potter,,"€32,99/un","€32,99/un"
Boneca Nancy - Roller Shoes,Nancy,,"€24,99/un","€24,99/un"
Boneca Sarita O Meu Toucador,Sarita,,"€19,99/un","€19,99/un"
Carrinho de Bolos da Coney,Cry Babies,,"€24,99/un","€24,99/un"
Centro de Maternidade Titucho,Titucho,,"€49,99/un","€49,99/un"
Boneco Nenuco Soft 3 Funções,Nenuco,,"€19,99/un","€19,99/un"
Boneca Nancy Um Dia de Verão,Nancy,,"€24,99/un","€24,99/un"
Busto Básico Elsa,Disney Frozen,,"€59,99/un","€59,99/un"
Boneca Nancy Um Dia de Sereia,Nancy,,"€29,99/un","€29,99/un"
Mala de Médico Nenuco,Nenuco,,"€22,99/un","€22,99/un"
Boneca Sarita Moda e Acessórios,Sarita,,"€24,99/un","€24,99/un"
Berço de Madeira,Titucho,,"€49,99/un","€49,99/un"
Mini Bonecas Vip Pets - Color Boost (vários modelos),Vip Pets,,"€24,99/un","€24,99/un"
Boneco Nenuco com Biberão e Guizo (várias cores),Nenuco,,"€24,99/un","€24,99/un"
Boneco Titucho - 36 Sons (vários modelos),Titucho,,"€34,99/un","€34,99/un"
Casa da Barbie,Barbie,,"€76,99/un","€76,99/un"
Boneco Nenuco Abracinhos,Nenuco,,"€29,99/un","€29,99/un"
Casa de Bonecas com Mobília,Play to Grow,,"€39,99/un","€39,99/un"
"Boneco Nenuco - Médica, Porque Chora?",Nenuco,,"€48,99/un","€48,99/un"
Carro Musical da Barbie,Barbie,,"€99,99/un","€99,99/un"
Boneca Barbie Extra (vários modelos),Barbie,,"€49,99/un","€49,99/un"
Barbie Princesa Tranças às Cores,Barbie,,"€44,99/un","€44,99/un"
Mini Bonecas Frozen 2 (vários modelos),Disney Frozen,,"€17,99/un","€17,99/un"
Boneca Barbie Penteados Color Reveal (vários modelos),Barbie,,"€54,99/un","€54,99/un"
Café da Barbie,Barbie,,"€46,99/un","€46,99/un"
Carrossel Barriguitas com Boneco,Barriguitas,,"€41,99/un","€41,99/un"
Cadeira de Baloiço Nenuco,Nenuco,,"€22,99/un","€22,99/un"
Boneco Nenuco Soft 5 Funções (várias cores),Nenuco,,"€24,99/un","€24,99/un"
Pack 2 Bonecas Ladybug e CatNoir,Ladybug,,"€54,99/un","€54,99/un"
Bebé com Roupa Rosa Barriguitas,Barriguitas,,"€22,99/un","€22,99/un"
Titucho com Andador Ursinho,Titucho,,"€39,99/un","€39,99/un"
Barbie Florista,Barbie,,"€44,99/un","€44,99/un"
"Boneca Nenuco - Doutora, Como está o meu Bebé?",Nenuco,,"€79,99/un","€79,99/un"
Busto Deluxe Anna,Disney Frozen,,"€79,99/un","€79,99/un"
Mini Boneca Bubiloons - Surpresa (vários modelos),IMC Toys,,"€17,99/un","€17,99/un"
Boneca Sarita Vamos Viajar,Sarita,,"€19,99/un","€19,99/un"
Boneca Nenuco com Set de Moda,Nenuco,,"€59,99/un","€59,99/un"
Mini Bonecas Vip Pets - Duo Pack,Vip Pets,,"€29,99/un","€29,99/un"
Boneca Original - Sasha,Bratz,,"€15,00/un","€15,00/un"
Boneco Titucho - Banho com Unicórnio,Titucho,,"€24,99/un","€24,99/un"
Boneca Barbie Dreamtopia Fadas (vários modelos),Barbie,,"€14,99/un","€14,99/un"
O Armario de Jenna Cry Babies,Cry Babies,,"€29,99/un","€29,99/un"
Barbie Sereia Color Reveal,Barbie,,"€31,49/un","€31,49/un"
Boneco Titucho - Bebé Menina (vários modelos),Titucho,,"€27,99/un","€27,99/un"
Boneco Titucho Gatinha,Titucho,,"€37,49/un","€37,49/un"
Mini Boneca Bloopies - Floaties (vários modelos),IMC Toys,,"€14,99/un","€14,99/un"
Barbie Extra Minis (vários modelos),Barbie,,"€19,99/un","€19,99/un"
Boneco Titucho Gémeos com 32 Acessórios,Titucho,,"€69,99/un","€69,99/un"
Boneco Nenuco - Dia de Infantário com Boneca,Nenuco,,"€69,99/un","€69,99/un"
Harry Potter - Boneca Básica Hermione,Harry Potter,,"€20,99/un","€20,99/un"
Boneco Titucho - Bebe e Faz Chichi,Titucho,,"€24,99/un","€24,99/un"
Barbie Vida Relaxante (vários modelos),Barbie,,"€24,99/un","€24,99/un"
Boneco Nenuco Baby Talks: Hora do Bacio,Nenuco,,"€24,99/un","€24,99/un"
Boneca Sarita Sereia Cauda Cintilante,Sarita,,"€9,99/un","€9,99/un"
Bonecas Barriguitas (vários modelos),Barriguitas,,"€16,99/un","€16,99/un"
Casa Maleta Rosa Pinypon,Pinypon,,"€44,99/un","€44,99/un"
Boneca Sarita Yoga,Sarita,,"€9,99/un","€9,99/un"
Alcofa e Cavalinho de Baloiço Barriguitas,Barriguitas,,"€17,99/un","€17,99/un"
Boneca Cry Babies Goodnight - Jenna,Cry Babies,,"€39,99/un","€39,99/un"
Boneca Sarita Princesa do Gelo,Sarita,,"€19,99/un","€19,99/un"
Happy Vehicles My First Pinypon (vários modelos),My First Pinypon,,"€19,99/un","€19,99/un"
Figuras Pinypon New Look BFF (vários modelos),Pinypon,,"€9,99/un","€9,99/un"
Boneco Titucho - Biberão Mágico,Titucho,,"€14,99/un","€14,99/un"
Boneca Sarita Aula de Equitação,Sarita,,"€27,99/un","€27,99/un"
Boneca Elsa Musical,Disney Frozen,,"€74,99/un","€74,99/un"
Barbie Fada Color Reveal,Barbie,,"€31,49/un","€31,49/un"
Boneco Mini Titucho com Acessórios (vários modelos),Titucho,,"€9,99/un","€9,99/un"
Boneca Nenuco Saco Fraldário com Acessórios,Nenuco,,"€22,99/un","€22,99/un"
Carrinho de Bebé Barriguitas,Barriguitas,,"€34,99/un","€34,99/un"
Boneca Sarita Vestido de Noiva,Sarita,,"€14,99/un","€14,99/un"
Rainbow Reveal Ariel,Disney Princess,,"€29,99/un","€29,99/un"
Saco Fraldas e Acessórios Titucho (vários modelos),Titucho,,"€7,99/un","€7,99/un"
Ambulância de Emergência Pinypon,Pinypon,,"€46,99/un","€46,99/un"
Mini Figuras (vários modelos),Disney Mickey,,"€9,99/un","€9,99/un"
Barbie Fashionista (vários modelos),Barbie,,"€29,99/un","€29,99/un"
Pinypon Cabelão - Pónei Cabelos ao Vento,Pinypon,,"€17,99/un","€17,99/un"
Ken com cadeira de rodas,Barbie,,"€29,99/un","€29,99/un"
Boneco Titucho 7 Funções,Titucho,,"€29,99/un","€29,99/un"
Boneca Royal Enchantimals (vários modelos),Enchantimals,,"€19,99/un","€19,99/un"
Mini Bonecas Princesas Disney (vários modelos),Disney Princess,,"€17,99/un","€17,99/un"
Roupinhas Titucho (vários modelos),Titucho,,"€9,99/un","€9,99/un"
Carro de Campismo Pinypon,Pinypon,,"€39,99/un","€39,99/un"
Boneca Sarita Sereia de Luz,Sarita,,"€19,99/un","€19,99/un"
Boneca Nancy Um Dia a Salvar Tartarugas,Nancy,,"€17,99/un","€17,99/un"
My First Pinypon - Arca de Noé,My First Pinypon,,"€29,99/un","€29,99/un"
Boneca Pure Baby (vários modelos),Pure Baby,,"€24,99/un","€24,99/un"
Boneca Pure Baby com Acessórios (vários modelos),Pure Baby,,"€29,99/un","€29,99/un"
Carrinho do Lanche Barriguitas,Barriguitas,,"€32,99/un","€32,99/un"
Boneco Titucho Chorão,Titucho,,"€14,99/un","€14,99/un"
Happy Bus My First Pinypon,My First Pinypon,,"€24,99/un","€24,99/un"
Ken Fashionista (vários modelos),Barbie,,"€14,99/un","€14,99/un"
Roupinha em Cabide Nenuco (vários modelos),Nenuco,,"€12,99/un","€12,99/un"
Boneca Barbie Dreamtopia Sereias (vários modelos),Barbie,,"€14,99/un","€14,99/un"
Bonecas Disney Princess Moda Surpresa (vários modelos),Disney Princess,,"€12,99/un","€12,99/un"
My Model Doll Design - Fantasia,Educa,,"€24,99/un","€24,99/un"
Playset Restaurante Barbie Cook ‘n Grill com Boneca,Barbie,,"€89,99/un","€89,99/un"
Barbie Animais & Acessórios (vários modelos),Barbie,,"€14,99/un","€14,99/un"
Figura Hairstyles Sunny Starscout,My Little Pony,,"€22,99/un","€22,99/un"
Conjunto 6 em 1 Titucho,Titucho,,"€39,99/un","€39,99/un"
Cry Babies BFF - Boneca Kristal,Cry Babies,,"€31,99/un","€31,99/un"
Bebé Amicicci - Hora de Comer (vários modelos),Amicicci,,"€16,99/un","€16,99/un"
Playset Barbie - Tenda de Campismo,Barbie,,"€69,99/un","€69,99/un"
Bonecas Cry Babies Magic Tears Music Edition (vários modelos),Cry Babies,,"€20,99/un","€20,99/un"
Boneca Riviera,Mermaidz,,"€36,99/un","€36,99/un"
Berço Luxury Barriguitas,Barriguitas,,"€44,99/un","€44,99/un"
Boneca Ari 46cm,Our Generation,,"€59,99/un","€59,99/un"
Boneca Nancy - Snow Fashion,Nancy,,"€59,99/un","€59,99/un"
Boneca Carly 46cm,Our Generation,,"€39,99/un","€39,99/un"
Scooter Unique Eyes (vários modelos),Unique Eyes,,"€39,99/un","€39,99/un"
Boneca Winter Break Syler Bradshaw,Rainbow High,,"€49,99/un","€49,99/un"
Mini Bonecas Vip Pets - Fans Glam Genis,Vip Pets,,"€12,99/un","€12,99/un"
Boneca Barbie Color Reveal Foam! Pineapple,Barbie,,"€44,99/un","€44,99/un"
Boneca Coco Vanderbalt - Cobalt,Rainbow High,,"€39,99/un","€39,99/un"
Boneca Party Theme Marisa Golding,Rainbow High,,"€60,99/un","€60,99/un"
Boneca Enchantimals City Multipack,Enchantimals,,"€69,99/un","€69,99/un"
Figuras Ladybug (vários modelos),Ladybug,,"€16,99/un","€16,99/un"
Cry Babies - Dressy Outfits (vários modelos),Cry Babies,,"€14,99/un","€14,99/un"
Cry Babies - Magic Tears Pet House Fantasy (vários modelos),Cry Babies,,"€9,99/un","€9,99/un"
Figura Ultimate Princess - Cinderella,Funko POP!,,"€15,99/un","€15,99/un"
Baby Nursery,Simba,,"€69,99/un","€69,99/un"
Playset Clinica Médica da Barbie com Boneca,Barbie,,"€89,99/un","€89,99/un"
Boneca Ruby Anderson,Rainbow High,,"€29,99/un","€29,99/un"
Playset Musical Mane Melody,My Little Pony,,"€54,99/un","€54,99/un"
Boneca Baby Alive Princess Ellie Grows Up Morena,Baby Alive,,"€69,99/un","€69,99/un"
Mini Bonecas Vip Pets - Mini Fans Spring Vibes (vários modelos),Vip Pets,,"€12,99/un","€12,99/un"
Boneca Nancy - Tenis Chic,Nancy,,"€29,99/un","€29,99/un"
Barbie Dia no Spa,Barbie,,"€49,99/un","€49,99/un"
O Meu Primeiro Bebé (vários modelos),My Garden Baby,,"€22,99/un","€22,99/un"
Barbie Estábulo,Barbie,,"€37,99/un","€37,99/un"
Boneca Sarita e o Seu Carro Rosa,Sarita,,"€27,99/un","€27,99/un"
Boneco Nenuco Brinca a Curar,Nenuco,,"€29,99/un","€29,99/un"
Gabby's Dollhouse - Boneca Gabby,Gabby's Dollhouse,,"€22,99/un","€22,99/un"
Boneca Nancy - Um Dia na Escola de Sereias,Nancy,,"€56,99/un","€56,99/un"
Boneca Barbie - Cãezinhos Recém-Nascidos,Barbie,,"€32,99/un","€32,99/un"
Boneca Phoebe 45cm,Our Generation,,"€49,99/un","€49,99/un"
Bonecas Disney Princesas (vários modelos),Disney Princess,,"€17,99/un","€17,99/un"
Boneca Sarita - Closet de Sonho,Sarita,,"€69,99/un","€69,99/un"
Cry Babies BFF - Boneca Jenna,Cry Babies,,"€31,99/un","€31,99/un"
Porta-bebés para Bonecos Nenunco,Nenuco,,"€12,99/un","€12,99/un"
Barbie Cutie Reveal - Coelhinho,Barbie,,"€32,99/un","€32,99/un"
Magic Tears Icy World Keep Me Warm (vários modelos),Cry Babies,,"€16,99/un","€16,99/un"
Vip Pets - Cabeleireiro F&F Glam Gems,Vip Pets,,"€44,99/un","€44,99/un"
Boneca Core Doll Series - Neonlicious,L.O.L. Surprise,,"€27,99/un","€27,99/un"
Encanto - Pack 5 Mini Figuras,Disney Encanto,,"€20,99/un","€20,99/un"
Amicicci - Hora de Dormir,Amicicci,,"€29,99/un","€29,99/un"
Loja de Gelados,Our Generation,,"€99,99/un","€99,99/un"
Boneca Glitter Color Change,L.O.L. Surprise!,,"€12,99/un","€12,99/un"
Boneca WOW Hair (vários modelos),Unique Eyes,,"€31,99/un","€31,99/un"
Boneca Winter Break Sunny Madison,Rainbow High,,"€49,99/un","€49,99/un"
Boneco Nenuco O Meu Primeiro Banho,Nenuco,,"€24,99/un","€24,99/un"
Pastelaria da Barbie,Barbie,,"€49,99/un","€49,99/un"
"Boneca Nancy, Um Dia com o meu Hoverboard",Nancy,,"€56,99/un","€56,99/un"
Boneca Carlota Cambalhota,Concentra,,"€24,99/un","€24,99/un"
Veículo Barbie Caravana de Sonho 3 em 1,Barbie,,"€129,99/un","€129,99/un"
Barbie Color Reveal,Barbie,,"€24,99/un","€24,99/un"
Boneco Nenuco Canção de Embalar (várias cores),Nenuco,,"€17,99/un","€17,99/un"
Boneca Talita 50cm,Our Generation,,"€39,99/un","€39,99/un"
Figura Descobrir o Arco-Íris - Sunny Starscout,My Little Pony,,"€26,99/un","€26,99/un"
Pack Mini Figura Articulada e Veículo (vários modelos),Disney Minnie,,"€29,99/un","€29,99/un"
Carro da Coelhinha,Enchantimals,,"€29,99/un","€29,99/un"
Mini Boneca Pinypon - Que Arrojado o Teu Penteado! (vários modelos),Pinypon,,"€9,99/un","€9,99/un"
Boneca Anna,Disney Frozen,,"€17,99/un","€17,99/un"
Cry Babies BFF - Boneca Katie,Cry Babies,,"€31,99/un","€31,99/un"
Boneca Fashion Show Doll Asst in PDQ,L.O.L. Surprise,,"€12,99/un","€12,99/un"
Boneco Nenuco - Estás Bem Tapadinho?,Nenuco,,"€59,99/un","€59,99/un"
Casa Amicicci,Amicicci,,"€64,99/un","€64,99/un"
Boneca Winter Basics (vários modelos),Unique Eyes,,"€24,99/un","€24,99/un"
Boneca Barbie Color Reveal Foam! Strawberry,Barbie,,"€44,99/un","€44,99/un"
Bonecas Disney Princesas (vários modelos),Disney Princess,,"€17,99/un","€17,99/un"
Boneca Pinypon My Puppy and Me - 2 Figuras,Pinypon,,"€17,99/un","€17,99/un"
Boneca Cry Babies - Storyland Scarlet,Cry Babies,,"€42,99/un","€42,99/un"
Mercado da Barbie,Barbie,,"€14,99/un","€14,99/un"
Barbie Cutie Reveal - Brilho de Inverno - Veado,Barbie,,"€32,99/un","€32,99/un"
Estilos de Princesas (vários modelos),Disney Frozen,,"€29,99/un","€29,99/un"
Palácio Portátil de Gelo da Elsa,Disney Frozen,,"€99,99/un","€99,99/un"
Boneco Nenuco com Acessórios (vários modelos),Nenuco,,"€26,99/un","€26,99/un"
Boneca Sarita Disco (vários modelos),Sarita,,"€12,99/un","€12,99/un"
Baby Alive Pulo Feliz,Baby Alive,,"€49,99/un","€49,99/un"
Boneca Baby Alive Princess Ellie Grows Up Loira,Baby Alive,,"€69,99/un","€69,99/un"
Trottie - Boneca Sophie Famosa,Trottie,,"€36,99/un","€36,99/un"
Boneca Nancy Caracóis Poderosos 45cm (vários modelos),Nancy,,"€19,99/un","€19,99/un"
Banheira Nenuco,Nenuco,,"€22,99/un","€22,99/un"
Carrinho 3 em 1,Titucho,,"€69,99/un","€69,99/un"
Encanto - Pack 12 Mini Figuras,Disney Encanto,,"€41,99/un","€41,99/un"
Boneca Shellnelle,Mermaidz,,"€36,99/un","€36,99/un"
Boneca Jordie,Mermaidz,,"€36,99/un","€36,99/un"
Boneca 707 OMG Dolls - Lady Diva,L.O.L. Surprise,,"€42,99/un","€42,99/un"
Got 2 Glow Fairies - Fadas Interativas (vários modelos),Got 2 Glow,,"€79,99/un","€79,99/un"
Boneco Nenuco - Fralda Mágica,Nenuco,,"€42,99/un","€42,99/un"
Mansão Barriguitas,Barriguitas,,"€119,99/un","€119,99/un"
Boneca Barbie Viagem de Verão,Barbie,,"€26,99/un","€26,99/un"
Barbie Cutie Reveal - Gatinha,Barbie,,"€32,99/un","€32,99/un"
Bebé Amicicci com Baloiço (vários modelos),Amicicci,,"€24,99/un","€24,99/un"
Boneca Nancy - Maquilhagem Arco íris,Nancy,,"€34,99/un","€34,99/un"
Bebés Borboleta (vários modelos),My Garden Baby,,"€29,99/un","€29,99/un"
Boneca Poppy Rowan,Rainbow High,,"€29,99/un","€29,99/un"
Trottie - Boneca Lucy Famosa,Trottie,,"€36,99/un","€36,99/un"
Figuras Cabelo Real (vários modelos),My Little Pony,,"€14,99/un","€14,99/un"
Boneca Fashion Studio,Rainbow High,,"€64,99/un","€64,99/un"
Boneca Barbie Poder de Sereia,Barbie,,"€49,99/un","€49,99/un"
Kiss Me - Elodie,Cry Babies,,"€49,99/un","€49,99/un"
Boneca Core Doll Series - Lady Diva,L.O.L. Surprise,,"€27,99/un","€27,99/un"
Boneco Nenuco - Estás Doentinho?,Nenuco,,"€34,99/un","€34,99/un"
Boneca Delilah Fields - Buttercup,Rainbow High,,"€39,99/un","€39,99/un"
Boneca Tentpole Di Doll Dourada - Meline,Rainbow High,,"€56,99/un","€56,99/un"
Barriguitas na Escola,Barriguitas,,"€55,99/un","€55,99/un"
Boneca Cry Babies Goodnight Coney,Cry Babies,,"€39,99/un","€39,99/un"
Pipp Revela o Quarto Real,My Little Pony,,"€26,99/un","€26,99/un"
Boneca Rosinha,Miss Concentra,,"€34,99/un","€34,99/un"
Gabby's Dollhouse - Casa de Bonecas,Gabby's Dollhouse,,"€119,99/un","€119,99/un"
Trottie - Boneca Mia Famosa,Trottie,,"€36,99/un","€36,99/un"
Boneca Magic Secret Code,Pinypon,,"€59,99/un","€59,99/un"
Carrinho Passeio com Bolsa,Titucho,,"€34,99/un","€34,99/un"
Boneca Crystal Flyers Fada Voadora Pop Star (vários modelos),Concentra,,"€54,99/un","€54,99/un"
Boneco Nenuco - Cute Animais (vários modelos),Nenuco,,"€12,99/un","€12,99/un"
Boneca Barbie Limusine com Irmãs,Barbie,,"€119,99/un","€119,99/un"
Playset Cidade,Enchantimals,,"€69,99/un","€69,99/un"
Boneca Tweens Doll- Aya Cherry,L.O.L. Surprise,,"€26,99/un","€26,99/un"
Boneca Winter Break Violet Willow,Rainbow High,,"€49,99/un","€49,99/un"
Boneca Barbie Extra Deluxe,Barbie,,"€69,99/un","€69,99/un"
Boneca Pinypon Novos Contos - 2 Figuras (vários modelos),Pinypon,,"€12,99/un","€12,99/un"
Bonecas Ladybug (vários modelos),Ladybug,,"€26,99/un","€26,99/un"
Magic Tears Happy Flowers,Cry Babies,,"€27,99/un","€27,99/un"
Boneca Cry Babies - Dressy Minnie,Cry Babies,,"€46,99/un","€46,99/un"
Bonecas Transformáveis Ladybug,Ladybug,,"€36,99/un","€36,99/un"
Acessórios Nancy - Summer Party,Nancy,,"€14,99/un","€14,99/un"
Boneca Sarita - Carruagem Azul,Sarita,,"€69,99/un","€69,99/un"
Figura A Pequena Sereia - Ariel,Disney,,"€27,99/un","€27,99/cm"
Boneca Barbie Malibu,Barbie,,"€49,99/un","€49,99/un"
Busto Deluxe Tie Dye e Bead,Barbie,,"€59,99/un","€59,99/un"
Boneco Nenuco Baby Talks: Hora de Dormir,Nenuco,,"€24,99/un","€24,99/un"
Boneca Kishiko,Mermaidz,,"€36,99/un","€36,99/un"
Amicicci - Hora de Relaxar,Amicicci,,"€21,99/un","€21,99/un"
Boneca Loves Mini Sweet Dolls,L.O.L. Surprise!,,"€12,99/un","€12,99/un"
Boneca Jewel Richie - Emerald,Rainbow High,,"€39,99/un","€39,99/un"
Boneco Nenuco Sente o Seu Coração,Nenuco,,"€39,99/un","€39,99/un"
Boneca Miss Concentra Ritinha Gatinha e Caminha,Miss Concentra,,"€49,99/un","€49,99/un"
Boneca Nancy - Um Dia de Segredos de Beleza (vários modelos),Nancy,,"€52,99/un","€52,99/un"
Boneca Cry Babies - Kiss Me Sydney,Cry Babies,,"€46,99/un","€46,99/un"
Boneca Florence 45cm,Our Generation,,"€39,99/un","€39,99/un"
Boneca Meagen 50cm,Our Generation,,"€49,99/un","€49,99/un"
Barbie Cavalo de Saltos Playset,Barbie,,"€9,99/un","€9,99/un"
Barbie Loves the Ocean (vários modelos),Barbie,,"€14,99/un","€14,99/un"
Boneca Skyler Bradshaw,Rainbow High,,"€29,99/un","€29,99/un"
Boneca Rainha Elsa Musical,Disney Frozen,,"€34,99/un","€34,99/un"
Busto Deluxe Elsa,Disney Frozen,,"€79,99/un","€79,99/un"
Boneca Barbie Chelsea Color Reveal (vários modelos),Barbie,,"€16,99/un","€16,99/un"
Boneca Cry Babies Dressy - Kristal,Cry Babies,,"€62,99/un","€62,99/un"
Enchantimals - Parque da Cidade,Enchantimals,,"€39,99/un","€39,99/un"
Boneca Barbie Color Reveal Foam! Watermelon,Barbie,,"€44,99/un","€44,99/un"
Bonecas Cry Babies Coney e Sydney,Cry Babies,,"€56,99/un","€56,99/un"
Boneca Tweens Doll- Goldie Twist,L.O.L. Surprise,,"€26,99/un","€26,99/un"
Boneca Core Doll Series - Royal B,L.O.L. Surprise,,"€27,99/un","€27,99/un"
Boneca Nancy - Um Dia no Mundo da Moda,Nancy,,"€34,99/un","€34,99/un"
Boneca Nancy - Conjunto Doces Sonhos,Nancy,,"€17,99/un","€17,99/un"
Boneca Sabrina 46cm,Our Generation,,"€59,99/un","€59,99/un"
Nenuco - O Berço Que Te Ajuda,Nenuco,,"€69,99/un","€69,99/un"
My Model Doll Design - Fashion Atelier,Educa,,"€54,99/un","€54,99/un"
Boneca Kia Hart,Rainbow High,,"€49,99/un","€49,99/un"
5 Surprise - Unicorn Squad (vários modelos),5 Surprise,,"€10,99/un","€10,99/un"
Boneca Barbie com Supermercado,Barbie,,"€49,99/un","€49,99/un"
My Model Doll Design - Glam Chic,Educa,,"€24,99/un","€24,99/un"
Cadeira de Vestir,Our Generation,,"€56,99/un","€56,99/un"
Cry Babies - Magic Tears Disney Edition (vários modelos),Cry Babies,,"€20,99/un","€20,99/un"
Conjunto de Banho Titucho,Titucho,,"€17,99/un","€17,99/un"
Cry Babies BFF - Boneca Stella,Cry Babies,,"€31,99/un","€31,99/un"
Boneca Barbie Extra Fancy (vários modelos),Barbie,,"€59,99/un","€59,99/un"
Cry Babies Magic Tears - Mega Casa Dreamy,Cry Babies,,"€89,99/un","€89,99/un"
Encanto - Mini Figuras com Acessórios (vários modelos),Disney Encanto,,"€7,99/un","€7,99/un"
Single Blister S5 - Roupa de Noite,Amicicci,,"€12,99/un","€12,99/un"
Pizzaria Pinypon,Pinypon,,"€39,99/un","€39,99/un"
Barriguitas na Escola - Colégio Trousseau (vários modelos),Barriguitas,,"€22,99/un","€22,99/un"
Boneca Nancy - Um Dia de BTT,Nancy,,"€69,99/un","€69,99/un"
Boneco Nenuco Boutique,Nenuco,,"€89,99/un","€89,99/un"
Bebés Sortidos (vários modelos),Amicicci,,"€12,99/un","€12,99/un"
Barbie Cutie Reveal - Panda,Barbie,,"€32,99/un","€32,99/un"
Boneco Titucho - 6 Sons,Titucho,,"€12,99/un","€12,99/un"
Barbie Loja de Gelados,Barbie,,"€32,99/un","€32,99/un"
Boneco Nenuco Sempre Comigo,Nenuco,,"€59,99/un","€59,99/un"
Playset Story Scenes (vários modelos),My Little Pony,,"€26,99/un","€26,99/un"
Conjunto 5 Bonecas Barbie Extra,Barbie,,"€149,99/un","€149,99/un"
Mini Bonecas Vip Pets - Glam Gems (vários modelos),Vip Pets,,"€24,99/un","€24,99/un"
Boneca Harmonique,Mermaidz,,"€36,99/un","€36,99/un"
Boneca Tweens Doll- Lexi Gurl,L.O.L. Surprise,,"€26,99/un","€26,99/un"
Boneca Pinypon Iris Surprise,Pinypon,,"€69,99/un","€69,99/un"
Mota da Pizzaria Pinypon,Pinypon,,"€14,99/un","€14,99/un"
Boneca Nancy - Todos os Dias Uma Tatuagem,Nancy,,"€49,99/un","€49,99/un"
Boneca Reid 46cm,Our Generation,,"€39,99/un","€39,99/un"
Boneca Nancy - Um Dia no Spa,Nancy,,"€69,99/un","€69,99/un"
Boneca Maria (vários modelos),Vicam,,"€53,99/un","€53,99/un"
Boneca Barbie Super Penteados Arco-Íris,Barbie,,"€34,99/un","€34,99/un"
Boneco Nenuco Maxi Care Centre,Nenuco,,"€162,99/un","€162,99/un"
Boneca Sunny Madison,Rainbow High,,"€29,99/un","€29,99/un"
Trottie - Boneca Limo e Emma Famosa,Trottie,,"€64,99/un","€64,99/un"
Playset Helicóptero de Resgate,Hello Kitty,,"€12,50/un","€12,50/un"
Fashion Looks (vários modelos),Nancy,,"€7,99/un","€7,99/un"
Barbie Look Completo - Conjunto de Moda (vários modelos),Barbie,,"€9,99/un","€9,99/un"
Carro Barbie Extra,Barbie,,"€62,99/un","€62,99/un"
Barbie Cutie Reveal - Cãozinho,Barbie,,"€32,99/un","€32,99/un"
Boneca Barbie Unicórnio (vários modelos),Barbie,,"€14,99/un","€14,99/un"
Playset Barbie - Estúdio de Arte,Barbie,,"€54,99/un","€54,99/un"
Boneca 707 OMG Dolls - Swag,L.O.L. Surprise,,"€42,99/un","€42,99/un"
Boneca Nancy - Armário de Sonho,Nancy,,"€32,99/un","€32,99/un"
Boneca Montana Faye 46cm,Our Generation,,"€39,99/un","€39,99/un"
Camião de Comida da Barbie,Barbie,,"€109,99/un","€109,99/un"
Boneca Barbie e Ken Closet e Descapotável,Barbie,,"€99,99/un","€99,99/un"
Boneca Nancy Um Dia de Beleza,Nancy,,"€56,99/un","€56,99/un"
Bonecas Enchantimals e Animais Amigos (vários modelos),Enchantimals,,"€11,99/un","€11,99/un"
Boneca Nancy - Um Dia com a Minha Trotinete,Nancy,,"€69,99/un","€69,99/un"
Boneca Sarita Babysitter,Sarita,,"€29,99/un","€29,99/un"
Figura Patinação Musical - Sunny Starscout,My Little Pony,,"€67,99/un","€67,99/un"
Mini Bonecas Vip Pets - Tiny Style (vários modelos),Vip Pets,,"€4,99/un","€4,99/un"
Figura Frozen - Elsa,Disney Frozen,,"€27,99/un","€27,99/cm"
Cry Babies - Dressy Katie,Cry Babies,,"€42,99/un","€42,99/un"
Boneca Barbie e Acessórios,Barbie,,"€29,99/un","€29,99/un"
Boneca 707 OMG Dolls - Royal Bee,L.O.L. Surprise,,"€42,99/un","€42,99/un"
Happy Burguer Pinypon,Pinypon,,"€59,99/un","€59,99/un"
Boneca Nancy - Um Dia de 3 Desejos,Nancy,,"€37,99/un","€37,99/un"
Boneca Winter Break Ruby Anderson,Rainbow High,,"€49,99/un","€49,99/un"
Boneca Barbie Fashionista (vários modelos),Barbie,,"€16,99/un","€16,99/un"
Boneco Meu Pequeno Nenuco Recém-nascido,Nenuco,,"€26,99/un","€26,99/un"
Pulseira Cry Babies Bracelet Magic Tears (vários modelos),Cry Babies,,"€2,99/un","€2,99/un"
"Boneca Cry Babies - Magic Tears, Happy Flowers",Cry Babies,,"€19,99/un","€19,99/un"
Barbie Cutie Reveal - Brilho de Inverno - Husky,Barbie,,"€32,99/un","€32,99/un"
Scooter,Our Generation,,"€69,99/un","€69,99/un"
Boneca Barbie Dreamhouse Adventures,Barbie,,"€16,99/un","€16,99/un"
Boneca Nancy - Um Dia Brilhando no Escuro,Nancy,,"€54,99/un","€54,99/un"
Playset Barbie Festa Color Reveal,Barbie,,"€89,99/un","€89,99/un"
Boneca Violet Willow,Rainbow High,,"€29,99/un","€29,99/un"
Boneca Rainha Anna Musical,Disney Frozen,,"€29,99/un","€29,99/un"
Boneca April 45cm,Our Generation,,"€39,99/un","€39,99/un"
Boneca Nancy - 1001 Looks,Nancy,,"€36,99/un","€36,99/un"
Playset Barbie - Mansão Dreamhouse,Barbie,,"€599,99/un","€599,99/un"
Playset Centro Médico 3 em 1,Chicos,,"€39,99/un","€39,99/un"
Boneca Cry Babies Dressy - Lady,Cry Babies,,"€44,99/un","€44,99/un"
Bonecas Enchantimals (vários modelos),Enchantimals,,"€19,99/un","€19,99/un"
Armário Nenuco,Nenuco,,"€34,99/un","€34,99/un"
Boneca Tyanna 46cm,Our Generation,,"€59,99/un","€59,99/un"
Boneca Ruby 46cm,Our Generation,,"€39,99/un","€39,99/un"
Boneca Mini Sweets O-Matic,L.O.L. Surprise!,,"€18,99/un","€18,99/un"
My Model Doll Design - Pop Star,Educa,,"€24,99/un","€24,99/un"
Boneca Party Theme Brianna Dulce,Rainbow High,,"€60,99/un","€60,99/un"
Bonecas Disney Princesas (vários modelos),Disney Princess,,"€17,99/un","€17,99/un"
Wow Water Park Pinypon,Pinypon,,"€32,99/un","€32,99/un"
Bonecas Princesas Disney (vários modelos),Disney Princess,,"€31,99/un","€31,99/un"
Acessórios Nancy - Luxury Tropic,Nancy,,"€17,99/un","€17,99/un"
Boneca Sarah 50cm,Our Generation,,"€39,99/un","€39,99/un"
Barbie Sereia Luminosa,Barbie,,"€34,99/un","€34,99/un"
Boneca Barbie Brooklyn,Barbie,,"€36,99/un","€36,99/un"
Boneca Sarita Dentista,Sarita,,"€26,99/un","€26,99/un"
Boneca Masha com Peluche Urso,Masha e o Urso,,"€32,99/un","€32,99/un"
Boneca Barbie Extra Basketall Jersey,Barbie,,"€24,49/un","€24,49/un"
Conjunto Acessórios Titucho 15 Peças,Titucho,,"€7,99/un","€7,99/un"
Gabby's Dollhouse - Figuras Surpresa,Gabby's Dollhouse,,"€6,99/un","€6,99/un"
Gabby's Dollhouse - Quartos Deluxe,Gabby's Dollhouse,,"€20,99/un","€20,99/un"
Boneco Nenuco - O Que Comemos Hoje?,Nenuco,,"€69,99/un","€69,99/un"
Novas Roupitas 42cm (vários modelos),Nenuco,,"€12,99/un","€12,99/un"
Boneca Barbie Turista,Barbie,1 un,"€39,99/un","€39,99/un"
Boneco Nenuco Ups! Faz Chichi,Nenuco,,"€29,99/un","€29,99/un"
Boneca Elsa - Revelação Real,Disney Frozen,,"€32,99/un","€32,99/un"
Boneca Barbie e o seu Cavalo,Barbie,,"€52,99/un","€52,99/un"
Boneco Nenuco Baby Talks: Vamos Vestir,Nenuco,,"€24,99/un","€24,99/un"
Boneca Maria 51cm (vários modelos),Vicam,,"€19,99/un","€19,99/un"
My Model Doll - Design Casual,Educa,,"€24,99/un","€24,99/un"
Figura Cutie Mark Magic (vários modelos),My Little Pony,,"€11,99/un","€11,99/un"
Boneca Baby Alive Dia de Spa,Baby Alive,,"€32,99/un","€32,99/un"
Gabby's Dollhouse - Pack Figuras com Acessórios,Gabby's Dollhouse,,"€19,99/un","€19,99/un"
Bebé com Roupa Azul Barriguitas,Barriguitas,,"€22,99/un","€22,99/un"
Boneca Valencia 50cm,Our Generation,1 un,"€39,99/un","€39,99/un"
Varinha Mágica Musical Frozen 2,Disney Frozen,,"€25,99/un","€25,99/un"
Playset Bow Hotel,Disney Minnie,,"€109,99/un","€109,99/un"
Boneco Titucho 36 Sons com Mochila Passeio,Titucho,,"€26,99/un","€26,99/un"
Hospital de Emergência Pinypon,Pinypon,,"€69,99/un","€69,99/un"
Cadeirinha para o Carro Nenuco,Nenuco,,"€22,99/un","€22,99/un"
Figura Aventuras de Cristal (vários modelos),My Little Pony,,"€14,99/un","€14,99/un"
Sereia Bolas de Sabão,Enchantimals,,"€22,99/un","€22,99/un"
Playset Barbie Agricultora,Barbie,,"€57,99/un","€57,99/un"
Magic Tears Icy World Frozen Frutti (vários modelos),Cry Babies,,"€21,99/un","€21,99/un"
Amicicci - Ride Time,Amicicci,,"€21,99/un","€21,99/un"
Boneca Barbie Dreamtopia 2em1 Princesa e Sereia,Barbie,,"€34,99/un","€34,99/un"
"Boneca Barbie de Férias, Bicicleta e Acessórios",Barbie,,"€69,99/un","€69,99/un"
Boneca Nancy Um Dia a Fazer Madeixas,Nancy,,"€34,99/un","€34,99/un"
Barbie Loja de Animais,Barbie,,"€39,99/un","€39,99/un"
Boneco Nenuco Funções Mágicas,Nenuco,,"€29,99/un","€29,99/un"
Barbie Cutie Reveal - Brilho de Inverno - Urso Polar,Barbie,,"€32,99/un","€32,99/un"
Barbie Cutie Reveal - Brilho de Inverno - Coruja,Barbie,,"€32,99/un","€32,99/un"
Boneca Barbie Dreamtopia Princesas (Vários Modelos),Barbie,,"€14,99/un","€14,99/un"
Boneca Elsa,Disney Frozen,,"€17,99/un","€17,99/un"
Barbie Casa Malibu,Barbie,,"€29,99/un","€29,99/un"
Pack 2 Figuras Harry Potter (Harry),Harry Potter,,"€15,99/un","€15,99/un"
Boneco Nenuco e Petuco,Nenuco,,"€49,99/un","€49,99/un"
Boneco Nenuco - Passeio com o Mateo,Nenuco,,"€49,99/un","€49,99/un"
Boneca Twinkle 46cm,Our Generation,,"€59,99/un","€59,99/un"
Boneca Tentpole Di Doll Rosa - Sabrina,Rainbow High,,"€56,99/un","€56,99/un"
Boneca Kátia Beijinhos,Concentra,,"€34,99/un","€34,99/un"
Cadeira de Passeio Cry Babies,Cry Babies,,"€14,99/un","€14,99/un"
Bebé My Garden Baby (vários modelos),My Garden Baby,,"€34,99/un","€34,99/un"
Bonecas Frozen 2 Deluxe,Disney Frozen,,"€36,99/un","€36,99/un"
Mini Figura Pinypon - Mix & Match Neon Party,Pinypon,,"€29,99/un","€29,99/un"
5 Surprise - Toy Mini Brands (vários modelos),5 Surprise,,"€10,99/un","€10,99/un"
Puppy Motorbike com Reboque e Figuras Pinypon,Pinypon,,"€22,99/un","€22,99/un"
Boneca Barbie Extra Flower Power,Barbie,,"€24,49/un","€24,49/un"
Figura Cantora Princess Petals,My Little Pony,,"€39,99/un","€39,99/un"
Boneca Hair Studio,Rainbow High,,"€69,99/un","€69,99/un"
Playset Casa,Disney Minnie,,"€56,99/un","€56,99/un"
Cry Babies BFF - Boneca Dotty,Cry Babies,,"€31,99/un","€31,99/un"
Boneca Barbie Brooklyn,Barbie,,"€14,99/un","€14,99/un"
Conjunto Hermione,Harry Potter,,"€34,99/un","€34,99/un"
Boneca 707 OMG Dolls - Neonlicious,L.O.L. Surprise,,"€42,99/un","€42,99/un"
Cadeirinha Nenuco,Nenuco,,"€22,99/un","€22,99/un"
Mega Pack de Acessórios Nenuco,Nenuco,,"€24,99/un","€24,99/un"
Boneca Nancy - Hair Colour Change,Nancy,,"€54,99/un","€54,99/un"
Boneca Nancy - Um Dia Trendy (vários modelos),Nancy,,"€9,99/un","€9,99/un"
Boneco Nenuco - Hora de Nadar,Nenuco,,"€39,99/un","€39,99/un"
Boneca Gliter Change Pearl,L.O.L. Surprise!,,"€34,99/un","€34,99/un"
Boneca Shadow High Doll Shanelle Onyx,Rainbow High,,"€44,99/un","€44,99/un"
Boneca Mila Berrymore - Burgundy,Rainbow High,,"€39,99/un","€39,99/un"
Boneca Shadow High Doll Heather Grayson,Rainbow High,,"€44,99/un","€44,99/un"
Dino Valley - Caixa Dino com 45 acessórios,Dino Valley,,"€24,99/un","€24,99/un"
Playset Transformável Mundo Pokemon,Pokemon,,"€66,99/un","€66,99/un"
Harry Potter - Cápsulas Mágicas,Harry Potter,,"€14,99/un","€14,99/un"
Bakugan S3 - Jumbo Pack (vários modelos),Bakugan,,"€19,99/un","€19,99/un"
Figuras XL - Batman (vários modelos),Batman,,"€16,99/un","€16,99/un"
Lançador Fury 4,X-Shot,,"€9,99/un","€9,99/un"
Peluche Baby Yoda 28cm,Star Wars,,"€44,99/un","€44,99/un"
Figuras Batman com Acessórios (vários modelos),Batman,,"€22,99/un","€22,99/un"
Pack 2 Figuras Marvel,Goo Jit Zu,,"€41,99/un","€41,99/un"
Figuras Star Wars - Mighty Mugs (vários modelos),Star Wars,,"€7,79/un","€7,79/un"
Figura Fortnite - Ex Solo Mode,Fortnite,,"€7,79/un","€7,79/un"
Figura Anime Heroes - Sagittarius Aiolos,Bandai,,"€17,99/un","€17,99/un"
Figuras Batman XL Deluxe (vários modelos),Batman,,"€31,99/un","€31,99/un"
Figura Deluxe XL - Batman,Batman,,"€31,99/un","€31,99/un"
Figura Anime Heroes - Gemini Saga,Bandai,,"€17,99/un","€17,99/un"
Figuras Marvel Goo Jit Zu (vários modelos),Goo Jit Zu,,"€20,99/un","€20,99/un"
Lançador Elite Commander RC-6,Nerf,,"€19,99/un","€19,99/un"
Figuras Flexíveis Avengers 15cm (vários modelos),Disney Avengers,,"€17,99/un","€17,99/un"
Lançador Elite 2.0 Shockwave RD-15,Nerf,,"€36,99/un","€36,99/un"
Dino Valley - Vingança do T-Rex,,,"€54,99/un","€54,99/un"
Figura Star Wars - The Child Animatronic,Star Wars,,"€84,99/un","€84,99/un"
Avengers Hero Deluxe Thanos,Disney Avengers,,"€32,99/un","€32,99/un"
Lançador Turbo Advance,X-Shot,,"€69,99/un","€69,99/un"
Lançador Hawk Eye,X-Shot,,"€24,99/un","€24,99/un"
Batmobile Rádio Controlo,Batman,,"€41,99/un","€41,99/un"
Lançador X-Shot - Xcess,X-Shot,,"€19,99/un","€19,99/un"
Harry Potter - Boneco Básico (Harry),Harry Potter,,"€20,99/un","€20,99/un"
Luva Eletrónica,Disney Avengers,,"€35,99/un","€35,99/un"
Alvo Digital,Nerf,,"€36,99/un","€36,99/un"
Figura Metal Homem-Aranha 10cm,Spider-Man,,"€16,99/un","€16,99/un"
Goo Jit Zu - Pack 2 Mini Figuras (vários modelos),Goo Jit Zu,,"€10,99/un","€10,99/un"
Omni Scope Omnitrix Ben 10,Ben 10,,"€21,99/un","€21,99/un"
Figuras Básicas - Batman (vários modelos),Batman,,"€14,99/un","€14,99/un"
Hulk Figura Metal 10cm,Marvel,,"€16,99/un","€16,99/un"
Figura Fortnite - Contract Giller,Fortnite,,"€16,99/un","€16,99/un"
Nerf Ultra 20 Dardos Refill,Nerf,,"€12,99/un","€12,99/un"
"Boneco Dobby, o Elfo Doméstico",Harry Potter,,"€7,79/un","€7,79/un"
Figura Metal Homem-Aranha 15cm,Spider-Man,,"€26,99/un","€26,99/un"
Dinossauro Ruge e Ataca (vários modelos),Jurassic World,,"€24,99/un","€24,99/un"
Dinossauro Pacote Selvagem (vários modelos),Jurassic World,,"€14,99/un","€14,99/un"
Speedestorm Pack Pião e Lançador (vários modelos),Beyblade,,"€19,99/un","€19,99/un"
Figura Chewbacca/Luke Skywalker - Force Link 2.0,Star Wars,,"€7,79/un","€7,79/un"
Figuras Marvel Legends Retro (vários modelos),Disney Avengers,,"€16,49/un","€16,49/un"
Figura Metal Hulk 15cm,Disney Avengers,,"€26,99/un","€26,99/un"
Goo Jit Zu S2 - Pack 2 Figuras (vários modelos),Goo Jit Zu,,"€31,99/un","€31,99/un"
Wild Quest - Animais da Selva,,,"€14,99/un","€14,99/un"
Figuras Batman XL (vários modelos),Batman,,"€16,99/un","€16,99/un"
Coleção Imaginação (vários modelos),Roblox,,"€8,99/un","€8,99/un"
Lançador 2x Gold Reflex 6,X-Shot,,"€49,99/un","€49,99/un"
Figura Fortnite - Dark Wild Card 30cm,Fortnite,,"€16,99/un","€16,99/un"
Conjunto de Acessórios,Batman,,"€20,99/un","€20,99/un"
Pack 2 Figuras DC Comics,Goo Jit Zu,,"€41,99/un","€41,99/un"
Centro de Comando com Dinossauros,Juda,,"€30,00/un","€30,00/un"
Figura Metal Viúva Negra 10cm,Disney Avengers,,"€11,99/un","€11,99/un"
Lançador Fortnite B-AR,Nerf,,"€64,99/un","€64,99/un"
Figura Thor,Disney Avengers,,"€29,99/un","€29,99/un"
Figura Grande Batman Goo Jit Zu,Goo Jit Zu,,"€42,99/un","€42,99/un"
Vending Machine - Rippley,Fortnite,,"€17,99/un","€17,99/un"
Peluche The Child Hideaway Hoover-Pram,Star Wars,,"€23,99/un","€23,99/un"
Escudo e Luva Magnéticos Capitão América,Disney Avengers,,"€29,99/un","€29,99/un"
Bakugan S3 - Battle Pack (vários modelos),Bakugan,,"€49,99/un","€49,99/un"
Lançador Delta Echo CS-10,Nerf,,"€54,99/un","€54,99/un"
Boneco Harry Potter na Platform 9 3/4,Harry Potter,,"€39,99/un","€39,99/un"
Lançador Ultra Select,Nerf,,"€89,99/un","€89,99/un"
Peluche The Child,Star Wars,,"€39,99/un","€39,99/un"
Lançador Fortnite Heavy SR,Nerf,,"€69,99/un","€69,99/un"
Figuras Básicas Goo Jit Zu (vários modelos),Goo Jit Zu,,"€16,99/un","€16,99/un"
Pack Figuras: Harry Potter vs Voldemort,Harry Potter,,"€35,99/un","€35,99/un"
Cobra/Lagarto (vários modelos),Robot Alive,,"€19,99/un","€19,99/un"
Lançador Ultra One,Nerf,,"€74,99/un","€74,99/un"
Figura Fortnite - Omega Champion 30cm,Fortnite,,"€17,99/un","€17,99/un"
Deluxe Omnitrix Creator Set Ben 10,Ben 10,,"€29,99/un","€29,99/un"
Figura Fortnite - Lengenday Atlantean Fishtick,Fortnite,,"€17,99/un","€17,99/un"
Luva com Disparador,Batman,,"€20,99/un","€20,99/un"
Lançador Nerf Fortnite Pump-SG,Nerf,,"€44,99/un","€44,99/un"
Figura Anime Heroes - All Might,Bandai,,"€14,99/un","€14,99/un"
Figura Fortnite - Triggerfish Solo Mode,Fortnite,,"€8,99/un","€8,99/un"
Pack X-Wing Fighter com Figura Antoc Merrick,Star Wars,,"€89,99/un","€89,99/un"
Figura Evolve (vários modelos),Dragon Ball,,"€16,99/un","€16,99/un"
Figura Fortnite - Renegade Solo Mode,Fortnite,,"€7,79/un","€7,79/un"
Figura Power Rangers (vários modelos),Power Rangers,,"€17,99/un","€17,99/un"
Figura Anime Heroes - Pegasus Seiya,Bandai,,"€17,99/un","€17,99/un"
Figura Fortnite - Galaxy,Fortnite,,"€6,00/un","€6,00/un"
Playset Missão Secreta Batman,Batman,,"€83,99/un","€83,99/un"
Mini Playset com Figuras (vários modelos),Roblox,,"€8,99/un","€8,99/un"
Figura Fortnite - Unpeely Solo Mode,Fortnite,,"€8,99/un","€8,99/un"
Lançador Nerf Tricerablast,Nerf,,"€34,99/un","€34,99/un"
Lançador Rex-Rampage,Nerf,,"€67,99/un","€67,99/un"
Figura Fortnite - Legendary Ouro,Fortnite,,"€17,99/un","€17,99/un"
Figura Fortnite - Skull Tooper,Fortnite,,"€14,99/un","€14,99/un"
Figura Fortnite - Drift Champion 30cm,Fortnite,,"€23,99/un","€23,99/un"
Playset Movie Moments,Batman,,"€72,99/un","€72,99/un"
Figura Fortnite S2 - Ragnarok,Funko POP!,,"€15,99/un","€15,99/un"
Figura Fortnite - Legendart Midas Gold,Fortnite,,"€23,99/un","€23,99/un"
Lançador Nerf Fortnite 6-SH,Nerf,,"€34,99/un","€34,99/un"
Wild Quest - Resgate do Tigre,Wild Quest,,"€29,99/un","€29,99/un"
Figura Fortnite - Longshot Solo Mode,Fortnite,,"€10,79/un","€10,79/un"
"Figura GOT - The Mountain (Unmasked) 6""",Funko POP!,,"€24,99/un","€24,99/un"
Harry Potter - Varinha Interativa,Harry Potter,,"€42,99/un","€42,99/un"
Figura Fortnite - Frozen Fishstick 30cm,Fortnite,,"€16,99/un","€16,99/un"
Vending Machine - O Cientista,Fortnite,,"€17,99/un","€17,99/un"
Figura M.O.D.O.K.,Marvel,,"€40,00/un","€40,00/un"
Harry Potter - Sala de Poções,Harry Potter,,"€25,99/un","€25,99/un"
Figura Fortnite - Supersonic Solo Mode,Fortnite,,"€7,79/un","€7,79/un"
Harry Potter - Sala das Necessidades,Harry Potter,,"€25,99/un","€25,99/un"
Figura Fortnite - Cyclo Solo Mode,Fortnite,,"€7,79/un","€7,79/un"
Figura Fornite - Leviathan,Fortnite,,"€17,99/un","€17,99/un"
Figura Monsters Universal - Frankenstein 15 cm,Simba,,"€14,99/un","€14,99/un"
Harry Potter - Sala de Feitiços,Harry Potter,,"€25,99/un","€25,99/un"
Playset Transformável Batman,Batman,,"€179,99/un","€179,99/un"
Harry Potter - Castelo de Hogwarts,Harry Potter,,"€79,99/un","€79,99/un"
Figura Black Widow - Taskmaster com Shield,Funko POP!,,"€15,99/un","€15,99/un"
Akedo - Battle Arena,Akedo,,"€42,99/un","€42,99/un"
Goo Jit Zu - Mini Figuras DC Comics (vários modelos),Goo Jit Zu,,"€8,99/un","€8,99/un"
Harry Potter - Boneca Deluxe (Hermione),Harry Potter,,"€31,99/un","€31,99/un"
Harry Potter - Pack 2 Figuras Ron e Ginny,Harry Potter,,"€15,99/un","€15,99/un"
Stretch - Jurassic World Raptor,Jurassic World,,"€32,99/un","€32,99/un"
Acessórios Roleplay Fortnite (vários modelos),Fortnite,,"€15,00/un","€15,00/un"
Figura Minions 2 - Young Gru,Funko POP!,,"€15,99/un","€15,99/un"
Figuras Spiderman Titan Web Warriors (vários modelos),Disney Avengers,,"€22,99/un","€22,99/un"
Harry Potter - Pack 2 Figuras Hermione e Hagrid,Harry Potter,,"€15,99/un","€15,99/un"
Harry Potter - Varinha Interativa (Hermione),Harry Potter,,"€42,99/un","€42,99/un"
Lançador Fortnite Microshots (vários modelos),Nerf,,"€12,99/un","€12,99/un"
Harry Potter - Varinhas Colecionáveis 30cm (vários modelos),Harry Potter,,"€12,99/un","€12,99/un"
Harry Potter - Rubeus Hagrid,Harry Potter,,"€32,99/un","€32,99/un"
Figuras XL (vários modelos),Ben 10,,"€16,99/un","€16,99/un"
Figura Flexível Spider Man (vários modelos),Disney Avengers,,"€19,99/un","€19,99/un"
Dinossauro T-Rex Fuga Extrema,Jurassic World,,"€59,99/un","€59,99/un"
Harry Potter - Varinhas Mágicas 30cm (vários modelos),Harry Potter,,"€19,99/un","€19,99/un"
T-Racers - Eagle Jump,T-Racers,,"€19,99/un","€19,99/un"
Playset Dinos/Quinta/Selva (vários modelos),Speed Wheels,,"€12,99/un","€12,99/un"
Mini Figuras da Liga da Justiça (vários modelos),Justice League,,"€16,99/un","€16,99/un"
Figuras Star Wars Mega Mighties (vários modelos),Star Wars,,"€24,99/un","€24,99/un"
5 Surprise - Dino Strike,5 Surprise,,"€10,99/un","€10,99/un"
Figura Spiderman Titan Hero,Disney Avengers,,"€22,99/un","€22,99/un"
Lançador Supersoaker Torrent,Nerf,,"€10,99/un","€10,99/un"
Lightyear - Para o Infinito e Mais Além!,Disney Pixar Lightyear,,"€17,91/un","€17,91/un"
Figuras d'O Estranho Mundo de Jack 7cm,Simba,,"€34,99/un","€34,99/un"
T-Rex Bate e Devora,Jurassic World,,"€56,99/un","€56,99/un"
Figura Naruto - Sasuke,Funko POP!,,"€15,99/un","€15,99/un"
Figuras Roblox Game Pack (vários modelos),Roblox,,"€22,99/un","€22,99/un"
Figura Alien VS Predator - Xenomorph Grid,,,"€29,99/un","€29,99/cm"
Bolsa Pokémon de Combate com Figura Pikachu,Pokémon,,"€59,99/un","€59,99/un"
Multipack 3 Figuras (vários modelos),Pokémon,,"€27,99/un","€27,99/un"
Harry Potter - Playset Diagon Alley,Harry Potter,,"€72,99/un","€72,99/un"
Harry Potter - Varinha Mágica Lord Voldemort,Harry Potter,,"€34,99/un","€34,99/cm"
Lançador Nerf Elite 2.0 Volt SD.1,Nerf,,"€17,99/un","€17,99/un"
Lançador Fortnite Flare,Nerf,,"€22,99/un","€22,99/un"
Akedo - Versus Pack (vários modelos),Akedo,,"€16,99/un","€16,99/un"
Figura Casa de Papel - Professor o Clown,Funko POP!,,"€15,99/un","€15,99/un"
Figuras Monster Hunters 15cm (vários modelos),Disney Avengers,,"€17,99/un","€17,99/un"
Luva com Sons Batman,Batman,,"€32,99/un","€32,99/un"
Máscara do Poder Black Panther,Disney Avengers,,"€34,99/un","€34,99/un"
Taxi Joy Ride e Figura Fortnite,Fortnite,,"€46,99/un","€46,99/un"
Lançadores Laser X Revolution,Bizak,,"€56,99/un","€56,99/un"
Limit Breaker Series - Gohan,Dragon Ball,,"€26,99/un","€26,99/un"
Smashers S4 - Ovos Surpresa Grandes com Luz,Smashers,,"€39,99/un","€39,99/un"
Figura Anime Heroes - Midoriya Izuku Band,Bandai,,"€34,99/un","€34,99/un"
Roblox - Figuras Mistério,Roblox,,"€10,99/un","€10,99/un"
Figura Dragon Ball - Estátua Rosé Goku,Dragon Ball,,"€29,99/un","€29,99/cm"
Martelo Eletrónico do Thor,Disney Avengers,,"€39,99/un","€39,99/un"
Spider-Man Figura Metal Clássico 10cm,Spider-Man,,"€16,99/un","€16,99/un"
Lançador Fortnite Microshots (vários modelos),Nerf,,"€13,99/un","€13,99/un"
Figura Marvel 24cm com Acessórios (vários modelos),Disney Avengers,,"€17,99/un","€17,99/un"
Figura Eletrónica The Mandalorian,Star Wars,,"€62,99/un","€62,99/un"
Figura Lightyear Grande Buzz Luzes e Sons,Disney Pixar Lightyear,,"€45,99/un","€45,99/un"
Colete Tático,Nerf,,"€32,99/un","€32,99/un"
Bakugan S3 - Starter Pack (vários modelos),Bakugan,,"€29,99/un","€29,99/un"
Figura Masters of The Universe - Mer-Man,Funko POP!,,"€15,99/un","€15,99/cm"
Dino Valley - Fuga do Dinossauro,,,"€47,99/un","€47,99/un"
Lançador Skins - Menace,X-Shot,,"€12,99/un","€12,99/un"
Figura Deluxe Venon,Spider-Man,,"€34,99/un","€34,99/un"
Jurassic World Dominion Zoom Riders,Jurassic World,,"€7,99/un","€7,99/un"
Bakugan S2 - Pack Básico (vários modelos),Bakugan,,"€5,00/un","€5,00/un"
Figuras Ben 10 Básicas (vários modelos),Ben 10,,"€12,99/un","€12,99/un"
Lançador Elite 2.0 Eaglepoint RD 9,Nerf,,"€31,99/un","€31,99/un"
Harry Potter Figura Metal 10cm,Harry Potter,,"€16,99/un","€16,99/un"
Figuras Mega Mighty (vários modelos),Marvel,,"€16,99/un","€16,99/un"
Figura Heroína Mighty Thor,Disney Avengers,,"€22,99/un","€22,99/un"
Figuras Bend and Flex - Pack Missões (vários modelos),Disney Avengers,,"€29,99/un","€29,99/un"
Pack Capa e Máscara Batman,Batman,,"€20,99/un","€20,99/un"
Escudo Capitão América Monster Hunters,Disney Avengers,,"€32,99/un","€32,99/un"
Figura Spiderman com Veículo Spider-Verse,Disney Avengers,,"€36,99/un","€36,99/un"
Figura Overwatch - Baptiste,Funko POP!,,"€15,99/un","€15,99/un"
Figura Miami Vice - Crockett & Tubbs,Funko POP!,,"€39,99/un","€39,99/cm"
Figura Dragon Ball - Majin Buu,Dragon Ball,,"€21,99/un","€21,99/un"
Figuras Roblox Deluxe Mystery Pack (vários modelos),Roblox,,"€16,99/un","€16,99/un"
Dinossauros Ferozes (vários modelos),Jurassic World,,"€12,99/un","€12,99/un"
Lançador Elite 2.0 Motorblitz CS-10,Nerf,,"€59,99/un","€59,99/un"
Tour no Radiator Springs,Disney Pixar Cars,,"€69,99/un","€69,99/un"
Pokémon Cinturão de Ataque,Pokémon,,"€39,99/un","€39,99/un"
Figura Moment - Wall-E & Eve,Funko POP!,,"€46,99/un","€46,99/un"
Quadro Woopri Strengthan Heart,Dragon Ball,,"€12,99/un","€12,99/un"
Beyblade QuadDrive Starter Pack,Beyblade,,"€19,99/un","€19,99/un"
Goo Jit Zu - Figuras Jurassic World (vários modelos),Goo Jit Zu,,"€25,99/un","€25,99/un"
Akedo - Single Pack,Akedo,,"€9,99/un","€9,99/un"
Akedo - Fight Pack (vários modelos),Akedo,,"€17,99/un","€17,99/un"
Peluche com Lançador e Sons Boba Fett 30cm,Star Wars,,"€49,99/un","€49,99/un"
Figura Casa de Papel - Denver,Funko POP!,,"€15,99/un","€15,99/un"
Jurassic World Dominion - Mega Ovo Surpresa,Jurassic World,,"€39,99/un","€39,99/un"
Figura Lightyear Zurg,Disney Pixar Lightyear,,"€20,39/un","€20,39/un"
Figura Grande Spider-Man Goo Jit Zu,Goo Jit Zu,,"€44,99/un","€44,99/un"
Tech Deck - Bónus Pack 6 Skates (vários modelos),Tech Deck,,"€25,99/un","€25,99/un"
Strike N' Roar - Figura Dinossauro Giganotosaurus 50cm,Jurassic World,,"€56,99/un","€56,99/un"
20 Minifiguras Minecraft 4cm,Minecraft,,"€34,99/un","€34,99/un"
Mini Lâmpada Harry Potter - Hermione,Harry Potter,,"€14,99/un","€14,99/un"
Harry Potter - Varinha Mágica Draco Malfoy,Harry Potter,,"€34,99/un","€34,99/cm"
Harry Potter - Varinha Mágica Severus Snape,Harry Potter,,"€34,99/un","€34,99/cm"
Anime Heroes - Figura Zoro,Anime Heroes,,"€29,99/un","€29,99/un"
Starterpack Superzings Série 5,Superzings,,"€4,59/un","€4,59/un"
Limit Breaker Series - Goku,Dragon Ball,,"€26,99/un","€26,99/un"
Figura Casa de Papel - Helsinki,Funko POP!,,"€15,99/un","€15,99/un"
Figura Grande DC Comics Goo Jit Zu (vários modelos),Goo Jit Zu,,"€20,99/un","€20,99/un"
Monster Hunters - Repulsor Iron Man,Disney Avengers,,"€30,99/un","€30,99/un"
Batmobile com Figura XL,Batman,,"€52,99/un","€52,99/un"
Dinossauro Ruge e Ataca,Jurassic World,,"€24,99/un","€24,99/un"
Sabre de Luz Eletrónico (vários modelos),Star Wars,,"€32,99/un","€32,99/un"
Playset Base Aranha,Marvel,,"€119,99/un","€119,99/un"
Mosassauro Defensor do Oceano,Jurassic World,,"€59,99/un","€59,99/un"
Lançador Ultra Strike,Nerf,,"€69,99/un","€69,99/un"
Anime Heroes - Figura Minato,Naruto,,"€34,99/un","€34,99/un"
Anime Heroes - Figura Gaara,Naruto,,"€34,99/un","€34,99/un"
Sonic The Hedgehog - Figuras Básicas (vários modelos),Sonic,,"€16,99/un","€16,99/un"
Tunel de Lavagens da Baleia,Disney Cars,,"€39,99/un","€39,99/un"
Caravana de Campisno,Simba,,"€34,99/un","€34,99/un"
Harry Potter - Varinha Mágica Luna Lovegood,Harry Potter,,"€34,99/un","€34,99/cm"
Harry Potter - Varinha Mágica Bellatrix,Harry Potter,,"€34,99/un","€34,99/cm"
Smashers S4 - Ovos Surpresa Pequenos com Luz,Smashers,,"€19,99/un","€19,99/un"
Lançador Supersoaker Rainstorm,Nerf,,"€14,99/un","€14,99/un"
Figura Anime Heroes - Bakugo Katsuki,Bandai,,"€34,99/un","€34,99/un"
Lightyear - História para Colorir,Disney Pixar Lightyear,,"€3,96/un","€3,96/un"
Homem Aranha Bend and Flex - Missão Espaço (vários modelos),Spider-man,,"€46,99/un","€46,99/un"
Playset Batcave,Batman,,"€39,99/un","€39,99/un"
Multipack Adopt Me: Backyard BBQ,Roblox,,"€32,99/un","€32,99/un"
Figura Stretch Mister Músculo,Giochi Preziosi,,"€29,99/un","€29,99/un"
Tech Deck - Skate Park Nyjah Huston,Tech Deck,,"€39,99/un","€39,99/un"
Pokémon Jogo de Ataque Surpresa,Pokémon,,"€39,99/un","€39,99/un"
Figura Stretch Superman,DC Comics,,"€34,99/un","€34,99/un"
Colete Utility,Nerf,,"€22,99/un","€22,99/un"
Smashers S5 - Caveira Gigante,Smashers,,"€59,99/un","€59,99/un"
Castelo Reino do Cogumelo,Super Mario,,"€42,99/un","€42,99/un"
Barco de Piratas,Super Mario,,"€62,99/un","€62,99/un"
Pokémon Bolsa Arena,Pokémon,,"€49,99/un","€49,99/un"
Lightyear - Narrativa Juvenil,Disney,,"€8,91/un","€8,91/un"
Lançador Skins - Last Stand,X-Shot,,"€32,99/un","€32,99/un"
Lançador Elite 2.0 Ranger PD-5,Nerf,,"€24,99/un","€24,99/un"
Jurassic World Dominion - Ovo Surpresa,Jurassic World,,"€19,99/un","€19,99/un"
Sabre Eletrónico Lightsaber (vários modelos),Star Wars,,"€32,99/un","€32,99/un"
Luvas Gama,Disney Avengers,,"€32,99/un","€32,99/un"
Robô: Robot,Olivo,,"€9,99/un","€9,99/un"
Carro de Corrida: Racing Car,Olivo,,"€9,99/un","€9,99/un"
Figura Fortnite - Emote Series (vários modelos),Fortnite,,"€34,99/un","€34,99/un"
Figura Fortnite - Beastmode Rhino,Fortnite,,"€29,99/un","€29,99/un"
Pack 8 Figuras em Caixa Deluxe,Among Us,,"€44,99/un","€44,99/un"
Dinossauros Coleção Legacy (vários modelos),Jurassic World,,"€16,99/un","€16,99/un"
Figura Lilo e Stitch - Stitch com Coração,,,"€24,99/un","€24,99/cm"
Figura Stretch Batman,Batman,,"€34,99/un","€34,99/un"
Figura Herói com Mecanismo (vários modelos),Pokémon,,"€27,99/un","€27,99/un"
Caixa com 200 Dardos para Lançador,X-Shot,,"€12,99/un","€12,99/un"
Lançador 2x Skins - Flux,X-Shot,,"€19,99/un","€19,99/un"
Colete Elite Tactical Tech,Nerf,,"€36,99/un","€36,99/un"
Sonic The Hedgehog - Conjunto de Figuras,Sonic,,"€32,99/un","€32,99/un"
Goo Jit Zu - Figura Grande Jurassic World,Goo Jit Zu,,"€42,99/un","€42,99/un"
Nave Espacial Lightyear do Zurg,Disney Pixar Lightyear,,"€74,99/un","€74,99/un"
Harry Potter - Varinha Mágica Hermione Granger,Harry Potter,,"€34,99/un","€34,99/cm"
Dinossauro e Veículo (vários modelos),Maisto,,"€9,99/un","€9,99/un"
Figura Fortnite - Atlantean Fishtick Solo Mode,Fortnite,,"€14,99/un","€14,99/un"
Anime Heroes - Figura Luffy,Anime Heroes,,"€29,99/un","€29,99/un"
Nerf Dinosquad Raptor Slash,Nerf,,"€22,99/un","€22,99/un"
Lançador Nerf Dinosquad - Stegosmash,Nerf,,"€17,99/un","€17,99/un"
Estátua Hulk 1:16,Disney Avengers,,"€29,99/un","€29,99/un"
1970 Ferrari 512 M - 76906,LEGO Speed Champions,,"€24,99/un","€24,99/un"
Figura Harry Potter - Hedwig,Funko POP!,,"€15,99/un","€15,99/un"
Pista Gorila Ataque,Metal Machines,,"€49,99/un","€49,99/un"
Figura Dragon Ball - Super Saiyan Vegeta Chosensh,Dragon Ball,,"€29,99/un","€29,99/un"
Figura Lilo e Stitch - Stitch com Guitarra,,,"€24,99/un","€24,99/cm"
Mini Figuras Sonic (vários modelos),Sonic The Hedgehog,,"€22,99/un","€22,99/un"
Lançador Elite 2.0 Tetrad QS-4,Nerf,,"€17,99/un","€17,99/un"
Lançador Dinosquad Ankylo Thrash,Nerf,,"€39,99/un","€39,99/un"
Grow Your Own Dinosaur,Jurassic World,,"€14,99/un","€14,99/un"
Figura Pokémon - Vulpix Goupix,Funko POP!,,"€46,99/un","€46,99/cm"
Figura Fortnite - Raz-Glyph Master Solo Mode,Fortnite,,"€14,99/un","€14,99/un"
Pista Spider Strike,Metal Machines,,"€39,99/un","€39,99/un"
Monster Truck (vários cores),Metal Machines,,"€14,99/un","€14,99/un"
Figuras dos Heróis Marvel (vários modelos),Marvel,,"€11,99/un","€11,99/un"
Roblox Multipack Pet Show,Roblox,,"€39,99/un","€39,99/un"
Figura Black Panther Titan (vários modelos),Disney Avengers,,"€21,99/un","€21,99/un"
Figura Marvel Monster Hunters,Disney Avengers,,"€46,99/un","€46,99/un"
Machado Eletrónico Thor,Disney Avengers,,"€34,99/un","€34,99/un"
Nave Espacial Lightyear Zurg,Disney Pixar Lightyear,,"€18,59/un","€18,59/un"
Figura Micro Legendary (vários modelos),Fortnite,,"€9,99/un","€9,99/un"
Lançador Nerf Elite 2.0 Ace SD 1,Nerf,,"€4,99/un","€4,99/un"
Super Masked - Figura de Ação Elástica,Super Masked,,"€14,99/un","€14,99/un"
Goo Jit Zu S5 - Figuras Vac Attack,Goo Jit Zu,,"€20,99/un","€20,99/un"
Rescue Hybrids - Helicóptero Patrulheiro 35cm,Simba,,"€29,99/un","€29,99/un"
Harry Potter - Varinha Mágica Albus Dumbledore,Harry Potter,,"€34,99/un","€34,99/cm"
Figuras Médias Harry Potter (vários modelos),Harry Potter,,"€10,99/un","€10,99/un"
Varinhas Projetoras (vários modelos),Harry Potter,,"€25,99/un","€25,99/un"
Figura Soul - Moonwind,Funko POP!,,"€15,99/un","€15,99/cm"
Figura Black Light - Homem-Formiga,Funko POP!,,"€18,99/un","€18,99/un"
Armadura Mech de Iron Man - 76203,LEGO Marvel,,"€9,99/un","€9,99/un"
Game Pack (vários modelos),Roblox,,"€22,99/un","€22,99/un"
Lançador Elite 2.0 Turbine CS-18,Nerf,,"€47,99/un","€47,99/un"
Dinossauro Ação Massiva,Jurassic World,,"€31,99/un","€31,99/un"
Figura The Original Stretch Armstrong,Famosa,,"€29,99/un","€29,99/un"
Bolas para Lançador Chaos,X-Shot,,"€9,99/un","€9,99/un"
Sonic The Hedgehog - Playset Studiopolis Zone,Sonic,,"€42,99/un","€42,99/un"
Figura Fortnite - Agent Jones Solo Mode,Fortnite,,"€14,99/un","€14,99/un"
Dinossauro (várias cores),Robot Alive,,"€19,99/un","€19,99/un"
Óculos de Batalha (vários modelos),Nerf,,"€12,99/un","€12,99/un"
Harry Potter - Comboio Hogwarts Express,Harry Potter,,"€42,99/un","€42,99/un"
Sonic The Hedgehog - Playset Green Hill Zone,Sonic,,"€42,99/un","€42,99/un"
Nave Espacial Lightyear XL-15 e Figura Buzz,Disney Pixar Lightyear,,"€60,99/un","€60,99/un"
20 Minifiguras Marvel 4cm,Disney Avengers,,"€36,99/un","€36,99/un"
Figura Titan Thor,Disney Avengers,,"€19,99/un","€19,99/un"
Dinosaur Egg Smash,Jurassic World,,"€9,99/un","€9,99/un"
Anime Heroes - Figura Sanji,Anime Heroes,,"€29,99/un","€29,99/un"
Limit Breaker Series - Goku,Dragon Ball,,"€26,99/un","€26,99/un"
Figuras Básicas Super Mário (vários modelos),Super Mario,,"€16,99/un","€16,99/un"
Harry Potter - Pack 2 Figuras (Luna e Cho Patronus),Harry Potter,,"€15,99/un","€15,99/un"
Mini Playset Harry Potter - Criaturas Mágicas,Harry Potter,,"€25,99/un","€25,99/un"
Figura The Mandalorian - Boba Fett sem Capacete,Funko POP!,,"€17,99/un","€17,99/cm"
Figura Anime Heroes - Kakashi 17cm,Naruto,,"€34,99/un","€34,99/un"
Figura Dragon Ball - Super Sayan Gotenks,Dragon Ball,,"€29,99/un","€29,99/cm"
Roblox Multipack (vários modelos),Roblox,,"€34,99/un","€34,99/un"
Figura Eletrónica Darth Vader,Star Wars,,"€54,99/un","€54,99/un"
Figura Grande Lightyear Zurg,Disney Pixar Lightyear,,"€20,39/un","€20,39/un"
Máscara Eletrónica Batman,Batman,,"€49,99/un","€49,99/un"
Dinossauro Colossal Carnotaurus,Jurassic World,,"€109,99/un","€109,99/un"
Figura Anime Heroes - Uzamaki Naruto 17cm,Naruto,,"€34,99/un","€34,99/un"
Figura Lilo e Stitch - Estátua Enesco Lilo,,,"€79,99/un","€79,99/cm"
Harry Potter - Boneco Deluxe Harry,Harry Potter,,"€31,99/un","€31,99/un"
Pack 2 Figuras Brawl Stars (vários modelos),Brawl Stars,,"€12,99/un","€12,99/un"
Pack 8 Figuras Brawl Stars (vários modelos),Brawl Stars,,"€39,99/un","€39,99/un"
Motociclo: Motorcycle,Olivo,,"€9,99/un","€9,99/un"
Lançador Chaos - Ragequit Faze,X-Shot,,"€34,99/un","€34,99/un"
Pokémon Poké Ball Clip and Go,Pokémon,,"€24,99/un","€24,99/un"
Figura Avengers - Hulk,Disney Avengers,,"€32,99/un","€32,99/un"
Harry Potter - Varinha Mágica Ron Weasley,Harry Potter,,"€34,99/un","€34,99/cm"
Quadro Goku e The Zfighters,Dragon Ball,,"€16,99/un","€16,99/un"
Dino Wars T-Rex,Robot Alive,,"€39,99/un","€39,99/un"
Spider-Man vs. Ataque Drone de Mysterio - 76184,LEGO Marvel,,"€19,99/un","€19,99/un"
Garras de Combate Wakanda Black Panther,Disney Avengers,,"€49,99/un","€49,99/un"
Figura Black Panther 15cm (vários modelos),Disney Avengers,,"€21,99/un","€21,99/un"
Pack de 2 Figuras Fortnite Beast Battles,Fortnite,,"€44,99/un","€44,99/un"
Figura Grande Lightyear Equipada (vários modelos),Disney Pixar Lightyear,,"€34,99/un","€34,99/un"
Kit Nerf Elite 2.0 Showdown,Nerf,,"€17,99/un","€17,99/un"
Lançador Roblox Cobra,Nerf,,"€64,99/un","€64,99/un"
Anime Heroes - Figura Naruto,Anime Heroes,,"€34,99/un","€34,99/un"
Figura Anime Heroes - Naruto 13cm,Naruto,,"€34,99/un","€34,99/un"
Figura Demon Slayer: Kimetsu Yaiba Muichiro,,,"€17,99/un","€17,99/cm"
Lançador Fortnite Compact,Nerf,,"€57,99/un","€57,99/un"
Lançador Minecraft Sox Saberhagen,Nerf,,"€64,99/un","€64,99/un"
Figura Iron Man Titan Hero,Disney Avengers,,"€21,99/un","€21,99/un"
Figura Lightyear 12cm com Movimento (vários modelos),Disney Pixar Lightyear,,"€13,79/un","€13,79/un"
Figura Harry Potter - Dobby,Funko POP!,,"€15,99/un","€15,99/un"
Figura Demon Slayer - Kimetsu no Yaiba Obanai,,,"€17,99/un","€17,99/cm"
Playset Roblox Adopt Me Pet Shop,Roblox,,"€89,99/un","€89,99/un"
Figura Capitão América Titan Hero,Disney Avengers,,"€21,99/un","€21,99/un"
Figuras Marvel Monster Hunters Deluxe (vários modelos),Disney Avengers,,"€32,99/un","€32,99/un"
Lançador Nerf Minecraft Sox Carlton,Nerf,,"€39,99/un","€39,99/un"
Figura Dune - Baron Vladimir Harkonn,Funko POP!,,"€15,99/un","€15,99/un"
Camião de Comida Durr Burger e Figura Fortnite,Fortnite,,"€54,99/un","€54,99/un"
Tech Deck - Pack Vs. Duplo (vários modelos),Tech Deck,,"€16,99/un","€16,99/un"
Tech Deck - Pack 4 Skates (vários modelos),Tech Deck,,"€20,99/un","€20,99/un"
Castelo do Bowser,Super Mario,,"€62,99/un","€62,99/un"
Rescue Hybrids - Bot Policial 32cm,Simba,,"€39,99/un","€39,99/un"
Harry Potter - Varinha Mágica Harry Potter,Harry Potter,,"€34,99/un","€34,99/cm"
Figura Marvel - Herói Titan (vários modelos),Marvel,,"€22,99/un","€22,99/un"
Superzings Série 5 - Blister 10 Figuras,Superzings,,"€9,99/un","€9,99/un"
Beyblade Quad Drive Estádio,Beyblade,,"€59,99/un","€59,99/un"
Figura Casa de Papel - Rio,Funko POP!,,"€15,99/un","€15,99/un"
Figura Dragon Ball - Bulma II,Dragon Ball,,"€27,99/un","€27,99/cm"
Figura Dragon Ball - Future Super Sayan,Dragon Ball,,"€29,99/un","€29,99/cm"
Máscara Darth Vader,Star Wars,,"€79,99/un","€79,99/un"
Playset Roblox Deluxe - Brookhaven Bank,Roblox,,"€79,99/un","€79,99/un"
Figura Lightyear 30cm (vários modelos),Disney Pixar Lightyear,,"€19,99/un","€19,99/un"
Bakugan S3 - Geogan (vários modelos),Bakugan,,"€14,99/un","€14,99/un"
Veículos com Funções (vários modelos),Roblox,,"€39,99/un","€39,99/un"
Figura Limit Breakers - Cell Dragon Ball,Dragon Ball,,"€22,99/un","€22,99/un"
Batmóvel Metal 1:32 1989,Batman,,"€19,99/un","€19,99/un"
Figura Lion King - Luau Timon,Funko POP!,,"€15,99/un","€15,99/un"
Harry Potter - Pack 2 Figuras (Harry e Ginny Patronus),Harry Potter,,"€15,99/un","€15,99/un"
Track Builder Caixa Fomrato Lata de Gasolina,Hot Wheels,,"€29,99/un","€29,99/un"
Lightyear - O Livro Do Filme,Disney Pixar Lightyear,,"€8,91/un","€8,91/un"
Figura Marvel Zombies - Red Hulk,Funko POP!,,"€15,99/un","€15,99/cm"
Figura Dragon Ball - Super Sayan God Vegito,Dragon Ball,,"€29,99/un","€29,99/un"
Figura Masters of The Universe - Terror Claws Skeletor,Funko POP!,,"€15,99/un","€15,99/un"
Figura Dragon Ball - Freezer Visor,Dragon Ball,,"€27,99/un","€27,99/un"
Pack de Combate (vários modelos),Pokémon,,"€14,99/un","€14,99/un"
5 Surprise - Mini Brands,5 Surprise,,"€10,99/un","€10,99/un"
Akedo - Starter Pack (vários modelos),Akedo,,"€19,99/un","€19,99/un"
Mini Figuras DC Comics (vários modelos),DC Comics,,"€17,99/un","€17,99/un"
Pack 6 Figuras Pokémon Battle Ready,Pokémon,,"€39,99/un","€39,99/un"
Harry Potter - Varinha Mágica Albus Dumbledore,Harry Potter,,"€34,99/un","€34,99/cm"
Figura Fortnite - Mancake Solo Mode,Fortnite,,"€14,99/un","€14,99/un"
Estádio Burst QuadDrive,Beyblade,,"€16,99/un","€16,99/un"
Batmobile 1989 1:24,Batman,,"€46,99/un","€46,99/un"
Dino Valley - Assalto à Casa da Árvore,,,"€26,99/un","€26,99/un"
Aranha,Robot Alive,,"€9,99/un","€9,99/un"
Lançador Skins - Dread,X-Shot,,"€24,99/un","€24,99/un"
Figura Fortnite - Skull Trooper,Fortnite,,"€29,99/un","€29,99/cm"
Figura Lilo e Stitch - Stitch Deitado,,,"€29,99/un","€29,99/cm"
Roblox Brookhaven - Carro de Golfe,Roblox,,"€46,99/un","€46,99/un"
Aeronave: Aircraft,Olivo,,"€24,99/un","€24,99/un"
Figura Masters of The Universe - Skeletor,Funko POP!,,"€39,99/un","€39,99/cm"
Tech Deck - Pro Street Hits (vários modelos),Tech Deck,1 un,"€8,99/un","€8,99/un"
Figura Dragon Ball - Piccolo,Dragon Ball,,"€27,99/un","€27,99/un"
Lançador Chaos - Respawn Faze,X-Shot,,"€19,99/un","€19,99/un"
Alvo de Treino Portátil Digital,Nerf,,"€18,99/un","€18,99/un"
Conjunto de 6 Figuras Pokémon,Pokémon,,"€49,99/un","€49,99/un"
Figura Black Light - Thor,Funko POP!,,"€17,99/un","€17,99/un"
Figura Jurassic World - Dominion Oven Grady,Funko POP!,,"€15,99/un","€15,99/cm"
Veículos (vários modelos),Hot Wheels,,"€2,19/un","€2,19/un"
Garagem e Estação de Serviço Bosch,Bosch,,"€99,99/un","€99,99/un"
Conjunto de 6 Veículos Die Cast,Patrulha Pata,,"€42,99/un","€42,99/un"
Mini Veículos (vários modelos),Patrulha Pata,,"€8,99/un","€8,99/un"
Rádio Controlo Robô Super Puppy,Speed Wheels,,"€69,99/un","€69,99/un"
Pack 5 Veículos (vários modelos),Hot Wheels,,"€11,99/un","€11,99/un"
Camião Bombeiros SOS,Dickie Toys,,"€45,99/un","€45,99/un"
Veículo Batmobile,Batman,,"€52,99/un","€52,99/un"
Drone Storm,Speed Wheels,,"€39,99/un","€39,99/un"
Rádio Controlo Megalodon 1:24,Monster Jam,,"€32,99/un","€32,99/un"
Rádio Controlo Pack 2 Veículos - DS3 WRC 2013 vs. Ford Fiesta RS,Speed Wheels,,"€49,99/un","€49,99/un"
Rádio Controlo Big Wheel 1:10,Xmax,,"€79,99/un","€79,99/un"
Rádio Controlo Buggy 1:24 (várias cores),Speed Wheels,,"€9,99/un","€9,99/un"
Reparação de Carros,Hot Wheels,,"€59,99/un","€59,99/un"
Camião Transporte com 9 Carros (vários modelos),Speed Wheels,,"€29,99/un","€29,99/un"
Camião Mobile Pit Stop,Patrulha Pata,,"€53,99/un","€53,99/un"
Batmobile com Figura XL,Batman,,"€74,99/un","€74,99/un"
Rádio Controlo Pack Duo Dinossauros,Speed Wheels,,"€62,99/un","€62,99/un"
Pack 2 Veículos Patrulheiro,Patrulha Pata,,"€15,99/un","€15,99/un"
Rádio Controlo Extreme Off Road 1:10 (vários modelos),Speed Wheels,,"€89,99/un","€89,99/un"
Camião de Transporte,Dickie Toys,,"€29,99/un","€29,99/un"
Pick-Up com Atrelado e Carro,Speed Wheels,,"€14,99/un","€14,99/un"
Camião Paw Patroller 2.0,Patrulha Pata,,"€104,99/un","€104,99/un"
Dragão (várias cores),Robot Alive,,"€34,99/un","€34,99/un"
Carro Rápido (vários modelos),Speed Wheels,,"€12,99/un","€12,99/un"
Veículos Die Cast (vários modelos),Patrulha Pata,,"€8,99/un","€8,99/un"
Veículos 1:64 (vários modelos),Monster Jam,,"€8,99/un","€8,99/un"
Rádio Controlo Grave Digger Force 1:15,Monster Jam,,"€89,99/un","€89,99/un"
Veículo com 2 Figuras (vários modelos),Batman,,"€31,99/un","€31,99/un"
Robô Relógio Inteligente (várias cores),Speed Wheels,,"€24,99/un","€24,99/un"
Rádio Controlo Twin Pack 1:16 - Dodge Challenger e Ford GT,Dickie Toys,,"€69,99/un","€69,99/un"
T-Racers - Wheel Box,,,"€6,99/un","€6,99/un"
Centro de Resgate (vários modelos),Speed Wheels,,"€24,99/un","€24,99/un"
Ataque ao Laboratório Secreto,Superzings,,"€22,99/un","€22,99/un"
Batmobile Rádio Controlo,Batman,,"€41,99/un","€41,99/un"
Robô Inteligente,Speed Wheels,,"€34,99/un","€34,99/un"
Biopod (vários modelos),Ycoo,,"€5,99/un","€5,99/un"
Equipa de Emergência,Speed Wheels,,"€24,99/un","€24,99/un"
Rádio Controlo Dirt Thunder 1:10,Dickie Toys,,"€79,99/un","€79,99/un"
DeLorean Regresso ao Futuro 1:24,Jada,,"€46,99/un","€46,99/un"
Garagem de 4 Níveis,Matchbox,,"€79,99/un","€79,99/un"
Rádio Controlo Velogiraptor,Speed Wheels,,"€79,99/un","€79,99/un"
Robô Chameleon,Ycoo,,"€42,99/un","€42,99/un"
Playset Moto,Patrulha Pata,,"€53,99/un","€53,99/un"
Rádio Controlo Grave Digger 1:24,Monster Jam,,"€32,99/un","€32,99/un"
Pista Championship Trackset Hot Wheels,Hot Wheels,,"€24,99/un","€24,99/un"
Rádio Controlo Happy Tractor (várias cores),Dickie Toys,,"€12,99/un","€12,99/un"
Playset de Construção - Bombeiros 50 peças,Speed Wheels,,"€29,99/un","€29,99/un"
T-Rex Ataque,Metal Machines,,"€19,99/un","€19,99/un"
Camião Lançador com 2 Veículos (vários modelos),Speed Wheels,,"€14,99/un","€14,99/un"
Camião Transporte com 4 Carros,Speed Wheels,,"€19,99/un","€19,99/un"
Pista Road Rampage,Metal Machines,,"€14,99/un","€14,99/un"
Veículo de Ação com Luz e Som (vários modelos),Dickie Toys,,"€19,99/un","€19,99/un"
Carrinha PSP com Radar,Dickie Toys,,"€19,99/un","€19,99/un"
Pista Tapete com 2 Veículos (vários modelos),Speed Wheels,,"€12,99/un","€12,99/un"
Carro Color Shifters (vários modelos),Hot Wheels,,"€9,99/un","€9,99/un"
Playset Mini Veículos,Monster Jam,,"€25,99/un","€25,99/un"
Playset Arena,Monster Jam,,"€29,99/un","€29,99/un"
Carrinhos Mario Kart (vários modelos),Hot Wheels,,"€10,99/un","€10,99/un"
Rádio Controlo Batmobile Deluxe,Batman,,"€62,99/un","€62,99/un"
Mercedes-AMG E43 1:16,Dickie Toys,,"€20,99/un","€20,99/un"
Rádio Controlo 4 Wheels Stunt,Speed Wheels,,"€29,99/un","€29,99/un"
Rádio Controlo Street Rager 1:16,Speed Wheels,,"€32,99/un","€32,99/un"
Robô Lutador (várias cores),Speed Wheels,,"€19,99/un","€19,99/un"
Carro dos Bombeiros Matchox,Matchbox,,"€44,99/un","€44,99/un"
Veículos Rádio Controlo (vários modelos),Patrulha Pata,,"€49,99/un","€49,99/un"
Rádio Controlo Monster Truck Tubarão 1:16,Speed Wheels,,"€74,99/un","€74,99/un"
Cenário de 30 Peças (vários modelos),Speed Wheels,,"€29,99/un","€29,99/un"
Playsets (vários modelos),Monster Jam,,"€32,99/un","€32,99/un"
Veículos 1:24 (vários modelos),Monster Jam,,"€20,99/un","€20,99/un"
Veículo Monster Truck (vários modelos),Dickie Toys,,"€49,99/un","€49,99/un"
Camião Bombeiros,Speed Wheels,,"€29,99/un","€29,99/un"
Camião Chase Team Rescue,Patrulha Pata,,"€72,99/un","€72,99/un"
Pista Metal Machines - Crock Attack,Metal Machines,,"€12,99/un","€12,99/un"
Playset 10 Peças (vários modelos),Speed Wheels,,"€6,99/un","€6,99/un"
Carro 1:24 (vários modelos),Burago,,"€19,99/un","€19,99/un"
Playset de Início (vários modelos),Monster Jam,,"€16,99/un","€16,99/un"
Rádio Controlo Monster Truck Drift 1:16,Speed Wheels,,"€59,99/un","€59,99/un"
Camião Dino Patrulheiro,Patrulha Pata,,"€119,99/un","€119,99/un"
Batmobile 1:24 1996 Classic com Figura,Batman,,"€46,99/un","€46,99/un"
Carro Kitt com Luzes 1:24,Jada,,"€49,99/un","€49,99/un"
Pack 2 Veículos de Resgate 1:18,Dickie Toys,,"€23,99/un","€23,99/un"
Pack 2 Carros Cores Surpresa,Hot Wheels,,"€15,99/un","€15,99/un"
Veículos Duplos Patrulha Pata (vários modelos),Patrulha Pata,,"€42,99/un","€42,99/un"
Robô Defender (várias cores),Speed Wheels,,"€59,99/un","€59,99/un"
Veículo Road Racer (vários modelos),Speed Wheels,,"€29,99/un","€29,99/un"
Rádio Controlo Velocidade Furiosa - Lykan Hypersport 1:16,Jada,,"€20,00/un","€20,00/un"
Camião Marshall,Patrulha Pata,,"€84,99/un","€84,99/un"
Yamaha YZ - Wheelie Raiders,Dickie Toys,,"€29,99/un","€29,99/un"
Veículo com Grua (vários modelos),Speed Wheels,,"€12,99/un","€12,99/un"
Frankentein Chevy Suburban Delivery 1957 com Figura 1:24,Simba,,"€32,99/un","€32,99/un"
Camião Mega Construx (vários modelos),Hot Wheels,,"€19,99/un","€19,99/un"
Pistas da Cidade Matchbox (vários modelos),Matchbox,,"€24,99/un","€24,99/un"
Rádio Controlo Citroën C3 1:10,Speed Wheels,,"€69,99/un","€69,99/un"
Patrulha Pata - Mini Veículos com Figuras (vários modelos),Patrulha Pata,,"€15,99/un","€15,99/un"
Veículo Choppa e Figura Fortnite,Fortnite,,"€29,99/un","€29,99/un"
T-Racers - Eagle Jump,T-Racers,,"€19,99/un","€19,99/un"
Pack 2 Veículos 1:64 (vários modelos),Monster Jam,,"€15,99/un","€15,99/un"
Tubo 10 Carros (vários modelos),Speed Wheels,,"€9,99/un","€9,99/un"
Mota 1:12 (vários modelos),Maisto,,"€14,99/un","€14,99/un"
Monster Truck - Estação de Explosão,Hot Wheels,,"€34,99/un","€34,99/un"
Batmobile,Batman,,"€36,99/un","€36,99/un"
Rádio Controlo Dinossauro Inteligente,Speed Wheels,,"€86,99/un","€86,99/un"
Wild Helicóptero de Polícia,Pinypon,,"€39,99/un","€39,99/un"
Roblox - Veículo Car Crusher 2 e Figuras,Roblox,,"€39,99/un","€39,99/un"
Monster Trucks Playset (vários modelos),Hot Wheels,,"€19,99/un","€19,99/un"
Rádio Controlo Batcycle 1:10,Batman,,"€59,99/un","€59,99/un"
T-Racers - Playset Turbo Crane,T-Racers,,"€19,99/un","€19,99/un"
Pack 5 Carros Volkswagen,Majorette,,"€22,99/un","€22,99/un"
Radio Controlo Jeep Gladiator 1:6,Maisto,,"€99,99/un","€99,99/un"
Rádio Controlo Mega Grave Digger 1:6,Monster Jam,,"€149,99/un","€149,99/un"
"Mota PSP Portugal com Figura, Luz e Som",Simba,,"€16,99/un","€16,99/un"
Mega Garagem Hot Wheels,Hot Wheels,,"€179,99/un","€179,99/un"
Pista de Comboio,Speed Wheels,,"€54,99/un","€54,99/un"
Avião Patrulheiro,Patrulha Pata,,"€72,99/un","€72,99/un"
Equipa de Resgate,Dickie Toys,,"€74,99/un","€74,99/un"
Pack 3 Mini Racers Cars (vários modelos),Disney Pixar Cars,,"€9,99/un","€9,99/un"
Drone Z4W Explorer,Syma,,"€79,99/un","€79,99/un"
Drone Z3 com Câmera HD,Syma,,"€99,99/un","€99,99/un"
Desafio Acrobático Monster Truck,Hot Wheels,,"€34,99/un","€34,99/un"
Carro Color Changer 1:55 (vários modelos),Disney Pixar Cars,,"€14,99/un","€14,99/un"
Pista de Comboios 180cm com Estação e 40 Peças,Speed Wheels,,"€63,99/un","€63,99/un"
Dino Wars T-Rex,Robo Alive,,"€14,99/un","€14,99/un"
Drone Night Hawk,,,"€59,99/un","€59,99/un"
Carro de Polícia do Chase,Patrulha Pata,,"€26,99/un","€26,99/un"
Ferrari F12 Berlinetta 1:43 (vários modelos),Burago,,"€21,99/un","€21,99/un"
Jaguar XK 120 Roadster 1:24,Burago,,"€14,99/un","€14,99/un"
Rádio Controlo Race Trophy 1:20,Dickie Toys,,"€39,99/un","€39,99/un"
Mota 1:18 (vários modelos),Maisto,,"€9,99/un","€9,99/un"
Carros Street Fire 1:32 (vários modelos),Burago,,"€9,99/un","€9,99/un"
Veículo Joy Ride e Figura Fortnite Whiplash,Fortnite,,"€39,99/un","€39,99/un"
Rádio Controlo Megalodon Storm 1:15,Monster Jam,,"€99,99/un","€99,99/un"
Radio Controlo X-Rally Galaxy 1:30,Ninco,,"€22,99/un","€22,99/un"
Pack 3 Carros 1:43 (vários modelos),Maisto,,"€24,99/un","€24,99/un"
Rádio Controlo Carro Off-Road Attack,Maisto,,"€99,99/un","€99,99/un"
Pista Básica de Saltos Hot Wheels (vários modelos),Hot Wheels,,"€17,99/un","€17,99/un"
Rádio Controlo Mario Kart,Super Mario,,"€59,99/un","€59,99/un"
Pista com Tubo Looping 360°,Speed Wheels,,"€19,99/un","€19,99/un"
Biopod Duo Cyberpunk Rhino+T-Rex,Ycoo,,"€20,99/un","€20,99/un"
Rádio Controlo Carro Transformável 1:14 (vários modelos),Rastar,,"€59,99/un","€59,99/un"
Pack de 2 Veículos 4x4 (vários modelos),Speed Wheels,,"€9,99/un","€9,99/un"
Robô Dominador,Speed Wheels,,"€16,99/un","€16,99/un"
Rádio Controlo Carro Street Series 1:14 (vários modelos),Maisto,,"€59,99/un","€59,99/un"
Veículo Batman 1:50 (vários modelos),Hot Wheels,,"€14,99/un","€14,99/un"
Mega Robô Kombat,Ycoo,,"€59,99/un","€59,99/un"
Caça Fantasmas Ecto-1 Metal 1:24,Simba,,"€39,99/un","€39,99/un"
Paw Patroller Die Cast,Patrulha Pata,,"€72,99/un","€72,99/un"
Playset Camião 2 em 1,Monster Jam,,"€72,99/un","€72,99/un"
Pista de Corridas Radiador Springs,Disney Cars,,"€34,99/un","€34,99/un"
Playset Camião dos Bombeiros,Dickie Toys,,"€44,99/un","€44,99/un"
Batmobile com Figura XL,Batman,,"€52,99/un","€52,99/un"
Patrulha Pata - Veículo Deluxe Chase,Patrulha Pata,,"€76,99/un","€76,99/un"
Ferrari 1:32 (vários modelos),Bburago,,"€18,99/un","€18,99/un"
Robô Kombat Pack Duplo,Ycoo,,"€52,99/un","€52,99/un"
Carros Miniatura Graffiti (vários modelos),Maisto,,"€4,99/un","€4,99/un"
Rádio Controlo Grua Gigante,Dickie Toys,,"€39,99/un","€39,99/un"
Radio Controlo Faísca McQueen Turbo Racer 1:24,Disney Pixar Cars,,"€39,99/un","€39,99/un"
Rádio Controlo Storm 1:18 (várias cores),Exost,,"€24,99/un","€24,99/un"
Caravana de Campisno,Simba,,"€34,99/un","€34,99/un"
Camião e Pista de Transporte,Hot Wheels,,"€44,99/un","€44,99/un"
Biopod Cyberpunk,Ycoo,,"€10,99/un","€10,99/un"
Robô Street Kombat Pack Duplo,Ycoo,,"€36,99/un","€36,99/un"
Cabine Camião Mercedes-Benz Actros 1:43 (vários modelos),Burago,,"€17,99/un","€17,99/un"
Pista Monster Trucks Escorpião,Hot Wheels,,"€59,99/un","€59,99/un"
Super Loja de Pneus,Hot Wheels,,"€39,99/un","€39,99/un"
Rádio Controlo Monster Truck 1:18,Speed Wheels,,"€59,99/un","€59,99/un"
Paw Patrol Movie - Veículos Die Cast (vários modelos),Patrulha Pata,,"€6,99/un","€6,99/un"
Carro DeLorean - Regresso ao Futuro 1:32,Jada,,"€12,99/un","€12,99/un"
Camião de Polícia Patrulha Pata,Patrulha Pata,,"€72,99/un","€72,99/un"
Carro Rally 1:32 (vários modelos),Burago,,"€17,99/un","€17,99/un"
Robô Dackel,Ycoo,,"€59,99/un","€59,99/un"
Rádio Controlo Mega Megalodon 1:6,Monster Jam,,"€149,99/un","€149,99/un"
Carro Fórmula 1 1:43 (vários modelos),Burago,,"€14,99/un","€14,99/un"
Pista Camião,Speed Wheels,,"€39,99/un","€39,99/un"
Pista Ataque do Gorila Tóxico,Hot Wheels,,"€69,99/un","€69,99/un"
Robô: Robot,Olivo,,"€9,99/un","€9,99/un"
Carro de Corrida: Racing Car,Olivo,,"€9,99/un","€9,99/un"
Rádio Controlo Hyundai i20 Coupe WRC 1:16,Ninco,,"€39,99/un","€39,99/un"
Carro de Competição com Camião de Transporte (vários modelos),Hot Wheels,,"€19,99/un","€19,99/un"
Jeep Wrangler 1:24,Jurassic World,,"€39,99/un","€39,99/un"
Camião Unimog - Edição 75 Anos,Simba,,"€74,99/un","€74,99/un"
Veículo de Emergência (vários modelos),Speed Wheels,,"€7,99/un","€7,99/un"
Camião de Bombeiros,Patrulha Pata,,"€119,99/un","€119,99/un"
Rádio Controlo Desert Cross 1:16,Speed Wheels,,"€32,99/un","€32,99/un"
Pista Tapete,Speed Wheels,,"€9,99/un","€9,99/un"
Mega Garagem,Hot Wheels,,"€84,99/un","€84,99/un"
Monster Truck - Pista do Torneio dos Titãs,Hot Wheels,,"€64,99/un","€64,99/un"
Pista Gorila Ataque,Metal Machines,,"€49,99/un","€49,99/un"
Rádio Controlo Full Function High Speed 1:14 (vários modelos),Speed Wheels,,"€44,99/un","€44,99/un"
Rádio Controlo Twin Pack 1:16,Speed Wheels,,"€65,99/un","€65,99/un"
Pack Track Builder Hot Wheels (vários modelos),Hot Wheels,,"€17,99/un","€17,99/un"
Pack 5 Mini Veículos,Monster Jam,,"€20,99/un","€20,99/un"
Super Garagem de 3 Pisos,Speed Wheels,,"€42,99/un","€42,99/un"
Rádio Controlo Carro do Deserto (várias cores),Speed Wheels,,"€24,99/un","€24,99/un"
Pista Spider Strike,Metal Machines,,"€39,99/un","€39,99/un"
Monster Truck (vários cores),Metal Machines,,"€14,99/un","€14,99/un"
Robô Inteligente,Zoko,,"€79,99/un","€79,99/un"
Pista de Corridas,Patrulha Pata,,"€59,99/un","€59,99/un"
MINI Countryman WRC Team 2012 Pierre Campana 1:32,Burago,,"€12,99/un","€12,99/un"
Rádio Controlo Light Razor 1:20 (várias cores),Dickie Toys,,"€29,99/un","€29,99/un"
Carro Cross Country,Speed Wheels,,"€12,99/un","€12,99/un"
Rádio Controlo Batmobile 1:20,Batman,,"€49,99/un","€49,99/un"
Mega Garagem,Monster Jam,,"€82,99/un","€82,99/un"
Rádio Controlo Grave Digger Ramp Champ,Monster Jam,,"€74,99/un","€74,99/un"
Monster Trucks Tubarão Tigre,Hot Wheels,,"€69,99/un","€69,99/un"
Veículo Nincoracers Aquabound 2,Ninco,,"€64,99/un","€64,99/un"
Rescue Hybrids - Helicóptero Patrulheiro 35cm,Simba,,"€29,99/un","€29,99/un"
Dragão Camião de Transporte,Hot Wheels,,"€39,99/un","€39,99/un"
Mega Construção,Hot Wheels,,"€32,99/un","€32,99/un"
Rádio Controlo Hyundai i20 WRC 1:10,Ninco,,"€38,99/un","€38,99/un"
Camião Transportador Mack,Disney Pixar Cars,,"€29,99/un","€29,99/un"
Race Rally (vários modelos),Hot Wheels,,"€39,99/un","€39,99/un"
Veículo Municipal Miniatura (vários modelos),Burago,,"€14,99/un","€14,99/un"
Mega Transporte com 3 Carros (vários modelos),Speed Wheels,,"€26,99/un","€26,99/un"
Veículo 1:43 com Sons (vários modelos),Monster Jam,,"€14,99/un","€14,99/un"
Monster Truck Color Reveal (vários modelos),Hot Wheels,,"€16,99/un","€16,99/un"
Rádio Controlo Mario Kart 1:1,Carrera,,"€59,99/un","€59,99/un"
Carro 1:24 (vários modelos),Maisto,,"€19,99/un","€19,99/un"
Conjunto Rally de Montanha-russa,Hot Wheels,,"€59,99/un","€59,99/un"
Pista Mario Kart,Carrera,,"€79,99/un","€79,99/un"
Camião Mack Volvo 70cm,Simba,,"€54,99/un","€54,99/un"
Rádio Controlo Escavadora Mighty,Dickie Toys,,"€79,99/un","€79,99/un"
Tubarão Camião,Hot Wheels,,"€21,99/un","€21,99/un"
Conjunto de Figuras (vários modelos),Super Mario,,"€32,99/un","€32,99/un"
Pista de Corridas - Cars Disney Pixar,Carrera,,"€39,99/un","€39,99/un"
Hot Wheels City - Tubarão de Ataque,Hot Wheels,,"€74,99/un","€74,99/un"
Carro Vintage,Maisto,,"€19,99/un","€19,99/un"
Camião Reboque com Carro 1:50 (vários modelos),Bburago,,"€16,99/un","€16,99/un"
M-Sport Ford Fiesta WRC 2017 Ott Tanak 1:32,Burago,,"€14,99/un","€14,99/un"
Cobra,Robo Alive,,"€32,99/un","€32,99/un"
Rádio Controlo Peugeot 3008 DKR Maxi 1:16,Speed Wheels,,"€79,99/un","€79,99/un"
Rádio Controlo Jeep com Luzes 1:14 (várias cores),Speed Wheels,,"€54,99/un","€54,99/un"
Batmóvel com Figura Batman 1:24,Batman,,"€39,99/un","€39,99/un"
Motociclo: Motorcycle,Olivo,,"€9,99/un","€9,99/un"
Radio Controlo Peppa Pig,Peppa Pig,,"€34,99/un","€34,99/un"
Rádio Controlo 360 Tornado 1:10 (várias cores),Exost,,"€49,99/un","€49,99/un"
Retroescavadora Volvo 30cm,Simba,,"€36,99/un","€36,99/un"
Veículo Médio Lightyear Armadilho,Disney Pixar Lightyear,,"€49,99/un","€49,99/un"
Mota KTM Miguel Oliveira 1:18,Maisto,,"€16,99/un","€16,99/un"
Parque e Garagem,Dickie Toys,,"€59,99/un","€59,99/un"
3 Veículos de Construção,Speed Wheels,,"€24,99/un","€24,99/un"
Camião Transporte com 2 Carros (vários modelos),Speed Wheels,,"€9,99/un","€9,99/un"
Dino Action Raptor,Robo Alive,,"€12,99/un","€12,99/un"
Rádio Controlo Batmobile Todo Terreno 1:15,Batman,,"€89,99/un","€89,99/un"
Batmóvel 1966 - 1:32,Batman,,"€14,99/un","€14,99/un"
Renault Premium Bombeiros Portugueses 1:50,Burago,,"€12,99/un","€12,99/un"
Ferrari 1:24,Bburago,,"€21,99/un","€21,99/un"
Jeeps/Picks Up 4x4 Rebels 1:36 (vários modelos),Maisto,,"€9,99/un","€9,99/un"
Veículo The Bear e Figura Fortnite,Fortnite,,"€69,99/un","€69,99/un"
Mini Drone,,,"€32,99/un","€32,99/un"
Robô Kombat Balloon Puncher (várias cores),Ycoo,,"€52,99/un","€52,99/un"
Rádio Controlo Streetfire Racers 1:10,Speed Wheels,,"€54,99/un","€54,99/un"
Mega Pista com 4 Loopings,Speed Wheels,,"€22,99/un","€22,99/un"
Matchbox Pack 5 Carrinhos (vários modelos),Matchbox,,"€11,99/un","€11,99/un"
Rádio Controlo Storm Rider 1:18 (várias cores),Speed Wheels,,"€16,99/un","€16,99/un"
Caixa de Acrobacias Deluxe Track Builder Hot Wheels,Hot Wheels,,"€59,99/un","€59,99/un"
Pista de Acrobacias de Lançamento Rápido​ Spin-out,Hot Wheels,,"€69,99/un","€69,99/un"
Tubo 20 Veículos com Pista,Speed Wheels,,"€19,99/un","€19,99/un"
Jurassic Park Jeep Wrangler 1:32,Jada,,"€12,99/un","€12,99/un"
Veículo Spidey Web Transporter,Marvel,,"€59,99/un","€59,99/un"
Estação Polícia/Bombeiros (vários modelos),Speed Wheels,,"€7,99/un","€7,99/un"
Veículo Crawling Ghost (várias cores),Speed Wheels,,"€22,99/un","€22,99/un"
Conjunto 5 Veículos - Construção Volvo Mini,Dickie Toys,,"€9,99/un","€9,99/un"
Lightstreak Racer,Dickie Toys,,"€24,99/un","€24,99/un"
Camião de Obras (vários modelos),Dickie Toys,,"€9,99/un","€9,99/un"
Carro de Corrida Mega Construx (vários modelos),Hot Wheels,,"€11,99/un","€11,99/un"
Radio Controlo Spidey Web Crawler 1:24,Simba,,"€36,99/un","€36,99/un"
Rádio Controlo 360 Cross II 1:18 (várias cores),Exost,,"€29,99/un","€29,99/un"
Rescue Hybrids - Bot Policial 32cm,Simba,,"€39,99/un","€39,99/un"
Camião de Carga Volvo 30cm,Simba,,"€36,99/un","€36,99/un"
Veículos Básicos Lightyear (vários modelos),Disney Pixar Lightyear,,"€36,99/un","€36,99/un"
Camião de Polícia Deluxe,Patrulha Pata,,"€124,99/un","€124,99/un"
Camião Transporte com 4 Veículos,Speed Wheels,,"€14,99/un","€14,99/un"
Helicóptero Falcon XL,Syma,,"€59,99/un","€59,99/un"
Veículo SOS Polícia Portuguesa - PSP Mercedes,Dickie Toys,,"€16,99/un","€16,99/un"
Veículo Roblox Legends of Speed,Roblox,,"€39,99/un","€39,99/un"
Veículos de Salvamento (vários modelos),Dickie Toys,,"€9,99/un","€9,99/un"
Camião Devorador Mega Wrex,Hot Wheels,,"€69,99/un","€69,99/un"
Submarino Patrulha Pata,Patrulha Pata,,"€76,99/un","€76,99/un"
Pista Pack Dupla Destruição,Hot Wheels,,"€29,99/un","€29,99/un"
Batmóvel Metal 1:32 1989,Batman,,"€19,99/un","€19,99/un"
Pack 2 Veículos Fire Escala 1:43 Sortido,Bburago,,"€7,99/un","€7,99/un"
Rádio Controlo Carro F1 Racing 1:24,Maisto,,"€49,99/un","€49,99/un"
Mercedes AMG C-Coupe Gary Paffett 1:32,Burago,,"€14,99/un","€14,99/un"
Carro Kitt 1:32,Jada,,"€16,99/un","€16,99/un"
Rádio Controlo Batmobile Turbo Boost 1:15,Batman,,"€83,99/un","€83,99/un"
Harry Potter Ford Anglia 1959 com Figura 1:24,Harry Potter,,"€54,99/un","€54,99/un"
Carro Fórmula 1 Colecionismo com Capacete (vários modelos),Burago,,"€29,99/un","€29,99/un"
Radio Controlo Spidey Web Racer 1:18,Simba,,"€49,99/un","€49,99/un"
Veículos Dirt Diggers (vários modelos),Little Tikes,,"€22,99/un","€22,99/un"
Carro Super Moderno 1:32 (vários modelos),Burago,,"€17,99/un","€17,99/un"
Carrinhos Monster Truck Pack de 2 (vários modelos),Hot Wheels,,"€17,99/un","€17,99/un"
Carros de Emergência 1:36/40 (vários modelos),Burago,,"€7,99/un","€7,99/un"
Carros Car Culture (vários modelos),Hot Wheels,,"€11,99/un","€11,99/un"
Helicópetro S5 R/C,Revolt,,"€19,99/un","€19,99/un"
Mega Garagem,Speed Wheels,,"€89,99/un","€89,99/un"
Pista de Corridas - Formula 1 Speed Grip,Carrera,,"€89,99/un","€89,99/un"
Camião com Empilhador e Palete (vários modelos),Burago,,"€39,99/un","€39,99/un"
Veículos Médios Mario Kart,Super Mario,,"€20,99/un","€20,99/un"
Batmobile 1989 1:24,Batman,,"€46,99/un","€46,99/un"
Pack 10 Veículos Hot Wheels (vários modelos),Hot Wheels,,"€22,99/un","€22,99/un"
Dino Action Pterodáctilo,Robo Alive,,"€12,99/un","€12,99/un"
Rádio Controlo Full Function Buggy 1:20,Speed Wheels,,"€19,99/un","€19,99/un"
Rádio Controlo Stunt Orange,Ninco,,"€28,99/un","€28,99/un"
Aeronave: Aircraft,Olivo,,"€24,99/un","€24,99/un"
Pack de Construção Monster Trucks (vários modelos),Hot Wheels,,"€9,99/un","€9,99/un"
Rádio Controlo Cars 1:32,Disney Pixar Cars,,"€36,99/un","€36,99/un"
Tech Deck - Pro Street Hits (vários modelos),Tech Deck,1 un,"€8,99/un","€8,99/un"
Pista Rivals Race Superthings,Ninco,,"€44,99/un","€44,99/un"
Rádio Controlo 360 Aqua Cross 1:18,Exost,,"€39,99/un","€39,99/un"
Quadro Magnético (vários modelos),Happy Bear,,"€12,99/un","€12,99/un"
Peluche Panda 130cm,Zoko,,"€59,99/un","€59,99/un"
Peluche Leão 130cm,Zoko,,"€59,99/un","€59,99/un"
Peluche Saco-cama Dormi Locos Grande Husky,Dormi Locos,1 un,"€69,99/un","€69,99/un"
Peluche Panda Parabéns,Panda,,"€36,99/un","€36,99/un"
Peluche Saco-cama Dormi Locos Pequeno Husky,Dormi Locos,1 un,"€49,99/un","€49,99/un"
Livro das 100 Palavras,Vtech,,"€42,99/un","€42,99/un"
Peluche Panda Dança Comigo,Panda,,"€32,99/un","€32,99/un"
Mesa de Mistura DJ Mix,Chicco,,"€29,99/un","€29,99/un"
Peluche Saco-cama Dormi Locos Grande Tubarão,Dormi Locos,1 un,"€69,99/un","€69,99/un"
Cubo Mágico Smart2Play,Chicco,,"€14,99/un","€14,99/un"
Peluche Animagic - Waggles,Goliath,,"€39,99/un","€39,99/un"
Roca Pendurante Coelho,Playgro,,"€9,99/un","€9,99/un"
Microfone com Gravação,Happy Bear,,"€11,99/un","€11,99/un"
Espiral,Playgro,,"€19,99/un","€19,99/un"
Centro de Atividades com Ventosa,Playgro,,"€14,99/un","€14,99/un"
Mana do Cãozinho Aprender e Brincar,Fisher-Price,,"€39,99/un","€39,99/un"
Livro Interativo Quinta,Baby Clementoni,,"€14,99/un","€14,99/un"
Peluche Saco-cama Dormi Locos Grande Unicórnio Branco,Dormi Locos,1 un,"€69,99/un","€69,99/un"
Conjunto de 4 Figuras de Banho,Baby Shark,,"€15,99/un","€15,99/un"
Peluche Saco-cama Dormi Locos Grande Gato Rosa,Dormi Locos,1 un,"€69,99/un","€69,99/un"
Peluche Panda Cucú!,Panda,,"€32,99/un","€32,99/un"
Cubos de Empilhar com Balde,Happy Bear,,"€12,99/un","€12,99/un"
Torre de Animais,Happy Bear,,"€9,99/un","€9,99/un"
Figura Baby Shark com Música (várias cores),Baby Shark,,"€20,99/un","€20,99/un"
Livro Casa das Formas,Chicco,,"€19,99/un","€19,99/un"
Amigos do Safari Hide & Pop,Happy Bear,,"€19,99/un","€19,99/un"
Peluche Unicórnio Sentado 75cm,Zoko,,"€59,99/un","€59,99/un"
Baby Baliza Divertida,Baby Clementoni,,"€49,99/un","€49,99/un"
Bola Musical 2020,Chicco,,"€16,99/un","€16,99/un"
I-Fun Pad,Happy Bear,,"€14,99/un","€14,99/un"
Comando de Jogos Aprender e Brincar,Fisher-Price,,"€16,99/un","€16,99/un"
Nuvem Musical,Happy Bear,,"€9,99/un","€9,99/un"
Sunny - O Teu Camaleão Luminoso,Little Live Pets,,"€24,99/un","€24,99/un"
Cubo de Atividades 6 em 1,Happy Bear,,"€14,99/un","€14,99/un"
Roca Borboleta (vários modelos),Happy Bear,,"€7,99/un","€7,99/un"
Mesa de Ferramentas 2 em 1 Smart2Play,Chicco,,"€19,99/un","€19,99/un"
Ginásio e Piano Pés e Mãos,Fisher-Price,,"€69,99/un","€69,99/un"
Veículo Happy Farm (vários modelos),Dickie Toys,,"€17,99/un","€17,99/un"
Soft Clemmy - Tapete Sensorial,Clementoni,,"€27,99/un","€27,99/un"
Peluche Saco-cama Dormi Locos Grande Cão Amarelo,Dormi Locos,1 un,"€69,99/un","€69,99/un"
O Meu 1º Carro Telecomandado,Happy Bear,,"€17,99/un","€17,99/un"
Tambor e Instrumentos,Happy Bear,,"€15,99/un","€15,99/un"
Pinguim Dorminhoco,Baby Clementoni,,"€12,99/un","€12,99/un"
Roca Mrs. Girafa,Chicco,,"€14,99/un","€14,99/un"
Peluche Urso/Panda 180cm,Zoko,,"€119,99/un","€119,99/un"
Elefante Musical Pop Pop,Happy Bear,,"€17,99/un","€17,99/un"
Veículos Divertidos,Baby Clementoni,,"€12,99/un","€12,99/un"
Peluche Panda Pequeno,Panda,,"€10,99/un","€10,99/un"
Ginásio Selva,Happy Bear,,"€39,99/un","€39,99/un"
Desportos Divertidos 4 em 1,Happy Bear,,"€39,99/un","€39,99/un"
Peluche Grande Musical Baby Shark (vários modelos),Baby Shark,,"€36,99/un","€36,99/un"
"Peluche Tilly, O Terrier 30cm",Goliath,,"€38,99/un","€38,99/un"
"Ted, Falante",Baby Clementoni,,"€29,99/un","€29,99/un"
"Teddy, o Ursinho das Emoções",Chicco,,"€34,99/un","€34,99/un"
Pack 4 Figuras Mini Rainbocorns (vários modelos),Rainbocorns,,"€15,99/un","€15,99/un"
Conjunto 20 Peças Soft,Happy Bear,,"€29,99/un","€29,99/un"
Tartaruga Efeito Surpresa,Chicco,,"€29,99/un","€29,99/un"
Arco para Cama - Rainbow Sky Rosa,Chicco,,"€39,99/un","€39,99/un"
Brinquedo Passeio Família Koala,Chicco,,"€16,99/un","€16,99/un"
Centro de Massagens do Coelhinho,Fisher-Price,,"€23,99/un","€23,99/un"
Bateria Musical,Chicco,,"€11,99/un","€11,99/un"
Cão Fofo,Playgro,,"€15,99/un","€15,99/un"
Livro de Atividades,Happy Bear,,"€15,99/un","€15,99/un"
Balde de Atividades Soft Clemmy,Clementoni,,"€16,99/un","€16,99/un"
Doudou,Panda,,"€14,99/un","€14,99/un"
Balde Primeiras Formas,Fisher-Price,,"€14,99/un","€14,99/un"
Pirâmide de Argolas,Fisher-Price,,"€14,99/un","€14,99/un"
Cassete de Músicas do Cãozinho,Fisher-Price,,"€7,79/un","€7,79/un"
Peluche Boba Fett,Star Wars,,"€14,99/un","€14,99/un"
Trio Viagem Atividades Musicais,Playgro,,"€19,99/un","€19,99/un"
Ginásio com Atividades 3 em 1,Chicco,,"€42,99/un","€42,99/un"
Mesa Piano,Happy Bear,,"€22,99/un","€22,99/un"
Brinquedos em Madeira 3 em 1,Play to Grow,,"€17,99/un","€17,99/un"
Tapete Interativo Liberta a Toupeira,Chicco,,"€34,99/un","€34,99/un"
Peluche Saco-cama Dormi Locos Pequeno Unicórnio Branco,Dormi Locos,1 un,"€49,99/un","€49,99/un"
Peluche Saco-cama Dormi Locos Pequeno Tubarão,Dormi Locos,1 un,"€49,99/un","€49,99/un"
O Meu Baby Pad,Baby Clementoni,,"€27,99/un","€27,99/un"
Andador Avião 2 em 1,Happy Bear,,"€69,99/un","€69,99/un"
Pista de Comboio com Trator e Animais,Happy Bear,,"€22,99/un","€22,99/un"
Peluche Saco-cama Dormi Locos Pequeno Gato Rosa,Dormi Locos,1 un,"€49,99/un","€49,99/un"
Cubo de Atividades,Vtech,,"€52,99/un","€52,99/un"
Cesto de Piquenique,Vtech,,"€42,99/un","€42,99/un"
Telemóvel Cãozinho,Chicco,,"€9,99/un","€9,99/un"
Comboio - Aprende Comigo,Happy Bear,,"€49,99/un","€49,99/un"
Camaleão Brincalhão,Baby Clementoni,,"€12,99/un","€12,99/un"
Balde Soft Clemmy Baby Shark (vários modelos),Clementoni,,"€21,99/un","€21,99/un"
Unicórnio Mágico,Baby Clementoni,,"€12,99/un","€12,99/un"
Teddy Gatinha Comigo,Vtech,,"€42,99/un","€42,99/un"
TV Musical,Happy Bear,,"€11,99/un","€11,99/un"
Peluche Panda - Jogamos Juntos,Fisher-Price,,"€17,99/un","€17,99/un"
Tapete de Brincadeira Versátil Panda,Fisher-Price,,"€20,99/un","€20,99/un"
Elefante de Puxar,Play to Grow,,"€14,99/un","€14,99/un"
Mesa Multi Atividades,Happy Bear,,"€32,99/un","€32,99/un"
Baby Coelhinho Benny,Baby Clementoni,,"€19,99/un","€19,99/un"
Animais Soft Clemmy,Clementoni,,"€7,99/un","€7,99/un"
Ouriço Dorme com as Estrelas,Happy Bear,,"€24,99/un","€24,99/un"
Boneca First Love,Chicco,,"€10,79/un","€10,79/un"
Baby Cãozinho Pete,Baby Clementoni,,"€24,99/un","€24,99/un"
Rocas Sensoriais (vários modelos),Fisher-Price,,"€9,99/un","€9,99/un"
Comboio dos Animais Bilingue,Chicco,,"€44,99/un","€44,99/un"
Peluche 90cm (vários modelos),Zoko,,"€39,99/un","€39,99/un"
Peluche Saco-cama Dormi Locos Pequeno Cão Amarelo,Dormi Locos,1 un,"€49,99/un","€49,99/un"
"Peluche Musical 16,5cm (vários modelos)",Happy Bear,,"€17,99/un","€17,99/un"
Bola Transformável 2 em 1 Eco,Chicco,,"€16,99/un","€16,99/un"
Soft Clemmy - Comboio Sensorial,Clementoni,,"€29,99/un","€29,99/un"
Baby Ursinho Bob,Baby Clementoni,,"€14,99/un","€14,99/un"
Peluche Porg 15cm,Star Wars,,"€11,99/un","€11,99/un"
Fofo Ratinho,Playgro,,"€13,99/un","€13,99/un"
Banda Musical,Happy Bear,,"€12,99/un","€12,99/un"
Peluche Ewok Wicket 21cm,Star Wars,,"€11,99/un","€11,99/un"
Peluche Homem de Ferro,Disney Avengers,,"€14,99/un","€14,99/un"
Peluche Darth Vader 19cm,Star Wars,,"€17,99/un","€17,99/un"
Peluche Leão/Cão 60cm,Zoko,,"€21,99/un","€21,99/un"
Lama Luzes e Cores Linkimals,Fisher-Price,,"€17,99/un","€17,99/un"
Chave Falante,Chicco,,"€14,99/un","€14,99/un"
Maracas Musicais,Fisher-Price,,"€12,99/un","€12,99/un"
Roca Peluche Hippo,Playgro,,"€14,99/un","€14,99/un"
Peluche Luke Skywalker 19cm,Star Wars,,"€17,99/un","€17,99/un"
O Meu Primeiro Volante,Happy Bear,,"€7,99/un","€7,99/un"
Carro Sensorial Soft Clemmy,Clementoni,,"€16,99/un","€16,99/un"
Fofo Wonky,Playgro,,"€12,99/un","€12,99/un"
Tapete de Atividades Playnest Farm,Diset,,"€44,99/un","€44,99/un"
Espiral Atividades,Playgro,,"€24,99/un","€24,99/un"
Copos Empilhaveis 2 em 1 Eco,Chicco,,"€12,99/un","€12,99/un"
Peluche Preguiça/Coala 19cm,Zoko,,"€8,99/un","€8,99/un"
Camião das Cores,Vtech,,"€36,99/un","€36,99/un"
Fofo Dino,Playgro,,"€13,99/un","€13,99/un"
Argolas de Encaixe,Play to Grow,,"€14,99/un","€14,99/un"
Teclado Musical,Vtech,,"€20,99/un","€20,99/un"
Bola de Atividades,Happy Bear,,"€22,99/un","€22,99/un"
Cãozinho Pendurante,Playgro,,"€17,99/un","€17,99/un"
Pirâmide de Argolas,Happy Bear,,"€7,99/un","€7,99/un"
Mini Cubos Musicais (vários modelos),Baby Shark,,"€10,99/un","€10,99/un"
"Billy, o Cachorrinho Interativo",Vtech,,"€79,99/un","€79,99/un"
Coelho Musical,Playgro,,"€12,99/un","€12,99/un"
Computador Educativo Rosa,Vtech,,"€42,99/un","€42,99/un"
Rocas Animais,Playgro,,"€17,99/un","€17,99/un"
Dorme com as Estrelas (vários modelos),Happy Bear,,"€22,99/un","€22,99/un"
Peluche Animais 17cm (vários modelos),Zoko,,"€8,99/un","€8,99/un"
Atividades Cão,Playgro,,"€15,99/un","€15,99/un"
A Minha 1ª Máquina Fotográfica,Happy Bear,,"€17,99/un","€17,99/un"
Peluche Peek-A-Boo 25cm,Pistas da Blue,,"€46,99/un","€46,99/un"
Quinta Interativa Bilingue,Chicco,,"€39,99/un","€39,99/un"
Bola de Atividades,Vtech,,"€26,99/un","€26,99/un"
Peluche Unicórnio 90cm (vários modelos),Zoko,,"€29,99/un","€29,99/un"
Livro Musical,Vtech,,"€26,99/un","€26,99/un"
Peluche e Disfarce Panda e os Caricas (vários modelos),Panda,,"€41,99/un","€41,99/un"
Borboleta Blossom,Playgro,,"€16,99/un","€16,99/un"
Telefone Educativo,Vtech,,"€16,99/un","€16,99/un"
Porta-Chaves de Atividades,Vtech,,"€16,99/un","€16,99/un"
Panda Peluche Piruetas,Panda,,"€20,99/un","€20,99/un"
Furreal Friends - Rockalots,Hasbro,,"€36,99/un","€36,99/un"
Animais Bebés (vários modelos),FurReal Friends,,"€22,99/un","€22,99/un"
Urso Organizador de Brinquedos do Banho,Playgro,,"€12,99/un","€12,99/un"
Casa da Árvore 2 em 1,Chicco,,"€14,99/un","€14,99/un"
Baby Microfone,Baby Clementoni,,"€14,99/un","€14,99/un"
Gatinho Cú-Cú,Chicco,,"€34,99/un","€34,99/un"
Gato Musical,Playgro,,"€14,99/un","€14,99/un"
Rainbocorns S5 - Peluches Gigantes Unicorn Rescue,Rainbocorns,,"€79,99/un","€79,99/un"
O Meu Carrinho das Formas,Vtech,,"€42,99/un","€42,99/un"
Peluche Mama Surprise,Little Live Pets,,"€89,99/un","€89,99/un"
Peluche Pokémon Suave 21cm (vários modelos),Pokémon,,"€24,99/un","€24,99/un"
Busy Boombox - Aprender e Brincar,Fisher-Price,,"€36,99/un","€36,99/un"
Móbile Floresta Mágica,Chicco,,"€44,99/un","€44,99/un"
Roca,Panda,,"€10,99/un","€10,99/un"
Bloco 2 em 1 Pista da Blue,Pistas da Blue,,"€21,99/un","€21,99/un"
Bolinha Soft 2020,Chicco,,"€9,99/un","€9,99/un"
Tapete Eletrónico da Cidade,Chicco,,"€34,99/un","€34,99/un"
Triângulo de Atividades,Happy Bear,,"€9,99/un","€9,99/un"
Fruta Musical,Chicco,,"€14,99/un","€14,99/un"
Urso Peluche Musical,Happy Bear,,"€19,99/un","€19,99/un"
Polvo Treme e Dança,Happy Bear,,"€16,99/un","€16,99/un"
Peluche Minnie 35cm,Disney Minnie,,"€19,99/un","€19,99/un"
Arco para Cama - Rainbow Sky Azul,Chicco,,"€39,99/un","€39,99/un"
Peluche Flamingo The Poop,Little Live,,"€69,99/un","€69,99/un"
Baby Gemmy Dragões,Baby Gemmy,,"€11,99/un","€11,99/un"
Baby Gemmy Unicórnios,Baby Gemmy,,"€11,99/un","€11,99/un"
Ovelha Sonhos Felizes,Vtech,,"€31,99/un","€31,99/un"
Árvore Baobab Eco,Chicco,,"€14,99/un","€14,99/un"
Puzzle 2 em 1 - Casa e Quinta,Chicco,,"€12,99/un","€12,99/un"
Peluche Betsy - Club Petz,IMC Toys,,"€39,99/un","€39,99/un"
Baby Scooter Primeiros Passos,Baby Clementoni,,"€34,99/un","€34,99/un"
Peluche The Mandalorian - Baby Yoda 25cm,Star Wars,,"€26,99/un","€26,99/un"
Videojogo - Aprender e Brincar,Fisher-Price,,"€16,99/un","€16,99/un"
Soft Clemmy - Bola Sensorial,Clementoni,,"€14,99/un","€14,99/un"
Peixinho Banho Corda,Playgro,,"€8,99/un","€8,99/un"
Telecomando Mágico,Vtech,,"€20,99/un","€20,99/un"
Joaninha para Pendurar (vários modelos),Playgro,,"€8,99/un","€8,99/un"
Harry Potter - Hedwig Interativa,Harry Potter,,"€72,99/un","€72,99/un"
"Furreal Friends - Docinho, minha Ponei Elegante",Hasbro,,"€99,99/un","€99,99/un"
Contagem e Cores - UNO,Fisher-Price,,"€19,99/un","€19,99/un"
"Peluche Interativo - Lucky, o Contador de Histórias",Chicco,,"€69,99/un","€69,99/un"
Computador Educativo Preto,Vtech,,"€42,99/un","€42,99/un"
Peluche Spot,Cry Babies,,"€69,99/un","€69,99/un"
Puzzle Adivinha o Animal,Chicco,,"€19,99/un","€19,99/un"
Baby Cadeira Interativa,Baby Clementoni,,"€69,99/un","€69,99/un"
Animais Fofinhos (vários modelos),Baby Clementoni,,"€7,99/un","€7,99/un"
Peluche Dumbo 35cm,Disney,,"€24,99/un","€24,99/un"
Edu4you - Aprender o Alfabeto Com o Corpo,Chicco,,"€39,99/un","€39,99/un"
Cão Doofy,Playgro,,"€15,49/un","€15,49/un"
Peluches Disney Animal Friends 17cm,Disney,,"€12,99/un","€12,99/un"
Peluche Grogu/Mandaloriano Reversível 10cm,Star Wars,,"€14,99/un","€14,99/un"
O Meu 1º Teclado,Happy Bear,,"€17,99/un","€17,99/un"
Guitarra,Happy Bear,,"€15,99/un","€15,99/un"
Roca Pendurante Cão,Playgro,,"€9,99/un","€9,99/un"
Peluche com Lançador e Sons Boba Fett 30cm,Star Wars,,"€49,99/un","€49,99/un"
Peluche Panda Médio 30cm,Panda,,"€16,99/un","€16,99/un"
Conjunto 3 Atividades,Happy Bear,,"€29,99/un","€29,99/un"
Argolas de Encaixe e Equilíbrio,Play to Grow,,"€14,99/un","€14,99/un"
Luky - Unicórnio Canta Músicas,Concentra,,"€41,99/un","€41,99/un"
Peluche Peppa Pig Verão 50cm,Peppa Pig,,"€22,99/un","€22,99/un"
Peluche Artie The Polar Bear,Club Petz,,"€39,99/un","€39,99/un"
Soft Clemmy - Elefante Bebé,Clementoni,,"€29,99/un","€29,99/un"
Puzzle de Madeira Animais 14 Peças,Play to Grow,,"€7,99/un","€7,99/un"
Andador do Cãozinho,Fisher-Price,,"€49,99/un","€49,99/un"
Projetor Ursinho Rainbow,Chicco,,"€34,99/un","€34,99/un"
O Meu 1º Computador (vários modelos),Happy Bear,,"€19,99/un","€19,99/un"
A Minha Primeira Bola,Playgro,,"€9,99/un","€9,99/un"
Joaninha Educativa,Vtech,,"€31,99/un","€31,99/un"
Playset Explora e Joga Llama,Playgro,,"€29,99/un","€29,99/un"
Roca Coelhinho Amoroso,Clementoni,,"€12,99/un","€12,99/un"
Peluche Cachorro 22cm,Cry Pet,,"€26,99/un","€26,99/un"
Peluche Mickey 35cm,Disney Mickey,,"€19,99/un","€19,99/un"
Mestre Panda,Chicco,,"€19,99/un","€19,99/un"
Xilofone Gigante,Fisher-Price,,"€44,99/un","€44,99/un"
"Pesca, Brinca e Aprende",Baby Clementoni,,"€12,99/un","€12,99/un"
Segue a Bola,Diset,,"€22,99/un","€22,99/un"
"Balde Encaixe, Pirâmide e Anel",Happy Bear,,"€29,99/un","€29,99/un"
Burago Junior - Tapete com Pista Ferrari,Burago,,"€20,99/un","€20,99/un"
Cãozinho de Peluche Grande,Fisher-Price,,"€59,99/un","€59,99/un"
Xilofone,Happy Bear,,"€11,99/un","€11,99/un"
Roca Peluche Hippo,Playgro,,"€14,99/un","€14,99/un"
Tapete Musical Salta e Dança,Chicco,,"€49,99/un","€49,99/un"
Piano Músical Chão,Playgro,,"€22,99/un","€22,99/un"
Piano Vaquinha,Chicco,,"€14,99/un","€14,99/un"
Dálmata Divertido,Vtech,,"€26,99/un","€26,99/un"
Peluche My Magic Mixie Rosa,Magic Mixies,,"€99,99/un","€99,99/un"
Tablet dos Animais,Chicco,,"€19,99/un","€19,99/un"
Livro da Quinta Bilingue,Chicco,,"€19,99/un","€19,99/un"
Cubo de Atividades,Baby Clementoni,,"€19,99/un","€19,99/un"
Peluche Musical Minnie 33cm,Disney Minnie,,"€32,99/un","€32,99/un"
Baby Bola dos Animais,Clementoni,,"€16,99/un","€16,99/un"
V-Smile TV,Vtech,,"€69,99/un","€69,99/un"
Peluche Snuggling Koala,My Fuzzy Friends,,"€44,99/un","€44,99/un"
Peluche Doutor Bing 32cm,Famosa,,"€26,99/un","€26,99/un"
Mordedor Roca Rã,Chicco,,"€7,99/un","€7,99/un"
Baby Piloto De Corridas,Baby Clementoni,,"€29,99/un","€29,99/un"
Brinquedo de Banho Canoa,Playgro,,"€13,99/un","€13,99/un"
Roca Elefante Eco,Chicco,,"€12,99/un","€12,99/un"
Baby Rádio,Baby Clementoni,,"€14,99/un","€14,99/un"
Peluche Spidey 20cm (vários modelos),Spider-Man,,"€14,99/un","€14,99/un"
"Rocky, a Bateria Divertida",Chicco,,"€44,99/un","€44,99/un"
Soft Clemmy - Mesa Sensorial,Clementoni,,"€46,99/un","€46,99/un"
Peluche Dino Sentado 50cm (vários modelos),Zoko,,"€19,99/un","€19,99/un"
Roca Musical Urso,Playgro,,"€14,99/un","€14,99/un"
Storikid Conta Histórias,Vtech,,"€59,99/un","€59,99/un"
O Meu Primeiro Computador,Vtech,,"€31,99/un","€31,99/un"
Móbile Floresta Mágica,Chicco,,"€42,99/un","€42,99/un"
Comando de Jogos,Happy Bear,,"€11,99/un","€11,99/un"
Piano - Aprender e Brincar,Fisher-Price,,"€29,99/un","€29,99/un"
Livro de Canções do Cãozinho Aprender e Brincar,Fisher-Price,,"€24,99/un","€24,99/un"
Peluches Médios Baby Shark Musicais (vários modelos),Baby Shark,,"€25,99/un","€25,99/un"
Centro de Atividades,Happy Bear,,"€39,99/un","€39,99/un"
Almofada,Panda,,"€16,99/un","€16,99/un"
Dino Comilão,Baby Clementoni,,"€12,99/un","€12,99/un"
Telefone Educativo,Panda,,"€16,99/un","€16,99/un"
Selfie Phone,Chicco,,"€14,99/un","€14,99/un"
Peluches Rainbocorns (vários modelos),Rainbocorns,,"€39,99/un","€39,99/un"
Cão de Puxar,Play to Grow,,"€8,99/un","€8,99/un"
Volante Joga e Aprende,Happy Bear,,"€21,99/un","€21,99/un"
Copos para Empilhar,Baby Shark,,"€8,99/un","€8,99/un"
Burago Junior - Lancha Splash'n'Play,Burago,,"€12,99/un","€12,99/un"
Peluche Squishmallows Flip 14cm (vários modelos),Squishmallows,,"€11,99/un","€11,99/un"
Hipo Estrelinhas,Vtech,,"€42,99/un","€42,99/un"
Sensimals Watermates,Fisher-Price,,"€16,99/un","€16,99/un"
"Peluche Bing, Flop e Hoppity 20cm (vários modelos)",Famosa,,"€9,99/un","€9,99/un"
Peluche The Mandalorian Baby Yoda Jumbo 66cm,Star Wars,,"€82,99/un","€82,99/un"
Ursinho Doces Sonhos,Vtech,,"€20,99/un","€20,99/un"
Torre dos Anéis Smart2play,Chicco,,"€16,99/un","€16,99/un"
Roca Cãozinho Amoroso,Baby Clementoni,,"€12,99/un","€12,99/un"
Peluche Crackin Eggs Dinossauros (vários modelos),Creative Toys,,"€32,99/un","€32,99/un"
Peluches Squishmallows 20cm (vários modelos),,,"€11,99/un","€11,99/un"
Amigo Teddy ABC,Chicco,,"€22,99/un","€22,99/un"
Soft Clemmy - Quinta Sensorial,Clementoni,,"€32,99/un","€32,99/un"
Peluche Simba 35cm,Disney,,"€24,99/un","€24,99/un"
Tapete Interativo Quinta,Chicco,,"€39,99/un","€39,99/un"
Peluche Jurassic Park 45cm (vários modelos),Jurassic World,,"€29,99/un","€29,99/un"
Pirâmide dos Anéis,Chicco,,"€12,99/un","€12,99/un"
Cordão de Passeio Mrs. Giraffe,Chicco,,"€19,99/un","€19,99/un"
O Meu Primeiro Tablet,Vtech,,"€31,99/un","€31,99/un"
Cachorrinho Musical,Vtech,,"€16,99/un","€16,99/un"
Conjunto de 3 Mordedores Super Shaker,Playgro,,"€8,99/un","€8,99/un"
Peluche Spidey 25cm,Marvel,,"€16,99/un","€16,99/un"
Brinquedo Passeio Gilby & Eli,Chicco,,"€14,99/un","€14,99/un"
Tapete de Atividades Splash,Fisher-Price,,"€32,99/un","€32,99/un"
Mordedor Burt Eco,Chicco,,"€6,99/un","€6,99/un"
Peluches Pequenos Rainbocorns (vários modelos),Rainbocorns,,"€19,99/un","€19,99/un"
Baby Trotinete Unicórnio,Baby Clementoni,,"€39,99/un","€39,99/un"
Baby Laptop,Baby Clementoni,,"€24,99/un","€24,99/un"
Peluche My Magic Mixie Azul,Magic Mixies,,"€99,99/un","€99,99/un"
Guitarra Girafa,Chicco,,"€14,99/un","€14,99/un"
Puzzle de Frutas,Baby Clementoni,,"€17,99/un","€17,99/un"
Mordedor Light Me Up Pinguim,Playgro,,"€10,99/un","€10,99/un"
Peluche Groot 28cm,Marvel,,"€49,99/un","€49,99/un"
Peluche Jurassic Park 25cm (vários modelos),Jurassic World,,"€16,99/un","€16,99/un"
Andador Primeiros Passos - Happy Hippy,Chicco,,"€44,99/un","€44,99/un"
Peluche Stitch 25cm,Simba,,"€19,99/un","€19,99/un"
Andador Primeiros Passos - Jardineiro Brincalhão,Chicco,,"€49,99/un","€49,99/un"
Baby Unicórnio Peluche Interativo,Baby Clementoni,,"€29,99/un","€29,99/un"
Baby Mesa Parque de Diversões,Baby Clementoni,,"€39,99/un","€39,99/un"
Ursinho Doces Melodias,Chicco,,"€16,99/un","€16,99/un"
Comando do Cãozinho Aprender e Brincar,Fisher-Price,,"€19,99/un","€19,99/un"
Puppy Aprende Comigo,Happy Bear,,"€24,99/un","€24,99/un"
Cubos de Banho,Playgro,,"€12,99/un","€12,99/un"
Caixa de Música Coelhinho First Love,Chicco,,"€16,99/un","€16,99/un"
Peluche Puppy,Pets Alive,,"€44,99/un","€44,99/un"
Cãozinho Aprender e Brincar,Fisher-Price,,"€39,99/un","€39,99/un"
Peluche Cubby O Meu Ursinho Curioso,FurReal,,"€114,99/un","€114,99/un"
Roda Musical,Vtech,,"€20,99/un","€20,99/un"
Peluche Cão Sentado 43cm (vários modelos),Zoko,,"€19,99/un","€19,99/un"
Baby Luzinha Pirilampo,Baby Clementoni,,"€24,99/un","€24,99/un"
Baby Quinta dos Animais,Baby Clementoni,,"€32,99/un","€32,99/un"
Edu4you - Quadro Escreve e Lê,Chicco,,"€29,99/un","€29,99/un"
Peluche Among Us Feature Impostor 30cm,Among Us,,"€29,99/un","€29,99/un"
Karaoke Pinguim,Happy Bear,,"€19,99/un","€19,99/un"
Baby Prof Bilingue,Chicco,,"€39,99/un","€39,99/un"
Peluches Squishmallows 36cm (vários modelos),Squishmallows,,"€19,99/un","€19,99/un"
Peluche Lama,Pets Alive,,"€44,99/un","€44,99/un"
Doudou Ursinho Amoroso,Baby Clementoni,,"€12,99/un","€12,99/un"
Pedras Empilháveis Eco,Chicco,,"€12,99/un","€12,99/un"
DJ Ritmos Saltitantes,Fisher-Price,,"€69,99/un","€69,99/un"
Baby Ride On 3 em 1,Baby Clementoni,,"€46,99/un","€46,99/un"
Soft Clemmy - Baby Shark,Clementoni,,"€19,99/un","€19,99/un"
Peluche Moji,My Fuzzy Friends,,"€169,99/un","€169,99/un"
Basket 1 2 3,Chicco,,"€39,99/un","€39,99/un"
Almofada Brincadeiras do Lama,Fisher-Price,,"€42,99/un","€42,99/un"
Mordedor Charlie Eco,Chicco,,"€6,99/un","€6,99/un"
Roca Mocho,Chicco,,"€9,99/un","€9,99/un"
Lontra Dorme Bebé,Fisher-Price,,"€46,99/un","€46,99/un"
Peluche Magui 19cm,Pistas da Blue,,"€16,99/un","€16,99/un"
Castelo Divertido,Baby Clementoni,,"€17,99/un","€17,99/un"
Argolas Empilháveis,Baby Clementoni,,"€14,99/un","€14,99/un"
Peluche Panda Almofada 30cm,Panda,,"€18,99/un","€18,99/un"
Sleepy Kitty,Little Live Pets,,"€79,99/un","€79,99/un"
Cubo Mágico 2 em 1,Chicco,,"€16,99/un","€16,99/un"
Peluche Unicórnio Mágico Lucky,Concentra,,"€41,99/un","€41,99/un"
Peekapets - Bunny Plush (vários modelos),IMC Toys,,"€17,99/un","€17,99/un"
Ratinho de Meditação,Fisher-Price,,"€39,99/un","€39,99/un"
Telemóvel Falante,Chicco,,"€14,99/un","€14,99/un"
Roca Tartaruga Eco,Chicco,,"€9,99/un","€9,99/un"
Peluche Crazy Kuki (vários modelos),Famosa,,"€9,99/un","€9,99/un"
"Móbile de Berço com Nuvem, Sol e Arco-Íris",Fisher-Price,,"€49,99/un","€49,99/un"
Peluche Topo Gigio Abraça-me 30cm,Topo Gigio,,"€24,99/un","€24,99/un"
Burago Junior - Submarino Projetor,Burago,,"€15,99/un","€15,99/un"
Peluche Squishmallows 45cm (vários modelos),Squishmallows,,"€34,99/un","€34,99/un"
Centro Desportivo 3 em 1,Vtech,,"€79,99/un","€79,99/un"
Peluche Among Us Super Soft 40cm (vários modelos),Among Us,,"€24,99/un","€24,99/un"
Peluche Baby Yoda 30cm,Star Wars,,"€49,99/un","€49,99/un"
Peluche Família Peppa Pig,Peppa Pig,,"€39,99/un","€39,99/un"
"Peluche Gogo, A Cachorrinha Dançarina",FurReal,,"€66,99/un","€66,99/un"
Mini Peluches Baby Shark Musicais (vários modelos),Baby Shark,,"€8,99/un","€8,99/un"
Baby Jardinagem,Baby Clementoni,,"€12,99/un","€12,99/un"
Roda-roda,Happy Bear,,"€12,99/un","€12,99/un"
Peluche Blue 19cm,Pistas da Blue,,"€16,99/un","€16,99/un"
Peluche Panda Aprende Comigo,Panda,,"€37,99/un","€37,99/un"
Pack Disfarce com Peluche,Panda,,"€41,99/un","€41,99/un"
"Martinho, O Cavalinho",Baby Clementoni,,"€69,99/un","€69,99/un"
Hipo Dentuças,Vtech,,"€16,99/un","€16,99/un"
Baby Garagem Divertida,Baby Clementoni,,"€27,99/un","€27,99/un"
O Meu Primeiro Controlo Remoto Falante,Chicco,,"€14,99/un","€14,99/un"
Baby Comando TV,Baby Clementoni,,"€14,99/un","€14,99/un"
Roca Caracol Eco,Chicco,,"€9,99/un","€9,99/un"
Pack de 4 Patos de Banho,Playgro,,"€9,99/un","€9,99/un"
Baby Pinguim Dançarino,Baby Clementoni,,"€49,99/un","€49,99/un"
Baby Trotinete Dragão,Baby Clementoni,,"€52,99/un","€52,99/un"
O Meu Primeiro Tablet,Vtech,,"€31,99/un","€31,99/un"
Peluche Bluey 20cm (vários modelos),Famosa,,"€16,99/un","€16,99/un"
Peluche ET O Extraterrestre 40º Aniversário 28cm,Mattel,,"€44,99/un","€44,99/un"
Cubos de Empilhar,Happy Bear,,"€7,99/un","€7,99/un"
"Rafa, o Coelhinho Falante",Baby Clementoni,,"€29,99/un","€29,99/un"
Baby Comboio dos Animais,Baby Clementoni,,"€39,99/un","€39,99/un"
Mesa de Ferramentas,Baby Clementoni,,"€12,99/un","€12,99/un"
Balde Formas e Cores,Baby Clementoni,,"€12,99/un","€12,99/un"
Luva Animais da Quinta,Chicco,,"€14,99/un","€14,99/un"
Rainbocorns S5 - Peluches Grandes Eggzania,Rainbocorns,,"€59,99/un","€59,99/un"
Peluche Among Us Wave2 30cm (vários modelos),Among Us,,"€24,99/un","€24,99/un"
Telefone,Happy Bear,,"€11,99/un","€11,99/un"
Peluches Miraculous LadyBug (vários modelos),Ladybug,,"€14,99/un","€14,99/un"
Andador e Baloiço Pony,Feber,,"€64,99/un","€64,99/un"
My Little Pig Pet,Little Live Pets,,"€39,99/un","€39,99/un"
Peluche Disney 20cm (vários modelos),Disney Mickey,,"€17,99/un","€17,99/un"
Strike dos Macaquinhos,Chicco,,"€19,99/un","€19,99/un"
Livro de Atividades,Fisher-Price,,"€19,99/un","€19,99/un"
Polvo Billy,Chicco,,"€16,99/un","€16,99/un"
Tapete da Macaca Eletrónico,Chicco,,"€49,99/un","€49,99/un"
Peluche Walkalots Grandes Passeios (vários modelos),FurReal,,"€39,99/un","€39,99/un"
Roca Gatinho Amoroso,Baby Clementoni,,"€12,99/un","€12,99/un"
Caranguejo Treme e Dança,Happy Bear,,"€16,99/un","€16,99/un"
Mesa de Atividades Sensoriais,Chicco,,"€49,99/un","€49,99/un"
Mordedor Bola,Playgro,,"€8,99/un","€8,99/un"
Baby Câmara,Baby Clementoni,,"€14,99/un","€14,99/un"
Peluche Mimi Mimitos 30cm,Goliath,,"€39,99/un","€39,99/un"
Guitarra Orquestra Falante,Chicco,,"€29,99/un","€29,99/un"
Peluche Musical - Mickey 33cm,Disney Mickey,,"€32,99/un","€32,99/un"
Fofo Wonky,Playgro,,"€12,99/un","€12,99/un"
Magic Mixies - Crystal Ball Rosa,Famosa,,"€129,99/un","€129,99/un"
Peluche Harry Potter Quidditch 27cm,Harry Potter,,"€16,99/un","€16,99/un"
Caixa de Peças - 10913,LEGO Duplo,,"€29,99/un","€29,99/un"
Cuidar dos Animais da Quinta - 10949,LEGO Duplo,,"€9,99/un","€9,99/un"
Comboio de Mercadorias - 10875,LEGO Duplo,,"€129,99/un","€129,99/un"
Mini Veículos (vários modelos),Patrulha Pata,,"€8,99/un","€8,99/un"
Ida ao Médico - 10968,LEGO Duplo,,"€19,99/un","€19,99/un"
Banho Divertido: Comboio de Animais - 10965,LEGO Duplo,,"€19,99/un","€19,99/un"
Peluche Panda Parabéns,Panda,,"€36,99/un","€36,99/un"
Unicórnio - 10953,LEGO Duplo,,"€9,99/un","€9,99/un"
Mota da Polícia - 10967,LEGO Duplo,,"€9,99/un","€9,99/un"
Puzzles 2x24 Peças,Panda,,"€7,99/un","€7,99/un"
Conjunto de 6 Veículos Die Cast,Patrulha Pata,,"€42,99/un","€42,99/un"
Hora do Banho Divertido: Panda Vermelho - 10964,LEGO Duplo,,"€9,99/un","€9,99/un"
Comboio de Animais - 10955,LEGO Duplo,,"€19,99/un","€19,99/un"
Comboio a Vapor - 10874,LEGO Duplo,,"€64,99/un","€64,99/un"
Peluche Panda Dança Comigo,Panda,,"€32,99/un","€32,99/un"
Esquadra da Polícia e Helicóptero - 10959,LEGO Duplo,,"€49,99/un","€49,99/un"
Caixa de Peças Deluxe - 10914,LEGO Duplo,,"€49,99/un","€49,99/un"
Camião e Escavadora de Lagartas - 10931,LEGO Duplo,,"€19,99/un","€19,99/un"
Parque de Diversões - 10956,LEGO Duplo,,"€129,99/un","€129,99/un"
Quartel dos Bombeiros e Helicóptero - 10970,LEGO Duplo,,"€99,99/un","€99,99/un"
Camião Do Alfabeto - 10915,LEGO Duplo,,"€29,99/un","€29,99/un"
Casa e Café da Minnie - 10942,LEGO Duplo,,"€49,99/un","€49,99/un"
Estacionamento e Lavagem Automática - 10948,LEGO Duplo,,"€99,99/un","€99,99/un"
Pack 2 Veículos Patrulheiro,Patrulha Pata,,"€15,99/un","€15,99/un"
Bulldozer - 10930,LEGO Duplo,,"€9,99/un","€9,99/un"
"Celeiro, Trator e Cuidar dos Animais da Quinta - 10952",LEGO Duplo,,"€69,99/un","€69,99/un"
Peluche Panda Cucú!,Panda,,"€32,99/un","€32,99/un"
Hora do Banho Divertido: Ilha de Animais - 10966,LEGO Duplo,,"€44,99/un","€44,99/un"
Guitarra Eletrónica,Panda,,"€31,99/un","€31,99/un"
Bateria Musical,Panda,,"€42,99/un","€42,99/un"
Guitarra (várias cores),Panda,,"€14,99/un","€14,99/un"
Camião Mobile Pit Stop,Patrulha Pata,,"€53,99/un","€53,99/un"
Veículo Happy Farm (vários modelos),Dickie Toys,,"€17,99/un","€17,99/un"
Barco dos Piratas,Play to Grow,,"€17,99/un","€17,99/un"
Carros de Corrida - 10947,LEGO Duplo,,"€49,99/un","€49,99/un"
Happy Builder (vários modelos),Happy Bear,,"€4,99/un","€4,99/un"
Camião Paw Patroller 2.0,Patrulha Pata,,"€104,99/un","€104,99/un"
Veículos Die Cast (vários modelos),Patrulha Pata,,"€8,99/un","€8,99/un"
Jogo de Tabuleiro Panda,Panda,,"€12,99/un","€12,99/un"
Mesa Dobrável,Patrulha Pata,,"€15,00/un","€15,00/un"
Peluche Panda Pequeno,Panda,,"€10,99/un","€10,99/un"
O Comboio de Aniversário do Mickey e da Minnie - 10941,LEGO Duplo,,"€34,99/un","€34,99/un"
Puzzle Panda 60 Peças (vários modelos),Panda,,"€7,99/un","€7,99/un"
Frozen: Castelo de Gelo - 10899,LEGO Duplo,,"€49,99/un","€49,99/un"
Ataque ao Laboratório Secreto,Superzings,,"€22,99/un","€22,99/un"
Playset Casa do Urso,Masha e o Urso,,"€36,99/un","€36,99/un"
Doudou,Panda,,"€14,99/un","€14,99/un"
Figuras Básicas (vários modelos),Patrulha Pata,,"€10,99/un","€10,99/un"
Puzzle Gigante Panda 24 Peças,Panda,,"€12,99/un","€12,99/un"
Playset Moto,Patrulha Pata,,"€53,99/un","€53,99/un"
Torre de Controlo Die Cast,Patrulha Pata,,"€84,99/un","€84,99/un"
Carrinhos do Cars (vários modelos),Disney Pixar Cars,,"€9,99/un","€9,99/un"
Grua de Torre e Construção - 10933,LEGO Duplo,,"€129,99/un","€129,99/un"
Playset Aeroporto,Bólides Bip Bip,,"€69,99/un","€69,99/un"
Veículos Rádio Controlo (vários modelos),Patrulha Pata,,"€49,99/un","€49,99/un"
Assalto à Power Tower,Superzings,,"€22,99/un","€22,99/un"
Comboio dos Animais Bilingue,Chicco,,"€44,99/un","€44,99/un"
Camião Chase Team Rescue,Patrulha Pata,,"€72,99/un","€72,99/un"
Trator com Figuras,Disney Mickey,,"€26,99/un","€26,99/un"
Estábulo de Cavalos e Cuidar dos Póneis - 10951,LEGO Duplo,,"€29,99/un","€29,99/un"
Happy Vehicles My First Pinypon (vários modelos),My First Pinypon,,"€19,99/un","€19,99/un"
Camião Dino Patrulheiro,Patrulha Pata,,"€119,99/un","€119,99/un"
Trator Agrícola e Cuidar dos Animais - 10950,LEGO Duplo,,"€19,99/un","€19,99/un"
Torre de Comando Dino Rescue,Patrulha Pata,,"€84,99/un","€84,99/un"
Veículos Duplos Patrulha Pata (vários modelos),Patrulha Pata,,"€42,99/un","€42,99/un"
Veículos Elevadores de Resgate (vários modelos),Patrulha Pata,,"€42,99/un","€42,99/un"
Cubos Panda,Panda,,"€9,99/un","€9,99/un"
Camião Marshall,Patrulha Pata,,"€84,99/un","€84,99/un"
Helicóptero dos Bombeiros e Carro da Polícia - 10957,LEGO Duplo,,"€9,99/un","€9,99/un"
Mini Figuras (vários modelos),Disney Mickey,,"€9,99/un","€9,99/un"
Puzzles Panda Recortados (vários modelos),Panda,,"€12,99/un","€12,99/un"
Mini Veículos Panda com Figuras (vários modelos),Panda,,"€8,99/un","€8,99/un"
Figura Pinypon Profissões (vários modelos),My First Pinypon,,"€9,99/un","€9,99/un"
Pista de Corridas,Bólides Bip Bip,,"€44,99/un","€44,99/un"
Patrulha Pata - Mini Veículos com Figuras (vários modelos),Patrulha Pata,,"€15,99/un","€15,99/un"
My First Pinypon - Arca de Noé,My First Pinypon,,"€29,99/un","€29,99/un"
Camiões Ecológicos (vários modelos),Happy Bear,,"€12,99/un","€12,99/un"
Happy Bus My First Pinypon,My First Pinypon,,"€24,99/un","€24,99/un"
Peluche e Disfarce Panda e os Caricas (vários modelos),Panda,,"€41,99/un","€41,99/un"
Veículos Pequenos Little People (vários modelos),Fisher-Price,,"€9,99/un","€9,99/un"
Veículo Básico com Figura Rubble,Patrulha Pata,,"€19,99/un","€19,99/un"
Paw Patrol Rescue Knights - Castelo,Patrulha Pata,,"€99,99/un","€99,99/un"
Panda Peluche Piruetas,Panda,,"€20,99/un","€20,99/un"
Veículos Transformáveis Spidey (vários modelos),Marvel,,"€34,99/un","€34,99/un"
Computador Bilingue Educativo,Patrulha Pata,,"€39,99/un","€39,99/un"
Panda e Caricas - Palco Musical,Panda,,"€49,99/un","€49,99/un"
Momentos Peppa Pig (vários modelos),Peppa Pig,,"€16,99/un","€16,99/un"
Nave Espacial e 3 Figuras,Among Us,,"€44,99/un","€44,99/un"
Casa Familiar da Peppa,Peppa Pig,,"€31,99/un","€31,99/un"
Luccas Neto - Boneca Gi com Som,Luccas Neto,,"€41,99/un","€41,99/un"
Roca,Panda,,"€10,99/un","€10,99/un"
Avião Patrulheiro,Patrulha Pata,,"€72,99/un","€72,99/un"
Bólides Bip Bip - Torre de Estacionamento,Concentra,,"€64,99/un","€64,99/un"
Veículos Lança Discos (vários modelos),Spider-Man,,"€9,99/un","€9,99/un"
Animal Power Ataque Felino,Pj Masks,,"€89,99/un","€89,99/un"
Peppa Pig Patinadora,Peppa Pig,,"€42,99/un","€42,99/un"
ABC - City Bus 22cm,Dickie Toys,,"€14,99/un","€14,99/un"
Paw Patrol Dino - Pack Veículos Die Cast 1:55,Patrulha Pata,,"€42,99/un","€42,99/un"
Veículo Básico com Figura Chase,Patrulha Pata,,"€19,99/un","€19,99/un"
Luccas Neto - Boneca Gi Pequena,Luccas Neto,,"€20,99/un","€20,99/un"
Headquarters,Superzings,,"€44,99/un","€44,99/un"
Veículo Animal Power Hero (vários modelos),Pj Masks,,"€15,99/un","€15,99/un"
Veículos da Peppa Pig (vários modelos),Peppa Pig,,"€16,99/un","€16,99/un"
Rádio Controlo Carro,Panda,,"€49,99/un","€49,99/un"
Carro de Polícia do Chase,Patrulha Pata,,"€26,99/un","€26,99/un"
Chave Mickey,Disney Mickey,,"€12,99/un","€12,99/un"
Escondidas,Panda,,"€16,99/un","€16,99/un"
Peppa e a sua Família (vários modelos),Peppa Pig,,"€16,99/un","€16,99/un"
Supezings Power Band,Superzings,,"€14,99/un","€14,99/un"
Boneco Pamper Petz - Gatinho 15cm,Simba,,"€32,99/un","€32,99/un"
Camião dos Bombeiros - 10969,LEGO Duplo,,"€29,99/un","€29,99/un"
Torre de Controlo,Patrulha Pata,,"€84,99/un","€84,99/un"
3 Carrinhos de Brincar - Mix and Match,Playgro,,"€16,99/un","€16,99/un"
Peluche Panda Médio 30cm,Panda,,"€16,99/un","€16,99/un"
Playset Quinta Dia e Noite,My First Pinypon,,"€26,99/un","€26,99/un"
Pack 2 Figuras Minnie (vários modelos),Disney Minnie,,"€14,99/un","€14,99/un"
Carro com Volante,Happy Bear,,"€14,99/un","€14,99/un"
Starterpack Superzings Série 5,Superzings,,"€4,59/un","€4,59/un"
Paw Patroller Die Cast,Patrulha Pata,,"€72,99/un","€72,99/un"
A Casa do Panda,Panda,,"€24,99/un","€24,99/un"
Veículo Pressiona e Anda (vários modelos),Happy Bear,,"€9,99/un","€9,99/un"
Boneca Masha,Masha e o Urso,,"€22,99/un","€22,99/un"
Patrulha Pata - Veículo Deluxe Chase,Patrulha Pata,,"€76,99/un","€76,99/un"
Paw Patrol Dino - Pack de Figuras,Patrulha Pata,,"€42,99/un","€42,99/un"
Carro de Bombeiros Mickey,Disney Mickey,,"€36,99/un","€36,99/un"
Missão de Vaivém Espacial - 10944,LEGO Duplo,,"€19,99/un","€19,99/un"
Jogo da Memória - Patrulha Pata,Ravensburger,,"€14,99/un","€14,99/un"
Set de Figuras Pistas da Blue,Pistas da Blue,,"€21,99/un","€21,99/un"
Missão 3: Pizza Riders,Superzings,,"€14,99/un","€14,99/un"
Tambor,Panda,,"€15,99/un","€15,99/un"
Paw Patrol Movie - Veículos Die Cast (vários modelos),Patrulha Pata,,"€6,99/un","€6,99/un"
Baby Shark - Mini Figuras Interativas (vários modelos),Baby Shark,,"€10,99/un","€10,99/un"
Camião de Bombeiros Cars,Disney Pixar Cars,,"€42,99/un","€42,99/un"
Veículo Spidey Deluxe Web Spinning Hauler,Marvel,,"€44,99/un","€44,99/un"
Veículo Spidey 2 em 1 - Flip and Jet,Marvel,,"€22,99/un","€22,99/un"
Camião de Polícia Patrulha Pata,Patrulha Pata,,"€72,99/un","€72,99/un"
Paw Patrol Big Trucks - Mega Garagem,Patrulha Pata,,"€154,99/un","€154,99/un"
Paw Patrol Dino - Pista Die Cast,Patrulha Pata,,"€25,99/un","€25,99/un"
Comboio Divertido,My First Pinypon,,"€32,99/un","€32,99/un"
Luccas Neto - Boneco Luccas Grande,Luccas Neto,,"€62,99/un","€62,99/un"
Playset de Construção Spidey Hulk,Marvel,,"€59,99/un","€59,99/un"
Bonecas Masha Disfarces (vários modelos),Masha e o Urso,,"€12,99/un","€12,99/un"
Camião de Bombeiros,Patrulha Pata,,"€119,99/un","€119,99/un"
Almofada,Panda,,"€16,99/un","€16,99/un"
Telefone Educativo,Panda,,"€16,99/un","€16,99/un"
Mágico e Coelhinho,My First Pinypon,,"€12,99/un","€12,99/un"
Paw Patrol Rescue Knights - Pack de Figuras,Patrulha Pata,,"€32,99/un","€32,99/un"
Figura Mickey&Minnie - Minnie,Disney Minnie,,"€27,99/un","€27,99/cm"
Boneco Pamper Petz - Cãozinho 15cm,Simba,,"€32,99/un","€32,99/un"
Missão 4: Assalto ao Banco,Superzings,,"€14,99/un","€14,99/un"
Pack 2 Figuras Bluey (vários modelos),Bluey,,"€14,99/un","€14,99/un"
Máscara Deluxe (vários modelos),PJ Masks,,"€34,99/un","€34,99/un"
Set de Telemóvel Minnie,Disney Minnie,,"€22,99/un","€22,99/un"
Microfone Grande,Panda,,"€31,99/un","€31,99/un"
Playset Casa Topo Gigio,Topo Gigio,,"€34,99/un","€34,99/un"
Walkie Talkie Pro Patrulha Pata,Patrulha Pata,,"€39,99/un","€39,99/un"
Boneca Maria Clara e JP - Maria Clara,Concentra,,"€31,99/un","€31,99/un"
Pack 2 Figuras - Dino Rescue (vários modelos),Patrulha Pata,,"€15,99/un","€15,99/un"
Monster Roller Truck,Superzings,,"€34,99/un","€34,99/un"
Boneco Maria Clara e JP - JP,Concentra,,"€31,99/un","€31,99/un"
Pack 4 Figuras Bluey (vários modelos),Bluey,,"€24,99/un","€24,99/un"
Pista de Corridas,Bólides Bip Bip,,"€32,99/un","€32,99/un"
Veículos Bólides Bip Bip (vários modelos),Bólides Bip Bip,,"€12,99/un","€12,99/un"
Arca de Noé,Play to Grow,,"€17,99/un","€17,99/un"
Boneco Luccas Neto com Som,Luccas Neto,,"€41,99/un","€41,99/un"
Figura Minnie com Acessórios,Disney Minnie,,"€49,99/un","€49,99/un"
Figura Mickey Bombeiro,Disney Mickey,,"€19,99/un","€19,99/un"
Microfone com Amplificador e Ritmos,Patrulha Pata,,"€17,99/un","€17,99/un"
Water Squirters (vários modelos),Pistas da Blue,,"€7,99/un","€7,99/un"
Paw Patrol Rescue Knights - Veículos Básicos (vários modelos),Patrulha Pata,,"€24,99/un","€24,99/un"
Barco Pirata do Céu,PJ Masks,,"€37,99/un","€37,99/un"
Clube de Amigos da Peppa Pig,Peppa Pig,,"€31,99/un","€31,99/un"
Playset Quinta Divertida,Disney Mickey,,"€64,99/un","€64,99/un"
Boneca Masha e o Urso - Masha 12cm (vários modelos),Masha e o Urso,,"€9,99/un","€9,99/un"
Bluey - Todo-o-terreno Familiar,Bluey,,"€29,99/un","€29,99/un"
Quartel de Bombeiros Mickey,Disney Mickey,,"€69,99/un","€69,99/un"
Mini Playset Bluey,Bluey,,"€24,99/un","€24,99/un"
Figura de Ação Among Us,Among Us,,"€24,99/un","€24,99/un"
Boneco Pamper Petz - Tigre 15cm,Simba,,"€32,99/un","€32,99/un"
Quadro Duplo com Cavalete,Patrulha Pata,,"€32,99/un","€32,99/un"
Trotinete Patrulha Pata 3 Rodas,Patrulha Pata,,"€34,99/un","€34,99/un"
Figura Mickey&Minnie - Mickey Mouse,Disney Mickey,,"€27,99/un","€27,99/cm"
Guitarra Infantil,Patrulha Pata,,"€19,99/un","€19,99/un"
Paw Patrol Big Trucks - Mega Camião de Construção,Patrulha Pata,,"€72,99/un","€72,99/un"
Carro Radio Controlo Mickey Roadster Racer,Disney,,"€36,99/un","€36,99/un"
Peluche Panda Almofada 30cm,Panda,,"€18,99/un","€18,99/un"
Luccas Neto - Boneco Luccas Pequeno,Luccas Neto,,"€20,99/un","€20,99/un"
Peluche Vinilo 18cm (vários modelos),Topo Gigio,,"€19,99/un","€19,99/un"
Pista Chase Die Cast,Patrulha Pata,,"€36,99/un","€36,99/un"
Aventuras do Aquário da Peppa Pig,Peppa Pig,,"€79,99/un","€79,99/un"
Tapete Bateria e Piano com Microfone,Patrulha Pata,,"€49,99/un","€49,99/un"
Comboio dos Números - Aprender a Contar - 10954,LEGO Duplo,,"€19,99/un","€19,99/un"
Mega Mighty com Gestos Spidey Hulk,Marvel,,"€32,99/un","€32,99/un"
Pilotos em Combate (vários modelos),Pj Masks,,"€21,99/un","€21,99/un"
Paw Patrol Big Trucks - Veículo Deluxe Die Cast (vários modelos),Patrulha Pata,,"€19,99/un","€19,99/un"
Pista Looping,Bólides Bip Bip,,"€42,99/un","€42,99/un"
Camião de Polícia Deluxe,Patrulha Pata,,"€124,99/un","€124,99/un"
Camião de Bombeiros,Bólides Bip Bip,,"€44,99/un","€44,99/un"
Pack de 5 Figuras,Disney Mickey,,"€34,99/un","€34,99/un"
Gato Galáctico - Boneco,Concentra,,"€25,99/un","€25,99/un"
Batalha Laboratório Kazoom,Superzings,,"€44,99/un","€44,99/un"
O Carro Vermelho da Família da Peppa,Peppa Pig,,"€30,99/un","€30,99/un"
Paw Patrol Rescue Knights - Dragão Sparks,Patrulha Pata,,"€39,99/un","€39,99/un"
Veículo Animal Power Flash Cruiser,Pj Masks,,"€42,99/un","€42,99/un"
Véiculo com Luzes Spidey (vários modelos),Marvel,,"€39,99/un","€39,99/un"
Experiências Diárias da Peppa Pig (vários modelos),Peppa Pig,,"€32,99/un","€32,99/un"
Paw Patrol Big Trucks - Veículos Básicos (vários modelos),Patrulha Pata,,"€25,99/un","€25,99/un"
Microfone Pequeno,Panda,,"€15,99/un","€15,99/un"
Submarino Patrulha Pata,Patrulha Pata,,"€76,99/un","€76,99/un"
Perseguição na Cidade,Superzings,,"€22,99/un","€22,99/un"
Paw Patrol Rescue Knights - Figuras Básicas (vários modelos),Patrulha Pata,,"€15,99/un","€15,99/un"
Boneca Masha com Triciclo,Masha e o Urso,,"€14,99/un","€14,99/un"
Figura Mickey com Carro/Camião de Bombeiros (vários modelos),Disney Mickey,,"€29,99/un","€29,99/un"
Boneco Pamper Petz - Coelhinho 15cm,Simba,,"€32,99/un","€32,99/un"
G-Bus com Figura Topo Gigio,Topo Gigio,,"€29,99/un","€29,99/un"
Peluche Panda Aprende Comigo,Panda,,"€37,99/un","€37,99/un"
Pack Disfarce com Peluche,Panda,,"€41,99/un","€41,99/un"
Avião com Figuras,Panda,,"€36,99/un","€36,99/un"
Luccas Neto - Aventureiro Azul,Luccas Neto,,"€31,99/un","€31,99/un"
Heróis com Veículo (vários modelos),PJ Masks,,"€16,99/un","€16,99/un"
Computador,Panda,,"€42,99/un","€42,99/un"
Esquadra de Polícia,Superzings,,"€29,99/un","€29,99/un"
Missão 5: Ataque ao Fogo,Superzings,,"€14,99/un","€14,99/un"
Mickey e Minnie - Veículos On the Move (vários modelos),Disney Mickey,,"€14,99/un","€14,99/un"
Figura Minnie Fashion Doll (vários modelos),Disney Minnie,,"€29,99/un","€29,99/un"
Mini Vespa Primavera,Chicco,,"€12,99/un","€12,99/un"
Clubhouse da Peppa Pig,Peppa Pig,,"€57,99/un","€57,99/un"
Peppa Pig Viaja de Avião,Peppa Pig,,"€31,99/un","€31,99/un"
Na Praia com a Peppa Pig,Peppa Pig,,"€49,99/un","€49,99/un"
Quartel General 2 em 1,Pj Masks,,"€32,99/un","€32,99/un"
Comboio dos Animais - Little People,Fisher-Price,,"€34,99/un","€34,99/un"
Caixa Registadora,Faz de Conta,,"€24,99/un","€24,99/un"
Máquina de Café,Faz de Conta,,"€19,99/un","€19,99/un"
Kit Centro Médico,Faz de Conta,,"€49,99/un","€49,99/un"
Bateria com Banco,Faz de Conta,,"€19,99/un","€19,99/un"
Conjunto de Cozinha,Faz de Conta,,"€14,99/un","€14,99/un"
Crazy Chic - Unhas SuperStar,Clementoni,,"€36,99/un","€36,99/un"
Máquina de Lavar Roupa,Faz de Conta,,"€19,99/un","€19,99/un"
Máquina de Lavar Loiça,Faz de Conta,,"€19,99/un","€19,99/un"
Microfone,Baby Shark,,"€15,99/un","€15,99/un"
Carrinho de Supermercado (vários modelos),Faz de Conta,,"€14,99/un","€14,99/un"
Mochila de Médico,Faz de Conta,,"€17,99/un","€17,99/un"
Banca com Escorredor da Loiça,Faz de Conta,,"€17,99/un","€17,99/un"
Serviço de Chá (vários modelos),Faz de Conta,,"€17,99/un","€17,99/un"
Cozinha,Faz de Conta,,"€49,99/un","€49,99/un"
Reparação de Carros,Hot Wheels,,"€59,99/un","€59,99/un"
Serviço de Chá Porcelana (vários modelos),Faz de Conta,,"€12,99/un","€12,99/un"
Bateria,Disney Avengers,,"€52,99/un","€52,99/un"
Micro-ondas,Faz de Conta,,"€19,99/un","€19,99/un"
Mochila de Ferramentas,Faz de Conta,,"€17,99/un","€17,99/un"
Makeup Start (vários modelos),Be Glam,,"€7,99/un","€7,99/un"
Guitarra Eletrónica,Panda,,"€31,99/un","€31,99/un"
Faz a Tua Caixa de Música,Faz de Conta,,"€12,99/un","€12,99/un"
Guitarra (várias cores),Panda,,"€14,99/un","€14,99/un"
Bateria Musical,Panda,,"€42,99/un","€42,99/un"
Mesa de Ferramentas,Faz de Conta,,"€59,99/un","€59,99/un"
Carrinho Limpeza (vários modelos),Faz de Conta,,"€14,99/un","€14,99/un"
Torradeira e Chaleira,Faz de Conta,,"€19,99/un","€19,99/un"
Supermercado com Carrinho,Faz de Conta,,"€69,99/un","€69,99/un"
Atelier de Madeixas,Be Glam,,"€14,99/un","€14,99/un"
Mesa e Ferro de Engomar,Faz de Conta,,"€39,99/un","€39,99/un"
Mala de Médico Minnie Mouse,Disney Minnie,,"€44,99/un","€44,99/un"
Mega Cozinha,Barbie,,"€59,99/un","€59,99/un"
Cesta de Fruta/Legumes (vários modelos),Play to Grow,,"€14,99/un","€14,99/un"
Escorredor da Loiça,Faz de Conta,,"€12,99/un","€12,99/un"
Mochila de Chef,Faz de Conta,,"€17,99/un","€17,99/un"
Conjunto de Cozinha com Bule,Faz de Conta,,"€17,99/un","€17,99/un"
Pizza em Casa,Play to Grow,,"€12,99/un","€12,99/un"
Cesta 34 Peças,Faz de Conta,,"€12,99/un","€12,99/un"
Relógio Digital Flores/Borboletas (várias cores),Do Art,1 un,"€7,99/un","€7,99/un"
Atelier de Manicure,Be Glam,,"€19,99/un","€19,99/un"
Fritadeira com Acessórios e Comidinhas,Faz de Conta,,"€22,99/un","€22,99/un"
Cozinha Master Chef Junior,Chicos,,"€129,99/un","€129,99/un"
Cesta de Compras,Faz de Conta,,"€16,99/un","€16,99/un"
Bule com Serviço de Chá,Faz de Conta,,"€14,99/un","€14,99/un"
Estojo de Makeup Trio,Be Glam,,"€14,99/un","€14,99/un"
Mesa de Ferramentas 2 em 1,Faz de Conta,,"€49,99/un","€49,99/un"
Conjunto de Cozinha e Chá,Faz de Conta,,"€24,99/un","€24,99/un"
Mesa de Ferramentas,Patrulha Pata,,"€59,99/un","€59,99/un"
Cozinha Gourmet Miele,Miele,,"€50,00/un","€50,00/un"
Mochila de Princesa,Faz de Conta,,"€17,99/un","€17,99/un"
Restaurante Chef Corner,Smoby,,"€199,99/un","€199,99/un"
Kit de Festa Criativo - 41926,LEGO Dots,,"€24,99/un","€24,99/un"
Playset Mochila Veterinária Pamper Petz,Simba,,"€23,99/un","€23,99/un"
Mochila O Meu Melhor Amigo (vários modelos),Faz de Conta,,"€17,99/un","€17,99/un"
Estojo de Makeup Candy,Be Glam,,"€9,99/un","€9,99/un"
Estojo de Maquilhagem Glossy,Be Glam,,"€24,99/un","€24,99/un"
Carrinho Fruta/Legumes (vários modelos),Faz de Conta,,"€9,99/un","€9,99/un"
Estúdio de Unhas Deluxe,Cool Maker,,"€41,99/un","€41,99/un"
My Model Doll Design - Fantasia,Educa,,"€24,99/un","€24,99/un"
Cozinha,Play to Grow,,"€89,99/un","€89,99/un"
Crazy Chic - Love Pet Cisne,,,"€9,99/un","€9,99/un"
Estojo de Makeup Concha,Be Glam,,"€14,99/un","€14,99/un"
Serviço de Loiça e Comidinhas 31 Peças,Faz de Conta,,"€14,99/un","€14,99/un"
Real Littles S2 - Trolley,Real Littles,,"€32,99/un","€32,99/un"
Crazy Chic - Atelier de Jóias Perfumadas,Clementoni,,"€29,99/un","€29,99/un"
Bancada de Ferramentas,Play to Grow,,"€34,99/un","€34,99/un"
Crazy Chic - Super Mala Fashion,Clementoni,,"€39,99/un","€39,99/un"
Ukelele (vários modelos),Faz de Conta,,"€9,99/un","€9,99/un"
Fashion Designer - Estúdio de Moda,Style4ever,,"€34,99/un","€34,99/un"
Supermercado Peppa Pig,Peppa Pig,,"€59,99/un","€59,99/un"
Bolsa Cosmética Frozen,Disney Frozen,,"€12,99/un","€12,99/un"
Crazy Chic - Glitter Tattoo,Clementoni,,"€12,99/un","€12,99/un"
Purse Pets - Micro Malinhas,Purse Pets,,"€14,99/un","€14,99/un"
Kumi Kreator,Cool Maker,,"€42,99/un","€42,99/un"
Pulseiras Douradas,Be Glam,,"€7,99/un","€7,99/un"
Conjunto Unhas Surpresa,Cool Maker,,"€20,99/un","€20,99/un"
Batedeira e Misturador,Faz de Conta,,"€34,99/un","€34,99/un"
Mala de Maquilhagem,Disney Frozen,,"€39,99/un","€39,99/un"
Pulseiras Mensagem,Be Glam,,"€7,99/un","€7,99/un"
Tambor,Panda,,"€15,99/un","€15,99/un"
Xilofone,Play to Grow,,"€12,99/un","€12,99/un"
Cozinha Bom Apetit,Simba,,"€59,99/un","€59,99/un"
Playset Centro de Beleza My Beauty,Smoby,,"€159,99/un","€159,99/un"
Conjunto de Cozinha Grande da Peppa Pig,Peppa Pig,,"€24,99/un","€24,99/un"
Secretária Escolar,Faz de Conta,,"€49,99/un","€49,99/un"
Crazy Chic - Atelier de Pulseiras,Clementoni,,"€16,99/un","€16,99/un"
Missangas de Cabelo,Be Glam,,"€19,99/un","€19,99/un"
Máquina de Tranças,Love & Hugs,,"€14,99/un","€14,99/un"
Atelier de Pulseiras de Missangas,Be Glam,,"€22,99/un","€22,99/un"
Crazy Chic - Unhas Brilham no Escuro,Clementoni,,"€16,99/un","€16,99/un"
Crazy Chic - Superstar Make Up,Clementoni,,"€39,99/un","€39,99/un"
Crazy Chic - Estojo de Maquilhagem,Clementoni,,"€19,99/un","€19,99/un"
Estúdio de Tatuagens,Cool Maker,,"€42,99/un","€42,99/un"
Microfone Grande,Panda,,"€31,99/un","€31,99/un"
O Meu Carrinho Continente,Faz de Conta,,"€19,99/un","€19,99/un"
Bolsa com Micro e Luzes da Barbie,Barbie,,"€24,99/un","€24,99/un"
Estúdio de Costura,Cool Maker,,"€49,99/un","€49,99/un"
A Minha Coleção de Joias,Be Glam,,"€22,99/un","€22,99/un"
Purse Pets - Malinhas Snacks,Purse Pets,,"€29,99/un","€29,99/un"
Crazy Chic - Super Mala,Clementoni,,"€32,99/un","€32,99/un"
Mega Cozinha,Peppa Pig,,"€44,99/un","€44,99/un"
Purse Pets - Malinha Hello Kitty,Purse Pets,,"€49,99/un","€49,99/un"
Crazy Chic - Urban Style Make Up,Clementoni,,"€12,99/un","€12,99/un"
Microfone com Amplificador e Ritmos,Patrulha Pata,,"€17,99/un","€17,99/un"
Máquina de Café,Play to Grow,,"€26,99/un","€26,99/un"
Quadro Frozen II,Disney Frozen,,"€39,99/un","€39,99/un"
Crazy Chic - Fairy Style Make Up,Clementoni,,"€12,99/un","€12,99/un"
Conjunto de Chá Pequeno da Peppa Pig,Peppa Pig,,"€14,99/un","€14,99/un"
Guitarra Infantil,Patrulha Pata,,"€19,99/un","€19,99/un"
Crazy Chic - Estúdio de Tatuagens,Clementoni,,"€36,99/un","€36,99/un"
Xilofone Tap-A-Tune,Little Tikes,,"€21,99/un","€21,99/un"
Primeiro Frigorífico,Little Tikes,,"€57,99/un","€57,99/un"
Estúdio de Beleza,Chicos,,"€39,99/un","€39,99/un"
Conjunto de Maquilhagem Frozen,Disney Frozen,,"€19,99/un","€19,99/un"
Tapete Bateria e Piano com Microfone,Patrulha Pata,,"€49,99/un","€49,99/un"
Microfone de Pé com Amplificador e Coneção MP3,Barbie,,"€24,99/un","€24,99/un"
O Meu Primeiro Aspirador,Faz de Conta,,"€29,99/un","€29,99/un"
Bateria com Banco,Peppa Pig,,"€59,99/un","€59,99/un"
Crazy Chic - Love Pet Golfinho,Clementoni,,"€9,99/un","€9,99/un"
Crazy Chic - Make-up Diary,Clementoni,,"€12,99/un","€12,99/un"
Conjunto de Limpeza,Faz de Conta,,"€19,99/un","€19,99/un"
Mala Maquilhagem Frozen,Disney Frozen,,"€24,99/un","€24,99/un"
Primeira Cozinha,Chicos,,"€24,99/un","€24,99/un"
Microfone Pequeno,Panda,,"€15,99/un","€15,99/un"
Torre de Bijuteria Unicórnio,Be Glam,,"€29,99/un","€29,99/un"
Crazy Chic - Relógios com Estilo,Clementoni,,"€22,99/un","€22,99/un"
Crazy Chic - Love Pet Rena,Clementoni,,"€9,99/un","€9,99/un"
Crazy Chic - Fashion Bag - Lovely Make Up,Clementoni,,"€24,99/un","€24,99/un"
Estúdio de Unhas,Cool Maker,,"€32,99/un","€32,99/un"
Misturador,Play to Grow,,"€26,99/un","€26,99/un"
Primeira Máquina de Lavar e Secar,Little Tikes,,"€57,99/un","€57,99/un"
Barbearia,Simba,,"€94,95/un","€94,95/un"
Tatuagens Fashion,Be Glam,,"€14,99/un","€14,99/un"
Pulseiras Fashion,Be Glam,,"€7,99/un","€7,99/un"
Cesta com Comidinhas,Faz de Conta,,"€9,99/un","€9,99/un"
Microfone e Guitarra,Batman,,"€49,99/un","€49,99/un"
Conjunto Mala e Microfone Portátil,Peppa Pig,,"€49,99/un","€49,99/un"
Piano Eletrónico,Barbie,,"€29,99/un","€29,99/un"
Plasticina com 12 barras,Bic,12 un,"€2,49/un","€2,49/un"
Caixa Registadora,Faz de Conta,,"€24,99/un","€24,99/un"
Máquina de Café,Faz de Conta,,"€19,99/un","€19,99/un"
Plasticina em Balde,Jovi,1 un,"€8,99/un","€8,99/un"
Plasticina com 8 Barras,Note!,8 un,"€2,19/un","€0,27/un"
Bateria com Banco,Faz de Conta,,"€19,99/un","€19,99/un"
Crazy Chic - Unhas SuperStar,Clementoni,,"€36,99/un","€36,99/un"
Plasticina com 12 Barras,Note!,12 un,"€2,99/un","€0,25/un"
Máquina de Lavar Roupa,Faz de Conta,,"€19,99/un","€19,99/un"
Máquina de Lavar Loiça,Faz de Conta,,"€19,99/un","€19,99/un"
Cozinha,Faz de Conta,,"€49,99/un","€49,99/un"
Mochila de Médico,Faz de Conta,,"€17,99/un","€17,99/un"
Carrinho de Supermercado (vários modelos),Faz de Conta,,"€14,99/un","€14,99/un"
Banca com Escorredor da Loiça,Faz de Conta,,"€17,99/un","€17,99/un"
Micro-ondas,Faz de Conta,,"€19,99/un","€19,99/un"
Quadro Magnético Mágico,Happy Bear,,"€29,99/un","€29,99/un"
Mochila de Ferramentas,Faz de Conta,,"€17,99/un","€17,99/un"
Fábrica das Sobremesas,Zoko,,"€13,99/un","€13,99/un"
Mesa de Ferramentas,Faz de Conta,,"€59,99/un","€59,99/un"
Plasticinas Unicórnio Mágico,Zoko,,"€13,99/un","€13,99/un"
Centro de Atividades,Zoko,,"€39,99/un","€39,99/un"
Supermercado com Carrinho,Faz de Conta,,"€69,99/un","€69,99/un"
Makeup Start (vários modelos),Be Glam,,"€7,99/un","€7,99/un"
Quadro de Mensagens - 41951,LEGO Dots,,"€19,99/un","€19,99/un"
Faz a Tua Caixa de Música,Faz de Conta,,"€12,99/un","€12,99/un"
Unicórnio para Colorir,Style4ever,,"€34,99/un","€34,99/un"
Torradeira e Chaleira,Faz de Conta,,"€19,99/un","€19,99/un"
Mini Camião de Bombeiros,Play-Doh,,"€17,99/un","€17,99/un"
Mesa Dobrável,Patrulha Pata,,"€15,00/un","€15,00/un"
Atelier de Madeixas,Be Glam,,"€14,99/un","€14,99/un"
Mesa e Ferro de Engomar,Faz de Conta,,"€39,99/un","€39,99/un"
My Squishy Little - Figura Interativa (vários modelos),My Squishy Little,,"€20,99/un","€20,99/un"
Máquina de Noodles,Play-Doh,,"€34,99/un","€34,99/un"
Forno de Bolos,Play-Doh,,"€40,99/un","€40,99/un"
Kinetic Sand - Caça ao Tesouro,Kinetic Sand,,"€24,99/un","€24,99/un"
Tabuleiro de Atividades,Zoko,,"€39,99/un","€39,99/un"
Cesta de Fruta/Legumes (vários modelos),Play to Grow,,"€14,99/un","€14,99/un"
Banana Fofinha - Porta-Canetas (41948),LEGO Dots,,"€19,99/un","€19,99/un"
Mochila de Chef,Faz de Conta,,"€17,99/un","€17,99/un"
Mini Deco Diy (vários modelos),Canal Toys,,"€9,99/un","€9,99/un"
Pizza em Casa,Play to Grow,,"€12,99/un","€12,99/un"
Plasticina Comidinhas (vários modelos),Play-Doh,,"€12,99/un","€12,99/un"
Gelataria,Zoko,,"€9,99/un","€9,99/un"
Brinquedos em Madeira 3 em 1,Play to Grow,,"€17,99/un","€17,99/un"
Atelier de Manicure,Be Glam,,"€19,99/un","€19,99/un"
Fritadeira com Acessórios e Comidinhas,Faz de Conta,,"€22,99/un","€22,99/un"
Cesta de Compras,Faz de Conta,,"€16,99/un","€16,99/un"
Bule com Serviço de Chá,Faz de Conta,,"€14,99/un","€14,99/un"
Aprende a Desenhar Disney,Diset,,"€49,99/un","€49,99/un"
Playset de Criação,Paper FX,,"€13,19/un","€13,19/un"
Estojo de Makeup Trio,Be Glam,,"€14,99/un","€14,99/un"
Mesa de Ferramentas 2 em 1,Faz de Conta,,"€49,99/un","€49,99/un"
Conjunto de Cozinha e Chá,Faz de Conta,,"€24,99/un","€24,99/un"
Mochila de Princesa,Faz de Conta,,"€17,99/un","€17,99/un"
Kit de Festa Criativo - 41926,LEGO Dots,,"€24,99/un","€24,99/un"
Plasticina Mini Clássicos,Play-Doh,,"€9,99/un","€9,99/un"
Super Maleta,Play-Doh,,"€45,59/un","€45,59/un"
O Meu Primeiro Play-Doh,Play-Doh,,"€22,99/un","€22,99/un"
Argolas de Encaixe,Play to Grow,,"€14,99/un","€14,99/un"
Mochila O Meu Melhor Amigo (vários modelos),Faz de Conta,,"€17,99/un","€17,99/un"
Super Churrasqueira,Play-Doh,,"€32,99/un","€32,99/un"
Kinetic Sand - Conjunto Sandisfactory,Kinetic Sand,,"€34,99/un","€34,99/un"
Estojo de Makeup Candy,Be Glam,,"€9,99/un","€9,99/un"
Jogo de Cartas - Video Challenge,Studio Creator,,"€29,99/un","€29,99/un"
Mini Veículos de Construção,Play-Doh,,"€12,99/un","€12,99/un"
Forno de Pizza,Play-Doh,,"€34,99/un","€34,99/un"
Camião de Cimento,Play-Doh,,"€29,99/un","€29,99/un"
Dentista Divertido,Play-Doh,,"€26,99/un","€26,99/un"
Kinetic Sand - Conjunto Multi Atividades,Concentra,,"€34,99/un","€34,99/un"
Kinetic Sand - Castelo de Areia,Concentra,,"€34,99/un","€34,99/un"
Plasticina Pack 8 Potes,Play-Doh,,"€12,49/un","€12,49/un"
Kinetic Sand - Mala de Atividades,Concentra,,"€39,99/un","€39,99/un"
Pizzaria,Zoko,,"€12,99/un","€12,99/un"
Harry Potter - Varinhas Mágicas 30cm (vários modelos),Harry Potter,,"€19,99/un","€19,99/un"
Mega Pack de Adornos de Mala - Mensagens (41949),LEGO Dots,,"€29,99/un","€29,99/un"
Mini Playset de Criatividade (vários modelos),Play-Doh,,"€24,99/un","€24,99/un"
Ambulância,Dr. Slime,,"€27,99/un","€27,99/un"
My Model Doll Design - Fantasia,Educa,,"€24,99/un","€24,99/un"
Slime Min'In Kit 10 Pack,Slime DIY,,"€14,99/un","€14,99/un"
Colour'n'Style Deluxe - Rose,Colour'n'Style,,"€18,99/un","€18,99/un"
Deliciosos Pequenos Almoços,Play-Doh,,"€19,99/un","€19,99/un"
Peppa Pig - Cria e Desenha,Play-Doh,,"€22,99/un","€22,99/un"
Slime Mix'In Kit 20 Pack,Slime DIY,,"€24,99/un","€24,99/un"
Super Globo Digital,Clementoni,,"€119,99/un","€119,99/un"
Kit Pinta a tua Mascote 2 em 1,Style4ever,,"€69,99/un","€69,99/un"
Real Littles - Mini Mochilas Disney (vários modelos),Real Littles,,"€14,99/un","€14,99/un"
Dino Pescoço Grande,Play-Doh,,"€24,99/un","€24,99/un"
Caixa Música Princesas,Faz de Conta,,"€9,99/un","€9,99/un"
Crazy Chic - Love Pet Cisne,,,"€9,99/un","€9,99/un"
Estojo de Makeup Concha,Be Glam,,"€14,99/un","€14,99/un"
Tamagotchi (vários modelos),Bandai,,"€19,99/un","€19,99/un"
Unicórnio Diy,Canal Toys,,"€19,99/un","€19,99/un"
Fábrica Louca,Play-Doh,,"€12,99/un","€12,99/un"
O Meu Primeiro Toucador,Faz de Conta,,"€99,99/un","€99,99/un"
Pintar com os Dedos - Comic!,Saica,,"€9,99/un","€9,99/un"
Cão no Dentista,Zoko,,"€24,99/un","€24,99/un"
3 Recargas - Câmara Fotográfica Instantânea,Studio Creator,,"€5,99/un","€5,99/un"
Massa de Modelar Antibacteriana (várias cores),Canal Toys,,"€2,99/un","€2,99/un"
Party Bag com 15 Mini Potes,Play-Doh,,"€10,99/un","€10,99/un"
Sensações de Verão Multipack - 41937,LEGO Dots,,"€29,99/un","€29,99/un"
Quadro de madeira multifunções Peppa Pig Rosa,Peppa Pig,,"€69,99/un","€69,99/un"
Crazy Chic - Super Mala Fashion,Clementoni,,"€39,99/un","€39,99/un"
Coluna de Som Unicórnio com Luz,Studio Creator,,"€44,99/un","€44,99/un"
Quadro de Mensagens Grande - 41952,LEGO Dots,,"€39,99/un","€39,99/un"
Smartwatch Pokémon,Pokémon,,"€54,99/un","€54,99/un"
Fashion Shoe Design Set,Rainbow High,,"€16,99/un","€16,99/un"
Fashion Designer - Estúdio de Moda,Style4ever,,"€34,99/un","€34,99/un"
Bolsa Cosmética Frozen,Disney Frozen,,"€12,99/un","€12,99/un"
Ciência & Jogo - Slime Divertido,Clementoni,,"€6,99/un","€6,99/un"
Aprendizagem (vários modelos),Play-Doh,,"€12,99/un","€12,99/un"
Ilha do Vulcão,Play-Doh,,"€34,99/un","€34,99/un"
Crazy Chic - Glitter Tattoo,Clementoni,,"€12,99/un","€12,99/un"
JW Dominion - Kit de Escavação Brilha no Escuro,Jurassic World,,"€9,99/un","€9,99/un"
Harry Potter - Terrário,Harry Potter,,"€26,99/un","€26,99/un"
Puzzle de Madeira Animais 14 Peças,Play to Grow,,"€7,99/un","€7,99/un"
Kumi Kreator,Cool Maker,,"€42,99/un","€42,99/un"
Pulseiras Douradas,Be Glam,,"€7,99/un","€7,99/un"
Câmara Duo com MP3 Rosa,Vtech,,"€84,99/un","€84,99/un"
Kinetic Sand - Conjunto Swirl N' Surprise,Kinetic Sand,,"€39,99/un","€39,99/un"
JW Dominion - Kit de Escavação Caça do Tesouro,Jurassic World,,"€14,99/un","€14,99/un"
Camp Cretaceous - Ovo The Ultimate Dino Smash,Jurassic World,,"€9,99/un","€9,99/un"
Mala de Beleza da Barbie,Barbie,,"€29,99/un","€29,99/un"
Colour'n'Style Friends (vários modelos),Colour'n'Style,,"€11,99/un","€11,99/un"
Cozinha Divertida,Zoko,,"€16,99/un","€16,99/un"
Pulseiras Mensagem,Be Glam,,"€7,99/un","€7,99/un"
Mala de Slime,Slime DIY,,"€19,99/un","€19,99/un"
Relógio Smartwatch Azul,Concentra,,"€79,99/un","€79,99/un"
Kit Pinta o teu Panda,Style4ever,,"€34,99/un","€34,99/un"
Slime Shaker Conjunto de 3 + 3 Potes,Slime,,"€19,99/un","€19,99/un"
Mini Balde (vários modelos),Play-Doh,,"€8,99/un","€8,99/un"
Plasticinas 28 Mini Potes,Zoko,,"€26,99/un","€26,99/un"
Super Stretch,Play-Doh,,"€11,99/un","€11,99/un"
Animagic Gecko,Goliath,,"€20,99/un","€20,99/un"
Régua medição,Fisher Price,,"€34,99/un","€34,99/un"
Festa de Cupcakes,Zoko,,"€9,99/un","€9,99/un"
Secretária Escolar,Faz de Conta,,"€49,99/un","€49,99/un"
Pastelaria,Zoko,,"€9,99/un","€9,99/un"
Crazy Chic - Atelier de Pulseiras,Clementoni,,"€16,99/un","€16,99/un"
Fidget Pop Slime 2 Pack,Slime,,"€9,99/un","€9,99/un"
Kit Veterinário,Play-Doh,,"€26,99/un","€26,99/un"
Máquina Slime Tie & Dye,Slime DIY,,"€29,99/un","€29,99/un"
Magic Slime Poção Mágica,Slime,,"€14,99/un","€14,99/un"
So Slime DIY - Super Caldeirão Mágico,Slime DIY,,"€39,99/un","€39,99/un"
Quadro Duplo com Cavalete,Peppa Pig,,"€39,99/un","€39,99/un"
Quadro Quiz Frozen 2,Clementoni,,"€14,99/un","€14,99/un"
Colorir Pets Style4Ever,Canal Toys,,"€24,99/un","€24,99/un"
Atelier de Pulseiras de Missangas,Be Glam,,"€22,99/un","€22,99/un"
Pintar com os Dedos - Unicórnio,Saica,,"€9,99/un","€9,99/un"
Barbearia,Play-Doh,,"€26,99/un","€26,99/un"
Crazy Chic - Cabelo com Estilo,Clementoni,1 un,"€16,99/un","€16,99/un"
Crazy Chic - Unhas Brilham no Escuro,Clementoni,,"€16,99/un","€16,99/un"
Crazy Chic - Superstar Make Up,Clementoni,,"€39,99/un","€39,99/un"
Crazy Chic - Estojo de Maquilhagem,Clementoni,,"€19,99/un","€19,99/un"
Fábrica de Gelados,Slime DIY,,"€39,99/un","€39,99/un"
O Meu Primeiro Globo,Vtech,,"€62,99/un","€62,99/un"
Caixa Registadora,Play-Doh,,"€22,99/un","€22,99/un"
Creative Pad,Olivo,,"€14,99/un","€14,99/un"
Super Balde de Slime,Slime,,"€14,99/un","€14,99/un"
Caixa de Designer Criativo - 41938,LEGO Dots,,"€39,99/un","€39,99/un"
Walkie Talkie Pro Patrulha Pata,Patrulha Pata,,"€39,99/un","€39,99/un"
Super Cafetaria,Play-Doh,,"€49,99/un","€49,99/un"
A Minha Coleção de Joias,Be Glam,,"€22,99/un","€22,99/un"
Malinha com Massa de Modelar Antibacteriana,Canal Toys,,"€27,99/un","€27,99/un"
Mochila Super Sand (vários modelos),Goliath,,"€11,99/un","€11,99/un"
Cubo de Areia Super Sand (vários modelos),Goliath,,"€11,99/un","€11,99/un"
Quadro madeira multifunções,Fisher Price,,"€89,00/un","€89,00/un"
Pássaros Interativos (vários modelos),Digibirds,,"€16,99/un","€16,99/un"
JW Dominion - Arca de Escavação Surpresa,Jurassic World,,"€3,99/un","€3,99/un"
Mala de Maquilhagem Snowball Minnie,Disney Minnie,,"€24,99/un","€24,99/un"
Crystal Crunch,Play-Doh,,"€8,99/un","€8,99/un"
Real Littles S2 - Mini Mochilas (vários modelos),Real Littles,,"€9,99/un","€9,99/un"
Walkie Talkie Spidey,Marvel,,"€24,99/un","€24,99/un"
Tie Dye Set - Cria o teu Saco,Rainbow High,,"€12,99/un","€12,99/un"
Pack Estúdio de Criação,Studio Creator,,"€49,99/un","€49,99/un"
Quadro Art & Fun,Feber,,"€74,99/un","€74,99/un"
Kit Pinta o teu Unicórnio,Style4ever,,"€4,99/un","€4,99/un"
Plasticinas Baú com Acessórios e Potes,Zoko,,"€13,99/un","€13,99/un"
Quadro Duplo com Cavalete,Patrulha Pata,,"€32,99/un","€32,99/un"
20 Potes Super Cores,Play-Doh,,"€26,99/un","€26,99/un"
Paint Station - Quadro de Mesa para Pintar,Goliath,,"€31,99/un","€31,99/un"
Harry Potter - Tattoos,Harry Potter,,"€22,99/un","€22,99/un"
Bancada de Ferramentas,Little Tikes,,"€39,99/un","€39,99/un"
JW Dominion - Kit de Pintura T-Rex,Jurassic World,,"€9,99/un","€9,99/un"
JW Dominion - Kit de Escavação Crânio de Dinossauro,Jurassic World,,"€10,99/un","€10,99/un"
Mala de Maquilhagem Royal Makeup Case Frozen,Disney Frozen,,"€22,99/un","€22,99/un"
Pack Areia Colorida (vários modelos),Kinetic Sand,,"€19,99/un","€19,99/un"
Quadro Dupla Face,Faz de Conta,,"€59,99/un","€59,99/un"
Robo Fish - Aquário com Figura (vários modelos),Concentra,,"€31,99/un","€31,99/un"
Plasticina Mini Receitas (vários modelos),Play-Doh,,"€19,99/un","€19,99/un"
"Rex, o Dino Glutão",Play-Doh,,"€26,99/un","€26,99/un"
Camião de Gelados da Peppa Pig,Play-Doh,,"€29,99/un","€29,99/un"
Kit Dinossauro DIY Deco Dino,Style4ever,,"€19,99/un","€19,99/un"
Fábrica Slime Mix & Match,Slime DIY,,"€39,99/un","€39,99/un"
Conjunto de Maquilhagem Frozen,Disney Frozen,,"€19,99/un","€19,99/un"
Câmara Fotográfica Instantânea,Studio Creator,,"€114,99/un","€114,99/un"
Clinica Veterinária,Dr. Slime,,"€39,99/un","€39,99/un"
Pack Mascote e Slime (vários modelos),Dr. Slime,,"€12,99/un","€12,99/un"
Camião do Lixo,Play-Doh,,"€24,99/un","€24,99/un"
JW Camp Cretaceous - T-Rex Egg Smash,Jurassic World,,"€11,99/un","€11,99/un"
Mala de Maquilhagem Snowball Frozen,Disney Frozen,,"€24,99/un","€24,99/un"
Mala Make Up Led Fashion Designer,Style4ever,,"€39,99/un","€39,99/un"
Crazy Chic - Love Pet Golfinho,Clementoni,,"€9,99/un","€9,99/un"
Crazy Chic - Make-up Diary,Clementoni,,"€12,99/un","€12,99/un"
Mala Slime,Slime DIY,,"€29,99/un","€29,99/un"
Purse Pets - Malinhas Interativas,Concentra,,"€34,99/un","€34,99/un"
Mala Maquilhagem Frozen,Disney Frozen,,"€24,99/un","€24,99/un"
Festa de Dinossauros,Zoko,,"€13,99/un","€13,99/un"
Muitos Dots - Letras - 41950,LEGO Dots,,"€19,99/un","€19,99/un"
Crazy Chic - Relógios com Estilo,Clementoni,,"€22,99/un","€22,99/un"
Crazy Chic - Love Pet Rena,Clementoni,,"€9,99/un","€9,99/un"
Crazy Chic - Fashion Bag - Lovely Make Up,Clementoni,,"€24,99/un","€24,99/un"
Mala Médica com Acessórios,Dr. Slime,,"€27,99/un","€27,99/un"
Pack 4 - Massa de Modelar Antibacteriana (várias cores),Canal Toys,,"€12,99/un","€12,99/un"
Kinetic Sand - Conjunto de Gelados,Kinetic Sand,,"€24,99/un","€24,99/un"
Estúdio de Unhas,Cool Maker,,"€32,99/un","€32,99/un"
O Aspirador,Play-Doh,,"€27,99/un","€27,99/un"
Camião de Comidinhas,Zoko,,"€16,99/un","€16,99/un"
Camião de Gelados,Play-Doh,,"€149,99/un","€149,99/un"
DigiBirds S2 - Pássaro com Gaiola (vários modelos),Digibirds,,"€26,99/un","€26,99/un"
Câmara Interativa Pokémon,Pokémon,,"€59,99/un","€59,99/un"
JW Camp Cretaceous - Kit de Escavação,Jurassic World,,"€11,99/un","€11,99/un"
JW Dominion - Kit de Escavação Ambar,Jurassic World,,"€16,99/un","€16,99/un"
JW Dominion - Kit de Pintura,Jurassic World,,"€6,29/un","€6,29/un"
Computador,Panda,,"€42,99/un","€42,99/un"
Quadro do Mickey,Disney Mickey,,"€29,99/un","€29,99/un"
Relógio Smartwatch Rosa,Concentra,,"€79,99/un","€79,99/un"
Orbeez - Challenge,Orbeez,,"€34,99/un","€34,99/un"
Orbeez - Spa Relaxante,Orbeez,,"€39,99/un","€39,99/un"
JWd Dominion Wood & Clay Dinosaur Model Set,Jurassic World,,"€11,99/un","€11,99/un"
JW Dominion - Kit de Escavação Areia Mágica,Jurassic World,,"€11,99/un","€11,99/un"
Mesa de Desenho Frozen 2,Educa,,"€26,99/un","€26,99/un"
Tatuagens Fashion,Be Glam,,"€14,99/un","€14,99/un"
Pulseiras Fashion,Be Glam,,"€7,99/un","€7,99/un"
Cesta com Comidinhas,Faz de Conta,,"€9,99/un","€9,99/un"
Kit Fidget Slim (vários modelos),Slime DIY,,"€14,99/un","€14,99/un"
Câmara Fotográfica Duo com MP3 - Kidizoom,Concentra,,"€84,99/un","€84,99/un"
Conjunto 3 Mini Unicórnios para Colorir,Style4ever,,"€19,99/un","€19,99/un"
JW Camp Cretaceous - Kit de Escavação Brilha no Escuro,Jurassic World,,"€9,99/un","€9,99/un"
Smart Sketcher 2.0,Famosa,,"€99,99/un","€99,99/un"
Casa de Praia,Smoby,,"€469,99/un","€469,99/un"
Tenda de Princesa/Príncipe,Zoko,,"€19,99/un","€19,99/un"
Super Palácio,Feber,,"€499,99/un","€499,99/un"
Baloiço de Metal 180cm,Smoby,,"€119,99/un","€119,99/un"
Trotinete Criança 3 Rodas Azul,Berg,1 un,"€19,99/un","€19,99/un"
Trotinete Criança 3 Rodas Preta e Rosa,Berg,1 un,"€19,99/un","€19,99/un"
Bicicleta de Criança Roda 14'' 4-5 Anos Vermelha,Disney Pixar Cars,1 un,"€179,99/un","€179,99/un"
Escorrega Funny II 115cm,Smoby,,"€169,99/un","€169,99/un"
"Bicicleta Aprendizagem Roda 12"" 3-5 Anos Madeira Clara",Berg,1 un,"€29,99/un","€29,99/un"
Triciclo de Criança Multifunção,Berg,,"€49,99/un","€49,99/un"
Baloiço Evolution 33cm,Feber,,"€44,99/un","€44,99/un"
Casa de Brincar Rosa Fantasy House,Feber,,"€119,99/un","€119,99/un"
Capacete de Criança 50-52cm Azul,Berg,1 un,"€9,99/un","€9,99/un"
Escorrega Evolutivo Super Megagliss,Smoby,,"€329,99/un","€329,99/un"
"Bicicleta Aprendizagem Roda 10"" 3-4 Anos Verde",Berg,1 un,"€29,99/un","€29,99/un"
Capacete Criança 54-58cm Preto,Berg,1 un,"€12,99/un","€12,99/un"
Casa de Brincar Fun Center,Smoby,,"€479,99/un","€479,99/un"
Lançador Fury 4,X-Shot,,"€9,99/un","€9,99/un"
Trotinete Criança 2 Rodas Preta e Rosa,Berg,1 un,"€24,99/un","€24,99/un"
A Minha 1ª Mini Mota,Play to Grow,,"€29,99/un","€29,99/un"
Matraquilhos de Mesa,Zoko,,"€22,99/un","€22,99/un"
Trotinete Criança 2 Rodas Preta e Azul,Berg,1 un,"€24,99/un","€24,99/un"
Casa de Brincar Super Villa,Feber,,"€349,99/un","€349,99/un"
Escorrega 10 com Água 126cm,Feber,,"€60,00/un","€60,00/un"
"Skate Roda 31"" Preto",Berg,1 un,"€24,99/un","€24,99/un"
Lançador Elite Commander RC-6,Nerf,,"€19,99/un","€19,99/un"
Motofeber Easy,Feber,,"€39,99/un","€39,99/un"
Air Hockey de Mesa,Zoko,,"€22,99/un","€22,99/un"
Capacete de Criança 50-52cm Rosa,Berg,1 un,"€9,99/un","€9,99/un"
Fiat 500 6V,Zoko,,"€259,99/un","€259,99/un"
Monster Truck 12v,Feber,,"€399,99/un","€399,99/un"
"Bicicleta Aprendizagem Roda 10"" 3-4 Anos Rosa",Berg,1 un,"€29,99/un","€29,99/un"
Twinkle Car com Rádio Controlo 12v Preto,Feber,,"€119,99/un","€119,99/un"
Lançador Turbo Advance,X-Shot,,"€69,99/un","€69,99/un"
Activity Center,Feber,,"€134,99/un","€134,99/un"
Jipe X-Storm Bravo High Speed 2 Lugares 12v,Feber,,"€329,99/un","€329,99/un"
Andador,Happy Bear,,"€24,99/un","€24,99/un"
Patins em Linha 3 Rodas 27-30 Rosa,Berg,1 un,"€19,99/un","€19,99/un"
Lançador Elite 2.0 Shockwave RD-15,Nerf,,"€36,99/un","€36,99/un"
Baloiço Sobe e Desce Twister 70cm,Feber,,"€109,99/un","€109,99/un"
Casa de Brincar Happy Feber,Feber,,"€84,99/un","€84,99/un"
Escorrega Super com Água 131cm,Feber,,"€159,99/un","€159,99/un"
Lançador Hawk Eye,X-Shot,,"€24,99/un","€24,99/un"
Escorrega XL 142cm,Smoby,,"€219,99/un","€219,99/un"
Lançador X-Shot - Xcess,X-Shot,,"€19,99/un","€19,99/un"
Casa Brincar do Bosque,Chicos,,"€99,99/un","€99,99/un"
Nerf Ultra 20 Dardos Refill,Nerf,,"€12,99/un","€12,99/un"
Alvo Digital,Nerf,,"€36,99/un","€36,99/un"
"Conjunto Proteções Joelho, Cotovelo e Pulsos Criança Preto",Berg,1 un,"€11,99/un","€11,99/un"
Pop 2 Play - Carro Azul,Concentra,,"€29,99/un","€29,99/un"
Casa de Brincar Multiatividades 6-em-1,Feber,,"€82,50/un","€82,50/un"
Casa de Brincar Green House,Feber,,"€164,99/un","€164,99/un"
Escorrega Curve com Água 125cm,Feber,,"€119,99/un","€119,99/un"
Lançador 2x Gold Reflex 6,X-Shot,,"€49,99/un","€49,99/un"
Jogo de Construções Gigante,Feber,,"€99,99/un","€99,99/un"
Andador Avião 2 em 1,Happy Bear,,"€69,99/un","€69,99/un"
Pop 2 Play - Cozinha / Berço,Concentra,,"€59,99/un","€59,99/un"
Patins em Linha 4 Rodas 31-34 Rosa,Berg,1 un,"€19,99/un","€19,99/un"
Lançador Fortnite B-AR,Nerf,,"€64,99/un","€64,99/un"
Tenda Tipi,Smoby,,"€259,99/un","€259,99/un"
Patins em Linha 3 Rodas 27-30 Azul,Berg,1 un,"€19,99/un","€19,99/un"
Lançador Delta Echo CS-10,Nerf,,"€54,99/un","€54,99/un"
Casa de Brincar Nature com Cozinha,Smoby,,"€229,99/un","€229,99/un"
Triciclo Dobrável,Smoby,,"€254,99/un","€254,99/un"
Casa de Brincar Beauty House com Escorrega,Feber,,"€289,99/un","€289,99/un"
Lançador Ultra Select,Nerf,,"€89,99/un","€89,99/un"
Lançador Fortnite Heavy SR,Nerf,,"€69,99/un","€69,99/un"
Andador Interativo,Vtech,,"€64,99/un","€64,99/un"
Lançador Ultra One,Nerf,,"€74,99/un","€74,99/un"
Restaurante Chef Corner,Smoby,,"€199,99/un","€199,99/un"
Lançador Nerf Fortnite Pump-SG,Nerf,,"€44,99/un","€44,99/un"
Patins em Linha 4 Rodas 31-34 Azul,Berg,1 un,"€19,99/un","€19,99/un"
Neo Casa Friends,Smoby,,"€444,99/un","€444,99/un"
Scooter 3x1 6v,Feber,,"€84,99/un","€84,99/un"
Andador 2 Racing Red com Capacete,Feber,,"€25,00/un","€25,00/un"
Parque de Jogos,Feber,,"€189,99/un","€189,99/un"
Feber Rider Cross 6V,Feber,,"€149,99/un","€149,99/un"
Pop 2 Play - Carro Rosa,Concentra,,"€29,99/un","€29,99/un"
Todo-o-Terreno Sport 6v,Feber,,"€159,99/un","€159,99/un"
Lançador Nerf Tricerablast,Nerf,,"€34,99/un","€34,99/un"
Casa de Brincar,Feber,,"€219,99/un","€219,99/un"
Torre Gigante,Feber,,"€42,50/un","€42,50/un"
Lançador Rex-Rampage,Nerf,,"€67,99/un","€67,99/un"
Casa Jardim,Smoby,,"€434,99/un","€434,99/un"
Escorrega Mega com Água 285cm,Feber,,"€299,99/un","€299,99/un"
Lançador Nerf Fortnite 6-SH,Nerf,,"€34,99/un","€34,99/un"
Baloiço Sobe e Desce Duplo 97cm,Feber,,"€169,99/un","€169,99/un"
Food Truck Vermelho,Feber,,"€199,99/un","€199,99/un"
Food Truck Rosa,Feber,,"€199,99/un","€199,99/un"
My Lovely Unicorn 12v,Feber,,"€299,99/un","€299,99/un"
Castelo Medieval,Feber,,"€269,99/un","€269,99/un"
Mesa de Picnic Fantasma,Feber,,"€99,99/un","€99,99/un"
My Friendly Dino 12v,Feber,,"€299,99/un","€299,99/un"
Cavalo My Wild Horse 12v,Feber,,"€249,99/un","€249,99/un"
Mega 4 em Linha,Feber,,"€149,99/un","€149,99/un"
My Feber Police 12v,Feber,,"€239,99/un","€239,99/un"
Bóia Gigante Azul Asas Borboleta,Big Mouth,,"€12,50/un","€12,50/un"
Bóia Gigante Asas Anjo,Big Mouth,,"€12,50/un","€12,50/un"
Túnel Lagarta,Feber,,"€239,99/un","€239,99/un"
Lançador Fortnite Microshots (vários modelos),Nerf,,"€12,99/un","€12,99/un"
Triciclo Evo Trike Plus 3x1,Feber,,"€64,99/un","€64,99/un"
Lançador Supersoaker Torrent,Nerf,,"€10,99/un","€10,99/un"
Andador Peppa Pig,Peppa Pig,,"€29,99/un","€29,99/un"
Lançador Nerf Elite 2.0 Volt SD.1,Nerf,,"€17,99/un","€17,99/un"
Lançador Fortnite Flare,Nerf,,"€22,99/un","€22,99/un"
Casa de Brincar Funny House,Feber,,"€119,99/un","€119,99/un"
Jogo Splash 'n' Tangle Wahu,Goliath,,"€23,99/un","€23,99/un"
Bicicleta de Criança Roda 14'' 4-5 Anos Rosa,Disney Princess,1 un,"€179,99/un","€179,99/un"
Lançadores Laser X Revolution,Bizak,,"€56,99/un","€56,99/un"
Piscina Insuflável 150x41cm,,emb. 1 un,"€24,99/un","€24,99/un"
Nerf Elite 2.0 Prospect QS 5,Nerf,,"€12,99/un","€12,99/un"
Colete Tático,Nerf,,"€32,99/un","€32,99/un"
Baby Scooter Primeiros Passos,Baby Clementoni,,"€34,99/un","€34,99/un"
Lançador Skins - Menace,X-Shot,,"€12,99/un","€12,99/un"
Dareway Revolution 12v Rosa,Feber,,"€149,99/un","€149,99/un"
Casa de Brincar Frozen,Smoby,,"€199,99/un","€199,99/un"
Lançador Elite 2.0 Eaglepoint RD 9,Nerf,,"€31,99/un","€31,99/un"
Bicicleta de Criança Roda 16'' 4-6 Anos Vermelha,Disney Pixar Cars,1 un,"€199,99/un","€199,99/un"
Colchão Pocket Mats (várias cores),Intex,,"€5,39/un","€5,39/un"
Torre de Escalada Multiatividades II,Smoby,,"€414,99/un","€414,99/un"
Asas Borbulhantes de Fada,IMC Toys,,"€24,99/un","€24,99/un"
Casa de Brincar Fantasy House Peppa Pig,Feber,,"€129,99/un","€129,99/un"
A Minha 1ª Vespa 6V,Zoko,,"€99,99/un","€99,99/un"
Bicicleta de Criança Roda 14'' 4-5 Anos Azul,Patrulha Pata,1 un,"€179,99/un","€179,99/un"
My Lovely Llama,Feber,,"€249,99/un","€249,99/un"
Piscina Donuts 3 Anéis,Ywow,,"€10,00/un","€10,00/un"
Andador do Cãozinho,Fisher-Price,,"€49,99/un","€49,99/un"
Triciclo Evo Trike 3x1,Feber,,"€54,99/un","€54,99/un"
Motofeber Racer,Feber,,"€59,99/un","€59,99/un"
McLaren 6V,Zoko,,"€279,99/un","€279,99/un"
Lançador Supersoaker Rainstorm,Nerf,,"€14,99/un","€14,99/un"
"Bateria Feber 6v 7,5Ah",Feber,,"€29,99/un","€29,99/un"
Lançador Skins - Last Stand,X-Shot,,"€32,99/un","€32,99/un"
Bicicleta de Criança Roda 12'' 3-4 Anos Rosa,Disney Princess,1 un,"€159,99/un","€159,99/un"
Caixa com 200 Dardos para Lançador,X-Shot,,"€12,99/un","€12,99/un"
Lançador 2x Skins - Flux,X-Shot,,"€19,99/un","€19,99/un"
Motofeber Turbo Hybrid 6V,Feber,,"€99,99/un","€99,99/un"
Quad Racy 6V,Feber,,"€59,99/un","€59,99/un"
Colchão Infantil Baleia,Intex,,"€8,99/un","€8,99/un"
Andador Flowy Jumper,Feber,,"€29,99/un","€29,99/un"
Nerf Dinosquad Raptor Slash,Nerf,,"€22,99/un","€22,99/un"
Lançador Nerf Dinosquad - Stegosmash,Nerf,,"€17,99/un","€17,99/un"
Casa de Brincar da Árvore,Feber,,"€419,98/un","€419,98/un"
"Bicicleta Júnior Roda 20"" 7-9 Anos Rosa",Berg,1 un,"€129,99/un","€129,99/un"
Piscina Unicórnio Glitter 2 Anéis,Ywow,,"€10,00/un","€10,00/un"
Casa de Brincar Giro House,Feber,,"€169,99/un","€169,99/un"
Nerf Super Soaker DinoSquad Raptor-Surge,Nerf,,"€12,99/un","€12,99/un"
Lançador Nerf Elite 2.0 Ace SD 1,Nerf,,"€4,99/un","€4,99/un"
Bicicleta Júnior Roda 20'' 6-8 Anos Melody Ultra Light Bege,Volare,1 un,"€299,99/un","€299,99/un"
Andador Minicustom Peppa Pig,Peppa Pig,,"€29,99/un","€29,99/un"
Carregador Feber 6v,Feber,,"€24,99/un","€24,99/un"
Mochila Super Sand (vários modelos),Goliath,,"€11,99/un","€11,99/un"
Cubo de Areia Super Sand (vários modelos),Goliath,,"€11,99/un","€11,99/un"
Trotinete Criança 3 Rodas Peppa Pig,Smoby,,"€39,99/un","€39,99/un"
Lançador Elite 2.0 Turbine CS-18,Nerf,,"€47,99/un","€47,99/un"
Bolas para Lançador Chaos,X-Shot,,"€9,99/un","€9,99/un"
Barco + Brinquedos de Praia (várias cores),Colorbaby,,"€4,19/un","€4,19/un"
Baby Trotinete Unicórnio,Baby Clementoni,,"€39,99/un","€39,99/un"
Óculos de Batalha (vários modelos),Nerf,,"€12,99/un","€12,99/un"
Andador Primeiros Passos - Happy Hippy,Chicco,,"€44,99/un","€44,99/un"
Twinkle Car com Rádio Controlo 12v,Feber,,"€119,99/un","€119,99/un"
Andador Primeiros Passos - Jardineiro Brincalhão,Chicco,,"€49,99/un","€49,99/un"
Motorbike Cross 400F 6v,Feber,,"€109,99/un","€109,99/un"
"Bicicleta Júnior Roda 24"" +9 Anos 6V Branca",Berg,1 un,"€199,99/un","€199,99/un"
Trampolim 140x180cm,Plum,,"€129,99/un","€129,99/un"
Quadro Art & Fun,Feber,,"€74,99/un","€74,99/un"
Dobble Impermeável,Mebo Games,,"€16,99/un","€16,99/un"
Bicicleta de Criança Roda 14'' 4-5 Anos Rosa,Disney Minnie,1 un,"€179,99/un","€179,99/un"
Bicicleta de Criança Roda 12'' 3-4 Anos Azul,Disney Frozen,1 un,"€159,99/un","€159,99/un"
Lançador Chaos - Ragequit Faze,X-Shot,,"€34,99/un","€34,99/un"
Trotinete Patrulha Pata 3 Rodas,Patrulha Pata,,"€34,99/un","€34,99/un"
Vespa Vintage 6V,Zoko,,"€149,99/un","€149,99/un"
Capacete Vermelho Feber,Feber,,"€24,99/un","€24,99/un"
Andador Motofeber Clues Azul,Feber,,"€44,99/un","€44,99/un"
Bateria 6v 12Ah,Feber,,"€39,99/un","€39,99/un"
Robo Fish - Aquário com Figura (vários modelos),Concentra,,"€31,99/un","€31,99/un"
Trimoto Sweety 6v Rosa,Feber,,"€69,99/un","€69,99/un"
Lançador Nerf Minecraft Sox Carlton,Nerf,,"€39,99/un","€39,99/un"
"Bateria 12v 7,2Ah",Feber,,"€39,99/un","€39,99/un"
Mad Racer 12v,Feber,,"€219,00/un","€219,00/un"
Bateria Feber 6v4Ah,Feber,,"€29,99/un","€29,99/un"
Nerf Elite 2.0 Refill 51,Nerf,,"€14,99/un","€14,99/un"
Escorrega com Água Slide Max 152cm,Feber,,"€79,99/un","€79,99/un"
Piscina Insuflável 150x41cm,,emb. 1 un,"€24,99/un","€24,99/un"
Bicicleta de Criança Roda 12'' 3-4 Anos Rosa,Disney Minnie,1 un,"€159,99/un","€159,99/un"
Bicicleta Júnior Roda 20'' 6-8 Anos Rocky 6V Preta e Azul,Volare,1 un,"€299,99/un","€299,99/un"
O Meu Primeiro Fiat 500,Zoko,,"€64,99/un","€64,99/un"
Andador Peppa Pig,Feber,,"€44,99/un","€44,99/un"
Bicicleta de Criança Roda 12'' 3-4 Anos Azul e Vermelha,Patrulha Pata,1 un,"€159,99/un","€159,99/un"
Mercedes-Benz GTR AMG,,,"€259,99/un","€259,99/un"
Carregador Feber 12v,Feber,,"€24,99/un","€24,99/un"
Escorrega Climb and Slide,Feber,,"€139,99/un","€139,99/un"
Bóia Anel Melancia,Zoko,,"€7,99/un","€7,99/un"
Andador e Baloiço Pony,Feber,,"€64,99/un","€64,99/un"
Lançador Skins - Dread,X-Shot,,"€24,99/un","€24,99/un"
Bicicleta Júnior Roda 20'' 6-8 Anos Melody Ultra Light Vermelha,Volare,1 un,"€325,00/un","€325,00/un"
Lançador Chaos - Respawn Faze,X-Shot,,"€19,99/un","€19,99/un"
Porsche 911 RSR - 42096,LEGO Technic,,"€229,99/un","€229,99/un"
Monster Jam Megalodon - 42134,LEGO Technic,,"€19,99/un","€19,99/un"
Ford Mustang Shelby GT500 - 42138,LEGO Technic,,"€49,99/un","€49,99/un"
Monster Jam Grave Digger - 42118,LEGO Technic,,"€19,99/un","€19,99/un"
Carregadora Telescópica - 42133,LEGO Technic,,"€9,99/un","€9,99/un"
Monster Jam El Toro Loco - 42135,LEGO Technic,,"€19,99/un","€19,99/un"
Fórmula E Porsche 99X Electric - 42137,LEGO Technic,,"€49,99/un","€49,99/un"
Avião de Corrida - 42117,LEGO Technic,,"€9,99/un","€9,99/un"
Camião de Testes Mercedes-Benz Zetros 4x4 - 42129,LEGO Technic,,"€329,99/un","€329,99/un"
Land Rover Defender - 42110,LEGO Technic,,"€199,99/un","€199,99/un"
Paris - 21044,LEGO Architecture,,"€49,99/un","€49,99/un"
Batmobile do Batman - 42127,LEGO Technic,,"€119,99/un","€119,99/un"
Alice no País das Maravilhas,Lewis Carroll,,"€12,51/un","€12,51/un"
Bonsai - 10281,LEGO Creator,,"€49,99/un","€49,99/un"
Hogwarts: Erro de Poção Polissuco - 76386,LEGO Harry Potter,,"€19,99/un","€19,99/un"
Risk,Hasbro Gaming,,"€49,99/un","€49,99/un"
Harry Potter - Cápsulas Mágicas,Harry Potter,,"€14,99/un","€14,99/un"
Party & Co Original 30º Aniversário,Party & Co,,"€34,99/un","€34,99/un"
Mota - 42132,LEGO Technic,,"€9,99/un","€9,99/un"
Cluedo,Hasbro Gaming,,"€32,99/un","€32,99/un"
A Torre de Astronomia de Hogwarts - 75969,LEGO Harry Potter,,"€99,99/un","€99,99/un"
Dom's Dodge Charger - 42111,LEGO Technic,,"€119,99/un","€119,99/un"
Manopla do Infinito - 76191,LEGO Marvel,,"€109,99/un","€109,99/un"
Lamborghini Sián Fkp 37 - 42115,LEGO Technic,,"€449,99/un","€449,99/un"
Visita à Aldeia Hogsmeade - 76388,LEGO Harry Potter,,"€89,99/un","€89,99/un"
BMW M 1000 RR - 42130,LEGO Technic,,"€249,99/un","€249,99/un"
Dobble,Mebo Games,,"€22,99/un","€22,99/un"
Figuras XL - Batman (vários modelos),Batman,,"€16,99/un","€16,99/un"
Peluche Baby Yoda 28cm,Star Wars,,"€44,99/un","€44,99/un"
Hovercraft de Resgate - 42120,LEGO Technic,,"€29,99/un","€29,99/un"
Qual é o Código?,Mebo Games,,"€17,99/un","€17,99/un"
Ford F-150 Raptor - 42126,LEGO Technic,,"€139,99/un","€139,99/un"
Momento Hogwarts - Aula de Defesa - 76397,LEGO Harry Potter,,"€29,99/un","€29,99/un"
Batman - Corte das Corujas,Scott Snyder e Greg Capullo,,"€13,41/un","€13,41/un"
Vespa 125 - 10298,LEGO Icons,,"€99,99/un","€99,99/un"
O Mandalorian e Baby Yoda - 75317,LEGO Star Wars,,"€19,99/un","€19,99/un"
Jogo de Cartas UNO,UNO,,"€11,99/un","€11,99/un"
Figuras Batman com Acessórios (vários modelos),Batman,,"€22,99/un","€22,99/un"
Estátua da Liberdade - 21042,LEGO Architecture,,"€99,99/un","€99,99/un"
Ferrari 488 GTE AF Corse #51 - 42125,LEGO Technic,,"€199,99/un","€199,99/un"
Figuras Star Wars - Mighty Mugs (vários modelos),Star Wars,,"€7,79/un","€7,79/un"
Cidade de Nova Iorque - 21028,LEGO Architecture,,"€49,99/un","€49,99/un"
Hogwarts Ala Hospitalar - 76398,LEGO Harry Potter,,"€59,99/un","€59,99/un"
Batmobile com Figura XL,Batman,,"€74,99/un","€74,99/un"
Singapura - 21057,LEGO Architecture,,"€59,99/un","€59,99/un"
Adidas Originals Superstar - 10282,LEGO Icons,,"€89,99/un","€89,99/un"
Figura Anime Heroes - Sagittarius Aiolos,Bandai,,"€17,99/un","€17,99/un"
Buquê de Flores - 10280,LEGO Creator,,"€59,99/un","€59,99/un"
Figuras Marvel Goo Jit Zu (vários modelos),Goo Jit Zu,,"€20,99/un","€20,99/un"
Tanque de Assalto Blindado - 75283,LEGO Star Wars,,"€39,99/un","€39,99/un"
Figuras Batman XL Deluxe (vários modelos),Batman,,"€31,99/un","€31,99/un"
Monopoly Batoteiro,Monopoly,,"€39,99/un","€39,99/un"
Set de Expansão: A Casa do Mario e do Yoshi - 71367,LEGO Super Mario,,"€29,99/un","€29,99/un"
Momento Hogwarts: Aula de Transfiguração - 76382,LEGO Harry Potter,,"€29,99/un","€29,99/un"
Veículo com 2 Figuras (vários modelos),Batman,,"€31,99/un","€31,99/un"
Figuras Flexíveis Avengers 15cm (vários modelos),Disney Avengers,,"€17,99/un","€17,99/un"
Microfighter The Razor Crest- 75321,LEGO Star Wars,,"€9,99/un","€9,99/un"
Figura Deluxe XL - Batman,Batman,,"€31,99/un","€31,99/un"
Pack de Batalha Snowtrooper - 75320,LEGO Star Wars,,"€19,99/un","€19,99/un"
Pack de Combate AT-AT e Tauntaun - 75298,LEGO Star Wars,,"€19,99/un","€19,99/un"
Dinossauro Ruge e Ataca (vários modelos),Jurassic World,,"€24,99/un","€24,99/un"
Veículo Transformável Comandado por App - 42140,LEGO Technic,,"€149,99/un","€149,99/un"
Figura Anime Heroes - Gemini Saga,Bandai,,"€17,99/un","€17,99/un"
A Câmara dos Segredos de Hogwarts - 76389,LEGO Harry Potter,,"€199,99/un","€199,99/un"
Escavadora para Trabalhos Pesados - 42121,LEGO Technic,,"€39,99/un","€39,99/un"
Batmobile Rádio Controlo,Batman,,"€41,99/un","€41,99/un"
Avengers Hero Deluxe Thanos,Disney Avengers,,"€32,99/un","€32,99/un"
Jeep Wrangler - 42122,LEGO Technic,,"€49,99/un","€49,99/un"
Figura Star Wars - The Child Animatronic,Star Wars,,"€84,99/un","€84,99/un"
AT-ST de Hoth- 75322,LEGO Star Wars,,"€49,99/un","€49,99/un"
Espetáculo Acrobático: Camião e Moto - 42106,LEGO Technic,,"€43,99/un","€43,99/un"
O X-Wing Fighter de Luke Skywalker - 75301,LEGO Star Wars,,"€49,99/un","€49,99/un"
1984 (Novela Gráfica),"George Orwell, Amazing Améziane e Sybille Titeux de la Croix",,"€22,49/un","€22,49/un"
Harry Potter - Boneco Básico (Harry),Harry Potter,,"€20,99/un","€20,99/un"
Imperial TIE Fighter - 75300,LEGO Star Wars,,"€44,99/un","€44,99/un"
Hogwarts: Encontro com Fluffy - 76387,LEGO Harry Potter,,"€49,99/un","€49,99/un"
Minecraft - Histórias do Overworld!,Vários Autores,,"€13,46/un","€13,46/un"
Luva Eletrónica,Disney Avengers,,"€35,99/un","€35,99/un"
Harry Potter e a Câmara dos Segredos (vários modelos),Harry Potter,,"€32,99/un","€32,99/un"
Party & Co Extreme 3.0,Party & Co,,"€36,99/un","€36,99/un"
Dinossauro Pacote Selvagem (vários modelos),Jurassic World,,"€14,99/un","€14,99/un"
Trivial Pursuit Harry Potter,Trivial Pursuit,,"€22,99/un","€22,99/un"
Hulk Figura Metal 10cm,Marvel,,"€16,99/un","€16,99/un"
Ekipas,Mebo Games,,"€29,99/un","€29,99/un"
Momento Hogwarts - Aula de Adivinhação - 76396,LEGO Harry Potter,,"€29,99/un","€29,99/un"
Confiante,Mebo Games,,"€24,99/un","€24,99/un"
Figura Fortnite - Contract Giller,Fortnite,,"€16,99/un","€16,99/un"
Scattergories,Hasbro Gaming,,"€34,99/un","€34,99/un"
Microfighter Millennium Falcon - 75295,LEGO Star Wars,,"€9,99/un","€9,99/un"
Astérix - Astérix e o Grifo,Jean-Yves Ferri,,"€9,81/un","€9,81/un"
Figuras Básicas - Batman (vários modelos),Batman,,"€14,99/un","€14,99/un"
EXIT: Escape Room (vários modelos),Devir,,"€16,99/un","€16,99/un"
Peluche Boba Fett,Star Wars,,"€14,99/un","€14,99/un"
"Boneco Dobby, o Elfo Doméstico",Harry Potter,,"€7,79/un","€7,79/un"
Figura Chewbacca/Luke Skywalker - Force Link 2.0,Star Wars,,"€7,79/un","€7,79/un"
Figuras Marvel Legends Retro (vários modelos),Disney Avengers,,"€16,49/un","€16,49/un"
Figura Metal Hulk 15cm,Disney Avengers,,"€26,99/un","€26,99/un"
Arca Mágica de Hogwarts - 76399,LEGO Harry Potter,,"€64,99/un","€64,99/un"
Expresso de Hogwarts - 75955,LEGO Harry Potter,,"€89,99/un","€89,99/un"
A Nave dos Guardiões - 76193,LEGO Marvel,,"€159,99/un","€159,99/un"
Saqueador Imperial com Armadura - 75311,LEGO Star Wars,,"€39,99/un","€39,99/un"
Momento Hogwarts: Aula de Poções - 76383,LEGO Harry Potter,,"€36,99/un","€36,99/un"
Figuras Batman XL (vários modelos),Batman,,"€16,99/un","€16,99/un"
Yoda - 75255,LEGO Star Wars,,"€119,99/un","€119,99/un"
Imperial Probe Droid - 75306,LEGO Star Wars,,"€69,99/un","€69,99/un"
Figura Fortnite - Dark Wild Card 30cm,Fortnite,,"€16,99/un","€16,99/un"
Viral,Mebo Games,,"€29,99/un","€29,99/un"
Conjunto de Acessórios,Batman,,"€20,99/un","€20,99/un"
Pack 2 Figuras DC Comics,Goo Jit Zu,,"€41,99/un","€41,99/un"
Viral - Expansão Super Vírus,Mebo Games,,"€9,99/un","€9,99/un"
Sherlock,Mebo Games,,"€14,99/un","€14,99/un"
Decifra,Mebo Games,,"€29,99/un","€29,99/un"
Stratego Original,Diset,,"€39,99/un","€39,99/un"
Cluedo Harry Potter,Creative Toys,,"€42,99/un","€42,99/un"
Figura Metal Viúva Negra 10cm,Disney Avengers,,"€11,99/un","€11,99/un"
Disney's Mickey Mouse - 31202,LEGO Art,,"€119,99/un","€119,99/un"
Vaivém de Ataque The Bad Batch - 75314,LEGO Star Wars,,"€99,99/un","€99,99/un"
Rádio Controlo Batmobile Deluxe,Batman,,"€62,99/un","€62,99/un"
Puzzle Harry Potter 1000 Peças,Clementoni,,"€14,99/un","€14,99/un"
Figura Thor,Disney Avengers,,"€29,99/un","€29,99/un"
Figura Grande Batman Goo Jit Zu,Goo Jit Zu,,"€42,99/un","€42,99/un"
4 Privet Drive - 75968,LEGO Harry Potter,,"€79,99/un","€79,99/un"
Peluche The Child Hideaway Hoover-Pram,Star Wars,,"€23,99/un","€23,99/un"
Escudo e Luva Magnéticos Capitão América,Disney Avengers,,"€29,99/un","€29,99/un"
Puzzle Harry Potter Challenge 1000 Peças,Ravensburger,,"€14,99/un","€14,99/un"
O Homem que Mordeu o Cão - A Grande Rebaldaria Lusitana,Creative Toys,,"€22,99/un","€22,99/un"
Boneco Harry Potter na Platform 9 3/4,Harry Potter,,"€39,99/un","€39,99/un"
Duelo em Mandalore - 75310,LEGO Star Wars,,"€19,99/un","€19,99/un"
Cluedo Mentiroso,Hasbro Gaming,,"€42,99/un","€42,99/un"
Set de Expansão: O Desafio das Plantas Piranha - 71382,LEGO Super Mario,,"€23,99/un","€23,99/un"
Harry Potter Hogwarts Brasões - 31201,LEGO Art,,"€119,99/un","€119,99/un"
Trivial Pursuit Edição Tabuleiro,Trivial Pursuit,,"€46,99/un","€46,99/un"
Peluche The Child,Star Wars,,"€39,99/un","€39,99/un"
Pack Figuras: Harry Potter vs Voldemort,Harry Potter,,"€35,99/un","€35,99/un"
Código Secreto (vários modelos),Devir,,"€21,99/un","€21,99/un"
Jogo Mini Escape Room,Concentra,,"€16,99/un","€16,99/un"
Figura Fortnite - Omega Champion 30cm,Fortnite,,"€17,99/un","€17,99/un"
Jogo Manhãs da Comercial,Clementoni,,"€32,99/un","€32,99/un"
Figura Fortnite - Lengenday Atlantean Fishtick,Fortnite,,"€17,99/un","€17,99/un"
Luva com Disparador,Batman,,"€20,99/un","€20,99/un"
Figura Anime Heroes - All Might,Bandai,,"€14,99/un","€14,99/un"
Harry Potter - Boneca Básica Hermione,Harry Potter,,"€20,99/un","€20,99/un"
Figura Fortnite - Triggerfish Solo Mode,Fortnite,,"€8,99/un","€8,99/un"
Pack X-Wing Fighter com Figura Antoc Merrick,Star Wars,,"€89,99/un","€89,99/un"
Peluche Porg 15cm,Star Wars,,"€11,99/un","€11,99/un"
Figura Evolve (vários modelos),Dragon Ball,,"€16,99/un","€16,99/un"
Peluche Ewok Wicket 21cm,Star Wars,,"€11,99/un","€11,99/un"
Peluche Homem de Ferro,Disney Avengers,,"€14,99/un","€14,99/un"
Figura Power Rangers (vários modelos),Power Rangers,,"€17,99/un","€17,99/un"
Peluche Darth Vader 19cm,Star Wars,,"€17,99/un","€17,99/un"
Figura Anime Heroes - Pegasus Seiya,Bandai,,"€17,99/un","€17,99/un"
Puzzle Star Wars Challenge 1000 Peças,Ravensburger,,"€14,99/un","€14,99/un"
2491 Planetship,Mebo Games,,"€23,99/un","€23,99/un"
Playset Missão Secreta Batman,Batman,,"€83,99/un","€83,99/un"
Figura Fortnite - Unpeely Solo Mode,Fortnite,,"€8,99/un","€8,99/un"
Puzzle 3D Harry Potter: Autocarro Cavaleiro 216 Peças,Ravensburger,,"€23,99/un","€23,99/un"
Peluche Luke Skywalker 19cm,Star Wars,,"€17,99/un","€17,99/un"
Figura Fortnite - Legendary Ouro,Fortnite,,"€17,99/un","€17,99/un"
Millennium Falcon - 75257,LEGO Star Wars,,"€169,99/un","€169,99/un"
Batmobile 1:24 1996 Classic com Figura,Batman,,"€46,99/un","€46,99/un"
Caravelas II,Mebo Games,,"€24,99/un","€24,99/un"
Figura Fortnite - Drift Champion 30cm,Fortnite,,"€23,99/un","€23,99/un"
Veículo Todo-o-Terreno - 42139,LEGO Technic,,"€89,99/un","€89,99/un"
Playset Movie Moments,Batman,,"€72,99/un","€72,99/un"
Figura Fortnite S2 - Ragnarok,Funko POP!,,"€15,99/un","€15,99/un"
Figura Fortnite - Legendart Midas Gold,Fortnite,,"€23,99/un","€23,99/un"
Ducati Panigale V4 R - 42107,LEGO Technic,,"€69,99/un","€69,99/un"
Torre do Relógio de Hogwarts - 75948,LEGO Harry Potter,,"€99,99/un","€99,99/un"
"Figura GOT - The Mountain (Unmasked) 6""",Funko POP!,,"€24,99/un","€24,99/un"
Harry Potter - Varinha Interativa,Harry Potter,,"€42,99/un","€42,99/un"
Figura Fortnite - Frozen Fishstick 30cm,Fortnite,,"€16,99/un","€16,99/un"
Figura M.O.D.O.K.,Marvel,,"€40,00/un","€40,00/un"
Harry Potter - Sala de Poções,Harry Potter,,"€25,99/un","€25,99/un"
Harry Potter - Sala das Necessidades,Harry Potter,,"€25,99/un","€25,99/un"
Figura Monsters Universal - Frankenstein 15 cm,Simba,,"€14,99/un","€14,99/un"
Harry Potter - Sala de Feitiços,Harry Potter,,"€25,99/un","€25,99/un"
Set de Expansão: O Pântano Venenoso da Lagartola - 71383,LEGO Super Mario,,"€35,99/un","€35,99/un"
Playset Transformável Batman,Batman,,"€179,99/un","€179,99/un"
Harry Potter - Castelo de Hogwarts,Harry Potter,,"€79,99/un","€79,99/un"
Puzzle Joker 1000 Peças,Batman,,"€19,99/un","€19,99/un"
Figura Black Widow - Taskmaster com Shield,Funko POP!,,"€15,99/un","€15,99/un"
Goo Jit Zu - Mini Figuras DC Comics (vários modelos),Goo Jit Zu,,"€8,99/un","€8,99/un"
A Ilha Proibida,Devir,,"€24,99/un","€24,99/un"
Harry Potter - Boneca Deluxe (Hermione),Harry Potter,,"€31,99/un","€31,99/un"
Harry Potter - Pack 2 Figuras Ron e Ginny,Harry Potter,,"€15,99/un","€15,99/un"
Figura Minions 2 - Young Gru,Funko POP!,,"€15,99/un","€15,99/un"
Carcassonne,Devir,,"€29,99/un","€29,99/un"
Monster Jam Max-D - 42119,LEGO Technic,,"€19,99/un","€19,99/un"
Figuras Spiderman Titan Web Warriors (vários modelos),Disney Avengers,,"€22,99/un","€22,99/un"
Harry Potter - Pack 2 Figuras Hermione e Hagrid,Harry Potter,,"€15,99/un","€15,99/un"
Harry Potter - Varinha Interativa (Hermione),Harry Potter,,"€42,99/un","€42,99/un"
Harry Potter - Varinhas Colecionáveis 30cm (vários modelos),Harry Potter,,"€12,99/un","€12,99/un"
Trivial Pursuit Friends,Trivial Pursuit,,"€22,99/un","€22,99/un"
Harry Potter - Rubeus Hagrid,Harry Potter,,"€32,99/un","€32,99/un"
Figura Flexível Spider Man (vários modelos),Disney Avengers,,"€19,99/un","€19,99/un"
Dinossauro T-Rex Fuga Extrema,Jurassic World,,"€59,99/un","€59,99/un"
Harry Potter - Varinhas Mágicas 30cm (vários modelos),Harry Potter,,"€19,99/un","€19,99/un"
Mini Figuras da Liga da Justiça (vários modelos),Justice League,,"€16,99/un","€16,99/un"
Figuras Star Wars Mega Mighties (vários modelos),Star Wars,,"€24,99/un","€24,99/un"
Figura Toy Story 4 - Sheriff Woody,Funko POP!,,"€15,99/un","€15,99/un"
Figura Spiderman Titan Hero,Disney Avengers,,"€22,99/un","€22,99/un"
Batmobile,Batman,,"€36,99/un","€36,99/un"
A Sala do Trono do Boba Fett - 75326,LEGO Star Wars,,"€99,99/un","€99,99/un"
Buzzed,Creative Toys,,"€29,99/un","€29,99/un"
Figura Naruto - Sasuke,Funko POP!,,"€15,99/un","€15,99/un"
Harry Potter - Playset Diagon Alley,Harry Potter,,"€72,99/un","€72,99/un"
Harry Potter - Varinha Mágica Lord Voldemort,Harry Potter,,"€34,99/un","€34,99/cm"
Figura Stranger Things - Lucas,Funko POP!,,"€15,99/un","€15,99/un"
Top Trumps Match Harry Potter,Top Trumps,,"€22,99/un","€22,99/un"
Puzzle Harry Potter 1000 Peças,Clementoni,,"€16,99/un","€16,99/un"
Scrabble Original,Scrabble,,"€32,99/un","€32,99/un"
Puzzle Pokemon 1000 Peças,Ravensburger,,"€14,99/un","€14,99/un"
Figura Casa de Papel - Professor o Clown,Funko POP!,,"€15,99/un","€15,99/un"
Figura Ultimate Princess - Cinderella,Funko POP!,,"€15,99/un","€15,99/un"
Figura Marvel: Holiday - Thor,Funko POP!,,"€15,99/un","€15,99/un"
Figura Marvel: Holiday - Black Panther,Funko POP!,,"€15,99/un","€15,99/un"
Puzzle Harry Potter 1000 Peças,Clementoni,,"€14,99/un","€14,99/un"
Set de Expansão: Confronto na Selva com a Corrente Dentada - 71381,LEGO Super Mario,,"€19,99/un","€19,99/un"
Walker AT-TE - 75337,LEGO Star Wars,,"€139,99/un","€139,99/un"
Figuras Monster Hunters 15cm (vários modelos),Disney Avengers,,"€17,99/un","€17,99/un"
Taxi Joy Ride e Figura Fortnite,Fortnite,,"€46,99/un","€46,99/un"
Limit Breaker Series - Gohan,Dragon Ball,,"€26,99/un","€26,99/un"
What Do You Meme - Edição Portuguesa,Creative Toys,,"€46,99/un","€46,99/un"
Figura Anime Heroes - Midoriya Izuku Band,Bandai,,"€34,99/un","€34,99/un"
Starship de Boba Fett - 75312,LEGO Star Wars,,"€49,99/un","€49,99/un"
BD-1 (75335),LEGO Star Wars,,"€99,99/un","€99,99/un"
Imperial Shuttle - 75302,LEGO Star Wars,,"€79,99/un","€79,99/un"
Figura Dragon Ball - Estátua Rosé Goku,Dragon Ball,,"€29,99/un","€29,99/cm"
Martelo Eletrónico do Thor,Disney Avengers,,"€39,99/un","€39,99/un"
Showcase Boltund V,Pokémon,,"€24,99/un","€24,99/un"
Peluche The Mandalorian - Baby Yoda 25cm,Star Wars,,"€26,99/un","€26,99/un"
Figura Masters of The Universe - Mer-Man,Funko POP!,,"€15,99/un","€15,99/cm"
Figura Star Wars: Concept Series - Han Solo,Funko POP!,,"€15,99/un","€15,99/un"
Figura Birds of Prey - Huntress,Funko POP!,,"€15,99/un","€15,99/un"
Figura Minions 2 - Bride Kevin,Funko POP!,,"€15,99/un","€15,99/un"
Capacete do Mandaloriano - 75328,LEGO Star Wars,,"€69,99/un","€69,99/un"
Sanctum Sanctorum - 76218,LEGO Marvel,,"€249,99/un","€249,99/un"
Set de Expansão: Power Slide da Planta Piranha - 71365,LEGO Super Mario,,"€23,99/un","€23,99/un"
Basilisks & Broomsticks,Harry Potter,,"€4,99/un","€4,99/un"
Harry Potter Figura Metal 10cm,Harry Potter,,"€16,99/un","€16,99/un"
Harry Potter - Hedwig Interativa,Harry Potter,,"€72,99/un","€72,99/un"
Airbus H175 Helicóptero de Resgate - 42145,LEGO Technic,,"€209,99/un","€209,99/un"
Figuras Mega Mighty (vários modelos),Marvel,,"€16,99/un","€16,99/un"
Figura Heroína Mighty Thor,Disney Avengers,,"€22,99/un","€22,99/un"
Figuras Bend and Flex - Pack Missões (vários modelos),Disney Avengers,,"€29,99/un","€29,99/un"
Figura Overwatch - Baptiste,Funko POP!,,"€15,99/un","€15,99/un"
Figura Miami Vice - Crockett & Tubbs,Funko POP!,,"€39,99/un","€39,99/cm"
Figura Dragon Ball - Majin Buu,Dragon Ball,,"€21,99/un","€21,99/un"
Figura Alice in Wonderland - Alice with Flowers,Funko POP!,,"€39,99/un","€39,99/un"
Figura Naruto - Kabuto Yakushi,Funko POP!,,"€15,99/un","€15,99/un"
Figura The Godfather - Michael Corleone,Funko POP!,,"€15,99/un","€15,99/un"
Figura The Godfather - Sonny Corleone,Funko POP!,,"€15,99/un","€15,99/cm"
Figura Moment - Wall-E & Eve,Funko POP!,,"€46,99/un","€46,99/un"
A Floresta Proibida: O Encontro de Umbridge - 75967,LEGO Harry Potter,,"€23,99/un","€23,99/un"
Quadro Woopri Strengthan Heart,Dragon Ball,,"€12,99/un","€12,99/un"
Set de Expansão: Fortaleza Guardada - 71362,LEGO Super Mario,,"€39,99/un","€39,99/un"
Peluche com Lançador e Sons Boba Fett 30cm,Star Wars,,"€49,99/un","€49,99/un"
Figura Casa de Papel - Denver,Funko POP!,,"€15,99/un","€15,99/un"
Capacete de Luke Skywalker - 75327,LEGO Star Wars,,"€69,99/un","€69,99/un"
McLaren Senna GTR - 42123,LEGO Technic,,"€49,99/un","€49,99/un"
Harry Potter - Terrário,Harry Potter,,"€26,99/un","€26,99/un"
Mini Lâmpada Harry Potter - Hermione,Harry Potter,,"€14,99/un","€14,99/un"
Harry Potter - Varinha Mágica Draco Malfoy,Harry Potter,,"€34,99/un","€34,99/cm"
Harry Potter - Varinha Mágica Severus Snape,Harry Potter,,"€34,99/un","€34,99/cm"
Anime Heroes - Figura Zoro,Anime Heroes,,"€29,99/un","€29,99/un"
Limit Breaker Series - Goku,Dragon Ball,,"€26,99/un","€26,99/un"
Figura Casa de Papel - Helsinki,Funko POP!,,"€15,99/un","€15,99/un"
Figura Grande DC Comics Goo Jit Zu (vários modelos),Goo Jit Zu,,"€20,99/un","€20,99/un"
Monster Hunters - Repulsor Iron Man,Disney Avengers,,"€30,99/un","€30,99/un"
Sabre de Luz Eletrónico (vários modelos),Star Wars,,"€32,99/un","€32,99/un"
Figura Avengers - Hulk,Funko POP!,,"€15,99/un","€15,99/un"
Anime Heroes - Figura Minato,Naruto,,"€34,99/un","€34,99/un"
Anime Heroes - Figura Gaara,Naruto,,"€34,99/un","€34,99/un"
Harry Potter - Varinha Mágica Luna Lovegood,Harry Potter,,"€34,99/un","€34,99/cm"
Harry Potter - Varinha Mágica Bellatrix,Harry Potter,,"€34,99/un","€34,99/cm"
Figura Anime Heroes - Bakugo Katsuki,Bandai,,"€34,99/un","€34,99/un"
Soldados Clone da 501st Legion - 75280,LEGO Star Wars,,"€29,99/un","€29,99/un"
Manuseador de Material - 42144,LEGO Technic,,"€119,99/un","€119,99/un"
Multipack Adopt Me: Backyard BBQ,Roblox,,"€32,99/un","€32,99/un"
Pokémon Morpeko V Union Box,Pokémon,,"€49,99/un","€49,99/un"
Party Game - Adult Shits,Creative Toys,,"€29,99/un","€29,99/un"
Puzzle Naruto 500 Peças,Naruto,,"€14,99/un","€14,99/un"
Catan,Devir,,"€44,99/un","€44,99/un"
Harry Potter - Varinha Mágica Hermione Granger,Harry Potter,,"€34,99/un","€34,99/cm"
Stranger Things - Cápsulas Mágicas (vários modelos),Stranger Things,,"€14,99/un","€14,99/un"
Anime Heroes - Figura Luffy,Anime Heroes,,"€29,99/un","€29,99/un"
Puzzle 3D Castelo do Harry Potter 540 Peças,Ravensburger,,"€89,99/un","€89,99/un"
Capacete de Boba Fett - 75277,LEGO Star Wars,,"€59,99/un","€59,99/un"
Figura Harry Potter - Hedwig,Funko POP!,,"€15,99/un","€15,99/un"
Figura Fronzen 2 - Anna,Funko POP!,,"€15,99/un","€15,99/un"
Figura Marvel: What If… - Zombie Scarlet Witch,Funko POP!,,"€15,99/un","€15,99/un"
Figura A Pequena Sereia - Ariel,Disney,,"€27,99/un","€27,99/cm"
Figura Mickey&Minnie - Minnie,Disney Minnie,,"€27,99/un","€27,99/cm"
Figura Dragon Ball - Super Saiyan Vegeta Chosensh,Dragon Ball,,"€29,99/un","€29,99/un"
Figuras Bend and Flex - Missões (vários modelos),Disney Avengers,,"€17,99/un","€17,99/un"
Monopoly Dragon Ball-Z,Monopoly,,"€39,99/un","€39,99/un"
Figura Pokémon - Vulpix Goupix,Funko POP!,,"€46,99/un","€46,99/cm"
Figura WW 84 - Wonder Woman Flying,Funko POP!,,"€15,99/un","€15,99/un"
Jogo Vox Pop,Creative Toys,,"€29,99/un","€29,99/un"
Cluedo - Harry Potter,Hasbro Gaming,,"€42,99/un","€42,99/un"
Pack de Batalha Mandalorian - 75267,LEGO Star Wars,,"€11,99/un","€11,99/un"
Puzzle Harry Potter 1000 Peças,Clementoni,,"€14,99/un","€14,99/un"
X-Wing da Resistência - 75297,LEGO Star Wars,,"€19,99/un","€19,99/un"
Figuras dos Heróis Marvel (vários modelos),Marvel,,"€11,99/un","€11,99/un"
Pokémon Boltund V Box,Pokémon,,"€34,99/un","€34,99/un"
Harry Potter - Varinha Mágica Albus Dumbledore,Harry Potter,,"€34,99/un","€34,99/cm"
Figuras Médias Harry Potter (vários modelos),Harry Potter,,"€10,99/un","€10,99/un"
Escape Room,Concentra,,"€42,99/un","€42,99/un"
Party Game - Anonymous,Creative Toys,,"€7,99/un","€7,99/un"
Varinhas Projetoras (vários modelos),Harry Potter,,"€25,99/un","€25,99/un"
Figura Soul - Moonwind,Funko POP!,,"€15,99/un","€15,99/cm"
Figura Black Light - Homem-Formiga,Funko POP!,,"€18,99/un","€18,99/un"
I Wish I Didn't Know,Creative Toys,,"€34,99/un","€34,99/un"
Game Pack (vários modelos),Roblox,,"€22,99/un","€22,99/un"
Peluche Spidey 25cm,Marvel,,"€16,99/un","€16,99/un"
Candeeiro Batwing,Batman,,"€69,99/un","€69,99/un"
Cluedo Guerra dos Tronos,Cluedo,,"€39,99/un","€39,99/un"
Figura Soul - 22 (Grinning),Funko POP!,,"€15,99/un","€15,99/un"
Figura Toy Story 4 - Combat Carl Jr.,Funko POP!,,"€15,99/un","€15,99/un"
Figura Marvel: Infinity Warps - Madame Hel,Funko POP!,,"€15,99/un","€15,99/un"
Figura Marvel Zombies - Thor,Funko POP!,,"€15,99/un","€15,99/un"
Figura WW84 - Cheetah,Funko POP!,,"€15,99/un","€15,99/un"
Figura Matrix - Neo,Funko POP!,,"€15,99/un","€15,99/un"
Peluche Groot 28cm,Marvel,,"€49,99/un","€49,99/un"
Harry Potter - Comboio Hogwarts Express,Harry Potter,,"€42,99/un","€42,99/un"
Anime Heroes - Figura Sanji,Anime Heroes,,"€29,99/un","€29,99/un"
Limit Breaker Series - Goku,Dragon Ball,,"€26,99/un","€26,99/un"
Jogo Sequence Harry Potter,Goliath,,"€24,99/un","€24,99/un"
Figura The Batman - Batman e Batmobile,Funko POP!,,"€49,99/un","€49,99/un"
Figura Marvel - Black Widow,Funko POP!,,"€15,99/un","€15,99/un"
Harry Potter - Pack 2 Figuras (Luna e Cho Patronus),Harry Potter,,"€15,99/un","€15,99/un"
Caça Estelar Jedi de Obi-Wan Kenobi - 75333,LEGO Star Wars,,"€34,99/un","€34,99/un"
Mini Playset Harry Potter - Criaturas Mágicas,Harry Potter,,"€25,99/un","€25,99/un"
Figura The Mandalorian - Boba Fett sem Capacete,Funko POP!,,"€17,99/un","€17,99/cm"
Batmóvel com Figura Batman 1:24,Batman,,"€39,99/un","€39,99/un"
Figura Anime Heroes - Kakashi 17cm,Naruto,,"€34,99/un","€34,99/un"
Figura Dragon Ball - Super Sayan Gotenks,Dragon Ball,,"€29,99/un","€29,99/cm"
Pokémon Spring Tin M22 (vários modelos),Pokémon,,"€34,99/un","€34,99/un"
Stranger Things - Aventuras em Equipa,Clementoni,,"€19,99/un","€19,99/un"
Figura Anime Heroes - Uzamaki Naruto 17cm,Naruto,,"€34,99/un","€34,99/un"
Figura Star Wars - The Mandalorian,Funko POP!,,"€15,99/un","€15,99/un"
Figura Matrix - Trinity,Funko POP!,,"€15,99/un","€15,99/un"
Figura Avengers - Hulk,Disney Avengers,,"€32,99/un","€32,99/un"
Candeeiro Game Over,,,"€29,99/un","€29,99/un"
Harry Potter - Varinha Mágica Ron Weasley,Harry Potter,,"€34,99/un","€34,99/cm"
Quadro Goku e The Zfighters,Dragon Ball,,"€16,99/un","€16,99/un"
Candeeiro Dado - Dungeons na Dragons,,,"€34,99/un","€34,99/cm"
Venom - 76187,LEGO Marvel,,"€69,99/un","€69,99/un"
Figura Mickey&Minnie - Mickey Mouse,Disney Mickey,,"€27,99/un","€27,99/cm"
Rádio Controlo Batmobile Todo Terreno 1:15,Batman,,"€89,99/un","€89,99/un"
Batmóvel 1966 - 1:32,Batman,,"€14,99/un","€14,99/un"
The Voting Game - Edição Adulto,Creative Toys,,"€34,99/un","€34,99/un"
Pokémon Go - V Box,Pokémon,,"€34,99/un","€34,99/un"
Anime Heroes - Figura Naruto,Anime Heroes,,"€34,99/un","€34,99/un"
Puzzleball 3D Pokémon 72 Peças,Ravensburger,,"€21,99/un","€21,99/un"
Figura Imperial Palace - Superman,Funko POP!,,"€15,99/un","€15,99/un"
Figura Soul - Joe Gardner,Funko POP!,,"€15,99/un","€15,99/un"
Momento Hogwarts: Aula de Encantamentos - 76385,LEGO Harry Potter,,"€32,99/un","€32,99/un"
AT-ST - 75332,LEGO Star Wars,,"€34,99/un","€34,99/un"
Emboscada em Ferrix - 75338,LEGO Star Wars,,"€99,99/un","€99,99/un"
Arte Floral - 31207,LEGO Art,,"€69,99/un","€69,99/un"
Figura Anime Heroes - Naruto 13cm,Naruto,,"€34,99/un","€34,99/un"
Figura Harry Potter - Dobby,Funko POP!,,"€15,99/un","€15,99/un"
Jim Lee Kit - Batman Collection (31205),LEGO Art,,"€119,99/un","€119,99/un"
A Criança - 75318,LEGO Star Wars,,"€89,99/un","€89,99/un"
Pikachu Showcase,Pokémon,,"€25,99/un","€25,99/un"
Figura Dune - Baron Vladimir Harkonn,Funko POP!,,"€15,99/un","€15,99/un"
Figura Motu - Skeletor with Night Stalker,Funko POP!,,"€49,99/un","€49,99/un"
Figura The Godfather - Vito Corleone,Funko POP!,,"€15,99/un","€15,99/cm"
Diorama: O Ataque à Death Star - 75329,LEGO Star Wars,,"€69,99/un","€69,99/un"
Dixit,Mebo Games,,"€39,99/un","€39,99/un"
Harry Potter - Varinha Mágica Harry Potter,Harry Potter,,"€34,99/un","€34,99/cm"
Figura Marvel - Herói Titan (vários modelos),Marvel,,"€22,99/un","€22,99/un"
Figura Casa de Papel - Rio,Funko POP!,,"€15,99/un","€15,99/un"
Figura Soul - 22,Funko POP!,,"€15,99/un","€15,99/un"
Figura Marvel: Infinity Warps - Diamond Patch,Funko POP!,,"€15,99/un","€15,99/un"
Klask,Mebo Games,,"€69,99/un","€69,99/un"
O Starfighter N-1 do Mandalorian - 75325,LEGO Star Wars,,"€64,99/un","€64,99/un"
Ataque de Dark Trooper - 75324,LEGO Star Wars,,"€34,99/un","€34,99/un"
Figura Dragon Ball - Bulma II,Dragon Ball,,"€27,99/un","€27,99/cm"
Figura Dragon Ball - Future Super Sayan,Dragon Ball,,"€29,99/un","€29,99/cm"
Veículos com Funções (vários modelos),Roblox,,"€39,99/un","€39,99/un"
Pick Your Poison - Edição Adulto,Creative Toys,,"€34,99/un","€34,99/un"
Figura Limit Breakers - Cell Dragon Ball,Dragon Ball,,"€22,99/un","€22,99/un"
Set de Expansão: Avalanche de Bills Balázio - 71366,LEGO Super Mario,,"€23,99/un","€23,99/un"
Optimus Prime - 10302,LEGO Icons,,"€179,99/un","€179,99/un"
Batmóvel Metal 1:32 1989,Batman,,"€19,99/un","€19,99/un"
Figura Lion King - Luau Timon,Funko POP!,,"€15,99/un","€15,99/un"
Harry Potter - Pack 2 Figuras (Harry e Ginny Patronus),Harry Potter,,"€15,99/un","€15,99/un"
Ghostbusters ECTO-1 - 10274,LEGO Creator Expert,,"€239,99/un","€239,99/un"
Figura Marvel Zombies - Red Hulk,Funko POP!,,"€15,99/un","€15,99/cm"
Figura Dragon Ball - Super Sayan God Vegito,Dragon Ball,,"€29,99/un","€29,99/un"
Figura Masters of The Universe - Terror Claws Skeletor,Funko POP!,,"€15,99/un","€15,99/un"
Figura Star Wars: Mandalorian - Ahsoka,Funko POP!,,"€15,99/un","€15,99/un"
Capuz do Batman - 76182,LEGO Batman,,"€59,99/un","€59,99/un"
Pack 2 Figuras Harry Potter (Harry),Harry Potter,,"€15,99/un","€15,99/un"
Capacete de Darth Vader - 75304,LEGO Star Wars,,"€79,99/un","€79,99/un"
Carro de Corrida McLaren Fórmula 1 - 42141,LEGO Technic,,"€199,99/un","€199,99/un"
Ferrari Daytona SP3 - 42143,LEGO Technic,,"€449,99/un","€449,99/un"
Tóquio - 21051,LEGO Architecture,,"€66,99/un","€66,99/un"
Harry Potter - Varinha Mágica Albus Dumbledore,Harry Potter,,"€34,99/un","€34,99/cm"
A Casa Branca - 21054,LEGO Architecture,,"€99,99/un","€99,99/un"
Bugatti Chiron - 42083,LEGO Technic,,"€419,99/un","€419,99/un"
O Caminho do Humor,Clementoni,,"€29,99/un","€29,99/un"
Dragster - 42103,LEGO Technic,,"€15,99/un","€15,99/un"
Jogo Joker - 2ª Edição,Clementoni,,"€29,99/un","€29,99/un"
Jogo Harry Potter - Animais Fantásticos,Harry Potter,,"€36,99/un","€36,99/un"
Batmobile 1989 1:24,Batman,,"€46,99/un","€46,99/un"
Figura Marvel: What If… - Zombie Falcon,Funko POP!,,"€15,99/un","€15,99/un"
Obi-Wan Kenobi vs. Darth Vader - 75334,LEGO Star Wars,,"€49,99/un","€49,99/un"
Transporte Inquisidor Scythe - 75336,LEGO Star Wars,,"€99,99/un","€99,99/un"
Figura Masters of The Universe - Skeletor,Funko POP!,,"€39,99/un","€39,99/cm"
Conjunto Hermione,Harry Potter,,"€34,99/un","€34,99/un"
Peluche Harry Potter Quidditch 27cm,Harry Potter,,"€16,99/un","€16,99/un"
Figura Black Light - Thor,Funko POP!,,"€17,99/un","€17,99/un"
Figura Jurassic World - Dominion Oven Grady,Funko POP!,,"€15,99/un","€15,99/cm"
Pasta de Dentes Anti-Cáries,Colgate,emb. 2 x 75 ml,"€3,29/un","€21,93/lt"
Pasta de Dentes Tripla Ação,Colgate,emb. 2 x 75ml,"€3,29/un","€21,93/lt"
Pasta de Dentes Proteção Diária,Sensodyne,emb. 2 x 75 ml,"€5,44/un","€36,27/lt"
Pasta de Dentes Proteção Total Original,Colgate,emb. 2 x 75 ml,"€4,98/un","€33,20/lt"
Pasta de Dentes Branco Intenso,Aquafresh,emb. 2 x 75 ml,"€3,78/un","€25,20/lt"
Pasta de Dentes Repair & Protect,Sensodyne,emb. 75 ml,"€4,99/un","€66,53/lt"
Pasta de Dentes Branqueadora,Sensodyne,emb. 2 x 75 ml,"€5,44/un","€36,27/lt"
Pasta de Dentes Extra Fresh,Sensodyne,emb. 2 x 75 ml,"€5,44/un","€36,27/lt"
Pasta de Dentes Proteção Total Original,Colgate,emb. 75 ml,"€2,99/un","€39,87/lt"
Pasta de Dentes 1-2-3,Oral-B,emb. 75 ml,"€1,84/un","€24,53/lt"
Pasta de Dentes Max White Cristais Brancos,Colgate,emb. 75 ml,"€1,99/un","€26,53/lt"
Pasta de Dentes Multicare,Sensodyne,emb. 2 x 75 ml,"€5,44/un","€36,27/lt"
Pasta de Dentes Pro-Esmalte,Sensodyne,emb. 75 ml,"€3,74/un","€49,87/lt"
Pasta de Dentes Sensation Branqueador,Colgate,emb. 2 x 75 ml,"€3,49/un","€23,27/lt"
Pasta de Dentes Tripla Proteção Menta Fresca,Aquafresh,emb. 75 ml,"€1,79/un","€23,87/lt"
Pasta de Dentes Total Pro Gengivas Saudáveis,Colgate,emb. 75 ml,"€4,99/un","€66,53/lt"
Pasta de Dentes Proteção Total Branqueadora,Colgate,emb. 2 x 75 ml,"€4,98/un","€33,20/lt"
Pasta de Dentes Proteção Cáries,Aquafresh,emb. 75 ml,"€1,79/un","€23,87/lt"
Pasta de Dentes Plantas Protetora,Colgate,emb. 75 ml,"€2,49/un","€33,20/lt"
Pasta de Dentes Proteção Cáries Branqueadora,Aquafresh,emb. 2 x 75 ml,"€3,78/un","€25,20/lt"
Pasta de Dentes Intense Clean,Aquafresh,emb. 2 x 75 ml,"€4,29/un","€28,60/lt"
Pasta de Dentes Repair e Protect Branqueadora,Sensodyne,emb. 75 ml,"€4,99/un","€66,53/lt"
Pasta de Dentes Ação Completa,Sensodyne,emb. 75 ml,"€3,74/un","€49,87/lt"
Pasta de Dentes Sensibilidade e Gengivas,Sensodyne,emb. 75 ml,"€4,99/un","€66,53/lt"
Pasta de Dentes Pro-Expert Proteção Profissional,Oral-B,emb. 75 ml,"€2,99/un","€39,87/lt"
Pasta de Dentes Maxi Protect Caries Fresh,Colgate,emb. 75 ml,"€1,99/un","€26,53/lt"
"Pasta de Dentes Eucalipto, Lima e Menta",Aquafresh,emb. 75 ml,"€1,79/un","€23,87/lt"
Pasta de Dentes Multiaction,Aquafresh,emb. 2 x 75 ml,"€4,29/un","€28,60/lt"
Pasta de Dentes Sensitive Proteção Diária,Colgate,emb. 75 ml,"€3,24/un","€43,20/lt"
Pasta de Dentes Fresh Gel,Colgate,emb. 75 ml,"€2,49/un","€33,20/lt"
Pasta de Dentes Frescura Ativa,Colgate,emb. 75 ml,"€2,84/un","€37,87/lt"
Pasta de Dentes Super Branqueadora Max White Ultimate,Colgate,emb. 75 ml,"€9,74/un","€129,87/lt"
Pasta de Dentes Cuidado Branqueamento,Parodontax,emb. 75 ml,"€5,59/un","€74,53/lt"
Pasta de Dentes Pro-Expert Sensibilidade e Branqueamento,Oral-B,emb. 75 ml,"€2,99/un","€39,87/lt"
Pasta de Dentes Total Limpeza Interdentária,Colgate,emb. 75 ml,"€4,99/un","€66,53/lt"
Pasta de Dentes e Elixir Bocal 2 em 1 Menta Fresca,Theramed,emb. 75 ml,"€2,20/un","€29,33/lt"
"Pasta de Dentes Toranja, Limão e Menta",Aquafresh,emb. 75 ml,"€1,79/un","€23,87/lt"
Pasta de Dentes Sensibilidade e Gengivas Calm Original,Oral-B,emb. 75 ml,"€3,34/un","€44,53/lt"
Pasta de Dentes Cuidado Extra Fresco,Parodontax,emb. 75 ml,"€5,59/un","€74,53/lt"
Pasta de Dentes Branqueadora Max White Carvão,Colgate,emb. 75 ml,"€3,74/un","€49,87/lt"
Pasta de Dentes Anti-Tártaro Branqueadora,Colgate,emb. 75 ml,"€2,24/un","€29,87/lt"
Pasta de Dentes Herbal White,Colgate,emb. 75 ml,"€2,49/un","€33,20/lt"
Pasta de Dentes com Flúor e Cálcio Anti-Cáries,Colgate,emb. 125 ml,"€3,79/un","€30,32/lt"
Pasta de Dentes Active White,Aquafresh,emb. 125 ml,"€2,99/un","€23,92/lt"
Pasta de Dentes Cuidado Diário,Parodontax,emb. 75 ml,"€5,59/un","€74,53/lt"
Pasta de Dentes Gengivas,Sensodyne,emb. 75 ml,"€3,99/un","€53,20/lt"
Pasta de Dentes Max Fresh Cool Mint,Colgate,emb. 75 ml,"€3,09/un","€41,20/lt"
Pasta de Dentes Sensibilidade e Gengivas Branqueadora,Sensodyne,emb. 75 ml,"€4,99/un","€66,53/lt"
Pasta de Dentes Total Advanced Dentes Sensíveis,Colgate,emb. 75 ml,"€4,99/un","€66,53/lt"
Pasta de Dentes Anti-Cáries,Colgate,emb. 75 ml,"€2,24/un","€29,87/lt"
Pasta de Dentes Pro-Expert Limpeza Profunda,Oral-B,emb. 75 ml,"€2,99/un","€39,87/lt"
Pasta de Dentes Infantil Splash Morango 3 a 8 Anos,Aquafresh,emb. 75 ml,"€3,29/un","€43,87/lt"
Pasta de Dentes Gengivas + Dentes Sensíveis,Colgate Periogard,emb. 75 ml,"€5,59/un","€74,53/lt"
Pasta de Dentes Tripla Ação,Colgate,emb. 75 ml,"€2,24/un","€29,87/lt"
Pasta de Dentes Max White One Optic,Colgate,emb. 75 ml,"€3,34/un","€44,53/lt"
Pasta de Dentes Criança Proteção Total Junior 7 a 12 Anos,Colgate,emb. 50 ml,"€3,29/un","€65,80/lt"
Pasta de Dentes Gengivas Revitalizante Alivia Repara,Colgate,emb. 75 ml,"€2,89/un","€38,53/lt"
Pasta de Dentes e Elixir Bocal 2 em 1 Branqueador,Theramed,emb. 75 ml,"€2,20/un","€29,33/lt"
Pasta de Dentes Menta Suave,Aquafresh,emb. 75 ml,"€1,79/un","€23,87/lt"
Pasta de Dentes Max White One,Colgate,emb. 75 ml,"€3,34/un","€44,53/lt"
Pasta de Dentes e Elixir Bocal 2 em1 Original,Theramed,emb. 75 ml,"€2,20/un","€29,33/lt"
Pasta de Dentes Limpeza e Frescura,Sensodyne,emb. 75 ml,"€3,99/un","€53,20/lt"
Pasta de Dentes Naturals Carvão Vegetal,Colgate,emb. 75 ml,"€4,99/un","€66,53/lt"
Pasta de Dentes Ação Completa Branqueadora,Sensodyne,emb. 75 ml,"€3,74/un","€49,87/lt"
Pasta de Dentes Total Advanced Esmalte Saudável,Colgate,emb. 75 ml,"€4,99/un","€66,53/lt"
Pasta de Dentes Pro Expert Frescura,Oral-B,emb. 75 ml,"€2,99/un","€39,87/lt"
Pasta de Dentes Cuidado Intensivo Gengivas e Proteção Antibacteriana,Oral-B,emb. 75 ml,"€3,34/un","€44,53/lt"
Pasta de Dentes Naturals Herbal,Aquafresh,emb. 75 ml,"€1,79/un","€23,87/lt"
Pasta de Dentes Complete Elixir e Branqueamento,Oral-B,emb. 75 ml,"€2,24/un","€29,87/lt"
Pasta de Dentes 3D White Luxe Brilho Glamoroso,Oral-B,emb. 75 ml,"€3,34/un","€44,53/lt"
Pasta de Dentes Herbal,Sensodyne,emb. 75 ml,"€3,99/un","€53,20/lt"
Pasta de Dentes Gengivas + Branqueamento,Colgate Periogard,emb. 75 ml,"€5,59/un","€74,53/lt"
Pasta de Dentes 3D White Brancura Ártica,Oral-B,emb. 75 ml,"€2,99/un","€39,87/lt"
Pasta de Dentes Proteção Total Branqueadora,Colgate,emb. 75 ml,"€2,84/un","€37,87/lt"
Pasta de Dentes Branqueadora,Continente,emb. 125 ml,"€1,39/un","€11,12/lt"
Pasta de Dentes Herbal,Colgate,emb. 75 ml,"€2,49/un","€33,20/lt"
Pasta de Dentes Sensitive Multiproteção,Colgate,emb. 75 ml,"€2,59/un","€34,53/lt"
Pasta de Dentes Cuidado das Gengivas,Colgate Periogard,emb. 75 ml,"€5,59/un","€74,53/lt"
Pasta de Dentes Gengivas e Esmalte Repair Original,Oral-B,emb. 1 un,"€3,34/un","€44,53/lt"
Pasta de Dentes com Flúor,Sensodyne,emb. 75 ml,"€3,99/un","€53,20/lt"
Pasta de Dentes Gengivas e Esmalte Repair Branqueador,Oral-B,emb. 1 un,"€3,34/un","€44,53/lt"
Pasta de Dentes Naturals Frescura,Colgate,emb. 75 ml,"€4,99/un","€66,53/lt"
Pasta de Dentes Max White Expert White,Colgate,emb. 75 ml,"€4,09/un","€54,53/lt"
Pasta de Dentes Branqueadora,Sensodyne,emb. 75 ml,"€3,99/un","€53,20/lt"
Pasta de Dentes Complete Anti-cáries,Oral-B,emb. 75 ml,"€2,24/un","€29,87/lt"
Pasta de Dentes 3D White Luxe Perfeição,Oral-B,emb. 75 ml,"€3,34/un","€44,53/lt"
Pasta de Dentes Total,Colgate,emb. 3 x 19 ml,"€4,99/un","€83,17/lt"
Pasta de Dentes Hálito Fresco,Jordan,emb. 75 ml,"€2,03/un","€27,07/lt"
Pasta de Dentes Max White Argila,Colgate,emb. 75 ml,"€3,74/un","€49,87/lt"
Pasta de Dentes Branqueamento,Jordan,emb. 75 ml,"€2,02/un","€26,93/lt"
Pasta de Dentes Sensation,Colgate,emb. 75 ml,"€3,09/un","€41,20/lt"
Kit Viagem Escova e Pasta de Dentes,Colgate,emb. 1 un,"€4,99/un","€4,99/un"
Pasta de Dentes 3D White Luxe Pérola,Oral-B,emb. 75 ml,"€3,34/un","€44,53/lt"
Pasta de Dentes Anti-Cáries,Jordan,emb. 75 ml,"€2,02/un","€26,93/lt"
Pasta de Dentes Total Efeito Visível,Colgate,emb. 75 ml,"€4,99/un","€66,53/lt"
Pasta de Dentes Melancia,Aquafresh,emb. 75 ml,"€1,79/un","€2,39/un"
Pasta de Dentes Total Detox,Colgate,emb. 75 ml,"€2,84/un","€37,87/lt"
Pasta de Dentes 3D White Intensivo,Oral-B,emb. 75 ml,"€3,34/un","€44,53/lt"
Kit Viagem Escova de Dentes e Pasta de Dentes,Continente,emb. 2 x 25 ml,"€2,99/un","€59,80/lt"
Pasta de Dentes Carvão,Continente,emb. 125 ml,"€1,59/un","€12,72/lt"
Pasta de Dentes Gel Fresh,Continente,emb. 125 ml,"€1,39/un","€11,12/lt"
Pasta de Dentes Max White Ultra,Colgate,emb. 50 ml,"€3,94/un","€78,80/lt"
Pasta de Dentes Nourish Calmante,Sensodyne,emb. 75 ml,"€4,29/un","€57,20/lt"
Pasta de Dentes Sensitive,Continente,emb. 125 ml,"€1,39/un","€11,12/lt"
Pasta de Dentes Pure Active Cuidado Essencial,Oral-B,emb. 75 ml,"€2,99/un","€39,87/lt"
Pasta de Dentes Nourish Branco Saudável,Sensodyne,emb. 75 ml,"€4,29/un","€57,20/lt"
Pasta de Dentes Pure Active Cuidado Fresco,Oral-B,emb. 75 ml,"€2,99/un","€39,87/lt"
Pasta de Dentes Natural White com Carvão Ativo,Sensodyne,emb. 75 ml,"€3,99/un","€5,32/lt"
Pasta de Dentes Green Clean,Jordan,emb. 75 ml,"€2,43/un","€32,40/lt"
Escova de Dentes 1-2-3 Shiny Clean,Oral-B,emb. 4 un,"€3,74/un","€0,94/un"
Recarga Escova de Dentes Elétrica Cross Action,Oral-B,emb. 4 un,"€18,74/un","€4,69/un"
Escova de Dentes Triple Action Média,Colgate,emb. 4 un,"€3,69/un","€0,92/un"
Escova de Dentes Criança Minions &Trolls 2 a 6 Anos,Colgate,emb. 2 un,"€3,49/un","€3,49/un"
Escova de Dentes Suave,Continente,emb. 3 un,"€0,99/un","€0,33/un"
Recarga Escova de Dentes Elétrica Cross Action,Oral-B,emb. 2 un,"€11,24/un","€5,62/un"
Escova de Dentes Média,Continente,emb. 3 un,"€0,99/un","€0,33/un"
Escova de Dentes 3D White Brilho Média,Colgate,emb. 2 un,"€2,99/un","€2,99/un"
Escova de Dentes Multicare Média,Sensodyne,emb. 1 un,"€2,99/un","€1,50/un"
Escova de Dentes 360 Suave,Colgate,emb. 1 un,"€4,39/un","€4,39/un"
Recarga Escova de Dentes Elétrica Sensitive Clean,Oral-B,emb. 2 un,"€11,24/un","€5,62/un"
Recarga Escova de Dentes Elétrica Kids Stages + 3 Anos,Oral-B,emb. 2 un,"€7,49/un","€3,75/un"
Escova de Dentes Interdental Média,Aquafresh,emb. 1 un,"€1,79/un","€1,79/un"
Recarga Escova de Dentes Elétrica Precision Clean,Oral-B,emb. 2 un,"€10,49/un","€5,25/un"
Escova de Dentes Zig Zag Suave Leve 3 Pague 2,Colgate,emb. 3 un,"€3,99/un","€2,00/un"
Escova de Dentes Interdental Média,Aquafresh,emb. 3 un,"€3,19/un","€1,60/un"
Escova de Dentes Suave Batman & Wonder Woman + 6 Anos,Colgate,emb. 2 un,"€3,49/un","€3,49/un"
Escova de Dentes Bebé 0 a 2 Anos,Jordan,emb. 1 un,"€2,43/un","€2,43/un"
Escova de Dentes Advance Suave Kids 9 a 12 Anos,Aquafresh,emb. 1 un,"€2,29/un","€2,29/un"
Escova de Dentes Elétrica Stages Criança + 3 Anos,Oral-B,emb. 1 un,"€21,74/un","€21,74/un"
Recarga Escova de Dentes Elétrica 3D White,Oral-B,emb. 2 un,"€11,24/un","€5,62/un"
Escova de Dentes Clean Smile Suave,Jordan,emb. 3 un,"€2,99/un","€1,00/un"
Escova de Dentes Gengivas Suave,Sensodyne,emb. 1 un,"€2,99/un","€2,99/un"
Escova de Dentes Limpeza Flexível,Aquafresh,emb. 3 un,"€2,59/un","€1,30/un"
Escova de Dentes Premium Média,Continente,emb. 2 un,"€1,49/un","€0,75/un"
Recarga Escova Elétrica Total Clean,Continente,emb. 2 un,"€5,99/un","€3,00/un"
Escova de Dentes 360 Expert White Média,Colgate,emb. 1 un,"€2,58/un","€2,58/un"
Escova de Dentes Tripla Proteção Média,Aquafresh,emb. 2 un,"€2,39/un","€2,39/un"
Escova de Dentes Premium Suave,Continente,emb. 2 un,"€1,49/un","€0,75/un"
Escova de Dentes Elétrica Kids Minions,Colgate,emb. 1 un,"€9,49/un","€9,49/un"
Escova de Dentes Bambu Suave,Continente,emb. 1 un,"€1,99/un","€1,99/un"
Escova de Dentes de Leite 3 a 5 Anos,Aquafresh,emb. 1 un,"€2,29/un","€2,29/un"
Escova de Dentes Zig Zag Media,Colgate,emb. 3 un,"€3,99/un","€2,00/un"
Escova de Dentes Extra Clean Média,Colgate,emb. 2 un,"€2,29/un","€1,15/un"
Escova de Dentes Limpeza e Frescura Suave,Sensodyne,emb. 1 un,"€2,99/un","€2,99/un"
Escova de Dentes Interdental Suave,Continente,emb. 2 un,"€1,99/un","€1,00/un"
Escova de Dentes Cuidado das Gengivas,Colgate Periogard,emb. 1 un,"€4,39/un","€4,39/un"
Escova de Dentes Sustentável Bambu Suave,Colgate,emb. 1 un,"€3,99/un","€3,99/un"
Escova de Dentes Green Clean Suave,Jordan,emb. 1 un,"€2,99/un","€2,99/un"
Escova de Dentes Criança 3 a 5 Anos,Jordan,emb. 1 un,"€2,43/un","€2,43/un"
Escova de Dentes Gengivas e Dentes Suave,Parodontax,emb. 1 un,"€3,24/un","€3,24/un"
Escova de Dentes Repair&Protect Suave,Sensodyne,emb. 1 un,"€3,19/un","€3,19/un"
Escova de Dentes Sensibilidade e Gengivas Suave,Sensodyne,emb. 1 un,"€3,19/un","€3,19/un"
Escova de Dentes Complete 5 Benefícios Média,Oral-B,emb. 2 un,"€2,89/un","€1,45/un"
Escova de Dentes Interdental Média,Aquafresh,emb. 1 un,"€2,39/un","€2,39/un"
Escova de Dentes 360 Média,Colgate,emb. 1 un,"€4,39/un","€4,39/un"
Escova de Dentes Criança 6 a 9 Anos,Jordan,emb. 1 un,"€2,43/un","€2,43/un"
Escova de Dentes Green Clean Média,Jordan,emb. 1 un,"€2,99/un","€2,99/un"
Escova de Dentes Interdental Média,Continente,emb. 2 un,"€1,99/un","€1,00/un"
Escova de Dentes Expert Clean Suave,Parodontax,emb. 1 un,"€3,29/un","€3,29/un"
Escova de Dentes 360 Advanced Média,Colgate,emb. 1 un,"€4,99/un","€4,99/un"
Escova de Dentes e Gengivas Suave,Jordan,emb. 2 un,"€2,99/un","€1,50/un"
Escova de Dentes Elétrica Clean Smile,Jordan,emb. 1 un,"€25,99/un","€25,99/un"
Escova de Dentes Ultimate You Média,Jordan,emb. 4 un,"€3,99/un","€1,00/un"
Escova de Dentes Green Clean Criança 5 a 10 Anos,Jordan,emb. 1 un,"€2,99/un","€2,99/un"
Escova de Dentes Efeito Branqueador Média,Continente,emb. 2 un,"€1,49/un","€0,75/un"
Escova de Dentes White Média,Jordan,emb. 2 un,"€2,99/un","€1,50/un"
Escova de Dentes Complete 5 Benefícios Média,Oral-B,emb. 1 un,"€1,64/un","€1,64/un"
Escova de Dentes Limpeza Interdental Suave,Parodontax,emb. 1 un,"€3,29/un","€3,29/un"
Escova de Dentes Recyclean,Colgate,emb. 1 un,"€3,99/un","€3,99/un"
Recarga Escova Dentes Elétrica Sensitive Comfort,Continente,emb. 2 un,"€5,99/un","€3,00/un"
Escova de Dentes Pilhas 360 Floss Tip Média,Colgate,emb. 1 un,"€4,54/un","€4,54/un"
Escova de Dentes 3D White Brilho Radiante,Oral-B,emb. 1 un,"€1,64/un","€1,64/un"
Escova de Dentes Pilhas Pro-Expert Pulsar Média,Oral-B,emb. 1 un,"€4,19/un","€4,19/un"
Escova de Dentes 360 Advanced Média,Colgate,emb. 1 un,"€4,99/un","€4,99/un"
Escova de Dentes Efeito Branqueador Suave,Continente,emb. 1 un,"€1,49/un","€0,75/un"
Escova de Dentes para Próteses,Continente,emb. 1 un,"€1,79/un","€1,79/un"
Recargas Escova de Dentes 360º Floss Tip Média,Colgate,emb. 2 un,"€9,99/un","€5,00/un"
Escova de Dentes Multicare Média,Sensodyne,emb. 1 un,"€2,24/un","€2,24/un"
Escova de Dentes Expert Clean Média,Jordan,emb. 1 un,"€3,99/un","€3,99/un"
Escova de Dentes Clean Suave,Jordan,emb. 1 un,"€2,99/un","€2,99/un"
Escova de Dentes Limpeza Flexível Média,Aquafresh,emb. 1 un,"€1,49/un","€1,49/un"
Escova de Dentes Clean Média,Jordan,emb. 1 un,"€2,99/un","€2,99/un"
Escova de Dentes Clean Smile Suave,Jordan,emb. 1 un,"€1,59/un","€1,59/un"
Escova de Dentes Complete Protection Média,Sensodyne,emb. 1 un,"€3,19/un","€3,19/un"
Escova de Dentes Max Fresh Média,Colgate,emb. 2 un,"€2,99/un","€2,99/un"
Recarga Escova de Dentes Elétrica Sensitive,Jordan,emb. 2 un,"€8,95/un","€4,48/un"
Recarga Escova de Dentes Elétrica Clean,Jordan,emb. 2 un,"€8,95/un","€4,48/un"
Escova de Dentes Rapid Action,Sensodyne,emb. 1 un,"€3,19/un","€3,19/un"
Escova de Dentes Cuidado Delicado,Parodontax,emb. 1 un,"€3,29/un","€3,29/un"
Escova de Dentes Expert Clean Sauve,Jordan,emb. 1 un,"€3,99/un","€3,99/un"
Recarga Escova de Dentes Elétrica Green Clean,Jordan,emb. 2 un,"€9,95/un","€4,98/un"
Recarga Escova de Dentes Elétrica Whitening,Jordan,emb. 2 un,"€8,95/un","€4,48/un"
Escova de Dentes Júnior Suave 6 a 9 Anos,Aquafresh,emb. 1 un,"€2,29/un","€2,29/un"
Escova de Dentes Elétrica Vitality Pro Branca,Oral-B,emb. 1 un,"€25,49/un","€25,49/un"
Escova de Dentes Elétrica Vitality Pro Preta,Oral-B,emb. 1 un,"€25,49/un","€25,49/un"
Escova Elétrica Kids Frozen com Estojo + 3 Anos,Oral-B,emb. 1 un,"€30,99/un","€30,99/un"
Escova Elétrica Kids Cars com Estojo + 3 Anos,Oral-B,emb. 1 un,"€23,24/un","€23,24/un"
Escova de Dentes Elétrica Pro 3 Branca,Oral-B,emb. 1 un,"€59,99/un","€59,99/un"
Escova de Dentes Total Média,Colgate,emb. 2 un,"€3,99/un","€3,99/un"
"Escova de Dentes Elétrica Vitality Pro, Pasta de Dentes e Elixir",Oral-B,emb. 1 un,"€33,99/un","€33,99/un"
"Escova de Dentes Elétrica Pro 1, Pasta de Dentes e Elixir",Oral-B,emb. 1 un,"€44,99/un","€44,99/un"
Escova de Dentes Pilhas Kids Cars & Princess,Oral-B,emb. 1 un,"€9,74/un","€9,74/un"
Escova de Dentes Elétrica Sonicare Série 1000,Philips,emb. 1 un,"€27,99/un","€27,99/un"
Escova de Dentes Elétrica Pro 1 Preta e Estojo,Oral-B,emb. 1 un,"€36,74/un","€36,74/un"
Escova de Dentes Elétrica Vitality Pro Lilás,Oral-B,emb. 1 un,"€25,49/un","€25,49/un"
Escova de Dentes e 4 Recargas Green Change Suave,Jordan,emb. 1 un + 4 un,"€4,99/un","€4,99/un"
Escova de Dentes Ultralite Soft,Jordan,emb. 2 un,"€2,99/un","€2,99/un"
Escova de Dentes Ultralite Medium,Jordan,emb. 2 un,"€2,99/un","€2,99/un"
Elixir Bucal Dentes e Gengivas,Listerine,emb. 1 lt,"€8,99/un","€8,99/lt"
Elixir Bucal Tripla Ação,Colgate,emb. 500 ml,"€4,99/un","€9,98/lt"
Elixir Bucal Intense Clean Energy Fresh,Aquafresh,emb. 500 ml,"€4,99/un","€9,98/lt"
Elixir Bucal Total Care,Listerine,emb. 1 lt,"€9,89/un","€9,89/lt"
Elixir Bucal Cool Mint,Sensodyne,emb. 500 ml,"€5,99/un","€11,98/lt"
Elixir Bucal Mentol,Listerine,emb. 1 lt,"€8,99/un","€8,99/lt"
Elixir Bucal Pro-Expert Limpeza Profunda,Oral-B,emb. 500 ml,"€4,49/un","€8,98/lt"
Elixir Bucal Extra Fresh,Parodontax,emb. 500 ml,"€6,59/un","€13,18/lt"
Elixir Bucal Plax Menta Suave,Colgate,emb. 500 ml,"€6,49/un","€12,98/lt"
Elixir Bucal Max White Instant,Colgate,emb. 500 ml,"€4,54/un","€9,08/lt"
Elixir Bucal Multi Action,Aquafresh,emb. 500 ml,"€5,49/un","€10,98/lt"
Elixir Bucal Plax Tea & Lemon,Colgate,emb. 500 ml,"€6,49/un","€12,98/lt"
Elixir Bucal Cuidado das Gengivas,Colgate Periogard,emb. 400 ml,"€6,49/un","€16,23/lt"
Elixir Bucal Pro-Expert Proteção Profissional,Oral-B,emb. 500 ml,"€4,49/un","€8,98/lt"
Elixir Bucal Suave Dentes e Gengivas,Listerine,emb. 1 lt,"€8,99/un","€8,99/lt"
Elixir Bucal Total Care,Listerine,emb. 500 ml,"€6,49/un","€12,98/lt"
Elixir Bucal Advanced White Sabor Suave,Listerine,emb. 1 lt,"€9,89/un","€9,89/lt"
Elixir Bucal Fresh Mint,Parodontax,emb. 500 ml,"€6,59/un","€13,18/lt"
Elixir Bucal 3D White Luxe Brilho Glamoroso,Oral-B,emb. 500 ml,"€4,49/un","€8,98/lt"
Elixir Bucal Mentol,Listerine,emb. 250 ml,"€3,99/un","€15,96/lt"
Elixir Bucal Dentes e Gengivas,Listerine,emb. 250 ml,"€3,99/un","€15,96/lt"
Elixir Bucal Total Care,Listerine,emb. 95 ml,"€1,99/un","€20,95/lt"
Elixir Bucal 12 Horas Pro-Guard,Colgate,emb. 500 ml,"€6,99/un","€13,98/lt"
Elixir Bucal Branqueador Plax Carvão,Colgate,emb. 500 ml,"€6,99/un","€13,98/lt"
Elixir Bucal Total Care,Listerine,emb. 500 ml,"€6,49/un","€12,98/lt"
Elixir Bucal Nightly Reset,Listerine,emb. 400 ml,"€4,54/un","€11,35/lt"
Elixir Bucal Anti-Cáries,Listerine,emb. 500 ml,"€6,49/un","€12,98/lt"
Elixir Bucal Advanced Anti-Tártaro,Listerine,emb. 500 ml,"€4,54/un","€9,08/lt"
Elixir Bucal Dentes e Gengivas,Listerine,emb. 500 ml,"€5,99/un","€11,98/lt"
Elixir Bucal Advanced Defence Tratamento Gengival,Listerine,emb. 500 ml,"€6,49/un","€12,98/lt"
Elixir Bucal Naturals Proteção do Esmalte,Listerine,emb. 500 ml,"€6,49/un","€12,98/lt"
Elixir Bucal Advanced White Sabor Suave,Listerine,emb. 500 ml,"€6,49/un","€12,98/lt"
Elixir Bucal Branqueador,Continente,emb. 500 ml,"€1,69/un","€3,38/lt"
Elixir Bucal Total Care,Continente,emb. 500 ml,"€1,29/un","€2,58/lt"
Elixir Bucal Dentes e Gengivas,Continente,emb. 500 ml,"€1,49/un","€2,98/lt"
Elixir Bucal Anti-Cáries,Continente,,"€2,49/un","€2,49/lt"
Fio Dentário Expansivo 50 m,Sensodyne,emb. 1 un,"€3,49/un","€0,07/m"
Fita Dentária com Cera 25m,Continente,emb. 1 un,"€1,25/un","€0,05/m"
Fita Dentária Suave 50 m,Sensodyne,emb. 1 un,"€3,49/un","€0,07/m"
Fio Dentário Menta 100 m,Continente,emb. 1 un,"€1,05/un","€0,01/m"
Fio Dentário 3 em 1,Jordan,emb. 36 un,"€4,99/un","€0,50/un"
Fio Dentário 3D White Luxe 35m,Oral-B,emb. 1 un,"€2,39/un","€0,07/m"
Escovilhão Interdental,Continente,emb. 5 un,"€1,25/un","€0,25/un"
"Escovilhão Interdental Cónico 1,3 mm",Continente,emb. 5 un,"€1,25/un","€0,25/un"
Escovilhão Interdental Brush M,Jordan,emb. 1 un,"€5,99/un","€5,99/un"
Fio Dentário Flossers,Continente,emb. 64 un,"€1,49/un","€0,02/un"
Escovilhão Interdental Brush L,Jordan,emb. 1 un,"€5,99/un","€5,99/un"
Fio Dentário Expansivo Menta 60m,Continente,emb. 1 un,"€1,29/un","€1,29/m"
Pastilhas Limpeza de Próteses Dentárias Oxigénio Ativo,Polident,emb. 48 un,"€4,16/un","€4,16/un"
Creme Fixador Próteses Dentárias,Polident,emb. 70 gr,"€5,54/un","€79,14/kg"
Creme Fixador Próteses Dentárias,Continente,emb. 40 gr,"€3,09/un","€77,25/kg"
Pastilhas Limpeza de Próteses Dentárias Branqueadoras,Polident,emb. 30 un,"€3,65/un","€0,12/un"
Creme Fixador Próteses Dentárias,Polident,emb. 2 x 40 gr,"€9,79/un","€122,38/kg"
Creme Gengivas,Polident,emb. 40 gr,"€6,99/un","€174,75/kg"
Pastilhas Limpeza de Aparelhos Dentários,Polident,emb. 30 un,"€5,55/un","€5,55/un"
Pastilhas Limpeza de Próteses Dentárias Oxigénio Ativo,Continente,emb. 36 un,"€2,99/un","€0,08/un"
Escova de Dentes Criança Minions &Trolls 2 a 6 Anos,Colgate,emb. 2 un,"€3,49/un","€3,49/un"
Pasta de Dentes Pro-Esmalte Júnior 6 a 12 Anos,Sensodyne,emb. 50 ml,"€2,84/un","€56,80/lt"
Pasta de Dentes Júnior 6 a 9 Anos,Aquafresh,emb. 50 ml,"€2,89/un","€57,80/lt"
Pasta de Dentes Dentes de Leite 1 a 5 Anos,Aquafresh,emb. 50 ml,"€2,89/un","€57,80/lt"
Pasta de Dentes Stages Criança + 3 Anos,Oral-B,emb. 75 ml,"€2,59/un","€34,53/lt"
Recarga Escova de Dentes Elétrica Kids Stages + 3 Anos,Oral-B,emb. 2 un,"€7,49/un","€3,75/un"
Pasta de Dentes e Elixir Bucal Júnior 2 em 1 + 6 Anos,Theramed,emb. 75 ml,"€2,20/un","€29,33/lt"
Escova de Dentes Bebé 0 a 2 Anos,Jordan,emb. 1 un,"€2,43/un","€2,43/un"
Pasta de Dentes Advance Kids 9 a 12 Anos,Aquafresh,emb. 75 ml,"€3,29/un","€43,87/lt"
Pasta de Dentes Criança Proteção Total Junior 7 a 12 Anos,Colgate,emb. 50 ml,"€3,29/un","€65,80/lt"
Escova de Dentes Suave Batman & Wonder Woman + 6 Anos,Colgate,emb. 2 un,"€3,49/un","€3,49/un"
Pasta de Dentes Menta Kids 6 a 9 Anos,Colgate,emb. 50 ml,"€2,89/un","€57,80/lt"
Pasta de Dentes Criança 0 a 5 Anos,Jordan,emb. 75 ml,"€2,99/un","€39,87/lt"
Escova de Dentes Júnior + 6 Anos,Continente,emb. 2 un,"€0,99/un","€0,50/un"
Elixir Bucal Júnior 6 a 12 Anos,Aquafresh,emb. 300 ml,"€3,79/un","€12,63/lt"
Escova de Dentes Advance Suave Kids 9 a 12 Anos,Aquafresh,emb. 1 un,"€2,29/un","€2,29/un"
Pasta de Dentes Júnior 1 a 6 Anos,Theramed,emb. 50 ml,"€2,20/un","€44,00/lt"
Escova de Dentes Elétrica Kids Minions,Colgate,emb. 1 un,"€9,49/un","€9,49/un"
Pasta de Dentes Júnior 6 a 12 Anos,Jordan,emb. 50 ml,"€2,99/un","€59,80/lt"
Escova de Dentes Elétrica Stages Criança + 3 Anos,Oral-B,emb. 1 un,"€21,74/un","€21,74/un"
Escova de Dentes de Leite 3 a 5 Anos,Aquafresh,emb. 1 un,"€2,29/un","€2,29/un"
Pasta de Dentes Animal Gang Kids + 3 Anos,Colgate,emb. 50 ml,"€2,89/un","€57,80/lt"
Escova de Dentes Criança 3 a 5 Anos,Jordan,emb. 1 un,"€2,43/un","€2,43/un"
Escova de Dentes Criança 6 a 9 Anos,Jordan,emb. 1 un,"€2,43/un","€2,43/un"
Escova de Dentes Green Clean Criança 5 a 10 Anos,Jordan,emb. 1 un,"€2,99/un","€2,99/un"
Escova de Dentes Júnior Suave 6 a 9 Anos,Aquafresh,emb. 1 un,"€2,29/un","€2,29/un"
Escova Elétrica Kids Frozen com Estojo + 3 Anos,Oral-B,emb. 1 un,"€30,99/un","€30,99/un"
Escova Elétrica Kids Cars com Estojo + 3 Anos,Oral-B,emb. 1 un,"€23,24/un","€23,24/un"
Escova de Dentes Criança 2 - 6 Anos,Continente,emb. 2 un,"€0,99/un","€0,50/un"
Escova de Dentes Pilhas Kids Cars & Princess,Oral-B,emb. 1 un,"€9,74/un","€9,74/un"
Yämmi 2 XL,Yämmi,1 un,"€449,00/un","€449,00/un"
Yämmi 2 Upgrade,Yämmi,1 un,"€299,00/un","€299,00/un"
Yämmi 2 XL White Edição Mamãs e Bebés,Yämmi,1 un,"€499,00/un","€499,00/un"
Yämmi 2 Edição À Portuguesa,Yämmi,1 un,"€499,00/un","€499,00/un"
Yämmi 2 Edição Fitness,Yämmi,1 un,"€499,00/un","€499,00/un"
Yämmi 2 XL White,Yämmi,1 un,"€599,00/un","€599,00/un"
Bandeja de Vapor,Yämmi,1 un,"€39,00/un","€39,00/un"
Tampa Panela XL White,Yämmi,1 un,"€34,00/un","€34,00/un"
Panela XL White,Yämmi,1 un,"€84,00/un","€84,00/un"
Misturador,Yämmi,1 un,"€9,00/un","€9,00/un"
Botão Multifunções,Yämmi,1 un,"€6,00/un","€6,00/un"
Espátula,Yämmi,1 un,"€8,00/un","€8,00/un"
Panela XL,Yämmi,1 un,"€79,00/un","€79,00/un"
Copo Medidor,Yämmi,1 un,"€10,00/un","€10,00/un"
Tampa Copo,Yämmi,1 un,"€19,00/un","€19,00/un"
Pés Yämmi 2,Yämmi,4 un,"€3,00/un","€3,00/un"
Saco de Transporte,Yämmi,1 un,"€39,00/un","€39,00/un"
Cesto,Yämmi,1 un,"€9,00/un","€9,00/un"
Bandeja de Vapor White,Yämmi,1 un,"€44,00/un","€44,00/un"
Peça Encaixe Motor Yämmi 2,Yämmi,1 un,"€4,00/un","€4,00/un"
Cesto XL,Yämmi,1 un,"€12,00/un","€12,00/un"
Conjunto Panela XL White com Tampa e Cesto,Yämmi,1 un,"€104,00/un","€104,00/un"
Tabuleiro Grande Bandeja Vapor,Yämmi,1 un,"€19,00/un","€19,00/un"
Tampa Panela XL,Yämmi,1 un,"€29,00/un","€29,00/un"
Tabuleiro Grande Bandeja Vapor White,Yämmi,1 un,"€19,00/un","€19,00/un"
Tampa Bandeja Vapor,Yämmi,1 un,"€19,00/un","€19,00/un"
Tabuleiro Pequeno Bandeja Vapor White,Yämmi,1 un,"€11,00/un","€11,00/un"
Tabuleiro Pequeno Bandeja Vapor,Yämmi,1 un,"€11,00/un","€11,00/un"
Tranca Lâmina,Yämmi,1 un,"€5,00/un","€5,00/un"
Anel Vedante Lâmina,Yämmi,1 un,"€4,00/un","€4,00/un"
Yämmi para Mamãs e Bebés,Yämmi,,"€15,40/un","€15,40/un"
Cozinhar à Portuguesa com o Chef Hélio Loureiro,Yämmi,,"€19,80/un","€19,80/un"
"É Doce, é Yämmi",Yämmi,,"€10,62/un","€10,62/un"
"Super Rápido, Super Yämmi",Yämmi,,"€8,85/un","€8,85/un"
A Vida é Yämmi,Yämmi,,"€10,62/un","€10,62/un"
Yämmi - Receitas Essenciais,Yämmi,,"€21,51/un","€21,51/un"
Simples e Yämmi,Yämmi,,"€15,93/un","€15,93/un"
Vegetariano Flexível,Yämmi,,"€19,71/un","€19,71/un"
