Nome,Preço,Preço Antigo,PpU,PpU Antigo
NIVEA Creme Hidratante  250 ml,"5,59 €",,"22,36 €/l",
TAMPAX Tampões Compak Super 20 Un,"2,99 €",,"0,15 €/ud",
TAMPAX Tampões Compak Normal 22 Un,"2,99 €",,"0,14 €/ud",
SUNSILK Laca Cabelos Normais 300 ml,"4,49 €","5,99 €","14,97 €/l","19,97 €/l"
DIA BONTÉ Pensos Higiénicos Ultra Noite Com Abas 10 Un,"1,41 €",,"0,14 €/ud",
DIA LA LLAMA Lenços de Papel Faciais Extra Suave 2 Folhas 150 Un,"1,15 €",,"1,15 €/ud",
DIA BONTÉ Pensos Incontinência Normal 24 Un,"3,54 €",,"0,15 €/ud",
BIC Lâminas Descartáveis 3 4 Un,"3,08 €",,"0,77 €/ud",
DIA BONTÉ Tampão Digital Normal 32 un,"2,15 €",,"0,07 €/ud",
DIA BONTÉ Tampão Digital Super 32 un,"2,15 €",,"0,07 €/ud",
ULTRA SUAVE Champô Camomila 250 ml,"2,15 €",,"8,60 €/l",
EVAX Penso Higiénico Fina E Segura Normal 16 Un,"1,69 €","1,99 €","0,11 €/ud","0,12 €/ud"
COLGATE Pasta de Dentes Dentagard 75 ml,"2,49 €",,"33,20 €/l",
FRUCTIS Espuma de Cabelo Style Hidra Caracóis 200 ml,"4,99 €",,"24,95 €/l",
COLGATE Dentífrico Sensation Branqueador 75 ml,"2,00 €",,"26,67 €/l",
DOVE Sabonete Líquido Original 250 ml,"3,99 €",,"15,96 €/l",
NUTRISSE Coloração Preto N1 1 un,"6,16 €",,"6,16 €/ud",
DIA BONTÉ Óleo Corpo Aloé Vera 500 ml,"3,19 €",,"6,38 €/l",
DEMAK'UP Discos Desmaquilhantes Redondos Expert 70 un,"1,79 €",,"1,79 €/ud",
NIVEA Desodorizante Roll-On Dry Comfort 50 ml,"2,99 €",,"59,80 €/l",
PALMOLIVE Sabonete Líquido Leite & Mel 300 ml,"3,79 €",,"12,63 €/l",
LINIC Champô Controlo de Oleosidade 225 ml,"3,36 €",,"14,93 €/l",
EVAX Penso Higiénico Odorfresh 12 un,"2,59 €",,"0,22 €/ud",
REXONA Desodorizante Spray Cobalt Homem 150 ml,"4,49 €",,"22,45 €/l",
DETTOL Sabonete Líquido Hidratante Aloé Vera 250 ml,"3,99 €",,"15,96 €/l",
EXCELLENCE Coloração Castanho Claro N5 1 un,"11,99 €",,"11,99 €/ud",
EXCELLENCE Coloração Permanente Excellence Creme Louro 7.0 1 Un,"11,99 €",,"11,99 €/ud",
EXCELLENCE Coloração Louro Claro Cendré N8.1 1 un,"11,99 €",,"11,99 €/ud",
DIA BONTÉ Penso Incontinência Extra 20 Un,"3,54 €",,"0,18 €/ud",
SENSODYNE Dentífrico Para Proteção Diária 75 ml,"3,99 €",,"53,20 €/l",
NIVEA MEN Deo Spray Impact 200 ml,"2,99 €",,"14,95 €/l",
REXONA Desodorizante Roll-On Cobalt Homem 50 ml,"4,49 €",,"89,80 €/l",
DIA LA LLAMA Lenços de Papel Caixa 3 Folhas 60 Un,"1,35 €",,"1,35 €/ud",
TENA Pants Cuecas Incontinência Unisexo Plus (Tamanho L) 14 Un,"12,59 €",,"0,90 €/ud",
TENA Pants Cuecas Incontinência Unisexo Plus (Tamanho M) 14 Un,"11,24 €",,"0,80 €/ud",
DIA BONTÉ Body Milk Nutritivo 500 ml,"2,69 €",,"5,38 €/l",
DIA BONTÉ Body Milk Hidratante 500 ml,"2,69 €",,"5,38 €/l",
DIA BONTÉ Escova de Dentes Massagem Média 1 Un,"1,29 €",,"1,29 €/ud",
DIA BONTÉ Escova De Dentes Suave Everyday  4 un,"1,95 €",,"0,49 €/ud",
NATURAL HONEY Gel de Banho Skin Care Extra Hidratante 750 ml,"5,69 €",,"8,43 €/l",
DOVE Creme Corpo Intensivo 150 ml,"2,59 €","3,99 €","17,27 €/l","26,60 €/l"
L'ORÉAL Creme de Rosto Men Expert Hydra Energetic 50 ml,"8,39 €","11,99 €","167,80 €/l","239,80 €/l"
DOVE Recarga Sabonete Líquido Original 500 ml,"4,99 €",,"9,98 €/l",
DIA BONTÉ Pants Incontinência Pants Médio 14 Un,"10,89 €",,"0,78 €/ud",
DIA BONTÉ Pants Incontinência Pants Grande 14 Un,"10,99 €",,"0,79 €/ud",
DIADERMINE Creme de Dia Hidratante Peles Normais 50 ml,"9,99 €",,"199,80 €/l",
FENO DE PORTUGAL Sabonete Sólido Regular 4x90 g,"3,89 €",,"10,81 €/Kg",
DIA BONTÉ Escova Dentes X-Action Suave  2 Un,"1,49 €",,"0,75 €/ud",
DIA BONTÉ Escova Dentes X-Action Média 2 Un,"1,19 €",,"0,60 €/ud",
ULTRA SUAVE Champô Abacate/Karité 250 ml,"2,15 €",,"8,60 €/l",
ULTRA SUAVE Condicionador Camomila Cabelos Louros 200 ml,"2,15 €",,"10,75 €/l",
GILLETTE Gel de Barbear Mini Peles Sensíveis 75 ml,"3,49 €",,"46,53 €/l",
NIVEA Creme Miniatura 30 ml,"1,99 €",,"66,33 €/l",
NIVEA MEN Deo Roll-On Dry Impact 50 ml,"2,99 €",,"59,80 €/l",
TENA Discreet Pensos Incontinência Mulher Ultra Mini 28 un,"4,25 €",,"0,15 €/ud",
BIC Lâminas Descartáveis Flex 3 Classic  4 Un,"5,12 €",,"1,28 €/ud",
NIVEA Gel de Banho Care E Orange 500 ml,"6,49 €",,"12,98 €/l",
ELVIVE Máscara Color Vive 300 ml,"6,99 €",,"23,30 €/l",
EVAX Pensos Higiénicos Super Plus 10 un,"2,59 €",,"0,22 €/ud",
NIVEA MEN After Shave Bálsamo Sensitive 100 ml,"5,61 €",,"56,10 €/l",
NIVEA Bodymilk Smooth  250 ml,"5,49 €",,"21,96 €/l",
L'ORÉAL PARIS Creme de Noite Revitalift Clássico 50 ml,"14,99 €",,"299,80 €/l",
EVAX Penso Higiénico Fina E Segura Normal 12 Un,"1,99 €",,"0,17 €/ud",
NIVEA Desodorizante Roll-On Pure & Natural 50 ml,"4,62 €",,"92,40 €/l",
NIVEA MEN Gel Aqua Styling 150 ml,"3,63 €","5,59 €","24,20 €/l","37,27 €/l"
DIA BONTÉ Tampão Compacto com Aplicador Normal 32 Un,"4,37 €",,"0,14 €/ud",
DIA BONTÉ Tampão Compacto Super  32 un,"4,39 €",,"0,14 €/ud",
COLGATE Pasta de Dentes Max White One 75 ml,"3,36 €",,"44,80 €/l",
SCOTTEX Papel Higiénico Acolchoado 9 un,"5,99 €",,"0,67 €/ud",
EVAX Pensos Higiénicos Salva Slip Normal 62 Un,"3,09 €",,"0,06 €/ud",
PALETTE Coloração Para Cabrlo N.8 Louro Claro 1 Un,"5,99 €",,"5,99 €/ud",
VEET Creme Depilatório Pele Sensível 200 ml,"9,99 €",,"49,95 €/l",
TENA Discreet Pensos Incontinência Mulher Maxi Night 12 un,"8,49 €",,"0,71 €/ud",
PANTENE Máscara Liso E Sedoso 300 ml,"6,59 €",,"21,97 €/l",
AQUAFRESH Escova de Dentes Tripla Proteção Média 1+1 un,"3,19 €",,"3,19 €/ud",
LINDOR Fralda Para Incontinência com Elásticos Tamanho Grande e Absorção Máxima 20 Un,"13,74 €",,"0,69 €/ud",
DIA BONTÉ Champô Cabelos Normais 1 L,"1,19 €",,"1,19 €/l",
LINDOR Fralda Para Incontinência com Elásticos Tamanho Médio e Absorção Super 20 Un,"12,49 €",,"0,62 €/ud",
NUTRISSE Coloração Castanho Violino N4.26 1 un,"9,49 €",,"9,49 €/ud",
NUTRISSE Coloração Permanente Creme Vermelho Ousado 5.62 1 Un,"6,16 €",,"6,16 €/ud",
PALETTE Coloração Para Cabelo Nº1.1 Preto Azulado 1 Un,"5,99 €",,"5,99 €/ud",
ORAL-B Dentífrico Complete Elixir Limpeza Refrescante 75 ml,"2,24 €",,"29,87 €/l",
DIA BONTÉ Champô Cuidado Clássico 400 ml,"2,59 €",,"6,48 €/l",
DIADERMINE Creme de Rosto Lift+ Hidratante Anti-Rugas Refirmante 50 ml,"14,99 €",,"299,80 €/l",
L'OREAL PARIS Creme Rosto Noite Age Perfect 50 ml,"15,99 €",,"319,80 €/l",
L'OREAL PARIS Creme Roto Dia Age Perfect 50 ml,"15,99 €",,"319,80 €/l",
NIVEA Creme Lata 75 ml,"2,49 €",,"33,20 €/l",
GLISS Champô Ultimate Repair 250 ml,"5,14 €",,"20,56 €/l",
VEET Creme Depilatório For Men Peles Sensíveis 200 ml,"9,99 €",,"49,95 €/l",
NIVEA Mini Desodorizante Invisible Clear 35 ml,"2,19 €",,"62,57 €/l",
NIVEA MEN Mini Desodorizante Invisible Black & White 35 ml,"2,19 €",,"62,57 €/l",
GARNIER Pure Gel 3 em 1 150 ml,"7,99 €",,"53,27 €/l",
COLGATE Fio Dentário 50 M,"3,99 €",,"0,08 €/m",
LACTOVIT Loção Corporal Lactourea 400 ml,"7,39 €",,"18,47 €/l",
COLHOGAR Papel Higiénico Compacto Ultra Suave XXL (12R=24R) 12 un,"9,29 €",,"0,77 €/ud",
SENSODYNE Dentífrico Repair E Protege 75 ml,"4,99 €",,"66,53 €/l",
L'ORÉAL Creme de Rosto Men Expert Vita Lift 5 50 ml,"9,79 €","13,99 €","195,80 €/l","279,80 €/l"
NIVEA Creme Vital Dia Extra Nutritiva 50 ml,"9,99 €",,"199,80 €/l",
NIVEA MEN After Shave Loção Sensitive 100 ml,"6,74 €",,"67,40 €/l",
GLISS Máscara Boião Ultimate Repair 200 ml,"8,23 €",,"41,15 €/l",
AQUAFRESH Pasta de Dentes de Leite 50 ml,"2,89 €",,"57,80 €/l",
PALMOLIVE Sabão de Glicerina Natural 90 g,"0,99 €",,"11,00 €/Kg",
TENA Lady Pensos Incontinência Mulher Super 30 un,"16,99 €",,"0,57 €/ud",
FRUCTIS Champô Anticaspa 250 ml,"3,99 €",,"15,96 €/l",
FRUCTIS Champô Hidra-Caracóis 250 ml,"3,99 €",,"15,96 €/l",
FRUCTIS Champô Força e Brilho 250 ml,"3,99 €",,"15,96 €/l",
FRUCTIS Condicionador Força e Brilho 200 ml,"3,99 €",,"19,95 €/l",
ELNETT Laca de Cabelo Satin Cabelos Pintados 300 ml,"5,99 €",,"19,97 €/l",
CORINE DE FARME Toalhitas Íntimas Suave E Protetor Uso Diário 10 Un,"2,19 €",,"0,22 €/ud",
LINIC MEN Champô Anti-Queda 360 ml,"4,94 €",,"13,72 €/l",
LINIC Champô Controlo Oleosidade 360 ml,"4,94 €",,"13,72 €/l",
DIADERMINE Creme Anti Rugas Expert 3D Dia 50 ml,"18,12 €",,"362,40 €/l",
NIVEA Gel Banho Care & Star Fruit  500 ml,"6,49 €",,"12,98 €/l",
NIVEA MEN Gel de Barbear Peles Sensíveis 200 ml,"4,49 €",,"22,45 €/l",
GLISS Champô Ultimate Color Para Cabelos Pintados  250 ml,"5,14 €",,"20,56 €/l",
GLISS Spray Condicionador para Cabelo Total Repair 200 ml,"7,82 €",,"39,10 €/l",
GLISS Amaciador Protecção Cor  200 ml,"5,14 €",,"25,70 €/l",
GLISS Condicionador Oil Nutritive 200 ml,"5,14 €",,"25,70 €/l",
GLISS Spray Condicionador Oil Nutritive 19 200 ml,"7,82 €",,"39,10 €/l",
SYOSS Champô Repair 440 ml,"6,99 €",,"15,89 €/l",
GLISS Champô Oil Nutritive 400 ml,"6,79 €",,"16,98 €/l",
SYOSS Champô Volume 440 ml,"7,69 €",,"17,48 €/l",
SYOSS Champô Cores 440 ml,"6,99 €",,"15,89 €/l",
SYOSS Laca Máximo Segurar  400 ml,"8,54 €",,"21,35 €/l",
L'ORÉAL Desodorizante Roll-On Men Expert Carbon Protect Intense Ice 50 ml,"3,99 €",,"79,80 €/l",
SYOSS Coloração 1-4 Preto Azulado  1 un,"9,26 €",,"9,26 €/ud",
SYOSS Coloração 4-8 Castanho Chocolate  1 un,"9,26 €",,"9,26 €/ud",
PALMOLIVE Sabonete Naturals Amêndoa e Leite 4x90 g,"4,49 €",,"12,47 €/Kg",
PANTENE Máscara Caracóis Perfeitos 300 ml,"6,59 €",,"21,97 €/l",
ULTRA SUAVE Creme Pentear Abacate/Kartité 200 ml,"3,49 €",,"17,45 €/l",
POLIDENT Creme Fixativo Original 70 g,"7,39 €",,"105,57 €/Kg",
NIVEA Máscara Vissage Q10 15 ml,"2,24 €",,"149,33 €/l",
DIADERMINE Creme de Rosto Lift + Efeito Imediato 50 ml,"18,12 €",,"362,40 €/l",
ATRIX Creme de Proteção Intensiva 150 ml,"4,99 €",,"33,27 €/l",
NIVEA Sabão Sólido Milk 90 g,"1,19 €",,"13,22 €/Kg",
NIVEA Sabão Sólido Strawberry 90 g,"1,19 €",,"13,22 €/Kg",
NIVEA Sabão Sólido Coconut & Almond Oil 90 g,"1,19 €",,"13,22 €/Kg",
NIVEA Sabão Sólido Aloe Vera & Flowers 90 g,"1,19 €",,"13,22 €/Kg",
AQUAFRESH Pasta de Dentes Menta Fresca 75 ml,"2,39 €",,"31,87 €/l",
GLISS Champô Protecção Cores  370 ml,"6,79 €",,"18,35 €/l",
NIVEA MEN Desodorizante Spray Invisible Black & White Original 150 ml,"2,81 €",,"18,73 €/l",
PALMOLIVE Sabonete Líquido Leite Amêndoas 300 ml,"3,79 €",,"12,63 €/l",
REXONA Desodorizante Spray Biorythm 150 ml,"4,49 €",,"29,93 €/l",
LINIC Champô Eficácia Ativa Homem 225 ml,"3,36 €",,"14,93 €/l",
NIVEA Tónico Facial Suave 200 ml,"5,99 €",,"29,95 €/l",
PANTENE Espuma Caracóis Definidos E Suaves 200 ml,"4,99 €",,"24,95 €/l",
GLISS Champô Seco Anti-Oleosidade 200 ml,"8,85 €",,"44,25 €/l",
COLGATE Kit Viagem Pasta E Escova 1 Un,"4,99 €",,"4,99 €/ud",
NIVEA Creme Facial Dia Cellular Anti-Age 50 ml,"21,62 €",,"432,40 €/l",
DIA BONTÉ Pasta de Dentes Sensitive 100 ml,"1,35 €",,"13,50 €/l",
ELVIVE Amaciador Fortificante Full Resist 200 ml,"3,99 €",,"19,95 €/l",
ELVIVE Champô Fortificante Full Resist 250 ml,"3,99 €",,"15,96 €/l",
PANTENE Ampolas Protect 1 Minuto 3x15 ml,"4,64 €",,"103,11 €/l",
DIA BONTÉ Penso Incontinencia Mini 30 Un,"3,19 €",,"0,11 €/ud",
SENSODYNE Dentífrico Ação Completa  75 ml,"4,99 €",,"66,53 €/l",
SYOSS Coloração Óleo Intense 9.10 Louro Luminoso 1 Un,"11,63 €",,"11,63 €/ud",
SYOSS Coloração Óleo Intense 7.10 Louro Natural 1 Un,"11,63 €",,"11,63 €/ud",
EXCELLENCE Coloração Permanente Excellence Creme Avelã 6.41 1 Un,"11,99 €",,"11,99 €/ud",
SYOSS Coloração Óleo Intense 1.10 Preto Intenso 1 Un,"11,63 €",,"11,63 €/ud",
SYOSS Coloração Óleo Intense 4.18 Castanho Praliné  1 un,"11,63 €",,"11,63 €/ud",
SYOSS Coloração Óleo Intense 5.86 Castanho Caramelo  1 un,"11,63 €",,"11,63 €/ud",
COLGATE Escova Dentes Slim & Soft 1 un,"3,99 €",,"3,99 €/ud",
PALMOLIVE Sabonete Líquido Recarga Leite & Mel 300 ml,"2,99 €",,"9,97 €/l",
DIA Álcool Etílico Sanitário 70º 250 ml,"0,79 €",,"3,16 €/l",
ELVIVE Champô Color Vive 400 ml,"5,99 €",,"14,98 €/l",
DIA BONTÉ Protege Slip Aloe Vera 30 Un,"1,59 €",,"0,05 €/ud",
DIA BONTÉ Escova Interdental Extra Fina  6 un,"2,49 €",,"0,42 €/ud",
DIA BONTÉ Arcos Dentais 30 Un,"2,49 €",,"0,08 €/ud",
DIA BONTÉ Máquina de Barbear 5 Lâminas 1 Un,"4,00 €",,"4,00 €/ud",
DIA BONTÉ Recarga Máquina Barbear 4 Un,"4,52 €",,"1,13 €/ud",
DOVE Desodorizante Roll-On Invisible Dry  50 ml,"2,81 €",,"56,20 €/l",
DIA BONTÉ Gel Íntimo Sensitive 250 ml,"2,10 €",,"8,40 €/l",
GARNIER Água Micelar Tudo em 1 400 ml,"4,54 €","6,99 €","11,35 €/l","17,48 €/l"
DIA BONTÉ Gel Aloe 100% 400 ml,"3,42 €",,"8,55 €/l",
DIA BONTÉ Loção Corporal Viagem 100 ml,"1,19 €",,"11,90 €/l",
DIA BONTÉ Body Milk Reafirmante Anti Idade 500 ml,"2,79 €",,"5,58 €/l",
DIA BONTÉ Óleo de Argan Capilar 100 ml,"4,60 €",,"46,00 €/l",
REXONA Desodorizante Roll-On Biorythm 50 ml,"4,49 €",,"89,80 €/l",
HANSAPLAST Pensos Rápidos Elásticos 10 un,"2,19 €",,"0,22 €/ud",
VEET Creme Descolorante 2x30 ml,"6,99 €",,"116,50 €/l",
ULTRA SUAVE Condicionador Tesouros de Mel  200 ml,"2,15 €",,"10,75 €/l",
SYOSS Condicionador Keratin 440 ml,"9,99 €",,"22,70 €/l",
SYOSS Champô Keratin 440 ml,"7,20 €",,"16,36 €/l",
DOVE Desodorizante Roll-On Men Extra Fresh 50 ml,"2,81 €",,"56,20 €/l",
DOVE Desodorizante Roll-On Men Clean Confort 50 ml,"2,81 €",,"56,20 €/l",
SCOTTEX Papel Higiénico Original 16 un,"4,49 €",,"0,28 €/ud",
DIA BONTÉ Toalhitas Higiene Corporal Adulto 60 Un,"3,09 €",,"0,05 €/ud",
DIA BONTÉ Toalhitas Desmaquilhantes Peles Maduras 25 un,"1,19 €",,"1,19 €/ud",
ULTRA SUAVE Champô Camomila 400 ml,"5,59 €",,"13,98 €/l",
COLGATE Pasta de Dentes Max White Optic 75 ml,"3,36 €",,"44,80 €/l",
LACTOVIT Gel de Banho Lactourea 650 ml,"5,19 €",,"7,98 €/l",
GLISS Champô Regenerador Intensivo  370 ml,"6,79 €",,"18,35 €/l",
ULTRA SUAVE Máscara Tesouros de Mel 300 ml,"4,75 €",,"15,83 €/l",
SYOSS Coloração Óleo Intense 3-10 Castanho Escuro 1 Un,"11,63 €",,"11,63 €/ud",
SYOSS Coloração Óleo Intense 4-23 Cereja Profundo 1 Un,"11,63 €",,"11,63 €/ud",
AXE Body Spray Black 150 ml,"3,59 €",,"23,93 €/l",
REXONA Desodorizante Roll-On Invisible B+W 50 ml,"4,49 €",,"89,80 €/l",
DIADERMINE Creme Rosto Dia Lift Super Preenchedor 50 ml,"23,99 €",,"479,80 €/l",
AXE Gel Banho Black 400 ml,"3,59 €",,"8,98 €/l",
TAMPAX Tampão Pearl Regular 16 un,"2,99 €","3,99 €","0,19 €/ud","0,25 €/ud"
EVAX Penso Higiénico Cotton Like Noite Alas 18 Un,"4,24 €",,"0,24 €/ud",
TAMPAX Tampão Pearl Super 16 un,"2,99 €","3,99 €","0,19 €/ud","0,25 €/ud"
AXE Body Spray Gold Temptation 150 ml,"3,59 €",,"23,93 €/l",
SYOSS Coloração Óleo Intense 6-80 Louro Avelã  1 un,"11,63 €",,"11,63 €/ud",
DOVE Gel de Banho Coconut Milk & Jasmine 750 ml,"7,99 €",,"10,65 €/l",
DOVE Desodorizante Roll-On Talco 50 ml,"2,81 €",,"56,20 €/l",
REXONA Desodorizante Roll-On Invisible B+W Homem 50 ml,"4,49 €",,"89,80 €/l",
TENA Bed Resguardo Cama 80 x 180 cm (com abas) 20 un,"15,99 €",,"0,80 €/ud",
BIC Lâminas Descartáveis Miss Soleil 3 un,"4,12 €",,"1,37 €/ud",
ORAL-B Recarga Escova de Dentes Cross Action 2 un,"12,74 €",,"6,37 €/ud",
DETTOL Recarga Sabonete Líquido Hidratante Aloé Vera 250 ml,"3,19 €",,"12,76 €/l",
AUSONIA DISCREET Pensos para Perdas de Urina Absorção Nornal 12 Un,"2,24 €",,"0,19 €/ud",
AUSONIA DISCREET Cuecas para Perdas de Urina Tamanho M 9 Un,"7,49 €",,"0,83 €/ud",
AUSONIA DISCREET Cuecas para Perdas de Urina Tamanho G 8 Un,"7,49 €",,"0,94 €/ud",
AUSONIA DISCREET Pensos para Perdas de Urina Absorção Extra 10 Un,"2,24 €",,"0,22 €/ud",
TENA Silhouette Cuecas de Incontinência Mulher Creme (Tamanho M) 9 un,"11,99 €",,"1,33 €/ud",
NIVEA Creme Nutritivo Care 200 ml,"6,48 €",,"32,40 €/l",
DOVE Creme Corpo Boião Goodness 300 ml,"9,99 €",,"33,30 €/l",
DIA BONTÉ Champô Anticaspa Cabelo Oleoso 500 ml,"2,49 €",,"4,98 €/l",
DIA BONTÉ Champô Mel 250 ml,"1,79 €",,"7,16 €/l",
ULTRA SUAVE Champô Delicadeza de Aveia 250 ml,"2,15 €",,"8,60 €/l",
NIVEA Gel de Banho Creme Smooth 750 ml,"6,99 €",,"9,32 €/l",
L'ORÉAL PARIS Creme de Dia Active Antirrugas 55+ 50 ml,"7,69 €","10,99 €","153,80 €/l","219,80 €/l"
L'ORÉAL PARIS Creme de Dia Age Perfect Golden Age  50 ml,"17,99 €",,"359,80 €/l",
COREGA Sem Sabor Creme Fixativo 70 g,"14,39 €",,"205,57 €/Kg",
"DIA BONTÉ Creme Face, Body & Hands Suave 300 ml","2,25 €",,"7,50 €/l",
NIVEA Deo Roll-On Protect & Care 50 ml,"4,62 €",,"92,40 €/l",
SYOSS Champô Ceramide Anti-queda 440 ml,"7,20 €",,"16,36 €/l",
DIA BONTÉ Toalhitas Desodorizantes Pocket 1 Un,"1,09 €",,"1,09 €/ud",
DIA BONTÉ Gel de Limpeza Facial Touhours Belle 250 ml,"4,49 €",,"17,96 €/l",
GARNIER Máscara 3 em 1 Carvão Pure Active Intensive 150 ml,"8,99 €",,"59,93 €/l",
GARNIER Água Micelar em Óleo 400 ml,"5,19 €","7,99 €","12,98 €/l","19,98 €/l"
DIA BONTÉ Óleo Rosa Mosqueta 10 ml,"4,49 €",,"449,00 €/l",
DIA BONTÉ Pensos Para Perdas de Urina Homem 10 Un,"2,35 €",,"0,24 €/ud",
REXONA Desodorizante Spray Invisible B+W 150 ml,"4,49 €",,"29,93 €/l",
AXE Cera de Cabelo Urban 130 ml,"6,49 €",,"49,92 €/l",
DIA BONTÉ Creme Depilatório Men 200 ml,"3,89 €",,"19,45 €/l",
VEET Cera Depilatória à Base de Açúcar Com Óleo de Argão 250 ml,"7,99 €",,"31,96 €/l",
JOHNSON'S Loção Corporal Hidratante Vitarich Uva 400 ml,"5,99 €",,"14,98 €/l",
DIA BONTÉ Pensos Higiénicos Ultra Normal Sem Abas 28 Un,"2,19 €",,"0,08 €/ud",
GARNIER Máscara de Tecido Hidratante 1 Un,"2,99 €",,"2,99 €/ud",
DIA LA LLAMA Lenços De Papel Aroma Mentol 4 Folhas 10 Un,"1,45 €",,"0,15 €/ud",
DIA BONTÉ Protege Slip Normal 60 Un,"1,75 €",,"1,75 €/ud",
DIA BONTÉ Máquinas Descartáveis 3 Lâminas Senhora 4 Un,"3,09 €",,"0,77 €/ud",
GARNIER Máscara Rosto Hydra Bomb 1 un,"2,99 €",,"2,99 €/ud",
ULTRA SUAVE Máscara Delicadeza de Aveia 300 ml,"4,75 €",,"15,83 €/l",
DIADERMINE Creme Dia Expert Rejuvenescedor 50 ml,"23,99 €",,"479,80 €/l",
VEET Bandas de Cera Depilatórias Para Peles Normais 20 Un,"8,99 €",,"0,45 €/ud",
DIA BONTÉ Máscara Capilar Aveia Naturals 300 ml,"3,19 €",,"10,63 €/l",
TENA Discreet Pensos Incontinência Mulher Mini 20 un,"4,25 €",,"0,21 €/ud",
NIVEA MEN Deo Roll-On Cool Kick 50 ml,"2,39 €",,"47,80 €/l",
TRESEMMÉ Champô Liso Keratina 400 ml,"6,99 €",,"17,48 €/l",
TRESEMMÉ Champô Hidratação Intensa 500 ml,"6,99 €",,"13,98 €/l",
VEET Bandas Cera Depilatória Peles Sensíveis 20 un,"8,99 €",,"0,45 €/ud",
GILLETTE VENUS Máquina Descartável Simply 2 3 un,"1,99 €",,"0,66 €/ud",
EVAX Pensos Higiénicos Liberty Normal Alas 12 Un,"2,54 €","2,99 €","0,21 €/ud","0,25 €/ud"
ULTRA SUAVE Creme de Pentear Tesouros de Mel 200 ml,"3,49 €",,"17,45 €/l",
ULTRA SUAVE Condicionador Água de Coco 200 ml,"2,15 €",,"10,75 €/l",
ULTRA SUAVE Condicionador Leite de Côco 200 ml,"2,15 €",,"10,75 €/l",
REXONA Desodorizante Spray Tropical 150 ml,"4,49 €",,"29,93 €/l",
ORAL-B Pasta de Dentes Pro-Expert Proteção Profissional 2x75 ml,"6,89 €",,"45,93 €/l",
TENA Active Fit Cuecas Incontinência Homem (tamanho M) 9 un,"11,99 €",,"1,33 €/ud",
PANTENE Condicionador Caracóis Definidos 3 minutos 200 ml,"5,99 €",,"29,95 €/l",
NATURAL HONEY Gel de Banho Côco 650 ml,"5,49 €",,"8,45 €/l",
SYOSS Condicionador Curls 440 ml,"7,20 €",,"16,36 €/l",
SYOSS Champô Curls 440 ml,"7,20 €",,"16,36 €/l",
GLISS Champô Para Cabelo Long e Sublime 250 ml,"5,14 €",,"20,56 €/l",
ELVIVE Champô Reconstrutor Dream Long  250 ml,"3,99 €",,"15,96 €/l",
NIVEA MEN Deo Roll-On Black & White Active Men  50 ml,"2,69 €",,"53,80 €/l",
ELVIVE Condicionador Dream Long 200 ml,"3,99 €",,"19,95 €/l",
ELVIVE Máscara Dream Long 300 ml,"6,99 €",,"23,30 €/l",
PANTENE Condicionador Caracóis Definidos 200 ml,"3,99 €",,"19,95 €/l",
PANTENE Champô Repara & Protege 250 ml,"3,99 €",,"15,96 €/l",
PANTENE Champô Suave & Sedoso 250 ml,"3,99 €",,"15,96 €/l",
PANTENE Champô Anti-Caspa 250 ml,"3,99 €",,"15,96 €/l",
PANTENE Champô Caracóis Definidos 250 ml,"3,99 €",,"15,96 €/l",
GILLETTE VENUS Lâminas Descartáveis Simply Basic Venus3 3 un,"3,49 €",,"1,16 €/ud",
AUSONIA DISCREET Pants Tamanho G 8 un,"8,99 €",,"1,12 €/ud",
AUSONIA DISCREET Pants Tamanho M 9 un,"8,99 €",,"1,00 €/ud",
PALMOLIVE Gel de Banho Naturals Leite de Oliva 500 ml,"4,49 €",,"8,98 €/l",
DOVE Mousse Banho Coconut Oil 200 ml,"4,99 €",,"24,95 €/l",
DOVE Mousse Banho Rose Oil 200 ml,"4,99 €",,"24,95 €/l",
TRESEMMÉ Condicionador Caracóis Hidratados 500 ml,"6,99 €",,"13,98 €/l",
EVAX Pensos Higiénicos Fina & Segura Maxi 13 Un,"1,69 €","1,99 €","0,13 €/ud","0,15 €/ud"
TRESEMMÉ Champô Color Keratina 400 ml,"6,99 €",,"17,48 €/l",
DOVE Desodorizante Spray Extra Fresh Homem 150 ml,"2,81 €",,"18,73 €/l",
DOVE Gel de Banho Pomegranate  750 ml,"6,99 €",,"9,32 €/l",
LIS Papel Higiénico 2 Folhas 12 Un,"2,29 €",,"0,19 €/ud",
COUTO Pasta de Dentes 60 g,"2,29 €",,"38,17 €/Kg",
SYOSS Coloração 5-29 Vermelho Intenso  1 un,"9,26 €",,"9,26 €/ud",
DOVE Desodorizante Spray Men Clean 150 ml,"2,81 €",,"18,73 €/l",
FENO DE PORTUGAL Gel de Banho Hipoalergénico Mel e Geleia Real 700 ml,"2,74 €",,"3,91 €/l",
DIA LA LLAMA Papel Higiénico 2 Folhas 24 Un,"4,59 €",,"0,19 €/ud",
GLISS Champô Liso Asiático 250 ml,"5,14 €",,"20,56 €/l",
COLGATE Dentífrico Max White One 2x75 ml,"4,99 €",,"33,27 €/l",
RENOVA Papel Higiénico Super Compact (4=12 rolos) 4 un,"2,49 €",,"0,62 €/ud",
RENOVA Lenços de Bolso Kids Compacto 4 Folhas 6 un,"0,79 €","0,99 €","0,13 €/ud","0,17 €/ud"
EVAX Pensos Higiénicos Liberty Super Alas 10 Un,"2,54 €","2,99 €","0,25 €/ud","0,30 €/ud"
TENA Silhouette Cuecas de Incontinência Mulher Creme (Tamanho L) 8 un,"11,99 €",,"1,50 €/ud",
FRUCTIS Máscara Capilar Hair Food Banana 390 ml,"8,99 €",,"23,05 €/l",
FRUCTIS Máscara de Cabelo Hair Food Papaia 390 ml,"8,99 €",,"23,05 €/l",
ULTRA SUAVE Máscara Leite de Côco 300 ml,"4,75 €",,"15,83 €/l",
ULTRA SUAVE Champô Leite de Côco 250 ml,"2,15 €",,"8,60 €/l",
ULTRA SUAVE Champô Água de Côco e Aloe Vera 250 ml,"2,15 €",,"8,60 €/l",
DOVE Sabonete Shea Butter & Vanilla 4x90 g,"3,74 €","4,99 €","10,39 €/Kg","13,86 €/Kg"
OLIA Coloração Permanente Castanho Chocolate 4.15 1 un,"11,99 €",,"11,99 €/ud",
OLIA Coloração Permanente Louro Mel 8.31 1 un,"11,99 €",,"11,99 €/ud",
OLIA Coloração Permanente Castanho Dourado 5.3 1 un,"11,99 €",,"11,99 €/ud",
OLIA Coloração Permanente Louro Escuro Dourado 6.3 1 un,"11,99 €",,"11,99 €/ud",
AQUAFRESH Pasta de Dentes Branco Intenso 100 ml,"3,29 €",,"32,90 €/l",
GARNIER Água Micelar Óleo Olhos Sensíveis 400 ml,"5,19 €","7,99 €","12,98 €/l","19,98 €/l"
VEET Cera Fria Facial Peles Sensíveis 20 Un,"6,99 €",,"0,35 €/ud",
POLIDENT Creme Fixativo Para Próteses Sem Sabor 2x40 g,"9,79 €",,"122,37 €/Kg",
ELVIVE Champô Color Violeta 200 ml,"5,99 €",,"29,95 €/l",
GARNIER Máscara de Tecido Anti-olheiras Vitamina C Olhos 1 un,"2,99 €",,"2,99 €/ud",
TENA Discreet Pensos Incontinência Mulher Normal 24 un,"5,59 €",,"0,23 €/ud",
COLGATE Pasta de Dentes Total Original 2x75 ml,"4,98 €",,"33,20 €/l",
SYOSS Champô Micelar Pure Boost 440 ml,"7,20 €",,"18,00 €/l",
DENIM After Shave Original 100 ml,"7,99 €",,"79,90 €/l",
NIVEA Body Milk Refirmante Q10 Pele Seca 250 ml,"7,69 €",,"30,76 €/l",
LINIC Champô Sakura Fresh 225 ml,"3,36 €",,"14,93 €/l",
NIVEA Desodorizante Roll-On Dry Fresh 50 ml,"3,99 €",,"79,80 €/l",
NIVEA Creme Dia Hyaluron Cellelar Filler FP30 50 ml,"25,74 €",,"514,80 €/l",
SENSODYNE Dentífrico Sensibilidade & Gengivas 75 ml,"4,99 €",,"66,53 €/l",
L'ORÉAL Desodorizante Spray Men Expert Carbon Protect Intense Ice 150 ml,"3,99 €",,"26,60 €/l",
GILLETTE VENUS Lâminas Descartáveis Simply 3 Plus 4 un,"5,99 €",,"1,50 €/ud",
NIVEA MEN Creme Lata 150 ml,"5,99 €",,"39,93 €/l",
COLGATE Pasta de Dentes Total Advanced Gengivas Saudáveis 75 ml,"3,99 €",,"53,20 €/l",
EVAX Salva Slip Maxi 36 Un,"2,20 €","2,59 €","0,06 €/ud","0,07 €/ud"
EVAX Salva Slip Maxi Plus 24+2 un,"2,20 €","2,59 €","0,08 €/ud","0,10 €/ud"
LINIC Champô Cool Sport Mentol Homem 225 ml,"3,36 €",,"14,93 €/l",
NIVEA Creme de Rosto Dia Anti-rugas Q10 Power FP30 50 ml,"11,99 €",,"239,80 €/l",
BIC Lâminas Descartáveis 3 Action 6 Un,"5,12 €",,"0,85 €/ud",
COLGATE Pasta de Dentes Max White Carvão 75 ml,"3,74 €",,"49,87 €/l",
NIVEA MEN Deo Roll-On Protect & Care 48H 50 ml,"2,69 €",,"53,80 €/l",
VASELINE Gel de Banho Aloé Sensitive 700 ml,"3,59 €",,"5,13 €/l",
VASELINE Gel de Banho Derma Care 700 ml,"3,59 €",,"5,13 €/l",
GILLETTE After Shave Bálsamo Sensitive Protection Aloe Vera 100 ml,"6,99 €",,"69,90 €/l",
VASELINE Desodorizante Creme Hidra Essencial 50 ml,"4,99 €",,"99,80 €/l",
TENA Silhouette Cuecas de Incontinência Mulher Pretas (Tamanho M) 9 un,"11,99 €",,"1,33 €/ud",
SYOSS Champô Micelar Pure Fresh 440 ml,"7,20 €",,"16,36 €/l",
GLISS Condicionador Liso Asiático 200 ml,"5,14 €",,"25,70 €/l",
NIVEA Desodorizante Spray Protect & Care 150 ml,"4,69 €",,"31,27 €/l",
COLGATE Pasta de Dentes Total Anti-Cáries 2x75 ml,"3,51 €",,"23,40 €/l",
NIVEA Body Lotion Refirmante Q10 Bronze 200 ml,"7,92 €",,"39,60 €/l",
COLGATE Pasta de Dentes Anti-Tártaro E Branqueadora 75 ml,"2,24 €",,"29,87 €/l",
DIA BONTÉ Pensos Higiénicos Clássico Noite Sem Abas 10 Un,"1,25 €",,"0,13 €/ud",
COLGATE Pasta de Dentes Tripla Ação 75 ml,"2,24 €",,"29,87 €/l",
DIA Lenços de Papel de Bolso Extra Suave 3 Folhas 15 Un,"1,75 €",,"0,12 €/ud",
L'ORÉAL PARIS Creme de Dia Revitalift Clássico 50 ml,"14,99 €",,"299,80 €/l",
NIVEA MEN Espuma de Barbear Protect & Care 200 ml,"4,49 €",,"22,45 €/l",
DIA BONTÉ Fio Dentário Mentol 50 M,"1,19 €",,"1,19 €/m",
GILLETTE Gel Barbear Peles Sensíveis Series 200 ml,"4,49 €",,"22,45 €/l",
EVAX Pensos Higiénicos Cottonlike Normal 16 Un,"2,59 €",,"0,16 €/ud",
DIA BONTÉ Gel Barbear Peles Sensíveis 250 ml,"2,09 €",,"8,36 €/l",
DIA BONTÉ Espuma Cabelo Encaracolado 300 ml,"1,85 €",,"6,17 €/l",
NUTRISSE Coloração Permanente Creme Louro Dourado 7.3 1 Un,"6,16 €",,"6,16 €/ud",
NUTRISSE Coloração Permanente Creme Louro Muito Claro Natural  10.0 1 Un,"6,16 €",,"6,16 €/ud",
DIA BONTÉ After Shave Bálsamo Cream 100 ml,"2,55 €",,"25,50 €/l",
DIA BONTÉ Discos Desmaquilhantes Ovais 50 Un,"0,94 €",,"0,94 €/ud",
DIA BONTÉ Gel Frio Cool Relax 200 ml,"3,39 €",,"16,95 €/l",
NIVEA Desodorizante Spray Dry Comfort 200 ml,"2,99 €",,"14,95 €/l",
GILLETTE Máquinas de Barbear Descartáveis Blue Ii Fixa 5 Un,"2,99 €",,"0,60 €/ud",
NIVEA Creme Facial Anti Rugas Q10 50 ml,"9,74 €",,"194,80 €/l",
DIA Papel Higiénico Húmido Com Camomila E Aloe Vera 80 Un,"1,65 €",,"1,65 €/ud",
DIA BONTÉ Discos Desmaquilhantes 120 Un,"1,01 €",,"1,01 €/ud",
DIA BONTÉ Pensos Protege Slip Duoform 30 Un,"1,29 €",,"1,29 €/ud",
COLGATE Escova de Dentes Extra Clean 2 Un,"3,05 €",,"1,53 €/ud",
COLGATE Escova de Dentes 360º Média 1 Un,"4,39 €",,"4,39 €/ud",
VEET Creme Depilatório Para Duche Pele Normal 150 ml,"9,99 €",,"66,60 €/l",
SENSODYNE Dentífrico Branqueador 75 ml,"3,99 €",,"53,20 €/l",
DOVE Desodorizante Roll On Original 50 ml,"2,81 €",,"56,20 €/l",
PALETTE Coloração Para Cabelo Nº6 Louro Escuro 1 Un,"5,99 €",,"5,99 €/ud",
GARNIER BB Cream Clássico Tom Médio 50 ml,"9,99 €",,"199,80 €/l",
VEET Creme Depilatório Pele Normal 200 ml,"9,99 €",,"49,95 €/l",
PANTENE Máscara Repara & Protege 300 ml,"6,59 €",,"21,97 €/l",
PALETTE Coloração Para Cabelo Nº3.65 Castanho Chocolate 1 Un,"5,99 €",,"5,99 €/ud",
NIVEA MEN Desodorizante Roll-On Invisible Black&White Original Nivea Men 50 ml,"2,69 €",,"53,80 €/l",
NIVEA Tira Limpeza Pontos Negros 6 Un,"7,99 €",,"1,33 €/ud",
GLISS Óleo Elixir Para Cabelo 75 ml,"12,35 €",,"164,67 €/l",
PALMOLIVE Sab.Glicerina Hidrante 90 g,"0,99 €",,"11,00 €/Kg",
FRUCTIS Condicionador Hidra-Caracóis 200 ml,"3,99 €",,"19,95 €/l",
ELNETT Laca de Cabelo Satin Fixação Normal 300 ml,"5,99 €",,"19,97 €/l",
ELNETT Laca de Cabelo Satin Fixação Forte 300 ml,"5,99 €",,"19,97 €/l",
NIVEA Gel Exfoliante Diário Clean Deeper 150 ml,"7,99 €",,"53,27 €/l",
PALMOLIVE Sabonete Leite & Mel 4x90 g,"4,49 €",,"12,47 €/Kg",
NIVEA Creme Rosto Dia Essentials Hidratante Fp15 50 ml,"5,99 €",,"119,80 €/l",
NIVEA Creme Rosto Noite Q10 50 ml,"9,74 €",,"194,80 €/l",
NIVEA Leite de Limpeza Suave 200 ml,"5,99 €",,"29,95 €/l",
NIVEA Toalhitas de Limpeza Suaves 50 Un,"2,99 €",,"0,06 €/ud",
NIVEA Body Milk Nutritivo 400 ml,"5,01 €",,"12,53 €/l",
DIA BONTÉ Pasta de Dentes Herbal 100 ml,"1,09 €",,"10,90 €/l",
ELVIVE Condicionador Color-Vive 200 ml,"3,99 €",,"19,95 €/l",
ELVIVE Champô Color-Vive 250 ml,"3,99 €",,"15,96 €/l",
GLISS Condicionador Ultimate Repair 200 ml,"5,14 €",,"25,70 €/l",
DIA BONTÉ Creme Fixador Para Próteses Dentárias 40 ml,"3,65 €",,"91,25 €/l",
DOVE Gel de Banho Silk Glow 750 ml,"7,20 €",,"9,60 €/l",
NIVEA Gel Banho Creme Care 750 ml,"6,99 €",,"9,32 €/l",
ULTRA SUAVE Champô Tesouros de Mel 250 ml,"2,15 €",,"8,60 €/l",
DIA BONTÉ Óleo Corporal Argão 500 ml,"3,19 €",,"6,38 €/l",
COLGATE Escova de Dentes 360º Max White Expert 1 Un,"2,85 €",,"2,85 €/ud",
DIA BONTÉ Água de Rosas 250 ml,"0,64 €",,"2,56 €/l",
DIA BONTÉ Champo Anti Caspa 2 Em 1 500 ml,"2,49 €",,"4,98 €/l",
ULTRA SUAVE Condicionador Delicadeza de Aveia 200 ml,"2,15 €",,"10,75 €/l",
GILLETTE Espuma Barbear Peles Sensitive Series Mais 200 ml,"3,49 €",,"17,45 €/l",
DOVE Gel de Banho Cucumber 750 ml,"6,99 €",,"9,32 €/l",
DIA BONTÉ Bandas Depilatórias Faciais Bonté Professional 16 Un,"2,29 €",,"0,14 €/ud",
NARTA Desodorizante Roll-On Bio Eficácia 50 ml,"3,99 €",,"79,80 €/l",
AXE Gel Banho Dark Temptation 400 ml,"3,59 €",,"8,98 €/l",
AXE Body Spray Dark Temptation 150 ml,"3,59 €",,"23,93 €/l",
DIA BONTÉ Máquinas Descartáveis 2 Lâminas 10 Un,"2,98 €",,"0,30 €/ud",
DIA BONTÉ Máquinas Descartáveis Senhora 2 Laminas 10 Un,"2,98 €",,"0,30 €/ud",
GILLETTE Máquinas de Barbear Descartáveis Blue 3 4 Un,"5,29 €",,"1,32 €/ud",
REXONA Desodorizante Roll-On Tropical 50 ml,"4,49 €",,"89,80 €/l",
NIVEA Creme Miniatura Hidratante Soft 50 ml,"1,99 €",,"39,80 €/l",
ULTRA SUAVE Condicionador Abacate/Karité 200 ml,"2,15 €",,"10,75 €/l",
ULTRA SUAVE Máscara Abacate/Kartité 300 ml,"4,75 €",,"15,83 €/l",
NIVEA Creme Corpo Nivea Soft 200 ml,"5,69 €",,"28,45 €/l",
NIVEA Sabonete Cremoso 100 g,"1,19 €",,"11,90 €/Kg",
PALMOLIVE Gel de Banho So Relaxed 500 ml,"4,99 €",,"9,98 €/l",
AUSONIA Penso Higiénico Com Alas Normal 14 Un,"1,99 €",,"0,14 €/ud",
AUSONIA Penso Higiénico Com Alas Noite 9 Un,"1,99 €",,"0,22 €/ud",
NIVEA Desodorizante Roll-On Invisible Black&White Original 50 ml,"4,49 €",,"89,80 €/l",
NUTRISSE Coloração Permanente Creme Castanho 4.0 1 Un,"6,16 €",,"6,16 €/ud",
COLGATE Pasta de Dentes Herbal White 75 ml,"2,49 €",,"33,20 €/l",
REXONA Desodorizante Spray Black+White Homem 150 ml,"4,49 €",,"29,93 €/l",
DIA BONTÉ Pensos Higiéncos Ultra Normal Com Abas Everyday 28 Un,"2,35 €",,"0,08 €/ud",
DIA BONTÉ Pensos Higiénicos Super Com Abas Everyday 24 Un,"2,04 €",,"0,09 €/ud",
DIA Lenços Papel 4 Folhas Aloe Vera 10 Un,"1,29 €",,"0,13 €/ud",
DIA BONTÉ Protege Slip Maxi Everyday 52 Un,"2,15 €",,"2,15 €/ud",
VEET Cera Fria Facial Peles Normais 20 Un,"6,99 €",,"0,35 €/ud",
DOVE Desodorizante Spray Invisible Dry 150 ml,"2,81 €",,"18,73 €/l",
DIA BONTÉ Creme Capilar Mel Naturals 200 ml,"2,35 €",,"11,75 €/l",
COLGATE Escova Tripla Acção Económico 4 Un,"3,69 €",,"0,92 €/ud",
DOVE Desodorizante Spray Talco 150 ml,"2,81 €",,"18,73 €/l",
AXE Cera de Cabelo Natural Look 75 ml,"5,99 €",,"79,87 €/l",
TRESEMMÉ Champô Cuidado Clássico 500 ml,"6,99 €",,"13,98 €/l",
ORAL-B Dentífrico Gengivas & Esmalte Repair 75 ml,"3,36 €",,"44,80 €/l",
PANTENE Condicionador Repara E Protege 200 ml,"3,99 €",,"19,95 €/l",
PANTENE Champô Clássico 250 ml,"3,99 €",,"15,96 €/l",
PANTENE Condicionador Para Cabelo Suave&Sedoso 200 ml,"3,99 €",,"19,95 €/l",
TRESEMMÉ Condicionador Cuidado Clássico 500 ml,"6,99 €",,"13,98 €/l",
PALMOLIVE Gel de Banho Naturals Leite E Mel 500 ml,"4,49 €",,"8,98 €/l",
DIA BONTÉ Resguardo Cama 20 Un,"8,28 €",,"0,41 €/ud",
FRUCTIS Creme de Pentear Hidra-Caracóis 200 ml,"4,99 €",,"24,95 €/l",
NIVEA Desodorizante Spray Invisible Black & White Original 150 ml,"4,69 €",,"31,27 €/l",
RENOVA Lenços de Bolso Essential 10 Un,"1,11 €","1,39 €","0,11 €/ud","0,14 €/ud"
GLISS Champô Oil Nutritive 250 ml,"5,14 €",,"20,56 €/l",
L'ORÉAL PARIS Creme de Dia Revitalift Ginseng Energizante 50 ml,"16,99 €",,"339,80 €/l",
NIVEA MEN Espuma Barbear Sensitive 200 ml,"3,74 €",,"18,70 €/l",
BIC Lâminas Descartável Twin Lady 5 Un,"2,02 €",,"0,40 €/ud",
DOVE Gel de Banho Deeply Nourishing 750 ml,"6,99 €",,"9,32 €/l",
ORAL-B Escova de Dentes Complete 1 Un,"2,09 €",,"2,09 €/ud",
SANYTOL Sabão Líquido Desinfetante Hidratante 250 ml,"2,51 €",,"10,04 €/l",
SANYTOL Sabão Líquido Desinfetante Nutritivo 250 ml,"2,51 €",,"10,04 €/l",
NIVEA MEN Desodorizante Spray Protect & Care 150 ml,"2,81 €","4,69 €","18,73 €/l","31,27 €/l"
GLISS Máscara Capilar Nutritiva 4 em 1 Manteiga de Karité para Cabelo Seco 400 ml,"10,29 €",,"25,72 €/l",
LINIC Champô Anti-queda Homem 225 ml,"3,36 €",,"14,93 €/l",
SENSODYNE Pasta de Dentes Multicare 2x75 ml,"5,47 €",,"36,47 €/l",
COLGATE Pasta Dentes Total Esmalte Saudável 75 ml,"3,99 €",,"53,20 €/l",
COLGATE Pasta Dentes Total Detox 75 ml,"3,99 €",,"53,20 €/l",
COLGATE Pasta Dentes Total Advanced Ação Visível 75 ml,"3,99 €",,"53,20 €/l",
GARNIER Bandas Antipontos Negros Pure Active 4 un,"7,99 €",,"2,00 €/ud",
REXONA Desodorizante Spray Invisible Ice Homem 150 ml,"4,49 €",,"29,93 €/l",
DOVE Desodorizante Roll-on Invisible Care 50 ml,"2,81 €",,"56,20 €/l",
PANTENE Champô 3 Em 1 Anti-Caspa 300 ml,"4,99 €",,"16,63 €/l",
SYOSS Champô Men Power  440 ml,"7,20 €",,"16,36 €/l",
NIVEA Body Milk Cocoa  250 ml,"5,49 €",,"21,96 €/l",
GARNIER Máscara de Tecido Purificante 1 un,"2,99 €",,"2,99 €/ud",
GLISS Champô Long & Sublime  370 ml,"6,79 €",,"18,35 €/l",
DOVE Desodorizante Spray Invisible Care 150 ml,"2,81 €",,"18,73 €/l",
REXONA Desodorizante Roll-on Invisible Ice Homem 50 ml,"4,49 €",,"89,80 €/l",
TRESEMMÉ Condicionador Repara e Fortalece 400 ml,"6,99 €",,"17,48 €/l",
TENA Silhouette Cuecas de Incontinência Mulher Pretas (Tamanho L) 8 un,"11,99 €",,"1,50 €/ud",
VASELINE Creme Gordo Boião 250 ml,"9,99 €",,"39,96 €/l",
VASELINE Gel de Banho Hidra Essencial 700 ml,"3,59 €",,"5,13 €/l",
VASELINE Loção Corpo Recuperação Profunda 200 ml,"4,39 €",,"21,95 €/l",
COLGATE Escova De Dentes Bambu Carvão 1 un,"3,99 €",,"3,99 €/ud",
VASELINE Loção Corpo Cacau Radiante 400 ml,"6,99 €",,"17,48 €/l",
NIVEA Desodorizante Spray Invisible Black & White Silky Smooth  150 ml,"4,69 €",,"31,27 €/l",
NIVEA Gel Banho Creme Soft  650 ml,"3,29 €",,"5,06 €/l",
TENA Silhouette Pensos Incontinência Mulher Preto Mini Noir 18 un,"4,25 €",,"0,24 €/ud",
L'ORÉAL PARIS Creme de Noite Age Perfect Golden Age  50 ml,"17,99 €",,"359,80 €/l",
DOVE Gel Banho Nourishing Care&Oil  750 ml,"7,99 €",,"10,65 €/l",
DETTOL Sabonete Líquido Lavanda 250 ml,"3,99 €",,"15,96 €/l",
HERBAL ESSENCES Máscara Leite De Coco 250 ml,"4,99 €",,"19,96 €/l",
PANTENE Condicionador 3 Minutos Miracle Repara e Protege 200 ml,"5,99 €",,"29,95 €/l",
H&S Champô Supreme Repara 300 ml,"5,99 €",,"19,97 €/l",
H&S Champô Supreme Hidrata 300 ml,"5,99 €",,"19,97 €/l",
H&S Condicionador Supreme Repara 200 ml,"4,99 €",,"24,95 €/l",
H&S Condicionador Supreme Moisture 220 ml,"4,99 €",,"22,68 €/l",
HERBAL ESSENCES Champô Repara Óleo de Argão 250 ml,"3,59 €",,"14,36 €/l",
HERBAL ESSENCES Champô Hidrata Leite de Coco 250 ml,"3,59 €",,"14,36 €/l",
PANTENE Champô 3 em 1 Repara e Protege 300 ml,"4,99 €",,"16,63 €/l",
PANTENE Champô 3 em 1 Caracóis Definidos 300 ml,"4,99 €",,"16,63 €/l",
HERBAL ESSENCES Óleo de Argão 100 ml,"4,99 €",,"49,90 €/l",
HERBAL ESSENCES Condicionador Repara Óleo de Argão 200 ml,"3,59 €",,"17,95 €/l",
HERBAL ESSENCES Condicionador Hidrata Leite de Coco 200 ml,"3,59 €",,"17,95 €/l",
HERBAL ESSENCES Champô Canhamo 380 ml,"4,99 €",,"13,13 €/l",
HERBAL ESSENCES Champô Bambu 380 ml,"4,99 €",,"13,13 €/l",
HERBAL ESSENCES Champô Manga 380 ml,"4,99 €",,"13,13 €/l",
HERBAL ESSENCES Condicionador Manga 275 ml,"4,99 €",,"18,15 €/l",
HERBAL ESSENCES Condicionador Bambu 275 ml,"4,99 €",,"18,15 €/l",
NIVEA MEN Gel Elastic Styling 150 ml,"3,63 €","5,59 €","24,20 €/l","37,27 €/l"
NIVEA Gel de Banho Creme Aloe 750 ml,"6,99 €",,"9,32 €/l",
RENOVA Papel Higiénico 4 Folhas Grand Royal 6 un,"2,67 €","3,15 €","0,45 €/ud","0,53 €/ud"
PARODONTAX Dentífrico Cuidado Diário 75 ml,"5,59 €",,"74,53 €/l",
PANTENE Champô Liso E Sedoso 1 L,"9,99 €",,"9,99 €/l",
NIVEA Desodorizante Roll-On Invisible Black & White Silky Smooth  50 ml,"4,49 €",,"89,80 €/l",
HERBAL ESSENCES Condicionador Canhamo 275 ml,"4,99 €",,"18,15 €/l",
HERBAL ESSENCES Óleo Canhamo 100 ml,"4,99 €",,"49,90 €/l",
RENOVA Papel Higiénico Bueno 38+10 un,"5,68 €","6,69 €","0,15 €/ud","0,18 €/ud"
PANTENE Champô Repara E Protege 1 L,"9,99 €",,"9,99 €/l",
L'ORÉAL PARIS Retoca Raízes Magic Retouch Spray Castanho  100 ml,"11,99 €",,"119,90 €/l",
TENA Men Pensos de Incontiência Homem (Level 2) 20 un,"11,99 €",,"0,60 €/ud",
L'ORÉAL PARIS Retoca Raízes Magic Retouch Spray Louro  100 ml,"11,99 €",,"119,90 €/l",
GLISS Champô Total Repair  370 ml,"6,79 €",,"18,35 €/l",
TENA Active Fit Cuecas Incontinência Homem (tamanho L) 8 un,"11,99 €",,"1,50 €/ud",
NIVEA Creme Mãos Anti-Age Q10 75 ml,"3,99 €",,"53,20 €/l",
NIVEA Creme Mãos Nutritivo 75 ml,"3,99 €",,"53,20 €/l",
H&S Champô Mentol 230 ml,"4,99 €",,"21,70 €/l",
NIVEA MEN Gel Banho Deep 500 ml,"6,99 €",,"13,98 €/l",
H&S Champô Classic 230 ml,"4,99 €",,"21,70 €/l",
H&S Champô Classic 2 em 1 230 ml,"4,99 €",,"21,70 €/l",
H&S Champô Classic 340 ml,"5,99 €",,"17,62 €/l",
H&S Champô Citrus 340 ml,"5,99 €",,"17,62 €/l",
GILLETTE Carregador Proglide 3 un,"15,79 €",,"5,26 €/ud",
GILLETTE Mach3 Máquina De Barbear Para Homem 1 un,"8,99 €",,"8,99 €/ud",
GILLETTE Mach3 Máquina De Barbear Para Homem 1 un,"10,49 €",,"10,49 €/ud",
GARNIER Máscara Peel-Off Pontos Negros Pure Active 50 ml,"9,99 €",,"199,80 €/l",
H&S Champô Citrus 230 ml,"4,99 €",,"21,70 €/l",
GILLETTE VENUS ComfortGlide Breeze Máquina De Depilação 4 un,"15,49 €",,"3,87 €/ud",
GILLETTE VENUS ComfortGlide Breeze Máquina De Depilação 1 un,"6,36 €","8,49 €","6,36 €/ud","8,49 €/ud"
EVAX Pensos Higiénicos Liberty Noite Alas 9 un,"2,54 €","2,99 €","0,28 €/ud","0,33 €/ud"
GLISS Champô Split Hair Miracle 370 ml,"6,79 €",,"18,35 €/l",
GILLETTE VENUS Deluxe Smooth Swirl Máquina De Depilação 1 un,"8,99 €","11,99 €","8,99 €/ud","11,99 €/ud"
NIVEA MEN Desodorizante Spray Dry Fresh Men 150 ml,"2,69 €","4,49 €","17,93 €/l","29,93 €/l"
NIVEA Gel de Banho Orchid & Cashmere Extract 750 ml,"6,99 €",,"9,32 €/l",
COLGATE Pasta de Dentes Gengivas Alivia e Repara 75 ml,"4,49 €",,"59,87 €/l",
COLGATE Pasta de Dentes Sensite Pro Alívio 75 ml,"4,99 €",,"66,53 €/l",
NATURAL HONEY Gel de Banho Argão 650 ml,"5,49 €",,"8,45 €/l",
NIVEA MEN Desodorizante Spray Cool Kick 150 ml,"2,69 €","4,49 €","17,93 €/l","29,93 €/l"
DIADERMINE Creme Lift+ Nutritivo 50 ml,"18,12 €",,"362,40 €/l",
GILLETTE VENUS Pack Comfortglide Breeze SPA Cabo + 3 Recargas 1 un,"13,49 €",,"13,49 €/ud",
PANTENE Champô 3 em 1 Cuidado Clássico 300 ml,"4,99 €",,"16,63 €/l",
SENSODYNE Pasta de Dentes Herbal 75 ml,"3,99 €",,"53,20 €/l",
AQUAFRESH Pasta de Dentes Proteção Caries 75 ml,"2,39 €",,"31,87 €/l",
TRESEMMÉ Champô Cuidado Clássico 900 ml,"10,99 €",,"12,21 €/l",
TRESEMMÉ Champô Hidratação Intensa 900 ml,"10,99 €",,"12,21 €/l",
ULTRA SUAVE Champô Sólido Delicadeza de Aveia 60 g,"5,99 €",,"99,83 €/Kg",
ULTRA SUAVE Champô Sólido Coco 60 g,"5,99 €",,"99,83 €/Kg",
NIVEA Body Milk 625 ml,"7,49 €",,"11,98 €/l",
NIVEA Gel de Banho Care Dermo Sensitive 650 ml,"3,29 €",,"5,06 €/l",
GLISS Champô Split Hair Miracle 250 ml,"5,14 €",,"20,56 €/l",
SYOSS Condicionador Hidratação 440 ml,"7,20 €",,"16,36 €/l",
SYOSS Champô Hidratação 440 ml,"7,20 €",,"16,36 €/l",
GLISS Condicionador Split Hair Miracle 200 ml,"5,14 €",,"25,70 €/l",
COLGATE Escova de Dentes Zig-Zag Suave 2 un,"3,99 €",,"2,00 €/ud",
H&S Champô Classic 1 L,"9,99 €",,"9,99 €/l",
LINIC Champô Frescura Diária Men 360 ml,"4,94 €",,"13,72 €/l",
LINIC Champô Limpeza Profunda Men 360 ml,"4,94 €",,"13,72 €/l",
DOVE Sabonete Líquido Protect & Care 250 ml,"3,99 €",,"15,96 €/l",
GLISS Máscara Express Repair Ultimate 7 Seconds 200 ml,"12,35 €",,"61,75 €/l",
GILLETTE Fusion5 Máquina De Barbear Para Homem - 2 Lâminas 1 un,"11,99 €",,"11,99 €/ud",
DOVE Gel de Banho Peony & Rose 750 ml,"6,99 €",,"9,32 €/l",
DOVE Recarga Sabonete Líquido Secrets Coco 500 ml,"4,99 €",,"9,98 €/l",
COLGATE Pasta de Dentes Fresh Gel 75 ml,"2,49 €",,"33,20 €/l",
PALMOLIVE Sabonete Líquido Recarga Leite Amêndoas 500 ml,"4,99 €",,"9,98 €/l",
GLISS Máscara Capilar Slip Hair Miracle 300 ml,"8,23 €",,"27,43 €/l",
GLISS Sérum Capilar Split Hair Miracle 75 ml,"11,99 €",,"159,87 €/l",
GLISS Máscara Express Repair 7 Segundos Cabelos Pintados 200 ml,"12,35 €",,"61,75 €/l",
DOVE Recarga Sabonete Líquido Protect & Care 500 ml,"4,99 €",,"9,98 €/l",
PALMOLIVE Gel de Banho Memories Summer 500 ml,"4,99 €",,"9,98 €/l",
PALMOLIVE Gel de Banho Memories Flower 500 ml,"4,99 €",,"9,98 €/l",
VEET Spray Depilatório Pele Sensível 150 ml,"9,99 €",,"66,60 €/l",
PANTENE Máscara Bambu Pro-V Miracles 160 ml,"6,59 €",,"41,19 €/l",
PANTENE Condicionador Bambu Pro-V Miracles 200 ml,"5,99 €",,"29,95 €/l",
PANTENE Champô Bambu Pro-V Miracles 225 ml,"5,99 €",,"26,62 €/l",
PANTENE Champô Repara e Protege Garrafa de Alumínio 430 ml,"7,49 €","9,99 €","17,42 €/l","23,23 €/l"
H&S Champô Classic Garrafa de Alumínio 430 ml,"7,49 €","9,99 €","17,42 €/l","23,23 €/l"
H&S Recarga Champô Classic 480 ml,"4,49 €","5,99 €","9,35 €/l","12,48 €/l"
H&S Champô Mentol 340 ml,"5,99 €",,"17,62 €/l",
ELVIVE Champô Full Resist 400 ml,"5,99 €",,"14,98 €/l",
SCOTTEX Papel Higiénico Hímido Fresh 74 un,"2,99 €",,"2,99 €/ud",
NIVEA Barra Limpeza Facial Exfoliante Naturally Clean 75 g,"7,49 €",,"99,87 €/Kg",
SCOTTEX Papel Higiénico Megarolo (12 rolos = 24 rolos) 12 un,"9,29 €",,"0,77 €/ud",
GILETTE Gel Barbear Clássico Pele Sensível 200 ml,"3,69 €",,"18,45 €/l",
MAGIC RETOUCH Spray Retoca Raízes 2 Moreno 100 ml,"11,99 €",,"119,90 €/l",
GILLETTE Lâmina Descartável Blue3 Simple 4 un,"2,99 €",,"0,75 €/ud",
NIVEA Creme de Mão Mel 100 ml,"2,99 €",,"29,90 €/l",
NIVEA Body Milk Repara & Cuida  400 ml,"6,89 €",,"17,23 €/l",
PARODONTAX Pasta de Dentes Cuidado Branqueador 75 ml,"5,59 €",,"74,53 €/l",
ELVIVE Champô Dream Long 400 ml,"5,99 €",,"14,98 €/l",
DIA IMAQE Sabonete Líquido Mãos Amêndoas e Mel 500 ml,"1,23 €",,"2,46 €/l",
DIA IMAQE Sabonete Líquido Mãos Glicerina 500 ml,"1,30 €",,"2,60 €/l",
DIA IMAQE Sabonete Líquido Mãos Neutralizador de Odores 500 ml,"1,23 €",,"2,46 €/l",
DIA IMAQE Sabonete Líquido Mãos Folha de Oliveira 500 ml,"1,19 €",,"2,38 €/l",
DIA IMAQE Sabonete Líquido Mãos Aloé Vera 500 ml,"1,19 €",,"2,38 €/l",
ELVIVE Condicionador Dream Long 300 ml,"5,89 €",,"19,63 €/l",
DIA IMAQE Ampolas Faciais Antioxidantes Vitamina C + Ácido Tranexâmico 7x2 ml,"4,75 €",,"339,29 €/l",
COLGATE Pasta de Dentes Anti-Cáries 75 ml,"2,24 €",,"29,87 €/l",
L'OREAL PARIS Creme Olhos Age Perfect 15 ml,"15,99 €",,"1.066,00 €/l",
COLGATE Pasta de Dentes Total Original 75 ml,"3,99 €",,"53,20 €/l",
COLGATE Pasta de Dentes Total Branqueadora 75 ml,"3,99 €",,"53,20 €/l",
FRUCTIS Champô Hidra Caracóis 400 ml,"5,99 €",,"14,98 €/l",
FRUCTIS Creme Pentear Hidra Caracóis 400 ml,"7,99 €",,"19,98 €/l",
ELVIVE Máscara Powerfull Resist 680 ml,"13,99 €",,"20,57 €/l",
ELVIVE Máscara Color Vive Violeta 250 ml,"7,99 €",,"31,96 €/l",
ELVIVE Condicionador Dream Long Magic Water 200 ml,"9,99 €",,"49,95 €/l",
EXCELLENCE Coloração Nudes Castanho Claro Universal N.5U 1 un,"12,99 €",,"2,60 €/ud",
EXCELLENCE Coloração Nudes Louro Universal N.7U 1 un,"12,99 €",,"12,99 €/ud",
EXCELLENCE Coloração Nudes Louro Muito Claro Universal N.9U 1 un,"12,99 €",,"12,99 €/ud",
GARNIER Creme Rosto Anti Imperfeições Pure Active 40 ml,"9,99 €",,"249,75 €/l",
FRUCTIS Máscara Capilar Hair Food Melancia 390 ml,"8,99 €",,"23,05 €/l",
L'OREAL PARIS Creme Rosto Dia Active Anti Rugas 65+ 50 ml,"7,69 €","10,99 €","153,80 €/l","219,80 €/l"
DIA LA LLAMA Papel Higiénico 2 Folhas 12 un,"2,35 €",,"0,20 €/ud",
DIA LA LLAMA Papel Higiénico Premium 3 Folhas 12 un,"3,69 €",,"0,31 €/ud",
DIA LA LLAMA Papel Higiénico Compacto 2 Folhas 6 un,"2,49 €",,"0,42 €/ud",
DIA LA LLAMA Papel Higiénico Perfumado 4 Folhas 8 un,"3,79 €",,"0,47 €/ud",
ULTRA SUAVE Champô Tesouros Mel 400 ml,"5,59 €",,"13,98 €/l",
ULTRA SUAVE Champô Abacate Karité 400 ml,"5,59 €",,"13,98 €/l",
ULTRA SUAVE Condicionador Abacate Karité 400 ml,"5,59 €",,"13,98 €/l",
ULTRA SUAVE Condicionador Delicadeza Aveia 400 ml,"5,59 €",,"13,98 €/l",
ULTRA SUAVE Condicionador Tesouros Mel 400 ml,"5,59 €",,"13,98 €/l",
DIA IMAQE Recarga Sabonete Líquido Mãos Amêndoas & Mel 500 ml,"1,03 €",,"2,06 €/l",
FRUCTIS Champô Hair Food Melancia 350 ml,"6,59 €",,"18,83 €/l",
ELVIVE Condicionador Hidra Hialurónico 200 ml,"4,39 €",,"21,95 €/l",
ELVIVE Champô Hidra Hialurónico 250 ml,"4,39 €",,"17,56 €/l",
PANTENE Champô Nutri PRO-V Repara e Protege 640 ml,"8,79 €",,"13,73 €/l",
PANTENE Condicionador Nutri PRO-V Repara e Protege 275 ml,"4,99 €",,"18,15 €/l",
PANTENE Champô Nutri PRO-V Anticaspa 640 ml,"8,79 €",,"13,73 €/l",
PANTENE Champô Nutri PRO-V Cuidado Clássico 360 ml,"4,99 €",,"13,86 €/l",
PANTENE Condicionador Nutri PRO-V Caracóis Perfeitos 275 ml,"4,99 €",,"18,15 €/l",
PANTENE Champô Nutri PRO-V Repara e Protege 360 ml,"4,99 €",,"13,86 €/l",
DIA LA LLAMA Papel Higiénico Acolchoado 3 Folhas 6 un,"2,99 €",,"0,50 €/ud",
TENA Penso de Incontinência Extra Discreet 20 un,"5,59 €",,"0,28 €/ud",
DIA IMAQE Creme Mãos Hidratante Aloe Vera 125 ml,"1,49 €","2,21 €","11,92 €/l","17,68 €/l"
PALMOLIVE Gel de Banho Memories Berry Picking 650 ml,"5,99 €",,"9,22 €/l",
AUSÓNIA Penso de Incontinência Maxi Noite Discreet 12 un,"5,99 €",,"0,50 €/ud",
FRUCTIS Champô Hair Food Papaia 350 ml,"6,59 €",,"18,83 €/l",
GARNIER Serum Antimanchas Vitamina C 30 ml,"15,99 €",,"533,00 €/l",
DIA LA LLAMA Papel Higiénico 2 Folhas 32 un,"5,89 €",,"0,18 €/ud",
DIA IMAQE Creme Mãos Nutritivo Karité 125 ml,"1,54 €",,"12,32 €/l",
GARNIER Creme de Dia Iluminador Vitamina C 50 ml,"8,99 €",,"179,80 €/l",
DOVE Desodorizante Spray Original 150 ml,"4,69 €",,"31,27 €/l",
DIA IMAQE Sabonete Líquido Mãos Frutas Exóticas 500 ml,"1,30 €",,"2,60 €/l",
VASELINE Creme Mãos e Unhas Intensive Care 75 ml,"3,49 €",,"46,53 €/l",
EVAX Penso Higiénico Cottonlike Normal Alas 32 un,"4,24 €",,"0,13 €/ud",
NIVEA Desodorizante Spray Invisible Black & White Active 150 ml,"4,69 €",,"31,27 €/l",
NIVEA Desodorizante Roll-on Invisible Black & White Active 50 ml,"4,49 €",,"89,80 €/l",
GILLETTE Creme da Barba Ultra Sensitive 175 ml,"5,99 €",,"34,23 €/l",
ULTRA SUAVE Condicionador Sem Enxaguar Óleo de Abacate 200 ml,"5,99 €",,"29,95 €/l",
ELVIVE Champô Hidra Hialurónico 400 ml,"6,59 €",,"16,48 €/l",
ELVIVE Condicionador Color Vive 8 Segundos Magic Water 200 ml,"9,99 €",,"49,95 €/l",
ULTRA SUAVE Condicionador Sem Enxaguar Delicadeza de Aveia 200 ml,"5,99 €",,"29,95 €/l",
L'OREAL Desodorizante Roll-on Magnesio Mex Expert 50 ml,"3,99 €",,"79,80 €/l",
ULTRA SUAVE Champô Sólido Abacate 60 g,"5,99 €",,"99,83 €/Kg",
GILLETTE Lâmina Descartável Skinguard Sensitive 3 un,"6,99 €",,"2,33 €/ud",
DIA IMAQE Deo Roll On Protege & Cuida 50 ml,"1,12 €",,"22,40 €/l",
DIA IMAQE Deo Roll On Peles Sensíveis & Delicadas 50 ml,"1,12 €",,"22,40 €/l",
DIA IMAQE Deo Roll On Invisible & Antimanchas 50 ml,"1,12 €",,"22,40 €/l",
DIA IMAQE Deo Roll On Peles Atópicas & Delicadas 50 ml,"1,12 €",,"22,40 €/l",
ORAL-B Pasta de Dentes Pure Activ Cuidado Fresco 75 ml,"2,99 €",,"39,87 €/l",
COLGATE Pasta de Dentes Periogard Gengivas + Dentes Sensíveis 75 ml,"5,59 €",,"74,53 €/l",
COLGATE Pasta de Dentes Periogard Cuidado das Gengivas 75 ml,"5,59 €",,"74,53 €/l",
NIVEA Máscara de Tecido Anti-Idade Hyaluron Cellular Filler,"3,99 €",,"3,99 €/ud",
NIVEA Creme de Dia Nutritivo Pele Seca e Sensível FP30 50 ml,"8,99 €",,"179,80 €/l",
NIVEA Sérum Luminous Antimanchas Cellular 30 ml,"26,99 €",,"899,67 €/l",
FENO Gel de Banho Óleo de Oliva e Camomila 700 ml,"5,69 €",,"8,13 €/l",
DIA IMAQE Limpeza Facial Sólida Caroço de Damasco 50 g,"3,39 €",,"67,80 €/Kg",
DIA IMAQE Champô Sólido Extrato Canábis e Óleo de Canhâmo 60 g,"3,39 €",,"56,50 €/Kg",
DIA IMAQE Champô Sólido Extrato de Abacate e Mirtilo 60 g,"3,39 €",,"56,50 €/Kg",
DIA PLANETA JÚNIOR Lenços de Papel Kids 3 Folhas 6 un,"0,79 €",,"0,13 €/ud",
DIA IMAQE Gel de Banho de Azeitona Mediterrânea 750 ml,"1,74 €",,"2,32 €/l",
DIA IMAQE Gel de Banho de Aloé Vera 750 ml,"1,74 €",,"2,32 €/l",
DIA IMAQE Gel de Banho de Amêndoas e Mel 750 ml,"1,74 €",,"2,32 €/l",
DIA IMAQE Gel de Banho Dermo Proteção 750 ml,"1,74 €",,"2,32 €/l",
DIA IMAQE Gel de Banho Leite de Coco 750 ml,"1,74 €",,"2,32 €/l",
DIA IMAQE Gel de Banho Baunilha e Sandalo com Nozes da Macadamia 750 ml,"1,74 €",,"2,32 €/l",
NIVEA Creme Hidratante Family Care Pele Sensível 450 ml,"6,36 €",,"14,13 €/l",
DIA IMAQE Gel de Banho Rosa & Jasmim 750 ml,"2,05 €",,"2,73 €/l",
FRUCTIS Condicionador Hair Food Melancia 350 ml,"6,59 €",,"18,83 €/l",
DIA IMAQE Deo Roll On sem Sais de Alumínio e com Extrato de Bambu 50 ml,"1,12 €",,"22,40 €/l",
COLGATE Pasta de Dentes Max White Ultra 50 ml,"3,98 €",,"79,60 €/l",
DIA IMAQE Naturals Gel de Banho Glicerina 750 ml,"2,05 €",,"2,73 €/l",
ID Fralda Incontinência (Tamanho L) 28 un,"12,99 €",,"0,46 €/ud",
ID Fralda Incontinência (Tamanho M) 28 un,"10,59 €",,"0,38 €/ud",
DIA IMAQE Água Micelar 250 ml,"1,84 €",,"7,36 €/l",
DIA IMAQE Leite de Limpeza Calmante 250 ml,"1,18 €",,"4,72 €/l",
DIA IMAQE Tónico Facial Calmante 250 ml,"1,43 €",,"5,72 €/l",
Gel de Banho de Aveia 1 L,"1,14 €",,"1,14 €/l",
DIA IMAQE Toalhitas Desmaquilhantes Para Peles Sensíveis 30 un,"1,23 €",,"1,23 €/ud",
"AQUAFRESH Pasta de Dentes Tripla Protecção Eucalipto, Lima e Menta 75 ml","2,39 €",,"31,87 €/l",
NIVEA Body Lotion Hidratante Express 48h Pele Normal a Seca 400 ml,"6,69 €",,"16,73 €/l",
DIA IMAQE Toalhitas Desmaquilhantes Para Peles Maduras 25 un,"1,33 €",,"0,05 €/ud",
TENA Penso Incontinência Sensitive 20 un,"4,79 €",,"0,24 €/ud",
DOVE Sabonete Regular 90 g,"1,25 €",,"13,89 €/Kg",
DIA IMAQE Máscara Facial de Tecido Hidratante,"1,64 €",,"1,64 €/ud",
DIA IMAQE Máscara Facial de Tecido Anti-Idade,"1,64 €",,"1,64 €/ud",
DIA IMAQE Máscara Facial de Tecido Detox,"1,64 €",,"1,64 €/ud",
GILLETTE Labs Máquina de Barbear + Travel Case Counter,"26,49 €",,"26,49 €/ud",
GILLETTE Labs Gel de Barbear 198 ml,"6,99 €",,"35,30 €/l",
