Nome,Preço,Preço Antigo,PpU,PpU Antigo
AFTER EIGHT Chocolate Nestlé 200 g,"2,34 €",,"11,70 €/Kg",
DIA SABOR CHARCUTEIRO Farinheira do Fundão 250 g,"2,35 €",,"9,40 €/Kg",
SANTIAGO Queijo Serra Da Vila 190 g,"3,79 €",,"19,95 €/Kg",
SANTIAGO Queijo Regional Saloio 190 g,"3,79 €",,"19,95 €/Kg",
DIA SONHOS Cocktail de Frutas 840 g,"2,20 €",,"2,62 €/Kg",
RIBERALVES Migas de Paloco 500 g,"4,99 €",,"9,98 €/Kg",
MILKA Chocolate de Leite 270 g,"3,99 €",,"14,78 €/Kg",
DIA HORA + DOCE Pudim Flan 80 g,"0,81 €",,"10,13 €/Kg",
QUINTA DA AÇAFA Queijo de Ovelha Curado 1 un,"4,15 €",,"4,15 €/ud",
KINDER BUENO Snack Chocolate Mini 108 g,"2,49 €",,"23,06 €/Kg",
DAMATTA Morcela 200 g,"2,40 €",,"12,00 €/Kg",
DIA CAFETARIA Cápsulas de Café Intenso Intensidade 9 10 Un,"1,85 €",,"0,19 €/ud",
SANTIAGO Queijo Quinta do Olival Barrado 450 g,"9,99 €",,"9,99 €/ud",
SERRAS DE PENELA Queijo de Vaca E Ovelha Grande 1 Un,"6,99 €",,"6,99 €/ud",
PESCANOVA Delícias com Forma de Lagosta 255 g,"2,99 €",,"11,73 €/Kg",
SOUZA Vinho do Porto Tawny 10 Anos 750 ml,"16,99 €",,"22,65 €/l",
PAIVA Queijo Curado Meio Gordo 1 Un,"7,55 €",,"7,55 €/ud",
DIA TEMPTATION Ovinhos de Chocolate Recheados com Creme de Avelã 225 g,"1,44 €","1,69 €","6,40 €/Kg","7,51 €/Kg"
DIA TEMPTATION Ovinhos de Chocolate Recheados com Creme de Leite 225 g,"1,44 €","1,69 €","6,40 €/Kg","7,51 €/Kg"
FERRERO ROCHER Bombons 16 un,"4,09 €",,"20,45 €/Kg",
NESTLÉ Bombons Caja Roja 200 g,"5,59 €",,"27,95 €/Kg",
MERCI Bombons 250 g,"7,29 €",,"29,16 €/Kg",
DIA DOCE NATAL Broa Castelar  250 g,"1,14 €","1,29 €","4,56 €/Kg","5,16 €/Kg"
DIA TEMPTATION Bombons de Licor e Cereja 400 g,"3,24 €","4,09 €","8,10 €/Kg","10,23 €/Kg"
FORNADA DO DIA Bolo Rei 600 g,"5,99 €",,"9,98 €/Kg",
FERRERO COLLECTION Bombons 15 Un,"5,89 €",,"33,66 €/Kg",
DIA TEMPTATION Sortido de Bombons de Chocolate 450 g,"3,59 €","4,79 €","7,98 €/Kg","10,64 €/Kg"
DIA ESPECIALÍSSIMO Cereja Cristalizada 250 g,"2,89 €",,"11,56 €/Kg",
MILKA I Love Milka Nougat  110 g,"2,99 €","4,59 €","27,18 €/Kg","41,73 €/Kg"
FERRERO PRESTIGE Bombons 21 Un,"7,84 €","10,49 €","31,74 €/Kg","42,47 €/Kg"
FORNADA DO DIA Bolo Rainha 600 g,"6,99 €",,"13,98 €/Kg",
MILKA I Love Milka Morango  110 g,"2,99 €","4,59 €","27,18 €/Kg","41,73 €/Kg"
FRUTOS SECOS DO DIA Sultana Dourada 200 g,"0,99 €",,"4,95 €/Kg",
FRUTOS SECOS DO DIA Alperce Seco 200 g,"2,25 €",,"11,25 €/Kg",
FRUTOS SECOS DO DIA Passas Uva Moscatel 200 g,"0,79 €",,"3,95 €/Kg",
DIA TEMPTATION Sortido de Bombons Sem Açúcar 300 g,"3,99 €","4,99 €","13,30 €/Kg","16,63 €/Kg"
DIA TEMPTATION Trufas Belgas Cacau 250 g,"1,74 €","2,19 €","6,96 €/Kg","8,76 €/Kg"
CARAVAN Coffret Eau de Parfum nº43 + Mini 30 ml 1 un,"11,99 €",,"79,93 €/l",
CARAVAN Coffret Eau de Parfum nº1 + Mini 30 ml 1 un,"11,99 €",,"79,93 €/l",
CARAVAN Coffret Eau de Parfum nº66 + Mini 30 ml 1 un,"11,99 €",,"79,93 €/l",
RIBERALVES Lombos de Bacalhau 4 Meses de Cura 550 g,"11,69 €",,"21,25 €/Kg",
LINDT Chocolate de Leite Mini Cornet 75 g,"1,99 €",,"26,53 €/Kg",
CUÉTARA Bolacha Sortida 210 g,"3,09 €",,"14,71 €/Kg",
"DIA TEMPTATION Pétalas de Chocolate, Caramelo e Sal 125 g","2,85 €",,"22.800,00 €/Kg",
MILKA Bombons I Love Milka Praline  44 g,"2,29 €",,"52,05 €/Kg",
PAIVA Queijo Prato Apimentado 1 Un,"7,55 €",,"7,55 €/ud",
FRUTOS SECOS DO DIA Cocktail Frutos Secos 150 g,"2,99 €",,"19,93 €/Kg",
DENIM After Shave Original 100 ml,"7,99 €",,"79,90 €/l",
MILANEZA Massa Aletria 500 g,"1,79 €",,"3,58 €/Kg",
NESTLÉ Bombom Plaisir Avelã 154 g,"5,49 €",,"35,65 €/Kg",
NESTLÉ Bombom Plaisir Cereja 158 g,"5,49 €",,"34,75 €/Kg",
DIA TEMPTATION Chocolate Mints 165 g,"1,99 €",,"12,06 €/Kg",
D'AVÓ Pão de Ló 500 g,"5,49 €",,"10,98 €/Kg",
NOEL Lombo 120 g,"3,19 €",,"26,58 €/Kg",
NOEL Presunto Serrano 120 g,"3,09 €",,"25,75 €/Kg",
MILHAFRE Queijo Ilha Graciosa 280 g,"4,49 €",,"16,04 €/Kg",
LAGOS Queijo de Ovelha E Cabra Curado 1 Un,"4,99 €",,"4,99 €/ud",
Bacalhau Graúdo Inteiro Salgado Seco (Entre 2 a 3 kg e enviado com Corte para Lombos),"41,97 €",,"13,99 €/Kg",
Bacalhau Crescido Inteiro Salgado Seco (Entre 1 a 2 kg e enviado com Corte para Lombos),"25,98 €",,"12,99 €/Kg",
SANTIAGO Queijo Três Igrejas 450 g,"7,99 €",,"17,76 €/Kg",
SIDUL Açúcar Branco 1 kg,"1,69 €",,"1,69 €/Kg",
SIDUL Açúcar Amarelo 1 kg,"1,89 €",,"1,89 €/Kg",
DIA SONHOS Polpa de Manga 850 g,"3,42 €",,"4,02 €/Kg",
SANTIAGO Requeijao Original 170 g,"1,69 €",,"9,94 €/Kg",
PALHAIS Queijo de Cabra Original 2x100 g,"4,39 €",,"21,95 €/Kg",
DIA DELIMAGIC Caramelo Líquido 400 g,"1,49 €",,"3,73 €/Kg",
DIA HORA + DOCE Leite Creme 92 g,"0,50 €",,"5,43 €/Kg",
LAGOS Queijo de Ovelha Amanteigado de Seia 1 Un,"7,99 €",,"7,99 €/ud",
DIA NATURMUNDO Coco Ralado 200 g,"1,15 €",,"5,75 €/Kg",
HORTA DO DIA Batata Para Cozer Embalada 3 kg,"3,38 €",,"1,13 €/Kg",
DIA (A) MAR À VISTA Posta Média Bacalhau Demolhado Ultracongelado 800 g,"6,59 €",,"8,24 €/Kg",
Abacaxi (1 un = 2040 g aprox),"2,84 €",,"1,39 €/Kg",
PALHAIS Queijo de Cabra Chèvre 180 g,"3,99 €",,"22,17 €/Kg",
DIA HORA + DOCE Mousse de Chocolate 150 g,"1,02 €",,"6,80 €/Kg",
DIA Leite Condensado 397 g,"1,33 €",,"3,35 €/Kg",
DIA LÁCTEA Leite Condensado Magro 397 g,"1,33 €",,"3,35 €/Kg",
PRÉSIDENT Queijo Roquefort 100 g,"3,35 €",,"33,50 €/Kg",
LIMIANO Queijo Amanteigado Vaca E Ovelha 450 g,"6,19 €",,"13,76 €/Kg",
SANTIAGO Requeijão Light 170 g,"1,69 €",,"9,94 €/Kg",
DIA (A) MAR À VISTA Posta Tradicional Bacalhau Demolhado Ultracongelado 800 g,"10,29 €",,"12,86 €/Kg",
DIA Leite Condensado Cozido 397 g,"1,43 €",,"3,60 €/Kg",
DIA (A) MAR À VISTA Lombos de Bacalhau Demolhado Ultracongelado 800 g,"13,09 €",,"16,36 €/Kg",
LAGOS Requeijão de Ovelha 150 g,"1,49 €",,"9,93 €/Kg",
PRÉSIDENT Queijo Brie 200 g,"3,79 €",,"18,95 €/Kg",
PRISCA Alheira de Caça 180 g,"2,25 €",,"12,50 €/Kg",
DIA SABOR CHARCUTEIRO Alheira Trasmontana 200 g,"1,49 €",,"7,45 €/Kg",
DIA SELEÇÃO MUNDIAL Queijo Brie 200 g,"1,59 €",,"7,95 €/Kg",
DIA TEMPTATION Chocolate Em Pó 125 g,"0,88 €",,"7,04 €/Kg",
DIA O CHOCALHO Queijo Mistura Amanteigado 1 Un,"5,29 €",,"5,29 €/ud",
DIA MARI MARINHEIRA Camarão Selvagem Madagáscar 800 g,"20,75 €",,"25,94 €/Kg",
DIA SABOR CHARCUTEIRO Farinheira de Seia 200 g,"1,39 €","1,65 €","6,95 €/Kg","8,25 €/Kg"
DIA Massa Quebrada 230 g,"1,09 €",,"4,74 €/Kg",
FRUTOS SECOS DO DIA Miolo de Noz Metades 200 g,"2,79 €",,"13,95 €/Kg",
FRUTOS SECOS DO DIA Passas Sultanas 200 g,"0,89 €",,"4,45 €/Kg",
DIA SABOR CHARCUTEIRO Alheira de Mirandela IGP 200 g,"1,55 €",,"7,75 €/Kg",
BEIRANOVA Polvo Limpo 2-3Kg (1 un = 2485 g aprox),"39,74 €",,"15,99 €/Kg",
MARFRESCO Sapateira Cozida Congelada 600/800 1 Un,"12,99 €",,"12,99 €/ud",
Saquetas Com Pais Natal  100 g,"1,79 €",,"17,90 €/Kg",
PINTAROLAS Bola de Natal 40 g,"3,34 €",,"83,50 €/Kg",
REGINA Árvore de Natal 84 g,"2,89 €",,"34,40 €/Kg",
MON CHERI Bombons 15 Un,"5,29 €",,"33,59 €/Kg",
FERRERO Bombons Rondnoir 14 un,"5,49 €",,"39,78 €/Kg",
CONCENTRA Jogo Mauzão Júnior,"15,99 €",,"15,99 €/ud",
NESCAFÉ DOLCE GUSTO Café Ristretto Ardenza (Intensidade 11) 3x16 un,"14,89 €",,"0,31 €/ud",
SANTIAGO Queijo Atabafado Quinta do Olival Alho & Ervas 2x90 g,"4,69 €",,"26,06 €/Kg",
CÁLEM Vinho do Porto LBV Velhotes 750 ml,"18,99 €",,"25,32 €/l",
DIA TEMPTATION Bombons Crocanti Branco 150 g,"3,49 €",,"23,27 €/Kg",
DIA SELEÇÃO MUNDIAL Salmão Fumado 100 g,"3,69 €",,"36,90 €/Kg",
FITA AZUL Espumante Celebration Doce com Oferta de Flute 2x750 ml,"11,38 €",,"7,59 €/l",
CARAVAN Coffret Eau de Parfum nº61 + Mini 30 ml 1 un,"11,99 €",,"79,93 €/l",
FUMEIRO SERRA DA ESTRELA Chouriço Cura 100% Natural 200 g,"4,29 €",,"21,45 €/Kg",
FORNADA DO DIA Pão de Ló Cremoso 500 g,"5,49 €",,"10,98 €/Kg",
CASTELÕES Queijo Prato Cura Especial Barrado Pimentão 1 un,"7,24 €",,"7,24 €/ud",
DIA O CHOCALHO Queijo de Nisa DOP 1 un,"6,99 €",,"6,99 €/ud",
DIA (A) MAR À VISTA Bacalhau do Pacífico Desfiado 500 g,"6,19 €",,"12,38 €/Kg",
DIA (A) MAR À VISTA Posta Bacalhau Demolhado Ultracongelado 800 g,"6,29 €",,"7,86 €/Kg",
DIA (A) MAR À VISTA Migas de Paloco 500 g,"4,15 €",,"8,30 €/Kg",
DIA DOCE NO LAR Mix de Frutos Vermelhos 600 g,"3,09 €",,"5,15 €/Kg",
DIA DOCE NO LAR Mix de Frutos Tropicais 450 g,"3,55 €",,"7,89 €/Kg",
DIA DOCE NO LAR Morangos Congelados 600 g,"2,95 €",,"4,92 €/Kg",
DIA DOCE NO LAR Strudel de Maçã 600 g,"2,59 €",,"4,32 €/Kg",
"DIA MARI MARINHEIRA Polvo Limpo Congelado (1,4 kg - 1,8 kg) (1 un = 1800 g aprox)","27,70 €",,"15,39 €/Kg",
CÔTE D'OR Chocolate Leite Mignonnette 240 g,"5,99 €",,"24,96 €/Kg",
CÔTE D'OR Chocolate Negro Mignonnette 240 g,"5,99 €",,"24,96 €/Kg",
DIA O CHOCALHO Queijo de Ovelha Amanteigado 500 g,"6,99 €",,"13,98 €/Kg",
Pai Natal Chocolate Leite 60 g,"0,89 €",,"14,83 €/Kg",
Pai Natal Chocolate 150 g,"1,59 €",,"10,60 €/Kg",
Saqueta com Sinos 100 g,"1,79 €",,"17,90 €/Kg",
DIA DOCE NATAL Bolachas de Gengibre 300 g,"2,59 €","3,49 €","8,63 €/Kg","11,63 €/Kg"
DIA ESPECIALÍSSIMO Fruta Cristalizada Picada 250 g,"2,59 €",,"10,36 €/Kg",
DIA O CHOCALHO Queijo Curado Meio Gordo 520 g,"4,89 €",,"9,40 €/Kg",
DIA SABOR CHARCUTEIRO Alheira de Caça 180 g,"1,79 €",,"9,94 €/Kg",
DIA SELEÇÃO MUNDIAL Queijo Gouda Fatias 240 g,"1,95 €",,"8,13 €/Kg",
DIA CAFETARIA Cápsulas de Café Fortíssimo (Intensidade 14) 10 un,"2,15 €",,"0,22 €/ud",
FORNADA DO DIA Bolo Rei 200 g,"3,49 €",,"17,45 €/Kg",
DIA TEMPTATION Sortido de Bombons Chocolate Negro 75% 180 g,"2,59 €","3,49 €","14,39 €/Kg","19,39 €/Kg"
FERRERO ROCHER Dark Origins 15 un,"7,29 €",,"39,41 €/Kg",
CONFEITARIA ALVORADA Panettone Frutas 500 g,"3,59 €","3,99 €","7,18 €/Kg","7,98 €/Kg"
CONFEITARIA ALVORADA Panettone Chocolate 500 g,"3,59 €","3,99 €","7,18 €/Kg","7,98 €/Kg"
DENIM Coffret Original Deo + Gel Banho 1 un,"5,84 €","8,99 €","5,84 €/ud","8,99 €/ud"
Garagem de 2 Pisos com 3 Carros,"14,49 €",,"14,49 €/ud",
Conjunto de Beleza,"13,49 €",,"13,49 €/ud",
DIA TEMPTATION Bombom Crocanti Chocolate e Avelã 150 g,"3,49 €",,"23,27 €/Kg",
CLEMENTONI Jogo Pocket Conta-me Uma História,"7,99 €",,"7,99 €/ud",
LINDOR Bombons Caramelo Salgado 200 g,"6,39 €",,"31,95 €/Kg",
Saquetas com Pinhas de Natal 100 g,"1,79 €",,"17,90 €/Kg",
Saquetas com Bolas de Natal 100 g,"1,79 €",,"17,90 €/Kg",
M&M'S Calendário Advento 361 g,"7,49 €","9,99 €","20,75 €/Kg","27,67 €/Kg"
AXE Pack Bolsa Apollo Gel de Banho 400 ml + Spray 150 ml + Cera Cabelo 75 ml,"16,24 €",,"16,24 €/ud",
DOVE Pack Bolsa Original Gel de Banho 250 ml + Creme 150 ml + Roll On 50 ml,"13,64 €","20,99 €","13,64 €/ud","20,99 €/ud"
DOVE Pack Bolsa Men Extra Fresh Gel de Banho 400 ml + Roll On 50 ml,"12,49 €","24,98 €","12,49 €/ud","24,98 €/ud"
DOVE Pack Bolsa Silk Gel de Banho 500 ml + Loção 300 ml + Roll On 50 ml,"16,89 €","25,99 €","16,89 €/ud","25,99 €/ud"
REGINA Sortido de Fantasias de Chocolate de Leite 108 g,"3,99 €",,"36,94 €/Kg",
ORAL-B Pack Escova Elétrica Frozen + Estojo,"23,24 €",,"23,24 €/ud",
MON CHÉRI Licor Laranja Ferrero 15 un,"5,29 €",,"33,69 €/Kg",
LACASA Trufas Embrulho Cacau 85 g,"1,24 €",,"14,59 €/Kg",
ALVAREZ GÓMEZ Coffret Coquette Collection Fleurs du Paradis,"11,95 €",,"11,95 €/ud",
ALVAREZ GÓMEZ Coffret Lata Collection Azahar,"12,95 €",,"12,95 €/ud",
