Nome,Preço,Preço Antigo,PpU,PpU Antigo
DIA SNACK MANIAC! Pipocas Salgadas Para Microondas 3x90 g,"1,02 €",,"3,40 €/Kg",
DIA MARI MARINHEIRA Sardinhas em Tomate 120 g,"1,02 €",,"8,50 €/Kg",
SICAL Café Torrado 5 estrelas Lote Clássico em Grão 250 g,"3,59 €",,"14,36 €/Kg",
SICAL Café Torrado 5 estrelas Lote Clássico Moagem Grossa 250 g,"3,59 €",,"14,36 €/Kg",
DIA Paté de Sardinha 65 g,"0,71 €",,"10,92 €/Kg",
DIA SABOR CHARCUTEIRO Cubos de Presunto Curado 2x75 g,"1,99 €",,"13,27 €/Kg",
MOLICO Leite Em Pó Magro 380 g,"4,99 €",,"13,13 €/Kg",
DIA Iogurte Pêssego e Maracujá 500 g,"1,29 €",,"2,58 €/Kg",
DIA Iogurte Frutos Silvestres 500 g,"1,29 €",,"2,58 €/Kg",
CASA DE MATEUS Doce de Morango 345 g,"2,99 €",,"8,67 €/Kg",
DIA TEMPTATION Gelado de Morango com Pedaços de Morango 1 L,"2,19 €",,"2,19 €/l",
DIA TEMPTATION Sortido de Gelados Infantil 6x110 ml,"3,55 €",,"5,38 €/l",
DIA AL PUNTO Gaspacho 1 L,"1,65 €",,"1,65 €/l",
DIA MARI MARINHEIRA Lulas Recheadas em Molho de Caldeirada 115 g,"2,29 €",,"19,91 €/Kg",
DIA HORA + DOCE Pudim Flan 80 g,"0,55 €",,"6,88 €/Kg",
DIA TEMPTATION Creme de Barrar com Avelã 750 g,"3,84 €",,"5,12 €/Kg",
NESCAFÉ Cappuccino Café Solúvel 125 g,"3,19 €",,"25,52 €/Kg",
DIA HORA + DOCE Pudim Caramelo 90 g,"0,46 €",,"5,11 €/Kg",
NESTLÉ Bebida Láctea Crescimento 1-3 Anos 1 L,"2,25 €",,"2,25 €/l",
"MAGNUM Gelados Multipack Magnum Mini Clássico, Amêndoas e Branco 6x55 ml","4,99 €",,"15,12 €/l",
YOGOLINO Morango Alimento Lácteo +6 Meses 4x100 g,"2,16 €",,"5,40 €/Kg",
PESCANOVA Preparado de Arroz de Marisco 500 g,"3,65 €",,"7,30 €/Kg",
NESCAFÉ GOLD Café Solúvel 100 g,"5,69 €",,"56,90 €/Kg",
DIA Iogurte com Pedaços Ananás 200 g,"0,65 €",,"3,25 €/Kg",
DIA Polpa de Tomate Brick 3x210 g,"1,33 €",,"2,11 €/Kg",
MAGNUM Gelados Multipack Magnum Mini Amêndoas 6x55 ml,"4,99 €",,"15,12 €/l",
DIA Iogurte Stracciatella 500 g,"1,29 €",,"2,58 €/Kg",
NESCAFÉ DOLCE GUSTO Espresso Decaffeinato (Intensidade 5) 16 Un,"5,99 €",,"0,37 €/ud",
DIA Creme Vinagre Balsâmico de Modena 250 ml,"1,74 €",,"6,96 €/l",
PESCANOVA Caprichos Do Mar sem Glúten 400 g,"2,18 €",,"5,45 €/Kg",
DIA SABOR CHARCUTEIRO Peito de Frango Fatiado 200 g,"2,69 €",,"13,45 €/Kg",
NESCAFÉ DOLCE GUSTO Achocolatado Nesquik 16 Un,"5,99 €",,"0,37 €/ud",
NESTLÉ Maçã Manga Fruta para Bebé +6 Meses 4x100 g,"2,31 €","2,89 €","5,77 €/Kg","7,23 €/Kg"
DIA SNACK MANIAC! Pipocas Sabor a Manteiga Para Microondas 3x90 g,"1,49 €",,"5,52 €/Kg",
NESCAFÉ DOLCE GUSTO Café Au Lait 16 Un,"5,99 €",,"0,37 €/ud",
DIA SABOR CHARCUTEIRO Mortadela 900 g,"3,09 €",,"3,43 €/Kg",
NESCAFÉ DOLCE GUSTO Café Expresso Sical (Intensidade 7) 16 Un,"5,99 €",,"0,37 €/ud",
NESCAFÉ DOLCE GUSTO Café Expresso Buondi (Intensidade 8) 30 Un,"10,49 €",,"0,35 €/ud",
IZIDORO Salsichas de Aves em Frasco 5 Un,"2,40 €",,"9,80 €/Kg",
CRUNCH Chocolate Nestlé 40 g,"0,99 €",,"24,75 €/Kg",
NAN 4 Leite de Crescimento +12 800 g,"9,74 €",,"12,18 €/Kg",
NESCAFÉ DOLCE GUSTO Café Ristretto Barista (Intensidade 9) 16 Un,"5,99 €",,"0,37 €/ud",
DIA DONA MARGARIDA Margarina Culinária 250 g,"0,85 €",,"3,40 €/Kg",
YOGOLINO Natural Lácteo +6 Meses 4x100 g,"2,16 €",,"5,40 €/Kg",
MILANEZA Esparguete sem Glúten 500 g,"2,69 €",,"5,38 €/Kg",
DIA SONHOS Gelatina Ananás 6x100 g,"1,39 €",,"2,32 €/Kg",
DIA SONHOS Gelatina Tutti Frutti 6x100 g,"1,39 €",,"2,32 €/Kg",
DIA SONHOS Gelatina de Morango Light 8Kcal 6x100 g,"1,49 €",,"2,48 €/Kg",
NESTLÉ Chocolate Culinária 44% Cacau 200 g,"1,89 €",,"9,45 €/Kg",
FRUUT Maçã com Canela 20 g,"0,99 €",,"49,50 €/Kg",
FRUUT Pêra Rocha 20 g,"0,85 €",,"42,50 €/Kg",
LA PIARA Paté de Sardinha Solo Natural 75 g,"1,64 €",,"21,87 €/Kg",
IGLO Hamburgueres de Vaca sem  Glúten 8 Un,"5,49 €",,"8,58 €/Kg",
IGLO Hambúrguer de Frango Sem Glúten 8 Un,"5,49 €",,"11,44 €/Kg",
DIA SNACK MANIAC! Pipocas Doces Para Microondas 3x90 g,"1,25 €",,"4,17 €/Kg",
MAGNUM Gelados Multipack Magnum Mini Double Caramelo e Chocolate 6x60 ml,"5,99 €",,"16,64 €/l",
"NESTLÉ Pacotinho de Maçã, Cenoura e Manga 90 g","1,05 €",,"11,67 €/Kg",
NESTLÉ Tablete de Chocolate de Leite 90 g,"1,49 €",,"16,56 €/Kg",
IZIDORO Salsichas de Aves Hot Dog Em Frasco 4 un,"2,40 €",,"10,43 €/Kg",
DIA SIMPRATICO Hambúrguer de Porco Sem Glúten 8 Un,"5,20 €",,"8,67 €/Kg",
SHOYCE Bebida de Arroz 0% 1 L,"1,79 €",,"1,79 €/l",
DIA SIMPRATICO Hambúrguer de Bovino Sem Glúten 1 kg,"7,20 €",,"7,20 €/Kg",
CEM PORCENTO Chocolate Negro com Stevia 100 g,"2,49 €",,"24,90 €/Kg",
SICAL Café Torrado 5 estrelas Lote Tradição Moagem Universal 250 g,"3,49 €",,"13,96 €/Kg",
BECEL Pro Active Sabor Manteiga 225 g,"3,99 €",,"17,73 €/Kg",
PESCANOVA Preparado Para Mariscada sem Glúten 500 g,"4,19 €",,"8,38 €/Kg",
CRUNCH Chocolate Dark Nestlé 100 g,"1,99 €",,"19,90 €/Kg",
SHOYCE Bebida de Arroz 0% 200 ml,"0,60 €",,"3,00 €/l",
DIA VITAL Bebida de Arroz 1 L,"1,53 €",,"1,53 €/l",
DIA TEMPTATION Sortido de Bombons Sem Açúcar 300 g,"4,99 €",,"16,63 €/Kg",
DIA TEMPTATION Trufas Belgas Cacau 250 g,"2,19 €",,"8,76 €/Kg",
DIA Topping Cobertura De Morango 295 g,"2,19 €",,"7,42 €/Kg",
DIA Topping Cobertura de Chocolate 295 g,"2,45 €",,"8,31 €/Kg",
DIA Amendoins Cobertos de Chocolate 250 g,"2,00 €",,"8,00 €/Kg",
YOGOLINO Alperce Nestlé 4x100 g,"2,16 €",,"5,40 €/Kg",
NESTLÉ Fruta para Bebé Maçã e Pera +4 Meses 4x100 g,"2,31 €","2,89 €","5,77 €/Kg","7,23 €/Kg"
BLÉDINA Frutapura Ameixa e Maçã 4x95 g,"2,79 €",,"7,34 €/Kg",
DIA LÁCTEA Iogurte Liquido Morango E Banana 1 kg,"1,65 €",,"1,65 €/Kg",
NESCAFÉ Galão Café Solúvel 8x17 g,"2,99 €",,"21,99 €/Kg",
CRUNCH Tablete de Chocolate Branco 100 g,"2,05 €",,"20,50 €/Kg",
DIA TEMPTATION Sorvete de Iogurte de Morango 6x60 ml,"2,15 €",,"5,97 €/l",
DIA TEMPTATION Gelados Mini 4 Sabores 12x36 g,"2,59 €",,"4,32 €/l",
DIA Chocolate Branco 100 g,"0,71 €",,"7,10 €/Kg",
DIA SABOR CHARCUTEIRO Bacon Fatias 200 g,"2,09 €",,"10,45 €/Kg",
DIA VITAL Bebida de Soja Natural 1 L,"1,02 €",,"1,02 €/l",
O PRÉMIO DO DIA Sobremesa Flan de Ovo 4x100 g,"1,49 €",,"3,73 €/Kg",
MAGGI Puré de Batata 250 g,"2,49 €",,"9,96 €/Kg",
DIA Iogurte Magro Com Pedaços Multifruta 8x125 g,"2,65 €",,"2,65 €/Kg",
DIA MARI MARINHEIRA Petinga Em Tomate 90 g,"1,00 €",,"16,13 €/Kg",
NESCAFÉ Café Solúvel Clássico 100 g,"3,99 €",,"39,90 €/Kg",
DIA Maionese Up Down 300 ml,"1,43 €",,"4,77 €/l",
DIA TEMPTATION Gelados Multipack Big de Chocolate de Leite 4X120 ml,"1,85 €",,"3,85 €/l",
DIA HORA + DOCE Leite Creme 92 g,"0,50 €",,"5,43 €/Kg",
DIA LÁCTEA Leite Com Chocolate 3x200 ml,"0,87 €",,"1,45 €/l",
NOBRE Frankfurt Salsichas Lata 6 Un,"1,19 €",,"4,76 €/Kg",
DIA Amendoins Com Sal 250 g,"1,05 €",,"4,20 €/Kg",
NESCAFÉ Café Solúvel Clássico 10x2 g,"1,59 €",,"79,50 €/Kg",
DIA Salsichas Baviera 300 g,"2,19 €",,"7,30 €/Kg",
DIA TÔFRITA! Batata Frita Caseira 180 g,"1,05 €",,"5,83 €/Kg",
DIA TÔFRITA! Batata Frita Palha 200 g,"1,12 €",,"5,60 €/Kg",
DIA MARI MARINHEIRA Sardinhas Em Tomate Picante 120 g,"1,05 €",,"8,75 €/Kg",
DIA SABOR CHARCUTEIRO Fiambre da Pá 2x125 g,"1,99 €",,"7,96 €/Kg",
O PRÉMIO DO DIA Mousse de Chocolate 4x60 g,"1,05 €",,"4,38 €/Kg",
DIA VEGECAMPO Polpa de Tomate 500 g,"1,02 €",,"2,04 €/Kg",
DIA SABOR CHARCUTEIRO Tiras de Bacon 2x100 g,"2,79 €",,"13,95 €/Kg",
DIA HORA + DOCE Mousse de Chocolate 150 g,"1,02 €",,"6,80 €/Kg",
DIA Maionese Frasco 450 ml,"2,26 €",,"5,02 €/l",
RUFFLES Batata Frita Heinz Ketchup 150 g,"1,89 €",,"12,60 €/Kg",
FRITOS Aperitivos Tiras de Milho 130 g,"1,07 €",,"8,23 €/Kg",
LAY'S Batata Frita Lisa Mediterrâneas Clássicas 150 g,"2,19 €",,"14,60 €/Kg",
DIA HORA + DOCE Pudim de Baunilha 90 g,"0,46 €",,"5,11 €/Kg",
NESTLÉ Leite Condensado Cozido 397 g,"1,56 €",,"3,93 €/Kg",
O PRÉMIO DO DIA Arroz Doce 4x130 g,"2,59 €",,"4,98 €/Kg",
NESCAFÉ DOLCE GUSTO Cappuccino 16 Un,"5,99 €",,"0,37 €/ud",
NESCAFÉ DOLCE GUSTO Café Espresso Intenso (Intensidade 7) 16 Un,"5,99 €",,"0,37 €/ud",
DIA O CHOCALHO Queijo Flamengo Fatias 450 g,"3,89 €",,"8,64 €/Kg",
IZIDORO Salsichas Hot Dog 4 Un,"2,46 €",,"9,84 €/Kg",
NOBRE Extra Suculento Fiambre Fatias Finas 100 g,"1,29 €",,"12,90 €/Kg",
NESCAFÉ DOLCE GUSTO Café Expresso Sical (Intensidade 7) 30 Un,"10,49 €",,"0,35 €/ud",
"BABYSMILE Puré de Frutas Maçã, Pêra E Pêssego 2x200 g","2,05 €",,"5,12 €/Kg",
NOBRE Extra Suculento Fiambre Fatias Clássicas 100 g,"1,20 €",,"12,00 €/Kg",
CAMPOFRIO Forno de Lenha Peito de Peru Fatias Clássicas 120 g,"1,99 €","2,69 €","16,58 €/Kg","22,42 €/Kg"
DIA Gomas Sortidas 250 g,"1,49 €",,"5,96 €/Kg",
DIA Gomas Tubarão Brilho 300 g,"1,95 €",,"6,50 €/Kg",
DIA Gomas Sortidas 300 g,"1,45 €",,"4,83 €/Kg",
DIA SABOR CHARCUTEIRO Peito de Peru Fatias Finas 100 g,"1,29 €",,"12,90 €/Kg",
DANONINO Petitdino Morango 6x50 g,"2,39 €",,"7,97 €/Kg",
DANONINO Petitdino Morango/Banana 6x50 g,"2,39 €",,"7,97 €/Kg",
NESTLÉ Pacotinho 4 Frutas Para Bebé +6 Meses 90 g,"1,05 €",,"11,67 €/Kg",
DIA SONHOS Gelatina de Morango 6x100 g,"1,39 €",,"2,32 €/Kg",
NESTLÉ GO FREE Corn Flakes Cereais de Milho sem Glúten 375 g,"2,99 €",,"7,97 €/Kg",
NESTLÉ Pacotinho Banana Maçã Para Bebé +6 Meses 90 g,"1,05 €",,"11,67 €/Kg",
NESCAFÉ DOLCE GUSTO Café Ristretto Ardenza (Intensidade 11) 16 Un,"5,99 €",,"0,37 €/ud",
BICENTURY Tortitas de Milho Sem Glúten 130 g,"1,79 €",,"13,77 €/Kg",
NESTLÉ EXTRAFINO Tablete de Chocolate de Leite sem Glúten 125 g,"1,89 €",,"15,12 €/Kg",
NESTLÉ EXTRAFINO Tablete de Chocolate de Leite com Avelãs sem Glúten 123 g,"1,89 €",,"15,37 €/Kg",
IZIDORO Salsichas Bockwurst 8 Un,"3,62 €",,"9,16 €/Kg",
IGLO Hambúrguer Frango Sem Glúten 4 Un,"5,99 €",,"24,96 €/Kg",
IGLO Hambúrguer Vaca Sem Glúten 4 Un,"5,99 €",,"18,72 €/Kg",
CRUNCH Tablete de Chocolate Nestlé 100 g,"1,99 €",,"19,90 €/Kg",
NESQUIK Achocolatado em Pó sem Glúten 390 g,"2,74 €",,"7,03 €/Kg",
SICAL Café Torrado Moído Lote Clássico Moagem Fina (Intensidade 10) 250 g,"3,59 €",,"14,36 €/Kg",
DIA SABOR CHARCUTEIRO Chouriço Corrente 200 g,"1,19 €",,"5,95 €/Kg",
JUNIORSMILE Pasta de Dentes Júnior 100 ml,"1,25 €",,"12,50 €/l",
DIA Manteiga Dos Açores 250 g,"2,09 €",,"8,36 €/Kg",
DIA Salsichas de Aves Em Frasco 5 Un,"1,95 €",,"4,64 €/Kg",
DIA Flan de Baunilha 6x100 g,"1,15 €",,"1,92 €/Kg",
CERELAC Primeira Papa Láctea Multifrutos Sem Glúten +4 Meses 250 g,"3,99 €",,"15,96 €/Kg",
DIA SABOR CHARCUTEIRO Fatias de Afiambrado 2x110 g,"1,49 €",,"6,77 €/Kg",
DIA TEMPTATION Gelado Doce de Leite 900 ml,"2,59 €",,"2,88 €/l",
DIA VITAL Bebida de Soja Natural 3x200 ml,"1,02 €",,"1,70 €/l",
DIA VITAL Bebida de Soja Light 1 L,"1,12 €",,"1,12 €/l",
NESCAFÉ DOLCE GUSTO Café Expresso Buondi (Intensidade 8) 16 Un,"5,99 €",,"0,37 €/ud",
DIA VITAL Bebida de Soja de Chocolate 3x200 ml,"1,33 €",,"2,22 €/l",
"BLÉDINA Puré Fruta Maçã, Laranja & Banana 4x95 g","2,79 €",,"7,34 €/Kg",
BARILLA Molho Pesto Barilla 190 g,"3,74 €","4,99 €","19,68 €/Kg","26,26 €/Kg"
DIA SIMPRATICO Hambúrguer de Frango Sem Glúten 320 g,"2,75 €",,"8,59 €/Kg",
DIA TEMPTATION Creme Cacau Duo 750 g,"2,95 €",,"3,93 €/Kg",
SHOYCE Creme Culinário 200 ml,"1,11 €",,"5,55 €/l",
NIDO Leite Em Pó Gordo Nestlé 680 g,"8,99 €",,"13,22 €/Kg",
NESTLÉ Tablete de Chocolate Preto 90 g,"1,49 €",,"16,56 €/Kg",
NESTLÉ Pacotinho Fruta Para Bebé Multifrutas +6 Meses 90 g,"1,05 €",,"11,67 €/Kg",
NOBRE Cuida-t+ Peito de Peru Fatias Finas 110 g,"2,69 €",,"24,45 €/Kg",
SHOYCE Bebida de Aveia 200 ml,"0,73 €",,"3,65 €/l",
SHOYCE Bebida de Amêndoa 1 L,"2,19 €",,"2,19 €/l",
DIA VITAL Bebida de Amêndoa 1 L,"1,64 €",,"1,64 €/l",
NESTLÉ Pacotinho Fruta Para Bebé Maçã e Manga +6 Meses 90 g,"1,05 €",,"11,67 €/Kg",
NESTLÉ Leite Condensado Tradicional 370 g,"1,49 €",,"4,03 €/Kg",
DIA LÁCTEA Iogurte Líquido Morango 1 kg,"1,65 €",,"1,65 €/Kg",
NESTUM ZERO Cereais de Arroz sem Glúten Nestlé 250 g,"2,49 €",,"9,96 €/Kg",
BUONDI Cápsulas de Café Buondi By Nespresso Original Nestlé 10 Un,"4,09 €",,"0,41 €/ud",
NESTLÉ Chocolate de Leite E Amendoim 90 g,"1,49 €",,"16,56 €/Kg",
DIA TEMPTATION Smoothie Frutas Sabor Tropical e Sabor Frutos Vermelhos 6x55 ml,"2,39 €",,"7,24 €/l",
DIA TEMPTATION Gelados Mini Caramelo e Framboesa 6x50 ml,"2,55 €",,"8,50 €/l",
NESCAFÉ DOLCE GUSTO Café Ristretto Napoli (Intensidade 13) 16 un,"5,99 €",,"0,37 €/ud",
"BE-KIND Barra de Amêndoa, Caramelo e Sal Marinho 40 g","1,99 €",,"49,75 €/Kg",
BE-KIND Barra Manteiga de Amendoim e Chocolate Negro 40 g,"1,99 €",,"49,75 €/Kg",
NESQUIK Achocolatado em Pó Extra Choc 390 g,"3,14 €",,"8,05 €/Kg",
NESTLÉ Tablete de Chocolate com Amêndoas Extrafino 123 g,"1,89 €",,"15,37 €/Kg",
"NESTLÉ Pacotinho de Fruta Banana, Laranja, Bolacha Naturnes 90 g","1,05 €",,"11,67 €/Kg",
"NESTLÉ Pacotinho de Fruta Banana, Maçã, Morango Naturnes 90 g","1,05 €",,"11,67 €/Kg",
YOGOLINO Pêssego e Banana com 0% Açúcares Adicionados Nestlé 4x100 g,"2,16 €",,"5,40 €/Kg",
SHOYCE Bebida de Amêndoa 0% Açúcar 1 L,"2,19 €",,"2,19 €/l",
BUONDI BY NESPRESSO Cápsulas de Café Encorpado Nestlé 10 Un,"4,09 €",,"0,41 €/ud",
BUONDI BY NESPRESSO Cápsulas de Café Intenso Nestlé 10 Un,"4,09 €",,"0,41 €/ud",
CRUNCH Tablete de Chocolate Biscuit 100 g,"1,99 €",,"19,90 €/Kg",
"NESTLÉ Refeição Abóbora, Batatas e Perú 190 g","1,51 €",,"7,95 €/Kg",
NESTLÉ Refeição Legumes com Vitela 190 g,"1,51 €","1,89 €","7,95 €/Kg","9,95 €/Kg"
NESCAFÉ DOLCE GUSTO Café Ristretto Ardenza (Intensidade 11) 3x16 un,"14,89 €",,"0,31 €/ud",
NESTLÉ Tablete Chocolate Negro Extrafino 125 g,"1,99 €",,"15,92 €/Kg",
NESCAFÉ DOLCE GUSTO Café Espresso Buondi (Intensidade 8) 3x16 un,"14,89 €",,"0,31 €/ud",
NESCAFÉ DOLCE GUSTO Café Espresso Sical (Intensidade 7) 3x16 un,"14,89 €",,"0,31 €/ud",
IZIDORO Salsicha Vegan Frasco 5 unidades 220 g,"3,34 €",,"15,18 €/Kg",
OLD EL PASO Snack Tortilla Nachips 185 g,"2,99 €",,"16,16 €/Kg",
SHOYCE Bebida Aveia e Amêndoa 0% 1 L,"2,19 €",,"2,19 €/l",
SHOYCE Bebida Aveia Choco 0% 1 L,"2,19 €",,"2,19 €/l",
NESTLÉ Chocolate em Pó Intenso 40% 330 g,"3,64 €",,"11,03 €/Kg",
IZIDORO Salsicha Frankfurt Embalagem Familiar Lata 12 un,"1,47 €",,"0,12 €/ud",
FERBAR Polvilho Doce 500 g,"2,99 €",,"5,98 €/Kg",
FERBAR Tapioca Hidratada 500 g,"3,49 €",,"6,98 €/Kg",
DIA GALATEA Queijo Ralado Mozzarella 200 g,"1,69 €",,"8,45 €/Kg",
DIA GALATEA Queijo Ralado Emmental 200 g,"1,75 €",,"8,75 €/Kg",
FRUUT Abacaxi Embalado 20 g,"1,34 €",,"67,00 €/Kg",
NESTLÉ Pacotinho Maçã Pêssego 90 g,"1,05 €",,"11,67 €/Kg",
BEIRANOVA Preparado Mariscada sem Glúten 450 g,"3,99 €",,"8,87 €/Kg",
NOBRE VEGALIA Especialidade Vegetariana de Soja Lata 8 un,"2,29 €",,"0,29 €/ud",
NOBRE VEGALIA Especialidade Vegetariana de Tofu Lata 8 un,"2,29 €",,"0,29 €/ud",
DIA TEMPTATION Gelado Baunilha 1 L,"2,29 €",,"2,29 €/l",
DOLCE GUSTO Cápsulas de Café Buondi Intenso (Intensidade 10) 16 un,"5,99 €",,"0,37 €/ud",
DIA AL PUNTO Tortilha de Cebola 600 g,"3,35 €",,"5,58 €/Kg",
DIA AL PUNTO Quinoa com Verduras 400 g,"2,79 €",,"6,98 €/Kg",
DIA SIMPRATICO Hamburguer Misto Sem Glúten 500 g,"3,65 €",,"7,30 €/Kg",
DIA PRA JÁ! Pão de Queijo Congelado 300 g,"2,49 €","2,95 €","8,30 €/Kg","9,83 €/Kg"
DIA SIMPRATICO Hamburguer de Vaca 100% 500 g,"5,95 €",,"11,90 €/Kg",
DIA SIMPRATICO Almôndegas de Bovino sem Glúten 600 g,"5,79 €",,"9,65 €/Kg",
DIA HORA + DOCE Gelatina Melancia 2x55 g,"0,89 €",,"8,09 €/Kg",
DIA NATURDOCE Doce de Pêssego sem Açúcar 250 g,"2,72 €",,"10,88 €/Kg",
DIA NATURDOCE Doce de Morango sem Açúcar 250 g,"2,72 €",,"10,88 €/Kg",
DIA HORA + DOCE Gelatina de Ananás 2x55 g,"0,89 €",,"8,09 €/Kg",
DIA HORA + DOCE Gelatina de Morango 2x55 g,"0,89 €",,"8,09 €/Kg",
DIA HORA + DOCE Gelatina de Pêssego 2x55 g,"0,89 €",,"8,09 €/Kg",
DIA HORA + DOCE Gelatina Tutti Frutti 2x55 g,"0,89 €",,"8,09 €/Kg",
IZIDORO Salsichas de Aves Frasco 9 un,"2,84 €",,"7,89 €/Kg",
POM'BEL Puré de Maçã 4x100 g,"2,29 €",,"5,73 €/Kg",
POM'BEL Puré de Maçã e Manga 4x100 g,"2,29 €",,"5,73 €/Kg",
POM'BEL Puré de Maçã e Pêra 4x100 g,"2,29 €",,"5,73 €/Kg",
DIA MAXI PAVO Fiambre de Perú 900 g,"3,29 €",,"3,66 €/Kg",
BUONDI BY NESPRESSO Cápsulas de Café Extreme (Intensidade 12) 10 un,"4,09 €",,"0,41 €/ud",
IZIDORO Salsicha Bockwurst Familiar Frasco 9 un,"2,84 €",,"7,89 €/Kg",
DOLCE GUSTO Cápsulas de Café Doppio Espresso (Intensidade 10) 16 un,"5,99 €",,"0,37 €/ud",
VIOLIFE Fatiado 100% Vegan Sabor Original 200 g,"3,09 €",,"15,45 €/Kg",
DIA MARI MARINHEIRA Delícias do Mar 450 g,"2,25 €",,"5,00 €/Kg",
NOBRE Salsichas Hot Dog Frasco 4 un,"2,59 €",,"12,33 €/Kg",
NOBRE Salsichas Hot Dog Aves Frasco 4 un,"2,59 €",,"12,33 €/Kg",
DIA DON SALSICHÓN Salsichas Cocktail Aves 180 g,"1,59 €",,"8,83 €/Kg",
DIA DON SALSICHÓN Salsichas Aves Tipo Frankfurt 8 un,"1,15 €",,"0,14 €/ud",
DIA DON SALSICHÓN Salsichas Cocktail 180 g,"1,53 €",,"8,50 €/Kg",
NOBRE Salsichas de Frango Cuida-T 210 g,"2,59 €",,"12,33 €/Kg",
NESTLÉ Tablete Chocolate Extrafino Negro 70% 120 g,"2,69 €",,"22,42 €/Kg",
SHOYCE Bebida Avelã 0% 1 L,"2,49 €",,"2,49 €/l",
DIA LÁCTEA Iogurte Natural Açucarado Cana de Açúcar 8x125 g,"1,65 €",,"1,65 €/Kg",
GULLON Mini Chips Chocolate sem Glúten 200 g,"2,69 €",,"13,45 €/Kg",
GULLON Bolachas Aveia e Laranja sem Glúten 180 g,"2,69 €",,"14,94 €/Kg",
BENEFEAT Barra Proteica Bio de Amendoim 35 g,"1,65 €",,"47,14 €/Kg",
BENEFEAT Barra Energética Bio de Coco e Banana 35 g,"1,65 €",,"47,14 €/Kg",
IZIDORO Hamburgueres Vegan Embalados Veggie Lovers 220 g,"3,49 €",,"15,86 €/Kg",
DIA TEMPTATION Gelado Big Golden Caramelo 3x67 g,"2,39 €",,"8,85 €/l",
DIA TEMPTATION Sorvete de Limão 1 L,"2,05 €",,"2,05 €/l",
SEARA Flocos de Aveia sem Glúten Bio 400 g,"2,39 €",,"5,98 €/Kg",
