Nome,Marca,Quantidade,Preço Primário,Preço Por Unidade,Promo
Vinho Tinto,ADEGA DE MURÇA,Garrafa 0.75 LT,"1,99€","2,65€ / LT",
Óleo Intense 5-10 Castanho Claro,SYOSS,,"6,24€",/ Unid.,
Galinha Inteira,,1 Unid. = 1.2 KG (aprox.),"1,99€/kg","2,39€ / Unid.",
Detergente para a Máquina da Roupa Cores 3 em 1,SKIP,Emb. 1.134 KG,"12,49€","11,01€ / KG",
Gel Banho Aveia,MANAVA,Emb. 0.75 LT,"1,79€","2,39€ / LT",
DESODORIZANTE SPRAY SEDUCTION MEN 100ML COMPACT,CARRÉ HOMME,Emb. 0.1 LT,"1,29€","12,90€ / LT",
BOLACHA MY COOKIES AVEIA,NACIONAL,Emb. 0.15 KG,"1,71€","11,40€ / KG",
"BOLACHAS ""GENOISE"" MORANGO",P'TIT DÉLI,Emb. 0.15 KG,"1,19€","7,93€ / KG",
Vinho Frutado Tinto,SALVE,Garrafa 0.75 LT,"1,29€","1,72€ / LT",
MINI CANETA CORRETORA 3UN,ESQUISSE,Emb. 3 UNID.,"1,39€","0,46€ / UNID.",
Compota de Maçã Morango Biológica 4x100g,,Emb. 0.4 KG,"1,99€","4,98€ / KG",
Bife chã de Fora de Novilho,,1 Unid. = 0.5 KG (aprox.),"9,99€/kg","5,00€ / Unid.",
CHAMPO FORTIFICANTE CABELOS NORMAIS 250ML,CARRÉ HOMME,Emb. 0.25 LT,"1,49€","5,96€ / LT",
CAFE INTENSO 48 PASTILHAS,ECO+,Emb. 0.336 KG,"3,49€","10,39€ / KG",
Pensos Higiénicos Super C/ Abas Eco,UNÍ VERT,Emb. 12 UNID.,"1,49€","0,12€ / UNID.",
Frango do Campo Inteiro,,1 Unid. = 2.8 KG (aprox.),"3,69€/kg","10,33€ / Unid.",
Café Solúvel Alta Rica Intenso,NESCAFÉ,Emb. 0.1 KG,"6,38€","63,80€ / KG",
VASSOURA,SILLAGE,Emb. 1 UNID.,"1,89€","1,89€ / UNID.",
Bolachas Digestivas Aveia Oats Choc,GULLÓN,Emb. 0.425 KG,"2,73€","6,42€ / KG",
Fraldas Recém Nascido T1 Ultra Confort 2/5Kg,MOTS D'ENFANTS,Emb. 23 UNID.,"2,75€","0,12€ / UNID.",
Gelado Bomboniera Pack 6,MAGNUM,Emb. 0.07 LT,"1,98€","28,29€ / LT",
Gel De Banho Suave 500 Ml + 250 Ml Grátis,CORINE DE FARME,Emb. 0.75 LT,"4,84€","6,45€ / LT",
Iogurte Líquido Lima Limão 4x155g,DANONE,Emb. 0.62 KG,"1,69€","2,73€ / KG",
Alimento Seco Gatos Croquetes Fígado e Legumes,TOUS MES AMIS,Emb. 4 KG,"5,89€","1,47€ / KG",
Alimento Seco P/ Gatos Esterilizados Salmão,PURINA FRISKIES,Emb. 1.5 KG,"6,98€","4,65€ / KG",
CERA CREME PRETA 75ML,LA VACHETTE,Emb. 0.075 LT,"2,03€","27,07€ / LT",
ANDOUILLETTE COM ERVAS 3UN,TRADILÈGE,Emb. 0.42 KG,"4,55€","10,83€ / KG",
Rum Spice Gold,CAPTAIN MORGAN,Garrafa 0.7 LT,"14,98€","21,40€ / LT",
Toalhitas para Bebé Natural Care,HUGGIES,Emb. 56 UNID.,"1,29€","0,02€ / UNID.",
Melão Verde,,1 Unid. = 2.8 KG (aprox.),"1,19€/kg","3,33€ / Unid.",
Amaciador Concentrado Aromaterapia Dourado,VERNEL,Emb. 57 DOSES,"3,29€","0,06€ / DOSES",
PIZZA MOZZARELLA MERVEILLOSA,TURINI,Emb. 0.335 KG,"1,79€","5,34€ / KG",
Corvina à Posta,,1 Unid. = 0.205 KG (aprox.),"9,29€/kg","1,90€ / Unid.",
Vinagre Vinho Tinto,GALLO,Garrafa 0.25 LT,"1,09€","4,36€ / LT",
Luvas Domésticas Duplex Tamanho M,RENOVA LUVAS,Emb. 1 UNID.,"1,08€","1,08€ / UNID.",
Pantene Purifica & Reconstrói Máscara 160 ml,,Emb. 0.16 LT,"5,98€","37,38€ / LT",
Alimento Seco Cão Active Completo,PURINA FRISKIES,Emb. 4 KG,"12,78€","3,20€ / KG",
CHOCOLATE PRETO COM FLOR DE SAL,EQUADOR,Emb. 0.1 KG,"1,19€","11,90€ / KG",
Ervilhas Muito Finas,NOTRE JARDIN,Emb. 0.4 KG,"0,99€","2,48€ / KG",
Salteado de Frango C/ Legumes,CÔTÉ TABLE,Emb. 0.9 KG,"3,99€","4,43€ / KG",
PILHAS ALC.LR6X4 CLARTECH,FOXTER,Emb. 4 UNID.,"1,27€","0,32€ / UNID.",
Leite Condensado,NESTLÉ,Lata 0.37 KG,"1,49€","4,03€ / KG",
Iogurte Líquido Tutti Frutti 4x155g,DANONE,Emb. 0.62 KG,"1,39€","2,24€ / KG",
Detergente Loiça Manual Recarga Espuma Ativa,FAIRY,Emb. 0.375 LT,"3,58€","9,55€ / LT",
Chá de Ervas Digestão Fácil,LIPTON,Emb. 20 SAQ.,"1,94€","0,10€ / SAQ.",
Gliss Reparação Total Condicionador Express em Spray,GLISS,Emb. 0.2 LT,"3,24€","16,20€ / LT",
BACALHAU P/ CALDEIRADA,PÊCHE OCÉAN,Emb. 0.8,"3,99€","4,99€ /",
Água Tónica Mist,NORDIC,Lata 0.25 LT,"0,74€","2,96€ / LT",
Cápsula e pastilha de café DGC ESPRESSO CREMOSO 16UN,LAVAZZA,Emb. 16 UNID.,"4,49€","0,28€ / UNID.",
Água de Colónia com Glicerina e Chá Branco,HENO DE PRAVIA,Emb. 0.78 LT,"7,98€","10,23€ / LT",
Tostas de Trigo 36Unid.,EPI D'OR,Emb. 0.3 KG,"1,49€","4,97€ / KG",
Iogurte Mix-in Nesquik 84% Leite Cereais 2 Unid.,NESTLÉ,Emb. 0.232 KG,"2,09€","9,01€ / KG",
Piano Reserva 2016 Douro Branco,PIANO,Emb. 0.75 LT,"6,49€","8,65€ / LT",
Conserva de Feijão Frade,COMPAL,Lata 0.845 KG,"1,59€","1,88€ / KG",
BOLOS C/ RECHEIO CHOCOLATE S/ GLUTEN,CHAQUE JOUR SANS GLUTEN,Emb. 0.21 KG,"3,29€","15,67€ / KG",
Cereais de Trigo Original,WEETABIX,Emb. 0.43 KG,"3,38€","7,86€ / KG",
Creme Hidratante com Água Floral de Rosa,GARNIER,Emb. 0.05 LT,"5,98€","119,60€ / LT",
MARSHMALLOWS CHOCO,COPAÍNS COPINES,Emb. 0.16 KG,"1,86€","11,63€ / KG",
Gel Banho Bebé Extra Suave 500 ml +250 ml Grátis,CORINE DE FARME,Emb. 0.75 LT,"4,84€","6,45€ / LT",
Queijo Para Barrar Noz,LES CROISÉS,Emb. 0.125 KG,"1,09€","8,72€ / KG",
AUSONIA ORG COTTON SUPER ABAS,AUSONIA,Emb. 10 UNID.,"2,54€","0,25€ / UNID.",
MISTURA DE CARVAO VEGETAL,ECO+,Emb. 5 KG,"4,99€","1,00€ / KG",
Bebida Energética Rehab,MONSTER ENERGY,Lata 0.5 LT,"1,20€","2,40€ / LT",
Paté Campestre Superior 2X50g,TRADILÈGE,Emb. 0.1 Kg,"1,45€","14,50€ / Kg",
Pensos Higiénicos Respirare Normal,CAREFREE,Emb. 44 UNID.,"2,78€","0,06€ / UNID.",
Medalhões Pescada,PÊCHE OCÉAN,Emb. 0.4 KG,"3,29€","8,23€ / KG",
IOGURTE MORANGO/PESSEGO BISNAGA 6UN,DÉLISSE,Emb. 0.54,"2,45€","4,54€ /",
Alimento Húmido para Gato Fígado e Aves,LYCAT,Emb. 0.1 KG,"0,45€","4,50€ / KG",
Salteado de Legumes Mediterrâneo,BONDUELLE,Emb. 0.7 KG,"4,58€","6,54€ / KG",
Barras de Cereais 6 Unid.,FITNESS,Emb. 0.141 KG,"2,33€","16,52€ / KG",
Ração Húmida Gato Fantastic Banquete do Mar,FELIX,Emb. 0.34 KG,"2,58€","7,59€ / KG",
Batata Branca,,1 Unid. = 1 KG (aprox.),"0,99€/kg","0,99€ / Unid.",
Compota de Frutas Maçã e Pera sem Adição de Açúcares 4x100g,DOUCEUR DU VERGER,Emb. 0.4 KG,"1,49€","3,73€ / KG",
Pensos Higiénicos Normal sem Alas,EVAX,Emb. 12 UNID.,"2,98€","0,25€ / UNID.",
BLOCO NOTAS ADESIVO FANTASIA,ESQUISSE,Emb. 1 UNID.,"1,29€","1,29€ / UNID.",
Papa Infantil Bolacha Maria,CERELAC,Emb. 0.25 KG,"1,79€","7,16€ / KG",
Vinho Verde Branco,MURALHAS,Garrafa 0.75 LT,"4,29€","5,72€ / LT",
LUVAS JARDINAGEM S CINZA,BEAUX JOURS,Emb. 1 UNID.,"1,99€","1,99€ / UNID.",
Polpa de Tomate Cebola e Alho,GULOSO,Emb. 0.5 KG,"2,07€","4,14€ / KG",
TERRA MUDANCA VASO BIO 20L,BEAUX JOURS,Emb. 20 LT,"3,02€","0,15€ / LT",
Bolos Petit-Four de Coco,,Emb. 0.3 KG,"2,79€","9,30€ / KG",
Batatas Fritas Presunto,RUFFLES,Emb. 0.15 KG,"1,87€","12,47€ / KG",
FITA ADESIVA ISOLANTE ELECTRICOS 5M,ECO+,Emb. 10 UNID.,"2,99€","0,30€ / UNID.",
SPRAY LIMPA VIDROS 1 L 1L TECH9,TECH9,Emb. 1 LT,"2,99€","2,99€ / LT",
Croissant Recheado de Chocolate,,1 UNID.,"0,99€","0,99€ / UNID.",
Batatas Pré-fritas Ultracongeladas,,Emb. 1 KG,"1,19€","1,19€ / KG",
Ração para cão c/ Vaca,ULTIMA,Emb. 7.5 KG,"43,28€","5,77€ / KG",
Molho Piri-piri Extra Picante,PALADIN,Emb. 0.075 LT,"1,77€","23,60€ / LT",
Bites Green Cuisine Batata Doce,IGLO,Emb. 0.275 KG,"4,78€","17,38€ / KG",
Sacos do Lixo 50 Litros,ELEMBAL,Emb. 15 UNID.,"2,19€","0,15€ / UNID.",
Champô Anti-Caspa Cool Sport Mentol para Todos os Tipos de Cabelo,LINIC,Emb. 0.36 LT,"4,94€","13,72€ / LT",
Barras Hero Muesly De Cereais Chocolate Negro 6x23g,HERO,Emb. 0.138,"1,79€","12,97€ /",
Bloco Sanitário Power 5 Blue Water Ocean,DOMESTOS,Emb. 0.106 KG,"2,74€","25,85€ / KG",
Alimento Seco P/ Gato Free Dc Salmão,BEYOND,Emb. 0.325 KG,"3,98€","12,25€ / KG",
CADERNO CAPA PRETA A4 LISO 60P,ESQUISSE,Emb. 1 UNID.,"0,85€","0,85€ / UNID.",
Massa Pevides,TURINI,Emb. 0.25 KG,"0,59€","2,36€ / KG",
Refrigerante Mini C/ Gás Pack 12,COCA COLA,Emb. 1.8 LT,"6,23€","3,46€ / LT",
Carapau Pequeno,,1 Unid. = 0.12 KG (aprox.),"1,99€/kg","0,24€ / Unid.",
Vinho Regional Alentejo Tinto,TERRAS D'EL REI,Garrafa 0.75 LT,"2,78€","3,71€ / LT",
Creme Depilatório Silk & Fresh,VEET,Emb. 0.2 LT,"6,64€","33,20€ / LT",
Pao Forma Sem Codea Economico,PANRICO,Emb. 0.45 KG,"1,98€","4,40€ / KG",
Amendoim C/ Casca Torrado,MARQUE REPERE,Emb. 0.2 KG,"1,29€","6,45€ / KG",
Queijo Flamengo Light Fatiado,MIMOSA,Emb. 0.2 KG,"2,48€","12,40€ / KG",
Tomates Inteiros Pelados C/ Sumo,ECO+,Emb. 0.449 KG,"0,75€","1,67€ / KG",
Champô 2em1 P/ Cabelos Muito Secas Extra Suave,MANAVA,Emb. 0.5 LT,"2,29€","4,58€ / LT",
Beringela,,1 Unid. = 0.37 KG (aprox.),"3,59€/kg","1,33€ / Unid.",
Barras de Cereais de Chocolate C/ Leite 6 Unid.,CHOCAPIC,Emb. 0.15 KG,"3,27€","21,80€ / KG",
Enxada Rebitada,BEAUX JOURS,Emb. 1 UNID.,"7,58€","7,58€ / UNID.",
Conserva de Azeitona Verde Descaroçada,RUSTICA,Frasco 0.36 KG,"1,09€","3,03€ / KG",
Miolo de Amêndoa Palitada,MARQUE REPERE,Emb. 0.15 KG,"2,39€","15,93€ / KG",
BLOCO SANITARIO ACTIV EFFECT TROPICAL 2UN,SYPHON,,"1,69€",/ Unid.,
Chipicao Mini Croissant Baunilha,CHIPICAO,Emb. 0.08 KG,"1,13€","14,13€ / KG",
Pepino,,1 Unid. = 0.37 KG (aprox.),"2,49€/kg","0,92€ / Unid.",
Mostarda de Dijon Forte,,Frasco 0.85 KG,"2,49€","2,93€ / KG",
PURE MACA/FRAMBOESA SEM ADICAO ACUCAR,DOUCEUR DU VERGER,Emb. 0.4 KG,"1,39€","3,48€ / KG",
Ambientador Difusor Essential Mist Lavanda,AIR WICK,Emb. 1 UNID.,"13,19€","13,19€ / UNID.",
Crocantes de Frango Original Ultracongelado,IGLO,Emb. 0.18 KG,"3,98€","22,11€ / KG",
Iogurte Natural 8x120g,DANONE,Emb. 0.96 KG,"2,58€","2,69€ / KG",
FARINHA DE TRIGO SEMI-INTEGRAL BIO,,Emb. 1 KG,"1,53€","1,53€ / KG",
Johnson's Baby Spray para Cabelo Penteia,JOHNSON'S BABY,Emb. 0.2 LT,"4,38€","21,90€ / LT",
GELADO BAUNILHA E SORVETE F.VERMELHOS 900ML ESKISS,ESKISS,Emb. 0.9 LT,"3,00€","3,33€ / LT",
Selecção de Frutos Secos,MARQUE REPERE,Emb. 0.3 KG,"3,99€","13,30€ / KG",
IOGURTE C/ CAMADA MIRTILO OVELHA BIO,,Emb. 0.25 KG,"1,75€","7,00€ / KG",
Café Torrado África Ásia e Brasil Moagem Grão,SICAL,Emb. 0.25 KG,"2,39€","9,56€ / KG",
Paté para cão de Frango e Carne,TOUS MES AMIS,Emb. 0.3 KG,"0,79€","2,63€ / KG",
"CANETA ROLLER GEL AZUL 0,5MM 2UN",ESQUISSE,Emb. 2 UNID.,"1,19€","0,60€ / UNID.",
Iogurte Líquido de Manga e Papaia 4 Unid.,ACTIVIA,Emb. 0.62 KG,"1,99€","3,21€ / KG",
Pantene Purifica & Reconstrói Condicionador 160 ml,,Emb. 0.16 LT,"4,98€","31,13€ / LT",
Lixívia Tradicional 4 L,NEOBLANC,Emb. 4 LT,"2,84€","0,71€ / LT",
Bolachas Barquettes com Recheio de Morango,P'TIT DÉLI,Emb. 0.12 KG,"1,08€","9,00€ / KG",
Massa Laços Tricolores,MILANEZA,Emb. 0.5 KG,"1,89€","3,78€ / KG",
Vinho Tinto Regional Alentejano,COMP DO VINHO,Emb. 3 LT,"6,49€","2,16€ / LT",
Conserva Cogumelos Laminados,NOTRE JARDIN,Lata 0.185 KG,"0,65€","3,51€ / KG",
Massa Pontinha Clássica,NACIONAL,Emb. 0.25 KG,"0,72€","2,88€ / KG",
Bolachas Recheadas de Morango,P'TIT DÉLI,Emb. 0.15 KG,"1,59€","10,60€ / KG",
Vinho Regional Dão Tinto,GRÃO VASCO,Garrafa 0.75 LT,"2,99€","3,99€ / LT",
CREME VEGETAL P/ CULINARIA,,Emb. 0.25 KG,"0,79€","3,16€ / KG",
Coloração Permanente Nutritiva 5.62 Vermelho Ousado,NUTRISSE,Emb. 1 UNID.,"9,48€","9,48€ / UNID.",
Água com Gás Pet 6x33 cl,PEDRAS SALGADAS,Emb. 1.98 LT,"2,77€","1,40€ / LT",
TIRAS FRANGO PANADO,CÔTÉ CROC,Emb. 0.6 KG,"6,99€","11,65€ / KG",
Queijo Raclette,,1 Unid. = 0.25 KG (aprox.),"9,99€/kg","2,50€ / Unid.",
Arroz Carolino,SALUDÃES,Emb. 1 KG,"1,13€","1,13€ / KG",
BACON EXTRA FATIADO,CAMPO FINO,Emb. 0.15 KG,"1,34€","8,93€ / KG",
Maçã Royal Gala Cal. 70/75,,1 Unid. = 0.18 KG (aprox.),"1,69€/kg","0,30€ / Unid.",
MOLHO CARIL DE LEGUMES C/LEITE COCO,RUSTICA,Emb. 0.4 KG,"1,25€","3,13€ / KG",
Pão com Chouriço,,1 Unid. = 0.13 KG,"8,29€","63,77€ / KG",
Ambientador recarga cool mist zen lavanda,GLADE,Emb. 0.017 LT,"4,79€","281,76€ / LT",
Caldo de Carne,KNORR,Emb. 24 CUBOS,"2,39€","0,10€ / CUBOS",
Café Solúvel Clássico Frasco,NESCAFÉ,Frasco 0.1 KG,"4,17€","41,70€ / KG",
Queijo de Ovelha Curado,LAGOS,Emb. 0.5 KG (aprox.),"8,98€","17,96€ / KG",
ESPINAFRE PICADO 1/2,NOTRE JARDIN,Emb. 0.4 KG,"0,99€","2,48€ / KG",
Ambientador Gel Lavanda,,Emb. 1 UNID.,"0,79€","0,79€ / UNID.",
Néctar Light Laranja e Manga,JAFADEN,Emb. 1 LT,"0,89€","0,89€ / LT",
Néctar Compal Vital de Ananás e Coco,COMPAL,Emb. 1 LT,"1,68€","1,68€ / LT",
"GELADO ""TYROLIA"" CREME BRULEE",ESKISS,Emb. 0.65 LT,"2,49€","3,83€ / LT",
DESODORIZANTE AXE AERO BLACK,AXE,Emb. 0.15 LT,"3,29€","21,93€ / LT",
Açúcar Branco 170 Saquetas,TÉVA,Emb. 1 KG,"2,99€","2,99€ / KG",
"ARROZ MUNDO ORIENTE BASMATI , 1kg",ORIENTE,,"3,28€",/ Unid.,
Pernil de Porco,,1 Unid. = 1.1 KG (aprox.),"2,99€/kg","3,29€ / Unid.",
MIOLO AMENDOA C/ PELE C/ SAL,TOKAPI,,"1,96€",/ Unid.,
Farinha Fina,BRANCA DE NEVE,Emb. 1 KG,"1,29€","1,29€ / KG",
Guardanapos Folha Simples Reciclados,MARQUE REPERE,Emb. 100 UNID.,"0,89€","0,01€ / UNID.",
Alimento Seco P/ Gato Coelho Frango,PURINA FRISKIES,Emb. 2 KG,"7,98€","3,99€ / KG",
Deo Spray 0% Sensitive 24H,SANEX,Emb. 0.15 LT,"2,69€","17,93€ / LT",
Ravioli com 3 Queijos Biológico,,Emb. 0.25 KG,"2,39€","9,56€ / KG",
Detergente para a Máquina da Loiça Extra Power,SUN,Emb. 76 PASTILHAS,"9,99€","0,13€ / PASTILHAS",
Bebida Solúvel Cereais Cevada Chicória e Café,TOFINA,Frasco 0.2 KG,"2,24€","11,20€ / KG",
Faneca Média,,1 Unid. = 0.1 KG (aprox.),"5,29€/kg","0,53€ / Unid.",
Alho em Pó,MARGÃO,Emb. 0.055 KG,"3,18€","57,82€ / KG",
Ambientador Recarga Portátil Relax Zen Lavanda e Jasmim,GLADE,Emb. 3 UNID.,"10,78€","3,59€ / UNID.",
Manga Barco,,1 Unid. = 0.5 KG (aprox.),"3,29€/kg","1,65€ / Unid.",
Cereais Pétalas Chocolate Leite,GRAINEA,Emb. 0.3 KG,"1,49€","4,97€ / KG",
DESODORIZANTE STICK MARINE MEN 50ML,CARRÉ HOMME,Emb. 0.05 LT,"1,85€","37,00€ / LT",
Lentilhas Verdes Secas,NOTRE JARDIN,Emb. 0.5 KG,"1,49€","2,98€ / KG",
Gressinos com Creme de Avelã 3x60g,NUSTIKAO,Emb. 0.18 KG,"2,19€","12,17€ / KG",
Cera Fixadora,AXE,Emb. 0.075 LT,"3,99€","53,20€ / LT",
Massa Quebrada com Manteiga,TABLIER BLANC,Emb. 0.23 KG,"1,37€","5,96€ / KG",
Lava Tudo Optimal 7 Multisuperficies com Lixívia,AJAX,Emb. 0.5 LT,"3,48€","6,96€ / LT",
Bolachas Maria sem Açúcar,GULLÓN,Emb. 0.4 KG,"2,34€","5,85€ / KG",
Pensos Higiénicos Cottonlike Super Alas,EVAX,Emb. 12 UNID.,"2,13€","0,18€ / UNID.",
Molho de Tomate à Provençal,,Emb. 0.35 KG,"1,99€","5,69€ / KG",
Refrigerante S/ Gás Maracuja,ECO+,Garrafa 2 LT,"0,79€","0,40€ / LT",
Azeitona Verde Retalhada com Ervas,RUSTICA,Emb. 0.36 KG,"1,79€","4,97€ / KG",
Sumo Active Drink Frutos Exóticos / Cenoura,SANTAL,Emb. 1.5 LT,"2,13€","1,42€ / LT",
Queijo Fundido e Palitos Tostados,VACA QUE RI,Emb. 0.035 KG,"0,78€","22,29€ / KG",
Cerveja com Álcool,SUPER BOCK,Garrafa 1 LT,"1,58€","1,58€ / LT",
Bolo de Aniversário,,1 Unid. = 1.2 KG (aprox.),"10,49€/kg","12,59€ / Unid.",
Ração P/ Gato Esterlizado C/ Salmão,ULTIMA,Emb. 0.8 KG,"7,48€","9,35€ / KG",
Pacotinho de Cereais e Mel,NESTUM,Emb. 0.08 KG,"0,99€","12,38€ / KG",
LAMINAS DESCARTAVEIS SENHORA 3 LAMINAS 4UN,SLISS,Emb. 4 UNID.,"2,99€","0,75€ / UNID.",
Ambientador Pure Nenuco Frescura Colónia de Bebé,AIR WICK,Spray 0.25 LT,"4,19€","16,76€ / LT",
"GEL DUCHE ""MATCHA/GENGIBRE"" CONCENTRADO",NATEIS,,"1,85€",/ Unid.,
Queijo Manchego,DIAZ MIGUEL,Quant. Mínima = 0.2 KG (aprox.),"20,99€/kg","4,20€ / Unid.",
GRANOLA BAGAS GOJI E GROSELHA PRETA,GRAINEA,Emb. 0.35 KG,"3,29€","9,40€ / KG",
BOLACHA MARIA DOURADA,P'TIT DÉLI,,"1,69€",/ Unid.,
Gomas Trio Brilho,COPAÍNS COPINES,Emb. 0.2 KG,"0,99€","4,95€ / KG",
Massa Cotovelinho Clássica,NACIONAL,Emb. 0.5 KG,"1,57€","3,14€ / KG",
Refrigerante sem Gás Laranja,FRUTIS,Garrafa 1.5 LT,"1,15€","0,77€ / LT",
Batatas Pré-Fritas em Cubos,POM'LISSE,Emb. 1 KG,"1,59€","1,59€ / KG",
Alimento Húmido P/ Cão Adulto Pequeno C/ Carne de Vaca e Pato,PURINA,Emb. 0.4 KG,"2,38€","5,95€ / KG",
Champô Volume Toranja Branca e Menta,HERBAL ESSENCES,Emb. 0.4 LT,"3,99€","9,98€ / LT",
Pensos Higiénicos Normal Plus Alas,EVAX,Emb. 14 UNID.,"2,58€","0,18€ / UNID.",
CREPES SIMPLES 16UN,TROFIC,Emb. 1 KG,"3,99€","3,99€ / KG",
Sal Marinho Iodado,VATEL,Emb. 1 KG,"0,98€","0,98€ / KG",
BATATA FRITA PALHA FINISSIMA,POM'LISSE,,"1,39€",/ Unid.,
Saco Congelação Grande,ELEMBAL,Emb. 25 UNID.,"0,89€","0,04€ / UNID.",
Alimento Seco P/ Gato C/ Carne de Vaca,PURINA,Emb. 3 KG,"21,48€","7,16€ / KG",
MIOLO DE CAMARAO 80/120,PÊCHE OCÉAN,Emb. 0.25 KG,"3,49€","13,96€ / KG",
Esparguete Cozedura Rápida,TURINI,Emb. 0.5 KG,"1,09€","2,18€ / KG",
Iogurte Sólido Magro Tutti-Frutti e Coco 6x120g,LONGA VIDA,,"2,09€",/ Unid.,
PREPARADO P/ ARROZ MARISCO,PÊCHE OCÉAN,Emb. 0.8 KG,"6,50€","8,13€ / KG",
COPPA FATIAS FINISSIMAS,ST AZAY,Emb. 0.1 KG,"2,99€","29,90€ / KG",
Baguete,,1 Unid. = 0.25 KG,"0,40€","1,60€ / KG",
AZEITONA VERDE COM PIMENTO,RUSTICA,Emb. 0.8 KG,"2,49€","3,11€ / KG",
Milho P/ Pipocas,MARQUE REPERE,Emb. 0.25 KG,"0,69€","2,76€ / KG",
Sabão de Marselha 4x200 g,EPSIL,,"2,89€",/ Unid.,
Durex Play Lubrificante de Morango,DUREX,Emb. 0.05 LT,"7,49€","149,80€ / LT",
Vinho Tinto,ECO+,Garrafão 5 LT,"5,69€","1,14€ / LT",
Manteiga Pasteurizada com Sal Cuvete,LORETO,Emb. 0.25 KG,"2,24€","8,96€ / KG",
FRALDA INCONTINENCIA MEDIA,CHORYS,Emb. 20 UNID.,"8,99€","0,45€ / UNID.",
Papel Higiénico 3 Folhas Acolchoado,SCOTTEX,Emb. 9 ROLOS,"5,98€","0,66€ / ROLOS",
LOMBO PORCO CURADO FATIAS,ST AZAY,Emb. 0.1 KG,"2,55€","25,50€ / KG",
Refrigerante com Gás Guarana,ANTARCTICA,Garrafa 1.5 LT,"1,98€","1,32€ / LT",
Água Tónica,SCHWEPPES,Lata 0.25 LT,"0,84€","3,36€ / LT",
Queijo Emmental,LES CROISÉS,Emb. 0.25 KG,"1,89€","7,56€ / KG",
Vinagre Balsâmico de Modena,,Garrafa 0.05 LT,"2,65€","53,00€ / LT",
FITA COLA INVISIVEL 25M,ESQUISSE,Emb. 1 UNID.,"0,69€","0,69€ / UNID.",
BETERRABA EM VINAGRE 345G,FERBAR,Emb. 0.345 KG,"1,09€","3,16€ / KG",
Sumo Refrigerado Florida,SUNNY DELIGHT,Garrafa 0.31 LT,"0,78€","2,52€ / LT",
Bloco Sanitário Floral,SONASOL WC,Emb. 0.05 KG,"1,94€","38,80€ / KG",
Mini Pizza Piccolinis Salsicha Frankfurt 9 Unid.,BUITONI,Emb. 0.27 KG,"3,98€","14,74€ / KG",
Sardinha em Óleo Vegetal,BOM PETISCO,Emb. 0.12 KG,"0,99€","8,25€ / KG",
Pão de Forma com Códea Receita Económica,PANRICO,Emb. 0.475 KG,"1,69€","3,56€ / KG",
POSTA DE PESCADA Nº3 COZER,PÊCHE OCÉAN,Emb. 0.6 KG,"3,89€","6,48€ / KG",
Mini Rissóis de Carne 20 Unid.,SNR,Emb. 0.4 KG,"2,89€","7,23€ / KG",
DETERGENTE LIQUIDO CONCENTRADO ALOE VERA ECOLOGICO 40D,UNÍ VERT,,"4,99€",/ Unid.,
Pêra Conference Cal. 60+,,1 Unid. = 0.21 KG (aprox.),"1,99€/kg","0,42€ / Unid.",
Arroz Agulha,LOURO,Emb. 1 KG,"1,39€","1,39€ / KG",
ALGODAO DUO QUADRADO X50,INELL,Emb. 50 UNID.,"0,79€","0,02€ / UNID.",
Pensos Higiénicos Normal Alas,AUSONIA,Emb. 14 UNID.,"1,69€","0,12€ / UNID.",
Conserva de Cogumelos Laminados,NOTRE JARDIN,Lata 0.78 KG,"2,25€","2,88€ / KG",
Nuggets de Ervilha,IGLO,Emb. 0.25 KG,"3,98€","15,92€ / KG",
Preparado para Pão Multicereais Biológico,,Emb. 1 KG,"2,69€","2,69€ / KG",
Discos Activos Gel WC Lime Zest,PATO,Emb. 0.036 LT,"3,57€","99,17€ / LT",
Anti-Calcário Spray Brilhante,AJAX,Emb. 0.5 LT,"3,48€","6,96€ / LT",
Óleo Reconstrutor,AUSSIE,Emb. 0.1 LT,"7,49€","74,90€ / LT",
Alimento Húmido P/ Gato Carne Vaca Gold,GOURMET,Emb. 0.085 KG,"0,74€","8,71€ / KG",
PORTFOLIO A4 60 BOLSAS,ESQUISSE,Emb. 60 UNID.,"2,99€","0,05€ / UNID.",
Champô Cabelo Ultra Suave Louros Camomila,GARNIER,Emb. 0.25 LT,"3,58€","14,32€ / LT",
Vinho de Mesa Rosé,ECO+,Emb. 2 LT,"2,69€","1,35€ / LT",
PENSOS INCONTINENCIA MULHER MAXI,CHORYS,Emb. 12 UNID.,"2,59€","0,22€ / UNID.",
Ervilhas Ultracongelados,IGLO,Emb. 0.375 KG,"2,28€","6,08€ / KG",
Spaguetti,TRADIZIONI D'ITALIA,Emb. 0.5 KG,"1,69€","3,38€ / KG",
VELA NUMERADA N 9,,Emb. 1 UNID.,"0,49€","0,49€ / UNID.",
KINDER DELICE CACAU T10,KINDER,Emb. 0.39 KG,"3,69€","9,46€ / KG",
Pastilhas Elásticas sem Açúcar Sabor Menta,NEW'R,Emb. 70 UNID.,"1,65€","0,02€ / UNID.",
4 LAPIS GRAFITE HB,ESQUISSE,Emb. 4 UNID.,"0,99€","0,25€ / UNID.",
Detergente Manual Roupa,OMO,Emb. 0.54 KG,"1,98€","3,67€ / KG",
Escalopes de Novilho Embalados,,1 Unid. = 0.5 KG (aprox.),"8,99€/kg","4,50€ / Unid.",
DETERGENTE LIQUIDO PERFECT CORES 25D,EPSIL,Emb. 25 DOSES,"2,79€","0,11€ / DOSES",
Ravioli Ricotta Espinafres Biológico,,Emb. 0.25 KG,"2,19€","8,76€ / KG",
Snack P/ Gato Original Maxi Pack,FELIX,Emb. 0.2 KG,"3,98€","19,90€ / KG",
Champô Anti-Caspa Cuidado Suave para Todos os Tipos de Cabelo,LINIC,Emb. 0.36 LT,"4,94€","13,72€ / LT",
CABIDE PLASTICO CRIANCA AZUL,SILLAGE,Emb. 4 UNID.,"1,49€","0,37€ / UNID.",
PAPEL ALUMINIO 50M,ELEMBAL,Emb. 50 M,"4,49€","0,09€ / M",
Conserva de Salsichas 7 Unid. Extra Suculentas,NOBRE,Frasco 0.35 KG,"1,68€","4,80€ / KG",
Sopa de Espargos,KNORR,Emb. 0.07 KG,"1,49€","21,29€ / KG",
SORTIDO MINI PAES/CROISSANTS CHOCOLATE 12UN,EPI D'OR,Emb. 0.372,"3,35€","9,01€ /",
Vinho Regional Alentejo Branco,TERRAS D'EL REI,Garrafa 0.75 LT,"2,19€","2,92€ / LT",
Doce de Laranja Biológico,,Emb. 0.375 KG,"2,15€","5,73€ / KG",
Mateus Rosé,MATEUS,Garrafa 0.75 LT,"3,69€","4,92€ / LT",
Sabonete Liquido Leite e Azeitona,,Emb. 0.3 LT,"3,18€","10,60€ / LT",
Spray Mousse Harmonias Florais,NEOBLANC,Spray 0.7 LT,"2,59€","3,70€ / LT",
Pente Piquio Color,,Emb. 1 UNID.,"1,99€","1,99€ / UNID.",
Iogurte Bifidus Activia Cremoso Frutos Silvestres 4 Unid.,DANONE,Emb. 0.48 KG,"1,99€","4,15€ / KG",
Vinagre Balsâmico de Modène,RUSTICA,Garrafa 0.5 LT,"1,98€","3,96€ / LT",
Açúcar de Cana em Pó Biológico,,Emb. 0.5 KG,"1,99€","3,98€ / KG",
Sua Vinha Tetra Pak Branco,SUA VINHA,Emb. 1 LT,"0,99€","0,99€ / LT",
Cerveja C/ Álcool 24x25cl,CARLSBERG,Emb. 6 LT,"12,94€","2,16€ / LT",
Recarga Sabonete Líquido Framboesa/Peonia,MANAVA,Emb. 0.25 LT,"0,65€","2,60€ / LT",
Maçã Pink Lady Cal. 70/75,,1 Unid. = 0.19 KG (aprox.),"2,89€/kg","0,55€ / Unid.",
VAGEM DE BAUNILHA BOURBON BIO,,Emb. 1 UNID.,"3,99€","3,99€ / UNID.",
Champô,TRESEMMÉ,Emb. 0.7 LT,"6,59€","9,41€ / LT",
Papel Higiénico 4 Folhas,RENOVA,Emb. 9 ROLOS,"5,38€","0,60€ / ROLOS",
NAPERONS RECTANGULARES 40X50CM,,Emb. 3 UNID.,"0,79€","0,26€ / UNID.",
Super Algicida,BEAUX JOURS,Emb. 5 LT,"12,65€","2,53€ / LT",
Cerveja com Álcool Mini 20x25cl,CRISTAL,Emb. 5 LT,"7,59€","1,52€ / LT",
Chouriça do Lavrador,SNR,Emb. 0.18 KG,"2,49€","13,83€ / KG",
Pastilhas Máquina Loiça Platinum Plus,FAIRY,Emb. 20 UNID.,"11,48€","0,57€ / UNID.",
AFTERSHAVE LOCAO OCEAN FRESH 100ML,CARRÉ HOMME,Emb. 0.1 LT,"2,29€","22,90€ / LT",
Amaciador Cabelo Normais Garnier Força e Brilho,FRUCTIS,Emb. 0.2 LT,"3,98€","19,90€ / LT",
SPRAY PENTEAR DESEMBARACANTE MORANGO E CEREJA PARA CRIANCAS,PETIT MANAVA,Emb. 0.2 LT,"1,49€","7,45€ / LT",
Miolo de Amendoim C/ Piri-Piri,MARQUE REPERE,Emb. 0.25 KG,"1,49€","5,96€ / KG",
Brioches Redondas com Oepitas Chocolate 12 Unid.,EPI D'OR,Emb. 0.5 KG,"2,89€","5,78€ / KG",
QUEIJO EDAM FATIADO,ECO+,Emb. 0.2 KG,"1,59€","7,95€ / KG",
Atum em Azeite Biológico,BOM PETISCO,Emb. 0.12 KG,"1,67€","13,92€ / KG",
Vinagre Balsâmico de Modena,GALLO,Garrafa 0.25 LT,"1,69€","6,76€ / LT",
Esfregão Vegetal,,Emb. 2 UNID.,"0,99€","0,50€ / UNID.",
Chá Verde Pure,LIPTON,Emb. 20 SAQS,"1,39€","0,07€ / SAQS",
Chiclets de Peppermint 12 Unid.,CHICLETS,Emb. 0.017 KG,"0,89€","52,35€ / KG",
Pato Inteiro,,1 Unid. = 2.15 KG (aprox.),"4,99€/kg","10,73€ / Unid.",
Sumo 100% Cenoura Biológico,,Emb. 1 LT,"2,19€","2,19€ / LT",
Nectar Clássico Alperce 3x20cl,COMPAL NECTAR,Emb. 0.08 LT,"1,48€","18,50€ / LT",
Preservativos non stop XT Lines,CONTROL,Emb. 6 UNID.,"6,99€","1,17€ / UNID.",
Pistola Silicone,ECO+,Emb. 1 UNID.,"2,18€","2,18€ / UNID.",
Tablete de Chocolate Branco com Avelãs Inteiras,TABLETTE D'OR,Emb. 0.2 KG,"2,19€","10,95€ / KG",
Derma SPA Goodness Body Cream,DOVE,Emb. 0.3 LT,"4,99€","16,63€ / LT",
BOLACHAS C/ RECHEIO CHOCOLATE LEITE BREAK,P'TIT DÉLI,Emb. 0.135 KG,"1,59€","11,78€ / KG",
ESTENDAL VARANDA 7M,HOMESIDE,Emb. 1 UNID.,"7,99€","7,99€ / UNID.",
Gelatina de Manga,KOALA,Emb. 0.13 KG,"0,93€","7,15€ / KG",
Sortido Húngaro,,Emb. 0.3 KG,"2,29€","7,63€ / KG",
TRANSPORTADORA P/CAO 55CM 1UN P\'TIT AMI,P'TIT AMI,Emb. 1 UNID.,"16,49€","16,49€ / UNID.",
Chá de Tília,LIPTON,Emb. 10 SAQ.,"0,69€","0,07€ / SAQ.",
Conserva de Feijão Branco Cozido,NOTRE JARDIN,Frasco 0.57 KG,"0,65€","1,14€ / KG",
Pensos Incontinência Lindor Lady Pad Normal 14 Un,LINDOR,,"3,36€",/ Unid.,
Cereais Chocomax,NACIONAL,Emb. 0.3 KG,"1,69€","5,63€ / KG",
Vinho Regional Alentejo Branco,ADEGA DE BORBA,Garrafa 0.75 LT,"2,99€","3,99€ / LT",
WC PARA GATO,P'TIT AMI,Emb. 1 UNID.,"14,43€","14,43€ / UNID.",
Paio do Lombo Fatiado,NOBRE,Emb. 0.1 KG,"2,68€","26,80€ / KG",
Melância Riscada,,1 Unid. = 4.2 KG (aprox.),"0,68€/kg","2,86€ / Unid.",
Café Solúvel,DELTA,Emb. 0.02 KG,"1,27€","63,50€ / KG",
Bolachas Amanteigadas Palet breton 2x125g,P'TIT DÉLI,Emb. 0.25 KG,"1,99€","7,96€ / KG",
Johnson's Baby Gel de Banho Suave,JOHNSON'S BABY,Emb. 0.75 LT,"3,89€","5,19€ / LT",
COLORACAO VEGETAL CASTANHO CLARO BIO,BIONAÏA,Emb. 1 UNID.,"6,99€","6,99€ / UNID.",
DESODORIZANTE SPRAY INVISIBLE MEN 100ML COMPACT,CARRÉ HOMME,Emb. 0.1 LT,"1,19€","11,90€ / LT",
Guardanapos Folha Simples,MARQUE REPERE,Emb. 100 UNID.,"0,79€","0,01€ / UNID.",
FORMA PUDIM CANELADA 18 CM.,ECO+,Emb. 1 UNID.,"5,99€","5,99€ / UNID.",
Queijo Fresco de Cabra,SANTIAGO,Emb. 0.1 KG,"1,88€","18,80€ / KG",
Pão de Forma Especial Torradas com Côdea,EPI D'OR,Emb. 0.8 KG,"1,75€","2,19€ / KG",
Cápsula Lavazza Espresso Maestro Dek Para Máquinas De Café Nespresso,LAVAZZA,Emb. 0.055 KG,"2,99€","54,36€ / KG",
Sortido de Bolachas,CUÉTARA,Emb. 0.42 KG,"4,27€","10,17€ / KG",
Café Capsulas Decaf Intensidade 2,PLANTATION,Emb. 10 CAPS.,"1,79€","0,18€ / CAPS.",
Ambientador 5 em 1 Relax Zen,BRISE,Emb. 0.3 LT,"1,54€","5,13€ / LT",
Lombos de Salmão Asc Congelados,IGLO,Emb. 0.375 KG,"16,48€","43,95€ / KG",
Licor Anis Escarchado,BORLIDO,Garrafa 1 LT,"8,49€","8,49€ / LT",
Fralda Cueca T5 12/18KG Eco,MOTS D'ENFANTS,Emb. 20 UNID.,"6,49€","0,32€ / UNID.",
Escova Borracha Vidros,SILLAGE,Emb. 1 UNID.,"1,79€","1,79€ / UNID.",
Bolachas Sementes de Sésamo Biológicas,,Emb. 0.23 KG,"1,99€","8,65€ / KG",
Café Cápsulas Fortissimo Intensidade 10,PLANTATION,Emb. 10 CAPS.,"1,49€","0,15€ / CAPS.",
Alimento Seco para Cão Carne de Vaca e Cenoura,TOUS MES AMIS,Emb. 1 KG,"3,59€","3,59€ / KG",
ARROZ PARA SUSHI,TABLES DU MONDE,Emb. 0.5 KG,"1,29€","2,58€ / KG",
Nuggets de Peito de Frango,IGLO,Emb. 0.22 KG,"5,98€","27,18€ / KG",
DETERGENTE MANUAL LOICA CONCENTRADO LIMA E UVA BRANCA,VISIOR,Emb. 0.5 LT,"1,29€","2,58€ / LT",
Queijo Fundido,VACA QUE RI,Emb. 0.15 KG,"1,74€","11,60€ / KG",
Cone Menta e Chocolate,TRIUM,Emb. 6 UNID.,"2,38€","0,40€ / UNID.",
Rolo de Cozinha Extra XXL,RENOVA,Emb. 1 ROLO,"1,18€","1,18€ / ROLO",
Bolachas Cobertas Chocolate Leite,P'TIT DÉLI,Emb. 0.15 KG,"1,29€","8,60€ / KG",
Vinho Branco,COMP DO VINHO,Bag in Box 5 LT,"4,69€","0,94€ / LT",
Manteiga de Amendoim Cremosa sem Adição de Açúcares,CALVÉ,Emb. 0.35 KG,"3,77€","10,77€ / KG",
Couve Lombarda,,1 Unid. = 1.2 KG (aprox.),"1,09€/kg","1,31€ / Unid.",
Hambúrguer de Atum 2x75 g,BOM PETISCO,Emb. 0.15 KG,"2,74€","18,27€ / KG",
Waffers de Caramelo -40% Açúcares,VIEIRA,Emb. 0.125 KG,"1,14€","9,12€ / KG",
Loção Essencial Healing,VASELINE,Emb. 0.2 LT,"2,14€","10,70€ / LT",
Marcadores Ponta Fina,ESQUISSE,Emb. 4 UNID.,"1,39€","0,35€ / UNID.",
Queijinhos Vários Sabores 12 Unid. Bio,,Emb. 0.6 KG,"2,59€","4,32€ / KG",
Detergente Liquido para a Máquina da Roupa Concentrado,SKIP,Emb. 80 DOSES,"15,99€","0,20€ / DOSES",
Vinho Regional Alentejo Branco,REAL LAVRADOR,Garrafa 0.75 LT,"2,48€","3,31€ / LT",
Fermento de Padeiro,VAHINÉ,Emb. 0.018 KG,"1,58€","87,78€ / KG",
Conserva de Pickles em Vinagre,RUSTICA,Frasco 0.36 KG,"0,99€","2,75€ / KG",
Pasta de dentes gengivas saudáveis,COLGATE,Emb. 0.15 LT,"6,63€","44,20€ / LT",
LENCOS FACIAIS 2F,ECO+,Emb. 150 UNID.,"0,99€","0,01€ / UNID.",
Ração seca para gato c/ Salmão,ULTIMA,Emb. 0.75 KG,"5,39€","7,19€ / KG",
Conjunto de 4 Recargas Desumidificador Saqueta Clorofila,FOXTER,Emb. 1 KG,"9,99€","9,99€ / KG",
Caderno Capa Preta Quadriculado A4 60p,ESQUISSE,Emb. 1 UNID.,"0,85€","0,85€ / UNID.",
Autobrilhante Creme Calçado com Esponja,BUFALO,Emb. 0.04 LT,"3,08€","77,00€ / LT",
Bolacha Ondulada,,Emb. 0.3 KG,"1,69€","5,63€ / KG",
MOUSSE LIEGEOISE CARAMELO,DÉLISSE,Emb. 0.64 KG,"2,79€","4,36€ / KG",
Caldo Natura de Carne Pack 4,KNORR,Emb. 0.112 KG,"1,49€","13,30€ / KG",
Gelatina Light Ananás 2x15g,CONDI,Emb. 0.03 KG,"1,87€","62,33€ / KG",
Tablete Milka Leite,MILKA,Emb. 0.1 KG,"1,57€","15,70€ / KG",
Pastilha Elástica Senses Tropical Mix,TRIDENT,Emb. 0.023 KG,"0,94€","40,87€ / KG",
Vinho Regional Península de Setúbal Tinto,ADEGA DE PEGÕES,Garrafa 0.75 LT,"1,59€","2,12€ / LT",
CAPPUCCINO SABOR BAUNILHA,PLANTATION,Emb. 0.31 KG,"2,99€","9,65€ / KG",
Ovos Solo M,SNR,Emb. 12 UNID.,"2,29€","0,19€ / UNID.",
Desodorizante Zero% - Spray Invisível,SANEX,Emb. 0.15 LT,"2,69€","17,93€ / LT",
Bacalhau Especial Noruega Asa Preta,,1 Unid. = 4 KG (aprox.),"10,99€/kg","43,96€ / Unid.",
Conjunto de 8 Chaves Mistas,FOXTER,Emb. 8 UNID.,"13,99€","1,75€ / UNID.",
Alimento Seco P/ Cão Mini Menu Frango,PURINA FRISKIES,Emb. 1.5 KG,"4,84€","3,23€ / KG",
Alho Francês,,1 Unid. = 0.43 KG (aprox.),"1,99€/kg","0,86€ / Unid.",
Café pur Arabica Amérique Latine em Grão Biológico,,Emb. 0.25 KG,"3,49€","13,96€ / KG",
Aquafresh Branco Intenso 2x75ml,AQUAFRESH,,"3,49€",/ Unid.,
SABONETE LIQUIDO ALPERCE/ALOE VERA BIO,BIONAÏA,Emb. 0.3 LT,"1,85€","6,17€ / LT",
POSTAS DE BACALHAU ULTRACONGELADAS,ECO+,Emb. 0.8 KG,"5,99€","7,49€ / KG",
Elixir Anti-Cáries,LISTERINE,Emb. 0.5 LT,"6,48€","12,96€ / LT",
Fraldas de Incontinência Plus Tam. M,LINDOR,Emb. 14 UNID.,"14,54€","1,04€ / UNID.",
Champô Bebé Suave 500 Ml+250 ml Grátis,CORINE DE FARME,Emb. 0.75 LT,"4,84€","6,45€ / LT",
Alimento P/ Cão de Frango C/ Mandioca S/ Glúten,BEYOND,Emb. 1.2 KG,"8,48€","7,07€ / KG",
Salsa em Folhas,MARGÃO,Emb. 0.006 KG,"1,18€","196,67€ / KG",
BACALHAU COM NATAS,CÔTÉ TABLE,Emb. 0.25 KG,"2,99€","11,96€ / KG",
GEL FIXACAO BETAO 250ML,VITANOVE,Emb. 0.25 LT,"1,49€","5,96€ / LT",
Conjunto de 4 Ponteiras de Sobrepor 25Mm,FOXTER,Emb. 4 UNID.,"1,49€","0,37€ / UNID.",
Marcadores para Colorir,ECO+,Emb. 12 UNID.,"1,29€","0,11€ / UNID.",
Máscara Multiusos Óleo Extraordinário Óleo de Coco,L'ORÉAL PARIS,Emb. 0.3 LT,"6,98€","23,27€ / LT",
Biscoitos Recheados com Bovino,LYDOG,Emb. 0.5 KG,"1,75€","3,50€ / KG",
Solha Congelada,,1 Unid. = 1 KG (aprox.),"4,49€/kg","4,49€ / Unid.",
Desodorizante Bodyspray Gold Temptation,AXE,Emb. 0.15 LT,"3,29€","21,93€ / LT",
Pão de Forma Integral com Côdea Receita Económica,PANRICO,Emb. 0.52 KG,"1,58€","3,04€ / KG",
Molho Samurai,RUSTICA,Emb. 0.252 KG,"1,39€","5,52€ / KG",
Champô para Homem Anticaspa Cool Sport Mentol,LINIC,Emb. 0.225 LT,"3,34€","14,84€ / LT",
ARROZ AGU.VAPORIZADO CIGALA 1KG,CIGALA,Emb. 1 KG,"1,27€","1,27€ / KG",
Creme Culinário de Coco,SHOYCE,Emb. 0.2 LT,"1,68€","8,40€ / LT",
AGUA DESMINERALIZADA,,Emb. 5 LT,"1,09€","0,22€ / LT",
RANCHO,CÔTÉ TABLE,Emb. 0.25 KG,"2,99€","11,96€ / KG",
MOLHO PIRI-PIRI FERBAR 210G,FERBAR,Emb. 0.21 KG,"1,18€","5,62€ / KG",
Chá Verde com Gengibre Immune Support,LIPTON,Emb. 0.032 KG,"1,94€","60,63€ / KG",
Iogurte Bifidus Cremoso Frutos Silvestres 0% 4 Unid.,DANONE,Emb. 0.48 KG,"1,99€","4,15€ / KG",
Alimento Seco P/ Cão Adulto + de 10 Kg Frango C/ Arroz,PURINA,Emb. 2.5 KG,"10,57€","4,23€ / KG",
TARTE FRUTOS SECOS,P'TIT DÉLI,Emb. 0.3 KG,"2,99€","9,97€ / KG",
Alimento Lácteo Banana e Pera 0% Açúcar Bio +6 Meses,NESTLÉ,Emb. 0.36 KG,"3,17€","8,81€ / KG",
Presunto sem Osso,,1 Unid. = 1 KG (aprox.),"9,99€/kg","9,99€ / Unid.",
QUEIJO FETA DOP BIO,,Emb. 0.18 KG,"2,49€","13,83€ / KG",
Caserecce,TRADIZIONI D'ITALIA,Emb. 0.5 KG,"1,69€","3,38€ / KG",
Iogurte de Pêssego e Banana 4 Unid.,IOGOLINO,Emb. 0.4 KG,"2,97€","7,43€ / KG",
Gel de Banho Cuidado Intensivo,DOVE,Emb. 0.5 LT,"2,49€","4,98€ / LT",
Tenaz Carpinteiro 200Mm,FOXTER,Emb. 1 UNID.,"3,99€","3,99€ / UNID.",
Cola Multi-Usos S/ Solvente,FOXTER,Emb. 0.055 LT,"2,69€","48,91€ / LT",
Pastilhas de Limpeza para Próteses Dentárias,POLIDENT,Emb. 1 P,"5,48€","5,48€ / P",
Sabonete Sólido Flores Brancas 4 Unid.,MANAVA,Emb. 0.4 KG,"2,05€","5,13€ / KG",
Camarão Cal. 80/100,,1 Unid. = 0.25 KG (aprox.),"9,99€/kg","2,50€ / Unid.",
Heinz Ketchup Squeezable,HEINZ,Emb. 0.342 KG,"2,87€","8,39€ / KG",
Queijo Mistura Pequeno,ALAVÃO,Emb. 0.6 KG (aprox.),"9,99€/kg","5,99€ / Unid.",
Desodorizante Clean Fresh Scent Stick,REXONA,Emb. 0.045 LT,"4,79€","106,44€ / LT",
Panos Multiusos Microfibra,MAMISON,Emb. 2 UNID.,"2,19€","1,10€ / UNID.",
Filetes Harengs Fumés,RONDE DES MERS,Emb. 0.2 KG,"2,39€","11,95€ / KG",
Fiambre da Perna Extra,CHARCUTARIA,1 Unid. = 0.12 KG (aprox.),"6,99€/kg","0,84€ / Unid.",
Mistura de Frutos Secos Torrados com Sal,TOKAPI,Emb. 0.12 KG,"1,78€","14,83€ / KG",
TOSTAS SUECAS INTEGRAIS S/ ADICAO ACUCAR,EPI D'OR,,"0,99€",/ Unid.,
Sumo 100% Ananás,JAFADEN,Emb. 1 LT,"1,89€","1,89€ / LT",
COGUMELO FERBAR LAMINADO 185G,FERBAR,Emb. 0.185,"0,74€","4,00€ /",
Deo Roll On Hidra Essencial 0% Álcool,VASELINE,Emb. 0.05 LT,"2,09€","41,80€ / LT",
Bolachas Recheadas Bocaditos Limão,CUÉTARA,Emb. 0.15 KG,"1,89€","12,60€ / KG",
Iogurte Liquido Lindahls Caramelo + Proteina,LINDAHLS,Emb. 0.33 LT,"1,89€","5,73€ / LT",
Ferradura de Chocolate,,1 Unid. = 0.14 KG,"0,89€","6,36€ / KG",
Cápsulas Café Latte Macchiato P/ Dolce Gusto,STARBUCKS,Emb. 12 CAPS.,"5,38€","0,45€ / CAPS.",
Rigatoni,TRADIZIONI D'ITALIA,Emb. 0.5 KG,"1,49€","2,98€ / KG",
Pão de Leite 8 Unid.,P'TIT DÉLI,Emb. 0.32 KG,"1,09€","3,41€ / KG",
LUVA AUTO MICROFIBRA ANTI-MOSQUITOS,TECH9,Emb. 1 UNID.,"1,99€","1,99€ / UNID.",
Creme Protector Muda Fraldas,MOTS D'ENFANTS,Emb. 0.1 LT,"2,49€","24,90€ / LT",
Papa Infantil Bolacha Maria,CERELAC,Emb. 0.4 KG,"1,84€","4,60€ / KG",
CLIPES COLORIDOS,ESQUISSE,Emb. 100 UNID.,"0,99€","0,01€ / UNID.",
Fralda Cueca T4 8/15 Kg,MOTS D'ENFANTS,Emb. 22 UNID.,"4,85€","0,22€ / UNID.",
PURE MACA/MANGA SEM ADICAO ACUCAR,DOUCEUR DU VERGER,Emb. 0.4 KG,"1,39€","3,48€ / KG",
Sortido de Biscoitos Finos,EQUADOR,Emb. 0.2 KG,"1,99€","9,95€ / KG",
Iogurte Líquido Morango/Framboesa,DANONE,Emb. 0.3 KG,"1,89€","6,30€ / KG",
BB CREAM 5EM1 CLARO 50ML,INELL,Emb. 0.05 LT,"3,49€","69,80€ / LT",
Snack de Queijo de Cabra,PRÉSIDENT,Emb. 0.17 Kg,"3,38€","19,88€ / Kg",
Amaciador Cabelos Total Repair,ELVIVE,Emb. 0.2 LT,"3,98€","19,90€ / LT",
Cola Madeira Rapida Em Tubo,FOXTER,Emb. 0.055 LT,"1,49€","27,09€ / LT",
Snacks Bugles 3D,3D'S BUGLES,Emb. 0.085 KG,"1,59€","18,71€ / KG",
Pantene Volume & Brilho Champô 250 ml,,Emb. 0.25 LT,"4,98€","19,92€ / LT",
ENVELOPE SILICONE C/JANELA 110X220MM,ESQUISSE,Emb. 100 UNID.,"1,99€","0,02€ / UNID.",
Limpa Máquinas Roupa,SKIP,Emb. 0.36 KG,"6,49€","18,03€ / KG",
Conserva de Grão de Bico Cozido,NOTRE JARDIN,Lata 0.85 KG,"0,99€","1,16€ / KG",
Tiras Limpiadoras Purificantes,NIVEA,Emb. 6 P,"7,98€","1,33€ / P",
Tábua Engomar Caldeira,VILEDA,Emb. 1 UNID.,"44,98€","44,98€ / UNID.",
Batatas Fritas 6x30 gr,ECO+,Emb. 0.18 KG,"1,49€","8,28€ / KG",
Refrigerante C/ Gás Cola Clear,JEAN'S,Emb. 1 LT,"1,29€","1,29€ / LT",
Espumante Reserva Bruto,MURGANHEIRA,Garrafa 0.75 LT,"10,98€","14,64€ / LT",
AGUA MICELAR CLÁSSICA 700ML,GARNIER,,"10,68€",/ Unid.,
Fiambre Peito de Peru Fatiado,NOBRE,Emb. 0.12 KG,"2,68€","22,33€ / KG",
Paio York,CHARCUTARIA,1 Unid. = 0.1 KG (aprox.),"7,49€/kg","0,75€ / Unid.",
Iogurte Líquido Morango 4x155g,DANONE,Emb. 0.62 KG,"1,39€","2,24€ / KG",
TRINCA DE ARROZ,LYDOG,Emb. 5 KG,"3,29€","0,66€ / KG",
Barras Hero De Cereais Muesli Avelã 6x25g,HERO,Emb. 0.15 KG,"1,79€","11,93€ / KG",
Esfregona Suave com Cabo,VILEDA,Emb. 1 UNID.,"7,64€","7,64€ / UNID.",
Aditivo Líquido Protege Cores e Delicados,SKIP,Emb. 3 LT,"5,04€","1,68€ / LT",
Rolo de Cozinha Máxima Absorção 8+4 Unid.,RENOVA,Emb. 1 P,"6,24€","6,24€ / P",
Salsichão Fatiado,EL POZO,Emb. 0.08 KG,"1,94€","24,25€ / KG",
Pá Metal,SILLAGE,Emb. 1 UNID.,"1,88€","1,88€ / UNID.",
Recarga Ambientador Delicias Verão,AIRWICK,Emb. 0.25 LT,"3,59€","14,36€ / LT",
Snack Chocolate Leite,LION,Emb. 0.042 KG,"0,98€","23,33€ / KG",
Leite de Coco,TABLES DU MONDE,Emb. 0.2 LT,"0,99€","4,95€ / LT",
Detergente Máquina Loiça Pastilhas Clássicas,VISIOR,Emb. 40 UNID.,"2,49€","0,06€ / UNID.",
Sortido de 9 Folhas De Lixa,FOXTER,Emb. 9 UNID.,"1,49€","0,17€ / UNID.",
COUVE DE BRUXELAS CONGELADAS,NOTRE JARDIN,Emb. 1 KG,"1,45€","1,45€ / KG",
Corn Flakes Biológicos,,Emb. 0.375 KG,"1,19€","3,17€ / KG",
Massa Instantânea de Camarão Pot,KOALA,Emb. 0.065 KG,"1,15€","17,69€ / KG",
Massa Mac & Cheese,KNORR,Emb. 0.062 KG,"1,89€","30,48€ / KG",
PORTFOLIO A4 60 BOLSAS ECO+,ECO+,Emb. 1 UNID.,"1,29€","1,29€ / UNID.",
Peito de Frango Fatias Finas,CAMPOFRIO,Emb. 0.12 KG,"2,68€","22,33€ / KG",
Alimento Húmido P/ Gato Gold Carne de Vaca,GOURMET GOLD,Emb. 0.085 KG,"0,74€","8,71€ / KG",
Chá Menta,LIPTON,Emb. 20 SAQ.,"1,20€","0,06€ / SAQ.",
Tâmara Seca S/ Caroço,MARQUE REPERE,Emb. 0.2 KG,"1,29€","6,45€ / KG",
LIMPA LAREIRA/BARBECUE,SILEX,Emb. 0.75 LT,"2,99€","3,99€ / LT",
Preservativos Senso,CONTROL,Emb. 6 UNID.,"3,49€","0,58€ / UNID.",
Rebuçados de Caramelo de Fruta,CONFISÉO,Emb. 0.36 KG,"1,39€","3,86€ / KG",
Queijo de Cabra Rústico de Pimentão Saloio,PALHAIS DE PORTUGAL,1 Unid. = 0.25 KG (aprox.),"17,99€/kg","4,50€ / Unid.",
Pizza Fiambre e Queijo Ultracongelado,TURINI,Emb. 0.4 KG,"1,99€","4,98€ / KG",
Miolo de Amendoim C/ Mel e Sal,MARQUE REPERE,Emb. 0.25 KG,"2,09€","8,36€ / KG",
Ganchos Lavanda,RAID,Emb. 2 UNID.,"4,18€","2,09€ / UNID.",
Bolachas de Frutos Silvestres,THINS,Emb. 0.174 KG,"2,47€","14,20€ / KG",
Fraldas Bebé Ultra Conforto T6 +16Kg,MOTS D'ENFANTS,Emb. 33 UNID.,"6,99€","0,21€ / UNID.",
PENSOS DIARIOS 30UN,ECO+,Emb. 30 UNID.,"0,76€","0,03€ / UNID.",
Camarão Cozido Cal. 30/40,,1 Unid. = 0.1 KG (aprox.),"12,99€/kg","1,30€ / Unid.",
Tablete Chocolate Preto Extrafino 74% Cacau Biológico,,Emb. 0.1 KG,"1,59€","15,90€ / KG",
Mistura de Sementes,MARQUE REPERE,Emb. 0.2 KG,"1,79€","8,95€ / KG",
Massa de Alho,RUSTICA,Frasco 0.2 KG,"0,89€","4,45€ / KG",
Iogurte Líquido Morango Banana 4 Unid.,YOGGI,Emb. 0.64 KG,"2,09€","3,27€ / KG",
Cereais Muesli Cereais Frutos Secos Biológicos,,Emb. 0.375 KG,"2,89€","7,71€ / KG",
"Croquetes Vaca, Legumes e Figado",LYCAT,Emb. 2 KG,"3,99€","2,00€ / KG",
Cápsulas Café Espresso Intensidade 5,DOLCE GUSTO,Emb. 16 CAPS.,"5,98€","0,37€ / CAPS.",
Deo Roll-On Active Protection E Invisible,REXONA,Emb. 0.05 LT,"2,69€","53,80€ / LT",
Massa Couscous Grão Médio,MILANEZA,Emb. 1 KG,"2,89€","2,89€ / KG",
Whiskey Bourbon 6 Anos,JOHN DAVON'S,Garrafa 0.75 LT,"12,99€","17,32€ / LT",
Alimento Húmido P/ Gato Duplo Prazer Pack 12,GOURMET,Emb. 1.02 KG,"8,78€","8,61€ / KG",
Bolacha Maria sem Açúcar 12 Unid.,,Emb. 0.3 KG,"3,33€","11,10€ / KG",
Salsichas Frankfurt,IZIDORO,Lata 0.25 KG,"1,03€","4,12€ / KG",
BATERIA Nº 16 80/640 80/640 TECH9,TECH9,Emb. 1 UNID.,"99,99€","99,99€ / UNID.",
IOGURTE BATIDO ALPERCE BIO,,,"1,75€",/ Unid.,
Chocolate de Leite com Manteiga de Amendoim,REESE'S,Emb. 0.079 KG,"1,99€","25,19€ / KG",
DETERGENTE LIQUIDO FRESCURA 40D,EPSIL,,"5,99€",/ Unid.,
"CERVEJA HEINEKEN,PACK,24X25CL",HEINEKEN,Emb. 24 UNID.,"12,99€","0,54€ / UNID.",
Cereais de Chocolate,CRUNCH,Emb. 0.375 KG,"2,53€","6,75€ / KG",
Lasanha à Bolonhesa,,Emb. 1 KG,"3,19€","3,19€ / KG",
Bolachas Creme Cebola,TUC,Emb. 0.1 KG,"1,17€","11,70€ / KG",
Chá de Camomila e Erva Príncipe,LIPTON,Emb. 20 SAQS,"1,94€","0,10€ / SAQS",
PANNA COTTA FRUITS ROUGE 4X90G,DÉLISSE,Emb. 0.36 KG,"1,99€","5,53€ / KG",
"Mini Picadora 1,5L 500W",ELSAY,Emb. 1 UNID.,"25,90€","25,90€ / UNID.",
SORTIDO APERITIVOS TUFADOS,TOKAPI,Emb. 0.1 KG,"0,99€","9,90€ / KG",
VINAGRE CRISTAL SIDRA 0.5L,CRISTAL,Emb. 0.5 LT,"1,03€","2,06€ / LT",
Limpa Vidros Anti Embaciamento,AJAX,Spray 0.5 LT,"3,18€","6,36€ / LT",
Alimento Húmido P/ Gato Gold Salmão e Frango,GOURMET,Emb. 0.085 KG,"0,74€","8,71€ / KG",
Sumo de Manga,UM BONGO,Emb. 1 LT,"1,38€","1,38€ / LT",
Sumo 100% Laranja C/ Polpa Refrigerado Bio,,Emb. 0.75 LT,"2,29€","3,05€ / LT",
"AZEITONA MISTA RETALH,FRAS,210G",,,"1,33€",/ Unid.,
Queijo Curado Seia de Ovelha,QUEIJOS LAGOS,1 Unid. = 0.6 KG (aprox.),"15,99€/kg","9,59€ / Unid.",
LASANHA QUEIJO CABRA/ESPINAFRES 500G 500G COTE TABLE,CÔTÉ TABLE,Emb. 0.5 KG,"2,39€","4,78€ / KG",
Conserva de Azeitona Mista,RUSTICA,Emb. 0.3 KG,"1,99€","6,63€ / KG",
AUSONIA CUECAS INCONTINÊNCIA DISCREET PANTS NR TM 4X8,AUSONIA,,"7,98€",/ Unid.,
Champô Cabelo Secos Garnier Maravilhoso,ULTRA SUAVE,Emb. 0.25 LT,"3,58€","14,32€ / LT",
Alimento Seco P/ Cão Croquetes Multicomponentes,LYDOG,Emb. 10 KG,"13,95€","1,40€ / KG",
Pensos Higiénicos Maxi Normal Pocket,DOULYS,Emb. 18 UNID.,"1,29€","0,07€ / UNID.",
Crackers Salgadas de Sementes Biológicas,,Emb. 0.2 KG,"2,99€","14,95€ / KG",
Croquetes Coelho e Legumes Verdes,TOUS MES AMIS,Emb. 2 KG,"3,99€","2,00€ / KG",
Feijão Frade,NOTRE JARDIN,Emb. 1 KG,"1,99€","1,99€ / KG",
Vinho Branco Frutado,FAISÃO,Garrafa 0.75 LT,"1,99€","2,65€ / LT",
TRAVESSA INOX 35CM,ECO+,Emb. 1 UNID.,"8,99€","8,99€ / UNID.",
Conserva Cogumelos Laminados,NOTRE JARDIN,Lata 0.355 KG,"1,09€","3,07€ / KG",
Capucino Chocolate Base de Leite Magro em Pó,PLANTATION,Emb. 10 SAQ.,"1,99€","0,20€ / SAQ.",
Escova Adesivo Têxteis 36 Unid.,MAMISON,Emb. 36 UNID.,"0,99€","0,03€ / UNID.",
PENSOS INCONTINENCIA,CHORYS,Emb. 24 UNID.,"3,68€","0,15€ / UNID.",
Alimento Seco P/ Gato C/ Frango Peru,PURINA FRISKIES,Emb. 2 KG,"7,98€","3,99€ / KG",
Biscoitos Areados e Crocantes de Coco,P'TIT DÉLI,Emb. 0.12 KG,"0,79€","6,58€ / KG",
DENIM DEO SPRAY ORIGINAL,DENIM,Emb. 0.15 LT,"2,39€","15,93€ / LT",
ESTRUME DE CAVALO,BEAUX JOURS,Emb. 20 KG,"3,86€","0,19€ / KG",
MANGUEIRA 19MMX25M,BEAUX JOURS,Emb. 1 UNID.,"22,99€","22,99€ / UNID.",
DUREX Lubrificante Play Efeito Calor,DUREX,Emb. 0.05 LT,"7,49€","149,80€ / LT",
Iogurte Bifidus Líquido Frutos Silvestres 4 Unid.,DANONE,Emb. 0.62 KG,"1,99€","3,21€ / KG",
Linguicinha Porco Preto,SNR,Emb. 0.2 KG,"2,69€","13,45€ / KG",
Café Cápsulas Classic,PLANTATION,Emb. 36 CAPS.,"2,79€","0,08€ / CAPS.",
GEL DE LIMPEZA 3 EM 1 (ROSTO CABELO E BARBA),CARRÉ HOMME,Emb. 0.2 LT,"2,22€","11,10€ / LT",
MOZZARELLA BUFALA,LES CROISÉS,Emb. 0.125 KG,"1,79€","14,32€ / KG",
Conserva de Mini Salsichas Cocktail,NOBRE,Lata 0.18 KG,"1,39€","7,72€ / KG",
PENSOS INCONTINENCIA MEDIA - HOMEM,CHORYS,Emb. 20 UNID.,"3,75€","0,19€ / UNID.",
GUARDANAPOS RENOVA OLÉ DUPLO 140U,GUARDANAPOS RENOVA,Emb. 140 UNID.,"2,04€","0,01€ / UNID.",
Cápsulas Café Lungo Intensidade 6,DOLCE GUSTO,Emb. 16 CAPS.,"5,98€","0,37€ / CAPS.",
Bolachas Ricanela +100g,CUÉTARA,Emb. 0.4 KG,"1,99€","4,98€ / KG",
Snack de Batatas Finas Natural,TOKAPI,Emb. 0.17 KG,"1,85€","10,88€ / KG",
"ALIMENT BEBE: PURE CENOURAS, ARROZ E ABOBORA BIO +6M 2X200G",BIO VILLAGE BEBE,Emb. 0.4 KG,"2,99€","7,48€ / KG",
Red Fish Médio Congelado,,1 Unid. = 0.3 KG (aprox.),"3,99€/kg","1,20€ / Unid.",
Vinho Regional Alentejo Tinto,CONVENTO DA VILA,Garrafa 0.75 LT,"1,98€","2,64€ / LT",
Conjunto de 6 Chaves,FOXTER,Emb. 6 UNID.,"10,99€","1,83€ / UNID.",
Gel de Barbear Peles Sensíveis,GILLETTE,Emb. 0.2 LT,"3,68€","18,40€ / LT",
"CHUPA CHUPS ASSORT S/ACUCA,,66G",,,"2,67€",/ Unid.,
BALANCA DIGITAL BAGAGEM,RIVERSIDE,Emb. 1 UNID.,"5,58€","5,58€ / UNID.",
Pantene Perfect Volume Laca 300ml,PANTENE PV,Spray 0.3 LT,"3,74€","12,47€ / LT",
Hamburguer Ultracongelado 100% de Vaca Ultracongelado,CHANTEGRIL,Emb. 1 KG,"10,29€","10,29€ / KG",
Marmelada Extra,,Emb. 0.9 KG,"1,79€","1,99€ / KG",
Farinheira Regional,SNR,Emb. 0.23 KG,"1,59€","6,91€ / KG",
Azeite,3 CASTELOS,Garrafa 1 LT,"5,14€","5,14€ / LT",
Vinho Verde Branco,CRUZEIRO,Garrafa 0.75 LT,"2,19€","2,92€ / LT",
ENVELOPE SILICONE 114X162MM,ESQUISSE,Emb. 100 UNID.,"1,89€","0,02€ / UNID.",
Chá de Frutos Silvestres,LIPTON,Emb. 20 SAQ.,"1,74€","0,09€ / SAQ.",
Elixir Frescura Duradoura,ORAL B,Emb. 0.5 LT,"4,19€","8,38€ / LT",
Pão Cachorro 330g,EPI D'OR,Emb. 6 UNID.,"0,99€","0,17€ / UNID.",
Kiwi,,1 Unid. = 0.11 KG (aprox.),"3,99€/kg","0,44€ / Unid.",
Palmiers Folhados,P'TIT DÉLI,Emb. 0.23 KG,"1,49€","6,48€ / KG",
Pipocas Pop Corn 3x90g,TOKAPI,Emb. 0.27 KG,"1,29€","4,78€ / KG",
Amaciador de Roupa Azul,COMFORT,Emb. 4 LT,"4,49€","1,12€ / LT",
Bolachas Tosta Rica Mini Go,CUÉTARA,Emb. 0.24 KG,"2,67€","11,13€ / KG",
Bolachas Alfa,NACIONAL,Emb. 0.18 KG,"1,27€","7,06€ / KG",
Loção Corporal Summer Revive Fair,DOVE,Emb. 0.2 LT,"3,99€","19,95€ / LT",
PENSOS DIARIOS U. FINOS 30UN,DOULYS,,"0,89€",/ Unid.,
Tablete Chocolate Culinária,NESTLÉ,Emb. 0.2 KG,"1,39€","6,95€ / KG",
Cápsula e pastilha de café DGC ESPRESSO INTENSO 16UN,LAVAZZA,Emb. 16 UNID.,"4,49€","0,28€ / UNID.",
Bolachas Original,OREO,Emb. 0.22 KG,"1,98€","9,00€ / KG",
Tablete de Chocolate de Leite Biológica,,Emb. 0.1 KG,"1,49€","14,90€ / KG",
COLA GEL 30ML,ESQUISSE,Emb. 1 UNID.,"0,99€","0,99€ / UNID.",
Vinho Tinto do Douro Reserva,CADÃO,Emb. 0.75 LT,"4,99€","6,65€ / LT",
Cápsulas Café Ristretto Barista Intensidade 9,DOLCE GUSTO,Emb. 16 CAPS.,"4,79€","0,30€ / CAPS.",
Limpa Vidros Cristal Recarga,AJAX,Emb. 0.5 LT,"2,68€","5,36€ / LT",
Café Torrado Moído Brasil Moagem Universal Intensidade 7,SICAL,Emb. 0.22 KG,"3,68€","16,73€ / KG",
Recarga Sabonete Líquido Amêndoa,PALMOLIVE,Emb. 0.5 LT,"2,98€","5,96€ / LT",
Vinho Regional Bairrada Tinto,MARQUES DE MARIALVA,Garrafa 0.75 LT,"21,99€","29,32€ / LT",
KIT DESENHO 4 PECAS INQUEBRAVEL,ESQUISSE,Emb. 1 UNID.,"1,19€","1,19€ / UNID.",
COLORAÇÃO BELLADY PERMANENTE Nº 30 CASTANHO ESCURO,BELLADY,Emb. 1 UNID.,"9,98€","9,98€ / UNID.",
Sidra com Álcool de Maça 15x20cl,SOMERSBY,Emb. 3 LT,"9,94€","3,31€ / LT",
QUEIJO FLAMENGO FATIADO,QUEIJO NA TÁBUA,Emb. 0.5 KG,"3,79€","7,58€ / KG",
Azeitonas Pretas Inteiras,RUSTICA,Emb. 0.225 LT,"1,19€","5,29€ / LT",
Pensos Higiénicos Salvaslips Fresh em Bolsas,EVAX,Emb. 40 UNID.,"2,38€","0,06€ / UNID.",
Noz Moscada Moída C/ Moinho,MARGÃO,Emb. 0.04 KG,"2,48€","62,00€ / KG",
Queijo Curado Vaca,SNR,Emb. 0.22 KG,"2,85€","12,95€ / KG",
AUSONIA ORG COTTON NORMAL ABAS,AUSONIA,Emb. 12 UNID.,"2,54€","0,21€ / UNID.",
Preparado Creme de Cenoura e Abóbora,,Emb. 0.6 KG,"2,29€","3,82€ / KG",
Bolachas Original Family Format,OREO,Emb. 0.44 KG,"3,97€","9,02€ / KG",
Refrigerante C/ Gás S/ Cafeína Pack 6,COCA COLA,Emb. 1.98 LT,"4,30€","2,17€ / LT",
Bolachas Maria,CUÉTARA,Emb. 0.8 KG,"2,47€","3,09€ / KG",
6-PACK TOALHITAS BABY MOMENTS,CHICCO,,"6,24€",/ Unid.,
TOALHITAS P/ADULTOS X64,CHORYS,Emb. 64 UNID.,"2,99€","0,05€ / UNID.",
Espumante Bruto,CONTRI,Garrafa 0.75 LT,"2,48€","3,31€ / LT",
Chocolate Nestlé,AFTER EIGHT,Emb. 0.2 KG,"2,34€","11,70€ / KG",
Champô Cabelos Pintados,ELVIVE,Emb. 0.25 LT,"3,68€","14,72€ / LT",
Pensos Higiénicos Diários Maxi Aloe,CAREFREE,Emb. 48 UNID.,"4,78€","0,10€ / UNID.",
CONJUNTO DE 3 PANOS MICROFIBRAS,ECO+,Emb. 3 UNID.,"1,79€","0,60€ / UNID.",
"ATUM FILETE AZEITE BIO, 120G",TENÓRIO,Emb. 0.12 KG,"2,29€","19,08€ / KG",
Piri Piri Moído,MARGÃO,Emb. 0.038 KG,"2,18€","57,37€ / KG",
Garoupa Legitima Cal. 1/3,,1 Unid. = 1.5 KG (aprox.),"15,90€/kg","23,85€ / Unid.",
Pastéis de Bacalhau,,Emb. 12 KG,"1,99€","0,17€ / KG",
LENCOS FACIAIS 3F DECORADO,CARESSE,Emb. 70 UNID.,"1,19€","0,02€ / UNID.",
Sumo 100% Laranja Biológico 6 Unid.,,Emb. 0.12 LT,"2,99€","24,92€ / LT",
BATERIA Nº 10 50/450 50/450 TECH9,TECH9,Emb. 1 UNID.,"56,99€","56,99€ / UNID.",
Papaia Aérea,,1 Unid. = 0.514 KG (aprox.),"5,39€/kg","2,77€ / Unid.",
Escova Multiusos,SILLAGE,Emb. 1 UNID.,"1,07€","1,07€ / UNID.",
Toalhitas Peles Sensiveis,CHICCO,Emb. 72 UNID.,"1,49€","0,02€ / UNID.",
BB CREAM 5EM1 MEDIO 50ML,INELL,Emb. 0.05,"3,49€","69,80€ /",
FILETE ATUM EM ESCABECHE 120 GR,TENÓRIO,Emb. 0.12 KG,"2,29€","19,08€ / KG",
Salsicha Branca com Porto 3x125g,TRADILÈGE,Emb. 0.375 KG,"3,35€","8,93€ / KG",
Alimento Seco P/ Cão Mini Menu Vaca,PURINA FRISKIES,Emb. 1.5 KG,"4,49€","2,99€ / KG",
Vinho Verde Branco Salvé,SALVE,Garrafa 0.75 LT,"1,79€","2,39€ / LT",
Bacalhau Especial Islândia,,1 Unid. = 3.5 KG (aprox.),"11,99€/kg","41,97€ / Unid.",
Alimento Seco para Gato Sterilcat Carne Vaca,PURINA ONE,Emb. 1.5 KG,"11,98€","7,99€ / KG",
PENSOS DIARIOS U.FINOS ALOE VERA POCKET 30UN,DOULYS,Emb. 30 UNID.,"1,25€","0,04€ / UNID.",
PENSOS INCONTINENCIA U. FINOS NORMAL POCKET,CHORYS,Emb. 16 UNID.,"2,09€","0,13€ / UNID.",
Erva Doce Saqueta,RUSTICA,Emb. 0.05 KG,"1,27€","25,40€ / KG",
Azeite Virgem Delicado,GALLO,Emb. 0.75 LT,"4,68€","6,24€ / LT",
Desentupidor,SILLAGE,Emb. 1 UNID.,"2,37€","2,37€ / UNID.",
Queijo Mozarella,GALBANI,Emb. 0.25,"3,08€","12,32€ /",
Conserva Grão Cozido com pouco Sal,FERBAR,Lata 0.42 KG,"0,95€","2,26€ / KG",
Leite Bem Especial S/ Lactose Infantil Meio Gordo,MIMOSA,Emb. 1 LT,"1,98€","1,98€ / LT",
Alimento Seco Gato Completo Salmão Legumes,LYCAT,Emb. 0.4 KG,"0,99€","2,48€ / KG",
BATATA DOCE EM PEDACOS BIO,,Emb. 0.6 KG,"2,31€","3,85€ / KG",
Pizza Barbecue,CAMPOFRIO,Emb. 0.41 KG,"2,49€","6,07€ / KG",
Café Original Moído,BUONDI,Emb. 0.22 KG,"3,47€","15,77€ / KG",
Pastilha Elástica Senses Rainforest Mint,TRIDENT,Emb. 0.023 KG,"0,94€","40,87€ / KG",
Amoras,,Emb. 0.125 KG,"2,49€","19,92€ / KG",
ICED TEA LIMAO 6X20CL,FRESH TEA,,"1,29€",/ Unid.,
Bolachas Choco Minis,MILKA,Emb. 0.185 KG,"1,00€","5,41€ / KG",
DETERGENTE EM PO MANUAL,EPSIL,Emb. 600 LT,"0,84€","0,00€ / LT",
Néctar Vital Equilíbrio Laranja Cenoura Manga,COMPAL,Emb. 1 LT,"1,68€","1,68€ / LT",
Vinho Regional Alentejano Tinto,QUINTA DO CARMO,Garrafa 0.75 LT,"16,98€","22,64€ / LT",
PURE MACA/MIRTILO/BANANA SEM ADICAO ACUCAR BISNAGA,DOUCEUR DU VERGER,Emb. 0.48 KG,"2,81€","5,85€ / KG",
IOGURTE NATURAL BIO,,Emb. 0.5 KG,"0,94€","1,88€ / KG",
Refrigerante C/ Gás Uva,FANTA,Garrafa 1.5 LT,"1,00€","0,67€ / LT",
Dentífrico Cuidados Completos 8 em 1,DENTAMYL,Emb. 0.075 LT,"0,95€","12,67€ / LT",
Johnson's Gel de Banho para Bebé Cuidado Completo,JOHNSON'S BABY,Emb. 0.5 LT,"3,89€","7,78€ / LT",
Sabonete Delicado Care 4 unid.,PALMOLIVE,Emb. 0.09 KG,"3,44€","38,22€ / KG",
LIXIVIA TRADICIONAL,CLAIR,Emb. 4 LT,"1,69€","0,42€ / LT",
ELIXIR BOCAL,DENTAMYL,Emb. 0.5 LT,"1,29€","2,58€ / LT",
Pão Alentejano,,1 Unid. = 0.8 KG,"2,53€","3,16€ / KG",
BACALHAU COM ESPINAFRES 350G,CÔTÉ TABLE,Emb. 0.35 KG,"3,19€","9,11€ / KG",
Chicken Wings Iglo Take Away,IGLO,Emb. 0.4 KG,"9,98€","24,95€ / KG",
SOBREMESA TIRAMISU AMARETTO,EQUADOR,,"2,59€",/ Unid.,
ESCOVA DENTES BAMBU MEDIA,DENTAMYL,Emb. 1 UNID.,"1,69€","1,69€ / UNID.",
B&J Caramel Chew Chew 465ml,,Emb. 0.465 LT,"6,78€","14,58€ / LT",
Ficha Tripla 2X10X16A+1X6A,ECO+,Emb. 1 UNID.,"1,78€","1,78€ / UNID.",
PREPARADO LACTEO PARA SANDWICH FATIAS,ECO+,Emb. 0.4 KG,"3,09€","7,73€ / KG",
Azeite Maduras,OLIVEIRA DA SERRA,Emb. 0.75 LT,"5,68€","7,57€ / LT",
Rebentos de Feijão-Mungo 3x90 g,NOTRE JARDIN,Lata 0.27 KG,"1,59€","5,89€ / KG",
Queijo Regional Vaca Cabra Ovelha Curado,SALOIO,Emb. 0.19 KG,"3,48€","18,32€ / KG",
Natas Cremosas Light,MIMOSA,Emb. 0.2 LT,"0,89€","4,45€ / LT",
Caramelo Líquido,ROYAL,Emb. 0.4 KG,"2,48€","6,20€ / KG",
CARNE DE GALINHA C/ ARROZ E MOLHO DE NATAS,CÔTÉ TABLE,Emb. 0.3 KG,"1,99€","6,63€ / KG",
Bacalhau Crescido Islândia,,1 Unid. = 1.3 KG (aprox.),"9,99€/kg","12,99€ / Unid.",
ALHO FRANCÊS RONDELLE,NOTRE JARDIN,Emb. 1 KG,"1,29€","1,29€ / KG",
Licor Carolans,CAROLANS,Garrafa 0.7 LT,"14,78€","21,11€ / LT",
Cookies Sem Gluten,GULLÓN,Emb. 0.2 KG,"2,38€","11,90€ / KG",
FORMAS DE ALUMINIO BAIXO 1L 10UN,ELEMBAL,Emb. 10 UNID.,"2,99€","0,30€ / UNID.",
A.O.C. Cotes Provence 2014,TERRES OCREES,Garrafa 0.75 LT,"4,99€","6,65€ / LT",
FEIJÃO PRETO,FERBAR,Emb. 0.5 KG,"1,04€","2,08€ / KG",
Penso Incontinência Discreet Mini,AUSONIA,Emb. 20 UNID.,"3,98€","0,20€ / UNID.",
Papel Higiénico 4 Folhas Creme,RENOVA,Emb. 12 ROLOS,"7,18€","0,60€ / ROLOS",
PURE MACA/AMEIXA SEM ADICAO ACUCAR BIO +4M,,Emb. 0.4 KG,"2,09€","5,23€ / KG",
CAÇAROLA FRITADEIRA INOX COM ASA E CESTO INTERIOR 24CM,ECO+,Emb. 1 UNID.,"13,99€","13,99€ / UNID.",
Barras Cereias com Pedaços de Morango Biológicas 6 Unid.,,Emb. 0.125 KG,"1,69€","13,52€ / KG",
Frango Inteiro com Miúdos Saco,,1 Unid. = 1 KG  (aprox.),"2,98€/kg","2,98€ / Unid.",
Bloco de Foie Gras de Pato,PIERRE DE CHAUMEYRAC,Lata 0.2 KG,"9,99€","49,95€ / KG",
Mini Bolos de Mármore de Chocolate,P'TIT DÉLI,Emb. 0.378 KG,"2,69€","7,12€ / KG",
SNACK CHIPZ MAÇÃ FRUUT 20G,,Emb. 0.02 KG,"0,84€","42,00€ / KG",
DETERGENTE MANUAL LOICA MACA 1L,ECO+,Emb. 1 LT,"0,79€","0,79€ / LT",
"""QUENELLES"" DE SALMAO C/ MOLHO CAMARAO",CÔTÉ TABLE,Emb. 0.4 KG,"1,79€","4,48€ / KG",
BLOCO 5 TOMADAS C/ INTERRUPTOR,ECO+,Emb. 1 UNID.,"4,99€","4,99€ / UNID.",
Cereais de Chocolate Biológicos,CHOCAPIC,Emb. 0.33 KG,"2,99€","9,06€ / KG",
Condicionador Nourish & Replenish,TRESEMMÉ,Emb. 0.4 LT,"4,79€","11,98€ / LT",
Chá Verde com Sabor a Hortelã e Lima,LIPTON,Emb. 1 LT,"1,28€","1,28€ / LT",
Baked Heinz Beans Com Tomate 415g,HEINZ,Emb. 0.415 KG,"1,79€","4,31€ / KG",
Ração Seca Light Frango P/ Cão,FRISKIES,Emb. 3 KG,"11,68€","3,89€ / KG",
Pantene Micelar Purifica & Revitaliza Champô,,Emb. 0.25 LT,"3,98€","15,92€ / LT",
Aipo com Rama,,1 Unid. = 0.5 KG (aprox.),"1,59€/kg","0,80€ / Unid.",
Café Moído Puro Arábica Biológico,,Emb. 0.25 KG,"3,49€","13,96€ / KG",
Champô Nourish & Replenish com Óleo de Coco e Aloe Vera,TRESEMMÉ,Emb. 0.4 LT,"4,79€","11,98€ / LT",
Fiambre da Pá,,1 Unid. = 0.12 KG (aprox.),"3,99€/kg","0,48€ / Unid.",
Café Torrado Moído Lote Descafeínado Moagem Universal Intensidade 8,SICAL,Emb. 0.22 KG,"3,24€","14,73€ / KG",
Sementes de Quinoa,MARQUE REPERE,Emb. 0.2 KG,"1,79€","8,95€ / KG",
ALIMENT BEBE: PURE LEGUMES VERDES MASSA PERU BIO +8M 2X200G,BIO VILLAGE BEBE,Emb. 0.4 KG,"2,99€","7,48€ / KG",
Chocolate Preto C/ Casca de Laranja Cristalizada,EQUADOR,Emb. 0.1 KG,"1,19€","11,90€ / KG",
Ambientador Vela Anti-Tabaco,,Emb. 2 UNID.,"5,69€","2,85€ / UNID.",
Queijo Bola Flamengo,LIMIANO,1 Unid. = 1.6 KG (aprox.),"8,99€/kg","14,38€ / Unid.",
Massa Espirais,MILANEZA,Emb. 0.5 KG,"1,19€","2,38€ / KG",
DENTIFRICO COCO/ALOE VERA BIO,BIONAÏA,Emb. 0.075 LT,"1,75€","23,33€ / LT",
Café Solúvel Qualité Filtre,PLANTATION,Frasco 0.2 KG,"3,99€","19,95€ / KG",
Chouriço Terra de Xisto,SNR,Emb. 0.25 KG,"3,29€","13,16€ / KG",
Berbigão,,1 Unid. = 1 KG (aprox.),"3,49€/kg","3,49€ / Unid.",
Lombos de Salmão com Pele,IGLO,Emb. 0.25 KG,"10,73€","42,92€ / KG",
Vinho Tinto do Douro Reserva,ALTANO,Emb. 0.75 LT,"9,49€","12,65€ / LT",
"BL1 LED SPOT 8,2-50W GU5.3",FOXTER,Emb. 1 UNID.,"4,99€","4,99€ / UNID.",
Lagartos,,Emb. 0.3 KG,"1,49€","4,97€ / KG",
Gel de Duche Nutritivo,DOVE,Emb. 0.75 LT,"4,79€","6,39€ / LT",
Chá de Menta e Eucalipto,LIPTON,Emb. 20 SAQS,"1,94€","0,10€ / SAQS",
"APARAFUSADORA SEM FIO 3,6V",FOXTER,Emb. 1 UNID.,"17,90€","17,90€ / UNID.",
Pérolas de Perfume para Roupa Spring,LENOR,Emb. 0.21 KG,"7,69€","36,62€ / KG",
QUEIJO FRESCO 20% MG,DÉLISSE,Emb. 1 KG,"1,99€","1,99€ / KG",
Salsichão C/ Avelãs,ST AZAY,Emb. 0.25 KG,"2,99€","11,96€ / KG",
Arroz Carolino,COMPTOÍR DU GRAIN,Emb. 1 KG,"0,93€","0,93€ / KG",
DESODORIZANTE ROLL-ON BIO 50ML,BIONAÏA,Emb. 0.05 LT,"0,99€","19,80€ / LT",
GRAO DE BICO SACO,NOTRE JARDIN,Emb. 1 KG,"2,29€","2,29€ / KG",
Sobremesa Chocolate Mix'n Croc Color Chocolate 4x120g,DÉLISSE,Emb. 0.48 KG,"1,85€","3,85€ / KG",
Maminha de Novilho,,1 Unid. = 1 KG (aprox.),"4,49€/kg","4,49€ / Unid.",
Néctar de Pera Clássico 3 Unid.,JAFADEN,Emb. 0.6 LT,"0,79€","1,32€ / LT",
GELEIA MORANGO 345G,CASA MATEUS,Emb. 0.345 KG,"2,47€","7,16€ / KG",
Iogurte Natural,MIMOSA,Emb. 0.48 KG,"1,38€","2,88€ / KG",
Triguilho Biológico,,Emb. 0.5 KG,"1,49€","2,98€ / KG",
Chá Marrocos Mint & Spices,LIPTON,Emb. 20 SAQ.,"1,94€","0,10€ / SAQ.",
Desodorizante Roll-On Biorythm 48H,REXONA,Emb. 0.05 LT,"2,39€","47,80€ / LT",
VASSOURA RELVA 21 DENTES,BEAUX JOURS,Emb. 1 UNID.,"9,79€","9,79€ / UNID.",
ANDOUILLETTE TROYES 2UN,NOS RÉGIONS ONT DU TALENT,,"4,45€",/ Unid.,
Compota de Fruta de Maçã sem Adição de Açúcares 4x100g,DOUCEUR DU VERGER,Emb. 0.4 KG,"1,79€","4,48€ / KG",
MARCADOR FLURESCENTE SORTIDO CORES PASTEL 4UN,ESQUISSE,Emb. 4 UNID.,"1,50€","0,38€ / UNID.",
FIAMBRE PERNA EXTRA LABEL ROUGE 4 FATIAS,TRADILÈGE,Emb. 0.16 KG,"3,09€","19,31€ / KG",
Pantene Aqua Light Champô,PANTENE PV,Emb. 0.25 LT,"3,98€","15,92€ / LT",
Amêndoa em Pó,TABLIER BLANC,Emb. 0.125 KG,"2,29€","18,32€ / KG",
Mostarda,RUSTICA,Emb. 0.225 KG,"1,09€","4,84€ / KG",
Recarga Sabonete Líquido Flores Laranjeira,MANAVA,Emb. 0.25 LT,"0,65€","2,60€ / LT",
MINI CHAMPO DE VIAGEM TILIA E MACA 100ML,NATEIS,Emb. 0.1 LT,"1,09€","10,90€ / LT",
Chá Limão e Gengibre,LIPTON,Emb. 20 SAQ.,"1,94€","0,10€ / SAQ.",
SUBLINHADORES SORTIDOS 4UN,ESQUISSE,Emb. 4 UNID.,"1,50€","0,38€ / UNID.",
Kinder SchokobonsT.200 White,KINDER,Emb. 0.2 KG,"3,99€","19,95€ / KG",
Desodorizante Active Fresh Spray,VASELINE,Emb. 0.25 LT,"2,19€","8,76€ / LT",
Miolo de Amendoim C/ Sal,MARQUE REPERE,Emb. 0.5 KG,"2,99€","5,98€ / KG",
Espumante Reserva Bruto,RAPOSEIRA,Garrafa 0.75 LT,"7,74€","10,32€ / LT",
Pão Centeio,,1 Unid. = 0.4 KG,"0,70€","1,75€ / KG",
Miolo de Amêndoa S/ Pele,MARQUE REPERE,Emb. 0.225 KG,"2,99€","13,29€ / KG",
Snack P/ Cão Médio/Grande +10kg,FRISKIES,Emb. 7 UNID.,"2,98€","0,43€ / UNID.",
LEGUMES SALTEADOS WOK INDIANO,NOTRE JARDIN,Emb. 1 KG,"3,25€","3,25€ / KG",
Água sem Gás 4x1.5 L,FASTIO,Garrafa 6 LT,"2,39€","0,40€ / LT",
Vinho Regional Península de Setúbal Branco,FONTANARIO,Garrafa 0.75 LT,"2,68€","3,57€ / LT",
Destop Turbo Gel,DESTOP,Emb. 1   UNID.,"6,74€","6,74€ /   UNID.",
IOGURTE C/PEDACOS VARIOS SABORES,DÉLISSE,Emb. 2 KG,"4,80€","2,40€ / KG",
FILETES DE PESCADA,PÊCHE OCÉAN,Emb. 0.4 KG,"3,49€","8,73€ / KG",
BOLA FUTEBOL PREMIUM T5,WOODSUN,Emb. 1 UNID.,"8,24€","8,24€ / UNID.",
Amaciador Roupa Concentrado Intense Care Sensitive,COMFORT,Emb. 60 DOSES,"3,99€","0,07€ / DOSES",
BEBIDA SOJA BAUNILHA 3x250ML,ALPRO,Emb. 0.75 LT,"1,79€","2,39€ / LT",
Bolachas Tosta Rica Oceanix,CUÉTARA,Emb. 0.16 KG,"2,17€","13,56€ / KG",
Canela Moída,RUSTICA,Emb. 0.04 KG,"0,59€","14,75€ / KG",
Café Delta Em Grão Torrado Chávena,DELTA,Emb. 0.25 KG,"2,29€","9,16€ / KG",
Maionese Formato XXL,CALVÉ,Emb. 0.753 KG,"3,98€","5,29€ / KG",
Iogurte Grego Yaos Pessego,YAOS,Emb. 0.44 KG,"2,29€","5,20€ / KG",
Vinho Branco de Mesa Elopack,CASAL DA EIRA,Emb. 1 LT,"1,84€","1,84€ / LT",
MENU COMPLETO PARA HAMSTERS 800G,P'TIT AMI,Emb. 0.8 KG,"1,99€","2,49€ / KG",
Dourada Cal. 300/400,,1 Unid. = 0.35 KG (aprox.),"5,45€/kg","1,91€ / Unid.",
"GELADO ""TYROLIA"" BAUNILHA",ESKISS,Emb. 0.65 LT,"1,99€","3,06€ / LT",
Detergente para a Máquina da Loiça de Limão,SUN,Emb. 90 DOSES,"12,34€","0,14€ / DOSES",
ENVELOPE SILICONE KRAFT 162X229MM,ESQUISSE,Emb. 25 UNID.,"0,99€","0,04€ / UNID.",
APARADOR MULTIFUNCOES,ELSAY,Emb. 1 UNID.,"16,90€","16,90€ / UNID.",
Queijo de Vaca Light,PAIVA,1 Unid. = 2 KG (aprox.),"10,99€/kg","21,98€ / Unid.",
Especiarias Mistura de 5 Pimentas,RUSTICA,Frasco 0.043 KG,"1,79€","41,63€ / KG",
Nata com 3 Pimentas,PARMALAT,Emb. 0.2 LT,"1,26€","6,30€ / LT",
Brandy,CONSTANTINO,Garrafa 0.7 LT,"9,48€","13,54€ / LT",
FIAMBRE PERNA EXTRA C/ COURATO 4 FATIAS,TRADILÈGE,Emb. 0.16 KG,"2,59€","16,19€ / KG",
"BL1 LED CAPS G9 2,8-25W",FOXTER,Emb. 1 UNID.,"3,53€","3,53€ / UNID.",
Tablete de Chocolate C/ Amendoim,NESTLÉ,Emb. 0.09 KG,"1,09€","12,11€ / KG",
Cerveja sem Álcool 6x33CL,SUPER BOCK,Emb. 1.98 LT,"4,49€","2,27€ / LT",
Champô Anti-Caspa Eficácia Ativa 2 em 1 para Todos os Tipos de Cabelo,LINIC,Emb. 0.36 LT,"4,94€","13,72€ / LT",
"LASANHA A BOLONHESA COM AZEITE VIRGEM EXTRA (1,7%)",CÔTÉ TABLE,Emb. 0.35 KG,"2,19€","6,26€ / KG",
Azeite Virgem Extra Reserva,GALLO,Garrafa 0.75 LT,"4,79€","6,39€ / LT",
TIRA NÓDOAS COLOUR PÓ,A+,Emb. 0.99 KG,"5,99€","6,05€ / KG",
Pão Tostado Integral,EPI D'OR,Emb. 0.2 KG,"0,95€","4,75€ / KG",
Iogurte Bifidus Líquido Lima Limão 0% 4 Unid.,DANONE,Emb. 0.62 KG,"1,99€","3,21€ / KG",
Queijo Fatiado 2X200 g,LIMIANO,Emb. 0.4 KG,"4,42€","11,05€ / KG",
Cereais Special K Frutos Vermelhos,KELLOGG'S,Emb. 0.3 KG,"2,59€","8,63€ / KG",
Bolachas com Sal Crackers,DU BOIS DE LA ROCHE,Emb. 0.5 KG,"3,08€","6,16€ / KG",
Bebida Energética,BURN,Emb. 0.5 LT,"1,09€","2,18€ / LT",
12 Caracóis Preparados Ultracongelados,,Emb. 0.089 KG,"2,49€","27,98€ / KG",
Café Cápsulas Qonvictus Intensidade 5,DELTA,Emb. 10 CAPS.,"2,99€","0,30€ / CAPS.",
"ALIMENT BEBE: SOBREMESA LACTEA SEMOLA, BAUNILHA +6M 4X100G",BIO VILLAGE BEBE,Emb. 0.4 KG,"2,49€","6,23€ / KG",
Tablete de Chocolate Bolacha,MILKA,Emb. 0.3 KG,"3,98€","13,27€ / KG",
Nuggets Peito de Frango Ultracongelado,CAPITÃO IGLO,Emb. 0.208 KG,"5,98€","28,75€ / KG",
Moscatel,FAVAIOS,Garrafa 0.75 LT,"5,59€","7,45€ / LT",
Alimento P/ Cão Adulto Pequeno P/ Controlo do Peso,PURINA,Emb. 0.8 KG,"5,68€","7,10€ / KG",
ESPARGUETE,ECO+,Emb. 1 KG,"1,69€","1,69€ / KG",
Fatias Clássicas de Frango,CAMPOFRIO,Emb. 0.09 KG,"1,29€","14,33€ / KG",
Barras Cereais Crunchy Caramel 6 Unid.,,Emb. 0.141 KG,"2,33€","16,52€ / KG",
Sobremesa de Soja Chocolate 4 Unid.,NAT&VIE,Emb. 0.4 KG,"1,49€","3,73€ / KG",
Madalenas em Concha com Ovos,P'TIT DÉLI,Emb. 1 KG,"3,99€","3,99€ / KG",
"AMBIENTADOR MECHA ""LAVANDA"" 375ML",BIEN AIR,Emb. 0.375 LT,"1,55€","4,13€ / LT",
Coco Ralado,FERBAR,Emb. 0.2 KG,"2,18€","10,90€ / KG",
Café Moagem Universal Lote Chávena Moída 2x250g,DELTA,Emb. 0.5 KG,"5,47€","10,94€ / KG",
Brioche Pep Choco,EPI D'OR,Emb. 0.5 KG,"2,89€","5,78€ / KG",
CROQUETES GATINHO PREMIUM 450G LYCAT,PLENIMA,Emb. 0.45 KG,"1,59€","3,53€ / KG",
Massa Cotovelinhos,ECO+,Emb. 1 KG,"1,49€","1,49€ / KG",
Bebida de Soja Original,SHOYCE,Emb. 1 LT,"1,68€","1,68€ / LT",
Queijo Fresco Magro,SANTIAGO,Emb. 0.2 KG,"1,78€","8,90€ / KG",
Infusão de Frutos Vermelhos,LIPTON,Emb. 0.032 KG,"0,90€","28,13€ / KG",
Tostas com Baixo teor de Sal 36Unid.,EPI D'OR,Emb. 0.3 KG,"1,49€","4,97€ / KG",
Vinagre Balsâmico de Modena,GALLO,Emb. 0.5 LT,"2,99€","5,98€ / LT",
Mil Folhas,,1 Unid. = 0.1 KG,"0,89€","8,90€ / KG",
Desodorizante Roll-On Baunilha,MANAVA,Emb. 0.05 LT,"0,99€","19,80€ / LT",
Esponjas Vegetais,ECO+,Emb. 2 UNID.,"0,69€","0,35€ / UNID.",
BACALHAU A BRAS 300G,CÔTÉ TABLE,Emb. 0.25 KG,"2,49€","9,96€ / KG",
FITA COLA DUPLA FACE 25M X 50MM,FOXTER,Emb. 1 UNID.,"3,99€","3,99€ / UNID.",
FRESHMATIC COM RECARGA PURE FLOR DE CEREJEIRA,AIRWICK,Emb. 1 UNID.,"7,19€","7,19€ / UNID.",
Champô 2em1 Leite Amêndoa Extra Suave,MANAVA,Emb. 0.5 LT,"1,99€","3,98€ / LT",
Cone Baunilha e Chocolate,TRIUM,Emb. 6 UNID.,"3,49€","0,58€ / UNID.",
Café Solúvel Puro Colombia Suave,NESCAFÉ,Emb. 0.1 KG,"6,38€","63,80€ / KG",
Queijo Emental Francês,PRÉSIDENT,Emb. 0.25 KG,"4,28€","17,12€ / KG",
Noz Moscada C/ Moinho,MARGÃO,Emb. 0.03 KG,"3,98€","132,67€ / KG",
Massa Entrefina,,Emb. 0.5 KG,"0,69€","1,38€ / KG",
Vinho do Porto Lágrima,RAMOS PINTO,Emb. 0.75 LT,"10,18€","13,57€ / LT",
Queijo Parmigiano Reggiano,LES CROISÉS,Emb. 0.2 KG,"4,05€","20,25€ / KG",
Secretos de Porco,,1 Unid. = 0.2 KG (aprox.),"8,59€/kg","1,72€ / Unid.",
Refrigerante com Gás Laranja,SUMOL,Garrafa 1.25 LT,"1,29€","1,03€ / LT",
PUDIM +PROTEINA CARAMELO,EHRMANN,Emb. 0.2 KG,"1,79€","8,95€ / KG",
Ambientador Eléctrico Aparelho Cider,GLADE,Emb. 0.02 LT,"5,99€","299,50€ / LT",
PIZZA BOLOGNA TURINI,TURINI,Emb. 0.4 KG,"2,05€","5,13€ / KG",
Bolo de Cacau,P'TIT DÉLI,Emb. 0.42 KG,"2,89€","6,88€ / KG",
PENSOS INCONTINENCIA ANATOMICOS X 20 + 2 CUECAS DE MALHA,CHORYS,Emb. 20 UNID.,"8,49€","0,42€ / UNID.",
Fiambre Peito de Frango em Forno de Lenha,CAMPOFRIO,1 Unid. = 0.11 KG (aprox.),"13,56€/kg","1,49€ / Unid.",
Café Solúvel C/ Bebida Amêndoa Vegan,NESCAFE GOLD,Emb. 0.096 KG,"3,68€","38,33€ / KG",
TAPETE ANTI-DERRAPANTE WC TRANSPARENTE 52X52,SILLAGE,Emb. 1 UNID.,"3,99€","3,99€ / UNID.",
Champô Seco Fresh&Clean,TRESEMMÉ,Emb. 0.25 LT,"5,39€","21,56€ / LT",
Gomas Crocodil,COPAÍNS COPINES,Emb. 0.3 KG,"1,34€","4,47€ / KG",
Café Solúvel Clássico Creme,NESCAFÉ,Frasco 0.1 KG,"3,98€","39,80€ / KG",
BOLACHAS C/ PEPITAS CHOC PRETO E QUINOA BIO,,Emb. 0.16 KG,"1,89€","11,81€ / KG",
DOCE CASTANHA C/ BAUNILHA,MAMIE DOUCEUR,,"2,23€",/ Unid.,
Vinagre Vinho Branco,GALLO,Garrafa 0.25 LT,"1,09€","4,36€ / LT",
PALETTE 8.2 LOURO BEGE,PALETTE,Emb. 1 UNID.,"4,79€","4,79€ / UNID.",
Batom Corretivo 002,RIMMEL,Emb. 1 UNID.,"8,48€","8,48€ / UNID.",
Pensos Incontinência Discreet Maxi Night,AUSONIA,Emb. 12 LT,"7,98€","0,67€ / LT",
Queijo Amanteigado de Lamego,PAIVA,1 Unid. = 0.7 KG (aprox.),"9,99€/kg","6,99€ / Unid.",
A+ARIEL OPTIMAL LIQ 4X2.8L/56SC/PT,A+,,"8,99€",/ Unid.,
Bolachas Digestivas Chocolate,TRIUNFO,Emb. 0.195 KG,"1,98€","10,15€ / KG",
Panaché,FALSBOURG,Lata 2.5 LT,"2,99€","1,20€ / LT",
ESCORREDOR P/BALDE LIMPEZA,SILLAGE,Emb. 1 UNID.,"1,02€","1,02€ / UNID.",
Doseador Delicious Sweet Taste,CANDEREL,Emb. 1 P,"1,49€","1,49€ / P",
CANETA ROLLER APAGAVEL VARIAS CORES 3UN,ESQUISSE,Emb. 3 UNID.,"1,99€","0,66€ / UNID.",
FEIJOCA EXTRA FINA,NOTRE JARDIN,Emb. 0.4 KG,"0,96€","2,40€ / KG",
MASCARA CABELOS ARGAO/JASMIM ING.NATURAIS 300ML,NATEIS,Emb. 0.3 LT,"1,34€","4,47€ / LT",
Massa Cotovelinhos Biológica,,Emb. 0.5 KG,"1,17€","2,34€ / KG",
"Refrigerante com Gás Laranja Lata 6x0,33L",SUMOL,Emb. 1.98 LT,"4,38€","2,21€ / LT",
SABONETE VEGETAL C/LEITE DE BURRA BIO,BIONAÏA,Emb. 0.1 KG,"1,55€","15,50€ / KG",
Tomate Cacho,,1 Unid. = 0.2 KG (aprox.),"3,19€/kg","0,64€ / Unid.",
Máscara Ultra Suave Azeitona Mítica,GARNIER,Emb. 0.3 LT,"6,78€","22,60€ / LT",
Azeite Virgem Extra Dop,ROSMANINHO,Garrafão 5 LT,"24,79€","4,96€ / LT",
GUACAMOLE,PIC'EXPRESS,Emb. 0.2 KG,"2,49€","12,45€ / KG",
Caldo de Legumes,KNORR,Emb. 0.088 KG,"1,39€","15,80€ / KG",
PURE MACA/ALPERCE SEM ADICAO ACUCAR BIO +4M,,Emb. 0.4 KG,"2,09€","5,23€ / KG",
DETERGENTE LIQUIDO ALOE VERA 40D,EPSIL,Emb. 40 DOSES,"4,69€","0,12€ / DOSES",
Brioche Fatiado Familiar,EPI D'OR,Emb. 0.7 KG,"2,69€","3,84€ / KG",
GEL BARBEAR FRESCURA,CARRÉ HOMME,Emb. 0.2 LT,"1,79€","8,95€ / LT",
Cominhos Moídos,RUSTICA,Frasco 0.035 KG,"0,59€","16,86€ / KG",
Iogurte Líquido DanUp Melão Melancia 4x155g,DANONE,Emb. 0.62 KG,"1,69€","2,73€ / KG",
Toalha Branca 25Metros,ECO+,Emb. 1 UNID.,"4,99€","4,99€ / UNID.",
MÁSCARA VIAGEM,RIVERSIDE,Emb. 1 UNID.,"1,69€","1,69€ / UNID.",
GELADO MENTA C/ PEDACOS CHOCOLATE,ESKISS,Emb. 1 LT,"1,99€","1,99€ / LT",
BALDE PLASTICO REDONDO 12L + ESPREMEDOR,,Emb. 1 UNID.,"3,19€","3,19€ / UNID.",
Nata UHT Carbonara,PARMALAT,Emb. 0.2 LT,"1,26€","6,30€ / LT",
Mini Bolos com Pepitas de Chocolate,P'TIT DÉLI,Emb. 0.15 KG,"1,19€","7,93€ / KG",
Verniz de Unhas 60 Segundos 740,RIMMEL,Emb. 1 UNID.,"5,58€","5,58€ / UNID.",
Rolo Cozinha Compacto,MARQUE REPERE,Emb. 2 UNID.,"1,19€","0,60€ / UNID.",
Desodorizante Vaporizador Heartbeat,B.U.,Emb. 0.15 LT,"3,09€","20,60€ / LT",
TARTE DE CHOCOLATE,P'TIT DÉLI,Emb. 0.3 KG,"2,99€","9,97€ / KG",
Biscoitos Multi Cereais,P'TIT DÉLI,Emb. 0.4 KG,"2,09€","5,23€ / KG",
CREME SABOR CARAMELO,DÉLISSE,Emb. 0.4 KG,"2,39€","5,98€ / KG",
Desinfectante de Roupa,SKIP,Emb. 1.2 LT,"4,99€","4,16€ / LT",
YOFU SOJA PESSEGO/EXOTI 4x125G,ALPRO,Emb. 0.5 KG,"2,88€","5,76€ / KG",
"AMBIENTADOR MECHA ""FRUTOS VERMELHOS"" 375ML",BIEN AIR,Emb. 0.375 LT,"1,49€","3,97€ / LT",
Tablete de Chocolate de Leite Superior com Avelãs Inteiras,TABLETTE D'OR,Emb. 0.2 KG,"1,99€","9,95€ / KG",
Vinho Regional Península de Setúbal Tinto,SERRAS DE AZEITÃO,Garrafa 0.75 LT,"2,64€","3,52€ / LT",
BALDE DE AZEITONAS VERDES,RUSTICA,Emb. 3.5 KG,"6,99€","2,00€ / KG",
Whisky Blended,SHIP CHANDLER,Emb. 0.07 L,"7,99€","114,14€ / L",
Cueca de Banho Tam. S 7/12 Kg,MOTS D'ENFANTS,Emb. 12 UNID.,"4,98€","0,42€ / UNID.",
Salsichão de Cervelas de Porco,TRADILÈGE,Emb. 0.3 KG,"2,49€","8,30€ / KG",
Pão de Especiarias com Mel Biológico,,Emb. 0.3 KG,"2,09€","6,97€ / KG",
Antitranspirante Maximum Protection Confidence,REXONA,Emb. 0.045 LT,"4,79€","106,44€ / LT",
MAIONESE C/ MOSTARDA DE DIJON FRASCO,RUSTICA,Emb. 0.235 KG,"1,09€","4,64€ / KG",
IOGURTE CREMOSO CÔCO NATURAL,NAT&VIE,Emb. 4 UNID.,"1,99€","0,50€ / UNID.",
Manteiga com Sal,NOVA AÇORES,Emb. 0.25 KG,"2,28€","9,12€ / KG",
GOMAS TIJOLOS BRANCOS,COPAÍNS COPINES,Emb. 0.2,"0,99€","4,95€ /",
TESOURA PODA DE GALHOS JARDIPRO,BEAUX JOURS,Emb. 1 UNID.,"11,90€","11,90€ / UNID.",
Desodorizante Deo Invisible,DOVE,Emb. 0.05 LT,"2,69€","53,80€ / LT",
Vinho do Porto Ruby,DORRÃO,Garrafa 0.75 LT,"3,98€","5,31€ / LT",
Queijo Flamengo Barra,GRESSO,1 Unid. = 0.15 KG (aprox.),"6,99€/kg","1,05€ / Unid.",
Máquinas de Depilar Descartáveis Venus 3,GILLETTE,Emb. 6 UNID.,"5,98€","1,00€ / UNID.",
Massa Cotovelinhos,TURINI,Emb. 0.5 KG,"0,89€","1,78€ / KG",
Bolachas com Creme Nocilla e Cereais,CUÉTARA,Emb. 0.175 KG,"2,14€","12,23€ / KG",
Vinho Tinto,M.J.FREITAS,Bag in Box 5 LT,"7,99€","1,60€ / LT",
Óleo Virgem de Coco Biológico,,Emb. 0.2 LT,"2,99€","14,95€ / LT",
Fraldas Bebé T5 Doucer 11/25 Kg,MOTS D'ENFANTS,Emb. 66 UNID.,"9,99€","0,15€ / UNID.",
Refrigerante C/ Gás Laranja S/ Adição Açúcar,FANTA,Garrafa 1.5 LT,"1,00€","0,67€ / LT",
Iogurte Sólido Magro Natural 6 Unid.,LONGA VIDA,Emb. 0.12 KG,"2,09€","17,42€ / KG",
Bolachas de Água e Sal Integral -40% de Sal,VIEIRA,Emb. 0.186 KG,"2,68€","14,41€ / KG",
Conjunto Lápis de Cor,ESQUISSE,,"3,99€",/ Unid.,
Refrigerante Mini C/ Gás Zero Cafeína Zero Açúcar Pack 12,COCA COLA ZERO,Emb. 1.8 LT,"5,63€","3,13€ / LT",
Máscara Repara & Fortalece Capilar com Biotina,TRESEMMÉ,Emb. 0.3 LT,"5,39€","17,97€ / LT",
Nuggets de Frango 10 Unid.,CAPITÃO IGLO,Emb. 0.208 KG,"3,49€","16,78€ / KG",
Cadeado C/ Código 30Mm,FOXTER,Emb. 1 UNID.,"1,00€","1,00€ / UNID.",
Néctar de Tutti Frutti Clássico 3 Unid.,JAFADEN,Emb. 0.6 LT,"0,79€","1,32€ / LT",
Desodorizante Dove Roll-On Fresh Touch,DOVE,Emb. 0.05 LT,"2,69€","53,80€ / LT",
Mirtilo,,Emb. 0.125 KG,"1,99€","15,92€ / KG",
Peixe Espada Preto Posta,,1 Unid. = 0.27 KG (aprox.),"8,59€/kg","2,32€ / Unid.",
"BOLACHAS ""GENOISES"" PERA",P'TIT DÉLI,Emb. 0.15 KG,"1,19€","7,93€ / KG",
Bolachas com Recheio de Framboesa,ECO+,Emb. 0.3 KG,"1,49€","4,97€ / KG",
Bebida de Aveia,,Emb. 1 LT,"0,99€","0,99€ / LT",
Iogurte Mix-in Kit Kat 2x115g,NESTLÉ,Emb. 0.23 KG,"2,09€","9,09€ / KG",
Vinho Regional Tejo Meio Seco Rosé,LEZÍRIA,Garrafa 0.75 LT,"1,58€","2,11€ / LT",
Mão de Borrego,,1 Unid. = 1 KG (aprox.),"10,99€/kg","10,99€ / Unid.",
Batatas Fritas Biológicas 6x30g,,Emb. 0.18 KG,"2,89€","16,06€ / KG",
Chá de Hortelã Pimenta e Poejo,,Emb. 25 SAQ.,"0,79€","0,03€ / SAQ.",
Pantene Frizz Control & Luminosidade Champô 250 ml,PANTENE PV,Emb. 0.25 LT,"4,98€","19,92€ / LT",
Croissant Maxi Creme Sabor a Baunilha,CHIPICAO,Emb. 0.08 KG,"1,04€","13,00€ / KG",
MISTURA DE FRUTOS TROPICAL EM CALDA 4/4,DOUCEUR DU VERGER,Emb. 0.825 KG,"2,99€","3,62€ / KG",
Água sem Gás,SERRA DA ESTRELA,Garrafão 6 LT,"1,78€","0,30€ / LT",
Biscoitos de Cacau com Tablete de Chocolate Preto e Branco,P'TIT DÉLI,Emb. 0.115 KG,"1,59€","13,83€ / KG",
Piaçaba,ECO+,Emb. 1 UNID.,"1,66€","1,66€ / UNID.",
CREME DE OVOS SABOR CARAMELO,DÉLISSE,Emb. 0.4 KG,"2,19€","5,48€ / KG",
Bolachas Recheadas Creme de Chocolate,,Emb. 0.24 KG,"0,99€","4,13€ / KG",
Alimento Húmido P/ Gato Frango e Cenoura,GOURMET GOLD,Emb. 0.085 KG,"0,74€","8,71€ / KG",
Toalhitas Viagem,MOTS D'ENFANTS,Emb. 24 UNID.,"0,43€","0,02€ / UNID.",
Chave Inglesa 200Mm,FOXTER,Emb. 1 UNID.,"6,99€","6,99€ / UNID.",
Queijo Ralado 4 Queijos,PRÉSIDENT,Emb. 0.15 KG,"2,54€","16,93€ / KG",
Néctar Clássico Ameixa,COMPAL,Emb. 1 LT,"1,68€","1,68€ / LT",
GEL ALOE VERA BIO 200ML,BIONAÏA,Emb. 0.2 LT,"2,99€","14,95€ / LT",
Lava Tudo Brilhante Universal,SONASOL,Emb. 1.1 LT,"2,79€","2,54€ / LT",
"MINAS P/LAPISEIRA HB 0,5MM 2UN",ESQUISSE,Emb. 2 UNID.,"0,99€","0,50€ / UNID.",
Champô Cabelo Criança Alperce e Flor de Algodão,ULTRA SUAVE,Emb. 0.25 LT,"3,58€","14,32€ / LT",
COLORACAO PRETO 1.0 1UN VITANOVE,VITANOVE,Emb. 1,"3,89€","3,89€ /",
Madalenas sem Glúten,CHAQUE JOUR SANS GLUTEN,Emb. 0.18 KG,"2,55€","14,17€ / KG",
Caramelos Werther's Original Storck Creme 135g,JERONIMO MARTINS,Emb. 0.135 KG,"2,73€","20,22€ / KG",
Creme Repara & Cuida Intensivo para Pele Extra Seca,NIVEA BODY,Emb. 0.3 LT,"6,89€","22,97€ / LT",
Côco Seco,,1 Unid. = 0.48 KG (aprox.),"2,99€/kg","1,44€ / Unid.",
Suspiro,,1 Unid. = 0.09 KG,"12,99€","144,33€ / KG",
Gelado Coco Choco Parfait Les Dessertss,CARTE D'OR,Emb. 0.9 LT,"3,29€","3,66€ / LT",
Maionese Verdadeira 416G,HELLMANN'S,Frasco 0.416 KG,"3,69€","8,87€ / KG",
Toalhitas Dermo 40,LINDOR,Emb. 40 UNID.,"4,48€","0,11€ / UNID.",
BALDE OVAL,SILLAGE,Emb. 1 UNID.,"3,19€","3,19€ / UNID.",
Néctar Vital Equilíbrio Frutos Vermelhos,COMPAL,Emb. 0.33 LT,"0,83€","2,52€ / LT",
Snack P/ Gato Crispies C/ Sabor a Frango e Carne de Vaca,FELIX,Emb. 0.45 KG,"1,88€","4,18€ / KG",
Desinfetante Mãos Hidratante,DOVE,Emb. 0.05 LT,"1,89€","37,80€ / LT",
Cereais de Espelta e Aveia 0% Açúcares,NESTUM,Emb. 0.25 KG,"2,19€","8,76€ / KG",
PENSOS DIARIOS LONGOS,CHORYS,Emb. 24 UNID.,"1,59€","0,07€ / UNID.",
DENTIFRICO MENTA BIO,BIONAÏA,Emb. 0 LT,"2,09€",inf€ / LT,
SUN Tabs Classic Limão,,Emb. 32 DOSES,"3,49€","0,11€ / DOSES",
Conserva de Polvo com Alho,PITEU,Emb. 0.12 KG,"1,89€","15,75€ / KG",
Massa Farfalle Biológica,,Emb. 0.5 KG,"1,29€","2,58€ / KG",
IOGURTE BIFIDUS BAUNILHA 12X125G DELISSE,DÉLISSE,Emb. 1.5 KG,"1,49€","0,99€ / KG",
Papel Higiénico 2 Folhas,RENOVA,Emb. 48 ROLOS,"13,48€","0,28€ / ROLOS",
Vela Fragrância de Baunilha,AIR WICK,Emb. 0.32 KG,"2,84€","8,88€ / KG",
Salsichas Estrasburgo 10 Unid.,TRADILÈGE,Emb. 0.35 KG,"1,99€","5,69€ / KG",
Massa Pevide Clássica,NACIONAL,Emb. 0.25 KG,"0,72€","2,88€ / KG",
Refrigerante sem Gás Maçã,JOI,Garrafa 1.5 LT,"1,04€","0,69€ / LT",
CARNE PICADA BOVINO BIO,,Emb. 0.4 KG,"3,99€","9,98€ / KG",
Johnson's Baby Champô de Camomila,JOHNSON'S BABY,Emb. 0.75 LT,"7,78€","10,37€ / LT",
MISTURA DE LEGUMES A VAPOR,NOTRE JARDIN,Emb. 0.4 KG,"1,55€","3,88€ / KG",
BOLACHAS VITALDAY CROCANTES ORIGINAIS 265G,GULLÓN,Emb. 0.265 KG,"2,27€","8,57€ / KG",
CAFE EQUILIBRIO PASTILHAS BIO 18UN,,Emb. 0.125 KG,"1,99€","15,92€ / KG",
Café Cápsulas Cioccolato,PLANTATION,Emb. 16 CAPS.,"2,44€","0,15€ / CAPS.",
Queijo Vaca e Ovelha Apimentado Serras de Penela,SERQUEIJOS,1 Unid. = 0.5 KG (aprox.),"11,98€/kg","5,99€ / Unid.",
Detergente Loiça Manual Espuma Ativa,FAIRY,Emb. 0.375 LT,"3,88€","10,35€ / LT",
Desodorizante Roll-on Dermacare,VASELINE,Emb. 0.05 LT,"2,09€","41,80€ / LT",
MASSA GIRASOLI C/ PESTO MANJERICÃO E PINHÕES,TURINI,Emb. 0.25 KG,"1,89€","7,56€ / KG",
Massa Talharim,MILANEZA,Emb. 0.5 KG,"1,67€","3,34€ / KG",
Snacks para Gato de Galinha,CATISFACTIONS,Emb. 0.06 KG,"1,88€","31,33€ / KG",
Ameixa Amarela Cal. 45/55,,1 Unid. = 0.09 KG (aprox.),"1,99€/kg","0,18€ / Unid.",
Licor Bailey´s,BAILEY'S,Garrafa 0.7 LT,"13,59€","19,41€ / LT",
CONCHAS DE VIEIRA 4UN,CÔTÉ TABLE,Emb. 0.36 KG,"5,15€","14,31€ / KG",
Salmão Posta,,1 Unid. = 0.25 KG (aprox.),"10,99€/kg","2,75€ / Unid.",
Mousse Caramelo 4 Unid.,DÉLISSE,Emb. 0.24 KG,"1,85€","7,71€ / KG",
Tempero em Pó de Galinha,KNORR,Emb. 0.135 KG,"2,59€","19,19€ / KG",
AMBIENTADOR FRESHMATIC COM RECARGA LIFE SCENTS OÁSIS TURQUESA,AIRWICK,Emb. 1 UNID.,"7,19€","7,19€ / UNID.",
Tarte de Fruta Variada,,1 Unid. = 0.8 KG (aprox.),"8,99€/kg","7,19€ / Unid.",
Gel de Banho,DOVE,Emb. 0.5 LT,"2,49€","4,98€ / LT",
Tiras de Bacon Fumados Superior 2x100g,ECO+,Emb. 0.2 KG,"1,49€","7,45€ / KG",
Sumo 100% Laranja C/ Polpa,JAFADEN,Emb. 1 LT,"1,69€","1,69€ / LT",
Salsichão Fatias Tapas,CAMPOFRIO,Emb. 0.08 KG,"1,88€","23,50€ / KG",
Gomas Trio Açucar,COPAÍNS COPINES,Emb. 0.2 KG,"0,99€","4,95€ / KG",
Alimento Húmido P/ Gato Diamante Frango,PURINA,Emb. 0.09 KG,"1,48€","16,44€ / KG",
Massa Cotovelos Fino,MILANEZA,Emb. 0.5 KG,"1,19€","2,38€ / KG",
Queijo Flamengo Barra,,1 Unid. = 0.25 KG (aprox.),"7,49€/kg","1,87€ / Unid.",
Pantene Repara & Protege Champô 3 Em 1,,Emb. 0.3 LT,"4,98€","16,60€ / LT",
CEBOLINHO PICADO BIO,,Emb. 0.05 KG,"0,99€","19,80€ / KG",
Cereais Trigo Tufado C/ Caramelo,P'TIT DÉLI,Emb. 0.4 KG,"1,89€","4,73€ / KG",
Mousse de Chocolate,TABLIER BLANC,Emb. 0.15 KG,"0,89€","5,93€ / KG",
Sabonete Líquido Recarga Especial Cozinha,MANAVA,Emb. 0.25 LT,"0,65€","2,60€ / LT",
Pantene Espuma Cabelo ondulado 200ml,PANTENE PV,Emb. 0.2 LT,"3,74€","18,70€ / LT",
Bolachas Cobertas Chocolate,P'TIT DÉLI,Emb. 0.25 KG,"2,49€","9,96€ / KG",
Massa Meada Fina,MILANEZA,Emb. 0.5 KG,"1,04€","2,08€ / KG",
Paio do Lombo,CHARCUTARIA,1 Unid. = 0.1 KG (aprox.),"11,79€/kg","1,18€ / Unid.",
TORRADEIRA 1 FENDA LONGA 900W,ELSAY,Emb. 1 UNID.,"19,90€","19,90€ / UNID.",
Sardinha em Óleo Picante,BOM PETISCO,Emb. 0.12 KG,"0,99€","8,25€ / KG",
Lixívia Tradicional 2 L,NEOBLANC,Emb. 2 LT,"1,64€","0,82€ / LT",
Peito de Frango,,1 Unid. = 0.35 KG (aprox.),"6,49€/kg","2,27€ / Unid.",
Lava Tudo Marinho,CIF,Emb. 1.4 LT,"1,99€","1,42€ / LT",
KETCHUP (BAIXO TEOR DE ACUCAR),RUSTICA,Emb. 0.535 KG,"1,09€","2,04€ / KG",
Refrigerante C/ Gás Ananás,ECO+,Emb. 2 LT,"0,79€","0,40€ / LT",
"Pilhas Alcalinas LR20/D 1,5V",FOXTER,Emb. 2 UNID.,"3,84€","1,92€ / UNID.",
Cereais Golden Grahams,NESTLÉ,Emb. 0.375 KG,"2,53€","6,75€ / KG",
"AGUA VIMEIRO LISA PET 4X1,5L",VIMEIRO,,"2,08€",/ Unid.,
Cebola Picada Ultracongelada,IGLO,Emb. 0.35 KG,"1,18€","3,37€ / KG",
Água Micelar Revitalift Preenchedora,L'OREAL,Emb. 0.2 LT,"7,48€","37,40€ / LT",
Lima Plana 200Mm,FOXTER,Emb. 1 UNID.,"2,39€","2,39€ / UNID.",
QUEIJO REBLOCHON SAVOIE,NOS RÉGIONS ONT DU TALENT,Emb. 0.24,"3,29€","13,71€ /",
Infusão SOS Cabeça,LIPTON,Emb. 20 SAQS,"1,49€","0,07€ / SAQS",
Spray Anti-calcário Perfect,CIF,Emb. 0.435 LT,"2,49€","5,72€ / LT",
Johnson's Baby Brilho Mágico Condicionador Gotas de Brilho,JOHNSON'S BABY,Emb. 0.5 LT,"5,58€","11,16€ / LT",
Nectar Maçã Bio,,Emb. 1.5 LT,"1,99€","1,33€ / LT",
Ambientador Aerossol Automático Apple Winter,AIR WICK,Emb. 0.25 LT,"11,98€","47,92€ / LT",
Massa Fettuccine,MILANEZA,Emb. 0.5 KG,"1,83€","3,66€ / KG",
Pão Mistura,,1 Unid. = 0.4 KG,"0,76€","1,90€ / KG",
Migas Bacalhau da Noruega,,Emb. 0.4 KG,"4,99€","12,48€ / KG",
Fraldas Cueca Maxi G,LINDOR,Emb. 14 UNID.,"21,23€","1,52€ / UNID.",
Pensos Higiénicos Salvaslips em Bolsas,EVAX,Emb. 28 UNID.,"1,34€","0,05€ / UNID.",
Recarga Sabonete Líquido Amêndoas,MANAVA,Emb. 0.25 LT,"0,65€","2,60€ / LT",
Ancinho 14 Dentes,BEAUX JOURS,Emb. 1 UNID.,"9,47€","9,47€ / UNID.",
Conjunto Corretores de Fita,ESQUISSE,Emb. 2 UNID.,"1,99€","1,00€ / UNID.",
Massa Estrelinhas,MILANEZA,Emb. 0.25 KG,"0,72€","2,88€ / KG",
Manteiga de Amendoim Cremosa,CALVÉ,Emb. 1 KG,"8,98€","8,98€ / KG",
Sorvete de Manga,TROFIC,,"1,79€",/ Unid.,
Molho Béchamel,RUSTICA,Emb. 0.5 LT,"1,29€","2,58€ / LT",
Tablete Chocolate Culinária,PANTAGRUEL,Emb. 0.2 KG,"1,89€","9,45€ / KG",
Escova de Dentes Macia Média Junior,DENTAMYL,,"0,75€",/ Unid.,
Amaciador Cabelos Secos Elvive,ELVIVE,Emb. 0.2 LT,"3,78€","18,90€ / LT",
Queijo de Cabra Rústico Saloio,PALHAIS DE PORTUGAL,1 Unid. = 0.25 KG (aprox.),"19,03€/kg","4,76€ / Unid.",
Exfoliante Facial,INELL,Emb. 0.075 LT,"1,19€","15,87€ / LT",
Conserva de Sardinha em Tomate,PÊCHE OCÉAN,Emb. 0.12 KG,"0,99€","8,25€ / KG",
Limão Cal. 2/3,,1 Unid. = 0.16 KG (aprox.),"1,89€/kg","0,30€ / Unid.",
Gelado Feast Pack 4,OLÁ,Emb. 0.36 LT,"2,99€","8,31€ / LT",
Liégeois de Chocolate 4x100g,DÉLISSE,Emb. 0.4 KG,"1,49€","3,73€ / KG",
LENCOS DE PAPEL BRANCOS KIDS 3 FOLHAS  60UN CARESSE,CARESSE,Emb. 60 UNID.,"1,19€","0,02€ / UNID.",
GEL MAQUINA LOICA CONCENTRADO LIMAO TUDO EM 1 ECOLOGICO 685ML 685ML UNI VERT,UNÍ VERT,Emb. 0.685 LT,"3,86€","5,64€ / LT",
Bacalhau Seleção Crescido Asa Preta,,1 Unid. = 1.6 KG (aprox.),"13,49€/kg","21,58€ / Unid.",
Conserva de Sardinha Molho de Tomate,PÊCHE OCÉAN,Emb. 0.12 KG,"0,99€","8,25€ / KG",
Maionese Magra,CALVÉ,Emb. 0.447 KG,"2,58€","5,77€ / KG",
Gelatina Light Sabor a Ananás,TABLIER BLANC,Emb. 0.031 KG,"0,79€","25,48€ / KG",
Vaseline,VASELINE,Emb. 0.05 LT,"1,49€","29,80€ / LT",
Carapau Médio,,1 Unid. = 0.28 KG (aprox.),"2,99€/kg","0,84€ / Unid.",
Gomas Aromatizadas Planch Acide Fruits,COPAÍNS COPINES,Emb. 0.225 KG,"1,29€","5,73€ / KG",
Arroz Agulha,,Emb. 1 KG,"0,89€","0,89€ / KG",
Conserva de Filete Cavala,PITEU,Emb. 0.12 KG,"1,69€","14,08€ / KG",
IOGURTE BATIDO C/ PEDACOS MIRTILO BIO,,Emb. 0.46 KG,"1,56€","3,39€ / KG",
GELADO TARTUFO,ESKISS,,"3,14€",/ Unid.,
LAVA TUDO FRESCURA PURA,CLAIR,Emb. 1.5 LT,"1,59€","1,06€ / LT",
Conserva de Ravioli à Bolonhesa,CÔTÉ TABLE,Lata 0.8 KG,"2,99€","3,74€ / KG",
Maionese Magra,HELLMANN'S,Emb. 0.459 KG,"2,98€","6,49€ / KG",
"Desodorizante ""Invisible Aqua"" Roll-on",REXONA,Emb. 0.05 LT,"2,39€","47,80€ / LT",
Elixir Cool Mint,SENSODYNE,Emb. 0.5 LT,"5,98€","11,96€ / LT",
LIMPA MAQUINA LOICA,VISIOR,Emb. 0.25 LT,"1,35€","5,40€ / LT",
Maçã Reineta Cal. 75/80,,1 Unid. = 0.2 KG (aprox.),"1,99€/kg","0,40€ / Unid.",
CANELA EM PO SAQUETA,RUSTICA,Emb. 0.08 KG,"0,99€","12,38€ / KG",
PRESUNTO FATIAS FINISSIMAS 7M,ST AZAY,,"1,89€",/ Unid.,
Conetor Reparador 19Mm,BEAUX JOURS,Emb. 1 UNID.,"0,96€","0,96€ / UNID.",
Desodorizante Spray Rexona Men Act Prot+Invisível,REXONA,Emb. 0.2 LT,"2,54€","12,70€ / LT",
CREME DE VINAGRE,RUSTICA,Emb. 0.025 CL,"1,68€","67,20€ / CL",
DOCE FRAMBOESA LIGHT,DOUCEUR DU VERGER,Emb. 0.34 KG,"1,59€","4,68€ / KG",
Cappuccino Mocha,NESCAFÉ,Emb. 8 SAQ.,"3,37€","0,42€ / SAQ.",
CHORIZO FATIAS FINISSIMAS,ST AZAY,Emb. 0.1 KG,"1,99€","19,90€ / KG",
B&J Strawb CheeseCake 465ml,,Emb. 0.465 LT,"6,78€","14,58€ / LT",
DESODORIZANTE SPRAY ICE BOOST MEN 200ML,CARRÉ HOMME,Emb. 0.2 LT,"1,19€","5,95€ / LT",
Barrinhas de Chocolate T-16,KINDER,Emb. 0.2 KG,"3,17€","15,85€ / KG",
Farinheira Regional - PDTO Lamego,SNR,Emb. 0.16 KG,"1,30€","8,13€ / KG",
Tablete de Chocolate de Leite para Culinária,TABLETTE D'OR,Emb. 0.17 KG,"1,59€","9,35€ / KG",
Conserva Cogumelos de Paris Laminados Biológicos,,Frasco 0.28 KG,"2,19€","7,82€ / KG",
PELICULA ADER.ELEMBAL 2E1 20M,ELEMBAL,Emb. 0.02 MT,"0,79€","39,50€ / MT",
Toalhitas Sensitive Recarga,DODOT,Emb. 216 UNID.,"7,98€","0,04€ / UNID.",
Broa de Centeio,,1 Unid. = 0.5 KG (aprox.),"4,99€/kg","8,49€ / Unid.",
Salsichão Cozido com Alho,ECO+,,"2,59€",/ Unid.,
VELAS BRANCAS CASTICAL,ECO+,Emb. 10 UNID.,"1,90€","0,19€ / UNID.",
Miolo de Amêndoa Laminada,MARQUE REPERE,Emb. 0.15 KG,"2,49€","16,60€ / KG",
Conjunto de 3 Martelos,ECO+,Emb. 3 UNID.,"7,99€","2,66€ / UNID.",
"OIKOS MARACUJA 110G X4,,440G",OIKOS,Emb. 0.44 KG,"2,39€","5,43€ / KG",
Conserva de Atum com Piri-piri,RAMIREZ,Emb. 0.12 KG,"1,34€","11,17€ / KG",
Vodka Preta,NOVOTNA,Garrafa 0.7 LT,"6,19€","8,84€ / LT",
ENVELOPE ALMOFADADO 170X225MM,ESQUISSE,Emb. 5 UNID.,"0,69€","0,14€ / UNID.",
PENSOS INCONTINENCIA U. FINOS C/ ABAS SUPER+ POCKET 14UN CHORYS,CHORYS,Emb. 14 UNID.,"2,25€","0,16€ / UNID.",
PATE RICO SALMAO P/ GATO BIO CV 100G PLENIMA,PLENIMA,Emb. 0.1 KG,"0,69€","6,90€ / KG",
Condicionador para Cabelo Encaracolado,TRESEMMÉ,Emb. 0.5 LT,"4,19€","8,38€ / LT",
Queijo Roquefort Societé,PRÉSIDENT,1 Unid. = 0.25 KG (aprox.),"23,99€/kg","6,00€ / Unid.",
Bolachas Maria Dorada,GULLÓN,Emb. 0.6 KG,"2,48€","4,13€ / KG",
Dodot Fralda T6 Activity Extra,DODOT,Emb. 44 UNID.,"13,29€","0,30€ / UNID.",
Tablete Chocolate Cacau 85%,LACASA,Emb. 0.1 g,"1,64€","16,40€ / g",
Fiambre Peito de Peru em Forno de Lenha,CAMPOFRIO,1 Unid. = 0.11 KG (aprox.),"13,99€/kg","1,54€ / Unid.",
Óleo Alimentar,FULA,Garrafa 1 LT,"2,69€","2,69€ / LT",
Sobremesa Láctea Natual Açúcarado +6 Meses,BIO VILLAGE BEBE,Emb. 0.4 KG,"2,49€","6,23€ / KG",
Sobremesa Láctea de Pêra +6 Meses 4 Unid.,BIO VILLAGE BEBE,Emb. 0.4 KG,"2,49€","6,23€ / KG",
SACOS LIXO FECHO FACIL 100% RECICLADO 30L,ECO+,Emb. 20 UNID.,"0,91€","0,05€ / UNID.",
Bolo Rectangular de Ovo,,1 Unid. = 1 KG (aprox.),"10,49€/kg","10,49€ / Unid.",
Arroz Perfumado Biológico,,Emb. 0.5 KG,"1,99€","3,98€ / KG",
Lenços de Bolso Pure Sensitive 4 Folhas,RENOVA,Emb. 6 UNID.,"0,98€","0,16€ / UNID.",
Refrigerante com Gás Ananás,FRISUMO,Garrafa 1 LT,"0,99€","0,99€ / LT",
Conjunto Formao Madeira,ECO+,Emb. 4 UNID.,"2,49€","0,62€ / UNID.",
Refrigerante C/ Gás Lima-Limão,SPRINK'S,Garrafa 1 LT,"0,89€","0,89€ / LT",
"Bolachas gérmen de Trigo, Soja e Laranja",NAT&VIE,Emb. 0.2 KG,"1,69€","8,45€ / KG",
Gel de Banho Hidratante Baby Sensitive,BABY DOVE,Emb. 0.2 LT,"1,79€","8,95€ / LT",
Caldo para Massas,KNORR,Emb. 0.08 KG,"1,39€","17,38€ / KG",
Snacks Mixups Favoritos,LAY'S,Emb. 0.14 KG,"1,97€","14,07€ / KG",
Vagens de Baunilha,TABLIER BLANC,Emb. 2 UNID.,"4,99€","2,50€ / UNID.",
Gel Studio Line Invisi Fix Fixação Forte 6,L'ORÉAL PARIS,Emb. 0.15 KG,"5,98€","39,87€ / KG",
Syoss Oieo Intense 5-92 Vermelho Intenso,SYOSS,,"6,24€",/ Unid.,
Preparado á Base de Polpa e de Concentrado de Tomates,NOTRE JARDIN,Lata 400 KG,"1,29€","0,00€ / KG",
NATAS FRESCAS,DÉLISSE,Emb. 0.2 KG,"1,19€","5,95€ / KG",
Batatas Fritas Palha,POM'LISSE,Emb. 0.16 KG,"0,50€","3,13€ / KG",
Ratatoille Cozinhado Ultracongelado,,Emb. 0.6 KG,"3,28€","5,47€ / KG",
ICE TEA MANGA,LIPTON,Emb. 0.5 LT,"0,79€","1,58€ / LT",
Barra Gourmet Proteica Chocolate E Avelã,PROZIS,Emb. 0.08 KG,"175,00€","2 187,50€ / KG",
TORRADEIRA 2 FENDAS,ECO+,Emb. 1 UNID.,"12,99€","12,99€ / UNID.",
DETERGENTE LIQUIDO LA E SEDA 25D,EPSIL,Emb. 25 DOSES,"2,79€","0,11€ / DOSES",
Infusão Chá Menta Bio,,Emb. 1 LT,"1,49€","1,49€ / LT",
Pizza Royale Volpone Ultracongelado,TURINI,Emb. 0.57 KG,"2,99€","5,25€ / KG",
Salpicão Regional do Lombo - PDTO Lamego,,Emb. 0.28 KG,"5,89€","21,04€ / KG",
COPO CARTAO 24CL BIODEGRADAVEL,HOMESIDE,Emb. 25 UNID.,"1,99€","0,08€ / UNID.",
XAU LIMP MAQ DUOPACK,XAU,Emb. 2 DOSES,"6,99€","3,50€ / DOSES",
Conserva de Grão de Bico,NOTRE JARDIN,Frasco 0.57 KG,"0,65€","1,14€ / KG",
Iogurte Grego Yaos Manga,YAOS,Emb. 0.44 KG,"2,29€","5,20€ / KG",
Massa Macarronete GR,MILANEZA,Emb. 0.5 KG,"1,57€","3,14€ / KG",
Alimento Seco Gato Atum Legumes,PURINA FRISKIES,Emb. 0.4 KG,"2,18€","5,45€ / KG",
SALTEADO DE COGUMELOS,NOTRE JARDIN,Emb. 0.4 KG,"3,99€","9,98€ / KG",
MARISCADA,ECO+,Emb. 0.7 KG,"4,98€","7,11€ / KG",
Delicias do Mar Surimi Sabor a Caranguejo,PÊCHE OCÉAN,Emb. 0.2 Kg,"1,49€","7,45€ / Kg",
Cerveja com Álcool Stout 6x33cl,SUPER BOCK,Emb. 1.98 LT,"4,49€","2,27€ / LT",
ENVELOPE SILICONE 114X162MM 100UN,ECO+,Emb. 100 UNID.,"1,59€","0,02€ / UNID.",
LIXIVIA PERFUMADA FLORES DO CAMPO,CLAIR,Emb. 2 LT,"1,09€","0,55€ / LT",
Pantene Caracóis Definidos Laca 300ml,PANTENE PV,Emb. 0.3 LT,"3,74€","12,47€ / LT",
Tablete de Chocolate Preto com Recheio de Menta,EQUADOR,Emb. 0.15 KG,"1,55€","10,33€ / KG",
QUEIJO MOZZARELLA FATIAS,QUEIJO NA TÁBUA,Emb. 0.15 KG,"1,49€","9,93€ / KG",
Arroz Branco Longo Biológico,,Emb. 0.5 KG,"1,49€","2,98€ / KG",
PATE DE COELHO C/ MOSTARDA,CÔTÉ TABLE,Emb. 0.18 KG,"1,39€","7,72€ / KG",
CREME DESCOLORANTE ROSTO/CORPO 2UN,SILISS,Emb. 0.1,"2,99€","29,90€ /",
QUEIJO DE OVELHA,LES CROISÉS,Emb. 0.2 KG,"2,29€","11,45€ / KG",
VELA NUMERO FUN 6,ARDENCE,Emb. 1 UNID.,"0,99€","0,99€ / UNID.",
Pão de Ló,,1 Unid. = 0.575 KG (aprox.),"6,99€/kg","4,02€ / Unid.",
Café Torrado Moído Clássico Intensidade 9,SICAL,Emb. 16 UNID.,"3,58€","0,22€ / UNID.",
Alimento Húmido P/ Gato C/ Carne de Vaca e Legumes,FRISKIES,Emb. 0.4 KG,"1,68€","4,20€ / KG",
RACLETTE RECTANGULAR 10P 1200W,ELSAY,,"39,99€",/ Unid.,
Cereais Arroz Tufado Chocolate,,Emb. 0.75 KG,"2,54€","3,39€ / KG",
Massa Letras,TURINI,Emb. 0.25 KG,"0,55€","2,20€ / KG",
Tartelettes Cobertas Morango,ECO+,Emb. 0.2 KG,"0,79€","3,95€ / KG",
Strudel de Maçã,,Emb. 0.6 KG,"2,49€","4,15€ / KG",
Espumante Reserva Doce,MURGANHEIRA,Garrafa 0.75 LT,"10,98€","14,64€ / LT",
Pêra Packam´s Cal. 65/75,,1 Unid. = 0.23 KG (aprox.),"1,69€/kg","0,39€ / Unid.",
Bolachas Maçã,NAT&VIE,Emb. 0.2 KG,"1,79€","8,95€ / KG",
Cozer de Novilho,,1 Unid. = 0.6 KG (aprox.),"4,49€/kg","2,69€ / Unid.",
Vinho Regional Douro Tinto,PAPA FIGOS,Garrafa 0.75 LT,"7,19€","9,59€ / LT",
Café Torrado em Grão Intensidade 12,BUONDI,Emb. 0.22 KG,"3,47€","15,77€ / KG",
Iogurte Líquido Framboesa Arandos 4x155g,DANONE,Emb. 0.62 KG,"1,69€","2,73€ / KG",
Champô Cabelo Garnier Hidra Caracóis,FRUCTIS,Emb. 0.25 LT,"3,98€","15,92€ / LT",
Pensos Higiénicos Fina e Segura Normal,EVAX,Emb. 1 P,"1,98€","1,98€ / P",
Recarga Mopa 20 Panos,SWIFFER,Emb. 1 P,"3,58€","3,58€ / P",
Tomate Mini Alongado,,Emb. 0.25 KG,"1,49€","5,96€ / KG",
SYOSS OLEO INT. 9-10 LOURO LUMI,SYOSS,,"6,24€",/ Unid.,
Refresco em Pó Laranja,TANG,Emb. 0.03 KG,"0,82€","27,33€ / KG",
Forma Pudim Canelada 16cm,ECO+,Emb. 1 UNID.,"4,49€","4,49€ / UNID.",
Snacks Húmidos P/ Gato Esterilizado 2 de Frango e 2 de Vaca,PURINA,Emb. 0.34 KG,"3,48€","10,24€ / KG",
Fraldas Bebé T5 ACTIV+ 11/25 Kg,MOTS D'ENFANTS,Emb. 35 UNID.,"7,79€","0,22€ / UNID.",
Espumante Meio Seco,COMP DO VINHO,Garrafa 0.75 LT,"2,99€","3,99€ / LT",
Mala de Chaves 47 Peças,ECO+,Emb. 1 UNID.,"9,99€","9,99€ / UNID.",
Areia Perfumada P/ Gaiola,TOUS MES AMIS,Emb. 2 KG,"1,59€","0,80€ / KG",
Iogurte Bifidus Líquido Frutos Silvestres 0% 4 Unid.,DANONE,Emb. 0.62 KG,"1,99€","3,21€ / KG",
Galette des Rois,,1 Unid. = 0.84 KG,"5,99€","7,13€ / KG",
Tomate Cal. 67/82,,1 Unid. = 0.2 KG (aprox.),"1,99€/kg","0,40€ / Unid.",
Spray Depilatório Aloé Vera e Vitamina E,VEET,Spray 0.15 LT,"6,64€","44,27€ / LT",
MOLAS MADEIRA,HOMESIDE,Emb. 36 UNID.,"1,45€","0,04€ / UNID.",
"Gelados Bombons de Chocolate Classic, de Amêndoas e de Branco Pack 12",MAGNUM,Emb. 0.14 LT,"4,98€","35,57€ / LT",
VASSOURA SEDA CINZENTA,SILLAGE,Emb. 1 UNID.,"2,99€","2,99€ / UNID.",
GELATINA PÊSSEGO LIGHT CONDI 2X15G,CONDI,Emb. 0.3 KG,"1,87€","6,23€ / KG",
BLOCO NOTAS  LISO 50F A4,ESQUISSE,Emb. 50 FOLHAS,"1,01€","0,02€ / FOLHAS",
Alimento Húmido Gato Paté Salmão,TOUS MES AMIS,Emb. 0.1 KG,"0,45€","4,50€ / KG",
Puré de Batata em Flocos,MAGGI,Emb. 0.25 KG,"1,85€","7,40€ / KG",
Abrilhantador P/ Máquina da Loiça Limão,FINISH,Emb. 0.8 LT,"7,44€","9,30€ / LT",
Leite de Pastagem Meio Gordo,TERRA NOSTRA,Emb. 1 LT,"1,03€","1,03€ / LT",
5 Cereais C/ Cereais Integrais,NESTUM,Emb. 0.25 KG,"2,17€","8,68€ / KG",
Iogurte com Frutos 12x125g,ECO+,Emb. 1.5 KG,"2,59€","1,73€ / KG",
AMBIENTADOR GEL MARINHO,BIEN AIR,Emb. 0.15 KG,"0,99€","6,60€ / KG",
Bolacha Torrada,NACIONAL,Emb. 0.175 KG,"1,08€","6,17€ / KG",
Arroz Vaporizado,COZINHA VELHA,Emb. 1 KG,"1,49€","1,49€ / KG",
Sobremesa Láctea Natural,IOGOLINO,Emb. 4 UNID.,"2,84€","0,71€ / UNID.",
ELIXIR BOCAL EXPERT 8EM1,DENTAMYL,Emb. 0.5 LT,"1,29€","2,58€ / LT",
Água sem Gás Mineral,LUSO,Garrafa 0.33 LT,"0,34€","1,03€ / LT",
Vinho Branco Frisante,CASTIÇO,Garrafa 0.75 LT,"2,49€","3,32€ / LT",
LAVA TUDO AMONIACAL,ECO+,Emb. 5 LT,"1,69€","0,34€ / LT",
Papel Higiénico 2 Folhas,MARQUE REPERE,Emb. 24 UNID.,"4,79€","0,20€ / UNID.",
Super Algicida,BEAUX JOURS,Emb. 2 LT,"5,34€","2,67€ / LT",
Massa Fresca em Folhas para Lasanha,TURINI,Emb. 0.35 KG,"1,75€","5,00€ / KG",
Conserva de Ravioli de Vaca com Molho Italiano,CÔTÉ TABLE,Emb. 0.4 KG,"1,49€","3,73€ / KG",
SEPARADORES CARTAO A4 6UN,ESQUISSE,Emb. 6 UNID.,"0,89€","0,15€ / UNID.",
FITA ADESIVA DE PINTOR 50MX,ECO+,Emb. 2 UNID.,"1,90€","0,95€ / UNID.",
Vinagre Vinho Branco,CRISTAL,Garrafa 0.5 LT,"0,99€","1,98€ / LT",
Óleo de Corpo Coco Addiction,NATURAL HONEY,Emb. 0.3 LT,"5,19€","17,30€ / LT",
TOALHITAS DESMAQ. PELES SECAS E SENSIVEIS BIO,BIONAÏA,Emb. 25 UNID.,"1,99€","0,08€ / UNID.",
FORMA PAO DE LÓ C/ CANO Nº. 26,ECO+,Emb. 1 UNID.,"4,99€","4,99€ / UNID.",
Fibra Normal Classic,SCOTCH BRITE,Emb. 1 UNID.,"1,14€","1,14€ / UNID.",
Vinho Rosé Emotions,MATEUS,Garrafa 0.75 LT,"3,98€","5,31€ / LT",
Refrigerante sem Gás Limão,FRUTIS,Emb. 1.5 LT,"1,15€","0,77€ / LT",
LULAS EM CALDEIRADA,PÊCHE OCÉAN,Emb. 120 KG,"1,49€","0,01€ / KG",
Creme Limpeza Pink Flowers,CIF,Emb. 0.7 LT,"2,49€","3,56€ / LT",
Puré de Batata 4x125g,POM'LISSE,Emb. 0.5 KG,"1,79€","3,58€ / KG",
Pudim Ananás,BOCA DOCE,Emb. 0.022 KG,"0,59€","26,82€ / KG",
Cápsulas Café Ristretto Ardenza Pack x3,DOLCE GUSTO,Emb. 48 CAPS.,"14,88€","0,31€ / CAPS.",
Escova de Dentes Suave Whole Mouth Clean,COLGATE,Emb. 1 UNID.,"3,98€","3,98€ / UNID.",
Água com Gás 10x25 cl TP,PEDRAS SALGADAS,Emb. 2.5 LT,"4,38€","1,75€ / LT",
Sticks Dentários Vaca Frango Borrego 15 Unid.,TOUS MES AMIS,Emb. 0.125 KG,"1,35€","10,80€ / KG",
TIRAS ADERENTES C/DISPENSADOR 24F 4UN,ESQUISSE,Emb. 4 UNID.,"0,76€","0,19€ / UNID.",
Bolacha,CHIQUILÍN,Emb. 0.175 KG,"1,87€","10,69€ / KG",
Preparado em Pó para Bebida de Cacau Biológico,,Emb. 0.5 KG,"3,59€","7,18€ / KG",
SUMO MACA -30% ACUCAR,JAFADEN,,"1,87€",/ Unid.,
Cereais Flocos C/ Mel,NESTUM,Emb. 0.3 KG,"1,87€","6,23€ / KG",
IOGURTE NATURAL BIO FRASCO,,Emb. 0.5 KG,"1,69€","3,38€ / KG",
RESMA PAPEL A4 500F 90G,ESQUISSE,Emb. 500 FOLHAS,"4,49€","0,01€ / FOLHAS",
Chá de Cidreira,LIPTON,Emb. 20 SAQ.,"1,20€","0,06€ / SAQ.",
Cracker com Sal,PAVESI,Emb. 0.56 KG,"3,67€","6,55€ / KG",
Farinha de Trigo T55,ECO+,Emb. 1 KG,"0,89€","0,89€ / KG",
Aveia C / Proteína Chocolate Avelã,PROZIS,Emb. 0.4 KG,"749,00€","1 872,50€ / KG",
Melão Branco,,1 Unid. = 3.076 KG (aprox.),"1,89€/kg","5,81€ / Unid.",
Máquina de Depilar Descartável Venus Basic,GILLETTE,Emb. 4 UNID.,"3,48€","0,87€ / UNID.",
Ice Tea Pêssego 2x2lt,LIPTON,Emb. 4 LT,"4,99€","1,25€ / LT",
Raia Posta,,1 Unid. = 0.53 KG (aprox.),"8,49€/kg","4,50€ / Unid.",
Martini Rosso,MARTINI,Garrafa 1 LT,"11,49€","11,49€ / LT",
Pantene Cuidado Clássico Champô 3 Em 1,PANTENE PV,Emb. 0.3 LT,"4,98€","16,60€ / LT",
TRANSPORTADORA P/CAO 48CM 1UN P'TIT AMI,P'TIT AMI,Emb. 1 UNID.,"9,99€","9,99€ / UNID.",
ESPUMA CABELO EFEITO VOLUME 200ML,VITANOVE,Emb. 0.2 LT,"1,19€","5,95€ / LT",
Azeitonas Verdes Descaroçadas,QAMPO,Emb. 0.16 KG,"1,39€","8,69€ / KG",
Pipe Rigate,TRADIZIONI D'ITALIA,Emb. 0.5 KG,"1,49€","2,98€ / KG",
Vodka Premium 100% Pure,ERISTOFF,Garrafa 0.7 LT,"12,48€","17,83€ / LT",
Chá Preto Yellow,LIPTON,Emb. 20 SAQ.,"1,09€","0,05€ / SAQ.",
Salada Iceberg,,Emb. 0.25 KG,"1,29€","5,16€ / KG",
Galetes de Milho com Cobertura de Chocolate Preto Biológicas,,Emb. 0.1 KG,"1,79€","17,90€ / KG",
Creme de Soja P/ Culinária,NAT&VIE,Emb. 0.6 KG,"2,65€","4,42€ / KG",
Néctar Multifruits,ECO+,Emb. 2 LT,"1,39€","0,70€ / LT",
Tortellini de Queijo,KNORR,Emb. 0.25 kg,"2,98€","11,92€ / kg",
LUVAS ROSEIRAS M CINZA,BEAUX JOURS,Emb. 1 UNID.,"1,31€","1,31€ / UNID.",
Doce de Pêssego Baixo Teor de Açúcar,DOUCEUR DU VERGER,Frasco 0.34 KG,"1,29€","3,79€ / KG",
Natas Líquidas Magra 4% 3x20cl,DÉLISSE,Emb. 0.08 LT,"1,65€","20,63€ / LT",
VELA NUMERO - 5,ARDENCE,Emb. 1 UNID.,"0,89€","0,89€ / UNID.",
Refrigerante S/ Gás Laranja,AQUARIUS,Emb. 0.5 LT,"0,98€","1,96€ / LT",
GELADO TIRAMISU,ESKISS,Emb. 0.9 LT,"2,83€","3,14€ / LT",
BEBIDA LACTEA PARA GATOS ESTERILIZADOS,LYCAT,Emb. 3 UNID.,"2,38€","0,79€ / UNID.",
BOLACHAS \'LES ANIMAUX\' COBERTURA DE CHOCO LEITE,P'TIT DÉLI,Emb. 0.225 KG,"1,89€","8,40€ / KG",
BEBIDA ARROZ ORIGINAL,ALPRO,Emb. 1 LT,"2,08€","2,08€ / LT",
Água sem Gás,VITALIS,Garrafa 0.75 LT,"0,53€","0,71€ / LT",
Mini Snacks P/ Gato Controlo das Bolas de Pelo,TOUS MES AMIS,Emb. 0.06 KG,"0,79€","13,17€ / KG",
Queijo Fatiado Castelões Original,CASTELÕES,Emb. 0.2 KG,"2,26€","11,30€ / KG",
Chá sem Barriga,DIESE,Emb. 10 UNID.,"0,89€","0,09€ / UNID.",
Burgers Green Cuisine Couve Flor Mozzarella,IGLO,Emb. 0.227 KG,"4,78€","21,06€ / KG",
Cereais Special K Classic,KELLOGG'S,Emb. 0.75 KG,"3,74€","4,99€ / KG",
PALMIERS COM RASPA LIMAO,P'TIT DÉLI,Emb. 0.1 KG,"0,99€","9,90€ / KG",
Chantilly Light,DÉLISSE,Emb. 0.25 KG,"1,65€","6,60€ / KG",
Peixe Espada Branco Posta,,1 Unid. = 0.21 KG (aprox.),"11,99€/kg","2,52€ / Unid.",
Creme de Banho Pele Suave,NIVEA,Emb. 0.75 LT,"3,49€","4,65€ / LT",
Vinho do Porto Tawny,FERREIRA,Emb. 0.75 LT,"5,98€","7,97€ / LT",
COOKIES CHOCOLATE C/PEPITAS CHOCOLATE X12,P'TIT DÉLI,Emb. 0.2 KG,"1,39€","6,95€ / KG",
Biscoito de Ovos Frescos,ECO+,Emb. 0.4 KG,"1,85€","4,63€ / KG",
Cápsulas Café Espresso P/ Dolce Gusto Intensidade 11,STARBUCKS,Emb. 12 CAPS.,"5,38€","0,45€ / CAPS.",
Vinho do Porto Tawny,DORRÃO,Garrafa 0.75 LT,"4,49€","5,99€ / LT",
Couve Brócolo,,1 Unid. = 0.27 KG (aprox.),"1,99€/kg","0,54€ / Unid.",
Ravioli de Vaca com cebola,TURINI,Emb. 0.3 KG,"1,79€","5,97€ / KG",
Néctar Vital Equilíbrio Laranja Maracujá,COMPAL,Emb. 1 L,"1,68€","1,68€ / L",
Bebida Energética Blood Orange,POWERADE,Emb. 0.5 LT,"1,38€","2,76€ / LT",
VASSOURA BORRACHA INTER/EXT,SILLAGE,Emb. 1 UNID.,"1,93€","1,93€ / UNID.",
Sopa de Tomate,KNORR,Emb. 0.085 KG,"1,49€","17,53€ / KG",
ARMBAND PARA TELEMOVEL,WOODSUN,Emb. 1 UNID.,"6,15€","6,15€ / UNID.",
DESMAQUILHANTE DE OLHOS WATERPROOF BIFASICO,BIONAÏA,Emb. 0.15 LT,"2,72€","18,13€ / LT",
QUEIJO VACA CURADO,LES CROISÉS,Emb. 0.19 KG,"1,99€","10,47€ / KG",
Dentífrico Cuidado Diário,PARODONTAX,Emb. 0.075 LT,"5,58€","74,40€ / LT",
Massa Areada,TABLIER BLANC,Emb. 0.23 KG,"1,29€","5,61€ / KG",
Perna de Borrego,,1 Unid. = 1 KG (aprox.),"11,99€/kg","11,99€ / Unid.",
Roll On Narta Men InvisiMax,GARNIER,Emb. 0.05 LT,"3,98€","79,60€ / LT",
Tagliatelles Fresco,TURINI,Emb. 0.35 KG,"1,19€","3,40€ / KG",
SPRAY TIRA NODOAS PRE-LAVAGEM 500ML,TEXIL,Emb. 0.5 LT,"1,49€","2,98€ / LT",
Conserva de Atum em Óleo Girassol,PÊCHE OCÉAN,Emb. 0.385 KG,"3,19€","8,29€ / KG",
Papel Higiénico 2 Folhas Reciclado,MARQUE REPERE,Emb. 12 UNID.,"1,69€","0,14€ / UNID.",
Ketchup Picante,RUSTICA,Emb. 0.25 KG,"0,99€","3,96€ / KG",
Detergente Omo Máquina Roupa Líquido 40+15 Doses,OMO,Emb. 2.75 LT,"5,99€","2,18€ / LT",
Espuma de Barbear,,,"1,49€",/ Unid.,
RAVIOLI BOLONHESA 1/2,CÔTÉ TABLE,Emb. 0.4 KG,"1,79€","4,48€ / KG",
Alimento Húmido Gato Carne de Vaca,TOUS MES AMIS,Emb. 0.1 KG,"0,45€","4,50€ / KG",
LUVAS ULTRA-RESISTENTES- TAMANHO M - 1 PAR,MAMISON,Emb. 1 UNID.,"2,19€","2,19€ / UNID.",
Café Lote Clássico Grão,SICAL,Emb. 1 KG,"13,49€","13,49€ / KG",
Vinho Branco A.O.C. Gewurztramin 2014,REBMANN,Garrafa 0.75 LT,"6,99€","9,32€ / LT",
SALSICHAO SECO PORCO QS,ST AZAY,Emb. 0.25 KG,"2,99€","11,96€ / KG",
Madalenas longas,P'TIT DÉLI,Emb. 0.44 KG,"2,59€","5,89€ / KG",
Piri-Piri Receita Tradicional,CALVÉ,Emb. 0.05 KG,"2,57€","51,40€ / KG",
Vinho Tinto,LAGAR DAS PIAS,Bag in Box 5 LT,"7,49€","1,50€ / LT",
Paté de Sardinha e Cavala,PÊCHE OCÉAN,Emb. 0.065 KG,"0,59€","9,08€ / KG",
Bolachas Digestivas Tradicionais,THINS,Emb. 0.174 KG,"2,32€","13,33€ / KG",
DETERGENTE MANUAL LOICA FLORAL 500ML,VISIOR,Emb. 0.5,"0,76€","1,52€ /",
Iogurte Líquido Déli´Up Morango 10x100g,DÉLISSE,Emb. 1 KG,"2,29€","2,29€ / KG",
Camarão Cozido Cal. 20/30,,1 Unid. = 0.19 KG (aprox.),"15,99€/kg","3,04€ / Unid.",
Espanador Pack,PRONTO,Emb. 1 P,"4,28€","4,28€ / P",
CHA VERDE BIO,,Emb. 20 UN,"1,49€","0,07€ / UN",
VINHO FRIZANTE CACHO FRESCO BRANCO.75L,CACHO FRESCO,Emb. 0.075 LT,"1,69€","22,53€ / LT",
Toalhitas Limpeza P/ Ecrãs,LINKSTER,Emb. 80 UNID.,"3,29€","0,04€ / UNID.",
Presunto Fumado,ECO+,Emb. 0.2 KG,"2,79€","13,95€ / KG",
Leite Prado Verde Meio Gordo Bio,AGROS,Emb. 1 LT,"1,18€","1,18€ / LT",
Pizza Casa Di Mama Fiambre e Cogumelos,DR. OETKER,Emb. 0.405 KG,"3,98€","9,83€ / KG",
Gel de Banho Amêndoas Doces,VASELINE,Emb. 0.7 LT,"2,99€","4,27€ / LT",
Café Solúvel Descafeinado,NESCAFÉ,Emb. 0.1 KG,"4,47€","44,70€ / KG",
Queijo Brique Vaca,LES CROISÉS,Emb. 0.2 KG,"1,99€","9,95€ / KG",
FEIJAO BRANCO EM TOMATE,NOTRE JARDIN,Emb. 0.8 KG,"1,49€","1,86€ / KG",
"AGUA FASTIO,6x50CL",FASTIO,,"2,38€",/ Unid.,
Presunto Serrano em Fatias,CAMPOFRIO,Emb. 0.08 KG,"2,58€","32,25€ / KG",
Salpicão de Trancoso,SNR,Emb. 0.275 KG,"3,79€","13,78€ / KG",
DETERGENTE LIQUIDO ANTI-TRANSFERENCIA CORES 40D,EPSIL,,"3,69€",/ Unid.,
Conjunto de 4 Escovas Metálicas,ECO+,Emb. 4 UNID.,"3,83€","0,96€ / UNID.",
LINGUICA PICANTE,CAMPO FINO,Emb. 0.15 KG,"1,29€","8,60€ / KG",
Ice Tea Limão Zero Açúcar,LIPTON,Emb. 1 LT,"1,16€","1,16€ / LT",
Sumo Laranja S/ Adição Açúcar 6 Unid.,JAFADEN,Emb. 1.2 ML,"1,79€","1,49€ / ML",
Vinho Regional Alentejo Tinto,TRINCA BOLOTAS,Garrafa 0.75 LT,"6,49€","8,65€ / LT",
Macedonia de 4 Legumes,,Emb. 0.4 KG,"0,62€","1,55€ / KG",
Mix Frutos do Bosque,,Emb. 0.135 KG,"2,37€","17,56€ / KG",
COCO RALADO,TABLIER BLANC,Emb. 0.125 KG,"0,99€","7,92€ / KG",
Iogurte Aroma Tutti-Frutti 4 Unid.,LONGA VIDA,Emb. 0.125 KG,"0,89€","7,12€ / KG",
Champô Purify & Hidrate,TRESEMMÉ,Emb. 0.4 LT,"4,19€","10,48€ / LT",
Puré de Batata Biológico 2x125g,,Emb. 0.25 KG,"2,99€","11,96€ / KG",
Café Moagem Universal Brasil,DELTA,Emb. 0.22 KG,"3,48€","15,82€ / KG",
PENSOS HIGIENICOS U. FINOS NORMAL+ C/ ABAS,DOULYS,Emb. 14 UNID.,"1,19€","0,09€ / UNID.",
Conserva de Azeitona Preta em Rodelas,RUSTICA,Frasco 0.36 KG,"1,07€","2,97€ / KG",
COOKIES C/ PEPITAS CHOCOLATE E PEDACOS AVELA,P'TIT DÉLI,Emb. 0.2 KG,"1,45€","7,25€ / KG",
TORTAS DE ANIS - 12UN,P'TIT DÉLI,Emb. 0.4 KG,"1,89€","4,73€ / KG",
PIZZA 3 QUEIJOS BIO,,Emb. 0.38 KG,"4,09€","10,76€ / KG",
Chicória e Café Solúvel,PLANTATION,Emb. 0.25 KG,"3,32€","13,28€ / KG",
Pipocas Caramelizadas,TOKAPI,Emb. 0.1 KG,"0,69€","6,90€ / KG",
SABONETE LIQUIDO PESSEGO 500ML,ECO+,Emb. 0.5 LT,"0,79€","1,58€ / LT",
Bolachas Plain Chocolate,BELVITA,Emb. 0.3 KG,"1,98€","6,60€ / KG",
"BL1 LED ESFERA 3,2W-25W E27",FOXTER,Emb. 1 UNID.,"2,49€","2,49€ / UNID.",
DETERGENTE LÍQUIDO CÍTRICO,CIF,Emb. 1.1 LT,"1,99€","1,81€ / LT",
Atum em Óleo,ECO+,Emb. 0.12 KG,"0,64€","5,33€ / KG",
Grão de Bico Seco,NOTRE JARDIN,Emb. 0.5 KG,"0,99€","1,98€ / KG",
CREME SABOR CHOCOLATE,DÉLISSE,Emb. 0.4 KG,"2,39€","5,98€ / KG",
FARINHA BRANCA NEVE SUPER FINA,BRANCA DE NEVE,Emb. 1 KG,"1,69€","1,69€ / KG",
Bebida Láctea para Gatinhos 3x200ml,LYCAT,Emb. 3 UNID.,"2,39€","0,80€ / UNID.",
Limpa Máquinas Limão 5x Power Actions,FINISH,Emb. 1 UNID.,"3,89€","3,89€ / UNID.",
Alimento Húmido P/ Cão Adulto Pequeno Frango e Borrego,PURINA,Emb. 0.4 KG,"2,38€","5,95€ / KG",
CURGETES RODELAS,NOTRE JARDIN,Emb. 1 KG,"1,25€","1,25€ / KG",
Alimento Húmido P/ Gato Completo 4x400g,LYCAT,Emb. 4 UNID.,"3,40€","0,85€ / UNID.",
Leite Condensado Açucarado,DÉLISSE,Lata 0.397 KG,"1,09€","2,75€ / KG",
Penne Rigate Biológico,,Emb. 0.5 KG,"1,29€","2,58€ / KG",
PILHAS ALCALINAS LR6,FOXTER,Emb. 8 UNID.,"1,79€","0,22€ / UNID.",
Vinho Frutado Branco,SALVE,Garrafa 0.75 LT,"1,29€","1,72€ / LT",
Galão São Lourenço,UCAL,Emb. 1 LT,"1,48€","1,48€ / LT",
Neoblanc Densa+,NEOBLANC,Emb. 2 LT,"2,58€","1,29€ / LT",
Desodorizante Roll On Men Cool Kick,NIVEA MEN,Emb. 0.05 LT,"2,39€","47,80€ / LT",
Óleo Cedro Líquido,PRONTO,Emb. 0.25 LT,"3,58€","14,32€ / LT",
MOLAS 24UN,HOMESIDE,Emb. 24 UNID.,"2,29€","0,10€ / UNID.",
GALETES DE MILHO C/ COBERTURA DE CHOCOLATE LEITE BIO,,Emb. 0.1 KG,"1,77€","17,70€ / KG",
BRIOCHE FATIADO C/CHOCOLATE,EPI D'OR,Emb. 0.5 KG,"2,69€","5,38€ / KG",
IOGURTE BAUNILHA FRASCO,DÉLISSE,Emb. 0.5 KG,"1,39€","2,78€ / KG",
Fio Dentário,COLGATE,Emb. 1 UNID.,"3,48€","3,48€ / UNID.",
Abrótea Inteira Cal. 1000/1500 Congelado,,1 Unid. = 1.2 KG (aprox.),"5,49€/kg","6,59€ / Unid.",
CREME VEGETAL P/ BARRAR,,Emb. 0.5 KG,"1,99€","3,98€ / KG",
Molho Whisky Cocktail,CALVÉ,Frasco 0.253 KG,"2,23€","8,81€ / KG",
Mousse de Figado Superior,TRADILÈGE,Emb. 0.18 Kg,"1,75€","9,72€ / Kg",
Amaciador Condicionador,TRESEMMÉ,Emb. 0.5 LT,"4,19€","8,38€ / LT",
Rebuçados de Frutas,MENTOS,Emb. 10 UNID.,"0,68€","0,07€ / UNID.",
TAPETE MICROFIBRAS WC AZUL 50X80,SILLAGE,Emb. 1 UNID.,"6,49€","6,49€ / UNID.",
Conserva de Salsichas Aves 8 Unid.,NOBRE,Lata 0.2 KG,"1,09€","5,45€ / KG",
"SMICY TUB - SORTIDO GELADOS DE AGUA SABOR LIMAO, LARANJA, MORANGO E COLA",SMICY,Emb. 8 UNID.,"2,99€","0,37€ / UNID.",
Nata UHT Ideal para Bater,AGROS,Emb. 0.2 LT,"0,94€","4,70€ / LT",
Esfregão Aço Inox,BRAVO,Emb. 1 P,"1,28€","1,28€ / P",
Tostas com Germen de Trigo Biológicas,,Emb. 0.3 KG,"1,95€","6,50€ / KG",
BLOCO SANITARIO ACTIV EFFECT LAVANDA 3UN,SYPHON,Emb. 3 UNID.,"1,29€","0,43€ / UNID.",
Carte D'Or Gelado Limão,CARTE D'OR,Emb. 0.9 LT,"3,29€","3,66€ / LT",
Água sem Gás Mineral Sport,LUSO,Emb. 0.75 LT,"0,68€","0,91€ / LT",
RECARGA ESFREGONA TIRAS,SILLAGE,Emb. 1 UNID.,"2,17€","2,17€ / UNID.",
Bolachas de Chocolate com Pepitas de Chocolate,ECO+,Emb. 0.2 KG,"0,99€","4,95€ / KG",
Leite Fresco Magro,VIGOR,Emb. 1 LT,"0,99€","0,99€ / LT",
CANETA FELTRO PONTA FINA VARIAS CORES 18UN,ESQUISSE,Emb. 18 UNID.,"2,49€","0,14€ / UNID.",
Massa Espirais Clássica,NACIONAL,Emb. 0.5 KG,"1,47€","2,94€ / KG",
Bebida à Base de Amêndoa,NAT&VIE,Emb. 1 LT,"1,39€","1,39€ / LT",
PALMIERS DU BOIS ROCHE 150G,DU BOIS DE LA ROCHE,Emb. 0.15 KG,"1,38€","9,20€ / KG",
SALSICHAO MORTEAU,NOS RÉGIONS ONT DU TALENT,,"5,99€",/ Unid.,
Vinagre Vinho Tinto,CRISTAL,Garrafa 0.5 LT,"0,99€","1,98€ / LT",
Carvão Vegetal Artesanal,,Emb. 5 KG,"4,99€","1,00€ / KG",
"Água sem Gás 6x1,5L",VITALIS,Emb. 9 LT,"2,59€","0,29€ / LT",
Linguas de Gato Sabor a Canela,P'TIT DÉLI,Emb. 0.2 KG,"0,69€","3,45€ / KG",
Amaciador concentrado intense care repair,COMFORT,Emb. 60 DOSES,"3,99€","0,07€ / DOSES",
Snack Batata Barbecue,TOKAPI,Emb. 0.17 KG,"1,99€","11,71€ / KG",
Alimento Seco P/ Gato Vital Coelho e Frango,PURINA FRISKIES,Emb. 0.4 KG,"2,18€","5,45€ / KG",
Champô Protecção da Cor,TRESEMMÉ,Emb. 0.5 LT,"4,19€","8,38€ / LT",
CORVINA +2KG,,1 Unid. = 1.5 KG (aprox.),"7,99€/kg","11,99€ / Unid.",
Alimento Seco P/ Gato Bacalhau,PURINA FRISKIES,Emb. 4 KG,"15,98€","4,00€ / KG",
PENSOS HIGIENICOS MAXI NOITE 10UN,ECO+,Emb. 10 UNID.,"0,95€","0,10€ / UNID.",
Conserva de Tomate em Pedaços,GULOSO,Emb. 0.39 KG,"1,75€","4,49€ / KG",
Vinho Regional Lisboa Branco,PROVA RÉGIA,Garrafa 0.75 LT,"3,99€","5,32€ / LT",
Caldo de Carne,KNORR,Emb. 16 CUBOS,"2,39€","0,15€ / CUBOS",
Lenços Bolso,MARQUE REPERE,Emb. 18 UNID.,"2,19€","0,12€ / UNID.",
Tâmara Seca C/ Caroço,MARQUE REPERE,Emb. 0.2 KG,"1,59€","7,95€ / KG",
Camarão Aquicultura Cal. 60/80 Congelado,,1 Unid. = 0.25 KG (aprox.),"6,99€/kg","1,75€ / Unid.",
Alimento Seco P/ Gato Premium Frango,PLENIMA,Emb. 0.45 KG,"1,69€","3,76€ / KG",
PIMENTA BRANCA MOIDA SAQUETA,RUSTICA,Emb. 0.1 KG,"2,17€","21,70€ / KG",
Escova P/Loica C/Dispensador Detergente,SILLAGE,Emb. 1 UNID.,"1,11€","1,11€ / UNID.",
MINI BOLOS DE CHOCOLATE COM PEPITAS E COBERTURA DE CHOCOLATE,P'TIT DÉLI,Emb. 0.21 KG,"2,39€","11,38€ / KG",
Manteiga sem Sal,LES CROISÉS,Emb. 0.25 KG,"2,69€","10,76€ / KG",
Tarte de Nata,,Emb. 0.5 KG,"4,49€","8,98€ / KG",
Miolo de Amendoim C/ Sal,MARQUE REPERE,Emb. 0.25 KG,"1,49€","5,96€ / KG",
Refrigerante S/ Gás Laranja,JAFADEN,Garrafa 1.5 LT,"0,99€","0,66€ / LT",
Salsa Picada,RUSTICA,Emb. 0.25 KG,"2,19€","8,76€ / KG",
AirWick  Comp Pure Flor Cerejeira,AIRWICK,Emb. 1 UNID.,"5,39€","5,39€ / UNID.",
Massa Capellini,TURINI,Emb. 0.5 KG,"0,99€","1,98€ / KG",
Laranja Cal. 3/4,,1 Unid. = 0.34 KG (aprox.),"1,59€/kg","0,54€ / Unid.",
Café Torrado Moído Vietname Moagem Universal Intensidade 10,SICAL,Emb. 0.22 KG,"3,68€","16,73€ / KG",
"Menu Saquetas em Molho Peru, Frango, Ave e Pato",LYCAT,Emb. 12 UNID.,"3,99€","0,33€ / UNID.",
LAMPADA STICK 11W E14,FOXTER,Emb. 1 UNID.,"2,99€","2,99€ / UNID.",
Caldo de Carne Menos 30% Sal,KNORR,Emb. 0.08 KG,"1,49€","18,63€ / KG",
ALIMENT BEBE: ESPARGUETE BOLONHESA BIO 12M,BIO VILLAGE BEBE,Emb. 0.23 KG,"2,19€","9,52€ / KG",
BORRACHA + AFIA C/DEPOSITO,ESQUISSE,Emb. 1 UNID.,"0,99€","0,99€ / UNID.",
Fritos Tiras de Milho,MATUTANO,Emb. 0.13 KG,"1,54€","11,85€ / KG",
Pensos Higiénicos Salvaslip Maxi,EVAX,Emb. 36 UNID.,"2,98€","0,08€ / UNID.",
Galetes Arroz Cobertas de Chocolate Biológicas,,Emb. 0.09 KG,"1,29€","14,33€ / KG",
IOGURTE LIQUIDO MORANGO/BANANA,DÉLISSE,Emb. 0.72 KG,"0,99€","1,38€ / KG",
Lava Tudo Gel Ativo com Lixívia,CIF,Emb. 0.75 LT,"1,39€","1,85€ / LT",
Cloro Dissolução Lenta Pastilhas 250Gr,BEAUX JOURS,Emb. 5 KG,"21,90€","4,38€ / KG",
Pipocas Doces,TOKAPI,Emb. 0.1 KG,"0,80€","8,00€ / KG",
Vinho Tinto do Tejo Reserva,CABEÇA DE TOIRO,Emb. 0.75 LT,"7,49€","9,99€ / LT",
Sultana Dourada,MARQUE REPERE,Emb. 0.2 KG,"1,49€","7,45€ / KG",
Vinho Regional Alentejo Branco,PORTA DA RAVESSA,Garrafa 0.75 LT,"2,19€","2,92€ / LT",
Óleo Intense 12-0 Aclarante Extremo,SYOSS,,"6,24€",/ Unid.,
Folhas de Tomilho,RUSTICA,Frasco 0.018 KG,"0,79€","43,89€ / KG",
GRANOLA NOZES,GRAINEA,Emb. 0.35 KG,"2,95€","8,43€ / KG",
Fettuccini Fresco,TURINI,Emb. 0.35 KG,"1,19€","3,40€ / KG",
Sumo Maçã e Pêssego C/ Gás S/ Álcool,GIBUS,Emb. 0.75 LT,"2,69€","3,59€ / LT",
COOKIES C/PEPITAS 3 CHOCOLATES E BASE CHOCOLATE DE LEITE,P'TIT DÉLI,Emb. 0.2 KG,"1,69€","8,45€ / KG",
Sardinha Grande,,1 Unid. = 0.15 KG (aprox.),"2,99€/kg","0,45€ / Unid.",
VELA NUMERADA N 6,,Emb. 1 UNID.,"0,49€","0,49€ / UNID.",
Ficha Programadora Diária,ECO+,Emb. 1 UNID.,"3,69€","3,69€ / UNID.",
Alimento Húmido P/ Gato Completo Geleia Carne 390g,LYCAT,Emb. 4 UNID.,"3,49€","0,87€ / UNID.",
ARRANHADOR P/GATO,P'TIT AMI,Emb. 1 UNID.,"14,90€","14,90€ / UNID.",
VASSOURA SORGO,SILLAGE,Emb. 1 UNID.,"5,90€","5,90€ / UNID.",
Pimenta Branca Moída,MARGÃO,Emb. 0.04 KG,"2,57€","64,25€ / KG",
Café Pastilhas Arábica Pure Biológico,,Emb. 18 PAST.,"2,99€","0,17€ / PAST.",
Nabo sem Rama,,1 Unid. = 0.29 KG (aprox.),"2,69€/kg","0,78€ / Unid.",
Iogurte Líquido Danonino Bebedino Tutti-Frutti 4x100g,DANONE,Emb. 0.4 KG,"1,79€","4,48€ / KG",
Mini Tostas Redondas,BIMBO,Emb. 0.1 KG,"1,24€","12,40€ / KG",
Pacotinho Fruta Hero Baby 3 Frutos 100 G,HERO BABY,Emb. 0.1 KG,"0,98€","9,80€ / KG",
Vinagre Balsâmico Branco,GALLO,Emb. 0.25 LT,"1,69€","6,76€ / LT",
Refrigerante S/ Gás Laranja Maracujá,JAFADEN,Garrafa 1.5 LT,"0,99€","0,66€ / LT",
Bolachas Wafer de Chocolate,P'TIT DÉLI,Emb. 0.15 KG,"1,23€","8,20€ / KG",
Manga Aérea,,1 Unid. = 0.5 KG (aprox.),"3,89€/kg","1,95€ / Unid.",
Centrifugadora,ELSAY,Emb. 1 UNID.,"69,90€","69,90€ / UNID.",
Jardineira de Novilho Embalada,,1 Unid. = 0.3 KG (aprox.),"6,99€/kg","39,55€ / Unid.",
Pimenta Preta Moída,RUSTICA,Frasco 0.04 KG,"1,19€","29,75€ / KG",
ELASTICOS COR/TAMANHOS SORTIDOS 50G,ESQUISSE,Emb. 1 UNID.,"0,99€","0,99€ / UNID.",
Vinho Regional Dão Branco,DUQUE DE VISEU,Garrafa 0.75 LT,"3,99€","5,32€ / LT",
Champô Liso Asiático para Cabelo Frisado e Rebelde,GLISS,Emb. 0.25 LT,"2,24€","8,96€ / LT",
DENTRIFICO EXPERT ULTRA BRANQUEADOR,DENTAMYL,Emb. 0.075 LT,"0,85€","11,33€ / LT",
Caldos Molho Cervejeira 8 Cubos,KNORR,Emb. 0.072 KG,"1,49€","20,69€ / KG",
Bacalhau Crescido Pacífico,,1 Unid. = 1.3 KG (aprox.),"7,49€/kg","9,74€ / Unid.",
Bolachas com Pepitas Chocolate Energy 5 Saquetas,CHIQUILÍN,Emb. 0.2 KG,"2,87€","14,35€ / KG",
Costeletas Mistas de Porco,,1 Unid. = 0.435 KG (aprox.),"3,79€/kg","1,65€ / Unid.",
Chouriço Corrente com Colorau,,Emb. 1 KG,"4,49€","4,49€ / KG",
Molho Madeira,RUSTICA,Emb. 0.3 LT,"1,39€","4,63€ / LT",
Whisky Classic Black 5,LABEL 5,Garrafa 0.7 LT,"9,99€","14,27€ / LT",
RIMMEL BL_ BATON LASTING FINISH KATE MOSS 001,,Emb. 1 UNID.,"8,98€","8,98€ / UNID.",
Café em Grão,LAVAZZA,Emb. 0.5 KG,"6,22€","12,44€ / KG",
Salteado Rústico,BONDUELLE,Emb. 0.4 KG,"2,93€","7,33€ / KG",
Bebida em Pó Ananás,TANG,Emb. 0.03 KG,"0,82€","27,33€ / KG",
ARROZ A CANTONESA,TABLES DU MONDE,Emb. 0.9 KG,"3,29€","3,66€ / KG",
Champô Anti-Caspa Men Controlo De Oleosidade,LINIC,Emb. 0.225 LT,"3,34€","14,84€ / LT",
Desodorizante Pear e Aloe Vera Spray,DOVE,Emb. 0.15 LT,"2,69€","17,93€ / LT",
Alimento Húmido para Gato com Fígado e Carne de Aves,LYCAT,Emb. 0.81 KG,"1,25€","1,54€ / KG",
FEIJOADA DE CHOCOS,CÔTÉ TABLE,Emb. 0.25 KG,"3,49€","13,96€ / KG",
CUECA INCONTINENCIA TAM M,CHORYS,Emb. 14 UNID.,"6,74€","0,48€ / UNID.",
Caldo de Carne,KNORR,Emb. 8 CUBOS,"1,39€","0,17€ / CUBOS",
Chá de Maçã e Canela,TISÉA,Emb. 25 SAQ.,"1,24€","0,05€ / SAQ.",
Snack P/ Cão Médio 12-25kg,PURINA,Emb. 0.115 KG,"2,38€","20,70€ / KG",
COMINHOS MOIDOS SAQUETA,RUSTICA,Emb. 0.05 KG,"0,74€","14,80€ / KG",
Doce de Abóbora,CASA MATEUS,Frasco 0.345 KG,"2,47€","7,16€ / KG",
Gelatina Light de Mirtilo 2x15g,CONDI,Emb. 0.03 KG,"1,78€","59,33€ / KG",
Fraldas Bebé T4 Ultra Confort 7/18 Kg,MOTS D'ENFANTS,Emb. 44 UNID.,"7,45€","0,17€ / UNID.",
Azeite,OLIVEIRA DA SERRA,Garrafão 3 LT,"15,67€","5,22€ / LT",
Sabonete Líquido para as Mãos,DOVE,Emb. 0.25 LT,"2,39€","9,56€ / LT",
Vinho Verde Branco,CAMPELO,Garrafa 1 LT,"2,28€","2,28€ / LT",
Cerveja Aromatizada Rum,DESQUILES,Emb. 0.5 LT,"0,99€","1,98€ / LT",
Sobremesa Creme de Chocolate 4x125g,DÉLISSE,Emb. 0.5 KG,"0,99€","1,98€ / KG",
Hambúrguer de Carne de Vaca 8 Unid. Ultracongelado,IGLO,Emb. 0.64 KG,"8,49€","13,27€ / KG",
Cereais Flakes,CUÉTARA,Emb. 0.5 KG,"2,99€","5,98€ / KG",
Cereais Muesli Chocolate e Quinoa Biológico,,Emb. 0.375 KG,"2,99€","7,97€ / KG",
Detergente Roupa Máquina Pó Skip Lavanda 66d,SKIP,,"12,49€",/ Unid.,
GELADO CHOCOLATE LIEGEOIS,ESKISS,Emb. 1 LT,"2,39€","2,39€ / LT",
Miolo de Noz Metades,MARQUE REPERE,Emb. 0.2 KG,"3,29€","16,45€ / KG",
Alimento Completo Cereais P/ Coelhos Anões,TOUS MES AMIS,Emb. 0.8 KG,"1,99€","2,49€ / KG",
AGUA LIMÃO,FRIZE,Emb. 0.75 LT,"1,53€","2,04€ / LT",
Conserva de Feijão Encarnado Da Horta,COMPAL,Lata 0.42 KG,"0,99€","2,36€ / KG",
Polpa de Tomate,TURINI,Emb. 0.21 KG,"0,45€","2,14€ / KG",
Desodorizante Cucumber & Green Tea S/ áçcool e Alumínio,DOVE,Emb. 0.15 LT,"2,84€","18,93€ / LT",
DETERGENTE CAPSULAS 3 EM 1 ORIENTE P/ROUPA,EPSIL,,"5,73€",/ Unid.,
VASSOURA SEDA PRETA 1/2,SILLAGE,Emb. 1 UNID.,"4,69€","4,69€ / UNID.",
SARDINHA OLEO DE GIRASSOL,PÊCHE OCÉAN,Emb. 0.12 KG,"0,99€","8,25€ / KG",
Whisky Finest,BALLANTINE'S,Emb. 0.7 LT,"14,89€","21,27€ / LT",
BATATAS SALTEADAS OLEO GIRASSOL,POM'LISSE,Emb. 1 KG,"1,99€","1,99€ / KG",
Leite Reparador Tesouros de Mel,ULTRA SUAVE,Emb. 0.4 LT,"5,98€","14,95€ / LT",
CASTANHAS CONGELADAS,,Emb. 1 KG,"9,99€","9,99€ / KG",
SABONETE SOLIDO BEBE BIO CORPO E CABELO,MOTS D'ENFANTS,,"1,45€",/ Unid.,
"AGUA FRIZE,,75CL",FASTIO,,"1,08€",/ Unid.,
Cápsulas Infusão de Camomila e Pêssego Tetley,DELTA,Emb. 10 UNID.,"3,88€","0,39€ / UNID.",
Rissóis de Leitão 6 Unid.,SNR,Emb. 0.275 KG,"3,45€","12,55€ / KG",
Queijo Mozzarella,SANTA LUCIA,Emb. 0.125 KG,"1,60€","12,80€ / KG",
Sardinhas em Tomate Biológico,BOM PETISCO,Emb. 0.12 KG,"1,39€","11,58€ / KG",
LEITE ACHOCOLATADO BIO,,,"1,49€",/ Unid.,
Balde para Esfregona,,Emb. 1 UNID.,"2,99€","2,99€ / UNID.",
CHOUCROUTE,CÔTÉ TABLE,Emb. 0.42 KG,"1,59€","3,79€ / KG",
Cone Leite Creme,TRIUM,Emb. 6 UNID.,"3,49€","0,58€ / UNID.",
Alimento Húmido P/ Gato Party Mix Picnic,FELIX,Emb. 0.06 KG,"1,88€","31,33€ / KG",
Polpa de Tomate,ECO+,Emb. 0.5 KG,"0,75€","1,50€ / KG",
TREMOCOS EXTRA EM FRASCO 13/15,RUSTICA,Emb. 0.37,"1,49€","4,03€ /",
CREME DE OVOS SABOR COCO,DÉLISSE,Emb. 0.4 KG,"2,35€","5,88€ / KG",
Alperce,,1 Unid. = 0.115 KG (aprox.),"1,99€/kg","0,23€ / Unid.",
Caramelo duro con palo,CHUPA CHUPS,,"2,28€",/ Unid.,
Loção para Corpo Hidatrante Express 48h Pele Normal a Seca,NIVEA BODY,Emb. 0.4 LT,"5,99€","14,98€ / LT",
CUECA INCONTINENCIA TAM L,CHORYS,Emb. 14 UNID.,"6,74€","0,48€ / UNID.",
PANO MICROFIBRAS COLORS XL 4 UN,VILEDA,Emb. 4 UNID.,"4,98€","1,25€ / UNID.",
Iogurte Líquido Morango 6x100g,DANACOL,Emb. 0.6 KG,"2,99€","4,98€ / KG",
Mini Gelados Baunilha C/ Drageias,SMICY,Emb. 6 UNID.,"2,96€","0,49€ / UNID.",
Marreta,FOXTER,Emb. 1 UNID.,"7,99€","7,99€ / UNID.",
Alimento Húmido P/ Gato Menu Gatinhos 12x100g,TOUS MES AMIS,Emb. 1 KG,"3,89€","3,89€ / KG",
"Queijo Fundido Fonte de Vitaminas A, B2, B12",LES CROISÉS,Emb. 0.2 KG,"1,59€","7,95€ / KG",
Molho Passata Guloso C/Manjericao E Oregãos 210G,GULOSO,Emb. 0.21 KG,"0,89€","4,24€ / KG",
Azeite Clássico,OLIVEIRA DA SERRA,Garrafa 0.75 LT,"4,68€","6,24€ / LT",
Maionese Top Down,CALVÉ,Emb. 0.24 KG,"1,39€","5,79€ / KG",
Barras Hero De Cereais Muesli Chocolate Leite 6x25g,HERO,Emb. 0.15,"1,79€","11,93€ /",
Bolachas Cobertas ChocoWafer Branco,MILKA,Emb. 0.18 KG,"2,38€","13,22€ / KG",
Garoupa Legítima Cal. 3/5,,1 Unid. = 3.9 KG (aprox.),"21,90€/kg","85,41€ / Unid.",
Tira Nódoas Gold Power Gel,VANISH,Emb. 0.2 LT,"4,54€","22,70€ / LT",
QUEIJO FRESCO LIGHT VACA,QUEIJO NA TÁBUA,Emb. 0.08 KG,"0,55€","6,88€ / KG",
Ervas de Provence,RUSTICA,Frasco 0.018 KG,"0,79€","43,89€ / KG",
Detergente Líquido Multisuperficies Rosas e Jasmim,SONASOL,Emb. 1.3 LT,"2,09€","1,61€ / LT",
Batatas Fritas Camponesas Biológicas,,Emb. 0.125 KG,"2,29€","18,32€ / KG",
SALSA E ALHO PICADO,RUSTICA,Emb. 0.25 KG,"2,39€","9,56€ / KG",
CEREAIS PETALAS NATURAL,GRAINEA,Emb. 0.44 KG,"1,49€","3,39€ / KG",
Bolachas com Cobertura de Chocolate Preto,,Emb. 0.2 KG,"1,39€","6,95€ / KG",
Manteiga Magra Sal,PRÉSIDENT,Emb. 0.25 KG,"2,54€","10,16€ / KG",
TOALHITAS PARA MAOS LIMAO,CLAIR,Emb. 24 UNID.,"1,85€","0,08€ / UNID.",
Capucino Chocolate,PLANTATION,Emb. 0.287 KG,"2,69€","9,37€ / KG",
Champô Cabelo Ultra Suave Delicadeza de Aveia,GARNIER,Emb. 0.25 LT,"3,58€","14,32€ / LT",
Esparguete Tricolor,MILANEZA,Emb. 0.5 KG,"1,89€","3,78€ / KG",
Bloco Sanitário Blue Activ,SONASOL WC,Emb. 0.05 KG,"1,94€","38,80€ / KG",
Mini Rissóis de Camarão 20 Unid.,SNR,Emb. 0.333 KG,"3,30€","9,91€ / KG",
Vinho do Porto Special Reserve,PORTO CRUZ,Emb. 0.75 LT,"9,99€","13,32€ / LT",
Esses,,Emb. 0.3 KG,"1,69€","5,63€ / KG",
Bolinhas de Bacalhau 20 Unid.,SNR,Emb. 0.334 KG,"3,75€","11,23€ / KG",
Ambientador Absorve Odores Relax Zen 2x150gr,BRISE,Emb.  0.3 KG,"2,99€","9,97€ / KG",
SALSICHAO SECO FATIAS,ST AZAY,Emb. 0.15 KG,"1,48€","9,87€ / KG",
Café Mistura Peninsular Moída,DELTA,Emb. 0.25 KG,"1,64€","6,56€ / KG",
Espumante Reserva Meio Seco,FITA AZUL,Garrafa 0.75 LT,"5,28€","7,04€ / LT",
Air Wick Sticks Perfumados Flor de Cerejeira x5,AIRWICK,Emb. 0.025 LT,"7,19€","287,60€ / LT",
Ossos Prensados 21 Cm,TOUS MES AMIS,Emb. 1 UNID.,"2,49€","2,49€ / UNID.",
Aerossol Air Nuvens de Algodão,AMBIPUR,Emb. 0.3 LT,"3,98€","13,27€ / LT",
Massa Argolinhas Clássica,NACIONAL,Emb. 0.25 KG,"0,72€","2,88€ / KG",
Amendoins no Forno,MATUTANO,Emb. 0.2 KG,"2,08€","10,40€ / KG",
Alimento Húmido P/ Gato C/ Coelho,GOURMET GOLD,Emb. 0.085 KG,"0,74€","8,71€ / KG",
Massa Cotovelinhos,MILANEZA,Emb. 0.5 KG,"1,19€","2,38€ / KG",
Néctar Clássico Ananás,COMPAL,Emb. 1 LT,"1,68€","1,68€ / LT",
Miolo de Amêndoa C/ Pele,MARQUE REPERE,Emb. 0.225 KG,"3,09€","13,73€ / KG",
Guardanapos 2 Folhas Tipo Tecido,MARQUE REPERE,Emb. 40 UNID.,"1,29€","0,03€ / UNID.",
BLOCO NOTAS ADESIVO 75X75MM 2X100UN,ESQUISSE,Emb. 2 UNID.,"0,99€","0,50€ / UNID.",
Iced Tea Manga,ECO+,Emb. 1.5 LT,"0,84€","0,56€ / LT",
Iogurte Bifidus Magro Líquido Activia Pêssego Maracujá 4 Unid.,ACTIVIA,Emb. 0.62 KG,"1,99€","3,21€ / KG",
BRINQUEDO VINYL P/CAO PEQ.,P'TIT AMI,Emb. 1 UNID.,"2,99€","2,99€ / UNID.",
Iogurte Liquido Yoggi Melão E Meloa,YOGGI,Emb. 0.64 KG,"2,09€","3,27€ / KG",
Queijo Curado de Ovelha Amanteigado 500Gr,OURO DO PASTOR,0.5 KG,"14,39€","28,78€ / KG",
Bolachas Amanteigadas com Tablete de Chocolate Branco 2x6 Unid.,P'TIT DÉLI,Emb. 0.15 KG,"1,35€","9,00€ / KG",
BL1 LED FILA CHAMA 2-25W E14,FOXTER,Emb. 1 UNID.,"2,99€","2,99€ / UNID.",
Lasanha Bolonhesa Bio,,Emb. 0.6 KG,"3,99€","6,65€ / KG",
Sidra com Álcool Maça 4x33cl,SOMERSBY,Emb. 1.32 LT,"3,99€","3,02€ / LT",
Chispe de Porco,,1 Unid. = 0.5 KG (aprox.),"2,24€/kg","1,12€ / Unid.",
Toalhitas Activity 4x54 Unid.,DODOT,Emb. 216 UNID.,"7,98€","0,04€ / UNID.",
Tempero de Alho & Salsa 8 Cubos,KNORR,Emb. 0.072 KG,"1,49€","20,69€ / KG",
TARTELETES FRAMBOESA,P'TIT DÉLI,Emb. 0.15 KG,"0,99€","6,60€ / KG",
LEITE DESMAQUILHANTE BIO,BIONAÏA,Emb. 0.25 LT,"2,49€","9,96€ / LT",
Sobremesa Láctea de Alperce +6 Meses,BIO VILLAGE BEBE,Emb.0 0.4 KG,"2,59€","6,48€ / KG",
Toalhitas Limpa Óculos,CLAIR,Emb. 54 UNID.,"1,29€","0,02€ / UNID.",
AUSONIA AIRDRY SUPER ABAS 30,AUSONIA,Emb. 30 UNID.,"4,19€","0,14€ / UNID.",
Massa Macarronete Riscado,TURINI,Emb. 0.5 KG,"0,89€","1,78€ / KG",
Donuts,,1 Unid. = 0.045 KG,"0,59€","13,11€ / KG",
Farinha S/ Fermento T65,NACIONAL,Emb. 1 KG,"1,04€","1,04€ / KG",
NATAS LIQUIDAS LIGHT UHT BIO,,Emb. 0.6 KG,"3,55€","5,92€ / KG",
PILHAS ALCALINAS LR6 TECH+,FOXTER,Emb. 8 UNID.,"3,59€","0,45€ / UNID.",
PURE MACA/AMEIXA SEM ADICAO ACUCAR,DOUCEUR DU VERGER,Emb. 0.388 KG,"1,39€","3,58€ / KG",
Ketchup Heinz Top Down 220 Ml,HEINZ,Emb. 0.22 LT,"2,27€","10,32€ / LT",
TAPETE ANTI-DERRAPANTE WC TRANSPARENTE 67X35,SILLAGE,Emb. 1 UNID.,"3,69€","3,69€ / UNID.",
Lichias em Calda,DOUCEUR DU VERGER,Emb. 0.565 KG,"2,49€","4,41€ / KG",
GOMAS ACIDAS COLA,COPAÍNS COPINES,Emb. 0.275 KG,"1,36€","4,95€ / KG",
IOGURTE BATIDO MORANGO,DÉLISSE,Emb. 0.5 KG,"1,15€","2,30€ / KG",
RECARGA MOPA SECA,,Emb. 1 UNID.,"3,80€","3,80€ / UNID.",
Iogurte Bifidus Líquido Morango e Kiwi 0% 4 Unid.,DANONE,Emb. 0.62 KG,"1,99€","3,21€ / KG",
Bolachas Wafer de Limão,VIEIRA,Emb. 0.125 KG,"1,14€","9,12€ / KG",
VINHO DÃO CASA DE SANTAR RESERVA TINTO 75,CASA DE SANTAR,,"14,98€",/ Unid.,
Luvas Finas Descartáveis Vinil Tam. M,,Emb. 0.45 KG,"6,99€","15,53€ / KG",
Tira Gorduras Recarga,MISTOLIN,Emb. 0.545 LT,"2,78€","5,10€ / LT",
Vinho Regional Península de Setúbal Branco,SERRAS DE AZEITÃO,Garrafa 0.75 LT,"2,64€","3,52€ / LT",
Batatas Pré-Fritas Finas Forno Óleo Girassol,POM'LISSE,Emb. 0.6,"1,39€","2,32€ /",
Adoçante,CANDEREL,Emb. 100 UNID.,"2,39€","0,02€ / UNID.",
NOODLES DE FRANGO,TABLES DU MONDE,Emb. 0.061 KG,"0,89€","14,59€ / KG",
Amaciador para a Roupa Pure,COMFORT,Emb. 78 DOSES,"3,99€","0,05€ / DOSES",
Dentífrico com Flúor Fresh Gel,COLGATE,Emb. 0.075 LT,"2,23€","29,73€ / LT",
PILHAS BOTAO LR44,FOXTER,Emb. 5 UNID.,"1,29€","0,26€ / UNID.",
SALSICHA CHURRASCO CLASSICA,CAMPO FINO,Emb. 0.2 KG,"1,49€","7,45€ / KG",
Iogurte de Pedaços Cereais e Avelã,MIMOSA,Emb. 0.48 KG,"1,49€","3,10€ / KG",
Aquafresh Active White  125ml,AQUAFRESH,,"2,79€",/ Unid.,
Pantene Volume & Brilho Máscara 160 ml,PANTENE PV,Emb. 0.16 LT,"5,98€","37,38€ / LT",
Esfregão Regular,BRAVO,Emb. 1 P,"0,98€","0,98€ / P",
Guardanapos 2 Folhas 33x33 cm,RENOVA,Emb. 90 UNID.,"1,38€","0,02€ / UNID.",
FIAMBRE PERNA EXTRA MAGRO -25% TEOR SAL 4F,TRADILÈGE,Emb. 0.16 KG,"2,59€","16,19€ / KG",
Maracujá Roxo,,1 Unid. = 0.1 KG (aprox.),"7,99€/kg","0,80€ / Unid.",
Abacaxi Sweet Gold,,1 Unid. = 1.78 KG (aprox.),"1,19€/kg","2,12€ / Unid.",
REFRIGERANTE S/GAS MULTIFRUTOS,JAFUN,Emb. 10 UNID.,"3,49€","0,35€ / UNID.",
BLOCO SANITARIO FRESCURA VERDE ECO 1UN,UNÍ VERT,Emb. 1 UNID,"2,19€","2,19€ / UNID",
PEDACINHOS ATUM COM TOMATE 3X80G,PÊCHE OCÉAN,Emb. 0.24 KG,"1,65€","6,88€ / KG",
Mistura de Frutos do Bosque,MARQUE REPERE,Emb. 0.2 KG,"2,99€","14,95€ / KG",
ABRILHANTADOR P/ MAQUINA LOICA ECO,UNÍ VERT,Emb. 0.75 LT,"2,29€","3,05€ / LT",
Preparado de Culinária de Soja Biológico 3x200ml,,Emb. 0.6 L,"3,99€","6,65€ / L",
Queijo Prato Amanteigado Pequeno,PAIVA,Emb. 0.55 KG,"7,48€","13,60€ / KG",
Pão de Avó,,1 Unid. = 0.08 KG (aprox.),"2,47€/kg","0,20€ / Unid.",
Barra Bueno Recheio Leite Avelãs Cobertura Chocolate 2 Unid.,KINDER,Emb. 0.043 KG,"1,07€","24,88€ / KG",
DETERGENTE MANUAL LOICA CONCENTRADO MENTA/EUCALIPTO ECOLOGICO 500ML,UNÍ VERT,Emb. 0.5 LT,"1,49€","2,98€ / LT",
TOALHITAS ANTI-DESCOLORACAO 40UN,TEXIL,Emb. 40 UNID.,"3,99€","0,10€ / UNID.",
Amendoins Torrados C/ Sal,TOKAPI,Emb. 0.25 KG,"1,09€","4,36€ / KG",
Ambientador Recarga Elétrico Lavanda e Aloé Vera,GLADE,Emb. 2 UNID.,"7,18€","3,59€ / UNID.",
Gelatina Light Sabor a Morango,TABLIER BLANC,Emb. 0.031 KG,"0,79€","25,48€ / KG",
Carapau Médio Congelado,,1 Unid. = 0.15 KG (aprox.),"5,99€/kg","0,90€ / Unid.",
SALSICHA FRANCFORT 4UN,TRADILÈGE,,"2,09€",/ Unid.,
PIMENTO VERM./VERDE,NOTRE JARDIN,Emb. 0.6 KG,"1,39€","2,32€ / KG",
Carne de Porco Salgada C/ Lentilhas,CÔTÉ TABLE,Emb. 0.42 KG,"1,79€","4,26€ / KG",
Conserva de Pickles em Vinagre,RUSTICA,Emb. 0.3 KG,"1,99€","6,63€ / KG",
MASCARA EXTRA COLOR 300ML,VITANOVE,Emb. 0.3 LT,"1,99€","6,63€ / LT",
Alimento Completo Cereais P/ Porquinhos-da-Índia,TOUS MES AMIS,Emb. 2.5 KG,"5,89€","2,36€ / KG",
Ice Tea Limão Zero Açúcar,LIPTON,Emb. 0.6 LT,"1,13€","1,88€ / LT",
Fiambre de Peru Fatias,CAMPOFRIO,Emb. 0.09 KG,"1,29€","14,33€ / KG",
Preparado de Carne Bovino Picada,FERIAL,Emb. 1 KG,"9,99€","9,99€ / KG",
Dióspiro Clássico,,1 Unid. = 0.2 KG (aprox.),"3,99€/kg","0,80€ / Unid.",
IOGURTE DELILIGHT 0% IOG.NATURAL,DÉLISSE,Emb. 1.5,"1,99€","1,33€ /",
Vinho Rosé,FAISÃO,Emb. 1 LT,"1,99€","1,99€ / LT",
SALADA PARISIENNE ATUM MR,COTE SNACK,Emb. 0.25 KG,"1,89€","7,56€ / KG",
Esparguete,MILANEZA,Emb. 0.5 KG,"0,78€","1,56€ / KG",
Bebida Amêndoa S/ Açúcar,NAT&VIE,Emb. 1 LT,"1,59€","1,59€ / LT",
ENROLADOR DOMESTICO 7M FOXTE,FOXTER,Emb. 1 UNID.,"13,99€","13,99€ / UNID.",
Chá Menta Anis Malva e Alcaçus Biológico,,Emb. 20 SAQ.,"0,99€","0,05€ / SAQ.",
Morcela de Assar da Beira Baixa,SNR,Emb. 0.23 KG,"1,99€","8,65€ / KG",
SACO TERMICO 22L,WOODSUN,Emb. 1 UNID.,"11,90€","11,90€ / UNID.",
ACUCAR AMARELO,TÉVA,1 0,"1,39€",inf€ /,
Leite Crescimento Júnior 1+ Bolacha Maria,NESTLÉ,Emb. 1 LT,"2,00€","2,00€ / LT",
AXE GEL APOLLO,AXE,Emb. 0.4 LT,"3,29€","8,23€ / LT",
Bacalhau Graúdo Islândia Asa Preta,,1 Unid. = 2.5 KG (aprox.),"15,49€/kg","38,73€ / Unid.",
Detergente Roupa Máquina Líquido Sensitive,SKIP,Emb. 80 DOSES,"15,99€","0,20€ / DOSES",
Amaciador Concentrado Aromaterapia Violeta,VERNEL,Emb. 57 DOSES,"3,29€","0,06€ / DOSES",
Sacos de Lixo Casa de Banho com Atilho 20x10L,ELEMBAL,Emb. 20 UNID.,"0,89€","0,04€ / UNID.",
Aipo,,Emb. 0.5 KG,"1,39€","2,78€ / KG",
Leite Confort 1,NAN,Emb. 0.8 KG  (aprox.),"19,98€","24,98€ / KG",
Almôndegas proteína,IGLO,Emb. 0.24 KG,"4,78€","19,92€ / KG",
Cerveja com Álcool Green Limão 6x33cl,SUPER BOCK,Emb. 1.98 LT,"4,49€","2,27€ / LT",
Purina ONE Dual Nature Sterilized Vaca,PURINA,Emb. 0.4 KG,"3,98€","9,95€ / KG",
Massa Folhada Pronta a Desenrolar sem Glúten,CHAQUE JOUR SANS GLUTEN,Emb. 0.28 KG,"2,50€","8,93€ / KG",
Detergente Manual Loiça Ultra Limão,FAIRY,Emb. 0.48 LT,"1,68€","3,50€ / LT",
Papel Higiénico Super Compact,RENOVA,Emb. 4 ROLOS,"2,48€","0,62€ / ROLOS",
SAL REGENERADOR,VISIOR,Emb. 2 KG,"0,99€","0,50€ / KG",
Bife da Vazia Novilho,,1 Unid. = 0.55 KG (aprox.),"15,99€/kg","8,79€ / Unid.",
Tortellini de Carne,KNORR,Emb. 0.25 KG,"2,98€","11,92€ / KG",
Sangria Don Simon,DON SIMON,Garrafa 1.5 LT,"2,29€","1,53€ / LT",
Desodorizante Roll-On Narta 5 Acções Protection,GARNIER,Emb. 0.05 LT,"3,78€","75,60€ / LT",
Broa de Milho com Chouriço,,1 Unid. = 0.5 KG (aprox.),"4,99€/kg","2,50€ / Unid.",
London Dry Gin,GIBSON'S,Garrafa 0.7 LT,"9,49€","13,56€ / LT",
CREME DE MAOS REPARADOR 100ML,INELL,Emb. 0.1 LT,"1,59€","15,90€ / LT",
Creme Limpeza Micro Cristais Limão,CIF,Emb. 0.7 LT,"2,49€","3,56€ / LT",
Creme Autobrilhante Castanho Calçado com Esponja,SPLENDOR,Emb. 0.04 LT,"1,79€","44,75€ / LT",
Arroz Pot Frango E Cogumelos,KNORR,Emb. 0.075 KG,"1,98€","26,40€ / KG",
Cápsulas Leite Achocolatado Nesquik,DOLCE GUSTO,Emb. 16 CAPS.,"5,98€","0,37€ / CAPS.",
FRESHMATIC COM RECARGA LIFE SCENTS DELÍCIAS DE VERÃO,AIRWICK,Emb. 1 UNID.,"7,19€","7,19€ / UNID.",
Pensos Higiénicos Normal Alas,EVAX,Emb. 12 UNID.,"2,98€","0,25€ / UNID.",
Spray Mousse,NEOBLANC,Spray 0.7 LT,"2,59€","3,70€ / LT",
Algodão Activo Limpa Metais Brilho,DURAGLIT,Emb. 0.075 KG,"8,98€","119,73€ / KG",
Amêijoa Branca,,1 Unid. = 0.1 KG (aprox.),"6,99€/kg","0,70€ / Unid.",
SORVETE LIMAO,TROFIC,Emb. 1 LT,"1,98€","1,98€ / LT",
Abóbora Batatas e Peru desde os 6 Meses S/ Glúten,NESTLÉ,Emb. 0.19 KG,"1,39€","7,32€ / KG",
"AGUA MICEL OLEO,OLH SENSI,400ML",GARNIER,,"7,98€",/ Unid.,
Azeitonas Pretas Descaroçadas,AGRODELTA,Emb. 0.16 KG,"1,49€","9,31€ / KG",
PILHAS ALCALINAS LR06,ECO+,Emb. 8 UNID.,"1,79€","0,22€ / UNID.",
Gel Banho Romã Natural,MANAVA,Emb. 0.75 LT,"1,79€","2,39€ / LT",
Pensos Incontinência Lindor Pads Mini 2 Gotas 14 Uni,LINDOR,,"3,14€",/ Unid.,
Iogurte Pouch Squeezy Morango,YOCO,Emb. 0.32 KG,"2,29€","7,16€ / KG",
Caderno Capa Preta Pautado A4 60p,ESQUISSE,,"0,85€",/ Unid.,
ESCOVA DENTES MACIA EXPERT BRANQUEADORA,DENTAMYL,Emb. 1 UNID.,"0,84€","0,84€ / UNID.",
Óleo Alimentar 3L,FULA,Garrafão 3 LT,"7,89€","2,63€ / LT",
Sais De Fruta Digestivo Laranja,ENO,Emb. 0.15 KG,"6,88€","45,87€ / KG",
Alga Sushi,MIYATA,Emb. 0.014 KG,"2,17€","155,00€ / KG",
Dentífrico Protector Plantas Dentagard,COLGATE,Emb. 0.075 LT,"1,99€","26,53€ / LT",
Bolachas com Recheio de Limão Cobertura Chocolate,P'TIT DÉLI,Emb. 0.15 KG,"1,19€","7,93€ / KG",
CREME MAOS ANTI MANCHAS,INELL,Emb. 0.08 LT,"2,81€","35,13€ / LT",
Bolachas Digestivas de Laranja,THINS,Emb. 0.174 KG,"2,47€","14,20€ / KG",
Pão Integral,,1 Unid. = 0.4 KG,"0,20€","0,50€ / KG",
Mistura de Pimentas 5 Bagas,MARGÃO,Emb. 0.024 KG,"3,98€","165,83€ / KG",
Bebida de Soja Choco 3x200ML,SHOYCE,Emb. 0.6 LT,"1,58€","2,63€ / LT",
Raia Cal. 2/5,,1 Unid. = 2.5 KG (aprox.),"5,99€/kg","14,98€ / Unid.",
Kinder Bueno White,KINDER,Emb. 0.043 KG,"0,94€","21,86€ / KG",
PALITOS TORCIDOS C/ COB CHOCOLATE PRETO,P'TIT DÉLI,Emb. 0.09 KG,"1,39€","15,44€ / KG",
Maçã Reineta Cal. 70/75,,1 Unid. = 0.2 KG (aprox.),"1,99€/kg","0,40€ / Unid.",
FORMA P/BOLO MEDIA,,Emb. 100 UNID.,"0,85€","0,01€ / UNID.",
Gelado de Chocolate,CARTE D'OR,Emb. 0.75 LT,"1,94€","2,59€ / LT",
Marshmallow com Sabor Baunilha,COPAÍNS COPINES,Emb. 0.3 KG,"1,39€","4,63€ / KG",
Laca Cabelos Oleosos,SUNSILK,Emb. 0.3 LT,"3,89€","12,97€ / LT",
Coloração 4-2 Castanho Avermelhado 16X3,SYOSS,,"4,99€",/ Unid.,
MASSA PIZZA RECTANG.T.BL,TABLIER BLANC,Emb. 0.385 KG,"1,79€","4,65€ / KG",
Fiambre da Pá Bom Proveito,IZIDORO,1 Unid. = 0.12 KG (aprox.),"4,99€/kg","0,60€ / Unid.",
Barquette Morango,LULU,Emb. 0.12 KG,"1,88€","15,67€ / KG",
Iogurte Aroma Coco 4 Unid.,LONGA VIDA,Emb. 0.125 KG,"0,89€","7,12€ / KG",
CANETA CORRETORA,ESQUISSE,Emb. 1 UNID.,"1,99€","1,99€ / UNID.",
Sumo 8 Frutos 3x20 cl,UM BONGO,Emb. 0.6 LT,"1,38€","2,30€ / LT",
Conserva de Tremoço Extra,RUSTICA,Frasco 0.87 KG,"2,99€","3,44€ / KG",
SACOS LIXO C/ ATILHO 20L,ELEMBAL,Emb. 20 UNID.,"0,89€","0,04€ / UNID.",
Toalhitas Limpa Pó Electrostáticas,,Emb. 40 UNID.,"1,99€","0,05€ / UNID.",
"BEBIDA SOJA C/CALCIO LIGHT ,1L",ALPRO,Emb. 1 LT,"1,89€","1,89€ / LT",
Cápsulas Café Alumínio Nespresso Brasil,SEGAFREDO,Emb. 10 UN,"4,47€","0,45€ / UN",
Chá de Cidreira,LIPTON,Emb. 10 SAQ.,"0,69€","0,07€ / SAQ.",
MARCADORES P/QUADRO BRANCO 4UN,ESQUISSE,Emb. 1 UNID.,"1,79€","1,79€ / UNID.",
Vinho Branco Alentejo Doc Reserva,REGUENGOS,Garrafa 0.75 LT,"4,98€","6,64€ / LT",
Azeite Virgem Extra Clássico,GALLO,Emb. 0.75 LT,"4,49€","5,99€ / LT",
PEITO DE FRANGO FATIADO,CAMPO FINO,Emb. 0.2 KG,"1,79€","8,95€ / KG",
Conserva de Azeitona Verde Recheada,RUSTICA,Frasco 0.36 KG,"1,19€","3,31€ / KG",
Alimento Húmido P/ Gato de Atum e Camarão,TOUS MES AMIS,Emb. 0.08 KG,"0,79€","9,88€ / KG",
Detergente Loiça Manual Concentrado Maça,SUPER POP,Emb. 0.7 LT,"1,49€","2,13€ / LT",
Manteiguinhas,,Emb. 0.3 KG,"1,69€","5,63€ / KG",
Polvo Limpo Ultracongelado,,Emb. 0.5 KG,"6,59€","13,18€ / KG",
Lixívia Tradicional,NEOBLANC,Emb. 1 LT,"0,88€","0,88€ / LT",
Alimento Seco Cão Vaca Aves,LYDOG,Emb. 14 KG,"18,99€","1,36€ / KG",
QUEIJO GOUDA FATIADO,ECO+,Emb. 0.2 KG,"1,79€","8,95€ / KG",
PESSEGO EM CALDA,DOUCEUR DU VERGER,Emb. 0.82 KG,"2,79€","3,40€ / KG",
Vinho Regional Lisboa Tinto,VIDIGAL PORTA 6,Garrafa 0.75 LT,"3,79€","5,05€ / LT",
Mistura de Frutos Secos C/ Sal,MARQUE REPERE,Emb. 0.2 KG,"1,69€","8,45€ / KG",
Gomas Tijolos,COPAÍNS COPINES,Emb. 0.2 KG,"0,99€","4,95€ / KG",
Pão Hamburger,EPI D'OR,Emb. 4 UNID.,"0,99€","0,25€ / UNID.",
RECARGA A4 100GR QUAD 100P,ESQUISSE,Emb. 1 UNID.,"1,98€","1,98€ / UNID.",
Champô Cuidado Clássico,TRESEMMÉ,Emb. 0.9 LT,"6,59€","7,32€ / LT",
Vassoura Espalmada Lisa C/ Cabo,,Emb. 1 UNID.,"1,99€","1,99€ / UNID.",
CHA PRETO PEQUENO-ALMOCO BIO,,Emb. 20 UNID.,"1,52€","0,08€ / UNID.",
PRATOS QUADRADOS BIODEGRADAVEIS 26CM 10UN,HOMESIDE,Emb. 10 UNID.,"3,89€","0,39€ / UNID.",
OIKOS AMORA 110G X4,OIKOS,Emb. 0.44 KG,"2,39€","5,43€ / KG",
Tira-Nódoas para Roupa Branca em Gel,SKIP,Emb. 1.6 LT,"6,99€","4,37€ / LT",
Alimento Seco P/ Gato Sénior +11 Anos de Frango,PURINA,Emb. 1.5 KG,"11,98€","7,99€ / KG",
Pêssego em Calda,ECO+,Emb. 0.85 KG,"1,99€","2,34€ / KG",
Rum de Coco,MALIBU,Garrafa 0.7 LT,"15,58€","22,26€ / LT",
Água S/ Gás 6 Unid.,ECO+,Garrafa 9 LT,"1,69€","0,19€ / LT",
Cueca de Banho Tam. M 12/18 Kg,MOTS D'ENFANTS,Emb. 11 UNID.,"4,58€","0,42€ / UNID.",
Queijo de Cabra Curado Pasteurizado,PALHAIS,Emb. 0.18 KG,"3,88€","21,56€ / KG",
Croissant de Manteiga 8Unid.,EPI D'OR,Emb. 0.32 KG,"2,19€","6,84€ / KG",
BOLACHA AMENDOIM,,Emb. 0.26 KG,"2,75€","10,58€ / KG",
VELAS TEALIGHTS 100UN,ECO+,Emb. 100 UNID.,"4,08€","0,04€ / UNID.",
Massa Ondas,MILANEZA,Emb. 0.5 KG,"1,54€","3,08€ / KG",
Desentupidor em Gel Forza Canos,MR MUSCLE,Emb. 0.1 LT,"4,09€","40,90€ / LT",
Espumante Reserva Doce,RAPOSEIRA,Garrafa 0.75 LT,"7,74€","10,32€ / LT",
Gelatina Light de Mirtilo,ROYAL,Emb. 0.031 KG,"1,88€","60,65€ / KG",
Esparguete,CAÇAROLA,Emb. 0.5 KG,"0,98€","1,96€ / KG",
Conserva Tomates Pelados Biológicos,,Lata 0.4 KG,"1,39€","3,48€ / KG",
Tablete de Chocolate com Recheio Morango,MILKA,Emb. 0.1 KG,"1,57€","15,70€ / KG",
Cogumelo Branco Inteiro,,1 Unid. = 0.3 KG  (aprox.),"4,99€/kg","1,50€ / Unid.",
Gel de Banho Black XL,AXE,Emb. 0.4 LT,"3,29€","8,23€ / LT",
QUEIJO FRESCO FRAMBOESA,DÉLISSE,Emb. 0.5 KG,"2,19€","4,38€ / KG",
Lip Therapy Original,VASELINE,Emb. 0.017 KG,"2,98€","175,29€ / KG",
Vinho Regional Bairrada Tinto,S. DOMINGOS,Garrafa 0.75 LT,"3,98€","5,31€ / LT",
NECTAR FRUTOS DO POMAR SEM ADICAO DE AÇÚCARES,JAFADEN,Emb. 1 LT,"1,40€","1,40€ / LT",
Vinho Verde Branco,CASAL GARCIA,Garrafa 0.75 LT,"3,19€","4,25€ / LT",
PURE FRUTA VARIOS SABORES SEM ADICAO ACUCAR BISNAGA BIO,,Emb. 1.08 KG,"7,21€","6,68€ / KG",
Conserva de Cogumelos Laminados Da Horta,COMPAL,Emb. 0.29 KG,"0,99€","3,41€ / KG",
Cápsulas de Café C/ Leite Intenso,DOLCE GUSTO,Emb. 16 CAPS.,"5,98€","0,37€ / CAPS.",
Café Solúvel C/ Bebida Coco Vegan,NESCAFE GOLD,Emb. 0.09 KG,"3,68€","40,89€ / KG",
BANDAS DEPILATORIAS CERA FRIA PELE SENSIVEL ROSTO 32UN,SLISS,Emb. 32 UNID.,"1,84€","0,06€ / UNID.",
AMENDOINS TORRADOS E SALGADOS,ECO+,Emb. 0.25 KG,"0,85€","3,40€ / KG",
Flor Duche Azul,SILLAGE,Emb. 1 UNID.,"1,89€","1,89€ / UNID.",
SALSICHA CHURRASCO ERVAS AROMATICAS,CAMPO FINO,Emb. 0.2 KG,"1,49€","7,45€ / KG",
NUGGETS DE FRANGO 18UN,CÔTÉ CROC,Emb. 0.45 KG,"3,99€","8,87€ / KG",
Conserva de Grão da Horta,COMPAL,Lata 0.42 KG,"0,99€","2,36€ / KG",
TOALHITAS DESMAQUILHANTES PELES SENSIVEIS COM AGUA MICELAR 25UN,INELL,Emb. 25 UNID.,"0,99€","0,04€ / UNID.",
Bebida à Base de Arroz,NAT&VIE,Emb. 1 LT,"1,29€","1,29€ / LT",
Queijo Fundido 24 Porções,ECO+,Emb. 0.4 KG,"2,29€","5,73€ / KG",
SALPICAO,CAMPO FINO,Emb. 0.28 KG,"3,19€","11,39€ / KG",
DETERGENTE MANUAL LOICA CONCENTRADO HIPOALERG.ECOLOGICO 500ML,UNÍ VERT,Emb. 0.5 LT,"1,49€","2,98€ / LT",
Spray de Limpeza Vidros e Superfícies Brilhantes Power&Shine,CIF,Emb. 0.75 LT,"2,49€","3,32€ / LT",
Dentífrico Branqueadora Branco Intenso,AQUAFRESH,Emb. 0.075 LT,"3,18€","42,40€ / LT",
Bacalhau Especial Noruega Asa Branca,,1 Unid. = 4 KG (aprox.),"9,59€/kg","38,36€ / Unid.",
Conserva de Feijocas Verdes Extrafinas,NOTRE JARDIN,Lata 0.53 KG,"1,79€","3,38€ / KG",
Bebida Sunlover Collagen Lata 0.25l,SUNLOVER,,"0,84€",/ Unid.,
Areias,,Emb. 0.3 KG,"1,69€","5,63€ / KG",
Salsichas Cocktail,TOKAPI,Lata 0.42 KG,"1,89€","4,50€ / KG",
RECARGA P/ ESCOVA DENTES MACIA CABECA RECARRREGAVEL,DENTAMYL,,"1,25€",/ Unid.,
Espirais,ECO+,Emb. 1 KG,"1,59€","1,59€ / KG",
Faca de Pintor 8Cm,FOXTER,Emb. 1 UNID.,"1,99€","1,99€ / UNID.",
Escova de Dentes Max White,COLGATE,Emb. 1 UNID.,"3,86€","3,86€ / UNID.",
MANTEIGA C/SAL,LES CROISÉS,Emb. 0.25 KG,"2,35€","9,40€ / KG",
Guardanapos 2 Folhas Gold 39x39 cm,RENOVA,Emb. 40 UNID.,"1,98€","0,05€ / UNID.",
TAPETE MICROFIBRAS WC BRANCO 50X80,SILLAGE,Emb 1 UNID.,"6,49€","6,49€ / UNID.",
Cereais Mel Zero,NESTUM,Emb. 0.25 KG,"2,17€","8,68€ / KG",
Vinho Regional Minho Branco,TORRE MENAGEM,Garrafa 0.75 LT,"4,48€","5,97€ / LT",
Arroz Basmati,CAÇAROLA,Emb. 0.5 KG,"1,47€","2,94€ / KG",
Creme Pentear Karité Côco,NATEIS,Emb. 0.3 LT,"1,99€","6,63€ / LT",
Chipicao 6x57 gr,CHIPICAO,Emb. 0.342 KG,"3,97€","11,61€ / KG",
Alimento Húmido P/ Gato Vários Sabores,GOURMET GOLD,Emb. 0.34 KG,"3,48€","10,24€ / KG",
Seleção de Frutos Secos,MARQUE REPERE,Emb. 0.33 KG,"5,39€","16,33€ / KG",
SPRAY ANTICALCARIO WC ECOLOGICO 750ML,UNÍ VERT,Emb. 0.75 LT,"1,99€","2,65€ / LT",
Bebida de Amêndoa,SHOYCE,Emb. 1 LT,"2,18€","2,18€ / LT",
Detergente Roupa Proteção Cores,WOOLITE,Emb. 30 DOSES,"6,99€","0,23€ / DOSES",
DOSSIER A4 LOMBADA 7CM,ESQUISSE,Emb. 1 UNID.,"1,69€","1,69€ / UNID.",
Mistura Solúvel Café,PLANTATION,Frasco 0.2 KG,"2,39€","11,95€ / KG",
Queijo Flamengo 1/4 Bola,PRIMOR,Emb. 0.35 KG,"3,48€","9,94€ / KG",
Desodorizante Roll- On Dry Fresh,NIVEA,Emb. 0.05 LT,"3,98€","79,60€ / LT",
Fralda Cueca T6 +16Kg Eco,MOTS D'ENFANTS,Emb. 18 UNID.,"6,99€","0,39€ / UNID.",
Barra Cereais Maçã Verde,GRAINEA,Emb. 0.126 KG,"1,25€","9,92€ / KG",
Caldo de Galinha,KNORR,Emb. 0.16 KG,"2,39€","14,94€ / KG",
Atum em Óleo Vegetal,BOM PETISCO,Emb. 0.12 KG,"1,26€","10,50€ / KG",
Fraldas Bebé T6 Doucer +16 Kg,MOTS D'ENFANTS,Emb. 58 UNID.,"10,34€","0,18€ / UNID.",
Salsicha Frankfurt,CAMPOFRIO,Emb. 0.14 KG,"0,98€","7,00€ / KG",
Refrigerante sem Gás Ananás,FRUTIS,Emb. 1.5 LT,"1,15€","0,77€ / LT",
Douradinhos Salmão Selvagem 10 Unid. Ultracongelado,IGLO,Emb. 0.28 KG,"5,68€","20,29€ / KG",
Iced Tea Limão,NESTEA,Garrafa 1.5 LT,"1,00€","0,67€ / LT",
Arroz Agulha,PATO REAL,Emb. 1 KG,"1,18€","1,18€ / KG",
LOMBO SALMAO ATLANTICO C/ PELE SKIN 4UN,PÊCHE OCÉAN,Emb. 0.5 KG,"11,69€","23,38€ / KG",
Caldo Galinha 16 Cubos,MAGGI,Emb. 0.16 KG,"2,09€","13,06€ / KG",
Pão de Forma Integral sem Côdea,EPI D'OR,Emb. 0.45 KG,"2,09€","4,64€ / KG",
Cotonetes Stoppers Bebé,MOTS D'ENFANTS,Emb. 50 UNID.,"0,48€","0,01€ / UNID.",
Azeite virgem,GALLO,Emb. 3 LT,"15,89€","5,30€ / LT",
Dourada Cal. 400/500,,1 Unid. = 0.45 KG (aprox.),"5,45€/kg","2,45€ / Unid.",
Iogurte Líquido Cálcio 8x100 g,DÉLISSE,Emb. 0.8 KG,"1,99€","2,49€ / KG",
SNACK BATATA SABOR ESPECIARIAS,TOKAPI,Emb. 0.17 KG,"1,79€","10,53€ / KG",
PELICULA ADERENTE 30M,ELEMBAL,Emb. 30 M,"0,79€","0,03€ / M",
Esfregão Fibra Verde Classic XXL,SCOTCH BRITE,Emb. 1 UNID.,"0,99€","0,99€ / UNID.",
Aguardente Bagaceira Portuguesa Marc Brandy,PORTUGUEZA,Emb. 1 LT,"12,49€","12,49€ / LT",
Vinagre Balsâmico de Modena Gourmet,GALLO,Emb. 0.25 LT,"2,16€","8,64€ / LT",
Queijo Roquefort,NOS RÉGIONS ONT DU TALENT,1 Unid. = 0.25 KG (aprox.),"19,99€/kg","5,00€ / Unid.",
Sais de Fruta Digestivo Limão,ENO,Emb. 10 UNID.,"4,98€","0,50€ / UNID.",
Sumo Active Drink Manga Cenoura,SANTAL,Emb. 1.5 LT,"2,13€","1,42€ / LT",
Desodorizante Roll-On Pepino 0%Alumínio,DOVE,Emb. 0.05 LT,"2,84€","56,80€ / LT",
DETERGENTE LIQUIDO F. LARANJEIRA /ALOE VERA ATIVOS VEGETAIS 50D,XÉOR,,"4,99€",/ Unid.,
Bolachas Maria sem Glúten,GULLÓN,Emb. 0.4 KG,"3,67€","9,18€ / KG",
Bloco sanitário power 5 duo pack ocean,DOMESTOS,Emb. 0.11 KG,"2,74€","24,91€ / KG",
Pão De Forma Cerealia 100% Integral,PANRICO,Emb. 0.385 KG,"2,47€","6,42€ / KG",
Papel Higiénico 2 Folhas Estra XXL 18=45,RENOVA,Emb. 18 ROLOS,"11,84€","0,66€ / ROLOS",
Cereais Pétalas Trigo Chocolate,P'TIT DÉLI,Emb. 0.4 KG,"1,34€","3,35€ / KG",
Vinagre de Vinho Branco,RUSTICA,Garrafa 0.75 LT,"0,65€","0,87€ / LT",
Cavala Cal. 2/3,,1 Unid. = 0.31 KG (aprox.),"3,49€/kg","1,08€ / Unid.",
Recarga para Difusor Automático Delicias de Verão,AIRWICK,Emb. 0.019 LT,"3,59€","188,95€ / LT",
Batata Doce,,1 Unid. = 0.29 KG (aprox.),"1,79€/kg","0,52€ / Unid.",
Tablete Chocolate 70% Cacau,LA CASA,Emb. 0.1 KG,"1,64€","16,40€ / KG",
MOLHO DE TOMATE PROVENCAL,TURINI,Emb. 0.19 KG,"0,69€","3,63€ / KG",
CRISTAIS SODA 500G CLAIR,CLAIR,Emb. 0.5 KG,"1,99€","3,98€ / KG",
Drageia de Morango Mix,MENTOS,Emb. 0.037 KG,"0,68€","18,38€ / KG",
Batata Vermelha,,1 Unid. = 1 KG   (aprox.),"0,99€/kg","0,99€ / Unid.",
Gel Studio Line Indestructible Extremo 9,L'ORÉAL PARIS,Emb. 0.15 LT,"5,98€","39,87€ / LT",
Detergente Manual Loiça Concentrado Original,FAIRY,Emb. 0.78 LT,"2,69€","3,45€ / LT",
Alimento P/ Gato Adulto de Salmão,PURINA,Emb. 3 KG,"22,98€","7,66€ / KG",
MAQUINA SELAR VACUO,ELSAY,Emb. 1 UNID.,"34,90€","34,90€ / UNID.",
Massa Estrelinhas,TURINI,Emb. 0.25 KG,"0,55€","2,20€ / KG",
Hamburgers de Peito de Frango sem Glúten Ultracongelado,IGLO,Emb. 0.24 KG,"4,29€","17,88€ / KG",
Café Ricoré,DOLCE GUSTO,Emb. 16 CAPS.,"5,98€","0,37€ / CAPS.",
Sumo de Laranja 3x20 cl,UM BONGO,Emb. 0.6 LT,"1,43€","2,38€ / LT",
Molho Cocktail Salsa,HEINZ,Emb. 0.22 KG,"2,28€","10,36€ / KG",
Leite de Cabra UHT Meio Gordo,PRÉSIDENT,Emb. 1 LT,"2,43€","2,43€ / LT",
Barrinhas P/ Porquinhos-da-Índia sabor a Frutas,TOUS MES AMIS,Emb. 0.11 KG,"1,85€","16,82€ / KG",
Beterraba Fresca,,1 Unid. = 0.27 KG (aprox.),"1,59€/kg","0,43€ / Unid.",
Leite Bem Essencial C/ Sabor a Cereais,MIMOSA,Emb. 0.8 LT,"1,69€","2,11€ / LT",
Iogurte Aroma Morango 4x120g,DANONE,Emb. 0.48 KG,"1,18€","2,46€ / KG",
Amaciador Roupa Concentrado Revival Jasmim Azul,QUANTO,Emb. 62 DOSES,"4,49€","0,07€ / DOSES",
Spray Elimina Odores de Roupa Extra,FEBREZE,Emb. 0.5 LT,"3,98€","7,96€ / LT",
Cachorrinhos 5 Unid.,,Emb. 5 KG,"2,99€","0,60€ / KG",
Pensos Incontinência Discreet Maxi Night,AUSONIA,Emb. 16 UNID.,"7,98€","0,50€ / UNID.",
GELADO BAUNILHA / SPECULOS,ESKISS,Emb. 1 LT,"2,58€","2,58€ / LT",
Tempero de Alho & Coentros 8 Cubos,KNORR,Emb. 0.072 KG,"1,49€","20,69€ / KG",
Champô Sólido Bio,BIONAÏA,Emb. 0.085 KG,"4,99€","58,71€ / KG",
AE COCKPIT 600 ML 600ML TECH9,TECH9,Emb. 0.6 LT,"3,79€","6,32€ / LT",
MASSA P/ PIZZA BIO,,Emb. 0.26 KG,"1,97€","7,58€ / KG",
Cajú Torrado e Salgado,TOKAPI,Emb. 0.125 KG,"1,99€","15,92€ / KG",
BOLACHAS RECHEADAS C/ AVELA TIPO KANGO X12,P'TIT DÉLI,Emb. 0.225 KG,"1,79€","7,96€ / KG",
VELA NUMERO - 4,ARDENCE,Emb. 1 UNID.,"0,89€","0,89€ / UNID.",
Patê Fiambre Sólo Natural,LA PIARA,Emb. 0.077 KG,"1,29€","16,75€ / KG",
Manteiga de Bretagne Doux,LES CROISÉS,Emb. 0.25 KG,"2,18€","8,72€ / KG",
Tablete de Chocolate Avelãs,MILKA,Emb. 0.1 KG,"1,48€","14,80€ / KG",
Bic Lâminas Descartáveis Miss Soleil 3 + 1 Unidades,BIC,Emb. 3 UNID.,"3,98€","1,33€ / UNID.",
Bolo de Arroz,,1 UNID.,"0,69€","0,69€ / UNID.",
Noodles com Bacon e Tomate,KNORR,Emb. 0.063 KG,"1,06€","16,83€ / KG",
MOLHO PARA BATATAS FRITAS,RUSTICA,Emb. 0.255 KG,"1,39€","5,45€ / KG",
"GEL DUCHE ""ROMA/PAEONIA"" CONCENTRADO",NATEIS,,"1,85€",/ Unid.,
Molho Wok,PALADIN,Emb. 0.25 LT,"2,40€","9,60€ / LT",
Maionese com Mostarda de Dijon com Baixo Teor de Gordura,RUSTICA,Emb. 0.45 KG,"1,39€","3,09€ / KG",
PATE PEIXE/CENOURA P/ GATO 410G,ECO+,Emb. 0.41 KG,"0,65€","1,59€ / KG",
Pimentão Doce Colorau,RUSTICA,Frasco 0.038 KG,"0,79€","20,79€ / KG",
Espuma Barbear Extra Hidratante,NIVEA MEN,Emb. 0.2 LT,"3,59€","17,95€ / LT",
Conserva de Salsichas 8 Unid.,IZIDORO,Lata 0.2 KG,"1,24€","6,20€ / KG",
Alimento Seco P/ Gatos Esterilizados Peru e Legumes,PURINA FRISKIES,Emb. 3 KG,"7,79€","2,60€ / KG",
Desodorizante Deo Roll On Bio Eficácia,NARTA,Emb. 0.05 LT,"3,98€","79,60€ / LT",
Feijão Verde,,1 Unid. = 0.55 KG (aprox.),"2,99€/kg","1,64€ / Unid.",
Refeição Arroz de Tomate e frango,BLÉDINA,Emb. 0.2 KG,"1,58€","7,90€ / KG",
Alimento Seco para Cães Pequenos Croquetes,LYDOG,Emb. 2 KG,"4,99€","2,50€ / KG",
Vinho Regional Dão Seleção Branco,CABRIZ,Garrafa 0.75 LT,"4,98€","6,64€ / LT",
CARVAO VEGETAL 3KG MARCA GUIA,,Emb. 3 KG,"3,99€","1,33€ / KG",
LENCOS BOLSO 4F ALOE VERA,CARESSE,Emb. 12 UNID.,"1,89€","0,16€ / UNID.",
Desodorizante Creme,DOVE,Emb. 0.05 LT,"2,84€","56,80€ / LT",
BOLACHA REDONDA RECHEIO CHOCOLATE (3UN),,Emb. 0.72 KG,"2,69€","3,74€ / KG",
Pincel de Maquilhagem em Pó,,Emb. 1 UNID.,"3,98€","3,98€ / UNID.",
Ketchup,ECO+,Emb. 0.58 KG,"1,89€","3,26€ / KG",
MIOLO DE CAMARAO SKIN PACK 100/200,PÊCHE OCÉAN,Emb. 0.16 KG,"2,99€","18,69€ / KG",
CREME SABOR PISTACHIOS,DÉLISSE,Emb. 0.4 KG,"2,39€","5,98€ / KG",
Fraldas Activity T4 Extra 9-15 Kg,DODOT,Emb. 52 UNID.,"13,29€","0,26€ / UNID.",
PRATO + NAPERON 32CM,,Emb. 1 UNID.,"0,69€","0,69€ / UNID.",
Sidra Normand Brut,LES GOELLERIES,Garrafa 0.75 LT,"2,19€","2,92€ / LT",
Garrafão de Moscatel em Palha,DORRÃO,Emb. 2 L,"12,99€","6,50€ / L",
MASSA QUEBRADA S/ GLUTEN,CHAQUE JOUR SANS GLUTEN,Emb. 0.23 KG,"2,50€","10,87€ / KG",
Conserva de Feijão Encarnado,NOTRE JARDIN,Frasco 0.57 KG,"0,65€","1,14€ / KG",
FEIJAO BRANCO LATA MGUIA,NOTRE JARDIN,Emb. 0.425 KG,"0,69€","1,62€ / KG",
Whisky William Lawson\'s,WILLIAM LAWSON'S,Garrafa 1 LT,"19,98€","19,98€ / LT",
Preservativos Finíssimos + Gel Nature,CONTROL,Emb. 6 UNID.,"6,98€","1,16€ / UNID.",
Cogumelo Branco Laminado,,Emb. 0.3 KG,"2,09€","6,97€ / KG",
Limpa Churrasqueiras e Recuperadores de Calor,MISTOLIN,Emb. 0.5 LT,"4,84€","9,68€ / LT",
Amêndoa Laminada,TABLIER BLANC,Emb. 0.125 KG,"2,49€","19,92€ / KG",
Preparado Leite de Creme,ROYAL,Emb. 0.092 KG,"1,07€","11,63€ / KG",
TOALHITAS HIGIENE INTIMA,DOULYS,Emb. 20 UNID.,"0,79€","0,04€ / UNID.",
DOVE Sabonete Líquido para as Mãos Recarga,DOVE,Emb. 0.5 LT,"2,99€","5,98€ / LT",
TAMPAO COMPACTO SUPER,DOULYS,,"2,39€",/ Unid.,
"Alimento Húmido P/Cão Adulto C/ Gelatina de Boi, Frango e Cordeiro",,Emb. 0.4 KG,"2,58€","6,45€ / KG",
Conserva de Feijão Preto da Horta,COMPAL,Lata 0.42 KG,"1,17€","2,79€ / KG",
Alimento Húmido P/ Cão Paté Borrego,TOUS MES AMIS,Emb. 0.3 KG,"0,79€","2,63€ / KG",
Escova de Dentes Slim Soft Suave,COLGATE,Emb. 1 UNID.,"3,48€","3,48€ / UNID.",
Dobrada de Feijão Branco,NOBRE,Lata 0.42 KG,"1,76€","4,19€ / KG",
Vinho Verde Branco,AVELEDA,Emb. 0.075 LT,"3,39€","45,20€ / LT",
Goiaba,,1 Unid. = 0.1 KG,"9,99€/kg","1,00€ / Unid.",
Pastilha Elástica Senses Sabor Melancia 3x23g,TRIDENT,Emb. 0.069 KG,"2,48€","35,94€ / KG",
Menu Saquetas Carne em Gelatina 12X100G,LYCAT,Emb. 12 UNID.,"3,99€","0,33€ / UNID.",
Pintarolas,EPA,Emb. 0.6 LT,"2,99€","4,98€ / LT",
Bolachas Original,OREO,Emb. 0.154 KG,"1,37€","8,90€ / KG",
Queijo Vaca+Ovelha metades,ALVELHE,Emb. 0.55 KG,"5,98€","10,87€ / KG",
Queijo Roquefort com Leite de Ovelha,,Emb. 0.1 KG,"2,69€","26,90€ / KG",
Molho Poke Bowl,PALADIN,Emb. 0.25 LT,"2,40€","9,60€ / LT",
Gel Duche S/ Sabão,MANAVA,Emb. 0.5 ML,"1,49€","2,98€ / ML",
MAQ.BARBEAR 3 LAMINAS DESCARTAVEL,CARRÉ HOMME,,"3,09€",/ Unid.,
Camarão Aquicultura Cal. 20/30 Congelado,,1 Unid. = 0.25 KG (aprox.),"8,99€/kg","2,25€ / Unid.",
Cebola Amarela Org. Esp. cal.50/70,,Emb. 0.5 KG,"1,79€","3,58€ / KG",
Vinho Verde Branco,TERRAS DE FELGUEIRAS,Garrafa 0.75 LT,"1,99€","2,65€ / LT",
Iogurte Líquido Morango Framboesa 4x155g,CORPOS DANONE,Emb. 0.62 KG,"1,69€","2,73€ / KG",
Manteiga C/ Sal,MIMOSA,Emb. 0.25 KG,"2,18€","8,72€ / KG",
Café Torrado Moído Lote Nyeri Kenya Intensidade 8,SICAL,Emb. 0.22 KG,"3,68€","16,73€ / KG",
Laca Elnett Latin Fixação Forte,L'ORÉAL PARIS,Spray 0.3 LT,"5,98€","19,93€ / LT",
Pensos Higiénicos Maxi/Super Sem Alas Fina e Segura,EVAX,Emb. 13 UNID.,"1,98€","0,15€ / UNID.",
Refrigerante C/ Gás Laranja,ECO+,Garrafa 2 LT,"0,79€","0,40€ / LT",
Douradinhos Ultracongelados de Frango Pré-Fritos,IGLO,Emb. 0.25 KG,"4,99€","19,96€ / KG",
Óleo para Bebé,JOHNSON'S BABY,Emb. 0.3 LT,"3,58€","11,93€ / LT",
Lenços de Bolso Lavanda Sensitive 4 Folhas,RENOVA,Emb. 6 UNID.,"0,98€","0,16€ / UNID.",
Pêra Nashi Cal. 45+,,1 Unid. = 0.2 KG (aprox.),"5,29€/kg","1,06€ / Unid.",
Snacks Futebolas,CHEETOS,Emb. 0.13 KG,"1,54€","11,85€ / KG",
Creme de Banho Care & Roses,NIVEA,Emb. 0.75 LT,"4,99€","6,65€ / LT",
MÁQUINA BARBEAR DESCARTAVEIS 2 LAMINAS,CARRÉ HOMME,Emb. 10 UNID.,"1,59€","0,16€ / UNID.",
Chá de Tília,LIPTON,Emb. 20 SAQ.,"1,20€","0,06€ / SAQ.",
Costeletas de Novilho,,1 Unid. = 0.2 KG (aprox.),"8,99€/kg","1,80€ / Unid.",
BOLA PILATES 75CM,WOODSUN,Emb. 1 UNID.,"8,59€","8,59€ / UNID.",
Café Cápsulas Qalidus Intensidade 10,DELTA,Emb. 10 CAPS.,"3,39€","0,34€ / CAPS.",
Conserva de Salsichas 8 Unid.,IZIDORO,Frasco 0.65 KG,"3,14€","4,83€ / KG",
GELEIA MARMELO 345G,CASA MATEUS,Emb. 0.345 KG,"2,47€","7,16€ / KG",
Bolachas Recheadas Baunilha,ECO+,Emb. 0.5 KG,"1,49€","2,98€ / KG",
ALICATE MULTIPLO 250 MM,FOXTER,Emb. 1 UNID.,"7,99€","7,99€ / UNID.",
BL1 LED STANDARD 8W-75W E27 LUZ AMARELA,FOXTER,Emb. 1 UNID.,"4,69€","4,69€ / UNID.",
Escova de Dentes 3-5 anos,ORAL B,Emb. 1 UNID.,"2,24€","2,24€ / UNID.",
FUSILLI COM QUEIJOS,COTE SNACK,Emb. 0.3 KG,"2,29€","7,63€ / KG",
Snack de Chocolate,KIT KAT,Emb. 0.041 KG,"0,74€","18,05€ / KG",
Alimento Seco para Gatinhos Completo,LYCAT,Emb. 0.4 KG,"0,99€","2,48€ / KG",
DETERGENTE LIQUIDO PARA ROUPA BEBE 25D,EPSIL,Emb. 25 DOSES,"2,49€","0,10€ / DOSES",
Bombons de Chocolate Leite Recheio de Marshmallow,COPAÍNS COPINES,Emb. 0.2 KG,"1,49€","7,45€ / KG",
Camarão Cozido Cal. 60/80,,1 Unid. = 0.28 KG (aprox.),"10,49€/kg","2,94€ / Unid.",
Água sem Gás,,Garrafa 0.33 LT,"0,13€","0,39€ / LT",
Ervilhas Extra Finas 3x140G,NOTRE JARDIN,Emb. 0.42 KG,"1,99€","4,74€ / KG",
Cuscus Aves e Salsichas Merguez,CÔTÉ TABLE,Emb. 0.98 KG,"4,59€","4,68€ / KG",
Bolachas Sortido,PRINCESA,Emb. 0.2 KG,"1,97€","9,85€ / KG",
Chocolate de Leite Confetti,MILKA,Emb. 0.1 KG,"1,58€","15,80€ / KG",
Pastel de Nata,,1 Unid. = 0.048 KG,"0,35€","7,29€ / KG",
Ravioli de Legumes,CÔTÉ TABLE,Emb. 0.8 KG,"1,79€","2,24€ / KG",
Tablete Chocolate 70% Cacau Culinária,PANTAGRUEL,Emb. 0.2 KG,"2,58€","12,90€ / KG",
LUVA AUTO MOPA ANTI-MOSQUITOS,TECH9,Emb. 1 UNID.,"0,83€","0,83€ / UNID.",
GALETES DE MILHO C/ SEMENTES DE LINHACA BIO,,Emb. 0.15 KG,"1,42€","9,47€ / KG",
Refrigerante C/ Gás Pack 6,SPRITE,,"4,13€",/ Unid.,
Creme de Cabra,PRÉSIDENT,Emb. 0.125 LT,"2,44€","19,52€ / LT",
Bolachas com Pepitas Chocolate sem Açúcar,DIET NATURE,Emb. 0.125 KG,"2,27€","18,16€ / KG",
GEL ANTI-CALCARIO 750ML,TEXIL,Emb. 0.75 KG,"2,28€","3,04€ / KG",
MIOLO MEXILHAO SKIN PACK,PÊCHE OCÉAN,Emb. 0.23 KG,"1,65€","7,17€ / KG",
CEREAIS BOLAS DE MEL BIO,,,"1,99€",/ Unid.,
Amaciador Cabelo Camomila e Mel de Flores,ULTRA SUAVE,Emb. 0.2 LT,"3,58€","17,90€ / LT",
BOLACHA MARIA,P'TIT DÉLI,,"1,49€",/ Unid.,
ESPUMA CABELO ESPECIAL CARACOIS 200ML,VITANOVE,Emb. 0.2 LT,"1,09€","5,45€ / LT",
Bolo Rei Seleção,,1 Unid. = 0.8 KG (aprox.),"4,99€/kg","3,99€ / Unid.",
Palmier,,1 Unid. = 1 UN,"0,85€","0,85€ / UN",
DETERGENTE LIQUIDO CLASSICO 40D,EPSIL,Emb. 40 DOSES,"4,49€","0,11€ / DOSES",
Massa Instantânea de Galinha Pot,KOALA,Emb. 0.065 KG,"1,15€","17,69€ / KG",
Tablete Chocolate Preto para Culinária,TABLETTE D'OR,Emb. 0.2 KG,"1,09€","5,45€ / KG",
Queijo Fresco Meio Gordo Médio,SANTIAGO,Emb. 0.2 KG,"1,78€","8,90€ / KG",
Cookies de Chocolate com Pepitas Chocolate Biológicas,,Emb. 0.2 KG,"1,89€","9,45€ / KG",
Recarga para Difusor Automático Lavanda e Jasmim,BRISE,Emb. 1 UNID.,"3,59€","3,59€ / UNID.",
Pantene Volume & Brilho Condicionador 160 ml,,Emb. 0.16 LT,"4,98€","31,13€ / LT",
Cogumelos Laminados,ECO+,Emb. 0.23 KG,"0,89€","3,87€ / KG",
Tripas à Moda da Provença,TRADILÈGE,Emb. 0.5 KG,"4,99€","9,98€ / KG",
Gel de Banho Hidratante Baby Rich Moisture,BABY DOVE,Emb. 0.4 LT,"3,29€","8,23€ / LT",
LAVA TUDO MARINHO,CLAIR,Emb. 2 LT,"0,99€","0,50€ / LT",
Vinho Tinto Titan Douro,TITAN DE DOURO,Emb. 0.75 LT,"9,99€","13,32€ / LT",
Sabão Marselha Cubo,EPSIL,,"1,59€",/ Unid.,
Alimento Húmido P/ Gato C/ Carne de Vaca e Frango,GOURMET GOLD,Emb. 0.085 KG,"0,74€","8,71€ / KG",
Massa Lasanha C/ Ovo,MILANEZA,Emb. 0.5 KG,"2,37€","4,74€ / KG",
Água com Gás Levíssima 6x33cl,PEDRAS SALGADAS,Emb. 1.98 LT,"2,77€","1,40€ / LT",
PIMENTAO DOCE SAQUETA,RUSTICA,Emb. 0.1 KG,"0,98€","9,80€ / KG",
Cerveja C/ Álcool,CARLSBERG,Lata 0.033 LT,"0,74€","22,42€ / LT",
Cereais de Milho S/ Glúten Corn Flakes,NESTLÉ,Emb. 0.375 KG,"2,24€","5,97€ / KG",
TOMATE CONCENTRADO BISNAGA BIO,,Emb. 0.2 KG,"1,50€","7,50€ / KG",
Sobremesa Leite Creme com Bolacha 4x125g,REINA,Emb. 0.5 KG,"2,09€","4,18€ / KG",
Champô Cabelos Normais Fructis Anti Caspa 2 em 1,GARNIER,Emb. 0.25 LT,"3,98€","15,92€ / LT",
Café Cápsulas Selezionato Intensidade 7,PLANTATION,Emb. 10 CAPS.,"2,09€","0,21€ / CAPS.",
Refeição Vegalia Caril de Grão Vegan,NOBRE VEGALIA,Emb. 0.42 KG,"3,34€","7,95€ / KG",
Feijão Verde Muito Fino Ultracongelados,,Emb. 1 KG,"1,29€","1,29€ / KG",
Queijo Curado Meio Gordo 5 Estrelas,LACTO SERRA,1 Unid. = 1 KG (aprox.),"8,99€/kg","8,99€ / Unid.",
Laca Elnett Latin Fixação Extra Forte,L'ORÉAL PARIS,Spray 0.3 LT,"5,98€","19,93€ / LT",
DOCE TEMPORADA ABÓBORA 350G,CASA MATEUS,Emb. 0.35 KG,"2,69€","7,69€ / KG",
Alimento P/ Bebé Natural +6 meses 4 Unid.,NESTLÉ BEBÉ,Emb. 0.4 KG,"2,39€","5,98€ / KG",
Yofu Framboesa/Amora 4x125g,ALPRO,Emb. 0.5 KG,"2,88€","5,76€ / KG",
ACUCAR BAUNILHA X10 SAQUETAS,TABLIER BLANC,Emb. 0.075 KG,"1,59€","21,20€ / KG",
BATOM NUTRE E PROTEGE BIO,BIONAÏA,Emb. 1 UNID.,"2,25€","2,25€ / UNID.",
Batatas Fritas Crocantes Onduladas,POM'LISSE,Emb. 0.15 KG,"1,29€","8,60€ / KG",
Tablete de Chocolate Culinária 70% Cacau,NESTLÉ,Emb. 0.17 KG,"1,94€","11,41€ / KG",
Bolachas de Água e Sal,VIEIRA,Emb. 0.125 KG,"0,89€","7,12€ / KG",
Guardanapos 2F 40x40,MARQUE REPERE,Emb. 90 UNID.,"2,39€","0,03€ / UNID.",
Pensos Higiénicos Noite Alas,EVAX,Emb. 9,"2,98€","0,33€ /",
Molho de Bolonhesa,TURINI,Emb. 0.19 KG,"0,99€","5,21€ / KG",
Cápsulas Café Macchiato Caramelo P/ Dolce Gusto,STARBUCKS,Emb. 12 CAPS.,"5,38€","0,45€ / CAPS.",
Sidra com Álcool de Maça 50cl,SOMERSBY,Emb. 0.5 LT,"1,24€","2,48€ / LT",
Tomates Inteiros Pelados,ECO+,Lata 0.8 KG,"0,99€","1,24€ / KG",
PEITO DE PERU FATIAS FINAS,CAMPO FINO,Emb. 0.15 KG,"1,49€","9,93€ / KG",
SALSA PICADA BIO,,Emb. 0.05 KG,"1,18€","23,60€ / KG",
Chá de Camomila,,Emb. 25 SAQ.,"0,79€","0,03€ / SAQ.",
Rissóis de Camarão 8 Unid.,SNR,Emb. 0.325 KG,"1,99€","6,12€ / KG",
Preparado de Arroz de Marisco,PESCANOVA,Emb. 0.5 KG,"4,99€","9,98€ / KG",
Gengibre,,1 Unid. = 0.3 KG (aprox.),"4,49€/kg","1,35€ / Unid.",
Bolachas Tostada com Leite 4x200gr,P'TIT DÉLI,Emb. 0.8 KG,"1,59€","1,99€ / KG",
CANETA VARIAS CORES 1MM,ESQUISSE,Emb. 10 UNID.,"1,29€","0,13€ / UNID.",
Edulcorante de Mesa,CANDEREL,Emb. 0.09 KG,"2,99€","33,22€ / KG",
BLOCO 3 TOMADAS 10/16A,ECO+,Emb. 1 UNID.,"1,99€","1,99€ / UNID.",
Papel Higiénico 4 Folhas,RENOVA,Emb. 12 ROLOS,"7,18€","0,60€ / ROLOS",
Espumante Reserva Meio Seco,MURGANHEIRA,Garrafa 0.75 LT,"10,98€","14,64€ / LT",
Vinho Regional Douro,EVEL,Garrafa 0.75 LT,"3,99€","5,32€ / LT",
Atum em Posta,BOM PETISCO,Emb. 0.385 KG,"4,26€","11,06€ / KG",
Barras de Cereais Trigo Integral C/ Leite 6 Unid.,GOLDEN GRAHAMS,Emb. 0.15 KG,"3,27€","21,80€ / KG",
Snack P/ Gato Sabor do Oceano,FELIX,Emb. 0.2 KG,"3,98€","19,90€ / KG",
Desodorizante Roll-On Tropical 48H,REXONA,Emb. 0.05 LT,"2,69€","53,80€ / LT",
"ATUM EM AZEITE, 120G",TENÓRIO,Emb. 0.12 KG,"2,14€","17,83€ / KG",
SUMO 100% UVA BIO,,Emb. 1 LT,"2,49€","2,49€ / LT",
Vinho Regional Alentejo Branco,REGUENGOS,Garrafa 0.75 LT,"2,39€","3,19€ / LT",
"AGUA FRIZE,,6x25CL",FRIZE,,"2,49€",/ Unid.,
"SYOSS KERATIN MOUSSE,,250ML",SYOSS,Emb. 0.25 LT,"3,24€","12,96€ / LT",
ELIXIR BOCAL EXPERT SENSITIVE,DENTAMYL,Emb. 0.5 LT,"1,29€","2,58€ / LT",
Cápsulas Café Cortado Espresso Macchiato Intensidade 8,DOLCE GUSTO,Emb. 16 CAPS.,"5,98€","0,37€ / CAPS.",
COGUMELOS FERBAR INTEIRO 290G,FERBAR,Emb. 0.29 KG,"1,33€","4,59€ / KG",
DENTIFRICO CARVAO BIO,BIONAÏA,Emb. 0.075 LT,"1,99€","26,53€ / LT",
MOLHO SALADAS C/ ERVAS FINAS,RUSTICA,Emb. 0.5 LT,"0,84€","1,68€ / LT",
Verniz de Unhas 60 Segundos 203,RIMMEL,Emb. 1 UNID.,"5,58€","5,58€ / UNID.",
QUEIJO P/ BARRAR LIGHT,LES CROISÉS,Emb. 0.15 KG,"0,79€","5,27€ / KG",
Grelos de Nabo,,1 Unid. = 0.95 KG (aprox.),"2,59€/kg","2,46€ / Unid.",
Ambientador Micado Stick Up Muddle Wine,AIR WICK,Emb. 0.05 LT,"7,19€","143,80€ / LT",
Desodorizante Roll-On Rosa e Aloe Vera,BIONAÏA,Emb. 0.05 LT,"0,99€","19,80€ / LT",
HAMBURGUER DE PORCO 4UN,CHANTEGRIL,Emb. 0.32 KG,"1,79€","5,59€ / KG",
LEITE CREME 4X23G TABLIER BLANC,TABLIER BLANC,Emb. 0.092 KG,"0,57€","6,20€ / KG",
BLOCO SANITARIO C/LIXIVIA 2UN,SYPHON,Emb. 2 UNID.,"1,29€","0,65€ / UNID.",
Refrigerante S/Gás Arandos Light,JAFADEN,Emb. 1 LT,"1,89€","1,89€ / LT",
Madalenas em Conchas com Ovos Frescos,P'TIT DÉLI,Emb. 0.25 KG,"1,29€","5,16€ / KG",
Maionese Heinz Cebola E Alho Td 400ml,HEINZ,Emb. 0.4 LT,"3,79€","9,48€ / LT",
Refrigerante S/ Gás Pêssego/Damasco,JAFUN,Emb. 2 LT,"1,89€","0,95€ / LT",
Vinho Rosé Frutado,FAISÃO,Garrafa 0.75 LT,"1,89€","2,52€ / LT",
Favas Congeladas,NOTRE JARDIN,Emb. 1 KG,"2,49€","2,49€ / KG",
Gel Sanitário Harpic Liquido Força do Oceano,,Emb. 0.75 LT,"1,94€","2,59€ / LT",
Água Mineral Natural,PENACOVA,Garrafão 5 LT,"0,89€","0,18€ / LT",
Kefir Natural Pack Promo,KÉFIR,Emb. 1.2 KG,"4,39€","3,66€ / KG",
CREPES SIMPLES DA BRETANHA,NOS RÉGIONS ONT DU TALENT,Emb. 0.085 KG,"1,99€","23,41€ / KG",
Alimento Húmido Gato Completo Delícias do Mar 3x400 g,TOUS MES AMIS,Emb. 3 KG,"2,69€","0,90€ / KG",
"Água sem Gás 6x1,5 L",LUSO,Emb. 9 LT,"3,09€","0,34€ / LT",
Clementina,,1 Unid. = 0.1 KG (aprox.),"2,19€/kg","0,22€ / Unid.",
MORTADELA COM AZEITONA FATIADA,CAMPO FINO,Emb. 0.2 KG,"0,99€","4,95€ / KG",
Cappuccino,PLANTATION,Emb. 16 CAPS.,"2,44€","0,15€ / CAPS.",
Iogurte de Pedaços Morango,MIMOSA,Emb. 0.48 KG,"1,49€","3,10€ / KG",
BL1 LED STANDARD 12W-75W E27,FOXTER,Emb. 1 UNID.,"5,19€","5,19€ / UNID.",
COGUMELOS DE PARIS LAMINADOS BIO,,Emb. 0.6 KG,"2,59€","4,32€ / KG",
Muelsi C/ Chocolate Leite,GRAINEA,Emb. 0.5 KG,"2,45€","4,90€ / KG",
Iogurte Sólido Suissinhos Morango Alperce,YOCO,Emb. 0.252 KG,"1,74€","6,90€ / KG",
Água com Gás 6x50cl,VIMEIRO,Emb. 3 LT,"3,18€","1,06€ / LT",
ABRASIVO SANITARIO MARINHO ACTIV EFFECT 750ML,SYPHON,Emb. 0.75 LT,"0,99€","1,32€ / LT",
BOLSA CATALOGO 100UN,ECO+,Emb. 100 UNID.,"1,99€","0,02€ / UNID.",
DETERGENTE MANUAL LOICA ULTRA FRAMBOESA/VINAGRE FRUTOS 500ML,VISIOR,Emb. 0.5 LT,"0,69€","1,38€ / LT",
Alimento Perle Húmido P/ Gato C/ Molho Salmão e Atum 4x85g,PURINA,Emb. 0.34 KG,"3,48€","10,24€ / KG",
AIRWICK AMBIENTADOR RECARGA WHITE BOUQUET,AIRWICK,Emb. 0.02 LT,"4,79€","239,50€ / LT",
ALIMENT BEBE: SOBREMESA LACTEA DE FRAMBOESA +6M  4X100G,BIO VILLAGE BEBE,Emb. 0.4 KG,"2,59€","6,48€ / KG",
LIMPA VIDROS AUTO 1 L 1L TECH9,TECH9,Emb. 1 LT,"1,19€","1,19€ / LT",
Body Lotion Refirmante em 2 Semanas Q10,NIVEA,Emb. 0.25 LT,"4,99€","19,96€ / LT",
Sabonete Líquido Nutritivo Recarga,PALMOLIVE,Emb. 0.3 LT,"2,78€","9,27€ / LT",
Água Micelar Peles Sensíveis,BIOTEN,Emb. 0.1 LT,"3,18€","31,80€ / LT",
Café Delta Moido Máquina Lote Chávena,DELTA,Emb. 0.25 KG,"2,29€","9,16€ / KG",
Chá Verde e Limão Light,TISANA,Garrafa 1.5 LT,"1,49€","0,99€ / LT",
Pevide de Abóbora C/ Casca C/ Sal,MARQUE REPERE,Emb. 0.2 KG,"1,90€","9,50€ / KG",
Discos Activos Gel WC Marine,PATO,Emb. 0.036 LT,"3,57€","99,17€ / LT",
FAIRY MAO ULTRA PODER LIMAO 600ML,,Emb. 0.6 LT,"2,04€","3,40€ / LT",
Seleção de Frutos Secos,MARQUE REPERE,Emb. 0.2 KG,"2,99€","14,95€ / KG",
PAPEL VEGETAL 8 MT,ELEMBAL,Emb. 8 MT,"0,97€","0,12€ / MT",
Avelã com Casca,,1 Unid. = 0.5 KG (aprox.),"8,99€/kg","4,50€ / Unid.",
Tomate Pelado,GULOSO,Emb. 0.39 KG,"1,07€","2,74€ / KG",
Limpa Móveis Spray Lavanda,PRONTO,Emb. 0.3 LT,"4,38€","14,60€ / LT",
Refrigerante C/ Gás Cola Zero 6 Unid.,JEAN'S,Lata 1.98 LT,"2,79€","1,41€ / LT",
MISTURA EXOTICA,TOKAPI,Emb. 0.12 KG,"1,09€","9,08€ / KG",
Laca Cabelos Normais,ELNETT,Emb. 0.3 LT,"5,98€","19,93€ / LT",
Couve Roxa,,1 Unid. = 1 KG (aprox.),"1,59€/kg","1,59€ / Unid.",
Pantene Cuidado Clássico Champô,PANTENE PV,Emb. 0.25 LT,"3,98€","15,92€ / LT",
MINI BISCOITOS COM COBERTURA DE CHOCOLATE DE LEITE,P'TIT DÉLI,Emb. 0.16 KG,"1,49€","9,31€ / KG",
VINAGRE LIMPEZA LIMAO,CLAIR,Emb. 1 LT,"0,79€","0,79€ / LT",
ALGODAO DESMAQUILHANTE BOLAS,INELL,Emb. 100 UNID.,"0,79€","0,01€ / UNID.",
Bombay Dry Gin Original,BOMBAY,Garrafa 0.7 LT,"16,48€","23,54€ / LT",
Alcachofra,,1 Unid. = 0.34 KG (aprox.),"3,99€/kg","1,36€ / Unid.",
CREME GORDO 1L,INELL,Emb. 1 LT,"12,99€","12,99€ / LT",
Espumante Asti,MARTINI,Garrafa 0.75 LT,"8,98€","11,97€ / LT",
Brandy,1920,Garrafa 0.7 LT,"11,48€","16,40€ / LT",
Couscous Semi Integrais,,Emb. 0.5 KG,"1,59€","3,18€ / KG",
Vinho Regional Dão Branco,GRÃO VASCO,Garrafa 0.75 LT,"3,98€","5,31€ / LT",
5 em 1 Glade Vanilla,BRISE,Spray 0.3 LT,"1,54€","5,13€ / LT",
Fermento de Padeiro 6x5g,TABLIER BLANC,Emb. 0.03 KG,"1,29€","43,00€ / KG",
Batatas Fritas Lisas,POM'LISSE,Emb. 0.2 KG,"1,19€","5,95€ / KG",
Vinho Rosé Frisante,MONTARRO,Garrafa 0.75 LT,"1,78€","2,37€ / LT",
Batom Corretivo 004,RIMMEL,Emb. 1 UNID.,"8,48€","8,48€ / UNID.",
PILHAS ALCALINAS LR03 TECH+,FOXTER,Emb. 4 UNID.,"1,99€","0,50€ / UNID.",
BOLA FUTEBOL T5,WOODSUN,Emb. 1 UNID.,"4,99€","4,99€ / UNID.",
Bolachas Cobertas de Chocolate de Leite,P'TIT DÉLI,Emb. 0.2 KG,"1,09€","5,45€ / KG",
Água de Nascente S/ Gás,ECO+,Garrafa 1.5 LT,"0,28€","0,19€ / LT",
Sumo de Uva,ECO+,Emb. 1 LT,"0,99€","0,99€ / LT",
Laca Cabelo Diamond Gloss Care 4,NIVEA,Spray 0.25 LT,"4,18€","16,72€ / LT",
Torta com Cobertura Cacau e Recheio de Leite,DAN CAKE,Emb. 0.3 KG,"2,19€","7,30€ / KG",
Amêijoa Japonesa,,1 Unid. = 1 KG (aprox.),"12,98€/kg","12,98€ / Unid.",
Conserva de Salsichas Hot Dog 4 Unid.,IZIDORO,Frasco 0.25 KG,"2,19€","8,76€ / KG",
Papel Higiénico Cuidado Completo Original 3 em 1,SCOTTEX,Emb. 16 UNID.,"4,48€","0,28€ / UNID.",
Gotas de Chocolate,,Emb. 0.3 KG,"1,69€","5,63€ / KG",
Coloração 1-0 PRETO 16X3,SYOSS,,"4,99€",/ Unid.,
Presunto Fatiado 2x75g,DAMATTA,Emb. 0.15 KG,"3,89€","25,93€ / KG",
Máquinas de Barbear Descartáveis Blue II,GILLETTE,Emb. 6 UNID.,"2,98€","0,50€ / UNID.",
Conserva de Feijão Manteigado Cozido Da Horta,COMPAL,Emb. 0.42 KG,"1,27€","3,02€ / KG",
Cereais C/ Aveia e Maçã,NESTUM,Emb. 0.25 KG,"2,19€","8,76€ / KG",
Conserva de Salsichas Bockwurst 5 Unid.,CÔTÉ TABLE,Frasco 0.25 KG,"1,49€","5,96€ / KG",
Cereais de Chocolate C/ Pepitas,COOKIE CRISP,Emb. 0.375 KG,"2,92€","7,79€ / KG",
Tomate Triturado 390 g,TURINI,Lata 0.5 KG,"0,59€","1,18€ / KG",
Fiambre da Pá Fatiado,,Emb. 0.2 KG,"1,38€","6,90€ / KG",
Desodorizante Bergamota e Pimenta Rosa Spray,AXE,Emb. 0.15 LT,"3,29€","21,93€ / LT",
Esfregão Salva Unhas Classic Comfort,SCOTCH BRITE,Emb. 2 UNID.,"1,82€","0,91€ / UNID.",
Desodorizante Spray Mulher Biorythm,REXONA,Emb. 0.15 LT,"2,39€","15,93€ / LT",
Costeletas de Borrego,,1 Unid. = 0.5 KG (aprox.),"12,99€/kg","6,50€ / Unid.",
Amaciador total repair 5,ELVIVE,Emb. 0.69 LT,"9,98€","14,46€ / LT",
Fiambre Peito de peru,,1 Unid. = 0.12 KG (aprox.),"12,98€/kg","1,56€ / Unid.",
Caldo de Galinha sem Sal Pack 8,KNORR,Emb. 0.072 KG,"1,49€","20,69€ / KG",
Pão Especial Campagnard Fatiado sem Glúten,CHAQUE JOUR SANS GLUTEN,Emb. 0.4 KG,"2,99€","7,48€ / KG",
EMPADAO DE CARNE PICADA,CÔTÉ TABLE,Emb. 0.35 KG,"2,29€","6,54€ / KG",
Creme Limpeza para Placas de Vitrocerâmica,VITROCLEN,Emb. 0.45 LT,"5,99€","13,31€ / LT",
Linguine,TRADIZIONI D'ITALIA,Emb. 0.5 KG,"1,49€","2,98€ / KG",
Cápsulas Café Latte Macchiato Caramelo,DOLCE GUSTO,Emb. 16 CAPS.,"5,98€","0,37€ / CAPS.",
MASSA QUEBRADA BIO,,Emb. 0.23 KG,"0,99€","4,30€ / KG",
Cenourinhas Extra Finas,NOTRE JARDIN,Emb. 0.4 KG,"0,99€","2,48€ / KG",
Refrigerante sem Gás Laranja Maracujá,FRUTIS,Emb. 1.5 LT,"1,15€","0,77€ / LT",
LUVAS ROSEIRAS S ROSA,BEAUX JOURS,Emb. 1 UNID.,"1,25€","1,25€ / UNID.",
Pastilha Elástica Senses Berry Party,TRIDENT,Emb. 0.023 KG,"0,89€","38,70€ / KG",
Alimento Seco P/ Gato Controlo Bolas De Pelo,FRISKIES,Emb. 1.5 KG,"6,98€","4,65€ / KG",
Gengibre moído,MARGÃO,Emb. 0.022 KG,"1,49€","67,73€ / KG",
Perca do Nilo,,1 Unid. = 3.35 KG (aprox.),"8,99€/kg","30,12€ / Unid.",
Água C/ Gás 6 Unid.,SAINT DIERY,Emb. 3 LT,"1,99€","0,66€ / LT",
Água com Gás 6x25cl,VIMEIRO,Emb. 1.5 LT,"2,74€","1,83€ / LT",
Café Moagem Universal Angola,DELTA,Emb. 0.22 KG,"3,67€","16,68€ / KG",
Gomas Aromatizadas Frita Vários Sabores,COPAÍNS COPINES,Emb. 0.275 KG,"1,39€","5,05€ / KG",
Refrigerante C/ Gás Zero Cafeína Zero Açúcar,COCA COLA ZERO,Emb. 1.75 LT,"1,84€","1,05€ / LT",
CALDEIRADA DE PEIXE,PÊCHE OCÉAN,Emb. 0.9 KG,"4,99€","5,54€ / KG",
Empadão de Carne,CÔTÉ TABLE,Emb. 0.3 KG,"2,89€","9,63€ / KG",
Iogurte Bifidus Sólido Natural S/ Lactose,ACTIVIA,Emb. 0.12 KG,"2,19€","18,25€ / KG",
GRESSINOS AZEITE ROSMANINHO,TOKAPI,Emb. 0.125 KG,"1,24€","9,92€ / KG",
Massa Cotovelos sem Glúten,CHAQUE JOUR SANS GLUTEN,Emb. 0.4 KG,"1,69€","4,23€ / KG",
PENSOS HIGIENICOS U.FINOS C/ABAS SUPER+ 12UN,DOULYS,Emb. 12 UNID.,"1,29€","0,11€ / UNID.",
Condicionador Protecção do Calor,TRESEMMÉ,Emb. 0.2 LT,"5,39€","26,95€ / LT",
Forma Aniversário,ECO+,Emb. 1 UNID.,"3,99€","3,99€ / UNID.",
Kiwi Gold,,1 Unid. = 0.4 KG  (aprox.),"5,99€/kg","2,40€ / Unid.",
COGUMELO FERBAR INTEIRO 185G,FERBAR,Emb. 0.185 KG,"0,96€","5,19€ / KG",
Arroz Basmati Himalaia,SALUDÃES,Emb. 1 KG,"2,24€","2,24€ / KG",
Champô Cabelos Normais Fructis 2 em 1,GARNIER,Emb. 0.25 LT,"3,98€","15,92€ / LT",
Café Solúvel Descafeinado Clássico,NESCAFÉ,Emb. 10 UNID.,"1,68€","0,17€ / UNID.",
Sobremesa de Soja Pêssego,NAT&VIE,Emb. 0.4 KG,"1,40€","3,50€ / KG",
Molho Piripíri Extraforte,RUSTICA,Emb. 0.21 KG,"0,59€","2,81€ / KG",
Alimento Húmido P/ Gato Salmão Atum Legumes,PURINA FRISKIES,Emb. 0.4 KG,"1,68€","4,20€ / KG",
BOLO REDONDO CENOURA,,Emb. 0.5 KG,"3,99€","7,98€ / KG",
Vaselina Jelly Baby,VASELINE,Emb. 0.1 LT,"1,49€","14,90€ / LT",
Palitos Salgados,ECO+,Emb. 0.25 KG,"0,79€","3,16€ / KG",
Batatas Pré-Fritas Congeladas,POM'LISSE,Emb. 2.5 KG,"4,49€","1,80€ / KG",
Orelha de Porco,,1 Unid. = 1 KG (aprox.),"4,99€/kg","4,99€ / Unid.",
ALIMENT BEBE: PURE ERVILHAS BIO +4M  2X120G,BIO VILLAGE BEBE,Emb. 0.24 KG,"1,59€","6,63€ / KG",
Palmier Coberto,,1 UNID.,"0,89€","0,89€ / UNID.",
Rolo Cozinha Compacto XXL,MARQUE REPERE,Emb. 1 UNID.,"0,99€","0,99€ / UNID.",
Mini Barras de Chocolate com Recheio de Leite 16Unid.,COPAÍNS COPINES,Emb. 0.2 KG,"1,79€","8,95€ / KG",
SOBREMESA CREME CHOCOLATE/AVELA,DÉLISSE,Emb. 0.5 KG,"1,59€","3,18€ / KG",
SAL DE MESA,ECO+,Emb. 0.25 KG,"0,29€","1,16€ / KG",
Água Micelar,BIOTEN,Emb. 0.4 LT,"3,94€","9,85€ / LT",
STICK ESPIRAIS BOVINO 4UN,TOUS MES AMIS,Emb. 4 UNID.,"1,49€","0,37€ / UNID.",
Maçã Royal Gala Cal. 75/80,,1 Unid. = 0.2 KG (aprox.),"2,19€/kg","0,44€ / Unid.",
Alimento para peixe lago,TETRA,Emb. 1,"5,78€","5,78€ /",
Axe Collision Gel de Banho Leather & Cookies,AXE,Emb. 0.4 LT,"3,29€","8,23€ / LT",
Barra de Cereais com Chocolate Preto e Amendoim,ECO+,Emb. 6 UNID.,"0,99€","0,17€ / UNID.",
Chocolate em pó P/ Leite,NESTLÉ,Emb. 0.39 KG,"3,14€","8,05€ / KG",
Água S/ Gás,ECO+,Garrafa 0.5 LT,"0,15€","0,30€ / LT",
Peito Frango Forno Lenha Fatiado,CAMPOFRIO,Emb. 0.12 KG,"2,68€","22,33€ / KG",
Sidra com Álcool Blackberry 4x33cl,SOMERSBY,Emb. 1.32 LT,"3,99€","3,02€ / LT",
Escovas Júnior,AQUAFRESH,Emb. 1 UNID.,"2,33€","2,33€ / UNID.",
CEREAIS BOLINHAS DE CHOCOLATE,ECO+,Emb. 0.75 KG,"2,49€","3,32€ / KG",
Marmelada,FERBAR,Emb. 0.4 KG,"1,98€","4,95€ / KG",
Papel Higiénico,MARQUE REPERE,Emb. 48 UNID.,"8,49€","0,18€ / UNID.",
Massa Letras,MILANEZA,Emb. 0.25 KG,"0,72€","2,88€ / KG",
Sumo 100% Ananás Biológico,,Emb. 1 LT,"3,29€","3,29€ / LT",
TOSTAS CROCANTES COM CEREAIS,EPI D'OR,Emb. 0.25 KG,"1,19€","4,76€ / KG",
FAIRY ROSA E CETIM 650ML,,Emb. 0.65 LT,"1,94€","2,98€ / LT",
CARIL DE CAMARAO,CÔTÉ TABLE,Emb. 0.3 KG,"3,59€","11,97€ / KG",
Cone Baunilha,TRIUM,Emb. 6 UNID.,"3,49€","0,58€ / UNID.",
Alimento P/ Bebé Frutas Variadas +6 meses 4 Unid.,NESTLÉ BEBÉ,Emb. 0.4 KG,"2,39€","5,98€ / KG",
QUEIJO ROQUEFORT DOP,NOS RÉGIONS ONT DU TALENT,Emb. 0.15 KG,"2,69€","17,93€ / KG",
Azeite Clássico,OLIVEIRA DA SERRA,Emb. 3 LT,"17,98€","5,99€ / LT",
Caramelo Líquido,TABLIER BLANC,Emb. 0.4 KG,"1,39€","3,48€ / KG",
PATE DE FIGADO DE AVES C/ VINHO DO PORTO,CÔTÉ TABLE,Emb. 0.18 KG,"1,39€","7,72€ / KG",
Queijo de Vaca Meio Gordo Fonte Mourisca,LACTO SERRA,1 Unid. = 0.25 KG (aprox.),"8,99€/kg","2,25€ / Unid.",
Queijo Ovale Double Crème,ECO+,Emb. 0.3 KG,"2,39€","7,97€ / KG",
Água sem Gás 6x50cl,LUSO,Emb. 3 LT,"2,73€","0,91€ / LT",
Atum em Posta Azeite,BOM PETISCO,Emb. 0.385 KG,"4,24€","11,01€ / KG",
Cápsulas Café Ristretto Barista,DOLCE GUSTO,Emb. 30 CAPS.,"10,98€","0,37€ / CAPS.",
Paté de Atum,PÊCHE OCÉAN,Emb. 0.065 KG,"0,59€","9,08€ / KG",
Vinho Regional Alentejano Tinto,CONVENTUAL,Garrafa 0.75 LT,"4,29€","5,72€ / LT",
Cebola,,1 Unid. = 1 KG  (aprox.),"0,99€/kg","0,99€ / Unid.",
PURE MACA/PERA SEM ADICAO ACUCAR BISNAGA,DOUCEUR DU VERGER,Emb. 0.36 KG,"1,79€","4,97€ / KG",
Papel Higiénico 2 Folhas Super,RENOVA,Emb. 48 ROLOS,"14,58€","0,30€ / ROLOS",
Bolachas Crackers Integral,DU BOIS DE LA ROCHE,Emb. 0.5 KG,"3,08€","6,16€ / KG",
Gel de Banho Active Clean,NIVEA MEN,Emb. 0.5 LT,"6,98€","13,96€ / LT",
Vinho Regional Alentejo Branco,MONSARAZ,Garrafa 0.75 LT,"2,98€","3,97€ / LT",
Cereais Aveia e Morango,NESTUM,Emb. 0.25 KG,"2,17€","8,68€ / KG",
Chamuças de Carne,,Emb. 4 UNID.,"1,99€","0,50€ / UNID.",
Pães de Leite com Pepitas Chocolate de Leite 10 Unid.,EPI D'OR,Emb. 0.35 KG,"1,99€","5,69€ / KG",
PINCEIS Nº 8/10/12,ESQUISSE,Emb. 3 UNID.,"0,69€","0,23€ / UNID.",
Queijo Curado Apimentado Alavão,SALOIO,1 Unid. = 1.492 KG (aprox.),"7,93€/kg","11,83€ / Unid.",
Snacks para Gato de Salmão,CATISFACTIONS,Emb. 0.06 KG,"1,88€","31,33€ / KG",
Cream Cracker Pimenta Preta,VIEIRA,Emb. 0.2 KG,"1,38€","6,90€ / KG",
TRAVESSA + NAPERON N 7L,,Emb. 1 UNID.,"1,09€","1,09€ / UNID.",
Espuma Caracóis Naturais,PANTENE,Emb. 0.2 LT,"3,74€","18,70€ / LT",
PREPARADO PARA LEITE CREME,DÉLISSE,Emb. 0.4 KG,"2,99€","7,48€ / KG",
Lombo Salmão Atlântico Bio,,Emb. 0.2 KG,"10,40€","52,00€ / KG",
AIRWICK STICKS DELICIAS V,AIRWICK,Emb. 1 UNID.,"7,19€","7,19€ / UNID.",
Cerveja com Álcool 6x33cl,SUPER BOCK,Emb. 1.98 LT,"4,48€","2,26€ / LT",
Batatas Fritas Lay\'s Gourmet,LAY'S,Emb. 0.17 KG,"2,29€","13,47€ / KG",
Lima,,1 Unid. = 0.08 KG (aprox.),"4,99€/kg","0,40€ / Unid.",
Doce de Mirtilos Biológico,,Emb. 0.375 KG,"2,65€","7,07€ / KG",
Lápis Carpintaria,ECO+,Emb. 12 UNID.,"1,52€","0,13€ / UNID.",
Vodka Branca,NOVOTNA,Garrafa 0.7 LT,"8,49€","12,13€ / LT",
PETIT GATEAU CHOCOLATE 4UN,TROFIC,Emb. 0.5 KG,"2,79€","5,58€ / KG",
Jardineira de 3 Legumes,,Emb. 0.4 KG,"0,69€","1,73€ / KG",
Açúcar Amarelo,SORES,Emb. 1 KG,"1,69€","1,69€ / KG",
Queijo Emmental Francês Ralado,LES CROISÉS,Emb. 0.1 KG,"1,05€","10,50€ / KG",
Leite Magro com Coco sem Lactose,MIMOSA,Emb. 1 LT,"1,49€","1,49€ / LT",
PEPITAS DE CHOCOLATE BIO,,Emb. 0.1 KG,"2,39€","23,90€ / KG",
WC Frescura Continua,NEO BLANC,Emb. 2 UNID.,"4,19€","2,10€ / UNID.",
Pensos Higiénicos Aloe Vera,CAREFREE,Emb. 56 UNID.,"4,48€","0,08€ / UNID.",
Iogurte Bolacha 4 Unid.,IOGOLINO,Emb. 0.4 KG,"2,79€","6,98€ / KG",
Batatas Fritas Light,LAY'S,Emb. 0.14 KG,"1,77€","12,64€ / KG",
Bolachas Cream Cracker Nova Receita,VIEIRA,Emb. 0.2 KG,"1,18€","5,90€ / KG",
Ketchup Redução de Sal e Açúcar,HEINZ,Emb. 0.55 KG,"3,98€","7,24€ / KG",
Puré de Batata em Flocos 4x125g,,Emb. 0.5 UNID.,"1,39€","2,78€ / UNID.",
Fraldas de Incontinência Plus Tam. G,LINDOR,Emb. 14 UNID.,"16,98€","1,21€ / UNID.",
LIXIVIA TRADICIONAL,ECO+,Emb. 4 LT,"1,49€","0,37€ / LT",
Arroz Carolino,BOM SUCESSO,Emb. 1 KG,"1,15€","1,15€ / KG",
CREME PENTEAR P/ CABELO E BARBA 75ML,CARRÉ HOMME,,"2,44€",/ Unid.,
SORVETE TANGERINA,TROFIC,Emb. 1 LT,"1,79€","1,79€ / LT",
Chá de Frutos Vermelhos,TETLEY,Emb. 10 SAQ.,"1,12€","0,11€ / SAQ.",
Aerossol Lavanda,BRISE,Emb. 0.3 LT,"1,54€","5,13€ / LT",
Puré de Batata 3x97g,KNORR,Emb. 0.097 KG,"3,47€","35,77€ / KG",
"LAPISEIRA 0,7MM+12MINAS+2BORRACHAS",ESQUISSE,Emb. 1 UNID.,"0,99€","0,99€ / UNID.",
Ervilhas Ultracongeladas,IGLO,Emb. 0.7 KG,"3,98€","5,69€ / KG",
Queijo Pointe de Brie,LES CROISÉS,Emb. 0.2 KG,"1,79€","8,95€ / KG",
Refrigerante S/ Gás Limão,AQUARIUS,Garrafa 1.5 LT,"1,99€","1,33€ / LT",
Perna para Assar de Porco,,1 Unid. = 1 KG (aprox.),"3,49€/kg","3,49€ / Unid.",
FRALDAS BEBE T4 DOUCEUR 7/18 KG 74UN,MOTS D'ENFANTS,Emb. 74 UNID.,"10,98€","0,15€ / UNID.",
Hamburgers de Vaca sem Glúten Ultracongelado,CAPITÃO IGLO,Emb. 0.32 KG,"3,99€","12,47€ / KG",
Espumante de Melão,BAR ROYAL,Garrafa 0.75 LT,"3,98€","5,31€ / LT",
Queijo Fatiado -50% Gordura,LIMIANO,Emb. 0.2 KG,"2,48€","12,40€ / KG",
Chá de Camomila,TETLEY,Emb. 10 UNID.,"0,84€","0,08€ / UNID.",
Café Torrado Expresso Moído,PLANTATION,Emb. 0.25 KG,"1,69€","6,76€ / KG",
"AZEITONA OXIDADA,FRC,210G QAMPO",,0.21 KG,"1,39€","6,62€ / KG",
LAVA TUDO AMONIACAL,CLAIR,Emb. 2 LT,"0,69€","0,35€ / LT",
Sriracha,PALADIN,Emb. 0.25 LT,"2,68€","10,72€ / LT",
Néctar de Laranja,UM BONGO,Emb. 1 LT,"1,38€","1,38€ / LT",
Desodorizante Roll-On Double Invisible,VASELINE,Emb. 0.05 LT,"2,09€","41,80€ / LT",
SPRAY CASA BANHO,CIF,Emb. 0.75 LT,"2,49€","3,32€ / LT",
Queijo Coulommiers,LES CROISÉS,Emb. 0.35 KG,"2,59€","7,40€ / KG",
Creme Revitalift Dia,DERMO EXPERTISE,Emb. 0.03 LT,"16,98€","566,00€ / LT",
Cápsulas Café Verona P/ Nespresso,STARBUCKS,Emb. 10 CAPS.,"4,49€","0,45€ / CAPS.",
Chipicao Mini Croissant Pack Creme de Cacau,CHIPICAO,Emb. 0.199 KG,"2,37€","11,91€ / KG",
Preservativos Finíssimos,CONTROL,Emb. 12 UNID.,"6,99€","0,58€ / UNID.",
FAIRY MAO NATURALS BERGAMOTA 650ML,,Emb. 0.65 LT,"2,04€","3,14€ / LT",
QUEIJO RALADO 3QJ,LES CROISÉS,Emb. 0.2 KG,"1,99€","9,95€ / KG",
Refrigerante C/ Gás Cola,JEAN'S,Garrafa 1.5 LT,"1,09€","0,73€ / LT",
Ervilhas Primavera Ultracongelado,IGLO,Emb. 0.5 KG,"3,09€","6,18€ / KG",
Iogurte Líquido Morango 8 Unid.,YOGGI,Emb. 1.28 KG,"3,94€","3,08€ / KG",
Água sem Gás 6x50cl,SERRA DA ESTRELA,Emb. 3 LT  (aprox.),"1,98€","0,66€ / LT",
Bolo Cake e Choc,MILKA,Emb. 0.175 KG,"2,59€","14,80€ / KG",
Atum Posta Azeite,BOM PETISCO,Emb. 0.2 KG,"2,39€","11,95€ / KG",
Molho Picante,TABASCO,Emb. 0.06 L,"2,99€","49,83€ / L",
Arroz Carolino,,Emb. 1 KG,"0,99€","0,99€ / KG",
Conserva de Salsichas Frankfurt 10 Unid.,NOBRE,Lata 0.25 KG,"1,34€","5,36€ / KG",
"CANETA PRETO 0,7MM",ESQUISSE,Emb. 4 UNID.,"0,99€","0,25€ / UNID.",
Queijo Bola Flamengo,PRIMOR,Emb. 1.1 KG (aprox.),"6,98€/kg","7,68€ / Unid.",
Espumante Bairrada,SÃO DOMINGOS,Emb. 0.75 LT,"8,18€","10,91€ / LT",
Cereais Granola de Aveia Chocolate,FITNESS,Emb. 0.3 KG,"2,79€","9,30€ / KG",
Ambientador Difusor Essential Mist Citrus,AIR WICK,Emb. 1 UNID.,"13,19€","13,19€ / UNID.",
Fraldas Bebé T4 ACTIV+ 7/18 Kg,MOTS D'ENFANTS,Emb. 39 UNID.,"7,99€","0,20€ / UNID.",
Vinho Verde Branco,VIA LATINA,Garrafa 0.75 LT,"2,22€","2,96€ / LT",
Pêssego Vermelho,,1 Unid. = 0.17 KG (aprox.),"2,99€/kg","0,51€ / Unid.",
Ice Tea Pêssego,NESTEA,Garrafa 1.5 LT,"1,00€","0,67€ / LT",
PIRI SACANA C/CANNABIS,PALADIN,Emb. 0.075 LT,"3,08€","41,07€ / LT",
Ervilhas e Cenouras Extra Finas,NOTRE JARDIN,Emb. 0.4 KG,"1,29€","3,23€ / KG",
Escova Dentes Extra Interdental Média,AQUAFRESH,Emb. 1 UNID.,"3,18€","3,18€ / UNID.",
Alho C/ Moinho,MARGÃO,Emb. 0.028 KG,"3,98€","142,14€ / KG",
Mad Chip Alho e Evas,CALVÉ,Emb. 0.26 KG,"2,19€","8,42€ / KG",
FIO DENTARIO COM FLUOR E MENTOL,DENTAMYL,Emb. 50 M,"1,25€","0,03€ / M",
Máquinas de Barbear Descartáves Sensor 3 Comfort,GILLETTE,Emb. 5,"7,98€","1,60€ /",
Conserva de Azeitona Verde Gordal,RUSTICA,Emb. 0.5 KG,"2,32€","4,64€ / KG",
DETERGENTE EM PO ATIVOS VEGETAIS 50D,XÉOR,,"5,69€",/ Unid.,
Gomas Bananas,COPAÍNS COPINES,Emb. 0.2 KG,"0,99€","4,95€ / KG",
Conserva de Atum em Posta Natural,PÊCHE OCÉAN,Emb. 0.12 KG,"0,99€","8,25€ / KG",
Fiambre da Perna Extra Cuida-T,NOBRE,1 Unid. = 0.12 KG (aprox.),"10,49€/kg","1,26€ / Unid.",
Néctar Clássico 100% Maçã,COMPAL,Emb. 0.33 LT,"0,78€","2,36€ / LT",
QUEIJO MOZZARELLA RALADO 22% MG,LES CROISÉS,Emb. 0.15 KG,"1,46€","9,73€ / KG",
Bolachas com Cobertura Chocolate Preto,P'TIT DÉLI,Emb. 0.2 KG,"1,09€","5,45€ / KG",
PATE RICO CARNE/PEIXE C/LEGUMES P/ GATO 4X100G 4X100G LYCAT,LYCAT,Emb. 4 UNID.,"1,59€","0,40€ / UNID.",
Recheio P/ BOUCHEES A LA REINE,CÔTÉ TABLE,Emb. 4 KG,"1,69€","0,42€ / KG",
Delícias do Mar Sabor a Caranguejo,,Emb. 0.4 KG,"2,25€","5,63€ / KG",
Saboneteira Branco,SILLAGE,Emb. 1 UNID.,"1,42€","1,42€ / UNID.",
Refrigerante C/ Gás Limão,ECO+,Emb. 2 LT,"0,79€","0,40€ / LT",
Red Fish Grande Congelado,,1 Unid. = 0.5 KG (aprox.),"4,99€/kg","2,50€ / Unid.",
Alimento Seco P/ Cão -10Kg Frango e Arroz,PURINA,Emb. 3 KG,"15,98€","5,33€ / KG",
MOLHO DE COGUMELOS DESIDRATADO,RUSTICA,Emb. 0.027 KG,"0,69€","25,56€ / KG",
MASSA FOLHADA,TABLIER BLANC,Emb. 0.23 KG,"1,19€","5,17€ / KG",
Guardanapos 2 Folhas,MARQUE REPERE,Emb. 100 UNID.,"1,29€","0,01€ / UNID.",
Bálsamo Lábios Rosy,VASELINE,Emb. 0.017 KG,"2,98€","175,29€ / KG",
Cogumelo Pleurotus,,Emb. 0.25 KG,"2,09€","8,36€ / KG",
Alimento Seco P/  Gato Júnior Frango e Leite,PURINA FRISKIES,Emb. 1.5 KG,"5,51€","3,67€ / KG",
10 ESPETOS INOX,BEAUX JOURS,Emb. 10 UNID.,"3,89€","0,39€ / UNID.",
Noz C/ Casca,MARQUE REPERE,Emb. 0.5 KG,"3,19€","6,38€ / KG",
Penso Incontinência Discreet Normal,AUSONIA,Emb. 12 UNID.,"2,98€","0,25€ / UNID.",
Cerveja com Álcool Mini 20x25cl,SAGRES,Emb. 5 LT,"8,99€","1,80€ / LT",
Proteção Contra o Calcário e a Sujidade,CALGON,Emb. 1.5 LT,"11,99€","7,99€ / LT",
RECARGA MICROF.BALDE COM PEDAL,VILEDA,,"7,48€",/ Unid.,
Salsichão com Alho Fumado,TRADILÈGE,Emb. 0.3 KG,"2,69€","8,97€ / KG",
Papel Higiénico Extra XXL 2 Folhas,RENOVA,Emb. 24 ROLOS,"15,78€","0,66€ / ROLOS",
Bacalhau Seleção Graúdo Noruega Asa Preta,,1 Unid. = 2.5 KG (aprox.),"13,99€/kg","34,98€ / Unid.",
Champô Cabelo Ultra Suave Óleo de Abacate e Manteiga de Carité,GARNIER,Emb. 0.4 LT,"5,58€","13,95€ / LT",
Pensos Higiénicos Ultra Finos,ECO+,,"0,95€",/ Unid.,
Ambientador bougie edition,AIR WICK,Emb. 0.105 LT,"4,98€","47,43€ / LT",
Bife Pojadouro de Novilho,,1 Unid. = 0.25 KG (aprox.),"9,99€/kg","2,50€ / Unid.",
Spray Ultra Desembaraçante,CORINE DE FARME,Emb. 0.15 LT,"1,99€","13,27€ / LT",
Cerveja com Álcool Abadia 6x33cl,SUPER BOCK,Emb. 1.98 LT,"4,49€","2,27€ / LT",
Molho Piri Piri Sacana,PALADIN,Emb. 0.5 LT,"2,49€","4,98€ / LT",
CREME Q10 DIA 50ML,INELL,Emb. 0.05 LT,"2,98€","59,60€ / LT",
Bloco Sanitário 3 em 1 Atlantic,DOMESTOS,Emb. 0.04 KG,"1,19€","29,75€ / KG",
Óleo de noite Reparador Bio Cânhamo,GARNIER,Emb. 0.03 LT,"14,98€","499,33€ / LT",
ARROZ DOCE SABOR BAUNILHA,ECO+,Emb. 0.2 KG,"0,54€","2,70€ / KG",
PASTILHAS PARA MAQUINA LAVA LOICA TUDO EM 1,UNÍ VERT,Emb. 30 UNID.,"2,99€","0,10€ / UNID.",
Ambientador com Recarga White Bouquet,AIRWICK,Emb. 0.25 LT,"7,19€","28,76€ / LT",
CHAMPO PARA ANIMAIS PERFUMADO,P'TIT AMI,Emb. 0.5 LT,"2,59€","5,18€ / LT",
Café Moagem Universal Timor,DELTA,Emb. 0.22 KG,"3,67€","16,68€ / KG",
QUEIJO MOZZARELLA RALADO,QUEIJO NA TÁBUA,Emb. 0.2 KG,"1,69€","8,45€ / KG",
Aditivo para Roupa Gel Anti-Calcário 2 em1,CALGON,Emb. 0.75 LT,"6,99€","9,32€ / LT",
Conserva de Azeitona Mista Galega,RUSTICA,Emb. 0.3 KG,"2,65€","8,83€ / KG",
LUVAS JARDINAGEM L CINZA,BEAUX JOURS,Emb. 1 UNID.,"1,99€","1,99€ / UNID.",
Leite P/ Lactentes 1,NAN,Emb. 0.8 KG,"15,98€","19,98€ / KG",
Brioche Fatiado,EPI D'OR,Emb. 0.5 KG,"2,59€","5,18€ / KG",
Conserva Cassoulet de Porco,CÔTÉ TABLE,Lata 0.84 KG,"2,54€","3,02€ / KG",
Massa Instantânea de Carne Pot,KOALA,Emb. 0.065 KG,"1,15€","17,69€ / KG",
"MAQUINA CAFE FILTRO 1,25L 1000W",ELSAY,Emb. 1 UNID.,"19,90€","19,90€ / UNID.",
Feijão Verde Muito Fino Ultracongelado,NOTRE JARDIN,Emb. 1 KG,"1,59€","1,59€ / KG",
GRANOLA CHOCOLATE PRETO E AMENDOAS,GRAINEA,Emb. 0.35 KG,"3,13€","8,94€ / KG",
Chá Green Framboesa Romã,LIPTON,Emb. 20 SAQ.,"1,49€","0,07€ / SAQ.",
Garnier Fructis Nutri Caracóis Creme Sem Enxaguar,GARNIER FRUCTIS,Emb. 0.4 LT,"7,98€","19,95€ / LT",
CESTO + 36 MOLAS,HOMESIDE,Emb. 1 UNID.,"3,49€","3,49€ / UNID.",
CORTINA DUCHE 180X200 BRANCO,SILLAGE,Emb. 1 UNID.,"3,49€","3,49€ / UNID.",
Lixívia em Gel Original,DOMESTOS,Emb. 0.75 Lt,"1,79€","2,39€ / Lt",
Detergente Loiça Máquina Pastilhas,,Emb. 50 PAST.,"2,69€","0,05€ / PAST.",
ACUCAR CANA CUBOS,TÉVA,Emb. 1 KG,"2,49€","2,49€ / KG",
Chá de Limão,LIPTON,Emb. 20 SAQ.,"1,74€","0,09€ / SAQ.",
Eau De Toilette Umbro Energy,UMBRO,Emb. 0.03 LT,"6,98€","232,67€ / LT",
Óleo Alimentar,VEGE,Garrafa 1 LT,"3,49€","3,49€ / LT",
Arroz Semi Integral,,Emb. 0.5 KG,"1,59€","3,18€ / KG",
Arroz Agulha,COZINHA VELHA,Emb. 1 KG,"1,19€","1,19€ / KG",
PILHAS ALCALINAS LR20,ECO+,Emb. 4 UNID.,"4,99€","1,25€ / UNID.",
Gelado Classic de Baunilha com Pedaços de Chocolate,MAGNUM,Emb. 0.44 LT,"3,89€","8,84€ / LT",
Alheira,TERRAS DO DEMO,Emb. 0.2 KG,"1,24€","6,20€ / KG",
Alimento Húmido P/ Gato Mixed Grill,FELIX,Emb. 0.06 KG,"1,88€","31,33€ / KG",
Alimento P/ Gato Adulto P/Saúde do Trato Urinário,PURINA ONE,Emb. 0.8,"6,98€","8,73€ /",
PENSOS HIGIENICOS NORMAL C/ ALAS ECOLOGICOS 14UN,UNÍ VERT,Emb. 14 UNID.,"1,55€","0,11€ / UNID.",
Cuecas Incontinência Boutique L,AUSONIA,Emb. 8 UNID.,"11,98€","1,50€ / UNID.",
Detergente para a Roupa 3 em 1 Active Clean,SKIP,Emb. 1.134 KG,"12,49€","11,01€ / KG",
Bicabornato de Sódio,MARGÃO,Emb. 0.06 KG,"0,89€","14,83€ / KG",
Vinho Regional Douro Tinto,TELLUS,Garrafa 0.75 LT,"2,99€","3,99€ / LT",
SORTIDO GOMAS CAIXA PLASTICA,COPAÍNS COPINES,Emb. 0.75 KG,"4,29€","5,72€ / KG",
Ambientador Eléctrico Recarga I Love You,GLADE,Emb. 0.02 LT,"3,59€","179,50€ / LT",
TIRAS GOMAS ACIDAS FUN COLORZ,COPAÍNS COPINES,Emb. 0.2 KG,"1,49€","7,45€ / KG",
DETERGENTE EM GEL CONCENTRADO TUDO EM 1 MAQUINA LOICA 45 LAVAGENS,VISIOR,Emb. 0.9 LT,"4,69€","5,21€ / LT",
RECARGA ESFREGONA MICROFIBRAS FIO AZUL,,Emb. 1 UNID.,"1,99€","1,99€ / UNID.",
GELADO BAUNILHA / NOZ PECAN,ESKISS,Emb. 1 LT,"3,26€","3,26€ / LT",
CONES DE MILHO,TOKAPI,Emb. 0.085 KG,"0,79€","9,29€ / KG",
Nata com Cogumelos,PARMALAT,Emb. 0.2 KG,"1,26€","6,30€ / KG",
ESCOVA DENTES BAMBU MACIA 1UN DENTAMYL,DENTAMYL,,"1,85€",/ Unid.,
Fiambre Superior,TRADILÈGE,Emb. 0.08 KG,"1,69€","21,13€ / KG",
CAPS CAFE COMP C/ DG XL INT9,PLANTATION,,"5,99€",/ Unid.,
MOUSSE DE MANGA CONDI 80G,CONDI,Emb. 0.8 KG,"1,34€","1,68€ / KG",
Creme de Dia Nutritivo Pele Seca Sensível,NIVEA,Emb. 0.05 LT,"5,98€","119,60€ / LT",
Bolachas com Recheio Cereja Cobertura Chocolate,P'TIT DÉLI,Emb. 0.15 KG,"1,19€","7,93€ / KG",
MIOLO DE AMEIJOA ZEBRA,PÊCHE OCÉAN,Emb. 0.25 KG,"2,75€","11,00€ / KG",
Doce Extra de Alperce Biológico,,Emb. 0.37 KG,"2,15€","5,81€ / KG",
Batom Corretivo 103,RIMMEL,Emb. 1 UNID.,"8,48€","8,48€ / UNID.",
Pimenta Preta Moída,RUSTICA,Emb. 0.05 KG,"0,89€","17,80€ / KG",
ESCOVA P/LOICA REDONDA C/CABO,SILLAGE,Emb. 1 UNID.,"0,95€","0,95€ / UNID.",
Vinho Regional Bairrada Tinto,MARQUES DE MARIALVA,Garrafa 0.75 LT,"3,99€","5,32€ / LT",
Mostarda Dijon,MAILLE,Emb. 0.215 KG,"3,89€","18,09€ / KG",
Desodorizante Stick,DOVE,Emb. 0.04 LT,"2,84€","71,00€ / LT",
Abóbora Cortada,,Emb. 0.45 KG,"0,99€","2,20€ / KG",
BROCOLOS ULTRACONGELADOS,NOTRE JARDIN,Emb. 1 KG,"1,89€","1,89€ / KG",
Kit Roll-on Elétrico Cera Pernas e Corpo,VEET,Emb. 0.05 LT,"6,99€","139,80€ / LT",
Cone Baunilha 8x120ml,ECO+,Emb. 8 UNID.,"2,19€","0,27€ / UNID.",
Recarga Esfregona Rotativa,,Emb. 1 UNID.,"2,49€","2,49€ / UNID.",
Saco Congelação C/ Zip Médio,ELEMBAL,Emb. 15 UNID.,"1,69€","0,11€ / UNID.",
Cassoulet C/ Salsichas de Toulouse,CÔTÉ TABLE,Emb. 0.84 KG,"2,99€","3,56€ / KG",
Feno Roedores,TOUS MES AMIS,Emb. 1 KG,"2,29€","2,29€ / KG",
Ração P/ Gato Trato Urinário C/ Frango,ULTIMA,Emb. 0.75 KG,"5,39€","7,19€ / KG",
Bacalhau Crescido Asa Branca,,1 Unid. = 1.6 KG (aprox.),"12,29€/kg","19,66€ / Unid.",
Bebida Energética 6x25cl,X-TENSE,Emb. 1.5 LT,"3,49€","2,33€ / LT",
Aletria,MILANEZA,Emb. 0.5 KG,"1,19€","2,38€ / KG",
Queijo Fatiado -50% Gordura 2X200 g,TERRA NOSTRA,Emb. 0.4 KG,"4,68€","11,70€ / KG",
Vinho Regional Tejo Tinto Reserva,CABEÇA DE TOIRO,Garrafa 0.75 LT,"5,49€","7,32€ / LT",
Café Delta Em Grão Torrado Chávena,DELTA,Emb. 1 KG,"12,58€","12,58€ / KG",
Mini Cones Chocolate e Baunilha,SMICY,Emb. 10 UNID.,"2,28€","0,23€ / UNID.",
Salsichas de Aves 8 Unidades,IZIDORO,Lata 0.2 KG,"1,19€","5,95€ / KG",
PÁ E VASSOURINHA,SILLAGE,Emb. 1 UNID.,"2,32€","2,32€ / UNID.",
"LIQUIDIFICADORA 1,5l 600W",ELSAY,Emb. 1 UNID.,"34,90€","34,90€ / UNID.",
Massa Vinha D\'Alho,RUSTICA,Frasco 0.2 KG,"0,75€","3,75€ / KG",
MOLHO PARA HAMBURGUER,RUSTICA,Emb. 0.255 KG,"1,69€","6,63€ / KG",
Gelatina em Pó Morango 2x85 g,TABLIER BLANC,Emb. 0.17 KG,"0,89€","5,24€ / KG",
Néctar Clássico 100% Laranja,COMPAL,Emb. 1 LT,"1,57€","1,57€ / LT",
Vinho Regional Dão Tinto,CASA DE SANTAR,Garrafa 0.75 LT,"6,99€","9,32€ / LT",
Vinho Regional Península de Setúbal Branco Seco,B.S.E,Garrafa 0.75 LT,"2,99€","3,99€ / LT",
Champô Anti-Queda com Ginseng,LINIC,Emb. 0.36 LT,"4,94€","13,72€ / LT",
Maçã Granny Smith Cal. 75/80,,1 Unid. = 0.17 KG (aprox.),"2,10€/kg","0,36€ / Unid.",
Crepes com Cogumelos,CÔTÉ TABLE,Emb. 6 UNID.,"1,39€","0,23€ / UNID.",
Wafers de Cacau,,Emb. 0.17 KG,"1,19€","7,00€ / KG",
Salsicha Peru,NOBRE,Emb. 0.16 KG,"1,39€","8,69€ / KG",
Película Aderente Flexível e Extra Aderente,VILEDA,Emb. 25 MT,"2,64€","0,11€ / MT",
Amêndoas e Avelãs Torradas Trituradas e Caramelizadas,TABLIER BLANC,Emb. 0.1 KG,"1,99€","19,90€ / KG",
Bolachas com Cobertura Chocolate de Leite,P'TIT DÉLI,Emb. 0.2 KG,"1,09€","5,45€ / KG",
MORANGOS INTEIROS 650G,DOUCEUR DU VERGER,Emb. 0.65 KG,"2,58€","3,97€ / KG",
Néctar Clássico Manga,JAFADEN,Emb. 1 LT,"0,89€","0,89€ / LT",
PREPARADO P/ ARROZ MARISCO,PÊCHE OCÉAN,Emb. 0.4 KG,"3,50€","8,75€ / KG",
Massa Macarrão,ECO+,Emb. 0.5 KG,"0,65€","1,30€ / KG",
Vinho Frisante Rosé,PLEXUS,Garrafa 0.75 LT,"2,19€","2,92€ / LT",
Champô Karité Óleo Côco Cabelos Muito Secos,NATEIS,Emb. 0.25 LT,"1,49€","5,96€ / LT",
Ambientador Vela Baunilha,AIRWICK,Emb. 2 UNID.,"5,69€","2,85€ / UNID.",
Fermento em Pó 6Unid.,TABLIER BLANC,Emb. 0.066 KG,"0,79€","11,97€ / KG",
TAMPAO COMPACTO NORMAL,DOULYS,Emb. 20 UNID.,"2,39€","0,12€ / UNID.",
TAPETE MICROFIBRAS WC CINZA 50X80,SILLAGE,Emb. 1 UNID.,"6,49€","6,49€ / UNID.",
Iogurte Natural com Açúcar de Cana 4x125g,DÉLISSE,Emb. 0.5 KG,"0,75€","1,50€ / KG",
Sumo Maçã,JAFADEN,Emb. 1 LT,"0,99€","0,99€ / LT",
Recarga Pure Flor Cerejeira,AIRWICK,Emb. 1 UNID.,"3,59€","3,59€ / UNID.",
Pá do Lixo c/ Espanador,,Emb. 1 UNID.,"2,00€","2,00€ / UNID.",
Desodorizante Deo Spray Bio-Eficácia 48H Narta,GARNIER,Emb. 0.2 LT,"4,28€","21,40€ / LT",
Pasta Arquivo com Elástico com 12 Divisórias,ESQUISSE,Emb. 1 UNID.,"1,99€","1,99€ / UNID.",
Café Torrado Moído África Ásia e Brasil Moagem Fina,SICAL,Emb. 0.25 KG,"2,39€","9,56€ / KG",
Chá Baunilha e Caramelo,LIPTON,Emb. 20 SAQ.,"1,74€","0,09€ / SAQ.",
Escova Veludo,SILLAGE,Emb. 1 UNID.,"1,27€","1,27€ / UNID.",
Café Solúvel Qualité Filtre,PLANTATION,Frasco 0.1 KG,"1,83€","18,30€ / KG",
Pão de Forma Familiar,EPI D'OR,Emb. 0.8 KG,"1,39€","1,74€ / KG",
Salmão do Atlântico Fumado,ECO+,Emb. 0.2 KG,"5,49€","27,45€ / KG",
Preparado Sopa Creme de Marisco,KNORR,Emb. 0.075 KG,"1,49€","19,87€ / KG",
Queijo Curado Amanteigado o Sabor Português,LES CROISÉS,1 Unid. = 1 KG (aprox.),"7,89€/kg","7,89€ / Unid.",
Mistura de Ervilhas e Cenouras Extrafinas Ultracongelado,NOTRE JARDIN,Emb. 1 KG,"1,69€","1,69€ / KG",
Mini Tostas,EPI D'OR,Emb. 0.35 KG,"1,99€","5,69€ / KG",
Champô Legend CR7,LINIC,Emb. 0.36 LT,"4,94€","13,72€ / LT",
PAIO LOMBO FATIADO,CAMPO FINO,Emb. 0.15 KG,"2,09€","13,93€ / KG",
Recarga Freshmatic White Bouquet,AIR WICK,Spray 0.26 KG,"3,59€","13,81€ / KG",
Bebida de Soja Original 3x200ML,SHOYCE,Emb. 0.6 LT,"1,73€","2,88€ / LT",
Café Solúvel Seleção Premium Intensidade 6,NESCAFÉ,Frasco 0.1 KG,"5,87€","58,70€ / KG",
Conserva de Feijão Manteiga,COMPAL,Lata 0.845 KG,"1,59€","1,88€ / KG",
Ambientador recarga lavanda,GLADE,Emb. 0.02 LT,"3,59€","179,50€ / LT",
Fraldas Bebé Extra Absorção Activity Tamanho 3,DODOT,Emb. 60 UNID.,"13,29€","0,22€ / UNID.",
Aromatizante Máquina Loiça Limão,SUN,Emb. 1 UNID.,"2,24€","2,24€ / UNID.",
Flocos de Cereais com Fibras,KELLOGG'S,Emb. 0.375 KG,"2,59€","6,91€ / KG",
Aletria,NACIONAL,Emb. 0.5 KG,"1,34€","2,68€ / KG",
ALIMENTO HUMIDO FRANGO / LEGUMES COMPLETO 1200KG,TOUS MES AMIS,Emb. 1 KG,"2,05€","2,05€ / KG",
Conserva de Atum em Óleo Vegetal,GENERAL,Emb. 0.11 KG,"0,99€","9,00€ / KG",
Gelado Double Gold Caramelo Billionaire,MAGNUM,Emb. 0.44 LT,"3,89€","8,84€ / LT",
Farinha de Trigo Biológica,,Emb. 1 KG,"1,39€","1,39€ / KG",
Papa Infantil de Maçã,CERELAC,Emb. 0.25 KG,"2,39€","9,56€ / KG",
SPRAY IMPERMEABILIZANTE INCOLOR 250ML,LA VACHETTE,Emb. 0.25 LT,"1,68€","6,72€ / LT",
Batatas Fritas Rodela,PÁLA-PÁLA,Emb. 0.3 KG,"1,98€","6,60€ / KG",
Dentífrico Dentes Leite,AQUAFRESH,Emb. 0.05 LT,"2,88€","57,60€ / LT",
Conserva de Feijão Preto Cozido,NOTRE JARDIN,Lata 0.425 KG,"0,69€","1,62€ / KG",
Iogurte Líquido Corpos Morango Kiwi 4x155g,DANONE,Emb. 0.62 KG,"1,69€","2,73€ / KG",
Cuecas Incontinência Boutique M,AUSONIA,Emb. 9 UNID.,"11,98€","1,33€ / UNID.",
Bolo Brigadeiro,,Emb. 0.5 KG,"5,99€","11,98€ / KG",
Luvas para Uso Doméstico Tamanho S,RENOVA LUVAS,Emb. 1 UNID.,"1,08€","1,08€ / UNID.",
"Café Solúvel Cevada, Chicória e Centeio",BRASA,Frasco 0.2 KG,"2,77€","13,85€ / KG",
AREIA VEGETAL 10L P'TIT AMI,TOUS MES AMIS,Emb. 10 LT,"3,59€","0,36€ / LT",
Café Torrado Grão,PLANTATION,Emb. 1 KG,"5,69€","5,69€ / KG",
OS BOCADINHOS EM MOLHO VACA/MASSA/CENOURA P/ CAO 1230G,LYDOG,Emb. 1 KG,"2,05€","2,05€ / KG",
Tostas Crocantes de Trigo,EPI D'OR,Emb. 0.25 KG,"1,29€","5,16€ / KG",
COLORAÇÃO PERMANENTE CASTANHO VIOLINO 4.6,BELLADY,Emb. 1 UNID.,"9,98€","9,98€ / UNID.",
Nuggets Grelhadinhos 8 Unid.,CAPITÃO IGLO,Emb. 0.204 KG,"5,98€","29,31€ / KG",
Cereais Frosties,KELLOGG'S,Emb. 0.375 KG,"2,29€","6,11€ / KG",
Bolachas Mini Cookies Tradicionais,NACIONAL,Emb. 0.12 KG,"1,29€","10,75€ / KG",
Batatas P/ Fritar,,Emb. 3 KG,"3,79€","1,26€ / KG",
Bolachas Mini Tarteletes com Recheio de Leite,P'TIT DÉLI,Emb. 0.225 KG,"1,99€","8,84€ / KG",
Filetes de Anchovas em Óleo Vegetal,RAMIREZ,Emb. 0.04 KG,"1,34€","33,50€ / KG",
QUEIJO FLAMENGO FATIADO,QUEIJO NA TÁBUA,Emb. 0.275 KG,"2,20€","8,00€ / KG",
Biscoitos com Pepitas de Chocolate Preto Biológico,,Emb. 0.14 KG,"1,99€","14,21€ / KG",
Peixe Espada Branco Inteiro,,1 Unid. = 1 KG (aprox.),"10,49€/kg","10,49€ / Unid.",
Bolachas Digestive Go Canela 6 Saquetas,TRIUNFO,Emb. 0.171 KG,"1,48€","8,66€ / KG",
Chocolate de Leite Triplo Caramelo,MILKA,Emb. 0.09 KG,"1,67€","18,56€ / KG",
PILHA ALCALINA LR14,FOXTER,Emb. 2 UNID.,"2,99€","1,50€ / UNID.",
Travesseiros Chocolate com Recheio de Creme 3x80g,BIMBO,Emb. 0.24 KG,"2,28€","9,50€ / KG",
Miolo de Amêndoa Moído,MARQUE REPERE,Emb. 0.2 KG,"2,99€","14,95€ / KG",
DETERGENTE MANUAL LOICA FRUTOS VERMELHOS/FLORES 750ML,VISIOR,Emb. 0.75 LT,"0,97€","1,29€ / LT",
Detergente Roupa Máquina Liquído Active Clean 100 Doses,SKIP,Emb. 100 DOSES,"19,99€","0,20€ / DOSES",
Sumo Maçã,JAFADEN,Emb. 1.2 LT,"1,79€","1,49€ / LT",
"Croquetes Frango, Pato e Azeitonas",TOUS MES AMIS,Emb. 2 KG,"3,89€","1,95€ / KG",
Toalhitas Bebé Ecológicas,MOTS D'ENFANTS,Emb. 72 UNID.,"1,79€","0,02€ / UNID.",
Néctar Multifrutos Bio,,Emb. 1.5 LT,"1,99€","1,33€ / LT",
Cuecas Menina 3 aos 5 Anos,HUGGIES,Emb. 16 UN,"8,99€","0,56€ / UN",
Maionese Top Down,CALVÉ,Emb. 0.238 KG,"2,19€","9,20€ / KG",
Tagliatelles sem Glúten,CHAQUE JOUR SANS GLUTEN,Emb. 0.25 KG,"2,39€","9,56€ / KG",
Sabonete Líquido Hipo-Alergénio,MANAVA,Emb. 0.3 LT,"0,89€","2,97€ / LT",
Vinho Regional Tejo Branco,PLEXUS,Garrafa 0.75 LT,"2,19€","2,92€ / LT",
Arroz Carolino,LOURO,Emb. 1 KG,"1,09€","1,09€ / KG",
ACENDALHAS CUBOS 32UN,ECO+,Emb. 32 UNID.,"1,29€","0,04€ / UNID.",
DESODORIZANTE SPRAY ATTIRANT MEN 100ML COMPACT,CARRÉ HOMME,Emb. 0.1 LT,"1,29€","12,90€ / LT",
COLA GEL 30ML 2UN,ESQUISSE,Emb. 2 UNID.,"1,59€","0,80€ / UNID.",
Conserva de Lulas Recheadas,PITEU,Emb. 0.12 KG,"3,17€","26,42€ / KG",
Alimento Seco para Cão Carne e Cereais Integrais,ECO+,Emb. 4 KG,"4,69€","1,17€ / KG",
Amaciador Cabelos Frágeis,ELVIVE,Emb. 0.2 LT,"3,68€","18,40€ / LT",
Escova Borracha Vidros + Ventosa,SILLAGE,Emb. 1 UNID.,"0,99€","0,99€ / UNID.",
CREPES QUEIJO 6UN,CÔTÉ TABLE,Emb. 6 UNID.,"1,27€","0,21€ / UNID.",
Chá Lúcia Lima,TETLEY,Emb. 10 SAQ.,"0,86€","0,09€ / SAQ.",
Champô Cabelos Normais Fructis Força e Brilho,GARNIER,Emb. 0.25 LT,"3,98€","15,92€ / LT",
FOLHADOS COM QUEIJO DE CABRA 4UN,CÔTÉ TABLE,Emb. 0.4 KG,"3,55€","8,88€ / KG",
Pó Sabão Natural,SKIP,Emb. 100 DOSES,"14,99€","0,15€ / DOSES",
Chocolate Milka e Oreo,MILKA,Emb. 0.1 KG,"1,57€","15,70€ / KG",
Vinho do Porto Branco,DORRÃO,Garrafa 0.75 LT,"3,97€","5,29€ / LT",
ALGODAO MAXI OVAL X 60 BIO,BIONAÏA,Emb. 60 UNID.,"1,59€","0,03€ / UNID.",
Ração seca para gato bolas de pêlo c/ Peru,ULTIMA,Emb. 0.75 LT,"5,39€","7,19€ / LT",
Pano Multiusos Amarelo,SCOTCH BRITE,Emb. 2 UNID.,"2,53€","1,27€ / UNID.",
Cogumelos de Paris Laminados Ultracongelado,NOTRE JARDIN,Emb. 1 KG,"2,19€","2,19€ / KG",
Cereais Integrais com Mel Biológicos,CHEERIOS,Emb. 0.33,"2,99€","9,06€ /",
Azeite Virgem Extra Seleção,SERRATA,Garrafa 0.75 LT,"3,99€","5,32€ / LT",
Vinho do Porto Tawny,PORTO CRUZ,Garrafa 0.75 LT,"4,99€","6,65€ / LT",
Cocktail de Soja Vegan sem Lactose e sem Glúten,NOBRE VEGALIA,Emb. 0.19 KG,"2,09€","11,00€ / KG",
CAPS CAFE COMP C/ NESP - EM ALUMINIO - COLOMBIA,PLANTATION,Emb. 10 UNID.,"1,99€","0,20€ / UNID.",
Palmiers Biológicos,,Emb. 0.1 KG,"0,99€","9,90€ / KG",
Chocolate de Leite,MILKA,Emb. 0.09 KG,"1,58€","17,56€ / KG",
Café Colombia P/ Nespresso Intensidade 7,STARBUCKS,Emb. 10 DOSES,"4,48€","0,45€ / DOSES",
RIMMEL BL_  BATON LASTING FINISH KATE MOSS 005,,Emb. 1 UNID.,"8,98€","8,98€ / UNID.",
Croquetes de Carne,,Emb. 8   UNID.,"1,39€","0,17€ /   UNID.",
IOGURTE LIQUIDO MORANGO,DÉLISSE,Emb. 0.72 KG,"0,99€","1,38€ / KG",
1ª Papa Láctea Cerelac Multifrutos Sem Glúten,NESTLÉ,Emb. 0.25 KG,"2,79€","11,16€ / KG",
Snack P/ Cão Sticks C/ Aroma a Búfalo,PURINA,Emb. 0.09 KG,"1,98€","22,00€ / KG",
Bolachas de Cacau Recheadas C/ Creme Baunilha,P'TIT DÉLI,Emb. 0.176 KG,"0,89€","5,06€ / KG",
Toalhitas para Cozinha Biodegradável,CIF,Emb. 36 UNID.,"2,24€","0,06€ / UNID.",
Desodorizante Invisible Spray,REXONA,Emb. 0.15 LT,"2,54€","16,93€ / LT",
Refrigerante S/ Gás Limão,ECO+,Emb. 2 LT,"0,79€","0,40€ / LT",
Snack Rodeo Carne de Vaca,PEDIGREE,Emb. 0.07 KG,"1,68€","24,00€ / KG",
Atum Posta Pimenta&Ervas Finas,BOM PETISCO,Emb. 0.12 KG,"1,56€","13,00€ / KG",
"BOLACHA REDONDA RECHEIO DUO ""CHOCOLATE E LEITE""",P'TIT DÉLI,Emb. 0.3 KG,"1,39€","4,63€ / KG",
Conserva de Salsichas 8 Unid.,ECO+,Lata 0.2 KG,"0,75€","3,75€ / KG",
Millet Painço Ramo,TOUS MES AMIS,Emb. 0.2 KG,"1,38€","6,90€ / KG",
Queijo Curado de Ovelha,OURO DO PASTOR,1 Unid. = 1 KG (aprox.),"14,39€/kg","14,39€ / Unid.",
Lasanha à Bolonhesa,CÔTÉ TABLE,Emb. 1 KG,"4,49€","4,49€ / KG",
AUSONIA AIRDRY NORMAL ABAS 38,AUSONIA,Emb. 38 UNID.,"4,24€","0,11€ / UNID.",
Desodorizante Spray Pêssego E Limão 0%Alumínio,DOVE,Emb. 0.15 LT,"2,84€","18,93€ / LT",
Queijo Fundido para Hamburger 10 Fatias,LES CROISÉS,Emb. 0.2 KG,"1,66€","8,30€ / KG",
Bebida de Aveia,ALPRO SOYA,Emb. 1 LT,"2,38€","2,38€ / LT",
Recarga Sabonete Líquido Hidratante Óleo Amêndoas/Karite,MANAVA,Emb. 0.25 LT,"0,65€","2,60€ / LT",
Chocolate Preto,CRUNCH,Emb. 0.1 KG,"1,39€","13,90€ / KG",
BEBIDA SOJA CRESCIMENTO,ALPRO,Emb. 1 LT,"1,89€","1,89€ / LT",
AURICULARES MAOS LIVRES BRANCO,LINKSTER,Emb. 1 UNID.,"6,99€","6,99€ / UNID.",
Pantene Fixação Flexível Laca 300ml,PANTENE PV,Spray 0.3 LT,"3,74€","12,47€ / LT",
Queijo Mascarpone,LES CROISÉS,Emb. 0.25 KG,"1,49€","5,96€ / KG",
Alimento Húmido Gatinhos de Coelho Vaca Aves 4x400g,LYCAT,Emb. 4 UNID.,"3,75€","0,94€ / UNID.",
Pantene Caracóis Definidos Espuma 200ml,PANTENE PV,Emb. 0.2 LT,"3,74€","18,70€ / LT",
Vinho Branco,ECO+,Garrafão 5 LT,"5,69€","1,14€ / LT",
Nata com 3 Queijos,PARMALAT,Emb. 0.2 LT,"1,26€","6,30€ / LT",
MACEDONIA DE LEGUMES 1/4X3 3X200G,NOTRE JARDIN,Emb. 0.6 KG,"1,79€","2,98€ / KG",
Queijo Bola Flamengo,PAIVA,Emb. 1.4 KG (aprox.),"8,99€/kg","12,59€ / Unid.",
"AGUARDENTE VINICA VELHA,,70CL",,0.07 CL,"18,98€","271,14€ / CL",
Lixívia Densa+ Harmonias Florais,NEOBLANC,Emb. 2 LT,"2,58€","1,29€ / LT",
Água S/ Gás Mineral,,Garrafa 1.5 LT,"0,30€","0,20€ / LT",
Coelho Inteiro,,1 Unid. = 1.5 KG (aprox.),"6,99€/kg","10,49€ / Unid.",
Preparado em Pó P/ Gelatina de Ananás,ROYAL,Emb. 0.114 KG,"1,78€","15,61€ / KG",
Queijo Mistura Apimentado Três Igrejas,SALOIO,1 Unid. = 0.47 KG (aprox.),"8,41€/kg","3,95€ / Unid.",
PURE MACA/RUIBARBO BAIXO TEOR ACUCAR,DOUCEUR DU VERGER,Emb. 0.4 KG,"1,39€","3,48€ / KG",
SACOS P/ CONTENTORES DO LIXO 240L,ELEMBAL,Emb. 10 UNID.,"2,99€","0,30€ / UNID.",
Luva Limpeza Tamanho S,MAMISON,Emb. 1 UNID.,"0,68€","0,68€ / UNID.",
Vinagre de Vinho Tinto,RUSTICA,Garrafa 0.5 LT,"0,49€","0,98€ / LT",
DESMAQUILHANTE DE OLHOS WATERPROOF BIFASICO,INELL,Emb. 0.15 LT,"1,85€","12,33€ / LT",
Ketchup Top Down,HEINZ,Emb. 0.46 KG,"3,38€","7,35€ / KG",
Alimento Húmido P/ Gato Sopa Vários Sabores,PURINA,Emb. 0.16 KG,"2,59€","16,19€ / KG",
Folhas de Orégãos,RUSTICA,Frasco 0.008 KG,"0,49€","61,25€ / KG",
Bolachas Areadas de Framboesa,CHAQUE JOUR SANS GLUTEN,Emb. 0.14 KG,"2,17€","15,50€ / KG",
Ambientador Pure Flor de Cereja da Ásia,AIRWICK,Emb. 0.25 LT,"4,19€","16,76€ / LT",
Feijocas 3X200G,NOTRE JARDIN,Emb. 0.6 KG,"1,79€","2,98€ / KG",
"AMACIADOR  ROUPA  ESSÊNCIA TALCO  1,5LT",CHICCO,,"5,84€",/ Unid.,
Barra de Cereais com Maçã e Damasco,ECO+,Emb. 6 UNID.,"1,09€","0,18€ / UNID.",
Ice Tea Pêssego Zero Açúcar,LIPTON,Emb. 1 LT,"1,16€","1,16€ / LT",
Amaciador Cabelo Delicados Garnier Delicadeza de Aveia,ULTRA SUAVE,Emb. 0.2 LT,"3,58€","17,90€ / LT",
Ervilhas e Cenouras Muito Finas,NOTRE JARDIN,Emb. 0.4 KG,"1,09€","2,73€ / KG",
Mini Bolo com Recheio de Creme de Cacau e Avelãs 90 g,BOLLYCAO,Emb. 6 UNID.,"1,28€","0,21€ / UNID.",
Marmelada Extra,,Emb. 0.45 KG,"1,09€","2,42€ / KG",
SACOS LIXO FECHO FACIL 100L,ELEMBAL,Emb. 10 UNID.,"1,59€","0,16€ / UNID.",
CREME SABOR BAUNILHA,DÉLISSE,Emb. 0.4,"2,39€","5,98€ /",
Queijo Saint Albray,SAINT ALBRAY,1 Unid. = 0.25 KG (aprox.),"20,99€/kg","5,25€ / Unid.",
Refrigerante C/ Gás  Zero Açúcar Vidro Pack 4,COCA COLA ZERO,Emb. 0.08 LT,"2,75€","34,38€ / LT",
Chá Verde e Limão,PLENO,Garrafa 1.5 LT,"1,49€","0,99€ / LT",
LINGUICA,CAMPO FINO,Emb. 0.15 KG,"1,29€","8,60€ / KG",
BOLACHAS C/TABLETE CHOCO LEITE,ECO+,Emb. 0.15 KG,"0,99€","6,60€ / KG",
ALIMENT BEBE: FRUTA DO POMAR BIO 4M,BIO VILLAGE BEBE,Emb. 0.4 KG,"2,09€","5,23€ / KG",
Chipicao Original,CHIPICAO,Emb. 0.057 KG,"1,10€","19,30€ / KG",
Cone Manga e Maracujá,TRIUM,Emb. 6 UNID.,"2,09€","0,35€ / UNID.",
Medalhões Iglo Pescada Msc,IGLO,Emb. 0.5 KG,"8,38€","16,76€ / KG",
LIXIVIA TRADICIONAL,CLAIR,Emb. 2 LT,"0,99€","0,50€ / LT",
IOGURTE LIQUIDO FRUTOS TROPICAIS,DÉLISSE,Emb. 0.72 KG,"0,99€","1,38€ / KG",
Mini Bolos de Mármore de Chocolate,P'TIT DÉLI,Emb. 0.189 KG  (aprox.),"1,29€","6,83€ / KG",
VELA NUMERO - 3,ARDENCE,Emb. 1 UNID.,"0,89€","0,89€ / UNID.",
Folhados de Frutos do Mar 4x100g,CÔTÉ TABLE,Emb. 4 UNID.,"4,49€","1,12€ / UNID.",
Cerveja com Álcool Lata,SUPER BOCK,Emb. 0.5 LT,"0,78€","1,56€ / LT",
Vinho Regional Douro Tons Tinto,DUORUM,Garrafa 0.75 LT,"4,29€","5,72€ / LT",
Cerveja sem Álcool 6X33cl,CHEERS,Emb. 1.98 LT,"3,24€","1,64€ / LT",
Queijo Bola Flamengo,NOVA AÇORES,1 Unid. = 0.8 KG (aprox.),"8,50€/kg","6,80€ / Unid.",
Alimento Seco P/ Gato Frango,BEYOND,Emb. 0.35 g,"2,99€","8,54€ / g",
Conserva de Azeitona Verde Descaroçada,RUSTICA,Emb. 0.48 KG,"1,99€","4,15€ / KG",
Creme Fixativo para Próteses Dentárias,POLIDENT,Emb. 0.04 KG,"6,98€","174,50€ / KG",
Escova Extra Interdental,AQUAFRESH,Emb. 2 UNID.,"3,18€","1,59€ / UNID.",
PEITO DE PERU FATIADO,CAMPO FINO,Emb. 0.2 KG,"1,99€","9,95€ / KG",
Creme Anti-Rugas Cuidado Noite,DERMO EXPERTISE,Emb. 0.05 LT,"14,98€","299,60€ / LT",
Água Com Gás,CASTELLO,Emb. 0.075 LT,"1,24€","16,53€ / LT",
Bolachas Tosta Rica Choco Guay,CUÉTARA,Emb. 0.168 UNID.,"2,17€","12,92€ / UNID.",
CHOCOLATE AVELAS E PASSAS,TABLETTE D'OR,Emb. 0.2 KG,"2,07€","10,35€ / KG",
ESPONJA JUMBO,TECH9,Emb. 1 UNID.,"1,99€","1,99€ / UNID.",
Água com Gás Groselha 4x25 cl,FRIZE,Emb. 1 LT,"2,29€","2,29€ / LT",
Gel de Banho e Duche Flor Cerejeira/Leite/Aveia,MANAVA,Emb. 0.5 LT,"2,29€","4,58€ / LT",
Ovos Solo XL,SNR,Emb. 24 UNID.,"5,89€","0,25€ / UNID.",
Sacos Lixo Fecho Fácil 50L,ELEMBAL,Emb. 15 UNID.,"1,69€","0,11€ / UNID.",
Champô para Cabelos Secos e sem Brilho,TRESEMMÉ,Emb. 0.5 LT,"4,19€","8,38€ / LT",
Carregador Universal,FOXTER,Emb. 1 UNID.,"15,90€","15,90€ / UNID.",
Sementes de Abóbora,MARQUE REPERE,Emb. 0.2 KG,"2,39€","11,95€ / KG",
PATE CAMPESTRE -25% TEOR SAL 150G,TRADILÈGE,,"1,85€",/ Unid.,
LAPIS DE COR 12UN,ECO+,Emb. 12 UNID.,"0,69€","0,06€ / UNID.",
"AXE GB ICE CHILL,,400ML",AXE,Emb. 0.4 LT,"3,29€","8,23€ / LT",
Bolachas Sabor Limão com Amêndoas Biológicas,,Emb. 0.2 KG,"2,59€","12,95€ / KG",
Sortido de Bolachas,CUÉTARA,Emb. 0.21 KG,"2,29€","10,90€ / KG",
Mopa Seca com Cabo Extensível,,Emb. 1 UNID.,"6,50€","6,50€ / UNID.",
Maçã Bravo Esmolfe Cal. 65+,,1 Unid. = 0.2 KG (aprox.),"2,49€/kg","0,50€ / Unid.",
Maçã Golden Cal. 75/80,,1 Unid. = 0.21 KG (aprox.),"1,39€/kg","0,29€ / Unid.",
Sabonete Líquido Flor Laranjeira,MANAVA,Emb. 0.3 LT,"0,89€","2,97€ / LT",
Sabonete Líquido Leite/Mel,MANAVA,Emb. 0.3 LT,"0,69€","2,30€ / LT",
Cápsulas de Café Alumínio Nespresso Clássico,SEGAFREDO,Emb. 10 UN,"4,27€","0,43€ / UN",
Recarga para Difusor Automático Relex Zen,GLADE,Emb. 2 UNID.,"7,18€","3,59€ / UNID.",
COCKTAIL AZEITONAS E TREMOCOS,TOKAPI,Emb. 0.2 KG,"1,31€","6,55€ / KG",
Iogurte Líquido Morango 4 Unid.,YOGGI,Emb. 0.64 KG,"2,09€","3,27€ / KG",
Robalo,,1 Unid. = 1.5 KG (aprox.),"12,99€/kg","19,49€ / Unid.",
Máquina de Depilar Descartável Oceana,GILLETTE,Emb. 4 UNID.,"8,98€","2,25€ / UNID.",
Sumo de Laranja,JOI,Garrafa 1.5 LT,"1,04€","0,69€ / LT",
Água com Gás Limão,PEDRAS,Garrafa 1 LT,"1,49€","1,49€ / LT",
GELADO TRIUM NOUGAT 4UN,TRIUM,Emb. 4 UNID.,"2,29€","0,57€ / UNID.",
RESGUARDO PROTECAO CAMA 80X90CM,CHORYS,Emb. 16 UNID.,"5,59€","0,35€ / UNID.",
Vinho Regional Península de Setúbal Branco,DONA ERMELINDA,Garrafa 0.75 LT,"3,99€","5,32€ / LT",
AGUARDENTE FIM DE SÉCULO Vínica Velha Cx. de Cartão 70CL,,0.07 CL,"17,99€","257,00€ / CL",
"SOBREMESA ""FLAN"" C/OVOS",DÉLISSE,Emb. 0.4 KG,"2,45€","6,13€ / KG",
VELA NUMERO FUN 7,ARDENCE,Emb. 1 UNID.,"0,90€","0,90€ / UNID.",
Condicionador Liso Queratina Acondicinador,TRESEMMÉ,Emb. 0.7 LT,"6,59€","9,41€ / LT",
Iogurte Côco 4 Unid.,MIMOSA,Emb. 0.48 KG,"1,09€","2,27€ / KG",
Ovos Solo XL,SNR,Emb. 12 KG,"2,69€","0,22€ / KG",
ÁGUA MICELAR C/ ÁGUA DE ROSAS 400ML,GARNIER,,"7,98€",/ Unid.,
Champô Hidratante,BABY DOVE,Emb. 0.4 LT,"3,29€","8,23€ / LT",
Champô Linic Anti-Caspa Fem Sakura,LINIC,Emb. 0.225 LT,"3,34€","14,84€ / LT",
"JARRO ELETRICO 2000W 1,7L",ECO+,Emb. 1 UNID.,"13,90€","13,90€ / UNID.",
Drageias Chocolate Tubo Tripack,PINTAROLAS,Emb. 0.066 KG,"1,28€","19,39€ / KG",
PRATO + NAPERON 28CM,,Emb. 1 UNID.,"0,59€","0,59€ / UNID.",
Sopa de Cogumelos Selvagens Gourmet,KNORR,Emb. 0.062 KG,"1,79€","28,87€ / KG",
Máscara de Pestanas Preto 001,RIMMEL,Emb. 1 UNID.,"9,98€","9,98€ / UNID.",
BARRAS CEREAIS CHOCOLATE LEITE E AVELA,GRAINEA,Emb. 0.4 KG,"1,39€","3,48€ / KG",
Pizza Carbonara,CAMPOFRIO,Emb. 0.36 KG,"3,38€","9,39€ / KG",
Massa Linguine C/ Tinta de Choco,MILANEZA,Emb. 0.5 KG,"3,63€","7,26€ / KG",
"ALTAS QUINTAS 600 TINTO 0,75",ALTAS QUINTAS 600,,"6,50€",/ Unid.,
Queijo Mistura Grande,ALAVÃO,1 Unid. = 1.825 KG (aprox.),"8,43€/kg","15,38€ / Unid.",
Fósforos de Segurança Longos 3x40 unid.,SILEX,Emb. 3 UNID.,"2,34€","0,78€ / UNID.",
Alimento Húmido Gato Pedaços Molho 4 Unid.,LYCAT,Emb. 1.6 KG,"2,99€","1,87€ / KG",
Café Torrado Moagem Grossa,,Emb. 0.25 KG,"1,59€","6,36€ / KG",
Barras de Biscoitos Cobertura de Caramelo Chocolate,ECO+,Emb. 0.348 KG,"2,29€","6,58€ / KG",
Anti-Calcário 3 em 1 para a Máquina da Roupa,CALGON,Emb. 45 DOSES,"13,98€","0,31€ / DOSES",
Chiclets Spearmint 12 Unid.,CHICLETS,Emb. 0.017 KG,"0,89€","52,35€ / KG",
Chá Verde 25 Saquetas,,Emb. 0.037 KG,"0,89€","24,05€ / KG",
Elixir Triple Action,COLGATE,Emb. 0.5 LT,"3,73€","7,46€ / LT",
Gelado Solero Red Berries,OLÁ,Emb. 0.27 LT,"3,98€","14,74€ / LT",
Massa Farfalle,TURINI,Emb. 0.5 KG,"1,09€","2,18€ / KG",
Conjunto de 12 Esticadores Elásticos,ECO+,Emb. 12 UNID.,"2,69€","0,22€ / UNID.",
Sardinha em Tomate,BOM PETISCO,Emb. 0.12 KG,"0,99€","8,25€ / KG",
Pacotinho de Frutas Maçã Banana e Aveia +6 meses,NESTLÉ BEBÉ,Emb. 0.09 KG,"1,04€","11,56€ / KG",
"PEROLAS DESODORIZANTES ""PRIMAVERA NO JAPAO"" 110G",BIEN AIR,Emb. 0.11 KG,"1,69€","15,36€ / KG",
Iogurte Bifidus Líquido Cereais Integrais 4 Unid.,DANONE,Emb. 0.62 KG,"1,99€","3,21€ / KG",
ALIMENTO PARA CANARIOS,ECO+,Emb. 1 KG,"1,49€","1,49€ / KG",
Papel Higiénico 2 Folhas Compact,MARQUE REPERE,Emb. 6 UNID.,"2,49€","0,42€ / UNID.",
Cantaril,,1 Unid. = 0.56 KG (aprox.),"6,99€/kg","3,91€ / Unid.",
Vinho Regional Alentejano Tinto,SOVIBOR,Garrafa 0.75 LT,"2,98€","3,97€ / LT",
"ATUM C/FEIJAO FRADE,RAMIREZ,120G",RAMIREZ,,"1,29€",/ Unid.,
DESODORIZANTE P/ MQ.LOICA 2EM1 LIMAO + RECARGA,VISIOR,Emb. 2 UNID.,"1,29€","0,65€ / UNID.",
Paio York,IZIDORO,1 Unid. = 0.1 KG (aprox.),"11,99€/kg","1,20€ / Unid.",
Óleo Alimentar,FRIGI,Garrafa 1 LT,"2,39€","2,39€ / LT",
Alimento Seco Cão Croquetes Light,TOUS MES AMIS,Emb. 4 KG,"4,99€","1,25€ / KG",
CARIL SAQUETA,RUSTICA,Emb. 0.05 KG,"0,69€","13,80€ / KG",
Bloco Sanitário Domestos Power 5 Pinho,DOMESTOS,Emb. 0.11 KG,"2,74€","24,91€ / KG",
CERA LIQUIDA CASTANHA 75ML,LA VACHETTE,Emb. 0.075 LT,"1,78€","23,73€ / LT",
Azeite virgem extra lezirias,GALLO,Emb. 0.75 LT,"4,89€","6,52€ / LT",
PILHAS ALCALINAS LR14 TECH+,FOXTER,Emb. 2 UNID.,"2,83€","1,42€ / UNID.",
Noodles Queijo e Ervas,KNORR,Emb. 0.061 KG,"1,06€","17,38€ / KG",
Creme Hidratante Bebé Rosto e Corpo,MOTS D'ENFANTS,Emb. 0.1 LT,"1,99€","19,90€ / LT",
Creme de Barbear Original,DENIM,Emb. 0.1 LT,"1,68€","16,80€ / LT",
Chicharro,,1 Unid. = 0.465 KG (aprox.),"6,99€/kg","3,25€ / Unid.",
Néctar Clássico Laranja do Algarve 3x20cl,COMPAL,Emb. 0.6 LT,"1,48€","2,47€ / LT",
Tablete Chocolate Excellence Dark 70%,LINDT,Emb. 0.1 KG,"2,09€","20,90€ / KG",
Shampoo Banho Rich Moisture Baby,BABY DOVE,Emb. 0.2 LT,"1,79€","8,95€ / LT",
Pensos Incontinência Discreet Maxi,AUSONIA,Emb. 8 UNID.,"4,98€","0,62€ / UNID.",
FEIJAO VERMELHO SACO,NOTRE JARDIN,Emb. 1 KG,"2,19€","2,19€ / KG",
Café Moagem Universal Colombia,DELTA,Emb. 0.22 KG,"3,48€","15,82€ / KG",
Snack P/ Cão Sabor Bacon e Queijo,FRISKIES,Emb. 0.175 KG,"2,98€","17,03€ / KG",
VILEDA SACO LIXO STYLE 30L FF 15UN,VILEDA,Emb. 15 UNID.,"2,24€","0,15€ / UNID.",
Ambientador Stick Perfumado Amora e Baunilha,AIRWICK,Emb. 0.025 LT,"7,19€","287,60€ / LT",
Folhado Fiambre 4x100 g Ultracongelado,CÔTÉ TABLE,Emb. 0.4 KG,"3,35€","8,38€ / KG",
Manteiga sem Sal,PRIMOR,Emb. 0.25 KG,"2,28€","9,12€ / KG",
Flocos de Aveia,GRAINEA,Emb. 0.5 KG,"0,98€","1,96€ / KG",
Bacalhau Especial Pacífico,,1 Unid. = 3 KG (aprox.),"10,98€/kg","32,94€ / Unid.",
ALIMENT BEBE: PURE LEGUMES FRANGO DO CAMPO BIO +8M 2X200G,BIO VILLAGE BEBE,Emb. 0.4 KG,"2,99€","7,48€ / KG",
Peito de Peru,,1 Unid. = 0.3 KG (aprox.),"7,99€/kg","2,40€ / Unid.",
BANZAI NOODLE CARNE CIGALA,CIGALA,Emb. 0.067 KG,"0,94€","14,03€ / KG",
PIZZA FRESCA 4 ESTACOES,TURINI,Emb. 0.45 KG,"2,59€","5,76€ / KG",
Detergente para a Máquina da Roupa Active Sports Líquido,SKIP,Emb. 66 DOSES,"12,49€","0,19€ / DOSES",
Iogurte Bifidus Líquido Morango 4 Unid.,DANONE,Emb. 0.62 KG,"1,99€","3,21€ / KG",
Pão de Forma com Côdea 9 Cereais,PANRICO,Emb. 0.52 KG,"2,57€","4,94€ / KG",
Desodorizante Men Spray Active Fresh 0% Alumínio,REXONA,Emb. 0.15 LT,"2,84€","18,93€ / LT",
Polvo Médio,,1 Unid. = 2.5 KG (aprox.),"14,99€/kg","37,48€ / Unid.",
ASPIRADOR DE MAO,ELSAY,Emb. 1 UNID.,"34,90€","34,90€ / UNID.",
PILHAS RECARGAVEIS HR6,FOXTER,Emb. 4 UNID.,"7,49€","1,87€ / UNID.",
Arroz Extra longo integral negro,CAÇAROLA,Emb. 0.5 KG,"3,68€","7,36€ / KG",
After Shave Original,DENIM,Emb. 0.1 LT,"5,19€","51,90€ / LT",
IOGURTE C/ BIFIDUS CEREAIS,DÉLISSE,Emb. 0.5 KG,"1,49€","2,98€ / KG",
Grelos de Couve,,1 Unid. = 1 KG (aprox.),"2,59€/kg","2,59€ / Unid.",
Fraldas Incontinência Super M,LINDOR,Emb. 52 UNID.,"28,73€","0,55€ / UNID.",
Pao De Forma Cerealia 14 Cereais,PANRICO,Emb. 0.435 KG,"2,47€","5,68€ / KG",
Pensos Higiénicos Noite Alas,EVAX,Emb. 9 UNID.,"2,58€","0,29€ / UNID.",
Gelado Magic,SMICY,Emb. 8 UNID.,"1,55€","0,19€ / UNID.",
Tampões com Aplicador Pearl Regular,TAMPAX,Emb. 24 UNID.,"4,98€","0,21€ / UNID.",
GRELOS FOLHAS PORCOES,NOTRE JARDIN,Emb. 0.4 KG,"0,99€","2,48€ / KG",
Palitos de Chocolate,P'TIT DÉLI,Emb. 0.15 KG,"0,98€","6,53€ / KG",
Azeite Virgem Extra Clássico,GALLO,Garrafa 0.25 LT,"1,91€","7,64€ / LT",
"SPRAY AMBIENTADOR ""BAUNILHA"" 2EM1 300ML",BIEN AIR,Emb. 0.3 LT,"1,29€","4,30€ / LT",
Máscara Capilar para Cabelo com Pontas Espigadas,GLISS,Emb. 0.3 LT,"3,79€","12,63€ / LT",
Banana Importada,,1 Unid. = 0.15 KG (aprox.),"0,95€/kg","0,14€ / Unid.",
Salsichas com Lentilhas,CÔTÉ TABLE,Emb. 0.42 KG,"1,49€","3,55€ / KG",
Meloa Gália,,1 Unid. = 0.75 KG (aprox.),"2,99€/kg","2,24€ / Unid.",
RECARGA ESFREGONA MICROFIBRAS,SILLAGE,Emb. 1 UNID.,"1,99€","1,99€ / UNID.",
Lava Tudo Universal Brilhante,SONASOL,Emb. 1.1 LT,"2,79€","2,54€ / LT",
Vinho Tinto de Mesa Elopack,CASAL DA EIRA,Emb. 1 LT,"1,84€","1,84€ / LT",
BALDE DE AZEITONAS MACANILHA MISTAS INTEIRAS,RUSTICA,Emb. 3.5 KG,"6,19€","1,77€ / KG",
ESCOVA LIMPA VIDROS 450 MM CLASSIC 12,TECH9,Emb. 1 UNID.,"1,59€","1,59€ / UNID.",
Caldo Marisco,KNORR,Emb. 8 CUBOS,"1,39€","0,17€ / CUBOS",
Cereais de Chocolate e Caramelo,LION,Emb. 0.4 KG,"2,92€","7,30€ / KG",
PETINGAS EM TOMATE PICANTE GENERAL,GENERAL,Emb. 0.09 KG,"0,89€","9,89€ / KG",
Tablete de Chocolate e Leite C/ Cereais Crocantes,CRUNCH,Emb. 0.1 KG,"2,17€","21,70€ / KG",
Natas Pasteurizadas,LONGA VIDA,Emb. 0.2 LT,"2,18€","10,90€ / LT",
Brócolos Ultracongelados,BONDUELLE,Emb. 0.4 KG,"1,93€","4,83€ / KG",
Salsichão Original,ELPOZO,0.2 KG,"2,69€","13,45€ / KG",
Sabonete Sólido Hidratante,MANAVA,Emb. 0.1 KG,"0,75€","7,50€ / KG",
AMENDOINS S/ SAL TORRADOS,TOKAPI,Emb. 0.2 KG,"0,99€","4,95€ / KG",
BL1 LED STANDARD 14W-100W E27 LUZ AMARELA,FOXTER,Emb. 1 UNID.,"6,39€","6,39€ / UNID.",
Vinho de Mesa Branco,ECO+,Emb. 2 L,"2,69€","1,35€ / L",
Ketchup,CALVÉ,Emb. 0.25 KG,"1,29€","5,16€ / KG",
Massa Letras Clássica,NACIONAL,Emb. 0.25 KG,"0,72€","2,88€ / KG",
Pizza Royal Ultracongelado,VOLPONE,Emb. 0.44 KG,"2,75€","6,25€ / KG",
Bijou Mistura,,1 Unid. = 0.06 KG,"0,11€","1,83€ / KG",
SACOS LIXO WC C/ATILHO 5L,ELEMBAL,Emb. 40 UNID.,"0,76€","0,02€ / UNID.",
Vinho Regional Alentejo Tinto,HERDADE DOS GROUS,,"9,99€",/ Unid.,
Conserva de Cogumelos Inteiros,,Emb. 0.23 KG,"1,39€","6,04€ / KG",
Preparado Sopa de Agrião,,Emb. 0.6 KG,"2,19€","3,65€ / KG",
Doseador Sabão Líquido Branco,SILLAGE,Emb. 1 UNID.,"3,35€","3,35€ / UNID.",
Bolachas Palitos com Cobertura de Chocolate Biológicas,,Emb. 0.125 KG,"1,99€","15,92€ / KG",
CLAFOUTIS- TARTE DE CEREJAS,DÉLISSE,Emb. 0.34 KG,"2,29€","6,74€ / KG",
Salada Alface C/ Cenoura,,Emb. 0.18 KG,"1,29€","7,17€ / KG",
Molho de Alho,CALVÉ,Frasco 0.25 KG,"2,23€","8,92€ / KG",
Batatas Fritas Onduladas,POM'LISSE,Emb. 0.2 KG,"1,19€","5,95€ / KG",
Queijo Roquefort DOP,LES CROISÉS,Emb. 0.1 KG,"1,69€","16,90€ / KG",
Pão Chapata,,1 Unid. = 0.14 KG (aprox.),"0,22€","1,57€ / KG",
Cápsulas de Café Alumínio Nespresso Decaffeinato,SEGAFREDO,Emb. 10 UN,"4,27€","0,43€ / UN",
Mistura de Cogumelos,NOTRE JARDIN,Emb. 0.45 KG,"2,49€","5,53€ / KG",
Mistura Solúvel Sem Café,PLANTATION,Frasco 0.2 KG,"2,09€","10,45€ / KG",
Pantene Superalimento Ampolas Resgate,PANTENE PV,Emb. 0.045 LT,"4,63€","102,89€ / LT",
Gelado de Menta com Chocolate,CARTE D'OR,Emb. 1 LT,"2,89€","2,89€ / LT",
PIZZA 4 FROM TURINI,TURINI,Emb. 0.4 KG,"2,29€","5,73€ / KG",
Ovo Kinder Surpresa Chocolate,KINDER,Emb. 0.02 KG,"1,24€","62,00€ / KG",
Fruta 100% 7 Frutos 4 Unid.,NESTLÉ,Emb. 0.4 KG,"2,19€","5,48€ / KG",
Queijo Emmental,,1 Unid. = 0.2 KG (aprox.),"7,49€/kg","1,50€ / Unid.",
LAPIS DE COR BICOLOR 12=24UN,ESQUISSE,Emb. 12 UNID.,"1,49€","0,12€ / UNID.",
Ananás dos Açores,,1 Unid. = 1.2 KG (aprox.),"10,99€/kg","13,19€ / Unid.",
Mistura de Frutos de Casca Rija,MARQUE REPERE,Emb. 0.2 KG,"2,99€","14,95€ / KG",
"Cereais de Trigo, Mel e Aveia",CHEERIOS,Emb. 0.375 KG,"2,92€","7,79€ / KG",
Refrigerante C/ Gás Gasosa,ECO+,Garrafa 2 LT,"0,65€","0,33€ / LT",
Alimento Seco para Cão Carne e Cereais Integrais,ECO+,Emb. 20 KG,"14,99€","0,75€ / KG",
Arroz Agulha,BOM SUCESSO,Emb. 1 KG,"1,14€","1,14€ / KG",
Alimento Seco Cão Vitafit Balance Frango e Legumes,PURINA FRISKIES,Emb. 4 KG,"12,78€","3,20€ / KG",
Balde de Pipocas Doces,TOKAPI,Emb. 0.24 KG,"2,99€","12,46€ / KG",
CAFE SOLUVEL EXPRESSO STICKS X25 - 45G 25UN,PLANTATION,Emb. 0.045 KG,"1,59€","35,33€ / KG",
Gelado Cookies & Cream Les Desserts,CARTE D'OR,Emb. 0.9 LT,"3,29€","3,66€ / LT",
PURE DE MALAGUETA,TABLES DU MONDE,Emb. 0.1 KG,"0,99€","9,90€ / KG",
PENSOS DIARIOS MINI,CHORYS,Emb. 28 UNID.,"1,59€","0,06€ / UNID.",
Preservativo Nature,CONTROL,Emb. 6 UNID.,"3,14€","0,52€ / UNID.",
Bebida Côco,NAT&VIE,Emb. 1 LT,"1,69€","1,69€ / LT",
PATE RICO VACA P/ GATO BIO 100G CV PLENIMA,PLENIMA,Emb. 0.1 KG,"0,69€","6,90€ / KG",
Bebida de Soja com Baunilha Biológica,,Emb. 1 LT,"1,44€","1,44€ / LT",
Vinho Regional Tejo Tinto,BRIDÃO,Garrafa 0.75 LT,"2,99€","3,99€ / LT",
Café Solúvel Frasco,DELTA,Frasco 0.2 KG,"3,89€","19,45€ / KG",
Alimento Completo Cereais P/ Rolas,TOUS MES AMIS,Emb. 1 KG,"2,29€","2,29€ / KG",
BATATA FRITA ONDULADA,ECO+,Emb. 0.2 KG,"0,99€","4,95€ / KG",
Creme Alpro Soja Culinária 250ml,ALPRO,,"1,58€",/ Unid.,
Batatas Fritas com Sal 6x30 g,LAY'S,Emb. 0.18 KG,"2,77€","15,39€ / KG",
NUGGETS QUEIJO10UN,CÔTÉ CROC,Emb. 0.18 KG,"1,29€","7,17€ / KG",
Suporte Universal Carro P/ Smartphone 2Em1,LINKSTER,Emb. 1 UNID.,"8,99€","8,99€ / UNID.",
Dourada Cal. 200/300,,1 Unid. = 0.25 KG (aprox.),"5,45€/kg","1,36€ / Unid.",
Mel de Flores Biológico,,Frasco 0.5 KG,"5,49€","10,98€ / KG",
Pudim Chocolate,BOCA DOCE,Emb. 0.022 KG,"0,59€","26,82€ / KG",
Conserva de Feijão Preto,NOTRE JARDIN,Lata 0.85 KG,"0,99€","1,16€ / KG",
DENTIFRICO SABOR A MENTA 7-13 ANOS KIDS,DENTAMYL,Emb. 0.075 LT,"0,89€","11,87€ / LT",
Sumo 100% de Laranja,JAFADEN,Emb. 1 LT,"1,49€","1,49€ / LT",
DESODORIZANTE SPRAY INVISIBLE MEN 200ML,CARRÉ HOMME,Emb. 0.2 LT,"1,19€","5,95€ / LT",
CHAMPO AUTO 5 L 5L TECH9,TECH9,Emb. 5 LT,"3,39€","0,68€ / LT",
Filete Sardinha S/ Espinhas  Molho Tomate,RAMIREZ,Emb. 0.1 KG,"1,34€","13,40€ / KG",
Alimento Húmido para Gato Carne em Molho 24x100g,TOUS MES AMIS,Emb. 24 UNID.,"6,72€","0,28€ / UNID.",
Maionese Top Down Verdadeira,HELLMANN'S,Emb. 0.412 KG,"3,47€","8,42€ / KG",
PALMIERS C/ COBERTURA CHOCOLATE,P'TIT DÉLI,Emb. 0.23 KG,"1,49€","6,48€ / KG",
Tablete de Chocolate Extrafino C/ Avelã,NESTLÉ,Emb. 0.123 KG,"1,97€","16,02€ / KG",
Sobremesa Creme de Chocolate 4x100gr,DANONE,Emb. 0.4 KG,"1,99€","4,98€ / KG",
PANO CHÃO BRANCO,SILLAGE,Emb. 1 UNID.,"1,74€","1,74€ / UNID.",
Detergente Casa de Banho Spray Recarga,CIF,Emb. 0.07 LT,"1,89€","27,00€ / LT",
GUARDANAPOS FOLHA SIMPLES,ECO+,Emb. 200 UNID.,"1,15€","0,01€ / UNID.",
Flocos de Aveia Biológicos,,Emb. 0.5 L,"1,19€","2,38€ / L",
Ovos Solo XL,SNR,Emb. 6 UNID.,"1,59€","0,27€ / UNID.",
Macarrão Penne Isento de Glúten,CHAQUE JOUR SANS GLUTEN,Emb. 0.4 KG,"1,79€","4,48€ / KG",
Água Tónica de Extratos Vegetais,SCHWEPPES,Garrafa 1 LT,"1,94€","1,94€ / LT",
Vinho do Porto Offley Ruby,OFFLEY,Garrafa 0.75 LT,"4,69€","6,25€ / LT",
Chá Verde Springy Mint,LIPTON,Emb. 20 UNID.,"1,49€","0,07€ / UNID.",
Cillit Bang Bolor & Sujidade,CILLIT BANG,Emb. 0.5 LT,"2,24€","4,48€ / LT",
Máscara Capilar Reparadora Color Keratina,TRESEMMÉ,Emb. 0.2 LT,"5,39€","26,95€ / LT",
Espetadas de Peru,,1 Unid. = 0.6 KG (aprox.),"6,99€/kg","4,19€ / Unid.",
Salteado do Campo,BONDUELLE,Emb. 0.75 KG,"4,93€","6,57€ / KG",
Chá de Cidreira,,Emb. 25 SAQ.,"0,79€","0,03€ / SAQ.",
Ananás em Fatias Inteiras em Calda Leve,,Lata 0.55 KG,"1,99€","3,62€ / KG",
Bolachas Sticks com Cobertura Chocolate Branco 30Unid.,P'TIT DÉLI,Emb. 0.15 KG,"1,19€","7,93€ / KG",
Manteiga Magra Baixo Teor Sal,PRÉSIDENT,Emb. 0.25 KG,"2,54€","10,16€ / KG",
SALSICHAO SECO C/ QUEIJO FATIAS,ST AZAY,Emb. 0.1 KG,"1,99€","19,90€ / KG",
Sementes de Chia,MARQUE REPERE,Emb. 0.2 KG,"1,99€","9,95€ / KG",
Pensos Higiénicos Maxi com Alas,EVAX,Emb. 11 UNID.,"1,98€","0,18€ / UNID.",
Snacks Sabor a Bacon,,Emb. 0.1 KG,"1,09€","10,90€ / KG",
Pão De Forma Rústico 0% Açúcar,PANRICO,Emb. 0.375 KG,"1,88€","5,01€ / KG",
Dentífrico Cuidado Completo Sensitive Expert,DENTAMYL,Emb. 0.075 LT,"0,99€","13,20€ / LT",
Leite Condensado,MIMOSA,Emb. 0.397 KG,"1,78€","4,48€ / KG",
Manteiga de Amendoim com Pedaços,CALVÉ,Emb. 0.35 KG,"3,69€","10,54€ / KG",
Ambientador Recarga Portátil touch&fresh Relax Zen,GLADE,Emb. 2 UNID.,"7,18€","3,59€ / UNID.",
Pargo Ruço Cal. 300/600,,1 Unid. = 0.55 KG (aprox.),"6,49€/kg","3,57€ / Unid.",
Palmiers,,Emb. 0.3 KG,"1,69€","5,63€ / KG",
Champô Elvive Total Repair 5,L'ORÉAL PARIS,Emb. 0.4 LT,"5,98€","14,95€ / LT",
Porta Fatos Grande,SILLAGE,Emb. 1 UNID.,"2,54€","2,54€ / UNID.",
NECTAR MULTIFRUTOS SEM ADICAO DE AÇÚCARES,JAFADEN,Emb. 1 LT,"1,39€","1,39€ / LT",
Limpeza Cif Cozinha Eco Recarga Spray,CIF,Emb. 0.07 LT,"1,89€","27,00€ / LT",
Queijo Meio Gordo o Sabor Português,LES CROISÉS,1 Unid. = 1 KG (aprox.),"6,59€/kg","6,59€ / Unid.",
Fraldas Bebé Ultra Confort Maxi +9/20 Kg,MOTS D'ENFANTS,Emb. 41 UNID.,"6,99€","0,17€ / UNID.",
KINDER BUENO WHITE T2X4,KINDER BUENO,Emb. 0.16 KG,"2,44€","15,25€ / KG",
Refrigerante S/ Gás Tropical Zero,JAFUN,Emb. 2 LT,"1,99€","1,00€ / LT",
Batatas Fritas Doritos Tex-Mex,DORITOS,Emb. 0.26 KG,"2,47€","9,50€ / KG",
FEIJAO VERDE M.FINO M.GUIA,NOTRE JARDIN,Emb. 0.22 KG,"0,99€","4,50€ / KG",
Gnocchi Fresco,TURINI,Emb. 0.375 KG,"1,49€","3,97€ / KG",
Arroz Agulha,BELMONTE,Emb. 1 KG,"1,03€","1,03€ / KG",
Chocolate Preto 70% Cacau Extra Noir,JUBILEU,Emb. 0.1 KG,"2,49€","24,90€ / KG",
Vinho Bordeaux Rouge A.O.C. 2014,CHANTET BLANET,Garrafa 0.75 ML,"3,49€","4,65€ / ML",
Iogurte Grego Yaos Caramelo,YAOS,Emb. 0.44 KG,"2,29€","5,20€ / KG",
Bife Picanha Novilho,,1 Unid. = 0.2 KG (aprox.),"9,98€/kg","2,00€ / Unid.",
Queijo Meio Gordo de Lamego,PAIVA,1 Unid. = 1.2 KG (aprox.),"9,50€/kg","11,40€ / Unid.",
LIMPA VIDROS AUTO 5 L 5L TECH9,TECH9,Emb. 5 LT,"2,39€","0,48€ / LT",
Inhame,,1 Unid. = 0.1 KG (aprox.),"3,99€/kg","0,40€ / Unid.",
Filete Cavala em Azeite Virgem,BOM PETISCO,Emb. 0.12 KG,"2,39€","19,92€ / KG",
ESTENDAL HORIZONTAL SEMI-AUTOMATICO 24,HOMESIDE,Emb. 1 UNID.,"27,99€","27,99€ / UNID.",
Batom Lasting Finish Drop of Sherry 058,RIMMEL,Emb. 1 UNID.,"8,98€","8,98€ / UNID.",
FIAMBRE PERNA EXTRA FATIADO,CAMPO FINO,Emb. 0.15 KG,"1,29€","8,60€ / KG",
Papel Higiénico Decorado,MARQUE REPERE,Emb. 12 UNID.,"3,49€","0,29€ / UNID.",
AGRAFADOR Nº10 + 400AGRAFOS,ESQUISSE,Emb. 1 UNID.,"1,99€","1,99€ / UNID.",
VELA NUMERO FUN 5,ARDENCE,Emb. 1 UNID.,"0,99€","0,99€ / UNID.",
Sumo S/ Gás Tropical,ECO+,Emb. 2 LT,"1,79€","0,90€ / LT",
Dentífrico Menta Suave,AQUAFRESH,Emb. 0.075 LT,"2,38€","31,73€ / LT",
Eau De Toilette Umbro Power,UMBRO,Emb. 0.03 LT,"6,98€","232,67€ / LT",
Forma Tarte C/Fundo Solto 28Cm,ECO+,Emb. 1 UNID.,"3,99€","3,99€ / UNID.",
Massa Quebrada com Gordura Vegetal Rolo,,Emb. 0.23 KG,"0,59€","2,57€ / KG",
Pão de Forma,EPI D'OR,Emb. 0.5 KG,"0,89€","1,78€ / KG",
DROPS MENTA,COPAÍNS COPINES,Emb. 0.25 KG,"1,19€","4,76€ / KG",
RECARGAS MAQ BARBEAR 3 LAMINAS,CARRÉ HOMME,Emb. 4 UNID.,"3,19€","0,80€ / UNID.",
PELICULA ADERENTE 50M,ECO+,Emb. 50 M,"0,90€","0,02€ / M",
Gelo em Cubos,,Emb. 2 KG,"1,00€","0,50€ / KG",
Verniz de Unhas 60 Segundos 315,RIMMEL,Emb. 1 UNID.,"5,58€","5,58€ / UNID.",
PIMENTA PRETA EM GRAO SAQUETA,RUSTICA,Emb. 0.05 KG,"0,89€","17,80€ / KG",
Vinho Regional Douro Branco,ADEGA DE VILA REAL,Garrafa 0.75 LT,"3,99€","5,32€ / LT",
Groselha,ALBERGARIA,Garrafa 1 LT,"4,18€","4,18€ / LT",
Champô Repara Azeite de Argão de Marrocos,HERBAL ESSENCES,Emb. 0.4 LT,"3,99€","9,98€ / LT",
CALAMARES A ROMANA,PÊCHE OCÉAN,Emb. 0.5 KG,"4,99€","9,98€ / KG",
Forno de Lenha Fatias Finas Peito de Peru,CAMPOFRIO,Emb. 0.12 KG,"2,68€","22,33€ / KG",
Pasta Pot Cogumelos,KNORR,Emb. 0.07 KG,"1,78€","25,43€ / KG",
Pizza Fiambre Queijo 3x350g,TURINI,Emb. 1.05 KG,"4,49€","4,28€ / KG",
Paloco Desfiado,,Emb. 0.4 KG,"3,99€","9,98€ / KG",
Creme de Legumes,REGAL SOUPE,Emb. 1 LT,"1,59€","1,59€ / LT",
Toalhitas Clássicas Recarga,MOTS D'ENFANTS,Emb. 72 UNID.,"1,29€","0,02€ / UNID.",
Vinho Regional Douro Branco,PORCA DE MURÇA,Garrafa 0.75 LT,"4,58€","6,11€ / LT",
Bebida soja Original 3x250ml,ALPRO,Emb. 0.75 LT,"1,79€","2,39€ / LT",
Álcool Canforado HIDRO 250ml,HIDRO,Emb. 0.25 LT,"2,09€","8,36€ / LT",
Proteção de Dentes e Gengivas Menta,LISTERINE,Emb. 0.25 LT,"3,98€","15,92€ / LT",
Sobremesa de Soja Pistachio,NAT&VIE,Emb. 0.4 KG,"1,34€","3,35€ / KG",
Fatias Fiambre da Perna Extra,NOBRE,Emb. 0.12 KG,"2,68€","22,33€ / KG",
Alimento Completo Cereais P/ Animais Exóticos,TOUS MES AMIS,Emb. 1 KG,"3,29€","3,29€ / KG",
Bebida Espirituosa London Gin,BRIGHTON'S,Garrafa 0.7 LT,"6,99€","9,99€ / LT",
RECARGA LIMPA VIDROS ECOLOGICO,UNÍ VERT,Emb. 0.75 LT,"1,69€","2,25€ / LT",
VILEDA FIBRA SINTETICA C/ABRASIVO PLAST. 1\\\'S,VILEDA,,"1,98€",/ Unid.,
Cereais Bolacha Maria,NESTUM,Emb. 0.25 KG,"2,17€","8,68€ / KG",
Rolo de Cozinha Maxi XXL,RENOVA,Emb. 2 ROLOS,"1,88€","0,94€ / ROLOS",
Pistácio Torrado C/ Sal,MARQUE REPERE,Emb. 0.25 KG,"5,69€","22,76€ / KG",
Pudim Caseiro Laranja,ROYAL,Emb. 0.2 KG,"1,97€","9,85€ / KG",
CORTINA DUCHE 180X200 CINZENTO,SILLAGE,Emb. 1 UNID.,"3,49€","3,49€ / UNID.",
Rolo de Cozinha Maxi Absorção,RENOVA,Emb. 4 ROLOS,"2,58€","0,65€ / ROLOS",
ACENDALHAS EM BASTOES,SILEX,Emb. 24 UNID.,"2,49€","0,10€ / UNID.",
ESPARGUETE GRAO DE BICO BIO,,Emb. 0.25 KG,"1,94€","7,76€ / KG",
Ração seca para gato digestão sensível c/ truta,ULTIMA,Emb. 1.5 KG,"13,28€","8,85€ / KG",
Limpa Madeiras Brilhante Secagem Rápida,SONASOL,Emb. 1.1 LT,"2,79€","2,54€ / LT",
Aditivo roupa spray roupa branca,VANISH,Emb. 0.75 LT,"5,19€","6,92€ / LT",
Papel Higiénico 2 Folhas,MARQUE REPERE,Emb. 12 UNID.,"2,49€","0,21€ / UNID.",
TARTE DE LIMAO,P'TIT DÉLI,Emb. 0.3 KG,"2,99€","9,97€ / KG",
Desodorizante Spray Sport Cool,DOVE,Emb. 0.05 LT,"2,39€","47,80€ / LT",
Óleo Intense 4-23 Cereja Profundo,SYOSS,,"6,24€",/ Unid.,
Spray de Limpeza e Desengordurante Cozinha Ecológico,UNÍ VERT,Emb. 0.75 LT,"1,49€","1,99€ / LT",
Pente de Cabelo,,Emb. 1 UNID.,"1,99€","1,99€ / UNID.",
Gentil Lixívia para a Roupa a Cores e Delicada,NEOBLANC,Emb. 2 LT,"4,11€","2,06€ / LT",
Toalhitas Proteção Cores,WOOLITE,Emb. 10 UNID.,"3,49€","0,35€ / UNID.",
Biscoitos Revestidos com Chocolate Branco,P'TIT DÉLI,Emb. 0.15 KG,"0,79€","5,27€ / KG",
Creme Depilatório Duche Peles Normais,VEET,Emb. 0.15 LT,"6,64€","44,27€ / LT",
Mini Pizza Queijo e Fiambre Ultracongelado 9 Unid.,PICCOLINIS,Emb. 0.27 KG,"3,98€","14,74€ / KG",
Leite Bem Essencial C/ Chocolate UHT 4 Unid.,MIMOSA,Emb. 0.8 LT,"1,98€","2,48€ / LT",
RECARGA MOPA ROTACAO,SILLAGE,Emb. 1 UNID.,"1,90€","1,90€ / UNID.",
"Escova P/ Loiça ""Lola""",,Emb. 1 UNID.,"0,69€","0,69€ / UNID.",
MEGA CHOCO CHOCOLATE LEITE CROCANTE,P'TIT DÉLI,Emb. 0.15 KG,"1,49€","9,93€ / KG",
CHAMPO + DUCHE ENERGIZANTE PARA HOMEM,CARRÉ HOMME,Emb. 0.25,"0,95€","3,80€ /",
Sementes de Linhaça,MARQUE REPERE,Emb. 0.2 KG,"0,99€","4,95€ / KG",
Conhaque Royal Spirit,MACIEIRA,Garrafa 0.7 LT,"10,99€","15,70€ / LT",
Alimento Seco P/ Gatos Esterilizados Peru e Legumes,PURINA FRISKIES,Emb. 1.5 KG,"5,51€","3,67€ / KG",
Alimento Seco P/ Gato Especial Pele e Pêlo,PURINA,Emb. 0.8 KG,"6,98€","8,73€ / KG",
Palmiers Kids,DU BOIS DE LA ROCHE,Emb. 0.1 KG,"1,08€","10,80€ / KG",
DESODORIZANTE AERO DARK TEMPTATION,AXE,Emb. 0.15 LT,"3,29€","21,93€ / LT",
Lixívia Frescura do Campo,NEOBLANC,Emb. 2 LT,"2,14€","1,07€ / LT",
COUVE FLOR,RUSTICA,Emb. 0.36 KG,"1,09€","3,03€ / KG",
Aguardente Velha,CR&F,Emb. 0.7 LT,"17,49€","24,99€ / LT",
Macarrão,TURINI,Emb. 0.5 KG,"0,89€","1,78€ / KG",
Cenoura,,1 Unid. = 0.1 KG (aprox.),"0,69€/kg","0,07€ / Unid.",
Presunto 6 Fatias,,Emb. 0.15 KG,"2,09€","13,93€ / KG",
CUECA INCONTINENCIA ABSORCAO PLUS MEDIA,CHORYS,Emb. 12 UNID.,"7,99€","0,67€ / UNID.",
CAPA CARTÃO C/ELÁSTICO,ESQUISSE,Emb. 1 UNID.,"0,74€","0,74€ / UNID.",
Conjunto De 2 Mini Cadeados,ECO+,Emb. 2 UNID.,"1,99€","1,00€ / UNID.",
PURE MACA/ANANAS/ACEROLA SEM ADICAO ACUCAR BISNAGA,DOUCEUR DU VERGER,Emb. 0.48 KG,"2,70€","5,63€ / KG",
Bebida Energética,X-TENSE,Lata 4 UNID.,"3,89€","0,97€ / UNID.",
CHAMPO SECO TILIA/MACA 150ML,NATEIS,Emb. 0.15,"2,49€","16,60€ /",
Néctar Vital Frutos Vermelhos,COMPAL,Emb. 1 LT,"1,58€","1,58€ / LT",
ACUCAR DE CANA CUBOS BIO,,Emb. 0.5 KG,"1,95€","3,90€ / KG",
Leite Bem Especial Crescimento 1 a 3 anos,MIMOSA,Emb. 1 LT,"1,38€","1,38€ / LT",
Romã,,1 Unid. = 0.3 KG (aprox.),"2,59€/kg","0,78€ / Unid.",
"ATUM COM GRAO,RAMIREZ,120G",RAMIREZ,,"1,29€",/ Unid.,
Cillit Bang Limpa Vidros 500ML x12,CILLIT BANG,Emb. 0.5 LT,"2,24€","4,48€ / LT",
Bolachas Areadas Cobertas de Chocolate,P'TIT DÉLI,Emb. 0.15 KG,"1,19€","7,93€ / KG",
ESCADOTE 2 DEGRAUS,ECO+,Emb. 1 UNID.,"16,99€","16,99€ / UNID.",
Lenços de Bolso Menta Sensitive 4 Folhas,RENOVA,Emb. 6 UNID.,"0,98€","0,16€ / UNID.",
Iogurte Líquido S/ Lactose Morango Banana 4 Unid.,YOGGI,Emb. 0.64 KG,"2,19€","3,42€ / KG",
Iogurte Bifidus Activia Natural 4 Unid.,DANONE,Emb. 0.48 KG,"1,99€","4,15€ / KG",
Salame Palaciego,CAMPOFRIO,1 Unid. = 0.13 KG (aprox.),"13,59€/kg","1,77€ / Unid.",
"MASSA FRESCA ""RAVIOLI"" BOLONHESA",TURINI,Emb. 0.3 KG,"1,99€","6,63€ / KG",
ACHOCOLATADO GRANULADO,BON CHOCO,0.400 0,"1,99€",inf€ /,
Pantene Fixação Ultra Forte Laca 300ml,PANTENE PV,Emb. 0.3 LT,"3,74€","12,47€ / LT",
Massa Espirais Tricolores,MILANEZA,Emb. 0.5 KG,"1,93€","3,86€ / KG",
Barras de Cereais Special Chocolate,KELLOGG'S,Emb. 0.132 KG,"3,57€","27,05€ / KG",
Ice Tea de Pêssego 3x20 cl,LIPTON,Emb. 0.6 LT,"1,17€","1,95€ / LT",
BLOCO NOTAS ADESIVO 75X75MM 2X100UN,ESQUISSE,Emb. 2 UNID.,"0,98€","0,49€ / UNID.",
TEMPERO BARBECUE PARA CARNE DE PORCO E SACO P/ ASSAR,RUSTICA,Emb. 0.028 KG,"0,79€","28,21€ / KG",
ANTI NODOAS E ANTI-DESCOLORACAO 2EM1,TEXIL,Emb. 12 UNID.,"2,49€","0,21€ / UNID.",
SNACK BACON,TOKAPI,Emb. 0.065 KG,"0,69€","10,62€ / KG",
Crackers sem Sal na Superfície,DU BOIS DE LA ROCHE,Emb. 0.5 KG,"3,08€","6,16€ / KG",
AGUA MICELAR BIO,BIONAÏA,Emb. 0.4 LT,"2,95€","7,38€ / LT",
AGULHA P/BOLA 3UN,WOODSUN,Emb. 3 UNID.,"0,47€","0,16€ / UNID.",
Brioches Redondos 12 Unid.,EPI D'OR,Emb. 0.48 KG,"1,89€","3,94€ / KG",
Covete Endivia Branca Org Esp 450G MARCA GUIA,,Emb. 0.45 KG,"2,59€","5,76€ / KG",
Bebida Gaseificada Aromatizada de Framboesa S/ Álcool,FESTALIE,Emb. 0.75 ML,"2,79€","3,72€ / ML",
ENVELOPE SILICONE 110X220MM 100UN,ECO+,Emb. 100 UNID.,"1,99€","0,02€ / UNID.",
Bacalhau Graúdo Noruega Asa Preta,,1 Unid. = 2.5 KG,"12,99€/kg","32,48€ / Unid.",
Cachaça Brasil 51,CACHAÇA 51,Garrafa 0.7 LT,"11,48€","16,40€ / LT",
B&J Netflix & Chill'D 465ml,,Emb. 0.465 LT,"6,78€","14,58€ / LT",
Pizza de Fiambre Queijo,CAMPOFRIO,Emb. 0.36 KG,"2,49€","6,92€ / KG",
Spray Desembaraçador,NATEIS,Emb. 0.2 LT,"1,99€","9,95€ / LT",
MASSA TORTELLINI RICOTTA ESPINAFRES,TURINI,Emb. 0.3 KG,"1,59€","5,30€ / KG",
TIRA NODOAS PRE-LAVAGEM 400ML,TEXIL,Emb. 0.4 LT,"1,99€","4,98€ / LT",
Spray Limpa Vidros Tripla Ação,AJAX,Emb. 0.5 LT,"3,18€","6,36€ / LT",
Chá Preto Yellow Label 100 Saquetas,LIPTON,Emb. 100 Saquetas,"4,54€","0,05€ / Saquetas",
Toldo Proteção P/Pintura Transparente 4X6Metros,ECO+,Emb. 1 UNID.,"1,99€","1,99€ / UNID.",
Creme Depilatório Peles Normais,VEET,Emb. 0.2 LT,"6,64€","33,20€ / LT",
Metades de Pêssego em Calda,DOUCEUR DU VERGER,Lata 0.23 KG,"1,79€","7,78€ / KG",
Cereais Chocolate,NESTUM,Emb. 0.25 KG,"2,17€","8,68€ / KG",
Vinho Regional Minho Branco,AVELEDA,Garrafa 0.75 LT,"5,48€","7,31€ / LT",
Legumes para Sopa,NOTRE JARDIN,Emb. 1 KG,"1,55€","1,55€ / KG",
Ananás em Calda,FRUÍSTAR,Emb. 0.825 KG,"2,19€","2,65€ / KG",
GELADO CHOCOLATE,ECO+,Emb. 1 LT,"1,60€","1,60€ / LT",
Alimento P/ Gato de Frango C/ Mandioca S/ Glúten,BEYOND,Emb. 1.2 KG,"11,98€","9,98€ / KG",
Pozolana Bio,BEAUX JOURS,Emb. 20 LT,"5,99€","0,30€ / LT",
Queijo Flamengo 1/2 Bola,AGROS,Emb. 0.7 KG,"6,68€","9,54€ / KG",
PAPEL VEGETAL EM FOLHAS 30UN,ELEMBAL,Emb. 30 UNID.,"1,07€","0,04€ / UNID.",
BEBIDA SOJA NATURAL,ALPRO,Emb. 1 LT,"1,59€","1,59€ / LT",
Bolachas Recheadas C/ Frutos do Bosque,MC VITIE'S,Emb. 0.218 KG,"2,19€","10,05€ / KG",
Alimento P/ Gato de Salmão C/ Mandioca S/ Glúten,BEYOND,Emb. 1.2 KG,"11,98€","9,98€ / KG",
Chourição,CHARCUTARIA,1 Unid. = 0.1 KG (aprox.),"8,99€/kg","0,90€ / Unid.",
Brownie de Chocolate com Pepitas de Chocolate,P'TIT DÉLI,Emb. 0.24 KG,"2,09€","8,71€ / KG",
Sabonete Líquido Mão,DOVE,Emb. 0.25 LT,"2,39€","9,56€ / LT",
Tomate Triturado da Horta,COMPAL,Emb. 0.5 LT,"1,49€","2,98€ / LT",
REDONDITAS CROCANTES tipo belgas,P'TIT DÉLI,Emb. 0.25 KG,"1,99€","7,96€ / KG",
Linguiça,,Emb. 0.2 KG,"1,35€","6,75€ / KG",
Bolacha Gullon Vitalday Crocant Fruta 300g,GULLÓN,Emb. 0.3 KG,"2,27€","7,57€ / KG",
Fiambre da Perna Extra Fatiado,NOBRE,Emb. 0.11 KG,"2,14€","19,45€ / KG",
Vinho do Porto Lágrima Branco,DORRÃO,Emb. 0.075 LT,"6,49€","86,53€ / LT",
Vinho Tinto,COMP DO VINHO,Emb. 1 LT,"0,94€","0,94€ / LT",
"BL1 LED ESFERA R 5,5W-40W E27",FOXTER,Emb. 1 UNID.,"3,99€","3,99€ / UNID.",
Limpa Multisuperficies Cif Ultra Limpeza Brilhante,CIF,Emb. 0.5 LT,"1,79€","3,58€ / LT",
Cerveja C/ Álcool,FALSBOURG,Lata 0.33 LT,"0,38€","1,15€ / LT",
RIMMEL BL_ BATON LASTING FINISH 214 FIRECRACKER,,Emb. 1 UNID.,"8,09€","8,09€ / UNID.",
Néctar Clássico Tutti Frutti 3x20 cl,COMPAL,Emb. 0.6 LT,"1,38€","2,30€ / LT",
Molho de Tomate com Azeitonas e Manjericão,TURINI,Emb. 0.42 KG,"1,29€","3,07€ / KG",
Alimento Perle Húmido P/ Gato C/ Molho Frango e Vaca 4x85g,PURINA,Emb. 0.34 KG,"3,48€","10,24€ / KG",
Queijo Ralado,TERRA NOSTRA,Emb. 0.15 KG,"1,39€","9,27€ / KG",
Esparguete,TURINI,Emb. 1 KG,"1,49€","1,49€ / KG",
Máscara de Abacate Ultra Suave,GARNIER,Emb. 0.3 LT,"6,78€","22,60€ / LT",
Gomas Trio Acidas,COPAÍNS COPINES,Emb. 0.2 KG,"0,99€","4,95€ / KG",
Creme Culinária Soja,SHOYCE,Emb. 0.2 L,"1,38€","6,90€ / L",
SALSICHA CHURRASCO PICANTE,CAMPO FINO,Emb. 0.2 KG,"1,49€","7,45€ / KG",
Conserva de Grão,COMPAL,Lata 0.845 KG,"1,59€","1,88€ / KG",
Espanador Duster + 5 Panos,SWIFFER,Emb. 1 UNID.,"3,59€","3,59€ / UNID.",
Bolachas Maria Doces,VIEIRA,Emb. 0.3 KG,"2,44€","8,13€ / KG",
Barras de Cereais Special K Frutos Vermelhos,KELLOGG'S,Emb. 0.132 KG,"3,47€","26,29€ / KG",
RECARGAS MAQ.BARBEAR 5 LAMINAS 4UN,CARRÉ HOMME,Emb. 4 UNID.,"4,29€","1,07€ / UNID.",
3 Mini Saucisses Sèches,ST AZAY,Emb. 0.15 KG,"2,49€","16,60€ / KG",
Snack Batata Sabor Paprika,TOKAPI,Emb. 0.17 KG,"1,79€","10,53€ / KG",
MIOLO DE CAMARAO 24/36,PÊCHE OCÉAN,Emb. 0.3 KG,"7,10€","23,67€ / KG",
Esparguete C/ Frango +10 Meses,NESTLÉ,Emb. 0.19 KG,"1,39€","7,32€ / KG",
Loção Sensitive,BABY DOVE,Emb. 0.2 LT,"5,39€","26,95€ / LT",
Conserva de Milho Doce Grão,ECO+,Emb. 0.3 KG,"0,65€","2,17€ / KG",
Robalo Cal. 200/300,,1 Unid. = 0.4 KG (aprox.),"7,99€/kg","3,20€ / Unid.",
Ovos Solo M,SNR,Emb. 6 UNID.,"1,44€","0,24€ / UNID.",
Difusor e Recarga Freshmatic Lavanda e Camomila,AIR WICK,Emb. 0.61 KG,"7,19€","11,79€ / KG",
Queijo Amanteigado Mistura,ALVELHE,1 Unid. = 1.2 KG (aprox.),"9,99€/kg","11,99€ / Unid.",
Tomate Chucha,,1 Unid. = 0.2 KG (aprox.),"3,09€/kg","0,62€ / Unid.",
Licor de Ginja,GINJA D' ÓBIDOS,Emb. 0.7 LT,"15,98€","22,83€ / LT",
QUEIJO NEUFCHATEL DOP,NOS RÉGIONS ONT DU TALENT,Emb. 0.2 KG,"2,59€","12,95€ / KG",
Bolacha Sortida Vegan Chocolate Negro Princesa,THINS,Emb. 0.2 KG,"1,97€","9,85€ / KG",
Desmaquilhante de Olhos Dupla Acção,NIVEA,Emb. 0.125 UNID.,"4,98€","39,84€ / UNID.",
Desodorizante Spray,REXONA,Emb. 0.15 LT,"2,54€","16,93€ / LT",
Café Cápsulas deQafeinatus Intensidade 1,DELTA,Emb. 10 CAPS.,"3,39€","0,34€ / CAPS.",
Gel De Argila,DOVE,Emb. 0.5 LT,"2,99€","5,98€ / LT",
Gel Banho Baunilha/Ambre,MANAVA,Emb. 0.5 LT,"2,29€","4,58€ / LT",
Biscoitos Tranças com Cobertura de Chocolate de Leite,P'TIT DÉLI,Emb. 0.09 KG,"1,39€","15,44€ / KG",
Sacos de Congelação Pequeno 18x20cm,ELEMBAL,Emb. 25 SAQ.,"1,19€","0,05€ / SAQ.",
Chiclets de Morango 12 Unid.,CHICLETS,Emb. 0.017 KG,"0,89€","52,35€ / KG",
Achocolatado em Pó,BON CHOCO,Emb. 0.45 KG,"1,79€","3,98€ / KG",
Vinho Tinto Alentejo,CHAMINÉ,Emb. 0.75 LT,"8,49€","11,32€ / LT",
MINI AGRAFADOR Nº10 + 400AGRAFOS,ESQUISSE,Emb. 1 UNID.,"1,99€","1,99€ / UNID.",
RECARGA P/ ESCOVA DENTES MEDIA CABECA RECARRREGAVEL,DENTAMYL,,"1,25€",/ Unid.,
Gel de Banho Deeply Nourishing,DOVE,Emb. 0.75 LT,"4,19€","5,59€ / LT",
Sais de Fruta Digestivo Laranja,ENO,Emb. 10 UNID.,"4,98€","0,50€ / UNID.",
Papel Higiénico 2 Folhas Original,SCOTTEX,Emb. 32 ROLOS,"8,98€","0,28€ / ROLOS",
Nata para Culinária,PARMALAT,Emb. 0.2 KG,"1,11€","5,55€ / KG",
Pacotinho de Frutas Maçã e Pêssego S/ Glúten +6 meses,NESTLÉ,Emb. 0.09 KG,"1,04€","11,56€ / KG",
Snacks Party Mix Original,FELIX,Emb. 0.06 KG,"1,88€","31,33€ / KG",
Escova de Dentes Criança Unicórnio Luminoso,PETIT DENTAMYL,Emb. 1 UNID.,"2,31€","2,31€ / UNID.",
Capucino Chocolate Base de Leite Magro em Pó,PLANTATION,Emb. 0.306 KG,"2,99€","9,77€ / KG",
ESPUMA BARBEAR DERMO P.SENSIVEIS 250ML,CARRÉ HOMME,Emb. 0.25 LT,"1,39€","5,56€ / LT",
Toldo Proteção P/Pintura Plástico 2X3Metros,ECO+,Emb. 1 UNID.,"3,99€","3,99€ / UNID.",
Caderno Capa Preta Pautado A5 60p,ESQUISSE,,"0,59€",/ Unid.,
TESOURA PODA,BEAUX JOURS,Emb. 1 UNID.,"2,99€","2,99€ / UNID.",
IOGURTE BAUNILHA BIO FRASCO,,Emb. 0.5 KG,"1,79€","3,58€ / KG",
SACO DESPORTO,WOODSUN,Emb. 1 UNID.,"13,23€","13,23€ / UNID.",
TIRAS DE BACON FUMADOS -25% TEOR SAL (LARDONS) 2X75G,TRADILÈGE,Emb. 0.15,"1,79€","11,93€ /",
MASCARA DETOX BIO 100ML,BIONAÏA,Emb. 0.1 LT,"3,29€","32,90€ / LT",
Salsichas C/ Feijão,CÔTÉ TABLE,Emb. 0.84 KG,"2,49€","2,96€ / KG",
Chocolate Negro Sobremesas,ECO+,Emb. 0.2 KG,"0,89€","4,45€ / KG",
Noz-Moscada Moída,RUSTICA,Frasco 0.042 KG,"1,69€","40,24€ / KG",
Néctar de Laranja,JAFADEN,Emb. 2 LT,"1,69€","0,85€ / LT",
Acendalha 100% Natural,SILEX,Emb. 40 UNID.,"0,99€","0,02€ / UNID.",
BARRA CEREAIS CHOCO LEITE COCO,GRAINEA,Emb. 0.126 KG,"1,25€","9,92€ / KG",
MOLHO CHALOTA,RUSTICA,Emb. 0.3 LT,"1,39€","4,63€ / LT",
COLORACAO LOURO ESCURO 6.0,VITANOVE,Emb. 1 UNID.,"4,19€","4,19€ / UNID.",
Biscoitos de Canela,P'TIT DÉLI,Emb. 0.5 KG,"1,99€","3,98€ / KG",
Café Solúvel Clássico,NESCAFÉ,Emb. 10 SAQ.,"1,58€","0,16€ / SAQ.",
Queijo Mini Babybel Light,BABYBEL,Emb. 0.12 KG,"2,04€","17,00€ / KG",
Alimento Seco P/ Cão Adulto Carne Vaca,PURINA ONE,Emb. 1.5 KG,"6,47€","4,31€ / KG",
TOMATES SECOS EM OLEO GIRASSOL E AZEITE,RUSTICA,Emb. 0.28 KG,"2,69€","9,61€ / KG",
Bifanas de Porco,,1 Unid. = 0.15 KG (aprox.),"4,39€/kg","0,66€ / Unid.",
Passas de Uva,TABLIER BLANC,Emb. 0.25 KG,"1,39€","5,56€ / KG",
FRICASSE FRANGO C/ARROZ E LEGUMES,CÔTÉ TABLE,Emb. 0.9 KG,"3,99€","4,43€ / KG",
LIMPA MOVEIS C/CERA AEROSSOL,CLAIR,Emb. 0.3 LT,"1,59€","5,30€ / LT",
Douradinhos de Filete de Peixe 15 Unid. Ultracongelado,CAPITÃO IGLO,Emb. 0.42 KG,"5,68€","13,52€ / KG",
Espumante Reserva Meio Seco,RAPOSEIRA,Garrafa 0.75 LT,"7,74€","10,32€ / LT",
Cereja Cal. 22/24,,1 Unid. = 0.125 KG (aprox.),"4,96€/kg","0,62€ / Unid.",
Pão Cereais,,1 Unid. = 0.1 KG,"0,35€","3,50€ / KG",
Papa Infantil de Banana Laranja,CERELAC,Emb. 0.25 KG,"2,39€","9,56€ / KG",
Massa Macarronete Riscado,ECO+,Emb. 0.5 KG,"0,65€","1,30€ / KG",
Red Bull,RED BULL,Lata 0.355 LT,"1,88€","5,30€ / LT",
Champô Cabelo Garnier Cereja e Amêndoa,ULTRA SUAVE,Emb. 0.25 LT,"3,58€","14,32€ / LT",
Óleo Cabelo Repara e Protege,PANTENE,Emb. 0.1 LT,"9,98€","99,80€ / LT",
Cebola Laminada,NOTRE JARDIN,Emb. 1 KG,"1,49€","1,49€ / KG",
Aquafresh MultiAction  2x75 ml,AQUAFRESH,,"6,59€",/ Unid.,
Dentífrico Natural Extracts Brilho Intenso,COLGATE,Emb. 0.075 LT,"3,24€","43,20€ / LT",
Bigburger de Peito de Frango 2 Unid.,IGLO,Emb. 0.227 KG,"3,22€","14,19€ / KG",
Lava Tudo Sabão Natural,CLAIR,Emb. 2 LT,"0,98€","0,49€ / LT",
CHOCOLATE LEITE C/ PEDACOS CARAMELO 3X100G,TABLETTE D'OR,,"3,08€",/ Unid.,
Molho Vinagrete Natural,RUSTICA,Emb. 0.05 LT,"1,59€","31,80€ / LT",
Queijo Coulommiers 50%MG,,Emb. 0.35 KG,"2,29€","6,54€ / KG",
Agrião,,Emb. 0.15 KG,"1,39€","9,27€ / KG",
Alheira Regional - PDTO Lamego,SNR,Emb. 0.21 KG,"1,49€","7,10€ / KG",
ARROZ DOCE SABOR BAUNILHA,DÉLISSE,Emb. 0.92 KG,"2,99€","3,25€ / KG",
Iogurte Líquido Limonada 4 Unid.,YOGGI,Emb. 0.64 KG,"2,09€","3,27€ / KG",
TOMATE PELADO,TURINI,Emb. 0.78 KG,"0,99€","1,27€ / KG",
Vinho Regional Douro Reserva 2015,MONTES ERMOS,Garrafa 0.75 L,"4,39€","5,85€ / L",
Concentrado de Maracujá Miix,SUNQUICK,Emb. 0.58 LT,"4,78€","8,24€ / LT",
Queijo Mistura,PAIVA,1 Unid. = 1.2 KG (aprox.),"9,13€/kg","10,96€ / Unid.",
Cogumelos Inteiros,NOTRE JARDIN,Emb. 0.78 KG,"2,69€","3,45€ / KG",
Deo Creme Derma Care 0% Álcool,VASELINE,Emb. 0.05 LT,"2,84€","56,80€ / LT",
"AGUA NAT PET,CARVALHELHO,4x1.5L",CARVALHELHOS,,"2,37€",/ Unid.,
Mini Mousse de Frutos 6x74g,DÉLISSE,Emb. 0.444 KG,"1,89€","4,26€ / KG",
Toucinho Fumado,,1 Unid. = 0.12 KG (aprox.),"8,99€/kg","1,08€ / Unid.",
Tempero Esparguete à Bolonhesa,KNORR,Emb. 0.038 KG,"1,49€","39,21€ / KG",
Porta Fatos Pequeno,SILLAGE,Emb. 1 UNID.,"2,49€","2,49€ / UNID.",
Café Pastilhas Lote Chávena,DELTA,Emb. 16 PAST.,"3,28€","0,21€ / PAST.",
BOLACHAS VITALDAY CROCANTE CHOCOLATE 280G,GULLÓN,Emb. 0.28 KG,"2,08€","7,43€ / KG",
Atum Posta Natural,BOM PETISCO,Emb. 0.2 KG,"2,39€","11,95€ / KG",
"Requeijão de Vaca, Cabra e Ovelha",SALOIO,Emb. 0.17 KG,"1,68€","9,88€ / KG",
Vinagre de Sidra Original,GALLO,Emb. 0.25 LT,"1,69€","6,76€ / LT",
Paté para Cão de Aves e Fígado,LYDOG,Emb. 0.3 KG,"0,79€","2,63€ / KG",
Bolachas Duplo Creme,OREO,Emb. 0.185 KG,"1,67€","9,03€ / KG",
Massa Folhada com Manteiga,TABLIER BLANC,Emb. 0.23 KG,"1,30€","5,65€ / KG",
Sementes de Sésamo,MARQUE REPERE,Emb. 0.2 KG,"1,49€","7,45€ / KG",
Pão sem Côdea Especial Torradas,PANRICO,Emb. 0.51 KG,"2,67€","5,24€ / KG",
Cápsulas Café Colombia P/ Dolce Gusto Intensidade 7,DOLCE GUSTO,Emb. 12 CAPS.,"5,38€","0,45€ / CAPS.",
Cabo Universal,,Emb. 1 UNID.,"3,99€","3,99€ / UNID.",
Queijo Ralado Mozzarella Especial Pizza,PRÉSIDENT,Emb. 0.15 KG,"2,54€","16,93€ / KG",
Leite Creme 4x23 g,EL MANDARIN,Emb. 0.092 KG,"1,48€","16,09€ / KG",
Bolacha Cream Crackers Estilo Inglês,CUÉTARA,Emb. 0.2 KG,"1,27€","6,35€ / KG",
Refrigerante sem Gás Maçã Verde,FRUTIS,Garrafa 1.5 LT,"1,15€","0,77€ / LT",
Fermento em Pó,ROYAL,Emb. 0.113 KG,"1,87€","16,55€ / KG",
Iced Tea Pêssego,ECO+,Emb. 1.5 LT,"0,84€","0,56€ / LT",
QUEIJO FRESCO PARA BARRAR 24%MG,LES CROISÉS,Emb. 0.15 KG,"0,79€","5,27€ / KG",
Creme de Barbear Protector,NIVEA MEN,Emb. 0.1 LT,"3,98€","39,80€ / LT",
Deo Spray Tropical,REXONA,Emb. 0.15 LT,"2,54€","16,93€ / LT",
Bolachas Crackers com Azeite e Rosmaninho,DU BOIS DE LA ROCHE,Emb. 0.2 KG,"1,56€","7,80€ / KG",
Massa Tomate e Mozzarella,KNORR,Emb. 0.072 KG,"1,89€","26,25€ / KG",
AFIA 2 ENTRADAS METAL,ESQUISSE,Emb. 1 UNID.,"0,79€","0,79€ / UNID.",
Gel de Duche Pétalas do Oriente,MANAVA,Emb. 0.25 LT,"1,19€","4,76€ / LT",
Conserva de Azeitona Verde Inteira,RUSTICA,Emb. 0.5 KG,"1,99€","3,98€ / KG",
Bebida em Pó Sabor Tropical,TANG,Emb. 0.03 KG,"0,82€","27,33€ / KG",
Toalhitas Sensitive Máxima Proteção Sem Perfume,DODOT,Emb. 54 UNID.,"1,87€","0,03€ / UNID.",
Recarga Ambientador Flor de Cereja da Ásia,AIRWICK,Emb. 0.25 LT,"3,59€","14,36€ / LT",
Iogurte Líquido Frutos Tropicais 4 Unid.,YOGGI,Emb. 0.64 KG,"2,09€","3,27€ / KG",
Iogurte Líquido Framboesa,DÉLISSE,Emb. 0.85 LT,"1,25€","1,47€ / LT",
DANACOL LIQUÍDO COLESTEROL AVEIA,DANACOL,Emb. 6 UNID.,"2,99€","0,50€ / UNID.",
TABLETE CHOCOLATE NEGRO FLOR SAL 100G,CEMOI,Emb. 0.1 KG,"0,99€","9,90€ / KG",
ABRASIVO SANITARIO PINHO ACTIV EFFECT 750ML,SYPHON,Emb. 0.75 LT,"0,99€","1,32€ / LT",
Líquido Sanitário Gel Lixívia,,Emb. 0.75 LT,"2,24€","2,99€ / LT",
Stick P/ Gato Salmão 3X5G,LYCAT,Emb. 3 UNID.,"0,59€","0,20€ / UNID.",
Azeite Virgem Extra Clássico,GALLO,Garrafa 2 LT,"13,78€","6,89€ / LT",
Alimento Húmido Geleia 4x390g,LYCAT,Emb. 4 KG,"2,99€","0,75€ / KG",
Esfregão Glitzi Power Inox,VILEDA,Emb. 2 UNID.,"3,48€","1,74€ / UNID.",
Filetes de Atum em Azeite,PÊCHE OCÉAN,Emb. 0.19 KG,"3,69€","19,42€ / KG",
Alimento Húmido para Cão Almôndegas de Aves,ECO+,,"1,65€",/ Unid.,
Massa Folhada Pronta Biológica,,Emb. 0.23 KG,"0,99€","4,30€ / KG",
Batatas Fritas Gourmet,POM'LISSE,Emb. 0.17 KG,"1,19€","7,00€ / KG",
Maionese com Mostarda de Dijon,,Frasco 0.47 KG,"1,39€","2,96€ / KG",
Recarga Freshmatic Pradera Púrpura de Lavanda,AIR WICK,Spray 0.25 LT,"3,59€","14,36€ / LT",
"CANETA ROLLER GEL RETRATIL AZUL 0,5MM",ESQUISSE,Emb. 1 UNID.,"0,69€","0,69€ / UNID.",
TUBO FLEXIVEL CHUVEIRO INOX 2M,FOXTER,Emb. 1 UNID.,"4,21€","4,21€ / UNID.",
AZEITONA MACANILHA MISTA INTEIRA,RUSTICA,Emb. 0.37 KG,"0,99€","2,68€ / KG",
Vinho Verde,3 MARIAS,Emb. 1 LT,"3,19€","3,19€ / LT",
Alimento Seco P/ Cão Salmão C/ Arroz,PURINA,Emb. 0.8 KG,"5,68€","7,10€ / KG",
Bolachas de Arroz Cobertura de Chocolate Biológicas,,Emb. 0.09 KG,"1,29€","14,33€ / KG",
Napolitana de Chocolate,,1 Unid. = 0.12 KG,"0,49€","4,08€ / KG",
GENGIBRE MOIDO FRASCO,RUSTICA,Emb. 0.027 KG,"0,79€","29,26€ / KG",
Escova Dentes Leite,AQUAFRESH,Emb. 1 UNID.,"2,33€","2,33€ / UNID.",
Cerveja com Álcool,SUPER BOCK,Lata 0.33 LT,"0,59€","1,79€ / LT",
ESCOVA DENTES CRIANCA 2-6 ANOS,PETIT DENTAMYL,Emb. 1 UNID.,"0,79€","0,79€ / UNID.",
ADESIVOS PURIFICANTES X6- PELE NORMAL A MISTA,INELL,Emb. 6 UNID.,"3,39€","0,57€ / UNID.",
Café Solúvel Clássico,NESCAFÉ,Emb. 0.2 KG,"6,14€","30,70€ / KG",
Filtros de Café Brancos Nº2,PLANTATION,Emb. 40 UNID.,"0,79€","0,02€ / UNID.",
Bolachas Recheadas com Aroma a Chocolate,P'TIT DÉLI,Emb. 0.3 KG,"1,09€","3,63€ / KG",
CRACKERS- BOLACHAS SALGADAS CROCANTES,TOKAPI,Emb. 0.1 KG,"0,65€","6,50€ / KG",
ARROZ SUSHI,CAÇAROLA,Emb. 1 KG,"1,98€","1,98€ / KG",
PIZZA MARGARITA BIO,,Emb. 0.35 KG,"3,79€","10,83€ / KG",
Spray Tira-Nódoas Multiuso,KH-7,Emb. 0.75 LT,"5,68€","7,57€ / LT",
Tiras Frango Panado,PESCANOVA,Emb. 1 KG,"9,99€","9,99€ / KG",
DETERGENTE MANUAL LOICA ULTRA SAIS E MINERAIS/FRUTOS EXOTICOS 500ML,VISIOR,Emb. 0.5,"0,77€","1,54€ /",
Rissóis de Carne,,Emb. 8   UNID.,"1,59€","0,20€ /   UNID.",
KIT FAJITAS 505G TABLE DU MON,TABLES DU MONDE,Emb. 0.505 KG,"3,59€","7,11€ / KG",
Manjericão,RUSTICA,Frasco 0.012 KG,"0,69€","57,50€ / KG",
"ATUM FILETE NATURAL,120G",TENÓRIO,Emb. 0.12 KG,"2,14€","17,83€ / KG",
Néctar Light Manga e Laranja,COMPAL,Emb. 1 LT,"1,83€","1,83€ / LT",
BAGUETE DE ALHO 2UN,CÔTÉ TABLE,Emb. 0.35 KG,"1,59€","4,54€ / KG",
Creme Barbear Sensitive,PALMOLIVE,Emb. 0.1 LT,"2,28€","22,80€ / LT",
Elixir Suavidade e Brilho Para Cabelo Muito Estragado,GLISS,Emb. 0.075 LT,"4,99€","66,53€ / LT",
SABONETE VEGETAL ALPERCE BIO,BIONAÏA,Emb. 0.1 LT,"1,55€","15,50€ / LT",
AUSCULTADORES C/MICRO PRETO,LINKSTER,Emb. 1 UNID.,"9,90€","9,90€ / UNID.",
"A+ COLOR LIQ 85D,,4.25L",A+,,"11,99€",/ Unid.,
Legumes C/ Vitela desde os 6 Meses S/ Glúten,NESTLÉ,Emb. 0.19 KG,"1,39€","7,32€ / KG",
Escova de Dentes 3D White,ORAL B,Emb. 1 UNID.,"2,18€","2,18€ / UNID.",
Queijo Amanteigado Fatiado,PAIVA,Emb. 0.18 Kg,"2,78€","15,44€ / Kg",
Vinho Branco do Douro,CADÃO,Emb. 0.75 LT,"3,69€","4,92€ / LT",
Forquilha Mão 3 Dentes,BEAUX JOURS,Emb. 1 UNID.,"3,25€","3,25€ / UNID.",
Pantene Grisalho Radiante & Suave Condicionador 160 ml,PANTENE PV,Emb. 0.16 LT,"4,98€","31,13€ / LT",
Bolo Arroz com Ovos Frescos e Cobertura Caramelo 4x100gr,DÉLISSE,Emb. 0.4 KG,"2,19€","5,48€ / KG",
Escova de Dentes,AQUAFRESH,Emb. 1 UNID.,"1,98€","1,98€ / UNID.",
Ovos Solo XL,SNR,Emb. 6 UNID.,"1,99€","0,33€ / UNID.",
Desodorizante Spray Invisible,MANAVA,Emb. 0.2 LT,"1,34€","6,70€ / LT",
Gelatina Light Tropical,ROYAL,Emb. 0.031 KG,"1,88€","60,65€ / KG",
Parmesão Reggiano Ralado,LES CROISÉS,Emb. 0.06 KG,"1,39€","23,17€ / KG",
DENTIFRICO SABOR PASTILHA ELASTICA 2-6 ANOS KIDS,PETIT DENTAMYL,Emb. 0.05 LT,"0,59€","11,80€ / LT",
Ameixa Seca C/ Caroço,MARQUE REPERE,Emb. 0.25 KG,"2,09€","8,36€ / KG",
Gomas Minhocas,COPAÍNS COPINES,Emb. 0.2 KG,"0,99€","4,95€ / KG",
Banana da Madeira,,1 Unid. = 0.18 KG (aprox.),"3,49€/kg","0,63€ / Unid.",
Cadeado C/ Chave 25Mm,FOXTER,Emb. 1 UNID.,"1,00€","1,00€ / UNID.",
Amêijoa Branca Congelada,,1 Unid. = 0.38 KG (aprox.),"3,49€/kg","1,33€ / Unid.",
ALIMENT BEBE: PURE LEGUMES DE PROVENCA BIO +4M 2X120G,BIO VILLAGE BEBE,Emb. 0.4 KG,"1,69€","4,23€ / KG",
"MINI SPRAY ""LIRIO DO VALE"" RECARGA 15ML",BIEN AIR,Emb. 0.015 LT,"0,90€","60,00€ / LT",
Salmão Fumado do Atlântico,RONDE DES MERS,Emb. 0.08 KG,"3,99€","49,88€ / KG",
Azeite virgem extra aroma trufa,GALLO,Emb. 0.25 LT,"2,39€","9,56€ / LT",
Lula Inteira Congelada,,1 Unid. = 0.25 KG (aprox.),"5,49€/kg","1,37€ / Unid.",
LAVA TUDO FLORAL,CLAIR,Emb. 2 UNID.,"0,99€","0,50€ / UNID.",
COLORACAO VEGETAL PRETO BIO,BIONAÏA,Emb. 1 UNID.,"6,99€","6,99€ / UNID.",
Salsichas Vegetal Green Cuisine,IGLO,Emb. 0.2 KG,"3,98€","19,90€ / KG",
Café Solúvel Clássico Intenso,NESCAFÉ,Emb. 0.1 KG,"3,98€","39,80€ / KG",
"SALAMI DANOIS ""PUR PORC"" FATIAS",ST AZAY,Emb. 0.16 KG,"1,79€","11,19€ / KG",
Escova para Cabelo Oval,,Emb. 1 UNID.,"4,49€","4,49€ / UNID.",
Pensos Diários Finos Pocket,DOULYS,Emb. 30 UNID.,"1,09€","0,04€ / UNID.",
Pacotinho de Multifrutas S/ Glúten +6 meses,NESTLÉ BEBÉ,Emb. 0.09 KG,"1,04€","11,56€ / KG",
Chá Preto,TETLEY,Emb. 10 SAQ.,"0,71€","0,07€ / SAQ.",
Queijo Grana Padano Ralado,LES CROISÉS,Emb. 0.1 KG,"1,59€","15,90€ / KG",
CAPA PLASTICA COLORIDA A4 C/ELASTICO,ESQUISSE,Emb. 1 UNID.,"1,49€","1,49€ / UNID.",
Miolo de Camarão Ultracongelado,PESCANOVA,Emb. 0.2 KG,"7,18€","35,90€ / KG",
PILHAS ALCALINAS LR03,ECO+,Emb. 8 UNID.,"1,79€","0,22€ / UNID.",
Bolachas Digestivas de Maçã,THINS,Emb. 0.174 KG,"2,47€","14,20€ / KG",
Piaçaba Escovado Cinza,SILLAGE,Emb. 1 UNID.,"5,49€","5,49€ / UNID.",
BACALHAU COM NATAS,CÔTÉ TABLE,Emb. 0.8 KG,"6,99€","8,74€ / KG",
Pensos para calos,HANSAPLAST,Emb. 8 UNID.,"3,48€","0,44€ / UNID.",
Miolo de Camarão Gigante Ultracongelado,PESCANOVA,Emb. 0.25 KG,"6,99€","27,96€ / KG",
GELATINA MORANGO LIGHT CONDI 2X15G,CONDI,Emb. 0.3 KG,"1,87€","6,23€ / KG",
Pérolas de Perfume para Roupa Dreams,LENOR,Emb. 0.21 KG,"7,69€","36,62€ / KG",
Esferográficas de Cores Sortidas Ponta Média,ESQUISSE,Emb. 4 UNID.,"0,99€","0,25€ / UNID.",
Leite Bem Essencial UHT Meio Gordo 3 Unid.,MIMOSA,Emb. 0.6 LT,"1,18€","1,97€ / LT",
SKYR MIRTILO,DÉLISSE,Emb. 0.45 KG,"1,95€","4,33€ / KG",
ARRANHADOR EM CARTAO P/GATO,P'TIT AMI,Emb. 1 UNID.,"2,69€","2,69€ / UNID.",
Alimento Seco para Cão Croquetes Júnior Carne de Ave,LYDOG,Emb. 4 KG,"6,99€","1,75€ / KG",
CREME LIMPEZA LIMAO  750ML,ECO+,Emb. 0.75 LT,"0,99€","1,32€ / LT",
Conserva de Cogumelos Laminados,FERBAR,Lata 0.29 KG,"0,95€","3,28€ / KG",
ALCOOL ETILICO 70º,PRIMOPLAST,Emb. 0.25 LT,"0,89€","3,56€ / LT",
Vinho Regional Alentejano Tinto,PORTA DA RAVESSA,Garrafa 0.75 LT,"4,68€","6,24€ / LT",
Pensos Higiénicos Ultrafinos Abas,AUSONIA,Emb. 12 UNID.,"1,69€","0,14€ / UNID.",
Cuvete de Alumínio 10x1L,ELEMBAL,Emb. 10 UNID.,"2,99€","0,30€ / UNID.",
Pastilhas 60 Minutos Spearmint,TRIDENT,Emb. 0.02 KG,"0,94€","47,00€ / KG",
DETERGENTE CAPSULA FRESCURA P/ROUPA ATIVOS VEGETAIS 30D,XÉOR,,"5,77€",/ Unid.,
Sabonete Pack 4,DOVE,Emb. 0.4 KG,"4,98€","12,45€ / KG",
Champô de Queratina Protetor da Cor,TRESEMMÉ,Emb. 0.7 LT,"6,59€","9,41€ / LT",
Truta Pequena,,1 Unid. = 0.3 KG (aprox.),"3,99€/kg","1,20€ / Unid.",
LIMPA VIDROS ECOLOGICO 750ML UNI VERT,UNÍ VERT,Emb. 0.75 LT,"1,69€","2,25€ / LT",
Champanhe Bruto,POL CARSON,Garrafa 0.75 LT,"16,99€","22,65€ / LT",
LONA PLASTICO 4X6M,ECO+,,"11,50€",/ Unid.,
CABIDE C/ GANCHO CINZA 6UN,SILLAGE,Emb. 6 UNID.,"1,99€","0,33€ / UNID.",
Merenda Mista,,1 Unid. = 0.1 KG,"0,89€","8,90€ / KG",
Arroz Carolino,PATO REAL,Emb. 1 KG,"1,17€","1,17€ / KG",
CERA CREME CASTANHA 75ML,LA VACHETTE,Emb. 0.075 LT,"2,03€","27,07€ / LT",
Cápsulas Café Cappuccino,DOLCE GUSTO,Emb. 16 CAPS.,"5,98€","0,37€ / CAPS.",
Escova Gengivas e Dentes,PARODONTAX,Emb. 1 UNID.,"4,38€","4,38€ / UNID.",
Preservativo Non Stop,CONTROL,Emb. 12 UNID.,"6,99€","0,58€ / UNID.",
Conserva de Cassoulet,,Lata 0.84 KG,"2,29€","2,73€ / KG",
Pensos Higiénicos Cotton Extract Normal,CAREFREE,Emb. 76 UNID.,"4,48€","0,06€ / UNID.",
WC Gel Glitter Brisa do Mar,NEO BLANC,Emb. 0.7 LT,"2,09€","2,99€ / LT",
PENSOS HIGIENICOS U.FINOS NORMAL C/ABAS 14UN X2,DOULYS,Emb. 28 UNID.,"2,09€","0,07€ / UNID.",
Chá de Camomila,LIPTON,Emb. 20 SAQ.,"1,20€","0,06€ / SAQ.",
Alimento Seco para Cão Croquetes Equilíbrio,LYDOG,Emb. 4 KG,"6,99€","1,75€ / KG",
Alimento Húmido P/ Gato de Atum,LYCAT,Emb. 0.08 G,"0,79€","9,88€ / G",
Conserva Macedónia de Legumes,NOTRE JARDIN,Lata 0.53 KG,"1,69€","3,19€ / KG",
Champô Cabelos Secos,ULTRA SUAVE,Emb. 0.25 LT,"3,58€","14,32€ / LT",
Crackers sem Sal,EPI D'OR,Emb. 0.5 KG,"1,89€","3,78€ / KG",
Queijo de Ovelha Curado,QUEIJO DE NISA,Emb. 0.3 KG,"8,98€","29,93€ / KG",
LIXIVIA C/DETERGENTE,CLAIR,Emb. 2 LT,"1,09€","0,55€ / LT",
Vinho Regional Península de Setúbal Tinto,JOSE MARIA FONSECA,Garrafa 0.75,"1,99€","2,65€ /",
COLORACAO ACAJU 5.56 S/AMONIACO,VITANOVE,Emb. 1 UNID.,"3,89€","3,89€ / UNID.",
Chouriça de Trancoso,SNR,Emb. 1 UNID.,"2,69€","2,69€ / UNID.",
ENVELOPE SILICONE KRAFT 229X324MM,ESQUISSE,Emb. 25 UNID.,"1,39€","0,06€ / UNID.",
QUEIJO CHEDDAR RALADO,LES CROISÉS,Emb. 0.2 KG,"1,89€","9,45€ / KG",
MOUSSE DE MARACUJÁ CONDI 80G,CONDI,Emb. 0.8 KG,"1,34€","1,68€ / KG",
Strogonoff de Peru,,1 Unid. = 0.45 KG (aprox.),"7,99€/kg","3,60€ / Unid.",
Conserva de Azeitonas Cocktail,RUSTICA,Emb. 0.54 KG,"1,99€","3,69€ / KG",
DROPS BOLAS DE NEVE M.GUIA,COPAÍNS COPINES,Emb. 0.25 KG,"1,27€","5,08€ / KG",
ARROZ MEDITERRANIO PRE COZIDO EXPRESS,COMPTOÍR DU GRAIN,Emb. 0.25 KG,"1,09€","4,36€ / KG",
Bebida de Aveia,SHOYCE,Emb. 1 LT,"2,08€","2,08€ / LT",
Batatas Fritas Onduladas,POM'LISSE,Emb. 0.18 KG,"1,59€","8,83€ / KG",
Perfume Pearls Fuchsia Passion,COMFORT,Emb. 0.375 KG,"8,49€","22,64€ / KG",
LANTERNA FRONTAL,FOXTER,Emb. 1 UNID.,"6,59€","6,59€ / UNID.",
Palmiers de massa Folhada com Manteiga,P'TIT DÉLI,Emb. 0.1 KG,"0,89€","8,90€ / KG",
CARREGADOR HR6/HR03 + 4 PILHAS RECARREGAVEIS USB,FOXTER,Emb. 1 UNID.,"18,99€","18,99€ / UNID.",
BATATA NOVA SALTEADA C/ AZEITE E SAL MARINHO,POM'LISSE,Emb. 0.45 KG,"2,08€","4,62€ / KG",
Lombo Salmão,,1 Unid. = 0.25 KG (aprox.),"15,99€/kg","4,00€ / Unid.",
"BEBIDA APERITIVA ROSSO 14,4º",GILDO,1 0,"3,19€",inf€ /,
Champô Purificante Morango Branco e Menta Dulce,HERBAL ESSENCES,Emb. 0.4 LT,"3,99€","9,98€ / LT",
Tablete Chocolate Preto com Menta,TABLETTE D'OR,Emb. 0.1 KG,"1,19€","11,90€ / KG",
Feijão Catarino Seco,NOTRE JARDIN,Emb. 0.5 KG,"1,29€","2,58€ / KG",
Caldo de Carne 12x10g,ECO+,Emb. 0.12 KG,"0,59€","4,92€ / KG",
Pensos Higiénicos Salvaslip Maxi,EVAX,Emb. 72 UNID.,"4,98€","0,07€ / UNID.",
Camarão Cozido Cal. 40/60,,1 Unid. = 0.19 KG (aprox.),"11,99€/kg","2,28€ / Unid.",
Escova Dentes Interdental Médio,AQUAFRESH,Emb. 3 UNID.,"4,28€","1,43€ / UNID.",
Maionese com Sabor a Iogurte,HELLMANN'S,Emb. 0.433 KG,"2,98€","6,88€ / KG",
Chá de Ervas Biológico,,Emb. 20 SAQ.,"1,19€","0,06€ / SAQ.",
ROLO COZINHA 2F COMPACTO 2=4 ECOLOGICO,UNÍ VERT,,"2,82€",/ Unid.,
Johnson's Baby Champô Penteia Fácil,JOHNSON'S BABY,Emb. 0.5 LT,"5,58€","11,16€ / LT",
Doce de Glila,CASA MATEUS,Frasco 0.345 KG,"2,44€","7,07€ / KG",
Snack Húmido P/ Gato Party Mix Cheezy Mix,FELIX,Emb. 0.06 KG,"1,88€","31,33€ / KG",
Filetes de pescada com alho e salsa,PESCANOVA,Emb. 0.4 KG,"4,39€","10,98€ / KG",
Bloco Sanitário Lavanda,SONASOL WC,Emb. 2 UNID.,"2,99€","1,50€ / UNID.",
Bolachas Chips de Chocolate Minis,CHIPS AHOY,Emb. 0.16 KG,"2,07€","12,94€ / KG",
CUECA INCONTINENCIA ABSORCAO PLUS GRANDE,CHORYS,Emb. 10 UNID.,"5,99€","0,60€ / UNID.",
Body Lotion Hidratante Express Minerais Marinhos,NIVEA,Emb. 0.25 LT,"5,48€","21,92€ / LT",
FRANGO C/ MOLHO DE CARIL,CÔTÉ TABLE,Emb. 0.3 KG,"1,99€","6,63€ / KG",
Esparguete,TURINI,Emb. 0.5 KG,"0,89€","1,78€ / KG",
Refrigerante C/ Gás Gasosa,SPRINK'S,Garrafa 1.5 LT,"0,59€","0,39€ / LT",
Frango Inteiro sem Miúdos,,1 Unid. = 1.2 KG (aprox.),"2,98€/kg","3,58€ / Unid.",
Cera Depilatória Profissional Natural de Abelha,VEET,Emb. 0.3 KG,"8,04€","26,80€ / KG",
ACENDALHAS CUBOS SEM ODOR,SILEX,Emb. 40 UNID.,"1,35€","0,03€ / UNID.",
Pensos Diários Ecológicos,UNÍ VERT,Emb. 30 UNID.,"1,45€","0,05€ / UNID.",
Pao De Forma Cerealia 5 Sementes,PANRICO,Emb. 0.435 KG,"2,47€","5,68€ / KG",
BOLACHAS MANTEIGA GALETES BRETONNES,P'TIT DÉLI,Emb. 0.25 KG,"1,75€","7,00€ / KG",
Snacks Húmidos P/ Gato Adulto 2 de Frango e 2 de Vaca,PURINA,Emb. 0.34 KG,"3,48€","10,24€ / KG",
HUMUS C/ AZEITONA PRETA,TABLES DU MONDE,Emb. 0.175 KG,"2,61€","14,91€ / KG",
Limpa Máquinas de Loiça Desengordurante & Anti-Calcário,SUN,Emb. 0.12 KG,"3,99€","33,25€ / KG",
"SYOSS OLEO INTEN 1-10 PRET,,1P",SYOSS,,"6,24€",/ Unid.,
Nuggets de Aves,ECO+,Emb. 0.5 KG,"2,69€","5,38€ / KG",
Entrecosto com Alho e Pimentão Doce,MAGGI,Emb. 0.03 KG,"0,74€","24,67€ / KG",
Pão Saloio,,1 Unid. = 0.4 KG,"2,00€","5,00€ / KG",
IOGURTE CREMOSO COCO,DÉLISSE,Emb. 0.5 KG,"1,69€","3,38€ / KG",
Alimento P/ Cão Snack Dental Frango,FRISKIES,Emb. 0.2 KG,"2,98€","14,90€ / KG",
Conserva de Feijão Encarnado Cozido com pouco Sal,FERBAR,Lata 0.42 KG,"0,95€","2,26€ / KG",
Massa Cotovelos GR,MILANEZA,Emb. 0.5 KG,"1,19€","2,38€ / KG",
PREPA PAIN CEREALES,TABLIER BLANC,Emb. 1 KG,"1,57€","1,57€ / KG",
Queijo Fresco com Leite Magro,DÉLISSE,Emb. 1 KG,"1,89€","1,89€ / KG",
CAPS CAFE COMP C/ DG XL INTENSO - INT10,PLANTATION,,"5,99€",/ Unid.,
Preparado Sopa Lombardo,,Emb. 0.6 KG,"1,99€","3,32€ / KG",
Chocolate em pó P/ Leite Saco,NESQUIK,Emb. 1 KG,"4,64€","4,64€ / KG",
Conserva de Salsichas Wienerwurst 5 Unid.,NOBRE,Frasco 0.22 KG,"1,94€","8,82€ / KG",
Uva Preta,,1 Unid. = 0.25 KG (aprox.),"3,99€/kg","1,00€ / Unid.",
Bolachas Plain Leite,BELVITA,Emb. 0.3 KG,"1,98€","6,60€ / KG",
Creme de Mãos Nutritivo Nourish & Protect,BIOTEN,Emb. 0.1 LT,"2,13€","21,30€ / LT",
BATATAS PRE-FRITAS PALITOS CURVOS OLEO GIRASSOL,POM'LISSE,Emb. 0.6 KG,"1,49€","2,48€ / KG",
Areia Higiénica para Gato,ECO+,Emb. 7 LT,"1,45€","0,21€ / LT",
Cápsulas de Chá Marrakesh Style Tea,DOLCE GUSTO,Emb. 16 DOSES,"5,98€","0,37€ / DOSES",
BARRA CEREAIS CHOCO BANANA,ECO+,Emb. 0.125 KG,"1,09€","8,72€ / KG",
Chantilly,DÉLISSE,Emb. 0.25 KG,"1,65€","6,60€ / KG",
Conserva de Feijão Branco Cozido com pouco Sal,FERBAR,Lata 0.42 KG,"0,95€","2,26€ / KG",
GELATINA FRUTOS TROPICAIS LIGHT CONDI 2X15,CONDI,Emb. 0.3 KG,"1,87€","6,23€ / KG",
Pastilha Elástica Senses Watermelon Sunrise,TRIDENT,Emb. 0.023 KG,"0,94€","40,87€ / KG",
"Iogurte de Banana, Morango e Tutti Frutti 8x120g",DANONE,Emb. 0.96 KG,"1,98€","2,06€ / KG",
Néctar Light Laranja,JAFADEN,Emb. 1 LT,"0,89€","0,89€ / LT",
COLA BATON 20G,ESQUISSE,Emb. 1 UNID.,"0,89€","0,89€ / UNID.",
AMBIENTADOR MINI SPRAY LIRIO DOS VALES + RECARGA,BIEN AIR,Emb. 1 UNID.,"2,19€","2,19€ / UNID.",
SARDINHA,PÊCHE OCÉAN,Emb. 0.7 KG,"2,99€","4,27€ / KG",
CABO USB/COMPATIVEL LIGHTNING 2M BRANCO nylon,LINKSTER,Emb. 1 UNID.,"10,99€","10,99€ / UNID.",
Pêssego Amarelo,,1 Unid. = 0.17 KG (aprox.),"3,29€/kg","0,56€ / Unid.",
SOPA CAMPESTRE,REGAL SOUPE,Emb. 0.35 KG,"1,49€","4,26€ / KG",
CREME REVITALIZANTE Q10 MEN 50ML,CARRÉ HOMME,Emb. 0.05 LT,"2,79€","55,80€ / LT",
Batatas Fritas Camponesas,LAY'S,Emb. 0.15 KG,"1,87€","12,47€ / KG",
Ice Tea Limão,LIPTON,Emb. 1 LT,"1,29€","1,29€ / LT",
Detergente Roupa Máquina Pó Lavanda,SKIP,Emb. 100 DOSES,"18,49€","0,18€ / DOSES",
ATUM RAMIREZ AZEITE 120G,RAMIREZ,,"1,19€",/ Unid.,
MOUSSE AVES E PORCO BIO P/ CAO 400G,PLENIMA,Emb. 0.4 KG,"1,86€","4,65€ / KG",
FOLHADOS FEUILLETINE 135G,DU BOIS DE LA ROCHE,Emb. 0.135 KG,"1,68€","12,44€ / KG",
Açúcar Branco,TÉVA,Emb. 1 KG,"1,29€","1,29€ / KG",
Bolachas com Pepitas Chocolate sem Glúten,CHAQUE JOUR,Emb. 0.15 KG,"2,29€","15,27€ / KG",
Cogumelo Portobello,,Emb. 0.2 KG,"2,09€","10,45€ / KG",
Fusilli sem Glúten,CHAQUE JOUR SANS GLUTEN,Emb. 0.4 KG,"1,89€","4,73€ / KG",
Detergente Loiça Manual Concentrado Limão,CIF,Emb. 0.6 LT,"1,49€","2,48€ / LT",
LIXIVIA DELICADA,TEXIL,Emb. 2 LT,"1,59€","0,80€ / LT",
Mortadela de Peru com Azeitonas,,1 Unid. = 0.16 KG (aprox.),"4,49€/kg","0,72€ / Unid.",
Corn Flakes Açucarados,,Emb. 0.75 KG,"2,39€","3,19€ / KG",
BALDE DE TREMOCOS,RUSTICA,Emb. 3.5 KG,"6,49€","1,85€ / KG",
Patê de Figado de Porco,LA PIARA,Emb. 0.08 KG,"0,96€","12,00€ / KG",
Amaciador para Roupa Revive Lavish Blossom Ultra Concentrado,COMFORT,Emb. 60 DOSES,"3,99€","0,07€ / DOSES",
Cera Cabelo,AXE,Emb. 0.13 LT,"4,34€","33,38€ / LT",
Glade Observadores Frescos de Primavera,BRISE,Emb. 0.3 KG,"2,99€","9,97€ / KG",
BOLACHA CEREAIS C/ COB DE CHOCOLATE E AVELA,P'TIT DÉLI,Emb. 0.2 KG,"1,99€","9,95€ / KG",
Creme Care Hidratação Intensiva,NIVEA,Emb. 0.2 LT,"4,69€","23,45€ / LT",
Queijo Flamengo Bola Quarto,,Emb. 0.3 KG,"2,99€","9,97€ / KG",
Vinho Regional Lisboa Branco Leve,MUNDUS,Garrafa 0.75 LT,"1,69€","2,25€ / LT",
PIRIPIRI MOIDO,RUSTICA,Emb. 0.05 KG,"0,65€","13,00€ / KG",
Sumo de Arando Bio,,Emb. 1 LT,"2,49€","2,49€ / LT",
Maçã Fuji Cal. 70/75,,1 Unid. = 0.18 KG (aprox.),"1,78€/kg","0,32€ / Unid.",
CADERNO ESPIRAL PAUTADO C. PP A4 120F,ESQUISSE,Emb. 1 UNID.,"2,99€","2,99€ / UNID.",
Espumante Reserva Doce,FITA AZUL,Garrafa 0.75 LT,"5,68€","7,57€ / LT",
Tostas Integrais Biológicas,,Emb. 0.3 KG,"1,69€","5,63€ / KG",
Queijo Pointe de Brie,ECO+,Emb. 0.2 KG,"1,45€","7,25€ / KG",
Azeite Virgem Extra Gourmet,GALLO,Emb. 0.75 LT,"3,89€","5,19€ / LT",
Bálsamo Barba Suave King C,GILLETTE,Emb. 0.1 LT,"7,49€","74,90€ / LT",
Pantene Grisalho Radiante & Suave Máscara 160 ml,PANTENE PV,Emb. 0.16 LT,"5,98€","37,38€ / LT",
Gelatina Light Limão,ROYAL,Emb. 0.031 KG,"1,88€","60,65€ / KG",
TARTE DE MACAS CARAMELIZADAS,AUTOUR DU DESSERT,Emb. 0.6 KG,"4,25€","7,08€ / KG",
Alimento P/ Gato Adulto de Frango,PURINA,Emb. 3 KG,"22,98€","7,66€ / KG",
RODO LIMPA VIDROS,TECH9,Emb. 1 UNID.,"4,99€","4,99€ / UNID.",
FIAMBRE PERNA EXTRA S/NITRITO 4 FATIAS,TRADILÈGE,Emb. 0.14 KG,"2,39€","17,07€ / KG",
Alimento Húmido para Cão Patê com Pedaços Carne Vaca,ECO+,,"1,99€",/ Unid.,
Máscara de Pestanas Preto 001,RIMMEL,Emb. 1 UNID.,"12,48€","12,48€ / UNID.",
Caderno Agrafado Quadriculado C. PP A5 48F,ESQUISSE,Emb. 1 UNID.,"1,34€","1,34€ / UNID.",
DENTIFRICO ANTI.TARTARO,DENTAMYL,Emb. 0.075 LT,"0,80€","10,67€ / LT",
Iogurte de Aromas Frutas 24x50g,DÉLISSE,Emb. 1.2 KG,"2,88€","2,40€ / KG",
Lápis para Colorir,ESQUISSE,,"1,99€",/ Unid.,
Gel Banho Aloe Vera,MANAVA,Emb. 0.75 LT,"1,69€","2,25€ / LT",
Vela Duo com Fragrância de Maçã,AIRWICK,Emb. 0.105 KG,"5,69€","54,19€ / KG",
Sumo 100% 3 Citrinos,JAFADEN,Emb. 1 LT,"1,79€","1,79€ / LT",
Xarope de Morango Bio,,Emb. 0.6 LT,"3,99€","6,65€ / LT",
Escova Borracha Vidros + Suporte,SILLAGE,Emb. 1 UNID.,"3,49€","3,49€ / UNID.",
Chá de Tília,TETLEY,Emb. 10 UNID.,"0,86€","0,09€ / UNID.",
VINAGRE BALSAMICO BRANCO,RUSTICA,Emb. 0.025 LT,"1,89€","75,60€ / LT",
Café Cápsulas Intenso Intensidade 9,PLANTATION,Emb. 10 CAPS.,"1,69€","0,17€ / CAPS.",
Escova a Pilhas Motion Kids Minion Bateria,COLGATE,Emb. 1 UNID.,"9,48€","9,48€ / UNID.",
COPPA ITALIANA FATIAS,ST AZAY,,"2,99€",/ Unid.,
Espinafre Picado Congelado,NOTRE JARDIN,Emb. 1 KG,"1,19€","1,19€ / KG",
Vinho Branco Frutado,CORAÇÃO DA MINHA,Garrafa 0.75 LT,"1,38€","1,84€ / LT",
DETERGENTE EM PO FRESCURA P/ROUPA 10D,EPSIL,,"1,65€",/ Unid.,
Conserva de Caldeirada,PITEU,Emb. 0.12 KG,"1,89€","15,75€ / KG",
Intensificador Fragrância Onda De Frescura,COMFORT,Emb. 0.76 LT,"5,99€","7,88€ / LT",
CHAMPO ANTI-CASPA TODO TIPO CABELOS,CARRÉ HOMME,Emb. 0.25 LT,"1,69€","6,76€ / LT",
Coentros em Folhas,MARGÃO,Emb. 0.007 KG,"1,78€","254,29€ / KG",
Preparado em Pó P/ Gelatina de Limão,ROYAL,Emb. 0.114 KG,"1,78€","15,61€ / KG",
PERA WILLIAMS EM CALDA,DOUCEUR DU VERGER,Emb. 0.225 KG,"1,39€","6,18€ / KG",
Iogurte Líquido Baunilha,DÉLISSE,Emb. 0.85 LT,"1,25€","1,47€ / LT",
Escova P/ Cabelo Oval Pequena,,Emb. 1 UNID.,"3,99€","3,99€ / UNID.",
DETERGENTE LIQUIDO CONCENTRADO FLORES ECOLOGICO RECARGA 30D,UNÍ VERT,,"3,69€",/ Unid.,
"Açúcar Baunilhado 10x7,5 g",TABLIER BLANC,Emb. 0.075 KG,"1,59€","21,20€ / KG",
Máscaras Liso Keratina,TRESEMMÉ,Emb. 0.3 LT,"5,39€","17,97€ / LT",
Cevada Solúvel,PLANTATION,Frasco 0.2 KG,"1,69€","8,45€ / KG",
Carne Porco Salgada C/ Lentilhas,CÔTÉ TABLE,Lata 0.84 KG,"2,99€","3,56€ / KG",
POSTA PESCADA Nº5 COZER,PÊCHE OCÉAN,Emb. 0.8 KG,"5,65€","7,06€ / KG",
OSSOS P/ MASTIGAR RECHEADOS C/ VACA P/ CAO 2UN,TOUS MES AMIS,Emb. 2 UNID.,"1,56€","0,78€ / UNID.",
Cápsula e pastilha de café CAPPUCCINO 16UN,LAVAZZA,Emb. 16 UNID.,"4,49€","0,28€ / UNID.",
Creme Hidratante Caixa Grande,NIVEA,Emb. 0.15 LT,"4,29€","28,60€ / LT",
Alimento Húmido P/ Gato Carne de Vaca e Tomate,GOURMET GOLD,Emb. 0.085 KG,"0,74€","8,71€ / KG",
Tempero para Frango,RUSTICA,Frasco 0.2 KG,"0,85€","4,25€ / KG",
Sumo Fruta Tropical,JAFUN,Emb. 6 UNID.,"1,69€","0,28€ / UNID.",
Sabonete Liquido Recarga Leite e Mel,PALMOLIVE,Emb. 0.3 LT,"2,55€","8,50€ / LT",
Conserva de Azeitonas Verdes com Recheio,RUSTICA,Emb. 0.3 KG,"2,66€","8,87€ / KG",
PATE CAMPESTRE C/ COGUMELOS,CÔTÉ TABLE,Emb. 0.18 KG,"1,49€","8,28€ / KG",
Sumo 100% Multifrutas Refrigerado Bio,,Emb. 0.75 LT,"2,25€","3,00€ / LT",
Batatas Fritas no Forno,LAY'S,Emb. 0.15 KG,"2,08€","13,87€ / KG",
Bolacha Maria,CUÉTARA,Emb. 0.2 KG,"0,73€","3,65€ / KG",
Gelado Pistachio,ESKISS,Emb. 1 LT,"2,69€","2,69€ / LT",
Champanhe Meio Seco,POL CARSON,Garrafa 0.75 LT,"17,29€","23,05€ / LT",
FOLHA DE ALUMINIO 25 M,,,"6,48€",/ Unid.,
Batata Noisettes,POM'LISSE,Emb. 1 KG,"1,89€","1,89€ / KG",
Barrinhas P/ Coelhos Anões Frutas,TOUS MES AMIS,Emb. 0.11 KG,"1,75€","15,91€ / KG",
Pimenta Branca Moída,RUSTICA,Frasco 0.04 KG,"1,49€","37,25€ / KG",
Cappuccino,NESCAFÉ,Emb. 0.25 KG,"5,99€","23,96€ / KG",
Iogurte Líquido Morango Banana,YOCO,Emb. 0.54 KG,"2,29€","4,24€ / KG",
Pastilhas Café Descafeinado,DELTA,Emb. 16 PAST.,"3,68€","0,23€ / PAST.",
Delícias com Forma de Lagosta Ultracongelado,PESCANOVA,Emb. 0.255 KG,"2,98€","11,69€ / KG",
Alimento Seco P/ Cão Júnior,PURINA FRISKIES,Emb. 3 KG,"11,68€","3,89€ / KG",
Alimento Seco P/ Cão Croquetes Sénior,LYDOG,Emb. 3 KG,"5,49€","1,83€ / KG",
Café Cápsulas Máximo Intensidade 10,PLANTATION,Emb. 10 CAPS.,"1,69€","0,17€ / CAPS.",
Cereais de Mel,ESTRELITAS,Emb. 0.55 KG,"3,14€","5,71€ / KG",
Batatas Fritas Onduladas,RUFFLES,Emb. 0.18 KG,"2,77€","15,39€ / KG",
Chá de Cidreira Mel 20 Saquetas,LIPTON,Emb. 20 SAQ.,"1,94€","0,10€ / SAQ.",
"Mistura de Triguilho, Quinoa Branca e Quinoa Vermelha",,Emb. 0.45 KG,"4,28€","9,51€ / KG",
BACALHAU A BRAS,CÔTÉ TABLE,Emb. 0.8 KG,"8,99€","11,24€ / KG",
Sobremesa Creme Chocolate Mix 'n Croc,DÉLISSE,Emb. 0.468 KG,"1,85€","3,95€ / KG",
Tentáculos de Pota Descongelado,,1 Unid. = 1 KG (aprox.),"5,29€/kg","5,29€ / Unid.",
Wafers Enroladas Cobertas Chocolate de Leite,P'TIT DÉLI,Emb. 0.125 KG,"1,68€","13,44€ / KG",
LIMPA MOVEIS AEROSSOL,CLAIR,Emb. 0.3 LT,"1,39€","4,63€ / LT",
Mamão,,1 Unid. = 1.2 KG (aprox.),"5,79€/kg","6,95€ / Unid.",
Detergente Loiça Manual Concentrado Limão,CIF,Emb. 1 LT,"1,99€","1,99€ / LT",
Carapau Grande,,1 Unid. = 0.4 KG (aprox.),"4,99€/kg","2,00€ / Unid.",
Balança Cozinha,ELSAY,Emb. 1 UNID.,"13,99€","13,99€ / UNID.",
Conserva de Feijão Branco da Horta,COMPAL,Lata 0.845 KG,"1,59€","1,88€ / KG",
Iogurte Sólido Magro Amora Framboesa 4 Unid.,LONGA VIDA,Emb. 0.12 KG,"2,09€","17,42€ / KG",
STICKS RICOS BOVINO P / CAO 3UN,TOUS MES AMIS,,"0,85€",/ Unid.,
Azeite Clássico Pet,OLIVEIRA DA SERRA,Emb. 0.75 LT,"4,49€","5,99€ / LT",
Bolachas Digestivas Maça,TRIUNFO,Emb. 0.171 KG,"1,57€","9,18€ / KG",
GRAO DE BICO LATAMGUIA,NOTRE JARDIN,Emb. 0.425 KG,"0,69€","1,62€ / KG",
Bolachas de Gérmen de Trigo C/ Pepitas Chocolate Leite,NAT&VIE,Emb. 0.2 KG,"1,69€","8,45€ / KG",
Néctar Multifruits,JAFADEN,Emb. 2 LT,"1,79€","0,90€ / LT",
Gelado Coco,TRIUM,Emb. 4 UNID.,"2,25€","0,56€ / UNID.",
Queijo Apimentado Fonte da Mourisca,LACTO SERRA,1 Unid. = 0.8 KG (aprox.),"9,49€/kg","7,59€ / Unid.",
Cereais de Chocolate e Chocolate Branco,CHOCAPIC,Emb. 0.4 KG,"2,92€","7,30€ / KG",
MINI SNACKS CARNE VACA P/ GATO 60G LYCAT,TOUS MES AMIS,Emb. 0.06 KG,"0,79€","13,17€ / KG",
Alimento Seco P/ Gato de Salmão,PURINA,Emb. 1.5 KG,"11,98€","7,99€ / KG",
MASSA FOLHADA RECTANG. 230G,TABLIER BLANC,Emb. 0.23 KG,"1,29€","5,61€ / KG",
Coloração Preto Azulado 210 sem Amoníaco,CASTING,Emb. 1 UNID.,"9,98€","9,98€ / UNID.",
BARRINHAS KINDER CHOCOLATE T24 300G,KINDER,Emb. 0.3 KG,"4,27€","14,23€ / KG",
Queijinhos Frescos de Fruta,DÉLISSE,Emb. 0.6 KG,"1,59€","2,65€ / KG",
QUEIJO BRIE BIO,,Emb. 0.18 KG,"2,49€","13,83€ / KG",
CREME DE CENOURA,REGAL SOUPE,Emb. 0.35 KG,"1,49€","4,26€ / KG",
Óleo de Palma,GUINEA'S,Emb. 0.4 LT,"3,14€","7,85€ / LT",
Guardanapos Branco Pequenos Folha Dupla,GUARDANAPOS RENOVA,Emb. 90 UNID.,"1,24€","0,01€ / UNID.",
Cerveja com Álcool 24x33cl,SAGRES,Emb. 7.92 LT,"18,29€","2,31€ / LT",
Cloro de Dissolução Rápida,BEAUX JOURS,Emb. 5 KG,"21,54€","4,31€ / KG",
BATERIA Nº 11 44/420 44/420 TECH9,TECH9,Emb. 1 UNID.,"54,99€","54,99€ / UNID.",
Açafrão das Índias,MARGÃO,Emb. 0.037 KG,"2,18€","58,92€ / KG",
Limpeza Reparador Original,SONASOL,Emb. 1.3 LT,"2,09€","1,61€ / LT",
Snack Batata Frita Sabor Queijo,TOKAPI,Emb. 0.17 KG,"1,89€","11,12€ / KG",
Alimento Seco P/ Gato Adulto C/ Digestão Sensível,PURINA ONE,Emb. 0.8 KG,"6,98€","8,73€ / KG",
Whisky Fin Blen,WILLIAM LAWSON'S,Garrafa 0.7 LT,"12,49€","17,84€ / LT",
SOBREMESA CREME CHOCOLATE BRANCO,DÉLISSE,Emb. 0.5 KG,"1,59€","3,18€ / KG",
SPAGHETTI A BOLONHESA,CÔTÉ TABLE,Emb. 0.3 KG,"2,09€","6,97€ / KG",
Gel Aqua Mega Forte 6,NIVEA MEN,Emb. 0.15 LT,"5,58€","37,20€ / LT",
Detergente Máquina Roupa Líquido Sensitive,SKIP,Emb. 100 DOSES,"19,99€","0,20€ / DOSES",
Panados de Peru Cordons Bleus 8x100g Ultracongelados,ECO+,Emb. 0.8 KG,"3,99€","4,99€ / KG",
Dentífrico Max White One,COLGATE,Emb. 0.075 LT,"3,68€","49,07€ / LT",
CREME P/ BARRAR CACAU C/ AVELAS 1KG NUSTIKAO,NUSTIKAO,Emb. 1 KG,"4,49€","4,49€ / KG",
Farinha De Trigo Espiga T55,ESPIGA,Emb. 1 KG,"1,14€","1,14€ / KG",
TABLETE CHOCOLATE NEGRO 72% 100G,CEMOI,Emb. 0.1,"0,99€","9,90€ /",
Vinho Bio Tinto Douro,ALTANO,Emb. 0.75 LT,"7,98€","10,64€ / LT",
Snack Fruut Maçã Verde Intenso S/ Açúcar 60g,,Emb. 0.06 KG,"1,98€","33,00€ / KG",
"VELA AROMATICA ""MACA/CANELA"" 30H",BIEN AIR,Emb. 1 UNID.,"2,09€","2,09€ / UNID.",
SUMO 100% LARANJA C/POLPA REFRIGERADO,ECO+,Emb. 1 LT,"1,59€","1,59€ / LT",
CABIDE MADEIRA C/BARRA 4UN,SILLAGE,Emb. 4 UNID.,"3,99€","1,00€ / UNID.",
Desodorizante Invisimax Spray Homem,NARTA,Emb. 0.2 LT,"3,68€","18,40€ / LT",
PASTILHAS ANTI-CALCARIO MAQ ROUPA 48UN,TEXIL,Emb. 48 UNID.,"3,79€","0,08€ / UNID.",
Gel de Banho Naturals Oliva e Leite,PALMOLIVE,Emb. 0.5 LT,"2,69€","5,38€ / LT",
Sacos do Lixo Ultra Resistentes com Atilhos 100L,ELEMBAL,,"2,59€",/ Unid.,
Tostas de 6 Cereais,EPI D'OR,Emb. 0.3 KG,"1,79€","5,97€ / KG",
Condicionador Purify & Hidrate,,Emb. 0.4 LT,"4,19€","10,48€ / LT",
Alimento Seco P/ Cão Adulto,FRISKIES,Emb. 1.5 KG,"4,49€","2,99€ / KG",
Alimento Seco P/ Gato Vaca e Frango,PURINA FRISKIES,Emb. 2 KG,"7,98€","3,99€ / KG",
PANOS DE COZINHA ABSORVENTES 5UN,MAMISON,Emb. 5 UNID.,"2,99€","0,60€ / UNID.",
RECARGA P/ SABONETE LIQUIDO FLORAL 750ML,ECO+,Emb. 0.75 LT,"1,10€","1,47€ / LT",
Penso Incontinência Discreet Micro,AUSONIA,Emb. 28 UNID.,"3,98€","0,14€ / UNID.",
Cillit Bang Lixívia & Higiene 500ML x12,CILLIT BANG,Emb. 0.5 LT,"2,24€","4,48€ / LT",
Massa Pronta para Pizza sem Glúten,CHAQUE JOUR SANS GLUTEN,Emb. 0.26 KG,"2,49€","9,58€ / KG",
CHUVEIRO CROMADO 5 JATOS STOP+TUBO FLEXIVEL 1.75M,FOXTER,Emb. 1 UNID.,"10,99€","10,99€ / UNID.",
"BL1 LED FRIGO 1,7W-15W E14",FOXTER,Emb. 1 UNID.,"2,99€","2,99€ / UNID.",
BOLACHAS RETANGULARES COM RECHEIO DE CHOCOLATE,P'TIT DÉLI,Emb. 0.125 KG,"1,29€","10,32€ / KG",
Asas de Frango,,1 Unid. = 0.5 KG (aprox.),"1,69€/kg","0,85€ / Unid.",
Vinho Verde Branco,DEU LA DEU,Garrafa 0.75 LT,"5,99€","7,99€ / LT",
PREPARADO PAO,TABLIER BLANC,Emb. 1 KG,"1,59€","1,59€ / KG",
Chá de Tília,,Emb. 25 SAQ.,"0,99€","0,04€ / SAQ.",
Papa Infantil 8 Cereais e Mel,NESTLÉ,Emb. 0.25 KG,"1,79€","7,16€ / KG",
Alimento Húmido P/ Gato Gold Mousse C/ Frango,GOURMET,Emb. 0.085 KG,"0,74€","8,71€ / KG",
Cereais Granola de Aveia C/ Arandos e Sementes de Abóbora,FITNESS,Emb. 0.3 KG,"2,79€","9,30€ / KG",
CALDO GALINHA M.REPERE,RUSTICA,Emb. 0.12 KG,"0,79€","6,58€ / KG",
Aguardente Vínica Velha,DORRÃO,Garrafa 0.7 LT,"11,99€","17,13€ / LT",
Lixívia Perfumada,NEOBLANC,Emb. 4 LT,"3,34€","0,84€ / LT",
SALSICHAS COCKTAIL C/ BACON 300G,TRADILÈGE,Emb. 0.3 KG,"3,39€","11,30€ / KG",
Creme de Mãos Godness,DOVE,Emb. 0.075 LT,"2,99€","39,87€ / LT",
Sticks P/ Cão,TOUS MES AMIS,Emb. 25 UNID.,"2,98€","0,12€ / UNID.",
Favas Fritas C/ Sal,MARQUE REPERE,Emb. 0.2 KG,"1,29€","6,45€ / KG",
After Shave Dark Temptation,AXE,Emb. 0.1 LT,"6,98€","69,80€ / LT",
TIRAS PARA HAMSTER SABOR LEGUMES,P'TIT AMI,,"1,59€",/ Unid.,
MOLHO AGRIDOCE PICANTE,TABLES DU MONDE,Emb. 0.3 KG,"1,89€","6,30€ / KG",
Champô Total Repair 5,ELVIVE,Emb. 0.25 LT,"3,98€","15,92€ / LT",
Pancetta Fatias,ST AZAY,Emb. 0.1 KG,"2,15€","21,50€ / KG",
REFEICAO NOODLES SABOR CAMARAO,TABLES DU MONDE,Emb. 0.085 KG,"0,69€","8,12€ / KG",
Conjunto de Pintar 4 Peças,ECO+,Emb. 4 UNID.,"5,09€","1,27€ / UNID.",
Gelatina em Pó Tutti-Frutti 2x80 g,TABLIER BLANC,Emb. 0.17 KG,"0,89€","5,24€ / KG",
CUSCUZ MEDIO 5X100G,COMPTOÍR DU GRAIN,Emb. 0.5 KG,"1,19€","2,38€ / KG",
Sorvete Cassis C/ Pedaços,ESKISS,Emb. 1 LT,"2,69€","2,69€ / LT",
ESCOVA DENTES CABECA RECARREGAVEL,DENTAMYL,,"1,25€",/ Unid.,
Papa Infantil Aveia Manga e Banana,CERELAC,Emb. 0.25 KG,"2,49€","9,96€ / KG",
Café Solúvel Liofilizado,ECO+,Emb. 0.2 KG,"3,19€","15,95€ / KG",
QUEIJO EMMENTAL RALADO BIO,,Emb. 0.1 KG,"1,59€","15,90€ / KG",
Água C/ Gás 6x25cl,CASTELLO,Emb. 1.5 LT,"2,22€","1,48€ / LT",
Água Micelar Tudo em 1,GARNIER,Emb. 0.4 LT,"6,88€","17,20€ / LT",
Fiambre Peito de Frango,CAMPOFRIO,1 Unid. = 0.1 KG (aprox.),"12,98€/kg","1,30€ / Unid.",
Néctar Vital Frutos Vermelhos 3x20 cl,COMPAL,Emb. 0.6 LT,"1,68€","2,80€ / LT",
VASSOURA CANTONEIRO,SILLAGE,Emb. 1 UNID.,"2,39€","2,39€ / UNID.",
Batatas Fritas no Forno Receita Camponesa,LAY'S,Emb. 0.13 KG,"2,37€","18,23€ / KG",
Fiambre da Perna Extra,NOBRE,1 Unid. = 0.11 KG (aprox.),"12,79€/kg","1,41€ / Unid.",
Filetes de Sardinha com Tomate e Legumes,PÊCHE OCÉAN,Emb. 0.1 KG,"1,29€","12,90€ / KG",
Tiras P/ Coelhos Legumes,TOUS MES AMIS,Emb. 0.11 KG,"1,49€","13,55€ / KG",
Saquetas Iogurte Morango,DANONE,Emb. 0.28 KG,"1,99€","7,11€ / KG",
DETERGENTE LIQUIDO CONCENTRADO FRESCURA 28D,EPSIL,,"2,80€",/ Unid.,
PERCABONATO SÓDIO,CLAIR,Emb. 0.5 KG,"2,99€","5,98€ / KG",
Tablete de Chocolate Leite,NESTLÉ,Emb. 0.125 KG,"1,89€","15,12€ / KG",
Detergente para Máquina de Roupa Active Clean Ultimate,SKIP,Emb. 70 DOSES,"15,99€","0,23€ / DOSES",
Ketchup Familiar XXL,CALVÉ,Emb. 0.55 KG,"3,48€","6,33€ / KG",
Conserva de Salsichas 6 Unid. FrankFurt,CÔTÉ TABLE,Lata 0.12 KG,"0,59€","4,92€ / KG",
Escova Piaçaba,SILLAGE,Emb. 1 UNID.,"1,59€","1,59€ / UNID.",
Refrigerante C/ Gás Vidro Pack 4,COCA COLA,Emb. 0.08 LT,"2,91€","36,38€ / LT",
Fios de Bacon,PRIMOR,Emb. 0.1,"2,08€","20,80€ /",
Lava Tudo Multisuperficies Lavanda,CIF,Emb. 1.4 LT,"1,99€","1,42€ / LT",
Sopa Creme de Lagosta,KNORR,Emb. 0.061 KG,"1,49€","24,43€ / KG",
TOSTAS DE TRIGO INTEGRAL,EPI D'OR,Emb. 0.5 KG,"1,49€","2,98€ / KG",
Bolo Mármore,,1 Unid. = 0.5 KG  (aprox.),"7,99€","15,98€ / KG",
Espargos Verdes,,Emb. 0.25 KG,"2,99€","11,96€ / KG",
Filetes Primavera Iglo Linhaça & Girassol,IGLO,Emb. 0.22 KG,"4,98€","22,64€ / KG",
Queijo Curado Três Igrejas Mistura 2 Meses,SALOIO,1 Unid. = 0.25 KG (aprox.),"10,99€/kg","2,75€ / Unid.",
Pão de Forma para Canapés,EPI D'OR,Emb. 0.28 KG,"1,19€","4,25€ / KG",
Salsichão Seco de Porco Superior,ST AZAY,Emb. 0.25 KG,"3,99€","15,96€ / KG",
LUVA AUTO MOPA ANTI-MOSQUITOS,TECH9,Emb. 1 UNID.,"1,99€","1,99€ / UNID.",
Néctar Clássico Ananás 3x200 ml,COMPAL,Emb. 0.6 LT,"1,08€","1,80€ / LT",
Neoblanc Gentil Higiene Lixívia,NEO BLANC,Emb. 2 LT,"6,48€","3,24€ / LT",
Patê Terrine Campestre Confit de Figado 3x180 g,,Frasco 0.54 KG,"2,79€","5,17€ / KG",
Pensos Higiénicos Salvaslips em Bolsas,EVAX,Emb. 40 UNID.,"1,89€","0,05€ / UNID.",
Fraldas Bebé T5 Ultra Confort11/25 Kg,MOTS D'ENFANTS,Emb. 23 UNID.,"4,35€","0,19€ / UNID.",
Alimento Seco Cão Croquetes Carne e Cereais,ECO+,Emb. 10 KG,"10,99€","1,10€ / KG",
Sumo Refrigerado Morango,SUNNY DELIGHT,Emb. 0.31 Lt,"0,78€","2,52€ / Lt",
ALMOFADA INSUFLAVEL VIAGEM,RIVERSIDE,Emb. 1 UNID.,"9,43€","9,43€ / UNID.",
Tarte de Alho Frances,CÔTÉ TABLE,Emb. 0.4 KG,"1,95€","4,88€ / KG",
GEL BARBEAR ANTI-IRRITACAO 200ML,CARRÉ HOMME,Emb. 0.2 LT,"1,99€","9,95€ / LT",
Pães de Leite 10 Unid.,EPI D'OR,Emb. 0.35 KG,"1,39€","3,97€ / KG",
Filete Primavera com Alho e Ervas Aromáticas 2 Unid.,IGLO,Emb. 0.225 KG,"3,99€","17,73€ / KG",
MINI COOKIES POCKET,P'TIT DÉLI,Emb. 0.16 KG,"1,59€","9,94€ / KG",
Nata UHT,MIMOSA,Emb. 0.2 LT,"0,88€","4,40€ / LT",
Bebida Energética Energy Drink,RED BULL,Lata 0.25 LT,"1,38€","5,52€ / LT",
CONE CHOCOLATE/PISTACHIO 8UN,ECO+,Emb. 8 UNID.,"1,99€","0,25€ / UNID.",
Alimento Seco Gato Croquetes Frango e Cereais,ECO+,Emb. 4 KG,"5,79€","1,45€ / KG",
Desodorizante Spray Sport Cool,REXONA,Emb. 0.15 LT,"2,54€","16,93€ / LT",
PIZZA ATUM,TURINI,Emb. 0.45 KG,"2,79€","6,20€ / KG",
LIEGEOIS CHOCOLATE,DÉLISSE,Emb. 1.2 KG,"3,99€","3,33€ / KG",
Alimento Seco P/ Gato Júnior Frango Leite,PURINA FRISKIES,Emb. 0.4 KG,"2,18€","5,45€ / KG",
CABIDE REVESTIDO C/BARRA,SILLAGE,Emb. 4 UNID.,"1,90€","0,48€ / UNID.",
Detergente Líquido Máquina Roupa,GAMA,Emb. 100 DOSES,"9,99€","0,10€ / DOSES",
Farinha Rainha Especial P/ Bolos,NACIONAL,Emb. 1 KG,"1,23€","1,23€ / KG",
Água Tónica 6 Unid.,SPRINK'S,Garrafa 1.98 LT,"2,79€","1,41€ / LT",
Fita Adesiva Reparação Pvc 20Metrosx50Mm,FOXTER,Emb. 1 UNID.,"3,99€","3,99€ / UNID.",
Queijo Mozzarella Mini,SANTA LUCIA,Emb. 0.15 KG,"2,63€","17,53€ / KG",
Barras de Cereais Special K Chocolate de Leite,SPECIAL K,Emb. 0.125 KG,"3,44€","27,52€ / KG",
"AQUAFRESH INTENSE CLEAN,,2x75ML",AQUAFRESH,,"3,99€",/ Unid.,
"KINDER BUENO CLASSICO, T2X4",KINDER BUENO,Emb. 0.172 KG,"2,44€","14,19€ / KG",
AGUARDENTE CURVADA  Vínica Velha Cx. Cartão 70CL,,0.07 CL,"23,99€","342,71€ / CL",
Croissants 10Unid.,ECO+,Emb. 0.4 KG,"1,79€","4,48€ / KG",
CRACKERS 3X100G,TOKAPI,Emb. 0.3 KG,"1,59€","5,30€ / KG",
Champô Leite de Coco,HERBAL ESSENCES,Emb. 0.4 LT,"3,99€","9,98€ / LT",
Açúcar Branco em Pedaços,,Emb. 1 KG,"1,29€","1,29€ / KG",
Snack P/ Gato de Frango,DENTALIFE,Emb. 0.04 KG,"1,98€","49,50€ / KG",
"AQUAFR ELIXIR MULTIACT,,500ML",AQUAFRESH,,"5,48€",/ Unid.,
Caldo de Galinha,KNORR,Emb. 0.252 KG,"2,39€","9,48€ / KG",
Queijo Ovelha Merendeira,PASTOR SERRANO,Emb. 0.5 KG,"9,98€","19,96€ / KG",
Pantene Anticaspa Champô,PANTENE PV,Emb. 0.25 LT,"3,98€","15,92€ / LT",
Cerveja Amber Lager 4x33cl,CORUJA,Emb. 1.32 L,"3,29€","2,49€ / L",
FLOR DE SAL MARINHO DE COZINHA DA ILHA DE RE (FRANCA),NOS RÉGIONS ONT DU TALENT,Emb. 0.125 KG,"2,49€","19,92€ / KG",
Vinagre de Vinho Branco Chardonnay,GALLO,Emb. 0.25 LT,"1,99€","7,96€ / LT",
Tablete de Chocolate Preto com Pedaços de Amêndoas Torradas Biológico,,Emb. 0.1 KG,"1,99€","19,90€ / KG",
AMACIADOR ROUPA SUAVE,HYPERDOU,Emb. 4 LT,"2,49€","0,62€ / LT",
Desodorizante Roll On Talc Soft,DOVE,Emb. 0.05 LT,"2,69€","53,80€ / LT",
Conserva de Atum em Posta em Azeite,PÊCHE OCÉAN,Emb. 0.12 KG,"1,27€","10,58€ / KG",
OVOS AR LIVRE CLASSE M,OVOS DA ALDEIA,Emb. 6 UNID.,"1,99€","0,33€ / UNID.",
Vinagre de Vinho Branco,RUSTICA,Garrafa 0.5 LT,"0,49€","0,98€ / LT",
FITA COLA TRANSPARENTES 25M 5UN,ECO+,Emb. 5 UNID.,"0,77€","0,15€ / UNID.",
Iogurte Líquido Natural 0% 6 Unid.,ACTIMEL,Emb. 0.6 KG,"2,59€","4,32€ / KG",
Ameixa Seca Descaroçada,MARQUE REPERE,Emb. 0.2 KG,"2,49€","12,45€ / KG",
Luvas Universais M,VILEDA,Emb. 1 UNID.,"1,98€","1,98€ / UNID.",
ALGODAO DUO OVAL,INELL,Emb. 70 UNID.,"1,09€","0,02€ / UNID.",
BOLACHAS AREADAS C/ RECH MACA E FRAMBOESA,P'TIT DÉLI,Emb. 0.1 KG,"1,69€","16,90€ / KG",
Fio Dentário Expansivo Sabor Menta,SENSODYNE,Emb. 1 P,"3,48€","3,48€ / P",
Loção Spray Cocoa Radiante,VASELINE,Emb. 0.19 LT,"3,59€","18,89€ / LT",
Alimento Húmido P/ Gato Gold Mousse Peixe,GOURMET GOLD,,"0,74€",/ Unid.,
Alimento Seco P/ Gatos Interior Frango,PURINA FRISKIES,Emb. 3 KG,"12,98€","4,33€ / KG",
Cereais Zero Flocos de Milho,NACIONAL,Emb. 0.375 KG,"1,74€","4,64€ / KG",
Salteado Camponês,CÔTÉ TABLE,Emb. 0.9 KG,"3,89€","4,32€ / KG",
Crackers,EPI D'OR,Emb. 0.25 KG,"1,29€","5,16€ / KG",
Amaciador concentrado rosa e rosmaninho,SURF,Emb. 90 DOSES,"3,49€","0,04€ / DOSES",
Amaciador Concentrado Flores do Campo,HYPERDOU,Emb. 72 DOSES,"1,75€","0,02€ / DOSES",
MACEDONIA LEGUMES COZIDOS,NOTRE JARDIN,Emb. 1 KG,"1,59€","1,59€ / KG",
Glade Automatic Spray Recarga Relax Zen,GLADE,Emb. 0.269 LT,"3,59€","13,35€ / LT",
GOMAS ACIDAS COLORIDAS TUB\'S,COPAÍNS COPINES,Emb. 0.2 KG,"1,22€","6,10€ / KG",
Cerveja com Álcool 6x33cl,CRISTAL,Emb. 1.98 LT,"2,89€","1,46€ / LT",
Infusão de Canela e Maça,LIPTON,Emb. 0.044 KG,"1,94€","44,09€ / KG",
Iogurte Grego Natural 4 Unid.,YAOS,Emb. 0.44,"2,29€","5,20€ /",
Champô Color Revitalizante,TRESEMMÉ,Emb. 0.9 LT,"6,59€","7,32€ / LT",
Farinha de Trigo Branca,TABLIER BLANC,Emb. 1 KG,"1,09€","1,09€ / KG",
Sangria,FESTALIE,Emb. 3 LT,"5,49€","1,83€ / LT",
Fraldas Incontinência Super P,LINDOR,Emb. 40 UNID.,"18,98€","0,47€ / UNID.",
Cerveja com Álcool,CRISTAL,Garrafa 1 LT,"1,28€","1,28€ / LT",
AUSONIA AIRDRY NOITE ABAS 24,AUSONIA,Emb. 24 UNID.,"4,24€","0,18€ / UNID.",
BEBIDA SOJA FRUTOS VERMELHOS 3x250ML,ALPRO,Emb. 0.75 LT,"1,79€","2,39€ / LT",
"ATUM FILET MANJERICÃO&TOMATE SECO, 120G",TENÓRIO,Emb. 0.12 KG,"2,29€","19,08€ / KG",
Massa Cotovelinhos,ECO+,Emb. 0.5 KG,"0,65€","1,30€ / KG",
Tablete Chocolate Branco Culinária,PANTAGRUEL,Emb. 0.2 KG,"2,69€","13,45€ / KG",
CREME HIDRATANTE PELE SECA/SENSIVEL 50ML,INELL,Emb. 0.05 LT,"2,99€","59,80€ / LT",
Pantene Protect & Style Laca 300ml,PANTENE PV,Emb. 0.3 LT,"3,74€","12,47€ / LT",
Gel Sanitário Anti-calcário,HARPIC,Emb. 0.75 LT,"1,94€","2,59€ / LT",
CREME DEPILATORIO PELE SENSIVEL 100ML 100ML SLISS,SLISS,,"1,75€",/ Unid.,
Sacos de Lixo Ultra Resistentes com Atilhos 20x30L,ELEMBAL,Emb. 20 UNID.,"1,89€","0,09€ / UNID.",
Pasta Arquivo Lombada Larga Marmoreada,ESQUISSE,Emb. 1 UNID.,"1,89€","1,89€ / UNID.",
Sardinha Congelada,,1 Unid. = 0.25 KG (aprox.),"2,49€/kg","0,62€ / Unid.",
MINI VASSOURA COCO,SILLAGE,Emb. 1 UNID.,"1,47€","1,47€ / UNID.",
SPRAY LIMPA TABLIER 1 L 1L TECH9,TECH9,Emb. 1 LT,"3,19€","3,19€ / LT",
Pantene Caracóis Perfeitos Champô 3 Em 1,PANTENE,Emb. 0.3 LT,"4,98€","16,60€ / LT",
Tosta Rica Cacau,CUÉTARA,Emb. 0.57 KG,"3,48€","6,11€ / KG",
Queijo Flamengo 1/4,LIMIANO,Emb. 0.325 KG,"3,44€","10,58€ / KG",
Barras de Cereais de Chocolate C/ Leite 6 Unid.,NESQUIK,Emb. 0.15 KG,"3,27€","21,80€ / KG",
Gel Anti-Calcário Hygiene Elimina Bactérias,CALGON,Emb. 1.5 LT,"12,74€","8,49€ / LT",
Mortadela de Peru,CAMPOFRIO,1 Unid. = 0.11 KG (aprox.),"5,99€/kg","0,66€ / Unid.",
DETERGENTE EM PO SABAO MARSELHA P/ROUPA 50D,XÉOR,,"5,72€",/ Unid.,
Iogurte Líquido Morango 6 Unid.,YOCO,Emb. 0.54,"2,29€","4,24€ /",
Fraldas Incontinência com Elásticos Médio,LINDOR,Emb. 20 UNID.,"12,48€","0,62€ / UNID.",
Lanche Misto,,1 Unid. = 0.09 KG,"0,99€","11,00€ / KG",
Cevada Especial Torrada Moída,DELTA,Emb. 0.25 KG,"0,89€","3,56€ / KG",
Puré de Tomates Biológico,,Emb. 0.72 LT,"1,95€","2,71€ / LT",
Galetes Arroz Biológicas,,Emb. 0.13 KG,"0,99€","7,62€ / KG",
Sabonete Líquido Cremoso Facial,SIMPLE,Emb. 0.15 LT,"6,98€","46,53€ / LT",
Couve Flor Congelada,NOTRE JARDIN,Emb. 1 KG,"1,79€","1,79€ / KG",
Desodorizante Spray Jasmim Bio,BIONAÏA,Emb. 0.1 LT,"1,83€","18,30€ / LT",
SOBREMESA PISTACHE,DÉLISSE,Emb. 0.5 KG,"1,59€","3,18€ / KG",
BL1 LED FILA STANDARD 7W-60W E27 LUZ AMARELA,FOXTER,Emb. 1 UNID.,"4,99€","4,99€ / UNID.",
Conserva Cogumelos Inteiros,NOTRE JARDIN,Emb. 0.355 KG,"1,29€","3,63€ / KG",
Cerveja com Álcool 20x25cl,SUPER BOCK,Emb. 5 LT,"9,49€","1,90€ / LT",
Queijo Curado Receita Original,CASTELÕES,Emb. 0.575 KG,"7,88€","13,70€ / KG",
Crepes de Chocolate 8x32g,P'TIT DÉLI,Emb. 0.256 KG,"1,99€","7,77€ / KG",
Queijo Fatiado Flamengo,TERRA NOSTRA,Emb. 0.2 KG,"2,19€","10,95€ / KG",
Pastéis de Bacalhau 10 Unid.,SNR,Emb. 0.325 KG,"3,45€","10,62€ / KG",
Argolas do mar,PESCANOVA,Emb. 1 KG,"9,98€","9,98€ / KG",
Doce Framboesa sem Açúcar,ST. DALFOUR,Frasco 0.284 KG,"3,48€","12,25€ / KG",
Rosette de Porco,,Emb. 0.15 KG,"1,67€","11,13€ / KG",
Condicionador Express para Pontas Espigadas em Spray,GLISS,Emb. 0.2 LT,"3,24€","16,20€ / LT",
Gomas Sabor a Frutos,HARIBO,Emb. 0.1 KG,"1,08€","10,80€ / KG",
Bolachas Digestivas sem Açúcar,THINS,Emb. 0.174 KG,"2,47€","14,20€ / KG",
Rum Carta Blanca,BACARDI,Garrafa 0.7 LT,"16,98€","24,26€ / LT",
Desodorizante Spray Baunilha,MANAVA,Emb. 0.1 LT,"1,29€","12,90€ / LT",
Colheres Madeira Biodegradável,HOMESIDE,Emb. 10 UNID.,"0,99€","0,10€ / UNID.",
Queijo Fresco Meio Gordo,SANTIAGO,Emb. 0.08 KG,"0,74€","9,25€ / KG",
Hamburguer de Novilho 10 Und. Ultracongelado,,Emb. 1 KG,"9,49€","9,49€ / KG",
MASSA ADESIVA 2X80UN,ESQUISSE,Emb. 2 UNID.,"1,99€","1,00€ / UNID.",
Lula Limpa,,1 Unid. = 0.36 KG (aprox.),"5,49€/kg","1,98€ / Unid.",
Maionese Verdadeira,HELLMANN'S,Emb. 0.208 KG,"2,39€","11,49€ / KG",
QUEIJO FRESCO COTTAGE,MATINAL,Emb. 0.18 KG,"1,88€","10,44€ / KG",
Conserva de Feijão Branco Cozido,NOTRE JARDIN,Lata 0.85 KG,"0,99€","1,16€ / KG",
Bebida Energética Ultra White Energy Zero Açúcar,MONSTER ENERGY,Emb. 0.05 LT,"1,20€","24,00€ / LT",
CABIDE PLASTICO CRIANCA ROSA 4UN,SILLAGE,Emb. 4 UNID.,"1,49€","0,37€ / UNID.",
COLGATE KIT VIAGEM ESCOVA + PASTA DE DENTES,COLGATE,Emb. 1 UNID.,"4,48€","4,48€ / UNID.",
ALGODAO,PRIMOPLAST,Emb. 0.1 KG,"0,75€","7,50€ / KG",
Mácara Rosto Filme Purificante Alisante,INELL,Emb. 2 UNID.,"1,39€","0,70€ / UNID.",
Meloa Cantalupe,,1 Unid. = 1.34 KG (aprox.),"3,49€/kg","4,68€ / Unid.",
Cápsulas Café Alumínio Nespresso 100% Arábica,SEGAFREDO,Emb. 10 UN,"4,27€","0,43€ / UN",
ESPREMEDOR CITRINOS EXPERT,ELSAY,Emb. 1 UNID.,"24,90€","24,90€ / UNID.",
Presunto Fatiado,DAMATTA,Emb. 0.07 KG,"1,98€","28,29€ / KG",
Alimento Seco P/ Gato Crunchy e Tender Salmão Atum,PURINA FRISKIES,Emb. 1.5 KG,"6,98€","4,65€ / KG",
Saboneteira Cinza,SILLAGE,Emb. 1 UNID.,"1,42€","1,42€ / UNID.",
Cápsulas Café Grande P/ Dolce Gusto Intensidade 8,STARBUCKS,Emb. 12 CAPS.,"5,38€","0,45€ / CAPS.",
RAVIOLI CARNE VACA MOLHO ITALIANO,CÔTÉ TABLE,Emb. 0.8 KG,"2,19€","2,74€ / KG",
Panaché 10x25CL,MÍLLBRAU,Emb. 2.5 LT,"2,79€","1,12€ / LT",
BATOM HIDRATANTE CLASSICO 2UN,INELL,Emb. 2 UNID.,"1,59€","0,80€ / UNID.",
Rolo Cozinha Mega ECO 1=10,MARQUE REPERE,Emb. 1 UNID.,"2,99€","2,99€ / UNID.",
Vinho Regional Alentejo Tinto,ADEGA DE BORBA,Garrafa 0.75 LT,"3,49€","4,65€ / LT",
Sobremesa Gelado Chocolate Brownie,CARTE D'OR,Emb. 0.9 LT,"3,29€","3,66€ / LT",
Café Cápsulas Pack Intensidade,DELTA Q,Emb. 40 CAPS.,"12,99€","0,32€ / CAPS.",
Snack Fruut Maça Vermelha Doce Sem Açúcar 60g,,Emb. 0.06 KG,"1,98€","33,00€ / KG",
Coloração Longa Duração Belle Color 6 Louro Escuro,GARNIER,Emb. 1 UNID.,"5,98€","5,98€ / UNID.",
Óleo Corporal Elixir de Argão,NATURAL HONEY,Emb. 0.3 LT,"5,19€","17,30€ / LT",
Pizza Fresca 3 Queijos,TURINI,Emb. 0.45 KG,"2,59€","5,76€ / KG",
Pacotinho de Frutas Banana Laranja e Bolacha +6 meses,NATURNES,Emb. 0.09 KG,"1,04€","11,56€ / KG",
Óleo de Argão,PANTENE,Emb. 0.1 LT,"9,98€","99,80€ / LT",
Queijo Ricotta,SANTA LUCIA,Emb. 0.25 KG,"2,20€","8,80€ / KG",
BACALHAU A BRAS,CÔTÉ TABLE,Emb. 0.25 KG,"3,29€","13,16€ / KG",
PIZZA ESPECIAL MERVEILLOSA,TURINI,Emb. 0.33 KG,"1,99€","6,03€ / KG",
Pota Inteira Congelado,,1 Unid. = 0.2 KG (aprox.),"4,49€/kg","0,90€ / Unid.",
Conserva de Azeitona Preta Descaroçada,RUSTICA,Frasco 0.36 KG,"1,09€","3,03€ / KG",
Bolachas Recheadas Baunilha,P'TIT DÉLI,Emb. 0.154 KG,"0,79€","5,13€ / KG",
"""BLANQUETTE"" DE VITELA E ARROZ",CÔTÉ TABLE,Emb. 0.285 KG,"2,49€","8,74€ / KG",
Refrigerante C/ Gás Laranja,FANTA,Garrafa 1.5 LT,"1,00€","0,67€ / LT",
Strogonoff,KNORR,Emb. 0.033 KG,"1,49€","45,15€ / KG",
Fio de Linho 90Metros,FOXTER,Emb. 1 UNID.,"1,99€","1,99€ / UNID.",
Queijo Ralado Emmental,PRÉSIDENT,Emb. 0.15 KG,"2,54€","16,93€ / KG",
Almôndegas de Carne de Bovino Picada Ultracongelado,ECO+,Emb. 0.9 KG,"6,99€","7,77€ / KG",
ALIMENT BEBE: IOGURTE CREMOSO MANGA E AVEIA BIO 6M,BIO VILLAGE BEBE,,"4,39€",/ Unid.,
Tiras P/ Porcos da Índia Sabor Mel,TOUS MES AMIS,Emb. 0.11 KG,"1,85€","16,82€ / KG",
Nabiça,,1 Unid. = 0.79 KG (aprox.),"2,49€/kg","1,97€ / Unid.",
Vinho do Porto Dona Antonia,FERREIRA,Emb. 0.75 LT,"11,49€","15,32€ / LT",
Refrigerante S/ Gás Maçã/Cassis/Framboesa,JAFUN,Emb. 2 LT,"1,89€","0,95€ / LT",
DETERGENTE LIQUIDO SENSITIVE 40D,EPSIL,,"4,56€",/ Unid.,
CORANTES ALIMENTARES X3,TABLIER BLANC,Emb. 0.018 LT,"1,95€","108,33€ / LT",
Cracker com Arroz Tufado,DU BOIS DE LA ROCHE,Emb. 0.24 KG,"2,56€","10,67€ / KG",
Bebida Energética Orange Burst,POWERADE,Emb. 0.5 LT,"1,38€","2,76€ / LT",
MASSA PENNE RIGATE INTEGRAL,TURINI,Emb. 0.5 KG,"1,49€","2,98€ / KG",
Sabonete Sólido Limão Manjericão,MANAVA,Emb. 2 UNID.,"1,00€","0,50€ / UNID.",
"Infusão Time do Relax de Camomila, Lavanda, Tília e Baunilha",LIPTON,Emb. 20 SAQS,"1,94€","0,10€ / SAQS",
RESGUARDO PROTECAO CAMA 90X180CM,CHORYS,Emb. 20 UNID.,"10,99€","0,55€ / UNID.",
REBENTOS DE FEIJAO MUNGO,NOTRE JARDIN,Emb. 0.175 KG,"0,54€","3,09€ / KG",
Rissóis de Camarão,,Emb. 8 UNID.,"1,39€","0,17€ / UNID.",
Ice Tea de Limão Lata 6x25cl,LIPTON,Emb. 1.5 LT,"3,38€","2,25€ / LT",
SACO PLASTICO P/ TABULEIRO P/GATO GM 8UN,P'TIT AMI,Emb. 8 UNID.,"1,78€","0,22€ / UNID.",
"SALSICHAO SECO ""LABEL ROUGE""",ST AZAY,Emb. 0.25 KG,"3,49€","13,96€ / KG",
Bolachas de Manteiga,,Emb. 0.125 KG,"1,25€","10,00€ / KG",
Infusão Chá Preto Pêssego,FRESH TEA,Emb. 1 LT,"1,19€","1,19€ / LT",
MARCADOR PRETO P/QUADRO BRANCO 2UN,ESQUISSE,Emb. 2 UNID.,"0,99€","0,50€ / UNID.",
Pão de Forma Integral,EPI D'OR,Emb. 0.5 KG,"0,99€","1,98€ / KG",
Bebida Solúvel de Cereais C/ Café,MOKAMBO,Emb. 0.2 KG,"4,47€","22,35€ / KG",
QUEIJO MAROILLES,NOS RÉGIONS ONT DU TALENT,Emb. 0.2 KG,"2,99€","14,95€ / KG",
BOLACHAS DIGESTIVE DIGESTIVE NATURE GULLON 400G,GULLÓN,Emb. 0.4 KG,"2,44€","6,10€ / KG",
Gelado de Chocolate Branco e Cookies,MAGNUM,Emb. 0.44 LT,"3,89€","8,84€ / LT",
Drageia Menta,MENTOS,Emb. 0.04 KG,"0,68€","17,00€ / KG",
Arroz Carolino,CAÇAROLA,Emb. 1 KG,"1,05€","1,05€ / KG",
Sobremesa Creme de Baunilha 4x100gr,DANONE,Emb. 0.4 KG,"1,99€","4,98€ / KG",
Barras de Cereais de Morango 6 Unid.,FITNESS,Emb. 0.141 KG,"2,29€","16,24€ / KG",
Drageias de Chocolate Leite,SMARTIES,Emb. 0.038 KG,"0,98€","25,79€ / KG",
Alimento Húmido Bovino para Cão,ECO+,Emb. 0.3 KG,"0,55€","1,83€ / KG",
Ice Tea Manga,LIPTON,Emb. 1 LT,"1,29€","1,29€ / LT",
Cápsulas Café Blonde Espresso P/ Dolce Gusto Intensidade 6,STARBUCKS,Emb. 12 CAPS.,"5,38€","0,45€ / CAPS.",
Dourada Cal. 700/800,,1 Unid. = 0.75 KG (aprox.),"7,99€/kg","5,99€ / Unid.",
Bloco Sanitário Desinfectante de Lima,DOMESTOS,Emb. 0.055 KG,"1,79€","32,55€ / KG",
Amaciador concentrado rubi,QUANTO,Emb. 76 DOSES,"4,89€","0,06€ / DOSES",
Verniz de Unhas 60 Segundos 703,RIMMEL,Emb. 1 UNID.,"5,58€","5,58€ / UNID.",
Requeijão Mistura Ovelha/Vaca/Cabra,SNR,Emb. 0.24 KG,"1,98€","8,25€ / KG",
Limonada Zero,SPRINK'S,Emb. 1.5 LT,"0,99€","0,66€ / LT",
COTONETES ALGODAO,ECO+,Emb. 200 UNID.,"0,69€","0,00€ / UNID.",
Gelatina Light Sabor a Frutos Vermelhos,TABLIER BLANC,Emb. 0.031 KG,"0,79€","25,48€ / KG",
DETERGENTE MANUAL LOICA AMENDOAS DOCES/CALENDULA,VISIOR,Emb. 0.75 LT,"0,97€","1,29€ / LT",
Bolachas Mini Dinosauros Cereais Saquetas,ARTIACH,Emb. 0.12 KG,"1,87€","15,58€ / KG",
Dentífrico Cuidado Branqueador,PARODONTAX,Emb. 0.075 LT,"5,58€","74,40€ / LT",
Desodorizante Spray Fresia/Orquídea,MANAVA,Emb. 0.1 LT,"1,39€","13,90€ / LT",
Sabonete Aroma da Natureza 4x90g,FENO,Emb. 0.36 KG,"3,18€","8,83€ / KG",
Tablete de Chocolate com Avelãs,TABLETTE D'OR,Emb. 0.2 KG,"1,99€","9,95€ / KG",
Creme de Pentear Hidra Caracóis,FRUCTIS,Emb. 0.2 LT,"4,98€","24,90€ / LT",
Café Cápsulas Intenso Intensidade 10,PLANTATION,Emb. 16 CAPS.,"2,59€","0,16€ / CAPS.",
"ATUM FILELETE AZEITE C/ ALCAPARRAS, 120G",TENÓRIO,Emb. 0.12 KG,"2,29€","19,08€ / KG",
Preparado em Pó P/ Gelatina Tutti Fruti,ROYAL,Emb. 0.114 KG,"1,78€","15,61€ / KG",
Halls Vita C sem Açúcar Cítricos,HALLS,Emb. 0.032 KG,"0,78€","24,38€ / KG",
NOODLES DE VACA,TABLES DU MONDE,Emb. 0.061 KG,"0,99€","16,23€ / KG",
SACO VACUO,SILLAGE,Emb. 2 UNID.,"3,49€","1,75€ / UNID.",
Queijo Fresco Magro 0% Gordura Pack 3,MATINAL,Emb. 0.216 KG,"2,28€","10,56€ / KG",
Compota de Banana Maçã 4x100g,ECO+,Emb. 0.4 KG,"0,99€","2,48€ / KG",
DENTIFRICO SABOR MORANGO EM GEL JUNIOR 7-13 ANOS,DENTAMYL,Emb. 0.075 LT,"0,89€","11,87€ / LT",
CREPES COM CHOCOLATE 6UN,TROFIC,Emb. 0.54 KG,"3,89€","7,20€ / KG",
Condicionador Reparador Flex,REVLON,Emb. 0.65 LT,"3,98€","6,12€ / LT",
Alface Iceberg,,1 Unid. = 0.45 KG  (aprox.),"2,29€/kg","1,03€ / Unid.",
"Iogurte de Manga, Morango e Pêssego 8x120g",DANONE,Emb. 0.96 KG,"1,98€","2,06€ / KG",
Detergente Loiça Manual Concentrado Limão Verde,CIF,Emb. 0.6 LT,"1,49€","2,48€ / LT",
Fita Adesiva Isolação Eletrico 4X5Metrosx15Mm,FOXTER,Emb. 1 UNID.,"1,99€","1,99€ / UNID.",
Gelado de Noz,CARTE D'OR,Emb. 1 LT,"2,89€","2,89€ / LT",
Atum em Óleo,RAMIREZ,Emb. 0.12 KG,"1,09€","9,08€ / KG",
BOLACHAS MEGA DUO GULLON 500G,GULLÓN,Emb. 0.5 KG,"2,58€","5,16€ / KG",
Açúcar Branco Cubos,TÉVA,Emb. 1 KG,"1,59€","1,59€ / KG",
Pudim Flan Chino,EL MANDARIN,Emb. 0.019 KG,"1,47€","77,37€ / KG",
Whisky Vat 69,VAT 69,Garrafa 0.7 LT,"11,98€","17,11€ / LT",
RECARGA P/ MAQUINA SELAR VACUO,ELSAY,Emb. 1 UNID.,"5,99€","5,99€ / UNID.",
Conserva de Atum ao Natural,RAMIREZ,Emb. 0.12 KG,"1,09€","9,08€ / KG",
Alimento Seco Completo P/ Cães Pequenos,TOUS MES AMIS,Emb. 1 KG,"2,85€","2,85€ / KG",
MINI MARCADOR FLURESCENTE SORTIDO CORES PASTEL 4UN,ESQUISSE,Emb. 4 UNID.,"0,99€","0,25€ / UNID.",
PRATO DOURADO C/RENDA 33 CM,,Emb. 1 UNID.,"1,99€","1,99€ / UNID.",
Fio Polietileno 85Metros,FOXTER,Emb. 1 UNID.,"1,00€","1,00€ / UNID.",
Tablete de Chocolate Caramelo,MILKA,Emb. 0.1 KG,"1,57€","15,70€ / KG",
Leite Meio Gordo S/ Lactose 4x200ML,MIMOSA,Emb. 0.8 LT,"2,08€","2,60€ / LT",
Néctar Vital Equilíbrio Manga Maracujá,COMPAL,Emb. 1 LT,"1,83€","1,83€ / LT",
Snack P/ Gato Crispies C/ Sabor a Salmão e Truta,FELIX,Emb. 0.45 KG,"1,88€","4,18€ / KG",
GUYLIAN FRUTOS DO MAR CARTÃO 250g,,,"5,69€",/ Unid.,
Alho em Pó,RUSTICA,Frasco 0.038 KG,"0,89€","23,42€ / KG",
Garoupa Posta,,1 Unid. = 0.3 KG (aprox.),"16,49€/kg","4,95€ / Unid.",
Medalhões Iglo Pescada Msc,IGLO,Emb. 0.36 KG,"5,81€","16,14€ / KG",
Fita Adesiva Reparação Grande 25Metros,FOXTER,Emb. 1 UNID.,"3,73€","3,73€ / UNID.",
SACOS LIXO C/ ATILHO 130L,ELEMBAL,Emb. 10 UNID.,"2,49€","0,25€ / UNID.",
Ice tea de Manga 3x20 cl,LIPTON,Emb. 0.6 LT,"1,17€","1,95€ / LT",
Sardinhas S/Pele e S/Espinhas em Azeite Virgem Extra,BOM PETISCO,Emb. 0.12 KG,"1,99€","16,58€ / KG",
SORTIDO GELADOS PARTY 10UN,SMICY,Emb. 10 UNID.,"2,99€","0,30€ / UNID.",
Iogurte Natural Puro 4x120g,DANONE,Emb. 0.48 KG,"1,18€","2,46€ / KG",
Iogurte Aroma Morango 4 Unid.,LONGA VIDA,Emb. 0.125 KG,"0,89€","7,12€ / KG",
DOSSIER A4 PLÁSTICO 4ARG,ESQUISSE,Emb. 1 UNID.,"0,99€","0,99€ / UNID.",
Alimento Seco P/ Cão Free Vaca,BEYOND,Emb. 7 KG,"35,98€","5,14€ / KG",
Desentupidor Líquido Canos Soda,SYPHON,Emb. 1 LT,"1,59€","1,59€ / LT",
Douradinhos Espinafres 10 Unid.,CAPITÃO IGLO,Emb. 0.284 KG,"3,19€","11,23€ / KG",
Massa Cotovelos Grosso,MILANEZA,Emb. 0.5 KG,"1,09€","2,18€ / KG",
Ervilhas e Cenouras Muito Finas,NOTRE JARDIN,Emb. 0.8 KG,"1,89€","2,36€ / KG",
Doseador Sabão Líquido Cinza,SILLAGE,Emb. 1 UNID.,"3,35€","3,35€ / UNID.",
Preparado Sopa de Cebola,KNORR,Emb. 0.05 KG,"1,49€/kg","0,07€ / Unid.",
Bolachas Recheadas Mini,OREO,Emb. 0.16 KG,"1,98€","12,38€ / KG",
Iogurte de Alperce 4 Unid.,IOGOLINO,Emb. 0.4 KG,"2,84€","7,10€ / KG",
Melância Preta,,1 Unid. = 2.85 KG (aprox.),"0,68€/kg","1,94€ / Unid.",
Crackers Integrais,EPI D'OR,Emb. 0.5 KG,"1,89€","3,78€ / KG",
"BL1 LED GLOBO 9,5-60W E27",FOXTER,Emb. 1 UNID.,"5,99€","5,99€ / UNID.",
Toalhitas Anti-Transferência de cor,VANISH,Emb. 1 UNID.,"4,99€","4,99€ / UNID.",
Caras de Bacalhau,,1 Unid. = 0.5 KG (aprox.),"4,99€/kg","2,50€ / Unid.",
Iogurte Líquido Morango 0% 6 Unid.,DANONE,Emb. 6 UNID.,"2,59€","0,43€ / UNID.",
AROMA DE BAUNILHA,TABLIER BLANC,Emb. 0.2 LT,"2,49€","12,45€ / LT",
Queijo Francês,CAPRICE DES DIEUX,Emb. 0.2 KG,"3,99€","19,95€ / KG",
Cebola Chalota,,Emb. 0.25 KG,"1,09€","4,36€ / KG",
Framboesa,,Emb. 0.125 KG,"1,89€","15,12€ / KG",
Azeite Virgem,RUSTICA,Garrafa 0.75 LT,"3,97€","5,29€ / LT",
Pescada Argentina Nº1 Congelada,,1 Unid. = 0.6 KG (aprox.),"3,49€/kg","2,09€ / Unid.",
CEREAIS RECHEADOS C/LEITE,P'TIT DÉLI,Emb. 0.45 KG,"2,06€","4,58€ / KG",
Iogurte Natural de Soja Côco,ALPRO SOYA,Emb. 0.5 KG,"2,88€","5,76€ / KG",
Palmiers com Maçã e Canela 6 Unid.,DU BOIS DE LA ROCHE,Emb. 0.15 KG,"1,38€","9,20€ / KG",
Vinho Regional Dão Tinto,DUQUE DE VISEU,Garrafa 0.75 LT,"4,48€","5,97€ / LT",
Creme Depilatório Pele Normal,SILISS,Emb. 0.2 LT,"2,75€","13,75€ / LT",
Café Latte Caramel 8 Unid.,NESCAFÉ,Emb. 0.136 KG,"3,27€","24,04€ / KG",
VELA NUMERO - 1,ARDENCE,Emb. 1 UNID.,"0,89€","0,89€ / UNID.",
Difusor Elétrico 3 Volution + Recarga Japan Tatami,AMBIPUR,Emb. 2 UNID.,"9,98€","4,99€ / UNID.",
Sumo de Toranja Rosa,JAFADEN,Emb. 1 LT,"1,59€","1,59€ / LT",
Vinho Regional Alentejo Tinto,PORTA DA RAVESSA,Garrafa 0.75 LT,"2,29€","3,05€ / LT",
CUSCUZ FINO,COMPTOÍR DU GRAIN,Emb. 0.5 KG,"1,09€","2,18€ / KG",
"CANETA ROLLER GEL RETRATIL PRETA 0,5MM",ESQUISSE,Emb. 1 UNID.,"0,69€","0,69€ / UNID.",
Manteiga com Sal,TERRA NOSTRA,Emb. 0.25 KG,"2,14€","8,56€ / KG",
LENCOS BOLSO 3F,ECO+,Emb. 15 UNID.,"1,29€","0,09€ / UNID.",
Conserva de Feijão Manteiga Cozido com pouco Sal,FERBAR,Lata 0.42 KG,"0,95€","2,26€ / KG",
Rebentos de Feijão Mungo Bio,,Frasco 0.175 KG,"1,19€","6,80€ / KG",
Gel de Barbear Sensitive,NIVEA MEN,Emb. 0.2 LT,"4,48€","22,40€ / LT",
Biscoitos de Canela,,Emb. 0.3 KG,"1,69€","5,63€ / KG",
Vinho Regional Bairrada Branco,MARQUES DE MARIALVA,Garrafa 0.75 LT,"4,49€","5,99€ / LT",
Pantene Purifica & Reconstrói Champô 250 ml,,Emb. 0.25 LT,"4,98€","19,92€ / LT",
FRITADEIRA 2000W 3L,ELSAY,Emb. 1 UNID.,"39,90€","39,90€ / UNID.",
Caramelos de Fruta,COPAÍNS COPINES,Emb. 0.25 KG,"1,29€","5,16€ / KG",
Batatas Fritas Tradicional 100% em Azeite,SNR,Emb. 0.15 KG,"1,59€","10,60€ / KG",
GALETES BRETONNES C/PEPITAS DE CHOCOLATE,P'TIT DÉLI,Emb. 0.13 KG,"1,19€","9,15€ / KG",
Cabo Universal,,Emb. 1 UNID.,"1,59€","1,59€ / UNID.",
Queijo Mistura Vaca e Ovelha Pequeno,PAIVA,Emb. 0.5 KG (aprox.),"7,48€","14,96€ / KG",
Luvas para Uso Doméstico Tamanho M,RENOVA LUVAS,Emb. 1 UNID.,"1,38€","1,38€ / UNID.",
Alimento Completo Cereais P/ Porquinhos-da-Índia,TOUS MES AMIS,Emb. 0.8 kg,"1,99€","2,49€ / kg",
GEL-CREME HIDRATANTE 50ML,INELL,Emb. 0.05 LT,"2,79€","55,80€ / LT",
Ambientador P/ Máquina de Lavar Louça Odor Stop,FINISH,Emb. 1 UNID.,"3,24€","3,24€ / UNID.",
Pensos Incontinência Lindor Lady Pad Extra 14 Un,LINDOR,,"3,98€",/ Unid.,
Tampões com Aplicador Pearl Compak Regular,TAMPAX,Emb. 36 UNID.,"7,98€","0,22€ / UNID.",
Bolachas de Manteiga em Saquetas 12x3Unid.,P'TIT DÉLI,Emb. 0.3 KG,"2,39€","7,97€ / KG",
Dióspiro Persimmon,,1 Unid. = 0.25 KG (aprox.),"1,99€/kg","0,50€ / Unid.",
Amêijoa com Casca Vietname Congelada,,1 Unid. = 0.25 KG (aprox.),"2,29€/kg","0,57€ / Unid.",
Moira Regional - PDTO Lamego,SNR,Emb. 0.17 KG,"1,65€","9,71€ / KG",
Iogurte de Pêra 4 Unid.,IOGOLINO,Emb. 0.4 KG,"2,87€","7,18€ / KG",
Queijo Brie,,1 Unid. = 0.2 KG (aprox.),"8,99€/kg","1,80€ / Unid.",
BACALHAU COM NATAS 350G,CÔTÉ TABLE,Emb. 0.35 KG,"1,99€","5,69€ / KG",
Picanha de Novilho,,1 Unid. = 2 KG (aprox.),"12,99€/kg","25,98€ / Unid.",
Sacos para Lixo com Atilho 50L,ELEMBAL,,"1,29€",/ Unid.,
LIQUIDO ABRILHANTADOR,VISIOR,Emb. 0.75 LT,"1,19€","1,59€ / LT",
AFTER SHAVE ORIGINAL,BRUT,Emb. 1 LT,"12,89€","12,89€ / LT",
Vinho Regional Dão Tinto Seleção,QUINTA DE CABRIZ,Garrafa 0.75 LT,"4,49€","5,99€ / LT",
Blocos Sanitários Power Ocean,DOMESTOS,Emb. 0.275 KG,"5,39€","19,60€ / KG",
SALVA UNHAS VITROCERÂMICA 2 UN (2ª UN 50% ON PACK),VILEDA,Emb. 2 UNID.,"3,38€","1,69€ / UNID.",
Pacotinho de Cereais e Bolacha Maria,NESTUM,Emb. 0.08 KG,"0,98€","12,25€ / KG",
CONDICIONADOR REPARADOR,VITANOVE,Emb. 0.2 LT,"1,19€","5,95€ / LT",
Antibacteriano Verde,CIF,Emb. 0.75 LT,"2,49€","3,32€ / LT",
Água sem Gás,LUSO,Garrafão 5.4 LT,"1,68€","0,31€ / LT",
Bolachas Enroladas Cobertas de Chocolate Preto,P'TIT DÉLI,Emb. 0.125 KG,"1,68€","13,44€ / KG",
Batatas Fritas Lisas,ECO+,Emb. 0.2 KG,"1,19€","5,95€ / KG",
Brownies de Chocolate de Leite,MILKA,Emb. 0.15 KG,"2,59€","17,27€ / KG",
Bebida Energética,X-TENSE,Garrafa 1 LT,"1,49€","1,49€ / LT",
GELADO STAR FOGUETAO 8UN,SMICY,Emb. 8 UNID.,"1,45€","0,18€ / UNID.",
PANO SUAVE ULTRA FRESH 2UN,VILEDA,Emb. 2 UNID.,"2,64€","1,32€ / UNID.",
Margarina Meio Gorda para Culinária,,Emb. 0.5 KG,"1,55€","3,10€ / KG",
Pensos Higiénicos Ultrafinos Noite,AUSONIA,Emb. 9 UNID.,"1,69€","0,19€ / UNID.",
IOGURTE ACUCARADO C/ ACUCAR AMARELO,DÉLISSE,,"1,99€",/ Unid.,
Creme Barbear Classic,PALMOLIVE,Emb. 0.1 LT,"2,08€","20,80€ / LT",
Maçã Golden Cal. 70/75,,1 Unid. = 0.21 KG (aprox.),"1,69€/kg","0,35€ / Unid.",
Refrigerante C/ Gás Ananás S/ Adição Açúcares,FANTA,Garrafa 1.5 LT,"1,00€","0,67€ / LT",
Cillit Bang Calcário & Brilho 500ML x12,CILLIT BANG,Emb. 0.5 LT,"2,24€","4,48€ / LT",
Bacalhau Posta,,Emb. 0.75 KG,"9,99€","13,32€ / KG",
GEL DUCHE ENERGIZANTE 250ML 250ML CARRE HOMME,CARRÉ HOMME,,"0,97€",/ Unid.,
Caldo de Carne sem Sal Pack 8,KNORR,Emb. 0.072 KG,"1,49€","20,69€ / KG",
Conjunto Borracha Mista,ESQUISSE,,"0,69€",/ Unid.,
FRANCESINHA,CÔTÉ TABLE,Emb. 0.45 KG,"5,49€","12,20€ / KG",
Pizza 4 Estações,BUITONI,Emb. 0.355 KG,"2,99€","8,42€ / KG",
Cereais de Aveia Integral C/ Chocolate,FITNESS,Emb. 0.375 KG,"2,99€","7,97€ / KG",
Champô para Cabelos Normais a Oleosos,TRESEMMÉ,Emb. 0.5 LT,"4,19€","8,38€ / LT",
STICKS RICOS FRANGO P / CAO 5UN 42G LYDOG,TOUS MES AMIS,Emb. 0.042 KG,"0,79€","18,81€ / KG",
Hamburguer Big Burger Iglo Vaca C/ Queijo S/Gluten 200 G,,Emb. 0.2,"3,98€","19,90€ /",
Massa Pérolas,MILANEZA,Emb. 0.25 KG,"0,74€","2,96€ / KG",
Bolo de Massa em Espiral,P'TIT DÉLI,Emb. 0.2 KG,"1,29€","6,45€ / KG",
Cápsulas Café Expresso Intenso Intensidade 7,DOLCE GUSTO,Emb. 16 CAPS.,"5,98€","0,37€ / CAPS.",
Caldo de Galinha 12x10g,ECO+,Emb. 0.12 KG,"0,59€","4,92€ / KG",
BACALHAU ESPIRITUAL 350G,CÔTÉ TABLE,Emb. 0.35 KG,"3,09€","8,83€ / KG",
Refrigerante C/ Gás Zero Açúcar,COCA COLA ZERO,Emb. 1 LT,"1,59€","1,59€ / LT",
Couve Penca,,1 Unid. = 1.05 KG (aprox.),"1,39€/kg","1,46€ / Unid.",
Castanha,,1 Unid. = 0.25 KG (aprox.),"4,98€/kg","1,25€ / Unid.",
Salsichas Cocktail,TRADILÈGE,Emb. 0.4 KG,"2,49€","6,23€ / KG",
GELADO BAUNILHA,ESKISS,Emb. 1 LT,"1,99€","1,99€ / LT",
BARQUETTES DE CHOCOLATE/AVELA,P'TIT DÉLI,Emb. 0.24 KG,"1,89€","7,88€ / KG",
Sardinhas em Azeite Biológico,BOM PETISCO,Emb. 0.12 KG,"1,39€","11,58€ / KG",
AFIA C/DEPOSITO,ESQUISSE,Emb. 1 UNID.,"0,89€","0,89€ / UNID.",
Pizza Casa Di Mama Salame,DR. OETKER,Emb. 0.38 LT,"3,98€","10,47€ / LT",
Amaciador concentrado flores silvestres,QUANTO,Emb. 76 DOSES,"4,89€","0,06€ / DOSES",
Iogurte Líquido Pêssego 6 Unid.,MIMOSA,Emb. 1.05 LT,"2,09€","1,99€ / LT",
COGUMELOS INTEIROS,NOTRE JARDIN,Emb. 0.185 KG,"0,75€","4,05€ / KG",
Syoss Oieo Intense 4-86 Castanho Gelado,SYOSS,,"6,24€",/ Unid.,
Queijo Fundido 10 Fatias,,Emb. 0.2 KG,"1,19€","5,95€ / KG",
Vinho do Porto Rosê,PORTO CRUZ,Garrafa 0.75 L,"7,49€","9,99€ / L",
Vinho Branco de Alsacia A.O.C. Riesling 2014,REBMANN,Garrafa 0.75 LT,"4,49€","5,99€ / LT",
Vinagre de Álcool Cristal,ECO+,Garrafa 1.5 LT,"0,99€","0,66€ / LT",
Vinho do Porto 10 Anos,DORRÃO,Garrafa 0.75 LT,"9,99€","13,32€ / LT",
Douradinhos Forníssimo 12 Unid.,CAPITÃO IGLO,Emb. 0.3 KG,"4,49€","14,97€ / KG",
SORTIDO BISCOITOS FINOS,EQUADOR,Emb. 0.4 KG,"3,69€","9,23€ / KG",
VILEDA SINTETICO C/ABRASIVO PLAST. 10\'S,VILEDA,,"2,38€",/ Unid.,
Tablete de Chocolate Negro,NESTLÉ,Emb. 0.09 KG,"1,09€","12,11€ / KG",
Tablete Oreo,MILKA,Emb. 0.3 KG,"3,98€","13,27€ / KG",
Leite UHT S/ Lactose Magro,MIMOSA,Emb. 1 LT,"1,19€","1,19€ / LT",
Ambientador Eléctrico Nenuco + Recarga,AIRWICK,Emb. 0.019 LT,"5,39€","283,68€ / LT",
"BL1 LED SPOT 5,5W - 50W GU10",FOXTER,Emb. 1 UNID.,"4,42€","4,42€ / UNID.",
Água Tónica,SPRINK'S,Garrafa 1.5 LT,"1,49€","0,99€ / LT",
Burgers Green Cuisine Proteina Vegetal,IGLO,Emb. 0.2 KG,"4,78€","23,90€ / KG",
COOKIES C/ PEPITAS CHOCOLATE E QUINOA BIO,,,"2,09€",/ Unid.,
LENTILHA,NOTRE JARDIN,Emb. 0.8 KG,"1,69€","2,11€ / KG",
QUICHE LORRAINE 8UN,CÔTÉ TABLE,Emb. 0.8 KG,"5,29€","6,61€ / KG",
Ambientador Stick Perfumado Flor,AIR WICK,Emb. 0.025 LT,"7,19€","287,60€ / LT",
Sabonetes Solidos Leite e Mel 4 Unid.,PALMOLIVE,Emb. 0.09 KG,"2,68€","29,78€ / KG",
Algodão Maxi Bebé,MOTS D'ENFANTS,Emb. 80 UNID.,"1,95€","0,02€ / UNID.",
Leite Bem Especial 0% de Lactose Chocolate 4 Unid.,MIMOSA,Emb. 0.8 LT,"1,99€","2,49€ / LT",
Conserva de Mexilhão em Escabeche,PITEU,Emb. 0.115 KG,"1,83€","15,91€ / KG",
"Açúcar Baunilhado 5x7,5 g",,Emb. 0.037 KG,"2,98€","80,54€ / KG",
Arroz Vaporizado,COMPTOÍR DU GRAIN,Emb. 1 KG,"1,19€","1,19€ / KG",
Detergente Loiça Manual Concentrado Limão Verde,CIF,Emb. 1 LT,"1,99€","1,99€ / LT",
Massa Macarrão,MILANEZA,Emb. 0.5 KG,"1,19€","2,38€ / KG",
Pack 4 Escovas de Dentes Média,ORAL B,Emb. 4 UNID.,"4,98€","1,25€ / UNID.",
Anona,,1 Unid. = 0.27 KG (aprox.),"4,99€/kg","1,35€ / Unid.",
Dentes de Alho,,Emb. 0.25 KG,"2,39€","9,56€ / KG",
Chá Infusão Lúcia-Lima,TISÉA,Emb. 25 KG,"1,59€","0,06€ / KG",
Sementes de Quinoa Biológicas,,Emb. 0.5 KG,"3,58€","7,16€ / KG",
Iogurte Sólido Proteico Chocolate Branco Lindahls,NESTLÉ,Emb. 0.15 KG,"1,09€","7,27€ / KG",
Máquinas de Barbear Descartáveis Blue II Plus,GILLETTE,Emb. 6 UNID.,"3,68€","0,61€ / UNID.",
ALIMENTO PARA PERIQUITOS,ECO+,Emb. 1 KG,"1,59€","1,59€ / KG",
Ambientador Automático Glade Sense & Spray Difusor e Recambio Lavanda & Jazmín,BRISE,Emb. 0.018 LT,"5,39€","299,44€ / LT",
Chá Verde com Hortelã e Pimenta,BRITLEY,Emb. 25 SAQ.,"0,99€","0,04€ / SAQ.",
Vinho Regional Tejo Branco,QUINTA DA ALORNA,Garrafa 0.75 LT,"3,49€","4,65€ / LT",
DESODORIZANTE SPRAY ICE BOOST MEN 100ML COMPACT,CARRÉ HOMME,Emb. 0.1 LT,"1,29€","12,90€ / LT",
Iogurtes Liquido Yoco Alperce Maçã,YOCO,Emb. 0.36 LT,"1,89€","5,25€ / LT",
Creme de Mãos Óleo de Abacate,DOVE,Emb. 0.075 LT,"2,59€","34,53€ / LT",
GELATINA CONDI MORANGO 2X85G,CONDI,,"1,87€",/ Unid.,
Champô 2 Em 1 500 Ml+250 Ml Grátis,CORINE DE FARME,Emb. 0.75 LT,"4,84€","6,45€ / LT",
Vinagre de Vinho Branco,ECO+,Garrafa 1 LT,"0,69€","0,69€ / LT",
Gel Limão,FINISH,Emb. 1 LT,"8,99€","8,99€ / LT",
Refrigerante S/ Gás Ananás,ECO+,Garrafa 2 LT,"0,79€","0,40€ / LT",
Couve Chinesa,,1 Unid. = 0.6 KG (aprox.),"1,99€/kg","1,19€ / Unid.",
Alho Seco,,Emb. 0.5 KG,"2,39€","4,78€ / KG",
Legumes Salteados Parisiense,BONDUELLE,Emb. 0.4 KG,"2,93€","7,33€ / KG",
DOSSIER A4 LOMBADA 5CM,ESQUISSE,Emb. 1 UNID.,"1,99€","1,99€ / UNID.",
Alface Frisada,,1 Unid. = 0.4 KG (aprox.),"1,99€/kg","0,80€ / Unid.",
Queijo Mistura o Sabor Português,LES CROISÉS,1 Unid. = 0.19 KG (aprox.),"8,99€/kg","1,71€ / Unid.",
Ameixa Vermelha Cal. 45/55,,1 Unid. = 0.09 KG (aprox.),"2,49€/kg","0,22€ / Unid.",
CANUDINHOS,P'TIT DÉLI,Emb. 0.18 KG,"1,19€","6,61€ / KG",
Vinho Branco,M.J.FREITAS,Bag in Box 5 LT,"7,99€","1,60€ / LT",
Desodorizante Roll On,DOVE,Emb. 0.05 LT,"2,39€","47,80€ / LT",
Pantene Espuma Caracóis 200ml,PANTENE PV,Emb. 0.2 LT,"3,74€","18,70€ / LT",
DETERGENTE LIQUIDO SABAO MARSELHA/ F. PROVENCA ATIVOS VEGETAIS 50D,XÉOR,,"4,99€",/ Unid.,
Sardinha Tomate Picante,BOM PETISCO,Emb. 0.12 KG,"0,99€","8,25€ / KG",
Polpa de Maracuja,KOALA,Lata 0.565 LT,"3,99€","7,06€ / LT",
Tira-Nódoas para Roupa de Cor,SKIP,Emb. 1 KG,"7,49€","7,49€ / KG",
Bebida Solúvel Café e Chicória,RICORÉ,Emb. 0.26 KG,"7,77€","29,88€ / KG",
CHUVEIRO CROMADO 3 JATOS+TUBO FLEXIVEL 1.75M,FOXTER,Emb. 1 UNID.,"12,99€","12,99€ / UNID.",
Seleção de Frutos Secos,MARQUE REPERE,Emb. 0.25 KG,"5,79€","23,16€ / KG",
Sobremesa Gelado Salted Caramel,CARTE D'OR,Emb. 0.9 LT,"3,29€","3,66€ / LT",
Preservativos Nature Easy Way,CONTROL,Emb. 10 UNID.,"6,99€","0,70€ / UNID.",
Queijo de Cabra Curado,SALOIO,Emb. 0.2 KG,"3,98€","19,90€ / KG",
ARROZ REDONDO ESPECIAL RISOTTO,COMPTOÍR DU GRAIN,Emb. 0.5 KG,"1,09€","2,18€ / KG",
Vinho de Mesa Branco,LAGAR DAS PIAS,Bag in Box 5 LT,"7,19€","1,44€ / LT",
Alimento Húmido P/ Gato Vaca Borrego Salmão Legumes,LYCAT,Emb. 3 UNID.,"2,69€","0,90€ / UNID.",
SACOS LIXO FECHO FACIL 30L,ELEMBAL,Emb. 20 UNID.,"1,19€","0,06€ / UNID.",
Conjunto de 8 Chaves de Boca,ECO+,Emb. 8 UNID.,"4,59€","0,57€ / UNID.",
BARRA DE BOLACHA C/ COB CHOCOLATE E RECH DE LEITE,P'TIT DÉLI,Emb. 0.13 KG,"1,59€","12,23€ / KG",
Toalhitas para Bebé Limpa e Hidrata,DODOT,Emb. 384 UNID.,"8,68€","0,02€ / UNID.",
Coloração Permanente Intense 8-05 Louro Gelado,SYOSS,,"6,24€",/ Unid.,
MOUSSE DE CASTANHAS,DÉLISSE,Emb. 0.292 KG,"1,99€","6,82€ / KG",
Bolacha Crunch de Aveia Coberta com Chocolate de Leite,MC VITIE'S,Emb. 0.205 KG,"2,68€","13,07€ / KG",
CANETA ROLLER GEL CORES SORTIDAS 3UN,ESQUISSE,Emb. 3 UNID.,"1,49€","0,50€ / UNID.",
Andouillettes 3 Unid.,TRADILÈGE,Emb. 0.42 KG,"4,35€","10,36€ / KG",
Néctar Clássico Laranja,COMPAL,Emb. 1 LT,"1,58€","1,58€ / LT",
Nuggets Frango Panado,PESCANOVA,Emb. 1 KG,"11,99€","11,99€ / KG",
Salva Camas 60x90CM,LINDOR,Emb. 15 UNID.,"10,73€","0,72€ / UNID.",
Farinha Amido de Milho,MAIZENA,Emb. 0.7 KG,"3,89€","5,56€ / KG",
Iogurte Infantil Morango 6x50g,DANONINHO,Emb. 0.3 KG,"1,89€","6,30€ / KG",
"CAFE MOIDO ""CREPUSCULE NOIR"" ARABICA",PLANTATION,Emb. 0.25 KG,"2,49€","9,96€ / KG",
Caldo de Legumes sem Sal Pack 8,KNORR,Emb. 0.072 KG,"1,49€","20,69€ / KG",
Batatas Fritas Double Crunch BBQ,RUFFLES,Emb. 0.14 KG,"1,97€","14,07€ / KG",
Vinho Regional Alentejo Tinto,MONSARAZ,Garrafa 0.75 LT,"2,98€","3,97€ / LT",
Conserva de Tomate Pelado,TURINI,Lata 0.39 KG,"0,65€","1,67€ / KG",
Conserva Choucroute Garnie,CÔTÉ TABLE,Emb. 0.8 KG,"2,07€","2,59€ / KG",
Fatias Finas Peito de Peru,NOBRE,Emb. 0.11 KG,"2,14€","19,45€ / KG",
IOGURTE BAUNILHA BIO,,Emb. 0.5 KG,"1,35€","2,70€ / KG",
Cápsulas Café Espresso Intenso Intensidade 13,DOLCE GUSTO,Emb. 48 CAPS.,"14,88€","0,31€ / CAPS.",
Piri Piri com Azeite,GALLO,Emb. 0.05 LT,"1,86€","37,20€ / LT",
Refrigerante S/ Gás Maçã,ECO+,Garrafa 2 LT,"0,79€","0,40€ / LT",
MINI SUBLINHADORES 4UN,ESQUISSE,Emb. 4 UNID.,"1,99€","0,50€ / UNID.",
Vinho Castello DAlba Superior Tinto 2020,CASTELLO D'ALBA,Emb. 0.75 LT,"11,99€","15,99€ / LT",
MANGA PEDACOS 650G,DOUCEUR DU VERGER,Emb. 0.65 KG,"3,49€","5,37€ / KG",
CAPA CARTAO C/ELASTICO 3UN,ESQUISSE,Emb. 3 UNID.,"1,99€","0,66€ / UNID.",
Vinho Regional Alentejo Tinto,LOIOS,Garrafa 0.75 LT,"3,48€","4,64€ / LT",
AMACIADOR ROUPA ROSAS,HYPERDOU,Emb. 4 LT,"2,49€","0,62€ / LT",
Toalhitas Desinfetantes,CIF,Emb. 36 UNID.,"2,24€","0,06€ / UNID.",
Detergente Líquido para Madeiras Spray,CIF,Emb. 0.435 LT,"2,49€","5,72€ / LT",
Desodorizante Roll-On Original,DOVE,Emb. 0.05 LT,"2,69€","53,80€ / LT",
Cereais de Chocolate,CHOCAPIC,Emb. 0.375 KG,"2,09€","5,57€ / KG",
Bolachas Integral Cacau,DIESE,Emb. 0.2 KG,"2,38€","11,90€ / KG",
Vinho Regional Alentejano Branco,QUINTA DO CARMO,Garrafa 0.75 LT,"9,98€","13,31€ / LT",
Amaciador Roupa Concentrado Ouro,QUANTO,Emb. 84 DOSES,"4,89€","0,06€ / DOSES",
Ambientador Absorbeolores Glade Lavanda,BRISE,Emb. 2 UNID.,"2,99€","1,50€ / UNID.",
Dentífrico e Elixir Expert Branqueador,DENTAMYL,Emb. 0.075 LT,"0,95€","12,67€ / LT",
MAQ.BARBEAR 3 LAMINAS + 2 RECARGAS,CARRÉ HOMME,Emb. 1 UNID.,"3,19€","3,19€ / UNID.",
"CACAROLA 20, C/ASAS ALU.FUND. E PEANHA ALU.",ECO+,Emb. 1 UNID.,"6,99€","6,99€ / UNID.",
GELADO TRIUM PISTACHIO 4UN,TRIUM,Emb. 4 UNID.,"2,52€","0,63€ / UNID.",
Óleo Barba King C,GILLETTE,Emb. 0.03 LT,"7,49€","249,67€ / LT",
Palitos de La Reine Mousse d´Or,DU BOIS DE LA ROCHE,Emb. 0.2 KG,"2,73€","13,65€ / KG",
Aveia Instantânea Em Pó Bolacha,PROZIS,Emb. 1.25 KG,"719,00€","575,20€ / KG",
GELADO TRIUM CAFE 4UN,TRIUM,Emb. 4 UNID.,"2,29€","0,57€ / UNID.",
Pescada Chilena N.º3 Congelado,,1 Unid. = 1 KG (aprox.),"7,99€/kg","7,99€ / Unid.",
Iogurte Pouch Squezzy Morango e Banana,YOCO,Emb. 0.32 KG,"2,29€","7,16€ / KG",
Tortellini de Ricotta e Espinafres,KNORR,Emb. 0.25 KG,"2,98€","11,92€ / KG",
NAPOLITANAS CHOCOLATE 10UN,ECO+,Emb. 0.45 KG,"1,99€","4,42€ / KG",
Amêndoa Caramelizada,,Emb. 0.25 KG,"4,19€","16,76€ / KG",
Atum em Óleo Vegetal,BOM PETISCO,Emb. 0.385 KG,"3,79€","9,84€ / KG",
Línguas de Veado,,Emb. 0.25 KG,"1,59€","6,36€ / KG",
Torta de Ovo,,1 Unid. = 0.65 KG (aprox.),"7,99€/kg","5,19€ / Unid.",
Bolachas de Água e Sal,VIEIRA,Emb. 12  UNID.,"2,37€","0,20€ /  UNID.",
Cracker Integral,CUÉTARA,Emb. 0.2 KG,"1,27€","6,35€ / KG",
LAVA TUDO PINHO,CLAIR,Emb. 1.5 LT,"1,89€","1,26€ / LT",
Cabrito Inteiro/Metades,,1 Unid. = 2.5 KG (aprox.),"11,99€/kg","29,98€ / Unid.",
Bloco Sanitário Poder Activo Pinho,SONASOL,Emb. 0.05 KG,"1,94€","38,80€ / KG",
FUSILLI A BOLONHESA,COTE SNACK,Emb. 0.3 KG,"2,09€","6,97€ / KG",
Café Pastilhas,PLANTATION,Emb. 36 UNID.,"3,59€","0,10€ / UNID.",
Lava Tudo Novo Brilho Ph Neutro,SONASOL,Emb. 1.3 LT,"2,09€","1,61€ / LT",
Flor Duche Cinza,SILLAGE,Emb. 1 UNID.,"1,89€","1,89€ / UNID.",
Whisky Grant's,GRANT'S,Garrafa 0.7 LT,"14,78€","21,11€ / LT",
Biscoitos com Tablete de Chocolate Biológicos,,Emb. 0.15 KG,"1,99€","13,27€ / KG",
"MAQUINA CREPES L2312,ECO+,1P",ECO+,Emb. 1 UNID.,"24,90€","24,90€ / UNID.",
Tempero Líquido Maggi,NESTLÉ,Emb. 0.125 KG,"2,09€","16,72€ / KG",
Coloração Longa Duração Belle Color 3 Castanho Escuro,GARNIER,Emb. 1 UNID.,"5,98€","5,98€ / UNID.",
Rebuçados Limão e Cidreira,MENTOLIN,Emb. 0.1 KG,"1,39€","13,90€ / KG",
Abrilhantador Brilho e Proteção,FINISH,Emb. 0.4 LT,"4,84€","12,10€ / LT",
Coloração Nº 5-86 Castanho Caramelo,SYOSS,,"6,24€",/ Unid.,
Bebida de Soja,NAT&VIE,Emb. 1 LT,"0,89€","0,89€ / LT",
FEIJAO CATARINO SACO,NOTRE JARDIN,Emb. 1 KG,"2,29€","2,29€ / KG",
ESCOVA DENTES MEDIA CABECA RECARREGAVEL,DENTAMYL,,"1,25€",/ Unid.,
IOGURTE GREGO NATURAL BIO,,Emb. 0.3 KG,"1,78€","5,93€ / KG",
Bolachas Digestive Avenacol,CUÉTARA,Emb. 0.3 KG,"2,98€","9,93€ / KG",
Cereais Special K Classic,KELLOGG'S,Emb. 0.375 KG,"2,37€","6,32€ / KG",
Lip Therapy Aloe Vera,VASELINE,Emb. 0.017 KG,"2,98€","175,29€ / KG",
Bolonhesa,NOBRE,Emb. 0.5 KG,"2,74€","5,48€ / KG",
Arroz Risotto,CAÇAROLA,Emb. 0.5 KG,"1,50€","3,00€ / KG",
Crackers com Sésamo,VIEIRA,Emb. 0.2 KG,"1,38€","6,90€ / KG",
ESPARGUETE INTEGRAL,TURINI,Emb. 0.5 KG,"1,19€","2,38€ / KG",
RECARGA ESFREGONA MICROFIBRAS TIRAS,,Emb. 1 UNID.,"2,29€","2,29€ / UNID.",
Leite C/ Chocolate Light 4 Unid.,MIMOSA,Emb. 0.8 LT,"2,18€","2,73€ / LT",
Dossier A4 Plástico Lombada 4Cm Argolas,ESQUISSE,Emb. 1 UNID.,"1,25€","1,25€ / UNID.",
SOBREMESA SOJA C/ CHOCOLATE BIO,,Emb. 0.4 KG,"2,05€","5,13€ / KG",
Miolo de Caju C/ Sal,MARQUE REPERE,Emb. 0.15 KG,"2,69€","17,93€ / KG",
RODO LIMPA VIDROS C/ LADO ANTI-MOSQUITOS,TECH9,Emb. 1 UNID.,"2,99€","2,99€ / UNID.",
Vinagre de Sidra,RUSTICA,Garrafa 0.5 LT,"0,45€","0,90€ / LT",
Queijo Fundido 12 Unid.,LES CROISÉS,Emb. 0.24 KG,"1,99€","8,29€ / KG",
Fraldas Incontinência Máxima G,LINDOR,Emb. 46 UNID.,"28,73€","0,62€ / UNID.",
CAFE SOLUVEL LIOFILISADO x 25 sticks,PLANTATION,Emb. 0.05 KG,"1,69€","33,80€ / KG",
GUYLIAN FRUTOS DO MAR CARTÃO 125g,,,"3,74€",/ Unid.,
PIZZA ATUM,TURINI,Emb. 0.355 KG,"1,89€","5,32€ / KG",
Muesli Morango,GRAINEA,Emb. 0.5 KG,"2,69€","5,38€ / KG",
Cream Crackers,JACOB'S,Emb. 0.2 KG,"1,19€","5,95€ / KG",
"OIKOS MORANGO 110G X4,,440G",OIKOS,Emb. 0.44 KG,"2,39€","5,43€ / KG",
Maionese,HELLMANN'S,Emb. 0.763 KG,"4,59€","6,02€ / KG",
Perna de Pato,,1 Unid. = 0.39 KG  (aprox.),"3,99€/kg","1,56€ / Unid.",
Refrigerante C/ Gás Laranja,SPRINK'S,Garrafa 1.5 LT,"0,74€","0,49€ / LT",
Cinta C/ Fivela 5Metros,ECO+,Emb. 2 UNID.,"1,50€","0,75€ / UNID.",
Aguardente Bagaceira,SÃO DOMINGOS,Garrafa 1 LT,"15,68€","15,68€ / LT",
Chá de Detox Hibisco Folha de Freixo Ulmeira,LIPTON,Emb. 20 SAQ.,"1,94€","0,10€ / SAQ.",
Toalhitas de Rosto com Óleo de Amêndoas Doces 25UNI,CORINE DE FARME,Emb. 25 UNID.,"1,48€","0,06€ / UNID.",
Maionese com Alho Top Down,CALVÉ,Emb. 0.25 KG,"2,19€","8,76€ / KG",
Recarga para Difusor Elétrico 3 Volution Ar Fresco,AMBIPUR,Emb. 1 UNID.,"6,98€","6,98€ / UNID.",
Tira Gorduras Misto,MISTOLIN,Emb. 0.545 LT,"2,88€","5,28€ / LT",
SACOS LIXO FECHO FACIL LAVANDA 30L,ELEMBAL,Emb. 20 UNID.,"1,09€","0,05€ / UNID.",
COMEDOURO DUPLO PEQUENO,ECO+,Emb. 1 UNID.,"0,99€","0,99€ / UNID.",
Molhos Tripack,RUSTICA,Emb. 0.75 KG,"4,49€","5,99€ / KG",
PENSOS INCONTINENCIA LIGEIRA - HOMEM,CHORYS,Emb. 20 UNID.,"3,25€","0,16€ / UNID.",
Conserva de Milho Doce 3x140g,NOTRE JARDIN,Emb. 0.42 KG,"1,50€","3,57€ / KG",
Sumo Ananás,JAFADEN,Emb. 1 LT,"1,69€","1,69€ / LT",
Gel Duche Leite de Coco,MANAVA,Emb. 0.25 LT,"1,39€","5,56€ / LT",
Pão Rio Maior,,1 Unid. = 0.45 KG,"1,99€","4,42€ / KG",
Gelatina em Pó Ananás 2x85g,TABLIER BLANC,Emb. 0.17 KG,"0,89€","5,24€ / KG",
Lava Tudo Vinagre,CIF,Emb. 1.4 LT,"1,99€","1,42€ / LT",
Gel de Banho Excite,AXE,Emb. 0.4 LT,"3,29€","8,23€ / LT",
BARRA CEREAL CH.KRISPIES 6X20,KELLOGG'S,Emb. 6 UNID.,"2,67€","0,45€ / UNID.",
Champo Karpex Manual,VANISH,Emb. 0.95 LT,"5,19€","5,46€ / LT",
Destop Gel Express Odor Stop 1Litro x15,DESTOP,Emb. 1 LT,"5,99€","5,99€ / LT",
Óleo Brilho Keratina,TRESEMMÉ,Emb. 0.05 LT,"5,99€","119,80€ / LT",
Refrigerante S/ Gás Romã,JAFADEN,Emb. 1 LT,"1,99€","1,99€ / LT",
Aroma de Amêndoa Líquido,CONDI,Emb. 0.025 KG,"1,43€","57,20€ / KG",
Creme Culinário de Soja,SHOYCE,Emb. 0.2 LT,"1,48€","7,40€ / LT",
Desentupidor Express Gel,DESTOP,Emb. 1 LT,"5,99€","5,99€ / LT",
BANZAI NOODLE CARIL CIGALA,CIGALA,Emb. 0.067 KG,"0,94€","14,03€ / KG",
Alimento Seco para Gato Multicroquetes Peixe,ECO+,Emb. 2 KG,"2,99€","1,50€ / KG",
"ALIMENT BEBE: PURE FEIJAO VERDE, BATATA BIO +4M  2X120G",BIO VILLAGE BEBE,Emb. 0.24 KG,"1,59€","6,63€ / KG",
Conjunto de 6 Chaves Philips,FOXTER,Emb. 6 UNID.,"10,99€","1,83€ / UNID.",
Misto de Patés 4x22g,PÊCHE OCÉAN,Emb. 0.088 KG,"1,09€","12,39€ / KG",
Água sem Gás,LUSO,Garrafão 7 LT,"1,63€","0,23€ / LT",
PENSOS HIGIENICOS U.FINOS NOITE C/ABAS 10UN X2,DOULYS,Emb. 20 UNID.,"2,09€","0,10€ / UNID.",
Champô Ultimate Repair,GLISS,Emb. 0.25 Lt,"2,24€","8,96€ / Lt",
PENSOS DIARIOS U. FINOS DUOFORM 30UN,DOULYS,Emb. 30 UNID.,"1,09€","0,04€ / UNID.",
EMPADAO CARNE,ECO+,Emb. 1 KG,"3,49€","3,49€ / KG",
Bicarbonato,RUSTICA,Emb. 0.05 KG,"0,59€","11,80€ / KG",
Gel de Banho Rosas e Jasmim,VASELINE,Emb. 0.7 LT,"2,99€","4,27€ / LT",
Choco com Tinta,,1 Unid. = 0.6 KG (aprox.),"7,49€/kg","4,49€ / Unid.",
Orecchiette,TRADIZIONI D'ITALIA,Emb. 0.5 KG,"1,69€","3,38€ / KG",
Batatas fritas natas & cebola,PRINGLES,Emb. 0.175 KG,"1,99€","11,37€ / KG",
Legumes Grelhados Salteados Congelados,NOTRE JARDIN,Emb. 0.75 KG,"2,89€","3,85€ / KG",
Alimento Húmido P/ Gato de Frango,LYCAT,Emb. 0.08 KG,"0,75€","9,38€ / KG",
Cotonetes p/ Bebé,JOHNSON'S BABY,Emb. 0.1 UNID.,"1,98€","19,80€ / UNID.",
"GEL ÍNTIMO SUAVE, 250ML",CORINE DE FARME,Emb. 0.25 LT,"2,49€","9,96€ / LT",
Queijo São Jorge,QUEIJO SÃO JORGE,1 Unid. = 0.2 KG (aprox.),"13,98€/kg","2,80€ / Unid.",
Arroz Carolino,CIGALA,Emb. 1 KG,"1,14€","1,14€ / KG",
Chá de Ceilão,BRITLEY,Emb. 25 SAQ.,"0,89€","0,04€ / SAQ.",
Pá do Lixo com Cabo Metálico,,Emb. 1 UNID.,"1,59€","1,59€ / UNID.",
Alimento Seco P/ Cão Adulto Frango C/ Arroz,PURINA,Emb. 14 KG,"63,28€","4,52€ / KG",
PANO SUAVE DUPLO,VILEDA,,"1,98€",/ Unid.,
Alimento Húmido Gato Menu Completo em Salsa e Molho 4x100g,LYCAT,Emb. 4 KG,"1,49€","0,37€ / KG",
Bolachas Cookies Pepitas de Chocolate,CHIPS AHOY,Emb. 0.128 KG,"1,79€","13,98€ / KG",
Sticks Perfumados de Hortelã Marroquina e Toranja Rosa,Air Wick Botanica,Emb. 0.08 LT,"10,19€","127,38€ / LT",
Bochecha de Porco,,1 Unid. = 0.45 KG (aprox.),"8,99€/kg","4,05€ / Unid.",
Amêijoa Vietname Castanha Congelada,,1 Unid. = 0.38 KG (aprox.),"3,29€/kg","1,25€ / Unid.",
Esfregão Salva Unhas Classic,SCOTCH BRITE,Emb. 2 UNID.,"0,99€","0,50€ / UNID.",
Lasanha à Bolonhesa Ultracongelado,CÔTÉ TABLE,Emb. 1 KG,"3,69€","3,69€ / KG",
Espumante Bruto Branco,TERRAS DO DEMO,Garrafa 0.75 LT,"7,99€","10,65€ / LT",
Pastéis de Feijão,,Emb. 0.3 KG,"1,89€","6,30€ / KG",
Aclarador de Cabelo Gradual Casting Sunkiss Jelly Castanho Claro 1,L'ORÉAL PARIS,Emb. 1 UNID.,"11,98€","11,98€ / UNID.",
Fusilli,TRADIZIONI D'ITALIA,Emb. 0.5 KG,"1,49€","2,98€ / KG",
Iogurte Líquido Morango 6 Unid.,ACTIMEL,Emb. 0.6 KG,"2,59€","4,32€ / KG",
CHAMPO AUTO 1 L 1L TECH9,TECH9,Emb. 1 LT,"1,69€","1,69€ / LT",
Concentrado de Fruta Tropical,SUNQUICK,Garrafa 0.7 LT,"5,28€","7,54€ / LT",
Dentífrico Maximum Protection Caries,COLGATE,Emb. 0.075 LT,"2,98€","39,73€ / LT",
Esparguete Picante,MILANEZA,Emb. 0.5 KG,"2,47€","4,94€ / KG",
Café Lote Clássico Moagem Grossa,SICAL,Emb. 0.25 KG,"2,39€","9,56€ / KG",
Molho de Tomate com Legumes e Manjericão,,Emb. 0.35 KG,"1,89€","5,40€ / KG",
Vinho do Porto 10 Anos,FERREIRA,Garrafa 0.75 LT,"13,58€","18,11€ / LT",
Mix de Aperitivos Temperados,TOKAPI,Emb. 0.4 KG,"3,99€","9,98€ / KG",
Refrigerante C/ Gás Maracujá S/ Adição de Açúcar,FANTA,Emb. 1.5 LT,"1,00€","0,67€ / LT",
TOALHITAS DESMAQ.PELE NORMAL,INELL,Emb. 25 UNID.,"0,75€","0,03€ / UNID.",
Iogurte Cereais e Baunilha 4 Unid.,IOGOLINO,Emb. 0.4 KG,"2,84€","7,10€ / KG",
Tablete Chocolate Preto Culinária,TABLETTE D'OR,Emb. 0.2 KG,"1,59€","7,95€ / KG",
Espumante de Limão,BAR ROYAL,Garrafa 0.75 LT,"3,98€","5,31€ / LT",
Whisky,LABEL 5,Garrafa 1 LT,"13,49€","13,49€ / LT",
FIAMBRE PERNA EXTRA C/OURATO -25% SAL,TRADILÈGE,,"2,59€",/ Unid.,
Iogurte Mix-In Chocapic 87% Leite 2 Unid.,NESTLÉ,Emb. 0.236 KG,"2,09€","8,86€ / KG",
Sumo Florida sem Conservantes,SUNNY DELIGHT,Garrafa 1.25 LT,"1,64€","1,31€ / LT",
Cerveja com Álcool Stout Mini Preta Saca Fácil 6x20cl,SUPER BOCK,Emb. 1.2 LT,"2,99€","2,49€ / LT",
"CARREGADOR USB 2,4A + CABO USB/MICRO USB 1,2M PRETO",LINKSTER,Emb. 1 UNID.,"13,99€","13,99€ / UNID.",
CREME HIDRATANTE BIO 50ML BIO,BIONAÏA,Emb. 0.05 LT,"2,89€","57,80€ / LT",
Alimento Húmido para Cão Carne Vaca Massa Cenoura,ECO+,,"1,99€",/ Unid.,
Creme de Camembert,PRÉSIDENT,Emb. 0.125 KG,"2,18€","17,44€ / KG",
Preparado Sopa Canja Galinha,KNORR,Emb. 0.068 KG,"1,49€","21,91€ / KG",
Conserva de Salsichas Frankfurt 8 Unid.,NOBRE,Lata 0.2 KG,"1,09€","5,45€ / KG",
Vinho Regional Douro Tinto,PORCA DE MURÇA,Garrafa 0.75 LT,"4,58€","6,11€ / LT",
Vinho Regional Península de Setúbal Tinto,DONA ERMELINDA,Garrafa 0.75 LT,"3,49€","4,65€ / LT",
Robalo Cal. 1000/2000,,1 Unid. = 0.75 KG (aprox.),"9,99€/kg","7,49€ / Unid.",
MASCARA FACIAL EM TECIDO TONIFICANTE,INELL,Emb. 1 UNID.,"1,99€","1,99€ / UNID.",
VELA NUMERO FUN 2,ARDENCE,Emb. 1 UNID.,"0,99€","0,99€ / UNID.",
Rolo Cozinha 2 Folhas,MARQUE REPERE,Emb. 4 UNID.,"1,79€","0,45€ / UNID.",
PIZZA 4 QUEIJOS FORNO LENHA,TURINI,Emb. 0.42 KG,"2,59€","6,17€ / KG",
TIRAS FINISSIMAS BACON FUMADAS (LARDONS) 2X100G,ECO+,Emb. 2 UNID.,"1,95€","0,98€ / UNID.",
Caramelos Cobertos com Chocolate Pretos,CONFISÉO,Emb. 0.28 KG,"1,99€","7,11€ / KG",
Vinho Regional Lisboa Rosé Leve,MUNDUS,Garrafa 0.75 LT,"1,69€","2,25€ / LT",
Champô Hemp + Hydration,TRESEMMÉ,Emb. 0.4 LT,"4,79€","11,98€ / LT",
Gel de Banho Laranja e Manga,VASELINE,Emb. 0.7 LT,"2,99€","4,27€ / LT",
Vinagre Balsâmico Rosé,GALLO,Emb. 0.25 LT,"1,86€","7,44€ / LT",
COLORACAO LOURO CLARISSIMO 9.0 S/AMONIACO,VITANOVE,Emb. 1 UNID.,"3,10€","3,10€ / UNID.",
Rolo de Cozinha Jumbo,SCOTTEX,Rolo 1 P,"3,98€","3,98€ / P",
Pacotinho de Frutas Banana Maçã S/ Glúten +4 meses,NESTLÉ BEBÉ,Emb. 0.09 KG,"1,04€","11,56€ / KG",
Vinho Regional Alentejo Tinto,MARQUÊS DE BORBA,Garrafa 0.75 LT,"5,49€","7,32€ / LT",
Limpa Máquinas de Loiça,,Emb. 0.25 LT,"3,89€","15,56€ / LT",
PRATOS QUADRADO BIODEGRADAVEIS 17CM 25UN,HOMESIDE,Emb. 25 UNID.,"2,80€","0,11€ / UNID.",
"MORCELA FRANCESA ""BOUDIN"" C/ ANTILHAS",TRADILÈGE,Emb. 0.375 KG,"3,35€","8,93€ / KG",
Conserva de Ervilhas da Horta,COMPAL,Emb. 0.42 KG,"0,99€","2,36€ / KG",
Lombo de Atum Descongelado,,1 Unid. = 0.25 KG (aprox.),"13,99€/kg","3,50€ / Unid.",
TIRA NODOAS EM PO MULTIUSOS ECOLOGICO,UNÍ VERT,Emb. 0.5 KG,"2,99€","5,98€ / KG",
Massa Bolonhesa,KNORR,Emb. 0.068 KG,"1,89€","27,79€ / KG",
Conserva de Salsichas Frankfurt 6 Unid.,NOBRE,Lata 0.12 KG,"0,89€","7,42€ / KG",
GUARDANAPOS AMARELOS FOLHA SIMPLES RENOVA,GUARDANAPOS RENOVA,Emb. 70 UNID.,"0,78€","0,01€ / UNID.",
TARTELETES PURA MANTEIGA C/ RECHEIO CARAMELO E COB CHOCOLATE LEITE,P'TIT DÉLI,Emb. 0.127,"1,59€","12,52€ /",
BLOCO SANITARIO ACTIV EFFECT AGUA AZUL 2UN,SYPHON,Emb. 2 UNID.,"1,29€","0,65€ / UNID.",
Lenços de bolso Renova Kids,LENÇOS RENOVA,Emb. 10 UNID.,"1,18€","0,12€ / UNID.",
Queijo de Vaca Curado Ilha Azul,LACTAÇORES,1 Unid. = 0.25 KG (aprox.),"7,69€/kg","1,92€ / Unid.",
Alface Lisa,,1 Unid. = 0.4 KG (aprox.),"3,49€/kg","1,40€ / Unid.",
Cápsulas Café Fortíssimo - Intensidade 12,PLANTATION,Emb. 10 UNID.,"1,79€","0,18€ / UNID.",
Frutas 100% Maçã e Manga S/ Glúten +6 meses 4 Unid.,NATURNES,Emb. 0.4 KG,"2,19€","5,48€ / KG",
Arroz Thai perfumado,CAÇAROLA,Emb. 0.5 KG,"2,04€","4,08€ / KG",
INFUSAO A FRIO FRUTOS VERMELHOS,TISÉA,,"1,85€",/ Unid.,
Dentífrico Júnior,AQUAFRESH,Emb. 0.05 LT,"2,88€","57,60€ / LT",
TRINCA DE ARROZ 1KG,LYDOG,Emb. 1 KG,"0,75€","0,75€ / KG",
VELA NUMERO FUN 0,ARDENCE,Emb. 1 UNID.,"0,99€","0,99€ / UNID.",
Arroz Doce com Aroma de Baunilha 4x115g,DÉLISSE,Emb. 0.46 KG,"1,65€","3,59€ / KG",
Bebida em Pó Morango,TANG,Emb. 0.03 KG,"0,82€","27,33€ / KG",
OREGAOS FOLHAS SAQUETA,RUSTICA,Emb. 0.08 KG,"0,78€","9,75€ / KG",
Pensos Diários Protegeslip,AUSONIA,Emb. 20 UNID.,"1,49€","0,07€ / UNID.",
Suspiros,,Emb. 0.09 KG,"2,09€","23,22€ / KG",
Cápsula e pastilha de café DGC LUNGO 16UN,LAVAZZA,Emb. 16 UN,"4,49€","0,28€ / UN",
Leite UHT Pastagem Magro,TERRA NOSTRA,Emb. 1 LT,"0,91€","0,91€ / LT",
DETERGENTE GEL EXPRESS - TIRA NODOAS 2EM1,EPSIL,Emb. 0.25 LT,"1,45€","5,80€ / LT",
Bolachas de Mel,VIEIRA,Emb. 0.3 KG,"2,38€","7,93€ / KG",
IOGURTE NATURAL OVELHA BIO,,Emb. 0.25 KG,"1,59€","6,36€ / KG",
VELA NUMERO - 2,ARDENCE,Emb. 1 UNID.,"0,89€","0,89€ / UNID.",
Queijo Fatiado Flamengo,LIMIANO,Emb. 0.2 KG,"2,38€","11,90€ / KG",
Vinho Regional Tejo Tinto,QUINTA ALORNA,Garrafa 0.75 LT,"3,49€","4,65€ / LT",
Bioten Creme para as Mãos Anti-Idade,BIOTEN,Emb. 0.1 LT,"2,13€","21,30€ / LT",
Abacate,,1 Unid. = 0.2 KG (aprox.),"5,99€/kg","1,20€ / Unid.",
2000 AGRAFOS N°10,ESQUISSE,,"0,59€",/ Unid.,
Atum ao Natural,BOM PETISCO,Emb. 0.12 KG,"1,39€","11,58€ / KG",
Pizza Hawaii,RISTORANTE,Emb. 0.355 KG,"3,69€","10,39€ / KG",
Detergente Manual Loiça Concentrado Limão,FAIRY,Emb. 0.78 LT,"2,69€","3,45€ / LT",
Desodorizante Spray Pedra Alumen,MANAVA,Emb. 0.1 LT,"1,49€","14,90€ / LT",
BISCOITOS COM PEPITAS CHOCOLATE EM SACOS INDIVIDUAIS 16X25G,P'TIT DÉLI,Emb. 0.4 KG,"2,19€","5,48€ / KG",
Gelatina Frutos Vermelhos Light 2x15g,CONDI,Emb. 0.03 KG,"1,87€","62,33€ / KG",
Fralda Cueca T5 12/18Kg,MOTS D'ENFANTS,Emb. 20 UNID.,"4,85€","0,24€ / UNID.",
Batatas Fritas Lay\'s Vinagreta,LAY'S,Emb. 0.15 KG,"1,87€","12,47€ / KG",
Pensos Higiénicos Ultra Finos C/ Abas,DOULYS,Emb. 24 UNID.,"2,05€","0,09€ / UNID.",
Bife de Alcatra Novilho,,1 Unid. = 0.35 KG (aprox.),"9,99€/kg","3,50€ / Unid.",
Champomy,CHAMPOMY,Garrafa 0.75 LT,"3,98€","5,31€ / LT",
Ramen Caril Japonês,NISSIN,Emb. 0.1 KG,"1,34€","13,40€ / KG",
Detergente Líquido Buquê Roxo 110 Doses,GAMA,Emb. 5.28 LT,"11,99€","2,27€ / LT",
Sidra com Álcool de Maça 10x33cl,SOMERSBY,Emb. 3.3 LT,"9,69€","2,94€ / LT",
Espumante Doce,COMP DO VINHO,Garrafa 0.75 LT,"3,49€","4,65€ / LT",
CACAU EM PO SEM ACUCAR - PARA BEBER OU SOBREMESAS,EQUADOR,Emb. 0.25 KG,"1,89€","7,56€ / KG",
BARRA CEREAIS ALPERCE,GRAINEA,Emb. 0.13 KG,"1,25€","9,62€ / KG",
CEBOLINHAS EM VINAGRE,RUSTICA,Emb. 0.37 LT,"1,19€","3,22€ / LT",
Escova P/ Fatos,SILLAGE,Emb. 1 UNID.,"1,78€","1,78€ / UNID.",
Terrina Campestre Biológica,,Emb. 0.18 KG,"2,49€","13,83€ / KG",
Bolachas Pequeno Almoço,ECO+,Emb. 0.35 KG,"1,19€","3,40€ / KG",
Panela 24Cm,ECO+,Emb. 1 UNID.,"12,99€","12,99€ / UNID.",
Tira Gorduras Perfumado,MISTOLIN,Emb. 0.545 LT,"3,28€","6,02€ / LT",
Néctar Clássico Pêssego 3x200 ml,COMPAL,Emb. 0.6 LT,"1,38€","2,30€ / LT",
Iogurte Líquido Proteíco Tropical Lindahls,NESTLÉ,Emb. 0.33 LT,"1,89€","5,73€ / LT",
RECARGA MOPA MICROFIBRAS ABRASIVO,SILLAGE,Emb. 1 UNID.,"1,99€","1,99€ / UNID.",
Biscoito Wafer Framboesa,VIEIRA,Emb. 0.125 KG,"1,14€","9,12€ / KG",
Puré de Tomate Duplo Concentrado,TURINI,Emb. 0.2 KG,"1,09€","5,45€ / KG",
ALIMENTO PÁSSAROS EXOTICOS,ECO+,Emb. 1 KG,"1,90€","1,90€ / KG",
"AGUA LISA VIMEIRO ORIGINAL 4X1,5L",VIMEIRO,,"2,78€",/ Unid.,
Galetes de 4 Cereais Biológicas,,Emb. 0.13 KG,"1,02€","7,85€ / KG",
Bolo de Especiarias,,Emb. 0.47 KG,"1,19€","2,53€ / KG",
CHAMPO + DUCHE TONIFICANTE PARA HOMEM,CARRÉ HOMME,Emb. 0.25 LT,"0,95€","3,80€ / LT",
Tarte Gelada Caramel Biscuit,VIENNETTA,Emb. 0.65 LT,"3,98€","6,12€ / LT",
Ambientador Carro Brisa Marinha,AMBIPUR,Emb. 1 UNID.,"3,48€","3,48€ / UNID.",
Papel Anti-Traças,RAID,Emb. 4 UNID.,"1,98€","0,50€ / UNID.",
Eau de Toilette Homem Original Brut,BRUT,Emb. 0.1 LT,"11,83€","118,30€ / LT",
Amaciador Surf Concentrado Jasmim E Maçã Verde 90 Doses,SURF,Emb. 1.8 LT,"3,49€","1,94€ / LT",
Escova Colgate 360º Advanced Média,COLGATE,Emb. 1 UNID.,"4,98€","4,98€ / UNID.",
COOKIES COM MEGA PEPITAS CHOCOLATE E AMENDOAS CARAMELIZADAS,P'TIT DÉLI,Emb. 0.184 KG,"1,59€","8,64€ / KG",
Champô Anti-Caspa Linic Sem Controlo Oleosidade,LINIC,Emb. 0.225 LT,"3,34€","14,84€ / LT",
Cubos de Pão Tostado Alho e Ervas Especial Saladas,EPI D'OR,Emb. 0.06 KG,"0,49€","8,17€ / KG",
Bolachas de Germen de Trigo e Pepitas de Chocolate,NAT&VIE,Emb. 0.2 KG,"1,69€","8,45€ / KG",
Cotonetes Algodão C/ Cabo Papel Ziplock,INELL,Emb. 160 UNID.,"0,79€","0,00€ / UNID.",
Tomate Cherry,,Emb. 0.25 KG,"1,29€","5,16€ / KG",
Iogurte de Aromas Les Zaros 16x125g,DÉLISSE,Emb. 2 KG,"2,69€","1,35€ / KG",
Manteiga Light,MATINAL,Emb. 0.25 KG,"2,39€","9,56€ / KG",
Nutella,NUTELLA,Emb. 0.2 KG,"1,99€","9,95€ / KG",
BISCOITOS DE COCO,P'TIT DÉLI,Emb. 0.4 KG,"1,55€","3,88€ / KG",
DECAPANTE FORNO COM SODA CAUSTICA,CLAIR,Emb. 0.5 LT,"1,99€","3,98€ / LT",
Néctar Clássico Pêssego 3 Unid.,JAFADEN,Emb. 0.6 LT,"0,79€","1,32€ / LT",
Rebuçados sem Açúcar Sabor Mel e Limão 4x32g,HALLS,Emb. 0.128 KG,"2,78€","21,72€ / KG",
Champô Seco Volume,TRESEMMÉ,Emb. 0.25 LT,"5,39€","21,56€ / LT",
Iogurte Líquido Banana 4 Unid.,YOGGI,Emb. 0.64 KG,"2,09€","3,27€ / KG",
CALCULADORA 8 DIGITOS,ESQUISSE,Emb. 1 UNID.,"2,99€","2,99€ / UNID.",
Arroz Basmati,,Emb. 1 KG,"1,89€","1,89€ / KG",
Refrigerante C/ Gás,COCA COLA,Garrafa 0.5 LT,"0,99€","1,98€ / LT",
Chouriço Damatta De Carne Beirão,DAMATTA,Emb. 0.225 KG,"3,54€","15,73€ / KG",
Aroma de Morango Líquido,CONDI,Emb. 0.025 LT,"1,43€","57,20€ / LT",
ATUM ALBACORA POSTA NATURAL,PÊCHE OCÉAN,Emb. 0.14 KG,"2,25€","16,07€ / KG",
SYOSS COLOR 4-8 CASTANHO CHOCOLATE 16X3,SYOSS,,"4,99€",/ Unid.,
Ambientador Máquina Loiça Limão,FINISH,Emb. 2 UNID.,"4,99€","2,50€ / UNID.",
Alimento Seco P/ Gato Carne Vaca Frango Legumes,PURINA FRISKIES,Emb. 4 KG,"15,98€","4,00€ / KG",
Couscous,,Emb. 1 KG,"1,89€","1,89€ / KG",
"CANETA AZUL 0,7MM",ESQUISSE,Emb. 4 UNID.,"1,59€","0,40€ / UNID.",
Conserva De Cogumelos Laminados 800G ECO+,ECO+,Emb. 0.8 KG,"1,89€","2,36€ / KG",
DESENTUPIDOR CANOS GEL 1L,SYPHON,Emb. 1 LT,"1,39€","1,39€ / LT",
Detergente Líquido Multisuperficies Lavanda,SONASOL,Emb. 1.3 LT,"2,09€","1,61€ / LT",
"ALHO EMB 250GR Org Esp, cal.50/70",,Emb. 0.25 KG,"1,39€","5,56€ / KG",
Cone Chocolate,TRIUM,Emb. 6 UNID.,"3,49€","0,58€ / UNID.",
Preparado Canja de Galinha C/ Aletria,MAGGI,Emb. 0.082 KG,"1,12€","13,66€ / KG",
ESFREGAO C/ ESPONJA,ECO+,,"2,89€",/ Unid.,
Massa Cotovelinhos Chifferini,MILANEZA,Emb. 0.5 KG,"1,19€","2,38€ / KG",
ALIMENTO HUMIDO COELHO/RIM/BORREGO/PATO/SALMAO 4X85G,LYCAT,Emb. 0.34 KG,"2,49€","7,32€ / KG",
Leite de Limpeza Bebé,MOTS D'ENFANTS,Emb. 0.25 UNID.,"1,49€","5,96€ / UNID.",
MINI SPRAY FLORAL RECARGA 15ML,BIEN AIR,Emb. 0.015 LT,"0,99€","66,00€ / LT",
CREME DE LEGUMES,REGAL SOUPE,Emb. 0.35,"1,49€","4,26€ /",
"BL1 LED ESFERA 5,5W-40W E14 LUZ AMARELA",FOXTER,Emb. 1 UNID.,"2,99€","2,99€ / UNID.",
Detergente para a Máquina da Loiça,SUN,Emb. 1.575 KG,"12,34€","7,83€ / KG",
CUBOS DE FIAMBRE 2X75G,TRADILÈGE,Emb. 0.15 KG,"1,79€","11,93€ / KG",
Drageia Mastigável de Mentos Rainbow,MENTOS,Emb. 0.12 KG,"1,88€","15,67€ / KG",
CREME PROTESES,DENTAMYL,Emb. 0.05 KG,"3,85€","77,00€ / KG",
Johnson's Baby Pó de Talco,JOHNSON'S BABY,Emb. 0.2 KG,"2,48€","12,40€ / KG",
Salsichas Porco Forno Lenha,IZIDORO,Emb. 5 UNID.,"2,49€","0,50€ / UNID.",
Bolachas Crackers Bacon,TUC,Emb. 0.1 KG,"1,17€","11,70€ / KG",
Café Torrado Moído Nyeri Kenya Intensidade 8,SICAL,Emb. 16 UNID.,"4,07€","0,25€ / UNID.",
Néctar de Manga Clássico,COMPAL,Emb. 1 LT,"0,99€","0,99€ / LT",
Conserva De Feijão Vermelho em Conserva 425g,NOTRE JARDIN,Lata 0.425 KG,"0,69€","1,62€ / KG",
Creme Culinário Côco,NAT&VIE,Emb. 0.25 LT,"1,49€","5,96€ / LT",
Conserva de Salsichas Frankfurt 6 Unid.,IZIDORO,Lata 0.12 KG,"0,83€","6,92€ / KG",
Galão São Lourenço 3x200 ml,UCAL,Emb. 0.6 LT,"2,28€","3,80€ / LT",
Preparado para Tarte Oreo,ROYAL,Emb. 0.215 KG,"5,56€","25,86€ / KG",
Óleo Intense 6-80 Louro Avelã,SYOSS,,"6,24€",/ Unid.,
MIRTILOS SELVAGENS,DOUCEUR DU VERGER,Emb. 0.65 KG,"4,69€","7,22€ / KG",
COPOS DECORATIVOS CAFE 10CL,HOMESIDE,Emb. 25 UNID.,"0,99€","0,04€ / UNID.",
"CIF SPR ULTR HIGI LIXIV,,500ML",CIF,,"1,79€",/ Unid.,
CONE NATA CHOCOLATE 6UN,SMICY,Emb. 0.12 LT,"1,69€","14,08€ / LT",
Deo Creme Hidra Essencial 0% Álcool,VASELINE,Emb. 0.05 LT,"2,84€","56,80€ / LT",
Chá Verde de Pêssego Branco,LIPTON,Emb. 1 LT,"1,28€","1,28€ / LT",
Madalenas Longas Recheadas com Chocolate 8 Unidades,P'TIT DÉLI,Emb. 0.24 KG,"1,99€","8,29€ / KG",
GLISS REPARAÇÃO PONTAS ESPIGADAS,GLISS,Emb. 0.05 LT,"3,79€","75,80€ / LT",
PIZZA ROYALE MOELLEUSE,TURINI,Emb. 0.6 KG,"2,99€","4,98€ / KG",
QUEIJO VACA CURADO 4UN,LES CROISÉS,Emb. 0.2 KG,"2,69€","13,45€ / KG",
BOLACHAS PEQUENO ALMOCO MEL E PEPITAS CHOCO,P'TIT DÉLI,Emb. 0.4 KG,"1,88€","4,70€ / KG",
Alimento Seco P/ Cão -10Kg Vaca e Arroz,PURINA,Emb. 3 KG,"15,98€","5,33€ / KG",
Estojo C/ Escova de Dentes e Copo Cor de Rosa 2-6 Anos,PETIT DENTAMYL,Emb. 1 UNID.,"2,49€","2,49€ / UNID.",
Café Cápsulas Saboroso Intensidade 9,PLANTATION,Emb. 16 CAPS.,"2,59€","0,16€ / CAPS.",
Bacalhau Lombo,,Emb. 0.7 KG,"12,99€","18,56€ / KG",
DOCE EXTRA MIRTILO LIGHT,DOUCEUR DU VERGER,Emb. 0.34 KG,"2,29€","6,74€ / KG",
Massa Espirais Semi-Integrais Biológica,,Emb. 0.5 KG,"1,29€","2,58€ / KG",
"GEL HIGIENE ÍNTIMA FRESH, 250ML",CORINE DE FARME,Emb. 0.25 LT,"2,99€","11,96€ / LT",
Sumo 100% Multifrutos Biológico,,Emb. 1 LT,"2,49€","2,49€ / LT",
Vinho Verde Branco,COMP DO VINHO,Garrafa 0.75 LT,"2,19€","2,92€ / LT",
Barrinhas Periquito sabor Mel,TOUS MES AMIS,Emb. 0.06 KG,"1,69€","28,17€ / KG",
GELADO BAUNILHA / CARAMELO,ESKISS,Emb. 1 LT,"2,80€","2,80€ / LT",
Vinagre Sidra Biológico,,Garrafa 0.75 LT,"2,29€","3,05€ / LT",
Feijão Encarnado Seco,NOTRE JARDIN,Emb. 0.5 KG,"1,19€","2,38€ / KG",
SACOS LIXO C/ ATILHO 30L,ECO+,Emb. 20 UNID.,"0,80€","0,04€ / UNID.",
Sobremesa Ilha Flutuante 4x100g,DÉLISSE,Emb. 0.4 KG,"2,59€","6,48€ / KG",
Massa Cannelloni,MILANEZA,Emb. 0.25 KG,"1,54€","6,16€ / KG",
Miolo de Amendoim Caramelizado,MARQUE REPERE,Emb. 0.25 KG,"2,09€","8,36€ / KG",
CEREAIS MUESLI 5 FRUTAS,GRAINEA,Emb. 0.5 KG,"2,69€","5,38€ / KG",
Creme de Banho Care,NIVEA,Emb. 0.75 LT,"3,49€","4,65€ / LT",
LAVA TUDO BOSQUE,CLAIR,Emb. 2 LT,"0,99€","0,50€ / LT",
Atum Posta Caril,BOM PETISCO,Emb. 0.12 KG,"1,56€","13,00€ / KG",
Snack Batata Frita Sabor Bacon,TOKAPI,Emb. 0.17 KG,"1,79€","10,53€ / KG",
BOUIL.DESHYDRATE,RUSTICA,Emb. 0.12 KG,"0,79€","6,58€ / KG",
COLORACAO VEGETAL LOURO ESCURO BIO,BIONAÏA,Emb. 1 UNID.,"6,99€","6,99€ / UNID.",
Caldo Galinha 6 Cubos,MAGGI,Emb. 0.06 KG,"0,89€","14,83€ / KG",
ESCOVA DENTES MEDIA,DENTAMYL,Emb. 4 UNID.,"1,29€","0,32€ / UNID.",
Pacotinho de Frutas S/ Glúten,NESTLÉ BEBÉ,Emb. 0.09 KG,"1,04€","11,56€ / KG",
Alimento Seco P/ Gatos Aves Cenoura Legumes e Leite,LYCAT,Emb. 2 KG,"3,69€","1,85€ / KG",
Brioches com Recheio Chocolate 8Unid.,EPI D'OR,Emb. 0.31 KG,"2,09€","6,74€ / KG",
Refrigerante com Gás Ananás,SUMOL,Garrafa 1.25 LT,"1,29€","1,03€ / LT",
CUSCUZ MEDIO,COMPTOÍR DU GRAIN,Emb. 0.5 KG,"1,09€","2,18€ / KG",
CHA PRETO CEILAO BIO,,Emb. 20 UNID.,"1,79€","0,09€ / UNID.",
FEIJOCAS FERBAR 580G,FERBAR,Emb. 0.58 KG,"1,56€","2,69€ / KG",
Bolacha Waffer Rollitos,CUÉTARA,Emb. 0.225 KG,"3,29€","14,62€ / KG",
Espumante Super Reserva Bruto,MURGANHEIRA,Garrafa 0.75 LT,"12,78€","17,04€ / LT",
CONJUNTO CAPA AUTO  MELHOARRA,ECO+,Emb. 1 UNID.,"16,90€","16,90€ / UNID.",
BANDAS DEPILATORIAS CERA FRIA PELE SENSIVEL VIAGEM 20UN,SLISS,Emb. 0.2 LT,"1,60€","8,00€ / LT",
Chocolate Choco Waffel Leite,MILKA,Emb. 0.18 KG,"2,38€","13,22€ / KG",
Luvas P/ Uso Doméstico Tam. M,MAMISON,Emb. 1 UNID.,"0,68€","0,68€ / UNID.",
Fraldas Bebé Extra Absorção Activity Tamanho 5,DODOT,Emb. 48 LT,"13,29€","0,28€ / LT",
Massa Cotovelinhos,TURINI,Emb. 1 KG,"1,39€","1,39€ / KG",
Ambientador Recarga Freshmatic White Bouquet,AIR WICK,Emb. 2 UNID.,"7,09€","3,55€ / UNID.",
Iogurte Mix-in Smarties 73% Leite Morango 2 Unid.,NESTLÉ,Emb. 0.256 KG,"2,09€","8,16€ / KG",
Whisky J&B 15 Anos,J&B,Emb. 0.7 LT,"25,98€","37,11€ / LT",
Ice tea Manga 2x2lt,LIPTON,Emb. 4 LT,"4,99€","1,25€ / LT",
Queijo Fatiado Amanteigado de Vaca e Ovelha,LIMIANO,Emb. 0.18 KG,"2,48€","13,78€ / KG",
Conserva de Feijão Manteiga,NOTRE JARDIN,Lata 0.85 KG,"0,99€","1,16€ / KG",
QUEIJO FLAMENGO FATIADO,ECO+,Emb. 0.2 KG,"1,59€","7,95€ / KG",
Douradinhos 30 Unid. Ultracongelado,CAPITÃO IGLO,Emb. 0.84 KG,"7,49€","8,92€ / KG",
Molho Big Burger,CALVÉ,Emb. 0.25 LT,"2,18€","8,72€ / LT",
FRALDAS BEBE T5+ 12/25KG 52UN,ECO+,Emb. 52 UNID.,"7,69€","0,15€ / UNID.",
Fiambre à italiana Fatias,TRADILÈGE,Emb. 0.12 KG,"1,99€","16,58€ / KG",
Pantene Creme de Pentear Sem Enxaguar Caracóis 270ml,PANTENE PV,Emb. 0.27 LT,"4,49€","16,63€ / LT",
Sumo Multifrutos 100% Puro,JAFADEN,Emb. 1 LT,"1,49€","1,49€ / LT",
NUGGETS FRANGO 20UN FAMILIAR,CÔTÉ CROC,Emb. 0.4 KG,"2,99€","7,48€ / KG",
COLORACAO CASTANHO CLARO 5.0 S/AMONIACO,VITANOVE,Emb. 1 UNID.,"3,89€","3,89€ / UNID.",
YOFU SOJA MIRTILO 4x125G,ALPRO,Emb. 0.5 LT,"2,88€","5,76€ / LT",
Dove Go Fresh Gel de Banho Chá Verde,DOVE,Emb. 0.75 LT,"4,19€","5,59€ / LT",
QUEIJO FRESCO CLASSICO,QUEIJO NA TÁBUA,Emb. 0.125 KG,"1,19€","9,52€ / KG",
Mini Pizzas Piccolinis Salame,BUITONI,Emb. 0.27 KG,"3,98€","14,74€ / KG",
Óleo de Cedro,MISTOLIN,Emb. 0.36 LT,"3,48€","9,67€ / LT",
Rilletes de Mans,TRADILÈGE,Emb. 0.22 KG,"2,25€","10,23€ / KG",
Sabonete líquido para as mãos,DOVE,Emb. 0.5 LT,"2,49€","4,98€ / LT",
Desodorizante Roll-On Narta Invisível 48H,GARNIER,Emb. 0.05 LT,"3,78€","75,60€ / LT",
OIKOS PESSEGO 110G X4,OIKOS,Emb. 0.44 KG,"2,39€","5,43€ / KG",
Caprichos do Mar Ultracongelado,PESCANOVA,Emb. 0.4 KG,"2,53€","6,33€ / KG",
GEL FIX EXTREME VITANOVE 250ML,VITANOVE,Emb. 0.25 LT,"1,49€","5,96€ / LT",
Safio Cal. 2/5,,1 Unid. = 1.5 KG (aprox.),"5,49€/kg","8,24€ / Unid.",
IOGURTE CREMOSO COCO C/ LIMÃO,NAT&VIE,Emb. 4 UNID.,"2,26€","0,57€ / UNID.",
Leite UHT Meio Gordo,AGROS,Emb. 0.6 LT,"1,18€","1,97€ / LT",
Iogurte Grego com Mel 4x150g,DÉLISSE,Emb. 0.6 KG,"1,99€","3,32€ / KG",
Amendoim C/ Casca Torrado,MARQUE REPERE,Emb. 1 KG,"4,29€","4,29€ / KG",
Muesli,ALPEN,Emb. 0.55 KG,"4,04€","7,35€ / KG",
Iogurte Pedaços Frutos Tropicais,MIMOSA,Emb. 0.48 KG,"1,49€","3,10€ / KG",
Bolachas Amanteigadas,P'TIT DÉLI,Emb. 0.2 KG,"1,39€","6,95€ / KG",
Aquafresh Protecção e Caries Branqueadora 2X 75ml,AQUAFRESH,,"5,36€",/ Unid.,
Queijo Flamengo S/ Lactose Fatias,PAIVA,Emb. 0.15 Kg,"2,28€","15,20€ / Kg",
CABIDE FIO ACO PLASTIFICADO 8UN,SILLAGE,Emb. 8 UNID.,"1,83€","0,23€ / UNID.",
Conjunto de 2 Colas Cyano Acrylate,ECO+,Emb. 2 UNID.,"1,49€","0,75€ / UNID.",
Barrinhas P/ Canários sabor a Mel,TOUS MES AMIS,Emb. 0.06 KG,"1,69€","28,17€ / KG",
Detergente Manual Loiça Limão,SUPER POP,Emb. 0.7 LT,"1,49€","2,13€ / LT",
Arroz Agulha,CIGALA,Emb. 1 KG,"1,24€","1,24€ / KG",
Fita Dentária Sabor a Menta Fresca,SENSODYNE,Emb. 50 MT,"3,48€","0,07€ / MT",
Sobremesa Creme de Baunilha 4X125g,DÉLISSE,Emb. 0.5 KG,"1,49€","2,98€ / KG",
Madalenas em Concha com Ovos Frescos,,Emb. 0.5 KG,"1,99€","3,98€ / KG",
Cadeado C/ Chave 35Mm,FOXTER,Emb. 1 UNID.,"1,50€","1,50€ / UNID.",
Dentífrico Herbal White,COLGATE,Emb. 0.075 LT,"2,23€","29,73€ / LT",
Cápsulas Café Ristretto Napoli Style Intensidade 13,DOLCE GUSTO,Emb. 30 CAPS.,"10,49€","0,35€ / CAPS.",
Mini Snacks Gato Salmão,TOUS MES AMIS,Emb. 0.06 KG,"0,79€","13,17€ / KG",
Batatas Pré-Fritas Cubos Ultracongelado,ECO+,Emb. 1 KG,"1,29€","1,29€ / KG",
Vinho do Porto Especial Reserva,DORRÃO,Emb. 0.75 LT,"7,99€","10,65€ / LT",
Alimento Seco P/ Cão Frango C/ Arroz,PURINA,Emb. 1.5 KG,"6,47€","4,31€ / KG",
Massa Entrefina,TURINI,Emb. 0.5 KG,"0,89€","1,78€ / KG",
Bolachas com Cobertura de Chocolate de Leite,,Emb. 0.2 KG,"1,79€","8,95€ / KG",
Vinho Regional Douro Branco,PAPA FIGOS,Garrafa 0.75 LT,"7,48€","9,97€ / LT",
Sumo de Laranja e Manga,JOI,Garrafa 1.5 LT,"1,04€","0,69€ / LT",
Salsichão Cumbre Real,CAMPOFRIO,1 Unid. = 0.1 KG (aprox.),"10,99€/kg","1,10€ / Unid.",
QUEIJO FRESCO COM LEITE GORDO (MONO BLOCO),DÉLISSE,Emb. 1 KG,"2,39€","2,39€ / KG",
Vela fragância de laranja,AIRWICK,Emb. 0.32 KG,"2,84€","8,88€ / KG",
Gel de Banho para Corpo e Cabelo,DOVE,Emb. 0.4 LT,"3,29€","8,23€ / LT",
Elixir 12 Horas Protection,COLGATE,Emb. 0.5 LT,"6,98€","13,96€ / LT",
Bigburger Vegetais 2 Unid. Ultracongelado,CAPITÃO IGLO,Emb. 0.25 KG,"4,78€","19,12€ / KG",
Abrasivo Sanitário Active Fresh Pinho,HARPIC,Emb. 0.75 LT,"1,94€","2,59€ / LT",
Vaporizador de Mão,ELSAY,Emb. 1 UNID.,"25,90€","25,90€ / UNID.",
Vinho do Porto Velhotes Tawny,CALEM,Garrafa 0.75 LT,"4,99€","6,65€ / LT",
Doce de Morango sem Açúcar,ST. DALFOUR,Frasco 0.284 KG,"3,48€","12,25€ / KG",
Cereais Granola de Aveia Mel,NESTLÉ,Emb. 0.3 KG,"2,79€","9,30€ / KG",
Uva Branca,,1 Unid. = 0.25 KG (aprox.),"2,29€/kg","0,57€ / Unid.",
Ambientador Máquina Loiça,FINISH,Emb. 1 UNID.,"3,24€","3,24€ / UNID.",
COMEDOURO DUPLO GRANDE,ECO+,Emb. 1 UNID.,"1,40€","1,40€ / UNID.",
Coloração Longa Duração Belle Color 5.3 Castanho Claro Dourado,GARNIER,Emb. 1 UNID.,"5,98€","5,98€ / UNID.",
Manteiga com Sal Guerand Dop,NOS RÉGIONS ONT DU TALENT,Emb. 0.25 KG,"2,74€","10,96€ / KG",
Couve Nabiça,,1 Unid. = 0.95 KG (aprox.),"2,49€/kg","2,37€ / Unid.",
Queijo de Ovelha Amanteigado Cerrado do Vale,SANTIAGO,1 Unid. = 1.2 KG (aprox.),"17,51€/kg","21,01€ / Unid.",
Amaciador Roupa Concentrado Intense Care Protect,COMFORT,Emb. 60 DOSES,"3,99€","0,07€ / DOSES",
PAPEL ALUMINIO 30M,ECO+,Emb. 30 M,"1,79€","0,06€ / M",
"PULVERIZADOR MANUAL 1,5L",BEAUX JOURS,Emb. 1 UNID.,"2,99€","2,99€ / UNID.",
LIMPA VIDROS C/ PISTOLA,CLAIR,Emb. 0.75 LT,"0,79€","1,05€ / LT",
Bebida de Arroz Original,SHOYCE,Emb. 1 LT,"1,78€","1,78€ / LT",
Vinho Rosé,ECO+,Garrafão 5 LT,"5,69€","1,14€ / LT",
Carapau Pequeno Congelado,,1 Unid. = 0.12 KG (aprox.),"3,99€/kg","0,48€ / Unid.",
Massa Linguine,MILANEZA,Emb. 0.5 KG,"1,83€","3,66€ / KG",
OVOS FRESCOS L/M/S BIO,,Emb. 6 UNID.,"2,29€","0,38€ / UNID.",
Chá Cherry Love,LIPTON,Emb. 20 SAQS,"1,94€","0,10€ / SAQS",
Area Absorvente Optimale,TOUS MES AMIS,Emb. 5 LT,"5,99€","1,20€ / LT",
Cereais de Milho S/ Glúten C/ Chocolate Corn Flakes,NESTLÉ,Emb. 0.375 KG,"2,24€","5,97€ / KG",
XAU LIMPA MAQ EXPRESS,XAU,Emb. 0.25 LT,"4,99€","19,96€ / LT",
APERITIVOS SORTIDOS,TOKAPI,Emb. 0.1 KG,"0,99€","9,90€ / KG",
OIKOS MANGA-PAPAIA,OIKOS,Emb. 0.44 KG,"2,39€","5,43€ / KG",
Feijoada Transmontana,NOBRE,Lata 0.42 KG,"1,76€","4,19€ / KG",
Snacks Palitos,CHEETOS,Emb. 0.096 KG,"1,54€","16,04€ / KG",
PORTFOLIO A4 40 BOLSAS,ESQUISSE,Emb. 1 UNID.,"1,79€","1,79€ / UNID.",
Cerveja sem Álcool 6x33cl,SUPER BOCK,Emb. 1.98 LT,"4,49€","2,27€ / LT",
Queijo de Ovelha Curado Cerrado do Vale,SANTIAGO,1 Unid. = 0.2 KG (aprox.),"19,03€/kg","3,81€ / Unid.",
Azeite Virgem Extra Colheita Madura,GALLO,Emb. 0.5 LT,"4,99€","9,98€ / LT",
Conserva de Sardinha sem Pele sem Espinha,RAMIREZ,Emb. 0.1 KG,"1,39€","13,90€ / KG",
SACOS LIXO ALCAS 30L,ELEMBAL,Emb. 20 UNID.,"1,25€","0,06€ / UNID.",
2 Lombos de Salmão,,Emb. 0.25 KG,"9,99€","39,96€ / KG",
Detergente Máquina Roupa Líquido Lãs e Sedas,WOOLITE,Emb. 25 DOSES,"3,49€","0,14€ / DOSES",
CAPA PLASTICA C/ELASTICO A4 3UN,ESQUISSE,Emb. 3 UNID.,"2,99€","1,00€ / UNID.",
Escova de Bambu Suave,COLGATE,Emb. 1 UNID.,"2,99€","2,99€ / UNID.",
Massa Tagliatelle,TURINI,Emb. 0.5 KG,"1,29€","2,58€ / KG",
AMACIADOR CONCENTRADO SPA 72 DOSES,HYPERDOU,Emb. 2 LT,"1,75€","0,88€ / LT",
TESOURA ROSA C/PROTECAO 13CM,ESQUISSE,Emb. 1 UNID.,"1,59€","1,59€ / UNID.",
DETERGENTE LIQUIDO PRIMAVERA 40D,EPSIL,,"5,38€",/ Unid.,
Pensos Higiénicos Noite C/ Abas Eco,UNÍ VERT,Emb. 10 UNID.,"1,37€","0,14€ / UNID.",
Vinho Regional Douro Tinto Reserva,ADEGA DE VILA REAL,Garrafa 0.75 LT,"3,79€","5,05€ / LT",
Esfregão Verde Clássico Cuide das suas Mãos,SCOTCH BRITE,Emb. 2 UNID.,"2,04€","1,02€ / UNID.",
Tenaz Russa 225 Mm,FOXTER,Emb. 1 UNID.,"4,99€","4,99€ / UNID.",
SACOS LIXO FECHO FACIL 100% RECICLADO 50L,ECO+,Emb. 25 UNID.,"1,87€","0,07€ / UNID.",
Laca Fixação Forte 2,VITANOVE,Spray 0.075 LT,"1,05€","14,00€ / LT",
Bebida de Amêndoa 0%,SHOYCE,Emb. 1 LT,"2,18€","2,18€ / LT",
Chá Menta,TETLEY,Emb. 10 SAQ.,"0,86€","0,09€ / SAQ.",
Detergente Máquina Roupa Cápsulas Regular,A+,Emb. 38 DOSES,"8,48€","0,22€ / DOSES",
Gel Garnier Extra Forte 3 Estructurante,FRUCTIS,Emb. 0.2 LT,"5,48€","27,40€ / LT",
CONDICIONADOR EXTRA COR,VITANOVE,Emb. 0.2 LT,"1,19€","5,95€ / LT",
Gel Casa de Banho Limpeza Brilhante,CIF,Emb. 0.75 LT,"1,39€","1,85€ / LT",
Iogurte de Morango 4 Unid.,IOGOLINO,Emb. 0.4 KG,"2,84€","7,10€ / KG",
Papa Infantil P/ Preparar C/ Leite,CERELAC,Emb. 0.25 KG,"1,49€","5,96€ / KG",
FITA METRICA 5M FOXTER,FOXTER,Emb. 1 UNID.,"4,99€","4,99€ / UNID.",
Atum em Tomate Biológico,BOM PETISCO,Emb. 0.12 KG,"1,67€","13,92€ / KG",
Cillit Bang Casa de Banho 500ML x12,CILLIT BANG,Emb. 0.5 LT,"2,24€","4,48€ / LT",
Tartelettes Cobertas Pessêgo,ECO+,Emb. 0.2 KG,"0,79€","3,95€ / KG",
Chouriço da Beira Baixa,SNR,Emb. 0.2 KG,"2,40€","12,00€ / KG",
Miolo Noz Pedaços,MARQUE REPERE,Emb. 0.2 KG,"2,49€","12,45€ / KG",
WAFFERS EXTRA FINAS CHOCOLATE E AVELA,P'TIT DÉLI,Emb. 0.16 KG,"1,55€","9,69€ / KG",
Creme de Mãos Óleo de Côco,DOVE,Emb. 0.075 LT,"2,59€","34,53€ / LT",
Massa Pevide,MILANEZA,Emb. 0.25 KG,"0,72€","2,88€ / KG",
Batatas Fritas Vários Sabores 6X30g,POM'LISSE,Emb. 0.18 KG,"1,79€","9,94€ / KG",
Salteado da Horta,BONDUELLE,Emb. 0.4 KG,"2,93€","7,33€ / KG",
Iogurte Bifidus Aveia e Nozes 4 Unid.,DANONE,Emb. 0.48 KG,"2,19€","4,56€ / KG",
Queijo de Barrar Alho Ervas Finas 9x20g,LES CROISÉS,Emb. 0.18 KG,"1,29€","7,17€ / KG",
Alimento Húmido para Cão Patê Aves,ECO+,Emb. 0.3 KG,"0,55€","1,83€ / KG",
Conserva de Feijão Frade Cozido,NOTRE JARDIN,Lata 0.85 KG,"0,99€","1,16€ / KG",
MUESLI C/ AVEIA E FRUTOS SECOS BIO E S/GLUTEN,CHAQUE JOUR SANS GLUTEN,Emb. 0.375 KG,"3,49€","9,31€ / KG",
VASSOURA RELVA FIXO ECO+,ECO+,Emb. 1 UNID.,"4,50€","4,50€ / UNID.",
Yofu Polpa 4x125g,,Emb. 0.5 KG,"2,88€","5,76€ / KG",
Vinho A.O.C. Sauternes 2014,CHANTET BLANET,Garrafa 0.75 LT,"8,99€","11,99€ / LT",
Naco de Bacon Extra,PRIMOR,Emb. 0.2 KG,"3,29€","16,45€ / KG",
MOLAS 24UN,ECO+,Emb. 24 UNID.,"0,69€","0,03€ / UNID.",
ATUM EM OLEO GIRASSOL REDONDO,PÊCHE OCÉAN,Emb. 0.085 KG,"0,69€","8,12€ / KG",
COTONETES ALGODAO C/ CAIXA DE TAMPA,INELL,Emb. 16 UNID.,"1,19€","0,07€ / UNID.",
Asas de Peru,,1 Unid. = 0.7 KG (aprox.),"2,49€/kg","1,74€ / Unid.",
Café Pastilhas Platinium,DELTA,Emb. 16 UNID.,"3,68€","0,23€ / UNID.",
Aperitivo Krit Krititas,CUÉTARA,Emb. 0.35 KG,"2,33€","6,66€ / KG",
Leite Condensado Cozido,DÉLISSE,Emb. 0.397 KG,"1,49€","3,75€ / KG",
Xau Limpa Máquinas Limão 2Packx12,XAU,,"6,99€",/ Unid.,
Bolachas Petit Beurre C/ Chocolate Preto Pocket,P'TIT DÉLI,Emb. 0.25 KG,"2,49€","9,96€ / KG",
Café Solúvel em Saquetas,NESCAFÉ,Emb. 6 UNID.,"3,48€","0,58€ / UNID.",
Vinho Regional Alentejo Tinto,ENCOSTA DAS PERDIZES,Garrafa 0.75 LT,"2,29€","3,05€ / LT",
Polvilho Doce Brasil,GLOBO,Emb. 0.5 KG,"1,88€","3,76€ / KG",
SACO CONGELACAO MEDIO 22X35,ELEMBAL,Emb. 50 UNID.,"1,19€","0,02€ / UNID.",
Caldo de Peixe,KNORR,Emb. 8 CUBOS,"1,39€","0,17€ / CUBOS",
Creme Limpeza Lixívia e Micro-Cristais,CIF,Emb. 0.7 LT,"2,49€","3,56€ / LT",
BLOCO SANITARIO ACTIV EFFECT MARINHO 3UN,SYPHON,Emb. 3 UNID.,"1,29€","0,43€ / UNID.",
Bebida de Aveia sem Açúcar,ALPRO SOYA,Emb. 1 LT,"2,38€","2,38€ / LT",
Cera Depilatória a base de Açúcar,VEET,Emb. 0.025 LT,"5,94€","237,60€ / LT",
MADALENAS CONCHAS CARAMELO,NOS RÉGIONS ONT DU TALENT,Emb. 0.33 KG,"3,19€","9,67€ / KG",
ALIMENTO HUMIDO CARNE/CENOURA P/ CAO 1240G,LYDOG,Emb. 1.24 KG,"1,99€","1,60€ / KG",
Cerveja com Álcool Mini 30x25cl,SAGRES,Emb. 7.5 LT,"12,69€","1,69€ / LT",
BOLACHAS C/TABLETE CHOCO PRETO,ECO+,Emb. 0.15 KG,"0,95€","6,33€ / KG",
Ração para Gato Esterilizado Controlo de Peso de Frango,PURINA,Emb. 1.5 KG,"11,98€","7,99€ / KG",
Queijo Fresco em Forma,NOS RÉGIONS ONT DU TALENT,Emb. 1 KG,"2,89€","2,89€ / KG",
Body Milk Nutritivo Pele Seca,NIVEA,Emb. 0.4 LT,"4,99€","12,48€ / LT",
Champô Anti-Caspa Men Limpeza Profunda,LINIC,Emb. 0.36 LT,"4,94€","13,72€ / LT",
APERITIVOS MILHO DINOSSAUROS SABOR KETCHUP,TOKAPI,Emb. 0.125 KG,"0,99€","7,92€ / KG",
Conjunto Borracha Mini,ESQUISSE,Emb. 2 UNID.,"0,59€","0,30€ / UNID.",
Esparguete à Carbonara,KNORR,Emb. 0.036 KG,"1,37€","38,06€ / KG",
DENTIFRICO PROTECAO CARIE,DENTAMYL,Emb. 0.075 LT,"0,80€","10,67€ / LT",
Desodorizante Invisible Aqua Woman Desodorizante Spray,REXONA,Emb. 0.15 LT,"2,54€","16,93€ / LT",
FIAMBRE CORRENTE FATIADO,ECO+,Emb. 0.2 KG,"1,19€","5,95€ / KG",
Espinafres Ultracongelados,BONDUELLE,Emb. 0.4 KG,"1,83€","4,58€ / KG",
SPRAY LIMPEZA OPTICAS,CLAIR,Emb. 0.02 LT,"1,99€","99,50€ / LT",
Puré Maçã S/ Açúcar 12 Unid.,DOUCEUR DU VERGER,Emb. 1.08 KG,"4,99€","4,62€ / KG",
Iogurte Grego Natural,YAOS,Emb. 0.45 KG,"1,99€","4,42€ / KG",
Preservativo Ultrafeel,CONTROL,Emb. 10 UNID.,"6,99€","0,70€ / UNID.",
PAPEL HIGIENICO 2F COMPACTO 4=12 ECO,UNÍ VERT,,"2,99€",/ Unid.,
Refrigerante de Maça Gaseificado S/ Álcool,GIBUS,Garrafa 0.75 LT,"2,69€","3,59€ / LT",
Desodorizante Roll-On Cotton Dry 48H,REXONA,Emb. 0.05 LT,"2,69€","53,80€ / LT",
Sumo 8 Frutos,UM BONGO,Emb. 1 LT,"1,18€","1,18€ / LT",
CROQUETES CAO PEQUENO SEM CEREAIS,PLENIMA,Emb. 2 KG,"6,09€","3,05€ / KG",
GRESSINOS SESAME,TOKAPI,Emb. 0.125 KG,"1,24€","9,92€ / KG",
MASCARA REPARADORA 300ML,VITANOVE,Emb. 0.3 LT,"1,99€","6,63€ / LT",
Mistura Gourmet,TOKAPI,Emb. 0.12 KG,"1,89€","15,75€ / KG",
Alimento Seco P/ Cão Frango,FRISKIES,Emb. 1.5 KG,"4,84€","3,23€ / KG",
CHA VERDE DE MENTA EARL GREY BIO 20SAQ,,Emb. 20 UNID.,"1,79€","0,09€ / UNID.",
"Cerveja Tequila 5,9% Vol. 3 Unid.",DESQUILES,Emb. 0.99 LT,"3,29€","3,32€ / LT",
Café Torrado Moído Intensidade 10,BUONDI,Emb. 0.22 KG,"3,47€","15,77€ / KG",
Bolachas Quadradas Recheadas com Sabor a Chocolate,ECO+,Emb. 0.3 KG,"0,99€","3,30€ / KG",
Rebuçados Sabor Limão,HALLS,Emb. 0.032 KG,"0,78€","24,38€ / KG",
"Gel de Banho Rosto, Corpo e Cabelo 3 em 1 Pure Game",ADIDAS,Emb. 0.4 LT,"2,49€","6,23€ / LT",
Gel Barbear Protect e Care,NIVEA MEN,Emb. 0.2 LT,"4,39€","21,95€ / LT",
Azeite extra virgem bio suave,GALLO,Emb. 0.75,"4,99€","6,65€ /",
Cereais Choco Flakes,CUÉTARA,Emb. 0.5 KG,"2,99€","5,98€ / KG",
Iogurte Líquido Corpos Piña Colada 4x155g,DANONE,Emb. 0.62 KG,"1,69€","2,73€ / KG",
Dove Silk Glow Gel de Banho,DOVE,Emb. 0.75 LT,"4,19€","5,59€ / LT",
Concentrado Laranja,SUNQUICK,Garrafa 0.7 LT,"5,28€","7,54€ / LT",
Leite Achocolatado 4x200ml,AGROS,Emb. 0.8 LT,"1,43€","1,79€ / LT",
Tempero Chili com Carne 4 porções,KNORR,Emb. 0.042 KG,"1,49€","35,48€ / KG",
Iogurte Bifidus Cremoso Cocktail de Frutas 0% 4 Unid.,DANONE,Emb. 0.48 KG,"1,99€","4,15€ / KG",
Conjunto de 2 Cintas Catraca 7Metros,FOXTER,Emb. 2 UNID.,"8,98€","4,49€ / UNID.",
Alimento Seco P/ Cão Adulto Borrego,PURINA,Emb. 14 KG,"63,28€","4,52€ / KG",
Queijo Fatiado Light -50% Gordura,TERRA NOSTRA,Emb. 0.2 KG,"2,28€","11,40€ / KG",
Bebida Energética Energy,MONSTER ENERGY,Emb. 0.5 LT,"1,20€","2,40€ / LT",
Azeite Pet,OLIVEIRA DA SERRA,Emb. 0.75 LT,"3,24€","4,32€ / LT",
Amaciador Roupa Sunfresh,COMFORT,Emb. 4 LT,"4,49€","1,12€ / LT",
Conserva de Salsichas Aves 5 Unid.,IZIDORO,Frasco 0.25 KG,"1,59€","6,36€ / KG",
Saint-Emilion A.O.C. 2015,CHANTET BLANET,Garrafa 0.75 LT,"8,99€","11,99€ / LT",
Sabonete Sólido Manteiga Karite,MANAVA,Emb. 2 UNID.,"1,00€","0,50€ / UNID.",
Dentífrico Menta Fresca 24H,AQUAFRESH,Emb. 0.075 LT,"2,38€","31,73€ / LT",
Patê de Atum,LA PIARA,Emb. 0.075 KG,"1,23€","16,40€ / KG",
Desodorizante Roll-On Men Dry Fresh,NIVEA MEN,Emb. 0.05 LT,"2,39€","47,80€ / LT",
HUMUS 200G,PIC'EXPRESS,Emb. 0.2 KG,"1,99€","9,95€ / KG",
Leite Hidratante Peles Sensíveis 500 Ml+250 Ml Grátis,CORINE DE FARME,Emb. 0.75 LT,"4,84€","6,45€ / LT",
Farinha P/ Bolos C/ Fermento,NACIONAL,Emb. 1 KG,"1,18€","1,18€ / KG",
Galetes de Milho Biológicas,,Emb. 0.13 KG,"0,99€","7,62€ / KG",
Arroz Agulha,ORIENTE,Emb. 1 KG,"1,37€","1,37€ / KG",
PISTACHIOS TORRADO S/SAL,TOKAPI,Emb. 0.125 KG,"3,04€","24,32€ / KG",
Vinho Regional Alentejo Branco,GALITOS,Garrafa 0.75 LT,"2,29€","3,05€ / LT",
Bebida à Base de Aveia,NAT&VIE,Emb. 1 LT,"1,29€","1,29€ / LT",
Bolachas Wafer de Chocolate,VIEIRA,Emb. 0.125 KG,"1,14€","9,12€ / KG",
BOLACHAS PARA GELADOS,P'TIT DÉLI,Emb. 0.1 KG,"1,39€","13,90€ / KG",
Mistura Solúvel Chicoria,ECO+,Emb. 0.2 KG,"1,89€","9,45€ / KG",
Desodorizante Roll On Açaí Waterlily,DOVE,Emb. 0.05 LT,"2,69€","53,80€ / LT",
Choco Limpo,,1 Unid. = 0.5 KG (aprox.),"7,98€/kg","3,99€ / Unid.",
ALCOOL ETILICO 96º,PRIMOPLAST,Emb. 0.25 LT,"0,99€","3,96€ / LT",
Pastilhas Elásticas Senses Rainforest Mint 3x23g,TRIDENT,Emb. 0.069 KG,"2,48€","35,94€ / KG",
MORTADELA MINI,CAMPO FINO,Emb. 0.35 KG,"1,99€","5,69€ / KG",
Maionese Top Down,ECO+,Emb. 0.5 LT,"1,99€","3,98€ / LT",
Pastilha Elástica Senses Frutos Vermelhos 3x23g,TRIDENT,Emb. 0.069 KG,"2,48€","35,94€ / KG",
"AQUAFRESH ELIXIR INTENSE CLN,,500ML",AQUAFRESH,,"4,98€",/ Unid.,
Douradinhos Peixe S/Gluten,IGLO,Emb. 0.36 KG,"5,68€","15,78€ / KG",
Cuecas Perdas de Urina 8-15 Anos (27-57Kg),MOTS D'ENFANTS,Emb. 12 UNID.,"9,33€","0,78€ / UNID.",
Sumo Delight California,SUNNY DELIGHT,Garrafa 1.25 LT,"1,64€","1,31€ / LT",
AFTERSHAVE BALSAMO HIDRATANTE 100ML,CARRÉ HOMME,Emb. 0.1 LT,"1,89€","18,90€ / LT",
"Carregador Isqueiro 2,4A Preto",LINKSTER,Emb. 1 UNID.,"7,99€","7,99€ / UNID.",
Café Pastilhas 100% Arabica,ECO+,Emb. 48 PAST.,"3,49€","0,07€ / PAST.",
Vinho Regional Douro Tinto,CISTUS,Garrafa 0.75 LT,"5,48€","7,31€ / LT",
PEITO DE FRANGO FATIAS FINAS,CAMPO FINO,Emb. 0.15 KG,"1,29€","8,60€ / KG",
Queijo Le Brie,PRÉSIDENT,Emb. 0.2 KG,"3,38€","16,90€ / KG",
BLOCO SANITARIO AGUA AZUL 2UN,ECO+,Emb. 2 UNID.,"0,80€","0,40€ / UNID.",
Pizza 4 Queijos,CAMPOFRIO,Emb. 0.365 KG,"2,49€","6,82€ / KG",
Johnson's Loção para Bebé Rosto e Corpo Cotton Touch,JOHNSON'S BABY,Emb. 0.5 LT,"3,89€","7,78€ / LT",
VELA NUMERO - 8,ARDENCE,Emb. 1 UNID.,"0,69€","0,69€ / UNID.",
TORTILHA CHOURICO,TABLES DU MONDE,Emb. 0.5 KG,"3,49€","6,98€ / KG",
Bebida de Aveia 0% 3x200ML,SHOYCE,Emb. 0.6 LT,"2,18€","3,63€ / LT",
SALSICHA PORCO -25% TEOR SAL 4UN,TRADILÈGE,Emb. 0.14 KG,"1,39€","9,93€ / KG",
TABULEIRO 30*20,ECO+,Emb. 1 UNID.,"3,99€","3,99€ / UNID.",
Pão Rústico,,1 Unid. = 0.4 KG (aprox.),"0,76€/kg","0,76€ / Unid.",
Água com Gás Limão/Chá Verde 4x25 cl TP,PEDRAS SALGADAS,Emb. 1 LT,"2,39€","2,39€ / LT",
DENTIFRICO E ELIXIR FRESCURA EXTREMA,DENTAMYL,Emb. 0.075 LT,"0,95€","12,67€ / LT",
Vinho Verde Branco,VIA LATINA,Garrafa 0.75 LT,"2,19€","2,92€ / LT",
Espargos Verdes,,1 Unid. = 0.32 KG (aprox.),"10,49€/kg","3,36€ / Unid.",
Snacks P/ Cão 12-25Kg Dentalife Medium,PURINA,Emb. 0.345 KG,"6,68€","19,36€ / KG",
Café Moído Torrado Intensidade 12,BUONDI,Emb. 0.2 KG,"3,67€","18,35€ / KG",
SUMO MULTIFRUTOS -30% ACUCAR,JAFADEN,,"2,19€",/ Unid.,
Johnson's Champô para Crianças Gotas de Força,JOHNSON'S BABY,Emb. 0.5 LT,"5,58€","11,16€ / LT",
BOLO REDONDO CHOCOLATE,,Emb. 0.5 KG,"3,99€","7,98€ / KG",
"Refrigerante com Gás Ananás Lata 6x0,33L",SUMOL,Emb. 1.98 LT,"3,68€","1,86€ / LT",
Bechamel,PARMALAT,Emb. 0.5 LT,"2,18€","4,36€ / LT",
Ovos Solo L,SNR,Emb. 12 UNID.,"2,39€","0,20€ / UNID.",
Sabonete Moisture Care 4 unid.,PALMOLIVE,Emb. 0.09 KG,"3,44€","38,22€ / KG",
CHAMPO SECO CABELOS CASTANHOS 150ML,NATEIS,Emb. 0.15 LT,"2,19€","14,60€ / LT",
Feijão Branco Seco,NOTRE JARDIN,Emb. 1 KG,"1,89€","1,89€ / KG",
Bolachas Torradas,VIEIRA,Emb. 0.2 KG,"0,78€","3,90€ / KG",
Escova Dentes Intense Clean Médio,AQUAFRESH,Emb. 1 UNID.,"3,98€","3,98€ / UNID.",
Creme Anti-Rugas Cuidado Dia,DERMO EXPERTISE,Emb. 1 P,"14,98€","14,98€ / P",
Sumo de Maçã à Base de Concentrado,JAFADEN,Emb. 2 LT,"1,69€","0,85€ / LT",
Gel de Banho Hidratante Baby,BABY DOVE,Emb. 0.2 LT,"1,79€","8,95€ / LT",
DETERGENTE MANUAL LOICA LIMAO,ECO+,Emb. 1 LT,"0,79€","0,79€ / LT",
Iogurte Mix-in Kit Kat Morango 2 Unid.,NESTLÉ,Emb. 0.115 KG,"2,09€","18,17€ / KG",
Perca Posta,,1 Unid. = 0.3 KG (aprox.),"7,99€/kg","2,40€ / Unid.",
Queijo Curado Apimentado,,1 Unid. = 1 KG (aprox.),"6,69€/kg","6,69€ / Unid.",
BEBIDA SOJA BAUNILHA,ALPRO,Emb. 1 LT,"1,89€","1,89€ / LT",
Barras Hero Muesly Cereais Linea Choco Branco 6x20g,HERO,Emb. 0.12 KG,"1,79€","14,92€ / KG",
Presunto Aperitivo,DAMATTA,Emb. 0.3 KG,"5,82€","19,40€ / KG",
Tampões com Aplicador Pearl Super Plus,TAMPAX,Emb. 24 UNID.,"4,98€","0,21€ / UNID.",
Mousse de Café 4x60g,DÉLISSE,Emb. 0.24 KG,"1,39€","5,79€ / KG",
Café Cápsulas Descafe Intensidade 2,PLANTATION,Emb. 16 CAPS.,"2,44€","0,15€ / CAPS.",
Massa Margaridas com Vegetais,MILANEZA,Emb. 0.5 KG,"1,87€","3,74€ / KG",
Paté Rico Frango e Legumes Bio,PLENIMA,Emb. 0.3 KG,"1,65€","5,50€ / KG",
Bolachas Maria Júnior,MARIA,Emb. 0.276 KG,"2,98€","10,80€ / KG",
Tomate da Horta Concentrado,COMPAL,Emb. 0.14 KG,"0,98€","7,00€ / KG",
Leite Condensado Cozido,MIMOSA,Emb. 0.385 KG,"1,59€","4,13€ / KG",
Bolachas Cobertas com Chocolate Branco,OREO,Emb. 0.246 KG,"2,89€","11,75€ / KG",
Vinho Regional Douro Tinto,ESTEVA,Garrafa 0.75 LT,"4,79€","6,39€ / LT",
Conserva de Azeitona Preta Inteira,RUSTICA,Frasco 0.36 KG,"1,09€","3,03€ / KG",
Rissóis de Carne 8 Unid.,SNR,Emb. 0.325 KG,"1,99€","6,12€ / KG",
Snack P/ Cão Sticks C/ Aroma a Javali,PURINA,Emb. 0.09 KG,"1,98€","22,00€ / KG",
"PAO TOSTADO ALHO LOTE DE 2 ""CROUTON"" 2X90G",EPI D'OR,Emb. 0.18 KG,"1,49€","8,28€ / KG",
LASANHA SALMAO,CÔTÉ TABLE,Emb. 1 KG,"4,89€","4,89€ / KG",
Sumo Refrigerado Cidreira Tília Camomila Limão,PLENO TISANAS,Garrafa 1.5 LT,"1,49€","0,99€ / LT",
CREPES DOCE OVOS 6UN,TROFIC,Emb. 0.54 KG,"3,69€","6,83€ / KG",
CERA QUENTE DEPILACAO PROFISSIONAL 400G,SLISS,Emb. 0.4 LT,"5,49€","13,73€ / LT",
Espumante ASTI Doce,GANCIA,Garrafa 0.75 LT,"7,98€","10,64€ / LT",
Bolachas Maria Oro,CUÉTARA,Emb. 0.2 KG,"1,02€","5,10€ / KG",
Queijo Fundido Fatias Light,A VACA QUE RI,Emb. 0.2 KG,"1,94€","9,70€ / KG",
Iogurte Sólido Proteíco Limão e Cookies Lindhals,NESTLÉ,Emb. 0.15 KG,"1,09€","7,27€ / KG",
Água S/ Gás Mineral Natural,,Garrafa 0.5 LT,"0,20€","0,40€ / LT",
Escoras Planas Brancas 30-60Cm,ECO+,Emb. 2 UNID.,"0,99€","0,50€ / UNID.",
Polvo Congelado,,1 Unid. = 2.5 KG (aprox.),"10,99€/kg","27,48€ / Unid.",
SACO PLATICO P/TABULEIRO P/GATO PM 10UN,P'TIT AMI,Emb. 10 UNID.,"1,89€","0,19€ / UNID.",
Gelado Double Chocolate e Morango,MAGNUM,Emb. 0.264 LT,"4,98€","18,86€ / LT",
Sumo de Laranja e Cenoura,SANTAL,Garrafa 1.5 LT,"2,02€","1,35€ / LT",
Cera Signature,AXE,Emb. 0.075 LT,"3,99€","53,20€ / LT",
Nêspera,,1 Unid. = 0.15 KG (aprox.),"4,99€/kg","0,75€ / Unid.",
GAUFRES COM MEL BIO,,Emb. 0.175 KG,"2,09€","11,94€ / KG",
SNACK RECOMPENSA QUEIJO E BOVINO,TOUS MES AMIS,Emb. 0.14 KG,"1,25€","8,93€ / KG",
Farinha,MAIZENA,Emb. 0.4 KG,"2,36€","5,90€ / KG",
TIRAS FINISSIMAS BACON EXTRA FUMADO -25% SAL 2X75G,TRADILÈGE,Emb. 2 UNID.,"1,85€","0,93€ / UNID.",
Elixir Oral Dentes & Gengivas Menta Fresca,LISTERINE,Emb. 1 LT,"8,98€","8,98€ / LT",
CREME PARA BARRAR CACAU E AVELAS SEM OLEO PALMA BIO,,Emb. 0.35 KG,"3,14€","8,97€ / KG",
Pó Compacto Stay Matte,RIMMEL,Emb. 0.014 KG,"10,48€","748,57€ / KG",
Soro Fisiológico 60ml,HIDRO,Emb. 0.06 LT,"0,73€","12,17€ / LT",
Fiambre Peito de Peru,CAMPO FINO,1 Unid. = 0.1 KG (aprox.),"10,99€/kg","1,10€ / Unid.",
Queijo Bola Flamengo,AGROS,Emb. 1.4 KG (aprox.),"7,99€/kg","11,19€ / Unid.",
Asia Pot Noodles de Pato,KNORR,Emb. 0.061 KG,"1,78€","29,18€ / KG",
Café Expresso Bar Torrado,DELTA,Emb. 1 KG,"12,97€","12,97€ / KG",
Éclair de Chocolate,,1 Unid. = 0.08 KG,"0,99€","12,38€ / KG",
Rissóis de Pescada,,Emb. 8 UNID.,"1,19€","0,15€ / UNID.",
Pevides de Girassol C/ Casca C/ Sal,MARQUE REPERE,Emb. 0.2 KG,"1,49€","7,45€ / KG",
BOLA FUTEBOL PLASTICO T4,WOODSUN,Emb. 1 UNID.,"2,73€","2,73€ / UNID.",
VELA NUMERO FUN 4,ARDENCE,Emb. 1 UNID.,"0,99€","0,99€ / UNID.",
Caldo de Legumes 8 Cubos,KNORR,Emb. 0.08 KG,"1,49€","18,63€ / KG",
VASSOURA CRUZ LOTUS,,Emb. 1 UNID.,"2,89€","2,89€ / UNID.",
Tirones Verdinhos,,1 Unid. = 0.06 KG (aprox.),"2,49€/kg","0,15€ / Unid.",
Alimento P/ Húmido Gato Seleção de Mousses,FRISKIES,Emb. 0.68 KG,"5,84€","8,59€ / KG",
Canela em Pó,RUSTICA,Frasco 0.035 KG,"0,49€","14,00€ / KG",
ELIXIR BOCAL DE MENTA,DENTAMYL,Emb. 0.5 LT,"1,29€","2,58€ / LT",
CADERNO ESP CAP DUR AZ A4 PAU 100P,ESQUISSE,Emb. 1 UNID.,"2,99€","2,99€ / UNID.",
"BEBIDA SOJA CHOCOLATE, 1L",ALPRO,Emb. 1 LT,"1,89€","1,89€ / LT",
Cereais de Aveia Integral C/ Chocolate Preto,FITNESS,Emb. 0.375 KG,"2,99€","7,97€ / KG",
Miolo de Caju C/ Sal,MARQUE REPERE,Emb. 0.25 KG,"4,29€","17,16€ / KG",
Vinho do Porto Fundador Tawny,COMPANHIA VELHA,Emb. 0.75 LT,"6,38€","8,51€ / LT",
Coloração Longa Duração Belle Color 4 Castanho,GARNIER,Emb. 1 UNID.,"5,98€","5,98€ / UNID.",
Queijo Mozzarella Biológico,,Emb. 0.125 KG,"1,17€","9,36€ / KG",
BACON FUMADO FATIAS FINAS 2X100G,TRADILÈGE,,"2,99€",/ Unid.,
Crepes de Chocolate com Cereais Crocantes,P'TIT DÉLI,Emb. 0.256 KG,"1,99€","7,77€ / KG",
Fralda Cueca T6 +16Kg,MOTS D'ENFANTS,Emb. 18 UNID.,"4,49€","0,25€ / UNID.",
Cápsulas Descafeinado Espresso P/ Nespresso Intensidade 11,STARBUCKS,Emb. 10 CAPS.,"4,48€","0,45€ / CAPS.",
Rebentos Feijão Mungo,BONDUELLE,Emb. 0.6 KG,"2,98€","4,97€ / KG",
Queijo de Ovelha Barrado Seia,QUEIJOS LAGOS,1 Unid. = 0.5 KG (aprox.),"15,99€/kg","8,00€ / Unid.",
Feijão Branco Seco,NOTRE JARDIN,Emb. 0.5 KG,"1,09€","2,18€ / KG",
OIKOS NATURAL 110G X4,OIKOS,Emb. 0.44 KG,"2,39€","5,43€ / KG",
MOUSSE BOVINO E AVES P/ GATO BIO 200G,PLENIMA,Emb. 0.2 KG,"1,29€","6,45€ / KG",
Esponja Glitzi Plus,VILEDA,Emb. 3 UNID.,"3,18€","1,06€ / UNID.",
Lenços Faciais Plenitude Renova,LENÇOS RENOVA,Emb. 80 UNID.,"0,98€","0,01€ / UNID.",
CREME ANTI-RUGAS BIO 50ML,BIONAÏA,Emb. 0.05 LT,"4,67€","93,40€ / LT",
Sumo 100% Multifrutis Biológico 6 Unid.,,Emb. 0.12 LT,"2,99€","24,92€ / LT",
DETERGENTE LIQUIDO FRESCURA ATIVOS VEGETAIS 50D,XÉOR,,"4,99€",/ Unid.,
Bolachas Areadas de Manteiga Pura com Coco e Recheadas,P'TIT DÉLI,Emb. 0.1 KG,"1,69€","16,90€ / KG",
TABLETE CHOCOLATE NEGRO 85% 100G,CEMOI,Emb. 0.1 KG,"0,99€","9,90€ / KG",
QUEIJO EDAM FATIADO,ECO+,Emb. 0.5 KG,"3,69€","7,38€ / KG",
Pargo Mulato,,1 Unid. = 0.77 KG (aprox.),"5,99€/kg","4,61€ / Unid.",
Pepitas de Chocolate,TABLIER BLANC,Emb. 0.1 KG,"1,49€","14,90€ / KG",
Tablete Chocolate Culinária,NESTLÉ,Emb. 0.2 KG,"1,79€","8,95€ / KG",
Milho Doce 3X85g,BONDUELLE,Emb. 0.255 KG,"1,59€","6,24€ / KG",
PILHAS ALCALINAS LR03,FOXTER,Emb. 8 UNID.,"3,59€","0,45€ / UNID.",
Pimenta Preta Grãos,RUSTICA,Frasco 0.04 KG,"1,53€","38,25€ / KG",
Néctar Clássico Maracujá,COMPAL,Emb. 1 LT,"1,58€","1,58€ / LT",
RESMA PAPEL A4 500F 75G,ECO+,Emb. 1 UNID.,"3,99€","3,99€ / UNID.",
Detergente para a Maquina da Roupa Active Clean,SKIP,Emb. 1.458 LT,"14,99€","10,28€ / LT",
Macarrão,ECO+,Emb. 1 KG,"1,49€","1,49€ / KG",
SOBREMESA CREME BROWNIE,DÉLISSE,Emb. 0.5 KG,"1,59€","3,18€ / KG",
Conserva de Azeitona Verde Inteira,RUSTICA,Frasco 0.36 KG,"1,19€","3,31€ / KG",
POLPA DE TOMATE COM CEBOLA E ALHO,TURINI,Garrafa 0.5 KG,"1,39€","2,78€ / KG",
ERVILHAS CONGELADAS,NOTRE JARDIN,Emb. 0.4 KG,"0,69€","1,73€ / KG",
Aparas de Madeira Perfumadas Limão Roedores,TOUS MES AMIS,Emb. 15 LT,"2,49€","0,17€ / LT",
LAVA TUDO CONCENTRADO ECOLOGICO,UNÍ VERT,Emb. 1 LT,"1,18€","1,18€ / LT",
Bolachas de Cacau Recheadas com Creme Baunilha,OREO,Emb. 0.154 KG,"1,39€","9,03€ / KG",
Verniz de Unhas 60 Segundos 323,RIMMEL,Emb. 1 UNID.,"5,58€","5,58€ / UNID.",
Creme Soft Hidratante Intensivo,NIVEA,Emb. 0.2 LT,"5,69€","28,45€ / LT",
Vinho Branco,COMP DO VINHO,Emb. 1 LT,"0,99€","0,99€ / LT",
GEL BANHO DERMO,ECO+,Emb. 1 LT,"1,49€","1,49€ / LT",
PALETTE 9.7 LOURO ACOBREADO,PALETTE,Emb. 1 UNID.,"4,79€","4,79€ / UNID.",
Pastis de Marseille,VIVALIS,Garrafa 0.7 LT,"10,49€","14,99€ / LT",
Café Cápsulas Vellutato Intensidade 9,PLANTATION,Emb. 10 CAPS.,"1,78€","0,18€ / CAPS.",
Barras de Cereais Light Muesly Chocolate 6x20g,HERO,Emb. 0.12 KG,"1,79€","14,92€ / KG",
Creme Hidratante,NIVEA,Emb. 0.03 LT,"1,98€","66,00€ / LT",
Vinho Branco Frisante,MONTARRO,Garrafa 0.75 LT,"1,78€","2,37€ / LT",
Camarão Selvagem Argentina Cal. 20/30 Congelado,,1 Unid. = 0.1 KG (aprox.),"24,99€/kg","2,50€ / Unid.",
Café Cápsulas XL Qalidus Intensidade 10,DELTA Q,Emb. 40 CAPS.,"12,99€","0,32€ / CAPS.",
MAIONESE C/ MOSTARDA DE DIJON TOP DOWN,RUSTICA,Emb. 0.415 KG,"1,69€","4,07€ / KG",
QUEIJO FLAMENGO FATIADO LIGHT,QUEIJO NA TÁBUA,Emb. 0.2 KG,"1,89€","9,45€ / KG",
Anti-Transferência de Cor Ultra Toalhitas,VANISH,Emb. 10 UNID.,"3,49€","0,35€ / UNID.",
MUSLITOS,PÊCHE OCÉAN,Emb. 0.25 KG,"1,38€","5,52€ / KG",
Gel de Banho Naturals Amêndoa e Leite,PALMOLIVE,Emb. 0.5 LT,"2,69€","5,38€ / LT",
Néctar Tutti Frutti,JAFADEN,Emb. 1 LT,"0,89€","0,89€ / LT",
CONE CHOCOLATE/PISTACHIO 6UN,TRIUM,,"2,38€",/ Unid.,
"AGUA FASTIO S/GAS GO, 50CL",FASTIO,,"0,58€",/ Unid.,
Bacalhau em Azeite Virgem Extra e Alho,BOM PETISCO,Emb. 0.12 KG,"2,99€","24,92€ / KG",
Bolacha Wafer Framboesa,VIEIRA,Emb. 0.15 KG,"1,25€","8,33€ / KG",
QUEIJO PARA BARRAR COM PIMENTA,LES CROISÉS,Emb. 0.15 KG,"1,09€","7,27€ / KG",
Esfregão Salva Unhas Comfort,SCOTCH BRITE,Emb. 2 UNID.,"2,53€","1,27€ / UNID.",
Difusor e Recarga Elétrica Lavanda e Camomila,AIR WICK,Emb. 0.019 LT,"5,39€","283,68€ / LT",
Sortidos de Biscoitos,ECO+,Emb. 0.5 KG,"1,99€","3,98€ / KG",
Marcadores de Colorir Laváveis Ponta Média,ESQUISSE,,"1,99€",/ Unid.,
Champô SOS,AUSSIE,Emb. 0.29 LT,"5,99€","20,66€ / LT",
FILETES DE BACALHAU PANADOS 4UN,PÊCHE OCÉAN,Emb. 0.5 KG,"5,99€","11,98€ / KG",
"GEL DUCHE ""BAMBU/TORANJA"" CONCENTRADO",NATEIS,,"1,85€",/ Unid.,
Salsichas Peru Forno Lenha,IZIDORO,Emb. 5 UNID.,"2,49€","0,50€ / UNID.",
Conserva de Salsichas Extra Suculentas Aves 7 Unid.,NOBRE,Frasco 0.35 KG,"1,68€","4,80€ / KG",
Eau De Toilette Homem Dark Temptation,AXE,Emb. 0.05 LT,"10,74€","214,80€ / LT",
Saco Cubos Gelos,ELEMBAL,Emb. 15 UNID.,"0,69€","0,05€ / UNID.",
Gillette Venus Swirl Depilatória,VENUS,Emb. 1 UNID.,"10,98€","10,98€ / UNID.",
Vinho Regional Alentejano Tinto,GALITOS,Garrafa 0.75 LT,"2,29€","3,05€ / LT",
Bolachas Digestivas,MCVITIES,Emb. 0.4 KG,"2,37€","5,93€ / KG",
Alimento Seco P/ Cão Active de Frango e Arroz,PURINA,Emb. 0.8 KG,"5,68€","7,10€ / KG",
Cevada Solúvel sem Café,DELTA,Frasco 0.2 KG,"1,74€","8,70€ / KG",
Salame Fatiado Tapas,CAMPOFRIO,Emb. 0.08 KG,"1,88€","23,50€ / KG",
Preparado Sopa de Cozido,KNORR,Emb. 0.069 KG,"1,49€","21,59€ / KG",
Marcadores de Colorir Laváveis Ponta Média,ESQUISSE,Emb. 24 UNID.,"2,99€","0,12€ / UNID.",
RABANETE S/ RAMA,,Emb. 0.125,"0,79€","6,32€ /",
TESOURA 16CM,ESQUISSE,Emb. 1 UNID.,"1,69€","1,69€ / UNID.",
PILHA ALCALINA 6LR61,FOXTER,Emb. 1 UNID.,"3,29€","3,29€ / UNID.",
Desodorizante Roll-On Invisible Care,DOVE,Emb. 0.05 LT,"2,69€","53,80€ / LT",
Pasta Dentífrica Nourish Branco Saudável,SENSODYNE,Emb. 0.075 KG,"4,28€","57,07€ / KG",
Alimento Húmido P/ Gato Gold Salmão,GOURMET,Emb. 0.085 KG,"0,74€","8,71€ / KG",
Iogurtes Liquido Yoco Morango Maçã,YOCO,Emb. 0.36 KG,"1,89€","5,25€ / KG",
Barrinhas P/ Canários sabor a Ovo,TOUS MES AMIS,Emb. 0.06 KG,"1,69€","28,17€ / KG",
Amaciador de Roupa Rosa,,Emb. 4 LT,"1,99€","0,50€ / LT",
Toalhitas Limpa Vidros,CLAIR,Emb. 20 UNID.,"0,89€","0,04€ / UNID.",
AGUA MICELAR,INELL,Emb. 0.5 LT,"2,59€","5,18€ / LT",
Peito de Borrego,,1 Unid. = 1 KG (aprox.),"9,99€/kg","9,99€ / Unid.",
Líquido Sanitário Lixívia Perfumada,NEOBLANC,Emb. 0.7 LT,"2,09€","2,99€ / LT",
VELA NUMERO FUN 3,ARDENCE,Emb. 1 UNID.,"0,99€","0,99€ / UNID.",
TOSTAS FINAS NATURA,EPI D'OR,Emb. 0.1 KG,"1,59€","15,90€ / KG",
Salmão Fumado Noruega,RONDE DES MERS,Emb. 0.14 Kg,"6,49€","46,36€ / Kg",
Azeite Virgem Extra Grande Escolha,GALLO,Emb. 0.5 LT,"4,99€","9,98€ / LT",
Sortido Feltro Adesivos 186 Peças,FOXTER,,"3,15€",/ Unid.,
B&J Caramel Brownie Party 465ml,,Emb. 0.465 LT,"6,78€","14,58€ / LT",
Sticks P/ Gato C/ Frango,TOUS MES AMIS,Emb. 3 UNID.,"0,49€","0,16€ / UNID.",
Whisky J&B Rare,J&B,Garrafa 0.7 LT,"15,48€","22,11€ / LT",
LEITE DE COCO,TABLES DU MONDE,Emb. 0.4,"1,78€","4,45€ /",
"Gelado ""Tyrolia"" Caramelo",ESKISS,Emb. 0.65 LT,"1,99€","3,06€ / LT",
CHOURICAO FATIADO,CAMPO FINO,Emb. 0.15 KG,"1,19€","7,93€ / KG",
CAPS CAFE COMP C/ DQ XL MAXIMO - INT10,PLANTATION,40 UNID.,"6,49€","0,16€ / UNID.",
FIAMBRE PA EXTRA PARIS 4 FATIAS -25% SAL,TRADILÈGE,Emb. 0.14 KG,"1,99€","14,21€ / KG",
Alimento Húmido para Gato Patê Aves,ECO+,Emb. 0.1 KG,"0,27€","2,70€ / KG",
Esferográficas de Cores Sortidas Ponta Fina,ESQUISSE,Emb. 4 UNID.,"0,99€","0,25€ / UNID.",
Sacos Cozedura no Forno Elembal,ELEMBAL,Emb. 5 UNID.,"1,09€","0,22€ / UNID.",
Chá Preto English Breakfast,LIPTON,Emb. 20 SAQS,"1,29€","0,06€ / SAQS",
Açúcar Especial Compota,TÉVA,Emb. 1 KG,"1,89€","1,89€ / KG",
Snack P/ Cão Adulto Biscuit,PURINA,Emb. 0.65 KG,"3,98€","6,12€ / KG",
Gelatina Alimentar em Folha,TABLIER BLANC,Emb. 9 UNID.,"0,89€","0,10€ / UNID.",
Salva Camas 60x75CM,LINDOR,Emb. 15 UNID.,"8,48€","0,57€ / UNID.",
Sticks Dentários,PLENIMA,Emb. 0.18 G,"1,79€","9,94€ / G",
"""QUENELLES"" DE VITELA C/ MOLHO ""FINANCIERE""",CÔTÉ TABLE,Emb. 0.4 KG,"1,49€","3,73€ / KG",
SACOS LIXO C/ ATILHO 30L,ELEMBAL,Emb. 25 UNID.,"1,19€","0,05€ / UNID.",
SNACKS PREMIUM PEIXE 50G LYCAT,LYCAT,Emb. 0.05 KG,"1,17€","23,40€ / KG",
AZEITONAS INTEIRAS PRETAS A GREGA,RUSTICA,Emb. 0.25 KG,"1,39€","5,56€ / KG",
Água com Gás Limão 4x25 cl,FRIZE,Emb. 1 LT,"2,29€","2,29€ / LT",
Recarga Sabonete Líquido Lavanda,MANAVA,Emb. 0.25 LT,"0,65€","2,60€ / LT",
TORTILLAS CHIPS NATURE,ECO+,Emb. 0.3 KG,"1,64€","5,47€ / KG",
Vinho Rosé Frutado,SALVE,Garrafa 0.75 LT,"1,29€","1,72€ / LT",
Sabonete Líquido Naturals Pele Sensível,PALMOLIVE,Emb. 0.3 LT,"2,55€","8,50€ / LT",
Deo Roll-On 0% Sensitive,SANEX,Emb. 0.05 LT,"3,99€","79,80€ / LT",
Alho Picado,MARGÃO,Frasco 0.06 KG,"3,18€","53,00€ / KG",
Refrigerante C/ Gás Zero Açúcar Pack 4,COCA COLA,Emb. 4 LT,"4,55€","1,14€ / LT",
Bolachinhas P/ Bebé +6 meses,NESTLÉ,Emb. 0.18 KG,"2,49€","13,83€ / KG",
ACHOCOLATADO EM PO,P'TIT DÉLI,Emb. 1 KG,"4,99€","4,99€ / KG",
TERRA UNIVERSAL,ECO+,Emb. 40 LT,"3,29€","0,08€ / LT",
Bolachas de Manteiga Cobertas de Tablete Chocolate de Leite,P'TIT DÉLI,Emb. 0.125 KG,"1,19€","9,52€ / KG",
Conserva De Feijão Frade 425g,NOTRE JARDIN,Lata 0.425 KG,"0,69€","1,62€ / KG",
Jardineira Mistura de Vegetais Ultracongelados,IGLO,Emb. 0.65 KG,"2,98€","4,58€ / KG",
Bechamel,PARMALAT,Emb. 0.2 KG,"1,05€","5,25€ / KG",
Vinho Regional Douro Tinto,VINHA GRANDE,Garrafa 0.75 LT,"9,98€","13,31€ / LT",
Iogurte Sólido Magro C/ Cereais e Frutos Secos 4 Unid.,LONGA VIDA,Emb. 0.12 KG,"2,09€","17,42€ / KG",
PAPEL HIGIENICO COMPACTO ECO,UNÍ VERT,Emb. 4 UNID.,"2,59€","0,65€ / UNID.",
Deo Spray Invisible para Homem,SANEX,Emb. 0.2 LT,"2,39€","11,95€ / LT",
VARINHA MAGICA 600W C/ACESSORIOS,ELSAY,Emb. 1 UNID.,"29,90€","29,90€ / UNID.",
CHOCOLATE PRETO C/ PEPITAS DE CARAMELO E FLOR DE SAL,EQUADOR,Emb. 0.1 KG,"1,19€","11,90€ / KG",
Queijo de Cabra Sainte Maure,LES CROISÉS,Emb. 0.2 KG,"2,19€","10,95€ / KG",
MIOLO DE NOZ,TABLIER BLANC,Emb. 0.05 KG,"1,09€","21,80€ / KG",
Johnson\'s Loção para Crianças Bons Sonhos,JOHNSON'S BABY,Emb. 0.5 LT,"3,89€","7,78€ / LT",
AMBIENTADOR GEL LIRIO VALE,BIEN AIR,Emb. 0.15 KG,"0,89€","5,93€ / KG",
SALMAO C/ MOLHO DE AZEDAS,CÔTÉ TABLE,Emb. 0.3 KG,"3,19€","10,63€ / KG",
Ice Tea Limão 2x2lt,LIPTON,Emb. 4 LT,"4,99€","1,25€ / LT",
Licor da Nação,SNR,Garrafa 0.7 LT,"6,99€","9,99€ / LT",
Bolachas Crocantes sem Glúten 2x125g,CHAQUE JOUR SANS GLUTEN,Emb. 0.25 KG,"2,99€","11,96€ / KG",
CAPA PLASTICA COLORIDA C/ LOMBADA,ESQUISSE,Emb. 1 UNID.,"2,99€","2,99€ / UNID.",
Toranja Cal. 2/3,,1 Unid. = 0.32 KG (aprox.),"3,29€/kg","1,05€ / Unid.",
Bombons de Chocolate Negro e Caramelo,LUTTI,Emb. 0.15 KG,"2,43€","16,20€ / KG",
Champô Repara e Protege com Biotina,TRESEMMÉ,Emb. 0.4 LT,"4,19€","10,48€ / LT",
CEBOLINHO PICADO,RUSTICA,Emb. 0.25 KG,"2,19€","8,76€ / KG",
ARROZ CANTONES PRE COZIDO EXPRESS,COMPTOÍR DU GRAIN,Emb. 0.25 KG,"1,09€","4,36€ / KG",
Xarope de Limão,FRUCCI,Garrafa 0.75 LT,"3,89€","5,19€ / LT",
Bolachas de Trigo e Sementes de Sésamo,NAT&VIE,Emb. 0.2 KG,"1,69€","8,45€ / KG",
Pantene Creme de Pentear Sem Enxaguar Cabelo ondulado 270ml,PANTENE PV,Emb. 0.27 LT,"4,49€","16,63€ / LT",
BLOCO SANITARIO ANTI-TARTARO PINHO 3UN,ECO+,Emb. 3 UNID.,"0,99€","0,33€ / UNID.",
BOLACHAS RECHEADAS C/ CHOCO TIPO KANGO,P'TIT DÉLI,Emb. 0.225 KG,"1,79€","7,96€ / KG",
CARNE PORCO A PORTUGUESA,CÔTÉ TABLE,Emb. 0.25 KG,"2,99€","11,96€ / KG",
Compota de Maçã e Pêra Biológica 4x100g,,Emb. 0.4 KG,"1,99€","4,98€ / KG",
Máscara Capilar para Cabelo Seco,TRESEMMÉ,Emb. 0.5 LT,"5,39€","10,78€ / LT",
MOLHO PIMENTA,RUSTICA,Emb. 0.3 LT,"1,39€","4,63€ / LT",
Sopa Rabo de Boi 4 Porções,KNORR,Emb. 0.071 KG,"1,49€","20,99€ / KG",
Tostas de Trigo,EPI D'OR,Emb. 0.9 KG,"3,19€","3,54€ / KG",
Cerveja com Álcool 15x20cl,SUPER BOCK,Emb. 3 LT,"6,59€","2,20€ / LT",
Tampões com Aplicador Pearl Super,TAMPAX,Emb. 24 UNID.,"4,98€","0,21€ / UNID.",
FAISSELLE,NOS RÉGIONS ONT DU TALENT,Emb. 0.4 KG,"1,76€","4,40€ / KG",
Bolachas de Diet-Fibra sem Açúcar,GULLÓN,Emb. 0.25 KG,"2,37€","9,48€ / KG",
Tomato Frito,HEINZ,Emb. 0.35 KG,"1,19€","3,40€ / KG",
SYOSS OLEO INT. 4-18 CAST.PRALI,SYOSS,,"6,24€",/ Unid.,
Filetes Primavera Alecrim & Sal Marinho,IGLO,Emb. 0.225 KG,"3,99€","17,73€ / KG",
TOSTAS INTEGRAIS S/ SAL S/ ACUCARES BIO,,Emb. 0.3 KG,"2,56€","8,53€ / KG",
Alimento Húmido P/ Gato Fórmula Indoor Atum e Vitela Pack 4,PURINA ONE,4 G,"3,48€","0,87€ / G",
Pinça P/ Depilação Prateada,,Emb. 1 UNID.,"1,99€","1,99€ / UNID.",
Pimentão Doce Colorau,RUSTICA,Emb. 0.05 KG,"0,54€","10,80€ / KG",
IOGURTE LIQUIDO SABOR A MORANGO 8H FORA FRIGORIFICO,DÉLISSE,Emb. 0.8 KG,"1,99€","2,49€ / KG",
IOGURTE BIFIDUS COCO,DÉLISSE,Emb. 0.5 KG,"0,99€","1,98€ / KG",
Doce de Morango Biológico,,Emb. 0.37 KG,"2,15€","5,81€ / KG",
Drageia Mastigável de Mentos Frutas,MENTOS,Emb. 0.12 KG,"1,88€","15,67€ / KG",
Peito de Pato,,1 Unid. = 0.35 KG  (aprox.),"2,89€/kg","1,01€ / Unid.",
Alimento Húmido P/ Gatinhos C/ Vitela,GOURMET,Emb. 0.085 KG,"0,74€","8,71€ / KG",
Gomas de Ovos,COPAÍNS COPINES,Emb. 0.3 KG,"1,37€","4,57€ / KG",
Queijo Mascarpone,GALBANI,Emb. 0.5,"6,88€","13,76€ /",
PANNA COTA COM BASE DE FRAMBOESA,EQUADOR,Emb. 0.24 KG,"1,99€","8,29€ / KG",
SACO CONGELACAO PEQUENO,ELEMBAL,Emb. 50 UNID.,"0,79€","0,02€ / UNID.",
"GEL DUCHE ""CACTO/BANANA"" CONCENTRADO",NATEIS,,"1,85€",/ Unid.,
Filetes de Atum ao Natural,PÊCHE OCÉAN,Emb. 0.19 KG,"3,59€","18,89€ / KG",
ALIMENTO PARA ROLAS,ECO+,Emb. 1 UNID.,"1,25€","1,25€ / UNID.",
Barrinhas P/ Canários sabor a Frutas,TOUS MES AMIS,Emb. 0.06 KG,"1,69€","28,17€ / KG",
ACUCAR DE PALMA DE COCO BIO,,,"3,23€",/ Unid.,
Manteiga Magra sem Sal,LES CROISÉS,Emb. 0.25 KG,"1,79€","7,16€ / KG",
Vinho de Mesa Tinto,ECO+,Emb. 2 LT,"2,69€","1,35€ / LT",
Destop Manutenção de Canalizações Perfumado,DESTOP,Emb. 0.75,"5,99€","7,99€ /",
Pimento Verde,,1 Unid. = 0.19 KG (aprox.),"2,59€/kg","0,49€ / Unid.",
Gomas Bananas,INTERDOCES,Emb. 0.15 KG,"1,29€","8,60€ / KG",
Vinho Verde Branco,AVELEDA,Garrafa 0.75 LT,"4,29€","5,72€ / LT",
Gelado 3 Chocolates,TRIUM,Emb. 4 UNID.,"2,88€","0,72€ / UNID.",
Bolachas Recheadas Chocolate,ECO+,Emb. 0.5 KG,"1,49€","2,98€ / KG",
TORTILLA BATATA,TABLES DU MONDE,Emb. 0.5 KG,"2,49€","4,98€ / KG",
BOLO DE SEMOLA C/ UVAS,DÉLISSE,Emb. 0.4 KG,"2,25€","5,63€ / KG",
Máquinas de Barbear Descartáveis Blue II Plus Mulher,GILLETTE,Emb. 6 UNID.,"2,98€","0,50€ / UNID.",
PILHAS ALCALINAS LR3 TECH+,FOXTER,Emb. 8 UNID.,"3,59€","0,45€ / UNID.",
VELA NUMERADA N 5,,Emb. 1 UNID.,"0,49€","0,49€ / UNID.",
MOLHO COCKTAIL 253ML,CALVÉ,Emb. 0.253,"2,19€","8,66€ /",
CABIDE MADEIRA RECTA X6,,Emb. 1 UNID.,"5,99€","5,99€ / UNID.",
BARQUETTES MORANGO BIO,,Emb. 0.12 KG,"1,79€","14,92€ / KG",
DANACOL LÍQUIDO COLESTEROL NOZ,DANACOL,Emb. 6 UNID.,"2,99€","0,50€ / UNID.",
Café Torrado Puro Arabica Moído,,Emb. 0.5 KG,"3,99€","7,98€ / KG",
Leite de Crescimento 1+ Cereais,NESTLÉ,Emb. 1 LT,"2,48€","2,48€ / LT",
EXFOLIANTE FACIAL TODO TIPO PELE 75ML,BIONAÏA,Emb. 0.075 LT,"2,49€","33,20€ / LT",
BOLACHA PALET RECEITA MADALENAS X8,P'TIT DÉLI,Emb. 0.125 KG,"1,39€","11,12€ / KG",
Recargas Elétricas para Ambientador,AIR WICK,Emb. 0.019 LT,"10,64€","560,00€ / LT",
Sargo Fresco,,1 Unid. = 0.4 KG (aprox.),"9,49€/kg","3,80€ / Unid.",
VINAGRE CRISTAL BRANCO 0.75L,CRISTAL,,"1,29€",/ Unid.,
Chá Preto Immune Support de Gengibre e Cúrcuma,LIPTON,Emb. 20 SAQS,"1,74€","0,09€ / SAQS",
100 ESPETOS BAMBU 25CM,BEAUX JOURS,Emb. 100 UNID.,"1,39€","0,01€ / UNID.",
Alimento Seco Cão Júnior,PURINA FRISKIES,Emb. 1.5 KG,"6,48€","4,32€ / KG",
Lápis para Colorir em Caixa de Metal,ESQUISSE,Emb. 18 UNID.,"2,49€","0,14€ / UNID.",
Abrilhantador Loiça 0%,FINISH,Emb. 0.4 LT,"5,19€","12,98€ / LT",
Creme Limpeza Original Multiusos,CIF,Emb. 0.7 LT,"2,49€","3,56€ / LT",
BL2 LED SPOT 3-35W GU10,FOXTER,Emb. 2 UNID.,"6,99€","3,50€ / UNID.",
Gelado Stracciatella,ESKISS,Emb. 0.9 LT,"3,06€","3,40€ / LT",
Iogurte Grego Yaos Morango,YAOS,Emb. 0.44 KG,"2,29€","5,20€ / KG",
Desodorizante Roll-On Invisible 48H,REXONA,Emb. 0.05 LT,"2,39€","47,80€ / LT",
RECARGA P/ SABONETE LIQUIDO AMENDOA/MEL 750ML,ECO+,Emb. 0.75,"1,25€","1,67€ /",
Sticks Dentários Cão Pequeno 7 Unid.,PLENIMA,Emb. 0.11 KG,"1,09€","9,91€ / KG",
Cápsulas Café Blonde P/ Nespresso Intensidade 6,STARBUCKS,Emb. 10 CAPS.,"4,48€","0,45€ / CAPS.",
Sumo 100% Maçã Bio,,Emb. 1 LT,"1,19€","1,19€ / LT",
Rebuçados sem Açúcar Sabor Morango 4x32g,HALLS,Emb. 0.128 KG,"2,78€","21,72€ / KG",
ALIMENT BEBE: PURE DE MACA BANANA BIO +4M 4x100G MOTS D\'ENFANTS,BIO VILLAGE BEBE,Emb. 0.4 KG,"2,39€","5,98€ / KG",
AGUA PENTEAR SPRAY,VITANOVE,Emb. 0.15 LT,"1,49€","9,93€ / LT",
MINI SPRAY BRISA MARINHA RECARGA 15ML,BIEN AIR,Emb. 0.015 LT,"1,09€","72,67€ / LT",
Bolachas Amanteigadas com Tablete de Chocolate Preto,P'TIT DÉLI,Emb. 0.15 KG,"1,14€","7,60€ / KG",
Sementes de Girassol,MARQUE REPERE,Emb. 0.2 KG,"0,99€","4,95€ / KG",
Preparado Sopa Regular Legumes,KNORR,Emb. 0.063 KG,"1,49€","23,65€ / KG",
Canela Moída,MARGÃO,Emb. 0.039 KG,"2,37€","60,77€ / KG",
Iogurte de Banana 4 Unid.,IOGOLINO,Emb. 0.4 KG,"2,79€","6,98€ / KG",
Caldo Galinha Vitalie 8 Cubos,KNORR,Emb. 0.08 KG,"1,49€","18,63€ / KG",
DETERGENTE LIQUIDO PERFECT PRETO 25D,EPSIL,Emb. 25 DOSES,"1,89€","0,08€ / DOSES",
Vinho Regional Douro Branco,TONS DUORUM,Garrafa 0.75 LT,"4,78€","6,37€ / LT",
FRALDA INCONTINENCIA GRANDE,CHORYS,Emb. 20 UNID.,"10,99€","0,55€ / UNID.",
BL1 LED CHAMA 3.2W - 25W E14,FOXTER,Emb. 1 UNID.,"2,49€","2,49€ / UNID.",
Esfregona de Algodão,,Emb. 1 UNID.,"0,90€","0,90€ / UNID.",
Refrigerante C/ Gás Cola Zero,JEAN'S,Garrafa 1.5 LT,"0,59€","0,39€ / LT",
ACETONA,ECO+,Emb. 0.25 LT,"1,09€","4,36€ / LT",
BANDAS DEPILATORIAS CERA FRIA PELE SENSIVEL AXILA/VIRILHA 16UN,SLISS,Emb. 16 UNID.,"1,65€","0,10€ / UNID.",
MINI PETIT GATEAU CHOCOLATE 8UN,AUTOUR DU DESSERT,Emb. 0.192 KG,"3,59€","18,70€ / KG",
Água S/ Gás Mineral Natural,,Garrafão 6 LT,"0,89€","0,15€ / LT",
Caldo Natura de Galinha Pack 4,KNORR,Emb. 0.112 KG,"1,49€","13,30€ / KG",
Alimento Seco P/ Gato Sénior +11 Frango,PURINA ONE,Emb. 0.8 KG,"6,98€","8,73€ / KG",
Uva Red Globe,,1 Unid. = 0.25 KG (aprox.),"2,29€/kg","0,57€ / Unid.",
Salsichão Seco,ST AZAY,Emb. 0.3 KG,"2,99€","9,97€ / KG",
Pensos Incontinência Anatómicos Plus,LINDOR,Emb. 20 UNID.,"10,98€","0,55€ / UNID.",
Queijo Ovelha Curado Seia,LAGOS,1 Unid. = 0.5 KG (aprox.),"14,99€/kg","7,50€ / Unid.",
Sumo 100% Laranja Brasil,JAFADEN,Emb. 1 LT,"1,89€","1,89€ / LT",
PORTFOLIO A4 120 BOLSAS,ESQUISSE,Emb. 120 UNID.,"4,98€","0,04€ / UNID.",
Ananás em Calda Rodelas com Sumo Natural,DOUCEUR DU VERGER,Lata 0.565 KG,"1,99€","3,52€ / KG",
ESCOVA DE DENTES CRIANCA COM LUZ  +3 ANOS,PETIT DENTAMYL,Emb. 1 UNID.,"2,49€","2,49€ / UNID.",
Caldo de Galinha,KNORR,Emb. 0.084 KG,"1,39€","16,55€ / KG",
KIT Escova De Dentes+Dentífrico+Copo 2-6 Anos Verde,PETIT DENTAMYL,Emb.1 1 UNID.,"2,49€","2,49€ / UNID.",
Conserva de Atum Albacore Inteiro 2x200g,PÊCHE OCÉAN,Emb. 0.4 KG,"3,39€","8,48€ / KG",
Almôndegas,NOBRE,Emb. 0.42 KG,"2,74€","6,52€ / KG",
GELADO BAUNILHA E CHOCOLATE 16UN,ECO+,Emb. 16 UNID.,"2,32€","0,15€ / UNID.",
Tarte 3 Queijos,CÔTÉ TABLE,Emb. 0.4 KG,"2,45€","6,13€ / KG",
Chouriço Corrente 4x100gr,PRIMOR,Emb. 0.4 KG,"2,34€","5,85€ / KG",
Leite Bem Especial Crescimento a partir de 3 anos,MIMOSA,Emb. 1 LT,"1,58€","1,58€ / LT",
Canela em Pau Especiarias,RUSTICA,Emb. 0.03 KG,"0,89€","29,67€ / KG",
Cola Cyano Líquida,FOXTER,Emb. 0.003 KG,"1,59€","530,00€ / KG",
Caldo Culinário 24 Cubos,CALVÉ,Emb. 0.24 KG,"1,94€","8,08€ / KG",
Conserva Ervilhas Cenouras 3x130g,NOTRE JARDIN,Emb. 0.13 KG,"1,99€","15,31€ / KG",
QUEIJO PARMIGIANO REGGIANO DOP 30MESES,TRADIZIONI D'ITALIA,Emb. 0.2 KG,"5,99€","29,95€ / KG",
"AZEITE CLASSICO VIRGEM ≤ 0,7%",RUSTICA,Emb. 0.75 KG,"5,32€","7,09€ / KG",
Azeite Virgem Extra Seleção Ouro,OLIVEIRA DA SERRA,Garrafa 0.75 LT,"4,89€","6,52€ / LT",
Alimento Seco P/ Gato Bola Pelo/Esteril,PURINA ONE,Emb. 0.8 KG,"6,98€","8,73€ / KG",
LAMINAS DUPLO SENTIDO 10UN  10UN CARRE HOMME,CARRÉ HOMME,,"0,90€",/ Unid.,
MUESLI CHOCOLATE E AVELA TEOR ACUCAR REDUZIDO,GRAINEA,Emb. 0.35 KG,"2,69€","7,69€ / KG",
Caramelos de Manteiga e Nata,WERTHER'S,Emb. 0.135 KG,"2,73€","20,22€ / KG",
COBERTURA TABUA DE ENGOMAR 122x45,ECO+,Emb. 1 UNID.,"4,49€","4,49€ / UNID.",
Azeites Verdes,OLIVEIRA DA SERRA,Garrafa 0.75 LT,"4,26€","5,68€ / LT",
ACHOCOLATADO EM PO 800G ECO+,ECO+,Emb. 0.8 KG,"2,55€","3,19€ / KG",
Espuma de Barbear Clássica,GILLETTE,Emb. 0.2 LT,"2,98€","14,90€ / LT",
FILETES DE PESCADA,ECO+,Emb. 0.8 KG,"5,99€","7,49€ / KG",
Chocolate de Caramelo e Avelãs,MILKA,Emb. 0.3 KG,"3,98€","13,27€ / KG",
Empadão de Pato,NOS RÉGIONS ONT DU TALENT,Emb. 0.3 UNID.,"2,69€","8,97€ / UNID.",
VASSOURA INTERIOR VINIL,SILLAGE,Emb. 1 UNID.,"1,84€","1,84€ / UNID.",
Alimento Seco P/ Gato Croquetes Salmão e Legumes,LYCAT,Emb. 2 KG,"3,99€","2,00€ / KG",
NATAS LIQUIDAS UHT GARRAFA 15%MG,DÉLISSE,Emb. 0.5 KG,"1,99€","3,98€ / KG",
Máquinas de Barbear Descartáveis Blue II,GILLETTE,Emb. 10 UNID.,"5,98€","0,60€ / UNID.",
MACARONS 12UN,AUTOUR DU DESSERT,Emb. 0.154 KG,"4,99€","32,40€ / KG",
Amaciador Roupa Concentrado Lírios e Frutos Vermelhos,QUANTO,Emb. 84 DOSES,"4,89€","0,06€ / DOSES",
Cerveja sem Álcool Preta 6x33cl,CHEERS,Emb. 0.33 LT,"3,58€","10,85€ / LT",
Vinho Regional Douro Tinto,QUINTA DA PACHECA,Garrafa 0.75 LT,"3,99€","5,32€ / LT",
100% Cevada,PENSAL,Frasco 0.2 KG,"2,67€","13,35€ / KG",
COUSCOUS C/FRANGO E MERGUEZ 450G,CÔTÉ TABLE,Emb. 0.45 KG,"2,79€","6,20€ / KG",
Batatas P/ Cozer,,Emb. 3 KG,"3,79€","1,26€ / KG",
Batatas Fritas Palha,SNR,Emb. 0.3 KG,"1,59€","5,30€ / KG",
DETERGENTE MAQ LOICA PASTILHAS TOTAL+ 45UN,VISIOR,Emb. 45 UNID.,"4,49€","0,10€ / UNID.",
Tablete de Chocolate Branco 4x100g,,Emb. 0.4 KG,"2,09€","5,23€ / KG",
Iogurte Soja Baunilha 4 Unid.,NAT&VIE,Emb. 0.4 KG,"1,34€","3,35€ / KG",
Amaciador Concentrado Frescura 3 Unid.,HYPERDOU,Emb. 0.25 LT,"1,99€","7,96€ / LT",
Flocos de Mel,MOTS D'ENFANTS,Emb. 0.75 KG,"2,99€","3,99€ / KG",
CONJUNTO ESFREGONA ROTATIVA,,Emb. 1 UNID.,"19,99€","19,99€ / UNID.",
Farinha Láctea,MOTS D'ENFANTS,Emb. 1 KG,"4,69€","4,69€ / KG",
Conserva de Feijão Manteiga Cozido,NOTRE JARDIN,Frasco 0.57 KG,"0,65€","1,14€ / KG",
SPRAY LIMPA ESTOFOS 1 L 1L TECH9,TECH9,Emb. 1 LT,"3,19€","3,19€ / LT",
LOURO FOLHAS,RUSTICA,Emb. 0.007 KG,"0,54€","77,14€ / KG",
Água sem Gás,VITALIS,Garrafa 0.5 LT,"0,30€","0,60€ / LT",
Queijo Ralado 3 Queijos,LES CROISÉS,Emb. 0.15 KG,"1,69€","11,27€ / KG",
Nuggets Peito de Frango e Queijo Ultracongelado,CAPITÃO IGLO,Emb. 0.208 KG,"5,98€","28,75€ / KG",
Vinho Branco Adamado,FAISÃO,Garrafa 1 LT,"1,99€","1,99€ / LT",
Tablete de Chocolate de Leite 5x100g,ECO+,Emb. 0.5 KG,"2,79€","5,58€ / KG",
Conserva de Salsichas 8 Unid.,CÔTÉ TABLE,Lata 0.2 KG,"0,79€","3,95€ / KG",
Toalhitas Pele Sensível,MOTS D'ENFANTS,Emb. 63 UNID.,"1,29€","0,02€ / UNID.",
Chocolate Culinária Preto Biológico,,Emb. 0.2 KG,"2,99€","14,95€ / KG",
Tenaz Barbecue,BEAUX JOURS,Emb. 1 UNID.,"7,99€","7,99€ / UNID.",
Café Torrado Moído,PLANTATION,Emb. 0.25 KG,"1,69€","6,76€ / KG",
QUEIJO FRESCO ACUCARADO,DÉLISSE,Emb. 0.8 KG,"1,89€","2,36€ / KG",
CREPES DA BRETANHA COM CHOCOLATE PRETO,NOS RÉGIONS ONT DU TALENT,Emb. 0.1 KG,"1,49€","14,90€ / KG",
VELA NUMERO - 7,ARDENCE,Emb. 1 UNID.,"0,69€","0,69€ / UNID.",
SABONETE SOLIDO F. TIARE/ORQUIDEA,MANAVA,Emb. 0.1 KG,"0,59€","5,90€ / KG",
Água sem Gás,FASTIO,Garrafa 6 LT,"1,88€","0,31€ / LT",
Desodorizante Roll-On Shower Fresh,REXONA,Emb. 0.05 LT,"2,69€","53,80€ / LT",
Esparguete,ECO+,Emb. 0.5 KG,"0,65€","1,30€ / KG",
Iogurte Sólido Proteíco Coco Lindahls,NESTLÉ,Emb. 0.15 KG,"1,09€","7,27€ / KG",
Refrigerante S/ Gás Laranja,ECO+,Garrafa 2 LT,"0,79€","0,40€ / LT",
Ervilhas e Cenouras Extra Finas,NOTRE JARDIN,Emb. 0.8 KG,"2,09€","2,61€ / KG",
Profiteroles com Molho de Chocolate 4x90g,DÉLISSE,Emb. 0.36 KG,"2,69€","7,47€ / KG",
Tablete Chocolate Preto Culinária,,Emb. 0.1 KG,"0,85€","8,50€ / KG",
FOGUETES P/BOLO,,Emb. 10 UNID.,"1,55€","0,16€ / UNID.",
Snack P/ Cão Sticks C/ Aroma a Veado,PURINA,Emb. 0.09 KG,"1,98€","22,00€ / KG",
GEL EFEITO INVISIVEL C.CREATEUR 300ML,VITANOVE,Emb. 0.3 LT,"1,99€","6,63€ / LT",
"GEL DUCHE ""SEDUCAO"" 250ML CARRE HOMME",CARRÉ HOMME,,"0,97€",/ Unid.,
IOGURTE BATIDO MORANGO BIO,,,"1,75€",/ Unid.,
CUECA INCONTINENCIA XL,CHORYS,Emb. 10 UNID.,"7,99€","0,80€ / UNID.",
Sumo Ananás abc 6 Unid.,JAFADEN,Emb. 1.2 LT,"1,79€","1,49€ / LT",
DISCOS P/DESMAQUILHAR INELL 70U,INELL,Emb. 70 UNID.,"0,85€","0,01€ / UNID.",
Ice Tea Manga Ananás,NESTEA,Emb. 1.5 LT,"1,00€","0,67€ / LT",
Pantene Repara & Protege Champô,PANTENE PV,Emb. 0.25 LT,"3,98€","15,92€ / LT",
Amendoins Sal e Mel,MATUTANO,Emb. 0.15 KG,"2,28€","15,20€ / KG",
SNACK MAÇÃ AMENDOIM FRUUT 40G,,Emb. 0.04 KG,"0,98€","24,50€ / KG",
GLADE T&F RECARGA LAVANDER,BRISE,Emb. 0.01 LT,"2,09€","209,00€ / LT",
Pantene 3 Minute Miracle Repara & Protege,PANTENE PV,Emb. 0.2 LT,"5,48€","27,40€ / LT",
Bolachas com Pepitas de Chocolate,ECO+,Emb. 0.2 KG,"0,89€","4,45€ / KG",
Massa Macarronete Riscado,MILANEZA,Emb. 0.5 KG,"1,19€","2,38€ / KG",
A.O.C. Costieres de Nimes Rose,RIVES ET TERRASSES,Garrafa 0.75 LT,"3,89€","5,19€ / LT",
Penne Rigate,TRADIZIONI D'ITALIA,Emb. 0.5 KG,"1,79€","3,58€ / KG",
ALICATE UNIVERSAL 180MM,FOXTER,Emb. 1 UNID.,"4,99€","4,99€ / UNID.",
RIMMEL BL_  BATON LASTING FINISH KATE MOSS 008,,Emb. 1 UNID.,"8,98€","8,98€ / UNID.",
Feijão Verde Extra Finos Ultracongeladas,NOTRE JARDIN,Emb. 1 KG,"1,95€","1,95€ / KG",
Chá Ervas Noite Tranquila,LIPTON,Emb. 0.03 KG,"1,94€","64,67€ / KG",
Barras de Cereais Aveia e Chocolate sem Glúten 6Unid.,CHAQUE JOUR SANS GLUTEN,Emb. 0.138 KG,"2,19€","15,87€ / KG",
Pacotinho de Frutas Maçã Cenoura e Manga S/ Glúten +6 meses,NESTLÉ BEBÉ,Emb. 0.09 KG,"1,04€","11,56€ / KG",
CANETA FELTRO PONTA FINA VARIAS CORES 12UN,ESQUISSE,Emb. 12 UNID.,"1,99€","0,17€ / UNID.",
Esparguete Clássica,NACIONAL,Emb. 0.5 KG,"0,78€","1,56€ / KG",
Lixívia em Gel Pink,DOMESTOS,Emb. 0.75 LT,"1,79€","2,39€ / LT",
Desumidificador + Recarga,FOXTER,Emb. 1 UNID.,"7,98€","7,98€ / UNID.",
Bebida de Soja 0%,SHOYCE,Emb. 1 LT,"1,48€","1,48€ / LT",
Cápsulas Delta Q Café Qharisma 10 Unidades,DELTA Q,Emb. 10 UNID.,"2,99€","0,30€ / UNID.",
Gelado Fizz Limão 6 Unid.,OLÁ,Emb. 0.36 LT,"2,99€","8,31€ / LT",
Chá Exotic Passion,LIPTON,Emb. 20 SAQS,"1,94€","0,10€ / SAQS",
Preparado Sopa de Cebola Económica,KNORR,Emb. 0.05 KG,"1,09€","21,80€ / KG",
Toalhitas Sensitive Cuidado Máximo 486 unid.,DODOT,Emb. 9 UNID.,"11,59€","1,29€ / UNID.",
Creme Depilatório Pele Sensível,SILISS,Emb. 0.2 LT,"2,75€","13,75€ / LT",
Alimento Completo Cereais P/ Canários,TOUS MES AMIS,Emb. 1 KG,"2,99€","2,99€ / KG",
Tomate com Rama,,1 Unid. = 0.2 KG (aprox.),"3,19€/kg","0,64€ / Unid.",
Maionese Heinz Vidro 480 Ml,HEINZ,Emb. 0.48 LT,"3,99€","8,31€ / LT",
Cápsulas Café Au Lait Galão,DOLCE GUSTO,Emb. 16 CAPS.,"5,98€","0,37€ / CAPS.",
Massa Concha,MILANEZA,Emb. 0.5 KG,"1,19€","2,38€ / KG",
COLORACAO VEGETAL CASTANHO ESCURO BIO,BIONAÏA,Emb. 1 UNID.,"6,99€","6,99€ / UNID.",
Escova de Dentes Média,COLGATE,Emb. 1 UNID.,"3,82€","3,82€ / UNID.",
SUMO NATURAL MULTIFRUTOS,JAFADEN,,"1,69€",/ Unid.,
Sultana Preta,MARQUE REPERE,Emb. 0.2 KG,"0,99€","4,95€ / KG",
Miolo de Camarão 80/100 Ultracongelado,PESCANOVA,Emb. 0.35 KG,"7,19€","20,54€ / KG",
Azeite virgem extra aroma manjericão,GALLO,Emb. 0.25 LT,"2,39€","9,56€ / LT",
Queijo Fresco Meio Gordo,CAMPAINHA,Emb. 0.2 KG,"1,78€","8,90€ / KG",
Salsichas de Toulouse com Lentilhas Verdes,NOS RÉGIONS ONT DU TALENT,Emb. 0.3,"2,39€","7,97€ /",
PATE CARNE DE VACA/CENOURA P/ GATO 410G,ECO+,Emb. 0.41 KG,"0,65€","1,59€ / KG",
Farofa de mandioca temperada,YOKI,Emb. 0.5 KG,"3,28€","6,56€ / KG",
Infusão Chá Verde Sabor Menta,FRESH TEA,Emb. 1 LT,"1,19€","1,19€ / LT",
BISCOITOS DE CACAU,P'TIT DÉLI,Emb. 0.4 KG,"1,55€","3,88€ / KG",
Nectar Laranja e Banana,JAFADEN,Emb. 2 LT,"1,99€","1,00€ / LT",
Detergente Loiça Manual Original Ultra,FAIRY,Emb. 1.41 LT,"4,19€","2,97€ / LT",
Queijo Fundido Palitos 4x140g,A VACA QUE RI,Emb. 0.14 KG,"1,89€","13,50€ / KG",
Lulas Limpas Inteiras,,Emb. 0.5 KG,"6,99€","13,98€ / KG",
Recarga Mopa Madeiras,SWIFFER,Emb. 18 UNID.,"3,98€","0,22€ / UNID.",
FAIRY LIMÃO 340ML,FAIRY,Emb. 0.34 LT,"1,28€","3,76€ / LT",
QJ MINI MOZZA 150G,LES CROISÉS,Emb. 0.15 KG,"1,77€","11,80€ / KG",
Couscous sem Glúten,CHAQUE JOUR,Emb. 0.375 KG,"2,99€","7,97€ / KG",
Dentífrico Anti-Tártaro +Blanqueador,COLGATE,Emb. 0.075 LT,"2,23€","29,73€ / LT",
Refrigerante S/ Gás Ananás,JAFADEN,Emb. 1.5 L,"0,99€","0,66€ / L",
Bandas Depilatórias Cera Fria,SILISS,Emb. 40 UNID.,"3,25€","0,08€ / UNID.",
Tablete de Chocolate Negro,NESTLÉ,Emb. 0.125 KG,"1,88€","15,04€ / KG",
Creme Hidratante Dupla Ação,CLEAN & CLEAR,Emb. 0.1 LT,"6,98€","69,80€ / LT",
Madalenas em Concha,P'TIT DÉLI,Emb. 0.5 KG,"2,09€","4,18€ / KG",
Água Pura Micelar Peles Secas e Sensíveis,CORINE DE FARME,Emb. 0.5 LT,"4,69€","9,38€ / LT",
Batatas Fritas York'eso,RUFFLES,Emb. 0.15 KG,"1,87€","12,47€ / KG",
PERA ROCHA 55/60,,Emb. 1.5 KG,"1,80€","1,20€ / KG",
Chouriço Extra,DAMATTA,Emb. 0.2 KG,"2,99€","14,95€ / KG",
ABRASIVO SANITARIO MENTA/EUCALIPTO ECO 750ML,UNÍ VERT,Emb. 0.75 LT,"0,97€","1,29€ / LT",
Conserva de Atum em Óleo Girassol,PÊCHE OCÉAN,Emb. 0.12 KG,"0,99€","8,25€ / KG",
Champô Color-Vive Cabelos Pintados,ELVIVE,Emb. 0.4 LT,"5,98€","14,95€ / LT",
Creme de Chocolate Preto 4x125g,DÉLISSE,Emb. 0.5 KG,"1,59€","3,18€ / KG",
"Cuvete de Alumínio 5x1,5L",ELEMBAL,Emb. 5 UNID.,"1,99€","0,40€ / UNID.",
PILHAS ALCALINAS LR6 TECH+,FOXTER,Emb. 4 UNID.,"1,99€","0,50€ / UNID.",
FILETE AFIAMBRADO MINI,CAMPO FINO,Emb. 0.35 KG,"1,85€","5,29€ / KG",
"SPRAY AMBIENTADOR ""FLORAL"" 300ML",BIEN AIR,Emb. 0.3 LT,"0,99€","3,30€ / LT",
PERSIL UNIVERSAL PÓ,PERSIL,Emb. 100 DOSES,"17,19€","0,17€ / DOSES",
Sobremesa Panna Cotta Caramelo 4x90g,DÉLISSE,Emb. 0.36 KG,"1,96€","5,44€ / KG",
Ice Tea Melância Hortelã,LIPTON,Emb. 2 LT,"2,49€","1,25€ / LT",
Refrigerante Lima-Limão C/ Gás,SPRITE,Emb. 1 LT,"0,98€","0,98€ / LT",
Champô Anti-Caspa Controlo de Oleosidade de Citrinos,LINIC,Emb. 0.36 LT,"4,94€","13,72€ / LT",
Molho Francesinha,GULOSO,Frasco 0.5 KG,"3,14€","6,28€ / KG",
Mandioca,,1 Unid. = 0.54 KG (aprox.),"4,59€/kg","2,48€ / Unid.",
Conserva de Atum Assado à Algarvia,RAMIREZ,Emb. 0.12 KG,"1,49€","12,42€ / KG",
Crackers sem Sal na Superfície,GRAN PAVESI,Emb. 0.56 KG,"3,77€","6,73€ / KG",
ESPANADOR MICROFIBRAS C/CABO EXTENSIVEL,SILLAGE,Emb. 1 UNID.,"3,43€","3,43€ / UNID.",
Café Cápsulas aQtivus Intensidade 8,DELTA,Emb. 10 CAPS.,"2,99€","0,30€ / CAPS.",
Pet Expert Espuma de Limpeza,VANISH,Emb. 1 UNID.,"5,84€","5,84€ / UNID.",
Vinho Tinto,COMP DO VINHO,Bag in Box 5 LT,"4,69€","0,94€ / LT",
Vinho Regional Alentejano Tinto,DOM MARTINHO,Garrafa 0.75 LT,"5,98€","7,97€ / LT",
Pensos Higiénicos Normal Sem Alas Fina e Segura,EVAX,Emb. 24 UNID.,"2,78€","0,12€ / UNID.",
DETERGENTE CAPSULAS 3 EM 1 FRESCURA P/ROUPA,EPSIL,,"4,89€",/ Unid.,
Gel de Banho Lúcia-Lima e Limão,VASELINE,Emb. 0.7 LT,"2,99€","4,27€ / LT",
Alimento Completo Periquito,VITAKRAFT,Emb. 1 KG,"3,98€","3,98€ / KG",
Escovas Extra Clean Médio,COLGATE,Emb. 2 UNID.,"2,18€","1,09€ / UNID.",
Cheetos Rolitos,CHEETOS,Emb. 0.1 KG,"1,54€","15,40€ / KG",
Alimento Seco P/ Cão S/ Cereais Frango,BEYOND,Emb. 7 KG,"35,98€","5,14€ / KG",
Champô Cabelo Anti-caspa Power,NIVEA MEN,Emb. 0.25 LT,"4,38€","17,52€ / LT",
Caramelos Werther's Original Storck SemAçúcar 90g,JERONIMO MARTINS,Emb. 0.09 KG,"2,73€","30,33€ / KG",
Champô Anti-Caspa Frescura Diária de Menta e Limão para Todos os Tipos de Cabelo,LINIC,Emb. 0.36 LT,"4,94€","13,72€ / LT",
Alimento P/ Cão Médio Controlo de Peso +10 Kg Peru C/ Arroz,PURINA,Emb. 2.5 KG,"13,98€","5,59€ / KG",
Intensificador Fragrância Comfort Explosão Floral,COMFORT,Emb. 0.76 UNID.,"5,99€","7,88€ / UNID.",
Alimento Seco para Gato Carne e Cereais,ECO+,Emb. 2 KG,"2,99€","1,50€ / KG",
Toucinho Fumado,DAMATTA,Emb. 0.2 KG,"9,99€/kg","2,00€ / Unid.",
Queijo Flamengo Barra,TERRA NOSTRA,1 Unid. = 0.2 KG (aprox.),"11,99€/kg","2,40€ / Unid.",
Gelatina Light de Melancia,ROYAL,Emb. 0.031 KG,"1,88€","60,65€ / KG",
Recarga Ambientador Smooth Satin & Moon Lilly,AIRWICK,Emb. 1 UNID.,"3,59€","3,59€ / UNID.",
Pão de Forma com Códea Especial Torradas,PANRICO,Emb. 0.75 KG,"1,59€","2,12€ / KG",
Conserva de Feijão Frade da Horta,COMPAL,Lata 0.42 KG,"0,99€","2,36€ / KG",
"Carregador Usb 2,4A",LINKSTER,Emb. 1 UNID.,"9,99€","9,99€ / UNID.",
Queijo Mozarella Light,GALBANI,Emb. 0.125 KG,"1,84€","14,72€ / KG",
Carapau Pequeno Negrão,,1 Unid. = 0.25 KG (aprox.),"1,99€/kg","0,50€ / Unid.",
Queijo Mozzarella,ECO+,Emb. 0.125 KG,"0,89€","7,12€ / KG",
REFEICAO NOODLES SABOR FRANGO,TABLES DU MONDE,Emb. 0.085 KG,"0,59€","6,94€ / KG",
MOPA + RECARGA MICROFIBRAS,SILLAGE,Emb. 1 UNID.,"6,49€","6,49€ / UNID.",
Água Perfumada para Engomar,COMFORT,Emb. 1 LT,"1,49€","1,49€ / LT",
Croissant Brioche,,1 UNID.,"0,59€","0,59€ / UNID.",
Leite Crescimento Júnior 1+,NESTLÉ,Emb. 1 LT,"2,18€","2,18€ / LT",
Iogurte Natural 4x125g,DÉLISSE,Emb. 0.5 KG,"0,69€","1,38€ / KG",
LAMPADA STICK 8W E14,FOXTER,Emb. 1 UNID.,"2,48€","2,48€ / UNID.",
ALIMENTO HUMIDO FRANGO/CENOURA P/ CAO 1240G,LYDOG,Emb. 1.4 KG,"1,99€","1,42€ / KG",
Ovos Solo L,SNR,Emb. 6 UNID.,"1,49€","0,25€ / UNID.",
Cápsulas Café House Blend Lungo P/ Nespresso Intensidade 8,STARBUCKS,Emb. 10 CAPS.,"4,48€","0,45€ / CAPS.",
AXE Gel de Bnaho Green Mojito 400ml,AXE,Emb. 0.4 LT,"3,29€","8,23€ / LT",
"SOBREM. SOJA BAUNILHA,,4x125G",ALPRO,Emb. 0.5 LT,"2,88€","5,76€ / LT",
Molho de Nata Carne,MIMOSA,Emb. 0.2 LT,"0,98€","4,90€ / LT",
Vinho Verde Branco,GAZELA,Garrafa 0.75 LT,"2,99€","3,99€ / LT",
Infusão Aromático Biológico,,Emb. 0.03 KG,"0,99€","33,00€ / KG",
BOLACHAS TOSTADAS GULLON 4X200GR,GULLÓN,Emb. 0.2 KG,"2,77€","13,85€ / KG",
Cápsulas Café Espresso Intenso Intensidade 7,DOLCE GUSTO,Emb. 30 CAPS.,"10,98€","0,37€ / CAPS.",
LACOS SECOS,P'TIT DÉLI,Emb. 0.18 KG,"1,49€","8,28€ / KG",
Safio Posta,,1 Unid. = 0.29 KG (aprox.),"13,99€/kg","4,06€ / Unid.",
FORMA DE QUEQUE Nº 04 - PACK 06 UNID.,ECO+,Emb. 1 UNID.,"2,49€","2,49€ / UNID.",
Broa de Milho,,1 Unid. = 1.7 KG (aprox.),"2,45€/kg","4,17€ / Unid.",
Néctar Clássico Manga,COMPAL,Emb. 1 LT,"1,68€","1,68€ / LT",
PAIO YORK FATIADO,CAMPO FINO,Emb. 0.15 KG,"1,59€","10,60€ / KG",
GUARDANAPOS AZUL FOLHA SIMPLES RENOVA,GUARDANAPOS RENOVA,Emb. 70 UNID.,"0,78€","0,01€ / UNID.",
PAPEL VEGETAL 15 MT,ELEMBAL,Emb. 15 MT,"1,55€","0,10€ / MT",
Cerveja sem Álcool Preta 6x33cl,SUPER BOCK,Emb. 1.98 LT,"4,49€","2,27€ / LT",
CERA LIQUIDA INCOLOR 75ML,LA VACHETTE,Emb. 0.075 LT,"1,78€","23,73€ / LT",
Champô,TRESEMMÉ,Emb. 0.4 LT,"4,19€","10,48€ / LT",
Dentífrico Pro Esmalte,SENSODYNE,Emb. 0.075 LT,"4,98€","66,40€ / LT",
Farinha sem Fermento Integral,NACIONAL,Emb. 1 KG,"1,19€","1,19€ / KG",
Bacalhau Graúdo Noruega Asa Branca,,1 Unid. = 2.5 KG (aprox.),"12,99€/kg","32,48€ / Unid.",
AVELA EM PO,TABLIER BLANC,Emb. 0.125 KG,"3,49€","27,92€ / KG",
BOLACHAS PETIT BEURRE C/ PEPITAS POCKET,P'TIT DÉLI,Emb. 0.3 KG,"2,49€","8,30€ / KG",
AURICULARES MAOS LIVRES PRETO,LINKSTER,Emb. 1 UNID.,"6,99€","6,99€ / UNID.",
Papa Infantil Leite e 8 Cereais e Mel,CERELAC,Emb. 0.4 KG,"1,84€","4,60€ / KG",
Pantene Liso & Sedoso Champô,PANTENE PV,Emb. 0.25 LT,"3,98€","15,92€ / LT",
Escova Esqueleto Grande,,Emb. 1 UNID.,"3,99€","3,99€ / UNID.",
Conserva de Tomate Triturado,TURINI,Lata 0.78 KG,"0,99€","1,27€ / KG",
Massa Bago,MILANEZA,Emb. 0.25 KG,"0,77€","3,08€ / KG",
Conserva de Tomate em Pedaços,TURINI,Emb. 0.39 KG,"0,69€","1,77€ / KG",
"BASE INFALLIBLE 300,,1P",L'ORÉAL PARIS,,"18,48€",/ Unid.,
Mistura de Legumes Ultracongelado c/ Saquetas Tempero,NOTRE JARDIN,Emb. 1 KG,"2,29€","2,29€ / KG",
SAUCE POIVRE VERT,RUSTICA,Emb. 0.03 KG,"0,45€","15,00€ / KG",
Bolo Floresta Negra,,Emb. 1 KG,"12,99€","12,99€ / KG",
GELADO CREME BRULEE,ESKISS,Emb. 1 LT,"2,94€","2,94€ / LT",
Mistura C/ Goji,MARQUE REPERE,Emb. 0.2 KG,"2,99€","14,95€ / KG",
Molho Bechamel Desidratado,RUSTICA,Emb. 0.06 KG,"0,69€","11,50€ / KG",
Snack P/ Cão Pequeno 7-12Kg,PURINA,Emb. 0.115 KG,"2,38€","20,70€ / KG",
Refrigerante S/ Gás Laranja,AQUARIUS,Garrafa 1.5 LT,"1,79€","1,19€ / LT",
Vodka Black,ERISTOFF,Garrafa 0.7 LT,"12,98€","18,54€ / LT",
Detergente Roupa Máquina Líquido A+ Essência Da Provença,A+,Emb. 100 DOSES,"11,99€","0,12€ / DOSES",
"SALSICHAO SECO ""PUR PORC"" MINI",ST AZAY,Emb. 0.075 KG,"1,39€","18,53€ / KG",
PATE PEIXE P/ GATO 100G ECO+,ECO+,Emb. 0.1 KG,"0,27€","2,70€ / KG",
Pão de Forma sem Codea,EPI D'OR,Emb. 0.45 KG,"1,59€","3,53€ / KG",
Papa Infantil,CERELAC,Emb. 0.5 KG,"2,88€","5,76€ / KG",
Doce de Quatro Frutos sem Açúcar,ST. DALFOUR,Frasco 0.284 KG,"3,48€","12,25€ / KG",
Cápsulas Delta Q Café Epic 10 unidades,DELTA Q,Emb. 0.055 KG,"3,39€","61,64€ / KG",
Queijo Flamengo Light Fatiado,AGROS,Emb. 0.17 KG,"2,18€","12,82€ / KG",
2 PILHAS RECARREGAVEIS R20 3000MAH,FOXTER,Emb. 2 UNID.,"6,99€","3,50€ / UNID.",
Bolachas Integrais de Goji,DIESE,Emb. 0.2 KG,"2,48€","12,40€ / KG",
Café Torrado Moído África e Ásia Intensidade 11,SICAL,Emb. 0.25 LT,"3,37€","13,48€ / LT",
Caldo Culinário 16 cubos,KNORR,Emb. 0.16 KG,"1,39€","8,69€ / KG",
Molho de Soja,BLUE DRAGON,Emb. 0.15 LT,"1,99€","13,27€ / LT",
Licor,SHERIDAN'S,Garrafa 0.5 LT,"17,99€","35,98€ / LT",
Bacalhau à Brás Ultracongelado,IGLO,Emb. 0.3 KG,"5,28€","17,60€ / KG",
Champô Cabelos Normais Fructis Anti Caspa,GARNIER,Emb. 0.25 LT,"3,98€","15,92€ / LT",
Massa Laços,MILANEZA,Emb. 0.5 KG,"1,67€","3,34€ / KG",
Champô para Cabelo Pintado,TRESEMMÉ,Emb. 0.4 LT,"4,19€","10,48€ / LT",
Sabonete Líquido para as Mãos de Coco,DOVE,Emb. 0.25 LT,"2,59€","10,36€ / LT",
VELA NUMERO FUN 8,ARDENCE,Emb. 1 UNID.,"0,99€","0,99€ / UNID.",
Ervilhas Extra Finas,NOTRE JARDIN,Emb. 0.4 KG,"1,29€","3,23€ / KG",
GELADO TRIUM LIMAO MERENGADO COB. CHOCO BRANCO 4UN,TRIUM,Emb. 4 UNID.,"2,29€","0,57€ / UNID.",
Coco Ralado,TABLIER BLANC,Emb. 0.2 KG,"1,29€","6,45€ / KG",
Cápsulas Café Espresso P/ Nespresso Intensidade 11,STARBUCKS,Emb. 10 CAPS.,"4,48€","0,45€ / CAPS.",
Pão de Forma sem Côdea 9 Cereais,PANRICO,Emb. 0.48 KG,"2,67€","5,56€ / KG",
Bloco Sanitário Poder Activo Lavanda,SONASOL,Emb. 0.05 KG,"1,94€","38,80€ / KG",
Cuecas Incontinência Discreet L,AUSONIA,Emb. 7 UNID.,"7,98€","1,14€ / UNID.",
Alimento Seco P/ Gato Salmão,PURINA ONE,Emb. 0.8 KG,"6,98€","8,73€ / KG",
QUEIJO RALADO FLAMENGO,CAMPAINHA,Emb. 0.15 KG,"1,58€","10,53€ / KG",
Conserva de Feijão Preto,COMPAL,Lata 0.845 KG,"1,59€","1,88€ / KG",
Queijo Bola Flamengo,LIMIANO,Emb. 0.6 KG (aprox.),"6,99€/kg","4,19€ / Unid.",
Muesli C/ Nozes,GRAINEA,Emb. 0.5 KG,"3,45€","6,90€ / KG",
ChuChu,,1 Unid. = 0.29 KG (aprox.),"2,59€/kg","0,75€ / Unid.",
Alheira da Caca de Trancoso,SNR,Emb. 0.2 KG,"1,89€","9,45€ / KG",
Whisky The Famous Grouse,FAMOUS GROUSE,Garrafa 0.7 LT,"16,98€","24,26€ / LT",
Costeletas do Cachaço Porco,,1 Unid. = 0.2 KG (aprox.),"3,49€/kg","0,70€ / Unid.",
Bebida de Arroz 0% 3x200ML,SHOYCE,Emb. 0.6 LT,"1,78€","2,97€ / LT",
DISTRIBUIDOR AGUA E CROQUETES,P'TIT AMI,Emb. 1 UNID.,"4,99€","4,99€ / UNID.",
Flor Duche Branco,SILLAGE,Emb. 1 UNID.,"1,89€","1,89€ / UNID.",
Bebida Gaseificada Aromatizada de Pêssego S/ Álcool,FESTALIE,Garrafa 0.75 LT,"2,79€","3,72€ / LT",
Sombrinhas Chocolate Leite,MAURI,Emb. 5 UNID.,"2,38€","0,48€ / UNID.",
GUARDANAPOS RED LABEL 1F RED,GUARDANAPOS RENOVA,Emb. 70 UNID.,"0,78€","0,01€ / UNID.",
QUALITA ROSSA CAFE MOIDO,LAVAZZA,Emb. 0.25 KG,"2,62€","10,48€ / KG",
Refrigerante C/ Gás Laranja Pack 6,FANTA,Emb. 1.98 LT,"4,13€","2,09€ / LT",
Gel de Banho Skin Defense Hidratante,DOVE MEN,Emb. 0.4 LT,"4,98€","12,45€ / LT",
PURE MACA/FRAMBOESA/ARANDO SEM ADICAO ACUCAR BISNAGA,DOUCEUR DU VERGER,Emb. 0.48 KG,"2,79€","5,81€ / KG",
Gel de Banho Naturals Leite e Mel,PALMOLIVE,Emb. 0.5 LT,"2,69€","5,38€ / LT",
Vinho Regional Dão Tinto Reserva 2013,QUINTA DE CABRIZ,Garrafa 0.75 LT,"8,49€","11,32€ / LT",
Nuggets de Frango 18 Unid.,CAPITÃO IGLO,Emb. 0.375 KG,"8,98€","23,95€ / KG",
VELA NUMERO FUN 9,ARDENCE,Emb. 1 UNID.,"0,90€","0,90€ / UNID.",
Iogurte Soja Framboesa 4 Unid.,NAT&VIE,Emb. 0.4 KG,"1,49€","3,73€ / KG",
Aerossol Air Brisa Marinha,AMBIPUR,Emb. 0.3 LT,"3,98€","13,27€ / LT",
FECULA DE MILHO,TABLIER BLANC,Emb. 0.4 KG,"1,29€","3,23€ / KG",
Creme Corporal Pele Seca Refirmante Q10,NIVEA BODY,Emb. 0.25 LT,"4,99€","19,96€ / LT",
RECARGA P/ ESCOVA DENTES CABECA RECARRREGAVEL,DENTAMYL,,"1,25€",/ Unid.,
CONDICIONADOR ALISANTE,VITANOVE,Emb. 0.2 LT,"1,19€","5,95€ / LT",
Bife Bourguignon com Batatas,CÔTÉ TABLE,Emb. 0.3 KG,"2,49€","8,30€ / KG",
"SPRAY AMBIENTADOR ""FRUTOS VERMELHOS"" 300ML",BIEN AIR,Emb. 0.3 LT,"0,99€","3,30€ / LT",
Rosegones Biscoitos de Amêndoa,P'TIT DÉLI,Emb. 0.25 KG,"1,69€","6,76€ / KG",
Alimento Seco P/ Cachorro + de 10 Kg Frango C/ Arroz,PURINA,Emb. 2.5 KG,"13,98€","5,59€ / KG",
Cereais de Aveia Integral,FITNESS,Emb. 0.625 KG,"4,19€","6,70€ / KG",
Snacks de Batata Sabor a Cebola,TOKAPI,Emb. 0.17 KG,"1,85€","10,88€ / KG",
AUSONIA ORG COTTON NOITE ABAS,AUSONIA,Emb. 90 UNID.,"2,54€","0,03€ / UNID.",
Lava Tudo Novo Brilho Camomila e Flor de Laranjeira,SONASOL,Emb. 1.3 LT,"2,09€","1,61€ / LT",
Pastilhas 2 em 1 Protege e Limpa,CALGON,Emb. 15 UNID.,"6,99€","0,47€ / UNID.",
PATE CAMPESTRE PORCO BRETON IGP,NOS RÉGIONS ONT DU TALENT,Emb. 0.2 KG,"1,99€","9,95€ / KG",
Bebida Energética Energy Drink 4x25cl,RED BULL,Emb. 1 LT,"5,38€","5,38€ / LT",
Esponja Ativa,,Emb. 1 UNID.,"0,99€","0,99€ / UNID.",
Pêra Rocha Cal. 65/70,,1 Unid. = 0.2 KG (aprox.),"2,59€/kg","0,52€ / Unid.",
"CARREGADOR ISQUEIRO 2,4A + CABO USB/USB C 1M BRANCO",LINKSTER,Emb. 1 UNID.,"5,79€","5,79€ / UNID.",
Vinho Alto das Serpas Tinto,ALTO DAS SERPAS,Emb. 5 LT,"7,38€","1,48€ / LT",
VASSOURA COCO ZEBRA,SILLAGE,Emb. 1 UNID.,"1,69€","1,69€ / UNID.",
Vinho Regional Alentejo Tinto,MONTE VELHO,Garrafa 0.75 LT,"3,69€","4,92€ / LT",
Vinho do Porto Branco,FERREIRA,Garrafa 0.75 LT,"4,98€","6,64€ / LT",
Café Lote Bocage Moagem Única,NICOLA,Emb. 0.25 KG,"3,23€","12,92€ / KG",
Whisky Cutty Sark,CUTTY SARK,Garrafa 0.7 LT,"11,49€","16,41€ / LT",
ARDOSIA+FELTRO+ESCOVA,ESQUISSE,Emb. 1 UNID.,"2,29€","2,29€ / UNID.",
Alimento Seco Cão Croquetes Carne,ECO+,Emb. 4 KG,"4,69€","1,17€ / KG",
CREPES FIAMBRE E QUEIJO 20UN,,Emb. 1 KG,"2,86€","2,86€ / KG",
Cereais Integrais e Mel,NESTUM,Emb. 0.25 KG,"2,17€","8,68€ / KG",
"BL1 LED ESFERA 3,2W-25W E14",FOXTER,Emb. 1 UNID.,"2,99€","2,99€ / UNID.",
Ice Tea Pêssego Zero Açúcar,LIPTON,Emb. 0.6 LT,"1,13€","1,88€ / LT",
TARTE MORANGO  NATA,P'TIT DÉLI,Emb. 0.3 KG,"2,99€","9,97€ / KG",
Favas Ultracongelados,IGLO,Emb. 0.7 KG,"3,98€","5,69€ / KG",
SNACK BATATA SALGADA S/ GLUTEN,CHAQUE JOUR SANS GLUTEN,Emb. 0.17 KG,"1,89€","11,12€ / KG",
Mortadela com Azeitonas,CHARCUTARIA,1 Unid. = 0.1 KG (aprox.),"4,99€/kg","0,50€ / Unid.",
Pargo Ruço Cal. 1/2,,1 Unid. = 1.5 KG (aprox.),"14,99€/kg","22,49€ / Unid.",
"PORCOES PESCADA ""COLIN ALASCA"" 10UN",ECO+,Emb. 1 KG,"8,99€","8,99€ / KG",
Recarga Ambientador Elétrica White Bouquet,AIR WICK,Emb. 0.019 LT,"3,59€","188,95€ / LT",
Duc de Borzac Armagna V.S.O.P,DUC DE BORZAC,Garrafa 0.7 LT,"14,99€","21,41€ / LT",
Detergente Manual em Pó,TIDE,Emb. 0.6 KG,"1,78€","2,97€ / KG",
Sacos Lixo para Casa de Banho 30x10L,ECO+,Emb. 30 UNID.,"0,69€","0,02€ / UNID.",
Tablete de Chocolate Preto Praline com Pepitas de Avelã,EQUADOR,Emb. 0.15 KG,"1,55€","10,33€ / KG",
Natas Líquidas Magra 3x20cl,DÉLISSE,Emb. 0.06 LT,"1,75€","29,17€ / LT",
Toalhitas Íntimas Suaves,CORINE DE FARME,Emb. 10 UNID.,"1,64€","0,16€ / UNID.",
Refrigerante C/Gás Cola 6 Unid.,JEAN'S,Lata 1.98 ML,"2,89€","1,46€ / ML",
Pincel de Maquilhagem em Pó de Bolso,,Emb. 1 UNID.,"3,99€","3,99€ / UNID.",
Refrigerante C/ Gás Lima Limão,ECO+,Garrafa 2 LT,"0,79€","0,40€ / LT",
Gel de Banho Purely Pampering,DOVE,Emb. 0.75 LT,"4,79€","6,39€ / LT",
Esferográficas de Cores sortidas,ESQUISSE,Emb. 10 UNID.,"1,29€","0,13€ / UNID.",
Gomas de Ursinhos com Vários Sabores,COPAÍNS COPINES,Emb. 0.3 KG,"1,39€","4,63€ / KG",
Gelado Mini,TRIUM,Emb. 8 UNID.,"2,30€","0,29€ / UNID.",
Batatas Fritas Ketchup,RUFFLES,Emb. 0.15 KG,"1,87€","12,47€ / KG",
Douradinhos Iglo Green Cuisine Vegan,IGLO,Emb. 0.284 KG,"5,33€","18,77€ / KG",
Conserva de Milho Doce,BONDUELLE,Lata 0.3 KG,"1,58€","5,27€ / KG",
Detergente em Pó p/ Máquina de Roupa,SURF,Emb. 92 DOSES,"12,49€","0,14€ / DOSES",
Creme de Mãos Derma Spa Intensive,DOVE,Emb. 0.075 LT,"5,98€","79,73€ / LT",
Pá Mão,BEAUX JOURS,Emb. 1 UNID.,"2,90€","2,90€ / UNID.",
Farinheira Porco Preto,SNR,Emb. 0.15,"1,67€","11,13€ /",
"Tisana Silhueta de Cavalinha, Erva Príncipe e Gengibre",LIPTON,Emb. 0.028 KG,"1,94€","69,29€ / KG",
Alimento Seco P/ Cão Adulto Rica em Borrego C/ Cevada Integral,BEYOND,Emb. 1.4 KG,"6,34€","4,53€ / KG",
Manteiga Fácil de Barrar,MIMOSA,Emb. 0.25 KG,"2,33€","9,32€ / KG",
Bacalhau Seleção Especial Noruega Asa Preta,,1 Unid. = 4 KG (aprox.),"14,29€/kg","57,16€ / Unid.",
Ice Tea de Pêssego Lata 6x25cl,LIPTON,Emb. 1.5 LT,"3,38€","2,25€ / LT",
DETERGENTE MANUAL LOICA ULTRA LIMAO 750ML,VISIOR,Emb. 0.75 LT,"1,01€","1,35€ / LT",
Tablete de Chocolate Daim,MILKA,Emb. 0.1 KG,"1,00€","10,00€ / KG",
GOMAS FIOS,COPAÍNS COPINES,Emb. 0.2 KG,"1,44€","7,20€ / KG",
"ASPIRADOR C/SACO 500W 3,5L",ELSAY,Emb. 1 UNID.,"59,90€","59,90€ / UNID.",
MARCADORES COLORIR LAVAVEL PONTA MEDIA 36UN,ESQUISSE,Emb. 36 UNID.,"3,31€","0,09€ / UNID.",
CONE NATA MORANGO 6UN,SMICY,Emb. 0.12 LT,"1,89€","15,75€ / LT",
Iogurte Grego Pêssego Maracujá 4x150g,DÉLISSE,Emb. 0.6 KG,"1,79€","2,98€ / KG",
Sumo 100% Maçã,JAFADEN,Emb. 1 LT,"1,79€","1,79€ / LT",
Elixir Total Care Zero,LISTERINE,Emb. 0.5 LT,"6,48€","12,96€ / LT",
QUEIJO FRESCO NATURAL VACA,QUEIJO NA TÁBUA,Emb. 0.08 KG,"0,55€","6,88€ / KG",
Suporte Universal Carro P/ Smartphone,LINKSTER,Emb. 1 UNID.,"5,99€","5,99€ / UNID.",
MOLHO FRANCESINHA,RUSTICA,Emb. 0.5 KG,"1,99€","3,98€ / KG",
Iogurte Líquido Baunilha Cookies,DANONE,Emb. 0.3 KG,"1,89€","6,30€ / KG",
RECARGA ESFREGONA ALGODAO,SILLAGE,Emb. 1 UNID.,"1,49€","1,49€ / UNID.",
Álcool Desnaturado,,Emb. 1 LT,"2,47€","2,47€ / LT",
Conserva de Feijão Frade Cozido,NOTRE JARDIN,Frasco 0.57 KG,"0,65€","1,14€ / KG",
Vinho Regional Península de Setúbal Branco,ADEGA DE PEGÕES,Garrafa 0.75 LT,"1,59€","2,12€ / LT",
ALIMENT BEBE: PURE CENOURAS BIO +4M 2X120G,BIO VILLAGE BEBE,Emb. 0.24 KG,"1,59€","6,63€ / KG",
Vinho Regional Alentejo Tinto,REGUENGOS,Garrafa 0.75 LT,"2,39€","3,19€ / LT",
Saqueta Multifrutos com Bolacha,HERO BABY,Emb. 0.1 KG,"0,88€","8,80€ / KG",
Palhinhas Cartão,HOMESIDE,Emb. 25 UNID.,"0,69€","0,03€ / UNID.",
Rolo de Cozinha 2 Folhas Multi,RENOVA,Emb. 4 ROLOS,"1,99€","0,50€ / ROLOS",
ERVILHAS CONGELADAS,ECO+,Emb. 1 KG,"1,89€","1,89€ / KG",
Cotonetes p/ Bebé,JOHNSON'S BABY,Emb. 200 UNID.,"2,98€","0,01€ / UNID.",
Néctar Clássico Pera Rocha,COMPAL,Emb. 1 LT,"0,99€","0,99€ / LT",
Atum Posta Azeite e Orégãos,BOM PETISCO,Emb. 0.12 KG,"1,56€","13,00€ / KG",
Truta Salmonada,,1 Unid. = 0.9 KG (aprox.),"4,49€/kg","4,04€ / Unid.",
Licor Creme Pastel Nata,35,Garrafa 0.7 LT,"11,99€","17,13€ / LT",
Pão de Forma Especial Fatiado Isento de Glúten,CHAQUE JOUR SANS GLUTEN,Emb. 0.3 KG,"2,69€","8,97€ / KG",
Pistachios Torrados a Seco C/ Sal,TOKAPI,Emb. 0.075 KG,"1,65€","22,00€ / KG",
Refrigerante S/ Gás Tropical Cenoura,JAFADEN,Garrafa 1.5 LT,"1,25€","0,83€ / LT",
Salame Fatiado,EL POZO,Emb. 0.8 KG,"1,94€","2,43€ / KG",
GLADE RECARGA SANDALWOOD & JASMINE 10ML,GLADE,,"2,09€",/ Unid.,
Conserva de Azeitona Verde em Rodelas,RUSTICA,Frasco 0.36 KG,"1,39€","3,86€ / KG",
Cillit Bang Tira Gorduras 500ML x12,CILLIT BANG,Emb. 0.5 LT,"2,24€","4,48€ / LT",
Recarga Máquina de Barbear Sensor Excel,GILLETTE,Emb. 5 UNID.,"10,48€","2,10€ / UNID.",
Couve Coração,,1 Unid. = 0.84 KG (aprox.),"0,89€/kg","0,75€ / Unid.",
Pães com Recheio a Chocolate,EPI D'OR,Emb. 1 P,"1,69€","1,69€ / P",
"SOBREMESA ""ZEBRA"" CHOCOLATE-LEITE",DÉLISSE,Emb. 0.4 KG,"1,79€","4,48€ / KG",
Sobremesa Creme de Caramelo 4x125g,DÉLISSE,Emb. 0.5 KG,"1,59€","3,18€ / KG",
Créme Dessert Praliné 4x125g,DÉLISSE,Emb. 0.5 KG,"1,59€","3,18€ / KG",
Puré Maçã S/ Adição de Açúcar,DOUCEUR DU VERGER,Emb. 1.6 KG,"3,89€","2,43€ / KG",
Barras de Peixe Panadas Pré-Fritas 15x30g Ultracongeladas,ECO+,Emb. 0.45 KG,"2,39€","5,31€ / KG",
FLOCOS SABAO MARSELHA ECO,UNÍ VERT,,"5,51€",/ Unid.,
Creme de Mãos Reparador Repair & Care,BIOTEN,Emb. 0.1 LT,"2,13€","21,30€ / LT",
Farinha de Mandioca,GLOBO,Emb. 0.5 KG,"1,79€","3,58€ / KG",
ROLO COZINHA COMPACTO MULTIUSOS ECO,UNÍ VERT,Emb. 2 UNID.,"1,64€","0,82€ / UNID.",
Alimento Seco P/ Cão Frango com Arroz <10kg,PURINA,Emb. 0.8 KG,"5,68€","7,10€ / KG",
Bolachas Plain Frutos Silvestres,BELVITA,Emb. 0.3 KG,"1,98€","6,60€ / KG",
Chouriço Porco Preto,SNR,Emb. 0.2 KG,"2,89€","14,45€ / KG",
Bebida de Amêndoa,ALPRO,Emb. 1 LT,"2,38€","2,38€ / LT",
Chá Verde,TETLEY,Emb. 10 SAQ.,"0,89€","0,09€ / SAQ.",
Cápsulas Café Cappuccino P/ Dolce Gusto,STARBUCKS,Emb. 12 CAPS.,"5,38€","0,45€ / CAPS.",
Bolachas Recheadas com Chocolate Biológicas,,Emb. 0.185 KG,"2,59€","14,00€ / KG",
Chipicao Croissant Multipack Creme de Cacau,CHIPICAO,Emb. 0.25 KG,"3,17€","12,68€ / KG",
BARRAS CEREAIS FROSTIES 6X25G,KELLOGG'S,Emb. 6 UNID.,"2,48€","0,41€ / UNID.",
Miolo Amêndoa Granulada,MARQUE REPERE,Emb. 0.15 KG,"2,49€","16,60€ / KG",
Bolachas Cookies com Pepitas Chocolate e Côco,P'TIT DÉLI,Emb. 0.2 KG,"1,39€","6,95€ / KG",
ALIMENT BEBE: LEGUMES MASSA E SALMAO BIO 18M,BIO VILLAGE BEBE,Emb. 0.26 KG,"2,58€","9,92€ / KG",
Iogurte Morango e Banana 0% Açúcar 4 Unid.,IOGOLINO,Emb. 0.4 KG,"2,97€","7,43€ / KG",
IOG.NAT.ACU.DELISSE CANA X16,DÉLISSE,Emb. 16 UNID.,"2,99€","0,19€ / UNID.",
Pão de Água,,1 Unid. = 0.1 KG,"1,99€","19,90€ / KG",
Detergente Loiça Manual Original Ultra,FAIRY,Emb. 1.5 LT,"5,64€","3,76€ / LT",
Bolachas Digestivas Aveia,TRIUNFO,Emb. 0.171 KG,"1,48€","8,66€ / KG",
Espinafre em Folhas,NOTRE JARDIN,Emb. 1 KG,"1,39€","1,39€ / KG",
Manteiga com Grãos de Sal Pasteurizada,PRÉSIDENT,Emb. 0.25 LT,"3,88€","15,52€ / LT",
"BL1 LED STANDARD 9,5W-60W E27",FOXTER,Emb. 1 UNID.,"3,69€","3,69€ / UNID.",
Batatas Fritas Doritos Pizza,DORITOS,Emb. 0.14 KG,"1,65€","11,79€ / KG",
Ambientador Recarga Spray Lavanda,GLADE,Emb. 2 UNID.,"7,18€","3,59€ / UNID.",
Amaciador Ultra Suave Óleo de Abacate,GARNIER,Emb. 0.2 LT,"3,58€","17,90€ / LT",
"MINAS P/LAPISEIRA HB 0,7MM 2UN",ESQUISSE,Emb. 2 UNID.,"0,99€","0,50€ / UNID.",
CUBO SABAO DE MARSELHA 300G,UNÍ VERT,,"2,09€",/ Unid.,
Pimenta P/ Bifes C/ Moinho,MARGÃO,Emb. 0.035 KG,"3,98€","113,71€ / KG",
OLEO BARBA LONGA 50ML,CARRÉ HOMME,,"2,99€",/ Unid.,
Bola de Berlim,,1 Unid. = 0.1 KG,"0,69€","6,90€ / KG",
Conserva de Feijão Encarnado Cozido,NOTRE JARDIN,Lata 0.85 KG,"0,99€","1,16€ / KG",
ICE TEA LIMÃO,LIPTON,Emb. 0.5 LT,"0,79€","1,58€ / LT",
Mini Cookies com Pepitas de Chocolate 0% Açúcar,ARTIACH,Emb. 0.12 KG,"2,07€","17,25€ / KG",
SNACKS BOLAS DE QUEIJO,TOKAPI,Emb. 0.05 KG,"0,59€","11,80€ / KG",
Champô Citrinos Extra Suave,MANAVA,Emb. 0.5 LT,"2,29€","4,58€ / LT",
Snacks Húmidos P/ Gatos De Casa Peru e Cereais Integrais,PURINA,Emb. 0.8 KG,"6,98€","8,73€ / KG",
Desodorizante Narta Men IceMax Roll On,GARNIER,Emb. 0.05 LT,"3,98€","79,60€ / LT",
Açúcar em Pó 100 saquetas,TÉVA,Emb. 0.5 KG,"1,89€","3,78€ / KG",
COLORACAO LOURO CINZENTO 7.1 S/AMONIACO,VITANOVE,Emb. 1 UNID.,"3,89€","3,89€ / UNID.",
Café Torrado Moído Portugal Universal,DELTA,Emb. 0.25 KG,"2,29€","9,16€ / KG",
Bebida Energética Absolutely Zero,MONSTER ENERGY,Emb. 0.5 LT,"1,20€","2,40€ / LT",
Patê de Atum 4x22g,PÊCHE OCÉAN,Emb. 0.088 KG,"1,09€","12,39€ / KG",
Sobremesa de Chocolate 6x70g,DÉLISSE,Emb. 0.42 KG,"0,99€","2,36€ / KG",
Conserva de Feijão Verde Muito Fino,NOTRE JARDIN,Lata 0.8 KG,"1,79€","2,24€ / KG",
PURE MACA/MANGA SEM ADICAO ACUCAR BISNAGA BIO,,Emb. 0.36 KG,"2,39€","6,64€ / KG",
ASPIRADOR S/SACO ECO+,ECO+,Emb. 1 UNID.,"49,90€","49,90€ / UNID.",
"DOSSIER A4 LOMBADA 4,5CM",ESQUISSE,Emb. 1 UNID.,"1,78€","1,78€ / UNID.",
Café Torrado em Grão,PLANTATION,Emb. 0.25 KG,"1,69€","6,76€ / KG",
Papa Infantil Não Láctea Multicereais,CERELAC,Emb. 0.25 KG,"1,79€","7,16€ / KG",
Alimento Húmido Gato Ave e Legumes,LYCAT,,"1,55€",/ Unid.,
Fósforos de Segurança 100 unid.,SILEX,Emb. 3 UNID.,"0,76€","0,25€ / UNID.",
Cereais Choco Krispies,KELLOGG'S,Emb. 0.375 KG,"2,29€","6,11€ / KG",
Loção Corporal Cocoa Radiance,VASELINE,Emb. 0.2 LT,"2,14€","10,70€ / LT",
Paio Extra Porco Preto,SNR,Emb. 0.3 KG,"5,99€","19,97€ / KG",
Café Solúvel,SICAL,Emb. 0.2 KG,"6,99€","34,95€ / KG",
Conserva Atum Albacore Natural 3x133g,PÊCHE OCÉAN,Emb. 0.399 KG,"3,39€","8,50€ / KG",
Pão de Forma com Códea Familiar,PANRICO,Emb. 0.75 KG,"1,59€","2,12€ / KG",
Ovas de Peixe Lapa Preto,RONDE DES MERS,Emb. 0.1 KG,"4,49€","44,90€ / KG",
Detergente Limpeza Spray Multiusos com Lixívia,CIF,Emb. 0.75 Lt,"2,49€","3,32€ / Lt",
Bebida Isotónica Citrus,POWERADE,Emb. 0.05 LT,"1,38€","27,60€ / LT",
Galettes de Arroz com Recheio de Chocolate e Avelã Biológicas,,Emb. 0.12 KG,"2,59€","21,58€ / KG",
Néctar Clássico Laranja,COMPAL,Emb. 1 LT,"0,99€","0,99€ / LT",
WC Brisa Marinha,NEO BLANC,Emb. 2 UNID.,"4,49€","2,25€ / UNID.",
Corda P/ Roupa Cinza 20Metros,SILLAGE,Emb. 1 UNID.,"1,19€","1,19€ / UNID.",
Pensos Higiénicos Normal,ECO+,Emb. 20 UNID.,"0,95€","0,05€ / UNID.",
Pantene Liso & Sedoso Laca 300ml,PANTENE PV,Spray 0.3 LT,"3,74€","12,47€ / LT",
Croissant Tipo Francês,,1 UNID.,"0,30€","0,30€ / UNID.",
ESPARREGADO DE ESPINAFRES,CÔTÉ TABLE,Emb. 0.35 KG,"1,49€","4,26€ / KG",
Batata Vermelha Assar,,Emb. 1 KG,"1,29€","1,29€ / KG",
Batatas Fritas Artesanais,POM'LISSE,Emb. 0.18 KG,"1,09€","6,06€ / KG",
Café Solúvel Cappuccino Intenso,NESCAFÉ,Emb. 0.125 KG,"3,18€","25,44€ / KG",
Fermento em Pó,ROYAL,Lata 0.226 KG,"3,23€","14,29€ / KG",
Champô Anti-Caspa Men Eficácia Activa,LINIC,Emb. 0.225 LT,"3,34€","14,84€ / LT",
Besugo Médio,,1 Unid. = 0.3 KG (aprox.),"9,99€/kg","3,00€ / Unid.",
Fiambre de Peito de Frango,CHARCUTARIA,1 Unid. = 0.12 KG (aprox.),"9,99€/kg","1,20€ / Unid.",
Maionese,RUSTICA,Frasco 0.47 KG,"1,79€","3,81€ / KG",
Verniz de Unhas 60 Segundos 210,RIMMEL,Emb. 1 UNID.,"5,58€","5,58€ / UNID.",
Vinho Regional Alentejo Tinto,REGUENGOS,Garrafa 0.75 LT,"4,99€","6,65€ / LT",
Ração para cão c/ Frango e Arroz,ULTIMA,Emb. 7.5 KG,"43,28€","5,77€ / KG",
MACA GALA 65/70 IGP ALCOBACA,,Emb. 1 KG,"1,99€","1,99€ / KG",
Cápsulas Cafe Lavazza Expresso Clássico,LAVAZZA,Emb. 0.165 KG,"8,09€","49,03€ / KG",
Cerveja C/ Álcool,FALSBOURG,Garrafa 1 LT,"0,99€","0,99€ / LT",
Spray Anti-Odor,SPLENDOR,Emb. 0.15 LT,"2,84€","18,93€ / LT",
Chupa Single,CHUPA CHUPS,Emb. 0.012 KG,"0,34€","28,33€ / KG",
PA P/TABULEIRO P/GATO 1UN,P'TIT AMI,Emb. 1 UNID.,"0,89€","0,89€ / UNID.",
Fruta 100% Maçã e Banana 4 Unid.,NESTLÉ,Emb. 0.4 KG,"2,19€","5,48€ / KG",
Mostarda,CALVÉ,Emb. 0.257 KG,"1,49€","5,80€ / KG",
VELA NUMERO FUN 1,ARDENCE,Emb. 1 UNID.,"0,99€","0,99€ / UNID.",
LENCOS FACIAIS 3F MENTOL,CARESSE,Emb. 80 UNID.,"1,29€","0,02€ / UNID.",
RODELAS DE PESCADA,ECO+,Emb. 0.8 KG,"5,83€","7,29€ / KG",
Bolachas Digestivas Aveia,VIEIRA,Emb. 0.258 KG,"2,09€","8,10€ / KG",
Gel de Banho Peony & Rose,DOVE,Emb. 0.75 LT,"4,19€","5,59€ / LT",
Amendoins Torrados com Sal,TOKAPI,Emb. 0.5 KG,"1,99€","3,98€ / KG",
Aditivo Máquina Loiça Sal,CALGON,Emb. 1 KG,"2,48€","2,48€ / KG",
Chicória e Café Solúvel,PLANTATION,Emb. 0.1 KG,"1,49€","14,90€ / KG",
Sabonete Líquido Aloe Vera,DETTOL,Emb. 0.25 LT,"2,64€","10,56€ / LT",
Iogurte Original Natural Açucarado 2x135G,DANONE,Emb. 0.27 LT,"1,68€","6,22€ / LT",
Bebida de Soja Fonte de Cálcio,NAT&VIE,Emb. 1 LT,"0,95€","0,95€ / LT",
MASSA COTOVELINHOS C/ BACON E QUEIJO 280G,CÔTÉ TABLE,Emb. 0.28 KG,"2,15€","7,68€ / KG",
Sumo Florida,SUNNY DELIGHT,Emb. 0.5 Lt,"0,89€","1,78€ / Lt",
CROQUETES CAO MEDIO A GRANDE SEM CEREAIS,PLENIMA,Emb. 2 KG,"6,09€","3,05€ / KG",
IOGURTE GREGO CARAMELO SALGADO,DÉLISSE,Emb. 0.6 KG,"1,89€","3,15€ / KG",
ARROZ DE PATO,CÔTÉ TABLE,Emb. 0.8 KG,"6,79€","8,49€ / KG",
Café Solúvel de Cereais e Fibra,BOLERO,Emb. 0.2 KG,"2,97€","14,85€ / KG",
SALAME C/PIMENTA,ST AZAY,Emb. 0.15 KG,"2,49€","16,60€ / KG",
Detergente Roupa Líquido Proteção Escuros,WOOLITE,Emb. 30 DOSES,"6,99€","0,23€ / DOSES",
COOKIES C/ MEGA PEPITAS DE CHOCOLATE E AVELAS,P'TIT DÉLI,Emb. 0.184 KG,"1,49€","8,10€ / KG",
CREME HIDRATANTE OLEO AMENDOA DOCE,INELL,Emb. 0.2 LT,"1,99€","9,95€ / LT",
Dentifrico Cuidado Extra Fresco,PARODONTAX,Emb. 0.075 LT,"5,58€","74,40€ / LT",
"SPRAY AMBIENTADOR ""CITRINOS"" ANTI-TABACO 300ML",BIEN AIR,Emb. 0.3 LT,"0,99€","3,30€ / LT",
CREME SOJA P/ CULINARIA BIO,,Emb. 0.25 KG,"1,49€","5,96€ / KG",
Papel Higiénico Triple Confort,SCOTTEX,Emb. 24 UNID.,"8,79€","0,37€ / UNID.",
TERRA SEMENTEIRA E ESTAQUIA BIO 20L,BEAUX JOURS,Emb. 20 LT,"2,69€","0,13€ / LT",
Medalhões Iglo Pescada Msc,IGLO,Emb. 1.1 KG,"17,31€","15,74€ / KG",
SPRAY FIXACAO EXTREMA,VITANOVE,Emb. 0.25 LT,"1,65€","6,60€ / LT",
Batata Branca P/ Assar,,Emb. 1 KG,"1,29€","1,29€ / KG",
Cerveja C/ Álcool 24 Unid.,MÍLLBRAU,Emb. 6 LT,"7,20€","1,20€ / LT",
Condicionador Cabelo Cor Revitalizante,TRESEMMÉ,Emb. 0.9 LT,"6,59€","7,32€ / LT",
Bagas de Goji,MARQUE REPERE,Emb. 0.125 KG,"2,99€","23,92€ / KG",
Sumo de Romã 100% Bio,,Emb. 1 LT,"3,49€","3,49€ / LT",
Alimento Húmido P/ Gato C/ Peixe e Molho Espinafres,GOURMET GOLD,Emb. 0.085 KG,"0,74€","8,71€ / KG",
Polpa de Tomate,ECO+,Frasco 0.5 KG,"1,09€","2,18€ / KG",
Champô Cabelo Ultra Suave Delicadeza de Aveia,GARNIER,Emb. 0.4 LT,"5,58€","13,95€ / LT",
Maçã Starking Cal. 70/75,,1 Unid. = 0.2 KG (aprox.),"1,69€/kg","0,34€ / Unid.",
Iogurte Grego Natural,YAOS,Emb. 1 KG,"3,99€","3,99€ / KG",
CHOCOLATE PRETO C/ CASCA DE LARANJA,TABLETTE D'OR,Emb. 0.2 KG,"1,79€","8,95€ / KG",
Pá 29Cm,BEAUX JOURS,Emb. 1 UNID.,"11,02€","11,02€ / UNID.",
Iogurte Líquido Proteíco Banana e Noz Lindahls,NESTLÉ,Emb. 0.33 LT,"1,89€","5,73€ / LT",
Afia Lápis de Maquilhagem Dupla,,Emb. 1 UNID.,"2,29€","2,29€ / UNID.",
Creme Fixativo para Próteses Dentárias,POLIDENT,Emb. 0.07 KG,"7,38€","105,43€ / KG",
Alimento Seco P/ Cão Adulto com Carne de Vaca e Peixe,FRISKIES,Emb. 3 KG,"11,68€","3,89€ / KG",
Champô Extra Suave,MANAVA,Emb. 0.5 LT,"1,99€","3,98€ / LT",
SUBLINHADOR AMARELO,ESQUISSE,Emb. 1 UNID.,"0,59€","0,59€ / UNID.",
Recarga Ambientador Freshmatic Oasis Turquesa,AIR WICK,Emb. 0.25 LT,"3,59€","14,36€ / LT",
Refrigerante C/ Gás Ananás,SPRINK'S,Garrafa 1.5 LT,"0,74€","0,49€ / LT",
Batatas Fritas 6x30g,POM'LISSE,Emb. 0.18 KG,"1,59€","8,83€ / KG",
"BEBIDA APERITIVA BIANCO 14,4º",GILDO,1 0,"3,19€",inf€ /,
Favas Ultracongeladas,,Emb. 0.4 KG,"1,09€","2,73€ / KG",
Achocolatado em Pó,CANDEREL,Emb. 0.25 KG,"3,74€","14,96€ / KG",
FEIJAO MANTEIGA SACO,NOTRE JARDIN,Emb. 0.5 KG,"1,19€","2,38€ / KG",
Recargas para Ambientador Cítrico,AIR WICK,Emb. 0.02 LT,"4,79€","239,50€ / LT",
Moscatel do Douro,DORRÃO,Garrafa 0.75 LT,"4,49€","5,99€ / LT",
Creme Limpeza Original,CIF,Emb. 0.5 LT,"1,89€","3,78€ / LT",
Tempero de Alho Louro & Pimentão 8 Cubos,KNORR,Emb. 0.072 KG,"1,49€","20,69€ / KG",
Vinho Regional Dão Tinto,QUINTA DOS CARVALHAIS,Garrafa 0.75 LT,"8,98€","11,97€ / LT",
Chicken Fingers Take Away,IGLO,Emb. 0.32 KG,"6,43€","20,09€ / KG",
MASSA FRESCA ESPARGUETES,TURINI,Emb. 0.35 KG,"1,19€","3,40€ / KG",
Néctar Clássico Tutti Frutti,COMPAL,Emb. 1 LT,"0,99€","0,99€ / LT",
Azeite Virgem,RUSTICA,Garrafão 3 LT,"13,99€","4,66€ / LT",
Alimento Húmido P/ Gato Carne Variada 3x400g,TOUS MES AMIS,Emb. 1 KG,"2,69€","2,69€ / KG",
Bolachas Wafer Chocolate,VIEIRA,Emb. 0.15 KG,"1,25€","8,33€ / KG",
PENSOS INCONTINENCIA MINI,CHORYS,Emb. 20 UNID.,"1,99€","0,10€ / UNID.",
Gelado de Morango,CARTE D'OR,Emb. 0.75 LT,"1,94€","2,59€ / LT",
Espinafres em Molhos Ultracongelados,,Emb. 0.6 KG,"1,79€","2,98€ / KG",
Banana Frita às Rodelas,MARQUE REPERE,Emb. 0.2 KG,"1,69€","8,45€ / KG",
Sobremesa de Soja Limão,NAT&VIE,Emb. 0.4 KG,"1,49€","3,73€ / KG",
Arroz Agulha,SALUDÃES,Emb. 1 KG,"1,18€","1,18€ / KG",
Massa de Pimentão,RUSTICA,Frasco 0.2 KG,"0,85€","4,25€ / KG",
PILHAS ALCALINAS LR14,ECO+,Emb. 8 UNID.,"4,99€","0,62€ / UNID.",
"Alimento Húmido P/ Cão Adulto em Molho de Vaca, Borrego",FRISKIES,Emb. 0.4 KG,"2,58€","6,45€ / KG",
Pantene Liso & Sedoso Champô 3 Em 1,,Emb. 0.3 LT,"4,98€","16,60€ / LT",
4 LAPIS GRAFITE HB C/BORRACHA,ESQUISSE,Emb. 4 UNID.,"0,99€","0,25€ / UNID.",
Resguardo 60x90 cm,LINDOR,Emb. 15 UNID.,"8,98€","0,60€ / UNID.",
Tablete Chocolate Branco,TABLETTE D'OR,Emb. 0.2 KG,"1,39€","6,95€ / KG",
Aguardente Aldeia Velha 70cl,,,"14,98€",/ Unid.,
SALSICHAO SECO ESPECIALIDADES,ST AZAY,Emb. 0.2 KG,"3,79€","18,95€ / KG",
LIMPA PÓ C/CABO,SILLAGE,Emb. 1 UNID.,"4,05€","4,05€ / UNID.",
Biscoitos Revestidos com Chocolate de Leite,P'TIT DÉLI,Emb. 0.15 KG,"0,79€","5,27€ / KG",
Milho C/ Sal,MARQUE REPERE,Emb. 0.2 KG,"1,19€","5,95€ / KG",
FEIJAO ENCARNADO 3X200G,NOTRE JARDIN,Emb. 0.6,"1,81€","3,02€ /",
Lombos Tamboril Congelado,,1 Unid. = 0.2 KG (aprox.),"11,99€/kg","2,40€ / Unid.",
QUEIJO FRESCO LIGHT,QUEIJO NA TÁBUA,Emb. 0.125 KG,"1,19€","9,52€ / KG",
Pequenas Baguetes sem Glúten 2x75g,CHAQUE JOUR,Emb. 0.15 KG,"1,99€","13,27€ / KG",
SALSA FOLHAS SAQUETA,RUSTICA,Emb. 0.01 KG,"0,59€","59,00€ / KG",
Recarga Ambientador Freshmatic Pure Oasis e Lavanda,AIRWICK,Emb. 3 UNID.,"10,64€","3,55€ / UNID.",
Bretzel,,1 Unid. = 0.09 KG,"0,99€","11,00€ / KG",
Vinho Branco do Tejo Arinto/Chardonnay,Quinta da Lagoalva,Emb. 0.75 LT,"8,99€","11,99€ / LT",
Natas Culinária 0% Lactose,PARMALAT,Emb. 0.2 LT,"1,31€","6,55€ / LT",
Chá de Cidreira,TETLEY,Emb. 10 UNID.,"0,86€","0,09€ / UNID.",
Café Torrado Moído Lote Masaka Uganda Intensidade 11,SICAL,Emb. 0.22 KG,"3,87€","17,59€ / KG",
COMPASSO 3PECAS,ESQUISSE,Emb. 1 UNID.,"1,99€","1,99€ / UNID.",
"BOLACHA PEQUENO ALMOCO CHOC, CEREAIS E AVELA BIO",,Emb. 0.2 KG,"1,79€","8,95€ / KG",
DENTAMYL PLANTAS,DENTAMYL,Emb. 0.075 LT,"0,80€","10,67€ / LT",
Ossos Prensados 8/10Cm Flúor,TOUS MES AMIS,Emb. 4 UNID.,"1,79€","0,45€ / UNID.",
Lenços de Bolso 18+6 Unid.,RENOVA,Emb. 24 UNID.,"2,97€","0,12€ / UNID.",
Preparado em Pó Cheesecake,ROYAL,Emb. 0.325 KG,"4,27€","13,14€ / KG",
Néctar Clássico Manga Magdalena 3x20 cl,COMPAL,Emb. 0.6 LT,"1,47€","2,45€ / LT",
AXE GEL DARK TEMTATION,AXE,Emb. 0.4 LT,"3,29€","8,23€ / LT",
Cuscus Clássica,NACIONAL,Emb. 0.25 KG,"0,72€","2,88€ / KG",
DOCE MORANGO 350G,CASA MATEUS,Emb. 0.35 KG,"2,69€","7,69€ / KG",
Conjunto de 4 Recargas Neutras Pastilha,FOXTER,Emb. 0.45 KG,"6,99€","15,53€ / KG",
Bacon em Pedaços 2x100g,ECO+,Emb. 0.2 KG,"1,49€","7,45€ / KG",
IOGURTE ACUCARADO C/ ACUCAR MASCAVADO,DÉLISSE,,"1,99€",/ Unid.,
QUEIJO MIMOLETTE 12MESES CURA,NOS RÉGIONS ONT DU TALENT,Emb. 0.2 KG,"2,89€","14,45€ / KG",
Bolos com Pepitas de Chocolate sem Glúten,CHAQUE JOUR SANS GLUTEN,Emb. 0.23 KG,"2,99€","13,00€ / KG",
POSTA PESCADA Nº3 PARA FRITAR,ECO+,Emb. 0.8 KG,"4,59€","5,74€ / KG",
Alimento P/ Cão Adulto Pequeno Carne de Vaca C/ Arroz,PURINA,Emb. 0.8 KG,"5,68€","7,10€ / KG",
Fraldas Incontinência Máxima G,LINDOR,Emb. 20 UNID.,"13,73€","0,69€ / UNID.",
Snack Chocolate Leite,LION,Emb. 3 UNID.,"2,17€","0,72€ / UNID.",
Bolachas Tosta Rica,CUÉTARA,Emb. 0.57 KG,"3,28€","5,75€ / KG",
Água com Gás 6x25 cl,PEDRAS SALGADAS,Emb. 1.5 LT,"2,73€","1,82€ / LT",
Harpic Liquído Eucalipto e Menta 750ml x12,HARPIC,Emb. 0.75 LT,"2,24€","2,99€ / LT",
Compota de Maçã 4x100g,,Emb. 0.4 KG,"0,99€","2,48€ / KG",
Grelos Mil Folhas Ultracongelados,BONDUELLE,Emb. 0.4 KG,"2,23€","5,58€ / KG",
QUEIJO BRILLAT SAVARIN,NOS RÉGIONS ONT DU TALENT,Emb. 0.2 KG,"3,29€","16,45€ / KG",
Bloco Sanitário Poder Activo Aqua,SONASOL,Emb. 0.05 KG,"1,94€","38,80€ / KG",
IOGURTE NATURAL MAGRO 0% DE MATERIA GORDA BIO,,Emb. 0.5 KG,"0,99€","1,98€ / KG",
Bolachas de Cereais Dinosauros,ARTIACH,Emb. 0.185 KG,"2,17€","11,73€ / KG",
Amaciador concentrado peónia azul e citrus,SURF,Emb. 90 DOSES,"3,49€","0,04€ / DOSES",
Bife do Lombo de Novilho,,1 Unid. = 0.25 KG (aprox.),"16,99€/kg","4,25€ / Unid.",
Ervilhas Ultracongeladas,NOTRE JARDIN,Emb. 1 KG,"1,59€","1,59€ / KG",
Desodorizante Spray Fresia/Orquídea,MANAVA,Emb. 0.2 LT,"1,49€","7,45€ / LT",
Queijo Flamengo Barra,NOVA AÇORES,1 Unid. = 0.15 KG (aprox.),"7,99€/kg","1,20€ / Unid.",
Domestos WC Power 5 Romantic Rose 3x55g,DOMESTOS,,"3,59€",/ Unid.,
DETERGENTE CAPSULAS 3 EM 1 FLORES P/ROUPA,EPSIL,,"5,73€",/ Unid.,
Chá Preto Descafeinado,TETLEY,Emb. 10 UNID.,"0,89€","0,09€ / UNID.",
Esparguete s/glúten,CHAQUE JOUR SANS GLUTEN,Emb. 0.4 KG,"1,89€","4,73€ / KG",
Detergente para a Máquina da Roupa Sensitive 3 em 1,SKIP,Emb. 1.134,"12,49€","11,01€ /",
Polpa de Tomate com Cebola e Alho,COMPAL,Frasco 0.5 LT,"1,47€","2,94€ / LT",
Iogurte Líquido Frutos Silvestres 4 Unid.,YOGGI,Emb. 0.64 KG,"2,09€","3,27€ / KG",
Cerveja com Álcool 6x20cl,CRISTAL,Emb. 1.2 LT,"2,29€","1,91€ / LT",
PENSOS HIGIENICOS U.FINOS NORMAL 16UN,DOULYS,Emb. 16 UNID.,"1,19€","0,07€ / UNID.",
ACAFRAO DAS INDIAS SAQUETA,RUSTICA,Emb. 0.05 KG,"0,69€","13,80€ / KG",
"FRIZE LIMA PEPIN GENGIB,,4x.25L",FRIZE,,"2,29€",/ Unid.,
Rolo de Cozinha Green XXL,RENOVA,Emb. 2 ROLOS,"1,64€","0,82€ / ROLOS",
TENTACULOS DE POTA,PÊCHE OCÉAN,Emb. 0.8 KG,"4,99€","6,24€ / KG",
BOUIL.POULE DESHY RUSTICA,RUSTICA,Emb. 0.12 KG,"0,69€","5,75€ / KG",
CAVACAS,,Emb. 0.09 KG,"2,89€","32,11€ / KG",
Preparado Creme Leve de Legumes,,Emb. 0.6 KG,"2,19€","3,65€ / KG",
Concentrado de Manga,SUNQUICK,Garrafa 0.58 LT,"4,78€","8,24€ / LT",
TESOURA 16CM,ESQUISSE,Emb. 1 UNID.,"1,79€","1,79€ / UNID.",
Queijo de Ovelha Barrado Cerrado do Vale,SANTIAGO,1 Unid. = 0.45 KG (aprox.),"17,99€/kg","8,10€ / Unid.",
Spray Anti Bolores,CIF,Emb. 0.435 LT,"2,49€","5,72€ / LT",
Azeite Subtil,GALLO,Emb. 0.75 LT,"3,99€","5,32€ / LT",
Champô Bebé Bons Sonhos,JOHNSON'S BABY,Emb. 0.5 LT,"5,58€","11,16€ / LT",
Conserva de Feijão Frade Cozido com pouco Sal,FERBAR,Emb. 0.42 KG,"0,95€","2,26€ / KG",
Fatias Finas Peito de Frango,NOBRE,Emb. 0.11 KG,"2,14€","19,45€ / KG",
TERRINA VACA/CENOURA P/ CAO 1230G,LYDOG,Emb. 1.23 KG,"2,55€","2,07€ / KG",
Café Cápsulas XL Qharacter Intensidade 9,DELTA Q,Emb. 40 CAPS.,"12,99€","0,32€ / CAPS.",
Papel Higiénico Branco,MARQUE REPERE,Emb. 12 UNID.,"5,09€","0,42€ / UNID.",
Chá Preto de Pêssego e Manga,LIPTON,Emb. 0.036 KG,"1,74€","48,33€ / KG",
Queijo Brie,PRÉSIDENT,1 Unid. = 0.25 KG (aprox.),"15,99€/kg","4,00€ / Unid.",
JULIANA DE LEGUMES BIO,,Emb. 0.6 KG,"1,79€","2,98€ / KG",
Gelado com Amêndoas,MAGNUM,Emb. 0.44 LT,"3,89€","8,84€ / LT",
Pimenta Branca Moída,RUSTICA,Emb. 0.05 KG,"1,08€","21,60€ / KG",
Anti Calcário Máquina Roupa Pó 2 em 1,CALGON,Emb. 20 DOSES,"6,99€","0,35€ / DOSES",
MULTICROQUETES CARNE P/GATO,ECO+,,"2,59€",/ Unid.,
Snack de Chocolate Mini,KIT KAT,Emb. 12 UNID.,"2,09€","0,17€ / UNID.",
Snack P/ Cão Pequeno,FRISKIES,Emb. 0.35 KG,"2,68€","7,66€ / KG",
Recarga Sabonete Líquido Hipo-Alergénio,MANAVA,Emb. 0.25 LT,"0,65€","2,60€ / LT",
Bolachas Cookies XL Pedaços de Choco,MILKA,Emb. 0.184 KG,"2,57€","13,97€ / KG",
Pá Lixo,SILLAGE,Emb. 1 UNID.,"1,02€","1,02€ / UNID.",
BORRACHA INFANTIL FUN 4UN,ESQUISSE,Emb. 4 UNID.,"0,89€","0,22€ / UNID.",
Interruptor 2P+Proteção,ECO+,Emb. 1 UNID.,"3,11€","3,11€ / UNID.",
Bolachas Amanteigadas Cobertas com Tablete Chocolate Leite e Avelãs,P'TIT DÉLI,Emb. 0.15 KG,"1,29€","8,60€ / KG",
Desodorizante para Pele Sensível Roll-On,SANEX,Emb. 0.05 LT,"2,39€","47,80€ / LT",
"SOBREMESA ""ILE FLOTTANTE"" C/ MANGA E MARACUJA",DÉLISSE,Emb. 0.4 KG,"2,65€","6,63€ / KG",
Bifidus Líquido Kiwi 4x155g,DANONE,Emb. 0.62 KG,"1,99€","3,21€ / KG",
Chocolate Preto,ECO+,Emb. 0.5 KG,"2,80€","5,60€ / KG",
Óleo Alimentar,RUSTICA,Garrafa 1 LT,"2,89€","2,89€ / LT",
Conjunto de 3 X-Atos,ECO+,Emb. 3 UNID.,"1,49€","0,50€ / UNID.",
Tablete de Chocolate de Leite Bubbly Caramel,MILKA,Emb. 0.25 KG,"3,98€","15,92€ / KG",
PAO RALADO,TABLIER BLANC,Emb. 0.25 KG,"0,49€","1,96€ / KG",
Ice Tea de Manga Lata 6x25cl,LIPTON,Emb. 1.5 LT,"3,38€","2,25€ / LT",
Alimento Húmido Gato P/ Gold,GOURMET,Emb. 0.085 KG,"0,74€","8,71€ / KG",
Pantene Repara & Protege Ampolas Resgate,PANTENE PV,Emb. 3 UNID.,"4,63€","1,54€ / UNID.",
CHOCOLATE PRETO RECHEIO DE COCO,EQUADOR,Emb. 0.125 KG,"1,89€","15,12€ / KG",
Óleo Alimentar,RUSTICA,Garrafão 3 LT,"8,69€","2,90€ / LT",
DETERGENTE LIQUIDO CONCENTRADO PRIMAVERA 28D,EPSIL,,"3,14€",/ Unid.,
LENCOS FACIAIS 4F,CARESSE,Emb. 80 UNID.,"1,29€","0,02€ / UNID.",
MULTI USOS,CLAIR,Emb. 0.75 LT,"0,82€","1,09€ / LT",
Papa Infantil Leite e Cereais,CERELAC,Emb. 0.4 KG,"1,84€","4,60€ / KG",
Queijo Bola Flamengo,TERRA NOSTRA,Emb. 1.4 KG (aprox.),"9,49€/kg","13,29€ / Unid.",
Spray Tira Nodoas Desengordurante,KH-7,Emb. 0.75 LT,"4,88€","6,51€ / LT",
Dentão,,1 Unid. = 0.25 KG (aprox.),"6,49€/kg","1,62€ / Unid.",
"Pilhas Alcalinas LR03/AAA 1,5V",FOXTER,Emb. 4 UNID.,"1,69€","0,42€ / UNID.",
"CARREGADOR USB 2,4A + CABO USB/USB C 1,2M PRETO",LINKSTER,Emb. 1 UNID.,"8,99€","8,99€ / UNID.",
Bebida de Soja Baunilha 3x200ML,SHOYCE,Emb. 0.6 LT,"1,78€","2,97€ / LT",
Dentífrico Natural Extracts Frescura Máxima,COLGATE,Emb. 0.075 LT,"3,24€","43,20€ / LT",
Alimento P/ Cão Adulto De Salmão e Aveia,BEYOND,Emb. 1.4 KG,"6,34€","4,53€ / KG",
"Iogurte Bebé Banana, Laranja e Bolacha",NESTLÉ,Emb. 0.4 KG,"2,39€","5,98€ / KG",
Vinho Regional Península de Setúbal Tinto,DONA ERMELINDA,Garrafa 0.75 LT,"6,99€","9,32€ / LT",
Papel de Alumínio,VILEDA,Emb. 50 M,"9,88€","0,20€ / M",
Flan com Caramelo 4x125g,,Emb. 0.5 KG,"1,99€","3,98€ / KG",
Molho de Alho com Ervas,HEINZ,Emb. 0.22 LT,"2,28€","10,36€ / LT",
Desodorizante Roll On Invisible Black White 48H,REXONA,Emb. 0.05 LT,"2,39€","47,80€ / LT",
Azeite Virgem Extra Reserva,CONDESTÁVEL,Emb. 0.75 LT,"4,19€","5,59€ / LT",
Morango,,1 Unid. = 0.25 KG (aprox.),"1,49€/kg","0,37€ / Unid.",
Espumante Reserva Tinto Bruto,ALIANÇA,Garrafa 0.75 LT,"4,99€","6,65€ / LT",
Whisky Bourbon Jack Daniels,JACK DANIEL'S,Garrafa 0.7 LT,"22,98€","32,83€ / LT",
CHAMPO CABELOS GRISALHOS OU BRANCOS,NATEIS,Emb. 0.25 LT,"1,69€","6,76€ / LT",
CADERNO AGRA.CART.3COR.A4 PAUT 60P,ESQUISSE,Emb. 1 UNID.,"1,29€","1,29€ / UNID.",
DETERGENTE MAQ LOICA PASTILHAS TUDO EM 1,VISIOR,Emb. 30 UNID.,"2,09€","0,07€ / UNID.",
SPRAY LUSTRANTES PNEUS 1 L 1L TECH9,TECH9,Emb. 1 LT,"4,49€","4,49€ / LT",
Leite Condensado Magro,DÉLISSE,Emb. 0.37 KG,"1,29€","3,49€ / KG",
Vinho Tinto,MONTES ERMOS,Bag in Box 5 LT,"8,99€","1,80€ / LT",
Bolachas Ositos Sabor a Mel,ARTIACH,Emb. 4 UNID.,"2,08€","0,52€ / UNID.",
Desodorizante Dove Roll-On Invisible Dry Masc,DOVE,Emb. 0.05 LT,"2,69€","53,80€ / LT",
VASSOURINHA PARA PA LIXIO,,Emb. 1 UNID.,"0,89€","0,89€ / UNID.",
FEIJAO PRETO SACO MGUIA,NOTRE JARDIN,Emb. 0.5 KG,"0,99€","1,98€ / KG",
Yofu Natural c/ Amêndoa 500g,,Emb. 0.5 KG,"2,39€","4,78€ / KG",
Detergente para a Roupa 3 em 1 Active Fresh,SKIP,Emb. 1.134 KG,"12,49€","11,01€ / KG",
Chocolate de Leite 3x,KIT KAT,Emb. 0.125 KG,"1,49€","11,92€ / KG",
QUEIJO EMENTAL FATIADO ESPECIAL TOSTA MISTA,LES CROISÉS,Emb. 0.2 KG,"1,79€","8,95€ / KG",
Gelatina Sabor Melancia 2x85g,TABLIER BLANC,Emb. 0.17 KG,"0,89€","5,24€ / KG",
OIKOS CAFE 110G X4,OIKOS,Emb. 0.44 KG,"2,39€","5,43€ / KG",
Vinho Rosé Frutado,CORAÇÃO DA MINHA,Garrafa 0.75 LT,"1,38€","1,84€ / LT",
Arroz Agulha,CAÇAROLA,Emb. 1 KG,"1,14€","1,14€ / KG",
SACO CONGELACAO C/ZIP MEDIO,ELEMBAL,Emb. 20 UNID.,"1,29€","0,06€ / UNID.",
Bacon Fumado 2x100g,TRADILÈGE,Emb. 0.2 KG,"2,19€","10,95€ / KG",
"COOKIES DE CHOCOLATE BRANCO, PASSAS E MIRTILOS",P'TIT DÉLI,Emb. 0.2 KG,"1,69€","8,45€ / KG",
Empadas de Galinha,,Emb. 6 UNID.,"1,99€","0,33€ / UNID.",
Tarte de Amêndoa,,1 Unid. = 0.465 KG  (aprox.),"8,99€","19,33€ / KG",
DOCE TOMATE 345G,CASA MATEUS,Emb. 0.345 KG,"2,24€","6,49€ / KG",
Champô para Cabelo Pintado e Proteção de Cor,GLISS,Emb. 0.25 LT,"2,24€","8,96€ / LT",
Detergente Máquina Loiça Tudo Em Um Limão,FAIRY,Emb. 28 CAPS.,"5,74€","0,21€ / CAPS.",
Pacotinho de Frutas Maçã Banana e Morango S/ Glúten +8 meses,NESTLÉ BEBÉ,Emb. 0.09 KG,"1,04€","11,56€ / KG",
Cerveja com Álcool 24x33cl,SUPER BOCK,Emb. 7.92 LT,"15,79€","1,99€ / LT",
Sobremesa Creme de Baunilha Biológico 4x95 g,,Emb. 0.38 KG,"1,79€","4,71€ / KG",
Gin London Dry,TANQUERAY,Garrafa 0.7 LT,"18,48€","26,40€ / LT",
"BL1 LED FILA ESFERA R 2,1W-25W E27",FOXTER,Emb. 1 UNID.,"3,10€","3,10€ / UNID.",
Salsichão com Alho Fumado,,Emb. 0.4 KG,"1,99€","4,98€ / KG",
Café molido crema e gusto,LAVAZZA,Emb. 0.25 KG,"2,39€","9,56€ / KG",
BATATA FRITA DOCE,POM'LISSE,,"2,17€",/ Unid.,
Pantene 3 Minute Miracle Liso & Sedoso,PANTENE PV,Emb. 0.2 LT,"5,48€","27,40€ / LT",
Piaçaba Escovado Branco,SILLAGE,Emb. 1 UNID.,"5,49€","5,49€ / UNID.",
Chipicao Multipack 4x57 g,CHIPICAO,Emb. 0.228 KG,"2,97€","13,03€ / KG",
Batatas Fritas Lisas Camponesas,POM'LISSE,Emb. 0.2 KG,"1,29€","6,45€ / KG",
Conserva de Ervilhas com Cenoura Cozidas,,Lata 0.53 KG,"1,59€","3,00€ / KG",
BACON FUMADO NACOS,ECO+,Emb. 0.2 KG,"2,19€","10,95€ / KG",
Salada de Atum à Catalane,COTE SNACK,Lata 0.25 KG,"1,89€","7,56€ / KG",
Champanhe Bruto,POL CARSON,Garrafa 0.375 LT,"9,49€","25,31€ / LT",
Vinho Rosé,COMP DO VINHO,Garrafa 0.75 LT,"2,29€","3,05€ / LT",
Fita Adesiva De Pintor 50Metrosx50Mm,FOXTER,Emb. 1 UNID.,"3,49€","3,49€ / UNID.",
Ambientador Automático Recarga Berry Pack 3,GLADE,Emb. 0.269 LT,"11,68€","43,42€ / LT",
Conserva Lentilhas com Salsichas,CÔTÉ TABLE,Emb. 0.84 KG,"2,65€","3,15€ / KG",
QUEIJO FRESCO NATURAL VACA,QUEIJO NA TÁBUA,Emb. 0.2 KG,"1,19€","5,95€ / KG",
RECARGAS ESCOVA ELETRICA DUPLA ACAO COMPATIVEL ORAL-B® *VER COMPATIBILIDADE,DENTAMYL,Emb. 2 UNID.,"6,99€","3,50€ / UNID.",
Papa Infantil Aveia Maçã e Cenoura,CERELAC,Emb. 0.24 KG,"2,49€","10,38€ / KG",
Vinho Regional Alentejano Tinto,PORTA DA RAVESSA,Garrafa 0.75 LT,"2,99€","3,99€ / LT",
Barra Cereais Chocolate Preto,GRAINEA,Emb. 0.126 KG,"1,25€","9,92€ / KG",
Caldo para Arroz 24 Cubos,KNORR,Emb. 0.24 KG,"2,39€","9,96€ / KG",
CANELONES DE CARNE VACA C/ MOLHO DE TOMATE À NAPOLITANA,CÔTÉ TABLE,Emb. 0.8 KG,"3,49€","4,36€ / KG",
Miolo de Caju C/ Piripiri,MARQUE REPERE,Emb. 0.25 KG,"4,29€","17,16€ / KG",
REFRIGERANTE S/GAS LARANJA,JAFUN,,"3,49€",/ Unid.,
COPOS BIODEGRADAVEIS 25CL 12UN,HOMESIDE,Emb. 12 UNID.,"2,50€","0,21€ / UNID.",
Tablete de Chocolate de Leite,NESTLÉ,Emb. 0.09 KG,"1,09€","12,11€ / KG",
DETERGENTE MANUAL LOICA LIMAO HIPOALERG.ECOLOGICO 750ML,UNÍ VERT,Emb. 0.75 LT,"1,89€","2,52€ / LT",
Vinho Branco Meio Seco,LEZÍRIA,Garrafa 0.75 LT,"1,58€","2,11€ / LT",
Arroz Agulha,,Emb. 1 KG,"0,99€","0,99€ / KG",
Biscoitos Crocantes para Cão,LYDOG,Emb. 0.5 KG,"1,65€","3,30€ / KG",
Refeição Legumes Com Vitela,BLÉDINA,Frasco 0.2 KG,"1,89€","9,45€ / KG",
Detergente Manual Loiça Ultra,FAIRY,Emb. 0.48 LT,"2,14€","4,46€ / LT",
Ice Tea Pêssego,FRESH TEA,Garrafa 1.5 LT,"1,29€","0,86€ / LT",
Cappuccino de Chocolate 8 Caps.,PLANTATION,Emb. 0.144 KG,"1,79€","12,43€ / KG",
Miolo de Noz Pecan,MARQUE REPERE,Emb. 0.2 KG,"5,49€","27,45€ / KG",
Fiambre da Perna,CAMPO FINO,1 Unid. = 0.12 KG (aprox.),"4,79€/kg","0,57€ / Unid.",
Cacetinho,,1 Unid. = 0.055 KG,"0,19€","3,45€ / KG",
TOSTAS CROCANTES COM CENTEIO,EPI D'OR,Emb. 0.25 KG,"1,09€","4,36€ / KG",
Conjunto de 4 Recargas Desumidificador Neutras,FOXTER,Emb. 1 KG,"9,89€","9,89€ / KG",
Ice Tea Pêssego Zero,FRESH TEA,Garrafa 1.5 LT,"1,08€","0,72€ / LT",
Iced Tea Limão,ECO+,Emb. 1.5 LT,"0,84€","0,56€ / LT",
TABULEIRO P/AREIA + PA P/GATO,ECO+,Emb. 1 UNID.,"3,99€","3,99€ / UNID.",
LAPIS DE COR 18UN,ESQUISSE,Emb. 18 UNID.,"1,79€","0,10€ / UNID.",
Alimento Seco Cão Croquetes Ricos em Carnes,ECO+,Emb. 10 KG,"8,69€","0,87€ / KG",
PEDACOS BOVINO/FRANGO/LEGUMES P/ GATO 415G ECO+,ECO+,Emb. 0.415 KG,"0,59€","1,42€ / KG",
Bolacha Diet Nature Recheio Chocolate,GULLÓN,Emb. 0.25 KG,"2,18€","8,72€ / KG",
Queijo de Cabra Curado,QUINTA DO OLIVAL,1 Unid. = 1 KG,"14,99€/kg","14,99€ / Unid.",
Polpa de Tomate Biológica,,Emb. 0.5 KG,"0,99€","1,98€ / KG",
Barras de Cereais de Chocolate 6 Unid.,FITNESS,Emb. 0.141 KG,"2,33€","16,52€ / KG",
Óleo para Todos Tipos de Cabelo,ULTRA SUAVE,Emb. 0.15 LT,"8,98€","59,87€ / LT",
Bolachas Cobertas com Tablete de Chocolate Preto Biológicas,,Emb. 0.15 KG,"1,99€","13,27€ / KG",
Cápsulas Café Latte Macchiato,DOLCE GUSTO,Emb. 16 CAPS.,"5,98€","0,37€ / CAPS.",
Detergente Máquina Loiça Pastilhas All in 1 27 pastilhas,FINISH,Emb. 0.457 KG,"5,99€","13,11€ / KG",
Feijão Frade Seco,NOTRE JARDIN,Emb. 0.5 KG,"1,09€","2,18€ / KG",
Desodorizante Roll-On Coco e Aloe Vera,BIONAÏA,Emb. 0.05 LT,"0,99€","19,80€ / LT",
"OIKOS STRACCIATELLA 110G ,,440G",OIKOS,Emb. 0.44 KG,"2,39€","5,43€ / KG",
Anti-Mosquitos Elétrico Líquido 30 Noites,RAID,Emb. 0.021 LT,"6,28€","299,05€ / LT",
Spray Limpeza Ecrãs + Pano,LINKSTER,Emb. 0.03 LT,"2,49€","83,00€ / LT",
Iogurte Líquido Natural 6x100g,DANACOL,Emb. 0.6 KG,"2,99€","4,98€ / KG",
BANHA DE PORCO,CAMPO FINO,Emb. 0.22 KG,"0,89€","4,05€ / KG",
Tampões com Aplicador Compak Regular,TAMPAX,Emb. 22 UNID.,"3,98€","0,18€ / UNID.",
PEPITAS DE CHOCOLATE DE LEITE,TABLIER BLANC,Emb. 0.1 KG,"1,99€","19,90€ / KG",
Recarga Limpa Vidros,AJAX,Emb. 0.5 LT,"2,68€","5,36€ / LT",
Óleo Intense 6-10 Louro Escuro,SYOSS,,"6,24€",/ Unid.,
Espuma Barbear Revitalizante,CARRÉ HOMME,Emb. 0.2 LT,"1,35€","6,75€ / LT",
CONE CARAMELO/BAUNILHA/ MANTEIGA SALG 6UN,TRIUM,Emb. 6 UNID.,"2,49€","0,42€ / UNID.",
Néctar Clássico Pêssego,COMPAL,Emb. 1 LT,"0,99€","0,99€ / LT",
Iogurte Líquido Morango Banana 4x155g,DANONE,Emb. 0.62 KG,"1,69€","2,73€ / KG",
CADEADO C/CHAVE VIAGEM 2UN,RIVERSIDE,Emb. 2 UNID.,"6,38€","3,19€ / UNID.",
BEBIDA SOJA CHOC LIGHT 3x250ML,ALPRO,Emb. 0.75 LT,"2,19€","2,92€ / LT",
Pataniscas 6 Unid.,SNR,Emb. 0.325 KG,"2,99€","9,20€ / KG",
TAPETE RETANGULAR 70CM,P'TIT AMI,Emb. 1 UNID.,"8,49€","8,49€ / UNID.",
Fraldas Bebé T3 ACTIV+ 4/9 Kg,MOTS D'ENFANTS,Emb. 47 UNID.,"7,29€","0,16€ / UNID.",
LENCOS FACIAIS 3F,CARESSE,Emb. 150 UNID.,"1,49€","0,01€ / UNID.",
Margarina 1/2 Sal rica em Ómega 3,NAT&VIE,Emb. 0.5 KG,"2,19€","4,38€ / KG",
CAPA PLASTICA C/ELASTICO LOMBADA,ESQUISSE,Emb. 1 UNID.,"1,99€","1,99€ / UNID.",
Caldo Carne 16 Cubos,MAGGI,Emb. 0.16 KG,"2,09€","13,06€ / KG",
Queijo Fatiado -50% Gordura 2X200 g,LIMIANO,Emb. 0.4 KG,"4,48€","11,20€ / KG",
Moscatel de Setúbal,BACALHÔA,Garrafa 0.75 LT,"5,98€","7,97€ / LT",
Chourição Gran Doblon Picante,CAMPOFRIO,1 Unid. = 0.1 KG (aprox.),"14,98€/kg","1,50€ / Unid.",
Máscara Hidrata Leite de Coco,HERBAL ESSENCES,Emb. 0.25 LT,"3,99€","15,96€ / LT",
"VELA AROMATICA ""BAUNILHA/CARAMELO"" 30H",BIEN AIR,Emb. 1 UNID.,"1,99€","1,99€ / UNID.",
Pastilhas de Limpeza para Próteses Dentárias,,Emb. 30 UNID.,"3,98€","0,13€ / UNID.",
Petinga,,1 Unid. = 0.1 KG (aprox.),"2,99€/kg","0,30€ / Unid.",
Achocolatado em Pó,ECO+,Emb. 0.4 KG,"1,39€","3,48€ / KG",
Xarope de Groselha,FRUCCI,Garrafa 1 LT,"2,49€","2,49€ / LT",
Esparregado,IGLO,Emb. 0.75 KG,"3,99€","5,32€ / KG",
Verniz de Unhas 60 Segundos 430,RIMMEL,Emb. 1 UNID.,"5,58€","5,58€ / UNID.",
Chouriço Mouro da Beira Baixa,SNR,Emb. 0.2 KG,"1,99€","9,95€ / KG",
MASSA ESPIRAIS,CAÇAROLA,Emb. 0.5 KG,"1,09€","2,18€ / KG",
Queijo Apimentado de Lamego,PAIVA,1 Unid. = 1.2 KG (aprox.),"7,80€/kg","9,36€ / Unid.",
ALIMENTO HUMIDO ALMONDEGAS AVE P/ GATO,ECO+,Emb. 0.82 KG,"1,18€","1,44€ / KG",
Rabanete sem Rama,,1 Unid. = 0.125 KG  (aprox.),"1,59€/kg","0,20€ / Unid.",
Rebuçado Refrescante sem Açúcar,HALLS,Emb. 0.134 KG,"2,78€","20,75€ / KG",
FEIJAO BRANCO 3X200G,NOTRE JARDIN,Emb. 0.6 KG,"1,74€","2,90€ / KG",
Máquinas de Barbear Descartáveis Blue 3 Smooth,GILLETTE,Emb. 5 UNID.,"5,28€","1,06€ / UNID.",
ARROZ DOCE SABOR SPECULOS,DÉLISSE,Emb. 4 UNID.,"1,69€","0,42€ / UNID.",
QUALITA ORO CAFE GRÃO,LAVAZZA,Emb. 0.5 KG,"6,89€","13,78€ / KG",
COPOS CARTAO 35CL,HOMESIDE,Emb. 10 UNID.,"0,89€","0,09€ / UNID.",
FORMAS DE ALUMINIO 2 L 5UN,ELEMBAL,Emb. 5 UNID.,"3,99€","0,80€ / UNID.",
Johnson\'s Baby Condicionador Penteia Fácil,JOHNSON'S BABY,Emb. 0.5 LT,"5,58€","11,16€ / LT",
DETERGENTE LÍQUIDO BABY,SKIP,Emb. 1.1 LT,"4,99€","4,54€ / LT",
Dentrífico Frescura Extrema Doseador,DENTAMYL,Emb. 0.1 LT,"1,99€","19,90€ / LT",
Caldo para Arroz,KNORR,Emb. 8 CUBOS,"1,39€","0,17€ / CUBOS",
Sal Refinado Mesa,VATEL,Emb. 0.25 KG,"0,47€","1,88€ / KG",
Óleo Girassol,RUSTICA,Garrafa 1 LT,"2,49€","2,49€ / LT",
LANTERNA UNIVERSAL GM,FOXTER,Emb. 1 UNID.,"6,99€","6,99€ / UNID.",
Tablete Chocolate 40% Cacau Biológica,,Emb. 0.1 KG,"1,49€","14,90€ / KG",
Tarte Gelada Chocolate,VIENNETTA,Emb. 0.65 LT,"3,98€","6,12€ / LT",
Queijo Flamengo Fatias Redondas,PAIVA,,"1,98€",/ Unid.,
Tronco de Natal,,1 Unid. = 1 KG (aprox.),"9,98€/kg","9,98€ / Unid.",
Leite Condensado Cozinha,NESTLÉ,Emb. 0.397 KG,"1,54€","3,88€ / KG",
Esparguete Carbonara,CÔTÉ TABLE,Emb. 0.33 KG,"2,85€","8,64€ / KG",
PERSIL COLOR GEL 100D,PERSIL,Emb. 5.116 KG,"17,24€","3,37€ / KG",
Mini Pizza 3 Queijos Ultracongelada 9 Unid.,PICCOLINIS,Emb. 0.27 KG,"3,98€","14,74€ / KG",
"FRIZE RODELA LIMAO,,4x.25L",FRIZE,,"2,09€",/ Unid.,
Pack 4 Escovas de Dentes Média Triple Action,COLGATE,Emb. 1 UNID.,"3,68€","3,68€ / UNID.",
BATATAS FRITAS NO FORNO C/ OLEO GIRASSOL BIO,,Emb. 0.6 KG,"2,09€","3,48€ / KG",
BLEU AUVERGNE AOC,NOS RÉGIONS ONT DU TALENT,Emb. 0.125,"1,69€","13,52€ /",
Nata UHT,GRESSO,Emb. 0.2 LT,"0,83€","4,15€ / LT",
Café Moído Torrado Moagem Universal Dak Lak,SICAL,Emb. 0.22 KG,"2,96€","13,45€ / KG",
Spray Limpa Fornos e Grelhadores,CIF,Emb. 0.435 LT,"2,49€","5,72€ / LT",
Maionese,RUSTICA,Emb. 0.225 LT,"1,19€","5,29€ / LT",
BOLACHA QUAD. RECHEADA C/ MORANGO X16,P'TIT DÉLI,Emb. 0.295 KG,"0,95€","3,22€ / KG",
Bolachas Maria Oro,CUÉTARA,Emb. 0.8 KG,"2,97€","3,71€ / KG",
Iogurte Sólido Suissinho Duo Mix Banana Morango,YOCO,Emb. 0.36 KG,"2,29€","6,36€ / KG",
Polvo Congelado,,1 Unid. = 1.5 KG (aprox.),"15,99€/kg","23,99€ / Unid.",
Iogurte Grego Coco 4 Unid.,YAOS,Emb. 0.44 KG,"2,29€","5,20€ / KG",
CONE COCO 6UN,TRIUM,Emb. 6 UNID.,"2,25€","0,38€ / UNID.",
Iogurte Líquido DanUp Manga Tangerina 4x155g,DANONE,Emb. 0.62 KG,"1,69€","2,73€ / KG",
Conserva de Feijão Encarnado,COMPAL,Lata 0.845 KG,"1,59€","1,88€ / KG",
Creme Hidratante,NIVEA,Emb. 0.075 LT,"2,49€","33,20€ / LT",
Loção Corporal Advanced Repair,VASELINE,Emb. 0.2 LT,"2,14€","10,70€ / LT",
Sal Máquina Loiça Anti-Calcário,SUN,Emb. 1 KG,"1,49€","1,49€ / KG",
Miolo de Pinhão,,Emb. 0.1 KG,"7,99€","79,90€ / KG",
Iogurte Líquido Straciatella 4x155g,DANONE,Emb. 0.62 KG,"1,69€","2,73€ / KG",
Amendoins Torrados e Salgados 3x120g,TOKAPI,Emb. 0.36 KG,"1,99€","5,53€ / KG",
Creme Hidratante Caixa Família,NIVEA,Emb. 0.25 LT,"5,59€","22,36€ / LT",
TARTE DE COCO,P'TIT DÉLI,Emb. 0.3 KG,"2,99€","9,97€ / KG",
Espanador,SILLAGE,Emb. 1 UNID.,"1,99€","1,99€ / UNID.",
PAEZINHOS TRIGO TORRADOS BIO,,Emb. 0.225 KG,"1,37€","6,09€ / KG",
Iogurte Bifidus Cremoso Coco 4 Unid.,DANONE,Emb. 0.48 KG,"1,99€","4,15€ / KG",
QUICHE LORRAINE COM NATAS,CÔTÉ TABLE,Emb. 0.4 KG,"2,89€","7,23€ / KG",
Farinheira Terra de Xisto,SNR,Emb. 0.23 KG,"1,89€","8,22€ / KG",
PILHAS RECARGAVEIS HR03,FOXTER,Emb. 4 UNID.,"4,89€","1,22€ / UNID.",
Coloração 1-4 Preto Azulado,SYOSS,,"4,99€",/ Unid.,
"Gel Duche ""Petalas""",MANAVA,Emb. 0.25 LT,"1,19€","4,76€ / LT",
SOBREMESA SOJA NATURAL BIO,,Emb. 0.6 KG,"2,28€","3,80€ / KG",
TOALHITAS DESMAQUILHANTES BIO 25UN,BIONAÏA,Emb. 25 UNID.,"1,99€","0,08€ / UNID.",
Alimento Húmido Gato Completo 6x410g,LYCAT,Emb. 6 UNID.,"3,69€","0,62€ / UNID.",
"Amaciador Concentrado ""Fragância de Provence"" 3 Unid.",HYPERDOU,Emb. 0.25 LT,"1,19€","4,76€ / LT",
Pá de Porco com Osso e Courato,,1 Unid. = 1.1 KG (aprox.),"2,79€/kg","3,07€ / Unid.",
Guardanapos Duplos,RENOVA,Emb. 140 UNID.,"1,57€","0,01€ / UNID.",
Bebida Gaseificada Aromatizada de Uva S/ Álcool,FESTALIE,Emb. 0.75 LT,"2,79€","3,72€ / LT",
Espuma Limpa Carpetes e Estofos Tira Nódoas,VANISH,Emb. 0.6 LT,"5,19€","8,65€ / LT",
TABULEIRO 40*25,ECO+,Emb. 1 UNID.,"6,99€","6,99€ / UNID.",
BROWNIE CHOCOLATE C/ PEPITAS EM CAIXA,P'TIT DÉLI,Emb. 0.285 KG,"2,09€","7,33€ / KG",
Drageias de Amendoins C/ Chocolate de Leite,MARQUE REPERE,Emb. 0.3 KG,"2,14€","7,13€ / KG",
Gel de Banho Corpo e Zona Íntima Suave,CORINE DE FARME,Emb. 0.25 LT,"2,49€","9,96€ / LT",
JOGO 4 TAPETES EM ALCATIFA 1UN TECH9,TECH9,Emb. 1 UNID.,"11,99€","11,99€ / UNID.",
"AGUA FASTIO,,2.5L",FASTIO,,"1,28€",/ Unid.,
Crepes de Queijo e Fiambre,CÔTÉ TABLE,Emb. 6 UNID.,"1,39€","0,23€ / UNID.",
CONCHAS DO MAR 6UN,CÔTÉ TABLE,Emb. 0.66 KG,"4,85€","7,35€ / KG",
Fraldas Bebé T4+ Doucer 9/20Kg,MOTS D'ENFANTS,Emb. 70 UNID.,"9,96€","0,14€ / UNID.",
Queijo C/ Bolachas,MINI BABYBEL,Emb. 0.04 KG,"0,84€","21,00€ / KG",
Batatas Fritas Caseiras Rodelas,SNR,Emb. 0.18 KG,"1,09€","6,06€ / KG",
Lula Inteira Descongelada,,1 Unid. = 0.1 KG (aprox.),"11,99€/kg","1,20€ / Unid.",
AGUA PEDRAS TANGERINA 4X25 CL,PEDRAS,,"2,39€",/ Unid.,
Facas Madeira Biodegradável,HOMESIDE,Emb. 10 UNID.,"0,99€","0,10€ / UNID.",
COLORACAO CASTANHO ESCURO 3.0 S/AMONIACO,VITANOVE,Emb. 1 UNID.,"3,89€","3,89€ / UNID.",
Água Tónica Zero,SPRINK'S,Garrafa 1.5 LT,"1,19€","0,79€ / LT",
LENCOS FACIAIS 3F ALOE VERA,CARESSE,Emb. 90 UNID.,"1,00€","0,01€ / UNID.",
Café Mythiq Intensidade 15,DELTA,Emb. 10 UNID.,"2,99€","0,30€ / UNID.",
DETERGENTE LIQUIDO CONCENTRADO ALOE VERA ECOLOGICO RECARGA 30D,UNÍ VERT,,"3,69€",/ Unid.,
Máquina Descartável Blue II 2 Lâminas,GILLETTE,Emb. 20 UNID.,"8,48€","0,42€ / UNID.",
Torta de Chocolate,,1 Unid. = 0.5 KG (aprox.),"7,99€/kg","4,00€ / Unid.",
Alimento P/ Gato C/ Espirulina de Frango,PURINA,Emb. 1.4 KG,"6,68€","4,77€ / KG",
Toalhitas Secas Limpa Chão,CLAIR,Emb. 15 UNID.,"1,99€","0,13€ / UNID.",
ÓLEO BRONZEADOR CÔCO,AMBRE SOLAIRE,Emb. 0.2 LT,"11,98€","59,90€ / LT",
Cuecas Menino 3 aos 5 Anos 16-23 kg,HUGGIES,Emb. 16 UN,"8,99€","0,56€ / UN",
Bebida de Coco 0%,SHOYCE,Emb. 1 LT,"2,38€","2,38€ / LT",
Miolo de Avelã,MARQUE REPERE,Emb. 0.15 KG,"2,24€","14,93€ / KG",
LENCOS DE BOLSO 4F ECO,UNÍ VERT,Emb. 15 UNID.,"1,78€","0,12€ / UNID.",
10 LAPIS GRAFITE HB,ECO+,Emb. 10 UNID.,"0,99€","0,10€ / UNID.",
Iogurte Sólido Suissinhos Duo Morango e Baunilha 4 Unid.,NESTLÉ,Emb. 0.36 KG,"2,29€","6,36€ / KG",
Pistachos Torrados Salgados,ECO+,Emb. 0.2 KG,"2,99€","14,95€ / KG",
Vinho do Porto Offley Tawny,OFFLEY,Garrafa 0.75 LT,"4,69€","6,25€ / LT",
WC Explosão Cítrica,NEO BLANC,Emb. 2 UNID.,"4,49€","2,25€ / UNID.",
Batatas Fritas Light,POM'LISSE,Emb. 0.15 KG,"0,99€","6,60€ / KG",
Chicorée Café com Leite Instantâneo,PLANTATION,Emb. 0.4 KG,"4,45€","11,13€ / KG",
"Rolo Removedor Pêlos+Recarga ""Kit Viagem""",SILLAGE,Emb. 1 UNID.,"0,97€","0,97€ / UNID.",
Lichias em Calda,GLOBO,Emb. 0.565 KG,"3,78€","6,69€ / KG",
Barrinhas Periquitos sabor a Ovos,TOUS MES AMIS,Emb. 0.06 KG,"1,69€","28,17€ / KG",
Papa Infantil 5 Frutos,CERELAC,Emb. 0.25 KG,"2,39€","9,56€ / KG",
Bolacha 0% Açúcar,CHIQUILÍN,Emb. 0.175 KG,"1,83€","10,46€ / KG",
Queijo Flamengo Fatiado,NOVA AÇORES,Emb. 0.2 KG,"1,89€","9,45€ / KG",
BISCOITOS DE CANELA,P'TIT DÉLI,Emb. 0.4 KG,"1,55€","3,88€ / KG",
Cereais Corn Flakes Original,KELLOGG'S,Emb. 0.5 KG,"2,24€","4,48€ / KG",
Manteiga da Bretanha Meio-sal,LES CROISÉS,Emb. 0.25 KG,"2,19€","8,76€ / KG",
Elixir Max White,COLGATE,Emb. 0.5 LT,"6,48€","12,96€ / LT",
Leite Proteíco Stay Strong,MINUS L,Emb. 1 LT,"2,19€","2,19€ / LT",
Refrigerante C/ Gás Mini Cola 12 Unid.,JEAN'S,Emb. 1.8 LT,"3,99€","2,22€ / LT",
Chouriço Mouro Terras de Xisto,SNR,Emb. 0.25 KG,"2,18€","8,72€ / KG",
Lentilhas Verdes,,Emb. 0.5 KG,"2,95€","5,90€ / KG",
Espumante Bruto,COMP DO VINHO,Garrafa 0.75 LT,"2,99€","3,99€ / LT",
SACO ARRUMACAO MALEAVEL,SILLAGE,Emb. 1 UNID.,"2,59€","2,59€ / UNID.",
Iogurte Líquido Morango 12 Unid.,ACTIMEL,Emb. 1.2 LT,"4,39€","3,66€ / LT",
Esfregona Estampada,,Emb. 2 UNID.,"2,99€","1,50€ / UNID.",
Pantene Frizz Control & Luminosidade Máscara 160 ml,PANTENE PV,Emb. 0.16,"5,98€","37,38€ /",
ESTENDAL VERTICAL 45M,HOMESIDE,Emb. 1 UNID.,"49,99€","49,99€ / UNID.",
PAPEL ALUMINIO 20M,ELEMBAL,Emb. 20 M,"1,99€","0,10€ / M",
Leite com Chocolate 6x25 cl,UCAL,Emb. 1.5 LT,"5,75€","3,83€ / LT",
BEBIDA DE ARROZ E COCO BIO,,Emb. 1 KG,"1,99€","1,99€ / KG",
Massa Cuscus,TURINI,Emb. 0.25 KG,"0,55€","2,20€ / KG",
Tablete de Chocolate Cereais Crocantes 4x100g,ECO+,Emb. 0.4 KG,"1,99€","4,98€ / KG",
Vinho Regional Douro Branco,ADEGA DE VILA REAL,Garrafa 0.75 LT,"2,89€","3,85€ / LT",
Farfalle,TRADIZIONI D'ITALIA,Emb. 0.5 KG,"1,49€","2,98€ / KG",
Bolachas Uva,NAT&VIE,Emb. 0.2 KG,"1,69€","8,45€ / KG",
MINI PIZZAS QUEIJO E FIAMBRE 9UN,TURINI,Emb. 0.27,"2,39€","8,85€ /",
Bolachas Recheadas Chocolate Biológicas,,Emb. 0.185 KG,"1,00€","5,41€ / KG",
Chá de Lúcia-Lima,LIPTON,Emb. 20 SAQ.,"1,20€","0,06€ / SAQ.",
"AMBIENTADOR MECHA ACTIVA ""FLORAL""375ML",BIEN AIR,375ML 0.375 LT,"1,59€","4,24€ / LT",
Desodorizante Roll-On Cool Fresh,DOVE,Emb. 0.05 LT,"2,69€","53,80€ / LT",
Iogurte Líquido Tutti Frutti 6 Unid.,ACTIMEL,Emb. 0.6 KG,"2,59€","4,32€ / KG",
Bebida Energética Mango Loco Energy Juiced,MONSTER ENERGY,Emb. 0.05 LT,"1,20€","24,00€ / LT",
"ALIMENT BEBE: IOGURTE CREMOSO AMENDOA, MACA, PESSEGO E ALPERCE BIO 6M",BIO VILLAGE BEBE,,"4,40€",/ Unid.,
FOSFOROS 3X240,SILEX,Emb. 3 UNID.,"0,99€","0,33€ / UNID.",
Azeite,CONDESTÁVEL,Garrafa 0.75 LT,"3,69€","4,92€ / LT",
Doce de Alperce Baixo Teor de Açúcar,DOUCEUR DU VERGER,Frasco 0.34 KG,"1,49€","4,38€ / KG",
Amaciador para Roupa Nature Rosa & Maçã Verde Ultra Concentrado,COMFORT,Emb. 60 DOSES,"3,99€","0,07€ / DOSES",
Couve Flor,,1 Unid. = 1.1 KG (aprox.),"2,59€/kg","2,85€ / Unid.",
Néctar de Pera Rocha Clássico,COMPAL,Emb. 0.33 LT,"0,78€","2,36€ / LT",
Chourição Gran Doblon,CAMPOFRIO,1 Unid. = 0.1 KG (aprox.),"18,99€/kg","1,90€ / Unid.",
Yofu Natural Sem Açúcar 500g,,Emb. 0.5 KG,"2,39€","4,78€ / KG",
Estrella Damm Cerveja de Espanha Pack 6X25CL,ESTRELLA DAMM,,"3,19€",/ Unid.,
Whisky Bourbon,JOHN DAVON'S,Garrafa 0.7 LT,"10,99€","15,70€ / LT",
STICKS FLUOR CALCIO P/ CAO 10UN,P'TIT AMI,Emb. 1 UNID.,"1,25€","1,25€ / UNID.",
Conserva de Bacalhau em Azeite e Alho,PITEU,Emb. 0.12 KG,"2,39€","19,92€ / KG",
Salsichão Seco Porco,ECO+,Emb. 0.25 KG,"2,19€","8,76€ / KG",
Croissant Recheado de Ovo,,1 UNID.,"0,79€","0,79€ / UNID.",
Bolachas de Manteiga com Pepitas de Chocolate,P'TIT DÉLI,Emb. 0.2 KG,"1,69€","8,45€ / KG",
Sumo 100% Toranja,JAFADEN,Emb. 1 LT,"2,79€","2,79€ / LT",
NATAS GORDAS UHT SEMI-ESPESSAS COM 30 % M.G.,DÉLISSE,Emb. 0.6 KG,"2,35€","3,92€ / KG",
CAPSULAS CAFE COMP C/ DG - SUAVE INT7,PLANTATION,Emb. 16 UNID.,"2,44€","0,15€ / UNID.",
CORN FLAKES NATURE,,,"1,85€",/ Unid.,
Sumo 100% Laranja Biológico,,Emb. 1 LT,"2,49€","2,49€ / LT",
Bolachas Recheadas de Laranja,ECO+,Emb. 0.3 KG,"1,39€","4,63€ / KG",
Bolachas Ovos Dinossauros,ARTIACH,Emb. 0.14 KG,"2,17€","15,50€ / KG",
Queijo Camembert,PRÉSIDENT,Emb. 0.25 KG,"3,38€","13,52€ / KG",
Chicken Nuggets Bbq Take Away,IGLO,Emb. 0.35 KG,"7,18€","20,51€ / KG",
BL1 LED FILA CHAMA 4-40W E14,FOXTER,Emb. 1 UNID.,"3,59€","3,59€ / UNID.",
"PEITO PERU FATIAS FINAS Teor Sal Reduzido,110G",IZIDORO,Emb. 0.11 KG,"2,44€","22,18€ / KG",
Água Nascente S/ Gás,ECO+,Garrafão 6 LT,"0,75€","0,13€ / LT",
Bolachas Cobertas Chocolate Leite,MILKA,Emb. 0.15 KG,"2,37€","15,80€ / KG",
Batatas Fritas Onduladas Sabor a Presunto,POM'LISSE,Emb. 0.185 KG,"1,19€","6,43€ / KG",
Gin Gordon´s,GORDON'S,Garrafa 0.7 LT,"14,98€","21,40€ / LT",
DESODORIZANTE SPRAY SEDUCTION MEN 200ML,CARRÉ HOMME,Emb. 0.2 LT,"1,19€","5,95€ / LT",
Queijo Flamengo Barra,MIMOSA,Emb. 0.15 KG (aprox.),"9,79€/kg","1,47€ / Unid.",
Creme Hidratante Dia Age Perfect,DERMO EXPERTISE,Emb. 0.05 LT,"15,98€","319,60€ / LT",
SORTIDO GOMAS BRILHO,COPAÍNS COPINES,Emb. 0.6 KG,"3,19€","5,32€ / KG",
Queijo Curado 7 meses,SÃO JORGE,Emb. 0.4 KG,"5,24€","13,10€ / KG",
Bolos Fofos de Cacau Recheio de Leite e Coco,P'TIT DÉLI,Emb. 0.42 KG,"2,89€","6,88€ / KG",
Coloração 5-29 Vermelho Intenso,SYOSS,,"4,99€",/ Unid.,
Liegeois Chocolate e Café 4x100g,DÉLISSE,Emb. 0.8 KG,"2,75€","3,44€ / KG",
Alho Seco,,1 Unid. = 0.1 KG (aprox.),"4,99€/kg","0,50€ / Unid.",
Bolachas Maria 74% de Cereais,TRIUNFO,Emb. 0.2 KG,"1,07€","5,35€ / KG",
Alimento P/ Cão de Boi C/ Mandioca S/ Glúten,BEYOND,Emb. 1.2 KG,"8,48€","7,07€ / KG",
Johnson's Baby Champô Gotas de Brilho,JOHNSON'S BABY,Emb. 0.5,"5,58€","11,16€ /",
"Chá Verde com Guaraná, Canela e Cardamono",LIPTON,Emb. 0.032 KG,"1,94€","60,63€ / KG",
Amaciador de Roupa Pure,COMFORT,Emb. 4 LT,"4,49€","1,12€ / LT",
Ambientador Pure Happiness Laranja e Neroli Aromatherapy,GLADE,Emb. 0.08 LT,"8,39€","104,88€ / LT",
Conjunto de 4 Suportes Adesivos Brancos,ECO+,Emb. 4 UNID.,"0,58€","0,15€ / UNID.",
Miolo de Amêndoa Torrada com Sal,,Emb. 0.2 KG,"3,99€","19,95€ / KG",
BATATAS FRITAS POM´LISSE,POM'LISSE,Emb. 0.15 KG,"1,09€","7,27€ / KG",
Gel Duche + Champô Boise,MANAVA,Emb. 0.25 LT,"1,29€","5,16€ / LT",
Perna Peru,,1 Unid. = 2.45 KG (aprox.),"2,69€/kg","6,59€ / Unid.",
"CROQUETES CAO MINI ADULTO 1,5KG 1,5KG LYDOG",PLENIMA,Emb. 1.5 KG,"4,99€","3,33€ / KG",
Nata para Bater,PARMALAT,Emb. 0.2 KG,"1,11€","5,55€ / KG",
Pacotinho de Frutas Maçã Manga S/ Glúten +6 meses,NESTLÉ BEBÉ,Emb. 0.09 KG,"1,04€","11,56€ / KG",
TESOURA 21CM,ESQUISSE,Emb. 1 UNID.,"0,99€","0,99€ / UNID.",
Bolachas Cream Cracker,VIEIRA,Emb. 0.18 KG,"1,29€","7,17€ / KG",
Atum Albacore ao Natural,PÊCHE OCÉAN,Lata 0.4 KG,"3,99€","9,98€ / KG",
Gelatina Light Ananás,ROYAL,Emb. 0.031 KG,"1,88€","60,65€ / KG",
Alimento Húmido para Gato Borrego,LYCAT,Emb. 0.1 KG,"0,45€","4,50€ / KG",
Chouriço Corrente 2x100gr,PRIMOR,Emb. 0.2 KG,"1,39€","6,95€ / KG",
Queijo Curado Receita Original,CASTELÕES,1 Unid. = 1.25 KG (aprox.),"11,99€/kg","14,99€ / Unid.",
Doce de Morango Baixo Teor de Açúcar,DOUCEUR DU VERGER,Frasco 0.34 KG,"1,29€","3,79€ / KG",
Dentífrico Junior,,Emb. 0.075 LT,"2,59€","34,53€ / LT",
Cápsulas Café Colombia Lungo Intensidade 5 Bio,DOLCE GUSTO,Emb. 12 CAPS.,"5,58€","0,47€ / CAPS.",
GEL DEPILATORIO SENHORA PELE SENSIVEL 200ML,SILISS,Emb. 200 ML,"1,99€","0,01€ / ML",
Champo Bebé Extra Suave 500 Ml+250ml Grátis,CORINE DE FARME,Emb. 0.75 LT,"4,84€","6,45€ / LT",
Alimento Seco P/ Gato Esterilizado C/ Salmão e Trigo,PURINA,Emb. 0.8 KG,"6,98€","8,73€ / KG",
Aguardente Vínica Velha,SÃO DOMINGOS,Emb. 0.7 LT,"12,78€","18,26€ / LT",
1000 AGRAFOS N24/6,ESQUISSE,Emb. 1 UNID.,"0,59€","0,59€ / UNID.",
Vinagre de Vinho Tinto Cabernet Sauvignon,GALLO,Emb. 0.25 LT,"1,99€","7,96€ / LT",
Amendoim C/ Casca Torrado,MARQUE REPERE,Emb. 0.5 KG,"2,99€","5,98€ / KG",
FEIJOADA À TRANSMONTANA,CÔTÉ TABLE,Emb. 0.25 KG,"2,99€","11,96€ / KG",
Cogumelo Branco Inteiro,,Emb. 0.3 KG,"1,49€","4,97€ / KG",
Pantene Caracóis Perfeitos Champô,PANTENE PV,Emb. 0.25 LT,"3,98€","15,92€ / LT",
Miolo de Amêndoa Torrada,MARQUE REPERE,Emb. 0.2 KG,"3,69€","18,45€ / KG",
Pensos Higiénicos Maxi Super Pocket 16 Unid.,DOULYS,Emb. 16 UNID.,"1,39€","0,09€ / UNID.",
Molho Bifana com Mostarda,CALVÉ,Emb. 0.26 KG,"2,47€","9,50€ / KG",
Café Solúvel Sélection,PLANTATION,Frasco 0.2 KG,"2,89€","14,45€ / KG",
Iogurte Magro Morango Kiwi Banana E Pêssego 8 Unid.,MIMOSA,Emb. 0.96 KG,"2,49€","2,59€ / KG",
Sabonete Sólido Amêndoa Doce 6 Unid.,MANAVA,Emb. 6 UNID.,"3,29€","0,55€ / UNID.",
Bolos com Recheio de Morango Isento de Glúten,CHAQUE JOUR SANS GLUTEN,Emb. 0.21 KG,"2,79€","13,29€ / KG",
ESPUMA BARBEAR HIDRATANTE/FRESCO 250ML,CARRÉ HOMME,Emb. 0.25 LT,"1,39€","5,56€ / LT",
Cerveja com Álcool 24x20cl,SUPER BOCK,Emb. 4.8 LT,"9,99€","2,08€ / LT",
Sais de Fruta Digestivo Original,ENO DIGESTIVO,Emb. 10 UNID.,"4,98€","0,50€ / UNID.",
Iogurte Líquido Frutas Exóticas 6x100g,DANACOL,Emb. 0.6 KG,"2,99€","4,98€ / KG",
Ovas de Peixe Lapa vermelho,RONDE DES MERS,Emb. 0.1 KG,"3,99€","39,90€ / KG",
Café Solúvel Cappuccino Mocha,NESCAFÉ,Emb. 0.306 KG,"6,29€","20,56€ / KG",
YOFU SOJA NATURAL 4X125G,ALPRO SOYA,Emb. 0.5 KG,"2,88€","5,76€ / KG",
Café Solúvel,DELTA,Frasco 0.1 KG,"2,19€","21,90€ / KG",
Chocolate de Leite com Amêndoas 3 Chocolates,REGINA,Emb. 0.072 KG,"1,88€","26,11€ / KG",
Tira-Nódoas em Spray,SKIP,Emb. 0.5 LT,"2,99€","5,98€ / LT",
CHAMPO CABELOS FRAGEIS E QUEBRADICOS 250ML,NATEIS,Emb. 0.25 LT,"1,49€","5,96€ / LT",
Ketchup 473G,CALVÉ,Emb. 0.473 KG,"3,79€","8,01€ / KG",
Iogurte Líquido Frutos Variados,YOCO,Emb. 0.54 KG,"2,29€","4,24€ / KG",
Pizza Legumes Queijo,NOBRE VEGALIA,Emb. 0.36 KG,"2,99€","8,31€ / KG",
"Bolachas Digestivas Finas de Aveia, Pedaços de Chocolate e Arandos",THINS,Emb. 0.27 KG,"2,73€","10,11€ / KG",
Chispalhada S/ Corantes,NOBRE,Lata 0.42 KG,"1,76€","4,19€ / KG",
Alimento Completo Cereais P/ Coelhos Anões,TOUS MES AMIS,Emb. 2.5 KG,"5,89€","2,36€ / KG",
Bebida Energética Zero,X-TENSE,Garrafa 1 LT,"1,69€","1,69€ / LT",
Gordura 100% Vegetal,NAT&VIE,Emb. 1 KG,"5,39€","5,39€ / KG",
TARTE DE MACA,P'TIT DÉLI,Emb. 0.3 KG,"2,59€","8,63€ / KG",
Calippo Morango,OLÁ,Emb. 0.525 LT,"2,49€","4,74€ / LT",
Preparado para Bolo Fondant de Chocolate sem Glúten,CHAQUE JOUR SANS GLUTEN,Emb. 0.5 KG,"3,39€","6,78€ / KG",
Toalhitas WC Criança Origem Vegetal,MOTS D'ENFANTS,Emb. 60 UNID.,"1,65€","0,03€ / UNID.",
Fraldas Bebé T3 Doucer 4/9Kg,MOTS D'ENFANTS,Emb. 90 UNID.,"10,57€","0,12€ / UNID.",
Creme Culinário Líquido Veggie,NAT&VIE,,"2,49€",/ Unid.,
Luvas para Uso Doméstico Tamanho L,MAMISON,Emb. 1 UNID.,"0,68€","0,68€ / UNID.",
Pensos Higiénicos Cottonlike Normal Alas,EVAX,Emb. 1 P,"2,27€","2,27€ / P",
Néctar Clássico Pêssego,JAFADEN,Emb. 1 LT,"0,89€","0,89€ / LT",
Queijo de Vaca Amanteigado 5 Estrelas,LACTO SERRA,1 Unid. = 1 KG (aprox.),"8,99€/kg","8,99€ / Unid.",
Refrigerante C/ Gás Cola,ECO+,Garrafa 2 LT,"0,79€","0,40€ / LT",
Gel Efeito Molhado Extra Forte 3,VITANOVE,Emb. 0.3 L,"2,29€","7,63€ / L",
Esparguete Fino Clássica,NACIONAL,Emb. 0.5 KG,"1,83€","3,66€ / KG",
Hambúrguer C/ Cebola 10 Unid.,FERIAL,Emb. 1 KG,"8,49€","8,49€ / KG",
Moscatel de Setúbal 20 Anos,ALAMBRE,Emb. 0.75 LT,"27,89€","37,19€ / LT",
Pasta de Dentes Pack 2,COLGATE,Emb. 0.15 LT,"6,08€","40,53€ / LT",
Miolo de Caju Cru,MARQUE REPERE,Emb. 0.25 KG,"3,69€","14,76€ / KG",
Croissant Recheio Maxi Creme Cacau,CHIPICAO,Emb. 0.08 KG,"0,97€","12,13€ / KG",
Conserva de Milho Doce,NOTRE JARDIN,Lata 0.285 KG,"0,75€","2,63€ / KG",
Pimento Vermelho,,1 Unid. = 0.21 KG (aprox.),"2,79€/kg","0,59€ / Unid.",
Pão Roll's Bases Redondas 6 Unid.,BIMBO,Emb. 0.24 KG,"1,98€","8,25€ / KG",
"GELADO ""TYROLIA"" CAPPUCCINO",ESKISS,Emb. 0.65 LT,"1,99€","3,06€ / LT",
CRAVINHO GRAO SAQUETA,RUSTICA,Emb. 0.03 KG,"1,34€","44,67€ / KG",
Iogurte Grego Natural 4x150g,DÉLISSE,Emb. 0.6 KG,"1,55€","2,58€ / KG",
APERITIVO SABOR A AMENDOIM,TOKAPI,Emb. 0.16 KG,"0,99€","6,19€ / KG",
Bolachinhas Criança,BLÉDINA,Emb. 0.125 KG,"2,58€","20,64€ / KG",
Sobremesa Láctea com Coco e Ovos 4x100g,DÉLISSE,Emb. 0.4 KG,"2,39€","5,98€ / KG",
Limpa Máquinas da Roupa,XAU,Emb. 0.25 LT,"3,99€","15,96€ / LT",
"ALIMENT BEBE: IOGURTE CREMOSO COCO, MACA, ANANAS E BANANA BIO 8M",BIO VILLAGE BEBE,,"4,19€",/ Unid.,
Iogurte Líquido de Chocolate,YOGGI,Emb. 0.25 LT,"1,66€","6,64€ / LT",
Óleo Motor 5W30 FAP C4,TECH9,Emb. 5 LT,"29,99€","6,00€ / LT",
Sabonete Líquido Leite e Mel Recarga,PALMOLIVE,Emb. 0.3 LT,"2,09€","6,97€ / LT",
Batatas Fritas HOT DOG,RUFFLES,Emb. 0.13 KG,"1,87€","14,38€ / KG",
Vinho Tinto Bag in Box,ALMA DE PIAS,Emb. 5 LT,"6,79€","1,36€ / LT",
Batatas Fritas Lisas Caseiras,SNR,Emb. 0.4 UNID.,"1,99€","4,98€ / UNID.",
Água Tónica Original,NORDIC,Garrafa 1 LT,"1,84€","1,84€ / LT",
Café Solúvel Black Roast,NESCAFÉ,Emb. 0.2 KG,"4,79€","23,95€ / KG",
Néctar Clássico Pera Rocha 3x20 cl,COMPAL,Emb. 0.6 LT,"1,38€","2,30€ / LT",
Vinho Regional Bairrada Tinto,MARQUES DE MARIALVA,Garrafa 0.75 LT,"8,98€","11,97€ / LT",
Bloco Sanitário Limão,SONASOL,Emb. 0.05 KG,"1,94€","38,80€ / KG",
Refrigerante C/ Gás S/ Açúcar Pack 6,COCA COLA,Emb. 1.98 LT,"4,30€","2,17€ / LT",
Morcela Preta com Cebola,TRADILÈGE,Emb. 0.375 KG,"2,99€","7,97€ / KG",
Sobremesa Láctea de Morango +6Meses,BIO VILLAGE BEBE,Emb. 0.4 KG,"2,49€","6,23€ / KG",
Vinho Rosé Lancers,LANCERS,Garrafa 0.75 LT,"3,49€","4,65€ / LT",
Cola Neoprene Líquida,FOXTER,Emb. 0.055 LT,"1,99€","36,18€ / LT",
Gel Banho Termal SPA,MANAVA,Emb. 0.75 LT,"1,69€","2,25€ / LT",
Azeite Subtil,GALLO,Garrafa 2 LT,"10,39€","5,20€ / LT",
Alimento Húmido para Cão Mini Adulto,PURINA ONE,Emb. 0.1 KG,"0,68€","6,80€ / KG",
Cebola Roxa,,Emb. 0.5 KG,"1,69€","3,38€ / KG",
Pastilha Elástica Canela sem Açúcar,CHICLETS,Emb. 0.017 KG,"0,89€","52,35€ / KG",
Leite Bem Especial 0% de Lactose Meio Gordo,MIMOSA,Emb. 1 LT,"1,19€","1,19€ / LT",
Cebolas,,Emb. 2 KG,"2,18€","1,09€ / KG",
Polpa de Tomate 210g,GULOSO,Emb. 0.21 KG,"0,79€","3,76€ / KG",
Body Milk para Duche Nutritivo Pele Seca,NIVEA,Emb. 0.25 LT,"5,48€","21,92€ / LT",
DOURADINHOS FRANGO 18UN,CÔTÉ CROC,Emb. 0.4 KG,"3,65€","9,13€ / KG",
Hamburger de Carne de Vaca Ultracongelado,,Emb. 10 UNID.,"8,99€","0,90€ / UNID.",
Entremeada de Novilho,,1 Unid. = 0.2 KG (aprox.),"8,74€/kg","1,75€ / Unid.",
Café Solúvel Cappuccino Descafeinado 10 Saquetas,NESCAFÉ,Emb. 0.125 KG,"3,47€","27,76€ / KG",
GLISS ULTIMATE REPAIR CONDICIONADOR,GLISS,Emb. 0.2 LT,"2,24€","11,20€ / LT",
Conjunto de 5 Chaves De Fendas,ECO+,Emb. 5 UNID.,"1,99€","0,40€ / UNID.",
Barra de Cereais com Pepitas de Chocolate Biológica 6 Unid.,,Emb. 0.126 KG,"1,69€","13,41€ / KG",
Presunto sem Osso,PROBAR,1 Unid. = 1 KG (aprox.),"12,99€/kg","12,99€ / Unid.",
COLA BATON 10G,ESQUISSE,Emb. 2 UNID.,"1,19€","0,60€ / UNID.",
Molho de Nata Peixe,MIMOSA,Emb. 0.2 LT,"0,98€","4,90€ / LT",
Atum em Azeite,BOM PETISCO,Emb. 0.12 KG,"1,39€","11,58€ / KG",
Desodorizante Spray Invisible,MANAVA,Emb. 0.1 LT,"1,29€","12,90€ / LT",
Folhado de Salsicha,,1 UNID.,"0,99€","0,99€ / UNID.",
Mortadela,CHARCUTARIA,1 Unid. = 0.2 KG (aprox.),"4,99€/kg","1,00€ / Unid.",
Penso Incontinência Discreet Normal,AUSONIA,Emb. 24 UNID.,"5,18€","0,22€ / UNID.",
Bolacha B-ready 6Unid.,NUTELLA,Emb. 0.132 KG,"2,64€","20,00€ / KG",
Fita Adesiva Embalamento 66Metrosx50Mm,FOXTER,Emb. 1 UNID.,"1,99€","1,99€ / UNID.",
Refrigerante S/ Gás Laranja 0 Açúcares,AQUARIUS,Emb. 1.5 LT,"1,77€","1,18€ / LT",
Café Descafeinado Seleção Premium Intensidade 7,NESCAFE GOLD,Emb. 0.1 KG,"5,98€","59,80€ / KG",
Liégeois Baunilha 8x100g,DÉLISSE,Emb. 0.8 KG,"2,75€","3,44€ / KG",
Ração Para Gato Ultima Esterilizado Bola De Pêlo Com Perú,ULTIMA,Emb. 3 KG,"24,28€","8,09€ / KG",
Courgette,,1 Unid. = 0.38 KG (aprox.),"3,49€/kg","1,33€ / Unid.",
"DELICIA ""NAPOLITAIN"" 10UN",P'TIT DÉLI,Emb. 0.35 KG,"2,99€","8,54€ / KG",
Massa Cotovelos Clássica,NACIONAL,Emb. 0.5 KG,"1,47€","2,94€ / KG",
CAPS CAFE COMP C/ NESP XL FORTISSIMO,PLANTATION,40 UNID.,"7,49€","0,19€ / UNID.",
Gin Premium Pink,GORDON'S,Garrafa 0.7 LT,"16,48€","23,54€ / LT",
Bacalhau Graúdo Pacífico,,1 Unid. = 2.35 KG (aprox.),"8,99€/kg","21,13€ / Unid.",
BOLACHAS AREADAS C/ RECH AVELAS E CACAU MAGRO,P'TIT DÉLI,Emb. 0.125 KG,"1,69€","13,52€ / KG",
Bloco Sanitário power 5 duo pack lime,DOMESTOS,Emb. 0.11 KG,"2,74€","24,91€ / KG",
Caldos Legumes Desidratado Biológico 8x80g,,Emb. 0.08 KG,"1,39€","17,38€ / KG",
CAVALINHA EM ÓLEO VEGETAL,PITEU,Emb. 0.12 KG,"0,96€","8,00€ / KG",
BEBIDA AMENDOA S/ACUCAR,ALPRO,Emb. 1 LT,"2,38€","2,38€ / LT",
ALIMENT BEBE: PURE DE PERA WILLIAMS BIO +4M 4x100G,BIO VILLAGE BEBE,Emb. 0.4 KG,"2,59€","6,48€ / KG",
Alho Granulado,RUSTICA,Emb. 0.05 KG,"0,90€","18,00€ / KG",
Creme Intensivo Corporal,DOVE,Emb. 0.15 LT,"2,59€","17,27€ / LT",
Cereais de Chocolate,CHOCAPIC,Emb. 0.625 KG,"3,52€","5,63€ / KG",
ROLO DE MASSA FOLHADA 2X230G,TABLIER BLANC,Emb. 0.46 KG,"1,89€","4,11€ / KG",
CROQUETES CARNE DE VACA/FIGADO/LEG 400G LYCAT,LYCAT,Emb. 0.4 KG,"1,10€","2,75€ / KG",
Biscoitos com Sal,TOKAPI,0.3 KG,"1,69€","5,63€ / KG",
Fraldas Bebé T4+ ACTIV+ 9/20 Kg,MOTS D'ENFANTS,Emb. 37 UNID.,"7,99€","0,22€ / UNID.",
LENCOS FACIAIS 3F ECO,UNÍ VERT,Emb. 100 UNID.,"1,29€","0,01€ / UNID.",
Leite Creme de Café 4X100G,DÉLISSE,Emb. 0.4 KG,"2,39€","5,98€ / KG",
Eau De Toilette Umbro Action,UMBRO,Emb. 0.03 LT,"6,98€","232,67€ / LT",
COOKIES COM RECHEIO DE CREME DE AVELAS,P'TIT DÉLI,Emb. 0.2 KG,"1,69€","8,45€ / KG",
Tiras P/ Coelho Mel,TOUS MES AMIS,Emb. 2 UNID.,"1,49€","0,75€ / UNID.",
Snacks Tex-Mex,DORITOS,Emb. 0.12 KG,"1,53€","12,75€ / KG",
Gelado de Nata,CARTE D'OR,Emb. 0.75 LT,"1,94€","2,59€ / LT",
Gel Banho 1/4 Creme Hidratante,MANAVA,Emb. 0.75 LT,"1,79€","2,39€ / LT",
ALIMENT BEBE: PURE MACA E BOLACHA BIO 6M,BIO VILLAGE BEBE,Emb. 0.4 KG,"2,08€","5,20€ / KG",
DESODORIZANTE SPRAY ATTIRANT MEN 200ML,CARRÉ HOMME,Emb. 0.2 LT,"1,19€","5,95€ / LT",
Bolachinhas de Manteiga sem Glúten,CHAQUE JOUR SANS GLUTEN,Emb. 0.13 KG,"1,99€","15,31€ / KG",
Cajú Torrado sem Sal,TOKAPI,Emb. 0.125 KG,"2,09€","16,72€ / KG",
Conserva de Feijão Manteiga,NOTRE JARDIN,Lata 0.425 KG,"0,69€","1,62€ / KG",
MAQ.BARBEAR 5 LAMINAS + 1 RECARGA,CARRÉ HOMME,Emb. 1 UNID.,"4,99€","4,99€ / UNID.",
LENCOS BOLSO 4F MENTOL,CARESSE,Emb. 15 UNID.,"1,69€","0,11€ / UNID.",
Néctar Clássico Pera,JAFADEN,Emb. 1 LT,"0,89€","0,89€ / LT",
ALIMENTO HUMIDO EM GELEIA FRANGO/FIGADO/CENOURA P/ CAO 1230G,LYDOG,Emb. 1 KG,"2,05€","2,05€ / KG",
Codornizes,,1 Unid. = 0.14 KG (aprox.),"0,89€","6,36€ / KG",
Carvão Vegetal Artesanal,,Emb. 10 KG,"10,99€","1,10€ / KG",
QUEIJO FLAMENGO RALADO,QUEIJO NA TÁBUA,Emb. 0.15 KG,"1,25€","8,33€ / KG",
Leite Magro em Pó,DÉLISSE,Emb. 0.3 KG,"2,79€","9,30€ / KG",
HAMBURGUER DE PERU 4UN,CHANTEGRIL,Emb. 0.32 KG,"1,99€","6,22€ / KG",
Gelatina em Pó Pêssego,TABLIER BLANC,Emb. 0.17 KG,"0,89€","5,24€ / KG",
Leite Achocolatado Light 6x250ml,UCAL,Emb. 1.5 LT,"5,75€","3,83€ / LT",
Johnson's Baby Óleo de Aloe Vera,JOHNSON'S BABY,Emb. 0.5 LT,"5,58€","11,16€ / LT",
Maionese Vegan sem Glúten,CALVÉ,Emb. 0.27 KG,"3,79€","14,04€ / KG",
ESPIRAIS,TURINI,Emb. 1 KG,"1,69€","1,69€ / KG",
Vinho do Porto Ruby,FERREIRA,Garrafa 0.75 LT,"5,98€","7,97€ / LT",
Alho Francês Cortado,,Emb. 0.2 KG,"1,29€","6,45€ / KG",
Alecrim,MARGÃO,Emb. 0.015 KG,"1,07€","71,33€ / KG",
Iogurte Sólido Proteíco Framboesa Lindahls,NESTLÉ,Emb. 0.15 KG,"1,09€","7,27€ / KG",
ENVELOPE SILICONE 110X220MM,ESQUISSE,Emb. 100 UNID.,"1,99€","0,02€ / UNID.",
Lenços Bolso 6+2 Unidades Red Label Pure,LENÇOS RENOVA,Emb. 8 UNID.,"1,88€","0,24€ / UNID.",
TOALHITAS MOVEIS PERFUMADAS,CLAIR,Emb. 24 UNID.,"1,19€","0,05€ / UNID.",
Farinha Express,MAIZENA,Emb. 0.25 KG,"2,67€","10,68€ / KG",
QUEIJINHOS NATURAL 12UN,DÉLISSE,Emb. 0.72 KG,"1,85€","2,57€ / KG",
Johnson's Gel de Banho Bons Sonhos,JOHNSON'S BABY,Emb. 0.5,"3,89€","7,78€ /",
Gomas Feijões,COPAÍNS COPINES,Emb. 0.2 KG,"1,49€","7,45€ / KG",
Lasanha Bolonhesa à Ultracongelada,CÔTÉ TABLE,Emb. 0.6 KG,"2,69€","4,48€ / KG",
"MISTURA DE LEGUMES (BROCULOS, COUVE FLOR E CENOURA)",NOTRE JARDIN,Emb. 1 KG,"2,19€","2,19€ / KG",
CEREAIS RECHEADOS C/ CHOCO,P'TIT DÉLI,Emb. 0.65 KG,"2,89€","4,45€ / KG",
Vinho Verde Branco,LAGOSTA,Garrafa 0.75 LT,"3,29€","4,39€ / LT",
Água Coco 100% Natural,JAFADEN,Emb. 1 LT,"2,49€","2,49€ / LT",
Bacalhau Crescido Asa Preta,,1 Unid. = 1.6 KG,"11,99€/kg","19,18€ / Unid.",
Stiks Sortido 108g,TOUS MES AMIS,Emb. 0.104 KG,"0,59€","5,67€ / KG",
Massa Cotovelos,ECO+,Emb. 0.5 KG,"0,65€","1,30€ / KG",
Creme P/ Barrar 59% M.G. Rico Omega 3,NAT&VIE,Emb. 0.5 KG,"1,99€","3,98€ / KG",
VILEDA SACOS P/CUBO DE GELO 10UN,VILEDA,Emb. 10 UNID.,"1,98€","0,20€ / UNID.",
VELA NUMERO - 0,ARDENCE,Emb. 1 UNID.,"0,89€","0,89€ / UNID.",
Syoss Oieo Intense 5-54 Castanho Claro Cendré,SYOSS,,"6,24€",/ Unid.,
Wafers de Baunilha,,Emb. 0.17 KG,"1,25€","7,35€ / KG",
Sidra Normand Doce,LES GOELLERIES,Garrafa 0.75 LT,"1,99€","2,65€ / LT",
Desodorizante,REXONA,Emb. 0.05 LT,"2,69€","53,80€ / LT",
Tablete de Chocolate Preto com Raspa de Laranja Biológico,,Emb. 0.1 KG,"1,99€","19,90€ / KG",
Bolachas Crackers Original,TUC,Emb. 0.1 KG,"1,07€","10,70€ / KG",
Vinho D'Alsace Pinot Gris A.O.C. 2014,REBMANN,Garrafa 0.75 LT,"5,49€","7,32€ / LT",
Sopa Económica Rabo de Boi,KNORR,Emb. 0.06 KG,"1,09€","18,17€ / KG",
SACO CONGELACAO C/ZIP GRANDE,ELEMBAL,Emb. 15 UNID.,"1,49€","0,10€ / UNID.",
Arroz Estufado,CAÇAROLA,Emb. 1 KG,"1,24€","1,24€ / KG",
Gel De Banho Hidra Essencial,VASELINE,Emb. 0.7 LT,"3,59€","5,13€ / LT",
MINI SNACKS HIGIENE DENTARIA P/ GATO,TOUS MES AMIS,,"0,79€",/ Unid.,
RECARGAS MOPA 40,CLAIR,Emb. 40 UNID.,"2,99€","0,07€ / UNID.",
"Alimento Húmido P/ Cão Adulto em Molho de Vaca, Borrego",FRISKIES,Emb. 1.2 KG,"7,28€","6,07€ / KG",
Bolachas Wafer com Recheio Chocolate,ECO+,Emb. 0.19 KG,"0,89€","4,68€ / KG",
Wafers com Cobertura Chocolate de Leite,P'TIT DÉLI,Emb. 0.175 KG,"1,75€","10,00€ / KG",
Queijo Cabra,CÔVO,Emb. 0.55 KG,"9,98€","18,15€ / KG",
Azeite Virgem,OLIVEIRA DA SERRA,Garrafa 0.75 LT,"3,58€","4,77€ / LT",
Cajus no Forno,MATUTANO,Emb. 0.17 KG,"4,58€","26,94€ / KG",
Alimento Seco P/ Gato Adulto Frango e Cereais,PURINA ONE,Emb. 0.8 KG,"6,98€","8,73€ / KG",
Bolachas Cobertas com Chocolate de Leite,OREO,Emb. 0.246 KG,"2,78€","11,30€ / KG",
COLORACAO VEGETAL HENA COBRE BIO,BIONAÏA,Emb. 1 UNID.,"6,99€","6,99€ / UNID.",
Máscara Alonga e Define Extra Super Lash,RIMMEL,Emb. 1 UNID.,"9,98€","9,98€ / UNID.",
Chantilly,PRÉSIDENT,Emb. 0.25 Kg,"2,59€","10,36€ / Kg",
PERSIL UNIVERSAL POWERCAPS,PERSIL,Emb. 52 DOSES,"27,48€","0,53€ / DOSES",
Ração seca para gato junior c/ Frango,ULTIMA,Emb. 1.5 KG,"13,28€","8,85€ / KG",
TARTELETES PURA MANTEIGA C/ COBERTURA MORANGO,P'TIT DÉLI,Emb. 0.127 KG,"1,59€","12,52€ / KG",
Bolachas de Água e Sal,VIEIRA,Emb. 0.375 KG,"2,23€","5,95€ / KG",
Champô Cabelo Revitalizante Pelo Frágil,ELVIVE,Emb. 1.2 LT,"5,98€","4,98€ / LT",
Espuma de Barbear Pele Sensível,GILLETTE,Emb. 0.2 LT,"2,98€","14,90€ / LT",
SACOS LIXO ENTULHO 50L 5UN,ELEMBAL,Emb. 5 UNID.,"1,52€","0,30€ / UNID.",
IOGURTE CREMOSO MORANGO E FRAMBOESA,NAT&VIE,Emb. 4 UNID.,"2,26€","0,57€ / UNID.",
Leite Magro em Pó,DÉLISSE,Emb. 0.75 KG,"6,29€","8,39€ / KG",
Cereais Cookie'z Chocolate,NACIONAL,Emb. 0.3 KG,"1,69€","5,63€ / KG",
Sangria Branca,D. SIMON,Garrafa 1.5 LT,"2,29€","1,53€ / LT",
Tablete Excellence 99% Cacau,LINDT,Emb. 0.05 KG,"3,48€","69,60€ / KG",
MARCADOR PERMANENTE VARIAS CORES,ESQUISSE,Emb. 4 UNID.,"0,99€","0,25€ / UNID.",
Aperitivo,RICARD,Garrafa 0.7 LT,"13,49€","19,27€ / LT",
PANO MICROFIBRAS MULTI-USO PRO,TECH9,Emb. 1 UNID.,"1,09€","1,09€ / UNID.",
Toucinho Fumado,DAMATTA,Emb. 0.2 KG,"3,28€","16,40€ / KG",
Alimento Húmido P/ Gato Diamante Atum C/ Camarões,PURINA,Emb. 0.09 KG,"1,48€","16,44€ / KG",
Barra de Cereais Croffee Aveia/Amêndoa e Canela,CROFFEE,Emb. 0.11 KG,"1,99€","18,09€ / KG",
Refrigerante com Gás Ginger Ale,SCHWEPPES,Garrafa 1 LT,"1,54€","1,54€ / LT",
Alimento Húmido para Cão Almôndegas de Carne Vaca,ECO+,Emb. 1 KG,"1,65€","1,65€ / KG",
Tirinhas de Bacon ao Natural 2x100g,TRADILÈGE,Emb. 0.2 KG,"2,19€","10,95€ / KG",
CONE FRUTOS VERMELHOS 6UN,TRIUM,Emb. 6 UNID.,"1,99€","0,33€ / UNID.",
TIRA NODOAS OXIGENIO ACTIVO EM GEL 750ML,TEXIL,Emb. 0.75 LT,"2,19€","2,92€ / LT",
Massa Carbonara,KNORR,Emb. 0.062 KG,"1,89€","30,48€ / KG",
Salsichas Hot Dog 6 unid.,CÔTÉ TABLE,Emb. 0.25 KG,"1,49€","5,96€ / KG",
Assar de Novilho,,1 Unid. = 0.87 KG (aprox.),"5,99€/kg","5,21€ / Unid.",
QUEIJO EDAM LIGHT FATIADO,QUEIJO NA TÁBUA,Emb. 0.15 KG,"1,54€","10,27€ / KG",
FOLHADOS SALMAO 4UN,CÔTÉ TABLE,Emb. 0.4 KG,"3,75€","9,38€ / KG",
Alimento Seco P/ Gato Adulto Salmão,BEYOND,Emb. 0.35 KG,"2,99€","8,54€ / KG",
Mini Quadrados Chocolate Preto,EQUADOR,Emb. 0.2 KG,"2,79€","13,95€ / KG",
AURICULARES PRETO intra-auriculares,LINKSTER,Emb. 1 UNID.,"5,99€","5,99€ / UNID.",
Alimento Seco para Cão Frango e Arroz,ECO+,Emb. 4 KG,"6,49€","1,62€ / KG",
MORTADELA FATIADA,CAMPO FINO,Emb. 0.2 KG,"0,99€","4,95€ / KG",
Néctar Clássico Pêssego,COMPAL,Emb. 0.33 LT,"0,78€","2,36€ / LT",
Cápsulas Café Alumínio Nespresso Intenso,SEGAFREDO,Emb. 10 UN,"4,27€","0,43€ / UN",
LUVAS ULTRA-RESISTENTES- TAMANHO L - 1 PAR,MAMISON,,"1,69€",/ Unid.,
Iogurte Líquido Morango Banana 4x155g,DANONE,Emb. 0.62 KG,"1,39€","2,24€ / KG",
Leite Crescimento Júnior 3+,NESTLÉ,Emb. 1 LT,"2,18€","2,18€ / LT",
PATE VACA P/ GATO 100G,ECO+,Emb. 0.1 KG,"0,27€","2,70€ / KG",
Azeite Virgem Extra Bio Frutado,GALLO,Emb. 0.75 LT,"4,99€","6,65€ / LT",
Gomas Amoras,COPAÍNS COPINES,Emb. 0.2 KG,"0,99€","4,95€ / KG",
Vinho do Porto Lágrima Branco,RAMOS PINTO,Garrafa 0.75 LT,"10,18€","13,57€ / LT",
CREME LIMPEZA  750ML,CLAIR,Emb. 0.75 LT,"0,79€","1,05€ / LT",
Creme de Marisco,KNORR,Emb. 0.06 KG,"1,09€","18,17€ / KG",
Whisky Passport Scotch,PASSPORT,Garrafa 0.7 LT,"10,99€","15,70€ / LT",
GRAO DE BICO  3X200G,NOTRE JARDIN,Emb. 0.6 KG,"1,79€","2,98€ / KG",
CARREGADOR HR6/HR3 + 4 PILHAS RECARREGAVEIS,FOXTER,Emb. 1 UNID.,"21,99€","21,99€ / UNID.",
Cookies Pepitas de Chocolate Nougat,P'TIT DÉLI,Emb. 0.2 KG,"1,45€","7,25€ / KG",
Espátula P/ Gesso 14Cm,FOXTER,Emb. 1 UNID.,"2,49€","2,49€ / UNID.",
Patê de Sardinha e Cavala,PÊCHE OCÉAN,Emb. 0.088 KG,"0,99€","11,25€ / KG",
FAIRY MAO NATURALS LAVANDA 650ML,,Emb. 0.65 LT,"2,54€","3,91€ / LT",
Vinho Regional Douro Branco,PLANALTO,Frasco 0.75 LT,"4,98€","6,64€ / LT",
Amaciador Roupa Concentrado Elixir Lírios Azuis,QUANTO,Emb. 62 DOSES,"4,49€","0,07€ / DOSES",
Fruta 100% Maçã Pêra +4 meses 4 Unid.,NESTLÉ,Emb. 0.4 KG,"2,19€","5,48€ / KG",
Preparado Canja de Galinha Económica,KNORR,Emb. 0.061 KG,"1,09€","17,87€ / KG",
Halls Sem Açúcar Eucalipto,HALLS,Emb. 0.032 KG,"0,78€","24,38€ / KG",
BEBIDA SOJA CHOCOLATE 3x250ML,ALPRO,Emb. 0.75 LT,"1,79€","2,39€ / LT",
MANJERICAO PICADO,RUSTICA,Emb. 0.05 KG,"1,29€","25,80€ / KG",
Rebuçados Sabor a Menta,ECO+,Emb. 0.24 KG,"0,89€","3,71€ / KG",
Pão de Forma Coração de Trigo,PANRICO,Emb. 0.5 KG,"2,17€","4,34€ / KG",
Vinho Tinto,LEZÍRIA,Garrafa 0.75 LT,"1,69€","2,25€ / LT",
Café Cápsulas Pure Cevada,DELTA,Emb. 10 CAPS.,"2,47€","0,25€ / CAPS.",
MINI PIZZAS 3 QUEIJOS 9UN,TURINI,Emb. 0.27 KG,"2,39€","8,85€ / KG",
Crocante de Frango Recheio Queijo e Fiambre,IGLO,Emb. 0.204 KG,"4,04€","19,80€ / KG",
Gelado Vegan de Amêndoas Pack 3,MAGNUM,Emb. 0.216 LT,"4,98€","23,06€ / LT",
Conjunto de 4 Recargas P/ Desumidificador Lavanda,FOXTER,Emb. 4 UNID.,"9,99€","2,50€ / UNID.",
Pudim Caramelo,BOCA DOCE,Emb. 0.022 KG,"0,59€","26,82€ / KG",
Vinho Regional Península de Setúbal Tinto,PERIQUITA,Garrafa 0.75 LT,"3,59€","4,79€ / LT",
Petit Suisse de Chocolate 6 Unid.,NESTLÉ,Emb. 0.36 KG,"2,59€","7,19€ / KG",
Limpa Móveis Óleo de Cedro,PRONTO,Spray 0.25 LT,"4,78€","19,12€ / LT",
REQUEIJAO NATURAL VACA,QUEIJO NA TÁBUA,Emb. 0.17 KG,"0,95€","5,59€ / KG",
BOLINHOS IOGURTE C/ BASE CHOCOLATE 7UN POCKET,P'TIT DÉLI,Emb. 0.21 KG,"2,39€","11,38€ / KG",
DESFIADO CARNE PREMIUM P/ GATO ADULTO 4X85G,LYCAT,Emb. 4 UNID.,"1,69€","0,42€ / UNID.",
VELAS TEALIGHTS 25UN,ARDENCE,Emb. 25 UNID.,"2,75€","0,11€ / UNID.",
Molho Inglês,RUSTICA,Emb. 0.2 LT,"0,90€","4,50€ / LT",
Caldo Natura de Legumes,KNORR,Emb. 0.112 KG,"1,49€","13,30€ / KG",
Galettes de Legumes Grelhados,BONDUELLE,Emb. 0.3 KG,"3,58€","11,93€ / KG",
LIMPA TAPETE E ALCATIFA,CLAIR,Emb. 0.6 LT,"2,39€","3,98€ / LT",
Pizza com Queijo Mozzarella e Tomate Ultracongelado,BUITONI,Emb. 0.35 KG,"2,99€","8,54€ / KG",
Café Cápsulas Double,DELTA,Emb. 10 CAPS.,"3,29€","0,33€ / CAPS.",
Shampoo Fortificante Arginina e Proteína,ELVIVE,Emb. 0.25 LT,"3,68€","14,72€ / LT",
Entrecosto de Porco,,1 Unid. = 0.5 KG (aprox.),"4,49€/kg","2,25€ / Unid.",
JOGO 4 TAPETES UNIVERSAL 1UN TECH9,TECH9,Emb. 1 UNID.,"15,29€","15,29€ / UNID.",
Concentrado de Menta,FRUCCI,Garrafa 0.75 LT,"3,99€","5,32€ / LT",
Bife Rabadilha de Novilho,,1 Unid. = 0.25 KG (aprox.),"9,99€/kg","2,50€ / Unid.",
Vinho Cotes Du Rhone A.O.C. 2015 Cuvee Prestige Gregoire,GREGOIRE XI,Garrafa 0.75 ML,"3,49€","4,65€ / ML",
CARVAO PREMIUM,,Emb. 5 KG,"4,99€","1,00€ / KG",
Iogurte Mix-in Smarties 80% Leite 2 Unid.,NESTLÉ,Emb. 0.256 KG,"2,09€","8,16€ / KG",
SACO LIXO ECOBAG 20L FECHO FÁCIL (15 UN),VILEDA,Emb. 15 UNID.,"1,88€","0,13€ / UNID.",
Hamburgers Peito de Frango Ultracongelado,IGLO,Emb. 0.48 KG,"10,06€","20,96€ / KG",
Cerveja com Álcool Mini Saca Fácil 10x20cl,SUPER BOCK,Emb. 2 LT,"4,98€","2,49€ / LT",
Iogurte Bifidus Cremoso Lima/Limão 4 Unid.,DANONE,Emb. 0.48 KG,"1,99€","4,15€ / KG",
Douradinho de Vegetais 10 Unid. Ultracongelados,IGLO,Emb. 0.284 KG,"3,29€","11,58€ / KG",
Eau De Toilette Umbro Ice,UMBRO,Emb. 0.03 LT,"6,98€","232,67€ / LT",
Ice Tea de Limão 3x20 cl,LIPTON,Emb. 0.6 LT,"1,17€","1,95€ / LT",
GELADO EM TUBO TROFI'TUBS 20UN,SMICY,Emb. 20 UNID.,"2,59€","0,13€ / UNID.",
Iogurte Bifidus Líquido Framboesa e Romã 4 Unid.,ACTIVIA,Emb. 0.62 KG,"1,89€","3,05€ / KG",
Pastilhas 60 Minutos Peppermint,TRIDENT,Emb. 0.02 KG,"0,94€","47,00€ / KG",
Tostas Briochés Nature,EPI D'OR,Emb. 0.125 KG,"1,25€","10,00€ / KG",
Pão Galega,,1 Unid. = 0.08 KG,"0,27€","3,38€ / KG",
Nectarina,,1 Unid. = 0.15 KG (aprox.),"2,10€/kg","0,32€ / Unid.",
Ovos Solo M,SNR,Emb. 24 UNID.,"4,39€","0,18€ / UNID.",
Cola Madeira,FOXTER,Emb. 0.25 LT,"2,49€","9,96€ / LT",
Gel Depilação P/ Pele Sensível C/ Aloe Vera,GILLETTE,Emb. 0.2 LT,"4,98€","24,90€ / LT",
Ambientador Vela Frutos Vermelhos da Montanha,AIRWICK,Emb. 0.32 KG,"2,84€","8,88€ / KG",
Lasanha à Bolonhesa,CÔTÉ TABLE,Emb. 0.35 KG,"2,49€","7,11€ / KG",
Bolacha Digestiva Coberta com Chocolate de Leite,MC VITIE'S,Emb. 0.2 KG,"2,79€","13,95€ / KG",
Laca Cabelos Pintados,ELNETT,Emb. 0.3 LT,"5,98€","19,93€ / LT",
Detergente de Lavagem à Mão Antibacteriano Concentrado,CIF,Emb. 0.6 LT,"1,49€","2,48€ / LT",
Johnson's Baby Gold Champô,JOHNSON'S BABY,Emb. 0.5 LT,"5,58€","11,16€ / LT",
RACLETTE REDONDA 8P,ELSAY,Emb. 1 UNID.,"28,90€","28,90€ / UNID.",
Alimento Seco P/ Gato Interior Frango,PURINA FRISKIES,Emb. 1.5 KG,"5,51€","3,67€ / KG",
Máscara Repara Azeite de Argão de Marrocos,HERBAL ESSENCES,Emb. 0.25 LT,"3,99€","15,96€ / LT",
Durex Gel Intense Orgasmic,DUREX,Emb. 0.01 LT,"10,49€","1 049,00€ / LT",
Vinho Regional Alentejo Tinto,REAL LAVRADOR,Garrafa 0.75 LT,"2,48€","3,31€ / LT",
Pistola Rega,BEAUX JOURS,Emb. 1 UNID.,"5,59€","5,59€ / UNID.",
PALMIERS ESTALADICOS,ECO+,Emb. 0.1 KG,"0,59€","5,90€ / KG",
Sumo de Legumes 100% BIO,,Emb. 1 CL,"2,49€","2,49€ / CL",
Dentífrico Max White Cool Mint,COLGATE,Emb. 0.075 LT,"4,98€","66,40€ / LT",
Caixa de Ferramentas 94 Peças,FOXTER,Emb. 1 UNID.,"69,90€","69,90€ / UNID.",
TAMPAO NORMAL,UNÍ VERT,Emb. 16 UNID.,"1,59€","0,10€ / UNID.",
PIRIPIRI VAGEM,RUSTICA,Emb. 0.015 KG,"0,69€","46,00€ / KG",
BATATA FRITA LISA S/ SAL,POM'LISSE,Emb. 0.125 KG,"1,49€","11,92€ / KG",
Iogurte Sólido Proteíco Stracciatella Lindahls,NESTLÉ,Emb. 0.15 KG,"1,09€","7,27€ / KG",
Gelado de Caramelo Salgado e Amêndoas Pack 3,MAGNUM,Emb. 0.27 LT,"4,98€","18,44€ / LT",
Pérolas de Perfume para Roupa,LENOR,Emb. 0.21 KG,"7,69€","36,62€ / KG",
Sumo de Ameixa Obtido por Extração Biológico,,Emb. 1 LT,"3,99€","3,99€ / LT",
Gelado Tyrolia Frutos Vermelhos,ESKISS,Emb. 0.65 LT,"2,15€","3,31€ / LT",
CORTINA DUCHE 180X200 AZUL,SILLAGE,Emb. 1 UNID.,"3,49€","3,49€ / UNID.",
Deosodorizante Spray Invisible Black & White Fresh,NIVEA MEN,Emb. 0.15 L,"2,79€","18,60€ / L",
Sabonete Sólido Flor Laranjeira,MANAVA,Emb. 0.1 KG,"0,59€","5,90€ / KG",
Creme para Barrar com Avelãs,NUSTIKAO,Emb. 0.4 KG,"1,89€","4,73€ / KG",
Alimento Completo Mistura para Caturras,INTERNUTRI,Emb. 1 KG,"1,63€","1,63€ / KG",
Sardinha em Azeite,BOM PETISCO,Emb. 0.12 KG,"1,08€","9,00€ / KG",
BOUIL.POT AU FEU DESH,RUSTICA,Emb. 0.12 KG,"0,69€","5,75€ / KG",
Bloco Sanitário Power 5 Blue Water Pink,DOMESTOS,Emb. 0.106 LT,"2,74€","25,85€ / LT",
Toalhitas Casa de Banho,CIF,Emb. 36 UNID.,"2,24€","0,06€ / UNID.",
BARRA CEREAIS FIGO,GRAINEA,Emb. 0.126 KG,"1,25€","9,92€ / KG",
Bolachas com Aveia,TRIUNFO,Emb. 0.19 KG,"1,37€","7,21€ / KG",
Queijo Curado da Granja,SALOIO,1 Unid. = 0.5 KG (aprox.),"8,99€/kg","4,50€ / Unid.",
ASPIRADOR C/SACO ECO+,ECO+,Emb. 1 UNID.,"44,90€","44,90€ / UNID.",
AFTERSHAVE LOCAO SOFT GREEN 100ML,CARRÉ HOMME,Emb. 0.1 LT,"2,29€","22,90€ / LT",
Toalhitas Desmaquilhantes Pele Seca,INELL,Emb. 25 UNID.,"0,75€","0,03€ / UNID.",
BOMBA MANUAL P/BOLA + AGULHA,WOODSUN,Emb. 1 UNID.,"1,80€","1,80€ / UNID.",
PILHA ALCALINA 6LR3146 TECH+,FOXTER,Emb. 1 UNID.,"3,15€","3,15€ / UNID.",
GRELHADOR REDONDO ANTIADERENTE 25CM,ECO+,Emb. 1 UNID.,"6,99€","6,99€ / UNID.",
Amaciador Roupa Concentrado Supreme Pleasure,VERNEL,Emb. 52 DOSES,"3,99€","0,08€ / DOSES",
Toalhitas de Bolso Bebé,MOTS D'ENFANTS,Emb. 20 UNID.,"0,75€","0,04€ / UNID.",
Cápsulas Café Ristretto Ardenza,DOLCE GUSTO,Emb. 16 CAPS.,"5,98€","0,37€ / CAPS.",
Pipocas Coloridas,TOKAPI,Emb. 0.1 KG,"0,79€","7,90€ / KG",
Queijo de Ovelha Amanteigado Seia,MARTINS & REBELLO,1 Unid. = 0.5 KG (aprox.),"14,99€/kg","7,50€ / Unid.",
Rissóis Mistos 8 Unid.,,Emb. 0.35 KG,"2,15€","6,14€ / KG",
Cola Pvc,FOXTER,Emb. 0.125 LT,"2,49€","19,92€ / LT",
Néctar Clássico Frutos Vermelhos Uva e Maçã,JAFADEN,Emb. 1 LT,"0,89€","0,89€ / LT",
"CANETA ROLLER GEL PRETA 0,5MM",ESQUISSE,Emb. 2 UNID.,"1,29€","0,65€ / UNID.",
Iogurte Líquido S/ Lactose Morango 4 Unid.,YOGGI,Emb. 0.64 KG,"2,19€","3,42€ / KG",
CALDO DE AVES 8 CUBOS BIO,,Emb. 0.08,"1,39€","17,38€ /",
Dentífrico Infantil 3+ Anos,ORAL B,Emb. 0.75 LT,"2,59€","3,45€ / LT",
Refrigerante com Gás Laranja,FRISUMO,Garrafa 1.5 LT,"0,99€","0,66€ / LT",
TERRA PLANTAS,BEAUX JOURS,Emb. 10 LT,"1,95€","0,20€ / LT",
Ambientador Absorve Odores Marinho 2x150gr,BRISE,Emb. 0.3 KG,"2,99€","9,97€ / KG",
Bolacha Redonda Recheio Chocolate,P'TIT DÉLI,Emb. 0.3 KG,"1,49€","4,97€ / KG",
Folhas de Salsa,RUSTICA,Frasco 0.012 KG,"0,46€","38,33€ / KG",
Café Cápsulas Qharater Intensidade 9,DELTA,Emb. 10 CAPS.,"3,39€","0,34€ / CAPS.",
Tablete Chocolate Excellence Dark 85%,LINDT,Emb. 0.1 KG,"2,09€","20,90€ / KG",
Dentífrico Pro-Esmalte Júnior Menta Suave,SENSODYNE,Emb. 0.05 LT,"3,78€","75,60€ / LT",
Palmiers Cobertos com Chocolate de Leite,P'TIT DÉLI,Emb. 0.11 KG,"1,09€","9,91€ / KG",
"CABO USB/COMPATIVEL LIGHTNING 1,2M BRANCO",LINKSTER,Emb. 1 UNID.,"11,99€","11,99€ / UNID.",
MÁQUINA BARBEAR 3 LAMINAS DESCARTAVEL,CARRÉ HOMME,Emb. 8 UNID.,"4,99€","0,62€ / UNID.",
GUACAMOLE M.REPERE,TABLES DU MONDE,Emb. 0.3,"2,19€","7,30€ /",
Cereais de Chocolate,NESQUIK,Emb. 0.625 KG,"3,44€","5,50€ / KG",
LEGUMES PRIMAVERA,BONDUELLE,Emb. 0.6 KG,"2,26€","3,77€ / KG",
Vinho Regional Alentejo Branco,MONTE VELHO,Garrafa 0.75 LT,"3,69€","4,92€ / LT",
Líquido Sanitário Desincrustante,NEOBLANC,Emb. 0.7 LT,"2,09€","2,99€ / LT",
CRACKERS MINI PIZZA,TOKAPI,Emb. 0.085 KG,"0,99€","11,65€ / KG",
Conjunto de 8 Feltros Pregar 24Mm,FOXTER,Emb. 8 UNID.,"0,52€","0,07€ / UNID.",
Bolo de Bolacha,,Emb. 0.5 KG,"5,69€","11,38€ / KG",
Conserva de Feijão Branco Cozido Da Horta,COMPAL,Emb. 0.42 KG,"0,99€","2,36€ / KG",
Couve Branca,,1 Unid. = 1.28 KG (aprox.),"1,09€/kg","1,40€ / Unid.",
Alimento Seco P/ Gato C/ Carne de Vaca,PURINA,Emb. 0.8 KG,"6,98€","8,73€ / KG",
Desodorizante Roll-On Cobalt Blue,REXONA,Emb. 0.05 LT,"2,39€","47,80€ / LT",
Café Cápsulas Decaffeinato Intensidade 2,PLANTATION,Emb. 10 CAPS.,"2,09€","0,21€ / CAPS.",
COLORACAO CASTANHO 4.45 S/AMONIACO 1UN VITANOVE,VITANOVE,Emb. 1 UNID.,"3,10€","3,10€ / UNID.",
Martelo Arranca Pregos,FOXTER,Emb. 1 UNID.,"5,99€","5,99€ / UNID.",
AGUA FRIZE TANGERINA 4x25CL,FRIZE,,"2,29€",/ Unid.,
Pensos Higiénicos Super Alas,EVAX,Emb. 10 UNID.,"2,98€","0,30€ / UNID.",
Biscoitos P/ Roedores Ovo e Fruta,TOUS MES AMIS,Emb. 6 UNID.,"1,59€","0,27€ / UNID.",
PILHAS LITIO CR2032,FOXTER,Emb. 5 UNID.,"2,49€","0,50€ / UNID.",
Chouriço Picante,,Emb. 0.25 KG,"2,29€","9,16€ / KG",
IOGURTE LIQUIDO NATURAL ACUCARADO,DÉLISSE,Emb. 1 KG,"2,19€","2,19€ / KG",
Peixe Espada Preto,,1 Unid. = 1.7 KG (aprox.),"7,99€/kg","13,58€ / Unid.",
Licor Beirão,BEIRÃO,Garrafa 0.7 LT,"10,99€","15,70€ / LT",
Vinagre Balsâmico de Sidra,GALLO,Emb. 0.25 LT,"1,86€","7,44€ / LT",
Johnson's Gel de Banho Cotton Touch,JOHNSON'S BABY,Emb. 0.5,"3,89€","7,78€ /",
"BL1 LED FILA ESFERA R 2,1W-25W E14",FOXTER,Emb. 1 UNID.,"2,99€","2,99€ / UNID.",
Lápis para Colorir,ESQUISSE,Emb. 12 UNID.,"1,99€","0,17€ / UNID.",
Bolachas Cookies Original Chocolate,CHIPS AHOY,Emb. 0.3 KG,"2,98€","9,93€ / KG",
Néctar Vital Equilíbrio Manga Laranja 3x20cl,COMPAL,Emb. 0.6 LT,"1,70€","2,83€ / LT",
RECARGA MOPA,SILLAGE,Emb. 1 UNID.,"1,99€","1,99€ / UNID.",
MINI VASSOURA VINIL,SILLAGE,Emb. 1 UNID.,"1,03€","1,03€ / UNID.",
Limpeza Móveis Classic Protege,PRONTO,Spray 0.3 LT,"4,78€","15,93€ / LT",
LAVA TUDO SABAO PRETO E FLOR DE LARANJEIRA,CLAIR,Emb. 1.5 LT,"1,39€","0,93€ / LT",
Natas Líquidas Biológicas,,Emb. 0.6 L,"3,69€","6,15€ / L",
Snack P/ Gato de Salmão,DENTALIFE,Emb. 0.04 KG,"1,98€","49,50€ / KG",
"Iogurte Líquido Magro Manga, Maracujá e Goji 4x155g",CORPOS DANONE,Emb. 0.62 Kg,"1,79€","2,89€ / Kg",
BOLSA CATALOGO A4 50UN,ESQUISSE,Emb. 50 UNID.,"2,99€","0,06€ / UNID.",
Snack Húmido P/ Gato Party Mix Ocean,FELIX,Emb. 0.06 KG,"1,88€","31,33€ / KG",
PEDACOS ATUM/SALMAO LEGUMES P/ GATO  410G,ECO+,Emb. 0.415 KG,"0,65€","1,57€ / KG",
SPRAY LIMPA JANTES 1 L 1L TECH9,TECH9,Emb. 1 LT,"3,99€","3,99€ / LT",
DETERGENTE MANUAL LOICA ULTRA LIMAO 500ML,VISIOR,Emb. 0.5 LT,"0,89€","1,78€ / LT",
Queijo Camembert,LES CROISÉS,Emb. 0.25 KG,"1,79€","7,16€ / KG",
Batido de Cacau S/ Lactose,CACAOLAT,Emb. 1 LT,"1,54€","1,54€ / LT",
Cápsulas Café Expresso Peru Intensidade 8 Bio,DOLCE GUSTO,Emb. 12 CAPS.,"5,58€","0,47€ / CAPS.",
Água de Nascente,CARAMULO,Emb. 6 LT,"1,38€","0,23€ / LT",
Infusão SOS Garganta,LIPTON,Emb. 20 SAQS,"1,49€","0,07€ / SAQS",
Leite Hidratante Apaziguante Aveia,ULTRA SUAVE,Emb. 0.4 LT,"5,98€","14,95€ / LT",
Cerveja com Álcool 15x33cl,SUPER BOCK,Emb. 4.95 LT,"9,99€","2,02€ / LT",
Sobremesa Creme de Café 4x125g,DÉLISSE,Emb. 0.5 KG,"1,59€","3,18€ / KG",
Mistura de Frutos Secos e Uvas-Passas,,Emb. 0.2 KG,"1,99€","9,95€ / KG",
ESCOVA DE DENTES A PILHAS,DENTAMYL,Emb. 1 UNID.,"5,10€","5,10€ / UNID.",
Queijo Meio Gordo Pequeno,PAIVA,1 Unid. = 0.55 KG  (aprox.),,,
Chocolate de Leite Choco Jelly,MILKA,Emb. 0.25 KG,"3,98€","15,92€ / KG",
Conector Mangueira Rápido 19Mm,BEAUX JOURS,Emb. 1 UNID.,"0,94€","0,94€ / UNID.",
Açúcar Mascavado,TÉVA,Emb. 0.75 KG,"1,79€","2,39€ / KG",
Dentífrico Limpeza Refrescante,ORAL B,Emb. 0.075 LT,"1,94€","25,87€ / LT",
Nata Levíssima,PARMALAT,Emb. 0.2 LT,"1,11€","5,55€ / LT",
Preparado para Flan com Ovos,TABLIER BLANC,Emb. 0.72 KG,"2,19€","3,04€ / KG",
Gelatina Light Morango,ROYAL,Emb. 0.031 KG,"1,88€","60,65€ / KG",
Fraldas Bebé T4 Ultra Confort 7/18 Kg,MOTS D'ENFANTS,Emb. 26 UNID.,"3,99€","0,15€ / UNID.",
Refrigerante com Gás,GUARANÁ BRASIL,Garrafa 1.5 LT,"1,19€","0,79€ / LT",
Amaciador Cabelos Hidra Caracóis Antifrisado,FRUCTIS,Emb. 0.2 LT,"3,98€","19,90€ / LT",
Bebida Energética Regular,X-TENSE,Emb. 0.25 LT,"0,74€","2,96€ / LT",
Refrigerante C/ Gás Vidro,COCA COLA,Emb. 1 LT,"1,84€","1,84€ / LT",
Cevada Solúvel com Cereais,DELTA,Emb. 0.2 KG,"2,84€","14,20€ / KG",
WC Gel Flores de Primavera,NEOBLANC,Emb. 0.7 LT,"2,09€","2,99€ / LT",
Alface Roxa,,1 Unid. = 0.4 KG (aprox.),"3,49€/kg","1,40€ / Unid.",
Maçã Jonagored Cal. 75/80,,1 Unid. = 0.245 KG (aprox.),"1,59€/kg","0,39€ / Unid.",
SKYR NATURAL 450G,DÉLISSE,Emb. 0.45 KG,"1,58€","3,51€ / KG",
Johnson's Baby Óleo Regular,JOHNSON'S BABY,Emb. 0.5 LT,"5,58€","11,16€ / LT",
Pensos Higiénicos Protege-Slip Long,CAREFREE,Emb. 40 UNID.,"4,48€","0,11€ / UNID.",
AMACIADOR ECOLOGICO,UNÍ VERT,Emb. 0.75 LT,"1,99€","2,65€ / LT",
Nata UHT Culinária,MIMOSA,Emb. 0.2 LT,"0,89€","4,45€ / LT",
Ambientador gel ocean adventure,GLADE,Emb. 0.18 LT,"2,99€","16,61€ / LT",
Borrego Inteiro,,1 Unid. = 15 KG (aprox.),"9,26€/kg","138,90€ / Unid.",
IOGURTE LIQUIDO 3 SABORES 8H FORA FRIGORIFICO,DÉLISSE,Emb. 1.08 KG,"1,99€","1,84€ / KG",
Tomate em Pedaços Manjerição e Orégãos,GULOSO,Emb. 0.392 KG,"2,33€","5,94€ / KG",
Ketchup 100% Natural,HELLMANN'S,Emb. 0.486 KG,"3,04€","6,26€ / KG",
Bloco Sanitário Pinho,SONASOL WC,Emb. 2 UNID.,"2,99€","1,50€ / UNID.",
LOTE DE 3 ALICATES,FOXTER,Emb. 1 UNID.,"15,90€","15,90€ / UNID.",
PALITOS COBERTURA CHOCOLATE LEITE S/ GLUTEN,CHAQUE JOUR SANS GLUTEN,Emb. 0.125 KG,"2,19€","17,52€ / KG",
SACO ARRUMACAO MALEAVEL,SILLAGE,Emb. 1 UNID.,"2,38€","2,38€ / UNID.",
Cebola Doce,,1 Unid. = 1 P   (aprox.),"0,79€/kg","0,79€ / Unid.",
Caldo para Bifes 8 Cubos,KNORR,Emb. 0.08 KG,"1,39€","17,38€ / KG",
Alperce Seco,MARQUE REPERE,Emb. 0.2 KG,"3,49€","17,45€ / KG",
Bolacha Energy Chiqui Chocs,ARTIACH,Emb. 0.14 KG,"2,07€","14,79€ / KG",
FUSILLI A CARBONARA,COTE SNACK,Emb. 0.3 KG,"2,09€","6,97€ / KG",
ACHOCOLATADO GRANULADO,TABLETTE D'OR,Emb. 0.8 KG,"2,99€","3,74€ / KG",
Caldo de Galinha,KNORR,Emb. 0.36 KG,"4,54€","12,61€ / KG",
Sumo de Manga 3x200ml,UM BONGO,Emb. 0.6 LT,"1,38€","2,30€ / LT",
TAMPAO NORMAIS,DOULYS,Emb. 24 UNID.,"1,35€","0,06€ / UNID.",
CONJUNTO 4 CANETAS AZUL 1MM,ESQUISSE,Emb. 4 UNID.,"1,59€","0,40€ / UNID.",
Refrigerante C/ Gás Pack 4,COCA COLA,Emb. 4 LT,"5,20€","1,30€ / LT",
Alimento Seco Gato Croquetes,TOUS MES AMIS,Emb. 2 KG,"4,59€","2,30€ / KG",
Cereais de Trigo Integral,FITNESS,Emb. 0.375 KG,"2,69€","7,17€ / KG",
Polpa de Tomate da Horta 3x210ml,COMPAL,Emb. 0.63 LT,"1,57€","2,49€ / LT",
Tablete Chocolate Branco Culinária,TABLETTE D'OR,Emb. 0.18 KG,"1,69€","9,39€ / KG",
Iogurte Líquido Morango 4x155g,DANONE,Emb. 0.62 KG,"1,69€","2,73€ / KG",
Iogurte Líquido Danonino Bebedino Morango 4x100g,DANONE,Emb. 0.4 KG,"1,79€","4,48€ / KG",
Queijo Fundido Light 16 Porções,PRÉSIDENT,Emb. 0.25 KG,"2,39€","9,56€ / KG",
Batatas Fritas Receita Camponesa,LAY'S,Emb. 0.25 KG,"2,08€","8,32€ / KG",
Tiras P/ Periquitos Sabor Fruta,TOUS MES AMIS,Emb. 0.06 KG,"1,69€","28,17€ / KG",
Chantilly Light,,Spray 0.25 KG,"1,45€","5,80€ / KG",
BOLACHAS AREADAS CEREAIS C/ BASE CHOC LEITE POCKET,P'TIT DÉLI,Emb. 0.225 KG,"2,19€","9,73€ / KG",
Amaciador Cabelos Color Vive,ELVIVE,Emb. 0.2 LT,"3,68€","18,40€ / LT",
Leite Condensado Magro,NESTLÉ,Lata 0.387 KG,"1,49€","3,85€ / KG",
CALDO DE ERVAS AROMATICAS 8 CUBOS BIO,,Emb. 0.08 KG,"1,42€","17,75€ / KG",
Orégãos Folhas,MARGÃO,Emb. 0.01 KG,"1,68€","168,00€ / KG",
Bolacha Avenacol Rustica 0% Açúcar,CUÉTARA,Emb. 0.25 KG,"4,13€","16,52€ / KG",
Cereais Arroz S/ Glúten,NESTUM,Emb. 0.25 KG,"2,57€","10,28€ / KG",
BEBIDA AMENDOA BIO,,Emb. 1 LT,"2,79€","2,79€ / LT",
Acendalhas de Madeira Cubos,SILEX,Emb. 28 UNID.,"0,79€","0,03€ / UNID.",
BEBIDA DE ESPELTA BIO,,Emb. 1 LT,"1,79€","1,79€ / LT",
Cenoura Ripada,,Emb. 0.2 KG,"0,75€","3,75€ / KG",
Dentífrico Morango 2+ Kids,PETIT DENTAMYL,Emb. 0.05 LT,"0,69€","13,80€ / LT",
Folhado de Maça,,1 Unid. = 0.1 KG,"1,15€","11,50€ / KG",
ESCOVA DENTES MACIA CABECA RECARREGAVEL,DENTAMYL,,"1,25€",/ Unid.,
FIO DENTARIO EM ARCO 50UN,DENTAMYL,Emb. 50 UNID.,"1,49€","0,03€ / UNID.",
Queijo Curado Fatiado S/ Lactose,CASTELÕES,Emb. 0.15 KG,"2,14€","14,27€ / KG",
Chourição Fatiado Tapas,CAMPOFRIO,Emb. 0.08 KG,"1,88€","23,50€ / KG",
Crocante de Frango Recheio Alho e Ervas,IGLO,Emb. 0.204 KG,"4,04€","19,80€ / KG",
WC Frescura Contínua,NEO BLANC,Emb. 1 UNID.,"2,24€","2,24€ / UNID.",
Tagliatelles à L'ancienne Biológicas,,Emb. 0.25 KG,"1,49€","5,96€ / KG",
Queijo Petit St Nectaire DOP,NOS RÉGIONS ONT DU TALENT,Emb. 0.6 KG,"6,99€","11,65€ / KG",
Cola Cyano,FOXTER,Emb. 0.01 KG,"2,49€","249,00€ / KG",
Detergente Loiça Manual Limão,FAIRY,Emb. 2.38 LT,"6,74€","2,83€ / LT",
Couve Flor em Floretes Ultracongelado,,Emb. 1 KG,"1,29€","1,29€ / KG",
Ice Tea Pêssego,LIPTON,Emb. 1 LT,"1,29€","1,29€ / LT",
Paté para Cão de Truta e Salmão,TOUS MES AMIS,Emb. 0.3 KG,"0,79€","2,63€ / KG",
Garfos Madeira Biodegradável,HOMESIDE,Emb. 10 UNID.,"0,99€","0,10€ / UNID.",
Ervilhas Ultracongeladas,BONDUELLE,Emb. 0.4 KG,"1,93€","4,83€ / KG",
OIKOS NATURAL ACUCARADO 110x4,OIKOS,Emb. 0.44 KG,"2,39€","5,43€ / KG",
Desodorizante Aloe Sensitive Spray,VASELINE,Emb. 0.25 LT,"2,19€","8,76€ / LT",
Água sem Gás,MONCHIQUE,Emb. 1.5 LT,"3,69€","2,46€ / LT",
FIAMBRE PERNA EXTRA FINISSIMO,CAMPO FINO,Emb. 0.15 KG,"1,29€","8,60€ / KG",
Paté para Cão de Vaca e Coração,TOUS MES AMIS,Emb. 0.3 KG,"0,75€","2,50€ / KG",
PIZZA FRESCA QUEIJO E FIAMBRE FAMILIAR,ECO+,Emb. 0.8 KG,"3,69€","4,61€ / KG",
Ervilhas Ultracongelado,IGLO,Emb. 1.125 KG,"5,98€","5,32€ / KG",
