Nome,Marca,Quantidade,Preço Primário,Preço Por Unidade,Promo
PATE RICO CARNE/PEIXE C/LEGUMES P/ GATO 4X100G 4X100G LYCAT,LYCAT,Emb. 4 UNID.,"1,67€","0,42€ / UNID.",
PENSOS INCONTINENCIA,CHORYS,Emb. 24 UNID.,"5,49€","0,23€ / UNID.",
Pimenta Branca Moída,RUSTICA,Frasco 0.04 KG,"1,50€","37,50€ / KG",
Óleo Intense 5-10 Castanho Claro,SYOSS,,"6,24€",/ Unid.,
Galinha Inteira,,1 Unid. = 1.2 KG (aprox.),"1,99€/kg","2,39€ / Unid.",
Detergente para a Máquina da Roupa Cores 3 em 1,SKIP,Emb. 1.134 KG,"12,49€","11,01€ / KG",
Esfregona de Algodão,,Emb. 1 UNID.,"0,99€","0,99€ / UNID.",
Gel Banho Aveia,MANAVA,Emb. 0.75 LT,"1,79€","2,39€ / LT",
AGRAFADOR Nº10 + 400AGRAFOS,ESQUISSE,Emb. 1 UNID.,"2,49€","2,49€ / UNID.",
"ALIMENT BEBE: PURE CENOURAS, ARROZ E ABOBORA BIO +6M 2X200G",BIO VILLAGE BEBE,Emb. 0.4 KG,"2,55€","6,38€ / KG",
Compota de Maçã Morango Biológica 4x100g,,Emb. 0.4 KG,"1,99€","4,98€ / KG",
Mortadela com Azeitonas,ELPOZO,1 Unid. = 0.1 KG (aprox.),"5,99€/kg","0,60€ / Unid.",
Bombay Dry Gin Original,BOMBAY,Garrafa 0.7 LT,"15,99€","22,84€ / LT",
Vinho de Mesa Tinto,CASAL DA EIRA,Emb. 0.25 LT,"0,68€","2,72€ / LT",
Bife chã de Fora de Novilho,,1 Unid. = 0.5 KG (aprox.),"9,99€/kg","5,00€ / Unid.",
CAFE INTENSO 48 PASTILHAS,ECO+,Emb. 0.336 KG,"3,49€","10,39€ / KG",
Salsichas C/ Feijão,CÔTÉ TABLE,Emb. 0.84 KG,"2,63€","3,13€ / KG",
CARIL DE CAMARAO,CÔTÉ TABLE,Emb. 0.3 KG,"3,89€","12,97€ / KG",
Alimento Húmido Gato Completo Delícias do Mar 3x400 g,TOUS MES AMIS,Emb. 3 KG,"3,19€","1,06€ / KG",
Perna de Pau Original 6 Unid.,OLÁ,Emb. 0.3 KG,"2,49€","8,30€ / KG",
Café Solúvel Alta Rica Intenso,NESCAFÉ,Emb. 0.1 KG,"6,38€","63,80€ / KG",
Wafers Enroladas Cobertas Chocolate de Leite,P'TIT DÉLI,Emb. 0.125 KG,"1,33€","10,64€ / KG",
Aerossol Air Japan Tatami,AMBIPUR,Emb. 0.3 LT,"3,98€","13,27€ / LT",
GEL ANTI-CALCARIO 750ML,TEXIL,Emb. 0.75 KG,"2,43€","3,24€ / KG",
Gelado Bomboniera Pack 6,MAGNUM,Emb. 0.07 LT,"1,98€","28,29€ / LT",
Mini Gelados Double Caramelo Pack 6,MAGNUM,Emb. 0.36 LT,"5,98€","16,61€ / LT",
Iogurte Líquido Lima Limão 4x155g,DANONE,Emb. 0.62 KG,"1,69€","2,73€ / KG",
Alimento Seco Gatos Croquetes Fígado e Legumes,TOUS MES AMIS,Emb. 4 KG,"5,89€","1,47€ / KG",
Alimento Seco P/ Gatos Esterilizados Salmão,PURINA FRISKIES,Emb. 1.5 KG,"6,98€","4,65€ / KG",
MARCADORES P/QUADRO BRANCO 4UN,ESQUISSE,Emb. 1 UNID.,"2,29€","2,29€ / UNID.",
CERA CREME PRETA 75ML,LA VACHETTE,Emb. 0.075 LT,"2,03€","27,07€ / LT",
Toalhitas para Bebé Natural Care,HUGGIES,Emb. 56 UNID.,"1,29€","0,02€ / UNID.",
Amaciador Concentrado Aromaterapia Dourado,VERNEL,Emb. 57 DOSES,"3,29€","0,06€ / DOSES",
Vinagre Vinho Tinto,GALLO,Garrafa 0.25 LT,"1,09€","4,36€ / LT",
Luvas Domésticas Duplex Tamanho M,RENOVA LUVAS,Emb. 1 UNID.,"1,08€","1,08€ / UNID.",
SALSICHAO SECO FATIAS,ST AZAY,Emb. 0.15 KG,"1,88€","12,53€ / KG",
Pantene Purifica & Reconstrói Máscara 160 ml,,Emb. 0.16 LT,"5,98€","37,38€ / LT",
Fiambre Peito de Peru em Forno de Lenha,CAMPOFRIO,1 Unid. = 0.11 KG (aprox.),"14,99€/kg","1,65€ / Unid.",
Queijo Mozzarella Ralado Valformoso,VALFORMOSO,Emb. 0.15 KG,"1,49€","9,93€ / KG",
SALSICHA CHURRASCO PICANTE,CAMPO FINO,Emb. 0.2 KG,"2,02€","10,10€ / KG",
CHOCOLATE PRETO COM FLOR DE SAL,EQUADOR,Emb. 0.1 KG,"1,19€","11,90€ / KG",
Bolachas com Cobertura Chocolate e Avelãs,P'TIT DÉLI,Emb. 0.12 KG,"1,14€","9,50€ / KG",
PILHAS ALC.LR6X4 CLARTECH,FOXTER,Emb. 4 UNID.,"1,27€","0,32€ / UNID.",
Leite Condensado,NESTLÉ,Lata 0.37 KG,"1,49€","4,03€ / KG",
Alimento Seco para Gato Carne e Cereais,ECO+,Emb. 2 KG,"3,39€","1,70€ / KG",
Rebuçados sem Açúcar Sabor Morango 4x32g,HALLS,Emb. 0.128 KG,"2,98€","23,28€ / KG",
Chá de Ervas Digestão Fácil,LIPTON,Emb. 20 SAQ.,"1,94€","0,10€ / SAQ.",
Verniz de Unhas 60 Segundos 500,RIMMEL,Emb. 1 UNID.,"5,58€","5,58€ / UNID.",
Gliss Reparação Total Condicionador Express em Spray,GLISS,Emb. 0.2 LT,"3,24€","16,20€ / LT",
Bolachas Cookies Pepitas de Chocolate,CHIPS AHOY,Emb. 0.128 KG,"1,88€","14,69€ / KG",
DENTIFRICO COCO/ALOE VERA BIO,BIONAÏA,Emb. 0.075 LT,"1,78€","23,73€ / LT",
Espumante Reserva Meio Seco,MURGANHEIRA,Garrafa 0.75 LT,"11,78€","15,71€ / LT",
Miolo Camarão Grande Cozido 40/60 Ultracongelado,PESCANOVA,Emb. 0.2 KG,"8,98€","44,90€ / KG",
Iogurte Mix-in Nesquik 84% Leite Cereais 2 Unid.,NESTLÉ,Emb. 0.232 KG,"2,09€","9,01€ / KG",
Conserva de Feijão Frade,COMPAL,Lata 0.845 KG,"1,59€","1,88€ / KG",
Ambientador  4 em 1 White Bouquet,AIR WICK,Emb. 0.24 LT,"1,79€","7,46€ / LT",
Creme Hidratante com Água Floral de Rosa,GARNIER,Emb. 0.05 LT,"5,98€","119,60€ / LT",
Manga Barco,,1 Unid. = 0.5 KG (aprox.),"2,99€/kg","1,50€ / Unid.",
Queijo Para Barrar Noz,LES CROISÉS,Emb. 0.125 KG,"1,09€","8,72€ / KG",
"SPRAY AMBIENTADOR ""CITRINOS"" ANTI-TABACO 300ML",BIEN AIR,Emb. 0.3 LT,"1,21€","4,03€ / LT",
AUSONIA ORG COTTON SUPER ABAS,AUSONIA,Emb. 10 UNID.,"2,54€","0,25€ / UNID.",
MISTURA DE CARVAO VEGETAL,ECO+,Emb. 5 KG,"4,99€","1,00€ / KG",
Bebida Energética Rehab,MONSTER ENERGY,Lata 0.5 LT,"1,20€","2,40€ / LT",
SACOS LIXO ENTULHO 50L 5UN,ELEMBAL,Emb. 5 UNID.,"2,26€","0,45€ / UNID.",
Pensos Higiénicos Respirare Normal,CAREFREE,Emb. 44 UNID.,"2,78€","0,06€ / UNID.",
Fita Adesiva De Pintor 50Metrosx50Mm,FOXTER,Emb. 1 UNID.,"4,19€","4,19€ / UNID.",
Barras de Cereais 6 Unid.,FITNESS,Emb. 0.141 KG,"2,33€","16,52€ / KG",
Tablete de Chocolate Avelãs,MILKA,Emb. 0.1 KG,"1,68€","16,80€ / KG",
Pensos Higiénicos Normal sem Alas,EVAX,Emb. 12 UNID.,"2,98€","0,25€ / UNID.",
Papa Infantil Bolacha Maria,CERELAC,Emb. 0.25 KG,"1,79€","7,16€ / KG",
Vinho Verde Branco,MURALHAS,Garrafa 0.75 LT,"4,29€","5,72€ / LT",
Néctar Vital Equilíbrio Manga Maracujá,COMPAL,Emb. 1 LT,"1,68€","1,68€ / LT",
Batatas Fritas no Forno,LAY'S,Emb. 0.15 KG,"2,18€","14,53€ / KG",
Bolos Petit-Four de Coco,,Emb. 0.3 KG,"2,79€","9,30€ / KG",
Alimento Seco P/ Gato C/ Carne de Vaca,PURINA,Emb. 3 KG,"22,98€","7,66€ / KG",
QUEIJO EMMENTAL RALADO 28%MG,LES CROISÉS,Emb. 0.2 KG,"1,69€","8,45€ / KG",
Bebida Energética,X-TENSE,Garrafa 1 LT,"1,39€","1,39€ / LT",
Caramelos Werther's Original Storck SemAçúcar 90g,JERONIMO MARTINS,Emb. 0.09 KG,"2,98€","33,11€ / KG",
Ração para cão c/ Vaca,ULTIMA,Emb. 7.5 KG,"43,28€","5,77€ / KG",
Pudim Flan Chino,EL MANDARIN,Emb. 0.019 KG,"1,48€","77,89€ / KG",
BANHA DE PORCO,CAMPO FINO,Emb. 0.22 KG,"0,87€","3,95€ / KG",
Filetes de Sardinha com Tomate e Legumes,PÊCHE OCÉAN,Emb. 0.1 KG,"1,39€","13,90€ / KG",
Champô Anti-Caspa Cool Sport Mentol para Todos os Tipos de Cabelo,LINIC,Emb. 0.36 LT,"4,94€","13,72€ / LT",
Barras Hero Muesly De Cereais Chocolate Negro 6x23g,HERO,Emb. 0.138,"1,79€","12,97€ /",
Bloco Sanitário Power 5 Blue Water Ocean,DOMESTOS,Emb. 0.106 KG,"2,74€","25,85€ / KG",
Alimento Seco P/ Gato Free Dc Salmão,BEYOND,Emb. 0.325 KG,"3,98€","12,25€ / KG",
Bolacha 0% Açúcar,CHIQUILÍN,Emb. 0.175 KG,"2,08€","11,89€ / KG",
CADERNO CAPA PRETA A4 LISO 60P,ESQUISSE,Emb. 1 UNID.,"0,85€","0,85€ / UNID.",
Refrigerante Mini C/ Gás Pack 12,COCA COLA,Emb. 1.8 LT,"6,23€","3,46€ / LT",
Bloco Sanitário Água Turquesa Activa de Limão,DOMESTOS,Emb. 0.053 KG,"2,09€","39,43€ / KG",
Discos Activos Gel WC Marine,PATO,Emb. 0.036 LT,"4,48€","124,44€ / LT",
Creme Depilatório Silk & Fresh,VEET,Emb. 0.2 LT,"6,64€","33,20€ / LT",
Vinho Regional Dão Tinto,DUQUE DE VISEU,Garrafa 0.75 LT,"3,49€","4,65€ / LT",
PAPEL VEGETAL 15 MT,ELEMBAL,Emb. 15 MT,"1,45€","0,10€ / MT",
Tablete Milka Leite,MILKA,Emb. 0.1 KG,"1,68€","16,80€ / KG",
Queijo Flamengo Light Fatiado,MIMOSA,Emb. 0.2 KG,"2,48€","12,40€ / KG",
ESCOVA DE DENTES CRIANCA COM LUZ  +3 ANOS,PETIT DENTAMYL,Emb. 1 UNID.,"2,51€","2,51€ / UNID.",
Gelado Super Maxi,OLÁ,Emb. 0.39 LT,"3,98€","10,21€ / LT",
"CANETA ROLLER GEL PRETA 0,5MM",ESQUISSE,Emb. 2 UNID.,"1,39€","0,70€ / UNID.",
Acendalha 100% Natural,SILEX,Emb. 40 UNID.,"1,99€","0,05€ / UNID.",
Pepino,,1 Unid. = 0.37 KG (aprox.),"2,49€/kg","0,92€ / Unid.",
PURE MACA/FRAMBOESA SEM ADICAO ACUCAR,DOUCEUR DU VERGER,Emb. 0.4 KG,"1,39€","3,48€ / KG",
Ambientador Difusor Essential Mist Lavanda,AIR WICK,Emb. 1 UNID.,"13,19€","13,19€ / UNID.",
Crocantes de Frango Original Ultracongelado,IGLO,Emb. 0.18 KG,"3,98€","22,11€ / KG",
PREPA PAIN CEREALES,TABLIER BLANC,Emb. 1 KG,"1,81€","1,81€ / KG",
Iogurte Natural 8x120g,DANONE,Emb. 0.96 KG,"2,58€","2,69€ / KG",
Johnson's Baby Spray para Cabelo Penteia,JOHNSON'S BABY,Emb. 0.2 LT,"4,38€","21,90€ / LT",
Bolachinhas de Manteiga sem Glúten,CHAQUE JOUR SANS GLUTEN,Emb. 0.13 KG,"1,79€","13,77€ / KG",
Café Torrado África Ásia e Brasil Moagem Grão,SICAL,Emb. 0.25 KG,"2,39€","9,56€ / KG",
ROLO DE MASSA FOLHADA 2X230G,TABLIER BLANC,Emb. 0.46 KG,"1,79€","3,89€ / KG",
SPRAY PENTEAR DESEMBARACANTE MORANGO E CEREJA PARA CRIANCAS,PETIT MANAVA,Emb. 0.2 LT,"1,54€","7,70€ / LT",
Iogurte Líquido de Manga e Papaia 4 Unid.,ACTIVIA,Emb. 0.62 KG,"1,99€","3,21€ / KG",
Pantene Purifica & Reconstrói Condicionador 160 ml,,Emb. 0.16 LT,"4,98€","31,13€ / LT",
Lixívia Tradicional 4 L,NEOBLANC,Emb. 4 LT,"2,84€","0,71€ / LT",
Xau Limpa Máquinas Limão 250ml,XAU,Emb. 0.25 LT,"3,99€","15,96€ / LT",
Bolachas Barquettes com Recheio de Morango,P'TIT DÉLI,Emb. 0.12 KG,"1,08€","9,00€ / KG",
Cereais de Espelta e Aveia 0% Açúcares,NESTUM,Emb. 0.25 KG,"2,18€","8,72€ / KG",
Vinho Tinto Regional Alentejano,COMP DO VINHO,Emb. 3 LT,"6,49€","2,16€ / LT",
Conserva Cogumelos Laminados,NOTRE JARDIN,Lata 0.185 KG,"0,65€","3,51€ / KG",
After Shave Original Lotion,OLD SPICE,Emb. 0.1 LT,"9,99€","99,90€ / LT",
CREME VEGETAL P/ CULINARIA,,Emb. 0.25 KG,"0,79€","3,16€ / KG",
Coloração Permanente Nutritiva 5.62 Vermelho Ousado,NUTRISSE,Emb. 1 UNID.,"9,48€","9,48€ / UNID.",
Água com Gás Pet 6x33 cl,PEDRAS SALGADAS,Emb. 1.98 LT,"2,77€","1,40€ / LT",
Néctar Essencial Frutos Vermelhos 3x110ml,COMPAL,Emb. 0.33 LT,"1,79€","5,42€ / LT",
Queijo Brique Vaca,LES CROISÉS,Emb. 0.2 KG,"1,95€","9,75€ / KG",
PIRIPIRI VAGEM,RUSTICA,Emb. 0.015 KG,"0,59€","39,33€ / KG",
Ficha Tripla 2X10X16A+1X6A,ECO+,Emb. 1 UNID.,"2,63€","2,63€ / UNID.",
Paloco Desfiado,,Emb. 0.4 KG,"4,40€","11,00€ / KG",
Conserva de Tremoço Extra,RUSTICA,Frasco 0.87 KG,"1,89€","2,17€ / KG",
Arroz Carolino,SALUDÃES,Emb. 1 KG,"1,13€","1,13€ / KG",
BACON EXTRA FATIADO,CAMPO FINO,Emb. 0.15 KG,"1,34€","8,93€ / KG",
Palmiers de massa Folhada com Manteiga,P'TIT DÉLI,Emb. 0.1 KG,"0,90€","9,00€ / KG",
MANGUEIRA 19MMX25M,BEAUX JOURS,Emb. 1 UNID.,"24,90€","24,90€ / UNID.",
Pão Embalado Hot Dog 6 Unid.,PANRICO,Emb. 0.33 KG,"1,78€","5,39€ / KG",
Sementes de Linhaça,MARQUE REPERE,Emb. 0.2 KG,"1,04€","5,20€ / KG",
Ambientador recarga cool mist zen lavanda,GLADE,Emb. 0.017 LT,"4,79€","281,76€ / LT",
Caldo de Carne,KNORR,Emb. 24 CUBOS,"2,39€","0,10€ / CUBOS",
Queijo Petit Brie,LES CROISÉS,Emb. 0.5 KG,"4,89€","9,78€ / KG",
Queijo de Ovelha Curado,LAGOS,Emb. 0.5 KG (aprox.),"8,98€","17,96€ / KG",
Vinho Verde Tinto,MONÇÃO,Garrafa 0.75 LT,"1,99€","2,65€ / LT",
LAVA TUDO CONCENTRADO ECOLOGICO,UNÍ VERT,Emb. 1 LT,"1,38€","1,38€ / LT",
Néctar Light Laranja e Manga,JAFADEN,Emb. 1 LT,"0,89€","0,89€ / LT",
PENSOS HIGIENICOS U.FINOS NORMAL 16UN,DOULYS,Emb. 16 UNID.,"1,09€","0,07€ / UNID.",
Compota de Maçã 4x100g,,Emb. 0.4 KG,"1,07€","2,68€ / KG",
Néctar Compal Vital de Ananás e Coco,COMPAL,Emb. 1 LT,"1,68€","1,68€ / LT",
DESODORIZANTE AXE AERO BLACK,AXE,Emb. 0.15 LT,"3,29€","21,93€ / LT",
Pá do Lixo c/ Espanador,,Emb. 1 UNID.,"1,99€","1,99€ / UNID.",
"ARROZ MUNDO ORIENTE BASMATI , 1kg",ORIENTE,,"3,28€",/ Unid.,
Vinagre de Vinho Branco,RUSTICA,Garrafa 0.75 LT,"0,59€","0,79€ / LT",
LONA PLASTICO 4X6M,ECO+,,"14,05€",/ Unid.,
Farinha,MAIZENA,Emb. 0.4 KG,"2,28€","5,70€ / KG",
Farinha Fina,BRANCA DE NEVE,Emb. 1 KG,"1,29€","1,29€ / KG",
Miolo de Amêndoa Laminada,MARQUE REPERE,Emb. 0.15 KG,"2,24€","14,93€ / KG",
Alimento Seco P/ Gato Coelho Frango,PURINA FRISKIES,Emb. 2 KG,"7,98€","3,99€ / KG",
Deo Spray 0% Sensitive 24H,SANEX,Emb. 0.15 LT,"2,69€","17,93€ / LT",
MAIONESE C/ MOSTARDA DE DIJON FRASCO,RUSTICA,Emb. 0.235 KG,"1,06€","4,51€ / KG",
Detergente para a Máquina da Loiça Extra Power,SUN,Emb. 76 PASTILHAS,"9,99€","0,13€ / PASTILHAS",
VASSOURA BORRACHA INTER/EXT,SILLAGE,Emb. 1 UNID.,"2,49€","2,49€ / UNID.",
Bebida Solúvel Cereais Cevada Chicória e Café,TOFINA,Frasco 0.2 KG,"2,24€","11,20€ / KG",
Tablete de Chocolate Daim,MILKA,Emb. 0.1 KG,"1,68€","16,80€ / KG",
FITA ADESIVA 66MX5,ECO+,Emb. 2 UNID.,"2,29€","1,15€ / UNID.",
Alho em Pó,MARGÃO,Emb. 0.055 KG,"3,18€","57,82€ / KG",
Snack Rodeo Carne de Vaca,PEDIGREE,Emb. 0.07 KG,"1,69€","24,14€ / KG",
Gelatina Light Morango,ROYAL,Emb. 0.031 KG,"2,08€","67,10€ / KG",
Snacks de Batata Sabor a Cebola,TOKAPI,Emb. 0.17 KG,"1,74€","10,24€ / KG",
Bic Lâminas Descartáveis Miss Soleil 3 + 1 Unidades,BIC,Emb. 3 UNID.,"4,28€","1,43€ / UNID.",
Ambientador Recarga Portátil Relax Zen Lavanda e Jasmim,GLADE,Emb. 3 UNID.,"10,78€","3,59€ / UNID.",
"AGUA VIMEIRO LISA PET 4X1,5L",VIMEIRO,,"1,48€",/ Unid.,
Cereais Pétalas Chocolate Leite,GRAINEA,Emb. 0.3 KG,"1,49€","4,97€ / KG",
Molho Vinagrete Natural,RUSTICA,Emb. 0.05 LT,"1,12€","22,40€ / LT",
Lentilhas Verdes Secas,NOTRE JARDIN,Emb. 0.5 KG,"1,49€","2,98€ / KG",
Cera Fixadora,AXE,Emb. 0.075 LT,"3,99€","53,20€ / LT",
Doce de Framboesa,CASA MATEUS,Frasco 0.345 KG,"2,69€","7,80€ / KG",
Bolachas Maria sem Açúcar,GULLÓN,Emb. 0.4 KG,"2,34€","5,85€ / KG",
QUEIJO BRILLAT SAVARIN,NOS RÉGIONS ONT DU TALENT,Emb. 0.2 KG,"3,73€","18,65€ / KG",
TERRA UNIVERSAL,ECO+,Emb. 40 LT,"4,99€","0,12€ / LT",
Bolachas Creme Cebola,TUC,Emb. 0.1 KG,"1,18€","11,80€ / KG",
Pão De Forma Rústico 0% Açúcar,PANRICO,Emb. 0.375 KG,"2,08€","5,55€ / KG",
Azeitona Verde Retalhada com Ervas,RUSTICA,Emb. 0.36 KG,"1,79€","4,97€ / KG",
Iogurte Natural 4x125 g,,Emb. 0.5 KG,"0,65€","1,30€ / KG",
Mel de Flores Biológico,,Frasco 0.5 KG,"4,00€","8,00€ / KG",
Ração P/ Gato Esterlizado C/ Salmão,ULTIMA,Emb. 0.8 KG,"7,48€","9,35€ / KG",
Ambientador Pure Nenuco Frescura Colónia de Bebé,AIR WICK,Spray 0.25 LT,"4,19€","16,76€ / LT",
Queijo Fatiado -50% Gordura 2X200 g,TERRA NOSTRA,Emb. 0.4 KG,"5,18€","12,95€ / KG",
"GEL DUCHE ""MATCHA/GENGIBRE"" CONCENTRADO",NATEIS,,"1,85€",/ Unid.,
Pensos Higiénicos Salvaslip MaxiPlus,EVAX,Emb. 30 UNID.,"2,98€","0,10€ / UNID.",
Vinho Regional Alentejo Tinto,TERRAS D'EL REI,Garrafa 0.75 LT,"2,39€","3,19€ / LT",
Fraldas Cueca Maxi G,LINDOR,Emb. 14 UNID.,"21,26€","1,52€ / UNID.",
BOLACHA MARIA DOURADA,P'TIT DÉLI,,"1,69€",/ Unid.,
Gomas Trio Brilho,COPAÍNS COPINES,Emb. 0.2 KG,"0,99€","4,95€ / KG",
NAPOLITANAS CHOCOLATE 10UN,ECO+,Emb. 0.45 KG,"2,17€","4,82€ / KG",
Wafers de Baunilha,,Emb. 0.17 KG,"1,22€","7,18€ / KG",
Refrigerante sem Gás Laranja,FRUTIS,Garrafa 1.5 LT,"1,15€","0,77€ / LT",
RECARGAS MOPA 40,CLAIR,Emb. 40 UNID.,"2,98€","0,07€ / UNID.",
Sumo Ananás abc 6 Unid.,JAFADEN,Emb. 1.2 LT,"1,69€","1,41€ / LT",
Alimento Húmido P/ Gato Carne Variada 3x400g,TOUS MES AMIS,Emb. 1 KG,"2,59€","2,59€ / KG",
Champô Volume Toranja Branca e Menta,HERBAL ESSENCES,Emb. 0.4 LT,"3,99€","9,98€ / LT",
Pensos Higiénicos Normal Plus Alas,EVAX,Emb. 14 UNID.,"2,58€","0,18€ / UNID.",
CREPES SIMPLES 16UN,TROFIC,Emb. 1 KG,"3,99€","3,99€ / KG",
Sal Marinho Iodado,VATEL,Emb. 1 KG,"0,98€","0,98€ / KG",
OIKOS CARAMELO 110G X4,OIKOS,Emb. 0.44 KG,"2,39€","5,43€ / KG",
Chocolate de Leite Oreo,MILKA,Emb. 0.037 KG,"0,99€","26,76€ / KG",
Esparguete Cozedura Rápida,TURINI,Emb. 0.5 KG,"1,09€","2,18€ / KG",
Iogurte Sólido Magro Tutti-Frutti e Coco 6x120g,LONGA VIDA,,"2,09€",/ Unid.,
Iogurte Líquido Cálcio 8x100 g,DÉLISSE,Emb. 0.8 KG,"1,95€","2,44€ / KG",
Durex Play Lubrificante de Morango,DUREX,Emb. 0.05 LT,"7,49€","149,80€ / LT",
Fermento de Padeiro 6x5g,TABLIER BLANC,Emb. 0.03 KG,"1,55€","51,67€ / KG",
Bolachas Cobertas Chocolate,P'TIT DÉLI,Emb. 0.25 KG,"2,46€","9,84€ / KG",
Pão de Ló,,1 Unid. = 0.575 KG (aprox.),"9,99€/kg","5,74€ / Unid.",
Açúcar em Pó 100 saquetas,TÉVA,Emb. 0.5 KG,"2,22€","4,44€ / KG",
Papel Higiénico 3 Folhas Acolchoado,SCOTTEX,Emb. 9 ROLOS,"5,98€","0,66€ / ROLOS",
Refrigerante com Gás Guarana,ANTARCTICA,Garrafa 1.5 LT,"1,98€","1,32€ / LT",
Queijo Emmental,LES CROISÉS,Emb. 0.25 KG,"1,89€","7,56€ / KG",
BETERRABA EM VINAGRE 345G,FERBAR,Emb. 0.345 KG,"1,09€","3,16€ / KG",
Sumo Refrigerado Florida,SUNNY DELIGHT,Garrafa 0.31 LT,"0,78€","2,52€ / LT",
Salsichão Cozido com Alho,ECO+,,"2,69€",/ Unid.,
Bloco Sanitário Floral,SONASOL WC,Emb. 0.05 KG,"1,94€","38,80€ / KG",
Mini Pizza Piccolinis Salsicha Frankfurt 9 Unid.,BUITONI,Emb. 0.27 KG,"3,98€","14,74€ / KG",
Sardinha em Óleo Vegetal,BOM PETISCO,Emb. 0.12 KG,"0,99€","8,25€ / KG",
Pensos Higiénicos Super C/ Abas Eco,UNÍ VERT,Emb. 12 UNID.,"1,35€","0,11€ / UNID.",
POSTA DE PESCADA Nº3 COZER,PÊCHE OCÉAN,Emb. 0.6 KG,"3,89€","6,48€ / KG",
Pêra Conference Cal. 60+,,1 Unid. = 0.21 KG (aprox.),"1,99€/kg","0,42€ / Unid.",
Pensos Diários Salva Slip Adapt,EVAX,Emb. 30 UNID.,"1,94€","0,06€ / UNID.",
Bolachas Cream Cracker Nova Receita,VIEIRA,Emb. 0.2 KG,"1,24€","6,20€ / KG",
Pensos Higiénicos Normal Alas,AUSONIA,Emb. 14 UNID.,"1,69€","0,12€ / UNID.",
Conserva de Cogumelos Laminados,NOTRE JARDIN,Lata 0.78 KG,"2,25€","2,88€ / KG",
2000 AGRAFOS N°10,ESQUISSE,,"0,99€",/ Unid.,
Patê Bocadelia Recheio Atum,LA PIARA,Emb. 0.18 KG,"2,24€","12,44€ / KG",
Bife da Vazia Novilho,,1 Unid. = 0.55 KG (aprox.),"11,99€/kg","6,59€ / Unid.",
Porta Fatos Pequeno,SILLAGE,Emb. 1 UNID.,"2,69€","2,69€ / UNID.",
ALIMENTO HUMIDO C/ MOLHO VACA FRANGO LEGUMES P/ CAO 4X100G,TOUS MES AMIS,Emb. 4 UNID.,"1,68€","0,42€ / UNID.",
Óleo Reconstrutor,AUSSIE,Emb. 0.1 LT,"7,49€","74,90€ / LT",
Alimento Húmido P/ Gato Carne Vaca Gold,GOURMET,Emb. 0.085 KG,"0,74€","8,71€ / KG",
Néctar Clássico 100% Laranja,COMPAL,Emb. 1 LT,"1,68€","1,68€ / LT",
PORTFOLIO A4 60 BOLSAS,ESQUISSE,Emb. 60 UNID.,"2,99€","0,05€ / UNID.",
BANZAI NOODLE CAMARAO CIGALA,BANZAI,Emb. 0.067 KG,"1,19€","17,76€ / KG",
Champô Cabelo Ultra Suave Louros Camomila,GARNIER,Emb. 0.25 LT,"3,58€","14,32€ / LT",
"AMBIENTADOR MECHA ""FRUTOS VERMELHOS"" 375ML",BIEN AIR,Emb. 0.375 LT,"1,39€","3,71€ / LT",
Vinho de Mesa Rosé,ECO+,Emb. 2 LT,"2,69€","1,35€ / LT",
Cajú Torrado sem Sal,TOKAPI,Emb. 0.125 KG,"2,52€","20,16€ / KG",
Ervilhas Ultracongelados,IGLO,Emb. 0.375 KG,"2,28€","6,08€ / KG",
Areia Higiénica Perfumada para Gato,ECO+,Emb. 7 LT,"1,74€","0,25€ / LT",
Luvas Finas Descartáveis Vinil Tam. M,,Emb. 0.45 KG,"6,89€","15,31€ / KG",
KINDER DELICE CACAU T10,KINDER,Emb. 0.39 KG,"3,69€","9,46€ / KG",
Cogumelos Laminados,ECO+,Emb. 0.23 KG,"1,06€","4,61€ / KG",
Espinafre Picado Congelado,NOTRE JARDIN,Emb. 1 KG,"1,25€","1,25€ / KG",
Fraldas Bebé T5 Doucer 11/25 Kg,MOTS D'ENFANTS,Emb. 66 UNID.,"12,81€","0,19€ / UNID.",
Bolo com Recheio de Morango 14 Unid.,,Emb. 0.42 KG,"2,66€","6,33€ / KG",
Snack P/ Gato Original Maxi Pack,FELIX,Emb. 0.2 KG,"3,98€","19,90€ / KG",
Champô Anti-Caspa Cuidado Suave para Todos os Tipos de Cabelo,LINIC,Emb. 0.36 LT,"4,94€","13,72€ / LT",
Tónica Suave Pele Seca,NIVEA,Emb. 0.2 LT,"5,99€","29,95€ / LT",
Conserva de Salsichas 7 Unid. Extra Suculentas,NOBRE,Frasco 0.35 KG,"1,68€","4,80€ / KG",
Sopa de Espargos,KNORR,Emb. 0.07 KG,"1,49€","21,29€ / KG",
BLOCO SANITARIO ANTI-TARTARO PINHO 3UN,ECO+,Emb. 3 UNID.,"1,16€","0,39€ / UNID.",
SORTIDO MINI PAES/CROISSANTS CHOCOLATE 12UN,EPI D'OR,Emb. 0.372,"3,35€","9,01€ /",
Cream Crackers,JACOB'S,Emb. 0.2 KG,"1,78€","8,90€ / KG",
Arroz Agulha,LOURO,Emb. 1 KG,"1,38€","1,38€ / KG",
Chouriça do Lavrador,SNR,Emb. 0.18 KG,"1,39€","7,72€ / KG",
Doce de Laranja Biológico,,Emb. 0.375 KG,"2,15€","5,73€ / KG",
Cola Neoprene Líquida,FOXTER,Emb. 0.055 LT,"1,69€","30,73€ / LT",
Spray Mousse Harmonias Florais,NEOBLANC,Spray 0.7 LT,"2,59€","3,70€ / LT",
Iogurte Bifidus Activia Cremoso Frutos Silvestres 4 Unid.,DANONE,Emb. 0.48 KG,"1,99€","4,15€ / KG",
Vinho Branco Alentejo Doc Reserva,REGUENGOS,Garrafa 0.75 LT,"4,49€","5,99€ / LT",
ESPIRAIS TURINI,TURINI,Emb. 0.5 KG,"0,79€","1,58€ / KG",
Sua Vinha Tetra Pak Branco,SUA VINHA,Emb. 1 LT,"0,99€","0,99€ / LT",
Cerveja C/ Álcool 24x25cl,CARLSBERG,Emb. 6 LT,"12,94€","2,16€ / LT",
Recarga Sabonete Líquido Framboesa/Peonia,MANAVA,Emb. 0.25 LT,"0,65€","2,60€ / LT",
Ananás em Fatias Inteiras em Calda Leve,,Lata 0.55 KG,"1,58€","2,87€ / KG",
MOZZARELLA BUFALA,LES CROISÉS,Emb. 0.125 KG,"1,69€","13,52€ / KG",
RECARGA LIMPA VIDROS ECOLOGICO,UNÍ VERT,Emb. 0.75 LT,"2,10€","2,80€ / LT",
VAGEM DE BAUNILHA BOURBON BIO,,Emb. 1 UNID.,"3,99€","3,99€ / UNID.",
Leite UHT Magro,,Emb. 1 LT,"0,82€","0,82€ / LT",
Champô,TRESEMMÉ,Emb. 0.7 LT,"6,59€","9,41€ / LT",
Papel Higiénico 4 Folhas,RENOVA,Emb. 9 ROLOS,"5,38€","0,60€ / ROLOS",
Agrião,,Emb. 0.15 KG,"1,19€","7,93€ / KG",
TORTAS DE ANIS - 12UN,P'TIT DÉLI,Emb. 0.4 KG,"2,37€","5,93€ / KG",
ALCOOL ETILICO 96º,PRIMOPLAST,Emb. 0.25 LT,"0,76€","3,04€ / LT",
Cerveja com Álcool Mini 20x25cl,CRISTAL,Emb. 5 LT,"7,59€","1,52€ / LT",
Pastilhas Máquina Loiça Platinum Plus,FAIRY,Emb. 20 UNID.,"11,48€","0,57€ / UNID.",
VELAS TEALIGHTS 100UN,ECO+,Emb. 100 UNID.,"5,99€","0,06€ / UNID.",
Amaciador Cabelo Normais Garnier Força e Brilho,FRUCTIS,Emb. 0.2 LT,"3,98€","19,90€ / LT",
Bolo de Marmore Chocolate,P'TIT DÉLI,Emb. 0.3 KG,"1,92€","6,40€ / KG",
Pastilhas Café Descafeinado,DELTA,Emb. 16 PAST.,"3,88€","0,24€ / PAST.",
Água C/ Gás 6 Unid.,SAINT DIERY,Emb. 3 LT,"1,69€","0,56€ / LT",
Manteiga com Sal,PRIMOR,Emb. 0.25 KG,"2,23€","8,92€ / KG",
Escova Piaçaba,SILLAGE,Emb. 1 UNID.,"1,99€","1,99€ / UNID.",
Atum em Azeite Biológico,BOM PETISCO,Emb. 0.12 KG,"1,67€","13,92€ / KG",
Bolachas com Pepitas Chocolate Energy 5 Saquetas,CHIQUILÍN,Emb. 0.2 KG,"2,68€","13,40€ / KG",
Massa Fettuccine,MILANEZA,Emb. 0.5 KG,"1,98€","3,96€ / KG",
Chiclets de Morango 12 Unid.,CHICLETS,Emb. 0.017 KG,"0,98€","57,65€ / KG",
Vinagre Balsâmico de Modena,GALLO,Garrafa 0.25 LT,"1,69€","6,76€ / LT",
Bolachas de Gérmen de Trigo C/ Pepitas Chocolate Leite,NAT&VIE,Emb. 0.2 KG,"1,54€","7,70€ / KG",
Marcadores de Colorir Laváveis Ponta Média,ESQUISSE,Emb. 24 UNID.,"4,19€","0,17€ / UNID.",
Esfregão Vegetal,,Emb. 2 UNID.,"0,99€","0,50€ / UNID.",
Queijo Curado 7 meses,SÃO JORGE,Emb. 0.4 KG,"6,18€","15,45€ / KG",
Chá Verde Pure,LIPTON,Emb. 20 SAQS,"1,39€","0,07€ / SAQS",
Pato Inteiro,,1 Unid. = 2.15 KG (aprox.),"4,99€/kg","10,73€ / Unid.",
Queijo Meio Gordo de Lamego,PAIVA,1 Unid. = 1.2 KG (aprox.),"10,99€/kg","13,19€ / Unid.",
Queijo Coulommiers,LES CROISÉS,Emb. 0.35 KG,"2,97€","8,49€ / KG",
Nectar Clássico Alperce 3x20cl,COMPAL NECTAR,Emb. 0.08 LT,"1,48€","18,50€ / LT",
MIOLO MEXILHAO SKIN PACK,PÊCHE OCÉAN,Emb. 0.23 KG,"1,89€","8,22€ / KG",
Derma SPA Goodness Body Cream,DOVE,Emb. 0.3 LT,"4,99€","16,63€ / LT",
Sortido Húngaro,,Emb. 0.3 KG,"2,29€","7,63€ / KG",
PIMENTA BRANCA MOIDA SAQUETA,RUSTICA,Emb. 0.1 KG,"2,44€","24,40€ / KG",
TRANSPORTADORA P/CAO 55CM 1UN P\'TIT AMI,P'TIT AMI,Emb. 1 UNID.,"16,49€","16,49€ / UNID.",
SARDINHA OLEO DE GIRASSOL,PÊCHE OCÉAN,Emb. 0.12 KG,"1,05€","8,75€ / KG",
Massa Linguine C/ Tinta de Choco,MILANEZA,Emb. 0.5 KG,"3,18€","6,36€ / KG",
Queijo Curado Apimentado,,1 Unid. = 1 KG (aprox.),"8,99€/kg","8,99€ / Unid.",
PLACA ELETRICA 1 DISCO,ECO+,Emb. 1 UNID.,"16,99€","16,99€ / UNID.",
Cereais Chocomax,NACIONAL,Emb. 0.3 KG,"1,69€","5,63€ / KG",
WC PARA GATO,P'TIT AMI,Emb. 1 UNID.,"14,43€","14,43€ / UNID.",
Bolachas Amanteigadas Palet breton 2x125g,P'TIT DÉLI,Emb. 0.25 KG,"1,99€","7,96€ / KG",
Ameixa Vermelha Cal. 45/55,,1 Unid. = 0.09 KG (aprox.),"2,99€/kg","0,27€ / Unid.",
Gelatina em Pó Pêssego,TABLIER BLANC,Emb. 0.17 KG,"0,84€","4,94€ / KG",
Sumo de Manga 3x200ml,UM BONGO,Emb. 0.6 LT,"1,48€","2,47€ / LT",
Tomate Guloso Pelado 800g,GULOSO,Emb. 0.8 KG,"2,49€","3,11€ / KG",
Johnson's Baby Gel de Banho Suave,JOHNSON'S BABY,Emb. 0.75 LT,"3,89€","5,19€ / LT",
Bolo de Massa em Espiral,P'TIT DÉLI,Emb. 0.2 KG,"1,49€","7,45€ / KG",
COLORACAO VEGETAL CASTANHO CLARO BIO,BIONAÏA,Emb. 1 UNID.,"6,99€","6,99€ / UNID.",
DESODORIZANTE SPRAY INVISIBLE MEN 100ML COMPACT,CARRÉ HOMME,Emb. 0.1 LT,"1,19€","11,90€ / LT",
Esfregão Salva Unhas Classic Comfort,SCOTCH BRITE,Emb. 2 UNID.,"2,43€","1,22€ / UNID.",
FORMA PUDIM CANELADA 18 CM.,ECO+,Emb. 1 UNID.,"5,99€","5,99€ / UNID.",
Bolacha Maria sem Açúcar 12 Unid.,,Emb. 0.3 KG,"3,53€","11,77€ / KG",
Sobremesa Tiramisu 4x80g,DÉLISSE,Emb. 0.32 KG,"2,49€","7,78€ / KG",
GRANOLA BAGAS GOJI E GROSELHA PRETA,GRAINEA,Emb. 0.35 KG,"2,75€","7,86€ / KG",
BOLACHAS AREADAS C/ RECH AVELAS E CACAU MAGRO,P'TIT DÉLI,Emb. 0.125 KG,"1,48€","11,84€ / KG",
Rum de Coco,MALIBU,Garrafa 0.7 LT,"15,99€","22,84€ / LT",
Pão de Forma Especial Torradas,BIMBO,Emb. 0.7 KG,"1,84€","2,63€ / KG",
Café Capsulas Decaf Intensidade 2,PLANTATION,Emb. 10 CAPS.,"1,79€","0,18€ / CAPS.",
Ambientador 5 em 1 Relax Zen,BRISE,Emb. 0.3 LT,"1,54€","5,13€ / LT",
Licor Anis Escarchado,BORLIDO,Garrafa 1 LT,"8,49€","8,49€ / LT",
Sidra Normand Brut,LES GOELLERIES,Garrafa 0.75 LT,"1,99€","2,65€ / LT",
Café Cápsulas Fortissimo Intensidade 10,PLANTATION,Emb. 10 CAPS.,"1,49€","0,15€ / CAPS.",
Nuggets de Peito de Frango,IGLO,Emb. 0.22 KG,"5,98€","27,18€ / KG",
DETERGENTE MANUAL LOICA CONCENTRADO LIMA E UVA BRANCA,VISIOR,Emb. 0.5 LT,"1,29€","2,58€ / LT",
Queijo Fundido,VACA QUE RI,Emb. 0.15 KG,"1,74€","11,60€ / KG",
Açúcar Branco em Pedaços,,Emb. 1 KG,"1,50€","1,50€ / KG",
Rolo de Cozinha Extra XXL,RENOVA,Emb. 1 ROLO,"1,18€","1,18€ / ROLO",
Vinho Branco,COMP DO VINHO,Bag in Box 5 LT,"4,69€","0,94€ / LT",
Leite UHT Pastagem Magro,TERRA NOSTRA,Emb. 1 LT,"1,03€","1,03€ / LT",
Tablete Chocolate Branco,TABLETTE D'OR,Emb. 0.2 KG,"1,49€","7,45€ / KG",
Couve Lombarda,,1 Unid. = 1.2 KG (aprox.),"1,09€/kg","1,31€ / Unid.",
Hambúrguer de Atum 2x75 g,BOM PETISCO,Emb. 0.15 KG,"2,74€","18,27€ / KG",
PENSOS DIARIOS U.FINOS ALOE VERA POCKET 30UN,DOULYS,Emb. 30 UNID.,"1,30€","0,04€ / UNID.",
Alimento Seco P/ Gatos Esterilizados Peru e Legumes,PURINA FRISKIES,Emb. 1.5 KG,"6,98€","4,65€ / KG",
Bolachas com Recheio Cereja Cobertura Chocolate,P'TIT DÉLI,Emb. 0.15 KG,"0,98€","6,53€ / KG",
Detergente Liquido para a Máquina da Roupa Concentrado,SKIP,Emb. 80 DOSES,"15,99€","0,20€ / DOSES",
Fermento de Padeiro,VAHINÉ,Emb. 0.018 KG,"1,58€","87,78€ / KG",
Conserva de Pickles em Vinagre,RUSTICA,Frasco 0.36 KG,"0,99€","2,75€ / KG",
Queijo Flamengo Barra,DA FLORESTA,1 Unid. = 0.25 KG (aprox.),"5,99€/kg","1,50€ / Unid.",
Ração seca para gato c/ Salmão,ULTIMA,Emb. 0.75 KG,"5,39€","7,19€ / KG",
Caderno Capa Preta Quadriculado A4 60p,ESQUISSE,Emb. 1 UNID.,"0,85€","0,85€ / UNID.",
Bolacha Ondulada,,Emb. 0.3 KG,"1,69€","5,63€ / KG",
Tiras P/ Porcos da Índia Sabor Mel,TOUS MES AMIS,Emb. 0.11 KG,"1,94€","17,64€ / KG",
Caldo Natura de Carne Pack 4,KNORR,Emb. 0.112 KG,"1,49€","13,30€ / KG",
Alheira Regional - PDTO Lamego,SNR,Emb. 0.21 KG,"1,29€","6,14€ / KG",
Pastilha Elástica Senses Tropical Mix,TRIDENT,Emb. 0.023 KG,"0,94€","40,87€ / KG",
Vinho Regional Península de Setúbal Tinto,ADEGA DE PEGÕES,Garrafa 0.75 LT,"1,59€","2,12€ / LT",
CAPPUCCINO SABOR BAUNILHA,PLANTATION,Emb. 0.31 KG,"2,99€","9,65€ / KG",
Desodorizante Zero% - Spray Invisível,SANEX,Emb. 0.15 LT,"2,69€","17,93€ / LT",
Fraldas Bebé T5 ACTIV+ 11/25 Kg,MOTS D'ENFANTS,Emb. 35 UNID.,"9,19€","0,26€ / UNID.",
Salsichas Cocktail,TRADILÈGE,Emb. 0.4 KG,"3,40€","8,50€ / KG",
BOLA FUTEBOL PLASTICO T4,WOODSUN,Emb. 1 UNID.,"2,99€","2,99€ / UNID.",
Pipocas Coloridas,TOKAPI,Emb. 0.1 KG,"0,88€","8,80€ / KG",
Biscoitos P/ Roedores Ovo e Fruta,TOUS MES AMIS,Emb. 6 UNID.,"1,79€","0,30€ / UNID.",
Bacalhau Especial Noruega Asa Preta,,1 Unid. = 4 KG (aprox.),"10,99€/kg","43,96€ / Unid.",
SACOS LIXO C/ ATILHO 20L,ELEMBAL,Emb. 20 UNID.,"0,99€","0,05€ / UNID.",
Maionese Vegan sem Glúten,CALVÉ,Emb. 0.27 KG,"3,30€","12,22€ / KG",
Batatas Fritas Crocantes Onduladas,POM'LISSE,Emb. 0.15 KG,"1,14€","7,60€ / KG",
Ice Tea Pêssego Zero,FRESH TEA,Garrafa 1.5 LT,"1,19€","0,79€ / LT",
Conserva de Ervilhas com Cenoura Cozidas,,Lata 0.53 KG,"1,49€","2,81€ / KG",
Alimento Seco P/ Cão Mini Menu Frango,PURINA FRISKIES,Emb. 1.5 KG,"4,84€","3,23€ / KG",
Pimentão Doce Colorau,RUSTICA,Emb. 0.05 KG,"0,45€","9,00€ / KG",
Café pur Arabica Amérique Latine em Grão Biológico,,Emb. 0.25 KG,"3,49€","13,96€ / KG",
Aquafresh Branco Intenso 2x75ml,AQUAFRESH,,"3,49€",/ Unid.,
BEBIDA AMENDOA BIO,,Emb. 1 LT,"2,23€","2,23€ / LT",
SABONETE LIQUIDO ALPERCE/ALOE VERA BIO,BIONAÏA,Emb. 0.3 LT,"1,85€","6,17€ / LT",
POSTAS DE BACALHAU ULTRACONGELADAS,ECO+,Emb. 0.8 KG,"5,99€","7,49€ / KG",
Elixir Anti-Cáries,LISTERINE,Emb. 0.5 LT,"6,48€","12,96€ / LT",
Alimento P/ Cão de Frango C/ Mandioca S/ Glúten,BEYOND,Emb. 1.2 KG,"8,48€","7,07€ / KG",
Salsa em Folhas,MARGÃO,Emb. 0.006 KG,"1,18€","196,67€ / KG",
BL1 LED STANDARD 12W-75W E27,FOXTER,Emb. 1 UNID.,"6,76€","6,76€ / UNID.",
BACALHAU COM NATAS,CÔTÉ TABLE,Emb. 0.25 KG,"2,99€","11,96€ / KG",
Caderno Capa Preta Pautado A5 60p,ESQUISSE,,"0,81€",/ Unid.,
Máscara Multiusos Óleo Extraordinário Óleo de Coco,L'ORÉAL PARIS,Emb. 0.3 LT,"6,98€","23,27€ / LT",
Bolachas Cookies Original Chocolate,CHIPS AHOY,Emb. 0.3 KG,"3,28€","10,93€ / KG",
Desodorizante Bodyspray Gold Temptation,AXE,Emb. 0.15 LT,"3,29€","21,93€ / LT",
Champô para Homem Anticaspa Cool Sport Mentol,LINIC,Emb. 0.225 LT,"3,34€","14,84€ / LT",
ARROZ AGU.VAPORIZADO CIGALA 1KG,CIGALA,Emb. 1 KG,"1,27€","1,27€ / KG",
Creme Culinário de Coco,SHOYCE,Emb. 0.2 LT,"1,68€","8,40€ / LT",
MOLHO PIRI-PIRI FERBAR 210G,FERBAR,Emb. 0.21 KG,"1,18€","5,62€ / KG",
Chá Verde com Gengibre Immune Support,LIPTON,Emb. 0.032 KG,"1,94€","60,63€ / KG",
Iogurte Bifidus Cremoso Frutos Silvestres 0% 4 Unid.,DANONE,Emb. 0.48 KG,"1,99€","4,15€ / KG",
BB CREAM 5EM1 CLARO 50ML,INELL,Emb. 0.05 LT,"3,48€","69,60€ / LT",
Maionese com Mostarda de Dijon,,Frasco 0.47 KG,"1,64€","3,49€ / KG",
Gel de Banho Cuidado Intensivo,DOVE,Emb. 0.5 LT,"2,49€","4,98€ / LT",
Tenaz Carpinteiro 200Mm,FOXTER,Emb. 1 UNID.,"3,99€","3,99€ / UNID.",
Tarte de Alho Frances,CÔTÉ TABLE,Emb. 0.4 KG,"2,40€","6,00€ / KG",
Cola Multi-Usos S/ Solvente,FOXTER,Emb. 0.055 LT,"2,69€","48,91€ / LT",
LAVA TUDO FLORAL,CLAIR,Emb. 2 UNID.,"0,90€","0,45€ / UNID.",
Sabonete Sólido Flores Brancas 4 Unid.,MANAVA,Emb. 0.4 KG,"2,05€","5,13€ / KG",
Alimento Seco Cão Active Completo,PURINA FRISKIES,Emb. 4 KG,"9,59€","2,40€ / KG",
Queijo Mistura Pequeno,ALAVÃO,Emb. 0.6 KG (aprox.),"9,99€/kg","5,99€ / Unid.",
DESMAQUILHANTE DE OLHOS WATERPROOF BIFASICO,BIONAÏA,Emb. 0.15 LT,"2,59€","17,27€ / LT",
Sumo 100% Laranja C/ Polpa,JAFADEN,Emb. 1 LT,"1,49€","1,49€ / LT",
Desodorizante Clean Fresh Scent Stick,REXONA,Emb. 0.045 LT,"4,79€","106,44€ / LT",
APERITIVOS SORTIDOS,TOKAPI,Emb. 0.1 KG,"1,04€","10,40€ / KG",
Pensos Higiénicos Normal,ECO+,Emb. 20 UNID.,"1,09€","0,05€ / UNID.",
Cone Leite Creme,TRIUM,Emb. 6 UNID.,"2,15€","0,36€ / UNID.",
Conjunto de 8 Chaves Mistas,FOXTER,Emb. 8 UNID.,"14,91€","1,86€ / UNID.",
Sortido Feltro Adesivos 186 Peças,FOXTER,,"3,46€",/ Unid.,
"PAO TOSTADO ALHO LOTE DE 2 ""CROUTON"" 2X90G",EPI D'OR,Emb. 0.18 KG,"1,12€","6,22€ / KG",
Vinho Branco A.O.C. Gewurztramin 2014,REBMANN,Garrafa 0.75 LT,"5,49€","7,32€ / LT",
SALTEADO DE COGUMELOS,NOTRE JARDIN,Emb. 0.4 KG,"3,77€","9,43€ / KG",
Gelatina Sabor Melancia 2x85g,TABLIER BLANC,Emb. 0.17 KG,"0,94€","5,53€ / KG",
Bolo Chantilly com Fruta,,1 Unid. = 1 KG (aprox.),"11,99€/kg","11,99€ / Unid.",
Vinho do Porto Dona Antonia,FERREIRA,Emb. 0.75 LT,"10,98€","14,64€ / LT",
COGUMELO FERBAR LAMINADO 185G,FERBAR,Emb. 0.185,"0,74€","4,00€ /",
Deo Roll On Hidra Essencial 0% Álcool,VASELINE,Emb. 0.05 LT,"2,09€","41,80€ / LT",
Pano Microfibra Colors,VILEDA,Emb. 4 UNID.,"4,95€","1,24€ / UNID.",
Gelado Magic,SMICY,Emb. 8 UNID.,"1,66€","0,21€ / UNID.",
Café Torrado Moído Clássico Intensidade 9,SICAL,Emb. 16 UNID.,"3,88€","0,24€ / UNID.",
Pão de Leite 8 Unid.,P'TIT DÉLI,Emb. 0.32 KG,"1,09€","3,41€ / KG",
Papa Infantil Bolacha Maria,CERELAC,Emb. 0.4 KG,"1,84€","4,60€ / KG",
BLOCO NOTAS ADESIVO 75X75MM 4X100UN,ESQUISSE,Emb. 4 UNID.,"2,89€","0,72€ / UNID.",
DOSSIER A4 LOMBADA 7CM,ESQUISSE,Emb. 1 UNID.,"1,59€","1,59€ / UNID.",
Sobremesa Gelado Mini Chocolate e Caramelo 6x60ml,MAGNUM,Emb. 0.36 LT,"5,98€","16,61€ / LT",
TRAVESSA INOX 35CM,ECO+,Emb. 1 UNID.,"5,49€","5,49€ / UNID.",
CLIPES COLORIDOS,ESQUISSE,Emb. 100 UNID.,"0,99€","0,01€ / UNID.",
Dentífrico Maximum Protection Caries,COLGATE,Emb. 0.075 LT,"3,08€","41,07€ / LT",
BOLACHAS RETANGULARES COM RECHEIO DE CHOCOLATE,P'TIT DÉLI,Emb. 0.125 KG,"1,17€","9,36€ / KG",
PURE MACA/MANGA SEM ADICAO ACUCAR,DOUCEUR DU VERGER,Emb. 0.4 KG,"1,39€","3,48€ / KG",
Sortido de Biscoitos Finos,EQUADOR,Emb. 0.2 KG,"1,99€","9,95€ / KG",
Iogurte Líquido Morango/Framboesa,DANONE,Emb. 0.3 KG,"1,89€","6,30€ / KG",
Papel Higiénico Cuidado Completo Original 3 em 1,SCOTTEX,Emb. 16 UNID.,"4,98€","0,31€ / UNID.",
Amaciador Cabelos Total Repair,ELVIVE,Emb. 0.2 LT,"3,98€","19,90€ / LT",
Vinagre Balsâmico de Modène,RUSTICA,Garrafa 0.5 LT,"2,01€","4,02€ / LT",
Pantene Volume & Brilho Champô 250 ml,,Emb. 0.25 LT,"4,98€","19,92€ / LT",
FITA COLA TRANSPARENTES 25M 5UN,ECO+,Emb. 5 UNID.,"1,95€","0,39€ / UNID.",
Limpa Máquinas Roupa,SKIP,Emb. 0.36 KG,"6,49€","18,03€ / KG",
Sumo de Laranja 3x20 cl,UM BONGO,Emb. 0.6 LT,"1,48€","2,47€ / LT",
Regulador Ph Menos LÍquido,BEAUX JOURS,Emb. 6 LT,"10,77€","1,80€ / LT",
Frango Campestre com Alho e Cebola,MAGGI,Emb. 0.03,"0,74€","24,67€ /",
Tiras Limpiadoras Purificantes,NIVEA,Emb. 6 P,"7,98€","1,33€ / P",
MINI CANETA CORRETORA 3UN,ESQUISSE,Emb. 3 UNID.,"2,59€","0,86€ / UNID.",
Álcool Desnaturado,,Emb. 1 LT,"2,80€","2,80€ / LT",
MOLHO AGRIDOCE PICANTE,TABLES DU MONDE,Emb. 0.3 KG,"1,85€","6,17€ / KG",
Refrigerante C/ Gás Cola Clear,JEAN'S,Emb. 1 LT,"1,29€","1,29€ / LT",
AGUA MICELAR CLÁSSICA 700ML,GARNIER,,"10,68€",/ Unid.,
Rolo Cozinha Mega ECO 1=10,MARQUE REPERE,Emb. 1 UNID.,"2,98€","2,98€ / UNID.",
MINI RATO WIRELESS PRETO,LINKSTER,Emb. 1 UNID.,"10,49€","10,49€ / UNID.",
Barras Hero De Cereais Muesli Avelã 6x25g,HERO,Emb. 0.15 KG,"1,79€","11,93€ / KG",
Aditivo Líquido Protege Cores e Delicados,SKIP,Emb. 3 LT,"5,04€","1,68€ / LT",
Morangos Embalados,,1 Emb. = 0.5 KG,"2,99€","5,98€ / KG",
MIOLO DE CAMARAO SKIN PACK 100/200,PÊCHE OCÉAN,Emb. 0.16 KG,"2,49€","15,56€ / KG",
FLOCOS SABAO MARSELHA ECO,UNÍ VERT,,"4,99€",/ Unid.,
Desodorizante Frescura Sensual Toque de Nácar Roll-On,NARTA,Emb. 0.05 LT,"3,79€","75,80€ / LT",
Cominhos Moídos,MARGÃO,Emb. 0.05 KG,"1,48€","29,60€ / KG",
Rolo de Cozinha Máxima Absorção 8+4 Unid.,RENOVA,Emb. 1 P,"6,24€","6,24€ / P",
Salsichão Fatiado,EL POZO,Emb. 0.08 KG,"1,94€","24,25€ / KG",
Recarga Ambientador Delicias Verão,AIRWICK,Emb. 0.25 LT,"3,59€","14,36€ / LT",
Snack Chocolate Leite,LION,Emb. 0.042 KG,"0,98€","23,33€ / KG",
Detergente Máquina Loiça Pastilhas Clássicas,VISIOR,Emb. 40 UNID.,"2,49€","0,06€ / UNID.",
Iogurte Líquido Framboesa,DÉLISSE,Emb. 0.85 LT,"1,42€","1,67€ / LT",
Corn Flakes Biológicos,,Emb. 0.375 KG,"1,19€","3,17€ / KG",
Pimenta Branca Moída,MARGÃO,Emb. 0.04 KG,"2,38€","59,50€ / KG",
Whisky J&B 15 Anos,J&B,Emb. 0.7 LT,"25,99€","37,13€ / LT",
BANDAS DEPILATORIAS CERA FRIA PELE SENSIVEL VIAGEM 20UN,SLISS,Emb. 0.2 LT,"1,59€","7,95€ / LT",
BOLACHAS C/ RECHEIO CHOCOLATE LEITE BREAK,P'TIT DÉLI,Emb. 0.135 KG,"1,52€","11,26€ / KG",
Alimento Húmido P/ Gato Gold Carne de Vaca,GOURMET GOLD,Emb. 0.085 KG,"0,74€","8,71€ / KG",
Chá Menta,LIPTON,Emb. 20 SAQ.,"1,20€","0,06€ / SAQ.",
PAPEL HIGIENICO COMPACTO ECO,UNÍ VERT,Emb. 4 UNID.,"2,53€","0,63€ / UNID.",
Creme de Banho Care & Roses,NIVEA,Emb. 0.75 LT,"8,48€","11,31€ / LT",
Tâmara Seca S/ Caroço,MARQUE REPERE,Emb. 0.2 KG,"1,29€","6,45€ / KG",
Preservativos Senso,CONTROL,Emb. 6 UNID.,"3,49€","0,58€ / UNID.",
Miolo de Caju Cru,MARQUE REPERE,Emb. 0.25 KG,"4,05€","16,20€ / KG",
Alga Sushi,MIYATA,Emb. 0.014 KG,"2,08€","148,57€ / KG",
PENSOS HIGIENICOS U. FINOS NORMAL+ C/ ABAS,DOULYS,Emb. 14 UNID.,"1,12€","0,08€ / UNID.",
Óleo Virgem de Coco Biológico,,Emb. 0.2 LT,"4,08€","20,40€ / LT",
Bife da Pá Novilho,,1 Unid. = 0.25 KG (aprox.),"8,99€/kg","2,25€ / Unid.",
Alimento Húmido P/ Cão Adulto Pequeno Frango e Borrego,PURINA,Emb. 0.4 KG,"3,18€","7,95€ / KG",
MULTICROQUETES CARNE P/GATO,ECO+,,"2,99€",/ Unid.,
Tablete Chocolate Preto Extrafino 74% Cacau Biológico,,Emb. 0.1 KG,"1,59€","15,90€ / KG",
Infusão Chá Pêssego Bio,,Emb. 1 LT,"1,39€","1,39€ / LT",
Iogurte Líquido Morango Banana 4 Unid.,YOGGI,Emb. 0.64 KG,"2,09€","3,27€ / KG",
Cereais Muesli Cereais Frutos Secos Biológicos,,Emb. 0.375 KG,"2,89€","7,71€ / KG",
"Croquetes Vaca, Legumes e Figado",LYCAT,Emb. 2 KG,"3,99€","2,00€ / KG",
Cápsulas Café Espresso Intensidade 5,DOLCE GUSTO,Emb. 16 CAPS.,"5,98€","0,37€ / CAPS.",
Deo Roll-On Active Protection E Invisible,REXONA,Emb. 0.05 LT,"2,69€","53,80€ / LT",
Forquilha de Jardim,BEAUX JOURS,Emb. 1 UNID.,"6,99€","6,99€ / UNID.",
Bolachas Maria Júnior,MARIA,Emb. 0.276 KG,"3,33€","12,07€ / KG",
Whiskey Bourbon 6 Anos,JOHN DAVON'S,Garrafa 0.75 LT,"12,99€","17,32€ / LT",
Alimento Húmido P/ Gato Duplo Prazer Pack 12,GOURMET,Emb. 1.02 KG,"8,78€","8,61€ / KG",
Ambientador gel cherry e peony,GLADE,Emb. 0.18 LT,"2,99€","16,61€ / LT",
Salsichas Frankfurt,IZIDORO,Lata 0.25 KG,"1,03€","4,12€ / KG",
Ameixa Seca C/ Caroço,MARQUE REPERE,Emb. 0.25 KG,"1,78€","7,12€ / KG",
"CERVEJA HEINEKEN,PACK,24X25CL",HEINEKEN,Emb. 24 UNID.,"12,99€","0,54€ / UNID.",
Cereais de Chocolate,CRUNCH,Emb. 0.375 KG,"2,53€","6,75€ / KG",
PRESUNTO FATIADO 9 MESES CURA,CAMPO FINO,Emb. 0.15 KG,"2,99€","19,93€ / KG",
Grão de Bico Seco,NOTRE JARDIN,Emb. 0.5 KG,"1,06€","2,12€ / KG",
Bebida Energética 6x25cl,X-TENSE,Emb. 1.5 LT,"3,68€","2,45€ / LT",
Chá de Camomila e Erva Príncipe,LIPTON,Emb. 20 SAQS,"1,94€","0,10€ / SAQS",
ESPREMEDOR CITRINOS EXPERT,ELSAY,Emb. 1 UNID.,"27,76€","27,76€ / UNID.",
PANNA COTTA FRUITS ROUGE 4X90G,DÉLISSE,Emb. 0.36 KG,"1,99€","5,53€ / KG",
GALETES DE MILHO C/ COBERTURA DE CHOCOLATE LEITE BIO,,Emb. 0.1 KG,"1,79€","17,90€ / KG",
VINAGRE CRISTAL SIDRA 0.5L,CRISTAL,Emb. 0.5 LT,"1,03€","2,06€ / LT",
LULAS EM CALDEIRADA,PÊCHE OCÉAN,Emb. 120 KG,"1,44€","0,01€ / KG",
Alimento Húmido P/ Gato Gold Salmão e Frango,GOURMET,Emb. 0.085 KG,"0,74€","8,71€ / KG",
Pipocas Pop Corn 3x90g,TOKAPI,Emb. 0.27 KG,"1,14€","4,22€ / KG",
Sumo de Manga,UM BONGO,Emb. 1 LT,"1,38€","1,38€ / LT",
ALIMENTO PARA PERIQUITOS,ECO+,Emb. 1 KG,"1,99€","1,99€ / KG",
"Néctar Essencial Maça, Banana, Laranja e Ananás 3x110ml",COMPAL,Emb. 0.33 LT,"1,79€","5,42€ / LT",
Champô Karité Óleo Côco Cabelos Muito Secos,NATEIS,Emb. 0.25 LT,"1,84€","7,36€ / LT",
"AZEITONA MISTA RETALH,FRAS,210G",,,"1,33€",/ Unid.,
AUSONIA CUECAS INCONTINÊNCIA DISCREET PANTS NR TM 4X8,AUSONIA,,"7,98€",/ Unid.,
Champô Cabelo Secos Garnier Maravilhoso,ULTRA SUAVE,Emb. 0.25 LT,"3,58€","14,32€ / LT",
Fritos Tiras de Milho,MATUTANO,Emb. 0.13 KG,"1,64€","12,62€ / KG",
Detergente Máquina da Roupa em Pó Pure Sense Revitalize,A+,Emb. 85 DOSES,"10,99€","0,13€ / DOSES",
Ovos Solo XL,SNR,Emb. 24 UNID.,"5,85€","0,24€ / UNID.",
Regulador Ph Mais Líquido,BEAUX JOURS,Emb. 6 LT,"18,05€","3,01€ / LT",
TOALHITAS P/ADULTOS X64,CHORYS,Emb. 64 UNID.,"2,98€","0,05€ / UNID.",
BATOM NUTRITIVO 2UN,INELL,Emb. 2000 UNID.,"1,69€","0,00€ / UNID.",
Vinho Branco Frutado,FAISÃO,Garrafa 0.75 LT,"1,99€","2,65€ / LT",
Iogurtes Cremosos Açucarados Frutas Amarelas 8x125g,DÉLISSE,Emb. 1 KG,"2,39€","2,39€ / KG",
Conserva Cogumelos Laminados,NOTRE JARDIN,Lata 0.355 KG,"1,09€","3,07€ / KG",
COLA GEL 30ML 2UN,ESQUISSE,Emb. 2 UNID.,"2,69€","1,35€ / UNID.",
Camarão Aquicultura Cal. 60/80 Congelado,,1 Unid. = 0.25 KG (aprox.),"9,99€/kg","2,50€ / Unid.",
Alimento Seco P/ Gato C/ Frango Peru,PURINA FRISKIES,Emb. 2 KG,"7,98€","3,99€ / KG",
Parte Traseira de Borrego,,1 Unid. = 3 KG (aprox.),"8,99€/kg","26,97€ / Unid.",
Vinho Bordeaux Rouge A.O.C. 2014,CHANTET BLANET,Garrafa 0.75 ML,"2,99€","3,99€ / ML",
DUREX Lubrificante Play Efeito Calor,DUREX,Emb. 0.05 LT,"7,49€","149,80€ / LT",
Iogurte Bifidus Líquido Frutos Silvestres 4 Unid.,DANONE,Emb. 0.62 KG,"1,99€","3,21€ / KG",
Café Cápsulas Classic,PLANTATION,Emb. 36 CAPS.,"2,79€","0,08€ / CAPS.",
"LIQUIDIFICADORA 1,5l 600W",ELSAY,Emb. 1 UNID.,"36,90€","36,90€ / UNID.",
Tablete de Chocolate Creme de Cacau,MILKA,Emb. 0.1 KG,"1,69€","16,90€ / KG",
Conserva de Mini Salsichas Cocktail,NOBRE,Lata 0.18 KG,"1,39€","7,72€ / KG",
Cápsulas Café Lungo Intensidade 6,DOLCE GUSTO,Emb. 16 CAPS.,"5,98€","0,37€ / CAPS.",
Bolachas Ricanela +100g,CUÉTARA,Emb. 0.4 KG,"1,99€","4,98€ / KG",
Fraldas Bebé Ultra Confort Maxi +9/20 Kg,MOTS D'ENFANTS,Emb. 41 UNID.,"8,28€","0,20€ / UNID.",
Pudim Flan Caramelo 4x100g,ECO+,Emb. 0.4 KG,"0,74€","1,85€ / KG",
Red Fish Médio Congelado,,1 Unid. = 0.3 KG (aprox.),"3,99€/kg","1,20€ / Unid.",
Conjunto de 6 Chaves,FOXTER,Emb. 6 UNID.,"10,99€","1,83€ / UNID.",
Gel de Barbear Peles Sensíveis,GILLETTE,Emb. 0.2 LT,"3,68€","18,40€ / LT",
Conserva de Feijão Manteiga,NOTRE JARDIN,Lata 0.425 KG,"0,70€","1,65€ / KG",
Filetes de Atum em Azeite,PÊCHE OCÉAN,Emb. 0.19 KG,"3,61€","19,00€ / KG",
Tablete de Chocolate Negro,NESTLÉ,Emb. 0.125 KG,"1,98€","15,84€ / KG",
Desmaquilhante de Olhos Dupla Acção,NIVEA,Emb. 0.125 UNID.,"4,99€","39,92€ / UNID.",
Carvão Vegetal Artesanal,,Emb. 5 KG,"5,99€","1,20€ / KG",
ESTENDAL VERTICAL 34M,HOMESIDE,Emb. 1 UNID.,"29,99€","29,99€ / UNID.",
Mateus Rosé,MATEUS,Garrafa 0.75 LT,"4,28€","5,71€ / LT",
Pimentão Doce Colorau,MARGÃO,Emb. 0.04 KG,"1,48€","37,00€ / KG",
Pantene Perfect Volume Laca 300ml,PANTENE PV,Spray 0.3 LT,"3,74€","12,47€ / LT",
IOG.BRAS.C/POL.FRU.DELISSE.X16,DÉLISSE,Emb. 2 KG,"3,35€","1,68€ / KG",
PAO CHOCOLATE 6UN,EPI D'OR,Emb. 6 UNID.,"2,65€","0,44€ / UNID.",
Azeite Virgem Extra Clássico,GALLO,Garrafa 2 LT,"14,98€","7,49€ / LT",
Azeite,3 CASTELOS,Garrafa 1 LT,"5,14€","5,14€ / LT",
AGUA DESMINERALIZADA,,Emb. 5 LT,"1,20€","0,24€ / LT",
Chá de Frutos Silvestres,LIPTON,Emb. 20 SAQ.,"1,74€","0,09€ / SAQ.",
Elixir Frescura Duradoura,ORAL B,Emb. 0.5 LT,"4,19€","8,38€ / LT",
Espirais,ECO+,Emb. 1 KG,"1,69€","1,69€ / KG",
Pão Cachorro 330g,EPI D'OR,Emb. 6 UNID.,"0,99€","0,17€ / UNID.",
Leite Condensado Açucarado,DÉLISSE,Lata 0.397 KG,"1,27€","3,20€ / KG",
Compota de Frutas Maçã e Pera sem Adição de Açúcares 4x100g,DOUCEUR DU VERGER,Emb. 0.4 KG,"1,62€","4,05€ / KG",
Kiwi,,1 Unid. = 0.11 KG (aprox.),"3,99€/kg","0,44€ / Unid.",
Palmiers Folhados,P'TIT DÉLI,Emb. 0.23 KG,"1,49€","6,48€ / KG",
Amaciador de Roupa Azul,COMFORT,Emb. 4 LT,"4,49€","1,12€ / LT",
PENSOS DIARIOS U. FINOS 30UN,DOULYS,,"0,94€",/ Unid.,
Tablete Chocolate Culinária,NESTLÉ,Emb. 0.2 KG,"1,39€","6,95€ / KG",
Salsichão Seco,ST AZAY,Emb. 0.3 KG,"4,09€","13,63€ / KG",
Fralda Cueca T6 +16Kg Eco,MOTS D'ENFANTS,Emb. 18 UNID.,"8,61€","0,48€ / UNID.",
Bolachas Original,OREO,Emb. 0.22 KG,"1,98€","9,00€ / KG",
Creme Vegetal Óleo Girassol 60% MG S/ Sal,NAT&VIE,Emb. 0.5 KG,"2,23€","4,46€ / KG",
Tablete de Chocolate de Leite Biológica,,Emb. 0.1 KG,"1,49€","14,90€ / KG",
Cápsulas Café Ristretto Barista Intensidade 9,DOLCE GUSTO,Emb. 16 CAPS.,"4,79€","0,30€ / CAPS.",
Polpa de Maracuja,KOALA,Lata 0.565 LT,"4,18€","7,40€ / LT",
MINI BISCOITOS COM COBERTURA DE CHOCOLATE DE LEITE,P'TIT DÉLI,Emb. 0.16 KG,"1,67€","10,44€ / KG",
PORTFOLIO A4 160 BOLSAS,ESQUISSE,Emb. 1 UNID.,"5,99€","5,99€ / UNID.",
Vinho Regional Bairrada Tinto,MARQUES DE MARIALVA,Garrafa 0.75 LT,"21,99€","29,32€ / LT",
COLORAÇÃO BELLADY PERMANENTE Nº 30 CASTANHO ESCURO,BELLADY,Emb. 1 UNID.,"9,98€","9,98€ / UNID.",
Massa de Pimentão,RUSTICA,Frasco 0.2 KG,"0,71€","3,55€ / KG",
Ovos Solo M,SNR,Emb. 12 UNID.,"2,69€","0,22€ / UNID.",
Vinagre de Álcool Cristal,ECO+,Garrafa 1.5 LT,"1,18€","0,79€ / LT",
Sidra com Álcool de Maça 15x20cl,SOMERSBY,Emb. 3 LT,"9,94€","3,31€ / LT",
QUEIJO FLAMENGO FATIADO,QUEIJO NA TÁBUA,Emb. 0.5 KG,"3,79€","7,58€ / KG",
Leite de Limpeza Suave Pele Seca,NIVEA,Emb. 0.2 LT,"5,99€","29,95€ / LT",
VELA NUMERADA N 6,,Emb. 1 UNID.,"0,89€","0,89€ / UNID.",
Pensos Higiénicos Salvaslips Fresh em Bolsas,EVAX,Emb. 40 UNID.,"2,38€","0,06€ / UNID.",
Noz Moscada Moída C/ Moinho,MARGÃO,Emb. 0.04 KG,"2,48€","62,00€ / KG",
AUSONIA ORG COTTON NORMAL ABAS,AUSONIA,Emb. 12 UNID.,"2,54€","0,21€ / UNID.",
Refrigerante C/ Gás S/ Cafeína Pack 6,COCA COLA,Emb. 1.98 LT,"4,30€","2,17€ / LT",
Espumante Bruto,CONTRI,Garrafa 0.75 LT,"2,48€","3,31€ / LT",
Chocolate Nestlé,AFTER EIGHT,Emb. 0.2 KG,"2,34€","11,70€ / KG",
Bolachas Chips de Chocolate Minis,CHIPS AHOY,Emb. 0.16 KG,"1,98€","12,38€ / KG",
Pimenta Branca Moída,RUSTICA,Emb. 0.05 KG,"1,15€","23,00€ / KG",
Snack Batata Sabor Paprika,TOKAPI,Emb. 0.17 KG,"1,85€","10,88€ / KG",
Tomates Inteiros Pelados,ECO+,Lata 0.8 KG,"1,29€","1,61€ / KG",
Pensos Higiénicos Diários Maxi Aloe,CAREFREE,Emb. 48 UNID.,"4,78€","0,10€ / UNID.",
Barrinhas Periquito sabor Mel,TOUS MES AMIS,Emb. 0.06 KG,"1,49€","24,83€ / KG",
Calamares,ECO+,Emb. 0.5 KG,"2,42€","4,84€ / KG",
MOLHO COCKTAIL 253ML,CALVÉ,Emb. 0.253,"2,68€","10,59€ /",
"ATUM FILETE AZEITE BIO, 120G",TENÓRIO,Emb. 0.12 KG,"2,29€","19,08€ / KG",
Piri Piri Moído,MARGÃO,Emb. 0.038 KG,"2,18€","57,37€ / KG",
RECARGAS MAQ.BARBEAR 5 LAMINAS 4UN,CARRÉ HOMME,Emb. 4 UNID.,"4,28€","1,07€ / UNID.",
Cápsulas Café Verona P/ Nespresso,STARBUCKS,Emb. 10 CAPS.,"4,48€","0,45€ / CAPS.",
Sobremesa de Soja C/ Café,NAT&VIE,Emb. 0.4 KG,"1,59€","3,98€ / KG",
Conserva de Azeitonas Cocktail,RUSTICA,Emb. 0.54 KG,"2,12€","3,93€ / KG",
TOALHITAS DESMAQUILHANTES PELES SENSIVEIS COM AGUA MICELAR 25UN,INELL,Emb. 25 UNID.,"1,00€","0,04€ / UNID.",
BATERIA Nº 10 50/450 50/450 TECH9,TECH9,Emb. 1 UNID.,"56,99€","56,99€ / UNID.",
Conserva de Atum Albacore Inteiro 2x200g,PÊCHE OCÉAN,Emb. 0.4 KG,"3,55€","8,88€ / KG",
LAVA TUDO AMONIACAL,ECO+,Emb. 5 LT,"1,59€","0,32€ / LT",
Toalhitas Peles Sensiveis,CHICCO,Emb. 72 UNID.,"1,49€","0,02€ / UNID.",
Conjunto de 4 Ponteiras de Sobrepor 25Mm,FOXTER,Emb. 4 UNID.,"1,73€","0,43€ / UNID.",
Cereais Flocos C/ Mel,NESTUM,Emb. 0.3 KG,"2,28€","7,60€ / KG",
FILETE ATUM EM ESCABECHE 120 GR,TENÓRIO,Emb. 0.12 KG,"2,29€","19,08€ / KG",
VELA NUMERO - 1,ARDENCE,Emb. 1 UNID.,"0,59€","0,59€ / UNID.",
Alimento Seco P/ Cão Mini Menu Vaca,PURINA FRISKIES,Emb. 1.5 KG,"4,49€","2,99€ / KG",
Queijo de Vaca Curado,PONTE NOVA,Emb. 0.5 KG (aprox.),"4,14€","8,28€ / KG",
Cápsulas Café Ristretto Napoli,DOLCE GUSTO,Emb. 16 CAPS.,"4,79€","0,30€ / CAPS.",
Snack Queijo de Vaca,PRÉSIDENT,Emb. 0.18 KG,"3,28€","18,22€ / KG",
Alimento Seco para Gato Sterilcat Carne Vaca,PURINA ONE,Emb. 1.5 KG,"11,98€","7,99€ / KG",
Lápis para Colorir,ESQUISSE,Emb. 12 UNID.,"1,79€","0,15€ / UNID.",
Regulador Ph Mais Solido,BEAUX JOURS,Emb. 6 KG,"22,99€","3,83€ / KG",
Conjunto de 4 Recargas Desumidificador Saqueta Clorofila,FOXTER,Emb. 1 KG,"13,27€","13,27€ / KG",
RODELAS DE PESCADA,ECO+,Emb. 0.8 KG,"5,80€","7,25€ / KG",
Néctar Clássico Laranja,COMPAL,Emb. 1 LT,"1,68€","1,68€ / LT",
Queijo Mozarella,GALBANI,Emb. 0.25,"3,08€","12,32€ /",
Choco Limpo,,1 Unid. = 0.5 KG (aprox.),"5,99€/kg","3,00€ / Unid.",
Conserva Grão Cozido com pouco Sal,FERBAR,Lata 0.42 KG,"0,95€","2,26€ / KG",
Leite Bem Especial S/ Lactose Infantil Meio Gordo,MIMOSA,Emb. 1 LT,"1,98€","1,98€ / LT",
B&J ND Cookie Dough 465ml,,Emb. 0.465 LT,"6,78€","14,58€ / LT",
Alimento Seco Gato Completo Salmão Legumes,LYCAT,Emb. 0.4 KG,"0,99€","2,48€ / KG",
Maionese Heinz Vidro 480 Ml,HEINZ,Emb. 0.48 LT,"3,74€","7,79€ / LT",
Tablete de Chocolate Branco com Avelãs Inteiras,TABLETTE D'OR,Emb. 0.2 KG,"2,53€","12,65€ / KG",
Autobrilhante Creme Calçado com Esponja,BUFALO,Emb. 0.04 LT,"3,18€","79,50€ / LT",
Pastilha Elástica Senses Rainforest Mint,TRIDENT,Emb. 0.023 KG,"0,94€","40,87€ / KG",
ICED TEA LIMAO 6X20CL,FRESH TEA,,"1,29€",/ Unid.,
Azeite Virgem,RUSTICA,Garrafão 3 LT,"14,29€","4,76€ / LT",
Néctar Vital Equilíbrio Laranja Cenoura Manga,COMPAL,Emb. 1 LT,"1,68€","1,68€ / LT",
After Shave WHITEWATER 100 ml,,,"9,99€",/ Unid.,
IOGURTE NATURAL BIO,,Emb. 0.5 KG,"0,94€","1,88€ / KG",
Refrigerante C/ Gás Uva,FANTA,Garrafa 1.5 LT,"1,00€","0,67€ / LT",
Massa Espirais Clássica,NACIONAL,Emb. 0.5 KG,"1,58€","3,16€ / KG",
Bebida Gaseificada Aromatizada de Uva S/ Álcool,FESTALIE,Emb. 0.75 LT,"2,89€","3,85€ / LT",
Johnson's Gel de Banho para Bebé Cuidado Completo,JOHNSON'S BABY,Emb. 0.5 LT,"3,89€","7,78€ / LT",
Massa Ondas,MILANEZA,Emb. 0.5 KG,"1,85€","3,70€ / KG",
QUEIJO FRESCO 20% MG,DÉLISSE,Emb. 1 KG,"2,10€","2,10€ / KG",
COUVE DE BRUXELAS CONGELADAS,NOTRE JARDIN,Emb. 1 KG,"1,69€","1,69€ / KG",
Gelado Clássico Pack 6,CORNETTO,Emb. 0.54 LT,"4,98€","9,22€ / LT",
"SALSICHAO SECO ""LABEL ROUGE""",ST AZAY,Emb. 0.25 KG,"4,35€","17,40€ / KG",
B&J Caramel Chew Chew 465ml,,Emb. 0.465 LT,"6,78€","14,58€ / LT",
GRANOLA NOZES,GRAINEA,Emb. 0.35 KG,"3,08€","8,80€ / KG",
CARNE DE GALINHA C/ ARROZ E MOLHO DE NATAS,CÔTÉ TABLE,Emb. 0.3 KG,"1,99€","6,63€ / KG",
Molho Samurai,RUSTICA,Emb. 0.252 KG,"1,35€","5,36€ / KG",
CONJUNTO DE 3 PANOS MICROFIBRAS,ECO+,Emb. 3 UNID.,"1,69€","0,56€ / UNID.",
Aquafresh MultiAction  2x75 ml,AQUAFRESH,,"6,60€",/ Unid.,
PAEZINHOS TRIGO TORRADOS BIO,,Emb. 0.225 KG,"1,36€","6,04€ / KG",
MADALENAS CONCHAS,NOS RÉGIONS ONT DU TALENT,Emb. 0.33,"3,00€","9,09€ /",
PAIO YORK FATIADO,CAMPO FINO,Emb. 0.15 KG,"1,29€","8,60€ / KG",
BOLACHAS VITALDAY CROCANTES ORIGINAIS 265G,GULLÓN,Emb. 0.265 KG,"2,28€","8,60€ / KG",
Iogurte de Frutos Déli´light 8x125g,DÉLISSE,Emb. 1 KG,"2,59€","2,59€ / KG",
CHAMPO ANTI-CASPA TODO TIPO CABELOS,CARRÉ HOMME,Emb. 0.25 LT,"1,80€","7,20€ / LT",
BACON FUMADO NACOS,ECO+,Emb. 0.2 KG,"2,11€","10,55€ / KG",
Açúcar Branco Cubos,TÉVA,Emb. 1 KG,"1,43€","1,43€ / KG",
A.O.C. Cotes Provence 2014,TERRES OCREES,Garrafa 0.75 LT,"4,99€","6,65€ / LT",
FEIJÃO PRETO,FERBAR,Emb. 0.5 KG,"1,04€","2,08€ / KG",
LEITE CREME 4X23G TABLIER BLANC,TABLIER BLANC,Emb. 0.092 KG,"0,54€","5,87€ / KG",
Detergente Líquido p/ Máquina de Roupa,SKIP,Emb. 70 DOSES,"11,24€","0,16€ / DOSES",
TOSTAS FINAS NATURA,EPI D'OR,Emb. 0.1 KG,"1,56€","15,60€ / KG",
Penso Incontinência Discreet Mini,AUSONIA,Emb. 20 UNID.,"3,98€","0,20€ / UNID.",
CONE CAFE 6UN,TRIUM,Emb. 6 UNID.,"2,39€","0,40€ / UNID.",
Papel Higiénico 4 Folhas Creme,RENOVA,Emb. 12 ROLOS,"7,18€","0,60€ / ROLOS",
PURE MACA/AMEIXA SEM ADICAO ACUCAR BIO +4M,,Emb. 0.4 KG,"2,09€","5,23€ / KG",
Barras Cereias com Pedaços de Morango Biológicas 6 Unid.,,Emb. 0.125 KG,"1,69€","13,52€ / KG",
COOKIES COM MEGA PEPITAS CHOCOLATE,P'TIT DÉLI,Emb. 0.184 KG,"1,83€","9,95€ / KG",
SNACK CHIPZ MAÇÃ FRUUT 20G,,Emb. 0.02 KG,"0,84€","42,00€ / KG",
"CABO USB/COMPATIVEL LIGHTNING 1,2M BRANCO",LINKSTER,Emb. 1 UNID.,"12,61€","12,61€ / UNID.",
Bolachas Alfa,NACIONAL,Emb. 0.18 KG,"1,44€","8,00€ / KG",
DETERGENTE MANUAL LOICA MACA 1L,ECO+,Emb. 1 LT,"0,79€","0,79€ / LT",
Croissant Recheio Maxi Creme Cacau,CHIPICAO,Emb. 0.08 KG,"1,23€","15,38€ / KG",
"""QUENELLES"" DE SALMAO C/ MOLHO CAMARAO",CÔTÉ TABLE,Emb. 0.4 KG,"1,79€","4,48€ / KG",
BLOCO 5 TOMADAS C/ INTERRUPTOR,ECO+,Emb. 1 UNID.,"4,99€","4,99€ / UNID.",
Cereais de Chocolate Biológicos,CHOCAPIC,Emb. 0.33 KG,"2,99€","9,06€ / KG",
Condicionador Nourish & Replenish,TRESEMMÉ,Emb. 0.4 LT,"4,79€","11,98€ / LT",
Chá Verde com Sabor a Hortelã e Lima,LIPTON,Emb. 1 LT,"1,28€","1,28€ / LT",
Baked Heinz Beans Com Tomate 415g,HEINZ,Emb. 0.415 KG,"1,79€","4,31€ / KG",
Erva Doce Saqueta,RUSTICA,Emb. 0.05 KG,"0,89€","17,80€ / KG",
Ração Seca Light Frango P/ Cão,FRISKIES,Emb. 3 KG,"11,68€","3,89€ / KG",
Pantene Micelar Purifica & Revitaliza Champô,,Emb. 0.25 LT,"3,98€","15,92€ / LT",
Café Moído Puro Arábica Biológico,,Emb. 0.25 KG,"3,49€","13,96€ / KG",
Champô Nourish & Replenish com Óleo de Coco e Aloe Vera,TRESEMMÉ,Emb. 0.4 LT,"4,79€","11,98€ / LT",
Chocolate de Leite Confetti,MILKA,Emb. 0.1 KG,"1,68€","16,80€ / KG",
Café Torrado Moído Lote Descafeínado Moagem Universal Intensidade 8,SICAL,Emb. 0.22 KG,"3,24€","14,73€ / KG",
Chocolate Preto C/ Casca de Laranja Cristalizada,EQUADOR,Emb. 0.1 KG,"1,19€","11,90€ / KG",
Toalhitas Refrescantes 10 unidades,INELL,Emb. 10 UNID.,"0,62€","0,06€ / UNID.",
Ambientador Vela Anti-Tabaco,,Emb. 2 UNID.,"5,69€","2,85€ / UNID.",
Couscous sem Glúten,CHAQUE JOUR,Emb. 0.375 KG,"2,48€","6,61€ / KG",
Sabonete Liquido Leite e Azeitona,,Emb. 0.3 LT,"3,78€","12,60€ / LT",
Massa Espirais,MILANEZA,Emb. 0.5 KG,"1,19€","2,38€ / KG",
"JARRO ELECTRICO INOX 2000W 1,7L",ELSAY,Emb. 1 UNID.,"19,90€","19,90€ / UNID.",
Café Solúvel Qualité Filtre,PLANTATION,Frasco 0.2 KG,"3,99€","19,95€ / KG",
BOLACHAS \'LES ANIMAUX\' COBERTURA DE CHOCO LEITE,P'TIT DÉLI,Emb. 0.225 KG,"1,85€","8,22€ / KG",
Bagas de Goji,MARQUE REPERE,Emb. 0.125 KG,"2,49€","19,92€ / KG",
Chocolate Culinária Preto Biológico,,Emb. 0.2 KG,"2,79€","13,95€ / KG",
Gel de Duche Nutritivo,DOVE,Emb. 0.75 LT,"4,79€","6,39€ / LT",
Chá de Menta e Eucalipto,LIPTON,Emb. 20 SAQS,"1,94€","0,10€ / SAQS",
Queijo Emmental,,1 Unid. = 0.2 KG (aprox.),"9,99€/kg","2,00€ / Unid.",
Sumo de Limão 2X125ml,RUSTICA,Emb. 0.5 LT,"1,15€","2,30€ / LT",
BLOCO NOTAS ADESIVO 75X75MM,ESQUISSE,Emb. 500 UNID.,"2,99€","0,01€ / UNID.",
Pérolas de Perfume para Roupa Spring,LENOR,Emb. 0.21 KG,"7,69€","36,62€ / KG",
Caramelos de Manteiga e Nata,WERTHER'S,Emb. 0.135 KG,"2,98€","22,07€ / KG",
Salsichão C/ Avelãs,ST AZAY,Emb. 0.25 KG,"2,99€","11,96€ / KG",
Arroz Carolino,COMPTOÍR DU GRAIN,Emb. 1 KG,"0,93€","0,93€ / KG",
Bebida Energética Regular,X-TENSE,Emb. 0.25 LT,"0,49€","1,96€ / LT",
DESODORIZANTE ROLL-ON BIO 50ML,BIONAÏA,Emb. 0.05 LT,"0,99€","19,80€ / LT",
"Bolachas gérmen de Trigo, Soja e Laranja",NAT&VIE,Emb. 0.2 KG,"1,53€","7,65€ / KG",
MOUSSE LIEGEOISE CARAMELO,DÉLISSE,Emb. 0.64 KG,"2,67€","4,17€ / KG",
Infusão Chá Branco Maracujá,FRESH TEA,Emb. 1 LT,"1,19€","1,19€ / LT",
GELEIA MORANGO 345G,CASA MATEUS,Emb. 0.345 KG,"2,47€","7,16€ / KG",
CANETA ROLLER GEL CORES SORTIDAS 3UN,ESQUISSE,Emb. 3 UNID.,"1,50€","0,50€ / UNID.",
Bifidus Actifidus Muesli 4x124g,DÉLISSE,Emb. 0.5 KG,"1,20€","2,40€ / KG",
Chá Marrocos Mint & Spices,LIPTON,Emb. 20 SAQ.,"1,94€","0,10€ / SAQ.",
Desodorizante Roll-On Biorythm 48H,REXONA,Emb. 0.05 LT,"2,39€","47,80€ / LT",
Chispe de Porco,,1 Unid. = 0.5 KG (aprox.),"1,99€/kg","1,00€ / Unid.",
Pensos Diários Slip Normal,AUSONIA,Emb. 40 UNID.,"1,49€","0,04€ / UNID.",
AMACIADOR ECOLOGICO,UNÍ VERT,Emb. 0.75 LT,"2,09€","2,79€ / LT",
AROMA DE BAUNILHA,TABLIER BLANC,Emb. 0.2 LT,"2,50€","12,50€ / LT",
Pão de Forma Especial Torradas sem Côdea,BIMBO,Emb. 0.75 KG,"1,74€","2,32€ / KG",
Pantene Aqua Light Champô,PANTENE PV,Emb. 0.25 LT,"3,98€","15,92€ / LT",
Amêndoa em Pó,TABLIER BLANC,Emb. 0.125 KG,"2,29€","18,32€ / KG",
SOBREMESA STRACCIATTELLA,DÉLISSE,Emb. 0.48 KG,"1,75€","3,65€ / KG",
DETERGENTE LIQUIDO PRIMAVERA 40D,EPSIL,,"7,13€",/ Unid.,
Vinho Rosé,COMP DO VINHO,Garrafa 0.75 LT,"1,99€","2,65€ / LT",
Recarga Sabonete Líquido Flores Laranjeira,MANAVA,Emb. 0.25 LT,"0,65€","2,60€ / LT",
Aquafresh Protecção e Caries Branqueadora 2X 75ml,AQUAFRESH,,"5,82€",/ Unid.,
FOLHADOS COM QUEIJO DE CABRA 4UN,CÔTÉ TABLE,Emb. 0.4 KG,"3,83€","9,58€ / KG",
Chá Limão e Gengibre,LIPTON,Emb. 20 SAQ.,"1,94€","0,10€ / SAQ.",
ALIMENT BEBE: FRUTA DO POMAR BIO 4M,BIO VILLAGE BEBE,Emb. 0.4 KG,"2,27€","5,68€ / KG",
GALETES DE MILHO C/ SEMENTES DE LINHACA BIO,,Emb. 0.15 KG,"1,29€","8,60€ / KG",
Lombinhos de Porco Embalados,,Emb. 0.5 KG (aprox.),"6,99€/kg","3,50€ / Unid.",
Gaufres com Ovos Frescos,P'TIT DÉLI,Emb. 0.26 KG,"1,13€","4,35€ / KG",
Desodorizante Active Fresh Spray,VASELINE,Emb. 0.25 LT,"2,19€","8,76€ / LT",
Miolo de Amendoim C/ Sal,MARQUE REPERE,Emb. 0.5 KG,"2,99€","5,98€ / KG",
Café Solúvel Seleção Premium Intensidade 6,NESCAFÉ,Frasco 0.1 KG,"5,68€","56,80€ / KG",
"SALAMI DANOIS ""PUR PORC"" FATIAS",ST AZAY,Emb. 0.16 KG,"2,44€","15,25€ / KG",
Ketchup,CALVÉ,Emb. 0.84 KG,"4,78€","5,69€ / KG",
Água sem Gás 4x1.5 L,FASTIO,Garrafa 6 LT,"2,39€","0,40€ / LT",
Destop Turbo Gel,DESTOP,Emb. 1   UNID.,"6,74€","6,74€ /   UNID.",
FILETES DE PESCADA,PÊCHE OCÉAN,Emb. 0.4 KG,"3,49€","8,73€ / KG",
BOLACHAS TOSTADAS GULLON 4X200GR,GULLÓN,Emb. 0.2 KG,"2,78€","13,90€ / KG",
Amaciador Roupa Concentrado Intense Care Sensitive,COMFORT,Emb. 60 DOSES,"3,99€","0,07€ / DOSES",
BEBIDA SOJA BAUNILHA 3x250ML,ALPRO,Emb. 0.75 LT,"1,79€","2,39€ / LT",
IOGURTE BATIDO ACUCARADO BAUNILHA,DÉLISSE,Emb. 1 KG,"2,25€","2,25€ / KG",
Café Delta Em Grão Torrado Chávena,DELTA,Emb. 0.25 KG,"2,29€","9,16€ / KG",
Detergente para a Máquina da Loiça de Limão,SUN,Emb. 90 DOSES,"12,34€","0,14€ / DOSES",
Limpa Vidros Cristal Recarga,AJAX,Emb. 0.5 LT,"3,04€","6,08€ / LT",
Floculante Líquido,BEAUX JOURS,Emb. 5 LT,"13,99€","2,80€ / LT",
ENVELOPE SILICONE KRAFT 162X229MM,ESQUISSE,Emb. 25 UNID.,"0,99€","0,04€ / UNID.",
APARADOR MULTIFUNCOES,ELSAY,Emb. 1 UNID.,"16,90€","16,90€ / UNID.",
Brandy,CONSTANTINO,Garrafa 0.7 LT,"9,48€","13,54€ / LT",
Tablete de Chocolate C/ Amendoim,NESTLÉ,Emb. 0.09 KG,"1,09€","12,11€ / KG",
Queijo Bola Flamengo,PAIVA,Emb. 1.4 KG (aprox.),"10,99€/kg","15,39€ / Unid.",
Bolachas Petit Beurre C/ Chocolate Preto Pocket,P'TIT DÉLI,Emb. 0.25 KG,"2,40€","9,60€ / KG",
Cerveja sem Álcool 6x33CL,SUPER BOCK,Emb. 1.98 LT,"4,49€","2,27€ / LT",
MIGAS PALOCO PACIFICO DESFIADO SALGADO SEMI SECO,ECO+,Emb. 0.4 KG,"3,99€","9,98€ / KG",
Champô Anti-Caspa Eficácia Ativa 2 em 1 para Todos os Tipos de Cabelo,LINIC,Emb. 0.36 LT,"4,94€","13,72€ / LT",
"LASANHA A BOLONHESA COM AZEITE VIRGEM EXTRA (1,7%)",CÔTÉ TABLE,Emb. 0.35 KG,"2,19€","6,26€ / KG",
Detergente Manual Roupa,OMO,Emb. 0.54 KG,"1,99€","3,69€ / KG",
Azeite Virgem Extra Reserva,GALLO,Garrafa 0.75 LT,"4,79€","6,39€ / LT",
Leite Fresco Gordo,VIGOR,Emb. 1 LT,"1,15€","1,15€ / LT",
Tablete Chocolate Preto para Culinária,TABLETTE D'OR,Emb. 0.2 KG,"1,01€","5,05€ / KG",
TIRA NÓDOAS COLOUR PÓ,A+,Emb. 0.99 KG,"5,99€","6,05€ / KG",
Iogurte Bifidus Líquido Lima Limão 0% 4 Unid.,DANONE,Emb. 0.62 KG,"1,99€","3,21€ / KG",
Rolo de Cozinha Jumbo,SCOTTEX,Rolo 1 P,"4,48€","4,48€ / P",
Cereais Special K Frutos Vermelhos,KELLOGG'S,Emb. 0.3 KG,"2,59€","8,63€ / KG",
Orelha de Porco,,1 Unid. = 1 KG (aprox.),"3,99€/kg","3,99€ / Unid.",
Bebida Energética,BURN,Emb. 0.5 LT,"1,09€","2,18€ / LT",
Queijo Raclette,,1 Unid. = 0.25 KG (aprox.),"9,98€/kg","2,50€ / Unid.",
Café Cápsulas Qonvictus Intensidade 5,DELTA,Emb. 10 CAPS.,"2,99€","0,30€ / CAPS.",
Tablete de Chocolate Bolacha,MILKA,Emb. 0.3 KG,"3,98€","13,27€ / KG",
Nuggets Peito de Frango Ultracongelado,CAPITÃO IGLO,Emb. 0.208 KG,"5,98€","28,75€ / KG",
Massa Pevide,MILANEZA,Emb. 0.25 KG,"0,84€","3,36€ / KG",
Tiras P/ Periquitos Sabor Fruta,TOUS MES AMIS,Emb. 0.06 KG,"1,29€","21,50€ / KG",
Moscatel,FAVAIOS,Garrafa 0.75 LT,"5,59€","7,45€ / LT",
Barras Cereais Crunchy Caramel 6 Unid.,,Emb. 0.141 KG,"2,33€","16,52€ / KG",
SALSA E ALHO PICADO,RUSTICA,Emb. 0.25 KG,"2,45€","9,80€ / KG",
Rigatoni,TRADIZIONI D'ITALIA,Emb. 0.5 KG,"1,74€","3,48€ / KG",
Sobremesa de Soja Chocolate 4 Unid.,NAT&VIE,Emb. 0.4 KG,"1,49€","3,73€ / KG",
CHAMPO CABELOS GRISALHOS OU BRANCOS,NATEIS,Emb. 0.25 LT,"1,87€","7,48€ / LT",
Papel Vegetal 8 metros,VILEDA,Emb. 1 UNID.,"2,98€","2,98€ / UNID.",
TESOURA 16CM,ESQUISSE,Emb. 1 UNID.,"1,84€","1,84€ / UNID.",
"BL1 LED FILA ESFERA R 2,1W-25W E27",FOXTER,Emb. 1 UNID.,"2,99€","2,99€ / UNID.",
Ovos Solo XL,SNR,Emb. 12 KG,"2,29€","0,19€ / KG",
Alimento Seco P/ Cão Adulto + de 10 Kg Frango C/ Arroz,PURINA,Emb. 2.5 KG,"13,98€","5,59€ / KG",
Bola de Berlim,,1 Unid. = 0.1 KG,"0,75€","7,50€ / KG",
COTONETES ALGODAO C/ CAIXA DE TAMPA,INELL,Emb. 16 UNID.,"1,24€","0,08€ / UNID.",
Coco Ralado,FERBAR,Emb. 0.2 KG,"2,18€","10,90€ / KG",
Tomate em Pedaços Manjerição e Orégãos,GULOSO,Emb. 0.392 KG,"2,28€","5,82€ / KG",
MAÇÃ AMÊNDOA E CÔCO FRUUT 30G,,Emb. 0.03 KG,"0,99€","33,00€ / KG",
Vinho Verde Branco,AVELEDA,Garrafa 0.75 LT,"4,49€","5,99€ / LT",
Infusão de Frutos Vermelhos,LIPTON,Emb. 0.032 KG,"0,90€","28,13€ / KG",
Néctar Light Manga e Laranja,COMPAL,Emb. 1 LT,"1,68€","1,68€ / LT",
Vinagre Balsâmico de Modena,GALLO,Emb. 0.5 LT,"2,99€","5,98€ / LT",
PALMIERS C/ COBERTURA CHOCOLATE,P'TIT DÉLI,Emb. 0.23 KG,"1,88€","8,17€ / KG",
MINI AGRAFADOR Nº10 + 400AGRAFOS,ESQUISSE,Emb. 1 UNID.,"2,19€","2,19€ / UNID.",
CADEADO C/CHAVE VIAGEM 2UN,RIVERSIDE,Emb. 2 UNID.,"7,79€","3,90€ / UNID.",
Bolacha Gullon Vitalday Crocant Fruta 300g,GULLÓN,Emb. 0.3 KG,"2,28€","7,60€ / KG",
Esparguete Fino Clássica,NACIONAL,Emb. 0.5 KG,"1,98€","3,96€ / KG",
FRESHMATIC COM RECARGA PURE FLOR DE CEREJEIRA,AIRWICK,Emb. 1 UNID.,"7,19€","7,19€ / UNID.",
Massa Margaridas com Vegetais,MILANEZA,Emb. 0.5 KG,"1,98€","3,96€ / KG",
Café Solúvel Puro Colombia Suave,NESCAFÉ,Emb. 0.1 KG,"6,38€","63,80€ / KG",
Cola Cyano,FOXTER,Emb. 0.01 KG,"2,07€","207,00€ / KG",
Preparado em Pó P/ Gelatina de Ananás,ROYAL,Emb. 0.114 KG,"1,98€","17,37€ / KG",
Queijo Emental Francês,PRÉSIDENT,Emb. 0.25 KG,"4,28€","17,12€ / KG",
Noz Moscada C/ Moinho,MARGÃO,Emb. 0.03 KG,"3,98€","132,67€ / KG",
Massa Entrefina,,Emb. 0.5 KG,"0,69€","1,38€ / KG",
Feijocas 3X200G,NOTRE JARDIN,Emb. 0.6 KG,"1,69€","2,82€ / KG",
Tenaz Barbecue,BEAUX JOURS,Emb. 1 UNID.,"5,99€","5,99€ / UNID.",
4 LAPIS GRAFITE HB,ESQUISSE,Emb. 4 UNID.,"1,19€","0,30€ / UNID.",
SNACK BATATA SALGADA S/ GLUTEN,CHAQUE JOUR SANS GLUTEN,Emb. 0.17 KG,"2,03€","11,94€ / KG",
PUDIM +PROTEINA CARAMELO,EHRMANN,Emb. 0.2 KG,"1,79€","8,95€ / KG",
BOLACHAS PETIT BEURRE C/ TABLETE CHOCOLATE LEITE POCKET,P'TIT DÉLI,Emb. 0.268 KG,"3,01€","11,23€ / KG",
Ketchup 473G,CALVÉ,Emb. 0.473 KG,"3,58€","7,57€ / KG",
PIZZA BOLOGNA TURINI,TURINI,Emb. 0.4 KG,"2,05€","5,13€ / KG",
PENSOS INCONTINENCIA ANATOMICOS X 20 + 2 CUECAS DE MALHA,CHORYS,Emb. 20 UNID.,"8,49€","0,42€ / UNID.",
SNACK RECOMPENSA QUEIJO E BOVINO,TOUS MES AMIS,Emb. 0.14 KG,"1,37€","9,79€ / KG",
Champô Seco Fresh&Clean,TRESEMMÉ,Emb. 0.25 LT,"5,39€","21,56€ / LT",
ARROZ A CANTONESA,TABLES DU MONDE,Emb. 0.9 KG,"3,89€","4,32€ / KG",
CRACKERS- BOLACHAS SALGADAS CROCANTES,TOKAPI,Emb. 0.1 KG,"0,48€","4,80€ / KG",
Café Solúvel Clássico Creme,NESCAFÉ,Frasco 0.1 KG,"3,98€","39,80€ / KG",
Vinho Tinto,COMP DO VINHO,Emb. 1 LT,"0,89€","0,89€ / LT",
DOCE CASTANHA C/ BAUNILHA,MAMIE DOUCEUR,,"2,23€",/ Unid.,
Vinagre Vinho Branco,GALLO,Garrafa 0.25 LT,"1,09€","4,36€ / LT",
Batatas Pré-Fritas Cubos Ultracongelado,ECO+,Emb. 1 KG,"1,75€","1,75€ / KG",
Dossier A4 Plástico Lombada 4Cm Argolas,ESQUISSE,Emb. 1 UNID.,"2,49€","2,49€ / UNID.",
Batom Corretivo 002,RIMMEL,Emb. 1 UNID.,"8,48€","8,48€ / UNID.",
Café Torrado Moagem Grossa,,Emb. 0.25 KG,"1,91€","7,64€ / KG",
Pensos Incontinência Discreet Maxi Night,AUSONIA,Emb. 12 LT,"7,98€","0,67€ / LT",
A+ARIEL OPTIMAL LIQ 4X2.8L/56SC/PT,A+,,"8,99€",/ Unid.,
Bolachas Digestivas Chocolate,TRIUNFO,Emb. 0.195 KG,"1,98€","10,15€ / KG",
Bigburger de Peito de Frango 2 Unid.,IGLO,Emb. 0.227 KG,"3,98€","17,53€ / KG",
Panaché,FALSBOURG,Lata 2.5 LT,"2,99€","1,20€ / LT",
Madalenas em Concha,P'TIT DÉLI,Emb. 0.5 KG,"1,99€","3,98€ / KG",
Torta de Morango,P'TIT DÉLI,Emb. 0.3 KG,"1,39€","4,63€ / KG",
Doseador Delicious Sweet Taste,CANDEREL,Emb. 1 P,"1,49€","1,49€ / P",
MASCARA CABELOS ARGAO/JASMIM ING.NATURAIS 300ML,NATEIS,Emb. 0.3 LT,"1,34€","4,47€ / LT",
Fraldas Bebé T4+ ACTIV+ 9/20 Kg,MOTS D'ENFANTS,Emb. 37 UNID.,"10,00€","0,27€ / UNID.",
"Refrigerante com Gás Laranja Lata 6x0,33L",SUMOL,Emb. 1.98 LT,"4,38€","2,21€ / LT",
SABONETE VEGETAL C/LEITE DE BURRA BIO,BIONAÏA,Emb. 0.1 KG,"1,55€","15,50€ / KG",
Batatas Fritas no Forno Receita Camponesa,LAY'S,Emb. 0.13 KG,"2,18€","16,77€ / KG",
Broa de Avintes,,1 Unid. = 0.9 KG (aprox.),"2,79€/kg","2,51€ / Unid.",
Café Pastilhas Lote Chávena,DELTA,Emb. 16 PAST.,"3,48€","0,22€ / PAST.",
"CARREGADOR ISQUEIRO 2,4A + CABO USB/USB C 1M BRANCO",LINKSTER,Emb. 1 UNID.,"9,99€","9,99€ / UNID.",
Máscara Ultra Suave Azeitona Mítica,GARNIER,Emb. 0.3 LT,"6,78€","22,60€ / LT",
Azeite Virgem Extra Dop,ROSMANINHO,Garrafão 5 LT,"24,79€","4,96€ / LT",
Alimento Húmido Gato Paté Salmão,TOUS MES AMIS,Emb. 0.1 KG,"0,79€","7,90€ / KG",
Bolachas Cobertas de Chocolate de Leite,P'TIT DÉLI,Emb. 0.2 KG,"1,15€","5,75€ / KG",
KIT FAJITAS 505G TABLE DU MON,TABLES DU MONDE,Emb. 0.505 KG,"3,17€","6,28€ / KG",
Sangria,FESTALIE,Emb. 3 LT,"4,99€","1,66€ / LT",
Caldo de Legumes,KNORR,Emb. 0.088 KG,"1,39€","15,80€ / KG",
PERCABONATO SÓDIO,CLAIR,Emb. 0.5 KG,"2,44€","4,88€ / KG",
Água com Gás 6x25cl,VIMEIRO,Emb. 1.5 LT,"2,69€","1,79€ / LT",
PURE MACA/ALPERCE SEM ADICAO ACUCAR BIO +4M,,Emb. 0.4 KG,"2,09€","5,23€ / KG",
CANETA FELTRO PONTA FINA VARIAS CORES 18UN,ESQUISSE,Emb. 18 UNID.,"5,49€","0,31€ / UNID.",
VINAGRE BALSAMICO BRANCO,RUSTICA,Emb. 0.025 LT,"2,08€","83,20€ / LT",
Sumo Maçã,JAFADEN,Emb. 1.2 LT,"1,39€","1,16€ / LT",
Polpa de Tomate da Horta 3x210ml,COMPAL,Emb. 0.63 LT,"1,68€","2,67€ / LT",
FEIJAO PRETO SACO MGUIA,NOTRE JARDIN,Emb. 0.5 KG,"1,08€","2,16€ / KG",
Vinho do Porto Velhotes White,CALEM,Garrafa 0.75 LT,"4,99€","6,65€ / LT",
Amendoim C/ Casca Torrado,MARQUE REPERE,Emb. 0.5 KG,"2,09€","4,18€ / KG",
BATATA NOVA SALTEADA C/ AZEITE E SAL MARINHO,POM'LISSE,Emb. 0.45 KG,"2,65€","5,89€ / KG",
IOGURTE LIQUIDO 3 SABORES 8H FORA FRIGORIFICO,DÉLISSE,Emb. 1.08 KG,"2,35€","2,18€ / KG",
Pantene Liso & Sedoso Champô,,Emb. 0.1 LT,"9,98€","99,80€ / LT",
Pão de Forma Rústico,EPI D'OR,Emb. 0.6 KG,"1,19€","1,98€ / KG",
GELADO MENTA C/ PEDACOS CHOCOLATE,ESKISS,Emb. 1 LT,"1,99€","1,99€ / LT",
Nata UHT Carbonara,PARMALAT,Emb. 0.2 LT,"1,26€","6,30€ / LT",
CREME P/ BARRAR CACAU C/ AVELAS 1KG NUSTIKAO,NUSTIKAO,Emb. 1 KG,"3,80€","3,80€ / KG",
Verniz de Unhas 60 Segundos 740,RIMMEL,Emb. 1 UNID.,"5,58€","5,58€ / UNID.",
SORTIDO APERITIVOS TUFADOS,TOKAPI,Emb. 0.1 KG,"1,18€","11,80€ / KG",
Espumante Reserva Tinto Bruto,ALIANÇA,Garrafa 0.75 LT,"5,99€","7,99€ / LT",
Snacks Futebolas,CHEETOS,Emb. 0.13 KG,"1,64€","12,62€ / KG",
Queijo Ralado,VALFORMOSO,Emb. 0.15 KG,"1,49€","9,93€ / KG",
Desinfectante de Roupa,SKIP,Emb. 1.2 LT,"4,99€","4,16€ / LT",
YOFU SOJA PESSEGO/EXOTI 4x125G,ALPRO,Emb. 0.5 KG,"2,88€","5,76€ / KG",
LUVAS JARDINAGEM S ROSA,BEAUX JOURS,Emb. 1 UNID.,"1,89€","1,89€ / UNID.",
Vinho Regional Península de Setúbal Tinto,SERRAS DE AZEITÃO,Garrafa 0.75 LT,"2,64€","3,52€ / LT",
Whisky Blended,SHIP CHANDLER,Emb. 0.07 L,"7,99€","114,14€ / L",
Salsichão de Cervelas de Porco,TRADILÈGE,Emb. 0.3 KG,"2,49€","8,30€ / KG",
Bife do Lombo de Novilho,,1 Unid. = 0.25 KG (aprox.),"21,99€/kg","5,50€ / Unid.",
Arroz Vaporizado,COMPTOÍR DU GRAIN,Emb. 1 KG,"1,38€","1,38€ / KG",
Infusão Chá Menta Bio,,Emb. 1 LT,"1,39€","1,39€ / LT",
Antitranspirante Maximum Protection Confidence,REXONA,Emb. 0.045 LT,"4,79€","106,44€ / LT",
Manteiga com Sal,NOVA AÇORES,Emb. 0.25 KG,"2,28€","9,12€ / KG",
Sementes de Quinoa,MARQUE REPERE,Emb. 0.2 KG,"1,84€","9,20€ / KG",
GOMAS TIJOLOS BRANCOS,COPAÍNS COPINES,Emb. 0.2,"0,99€","4,95€ /",
Desodorizante Deo Invisible,DOVE,Emb. 0.05 LT,"2,69€","53,80€ / LT",
Máquinas de Depilar Descartáveis Venus 3,GILLETTE,Emb. 6 UNID.,"5,98€","1,00€ / UNID.",
Aftershave Loção Sensitive Pro Ultra-Calming,NIVEA,Emb. 0.1 LT,"8,49€","84,90€ / LT",
Limonada,SPRINK'S,Emb. 1.5 LT,"0,89€","0,59€ / LT",
PETALAS DE CAMARAO,TABLES DU MONDE,Emb. 0.05 KG,"1,11€","22,20€ / KG",
Bolachas com Creme Nocilla e Cereais,CUÉTARA,Emb. 0.175 KG,"2,14€","12,23€ / KG",
"MAQUINA CAFE FILTRO 1,25L 1000W",ELSAY,Emb. 1 UNID.,"14,90€","14,90€ / UNID.",
Vinho Tinto,M.J.FREITAS,Bag in Box 5 LT,"7,99€","1,60€ / LT",
Torta com Cobertura Cacau e Recheio de Leite,DAN CAKE,Emb. 0.3 KG,"1,89€","6,30€ / KG",
Refrigerante C/ Gás Laranja S/ Adição Açúcar,FANTA,Garrafa 1.5 LT,"1,00€","0,67€ / LT",
Iogurte Sólido Magro Natural 6 Unid.,LONGA VIDA,Emb. 0.12 KG,"2,09€","17,42€ / KG",
Conjunto Lápis de Cor,ESQUISSE,,"3,99€",/ Unid.,
Refrigerante Mini C/ Gás Zero Cafeína Zero Açúcar Pack 12,COCA COLA ZERO,Emb. 1.8 LT,"5,63€","3,13€ / LT",
Nuggets de Frango 10 Unid.,CAPITÃO IGLO,Emb. 0.208 KG,"3,49€","16,78€ / KG",
Limpa Móveis Spray Lavanda,PRONTO,Emb. 0.3 LT,"4,78€","15,93€ / LT",
Abóbora Cortada,,Emb. 0.45 KG,"0,79€","1,76€ / KG",
IOGURTE CREMOSO COCO C/ BASE MANGA MARACUJA,NAT&VIE,,"2,30€",/ Unid.,
Néctar de Tutti Frutti Clássico 3 Unid.,JAFADEN,Emb. 0.6 LT,"0,79€","1,32€ / LT",
PRATO BIODEGRADAVEL 23CM,HOMESIDE,Emb. 10 UNID.,"1,99€","0,20€ / UNID.",
VELA NUMERO FUN 1,ARDENCE,Emb. 1 UNID.,"0,69€","0,69€ / UNID.",
Desodorizante Dove Roll-On Fresh Touch,DOVE,Emb. 0.05 LT,"2,69€","53,80€ / LT",
Bolachas Mini Cookies Tradicionais,NACIONAL,Emb. 0.12 KG,"1,44€","12,00€ / KG",
Mirtilo,,Emb. 0.125 KG,"1,99€","15,92€ / KG",
Peixe Espada Preto Posta,,1 Unid. = 0.27 KG (aprox.),"8,59€/kg","2,32€ / Unid.",
"BOLACHAS ""GENOISES"" PERA",P'TIT DÉLI,Emb. 0.15 KG,"1,19€","7,93€ / KG",
Iogurte Mix-in Kit Kat 2x115g,NESTLÉ,Emb. 0.23 KG,"2,09€","9,09€ / KG",
Vinho Regional Tejo Meio Seco Rosé,LEZÍRIA,Garrafa 0.75 LT,"1,58€","2,11€ / LT",
Chourição Gran Doblon,CAMPOFRIO,1 Unid. = 0.1 KG (aprox.),"17,99€/kg","1,80€ / Unid.",
Mão de Borrego,,1 Unid. = 1 KG (aprox.),"10,99€/kg","10,99€ / Unid.",
BATATAS FRITAS NO FORNO C/ OLEO GIRASSOL BIO,,Emb. 0.6 KG,"1,99€","3,32€ / KG",
Cereais Bolacha Maria,NESTUM,Emb. 0.25 KG,"2,18€","8,72€ / KG",
PALMIERS COM RASPA LIMAO,P'TIT DÉLI,Emb. 0.1 KG,"0,89€","8,90€ / KG",
Batatas Fritas Biológicas 6x30g,,Emb. 0.18 KG,"2,89€","16,06€ / KG",
CADERNO CAPA DURA A4 DISC AZL 120P PAUTADO + QUADRIC.,ESQUISSE,Emb. 1 UNID.,"3,19€","3,19€ / UNID.",
Chá de Hortelã Pimenta e Poejo,,Emb. 25 SAQ.,"0,79€","0,03€ / SAQ.",
Queijo Fundido Light 16 Porções,PRÉSIDENT,Emb. 0.25 KG,"1,99€","7,96€ / KG",
FIAMBRE CORRENTE FATIADO,ECO+,Emb. 0.2 KG,"1,28€","6,40€ / KG",
Pantene Frizz Control & Luminosidade Champô 250 ml,PANTENE PV,Emb. 0.25 LT,"4,98€","19,92€ / LT",
COLORACAO CASTANHO ESCURO 3.0 S/AMONIACO,VITANOVE,Emb. 1 UNID.,"3,69€","3,69€ / UNID.",
AMACIADOR ROUPA SUAVE,HYPERDOU,Emb. 4 LT,"1,99€","0,50€ / LT",
MISTURA DE FRUTOS TROPICAL EM CALDA 4/4,DOUCEUR DU VERGER,Emb. 0.825 KG,"2,99€","3,62€ / KG",
Brioche Fatiado Clássico,,Emb. 0.5 KG,"1,66€","3,32€ / KG",
Alimento Húmido P/ Gato Frango e Cenoura,GOURMET GOLD,Emb. 0.085 KG,"0,74€","8,71€ / KG",
Toalhitas Viagem,MOTS D'ENFANTS,Emb. 24 UNID.,"0,43€","0,02€ / UNID.",
Queijo Ralado 4 Queijos,PRÉSIDENT,Emb. 0.15 KG,"2,54€","16,93€ / KG",
"Café Solúvel Cevada, Chicória e Centeio",BRASA,Frasco 0.2 KG,"2,78€","13,90€ / KG",
Néctar Clássico Ameixa,COMPAL,Emb. 1 LT,"1,68€","1,68€ / LT",
GEL ALOE VERA BIO 200ML,BIONAÏA,Emb. 0.2 LT,"2,99€","14,95€ / LT",
Lava Tudo Brilhante Universal,SONASOL,Emb. 1.1 LT,"2,79€","2,54€ / LT",
Aperitivo Krit Krititas,CUÉTARA,Emb. 0.35 KG,"2,68€","7,66€ / KG",
"MINAS P/LAPISEIRA HB 0,5MM 2UN",ESQUISSE,Emb. 2 UNID.,"0,99€","0,50€ / UNID.",
Champô Cabelo Criança Alperce e Flor de Algodão,ULTRA SUAVE,Emb. 0.25 LT,"3,58€","14,32€ / LT",
COLORACAO PRETO 1.0 1UN VITANOVE,VITANOVE,Emb. 1,"3,89€","3,89€ /",
"MASSA FRESCA ""RAVIOLI"" BOLONHESA",TURINI,Emb. 0.3 KG,"1,59€","5,30€ / KG",
Gelatina Light Limão,ROYAL,Emb. 0.031 KG,"2,08€","67,10€ / KG",
Tostas Crocantes de Trigo,EPI D'OR,Emb. 0.25 KG,"1,05€","4,20€ / KG",
Creme Repara & Cuida Intensivo para Pele Extra Seca,NIVEA BODY,Emb. 0.3 LT,"6,89€","22,97€ / LT",
Gelado Coco Choco Parfait Les Dessertss,CARTE D'OR,Emb. 0.9 LT,"3,29€","3,66€ / LT",
Toalhitas Dermo 40,LINDOR,Emb. 40 UNID.,"4,48€","0,11€ / UNID.",
Néctar Vital Equilíbrio Frutos Vermelhos,COMPAL,Emb. 0.33 LT,"0,83€","2,52€ / LT",
Snack P/ Gato Crispies C/ Sabor a Frango e Carne de Vaca,FELIX,Emb. 0.45 KG,"1,88€","4,18€ / KG",
PENSOS DIARIOS LONGOS,CHORYS,Emb. 24 UNID.,"1,59€","0,07€ / UNID.",
SUN Tabs Classic Limão,,Emb. 32 DOSES,"3,49€","0,11€ / DOSES",
Conserva de Polvo com Alho,PITEU,Emb. 0.12 KG,"1,89€","15,75€ / KG",
Massa Farfalle Biológica,,Emb. 0.5 KG,"1,29€","2,58€ / KG",
Papel Higiénico 2 Folhas,RENOVA,Emb. 48 ROLOS,"13,48€","0,28€ / ROLOS",
Meloa Cantalupe,,1 Unid. = 1.34 KG (aprox.),"2,99€/kg","4,01€ / Unid.",
Bolachas Choco Minis,MILKA,Emb. 0.185 KG,"2,48€","13,41€ / KG",
SACOS LIXO FECHO FACIL 30L,ELEMBAL,Emb. 20 UNID.,"1,35€","0,07€ / UNID.",
Refrigerante sem Gás Maçã,JOI,Garrafa 1.5 LT,"1,04€","0,69€ / LT",
CORTINA DUCHE 180X200 CINZENTO,SILLAGE,Emb. 1 UNID.,"4,49€","4,49€ / UNID.",
Bolachas Recheadas Baunilha,P'TIT DÉLI,Emb. 0.154 KG,"0,97€","6,30€ / KG",
LUVAS ULTRA-RESISTENTES- TAMANHO L - 1 PAR,MAMISON,,"1,70€",/ Unid.,
ACUCAR DE CANA CUBOS BIO,,Emb. 0.5 KG,"1,92€","3,84€ / KG",
Café Cápsulas Cioccolato,PLANTATION,Emb. 16 CAPS.,"2,44€","0,15€ / CAPS.",
"VELA AROMATICA ""FRUTOS VERMELHOS"" 30H",BIEN AIR,Emb. 1 UNID.,"2,05€","2,05€ / UNID.",
Filetes Harengs Fumés,RONDE DES MERS,Emb. 0.2 KG,"2,49€","12,45€ / KG",
Desodorizante Roll-on Dermacare,VASELINE,Emb. 0.05 LT,"2,09€","41,80€ / LT",
MINI BOLA FUTEBOL T2,WOODSUN,Emb. 2 UNID.,"3,99€","2,00€ / UNID.",
Sabonetes Solidos Leite e Mel 4 Unid.,PALMOLIVE,Emb. 0.09 KG,"3,44€","38,22€ / KG",
Tablete Chocolate 70% Cacau Culinária,PANTAGRUEL,Emb. 0.2 KG,"2,83€","14,15€ / KG",
PENSOS INCONTINENCIA U. FINOS C/ ABAS SUPER+ POCKET 14UN CHORYS,CHORYS,Emb. 14 UNID.,"2,17€","0,16€ / UNID.",
Licor Bailey´s,BAILEY'S,Garrafa 0.7 LT,"13,59€","19,41€ / LT",
PILHA ALCALINA 6LR3146 TECH+,FOXTER,Emb. 1 UNID.,"2,99€","2,99€ / UNID.",
Pasta Arquivo com Elástico com 12 Divisórias,ESQUISSE,Emb. 1 UNID.,"2,50€","2,50€ / UNID.",
Rebuçados Ácidos 4 Frutos,CONFISÉO,Emb. 0.4 KG,"1,53€","3,83€ / KG",
Tempero em Pó de Galinha,KNORR,Emb. 0.135 KG,"2,59€","19,19€ / KG",
AMBIENTADOR FRESHMATIC COM RECARGA LIFE SCENTS OÁSIS TURQUESA,AIRWICK,Emb. 1 UNID.,"7,19€","7,19€ / UNID.",
Gel de Banho,DOVE,Emb. 0.5 LT,"2,49€","4,98€ / LT",
Tiras de Bacon Fumados Superior 2x100g,ECO+,Emb. 0.2 KG,"1,49€","7,45€ / KG",
Salsichão Fatias Tapas,CAMPOFRIO,Emb. 0.08 KG,"1,88€","23,50€ / KG",
Molho de Alho,CALVÉ,Frasco 0.25 KG,"2,93€","11,72€ / KG",
Gomas Trio Açucar,COPAÍNS COPINES,Emb. 0.2 KG,"0,99€","4,95€ / KG",
Alimento Húmido P/ Gato Diamante Frango,PURINA,Emb. 0.09 KG,"1,48€","16,44€ / KG",
Massa Cotovelos Fino,MILANEZA,Emb. 0.5 KG,"1,19€","2,38€ / KG",
Pensos Incontinencia Anatómicos Máxima,LINDOR,Emb. 20 UNID.,"12,48€","0,62€ / UNID.",
Desodorizante Spray Baunilha,MANAVA,Emb. 0.1 LT,"1,37€","13,70€ / LT",
Chicória e Café Solúvel,PLANTATION,Emb. 0.25 KG,"2,99€","11,96€ / KG",
Pantene Repara & Protege Champô 3 Em 1,,Emb. 0.3 LT,"4,98€","16,60€ / LT",
AFIA INFANTIL C/DEPOSITO,ESQUISSE,Emb. 1 UNID.,"1,19€","1,19€ / UNID.",
Pão de Forma sem Côdea 9 Cereais,PANRICO,Emb. 0.48 KG,"2,48€","5,17€ / KG",
"APARAFUSADORA SEM FIO 3,6V",FOXTER,Emb. 1 UNID.,"22,90€","22,90€ / UNID.",
Mousse de Chocolate,TABLIER BLANC,Emb. 0.15 KG,"0,89€","5,93€ / KG",
Sabonete Líquido Recarga Especial Cozinha,MANAVA,Emb. 0.25 LT,"0,65€","2,60€ / LT",
Pantene Espuma Cabelo ondulado 200ml,PANTENE PV,Emb. 0.2 LT,"3,74€","18,70€ / LT",
Strudel de Maçã,,Emb. 0.6 KG,"1,99€","3,32€ / KG",
Toalhitas Limpa Óculos,CLAIR,Emb. 54 UNID.,"1,22€","0,02€ / UNID.",
GELADO 6 CHOCOLATE / 6 PISTACHIO,SMICY,Emb. 12 UNID.,"3,03€","0,25€ / UNID.",
Água sem Gás,SERRA DA ESTRELA,Garrafão 6 LT,"1,68€","0,28€ / LT",
Massa Meada Fina,MILANEZA,Emb. 0.5 KG,"1,04€","2,08€ / KG",
Pastéis de Bacalhau,,Emb. 12 KG,"2,39€","0,20€ / KG",
Hamburguer de Novilho 10 Und. Ultracongelado,,Emb. 1 KG,"7,89€","7,89€ / KG",
GELADO BAUNILHA / SPECULOS,ESKISS,Emb. 1 LT,"2,66€","2,66€ / LT",
Sardinha em Óleo Picante,BOM PETISCO,Emb. 0.12 KG,"0,99€","8,25€ / KG",
Lixívia Tradicional 2 L,NEOBLANC,Emb. 2 LT,"1,64€","0,82€ / LT",
MOLHO DE COGUMELOS DESIDRATADO,RUSTICA,Emb. 0.027 KG,"0,74€","27,41€ / KG",
MOEDAS CHOCOLATE LEITE,COPAÍNS COPINES,Emb. 0.1 KG,"0,99€","9,90€ / KG",
Lava Tudo Marinho,CIF,Emb. 1.4 LT,"1,99€","1,42€ / LT",
Refrigerante C/ Gás Ananás,ECO+,Emb. 2 LT,"0,79€","0,40€ / LT",
"Pilhas Alcalinas LR20/D 1,5V",FOXTER,Emb. 2 UNID.,"3,84€","1,92€ / UNID.",
Queijo Gruyère,NOS RÉGIONS ONT DU TALENT,Emb. 0.25 KG,"4,86€","19,44€ / KG",
Cereais Golden Grahams,NESTLÉ,Emb. 0.375 KG,"2,53€","6,75€ / KG",
PURE MACA/MIRTILO/BANANA SEM ADICAO ACUCAR BISNAGA,DOUCEUR DU VERGER,Emb. 0.48 KG,"3,45€","7,19€ / KG",
Água Micelar Revitalift Preenchedora,L'OREAL,Emb. 0.2 LT,"7,48€","37,40€ / LT",
QUEIJO REBLOCHON SAVOIE,NOS RÉGIONS ONT DU TALENT,Emb. 0.24,"3,29€","13,71€ /",
WC Brisa Marinha,NEO BLANC,Emb. 1 UNID.,"2,24€","2,24€ / UNID.",
Infusão SOS Cabeça,LIPTON,Emb. 20 SAQS,"1,49€","0,07€ / SAQS",
Spray Anti-calcário Perfect,CIF,Emb. 0.435 LT,"2,49€","5,72€ / LT",
Johnson's Baby Brilho Mágico Condicionador Gotas de Brilho,JOHNSON'S BABY,Emb. 0.5 LT,"5,58€","11,16€ / LT",
Iogurte Natural 12x125g,ECO+,Emb. 1.5 KG,"1,81€","1,21€ / KG",
Migas Bacalhau da Noruega,,Emb. 0.4 KG,"4,99€","12,48€ / KG",
TAPETE RETANGULAR 70CM,P'TIT AMI,Emb. 1 UNID.,"9,99€","9,99€ / UNID.",
Pensos Higiénicos Salvaslips em Bolsas,EVAX,Emb. 28 UNID.,"1,34€","0,05€ / UNID.",
Galettes de Arroz com Recheio de Chocolate e Avelã Biológicas,,Emb. 0.12 KG,"2,61€","21,75€ / KG",
Recarga Sabonete Líquido Amêndoas,MANAVA,Emb. 0.25 LT,"0,65€","2,60€ / LT",
Batatas Fritas Rodela,PÁLA-PÁLA,Emb. 0.3 KG,"2,18€","7,27€ / KG",
Conjunto Corretores de Fita,ESQUISSE,Emb. 2 UNID.,"1,99€","1,00€ / UNID.",
Croquetes Coelho e Legumes Verdes,TOUS MES AMIS,Emb. 2 KG,"4,48€","2,24€ / KG",
Sorvete de Manga,TROFIC,,"1,79€",/ Unid.,
Escova de Dentes Macia Média Junior,DENTAMYL,,"0,75€",/ Unid.,
Amaciador Cabelos Secos Elvive,ELVIVE,Emb. 0.2 LT,"3,78€","18,90€ / LT",
Marreta,FOXTER,Emb. 1 UNID.,"7,98€","7,98€ / UNID.",
Exfoliante Facial,INELL,Emb. 0.075 LT,"1,19€","15,87€ / LT",
Farinha de Trigo com Fermento,ECO+,Emb. 1 KG,"1,17€","1,17€ / KG",
Conserva de Sardinha em Tomate,PÊCHE OCÉAN,Emb. 0.12 KG,"0,99€","8,25€ / KG",
Limão Cal. 2/3,,1 Unid. = 0.16 KG (aprox.),"1,89€/kg","0,30€ / Unid.",
Gelado Feast Pack 4,OLÁ,Emb. 0.36 LT,"2,99€","8,31€ / LT",
FORMA DE QUEQUE Nº 04 - PACK 06 UNID.,ECO+,Emb. 1 UNID.,"2,99€","2,99€ / UNID.",
SALSICHAO SECO PORCO QS,ST AZAY,Emb. 0.25 KG,"3,50€","14,00€ / KG",
GEL MAQUINA LOICA CONCENTRADO LIMAO TUDO EM 1 ECOLOGICO 685ML 685ML UNI VERT,UNÍ VERT,Emb. 0.685 LT,"3,86€","5,64€ / LT",
Papel Higiénico 2 Folhas Original,SCOTTEX,Emb. 32 ROLOS,"9,98€","0,31€ / ROLOS",
Gelatina Light Sabor a Ananás,TABLIER BLANC,Emb. 0.031 KG,"0,79€","25,48€ / KG",
MINI CHAMPO DE VIAGEM TILIA E MACA 100ML,NATEIS,Emb. 0.1 LT,"1,35€","13,50€ / LT",
Vaseline,VASELINE,Emb. 0.05 LT,"1,49€","29,80€ / LT",
Vinagre de Vinho Tinto,RUSTICA,Garrafa 0.5 LT,"0,53€","1,06€ / LT",
Conserva de Filete Cavala,PITEU,Emb. 0.12 KG,"1,69€","14,08€ / KG",
Conserva de Ravioli à Bolonhesa,CÔTÉ TABLE,Lata 0.8 KG,"2,99€","3,74€ / KG",
Espumante Reserva Doce,MURGANHEIRA,Garrafa 0.75 LT,"11,78€","15,71€ / LT",
BLOCO NOTAS ADESIVO 75X75MM 2X100UN,ESQUISSE,Emb. 2 UNID.,"1,80€","0,90€ / UNID.",
"Desodorizante ""Invisible Aqua"" Roll-on",REXONA,Emb. 0.05 LT,"2,39€","47,80€ / LT",
ALIMENT BEBE: PURE DE PERA WILLIAMS BIO +4M 4x100G,BIO VILLAGE BEBE,Emb. 0.4 KG,"2,30€","5,75€ / KG",
Elixir Cool Mint,SENSODYNE,Emb. 0.5 LT,"5,98€","11,96€ / LT",
Batatas Fritas Palha,SNR,Emb. 0.3 KG,"1,67€","5,57€ / KG",
GELATINA MORANGO LIGHT CONDI 2X15G,CONDI,Emb. 0.3 KG,"1,88€","6,27€ / KG",
Cachaço com Osso Porco,,1 Unid. = 0.5 KG (aprox.),"3,39€/kg","1,70€ / Unid.",
LIMPA MAQUINA LOICA,VISIOR,Emb. 0.25 LT,"1,35€","5,40€ / LT",
Alimento Húmido P/ Gato de Atum e Camarão,TOUS MES AMIS,Emb. 0.08 KG,"0,99€","12,38€ / KG",
Vinho Regional Douro Tinto Reserva,ADEGA DE VILA REAL,Garrafa 0.75 LT,"3,28€","4,37€ / LT",
Pão Especial Campagnard Fatiado sem Glúten,CHAQUE JOUR SANS GLUTEN,Emb. 0.4 KG,"3,08€","7,70€ / KG",
DENTIFRICO SABOR MORANGO EM GEL JUNIOR 7-13 ANOS,DENTAMYL,Emb. 0.075 LT,"1,63€","21,73€ / LT",
Desodorizante Spray Rexona Men Act Prot+Invisível,REXONA,Emb. 0.2 LT,"2,54€","12,70€ / LT",
Salmão Fumado do Atlântico,RONDE DES MERS,Emb. 0.08 KG,"3,26€","40,75€ / KG",
After Shave Bálsamo Cool Sensitive,NIVEA MEN,Emb. 0.1 LT,"8,48€","84,80€ / LT",
Paté Campestre Superior 2X50g,TRADILÈGE,Emb. 0.1 Kg,"1,89€","18,90€ / Kg",
Água Mineral Natural,PENACOVA,Garrafão 5 LT,"0,98€","0,20€ / LT",
Água sem Gás,LUSO,Garrafão 7 LT,"1,99€","0,28€ / LT",
Couve Penca,,1 Unid. = 1.05 KG (aprox.),"1,99€/kg","2,09€ / Unid.",
CHORIZO FATIAS FINISSIMAS,ST AZAY,Emb. 0.1 KG,"1,99€","19,90€ / KG",
B&J Strawb CheeseCake 465ml,,Emb. 0.465 LT,"6,78€","14,58€ / LT",
Delícias do Mar Sabor a Caranguejo,,Emb. 0.4 KG,"2,37€","5,93€ / KG",
Massa Espirais Semi-Integrais Biológica,,Emb. 0.5 KG,"1,83€","3,66€ / KG",
SECADOR CABELO 2000W,ELSAY,Emb. 1 UNID.,"14,11€","14,11€ / UNID.",
Queijo de Vaca Meio Gordo D.Pedro,D. PEDRO,1 Unid. = 1.5 KG (aprox.),"12,99€/kg","19,49€ / Unid.",
Vinho Regional Península de Setúbal Tinto,JP,Garrafa 0.75 LT,"2,19€","2,92€ / LT",
DESODORIZANTE SPRAY ICE BOOST MEN 200ML,CARRÉ HOMME,Emb. 0.2 LT,"1,19€","5,95€ / LT",
Toalhitas Sensitive Recarga,DODOT,Emb. 216 UNID.,"7,98€","0,04€ / UNID.",
SACOS P/ CONTENTORES DO LIXO 240L,ELEMBAL,Emb. 10 UNID.,"3,77€","0,38€ / UNID.",
Barras de Biscoitos Cobertura de Caramelo Chocolate,ECO+,Emb. 0.348 KG,"2,74€","7,87€ / KG",
Puré de Batata Ultracongelado,POM'LISSE,Emb. 0.75 KG,"1,45€","1,93€ / KG",
GEL DE LIMPEZA 3 EM 1 (ROSTO CABELO E BARBA),CARRÉ HOMME,Emb. 0.2 LT,"2,99€","14,95€ / LT",
Broa de Milho,,1 Unid. = 1.7 KG (aprox.),"2,49€/kg","4,23€ / Unid.",
BALDE PLASTICO REDONDO 12L + ESPREMEDOR,,Emb. 1 UNID.,"2,99€","2,99€ / UNID.",
"OIKOS MARACUJA 110G X4,,440G",OIKOS,Emb. 0.44 KG,"2,39€","5,43€ / KG",
Sobremesa Láctea sabor Baunilha 8x100g,DÉLISSE,Emb. 0.8 KG,"3,39€","4,24€ / KG",
Miolo Amêndoa Granulada,MARQUE REPERE,Emb. 0.15 KG,"2,75€","18,33€ / KG",
MINI BOLA VOLEI PLASTICO,WOODSUN,Emb. 1 UNID.,"2,49€","2,49€ / UNID.",
Conserva de Atum com Piri-piri,RAMIREZ,Emb. 0.12 KG,"1,34€","11,17€ / KG",
Vodka Preta,NOVOTNA,Garrafa 0.7 LT,"6,19€","8,84€ / LT",
Recarga Sabonete Líquido Leite/Mel,MANAVA,Emb. 0.25 LT,"0,65€","2,60€ / LT",
Guardanapos Folha Simples Reciclados,MARQUE REPERE,Emb. 100 UNID.,"0,85€","0,01€ / UNID.",
Condicionador para Cabelo Encaracolado,TRESEMMÉ,Emb. 0.5 LT,"4,19€","8,38€ / LT",
Creme Fixativo para Próteses Dentárias,POLIDENT,Emb. 0.07 KG,"7,39€","105,57€ / KG",
SACO ASPIRADOR S1203,ELSAY,Emb. 1 UNID.,"3,49€","3,49€ / UNID.",
Tablete Chocolate Cacau 85%,LACASA,Emb. 0.1 g,"1,64€","16,40€ / g",
Óleo Alimentar,FULA,Garrafa 1 LT,"2,69€","2,69€ / LT",
Bife Picanha Novilho,,1 Unid. = 0.2 KG (aprox.),"14,99€/kg","3,00€ / Unid.",
Chupa Single,CHUPA CHUPS,Emb. 0.012 KG,"0,38€","31,67€ / KG",
DETERGENTE EM PO ATIVOS VEGETAIS 50D,XÉOR,,"5,71€",/ Unid.,
PURE MACA/RUIBARBO BAIXO TEOR ACUCAR,DOUCEUR DU VERGER,Emb. 0.4 KG,"1,40€","3,50€ / KG",
Lenços de Bolso Pure Sensitive 4 Folhas,RENOVA,Emb. 6 UNID.,"0,98€","0,16€ / UNID.",
Refrigerante com Gás Ananás,FRISUMO,Garrafa 1 LT,"0,99€","0,99€ / LT",
Óleo de Duche Natural,NIVEA,Emb. 0.2 LT,"3,99€","19,95€ / LT",
TESOURA 16CM,ESQUISSE,Emb. 1 UNID.,"1,99€","1,99€ / UNID.",
Sobremesa de Soja C/ Caramelo,NAT&VIE,Emb. 0.4 KG,"1,49€","3,73€ / KG",
Conjunto Formao Madeira,ECO+,Emb. 4 UNID.,"2,49€","0,62€ / UNID.",
Azeite Virgem Extra Suave,GALLO,Garrafa 0.75 LT,"4,49€","5,99€ / LT",
BEBIDA LACTEA PARA GATOS ESTERILIZADOS,LYCAT,Emb. 3 UNID.,"2,69€","0,90€ / UNID.",
Refrigerante C/ Gás Lima-Limão,SPRINK'S,Garrafa 1 LT,"0,89€","0,89€ / LT",
Barrinhas P/ Coelhos Anões Frutas,TOUS MES AMIS,Emb. 0.11 KG,"1,82€","16,55€ / KG",
Gel de Banho Hidratante Baby Sensitive,BABY DOVE,Emb. 0.2 LT,"1,79€","8,95€ / LT",
Caldo para Massas,KNORR,Emb. 0.08 KG,"1,39€","17,38€ / KG",
Fiambre da Pá Fatiado,,Emb. 0.2 KG,"1,25€","6,25€ / KG",
Gel Studio Line Invisi Fix Fixação Forte 6,L'ORÉAL PARIS,Emb. 0.15 KG,"5,98€","39,87€ / KG",
Syoss Oieo Intense 5-92 Vermelho Intenso,SYOSS,,"6,24€",/ Unid.,
BOLACHAS C/ PEPITAS CHOC PRETO E QUINOA BIO,,Emb. 0.16 KG,"2,03€","12,69€ / KG",
Tomate Mini Alongado,,Emb. 0.25 KG,"1,29€","5,16€ / KG",
Gelado Cheesecake com Caramelo Salgado,CARTE D'OR,Emb. 0.9 LT,"3,29€","3,66€ / LT",
Cuvete de Alumínio 10x1L,ELEMBAL,Emb. 10 UNID.,"3,99€","0,40€ / UNID.",
Vinho Regional Douro Branco,TONS DUORUM,Garrafa 0.75 LT,"3,69€","4,92€ / LT",
ICE TEA MANGA,LIPTON,Emb. 0.5 LT,"0,79€","1,58€ / LT",
Perna de Borrego,,1 Unid. = 1 KG (aprox.),"10,99€/kg","10,99€ / Unid.",
Melão Branco,,1 Unid. = 3.076 KG (aprox.),"1,19€/kg","3,66€ / Unid.",
COOKIES C/PEPITAS 3 CHOCOLATES E BASE CHOCOLATE DE LEITE,P'TIT DÉLI,Emb. 0.2 KG,"1,96€","9,80€ / KG",
Brandy,1920,Garrafa 0.7 LT,"10,99€","15,70€ / LT",
Pizza Royale Volpone Ultracongelado,TURINI,Emb. 0.57 KG,"2,99€","5,25€ / KG",
Batatas Pré-Fritas em Cubos,POM'LISSE,Emb. 1 KG,"1,49€","1,49€ / KG",
LEITE DE COCO,TABLES DU MONDE,Emb. 0.4,"1,29€","3,23€ /",
Bebida à Base de Arroz,NAT&VIE,Emb. 1 LT,"1,23€","1,23€ / LT",
MAIONESE C/ MOSTARDA DE DIJON TOP DOWN,RUSTICA,Emb. 0.235 KG,"1,61€","6,85€ / KG",
XAU LIMP MAQ DUOPACK,XAU,Emb. 2 DOSES,"6,99€","3,50€ / DOSES",
Gelados de Amêndoas,MAGNUM,Emb. 4 UNID.,"4,98€","1,25€ / UNID.",
Vinho Cotes Du Rhone A.O.C. 2015 Cuvee Prestige Gregoire,GREGOIRE XI,Garrafa 0.75 ML,"2,99€","3,99€ / ML",
Bebida à Base de Aveia,NAT&VIE,Emb. 1 LT,"1,23€","1,23€ / LT",
Entrecosto de Porco,,1 Unid. = 0.5 KG (aprox.),"5,49€/kg","2,75€ / Unid.",
AVELA EM PO,TABLIER BLANC,Emb. 0.125 KG,"2,29€","18,32€ / KG",
Massa Cuscus,TURINI,Emb. 0.25 KG,"0,49€","1,96€ / KG",
Alimento Seco Gato Atum Legumes,PURINA FRISKIES,Emb. 0.4 KG,"2,18€","5,45€ / KG",
SMOOTHIE VITALIDADE,JAFADEN,,"2,29€",/ Unid.,
Alimento Seco para Cão Frango e Arroz,ECO+,Emb. 4 KG,"5,10€","1,28€ / KG",
Delicias do Mar Surimi Sabor a Caranguejo,PÊCHE OCÉAN,Emb. 0.2 Kg,"1,49€","7,45€ / Kg",
Cerveja com Álcool Stout 6x33cl,SUPER BOCK,Emb. 1.98 LT,"4,49€","2,27€ / LT",
Pantene Caracóis Definidos Laca 300ml,PANTENE PV,Emb. 0.3 LT,"3,74€","12,47€ / LT",
Tablete de Chocolate Preto com Recheio de Menta,EQUADOR,Emb. 0.15 KG,"1,55€","10,33€ / KG",
Conjunto de 5 Chaves De Fendas,ECO+,Emb. 5 UNID.,"1,89€","0,38€ / UNID.",
Champô 2em1 Leite Amêndoa Extra Suave,MANAVA,Emb. 0.5 LT,"2,53€","5,06€ / LT",
Frango com Molho Barbecue,MAGGI,Emb. 0.03 KG,"0,99€","33,00€ / KG",
Alimento Húmido P/ Gato C/ Carne de Vaca e Legumes,FRISKIES,Emb. 0.4 KG,"1,68€","4,20€ / KG",
Palmier,,1 Unid. = 1 UN,"1,00€","1 000,00€ / UN",
Óleo de Cedro,MISTOLIN,Emb. 0.36 LT,"2,79€","7,75€ / LT",
Loção para Corpo Suavizante 48h Pele Seca,NIVEA BODY,Emb. 0.4 LT,"5,98€","14,95€ / LT",
Cereais Arroz Tufado Chocolate,,Emb. 0.75 KG,"2,54€","3,39€ / KG",
Massa Letras,TURINI,Emb. 0.25 KG,"0,55€","2,20€ / KG",
Mousse de Figado Superior,TRADILÈGE,Emb. 0.18 Kg,"1,52€","8,44€ / Kg",
Pacotinho Fruta Hero Baby 3 Frutos 100 G,HERO BABY,Emb. 0.1 KG,"0,97€","9,70€ / KG",
Queijo Fundido Palitos 4x140g,A VACA QUE RI,Emb. 0.14 KG,"2,28€","16,29€ / KG",
Pêra Packam´s Cal. 65/75,,1 Unid. = 0.23 KG (aprox.),"1,69€/kg","0,39€ / Unid.",
PILHAS ALCALINAS LR6 TECH+,FOXTER,Emb. 8 UNID.,"3,49€","0,44€ / UNID.",
Bolachas Maçã,NAT&VIE,Emb. 0.2 KG,"1,79€","8,95€ / KG",
Whisky Vat 69,VAT 69,Garrafa 0.7 LT,"10,99€","15,70€ / LT",
DETERGENTE LIQUIDO ANTI-TRANSFERENCIA CORES 40D,EPSIL,,"4,60€",/ Unid.,
Iogurte Líquido Framboesa Arandos 4x155g,DANONE,Emb. 0.62 KG,"1,69€","2,73€ / KG",
Champô Cabelo Garnier Hidra Caracóis,FRUCTIS,Emb. 0.25 LT,"3,98€","15,92€ / LT",
Pensos Higiénicos Fina e Segura Normal,EVAX,Emb. 1 P,"1,98€","1,98€ / P",
SYOSS OLEO INT. 9-10 LOURO LUMI,SYOSS,,"6,24€",/ Unid.,
Espanador,SILLAGE,Emb. 1 UNID.,"2,99€","2,99€ / UNID.",
Refresco em Pó Laranja,TANG,Emb. 0.03 KG,"0,82€","27,33€ / KG",
Snacks Húmidos P/ Gato Esterilizado 2 de Frango e 2 de Vaca,PURINA,Emb. 0.34 KG,"3,48€","10,24€ / KG",
GEL-CREME HIDRATANTE 50ML,INELL,Emb. 0.05 LT,"2,99€","59,80€ / LT",
Bife do Acém Novilho,,1 Unid. = 0.25 KG (aprox.),"9,99€/kg","2,50€ / Unid.",
Gelatina Frutos Vermelhos Light 2x15g,CONDI,Emb. 0.03 KG,"1,88€","62,67€ / KG",
Espumante Meio Seco,COMP DO VINHO,Garrafa 0.75 LT,"2,99€","3,99€ / LT",
Iogurte Bifidus Líquido Frutos Silvestres 0% 4 Unid.,DANONE,Emb. 0.62 KG,"1,99€","3,21€ / KG",
Tomate Cal. 67/82,,1 Unid. = 0.2 KG (aprox.),"1,99€/kg","0,40€ / Unid.",
Pizza 4 Queijos,CAMPOFRIO,Emb. 0.365 KG,"3,38€","9,26€ / KG",
Cereais Aveia e Morango,NESTUM,Emb. 0.25 KG,"2,18€","8,72€ / KG",
Spray Depilatório Aloé Vera e Vitamina E,VEET,Spray 0.15 LT,"6,64€","44,27€ / LT",
Fígado de Porco,,1 Unid. = 0.2 KG (aprox.),"1,98€/kg","0,40€ / Unid.",
GELATINA MANGA LARANJA LIGHT CONDI 2X15G,CONDI,Emb. 0.3 KG,"1,88€","6,27€ / KG",
Rolo Cozinha Compacto,MARQUE REPERE,Emb. 2 UNID.,"1,42€","0,71€ / UNID.",
Néctar Clássico Manga Magdalena 3x20 cl,COMPAL,Emb. 0.6 LT,"1,58€","2,63€ / LT",
IOGURTE BAUNILHA FRASCO,DÉLISSE,Emb. 0.5 KG,"1,37€","2,74€ / KG",
"Gelados Bombons de Chocolate Classic, de Amêndoas e de Branco Pack 12",MAGNUM,Emb. 0.14 LT,"4,98€","35,57€ / LT",
Creme de Soja P/ Culinária,NAT&VIE,Emb. 0.6 KG,"2,89€","4,82€ / KG",
VASSOURA SEDA CINZENTA,SILLAGE,Emb. 1 UNID.,"2,99€","2,99€ / UNID.",
RACLETTE RECTANGULAR 10P 1200W,ELSAY,,"39,95€",/ Unid.,
Mopa Seca com Cabo Extensível,,Emb. 1 UNID.,"6,99€","6,99€ / UNID.",
Puré de Batata em Flocos,MAGGI,Emb. 0.25 KG,"1,85€","7,40€ / KG",
Abrilhantador P/ Máquina da Loiça Limão,FINISH,Emb. 0.8 LT,"7,44€","9,30€ / LT",
Leite de Pastagem Meio Gordo,TERRA NOSTRA,Emb. 1 LT,"1,03€","1,03€ / LT",
Manjericão,RUSTICA,Frasco 0.012 KG,"0,95€","79,17€ / KG",
Café Fortíssimo Intensidade 12,KAFFA,Emb. 12 PASTILHAS,"2,49€","0,21€ / PASTILHAS",
ESCOVA DENTES MEDIA,DENTAMYL,Emb. 4 UNID.,"1,30€","0,33€ / UNID.",
GEL BANHO DERMO,ECO+,Emb. 1 LT,"1,29€","1,29€ / LT",
Rissóis de Carne 8 Unid.,SNR,Emb. 0.325 KG,"2,09€","6,43€ / KG",
Alimento Húmido para Gato Borrego,LYCAT,Emb. 0.1 KG,"0,79€","7,90€ / KG",
"AQUAFRESH ELIXIR INTENSE CLN,,500ML",AQUAFRESH,,"4,99€",/ Unid.,
GUARDANAPOS FOLHA SIMPLES,ECO+,Emb. 200 UNID.,"1,19€","0,01€ / UNID.",
Tablete Chocolate Preto Culinária,TABLETTE D'OR,Emb. 0.2 KG,"1,49€","7,45€ / KG",
ELIXIR BOCAL EXPERT 8EM1,DENTAMYL,Emb. 0.5 LT,"1,29€","2,58€ / LT",
Bolachas Digestivas Aveia Oats Choc,GULLÓN,Emb. 0.425 KG,"2,93€","6,89€ / KG",
Água sem Gás Mineral,LUSO,Garrafa 0.33 LT,"0,34€","1,03€ / LT",
Massa Fresca em Folhas para Lasanha,TURINI,Emb. 0.35 KG,"1,75€","5,00€ / KG",
Conserva de Ravioli de Vaca com Molho Italiano,CÔTÉ TABLE,Emb. 0.4 KG,"1,49€","3,73€ / KG",
SEPARADORES CARTAO A4 6UN,ESQUISSE,Emb. 6 UNID.,"0,89€","0,15€ / UNID.",
GEL ANTICALCARIO,CLAIR,Emb. 0.5 L,"0,99€","1,98€ / L",
Vinagre Vinho Branco,CRISTAL,Garrafa 0.5 LT,"0,99€","1,98€ / LT",
Óleo de Corpo Coco Addiction,NATURAL HONEY,Emb. 0.3 LT,"5,19€","17,30€ / LT",
TOALHITAS DESMAQ. PELES SECAS E SENSIVEIS BIO,BIONAÏA,Emb. 25 UNID.,"1,99€","0,08€ / UNID.",
Fibra Normal Classic,SCOTCH BRITE,Emb. 1 UNID.,"1,14€","1,14€ / UNID.",
Drageias de Amendoins C/ Chocolate de Leite,MARQUE REPERE,Emb. 0.3 KG,"1,65€","5,50€ / KG",
PATE RICO CARNE/PEIXE/LEGUMES P/GATO 8X100G,LYCAT,Emb. 8 UNID.,"3,15€","0,39€ / UNID.",
Refrigerante sem Gás Limão,FRUTIS,Emb. 1.5 LT,"1,15€","0,77€ / LT",
Creme Limpeza Pink Flowers,CIF,Emb. 0.7 LT,"2,49€","3,56€ / LT",
Molho Piri-piri Extra Picante,PALADIN,Emb. 0.075 LT,"1,78€","23,73€ / LT",
GELADO 6 BAUNILHA / 6 CHOCOLATE,SMICY,Emb. 12 UNID.,"2,39€","0,20€ / UNID.",
Bolacha Torrada,NACIONAL,Emb. 0.175 KG,"1,18€","6,74€ / KG",
Merenda Mista,,1 Unid. = 0.1 KG,"0,99€","9,90€ / KG",
Escova de Dentes Suave Whole Mouth Clean,COLGATE,Emb. 1 UNID.,"3,98€","3,98€ / UNID.",
Couscous,,Emb. 1 KG,"2,07€","2,07€ / KG",
Água com Gás 10x25 cl TP,PEDRAS SALGADAS,Emb. 2.5 LT,"4,38€","1,75€ / LT",
Preparado em Pó para Bebida de Cacau Biológico,,Emb. 0.5 KG,"3,59€","7,18€ / KG",
Creme Culinário Líquido Veggie,NAT&VIE,,"2,48€",/ Unid.,
GELATINA CONDI MORANGO 2X85G,CONDI,,"1,78€",/ Unid.,
Chá de Cidreira,LIPTON,Emb. 20 SAQ.,"1,20€","0,06€ / SAQ.",
Alimento Seco P/ Cão Frango com Arroz <10kg,PURINA,Emb. 0.8 KG,"5,71€","7,14€ / KG",
Máquina de Depilar Descartável Venus Basic,GILLETTE,Emb. 4 UNID.,"3,48€","0,87€ / UNID.",
Cacetinho Integral,,1 Unid. = 0.05 KG,"0,22€","4,40€ / KG",
Ice Tea Pêssego 2x2lt,LIPTON,Emb. 4 LT,"4,99€","1,25€ / LT",
Saboneteira Cinza,SILLAGE,Emb. 1 UNID.,"1,29€","1,29€ / UNID.",
Escova Borracha Vidros + Ventosa,SILLAGE,Emb. 1 UNID.,"1,49€","1,49€ / UNID.",
Martini Rosso,MARTINI,Garrafa 1 LT,"11,49€","11,49€ / LT",
Pantene Cuidado Clássico Champô 3 Em 1,PANTENE PV,Emb. 0.3 LT,"4,98€","16,60€ / LT",
Jesuíta,,1 UNID.,"1,00€","1 000,00€ / UNID.",
Escovilhão,SILLAGE,Emb. 1 UNID.,"1,69€","1,69€ / UNID.",
Pão de Forma Oroweat 12 Cereais,BIMBO,Emb. 0.68 KG,"2,48€","3,65€ / KG",
Chá Preto Yellow,LIPTON,Emb. 20 SAQ.,"1,09€","0,05€ / SAQ.",
Barrinhas Periquitos sabor a Ovos,TOUS MES AMIS,Emb. 0.06 KG,"1,52€","25,33€ / KG",
DENTIFRICO ANTI.TARTARO,DENTAMYL,Emb. 0.075 LT,"0,96€","12,80€ / LT",
Macarrão,TURINI,Emb. 0.5 KG,"0,79€","1,58€ / KG",
POSTA PESCADA Nº3 COZ,ECO+,Emb. 0.8 KG,"3,98€","4,98€ / KG",
After Shave Bálsamo Hidratante,NIVEA MEN,Emb. 0.1 LT,"5,99€","59,90€ / LT",
Espumante Asti,MARTINI,Garrafa 0.75 LT,"8,49€","11,32€ / LT",
ARROZ SUSHI,CAÇAROLA,Emb. 1 KG,"2,08€","2,08€ / KG",
Mousse de Chocolate Preto e de Leite 8X60g,DÉLISSE,Emb. 0.96 LT,"1,99€","2,07€ / LT",
BALDE DE TREMOCOS,RUSTICA,Emb. 3.5 KG,"5,85€","1,67€ / KG",
Escoras Planas Brancas 30-60Cm,ECO+,Emb. 2 UNID.,"1,29€","0,65€ / UNID.",
Bolachas Cobertas com Chocolate de Leite,OREO,Emb. 0.246 KG,"2,98€","12,11€ / KG",
KIT DESENHO 4 PECAS INQUEBRAVEL,ESQUISSE,Emb. 1 UNID.,"2,54€","2,54€ / UNID.",
Sumo Multifrutos 6 Unid.,JAFADEN,Emb. 1200 LT,"1,69€","0,00€ / LT",
Preparado para Bolo Fondant de Chocolate sem Glúten,CHAQUE JOUR SANS GLUTEN,Emb. 0.5 KG,"3,40€","6,80€ / KG",
Shampoo Fortificante Arginina e Proteína,ELVIVE,Emb. 0.25 LT,"3,98€","15,92€ / LT",
BEBIDA ARROZ ORIGINAL,ALPRO,Emb. 1 LT,"2,08€","2,08€ / LT",
Água sem Gás,VITALIS,Garrafa 0.75 LT,"0,53€","0,71€ / LT",
FITA COLA INVISIVEL 25M,ESQUISSE,Emb. 1 UNID.,"1,59€","1,59€ / UNID.",
Mini Snacks P/ Gato Controlo das Bolas de Pelo,TOUS MES AMIS,Emb. 0.06 KG,"0,79€","13,17€ / KG",
PIZZA MARGARITA BIO,,Emb. 0.35 KG,"3,75€","10,71€ / KG",
Cereais Special K Classic,KELLOGG'S,Emb. 0.75 KG,"3,74€","4,99€ / KG",
Sortido de 9 Folhas De Lixa,FOXTER,Emb. 9 UNID.,"1,79€","0,20€ / UNID.",
Vinho Tinto,LEZÍRIA,Garrafa 0.75 LT,"1,59€","2,12€ / LT",
Creme de Banho Pele Suave,NIVEA,Emb. 0.75 LT,"3,49€","4,65€ / LT",
Vinho do Porto Tawny,FERREIRA,Emb. 0.75 LT,"5,98€","7,97€ / LT",
Cápsulas Café Espresso P/ Dolce Gusto Intensidade 11,STARBUCKS,Emb. 12 CAPS.,"5,38€","0,45€ / CAPS.",
Vinho Regional Alentejo Branco,GALITOS,Garrafa 0.75 LT,"1,79€","2,39€ / LT",
Ravioli de Vaca com cebola,TURINI,Emb. 0.3 KG,"1,79€","5,97€ / KG",
AGUARDENTE FIM DE SÉCULO Vínica Velhíssima 25 Anos Cx. Cartão 70CL,,0.07 CL,"36,99€","528,43€ / CL",
Mini Rissóis de Carne 20 Unid.,SNR,Emb. 0.4 KG,"3,07€","7,68€ / KG",
Bolachas de Diet-Fibra sem Açúcar,GULLÓN,Emb. 0.25 KG,"2,48€","9,92€ / KG",
Especiarias Mistura de 5 Pimentas,RUSTICA,Frasco 0.043 KG,"1,80€","41,86€ / KG",
Néctar Vital Equilíbrio Laranja Maracujá,COMPAL,Emb. 1 L,"1,68€","1,68€ / L",
Batatas P/ Fritar,,Emb. 3 KG,"3,49€","1,16€ / KG",
Bebida Energética Blood Orange,POWERADE,Emb. 0.5 LT,"1,38€","2,76€ / LT",
Spray Multiusos,NEOBLANC,Spray 0.65 LT,"2,39€","3,68€ / LT",
Sopa de Tomate,KNORR,Emb. 0.085 KG,"1,49€","17,53€ / KG",
Cone Baunilha,TRIUM,Emb. 6 UNID.,"2,10€","0,35€ / UNID.",
AZEITONA VERDE COM PIMENTO,RUSTICA,Emb. 0.8 KG,"2,75€","3,44€ / KG",
Desodorizante Roll-On Narta 5 Acções Protection,GARNIER,Emb. 0.05 LT,"3,98€","79,60€ / LT",
Compota de Framboesa Morango 4x90g,DOUCEUR DU VERGER,Emb. 0.36 KG,"1,94€","5,39€ / KG",
Conserva de Azeitona Mista Galega,RUSTICA,Emb. 0.3 KG,"2,49€","8,30€ / KG",
Roll On Narta Men InvisiMax,GARNIER,Emb. 0.05 LT,"3,98€","79,60€ / LT",
Batatas Fritas Light,POM'LISSE,Emb. 0.15 KG,"1,11€","7,40€ / KG",
Ketchup Picante,RUSTICA,Emb. 0.25 KG,"0,99€","3,96€ / KG",
Detergente Omo Máquina Roupa Líquido 40+15 Doses,OMO,Emb. 2.75 LT,"5,99€","2,18€ / LT",
RAVIOLI BOLONHESA 1/2,CÔTÉ TABLE,Emb. 0.4 KG,"1,79€","4,48€ / KG",
MOUSSE MAGRO 0%MG MORANGO / PESSEGO,DÉLISSE,Emb. 0.46 KG,"2,04€","4,43€ / KG",
Alimento Completo Cereais P/ Porquinhos-da-Índia,TOUS MES AMIS,Emb. 0.8 kg,"2,09€","2,61€ / kg",
Alimento Seco para Cão Croquetes Júnior Carne de Ave,LYDOG,Emb. 4 KG,"6,79€","1,70€ / KG",
MENU COMPLETO PARA HAMSTERS 800G,P'TIT AMI,Emb. 0.8 KG,"2,09€","2,61€ / KG",
SEMENTES DE GIRASSOL,ECO+,Emb. 2.5 KG,"5,27€","2,11€ / KG",
Pão Saloio,,1 Unid. = 0.4 KG,"2,49€","6,23€ / KG",
Massa Macarronete Riscado,TURINI,Emb. 0.5 KG,"0,80€","1,60€ / KG",
Halls Vita C sem Açúcar Cítricos,HALLS,Emb. 0.032 KG,"0,88€","27,50€ / KG",
Paté de Sardinha e Cavala,PÊCHE OCÉAN,Emb. 0.065 KG,"0,59€","9,08€ / KG",
Queijo Fundido 12 Unid.,LES CROISÉS,Emb. 0.24 KG,"2,19€","9,13€ / KG",
DETERGENTE MANUAL LOICA FLORAL 500ML,VISIOR,Emb. 0.5,"0,76€","1,52€ /",
SALADA PARISIENNE ATUM MR,COTE SNACK,Emb. 0.25 KG,"2,02€","8,08€ / KG",
Pães de Leite 10Unid.,ECO+,Emb. 0.4 KG,"1,37€","3,43€ / KG",
Tortellini de Queijo,KNORR,Emb. 0.25 kg,"3,68€","14,72€ / kg",
Vinho Regional Alentejano Tinto,CONVENTUAL,Garrafa 0.75 LT,"3,99€","5,32€ / LT",
Leite com Chocolate UHT 4x200 ml,GRESSO,Emb. 0.8 LT,"1,91€","2,39€ / LT",
Espanador Pack,PRONTO,Emb. 1 P,"4,28€","4,28€ / P",
REBUÇADOS SABOR SEIVA DE PINHEIRO,CONFISÉO,Emb. 0.25 KG,"1,55€","6,20€ / KG",
Fraldas Bebé T3 Doucer 4/9Kg,MOTS D'ENFANTS,Emb. 90 UNID.,"14,07€","0,16€ / UNID.",
Gel de Banho Amêndoas Doces,VASELINE,Emb. 0.7 LT,"2,99€","4,27€ / LT",
Arroz Carolino,,Emb. 1 KG,"0,86€","0,86€ / KG",
VELA NUMERO - 8,ARDENCE,Emb. 1 UNID.,"0,59€","0,59€ / UNID.",
Molho Bolonhesa,TURINI,Frasco 0.68 KG,"2,56€","3,76€ / KG",
Crocante de Frango Recheio Queijo e Fiambre,IGLO,Emb. 0.204 KG,"4,98€","24,41€ / KG",
Batatas Fritas Onduladas Sabor a Presunto,POM'LISSE,Emb. 0.185 KG,"1,48€","8,00€ / KG",
Papel Higiénico 2 Folhas Compact,MARQUE REPERE,Emb. 6 UNID.,"2,99€","0,50€ / UNID.",
Iogurte Grego Stracciatella,YAOS,Emb. 0.44 KG,"2,29€","5,20€ / KG",
Miolo de Amêndoa Palitada,MARQUE REPERE,Emb. 0.15 KG,"2,56€","17,07€ / KG",
Ice Tea Limão Zero Açúcar,LIPTON,Emb. 1 LT,"1,16€","1,16€ / LT",
COCO RALADO,TABLIER BLANC,Emb. 0.125 KG,"0,99€","7,92€ / KG",
Iogurte Aroma Tutti-Frutti 4 Unid.,LONGA VIDA,Emb. 0.125 KG,"0,89€","7,12€ / KG",
Tomate Cherry,,1 Unid. = 0.25 KG  (aprox.),"4,99€/kg","1,25€ / Unid.",
Champô Purify & Hidrate,TRESEMMÉ,Emb. 0.4 LT,"4,19€","10,48€ / LT",
VELA NUMERO - 2,ARDENCE,Emb. 1 UNID.,"0,99€","0,99€ / UNID.",
ACHOCOLATADO EM PO,P'TIT DÉLI,Emb. 1 KG,"3,25€","3,25€ / KG",
COOKIES C/ PEPITAS CHOCOLATE E PEDACOS AVELA,P'TIT DÉLI,Emb. 0.2 KG,"1,45€","7,25€ / KG",
SABONETE LIQUIDO PESSEGO 500ML,ECO+,Emb. 0.5 LT,"0,79€","1,58€ / LT",
"AGUARDENTE PONTE MARANTE,,70CL",,0.07 CL,"15,99€","228,43€ / CL",
DETERGENTE LÍQUIDO CÍTRICO,CIF,Emb. 1.1 LT,"1,99€","1,81€ / LT",
Atum em Óleo,ECO+,Emb. 0.12 KG,"0,64€","5,33€ / KG",
Bolachas Tosta Rica Choco Guay,CUÉTARA,Emb. 0.168 UNID.,"2,08€","12,38€ / UNID.",
Limpa Máquinas Limão 5x Power Actions,FINISH,Emb. 1 UNID.,"3,89€","3,89€ / UNID.",
FARINHA BRANCA NEVE SUPER FINA,BRANCA DE NEVE,Emb. 1 KG,"1,69€","1,69€ / KG",
Anti-Calcário Spray Brilhante,AJAX,Emb. 0.5 LT,"3,98€","7,96€ / LT",
Queijo Fresco com Leite Magro,DÉLISSE,Emb. 1 KG,"2,08€","2,08€ / KG",
Leite Bem Especial Cálcio Magro,MIMOSA,Emb. 1 LT,"0,98€","0,98€ / LT",
Alimento Seco P/ Gato Interior Frango,PURINA FRISKIES,Emb. 1.5 KG,"6,98€","4,65€ / KG",
PILHAS ALCALINAS LR6,FOXTER,Emb. 8 UNID.,"1,79€","0,22€ / UNID.",
ESPUMA BARBEAR DERMO P.SENSIVEIS 250ML,CARRÉ HOMME,Emb. 0.25 LT,"1,49€","5,96€ / LT",
CABIDE FIO ACO PLASTIFICADO 8UN,SILLAGE,Emb. 8 UNID.,"3,99€","0,50€ / UNID.",
IOGURTE C/ BIFIDUS CEREAIS,DÉLISSE,Emb. 0.5 KG,"1,48€","2,96€ / KG",
Vinho Rosé Frisante,MONTARRO,Garrafa 0.75 LT,"1,59€","2,12€ / LT",
Spray Limpeza Ecrãs,LINKSTER,Emb. 0.2 LT,"3,99€","19,95€ / LT",
Bacon Fumado 2x100g,TRADILÈGE,Emb. 0.2 KG,"2,10€","10,50€ / KG",
Café Torrado Moído Nyeri Kenya Intensidade 8,SICAL,Emb. 16 UNID.,"4,08€","0,26€ / UNID.",
Neoblanc Densa+,NEOBLANC,Emb. 2 LT,"2,58€","1,29€ / LT",
MACEDONIA DE LEGUMES 1/4X3 3X200G,NOTRE JARDIN,Emb. 0.6 KG,"1,59€","2,65€ / KG",
CREME PENTEAR P/ CABELO E BARBA 75ML,CARRÉ HOMME,,"3,01€",/ Unid.,
Desodorizante Roll On Men Cool Kick,NIVEA MEN,Emb. 0.05 LT,"2,39€","47,80€ / LT",
Sobremesa Láctea com Caramelo 4x100g,DÉLISSE,Emb. 0.4 KG,"1,68€","4,20€ / KG",
Leite Condensado Cozido,DÉLISSE,Emb. 0.397 KG,"1,85€","4,66€ / KG",
Pensos Higiénicos Ultra Finos C/ Abas,DOULYS,Emb. 24 UNID.,"2,42€","0,10€ / UNID.",
Óleo Cedro Líquido,PRONTO,Emb. 0.25 LT,"3,58€","14,32€ / LT",
COPOS CARTAO 35CL,HOMESIDE,Emb. 10 UNID.,"0,99€","0,10€ / UNID.",
Acendalhas de Madeira Cubos,SILEX,Emb. 28 UNID.,"0,99€","0,04€ / UNID.",
Queijo de Cabra Rústico de Pimentão Saloio,PALHAIS DE PORTUGAL,1 Unid. = 0.25 KG (aprox.),"14,98€/kg","3,75€ / Unid.",
Leite Bem Especial Crescimento a partir de 3 anos,MIMOSA,Emb. 1 LT,"1,78€","1,78€ / LT",
AGUA LIMÃO,FRIZE,Emb. 0.75 LT,"1,49€","1,99€ / LT",
Amaciador Condicionador,TRESEMMÉ,Emb. 0.5 LT,"4,19€","8,38€ / LT",
Conserva de Salsichas Aves 8 Unid.,NOBRE,Lata 0.2 KG,"1,09€","5,45€ / KG",
SOBREMESA PUDIM DE ARROZ,DÉLISSE,Emb. 0.5 KG,"2,69€","5,38€ / KG",
Doce de Pêssego Baixo Teor de Açúcar,DOUCEUR DU VERGER,Frasco 0.34 KG,"1,43€","4,21€ / KG",
Esfregão Aço Inox,BRAVO,Emb. 1 P,"1,28€","1,28€ / P",
Bolachas com Sal Crackers,DU BOIS DE LA ROCHE,Emb. 0.5 KG,"3,28€","6,56€ / KG",
ROLO COZINHA COMPACTO MULTIUSOS ECO,UNÍ VERT,Emb. 1 UNID.,"4,46€","4,46€ / UNID.",
Bolachas Original,OREO,Emb. 0.154 KG,"1,38€","8,96€ / KG",
Tostas com Germen de Trigo Biológicas,,Emb. 0.3 KG,"1,95€","6,50€ / KG",
Iogurte Bolacha 4 Unid.,IOGOLINO,Emb. 0.4 KG,"2,88€","7,20€ / KG",
BLOCO SANITARIO ACTIV EFFECT LAVANDA 3UN,SYPHON,Emb. 3 UNID.,"1,29€","0,43€ / UNID.",
Carte D'Or Gelado Limão,CARTE D'OR,Emb. 0.9 LT,"3,29€","3,66€ / LT",
Água sem Gás Mineral Sport,LUSO,Emb. 0.75 LT,"0,68€","0,91€ / LT",
Bebida à Base de Amêndoa,NAT&VIE,Emb. 1 LT,"1,39€","1,39€ / LT",
Conserva De Cogumelos Laminados 800G ECO+,ECO+,Emb. 0.8 KG,"2,14€","2,68€ / KG",
Vinagre Vinho Tinto,CRISTAL,Garrafa 0.5 LT,"0,99€","1,98€ / LT",
PENSOS INCONTINENCIA MINI,CHORYS,Emb. 20 UNID.,"1,31€","0,07€ / UNID.",
"Água sem Gás 6x1,5L",VITALIS,Emb. 9 LT,"2,59€","0,29€ / LT",
Amaciador concentrado intense care repair,COMFORT,Emb. 60 DOSES,"3,99€","0,07€ / DOSES",
Alimento Seco P/ Gato Vital Coelho e Frango,PURINA FRISKIES,Emb. 0.4 KG,"2,18€","5,45€ / KG",
Champô Protecção da Cor,TRESEMMÉ,Emb. 0.5 LT,"4,19€","8,38€ / LT",
Alimento Seco P/ Gato Bacalhau,PURINA FRISKIES,Emb. 4 KG,"15,98€","4,00€ / KG",
Vinho Regional Lisboa Branco,PROVA RÉGIA,Garrafa 0.75 LT,"3,99€","5,32€ / LT",
Caldo de Carne,KNORR,Emb. 16 CUBOS,"2,39€","0,15€ / CUBOS",
CANETA ROLLER APAGAVEL VARIAS CORES 3UN,ESQUISSE,Emb. 3 UNID.,"2,10€","0,70€ / UNID.",
Pizza Barbecue,CAMPOFRIO,Emb. 0.41 KG,"3,38€","8,24€ / KG",
Aerossol Air Flores Elegantes,AMBIPUR,Emb. 0.3 LT,"3,98€","13,27€ / LT",
Manteiga C/ Sal e Alho,MIMOSA,Emb. 0.2 KG,"2,18€","10,90€ / KG",
Refrigerante S/ Gás Laranja,JAFADEN,Garrafa 1.5 LT,"0,99€","0,66€ / LT",
Preparado em Pó Cheesecake,ROYAL,Emb. 0.325 KG,"4,28€","13,17€ / KG",
Bolachas Cobertas ChocoWafer Branco,MILKA,Emb. 0.18 KG,"2,68€","14,89€ / KG",
Espinafre Baby,,Emb. 0.17 KG,"1,19€","7,00€ / KG",
AirWick  Comp Pure Flor Cerejeira,AIRWICK,Emb. 1 UNID.,"5,39€","5,39€ / UNID.",
BATATA FRITA DOCE,POM'LISSE,,"1,95€",/ Unid.,
Laranja Cal. 3/4,,1 Unid. = 0.34 KG (aprox.),"1,59€/kg","0,54€ / Unid.",
Caldo de Carne Menos 30% Sal,KNORR,Emb. 0.08 KG,"1,49€","18,63€ / KG",
Pensos Higiénicos Salvaslip Maxi,EVAX,Emb. 36 UNID.,"2,98€","0,08€ / UNID.",
Mala de Chaves 47 Peças,ECO+,Emb. 1 UNID.,"12,90€","12,90€ / UNID.",
Molho de Tomate à Provençale,TURINI,Frasco 0.42 KG,"1,73€","4,12€ / KG",
Lava Tudo Gel Ativo com Lixívia,CIF,Emb. 0.75 LT,"1,39€","1,85€ / LT",
Presunto 6 Fatias,,Emb. 0.15 KG,"2,38€","15,87€ / KG",
VELA NUMERADA N 5,,Emb. 1 UNID.,"0,89€","0,89€ / UNID.",
Sultana Dourada,MARQUE REPERE,Emb. 0.2 KG,"1,49€","7,45€ / KG",
Fraldas Bebé T4 ACTIV+ 7/18 Kg,MOTS D'ENFANTS,Emb. 39 UNID.,"9,01€","0,23€ / UNID.",
Melância Riscada,,1 Unid. = 4.2 KG (aprox.),"1,99€/kg","8,36€ / Unid.",
MUESLI C/ AVEIA E FRUTOS SECOS BIO E S/GLUTEN,CHAQUE JOUR SANS GLUTEN,Emb. 0.375 KG,"3,39€","9,04€ / KG",
Cápsulas Café Sical Pack x3,DOLCE GUSTO,Emb. 48 CAPS.,"14,88€","0,31€ / CAPS.",
Feno Roedores,TOUS MES AMIS,Emb. 1 KG,"2,44€","2,44€ / KG",
CUECA INCONTINENCIA XL,CHORYS,Emb. 10 UNID.,"7,87€","0,79€ / UNID.",
ALIMENTO PÁSSAROS EXOTICOS,ECO+,Emb. 1 KG,"1,99€","1,99€ / KG",
ARROZ MEDITERRANIO PRE COZIDO EXPRESS,COMPTOÍR DU GRAIN,Emb. 0.25 KG,"1,17€","4,68€ / KG",
Pescada Congelada,,1 Unid. = 1.9 KG (aprox.),"5,99€/kg","11,38€ / Unid.",
Bolo Rectangular de Ovo,,1 Unid. = 1 KG (aprox.),"11,99€/kg","11,99€ / Unid.",
Dentífrico Cuidados Completos 8 em 1,DENTAMYL,Emb. 0.075 LT,"0,87€","11,60€ / LT",
Café Pastilhas Arábica Pure Biológico,,Emb. 18 PAST.,"2,99€","0,17€ / PAST.",
Gelado 3 Chocolates,TRIUM,Emb. 4 UNID.,"2,76€","0,69€ / UNID.",
Iogurte Líquido Danonino Bebedino Tutti-Frutti 4x100g,DANONE,Emb. 0.4 KG,"1,79€","4,48€ / KG",
Hambúrgueres de Frango 4 Unid. Ultracongelado,PESCANOVA,Emb. 0.3 KG,"3,98€","13,27€ / KG",
Mini Tostas Redondas,BIMBO,Emb. 0.1 KG,"1,24€","12,40€ / KG",
Vinagre Balsâmico Branco,GALLO,Emb. 0.25 LT,"1,69€","6,76€ / LT",
Refrigerante S/ Gás Laranja Maracujá,JAFADEN,Garrafa 1.5 LT,"0,99€","0,66€ / LT",
BOLACHAS RECHEADAS C/ CHOCO TIPO KANGO,P'TIT DÉLI,Emb. 0.225 KG,"1,73€","7,69€ / KG",
Manga Aérea,,1 Unid. = 0.5 KG (aprox.),"3,89€/kg","1,95€ / Unid.",
"BOLACHAS ""GENOISE"" MORANGO",P'TIT DÉLI,Emb. 0.15 KG,"1,36€","9,07€ / KG",
CREME DE VINAGRE,RUSTICA,Emb. 0.025 CL,"1,75€","70,00€ / CL",
Recarga Sabonete Líquido Amêndoa,PALMOLIVE,Emb. 0.5 LT,"2,99€","5,98€ / LT",
PANO CHÃO BRANCO,SILLAGE,Emb. 1 UNID.,"1,99€","1,99€ / UNID.",
Champô Liso Asiático para Cabelo Frisado e Rebelde,GLISS,Emb. 0.25 LT,"2,24€","8,96€ / LT",
Caldos Molho Cervejeira 8 Cubos,KNORR,Emb. 0.072 KG,"1,49€","20,69€ / KG",
Batatas Fritas Onduladas,RUFFLES,Emb. 0.18 KG,"2,28€","12,67€ / KG",
LIMPA PÓ C/CABO,SILLAGE,Emb. 1 UNID.,"5,49€","5,49€ / UNID.",
Chouriço Corrente com Colorau,,Emb. 1 KG,"4,49€","4,49€ / KG",
Whisky Classic Black 5,LABEL 5,Garrafa 0.7 LT,"9,99€","14,27€ / LT",
Néctar Essencial Manga 3x110ml,COMPAL,Emb. 0.33 LT,"1,79€","5,42€ / LT",
Mini Bolos de Mármore de Chocolate,P'TIT DÉLI,Emb. 0.378 KG,"3,45€","9,13€ / KG",
Leite UHT S/ Lactose Magro,MIMOSA,Emb. 1 LT,"1,28€","1,28€ / LT",
Bebida em Pó Ananás,TANG,Emb. 0.03 KG,"0,82€","27,33€ / KG",
Champô Anti-Caspa Men Controlo De Oleosidade,LINIC,Emb. 0.225 LT,"3,34€","14,84€ / LT",
IOGURTE LIQUIDO FRUTOS TROPICAIS,DÉLISSE,Emb. 0.72 KG,"1,09€","1,51€ / KG",
Desodorizante Pear e Aloe Vera Spray,DOVE,Emb. 0.15 LT,"2,69€","17,93€ / LT",
Chiclets de Peppermint 12 Unid.,CHICLETS,Emb. 0.017 KG,"0,98€","57,65€ / KG",
Linguas de Gato Sabor a Canela,P'TIT DÉLI,Emb. 0.2 KG,"0,72€","3,60€ / KG",
CUECA INCONTINENCIA TAM M,CHORYS,Emb. 14 UNID.,"6,74€","0,48€ / UNID.",
Caldo de Carne,KNORR,Emb. 8 CUBOS,"1,39€","0,17€ / CUBOS",
Chá de Maçã e Canela,TISÉA,Emb. 25 SAQ.,"1,24€","0,05€ / SAQ.",
Snack P/ Cão Médio 12-25kg,PURINA,Emb. 0.115 KG,"2,38€","20,70€ / KG",
Bacalhau Graúdo Islândia Asa Preta,,1 Unid. = 2.5 KG (aprox.),"13,99€/kg","34,98€ / Unid.",
Doce de Abóbora,CASA MATEUS,Frasco 0.345 KG,"2,47€","7,16€ / KG",
"SMICY TUB - SORTIDO GELADOS DE AGUA SABOR LIMAO, LARANJA, MORANGO E COLA",SMICY,Emb. 8 UNID.,"3,40€","0,43€ / UNID.",
Massa Cannelloni,MILANEZA,Emb. 0.25 KG,"1,78€","7,12€ / KG",
Sobremesa Gelado Mini Raspberry 6x60ml,MAGNUM,Emb. 0.36 LT,"5,98€","16,61€ / LT",
Azeite,OLIVEIRA DA SERRA,Garrafão 3 LT,"15,67€","5,22€ / LT",
Sabonete Líquido para as Mãos,DOVE,Emb. 0.25 LT,"2,39€","9,56€ / LT",
Cerveja Aromatizada Rum,DESQUILES,Emb. 0.5 LT,"0,99€","1,98€ / LT",
VELA NUMERO FUN 2,ARDENCE,Emb. 1 UNID.,"0,69€","0,69€ / UNID.",
Cápsulas Café Ristretto Napoli Style Intensidade 13,DOLCE GUSTO,Emb. 30 CAPS.,"10,48€","0,35€ / CAPS.",
Cereais Flakes,CUÉTARA,Emb. 0.5 KG,"2,99€","5,98€ / KG",
Cereais Muesli Chocolate e Quinoa Biológico,,Emb. 0.375 KG,"2,99€","7,97€ / KG",
PESSEGO EM CALDA,DOUCEUR DU VERGER,Emb. 0.82 KG,"3,38€","4,12€ / KG",
Gel Efeito Molhado Extra Forte 3,VITANOVE,Emb. 0.3 L,"2,57€","8,57€ / L",
ATUM ALBACORA POSTA NATURAL,PÊCHE OCÉAN,Emb. 0.14 KG,"2,24€","16,00€ / KG",
QUEIJO FLAMENGO RALADO,QUEIJO NA TÁBUA,Emb. 0.15 KG,"1,29€","8,60€ / KG",
CREME P/ BARRAR PEDACOS FINOS AVELAS,EQUADOR,,"2,14€",/ Unid.,
Queijo Mistura o Sabor Português,LES CROISÉS,1 Unid. = 0.19 KG (aprox.),"8,59€/kg","1,63€ / Unid.",
Conserva de Feijão Encarnado Da Horta,COMPAL,Lata 0.42 KG,"0,99€","2,36€ / KG",
Desodorizante Cucumber & Green Tea S/ áçcool e Alumínio,DOVE,Emb. 0.15 LT,"2,84€","18,93€ / LT",
VASSOURA SEDA PRETA 1/2,SILLAGE,Emb. 1 UNID.,"4,69€","4,69€ / UNID.",
LENTILHAS,NOTRE JARDIN,Emb. 0.45 KG,"0,75€","1,67€ / KG",
FOLHADOS SALMAO 4UN,CÔTÉ TABLE,Emb. 0.4 KG,"4,12€","10,30€ / KG",
Borracha com Proteção,ESQUISSE,Emb. 2 UNID.,"1,89€","0,95€ / UNID.",
Alimento Húmido para Cão Patê com Pedaços Carne Vaca,ECO+,,"1,89€",/ Unid.,
Leite Reparador Tesouros de Mel,ULTRA SUAVE,Emb. 0.4 LT,"5,98€","14,95€ / LT",
CASTANHAS CONGELADAS,,Emb. 1 KG,"9,99€","9,99€ / KG",
Alimento Seco para Cão Carne e Cereais Integrais,ECO+,Emb. 4 KG,"4,19€","1,05€ / KG",
Cápsulas Café Ristretto Ardenza Pack x3,DOLCE GUSTO,Emb. 48 CAPS.,"16,94€","0,35€ / CAPS.",
SABONETE SOLIDO BEBE BIO CORPO E CABELO,MOTS D'ENFANTS,,"1,45€",/ Unid.,
"COOKIES DE CHOCOLATE BRANCO, PASSAS E MIRTILOS",P'TIT DÉLI,Emb. 0.2 KG,"1,96€","9,80€ / KG",
GRELOS FOLHAS PORCOES,NOTRE JARDIN,Emb. 0.4 KG,"1,04€","2,60€ / KG",
Sardinhas em Tomate Biológico,BOM PETISCO,Emb. 0.12 KG,"1,39€","11,58€ / KG",
Açúcar Branco,TÉVA,Emb. 1 KG,"1,39€","1,39€ / KG",
Orégãos Folhas,MARGÃO,Emb. 0.008 KG,"0,98€","122,50€ / KG",
CHOUCROUTE,CÔTÉ TABLE,Emb. 0.42 KG,"1,59€","3,79€ / KG",
Balde para Esfregona,,Emb. 1 UNID.,"2,99€","2,99€ / UNID.",
Rebuçados de Frutas,MENTOS,Emb. 10 UNID.,"0,69€","0,07€ / UNID.",
Alimento Húmido P/ Gato Party Mix Picnic,FELIX,Emb. 0.06 KG,"1,88€","31,33€ / KG",
Pão Centeio,,1 Unid. = 0.4 KG,"1,19€","2,98€ / KG",
Mamão,,1 Unid. = 1.2 KG (aprox.),"4,99€/kg","5,99€ / Unid.",
Loção para Corpo Hidatrante Express 48h Pele Normal a Seca,NIVEA BODY,Emb. 0.4 LT,"5,99€","14,98€ / LT",
Pensos Diários Finos Pocket,DOULYS,Emb. 30 UNID.,"0,96€","0,03€ / UNID.",
CUECA INCONTINENCIA TAM L,CHORYS,Emb. 14 UNID.,"6,74€","0,48€ / UNID.",
LUVAS JARDINAGEM M CINZA,BEAUX JOURS,Emb. 1 UNID.,"1,89€","1,89€ / UNID.",
Iogurte Líquido Morango 6x100g,DANACOL,Emb. 0.6 KG,"2,99€","4,98€ / KG",
Gelado de Chocolate Branco e Amêndoas Pack 4,MAGNUM,Emb. 0.44 LT,"4,98€","11,32€ / LT",
Amarguinha 700 ml,AMARGUINHA,Emb. 0.07 LT,"8,99€","128,43€ / LT",
Madalenas em Concha com Ovos Frescos,,Emb. 0.5 KG,"1,65€","3,30€ / KG",
Maionese Top Down,CALVÉ,Emb. 0.24 KG,"1,39€","5,79€ / KG",
Whisky Fin Blen,WILLIAM LAWSON'S,Garrafa 0.7 LT,"13,99€","19,99€ / LT",
Barras Hero De Cereais Muesli Chocolate Leite 6x25g,HERO,Emb. 0.15,"1,79€","11,93€ /",
Pente Piquio Color,,Emb. 1 UNID.,"2,07€","2,07€ / UNID.",
Peixe Espada Preto,,1 Unid. = 1.7 KG (aprox.),"8,99€/kg","15,28€ / Unid.",
100 ESPETOS BAMBU 25CM,BEAUX JOURS,Emb. 100 UNID.,"1,79€","0,02€ / UNID.",
Bolachas Recheadas Chocolate,ECO+,Emb. 0.5 KG,"1,15€","2,30€ / KG",
ALGODAO DUO MINI OVALE X110,INELL,Emb. 110 UNID.,"0,83€","0,01€ / UNID.",
Lima Plana 200Mm,FOXTER,Emb. 1 UNID.,"2,69€","2,69€ / UNID.",
Lápis para Colorir em Caixa de Metal,ESQUISSE,Emb. 18 UNID.,"3,99€","0,22€ / UNID.",
MULTIPACK CALIPPO SUPERMIX 5X105ML,CALIPPO,Emb. 5 UNID.,"2,49€","0,50€ / UNID.",
Detergente Líquido Multisuperficies Rosas e Jasmim,SONASOL,Emb. 1.3 LT,"2,09€","1,61€ / LT",
Massa Letras Clássica,NACIONAL,Emb. 0.25 KG,"0,84€","3,36€ / KG",
CEREAIS PETALAS NATURAL,GRAINEA,Emb. 0.44 KG,"1,49€","3,39€ / KG",
Bolachas com Cobertura de Chocolate Preto,,Emb. 0.2 KG,"1,39€","6,95€ / KG",
GRESSINOS SESAME,TOKAPI,Emb. 0.125 KG,"1,25€","10,00€ / KG",
Massa Lasanha C/ Ovo,MILANEZA,Emb. 0.5 KG,"2,58€","5,16€ / KG",
Manteiga Magra Sal,PRÉSIDENT,Emb. 0.25 KG,"2,54€","10,16€ / KG",
LENCOS BOLSO KIDS 4F,CARESSE,Emb. 10 UNID.,"0,99€","0,10€ / UNID.",
Capucino Chocolate,PLANTATION,Emb. 0.287 KG,"2,69€","9,37€ / KG",
Champô Cabelo Ultra Suave Delicadeza de Aveia,GARNIER,Emb. 0.25 LT,"3,58€","14,32€ / LT",
Leite de Transição 2 +6 meses,NAN,Emb. 0.8 KG,"12,34€","15,43€ / KG",
Bloco Sanitário Blue Activ,SONASOL WC,Emb. 0.05 KG,"1,94€","38,80€ / KG",
Vinho do Porto Special Reserve,PORTO CRUZ,Emb. 0.75 LT,"9,99€","13,32€ / LT",
Esses,,Emb. 0.3 KG,"1,69€","5,63€ / KG",
Ambientador Absorve Odores Relax Zen 2x150gr,BRISE,Emb.  0.3 KG,"2,99€","9,97€ / KG",
Creme Limpeza Lemon,CIF,Emb. 0.5 LT,"1,89€","3,78€ / LT",
Bebida Gaseificada Aromatizada de Pêssego S/ Álcool,FESTALIE,Garrafa 0.75 LT,"2,89€","3,85€ / LT",
Bebida Energética Ice Storm,POWERADE,Emb. 0.5 LT,"1,38€","2,76€ / LT",
PAPEL HIGIENICO 2F COMPACTO 4=12 ECO,UNÍ VERT,,"3,09€",/ Unid.,
TAMPAO NORMAL,UNÍ VERT,Emb. 16 UNID.,"1,38€","0,09€ / UNID.",
Air Wick Sticks Perfumados Flor de Cerejeira x5,AIRWICK,Emb. 0.025 LT,"7,19€","287,60€ / LT",
Néctar Multifruits,JAFADEN,Emb. 2 LT,"1,69€","0,85€ / LT",
Aerossol Air Nuvens de Algodão,AMBIPUR,Emb. 0.3 LT,"3,98€","13,27€ / LT",
Molho Inglês,RUSTICA,Emb. 0.2 LT,"0,94€","4,70€ / LT",
MASSA FOLHADA,TABLIER BLANC,Emb. 0.23 KG,"0,96€","4,17€ / KG",
Alimento Húmido P/ Gato C/ Coelho,GOURMET GOLD,Emb. 0.085 KG,"0,74€","8,71€ / KG",
Massa Cotovelinhos,MILANEZA,Emb. 0.5 KG,"1,19€","2,38€ / KG",
Néctar Clássico Ananás,COMPAL,Emb. 1 LT,"1,68€","1,68€ / LT",
GOMAS ACIDAS COLORIDAS TUB\'S,COPAÍNS COPINES,Emb. 0.2 KG,"1,40€","7,00€ / KG",
COLA GEL 30ML,ESQUISSE,Emb. 1 UNID.,"1,49€","1,49€ / UNID.",
DETERGENTE LIQUIDO PARA ROUPA BEBE 25D,EPSIL,Emb. 25 DOSES,"3,74€","0,15€ / DOSES",
Iogurte Bifidus Magro Líquido Activia Pêssego Maracujá 4 Unid.,ACTIVIA,Emb. 0.62 KG,"1,99€","3,21€ / KG",
DETERGENTE LIQUIDO SENSITIVE 40D,EPSIL,,"5,60€",/ Unid.,
Marcadores para Colorir,ECO+,Emb. 12 UNID.,"0,99€","0,08€ / UNID.",
Sumo de Ameixa Obtido por Extração Biológico,,Emb. 1 LT,"3,89€","3,89€ / LT",
AFIA 2 ENTRADAS METAL,ESQUISSE,Emb. 1 UNID.,"1,39€","1,39€ / UNID.",
BRINQUEDO VINYL P/CAO PEQ.,P'TIT AMI,Emb. 1 UNID.,"2,99€","2,99€ / UNID.",
Lápis Carpintaria,ECO+,Emb. 12 UNID.,"1,68€","0,14€ / UNID.",
BOLSA CATALOGO A4 50UN,ESQUISSE,Emb. 50 UNID.,"3,99€","0,08€ / UNID.",
Bolachas Cobertas com Chocolate Branco,OREO,Emb. 0.246 KG,"2,98€","12,11€ / KG",
Sumo Maçã,JAFADEN,Emb. 1 LT,"0,79€","0,79€ / LT",
Queijo Curado de Ovelha Amanteigado 500Gr,OURO DO PASTOR,0.5 KG,"14,39€","28,78€ / KG",
BL1 LED FILA CHAMA 2-25W E14,FOXTER,Emb. 1 UNID.,"2,99€","2,99€ / UNID.",
Fusilli sem Glúten,CHAQUE JOUR SANS GLUTEN,Emb. 0.4 KG,"1,29€","3,23€ / KG",
Sidra com Álcool Maça 4x33cl,SOMERSBY,Emb. 1.32 LT,"3,99€","3,02€ / LT",
Toalhitas Activity 4x54 Unid.,DODOT,Emb. 216 UNID.,"7,98€","0,04€ / UNID.",
Tarte Gelada Morango,VIENNETTA,Emb. 0.65 LT,"3,98€","6,12€ / LT",
Tempero de Alho & Salsa 8 Cubos,KNORR,Emb. 0.072 KG,"1,49€","20,69€ / KG",
Sumo 100% Cenoura Biológico,,Emb. 1 LT,"1,79€","1,79€ / LT",
LEITE DESMAQUILHANTE BIO,BIONAÏA,Emb. 0.25 LT,"2,49€","9,96€ / LT",
AUSONIA AIRDRY SUPER ABAS 30,AUSONIA,Emb. 30 UNID.,"4,19€","0,14€ / UNID.",
Sangria Don Simon,DON SIMON,Garrafa 1.5 LT,"2,18€","1,45€ / LT",
Chantilly,DÉLISSE,Emb. 0.25 KG,"1,79€","7,16€ / KG",
FOGUETES P/BOLO,,Emb. 10 UNID.,"1,89€","0,19€ / UNID.",
Farinha S/ Fermento T65,NACIONAL,Emb. 1 KG,"1,04€","1,04€ / KG",
Água com Gás 6x33cl,CARVALHELHOS,Emb. 1.98 LT,"2,59€","1,31€ / LT",
Preparado Creme Leve de Legumes,,Emb. 0.6 KG,"1,99€","3,32€ / KG",
Queijo Le Brie,PRÉSIDENT,Emb. 0.2 KG,"3,77€","18,85€ / KG",
Cajú Torrado e Salgado,TOKAPI,Emb. 0.125 KG,"2,67€","21,36€ / KG",
ABRASIVO SANITARIO MENTA/EUCALIPTO ECO 750ML,UNÍ VERT,Emb. 0.75 LT,"1,39€","1,85€ / LT",
Miolo de Pinhão,,Emb. 0.1 KG,"9,70€","97,00€ / KG",
Iogurte Bifidus Líquido Morango e Kiwi 0% 4 Unid.,DANONE,Emb. 0.62 KG,"1,99€","3,21€ / KG",
VINHO DÃO CASA DE SANTAR RESERVA TINTO 75,CASA DE SANTAR,,"14,98€",/ Unid.,
Tira Gorduras Recarga,MISTOLIN,Emb. 0.545 LT,"2,78€","5,10€ / LT",
DISCOS P/DESMAQUILHAR INELL 70U,INELL,Emb. 70 UNID.,"0,74€","0,01€ / UNID.",
Adoçante,CANDEREL,Emb. 100 UNID.,"2,39€","0,02€ / UNID.",
OSSOS P/ MASTIGAR RECHEADOS C/ VACA P/ CAO 2UN,TOUS MES AMIS,Emb. 2 UNID.,"1,39€","0,70€ / UNID.",
Bolachas de Cacau Recheadas com Creme Baunilha,OREO,Emb. 0.154 KG,"1,48€","9,61€ / KG",
Amendoim C/ Casca Torrado,MARQUE REPERE,Emb. 0.2 KG,"0,79€","3,95€ / KG",
Couve Brócolo,,1 Unid. = 0.27 KG (aprox.),"2,99€/kg","0,81€ / Unid.",
Pensos Clássicos à Prova de Água,HANSAPLAST,Emb. 20 UNID.,"2,09€","0,10€ / UNID.",
Amaciador para a Roupa Pure,COMFORT,Emb. 78 DOSES,"3,99€","0,05€ / DOSES",
Bife Rabadilha de Novilho,,1 Unid. = 0.25 KG (aprox.),"11,99€/kg","3,00€ / Unid.",
Café Delta Em Grão Torrado Chávena,DELTA,Emb. 1 KG,"12,98€","12,98€ / KG",
Bife de Alcatra Novilho,,1 Unid. = 0.35 KG (aprox.),"11,99€/kg","4,20€ / Unid.",
Areia Higiénica para Gato,ECO+,Emb. 7 LT,"1,69€","0,24€ / LT",
PILHAS BOTAO LR44,FOXTER,Emb. 5 UNID.,"1,29€","0,26€ / UNID.",
Néctar Clássico Pêssego 3 Unid.,JAFADEN,Emb. 0.6 LT,"0,89€","1,48€ / LT",
Aquafresh Active White  125ml,AQUAFRESH,,"2,79€",/ Unid.,
Noodles Queijo e Ervas,KNORR,Emb. 0.061 KG,"1,38€","22,62€ / KG",
Pantene Volume & Brilho Máscara 160 ml,PANTENE PV,Emb. 0.16 LT,"5,98€","37,38€ / LT",
Esfregão Regular,BRAVO,Emb. 1 P,"0,98€","0,98€ / P",
ALIMENTO PARA CANARIOS,ECO+,Emb. 1 KG,"1,99€","1,99€ / KG",
Guardanapos 2 Folhas 33x33 cm,RENOVA,Emb. 90 UNID.,"1,38€","0,02€ / UNID.",
Conjunto de 3 X-Atos,ECO+,Emb. 3 UNID.,"1,73€","0,58€ / UNID.",
FIAMBRE PERNA EXTRA MAGRO -25% TEOR SAL 4F,TRADILÈGE,Emb. 0.16 KG,"2,59€","16,19€ / KG",
NATAS FRESCAS ESPESSAS LIGHT,DÉLISSE,Emb. 0.5 LT,"2,09€","4,18€ / LT",
Abacaxi Sweet Gold,,1 Unid. = 1.78 KG (aprox.),"1,19€/kg","2,12€ / Unid.",
REFRIGERANTE S/GAS MULTIFRUTOS,JAFUN,Emb. 10 UNID.,"3,49€","0,35€ / UNID.",
Brioches com Recheio Chocolate 8Unid.,EPI D'OR,Emb. 0.31 KG,"2,39€","7,71€ / KG",
Folhado Fiambre 4x100 g Ultracongelado,CÔTÉ TABLE,Emb. 0.4 KG,"3,57€","8,93€ / KG",
Mistura de Frutos do Bosque,MARQUE REPERE,Emb. 0.2 KG,"2,99€","14,95€ / KG",
Elixir Max White,COLGATE,Emb. 0.5 LT,"6,98€","13,96€ / LT",
"ALIMENT BEBE: PURE FEIJAO VERDE, BATATA BIO +4M  2X120G",BIO VILLAGE BEBE,Emb. 0.24 KG,"1,35€","5,63€ / KG",
Iogurte de Pêssego e Banana 4 Unid.,IOGOLINO,Emb. 0.4 KG,"2,88€","7,20€ / KG",
Preparado de Culinária de Soja Biológico 3x200ml,,Emb. 0.6 L,"3,99€","6,65€ / L",
Água Coco 100% Natural,JAFADEN,Emb. 1 LT,"2,39€","2,39€ / LT",
Tartelettes Cobertas Morango,ECO+,Emb. 0.2 KG,"0,84€","4,20€ / KG",
DETERGENTE MANUAL LOICA CONCENTRADO MENTA/EUCALIPTO ECOLOGICO 500ML,UNÍ VERT,Emb. 0.5 LT,"1,49€","2,98€ / LT",
Amendoins Torrados C/ Sal,TOKAPI,Emb. 0.25 KG,"1,09€","4,36€ / KG",
Ambientador Recarga Elétrico Lavanda e Aloé Vera,GLADE,Emb. 2 UNID.,"7,18€","3,59€ / UNID.",
Gelatina Light Sabor a Morango,TABLIER BLANC,Emb. 0.031 KG,"0,79€","25,48€ / KG",
Café Torrado Moído Lote Masaka Uganda Intensidade 11,SICAL,Emb. 0.22 KG,"3,88€","17,64€ / KG",
Carne de Porco Salgada C/ Lentilhas,CÔTÉ TABLE,Emb. 0.42 KG,"1,79€","4,26€ / KG",
Pimento Padrão,,1 Unid. = 0.25 KG  (aprox.),"5,99€/kg","1,50€ / Unid.",
ALIMENTO HUMIDO FRANGO/CENOURA P/ CAO 1240G,LYDOG,Emb. 1.4 KG,"2,79€","1,99€ / KG",
Iogurte Déli Light 4 Sabores 12x125g,DÉLISSE,Emb. 1.5 KG,"2,83€","1,89€ / KG",
MASCARA EXTRA COLOR 300ML,VITANOVE,Emb. 0.3 LT,"1,99€","6,63€ / LT",
Alimento Completo Cereais P/ Porquinhos-da-Índia,TOUS MES AMIS,Emb. 2.5 KG,"5,89€","2,36€ / KG",
Ice Tea Limão Zero Açúcar,LIPTON,Emb. 0.6 LT,"1,13€","1,88€ / LT",
Massa Estrelinhas,MILANEZA,Emb. 0.25 KG,"0,84€","3,36€ / KG",
Fiambre de Peru Fatias,CAMPOFRIO,Emb. 0.09 KG,"1,29€","14,33€ / KG",
Massa Cotovelinhos,TURINI,Emb. 1 KG,"1,61€","1,61€ / KG",
Café Mistura Peninsular Moída,DELTA,Emb. 0.25 KG,"1,63€","6,52€ / KG",
Queijo Apimentado Fonte da Mourisca,LACTO SERRA,1 Unid. = 0.8 KG (aprox.),"8,99€/kg","7,19€ / Unid.",
Miolo de Amêndoa S/ Pele,MARQUE REPERE,Emb. 0.225 KG,"3,83€","17,02€ / KG",
Cappuccino,NESCAFÉ,Emb. 0.25 KG,"6,38€","25,52€ / KG",
Esparguete,MILANEZA,Emb. 0.5 KG,"0,78€","1,56€ / KG",
Chá Menta Anis Malva e Alcaçus Biológico,,Emb. 20 SAQ.,"0,99€","0,05€ / SAQ.",
Morcela de Assar da Beira Baixa,SNR,Emb. 0.23 KG,"1,99€","8,65€ / KG",
LIMPA TAPETE E ALCATIFA,CLAIR,Emb. 0.6 LT,"2,19€","3,65€ / LT",
Café Torrado Moído África e Ásia Intensidade 11,SICAL,Emb. 0.25 LT,"3,48€","13,92€ / LT",
Pensos Higiénicos Maxi Normal Pocket,DOULYS,Emb. 18 UNID.,"1,16€","0,06€ / UNID.",
AXE GEL APOLLO,AXE,Emb. 0.4 LT,"3,29€","8,23€ / LT",
Detergente Roupa Máquina Líquido Sensitive,SKIP,Emb. 80 DOSES,"15,99€","0,20€ / DOSES",
Amaciador Concentrado Aromaterapia Violeta,VERNEL,Emb. 57 DOSES,"3,29€","0,06€ / DOSES",
FITA CORRETORA 10MX5MM,ESQUISSE,Emb. 1 UNID.,"1,19€","1,19€ / UNID.",
Almôndegas proteína,IGLO,Emb. 0.24 KG,"4,78€","19,92€ / KG",
Cerveja com Álcool Green Limão 6x33cl,SUPER BOCK,Emb. 1.98 LT,"4,49€","2,27€ / LT",
Maionese Formato XXL,CALVÉ,Emb. 0.753 KG,"8,98€","11,93€ / KG",
Purina ONE Dual Nature Sterilized Vaca,PURINA,Emb. 0.4 KG,"3,98€","9,95€ / KG",
Detergente Manual Loiça Ultra Limão,FAIRY,Emb. 0.48 LT,"1,68€","3,50€ / LT",
Escova Dentes Intense Clean Médio,AQUAFRESH,Emb. 1 UNID.,"3,99€","3,99€ / UNID.",
Papel Higiénico Super Compact,RENOVA,Emb. 4 ROLOS,"2,48€","0,62€ / ROLOS",
Conserva de Feijão Manteigado Cozido Da Horta,COMPAL,Emb. 0.42 KG,"1,28€","3,05€ / KG",
Peito de Borrego,,1 Unid. = 1 KG (aprox.),"10,99€/kg","10,99€ / Unid.",
Máquina de Depilar Descartável Oceana,GILLETTE,Emb. 4 UNID.,"6,74€","1,69€ / UNID.",
London Dry Gin,GIBSON'S,Garrafa 0.7 LT,"9,49€","13,56€ / LT",
CREME DE MAOS REPARADOR 100ML,INELL,Emb. 0.1 LT,"1,59€","15,90€ / LT",
Aguardente Vínica Velha Marquês de Marialva X 20 Anos,MARQUÊS MARIALVA,Emb. 0.5 LT,"44,99€","89,98€ / LT",
Creme Limpeza Micro Cristais Limão,CIF,Emb. 0.7 LT,"2,49€","3,56€ / LT",
Creme Autobrilhante Castanho Calçado com Esponja,SPLENDOR,Emb. 0.04 LT,"1,79€","44,75€ / LT",
Batata Noisettes,POM'LISSE,Emb. 1 KG,"1,69€","1,69€ / KG",
Arroz Pot Frango E Cogumelos,KNORR,Emb. 0.075 KG,"1,98€","26,40€ / KG",
Cápsulas Leite Achocolatado Nesquik,DOLCE GUSTO,Emb. 16 CAPS.,"5,98€","0,37€ / CAPS.",
FRESHMATIC COM RECARGA LIFE SCENTS DELÍCIAS DE VERÃO,AIRWICK,Emb. 1 UNID.,"7,19€","7,19€ / UNID.",
Pensos Higiénicos Normal Alas,EVAX,Emb. 12 UNID.,"2,98€","0,25€ / UNID.",
Gelatina Light Mirtilo 4 Unid.,ROYAL,Emb. 0.4 KG,"2,18€","5,45€ / KG",
Spray Mousse,NEOBLANC,Spray 0.7 LT,"2,59€","3,70€ / LT",
Algodão Activo Limpa Metais Brilho,DURAGLIT,Emb. 0.075 KG,"8,98€","119,73€ / KG",
Linguine,TRADIZIONI D'ITALIA,Emb. 0.5 KG,"1,42€","2,84€ / KG",
Mini Gelados de Chocolate Branco e de Chocolate Branco com Amêndoas Pack 6,MAGNUM,Emb. 0.33 LT,"4,98€","15,09€ / LT",
Pack 4 Escovas de Dentes Média,ORAL B,Emb. 4 UNID.,"3,69€","0,92€ / UNID.",
Arroz Agulha,COZINHA VELHA,Emb. 1 KG,"1,33€","1,33€ / KG",
Abóbora Batatas e Peru desde os 6 Meses S/ Glúten,NESTLÉ,Emb. 0.19 KG,"1,39€","7,32€ / KG",
"AGUA MICEL OLEO,OLH SENSI,400ML",GARNIER,,"7,98€",/ Unid.,
PILHAS ALCALINAS LR06,ECO+,Emb. 8 UNID.,"1,79€","0,22€ / UNID.",
Gel Banho Romã Natural,MANAVA,Emb. 0.75 LT,"1,79€","2,39€ / LT",
Caramelos Cobertos com Chocolate Pretos,CONFISÉO,Emb. 0.28 KG,"2,01€","7,18€ / KG",
Iogurte Pouch Squeezy Morango,YOCO,Emb. 0.32 KG,"2,29€","7,16€ / KG",
Caderno Capa Preta Pautado A4 60p,ESQUISSE,,"0,85€",/ Unid.,
Batatas Fritas Lisas,POM'LISSE,Emb. 0.2 KG,"1,68€","8,40€ / KG",
LACA FIXACAO FORTE STYLING 300ML,VITANOVE,Emb. 300 LT,"1,87€","0,01€ / LT",
Óleo Alimentar 3L,FULA,Garrafão 3 LT,"7,89€","2,63€ / LT",
Sais De Fruta Digestivo Laranja,ENO,Emb. 0.15 KG,"6,88€","45,87€ / KG",
Dentífrico Protector Plantas Dentagard,COLGATE,Emb. 0.075 LT,"1,99€","26,53€ / LT",
Aipo,,Emb. 0.5 KG,"1,49€","2,98€ / KG",
GARRAFA TERMICA 750ML,WOODSUN,Emb. 1 UNID.,"11,65€","11,65€ / UNID.",
RECARGA MOPA MICROFIBRAS,SILLAGE,Emb. 1 UNID.,"2,99€","2,99€ / UNID.",
Mistura de Pimentas 5 Bagas,MARGÃO,Emb. 0.024 KG,"3,98€","165,83€ / KG",
BATATAS SALTEADAS OLEO GIRASSOL,POM'LISSE,Emb. 1 KG,"1,79€","1,79€ / KG",
DENTIFRICO SABOR PASTILHA ELASTICA 2-6 ANOS KIDS,PETIT DENTAMYL,Emb. 0.05 LT,"0,99€","19,80€ / LT",
Gelado de Chocolate,CARTE D'OR,Emb. 0.75 LT,"1,94€","2,59€ / LT",
Laca Cabelos Oleosos,SUNSILK,Emb. 0.3 LT,"3,89€","12,97€ / LT",
Coloração 4-2 Castanho Avermelhado 16X3,SYOSS,,"4,99€",/ Unid.,
Conserva de Azeitona Verde Inteira,RUSTICA,Frasco 0.36 KG,"1,46€","4,06€ / KG",
Conserva de Sardinha Molho de Tomate,PÊCHE OCÉAN,Emb. 0.12 KG,"0,80€","6,67€ / KG",
MASSA PIZZA RECTANG.T.BL,TABLIER BLANC,Emb. 0.385 KG,"1,79€","4,65€ / KG",
Conserva de Azeitona Preta Inteira,RUSTICA,Frasco 0.36 KG,"1,05€","2,92€ / KG",
Pão Embalado Burguer 4 Unid.,PANRICO,Emb. 0.3 KG,"1,53€","5,10€ / KG",
BOLO ESPIRAL CHOCOLATE DE AVELA,P'TIT DÉLI,Emb. 0.15,"1,59€","10,60€ /",
Iogurte Aroma Coco 4 Unid.,LONGA VIDA,Emb. 0.125 KG,"0,89€","7,12€ / KG",
Vinho Tinto,ADEGA DE MURÇA,Garrafa 0.75 LT,"1,59€","2,12€ / LT",
Farinha Extra Fina S/ Fermento T55,NACIONAL,Emb. 1 KG,"1,08€","1,08€ / KG",
CREME LIMPEZA LIMAO  750ML,ECO+,Emb. 0.75 LT,"0,96€","1,28€ / LT",
Saco Congelação Grande,ELEMBAL,Emb. 25 UNID.,"0,85€","0,03€ / UNID.",
Vinho do Porto Ruby,DORRÃO,Garrafa 0.75 LT,"3,99€","5,32€ / LT",
Bife Pojadouro de Novilho,,1 Unid. = 0.25 KG (aprox.),"11,99€/kg","3,00€ / Unid.",
COOKIES COM MEGA PEPITAS CHOCOLATE E AMENDOAS CARAMELIZADAS,P'TIT DÉLI,Emb. 0.184 KG,"1,39€","7,55€ / KG",
"BEBIDA SOJA C/CALCIO LIGHT ,1L",ALPRO,Emb. 1 LT,"1,89€","1,89€ / LT",
CREME DEPILATORIO DE DUCHE,SLISS,Emb. 0.25 LT,"4,13€","16,52€ / LT",
AFIA C/DEPOSITO,ESQUISSE,Emb. 1 UNID.,"1,09€","1,09€ / UNID.",
Chá de Cidreira,LIPTON,Emb. 10 SAQ.,"0,69€","0,07€ / SAQ.",
CABIDE C/ GANCHO CINZA 6UN,SILLAGE,Emb. 6 UNID.,"2,49€","0,42€ / UNID.",
CARNE PICADA BOVINO BIO,,Emb. 0.4 KG,"4,69€","11,73€ / KG",
Azeite Virgem Extra Clássico,GALLO,Emb. 0.75 LT,"4,49€","5,99€ / LT",
Fraldas Bebé T4+ Doucer 9/20Kg,MOTS D'ENFANTS,Emb. 70 UNID.,"13,27€","0,19€ / UNID.",
CALDO GALINHA M.REPERE,RUSTICA,Emb. 0.12 KG,"0,74€","6,17€ / KG",
PEITO DE FRANGO FATIADO,CAMPO FINO,Emb. 0.2 KG,"1,79€","8,95€ / KG",
Papel Higiénico 2 Folhas Compact,MARQUE REPERE,Emb. 12 UNID.,"4,29€","0,36€ / UNID.",
Detergente Loiça Manual Concentrado Maça,SUPER POP,Emb. 0.7 LT,"1,49€","2,13€ / LT",
Manteiguinhas,,Emb. 0.3 KG,"1,69€","5,63€ / KG",
Polvo Limpo Ultracongelado,,Emb. 0.5 KG,"6,59€","13,18€ / KG",
Gomas Tijolos,COPAÍNS COPINES,Emb. 0.2 KG,"0,99€","4,95€ / KG",
Fiambre Peito de Frango,CAMPOFRIO,1 Unid. = 0.1 KG (aprox.),"13,99€/kg","1,40€ / Unid.",
Champô Cuidado Clássico,TRESEMMÉ,Emb. 0.9 LT,"6,59€","7,32€ / LT",
Vassoura Espalmada Lisa C/ Cabo,,Emb. 1 UNID.,"1,99€","1,99€ / UNID.",
Bolachas Duplo Creme,OREO,Emb. 0.185 KG,"1,68€","9,08€ / KG",
CESTO + 36 MOLAS,HOMESIDE,Emb. 1 UNID.,"4,99€","4,99€ / UNID.",
Tira-Nódoas para Roupa Branca em Gel,SKIP,Emb. 1.6 LT,"6,99€","4,37€ / LT",
Alimento Seco P/ Gato Sénior +11 Anos de Frango,PURINA,Emb. 1.5 KG,"11,98€","7,99€ / KG",
Miolo de Noz Pecan,MARQUE REPERE,Emb. 0.2 KG,"6,85€","34,25€ / KG",
Queijo Ovale Double Crème,ECO+,Emb. 0.3 KG,"2,56€","8,53€ / KG",
Refrigerante S/ Gás Laranja,AQUARIUS,Garrafa 1.5 LT,"1,99€","1,33€ / LT",
BOLACHA AMENDOIM,,Emb. 0.26 KG,"2,75€","10,58€ / KG",
TRANSPORTADORA P/CAO 48CM 1UN P'TIT AMI,P'TIT AMI,Emb. 1 UNID.,"11,90€","11,90€ / UNID.",
Champô 2em1 P/ Cabelos Muito Secas Extra Suave,MANAVA,Emb. 0.5 LT,"1,99€","3,98€ / LT",
Desentupidor em Gel Forza Canos,MR MUSCLE,Emb. 0.1 LT,"4,09€","40,90€ / LT",
ATRIX CR PROTECCAO SUAVE,ATRIX,Emb. 0.1 LT,"4,16€","41,60€ / LT",
Esparguete,CAÇAROLA,Emb. 0.5 KG,"0,98€","1,96€ / KG",
Bolachas de Manteiga em Saquetas 12x3Unid.,P'TIT DÉLI,Emb. 0.3 KG,"2,36€","7,87€ / KG",
Fiambre da Perna,CAMPO FINO,1 Unid. = 0.12 KG (aprox.),"9,32€/kg","1,12€ / Unid.",
Conserva Tomates Pelados Biológicos,,Lata 0.4 KG,"1,39€","3,48€ / KG",
Gel de Banho Black XL,AXE,Emb. 0.4 LT,"3,29€","8,23€ / LT",
Água com Gás Limão 4x25 cl,FRIZE,Emb. 1 LT,"2,68€","2,68€ / LT",
Lip Therapy Original,VASELINE,Emb. 0.017 KG,"2,98€","175,29€ / KG",
NECTAR FRUTOS DO POMAR SEM ADICAO DE AÇÚCARES,JAFADEN,Emb. 1 LT,"1,40€","1,40€ / LT",
Pão de Ló de Ovar,NOS RÉGIONS ONT DU TALENT,Emb. 0.5 KG,"7,49€","14,98€ / KG",
Ervilhas Ultracongeladas,NOTRE JARDIN,Emb. 1 KG,"1,79€","1,79€ / KG",
Conserva de Cogumelos Laminados Da Horta,COMPAL,Emb. 0.29 KG,"0,99€","3,41€ / KG",
Vinho Regional Bairrada Tinto,S. DOMINGOS,Garrafa 0.75 LT,"2,59€","3,45€ / LT",
Cápsulas de Café C/ Leite Intenso,DOLCE GUSTO,Emb. 16 CAPS.,"5,98€","0,37€ / CAPS.",
AMENDOINS TORRADOS E SALGADOS,ECO+,Emb. 0.25 KG,"0,85€","3,40€ / KG",
Leite Magro em Pó,DÉLISSE,Emb. 0.3 KG,"2,78€","9,27€ / KG",
Cápsulas Café Cappuccino P/ Dolce Gusto,STARBUCKS,Emb. 12 CAPS.,"5,48€","0,46€ / CAPS.",
Flor Duche Azul,SILLAGE,Emb. 1 UNID.,"1,89€","1,89€ / UNID.",
IOGURTE GREGO COCO,DÉLISSE,Emb. 0.6 KG,"1,98€","3,30€ / KG",
Conserva de Grão da Horta,COMPAL,Lata 0.42 KG,"0,99€","2,36€ / KG",
DETERGENTE MANUAL LOICA CONCENTRADO HIPOALERG.ECOLOGICO 500ML,UNÍ VERT,Emb. 0.5 LT,"1,49€","2,98€ / LT",
Spray de Limpeza Vidros e Superfícies Brilhantes Power&Shine,CIF,Emb. 0.75 LT,"2,49€","3,32€ / LT",
ALIMENTO HUMIDO EM GELEIA FRANGO/FIGADO/CENOURA P/ CAO 1230G,LYDOG,Emb. 1 KG,"2,49€","2,49€ / KG",
Areias,,Emb. 0.3 KG,"1,69€","5,63€ / KG",
Salsichas Cocktail,TOKAPI,Lata 0.42 KG,"1,89€","4,50€ / KG",
"SPRAY AMBIENTADOR ""FRUTOS VERMELHOS"" 300ML",BIEN AIR,Emb. 0.3 LT,"1,24€","4,13€ / LT",
Vinho Regional Dão Tinto Seleção,QUINTA DE CABRIZ,Garrafa 0.75 LT,"4,29€","5,72€ / LT",
Guardanapos 2 Folhas Gold 39x39 cm,RENOVA,Emb. 40 UNID.,"1,98€","0,05€ / UNID.",
CONDICIONADOR CABELOS FRAGEIS E QUEBRADICOS 250ML,NATEIS,Emb. 0.25 LT,"1,85€","7,40€ / LT",
BARRAS CEREAIS FROSTIES 6X25G,KELLOGG'S,Emb. 6 UNID.,"2,78€","0,46€ / UNID.",
Manteiga de Amendoim Cremosa,CALVÉ,Emb. 1 KG,"13,82€","13,82€ / KG",
PRATOS BIODEGRADAVEIS 23CM 25UN,HOMESIDE,Emb. 25 UNID.,"3,83€","0,15€ / UNID.",
RATO S/FIO SILENCIOSO PRETO,LINKSTER,Emb. 1 UNID.,"12,95€","12,95€ / UNID.",
SPRAY IMPERMEABILIZANTE INCOLOR 250ML,LA VACHETTE,Emb. 0.25 LT,"2,17€","8,68€ / LT",
MASSA QUEBRADA BIO,,Emb. 0.23 KG,"1,99€","8,65€ / KG",
Alimento Húmido P/ Gato Vários Sabores,GOURMET GOLD,Emb. 0.34 KG,"3,48€","10,24€ / KG",
Bebida de Amêndoa,SHOYCE,Emb. 1 LT,"2,18€","2,18€ / LT",
Cápsulas Café Sical,DOLCE GUSTO,Emb. 30 CAPS.,"10,48€","0,35€ / CAPS.",
Detergente Roupa Proteção Cores,WOOLITE,Emb. 30 DOSES,"6,99€","0,23€ / DOSES",
Massa Cotovelinhos,TURINI,Emb. 0.5 KG,"0,79€","1,58€ / KG",
Piano Reserva 2016 Douro Branco,PIANO,Emb. 0.75 LT,"5,99€","7,99€ / LT",
Mistura Solúvel Café,PLANTATION,Frasco 0.2 KG,"2,39€","11,95€ / KG",
Fio Dentário,COLGATE,Emb. 1 UNID.,"3,98€","3,98€ / UNID.",
Queijo Flamengo 1/4 Bola,PRIMOR,Emb. 0.35 KG,"3,48€","9,94€ / KG",
Desodorizante Roll- On Dry Fresh,NIVEA,Emb. 0.05 LT,"3,98€","79,60€ / LT",
Arroz Branco Longo Biológico,,Emb. 0.5 KG,"1,32€","2,64€ / KG",
CONE NATA MORANGO 6UN,SMICY,Emb. 0.12 LT,"1,69€","14,08€ / LT",
Alimento Completo Cereais P/ Canários,TOUS MES AMIS,Emb. 1 KG,"3,99€","3,99€ / KG",
ARROZ DE PATO 400G,CÔTÉ TABLE,Emb. 0.4 KG,"2,99€","7,48€ / KG",
Bolachas Maria Oro,CUÉTARA,Emb. 0.8 KG,"2,98€","3,73€ / KG",
Caldo de Galinha,KNORR,Emb. 0.16 KG,"2,39€","14,94€ / KG",
Atum em Óleo Vegetal,BOM PETISCO,Emb. 0.12 KG,"1,26€","10,50€ / KG",
SUMO MULTIFRUTOS -30% ACUCAR,JAFADEN,,"1,50€",/ Unid.,
Açúcar Mascavado,TÉVA,Emb. 0.75 KG,"1,99€","2,65€ / KG",
Refrigerante sem Gás Ananás,FRUTIS,Emb. 1.5 LT,"1,15€","0,77€ / LT",
Vinho do Porto Branco,FERREIRA,Garrafa 0.75 LT,"5,98€","7,97€ / LT",
Douradinhos Salmão Selvagem 10 Unid. Ultracongelado,IGLO,Emb. 0.28 KG,"5,68€","20,29€ / KG",
MOLHO PIMENTA,RUSTICA,Emb. 0.3 LT,"1,36€","4,53€ / LT",
Iced Tea Limão,NESTEA,Garrafa 1.5 LT,"1,00€","0,67€ / LT",
Arroz Agulha,PATO REAL,Emb. 1 KG,"1,18€","1,18€ / KG",
Gomas Aromatizadas Frita Vários Sabores,COPAÍNS COPINES,Emb. 0.275 KG,"1,24€","4,51€ / KG",
Toalhitas WC Criança Perfurmada,MOTS D'ENFANTS,Emb. 60 UNID.,"1,35€","0,02€ / UNID.",
Caldo Galinha 16 Cubos,MAGGI,Emb. 0.16 KG,"2,09€","13,06€ / KG",
Cotonetes Stoppers Bebé,MOTS D'ENFANTS,Emb. 50 UNID.,"0,48€","0,01€ / UNID.",
Alimento Húmido para Gato Carne em Molho 24x100g,TOUS MES AMIS,Emb. 24 UNID.,"8,58€","0,36€ / UNID.",
Alimento Húmido P/ Gato Completo 4x400g,LYCAT,Emb. 4 UNID.,"3,59€","0,90€ / UNID.",
Azeite virgem,GALLO,Emb. 3 LT,"15,89€","5,30€ / LT",
Iogurte Soja Frutos Vermelhos 4 Unid.,NAT&VIE,Emb. 0.4 KG,"1,49€","3,73€ / KG",
Pão Maxi Burguer 4 Unidades,BIMBO,Emb. 0.3 KG,"1,68€","5,60€ / KG",
Esfregão Fibra Verde Classic XXL,SCOTCH BRITE,Emb. 1 UNID.,"0,99€","0,99€ / UNID.",
PANO SUAVE DUPLO,VILEDA,,"1,95€",/ Unid.,
Aguardente Bagaceira Portuguesa Marc Brandy,PORTUGUEZA,Emb. 1 LT,"12,49€","12,49€ / LT",
Vinagre Balsâmico de Modena Gourmet,GALLO,Emb. 0.25 LT,"2,16€","8,64€ / LT",
Bolinhas de Bacalhau 20 Unid.,SNR,Emb. 0.334 KG,"3,59€","10,75€ / KG",
Sais de Fruta Digestivo Limão,ENO,Emb. 10 UNID.,"4,98€","0,50€ / UNID.",
CHAMPO + DUCHE TONIFICANTE PARA HOMEM,CARRÉ HOMME,Emb. 0.25 LT,"1,34€","5,36€ / LT",
Desodorizante Roll-On Pepino 0%Alumínio,DOVE,Emb. 0.05 LT,"2,84€","56,80€ / LT",
Biscoitos de Canela,P'TIT DÉLI,Emb. 0.5 KG,"1,98€","3,96€ / KG",
Bloco sanitário power 5 duo pack ocean,DOMESTOS,Emb. 0.11 KG,"2,74€","24,91€ / KG",
Sobremesa Ilha Flutuante 4x100g,DÉLISSE,Emb. 0.4 KG,"2,74€","6,85€ / KG",
Amaciador Roupa Origem Natural Cítrico,BOTANICAL ORIGIN,Emb. 45 DOSES,"3,99€","0,09€ / DOSES",
MINI VASSOURA VINIL,SILLAGE,Emb. 1 UNID.,"1,49€","1,49€ / UNID.",
Maionese,HELLMANN'S,Emb. 0.763 KG,"4,99€","6,54€ / KG",
Salteado de Frango C/ Legumes,CÔTÉ TABLE,Emb. 0.9 KG,"3,49€","3,88€ / KG",
Papel Higiénico 2 Folhas Estra XXL 18=45,RENOVA,Emb. 18 ROLOS,"11,84€","0,66€ / ROLOS",
Cereais Pétalas Trigo Chocolate,P'TIT DÉLI,Emb. 0.4 KG,"1,34€","3,35€ / KG",
Açúcar de Cana em Pó Biológico,,Emb. 0.5 KG,"1,96€","3,92€ / KG",
Recarga para Difusor Automático Delicias de Verão,AIRWICK,Emb. 0.019 LT,"3,59€","188,95€ / LT",
Marcadores Ponta Fina,ESQUISSE,Emb. 4 UNID.,"2,66€","0,67€ / UNID.",
Tablete Chocolate 70% Cacau,LA CASA,Emb. 0.1 KG,"1,64€","16,40€ / KG",
Pudim Ananás,BOCA DOCE,Emb. 0.022 KG,"0,44€","20,00€ / KG",
Drageia de Morango Mix,MENTOS,Emb. 0.037 KG,"0,68€","18,38€ / KG",
Conserva Cogumelos de Paris Laminados Biológicos,,Frasco 0.28 KG,"1,99€","7,11€ / KG",
Gelatina Light Ananás 2x15g,CONDI,Emb. 0.03 KG,"1,88€","62,67€ / KG",
Sementes de Sésamo,MARQUE REPERE,Emb. 0.2 KG,"1,13€","5,65€ / KG",
CANELONES DE CARNE VACA C/ MOLHO DE TOMATE À NAPOLITANA,CÔTÉ TABLE,Emb. 0.8 KG,"3,26€","4,08€ / KG",
BALANCA DIGITAL BAGAGEM,RIVERSIDE,Emb. 1 UNID.,"9,99€","9,99€ / UNID.",
Gel Studio Line Indestructible Extremo 9,L'ORÉAL PARIS,Emb. 0.15 LT,"5,98€","39,87€ / LT",
Detergente Manual Loiça Concentrado Original,FAIRY,Emb. 0.78 LT,"2,69€","3,45€ / LT",
Alimento P/ Gato Adulto de Salmão,PURINA,Emb. 3 KG,"22,98€","7,66€ / KG",
"AQUAFR ELIXIR MULTIACT,,500ML",AQUAFRESH,,"5,49€",/ Unid.,
Massa Estrelinhas,TURINI,Emb. 0.25 KG,"0,55€","2,20€ / KG",
Hamburgers de Peito de Frango sem Glúten Ultracongelado,IGLO,Emb. 0.24 KG,"4,29€","17,88€ / KG",
LUVAS JARDINAGEM L ROSA,BEAUX JOURS,Emb. 1 UNID.,"1,89€","1,89€ / UNID.",
Café Ricoré,DOLCE GUSTO,Emb. 16 CAPS.,"5,98€","0,37€ / CAPS.",
Leite de Cabra UHT Meio Gordo,PRÉSIDENT,Emb. 1 LT,"2,43€","2,43€ / LT",
AFTERSHAVE LOCAO OCEAN FRESH 100ML,CARRÉ HOMME,Emb. 0.1 LT,"2,41€","24,10€ / LT",
Beterraba Fresca,,1 Unid. = 0.27 KG (aprox.),"1,59€/kg","0,43€ / Unid.",
Cachorrinhos 5 Unid.,,Emb. 5 KG,"2,99€","0,60€ / KG",
Pensos Incontinência Discreet Maxi Night,AUSONIA,Emb. 16 UNID.,"7,98€","0,50€ / UNID.",
Forno de Lenha Fatias Finas Peito de Peru,CAMPOFRIO,Emb. 0.12 KG,"2,09€","17,42€ / KG",
Tempero de Alho & Coentros 8 Cubos,KNORR,Emb. 0.072 KG,"1,49€","20,69€ / KG",
Creme Hidratante Bebé Rosto e Corpo,MOTS D'ENFANTS,Emb. 0.1 LT,"1,97€","19,70€ / LT",
Queijo de Ovelha Amanteigado Seia,MARTINS & REBELLO,1 Unid. = 0.5 KG (aprox.),"17,52€/kg","8,76€ / Unid.",
Champô Sólido Bio,BIONAÏA,Emb. 0.085 KG,"4,99€","58,71€ / KG",
Puré Maçã Ameixa S/ Adição Açúcar 4 Unid.,DOUCEUR DU VERGER,Emb. 0.4 KG,"1,59€","3,98€ / KG",
BOLACHAS RECHEADAS C/ AVELA TIPO KANGO X12,P'TIT DÉLI,Emb. 0.225 KG,"1,79€","7,96€ / KG",
Pá 29Cm,BEAUX JOURS,Emb. 1 UNID.,"10,99€","10,99€ / UNID.",
Azeite Clássico Pet,OLIVEIRA DA SERRA,Emb. 0.75 LT,"5,58€","7,44€ / LT",
Pensos Incontinência Anatómicos Plus,LINDOR,Emb. 20 UNID.,"11,78€","0,59€ / UNID.",
Patê Fiambre Sólo Natural,LA PIARA,Emb. 0.077 KG,"1,29€","16,75€ / KG",
BOLACHA MY COOKIES AVEIA,NACIONAL,Emb. 0.15 KG,"1,78€","11,87€ / KG",
Empadão de Pato,NOS RÉGIONS ONT DU TALENT,Emb. 0.3 UNID.,"2,33€","7,77€ / UNID.",
PASTILHAS ANTI-CALCARIO MAQ ROUPA 48UN,TEXIL,Emb. 48 UNID.,"5,07€","0,11€ / UNID.",
Gelatina Frutos Do Bosque 4 Unid.,ROYAL,Emb. 0.4 KG,"2,18€","5,45€ / KG",
TORTILHA CHOURICO,TABLES DU MONDE,Emb. 0.5 KG,"3,91€","7,82€ / KG",
Vinho Regional Alentejo Branco,REAL LAVRADOR,Garrafa 0.75 LT,"2,39€","3,19€ / LT",
Batatas Fritas Receita Camponesa,LAY'S,Emb. 0.25 KG,"2,48€","9,92€ / KG",
Queijo Ralado Emmental,PRÉSIDENT,Emb. 0.09 KG,"1,84€","20,44€ / KG",
Sumo Maçã e Pêssego C/ Gás S/ Álcool,GIBUS,Emb. 0.75 LT,"2,49€","3,32€ / LT",
Massa Mac & Cheese,KNORR,Emb. 0.062 KG,"1,88€","30,32€ / KG",
"GEL DUCHE ""ROMA/PAEONIA"" CONCENTRADO",NATEIS,,"1,85€",/ Unid.,
BLOCO NOTAS  LISO 50F A5,ESQUISSE,Emb. 50 FOLHAS,"1,29€","0,03€ / FOLHAS",
Vinho Regional Alentejano Tinto,QUINTA DO CARMO,Garrafa 0.75 LT,"14,99€","19,99€ / LT",
Manhãzitos Planetus 9x2 Unid.,BOLLYCAO,Emb. 0.315 KG,"3,68€","11,68€ / KG",
TIRA NODOAS PRE-LAVAGEM 400ML,TEXIL,Emb. 0.4 LT,"1,75€","4,38€ / LT",
Espuma Barbear Extra Hidratante,NIVEA MEN,Emb. 0.2 LT,"3,59€","17,95€ / LT",
Alimento Seco P/ Gatos Esterilizados Peru e Legumes,PURINA FRISKIES,Emb. 3 KG,"7,79€","2,60€ / KG",
Molho Bifana com Mostarda,CALVÉ,Emb. 0.26 KG,"2,68€","10,31€ / KG",
Desodorizante Deo Roll On Bio Eficácia,NARTA,Emb. 0.05 LT,"3,98€","79,60€ / LT",
Água Tónica,SCHWEPPES,Lata 0.25 LT,"0,79€","3,16€ / LT",
Feijão Verde,,1 Unid. = 0.55 KG (aprox.),"2,99€/kg","1,64€ / Unid.",
Queijo da Ilha Fatiado,NOVA AÇORES,Emb. 0.15 KG,"1,69€","11,27€ / KG",
CARVAO VEGETAL 3KG MARCA GUIA,,Emb. 3 KG,"3,99€","1,33€ / KG",
PATE DE FIGADO DE AVES C/ VINHO DO PORTO,CÔTÉ TABLE,Emb. 0.18 KG,"1,69€","9,39€ / KG",
Desodorizante Creme,DOVE,Emb. 0.05 LT,"2,84€","56,80€ / LT",
Escova de Dentes Média,COLGATE,Emb. 1 UNID.,"4,38€","4,38€ / UNID.",
IDENTIFICADOR BAGAGEM PLASTICO 2UN,RIVERSIDE,,"2,99€",/ Unid.,
Bolachas de Manteiga Cobertas de Tablete Chocolate de Leite,P'TIT DÉLI,Emb. 0.125 KG,"1,23€","9,84€ / KG",
BOLACHA REDONDA RECHEIO CHOCOLATE (3UN),,Emb. 0.72 KG,"2,69€","3,74€ / KG",
Fraldas Activity T4 Extra 9-15 Kg,DODOT,Emb. 52 UNID.,"13,29€","0,26€ / UNID.",
PRATO + NAPERON 32CM,,Emb. 1 UNID.,"0,69€","0,69€ / UNID.",
Garrafão de Moscatel em Palha,DORRÃO,Emb. 2 L,"12,99€","6,50€ / L",
Recarga Mopa 20 Panos,SWIFFER,Emb. 1 P,"4,78€","4,78€ / P",
Chouriça de Trancoso,SNR,Emb. 1 UNID.,"2,89€","2,89€ / UNID.",
ACHOCOLATADO EM PO 800G ECO+,ECO+,Emb. 0.8 KG,"2,39€","2,99€ / KG",
Whisky William Lawson\'s,WILLIAM LAWSON'S,Garrafa 1 LT,"19,98€","19,98€ / LT",
Preservativos Finíssimos + Gel Nature,CONTROL,Emb. 6 UNID.,"6,98€","1,16€ / UNID.",
Tortilha Batata e Cebola,TABLES DU MONDE,Emb. 0.5 KG,"2,45€","4,90€ / KG",
Cogumelo Branco Laminado,,Emb. 0.3 KG,"2,09€","6,97€ / KG",
Limpa Churrasqueiras e Recuperadores de Calor,MISTOLIN,Emb. 0.5 LT,"4,84€","9,68€ / LT",
Amêndoa Laminada,TABLIER BLANC,Emb. 0.125 KG,"2,49€","19,92€ / KG",
Chocolate Branco com Coco Torrado,TABLETTE D'OR,Emb. 0.2 KG,"2,23€","11,15€ / KG",
TOALHITAS HIGIENE INTIMA,DOULYS,Emb. 20 UNID.,"0,79€","0,04€ / UNID.",
DOVE Sabonete Líquido para as Mãos Recarga,DOVE,Emb. 0.5 LT,"2,99€","5,98€ / LT",
"Alimento Húmido P/Cão Adulto C/ Gelatina de Boi, Frango e Cordeiro",,Emb. 0.4 KG,"2,58€","6,45€ / KG",
Escova de Dentes Slim Soft Suave,COLGATE,Emb. 1 UNID.,"3,48€","3,48€ / UNID.",
Dobrada de Feijão Branco,NOBRE,Lata 0.42 KG,"1,76€","4,19€ / KG",
Pudim Baunilha,BOCA DOCE,Emb. 0.022 KG,"0,44€","20,00€ / KG",
Vinho Verde Branco,AVELEDA,Emb. 0.075 LT,"3,39€","45,20€ / LT",
Menu Saquetas Carne em Gelatina 12X100G,LYCAT,Emb. 12 UNID.,"3,99€","0,33€ / UNID.",
GRESSINOS AZEITE ROSMANINHO,TOKAPI,Emb. 0.125 KG,"1,31€","10,48€ / KG",
Strogonoff de Porco,,1 Unid. = 0.2 KG (aprox.),"4,99€/kg","1,00€ / Unid.",
Escova Borracha Vidros + Suporte,SILLAGE,Emb. 1 UNID.,"4,49€","4,49€ / UNID.",
BOLSA CATALOGO 100UN,ECO+,Emb. 100 UNID.,"3,99€","0,04€ / UNID.",
Gel Duche S/ Sabão,MANAVA,Emb. 0.5 ML,"1,49€","2,98€ / ML",
Conserva de Lulas Recheadas,PITEU,Emb. 0.12 KG,"2,98€","24,83€ / KG",
Camarão Aquicultura Cal. 20/30 Congelado,,1 Unid. = 0.25 KG (aprox.),"8,99€/kg","2,25€ / Unid.",
Cebola Amarela Org. Esp. cal.50/70,,Emb. 0.5 KG,"1,79€","3,58€ / KG",
Vinho Verde Branco,TERRAS DE FELGUEIRAS,Garrafa 0.75 LT,"1,99€","2,65€ / LT",
Iogurte Líquido Morango Framboesa 4x155g,CORPOS DANONE,Emb. 0.62 KG,"1,69€","2,73€ / KG",
PIZZA 3 QUEIJOS BIO,,Emb. 0.38 KG,"3,79€","9,97€ / KG",
Água S/ Gás 6 Unid.,ECO+,Garrafa 9 LT,"1,50€","0,17€ / LT",
Laca Elnett Latin Fixação Forte,L'ORÉAL PARIS,Spray 0.3 LT,"5,98€","19,93€ / LT",
Pensos Higiénicos Maxi/Super Sem Alas Fina e Segura,EVAX,Emb. 13 UNID.,"1,98€","0,15€ / UNID.",
Refrigerante C/ Gás Laranja,ECO+,Garrafa 2 LT,"0,79€","0,40€ / LT",
Douradinhos Ultracongelados de Frango Pré-Fritos,IGLO,Emb. 0.25 KG,"4,99€","19,96€ / KG",
VELA NUMERO - 5,ARDENCE,Emb. 1 UNID.,"0,59€","0,59€ / UNID.",
Óleo para Bebé,JOHNSON'S BABY,Emb. 0.3 LT,"3,58€","11,93€ / LT",
Lenços de Bolso Lavanda Sensitive 4 Folhas,RENOVA,Emb. 6 UNID.,"0,98€","0,16€ / UNID.",
AUSCULTADORES C/MICRO PRETO,LINKSTER,Emb. 1 UNID.,"11,29€","11,29€ / UNID.",
Iogurte Bifidus de Pessego S/ Lactose 0% 4 Unid.,DANONE,Emb. 0.48,"2,19€","4,56€ /",
Chipicao Multipack 4x57 g,CHIPICAO,Emb. 0.228 KG,"2,84€","12,46€ / KG",
Chá de Tília,LIPTON,Emb. 20 SAQ.,"1,20€","0,06€ / SAQ.",
LAMINAS DESCARTAVEIS SENHORA 3 LAMINAS 4UN,SLISS,Emb. 4 UNID.,"2,92€","0,73€ / UNID.",
Café Cápsulas Qalidus Intensidade 10,DELTA,Emb. 10 CAPS.,"3,39€","0,34€ / CAPS.",
Conserva de Salsichas 8 Unid.,IZIDORO,Frasco 0.65 KG,"3,14€","4,83€ / KG",
Miolo de Amendoim C/ Sal,MARQUE REPERE,Emb. 0.25 KG,"1,05€","4,20€ / KG",
GELEIA MARMELO 345G,CASA MATEUS,Emb. 0.345 KG,"2,47€","7,16€ / KG",
ALICATE MULTIPLO 250 MM,FOXTER,Emb. 1 UNID.,"7,99€","7,99€ / UNID.",
Escova de Dentes 3-5 anos,ORAL B,Emb. 1 UNID.,"2,24€","2,24€ / UNID.",
FUSILLI COM QUEIJOS,COTE SNACK,Emb. 0.3 KG,"2,29€","7,63€ / KG",
Snack de Chocolate,KIT KAT,Emb. 0.041 KG,"0,74€","18,05€ / KG",
Alimento Seco para Gatinhos Completo,LYCAT,Emb. 0.4 KG,"0,99€","2,48€ / KG",
Bombons de Chocolate Leite Recheio de Marshmallow,COPAÍNS COPINES,Emb. 0.2 KG,"1,49€","7,45€ / KG",
Maionese com Mostarda de Dijon com Baixo Teor de Gordura,RUSTICA,Emb. 0.45 KG,"1,31€","2,91€ / KG",
MASCARA DETOX BIO 100ML,BIONAÏA,Emb. 0.1 LT,"3,31€","33,10€ / LT",
Gordura 100% Vegetal,NAT&VIE,Emb. 1 KG,"6,91€","6,91€ / KG",
Sementes de Girassol,MARQUE REPERE,Emb. 0.2 KG,"1,39€","6,95€ / KG",
Iogurte Natural 12x125g,DÉLISSE,Emb. 1.5 KG,"1,99€","1,33€ / KG",
Pensos Higiénicos Ultra Finos,ECO+,,"1,05€",/ Unid.,
Cápsulas Café Latte Macchiato P/ Dolce Gusto,STARBUCKS,Emb. 12 CAPS.,"5,48€","0,46€ / CAPS.",
Refrigerante C/ Gás Pack 6,SPRITE,,"4,13€",/ Unid.,
CEREAIS BOLAS DE MEL BIO,,,"1,99€",/ Unid.,
"CHUPA CHUPS ASSORT S/ACUCA,,66G",,,"2,98€",/ Unid.,
Amaciador Cabelo Camomila e Mel de Flores,ULTRA SUAVE,Emb. 0.2 LT,"3,58€","17,90€ / LT",
BOLACHA MARIA,P'TIT DÉLI,,"1,49€",/ Unid.,
Madalenas longas,P'TIT DÉLI,Emb. 0.44 KG,"3,01€","6,84€ / KG",
Cenoura Ripada,,Emb. 0.2 KG,"0,99€","4,95€ / KG",
"BL1 LED ESFERA 3,2W-25W E14",FOXTER,Emb. 1 UNID.,"3,21€","3,21€ / UNID.",
Fraldas Activity Tamanho 5 11-16Kg,DODOT,Emb. 42 UNID.,"11,89€","0,28€ / UNID.",
Bolo Rei Seleção,,1 Unid. = 0.8 KG (aprox.),"4,99€/kg","3,99€ / Unid.",
Gelatina Light de Mirtilo 2x15g,CONDI,Emb. 0.03 KG,"1,88€","62,67€ / KG",
SOBREMESA PISTACHE,DÉLISSE,Emb. 0.5 KG,"1,73€","3,46€ / KG",
Taça Cartão P/ Sobremesa,HOMESIDE,Emb. 10 UNID.,"1,69€","0,17€ / UNID.",
Queijo Fresco Meio Gordo Médio,SANTIAGO,Emb. 0.2 KG,"1,78€","8,90€ / KG",
Tartelettes Cobertas Pessêgo,ECO+,Emb. 0.2 KG,"0,82€","4,10€ / KG",
Recarga para Difusor Automático Lavanda e Jasmim,BRISE,Emb. 1 UNID.,"3,59€","3,59€ / UNID.",
Pantene Volume & Brilho Condicionador 160 ml,,Emb. 0.16 LT,"4,98€","31,13€ / LT",
Queijo Mozzarella,LES CROISÉS,Emb. 0.125 KG,"0,99€","7,92€ / KG",
Tripas à Moda da Provença,TRADILÈGE,Emb. 0.5 KG,"4,99€","9,98€ / KG",
TORRADEIRA 2 FENDAS,ECO+,Emb. 1 UNID.,"12,90€","12,90€ / UNID.",
Fraldas de Incontinência Plus Tam. G,LINDOR,Emb. 14 UNID.,"17,12€","1,22€ / UNID.",
Gel de Banho Hidratante Baby Rich Moisture,BABY DOVE,Emb. 0.4 LT,"3,29€","8,23€ / LT",
Sabão Marselha Cubo,EPSIL,,"1,59€",/ Unid.,
CARVAO PREMIUM,,Emb. 5 KG,"8,31€","1,66€ / KG",
Alimento Húmido P/ Gato C/ Carne de Vaca e Frango,GOURMET GOLD,Emb. 0.085 KG,"0,74€","8,71€ / KG",
IOGURTE BAUNILHA BIO FRASCO,,Emb. 0.5 KG,"1,65€","3,30€ / KG",
Água com Gás Levíssima 6x33cl,PEDRAS SALGADAS,Emb. 1.98 LT,"2,77€","1,40€ / LT",
Chourição,CHARCUTARIA,1 Unid. = 0.1 KG (aprox.),"6,79€/kg","0,68€ / Unid.",
Salmão do Atlântico de Viveiro Fumado Bio 4 Fatias,,Emb. 0.12 KG,"5,99€","49,92€ / KG",
Cerveja C/ Álcool,CARLSBERG,Lata 0.033 LT,"0,74€","22,42€ / LT",
Cereais de Milho S/ Glúten Corn Flakes,NESTLÉ,Emb. 0.375 KG,"2,24€","5,97€ / KG",
Patê Bocadelia de Caranguejo,LA PIARA,Frasco 0.17 KG,"2,24€","13,18€ / KG",
Toalhitas para Bebé Básico,DODOT,Emb. 54 UNID.,"1,14€","0,02€ / UNID.",
Champô Cabelos Normais Fructis Anti Caspa 2 em 1,GARNIER,Emb. 0.25 LT,"3,98€","15,92€ / LT",
Café Cápsulas Selezionato Intensidade 7,PLANTATION,Emb. 10 CAPS.,"2,09€","0,21€ / CAPS.",
Rolo Cozinha 2 Folhas,MARQUE REPERE,Emb. 4 UNID.,"1,81€","0,45€ / UNID.",
Feijão Verde Muito Fino Ultracongelados,,Emb. 1 KG,"1,29€","1,29€ / KG",
Cubos Ambientador para Armario de Lavanda e Alfazema,BONODOR,Emb. 20 UNID.,"6,11€","0,31€ / UNID.",
Laca Elnett Latin Fixação Extra Forte,L'ORÉAL PARIS,Spray 0.3 LT,"5,98€","19,93€ / LT",
DOCE TEMPORADA ABÓBORA 350G,CASA MATEUS,Emb. 0.35 KG,"2,69€","7,69€ / KG",
Alimento P/ Bebé Natural +6 meses 4 Unid.,NESTLÉ BEBÉ,Emb. 0.4 KG,"2,39€","5,98€ / KG",
Conserva de Milho Doce 3x140g,NOTRE JARDIN,Emb. 0.42 KG,"1,54€","3,67€ / KG",
Yofu Framboesa/Amora 4x125g,ALPRO,Emb. 0.5 KG,"2,88€","5,76€ / KG",
ESTENDAL HORIZONTAL SEMI-AUTOMATICO 24,HOMESIDE,Emb. 1 UNID.,"29,99€","29,99€ / UNID.",
Refrigerante S/ Gás Tropical Zero,JAFUN,Emb. 2 LT,"1,69€","0,85€ / LT",
BLOCO NOTAS  LISO 50F A4,ESQUISSE,Emb. 50 FOLHAS,"1,45€","0,03€ / FOLHAS",
Sumo 100% Ananás,JAFADEN,Emb. 1 LT,"2,09€","2,09€ / LT",
Tablete de Chocolate Culinária 70% Cacau,NESTLÉ,Emb. 0.17 KG,"1,94€","11,41€ / KG",
AMACIADOR ROUPA ROSAS,HYPERDOU,Emb. 4 LT,"2,00€","0,50€ / LT",
Pensos Higiénicos Noite Alas,EVAX,Emb. 9,"2,98€","0,33€ /",
Sidra com Álcool de Maça 50cl,SOMERSBY,Emb. 0.5 LT,"1,24€","2,48€ / LT",
PEITO DE PERU FATIAS FINAS,CAMPO FINO,Emb. 0.15 KG,"1,49€","9,93€ / KG",
Chá de Camomila,,Emb. 25 SAQ.,"0,79€","0,03€ / SAQ.",
SORTIDO GOMAS BRILHO,COPAÍNS COPINES,Emb. 0.6 KG,"3,23€","5,38€ / KG",
Queijo Apimentado de Lamego,PAIVA,1 Unid. = 1.2 KG (aprox.),"10,99€/kg","13,19€ / Unid.",
QUEIJO VACA CURADO,LES CROISÉS,Emb. 0.19 KG,"1,79€","9,42€ / KG",
Preparado de Arroz de Marisco,PESCANOVA,Emb. 0.5 KG,"4,99€","9,98€ / KG",
Bolachas Tostada com Leite 4x200gr,P'TIT DÉLI,Emb. 0.8 KG,"1,59€","1,99€ / KG",
Alimento Completo Cereais P/ Coelhos Anões,TOUS MES AMIS,Emb. 0.8 KG,"2,15€","2,69€ / KG",
Pizza Carbonara,CAMPOFRIO,Emb. 0.36 KG,"4,28€","11,89€ / KG",
Sumo S/ Gás Tropical,ECO+,Emb. 2 LT,"1,49€","0,75€ / LT",
Papel Higiénico 4 Folhas,RENOVA,Emb. 12 ROLOS,"7,18€","0,60€ / ROLOS",
Atum em Posta,BOM PETISCO,Emb. 0.385 KG,"4,26€","11,06€ / KG",
Fraldas Bebé T4 Ultra Confort 7/18 Kg,MOTS D'ENFANTS,Emb. 44 UNID.,"8,84€","0,20€ / UNID.",
Batom de Cieiro com Óleo de Jojoba e Manteiga de Karité,LABELLO,Emb. 1 UNID.,"2,29€","2,29€ / UNID.",
Snack P/ Gato Sabor do Oceano,FELIX,Emb. 0.2 KG,"3,98€","19,90€ / KG",
Feijão Encarnado Seco,NOTRE JARDIN,Emb. 0.5 KG,"0,93€","1,86€ / KG",
Espumante de Limão,BAR ROYAL,Garrafa 0.75 LT,"3,69€","4,92€ / LT",
Desodorizante Roll-On Tropical 48H,REXONA,Emb. 0.05 LT,"2,69€","53,80€ / LT",
"ATUM EM AZEITE, 120G",TENÓRIO,Emb. 0.12 KG,"2,14€","17,83€ / KG",
Vinho Regional Alentejo Branco,REGUENGOS,Garrafa 0.75 LT,"2,39€","3,19€ / LT",
Piaçaba Escovado Branco,SILLAGE,Emb. 1 UNID.,"5,99€","5,99€ / UNID.",
Millet Painço Ramo,TOUS MES AMIS,Emb. 0.2 KG,"1,69€","8,45€ / KG",
"SYOSS KERATIN MOUSSE,,250ML",SYOSS,Emb. 0.25 LT,"3,24€","12,96€ / LT",
ELIXIR BOCAL EXPERT SENSITIVE,DENTAMYL,Emb. 0.5 LT,"1,29€","2,58€ / LT",
Cápsulas Café Cortado Espresso Macchiato Intensidade 8,DOLCE GUSTO,Emb. 16 CAPS.,"5,98€","0,37€ / CAPS.",
Alimento Seco P/ Cão Adulto Carne Vaca,PURINA ONE,Emb. 1.5 KG,"8,64€","5,76€ / KG",
COGUMELOS FERBAR INTEIRO 290G,FERBAR,Emb. 0.29 KG,"1,33€","4,59€ / KG",
Iogurtes Cremosos Açucarados Frutas Vermelhas 8x125g,DÉLISSE,Emb. 1 KG,"2,39€","2,39€ / KG",
MOLHO SALADAS C/ ERVAS FINAS,RUSTICA,Emb. 0.5 LT,"0,84€","1,68€ / LT",
CERA LIQUIDA CASTANHA 75ML,LA VACHETTE,Emb. 0.075 LT,"2,15€","28,67€ / LT",
Verniz de Unhas 60 Segundos 203,RIMMEL,Emb. 1 UNID.,"5,58€","5,58€ / UNID.",
APERITIVO SABOR A AMENDOIM,TOKAPI,Emb. 0.16 KG,"1,06€","6,63€ / KG",
Noz C/ Casca,MARQUE REPERE,Emb. 0.5 KG,"3,28€","6,56€ / KG",
Ambientador Micado Stick Up Muddle Wine,AIR WICK,Emb. 0.05 LT,"7,19€","143,80€ / LT",
Desodorizante Roll-On Rosa e Aloe Vera,BIONAÏA,Emb. 0.05 LT,"0,99€","19,80€ / LT",
HAMBURGUER DE PORCO 4UN,CHANTEGRIL,Emb. 0.32 KG,"1,79€","5,59€ / KG",
BLOCO SANITARIO C/LIXIVIA 2UN,SYPHON,Emb. 2 UNID.,"1,29€","0,65€ / UNID.",
Madalenas em Conchas com Ovos Frescos,P'TIT DÉLI,Emb. 0.25 KG,"1,29€","5,16€ / KG",
Refrigerante S/ Gás Pêssego/Damasco,JAFUN,Emb. 2 LT,"1,89€","0,95€ / LT",
DETERGENTE LIQUIDO F. LARANJEIRA /ALOE VERA ATIVOS VEGETAIS 50D,XÉOR,,"5,50€",/ Unid.,
IOGURTE BATIDO C/ PEDACOS MIRTILO BIO,,Emb. 0.46 KG,"1,49€","3,24€ / KG",
Gel Sanitário Harpic Liquido Força do Oceano,,Emb. 0.75 LT,"1,94€","2,59€ / LT",
SACOS P/ CONGELAR ZIP & GO 1L (15UN),VILEDA,Emb. 15 UNID.,"4,78€","0,32€ / UNID.",
CREPES SIMPLES DA BRETANHA,NOS RÉGIONS ONT DU TALENT,Emb. 0.085 KG,"1,99€","23,41€ / KG",
Sabão de Marselha 4x200 g,EPSIL,,"2,56€",/ Unid.,
"Água sem Gás 6x1,5 L",LUSO,Emb. 9 LT,"3,09€","0,34€ / LT",
Água Micelar Formato Viagem Simple,,Emb. 0.05 LT,"2,58€","51,60€ / LT",
MORTADELA COM AZEITONA FATIADA,CAMPO FINO,Emb. 0.2 KG,"0,99€","4,95€ / KG",
Cappuccino,PLANTATION,Emb. 16 CAPS.,"2,44€","0,15€ / CAPS.",
Esparguete Tricolor,MILANEZA,Emb. 0.5 KG,"2,14€","4,28€ / KG",
Swiss Dark Chocolate Meio Amargo,TOBLERONE,Emb. 0.1 KG,"2,49€","24,90€ / KG",
PELICULA ADER.ELEMBAL 2E1 20M,ELEMBAL,Emb. 0.02 MT,"0,81€","40,50€ / MT",
Brioche Pep Choco,EPI D'OR,Emb. 0.5 KG,"2,91€","5,82€ / KG",
Queijo Flamengo 1/4,LIMIANO,Emb. 0.325 KG,"3,84€","11,82€ / KG",
Sumo 8 Frutos 3x20 cl,UM BONGO,Emb. 0.6 LT,"1,48€","2,47€ / LT",
Iogurte Sólido Suissinhos Morango Alperce,YOCO,Emb. 0.252 KG,"1,74€","6,90€ / KG",
Cachaço de Borrego,,1 Unid. = 0.7 KG (aprox.),"9,99€/kg","6,99€ / Unid.",
ABRASIVO SANITARIO MARINHO ACTIV EFFECT 750ML,SYPHON,Emb. 0.75 LT,"0,99€","1,32€ / LT",
AZEITONAS INTEIRAS PRETAS A GREGA,RUSTICA,Emb. 0.25 KG,"1,33€","5,32€ / KG",
Miolo de Caju C/ Sal,MARQUE REPERE,Emb. 0.25 KG,"3,98€","15,92€ / KG",
DETERGENTE MANUAL LOICA ULTRA FRAMBOESA/VINAGRE FRUTOS 500ML,VISIOR,Emb. 0.5 LT,"0,69€","1,38€ / LT",
GEL FIXACAO BETAO 250ML,VITANOVE,Emb. 0.25 LT,"1,80€","7,20€ / LT",
Alimento Perle Húmido P/ Gato C/ Molho Salmão e Atum 4x85g,PURINA,Emb. 0.34 KG,"3,48€","10,24€ / KG",
AIRWICK AMBIENTADOR RECARGA WHITE BOUQUET,AIRWICK,Emb. 0.02 LT,"4,79€","239,50€ / LT",
SACOS LIXO FECHO FACIL 100% RECICLADO 50L,ECO+,Emb. 25 UNID.,"2,99€","0,12€ / UNID.",
LIMPA VIDROS AUTO 1 L 1L TECH9,TECH9,Emb. 1 LT,"1,19€","1,19€ / LT",
Body Lotion Refirmante em 2 Semanas Q10,NIVEA,Emb. 0.25 LT,"4,99€","19,96€ / LT",
COLORACAO LOURO CLARISSIMO 9.0 S/AMONIACO,VITANOVE,Emb. 1 UNID.,"3,65€","3,65€ / UNID.",
Bolachas Uva,NAT&VIE,Emb. 0.2 KG,"1,77€","8,85€ / KG",
Misto de Patés 4x22g,PÊCHE OCÉAN,Emb. 0.088 KG,"0,99€","11,25€ / KG",
Anona,,1 Unid. = 0.27 KG (aprox.),"3,99€/kg","1,08€ / Unid.",
Chá Verde e Limão Light,TISANA,Garrafa 1.5 LT,"1,49€","0,99€ / LT",
Conserva de Feijão Encarnado,NOTRE JARDIN,Frasco 0.57 KG,"0,68€","1,19€ / KG",
FAIRY MAO ULTRA PODER LIMAO 600ML,,Emb. 0.6 LT,"2,04€","3,40€ / LT",
Vinho Verde Branco,COMP DO VINHO,Garrafa 0.75 LT,"1,79€","2,39€ / LT",
CONDICIONADOR REPARADOR,VITANOVE,Emb. 0.2 LT,"1,29€","6,45€ / LT",
Folhado de Maça,,1 Unid. = 0.1 KG,"0,89€","8,90€ / KG",
VASSOURA CRUZ LOTUS,,Emb. 1 UNID.,"3,99€","3,99€ / UNID.",
MISTURA EXOTICA,TOKAPI,Emb. 0.12 KG,"1,09€","9,08€ / KG",
Cereais Chocolate,NESTUM,Emb. 0.25 KG,"2,18€","8,72€ / KG",
SNACKS PREMIUM CARNE 50G LYCAT,LYCAT,Emb. 0.05 KG,"1,39€","27,80€ / KG",
Laca Cabelos Normais,ELNETT,Emb. 0.3 LT,"5,98€","19,93€ / LT",
Pantene Cuidado Clássico Champô,PANTENE PV,Emb. 0.25 LT,"3,98€","15,92€ / LT",
VINAGRE LIMPEZA LIMAO,CLAIR,Emb. 1 LT,"0,79€","0,79€ / LT",
Rolo de Carne de Porco Picada,,1 Unid. = 0.4 KG (aprox.),"5,99€/kg","2,40€ / Unid.",
Massa Couscous Grão Médio,MILANEZA,Emb. 1 KG,"2,88€","2,88€ / KG",
Salsichão com Alho Fumado,TRADILÈGE,Emb. 0.3 KG,"2,94€","9,80€ / KG",
Couscous Semi Integrais,,Emb. 0.5 KG,"1,59€","3,18€ / KG",
Esferográficas de Cores sortidas,ESQUISSE,Emb. 10 UNID.,"2,29€","0,23€ / UNID.",
Ice Tea Pêssego,FRESH TEA,Garrafa 1.5 LT,"1,39€","0,93€ / LT",
5 em 1 Glade Vanilla,BRISE,Spray 0.3 LT,"1,54€","5,13€ / LT",
Maçã Granny Smith Cal. 75/80,,1 Unid. = 0.17 KG (aprox.),"2,19€/kg","0,37€ / Unid.",
Lentilhas Amarelas,NOTRE JARDIN,Emb. 0.5 KG,"1,46€","2,92€ / KG",
Espuma de Barbear,,,"1,10€",/ Unid.,
Batom Corretivo 004,RIMMEL,Emb. 1 UNID.,"8,48€","8,48€ / UNID.",
PILHAS ALCALINAS LR03 TECH+,FOXTER,Emb. 4 UNID.,"1,99€","0,50€ / UNID.",
Sumo de Uva,ECO+,Emb. 1 LT,"0,99€","0,99€ / LT",
Laca Cabelo Diamond Gloss Care 4,NIVEA,Spray 0.25 LT,"4,18€","16,72€ / LT",
Manteiga da Bretanha Meio-sal,LES CROISÉS,Emb. 0.25 KG,"2,06€","8,24€ / KG",
Conserva de Salsichas Hot Dog 4 Unid.,IZIDORO,Frasco 0.25 KG,"2,19€","8,76€ / KG",
BL1 LED CHAMA 3.2W - 25W E14,FOXTER,Emb. 1 UNID.,"2,59€","2,59€ / UNID.",
Gotas de Chocolate,,Emb. 0.3 KG,"1,69€","5,63€ / KG",
Vinho Regional Douro Branco,PORCA DE MURÇA,Garrafa 0.75 LT,"3,49€","4,65€ / LT",
Queijo Camembert,PRÉSIDENT,Emb. 0.25 KG,"3,77€","15,08€ / KG",
Presunto Fatiado 2x75g,DAMATTA,Emb. 0.15 KG,"3,89€","25,93€ / KG",
Coloração 1-0 PRETO 16X3,SYOSS,,"4,99€",/ Unid.,
Máquinas de Barbear Descartáveis Blue II,GILLETTE,Emb. 6 UNID.,"2,98€","0,50€ / UNID.",
VELA NUMERO FUN 6,ARDENCE,Emb. 1 UNID.,"0,69€","0,69€ / UNID.",
Bolachas Wafer com Recheio Chocolate,ECO+,Emb. 0.19 KG,"0,65€","3,42€ / KG",
Conserva de Salsichas Bockwurst 5 Unid.,CÔTÉ TABLE,Frasco 0.25 KG,"1,49€","5,96€ / KG",
Multifunções 4 Efeitos Pastilhas 250Gr,BEAUX JOURS,Emb. 4 KG,"12,90€","3,23€ / KG",
Cereais de Chocolate C/ Pepitas,COOKIE CRISP,Emb. 0.375 KG,"2,92€","7,79€ / KG",
Canela Moída,RUSTICA,Emb. 0.04 KG,"0,44€","11,00€ / KG",
Robalo Cal. 600/800,,1 Unid. = 0.75 KG (aprox.),"9,98€/kg","7,49€ / Unid.",
PENSOS HIGIENICOS MAXI NOITE 10UN,ECO+,Emb. 10 UNID.,"0,86€","0,09€ / UNID.",
Bolachas com Recheio de Limão Cobertura Chocolate,P'TIT DÉLI,Emb. 0.15 KG,"1,10€","7,33€ / KG",
SALSICHAS COCKTAIL C/ BACON 300G,TRADILÈGE,Emb. 0.3 KG,"4,45€","14,83€ / KG",
Desodorizante Spray Mulher Biorythm,REXONA,Emb. 0.15 LT,"2,39€","15,93€ / LT",
Amaciador total repair 5,ELVIVE,Emb. 0.69 LT,"9,98€","14,46€ / LT",
"SOBREM. SOJA BAUNILHA,,4x125G",ALPRO,Emb. 0.5 LT,"2,05€","4,10€ / LT",
Alimento Completo Cereais P/ Rolas,TOUS MES AMIS,Emb. 1 KG,"1,59€","1,59€ / KG",
EMPADAO DE CARNE PICADA,CÔTÉ TABLE,Emb. 0.35 KG,"2,29€","6,54€ / KG",
Vinho Regional Douro Tinto,PAPA FIGOS,Garrafa 0.75 LT,"7,48€","9,97€ / LT",
Creme Limpeza para Placas de Vitrocerâmica,VITROCLEN,Emb. 0.45 LT,"5,99€","13,31€ / LT",
Spray Limpeza Seco,LINKSTER,Emb. 0.2 LT,"2,57€","12,85€ / LT",
Cápsulas Café Latte Macchiato Caramelo,DOLCE GUSTO,Emb. 16 CAPS.,"5,98€","0,37€ / CAPS.",
Ervilhas e Cenouras Muito Finas,NOTRE JARDIN,Emb. 0.8 KG,"1,92€","2,40€ / KG",
PURE MACA/ANANAS/ACEROLA SEM ADICAO ACUCAR BISNAGA,DOUCEUR DU VERGER,Emb. 0.48 KG,"3,14€","6,54€ / KG",
Refrigerante sem Gás Laranja Maracujá,FRUTIS,Emb. 1.5 LT,"1,15€","0,77€ / LT",
Piaçaba,SILLAGE,Emb. 1 UNID.,"4,69€","4,69€ / UNID.",
Pá do Lixo com Cabo Metálico,,Emb. 1 UNID.,"1,99€","1,99€ / UNID.",
"LAPISEIRA 0,7MM+12MINAS+2BORRACHAS",ESQUISSE,Emb. 1 UNID.,"1,89€","1,89€ / UNID.",
SACOS LIXO ALTOS FECHO FACIL 50L,ELEMBAL,Emb. 15 UNID.,"2,32€","0,15€ / UNID.",
MOLAS MADEIRA,HOMESIDE,Emb. 36 UNID.,"1,99€","0,06€ / UNID.",
Alimento Seco P/ Gato Controlo Bolas De Pelo,FRISKIES,Emb. 1.5 KG,"6,98€","4,65€ / KG",
LAPIS DE COR 18UN,ESQUISSE,Emb. 18 UNID.,"1,99€","0,11€ / UNID.",
Molho Madeira,RUSTICA,Emb. 0.3 LT,"1,54€","5,13€ / LT",
Almôndegas de Carne de Bovino Picada Ultracongelado,ECO+,Emb. 0.9 KG,"8,29€","9,21€ / KG",
OS BOCADINHOS EM MOLHO VACA/MASSA/CENOURA P/ CAO 1230G,LYDOG,Emb. 1 KG,"2,19€","2,19€ / KG",
GEL BARBEAR REVITALIZANTE 200ML,CARRÉ HOMME,Emb. 0.2 LT,"1,69€","8,45€ / LT",
Refrigerante C/ Gás Zero Cafeína Zero Açúcar,COCA COLA ZERO,Emb. 1.75 LT,"1,84€","1,05€ / LT",
Batatas P/ Cozer,,Emb. 3 KG,"3,49€","1,16€ / KG",
CALDEIRADA DE PEIXE,PÊCHE OCÉAN,Emb. 0.9 KG,"4,99€","5,54€ / KG",
Iogurte Bifidus Sólido Natural S/ Lactose,ACTIVIA,Emb. 0.12 KG,"2,19€","18,25€ / KG",
Queijo Roquefort DOP,LES CROISÉS,Emb. 0.1 KG,"2,01€","20,10€ / KG",
LIMPA LAREIRA/BARBECUE,SILEX,Emb. 0.75 LT,"3,16€","4,21€ / LT",
GELADO TRIUM AMENDOIM/CARAMELO COB. CHOCO LEITE 4UN,TRIUM,Emb. 4 UNID.,"2,29€","0,57€ / UNID.",
Condicionador Protecção do Calor,TRESEMMÉ,Emb. 0.2 LT,"5,39€","26,95€ / LT",
Forma Aniversário,ECO+,Emb. 1 UNID.,"3,99€","3,99€ / UNID.",
COGUMELO FERBAR INTEIRO 185G,FERBAR,Emb. 0.185 KG,"0,96€","5,19€ / KG",
Arroz Basmati Himalaia,SALUDÃES,Emb. 1 KG,"2,24€","2,24€ / KG",
Champô Cabelos Normais Fructis 2 em 1,GARNIER,Emb. 0.25 LT,"3,98€","15,92€ / LT",
Café Solúvel Descafeinado Clássico,NESCAFÉ,Emb. 10 UNID.,"1,68€","0,17€ / UNID.",
Sobremesa de Soja Pêssego,NAT&VIE,Emb. 0.4 KG,"1,40€","3,50€ / KG",
Molho Piripíri Extraforte,RUSTICA,Emb. 0.21 KG,"0,59€","2,81€ / KG",
Alimento Húmido P/ Gato Salmão Atum Legumes,PURINA FRISKIES,Emb. 0.4 KG,"1,68€","4,20€ / KG",
Miolo de Amendoim C/ Piri-Piri,MARQUE REPERE,Emb. 0.25 KG,"1,05€","4,20€ / KG",
BOLO REDONDO CENOURA,,Emb. 0.5 KG,"3,99€","7,98€ / KG",
Sumo 100% Laranja Biológico 6 Unid.,,Emb. 0.12 LT,"2,79€","23,25€ / LT",
Vaselina Jelly Baby,VASELINE,Emb. 0.1 LT,"1,49€","14,90€ / LT",
TOALHITAS DESMAQ.PELE NORMAL,INELL,Emb. 25 UNID.,"0,84€","0,03€ / UNID.",
Pão Cereais,,1 Unid. = 0.1 KG,"4,49€","44,90€ / KG",
QUEIJO FRESCO LIGHT,QUEIJO NA TÁBUA,Emb. 0.125 KG,"0,83€","6,64€ / KG",
Iced Tea Manga,ECO+,Emb. 1.5 LT,"0,89€","0,59€ / LT",
Snacks Tex-Mex,DORITOS,Emb. 0.12 KG,"1,64€","13,67€ / KG",
Bolachas Recheadas C/ Frutos do Bosque,MC VITIE'S,Emb. 0.218 KG,"2,38€","10,92€ / KG",
Leite UHT Meio Gordo,MATINAL,Emb. 1 LT,"1,17€","1,17€ / LT",
Fralda Cueca T4 8/15 Kg,MOTS D'ENFANTS,Emb. 22 UNID.,"5,56€","0,25€ / UNID.",
Rolo Cozinha Compacto XXL,MARQUE REPERE,Emb. 1 UNID.,"0,99€","0,99€ / UNID.",
SAL DE MESA,ECO+,Emb. 0.25 KG,"0,29€","1,16€ / KG",
Alimento Seco Cão Croquetes Carne,ECO+,Emb. 4 KG,"5,70€","1,43€ / KG",
Alimento para peixe lago,TETRA,Emb. 1,"5,78€","5,78€ /",
Axe Collision Gel de Banho Leather & Cookies,AXE,Emb. 0.4 LT,"3,29€","8,23€ / LT",
Leite Bem Especial Cálcio Meio Gordo,MIMOSA,Emb. 1 LT,"0,98€","0,98€ / LT",
Chocolate em pó P/ Leite,NESTLÉ,Emb. 0.39 KG,"3,14€","8,05€ / KG",
PILHAS ALCALINAS LR14 TECH+,FOXTER,Emb. 2 UNID.,"3,59€","1,80€ / UNID.",
Peito Frango Forno Lenha Fatiado,CAMPOFRIO,Emb. 0.12 KG,"2,68€","22,33€ / KG",
Rilletes de Mans,TRADILÈGE,Emb. 0.22 KG,"2,49€","11,32€ / KG",
CEREAIS BOLINHAS DE CHOCOLATE,ECO+,Emb. 0.75 KG,"2,49€","3,32€ / KG",
SACO ASPIRADOR S100,ELSAY,Emb. 1 UNID.,"3,49€","3,49€ / UNID.",
Nêspera,,1 Unid. = 0.15 KG (aprox.),"3,99€/kg","0,60€ / Unid.",
BOLOS C/ RECHEIO CHOCOLATE S/ GLUTEN,CHAQUE JOUR SANS GLUTEN,Emb. 0.21 KG,"2,79€","13,29€ / KG",
Fio Polietileno 85Metros,FOXTER,Emb. 1 UNID.,"1,59€","1,59€ / UNID.",
AMBIENTADOR GEL MARINHO,BIEN AIR,Emb. 0.15 KG,"0,91€","6,07€ / KG",
FAIRY ROSA E CETIM 650ML,,Emb. 0.65 LT,"1,94€","2,98€ / LT",
Alimento P/ Bebé Frutas Variadas +6 meses 4 Unid.,NESTLÉ BEBÉ,Emb. 0.4 KG,"2,39€","5,98€ / KG",
QUEIJO ROQUEFORT DOP,NOS RÉGIONS ONT DU TALENT,Emb. 0.15 KG,"2,69€","17,93€ / KG",
OVOS AR LIVRE CLASSE M,OVOS DA ALDEIA,Emb. 6 UNID.,"1,59€","0,27€ / UNID.",
FERRO ENGOMAR 2200W,ELSAY,Emb. 1 UNID.,"19,95€","19,95€ / UNID.",
CREME DEPILATORIO PELE SENSIVEL 100ML 100ML SLISS,SLISS,,"1,72€",/ Unid.,
Iogurte Cremoso de Frutas 8x125g,DÉLISSE,Emb. 1 KG,"2,39€","2,39€ / KG",
IOGURTE NATURAL MAGRO 0% DE MATERIA GORDA BIO,,Emb. 0.5 KG,"1,10€","2,20€ / KG",
Queijo Meio Gordo o Sabor Português,LES CROISÉS,1 Unid. = 1 KG (aprox.),"8,99€/kg","8,99€ / Unid.",
Queijo de Vaca Meio Gordo Fonte Mourisca,LACTO SERRA,1 Unid. = 0.25 KG (aprox.),"8,99€/kg","2,25€ / Unid.",
Palitos Salgados,ECO+,Emb. 0.25 KG,"0,77€","3,08€ / KG",
Conjunto De 2 Mini Cadeados,ECO+,Emb. 2 UNID.,"2,55€","1,28€ / UNID.",
Tomate Chucha,,1 Unid. = 0.2 KG (aprox.),"2,99€/kg","0,60€ / Unid.",
Atum em Posta Azeite,BOM PETISCO,Emb. 0.385 KG,"4,24€","11,01€ / KG",
MUESLI CHOCOLATE E AVELA TEOR ACUCAR REDUZIDO,GRAINEA,Emb. 0.35 KG,"2,93€","8,37€ / KG",
LENCOS FACIAIS 3F MENTOL,CARESSE,Emb. 80 UNID.,"1,54€","0,02€ / UNID.",
Café Pastilhas Platinium,DELTA,Emb. 16 UNID.,"3,88€","0,24€ / UNID.",
BISCOITOS COM PEPITAS CHOCOLATE EM SACOS INDIVIDUAIS 16X25G,P'TIT DÉLI,Emb. 0.4 KG,"2,07€","5,18€ / KG",
Cebola,,1 Unid. = 1 KG  (aprox.),"0,99€/kg","0,99€ / Unid.",
CANELA EM PO SAQUETA,RUSTICA,Emb. 0.08 KG,"0,76€","9,50€ / KG",
Mousse de Café 4x60g,DÉLISSE,Emb. 0.24 KG,"0,99€","4,13€ / KG",
Bolachas Crackers Integral,DU BOIS DE LA ROCHE,Emb. 0.5 KG,"3,08€","6,16€ / KG",
Doce de Morango sem Açúcar,ST. DALFOUR,Frasco 0.284 KG,"4,38€","15,42€ / KG",
"Carregador Usb 2,4A",LINKSTER,Emb. 1 UNID.,"9,89€","9,89€ / UNID.",
5 Cereais C/ Cereais Integrais,NESTUM,Emb. 0.25 KG,"2,18€","8,72€ / KG",
CARTE DOR CHOCOLATE & AVELÃ,CARTE D'OR,Emb. 1 LT,"2,89€","2,89€ / LT",
Chamuças de Carne,,Emb. 4 UNID.,"1,99€","0,50€ / UNID.",
CAPA A4 EM L TRANSPARENTE,ESQUISSE,Emb. 10 UNID.,"1,39€","0,14€ / UNID.",
Bebida de Soja Fonte de Cálcio,NAT&VIE,Emb. 1 LT,"1,01€","1,01€ / LT",
AIRWICK STICKS DELICIAS V,AIRWICK,Emb. 1 UNID.,"7,19€","7,19€ / UNID.",
Pão de Forma sem Códea,BIMBO,Emb. 0.65 KG,"1,64€","2,52€ / KG",
Cerveja com Álcool 6x33cl,SUPER BOCK,Emb. 1.98 LT,"4,48€","2,26€ / LT",
Maionese,RUSTICA,Frasco 0.47 KG,"1,71€","3,64€ / KG",
TARTE FRUTOS SECOS,P'TIT DÉLI,Emb. 0.3 KG,"2,59€","8,63€ / KG",
Doce de Mirtilos Biológico,,Emb. 0.375 KG,"2,65€","7,07€ / KG",
PETIT GATEAU CHOCOLATE 4UN,TROFIC,Emb. 0.5 KG,"2,79€","5,58€ / KG",
Molho Bechamel Desidratado,RUSTICA,Emb. 0.06 KG,"0,75€","12,50€ / KG",
Mini Gelados Double Gold Caramelo Billionaire Pack 6,MAGNUM,Emb. 0.33 LT,"5,98€","18,12€ / LT",
WC Frescura Continua,NEO BLANC,Emb. 2 UNID.,"4,19€","2,10€ / UNID.",
Pensos Higiénicos Aloe Vera,CAREFREE,Emb. 56 UNID.,"4,48€","0,08€ / UNID.",
RECARGA ESFREGONA UNIVERSAL,VILEDA,,"2,95€",/ Unid.,
Champô Citrinos Extra Suave,MANAVA,Emb. 0.5 LT,"2,00€","4,00€ / LT",
Vinho Rosé Emotions,MATEUS,Garrafa 0.75 LT,"4,28€","5,71€ / LT",
Arroz Carolino,BOM SUCESSO,Emb. 1 KG,"1,15€","1,15€ / KG",
QUEIJO EDAM LIGHT FATIADO,QUEIJO NA TÁBUA,Emb. 0.15 KG,"1,59€","10,60€ / KG",
Folhas de Orégãos,RUSTICA,Frasco 0.008 KG,"0,56€","70,00€ / KG",
Dentífrico Branqueadora Branco Intenso,AQUAFRESH,Emb. 0.075 LT,"3,19€","42,53€ / LT",
Nata UHT,MIMOSA,Emb. 0.2 LT,"1,09€","5,45€ / LT",
SORVETE TANGERINA,TROFIC,Emb. 1 LT,"1,79€","1,79€ / LT",
Chá de Frutos Vermelhos,TETLEY,Emb. 10 SAQ.,"1,12€","0,11€ / SAQ.",
Aerossol Lavanda,BRISE,Emb. 0.3 LT,"1,54€","5,13€ / LT",
Manteiga C/ Sal,MIMOSA,Emb. 0.25 KG,"2,28€","9,12€ / KG",
Fraldas de Incontinência Plus Tam. M,LINDOR,Emb. 14 UNID.,"18,54€","1,32€ / UNID.",
DETERGENTE LIQUIDO FRESCURA ATIVOS VEGETAIS 50D,XÉOR,,"5,50€",/ Unid.,
Ervilhas Ultracongeladas,IGLO,Emb. 0.7 KG,"3,98€","5,69€ / KG",
Patê de Sardinha e Cavala,PÊCHE OCÉAN,Emb. 0.088 KG,"0,89€","10,11€ / KG",
Refrigerante S/ Gás Limão,AQUARIUS,Garrafa 1.5 LT,"1,99€","1,33€ / LT",
Hamburgers de Vaca sem Glúten Ultracongelado,CAPITÃO IGLO,Emb. 0.32 KG,"3,99€","12,47€ / KG",
LIXIVIA TRADICIONAL,CLAIR,Emb. 2 LT,"0,79€","0,40€ / LT",
Champanhe Bruto,POL CARSON,Garrafa 0.75 LT,"17,29€","23,05€ / LT",
Chá de Camomila,TETLEY,Emb. 10 UNID.,"0,84€","0,08€ / UNID.",
Café Torrado Expresso Moído,PLANTATION,Emb. 0.25 KG,"1,69€","6,76€ / KG",
PRATOS QUADRADOS BIODEGRADAVEIS 26CM 10UN,HOMESIDE,Emb. 10 UNID.,"3,82€","0,38€ / UNID.",
"AZEITONA OXIDADA,FRC,210G QAMPO",,0.21 KG,"1,39€","6,62€ / KG",
Cerveja com Álcool Lata,SUPER BOCK,Emb. 0.5 LT,"0,89€","1,78€ / LT",
LAVA TUDO AMONIACAL,CLAIR,Emb. 2 LT,"0,69€","0,35€ / LT",
ENVELOPE SILICONE C/JANELA 110X220MM,ESQUISSE,Emb. 100 UNID.,"3,99€","0,04€ / UNID.",
VASSOURINHA PARA PA LIXIO,,Emb. 1 UNID.,"0,99€","0,99€ / UNID.",
Néctar de Laranja,UM BONGO,Emb. 1 LT,"1,38€","1,38€ / LT",
Desodorizante Roll-On Double Invisible,VASELINE,Emb. 0.05 LT,"2,09€","41,80€ / LT",
SPRAY CASA BANHO,CIF,Emb. 0.75 LT,"2,49€","3,32€ / LT",
Pão de Forma Out 10 Cereais e Sementes,PANRICO,Emb. 0.65 KG,"1,99€","3,06€ / KG",
Creme Revitalift Dia,DERMO EXPERTISE,Emb. 0.03 LT,"16,98€","566,00€ / LT",
TAMPAO MINI,DOULYS,Emb. 24 UNID.,"1,19€","0,05€ / UNID.",
Queijo Emmental Francês Ralado,LES CROISÉS,Emb. 0.1 KG,"1,19€","11,90€ / KG",
CONES DE MILHO,TOKAPI,Emb. 0.085 KG,"0,97€","11,41€ / KG",
Preservativos Finíssimos,CONTROL,Emb. 12 UNID.,"6,99€","0,58€ / UNID.",
Queijo Fundido 10 Fatias,,Emb. 0.2 KG,"1,15€","5,75€ / KG",
Refrigerante S/Gás Arandos Light,JAFADEN,Emb. 1 LT,"1,49€","1,49€ / LT",
FAIRY MAO NATURALS BERGAMOTA 650ML,,Emb. 0.65 LT,"2,04€","3,14€ / LT",
BOLACHA PALET RECEITA MADALENAS X8,P'TIT DÉLI,Emb. 0.125 KG,"1,19€","9,52€ / KG",
QUEIJO RALADO 3QJ,LES CROISÉS,Emb. 0.2 KG,"1,99€","9,95€ / KG",
Salada Gourmet,,Emb. 0.15 KG,"1,19€","7,93€ / KG",
"FRIZE LIMA PEPIN GENGIB,,4x.25L",FRIZE,,"2,68€",/ Unid.,
Pinça P/ Depilação Prateada,,Emb. 1 UNID.,"2,08€","2,08€ / UNID.",
Pão Especial Multicereais,EPI D'OR,Emb. 0.5 KG,"1,59€","3,18€ / KG",
Ervilhas Primavera Ultracongelado,IGLO,Emb. 0.5 KG,"3,09€","6,18€ / KG",
Iogurte Líquido Morango 8 Unid.,YOGGI,Emb. 1.28 KG,"3,94€","3,08€ / KG",
Patê Terrine Campestre Confit de Figado 3x180 g,,Frasco 0.54 KG,"2,93€","5,43€ / KG",
Água sem Gás 6x50cl,SERRA DA ESTRELA,Emb. 3 LT  (aprox.),"1,98€","0,66€ / LT",
Vinho Tinto de Mesa Elopack,CASAL DA EIRA,Emb. 1 LT,"1,68€","1,68€ / LT",
Refrigerante S/ Gás Ananás,JAFADEN,Emb. 1.5 L,"0,79€","0,53€ / L",
Mini Barras de Chocolate com Recheio de Leite 16Unid.,COPAÍNS COPINES,Emb. 0.2 KG,"1,59€","7,95€ / KG",
Raia Cal. 2/5,,1 Unid. = 2.5 KG (aprox.),"6,99€/kg","17,48€ / Unid.",
Favas Congeladas,NOTRE JARDIN,Emb. 1 KG,"2,09€","2,09€ / KG",
DOSSIER A4 LOMBADA 4CM 4ARG,ESQUISSE,Emb. 1 UNID.,"2,99€","2,99€ / UNID.",
Atum Posta Azeite,BOM PETISCO,Emb. 0.2 KG,"2,39€","11,95€ / KG",
COLGATE KIT VIAGEM ESCOVA + PASTA DE DENTES,COLGATE,Emb. 1 UNID.,"4,98€","4,98€ / UNID.",
Hamburguer de Vaca Ultracongelado,PESCANOVA,Emb. 0.3 KG,"3,98€","13,27€ / KG",
Pensos Diários Slip Maxi,AUSONIA,Emb. 30 UNID.,"1,49€","0,05€ / UNID.",
Conserva de Salsichas Frankfurt 10 Unid.,NOBRE,Lata 0.25 KG,"1,34€","5,36€ / KG",
Maionese Magra,HELLMANN'S,Emb. 0.459 KG,"3,30€","7,19€ / KG",
IOGURTE CREMOSO COCO C/ LIMÃO,NAT&VIE,Emb. 4 UNID.,"1,99€","0,50€ / UNID.",
Cereais Granola de Aveia Chocolate,FITNESS,Emb. 0.3 KG,"2,79€","9,30€ / KG",
Ketchup,ECO+,Emb. 0.58 KG,"1,71€","2,95€ / KG",
Ambientador Difusor Essential Mist Citrus,AIR WICK,Emb. 1 UNID.,"13,19€","13,19€ / UNID.",
Ice Tea Pêssego,NESTEA,Garrafa 1.5 LT,"1,00€","0,67€ / LT",
Ervilhas e Cenouras Extra Finas,NOTRE JARDIN,Emb. 0.4 KG,"1,29€","3,23€ / KG",
Croissant Recheado de Ovo,,1 UNID.,"0,99€","0,99€ / UNID.",
Alho C/ Moinho,MARGÃO,Emb. 0.028 KG,"3,98€","142,14€ / KG",
Salsichas de Toulouse com Lentilhas Verdes,NOS RÉGIONS ONT DU TALENT,Emb. 0.3,"2,32€","7,73€ /",
Molho Big Burger,CALVÉ,Emb. 0.25 LT,"6,39€","25,56€ / LT",
Máquinas de Barbear Descartáves Sensor 3 Comfort,GILLETTE,Emb. 5,"7,98€","1,60€ /",
Spray Tira Nodoas Desengordurante,KH-7,Emb. 0.75 LT,"4,89€","6,52€ / LT",
Courgette,,1 Unid. = 0.38 KG (aprox.),"2,49€/kg","0,95€ / Unid.",
MACARONS 12UN,AUTOUR DU DESSERT,Emb. 0.154 KG,"5,65€","36,69€ / KG",
Gomas Bananas,COPAÍNS COPINES,Emb. 0.2 KG,"0,99€","4,95€ / KG",
Bolacha Maria,CUÉTARA,Emb. 0.2 KG,"0,88€","4,40€ / KG",
Recheio P/ BOUCHEES A LA REINE,CÔTÉ TABLE,Emb. 4 KG,"1,69€","0,42€ / KG",
AMACIADOR CONCENTRADO TALCO 72 DOSES,HYPERDOU,Emb. 2 LT,"1,69€","0,85€ / LT",
MAIONESE C/ MOSTARDA DE DIJON TOP DOWN,RUSTICA,Emb. 0.415 KG,"1,96€","4,72€ / KG",
Refrigerante C/ Gás Limão,ECO+,Emb. 2 LT,"0,79€","0,40€ / LT",
Alimento Seco P/ Cão -10Kg Frango e Arroz,PURINA,Emb. 3 KG,"15,98€","5,33€ / KG",
Guardanapos 2 Folhas,MARQUE REPERE,Emb. 100 UNID.,"1,29€","0,01€ / UNID.",
Liégeois de Chocolate 4x100g,DÉLISSE,Emb. 0.4 KG,"1,65€","4,13€ / KG",
Bolachas Maria 74% de Cereais,TRIUNFO,Emb. 0.2 KG,"1,08€","5,40€ / KG",
Penso Incontinência Discreet Normal,AUSONIA,Emb. 12 UNID.,"2,98€","0,25€ / UNID.",
Cerveja com Álcool Mini 20x25cl,SAGRES,Emb. 5 LT,"8,99€","1,80€ / LT",
CHUVEIRO CROMADO 5 JATOS STOP+TUBO FLEXIVEL 1.75M,FOXTER,Emb. 1 UNID.,"14,99€","14,99€ / UNID.",
Proteção Contra o Calcário e a Sujidade,CALGON,Emb. 1.5 LT,"11,99€","7,99€ / LT",
24 VELAS ANIVERSARIO BRANCAS,ARDENCE,Emb. 24 UNID.,"1,29€","0,05€ / UNID.",
Papel Higiénico Extra XXL 2 Folhas,RENOVA,Emb. 24 ROLOS,"15,78€","0,66€ / ROLOS",
Bacalhau Seleção Graúdo Noruega Asa Preta,,1 Unid. = 2.5 KG (aprox.),"13,99€/kg","34,98€ / Unid.",
SNACKS PREMIUM PEIXE 50G LYCAT,LYCAT,Emb. 0.05 KG,"1,36€","27,20€ / KG",
Champô Cabelo Ultra Suave Óleo de Abacate e Manteiga de Carité,GARNIER,Emb. 0.4 LT,"5,58€","13,95€ / LT",
Manteiga de Amendoim com Pedaços,CALVÉ,Emb. 0.35 KG,"3,48€","9,94€ / KG",
Vinho Branco A.O.C. MONBAZILLAC 14,TERRASSES D'AUTAN,Garrafa 0.75 CL,"5,99€","7,99€ / CL",
DOCE FRAMBOESA LIGHT,DOUCEUR DU VERGER,Emb. 0.34 KG,"1,72€","5,06€ / KG",
Cerveja com Álcool Abadia 6x33cl,SUPER BOCK,Emb. 1.98 LT,"4,49€","2,27€ / LT",
Tostas de Trigo 36Unid.,EPI D'OR,Emb. 0.3 KG,"1,23€","4,10€ / KG",
Tirones Verdinhos,,1 Unid. = 0.06 KG (aprox.),"2,99€/kg","0,18€ / Unid.",
Bloco Sanitário 3 em 1 Atlantic,DOMESTOS,Emb. 0.04 KG,"1,19€","29,75€ / KG",
Óleo de noite Reparador Bio Cânhamo,GARNIER,Emb. 0.03 LT,"14,98€","499,33€ / LT",
Barras de Cereais de Chocolate C/ Leite 6 Unid.,CHOCAPIC,Emb. 0.15 KG,"3,28€","21,87€ / KG",
Iogurte Cereais e Baunilha 4 Unid.,IOGOLINO,Emb. 0.4 KG,"2,88€","7,20€ / KG",
CHAMPO CABELOS FRAGEIS E QUEBRADICOS 250ML,NATEIS,Emb. 0.25 LT,"1,73€","6,92€ / LT",
ARROZ DOCE SABOR BAUNILHA,ECO+,Emb. 0.2 KG,"0,54€","2,70€ / KG",
PASTILHAS PARA MAQUINA LAVA LOICA TUDO EM 1,UNÍ VERT,Emb. 30 UNID.,"2,99€","0,10€ / UNID.",
Ambientador com Recarga White Bouquet,AIRWICK,Emb. 0.25 LT,"7,19€","28,76€ / LT",
Snacks Bugles 3D,3D'S BUGLES,Emb. 0.085 KG,"1,64€","19,29€ / KG",
Aditivo para Roupa Gel Anti-Calcário 2 em1,CALGON,Emb. 0.75 LT,"6,99€","9,32€ / LT",
CURGETES RODELAS,NOTRE JARDIN,Emb. 1 KG,"1,59€","1,59€ / KG",
"Queijo Fundido Fonte de Vitaminas A, B2, B12",LES CROISÉS,Emb. 0.2 KG,"1,49€","7,45€ / KG",
Conserva Cassoulet de Porco,CÔTÉ TABLE,Lata 0.84 KG,"2,54€","3,02€ / KG",
GRAO DE BICO SACO,NOTRE JARDIN,Emb. 1 KG,"2,65€","2,65€ / KG",
Pipocas Caramelizadas,TOKAPI,Emb. 0.1 KG,"0,71€","7,10€ / KG",
Chá Green Framboesa Romã,LIPTON,Emb. 20 SAQ.,"1,49€","0,07€ / SAQ.",
Café Lote Clássico Grão,SICAL,Emb. 1 KG,"13,98€","13,98€ / KG",
Balança Cozinha,ELSAY,Emb. 1 UNID.,"16,95€","16,95€ / UNID.",
Salsa Fresca,,1 Unid. = 0.05 KG  (aprox.),"3,99€/kg","0,20€ / Unid.",
Lixívia em Gel Original,DOMESTOS,Emb. 0.75 Lt,"1,79€","2,39€ / Lt",
Detergente Loiça Máquina Pastilhas,,Emb. 50 PAST.,"2,69€","0,05€ / PAST.",
Couve Flor Congelada,NOTRE JARDIN,Emb. 1 KG,"1,71€","1,71€ / KG",
Chá de Limão,LIPTON,Emb. 20 SAQ.,"1,74€","0,09€ / SAQ.",
Arroz Agulha,,Emb. 1 KG,"1,02€","1,02€ / KG",
Arroz Pot Caril,KNORR,Emb. 0.075 KG,"1,98€","26,40€ / KG",
"BL1 LED SPOT 2,5W - 20W GU5.3",FOXTER,Emb. 1 UNID.,"3,99€","3,99€ / UNID.",
PILHAS ALCALINAS LR20,ECO+,Emb. 4 UNID.,"4,99€","1,25€ / UNID.",
KETCHUP TOP DOWN,RUSTICA,Emb. 1 KG,"2,10€","2,10€ / KG",
Alheira,TERRAS DO DEMO,Emb. 0.2 KG,"1,24€","6,20€ / KG",
Alimento Húmido P/ Gato Mixed Grill,FELIX,Emb. 0.06 KG,"1,88€","31,33€ / KG",
Alimento P/ Gato Adulto P/Saúde do Trato Urinário,PURINA ONE,Emb. 0.8,"6,98€","8,73€ /",
Batatas Fritas Tradicional 100% em Azeite,SNR,Emb. 0.15 KG,"1,71€","11,40€ / KG",
Ananás em Calda Rodelas com Sumo Natural,DOUCEUR DU VERGER,Lata 0.565 KG,"1,75€","3,10€ / KG",
Cuecas Incontinência Boutique L,AUSONIA,Emb. 8 UNID.,"11,98€","1,50€ / UNID.",
Detergente para a Roupa 3 em 1 Active Clean,SKIP,Emb. 1.134 KG,"12,49€","11,01€ / KG",
PENSOS INCONTINENCIA LIGEIRA - HOMEM,CHORYS,Emb. 20 UNID.,"3,27€","0,16€ / UNID.",
SALSICHA CHURRASCO CLASSICA,CAMPO FINO,Emb. 0.2 KG,"1,89€","9,45€ / KG",
Doce de Alperce Baixo Teor de Açúcar,DOUCEUR DU VERGER,Frasco 0.34 KG,"1,59€","4,68€ / KG",
Água sem Gás Frutos Vermelhos,LUSO FRUTA,Garrafa 0.5 LT,"0,79€","1,58€ / LT",
Barra de Cereais com Maçã e Damasco,ECO+,Emb. 6 UNID.,"0,97€","0,16€ / UNID.",
ELASTICOS COR/TAMANHOS SORTIDOS 50G,ESQUISSE,Emb. 1 UNID.,"0,98€","0,98€ / UNID.",
Torta de Ovo,,1 Unid. = 0.65 KG (aprox.),"10,99€/kg","7,14€ / Unid.",
Conserva Macedónia de Legumes,NOTRE JARDIN,Lata 0.4 KG,"0,89€","2,23€ / KG",
DETERGENTE EM GEL CONCENTRADO TUDO EM 1 MAQUINA LOICA 45 LAVAGENS,VISIOR,Emb. 0.9 LT,"4,69€","5,21€ / LT",
DOSSIER A4 PLÁSTICO 4ARG,ESQUISSE,Emb. 1 UNID.,"1,99€","1,99€ / UNID.",
SACO TERMICO 31L,WOODSUN,Emb. 1 UNID.,"13,99€","13,99€ / UNID.",
Alho Francês Cortado,,Emb. 0.2 KG,"1,09€","5,45€ / KG",
RECARGA ESFREGONA MICROFIBRAS FIO AZUL,,Emb. 1 UNID.,"1,99€","1,99€ / UNID.",
Vinho do Porto Lágrima Branco,RAMOS PINTO,Garrafa 0.75 LT,"9,99€","13,32€ / LT",
CREME GORDO 1L,INELL,Emb. 1 LT,"11,15€","11,15€ / LT",
Nata com Cogumelos,PARMALAT,Emb. 0.2 KG,"1,26€","6,30€ / KG",
Pão de Forma Especial Fatiado Isento de Glúten,CHAQUE JOUR SANS GLUTEN,Emb. 0.3 KG,"3,07€","10,23€ / KG",
MOUSSE DE MANGA CONDI 80G,CONDI,Emb. 0.8 KG,"1,34€","1,68€ / KG",
CAPS CAFE COMP C/ DG XL INT9,PLANTATION,,"5,99€",/ Unid.,
Creme de Dia Nutritivo Pele Seca Sensível,NIVEA,Emb. 0.05 LT,"5,98€","119,60€ / LT",
BANDAS DEPILATORIAS CERA FRIA PELE SENSIVEL AXILA/VIRILHA 16UN,SLISS,Emb. 16 UNID.,"1,59€","0,10€ / UNID.",
GELADO TRIUM CAFE 4UN,TRIUM,Emb. 4 UNID.,"2,25€","0,56€ / UNID.",
BATATA FRITA PALHA FINISSIMA,POM'LISSE,,"1,17€",/ Unid.,
TERRA PLANTAS,BEAUX JOURS,Emb. 10 LT,"1,79€","0,18€ / LT",
Doce Extra de Alperce Biológico,,Emb. 0.37 KG,"2,15€","5,81€ / KG",
TOSTAS INTEGRAIS S/ SAL S/ ACUCARES BIO,,Emb. 0.3 KG,"2,04€","6,80€ / KG",
Batom Corretivo 103,RIMMEL,Emb. 1 UNID.,"8,48€","8,48€ / UNID.",
PATE RICO SALMAO P/ GATO BIO CV 100G PLENIMA,PLENIMA,Emb. 0.1 KG,"0,89€","8,90€ / KG",
Pevide de Abóbora C/ Casca C/ Sal,MARQUE REPERE,Emb. 0.2 KG,"1,91€","9,55€ / KG",
Escova Veludo,SILLAGE,Emb. 1 UNID.,"2,69€","2,69€ / UNID.",
Desodorizante Stick,DOVE,Emb. 0.04 LT,"2,84€","71,00€ / LT",
Vinho Regional Minho Branco,TORRE MENAGEM,Garrafa 0.75 LT,"3,99€","5,32€ / LT",
MOUSSE AVES E PORCO BIO P/ CAO 400G,PLENIMA,Emb. 0.4 KG,"2,04€","5,10€ / KG",
Kit Roll-on Elétrico Cera Pernas e Corpo,VEET,Emb. 0.05 LT,"6,99€","139,80€ / LT",
PENSOS DIARIOS U. FINOS DUOFORM 30UN,DOULYS,Emb. 30 UNID.,"1,23€","0,04€ / UNID.",
PLACA INDUCAO 1 DISCO,ELSAY,Emb. 1 UNID.,"59,90€","59,90€ / UNID.",
Cassoulet C/ Salsichas de Toulouse,CÔTÉ TABLE,Emb. 0.84 KG,"2,99€","3,56€ / KG",
Ração P/ Gato Trato Urinário C/ Frango,ULTIMA,Emb. 0.75 KG,"5,39€","7,19€ / KG",
Café Solúvel Creme,NESCAFÉ,Emb. 0.2 KG,"4,49€","22,45€ / KG",
Vinho Verde Branco,CRUZEIRO,Garrafa 0.75 LT,"1,79€","2,39€ / LT",
Aletria,MILANEZA,Emb. 0.5 KG,"1,19€","2,38€ / KG",
Vinho Regional Tejo Tinto Reserva,CABEÇA DE TOIRO,Garrafa 0.75 LT,"5,49€","7,32€ / LT",
Filetes de Atum ao Natural,PÊCHE OCÉAN,Emb. 0.19 KG,"3,79€","19,95€ / KG",
"CARREGADOR USB 2,4A + CABO USB/USB C 1,2M PRETO",LINKSTER,Emb. 1 UNID.,"11,91€","11,91€ / UNID.",
Salsichas de Aves 8 Unidades,IZIDORO,Lata 0.2 KG,"1,19€","5,95€ / KG",
Néctar Clássico Pêssego 3x200 ml,COMPAL,Emb. 0.6 LT,"1,48€","2,47€ / LT",
Spray Limpa Vidros Tripla Ação,AJAX,Emb. 0.5 LT,"3,58€","7,16€ / LT",
Massa Espirais Tricolores,MILANEZA,Emb. 0.5 KG,"1,94€","3,88€ / KG",
Vinho Regional Península de Setúbal Branco Seco,B.S.E,Garrafa 0.75 LT,"2,99€","3,99€ / LT",
Champô Anti-Queda com Ginseng,LINIC,Emb. 0.36 LT,"4,94€","13,72€ / LT",
RATO S/FIO PRETO,LINKSTER,Emb. 1 UNID.,"9,99€","9,99€ / UNID.",
Baguete,,1 Unid. = 0.25 KG,"0,56€","2,24€ / KG",
Salsicha Peru,NOBRE,Emb. 0.16 KG,"1,39€","8,69€ / KG",
Película Aderente Flexível e Extra Aderente,VILEDA,Emb. 25 MT,"2,64€","0,11€ / MT",
Amêndoas e Avelãs Torradas Trituradas e Caramelizadas,TABLIER BLANC,Emb. 0.1 KG,"1,99€","19,90€ / KG",
PENSOS DIARIOS 30UN,ECO+,Emb. 30 UNID.,"0,60€","0,02€ / UNID.",
Sacos de Lixo Casa de Banho com Atilho 20x10L,ELEMBAL,Emb. 20 UNID.,"0,99€","0,05€ / UNID.",
Néctar Clássico Manga,JAFADEN,Emb. 1 LT,"0,89€","0,89€ / LT",
Massa Macarrão,ECO+,Emb. 0.5 KG,"0,65€","1,30€ / KG",
"GELADO ""TYROLIA"" CAPPUCCINO",ESKISS,Emb. 0.65 LT,"1,98€","3,05€ / LT",
Ambientador Vela Baunilha,AIRWICK,Emb. 2 UNID.,"5,69€","2,85€ / UNID.",
Queijo Brie,PRÉSIDENT,1 Unid. = 0.25 KG (aprox.),"13,98€/kg","3,50€ / Unid.",
Aditivo Líquido Sem Lixívia,VANISH,Emb. 5 LT,"6,49€","1,30€ / LT",
Chourição Gran Doblon Picante,CAMPOFRIO,1 Unid. = 0.1 KG (aprox.),"17,99€/kg","1,80€ / Unid.",
Bolachas Areadas de Manteiga Pura com Coco e Recheadas,P'TIT DÉLI,Emb. 0.1 KG,"1,49€","14,90€ / KG",
Iogurte Natural com Açúcar de Cana 4x125g,DÉLISSE,Emb. 0.5 KG,"0,75€","1,50€ / KG",
TARTELETES PURA MANTEIGA C/ COBERTURA MORANGO,P'TIT DÉLI,Emb. 0.127 KG,"1,46€","11,50€ / KG",
CHAMPO SECO CABELOS CASTANHOS 150ML,NATEIS,Emb. 0.15 LT,"2,29€","15,27€ / LT",
Conserva de Cogumelos Inteiros,,Emb. 0.23 KG,"1,29€","5,61€ / KG",
SACOS LIXO FECHO FACIL 50L,ELEMBAL,,"3,69€",/ Unid.,
SAL REGENERADOR,VISIOR,Emb. 2 KG,"0,79€","0,40€ / KG",
Recarga Pure Flor Cerejeira,AIRWICK,Emb. 1 UNID.,"3,59€","3,59€ / UNID.",
Puré de Batata em Flocos 4x125g,,Emb. 0.5 UNID.,"1,37€","2,74€ / UNID.",
Desodorizante Deo Spray Bio-Eficácia 48H Narta,GARNIER,Emb. 0.2 LT,"4,28€","21,40€ / LT",
Café Torrado Moído África Ásia e Brasil Moagem Fina,SICAL,Emb. 0.25 KG,"2,39€","9,56€ / KG",
Chá Baunilha e Caramelo,LIPTON,Emb. 20 SAQ.,"1,74€","0,09€ / SAQ.",
Café Solúvel Qualité Filtre,PLANTATION,Frasco 0.1 KG,"1,83€","18,30€ / KG",
Salmão do Atlântico Fumado,ECO+,Emb. 0.2 KG,"5,49€","27,45€ / KG",
Preparado Sopa Creme de Marisco,KNORR,Emb. 0.075 KG,"1,49€","19,87€ / KG",
PRATOS CARTAO BRANCOS 22CM,ECO+,Emb. 100 UNID.,"6,27€","0,06€ / UNID.",
Saqueta Bombons Jacquot Creme 100g,JACQUOT,Emb. 0.1 KG,"1,49€","14,90€ / KG",
Café Solúvel,DELTA,Emb. 0.02 KG,"1,13€","56,50€ / KG",
Mistura de Ervilhas e Cenouras Extrafinas Ultracongelado,NOTRE JARDIN,Emb. 1 KG,"1,69€","1,69€ / KG",
Mini Tostas,EPI D'OR,Emb. 0.35 KG,"1,99€","5,69€ / KG",
Champô Legend CR7,LINIC,Emb. 0.36 LT,"4,94€","13,72€ / LT",
Chipicao Croissant Multipack Creme de Cacau,CHIPICAO,Emb. 0.25 KG,"3,08€","12,32€ / KG",
Barrinhas de Chocolate T-16,KINDER,Emb. 0.2 KG,"3,18€","15,90€ / KG",
Recarga Freshmatic White Bouquet,AIR WICK,Spray 0.26 KG,"3,59€","13,81€ / KG",
Desodorizante Invisimax Spray Homem,NARTA,Emb. 0.2 LT,"4,28€","21,40€ / LT",
Bebida de Soja Original 3x200ML,SHOYCE,Emb. 0.6 LT,"1,73€","2,88€ / LT",
VELA NUMERO - 6,ARDENCE,,"0,59€",/ Unid.,
Conserva de Feijão Manteiga,COMPAL,Lata 0.845 KG,"1,59€","1,88€ / KG",
Pot Puré Bacon E Cebola,KNORR,Emb. 0.051 KG,"1,91€","37,45€ / KG",
Ambientador recarga lavanda,GLADE,Emb. 0.02 LT,"3,59€","179,50€ / LT",
Fraldas Bebé Extra Absorção Activity Tamanho 3,DODOT,Emb. 60 UNID.,"13,29€","0,22€ / UNID.",
Chipicao Mini Croissant Pack Creme de Cacau,CHIPICAO,Emb. 0.199 KG,"2,08€","10,45€ / KG",
Aromatizante Máquina Loiça Limão,SUN,Emb. 1 UNID.,"2,24€","2,24€ / UNID.",
CAPA CARTAO C/ELASTICO LOMBADA 4CM,ESQUISSE,Emb. 1 UNID.,"2,45€","2,45€ / UNID.",
Flocos de Cereais com Fibras,KELLOGG'S,Emb. 0.375 KG,"2,59€","6,91€ / KG",
Codornizes,,1 Unid. = 0.14 KG (aprox.),"6,99€","49,93€ / KG",
Alimento Seco P/  Gato Júnior Frango e Leite,PURINA FRISKIES,Emb. 1.5 KG,"6,98€","4,65€ / KG",
Conserva de Atum em Óleo Vegetal,GENERAL,Emb. 0.11 KG,"0,99€","9,00€ / KG",
Gelado Double Gold Caramelo Billionaire,MAGNUM,Emb. 0.44 LT,"3,89€","8,84€ / LT",
Tablete de Chocolate Cereais Crocantes 4x100g,ECO+,Emb. 0.4 KG,"2,36€","5,90€ / KG",
Papa Infantil de Maçã,CERELAC,Emb. 0.25 KG,"2,39€","9,56€ / KG",
Gelado Phish food,BEN & JERRY'S,Emb. 0.465 LT,"6,78€","14,58€ / LT",
TIRAS FINISSIMAS BACON EXTRA FUMADO -25% SAL 2X75G,TRADILÈGE,Emb. 2 UNID.,"2,20€","1,10€ / UNID.",
Queijo Fundido Light 8 Porções,A VACA QUE RI,Emb. 0.14 KG,"2,08€","14,86€ / KG",
Iogurte Líquido Corpos Morango Kiwi 4x155g,DANONE,Emb. 0.62 KG,"1,69€","2,73€ / KG",
Frango à Provençal C/ Ervas Aromáticas,MAGGI,Emb. 0.028 KG,"0,74€","26,43€ / KG",
Cuecas Incontinência Boutique M,AUSONIA,Emb. 9 UNID.,"11,98€","1,33€ / UNID.",
Bolo Brigadeiro,,Emb. 0.5 KG,"5,99€","11,98€ / KG",
Luvas para Uso Doméstico Tamanho S,RENOVA LUVAS,Emb. 1 UNID.,"1,08€","1,08€ / UNID.",
Compota de Fruta de Maçã sem Adição de Açúcares 4x100g,DOUCEUR DU VERGER,Emb. 0.4 KG,"0,99€","2,48€ / KG",
Picanha de Novilho,,1 Unid. = 2 KG (aprox.),"10,99€/kg","21,98€ / Unid.",
CERA QUENTE DEPILACAO PROFISSIONAL 400G,SLISS,Emb. 0.4 LT,"5,25€","13,13€ / LT",
Café Torrado Grão,PLANTATION,Emb. 1 KG,"5,69€","5,69€ / KG",
COLORAÇÃO PERMANENTE CASTANHO VIOLINO 4.6,BELLADY,Emb. 1 UNID.,"9,98€","9,98€ / UNID.",
Nuggets Grelhadinhos 8 Unid.,CAPITÃO IGLO,Emb. 0.204 KG,"5,98€","29,31€ / KG",
Cereais Frosties,KELLOGG'S,Emb. 0.375 KG,"2,29€","6,11€ / KG",
Concentrado de Maracujá Miix,SUNQUICK,Emb. 0.58 LT,"4,39€","7,57€ / LT",
Feijão Branco Seco,NOTRE JARDIN,Emb. 0.5 KG,"0,91€","1,82€ / KG",
PILHA ALCALINA LR14,FOXTER,Emb. 2 UNID.,"2,99€","1,50€ / UNID.",
Miolo de Amêndoa Moído,MARQUE REPERE,Emb. 0.2 KG,"2,99€","14,95€ / KG",
DETERGENTE MANUAL LOICA FRUTOS VERMELHOS/FLORES 750ML,VISIOR,Emb. 0.75 LT,"0,97€","1,29€ / LT",
Detergente Roupa Máquina Liquído Active Clean 100 Doses,SKIP,Emb. 100 DOSES,"19,99€","0,20€ / DOSES",
Toalhitas Bebé Ecológicas,MOTS D'ENFANTS,Emb. 72 UNID.,"1,79€","0,02€ / UNID.",
Maionese Top Down,CALVÉ,Emb. 0.238 KG,"2,19€","9,20€ / KG",
Maçã Royal Gala Cal. 75/80,,1 Unid. = 0.2 KG (aprox.),"1,49€/kg","0,30€ / Unid.",
Recarga Mopa Madeiras,SWIFFER,Emb. 18 UNID.,"4,78€","0,27€ / UNID.",
Bebida de Soja Baunilha,NAT&VIE,Emb. 1 LT,"0,95€","0,95€ / LT",
Sabonete Líquido Hipo-Alergénio,MANAVA,Emb. 0.3 LT,"0,89€","2,97€ / LT",
Pizza de Fiambre Queijo,CAMPOFRIO,Emb. 0.36 KG,"4,28€","11,89€ / KG",
Arroz Carolino,LOURO,Emb. 1 KG,"1,09€","1,09€ / KG",
ACENDALHAS CUBOS 32UN,ECO+,Emb. 32 UNID.,"1,29€","0,04€ / UNID.",
Bolachas Cookies com Pepitas Chocolate e Côco,P'TIT DÉLI,Emb. 0.2 KG,"1,68€","8,40€ / KG",
B&J Chocolate Fudge Brownie 465ml,,Emb. 0.465 LT,"6,78€","14,58€ / LT",
Chá Lúcia Lima,TETLEY,Emb. 10 SAQ.,"0,86€","0,09€ / SAQ.",
Champô Cabelos Normais Fructis Força e Brilho,GARNIER,Emb. 0.25 LT,"3,98€","15,92€ / LT",
GELATINA MARACUJÁ,GELLIMIX,Emb. 0.4 KG,"0,84€","2,10€ / KG",
Pó Sabão Natural,SKIP,Emb. 100 DOSES,"14,99€","0,15€ / DOSES",
Cereais Mel Zero,NESTUM,Emb. 0.25 KG,"2,18€","8,72€ / KG",
Ração seca para gato bolas de pêlo c/ Peru,ULTIMA,Emb. 0.75 LT,"5,39€","7,19€ / LT",
Cereais Integrais com Mel Biológicos,CHEERIOS,Emb. 0.33,"2,99€","9,06€ /",
Amendoim C/ Casca Torrado,MARQUE REPERE,Emb. 1 KG,"3,99€","3,99€ / KG",
Azeite Virgem Extra Seleção,SERRATA,Garrafa 0.75 LT,"3,99€","5,32€ / LT",
Vinho do Porto Tawny,PORTO CRUZ,Garrafa 0.75 LT,"4,99€","6,65€ / LT",
Gomas Crocodil,COPAÍNS COPINES,Emb. 0.3 KG,"1,41€","4,70€ / KG",
FRALDAS BEBE T4 DOUCEUR 7/18 KG 74UN,MOTS D'ENFANTS,Emb. 74 UNID.,"13,27€","0,18€ / UNID.",
Café Colombia P/ Nespresso Intensidade 7,STARBUCKS,Emb. 10 DOSES,"4,48€","0,45€ / DOSES",
SACOS LIXO FECHO FACIL 100% RECICLADO 30L,ECO+,Emb. 20 UNID.,"1,36€","0,07€ / UNID.",
MASSA COTOVELINHOS C/ BACON E QUEIJO 280G,CÔTÉ TABLE,Emb. 0.28 KG,"2,06€","7,36€ / KG",
Croquetes de Carne,,Emb. 8   UNID.,"1,39€","0,17€ /   UNID.",
Ovos Solo XL,SNR,Emb. 6 UNID.,"1,79€","0,30€ / UNID.",
Mistura de Sementes,MARQUE REPERE,Emb. 0.2 KG,"2,27€","11,35€ / KG",
1ª Papa Láctea Cerelac Multifrutos Sem Glúten,NESTLÉ,Emb. 0.25 KG,"2,79€","11,16€ / KG",
Sumo 100% Laranja Brasil,JAFADEN,Emb. 1 LT,"1,59€","1,59€ / LT",
Alimento Seco P/ Cão Croquetes Sénior,LYDOG,Emb. 3 KG,"5,80€","1,93€ / KG",
Snack P/ Cão Sticks C/ Aroma a Búfalo,PURINA,Emb. 0.09 KG,"1,98€","22,00€ / KG",
BALDE DE AZEITONAS VERDES,RUSTICA,Emb. 3.5 KG,"8,21€","2,35€ / KG",
Escovas Júnior,AQUAFRESH,Emb. 1 UNID.,"3,09€","3,09€ / UNID.",
Pantene Repara & Protege Champô,,Emb. 0.1 LT,"9,98€","99,80€ / LT",
Desodorizante Invisible Spray,REXONA,Emb. 0.15 LT,"2,54€","16,93€ / LT",
CEREAIS RECHEADOS CHOCOLATE AVELA,P'TIT DÉLI,Emb. 0.45 KG,"1,69€","3,76€ / KG",
Alimento Húmido Gato Pedaços Molho 4 Unid.,LYCAT,Emb. 1.6 KG,"2,75€","1,72€ / KG",
Refrigerante S/ Gás Limão,ECO+,Emb. 2 LT,"0,79€","0,40€ / LT",
Atum Posta Pimenta&Ervas Finas,BOM PETISCO,Emb. 0.12 KG,"1,56€","13,00€ / KG",
Massa Areada,TABLIER BLANC,Emb. 0.23 KG,"1,54€","6,70€ / KG",
Cookies de Chocolate com Pepitas Chocolate Biológicas,,Emb. 0.2 KG,"2,16€","10,80€ / KG",
Conserva de Salsichas 8 Unid.,ECO+,Lata 0.2 KG,"0,75€","3,75€ / KG",
"Refrigerante com Gás Ananás Lata 6x0,33L",SUMOL,Emb. 1.98 LT,"4,74€","2,39€ / LT",
Sobremesa Creme Chocolate Mix 'n Croc,DÉLISSE,Emb. 0.468 KG,"1,99€","4,25€ / KG",
Queijo Curado de Ovelha,OURO DO PASTOR,1 Unid. = 1 KG (aprox.),"14,39€/kg","14,39€ / Unid.",
PAO HAMBURGUER BRIOCHE,EPI D'OR,Emb. 0.3 KG,"1,54€","5,13€ / KG",
Rosette de Porco,,Emb. 0.15 KG,"1,59€","10,60€ / KG",
"CANETA AZUL 0,7MM",ESQUISSE,Emb. 4 UNID.,"1,29€","0,32€ / UNID.",
Café Moagem Universal Angola,DELTA,Emb. 0.22 KG,"5,01€","22,77€ / KG",
Barras de Cereais Special K Chocolate de Leite,SPECIAL K,Emb. 0.125 KG,"3,78€","30,24€ / KG",
"Mini Gelados de Chocolate Classic, de Amêndoas e de Branco Pack 6",MAGNUM,Emb. 0.33 LT,"4,98€","15,09€ / LT",
Vinho Regional Dão Tinto,QUINTA DOS CARVALHAIS,Garrafa 0.75 LT,"7,99€","10,65€ / LT",
Paellla Royal Ultracongelado,CÔTÉ TABLE,Emb. 1 KG,"4,89€","4,89€ / KG",
Leite P/ Lactentes 1,NAN,Emb. 0.8 KG,"16,58€","20,73€ / KG",
AUSONIA AIRDRY NORMAL ABAS 38,AUSONIA,Emb. 38 UNID.,"4,24€","0,11€ / UNID.",
Desodorizante Spray Pêssego E Limão 0%Alumínio,DOVE,Emb. 0.15 LT,"2,84€","18,93€ / LT",
Bebida de Aveia,ALPRO SOYA,Emb. 1 LT,"2,38€","2,38€ / LT",
Recarga Sabonete Líquido Hidratante Óleo Amêndoas/Karite,MANAVA,Emb. 0.25 LT,"0,65€","2,60€ / LT",
Chocolate Preto,CRUNCH,Emb. 0.1 KG,"1,39€","13,90€ / KG",
BEBIDA SOJA CRESCIMENTO,ALPRO,Emb. 1 LT,"1,89€","1,89€ / LT",
AURICULARES MAOS LIVRES BRANCO,LINKSTER,Emb. 1 UNID.,"6,99€","6,99€ / UNID.",
Pantene Fixação Flexível Laca 300ml,PANTENE PV,Spray 0.3 LT,"3,74€","12,47€ / LT",
Queijo Mascarpone,LES CROISÉS,Emb. 0.25 KG,"1,49€","5,96€ / KG",
Fermento em Pó,ROYAL,Emb. 0.113 KG,"1,88€","16,64€ / KG",
Pantene Caracóis Definidos Espuma 200ml,PANTENE PV,Emb. 0.2 LT,"3,74€","18,70€ / LT",
Nata com 3 Queijos,PARMALAT,Emb. 0.2 LT,"1,26€","6,30€ / LT",
Barras de Peixe Panadas Pré-Fritas 15x30g Ultracongeladas,ECO+,Emb. 0.45 KG,"1,99€","4,42€ / KG",
Vinho Regional Alentejo Tinto,LOIOS,Garrafa 0.75 LT,"3,49€","4,65€ / LT",
"AGUARDENTE VINICA VELHA,,70CL",,0.07 CL,"18,98€","271,14€ / CL",
PRATO RIPPLE BIODEGRADAVEL 17CM,HOMESIDE,Emb. 10 UNID.,"1,49€","0,15€ / UNID.",
Lixívia Densa+ Harmonias Florais,NEOBLANC,Emb. 2 LT,"2,58€","1,29€ / LT",
Coelho Inteiro,,1 Unid. = 1.5 KG (aprox.),"6,99€/kg","10,49€ / Unid.",
Batatas Fritas Artesanais,POM'LISSE,Emb. 0.18 KG,"1,04€","5,78€ / KG",
Mini Magnum de Amêndoa 6x55ml,MAGNUM,Emb. 0.33 LT,"4,98€","15,09€ / LT",
Sumo de Laranja S/ Polpa 100%,JAFADEN,Emb. 2 LT,"2,69€","1,35€ / LT",
GEL FIX EXTREME VITANOVE 250ML,VITANOVE,Emb. 0.25 LT,"1,76€","7,04€ / LT",
Esfregão Glitzi Power Inox,VILEDA,Emb. 2 UNID.,"3,95€","1,98€ / UNID.",
Alimento Húmido P/ Gato Sopa Vários Sabores,PURINA,Emb. 0.16 KG,"2,59€","16,19€ / KG",
Bebida de Aveia,,Emb. 1 LT,"1,19€","1,19€ / LT",
Ambientador Pure Flor de Cereja da Ásia,AIRWICK,Emb. 0.25 LT,"4,19€","16,76€ / LT",
"AMACIADOR  ROUPA  ESSÊNCIA TALCO  1,5LT",CHICCO,,"5,84€",/ Unid.,
Conjunto de 8 Chaves Combinadas,ECO+,Emb. 8 UNID.,"7,43€","0,93€ / UNID.",
Galette des Rois,,1 Unid. = 0.84 KG,"6,49€","7,73€ / KG",
Ice Tea Pêssego Zero Açúcar,LIPTON,Emb. 1 LT,"1,16€","1,16€ / LT",
Amaciador Cabelo Delicados Garnier Delicadeza de Aveia,ULTRA SUAVE,Emb. 0.2 LT,"3,58€","17,90€ / LT",
Ervilhas e Cenouras Muito Finas,NOTRE JARDIN,Emb. 0.4 KG,"1,09€","2,73€ / KG",
Barquette Morango,LULU,Emb. 0.12 KG,"1,98€","16,50€ / KG",
Pimento Verde,,1 Unid. = 0.19 KG (aprox.),"2,49€/kg","0,47€ / Unid.",
Fusilli,TRADIZIONI D'ITALIA,Emb. 0.5 KG,"1,70€","3,40€ / KG",
Sumo 100% Maçã,JAFADEN,Emb. 1 LT,"1,29€","1,29€ / LT",
MOPA + RECARGA MICROFIBRAS,SILLAGE,Emb. 1 UNID.,"7,99€","7,99€ / UNID.",
Refrigerante C/ Gás  Zero Açúcar Vidro Pack 4,COCA COLA ZERO,Emb. 0.08 LT,"2,75€","34,38€ / LT",
Chá Verde e Limão,PLENO,Garrafa 1.5 LT,"1,49€","0,99€ / LT",
IOGURTES EM TUBO C/FRUTAS X12,DÉLISSE,Emb. 0.48 KG,"1,99€","4,15€ / KG",
"AGUA FASTIO,6x50CL",FASTIO,,"2,39€",/ Unid.,
Luvas para Uso Doméstico Tamanho L,MAMISON,Emb. 1 UNID.,"0,89€","0,89€ / UNID.",
Batatas Fritas 6x30 gr,ECO+,Emb. 0.18 KG,"1,66€","9,22€ / KG",
Absorvente P/ Roedores,TOUS MES AMIS,Emb. 0.6 LT,"3,29€","5,48€ / LT",
Moira Regional - PDTO Lamego,SNR,Emb. 0.17 KG,"0,89€","5,24€ / KG",
SACOS LIXO FECHO FACIL 100L,ELEMBAL,Emb. 10 UNID.,"1,99€","0,20€ / UNID.",
Cerveja sem Álcool 6X33cl,CHEERS,Emb. 1.98 LT,"3,24€","1,64€ / LT",
Alimento Seco P/ Gato Frango,BEYOND,Emb. 0.35 g,"2,99€","8,54€ / g",
Creme Fixativo para Próteses Dentárias,POLIDENT,Emb. 0.04 KG,"6,98€","174,50€ / KG",
Escova Extra Interdental,AQUAFRESH,Emb. 2 UNID.,"3,18€","1,59€ / UNID.",
Massa Argolinhas Clássica,NACIONAL,Emb. 0.25 KG,"0,84€","3,36€ / KG",
PEITO DE PERU FATIADO,CAMPO FINO,Emb. 0.2 KG,"1,99€","9,95€ / KG",
Creme Anti-Rugas Cuidado Noite,DERMO EXPERTISE,Emb. 0.05 LT,"14,98€","299,60€ / LT",
PREPARADO LACTEO PARA SANDWICH FATIAS,ECO+,Emb. 0.4 KG,"2,65€","6,63€ / KG",
ALIMENT BEBE: PURE CENOURAS BIO +4M 2X120G,BIO VILLAGE BEBE,Emb. 0.24 KG,"1,35€","5,63€ / KG",
AFTERSHAVE BALSAMO HIDRATANTE 100ML,CARRÉ HOMME,Emb. 0.1 LT,"2,04€","20,40€ / LT",
TUBO FLEXIVEL CHUVEIRO EXTENSIVEL INOX 1.5-2M,FOXTER,Emb. 1 UNID.,"6,91€","6,91€ / UNID.",
Compota de Banana Maçã 4x100g,ECO+,Emb. 0.4 KG,"1,07€","2,68€ / KG",
Afia Lápis de Maquilhagem Dupla,,Emb. 1 UNID.,"1,69€","1,69€ / UNID.",
Iced Tea Limão,ECO+,Emb. 1.5 LT,"0,89€","0,59€ / LT",
Gel de Banho e Duche Flor Cerejeira/Leite/Aveia,MANAVA,Emb. 0.5 LT,"2,29€","4,58€ / LT",
Sacos Lixo Fecho Fácil 50L,ELEMBAL,Emb. 15 UNID.,"1,69€","0,11€ / UNID.",
Champô para Cabelos Secos e sem Brilho,TRESEMMÉ,Emb. 0.5 LT,"4,19€","8,38€ / LT",
INFUSAO TILIA E LIMAO,TISÉA,Emb. 25 UNID.,"1,59€","0,06€ / UNID.",
Toucinho Fumado,,1 Unid. = 0.12 KG (aprox.),"9,99€/kg","1,20€ / Unid.",
Mostarda de Dijon Fina e Forte,RUSTICA,Emb. 0.28 KG,"2,55€","9,11€ / KG",
"AXE GB ICE CHILL,,400ML",AXE,Emb. 0.4 LT,"3,29€","8,23€ / LT",
ESPUMA CABELO EFEITO VOLUME 200ML,VITANOVE,Emb. 0.2 LT,"1,12€","5,60€ / LT",
Sortido de Bolachas,CUÉTARA,Emb. 0.21 KG,"2,29€","10,90€ / KG",
Pincel de Maquilhagem em Pó,,Emb. 1 UNID.,"3,99€","3,99€ / UNID.",
Gressinos com Creme de Avelã 3x60g,NUSTIKAO,Emb. 0.18 KG,"2,30€","12,78€ / KG",
Pão de Forma Integral,EPI D'OR,Emb. 0.5 KG,"1,09€","2,18€ / KG",
Alho em Pó,RUSTICA,Frasco 0.038 KG,"0,68€","17,89€ / KG",
Sabonete Líquido Flor Laranjeira,MANAVA,Emb. 0.3 LT,"0,89€","2,97€ / LT",
Iogurte Queijo Fresco Açucarado com Frutos 6x100g,DÉLISSE,Emb. 0.6 KG,"1,97€","3,28€ / KG",
Iogurte Líquido Morango 4 Unid.,YOGGI,Emb. 0.64 KG,"2,09€","3,27€ / KG",
Sumo de Laranja,JOI,Garrafa 1.5 LT,"1,04€","0,69€ / LT",
Açúcar de Baunilha Biológico 6 Saquetas,,Emb. 0.045 KG,"1,99€","44,22€ / KG",
Água com Gás Limão,PEDRAS,Garrafa 1 LT,"1,49€","1,49€ / LT",
Pistola Silicone,ECO+,Emb. 1 UNID.,"3,29€","3,29€ / UNID.",
Pizza Royale Ultracongelada,TURINI,Emb. 0.4 KG,"1,89€","4,73€ / KG",
Porta Fatos Grande,SILLAGE,Emb. 1 UNID.,"2,69€","2,69€ / UNID.",
Iogurte Magro Déli' light Sabor Baunilha 8x125g,DÉLISSE,Emb. 1 KG,"2,03€","2,03€ / KG",
Condicionador Liso Queratina Acondicinador,TRESEMMÉ,Emb. 0.7 LT,"6,59€","9,41€ / LT",
Iogurte Côco 4 Unid.,MIMOSA,Emb. 0.48 KG,"1,09€","2,27€ / KG",
LINGUICA PICANTE,CAMPO FINO,Emb. 0.15 KG,"0,84€","5,60€ / KG",
Osso C/ 2 Nós 14 Cm,TOUS MES AMIS,Emb. 2 UNID.,"2,09€","1,05€ / UNID.",
ÁGUA MICELAR C/ ÁGUA DE ROSAS 400ML,GARNIER,,"7,98€",/ Unid.,
Champô Hidratante,BABY DOVE,Emb. 0.4 LT,"3,29€","8,23€ / LT",
Champô Linic Anti-Caspa Fem Sakura,LINIC,Emb. 0.225 LT,"3,34€","14,84€ / LT",
Cápsulas Café Sical,DOLCE GUSTO,Emb. 16 CAPS.,"5,87€","0,37€ / CAPS.",
Molho de Tomate à Provençal,,Emb. 0.35 KG,"2,16€","6,17€ / KG",
Sopa de Cogumelos Selvagens Gourmet,KNORR,Emb. 0.062 KG,"1,79€","28,87€ / KG",
Máscara de Pestanas Preto 001,RIMMEL,Emb. 1 UNID.,"9,98€","9,98€ / UNID.",
Iogurte Grego Natural 4x150g,DÉLISSE,Emb. 0.6 KG,"1,68€","2,80€ / KG",
TIRAS PARA HAMSTER SABOR LEGUMES,P'TIT AMI,,"1,58€",/ Unid.,
DETERGENTE LIQUIDO CLASSICO 40D,EPSIL,Emb. 40 DOSES,"4,29€","0,11€ / DOSES",
Regulador Ph Mais Sólido,BEAUX JOURS,Emb. 2 KG,"8,64€","4,32€ / KG",
LUVA AUTO MICROFIBRA ANTI-MOSQUITOS,TECH9,Emb. 1 UNID.,"2,87€","2,87€ / UNID.",
BARRA CEREAL CH.KRISPIES 6X20,KELLOGG'S,Emb. 6 UNID.,"2,78€","0,46€ / UNID.",
Carvão Vegetal Artesanal,,Emb. 10 KG,"12,99€","1,30€ / KG",
Gelatina Melancia 4 Unid.,ROYAL,Emb. 0.4 KG,"1,98€","4,95€ / KG",
Anti-Calcário 3 em 1 para a Máquina da Roupa,CALGON,Emb. 45 DOSES,"13,98€","0,31€ / DOSES",
QUEIJO EMENTAL FATIADO ESPECIAL TOSTA MISTA,LES CROISÉS,Emb. 0.2 KG,"2,14€","10,70€ / KG",
Chá Verde 25 Saquetas,,Emb. 0.037 KG,"0,89€","24,05€ / KG",
Pimentão Doce Colorau,RUSTICA,Frasco 0.038 KG,"0,58€","15,26€ / KG",
Café Moagem Universal Timor,DELTA,Emb. 0.22 KG,"3,68€","16,73€ / KG",
Gelado Solero Red Berries,OLÁ,Emb. 0.27 LT,"3,98€","14,74€ / LT",
Sardinha em Tomate,BOM PETISCO,Emb. 0.12 KG,"0,99€","8,25€ / KG",
Puré de Batata 4x125g,POM'LISSE,Emb. 0.5 KG,"1,83€","3,66€ / KG",
Iogurte Bifidus Líquido Cereais Integrais 4 Unid.,DANONE,Emb. 0.62 KG,"1,99€","3,21€ / KG",
Perna para Assar de Porco,,1 Unid. = 1 KG (aprox.),"3,99€/kg","3,99€ / Unid.",
DESODORIZANTE P/ MQ.LOICA 2EM1 LIMAO + RECARGA,VISIOR,Emb. 2 UNID.,"1,29€","0,65€ / UNID.",
Óleo Alimentar,FRIGI,Garrafa 1 LT,"2,39€","2,39€ / LT",
Wafers de Cacau,,Emb. 0.17 KG,"1,22€","7,18€ / KG",
Alimento Seco Cão Croquetes Light,TOUS MES AMIS,Emb. 4 KG,"4,99€","1,25€ / KG",
Bloco Sanitário Domestos Power 5 Pinho,DOMESTOS,Emb. 0.11 KG,"2,74€","24,91€ / KG",
Azeite virgem extra lezirias,GALLO,Emb. 0.75 LT,"4,89€","6,52€ / LT",
CUSCUZ FINO,COMPTOÍR DU GRAIN,Emb. 0.5 KG,"1,25€","2,50€ / KG",
Concentrado de Menta,FRUCCI,Garrafa 0.75 LT,"3,69€","4,92€ / LT",
Bolachas Suecas Flocos de Aveia e Chocolate 150g,P'TIT DÉLI,Emb. 0.15 KG,"2,10€","14,00€ / KG",
SPAGHETTI A BOLONHESA,CÔTÉ TABLE,Emb. 0.3 KG,"2,40€","8,00€ / KG",
Pao Forma Sem Codea Economico,PANRICO,Emb. 0.45 KG,"2,08€","4,62€ / KG",
Sumo Active Drink Manga Cenoura,SANTAL,Emb. 1.5 LT,"2,09€","1,39€ / LT",
Vinho Regional Douro Branco,ADEGA DE VILA REAL,Garrafa 0.75 LT,"3,28€","4,37€ / LT",
Creme de Barbear Original,DENIM,Emb. 0.1 LT,"1,68€","16,80€ / LT",
Rebuçado Refrescante sem Açúcar,HALLS,Emb. 0.134 KG,"2,98€","22,24€ / KG",
Cola Pvc,FOXTER,Emb. 0.125 LT,"2,10€","16,80€ / LT",
Tablete Chocolate Excellence Dark 70%,LINDT,Emb. 0.1 KG,"2,09€","20,90€ / KG",
Shampoo Banho Rich Moisture Baby,BABY DOVE,Emb. 0.2 LT,"1,79€","8,95€ / LT",
Pensos Incontinência Discreet Maxi,AUSONIA,Emb. 8 UNID.,"4,98€","0,62€ / UNID.",
NATAS LIQUIDAS LIGHT UHT BIO,,Emb. 0.6 KG,"3,66€","6,10€ / KG",
Snack P/ Cão Sabor Bacon e Queijo,FRISKIES,Emb. 0.175 KG,"2,98€","17,03€ / KG",
VILEDA SACO LIXO STYLE 30L FF 15UN,VILEDA,Emb. 15 UNID.,"2,24€","0,15€ / UNID.",
Ambientador Stick Perfumado Amora e Baunilha,AIRWICK,Emb. 0.025 LT,"7,19€","287,60€ / LT",
BOLA FUTSAL ESPUMA,WOODSUN,Emb. 1 UNID.,"5,90€","5,90€ / UNID.",
Conserva de Pickles em Vinagre,RUSTICA,Emb. 0.3 KG,"2,23€","7,43€ / KG",
Iogurte Líquido Sabor Bauninha 4x180g,DÉLISSE,Emb. 1.08 KG,"1,99€","1,84€ / KG",
BANZAI NOODLE CARNE CIGALA,CIGALA,Emb. 0.067 KG,"0,94€","14,03€ / KG",
ESTENDAL HORIZONTAL SEMI-AUTOMATICO,HOMESIDE,Emb. 1 UNID.,"39,99€","39,99€ / UNID.",
PAPEL VEGETAL EM FOLHAS 30UN,ELEMBAL,Emb. 30 UNID.,"1,57€","0,05€ / UNID.",
Detergente para a Máquina da Roupa Active Sports Líquido,SKIP,Emb. 66 DOSES,"12,49€","0,19€ / DOSES",
Iogurte Bifidus Líquido Morango 4 Unid.,DANONE,Emb. 0.62 KG,"1,99€","3,21€ / KG",
"ALIMENT BEBE: CENOURA, SEMOLA, BATATA DOCE, LEITE C/ PEDACOS BIO +8M 2X200G",BIO VILLAGE BEBE,Emb. 0.4 KG,"2,69€","6,73€ / KG",
Patê de Atum 4x22g,PÊCHE OCÉAN,Emb. 0.088 KG,"1,02€","11,59€ / KG",
TIRA NODOAS EM PO MULTIUSOS ECOLOGICO,UNÍ VERT,Emb. 0.5 KG,"2,68€","5,36€ / KG",
Mistura de Legumes Ultracongelado c/ Saquetas Tempero,NOTRE JARDIN,Emb. 1 KG,"2,08€","2,08€ / KG",
Desodorizante Men Spray Active Fresh 0% Alumínio,REXONA,Emb. 0.15 LT,"2,84€","18,93€ / LT",
RATO S/FIO SILENCIOSO BRANCO,LINKSTER,Emb. 1 UNID.,"9,99€","9,99€ / UNID.",
ASPIRADOR DE MAO,ELSAY,Emb. 1 UNID.,"34,90€","34,90€ / UNID.",
Gelado Baunilha E Chocolate,CARTE D'OR,Emb. 1.7 LT,"2,99€","1,76€ / LT",
PILHAS RECARGAVEIS HR6,FOXTER,Emb. 4 UNID.,"7,49€","1,87€ / UNID.",
Mini Cones Chocolate e Baunilha,SMICY,Emb. 10 UNID.,"2,29€","0,23€ / UNID.",
After Shave Original,DENIM,Emb. 0.1 LT,"5,19€","51,90€ / LT",
Fraldas Incontinência Super M,LINDOR,Emb. 52 UNID.,"28,73€","0,55€ / UNID.",
Pensos Higiénicos Noite Alas,EVAX,Emb. 9 UNID.,"2,58€","0,29€ / UNID.",
Sobremesa Gelado Vanilla Pecan,CARTE D'OR,Emb. 0.9 LT,"3,29€","3,66€ / LT",
PATE CAMPESTRE -25% TEOR SAL 150G,TRADILÈGE,,"2,17€",/ Unid.,
CADERNO ESP CAP DUR AZ A4 PAU 100P,ESQUISSE,Emb. 1 UNID.,"3,19€","3,19€ / UNID.",
PINCEIS Nº 8/10/12,ESQUISSE,Emb. 3 UNID.,"1,29€","0,43€ / UNID.",
Tampões com Aplicador Pearl Regular,TAMPAX,Emb. 24 UNID.,"4,98€","0,21€ / UNID.",
Conserva de Azeitona Verde Inteira,RUSTICA,Emb. 0.5 KG,"2,16€","4,32€ / KG",
Azeite Virgem Extra Clássico,GALLO,Garrafa 0.25 LT,"1,91€","7,64€ / LT",
Tomates Inteiros Pelados C/ Sumo,ECO+,Emb. 0.449 KG,"0,51€","1,14€ / KG",
Pastilhas Elásticas Senses Rainforest Mint 3x23g,TRIDENT,Emb. 0.069 KG,"2,58€","37,39€ / KG",
Máscara Capilar para Cabelo com Pontas Espigadas,GLISS,Emb. 0.3 LT,"3,79€","12,63€ / LT",
WAFFERS SABOR BAUNILHA,ECO+,Emb. 0.19 KG,"0,65€","3,42€ / KG",
Banana Importada,,1 Unid. = 0.15 KG (aprox.),"0,95€/kg","0,14€ / Unid.",
Salsichas com Lentilhas,CÔTÉ TABLE,Emb. 0.42 KG,"1,49€","3,55€ / KG",
Preservativo Sensitive,HARMONY,Emb. 6 UNID.,"4,73€","0,79€ / UNID.",
Meloa Gália,,1 Unid. = 0.75 KG (aprox.),"2,99€/kg","2,24€ / Unid.",
Parte Dianteira de Borrego,,1 Unid. = 3 KG (aprox.),"8,99€/kg","26,97€ / Unid.",
Lava Tudo Universal Brilhante,SONASOL,Emb. 1.1 LT,"2,79€","2,54€ / LT",
Tortellini de Ricotta e Espinafres,KNORR,Emb. 0.25 KG,"3,68€","14,72€ / KG",
Bombons de Chocolate Negro e Caramelo,LUTTI,Emb. 0.15 KG,"2,48€","16,53€ / KG",
Caldo Marisco,KNORR,Emb. 8 CUBOS,"1,39€","0,17€ / CUBOS",
Cereais de Chocolate e Caramelo,LION,Emb. 0.4 KG,"2,92€","7,30€ / KG",
PETINGAS EM TOMATE PICANTE GENERAL,GENERAL,Emb. 0.09 KG,"0,89€","9,89€ / KG",
Feijão Branco Seco,NOTRE JARDIN,Emb. 1 KG,"1,79€","1,79€ / KG",
Brócolos Ultracongelados,BONDUELLE,Emb. 0.4 KG,"1,93€","4,83€ / KG",
Salsichão Original,ELPOZO,0.2 KG,"2,69€","13,45€ / KG",
Sabonete Sólido Hidratante,MANAVA,Emb. 0.1 KG,"0,75€","7,50€ / KG",
Bebida de Aveia,SHOYCE,Emb. 1 LT,"2,77€","2,77€ / LT",
Preparado em Pó Chantilly,ROYAL,Emb. 0.072 KG,"1,98€","27,50€ / KG",
Vinho de Mesa Branco,ECO+,Emb. 2 L,"2,69€","1,35€ / L",
Queijo São Jorge,QUEIJO SÃO JORGE,1 Unid. = 0.2 KG (aprox.),"12,99€/kg","2,60€ / Unid.",
Ketchup,CALVÉ,Emb. 0.25 KG,"1,29€","5,16€ / KG",
Chocolate Negro Sobremesas,ECO+,Emb. 0.2 KG,"0,92€","4,60€ / KG",
Café Solúvel Liofilizado,ECO+,Emb. 0.2 KG,"2,99€","14,95€ / KG",
TESOURA ROSA C/PROTECAO 13CM,ESQUISSE,Emb. 1 UNID.,"1,49€","1,49€ / UNID.",
CONJUNTO ESFREGONA ROTATIVA,,Emb. 1 UNID.,"13,99€","13,99€ / UNID.",
MINI BOLA FUTEBOL PLASTICO,WOODSUN,Emb. 1 UNID.,"2,49€","2,49€ / UNID.",
CASSOULET DE CASTELNAUDARY,NOS RÉGIONS ONT DU TALENT,Emb. 0.84 KG,"5,55€","6,61€ / KG",
Bolachas Palitos com Cobertura de Chocolate Biológicas,,Emb. 0.125 KG,"1,99€","15,92€ / KG",
Vinho Regional Alentejano Branco,LOIOS,Garrafa 0.75 LT,"3,49€","4,65€ / LT",
Creme Depilatório Pele Normal,SILISS,Emb. 0.2 LT,"2,93€","14,65€ / LT",
Conserva de Centros Palmito,NOTRE JARDIN,Lata 0.22 KG,"3,55€","16,14€ / KG",
Massa Laços Tricolores,MILANEZA,Emb. 0.5 KG,"2,14€","4,28€ / KG",
Desodorizante Spray Colonia,MANAVA,Emb. 0.1 LT,"1,29€","12,90€ / LT",
Mistura Solúvel Sem Café,PLANTATION,Frasco 0.2 KG,"2,09€","10,45€ / KG",
Gelado de Menta com Chocolate,CARTE D'OR,Emb. 1 LT,"2,89€","2,89€ / LT",
PIZZA 4 FROM TURINI,TURINI,Emb. 0.4 KG,"2,29€","5,73€ / KG",
Fruta 100% 7 Frutos 4 Unid.,NESTLÉ,Emb. 0.4 KG,"2,19€","5,48€ / KG",
Manteiga com Sal,TERRA NOSTRA,Emb. 0.25 KG,"2,34€","9,36€ / KG",
Caprichos do Mar Ultracongelado,PESCANOVA,Emb. 0.4 KG,"2,54€","6,35€ / KG",
Galetes de 4 Cereais Biológicas,,Emb. 0.13 KG,"1,08€","8,31€ / KG",
PATE PEIXE/CENOURA P/ GATO 410G,ECO+,Emb. 0.41 KG,"0,70€","1,71€ / KG",
Vinho Verde Branco Salvé,SALVE,Garrafa 0.75 LT,"1,59€","2,12€ / LT",
"Cereais de Trigo, Mel e Aveia",CHEERIOS,Emb. 0.375 KG,"2,92€","7,79€ / KG",
Refrigerante C/ Gás Gasosa,ECO+,Garrafa 2 LT,"0,65€","0,33€ / LT",
ALGODAO,PRIMOPLAST,Emb. 0.1 KG,"0,79€","7,90€ / KG",
PATE CAMPESTRE C/ COGUMELOS,CÔTÉ TABLE,Emb. 0.18 KG,"1,39€","7,72€ / KG",
Aletria,NACIONAL,Emb. 0.5 KG,"1,58€","3,16€ / KG",
Alimento Seco para Cão Carne e Cereais Integrais,ECO+,Emb. 20 KG,"14,99€","0,75€ / KG",
Arroz Agulha,BOM SUCESSO,Emb. 1 KG,"1,14€","1,14€ / KG",
CAFE SOLUVEL EXPRESSO STICKS X25 - 45G 25UN,PLANTATION,Emb. 0.045 KG,"1,59€","35,33€ / KG",
Espumante ASTI Doce,GANCIA,Garrafa 0.75 LT,"7,99€","10,65€ / LT",
Gelado Cookies & Cream Les Desserts,CARTE D'OR,Emb. 0.9 LT,"3,29€","3,66€ / LT",
Bolachas Recheadas Bocaditos Limão,CUÉTARA,Emb. 0.15 KG,"1,88€","12,53€ / KG",
PURE DE MALAGUETA,TABLES DU MONDE,Emb. 0.1 KG,"0,99€","9,90€ / KG",
"Croquetes Frango, Pato e Azeitonas",TOUS MES AMIS,Emb. 2 KG,"4,29€","2,15€ / KG",
Preservativo Nature,CONTROL,Emb. 6 UNID.,"3,14€","0,52€ / UNID.",
Bebida Côco,NAT&VIE,Emb. 1 LT,"1,69€","1,69€ / LT",
Bolachas Enroladas Cobertas de Chocolate Preto,P'TIT DÉLI,Emb. 0.125 KG,"1,33€","10,64€ / KG",
Vinho Regional Tejo Tinto,BRIDÃO,Garrafa 0.75 LT,"2,99€","3,99€ / LT",
Café Solúvel Frasco,DELTA,Frasco 0.2 KG,"3,89€","19,45€ / KG",
Refrigerante sem Gás Frutas Tropicais,TRINA,Garrafa 1.5 LT,"1,94€","1,29€ / LT",
FECULA DE MILHO,TABLIER BLANC,Emb. 0.4 KG,"1,05€","2,63€ / KG",
NUGGETS QUEIJO10UN,CÔTÉ CROC,Emb. 0.18 KG,"1,29€","7,17€ / KG",
SOBREMESA SOJA C/ CHOCOLATE BIO,,Emb. 0.4 KG,"1,79€","4,48€ / KG",
Suporte Universal Carro P/ Smartphone 2Em1,LINKSTER,Emb. 1 UNID.,"8,99€","8,99€ / UNID.",
Macarrão Penne Isento de Glúten,CHAQUE JOUR SANS GLUTEN,Emb. 0.4 KG,"1,50€","3,75€ / KG",
Biscoitos com Sal,TOKAPI,0.3 KG,"1,76€","5,87€ / KG",
Conserva de Feijão Preto,NOTRE JARDIN,Lata 0.85 KG,"0,99€","1,16€ / KG",
Alimento Seco Cão Croquete Vaca,LYDOG,Emb. 10 KG,"11,95€","1,20€ / KG",
Ervilhas Muito Finas,NOTRE JARDIN,Emb. 0.4 KG,"0,79€","1,98€ / KG",
Snacks Palitos,CHEETOS,Emb. 0.096 KG,"1,64€","17,08€ / KG",
Vinho Regional Douro,EVEL,Garrafa 0.75 LT,"4,69€","6,25€ / LT",
"BOLACHA REDONDA RECHEIO DUO ""CHOCOLATE E LEITE""",P'TIT DÉLI,Emb. 0.3 KG,"1,66€","5,53€ / KG",
DENTIFRICO SABOR A MENTA 7-13 ANOS KIDS,DENTAMYL,Emb. 0.075 LT,"0,89€","11,87€ / LT",
Queijo Curado Meio Gordo 5 Estrelas,LACTO SERRA,1 Unid. = 1 KG (aprox.),"7,99€/kg","7,99€ / Unid.",
Café Corsé Intensidade 8 Moído,PLANTATION,Emb. 48 PAST.,"3,89€","0,08€ / PAST.",
Sumo 100% de Laranja,JAFADEN,Emb. 1 LT,"1,49€","1,49€ / LT",
DESODORIZANTE SPRAY INVISIBLE MEN 200ML,CARRÉ HOMME,Emb. 0.2 LT,"1,19€","5,95€ / LT",
CHAMPO AUTO 5 L 5L TECH9,TECH9,Emb. 5 LT,"3,39€","0,68€ / LT",
Vinho Regional Alentejo Branco,TERRAS D'EL REI,Garrafa 0.75 LT,"1,99€","2,65€ / LT",
COOKIES CHOCOLATE C/PEPITAS CHOCOLATE X12,P'TIT DÉLI,Emb. 0.2 KG,"1,65€","8,25€ / KG",
Sobremesa Creme de Chocolate 4x100gr,DANONE,Emb. 0.4 KG,"1,99€","4,98€ / KG",
Pasta Pot Cogumelos,KNORR,Emb. 0.07 KG,"1,88€","26,86€ / KG",
Detergente Casa de Banho Spray Recarga,CIF,Emb. 0.07 LT,"1,89€","27,00€ / LT",
MÁSCARA VIAGEM,RIVERSIDE,Emb. 1 UNID.,"2,99€","2,99€ / UNID.",
Pano Microfibra,VILEDA,Emb. 2 UNID.,"3,95€","1,98€ / UNID.",
Feijão Frade Seco,NOTRE JARDIN,Emb. 0.5 KG,"1,02€","2,04€ / KG",
Queijo Curado Vaca,SNR,Emb. 0.22 KG,"3,09€","14,05€ / KG",
Preparado de Carne Bovino Picada,FERIAL,Emb. 1 KG,"8,97€","8,97€ / KG",
Bolachas Digestive Go Canela 6 Saquetas,TRIUNFO,Emb. 0.171 KG,"1,68€","9,82€ / KG",
Vinho do Porto Offley Ruby,OFFLEY,Garrafa 0.75 LT,"4,69€","6,25€ / LT",
Cillit Bang Bolor & Sujidade,CILLIT BANG,Emb. 0.5 LT,"2,24€","4,48€ / LT",
Croissant Maxi Creme Sabor a Baunilha,CHIPICAO,Emb. 0.08 KG,"1,23€","15,38€ / KG",
AZEITONA VERDE S/CAROCO -25% TEOR SAL,RUSTICA,Emb. 0.335 KG,"1,30€","3,88€ / KG",
Chá de Cidreira,,Emb. 25 SAQ.,"0,79€","0,03€ / SAQ.",
Caramelos de Leite,COPAÍNS COPINES,Emb. 0.25 KG,"1,10€","4,40€ / KG",
Manteiga Magra Baixo Teor Sal,PRÉSIDENT,Emb. 0.25 KG,"2,54€","10,16€ / KG",
Azeite Maduras,OLIVEIRA DA SERRA,Emb. 0.75 LT,"6,18€","8,24€ / LT",
CORTINA DUCHE 180X200 BRANCO,SILLAGE,Emb. 1 UNID.,"4,49€","4,49€ / UNID.",
Pensos Higiénicos Maxi com Alas,EVAX,Emb. 11 UNID.,"1,98€","0,18€ / UNID.",
Cogumelo Marron,,Emb. 0.3 KG,"2,09€","6,97€ / KG",
Pão de Forma Multicereal,EPI D'OR,Emb. 0.45 KG,"1,54€","3,42€ / KG",
Barra Cereais Maçã Verde,GRAINEA,Emb. 0.126 KG,"1,15€","9,13€ / KG",
Palmiers,,Emb. 0.3 KG,"1,69€","5,63€ / KG",
Champô Elvive Total Repair 5,L'ORÉAL PARIS,Emb. 0.4 LT,"5,98€","14,95€ / LT",
Alimento Seco para Cão Carne de Vaca e Cenoura,TOUS MES AMIS,Emb. 1 KG,"2,59€","2,59€ / KG",
NECTAR MULTIFRUTOS SEM ADICAO DE AÇÚCARES,JAFADEN,Emb. 1 LT,"1,39€","1,39€ / LT",
Limpeza Cif Cozinha Eco Recarga Spray,CIF,Emb. 0.07 LT,"1,89€","27,00€ / LT",
Dentífrico com Flúor Fresh Gel,COLGATE,Emb. 0.075 LT,"2,48€","33,07€ / LT",
Conjunto de 3 Martelos,ECO+,Emb. 3 UNID.,"10,70€","3,57€ / UNID.",
Conjunto de 9 Chaves Torx,FOXTER,Emb. 9 UNID.,"6,39€","0,71€ / UNID.",
TABUA ENCHIDOS,ST AZAY,,"3,45€",/ Unid.,
Tostas Briochés Nature,EPI D'OR,Emb. 0.125 KG,"1,38€","11,04€ / KG",
KINDER BUENO WHITE T2X4,KINDER BUENO,Emb. 0.16 KG,"2,44€","15,25€ / KG",
Queijo Fatiado -50% Gordura 2X200 g,LIMIANO,Emb. 0.4 KG,"4,58€","11,45€ / KG",
FEIJAO VERDE M.FINO M.GUIA,NOTRE JARDIN,Emb. 0.22 KG,"0,99€","4,50€ / KG",
PENSOS INCONTINENCIA MULHER MAXI,CHORYS,Emb. 12 UNID.,"2,39€","0,20€ / UNID.",
DESODORIZANTE STICK MARINE MEN 50ML,CARRÉ HOMME,Emb. 0.05 LT,"2,10€","42,00€ / LT",
Arroz Agulha,BELMONTE,Emb. 1 KG,"1,03€","1,03€ / KG",
Pistácio Torrado C/ Sal,MARQUE REPERE,Emb. 0.25 KG,"5,59€","22,36€ / KG",
LIMPA VIDROS AUTO 5 L 5L TECH9,TECH9,Emb. 5 LT,"2,39€","0,48€ / LT",
Pastilha Elástica Senses Sabor Melancia 3x23g,TRIDENT,Emb. 0.069 KG,"2,58€","37,39€ / KG",
Alcachofra,,1 Unid. = 0.34 KG (aprox.),"4,99€/kg","1,70€ / Unid.",
Feijão Verde Extra Finos Ultracongeladas,NOTRE JARDIN,Emb. 1 KG,"2,03€","2,03€ / KG",
Filete Cavala em Azeite Virgem,BOM PETISCO,Emb. 0.12 KG,"2,39€","19,92€ / KG",
Batom Lasting Finish Drop of Sherry 058,RIMMEL,Emb. 1 UNID.,"8,98€","8,98€ / UNID.",
FIAMBRE PERNA EXTRA FATIADO,CAMPO FINO,Emb. 0.15 KG,"1,29€","8,60€ / KG",
ALICATE UNIVERSAL 180MM,FOXTER,Emb. 1 UNID.,"4,96€","4,96€ / UNID.",
Cornetto de Morango 6x90 ml,OLÁ,Emb. 0.54 LT,"4,98€","9,22€ / LT",
Escova Dentes Interdental Médio,AQUAFRESH,Emb. 3 UNID.,"4,29€","1,43€ / UNID.",
Pão de Forma,EPI D'OR,Emb. 0.5 KG,"0,89€","1,78€ / KG",
Café Moagem Universal Colombia,DELTA,Emb. 0.22 KG,"5,11€","23,23€ / KG",
Vinho Regional Alentejo Tinto,REAL LAVRADOR,Garrafa 0.75 LT,"2,39€","3,19€ / LT",
Manteiga sem Sal,LES CROISÉS,Emb. 0.25 KG,"2,29€","9,16€ / KG",
Verniz de Unhas 60 Segundos 315,RIMMEL,Emb. 1 UNID.,"5,58€","5,58€ / UNID.",
Suspiros,,Emb. 0.09 KG,"2,00€","22,22€ / KG",
Alimento Seco P/ Gatos Aves Cenoura Legumes e Leite,LYCAT,Emb. 2 KG,"4,49€","2,25€ / KG",
Groselha,ALBERGARIA,Garrafa 1 LT,"4,18€","4,18€ / LT",
Champô Repara Azeite de Argão de Marrocos,HERBAL ESSENCES,Emb. 0.4 LT,"3,99€","9,98€ / LT",
Conjunto de 4 Recargas Neutras Pastilha,FOXTER,Emb. 0.45 KG,"7,10€","15,78€ / KG",
Fraldas Activity Tamanho 4 9-14Kg,DODOT,Emb. 48 UNID.,"11,89€","0,25€ / UNID.",
Pizza Fiambre Queijo 3x350g,TURINI,Emb. 1.05 KG,"4,49€","4,28€ / KG",
"ALIMENT BEBE: SOBREMESA LACTEA SEMOLA, BAUNILHA +6M 4X100G",BIO VILLAGE BEBE,Emb. 0.4 KG,"2,19€","5,48€ / KG",
Mortadela de Peru com Azeitonas,,1 Unid. = 0.16 KG (aprox.),"7,99€/kg","1,28€ / Unid.",
Ambientador Gel Lavanda,,Emb. 1 UNID.,"0,86€","0,86€ / UNID.",
Guardanapos Papel Kraft 25Cm,HOMESIDE,Emb. 50 UNID.,"0,99€","0,02€ / UNID.",
Bebida soja Original 3x250ml,ALPRO,Emb. 0.75 LT,"1,79€","2,39€ / LT",
Álcool Canforado HIDRO 250ml,HIDRO,Emb. 0.25 LT,"2,09€","8,36€ / LT",
Proteção de Dentes e Gengivas Menta,LISTERINE,Emb. 0.25 LT,"3,98€","15,92€ / LT",
Sobremesa de Soja Pistachio,NAT&VIE,Emb. 0.4 KG,"1,34€","3,35€ / KG",
COLORACAO CHOCOLATE 5.51 S/AMONIACO,VITANOVE,Emb. 1,"3,64€","3,64€ /",
MÁQUINA BARBEAR DESCARTAVEIS 2 LAMINAS,CARRÉ HOMME,Emb. 10 UNID.,"1,69€","0,17€ / UNID.",
Bebida Espirituosa London Gin,BRIGHTON'S,Garrafa 0.7 LT,"6,99€","9,99€ / LT",
Costeletas do Acém Novilho,,1 Unid. = 0.4 KG (aprox.),"8,49€/kg","3,40€ / Unid.",
VELA ANIVERSARIO C/ NUMERO+SUPORTE,ARDENCE,Emb. 1 UNID.,"1,29€","1,29€ / UNID.",
Bolachinhas Criança,BLÉDINA,Emb. 0.125 KG,"2,68€","21,44€ / KG",
Rolo de Cozinha Maxi Absorção,RENOVA,Emb. 4 ROLOS,"2,58€","0,65€ / ROLOS",
Espumante Reserva Doce,RAPOSEIRA,Garrafa 0.75 LT,"7,49€","9,99€ / LT",
Ração seca para gato digestão sensível c/ truta,ULTIMA,Emb. 1.5 KG,"13,28€","8,85€ / KG",
Limpa Madeiras Brilhante Secagem Rápida,SONASOL,Emb. 1.1 LT,"2,79€","2,54€ / LT",
Aditivo roupa spray roupa branca,VANISH,Emb. 0.75 LT,"5,19€","6,92€ / LT",
Puré de Maçã Biológico 4x100g,,Emb. 0.4 KG,"1,89€","4,73€ / KG",
Azeite Clássico,OLIVEIRA DA SERRA,Garrafa 0.75 LT,"5,68€","7,57€ / LT",
Desodorizante Spray Sport Cool,DOVE,Emb. 0.05 LT,"2,39€","47,80€ / LT",
Óleo Intense 4-23 Cereja Profundo,SYOSS,,"6,24€",/ Unid.,
AGRAFADOR Nº26/6 + 400AGRAFOS,ESQUISSE,Emb. 1 UNID.,"2,45€","2,45€ / UNID.",
Miolo de Amendoim Caramelizado,MARQUE REPERE,Emb. 0.25 KG,"1,89€","7,56€ / KG",
SNACK BATATA SABOR ESPECIARIAS,TOKAPI,Emb. 0.17 KG,"1,75€","10,29€ / KG",
Crepes com Manteiga,P'TIT DÉLI,Emb. 0.3 KG,"2,00€","6,67€ / KG",
Iogurte Grego Natural,DÉLISSE,Emb. 1 KG,"2,65€","2,65€ / KG",
Toalhitas Proteção Cores,WOOLITE,Emb. 10 UNID.,"3,49€","0,35€ / UNID.",
Biscoitos Revestidos com Chocolate Branco,P'TIT DÉLI,Emb. 0.15 KG,"0,79€","5,27€ / KG",
Creme Depilatório Duche Peles Normais,VEET,Emb. 0.15 LT,"6,64€","44,27€ / LT",
Mini Pizza Queijo e Fiambre Ultracongelado 9 Unid.,PICCOLINIS,Emb. 0.27 KG,"3,98€","14,74€ / KG",
"CANETA ROLLER GEL RETRATIL PRETA 0,5MM",ESQUISSE,Emb. 1 UNID.,"0,60€","0,60€ / UNID.",
Wafers de Chocolate,TRIUNFO,Emb. 0.146 KG,"1,19€","8,15€ / KG",
Bolachas Maria Oro,CUÉTARA,Emb. 0.2 KG,"1,03€","5,15€ / KG",
"Escova P/ Loiça ""Lola""",,Emb. 1 UNID.,"0,69€","0,69€ / UNID.",
Conhaque Royal Spirit,MACIEIRA,Garrafa 0.7 LT,"10,99€","15,70€ / LT",
Alimento Seco P/ Gato Especial Pele e Pêlo,PURINA,Emb. 0.8 KG,"6,98€","8,73€ / KG",
Mini Mousse de Frutos 6x74g,DÉLISSE,Emb. 0.444 KG,"2,02€","4,55€ / KG",
Palmiers Kids,DU BOIS DE LA ROCHE,Emb. 0.1 KG,"1,08€","10,80€ / KG",
Tarte de Nata,,Emb. 0.5 KG,"5,99€","11,98€ / KG",
DESODORIZANTE AERO DARK TEMPTATION,AXE,Emb. 0.15 LT,"3,29€","21,93€ / LT",
COOKIES COM RECHEIO DE CREME DE AVELAS,P'TIT DÉLI,Emb. 0.2 KG,"1,96€","9,80€ / KG",
Lixívia Frescura do Campo,NEOBLANC,Emb. 2 LT,"2,14€","1,07€ / LT",
Aguardente Velha,CR&F,Emb. 0.7 LT,"17,49€","24,99€ / LT",
Cenoura,,1 Unid. = 0.1 KG (aprox.),"0,69€/kg","0,07€ / Unid.",
CUECA INCONTINENCIA ABSORCAO PLUS MEDIA,CHORYS,Emb. 12 UNID.,"7,99€","0,67€ / UNID.",
Concentrado de Manga,SUNQUICK,Garrafa 0.58 LT,"4,39€","7,57€ / LT",
Mix de Aperitivos Temperados,TOKAPI,Emb. 0.4 KG,"4,01€","10,03€ / KG",
"ATUM COM GRAO,RAMIREZ,120G",RAMIREZ,,"1,29€",/ Unid.,
Cillit Bang Limpa Vidros 500ML x12,CILLIT BANG,Emb. 0.5 LT,"2,24€","4,48€ / LT",
Amaciador Concentrado Flores do Campo,HYPERDOU,Emb. 72 DOSES,"1,59€","0,02€ / DOSES",
Barrinhas P/ Canários sabor a Mel,TOUS MES AMIS,Emb. 0.06 KG,"1,65€","27,50€ / KG",
ENVELOPE ALMOFADADO 250X350MM,ESQUISSE,Emb. 5 UNID.,"2,49€","0,50€ / UNID.",
ESCADOTE 2 DEGRAUS,ECO+,Emb. 1 UNID.,"16,99€","16,99€ / UNID.",
Lenços de Bolso Menta Sensitive 4 Folhas,RENOVA,Emb. 6 UNID.,"0,98€","0,16€ / UNID.",
Alimento P/ Cão Adulto Pequeno P/ Controlo do Peso,PURINA,Emb. 0.8 KG,"5,71€","7,14€ / KG",
Vinho Branco,COMP DO VINHO,Emb. 1 LT,"0,89€","0,89€ / LT",
Iogurte Líquido S/ Lactose Morango Banana 4 Unid.,YOGGI,Emb. 0.64 KG,"2,19€","3,42€ / KG",
Cozer de Novilho,,1 Unid. = 0.6 KG (aprox.),"4,99€/kg","2,99€ / Unid.",
Iogurte Bifidus Activia Natural 4 Unid.,DANONE,Emb. 0.48 KG,"1,99€","4,15€ / KG",
Leite UHT Meio Gordo,AGROS,Emb. 1 LT,"0,83€","0,83€ / LT",
ACHOCOLATADO GRANULADO,BON CHOCO,0.400 0,"1,99€",inf€ /,
Pantene Fixação Ultra Forte Laca 300ml,PANTENE PV,Emb. 0.3 LT,"3,74€","12,47€ / LT",
Chá de Frutos Vermelhos,TISÉA,Emb. 25 SAQ.,"1,19€","0,05€ / SAQ.",
Tablete de Chocolate Extrafino C/ Avelã,NESTLÉ,Emb. 0.123 KG,"1,88€","15,28€ / KG",
Ice Tea de Pêssego 3x20 cl,LIPTON,Emb. 0.6 LT,"1,17€","1,95€ / LT",
Palitos de La Reine Mousse d´Or,DU BOIS DE LA ROCHE,Emb. 0.2 KG,"2,88€","14,40€ / KG",
Discos Activos Gel WC Lime Zest,PATO,Emb. 0.036 LT,"4,48€","124,44€ / LT",
Vinagre de Sidra,RUSTICA,Garrafa 0.5 LT,"0,35€","0,70€ / LT",
Dentífrico e Elixir Expert Branqueador,DENTAMYL,Emb. 0.075 LT,"0,98€","13,07€ / LT",
Conserva de Azeitona Verde Descaroçada,RUSTICA,Frasco 0.36 KG,"1,19€","3,31€ / KG",
AGUA MICELAR BIO,BIONAÏA,Emb. 0.4 LT,"2,95€","7,38€ / LT",
CROQUETES GATINHO PREMIUM 450G LYCAT,PLENIMA,Emb. 0.45 KG,"2,19€","4,87€ / KG",
Gelatina em Pó Ananás 2x85g,TABLIER BLANC,Emb. 0.17 KG,"0,94€","5,53€ / KG",
Azeite Virgem,RUSTICA,Garrafa 0.75 LT,"3,09€","4,12€ / LT",
Refrigerante com Gás Ananás,SUMOL,Garrafa 1.25 LT,"1,38€","1,10€ / LT",
COMINHOS MOIDOS SAQUETA,RUSTICA,Emb. 0.05 KG,"0,79€","15,80€ / KG",
IOGURTES DE LEITE GORDO VARIOS AROMAS,DÉLISSE,Emb. 1 KG,"2,79€","2,79€ / KG",
Covete Endivia Branca Org Esp 450G MARCA GUIA,,Emb. 0.45 KG,"2,59€","5,76€ / KG",
Galetes Arroz Cobertas de Chocolate Biológicas,,Emb. 0.09 KG,"1,45€","16,11€ / KG",
MOLHO PARA BATATAS FRITAS,RUSTICA,Emb. 0.255 KG,"1,30€","5,10€ / KG",
DETERGENTE EM PO SABAO MARSELHA P/ROUPA 50D,XÉOR,,"4,99€",/ Unid.,
B&J Netflix & Chill'D 465ml,,Emb. 0.465 LT,"6,78€","14,58€ / LT",
Pacotinho de Cereais e Mel,NESTUM,Emb. 0.08 KG,"0,98€","12,25€ / KG",
Pão de Hambúrguer Mini,EPI D'OR,Emb. 0.25 KG,"1,29€","5,16€ / KG",
MASSA TORTELLINI RICOTTA ESPINAFRES,TURINI,Emb. 0.3 KG,"1,59€","5,30€ / KG",
Pensos Diários Ecológicos,UNÍ VERT,Emb. 30 UNID.,"1,20€","0,04€ / UNID.",
Açúcar Branco de Cana,SIDUL,Emb. 1 KG,"1,69€","1,69€ / KG",
Creme Depilatório Peles Normais,VEET,Emb. 0.2 LT,"6,64€","33,20€ / LT",
Sementes de Quinoa Biológicas,,Emb. 0.5 KG,"3,59€","7,18€ / KG",
Batatas Fritas Palha,POM'LISSE,Emb. 0.16 KG,"0,89€","5,56€ / KG",
ALIMENTO PARA ROLAS,ECO+,Emb. 3 KG,"2,99€","1,00€ / KG",
NATAS FRESCAS,DÉLISSE,Emb. 0.2 KG,"1,07€","5,35€ / KG",
Alimento P/ Gato de Frango C/ Mandioca S/ Glúten,BEYOND,Emb. 1.2 KG,"11,98€","9,98€ / KG",
Queijo Flamengo 1/2 Bola,AGROS,Emb. 0.7 KG,"6,68€","9,54€ / KG",
Néctar Clássico 100% Maçã,COMPAL,Emb. 0.33 LT,"0,83€","2,52€ / LT",
FIO DENTARIO EM ARCO 50UN,DENTAMYL,Emb. 50 UNID.,"1,50€","0,03€ / UNID.",
BEBIDA SOJA NATURAL,ALPRO,Emb. 1 LT,"1,59€","1,59€ / LT",
MARCADOR FLURESCENTE SORTIDO CORES PASTEL 4UN,ESQUISSE,Emb. 4 UNID.,"2,99€","0,75€ / UNID.",
Alimento P/ Gato de Salmão C/ Mandioca S/ Glúten,BEYOND,Emb. 1.2 KG,"11,98€","9,98€ / KG",
Romã,,1 Unid. = 0.3 KG (aprox.),"2,99€/kg","0,90€ / Unid.",
SALSA FOLHAS SAQUETA,RUSTICA,Emb. 0.01 KG,"0,76€","76,00€ / KG",
Brownie de Chocolate com Pepitas de Chocolate,P'TIT DÉLI,Emb. 0.24 KG,"2,09€","8,71€ / KG",
REDONDITAS CROCANTES tipo belgas,P'TIT DÉLI,Emb. 0.25 KG,"1,99€","7,96€ / KG",
Champô Extra Suave,MANAVA,Emb. 0.5 LT,"2,08€","4,16€ / LT",
Molho Whisky Cocktail,CALVÉ,Frasco 0.253 KG,"2,93€","11,58€ / KG",
Fiambre da Perna Extra Fatiado,NOBRE,Emb. 0.11 KG,"2,14€","19,45€ / KG",
Vinho do Porto Lágrima Branco,DORRÃO,Emb. 0.075 LT,"6,49€","86,53€ / LT",
Escova P/ Fatos,SILLAGE,Emb. 1 UNID.,"1,99€","1,99€ / UNID.",
"BL1 LED ESFERA R 5,5W-40W E27",FOXTER,Emb. 1 UNID.,"3,99€","3,99€ / UNID.",
Queijo de Pasta Azul com Leite Pasteurizado,LES CROISÉS,Emb. 0.25,"2,92€","11,68€ /",
Couve Roxa,,1 Unid. = 1 KG (aprox.),"1,39€/kg","1,39€ / Unid.",
Cerveja C/ Álcool,FALSBOURG,Lata 0.33 LT,"0,38€","1,15€ / LT",
Tempero Esparguete à Bolonhesa,KNORR,Emb. 0.038 KG,"1,53€","40,26€ / KG",
MEXEDORES CAFE MADEIRA,HOMESIDE,Emb. 100 UNID.,"1,99€","0,02€ / UNID.",
IOGURTE CREMOSO COCO,DÉLISSE,Emb. 0.5 KG,"1,89€","3,78€ / KG",
DETERGENTE LIQUIDO SABAO MARSELHA/ F. PROVENCA ATIVOS VEGETAIS 50D,XÉOR,,"4,56€",/ Unid.,
Alimento Perle Húmido P/ Gato C/ Molho Frango e Vaca 4x85g,PURINA,Emb. 0.34 KG,"3,48€","10,24€ / KG",
Bijou,,1 Unid. = 0.055 KG,"0,13€","2,36€ / KG",
Farinha de Trigo Biológica,,Emb. 1 KG,"1,27€","1,27€ / KG",
Máscara de Abacate Ultra Suave,GARNIER,Emb. 0.3 LT,"6,78€","22,60€ / LT",
Bolachas Amanteigadas com Tablete de Chocolate Preto,P'TIT DÉLI,Emb. 0.15 KG,"1,15€","7,67€ / KG",
Gomas Trio Acidas,COPAÍNS COPINES,Emb. 0.2 KG,"0,99€","4,95€ / KG",
Conserva de Grão,COMPAL,Lata 0.845 KG,"1,59€","1,88€ / KG",
Gelado Tyrolia Frutos Vermelhos,ESKISS,Emb. 0.65 LT,"2,85€","4,38€ / LT",
Espanador Duster + 5 Panos,SWIFFER,Emb. 1 UNID.,"3,59€","3,59€ / UNID.",
Bebida de Soja com Baunilha Biológica,,Emb. 1 LT,"1,29€","1,29€ / LT",
Rissóis de Camarão 8 Unid.,SNR,Emb. 0.325 KG,"2,09€","6,43€ / KG",
Vinho Regional Dão Branco,GRÃO VASCO,Garrafa 0.75 LT,"3,49€","4,65€ / LT",
Lenços Bolso,MARQUE REPERE,Emb. 18 UNID.,"2,58€","0,14€ / UNID.",
MIOLO DE CAMARAO 24/36,PÊCHE OCÉAN,Emb. 0.3 KG,"7,10€","23,67€ / KG",
Esparguete C/ Frango +10 Meses,NESTLÉ,Emb. 0.19 KG,"1,39€","7,32€ / KG",
Iogurtes sem Pedaços Frutos Amarelos 8x125g,DÉLISSE,Emb. 1 KG,"2,36€","2,36€ / KG",
Loção Sensitive,BABY DOVE,Emb. 0.2 LT,"5,39€","26,95€ / LT",
Robalo Cal. 200/300,,1 Unid. = 0.4 KG (aprox.),"7,99€/kg","3,20€ / Unid.",
MARISCADA,ECO+,Emb. 0.7 KG,"4,92€","7,03€ / KG",
BARRA CEREAIS CHOCO BANANA,ECO+,Emb. 0.125 KG,"0,97€","7,76€ / KG",
DESODORIZANTE SPRAY SEDUCTION MEN 100ML COMPACT,CARRÉ HOMME,Emb. 0.1 LT,"1,23€","12,30€ / LT",
ESCOVA P/LOICA REDONDA C/CABO,SILLAGE,Emb. 1 UNID.,"1,39€","1,39€ / UNID.",
Difusor e Recarga Freshmatic Lavanda e Camomila,AIR WICK,Emb. 0.61 KG,"7,19€","11,79€ / KG",
Queijo Amanteigado Mistura,ALVELHE,1 Unid. = 1.2 KG (aprox.),"9,99€/kg","11,99€ / Unid.",
Cremant Dalsace Brut,REBMANN,Garrafa 0.75 LT,"7,39€","9,85€ / LT",
DENTIFRICO PROTECAO CARIE,DENTAMYL,Emb. 0.075 LT,"0,89€","11,87€ / LT",
Cebola Roxa,,1 Unid. = 0.5 KG  (aprox.),"1,49€/kg","1,49€ / Unid.",
Maionese Top Down Verdadeira,HELLMANN'S,Emb. 0.412 KG,"3,19€","7,74€ / KG",
Alimento Seco Cão Vitafit Balance Frango e Legumes,PURINA FRISKIES,Emb. 4 KG,"10,16€","2,54€ / KG",
Cuecas Incontinência Discreet M,AUSONIA,Emb. 9 UNID.,"9,98€","1,11€ / UNID.",
Desodorizante Spray,REXONA,Emb. 0.15 LT,"2,54€","16,93€ / LT",
Café Cápsulas deQafeinatus Intensidade 1,DELTA,Emb. 10 CAPS.,"3,39€","0,34€ / CAPS.",
Conserva de Milho Doce Grão,ECO+,Emb. 0.3 KG,"0,64€","2,13€ / KG",
SACO VACUO,SILLAGE,Emb. 2 UNID.,"4,99€","2,50€ / UNID.",
Iogurte de Banana 4 Unid.,IOGOLINO,Emb. 0.4 KG,"2,88€","7,20€ / KG",
BL1 LED STANDARD 14W-100W E27 LUZ AMARELA,FOXTER,Emb. 1 UNID.,"6,99€","6,99€ / UNID.",
TOSTAS SUECAS INTEGRAIS S/ ADICAO ACUCAR,EPI D'OR,,"1,30€",/ Unid.,
Tablete de Chocolate Leite,NESTLÉ,Emb. 0.125 KG,"1,88€","15,04€ / KG",
Café Latte Caramel 8 Unid.,NESCAFÉ,Emb. 0.136 KG,"3,18€","23,38€ / KG",
Café Solúvel Cappuccino Descafeinado 10 Saquetas,NESCAFÉ,Emb. 0.125 KG,"3,18€","25,44€ / KG",
Gel Banho Baunilha/Ambre,MANAVA,Emb. 0.5 LT,"2,29€","4,58€ / LT",
Conserva de Cassoulet,,Lata 0.84 KG,"2,79€","3,32€ / KG",
Sacos de Congelação Pequeno 18x20cm,ELEMBAL,Emb. 25 SAQ.,"1,19€","0,05€ / SAQ.",
Dentifrico Cuidado Extra Fresco,PARODONTAX,Emb. 0.075 LT,"5,59€","74,53€ / LT",
Achocolatado em Pó,BON CHOCO,Emb. 0.45 KG,"1,79€","3,98€ / KG",
Espumante Reserva Bruto,MURGANHEIRA,Garrafa 0.75 LT,"11,78€","15,71€ / LT",
RECARGA P/ ESCOVA DENTES MEDIA CABECA RECARRREGAVEL,DENTAMYL,,"1,25€",/ Unid.,
Spray de Limpeza e Desengordurante Cozinha Ecológico,UNÍ VERT,Emb. 0.75 LT,"1,52€","2,03€ / LT",
Bolachas Cobertas Chocolate Leite,P'TIT DÉLI,Emb. 0.15 KG,"1,32€","8,80€ / KG",
Gel de Banho Deeply Nourishing,DOVE,Emb. 0.75 LT,"4,19€","5,59€ / LT",
Sais de Fruta Digestivo Laranja,ENO,Emb. 10 UNID.,"4,98€","0,50€ / UNID.",
TARTE DE CHOCOLATE,P'TIT DÉLI,Emb. 0.3 KG,"2,59€","8,63€ / KG",
QUEIJO FLAMENGO FATIADO,ECO+,Emb. 0.2 KG,"1,61€","8,05€ / KG",
Pacotinho de Frutas Maçã e Pêssego S/ Glúten +6 meses,NESTLÉ,Emb. 0.09 KG,"1,04€","11,56€ / KG",
Snacks Party Mix Original,FELIX,Emb. 0.06 KG,"1,88€","31,33€ / KG",
Capucino Chocolate Base de Leite Magro em Pó,PLANTATION,Emb. 0.306 KG,"2,99€","9,77€ / KG",
Toldo Proteção P/Pintura Plástico 2X3Metros,ECO+,Emb. 1 UNID.,"3,99€","3,99€ / UNID.",
Bebida Energética,X-TENSE,Lata 4 UNID.,"3,79€","0,95€ / UNID.",
TESOURA PODA,BEAUX JOURS,Emb. 1 UNID.,"2,99€","2,99€ / UNID.",
Presunto Fatiado,PROBAR,Emb. 0.09 KG,"1,99€","22,11€ / KG",
Crepes de Queijo e Fiambre,CÔTÉ TABLE,Emb. 6 UNID.,"1,49€","0,25€ / UNID.",
Bolinhas com Pepitas,P'TIT DÉLI,Emb. 0.24 KG,"1,26€","5,25€ / KG",
Maçã Pink Lady Cal. 70/75,,1 Unid. = 0.19 KG (aprox.),"2,99€/kg","0,57€ / Unid.",
TIRAS DE BACON FUMADOS -25% TEOR SAL (LARDONS) 2X75G,TRADILÈGE,Emb. 0.15,"1,79€","11,93€ /",
Escova de Dentes Complete Média,ORAL B,Emb. 1 UNID.,"1,64€","1,64€ / UNID.",
NATAS GORDAS UHT SEMI-ESPESSAS COM 30 % M.G.,DÉLISSE,Emb. 0.6 KG,"2,37€","3,95€ / KG",
Cachaça Brasil 51,CACHAÇA 51,Garrafa 0.7 LT,"11,49€","16,41€ / LT",
Cerveja com Álcool,CRISTAL,Garrafa 1 LT,"1,34€","1,34€ / LT",
SORVETE LIMAO,TROFIC,Emb. 1 LT,"1,79€","1,79€ / LT",
Café Solúvel Clássico,NESCAFÉ,Emb. 10 SAQ.,"1,58€","0,16€ / SAQ.",
Queijo Mini Babybel Light,BABYBEL,Emb. 0.12 KG,"2,04€","17,00€ / KG",
Pastel de Nata,,1 Unid. = 0.048 KG,"0,89€","18,54€ / KG",
Passas de Uva,TABLIER BLANC,Emb. 0.25 KG,"1,39€","5,56€ / KG",
COLORACAO ACAJU 5.56 S/AMONIACO,VITANOVE,Emb. 1 UNID.,"3,49€","3,49€ / UNID.",
Regulador Ph Menos Sólido Granulado,BEAUX JOURS,Emb. 2 KG,"7,95€","3,98€ / KG",
Hamburguer Ultracongelado 100% de Vaca Ultracongelado,CHANTEGRIL,Emb. 1 KG,"9,09€","9,09€ / KG",
Douradinhos de Filete de Peixe 15 Unid. Ultracongelado,CAPITÃO IGLO,Emb. 0.42 KG,"5,68€","13,52€ / KG",
Canela Moída,MARGÃO,Emb. 0.039 KG,"2,28€","58,46€ / KG",
Papa Infantil de Banana Laranja,CERELAC,Emb. 0.25 KG,"2,39€","9,56€ / KG",
Massa Macarronete Riscado,ECO+,Emb. 0.5 KG,"0,65€","1,30€ / KG",
Red Bull,RED BULL,Lata 0.355 LT,"1,88€","5,30€ / LT",
Champô Cabelo Garnier Cereja e Amêndoa,ULTRA SUAVE,Emb. 0.25 LT,"3,58€","14,32€ / LT",
Óleo Cabelo Repara e Protege,PANTENE,Emb. 0.1 LT,"9,98€","99,80€ / LT",
Margarina Meio Gorda para Culinária,,Emb. 0.5 KG,"1,59€","3,18€ / KG",
Dentífrico Natural Extracts Brilho Intenso,COLGATE,Emb. 0.075 LT,"3,24€","43,20€ / LT",
Queijo de Vaca Amanteigado 5 Estrelas,LACTO SERRA,1 Unid. = 1 KG (aprox.),"7,99€/kg","7,99€ / Unid.",
SNACKS LIQUIDOS 90G LYCAT,LYCAT,Emb. 0.09 KG,"2,77€","30,78€ / KG",
Massa Carbonara,KNORR,Emb. 0.062 KG,"1,88€","30,32€ / KG",
Pão de Água,,1 Unid. = 0.1 KG,"2,49€","24,90€ / KG",
Vinho Regional Dão Tinto Reserva 2013,QUINTA DE CABRIZ,Garrafa 0.75 LT,"8,99€","11,99€ / LT",
Iogurte Líquido Limonada 4 Unid.,YOGGI,Emb. 0.64 KG,"2,09€","3,27€ / KG",
TOMATE PELADO,TURINI,Emb. 0.78 KG,"0,99€","1,27€ / KG",
Leite Confort 1,NAN,Emb. 0.8 KG  (aprox.),"20,98€","26,23€ / KG",
MAQ.BARBEAR 5 LAMINAS + 1 RECARGA,CARRÉ HOMME,Emb. 1 UNID.,"4,95€","4,95€ / UNID.",
Vinho Regional Douro Reserva 2015,MONTES ERMOS,Garrafa 0.75 L,"4,39€","5,85€ / L",
ACETONA,ECO+,Emb. 0.25 LT,"1,01€","4,04€ / LT",
Conserva de Atum em Óleo Girassol,PÊCHE OCÉAN,Emb. 0.385 KG,"2,77€","7,19€ / KG",
Cogumelos Inteiros,NOTRE JARDIN,Emb. 0.78 KG,"2,69€","3,45€ / KG",
Deo Creme Derma Care 0% Álcool,VASELINE,Emb. 0.05 LT,"2,84€","56,80€ / LT",
Bolachas Sementes de Sésamo Biológicas,,Emb. 0.23 KG,"2,27€","9,87€ / KG",
Refrigerante S/ Gás Laranja 0 Açúcares,AQUARIUS,Emb. 1.5 LT,"1,99€","1,33€ / LT",
Gelatina Light Melancia 4 Unid.,ROYAL,Emb. 0.4 KG,"2,18€","5,45€ / KG",
PANNA COTA COM BASE DE FRAMBOESA,EQUADOR,Emb. 0.24 KG,"2,18€","9,08€ / KG",
Atum Posta Natural,BOM PETISCO,Emb. 0.2 KG,"2,39€","11,95€ / KG",
Vinagre de Sidra Original,GALLO,Emb. 0.25 LT,"1,69€","6,76€ / LT",
Bolachas com Pepitas Chocolate sem Açúcar,DIET NATURE,Emb. 0.125 KG,"2,28€","18,24€ / KG",
Ovos Solo L,SNR,Emb. 6 UNID.,"1,29€","0,22€ / UNID.",
KETCHUP (BAIXO TEOR DE ACUCAR),RUSTICA,Emb. 0.535 KG,"1,27€","2,37€ / KG",
Cápsulas Café Colombia P/ Dolce Gusto Intensidade 7,DOLCE GUSTO,Emb. 12 CAPS.,"5,38€","0,45€ / CAPS.",
Sabonete Líquido Leite e Mel Recarga,PALMOLIVE,Emb. 0.3 LT,"2,98€","9,93€ / LT",
Cabo Universal,,Emb. 1 UNID.,"3,99€","3,99€ / UNID.",
Queijo Ralado Mozzarella Especial Pizza,PRÉSIDENT,Emb. 0.15 KG,"2,54€","16,93€ / KG",
Leite Creme 4x23 g,EL MANDARIN,Emb. 0.092 KG,"1,48€","16,09€ / KG",
Refrigerante sem Gás Maçã Verde,FRUTIS,Garrafa 1.5 LT,"1,15€","0,77€ / LT",
Alimento Seco Cão Croquetes Ricos em Carnes,ECO+,Emb. 10 KG,"10,97€","1,10€ / KG",
PREPARADO PARA BOLO FONDANT DE CHOCOLATE PRONTO A COZER,TABLIER BLANC,Emb. 0.5 KG,"2,89€","5,78€ / KG",
QUEIJO FRESCO PARA BARRAR 24%MG,LES CROISÉS,Emb. 0.15 KG,"0,79€","5,27€ / KG",
Paio York,CHARCUTARIA,1 Unid. = 0.1 KG (aprox.),"9,99€/kg","1,00€ / Unid.",
Pão de Forma Integral com Côdea Receita Económica,PANRICO,Emb. 0.52 KG,"1,68€","3,23€ / KG",
Liegeois Chocolate e Café 4x100g,DÉLISSE,Emb. 0.8 KG,"2,87€","3,59€ / KG",
Deo Spray Tropical,REXONA,Emb. 0.15 LT,"2,54€","16,93€ / LT",
MARSHMALLOWS CHOCO,COPAÍNS COPINES,Emb. 0.16 KG,"1,96€","12,25€ / KG",
Gel de Duche Pétalas do Oriente,MANAVA,Emb. 0.25 LT,"1,19€","4,76€ / LT",
Fita Adesiva Embalamento 66Metrosx50Mm,FOXTER,Emb. 1 UNID.,"2,49€","2,49€ / UNID.",
Rebuçados com Recheio de Fruta,COPAÍNS COPINES,Emb. 0.25 KG,"1,09€","4,36€ / KG",
Vinho Branco de Mesa,CASAL DA EIRA,Emb. 0.25 LT,"0,68€","2,72€ / LT",
Bebida em Pó Sabor Tropical,TANG,Emb. 0.03 KG,"0,82€","27,33€ / KG",
Refrigerante C/ Gás Cola,JEAN'S,Garrafa 1.5 LT,"0,99€","0,66€ / LT",
Recarga Ambientador Flor de Cereja da Ásia,AIRWICK,Emb. 0.25 LT,"3,59€","14,36€ / LT",
Iogurte Líquido Frutos Tropicais 4 Unid.,YOGGI,Emb. 0.64 KG,"2,09€","3,27€ / KG",
MINI PETIT GATEAU CHOCOLATE 8UN,AUTOUR DU DESSERT,Emb. 0.192 KG,"3,90€","20,31€ / KG",
DANACOL LIQUÍDO COLESTEROL AVEIA,DANACOL,Emb. 6 UNID.,"2,99€","0,50€ / UNID.",
TABLETE CHOCOLATE NEGRO FLOR SAL 100G,CEMOI,Emb. 0.1 KG,"0,99€","9,90€ / KG",
Guardanapos 2F 40x40,MARQUE REPERE,Emb. 90 UNID.,"2,29€","0,03€ / UNID.",
IOGURTE POUCH SABOR BAUNILHA E FRAMBOESA 6X90G,DÉLISSE,Emb. 0.54 KG,"2,37€","4,39€ / KG",
ABRASIVO SANITARIO PINHO ACTIV EFFECT 750ML,SYPHON,Emb. 0.75 LT,"0,99€","1,32€ / LT",
Líquido Sanitário Gel Lixívia,,Emb. 0.75 LT,"2,24€","2,99€ / LT",
LAPIS DE COR 18UN,ECO+,Emb. 18 UNID.,"1,45€","0,08€ / UNID.",
Mão de Coelho,,1 Unid. = 0.5 KG (aprox.),"5,99€/kg","3,00€ / Unid.",
FILETES DE CAVALA C/ MOSTARDA A L'ANCIENNE,PÊCHE OCÉAN,Emb. 0.169,"1,87€","11,07€ /",
Massa Cotovelinho Clássica,NACIONAL,Emb. 0.5 KG,"1,58€","3,16€ / KG",
MOLHO PARA HAMBURGUER,RUSTICA,Emb. 0.255 KG,"1,31€","5,14€ / KG",
Recarga Freshmatic Pradera Púrpura de Lavanda,AIR WICK,Spray 0.25 LT,"3,59€","14,36€ / LT",
AZEITONA MACANILHA MISTA INTEIRA,RUSTICA,Emb. 0.37 KG,"0,99€","2,68€ / KG",
Conserva de Feijão Preto da Horta,COMPAL,Lata 0.42 KG,"1,28€","3,05€ / KG",
Alho Francês,,1 Unid. = 0.43 KG (aprox.),"1,79€/kg","0,77€ / Unid.",
Penso Incontinência Discreet Extra,AUSONIA,Emb. 10 UNID.,"2,98€","0,30€ / UNID.",
LIXIVIA DELICADA,TEXIL,Emb. 2 LT,"1,19€","0,60€ / LT",
SALSICHA CHURRASCO ERVAS AROMATICAS,CAMPO FINO,Emb. 0.2 KG,"2,02€","10,10€ / KG",
Panaché 10x25CL,MÍLLBRAU,Emb. 2.5 LT,"2,65€","1,06€ / LT",
Cerveja com Álcool,SUPER BOCK,Lata 0.33 LT,"0,59€","1,79€ / LT",
FRALDA INCONTINENCIA MEDIA,CHORYS,Emb. 20 UNID.,"9,40€","0,47€ / UNID.",
ESCOVA DENTES CRIANCA 2-6 ANOS,PETIT DENTAMYL,Emb. 1 UNID.,"0,79€","0,79€ / UNID.",
Café Solúvel Clássico,NESCAFÉ,Emb. 0.2 KG,"6,14€","30,70€ / KG",
CROQUETES CARNE DE VACA/FIGADO/LEG 400G LYCAT,LYCAT,Emb. 0.4 KG,"0,95€","2,38€ / KG",
BOLACHAS MEGA DUO GULLON 500G,GULLÓN,Emb. 0.5 KG,"2,98€","5,96€ / KG",
Café Moído Torrado Intensidade 12,BUONDI,Emb. 0.2 KG,"3,68€","18,40€ / KG",
Sobremesa de Soja Açucarada C/ Morango,NAT&VIE,Emb. 0.4 KG,"1,40€","3,50€ / KG",
Pizza Casa Di Mama Salame,DR. OETKER,Emb. 0.38 LT,"5,48€","14,42€ / LT",
Batatas Fritas Camponesas Biológicas,,Emb. 0.125 KG,"1,76€","14,08€ / KG",
"AMBIENTADOR MECHA ACTIVA ""FLORAL""375ML",BIEN AIR,375ML 0.375 LT,"1,42€","3,79€ / LT",
FEIJAO CATARINO SACO,NOTRE JARDIN,Emb. 1 KG,"2,07€","2,07€ / KG",
Conserva de Tomate Pelado,TURINI,Lata 0.39 KG,"0,59€","1,51€ / KG",
DETERGENTE MANUAL LOICA ULTRA SAIS E MINERAIS/FRUTOS EXOTICOS 500ML,VISIOR,Emb. 0.5,"0,77€","1,54€ /",
Rissóis de Carne,,Emb. 8   UNID.,"1,59€","0,20€ /   UNID.",
Vinho Branco de Mesa Elopack,CASAL DA EIRA,Emb. 1 LT,"1,68€","1,68€ / LT",
"ATUM FILETE NATURAL,120G",TENÓRIO,Emb. 0.12 KG,"2,14€","17,83€ / KG",
Mini Bolos de Mármore de Chocolate,P'TIT DÉLI,Emb. 0.189 KG  (aprox.),"1,79€","9,47€ / KG",
ALIMENT BEBE: IOGURTE CREMOSO MANGA E AVEIA BIO 6M,BIO VILLAGE BEBE,,"3,99€",/ Unid.,
Dentífrico Pro Esmalte,SENSODYNE,Emb. 0.075 LT,"4,99€","66,53€ / LT",
Queijo de Cabra Rústico Saloio,PALHAIS DE PORTUGAL,1 Unid. = 0.25 KG (aprox.),"14,98€/kg","3,75€ / Unid.",
Creme Barbear Sensitive,PALMOLIVE,Emb. 0.1 LT,"2,28€","22,80€ / LT",
RACLETTE REDONDA 8P,ELSAY,Emb. 1 UNID.,"33,95€","33,95€ / UNID.",
Elixir Suavidade e Brilho Para Cabelo Muito Estragado,GLISS,Emb. 0.075 LT,"4,99€","66,53€ / LT",
Bolachas Crackers Original,TUC,Emb. 0.1 KG,"1,18€","11,80€ / KG",
Vinho Frutado Tinto,SALVE,Garrafa 0.75 LT,"1,09€","1,45€ / LT",
Dentífrico Menta Suave,AQUAFRESH,Emb. 0.075 LT,"2,39€","31,87€ / LT",
Conserva de Cassoulet de Porco,CÔTÉ TABLE,Lata 0.42 KG,"1,59€","3,79€ / KG",
Legumes C/ Vitela desde os 6 Meses S/ Glúten,NESTLÉ,Emb. 0.19 KG,"1,39€","7,32€ / KG",
Folhas de Tomilho,RUSTICA,Frasco 0.018 KG,"0,98€","54,44€ / KG",
Perna de Pato,,1 Unid. = 0.39 KG  (aprox.),"5,99€/kg","2,34€ / Unid.",
Paté Rico Frango e Legumes Bio,PLENIMA,Emb. 0.3 KG,"1,55€","5,17€ / KG",
Escova de Dentes 3D White,ORAL B,Emb. 1 UNID.,"2,18€","2,18€ / UNID.",
Pantene Grisalho Radiante & Suave Condicionador 160 ml,PANTENE PV,Emb. 0.16 LT,"4,98€","31,13€ / LT",
Queijo Mistura,PAIVA,1 Unid. = 1.2 KG (aprox.),"9,99€/kg","11,99€ / Unid.",
Água Tónica Mist,NORDIC,Lata 0.25 LT,"0,75€","3,00€ / LT",
Dentífrico Júnior,AQUAFRESH,Emb. 0.05 LT,"2,89€","57,80€ / LT",
Gomas de Ursinhos com Vários Sabores,COPAÍNS COPINES,Emb. 0.3 KG,"1,34€","4,47€ / KG",
Desodorizante Spray Invisible,MANAVA,Emb. 0.2 LT,"1,34€","6,70€ / LT",
SACO LIXO ECOBAG 20L FECHO FÁCIL (15 UN),VILEDA,Emb. 15 UNID.,"1,95€","0,13€ / UNID.",
Conjunto Borracha Mini,ESQUISSE,Emb. 2 UNID.,"0,69€","0,35€ / UNID.",
Mostarda,RUSTICA,Emb. 0.225 KG,"1,05€","4,67€ / KG",
Parmesão Reggiano Ralado,LES CROISÉS,Emb. 0.06 KG,"1,39€","23,17€ / KG",
Gomas Minhocas,COPAÍNS COPINES,Emb. 0.2 KG,"0,99€","4,95€ / KG",
Lanche Misto,,1 Unid. = 0.09 KG,"0,79€","8,78€ / KG",
FORMAS DE ALUMINIO BAIXO 1L 10UN,ELEMBAL,Emb. 10 UNID.,"3,99€","0,40€ / UNID.",
LEGUMES SALTEADOS WOK INDIANO,NOTRE JARDIN,Emb. 1 KG,"3,62€","3,62€ / KG",
Azeite virgem extra aroma trufa,GALLO,Emb. 0.25 LT,"2,39€","9,56€ / LT",
Lula Inteira Congelada,,1 Unid. = 0.25 KG (aprox.),"5,49€/kg","1,37€ / Unid.",
COLORACAO VEGETAL PRETO BIO,BIONAÏA,Emb. 1 UNID.,"6,99€","6,99€ / UNID.",
ACAFRAO DAS INDIAS SAQUETA,RUSTICA,Emb. 0.05 KG,"0,60€","12,00€ / KG",
Café Solúvel Clássico Intenso,NESCAFÉ,Emb. 0.1 KG,"3,98€","39,80€ / KG",
"Requeijão de Vaca, Cabra e Ovelha",SALOIO,Emb. 0.17 KG,"2,39€","14,06€ / KG",
Espumante Reserva Doce,FITA AZUL,Garrafa 0.75 LT,"5,73€","7,64€ / LT",
Galetes de Milho com Cobertura de Chocolate Preto Biológicas,,Emb. 0.1 KG,"1,82€","18,20€ / KG",
Pantene Repara & Protege Ampolas Resgate,PANTENE PV,Emb. 3 UNID.,"3,64€","1,21€ / UNID.",
Escova para Cabelo Oval,,Emb. 1 UNID.,"4,49€","4,49€ / UNID.",
Pacotinho de Multifrutas S/ Glúten +6 meses,NESTLÉ BEBÉ,Emb. 0.09 KG,"1,04€","11,56€ / KG",
MANGA PEDACOS 650G,DOUCEUR DU VERGER,Emb. 0.65 KG,"4,31€","6,63€ / KG",
Chá Preto,TETLEY,Emb. 10 SAQ.,"0,71€","0,07€ / SAQ.",
Rebuçados sem Açúcar Sabor Mel e Limão 4x32g,HALLS,Emb. 0.128 KG,"2,98€","23,28€ / KG",
Queijo Grana Padano Ralado,LES CROISÉS,Emb. 0.1 KG,"1,59€","15,90€ / KG",
BOLINHOS IOGURTE C/ BASE CHOCOLATE 7UN POCKET,P'TIT DÉLI,Emb. 0.21 KG,"2,18€","10,38€ / KG",
Miolo de Camarão Ultracongelado,PESCANOVA,Emb. 0.2 KG,"7,18€","35,90€ / KG",
PATE DE COELHO C/ MOSTARDA,CÔTÉ TABLE,Emb. 0.18 KG,"1,81€","10,06€ / KG",
IOGURTE LIQUIDO SABOR A MORANGO 8H FORA FRIGORIFICO,DÉLISSE,Emb. 0.8 KG,"2,10€","2,63€ / KG",
Batatas Fritas Onduladas,POM'LISSE,Emb. 0.18 KG,"1,84€","10,22€ / KG",
PILHAS ALCALINAS LR03,ECO+,Emb. 8 UNID.,"1,79€","0,22€ / UNID.",
Café Solúvel de Cereais e Fibra,BOLERO,Emb. 0.2 KG,"2,98€","14,90€ / KG",
Massa Capellini,TURINI,Emb. 0.5 KG,"0,79€","1,58€ / KG",
Miolo de Camarão Gigante Ultracongelado,PESCANOVA,Emb. 0.25 KG,"6,99€","27,96€ / KG",
SACOS LIXO ALCAS 30L,ELEMBAL,Emb. 20 UNID.,"1,29€","0,06€ / UNID.",
Strogonoff de Novilho,,1 Unid. = 0.38 KG (aprox.),"10,99€/kg","4,18€ / Unid.",
Pérolas de Perfume para Roupa Dreams,LENOR,Emb. 0.21 KG,"7,69€","36,62€ / KG",
Bolacha Cream Crackers Estilo Inglês,CUÉTARA,Emb. 0.2 KG,"0,87€","4,35€ / KG",
Leite Bem Essencial UHT Meio Gordo 3 Unid.,MIMOSA,Emb. 0.6 LT,"1,18€","1,97€ / LT",
Polpa de Tomate,TURINI,Emb. 0.21 KG,"0,34€","1,62€ / KG",
DESFIADO CARNE PREMIUM P/ GATO ADULTO 4X85G,LYCAT,Emb. 4 UNID.,"1,79€","0,45€ / UNID.",
Maçã Golden Cal. 70/75,,1 Unid. = 0.21 KG (aprox.),"1,29€/kg","0,27€ / Unid.",
Recarga Esfregona Rotativa,,Emb. 1 UNID.,"2,99€","2,99€ / UNID.",
Gelado Baunilha Morango,CARTE D'OR,Emb. 1.7 LT,"2,99€","1,76€ / LT",
Corda P/ Roupa Cinza 20Metros,SILLAGE,Emb. 1 UNID.,"1,59€","1,59€ / UNID.",
SACO CONGELACAO PEQUENO,ELEMBAL,Emb. 50 UNID.,"0,89€","0,02€ / UNID.",
Mortadela de Peru,CAMPOFRIO,1 Unid. = 0.11 KG (aprox.),"7,99€/kg","0,88€ / Unid.",
Conserva de Cogumelos Laminados,FERBAR,Lata 0.29 KG,"0,95€","3,28€ / KG",
Batom de Cieiro Cereja,LABELLO,Emb. 1 UNID.,"3,48€","3,48€ / UNID.",
TAPETE MICROFIBRAS WC AZUL 50X80,SILLAGE,Emb. 1 UNID.,"6,99€","6,99€ / UNID.",
Folhados de Frutos do Mar 4x100g,CÔTÉ TABLE,Emb. 4 UNID.,"5,07€","1,27€ / UNID.",
Fiambre Peito de peru,,1 Unid. = 0.12 KG (aprox.),"12,76€/kg","1,53€ / Unid.",
Néctar Clássico Ananás 3x200 ml,COMPAL,Emb. 0.6 LT,"1,48€","2,47€ / LT",
Pensos Higiénicos Ultrafinos Abas,AUSONIA,Emb. 12 UNID.,"1,69€","0,14€ / UNID.",
DETERGENTE LIQUIDO CONCENTRADO PRIMAVERA 28D,EPSIL,,"2,80€",/ Unid.,
Caramelos Werther's Original Storck Creme 135g,JERONIMO MARTINS,Emb. 0.135 KG,"2,98€","22,07€ / KG",
Pastilhas 60 Minutos Spearmint,TRIDENT,Emb. 0.02 KG,"0,94€","47,00€ / KG",
Sabonete Pack 4,DOVE,Emb. 0.4 KG,"4,98€","12,45€ / KG",
Noodles com Bacon e Tomate,KNORR,Emb. 0.063 KG,"2,07€","32,86€ / KG",
Torta de Chocolate,,1 Unid. = 0.5 KG (aprox.),"10,99€/kg","5,50€ / Unid.",
Champô de Queratina Protetor da Cor,TRESEMMÉ,Emb. 0.7 LT,"6,59€","9,41€ / LT",
"CARREGADOR USB 2,4A + CABO USB/ COMPATIVEL LIGHTNING 1,2M BRANCO",LINKSTER,Emb. 1 UNID.,"16,59€","16,59€ / UNID.",
Arroz Carolino,PATO REAL,Emb. 1 KG,"1,17€","1,17€ / KG",
Café Torrado Puro Arabica Moído,,Emb. 0.5 KG,"4,08€","8,16€ / KG",
SUMO 100% UVA BIO,,Emb. 1 LT,"1,69€","1,69€ / LT",
CERA CREME CASTANHA 75ML,LA VACHETTE,Emb. 0.075 LT,"2,03€","27,07€ / LT",
BATATAS FRITAS LISAS,POM'LISSE,Emb. 0.35 KG,"2,99€","8,54€ / KG",
Toalhitas Limpeza P/ Ecrãs,LINKSTER,Emb. 80 UNID.,"3,99€","0,05€ / UNID.",
Cápsulas Café Cappuccino,DOLCE GUSTO,Emb. 16 CAPS.,"5,98€","0,37€ / CAPS.",
Preservativo Non Stop,CONTROL,Emb. 12 UNID.,"6,99€","0,58€ / UNID.",
Crackers,EPI D'OR,Emb. 0.25 KG,"1,32€","5,28€ / KG",
Pensos Higiénicos Cotton Extract Normal,CAREFREE,Emb. 76 UNID.,"4,48€","0,06€ / UNID.",
WC Gel Glitter Brisa do Mar,NEO BLANC,Emb. 0.7 LT,"2,09€","2,99€ / LT",
SACO ASPIRADOR S2000,ELSAY,Emb. 1 UNID.,"3,49€","3,49€ / UNID.",
Chá de Camomila,LIPTON,Emb. 20 SAQ.,"1,20€","0,06€ / SAQ.",
Champô Cabelos Secos,ULTRA SUAVE,Emb. 0.25 LT,"3,58€","14,32€ / LT",
Crackers sem Sal,EPI D'OR,Emb. 0.5 KG,"1,89€","3,78€ / KG",
Vinho Regional Península de Setúbal Tinto,JOSE MARIA FONSECA,Garrafa 0.75,"1,99€","2,65€ /",
Esponjas Vegetais,ECO+,Emb. 2 UNID.,"0,61€","0,31€ / UNID.",
Sumo Ananás,JAFADEN,Emb. 1 LT,"1,29€","1,29€ / LT",
QUEIJO CHEDDAR RALADO,LES CROISÉS,Emb. 0.2 KG,"1,89€","9,45€ / KG",
Gelatina Morango 4 Unid.,ROYAL,Emb. 0.4 KG,"1,98€","4,95€ / KG",
Bolacha Integral Integralis,VIEIRA,Emb. 0.18 KG,"1,90€","10,56€ / KG",
Pão de Forma Grande,BIMBO,Emb. 0.375 KG,"1,58€","4,21€ / KG",
MOUSSE DE MARACUJÁ CONDI 80G,CONDI,Emb. 0.8 KG,"1,34€","1,68€ / KG",
Caldo de Carne 12x10g,ECO+,Emb. 0.12 KG,"0,53€","4,42€ / KG",
Vinho Regional Douro Tinto,QUINTA DA PACHECA,Garrafa 0.75 LT,"5,99€","7,99€ / LT",
ALHO FRANCÊS RONDELLE,NOTRE JARDIN,Emb. 1 KG,"1,42€","1,42€ / KG",
Ambientador Carro Flores Elegantes,AMBIPUR,Emb. 1 UNID.,"3,49€","3,49€ / UNID.",
Madalenas em Concha com Ovos,P'TIT DÉLI,Emb. 1 KG,"3,60€","3,60€ / KG",
Perfume Pearls Fuchsia Passion,COMFORT,Emb. 0.375 KG,"8,49€","22,64€ / KG",
CARREGADOR HR6/HR03 + 4 PILHAS RECARREGAVEIS USB,FOXTER,Emb. 1 UNID.,"18,99€","18,99€ / UNID.",
Spray Tira-Nódoas Multiuso,KH-7,Emb. 0.75 LT,"4,99€","6,65€ / LT",
Desodorizante Spray Suave,MANAVA,Emb. 0.2 LT,"1,19€","5,95€ / LT",
VELA NUMERO - 4,ARDENCE,Emb. 1 UNID.,"0,59€","0,59€ / UNID.",
LENCOS DE BOLSO 4F ECO,UNÍ VERT,Emb. 15 UNID.,"2,29€","0,15€ / UNID.",
"BEBIDA APERITIVA ROSSO 14,4º",GILDO,1 0,"3,19€",inf€ /,
Champô Purificante Morango Branco e Menta Dulce,HERBAL ESSENCES,Emb. 0.4 LT,"3,99€","9,98€ / LT",
Pensos Higiénicos Salvaslip Maxi,EVAX,Emb. 72 UNID.,"4,98€","0,07€ / UNID.",
QUEIJO GOUDA FATIADO,ECO+,Emb. 0.2 KG,"1,62€","8,10€ / KG",
Chá de Ervas Biológico,,Emb. 20 SAQ.,"1,19€","0,06€ / SAQ.",
ROLO COZINHA 2F COMPACTO 2=4 ECOLOGICO,UNÍ VERT,,"2,82€",/ Unid.,
Johnson's Baby Champô Penteia Fácil,JOHNSON'S BABY,Emb. 0.5 LT,"5,58€","11,16€ / LT",
Doce de Glila,CASA MATEUS,Frasco 0.345 KG,"2,44€","7,07€ / KG",
Snack Húmido P/ Gato Party Mix Cheezy Mix,FELIX,Emb. 0.06 KG,"1,88€","31,33€ / KG",
Torta de Noz,,1 Unid. = 0.6 KG  (aprox.),"10,99€/kg","6,59€ / Unid.",
Yofu Baunilha 500g,ALPRO,Emb. 0.5 KG,"2,39€","4,78€ / KG",
Filetes de pescada com alho e salsa,PESCANOVA,Emb. 0.4 KG,"4,39€","10,98€ / KG",
Puré de Batata Nature,POM'LISSE,Emb. 1 KG,"4,21€","4,21€ / KG",
Bloco Sanitário Lavanda,SONASOL WC,Emb. 2 UNID.,"2,99€","1,50€ / UNID.",
CUECA INCONTINENCIA ABSORCAO PLUS GRANDE,CHORYS,Emb. 10 UNID.,"5,99€","0,60€ / UNID.",
Mostarda Dijon,MAILLE,Emb. 0.215 KG,"3,88€","18,05€ / KG",
FRANGO C/ MOLHO DE CARIL,CÔTÉ TABLE,Emb. 0.3 KG,"1,99€","6,63€ / KG",
3 Mini Saucisses Sèches,ST AZAY,Emb. 0.15 KG,"3,05€","20,33€ / KG",
Refrigerante C/ Gás Gasosa,SPRINK'S,Garrafa 1.5 LT,"0,59€","0,39€ / LT",
CROQUETES CAO MEDIO A GRANDE SEM CEREAIS,PLENIMA,Emb. 2 KG,"5,99€","3,00€ / KG",
Cera Depilatória Profissional Natural de Abelha,VEET,Emb. 0.3 KG,"8,04€","26,80€ / KG",
BOLACHAS MANTEIGA GALETES BRETONNES,P'TIT DÉLI,Emb. 0.25 KG,"1,75€","7,00€ / KG",
Snacks Húmidos P/ Gato Adulto 2 de Frango e 2 de Vaca,PURINA,Emb. 0.34 KG,"3,48€","10,24€ / KG",
SNACKS BOLAS DE QUEIJO,TOKAPI,Emb. 0.05 KG,"0,62€","12,40€ / KG",
Alimento Completo Mistura para Caturras,INTERNUTRI,Emb. 1 KG,"1,62€","1,62€ / KG",
Noodles Galinha,KNORR,Emb. 0.07 KG,"1,39€","19,86€ / KG",
Esferográficas de Cores Sortidas Ponta Média,ESQUISSE,Emb. 4 UNID.,"1,29€","0,32€ / UNID.",
Sumo 100% Laranja Biológico,,Emb. 1 LT,"2,39€","2,39€ / LT",
Ketchup Familiar XXL,CALVÉ,Emb. 0.55 KG,"3,88€","7,05€ / KG",
Cadeado C/ Chave 25Mm,FOXTER,Emb. 1 UNID.,"1,89€","1,89€ / UNID.",
Limpa Máquinas de Loiça Desengordurante & Anti-Calcário,SUN,Emb. 0.12 KG,"3,99€","33,25€ / KG",
PENSOS HIGIENICOS NORMAL C/ ALAS ECOLOGICOS 14UN,UNÍ VERT,Emb. 14 UNID.,"1,38€","0,10€ / UNID.",
"BL1 LED SPOT 5,5W - 50W GU10",FOXTER,Emb. 1 UNID.,"4,99€","4,99€ / UNID.",
Luvas Universais S,VILEDA,Emb. 1 UNID.,"1,98€","1,98€ / UNID.",
"SYOSS OLEO INTEN 1-10 PRET,,1P",SYOSS,,"6,24€",/ Unid.,
Desodorizante Spray Fresia/Orquídea,MANAVA,Emb. 0.2 LT,"1,25€","6,25€ / LT",
Entrecosto com Alho e Pimentão Doce,MAGGI,Emb. 0.03 KG,"0,74€","24,67€ / KG",
Dentífrico Max White Cool Mint,COLGATE,Emb. 0.075 LT,"5,48€","73,07€ / LT",
Pasta de dentes,SENSODYNE,Emb. 0.075 LT,"3,73€","49,73€ / LT",
Queijo de Vaca e Ovelha Curado,ALVELHE,Emb. 0.5 KG,"5,69€","11,38€ / KG",
Bolo de Aniversário,,1 Unid. = 1.2 KG (aprox.),"11,99€/kg","14,39€ / Unid.",
Pastilha Elástica Canela sem Açúcar,CHICLETS,Emb. 0.017 KG,"0,98€","57,65€ / KG",
Bollycao Clássico 4x57 g,PANRICO,Emb. 0.228 KG,"1,99€","8,73€ / KG",
Alimento P/ Cão Snack Dental Frango,FRISKIES,Emb. 0.2 KG,"2,98€","14,90€ / KG",
Conserva de Feijão Encarnado Cozido com pouco Sal,FERBAR,Lata 0.42 KG,"0,95€","2,26€ / KG",
Massa Cotovelos GR,MILANEZA,Emb. 0.5 KG,"1,19€","2,38€ / KG",
Cloro de Dissolução Rápida,BEAUX JOURS,Emb. 5 KG,"39,99€","8,00€ / KG",
CAPS CAFE COMP C/ DG XL INTENSO - INT10,PLANTATION,,"5,99€",/ Unid.,
Chocolate em pó P/ Leite Saco,NESQUIK,Emb. 1 KG,"4,64€","4,64€ / KG",
CHOCOLATE PRETO 99% CACAU,EQUADOR,Emb. 0.08 KG,"1,39€","17,38€ / KG",
Gin Premium Pink,GORDON'S,Garrafa 0.7 LT,"16,99€","24,27€ / LT",
Conserva de Salsichas Wienerwurst 5 Unid.,NOBRE,Frasco 0.22 KG,"1,94€","8,82€ / KG",
Gentil Lixívia para a Roupa a Cores e Delicada,NEOBLANC,Emb. 2 LT,"5,48€","2,74€ / LT",
Vinho Regional Bairrada Branco,MARQUES DE MARIALVA,Garrafa 0.75 LT,"4,19€","5,59€ / LT",
Creme de Mãos Nutritivo Nourish & Protect,BIOTEN,Emb. 0.1 LT,"2,13€","21,30€ / LT",
Kiwi Gold,,1 Unid. = 0.4 KG  (aprox.),"3,40€/kg","1,36€ / Unid.",
BATATAS PRE-FRITAS PALITOS CURVOS OLEO GIRASSOL,POM'LISSE,Emb. 0.6 KG,"1,49€","2,48€ / KG",
CAPA CARTAO C/ELASTICO 10UN,ECO+,Emb. 10 UNID.,"6,89€","0,69€ / UNID.",
Cápsulas de Chá Marrakesh Style Tea,DOLCE GUSTO,Emb. 16 DOSES,"5,98€","0,37€ / DOSES",
COOKIES C/ MEGA PEPITAS DE CHOCOLATE E AVELAS,P'TIT DÉLI,Emb. 0.184 KG,"1,86€","10,11€ / KG",
"MORCELA FRANCESA ""BOUDIN"" C/ ANTILHAS",TRADILÈGE,Emb. 0.375 KG,"3,09€","8,24€ / KG",
Vinho Branco do Tejo Chardonnay/Arinto,QUINTA DA ALORNA,Emb. 0.75 LT,"6,39€","8,52€ / LT",
Conserva de Feijão Branco Cozido com pouco Sal,FERBAR,Lata 0.42 KG,"0,95€","2,26€ / KG",
Queijo Fatiado 2X200 g,LIMIANO,Emb. 0.4 KG,"5,08€","12,70€ / KG",
Pastilha Elástica Senses Watermelon Sunrise,TRIDENT,Emb. 0.023 KG,"0,94€","40,87€ / KG",
Vinho Verde Branco,ADEGA DE MONÇÃO,Garrafa 0.75 LT,"2,49€","3,32€ / LT",
"Iogurte de Banana, Morango e Tutti Frutti 8x120g",DANONE,Emb. 0.96 KG,"1,98€","2,06€ / KG",
Néctar Light Laranja,JAFADEN,Emb. 1 LT,"0,89€","0,89€ / LT",
Ravioli de Legumes,CÔTÉ TABLE,Emb. 0.8 KG,"1,49€","1,86€ / KG",
Refrigerante de Maça Gaseificado S/ Álcool,GIBUS,Garrafa 0.75 LT,"2,49€","3,32€ / LT",
Whisky The Famous Grouse,FAMOUS GROUSE,Garrafa 0.7 LT,"15,49€","22,13€ / LT",
SOPA CAMPESTRE,REGAL SOUPE,Emb. 0.35 KG,"1,49€","4,26€ / KG",
Cerveja C/ Álcool 24 Unid.,MÍLLBRAU,Emb. 6 LT,"7,49€","1,25€ / LT",
Ice Tea Limão,LIPTON,Emb. 1 LT,"1,29€","1,29€ / LT",
ATUM RAMIREZ AZEITE 120G,RAMIREZ,,"1,19€",/ Unid.,
MINI GELADOS BAUNILHA COBERTOS C/SORVETE F.VERMELHOS/F.EXOTICOS,TRIUM,Emb. 8 UNID.,"2,09€","0,26€ / UNID.",
Strogonoff,KNORR,Emb. 0.033 KG,"1,53€","46,36€ / KG",
Cogumelo Portobello,,Emb. 0.2 KG,"2,09€","10,45€ / KG",
Bolachas de Água e Sal,VIEIRA,Emb. 0.125 KG,"0,94€","7,52€ / KG",
Detergente Loiça Manual Concentrado Limão,CIF,Emb. 0.6 LT,"1,49€","2,48€ / LT",
Novilho Embalado para Estufar,,1 Unid. = 0.5 KG (aprox.),"5,99€/kg","3,00€ / Unid.",
Rúcula Selvagem,,Emb. 0.1 KG,"1,19€","11,90€ / KG",
Patê de Figado de Porco,LA PIARA,Emb. 0.08 KG,"0,96€","12,00€ / KG",
Amaciador para Roupa Revive Lavish Blossom Ultra Concentrado,COMFORT,Emb. 60 DOSES,"3,99€","0,07€ / DOSES",
Iogurte de Morango 4 Unid.,IOGOLINO,Emb. 0.4 KG,"2,88€","7,20€ / KG",
Cera Cabelo,AXE,Emb. 0.13 LT,"4,34€","33,38€ / LT",
GELADO TRIUM MENTA 4UN,TRIUM,Emb. 4 UNID.,"2,46€","0,62€ / UNID.",
Manteiga Magra,MIMOSA,Emb. 0.25 KG,"2,28€","9,12€ / KG",
Donuts Classic 4x50 gr,DONUTS,Emb. 0.2 KG,"2,98€","14,90€ / KG",
Glade Observadores Frescos de Primavera,BRISE,Emb. 0.3 KG,"2,99€","9,97€ / KG",
TIRAS ADERENTES C/DISPENSADOR 24F 4UN,ESQUISSE,Emb. 4 UNID.,"2,09€","0,52€ / UNID.",
Tablete de Chocolate de Leite Superior com Avelãs Inteiras,TABLETTE D'OR,Emb. 0.2 KG,"2,16€","10,80€ / KG",
BOLACHA CEREAIS C/ COB DE CHOCOLATE E AVELA,P'TIT DÉLI,Emb. 0.2 KG,"1,99€","9,95€ / KG",
CABIDE REVESTIDO C/BARRA,SILLAGE,Emb. 4 UNID.,"3,99€","1,00€ / UNID.",
Creme Care Hidratação Intensiva,NIVEA,Emb. 0.2 LT,"4,69€","23,45€ / LT",
Leite C/ Chocolate UHT 4 Unid.,MIMOSA,Emb. 0.8 LT,"1,68€","2,10€ / LT",
Vinho Regional Lisboa Branco Leve,MUNDUS,Garrafa 0.75 LT,"1,69€","2,25€ / LT",
CADERNO ESPIRAL PAUTADO C. PP A4 120F,ESQUISSE,Emb. 1 UNID.,"2,99€","2,99€ / UNID.",
Tostas Integrais Biológicas,,Emb. 0.3 KG,"1,69€","5,63€ / KG",
Azeite Virgem Extra Gourmet,GALLO,Emb. 0.75 LT,"3,89€","5,19€ / LT",
Bálsamo Barba Suave King C,GILLETTE,Emb. 0.1 LT,"7,49€","74,90€ / LT",
Pêssego em Calda,ECO+,Emb. 0.85 KG,"2,11€","2,48€ / KG",
Néctar Clássico Laranja do Algarve 3x20cl,COMPAL,Emb. 0.6 LT,"1,58€","2,63€ / LT",
Pantene Grisalho Radiante & Suave Máscara 160 ml,PANTENE PV,Emb. 0.16 LT,"5,98€","37,38€ / LT",
TARTE DE MACAS CARAMELIZADAS,AUTOUR DU DESSERT,Emb. 0.6 KG,"4,25€","7,08€ / KG",
Alimento P/ Gato Adulto de Frango,PURINA,Emb. 3 KG,"22,98€","7,66€ / KG",
FILETES DE CAVALA C/ MOSTARDA DE DIJON,PÊCHE OCÉAN,Emb. 0.169 KG,"1,80€","10,65€ / KG",
PALITOS COBERTURA CHOCOLATE LEITE S/ GLUTEN,CHAQUE JOUR SANS GLUTEN,Emb. 0.125 KG,"2,29€","18,32€ / KG",
Salsichão Seco Porco,ECO+,Emb. 0.25 KG,"2,26€","9,04€ / KG",
FIAMBRE PERNA EXTRA S/NITRITO 4 FATIAS,TRADILÈGE,Emb. 0.14 KG,"2,39€","17,07€ / KG",
Vinho Tinto,ECO+,Garrafão 5 LT,"4,99€","1,00€ / LT",
Néctar de Laranja,JAFADEN,Emb. 2 LT,"1,59€","0,80€ / LT",
Máscara de Pestanas Preto 001,RIMMEL,Emb. 1 UNID.,"12,48€","12,48€ / UNID.",
Caderno Agrafado Quadriculado C. PP A5 48F,ESQUISSE,Emb. 1 UNID.,"1,34€","1,34€ / UNID.",
Queijo Fatiado Flamengo,LIMIANO,Emb. 0.2 KG,"2,68€","13,40€ / KG",
Detergente Loiça Manual Recarga Espuma Ativa,FAIRY,Emb. 0.375 LT,"2,49€","6,64€ / LT",
MASCARA FACIAL EM TECIDO TONIFICANTE,INELL,Emb. 1 UNID.,"2,12€","2,12€ / UNID.",
Bolachas Tosta Rica Oceanix,CUÉTARA,Emb. 0.16 KG,"2,08€","13,00€ / KG",
Sangria Branca,D. SIMON,Garrafa 1.5 LT,"2,18€","1,45€ / LT",
CALCULADORA 8 DIGITOS,ESQUISSE,Emb. 1 UNID.,"3,99€","3,99€ / UNID.",
ROLO COZINHA COMPACTO MULTIUSOS ECO,UNÍ VERT,Emb. 2 UNID.,"1,67€","0,84€ / UNID.",
Gel Banho Aloe Vera,MANAVA,Emb. 0.75 LT,"1,69€","2,25€ / LT",
Alimento Lácteo Banana e Pera 0% Açúcar Bio +6 Meses,NESTLÉ,Emb. 0.36 KG,"2,98€","8,28€ / KG",
Vela Duo com Fragrância de Maçã,AIRWICK,Emb. 0.105 KG,"5,69€","54,19€ / KG",
Bebida Amêndoa S/ Açúcar,NAT&VIE,Emb. 1 LT,"1,61€","1,61€ / LT",
Queijo de Cabra Sainte Maure,LES CROISÉS,Emb. 0.2 KG,"2,47€","12,35€ / KG",
Chá de Tília,TETLEY,Emb. 10 UNID.,"0,86€","0,09€ / UNID.",
Café Cápsulas Intenso Intensidade 9,PLANTATION,Emb. 10 CAPS.,"1,69€","0,17€ / CAPS.",
Gelatina Light Tropical,ROYAL,Emb. 0.031 KG,"2,08€","67,10€ / KG",
Escova a Pilhas Motion Kids Minion Bateria,COLGATE,Emb. 1 UNID.,"9,48€","9,48€ / UNID.",
Bretzel,,1 Unid. = 0.09 KG,"1,00€","11 111,11€ / KG",
Carapau Grande,,1 Unid. = 0.4 KG (aprox.),"5,99€/kg","2,40€ / Unid.",
DETERGENTE EM PO FRESCURA P/ROUPA 10D,EPSIL,,"1,65€",/ Unid.,
Bife do Acém Redondo Novilho,,1 Unid. = 0.25 KG (aprox.),"14,99€/kg","3,75€ / Unid.",
Entremeada de Novilho,,1 Unid. = 0.2 KG (aprox.),"4,99€/kg","1,00€ / Unid.",
Conserva de Caldeirada,PITEU,Emb. 0.12 KG,"1,89€","15,75€ / KG",
Coentros em Folhas,MARGÃO,Emb. 0.007 KG,"1,78€","254,29€ / KG",
Pá Lixo,SILLAGE,Emb. 1 UNID.,"1,69€","1,69€ / UNID.",
PERA WILLIAMS EM CALDA,DOUCEUR DU VERGER,Emb. 0.225 KG,"1,39€","6,18€ / KG",
Escova P/ Cabelo Oval Pequena,,Emb. 1 UNID.,"3,99€","3,99€ / UNID.",
QUEIJO DE OVELHA,LES CROISÉS,Emb. 0.2 KG,"2,66€","13,30€ / KG",
Vinho Rosé,ECO+,Garrafão 5 LT,"4,99€","1,00€ / LT",
DETERGENTE LIQUIDO CONCENTRADO FLORES ECOLOGICO RECARGA 30D,UNÍ VERT,,"3,69€",/ Unid.,
Anis Estrelado,MARGÃO,Emb. 0.025 KG,"3,28€","131,20€ / KG",
COPPA FATIAS FINISSIMAS,ST AZAY,Emb. 0.1 KG,"2,66€","26,60€ / KG",
Pantene 3 Minute Miracle Repara & Protege,PANTENE PV,Emb. 0.2 LT,"5,98€","29,90€ / LT",
Paté de Atum,PÊCHE OCÉAN,Emb. 0.065 KG,"0,55€","8,46€ / KG",
DENTIFRICO MENTA BIO,BIONAÏA,Emb. 0 LT,"1,75€",inf€ / LT,
Tablete de Chocolate e Leite C/ Cereais Crocantes,CRUNCH,Emb. 0.1 KG,"1,98€","19,80€ / KG",
Máscaras Liso Keratina,TRESEMMÉ,Emb. 0.3 LT,"5,39€","17,97€ / LT",
Alimento Seco P/ Cão Frango C/ Arroz,PURINA,Emb. 1.5 KG,"8,64€","5,76€ / KG",
Sobremesa Panna Cotta Caramelo 4x90g,DÉLISSE,Emb. 0.36 KG,"1,99€","5,53€ / KG",
Cevada Solúvel,PLANTATION,Frasco 0.2 KG,"1,69€","8,45€ / KG",
Carne Porco Salgada C/ Lentilhas,CÔTÉ TABLE,Lata 0.84 KG,"2,99€","3,56€ / KG",
Pizza Margarita na Pedra 3X300G,ECO+,Emb. 0.9 KG,"3,79€","4,21€ / KG",
Mini Cookies com Pepitas de Chocolate 0% Açúcar,ARTIACH,Emb. 0.12 KG,"2,08€","17,33€ / KG",
Bolachas com Cobertura Chocolate Preto,P'TIT DÉLI,Emb. 0.2 KG,"1,21€","6,05€ / KG",
Pensos para calos,HANSAPLAST,Emb. 8 UNID.,"3,58€","0,45€ / UNID.",
VELA NUMERO FUN 7,ARDENCE,Emb. 1 UNID.,"0,69€","0,69€ / UNID.",
Creme Hidratante Caixa Grande,NIVEA,Emb. 0.15 LT,"4,29€","28,60€ / LT",
Alimento Húmido P/ Gato Carne de Vaca e Tomate,GOURMET GOLD,Emb. 0.085 KG,"0,74€","8,71€ / KG",
LAVA TUDO PINHO,CLAIR,Emb. 1.5 LT,"1,56€","1,04€ / LT",
Tomate Cacho,,1 Unid. = 0.2 KG (aprox.),"2,99€/kg","0,60€ / Unid.",
Sumo Fruta Tropical,JAFUN,Emb. 6 UNID.,"1,69€","0,28€ / UNID.",
Paio Extra Porco Preto,SNR,Emb. 0.3 KG,"5,89€","19,63€ / KG",
Sal Refinado Mesa,VATEL,Emb. 0.25 KG,"0,39€","1,56€ / KG",
PIMENTO VERM./VERDE,NOTRE JARDIN,Emb. 0.6 KG,"1,53€","2,55€ / KG",
Mel Top Down,NID D'ABEILLE,Emb. 0.5 KG,"3,47€","6,94€ / KG",
MASCARA REPARADORA 300ML,VITANOVE,Emb. 0.3 LT,"2,40€","8,00€ / LT",
Queijo Saint Albray,SAINT ALBRAY,1 Unid. = 0.25 KG (aprox.),"23,99€/kg","6,00€ / Unid.",
Vinagre Balsâmico de Modena,,Garrafa 0.05 LT,"2,40€","48,00€ / LT",
CHAMPO + DUCHE ENERGIZANTE PARA HOMEM,CARRÉ HOMME,Emb. 0.25,"1,54€","6,16€ /",
Gelado Pistachio,ESKISS,Emb. 1 LT,"2,69€","2,69€ / LT",
Champanhe Meio Seco,POL CARSON,Garrafa 0.75 LT,"17,29€","23,05€ / LT",
FOLHA DE ALUMINIO 25 M,,,"6,48€",/ Unid.,
Iogurte Líquido Morango Banana,YOCO,Emb. 0.54 KG,"2,29€","4,24€ / KG",
Delícias com Forma de Lagosta Ultracongelado,PESCANOVA,Emb. 0.255 KG,"2,98€","11,69€ / KG",
Biscoitos de Cacau com Tablete de Chocolate Preto e Branco,P'TIT DÉLI,Emb. 0.115 KG,"1,30€","11,30€ / KG",
Alimento Seco P/ Cão Júnior,PURINA FRISKIES,Emb. 3 KG,"11,68€","3,89€ / KG",
Café Cápsulas Máximo Intensidade 10,PLANTATION,Emb. 10 CAPS.,"1,69€","0,17€ / CAPS.",
Cereais de Mel,ESTRELITAS,Emb. 0.55 KG,"3,14€","5,71€ / KG",
Vinho Regional Douro Tinto,PORCA DE MURÇA,Garrafa 0.75 LT,"3,49€","4,65€ / LT",
Chá de Cidreira Mel 20 Saquetas,LIPTON,Emb. 20 SAQ.,"1,94€","0,10€ / SAQ.",
Penso Incontinência Discreet Extra,AUSONIA,Emb. 20 UNID.,"5,18€","0,26€ / UNID.",
Queijo Fundido 24 Porções,ECO+,Emb. 0.4 KG,"2,66€","6,65€ / KG",
Iogurte de Aromas Les Zaros 16x125g,DÉLISSE,Emb. 2 KG,"2,75€","1,38€ / KG",
Vinho Regional Bairrada Tinto,MARQUES DE MARIALVA,Garrafa 0.75 LT,"7,49€","9,99€ / LT",
VELA NUMERO FUN 0,ARDENCE,Emb. 1 UNID.,"0,69€","0,69€ / UNID.",
Detergente Loiça Manual Concentrado Limão,CIF,Emb. 1 LT,"1,99€","1,99€ / LT",
Sabonete Delicado Care 4 unid.,PALMOLIVE,Emb. 0.09 KG,"3,45€","38,33€ / KG",
Sumo Laranja S/ Adição Açúcar 6 Unid.,JAFADEN,Emb. 1.2 ML,"1,69€","1,41€ / ML",
Gelo em Cubos,,Emb. 2 KG,"1,29€","0,65€ / KG",
Conserva de Feijão Branco da Horta,COMPAL,Lata 0.845 KG,"1,59€","1,88€ / KG",
Iogurte Sólido Magro Amora Framboesa 4 Unid.,LONGA VIDA,Emb. 0.12 KG,"2,09€","17,42€ / KG",
Queijo Amanteigado Fatiado,PAIVA,Emb. 0.18 Kg,"2,18€","12,11€ / Kg",
BALDE OVAL,SILLAGE,Emb. 1 UNID.,"3,49€","3,49€ / UNID.",
Água sem Gás 6x50cl,LUSO,Emb. 3 LT,"2,59€","0,86€ / LT",
ARMBAND PARA TELEMOVEL,WOODSUN,Emb. 1 UNID.,"9,99€","9,99€ / UNID.",
Gelado Coco,TRIUM,Emb. 4 UNID.,"2,25€","0,56€ / UNID.",
BARRA CEREAIS FIGO,GRAINEA,Emb. 0.126 KG,"1,15€","9,13€ / KG",
Cereais de Chocolate e Chocolate Branco,CHOCAPIC,Emb. 0.4 KG,"2,92€","7,30€ / KG",
Barras de Cereais de Chocolate C/ Leite 6 Unid.,NESQUIK,Emb. 0.15 KG,"3,28€","21,87€ / KG",
Esparguete s/glúten,CHAQUE JOUR SANS GLUTEN,Emb. 0.4 KG,"1,29€","3,23€ / KG",
MINI SNACKS CARNE VACA P/ GATO 60G LYCAT,TOUS MES AMIS,Emb. 0.06 KG,"0,79€","13,17€ / KG",
Salsichão Seco de Porco Superior,ST AZAY,Emb. 0.25 KG,"3,57€","14,28€ / KG",
TRINCA DE ARROZ 1KG,LYDOG,Emb. 1 KG,"0,79€","0,79€ / KG",
Cheetos Rolitos,CHEETOS,Emb. 0.1 KG,"1,64€","16,40€ / KG",
Alimento Seco P/ Gato de Salmão,PURINA,Emb. 1.5 KG,"11,98€","7,99€ / KG",
Dentífrico Pro-Esmalte Júnior Menta Suave,SENSODYNE,Emb. 0.05 LT,"3,79€","75,80€ / LT",
Desodorizante Spray Peles Sensíveis,MANAVA,Emb. 0.2 LT,"1,19€","5,95€ / LT",
Coloração Preto Azulado 210 sem Amoníaco,CASTING,Emb. 1 UNID.,"9,98€","9,98€ / UNID.",
QUEIJO BRIE BIO,,Emb. 0.18 KG,"2,49€","13,83€ / KG",
Queijo Fresco Meio Gordo,SANTIAGO,Emb. 0.08 KG,"0,78€","9,75€ / KG",
LAVA TUDO BOSQUE,CLAIR,Emb. 2 LT,"0,89€","0,45€ / LT",
Guardanapos Branco Pequenos Folha Dupla,GUARDANAPOS RENOVA,Emb. 90 UNID.,"1,24€","0,01€ / UNID.",
Ananás em Calda,FRUÍSTAR,Emb. 0.825 KG,"2,08€","2,52€ / KG",
Bebida Solúvel de Cereais C/ Café,MOKAMBO,Emb. 0.2 KG,"4,48€","22,40€ / KG",
Cerveja com Álcool 24x33cl,SAGRES,Emb. 7.92 LT,"18,29€","2,31€ / LT",
Limpeza Paredes Piscina Desincrustante,BEAUX JOURS,Emb. 5 LT,"19,89€","3,98€ / LT",
Creme Nutritivo de Dia FP 30 Pele Seca e Sensível,NIVEA,Emb. 0.05 LT,"8,99€","179,80€ / LT",
Queijo Flamengo Fatiado,AGROS,Emb. 0.2 KG,"2,18€","10,90€ / KG",
MISTURA PARA PASSAROS,ECO+,Emb. 3 KG,"2,99€","1,00€ / KG",
BATERIA Nº 11 44/420 44/420 TECH9,TECH9,Emb. 1 UNID.,"54,99€","54,99€ / UNID.",
Bolachas Original Family Format,OREO,Emb. 0.44 KG,"3,98€","9,05€ / KG",
Açafrão das Índias,MARGÃO,Emb. 0.037 KG,"2,18€","58,92€ / KG",
Limpeza Reparador Original,SONASOL,Emb. 1.3 LT,"2,09€","1,61€ / LT",
Café Clássico,PLANTATION,Emb. 48 PAST.,"4,95€","0,10€ / PAST.",
Tagliatelles à L'ancienne Biológicas,,Emb. 0.25 KG,"1,59€","6,36€ / KG",
CARIL SAQUETA,RUSTICA,Emb. 0.05 KG,"0,59€","11,80€ / KG",
"AGUA FRIZE,,6x25CL",FRIZE,,"2,68€",/ Unid.,
Alimento Seco P/ Gato Adulto C/ Digestão Sensível,PURINA ONE,Emb. 0.8 KG,"6,98€","8,73€ / KG",
FIO DENTARIO COM FLUOR E MENTOL,DENTAMYL,Emb. 50 M,"1,29€","0,03€ / M",
Preparado Creme de Cenoura e Abóbora,,Emb. 0.6 KG,"1,99€","3,32€ / KG",
CREME DE OVOS SABOR COCO,DÉLISSE,Emb. 0.4 KG,"2,39€","5,98€ / KG",
Detergente Máquina Roupa Líquido Sensitive,SKIP,Emb. 100 DOSES,"19,99€","0,20€ / DOSES",
Panados de Peru Cordons Bleus 8x100g Ultracongelados,ECO+,Emb. 0.8 KG,"3,99€","4,99€ / KG",
Maionese Verdadeira,HELLMANN'S,Emb. 0.208 KG,"5,33€","25,63€ / KG",
Paio do Lombo,CHARCUTARIA,1 Unid. = 0.1 KG (aprox.),"11,99€/kg","1,20€ / Unid.",
Farinha De Trigo Espiga T55,ESPIGA,Emb. 1 KG,"1,14€","1,14€ / KG",
Dentífrico Dentes Leite,AQUAFRESH,Emb. 0.05 LT,"2,52€","50,40€ / LT",
Snack Fruut Maçã Verde Intenso S/ Açúcar 60g,,Emb. 0.06 KG,"1,98€","33,00€ / KG",
Crackers Integrais,EPI D'OR,Emb. 0.5 KG,"1,59€","3,18€ / KG",
Pastilhas Elásticas sem Açúcar Sabor Menta Verde 70Unid.,NEW'R,Emb. 0.102 KG,"1,80€","17,65€ / KG",
CABIDE MADEIRA C/BARRA 4UN,SILLAGE,Emb. 4 UNID.,"3,99€","1,00€ / UNID.",
Molho Vinagrete com Ervas Aromáticas,RUSTICA,Emb. 0.5 LT,"1,17€","2,34€ / LT",
Gel de Banho Naturals Oliva e Leite,PALMOLIVE,Emb. 0.5 LT,"2,69€","5,38€ / LT",
Sacos do Lixo Ultra Resistentes com Atilhos 100L,ELEMBAL,,"2,59€",/ Unid.,
Condicionador Purify & Hidrate,,Emb. 0.4 LT,"4,19€","10,48€ / LT",
Alimento Seco P/ Cão Adulto,FRISKIES,Emb. 1.5 KG,"4,49€","2,99€ / KG",
Alimento Seco P/ Gato Vaca e Frango,PURINA FRISKIES,Emb. 2 KG,"7,98€","3,99€ / KG",
RECARGA P/ SABONETE LIQUIDO FLORAL 750ML,ECO+,Emb. 0.75 LT,"1,10€","1,47€ / LT",
Leite Bem Especial 0% de Lactose Meio Gordo,MIMOSA,Emb. 1 LT,"1,28€","1,28€ / LT",
Penso Incontinência Discreet Micro,AUSONIA,Emb. 28 UNID.,"3,98€","0,14€ / UNID.",
Cillit Bang Lixívia & Higiene 500ML x12,CILLIT BANG,Emb. 0.5 LT,"2,24€","4,48€ / LT",
Sacos Lixo para Casa de Banho 30x10L,ECO+,Emb. 30 UNID.,"0,99€","0,03€ / UNID.",
CANETA VARIAS CORES 1MM,ESQUISSE,Emb. 10 UNID.,"2,45€","0,25€ / UNID.",
RECARGA MOPA MICROFIBRAS ABRASIVO,SILLAGE,Emb. 1 UNID.,"2,99€","2,99€ / UNID.",
"Bolachas gérmen de Trigo, Soja e Figo",NAT&VIE,Emb. 0.2 KG,"1,79€","8,95€ / KG",
Gin Gordon´s,GORDON'S,Garrafa 0.7 LT,"14,99€","21,41€ / LT",
Manteiga Magra sem Sal,LES CROISÉS,Emb. 0.25 KG,"1,49€","5,96€ / KG",
Vinho Regional Alentejo Tinto,MONSARAZ,Garrafa 0.75 LT,"2,99€","3,99€ / LT",
BRIOCHE FATIADO C/CHOCOLATE,EPI D'OR,Emb. 0.5 KG,"2,97€","5,94€ / KG",
ALIMENTO HUMIDO FRANGO / LEGUMES COMPLETO 1200KG,TOUS MES AMIS,Emb. 1 KG,"2,06€","2,06€ / KG",
Vinho Verde Branco,DEU LA DEU,Garrafa 0.75 LT,"5,99€","7,99€ / LT",
Chá de Tília,,Emb. 25 SAQ.,"0,99€","0,04€ / SAQ.",
Papa Infantil 8 Cereais e Mel,NESTLÉ,Emb. 0.25 KG,"1,79€","7,16€ / KG",
Alimento Húmido P/ Gato Gold Mousse C/ Frango,GOURMET,Emb. 0.085 KG,"0,74€","8,71€ / KG",
Chá de Camomila,LIPTON,Emb. 10 SAQ.,"0,69€","0,07€ / SAQ.",
CRACKERS MINI PIZZA,TOKAPI,Emb. 0.085 KG,"1,02€","12,00€ / KG",
Mistura de Frutos Secos Torrados com Sal,TOKAPI,Emb. 0.12 KG,"1,79€","14,92€ / KG",
Cereais Granola de Aveia C/ Arandos e Sementes de Abóbora,FITNESS,Emb. 0.3 KG,"2,79€","9,30€ / KG",
TAPETE ANTI-DERRAPANTE WC TRANSPARENTE 52X52,SILLAGE,Emb. 1 UNID.,"5,99€","5,99€ / UNID.",
Sumo 100% Ananás Biológico,,Emb. 1 LT,"2,99€","2,99€ / LT",
Aguardente Vínica Velha,DORRÃO,Garrafa 0.7 LT,"11,99€","17,13€ / LT",
Lixívia Perfumada,NEOBLANC,Emb. 4 LT,"3,34€","0,84€ / LT",
Sobremesa Láctea Natural,IOGOLINO,Emb. 4 UNID.,"2,88€","0,72€ / UNID.",
Creme de Mãos Godness,DOVE,Emb. 0.075 LT,"2,99€","39,87€ / LT",
FITA ADESIVA DE PINTOR 50MX,ECO+,Emb. 2 UNID.,"3,16€","1,58€ / UNID.",
After Shave Dark Temptation,AXE,Emb. 0.1 LT,"6,98€","69,80€ / LT",
Champô Total Repair 5,ELVIVE,Emb. 0.25 LT,"3,98€","15,92€ / LT",
"PORCOES PESCADA ""COLIN ALASCA"" 10UN",ECO+,Emb. 1 KG,"6,49€","6,49€ / KG",
Conjunto de Pintar 4 Peças,ECO+,Emb. 4 UNID.,"5,09€","1,27€ / UNID.",
ESCOVA DENTES CABECA RECARREGAVEL,DENTAMYL,,"1,25€",/ Unid.,
Sorvete Cassis C/ Pedaços,ESKISS,Emb. 1 LT,"2,69€","2,69€ / LT",
Farinha de Trigo Branca,TABLIER BLANC,Emb. 1 KG,"0,76€","0,76€ / KG",
Papa Infantil Aveia Manga e Banana,CERELAC,Emb. 0.25 KG,"2,49€","9,96€ / KG",
Água Micelar Tudo em 1,GARNIER,Emb. 0.4 LT,"6,88€","17,20€ / LT",
Ambientador Aerossol  Essências Baunilha 6 em 1,AIR WICK,Spray 0.24 LT,"1,79€","7,46€ / LT",
Xarope de Laranja,FRUCCI,Emb. 0.75 LT,"3,89€","5,19€ / LT",
Conserva De Feijão Vermelho em Conserva 425g,NOTRE JARDIN,Lata 0.425 KG,"0,71€","1,67€ / KG",
Tablete de chocolate Choco Chips Ahoy,MILKA,Emb. 0.1 KG,"1,69€","16,90€ / KG",
Fiambre da Perna Extra,NOBRE,1 Unid. = 0.11 KG (aprox.),"12,79€/kg","1,41€ / Unid.",
Tiras P/ Coelhos Legumes,TOUS MES AMIS,Emb. 0.11 KG,"1,49€","13,55€ / KG",
Saquetas Iogurte Morango,DANONE,Emb. 0.28 KG,"1,99€","7,11€ / KG",
Iogurte Soja Natural 6 Unid.,NAT&VIE,Emb. 0.6 KG,"1,49€","2,48€ / KG",
DENTAMYL PLANTAS,DENTAMYL,Emb. 0.075 LT,"0,79€","10,53€ / LT",
LOMBO PORCO CURADO FATIAS,ST AZAY,Emb. 0.1 KG,"2,68€","26,80€ / KG",
Bacalhau Graúdo Noruega Asa Preta,,1 Unid. = 2.5 KG,"13,99€/kg","34,98€ / Unid.",
Farfalle,TRADIZIONI D'ITALIA,Emb. 0.5 KG,"1,52€","3,04€ / KG",
Conserva de Salsichas 6 Unid. FrankFurt,CÔTÉ TABLE,Lata 0.12 KG,"0,59€","4,92€ / KG",
RISOTTO FRANGO E COGUMELOS,CÔTÉ TABLE,Emb. 0.28 KG,"2,75€","9,82€ / KG",
PRATO + NAPERON 28CM,,Emb. 1 UNID.,"0,69€","0,69€ / UNID.",
Concentrado Laranja,SUNQUICK,Garrafa 0.7 LT,"5,29€","7,56€ / LT",
Fiambre da Perna Extra Finíssimos,NOBRE,Emb. 0.12 KG,"3,22€","26,83€ / KG",
COCKTAIL AZEITONAS E TREMOCOS,TOKAPI,Emb. 0.2 KG,"1,32€","6,60€ / KG",
DESODORIZANTE SPRAY ICE BOOST MEN 100ML COMPACT,CARRÉ HOMME,Emb. 0.1 LT,"1,33€","13,30€ / LT",
Papel Higiénico Branco,MARQUE REPERE,Emb. 12 UNID.,"5,79€","0,48€ / UNID.",
Refrigerante C/ Gás Vidro Pack 4,COCA COLA,Emb. 0.08 LT,"2,91€","36,38€ / LT",
Bebida de Soja Choco 3x200ML,SHOYCE,Emb. 0.6 LT,"1,78€","2,97€ / LT",
Bollycao Clássico 2x57 g,BOLLYCAO,Emb. 0.114 KG,"1,00€","8,77€ / KG",
Sopa Creme de Lagosta,KNORR,Emb. 0.061 KG,"1,49€","24,43€ / KG",
Lava Tudo Multisuperficies Lavanda,CIF,Emb. 1.4 LT,"1,99€","1,42€ / LT",
TOSTAS DE TRIGO INTEGRAL,EPI D'OR,Emb. 0.5 KG,"1,49€","2,98€ / KG",
Espargos Verdes,,Emb. 0.25 KG,"2,99€","11,96€ / KG",
OREGAOS FOLHAS SAQUETA,RUSTICA,Emb. 0.08 KG,"0,28€","3,50€ / KG",
SORVETE LIMA C/PEDACOS,ESKISS,Emb. 1 LT,"2,30€","2,30€ / LT",
Neoblanc Gentil Higiene Lixívia,NEO BLANC,Emb. 2 LT,"6,48€","3,24€ / LT",
BORRACHA + AFIA C/DEPOSITO,ESQUISSE,Emb. 1 UNID.,"0,89€","0,89€ / UNID.",
Sumo Refrigerado Morango,SUNNY DELIGHT,Emb. 0.31 Lt,"0,78€","2,52€ / Lt",
Alimento Húmido P/ Gato Completo Geleia Carne 390g,LYCAT,Emb. 4 UNID.,"4,26€","1,07€ / UNID.",
Vinho Regional Alentejo Branco,MONSARAZ,Garrafa 0.75 LT,"2,99€","3,99€ / LT",
Lichias em Calda,DOUCEUR DU VERGER,Emb. 0.565 KG,"2,95€","5,22€ / KG",
COBERTURA TABUA DE ENGOMAR 122x45,ECO+,Emb. 1 UNID.,"4,99€","4,99€ / UNID.",
Costeletas de Vitelão,,1 Unid. = 0.2 KG (aprox.),"9,99€/kg","2,00€ / Unid.",
PASTEIS DE NATA 6UN,CÔTÉ TABLE,Emb. 6 UNID.,"2,34€","0,39€ / UNID.",
Barra Bueno Recheio Leite Avelãs Cobertura Chocolate 2 Unid.,KINDER,Emb. 0.043 KG,"1,08€","25,12€ / KG",
Filete Primavera com Alho e Ervas Aromáticas 2 Unid.,IGLO,Emb. 0.225 KG,"3,99€","17,73€ / KG",
MOLHO TIKKA MASSALA,TABLES DU MONDE,Emb. 0.35 KG,"2,09€","5,97€ / KG",
Bebida Energética Energy Drink,RED BULL,Lata 0.25 LT,"1,38€","5,52€ / LT",
ENVELOPE SILICONE 114X162MM 100UN,ECO+,Emb. 100 UNID.,"1,96€","0,02€ / UNID.",
Cadeado C/ Chave 35Mm,FOXTER,Emb. 1 UNID.,"2,59€","2,59€ / UNID.",
Desodorizante Spray Sport Cool,REXONA,Emb. 0.15 LT,"2,54€","16,93€ / LT",
Miolo Noz Pedaços,MARQUE REPERE,Emb. 0.2 KG,"2,59€","12,95€ / KG",
Creme de Cabra,PRÉSIDENT,Emb. 0.125 LT,"2,45€","19,60€ / LT",
Alimento Seco P/ Gato Júnior Frango Leite,PURINA FRISKIES,Emb. 0.4 KG,"2,18€","5,45€ / KG",
BLOCO 3 TOMADAS 10/16A,ECO+,Emb. 1 UNID.,"2,99€","2,99€ / UNID.",
Detergente Líquido Máquina Roupa,GAMA,Emb. 100 DOSES,"9,99€","0,10€ / DOSES",
Molho Cocktail Salsa,HEINZ,Emb. 0.22 KG,"2,38€","10,82€ / KG",
PORTFOLIO A4 40 BOLSAS,ESQUISSE,Emb. 1 UNID.,"2,49€","2,49€ / UNID.",
Farinha Rainha Especial P/ Bolos,NACIONAL,Emb. 1 KG,"1,23€","1,23€ / KG",
MARCADORES COLORIR LAVAVEL PONTA MEDIA 36UN,ESQUISSE,Emb. 36 UNID.,"5,99€","0,17€ / UNID.",
Fita Adesiva Reparação Pvc 20Metrosx50Mm,FOXTER,Emb. 1 UNID.,"3,99€","3,99€ / UNID.",
"AQUAFRESH INTENSE CLEAN,,2x75ML",AQUAFRESH,,"3,99€",/ Unid.,
"KINDER BUENO CLASSICO, T2X4",KINDER BUENO,Emb. 0.172 KG,"2,44€","14,19€ / KG",
TERRA MUDANCA VASO BIO 20L,BEAUX JOURS,Emb. 20 LT,"2,99€","0,15€ / LT",
PALMIERS DU BOIS ROCHE 150G,DU BOIS DE LA ROCHE,Emb. 0.15 KG,"1,48€","9,87€ / KG",
CARREGADOR +2 PILHAS R03 AAA850MAH,FOXTER,Emb. 1 UNID.,"11,99€","11,99€ / UNID.",
Champô Leite de Coco,HERBAL ESSENCES,Emb. 0.4 LT,"3,99€","9,98€ / LT",
Snack P/ Gato de Frango,DENTALIFE,Emb. 0.04 KG,"1,98€","49,50€ / KG",
Johnson's Baby Gold Champô,JOHNSON'S BABY,Emb. 0.5 LT,"5,59€","11,18€ / LT",
Caldo de Galinha,KNORR,Emb. 0.252 KG,"2,39€","9,48€ / KG",
Pêra Nashi Cal. 45+,,1 Unid. = 0.2 KG (aprox.),"4,99€/kg","1,00€ / Unid.",
Pantene Anticaspa Champô,PANTENE PV,Emb. 0.25 LT,"3,98€","15,92€ / LT",
Cerveja Amber Lager 4x33cl,CORUJA,Emb. 1.32 L,"3,29€","2,49€ / L",
Lasanha à Bolonhesa Ultracongelado,CÔTÉ TABLE,Emb. 1 KG,"4,10€","4,10€ / KG",
Tablete de Chocolate Preto com Pedaços de Amêndoas Torradas Biológico,,Emb. 0.1 KG,"1,99€","19,90€ / KG",
Néctar Clássico Tutti Frutti 3x20 cl,COMPAL,Emb. 0.6 LT,"1,48€","2,47€ / LT",
Desodorizante Roll On Talc Soft,DOVE,Emb. 0.05 LT,"2,69€","53,80€ / LT",
Vinagre de Vinho Branco,RUSTICA,Garrafa 0.5 LT,"0,49€","0,98€ / LT",
Iogurte Líquido Natural 0% 6 Unid.,ACTIMEL,Emb. 0.6 KG,"2,59€","4,32€ / KG",
Luvas Universais M,VILEDA,Emb. 1 UNID.,"1,98€","1,98€ / UNID.",
Fio Dentário Expansivo Sabor Menta,SENSODYNE,Emb. 1 P,"3,48€","3,48€ / P",
VASSOURA SORGO,SILLAGE,Emb. 1 UNID.,"6,49€","6,49€ / UNID.",
Loção Spray Cocoa Radiante,VASELINE,Emb. 0.19 LT,"3,59€","18,89€ / LT",
Alimento Húmido P/ Gato Gold Mousse Peixe,GOURMET GOLD,,"0,74€",/ Unid.,
Macedonia de 4 Legumes,,Emb. 0.4 KG,"0,65€","1,63€ / KG",
Alimento Húmido Gato Carne de Vaca,TOUS MES AMIS,Emb. 0.1 KG,"0,79€","7,90€ / KG",
CANETA CORRETORA,ESQUISSE,Emb. 1 UNID.,"1,79€","1,79€ / UNID.",
Alimento Seco P/ Gatos Interior Frango,PURINA FRISKIES,Emb. 3 KG,"12,98€","4,33€ / KG",
Cereais Zero Flocos de Milho,NACIONAL,Emb. 0.375 KG,"1,74€","4,64€ / KG",
FUSILLI A CARBONARA,COTE SNACK,Emb. 0.3 KG,"2,24€","7,47€ / KG",
MINI SNACKS BOUCH POUL FROM 60,TOUS MES AMIS,Emb. 0.06 KG,"0,79€","13,17€ / KG",
Amaciador concentrado rosa e rosmaninho,SURF,Emb. 90 DOSES,"3,49€","0,04€ / DOSES",
Molho de Tomate com Azeitonas e Manjericão,TURINI,Emb. 0.42 KG,"1,32€","3,14€ / KG",
MACEDONIA LEGUMES COZIDOS,NOTRE JARDIN,Emb. 1 KG,"1,59€","1,59€ / KG",
Glade Automatic Spray Recarga Relax Zen,GLADE,Emb. 0.269 LT,"3,59€","13,35€ / LT",
Cerveja com Álcool 6x33cl,CRISTAL,Emb. 1.98 LT,"2,89€","1,46€ / LT",
Infusão de Canela e Maça,LIPTON,Emb. 0.044 KG,"1,94€","44,09€ / KG",
Lombo de Coelho,,1 Unid. = 0.4 KG (aprox.),"5,59€/kg","2,24€ / Unid.",
Iogurte Grego Natural 4 Unid.,YAOS,Emb. 0.44,"2,29€","5,20€ /",
Queijo Curado Amanteigado o Sabor Português,LES CROISÉS,1 Unid. = 1 KG (aprox.),"8,99€/kg","8,99€ / Unid.",
Champô Color Revitalizante,TRESEMMÉ,Emb. 0.9 LT,"6,59€","7,32€ / LT",
BEBIDA SOJA FRUTOS VERMELHOS 3x250ML,ALPRO,Emb. 0.75 LT,"1,79€","2,39€ / LT",
"ATUM FILET MANJERICÃO&TOMATE SECO, 120G",TENÓRIO,Emb. 0.12 KG,"2,29€","19,08€ / KG",
Ketchup Heinz Top Down 220 Ml,HEINZ,Emb. 0.22 LT,"2,28€","10,36€ / LT",
Massa Cotovelinhos,ECO+,Emb. 0.5 KG,"0,65€","1,30€ / KG",
BOLACHAS PEQUENO ALMOCO CHOCOLATE,P'TIT DÉLI,Emb. 0.6 KG,"2,98€","4,97€ / KG",
Farinha Láctea,MOTS D'ENFANTS,Emb. 1 KG,"4,40€","4,40€ / KG",
Molho Béchamel,RUSTICA,Emb. 0.5 LT,"1,62€","3,24€ / LT",
Pantene Protect & Style Laca 300ml,PANTENE PV,Emb. 0.3 LT,"3,74€","12,47€ / LT",
Gel Sanitário Anti-calcário,HARPIC,Emb. 0.75 LT,"1,94€","2,59€ / LT",
SALMAO C/ MOLHO DE AZEDAS,CÔTÉ TABLE,Emb. 0.3 KG,"2,99€","9,97€ / KG",
SPRAY LIMPA TABLIER 1 L 1L TECH9,TECH9,Emb. 1 LT,"3,19€","3,19€ / LT",
Queijo Camembert,ECO+,Emb. 0.25 KG,"1,89€","7,56€ / KG",
"Mini Gelados de Chocolate Classic, Amêndoa e Branco Pack 10",MAGNUM,Emb. 0.55 LT,"7,48€","13,60€ / LT",
Cabo Universal,,Emb. 1 UNID.,"2,49€","2,49€ / UNID.",
Pente de Cabelo,,Emb. 1 UNID.,"1,03€","1,03€ / UNID.",
TREMOCOS EXTRA EM FRASCO 13/15,RUSTICA,Emb. 0.37,"1,55€","4,19€ /",
Pantene Caracóis Perfeitos Champô 3 Em 1,PANTENE,Emb. 0.3 LT,"4,98€","16,60€ / LT",
Gel Anti-Calcário Hygiene Elimina Bactérias,CALGON,Emb. 1.5 LT,"12,74€","8,49€ / LT",
MOLHO SOJA DOCE,TABLES DU MONDE,Emb. 0.125 LT,"1,09€","8,72€ / LT",
Fraldas Incontinência com Elásticos Médio,LINDOR,Emb. 20 UNID.,"12,48€","0,62€ / UNID.",
Feijão Catarino Seco,NOTRE JARDIN,Emb. 0.5 KG,"1,14€","2,28€ / KG",
Vinho Regional Bairrada Tinto,MARQUES DE MARIALVA,Garrafa 0.75 LT,"4,19€","5,59€ / LT",
Galetes Arroz Biológicas,,Emb. 0.13 KG,"0,99€","7,62€ / KG",
Leite Bem Essencial UHT Gordo,MIMOSA,Emb. 1 LT,"1,13€","1,13€ / LT",
Desodorizante Spray Jasmim Bio,BIONAÏA,Emb. 0.1 LT,"1,83€","18,30€ / LT",
ARROZ REDONDO ESPECIAL RISOTTO,COMPTOÍR DU GRAIN,Emb. 0.5 KG,"1,20€","2,40€ / KG",
Conserva Cogumelos Inteiros,NOTRE JARDIN,Emb. 0.355 KG,"1,29€","3,63€ / KG",
Cerveja com Álcool 20x25cl,SUPER BOCK,Emb. 5 LT,"9,49€","1,90€ / LT",
STICKS RICOS BOVINO P / CAO 3UN,TOUS MES AMIS,,"0,79€",/ Unid.,
Bolachas Recheadas Chocolate Biológicas,,Emb. 0.185 KG,"2,59€","14,00€ / KG",
TOMATE CONCENTRADO BISNAGA BIO,,Emb. 0.2 KG,"1,49€","7,45€ / KG",
Amaciador Concentrado Frescura 3 Unid.,HYPERDOU,Emb. 0.25 LT,"1,85€","7,40€ / LT",
Fermento em Pó 6Unid.,TABLIER BLANC,Emb. 0.066 KG,"1,29€","19,55€ / KG",
Crepes de Chocolate 8x32g,P'TIT DÉLI,Emb. 0.256 KG,"1,99€","7,77€ / KG",
Queijo Fatiado Flamengo,TERRA NOSTRA,Emb. 0.2 KG,"2,19€","10,95€ / KG",
Condicionador Express para Pontas Espigadas em Spray,GLISS,Emb. 0.2 LT,"3,24€","16,20€ / LT",
Gomas Sabor a Frutos,HARIBO,Emb. 0.1 KG,"1,08€","10,80€ / KG",
Colheres Madeira Biodegradável,HOMESIDE,Emb. 10 UNID.,"0,99€","0,10€ / UNID.",
Pevides de Girassol C/ Casca C/ Sal,MARQUE REPERE,Emb. 0.2 KG,"1,59€","7,95€ / KG",
CHAMPO FORTIFICANTE CABELOS NORMAIS 250ML,CARRÉ HOMME,Emb. 0.25 LT,"1,58€","6,32€ / LT",
MASSA ADESIVA 2X80UN,ESQUISSE,Emb. 2 UNID.,"1,99€","1,00€ / UNID.",
Conserva de Azeitona Verde Gordal,RUSTICA,Emb. 0.5 KG,"2,29€","4,58€ / KG",
Bacalhau Posta,,Emb. 0.75 KG,"10,99€","14,65€ / KG",
QUEIJO FRESCO COTTAGE,MATINAL,Emb. 0.18 KG,"1,88€","10,44€ / KG",
Batatas Fritas Light,LAY'S,Emb. 0.14 KG,"1,88€","13,43€ / KG",
Conserva de Feijão Branco Cozido,NOTRE JARDIN,Lata 0.85 KG,"0,99€","1,16€ / KG",
Pão Tostado Integral,EPI D'OR,Emb. 0.2 KG,"0,84€","4,20€ / KG",
Bebida Energética Ultra White Energy Zero Açúcar,MONSTER ENERGY,Emb. 0.05 LT,"1,20€","24,00€ / LT",
Vinho Regional Dão Seleção Branco,CABRIZ,Garrafa 0.75 LT,"4,29€","5,72€ / LT",
TOSTAS BRIOCHE ESPECIAL FOIE GRAS,EPI D'OR,Emb. 0.25 KG,"1,46€","5,84€ / KG",
MINI BOLACHAS C/ RECHEIO MORANGO,P'TIT DÉLI,Emb. 0.168 KG,"1,33€","7,92€ / KG",
Presunto Fatiado,DAMATTA,Emb. 0.07 KG,"1,98€","28,29€ / KG",
Alimento Seco P/ Gato Crunchy e Tender Salmão Atum,PURINA FRISKIES,Emb. 1.5 KG,"6,98€","4,65€ / KG",
SORTIDO DE GOMAS EM MINI SAQUETAS,COPAÍNS COPINES,Emb. 0.5 KG,"3,92€","7,84€ / KG",
Massa Filo,TABLIER BLANC,Emb. 0.25 KG,"2,20€","8,80€ / KG",
Cueca de Banho Tam. S 7/12 Kg,MOTS D'ENFANTS,Emb. 12 UNID.,"4,90€","0,41€ / UNID.",
Gel de Barbear Sensitive,NIVEA MEN,Emb. 0.2 LT,"4,49€","22,45€ / LT",
Cápsulas Café Grande P/ Dolce Gusto Intensidade 8,STARBUCKS,Emb. 12 CAPS.,"5,38€","0,45€ / CAPS.",
RAVIOLI CARNE VACA MOLHO ITALIANO,CÔTÉ TABLE,Emb. 0.8 KG,"2,19€","2,74€ / KG",
COLORACAO VEGETAL HENA COBRE BIO,BIONAÏA,Emb. 1 UNID.,"7,04€","7,04€ / UNID.",
CREME PENTEAR CABELOS CARACOIS 200ML,VITANOVE,Emb. 0.2 LT,"2,11€","10,55€ / LT",
BATOM HIDRATANTE CLASSICO 2UN,INELL,Emb. 2 UNID.,"1,59€","0,80€ / UNID.",
Bolachas Plain Frutos Silvestres,BELVITA,Emb. 0.3 KG,"1,84€","6,13€ / KG",
Óleo de Palma,GUINEA'S,Emb. 0.4 LT,"3,43€","8,58€ / LT",
PELICULA ADERENTE 50M,ECO+,Emb. 50 M,"0,95€","0,02€ / M",
Néctar Essencial Maça 3x110ml,COMPAL,Emb. 0.33 LT,"1,79€","5,42€ / LT",
CHOURICO ESPANHOL FORTE,ST AZAY,Emb. 0.15 KG,"2,04€","13,60€ / KG",
Vinho Regional Alentejo Tinto,ADEGA DE BORBA,Garrafa 0.75 LT,"3,49€","4,65€ / LT",
Physalis,,1 Unid. = 1.5 KG  (aprox.),"1,49€/kg","2,24€ / Unid.",
Sobremesa Gelado Chocolate Brownie,CARTE D'OR,Emb. 0.9 LT,"3,29€","3,66€ / LT",
MISTURA DE LEGUMES A VAPOR,NOTRE JARDIN,Emb. 0.4 KG,"1,59€","3,98€ / KG",
Café Cápsulas Pack Intensidade,DELTA Q,Emb. 40 CAPS.,"12,99€","0,32€ / CAPS.",
Snack Fruut Maça Vermelha Doce Sem Açúcar 60g,,Emb. 0.06 KG,"1,98€","33,00€ / KG",
Coloração Longa Duração Belle Color 6 Louro Escuro,GARNIER,Emb. 1 UNID.,"5,98€","5,98€ / UNID.",
Óleo Corporal Elixir de Argão,NATURAL HONEY,Emb. 0.3 LT,"5,19€","17,30€ / LT",
Pizza Fresca 3 Queijos,TURINI,Emb. 0.45 KG,"2,59€","5,76€ / KG",
Pacotinho de Frutas Banana Laranja e Bolacha +6 meses,NATURNES,Emb. 0.09 KG,"1,04€","11,56€ / KG",
Óleo de Argão,PANTENE,Emb. 0.1 LT,"9,98€","99,80€ / LT",
CONJUNTO 4 CANETAS AZUL 1MM,ESQUISSE,Emb. 4 UNID.,"1,29€","0,32€ / UNID.",
Conserva de Azeitona Verde Descaroçada,RUSTICA,Emb. 0.48 KG,"2,16€","4,50€ / KG",
Açúcar Branco 170 Saquetas,TÉVA,Emb. 1 KG,"1,79€","1,79€ / KG",
Tablete de Chocolate Branco 4x100g,,Emb. 0.4 KG,"2,21€","5,53€ / KG",
Pota Inteira Congelado,,1 Unid. = 0.2 KG (aprox.),"4,49€/kg","0,90€ / Unid.",
Queijo Fundido e Palitos Tostados,VACA QUE RI,Emb. 0.035 KG,"0,68€","19,43€ / KG",
"""BLANQUETTE"" DE VITELA E ARROZ",CÔTÉ TABLE,Emb. 0.285 KG,"2,49€","8,74€ / KG",
Refrigerante C/ Gás Laranja,FANTA,Garrafa 1.5 LT,"1,00€","0,67€ / LT",
Pudim Flan Caramelo 12x100g,ECO+,Emb. 1.2 KG,"1,69€","1,41€ / KG",
Queijo Ralado Emmental,PRÉSIDENT,Emb. 0.15 KG,"2,54€","16,93€ / KG",
Pão de Forma para Canapés,EPI D'OR,Emb. 0.28 KG,"1,32€","4,71€ / KG",
Vinho Regional Alentejo Tinto,REGUENGOS,Garrafa 0.75 LT,"4,49€","5,99€ / LT",
RECARGA MOPA,SILLAGE,Emb. 1 UNID.,"3,49€","3,49€ / UNID.",
Refrigerante S/ Gás Maçã/Cassis/Framboesa,JAFUN,Emb. 2 LT,"1,89€","0,95€ / LT",
Bebida Energética Orange Burst,POWERADE,Emb. 0.5 LT,"1,38€","2,76€ / LT",
Sabonete Sólido Limão Manjericão,MANAVA,Emb. 2 UNID.,"1,00€","0,50€ / UNID.",
Salsa Picada,RUSTICA,Emb. 0.25 KG,"2,29€","9,16€ / KG",
REBENTOS DE FEIJAO MUNGO,NOTRE JARDIN,Emb. 0.175 KG,"0,54€","3,09€ / KG",
Ice Tea de Limão Lata 6x25cl,LIPTON,Emb. 1.5 LT,"3,38€","2,25€ / LT",
Preservativo Natural,HARMONY,Emb. 6 UNID.,"4,73€","0,79€ / UNID.",
Chocolate Suíço Leite com Nougat Mel e Amêndoas,TOBLERONE,Emb. 0.1 KG,"2,49€","24,90€ / KG",
Fralda Cueca T6 +16Kg,MOTS D'ENFANTS,Emb. 18 UNID.,"5,45€","0,30€ / UNID.",
Infusão Chá Preto Pêssego,FRESH TEA,Emb. 1 LT,"1,19€","1,19€ / LT",
Desodorizante Roll-On Protect & Care 0% 48h,NIVEA,Emb. 0.05 LT,"4,49€","89,80€ / LT",
Cloro Dissolução Lenta Pastilhas 250Gr,BEAUX JOURS,Emb. 5 KG,"15,90€","3,18€ / KG",
Queijo Fourme D'Ambert DOP,NOS RÉGIONS ONT DU TALENT,Emb. 0.25 KG,"2,39€","9,56€ / KG",
Desodorizante Roll-On Narta Invisível 48H,GARNIER,Emb. 0.05 LT,"3,98€","79,60€ / LT",
QUEIJO MAROILLES,NOS RÉGIONS ONT DU TALENT,Emb. 0.2 KG,"2,99€","14,95€ / KG",
POLPA DE TOMATE COM CEBOLA E ALHO,TURINI,Garrafa 0.5 KG,"1,46€","2,92€ / KG",
BOLACHAS DIGESTIVE DIGESTIVE NATURE GULLON 400G,GULLÓN,Emb. 0.4 KG,"2,44€","6,10€ / KG",
FRALDAS BEBE T5+ 12/25KG 52UN,ECO+,Emb. 52 UNID.,"9,49€","0,18€ / UNID.",
Bolachas de Manteiga com Pepitas de Chocolate,P'TIT DÉLI,Emb. 0.2 KG,"1,64€","8,20€ / KG",
Gelado de Chocolate Branco e Cookies,MAGNUM,Emb. 0.44 LT,"3,89€","8,84€ / LT",
ESTRUME DE CAVALO,BEAUX JOURS,Emb. 20 KG,"4,99€","0,25€ / KG",
Drageia Menta,MENTOS,Emb. 0.04 KG,"0,68€","17,00€ / KG",
Arroz Carolino,CAÇAROLA,Emb. 1 KG,"1,05€","1,05€ / KG",
Pantene Anticaspa Champô 3 Em 1,PANTENE PV,Emb. 0.3 LT,"4,98€","16,60€ / LT",
Polpa de Tomate,ECO+,Frasco 0.5 KG,"1,33€","2,66€ / KG",
Sobremesa Creme de Baunilha 4x100gr,DANONE,Emb. 0.4 KG,"1,99€","4,98€ / KG",
CALDO DE AVES 8 CUBOS BIO,,Emb. 0.08,"1,36€","17,00€ /",
Mad Chip Alho e Evas,CALVÉ,Emb. 0.26 KG,"2,68€","10,31€ / KG",
Barras de Cereais de Morango 6 Unid.,FITNESS,Emb. 0.141 KG,"2,29€","16,24€ / KG",
BOLACHAS AREADAS CEREAIS C/ BASE CHOC LEITE POCKET,P'TIT DÉLI,Emb. 0.225 KG,"1,97€","8,76€ / KG",
Cuscus Clássica,NACIONAL,Emb. 0.25 KG,"0,84€","3,36€ / KG",
Alimento Húmido Bovino para Cão,ECO+,Emb. 0.3 KG,"0,55€","1,83€ / KG",
WAFFERS EXTRA FINAS MORANGO E MORANGO SILVESTRE,P'TIT DÉLI,Emb. 0.16 KG,"1,82€","11,38€ / KG",
Cápsulas Café Blonde Espresso P/ Dolce Gusto Intensidade 6,STARBUCKS,Emb. 12 CAPS.,"5,38€","0,45€ / CAPS.",
BATATAS P/FORNO POM'LISSE,POM'LISSE,Emb. 0.6 KG,"1,15€","1,92€ / KG",
Ice Tea Manga,LIPTON,Emb. 1 LT,"1,29€","1,29€ / LT",
PORTFOLIO A4 60 BOLSAS ECO+,ECO+,Emb. 1 UNID.,"2,29€","2,29€ / UNID.",
Bloco Sanitário Desinfectante de Lima,DOMESTOS,Emb. 0.055 KG,"1,79€","32,55€ / KG",
Amaciador concentrado rubi,QUANTO,Emb. 76 DOSES,"4,89€","0,06€ / DOSES",
Verniz de Unhas 60 Segundos 703,RIMMEL,Emb. 1 UNID.,"5,58€","5,58€ / UNID.",
Mini Snack de Chocolate de Leite,LION,Emb. 11 UNID.,"2,78€","0,25€ / UNID.",
Gelatina Ananás 4 Unid.,ROYAL,Emb. 0.4 KG,"1,98€","4,95€ / KG",
Gengibre,,1 Unid. = 0.3 KG (aprox.),"4,69€/kg","1,41€ / Unid.",
Gelatina Light Sabor a Frutos Vermelhos,TABLIER BLANC,Emb. 0.031 KG,"0,79€","25,48€ / KG",
AMENDOINS S/ SAL TORRADOS,TOKAPI,Emb. 0.2 KG,"0,98€","4,90€ / KG",
DETERGENTE MANUAL LOICA AMENDOAS DOCES/CALENDULA,VISIOR,Emb. 0.75 LT,"0,97€","1,29€ / LT",
Chocolate Preto 70% Cacau Extra Noir,JUBILEU,Emb. 0.1 KG,"2,63€","26,30€ / KG",
Super Algicida,BEAUX JOURS,Emb. 5 LT,"11,95€","2,39€ / LT",
RECARGAS MAQ BARBEAR 3 LAMINAS,CARRÉ HOMME,Emb. 4 UNID.,"3,16€","0,79€ / UNID.",
Creme de Pentear Hidra Caracóis,FRUCTIS,Emb. 0.2 LT,"4,98€","24,90€ / LT",
Café Cápsulas Intenso Intensidade 10,PLANTATION,Emb. 16 CAPS.,"2,59€","0,16€ / CAPS.",
Saco Cubos Gelos,ELEMBAL,Emb. 15 UNID.,"0,70€","0,05€ / UNID.",
"ATUM FILELETE AZEITE C/ ALCAPARRAS, 120G",TENÓRIO,Emb. 0.12 KG,"2,29€","19,08€ / KG",
Deo Roll-On 0% Invisible,SANEX,Emb. 0.05 LT,"3,98€","79,60€ / LT",
MINI SPRAY FLORAL RECARGA 15ML,BIEN AIR,Emb. 0.015 LT,"0,82€","54,67€ / LT",
Pão Torrado Integral Biológico,,Emb. 0.25 KG,"1,91€","7,64€ / KG",
MASSA FOLHADA RECTANG. 230G,TABLIER BLANC,Emb. 0.23 KG,"1,25€","5,43€ / KG",
Tablete de Chocolate com Avelãs 3x100g,TABLETTE D'OR,Emb. 0.3 KG,"3,71€","12,37€ / KG",
CREPES COM CHOCOLATE 6UN,TROFIC,Emb. 0.54 KG,"3,89€","7,20€ / KG",
Maionese Top Down,ECO+,Emb. 0.5 LT,"2,35€","4,70€ / LT",
Condicionador Reparador Flex,REVLON,Emb. 0.65 LT,"3,98€","6,12€ / LT",
Bolachas Tosta Rica,CUÉTARA,Emb. 0.57 KG,"3,88€","6,81€ / KG",
Conserva de Feijocas Verdes Extrafinas,NOTRE JARDIN,Lata 0.53 KG,"1,84€","3,47€ / KG",
Esponja Ativa,,Emb. 1 UNID.,"1,00€","1,00€ / UNID.",
Bolachas Recheadas Creme de Chocolate,,Emb. 0.24 KG,"1,10€","4,58€ / KG",
"Iogurte de Manga, Morango e Pêssego 8x120g",DANONE,Emb. 0.96 KG,"1,98€","2,06€ / KG",
Detergente Loiça Manual Concentrado Limão Verde,CIF,Emb. 0.6 LT,"1,49€","2,48€ / LT",
Gelado de Noz,CARTE D'OR,Emb. 1 LT,"2,89€","2,89€ / LT",
Atum em Óleo,RAMIREZ,Emb. 0.12 KG,"1,09€","9,08€ / KG",
Conserva de Atum ao Natural,RAMIREZ,Emb. 0.12 KG,"1,09€","9,08€ / KG",
VELA NUMERO FUN 5,ARDENCE,Emb. 1 UNID.,"0,69€","0,69€ / UNID.",
Madalenas sem Glúten,CHAQUE JOUR SANS GLUTEN,Emb. 0.18 KG,"2,51€","13,94€ / KG",
Alimento Húmido para Cão Almôndegas de Carne Vaca,ECO+,Emb. 1 KG,"1,89€","1,89€ / KG",
Chocolate de Leite Triplo Caramelo,MILKA,Emb. 0.09 KG,"2,28€","25,33€ / KG",
PRATO DOURADO C/RENDA 33 CM,,Emb. 1 UNID.,"1,99€","1,99€ / UNID.",
Queijo Amanteigado de Lamego,PAIVA,1 Unid. = 0.7 KG (aprox.),"10,99€/kg","7,69€ / Unid.",
Desodorizante Spray,AXE,Emb. 0.15 LT,"3,29€","21,93€ / LT",
Massa Cotovelos sem Glúten,CHAQUE JOUR SANS GLUTEN,Emb. 0.4 KG,"1,59€","3,98€ / KG",
MARCADORES COLORIR LAVAVEL BEBE 12MESES,ESQUISSE,Emb. 12 UNID.,"3,99€","0,33€ / UNID.",
Preparado á Base de Polpa e de Concentrado de Tomates,NOTRE JARDIN,Lata 400 KG,"1,19€","0,00€ / KG",
Manteiga de Amendoim Cremosa sem Adição de Açúcares,CALVÉ,Emb. 0.35 KG,"3,48€","9,94€ / KG",
Snack P/ Gato Crispies C/ Sabor a Salmão e Truta,FELIX,Emb. 0.45 KG,"1,88€","4,18€ / KG",
GUYLIAN FRUTOS DO MAR CARTÃO 250g,,,"5,69€",/ Unid.,
TESOURA 21CM,ESQUISSE,Emb. 1 UNID.,"2,89€","2,89€ / UNID.",
Sobremesa de Chocolate 4x125g,ECO+,Emb. 0.5 KG,"0,94€","1,88€ / KG",
Vinho Rosé Frutado,SALVE,Garrafa 0.75 LT,"1,09€","1,45€ / LT",
Ice tea de Manga 3x20 cl,LIPTON,Emb. 0.6 LT,"1,17€","1,95€ / LT",
Cápsulas Café Decaffeinato Espresso,DOLCE GUSTO,Emb. 16 CAPS.,"4,79€","0,30€ / CAPS.",
Sardinhas S/Pele e S/Espinhas em Azeite Virgem Extra,BOM PETISCO,Emb. 0.12 KG,"1,99€","16,58€ / KG",
ESPUMA CABELO ESPECIAL CARACOIS 200ML,VITANOVE,Emb. 0.2 LT,"1,13€","5,65€ / LT",
Vinho Regional Alentejano Tinto,GALITOS,Garrafa 0.75 LT,"1,79€","2,39€ / LT",
Iogurte Natural Puro 4x120g,DANONE,Emb. 0.48 KG,"1,18€","2,46€ / KG",
Iogurte Aroma Morango 4 Unid.,LONGA VIDA,Emb. 0.125 KG,"0,89€","7,12€ / KG",
QUEIJO MOZZARELLA RALADO,QUEIJO NA TÁBUA,Emb. 0.2 KG,"1,59€","7,95€ / KG",
Rosegones Biscoitos de Amêndoa,P'TIT DÉLI,Emb. 0.25 KG,"1,82€","7,28€ / KG",
Alimento Seco P/ Cão Free Vaca,BEYOND,Emb. 7 KG,"35,98€","5,14€ / KG",
Mistura Gourmet,TOKAPI,Emb. 0.12 KG,"1,40€","11,67€ / KG",
Ambientador Carro Brisa Marinha,AMBIPUR,Emb. 1 UNID.,"3,49€","3,49€ / UNID.",
Desentupidor Líquido Canos Soda,SYPHON,Emb. 1 LT,"1,59€","1,59€ / LT",
Massa Cotovelos Grosso,MILANEZA,Emb. 0.5 KG,"1,09€","2,18€ / KG",
Preparado Sopa de Cebola,KNORR,Emb. 0.05 KG,"1,49€/kg","0,07€ / Unid.",
Bolachas Recheadas Mini,OREO,Emb. 0.16 KG,"1,98€","12,38€ / KG",
Queijo Bola Flamengo,LIMIANO,1 Unid. = 1.6 KG (aprox.),"9,99€/kg","15,98€ / Unid.",
Azeitonas Pretas Inteiras,RUSTICA,Emb. 0.225 LT,"0,90€","4,00€ / LT",
"BL1 LED GLOBO 9,5-60W E27",FOXTER,Emb. 1 UNID.,"5,99€","5,99€ / UNID.",
Toalhitas Anti-Transferência de cor,VANISH,Emb. 1 UNID.,"4,99€","4,99€ / UNID.",
Iogurte Líquido Morango 0% 6 Unid.,DANONE,Emb. 6 UNID.,"2,59€","0,43€ / UNID.",
Muesli Morango,GRAINEA,Emb. 0.5 KG,"2,86€","5,72€ / KG",
Cola Madeira Rapida Em Tubo,FOXTER,Emb. 0.055 LT,"1,89€","34,36€ / LT",
Queijo Francês,CAPRICE DES DIEUX,Emb. 0.2 KG,"3,99€","19,95€ / KG",
Croissant Tipo Francês,,1 UNID.,"0,63€","0,63€ / UNID.",
Cebola Chalota,,Emb. 0.25 KG,"1,09€","4,36€ / KG",
Framboesa,,Emb. 0.125 KG,"1,89€","15,12€ / KG",
CEREAIS RECHEADOS C/LEITE,P'TIT DÉLI,Emb. 0.45 KG,"2,06€","4,58€ / KG",
Iogurte Natural de Soja Côco,ALPRO SOYA,Emb. 0.5 KG,"2,88€","5,76€ / KG",
Palmiers com Maçã e Canela 6 Unid.,DU BOIS DE LA ROCHE,Emb. 0.15 KG,"1,38€","9,20€ / KG",
Conserva de Tomate em Pedaços,TURINI,Emb. 0.39 KG,"0,60€","1,54€ / KG",
Difusor Elétrico 3 Volution + Recarga Japan Tatami,AMBIPUR,Emb. 2 UNID.,"9,98€","4,99€ / UNID.",
Pêra Rocha Cal. 65/70,,1 Unid. = 0.2 KG (aprox.),"1,99€/kg","0,40€ / Unid.",
Vinho Regional Alentejo Tinto,PORTA DA RAVESSA,Garrafa 0.75 LT,"2,29€","3,05€ / LT",
A.O.C. Costieres de Nimes Rose,RIVES ET TERRASSES,Garrafa 0.75 LT,"2,99€","3,99€ / LT",
Óleo corpo refirmante+anti-estrias q10,NIVEA,Emb. 0.1 LT,"9,99€","99,90€ / LT",
Beringela,,1 Unid. = 0.37 KG (aprox.),"2,99€/kg","1,11€ / Unid.",
ENVELOPE SILICONE 110X220MM 100UN,ECO+,Emb. 100 UNID.,"2,48€","0,02€ / UNID.",
LENCOS BOLSO 3F,ECO+,Emb. 15 UNID.,"1,29€","0,09€ / UNID.",
Conserva de Feijão Manteiga Cozido com pouco Sal,FERBAR,Lata 0.42 KG,"0,95€","2,26€ / KG",
Rebentos de Feijão Mungo Bio,,Frasco 0.175 KG,"1,19€","6,80€ / KG",
Cracker Integral,CUÉTARA,Emb. 0.2 KG,"1,28€","6,40€ / KG",
Biscoitos de Canela,,Emb. 0.3 KG,"1,69€","5,63€ / KG",
CADERNO AGRAFADO PAUTADO C. PP A4 48F,ESQUISSE,Emb. 1 UNID.,"1,99€","1,99€ / UNID.",
Conetor Reparador 19Mm,BEAUX JOURS,Emb. 1 UNID.,"0,99€","0,99€ / UNID.",
Pantene Purifica & Reconstrói Champô 250 ml,,Emb. 0.25 LT,"4,98€","19,92€ / LT",
CRACKERS 3X100G,TOKAPI,Emb. 0.3 KG,"1,39€","4,63€ / KG",
Espumante Super Reserva Bruto,MURGANHEIRA,Garrafa 0.75 LT,"12,99€","17,32€ / LT",
Cracker com Sal,PAVESI,Emb. 0.56 KG,"3,98€","7,11€ / KG",
Donuts,,1 Unid. = 0.045 KG,"0,32€","7,11€ / KG",
Cuecas Incontinência Discreet Pants Plus,AUSONIA,Emb. 8 UNID.,"9,98€","1,25€ / UNID.",
GALETES BRETONNES C/PEPITAS DE CHOCOLATE,P'TIT DÉLI,Emb. 0.13 KG,"1,19€","9,15€ / KG",
Queijo Mistura Vaca e Ovelha Pequeno,PAIVA,Emb. 0.5 KG (aprox.),"7,48€","14,96€ / KG",
Ambientador P/ Máquina de Lavar Louça Odor Stop,FINISH,Emb. 1 UNID.,"3,24€","3,24€ / UNID.",
ALGODAO MAXI OVAL X 60 BIO,BIONAÏA,Emb. 60 UNID.,"1,65€","0,03€ / UNID.",
Tampões com Aplicador Pearl Compak Regular,TAMPAX,Emb. 36 UNID.,"7,98€","0,22€ / UNID.",
Amêijoa com Casca Vietname Congelada,,1 Unid. = 0.25 KG (aprox.),"2,29€/kg","0,57€ / Unid.",
Manteiga de Bretagne Doux,LES CROISÉS,Emb. 0.25 KG,"2,31€","9,24€ / KG",
Arroz Basmati,CAÇAROLA,Emb. 0.5 KG,"1,48€","2,96€ / KG",
BACALHAU COM NATAS 350G,CÔTÉ TABLE,Emb. 0.35 KG,"1,99€","5,69€ / KG",
LIQUIDO ABRILHANTADOR,VISIOR,Emb. 0.75 LT,"1,19€","1,59€ / LT",
Sumo Active Drink Frutos Exóticos / Cenoura,SANTAL,Emb. 1.5 LT,"2,09€","1,39€ / LT",
Blocos Sanitários Power Ocean,DOMESTOS,Emb. 0.275 KG,"5,39€","19,60€ / KG",
SALVA UNHAS VITROCERÂMICA 2 UN (2ª UN 50% ON PACK),VILEDA,Emb. 2 UNID.,"3,38€","1,69€ / UNID.",
Água com Gás 6x50cl,VIMEIRO,Emb. 3 LT,"2,99€","1,00€ / LT",
Batatas Fritas Caseiras Rodelas,SNR,Emb. 0.18 KG,"0,97€","5,39€ / KG",
Spaguetti,TRADIZIONI D'ITALIA,Emb. 0.5 KG,"1,40€","2,80€ / KG",
Pacotinho de Cereais e Bolacha Maria,NESTUM,Emb. 0.08 KG,"0,98€","12,25€ / KG",
Pimenta Preta Moída,RUSTICA,Emb. 0.05 KG,"0,79€","15,80€ / KG",
Doce Framboesa sem Açúcar,ST. DALFOUR,Frasco 0.284 KG,"4,38€","15,42€ / KG",
Xarope de Morango Bio,,Emb. 0.6 LT,"3,75€","6,25€ / LT",
Tâmara Seca C/ Caroço,MARQUE REPERE,Emb. 0.2 KG,"0,93€","4,65€ / KG",
RECARGA A4 100GR QUAD 100P,ESQUISSE,Emb. 1 UNID.,"1,99€","1,99€ / UNID.",
Antibacteriano Verde,CIF,Emb. 0.75 LT,"2,49€","3,32€ / LT",
Água sem Gás,LUSO,Garrafão 5.4 LT,"1,68€","0,31€ / LT",
Alimento Seco P/ Gato Premium Esterilizados,PLENIMA,Emb. 0.45 KG,"1,98€","4,40€ / KG",
Nabo sem Rama,,1 Unid. = 0.29 KG (aprox.),"2,49€/kg","0,72€ / Unid.",
Pensos Higiénicos Ultrafinos Noite,AUSONIA,Emb. 9 UNID.,"1,69€","0,19€ / UNID.",
SACO ASPIRADOR S1201,ELSAY,Emb. 1 UNID.,"3,49€","3,49€ / UNID.",
Refrigerante C/ Gás Ananás S/ Adição Açúcares,FANTA,Garrafa 1.5 LT,"1,00€","0,67€ / LT",
Cillit Bang Calcário & Brilho 500ML x12,CILLIT BANG,Emb. 0.5 LT,"2,24€","4,48€ / LT",
Pães com Recheio a Chocolate,EPI D'OR,Emb. 1 P,"1,82€","1,82€ / P",
LIXIVIA TRADICIONAL,CLAIR,Emb. 4 LT,"1,59€","0,40€ / LT",
GEL DUCHE ENERGIZANTE 250ML 250ML CARRE HOMME,CARRÉ HOMME,,"0,97€",/ Unid.,
VASSOURA+PA C/TAMPA LEIFHEIT,SILLAGE,Emb. 1 UNID.,"7,99€","7,99€ / UNID.",
CONCHAS DO MAR 6UN,CÔTÉ TABLE,Emb. 0.66 KG,"5,75€","8,71€ / KG",
Pizza 4 Estações,BUITONI,Emb. 0.355 KG,"2,99€","8,42€ / KG",
Cereais de Aveia Integral C/ Chocolate,FITNESS,Emb. 0.375 KG,"2,99€","7,97€ / KG",
Champô para Cabelos Normais a Oleosos,TRESEMMÉ,Emb. 0.5 LT,"4,19€","8,38€ / LT",
FITA COLA DUPLA FACE 25M X 50MM,FOXTER,Emb. 1 UNID.,"6,57€","6,57€ / UNID.",
CEREAIS PETALAS CHOCOLATE PRETO,GRAINEA,Emb. 0.3 KG,"2,04€","6,80€ / KG",
Snack de Batatas Finas Natural,TOKAPI,Emb. 0.17 KG,"2,01€","11,82€ / KG",
Snack P/ Cão Pequeno,FRISKIES,Emb. 0.35 KG,"3,38€","9,66€ / KG",
BATOM NUTRE E PROTEGE BIO,BIONAÏA,Emb. 1 UNID.,"2,40€","2,40€ / UNID.",
Hamburguer Big Burger Iglo Vaca C/ Queijo S/Gluten 200 G,,Emb. 0.2,"3,98€","19,90€ /",
Bolachas Soft Bakes Cereais,BELVITA,Emb. 0.25 KG,"2,99€","11,96€ / KG",
Esparguete,ECO+,Emb. 0.5 KG,"0,73€","1,46€ / KG",
QUEIJO FETA DOP BIO,,Emb. 0.18 KG,"2,99€","16,61€ / KG",
CREME DE LEGUMES,REGAL SOUPE,Emb. 0.35,"1,75€","5,00€ /",
Bolachas Pequeno Almoço,ECO+,Emb. 0.35 KG,"1,24€","3,54€ / KG",
Cápsulas Café Expresso Intenso Intensidade 7,DOLCE GUSTO,Emb. 16 CAPS.,"5,98€","0,37€ / CAPS.",
"MINI SPRAY ""LIRIO DO VALE"" RECARGA 15ML",BIEN AIR,Emb. 0.015 LT,"0,85€","56,67€ / LT",
BACALHAU ESPIRITUAL 350G,CÔTÉ TABLE,Emb. 0.35 KG,"3,09€","8,83€ / KG",
Refrigerante C/ Gás Zero Açúcar,COCA COLA ZERO,Emb. 1 LT,"1,59€","1,59€ / LT",
Snack de Chocolate e Toffee,TOFFE CRISP,Emb. 0.038 KG,"0,99€","26,05€ / KG",
BANDAS DEPILATORIAS CERA FRIA PELE SENSIVEL ROSTO 32UN,SLISS,Emb. 32 UNID.,"1,82€","0,06€ / UNID.",
GELADO BAUNILHA,ESKISS,Emb. 1 LT,"1,99€","1,99€ / LT",
BARQUETTES DE CHOCOLATE/AVELA,P'TIT DÉLI,Emb. 0.24 KG,"1,89€","7,88€ / KG",
Gelatina Light de Mirtilo,ROYAL,Emb. 0.031 KG,"2,08€","67,10€ / KG",
Sardinhas em Azeite Biológico,BOM PETISCO,Emb. 0.12 KG,"1,39€","11,58€ / KG",
Molotof Caramelo,,1 Unid. = 0.7 KG  (aprox.),"7,99€","11,41€ / KG",
Amaciador concentrado flores silvestres,QUANTO,Emb. 76 DOSES,"4,89€","0,06€ / DOSES",
COGUMELOS INTEIROS,NOTRE JARDIN,Emb. 0.185 KG,"0,75€","4,05€ / KG",
Syoss Oieo Intense 4-86 Castanho Gelado,SYOSS,,"6,24€",/ Unid.,
Molhos Tripack,RUSTICA,Emb. 0.75 KG,"3,87€","5,16€ / KG",
Vinho do Porto Rosê,PORTO CRUZ,Garrafa 0.75 L,"7,49€","9,99€ / L",
Vinho Branco de Alsacia A.O.C. Riesling 2014,REBMANN,Garrafa 0.75 LT,"4,49€","5,99€ / LT",
RECARGA MICROF.BALDE COM PEDAL,VILEDA,,"7,95€",/ Unid.,
Vinho do Porto 10 Anos,DORRÃO,Garrafa 0.75 LT,"9,99€","13,32€ / LT",
Vinho Branco Meio Seco,LEZÍRIA,Garrafa 0.75 LT,"1,49€","1,99€ / LT",
Barras de Cereais Trigo Integral C/ Leite 6 Unid.,GOLDEN GRAHAMS,Emb. 0.15 KG,"2,29€","15,27€ / KG",
Fiambre da Perna Extra Cuida-T,NOBRE,1 Unid. = 0.12 KG (aprox.),"11,99€/kg","1,44€ / Unid.",
Mostarda Dijon Fina e Forte,,Emb. 0.2 KG,"1,77€","8,85€ / KG",
Douradinhos Forníssimo 12 Unid.,CAPITÃO IGLO,Emb. 0.3 KG,"4,49€","14,97€ / KG",
SORTIDO BISCOITOS FINOS,EQUADOR,Emb. 0.4 KG,"3,69€","9,23€ / KG",
"JARRO ELETRICO 2000W 1,7L",ECO+,Emb. 1 UNID.,"15,95€","15,95€ / UNID.",
Batatas Fritas Gourmet,POM'LISSE,Emb. 0.17 KG,"1,09€","6,41€ / KG",
VILEDA SINTETICO C/ABRASIVO PLAST. 10\'S,VILEDA,,"2,38€",/ Unid.,
Tablete de Chocolate Negro,NESTLÉ,Emb. 0.09 KG,"1,09€","12,11€ / KG",
Tablete Oreo,MILKA,Emb. 0.3 KG,"3,98€","13,27€ / KG",
TAPETE MICROFIBRAS WC BRANCO 50X80,SILLAGE,Emb 1 UNID.,"6,99€","6,99€ / UNID.",
Esparguete Picante,MILANEZA,Emb. 0.5 KG,"2,68€","5,36€ / KG",
Ambientador Eléctrico Nenuco + Recarga,AIRWICK,Emb. 0.019 LT,"5,39€","283,68€ / LT",
Bebida Solúvel Café e Chicória,RICORÉ,Emb. 0.26 KG,"7,78€","29,92€ / KG",
Chave Inglesa 200Mm,FOXTER,Emb. 1 UNID.,"7,94€","7,94€ / UNID.",
COOKIES C/ PEPITAS CHOCOLATE E QUINOA BIO,,,"2,09€",/ Unid.,
Queijo Chaource DOP,NOS RÉGIONS ONT DU TALENT,Emb. 0.25 KG,"3,01€","12,04€ / KG",
Penne Rigate Biológico,,Emb. 0.5 KG,"1,19€","2,38€ / KG",
Iogurte Grego Pêssego Maracujá 4x150g,DÉLISSE,Emb. 0.6 KG,"2,03€","3,38€ / KG",
Maionese com Alho Top Down,CALVÉ,Emb. 0.25 KG,"3,90€","15,60€ / KG",
Ambientador Stick Perfumado Flor,AIR WICK,Emb. 0.025 LT,"7,19€","287,60€ / LT",
POSTA PESCADA Nº5 COZER,PÊCHE OCÉAN,Emb. 0.8 KG,"5,77€","7,21€ / KG",
Leite Bem Especial 0% de Lactose Chocolate 4 Unid.,MIMOSA,Emb. 0.8 LT,"1,99€","2,49€ / LT",
Conserva de Azeitona Preta em Rodelas,RUSTICA,Frasco 0.36 KG,"1,22€","3,39€ / KG",
Conserva de Mexilhão em Escabeche,PITEU,Emb. 0.115 KG,"1,83€","15,91€ / KG",
"Açúcar Baunilhado 5x7,5 g",,Emb. 0.037 KG,"2,98€","80,54€ / KG",
Creme de Ovos Sabor Baunilha 4x100gr,DÉLISSE,Emb. 0.4 KG,"2,49€","6,23€ / KG",
Iogurte Magro + Gelatina Framboesa 4 Unid.,MIMOSA,Emb. 0.48 KG,"1,69€","3,52€ / KG",
Detergente Loiça Manual Concentrado Limão Verde,CIF,Emb. 1 LT,"1,99€","1,99€ / LT",
Massa Macarrão,MILANEZA,Emb. 0.5 KG,"1,19€","2,38€ / KG",
ABRILHANTADOR P/ MAQUINA LOICA ECO,UNÍ VERT,Emb. 0.75 LT,"1,99€","2,65€ / LT",
Bolachas de Água e Sal,VIEIRA,Emb. 12  UNID.,"2,53€","0,21€ /  UNID.",
Bolachas com Pepitas de Chocolate,ECO+,Emb. 0.2 KG,"0,98€","4,90€ / KG",
Fralda Cueca T5 12/18KG Eco,MOTS D'ENFANTS,Emb. 20 UNID.,"8,09€","0,40€ / UNID.",
Chá Infusão Lúcia-Lima,TISÉA,Emb. 25 KG,"1,59€","0,06€ / KG",
Máquinas de Barbear Descartáveis Blue II Plus,GILLETTE,Emb. 6 UNID.,"3,68€","0,61€ / UNID.",
Iogurte Sólido Proteico Chocolate Branco Lindahls,NESTLÉ,Emb. 0.15 KG,"1,09€","7,27€ / KG",
Ambientador Automático Glade Sense & Spray Difusor e Recambio Lavanda & Jazmín,BRISE,Emb. 0.018 LT,"5,39€","299,44€ / LT",
Sultana Preta,MARQUE REPERE,Emb. 0.2 KG,"0,72€","3,60€ / KG",
Chá Verde com Hortelã e Pimenta,BRITLEY,Emb. 25 SAQ.,"0,99€","0,04€ / SAQ.",
Vinho Regional Tejo Branco,QUINTA DA ALORNA,Garrafa 0.75 LT,"3,49€","4,65€ / LT",
Bolo Arroz com Ovos Frescos e Cobertura Caramelo 4x100gr,DÉLISSE,Emb. 0.4 KG,"2,36€","5,90€ / KG",
ELIXIR BOCAL,DENTAMYL,Emb. 0.5 LT,"1,45€","2,90€ / LT",
Creme de Mãos Óleo de Abacate,DOVE,Emb. 0.075 LT,"2,59€","34,53€ / LT",
Preparado Leite de Creme,ROYAL,Emb. 0.092 KG,"1,08€","11,74€ / KG",
GOMAS ACIDAS COLA,COPAÍNS COPINES,Emb. 0.275 KG,"1,43€","5,20€ / KG",
Vinho Regional Alentejo Tinto,CONVENTO DA VILA,Garrafa 0.75 LT,"2,39€","3,19€ / LT",
Gel Limão,FINISH,Emb. 1 LT,"8,99€","8,99€ / LT",
Refrigerante S/ Gás Ananás,ECO+,Garrafa 2 LT,"0,79€","0,40€ / LT",
Noz-Moscada Moída,RUSTICA,Frasco 0.042 KG,"1,46€","34,76€ / KG",
Couve Chinesa,,1 Unid. = 0.6 KG (aprox.),"1,99€/kg","1,19€ / Unid.",
Alho Seco,,Emb. 0.5 KG,"2,39€","4,78€ / KG",
CADERNO AGRA.CART.3COR.A4 PAUT 60P,ESQUISSE,Emb. 1 UNID.,"0,89€","0,89€ / UNID.",
Café Delta Grão Lote Superior,DELTA,Emb. 1 KG,"15,48€","15,48€ / KG",
DOSSIER A4 LOMBADA 5CM,ESQUISSE,Emb. 1 UNID.,"1,99€","1,99€ / UNID.",
PATE RICO VACA P/CAO BIO 300G CV 300G PLENIMA,PLENIMA,Emb. 0.3 KG,"1,55€","5,17€ / KG",
Alface Frisada,,1 Unid. = 0.4 KG (aprox.),"1,99€/kg","0,80€ / Unid.",
Espumante Reserva Bruto,RAPOSEIRA,Garrafa 0.75 LT,"7,49€","9,99€ / LT",
BEBIDA SOJA C/CACAU BIO,,Emb. 1 LT,"1,37€","1,37€ / LT",
CANUDINHOS,P'TIT DÉLI,Emb. 0.18 KG,"1,19€","6,61€ / KG",
Sumo de Toranja Rosa,JAFADEN,Emb. 1 LT,"1,49€","1,49€ / LT",
Vinho Branco,M.J.FREITAS,Bag in Box 5 LT,"7,99€","1,60€ / LT",
Desodorizante Roll On,DOVE,Emb. 0.05 LT,"2,39€","47,80€ / LT",
Pantene Espuma Caracóis 200ml,PANTENE PV,Emb. 0.2 LT,"3,74€","18,70€ / LT",
VELA NUMERO - 3,ARDENCE,Emb. 1 UNID.,"0,59€","0,59€ / UNID.",
CAÇAROLA FRITADEIRA INOX COM ASA E CESTO INTERIOR 24CM,ECO+,Emb. 1 UNID.,"13,65€","13,65€ / UNID.",
Biscoitos Recheados com Bovino,LYDOG,Emb. 0.5 KG,"1,79€","3,58€ / KG",
Sardinha Tomate Picante,BOM PETISCO,Emb. 0.12 KG,"0,99€","8,25€ / KG",
PORTFOLIO A4 120 BOLSAS,ESQUISSE,Emb. 120 UNID.,"4,99€","0,04€ / UNID.",
Vinho Regional Dão Tinto,CASA DE SANTAR,Garrafa 0.75 LT,"6,49€","8,65€ / LT",
Tira-Nódoas para Roupa de Cor,SKIP,Emb. 1 KG,"7,49€","7,49€ / KG",
Alimento Húmido Gato Ave e Legumes,LYCAT,,"1,29€",/ Unid.,
Bolachas Maria sem Glúten,GULLÓN,Emb. 0.4 KG,"3,78€","9,45€ / KG",
CHUVEIRO CROMADO 3 JATOS+TUBO FLEXIVEL 1.75M,FOXTER,Emb. 1 UNID.,"12,99€","12,99€ / UNID.",
Sobremesa Gelado Salted Caramel,CARTE D'OR,Emb. 0.9 LT,"3,29€","3,66€ / LT",
Preservativos Nature Easy Way,CONTROL,Emb. 10 UNID.,"6,99€","0,70€ / UNID.",
Queijo de Cabra Curado,SALOIO,Emb. 0.2 KG,"3,98€","19,90€ / KG",
Pudim Caramelo,BOCA DOCE,Emb. 0.022 KG,"0,58€","26,36€ / KG",
Molho Passata Guloso C/Manjericao E Oregãos 210G,GULOSO,Emb. 0.21 KG,"0,59€","2,81€ / KG",
MOLAS 24UN,ECO+,Emb. 24 UNID.,"0,99€","0,04€ / UNID.",
Dentífrico Cuidado Branqueador,PARODONTAX,Emb. 0.075 LT,"5,59€","74,53€ / LT",
Conserva de Milho Doce,NOTRE JARDIN,Lata 0.285 KG,"0,80€","2,81€ / KG",
ALIMENT BEBE: PURE DE MACA BANANA BIO +4M 4x100G MOTS D\'ENFANTS,BIO VILLAGE BEBE,Emb. 0.4 KG,"2,09€","5,23€ / KG",
BARRA DE BOLACHA C/ COB CHOCOLATE E RECH DE LEITE,P'TIT DÉLI,Emb. 0.13 KG,"1,59€","12,23€ / KG",
Toalhitas para Bebé Limpa e Hidrata,DODOT,Emb. 384 UNID.,"8,68€","0,02€ / UNID.",
Coloração Permanente Intense 8-05 Louro Gelado,SYOSS,,"6,24€",/ Unid.,
Queijo Raclette em Fatias,ECO+,Emb. 0.8 P,"7,69€","9,61€ / P",
MOUSSE DE CASTANHAS,DÉLISSE,Emb. 0.292 KG,"1,99€","6,82€ / KG",
Molho César para Salada,HELLMANN'S,Emb. 0.21 LT,"3,57€","17,00€ / LT",
Desodorizante Spray Romã/Lichia,MANAVA,Emb. 0.2 LT,"1,19€","5,95€ / LT",
Salva Camas 60x90CM,LINDOR,Emb. 15 UNID.,"10,73€","0,72€ / UNID.",
Deo Roll-On 0% Extra Control,SANEX,Emb. 0.05 LT,"3,98€","79,60€ / LT",
Iogurte Infantil Morango 6x50g,DANONINHO,Emb. 0.3 KG,"1,89€","6,30€ / KG",
Tablete de Chocolate Caramelo,MILKA,Emb. 0.1 KG,"1,68€","16,80€ / KG",
Mini Queijos 12 Unid.,BABYBEL,Emb. 0.24 KG,"3,64€","15,17€ / KG",
"CAFE MOIDO ""CREPUSCULE NOIR"" ARABICA",PLANTATION,Emb. 0.25 KG,"2,49€","9,96€ / KG",
Caldo de Legumes sem Sal Pack 8,KNORR,Emb. 0.072 KG,"1,49€","20,69€ / KG",
Conserva de Atum em Posta Natural,PÊCHE OCÉAN,Emb. 0.12 KG,"1,11€","9,25€ / KG",
Solha Congelada,,1 Unid. = 1 KG (aprox.),"5,99€/kg","5,99€ / Unid.",
Conserva Choucroute Garnie,CÔTÉ TABLE,Emb. 0.8 KG,"2,07€","2,59€ / KG",
Fatias Finas Peito de Peru,NOBRE,Emb. 0.11 KG,"2,14€","19,45€ / KG",
Cápsulas Café Espresso Intenso Intensidade 13,DOLCE GUSTO,Emb. 48 CAPS.,"14,88€","0,31€ / CAPS.",
Piri Piri com Azeite,GALLO,Emb. 0.05 LT,"1,86€","37,20€ / LT",
Refrigerante S/ Gás Maçã,ECO+,Garrafa 2 LT,"0,79€","0,40€ / LT",
Snack Batata Frita Sabor Queijo,TOKAPI,Emb. 0.17 KG,"1,85€","10,88€ / KG",
Bolachas Amanteigadas com Tablete de Chocolate Branco 2x6 Unid.,P'TIT DÉLI,Emb. 0.15 KG,"1,15€","7,67€ / KG",
Cuecas Perdas de Urina 8-15 Anos (27-57Kg),MOTS D'ENFANTS,Emb. 12 UNID.,"9,94€","0,83€ / UNID.",
Arroz Perfumado Biológico,,Emb. 0.5 KG,"1,98€","3,96€ / KG",
Espumante Reserva Meio Seco,FITA AZUL,Garrafa 0.75 LT,"5,68€","7,57€ / LT",
AMBIENTADOR GEL LIRIO VALE,BIEN AIR,Emb. 0.15 KG,"0,91€","6,07€ / KG",
CAPA CARTAO C/ELASTICO 3UN,ESQUISSE,Emb. 3 UNID.,"1,99€","0,66€ / UNID.",
Vinho Branco Frisante,CASTIÇO,Garrafa 0.75 LT,"2,79€","3,72€ / LT",
Alimento Seco P/ Cão -10Kg Vaca e Arroz,PURINA,Emb. 3 KG,"12,39€","4,13€ / KG",
Detergente Líquido para Madeiras Spray,CIF,Emb. 0.435 LT,"2,49€","5,72€ / LT",
Desodorizante Roll-On Original,DOVE,Emb. 0.05 LT,"2,69€","53,80€ / LT",
Cereais de Chocolate,CHOCAPIC,Emb. 0.375 KG,"2,09€","5,57€ / KG",
Vinho Regional Alentejano Branco,QUINTA DO CARMO,Garrafa 0.75 LT,"9,98€","13,31€ / LT",
Vinho do Porto Velhotes Ruby,CALEM,Garrafa 0.75 LT,"4,99€","6,65€ / LT",
Amaciador Roupa Concentrado Ouro,QUANTO,Emb. 84 DOSES,"4,89€","0,06€ / DOSES",
Ambientador Absorbeolores Glade Lavanda,BRISE,Emb. 2 UNID.,"2,99€","1,50€ / UNID.",
Sabonete Líquido Nutritivo Recarga,PALMOLIVE,Emb. 0.3 LT,"2,98€","9,93€ / LT",
Óleo Barba King C,GILLETTE,Emb. 0.03 LT,"7,49€","249,67€ / LT",
"CAPA CARTAO C/ELASTICO LOMBADA 2,5CM",ESQUISSE,Emb. 1 UNID.,"1,89€","1,89€ / UNID.",
Aveia Instantânea Em Pó Bolacha,PROZIS,Emb. 1.25 KG,"719,00€","575,20€ / KG",
Iogurte Pouch Squezzy Morango e Banana,YOCO,Emb. 0.32 KG,"2,29€","7,16€ / KG",
Massa Farfalle,TURINI,Emb. 0.5 KG,"1,29€","2,58€ / KG",
Massa Macarronete GR,MILANEZA,Emb. 0.5 KG,"1,74€","3,48€ / KG",
Atum em Óleo Vegetal,BOM PETISCO,Emb. 0.385 KG,"3,79€","9,84€ / KG",
Línguas de Veado,,Emb. 0.25 KG,"1,59€","6,36€ / KG",
Espumante de Melão,BAR ROYAL,Garrafa 0.75 LT,"3,69€","4,92€ / LT",
Tábua Charcutaria Italiana,TRADIZIONI D'ITALIA,Emb. 0.12 KG,"5,49€","45,75€ / KG",
Bolachas de Manteiga,TRIUNFO,Emb. 0.168 KG,"1,49€","8,87€ / KG",
Bloco Sanitário Poder Activo Pinho,SONASOL,Emb. 0.05 KG,"1,94€","38,80€ / KG",
Café Pastilhas,PLANTATION,Emb. 36 UNID.,"3,59€","0,10€ / UNID.",
Rolo de Cozinha Mega,MARQUE REPERE,Emb. 1 UNID.,"3,62€","3,62€ / UNID.",
Lava Tudo Novo Brilho Ph Neutro,SONASOL,Emb. 1.3 LT,"2,09€","1,61€ / LT",
Flor Duche Cinza,SILLAGE,Emb. 1 UNID.,"1,89€","1,89€ / UNID.",
Biscoitos com Tablete de Chocolate Biológicos,,Emb. 0.15 KG,"1,99€","13,27€ / KG",
Vinho Regional Alentejo Branco,ADEGA DE BORBA,Garrafa 0.75 LT,"3,49€","4,65€ / LT",
TAPETE RETANGULAR 90CM,P'TIT AMI,Emb. 1 UNID.,"14,15€","14,15€ / UNID.",
Escovas Extra Clean Médio,COLGATE,Emb. 2 UNID.,"2,19€","1,10€ / UNID.",
"MAQUINA CREPES L2312,ECO+,1P",ECO+,Emb. 1 UNID.,"24,90€","24,90€ / UNID.",
Bolos com Pepitas de Chocolate sem Glúten,CHAQUE JOUR SANS GLUTEN,Emb. 0.23 KG,"3,35€","14,57€ / KG",
Tempero Líquido Maggi,NESTLÉ,Emb. 0.125 KG,"2,09€","16,72€ / KG",
Coloração Longa Duração Belle Color 3 Castanho Escuro,GARNIER,Emb. 1 UNID.,"5,98€","5,98€ / UNID.",
Mortadela Simples,ELPOZO,1 Unid. = 0.2 KG (aprox.),"7,93€/kg","1,59€ / Unid.",
Rebuçados Limão e Cidreira,MENTOLIN,Emb. 0.1 KG,"1,39€","13,90€ / KG",
Abrilhantador Brilho e Proteção,FINISH,Emb. 0.4 LT,"4,84€","12,10€ / LT",
Coloração Nº 5-86 Castanho Caramelo,SYOSS,,"6,24€",/ Unid.,
ESCOVA DENTES MEDIA CABECA RECARREGAVEL,DENTAMYL,,"1,25€",/ Unid.,
Cuscus Aves e Salsichas Merguez,CÔTÉ TABLE,Emb. 0.98 KG,"3,49€","3,56€ / KG",
Bolachas Digestive Avenacol,CUÉTARA,Emb. 0.3 KG,"2,98€","9,93€ / KG",
Cereais Special K Classic,KELLOGG'S,Emb. 0.375 KG,"2,37€","6,32€ / KG",
Lip Therapy Aloe Vera,VASELINE,Emb. 0.017 KG,"2,98€","175,29€ / KG",
Bolonhesa,NOBRE,Emb. 0.5 KG,"2,74€","5,48€ / KG",
Leite C/ Chocolate Light 4 Unid.,MIMOSA,Emb. 0.8 LT,"2,18€","2,73€ / LT",
Chocolate de Leite com Amêndoas 3 Chocolates,REGINA,Emb. 0.072 KG,"1,98€","27,50€ / KG",
Fraldas Incontinência Máxima G,LINDOR,Emb. 46 UNID.,"28,73€","0,62€ / UNID.",
CAFE SOLUVEL LIOFILISADO x 25 sticks,PLANTATION,Emb. 0.05 KG,"1,69€","33,80€ / KG",
Luvas para Uso Doméstico Tamanho M,RENOVA LUVAS,Emb. 1 UNID.,"1,42€","1,42€ / UNID.",
Queijo Curado da Granja,SALOIO,1 Unid. = 0.5 KG (aprox.),"7,99€/kg","4,00€ / Unid.",
GUYLIAN FRUTOS DO MAR CARTÃO 125g,,,"3,74€",/ Unid.,
PIZZA ATUM,TURINI,Emb. 0.355 KG,"1,89€","5,32€ / KG",
Amaciador de Roupa Rosa,,Emb. 4 LT,"1,89€","0,47€ / LT",
POSTA PESCADA Nº3 PARA FRITAR,ECO+,Emb. 0.8 KG,"5,16€","6,45€ / KG",
TERRINA VACA/CENOURA P/ CAO 1230G,LYDOG,Emb. 1.23 KG,"1,99€","1,62€ / KG",
"OIKOS MORANGO 110G X4,,440G",OIKOS,Emb. 0.44 KG,"2,39€","5,43€ / KG",
Alimento Húmido para Gato Fígado e Aves,LYCAT,Emb. 0.1 KG,"0,79€","7,90€ / KG",
Gelatina Morango 8 Unid.,ROYAL,Emb. 0.8 KG,"3,84€","4,80€ / KG",
Refrigerante C/ Gás Laranja,SPRINK'S,Garrafa 1.5 LT,"0,74€","0,49€ / LT",
Preparado em Pó P/ Gelatina Tutti Fruti,ROYAL,Emb. 0.114 KG,"1,98€","17,37€ / KG",
Pastis de Marseille,VIVALIS,Garrafa 0.7 LT,"10,29€","14,70€ / LT",
BOLACHAS PETIT BEURRE C/ PEPITAS POCKET,P'TIT DÉLI,Emb. 0.3 KG,"2,59€","8,63€ / KG",
DETERGENTE GEL EXPRESS - TIRA NODOAS 2EM1,EPSIL,Emb. 0.25 LT,"1,32€","5,28€ / LT",
PUDIM FLAN C/ CARAMELO 12UN,DÉLISSE,Emb. 1.2 KG,"2,89€","2,41€ / KG",
Chá de Detox Hibisco Folha de Freixo Ulmeira,LIPTON,Emb. 20 SAQ.,"1,94€","0,10€ / SAQ.",
Toalhitas de Rosto com Óleo de Amêndoas Doces 25UNI,CORINE DE FARME,Emb. 25 UNID.,"1,48€","0,06€ / UNID.",
Pão de Forma Especial Torradas com Côdea,EPI D'OR,Emb. 0.8 KG,"1,99€","2,49€ / KG",
TABUA ENGOMAR,ECO+,Emb. 1 UNID.,"23,99€","23,99€ / UNID.",
CHOCOLATE AVELAS E PASSAS,TABLETTE D'OR,Emb. 0.2 KG,"1,59€","7,95€ / KG",
Recarga para Difusor Elétrico 3 Volution Ar Fresco,AMBIPUR,Emb. 1 UNID.,"6,98€","6,98€ / UNID.",
SACOS LIXO FECHO FACIL LAVANDA 30L,ELEMBAL,Emb. 20 UNID.,"1,09€","0,05€ / UNID.",
SACO LIXO ECOBAG 50L FECHO FÁCIL (10 UN),VILEDA,Emb. 10 UNID.,"2,88€","0,29€ / UNID.",
STICKS RICOS FRANGO P / CAO 5UN 42G LYDOG,TOUS MES AMIS,Emb. 0.042 KG,"0,59€","14,05€ / KG",
COMEDOURO DUPLO PEQUENO,ECO+,Emb. 1 UNID.,"0,99€","0,99€ / UNID.",
Óleo Alimentar,RUSTICA,Garrafa 1 LT,"3,14€","3,14€ / LT",
Gel Duche Leite de Coco,MANAVA,Emb. 0.25 LT,"1,39€","5,56€ / LT",
Pão Rio Maior,,1 Unid. = 0.45 KG,"1,99€","4,42€ / KG",
Lava Tudo Vinagre,CIF,Emb. 1.4 LT,"1,99€","1,42€ / LT",
Gel de Banho Excite,AXE,Emb. 0.4 LT,"3,29€","8,23€ / LT",
Gomas Aromatizadas Planch Acide Fruits,COPAÍNS COPINES,Emb. 0.225 KG,"1,25€","5,56€ / KG",
Champo Karpex Manual,VANISH,Emb. 0.95 LT,"5,19€","5,46€ / LT",
Destop Gel Express Odor Stop 1Litro x15,DESTOP,Emb. 1 LT,"5,99€","5,99€ / LT",
Ficha Programadora Diária,ECO+,Emb. 1 UNID.,"4,69€","4,69€ / UNID.",
Vinho Tinto do Alentejo,MONTE DAS ANFORAS,Emb. 0.75 LT,"3,69€","4,92€ / LT",
Refrigerante S/ Gás Romã,JAFADEN,Emb. 1 LT,"1,99€","1,99€ / LT",
Creme Culinário de Soja,SHOYCE,Emb. 0.2 LT,"1,48€","7,40€ / LT",
Bolacha Diet Nature Recheio Chocolate,GULLÓN,Emb. 0.25 KG,"2,33€","9,32€ / KG",
Desentupidor Express Gel,DESTOP,Emb. 1 LT,"5,99€","5,99€ / LT",
BANZAI NOODLE CARIL CIGALA,CIGALA,Emb. 0.067 KG,"0,94€","14,03€ / KG",
ALIMENT BEBE: LEGUMES MASSA E SALMAO BIO 18M,BIO VILLAGE BEBE,Emb. 0.26 KG,"1,99€","7,65€ / KG",
CROQUETES P/ GATOS SENSIVEIS E DIFICEIS PREMIUM,PLENIMA,,"1,59€",/ Unid.,
Iogurte Magro Pedaços Déli´Light 16x125g,DÉLISSE,Emb. 2 KG,"4,89€","2,45€ / KG",
Bolachas com Aveia,TRIUNFO,Emb. 0.19 KG,"1,48€","7,79€ / KG",
"CAPRICHOS DO MAR,S/GLUTEN,1KG",PESCANOVA,Emb. 1 KG,"5,99€","5,99€ / KG",
Brioches Redondos 12 Unid.,EPI D'OR,Emb. 0.48 KG,"2,06€","4,29€ / KG",
Conjunto de 6 Chaves Philips,FOXTER,Emb. 6 UNID.,"10,99€","1,83€ / UNID.",
Bolachas Recheadas de Morango,P'TIT DÉLI,Emb. 0.15 KG,"1,68€","11,20€ / KG",
Ervilhas Extra Finas,NOTRE JARDIN,Emb. 0.8 KG,"1,29€","1,61€ / KG",
"CAFE MAQUINA C/TEMPORIZADOR 1,4L 800W",ELSAY,Emb. 1 UNID.,"24,95€","24,95€ / UNID.",
Vinho Tinto do Douro,DUAS QUINTAS,Emb. 0.75 LT,"12,99€","17,32€ / LT",
FITA COLA COLORIDA 3UN,ESQUISSE,Emb. 3 UNID.,"3,49€","1,16€ / UNID.",
Salpicão de Trancoso,SNR,Emb. 0.275 KG,"4,25€","15,45€ / KG",
Salmão Fumado Noruega,RONDE DES MERS,Emb. 0.14 Kg,"6,36€","45,43€ / Kg",
BOLA VOLEI PLASTICO,WOODSUN,Emb. 1 UNID.,"3,49€","3,49€ / UNID.",
Champô Ultimate Repair,GLISS,Emb. 0.25 Lt,"2,24€","8,96€ / Lt",
Bicarbonato,RUSTICA,Emb. 0.05 KG,"0,59€","11,80€ / KG",
Massa Bolonhesa,KNORR,Emb. 0.068 KG,"1,88€","27,65€ / KG",
EXFOLIANTE FACIAL TODO TIPO PELE 75ML,BIONAÏA,Emb. 0.075 LT,"2,48€","33,07€ / LT",
Batatas fritas natas & cebola,PRINGLES,Emb. 0.175 KG,"1,99€","11,37€ / KG",
Alimento Húmido P/ Gato de Frango,LYCAT,Emb. 0.08 KG,"0,75€","9,38€ / KG",
Cotonetes p/ Bebé,JOHNSON'S BABY,Emb. 0.1 UNID.,"1,98€","19,80€ / UNID.",
"GEL ÍNTIMO SUAVE, 250ML",CORINE DE FARME,Emb. 0.25 LT,"2,49€","9,96€ / LT",
ALIMENT BEBE: ESPARGUETE BOLONHESA BIO 12M,BIO VILLAGE BEBE,Emb. 0.23 KG,"2,23€","9,70€ / KG",
Barras de Cereais Special Chocolate,KELLOGG'S,Emb. 0.132 KG,"3,78€","28,64€ / KG",
Arroz Carolino,CIGALA,Emb. 1 KG,"1,14€","1,14€ / KG",
Chá de Ceilão,BRITLEY,Emb. 25 SAQ.,"0,89€","0,04€ / SAQ.",
CREME MAOS ANTI MANCHAS,INELL,Emb. 0.08 LT,"3,09€","38,63€ / LT",
Farinha de Trigo T55,ECO+,Emb. 1 KG,"0,72€","0,72€ / KG",
Alimento Seco P/ Cão Adulto Frango C/ Arroz,PURINA,Emb. 14 KG,"63,28€","4,52€ / KG",
Escova P/Loica C/Dispensador Detergente,SILLAGE,Emb. 1 UNID.,"1,99€","1,99€ / UNID.",
Marmelada Extra,,Emb. 0.9 KG,"2,00€","2,22€ / KG",
Johnson's Baby Champô de Camomila,JOHNSON'S BABY,Emb. 0.75 LT,"7,79€","10,39€ / LT",
Alimento Húmido Gato Completo 6x410g,LYCAT,Emb. 6 UNID.,"5,28€","0,88€ / UNID.",
Amêijoa Vietname Castanha Congelada,,1 Unid. = 0.38 KG (aprox.),"3,29€/kg","1,25€ / Unid.",
Esfregão Salva Unhas Classic,SCOTCH BRITE,Emb. 2 UNID.,"0,99€","0,50€ / UNID.",
Espumante Bruto Branco,TERRAS DO DEMO,Garrafa 0.75 LT,"7,99€","10,65€ / LT",
Espumante Reserva Meio Seco,RAPOSEIRA,Garrafa 0.75 LT,"7,49€","9,99€ / LT",
Pastéis de Feijão,,Emb. 0.3 KG,"1,89€","6,30€ / KG",
Sobremesa Sabor a Baunilha Bolas Chocolate Mix'n Croc 4x117g,DÉLISSE,Emb. 0.468 KG,"1,99€","4,25€ / KG",
GELADO BAUNILHA E SORVETE F.VERMELHOS 900ML ESKISS,ESKISS,Emb. 0.9 LT,"3,37€","3,74€ / LT",
Aclarador de Cabelo Gradual Casting Sunkiss Jelly Castanho Claro 1,L'ORÉAL PARIS,Emb. 1 UNID.,"11,98€","11,98€ / UNID.",
Pistachos Torrados Salgados,ECO+,Emb. 0.2 KG,"2,95€","14,75€ / KG",
Iogurte Líquido Morango 6 Unid.,ACTIMEL,Emb. 0.6 KG,"2,59€","4,32€ / KG",
CHAMPO AUTO 1 L 1L TECH9,TECH9,Emb. 1 LT,"1,69€","1,69€ / LT",
Palmier Coberto,,1 UNID.,"1,00€","1 000,00€ / UNID.",
COPOS BIODEGRADAVEIS 25CL 12UN,HOMESIDE,Emb. 12 UNID.,"2,99€","0,25€ / UNID.",
Costeletas de Novilho,,1 Unid. = 0.2 KG (aprox.),"9,99€/kg","2,00€ / Unid.",
Café Lote Clássico Moagem Grossa,SICAL,Emb. 0.25 KG,"2,39€","9,56€ / KG",
Molho de Tomate com Legumes e Manjericão,,Emb. 0.35 KG,"1,89€","5,40€ / KG",
Jardineira de Novilho Embalada,,1 Unid. = 0.3 KG (aprox.),"5,39€/kg","1,62€ / Unid.",
Refrigerante C/ Gás Maracujá S/ Adição de Açúcar,FANTA,Emb. 1.5 LT,"1,00€","0,67€ / LT",
CANETA MARCADOR FLURESCENTE SORTIDO 4UN,ESQUISSE,Emb. 4 UNID.,"1,59€","0,40€ / UNID.",
Marcadores Ponta Fina,ESQUISSE,Emb. 6 UNID.,"1,99€","0,33€ / UNID.",
Ampolas anti-rugas Q10 energy,NIVEA,Emb. 7 UNID.,"19,99€","2,86€ / UNID.",
Alimento Seco para Cão Croquetes Equilíbrio,LYDOG,Emb. 4 KG,"5,99€","1,50€ / KG",
Whisky,LABEL 5,Garrafa 1 LT,"13,49€","13,49€ / LT",
Bife de Alcatra Vitelão,,1 Unid. = 0.25 KG (aprox.),"9,99€/kg","2,50€ / Unid.",
QUEIJO MOZZARELLA RALADO 22% MG,LES CROISÉS,Emb. 0.15 KG,"1,54€","10,27€ / KG",
Amaciador Cabelo Frágeis Garnier Tesouros de Mel,ULTRA SUAVE,Emb. 0.2 LT,"3,59€","17,95€ / LT",
TIRAS FINISSIMAS BACON FUMADAS (LARDONS) 2X100G,ECO+,Emb. 2 UNID.,"2,23€","1,12€ / UNID.",
Iogurte Mix-In Chocapic 87% Leite 2 Unid.,NESTLÉ,Emb. 0.236 KG,"2,09€","8,86€ / KG",
Sumo Florida sem Conservantes,SUNNY DELIGHT,Garrafa 1.25 LT,"1,64€","1,31€ / LT",
ALGODAO DESMAQUILHANTE BOLAS,INELL,Emb. 100 UNID.,"0,88€","0,01€ / UNID.",
Cerveja com Álcool Stout Mini Preta Saca Fácil 6x20cl,SUPER BOCK,Emb. 1.2 LT,"2,99€","2,49€ / LT",
Escova Borracha Vidros,SILLAGE,Emb. 1 UNID.,"2,49€","2,49€ / UNID.",
Crackers sem Sal na Superfície,GRAN PAVESI,Emb. 0.56 KG,"3,98€","7,11€ / KG",
"CARREGADOR USB 2,4A + CABO USB/MICRO USB 1,2M PRETO",LINKSTER,Emb. 1 UNID.,"13,99€","13,99€ / UNID.",
Amaciador Concentrado Aromaterapia Violeta,VERNEL,Emb. 76 DOSES,"3,99€","0,05€ / DOSES",
Gelatina Light Limão 4 Unid.,ROYAL,Emb. 0.4 KG,"2,18€","5,45€ / KG",
CREME HIDRATANTE BIO 50ML BIO,BIONAÏA,Emb. 0.05 LT,"2,89€","57,80€ / LT",
Desodorizante Spray Homem Active Dry,VASELINE,Emb. 0.25 LT,"2,19€","8,76€ / LT",
Massa Quebrada com Manteiga,TABLIER BLANC,Emb. 0.23 KG,"1,39€","6,04€ / KG",
"AGUA FRIZE,,75CL",FASTIO,,"0,99€",/ Unid.,
Água Micelar Desmaquilhante Tudo em 1,NIVEA,Emb. 0.4 LT,"5,29€","13,23€ / LT",
CEBOLINHAS EM VINAGRE,RUSTICA,Emb. 0.37 LT,"0,83€","2,24€ / LT",
QJ MINI MOZZA 150G,LES CROISÉS,Emb. 0.15 KG,"1,09€","7,27€ / KG",
Alface Roxa,,1 Unid. = 0.4 KG (aprox.),"2,99€/kg","1,20€ / Unid.",
Preparado Sopa Canja Galinha,KNORR,Emb. 0.068 KG,"1,49€","21,91€ / KG",
Conserva de Salsichas Frankfurt 8 Unid.,NOBRE,Lata 0.2 KG,"1,09€","5,45€ / KG",
Triguilho Biológico,,Emb. 0.5 KG,"1,60€","3,20€ / KG",
LENCOS DE PAPEL BRANCOS KIDS 3 FOLHAS  60UN CARESSE,CARESSE,Emb. 60 UNID.,"1,42€","0,02€ / UNID.",
Óleo Alimentar,RUSTICA,Garrafão 3 LT,"8,74€","2,91€ / LT",
Azeite Pet,3 CASTELOS,Garrafa 1 LT,"4,98€","4,98€ / LT",
PIZZA 4 QUEIJOS FORNO LENHA,TURINI,Emb. 0.42 KG,"2,59€","6,17€ / KG",
Vinho Regional Lisboa Rosé Leve,MUNDUS,Garrafa 0.75 LT,"1,69€","2,25€ / LT",
DETERGENTE LIQUIDO ALOE VERA 40D,EPSIL,Emb. 40 DOSES,"4,29€","0,11€ / DOSES",
Champô Hemp + Hydration,TRESEMMÉ,Emb. 0.4 LT,"4,79€","11,98€ / LT",
Gel de Banho Laranja e Manga,VASELINE,Emb. 0.7 LT,"2,99€","4,27€ / LT",
Vinagre Balsâmico Rosé,GALLO,Emb. 0.25 LT,"1,86€","7,44€ / LT",
Pacotinho de Frutas Banana Maçã S/ Glúten +4 meses,NESTLÉ BEBÉ,Emb. 0.09 KG,"1,04€","11,56€ / KG",
Vinho Regional Alentejo Tinto,MARQUÊS DE BORBA,Garrafa 0.75 LT,"5,49€","7,32€ / LT",
100% Cevada,PENSAL,Frasco 0.2 KG,"2,58€","12,90€ / KG",
CABO USB/COMPATIVEL LIGHTNING 2M BRANCO nylon,LINKSTER,Emb. 1 UNID.,"18,57€","18,57€ / UNID.",
Limpa Máquinas de Loiça,,Emb. 0.25 LT,"3,89€","15,56€ / LT",
CREME HIDRATANTE OLEO AMENDOA DOCE,INELL,Emb. 0.2 LT,"2,08€","10,40€ / LT",
Pá Mão,BEAUX JOURS,Emb. 1 UNID.,"3,99€","3,99€ / UNID.",
Conserva de Ervilhas da Horta,COMPAL,Emb. 0.42 KG,"0,99€","2,36€ / KG",
Refrigerante S/ Gás Laranja,AQUARIUS,Emb. 0.5 LT,"0,99€","1,98€ / LT",
Conserva de Salsichas Frankfurt 6 Unid.,NOBRE,Lata 0.12 KG,"0,89€","7,42€ / KG",
Presunto Aperitivo,DAMATTA,Emb. 0.3 KG,"5,81€","19,37€ / KG",
ALIMENT BEBE: PURE LEGUMES FRANGO DO CAMPO BIO +8M 2X200G,BIO VILLAGE BEBE,Emb. 0.4 KG,"2,91€","7,28€ / KG",
GUARDANAPOS AMARELOS FOLHA SIMPLES RENOVA,GUARDANAPOS RENOVA,Emb. 70 UNID.,"0,78€","0,01€ / UNID.",
TARTELETES PURA MANTEIGA C/ RECHEIO CARAMELO E COB CHOCOLATE LEITE,P'TIT DÉLI,Emb. 0.127,"1,59€","12,52€ /",
Creme de Barbear Protector,NIVEA MEN,Emb. 0.1 LT,"2,48€","24,80€ / LT",
Folhas de Salsa,RUSTICA,Frasco 0.012 KG,"0,49€","40,83€ / KG",
BLOCO SANITARIO ACTIV EFFECT AGUA AZUL 2UN,SYPHON,Emb. 2 UNID.,"1,29€","0,65€ / UNID.",
Lenços de bolso Renova Kids,LENÇOS RENOVA,Emb. 10 UNID.,"1,18€","0,12€ / UNID.",
Iogurte Cremoso de Frutas 16x125g,DÉLISSE,Emb. 2 KG,"3,90€","1,95€ / KG",
Cápsulas Café Fortíssimo - Intensidade 12,PLANTATION,Emb. 10 UNID.,"1,79€","0,18€ / UNID.",
Frutas 100% Maçã e Manga S/ Glúten +6 meses 4 Unid.,NATURNES,Emb. 0.4 KG,"2,19€","5,48€ / KG",
CREME DESCOLORANTE ROSTO/CORPO 2UN,SILISS,Emb. 0.1,"3,20€","32,00€ /",
INFUSAO A FRIO FRUTOS VERMELHOS,TISÉA,,"1,85€",/ Unid.,
Kinder Bueno White,KINDER,Emb. 0.043 KG,"1,08€","25,12€ / KG",
PENSOS HIGIENICOS U.FINOS NORMAL C/ABAS 14UN X2,DOULYS,Emb. 28 UNID.,"2,21€","0,08€ / UNID.",
Conserva Atum Albacore Natural 3x133g,PÊCHE OCÉAN,Emb. 0.399 KG,"4,89€","12,26€ / KG",
Mousse à la Liégeoise Baunilha 8x80g,DÉLISSE,Emb. 0.64 KG,"2,68€","4,19€ / KG",
Bebida em Pó Morango,TANG,Emb. 0.03 KG,"0,82€","27,33€ / KG",
Pensos Diários Protegeslip,AUSONIA,Emb. 20 UNID.,"1,49€","0,07€ / UNID.",
CROISSANT CONGELADO 6UN,EPI D'OR,Emb. 0.36,"2,19€","6,08€ /",
CONE CHOCOLATE/PISTACHIO 8UN,ECO+,Emb. 8 UNID.,"2,19€","0,27€ / UNID.",
Crepes Biológicos,,Emb. 0.2 KG,"2,55€","12,75€ / KG",
Papel Higiénico 2 Folhas,MARQUE REPERE,Emb. 12 UNID.,"3,10€","0,26€ / UNID.",
BOLACHAS AREADAS C/ RECH MACA E FRAMBOESA,P'TIT DÉLI,Emb. 0.1 KG,"1,87€","18,70€ / KG",
Vinho Regional Tejo Tinto,QUINTA ALORNA,Garrafa 0.75 LT,"3,49€","4,65€ / LT",
CHAMPO SECO TILIA/MACA 150ML,NATEIS,Emb. 0.15,"2,55€","17,00€ /",
Bioten Creme para as Mãos Anti-Idade,BIOTEN,Emb. 0.1 LT,"2,13€","21,30€ / LT",
Guardanapos Folha Simples,MARQUE REPERE,Emb. 100 UNID.,"0,92€","0,01€ / UNID.",
Atum ao Natural,BOM PETISCO,Emb. 0.12 KG,"1,39€","11,58€ / KG",
Halls Sem Açúcar Eucalipto,HALLS,Emb. 0.032 KG,"0,88€","27,50€ / KG",
Salsichão com Alho Fumado,,Emb. 0.4 KG,"2,30€","5,75€ / KG",
Detergente Manual Loiça Concentrado Limão,FAIRY,Emb. 0.78 LT,"2,69€","3,45€ / LT",
Tablete de Chocolate com Avelãs,TABLETTE D'OR,Emb. 0.2 KG,"2,39€","11,95€ / KG",
PEDACINHOS ATUM COM TOMATE 3X80G,PÊCHE OCÉAN,Emb. 0.24 KG,"2,20€","9,17€ / KG",
Mostarda,PALADIN,Emb. 0.25 KG,"1,64€","6,56€ / KG",
MOLHO CHALOTA,RUSTICA,Emb. 0.3 LT,"1,72€","5,73€ / LT",
B&J Peanut Butter Cup 465ml,,Emb. 0.465 LT,"6,78€","14,58€ / LT",
Palmiers Cobertos com Chocolate de Leite,P'TIT DÉLI,Emb. 0.11 KG,"1,05€","9,55€ / KG",
Sidra com Álcool de Maça 10x33cl,SOMERSBY,Emb. 3.3 LT,"9,69€","2,94€ / LT",
CACAU EM PO SEM ACUCAR - PARA BEBER OU SOBREMESAS,EQUADOR,Emb. 0.25 KG,"1,89€","7,56€ / KG",
Desentupidor,SILLAGE,Emb. 1 UNID.,"2,49€","2,49€ / UNID.",
BARRA CEREAIS ALPERCE,GRAINEA,Emb. 0.13 KG,"1,25€","9,62€ / KG",
FORMAS DE ALUMINIO 2 L 5UN,ELEMBAL,Emb. 5 UNID.,"4,99€","1,00€ / UNID.",
Barra de Cereais com Chocolate Preto e Amendoim,ECO+,Emb. 6 UNID.,"0,96€","0,16€ / UNID.",
Alimento Seco P/ Gato Croquetes Salmão e Legumes,LYCAT,Emb. 2 KG,"4,29€","2,15€ / KG",
Tira Gorduras Perfumado,MISTOLIN,Emb. 0.545 LT,"3,28€","6,02€ / LT",
BOLA FUTEBOL PREMIUM T5,WOODSUN,Emb. 1 UNID.,"9,25€","9,25€ / UNID.",
Iogurte Líquido Proteíco Tropical Lindahls,NESTLÉ,Emb. 0.33 LT,"1,89€","5,73€ / LT",
Queijo Fatiado Castelões Original,CASTELÕES,Emb. 0.2 KG,"2,38€","11,90€ / KG",
BOLACHAS PARA GELADOS,P'TIT DÉLI,Emb. 0.1 KG,"1,48€","14,80€ / KG",
Lava Tudo Sabão Natural,CLAIR,Emb. 2 LT,"0,90€","0,45€ / LT",
Bolachas Soft Bakes Frutos Vermelhos,BELVITA,Emb. 0.25 KG,"2,99€","11,96€ / KG",
Espumante Doce,SALVE,Garrafa 0.75 LT,"2,89€","3,85€ / LT",
BACON FUMADO FATIAS FINAS 2X100G,TRADILÈGE,,"3,48€",/ Unid.,
Polpa de Tomate 100% Português,COMPAL,Frasco 0.5 KG,"1,08€","2,16€ / KG",
Tarte Gelada Caramel Biscuit,VIENNETTA,Emb. 0.65 LT,"3,98€","6,12€ / LT",
Papel Anti-Traças,RAID,Emb. 4 UNID.,"1,98€","0,50€ / UNID.",
MÁQUINA BARBEAR 3 LAMINAS DESCARTAVEL,CARRÉ HOMME,Emb. 8 UNID.,"3,96€","0,50€ / UNID.",
Tagliatelles sem Glúten,CHAQUE JOUR SANS GLUTEN,Emb. 0.25 KG,"1,79€","7,16€ / KG",
Amaciador Surf Concentrado Jasmim E Maçã Verde 90 Doses,SURF,Emb. 1.8 LT,"3,49€","1,94€ / LT",
Saboneteira Branco,SILLAGE,Emb. 1 UNID.,"1,29€","1,29€ / UNID.",
Conjunto de 4 Escovas Metálicas,ECO+,Emb. 4 UNID.,"3,99€","1,00€ / UNID.",
IOGURTE C/PEDACOS VARIOS SABORES,DÉLISSE,Emb. 2 KG,"3,49€","1,75€ / KG",
Escova Colgate 360º Advanced Média,COLGATE,Emb. 1 UNID.,"4,98€","4,98€ / UNID.",
Alimento Húmido Gato Menu Completo em Salsa e Molho 4x100g,LYCAT,Emb. 4 KG,"1,59€","0,40€ / KG",
Sumo 100% Tomate Biológico,,Emb. 1 LT,"1,39€","1,39€ / LT",
Champô Anti-Caspa Linic Sem Controlo Oleosidade,LINIC,Emb. 0.225 LT,"3,34€","14,84€ / LT",
Café Moagem Universal Brasil,DELTA,Emb. 0.22 KG,"3,68€","16,73€ / KG",
Cotonetes Algodão C/ Cabo Papel Ziplock,INELL,Emb. 160 UNID.,"0,79€","0,00€ / UNID.",
SALAME C/PIMENTA,ST AZAY,Emb. 0.15 KG,"2,64€","17,60€ / KG",
Nutella,NUTELLA,Emb. 0.2 KG,"1,99€","9,95€ / KG",
BISCOITOS DE COCO,P'TIT DÉLI,Emb. 0.4 KG,"1,55€","3,88€ / KG",
Balde de Pipocas Doces,TOKAPI,Emb. 0.24 KG,"3,10€","12,92€ / KG",
Gelado de Chocolate Pack 6,CORNETTO,Emb. 0.54 LT,"4,98€","9,22€ / LT",
BL1 LED FILA CHAMA 4-40W E14,FOXTER,Emb. 1 UNID.,"3,61€","3,61€ / UNID.",
Champô Seco Volume,TRESEMMÉ,Emb. 0.25 LT,"5,39€","21,56€ / LT",
Iogurte Líquido Banana 4 Unid.,YOGGI,Emb. 0.64 KG,"2,09€","3,27€ / KG",
Arroz Basmati,,Emb. 1 KG,"1,89€","1,89€ / KG",
Refrigerante C/ Gás,COCA COLA,Garrafa 0.5 LT,"0,99€","1,98€ / LT",
Molho de Bolonhesa,TURINI,Emb. 0.19 KG,"0,69€","3,63€ / KG",
PAEZINHOS 4X75G PRE-COZIDOS,EPI D'OR,Emb. 0.3 KG,"1,53€","5,10€ / KG",
Esparguete,TURINI,Emb. 1 KG,"1,50€","1,50€ / KG",
SUBLINHADORES SORTIDOS 4UN,ESQUISSE,Emb. 4 UNID.,"2,99€","0,75€ / UNID.",
BL1 LED FILA STANDARD 7W-60W E27 LUZ AMARELA,FOXTER,Emb. 1 UNID.,"5,35€","5,35€ / UNID.",
"AGUA FASTIO,,6x33CL",FASTIO,,"1,88€",/ Unid.,
AGUARDENTE CURVADA  Vínica Velha Cx. Cartão 70CL,,0.07 CL,"24,99€","357,00€ / CL",
SYOSS COLOR 4-8 CASTANHO CHOCOLATE 16X3,SYOSS,,"4,99€",/ Unid.,
Ambientador Máquina Loiça Limão,FINISH,Emb. 2 UNID.,"4,99€","2,50€ / UNID.",
Alimento Seco P/ Gato Carne Vaca Frango Legumes,PURINA FRISKIES,Emb. 4 KG,"15,98€","4,00€ / KG",
DESENTUPIDOR CANOS GEL 1L,SYPHON,Emb. 1 LT,"1,39€","1,39€ / LT",
Detergente Líquido Multisuperficies Lavanda,SONASOL,Emb. 1.3 LT,"2,09€","1,61€ / LT",
"ALHO EMB 250GR Org Esp, cal.50/70",,Emb. 0.25 KG,"1,39€","5,56€ / KG",
Massa Cotovelinhos Chifferini,MILANEZA,Emb. 0.5 KG,"1,19€","2,38€ / KG",
"BL1 LED ESFERA 5,5W-40W E14 LUZ AMARELA",FOXTER,Emb. 1 UNID.,"2,99€","2,99€ / UNID.",
Detergente para a Máquina da Loiça,SUN,Emb. 1.575 KG,"12,34€","7,83€ / KG",
Bebida à Base de Avelã,NAT&VIE,Emb. 1 LT,"1,69€","1,69€ / LT",
CERA LIQUIDA INCOLOR 75ML,LA VACHETTE,Emb. 0.075 LT,"2,15€","28,67€ / LT",
NAPERONS RECTANGULARES 40X50CM,,Emb. 3 UNID.,"0,85€","0,28€ / UNID.",
Conserva de Salsichas Frankfurt 6 Unid.,IZIDORO,Lata 0.12 KG,"0,83€","6,92€ / KG",
Óleo Intense 6-80 Louro Avelã,SYOSS,,"6,24€",/ Unid.,
Creme Culinário Côco,NAT&VIE,Emb. 0.25 LT,"1,49€","5,96€ / LT",
Salada Iceberg,,Emb. 0.25 KG,"1,19€","4,76€ / KG",
Canela em Pau Especiarias,RUSTICA,Emb. 0.03 KG,"0,86€","28,67€ / KG",
Papel Higiénico 2 Folhas Super,RENOVA,Emb. 48 ROLOS,"14,64€","0,31€ / ROLOS",
COPOS DECORATIVOS CAFE 10CL,HOMESIDE,Emb. 25 UNID.,"0,99€","0,04€ / UNID.",
Bolachas Sticks com Cobertura Chocolate Branco 30Unid.,P'TIT DÉLI,Emb. 0.15 KG,"1,05€","7,00€ / KG",
PIRIPIRI MOIDO,RUSTICA,Emb. 0.05 KG,"0,81€","16,20€ / KG",
CONE NATA CHOCOLATE 6UN,SMICY,Emb. 0.12 LT,"1,69€","14,08€ / LT",
TABULEIRO 30*20,ECO+,Emb. 1 UNID.,"2,99€","2,99€ / UNID.",
Deo Creme Hidra Essencial 0% Álcool,VASELINE,Emb. 0.05 LT,"2,84€","56,80€ / LT",
Biscoitos Tranças com Cobertura de Chocolate de Leite,P'TIT DÉLI,Emb. 0.09 KG,"1,60€","17,78€ / KG",
BETERRABAS VERMELHAS X3 3X200G,NOTRE JARDIN,Emb. 0.6 KG,"1,55€","2,58€ / KG",
Chá Verde de Pêssego Branco,LIPTON,Emb. 1 LT,"1,28€","1,28€ / LT",
OLEO BARBA LONGA 50ML,CARRÉ HOMME,,"3,05€",/ Unid.,
Pantene Frizz Control & Luminosidade Condicionador 160 ml,,Emb. 0.16 LT,"4,98€","31,13€ / LT",
GLISS REPARAÇÃO PONTAS ESPIGADAS,GLISS,Emb. 0.05 LT,"3,79€","75,80€ / LT",
PIZZA ROYALE MOELLEUSE,TURINI,Emb. 0.6 KG,"2,99€","4,98€ / KG",
BOLACHAS PEQUENO ALMOCO MEL E PEPITAS CHOCO,P'TIT DÉLI,Emb. 0.4 KG,"1,88€","4,70€ / KG",
Costeletas de Lombo Porco,,1 Unid. = 0.3 KG (aprox.),"4,39€/kg","1,32€ / Unid.",
Vinho Branco Frutado,CORAÇÃO DA MINHA,Garrafa 0.75 LT,"1,39€","1,85€ / LT",
Estojo C/ Escova de Dentes e Copo Cor de Rosa 2-6 Anos,PETIT DENTAMYL,Emb. 1 UNID.,"2,49€","2,49€ / UNID.",
Milho Doce Embalado,,1 Unid. = 0.4 KG  (aprox.),"2,23€/kg","0,89€ / Unid.",
Café Cápsulas Saboroso Intensidade 9,PLANTATION,Emb. 16 CAPS.,"2,59€","0,16€ / CAPS.",
Paté para cão de Frango e Carne,TOUS MES AMIS,Emb. 0.3 KG,"0,75€","2,50€ / KG",
REFRIGERANTE S/GAS TROPICAL,JAFUN,Emb. 10,"3,49€","0,35€ /",
"GEL HIGIENE ÍNTIMA FRESH, 250ML",CORINE DE FARME,Emb. 0.25 LT,"2,99€","11,96€ / LT",
Creme Depilatório Pele Sensível,SILISS,Emb. 0.2 LT,"2,93€","14,65€ / LT",
Cápsulas Café Ristretto Barista,DOLCE GUSTO,Emb. 30 CAPS.,"10,48€","0,35€ / CAPS.",
Creme Protector Muda Fraldas,MOTS D'ENFANTS,Emb. 0.1 LT,"2,35€","23,50€ / LT",
Bolachas de Cacau Recheadas C/ Creme Baunilha,P'TIT DÉLI,Emb. 0.176 KG,"0,93€","5,28€ / KG",
Sumo 100% 3 Citrinos,JAFADEN,Emb. 1 LT,"1,69€","1,69€ / LT",
Barrinhas P/ Canários sabor a Frutas,TOUS MES AMIS,Emb. 0.06 KG,"1,58€","26,33€ / KG",
Vodka Blue,ABSOLUT,Garrafa 0.7 LT,"17,99€","25,70€ / LT",
FILETES DE CAVALA COM TOMATE E MANJERICAO,PÊCHE OCÉAN,Emb. 0.16 KG,"1,75€","10,94€ / KG",
Creme de Banho Care,NIVEA,Emb. 0.75 LT,"3,49€","4,65€ / LT",
COLORACAO VEGETAL LOURO ESCURO BIO,BIONAÏA,Emb. 1 UNID.,"6,99€","6,99€ / UNID.",
Caldo Galinha 6 Cubos,MAGGI,Emb. 0.06 KG,"0,89€","14,83€ / KG",
Vinho do Porto 10 Anos,FERREIRA,Garrafa 0.75 LT,"16,98€","22,64€ / LT",
CREME DE CENOURA,REGAL SOUPE,Emb. 0.35 KG,"1,63€","4,66€ / KG",
CREME SABOR BAUNILHA,DÉLISSE,Emb. 0.4,"2,62€","6,55€ /",
Pacotinho de Frutas S/ Glúten,NESTLÉ BEBÉ,Emb. 0.09 KG,"1,04€","11,56€ / KG",
ESTENDAL VARANDA 7M,HOMESIDE,Emb. 1 UNID.,"9,99€","9,99€ / UNID.",
CHA PRETO CEILAO BIO,,Emb. 20 UNID.,"1,79€","0,09€ / UNID.",
FEIJOCAS FERBAR 580G,FERBAR,Emb. 0.58 KG,"1,56€","2,69€ / KG",
Vitelão para Cozer,,1 Unid. = 0.85 KG (aprox.),"5,98€/kg","5,08€ / Unid.",
TOMATES SECOS EM OLEO GIRASSOL E AZEITE,RUSTICA,Emb. 0.28 KG,"2,39€","8,54€ / KG",
Ervilhas e Cenouras Extra Finas,NOTRE JARDIN,Emb. 0.8 KG,"2,18€","2,73€ / KG",
Fralda Cueca T5 12/18Kg,MOTS D'ENFANTS,Emb. 20 UNID.,"5,95€","0,30€ / UNID.",
Escova Dentes Extra Interdental Média,AQUAFRESH,Emb. 1 UNID.,"3,19€","3,19€ / UNID.",
Conserva de Azeitona Mista,RUSTICA,Emb. 0.3 KG,"2,05€","6,83€ / KG",
Batata Doce,,1 Unid. = 0.29 KG (aprox.),"1,59€/kg","0,46€ / Unid.",
Fraldas Recém Nascido T1 Ultra Confort 2/5Kg,MOTS D'ENFANTS,Emb. 23 UNID.,"3,51€","0,15€ / UNID.",
Ambientador Recarga Freshmatic White Bouquet,AIR WICK,Emb. 2 UNID.,"7,09€","3,55€ / UNID.",
Vinho Regional Alentejano Tinto,SOVIBOR,Garrafa 0.75 LT,"2,69€","3,59€ / LT",
Tostas de Trigo,EPI D'OR,Emb. 0.9 KG,"2,61€","2,90€ / KG",
Ice tea Manga 2x2lt,LIPTON,Emb. 4 LT,"4,99€","1,25€ / LT",
Massa Cotovelinhos,ECO+,Emb. 1 KG,"1,42€","1,42€ / KG",
Assar de Novilho,,1 Unid. = 0.87 KG (aprox.),"6,99€/kg","6,08€ / Unid.",
Conserva de Feijão Manteiga,NOTRE JARDIN,Lata 0.85 KG,"0,99€","1,16€ / KG",
MIOLO DE CAMARAO 80/120,PÊCHE OCÉAN,Emb. 0.25 KG,"3,28€","13,12€ / KG",
Douradinhos 30 Unid. Ultracongelado,CAPITÃO IGLO,Emb. 0.84 KG,"7,49€","8,92€ / KG",
Café Lote Bocage Moagem Única,NICOLA,Emb. 0.25 KG,"3,63€","14,52€ / KG",
Saco Congelação C/ Zip Médio,ELEMBAL,Emb. 15 UNID.,"2,20€","0,15€ / UNID.",
Fiambre à italiana Fatias,TRADILÈGE,Emb. 0.12 KG,"1,99€","16,58€ / KG",
Limpa Vidros Anti Embaciamento,AJAX,Spray 0.5 LT,"3,58€","7,16€ / LT",
Pantene Creme de Pentear Sem Enxaguar Caracóis 270ml,PANTENE PV,Emb. 0.27 LT,"4,49€","16,63€ / LT",
Sumo Multifrutos 100% Puro,JAFADEN,Emb. 1 LT,"1,49€","1,49€ / LT",
NUGGETS FRANGO 20UN FAMILIAR,CÔTÉ CROC,Emb. 0.4 KG,"2,99€","7,48€ / KG",
Pá de Porco com Osso e Courato,,1 Unid. = 1.1 KG (aprox.),"3,99€/kg","4,39€ / Unid.",
COLORACAO CASTANHO CLARO 5.0 S/AMONIACO,VITANOVE,Emb. 1 UNID.,"3,89€","3,89€ / UNID.",
Iogurte Líquido Déli´Up Morango 10x100g,DÉLISSE,Emb. 1 KG,"2,99€","2,99€ / KG",
Champomy,CHAMPOMY,Garrafa 0.75 LT,"2,96€","3,95€ / LT",
YOFU SOJA MIRTILO 4x125G,ALPRO,Emb. 0.5 LT,"2,88€","5,76€ / LT",
Feijão Verde Muito Fino Ultracongelado,NOTRE JARDIN,Emb. 1 KG,"1,64€","1,64€ / KG",
Dove Go Fresh Gel de Banho Chá Verde,DOVE,Emb. 0.75 LT,"4,19€","5,59€ / LT",
QUEIJO FRESCO CLASSICO,QUEIJO NA TÁBUA,Emb. 0.125 KG,"1,19€","9,52€ / KG",
Iced Tea Pêssego,ECO+,Emb. 1.5 LT,"0,89€","0,59€ / LT",
Mini Pizzas Piccolinis Salame,BUITONI,Emb. 0.27 KG,"3,98€","14,74€ / KG",
Mini Gelados Baunilha C/ Drageias,SMICY,Emb. 6 UNID.,"2,99€","0,50€ / UNID.",
Biscoitos com Pepitas de Chocolate Preto Biológico,,Emb. 0.14 KG,"2,26€","16,14€ / KG",
OIKOS PESSEGO 110G X4,OIKOS,Emb. 0.44 KG,"2,39€","5,43€ / KG",
Sacos de Lixo Ultra Resistentes com Atilhos 20x30L,ELEMBAL,Emb. 20 UNID.,"2,06€","0,10€ / UNID.",
Água C/ Gás 6x25cl,CASTELLO,Emb. 1.5 LT,"2,68€","1,79€ / LT",
Miolo de Caju C/ Sal,MARQUE REPERE,Emb. 0.15 KG,"2,61€","17,40€ / KG",
Leite UHT Meio Gordo,AGROS,Emb. 0.6 LT,"1,18€","1,97€ / LT",
Café Torrado em Grão Intensidade 12,BUONDI,Emb. 0.22 KG,"3,68€","16,73€ / KG",
COLORACAO LOURO CINZENTO 7.1 S/AMONIACO,VITANOVE,Emb. 1 UNID.,"3,64€","3,64€ / UNID.",
Batatas Fritas Lisas,ECO+,Emb. 0.2 KG,"1,13€","5,65€ / KG",
Bolachas Amanteigadas,P'TIT DÉLI,Emb. 0.2 KG,"1,39€","6,95€ / KG",
Queijo Flamengo S/ Lactose Fatias,PAIVA,Emb. 0.15 Kg,"2,28€","15,20€ / Kg",
Chocolate de Leite,MILKA,Emb. 0.09 KG,"1,68€","18,67€ / KG",
Gelado Stracciatella,ESKISS,Emb. 0.9 LT,"2,69€","2,99€ / LT",
Puré Maçã S/ Adição de Açúcar,DOUCEUR DU VERGER,Emb. 1.6 KG,"4,30€","2,69€ / KG",
Detergente Manual Loiça Limão,SUPER POP,Emb. 0.7 LT,"1,49€","2,13€ / LT",
Arroz Agulha,CIGALA,Emb. 1 KG,"1,24€","1,24€ / KG",
Esparguete à Carbonara,KNORR,Emb. 0.036 KG,"1,53€","42,50€ / KG",
Queijo Curado Apimentado Alavão,SALOIO,1 Unid. = 1.492 KG (aprox.),"10,99€/kg","16,40€ / Unid.",
Caldos Legumes Desidratado Biológico 8x80g,,Emb. 0.08 KG,"1,49€","18,63€ / KG",
Sobremesa Creme de Baunilha 4X125g,DÉLISSE,Emb. 0.5 KG,"1,49€","2,98€ / KG",
Vinho Tinto,PARCELA DE PIAS,Bag in Box 5 LT,"6,29€","1,26€ / LT",
MARCADOR PRETO P/QUADRO BRANCO 2UN,ESQUISSE,Emb. 2 UNID.,"0,89€","0,45€ / UNID.",
Mini Snacks Gato Salmão,TOUS MES AMIS,Emb. 0.06 KG,"0,79€","13,17€ / KG",
"Mini Picadora 1,5L 500W",ELSAY,Emb. 1 UNID.,"34,66€","34,66€ / UNID.",
Dentes de Alho,,Emb. 0.25 KG,"2,32€","9,28€ / KG",
NATAS LIQUIDAS UHT GARRAFA 15%MG,DÉLISSE,Emb. 0.5 KG,"1,96€","3,92€ / KG",
Toalhitas WC Criança Origem Vegetal,MOTS D'ENFANTS,Emb. 60 UNID.,"1,72€","0,03€ / UNID.",
PANO SUAVE ULTRA FRESH 2UN,VILEDA,Emb. 2 UNID.,"2,95€","1,48€ / UNID.",
Vinho do Porto Especial Reserva,DORRÃO,Emb. 0.75 LT,"7,99€","10,65€ / LT",
Bolachas com Cobertura de Chocolate de Leite,,Emb. 0.2 KG,"1,79€","8,95€ / KG",
BARRINHAS KINDER CHOCOLATE T24 300G,KINDER,Emb. 0.3 KG,"4,18€","13,93€ / KG",
CHOCOLATE CULINARIA PRALINE,TABLETTE D'OR,Emb. 0.2 KG,"1,99€","9,95€ / KG",
Conserva de Feijão Manteiga Cozido,NOTRE JARDIN,Frasco 0.57 KG,"0,72€","1,26€ / KG",
Bolo em Barra 2x500g,,Emb. 1 KG,"2,90€","2,90€ / KG",
Sumo de Laranja e Manga,JOI,Garrafa 1.5 LT,"1,04€","0,69€ / LT",
Vinho Regional Douro Branco,PAPA FIGOS,Garrafa 0.75 LT,"7,48€","9,97€ / LT",
Tablete Chocolate Branco Culinária,PANTAGRUEL,Emb. 0.2 KG,"2,58€","12,90€ / KG",
Aditivo para Roupa Delicada Brancos,VANISH,Emb. 5 KG,"6,49€","1,30€ / KG",
Fondue de Novilho,,1 Unid. = 0.46 KG  (aprox.),"11,99€/kg","5,52€ / Unid.",
Gel de Banho para Corpo e Cabelo,DOVE,Emb. 0.4 LT,"3,29€","8,23€ / LT",
Elixir 12 Horas Protection,COLGATE,Emb. 0.5 LT,"6,98€","13,96€ / LT",
Bigburger Vegetais 2 Unid. Ultracongelado,CAPITÃO IGLO,Emb. 0.25 KG,"4,78€","19,12€ / KG",
Abrasivo Sanitário Active Fresh Pinho,HARPIC,Emb. 0.75 LT,"1,94€","2,59€ / LT",
Vinho do Porto Velhotes Tawny,CALEM,Garrafa 0.75 LT,"4,99€","6,65€ / LT",
ALIMENT BEBE: PURE LEGUMES VERDES MASSA PERU BIO +8M 2X200G,BIO VILLAGE BEBE,Emb. 0.4 KG,"2,88€","7,20€ / KG",
Cereais Granola de Aveia Mel,NESTLÉ,Emb. 0.3 KG,"2,79€","9,30€ / KG",
Ambientador Máquina Loiça,FINISH,Emb. 1 UNID.,"3,24€","3,24€ / UNID.",
Sabonete Líquido Naturals Pele Sensível,PALMOLIVE,Emb. 0.3 LT,"3,78€","12,60€ / LT",
COMEDOURO DUPLO GRANDE,ECO+,Emb. 1 UNID.,"1,40€","1,40€ / UNID.",
Coloração Longa Duração Belle Color 5.3 Castanho Claro Dourado,GARNIER,Emb. 1 UNID.,"5,98€","5,98€ / UNID.",
Ice Tea Double Maracujá e Manga,LIPTON,Garrafa 2 LT,"2,49€","1,25€ / LT",
Manteiga com Sal Guerand Dop,NOS RÉGIONS ONT DU TALENT,Emb. 0.25 KG,"2,74€","10,96€ / KG",
CEREAIS MUESLI 5 FRUTAS,GRAINEA,Emb. 0.5 KG,"2,95€","5,90€ / KG",
Amaciador Roupa Concentrado Intense Care Protect,COMFORT,Emb. 60 DOSES,"3,99€","0,07€ / DOSES",
MARCADOR PERMANENTE VARIAS CORES,ESQUISSE,Emb. 4 UNID.,"1,59€","0,40€ / UNID.",
Costeletão de Vitelão,,1 Unid. = 0.35 KG (aprox.),"6,99€/kg","2,45€ / Unid.",
"PULVERIZADOR MANUAL 1,5L",BEAUX JOURS,Emb. 1 UNID.,"2,99€","2,99€ / UNID.",
LIMPA VIDROS C/ PISTOLA,CLAIR,Emb. 0.75 LT,"0,79€","1,05€ / LT",
Bebida de Arroz Original,SHOYCE,Emb. 1 LT,"1,78€","1,78€ / LT",
Escova de Dentes Criança Unicórnio Luminoso,PETIT DENTAMYL,Emb. 1 UNID.,"2,49€","2,49€ / UNID.",
OVOS FRESCOS L/M/S BIO,,Emb. 6 UNID.,"2,29€","0,38€ / UNID.",
Chá Cherry Love,LIPTON,Emb. 20 SAQS,"1,94€","0,10€ / SAQS",
Cereais de Milho S/ Glúten C/ Chocolate Corn Flakes,NESTLÉ,Emb. 0.375 KG,"2,24€","5,97€ / KG",
SNACK BACON,TOKAPI,Emb. 0.065 KG,"0,70€","10,77€ / KG",
XAU LIMPA MAQ EXPRESS,XAU,Emb. 0.25 LT,"4,99€","19,96€ / LT",
OIKOS MANGA-PAPAIA,OIKOS,Emb. 0.44 KG,"2,39€","5,43€ / KG",
Feijoada Transmontana,NOBRE,Lata 0.42 KG,"1,76€","4,19€ / KG",
Cerveja sem Álcool 6x33cl,SUPER BOCK,Emb. 1.98 LT,"4,49€","2,27€ / LT",
Azeite Virgem Extra Colheita Madura,GALLO,Emb. 0.5 LT,"4,99€","9,98€ / LT",
Vinho Regional Douro Branco,ADEGA DE VILA REAL,Garrafa 0.75 LT,"2,68€","3,57€ / LT",
2 Lombos de Salmão,,Emb. 0.25 KG,"9,99€","39,96€ / KG",
Detergente Máquina Roupa Líquido Lãs e Sedas,WOOLITE,Emb. 25 DOSES,"3,49€","0,14€ / DOSES",
CAPA PLASTICA C/ELASTICO A4 3UN,ESQUISSE,Emb. 3 UNID.,"2,99€","1,00€ / UNID.",
Escova de Bambu Suave,COLGATE,Emb. 1 UNID.,"2,99€","2,99€ / UNID.",
BATATAS FRITAS POM´LISSE,POM'LISSE,Emb. 0.15 KG,"1,07€","7,13€ / KG",
Escova de Dentes Max White,COLGATE,Emb. 1 UNID.,"3,98€","3,98€ / UNID.",
Achocolatado em Pó,ECO+,Emb. 0.4 KG,"1,35€","3,38€ / KG",
Néctar 100% Maçã,COMPAL,Emb. 1 LT,"1,68€","1,68€ / LT",
LUVA AUTO MOPA ANTI-MOSQUITOS,TECH9,Emb. 1 UNID.,"2,85€","2,85€ / UNID.",
Marcadores de Colorir Laváveis Ponta Média,ESQUISSE,,"2,07€",/ Unid.,
Pão Alentejano,,1 Unid. = 0.8 KG,"0,99€","1,24€ / KG",
Bebida de Amêndoa 0%,SHOYCE,Emb. 1 LT,"2,18€","2,18€ / LT",
MAQ.BARBEAR 3 LAMINAS + 2 RECARGAS,CARRÉ HOMME,Emb. 1 UNID.,"3,21€","3,21€ / UNID.",
Chá Menta,TETLEY,Emb. 10 SAQ.,"0,86€","0,09€ / SAQ.",
Detergente Máquina Roupa Cápsulas Regular,A+,Emb. 38 DOSES,"8,48€","0,22€ / DOSES",
Gel Garnier Extra Forte 3 Estructurante,FRUCTIS,Emb. 0.2 LT,"5,48€","27,40€ / LT",
Gel Casa de Banho Limpeza Brilhante,CIF,Emb. 0.75 LT,"1,39€","1,85€ / LT",
GUACAMOLE M.REPERE,TABLES DU MONDE,Emb. 0.3,"1,99€","6,63€ /",
Papa Infantil P/ Preparar C/ Leite,CERELAC,Emb. 0.25 KG,"1,49€","5,96€ / KG",
Conjunto de 4 Suportes Adesivos Brancos,ECO+,Emb. 4 UNID.,"0,59€","0,15€ / UNID.",
Atum em Tomate Biológico,BOM PETISCO,Emb. 0.12 KG,"1,67€","13,92€ / KG",
Cillit Bang Casa de Banho 500ML x12,CILLIT BANG,Emb. 0.5 LT,"2,24€","4,48€ / LT",
PIZZA BOLONHESA 3UN,TURINI,Emb. 1.05 KG,"5,73€","5,46€ / KG",
Chouriço da Beira Baixa,SNR,Emb. 0.2 KG,"2,40€","12,00€ / KG",
Elixir Triple Action,COLGATE,Emb. 0.5 LT,"4,98€","9,96€ / LT",
MOLHO SOJA,TABLES DU MONDE,Emb. 0.125 LT,"0,93€","7,44€ / LT",
Creme de Mãos Óleo de Côco,DOVE,Emb. 0.075 LT,"2,59€","34,53€ / LT",
Iogurte Bifidus Aveia e Nozes 4 Unid.,DANONE,Emb. 0.48 KG,"2,19€","4,56€ / KG",
Queijo de Barrar Alho Ervas Finas 9x20g,LES CROISÉS,Emb. 0.18 KG,"1,29€","7,17€ / KG",
Chouriço Picante,,Emb. 0.25 KG,"1,95€","7,80€ / KG",
Body Milk Repara & Cuida 72h Pele Extra Seca,NIVEA,Emb. 0.25 LT,"6,59€","26,36€ / LT",
Alimento Húmido para Cão Patê Aves,ECO+,Emb. 0.3 KG,"0,55€","1,83€ / KG",
Fita Adesiva Reparação Grande 25Metros,FOXTER,Emb. 1 UNID.,"4,39€","4,39€ / UNID.",
Tenaz Russa 225 Mm,FOXTER,Emb. 1 UNID.,"6,05€","6,05€ / UNID.",
CANETA ROLLER PONTA MEDIA VARIAS CORES,ESQUISSE,Emb. 3 UNID.,"1,99€","0,66€ / UNID.",
Conserva de Feijão Frade Cozido,NOTRE JARDIN,Lata 0.85 KG,"0,99€","1,16€ / KG",
Conserva de Feijão Branco Cozido,NOTRE JARDIN,Frasco 0.57 KG,"0,81€","1,42€ / KG",
Rolo de Cozinha Maxi XXL,RENOVA,Emb. 2 ROLOS,"2,24€","1,12€ / ROLOS",
Yofu Polpa 4x125g,,Emb. 0.5 KG,"2,88€","5,76€ / KG",
Toalhitas Clássicas Recarga,MOTS D'ENFANTS,Emb. 72 UNID.,"1,47€","0,02€ / UNID.",
FEIJAO BRANCO LATA MGUIA,NOTRE JARDIN,Emb. 0.425 KG,"0,74€","1,74€ / KG",
ATUM EM OLEO GIRASSOL REDONDO,PÊCHE OCÉAN,Emb. 0.085 KG,"0,69€","8,12€ / KG",
Gelatina de Manga,KOALA,Emb. 0.13 KG,"1,07€","8,23€ / KG",
Bolachas Cobertas Chocolate Leite,MILKA,Emb. 0.15 KG,"2,48€","16,53€ / KG",
SPRAY ANTICALCARIO WC ECOLOGICO 750ML,UNÍ VERT,Emb. 0.75 LT,"2,08€","2,77€ / LT",
COUVE FLOR,RUSTICA,Emb. 0.36 KG,"1,10€","3,06€ / KG",
Xau Limpa Máquinas Limão 2Packx12,XAU,,"6,99€",/ Unid.,
Bolos com Recheio de Chocolate 14Unid.,,Emb. 0.42 KG,"2,66€","6,33€ / KG",
Café Solúvel em Saquetas,NESCAFÉ,Emb. 6 UNID.,"3,48€","0,58€ / UNID.",
Miolo de Amendoim C/ Mel e Sal,MARQUE REPERE,Emb. 0.25 KG,"1,60€","6,40€ / KG",
Leite Bem Especial Crescimento 1 a 3 anos,MIMOSA,Emb. 1 LT,"1,78€","1,78€ / LT",
SACO CONGELACAO MEDIO 22X35,ELEMBAL,Emb. 50 UNID.,"1,19€","0,02€ / UNID.",
Caldo de Peixe,KNORR,Emb. 8 CUBOS,"1,39€","0,17€ / CUBOS",
Vinho Branco JP,BACALHÔA,Garrafa 0.75 LT,"2,19€","2,92€ / LT",
Creme Limpeza Lixívia e Micro-Cristais,CIF,Emb. 0.7 LT,"2,49€","3,56€ / LT",
Bolachas Digestivas Maça,TRIUNFO,Emb. 0.171 KG,"1,68€","9,82€ / KG",
Bebida de Aveia sem Açúcar,ALPRO SOYA,Emb. 1 LT,"2,38€","2,38€ / LT",
Conserva de Feijão Preto Cozido,NOTRE JARDIN,Lata 0.425 KG,"0,79€","1,86€ / KG",
Cera Depilatória a base de Açúcar,VEET,Emb. 0.025 LT,"5,94€","237,60€ / LT",
Cerveja com Álcool Mini 30x25cl,SAGRES,Emb. 7.5 LT,"12,69€","1,69€ / LT",
Ração para Gato Esterilizado Controlo de Peso de Frango,PURINA,Emb. 1.5 KG,"11,98€","7,99€ / KG",
Body Milk Nutritivo Pele Seca,NIVEA,Emb. 0.4 LT,"4,99€","12,48€ / LT",
Champô Anti-Caspa Men Limpeza Profunda,LINIC,Emb. 0.36 LT,"4,94€","13,72€ / LT",
Desodorizante Invisible Aqua Woman Desodorizante Spray,REXONA,Emb. 0.15 LT,"2,54€","16,93€ / LT",
Espinafres Ultracongelados,BONDUELLE,Emb. 0.4 KG,"1,83€","4,58€ / KG",
Iogurte Grego Natural,YAOS,Emb. 0.45 KG,"1,99€","4,42€ / KG",
Preservativo Ultrafeel,CONTROL,Emb. 10 UNID.,"6,99€","0,70€ / UNID.",
Bolachas de Chocolate com Pepitas de Chocolate,ECO+,Emb. 0.2 KG,"1,29€","6,45€ / KG",
BOLA FUTEBOL T5,WOODSUN,Emb. 1 UNID.,"5,99€","5,99€ / UNID.",
Legumes para Sopa,NOTRE JARDIN,Emb. 1 KG,"1,69€","1,69€ / KG",
Desodorizante Roll-On Cotton Dry 48H,REXONA,Emb. 0.05 LT,"2,69€","53,80€ / LT",
Gelatina em Pó Tutti-Frutti 2x80 g,TABLIER BLANC,Emb. 0.17 KG,"0,94€","5,53€ / KG",
Detergente para a Maquina da Roupa Active Fresh,SKIP,Emb. 1.458 KG,"14,99€","10,28€ / KG",
Alimento Seco P/ Cão Frango,FRISKIES,Emb. 1.5 KG,"4,84€","3,23€ / KG",
Queijo Curado Meio Gordo Fonte Mouisca,LACTO SERRA,1 Unid. = 0.25 KG (aprox.),"8,99€/kg","2,25€ / Unid.",
"Cerveja Tequila 5,9% Vol. 3 Unid.",DESQUILES,Emb. 0.99 LT,"3,29€","3,32€ / LT",
Forquilha Mão 3 Dentes,BEAUX JOURS,Emb. 1 UNID.,"3,99€","3,99€ / UNID.",
Espuma Cabelo Styling Flexible Curls,NIVEA,Emb. 0.15 LT,"4,19€","27,93€ / LT",
"Gel de Banho Rosto, Corpo e Cabelo 3 em 1 Pure Game",ADIDAS,Emb. 0.4 LT,"2,49€","6,23€ / LT",
MINI SUBLINHADORES 4UN,ESQUISSE,Emb. 4 UNID.,"2,29€","0,57€ / UNID.",
Gel Barbear Protect e Care,NIVEA MEN,Emb. 0.2 LT,"4,39€","21,95€ / LT",
Cápsulas Café Ristretto Ardenza,DOLCE GUSTO,Emb. 30 CAPS.,"10,48€","0,35€ / CAPS.",
Cereais Choco Flakes,CUÉTARA,Emb. 0.5 KG,"2,99€","5,98€ / KG",
Iogurte Líquido Corpos Piña Colada 4x155g,DANONE,Emb. 0.62 KG,"1,69€","2,73€ / KG",
Dove Silk Glow Gel de Banho,DOVE,Emb. 0.75 LT,"4,19€","5,59€ / LT",
Leite Achocolatado 4x200ml,AGROS,Emb. 0.8 LT,"1,43€","1,79€ / LT",
"LAPISEIRA 0,5MM+12MINAS+2BORRACHAS",ESQUISSE,Emb. 1 UNID.,"1,69€","1,69€ / UNID.",
Iogurte Bifidus Cremoso Cocktail de Frutas 0% 4 Unid.,DANONE,Emb. 0.48 KG,"1,99€","4,15€ / KG",
MIRTILOS SELVAGENS,DOUCEUR DU VERGER,Emb. 0.65 KG,"4,53€","6,97€ / KG",
Maruca Inteira Congelada,,1 Unid. = 0.8 KG (aprox.),"8,99€/kg","7,19€ / Unid.",
Alimento Seco P/ Cão Adulto Borrego,PURINA,Emb. 14 KG,"63,28€","4,52€ / KG",
AMENDOINS C/ PELE TORRADOS C/ SAL,TOKAPI,Emb. 0.4 KG,"2,94€","7,35€ / KG",
Queijo Fatiado Light -50% Gordura,TERRA NOSTRA,Emb. 0.2 KG,"2,28€","11,40€ / KG",
Bebida Energética Energy,MONSTER ENERGY,Emb. 0.5 LT,"1,20€","2,40€ / LT",
Azeite Pet,OLIVEIRA DA SERRA,Emb. 0.75 LT,"3,24€","4,32€ / LT",
TORRADEIRA 1 FENDA LONGA 900W,ELSAY,Emb. 1 UNID.,"23,58€","23,58€ / UNID.",
Bacalhau Lombo,,Emb. 0.7 KG,"18,89€","26,99€ / KG",
Snack Fruut Maçã Verde Intenso Sem Açúcar,,Emb. 0.02 KG,"0,85€","42,50€ / KG",
Maionese,RUSTICA,Emb. 0.225 LT,"1,42€","6,31€ / LT",
Conserva de Salsichas Aves 5 Unid.,IZIDORO,Frasco 0.25 KG,"1,59€","6,36€ / KG",
Sabonete Sólido Manteiga Karite,MANAVA,Emb. 2 UNID.,"1,00€","0,50€ / UNID.",
MOLHO CESAR COM GRANA PADANO E ALHO,RUSTICA,Emb. 0.05 LT,"2,68€","53,60€ / LT",
LIXIVIA C/DETERGENTE,CLAIR,Emb. 2 LT,"1,05€","0,53€ / LT",
PREPARADO P/ ARROZ MARISCO,PÊCHE OCÉAN,Emb. 0.4 KG,"3,34€","8,35€ / KG",
Patê de Atum,LA PIARA,Emb. 0.075 KG,"1,23€","16,40€ / KG",
Desodorizante Roll-On Men Dry Fresh,NIVEA MEN,Emb. 0.05 LT,"2,39€","47,80€ / LT",
Mini Gelados de Chocolate 70% Preto Intenso Pack 6,MAGNUM,Emb. 0.33 LT,"5,98€","18,12€ / LT",
Rabanete sem Rama,,1 Unid. = 0.125 KG  (aprox.),"0,69€/kg","0,09€ / Unid.",
Farinha P/ Bolos C/ Fermento,NACIONAL,Emb. 1 KG,"1,18€","1,18€ / KG",
Leite Creme de Café 4X100G,DÉLISSE,Emb. 0.4 KG,"2,59€","6,48€ / KG",
Rebuçados Sabor Limão,HALLS,Emb. 0.032 KG,"0,88€","27,50€ / KG",
Sobremesa Láctea de Morango +6Meses,BIO VILLAGE BEBE,Emb. 0.4 KG,"3,09€","7,73€ / KG",
Linguiça,,Emb. 0.2 KG,"0,79€","3,95€ / KG",
Massa Bago,MILANEZA,Emb. 0.25 KG,"0,84€","3,36€ / KG",
Mistura Solúvel Chicoria,ECO+,Emb. 0.2 KG,"1,89€","9,45€ / KG",
Sobremesa Láctea Natual Açúcarado +6 Meses,BIO VILLAGE BEBE,Emb. 0.4 KG,"3,09€","7,73€ / KG",
Desodorizante Roll On Açaí Waterlily,DOVE,Emb. 0.05 LT,"2,69€","53,80€ / LT",
Maminha de Novilho,,1 Unid. = 1 KG (aprox.),"9,99€/kg","9,99€ / Unid.",
Água sem Gás Limão,LUSO FRUTA,Garrafa 1 LT,"1,27€","1,27€ / LT",
Ervilhas Extra Finas 3x140G,NOTRE JARDIN,Emb. 0.42 KG,"1,79€","4,26€ / KG",
Bolachas Recheadas Baunilha,ECO+,Emb. 0.5 KG,"1,76€","3,52€ / KG",
Sumo Delight California,SUNNY DELIGHT,Garrafa 1.25 LT,"1,64€","1,31€ / LT",
Gelado Limão Merengue,ESKISS,Emb. 1 LT,"2,49€","2,49€ / LT",
"Carregador Isqueiro 2,4A Preto",LINKSTER,Emb. 1 UNID.,"7,99€","7,99€ / UNID.",
Conserva de Atum em Óleo Girassol,PÊCHE OCÉAN,Emb. 0.12 KG,"1,14€","9,50€ / KG",
Café Pastilhas 100% Arabica,ECO+,Emb. 48 PAST.,"3,49€","0,07€ / PAST.",
PEITO DE FRANGO FATIAS FINAS,CAMPO FINO,Emb. 0.15 KG,"1,29€","8,60€ / KG",
Conjunto de 8 Chaves de Boca,ECO+,Emb. 8 UNID.,"4,49€","0,56€ / UNID.",
MORANGOS INTEIROS 650G,DOUCEUR DU VERGER,Emb. 0.65 KG,"2,88€","4,43€ / KG",
Johnson's Loção para Bebé Rosto e Corpo Cotton Touch,JOHNSON'S BABY,Emb. 0.5 LT,"3,89€","7,78€ / LT",
PRATO FUNDO BIODEGRADAVEL 18CM,HOMESIDE,Emb. 10 UNID.,"1,71€","0,17€ / UNID.",
Bebida de Aveia 0% 3x200ML,SHOYCE,Emb. 0.6 LT,"2,18€","3,63€ / LT",
Água com Gás Limão/Chá Verde 4x25 cl TP,PEDRAS SALGADAS,Emb. 1 LT,"2,39€","2,39€ / LT",
Sumo 100% Toranja,JAFADEN,Emb. 1 LT,"1,89€","1,89€ / LT",
DENTIFRICO E ELIXIR FRESCURA EXTREMA,DENTAMYL,Emb. 0.075 LT,"0,95€","12,67€ / LT",
Vinho Verde Branco,VIA LATINA,Garrafa 0.75 LT,"2,19€","2,92€ / LT",
Iogurte de Alperce 4 Unid.,IOGOLINO,Emb. 0.4 KG,"2,88€","7,20€ / KG",
Snacks P/ Cão 12-25Kg Dentalife Medium,PURINA,Emb. 0.345 KG,"6,68€","19,36€ / KG",
Centrifugadora,ELSAY,Emb. 1 UNID.,"74,99€","74,99€ / UNID.",
Maionese Verdadeira 416G,HELLMANN'S,Frasco 0.416 KG,"3,29€","7,91€ / KG",
Johnson's Champô para Crianças Gotas de Força,JOHNSON'S BABY,Emb. 0.5 LT,"5,58€","11,16€ / LT",
BOLO REDONDO CHOCOLATE,,Emb. 0.5 KG,"3,99€","7,98€ / KG",
Borrego Inteiro,,1 Unid. = 15 KG (aprox.),"9,99€/kg","149,85€ / Unid.",
Bechamel,PARMALAT,Emb. 0.5 LT,"2,18€","4,36€ / LT",
Ovos Solo L,SNR,Emb. 12 UNID.,"2,39€","0,20€ / UNID.",
ARROZ PARA SUSHI,TABLES DU MONDE,Emb. 0.5 KG,"1,28€","2,56€ / KG",
Polpa de Tomate,ECO+,Frasco 1 KG,"1,09€","1,09€ / KG",
Chocolate Milka e Oreo,MILKA,Emb. 0.1 KG,"1,68€","16,80€ / KG",
Creme Anti-Rugas Cuidado Dia,DERMO EXPERTISE,Emb. 1 P,"14,98€","14,98€ / P",
CUBOS DE FIAMBRE 2X75G,TRADILÈGE,Emb. 0.15 KG,"1,98€","13,20€ / KG",
Gel de Banho Hidratante Baby,BABY DOVE,Emb. 0.2 LT,"1,79€","8,95€ / LT",
DETERGENTE MANUAL LOICA LIMAO,ECO+,Emb. 1 LT,"0,79€","0,79€ / LT",
GEL BARBEAR FRESCURA,CARRÉ HOMME,Emb. 0.2 LT,"1,88€","9,40€ / LT",
Iogurte Mix-in Kit Kat Morango 2 Unid.,NESTLÉ,Emb. 0.115 KG,"2,09€","18,17€ / KG",
BEBIDA SOJA BAUNILHA,ALPRO,Emb. 1 LT,"1,89€","1,89€ / LT",
Barras Hero Muesly Cereais Linea Choco Branco 6x20g,HERO,Emb. 0.12 KG,"1,79€","14,92€ / KG",
QUEIJO EDAM FATIADO,ECO+,Emb. 0.2 KG,"1,80€","9,00€ / KG",
Tampões com Aplicador Pearl Super Plus,TAMPAX,Emb. 24 UNID.,"4,98€","0,21€ / UNID.",
Barras de Cereais Aveia e Chocolate sem Glúten 6Unid.,CHAQUE JOUR SANS GLUTEN,Emb. 0.138 KG,"1,89€","13,70€ / KG",
BAGUETE DE ALHO 2UN,CÔTÉ TABLE,Emb. 0.35 KG,"1,79€","5,11€ / KG",
Café Cápsulas Descafe Intensidade 2,PLANTATION,Emb. 16 CAPS.,"2,44€","0,15€ / CAPS.",
Refeição Arroz de Tomate e frango,BLÉDINA,Emb. 0.2 KG,"2,08€","10,40€ / KG",
Tomate da Horta Concentrado,COMPAL,Emb. 0.14 KG,"0,98€","7,00€ / KG",
Dentífrico Cuidado Completo Sensitive Expert,DENTAMYL,Emb. 0.075 LT,"0,80€","10,67€ / LT",
Pão Hamburger,EPI D'OR,Emb. 4 UNID.,"1,09€","0,27€ / UNID.",
Snack P/ Cão Sticks C/ Aroma a Javali,PURINA,Emb. 0.09 KG,"1,98€","22,00€ / KG",
LASANHA SALMAO,CÔTÉ TABLE,Emb. 1 KG,"4,89€","4,89€ / KG",
Sumo Refrigerado Cidreira Tília Camomila Limão,PLENO TISANAS,Garrafa 1.5 LT,"1,49€","0,99€ / LT",
"SPRAY AMBIENTADOR ""BAUNILHA"" 2EM1 300ML",BIEN AIR,Emb. 0.3 LT,"1,24€","4,13€ / LT",
DENTIFRICO CARVAO BIO,BIONAÏA,Emb. 0.075 LT,"1,76€","23,47€ / LT",
ALCOOL ETILICO 70º,PRIMOPLAST,Emb. 0.25 LT,"0,74€","2,96€ / LT",
Queijo Fundido Fatias Light,A VACA QUE RI,Emb. 0.2 KG,"1,94€","9,70€ / KG",
Bolachas Plain Chocolate,BELVITA,Emb. 0.3 KG,"2,48€","8,27€ / KG",
Queijo Flamengo 1/2,LIMIANO,Emb. 0.65 KG,"6,79€","10,45€ / KG",
LENCOS FACIAIS 3F ALOE VERA,CARESSE,Emb. 90 UNID.,"1,14€","0,01€ / UNID.",
SACO PLATICO P/TABULEIRO P/GATO PM 10UN,P'TIT AMI,Emb. 10 UNID.,"1,89€","0,19€ / UNID.",
Gelado Double Chocolate e Morango,MAGNUM,Emb. 0.264 LT,"4,98€","18,86€ / LT",
Cera Signature,AXE,Emb. 0.075 LT,"3,99€","53,20€ / LT",
CHOURICAO FATIADO,CAMPO FINO,Emb. 0.15 KG,"1,52€","10,13€ / KG",
Chantilly Light,DÉLISSE,Emb. 0.25 KG,"1,79€","7,16€ / KG",
Bolachas de Germen de Trigo e Pepitas de Chocolate,NAT&VIE,Emb. 0.2 KG,"1,62€","8,10€ / KG",
Snack Batata Barbecue,TOKAPI,Emb. 0.17 KG,"1,77€","10,41€ / KG",
Elixir Oral Dentes & Gengivas Menta Fresca,LISTERINE,Emb. 1 LT,"8,98€","8,98€ / LT",
CREME PARA BARRAR CACAU E AVELAS SEM OLEO PALMA BIO,,Emb. 0.35 KG,"3,14€","8,97€ / KG",
Pó Compacto Stay Matte,RIMMEL,Emb. 0.014 KG,"10,48€","748,57€ / KG",
Alimento Seco Gato Croquetes,TOUS MES AMIS,Emb. 2 KG,"3,98€","1,99€ / KG",
Soro Fisiológico 60ml,HIDRO,Emb. 0.06 LT,"0,73€","12,17€ / LT",
SKYR NATURAL 450G,DÉLISSE,Emb. 0.45 KG,"1,75€","3,89€ / KG",
Queijo Fundido,A VACA QUE RI,Emb. 0.14 KG,"1,89€","13,50€ / KG",
Queijo Brie,,1 Unid. = 0.2 KG (aprox.),"7,99€/kg","1,60€ / Unid.",
Queijo Petit Brie,ECO+,Emb. 0.5 KG,"4,05€","8,10€ / KG",
Café Expresso Bar Torrado,DELTA,Emb. 1 KG,"11,98€","11,98€ / KG",
Água S/ Gás,ECO+,Garrafa 0.5 LT,"0,16€","0,32€ / LT",
Cominhos Moídos,RUSTICA,Frasco 0.035 KG,"0,81€","23,14€ / KG",
Creme para Barrar com Avelãs,NUSTIKAO,Emb. 0.4 KG,"1,88€","4,70€ / KG",
Rissóis de Pescada,,Emb. 8 UNID.,"1,19€","0,15€ / UNID.",
Vinho Regional Douro Tinto,VILA REGIA,Emb. 0.75 LT,"2,98€","3,97€ / LT",
Massa Lasanha,TURINI,Emb. 0.5 KG,"1,92€","3,84€ / KG",
ESPANADOR MICROFIBRAS C/CABO EXTENSIVEL,SILLAGE,Emb. 1 UNID.,"5,69€","5,69€ / UNID.",
Néctar Clássico Pera Rocha 3x20 cl,COMPAL,Emb. 0.6 LT,"1,48€","2,47€ / LT",
Paté Cabeça de Porco C/ Salsa.,TRADILÈGE,Emb. 0.18 KG,"2,31€","12,83€ / KG",
Caldo de Legumes 8 Cubos,KNORR,Emb. 0.08 KG,"1,49€","18,63€ / KG",
Bebida Gaseificada Aromatizada de Framboesa S/ Álcool,FESTALIE,Emb. 0.75 ML,"2,89€","3,85€ / ML",
Massa Cotovelinhos Biológica,,Emb. 0.5 KG,"1,19€","2,38€ / KG",
Pequenas Baguetes sem Glúten 2x75g,CHAQUE JOUR,Emb. 0.15 KG,"2,00€","13,33€ / KG",
FITA ADESIVA ISOLANTE ELECTRICOS 5M,ECO+,Emb. 10 UNID.,"2,97€","0,30€ / UNID.",
CREME VEGETAL P/ BARRAR,,Emb. 0.5 KG,"2,29€","4,58€ / KG",
Alimento P/ Húmido Gato Seleção de Mousses,FRISKIES,Emb. 0.68 KG,"5,84€","8,59€ / KG",
ELIXIR BOCAL DE MENTA,DENTAMYL,Emb. 0.5 LT,"1,29€","2,58€ / LT",
"BEBIDA SOJA CHOCOLATE, 1L",ALPRO,Emb. 1 LT,"1,89€","1,89€ / LT",
Vitelão para Assar,,1 Unid. = 0.87 KG (aprox.),"8,99€/kg","7,82€ / Unid.",
Cereais de Aveia Integral C/ Chocolate Preto,FITNESS,Emb. 0.375 KG,"2,99€","7,97€ / KG",
Queijo Fatiado Amanteigado de Vaca e Ovelha,LIMIANO,Emb. 0.18 KG,"2,68€","14,89€ / KG",
Vinho do Porto Fundador Tawny,COMPANHIA VELHA,Emb. 0.75 LT,"6,38€","8,51€ / LT",
Coloração Longa Duração Belle Color 4 Castanho,GARNIER,Emb. 1 UNID.,"5,98€","5,98€ / UNID.",
Fiambre Peito de Frango em Forno de Lenha,CAMPOFRIO,1 Unid. = 0.11 KG (aprox.),"15,59€/kg","1,71€ / Unid.",
Crepes de Chocolate com Cereais Crocantes,P'TIT DÉLI,Emb. 0.256 KG,"1,99€","7,77€ / KG",
ENVELOPE SILICONE 110X220MM,ESQUISSE,Emb. 100 UNID.,"2,39€","0,02€ / UNID.",
Cápsulas Descafeinado Espresso P/ Nespresso Intensidade 11,STARBUCKS,Emb. 10 CAPS.,"4,48€","0,45€ / CAPS.",
"BL1 LED FRIGO 1,7W-15W E14",FOXTER,Emb. 1 UNID.,"3,16€","3,16€ / UNID.",
Queijo de Ovelha Barrado Seia,QUEIJOS LAGOS,1 Unid. = 0.5 KG (aprox.),"15,99€/kg","8,00€ / Unid.",
Água S/ Gás Mineral,,Garrafa 1.5 LT,"0,28€","0,19€ / LT",
OIKOS NATURAL 110G X4,OIKOS,Emb. 0.44 KG,"2,39€","5,43€ / KG",
MOUSSE BOVINO E AVES P/ GATO BIO 200G,PLENIMA,Emb. 0.2 KG,"1,29€","6,45€ / KG",
Esponja Glitzi Plus,VILEDA,Emb. 3 UNID.,"3,18€","1,06€ / UNID.",
Lenços Faciais Plenitude Renova,LENÇOS RENOVA,Emb. 80 UNID.,"0,98€","0,01€ / UNID.",
CREME ANTI-RUGAS BIO 50ML,BIONAÏA,Emb. 0.05 LT,"4,67€","93,40€ / LT",
Sumo 100% Multifrutis Biológico 6 Unid.,,Emb. 0.12 LT,"2,99€","24,92€ / LT",
TABLETE CHOCOLATE NEGRO 85% 100G,CEMOI,Emb. 0.1 KG,"0,99€","9,90€ / KG",
Pargo Mulato,,1 Unid. = 0.77 KG (aprox.),"5,99€/kg","4,61€ / Unid.",
Tablete Chocolate Culinária,NESTLÉ,Emb. 0.2 KG,"1,79€","8,95€ / KG",
Whisky J&B Rare,J&B,Garrafa 0.7 LT,"15,49€","22,13€ / LT",
12 Caracóis Preparados Ultracongelados,,Emb. 0.089 KG,"3,26€","36,63€ / KG",
Milho Doce 3X85g,BONDUELLE,Emb. 0.255 KG,"1,59€","6,24€ / KG",
COUSCOUS C/FRANGO E MERGUEZ 450G,CÔTÉ TABLE,Emb. 0.45 KG,"2,95€","6,56€ / KG",
Palhinhas Cartão,HOMESIDE,Emb. 25 UNID.,"1,69€","0,07€ / UNID.",
PILHAS ALCALINAS LR03,FOXTER,Emb. 8 UNID.,"3,59€","0,45€ / UNID.",
Farinha Express,MAIZENA,Emb. 0.25 KG,"2,77€","11,08€ / KG",
Pimenta Preta Grãos,RUSTICA,Frasco 0.04 KG,"1,53€","38,25€ / KG",
Detergente para a Maquina da Roupa Active Clean,SKIP,Emb. 1.458 LT,"14,99€","10,28€ / LT",
Gel Elastic Ultimate 7,NIVEA MEN,Emb. 0.15 LT,"5,59€","37,27€ / LT",
ERVILHAS CONGELADAS,NOTRE JARDIN,Emb. 0.4 KG,"0,69€","1,73€ / KG",
Muelsi C/ Chocolate Leite,GRAINEA,Emb. 0.5 KG,"2,61€","5,22€ / KG",
Aparas de Madeira Perfumadas Limão Roedores,TOUS MES AMIS,Emb. 15 LT,"2,49€","0,17€ / LT",
Bebida de Soja Chocolate,NAT&VIE,Emb. 1 LT,"1,06€","1,06€ / LT",
CUSCUZ MEDIO 5X100G,COMPTOÍR DU GRAIN,Emb. 0.5 KG,"1,25€","2,50€ / KG",
Alimento Húmido P/ Gato Frango e Cenoura,PURINA FRISKIES,Emb. 0.4 KG,"1,68€","4,20€ / KG",
Queijo Mini Babybel,BABYBEL,Emb. 0.12 KG,"1,94€","16,17€ / KG",
Verniz de Unhas 60 Segundos 323,RIMMEL,Emb. 1 UNID.,"5,58€","5,58€ / UNID.",
Creme Soft Hidratante Intensivo,NIVEA,Emb. 0.2 LT,"5,69€","28,45€ / LT",
Saint-Emilion A.O.C. 2015,CHANTET BLANET,Garrafa 0.75 LT,"7,99€","10,65€ / LT",
COLA BATON 20G,ESQUISSE,Emb. 1 UNID.,"0,99€","0,99€ / UNID.",
Bolachas com Pepitas Chocolate sem Glúten,CHAQUE JOUR,Emb. 0.15 KG,"2,25€","15,00€ / KG",
Café Cápsulas Vellutato Intensidade 9,PLANTATION,Emb. 10 CAPS.,"1,78€","0,18€ / CAPS.",
Fraldas Recém Nascido Sensitive Tamanho 2,DODOT,Emb. 58 UNID.,"14,49€","0,25€ / UNID.",
Queijo Pointe de Brie,ECO+,Emb. 0.2 KG,"1,59€","7,95€ / KG",
Barras de Cereais Light Muesly Chocolate 6x20g,HERO,Emb. 0.12 KG,"1,79€","14,92€ / KG",
Café Cápsulas XL Qalidus Intensidade 10,DELTA Q,Emb. 40 CAPS.,"12,99€","0,32€ / CAPS.",
QUEIJO FLAMENGO FATIADO LIGHT,QUEIJO NA TÁBUA,Emb. 0.2 KG,"1,89€","9,45€ / KG",
Anti-Transferência de Cor Ultra Toalhitas,VANISH,Emb. 10 UNID.,"3,49€","0,35€ / UNID.",
Gel de Banho Naturals Amêndoa e Leite,PALMOLIVE,Emb. 0.5 LT,"2,69€","5,38€ / LT",
Néctar Tutti Frutti,JAFADEN,Emb. 1 LT,"0,89€","0,89€ / LT",
"AGUA FASTIO S/GAS GO, 50CL",FASTIO,,"0,58€",/ Unid.,
Bacalhau em Azeite Virgem Extra e Alho,BOM PETISCO,Emb. 0.12 KG,"2,99€","24,92€ / KG",
Gelatina Alimentar em Folha,TABLIER BLANC,Emb. 9 UNID.,"0,84€","0,09€ / UNID.",
Esfregão Salva Unhas Comfort,SCOTCH BRITE,Emb. 2 UNID.,"2,53€","1,27€ / UNID.",
CRAVINHO GRAO SAQUETA,RUSTICA,Emb. 0.03 KG,"1,25€","41,67€ / KG",
Difusor e Recarga Elétrica Lavanda e Camomila,AIR WICK,Emb. 0.019 LT,"5,39€","283,68€ / LT",
Stick P/ Gato Salmão 3X5G,LYCAT,Emb. 3 UNID.,"0,49€","0,16€ / UNID.",
Champô SOS,AUSSIE,Emb. 0.29 LT,"5,99€","20,66€ / LT",
"GEL DUCHE ""BAMBU/TORANJA"" CONCENTRADO",NATEIS,,"1,85€",/ Unid.,
Conserva de Salsichas Extra Suculentas Aves 7 Unid.,NOBRE,Frasco 0.35 KG,"1,68€","4,80€ / KG",
LENCOS BOLSO 4F ALOE VERA,CARESSE,Emb. 12 UNID.,"1,99€","0,17€ / UNID.",
Leite de Limpeza Bebé,MOTS D'ENFANTS,Emb. 0.25 UNID.,"1,84€","7,36€ / UNID.",
"BL1 LED SPOT 8,2-50W GU5.3",FOXTER,Emb. 1 UNID.,"5,28€","5,28€ / UNID.",
CORTINA DUCHE 180X200 AZUL,SILLAGE,Emb. 1 UNID.,"4,49€","4,49€ / UNID.",
Massa Pevides,TURINI,Emb. 0.25 KG,"0,69€","2,76€ / KG",
Pernil de Porco,,1 Unid. = 1.1 KG (aprox.),"1,99€/kg","2,19€ / Unid.",
Gillette Venus Swirl Depilatória,VENUS,Emb. 1 UNID.,"10,98€","10,98€ / UNID.",
Batatas Fritas com Sal 6x30 g,LAY'S,Emb. 0.18 KG,"2,28€","12,67€ / KG",
Alimento Seco P/ Cão Active de Frango e Arroz,PURINA,Emb. 0.8 KG,"5,68€","7,10€ / KG",
Fermento em Pó,ROYAL,Lata 0.226 KG,"3,58€","15,84€ / KG",
Massa Pontinha Clássica,NACIONAL,Emb. 0.25 KG,"0,84€","3,36€ / KG",
Cevada Solúvel sem Café,DELTA,Frasco 0.2 KG,"1,74€","8,70€ / KG",
Salame Fatiado Tapas,CAMPOFRIO,Emb. 0.08 KG,"1,88€","23,50€ / KG",
Preparado Sopa de Cozido,KNORR,Emb. 0.069 KG,"1,49€","21,59€ / KG",
Margarina 1/2 Sal rica em Ómega 3,NAT&VIE,Emb. 0.5 KG,"2,92€","5,84€ / KG",
ALIMENT BEBE: PURE ERVILHAS BIO +4M  2X120G,BIO VILLAGE BEBE,Emb. 0.24 KG,"1,45€","6,04€ / KG",
Tomate Pelado,GULOSO,Emb. 0.39 KG,"1,08€","2,77€ / KG",
Alperce Seco,MARQUE REPERE,Emb. 0.2 KG,"2,40€","12,00€ / KG",
PILHA ALCALINA 6LR61,FOXTER,Emb. 1 UNID.,"3,29€","3,29€ / UNID.",
Desodorizante Roll-On Invisible Care,DOVE,Emb. 0.05 LT,"2,69€","53,80€ / LT",
Alimento Húmido P/ Gato Gold Salmão,GOURMET,Emb. 0.085 KG,"0,74€","8,71€ / KG",
Toalhitas Limpa Vidros,CLAIR,Emb. 20 UNID.,"0,89€","0,04€ / UNID.",
Favas Ultracongeladas,,Emb. 0.4 KG,"1,14€","2,85€ / KG",
Pudim Caseiro Laranja,ROYAL,Emb. 0.2 KG,"1,98€","9,90€ / KG",
LENCOS FACIAIS 3F DECORADO,CARESSE,Emb. 70 UNID.,"1,30€","0,02€ / UNID.",
Líquido Sanitário Lixívia Perfumada,NEOBLANC,Emb. 0.7 LT,"2,09€","2,99€ / LT",
Ervilhas Extra Finas,NOTRE JARDIN,Emb. 0.4 KG,"1,24€","3,10€ / KG",
Batatas Pré-Fritas em Steak,POM'LISSE,Emb. 1 KG,"1,59€","1,59€ / KG",
Desumidificador + Recarga,FOXTER,Emb. 1 UNID.,"8,99€","8,99€ / UNID.",
Azeite Virgem Extra Grande Escolha,GALLO,Emb. 0.5 LT,"4,99€","9,98€ / LT",
Doce de Quatro Frutos sem Açúcar,ST. DALFOUR,Frasco 0.284 KG,"4,38€","15,42€ / KG",
Drageias Chocolate Tubo Tripack,PINTAROLAS,Emb. 0.066 KG,"1,38€","20,91€ / KG",
Fatias Finas Fiambre Extra Suculento,NOBRE,Emb. 0.1 KG,"1,28€","12,80€ / KG",
B&J Caramel Brownie Party 465ml,,Emb. 0.465 LT,"6,78€","14,58€ / LT",
Sticks P/ Gato C/ Frango,TOUS MES AMIS,Emb. 3 UNID.,"0,49€","0,16€ / UNID.",
Dentífrico Morango 2+ Kids,PETIT DENTAMYL,Emb. 0.05 LT,"0,79€","15,80€ / LT",
"Gelado ""Tyrolia"" Caramelo",ESKISS,Emb. 0.65 LT,"1,99€","3,06€ / LT",
MADALENAS LONGAS,ECO+,Emb. 0.25 KG,"0,81€","3,24€ / KG",
MIOLO DE NOZ,TABLIER BLANC,Emb. 0.05 KG,"0,99€","19,80€ / KG",
Vodka Premium 100% Pure,ERISTOFF,Garrafa 0.7 LT,"12,98€","18,54€ / LT",
FIAMBRE PA EXTRA PARIS 4 FATIAS -25% SAL,TRADILÈGE,Emb. 0.14 KG,"1,99€","14,21€ / KG",
Iogurte Líquido Morango 4x155g,CORPOS DANONE,Emb. 0.62 KG,"1,69€","2,73€ / KG",
Alimento Húmido para Gato Patê Aves,ECO+,Emb. 0.1 KG,"0,27€","2,70€ / KG",
Sacos Cozedura no Forno Elembal,ELEMBAL,Emb. 5 UNID.,"1,09€","0,22€ / UNID.",
Snack P/ Cão Adulto Biscuit,PURINA,Emb. 0.65 KG,"3,98€","6,12€ / KG",
CONJUNTO 10 CANETAS VARIAS CORES,ECO+,Emb. 10 UNID.,"1,49€","0,15€ / UNID.",
Salva Camas 60x75CM,LINDOR,Emb. 15 UNID.,"8,48€","0,57€ / UNID.",
Sticks Dentários,PLENIMA,Emb. 0.18 G,"1,79€","9,94€ / G",
"""QUENELLES"" DE VITELA C/ MOLHO ""FINANCIERE""",CÔTÉ TABLE,Emb. 0.4 KG,"1,49€","3,73€ / KG",
TOALHITAS PARA MAOS LIMAO,CLAIR,Emb. 24 UNID.,"1,96€","0,08€ / UNID.",
BOUIL.POT AU FEU DESH,RUSTICA,Emb. 0.12 KG,"0,74€","6,17€ / KG",
Papaia Aérea,,1 Unid. = 0.514 KG (aprox.),"4,99€/kg","2,56€ / Unid.",
Água S/ Gás Mineral Natural,,Garrafa 0.5 LT,"0,16€","0,32€ / LT",
Miolo de Noz Metades,MARQUE REPERE,Emb. 0.2 KG,"3,32€","16,60€ / KG",
Pão de Especiarias com Mel Biológico,,Emb. 0.3 KG,"1,99€","6,63€ / KG",
Recarga Sabonete Líquido Lavanda,MANAVA,Emb. 0.25 LT,"0,65€","2,60€ / LT",
Vinho Regional Douro Tinto,ESTEVA,Garrafa 0.75 LT,"4,98€","6,64€ / LT",
Massa Letras,MILANEZA,Emb. 0.25 KG,"0,84€","3,36€ / KG",
Barrinhas de Pescada Panada Temperada com Limão s/ Glúten,PESCANOVA,Emb. 0.3 KG,"2,99€","9,97€ / KG",
Gelado Romântica Original,CARTE D'OR,Emb. 0.75 LT,"4,84€","6,45€ / LT",
Conserva de Azeitona Verde em Rodelas,RUSTICA,Frasco 0.36 KG,"1,70€","4,72€ / KG",
FRANCESINHA,CÔTÉ TABLE,Emb. 0.45 KG,"4,99€","11,09€ / KG",
Alho Picado,MARGÃO,Frasco 0.06 KG,"3,18€","53,00€ / KG",
Refrigerante C/ Gás Zero Açúcar Pack 4,COCA COLA,Emb. 4 LT,"4,55€","1,14€ / LT",
Bolachinhas P/ Bebé +6 meses,NESTLÉ,Emb. 0.18 KG,"2,49€","13,83€ / KG",
Cereais Arroz S/ Glúten,NESTUM,Emb. 0.25 KG,"2,48€","9,92€ / KG",
QUEIJO NEUFCHATEL DOP,NOS RÉGIONS ONT DU TALENT,Emb. 0.2 KG,"2,69€","13,45€ / KG",
Alheira da Caca de Trancoso,SNR,Emb. 0.2 KG,"1,75€","8,75€ / KG",
IOGURTE BIFIDUS BAUNILHA 12X125G DELISSE,DÉLISSE,Emb. 1.5 KG,"2,99€","1,99€ / KG",
Pá de Porco com Osso Sem Courato Embalado,,1 Unid. = 2.7 KG (aprox.),"2,69€/kg","7,26€ / Unid.",
Caramelo Líquido,ROYAL,Emb. 0.4 KG,"2,68€","6,70€ / KG",
Conjunto de 3 Recargas Desumidificador Neutra,FOXTER,Emb. 0.5 KG,"3,99€","7,98€ / KG",
Cevada Especial Torrada Moída,DELTA,Emb. 0.25 KG,"0,88€","3,52€ / KG",
Bechamel,PARMALAT,Emb. 0.2 KG,"1,05€","5,25€ / KG",
ALIMENTO HUMIDO ALMONDEGAS AVE P/ GATO,ECO+,Emb. 0.82 KG,"1,29€","1,57€ / KG",
Vinho Regional Douro Tinto,VINHA GRANDE,Garrafa 0.75 LT,"9,98€","13,31€ / LT",
Iogurte Sólido Magro C/ Cereais e Frutos Secos 4 Unid.,LONGA VIDA,Emb. 0.12 KG,"2,09€","17,42€ / KG",
IOGURTE LIQUIDO MORANGO,DÉLISSE,Emb. 0.72 KG,"1,29€","1,79€ / KG",
Iogurte Líquido Proteíco Framboesa e Baunilha,NESTLÉ,Emb. 0.33 LT,"1,89€","5,73€ / LT",
Mini Tostas Normais Retangulares,BIMBO,Emb. 0.1 KG,"1,24€","12,40€ / KG",
Molho Vinagrete com Mostarda,RUSTICA,Emb. 0.5 LT,"1,17€","2,34€ / LT",
QUEIJO RALADO FLAMENGO,CAMPAINHA,Emb. 0.15 KG,"1,78€","11,87€ / KG",
"BL1 LED CAPS G9 2,8-25W",FOXTER,Emb. 1 UNID.,"3,99€","3,99€ / UNID.",
Deo Spray Invisible para Homem,SANEX,Emb. 0.2 LT,"2,39€","11,95€ / LT",
VARINHA MAGICA 600W C/ACESSORIOS,ELSAY,Emb. 1 UNID.,"29,90€","29,90€ / UNID.",
Feijão Frade,NOTRE JARDIN,Emb. 1 KG,"1,95€","1,95€ / KG",
CHOCOLATE PRETO C/ PEPITAS DE CARAMELO E FLOR DE SAL,EQUADOR,Emb. 0.1 KG,"1,19€","11,90€ / KG",
Johnson\'s Loção para Crianças Bons Sonhos,JOHNSON'S BABY,Emb. 0.5 LT,"3,89€","7,78€ / LT",
Ice Tea Limão 2x2lt,LIPTON,Emb. 4 LT,"4,99€","1,25€ / LT",
Hambúrguer C/ Cebola 10 Unid.,FERIAL,Emb. 1 KG,"8,10€","8,10€ / KG",
Licor da Nação,SNR,Garrafa 0.7 LT,"6,99€","9,99€ / LT",
CAPA PLASTICA COLORIDA C/ LOMBADA,ESQUISSE,Emb. 1 UNID.,"2,99€","2,99€ / UNID.",
Bolachas Mini Tarteletes com Recheio de Leite,P'TIT DÉLI,Emb. 0.225 KG,"1,80€","8,00€ / KG",
Xarope de Limão,FRUCCI,Garrafa 0.75 LT,"3,89€","5,19€ / LT",
Bolachas de Trigo e Sementes de Sésamo,NAT&VIE,Emb. 0.2 KG,"1,69€","8,45€ / KG",
Pantene Creme de Pentear Sem Enxaguar Cabelo ondulado 270ml,PANTENE PV,Emb. 0.27 LT,"4,49€","16,63€ / LT",
Vinho Tinto,SANTA MARTA,Bag in Box 5 LT,"7,99€","1,60€ / LT",
Area Absorvente Optimale,TOUS MES AMIS,Emb. 5 LT,"5,39€","1,08€ / LT",
Compota de Maçã e Pêra Biológica 4x100g,,Emb. 0.4 KG,"1,99€","4,98€ / KG",
Máscara Capilar para Cabelo Seco,TRESEMMÉ,Emb. 0.5 LT,"5,39€","10,78€ / LT",
Milho P/ Pipocas,MARQUE REPERE,Emb. 0.25 KG,"0,46€","1,84€ / KG",
Sopa Rabo de Boi 4 Porções,KNORR,Emb. 0.071 KG,"1,49€","20,99€ / KG",
Jardineira Vitelão Embalada,,1 Unid. = 0.35 KG (aprox.),"6,99€/kg","2,45€ / Unid.",
Cerveja com Álcool 15x20cl,SUPER BOCK,Emb. 3 LT,"6,59€","2,20€ / LT",
Tampões com Aplicador Pearl Super,TAMPAX,Emb. 24 UNID.,"4,98€","0,21€ / UNID.",
Vinho Branco Frisante,MONTARRO,Garrafa 0.75 LT,"1,59€","2,12€ / LT",
Tortellini de Carne,KNORR,Emb. 0.25 KG,"3,68€","14,72€ / KG",
Tomato Frito,HEINZ,Emb. 0.35 KG,"1,19€","3,40€ / KG",
Manteiga Light,MATINAL,Emb. 0.25 KG,"2,38€","9,52€ / KG",
SYOSS OLEO INT. 4-18 CAST.PRALI,SYOSS,,"6,24€",/ Unid.,
Filetes Primavera Alecrim & Sal Marinho,IGLO,Emb. 0.225 KG,"3,99€","17,73€ / KG",
TOSTAS FINAS SESAMO,EPI D'OR,Emb. 0.1 KG,"1,56€","15,60€ / KG",
Alimento Húmido P/ Gato Fórmula Indoor Atum e Vitela Pack 4,PURINA ONE,4 G,"3,48€","0,87€ / G",
Toalhitas Limpa Pó Electrostáticas,,Emb. 40 UNID.,"2,57€","0,06€ / UNID.",
Cone Manga e Maracujá,TRIUM,Emb. 6 UNID.,"1,99€","0,33€ / UNID.",
Carcaça Portuguesa,,1 Unid. = 0.065 KG,"0,59€","9,08€ / KG",
Vinho Tinto,ALANDRA,Garrafa 0.75 LT,"2,49€","3,32€ / LT",
Ancinho Mão,BEAUX JOURS,Emb. 1 UNID.,"3,49€","3,49€ / UNID.",
IOGURTE BIFIDUS COCO,DÉLISSE,Emb. 0.5 KG,"0,99€","1,98€ / KG",
Ameixas Secas,,Emb. 1 KG,"5,59€","5,59€ / KG",
Doce de Morango Biológico,,Emb. 0.37 KG,"2,15€","5,81€ / KG",
Peito de Pato,,1 Unid. = 0.35 KG  (aprox.),"2,89€/kg","1,01€ / Unid.",
Alimento Húmido P/ Gatinhos C/ Vitela,GOURMET,Emb. 0.085 KG,"0,74€","8,71€ / KG",
ICE TEA PÊSSEGO,LIPTON,Emb. 0.5 LT,"0,79€","1,58€ / LT",
BATATA FRITA ONDULADA,ECO+,Emb. 0.2 KG,"0,93€","4,65€ / KG",
Brioche Fatiado Familiar,EPI D'OR,Emb. 0.7 KG,"2,59€","3,70€ / KG",
CANETA FELTRO PONTA FINA VARIAS CORES 12UN,ESQUISSE,Emb. 12 UNID.,"4,49€","0,37€ / UNID.",
SALPICAO,CAMPO FINO,Emb. 0.28 KG,"3,44€","12,29€ / KG",
"GEL DUCHE ""CACTO/BANANA"" CONCENTRADO",NATEIS,,"1,85€",/ Unid.,
ALIMENTO PARA ROLAS,ECO+,Emb. 1 UNID.,"1,25€","1,25€ / UNID.",
Aguardente Vínica Velha,SÃO DOMINGOS,Emb. 0.7 LT,"11,99€","17,13€ / LT",
Vinho de Mesa Tinto,ECO+,Emb. 2 LT,"2,69€","1,35€ / LT",
Panela 24Cm,ECO+,Emb. 1 UNID.,"7,49€","7,49€ / UNID.",
Destop Manutenção de Canalizações Perfumado,DESTOP,Emb. 0.75,"5,99€","7,99€ /",
MANTEIGA SEM SAL BIO,,Emb. 0.25 KG,"2,88€","11,52€ / KG",
MIOLO AMENDOA C/ PELE C/ SAL,TOKAPI,,"1,70€",/ Unid.,
Máquinas de Barbear Descartáveis Blue II Plus Mulher,GILLETTE,Emb. 6 UNID.,"2,98€","0,50€ / UNID.",
PILHAS ALCALINAS LR3 TECH+,FOXTER,Emb. 8 UNID.,"3,59€","0,45€ / UNID.",
Leite Bem Essencial UHT Meio Gordo,MIMOSA,Emb. 1 LT,"0,94€","0,94€ / LT",
CABIDE MADEIRA RECTA X6,,Emb. 1 UNID.,"5,99€","5,99€ / UNID.",
BARQUETTES MORANGO BIO,,Emb. 0.12 KG,"1,79€","14,92€ / KG",
DANACOL LÍQUIDO COLESTEROL NOZ,DANACOL,Emb. 6 UNID.,"2,99€","0,50€ / UNID.",
LACA FIXACAO NORMAL STYLING 300ML,VITANOVE,Emb. 0.3 LT,"1,59€","5,30€ / LT",
Leite de Crescimento 1+ Cereais,NESTLÉ,Emb. 1 LT,"2,48€","2,48€ / LT",
Papel Higiénico Decorado,MARQUE REPERE,Emb. 12 UNID.,"4,35€","0,36€ / UNID.",
ALIMENTO HUMIDO BACALHAU/SALMAO/CENOURA P/ CAO 1240G,LYDOG,Emb. 1.24 KG,"2,35€","1,90€ / KG",
Recargas Elétricas para Ambientador,AIR WICK,Emb. 0.019 LT,"10,64€","560,00€ / LT",
VINAGRE CRISTAL BRANCO 0.75L,CRISTAL,,"1,29€",/ Unid.,
Pacotinho de Frutas Maçã Banana e Aveia +6 meses,NESTLÉ BEBÉ,Emb. 0.09 KG,"0,79€","8,78€ / KG",
Mini Bolos com Pepitas de Chocolate,P'TIT DÉLI,Emb. 0.15 KG,"1,32€","8,80€ / KG",
SUBLINHADOR AMARELO,ESQUISSE,Emb. 1 UNID.,"0,79€","0,79€ / UNID.",
QUEIJO MOZZARELLA FATIAS,QUEIJO NA TÁBUA,Emb. 0.15 KG,"1,42€","9,47€ / KG",
Chá Preto Immune Support de Gengibre e Cúrcuma,LIPTON,Emb. 20 SAQS,"1,74€","0,09€ / SAQS",
LIMPA VIDROS ECOLOGICO 750ML UNI VERT,UNÍ VERT,Emb. 0.75 LT,"2,17€","2,89€ / LT",
Alimento Seco Cão Júnior,PURINA FRISKIES,Emb. 1.5 KG,"6,48€","4,32€ / KG",
Arroz Vaporizado,COZINHA VELHA,Emb. 1 KG,"1,48€","1,48€ / KG",
Abrilhantador Loiça 0%,FINISH,Emb. 0.4 LT,"5,19€","12,98€ / LT",
Creme Limpeza Original Multiusos,CIF,Emb. 0.7 LT,"2,49€","3,56€ / LT",
BL2 LED SPOT 3-35W GU10,FOXTER,Emb. 2 UNID.,"6,99€","3,50€ / UNID.",
IOGURTE CREMOSO MORANGO E FRAMBOESA,NAT&VIE,Emb. 4 UNID.,"1,99€","0,50€ / UNID.",
Queijo Coulommiers 50%MG,,Emb. 0.35 KG,"2,59€","7,40€ / KG",
AE COCKPIT 600 ML 600ML TECH9,TECH9,Emb. 0.6 LT,"3,45€","5,75€ / LT",
BL1 LED STANDARD 8W-75W E27 LUZ AMARELA,FOXTER,Emb. 1 UNID.,"4,99€","4,99€ / UNID.",
Esparguete Carbonara,CÔTÉ TABLE,Emb. 0.33 KG,"2,81€","8,52€ / KG",
Desodorizante Roll-On Invisible 48H,REXONA,Emb. 0.05 LT,"2,39€","47,80€ / LT",
RECARGA P/ SABONETE LIQUIDO AMENDOA/MEL 750ML,ECO+,Emb. 0.75,"1,25€","1,67€ /",
Sticks Dentários Cão Pequeno 7 Unid.,PLENIMA,Emb. 0.11 KG,"1,09€","9,91€ / KG",
Sumo 100% Maçã Bio,,Emb. 1 LT,"1,19€","1,19€ / LT",
IOGURTE GREGO CAFE 4X150G,DÉLISSE,Emb. 0.6 KG,"2,01€","3,35€ / KG",
Cone Chocolate,TRIUM,Emb. 6 UNID.,"2,15€","0,36€ / UNID.",
Preparado Sopa Regular Legumes,KNORR,Emb. 0.063 KG,"1,49€","23,65€ / KG",
Bolachas Maria Dorada,GULLÓN,Emb. 0.6 KG,"3,43€","5,72€ / KG",
LENCOS FACIAIS 2F,ECO+,Emb. 150 UNID.,"1,02€","0,01€ / UNID.",
Caldo Galinha Vitalie 8 Cubos,KNORR,Emb. 0.08 KG,"1,49€","18,63€ / KG",
DETERGENTE LIQUIDO PERFECT PRETO 25D,EPSIL,Emb. 25 DOSES,"1,89€","0,08€ / DOSES",
Bolachas Mini Dinosauros Cereais Saquetas,ARTIACH,Emb. 0.12 KG,"1,88€","15,67€ / KG",
ESPIRAIS,TURINI,Emb. 1 KG,"1,63€","1,63€ / KG",
Refrigerante C/ Gás Cola Zero,JEAN'S,Garrafa 1.5 LT,"0,59€","0,39€ / LT",
WAFFERS EXTRA FINAS CHOCOLATE E AVELA,P'TIT DÉLI,Emb. 0.16 KG,"2,04€","12,75€ / KG",
MANTEIGA D'ISIGNY DOP,NOS RÉGIONS ONT DU TALENT,Emb. 0.25 KG,"2,74€","10,96€ / KG",
Rum Carta Blanca,BACARDI,Garrafa 0.7 LT,"16,99€","24,27€ / LT",
Água S/ Gás Mineral Natural,,Garrafão 6 LT,"0,89€","0,15€ / LT",
Massa Pevide Clássica,NACIONAL,Emb. 0.25 KG,"0,90€","3,60€ / KG",
Caldo Natura de Galinha Pack 4,KNORR,Emb. 0.112 KG,"1,49€","13,30€ / KG",
Salsichas Estrasburgo 10 Unid.,TRADILÈGE,Emb. 0.35 KG,"3,26€","9,31€ / KG",
Alimento Seco P/ Gato Sénior +11 Frango,PURINA ONE,Emb. 0.8 KG,"6,98€","8,73€ / KG",
Uva Red Globe,,1 Unid. = 0.25 KG (aprox.),"2,29€/kg","0,57€ / Unid.",
ANTI NODOAS E ANTI-DESCOLORACAO 2EM1,TEXIL,Emb. 12 UNID.,"2,91€","0,24€ / UNID.",
Néctar de Pera Clássico 3 Unid.,JAFADEN,Emb. 0.6 LT,"0,89€","1,48€ / LT",
Tarte de Fruta Variada,,1 Unid. = 0.8 KG (aprox.),"12,99€/kg","10,39€ / Unid.",
Creme Culinária Soja,SHOYCE,Emb. 0.2 L,"1,49€","7,45€ / L",
ACUCAR DE PALMA DE COCO BIO,,,"2,80€",/ Unid.,
Ketchup Redução de Sal e Açúcar,HEINZ,Emb. 0.55 KG,"4,28€","7,78€ / KG",
Aveia Instantânea Natural,PROZIS,Emb. 1.25 KG,"349,00€","279,20€ / KG",
Conserva de Grão de Bico,NOTRE JARDIN,Frasco 0.57 KG,"0,75€","1,32€ / KG",
FEIJAO BRANCO 3X200G,NOTRE JARDIN,Emb. 0.6 KG,"1,49€","2,48€ / KG",
KIT Escova De Dentes+Dentífrico+Copo 2-6 Anos Verde,PETIT DENTAMYL,Emb.1 1 UNID.,"2,49€","2,49€ / UNID.",
Caldo de Galinha,KNORR,Emb. 0.084 KG,"1,39€","16,55€ / KG",
Little Bites,BIMBO,Emb. 0.188 KG,"1,99€","10,59€ / KG",
LENTILHA,NOTRE JARDIN,Emb. 0.8 KG,"1,59€","1,99€ / KG",
Mistura de Cogumelos,NOTRE JARDIN,Emb. 0.45 KG,"2,68€","5,96€ / KG",
Almôndegas,NOBRE,Emb. 0.42 KG,"2,74€","6,52€ / KG",
Rum Spice Gold,CAPTAIN MORGAN,Garrafa 0.7 LT,"13,99€","19,99€ / LT",
Chouriço Corrente 4x100gr,PRIMOR,Emb. 0.4 KG,"2,34€","5,85€ / KG",
Tempero Chili com Carne 4 porções,KNORR,Emb. 0.042 KG,"1,53€","36,43€ / KG",
LAPIS DE COR 12UN,ECO+,Emb. 12 UNID.,"1,35€","0,11€ / UNID.",
Limonada Zero,SPRINK'S,Emb. 1.5 LT,"0,79€","0,53€ / LT",
Cola Cyano Líquida,FOXTER,Emb. 0.003 KG,"1,59€","530,00€ / KG",
Caldo Culinário 24 Cubos,CALVÉ,Emb. 0.24 KG,"1,94€","8,08€ / KG",
QUEIJO PARMIGIANO REGGIANO DOP 30MESES,TRADIZIONI D'ITALIA,Emb. 0.2 KG,"5,99€","29,95€ / KG",
Bolachas Ovos Dinossauros,ARTIACH,Emb. 0.14 KG,"2,08€","14,86€ / KG",
LUVAS JARDINAGEM L CINZA,BEAUX JOURS,Emb. 1 UNID.,"1,89€","1,89€ / UNID.",
Azeite Virgem Extra Seleção Ouro,OLIVEIRA DA SERRA,Garrafa 0.75 LT,"4,89€","6,52€ / LT",
Alimento Húmido para Cão Carne Vaca Massa Cenoura,ECO+,,"1,89€",/ Unid.,
Alimento Seco P/ Gato Bola Pelo/Esteril,PURINA ONE,Emb. 0.8 KG,"6,98€","8,73€ / KG",
LAMINAS DUPLO SENTIDO 10UN  10UN CARRE HOMME,CARRÉ HOMME,,"0,90€",/ Unid.,
GELADO STAR FOGUETAO 8UN,SMICY,Emb. 8 UNID.,"1,63€","0,20€ / UNID.",
"Cuvete de Alumínio 5x1,5L",ELEMBAL,Emb. 5 UNID.,"2,65€","0,53€ / UNID.",
Batatas Fritas Onduladas,POM'LISSE,Emb. 0.2 KG,"1,49€","7,45€ / KG",
FEIJAO ENCARNADO 3X200G,NOTRE JARDIN,Emb. 0.6,"1,78€","2,97€ /",
Abóbora Embalada,,1 Unid. = 0.3 KG (aprox.),"0,89€/kg","0,27€ / Unid.",
Broa de Centeio,,1 Unid. = 0.5 KG (aprox.),"0,89€/kg","0,89€ / Unid.",
Azeites Verdes,OLIVEIRA DA SERRA,Garrafa 0.75 LT,"4,26€","5,68€ / LT",
Espuma de Barbear Clássica,GILLETTE,Emb. 0.2 LT,"2,98€","14,90€ / LT",
GAUFRES COM MEL BIO,,Emb. 0.175 KG,"2,37€","13,54€ / KG",
Ketchup Top Down,HEINZ,Emb. 0.46 KG,"2,65€","5,76€ / KG",
PENSOS DIARIOS MINI,CHORYS,Emb. 28 UNID.,"1,32€","0,05€ / UNID.",
Chocolate de Caramelo e Avelãs,MILKA,Emb. 0.3 KG,"3,98€","13,27€ / KG",
Areia Perfumada P/ Gaiola,TOUS MES AMIS,Emb. 2 KG,"1,63€","0,82€ / KG",
Conserva de Tremoço Extra,RUSTICA,Emb. 0.5 KG,"2,56€","5,12€ / KG",
FRALDA INCONTINENCIA GRANDE,CHORYS,Emb. 20 UNID.,"11,15€","0,56€ / UNID.",
Detergente Loiça Manual Espuma Ativa,FAIRY,Emb. 0.375 LT,"2,99€","7,97€ / LT",
Chouriço Mouro Terras de Xisto,SNR,Emb. 0.25 KG,"2,55€","10,20€ / KG",
AMACIADOR CONCENTRADO SPA 72 DOSES,HYPERDOU,Emb. 2 LT,"1,53€","0,77€ / LT",
Salpicão Regional do Lombo - PDTO Lamego,,Emb. 0.28 KG,"4,74€","16,93€ / KG",
CAPA PLASTICA COLORIDA A4 C/ELASTICO,ESQUISSE,Emb. 1 UNID.,"1,99€","1,99€ / UNID.",
Arroz Agulha,ORIENTE,Emb. 1 KG,"1,48€","1,48€ / KG",
Amaciador Roupa Concentrado Lírios e Frutos Vermelhos,QUANTO,Emb. 84 DOSES,"4,89€","0,06€ / DOSES",
Bolachas Maria Doces,VIEIRA,Emb. 0.3 KG,"2,53€","8,43€ / KG",
Cerveja sem Álcool Preta 6x33cl,CHEERS,Emb. 0.33 LT,"3,58€","10,85€ / LT",
Ovos Solo M,SNR,Emb. 6 UNID.,"1,52€","0,25€ / UNID.",
OIKOS MAÇA CANELA 110G X4,OIKOS,Emb. 0.44 KG,"2,39€","5,43€ / KG",
Sumo de Laranja e Cenoura,SANTAL,Garrafa 1.5 LT,"2,09€","1,39€ / LT",
DETERGENTE MAQ LOICA PASTILHAS TOTAL+ 45UN,VISIOR,Emb. 45 UNID.,"4,49€","0,10€ / UNID.",
Queijo Regional Vaca Cabra Ovelha Curado,SALOIO,Emb. 0.19 KG,"3,78€","19,89€ / KG",
Iogurte Soja Baunilha 4 Unid.,NAT&VIE,Emb. 0.4 KG,"1,34€","3,35€ / KG",
Milho C/ Sal,MARQUE REPERE,Emb. 0.2 KG,"0,99€","4,95€ / KG",
Champô Cabelo Strong Power,NIVEA MEN,Emb. 0.25 LT,"4,39€","17,56€ / LT",
Croissant Brioche,,1 UNID.,"0,55€","0,55€ / UNID.",
CONDICIONADOR EXTRA COR,VITANOVE,Emb. 0.2 LT,"1,23€","6,15€ / LT",
SPRAY LIMPA ESTOFOS 1 L 1L TECH9,TECH9,Emb. 1 LT,"3,19€","3,19€ / LT",
Cebola Laminada,NOTRE JARDIN,Emb. 1 KG,"1,65€","1,65€ / KG",
Água sem Gás,VITALIS,Garrafa 0.5 LT,"0,30€","0,60€ / LT",
Nuggets Peito de Frango e Queijo Ultracongelado,CAPITÃO IGLO,Emb. 0.208 KG,"5,98€","28,75€ / KG",
Conserva de Salsichas 8 Unid.,CÔTÉ TABLE,Lata 0.2 KG,"0,79€","3,95€ / KG",
Toalhitas Pele Sensível,MOTS D'ENFANTS,Emb. 63 UNID.,"1,29€","0,02€ / UNID.",
Brioches Redondas com Oepitas Chocolate 12 Unid.,EPI D'OR,Emb. 0.5 KG,"3,08€","6,16€ / KG",
LENCOS FACIAIS 4F,CARESSE,Emb. 80 UNID.,"1,37€","0,02€ / UNID.",
London Dry Gin,BEEFEATER,Garrafa 0.7 LT,"16,99€","24,27€ / LT",
Café Torrado Moído,PLANTATION,Emb. 0.25 KG,"1,69€","6,76€ / KG",
Aipo com Rama,,1 Unid. = 0.5 KG (aprox.),"1,29€/kg","0,65€ / Unid.",
CREPES DA BRETANHA COM CHOCOLATE PRETO,NOS RÉGIONS ONT DU TALENT,Emb. 0.1 KG,"1,49€","14,90€ / KG",
DROPS MENTA,COPAÍNS COPINES,Emb. 0.25 KG,"0,99€","3,96€ / KG",
Maionese Magra,CALVÉ,Emb. 0.447 KG,"3,48€","7,79€ / KG",
SABONETE SOLIDO F. TIARE/ORQUIDEA,MANAVA,Emb. 0.1 KG,"0,59€","5,90€ / KG",
Pão de Forma com Códea Receita Económica,PANRICO,Emb. 0.475 KG,"1,73€","3,64€ / KG",
Água sem Gás,FASTIO,Garrafa 6 LT,"1,88€","0,31€ / LT",
Desodorizante Roll-On Shower Fresh,REXONA,Emb. 0.05 LT,"2,69€","53,80€ / LT",
Iogurte Sólido Proteíco Coco Lindahls,NESTLÉ,Emb. 0.15 KG,"1,09€","7,27€ / KG",
Alimento Húmido P/ Cão Paté Borrego,TOUS MES AMIS,Emb. 0.3 KG,"0,69€","2,30€ / KG",
Refrigerante S/ Gás Laranja,ECO+,Garrafa 2 LT,"0,79€","0,40€ / LT",
Profiteroles com Molho de Chocolate 4x90g,DÉLISSE,Emb. 0.36 KG,"2,69€","7,47€ / KG",
Snack P/ Cão Sticks C/ Aroma a Veado,PURINA,Emb. 0.09 KG,"1,98€","22,00€ / KG",
"GEL DUCHE ""SEDUCAO"" 250ML CARRE HOMME",CARRÉ HOMME,,"0,97€",/ Unid.,
DESMAQUILHANTE DE OLHOS WATERPROOF BIFASICO,INELL,Emb. 0.15 LT,"2,01€","13,40€ / LT",
Ice Tea Manga Ananás,NESTEA,Emb. 1.5 LT,"1,00€","0,67€ / LT",
Pantene Repara & Protege Champô,PANTENE PV,Emb. 0.25 LT,"3,98€","15,92€ / LT",
SNACK MAÇÃ AMENDOIM FRUUT 40G,,Emb. 0.04 KG,"0,98€","24,50€ / KG",
GLADE T&F RECARGA LAVANDER,BRISE,Emb. 0.01 LT,"2,09€","209,00€ / LT",
Massa Macarronete Riscado,MILANEZA,Emb. 0.5 KG,"1,19€","2,38€ / KG",
Sobremesa de Chocolate 6x70g,DÉLISSE,Emb. 0.42 KG,"1,90€","4,52€ / KG",
Corn Flakes Açucarados,,Emb. 0.75 KG,"2,38€","3,17€ / KG",
TIRAS FINISSIMAS BACON EXTRA FUMADO -30% MG 2X75G,TRADILÈGE,Emb. 2 UNID.,"1,99€","1,00€ / UNID.",
Conserva de Azeitona Preta Descaroçada,RUSTICA,Frasco 0.36 KG,"1,06€","2,94€ / KG",
Chá Ervas Noite Tranquila,LIPTON,Emb. 0.03 KG,"1,94€","64,67€ / KG",
Tablete de Chocolate de Leite para Culinária,TABLETTE D'OR,Emb. 0.17 KG,"1,55€","9,12€ / KG",
Pacotinho de Frutas Maçã Cenoura e Manga S/ Glúten +6 meses,NESTLÉ BEBÉ,Emb. 0.09 KG,"1,04€","11,56€ / KG",
IOGURTE BIFIDUS C/ PEDACOS AMEIXA,DÉLISSE,Emb. 0.5 KG,"1,72€","3,44€ / KG",
TORRADEIRA 2 FENDAS 800W,ELSAY,Emb. 1 UNID.,"21,95€","21,95€ / UNID.",
Sortido de Biscoitos Salgados,ECO+,Emb. 0.35 KG,"1,63€","4,66€ / KG",
Esparguete Clássica,NACIONAL,Emb. 0.5 KG,"0,78€","1,56€ / KG",
Leite Crescimento Júnior 1+ Bolacha Maria,NESTLÉ,Emb. 1 LT,"2,48€","2,48€ / LT",
Lixívia em Gel Pink,DOMESTOS,Emb. 0.75 LT,"1,79€","2,39€ / LT",
ARDOSIA+FELTRO+ESCOVA,ESQUISSE,Emb. 1 UNID.,"1,99€","1,99€ / UNID.",
Bebida de Soja 0%,SHOYCE,Emb. 1 LT,"1,48€","1,48€ / LT",
Cápsulas Delta Q Café Qharisma 10 Unidades,DELTA Q,Emb. 10 UNID.,"2,99€","0,30€ / UNID.",
Gelado Fizz Limão 6 Unid.,OLÁ,Emb. 0.36 LT,"2,99€","8,31€ / LT",
Chá Exotic Passion,LIPTON,Emb. 20 SAQS,"1,94€","0,10€ / SAQS",
Preparado Sopa de Cebola Económica,KNORR,Emb. 0.05 KG,"1,09€","21,80€ / KG",
Sabonete Moisture Care 4 unid.,PALMOLIVE,Emb. 0.09 KG,"3,45€","38,33€ / KG",
Toalhitas Sensitive Cuidado Máximo 486 unid.,DODOT,Emb. 9 UNID.,"11,59€","1,29€ / UNID.",
Cápsulas Café Au Lait Galão,DOLCE GUSTO,Emb. 16 CAPS.,"5,98€","0,37€ / CAPS.",
Massa Concha,MILANEZA,Emb. 0.5 KG,"1,19€","2,38€ / KG",
COLORACAO VEGETAL CASTANHO ESCURO BIO,BIONAÏA,Emb. 1 UNID.,"6,99€","6,99€ / UNID.",
Ameixa Seca Descaroçada,MARQUE REPERE,Emb. 0.2 KG,"1,69€","8,45€ / KG",
SUMO NATURAL MULTIFRUTOS,JAFADEN,,"1,69€",/ Unid.,
Azeite virgem extra aroma manjericão,GALLO,Emb. 0.25 LT,"2,39€","9,56€ / LT",
Fraldas Bebé T3 ACTIV+ 4/9 Kg,MOTS D'ENFANTS,Emb. 47 UNID.,"9,56€","0,20€ / UNID.",
Palmiers Biológicos,,Emb. 0.1 KG,"1,14€","11,40€ / KG",
Infusão Chá Verde Sabor Menta,FRESH TEA,Emb. 1 LT,"1,19€","1,19€ / LT",
BISCOITOS DE CACAU,P'TIT DÉLI,Emb. 0.4 KG,"1,55€","3,88€ / KG",
Detergente Loiça Manual Original Ultra,FAIRY,Emb. 1.41 LT,"4,19€","2,97€ / LT",
Arroz Tufado Chocolate,P'TIT DÉLI,,"1,38€",/ Unid.,
Queijinhos Frescos de Fruta,DÉLISSE,Emb. 0.6 KG,"1,75€","2,92€ / KG",
Paté para Cão de Vaca e Coração,TOUS MES AMIS,Emb. 0.3 KG,"0,69€","2,30€ / KG",
Lulas Limpas Inteiras,,Emb. 0.5 KG,"6,99€","13,98€ / KG",
Flocos de Mel,MOTS D'ENFANTS,Emb. 0.75 KG,"3,25€","4,33€ / KG",
FAIRY LIMÃO 340ML,FAIRY,Emb. 0.34 LT,"1,28€","3,76€ / LT",
Dentífrico Anti-Tártaro +Blanqueador,COLGATE,Emb. 0.075 LT,"2,23€","29,73€ / LT",
ESCORREDOR P/BALDE LIMPEZA,SILLAGE,Emb. 1 UNID.,"1,99€","1,99€ / UNID.",
QUEIJO EDAM FATIADO,ECO+,Emb. 0.5 KG,"3,30€","6,60€ / KG",
Creme Dia Q10Plus Anti-Rugas Pele Mista,NIVEA,Emb. 0.05 LT,"15,99€","319,80€ / LT",
Creme Hidratante Dupla Ação,CLEAN & CLEAR,Emb. 0.1 LT,"6,98€","69,80€ / LT",
Água Pura Micelar Peles Secas e Sensíveis,CORINE DE FARME,Emb. 0.5 LT,"4,69€","9,38€ / LT",
PERA ROCHA 55/60,,Emb. 1.5 KG,"1,80€","1,20€ / KG",
Chouriço Extra,DAMATTA,Emb. 0.2 KG,"2,99€","14,95€ / KG",
SPRAY LIMPEZA OPTICAS,CLAIR,Emb. 0.02 LT,"1,84€","92,00€ / LT",
DETERGENTE LIQUIDO FRESCURA 40D,EPSIL,,"7,13€",/ Unid.,
Champô Color-Vive Cabelos Pintados,ELVIVE,Emb. 0.4 LT,"5,98€","14,95€ / LT",
ESCOVAS INTERDENTAIS X5,DENTAMYL,Emb. 5 UNID.,"1,58€","0,32€ / UNID.",
BACALHAU P/ CALDEIRADA,PÊCHE OCÉAN,Emb. 0.8,"4,49€","5,61€ /",
"VELA AROMATICA ""BAUNILHA/CARAMELO"" 30H",BIEN AIR,Emb. 1 UNID.,"2,01€","2,01€ / UNID.",
Ice Tea Melância Hortelã,LIPTON,Emb. 2 LT,"2,49€","1,25€ / LT",
Refrigerante Lima-Limão C/ Gás,SPRITE,Emb. 1 LT,"0,98€","0,98€ / LT",
Champô Anti-Caspa Controlo de Oleosidade de Citrinos,LINIC,Emb. 0.36 LT,"4,94€","13,72€ / LT",
VILEDA FIBRA SINTETICA C/ABRASIVO PLAST. 1\\\'S,VILEDA,,"1,95€",/ Unid.,
Conserva de Atum Assado à Algarvia,RAMIREZ,Emb. 0.12 KG,"1,49€","12,42€ / KG",
Ravioli com Fiambre,TURINI,Emb. 0.3 KG,"1,79€","5,97€ / KG",
Vinagre de Vinho Branco,ECO+,Garrafa 1 LT,"0,59€","0,59€ / LT",
Café Cápsulas aQtivus Intensidade 8,DELTA,Emb. 10 CAPS.,"2,99€","0,30€ / CAPS.",
Pet Expert Espuma de Limpeza,VANISH,Emb. 1 UNID.,"5,84€","5,84€ / UNID.",
Chupas de Sabores Sortidos,CHUPA CHUPS,Emb. 0.12 KG,"2,98€","24,83€ / KG",
Vinho Tinto,COMP DO VINHO,Bag in Box 5 LT,"4,69€","0,94€ / LT",
Pensos Higiénicos Normal Sem Alas Fina e Segura,EVAX,Emb. 24 UNID.,"2,78€","0,12€ / UNID.",
Gel de Banho Lúcia-Lima e Limão,VASELINE,Emb. 0.7 LT,"2,99€","4,27€ / LT",
Vagens de Baunilha,TABLIER BLANC,Emb. 2 UNID.,"5,01€","2,51€ / UNID.",
Alimento Completo Periquito,VITAKRAFT,Emb. 1 KG,"3,98€","3,98€ / KG",
PURE FRUTA VARIOS SABORES SEM ADICAO ACUCAR BISNAGA BIO,,Emb. 1.08 KG,"5,99€","5,55€ / KG",
Esfregona Suave com Cabo,VILEDA,Emb. 1 UNID.,"7,95€","7,95€ / UNID.",
Alimento Seco P/ Cão S/ Cereais Frango,BEYOND,Emb. 7 KG,"35,98€","5,14€ / KG",
QUEIJINHOS CHOCOLATE C/SABOR CARAMELO,DÉLISSE,,"1,61€",/ Unid.,
Cerveja com Álcool,SUPER BOCK,Garrafa 1 LT,"1,79€","1,79€ / LT",
Champô Cabelo Anti-caspa Power,NIVEA MEN,Emb. 0.25 LT,"4,38€","17,52€ / LT",
PRATOS BIODEGRADAVEIS17CM 25UN,HOMESIDE,Emb. 25 UNID.,"3,09€","0,12€ / UNID.",
Cenourinhas Extra Finas,NOTRE JARDIN,Emb. 0.4 KG,"1,69€","4,23€ / KG",
Champô Anti-Caspa Frescura Diária de Menta e Limão para Todos os Tipos de Cabelo,LINIC,Emb. 0.36 LT,"4,94€","13,72€ / LT",
Alimento P/ Cão Médio Controlo de Peso +10 Kg Peru C/ Arroz,PURINA,Emb. 2.5 KG,"13,98€","5,59€ / KG",
Polpa de Tomate Cebola e Alho,GULOSO,Emb. 0.5 KG,"1,49€","2,98€ / KG",
Pensos Higiénicos Noite Maxi Pocket 12 Unid.,DOULYS,Emb. 12 UNID.,"1,16€","0,10€ / UNID.",
Recarga Ambientador Smooth Satin & Moon Lilly,AIRWICK,Emb. 1 UNID.,"3,59€","3,59€ / UNID.",
Pão de Forma com Códea Especial Torradas,PANRICO,Emb. 0.75 KG,"1,59€","2,12€ / KG",
Conserva de Feijão Frade da Horta,COMPAL,Lata 0.42 KG,"0,99€","2,36€ / KG",
Canela em Pó,RUSTICA,Frasco 0.035 KG,"0,84€","24,00€ / KG",
PIMENTA PRETA EM GRAO SAQUETA,RUSTICA,Emb. 0.05 KG,"1,31€","26,20€ / KG",
Gelado Stracciatella,CARTE D'OR,Emb. 0.9 LT,"3,29€","3,66€ / LT",
Água Perfumada para Engomar,COMFORT,Emb. 1 LT,"1,49€","1,49€ / LT",
Pepitas de Chocolate,TABLIER BLANC,Emb. 0.1 KG,"1,99€","19,90€ / KG",
Arroz Carolino,BELMONTE,Emb. 1 KG,"0,99€","0,99€ / KG",
Leite Crescimento Júnior 1+,NESTLÉ,Emb. 1 LT,"2,18€","2,18€ / LT",
Cápsulas Café House Blend Lungo P/ Nespresso Intensidade 8,STARBUCKS,Emb. 10 CAPS.,"4,48€","0,45€ / CAPS.",
AXE Gel de Bnaho Green Mojito 400ml,AXE,Emb. 0.4 LT,"3,29€","8,23€ / LT",
BOLACHAS VITALDAY CROCANTE CHOCOLATE 280G,GULLÓN,Emb. 0.28 KG,"2,28€","8,14€ / KG",
Molho de Nata Carne,MIMOSA,Emb. 0.2 LT,"0,98€","4,90€ / LT",
Vinho Verde Branco,GAZELA,Garrafa 0.75 LT,"2,99€","3,99€ / LT",
Infusão Aromático Biológico,,Emb. 0.03 KG,"0,99€","33,00€ / KG",
Infusão Framboesa,LIPTON,Emb. 20 UN,"1,94€","0,10€ / UN",
Mousse Caramelo 4 Unid.,DÉLISSE,Emb. 0.24 KG,"2,09€","8,71€ / KG",
Néctar Clássico Manga,COMPAL,Emb. 1 LT,"1,68€","1,68€ / LT",
TARTE MORANGO  NATA,P'TIT DÉLI,Emb. 0.3 KG,"2,59€","8,63€ / KG",
GUARDANAPOS AZUL FOLHA SIMPLES RENOVA,GUARDANAPOS RENOVA,Emb. 70 UNID.,"0,78€","0,01€ / UNID.",
Cerveja sem Álcool Preta 6x33cl,SUPER BOCK,Emb. 1.98 LT,"4,49€","2,27€ / LT",
Farinha sem Fermento Integral,NACIONAL,Emb. 1 KG,"1,19€","1,19€ / KG",
"Compal veggie cenoura, maça 1L",COMPAL,1 LT,"1,68€","1,68€ / LT",
Bebida Láctea para Gatinhos 3x200ml,LYCAT,Emb. 3 UNID.,"2,38€","0,79€ / UNID.",
AURICULARES MAOS LIVRES PRETO,LINKSTER,Emb. 1 UNID.,"6,99€","6,99€ / UNID.",
Papa Infantil Leite e 8 Cereais e Mel,CERELAC,Emb. 0.4 KG,"1,84€","4,60€ / KG",
Iogurte Cremoso de Frutas 16x125g,DÉLISSE,Emb. 2 KG,"3,59€","1,80€ / KG",
Pantene Liso & Sedoso Champô,PANTENE PV,Emb. 0.25 LT,"3,98€","15,92€ / LT",
Escova Esqueleto Grande,,Emb. 1 UNID.,"3,99€","3,99€ / UNID.",
Sementes de Chia,MARQUE REPERE,Emb. 0.2 KG,"2,79€","13,95€ / KG",
Espumante Meio Seco,SALVE,Garrafa 0.75 LT,"2,89€","3,85€ / LT",
Bolachas Digestive Go,TRIUNFO,Emb. 0.16 KG,"1,34€","8,38€ / KG",
SAUCE POIVRE VERT,RUSTICA,Emb. 0.03 KG,"0,45€","15,00€ / KG",
Mistura C/ Goji,MARQUE REPERE,Emb. 0.2 KG,"2,99€","14,95€ / KG",
Snack P/ Cão Pequeno 7-12Kg,PURINA,Emb. 0.115 KG,"2,38€","20,70€ / KG",
Vodka Black,ERISTOFF,Garrafa 0.7 LT,"12,98€","18,54€ / LT",
"SALSICHAO SECO ""PUR PORC"" MINI",ST AZAY,Emb. 0.075 KG,"1,39€","18,53€ / KG",
"GELADO ""TYROLIA"" CREME BRULEE",ESKISS,Emb. 0.65 LT,"2,41€","3,71€ / LT",
PATE PEIXE P/ GATO 100G ECO+,ECO+,Emb. 0.1 KG,"0,27€","2,70€ / KG",
VELA NUMERO - 0,ARDENCE,Emb. 1 UNID.,"0,59€","0,59€ / UNID.",
Papa Infantil,CERELAC,Emb. 0.5 KG,"2,88€","5,76€ / KG",
Cápsulas Delta Q Café Epic 10 unidades,DELTA Q,Emb. 0.055 KG,"3,39€","61,64€ / KG",
2 PILHAS RECARREGAVEIS R20 3000MAH,FOXTER,Emb. 2 UNID.,"6,99€","3,50€ / UNID.",
Caldo Culinário 16 cubos,KNORR,Emb. 0.16 KG,"1,39€","8,69€ / KG",
Licor,SHERIDAN'S,Garrafa 0.5 LT,"17,99€","35,98€ / LT",
Bacalhau à Brás Ultracongelado,IGLO,Emb. 0.3 KG,"5,28€","17,60€ / KG",
GEL BARBEAR ANTI-IRRITACAO 200ML,CARRÉ HOMME,Emb. 0.2 LT,"2,00€","10,00€ / LT",
"BL1 LED ESFERA 3,2W-25W E27",FOXTER,Emb. 1 UNID.,"2,59€","2,59€ / UNID.",
Champô Cabelos Normais Fructis Anti Caspa,GARNIER,Emb. 0.25 LT,"3,98€","15,92€ / LT",
Bolo de Arroz,,1 UNID.,"0,89€","0,89€ / UNID.",
Champô para Cabelo Pintado,TRESEMMÉ,Emb. 0.4 LT,"4,19€","10,48€ / LT",
Lima,,1 Unid. = 0.08 KG (aprox.),"3,99€/kg","0,32€ / Unid.",
Sabonete Líquido para as Mãos de Coco,DOVE,Emb. 0.25 LT,"2,59€","10,36€ / LT",
Multifunções 5 Efeitos Pastilhas 250Gr,BEAUX JOURS,Emb. 4 KG,"12,90€","3,23€ / KG",
GELADO BAUNILHA E CHOCOLATE 16UN,ECO+,Emb. 16 UNID.,"2,83€","0,18€ / UNID.",
Cápsulas Café Espresso P/ Nespresso Intensidade 11,STARBUCKS,Emb. 10 CAPS.,"4,48€","0,45€ / CAPS.",
ACENDALHAS CUBOS SEM ODOR,SILEX,Emb. 40 UNID.,"1,29€","0,03€ / UNID.",
Bloco Sanitário Poder Activo Lavanda,SONASOL,Emb. 0.05 KG,"1,94€","38,80€ / KG",
Iogurte Actifidus sabor Limão 4x125gr,DÉLISSE,Emb. 0.5 KG,"0,99€","1,98€ / KG",
Alimento Seco P/ Gato Salmão,PURINA ONE,Emb. 0.8 KG,"6,98€","8,73€ / KG",
Cuecas Incontinência Discreet L,AUSONIA,Emb. 7 UNID.,"7,98€","1,14€ / UNID.",
Créme Dessert Praliné 4x125g,DÉLISSE,Emb. 0.5 KG,"1,73€","3,46€ / KG",
Conserva de Feijão Preto,COMPAL,Lata 0.845 KG,"1,59€","1,88€ / KG",
Flocos de Aveia,GRAINEA,Emb. 0.5 KG,"1,26€","2,52€ / KG",
PensosHigiénicos Cottonlike Super Plus Alas,EVAX,Emb. 10   UNID.,"2,58€","0,26€ /   UNID.",
Bebida de Arroz 0% 3x200ML,SHOYCE,Emb. 0.6 LT,"1,78€","2,97€ / LT",
PAO COM CHOCOLATE (NAPOLITANAS) X12 (SAQ INDIVIDUAL),EPI D'OR,Emb. 0.54 KG,"3,19€","5,91€ / KG",
Lápis para Colorir,ESQUISSE,,"2,29€",/ Unid.,
DISTRIBUIDOR AGUA E CROQUETES,P'TIT AMI,Emb. 1 UNID.,"4,99€","4,99€ / UNID.",
Whisky Red Label,J. WALKER,Emb. 0.7 LT,"16,99€","24,27€ / LT",
Banana Frita às Rodelas,MARQUE REPERE,Emb. 0.2 KG,"1,30€","6,50€ / KG",
PAES PITA X6,EPI D'OR,Emb. 0.4 KG,"1,35€","3,38€ / KG",
Bolachas Cookies XL Pedaços de Choco,MILKA,Emb. 0.184 KG,"2,68€","14,57€ / KG",
Leite Magro em Pó,DÉLISSE,Emb. 0.75 KG,"6,61€","8,81€ / KG",
Flor Duche Branco,SILLAGE,Emb. 1 UNID.,"1,89€","1,89€ / UNID.",
GELADO CREME BRULEE,ESKISS,Emb. 1 LT,"3,03€","3,03€ / LT",
"CANETA PRETO 0,7MM",ESQUISSE,Emb. 4 UNID.,"1,29€","0,32€ / UNID.",
Orecchiette,TRADIZIONI D'ITALIA,Emb. 0.5 KG,"2,31€","4,62€ / KG",
Sombrinhas Chocolate Leite,MAURI,Emb. 5 UNID.,"2,38€","0,48€ / UNID.",
GUARDANAPOS RED LABEL 1F RED,GUARDANAPOS RENOVA,Emb. 70 UNID.,"0,78€","0,01€ / UNID.",
Alimento Seco Gato Croquetes Frango e Cereais,ECO+,Emb. 4 KG,"5,95€","1,49€ / KG",
Refrigerante C/ Gás Laranja Pack 6,FANTA,Emb. 1.98 LT,"4,13€","2,09€ / LT",
Bolos com Recheio de Morango Isento de Glúten,CHAQUE JOUR SANS GLUTEN,Emb. 0.21 KG,"2,82€","13,43€ / KG",
Gel de Banho Naturals Leite e Mel,PALMOLIVE,Emb. 0.5 LT,"2,69€","5,38€ / LT",
Nuggets de Frango 18 Unid.,CAPITÃO IGLO,Emb. 0.375 KG,"8,98€","23,95€ / KG",
Iogurte Soja Framboesa 4 Unid.,NAT&VIE,Emb. 0.4 KG,"1,49€","3,73€ / KG",
Pão Rústico,,1 Unid. = 0.4 KG (aprox.),"2,49€/kg","1,00€ / Unid.",
Miolo de Amêndoa Torrada com Sal,,Emb. 0.2 KG,"4,01€","20,05€ / KG",
LAVA TUDO FRESCURA PURA,CLAIR,Emb. 1.5 LT,"1,56€","1,04€ / LT",
Aerossol Air Brisa Marinha,AMBIPUR,Emb. 0.3 LT,"3,98€","13,27€ / LT",
Creme Corporal Pele Seca Refirmante Q10,NIVEA BODY,Emb. 0.25 LT,"4,99€","19,96€ / LT",
Costeletas do Cachaço Porco,,1 Unid. = 0.2 KG (aprox.),"4,99€/kg","1,00€ / Unid.",
RECARGA P/ ESCOVA DENTES CABECA RECARRREGAVEL,DENTAMYL,,"1,25€",/ Unid.,
Escova Multiusos,SILLAGE,Emb. 1 UNID.,"1,99€","1,99€ / UNID.",
BORRACHA BRANCA 1UN,ESQUISSE,Emb. 1 UNID.,"0,79€","0,79€ / UNID.",
Bife Bourguignon com Batatas,CÔTÉ TABLE,Emb. 0.3 KG,"2,49€","8,30€ / KG",
Massa Tagliatelle,TURINI,Emb. 0.5 KG,"1,35€","2,70€ / KG",
LIXIVIA PERFUMADA FLORES DO CAMPO,CLAIR,Emb. 2 LT,"0,99€","0,50€ / LT",
Sonhos com Canela,,1 Unid. = 0.06 KG,"10,99€","183,17€ / KG",
Cogumelos de Paris Laminados Ultracongelado,NOTRE JARDIN,Emb. 1 KG,"2,05€","2,05€ / KG",
Bijou Mistura,,1 Unid. = 0.06 KG,"0,89€","14,83€ / KG",
Alimento Seco P/ Cachorro + de 10 Kg Frango C/ Arroz,PURINA,Emb. 2.5 KG,"13,98€","5,59€ / KG",
Cereais de Aveia Integral,FITNESS,Emb. 0.625 KG,"4,19€","6,70€ / KG",
AUSONIA ORG COTTON NOITE ABAS,AUSONIA,Emb. 90 UNID.,"2,54€","0,03€ / UNID.",
Lava Tudo Novo Brilho Camomila e Flor de Laranjeira,SONASOL,Emb. 1.3 LT,"2,09€","1,61€ / LT",
Pastilhas 2 em 1 Protege e Limpa,CALGON,Emb. 15 UNID.,"6,99€","0,47€ / UNID.",
PATE CAMPESTRE PORCO BRETON IGP,NOS RÉGIONS ONT DU TALENT,Emb. 0.2 KG,"1,99€","9,95€ / KG",
Bebida Energética Energy Drink 4x25cl,RED BULL,Emb. 1 LT,"5,38€","5,38€ / LT",
Leite Meio Gordo S/ Lactose 4x200ML,MIMOSA,Emb. 0.8 LT,"1,98€","2,48€ / LT",
Vinho Regional Alentejo Tinto,MONTE VELHO,Garrafa 0.75 LT,"3,69€","4,92€ / LT",
Iogurte Líquido Sabor Framboesa 6x180g,DÉLISSE,Emb. 1.08 KG,"2,06€","1,91€ / KG",
Dentífrico Cuidado Diário,PARODONTAX,Emb. 0.075 LT,"5,59€","74,53€ / LT",
IOGURTE LIQUIDO MORANGO/BANANA,DÉLISSE,Emb. 0.72 KG,"1,35€","1,88€ / KG",
Whisky Cutty Sark,CUTTY SARK,Garrafa 0.7 LT,"11,49€","16,41€ / LT",
Pao De Forma Cerealia 5 Sementes,PANRICO,Emb. 0.435 KG,"2,28€","5,24€ / KG",
DESODORIZANTE SPRAY ATTIRANT MEN 100ML COMPACT,CARRÉ HOMME,Emb. 0.1 LT,"1,19€","11,90€ / LT",
Vinho de Mesa Branco,LAGAR DAS PIAS,Bag in Box 5 LT,"6,99€","1,40€ / LT",
Ice Tea Pêssego Zero Açúcar,LIPTON,Emb. 0.6 LT,"1,13€","1,88€ / LT",
Favas Ultracongelados,IGLO,Emb. 0.7 KG,"3,98€","5,69€ / KG",
Mortadela com Azeitonas,CHARCUTARIA,1 Unid. = 0.1 KG (aprox.),"4,99€/kg","0,50€ / Unid.",
COXAS FRANGO ASSADAS C/ MOLHO MEXICANO,ECO+,Emb. 0.25 KG,"2,29€","9,16€ / KG",
Mistura de Frutos de Casca Rija,MARQUE REPERE,Emb. 0.2 KG,"3,34€","16,70€ / KG",
Preparado em Pó P/ Gelatina de Limão,ROYAL,Emb. 0.114 KG,"1,98€","17,37€ / KG",
Recarga Ambientador Elétrica White Bouquet,AIR WICK,Emb. 0.019 LT,"3,59€","188,95€ / LT",
Duc de Borzac Armagna V.S.O.P,DUC DE BORZAC,Garrafa 0.7 LT,"14,99€","21,41€ / LT",
Detergente Manual em Pó,TIDE,Emb. 0.6 KG,"1,78€","2,97€ / KG",
Cubos de Pão Tostado Alho e Ervas Especial Saladas,EPI D'OR,Emb. 0.06 KG,"0,56€","9,33€ / KG",
Tablete de Chocolate Preto Praline com Pepitas de Avelã,EQUADOR,Emb. 0.15 KG,"1,55€","10,33€ / KG",
Toalhitas Íntimas Suaves,CORINE DE FARME,Emb. 10 UNID.,"1,64€","0,16€ / UNID.",
Refrigerante C/Gás Cola 6 Unid.,JEAN'S,Lata 1.98 ML,"2,89€","1,46€ / ML",
Alimento Seco P/ Cão Salmão C/ Arroz,PURINA,Emb. 0.8 KG,"5,71€","7,14€ / KG",
Mexilhão Médio,,1 KG (aprox.),"2,29€/kg","2,29€ / Unid.",
Gelado de Yoghurt & Forest Fruit,CARTE D'OR,Emb. 1 LT,"3,29€","3,29€ / LT",
Pincel de Maquilhagem em Pó de Bolso,,Emb. 1 UNID.,"3,99€","3,99€ / UNID.",
FORMA PAO DE LÓ C/ CANO Nº. 26,ECO+,Emb. 1 UNID.,"3,99€","3,99€ / UNID.",
Bolachas com Recheio Aroma a Framboesa,P'TIT DÉLI,Emb. 0.15 KG,"1,15€","7,67€ / KG",
PANOS DE COZINHA ABSORVENTES 5UN,MAMISON,Emb. 5 UNID.,"1,99€","0,40€ / UNID.",
Batatas Pré-Fritas Congeladas,POM'LISSE,Emb. 2.5 KG,"4,40€","1,76€ / KG",
Refrigerante C/ Gás Lima Limão,ECO+,Garrafa 2 LT,"0,79€","0,40€ / LT",
DETERGENTE CAPSULAS 3 EM 1 ORIENTE P/ROUPA,EPSIL,,"5,25€",/ Unid.,
Gel de Banho Purely Pampering,DOVE,Emb. 0.75 LT,"4,79€","6,39€ / LT",
Água de Nascente S/ Gás,ECO+,Garrafa 1.5 LT,"0,25€","0,17€ / LT",
ESPINAFRE PICADO 1/2,NOTRE JARDIN,Emb. 0.4 KG,"0,89€","2,23€ / KG",
BATATAS FRITAS ONDULADAS SABOR A KETCHUP,POM'LISSE,Emb. 0.135 KG,"1,57€","11,63€ / KG",
FEIJAO BRANCO EM TOMATE,NOTRE JARDIN,Emb. 0.8 KG,"1,40€","1,75€ / KG",
ERVILHAS CONGELADAS,ECO+,Emb. 1 KG,"1,69€","1,69€ / KG",
Conserva de Milho Doce,BONDUELLE,Lata 0.3 KG,"1,58€","5,27€ / KG",
STICK ESPIRAIS BOVINO 4UN,TOUS MES AMIS,Emb. 4 UNID.,"0,69€","0,17€ / UNID.",
Detergente em Pó p/ Máquina de Roupa,SURF,Emb. 92 DOSES,"12,49€","0,14€ / DOSES",
Creme de Mãos Derma Spa Intensive,DOVE,Emb. 0.075 LT,"5,98€","79,73€ / LT",
Massa Pérolas,MILANEZA,Emb. 0.25 KG,"0,72€","2,88€ / KG",
"Tisana Silhueta de Cavalinha, Erva Príncipe e Gengibre",LIPTON,Emb. 0.028 KG,"1,94€","69,29€ / KG",
Alimento Seco P/ Cão Adulto Rica em Borrego C/ Cevada Integral,BEYOND,Emb. 1.4 KG,"6,34€","4,53€ / KG",
Maçã Starking Cal. 70/75,,1 Unid. = 0.2 KG (aprox.),"1,09€/kg","0,22€ / Unid.",
Leite UHT Meio Gordo,GRESSO,Emb. 1 LT,"0,84€","0,84€ / LT",
CONCHAS DE VIEIRA 4UN,CÔTÉ TABLE,Emb. 0.36 KG,"5,25€","14,58€ / KG",
Conserva Macedónia de Legumes,NOTRE JARDIN,Lata 0.53 KG,"1,59€","3,00€ / KG",
Manteiga Fácil de Barrar,MIMOSA,Emb. 0.25 KG,"2,33€","9,32€ / KG",
CABIDE PLASTICO CRIANCA AZUL,SILLAGE,Emb. 4 UNID.,"1,99€","0,50€ / UNID.",
MIX APERO BEM-ESTAR,TOKAPI,Emb. 0.12 KG,"2,30€","19,17€ / KG",
Vinho Regional Dão Branco,DUQUE DE VISEU,Garrafa 0.75 LT,"3,49€","4,65€ / LT",
Ice Tea de Pêssego Lata 6x25cl,LIPTON,Emb. 1.5 LT,"3,38€","2,25€ / LT",
Bolachas Digestivas,MCVITIES,Emb. 0.4 KG,"2,28€","5,70€ / KG",
Doseador Sabão Líquido Cinza,SILLAGE,Emb. 1 UNID.,"2,99€","2,99€ / UNID.",
Creme Smooth Milk Pele Seca,NIVEA,Emb. 0.25 LT,"5,49€","21,96€ / LT",
Whisky,JAMESON,Garrafa 0.7 LT,"19,99€","28,56€ / LT",
DETERGENTE MANUAL LOICA ULTRA LIMAO 750ML,VISIOR,Emb. 0.75 LT,"1,01€","1,35€ / LT",
"ASPIRADOR C/SACO 500W 3,5L",ELSAY,Emb. 1 UNID.,"59,90€","59,90€ / UNID.",
ARROZ CANTONES PRE COZIDO EXPRESS,COMPTOÍR DU GRAIN,Emb. 0.25 KG,"1,20€","4,80€ / KG",
Cookies Pepitas de Chocolate Nougat,P'TIT DÉLI,Emb. 0.2 KG,"1,64€","8,20€ / KG",
SPRAY TIRA NODOAS PRE-LAVAGEM 500ML,TEXIL,Emb. 0.5 LT,"1,68€","3,36€ / LT",
RATO PRETO COMPATIVEL PC/MAC,LINKSTER,Emb. 1 UNID.,"7,03€","7,03€ / UNID.",
Pizza Royal Ultracongelado,VOLPONE,Emb. 0.44 KG,"3,05€","6,93€ / KG",
"CROQUETES CAO MINI ADULTO 1,5KG 1,5KG LYDOG",PLENIMA,Emb. 1.5 KG,"5,04€","3,36€ / KG",
Elixir Total Care Zero,LISTERINE,Emb. 0.5 LT,"6,48€","12,96€ / LT",
Suporte Universal Carro P/ Smartphone,LINKSTER,Emb. 1 UNID.,"5,99€","5,99€ / UNID.",
MOLHO FRANCESINHA,RUSTICA,Emb. 0.5 KG,"1,99€","3,98€ / KG",
Néctar Multifruits,ECO+,Emb. 2 LT,"1,29€","0,65€ / LT",
Iogurte Líquido Baunilha Cookies,DANONE,Emb. 0.3 KG,"1,89€","6,30€ / KG",
Vinho Regional Península de Setúbal Branco,ADEGA DE PEGÕES,Garrafa 0.75 LT,"1,59€","2,12€ / LT",
PREPARADO P/ ARROZ MARISCO,PÊCHE OCÉAN,Emb. 0.8 KG,"5,81€","7,26€ / KG",
Vinho Regional Alentejo Tinto,REGUENGOS,Garrafa 0.75 LT,"2,39€","3,19€ / LT",
Alimento P/ Cão Adulto Pequeno Carne de Vaca C/ Arroz,PURINA,Emb. 0.8 KG,"5,71€","7,14€ / KG",
Alimento Completo Cereais P/ Animais Exóticos,TOUS MES AMIS,Emb. 1 KG,"2,99€","2,99€ / KG",
Cotonetes p/ Bebé,JOHNSON'S BABY,Emb. 200 UNID.,"2,98€","0,01€ / UNID.",
Néctar Clássico Pera Rocha,COMPAL,Emb. 1 LT,"0,99€","0,99€ / LT",
CAPA PLASTICA A4 C/ELASTICO 1UN,ESQUISSE,Emb. 1 UNID.,"0,72€","0,72€ / UNID.",
Néctar de Pêra Pack 3,SANTAL,Emb. 0.6 LT,"1,59€","2,65€ / LT",
Cone Baunilha 8x120ml,ECO+,Emb. 8 UNID.,"1,99€","0,25€ / UNID.",
Iogurte Aroma 12x125g,ECO+,Emb. 1.5 KG,"1,97€","1,31€ / KG",
Atum Posta Azeite e Orégãos,BOM PETISCO,Emb. 0.12 KG,"1,56€","13,00€ / KG",
ARRANHADOR EM CARTAO P/GATO,P'TIT AMI,Emb. 1 UNID.,"3,49€","3,49€ / UNID.",
Licor Creme Pastel Nata,35,Garrafa 0.7 LT,"11,99€","17,13€ / LT",
Bebida de Soja,NAT&VIE,Emb. 1 LT,"0,79€","0,79€ / LT",
Refrigerante S/ Gás Tropical Cenoura,JAFADEN,Garrafa 1.5 LT,"1,25€","0,83€ / LT",
FIAMBRE PERNA EXTRA C/OURATO -25% SAL,TRADILÈGE,,"2,93€",/ Unid.,
Salame Fatiado,EL POZO,Emb. 0.8 KG,"1,94€","2,43€ / KG",
Vinho Regional Douro Tinto,CISTUS,Garrafa 0.75 LT,"4,49€","5,99€ / LT",
GLADE RECARGA SANDALWOOD & JASMINE 10ML,GLADE,,"2,09€",/ Unid.,
Queijo Fatiado Flamengo 2X200 g,TERRA NOSTRA,Emb. 0.4 KG,"4,48€","11,20€ / KG",
DETERGENTE LIQUIDO LA E SEDA 25D,EPSIL,Emb. 25 DOSES,"2,60€","0,10€ / DOSES",
Cillit Bang Tira Gorduras 500ML x12,CILLIT BANG,Emb. 0.5 LT,"2,24€","4,48€ / LT",
Iogurte Natural Cremoso 16x125g,DÉLISSE,Emb. 2 KG,"2,89€","1,45€ / KG",
Couve Coração,,1 Unid. = 0.84 KG (aprox.),"0,89€/kg","0,75€ / Unid.",
Recarga Máquina de Barbear Sensor Excel,GILLETTE,Emb. 5 UNID.,"10,48€","2,10€ / UNID.",
COLORACAO LOURO DOURADO 7.3 1UN VITANOVE,VITANOVE,Emb. 1 UNID.,"3,64€","3,64€ / UNID.",
SACO ARRUMACAO MALEAVEL,SILLAGE,Emb. 1 UNID.,"2,99€","2,99€ / UNID.",
Alimento Húmido P/ Cão Adulto Pequeno C/ Carne de Vaca e Pato,PURINA,Emb. 0.4 KG,"3,18€","7,95€ / KG",
Caderno Espiral Capa Dura Pautado 150p Cores Sortidas,ESQUISSE,,"4,10€",/ Unid.,
Creme de Mãos Reparador Repair & Care,BIOTEN,Emb. 0.1 LT,"2,13€","21,30€ / LT",
Esfregão Verde Clássico Cuide das suas Mãos,SCOTCH BRITE,Emb. 2 UNID.,"2,03€","1,02€ / UNID.",
CUSCUZ MEDIO,COMPTOÍR DU GRAIN,Emb. 0.5 KG,"1,68€","3,36€ / KG",
Algodão Maxi Bebé,MOTS D'ENFANTS,Emb. 80 UNID.,"2,20€","0,03€ / UNID.",
Pudim Chocolate,BOCA DOCE,Emb. 0.022 KG,"0,44€","20,00€ / KG",
AGUA PENTEAR SPRAY,VITANOVE,Emb. 0.15 LT,"1,71€","11,40€ / LT",
Conserva de Azeitonas Verdes com Recheio,RUSTICA,Emb. 0.3 KG,"2,08€","6,93€ / KG",
Fraldas Bebé T5 Ultra Confort11/25 Kg,MOTS D'ENFANTS,Emb. 23 UNID.,"5,03€","0,22€ / UNID.",
Bolachas Sprits,ECO+,Emb. 0.4 KG,"1,57€","3,93€ / KG",
GEL DEPILATORIO SENHORA PELE SENSIVEL 200ML,SILISS,Emb. 200 ML,"2,19€","0,01€ / ML",
Chouriço Porco Preto,SNR,Emb. 0.2 KG,"2,89€","14,45€ / KG",
Bebida de Amêndoa,ALPRO,Emb. 1 LT,"2,38€","2,38€ / LT",
Fraldas Bebé T4 Ultra Confort 7/18 Kg,MOTS D'ENFANTS,Emb. 26 UNID.,"5,37€","0,21€ / UNID.",
Nuggets de Aves,ECO+,Emb. 0.5 KG,"3,43€","6,86€ / KG",
Chá Verde,TETLEY,Emb. 10 SAQ.,"0,89€","0,09€ / SAQ.",
Bebida de Soja Original,SHOYCE,Emb. 1 LT,"1,26€","1,26€ / LT",
1000 AGRAFOS N24/6,ESQUISSE,Emb. 1 UNID.,"0,49€","0,49€ / UNID.",
Refrigerante com Gás Ginger Ale,SCHWEPPES,Garrafa 1 LT,"1,79€","1,79€ / LT",
Bolachas com Recheio de Framboesa,ECO+,Emb. 0.3 KG,"1,37€","4,57€ / KG",
Tablete Chocolate Branco Culinária,TABLETTE D'OR,Emb. 0.18 KG,"1,55€","8,61€ / KG",
Abacate,,1 Unid. = 0.2 KG (aprox.),"4,99€/kg","1,00€ / Unid.",
Gelatina Light de Melancia,ROYAL,Emb. 0.031 KG,"2,08€","67,10€ / KG",
Conserva Ervilhas Cenouras 3x130g,NOTRE JARDIN,Emb. 0.13 KG,"1,95€","15,00€ / KG",
Detergente Loiça Manual Original Ultra,FAIRY,Emb. 1.5 LT,"5,64€","3,76€ / LT",
IOG.NAT.ACU.DELISSE CANA X16,DÉLISSE,Emb. 16 UNID.,"2,99€","0,19€ / UNID.",
B&J Cookie Dough 465ml,,Emb. 0.465 LT,"6,78€","14,58€ / LT",
Fiambre Peito de Peru,CAMPO FINO,1 Unid. = 0.1 KG (aprox.),"9,99€/kg","1,00€ / Unid.",
Espinafre em Folhas,NOTRE JARDIN,Emb. 1 KG,"1,39€","1,39€ / KG",
Manteiga com Grãos de Sal Pasteurizada,PRÉSIDENT,Emb. 0.25 LT,"3,88€","15,52€ / LT",
MADALENAS CONCHAS CARAMELO,NOS RÉGIONS ONT DU TALENT,Emb. 0.33 KG,"3,48€","10,55€ / KG",
"BL1 LED STANDARD 9,5W-60W E27",FOXTER,Emb. 1 UNID.,"3,69€","3,69€ / UNID.",
Amaciador Ultra Suave Óleo de Abacate,GARNIER,Emb. 0.2 LT,"3,58€","17,90€ / LT",
"MINAS P/LAPISEIRA HB 0,7MM 2UN",ESQUISSE,Emb. 2 UNID.,"0,99€","0,50€ / UNID.",
TAMPAO COMPACTO NORMAL,DOULYS,Emb. 20 UNID.,"2,06€","0,10€ / UNID.",
RECARGA ESFREGONA MICROFIBRAS TIRAS,,Emb. 1 UNID.,"2,99€","2,99€ / UNID.",
Conserva De Feijão Frade 425g,NOTRE JARDIN,Lata 0.425 KG,"0,86€","2,02€ / KG",
Pimenta P/ Bifes C/ Moinho,MARGÃO,Emb. 0.035 KG,"3,98€","113,71€ / KG",
Iogurte com Frutos 12x125g,ECO+,Emb. 1.5 KG,"2,55€","1,70€ / KG",
Guardanapos 2 Folhas Tipo Tecido,MARQUE REPERE,Emb. 40 UNID.,"1,05€","0,03€ / UNID.",
SALSA PICADA BIO,,Emb. 0.05 KG,"1,09€","21,80€ / KG",
After shave loção fresh kick,NIVEA MEN,Emb. 0.1 LT,"8,99€","89,90€ / LT",
Conserva de Feijão Encarnado Cozido,NOTRE JARDIN,Lata 0.85 KG,"0,99€","1,16€ / KG",
ICE TEA LIMÃO,LIPTON,Emb. 0.5 LT,"0,79€","1,58€ / LT",
Tronco de Natal,,1 Unid. = 1 KG (aprox.),"9,99€/kg","9,99€ / Unid.",
DROPS BOLAS DE NEVE M.GUIA,COPAÍNS COPINES,Emb. 0.25 KG,"1,15€","4,60€ / KG",
Fraldas Incontinência Super P,LINDOR,Emb. 40 UNID.,"20,98€","0,52€ / UNID.",
Pimenta Preta Moída,RUSTICA,Frasco 0.04 KG,"1,00€","25,00€ / KG",
Tirinhas de Bacon ao Natural 2x100g,TRADILÈGE,Emb. 0.2 KG,"2,25€","11,25€ / KG",
Vaporizador de Mão,ELSAY,Emb. 1 UNID.,"28,41€","28,41€ / UNID.",
Entremeada de Porco,,1 Unid. = 0.4 KG (aprox.),"5,49€/kg","2,20€ / Unid.",
Snacks Húmidos P/ Gatos De Casa Peru e Cereais Integrais,PURINA,Emb. 0.8 KG,"6,98€","8,73€ / KG",
Desodorizante Narta Men IceMax Roll On,GARNIER,Emb. 0.05 LT,"3,98€","79,60€ / LT",
Café Torrado Moído Portugal Universal,DELTA,Emb. 0.25 KG,"2,29€","9,16€ / KG",
Fraldas Bebé Ultra Conforto T6 +16Kg,MOTS D'ENFANTS,Emb. 33 UNID.,"7,23€","0,22€ / UNID.",
Bebida Energética Absolutely Zero,MONSTER ENERGY,Emb. 0.5 LT,"1,20€","2,40€ / LT",
PURE MACA/MANGA SEM ADICAO ACUCAR BISNAGA BIO,,Emb. 0.36 KG,"2,39€","6,64€ / KG",
VINHO TINTO REGIONAL LISBOA BIB,COMP DO VINHO,,"5,99€",/ Unid.,
ASPIRADOR S/SACO ECO+,ECO+,Emb. 1 UNID.,"49,90€","49,90€ / UNID.",
Pastilha Elástica Senses Frutos Vermelhos 3x23g,TRIDENT,Emb. 0.069 KG,"2,58€","37,39€ / KG",
Café Torrado em Grão,PLANTATION,Emb. 0.25 KG,"1,69€","6,76€ / KG",
Batatas Fritas Lisas Caseiras,SNR,Emb. 0.4 UNID.,"1,98€","4,95€ / UNID.",
Papa Infantil Não Láctea Multicereais,CERELAC,Emb. 0.25 KG,"1,79€","7,16€ / KG",
ACENDALHAS EM BASTOES,SILEX,Emb. 24 UNID.,"1,49€","0,06€ / UNID.",
"CHIPS AHOY! PEPITAS XL 18,184G",CHIPS AHOY,Emb. 0.184 KG,"2,59€","14,08€ / KG",
Fósforos de Segurança 100 unid.,SILEX,Emb. 3 UNID.,"0,76€","0,25€ / UNID.",
Cereais Choco Krispies,KELLOGG'S,Emb. 0.375 KG,"2,29€","6,11€ / KG",
Madalenas Longas Recheadas com Chocolate 8 Unidades,P'TIT DÉLI,Emb. 0.24 KG,"2,51€","10,46€ / KG",
Bife do Lombo de Porco,,1 Unid. = 0.4 KG (aprox.),"6,99€/kg","2,80€ / Unid.",
PEPINO FERBAR VINAGRE 345G,FERBAR,Emb. 0.345 KG,"1,56€","4,52€ / KG",
Pão de Forma com Códea Familiar,PANRICO,Emb. 0.75 KG,"1,59€","2,12€ / KG",
Massa de Alho,RUSTICA,Frasco 0.2 KG,"0,84€","4,20€ / KG",
GRAO DE BICO LATAMGUIA,NOTRE JARDIN,Emb. 0.425 KG,"0,80€","1,88€ / KG",
Vinho Regional Alentejano Tinto,PORTA DA RAVESSA,Garrafa 0.75 LT,"5,49€","7,32€ / LT",
IOGURTE LIQUIDO NATURAL ACUCARADO,DÉLISSE,Emb. 1 KG,"2,17€","2,17€ / KG",
Compota de Fruta Maçã S/ Adição de Açúcar 4 Unid.,DOUCEUR DU VERGER,Emb. 0.36 KG,"2,10€","5,83€ / KG",
Detergente Limpeza Spray Multiusos com Lixívia,CIF,Emb. 0.75 Lt,"2,49€","3,32€ / Lt",
Bebida Isotónica Citrus,POWERADE,Emb. 0.05 LT,"1,38€","27,60€ / LT",
CUIDADO DO ROSTO E BARBA CURTA 50ML,CARRÉ HOMME,Emb. 0.05 LT,"2,98€","59,60€ / LT",
FILETES DE PESCADA,ECO+,Emb. 0.8 KG,"5,23€","6,54€ / KG",
Óleo de Girassol Extra Virgem,,Emb. 0.075 LT,"4,17€","55,60€ / LT",
Conjunto de 4 Recargas P/ Desumidificador Lavanda,FOXTER,Emb. 4 UNID.,"11,33€","2,83€ / UNID.",
Nectar Laranja e Banana,JAFADEN,Emb. 2 LT,"1,89€","0,95€ / LT",
Néctar Clássico Laranja,COMPAL,Emb. 1 LT,"0,99€","0,99€ / LT",
Cápsulas Café Macchiato Caramelo P/ Dolce Gusto,STARBUCKS,Emb. 12 CAPS.,"5,48€","0,46€ / CAPS.",
"FRIZE RODELA LIMAO,,4x.25L",FRIZE,,"2,68€",/ Unid.,
WC Brisa Marinha,NEO BLANC,Emb. 2 UNID.,"4,49€","2,25€ / UNID.",
Pantene Liso & Sedoso Laca 300ml,PANTENE PV,Spray 0.3 LT,"3,74€","12,47€ / LT",
Alimento Seco Cão Croquetes Carne e Cereais,ECO+,Emb. 10 KG,"9,99€","1,00€ / KG",
Café Torrado Moído Brasil Moagem Universal Intensidade 7,SICAL,Emb. 0.22 KG,"3,88€","17,64€ / KG",
Batata Vermelha Assar,,Emb. 1 KG,"1,29€","1,29€ / KG",
SALSICHAO SECO ESPECIALIDADES,ST AZAY,Emb. 0.2 KG,"3,95€","19,75€ / KG",
Sobremesa Gelado Morango e Chocolate Branco 4x110ml,MAGNUM,Emb. 0.44 LT,"4,98€","11,32€ / LT",
Mini Rissóis de Camarão 20 Unid.,SNR,Emb. 0.333 KG,"3,19€","9,58€ / KG",
AMACIADOR CONCENTRADO LIRIOS E MORANGOS 72 DOSES,HYPERDOU,Emb. 2 LT,"1,53€","0,77€ / LT",
Vinho Regional Alentejo Tinto,TRINCA BOLOTAS,Garrafa 0.75 LT,"6,99€","9,32€ / LT",
Água sem Gás Frutos Vermelhos,LUSO FRUTA,Garrafa 1 LT,"1,27€","1,27€ / LT",
Concentrado de Fruta Tropical,SUNQUICK,Garrafa 0.7 LT,"5,29€","7,56€ / LT",
Café Solúvel Cappuccino Intenso,NESCAFÉ,Emb. 0.125 KG,"3,18€","25,44€ / KG",
RECARGA MOPA SECA,,Emb. 1 UNID.,"3,49€","3,49€ / UNID.",
Champô Anti-Caspa Men Eficácia Activa,LINIC,Emb. 0.225 LT,"3,34€","14,84€ / LT",
Fiambre de Peito de Frango,CHARCUTARIA,1 Unid. = 0.12 KG (aprox.),"9,99€/kg","1,20€ / Unid.",
Verniz de Unhas 60 Segundos 210,RIMMEL,Emb. 1 UNID.,"5,58€","5,58€ / UNID.",
Ração para cão c/ Frango e Arroz,ULTIMA,Emb. 7.5 KG,"43,28€","5,77€ / KG",
Mousse de Chocolate Preto 4x60g,DÉLISSE,Emb. 0.48 LT,"1,13€","2,35€ / LT",
LUVAS JARDINAGEM S CINZA,BEAUX JOURS,Emb. 1 UNID.,"1,89€","1,89€ / UNID.",
MACA GALA 65/70 IGP ALCOBACA,,Emb. 1 KG,"1,99€","1,99€ / KG",
MINI MARCADOR FLURESCENTE SORTIDO CORES PASTEL 4UN,ESQUISSE,Emb. 4 UNID.,"2,29€","0,57€ / UNID.",
Cerveja C/ Álcool,FALSBOURG,Garrafa 1 LT,"0,99€","0,99€ / LT",
PA P/TABULEIRO P/GATO 1UN,P'TIT AMI,Emb. 1 UNID.,"0,89€","0,89€ / UNID.",
Dentífrico Max White One,COLGATE,Emb. 0.075 LT,"3,99€","53,20€ / LT",
Fruta 100% Maçã e Banana 4 Unid.,NESTLÉ,Emb. 0.4 KG,"2,19€","5,48€ / KG",
Vinho Tinto de Mesa BIB,COMP DO VINHO,Bag in box 10 LT,"8,99€","0,90€ / LT",
Bacalhau Seleção Crescido Asa Preta,,1 Unid. = 1.6 KG (aprox.),"12,99€/kg","20,78€ / Unid.",
Mostarda,CALVÉ,Emb. 0.257 KG,"1,49€","5,80€ / KG",
Mini Bolo com Recheio de Creme de Cacau e Avelãs 90 g,BOLLYCAO,Emb. 6 UNID.,"1,00€","0,17€ / UNID.",
Hamburgers Peito de Frango Ultracongelado,IGLO,Emb. 0.48 KG,"10,98€","22,88€ / KG",
Gel de Banho Peony & Rose,DOVE,Emb. 0.75 LT,"4,19€","5,59€ / LT",
Aditivo Máquina Loiça Sal,CALGON,Emb. 1 KG,"2,48€","2,48€ / KG",
Sabonete Líquido Aloe Vera,DETTOL,Emb. 0.25 LT,"2,64€","10,56€ / LT",
Chicória e Café Solúvel,PLANTATION,Emb. 0.1 KG,"1,49€","14,90€ / KG",
Iogurte Original Natural Açucarado 2x135G,DANONE,Emb. 0.27 LT,"1,68€","6,22€ / LT",
Sumo Florida,SUNNY DELIGHT,Emb. 0.5 Lt,"0,89€","1,78€ / Lt",
Yofu Morango 4x125g,ALPRO,Emb. 0.5 KG,"2,88€","5,76€ / KG",
Conserva de Atum em Posta em Azeite,PÊCHE OCÉAN,Emb. 0.12 KG,"1,12€","9,33€ / KG",
TARTE DE LIMAO,P'TIT DÉLI,Emb. 0.3 KG,"2,59€","8,63€ / KG",
ARROZ DE PATO,CÔTÉ TABLE,Emb. 0.8 KG,"6,79€","8,49€ / KG",
BOLA PILATES 75CM,WOODSUN,Emb. 1 UNID.,"9,99€","9,99€ / UNID.",
Sumo de Maçã à Base de Concentrado,JAFADEN,Emb. 2 LT,"1,49€","0,75€ / LT",
Detergente Roupa Líquido Proteção Escuros,WOOLITE,Emb. 30 DOSES,"6,99€","0,23€ / DOSES",
Leite UHT Magro,MATINAL,Emb. 1 LT,"1,08€","1,08€ / LT",
"DOSSIER A4 LOMBADA 4,5CM",ESQUISSE,Emb. 1 UNID.,"1,40€","1,40€ / UNID.",
Spray Desembaraçador,NATEIS,Emb. 0.2 LT,"2,09€","10,45€ / LT",
PÁ E VASSOURINHA,SILLAGE,Emb. 1 UNID.,"2,99€","2,99€ / UNID.",
CREME SOJA P/ CULINARIA BIO,,Emb. 0.25 KG,"1,49€","5,96€ / KG",
Papel Higiénico Triple Confort,SCOTTEX,Emb. 24 UNID.,"8,79€","0,37€ / UNID.",
Água com Gás Groselha 4x25 cl,FRIZE,Emb. 1 LT,"2,68€","2,68€ / LT",
Batata Branca P/ Assar,,Emb. 1 KG,"1,29€","1,29€ / KG",
Tablete de Chocolate de Leite 5x100g,ECO+,Emb. 0.5 KG,"2,45€","4,90€ / KG",
Condicionador Cabelo Cor Revitalizante,TRESEMMÉ,Emb. 0.9 LT,"6,59€","7,32€ / LT",
Sumo de Romã 100% Bio,,Emb. 1 LT,"3,49€","3,49€ / LT",
Biscoitos Crocantes para Cão,LYDOG,Emb. 0.5 KG,"1,79€","3,58€ / KG",
Arroz Semi Integral,,Emb. 0.5 KG,"1,28€","2,56€ / KG",
TAMPAO NORMAIS,DOULYS,Emb. 24 UNID.,"1,25€","0,05€ / UNID.",
Kit para Pizza,TABLIER BLANC,Emb. 0.6 KG,"2,75€","4,58€ / KG",
Alimento Húmido P/ Gato C/ Peixe e Molho Espinafres,GOURMET GOLD,Emb. 0.085 KG,"0,74€","8,71€ / KG",
Néctar Essencial Pêra 3x110ml,COMPAL,Emb. 0.33 LT,"1,79€","5,42€ / LT",
Champô Cabelo Ultra Suave Delicadeza de Aveia,GARNIER,Emb. 0.4 LT,"5,58€","13,95€ / LT",
Iogurte Grego Natural,YAOS,Emb. 1 KG,"3,99€","3,99€ / KG",
Caramelo Líquido,TABLIER BLANC,Emb. 0.4 KG,"1,19€","2,98€ / KG",
Pão Cachorro Quente 6 Unidades,BIMBO,Emb. 0.33 KG,"1,48€","4,48€ / KG",
Iogurte Líquido Proteíco Banana e Noz Lindahls,NESTLÉ,Emb. 0.33 LT,"1,89€","5,73€ / LT",
"AGUA NAT PET,CARVALHELHO,4x1.5L",CARVALHELHOS,,"2,38€",/ Unid.,
Alimento Seco P/ Cão Adulto com Carne de Vaca e Peixe,FRISKIES,Emb. 3 KG,"11,68€","3,89€ / KG",
CROQUETES P/ GATOS SALMAO E ARROZ PREMIUM,PLENIMA,,"1,53€",/ Unid.,
Chocolate Preto,ECO+,Emb. 0.5 KG,"2,87€","5,74€ / KG",
Bolachas de Cereais Dinosauros,ARTIACH,Emb. 0.185 KG,"2,12€","11,46€ / KG",
Recarga Ambientador Freshmatic Oasis Turquesa,AIR WICK,Emb. 0.25 LT,"3,59€","14,36€ / LT",
Refrigerante C/ Gás Ananás,SPRINK'S,Garrafa 1.5 LT,"0,74€","0,49€ / LT",
Crackers sem Sal na Superfície,DU BOIS DE LA ROCHE,Emb. 0.5 KG,"3,28€","6,56€ / KG",
Café Torrado Moído Intensidade 10,BUONDI,Emb. 0.22 KG,"3,68€","16,73€ / KG",
Recargas para Ambientador Cítrico,AIR WICK,Emb. 0.02 LT,"4,79€","239,50€ / LT",
Moscatel do Douro,DORRÃO,Garrafa 0.75 LT,"4,49€","5,99€ / LT",
Creme Limpeza Original,CIF,Emb. 0.5 LT,"1,89€","3,78€ / LT",
Creme de Camembert,PRÉSIDENT,Emb. 0.125 KG,"2,44€","19,52€ / KG",
Tempero de Alho Louro & Pimentão 8 Cubos,KNORR,Emb. 0.072 KG,"1,49€","20,69€ / KG",
Alimento Seco Completo P/ Cães Pequenos,TOUS MES AMIS,Emb. 1 KG,"2,29€","2,29€ / KG",
Elixir Bucal Total Care Menta,LISTERINE,Emb. 0.5 LT,"6,49€","12,98€ / LT",
Néctar Clássico Tutti Frutti,COMPAL,Emb. 1 LT,"0,99€","0,99€ / LT",
Croissants 10Unid.,ECO+,Emb. 0.4 KG,"1,70€","4,25€ / KG",
Gelado de Morango,CARTE D'OR,Emb. 0.75 LT,"1,94€","2,59€ / LT",
Marmelada Extra,,Emb. 0.45 KG,"0,99€","2,20€ / KG",
Cereais C/ Aveia e Maçã,NESTUM,Emb. 0.25 KG,"2,18€","8,72€ / KG",
Paté para Cão de Aves e Fígado,LYDOG,Emb. 0.3 KG,"0,87€","2,90€ / KG",
Arroz Agulha,SALUDÃES,Emb. 1 KG,"1,18€","1,18€ / KG",
Iogurte de Aromas Frutas 24x50g,DÉLISSE,Emb. 1.2 KG,"3,03€","2,53€ / KG",
PILHAS ALCALINAS LR14,ECO+,Emb. 8 UNID.,"4,99€","0,62€ / UNID.",
Água Tónica 6 Unid.,SPRINK'S,Garrafa 1.98 LT,"2,49€","1,26€ / LT",
"Alimento Húmido P/ Cão Adulto em Molho de Vaca, Borrego",FRISKIES,Emb. 0.4 KG,"2,58€","6,45€ / KG",
Forma Tarte C/Fundo Solto 28Cm,ECO+,Emb. 1 UNID.,"3,49€","3,49€ / UNID.",
Néctar Multifrutas 6x20 cl,ECO+,Emb. 1.2 LT,"1,39€","1,16€ / LT",
Pantene Liso & Sedoso Champô 3 Em 1,,Emb. 0.3 LT,"4,98€","16,60€ / LT",
4 LAPIS GRAFITE HB C/BORRACHA,ESQUISSE,Emb. 4 UNID.,"0,99€","0,25€ / UNID.",
Resguardo 60x90 cm,LINDOR,Emb. 15 UNID.,"8,98€","0,60€ / UNID.",
CHOCOLATE PRETO C/ CASCA DE LARANJA,TABLETTE D'OR,Emb. 0.2 KG,"1,90€","9,50€ / KG",
Papel Higiénico 2 Folhas,MARQUE REPERE,Emb. 24 UNID.,"4,35€","0,18€ / UNID.",
Aguardente Aldeia Velha 70cl,,,"14,98€",/ Unid.,
Queijo Flamengo Barra,TERRA NOSTRA,1 Unid. = 0.2 KG (aprox.),"9,99€/kg","2,00€ / Unid.",
Biscoitos Revestidos com Chocolate de Leite,P'TIT DÉLI,Emb. 0.15 KG,"0,79€","5,27€ / KG",
Snack Batata Frita Sabor Bacon,TOKAPI,Emb. 0.17 KG,"2,03€","11,94€ / KG",
Recarga Ambientador Oasis Turquesa,AIRWICK,Emb. 2 UNID.,"7,09€","3,55€ / UNID.",
Vinho do Porto Lágrima,RAMOS PINTO,Emb. 0.75 LT,"9,99€","13,32€ / LT",
GELADO DE BAUNILHA DE MADAGASCAR 500G 1L ESKISS,ESKISS,,"2,69€",/ Unid.,
Bolachas Quadradas Recheadas com Sabor a Chocolate,ECO+,Emb. 0.3 KG,"1,10€","3,67€ / KG",
Massa Entrefina,TURINI,Emb. 0.5 KG,"0,88€","1,76€ / KG",
Recarga Ambientador Freshmatic Pure Oasis e Lavanda,AIRWICK,Emb. 3 UNID.,"10,64€","3,55€ / UNID.",
Natas Culinária 0% Lactose,PARMALAT,Emb. 0.2 LT,"1,31€","6,55€ / LT",
Iogurte Grego Limão 4x150g,DÉLISSE,Emb. 0.6 KG,"1,92€","3,20€ / KG",
Rissóis de Camarão,,Emb. 8 UNID.,"1,54€","0,19€ / UNID.",
FRITADEIRA 2000W 3L,ELSAY,Emb. 1 UNID.,"34,90€","34,90€ / UNID.",
Tablete Chocolate Fruit & Nut Dairy Milk,CADBURY,Emb. 0.11 KG,"2,59€","23,55€ / KG",
CORANTES ALIMENTARES X3,TABLIER BLANC,Emb. 0.018 LT,"0,80€","44,44€ / LT",
Massa Folhada com Manteiga,TABLIER BLANC,Emb. 0.23 KG,"1,68€","7,30€ / KG",
Água sem Gás,,Garrafa 0.33 LT,"0,14€","0,42€ / LT",
Chá de Cidreira,TETLEY,Emb. 10 UNID.,"0,86€","0,09€ / UNID.",
Sumo 100% Multifrutos Biológico,,Emb. 1 LT,"1,89€","1,89€ / LT",
Toalhitas Bebé Limpa e Hidrata,DODOT,Emb. 64 UNID.,"1,48€","0,02€ / UNID.",
"BOLACHA PEQUENO ALMOCO CHOC, CEREAIS E AVELA BIO",,Emb. 0.2 KG,"1,79€","8,95€ / KG",
COMPASSO 3PECAS,ESQUISSE,Emb. 1 UNID.,"1,99€","1,99€ / UNID.",
Dentífrico Herbal White,COLGATE,Emb. 0.075 LT,"2,48€","33,07€ / LT",
Vinho Frutado Branco,SALVE,Garrafa 0.75 LT,"1,09€","1,45€ / LT",
Vodka Smirnoff Red,SMIRNOFF,Garrafa 0.7 LT,"12,49€","17,84€ / LT",
Rissóis Mistos 8 Unid.,,Emb. 0.35 KG,"2,29€","6,54€ / KG",
Ossos Prensados 8/10Cm Flúor,TOUS MES AMIS,Emb. 4 UNID.,"1,79€","0,45€ / UNID.",
Maionese Heinz Cebola E Alho Td 400ml,HEINZ,Emb. 0.4 LT,"3,78€","9,45€ / LT",
MIOLO DE AMEIJOA ZEBRA,PÊCHE OCÉAN,Emb. 0.25 KG,"2,49€","9,96€ / KG",
Lenços de Bolso 18+6 Unid.,RENOVA,Emb. 24 UNID.,"2,97€","0,12€ / UNID.",
AXE GEL DARK TEMTATION,AXE,Emb. 0.4 LT,"3,29€","8,23€ / LT",
Atum Albacore ao Natural,PÊCHE OCÉAN,Lata 0.4 KG,"4,34€","10,85€ / KG",
ChuChu,,1 Unid. = 0.29 KG (aprox.),"2,99€/kg","0,87€ / Unid.",
Pastilha Elástica Senses Berry Party,TRIDENT,Emb. 0.023 KG,"0,94€","40,87€ / KG",
DOCE MORANGO 350G,CASA MATEUS,Emb. 0.35 KG,"2,69€","7,69€ / KG",
Alimento Completo Cereais P/ Coelhos Anões,TOUS MES AMIS,Emb. 2.5 KG,"6,34€","2,54€ / KG",
RECARGA ESFREGONA TIRAS,SILLAGE,Emb. 1 UNID.,"2,49€","2,49€ / UNID.",
LENCOS FACIAIS 3F,CARESSE,Emb. 150 UNID.,"2,02€","0,01€ / UNID.",
Bacon em Pedaços 2x100g,ECO+,Emb. 0.2 KG,"1,49€","7,45€ / KG",
Paté para Cão de Truta e Salmão,TOUS MES AMIS,Emb. 0.3 KG,"0,69€","2,30€ / KG",
QUEIJO FLAMENGO FATIADO,QUEIJO NA TÁBUA,Emb. 0.275 KG,"1,75€","6,36€ / KG",
Croissant Recheado de Chocolate,,1 UNID.,"1,00€","1 000,00€ / UNID.",
Fraldas Incontinência Máxima G,LINDOR,Emb. 20 UNID.,"13,73€","0,69€ / UNID.",
Água com Gás 6x25 cl,PEDRAS SALGADAS,Emb. 1.5 LT,"2,73€","1,82€ / LT",
Harpic Liquído Eucalipto e Menta 750ml x12,HARPIC,Emb. 0.75 LT,"2,24€","2,99€ / LT",
Grelos Mil Folhas Ultracongelados,BONDUELLE,Emb. 0.4 KG,"2,23€","5,58€ / KG",
Vinho do Porto Tawny,DORRÃO,Garrafa 0.75 LT,"3,99€","5,32€ / LT",
VELA NUMERO FUN 3,ARDENCE,Emb. 1 UNID.,"0,74€","0,74€ / UNID.",
Bloco Sanitário Poder Activo Aqua,SONASOL,Emb. 0.05 KG,"1,94€","38,80€ / KG",
ESPARGUETE GRAO DE BICO BIO,,Emb. 0.25 KG,"1,79€","7,16€ / KG",
Pão de Forma Coração de Trigo,PANRICO,Emb. 0.5 KG,"1,88€","3,76€ / KG",
Fiambre da Perna Extra,CHARCUTARIA,1 Unid. = 0.12 KG (aprox.),"9,99€/kg","1,20€ / Unid.",
Recarga Limpa Vidros,AJAX,Emb. 0.5 LT,"2,98€","5,96€ / LT",
Café Moído Torrado Moagem Universal Dak Lak,SICAL,Emb. 0.22 KG,"3,88€","17,64€ / KG",
Amaciador concentrado peónia azul e citrus,SURF,Emb. 90 DOSES,"3,49€","0,04€ / DOSES",
DETERGENTE LIQUIDO CONCENTRADO ALOE VERA ECOLOGICO 40D,UNÍ VERT,,"5,28€",/ Unid.,
Chá Preto Descafeinado,TETLEY,Emb. 10 UNID.,"0,89€","0,09€ / UNID.",
QUICHE LORRAINE 8UN,CÔTÉ TABLE,Emb. 0.8 KG,"5,83€","7,29€ / KG",
Detergente para a Máquina da Roupa Sensitive 3 em 1,SKIP,Emb. 1.134,"12,49€","11,01€ /",
SEPARADORES CARTAO A4 12UN,ESQUISSE,Emb. 12 UNID.,"1,25€","0,10€ / UNID.",
Iogurte Líquido Frutos Silvestres 4 Unid.,YOGGI,Emb. 0.64 KG,"2,09€","3,27€ / KG",
Cerveja com Álcool 6x20cl,CRISTAL,Emb. 1.2 LT,"2,29€","1,91€ / LT",
Refeição Legumes Com Vitela,BLÉDINA,Frasco 0.2 KG,"2,08€","10,40€ / KG",
Vinho Tinto,LAGAR DAS PIAS,Bag in Box 5 LT,"6,99€","1,40€ / LT",
Spray Anti Bolores,CIF,Emb. 0.435 LT,"2,49€","5,72€ / LT",
Queijo Ralado 3 Queijos,LES CROISÉS,Emb. 0.15 KG,"1,80€","12,00€ / KG",
Chiclets Spearmint 12 Unid.,CHICLETS,Emb. 0.017 KG,"0,98€","57,65€ / KG",
Azeite Subtil,GALLO,Emb. 0.75 LT,"3,99€","5,32€ / LT",
Champô Bebé Bons Sonhos,JOHNSON'S BABY,Emb. 0.5 LT,"5,58€","11,16€ / LT",
Tarte Gelada Baunilha,VIENNETTA,Emb. 0.65 LT,"2,60€","4,00€ / LT",
Creme de Protecção Intensiva Camomila,ATRIX,Emb. 0.15 LT,"3,99€","26,60€ / LT",
Vinho Regional Alentejano Tinto,PORTA DA RAVESSA,Garrafa 0.75 LT,"2,79€","3,72€ / LT",
Conserva de Feijão Frade Cozido com pouco Sal,FERBAR,Emb. 0.42 KG,"0,95€","2,26€ / KG",
Pensos Higiénicos Noite C/ Abas Eco,UNÍ VERT,Emb. 10 UNID.,"1,35€","0,14€ / UNID.",
Fatias Finas Peito de Frango,NOBRE,Emb. 0.11 KG,"2,14€","19,45€ / KG",
SOBREMESA TIRAMISU,DÉLISSE,Emb. 0.5 KG,"4,43€","8,86€ / KG",
BOUIL.POULE DESHY RUSTICA,RUSTICA,Emb. 0.12 KG,"0,74€","6,17€ / KG",
Café Cápsulas XL Qharacter Intensidade 9,DELTA Q,Emb. 40 CAPS.,"12,99€","0,32€ / CAPS.",
Chá Preto de Pêssego e Manga,LIPTON,Emb. 0.036 KG,"1,74€","48,33€ / KG",
JULIANA DE LEGUMES BIO,,Emb. 0.6 KG,"1,79€","2,98€ / KG",
Gelado com Amêndoas,MAGNUM,Emb. 0.44 LT,"3,89€","8,84€ / LT",
PALITOS TORCIDOS C/ COB CHOCOLATE PRETO,P'TIT DÉLI,Emb. 0.09 KG,"1,64€","18,22€ / KG",
Queijo Fundido para Hamburger 10 Fatias,LES CROISÉS,Emb. 0.2 KG,"1,93€","9,65€ / KG",
ESFREGAO C/ ESPONJA,ECO+,,"1,99€",/ Unid.,
Anti Calcário Máquina Roupa Pó 2 em 1,CALGON,Emb. 20 DOSES,"6,99€","0,35€ / DOSES",
Gelatina Light Ananás,ROYAL,Emb. 0.031 KG,"2,08€","67,10€ / KG",
Snack de Chocolate Mini,KIT KAT,Emb. 12 UNID.,"2,09€","0,17€ / UNID.",
ENVELOPE SILICONE KRAFT 229X324MM,ESQUISSE,Emb. 25 UNID.,"1,75€","0,07€ / UNID.",
Recarga Sabonete Líquido Hipo-Alergénio,MANAVA,Emb. 0.25 LT,"0,65€","2,60€ / LT",
EMPADAO CARNE,ECO+,Emb. 1 KG,"3,80€","3,80€ / KG",
Bifidus Líquido Kiwi 4x155g,DANONE,Emb. 0.62 KG,"1,99€","3,21€ / KG",
LAVA TUDO SABAO PRETO E FLOR DE LARANJEIRA,CLAIR,Emb. 1.5 LT,"1,56€","1,04€ / LT",
GELATINA PÊSSEGO LIGHT CONDI 2X15G,CONDI,Emb. 0.3 KG,"3,76€","12,53€ / KG",
Tablete de Chocolate de Leite Bubbly Caramel,MILKA,Emb. 0.25 KG,"3,98€","15,92€ / KG",
Desumidificador + 1 Recarga Pastilha Neutro,FOXTER,Emb. 0.45 KG,"4,99€","11,09€ / KG",
Piaçaba,ECO+,Emb. 1 UNID.,"2,49€","2,49€ / UNID.",
Cordon Bleu Queijo e Fiambre Ultracongelado,IGLO,Emb. 0.2 KG,"3,99€","19,95€ / KG",
MOLHO BARBECUE,RUSTICA,Emb. 0.28 KG,"1,22€","4,36€ / KG",
FOIE BACALHAU FUMADO,PÊCHE OCÉAN,,"1,99€",/ Unid.,
Pão De Forma Cerealia 100% Integral,PANRICO,Emb. 0.385 KG,"2,28€","5,92€ / KG",
Lava Tudo Optimal 7 Multisuperficies com Lixívia,AJAX,Emb. 0.5 LT,"3,98€","7,96€ / LT",
LAPIS DE COR BICOLOR 12=24UN,ESQUISSE,Emb. 12 UNID.,"2,89€","0,24€ / UNID.",
Ice Tea de Manga Lata 6x25cl,LIPTON,Emb. 1.5 LT,"3,38€","2,25€ / LT",
Alimento Húmido Gato P/ Gold,GOURMET,Emb. 0.085 KG,"0,74€","8,71€ / KG",
CHOCOLATE PRETO RECHEIO DE COCO,EQUADOR,Emb. 0.125 KG,"1,89€","15,12€ / KG",
Farinha Amido de Milho,MAIZENA,Emb. 0.7 KG,"4,48€","6,40€ / KG",
MULTI USOS,CLAIR,Emb. 0.75 LT,"0,82€","1,09€ / LT",
PUDIM +PROTEINA CAFE COLOMBIANO,EHRMANN,Emb. 0.2 KG,"1,79€","8,95€ / KG",
Pantene Perfect Volume Espuma 200ml,PANTENE PV,Emb. 0.2 LT,"3,74€","18,70€ / LT",
Papa Infantil Leite e Cereais,CERELAC,Emb. 0.4 KG,"1,84€","4,60€ / KG",
Refrigerante com Gás Laranja,SUMOL,Garrafa 1.25 LT,"1,38€","1,10€ / LT",
Dentão,,1 Unid. = 0.25 KG (aprox.),"6,49€/kg","1,62€ / Unid.",
"Pilhas Alcalinas LR03/AAA 1,5V",FOXTER,Emb. 4 UNID.,"1,69€","0,42€ / UNID.",
Bebida de Soja Baunilha 3x200ML,SHOYCE,Emb. 0.6 LT,"1,78€","2,97€ / LT",
"VELA AROMATICA ""MACA/CANELA"" 30H",BIEN AIR,Emb. 1 UNID.,"1,99€","1,99€ / UNID.",
Dentífrico Natural Extracts Frescura Máxima,COLGATE,Emb. 0.075 LT,"3,24€","43,20€ / LT",
Alimento P/ Cão Adulto De Salmão e Aveia,BEYOND,Emb. 1.4 KG,"6,34€","4,53€ / KG",
Andouillettes 3 Unid.,TRADILÈGE,Emb. 0.42 KG,"5,15€","12,26€ / KG",
"Iogurte Bebé Banana, Laranja e Bolacha",NESTLÉ,Emb. 0.4 KG,"2,39€","5,98€ / KG",
Vinho Bio Tinto Douro,ALTANO,Emb. 0.75 LT,"6,99€","9,32€ / LT",
Desodorizante Roll On Invisible Black White 48H,REXONA,Emb. 0.05 LT,"2,39€","47,80€ / LT",
Azeite Virgem Extra Reserva,CONDESTÁVEL,Emb. 0.75 LT,"4,19€","5,59€ / LT",
Vinho Branco,ECO+,Garrafão 5 LT,"4,49€","0,90€ / LT",
Massa Cotovelos Clássica,NACIONAL,Emb. 0.5 KG,"1,58€","3,16€ / KG",
Conserva de Verde Extra Fino,NOTRE JARDIN,Lata 0.44 KG,"1,83€","4,16€ / KG",
"AGUA LISA VIMEIRO ORIGINAL 4X1,5L",VIMEIRO,,"2,79€",/ Unid.,
DETERGENTE MAQ LOICA PASTILHAS TUDO EM 1,VISIOR,Emb. 30 UNID.,"2,09€","0,07€ / UNID.",
SPRAY LUSTRANTES PNEUS 1 L 1L TECH9,TECH9,Emb. 1 LT,"4,49€","4,49€ / LT",
Refrigerante C/ Gás Cola Zero 6 Unid.,JEAN'S,Lata 1.98 LT,"2,09€","1,06€ / LT",
LAVA TUDO MARINHO,CLAIR,Emb. 2 LT,"0,90€","0,45€ / LT",
Vinho Tinto,MONTES ERMOS,Bag in Box 5 LT,"8,99€","1,80€ / LT",
Bolachas Ositos Sabor a Mel,ARTIACH,Emb. 4 UNID.,"2,08€","0,52€ / UNID.",
Desodorizante Dove Roll-On Invisible Dry Masc,DOVE,Emb. 0.05 LT,"2,69€","53,80€ / LT",
Piri-Piri Receita Tradicional,CALVÉ,Emb. 0.05 KG,"2,38€","47,60€ / KG",
Tablete de Chocolate com Recheio Morango,MILKA,Emb. 0.1 KG,"1,68€","16,80€ / KG",
Yofu Natural c/ Amêndoa 500g,,Emb. 0.5 KG,"2,39€","4,78€ / KG",
Detergente para a Roupa 3 em 1 Active Fresh,SKIP,Emb. 1.134 KG,"12,49€","11,01€ / KG",
Chocolate de Leite 3x,KIT KAT,Emb. 0.125 KG,"1,49€","11,92€ / KG",
OIKOS CAFE 110G X4,OIKOS,Emb. 0.44 KG,"2,39€","5,43€ / KG",
Jardineira de 3 Legumes,,Emb. 0.4 KG,"0,74€","1,85€ / KG",
ACUCAR BAUNILHA X10 SAQUETAS,TABLIER BLANC,Emb. 0.075 KG,"1,71€","22,80€ / KG",
Arroz Agulha,CAÇAROLA,Emb. 1 KG,"1,14€","1,14€ / KG",
VELA NUMERO FUN 4,ARDENCE,Emb. 1 UNID.,"0,69€","0,69€ / UNID.",
SACO CONGELACAO C/ZIP MEDIO,ELEMBAL,Emb. 20 UNID.,"1,29€","0,06€ / UNID.",
Salada Camponesa,,Emb. 0.225 KG,"1,19€","5,29€ / KG",
Queijo Pasta Dura Cozida,LES CROISÉS,Emb. 0.2 KG,"2,88€","14,40€ / KG",
Empadas de Galinha,,Emb. 6 UNID.,"1,99€","0,33€ / UNID.",
MINI BOLOS DE CHOCOLATE COM PEPITAS E COBERTURA DE CHOCOLATE,P'TIT DÉLI,Emb. 0.21 KG,"2,47€","11,76€ / KG",
Iogurte de Pêra 4 Unid.,IOGOLINO,Emb. 0.4 KG,"2,88€","7,20€ / KG",
SALSICHAO MORTEAU,NOS RÉGIONS ONT DU TALENT,,"4,99€",/ Unid.,
Vinho Branco Adamado,FAISÃO,Garrafa 1 LT,"2,19€","2,19€ / LT",
FLOR DE SAL MARINHO DE COZINHA DA ILHA DE RE (FRANCA),NOS RÉGIONS ONT DU TALENT,Emb. 0.125 KG,"2,29€","18,32€ / KG",
CADERNO AGRAFADO PAUTADO C. PP A5 48F,ESQUISSE,Emb. 1 UNID.,"1,41€","1,41€ / UNID.",
Desodorizante Roll-On Pele Sensível,MANAVA,Emb. 0.05 LT,"0,75€","15,00€ / LT",
DOCE TOMATE 345G,CASA MATEUS,Emb. 0.345 KG,"2,24€","6,49€ / KG",
Champô para Cabelo Pintado e Proteção de Cor,GLISS,Emb. 0.25 LT,"2,24€","8,96€ / LT",
Pacotinho de Frutas Maçã Banana e Morango S/ Glúten +8 meses,NESTLÉ BEBÉ,Emb. 0.09 KG,"1,04€","11,56€ / KG",
Cerveja com Álcool 24x33cl,SUPER BOCK,Emb. 7.92 LT,"15,79€","1,99€ / LT",
Conserva de Tomate Triturado,TURINI,Lata 0.78 KG,"0,96€","1,23€ / KG",
BOLACHAS AREADAS C/ CARAMELO,P'TIT DÉLI,Emb. 0.1 KG,"1,74€","17,40€ / KG",
Pantene 3 Minute Miracle Liso & Sedoso,PANTENE PV,Emb. 0.2 LT,"5,48€","27,40€ / LT",
Escova Dentes Leite,AQUAFRESH,Emb. 1 UNID.,"3,09€","3,09€ / UNID.",
Snacks Sabor a Bacon,,Emb. 0.1 KG,"1,19€","11,90€ / KG",
Batatas Fritas Lisas Camponesas,POM'LISSE,Emb. 0.2 KG,"1,29€","6,45€ / KG",
TARTE DE COCO,P'TIT DÉLI,Emb. 0.3 KG,"2,59€","8,63€ / KG",
Salada de Atum à Catalane,COTE SNACK,Lata 0.25 KG,"1,89€","7,56€ / KG",
Papa Infantil Aveia Maçã e Cenoura,CERELAC,Emb. 0.24 KG,"2,49€","10,38€ / KG",
BACALHAU COM NATAS,CÔTÉ TABLE,Emb. 0.8 KG,"8,49€","10,61€ / KG",
Caldo para Arroz 24 Cubos,KNORR,Emb. 0.24 KG,"2,39€","9,96€ / KG",
REFRIGERANTE S/GAS LARANJA,JAFUN,,"3,49€",/ Unid.,
Bife da Pá Vitelão,,1 Unid. = 0.25 KG (aprox.),"8,99€/kg","2,25€ / Unid.",
COLA BATON 10G,ESQUISSE,Emb. 2 UNID.,"1,29€","0,65€ / UNID.",
APERITIVOS MILHO DINOSSAUROS SABOR KETCHUP,TOKAPI,Emb. 0.125 KG,"1,27€","10,16€ / KG",
Tablete de Chocolate de Leite,NESTLÉ,Emb. 0.09 KG,"1,09€","12,11€ / KG",
DETERGENTE MANUAL LOICA LIMAO HIPOALERG.ECOLOGICO 750ML,UNÍ VERT,Emb. 0.75 LT,"1,89€","2,52€ / LT",
SMOOTHIE BOOST,JAFADEN,,"2,29€",/ Unid.,
Creme Dessert Baunilha 4x125g,ECO+,Emb. 0.5 KG,"0,94€","1,88€ / KG",
"ASPIRADOR S/SACO 600W 2,7L",ELSAY,Emb. 1 UNID.,"59,90€","59,90€ / UNID.",
Cajus no Forno,MATUTANO,Emb. 0.17 KG,"4,98€","29,29€ / KG",
Detergente Manual Loiça Ultra,FAIRY,Emb. 0.48 LT,"2,14€","4,46€ / LT",
Bolachas Crackers Bacon,TUC,Emb. 0.1 KG,"1,18€","11,80€ / KG",
Queijo Pointe de Brie,LES CROISÉS,Emb. 0.2 KG,"1,65€","8,25€ / KG",
BLOCO NOTAS ADESIVO 75X75MM 2X100UN,ESQUISSE,Emb. 2 UNID.,"1,29€","0,65€ / UNID.",
Queijo Mystère du Prieuré,LES CROISÉS,Emb. 0.34 KG,"2,79€","8,21€ / KG",
Cacetinho,,1 Unid. = 0.055 KG,"0,19€","3,45€ / KG",
TOSTAS CROCANTES COM CENTEIO,EPI D'OR,Emb. 0.25 KG,"1,09€","4,36€ / KG",
Queijo Bola Flamengo,TERRA NOSTRA,Emb. 1.4 KG (aprox.),"8,99€/kg","12,59€ / Unid.",
TABULEIRO P/AREIA + PA P/GATO,ECO+,Emb. 1 UNID.,"3,99€","3,99€ / UNID.",
AGULHA P/BOLA 3UN,WOODSUN,Emb. 3 UNID.,"0,99€","0,33€ / UNID.",
CONJUNTO CAPA AUTO  MELHOARRA,ECO+,Emb. 1 UNID.,"18,88€","18,88€ / UNID.",
Polpa de Tomate Biológica,,Emb. 0.5 KG,"0,99€","1,98€ / KG",
Barras de Cereais de Chocolate 6 Unid.,FITNESS,Emb. 0.141 KG,"2,33€","16,52€ / KG",
Óleo para Todos Tipos de Cabelo,ULTRA SUAVE,Emb. 0.15 LT,"8,98€","59,87€ / LT",
Conjunto Borracha Mista,ESQUISSE,,"1,29€",/ Unid.,
Bolachas Cobertas com Tablete de Chocolate Preto Biológicas,,Emb. 0.15 KG,"1,99€","13,27€ / KG",
Cápsulas Café Latte Macchiato,DOLCE GUSTO,Emb. 16 CAPS.,"5,98€","0,37€ / CAPS.",
Puré de Tomates Biológico,,Emb. 0.72 LT,"1,97€","2,74€ / LT",
Detergente Máquina Loiça Pastilhas All in 1 27 pastilhas,FINISH,Emb. 0.457 KG,"5,99€","13,11€ / KG",
Côco Seco,,1 Unid. = 0.48 KG (aprox.),"2,19€/kg","1,05€ / Unid.",
Duvel Cerveja da Bélgica,DUVEL,Emb. 0.33 LT,"2,89€","8,76€ / LT",
Desodorizante Roll-On Coco e Aloe Vera,BIONAÏA,Emb. 0.05 LT,"0,99€","19,80€ / LT",
Rolo de Cozinha 2 Folhas Multi,RENOVA,Emb. 4 ROLOS,"1,97€","0,49€ / ROLOS",
"OIKOS STRACCIATELLA 110G ,,440G",OIKOS,Emb. 0.44 KG,"2,39€","5,43€ / KG",
Anti-Mosquitos Elétrico Líquido 30 Noites,RAID,Emb. 0.021 LT,"6,28€","299,05€ / LT",
Iogurte Líquido Natural 6x100g,DANACOL,Emb. 0.6 KG,"2,99€","4,98€ / KG",
Tampões com Aplicador Compak Regular,TAMPAX,Emb. 22 UNID.,"3,98€","0,18€ / UNID.",
PEPITAS DE CHOCOLATE DE LEITE,TABLIER BLANC,Emb. 0.1 KG,"1,99€","19,90€ / KG",
Óleo Intense 6-10 Louro Escuro,SYOSS,,"6,24€",/ Unid.,
Tablete Chocolate Preto Culinária,,Emb. 0.1 KG,"0,95€","9,50€ / KG",
Conserva de Pickles em Vinagre,FERBAR,Frasco 0.345 KG,"1,09€","3,16€ / KG",
Bife do Redondo Vitelão,,1 Unid. = 0.25 KG (aprox.),"9,99€/kg","2,50€ / Unid.",
Bolachas Sabor Limão com Amêndoas Biológicas,,Emb. 0.2 KG,"2,49€","12,45€ / KG",
Tomate Triturado 390 g,TURINI,Lata 0.5 KG,"0,55€","1,10€ / KG",
Néctar Clássico Pêssego,COMPAL,Emb. 1 LT,"0,99€","0,99€ / LT",
Iogurte Líquido Morango Banana 4x155g,DANONE,Emb. 0.62 KG,"1,69€","2,73€ / KG",
BEBIDA SOJA CHOC LIGHT 3x250ML,ALPRO,Emb. 0.75 LT,"2,19€","2,92€ / LT",
Pataniscas 6 Unid.,SNR,Emb. 0.325 KG,"2,99€","9,20€ / KG",
CAVACAS,,Emb. 0.09 KG,"2,90€","32,22€ / KG",
Batatas Fritas 6x30g,POM'LISSE,Emb. 0.18 KG,"2,05€","11,39€ / KG",
Whisky Grant's,GRANT'S,Garrafa 0.7 LT,"12,99€","18,56€ / LT",
BACALHAU COM ESPINAFRES 350G,CÔTÉ TABLE,Emb. 0.35 KG,"3,35€","9,57€ / KG",
CUBO SABAO DE MARSELHA 300G,UNÍ VERT,,"2,29€",/ Unid.,
IOGURTE BATIDO MORANGO,DÉLISSE,Emb. 0.5 KG,"0,99€","1,98€ / KG",
CAPA PLASTICA C/ELASTICO LOMBADA,ESQUISSE,Emb. 1 UNID.,"1,99€","1,99€ / UNID.",
Caldo Carne 16 Cubos,MAGGI,Emb. 0.16 KG,"2,09€","13,06€ / KG",
FOLHADOS FEUILLETINE 135G,DU BOIS DE LA ROCHE,Emb. 0.135 KG,"1,83€","13,56€ / KG",
PICKLES EM VINAGRE FERBAR 680G,FERBAR,Emb. 0.68 KG,"1,69€","2,49€ / KG",
Moscatel de Setúbal,BACALHÔA,Garrafa 0.75 LT,"5,98€","7,97€ / LT",
Máscara Hidrata Leite de Coco,HERBAL ESSENCES,Emb. 0.25 LT,"3,99€","15,96€ / LT",
GELADO TRIUM PISTACHIO 4UN,TRIUM,Emb. 4 UNID.,"2,69€","0,67€ / UNID.",
CREME PROTESES,DENTAMYL,Emb. 0.05 KG,"4,03€","80,60€ / KG",
PURE MACA/PERA SEM ADICAO ACUCAR BISNAGA,DOUCEUR DU VERGER,Emb. 0.36 KG,"1,80€","5,00€ / KG",
Pastilhas de Limpeza para Próteses Dentárias,,Emb. 30 UNID.,"3,98€","0,13€ / UNID.",
IOGURTE NATURAL FRASCO,DÉLISSE,Emb. 1 KG,"2,05€","2,05€ / KG",
Xarope de Groselha,FRUCCI,Garrafa 1 LT,"2,49€","2,49€ / LT",
Vinho Rosé Frutado,CORAÇÃO DA MINHA,Garrafa 0.75 LT,"1,39€","1,85€ / LT",
Esparregado,IGLO,Emb. 0.75 KG,"3,99€","5,32€ / KG",
Verniz de Unhas 60 Segundos 430,RIMMEL,Emb. 1 UNID.,"5,58€","5,58€ / UNID.",
MASSA ESPIRAIS,CAÇAROLA,Emb. 0.5 KG,"1,09€","2,18€ / KG",
Barras de Cereais Special K Frutos Vermelhos,KELLOGG'S,Emb. 0.132 KG,"5,74€","43,48€ / KG",
Puré de Batata 3x97g,KNORR,Emb. 0.097 KG,"2,79€","28,76€ / KG",
Máquinas de Barbear Descartáveis Blue 3 Smooth,GILLETTE,Emb. 5 UNID.,"5,28€","1,06€ / UNID.",
LUVAS ROSEIRAS S ROSA,BEAUX JOURS,Emb. 1 UNID.,"1,89€","1,89€ / UNID.",
Barrinhas P/ Canários sabor a Ovo,TOUS MES AMIS,Emb. 0.06 KG,"1,61€","26,83€ / KG",
Johnson\'s Baby Condicionador Penteia Fácil,JOHNSON'S BABY,Emb. 0.5 LT,"5,58€","11,16€ / LT",
ENROLADOR DOMESTICO 7M FOXTE,FOXTER,Emb. 1 UNID.,"20,05€","20,05€ / UNID.",
Alho Granulado,RUSTICA,Emb. 0.05 KG,"0,64€","12,80€ / KG",
Dentrífico Frescura Extrema Doseador,DENTAMYL,Emb. 0.1 LT,"1,99€","19,90€ / LT",
Caldo para Arroz,KNORR,Emb. 8 CUBOS,"1,39€","0,17€ / CUBOS",
Tablete Chocolate 40% Cacau Biológica,,Emb. 0.1 KG,"1,49€","14,90€ / KG",
BLOCO NOTAS ADESIVO FANTASIA,ESQUISSE,Emb. 1 UNID.,"2,29€","2,29€ / UNID.",
Tarte Gelada Chocolate,VIENNETTA,Emb. 0.65 LT,"3,98€","6,12€ / LT",
Leite Condensado Cozinha,NESTLÉ,Emb. 0.397 KG,"1,54€","3,88€ / KG",
Canela Pau,MARGÃO,Emb. 0.03 KG,"2,78€","92,67€ / KG",
Néctar Vital Frutos Vermelhos,COMPAL,Emb. 1 LT,"1,68€","1,68€ / LT",
Desodorizante Spray Romã/Lichia,MANAVA,Emb. 0.1 LT,"1,29€","12,90€ / LT",
MINI SPRAY BRISA MARINHA RECARGA 15ML,BIEN AIR,Emb. 0.015 LT,"0,79€","52,67€ / LT",
Pack 4 Escovas de Dentes Média Triple Action,COLGATE,Emb. 1 UNID.,"3,68€","3,68€ / UNID.",
RECARGA ESFREGONA MICROFIBRAS,SILLAGE,Emb. 1 UNID.,"2,99€","2,99€ / UNID.",
Nata UHT,GRESSO,Emb. 0.2 LT,"0,83€","4,15€ / LT",
ASPIRADOR C/SACO ECO+,ECO+,Emb. 1 UNID.,"46,95€","46,95€ / UNID.",
Spray Limpa Fornos e Grelhadores,CIF,Emb. 0.435 LT,"2,49€","5,72€ / LT",
BOLACHA QUAD. RECHEADA C/ MORANGO X16,P'TIT DÉLI,Emb. 0.295 KG,"0,95€","3,22€ / KG",
Iogurte Sólido Suissinho Duo Mix Banana Morango,YOCO,Emb. 0.36 KG,"2,29€","6,36€ / KG",
Iogurte Líquido Sabor a Morango 6x180g,DÉLISSE,Emb. 1.08 KG,"1,99€","1,84€ / KG",
Iogurte Grego Coco 4 Unid.,YAOS,Emb. 0.44 KG,"2,29€","5,20€ / KG",
Pescada Chilena N.º3 Congelado,,1 Unid. = 1 KG (aprox.),"6,49€/kg","6,49€ / Unid.",
Conserva de Feijão Encarnado,COMPAL,Lata 0.845 KG,"1,59€","1,88€ / KG",
Loção Corporal Advanced Repair,VASELINE,Emb. 0.2 LT,"2,14€","10,70€ / LT",
Amendoins Sal e Mel,MATUTANO,Emb. 0.15 KG,"2,58€","17,20€ / KG",
Conserva de Azeitona Verde Recheada,RUSTICA,Frasco 0.36 KG,"1,35€","3,75€ / KG",
Sal Máquina Loiça Anti-Calcário,SUN,Emb. 1 KG,"1,49€","1,49€ / KG",
Éclair de Chocolate,,1 Unid. = 0.08 KG,"1,20€","15,00€ / KG",
Iogurte Líquido Straciatella 4x155g,DANONE,Emb. 0.62 KG,"1,69€","2,73€ / KG",
Creme Hidratante Caixa Família,NIVEA,Emb. 0.25 LT,"5,59€","22,36€ / LT",
Crepes com Cogumelos,CÔTÉ TABLE,Emb. 6 UNID.,"1,20€","0,20€ / UNID.",
Iogurte Bifidus Cremoso Coco 4 Unid.,DANONE,Emb. 0.48 KG,"1,99€","4,15€ / KG",
PILHAS RECARGAVEIS HR03,FOXTER,Emb. 4 UNID.,"4,89€","1,22€ / UNID.",
PENSOS INCONTINENCIA U. FINOS NORMAL POCKET,CHORYS,Emb. 16 UNID.,"1,74€","0,11€ / UNID.",
Coloração 1-4 Preto Azulado,SYOSS,,"4,99€",/ Unid.,
Azeite Virgem Delicado,GALLO,Emb. 0.75 LT,"4,69€","6,25€ / LT",
PANO MICROFIBRAS COLORS XL 4 UN,VILEDA,Emb. 4 UNID.,"4,95€","1,24€ / UNID.",
"Gel Duche ""Petalas""",MANAVA,Emb. 0.25 LT,"1,19€","4,76€ / LT",
BOMBA MANUAL P/BOLA + AGULHA,WOODSUN,Emb. 1 UNID.,"2,99€","2,99€ / UNID.",
Sticks Dentários Vaca Frango Borrego 15 Unid.,TOUS MES AMIS,Emb. 0.125 KG,"0,88€","7,04€ / KG",
TOALHITAS DESMAQUILHANTES BIO 25UN,BIONAÏA,Emb. 25 UNID.,"1,99€","0,08€ / UNID.",
Alimento Húmido Gatinhos de Coelho Vaca Aves 4x400g,LYCAT,Emb. 4 UNID.,"3,94€","0,99€ / UNID.",
Rissóis de Leitão 6 Unid.,SNR,Emb. 0.275 KG,"3,15€","11,45€ / KG",
Bebida Energética Zero,X-TENSE,Garrafa 1 LT,"1,19€","1,19€ / LT",
"Amaciador Concentrado ""Fragância de Provence"" 3 Unid.",HYPERDOU,Emb. 0.25 LT,"1,19€","4,76€ / LT",
BLOCO SANITARIO FRESCURA VERDE ECO 1UN,UNÍ VERT,Emb. 1 UNID,"1,99€","1,99€ / UNID",
Espuma Limpa Carpetes e Estofos Tira Nódoas,VANISH,Emb. 0.6 LT,"5,19€","8,65€ / LT",
TABULEIRO 40*25,ECO+,Emb. 1 UNID.,"6,99€","6,99€ / UNID.",
BALDE DE AZEITONAS MACANILHA MISTAS INTEIRAS,RUSTICA,Emb. 3.5 KG,"5,99€","1,71€ / KG",
Gel de Banho Corpo e Zona Íntima Suave,CORINE DE FARME,Emb. 0.25 LT,"2,49€","9,96€ / LT",
"AGUA FASTIO,,2.5L",FASTIO,,"1,28€",/ Unid.,
Lasanha à Bolonhesa,,Emb. 1 KG,"3,99€","3,99€ / KG",
AGUA PEDRAS TANGERINA 4X25 CL,PEDRAS,,"2,39€",/ Unid.,
Facas Madeira Biodegradável,HOMESIDE,Emb. 10 UNID.,"0,99€","0,10€ / UNID.",
Água Tónica Zero,SPRINK'S,Garrafa 1.5 LT,"1,19€","0,79€ / LT",
TAPETE ANTI-DERRAPANTE WC TRANSPARENTE 67X35,SILLAGE,Emb. 1 UNID.,"4,99€","4,99€ / UNID.",
Clementina,,1 Unid. = 0.1 KG (aprox.),"1,99€/kg","0,20€ / Unid.",
Café Mythiq Intensidade 15,DELTA,Emb. 10 UNID.,"2,99€","0,30€ / UNID.",
Rebuçados de Morango,COPAÍNS COPINES,Emb. 0.25 KG,"1,00€","4,00€ / KG",
Néctar Clássico Maracujá,COMPAL,Emb. 1 LT,"1,68€","1,68€ / LT",
PISTACHIOS TORRADO S/SAL,TOKAPI,Emb. 0.125 KG,"2,50€","20,00€ / KG",
DETERGENTE LIQUIDO CONCENTRADO ALOE VERA ECOLOGICO RECARGA 30D,UNÍ VERT,,"3,69€",/ Unid.,
Máquina Descartável Blue II 2 Lâminas,GILLETTE,Emb. 20 UNID.,"8,48€","0,42€ / UNID.",
Alimento P/ Gato C/ Espirulina de Frango,PURINA,Emb. 1.4 KG,"6,68€","4,77€ / KG",
Camarão Selvagem Argentina Cal. 20/30 Congelado,,1 Unid. = 0.1 KG (aprox.),"11,99€/kg","1,20€ / Unid.",
Mácara Rosto Filme Purificante Alisante,INELL,Emb. 2 UNID.,"1,47€","0,74€ / UNID.",
Toalhitas Secas Limpa Chão,CLAIR,Emb. 15 UNID.,"1,99€","0,13€ / UNID.",
ÓLEO BRONZEADOR CÔCO,AMBRE SOLAIRE,Emb. 0.2 LT,"11,98€","59,90€ / LT",
Gin London Dry,TANQUERAY,Garrafa 0.7 LT,"20,99€","29,99€ / LT",
Barrinhas P/ Porquinhos-da-Índia sabor a Frutas,TOUS MES AMIS,Emb. 0.11 KG,"2,09€","19,00€ / KG",
Bebida de Coco 0%,SHOYCE,Emb. 1 LT,"2,38€","2,38€ / LT",
Miolo de Avelã,MARQUE REPERE,Emb. 0.15 KG,"2,24€","14,93€ / KG",
Cereais de Trigo Original,WEETABIX,Emb. 0.43 KG,"3,53€","8,21€ / KG",
"DELICIA ""NAPOLITAIN"" 10UN",P'TIT DÉLI,Emb. 0.35 KG,"2,58€","7,37€ / KG",
10 LAPIS GRAFITE HB,ECO+,Emb. 10 UNID.,"0,99€","0,10€ / UNID.",
Iogurte Sólido Suissinhos Duo Morango e Baunilha 4 Unid.,NESTLÉ,Emb. 0.36 KG,"2,29€","6,36€ / KG",
Sobremesa Láctea com Coco e Ovos 4x100g,DÉLISSE,Emb. 0.4 KG,"2,89€","7,23€ / KG",
Vinho do Porto Offley Tawny,OFFLEY,Garrafa 0.75 LT,"4,69€","6,25€ / LT",
WC Explosão Cítrica,NEO BLANC,Emb. 2 UNID.,"4,49€","2,25€ / UNID.",
Vinho Regional Douro Tinto,TELLUS,Garrafa 0.75 LT,"2,79€","3,72€ / LT",
Esparguete,TURINI,Emb. 0.5 KG,"0,67€","1,34€ / KG",
Queijo Amanteigado A Queijeira,LACTIMAF,1 Unid. = 1.15 KG (aprox.),"11,99€/kg","13,79€ / Unid.",
Chicorée Café com Leite Instantâneo,PLANTATION,Emb. 0.4 KG,"4,45€","11,13€ / KG",
PAO ESPECIAL TRIGO E CENTEIO INTEGRAL,EPI D'OR,Emb. 0.4 KG,"1,49€","3,73€ / KG",
Pão de Forma Oroweat Sementes Sésamo e Linhaça,BIMBO,Emb. 0.68 KG,"2,48€","3,65€ / KG",
"CANETA ROLLER GEL AZUL 0,5MM 2UN",ESQUISSE,Emb. 2 UNID.,"1,25€","0,63€ / UNID.",
Ervas de Provence,RUSTICA,Frasco 0.018 KG,"0,69€","38,33€ / KG",
MASSA P/ PIZZA BIO,,Emb. 0.26 KG,"1,95€","7,50€ / KG",
Papa Infantil 5 Frutos,CERELAC,Emb. 0.25 KG,"2,39€","9,56€ / KG",
FORMA P/BOLO MEDIA,,Emb. 100 UNID.,"0,99€","0,01€ / UNID.",
VELA NUMERO - 7,ARDENCE,Emb. 1 UNID.,"0,59€","0,59€ / UNID.",
AGUA FRIZE TANGERINA 4x25CL,FRIZE,,"2,68€",/ Unid.,
Cápsulas Café Espresso Intenso Intensidade 7,DOLCE GUSTO,Emb. 30 CAPS.,"10,48€","0,35€ / CAPS.",
Queijo Flamengo Fatiado,NOVA AÇORES,Emb. 0.2 KG,"1,89€","9,45€ / KG",
CORNETTO MINI CLÁSSICO (8x60ml),CORNETTO,Emb. 8 UNID.,"4,98€","0,62€ / UNID.",
Gelatina em Pó Morango 2x85 g,TABLIER BLANC,Emb. 0.17 KG,"0,94€","5,53€ / KG",
BISCOITOS DE CANELA,P'TIT DÉLI,Emb. 0.4 KG,"1,55€","3,88€ / KG",
Cereais Corn Flakes Original,KELLOGG'S,Emb. 0.5 KG,"2,24€","4,48€ / KG",
Biscoito de Ovos Frescos,ECO+,Emb. 0.4 KG,"1,82€","4,55€ / KG",
Sumo de Arando Bio,,Emb. 1 LT,"2,29€","2,29€ / LT",
Massa Vinha D\'Alho,RUSTICA,Frasco 0.2 KG,"0,84€","4,20€ / KG",
Pipocas Doces,TOKAPI,Emb. 0.1 KG,"0,71€","7,10€ / KG",
Toalhitas Desmaquilhantes Pele Seca,INELL,Emb. 25 UNID.,"0,87€","0,03€ / UNID.",
Refrigerante C/ Gás Mini Cola 12 Unid.,JEAN'S,Emb. 1.8 LT,"3,99€","2,22€ / LT",
Conector Mangueira Rápido 19Mm,BEAUX JOURS,Emb. 1 UNID.,"1,07€","1,07€ / UNID.",
Lentilhas Verdes,,Emb. 0.5 KG,"2,95€","5,90€ / KG",
Espumante Bruto,COMP DO VINHO,Garrafa 0.75 LT,"2,99€","3,99€ / LT",
Espátula P/ Gesso 14Cm,FOXTER,Emb. 1 UNID.,"3,26€","3,26€ / UNID.",
Iogurte Líquido Morango 12 Unid.,ACTIMEL,Emb. 1.2 LT,"4,39€","3,66€ / LT",
Esfregona Estampada,,Emb. 2 UNID.,"2,99€","1,50€ / UNID.",
CREME DE OVOS SABOR CARAMELO,DÉLISSE,Emb. 0.4 KG,"2,35€","5,88€ / KG",
MORTADELA MINI,CAMPO FINO,Emb. 0.35 KG,"1,85€","5,29€ / KG",
GELATINA FRUTOS TROPICAIS LIGHT CONDI 2X15,CONDI,Emb. 0.3 KG,"3,76€","12,53€ / KG",
Pantene Frizz Control & Luminosidade Máscara 160 ml,PANTENE PV,Emb. 0.16,"5,98€","37,38€ /",
JARRO ELECTRICO INOX 1500W 1L,ELSAY,Emb. 1 UNID.,"18,90€","18,90€ / UNID.",
ESTENDAL VERTICAL 45M,HOMESIDE,Emb. 1 UNID.,"49,99€","49,99€ / UNID.",
Massa Folhada Pronta a Desenrolar sem Glúten,CHAQUE JOUR SANS GLUTEN,Emb. 0.28 KG,"2,53€","9,04€ / KG",
Pinhões,TABLIER BLANC,Emb. 0.05 KG,"3,49€","69,80€ / KG",
BEBIDA DE ARROZ E COCO BIO,,Emb. 1 KG,"1,99€","1,99€ / KG",
Dourada Cal. 200/300,,1 Unid. = 0.25 KG (aprox.),"7,99€/kg","2,00€ / Unid.",
Sobremesa Chocolate Mix'n Croc Color Chocolate 4x120g,DÉLISSE,Emb. 0.48 KG,"1,99€","4,15€ / KG",
Cabrito Inteiro/Metades,,1 Unid. = 2.5 KG (aprox.),"14,99€/kg","37,48€ / Unid.",
Sabonete Líquido Amêndoas,MANAVA,Emb. 0.3 LT,"1,10€","3,67€ / LT",
Pensos Higiénicos Maxi Super Pocket 16 Unid.,DOULYS,Emb. 16 UNID.,"1,20€","0,08€ / UNID.",
MINI PIZZAS QUEIJO E FIAMBRE 9UN,TURINI,Emb. 0.27,"2,39€","8,85€ /",
VASSOURA CANTONEIRO,SILLAGE,Emb. 1 UNID.,"2,99€","2,99€ / UNID.",
Polpa de Tomate,GULOSO,Frasco 0.5 LT,"0,79€","1,58€ / LT",
Chá de Lúcia-Lima,LIPTON,Emb. 20 SAQ.,"1,20€","0,06€ / SAQ.",
SORVETE LARANJA/LIMAO 10UN,SMICY,Emb. 10 UNID.,"2,32€","0,23€ / UNID.",
Desodorizante Roll-On Cool Fresh,DOVE,Emb. 0.05 LT,"2,69€","53,80€ / LT",
Iogurte Líquido Tutti Frutti 6 Unid.,ACTIMEL,Emb. 0.6 KG,"2,59€","4,32€ / KG",
"ALIMENT BEBE: IOGURTE CREMOSO AMENDOA, MACA, PESSEGO E ALPERCE BIO 6M",BIO VILLAGE BEBE,,"4,40€",/ Unid.,
FOSFOROS 3X240,SILEX,Emb. 3 UNID.,"0,99€","0,33€ / UNID.",
Spray Limpeza Ecrãs + Pano,LINKSTER,Emb. 0.03 LT,"3,20€","106,67€ / LT",
SUMO 100% LARANJA C/POLPA REFRIGERADO,ECO+,Emb. 1 LT,"1,49€","1,49€ / LT",
Azeite,CONDESTÁVEL,Garrafa 0.75 LT,"3,69€","4,92€ / LT",
ESPARGUETE,ECO+,Emb. 1 KG,"1,85€","1,85€ / KG",
Luvas Finas Descartáveis Latex Tam. M,MAMISON,Emb. 100 UNID.,"13,99€","0,14€ / UNID.",
COGUMELOS DE PARIS LAMINADOS BIO,,Emb. 0.6 KG,"2,99€","4,98€ / KG",
Amaciador para Roupa Nature Rosa & Maçã Verde Ultra Concentrado,COMFORT,Emb. 60 DOSES,"3,99€","0,07€ / DOSES",
Néctar de Pera Rocha Clássico,COMPAL,Emb. 0.33 LT,"0,78€","2,36€ / LT",
CARTE D'OR BAUNILHA 1L,CARTE D'OR,Emb. 1 LT,"2,89€","2,89€ / LT",
Yofu Natural Sem Açúcar 500g,,Emb. 0.5 KG,"2,39€","4,78€ / KG",
Estrella Damm Cerveja de Espanha Pack 6X25CL,ESTRELLA DAMM,,"3,19€",/ Unid.,
PATE RICO VACA P/ GATO BIO 100G CV PLENIMA,PLENIMA,Emb. 0.1 KG,"0,89€","8,90€ / KG",
Whisky Bourbon,JOHN DAVON'S,Garrafa 0.7 LT,"10,99€","15,70€ / LT",
GELADO BAUNILHA 12UN,SMICY,Emb. 12 UNID.,"1,89€","0,16€ / UNID.",
STICKS FLUOR CALCIO P/ CAO 10UN,P'TIT AMI,Emb. 1 UNID.,"1,25€","1,25€ / UNID.",
Conserva de Bacalhau em Azeite e Alho,PITEU,Emb. 0.12 KG,"2,39€","19,92€ / KG",
Néctar Vital Equilíbrio Manga Laranja 3x20cl,COMPAL,Emb. 0.6 LT,"1,68€","2,80€ / LT",
Tira Gorduras Misto,MISTOLIN,Emb. 0.545 LT,"2,98€","5,47€ / LT",
PAPEL VEGETAL 8 MT,ELEMBAL,Emb. 8 MT,"1,13€","0,14€ / MT",
CAPSULAS CAFE COMP C/ DG - SUAVE INT7,PLANTATION,Emb. 16 UNID.,"2,44€","0,15€ / UNID.",
CORN FLAKES NATURE,,,"1,85€",/ Unid.,
BLOCO SANITARIO AGUA AZUL 2UN,ECO+,Emb. 2 UNID.,"0,84€","0,42€ / UNID.",
Água Tónica,SPRINK'S,Garrafa 1.5 LT,"1,29€","0,86€ / LT",
Néctar Essencial Pêssego 3x110ml,COMPAL,Emb. 0.33 LT,"1,79€","5,42€ / LT",
Café Solúvel Cappuccino Mocha,NESCAFÉ,Emb. 0.306 KG,"6,38€","20,85€ / KG",
Costeletas Mistas de Porco,,1 Unid. = 0.435 KG (aprox.),"3,99€/kg","1,74€ / Unid.",
Caldo de Galinha 12x10g,ECO+,Emb. 0.12 KG,"0,52€","4,33€ / KG",
Vinho Verde Branco,LAGOSTA,Garrafa 0.75 LT,"2,99€","3,99€ / LT",
Água Nascente S/ Gás,ECO+,Garrafão 6 LT,"0,75€","0,13€ / LT",
SACO DESPORTO,WOODSUN,Emb. 1 UNID.,"12,99€","12,99€ / UNID.",
Croissant de Manteiga 8Unid.,EPI D'OR,Emb. 0.32 KG,"2,05€","6,41€ / KG",
DESODORIZANTE SPRAY SEDUCTION MEN 200ML,CARRÉ HOMME,Emb. 0.2 LT,"1,19€","5,95€ / LT",
Queijo Flamengo Barra,MIMOSA,Emb. 0.15 KG (aprox.),"9,79€/kg","1,47€ / Unid.",
Creme Hidratante Dia Age Perfect,DERMO EXPERTISE,Emb. 0.05 LT,"15,98€","319,60€ / LT",
Coloração 5-29 Vermelho Intenso,SYOSS,,"4,99€",/ Unid.,
Folhado de Salsicha,,1 UNID.,"0,79€","0,79€ / UNID.",
CREME REVITALIZANTE Q10 MEN 50ML,CARRÉ HOMME,Emb. 0.05 LT,"2,29€","45,80€ / LT",
Alho Seco,,1 Unid. = 0.1 KG (aprox.),"4,99€/kg","0,50€ / Unid.",
Bolo de Especiarias,,Emb. 0.47 KG,"1,10€","2,34€ / KG",
IOGURTE LIQUIDO SABOR MORANGO BANANA,DÉLISSE,Emb. 0.85 KG,"1,45€","1,71€ / KG",
Cápsulas Café Buondi,DOLCE GUSTO,Emb. 16 CAPS.,"5,98€","0,37€ / CAPS.",
Alimento P/ Cão de Boi C/ Mandioca S/ Glúten,BEYOND,Emb. 1.2 KG,"8,48€","7,07€ / KG",
Johnson's Baby Champô Gotas de Brilho,JOHNSON'S BABY,Emb. 0.5,"5,58€","11,16€ /",
Amaciador de Roupa Pure,COMFORT,Emb. 4 LT,"4,49€","1,12€ / LT",
Ambientador Pure Happiness Laranja e Neroli Aromatherapy,GLADE,Emb. 0.08 LT,"8,39€","104,88€ / LT",
Nata para Bater,PARMALAT,Emb. 0.2 KG,"1,11€","5,55€ / KG",
Pacotinho de Frutas Maçã Manga S/ Glúten +6 meses,NESTLÉ BEBÉ,Emb. 0.09 KG,"1,04€","11,56€ / KG",
IOGURTE GREGO CARAMELO SALGADO,DÉLISSE,Emb. 0.6 KG,"2,09€","3,48€ / KG",
SACO TERMICO 22L,WOODSUN,Emb. 1 UNID.,"11,99€","11,99€ / UNID.",
Chouriço Corrente 2x100gr,PRIMOR,Emb. 0.2 KG,"1,39€","6,95€ / KG",
Queijo Curado Receita Original,CASTELÕES,1 Unid. = 1.25 KG (aprox.),"11,99€/kg","14,99€ / Unid.",
Doce de Morango Baixo Teor de Açúcar,DOUCEUR DU VERGER,Frasco 0.34 KG,"1,29€","3,79€ / KG",
Dentífrico Junior,,Emb. 0.075 LT,"2,59€","34,53€ / LT",
Alimento Seco para Cães Pequenos Croquetes,LYDOG,Emb. 2 KG,"3,99€","2,00€ / KG",
Cápsulas Café Colombia Lungo Intensidade 5 Bio,DOLCE GUSTO,Emb. 12 CAPS.,"5,58€","0,47€ / CAPS.",
Alimento Seco P/ Gato Esterilizado C/ Salmão e Trigo,PURINA,Emb. 0.8 KG,"6,98€","8,73€ / KG",
Azeite Clássico,OLIVEIRA DA SERRA,Emb. 3 LT,"16,98€","5,66€ / LT",
Vinho Regional Douro Tinto,MONTES ERMOS,Garrafa 0.75 LT,"3,49€","4,65€ / LT",
Espuma Barbear Revitalizante,CARRÉ HOMME,Emb. 0.2 LT,"1,38€","6,90€ / LT",
Alimento Seco para Gato Multicroquetes Peixe,ECO+,Emb. 2 KG,"2,89€","1,45€ / KG",
RESGUARDO PROTECAO CAMA 90X180CM,CHORYS,Emb. 20 UNID.,"10,95€","0,55€ / UNID.",
FITA METRICA 5M FOXTER,FOXTER,Emb. 1 UNID.,"3,35€","3,35€ / UNID.",
Cogumelo Branco Inteiro,,Emb. 0.3 KG,"1,49€","4,97€ / KG",
Preparado Sopa de Espinafre,,Emb. 0.6 KG,"1,99€","3,32€ / KG",
Pantene Caracóis Perfeitos Champô,PANTENE PV,Emb. 0.25 LT,"3,98€","15,92€ / LT",
Miolo de Amêndoa Torrada,MARQUE REPERE,Emb. 0.2 KG,"3,69€","18,45€ / KG",
Chocolate Choco Waffel Leite,MILKA,Emb. 0.18 KG,"2,68€","14,89€ / KG",
LIXIVIA TRADICIONAL,ECO+,Emb. 4 LT,"1,29€","0,32€ / LT",
Bifanas de Porco Finíssimas,,1 Unid. = 0.2 KG (aprox.),"3,99€/kg","0,80€ / Unid.",
Fiambre da Pá,,1 Unid. = 0.12 KG (aprox.),"5,99€/kg","0,72€ / Unid.",
Água Tónica de Extratos Vegetais,SCHWEPPES,Garrafa 1 LT,"1,79€","1,79€ / LT",
Pão Mistura,,1 Unid. = 0.4 KG,"1,49€","3,73€ / KG",
Café Solúvel Sélection,PLANTATION,Frasco 0.2 KG,"2,89€","14,45€ / KG",
Iogurte Magro Morango Kiwi Banana E Pêssego 8 Unid.,MIMOSA,Emb. 0.96 KG,"2,49€","2,59€ / KG",
Sabonete Sólido Amêndoa Doce 6 Unid.,MANAVA,Emb. 6 UNID.,"3,29€","0,55€ / UNID.",
Cerveja com Álcool 24x20cl,SUPER BOCK,Emb. 4.8 LT,"9,99€","2,08€ / LT",
Fiambre da Pá Bom Proveito,IZIDORO,1 Unid. = 0.12 KG (aprox.),"5,99€/kg","0,72€ / Unid.",
Sais de Fruta Digestivo Original,ENO DIGESTIVO,Emb. 10 UNID.,"4,98€","0,50€ / UNID.",
Iogurte Líquido Frutas Exóticas 6x100g,DANACOL,Emb. 0.6 KG,"2,99€","4,98€ / KG",
Ovas de Peixe Lapa vermelho,RONDE DES MERS,Emb. 0.1 KG,"3,99€","39,90€ / KG",
YOFU SOJA NATURAL 4X125G,ALPRO SOYA,Emb. 0.5 KG,"2,88€","5,76€ / KG",
Café Solúvel,DELTA,Frasco 0.1 KG,"2,19€","21,90€ / KG",
ALIMENTO HUMIDO CARNE/CENOURA P/ CAO 1240G,LYDOG,Emb. 1.24 KG,"2,79€","2,25€ / KG",
Tira-Nódoas em Spray,SKIP,Emb. 0.5 LT,"2,99€","5,98€ / LT",
Iogurte Líquido Frutos Variados,YOCO,Emb. 0.54 KG,"2,29€","4,24€ / KG",
Chispalhada S/ Corantes,NOBRE,Lata 0.42 KG,"1,76€","4,19€ / KG",
Queijo Bola Flamengo,AGROS,Emb. 1.4 KG (aprox.),"9,79€/kg","13,71€ / Unid.",
QUEIJO EMMENTAL RALADO 28% MG,ECO+,Emb. 0.2 KG,"1,71€","8,55€ / KG",
IOGURTE DELILIGHT 0% IOG.NATURAL,DÉLISSE,Emb. 1.5,"2,19€","1,46€ /",
TARTE DE MACA,P'TIT DÉLI,Emb. 0.3 KG,"2,59€","8,63€ / KG",
Calippo Morango,OLÁ,Emb. 0.525 LT,"2,49€","4,74€ / LT",
Miolo de Amêndoa C/ Pele,MARQUE REPERE,Emb. 0.225 KG,"2,90€","12,89€ / KG",
Conserva de Tomate em Pedaços,GULOSO,Emb. 0.39 KG,"1,58€","4,05€ / KG",
ESPARGUETE INTEGRAL,TURINI,Emb. 0.5 KG,"2,00€","4,00€ / KG",
Máscara Facial,SIMPLE,Emb. 0.21 LT,"2,99€","14,24€ / LT",
ESPUMA BARBEAR HIDRATANTE/FRESCO 250ML,CARRÉ HOMME,Emb. 0.25 LT,"1,43€","5,72€ / LT",
Couve Flor,,1 Unid. = 1.1 KG (aprox.),"2,29€/kg","2,52€ / Unid.",
Néctar Clássico Pêssego,JAFADEN,Emb. 1 LT,"0,89€","0,89€ / LT",
PREPARADO PAO,TABLIER BLANC,Emb. 1 KG,"1,09€","1,09€ / KG",
Refrigerante C/ Gás Cola,ECO+,Garrafa 2 LT,"0,79€","0,40€ / LT",
Molho Francesinha,GULOSO,Frasco 0.5 KG,"4,18€","8,36€ / KG",
Desodorizante Roll On Black & White Active,NIVEA,Emb. 0.05 L,"4,49€","89,80€ / L",
Massa Talharim,MILANEZA,Emb. 0.5 KG,"1,84€","3,68€ / KG",
Amaciador Cabelos Frágeis,ELVIVE,Emb. 0.2 LT,"3,98€","19,90€ / LT",
ALIMENT BEBE: PURE LEGUMES DE PROVENCA BIO +4M 2X120G,BIO VILLAGE BEBE,Emb. 0.4 KG,"1,45€","3,63€ / KG",
MORTADELA ITALIANA C/ PISTACHIOS,ST AZAY,,"1,97€",/ Unid.,
Pão Roll's Bases Redondas 6 Unid.,BIMBO,Emb. 0.24 KG,"1,98€","8,25€ / KG",
Pimento Vermelho,,1 Unid. = 0.21 KG (aprox.),"2,79€/kg","0,59€ / Unid.",
TRAVESSA + NAPERON N 7L,,Emb. 1 UNID.,"0,99€","0,99€ / UNID.",
Inhame,,1 Unid. = 0.1 KG (aprox.),"6,99€/kg","0,70€ / Unid.",
Limpa Máquinas da Roupa,XAU,Emb. 0.25 LT,"3,99€","15,96€ / LT",
Luvas P/ Uso Doméstico Tam. M,MAMISON,Emb. 1 UNID.,"0,79€","0,79€ / UNID.",
Vinho Tinto Bag in Box,ALMA DE PIAS,Emb. 5 LT,"6,79€","1,36€ / LT",
Café Solúvel Black Roast,NESCAFÉ,Emb. 0.2 KG,"4,79€","23,95€ / KG",
Bolachas Plain Leite,BELVITA,Emb. 0.3 KG,"1,84€","6,13€ / KG",
Bloco Sanitário Limão,SONASOL,Emb. 0.05 KG,"1,94€","38,80€ / KG",
Vinho A.O.C. Sauternes 2014,CHANTET BLANET,Garrafa 0.75 LT,"9,99€","13,32€ / LT",
Vinho Rosé Lancers,LANCERS,Garrafa 0.75 LT,"3,49€","4,65€ / LT",
Iogurte Natural Déli´Light 8x125g,DÉLISSE,Emb. 1 KG,"1,64€","1,64€ / KG",
Pastéis de Bacalhau 10 Unid.,SNR,Emb. 0.325 KG,"3,14€","9,66€ / KG",
Gel Banho Termal SPA,MANAVA,Emb. 0.75 LT,"1,69€","2,25€ / LT",
VELA NUMERADA N 9,,Emb. 1 UNID.,"0,89€","0,89€ / UNID.",
Alecrim,MARGÃO,Emb. 0.015 KG,"0,98€","65,33€ / KG",
GOMAS FIOS,COPAÍNS COPINES,Emb. 0.2 KG,"1,46€","7,30€ / KG",
Azeite Subtil,GALLO,Garrafa 2 LT,"10,39€","5,20€ / LT",
Alimento Húmido para Cão Mini Adulto,PURINA ONE,Emb. 0.1 KG,"0,68€","6,80€ / KG",
Cebola Roxa,,Emb. 0.5 KG,"1,69€","3,38€ / KG",
Vinho Regional Alentejo Branco,PORTA DA RAVESSA,Garrafa 0.75 LT,"2,29€","3,05€ / LT",
Cebolas,,Emb. 2 KG,"2,18€","1,09€ / KG",
Cerveja com Álcool,SAGRES,Garrafa 1 LT,"1,69€","1,69€ / LT",
Néctar Vital Frutos Vermelhos 3x20 cl,COMPAL,Emb. 0.6 LT,"1,58€","2,63€ / LT",
Body Milk para Duche Nutritivo Pele Seca,NIVEA,Emb. 0.25 LT,"5,48€","21,92€ / LT",
Pão de Forma sem Codea,EPI D'OR,Emb. 0.45 KG,"1,49€","3,31€ / KG",
Hamburger de Carne de Vaca Ultracongelado,,Emb. 10 UNID.,"8,99€","0,90€ / UNID.",
ESPONJA JUMBO,TECH9,Emb. 1 UNID.,"2,10€","2,10€ / UNID.",
Espumante Doce,COMP DO VINHO,Garrafa 0.75 LT,"2,99€","3,99€ / LT",
Paprika Frasco,MARGÃO,Emb. 0.04 KG,"1,98€","49,50€ / KG",
GLISS ULTIMATE REPAIR CONDICIONADOR,GLISS,Emb. 0.2 LT,"2,24€","11,20€ / LT",
Barra de Cereais com Pepitas de Chocolate Biológica 6 Unid.,,Emb. 0.126 KG,"1,69€","13,41€ / KG",
Ossos Prensados 14Cm,TOUS MES AMIS,Emb. 2 UNID.,"2,09€","1,05€ / UNID.",
PAPEL ALUMINIO 50M,ELEMBAL,Emb. 50 M,"3,91€","0,08€ / M",
Bolo Floresta Negra,,Emb. 1 KG,"10,99€","10,99€ / KG",
TEMPERO BARBECUE PARA CARNE DE PORCO E SACO P/ ASSAR,RUSTICA,Emb. 0.028 KG,"0,75€","26,79€ / KG",
Atum em Azeite,BOM PETISCO,Emb. 0.12 KG,"1,39€","11,58€ / KG",
Desodorizante Spray Invisible,MANAVA,Emb. 0.1 LT,"1,29€","12,90€ / LT",
Pá Metal,SILLAGE,Emb. 1 UNID.,"2,69€","2,69€ / UNID.",
Mortadela,CHARCUTARIA,1 Unid. = 0.2 KG (aprox.),"4,99€/kg","1,00€ / Unid.",
QUEIJO MIMOLETTE 12MESES CURA,NOS RÉGIONS ONT DU TALENT,Emb. 0.2 KG,"3,15€","15,75€ / KG",
Saqueta Multifrutos com Bolacha,HERO BABY,Emb. 0.1 KG,"0,97€","9,70€ / KG",
Tablete Chocolate Preto com Menta,TABLETTE D'OR,Emb. 0.1 KG,"1,20€","12,00€ / KG",
Bolacha B-ready 6Unid.,NUTELLA,Emb. 0.132 KG,"2,64€","20,00€ / KG",
Champô Cabelo Cool Fresh Mentol,NIVEA MEN,Emb. 0.25 LT,"4,39€","17,56€ / LT",
DETERGENTE CAPSULAS 3 EM 1 FLORES P/ROUPA,EPSIL,,"4,89€",/ Unid.,
"Rolo Removedor Pêlos+Recarga ""Kit Viagem""",SILLAGE,Emb. 1 UNID.,"1,69€","1,69€ / UNID.",
Café Descafeinado Seleção Premium Intensidade 7,NESCAFE GOLD,Emb. 0.1 KG,"5,98€","59,80€ / KG",
Costeletas de Borrego,,1 Unid. = 0.5 KG (aprox.),"15,99€/kg","8,00€ / Unid.",
Ovos Solo L,SNR,Emb. 24 UNID.,"4,99€","0,21€ / UNID.",
Arroz Agulha,,Emb. 1 KG,"0,90€","0,90€ / KG",
TRINCA DE ARROZ,LYDOG,Emb. 5 KG,"3,69€","0,74€ / KG",
Néctar Multifrutos Bio,,Emb. 1.5 LT,"1,69€","1,13€ / LT",
ENVELOPE SILICONE 114X162MM,ESQUISSE,Emb. 100 UNID.,"2,43€","0,02€ / UNID.",
CAPS CAFE COMP C/ NESP XL FORTISSIMO,PLANTATION,40 UNID.,"7,49€","0,19€ / UNID.",
Bolo Cake e Choc,MILKA,Emb. 0.175 KG,"2,48€","14,17€ / KG",
Snack Chocolate Leite,LION,Emb. 3 UNID.,"2,18€","0,73€ / UNID.",
Bloco Sanitário power 5 duo pack lime,DOMESTOS,Emb. 0.11 KG,"2,74€","24,91€ / KG",
CAVALINHA EM ÓLEO VEGETAL,PITEU,Emb. 0.12 KG,"0,96€","8,00€ / KG",
BEBIDA AMENDOA S/ACUCAR,ALPRO,Emb. 1 LT,"2,38€","2,38€ / LT",
Creme Intensivo Corporal,DOVE,Emb. 0.15 LT,"2,59€","17,27€ / LT",
Cereais de Chocolate,CHOCAPIC,Emb. 0.625 KG,"3,52€","5,63€ / KG",
Massa Linguine,MILANEZA,Emb. 0.5 KG,"1,98€","3,96€ / KG",
Pão Thins 8 Cereais 6 Unidades,BIMBO,Emb. 0.31 KG,"2,28€","7,35€ / KG",
SORVETE MULTIFRUTOS TWIST 5UN,SMICY,Emb. 5 UNID.,"2,24€","0,45€ / UNID.",
Tiras P/ Coelho Mel,TOUS MES AMIS,Emb. 2 UNID.,"1,49€","0,75€ / UNID.",
Bolo de Bolacha,,Emb. 0.5 KG,"4,99€","9,98€ / KG",
Queijo Fatiado -50% Gordura,LIMIANO,Emb. 0.2 KG,"2,09€","10,45€ / KG",
Galetes de Milho Biológicas,,Emb. 0.13 KG,"1,10€","8,46€ / KG",
Bolo com Recheio de Creme de Cacau e Leite 228 g,BOLLYCAO,Emb. 4 UNID.,"1,99€","0,50€ / UNID.",
Champanhe Bruto,POL CARSON,Garrafa 0.375 LT,"9,89€","26,37€ / LT",
Gelado de Nata,CARTE D'OR,Emb. 0.75 LT,"1,94€","2,59€ / LT",
Cappuccino Mocha,NESCAFÉ,Emb. 8 SAQ.,"5,09€","0,64€ / SAQ.",
Gel Banho 1/4 Creme Hidratante,MANAVA,Emb. 0.75 LT,"1,79€","2,39€ / LT",
Creme Remodelador Q10 Plus,NIVEA,Emb. 0.3 LT,"11,98€","39,93€ / LT",
Creme Barbear Classic,PALMOLIVE,Emb. 0.1 LT,"2,09€","20,90€ / LT",
DESODORIZANTE SPRAY ATTIRANT MEN 200ML,CARRÉ HOMME,Emb. 0.2 LT,"1,19€","5,95€ / LT",
Pão com Chouriço,,1 Unid. = 0.13 KG,"0,79€","6,08€ / KG",
ALMOFADA INSUFLAVEL VIAGEM,RIVERSIDE,Emb. 1 UNID.,"8,99€","8,99€ / UNID.",
VELAS TEALIGHTS 25UN,ARDENCE,Emb. 25 UNID.,"2,99€","0,12€ / UNID.",
Tomate Cherry,,Emb. 0.25 KG,"1,19€","4,76€ / KG",
Néctar Clássico Pera,JAFADEN,Emb. 1 LT,"0,89€","0,89€ / LT",
Puré Maçã S/ Açúcar 12 Unid.,DOUCEUR DU VERGER,Emb. 1.08 KG,"5,23€","4,84€ / KG",
BACALHAU A BRAS,CÔTÉ TABLE,Emb. 0.8 KG,"9,80€","12,25€ / KG",
FEIJAO VERMELHO SACO,NOTRE JARDIN,Emb. 1 KG,"2,14€","2,14€ / KG",
CONE CARAMELO/BAUNILHA/ MANTEIGA SALG 6UN,TRIUM,Emb. 6 UNID.,"2,61€","0,44€ / UNID.",
Ferradura de Chocolate,,1 Unid. = 0.14 KG,"1,20€","8,57€ / KG",
HAMBURGUER DE PERU 4UN,CHANTEGRIL,Emb. 0.32 KG,"1,99€","6,22€ / KG",
Pasta Arquivo Lombada Larga Marmoreada,ESQUISSE,Emb. 1 UNID.,"1,69€","1,69€ / UNID.",
Moinho Pimenta Preta,MARGÃO,Emb. 0.035 KG,"3,98€","113,71€ / KG",
Leite Achocolatado Light 6x250ml,UCAL,Emb. 1.5 LT,"5,75€","3,83€ / LT",
TERRA UNIVERSAL BIO 20L,BEAUX JOURS,Emb. 20 LT,"2,69€","0,13€ / LT",
Johnson's Baby Óleo de Aloe Vera,JOHNSON'S BABY,Emb. 0.5 LT,"5,58€","11,16€ / LT",
Tempero para Frango,RUSTICA,Frasco 0.2 KG,"0,96€","4,80€ / KG",
GEL EFEITO INVISIVEL C.CREATEUR 300ML,VITANOVE,Emb. 0.3 LT,"2,56€","8,53€ / LT",
Vinho do Porto Ruby,FERREIRA,Garrafa 0.75 LT,"5,98€","7,97€ / LT",
Fósforos de Segurança Longos 3x40 unid.,SILEX,Emb. 3 UNID.,"2,33€","0,78€ / UNID.",
Bolachas Wafer de Chocolate,P'TIT DÉLI,Emb. 0.15 KG,"0,99€","6,60€ / KG",
Leite Fresco Meio Gordo,VIGOR,Emb. 1 LT,"0,99€","0,99€ / LT",
Iogurte Sólido Proteíco Framboesa Lindahls,NESTLÉ,Emb. 0.15 KG,"1,09€","7,27€ / KG",
Lenços Bolso 6+2 Unidades Red Label Pure,LENÇOS RENOVA,Emb. 8 UNID.,"1,88€","0,24€ / UNID.",
TOALHITAS MOVEIS PERFUMADAS,CLAIR,Emb. 24 UNID.,"1,19€","0,05€ / UNID.",
Johnson's Gel de Banho Bons Sonhos,JOHNSON'S BABY,Emb. 0.5,"3,89€","7,78€ /",
Gelado Mini,TRIUM,Emb. 8 UNID.,"2,35€","0,29€ / UNID.",
DETERGENTE LIQUIDO PERFECT CORES 25D,EPSIL,Emb. 25 DOSES,"2,98€","0,12€ / DOSES",
Gomas Feijões,COPAÍNS COPINES,Emb. 0.2 KG,"1,49€","7,45€ / KG",
Nata UHT Ideal para Bater,AGROS,Emb. 0.2 LT,"1,05€","5,25€ / LT",
Mil Folhas,,1 Unid. = 0.1 KG,"1,20€","12,00€ / KG",
"MISTURA DE LEGUMES (BROCULOS, COUVE FLOR E CENOURA)",NOTRE JARDIN,Emb. 1 KG,"2,19€","2,19€ / KG",
BORRACHA INFANTIL FUN 4UN,ESQUISSE,Emb. 4 UNID.,"1,59€","0,40€ / UNID.",
CEREAIS RECHEADOS C/ CHOCO,P'TIT DÉLI,Emb. 0.65 KG,"2,89€","4,45€ / KG",
Creme Soft Hidratante Intensiva,NIVEA,Emb. 0.05 LT,"1,69€","33,80€ / LT",
Bacalhau Crescido Asa Preta,,1 Unid. = 1.6 KG,"11,99€/kg","19,18€ / Unid.",
Stiks Sortido 108g,TOUS MES AMIS,Emb. 0.104 KG,"0,59€","5,67€ / KG",
VILEDA SACOS P/CUBO DE GELO 10UN,VILEDA,Emb. 10 UNID.,"1,98€","0,20€ / UNID.",
Cereais Integrais e Mel,NESTUM,Emb. 0.25 KG,"2,18€","8,72€ / KG",
ADESIVOS PURIFICANTES X6- PELE NORMAL A MISTA,INELL,Emb. 6 UNID.,"3,18€","0,53€ / UNID.",
Sidra Normand Doce,LES GOELLERIES,Garrafa 0.75 LT,"1,99€","2,65€ / LT",
Desodorizante,REXONA,Emb. 0.05 LT,"2,69€","53,80€ / LT",
Tablete de Chocolate Preto com Raspa de Laranja Biológico,,Emb. 0.1 KG,"1,99€","19,90€ / KG",
Vinho D'Alsace Pinot Gris A.O.C. 2014,REBMANN,Garrafa 0.75 LT,"5,49€","7,32€ / LT",
ACUCAR AMARELO,TÉVA,1 0,"1,61€",inf€ /,
Sopa Económica Rabo de Boi,KNORR,Emb. 0.06 KG,"1,09€","18,17€ / KG",
DENTRIFICO EXPERT ULTRA BRANQUEADOR,DENTAMYL,Emb. 0.075 LT,"0,88€","11,73€ / LT",
Arroz Estufado,CAÇAROLA,Emb. 1 KG,"1,24€","1,24€ / KG",
Gel De Banho Hidra Essencial,VASELINE,Emb. 0.7 LT,"3,59€","5,13€ / LT",
BLEU AUVERGNE AOC,NOS RÉGIONS ONT DU TALENT,Emb. 0.125,"1,72€","13,76€ /",
MINI SNACKS HIGIENE DENTARIA P/ GATO,TOUS MES AMIS,,"0,79€",/ Unid.,
"Alimento Húmido P/ Cão Adulto em Molho de Vaca, Borrego",FRISKIES,Emb. 1.2 KG,"7,28€","6,07€ / KG",
PURE MACA/FRAMBOESA/ARANDO SEM ADICAO ACUCAR BISNAGA,DOUCEUR DU VERGER,Emb. 0.48 KG,"3,32€","6,92€ / KG",
Wafers com Cobertura Chocolate de Leite,P'TIT DÉLI,Emb. 0.175 KG,"1,75€","10,00€ / KG",
Azeite Virgem,OLIVEIRA DA SERRA,Garrafa 0.75 LT,"3,58€","4,77€ / LT",
Alimento Seco P/ Gato Adulto Frango e Cereais,PURINA ONE,Emb. 0.8 KG,"6,98€","8,73€ / KG",
BACALHAU A BRAS 300G,CÔTÉ TABLE,Emb. 0.25 KG,"2,09€","8,36€ / KG",
Chantilly,PRÉSIDENT,Emb. 0.25 Kg,"2,59€","10,36€ / Kg",
RESMA PAPEL A4 500F 90G,ESQUISSE,Emb. 500 FOLHAS,"5,49€","0,01€ / FOLHAS",
Palitos de Chocolate,P'TIT DÉLI,Emb. 0.15 KG,"1,03€","6,87€ / KG",
Ração seca para gato junior c/ Frango,ULTIMA,Emb. 1.5 KG,"13,28€","8,85€ / KG",
Champô Cabelo Revitalizante Pelo Frágil,ELVIVE,Emb. 1.2 LT,"5,98€","4,98€ / LT",
VELA NUMERO FUN 8,ARDENCE,Emb. 1 UNID.,"0,69€","0,69€ / UNID.",
Espuma de Barbear Pele Sensível,GILLETTE,Emb. 0.2 LT,"2,98€","14,90€ / LT",
CONDICIONADOR ALISANTE,VITANOVE,Emb. 0.2 LT,"1,24€","6,20€ / LT",
Mandioca,,1 Unid. = 0.54 KG (aprox.),"4,99€/kg","2,69€ / Unid.",
Água sem Gás,MONCHIQUE,Emb. 1.5 LT,"3,49€","2,33€ / LT",
LIEGEOIS FRAMBOISE DEL,DÉLISSE,Emb. 0.4 KG,"1,84€","4,60€ / KG",
Cereais Cookie'z Chocolate,NACIONAL,Emb. 0.3 KG,"1,69€","5,63€ / KG",
10 ESPETOS INOX,BEAUX JOURS,Emb. 10 UNID.,"5,99€","0,60€ / UNID.",
Aperitivo,RICARD,Garrafa 0.7 LT,"13,49€","19,27€ / LT",
PANO MICROFIBRAS MULTI-USO PRO,TECH9,Emb. 1 UNID.,"1,09€","1,09€ / UNID.",
NUGGETS DE FRANGO 18UN,CÔTÉ CROC,Emb. 0.45 KG,"2,96€","6,58€ / KG",
Molho de Alho com Ervas,HEINZ,Emb. 0.22 LT,"2,38€","10,82€ / LT",
PAPEL ALUMINIO 20M,ELEMBAL,Emb. 20 M,"1,49€","0,07€ / M",
Alimento Húmido P/ Gato Diamante Atum C/ Camarões,PURINA,Emb. 0.09 KG,"1,48€","16,44€ / KG",
Vitelão para Estufar,,1 Unid. = 0.85 KG (aprox.),"6,99€/kg","5,94€ / Unid.",
Laca Fixação Forte 2,VITANOVE,Spray 0.075 LT,"1,23€","16,40€ / LT",
Crocante de Frango Recheio Alho e Ervas,IGLO,Emb. 0.204 KG,"4,98€","24,41€ / KG",
Champô Cabelos Pintados,ELVIVE,Emb. 0.25 LT,"3,98€","15,92€ / LT",
Desodorizante Roll-On Pedra Alumen,MANAVA,Emb. 0.05 LT,"0,81€","16,20€ / LT",
Amaciador Cabelos Color Vive,ELVIVE,Emb. 0.2 LT,"3,98€","19,90€ / LT",
GELADO CHOCOLATE LIEGEOIS,ESKISS,Emb. 1 LT,"2,55€","2,55€ / LT",
Amendoins Torrados com Sal,TOKAPI,Emb. 0.5 KG,"2,00€","4,00€ / KG",
Salsichas Hot Dog 6 unid.,CÔTÉ TABLE,Emb. 0.25 KG,"1,49€","5,96€ / KG",
TIRA NODOAS OXIGENIO ACTIVO EM GEL 750ML,TEXIL,Emb. 0.75 LT,"2,19€","2,92€ / LT",
"CACAROLA 20, C/ASAS ALU.FUND. E PEANHA ALU.",ECO+,Emb. 1 UNID.,"5,99€","5,99€ / UNID.",
LEITE AROMA MORANGO 6X200ML DELISSE,DÉLISSE,Emb. 1.2 LT,"1,59€","1,33€ / LT",
Ketchup 100% Natural,HELLMANN'S,Emb. 0.486 KG,"3,68€","7,57€ / KG",
Alimento Seco P/ Gato Adulto Salmão,BEYOND,Emb. 0.35 KG,"2,99€","8,54€ / KG",
Mini Quadrados Chocolate Preto,EQUADOR,Emb. 0.2 KG,"2,79€","13,95€ / KG",
AURICULARES PRETO intra-auriculares,LINKSTER,Emb. 1 UNID.,"5,99€","5,99€ / UNID.",
Pão de Leite Brioche 8Unid.,BIMBO,Emb. 0.28 KG,"2,48€","8,86€ / KG",
MORTADELA FATIADA,CAMPO FINO,Emb. 0.2 KG,"0,99€","4,95€ / KG",
BROWNIE CHOCOLATE C/ PEPITAS EM CAIXA,P'TIT DÉLI,Emb. 0.285 KG,"2,11€","7,40€ / KG",
Néctar Clássico Pêssego,COMPAL,Emb. 0.33 LT,"0,78€","2,36€ / LT",
SACO PLASTICO P/ TABULEIRO P/GATO GM 8UN,P'TIT AMI,Emb. 8 UNID.,"1,98€","0,25€ / UNID.",
Vinho Regional Douro Tons Tinto,DUORUM,Garrafa 0.75 LT,"3,69€","4,92€ / LT",
Tomate Triturado da Horta,COMPAL,Emb. 0.5 LT,"1,48€","2,96€ / LT",
Leite Crescimento Júnior 3+,NESTLÉ,Emb. 1 LT,"2,18€","2,18€ / LT",
PATE VACA P/ GATO 100G,ECO+,Emb. 0.1 KG,"0,27€","2,70€ / KG",
Azeite Virgem Extra Bio Frutado,GALLO,Emb. 0.75 LT,"4,99€","6,65€ / LT",
Gomas Amoras,COPAÍNS COPINES,Emb. 0.2 KG,"0,99€","4,95€ / KG",
CREME LIMPEZA  750ML,CLAIR,Emb. 0.75 LT,"0,79€","1,05€ / LT",
Creme de Marisco,KNORR,Emb. 0.06 KG,"1,09€","18,17€ / KG",
DETERGENTE LIQUIDO CONCENTRADO FRESCURA 28D,EPSIL,,"3,99€",/ Unid.,
Vodka Branca,NOVOTNA,Garrafa 0.7 LT,"7,99€","11,41€ / LT",
Super Algicida,BEAUX JOURS,Emb. 2 LT,"8,99€","4,50€ / LT",
Bolacha Energy Chiqui Chocs,ARTIACH,Emb. 0.14 KG,"2,08€","14,86€ / KG",
CARREGADOR HR6/HR3 + 4 PILHAS RECARREGAVEIS,FOXTER,Emb. 1 UNID.,"21,99€","21,99€ / UNID.",
FAIRY MAO NATURALS LAVANDA 650ML,,Emb. 0.65 LT,"2,54€","3,91€ / LT",
BOLACHAS C/TABLETE CHOCO PRETO,ECO+,Emb. 0.15 KG,"1,04€","6,93€ / KG",
Pensos Universais Sortidos à Prova de Água,HANSAPLAST,Emb. 20 UNID.,"1,99€","0,10€ / UNID.",
Vinho Regional Douro Branco,PLANALTO,Frasco 0.75 LT,"4,98€","6,64€ / LT",
Amaciador Roupa Concentrado Elixir Lírios Azuis,QUANTO,Emb. 62 DOSES,"4,49€","0,07€ / DOSES",
Leite de Coco,TABLES DU MONDE,Emb. 0.2 LT,"1,09€","5,45€ / LT",
Fruta 100% Maçã Pêra +4 meses 4 Unid.,NESTLÉ,Emb. 0.4 KG,"2,19€","5,48€ / KG",
Açúcar Especial Compota,TÉVA,Emb. 1 KG,"1,71€","1,71€ / KG",
Preparado Canja de Galinha Económica,KNORR,Emb. 0.061 KG,"1,09€","17,87€ / KG",
Café Original Moído,BUONDI,Emb. 0.22 KG,"3,68€","16,73€ / KG",
ALIMENTO HUMIDO BORREGO/FRANGO/VITELA P/ CAO 3X410G,LYDOG,Emb. 3 UNID.,"2,99€","1,00€ / UNID.",
BEBIDA SOJA CHOCOLATE 3x250ML,ALPRO,Emb. 0.75 LT,"1,79€","2,39€ / LT",
Cookies Sem Gluten,GULLÓN,Emb. 0.2 KG,"2,68€","13,40€ / KG",
Tablete Chocolate de Leite Familiar com Avelãs,DAIRY MILK,Emb. 0.12 KG,"2,59€","21,58€ / KG",
Sobremesa Láctea de Alperce +6 Meses,BIO VILLAGE BEBE,Emb.0 0.4 KG,"3,11€","7,78€ / KG",
BOLO DE SEMOLA C/ UVAS,DÉLISSE,Emb. 0.4 KG,"2,30€","5,75€ / KG",
Café Cápsulas Pure Cevada,DELTA,Emb. 10 CAPS.,"2,47€","0,25€ / CAPS.",
MINI PIZZAS 3 QUEIJOS 9UN,TURINI,Emb. 0.27 KG,"2,39€","8,85€ / KG",
Gelado Vegan de Amêndoas Pack 3,MAGNUM,Emb. 0.216 LT,"4,98€","23,06€ / LT",
Cerveja C/ Álcool 6x25cl,CARLSBERG,Emb. 1.5 LT,"3,59€","2,39€ / LT",
Vinho Regional Península de Setúbal Tinto,PERIQUITA,Garrafa 0.75 LT,"3,59€","4,79€ / LT",
Petit Suisse de Chocolate 6 Unid.,NESTLÉ,Emb. 0.36 KG,"2,59€","7,19€ / KG",
Fraldas Bebé T6 Doucer +16 Kg,MOTS D'ENFANTS,Emb. 58 UNID.,"11,86€","0,20€ / UNID.",
PURE MACA/PERA SEM ADICAO ACUCAR BISNAGA BIO,,Emb. 0.36 KG,"2,43€","6,75€ / KG",
Limpa Móveis Óleo de Cedro,PRONTO,Spray 0.25 LT,"4,78€","19,12€ / LT",
Forma Pudim Canelada 16cm,ECO+,Emb. 1 UNID.,"4,99€","4,99€ / UNID.",
VELA NUMERO FUN 9,ARDENCE,Emb. 1 UNID.,"0,69€","0,69€ / UNID.",
"CANETA ROLLER GEL RETRATIL AZUL 0,5MM",ESQUISSE,Emb. 1 UNID.,"0,59€","0,59€ / UNID.",
LOTE DE 3 ALICATES,FOXTER,Emb. 1 UNID.,"17,90€","17,90€ / UNID.",
Pasta Pot Noodles de Pesto,KNORR,Emb. 0.068 KG,"1,89€","27,79€ / KG",
Pensos,HANSAPLAST,Emb. 10 UNID.,"2,99€","0,30€ / UNID.",
Lasanha à Bolonhesa,CÔTÉ TABLE,Emb. 0.35 KG,"2,73€","7,80€ / KG",
Pantene Superalimento Ampolas Resgate,PANTENE PV,Emb. 0.045 LT,"5,07€","112,67€ / LT",
Caldo Natura de Legumes,KNORR,Emb. 0.112 KG,"1,49€","13,30€ / KG",
Pizza com Queijo Mozzarella e Tomate Ultracongelado,BUITONI,Emb. 0.35 KG,"2,99€","8,54€ / KG",
Tostas com Baixo teor de Sal 36Unid.,EPI D'OR,Emb. 0.3 KG,"1,31€","4,37€ / KG",
Café Cápsulas Double,DELTA,Emb. 10 CAPS.,"3,29€","0,33€ / CAPS.",
PORTFOLIO A4 80 BOLSAS,ESQUISSE,Emb. 1 UNID.,"3,99€","3,99€ / UNID.",
Vinho Verde,3 MARIAS,Emb. 1 LT,"2,89€","2,89€ / LT",
Bolachas de Arroz Cobertura de Chocolate Biológicas,,Emb. 0.09 KG,"1,26€","14,00€ / KG",
Massa Laços,MILANEZA,Emb. 0.5 KG,"1,85€","3,70€ / KG",
Puré Fruta Vários Sabores S/ Adição Açúcares,DOUCEUR DU VERGER,Emb. 1.6 KG,"4,64€","2,90€ / KG",
Iogurte Mix-in Smarties 80% Leite 2 Unid.,NESTLÉ,Emb. 0.256 KG,"2,09€","8,16€ / KG",
Nectar Maçã Bio,,Emb. 1.5 LT,"1,69€","1,13€ / LT",
Sabonete Liquido Recarga Leite e Mel,PALMOLIVE,Emb. 0.3 LT,"3,18€","10,60€ / LT",
Cerveja com Álcool Mini Saca Fácil 10x20cl,SUPER BOCK,Emb. 2 LT,"4,98€","2,49€ / LT",
Iogurte Bifidus Cremoso Lima/Limão 4 Unid.,DANONE,Emb. 0.48 KG,"1,99€","4,15€ / KG",
SACOS LIXO C/ ATILHO 130L,ELEMBAL,Emb. 10 UNID.,"2,46€","0,25€ / UNID.",
Douradinho de Vegetais 10 Unid. Ultracongelados,IGLO,Emb. 0.284 KG,"3,29€","11,58€ / KG",
Ice Tea de Limão 3x20 cl,LIPTON,Emb. 0.6 LT,"1,17€","1,95€ / LT",
GELADO EM TUBO TROFI'TUBS 20UN,SMICY,Emb. 20 UNID.,"2,59€","0,13€ / UNID.",
Iogurte Bifidus Líquido Framboesa e Romã 4 Unid.,ACTIVIA,Emb. 0.62 KG,"1,89€","3,05€ / KG",
Iogurte Morango e Banana 0% Açúcar 4 Unid.,IOGOLINO,Emb. 0.4 KG,"2,88€","7,20€ / KG",
IOGURTE NATURAL BIO FRASCO,,Emb. 0.5 KG,"1,79€","3,58€ / KG",
Pastilhas 60 Minutos Peppermint,TRIDENT,Emb. 0.02 KG,"0,94€","47,00€ / KG",
PRATOS QUADRADO BIODEGRADAVEIS 17CM 25UN,HOMESIDE,Emb. 25 UNID.,"2,99€","0,12€ / UNID.",
Molho Picante,TABASCO,Emb. 0.06 L,"2,94€","49,00€ / L",
Cereais Muesli Chocolate,GRAINEA,Emb. 0.5 KG,"2,50€","5,00€ / KG",
LOURO FOLHAS,RUSTICA,Emb. 0.007 KG,"0,45€","64,29€ / KG",
Gel Depilação P/ Pele Sensível C/ Aloe Vera,GILLETTE,Emb. 0.2 LT,"4,98€","24,90€ / LT",
Ambientador Vela Frutos Vermelhos da Montanha,AIRWICK,Emb. 0.32 KG,"2,84€","8,88€ / KG",
MASSA PENNE RIGATE INTEGRAL,TURINI,Emb. 0.5 KG,"1,29€","2,58€ / KG",
Laca Cabelos Pintados,ELNETT,Emb. 0.3 LT,"5,98€","19,93€ / LT",
Detergente de Lavagem à Mão Antibacteriano Concentrado,CIF,Emb. 0.6 LT,"1,49€","2,48€ / LT",
Luva Limpeza Tamanho S,MAMISON,Emb. 1 UNID.,"0,69€","0,69€ / UNID.",
MOLHO CARIL DE LEGUMES C/LEITE COCO,RUSTICA,Emb. 0.4 KG,"1,59€","3,98€ / KG",
Iogurte Magro + Gelatina Maracujá 4 Unid.,MIMOSA,Emb. 0.48 KG,"1,69€","3,52€ / KG",
Máscara Repara Azeite de Argão de Marrocos,HERBAL ESSENCES,Emb. 0.25 LT,"3,99€","15,96€ / LT",
Durex Gel Intense Orgasmic,DUREX,Emb. 0.01 LT,"10,49€","1 049,00€ / LT",
PILHAS ALCALINAS LR6 TECH+,FOXTER,Emb. 4 UNID.,"2,99€","0,75€ / UNID.",
ESPARREGADO DE ESPINAFRES,CÔTÉ TABLE,Emb. 0.35 KG,"1,60€","4,57€ / KG",
Toranja Cal. 2/3,,1 Unid. = 0.32 KG (aprox.),"2,99€/kg","0,96€ / Unid.",
"SPRAY AMBIENTADOR ""FLORAL"" 300ML",BIEN AIR,Emb. 0.3 LT,"1,19€","3,97€ / LT",
Caixa de Ferramentas 94 Peças,FOXTER,Emb. 1 UNID.,"69,90€","69,90€ / UNID.",
Café Torrado Moído Lote Nyeri Kenya Intensidade 8,SICAL,Emb. 0.22 KG,"3,88€","17,64€ / KG",
SACOS LIXO C/ ATILHO 30L,ECO+,Emb. 20 UNID.,"0,99€","0,05€ / UNID.",
RESGUARDO PROTECAO CAMA 80X90CM,CHORYS,Emb. 16 UNID.,"6,28€","0,39€ / UNID.",
Detergente Liquido para Roupa Sabão Azul e Branco,PERSIL,Emb. 80 DOSES,"9,99€","0,12€ / DOSES",
Iogurte Sólido Proteíco Stracciatella Lindahls,NESTLÉ,Emb. 0.15 KG,"1,09€","7,27€ / KG",
Gelado de Caramelo Salgado e Amêndoas Pack 3,MAGNUM,Emb. 0.27 LT,"4,98€","18,44€ / LT",
Vinho Verde Branco,VIA LATINA,Garrafa 0.75 LT,"2,98€","3,97€ / LT",
Pérolas de Perfume para Roupa,LENOR,Emb. 0.21 KG,"7,69€","36,62€ / KG",
Deosodorizante Spray Invisible Black & White Fresh,NIVEA MEN,Emb. 0.15 L,"2,79€","18,60€ / L",
Sementes de Abóbora,MARQUE REPERE,Emb. 0.2 KG,"2,73€","13,65€ / KG",
Café Moagem Universal Lote Chávena Moída 2x250g,DELTA,Emb. 0.5 KG,"4,98€","9,96€ / KG",
Sabonete Sólido Flor Laranjeira,MANAVA,Emb. 0.1 KG,"0,59€","5,90€ / KG",
Vinho do Porto Branco,DORRÃO,Garrafa 0.75 LT,"3,99€","5,32€ / LT",
Sardinha em Azeite,BOM PETISCO,Emb. 0.12 KG,"1,08€","9,00€ / KG",
DOCE EXTRA MIRTILO LIGHT,DOUCEUR DU VERGER,Emb. 0.34 KG,"2,77€","8,15€ / KG",
Bloco Sanitário Power 5 Blue Water Pink,DOMESTOS,Emb. 0.106 LT,"2,74€","25,85€ / LT",
Toalhitas Casa de Banho,CIF,Emb. 36 UNID.,"2,24€","0,06€ / UNID.",
Gelado Strawberry Merengue,CARTE D'OR,Emb. 0.9 LT,"3,29€","3,66€ / LT",
COCKTAIL 4 FRUTOS EM CALDA,DOUCEUR DU VERGER,Emb. 0.25 KG,"0,99€","3,96€ / KG",
AMBIENTADOR MINI SPRAY LIRIO DOS VALES + RECARGA,BIEN AIR,Emb. 1 UNID.,"1,89€","1,89€ / UNID.",
FEIJAO MANTEIGA SACO,NOTRE JARDIN,Emb. 0.5 KG,"1,08€","2,16€ / KG",
MOSTARDA A L\'ANCIENNE,RUSTICA,Emb. 0.35 KG,"2,10€","6,00€ / KG",
ALIMENTO HUMIDO CARNES C/ MOLHO P/ CAO 12X100G,TOUS MES AMIS,Emb. 12 UNID.,"4,57€","0,38€ / UNID.",
Vinho Regional Dão Tinto,GRÃO VASCO,Garrafa 0.75 LT,"3,49€","4,65€ / LT",
"GELADO ""TYROLIA"" BAUNILHA",ESKISS,Emb. 0.65 LT,"1,91€","2,94€ / LT",
Cápsulas Café Ristretto Ardenza,DOLCE GUSTO,Emb. 16 CAPS.,"5,98€","0,37€ / CAPS.",
Creme de Chocolate Preto 4x125g,DÉLISSE,Emb. 0.5 KG,"1,79€","3,58€ / KG",
Iogurte Líquido Morango,DÉLISSE,Emb. 0.85 KG,"1,42€","1,67€ / KG",
Lava Tudo Spray Multiusos Vinagre + Maça Verde,AJAX,Emb. 0.5 LT,"3,49€","6,98€ / LT",
Néctar Clássico Frutos Vermelhos Uva e Maçã,JAFADEN,Emb. 1 LT,"0,89€","0,89€ / LT",
Lasanha à Bolonhesa,CÔTÉ TABLE,Emb. 1 KG,"5,99€","5,99€ / KG",
MINI COOKIES POCKET,P'TIT DÉLI,Emb. 0.16 KG,"1,66€","10,38€ / KG",
Iogurte Líquido S/ Lactose Morango 4 Unid.,YOGGI,Emb. 0.64 KG,"2,19€","3,42€ / KG",
Doseador Sabão Líquido Branco,SILLAGE,Emb. 1 UNID.,"2,99€","2,99€ / UNID.",
Bolachas Crocantes sem Glúten 2x125g,CHAQUE JOUR SANS GLUTEN,Emb. 0.25 KG,"3,00€","12,00€ / KG",
Dentífrico Infantil 3+ Anos,ORAL B,Emb. 0.75 LT,"2,59€","3,45€ / LT",
Iogurte Líquido Tutti Frutti 8 Unid.,YOGGI,Emb. 1.28 KG,"3,94€","3,08€ / KG",
"ALIMENT BEBE: IOGURTE CREMOSO COCO, MACA, ANANAS E BANANA BIO 8M",BIO VILLAGE BEBE,,"4,54€",/ Unid.,
Manteiga Pasteurizada com Sal Cuvete,LORETO,Emb. 0.25 KG,"2,34€","9,36€ / KG",
SORTIDO GELADOS PARTY 10UN,SMICY,Emb. 10 UNID.,"3,20€","0,32€ / UNID.",
GRANOLA CHOCOLATE PRETO E AMENDOAS,GRAINEA,Emb. 0.35 KG,"2,88€","8,23€ / KG",
Refrigerante com Gás Laranja,FRISUMO,Garrafa 1.5 LT,"0,99€","0,66€ / LT",
FITA CORRETORA 6MX5MM 6UN,ESQUISSE,Emb. 6 UNID.,"2,49€","0,42€ / UNID.",
Ambientador Absorve Odores Marinho 2x150gr,BRISE,Emb. 0.3 KG,"2,99€","9,97€ / KG",
LINGUICA,CAMPO FINO,Emb. 0.15 KG,"1,19€","7,93€ / KG",
Bolacha Redonda Recheio Chocolate,P'TIT DÉLI,Emb. 0.3 KG,"1,49€","4,97€ / KG",
Café Cápsulas Qharater Intensidade 9,DELTA,Emb. 10 CAPS.,"3,39€","0,34€ / CAPS.",
Tablete Chocolate Excellence Dark 85%,LINDT,Emb. 0.1 KG,"2,09€","20,90€ / KG",
RECARGA ESFREGONA ALGODAO,SILLAGE,Emb. 1 UNID.,"2,99€","2,99€ / UNID.",
Pão de Hambúrguer com Sementes de Sésamo 4 Unidades,BIMBO,Emb. 0.22 KG,"1,24€","5,64€ / KG",
MOLHO KEBAB,RUSTICA,Emb. 0.252 KG,"1,37€","5,44€ / KG",
Cereais de Chocolate,NESQUIK,Emb. 0.625 KG,"3,44€","5,50€ / KG",
Liegeois Café 4x100g,DÉLISSE,Emb. 0.4 KG,"1,69€","4,23€ / KG",
Vinho Regional Alentejo Branco,MONTE VELHO,Garrafa 0.75 LT,"3,69€","4,92€ / LT",
Líquido Sanitário Desincrustante,NEOBLANC,Emb. 0.7 LT,"2,09€","2,99€ / LT",
Bandas Depilatórias Cera Fria,SILISS,Emb. 40 UNID.,"3,38€","0,08€ / UNID.",
TERRA P/HORTA BIO 40L,BEAUX JOURS,Emb. 40 LT,"4,99€","0,12€ / LT",
Conserva de Feijão Branco Cozido Da Horta,COMPAL,Emb. 0.42 KG,"0,99€","2,36€ / KG",
Couve Branca,,1 Unid. = 1.28 KG (aprox.),"1,09€/kg","1,40€ / Unid.",
Pão de Forma Familiar,EPI D'OR,Emb. 0.8 KG,"1,29€","1,61€ / KG",
Alimento Seco P/ Gato C/ Carne de Vaca,PURINA,Emb. 0.8 KG,"6,98€","8,73€ / KG",
Desodorizante Roll-On Cobalt Blue,REXONA,Emb. 0.05 LT,"2,39€","47,80€ / LT",
KIT RECIPIENTES VIAGEM,RIVERSIDE,Emb. 1 UNID.,"4,99€","4,99€ / UNID.",
Café Cápsulas Decaffeinato Intensidade 2,PLANTATION,Emb. 10 CAPS.,"2,09€","0,21€ / CAPS.",
Martelo Arranca Pregos,FOXTER,Emb. 1 UNID.,"5,99€","5,99€ / UNID.",
ENVELOPE ALMOFADADO 170X225MM,ESQUISSE,Emb. 5 UNID.,"0,99€","0,20€ / UNID.",
MEGA CHOCO CHOCOLATE LEITE CROCANTE,P'TIT DÉLI,Emb. 0.15 KG,"1,67€","11,13€ / KG",
Beterraba Cozida Embalada,,Emb. 0.45 KG  (aprox.),"1,39€/kg","0,63€ / Unid.",
Farinheira Regional - PDTO Lamego,SNR,Emb. 0.16 KG,"0,69€","4,31€ / KG",
Alimento Húmido para Cão Almôndegas de Aves,ECO+,,"1,99€",/ Unid.,
Pensos Higiénicos Super Alas,EVAX,Emb. 10 UNID.,"2,98€","0,30€ / UNID.",
Tabs All-in-one 50 Limão Doy,SUN,Emb. 0.875 KG,"7,99€","9,13€ / KG",
Aguardente Bagaceira,SÃO DOMINGOS,Garrafa 1 LT,"14,99€","14,99€ / LT",
PILHAS LITIO CR2032,FOXTER,Emb. 5 UNID.,"2,49€","0,50€ / UNID.",
COTONETES ALGODAO,ECO+,Emb. 200 UNID.,"0,70€","0,00€ / UNID.",
Licor Beirão,BEIRÃO,Garrafa 0.7 LT,"10,99€","15,70€ / LT",
Vinagre Balsâmico de Sidra,GALLO,Emb. 0.25 LT,"1,86€","7,44€ / LT",
Johnson's Gel de Banho Cotton Touch,JOHNSON'S BABY,Emb. 0.5,"3,89€","7,78€ /",
"BL1 LED FILA ESFERA R 2,1W-25W E14",FOXTER,Emb. 1 UNID.,"2,99€","2,99€ / UNID.",
Molho de Soja,BLUE DRAGON,Emb. 0.15 LT,"1,98€","13,20€ / LT",
Tostas de 6 Cereais,EPI D'OR,Emb. 0.3 KG,"1,54€","5,13€ / KG",
Limpeza Móveis Classic Protege,PRONTO,Spray 0.3 LT,"4,78€","15,93€ / LT",
Snack P/ Gato de Salmão,DENTALIFE,Emb. 0.04 KG,"1,98€","49,50€ / KG",
"Iogurte Líquido Magro Manga, Maracujá e Goji 4x155g",CORPOS DANONE,Emb. 0.62 Kg,"1,79€","2,89€ / Kg",
Polpa de Tomate,ECO+,Emb. 0.5 KG,"0,55€","1,10€ / KG",
PAO RALADO,TABLIER BLANC,Emb. 0.25 KG,"0,35€","1,40€ / KG",
Refrigerante S/ Gás Maracuja,ECO+,Garrafa 2 LT,"0,84€","0,42€ / LT",
Snack Húmido P/ Gato Party Mix Ocean,FELIX,Emb. 0.06 KG,"1,88€","31,33€ / KG",
PEDACOS ATUM/SALMAO LEGUMES P/ GATO  410G,ECO+,Emb. 0.415 KG,"0,65€","1,57€ / KG",
LANTERNA UNIVERSAL GM,FOXTER,Emb. 1 UNID.,"8,90€","8,90€ / UNID.",
SPRAY LIMPA JANTES 1 L 1L TECH9,TECH9,Emb. 1 LT,"3,99€","3,99€ / LT",
DETERGENTE MANUAL LOICA ULTRA LIMAO 500ML,VISIOR,Emb. 0.5 LT,"0,89€","1,78€ / LT",
Queijo Camembert,LES CROISÉS,Emb. 0.25 KG,"1,79€","7,16€ / KG",
PASTILHA ELASTICA MORANGO BOX x70,NEW'R,Emb. 0.1 KG,"1,80€","18,00€ / KG",
Batido de Cacau S/ Lactose,CACAOLAT,Emb. 1 LT,"1,54€","1,54€ / LT",
Cápsulas Café Expresso Peru Intensidade 8 Bio,DOLCE GUSTO,Emb. 12 CAPS.,"5,58€","0,47€ / CAPS.",
Bolachas com Cobertura Chocolate de Leite,P'TIT DÉLI,Emb. 0.2 KG,"1,39€","6,95€ / KG",
Água de Nascente,CARAMULO,Emb. 6 LT,"1,38€","0,23€ / LT",
Infusão SOS Garganta,LIPTON,Emb. 20 SAQS,"1,49€","0,07€ / SAQS",
Leite Hidratante Apaziguante Aveia,ULTRA SUAVE,Emb. 0.4 LT,"5,98€","14,95€ / LT",
Cerveja com Álcool 15x33cl,SUPER BOCK,Emb. 4.95 LT,"9,99€","2,02€ / LT",
Snack Chocolate 4 Unid.,NESQUIK,Emb. 0.104 KG,"1,99€","19,13€ / KG",
Mistura de Frutos Secos e Uvas-Passas,,Emb. 0.2 KG,"1,99€","9,95€ / KG",
Carregador Universal,FOXTER,Emb. 1 UNID.,"25,99€","25,99€ / UNID.",
Chocolate de Leite Choco Jelly,MILKA,Emb. 0.25 KG,"3,98€","15,92€ / KG",
Dentífrico Limpeza Refrescante,ORAL B,Emb. 0.075 LT,"1,94€","25,87€ / LT",
TAPETE MICROFIBRAS WC CINZA 50X80,SILLAGE,Emb. 1 UNID.,"6,99€","6,99€ / UNID.",
PAIO LOMBO FATIADO,CAMPO FINO,Emb. 0.15 KG,"1,99€","13,27€ / KG",
Amaciador Cabelos Hidra Caracóis Antifrisado,FRUCTIS,Emb. 0.2 LT,"3,98€","19,90€ / LT",
Refrigerante C/ Gás Vidro,COCA COLA,Emb. 1 LT,"1,84€","1,84€ / LT",
Cevada Solúvel com Cereais,DELTA,Emb. 0.2 KG,"2,84€","14,20€ / KG",
LACOS SECOS,P'TIT DÉLI,Emb. 0.18 KG,"1,39€","7,72€ / KG",
WC Gel Flores de Primavera,NEOBLANC,Emb. 0.7 LT,"2,09€","2,99€ / LT",
Bolachas Areadas Cobertas de Chocolate,P'TIT DÉLI,Emb. 0.15 KG,"1,40€","9,33€ / KG",
Lombo de Porco Embalado,,1 Unid. = 1.8 KG (aprox.),"3,99€/kg","7,18€ / Unid.",
Johnson's Baby Óleo Regular,JOHNSON'S BABY,Emb. 0.5 LT,"5,58€","11,16€ / LT",
Nata UHT Culinária,MIMOSA,Emb. 0.2 LT,"0,89€","4,45€ / LT",
Amaciador Roupa Concentrado Jasmim Fresco e Lavanda Selvagem,BOTANICAL ORIGIN,Emb. 45 DOSES,"3,99€","0,09€ / DOSES",
Ambientador gel ocean adventure,GLADE,Emb. 0.18 LT,"2,99€","16,61€ / LT",
Manteiga sem Sal,PRIMOR,Emb. 0.25 KG,"2,23€","8,92€ / KG",
Polpa de Tomate com Cebola e Alho,COMPAL,Frasco 0.5 LT,"1,48€","2,96€ / LT",
"AZEITE CLASSICO VIRGEM ≤ 0,7%",RUSTICA,Emb. 0.75 KG,"4,94€","6,59€ / KG",
Bolachas Digestivas Aveia,TRIUNFO,Emb. 0.171 KG,"1,68€","9,82€ / KG",
Almôndegas Bovino Mini,FERIAL,Emb. 0.75 KG,"7,07€","9,43€ / KG",
BOUIL.DESHYDRATE,RUSTICA,Emb. 0.12 KG,"0,84€","7,00€ / KG",
Conserva de Feijão Frade Cozido,NOTRE JARDIN,Frasco 0.57 KG,"0,68€","1,19€ / KG",
Bloco Sanitário Pinho,SONASOL WC,Emb. 2 UNID.,"2,99€","1,50€ / UNID.",
Bolachas Digestivas Aveia,VIEIRA,Emb. 0.258 KG,"2,28€","8,84€ / KG",
CREME SABOR CHOCOLATE,DÉLISSE,Emb. 0.4 KG,"2,65€","6,63€ / KG",
Caldo para Bifes 8 Cubos,KNORR,Emb. 0.08 KG,"1,39€","17,38€ / KG",
ACHOCOLATADO GRANULADO,TABLETTE D'OR,Emb. 0.8 KG,"2,99€","3,74€ / KG",
Queijo Mozzarella Biológico,,Emb. 0.125 KG,"1,49€","11,92€ / KG",
Caldo de Galinha,KNORR,Emb. 0.36 KG,"4,54€","12,61€ / KG",
ESCOVA DE DENTES A PILHAS,DENTAMYL,Emb. 1 UNID.,"4,90€","4,90€ / UNID.",
FILETE AFIAMBRADO MINI,CAMPO FINO,Emb. 0.35 KG,"2,15€","6,14€ / KG",
CHAMPO PARA ANIMAIS PERFUMADO,P'TIT AMI,Emb. 0.5 LT,"2,39€","4,78€ / LT",
BACALHAU A BRAS,CÔTÉ TABLE,Emb. 0.25 KG,"4,04€","16,16€ / KG",
RECARGA MOPA ROTACAO,SILLAGE,Emb. 1 UNID.,"2,99€","2,99€ / UNID.",
Ovos Solo M,SNR,Emb. 24 UNID.,"4,69€","0,20€ / UNID.",
Refrigerante C/ Gás Pack 4,COCA COLA,Emb. 4 LT,"5,20€","1,30€ / LT",
Cereais de Trigo Integral,FITNESS,Emb. 0.375 KG,"2,69€","7,17€ / KG",
DOSSIER A4 C/ELASTICO+RECARGA 4ARG,ESQUISSE,Emb. 1 UNID.,"3,99€","3,99€ / UNID.",
Iogurte Líquido Morango 4x155g,DANONE,Emb. 0.62 KG,"1,69€","2,73€ / KG",
Iogurte Líquido Danonino Bebedino Morango 4x100g,DANONE,Emb. 0.4 KG,"1,79€","4,48€ / KG",
Chantilly Light,,Spray 0.25 KG,"1,45€","5,80€ / KG",
Gelado After Dinner,MAGNUM,Emb. 10 UNID.,"5,48€","0,55€ / UNID.",
Brownies de Chocolate de Leite,MILKA,Emb. 0.15 KG,"2,48€","16,53€ / KG",
Sumo 8 Frutos,UM BONGO,Emb. 1 LT,"1,38€","1,38€ / LT",
Leite Condensado Magro,NESTLÉ,Lata 0.387 KG,"1,49€","3,85€ / KG",
Vinho Regional Alentejano Tinto,DOM MARTINHO,Garrafa 0.75 LT,"4,49€","5,99€ / LT",
Orégãos Folhas,MARGÃO,Emb. 0.01 KG,"1,68€","168,00€ / KG",
Napolitana de Chocolate,,1 Unid. = 0.12 KG,"0,99€","8,25€ / KG",
Macarrão,ECO+,Emb. 1 KG,"1,62€","1,62€ / KG",
BEBIDA DE ESPELTA BIO,,Emb. 1 LT,"1,79€","1,79€ / LT",
ESCOVA DENTES MACIA CABECA RECARREGAVEL,DENTAMYL,,"1,25€",/ Unid.,
TOSTAS CROCANTES COM CEREAIS,EPI D'OR,Emb. 0.25 KG,"1,22€","4,88€ / KG",
Queijo Curado Fatiado S/ Lactose,CASTELÕES,Emb. 0.15 KG,"2,14€","14,27€ / KG",
Chourição Fatiado Tapas,CAMPOFRIO,Emb. 0.08 KG,"1,88€","23,50€ / KG",
WC Frescura Contínua,NEO BLANC,Emb. 1 UNID.,"2,24€","2,24€ / UNID.",
LIMPA MOVEIS C/CERA AEROSSOL,CLAIR,Emb. 0.3 LT,"1,45€","4,83€ / LT",
Pao De Forma Cerealia 14 Cereais,PANRICO,Emb. 0.435 KG,"2,01€","4,62€ / KG",
Medalhões Pescada,PÊCHE OCÉAN,Emb. 0.4 KG,"4,95€","12,38€ / KG",
Bacalhau Seleção Especial Noruega Asa Preta,,1 Unid. = 4 KG (aprox.),"14,99€/kg","59,96€ / Unid.",
Amendoins no Forno,MATUTANO,Emb. 0.2 KG,"2,28€","11,40€ / KG",
Detergente Loiça Manual Limão,FAIRY,Emb. 2.38 LT,"6,74€","2,83€ / LT",
Couve Flor em Floretes Ultracongelado,,Emb. 1 KG,"1,29€","1,29€ / KG",
Ice Tea Pêssego,LIPTON,Emb. 1 LT,"1,29€","1,29€ / LT",
Ervilhas Ultracongeladas,BONDUELLE,Emb. 0.4 KG,"1,93€","4,83€ / KG",
Massa Tomate e Mozzarella,KNORR,Emb. 0.072 KG,"2,14€","29,72€ / KG",
OIKOS NATURAL ACUCARADO 110x4,OIKOS,Emb. 0.44 KG,"2,39€","5,43€ / KG",
Desodorizante Aloe Sensitive Spray,VASELINE,Emb. 0.25 LT,"2,19€","8,76€ / LT",
Maçã Fuji Cal. 70/75,,1 Unid. = 0.18 KG (aprox.),"1,59€/kg","0,29€ / Unid.",
Bolachas Tosta Rica Mini Go,CUÉTARA,Emb. 0.24 KG,"2,68€","11,17€ / KG",
CABIDE PLASTICO CRIANCA ROSA 4UN,SILLAGE,Emb. 4 UNID.,"1,99€","0,50€ / UNID.",
Vinagre Sidra Biológico,,Garrafa 0.75 LT,"2,24€","2,99€ / LT",
FIAMBRE PERNA EXTRA FINISSIMO,CAMPO FINO,Emb. 0.15 KG,"1,29€","8,60€ / KG",
Ervilhas Ultracongelado,IGLO,Emb. 1.125 KG,"5,98€","5,32€ / KG",
