Nome,Marca,Quantidade,Preço Primário,Preço Por Unidade,Promo
OIKOS CAFE 110G X4,OIKOS,Emb. 0.44 KG,"2,39€","5,43€ / KG",
Azeite Virgem Delicado,GALLO,Emb. 0.75 LT,"4,69€","6,25€ / LT",
Cápsulas Café Ristretto Barista,DOLCE GUSTO,Emb. 30 CAPS.,"10,49€","0,35€ / CAPS.",
Tablete de Chocolate Creme de Cacau,MILKA,Emb. 0.1 KG,"1,69€","16,90€ / KG",
Alimento Seco P/ Cão Júnior,PURINA FRISKIES,Emb. 3 KG,"11,69€","3,90€ / KG",
Cerveja C/ Álcool 6x25cl,CARLSBERG,Emb. 1.5 LT,"3,59€","2,39€ / LT",
Cereais Golden Grahams,NESTLÉ,Emb. 0.375 KG,"2,53€","6,75€ / KG",
Vinho Regional Alentejo Tinto,MARQUÊS DE BORBA,Garrafa 0.75 LT,"5,49€","7,32€ / LT",
Alimento P/ Húmido Gato Seleção de Mousses,FRISKIES,Emb. 0.68 KG,"5,85€","8,60€ / KG",
Chá Verde e Limão,PLENO,Garrafa 1.5 LT,"1,49€","0,99€ / LT",
Ice Tea Manga Ananás,NESTEA,Emb. 1.5 LT,"1,00€","0,67€ / LT",
Refrigerante C/ Gás Uva,FANTA,Garrafa 1.5 LT,"1,00€","0,67€ / LT",
Alimento Seco Gato Atum Legumes,PURINA FRISKIES,Emb. 0.4 KG,"2,19€","5,48€ / KG",
Douradinho de Vegetais 10 Unid. Ultracongelados,IGLO,Emb. 0.284 KG,"3,29€","11,58€ / KG",
Cera Depilatória a base de Açúcar,VEET,Emb. 0.025 LT,"5,94€","237,60€ / LT",
Desodorizante Roll On Invisible Black White 48H,REXONA,Emb. 0.05 LT,"2,39€","47,80€ / LT",
Amaciador Cabelo Frágeis Garnier Tesouros de Mel,ULTRA SUAVE,Emb. 0.2 LT,"3,59€","17,95€ / LT",
Anis Estrelado,MARGÃO,Emb. 0.025 KG,"3,29€","131,60€ / KG",
Alimento Húmido P/ Gato C/ Carne de Vaca e Frango,GOURMET GOLD,Emb. 0.085 KG,"0,75€","8,82€ / KG",
Alimento Seco P/ Gato C/ Carne de Vaca,PURINA,Emb. 0.8 KG,"6,99€","8,74€ / KG",
Maionese com Alho Top Down,CALVÉ,Emb. 0.25 KG,"2,69€","10,76€ / KG",
Cuecas Menina 3 aos 5 Anos,HUGGIES,Emb. 16 UN,"8,99€","0,56€ / UN",
Pudim Ananás,BOCA DOCE,Emb. 0.022 KG,"0,47€","21,36€ / KG",
Lombo de Atum Descongelado,,1 Unid. = 0.25 KG (aprox.),"11,49€/kg","2,87€ / Unid.",
Lava Tudo Novo Brilho Camomila e Flor de Laranjeira,SONASOL,Emb. 1.3 LT,"2,09€","1,61€ / LT",
Pantene Frizz Control & Luminosidade Condicionador 160 ml,,Emb. 0.16 LT,"4,99€","31,19€ / LT",
Refrigerante C/ Gás S/ Açúcar Pack 6,COCA COLA,Emb. 1.98 LT,"4,30€","2,17€ / LT",
Vinho Regional Alentejo Tinto,PORTA DA RAVESSA,Garrafa 0.75 LT,"2,99€","3,99€ / LT",
Café Solúvel Descafeinado Clássico,NESCAFÉ,Emb. 10 UNID.,"1,69€","0,17€ / UNID.",
Papa Infantil Leite e Cereais,CERELAC,Emb. 0.4 KG,"1,84€","4,60€ / KG",
Azeite Clássico Pet,OLIVEIRA DA SERRA,Emb. 0.75 LT,"5,59€","7,45€ / LT",
Glade Automatic Spray Recarga Relax Zen,GLADE,Emb. 0.269 LT,"3,59€","13,35€ / LT",
Penso Incontinência Discreet Mini,AUSONIA,Emb. 20 UNID.,"3,99€","0,20€ / UNID.",
Óleo Intense 6-10 Louro Escuro,SYOSS,,"6,24€",/ Unid.,
Lixívia Tradicional,NEOBLANC,Emb. 1 LT,"0,98€","0,98€ / LT",
Chá de Tília,LIPTON,Emb. 20 SAQ.,"1,20€","0,06€ / SAQ.",
Pêra Rocha Cal. 65/70,,1 Unid. = 0.2 KG (aprox.),"1,49€/kg","0,30€ / Unid.",
Cápsulas Delta Q Café Epic 10 unidades,DELTA Q,Emb. 0.055 KG,"3,39€","61,64€ / KG",
Cillit Bang Calcário & Brilho 500ML x12,CILLIT BANG,Emb. 0.5 LT,"2,24€","4,48€ / LT",
Bolacha Maria,CUÉTARA,Emb. 0.2 KG,"0,74€","3,70€ / KG",
Detergente para a Máquina da Roupa Sensitive 3 em 1,SKIP,Emb. 1.134,"12,49€","11,01€ /",
Vinho Verde Branco,MURALHAS,Garrafa 0.75 LT,"4,59€","6,12€ / LT",
5 Cereais C/ Cereais Integrais,NESTUM,Emb. 0.25 KG,"2,19€","8,76€ / KG",
Condicionador Express para Pontas Espigadas em Spray,GLISS,Emb. 0.2 LT,"3,24€","16,20€ / LT",
Queijo da Ilha Fatiado,NOVA AÇORES,Emb. 0.15 KG,"1,69€","11,27€ / KG",
Conserva de Grão da Horta,COMPAL,Lata 0.42 KG,"0,99€","2,36€ / KG",
Maracujá Roxo,,1 Unid. = 0.1 KG (aprox.),"9,99€/kg","1,00€ / Unid.",
"Água sem Gás 6x1,5L",VITALIS,Emb. 9 LT,"2,59€","0,29€ / LT",
Vinho Regional Alentejo Branco,REGUENGOS,Garrafa 0.75 LT,"2,39€","3,19€ / LT",
Azeite Virgem Extra Grande Escolha,GALLO,Emb. 0.5 LT,"4,99€","9,98€ / LT",
Óleo Alimentar,FULA,Garrafa 1 LT,"2,69€","2,69€ / LT",
Café Torrado Moído Clássico Intensidade 9,SICAL,Emb. 16 UNID.,"3,89€","0,24€ / UNID.",
Cerveja com Álcool 6x33cl,SUPER BOCK,Emb. 1.98 LT,"4,49€","2,27€ / LT",
Anti-Calcário Spray Brilhante,AJAX,Emb. 0.5 LT,"3,99€","7,98€ / LT",
Chá Frio Lipton Limão E Camomila 15 Saq,LIPTON,,"3,28€",/ Unid.,
Sabonete Pack 4,DOVE,Emb. 0.4 KG,"4,99€","12,48€ / KG",
Massa Margaridas com Vegetais,MILANEZA,Emb. 0.5 KG,"1,99€","3,98€ / KG",
Crocante de Frango Recheio Queijo e Fiambre,IGLO,Emb. 0.204 KG,"4,99€","24,46€ / KG",
Cajus no Forno,MATUTANO,Emb. 0.17 KG,"4,99€","29,35€ / KG",
Pão Embalado Hot Dog 6 Unid.,PANRICO,Emb. 0.33 KG,"1,79€","5,42€ / KG",
Creme de Barbear Protector,NIVEA MEN,Emb. 0.1 LT,"2,49€","24,90€ / LT",
Fraldas de Incontinência Plus Tam. G,LINDOR,Emb. 14 UNID.,"16,99€","1,21€ / UNID.",
Azeite virgem extra lezirias,GALLO,Emb. 0.75 LT,"4,89€","6,52€ / LT",
Ervilhas Ultracongelados,IGLO,Emb. 0.375 KG,"2,49€","6,64€ / KG",
Amaciador para Roupa Nature Rosa & Maçã Verde Ultra Concentrado,COMFORT,Emb. 60 DOSES,"3,99€","0,07€ / DOSES",
Máscara Capilar para Cabelo com Pontas Espigadas,GLISS,Emb. 0.3 LT,"3,79€","12,63€ / LT",
Conserva de Cogumelos Laminados,FERBAR,Lata 0.29 KG,"0,95€","3,28€ / KG",
Detergente Loiça Manual Espuma Ativa,FAIRY,Emb. 0.375 LT,"2,99€","7,97€ / LT",
Bloco Sanitário Desinfectante de Lima,DOMESTOS,Emb. 0.055 KG,"1,79€","32,55€ / KG",
Vinho Regional Douro Branco,PLANALTO,Frasco 0.75 LT,"4,99€","6,65€ / LT",
Gelado Solero Red Berries,OLÁ,Emb. 0.27 LT,"3,99€","14,78€ / LT",
Leite Bem Especial 0% de Lactose Chocolate 4 Unid.,MIMOSA,Emb. 0.8 LT,"1,99€","2,49€ / LT",
Barras Hero De Cereais Muesli Avelã 6x25g,HERO,Emb. 0.15 KG,"1,79€","11,93€ / KG",
Preparado em Pó Chantilly,ROYAL,Emb. 0.072 KG,"1,99€","27,64€ / KG",
Néctar Essencial Manga 3x110ml,COMPAL,Emb. 0.33 LT,"1,79€","5,42€ / LT",
Iogurte de Alperce 4 Unid.,IOGOLINO,Emb. 0.4 KG,"2,89€","7,23€ / KG",
Snack P/ Gato Crispies C/ Sabor a Frango e Carne de Vaca,FELIX,Emb. 0.45 KG,"1,89€","4,20€ / KG",
Gelado Baunilha E Chocolate,CARTE D'OR,Emb. 1.7 LT,"2,99€","1,76€ / LT",
Sumo Refrigerado Morango,SUNNY DELIGHT,Emb. 0.31 Lt,"0,78€","2,52€ / Lt",
Folhado de Salsicha,,1 UNID.,"0,85€","0,85€ / UNID.",
Cordon Bleu Queijo e Fiambre Ultracongelado,IGLO,Emb. 0.2 KG,"3,99€","19,95€ / KG",
Bebida Energética Energy,MONSTER ENERGY,Emb. 0.5 LT,"1,20€","2,40€ / LT",
Difusor e Recarga Freshmatic Lavanda e Camomila,AIR WICK,Emb. 0.61 KG,"7,19€","11,79€ / KG",
Costeletas do Cachaço Porco,,1 Unid. = 0.2 KG (aprox.),"3,99€/kg","0,80€ / Unid.",
PUDIM +PROTEINA CAFE COLOMBIANO,EHRMANN,Emb. 0.2 KG,"1,79€","8,95€ / KG",
Alimento Seco P/ Gato Especial Pele e Pêlo,PURINA,Emb. 0.8 KG,"6,99€","8,74€ / KG",
Sobremesa Leite Creme com Bolacha 4x125g,REINA,Emb. 0.5 KG,"2,09€","4,18€ / KG",
Desodorizante Roll On Talc Soft,DOVE,Emb. 0.05 LT,"2,69€","53,80€ / LT",
Iogurte Líquido Proteíco Banana e Noz Lindahls,NESTLÉ,Emb. 0.33 LT,"1,89€","5,73€ / LT",
Anona,,1 Unid. = 0.27 KG (aprox.),"2,99€/kg","0,81€ / Unid.",
Preservativo Ultrafeel,CONTROL,Emb. 10 UNID.,"6,99€","0,70€ / UNID.",
Coloração Permanente Nutritiva 5.62 Vermelho Ousado,NUTRISSE,Emb. 1 UNID.,"9,49€","9,49€ / UNID.",
Cereais de Chocolate Biológicos,CHOCAPIC,Emb. 0.33 KG,"2,99€","9,06€ / KG",
Gelatina Light Ananás,ROYAL,Emb. 0.031 KG,"2,09€","67,42€ / KG",
Refrigerante C/ Gás Zero Açúcar Pack 4,COCA COLA,Emb. 4 LT,"4,55€","1,14€ / LT",
Bolachas Mini Dinosauros Cereais Saquetas,ARTIACH,Emb. 0.12 KG,"1,89€","15,75€ / KG",
Creme Alpro Soja Culinária 250ml,ALPRO,,"1,59€",/ Unid.,
Pantene Grisalho Radiante & Suave Condicionador 160 ml,PANTENE PV,Emb. 0.16 LT,"4,99€","31,19€ / LT",
BEBIDA ARROZ ORIGINAL,ALPRO,Emb. 1 LT,"2,09€","2,09€ / LT",
Alimento Húmido P/ Gato Party Mix Picnic,FELIX,Emb. 0.06 KG,"1,89€","31,50€ / KG",
Café Cápsulas Pack Intensidade,DELTA Q,Emb. 40 CAPS.,"12,99€","0,32€ / CAPS.",
Ice Tea de Manga Lata 6x25cl,LIPTON,Emb. 1.5 LT,"3,38€","2,25€ / LT",
Vodka Smirnoff Red,SMIRNOFF,Garrafa 0.7 LT,"14,49€","20,70€ / LT",
Queijo Fatiado -50% Gordura,LIMIANO,Emb. 0.2 KG,"2,79€","13,95€ / KG",
Café Solúvel em Saquetas,NESCAFÉ,Emb. 6 UNID.,"3,49€","0,58€ / UNID.",
Azeite Virgem Extra Dop,ROSMANINHO,Garrafão 5 LT,"24,79€","4,96€ / LT",
Chocolate Choco Waffel Leite,MILKA,Emb. 0.18 KG,"2,69€","14,94€ / KG",
Néctar Compal Vital de Ananás e Coco,COMPAL,Emb. 1 LT,"2,16€","2,16€ / LT",
Glade Observadores Frescos de Primavera,BRISE,Emb. 0.3 KG,"2,99€","9,97€ / KG",
Johnson's Baby Gel de Banho Suave,JOHNSON'S BABY,Emb. 0.75 LT,"3,89€","5,19€ / LT",
Detergente para a Roupa 3 em 1 Active Fresh,SKIP,Emb. 1.134 KG,"12,49€","11,01€ / KG",
Champô Cabelo Ultra Suave Óleo de Abacate e Manteiga de Carité,GARNIER,Emb. 0.4 LT,"5,59€","13,98€ / LT",
Ambientador gel cherry e peony,GLADE,Emb. 0.18 LT,"2,99€","16,61€ / LT",
Tampões com Aplicador Compak Regular,TAMPAX,Emb. 22 UNID.,"3,99€","0,18€ / UNID.",
Massa Cotovelinho Clássica,NACIONAL,Emb. 0.5 KG,"1,19€","2,38€ / KG",
Snack P/ Cão Sabor Bacon e Queijo,FRISKIES,Emb. 0.175 KG,"2,99€","17,09€ / KG",
Nata UHT Carbonara,PARMALAT,Emb. 0.2 LT,"1,27€","6,35€ / LT",
Amaciador Roupa Concentrado Supreme Pleasure,VERNEL,Emb. 52 DOSES,"3,99€","0,08€ / DOSES",
Gel de Banho Peony & Rose,DOVE,Emb. 0.75 LT,"4,19€","5,59€ / LT",
Vinho Rosé Frutado,FAISÃO,Garrafa 0.75 LT,"2,39€","3,19€ / LT",
Tablete de Chocolate C/ Amendoim,NESTLÉ,Emb. 0.09 KG,"1,09€","12,11€ / KG",
Água Tónica,SCHWEPPES,Lata 0.25 LT,"0,85€","3,40€ / LT",
Café Cápsulas Qharater Intensidade 9,DELTA,Emb. 10 CAPS.,"3,39€","0,34€ / CAPS.",
Vinho de Mesa Tinto,CASAL DA EIRA,Emb. 0.25 LT,"0,69€","2,76€ / LT",
Desodorizante Roll On,DOVE,Emb. 0.05 LT,"2,39€","47,80€ / LT",
Azeite Subtil,GALLO,Emb. 0.75 LT,"3,99€","5,32€ / LT",
Preservativo Non Stop,CONTROL,Emb. 12 UNID.,"6,99€","0,58€ / UNID.",
Água com Gás Limão 4x25 cl,FRIZE,Emb. 1 LT,"2,69€","2,69€ / LT",
Johnson's Baby Spray para Cabelo Penteia,JOHNSON'S BABY,Emb. 0.2 LT,"4,39€","21,95€ / LT",
MOUSSE DE MANGA CONDI 80G,CONDI,Emb. 0.8 KG,"1,34€","1,68€ / KG",
Snack P/ Cão Pequeno,FRISKIES,Emb. 0.35 KG,"2,69€","7,69€ / KG",
DANACOL LÍQUIDO COLESTEROL NOZ,DANACOL,Emb. 6 UNID.,"2,99€","0,50€ / UNID.",
Salsichão Original,ELPOZO,0.2 KG,"2,69€","13,45€ / KG",
Douradinhos Salmão Selvagem 10 Unid. Ultracongelado,IGLO,Emb. 0.28 KG,"5,69€","20,32€ / KG",
Bolachas Soft Bakes Frutos Vermelhos,BELVITA,Emb. 0.25 KG,"2,99€","11,96€ / KG",
Pantene Aqua Light Champô,PANTENE PV,Emb. 0.25 LT,"3,99€","15,96€ / LT",
AGUARDENTE FIM DE SÉCULO Vínica Velha Cx. de Cartão 70CL,,0.07 CL,"18,99€","271,29€ / CL",
Gel de Banho Active Clean,NIVEA MEN,Emb. 0.5 LT,"6,99€","13,98€ / LT",
Néctar Clássico Pêssego,COMPAL,Emb. 1 LT,"0,99€","0,99€ / LT",
Batido de Cacau S/ Lactose,CACAOLAT,Emb. 1 LT,"1,54€","1,54€ / LT",
Ambientador Difusor Essential Mist Citrus,AIR WICK,Emb. 1 UNID.,"13,19€","13,19€ / UNID.",
WC Gel Glitter Brisa do Mar,NEO BLANC,Emb. 0.7 LT,"2,09€","2,99€ / LT",
Vinho Regional Douro Tinto,ADEGA DE VILA REAL,Garrafa 0.75 LT,"2,69€","3,59€ / LT",
Iogurte Líquido Morango 4x155g,DANONE,Emb. 0.62 KG,"1,39€","2,24€ / KG",
Cerveja C/ Álcool 24x25cl,CARLSBERG,Emb. 6 LT,"12,94€","2,16€ / LT",
Máquinas de Barbear Descartáves Sensor 3 Comfort,GILLETTE,Emb. 5,"7,99€","1,60€ /",
Recarga para Difusor Automático Delicias de Verão,AIRWICK,Emb. 0.019 LT,"3,59€","188,95€ / LT",
Difusor e Recarga Elétrica Lavanda e Camomila,AIR WICK,Emb. 0.019 LT,"5,39€","283,68€ / LT",
VILEDA SINTETICO C/ABRASIVO PLAST. 10\'S,VILEDA,,"2,39€",/ Unid.,
Sardinha em Tomate,BOM PETISCO,Emb. 0.12 KG,"0,99€","8,25€ / KG",
WC Gel Flores de Primavera,NEOBLANC,Emb. 0.7 LT,"2,09€","2,99€ / LT",
Caldo de Legumes sem Sal Pack 8,KNORR,Emb. 0.072 KG,"1,49€","20,69€ / KG",
Creme de Protecção Intensiva Camomila,ATRIX,Emb. 0.15 LT,"3,99€","26,60€ / LT",
Asia Pot Noodles de Frango,KNORR,Emb. 0.065 KG,"1,89€","29,08€ / KG",
Bolacha Maria sem Açúcar 12 Unid.,,Emb. 0.3 KG,"3,54€","11,80€ / KG",
Vinho Branco Frisante,MONTARRO,Garrafa 0.75 LT,"1,79€","2,39€ / LT",
Halls Sem Açúcar Eucalipto,HALLS,Emb. 0.032 KG,"0,89€","27,81€ / KG",
Néctar Clássico Maracujá,COMPAL,Emb. 1 LT,"1,69€","1,69€ / LT",
Detergente Roupa Proteção Cores,WOOLITE,Emb. 30 DOSES,"6,99€","0,23€ / DOSES",
Chocolate Milka e Oreo,MILKA,Emb. 0.1 KG,"1,69€","16,90€ / KG",
Vinho Regional Bairrada Tinto,MARQUES DE MARIALVA,Garrafa 0.75 LT,"4,99€","6,65€ / LT",
Amendoins no Forno,MATUTANO,Emb. 0.2 KG,"2,29€","11,45€ / KG",
Polvilho Doce Brasil,GLOBO,Emb. 0.5 KG,"1,88€","3,76€ / KG",
Pensos Diários Salva Slip Normal,EVAX,Emb. 50 UNID.,"3,49€","0,07€ / UNID.",
Vinho do Porto Offley Ruby,OFFLEY,Garrafa 0.75 LT,"4,69€","6,25€ / LT",
Conserva de Feijão Encarnado,COMPAL,Lata 0.845 KG,"1,59€","1,88€ / KG",
Alimento Húmido P/ Cão Adulto Pequeno Frango e Borrego,PURINA,Emb. 0.4 KG,"3,19€","7,98€ / KG",
GELATINA MORANGO LIGHT CONDI 2X15G,CONDI,Emb. 0.3 KG,"1,89€","6,30€ / KG",
Pensos Higiénicos Salvaslip Maxi,EVAX,Emb. 36 UNID.,"3,99€","0,11€ / UNID.",
FAIRY MAO ULTRA PODER LIMAO 600ML,,Emb. 0.6 LT,"2,04€","3,40€ / LT",
Posta Maruca,,1 Unid. = 0.15 KG (aprox.),"6,49€/kg","0,97€ / Unid.",
Polpa de Tomate 100% Português,COMPAL,Frasco 0.5 KG,"1,09€","2,18€ / KG",
Chá de Ervas Digestão Fácil,LIPTON,Emb. 20 SAQ.,"1,94€","0,10€ / SAQ.",
Bolachas Digestivas Aveia,TRIUNFO,Emb. 0.171 KG,"1,69€","9,88€ / KG",
Amaciador concentrado rubi,QUANTO,Emb. 76 DOSES,"4,89€","0,06€ / DOSES",
Barras de Cereais Trigo Integral C/ Leite 6 Unid.,GOLDEN GRAHAMS,Emb. 0.15 KG,"3,29€","21,93€ / KG",
Body Lotion Hidratante Express Minerais Marinhos,NIVEA,Emb. 0.25 LT,"5,49€","21,96€ / LT",
Desodorizante Roll- On Dry Fresh,NIVEA,Emb. 0.05 LT,"3,99€","79,80€ / LT",
Leite Meio Gordo S/ Lactose 4x200ML,MIMOSA,Emb. 0.8 LT,"1,99€","2,49€ / LT",
Creme de Mãos Reparador Repair & Care,BIOTEN,Emb. 0.1 LT,"2,13€","21,30€ / LT",
Leite UHT Meio Gordo,AGROS,Emb. 1 LT,"0,79€","0,79€ / LT",
Pantene Repara & Protege Champô,PANTENE PV,Emb. 0.25 LT,"3,99€","15,96€ / LT",
Leite com Chocolate 6x25 cl,UCAL,Emb. 1.5 LT,"5,76€","3,84€ / LT",
Conserva de Salsichas Frankfurt 6 Unid.,NOBRE,Lata 0.12 KG,"0,89€","7,42€ / KG",
Alimento P/ Cão Adulto Pequeno Carne de Vaca C/ Arroz,PURINA,Emb. 0.8 KG,"5,69€","7,11€ / KG",
Pasta de dentes,SENSODYNE,Emb. 0.075 LT,"4,99€","66,53€ / LT",
Desentupidor em Gel Forza Canos,MR MUSCLE,Emb. 0.1 LT,"4,09€","40,90€ / LT",
Fruta 100% 7 Frutos 4 Unid.,NESTLÉ,Emb. 0.4 KG,"2,19€","5,48€ / KG",
Pantene Micelar Purifica & Revitaliza Champô,,Emb. 0.25 LT,"3,99€","15,96€ / LT",
Massa Carbonara,KNORR,Emb. 0.062 KG,"1,89€","30,48€ / KG",
Coloração Preto Azulado 210 sem Amoníaco,CASTING,Emb. 1 UNID.,"9,99€","9,99€ / UNID.",
Café Cápsulas Qalidus Intensidade 10,DELTA,Emb. 10 CAPS.,"3,39€","0,34€ / CAPS.",
Limpa Máquinas Roupa,SKIP,Emb. 0.36 KG,"6,49€","18,03€ / KG",
Cerveja com Álcool 24x33cl,SUPER BOCK,Emb. 7.92 LT,"15,79€","1,99€ / LT",
Sobremesa Gelado Mini Chocolate e Caramelo 6x60ml,MAGNUM,Emb. 0.36 LT,"5,99€","16,64€ / LT",
Papel Higiénico Cuidado Completo Original 3 em 1,SCOTTEX,Emb. 16 UNID.,"4,99€","0,31€ / UNID.",
Queijo Prato Amanteigado Pequeno,PAIVA,Emb. 0.55 KG,"5,69€","10,35€ / KG",
Lava Tudo Vinagre,CIF,Emb. 1.4 LT,"1,99€","1,42€ / LT",
Escova Colgate 360º Advanced Média,COLGATE,Emb. 1 UNID.,"4,99€","4,99€ / UNID.",
Chá Preto Yellow,LIPTON,Emb. 20 SAQ.,"1,09€","0,05€ / SAQ.",
Cereais Special K Classic,KELLOGG'S,Emb. 0.375 KG,"2,37€","6,32€ / KG",
Pensos,HANSAPLAST,Emb. 10 UNID.,"2,99€","0,30€ / UNID.",
Amaciador Surf Concentrado Jasmim E Maçã Verde 90 Doses,SURF,Emb. 1.8 LT,"3,49€","1,94€ / LT",
Toalhitas Peles Sensiveis,CHICCO,Emb. 72 UNID.,"1,49€","0,02€ / UNID.",
Gelatina Light Tropical,ROYAL,Emb. 0.031 KG,"2,09€","67,42€ / KG",
Rum Spice Gold,CAPTAIN MORGAN,Garrafa 0.7 LT,"15,99€","22,84€ / LT",
"Requeijão de Vaca, Cabra e Ovelha",SALOIO,Emb. 0.17 KG,"1,79€","10,53€ / KG",
Arroz Carolino,CAÇAROLA,Emb. 1 KG,"1,05€","1,05€ / KG",
Whisky J&B 15 Anos,J&B,Emb. 0.7 LT,"28,49€","40,70€ / LT",
Brownies de Chocolate de Leite,MILKA,Emb. 0.15 KG,"2,49€","16,60€ / KG",
Bolacha Waffer Rollitos,CUÉTARA,Emb. 0.225 KG,"3,69€","16,40€ / KG",
Croissant Recheado de Ovo,,1 UNID.,"0,80€","0,80€ / UNID.",
Gelado Feast Pack 4,OLÁ,Emb. 0.36 LT,"2,99€","8,31€ / LT",
Champô Cabelo Criança Alperce e Flor de Algodão,ULTRA SUAVE,Emb. 0.25 LT,"3,59€","14,36€ / LT",
Ração P/ Gato Esterlizado C/ Salmão,ULTIMA,Emb. 0.8 KG,"7,49€","9,36€ / KG",
Snack de Chocolate Mini,KIT KAT,Emb. 12 UNID.,"2,09€","0,17€ / UNID.",
Pantene Espuma Caracóis 200ml,PANTENE PV,Emb. 0.2 LT,"3,74€","18,70€ / LT",
Sobremesa Gelado Mini Raspberry 6x60ml,MAGNUM,Emb. 0.36 LT,"5,99€","16,64€ / LT",
Sapateira Cozida,,1 Unid. = 0.63 KG (aprox.),"16,78€/kg","10,57€ / Unid.",
Pastilha Elástica Senses Tropical Mix,TRIDENT,Emb. 0.023 KG,"0,95€","41,30€ / KG",
Spray Anti-calcário Perfect,CIF,Emb. 0.435 LT,"2,49€","5,72€ / LT",
Vinho Rosé Frisante,MONTARRO,Garrafa 0.75 LT,"1,79€","2,39€ / LT",
Salteado da Horta,BONDUELLE,Emb. 0.4 KG,"2,94€","7,35€ / KG",
Iogurtes Liquido Yoco Alperce Maçã,YOCO,Emb. 0.36 LT,"1,89€","5,25€ / LT",
Bolachas Crackers Integral,DU BOIS DE LA ROCHE,Emb. 0.5 KG,"3,09€","6,18€ / KG",
Massa Cotovelos Fino,MILANEZA,Emb. 0.5 KG,"1,19€","2,38€ / KG",
Maçã Royal Gala Cal. 70/75,,1 Unid. = 0.18 KG (aprox.),"1,69€/kg","0,30€ / Unid.",
Café Delta Em Grão Torrado Chávena,DELTA,Emb. 0.25 KG,"2,29€","9,16€ / KG",
Cápsulas Café Colombia P/ Dolce Gusto Intensidade 7,DOLCE GUSTO,Emb. 12 CAPS.,"5,39€","0,45€ / CAPS.",
"Gelados Bombons de Chocolate Classic, de Amêndoas e de Branco Pack 12",MAGNUM,Emb. 0.14 LT,"4,99€","35,64€ / LT",
Gelado com Amêndoas,MAGNUM,Emb. 0.44 LT,"3,89€","8,84€ / LT",
Crackers sem Sal na Superfície,GRAN PAVESI,Emb. 0.56 KG,"3,99€","7,13€ / KG",
Desodorizante Deo Invisible,DOVE,Emb. 0.05 LT,"2,69€","53,80€ / LT",
Dove Go Fresh Gel de Banho Chá Verde,DOVE,Emb. 0.75 LT,"4,19€","5,59€ / LT",
Tomate Chucha,,1 Unid. = 0.2 KG (aprox.),"1,99€/kg","0,40€ / Unid.",
Melância Preta,,1 Unid. = 2.85 KG (aprox.),"0,79€/kg","2,25€ / Unid.",
"GEL HIGIENE ÍNTIMA FRESH, 250ML",CORINE DE FARME,Emb. 0.25 LT,"2,99€","11,96€ / LT",
Palmier,,1 Unid. = 1 UN,"0,70€","0,70€ / UN",
Alimento Seco P/ Cão Frango C/ Arroz,PURINA,Emb. 1.5 KG,"8,65€","5,77€ / KG",
Pêra Packam´s Cal. 65/75,,1 Unid. = 0.23 KG (aprox.),"1,49€/kg","0,34€ / Unid.",
Desodorizante Men Spray Active Fresh 0% Alumínio,REXONA,Emb. 0.15 LT,"2,84€","18,93€ / LT",
Cebola Roxa,,1 Unid. = 0.5 KG  (aprox.),"1,39€/kg","0,70€ / Unid.",
Lenços de Bolso Menta Sensitive 4 Folhas,RENOVA,Emb. 6 UNID.,"0,99€","0,17€ / UNID.",
Caldo Natura de Galinha Pack 4,KNORR,Emb. 0.112 KG,"1,49€","13,30€ / KG",
Néctar Clássico Pera Rocha,COMPAL,Emb. 1 LT,"0,99€","0,99€ / LT",
Bolachas Cookies Pepitas de Chocolate,CHIPS AHOY,Emb. 0.128 KG,"1,89€","14,77€ / KG",
Amaciador Condicionador,TRESEMMÉ,Emb. 0.5 LT,"4,19€","8,38€ / LT",
Massa Linguine,MILANEZA,Emb. 0.5 KG,"1,38€","2,76€ / KG",
Aerossol Lavanda,BRISE,Emb. 0.3 LT,"1,54€","5,13€ / LT",
Johnson's Baby Óleo Regular,JOHNSON'S BABY,Emb. 0.5 LT,"5,59€","11,18€ / LT",
Chá Verde Pure,LIPTON,Emb. 20 SAQS,"1,39€","0,07€ / SAQS",
Refrigerante C/ Gás Pack 6,SPRITE,,"4,14€",/ Unid.,
Whisky,JAMESON,Garrafa 0.7 LT,"20,99€","29,99€ / LT",
Pão Rio Maior,,1 Unid. = 0.45 KG,"1,99€","4,42€ / KG",
Ambientador Carro Brisa Marinha,AMBIPUR,Emb. 1 UNID.,"3,49€","3,49€ / UNID.",
Massa Pontinha Clássica,NACIONAL,Emb. 0.25 KG,"0,85€","3,40€ / KG",
Fatias Finas Peito de Frango,NOBRE,Emb. 0.11 KG,"2,14€","19,45€ / KG",
DESODORIZANTE AERO DARK TEMPTATION,AXE,Emb. 0.15 LT,"3,29€","21,93€ / LT",
Creme Fixativo para Próteses Dentárias,POLIDENT,Emb. 0.04 KG,"6,99€","174,75€ / KG",
TABLETE CHOCOLATE NEGRO FLOR SAL 100G,CEMOI,Emb. 0.1 KG,"0,99€","9,90€ / KG",
Chá Verde e Limão Light,TISANA,Garrafa 1.5 LT,"1,49€","0,99€ / LT",
Whisky The Famous Grouse,FAMOUS GROUSE,Garrafa 0.7 LT,"17,49€","24,99€ / LT",
Sortido de Bolachas,CUÉTARA,Emb. 0.21 KG,"2,29€","10,90€ / KG",
Gin London Dry,TANQUERAY,Garrafa 0.7 LT,"17,49€","24,99€ / LT",
Iogurte Grego Stracciatella,YAOS,Emb. 0.44 KG,"2,29€","5,20€ / KG",
Lixívia Frescura do Campo,NEOBLANC,Emb. 2 LT,"2,14€","1,07€ / LT",
Papa Infantil Aveia Manga e Banana,CERELAC,Emb. 0.25 KG,"2,49€","9,96€ / KG",
Café Solúvel C/ Bebida Amêndoa Vegan,NESCAFE GOLD,Emb. 0.096 KG,"3,69€","38,44€ / KG",
Johnson's Baby Champô Penteia Fácil,JOHNSON'S BABY,Emb. 0.5 LT,"5,59€","11,18€ / LT",
Ferradura de Chocolate,,1 Unid. = 0.14 KG,"0,59€","4,21€ / KG",
Alimento Seco P/ Gato C/ Frango Peru,PURINA FRISKIES,Emb. 2 KG,"7,99€","4,00€ / KG",
Queijo Ralado Mozzarella Especial Pizza,PRÉSIDENT,Emb. 0.15 KG,"2,55€","17,00€ / KG",
Nuggets de Peito de Frango,IGLO,Emb. 0.22 KG,"5,99€","27,23€ / KG",
Vinho Tinto,LAGAR DAS PIAS,Bag in Box 5 LT,"7,49€","1,50€ / LT",
Whisky Classic Black 5,LABEL 5,Garrafa 0.7 LT,"9,99€","14,27€ / LT",
Toalhitas Anti-Transferência de cor,VANISH,Emb. 1 UNID.,"4,99€","4,99€ / UNID.",
B&J Chocolate Fudge Brownie 465ml,,Emb. 0.465 LT,"6,79€","14,60€ / LT",
Creme Fixativo para Próteses Dentárias,POLIDENT,Emb. 0.07 KG,"7,39€","105,57€ / KG",
Detergente Líquido Multisuperficies Rosas e Jasmim,SONASOL,Emb. 1.3 LT,"2,09€","1,61€ / LT",
Iogurte Líquido Morango Banana,YOCO,Emb. 0.54 KG,"2,29€","4,24€ / KG",
Conserva de Salsichas Hot Dog 4 Unid.,IZIDORO,Frasco 0.25 KG,"2,19€","8,76€ / KG",
Sumo de Manga 3x200ml,UM BONGO,Emb. 0.6 LT,"1,49€","2,48€ / LT",
Espinafres Ultracongelados,BONDUELLE,Emb. 0.4 KG,"1,84€","4,60€ / KG",
Máquina Descartável Blue II 2 Lâminas,GILLETTE,Emb. 20 UNID.,"8,49€","0,42€ / UNID.",
Abacate,,1 Unid. = 0.2 KG (aprox.),"4,99€/kg","1,00€ / Unid.",
Escova de Dentes Complete Média,ORAL B,Emb. 1 UNID.,"1,64€","1,64€ / UNID.",
Lenços Faciais Plenitude Renova,LENÇOS RENOVA,Emb. 80 UNID.,"0,99€","0,01€ / UNID.",
Doce Framboesa sem Açúcar,ST. DALFOUR,Frasco 0.284 KG,"4,39€","15,46€ / KG",
Anti-Calcário 3 em 1 para a Máquina da Roupa,CALGON,Emb. 45 DOSES,"13,98€","0,31€ / DOSES",
Iogurte Líquido Frutos Variados,YOCO,Emb. 0.54 KG,"2,29€","4,24€ / KG",
Pescada Posta,,1 Unid. = 0.12 KG (aprox.),"5,98€/kg","0,72€ / Unid.",
Champô SOS,AUSSIE,Emb. 0.29 LT,"5,99€","20,66€ / LT",
Queijo Flamengo Fatias Redondas,PAIVA,,"1,99€",/ Unid.,
Refrigerante S/ Gás Laranja,AQUARIUS,Garrafa 1.5 LT,"2,00€","1,33€ / LT",
AGUA PEDRAS TANGERINA 4X25 CL,PEDRAS,,"2,39€",/ Unid.,
Néctar Clássico Tutti Frutti 3x20 cl,COMPAL,Emb. 0.6 LT,"1,49€","2,48€ / LT",
Chipicao Mini Croissant Baunilha,CHIPICAO,Emb. 0.08 KG,"1,15€","14,38€ / KG",
Snacks Party Mix Original,FELIX,Emb. 0.06 KG,"1,89€","31,50€ / KG",
Iogurte Grego Yaos Morango,YAOS,Emb. 0.44 KG,"2,29€","5,20€ / KG",
Desodorizante Roll-On Tropical 48H,REXONA,Emb. 0.05 LT,"2,69€","53,80€ / LT",
Baked Heinz Beans Com Tomate 415g,HEINZ,Emb. 0.415 KG,"1,79€","4,31€ / KG",
Gelado Clássico Pack 6,CORNETTO,Emb. 0.54 LT,"4,99€","9,24€ / LT",
Massa Bolonhesa,KNORR,Emb. 0.068 KG,"1,89€","27,79€ / KG",
Vela Fragrância de Baunilha,AIR WICK,Emb. 0.32 KG,"2,84€","8,88€ / KG",
Iogurte Natural Puro 4x120g,DANONE,Emb. 0.48 KG,"1,18€","2,46€ / KG",
Champô Purify & Hidrate,TRESEMMÉ,Emb. 0.4 LT,"4,19€","10,48€ / LT",
Molho de Alho,CALVÉ,Frasco 0.25 KG,"2,94€","11,76€ / KG",
Espumante Asti,MARTINI,Garrafa 0.75 LT,"9,59€","12,79€ / LT",
FAIRY ROSA E CETIM 650ML,,Emb. 0.65 LT,"1,94€","2,98€ / LT",
Massa Mac & Cheese,KNORR,Emb. 0.062 KG,"1,89€","30,48€ / KG",
Alimento Seco P/ Gato Adulto Rico em Salmão e Cevada Integral,BEYOND,Emb. 0.85 KG,"6,29€","7,40€ / KG",
Azeites Verdes,OLIVEIRA DA SERRA,Garrafa 0.75 LT,"4,26€","5,68€ / LT",
Farinha De Trigo Espiga T55,ESPIGA,Emb. 1 KG,"1,14€","1,14€ / KG",
Chá de Cidreira,LIPTON,Emb. 20 SAQ.,"1,20€","0,06€ / SAQ.",
Bolachas Digestivas Aveia Oats Choc,GULLÓN,Emb. 0.425 KG,"2,94€","6,92€ / KG",
Pensos Higiénicos Salvaslips em Bolsas,EVAX,Emb. 40 UNID.,"1,89€","0,05€ / UNID.",
Vinho Regional Alentejo Tinto,TERRAS D'EL REI,Garrafa 0.75 LT,"2,79€","3,72€ / LT",
Pantene Anticaspa Champô,PANTENE PV,Emb. 0.25 LT,"3,99€","15,96€ / LT",
Pantene Volume & Brilho Champô 250 ml,,Emb. 0.25 LT,"4,99€","19,96€ / LT",
Creme Hidratante com Água Floral de Rosa,GARNIER,Emb. 0.05 LT,"5,99€","119,80€ / LT",
Achocolatado em Pó,CANDEREL,Emb. 0.25 KG,"3,74€","14,96€ / KG",
Dentífrico Infantil 3+ Anos,ORAL B,Emb. 0.75 LT,"2,59€","3,45€ / LT",
Massa Meada Fina,MILANEZA,Emb. 0.5 KG,"1,04€","2,08€ / KG",
Bolachas Maria,CUÉTARA,Emb. 0.8 KG,"2,09€","2,61€ / KG",
Cachaço com Osso Porco,,1 Unid. = 0.5 KG (aprox.),"2,61€/kg","1,31€ / Unid.",
Lombo Salmão,,1 Unid. = 0.25 KG (aprox.),,,
Cápsulas Café Latte Macchiato,DOLCE GUSTO,Emb. 16 CAPS.,"5,99€","0,37€ / CAPS.",
Cachaça Brasil 51,CACHAÇA 51,Garrafa 0.7 LT,"11,49€","16,41€ / LT",
Pão Roll's Bases Redondas 6 Unid.,BIMBO,Emb. 0.24 KG,"1,99€","8,29€ / KG",
Snack de Chocolate,KIT KAT,Emb. 0.041 KG,"0,74€","18,05€ / KG",
Sangria Branca,D. SIMON,Garrafa 1.5 LT,"2,19€","1,46€ / LT",
Desodorizante Roll-On Narta 5 Acções Protection,GARNIER,Emb. 0.05 LT,"3,99€","79,80€ / LT",
Amaciador Roupa Concentrado Elixir Lírios Azuis,QUANTO,Emb. 62 DOSES,"4,49€","0,07€ / DOSES",
Detergente Roupa Máquina Líquido Sensitive,SKIP,Emb. 80 DOSES,"15,99€","0,20€ / DOSES",
Miolo de Camarão Ultracongelado,PESCANOVA,Emb. 0.2 KG,"5,99€","29,95€ / KG",
Alimento Seco P/ Gato Bacalhau,PURINA FRISKIES,Emb. 4 KG,"15,99€","4,00€ / KG",
Ketchup 473G,CALVÉ,Emb. 0.473 KG,"1,99€","4,21€ / KG",
Lixívia Perfumada,NEOBLANC,Emb. 4 LT,"3,34€","0,84€ / LT",
Ambientador Absorve Odores Relax Zen 2x150gr,BRISE,Emb.  0.3 KG,"2,99€","9,97€ / KG",
Líquido Sanitário Gel Lixívia,,Emb. 0.75 LT,"2,24€","2,99€ / LT",
Cracker com Sal,PAVESI,Emb. 0.56 KG,"3,99€","7,13€ / KG",
Iogurte Líquido de Manga e Papaia 4 Unid.,ACTIVIA,Emb. 0.62 KG,"1,99€","3,21€ / KG",
Mil Folhas,,1 Unid. = 0.1 KG,"0,89€","8,90€ / KG",
Couve Branca,,1 Unid. = 1.28 KG (aprox.),"1,29€/kg","1,65€ / Unid.",
Cápsulas Café Grande P/ Dolce Gusto Intensidade 8,STARBUCKS,Emb. 12 CAPS.,"5,39€","0,45€ / CAPS.",
AGUARDENTE CURVADA  Vínica Velha Cx. Cartão 70CL,,0.07 CL,"23,29€","332,71€ / CL",
Refrigerante C/ Gás Ananás S/ Adição Açúcares,FANTA,Garrafa 1.5 LT,"1,00€","0,67€ / LT",
Sopa Creme de Lagosta,KNORR,Emb. 0.061 KG,"1,49€","24,43€ / KG",
Vinagre Vinho Tinto,GALLO,Garrafa 0.25 LT,"1,09€","4,36€ / LT",
Recarga para Difusor Automático Lavanda e Jasmim,BRISE,Emb. 1 UNID.,"3,59€","3,59€ / UNID.",
Spray Anti-Odor,SPLENDOR,Emb. 0.15 LT,"2,84€","18,93€ / LT",
Champô Anti-Caspa Controlo de Oleosidade de Citrinos,LINIC,Emb. 0.36 LT,"4,94€","13,72€ / LT",
Espumante de Melão,BAR ROYAL,Garrafa 0.75 LT,"3,29€","4,39€ / LT",
Creme Barbear Sensitive,PALMOLIVE,Emb. 0.1 LT,"2,29€","22,90€ / LT",
Cotonetes p/ Bebé,JOHNSON'S BABY,Emb. 200 UNID.,"2,99€","0,02€ / UNID.",
Preservativo Nature,CONTROL,Emb. 6 UNID.,"3,14€","0,52€ / UNID.",
WC Explosão Cítrica,NEO BLANC,Emb. 2 UNID.,"4,49€","2,25€ / UNID.",
Nabiça,,1 Unid. = 0.79 KG (aprox.),"1,69€/kg","1,34€ / Unid.",
Queijo Mistura Vaca e Ovelha Pequeno,PAIVA,Emb. 0.5 KG (aprox.),"5,99€","11,98€ / KG",
Máscara Hidrata Leite de Coco,HERBAL ESSENCES,Emb. 0.25 LT,"3,99€","15,96€ / LT",
Escova de Dentes 3-5 anos,ORAL B,Emb. 1 UNID.,"2,24€","2,24€ / UNID.",
Coloração 1-0 PRETO 16X3,SYOSS,,"4,99€",/ Unid.,
Maionese Formato XXL,CALVÉ,Emb. 0.753 KG,"5,49€","7,29€ / KG",
Banana da Madeira,,1 Unid. = 0.18 KG (aprox.),"2,69€/kg","0,48€ / Unid.",
Bolachas Digestivas Aveia,VIEIRA,Emb. 0.258 KG,"2,29€","8,88€ / KG",
Ice Tea Pêssego Zero Açúcar,LIPTON,Emb. 1 LT,"1,16€","1,16€ / LT",
Condicionador Cabelo Cor Revitalizante,TRESEMMÉ,Emb. 0.9 LT,"6,59€","7,32€ / LT",
Queijo Camembert,PRÉSIDENT,Emb. 0.25 KG,"3,78€","15,12€ / KG",
Fiambre Peito de Frango,CAMPOFRIO,1 Unid. = 0.1 KG (aprox.),"9,98€/kg","1,00€ / Unid.",
Toalhitas para Bebé Natural Care,HUGGIES,Emb. 56 UNID.,"1,29€","0,02€ / UNID.",
Iogurte Líquido Morango Banana 4 Unid.,YOGGI,Emb. 0.64 KG,"2,09€","3,27€ / KG",
Aguardente Bagaceira,SÃO DOMINGOS,Garrafa 1 LT,"15,69€","15,69€ / LT",
Néctar de Pêra Pack 3,SANTAL,Emb. 0.6 LT,"1,31€","2,18€ / LT",
Óleo de Palma,GUINEA'S,Emb. 0.4 LT,"3,44€","8,60€ / LT",
Batatas Fritas Receita Camponesa,LAY'S,Emb. 0.25 KG,"2,49€","9,96€ / KG",
Café Solúvel Clássico Creme,NESCAFÉ,Frasco 0.1 KG,"3,99€","39,90€ / KG",
Dove Silk Glow Gel de Banho,DOVE,Emb. 0.75 LT,"4,19€","5,59€ / LT",
Leite 0% Lactose,UCAL,Emb. 1 LT,"1,67€","1,67€ / LT",
Vinho Regional Douro Branco,PORCA DE MURÇA,Garrafa 0.75 LT,"4,79€","6,39€ / LT",
XAU LIMP MAQ DUOPACK,XAU,Emb. 2 DOSES,"6,99€","3,50€ / DOSES",
COLORAÇÃO PERMANENTE CASTANHO VIOLINO 4.6,BELLADY,Emb. 1 UNID.,"9,99€","9,99€ / UNID.",
Pacotinho de Frutas Banana Maçã S/ Glúten +4 meses,NESTLÉ BEBÉ,Emb. 0.09 KG,"1,05€","11,67€ / KG",
Iogurte Líquido Limonada 4 Unid.,YOGGI,Emb. 0.64 KG,"2,09€","3,27€ / KG",
Queijo Fatiado -50% Gordura 2X200 g,LIMIANO,Emb. 0.4 KG,"4,59€","11,48€ / KG",
Azeite Virgem Extra Bio Frutado,GALLO,Emb. 0.75 LT,"4,99€","6,65€ / LT",
Antibacteriano Verde,CIF,Emb. 0.75 LT,"2,49€","3,32€ / LT",
Cereais Chocomax,NACIONAL,Emb. 0.3 KG,"1,69€","5,63€ / KG",
Preparado Sopa de Cebola,KNORR,Emb. 0.05 KG,"1,49€/kg","0,07€ / Unid.",
Água sem Gás,FASTIO,Garrafa 6 LT,"1,89€","0,32€ / LT",
Papel Higiénico 4 Folhas Creme,RENOVA,Emb. 12 ROLOS,"5,99€","0,50€ / ROLOS",
Néctar Clássico Manga,COMPAL,Emb. 1 LT,"1,69€","1,69€ / LT",
Cápsulas Café Ristretto Ardenza,DOLCE GUSTO,Emb. 16 CAPS.,"5,99€","0,37€ / CAPS.",
Água com Gás Limão,PEDRAS,Garrafa 1 LT,"1,49€","1,49€ / LT",
Sumo de Manga,UM BONGO,Emb. 1 LT,"1,49€","1,49€ / LT",
Ração para Gato Esterilizado Controlo de Peso de Frango,PURINA,Emb. 1.5 KG,"11,99€","7,99€ / KG",
Ambientador Vela Anti-Tabaco,,Emb. 2 UNID.,"5,69€","2,85€ / UNID.",
Vinho Tinto do Tejo Reserva,CABEÇA DE TOIRO,Emb. 0.75 LT,"7,49€","9,99€ / LT",
Ambientador recarga lavanda,GLADE,Emb. 0.02 LT,"3,59€","179,50€ / LT",
Caldo de Legumes,KNORR,Emb. 0.088 KG,"1,39€","15,80€ / KG",
Ketchup Heinz Top Down 220 Ml,HEINZ,Emb. 0.22 LT,"2,29€","10,41€ / LT",
"AGUA NAT PET,CARVALHELHO,4x1.5L",CARVALHELHOS,,"2,38€",/ Unid.,
Refrigerante sem Gás Maçã,JOI,Garrafa 1.5 LT,"1,04€","0,69€ / LT",
Cápsulas Café Sical Pack x3,DOLCE GUSTO,Emb. 48 CAPS.,"14,89€","0,31€ / CAPS.",
Cerveja com Álcool,SUPER BOCK,Garrafa 1 LT,"1,99€","1,99€ / LT",
Infusão de Frutos Vermelhos,LIPTON,Emb. 0.032 KG,"0,90€","28,13€ / KG",
Refrigerante C/ Gás Laranja S/ Adição Açúcar,FANTA,Garrafa 1.5 LT,"1,00€","0,67€ / LT",
Vinho Verde Branco,CASAL GARCIA,Garrafa 0.75 LT,"3,19€","4,25€ / LT",
Queijo Ralado 4 Queijos,PRÉSIDENT,Emb. 0.15 KG,"2,55€","17,00€ / KG",
Manteiga com Sal,TERRA NOSTRA,Emb. 0.25 KG,"2,35€","9,40€ / KG",
Snack Húmido P/ Gato Party Mix Ocean,FELIX,Emb. 0.06 KG,"1,89€","31,50€ / KG",
Vinho do Porto Fundador Tawny,COMPANHIA VELHA,Emb. 0.75 LT,"6,39€","8,52€ / LT",
Refrigerante com Gás Ananás,SUMOL,Garrafa 1.25 LT,"1,39€","1,11€ / LT",
Creme de Banho Care & Roses,NIVEA,Emb. 0.75 LT,"6,99€","9,32€ / LT",
Chourição,NOBRE,1 Unid. = 0.15 KG (aprox.),"6,19€/kg","0,93€ / Unid.",
Peito de Frango,,1 Unid. = 0.35 KG (aprox.),"5,49€/kg","1,92€ / Unid.",
Filetes Primavera Alecrim & Sal Marinho,IGLO,Emb. 0.225 KG,"3,99€","17,73€ / KG",
Iogurte Bifidus Líquido Frutos Silvestres 0% 4 Unid.,DANONE,Emb. 0.62 KG,"1,99€","3,21€ / KG",
Cera Cabelo,AXE,Emb. 0.13 LT,"4,34€","33,38€ / LT",
Gomas Sabor a Frutos,HARIBO,Emb. 0.1 KG,"1,09€","10,90€ / KG",
Sabonetes Solidos Leite e Mel 4 Unid.,PALMOLIVE,Emb. 0.09 KG,"3,45€","38,33€ / KG",
Peixe Espada Branco Inteiro,,1 Unid. = 1 KG (aprox.),"11,99€/kg","11,99€ / Unid.",
Carte D'Or Gelado Limão,CARTE D'OR,Emb. 0.9 LT,"3,29€","3,66€ / LT",
Café Torrado África Ásia e Brasil Moagem Grão,SICAL,Emb. 0.25 KG,"2,39€","9,56€ / KG",
Champô Cabelos Normais Fructis Anti Caspa 2 em 1,GARNIER,Emb. 0.25 LT,"3,99€","15,96€ / LT",
Champô Cabelos Secos,ULTRA SUAVE,Emb. 0.25 LT,"3,59€","14,36€ / LT",
Creme Depilatório Duche Peles Normais,VEET,Emb. 0.15 LT,"6,64€","44,27€ / LT",
Alimento Seco P/ Cão Adulto Frango C/ Arroz,PURINA,Emb. 14 KG,"49,99€","3,57€ / KG",
Desodorizante Invisible Spray,REXONA,Emb. 0.15 LT,"2,54€","16,93€ / LT",
Leite UHT Meio Gordo,MATINAL,Emb. 1 LT,"1,09€","1,09€ / LT",
Dourada Cal. 400/600,,1 Unid. = 0.42 KG (aprox.),"6,98€/kg","2,93€ / Unid.",
Alimento Húmido P/ Gato Gold Carne de Vaca,GOURMET GOLD,Emb. 0.085 KG,"0,75€","8,82€ / KG",
Vodka Black,ERISTOFF,Garrafa 0.7 LT,"12,99€","18,56€ / LT",
Líquido Sanitário Lixívia Perfumada,NEOBLANC,Emb. 0.7 LT,"2,09€","2,99€ / LT",
Whisky J&B Rare,J&B,Garrafa 0.7 LT,"16,99€","24,27€ / LT",
AUSONIA AIRDRY NORMAL ABAS 38,AUSONIA,Emb. 38 UNID.,"4,24€","0,11€ / UNID.",
Bloco Sanitário Pinho,SONASOL WC,Emb. 2 UNID.,"2,99€","1,50€ / UNID.",
Pacotinho de Frutas Maçã Banana e Aveia +6 meses,NESTLÉ BEBÉ,Emb. 0.09 KG,"1,05€","11,67€ / KG",
Alimento Húmido P/ Gato C/ Carne de Vaca e Legumes,FRISKIES,Emb. 0.4 KG,"1,69€","4,23€ / KG",
Miolo de Camarão Gigante Ultracongelado,PESCANOVA,Emb. 0.25 KG,"6,99€","27,96€ / KG",
Tomate Cal. 67/82,,1 Unid. = 0.2 KG (aprox.),"1,99€/kg","0,40€ / Unid.",
Pensos Higiénicos Salvaslip Maxi,EVAX,Emb. 72 UNID.,"4,99€","0,07€ / UNID.",
Chá Menta,TETLEY,Emb. 10 SAQ.,"0,86€","0,09€ / SAQ.",
Champô Cabelo Cool Fresh Mentol,NIVEA MEN,Emb. 0.25 LT,"4,39€","17,56€ / LT",
Rolo de Cozinha 2 Folhas Multi,RENOVA,Emb. 4 ROLOS,"2,19€","0,55€ / ROLOS",
Preparado em Pó P/ Gelatina de Ananás,ROYAL,Emb. 0.114 KG,"1,99€","17,46€ / KG",
Iogurte Sólido Suissinhos Duo Morango e Baunilha 4 Unid.,NESTLÉ,Emb. 0.36 KG,"2,29€","6,36€ / KG",
Tablete Chocolate de Leite Familiar com Avelãs,DAIRY MILK,Emb. 0.12 KG,"2,59€","21,58€ / KG",
Champô Liso Asiático para Cabelo Frisado e Rebelde,GLISS,Emb. 0.25 LT,"2,24€","8,96€ / LT",
Vinho Regional Alentejo Tinto,LOIOS,Garrafa 0.75 LT,"3,99€","5,32€ / LT",
Vinho Tinto de Mesa Elopack,CASAL DA EIRA,Emb. 1 LT,"1,69€","1,69€ / LT",
Amaciador Cabelos Color Vive,ELVIVE,Emb. 0.2 LT,"3,99€","19,95€ / LT",
Caldo de Galinha,KNORR,Emb. 0.16 KG,"2,39€","14,94€ / KG",
Ambientador Vela Frutos Vermelhos da Montanha,AIRWICK,Emb. 0.32 KG,"2,84€","8,88€ / KG",
Iogurte Sólido Proteíco Stracciatella Lindahls,NESTLÉ,Emb. 0.15 KG,"1,09€","7,27€ / KG",
Aipo com Rama,,1 Unid. = 0.5 KG (aprox.),"1,99€/kg","1,00€ / Unid.",
Mini Cookies com Pepitas de Chocolate 0% Açúcar,ARTIACH,Emb. 0.12 KG,"2,09€","17,42€ / KG",
Pantene Liso & Sedoso Laca 300ml,PANTENE PV,Spray 0.3 LT,"3,74€","12,47€ / LT",
Feijoada Transmontana,NOBRE,Lata 0.42 KG,"1,76€","4,19€ / KG",
Chourição Gran Doblon,CAMPOFRIO,1 Unid. = 0.1 KG (aprox.),"18,79€/kg","1,88€ / Unid.",
Iogurte Líquido Natural 0% 6 Unid.,ACTIMEL,Emb. 0.6 KG,"2,59€","4,32€ / KG",
Johnson's Baby Champô Gotas de Brilho,JOHNSON'S BABY,Emb. 0.5,"5,59€","11,18€ /",
Shampoo Banho Rich Moisture Baby,BABY DOVE,Emb. 0.2 LT,"1,79€","8,95€ / LT",
Ambientador Automático Glade Sense & Spray Difusor e Recambio Lavanda & Jazmín,BRISE,Emb. 0.018 LT,"5,39€","299,44€ / LT",
"AGUA VIMEIRO LISA PET 4X1,5L",VIMEIRO,,"2,09€",/ Unid.,
Sardinha Tomate Picante,BOM PETISCO,Emb. 0.12 KG,"0,99€","8,25€ / KG",
Manteiga de Amendoim Cremosa,CALVÉ,Emb. 1 KG,"8,99€","8,99€ / KG",
Massa Cotovelos Clássica,NACIONAL,Emb. 0.5 KG,"1,19€","2,38€ / KG",
Maçã Pink Lady Cal. 70/75,,1 Unid. = 0.19 KG (aprox.),"2,99€/kg","0,57€ / Unid.",
Máscara Capilar Reparadora Color Keratina,TRESEMMÉ,Emb. 0.2 LT,"5,39€","26,95€ / LT",
Cerveja sem Álcool 6x33cl,SUPER BOCK,Emb. 1.98 LT,"4,49€","2,27€ / LT",
Leite Fresco Meio Gordo,VIGOR,Emb. 1 LT,"1,01€","1,01€ / LT",
Café Original Moído,BUONDI,Emb. 0.22 KG,"3,69€","16,77€ / KG",
Papa Infantil Não Láctea Multicereais,CERELAC,Emb. 0.25 KG,"1,79€","7,16€ / KG",
Pantene Volume & Brilho Máscara 160 ml,PANTENE PV,Emb. 0.16 LT,"5,99€","37,44€ / LT",
Alimento P/ Cão Adulto Pequeno P/ Controlo do Peso,PURINA,Emb. 0.8 KG,"5,69€","7,11€ / KG",
Chipicao Original,CHIPICAO,Emb. 0.057 KG,"0,95€","16,67€ / KG",
Atum em Óleo Vegetal,BOM PETISCO,Emb. 0.12 KG,"1,26€","10,50€ / KG",
Máquinas de Barbear Descartáveis Blue II Plus,GILLETTE,Emb. 6 UNID.,"3,69€","0,62€ / UNID.",
Pensos Higiénicos Maxi/Super Sem Alas Fina e Segura,EVAX,Emb. 13 UNID.,"1,99€","0,15€ / UNID.",
Perna de Pau Original 6 Unid.,OLÁ,Emb. 0.3 KG,"2,49€","8,30€ / KG",
Queijo Regional Vaca Cabra Ovelha Curado,SALOIO,Emb. 0.19 KG,"3,79€","19,95€ / KG",
AIRWICK AMBIENTADOR RECARGA WHITE BOUQUET,AIRWICK,Emb. 0.02 LT,"4,79€","239,50€ / LT",
PREPARADO PARA PANQUECAS CONDI 400G,CONDI,Emb. 0.4 KG,"1,99€","4,98€ / KG",
Iogurte Bifidus Líquido Morango e Kiwi 0% 4 Unid.,DANONE,Emb. 0.62 KG,"1,99€","3,21€ / KG",
Detergente Loiça Manual Concentrado Limão Verde,CIF,Emb. 0.6 LT,"1,49€","2,48€ / LT",
GUARDANAPOS AZUL FOLHA SIMPLES RENOVA,GUARDANAPOS RENOVA,Emb. 70 UNID.,"0,79€","0,01€ / UNID.",
Pantene Caracóis Definidos Espuma 200ml,PANTENE PV,Emb. 0.2 LT,"3,74€","18,70€ / LT",
Nuggets Peito de Frango e Queijo Ultracongelado,CAPITÃO IGLO,Emb. 0.208 KG,"4,99€","23,99€ / KG",
Bebida de Amêndoa,SHOYCE,Emb. 1 LT,"2,19€","2,19€ / LT",
Loção Essencial Healing,VASELINE,Emb. 0.2 LT,"2,14€","10,70€ / LT",
Fraldas Activity T4 Extra 9-15 Kg,DODOT,Emb. 52 UNID.,"13,29€","0,26€ / UNID.",
Iogurte Sólido Proteico Chocolate Branco Lindahls,NESTLÉ,Emb. 0.15 KG,"1,09€","7,27€ / KG",
Durex Play Lubrificante de Morango,DUREX,Emb. 0.05 LT,"7,49€","149,80€ / LT",
"Desodorizante ""Invisible Aqua"" Roll-on",REXONA,Emb. 0.05 LT,"2,39€","47,80€ / LT",
Yofu Morango 4x125g,ALPRO,Emb. 0.5 KG,"2,89€","5,78€ / KG",
Refeição Legumes Com Vitela,BLÉDINA,Frasco 0.2 KG,"1,57€","7,85€ / KG",
Néctar Vital Equilíbrio Laranja Maracujá,COMPAL,Emb. 1 L,"1,69€","1,69€ / L",
Fraldas Incontinência Super M,LINDOR,Emb. 52 UNID.,"28,74€","0,55€ / UNID.",
Pantene Perfect Volume Laca 300ml,PANTENE PV,Spray 0.3 LT,"3,74€","12,47€ / LT",
Atum em Posta Azeite,BOM PETISCO,Emb. 0.385 KG,"4,24€","11,01€ / KG",
Sardinhas S/Pele e S/Espinhas em Azeite Virgem Extra,BOM PETISCO,Emb. 0.12 KG,"1,99€","16,58€ / KG",
Pensos Incontinência Anatómicos Plus,LINDOR,Emb. 20 UNID.,"8,84€","0,44€ / UNID.",
Chocolate Preto 70% Cacau Extra Noir,JUBILEU,Emb. 0.1 KG,"2,64€","26,40€ / KG",
Néctar Clássico 100% Laranja,COMPAL,Emb. 1 LT,"1,69€","1,69€ / LT",
Café Moagem Universal Angola,DELTA,Emb. 0.22 KG,"3,69€","16,77€ / KG",
Yofu Natural c/ Amêndoa 500g,,Emb. 0.5 KG,"2,39€","4,78€ / KG",
Creme de Dia Nutritivo Pele Seca Sensível,NIVEA,Emb. 0.05 LT,"5,99€","119,80€ / LT",
Café Mistura Peninsular Moída,DELTA,Emb. 0.25 KG,"1,64€","6,56€ / KG",
Néctar Essencial Pêssego 3x110ml,COMPAL,Emb. 0.33 LT,"1,79€","5,42€ / LT",
Papa Infantil P/ Preparar C/ Leite,CERELAC,Emb. 0.25 KG,"1,49€","5,96€ / KG",
Pão Embalado Burguer 4 Unid.,PANRICO,Emb. 0.3 KG,"1,54€","5,13€ / KG",
Johnson's Gel de Banho Cotton Touch,JOHNSON'S BABY,Emb. 0.5,"3,89€","7,78€ /",
Ambientador com Recarga White Bouquet,AIRWICK,Emb. 0.25 LT,"7,19€","28,76€ / LT",
Cerveja com Álcool 24x20cl,SUPER BOCK,Emb. 4.8 LT,"9,99€","2,08€ / LT",
Melão Branco,,1 Unid. = 3.076 KG (aprox.),"0,79€/kg","2,43€ / Unid.",
Arroz Agulha,BOM SUCESSO,Emb. 1 KG,"1,14€","1,14€ / KG",
Fruta 100% Maçã e Banana 4 Unid.,NESTLÉ,Emb. 0.4 KG,"2,19€","5,48€ / KG",
Bolachas com Pepitas Chocolate Energy 5 Saquetas,CHIQUILÍN,Emb. 0.2 KG,"2,69€","13,45€ / KG",
Hamburgers Peito de Frango Ultracongelado,IGLO,Emb. 0.48 KG,"10,99€","22,90€ / KG",
Recarga para Difusor Elétrico 3 Volution Ar Fresco,AMBIPUR,Emb. 1 UNID.,"6,99€","6,99€ / UNID.",
Óleo Reconstrutor,AUSSIE,Emb. 0.1 LT,"7,49€","74,90€ / LT",
Bacalhau Especial Noruega Asa Preta,,1 Unid. = 4 KG (aprox.),"12,99€/kg","51,96€ / Unid.",
Bebida Energética Energy Drink 4x25cl,RED BULL,Emb. 1 LT,"5,39€","5,39€ / LT",
Champô para Cabelo Pintado,TRESEMMÉ,Emb. 0.4 LT,"4,19€","10,48€ / LT",
Lava Tudo Brilhante Universal,SONASOL,Emb. 1.1 LT,"2,79€","2,54€ / LT",
Bebida de Aveia,ALPRO SOYA,Emb. 1 LT,"2,39€","2,39€ / LT",
Creme Hidratante Dia Age Perfect,DERMO EXPERTISE,Emb. 0.05 LT,"15,99€","319,80€ / LT",
"CERVEJA HEINEKEN,PACK,24X25CL",HEINEKEN,Emb. 24 UNID.,"12,99€","0,54€ / UNID.",
Vinho Regional Douro Tinto,PORCA DE MURÇA,Garrafa 0.75 LT,"4,79€","6,39€ / LT",
Ambientador recarga cool mist zen lavanda,GLADE,Emb. 0.017 LT,"4,79€","281,76€ / LT",
Conserva de Feijão Encarnado Da Horta,COMPAL,Lata 0.42 KG,"0,99€","2,36€ / KG",
Cacetinho,,1 Unid. = 0.055 KG,"0,90€","16,36€ / KG",
Aquafresh Branco Intenso 2x75ml,AQUAFRESH,,"3,49€",/ Unid.,
Barras Cereais Crunchy Caramel 6 Unid.,,Emb. 0.141 KG,"2,33€","16,52€ / KG",
Hamburguer Big Burger Iglo Vaca C/ Queijo S/Gluten 200 G,,Emb. 0.2,"3,99€","19,95€ /",
Chá de Menta e Eucalipto,LIPTON,Emb. 20 SAQS,"1,94€","0,10€ / SAQS",
Vinho Regional Dão Tinto,GRÃO VASCO,Garrafa 0.75 LT,"3,99€","5,32€ / LT",
Gengibre,,1 Unid. = 0.3 KG (aprox.),"4,67€/kg","1,40€ / Unid.",
Chipicao Mini Croissant Pack Creme de Cacau,CHIPICAO,Emb. 0.199 KG,"2,09€","10,50€ / KG",
Leite C/ Chocolate UHT 4 Unid.,MIMOSA,Emb. 0.8 LT,"1,69€","2,11€ / LT",
Massa Couscous Grão Médio,MILANEZA,Emb. 1 KG,"2,89€","2,89€ / KG",
AUSONIA AIRDRY NOITE ABAS 24,AUSONIA,Emb. 24 UNID.,"4,24€","0,18€ / UNID.",
Aletria,NACIONAL,Emb. 0.5 KG,"1,59€","3,18€ / KG",
Cheetos Rolitos,CHEETOS,Emb. 0.1 KG,"1,65€","16,50€ / KG",
Tablete Chocolate 70% Cacau Culinária,PANTAGRUEL,Emb. 0.2 KG,"2,84€","14,20€ / KG",
Dourada Cal. 400/500,,1 Unid. = 0.45 KG (aprox.),"6,98€/kg","3,14€ / Unid.",
Massa Laços,MILANEZA,Emb. 0.5 KG,"1,86€","3,72€ / KG",
Vinho Branco Adamado,FAISÃO,Garrafa 1 LT,"1,89€","1,89€ / LT",
Ração para cão c/ Vaca,ULTIMA,Emb. 7.5 KG,"32,90€","4,39€ / KG",
Conserva de Feijão Frade,COMPAL,Lata 0.845 KG,"1,59€","1,88€ / KG",
Douradinhos Espinafres 10 Unid.,CAPITÃO IGLO,Emb. 0.284 KG,"3,19€","11,23€ / KG",
Limpeza Cif Cozinha Eco Recarga Spray,CIF,Emb. 0.07 LT,"1,89€","27,00€ / LT",
Toucinho Fumado,DAMATTA,Emb. 0.2 KG,"13,99€/kg","2,80€ / Unid.",
Uva Branca,,1 Unid. = 0.25 KG (aprox.),"2,29€/kg","0,57€ / Unid.",
Vinho Regional Bairrada Branco,MARQUES DE MARIALVA,Garrafa 0.75 LT,"4,99€","6,65€ / LT",
Pantene Caracóis Perfeitos Champô,PANTENE PV,Emb. 0.25 LT,"3,99€","15,96€ / LT",
Bolachas Ricanela +100g,CUÉTARA,Emb. 0.4 KG,"1,99€","4,98€ / KG",
Iogurte Natural de Soja Côco,ALPRO SOYA,Emb. 0.5 KG,"2,89€","5,78€ / KG",
Pão De Forma Rústico 0% Açúcar,PANRICO,Emb. 0.375 KG,"2,09€","5,57€ / KG",
Desodorizante Spray Pêssego E Limão 0%Alumínio,DOVE,Emb. 0.15 LT,"2,84€","18,93€ / LT",
Champô Anti-Caspa Linic Sem Controlo Oleosidade,LINIC,Emb. 0.225 LT,"3,34€","14,84€ / LT",
Conserva de Feijão Manteiga Cozido com pouco Sal,FERBAR,Lata 0.42 KG,"0,95€","2,26€ / KG",
Vinho Regional Tejo Meio Seco Rosé,LEZÍRIA,Garrafa 0.75 LT,"1,59€","2,12€ / LT",
Pensos Higiénicos Normal Sem Alas Fina e Segura,EVAX,Emb. 24 UNID.,"2,79€","0,12€ / UNID.",
Azeite Virgem Extra Seleção Ouro,OLIVEIRA DA SERRA,Garrafa 0.75 LT,"4,89€","6,52€ / LT",
Pastilha Elástica Senses Rainforest Mint,TRIDENT,Emb. 0.023 KG,"0,95€","41,30€ / KG",
Pantene Fixação Ultra Forte Laca 300ml,PANTENE PV,Emb. 0.3 LT,"3,74€","12,47€ / LT",
Vinagre Vinho Branco,GALLO,Garrafa 0.25 LT,"1,09€","4,36€ / LT",
Escova de Dentes 3D White,ORAL B,Emb. 1 UNID.,"2,19€","2,19€ / UNID.",
Manteiga Fácil de Barrar,MIMOSA,Emb. 0.25 KG,"2,34€","9,36€ / KG",
Destop Manutenção de Canalizações Perfumado,DESTOP,Emb. 0.75,"5,99€","7,99€ /",
Iogurte Bifidus Cremoso Frutos Silvestres 0% 4 Unid.,DANONE,Emb. 0.48 KG,"1,99€","4,15€ / KG",
BARRINHAS KINDER CHOCOLATE T24 300G,KINDER,Emb. 0.3 KG,"4,19€","13,97€ / KG",
Creme de Mãos Derma Spa Intensive,DOVE,Emb. 0.075 LT,"5,99€","79,87€ / LT",
Cerveja com Álcool Mini Saca Fácil 10x20cl,SUPER BOCK,Emb. 2 LT,"4,99€","2,50€ / LT",
Creme Limpeza Micro Cristais Limão,CIF,Emb. 0.7 LT,"2,49€","3,56€ / LT",
Delícias com Forma de Lagosta Ultracongelado,PESCANOVA,Emb. 0.255 KG,"2,99€","11,73€ / KG",
Água sem Gás,SERRA DA ESTRELA,Garrafão 6 LT,"1,79€","0,30€ / LT",
Alimento Seco P/  Gato Júnior Frango e Leite,PURINA FRISKIES,Emb. 1.5 KG,"6,99€","4,66€ / KG",
Bife da Vazia Novilho,,1 Unid. = 0.55 KG (aprox.),"11,04€/kg","6,07€ / Unid.",
Champô para Cabelos Normais a Oleosos,TRESEMMÉ,Emb. 0.5 LT,"4,19€","8,38€ / LT",
Café Cápsulas Qonvictus Intensidade 5,DELTA,Emb. 10 CAPS.,"2,99€","0,30€ / CAPS.",
Ketchup 100% Natural,HELLMANN'S,Emb. 0.486 KG,"3,69€","7,59€ / KG",
BOLACHAS MEGA DUO GULLON 500G,GULLÓN,Emb. 0.5 KG,"2,99€","5,98€ / KG",
Snack P/ Cão Médio 12-25kg,PURINA,Emb. 0.115 KG,"2,39€","20,78€ / KG",
Bebida de Soja Choco 3x200ML,SHOYCE,Emb. 0.6 LT,"1,79€","2,98€ / LT",
Pensos Higiénicos Diários Maxi Aloe,CAREFREE,Emb. 48 UNID.,"4,79€","0,10€ / UNID.",
Alimento P/ Gato de Salmão C/ Mandioca S/ Glúten,BEYOND,Emb. 1.2 KG,"11,99€","9,99€ / KG",
SUN Tabs Classic Limão,,Emb. 32 DOSES,"3,49€","0,11€ / DOSES",
Esparguete Fino Clássica,NACIONAL,Emb. 0.5 KG,"1,38€","2,76€ / KG",
Vinho do Porto Tawny,PORTO CRUZ,Garrafa 0.75 LT,"4,99€","6,65€ / LT",
Tortellini de Queijo,KNORR,Emb. 0.25 kg,"3,69€","14,76€ / kg",
Sumo Florida sem Conservantes,SUNNY DELIGHT,Garrafa 1.25 LT,"1,64€","1,31€ / LT",
Mini Gelados de Chocolate Branco e de Chocolate Branco com Amêndoas Pack 6,MAGNUM,Emb. 0.33 LT,"4,99€","15,12€ / LT",
Resguardo 60x90 cm,LINDOR,Emb. 15 UNID.,"8,99€","0,60€ / UNID.",
Amêijoa Branca Congelada,,1 Unid. = 0.38 KG (aprox.),"2,98€/kg","1,13€ / Unid.",
Cereais Granola de Aveia Chocolate,FITNESS,Emb. 0.3 KG,"2,79€","9,30€ / KG",
Bretzel,,1 Unid. = 0.09 KG,"0,75€","8,33€ / KG",
Queijo Fundido Light 8 Porções,A VACA QUE RI,Emb. 0.14 KG,"2,09€","14,93€ / KG",
Atum em Tomate Biológico,BOM PETISCO,Emb. 0.12 KG,"1,67€","13,92€ / KG",
Cerveja com Álcool Stout Mini Preta Saca Fácil 6x20cl,SUPER BOCK,Emb. 1.2 LT,"2,99€","2,49€ / LT",
Pizza Casa Di Mama Fiambre e Cogumelos,DR. OETKER,Emb. 0.405 KG,"5,49€","13,56€ / KG",
"AZEITONA MISTA RETALH,FRAS,210G",,,"1,33€",/ Unid.,
Refrigerante C/ Gás S/ Cafeína Pack 6,COCA COLA,Emb. 1.98 LT,"4,30€","2,17€ / LT",
Champô Color-Vive Cabelos Pintados,ELVIVE,Emb. 0.4 LT,"5,99€","14,98€ / LT",
Cerveja C/ Álcool,CARLSBERG,Lata 0.033 LT,"0,74€","22,42€ / LT",
Vinho Regional Alentejo Tinto,TRINCA BOLOTAS,Garrafa 0.75 LT,"6,99€","9,32€ / LT",
Pêra Conference Cal. 60+,,1 Unid. = 0.21 KG (aprox.),"1,99€/kg","0,42€ / Unid.",
Cápsulas Café Espresso Intensidade 5,DOLCE GUSTO,Emb. 16 CAPS.,"5,99€","0,37€ / CAPS.",
Arroz Vaporizado,COZINHA VELHA,Emb. 1 KG,"1,49€","1,49€ / KG",
Champô Cabelo Revitalizante Pelo Frágil,ELVIVE,Emb. 1.2 LT,"5,99€","4,99€ / LT",
Bolachas de Diet-Fibra sem Açúcar,GULLÓN,Emb. 0.25 KG,"2,34€","9,36€ / KG",
Aperitivo,RICARD,Garrafa 0.7 LT,"13,49€","19,27€ / LT",
Esparguete Clássica,NACIONAL,Emb. 0.5 KG,"0,78€","1,56€ / KG",
Pantene Repara & Protege Champô,,Emb. 0.1 LT,"9,99€","99,90€ / LT",
Cuecas Incontinência Boutique L,AUSONIA,Emb. 8 UNID.,"11,99€","1,50€ / UNID.",
Pantene Caracóis Perfeitos Champô 3 Em 1,PANTENE,Emb. 0.3 LT,"4,99€","16,63€ / LT",
Amaciador concentrado peónia azul e citrus,SURF,Emb. 90 DOSES,"3,49€","0,04€ / DOSES",
Gelado de Chocolate,CARTE D'OR,Emb. 0.75 LT,"1,94€","2,59€ / LT",
Cereais Special K Classic,KELLOGG'S,Emb. 0.75 KG,"3,74€","4,99€ / KG",
Máscara Multiusos Óleo Extraordinário Óleo de Coco,L'ORÉAL PARIS,Emb. 0.3 LT,"6,99€","23,30€ / LT",
Escova Dentes Interdental Médio,AQUAFRESH,Emb. 3 UNID.,"4,29€","1,43€ / UNID.",
Grelos de Couve,,1 Unid. = 1 KG (aprox.),"1,99€/kg","1,99€ / Unid.",
Cereais Frosties,KELLOGG'S,Emb. 0.375 KG,"2,29€","6,11€ / KG",
Ambientador Stick Perfumado Flor,AIR WICK,Emb. 0.025 LT,"7,19€","287,60€ / LT",
Desodorizante Narta Men IceMax Roll On,GARNIER,Emb. 0.05 LT,"3,99€","79,80€ / LT",
Vinho Regional Dão Tinto,QUINTA DOS CARVALHAIS,Garrafa 0.75 LT,"8,99€","11,99€ / LT",
Tarte Gelada Chocolate,VIENNETTA,Emb. 0.65 LT,"3,99€","6,14€ / LT",
Refrigerante C/ Gás Vidro,COCA COLA,Emb. 1 LT,"1,85€","1,85€ / LT",
Máquina de Depilar Descartável Venus Basic,GILLETTE,Emb. 4 UNID.,"3,49€","0,87€ / UNID.",
Sobremesa Gelado Morango e Chocolate Branco 4x110ml,MAGNUM,Emb. 0.44 LT,"4,99€","11,34€ / LT",
Maionese Heinz Vidro 480 Ml,HEINZ,Emb. 0.48 LT,"3,75€","7,81€ / LT",
Barras Hero De Cereais Muesli Chocolate Leite 6x25g,HERO,Emb. 0.15,"1,79€","11,93€ /",
Batatas Fritas Light,LAY'S,Emb. 0.14 KG,"1,89€","13,50€ / KG",
Ovos Moles,,Emb. 0.25 KG,"0,69€/kg","0,69€ / Unid.",
Lixívia Tradicional 4 L,NEOBLANC,Emb. 4 LT,"2,84€","0,71€ / LT",
Pêssego Amarelo,,1 Unid. = 0.17 KG (aprox.),"1,99€/kg","0,34€ / Unid.",
Presunto Aperitivo,DAMATTA,Emb. 0.3 KG,"4,54€","15,13€ / KG",
QUEIJO RALADO FLAMENGO,CAMPAINHA,Emb. 0.15 KG,"1,59€","10,60€ / KG",
Spray Elimina Odores de Roupa Extra,FEBREZE,Emb. 0.5 LT,"3,99€","7,98€ / LT",
Papa Infantil,CERELAC,Emb. 0.5 KG,"2,88€","5,76€ / KG",
Fraldas Incontinência Máxima G,LINDOR,Emb. 20 UNID.,"13,74€","0,69€ / UNID.",
Licor Bailey´s,BAILEY'S,Garrafa 0.7 LT,"13,59€","19,41€ / LT",
Alimento Seco P/ Gato Vaca e Frango,PURINA FRISKIES,Emb. 2 KG,"7,99€","4,00€ / KG",
Alimento P/ Gato Adulto de Salmão,PURINA,Emb. 3 KG,"22,99€","7,66€ / KG",
Iogurte Líquido Morango Banana 4x155g,DANONE,Emb. 0.62 KG,"1,39€","2,24€ / KG",
Chouriço Damatta De Carne Beirão,DAMATTA,Emb. 0.225 KG,"3,54€","15,73€ / KG",
Cracker com Arroz Tufado,DU BOIS DE LA ROCHE,Emb. 0.24 KG,"1,99€","8,29€ / KG",
Café Torrado Moído Portugal Universal,DELTA,Emb. 0.25 KG,"2,29€","9,16€ / KG",
Laca Cabelo Diamond Gloss Care 4,NIVEA,Spray 0.25 LT,"4,19€","16,76€ / LT",
Pensos Incontinência Lindor Lady Pad Normal 14 Un,LINDOR,,"5,60€",/ Unid.,
Pensos Higiénicos Maxi com Alas,EVAX,Emb. 11 UNID.,"1,99€","0,18€ / UNID.",
Discos Activos Gel WC Lime Zest,PATO,Emb. 0.036 LT,"4,49€","124,72€ / LT",
Luvas Universais M,VILEDA,Emb. 1 UNID.,"1,99€","1,99€ / UNID.",
Anti-Transferência de Cor Ultra Toalhitas,VANISH,Emb. 10 UNID.,"3,49€","0,35€ / UNID.",
Bolachas Soft Bakes Cereais,BELVITA,Emb. 0.25 KG,"2,99€","11,96€ / KG",
Dentífrico Cuidado Diário,PARODONTAX,Emb. 0.075 LT,"5,59€","74,53€ / LT",
Manteiga com Grãos de Sal Pasteurizada,PRÉSIDENT,Emb. 0.25 LT,"3,89€","15,56€ / LT",
Cuscus Clássica,NACIONAL,Emb. 0.25 KG,"0,85€","3,40€ / KG",
Fermento em Pó,ROYAL,Lata 0.226 KG,"3,59€","15,89€ / KG",
Alperce,,1 Unid. = 0.115 KG (aprox.),"1,99€/kg","0,23€ / Unid.",
Nata com 3 Pimentas,PARMALAT,Emb. 0.2 LT,"1,27€","6,35€ / LT",
Fio Dentário Expansivo Sabor Menta,SENSODYNE,Emb. 1 P,"3,49€","3,49€ / P",
Leite Condensado Cozido,MIMOSA,Emb. 0.385 KG,"1,59€","4,13€ / KG",
Pão Cereais,,1 Unid. = 0.1 KG,"0,19€","1,90€ / KG",
Iogurte Bifidus Líquido Cereais Integrais 4 Unid.,DANONE,Emb. 0.62 KG,"1,99€","3,21€ / KG",
Pão de Forma com Códea Familiar,PANRICO,Emb. 0.75 KG,"1,59€","2,12€ / KG",
Queijo Flamengo Fatiado,AGROS,Emb. 0.2 KG,"2,19€","10,95€ / KG",
Napolitana de Chocolate,,1 Unid. = 0.12 KG,"0,39€","3,25€ / KG",
Refrigerante C/ Gás Pack 4,COCA COLA,Emb. 4 LT,"5,20€","1,30€ / LT",
Nata com 3 Queijos,PARMALAT,Emb. 0.2 LT,"1,27€","6,35€ / LT",
Sopa de Tomate,KNORR,Emb. 0.085 KG,"1,49€","17,53€ / KG",
Azeite Clássico,OLIVEIRA DA SERRA,Garrafa 0.75 LT,"5,19€","6,92€ / LT",
COGUMELO FERBAR INTEIRO 185G,FERBAR,Emb. 0.185 KG,"0,96€","5,19€ / KG",
"KINDER BUENO CLASSICO, T2X4",KINDER BUENO,Emb. 0.172 KG,"2,44€","14,19€ / KG",
Arroz Risotto,CAÇAROLA,Emb. 0.5 KG,"1,22€","2,44€ / KG",
Bolacha B-ready 6Unid.,NUTELLA,Emb. 0.132 KG,"2,65€","20,08€ / KG",
Café Moagem Universal Timor,DELTA,Emb. 0.22 KG,"3,69€","16,77€ / KG",
Vodka Premium 100% Pure,ERISTOFF,Garrafa 0.7 LT,"12,99€","18,56€ / LT",
Refrigerante S/ Gás Laranja 0 Açúcares,AQUARIUS,Emb. 1.5 LT,"2,00€","1,33€ / LT",
Laca Cabelos Pintados,ELNETT,Emb. 0.3 LT,"5,99€","19,97€ / LT",
Caldo Marisco,KNORR,Emb. 8 CUBOS,"1,39€","0,17€ / CUBOS",
Chocolate em pó P/ Leite,NESTLÉ,Emb. 0.39 KG,"3,14€","8,05€ / KG",
Molho Big Burger,CALVÉ,Emb. 0.25 LT,"2,69€","10,76€ / LT",
Pastilhas 60 Minutos Peppermint,TRIDENT,Emb. 0.02 KG,"0,95€","47,50€ / KG",
Toalhitas Casa de Banho,CIF,Emb. 36 UNID.,"2,24€","0,06€ / UNID.",
Água sem Gás Frutos Vermelhos,LUSO FRUTA,Garrafa 1 LT,"1,27€","1,27€ / LT",
Cerveja com Álcool 15x33cl,SUPER BOCK,Emb. 4.95 LT,"9,99€","2,02€ / LT",
Grelos de Nabo,,1 Unid. = 0.95 KG (aprox.),"1,99€/kg","1,89€ / Unid.",
Whisky,LABEL 5,Garrafa 1 LT,"13,49€","13,49€ / LT",
Bebida de Coco 0%,SHOYCE,Emb. 1 LT,"2,39€","2,39€ / LT",
Leite Fresco Magro,VIGOR,Emb. 1 LT,"0,99€","0,99€ / LT",
Vinho Regional Douro Tinto,CISTUS,Garrafa 0.75 LT,"5,59€","7,45€ / LT",
OIKOS NATURAL 110G X4,OIKOS,Emb. 0.44 KG,"2,39€","5,43€ / KG",
Tempero Esparguete à Bolonhesa,KNORR,Emb. 0.038 KG,"1,54€","40,53€ / KG",
Bebida de Amêndoa,ALPRO,Emb. 1 LT,"2,39€","2,39€ / LT",
Azeite virgem extra aroma manjericão,GALLO,Emb. 0.25 LT,"2,39€","9,56€ / LT",
Refrigerante C/ Gás,COCA COLA,Garrafa 0.5 LT,"1,00€","2,00€ / LT",
BEBIDA SOJA BAUNILHA,ALPRO,Emb. 1 LT,"1,89€","1,89€ / LT",
Dentífrico Max White One,COLGATE,Emb. 0.075 LT,"4,49€","59,87€ / LT",
Vinho Rosé Frutado,CORAÇÃO DA MINHA,Garrafa 0.75 LT,"1,59€","2,12€ / LT",
TIRA NÓDOAS COLOUR PÓ,A+,Emb. 0.99 KG,"5,99€","6,05€ / KG",
Cereais de Aveia Integral C/ Chocolate Preto,FITNESS,Emb. 0.375 KG,"2,99€","7,97€ / KG",
Massa Cotovelos GR,MILANEZA,Emb. 0.5 KG,"1,19€","2,38€ / KG",
Preparado Sopa Canja Galinha,KNORR,Emb. 0.068 KG,"1,49€","21,91€ / KG",
Sabonete Líquido Leite e Mel Recarga,PALMOLIVE,Emb. 0.3 LT,"2,99€","9,97€ / LT",
Sobremesa Gelado Salted Caramel,CARTE D'OR,Emb. 0.9 LT,"3,29€","3,66€ / LT",
Arroz Agulha,PATO REAL,Emb. 1 KG,"1,18€","1,18€ / KG",
Esfregão Verde Clássico Cuide das suas Mãos,SCOTCH BRITE,Emb. 2 UNID.,"2,04€","1,02€ / UNID.",
Nata para Culinária,PARMALAT,Emb. 0.2 KG,"1,12€","5,60€ / KG",
Vinho Branco,M.J.FREITAS,Bag in Box 5 LT,"7,99€","1,60€ / LT",
Bifidus Líquido Kiwi 4x155g,DANONE,Emb. 0.62 KG,"1,99€","3,21€ / KG",
Ração Seca Light Frango P/ Cão,FRISKIES,Emb. 3 KG,"11,69€","3,90€ / KG",
ATRIX CR PROTECCAO SUAVE,ATRIX,Emb. 0.1 LT,"3,99€","39,90€ / LT",
Caprichos do Mar Ultracongelado,PESCANOVA,Emb. 0.4 KG,"3,59€","8,98€ / KG",
Chá de Tília,TETLEY,Emb. 10 UNID.,"0,86€","0,09€ / UNID.",
Tablete Chocolate Cacau 85%,LACASA,Emb. 0.1 g,"1,64€","16,40€ / g",
Tempero de Alho Louro & Pimentão 8 Cubos,KNORR,Emb. 0.072 KG,"1,49€","20,69€ / KG",
Alimento Seco P/ Gato Sénior +11 Anos de Frango,PURINA,Emb. 1.5 KG,"11,99€","7,99€ / KG",
Leite Achocolatado Light 6x250ml,UCAL,Emb. 1.5 LT,"4,39€","2,93€ / LT",
Champô Cabelo Garnier Cereja e Amêndoa,ULTRA SUAVE,Emb. 0.25 LT,"3,59€","14,36€ / LT",
Cereais de Chocolate e Chocolate Branco,CHOCAPIC,Emb. 0.4 KG,"2,92€","7,30€ / KG",
Detergente Casa de Banho Spray Recarga,CIF,Emb. 0.07 LT,"1,89€","27,00€ / LT",
Pensos Higiénicos Salvaslips em Bolsas,EVAX,Emb. 28 UNID.,"1,34€","0,05€ / UNID.",
Café Solúvel Black Roast,NESCAFÉ,Emb. 0.2 KG,"4,79€","23,95€ / KG",
Bolachas Cream Cracker Nova Receita,VIEIRA,Emb. 0.2 KG,"0,99€","4,95€ / KG",
Alimento Perle Húmido P/ Gato C/ Molho Salmão e Atum 4x85g,PURINA,Emb. 0.34 KG,"3,49€","10,26€ / KG",
Conserva de Mexilhão em Escabeche,PITEU,Emb. 0.115 KG,"1,83€","15,91€ / KG",
Bolachas de Mel,VIEIRA,Emb. 0.3 KG,"1,99€","6,63€ / KG",
Bechamel,PARMALAT,Emb. 0.5 LT,"2,19€","4,38€ / LT",
Café Torrado Moído Intensidade 10,BUONDI,Emb. 0.22 KG,"3,69€","16,77€ / KG",
Gelado Stracciatella,CARTE D'OR,Emb. 0.9 LT,"3,29€","3,66€ / LT",
Snack Chocolate Leite,LION,Emb. 3 UNID.,"2,19€","0,73€ / UNID.",
Pao Forma Sem Codea Economico,PANRICO,Emb. 0.45 KG,"2,09€","4,64€ / KG",
Azeite Virgem,OLIVEIRA DA SERRA,Garrafa 0.75 LT,"3,58€","4,77€ / LT",
"FRIZE RODELA LIMAO,,4x.25L",FRIZE,,"2,79€",/ Unid.,
Galão São Lourenço 3x200 ml,UCAL,Emb. 0.6 LT,"2,29€","3,82€ / LT",
BOLACHAS VITALDAY CROCANTE CHOCOLATE 280G,GULLÓN,Emb. 0.28 KG,"2,29€","8,18€ / KG",
Caldo de Peixe,KNORR,Emb. 8 CUBOS,"1,39€","0,17€ / CUBOS",
Condicionador Purify & Hidrate,,Emb. 0.4 LT,"4,19€","10,48€ / LT",
Gel Barbear Protect e Care,NIVEA MEN,Emb. 0.2 LT,"4,39€","21,95€ / LT",
"AGUA FASTIO,6x50CL",FASTIO,,"2,39€",/ Unid.,
Cerveja com Álcool 6x33cl,CRISTAL,Emb. 1.98 LT,"2,89€","1,46€ / LT",
Papel Higiénico 4 Folhas,RENOVA,Emb. 9 ROLOS,"3,99€","0,44€ / ROLOS",
Detergente Líquido Máquina Roupa,GAMA,Emb. 100 DOSES,"9,99€","0,10€ / DOSES",
Desodorizante Roll-On Men Dry Fresh,NIVEA MEN,Emb. 0.05 LT,"2,39€","47,80€ / LT",
Vinho Regional Alentejano Branco,LOIOS,Garrafa 0.75 LT,"3,99€","5,32€ / LT",
Creme Limpeza Original Multiusos,CIF,Emb. 0.7 LT,"2,49€","3,56€ / LT",
Desmaquilhante de Olhos Dupla Acção,NIVEA,Emb. 0.125 UNID.,"4,99€","39,92€ / UNID.",
Papel Higiénico Extra XXL 2 Folhas,RENOVA,Emb. 24 ROLOS,"15,79€","0,66€ / ROLOS",
Sal Refinado Mesa,VATEL,Emb. 0.25 KG,"0,39€","1,56€ / KG",
Maionese Magra,CALVÉ,Emb. 0.447 KG,"2,89€","6,47€ / KG",
Champomy,CHAMPOMY,Garrafa 0.75 LT,"3,99€","5,32€ / LT",
Alimento Seco Cão Active Completo,PURINA FRISKIES,Emb. 4 KG,"12,79€","3,20€ / KG",
Recarga para Difusor Automático Relex Zen,GLADE,Emb. 2 UNID.,"7,18€","3,59€ / UNID.",
Vinho Branco Alentejo Doc Reserva,REGUENGOS,Garrafa 0.75 LT,"5,99€","7,99€ / LT",
Champô Legend CR7,LINIC,Emb. 0.36 LT,"4,94€","13,72€ / LT",
Alho em Pó,MARGÃO,Emb. 0.055 KG,"3,19€","58,00€ / KG",
Fibra Normal Classic,SCOTCH BRITE,Emb. 1 UNID.,"1,15€","1,15€ / UNID.",
DOCE MORANGO 350G,CASA MATEUS,Emb. 0.35 KG,"2,69€","7,69€ / KG",
Aromatizante Máquina Loiça Limão,SUN,Emb. 1 UNID.,"2,24€","2,24€ / UNID.",
Óleo Corporal Elixir de Argão,NATURAL HONEY,Emb. 0.3 LT,"5,19€","17,30€ / LT",
Sumo Active Drink Manga Cenoura,SANTAL,Emb. 1.5 LT,"2,14€","1,43€ / LT",
Alimento P/ Gato de Frango C/ Mandioca S/ Glúten,BEYOND,Emb. 1.2 KG,"11,99€","9,99€ / KG",
Snacks Bugles 3D,3D'S BUGLES,Emb. 0.085 KG,"1,65€","19,41€ / KG",
Bolachas Cookies Original Chocolate,CHIPS AHOY,Emb. 0.3 KG,"3,29€","10,97€ / KG",
Desodorizante Roll-On Pepino 0%Alumínio,DOVE,Emb. 0.05 LT,"2,84€","56,80€ / LT",
Café Cápsulas XL Qalidus Intensidade 10,DELTA Q,Emb. 40 CAPS.,"12,99€","0,32€ / CAPS.",
Queijo Mini Babybel Light,BABYBEL,Emb. 0.12 KG,"2,04€","17,00€ / KG",
Arroz Carolino,BOM SUCESSO,Emb. 1 KG,"1,15€","1,15€ / KG",
Bacalhau Crescido Asa Preta,,1 Unid. = 1.6 KG,"11,39€/kg","18,22€ / Unid.",
Batatas Fritas no Forno,LAY'S,Emb. 0.15 KG,"2,19€","14,60€ / KG",
Chocolate de Leite 3x,KIT KAT,Emb. 0.125 KG,"1,49€","11,92€ / KG",
Pensos Higiénicos Protege-Slip Long,CAREFREE,Emb. 40 UNID.,"4,49€","0,11€ / UNID.",
Tampões com Aplicador Pearl Regular,TAMPAX,Emb. 24 UNID.,"4,99€","0,21€ / UNID.",
Fraldas Bebé Extra Absorção Activity Tamanho 3,DODOT,Emb. 60 UNID.,"13,29€","0,22€ / UNID.",
OIKOS CARAMELO 110G X4,OIKOS,Emb. 0.44 KG,"2,39€","5,43€ / KG",
Sumo de Laranja e Cenoura,SANTAL,Garrafa 1.5 LT,"2,14€","1,43€ / LT",
Pantene Volume & Brilho Condicionador 160 ml,,Emb. 0.16 LT,"4,99€","31,19€ / LT",
Creme Hidratante Caixa Família,NIVEA,Emb. 0.25 LT,"5,59€","22,36€ / LT",
Espumante Reserva Tinto Bruto,ALIANÇA,Garrafa 0.75 LT,"6,49€","8,65€ / LT",
Chourição Fatiado Tapas,CAMPOFRIO,Emb. 0.08 KG,"1,89€","23,63€ / KG",
Salsichão Fuet Caseiro,EL POZO,Emb. 0.15 KG,"2,69€","17,93€ / KG",
Aguardente CRF 70 cl C/ Balão,,0.07 CL,"17,99€","257,00€ / CL",
Pao De Forma Cerealia 5 Sementes,PANRICO,Emb. 0.435 KG,"2,29€","5,26€ / KG",
Natas Pasteurizadas,LONGA VIDA,Emb. 0.2 LT,"2,19€","10,95€ / LT",
Alimento Húmido P/ Gato Diamante Atum C/ Camarões,PURINA,Emb. 0.09 KG,"1,49€","16,56€ / KG",
Creme Limpeza Lixívia e Micro-Cristais,CIF,Emb. 0.7 LT,"2,49€","3,56€ / LT",
Maionese Top Down,CALVÉ,Emb. 0.238 KG,"2,19€","9,20€ / KG",
BEBIDA SOJA CRESCIMENTO,ALPRO,Emb. 1 LT,"1,89€","1,89€ / LT",
Crackers sem Sal na Superfície,DU BOIS DE LA ROCHE,Emb. 0.5 KG,"3,29€","6,58€ / KG",
Blocos Sanitários Power Ocean,DOMESTOS,Emb. 0.275 KG,"5,39€","19,60€ / KG",
BEBIDA SOJA CHOC LIGHT 3x250ML,ALPRO,Emb. 0.75 LT,"2,19€","2,92€ / LT",
Tosta Rica Cacau,CUÉTARA,Emb. 0.57 KG,"3,89€","6,82€ / KG",
Conserva de Salsichas Frankfurt 10 Unid.,NOBRE,Lata 0.25 KG,"1,34€","5,36€ / KG",
Red Bull,RED BULL,Lata 0.355 LT,"1,89€","5,32€ / LT",
Café Torrado Moído Nyeri Kenya Intensidade 8,SICAL,Emb. 16 UNID.,"4,09€","0,26€ / UNID.",
Clementina,,1 Unid. = 0.1 KG (aprox.),"1,69€/kg","0,17€ / Unid.",
Cereais de Aveia Integral C/ Chocolate,FITNESS,Emb. 0.375 KG,"2,99€","7,97€ / KG",
Néctar Clássico Laranja,COMPAL,Emb. 1 LT,"0,99€","0,99€ / LT",
Manga Barco,,1 Unid. = 0.5 KG (aprox.),"1,99€/kg","1,00€ / Unid.",
Café Moído Torrado Intensidade 12,BUONDI,Emb. 0.2 KG,"3,69€","18,45€ / KG",
Conserva de Atum em Óleo Vegetal,GENERAL,Emb. 0.11 KG,"0,99€","9,00€ / KG",
Alimento Húmido P/ Gato Carne Vaca Gold,GOURMET,Emb. 0.085 KG,"0,75€","8,82€ / KG",
Loção Corporal Cocoa Radiance,VASELINE,Emb. 0.2 LT,"2,14€","10,70€ / LT",
Toalhitas Activity 4x54 Unid.,DODOT,Emb. 216 UNID.,"7,99€","0,04€ / UNID.",
Alimento Seco P/ Gato Free Dc Salmão,BEYOND,Emb. 0.325 KG,"3,99€","12,28€ / KG",
Snack P/ Gato de Frango,DENTALIFE,Emb. 0.04 KG,"1,99€","49,75€ / KG",
Máquina de Depilar Descartável Oceana,GILLETTE,Emb. 4 UNID.,"8,99€","2,25€ / UNID.",
Papel Higiénico 2 Folhas Estra XXL 18=45,RENOVA,Emb. 18 ROLOS,"11,85€","0,66€ / ROLOS",
Tomate Triturado da Horta,COMPAL,Emb. 0.5 LT,"1,49€","2,98€ / LT",
Preservativo Sensitive,HARMONY,Emb. 6 UNID.,"4,73€","0,79€ / UNID.",
Chá Limão e Gengibre,LIPTON,Emb. 20 SAQ.,"1,94€","0,10€ / SAQ.",
"AQUAFRESH ELIXIR INTENSE CLN,,500ML",AQUAFRESH,,"4,99€",/ Unid.,
Iogurte Líquido Danonino Bebedino Tutti-Frutti 4x100g,DANONE,Emb. 0.4 KG,"1,79€","4,48€ / KG",
Papa Infantil Bolacha Maria,CERELAC,Emb. 0.4 KG,"1,84€","4,60€ / KG",
Snacks Húmidos P/ Gato Esterilizado 2 de Frango e 2 de Vaca,PURINA,Emb. 0.34 KG,"3,49€","10,26€ / KG",
Batatas Fritas no Forno Receita Camponesa,LAY'S,Emb. 0.13 KG,"2,19€","16,85€ / KG",
Creme Anti-Rugas Cuidado Dia,DERMO EXPERTISE,Emb. 1 P,"14,99€","14,99€ / P",
Pantene 3 Minute Miracle Repara & Protege,PANTENE PV,Emb. 0.2 LT,"4,49€","22,45€ / LT",
Espumante ASTI Doce,GANCIA,Garrafa 0.75 LT,"8,69€","11,59€ / LT",
Chá de Lúcia-Lima,LIPTON,Emb. 20 SAQ.,"1,20€","0,06€ / SAQ.",
Caldo Natura de Carne Pack 4,KNORR,Emb. 0.112 KG,"1,49€","13,30€ / KG",
Cereais Integrais e Mel,NESTUM,Emb. 0.25 KG,"2,19€","8,76€ / KG",
Creme Culinário de Soja,SHOYCE,Emb. 0.2 LT,"1,49€","7,45€ / LT",
Chá Preto Yellow Label 100 Saquetas,LIPTON,Emb. 100 Saquetas,"4,54€","0,05€ / Saquetas",
Néctar Clássico Pêssego 3x200 ml,COMPAL,Emb. 0.6 LT,"1,49€","2,48€ / LT",
Rolo de Cozinha Maxi XXL,RENOVA,Emb. 2 ROLOS,"2,25€","1,13€ / ROLOS",
Yofu Framboesa/Amora 4x125g,ALPRO,Emb. 0.5 KG,"2,89€","5,78€ / KG",
Naco de Bacon Extra,PRIMOR,Emb. 0.2 KG,"3,29€","16,45€ / KG",
Gillette Venus Swirl Depilatória,VENUS,Emb. 1 UNID.,"10,99€","10,99€ / UNID.",
Alimento Seco P/ Gato Frango,BEYOND,Emb. 0.35 g,"2,99€","8,54€ / g",
Pantene Purifica & Reconstrói Champô 250 ml,,Emb. 0.25 LT,"4,99€","19,96€ / LT",
Néctar Vital Frutos Vermelhos,COMPAL,Emb. 1 LT,"1,69€","1,69€ / LT",
Bebida em Pó Sabor Tropical,TANG,Emb. 0.03 KG,"0,83€","27,67€ / KG",
Rebuçados sem Açúcar Sabor Morango 4x32g,HALLS,Emb. 0.128 KG,"2,99€","23,36€ / KG",
Concentrado de Maracujá Miix,SUNQUICK,Emb. 0.58 LT,"4,79€","8,26€ / LT",
Vinho Regional Alentejo Tinto,HERDADE DOS GROUS,,"10,99€",/ Unid.,
Caldo Culinário 16 cubos,KNORR,Emb. 0.16 KG,"1,39€","8,69€ / KG",
Detergente Máquina Loiça Pastilhas All in 1 27 pastilhas,FINISH,Emb. 0.457 KG,"5,99€","13,11€ / KG",
Amêijoa Vietname Castanha Congelada,,1 Unid. = 0.38 KG (aprox.),"3,29€/kg","1,25€ / Unid.",
Alimento Seco para Gato Sterilcat Carne Vaca,PURINA ONE,Emb. 1.5 KG,"11,99€","7,99€ / KG",
Desodorizante Spray Sport Cool,DOVE,Emb. 0.05 LT,"2,39€","47,80€ / LT",
Bolachas Cobertas com Chocolate Branco,OREO,Emb. 0.246 KG,"2,99€","12,15€ / KG",
Vela fragância de laranja,AIRWICK,Emb. 0.32 KG,"2,84€","8,88€ / KG",
Vinho Regional Bairrada Tinto,MARQUES DE MARIALVA,Garrafa 0.75 LT,"8,99€","11,99€ / LT",
Infusão de Canela e Maça,LIPTON,Emb. 0.044 KG,"1,94€","44,09€ / KG",
Papa Infantil Aveia Maçã e Cenoura,CERELAC,Emb. 0.24 KG,"2,49€","10,38€ / KG",
Leite Bem Essencial UHT Meio Gordo 3 Unid.,MIMOSA,Emb. 0.6 LT,"1,19€","1,98€ / LT",
Sidra com Álcool de Maça 15x20cl,SOMERSBY,Emb. 3 LT,"9,94€","3,31€ / LT",
Bolachas Digestive Go,TRIUNFO,Emb. 0.16 KG,"1,69€","10,56€ / KG",
Molho Bifana com Mostarda,CALVÉ,Emb. 0.26 KG,"2,69€","10,35€ / KG",
Pensos Incontinência Discreet Maxi Night,AUSONIA,Emb. 12 LT,"7,99€","0,67€ / LT",
Bolachas Alfa,NACIONAL,Emb. 0.18 KG,"1,45€","8,06€ / KG",
Gel de Banho Amêndoas Doces,VASELINE,Emb. 0.7 LT,"2,99€","4,27€ / LT",
Barras de Cereais de Chocolate C/ Leite 6 Unid.,CHOCAPIC,Emb. 0.15 KG,"3,29€","21,93€ / KG",
VINHO DÃO CASA DE SANTAR RESERVA TINTO 75,CASA DE SANTAR,,"14,99€",/ Unid.,
Vinho Regional Minho Branco,TORRE MENAGEM,Garrafa 0.75 LT,"4,49€","5,99€ / LT",
Conserva de Salsichas Extra Suculentas Aves 7 Unid.,NOBRE,Frasco 0.35 KG,"1,68€","4,80€ / KG",
Água sem Gás 4x1.5 L,FASTIO,Garrafa 6 LT,"2,39€","0,40€ / LT",
Ice Tea de Limão 3x20 cl,LIPTON,Emb. 0.6 LT,"1,17€","1,95€ / LT",
Maçã Reineta Cal. 70/75,,1 Unid. = 0.2 KG (aprox.),"1,58€/kg","0,32€ / Unid.",
Cappuccino Mocha,NESCAFÉ,Emb. 8 SAQ.,"3,19€","0,40€ / SAQ.",
Ambientador P/ Máquina de Lavar Louça Odor Stop,FINISH,Emb. 1 UNID.,"3,24€","3,24€ / UNID.",
Bolachas Maria Júnior,MARIA,Emb. 0.276 KG,"3,24€","11,74€ / KG",
Garoupa Posta,,1 Unid. = 0.3 KG (aprox.),"21,99€/kg","6,60€ / Unid.",
Snack P/ Cão Sticks C/ Aroma a Veado,PURINA,Emb. 0.09 KG,"1,99€","22,11€ / KG",
Iogurte Líquido Morango/Framboesa,DANONE,Emb. 0.3 KG,"1,89€","6,30€ / KG",
Leite Bem Essencial UHT Gordo,MIMOSA,Emb. 1 LT,"1,14€","1,14€ / LT",
Elixir Frescura Duradoura,ORAL B,Emb. 0.5 LT,"4,19€","8,38€ / LT",
Piano Reserva 2016 Douro Branco,PIANO,Emb. 0.75 LT,"7,67€","10,23€ / LT",
Lava Tudo Novo Brilho Ph Neutro,SONASOL,Emb. 1.3 LT,"2,09€","1,61€ / LT",
Entrecosto com Alho e Pimentão Doce,MAGGI,Emb. 0.03 KG,"0,74€","24,67€ / KG",
Leite de Transição 2 +6 meses,NAN,Emb. 0.8 KG,"12,34€","15,43€ / KG",
BARRA CEREAL CH.KRISPIES 6X20,KELLOGG'S,Emb. 6 UNID.,"2,79€","0,47€ / UNID.",
Champô Purificante Morango Branco e Menta Dulce,HERBAL ESSENCES,Emb. 0.4 LT,"3,99€","9,98€ / LT",
Bolachas de Cereais Dinosauros,ARTIACH,Emb. 0.185 KG,"2,09€","11,30€ / KG",
Limpeza Móveis Classic Protege,PRONTO,Spray 0.3 LT,"4,79€","15,97€ / LT",
Gel de Banho Lúcia-Lima e Limão,VASELINE,Emb. 0.7 LT,"2,99€","4,27€ / LT",
Cerveja sem Álcool Preta 6x33cl,CHEERS,Emb. 0.33 LT,"3,29€","9,97€ / LT",
Champô Leite de Coco,HERBAL ESSENCES,Emb. 0.4 LT,"3,99€","9,98€ / LT",
Desodorizante,REXONA,Emb. 0.05 LT,"2,69€","53,80€ / LT",
Iogurte Mix-in Smarties 80% Leite 2 Unid.,NESTLÉ,Emb. 0.256 KG,"2,09€","8,16€ / KG",
Tamboril Cal. 1/4,,1 Unid. = 2.5 KG (aprox.),"10,49€/kg","26,23€ / Unid.",
B&J ND Cookie Dough 465ml,,Emb. 0.465 LT,"6,79€","14,60€ / LT",
Azeite Virgem Extra Clássico,GALLO,Garrafa 0.25 LT,"1,91€","7,64€ / LT",
Água sem Gás,MONCHIQUE,Emb. 1.5 LT,"3,99€","2,66€ / LT",
Massa Espirais Clássica,NACIONAL,Emb. 0.5 KG,"1,59€","3,18€ / KG",
Pérolas de Perfume para Roupa Dreams,LENOR,Emb. 0.21 KG,"7,69€","36,62€ / KG",
Coloração 5-29 Vermelho Intenso,SYOSS,,"4,99€",/ Unid.,
Néctar de Laranja,UM BONGO,Emb. 1 LT,"1,49€","1,49€ / LT",
Pack 4 Escovas de Dentes Média Triple Action,COLGATE,Emb. 1 UNID.,"3,69€","3,69€ / UNID.",
Recarga Máquina de Barbear Sensor Excel,GILLETTE,Emb. 5 UNID.,"10,49€","2,10€ / UNID.",
Guardanapos Branco Pequenos Folha Dupla,GUARDANAPOS RENOVA,Emb. 90 UNID.,"1,25€","0,01€ / UNID.",
Discos Activos Gel WC Marine,PATO,Emb. 0.036 LT,"4,49€","124,72€ / LT",
Leite C/ Chocolate Light 4 Unid.,MIMOSA,Emb. 0.8 LT,"2,19€","2,74€ / LT",
BEBIDA SOJA BAUNILHA 3x250ML,ALPRO,Emb. 0.75 LT,"1,79€","2,39€ / LT",
Preparado Sopa Regular Legumes,KNORR,Emb. 0.063 KG,"1,49€","23,65€ / KG",
Iogurte Bolacha 4 Unid.,IOGOLINO,Emb. 0.4 KG,"2,89€","7,23€ / KG",
Massa Letras Clássica,NACIONAL,Emb. 0.25 KG,"0,85€","3,40€ / KG",
Sardinha em Azeite,BOM PETISCO,Emb. 0.12 KG,"1,08€","9,00€ / KG",
Café Latte Caramel 8 Unid.,NESCAFÉ,Emb. 0.136 KG,"3,19€","23,46€ / KG",
Champô Hemp + Hydration,TRESEMMÉ,Emb. 0.4 LT,"4,79€","11,98€ / LT",
Chá de Camomila e Erva Príncipe,LIPTON,Emb. 20 SAQS,"1,94€","0,10€ / SAQS",
Alimento Húmido P/ Gato Vários Sabores,GOURMET GOLD,Emb. 0.34 KG,"3,49€","10,26€ / KG",
"ATUM FILELETE AZEITE C/ ALCAPARRAS, 120G",TENÓRIO,Emb. 0.12 KG,"2,29€","19,08€ / KG",
Ambientador Pure Nenuco Frescura Colónia de Bebé,AIR WICK,Spray 0.25 LT,"4,19€","16,76€ / LT",
Café Solúvel Seleção Premium Intensidade 6,NESCAFÉ,Frasco 0.1 KG,"5,69€","56,90€ / KG",
Refrigerante com Gás Lima-Limão,7UP,Garrafa 1.25 LT,"1,49€","1,19€ / LT",
Iogurte Bifidus Sólido Natural S/ Lactose,ACTIVIA,Emb. 0.12 KG,"2,19€","18,25€ / KG",
TABLETE CHOCOLATE NEGRO 85% 100G,CEMOI,Emb. 0.1 KG,"0,99€","9,90€ / KG",
Ambientador Vela Baunilha,AIRWICK,Emb. 2 UNID.,"5,69€","2,85€ / UNID.",
Bife do Lombo de Novilho,,1 Unid. = 0.25 KG (aprox.),"15,59€/kg","3,90€ / Unid.",
Amaciador de Roupa Pure,COMFORT,Emb. 4 LT,"4,49€","1,12€ / LT",
Desodorizante Roll-On Invisible 48H,REXONA,Emb. 0.05 LT,"2,39€","47,80€ / LT",
Leite de Limpeza Suave Pele Seca,NIVEA,Emb. 0.2 LT,"4,99€","24,95€ / LT",
Infusão SOS Garganta,LIPTON,Emb. 20 SAQS,"1,49€","0,07€ / SAQS",
Maionese Top Down Verdadeira,HELLMANN'S,Emb. 0.412 KG,"3,19€","7,74€ / KG",
Farinha Rainha Especial P/ Bolos,NACIONAL,Emb. 1 KG,"1,23€","1,23€ / KG",
Alimento Seco P/ Cão Free Vaca,BEYOND,Emb. 7 KG,"35,99€","5,14€ / KG",
Pensos Higiénicos Normal Alas,AUSONIA,Emb. 14 UNID.,"1,69€","0,12€ / UNID.",
Chá de Camomila,LIPTON,Emb. 10 SAQ.,"0,69€","0,07€ / SAQ.",
Água C/ Gás 6x25cl,CASTELLO,Emb. 1.5 LT,"2,79€","1,86€ / LT",
Caldo para Bifes 8 Cubos,KNORR,Emb. 0.08 KG,"1,39€","17,38€ / KG",
Barrinhas de Chocolate T-16,KINDER,Emb. 0.2 KG,"3,19€","15,95€ / KG",
Detergente Roupa Máquina Liquído Active Clean 100 Doses,SKIP,Emb. 100 DOSES,"19,99€","0,20€ / DOSES",
Argolas do mar,PESCANOVA,Emb. 1 KG,"9,99€","9,99€ / KG",
Queijo Meio Gordo Pequeno,PAIVA,1 Unid. = 0.55 KG  (aprox.),,,
Bolachas Digestive Go Canela 6 Saquetas,TRIUNFO,Emb. 0.171 KG,"1,69€","9,88€ / KG",
Detergente para a Roupa 3 em 1 Active Clean,SKIP,Emb. 1.134 KG,"12,49€","11,01€ / KG",
Gelatina Light de Mirtilo,ROYAL,Emb. 0.031 KG,"2,09€","67,42€ / KG",
Cotonetes p/ Bebé,JOHNSON'S BABY,Emb. 0.1 UNID.,"1,99€","19,90€ / UNID.",
Pastilhas 60 Minutos Spearmint,TRIDENT,Emb. 0.02 KG,"0,95€","47,50€ / KG",
Vinho Regional Douro Tinto,ESTEVA,Garrafa 0.75 LT,"4,99€","6,65€ / LT",
Shampoo Fortificante Arginina e Proteína,ELVIVE,Emb. 0.25 LT,"3,99€","15,96€ / LT",
Detergente Líquido Buquê Roxo 110 Doses,GAMA,Emb. 5.28 LT,"11,99€","2,27€ / LT",
Batatas fritas natas & cebola,PRINGLES,Emb. 0.175 KG,"1,99€","11,37€ / KG",
Bolachas Maria sem Açúcar,GULLÓN,Emb. 0.4 KG,"2,34€","5,85€ / KG",
Fio Dentário,COLGATE,Emb. 1 UNID.,"3,99€","3,99€ / UNID.",
Gelatina Light Limão,ROYAL,Emb. 0.031 KG,"2,09€","67,42€ / KG",
Champô Seco Fresh&Clean,TRESEMMÉ,Emb. 0.25 LT,"5,39€","21,56€ / LT",
Iogurte Cereais e Baunilha 4 Unid.,IOGOLINO,Emb. 0.4 KG,"2,89€","7,23€ / KG",
Leite Crescimento Júnior 1+,NESTLÉ,Emb. 1 LT,"2,19€","2,19€ / LT",
BEBIDA AMENDOA S/ACUCAR,ALPRO,Emb. 1 LT,"2,39€","2,39€ / LT",
Chocolate de Leite Oreo,MILKA,Emb. 0.037 KG,"0,99€","26,76€ / KG",
Gelatina Light Ananás 2x15g,CONDI,Emb. 0.03 KG,"1,89€","63,00€ / KG",
Sais de Fruta Digestivo Limão,ENO,Emb. 10 UNID.,"4,99€","0,50€ / UNID.",
Bife do Acém Novilho,,1 Unid. = 0.25 KG (aprox.),"6,99€/kg","1,75€ / Unid.",
Derma SPA Goodness Body Cream,DOVE,Emb. 0.3 LT,"4,99€","16,63€ / LT",
Bloco Sanitário Limão,SONASOL,Emb. 0.05 KG,"1,94€","38,80€ / KG",
Escovas Júnior,AQUAFRESH,Emb. 1 UNID.,"3,09€","3,09€ / UNID.",
Amaciador Roupa Concentrado Lírios e Frutos Vermelhos,QUANTO,Emb. 84 DOSES,"4,89€","0,06€ / DOSES",
Nuggets de Frango 10 Unid.,CAPITÃO IGLO,Emb. 0.208 KG,"3,49€","16,78€ / KG",
"AXE GB ICE CHILL,,400ML",AXE,Emb. 0.4 LT,"3,29€","8,23€ / LT",
Cevada Solúvel sem Café,DELTA,Frasco 0.2 KG,"1,74€","8,70€ / KG",
Lombinhos de Porco Embalados,,Emb. 0.5 KG (aprox.),"4,79€/kg","2,40€ / Unid.",
Aerossol Air Nuvens de Algodão,AMBIPUR,Emb. 0.3 LT,"3,99€","13,30€ / LT",
Azeite Virgem Extra Clássico,GALLO,Garrafa 2 LT,"14,99€","7,50€ / LT",
Chá Preto de Pêssego e Manga,LIPTON,Emb. 0.036 KG,"1,74€","48,33€ / KG",
Vinho Regional Dão Tinto Reserva 2013,QUINTA DE CABRIZ,Garrafa 0.75 LT,"9,49€","12,65€ / LT",
Vinho Regional Península de Setúbal Tinto,DONA ERMELINDA,Garrafa 0.75 LT,"9,99€","13,32€ / LT",
Moscatel,FAVAIOS,Garrafa 0.75 LT,"5,59€","7,45€ / LT",
Alimento Seco P/ Gato Crunchy e Tender Salmão Atum,PURINA FRISKIES,Emb. 1.5 KG,"6,99€","4,66€ / KG",
Cereais de Chocolate C/ Pepitas,COOKIE CRISP,Emb. 0.375 KG,"2,92€","7,79€ / KG",
ARROZ SUSHI,CAÇAROLA,Emb. 1 KG,"1,51€","1,51€ / KG",
BEBIDA SOJA FRUTOS VERMELHOS 3x250ML,ALPRO,Emb. 0.75 LT,"1,79€","2,39€ / LT",
Vinho Branco JP,BACALHÔA,Garrafa 0.75 LT,"2,19€","2,92€ / LT",
Toalhitas Íntimas Suaves,CORINE DE FARME,Emb. 10 UNID.,"1,64€","0,16€ / UNID.",
AGUA FRIZE TANGERINA 4x25CL,FRIZE,,"2,79€",/ Unid.,
Queijo de Ovelha Curado,LAGOS,Emb. 0.5 KG (aprox.),"8,99€","17,98€ / KG",
Concentrado de Fruta Tropical,SUNQUICK,Garrafa 0.7 LT,"5,79€","8,27€ / LT",
Vinho Regional Alentejano Branco,QUINTA DO CARMO,Garrafa 0.75 LT,"9,99€","13,32€ / LT",
Desodorizante Spray Rexona Men Act Prot+Invisível,REXONA,Emb. 0.2 LT,"2,54€","12,70€ / LT",
Picanha de Novilho,,1 Unid. = 2 KG (aprox.),"6,99€/kg","13,98€ / Unid.",
Ice Tea Limão 2x2lt,LIPTON,Emb. 4 LT,"4,99€","1,25€ / LT",
Gel de Banho Deeply Nourishing,DOVE,Emb. 0.75 LT,"4,19€","5,59€ / LT",
Massa Argolinhas Clássica,NACIONAL,Emb. 0.25 KG,"0,85€","3,40€ / KG",
Espanador Duster + 5 Panos,SWIFFER,Emb. 1 UNID.,"3,59€","3,59€ / UNID.",
BATOM STAY INK CRAYON 100BL,MAYBELLINE,Emb. 1 UNID.,"9,49€","9,49€ / UNID.",
Gel Aqua Mega Forte 6,NIVEA MEN,Emb. 0.15 LT,"4,54€","30,27€ / LT",
Alho Picado,MARGÃO,Frasco 0.06 KG,"3,19€","53,17€ / KG",
Alimento Húmido P/ Gato C/ Coelho,GOURMET GOLD,Emb. 0.085 KG,"0,75€","8,82€ / KG",
Abrilhantador Loiça 0%,FINISH,Emb. 0.4 LT,"5,19€","12,98€ / LT",
Vaseline,VASELINE,Emb. 0.05 LT,"1,49€","29,80€ / LT",
Champô Cabelo Ultra Suave Louros Camomila,GARNIER,Emb. 0.25 LT,"3,59€","14,36€ / LT",
Cerveja com Álcool Green Limão 6x33cl,SUPER BOCK,Emb. 1.98 LT,"4,49€","2,27€ / LT",
Cápsulas Café Alumínio Nespresso Brasil,SEGAFREDO,Emb. 10 UN,"4,49€","0,45€ / UN",
Alimento Húmido P/ Cão Adulto Pequeno C/ Carne de Vaca e Pato,PURINA,Emb. 0.4 KG,"3,19€","7,98€ / KG",
Creme Limpeza para Placas de Vitrocerâmica,VITROCLEN,Emb. 0.45 LT,"5,99€","13,31€ / LT",
Iogurte Sólido Proteíco Framboesa Lindahls,NESTLÉ,Emb. 0.15 KG,"1,09€","7,27€ / KG",
Iogurte Bifidus de Pessego S/ Lactose 0% 4 Unid.,DANONE,Emb. 0.48,"2,19€","4,56€ /",
Gel Casa de Banho Limpeza Brilhante,CIF,Emb. 0.75 LT,"1,39€","1,85€ / LT",
Bolacha,CHIQUILÍN,Emb. 0.175 KG,"1,54€","8,80€ / KG",
Manteiga com Sal,NOVA AÇORES,Emb. 0.25 KG,"2,29€","9,16€ / KG",
Bebida Energética Energy Drink,RED BULL,Lata 0.25 LT,"1,39€","5,56€ / LT",
Amaciador para Roupa Revive Lavish Blossom Ultra Concentrado,COMFORT,Emb. 60 DOSES,"3,99€","0,07€ / DOSES",
Iogurte Líquido Banana 4 Unid.,YOGGI,Emb. 0.64 KG,"2,09€","3,27€ / KG",
Alimento Seco P/ Gato Controlo Bolas De Pelo,FRISKIES,Emb. 1.5 KG,"6,99€","4,66€ / KG",
Óleo para Todos Tipos de Cabelo,ULTRA SUAVE,Emb. 0.15 LT,"8,99€","59,93€ / LT",
Dentífrico Menta Suave,AQUAFRESH,Emb. 0.075 LT,"2,39€","31,87€ / LT",
Cereais Choco Krispies,KELLOGG'S,Emb. 0.375 KG,"2,29€","6,11€ / KG",
Drageias Chocolate Tubo Tripack,PINTAROLAS,Emb. 0.066 KG,"1,39€","21,06€ / KG",
Desodorizante Roll On Men Cool Kick,NIVEA MEN,Emb. 0.05 LT,"2,39€","47,80€ / LT",
Mamão,,1 Unid. = 1.2 KG (aprox.),"3,35€/kg","4,02€ / Unid.",
Croissant Maxi Creme Sabor a Baunilha,CHIPICAO,Emb. 0.08 KG,"1,24€","15,50€ / KG",
Azeite Subtil,GALLO,Garrafa 2 LT,"10,39€","5,20€ / LT",
Água Micelar Revitalift Preenchedora,L'OREAL,Emb. 0.2 LT,"7,49€","37,45€ / LT",
Toalhitas Sensitive Cuidado Máximo 486 unid.,DODOT,Emb. 9 UNID.,"11,59€","1,29€ / UNID.",
Syoss Oieo Intense 5-92 Vermelho Intenso,SYOSS,,"6,24€",/ Unid.,
Cápsulas Café House Blend Lungo P/ Nespresso Intensidade 8,STARBUCKS,Emb. 10 CAPS.,"4,49€","0,45€ / CAPS.",
Atum ao Natural,BOM PETISCO,Emb. 0.12 KG,"1,39€","11,58€ / KG",
Chipicao Croissant Multipack Creme de Cacau,CHIPICAO,Emb. 0.25 KG,"3,09€","12,36€ / KG",
Alimento Seco P/ Gatos Esterilizados Salmão,PURINA FRISKIES,Emb. 1.5 KG,"6,99€","4,66€ / KG",
Maçã Fuji Cal. 70/75,,1 Unid. = 0.18 KG (aprox.),"1,69€/kg","0,30€ / Unid.",
Puré de Batata em Flocos,MAGGI,Emb. 0.25 KG,"1,85€","7,40€ / KG",
Sopa Rabo de Boi 4 Porções,KNORR,Emb. 0.071 KG,"1,49€","20,99€ / KG",
Bolachas Maria Oro,CUÉTARA,Emb. 0.2 KG,"0,84€","4,20€ / KG",
Cereais Bolacha Maria,NESTUM,Emb. 0.25 KG,"2,19€","8,76€ / KG",
Gel de Banho Skin Defense Hidratante,DOVE MEN,Emb. 0.4 LT,"4,99€","12,48€ / LT",
Bálsamo Barba Suave King C,GILLETTE,Emb. 0.1 LT,"7,49€","74,90€ / LT",
Espumante Super Reserva Bruto,MURGANHEIRA,Garrafa 0.75 LT,"14,29€","19,05€ / LT",
Pensos Incontinência Lindor Pads Mini 2 Gotas 14 Uni,LINDOR,,"4,98€",/ Unid.,
Preparado Sopa de Cozido,KNORR,Emb. 0.069 KG,"1,49€","21,59€ / KG",
Alimento Seco P/ Cão Adulto Rica em Borrego C/ Cevada Integral,BEYOND,Emb. 1.4 KG,"6,34€","4,53€ / KG",
Bolachas Cobertas ChocoWafer Branco,MILKA,Emb. 0.18 KG,"2,69€","14,94€ / KG",
Manteiga Magra,MIMOSA,Emb. 0.25 KG,"2,24€","8,96€ / KG",
Aditivo Máquina Loiça Sal,CALGON,Emb. 1 KG,"2,49€","2,49€ / KG",
Concentrado de Manga,SUNQUICK,Garrafa 0.58 LT,"4,79€","8,26€ / LT",
Champô Cabelo Garnier Hidra Caracóis,FRUCTIS,Emb. 0.25 LT,"3,99€","15,96€ / LT",
Couve Roxa,,1 Unid. = 1 KG (aprox.),"1,29€/kg","1,29€ / Unid.",
Iogurte Líquido Morango 8 Unid.,YOGGI,Emb. 1.28 KG,"3,94€","3,08€ / KG",
Gelado de Morango,CARTE D'OR,Emb. 0.75 LT,"1,94€","2,59€ / LT",
Bebida de Aveia 0% 3x200ML,SHOYCE,Emb. 0.6 LT,"2,19€","3,65€ / LT",
Leite Achocolatado 4x200ml,AGROS,Emb. 0.8 LT,"1,43€","1,79€ / LT",
Cerveja com Álcool Lata,SUPER BOCK,Emb. 0.5 LT,"1,59€","3,18€ / LT",
Pimento Verde,,1 Unid. = 0.19 KG (aprox.),"1,99€/kg","0,38€ / Unid.",
Bolonhesa,NOBRE,Emb. 0.5 KG,"2,74€","5,48€ / KG",
Cápsulas Delta Q Café Qharisma 10 Unidades,DELTA Q,Emb. 10 UNID.,"2,99€","0,30€ / UNID.",
Alimento Seco P/ Cão S/ Cereais Frango,BEYOND,Emb. 7 KG,"35,99€","5,14€ / KG",
Toalhitas Bebé Limpa e Hidrata,DODOT,Emb. 64 UNID.,"1,49€","0,02€ / UNID.",
Refrigerante sem Gás Maçã Verde,FRUTIS,Garrafa 1.5 LT,"1,15€","0,77€ / LT",
Chouriço Corrente 4x100gr,PRIMOR,Emb. 0.4 KG,"2,34€","5,85€ / KG",
Bloco Sanitário 3 em 1 Atlantic,DOMESTOS,Emb. 0.04 KG,"1,19€","29,75€ / KG",
Johnson's Baby Brilho Mágico Condicionador Gotas de Brilho,JOHNSON'S BABY,Emb. 0.5 LT,"5,59€","11,18€ / LT",
Pudim Caseiro Laranja,ROYAL,Emb. 0.2 KG,"1,99€","9,95€ / KG",
Pizza de Fiambre Queijo,CAMPOFRIO,Emb. 0.36 KG,"3,39€","9,42€ / KG",
Bolachas Cookies XL Pedaços de Choco,MILKA,Emb. 0.184 KG,"2,69€","14,62€ / KG",
Cápsulas Café Alumínio Nespresso Intenso,SEGAFREDO,Emb. 10 UN,"4,29€","0,43€ / UN",
Rebuçados Sabor Limão,HALLS,Emb. 0.032 KG,"0,89€","27,81€ / KG",
Tablete de Chocolate e Leite C/ Cereais Crocantes,CRUNCH,Emb. 0.1 KG,"1,99€","19,90€ / KG",
"Refrigerante com Gás Laranja Lata 6x0,33L",SUMOL,Emb. 1.98 LT,"4,39€","2,22€ / LT",
Limpa Máquinas Limão 5x Power Actions,FINISH,Emb. 1 UNID.,"3,89€","3,89€ / UNID.",
Cereais Mel Zero,NESTUM,Emb. 0.25 KG,"2,19€","8,76€ / KG",
ChuChu,,1 Unid. = 0.29 KG (aprox.),"2,50€/kg","0,73€ / Unid.",
Bolachas Plain Frutos Silvestres,BELVITA,Emb. 0.3 KG,"1,99€","6,63€ / KG",
Kinder Bueno White,KINDER,Emb. 0.043 KG,"1,09€","25,35€ / KG",
Refrigerante com Gás Guarana,ANTARCTICA,Garrafa 1.5 LT,"2,57€","1,71€ / LT",
Ração seca para gato c/ Salmão,ULTIMA,Emb. 0.75 KG,"5,39€","7,19€ / KG",
Vinho do Porto Rosê,PORTO CRUZ,Garrafa 0.75 L,"7,49€","9,99€ / L",
Farinha sem Fermento Integral,NACIONAL,Emb. 1 KG,"1,19€","1,19€ / KG",
Ambientador Pure Happiness Laranja e Neroli Aromatherapy,GLADE,Emb. 0.08 LT,"8,39€","104,88€ / LT",
Bolachas Original Family Format,OREO,Emb. 0.44 KG,"3,99€","9,07€ / KG",
COLGATE KIT VIAGEM ESCOVA + PASTA DE DENTES,COLGATE,Emb. 1 UNID.,"4,99€","4,99€ / UNID.",
Pão Centeio,,1 Unid. = 0.4 KG,"0,99€","2,48€ / KG",
Vinho do Porto Dona Antonia,FERREIRA,Emb. 0.75 LT,"11,99€","15,99€ / LT",
Bloco sanitário power 5 duo pack ocean,DOMESTOS,Emb. 0.11 KG,"2,74€","24,91€ / KG",
"ATUM COM GRAO,RAMIREZ,120G",RAMIREZ,,"1,29€",/ Unid.,
Recarga Sabonete Líquido Amêndoa,PALMOLIVE,Emb. 0.5 LT,"3,99€","7,98€ / LT",
Gel de Banho Rosas e Jasmim,VASELINE,Emb. 0.7 LT,"2,99€","4,27€ / LT",
Cerveja sem Álcool Preta 6x33cl,SUPER BOCK,Emb. 1.98 LT,"4,49€","2,27€ / LT",
CAVALINHA EM ÓLEO VEGETAL,PITEU,Emb. 0.12 KG,"0,96€","8,00€ / KG",
Vinho Rosé Lancers,LANCERS,Garrafa 0.75 LT,"3,99€","5,32€ / LT",
Perninha de Frango,,1 Unid. = 0.5 KG (aprox.),"1,48€/kg","0,74€ / Unid.",
ÓLEO BRONZEADOR CÔCO,AMBRE SOLAIRE,Emb. 0.2 LT,"11,99€","59,95€ / LT",
Preparado em Pó P/ Gelatina Tutti Fruti,ROYAL,Emb. 0.114 KG,"1,99€","17,46€ / KG",
Bolachas Digestivas Chocolate,TRIUNFO,Emb. 0.195 KG,"1,99€","10,21€ / KG",
Iogurte Líquido Morango 4 Unid.,YOGGI,Emb. 0.64 KG,"2,09€","3,27€ / KG",
Néctar Clássico Ananás,COMPAL,Emb. 1 LT,"1,69€","1,69€ / LT",
Perfume Pearls Fuchsia Passion,COMFORT,Emb. 0.375 KG,"8,49€","22,64€ / KG",
Elixir Oral Dentes & Gengivas Menta Fresca,LISTERINE,Emb. 1 LT,"8,99€","8,99€ / LT",
Nata para Bater,PARMALAT,Emb. 0.2 KG,"1,12€","5,60€ / KG",
Azeite Clássico,OLIVEIRA DA SERRA,Emb. 3 LT,"16,99€","5,66€ / LT",
Bacalhau em Azeite Virgem Extra e Alho,BOM PETISCO,Emb. 0.12 KG,"2,99€","24,92€ / KG",
Óleo corpo refirmante+anti-estrias q10,NIVEA,Emb. 0.1 LT,"9,99€","99,90€ / LT",
Maçã Starking Cal. 70/75,,1 Unid. = 0.2 KG (aprox.),"1,79€/kg","0,36€ / Unid.",
Preservativos Nature Easy Way,CONTROL,Emb. 10 UNID.,"6,99€","0,70€ / UNID.",
Bebida Energética Absolutely Zero,MONSTER ENERGY,Emb. 0.5 LT,"1,20€","2,40€ / LT",
Arroz Estufado,CAÇAROLA,Emb. 1 KG,"1,24€","1,24€ / KG",
Purina ONE Dual Nature Sterilized Vaca,PURINA,Emb. 0.4 KG,"3,99€","9,98€ / KG",
Dentífrico Natural Extracts Frescura Máxima,COLGATE,Emb. 0.075 LT,"3,24€","43,20€ / LT",
Chipicao Multipack 4x57 g,CHIPICAO,Emb. 0.228 KG,"2,85€","12,50€ / KG",
Iogurte Líquido Lima Limão 4x155g,DANONE,Emb. 0.62 KG,"1,69€","2,73€ / KG",
Pantene Purifica & Reconstrói Máscara 160 ml,,Emb. 0.16 LT,"4,49€","28,06€ / LT",
Dentífrico Cuidado Branqueador,PARODONTAX,Emb. 0.075 LT,"5,59€","74,53€ / LT",
Sumo 8 Frutos 3x20 cl,UM BONGO,Emb. 0.6 LT,"1,49€","2,48€ / LT",
Abrilhantador P/ Máquina da Loiça Limão,FINISH,Emb. 0.8 LT,"7,44€","9,30€ / LT",
Iogurte Líquido S/ Lactose Morango 4 Unid.,YOGGI,Emb. 0.64 KG,"2,19€","3,42€ / KG",
Camarão Cozido Cal. 40/60,,1 Unid. = 0.19 KG (aprox.),"9,99€/kg","1,90€ / Unid.",
Cillit Bang Lixívia & Higiene 500ML x12,CILLIT BANG,Emb. 0.5 LT,"2,24€","4,48€ / LT",
Iogurte Sólido Magro Natural 6 Unid.,LONGA VIDA,Emb. 0.12 KG,"2,09€","17,42€ / KG",
Néctar Vital Equilíbrio Manga Maracujá,COMPAL,Emb. 1 LT,"1,69€","1,69€ / LT",
"ATUM FILETE NATURAL,120G",TENÓRIO,Emb. 0.12 KG,"2,14€","17,83€ / KG",
Cápsulas de Café C/ Leite Intenso,DOLCE GUSTO,Emb. 16 CAPS.,"5,99€","0,37€ / CAPS.",
Broa de Milho,,1 Unid. = 1.7 KG (aprox.),"2,99€/kg","5,08€ / Unid.",
Vinho Regional Península de Setúbal Branco,SERRAS DE AZEITÃO,Garrafa 0.75 LT,"2,64€","3,52€ / LT",
Gel Studio Line Indestructible Extremo 9,L'ORÉAL PARIS,Emb. 0.15 LT,"5,99€","39,93€ / LT",
Molho César para Salada,HELLMANN'S,Emb. 0.21 LT,"2,59€","12,33€ / LT",
Iogurte Líquido Morango 6x100g,DANACOL,Emb. 0.6 KG,"2,99€","4,98€ / KG",
Cápsulas de Chá Marrakesh Style Tea,DOLCE GUSTO,Emb. 16 DOSES,"5,99€","0,37€ / DOSES",
Whisky Vat 69,VAT 69,Garrafa 0.7 LT,"13,49€","19,27€ / LT",
Pacotinho de Frutas Maçã e Pêssego S/ Glúten +6 meses,NESTLÉ,Emb. 0.09 KG,"1,05€","11,67€ / KG",
Alface Roxa,,1 Unid. = 0.4 KG (aprox.),"2,29€/kg","0,92€ / Unid.",
Aroma de Amêndoa Líquido,CONDI,Emb. 0.025 KG,"1,54€","61,60€ / KG",
Palmiers Kids,DU BOIS DE LA ROCHE,Emb. 0.1 KG,"1,09€","10,90€ / KG",
Cillit Bang Tira Gorduras 500ML x12,CILLIT BANG,Emb. 0.5 LT,"2,24€","4,48€ / LT",
SACO LIXO ECOBAG PERFUMADO LAVANDA 30L FECHO FÁCIL (15 UN),VILEDA,Emb. 15 UNID.,"2,99€","0,20€ / UNID.",
Cracker Integral,CUÉTARA,Emb. 0.2 KG,"1,29€","6,45€ / KG",
Aroma de Morango Líquido,CONDI,Emb. 0.025 LT,"1,54€","61,60€ / LT",
OIKOS PESSEGO 110G X4,OIKOS,Emb. 0.44 KG,"2,39€","5,43€ / KG",
Creme Soft Hidratante Intensiva,NIVEA,Emb. 0.05 LT,"1,69€","33,80€ / LT",
Pastilhas Elásticas Senses Rainforest Mint 3x23g,TRIDENT,Emb. 0.069 KG,"2,59€","37,54€ / KG",
Cookies Sem Gluten,GULLÓN,Emb. 0.2 KG,"2,69€","13,45€ / KG",
Saqueta Multifrutos com Bolacha,HERO BABY,Emb. 0.1 KG,"0,98€","9,80€ / KG",
Mostarda,CALVÉ,Emb. 0.257 KG,"1,49€","5,80€ / KG",
Hambúrguer de Carne de Vaca 8 Unid. Ultracongelado,IGLO,Emb. 0.64 KG,"8,49€","13,27€ / KG",
Iogurte Bifidus Cremoso Lima/Limão 4 Unid.,DANONE,Emb. 0.48 KG,"1,99€","4,15€ / KG",
Bloco Sanitário Floral,SONASOL WC,Emb. 0.05 KG,"1,94€","38,80€ / KG",
Vinho Regional Douro Branco,TONS DUORUM,Garrafa 0.75 LT,"5,49€","7,32€ / LT",
Máquinas de Depilar Descartáveis Venus 3,GILLETTE,Emb. 6 UNID.,"5,99€","1,00€ / UNID.",
Peito de Peru,,1 Unid. = 0.3 KG (aprox.),"4,59€/kg","1,38€ / Unid.",
Duvel Cerveja da Bélgica,DUVEL,Emb. 0.33 LT,"2,89€","8,76€ / LT",
Pantene Repara & Protege Champô 3 Em 1,,Emb. 0.3 LT,"4,99€","16,63€ / LT",
Vinho do Porto Velhotes Ruby,CALEM,Garrafa 0.75 LT,"4,99€","6,65€ / LT",
Vinho Regional Península de Setúbal Tinto,JP,Garrafa 0.75 LT,"2,19€","2,92€ / LT",
Gelado de Nata,CARTE D'OR,Emb. 0.75 LT,"1,94€","2,59€ / LT",
Creme de Banho Care,NIVEA,Emb. 0.75 LT,"3,49€","4,65€ / LT",
Gelado Baunilha Morango,CARTE D'OR,Emb. 1.7 LT,"2,99€","1,76€ / LT",
Cápsulas Café Latte Macchiato Caramelo,DOLCE GUSTO,Emb. 16 CAPS.,"5,99€","0,37€ / CAPS.",
Licor Carolans,CAROLANS,Garrafa 0.7 LT,"14,79€","21,13€ / LT",
Cápsulas Café Cappuccino,DOLCE GUSTO,Emb. 16 CAPS.,"5,99€","0,37€ / CAPS.",
Penso Incontinência Discreet Extra,AUSONIA,Emb. 20 UNID.,"5,19€","0,26€ / UNID.",
Pantene Caracóis Definidos Laca 300ml,PANTENE PV,Emb. 0.3 LT,"3,74€","12,47€ / LT",
Néctar de Pera Rocha Clássico,COMPAL,Emb. 0.33 LT,"0,79€","2,39€ / LT",
Pão de Forma Integral Sem Côdea,BIMBO,Emb. 0.45 KG,"1,69€","3,76€ / KG",
Água sem Gás,VITALIS,Garrafa 0.5 LT,"0,30€","0,60€ / LT",
Pastilhas 2 em 1 Protege e Limpa,CALGON,Emb. 15 UNID.,"6,99€","0,47€ / UNID.",
Azeite Virgem Extra Colheita Madura,GALLO,Emb. 0.5 LT,"4,99€","9,98€ / LT",
Bolachas com Sal Crackers,DU BOIS DE LA ROCHE,Emb. 0.5 KG,"3,09€","6,18€ / KG",
Café Torrado Moído Lote Descafeínado Moagem Universal Intensidade 8,SICAL,Emb. 0.22 KG,"3,24€","14,73€ / KG",
Bolo de Arroz,,1 UNID.,"2,99€","2,99€ / UNID.",
Bloco Sanitário Blue Activ,SONASOL WC,Emb. 0.05 KG,"1,94€","38,80€ / KG",
Natas Culinária 0% Lactose,PARMALAT,Emb. 0.2 LT,"1,32€","6,60€ / LT",
Massa Letras,MILANEZA,Emb. 0.25 KG,"0,55€","2,20€ / KG",
Bolo de Aniversário,,1 Unid. = 1.2 KG (aprox.),"9,99€/kg","11,99€ / Unid.",
B&J Strawb CheeseCake 465ml,,Emb. 0.465 LT,"6,79€","14,60€ / LT",
Alimento Húmido P/ Gato Mixed Grill,FELIX,Emb. 0.06 KG,"1,89€","31,50€ / KG",
Cereais de Trigo Original,WEETABIX,Emb. 0.43 KG,"3,54€","8,23€ / KG",
"CIF SPR ULTR HIGI LIXIV,,500ML",CIF,,"1,79€",/ Unid.,
Vinho Verde Branco,DEU LA DEU,Garrafa 0.75 LT,"5,99€","7,99€ / LT",
Iogurte de Morango 4 Unid.,IOGOLINO,Emb. 0.4 KG,"2,89€","7,23€ / KG",
Massa Cannelloni,MILANEZA,Emb. 0.25 KG,"1,79€","7,16€ / KG",
Amaciador Cabelos Total Repair,ELVIVE,Emb. 0.2 LT,"3,99€","19,95€ / LT",
Vinho Regional Douro,EVEL,Garrafa 0.75 LT,"5,69€","7,59€ / LT",
Fiambre Peito de Peru Fatiado,NOBRE,Emb. 0.12 KG,"2,69€","22,42€ / KG",
Desodorizante Zero% - Spray Invisível,SANEX,Emb. 0.15 LT,"2,69€","17,93€ / LT",
Asas de Frango,,1 Unid. = 0.5 KG (aprox.),"1,69€/kg","0,85€ / Unid.",
Pastel de Nata,,1 Unid. = 0.048 KG,"0,35€","7,29€ / KG",
Pacotinho de Multifrutas S/ Glúten +6 meses,NESTLÉ BEBÉ,Emb. 0.09 KG,"1,05€","11,67€ / KG",
Nata UHT Culinária,MIMOSA,Emb. 0.2 LT,"0,89€","4,45€ / LT",
Cereais Special K Frutos Vermelhos,KELLOGG'S,Emb. 0.3 KG,"2,59€","8,63€ / KG",
Pantene Purifica & Reconstrói Condicionador 160 ml,,Emb. 0.16 LT,"4,99€","31,19€ / LT",
Queijo Fatiado Amanteigado de Vaca e Ovelha,LIMIANO,Emb. 0.18 KG,"2,69€","14,94€ / KG",
Rolo de Cozinha Jumbo,SCOTTEX,Rolo 1 P,"4,49€","4,49€ / P",
Atum em Azeite,BOM PETISCO,Emb. 0.12 KG,"1,39€","11,58€ / KG",
Chá de Cidreira,TETLEY,Emb. 10 UNID.,"0,86€","0,09€ / UNID.",
Creme Hidratante Caixa Grande,NIVEA,Emb. 0.15 LT,"4,29€","28,60€ / LT",
Café Solúvel,DELTA,Frasco 0.1 KG,"2,19€","21,90€ / KG",
Barras de Cereais Special Chocolate,KELLOGG'S,Emb. 0.132 KG,"3,79€","28,71€ / KG",
Polvo Congelado,,1 Unid. = 2.5 KG (aprox.),"15,49€/kg","38,73€ / Unid.",
Pensos Higiénicos Normal Plus Alas,EVAX,Emb. 14 UNID.,"2,59€","0,19€ / UNID.",
Polvo Congelado,,1 Unid. = 1.5 KG (aprox.),"9,98€/kg","14,97€ / Unid.",
Cereais de Chocolate e Caramelo,LION,Emb. 0.4 KG,"2,92€","7,30€ / KG",
Galão São Lourenço,UCAL,Emb. 1 LT,"1,84€","1,84€ / LT",
Pastilhas de Limpeza para Próteses Dentárias,,Emb. 30 UNID.,"3,99€","0,13€ / UNID.",
Cápsulas Café Expresso Intenso Intensidade 7,DOLCE GUSTO,Emb. 16 CAPS.,"5,99€","0,37€ / CAPS.",
Néctar Vital Frutos Vermelhos 3x20 cl,COMPAL,Emb. 0.6 LT,"1,69€","2,82€ / LT",
Leite Creme 4x23 g,EL MANDARIN,Emb. 0.092 KG,"1,49€","16,20€ / KG",
Vinho Verde Branco,AVELEDA,Garrafa 0.75 LT,"4,99€","6,65€ / LT",
Salva Camas 60x75CM,LINDOR,Emb. 15 UNID.,"8,49€","0,57€ / UNID.",
Chocolate de Leite Choco Jelly,MILKA,Emb. 0.25 KG,"3,99€","15,96€ / KG",
Ambientador Máquina Loiça,FINISH,Emb. 1 UNID.,"3,24€","3,24€ / UNID.",
Água Micelar Tudo em 1,GARNIER,Emb. 0.4 LT,"6,89€","17,23€ / LT",
Couve Brócolo,,1 Unid. = 0.27 KG (aprox.),"2,99€/kg","0,81€ / Unid.",
Bolacha 0% Açúcar,CHIQUILÍN,Emb. 0.175 KG,"2,09€","11,94€ / KG",
Patê de Atum,LA PIARA,Emb. 0.075 KG,"1,23€","16,40€ / KG",
Whisky William Lawson\'s,WILLIAM LAWSON'S,Garrafa 1 LT,"26,13€","26,13€ / LT",
Rebuçado Refrescante sem Açúcar,HALLS,Emb. 0.134 KG,"2,99€","22,31€ / KG",
Café Solúvel Frasco,DELTA,Frasco 0.2 KG,"3,89€","19,45€ / KG",
Iogurte Bifidus Aveia e Nozes 4 Unid.,DANONE,Emb. 0.48 KG,"2,19€","4,56€ / KG",
AXE Gel de Bnaho Green Mojito 400ml,AXE,Emb. 0.4 LT,"3,29€","8,23€ / LT",
Iogurte Bifidus Líquido Frutos Silvestres 4 Unid.,DANONE,Emb. 0.62 KG,"1,99€","3,21€ / KG",
Pargo Ruço Cal. 1/2,,1 Unid. = 1.5 KG (aprox.),"10,99€/kg","16,49€ / Unid.",
Detergente Manual Loiça Ultra Limão,FAIRY,Emb. 0.48 LT,"1,95€","4,06€ / LT",
Queijo Mozzarella Ralado Valformoso,VALFORMOSO,Emb. 0.15 KG,"1,49€","9,93€ / KG",
XAU LIMPA MAQ EXPRESS,XAU,Emb. 0.25 LT,"4,99€","19,96€ / LT",
GUARDANAPOS AMARELOS FOLHA SIMPLES RENOVA,GUARDANAPOS RENOVA,Emb. 70 UNID.,"0,79€","0,01€ / UNID.",
Pão Saloio,,1 Unid. = 0.4 KG,"0,99€","2,48€ / KG",
GELEIA MARMELO 345G,CASA MATEUS,Emb. 0.345 KG,"2,47€","7,16€ / KG",
Chantilly,PRÉSIDENT,Emb. 0.25 Kg,"2,59€","10,36€ / Kg",
Vitelão para Estufar,,1 Unid. = 0.85 KG (aprox.),"4,54€/kg","3,86€ / Unid.",
Noodles Queijo e Ervas,KNORR,Emb. 0.061 KG,"1,39€","22,79€ / KG",
Chiclets de Peppermint 12 Unid.,CHICLETS,Emb. 0.017 KG,"0,99€","58,24€ / KG",
Sobremesa Láctea Natural,IOGOLINO,Emb. 4 UNID.,"2,89€","0,72€ / UNID.",
Frango Inteiro com Miúdos Saco,,1 Unid. = 1 KG  (aprox.),"1,59€/kg","1,59€ / Unid.",
Sabonete Líquido Mão,DOVE,Emb. 0.25 LT,"2,39€","9,56€ / LT",
Café Delta Moido Máquina Lote Chávena,DELTA,Emb. 0.25 KG,"2,29€","9,16€ / KG",
Bolachas com Creme Nocilla e Cereais,CUÉTARA,Emb. 0.175 KG,"2,14€","12,23€ / KG",
Alimento Seco P/ Cão -10Kg Frango e Arroz,PURINA,Emb. 3 KG,"15,99€","5,33€ / KG",
Molho Picante,TABASCO,Emb. 0.06 L,"2,95€","49,17€ / L",
AMBIENTADOR FRESHMATIC COM RECARGA LIFE SCENTS OÁSIS TURQUESA,AIRWICK,Emb. 1 UNID.,"7,19€","7,19€ / UNID.",
Vinho Branco do Tejo Chardonnay/Arinto,QUINTA DA ALORNA,Emb. 0.75 LT,"6,39€","8,52€ / LT",
Pão de Avó,,1 Unid. = 0.08 KG (aprox.),"2,49€/kg","0,20€ / Unid.",
Frango do Campo Inteiro,,1 Unid. = 2.8 KG (aprox.),"3,49€/kg","9,77€ / Unid.",
Romã,,1 Unid. = 0.3 KG (aprox.),"2,99€/kg","0,90€ / Unid.",
Bolachas Plain Leite,BELVITA,Emb. 0.3 KG,"1,99€","6,63€ / KG",
Licor de Ginja,GINJA D' ÓBIDOS,Emb. 0.7 LT,"15,99€","22,84€ / LT",
Iogurte Bifidus Líquido Lima Limão 0% 4 Unid.,DANONE,Emb. 0.62 KG,"1,99€","3,21€ / KG",
Detergente Máquina Roupa Cápsulas Regular,A+,Emb. 38 DOSES,"8,48€","0,22€ / DOSES",
Elixir Suavidade e Brilho Para Cabelo Muito Estragado,GLISS,Emb. 0.075 LT,"4,99€","66,53€ / LT",
Caldo de Galinha,KNORR,Emb. 0.084 KG,"1,39€","16,55€ / KG",
Vinho Douro Vallado Branco 2021,QUINTA DO VALLADO,Emb. 0.75 LT,"7,75€","10,33€ / LT",
AXE GEL DARK TEMTATION,AXE,Emb. 0.4 LT,"3,29€","8,23€ / LT",
Desodorizante Spray,REXONA,Emb. 0.15 LT,"2,54€","16,93€ / LT",
Massa Espirais,MILANEZA,Emb. 0.5 KG,"1,19€","2,38€ / KG",
Alimento Seco P/ Gato Esterilizado C/ Salmão e Trigo,PURINA,Emb. 0.8 KG,"6,99€","8,74€ / KG",
Recargas para Ambientador Cítrico,AIR WICK,Emb. 0.02 LT,"4,79€","239,50€ / LT",
Massa Espirais Tricolores,MILANEZA,Emb. 0.5 KG,"1,37€","2,74€ / KG",
Pão de Forma Integral com Côdea Receita Económica,PANRICO,Emb. 0.52 KG,"1,69€","3,25€ / KG",
Rebuçados Flocos Neve,VIEIRA,Emb. 0.1 KG,"0,74€","7,40€ / KG",
AUSONIA AIRDRY SUPER ABAS 30,AUSONIA,Emb. 30 UNID.,"4,19€","0,14€ / UNID.",
Champô Ultimate Repair,GLISS,Emb. 0.25 Lt,"2,24€","8,96€ / Lt",
Iogurte Grego Yaos Caramelo,YAOS,Emb. 0.44 KG,"2,29€","5,20€ / KG",
Salva Camas 60x90CM,LINDOR,Emb. 15 UNID.,"10,74€","0,72€ / UNID.",
Detergente para a Máquina da Roupa Active Sports Líquido,SKIP,Emb. 66 DOSES,"12,49€","0,19€ / DOSES",
Rum Carta Blanca,BACARDI,Garrafa 0.7 LT,"17,09€","24,41€ / LT",
Amaciador de Roupa Azul,COMFORT,Emb. 4 LT,"4,49€","1,12€ / LT",
Limpa Móveis Spray Lavanda,PRONTO,Emb. 0.3 LT,"4,39€","14,63€ / LT",
Ampolas anti-rugas Q10 energy,NIVEA,Emb. 7 UNID.,"13,99€","2,00€ / UNID.",
Mini Gelados de Chocolate 70% Preto Intenso Pack 6,MAGNUM,Emb. 0.33 LT,"4,99€","15,12€ / LT",
Paio York,IZIDORO,1 Unid. = 0.1 KG (aprox.),"7,11€/kg","0,71€ / Unid.",
Cominhos Moídos,MARGÃO,Emb. 0.05 KG,"1,49€","29,80€ / KG",
Syoss Oieo Intense 5-54 Castanho Claro Cendré,SYOSS,,"6,24€",/ Unid.,
Néctar Vital Equilíbrio Frutos Vermelhos,COMPAL,Emb. 0.33 LT,"0,84€","2,55€ / LT",
Palmiers com Maçã e Canela 6 Unid.,DU BOIS DE LA ROCHE,Emb. 0.15 KG,"1,39€","9,27€ / KG",
Cogumelo Branco Inteiro,,1 Unid. = 0.3 KG  (aprox.),"4,99€/kg","1,50€ / Unid.",
Alimento Seco P/ Gato Júnior Frango Leite,PURINA FRISKIES,Emb. 0.4 KG,"2,19€","5,48€ / KG",
Cápsulas Café Espresso P/ Dolce Gusto Intensidade 11,STARBUCKS,Emb. 12 CAPS.,"5,39€","0,45€ / CAPS.",
Pasta Pot Cogumelos,KNORR,Emb. 0.07 KG,"1,89€","27,00€ / KG",
Alimento Húmido P/ Gato Duplo Prazer Pack 12,GOURMET,Emb. 1.02 KG,"8,79€","8,62€ / KG",
Alimento Seco P/ Gato Adulto Salmão,BEYOND,Emb. 0.35 KG,"2,99€","8,54€ / KG",
Bebida de Arroz 0% 3x200ML,SHOYCE,Emb. 0.6 LT,"1,79€","2,98€ / LT",
Pantene Frizz Control & Luminosidade Máscara 160 ml,PANTENE PV,Emb. 0.16,"5,99€","37,44€ /",
Tablete de Chocolate Negro,NESTLÉ,Emb. 0.09 KG,"1,09€","12,11€ / KG",
Água com Gás Limão/Chá Verde 4x25 cl TP,PEDRAS SALGADAS,Emb. 1 LT,"2,39€","2,39€ / LT",
Detergente Loiça Manual Concentrado Maça,SUPER POP,Emb. 0.7 LT,"1,49€","2,13€ / LT",
Bebida Energética Mango Loco Energy Juiced,MONSTER ENERGY,Emb. 0.05 LT,"1,20€","24,00€ / LT",
COLORAÇÃO BELLADY PERMANENTE Nº 30 CASTANHO ESCURO,BELLADY,Emb. 1 UNID.,"9,99€","9,99€ / UNID.",
Óleo para Bebé,JOHNSON'S BABY,Emb. 0.3 LT,"3,59€","11,97€ / LT",
GLADE T&F RECARGA LAVANDER,BRISE,Emb. 0.01 LT,"2,09€","209,00€ / LT",
Tablete de Chocolate Daim,MILKA,Emb. 0.1 KG,"1,69€","16,90€ / KG",
Mini Gelados Double Gold Caramelo Billionaire Pack 6,MAGNUM,Emb. 0.33 LT,"5,49€","16,64€ / LT",
Manteiga Light,MATINAL,Emb. 0.25 KG,"2,39€","9,56€ / KG",
Vinho Tinto Titan Douro,TITAN DE DOURO,Emb. 0.75 LT,"12,99€","17,32€ / LT",
Tarte Gelada Baunilha,VIENNETTA,Emb. 0.65 LT,"2,99€","4,60€ / LT",
Pastilhas Máquina Loiça Platinum Plus,FAIRY,Emb. 20 UNID.,"11,49€","0,57€ / UNID.",
Alimento Húmido P/ Gato Sopa Vários Sabores,PURINA,Emb. 0.16 KG,"2,59€","16,19€ / KG",
Amaciador Roupa Concentrado Intense Care Sensitive,COMFORT,Emb. 60 DOSES,"3,99€","0,07€ / DOSES",
Vela Duo com Fragrância de Maçã,AIRWICK,Emb. 0.105 KG,"5,69€","54,19€ / KG",
GUYLIAN FRUTOS DO MAR CARTÃO 250g,,,"5,69€",/ Unid.,
Café Descafeinado Seleção Premium Intensidade 7,NESCAFE GOLD,Emb. 0.1 KG,"5,99€","59,90€ / KG",
Aguardente Vínica Velha,SÃO DOMINGOS,Emb. 0.7 LT,"12,79€","18,27€ / LT",
Sabonete Líquido para as Mãos de Coco,DOVE,Emb. 0.25 LT,"2,59€","10,36€ / LT",
Pensos Higiénicos Salvaslips Fresh em Bolsas,EVAX,Emb. 40 UNID.,"2,39€","0,06€ / UNID.",
Café Cápsulas aQtivus Intensidade 8,DELTA,Emb. 10 CAPS.,"2,99€","0,30€ / CAPS.",
Gel de Banho,DOVE,Emb. 0.5 LT,"2,49€","4,98€ / LT",
BEBIDA SOJA CHOCOLATE 3x250ML,ALPRO,Emb. 0.75 LT,"1,79€","2,39€ / LT",
Creme Autobrilhante Castanho Calçado com Esponja,SPLENDOR,Emb. 0.04 LT,"1,79€","44,75€ / LT",
Néctar Vital Equilíbrio Manga Laranja 3x20cl,COMPAL,Emb. 0.6 LT,"1,69€","2,82€ / LT",
Douradinhos Ultracongelados de Frango Pré-Fritos,IGLO,Emb. 0.25 KG,"4,99€","19,96€ / KG",
"BEBIDA SOJA C/CALCIO LIGHT ,1L",ALPRO,Emb. 1 LT,"1,89€","1,89€ / LT",
Refrigerante com Gás Ginger Ale,SCHWEPPES,Garrafa 1 LT,"1,95€","1,95€ / LT",
Vinho Regional Alentejo Tinto,REGUENGOS,Garrafa 0.75 LT,"2,39€","3,19€ / LT",
Esfregão Salva Unhas Classic,SCOTCH BRITE,Emb. 2 UNID.,"0,99€","0,50€ / UNID.",
Vinho Regional Dão Tinto,CASA DE SANTAR,Garrafa 0.75 LT,"7,49€","9,99€ / LT",
Abrasivo Sanitário Active Fresh Pinho,HARPIC,Emb. 0.75 LT,"1,94€","2,59€ / LT",
Óleo de Argão,PANTENE,Emb. 0.1 LT,"9,99€","99,90€ / LT",
Queijo Fatiado 2X200 g,LIMIANO,Emb. 0.4 KG,"5,09€","12,73€ / KG",
Esfregão Salva Unhas Comfort,SCOTCH BRITE,Emb. 2 UNID.,"2,54€","1,27€ / UNID.",
"Tisana Silhueta de Cavalinha, Erva Príncipe e Gengibre",LIPTON,Emb. 0.028 KG,"1,94€","69,29€ / KG",
Vinho Regional Bairrada Tinto,MARQUES DE MARIALVA,Garrafa 0.75 LT,"19,99€","26,65€ / LT",
Champô Repara Azeite de Argão de Marrocos,HERBAL ESSENCES,Emb. 0.4 LT,"3,99€","9,98€ / LT",
Sumo Refrigerado Cidreira Tília Camomila Limão,PLENO TISANAS,Garrafa 1.5 LT,"1,49€","0,99€ / LT",
Gel de Banho Corpo e Zona Íntima Suave,CORINE DE FARME,Emb. 0.25 LT,"2,49€","9,96€ / LT",
Iogurte Líquido Morango 4x155g,DANONE,Emb. 0.62 KG,"1,69€","2,73€ / KG",
Queijo Flamengo Light Fatiado,MIMOSA,Emb. 0.2 KG,"2,49€","12,45€ / KG",
Limpa Máquinas da Roupa,XAU,Emb. 0.25 LT,"3,99€","15,96€ / LT",
RECARGA MICROF.BALDE COM PEDAL,VILEDA,,"7,49€",/ Unid.,
Vinho Regional Alentejano Tinto,QUINTA DO CARMO,Garrafa 0.75 LT,"16,99€","22,65€ / LT",
Barras de Cereais 6 Unid.,FITNESS,Emb. 0.141 KG,"2,33€","16,52€ / KG",
Bolachas com Aveia,TRIUNFO,Emb. 0.19 KG,"1,49€","7,84€ / KG",
COGUMELOS FERBAR INTEIRO 290G,FERBAR,Emb. 0.29 KG,"1,33€","4,59€ / KG",
Cápsulas Café Verona P/ Nespresso,STARBUCKS,Emb. 10 CAPS.,"4,49€","0,45€ / CAPS.",
Iogurte Líquido Corpos Piña Colada 4x155g,DANONE,Emb. 0.62 KG,"1,69€","2,73€ / KG",
Whisky Cutty Sark,CUTTY SARK,Garrafa 0.7 LT,"11,49€","16,41€ / LT",
Tomate Cacho,,1 Unid. = 0.2 KG (aprox.),"1,48€/kg","1,49€ / Unid.",
Chá de Frutos Vermelhos,TETLEY,Emb. 10 SAQ.,"1,12€","0,11€ / SAQ.",
Lip Therapy Aloe Vera,VASELINE,Emb. 0.017 KG,"2,99€","175,88€ / KG",
Cápsulas Café Latte Macchiato P/ Dolce Gusto,STARBUCKS,Emb. 12 CAPS.,"5,49€","0,46€ / CAPS.",
Ambientador Recarga Portátil Relax Zen Lavanda e Jasmim,GLADE,Emb. 3 UNID.,"10,78€","3,59€ / UNID.",
Refrigerante C/ Gás Laranja Pack 6,FANTA,Emb. 1.98 LT,"4,14€","2,09€ / LT",
Alimento P/ Gato Adulto de Frango,PURINA,Emb. 3 KG,"22,99€","7,66€ / KG",
Tronco de Natal,,1 Unid. = 1 KG (aprox.),"10,49€/kg","10,49€ / Unid.",
Ambientador Recarga Elétrico Lavanda e Aloé Vera,GLADE,Emb. 2 UNID.,"7,18€","3,59€ / UNID.",
Máscara Repara & Fortalece Capilar com Biotina,TRESEMMÉ,Emb. 0.3 LT,"5,39€","17,97€ / LT",
Bolachas Tosta Rica Choco Guay,CUÉTARA,Emb. 0.168 UNID.,"2,09€","12,44€ / UNID.",
Recarga Ambientador Smooth Satin & Moon Lilly,AIRWICK,Emb. 1 UNID.,"3,59€","3,59€ / UNID.",
Manteiga de Amendoim com Pedaços,CALVÉ,Emb. 0.35 KG,"3,49€","9,97€ / KG",
Chiclets Spearmint 12 Unid.,CHICLETS,Emb. 0.017 KG,"0,99€","58,24€ / KG",
Café Delta Em Grão Torrado Chávena,DELTA,Emb. 1 KG,"12,99€","12,99€ / KG",
Refrigerante S/ Gás Limão,AQUARIUS,Garrafa 1.5 LT,"2,00€","1,33€ / LT",
Iogurte Líquido Straciatella 4x155g,DANONE,Emb. 0.62 KG,"1,69€","2,73€ / KG",
Queijo Fatiado -50% Gordura 2X200 g,TERRA NOSTRA,Emb. 0.4 KG,"5,19€","12,98€ / KG",
Canela Pau,MARGÃO,Emb. 0.03 KG,"2,79€","93,00€ / KG",
Massa Bago,MILANEZA,Emb. 0.25 KG,"0,85€","3,40€ / KG",
BANZAI NOODLE CARNE CIGALA,CIGALA,Emb. 0.067 KG,"0,94€","14,03€ / KG",
Doce de Abóbora,CASA MATEUS,Frasco 0.345 KG,"2,47€","7,16€ / KG",
Alimento Seco P/ Gatos Esterilizados Peru e Legumes,PURINA FRISKIES,Emb. 1.5 KG,"6,99€","4,66€ / KG",
Condicionador para Cabelo Encaracolado,TRESEMMÉ,Emb. 0.5 LT,"4,19€","8,38€ / LT",
Snacks Futebolas,CHEETOS,Emb. 0.13 KG,"1,65€","12,69€ / KG",
Cuecas Incontinência Boutique M,AUSONIA,Emb. 9 UNID.,"11,99€","1,33€ / UNID.",
Crocantes de Frango Original Ultracongelado,IGLO,Emb. 0.18 KG,"3,99€","22,17€ / KG",
Pão de Forma com Códea Especial Torradas,PANRICO,Emb. 0.75 KG,"1,59€","2,12€ / KG",
Máscara de Abacate Ultra Suave,GARNIER,Emb. 0.3 LT,"6,79€","22,63€ / LT",
Cereais Aveia e Morango,NESTUM,Emb. 0.25 KG,"2,19€","8,76€ / KG",
Creme Depilatório Peles Normais,VEET,Emb. 0.2 LT,"6,64€","33,20€ / LT",
DETERGENTE LÍQUIDO CÍTRICO,CIF,Emb. 1.1 LT,"1,99€","1,81€ / LT",
Gel de Banho Naturals Amêndoa e Leite,PALMOLIVE,Emb. 0.5 LT,"2,69€","5,38€ / LT",
Amaciador Concentrado Aromaterapia Dourado,VERNEL,Emb. 57 DOSES,"3,29€","0,06€ / DOSES",
Leite Bem Essencial UHT Meio Gordo,MIMOSA,Emb. 1 LT,"0,95€","0,95€ / LT",
Sumo Delight California,SUNNY DELIGHT,Garrafa 1.25 LT,"1,64€","1,31€ / LT",
Vinho Regional Península de Setúbal Branco,DONA ERMELINDA,Garrafa 0.75 LT,"5,29€","7,05€ / LT",
Snack Queijo de Vaca,PRÉSIDENT,Emb. 0.18 KG,"3,29€","18,28€ / KG",
ÁGUA MICELAR C/ ÁGUA DE ROSAS 400ML,GARNIER,,"7,99€",/ Unid.,
Vinho Regional Península de Setúbal Tinto,SERRAS DE AZEITÃO,Garrafa 0.75 LT,"2,64€","3,52€ / LT",
Chicharro,,1 Unid. = 0.465 KG (aprox.),"6,99€/kg","3,25€ / Unid.",
Massa Concha,MILANEZA,Emb. 0.5 KG,"1,19€","2,38€ / KG",
Manteiga C/ Sal,MILHAFRE,Emb. 0.25 KG,"2,29€","9,16€ / KG",
Queijo Fatiado Light -50% Gordura,TERRA NOSTRA,Emb. 0.2 KG,"2,28€","11,40€ / KG",
Piri Piri Moído,MARGÃO,Emb. 0.038 KG,"2,19€","57,63€ / KG",
Recarga Limpa Vidros,AJAX,Emb. 0.5 LT,"2,99€","5,98€ / LT",
Café Torrado Moído Vietname Moagem Universal Intensidade 10,SICAL,Emb. 0.22 KG,"3,06€","13,91€ / KG",
Molho Cocktail Salsa,HEINZ,Emb. 0.22 KG,"2,39€","10,86€ / KG",
Elixir 12 Horas Protection,COLGATE,Emb. 0.5 LT,"6,99€","13,98€ / LT",
Gel de Banho Hidratante Baby Sensitive,BABY DOVE,Emb. 0.2 LT,"1,79€","8,95€ / LT",
Azeite extra virgem bio suave,GALLO,Emb. 0.75,"4,99€","6,65€ /",
Dentífrico Natural Extracts Brilho Intenso,COLGATE,Emb. 0.075 LT,"3,24€","43,20€ / LT",
Ice Tea Melância Hortelã,LIPTON,Emb. 2 LT,"2,49€","1,25€ / LT",
Pensos Higiénicos Cottonlike Normal Alas,EVAX,Emb. 1 P,"2,59€","2,59€ / P",
Papel Higiénico 2 Folhas Super,RENOVA,Emb. 48 ROLOS,"14,65€","0,31€ / ROLOS",
Gel Limão,FINISH,Emb. 1 LT,"8,99€","8,99€ / LT",
Legumes C/ Vitela desde os 6 Meses S/ Glúten,NESTLÉ,Emb. 0.19 KG,"1,39€","7,32€ / KG",
Chiclets de Morango 12 Unid.,CHICLETS,Emb. 0.017 KG,"0,99€","58,24€ / KG",
Gentil Lixívia para a Roupa a Cores e Delicada,NEOBLANC,Emb. 2 LT,"5,49€","2,75€ / LT",
WC Frescura Continua,NEO BLANC,Emb. 2 UNID.,"4,19€","2,10€ / UNID.",
DESODORIZANTE AXE AERO BLACK,AXE,Emb. 0.15 LT,"3,29€","21,93€ / LT",
Caldo de Carne Menos 30% Sal,KNORR,Emb. 0.08 KG,"1,49€","18,63€ / KG",
Iogurte Aroma Tutti-Frutti 4 Unid.,LONGA VIDA,Emb. 0.125 KG,"0,89€","7,12€ / KG",
Queijo Amanteigado Fatiado,PAIVA,Emb. 0.18 Kg,"2,19€","12,17€ / Kg",
Vinho Verde Branco,VIA LATINA,Garrafa 0.75 LT,"2,99€","3,99€ / LT",
Alimento Húmido P/ Gato Fórmula Indoor Atum e Vitela Pack 4,PURINA ONE,4 G,"3,49€","0,87€ / G",
Sabonete Liquido Leite e Azeitona,,Emb. 0.3 LT,"3,19€","10,63€ / LT",
Café Solúvel Clássico,NESCAFÉ,Emb. 0.2 KG,"6,14€","30,70€ / KG",
Rolo de Cozinha Extra XXL,RENOVA,Emb. 1 ROLO,"1,19€","1,19€ / ROLO",
Champô Cabelo Secos Garnier Maravilhoso,ULTRA SUAVE,Emb. 0.25 LT,"3,59€","14,36€ / LT",
Óleo Intense 6-80 Louro Avelã,SYOSS,,"6,24€",/ Unid.,
Desodorizante Roll On Açaí Waterlily,DOVE,Emb. 0.05 LT,"2,69€","53,80€ / LT",
Iogurte Morango e Banana 0% Açúcar 4 Unid.,IOGOLINO,Emb. 0.4 KG,"2,89€","7,23€ / KG",
Óleo de Duche Natural,NIVEA,Emb. 0.2 LT,"3,99€","19,95€ / LT",
Elixir Total Care Zero,LISTERINE,Emb. 0.5 LT,"6,49€","12,98€ / LT",
Alimento Seco P/ Cão Frango com Arroz <10kg,PURINA,Emb. 0.8 KG,"5,69€","7,11€ / KG",
Leite com Chocolate UHT 4x200 ml,GRESSO,Emb. 0.8 LT,"1,59€","1,99€ / LT",
Refrigerante C/ Gás Zero Açúcar,COCA COLA ZERO,Emb. 1 LT,"1,60€","1,60€ / LT",
Gel Elastic Ultimate 7,NIVEA MEN,Emb. 0.15 LT,"4,59€","30,60€ / LT",
Iogurte Líquido Frutos Tropicais 4 Unid.,YOGGI,Emb. 0.64 KG,"2,09€","3,27€ / KG",
Cápsulas de Café Alumínio Nespresso Clássico,SEGAFREDO,Emb. 10 UN,"4,29€","0,43€ / UN",
Azeite Pet,OLIVEIRA DA SERRA,Emb. 0.75 LT,"3,24€","4,32€ / LT",
Ambientador 5 em 1 Relax Zen,BRISE,Emb. 0.3 LT,"1,54€","5,13€ / LT",
Manteiga Tradicional,PRIMOR,Emb. 0.25 KG,"2,29€","9,16€ / KG",
OIKOS AMORA 110G X4,OIKOS,Emb. 0.44 KG,"2,39€","5,43€ / KG",
Farinha S/ Fermento T65,NACIONAL,Emb. 1 KG,"1,04€","1,04€ / KG",
Vinho Regional Douro Branco,ADEGA DE VILA REAL,Garrafa 0.75 LT,"3,29€","4,39€ / LT",
Salsicha Peru,NOBRE,Emb. 0.16 KG,"1,39€","8,69€ / KG",
Cerveja com Álcool,SUPER BOCK,Lata 0.33 LT,"0,59€","1,79€ / LT",
Leite Fresco Gordo,VIGOR,Emb. 1 LT,"1,15€","1,15€ / LT",
Dentífrico Max White Cool Mint,COLGATE,Emb. 0.075 LT,"5,49€","73,20€ / LT",
Donuts,,1 Unid. = 0.045 KG,"0,28€","6,22€ / KG",
AUSONIA ORG COTTON SUPER ABAS,AUSONIA,Emb. 10 UNID.,"2,54€","0,25€ / UNID.",
Cápsulas Café Au Lait Galão,DOLCE GUSTO,Emb. 16 CAPS.,"5,99€","0,37€ / CAPS.",
Desodorizante Roll-On Invisible Care,DOVE,Emb. 0.05 LT,"2,69€","53,80€ / LT",
Tomate em Pedaços Manjerição e Orégãos,GULOSO,Emb. 0.392 KG,"2,29€","5,84€ / KG",
Água Micelar Peles Sensíveis,BIOTEN,Emb. 0.1 LT,"1,97€","19,70€ / LT",
Gelado de Chocolate Pack 6,CORNETTO,Emb. 0.54 LT,"4,99€","9,24€ / LT",
Cuecas Incontinência Discreet L,AUSONIA,Emb. 7 UNID.,"7,99€","1,14€ / UNID.",
Camarão Cal. 30/40 Congelado,,1 Unid. = 0.238 KG (aprox.),"15,76€/kg","3,75€ / Unid.",
Alface Frisada,,1 Unid. = 0.4 KG (aprox.),"1,71€/kg","0,68€ / Unid.",
Champô Volume Toranja Branca e Menta,HERBAL ESSENCES,Emb. 0.4 LT,"3,99€","9,98€ / LT",
Bebida de Soja Baunilha 3x200ML,SHOYCE,Emb. 0.6 LT,"1,79€","2,98€ / LT",
DENIM DEO SPRAY ORIGINAL,DENIM,Emb. 0.15 LT,"2,39€","15,93€ / LT",
Gel de Banho Naturals Oliva e Leite,PALMOLIVE,Emb. 0.5 LT,"2,69€","5,38€ / LT",
"A+ COLOR LIQ 85D,,4.25L",A+,,"11,99€",/ Unid.,
Refrigerante sem Gás Ananás,FRUTIS,Emb. 1.5 LT,"1,15€","0,77€ / LT",
Licor Beirão,BEIRÃO,Garrafa 0.7 LT,"10,99€","15,70€ / LT",
Detergente Loiça Manual Original Ultra,FAIRY,Emb. 1.5 LT,"5,64€","3,76€ / LT",
FARINHA BRANCA NEVE SUPER FINA,BRANCA DE NEVE,Emb. 1 KG,"1,69€","1,69€ / KG",
Mad Chip Alho e Evas,CALVÉ,Emb. 0.26 KG,"2,69€","10,35€ / KG",
Tablete de Chocolate de Leite,NESTLÉ,Emb. 0.09 KG,"1,09€","12,11€ / KG",
Sabonete Líquido para as Mãos,DOVE,Emb. 0.25 LT,"2,39€","9,56€ / LT",
Ice tea de Manga 3x20 cl,LIPTON,Emb. 0.6 LT,"1,17€","1,95€ / LT",
Alimento Húmido P/ Gatinhos C/ Vitela,GOURMET,Emb. 0.085 KG,"0,75€","8,82€ / KG",
Óleo Cabelo Repara e Protege,PANTENE,Emb. 0.1 LT,"9,99€","99,90€ / LT",
Palitos de La Reine Mousse d´Or,DU BOIS DE LA ROCHE,Emb. 0.2 KG,"2,89€","14,45€ / KG",
"AZEITONA OXIDADA,FRC,210G QAMPO",,0.21 KG,"1,39€","6,62€ / KG",
Alimento Húmido Gato P/ Gold,GOURMET,Emb. 0.085 KG,"0,75€","8,82€ / KG",
Sumo de Laranja,JOI,Garrafa 1.5 LT,"1,04€","0,69€ / LT",
Pantene Cuidado Clássico Champô 3 Em 1,PANTENE PV,Emb. 0.3 LT,"4,99€","16,63€ / LT",
Lima,,1 Unid. = 0.08 KG (aprox.),"2,99€/kg","0,24€ / Unid.",
Vinagre Balsâmico Rosé,GALLO,Emb. 0.25 LT,"1,86€","7,44€ / LT",
Natas Cremosas Light,MIMOSA,Emb. 0.2 LT,"0,89€","4,45€ / LT",
Couve Coração,,1 Unid. = 0.84 KG (aprox.),"0,99€/kg","0,83€ / Unid.",
Óleo Intense 4-23 Cereja Profundo,SYOSS,,"6,24€",/ Unid.,
Bebida de Soja Original,SHOYCE,Emb. 1 LT,"1,69€","1,69€ / LT",
Gel de Duche Nutritivo,DOVE,Emb. 0.75 LT,"4,79€","6,39€ / LT",
"Alimento Húmido P/Cão Adulto C/ Gelatina de Boi, Frango e Cordeiro",,Emb. 0.4 KG,"2,59€","6,48€ / KG",
Sopa de Espargos,KNORR,Emb. 0.07 KG,"1,49€","21,29€ / KG",
Fraldas Incontinência Máxima G,LINDOR,Emb. 46 UNID.,"28,74€","0,62€ / UNID.",
Alimento P/ Cão Adulto De Salmão e Aveia,BEYOND,Emb. 1.4 KG,"6,34€","4,53€ / KG",
Máquinas de Barbear Descartáveis Blue II,GILLETTE,Emb. 10 UNID.,"5,99€","0,60€ / UNID.",
Queijo Curado 7 meses,SÃO JORGE,Emb. 0.4 KG,"5,99€","14,98€ / KG",
Douradinhos de Filete de Peixe 15 Unid. Ultracongelado,CAPITÃO IGLO,Emb. 0.42 KG,"5,69€","13,55€ / KG",
Conserva de Ervilhas da Horta,COMPAL,Emb. 0.42 KG,"0,99€","2,36€ / KG",
Bolachas Ovos Dinossauros,ARTIACH,Emb. 0.14 KG,"2,09€","14,93€ / KG",
Fios de Bacon,PRIMOR,Emb. 0.1,"2,08€","20,80€ /",
Champô Anti-Caspa Men Limpeza Profunda,LINIC,Emb. 0.36 LT,"4,94€","13,72€ / LT",
Neoblanc Densa+,NEOBLANC,Emb. 2 LT,"2,58€","1,29€ / LT",
BANZAI NOODLE CARIL CIGALA,CIGALA,Emb. 0.067 KG,"0,94€","14,03€ / KG",
Refrigerante sem Gás Limão,FRUTIS,Emb. 1.5 LT,"1,15€","0,77€ / LT",
Arroz Carolino,PATO REAL,Emb. 1 KG,"1,17€","1,17€ / KG",
Cápsulas Café Ristretto Barista Intensidade 9,DOLCE GUSTO,Emb. 16 CAPS.,"4,79€","0,30€ / CAPS.",
Escova de Dentes Max White,COLGATE,Emb. 1 UNID.,"4,39€","4,39€ / UNID.",
Leite Bem Essencial C/ Polpa de Morango 4 Unid.,MIMOSA,Emb. 0.8 LT,"1,99€","2,49€ / LT",
"OIKOS STRACCIATELLA 110G ,,440G",OIKOS,Emb. 0.44 KG,"2,39€","5,43€ / KG",
Cream Crackers,JACOB'S,Emb. 0.2 KG,"0,99€","4,95€ / KG",
Fatias Finas Peito de Peru,NOBRE,Emb. 0.11 KG,"2,14€","19,45€ / KG",
Fraldas Bebé Extra Absorção Activity Tamanho 5,DODOT,Emb. 48 LT,"13,29€","0,28€ / LT",
Bálsamo Aftershave active energy 2 em 1 shave,NIVEA,Emb. 0.1 LT,"8,99€","89,90€ / LT",
Whisky Bourbon Jack Daniels,JACK DANIEL'S,Garrafa 0.7 LT,"23,99€","34,27€ / LT",
Cera Signature,AXE,Emb. 0.075 LT,"3,99€","53,20€ / LT",
Barquette Morango,LULU,Emb. 0.12 KG,"1,99€","16,58€ / KG",
Tablete Chocolate Culinária,PANTAGRUEL,Emb. 0.2 KG,"1,79€","8,95€ / KG",
Cápsulas Leite Achocolatado Nesquik,DOLCE GUSTO,Emb. 16 CAPS.,"5,99€","0,37€ / CAPS.",
100% Cevada,PENSAL,Frasco 0.2 KG,"2,59€","12,95€ / KG",
Máscaras Liso Keratina,TRESEMMÉ,Emb. 0.3 LT,"5,39€","17,97€ / LT",
Licor Anis Escarchado,BORLIDO,Garrafa 1 LT,"8,49€","8,49€ / LT",
Alimento Seco P/ Cão Adulto Borrego,PURINA,Emb. 14 KG,"49,99€","3,57€ / KG",
Conserva de Salsichas Aves 5 Unid.,IZIDORO,Frasco 0.25 KG,"1,59€","6,36€ / KG",
Yofu de Soja e Manga sem Açúcar,ALPRO,Emb. 0.4 KG,"2,39€","5,98€ / KG",
Conserva de Feijão Branco Cozido Da Horta,COMPAL,Emb. 0.42 KG,"0,99€","2,36€ / KG",
Pensos Diários Slip Normal,AUSONIA,Emb. 40 UNID.,"1,49€","0,04€ / UNID.",
B&J Cookie Dough 465ml,,Emb. 0.465 LT,"6,79€","14,60€ / LT",
Bacalhau Especial Islândia,,1 Unid. = 3.5 KG (aprox.),"12,98€/kg","45,43€ / Unid.",
Bacalhau Graúdo Noruega Asa Preta,,1 Unid. = 2.5 KG,"12,99€/kg","32,48€ / Unid.",
Limpa Vidros Anti Embaciamento,AJAX,Spray 0.5 LT,"3,59€","7,18€ / LT",
FILETE ATUM EM ESCABECHE 120 GR,TENÓRIO,Emb. 0.12 KG,"2,29€","19,08€ / KG",
Bebida de Amêndoa 0%,SHOYCE,Emb. 1 LT,"2,19€","2,19€ / LT",
Cereais Granola de Aveia C/ Arandos e Sementes de Abóbora,FITNESS,Emb. 0.3 KG,"2,79€","9,30€ / KG",
Iogurte Líquido Danonino Bebedino Morango 4x100g,DANONE,Emb. 0.4 KG,"1,79€","4,48€ / KG",
Ambientador Recarga Spray Lavanda,GLADE,Emb. 2 UNID.,"7,18€","3,59€ / UNID.",
Cerveja com Álcool 6x20cl,CRISTAL,Emb. 1.2 LT,"2,29€","1,91€ / LT",
PensosHigiénicos Cottonlike Super Plus Alas,EVAX,Emb. 10   UNID.,"2,59€","0,26€ /   UNID.",
Azeite Maduras,OLIVEIRA DA SERRA,Emb. 0.75 LT,"6,19€","8,25€ / LT",
Café Ricoré,DOLCE GUSTO,Emb. 16 CAPS.,"5,99€","0,37€ / CAPS.",
Sumo de Laranja e Manga,JOI,Garrafa 1.5 LT,"1,04€","0,69€ / LT",
Molho Francesinha,GULOSO,Frasco 0.5 KG,"3,29€","6,58€ / KG",
Sabonete líquido para as mãos,DOVE,Emb. 0.5 LT,"2,49€","4,98€ / LT",
Recarga Ambientador Elétrica White Bouquet,AIR WICK,Emb. 0.019 LT,"3,59€","188,95€ / LT",
Vinho Regional Lisboa Branco,PROVA RÉGIA,Garrafa 0.75 LT,"3,99€","5,32€ / LT",
Pimenta Branca Moída,MARGÃO,Emb. 0.04 KG,"2,39€","59,75€ / KG",
Costeletas de Lombo Porco,,1 Unid. = 0.3 KG (aprox.),"4,19€/kg","1,26€ / Unid.",
Gel Sanitário Harpic Liquido Força do Oceano,,Emb. 0.75 LT,"1,94€","2,59€ / LT",
Vinho Regional Península de Setúbal Branco,FONTANARIO,Garrafa 0.75 LT,"2,69€","3,59€ / LT",
Vinho Regional Alentejano Tinto,SOVIBOR,Garrafa 0.75 LT,"2,99€","3,99€ / LT",
Champô Color Revitalizante,TRESEMMÉ,Emb. 0.9 LT,"6,59€","7,32€ / LT",
Chocolate de Leite,MILKA,Emb. 0.09 KG,"1,59€","17,67€ / KG",
Coloração 4-2 Castanho Avermelhado 16X3,SYOSS,,"4,99€",/ Unid.,
Champô Cabelo Anti-caspa Power,NIVEA MEN,Emb. 0.25 LT,"4,39€","17,56€ / LT",
Alecrim,MARGÃO,Emb. 0.015 KG,"0,99€","66,00€ / KG",
Cereais Corn Flakes Original,KELLOGG'S,Emb. 0.5 KG,"2,24€","4,48€ / KG",
Refrigerante C/ Gás  Zero Açúcar Vidro Pack 4,COCA COLA ZERO,Emb. 0.08 LT,"2,76€","34,50€ / LT",
Vinho Rosé Emotions,MATEUS,Garrafa 0.75 LT,"4,29€","5,72€ / LT",
Iogurte Líquido Framboesa Arandos 4x155g,DANONE,Emb. 0.62 KG,"1,69€","2,73€ / KG",
Tampões com Aplicador Pearl Super,TAMPAX,Emb. 24 UNID.,"4,99€","0,21€ / UNID.",
Chá Baunilha e Caramelo,LIPTON,Emb. 20 SAQ.,"1,74€","0,09€ / SAQ.",
Palmier Coberto,,1 UNID.,"0,80€","0,80€ / UNID.",
Detergente Manual Loiça Limão,SUPER POP,Emb. 0.7 LT,"1,49€","2,13€ / LT",
Nuggets de Frango 18 Unid.,CAPITÃO IGLO,Emb. 0.375 KG,"8,99€","23,97€ / KG",
Escova Dentes Extra Interdental Média,AQUAFRESH,Emb. 1 UNID.,"3,19€","3,19€ / UNID.",
"AGUA FASTIO,,2.5L",FASTIO,,"1,29€",/ Unid.,
Conserva de Salsichas Frankfurt 6 Unid.,IZIDORO,Lata 0.12 KG,"0,83€","6,92€ / KG",
Vinho do Porto Velhotes Tawny,CALEM,Garrafa 0.75 LT,"4,99€","6,65€ / LT",
Cápsulas Café Espresso Intenso Intensidade 13,DOLCE GUSTO,Emb. 48 CAPS.,"14,89€","0,31€ / CAPS.",
Alimento Completo Periquito,VITAKRAFT,Emb. 1 KG,"3,99€","3,99€ / KG",
Johnson's Gel de Banho para Bebé Cuidado Completo,JOHNSON'S BABY,Emb. 0.5 LT,"3,89€","7,78€ / LT",
Cápsulas Café Macchiato Caramelo P/ Dolce Gusto,STARBUCKS,Emb. 12 CAPS.,"5,49€","0,46€ / CAPS.",
Água Tónica Mist,NORDIC,Lata 0.25 LT,"0,75€","3,00€ / LT",
Whisky Fin Blen,WILLIAM LAWSON'S,Garrafa 0.7 LT,"14,79€","21,13€ / LT",
Chá Ervas Noite Tranquila,LIPTON,Emb. 0.03 KG,"1,94€","64,67€ / KG",
Esparguete Picante,MILANEZA,Emb. 0.5 KG,"2,69€","5,38€ / KG",
Leite Condensado Magro,NESTLÉ,Lata 0.387 KG,"1,49€","3,85€ / KG",
Caldo de Galinha,KNORR,Emb. 0.252 KG,"2,39€","9,48€ / KG",
Mini Snack de Chocolate de Leite,LION,Emb. 11 UNID.,"2,79€","0,25€ / UNID.",
Almôndegas,NOBRE,Emb. 0.42 KG,"2,74€","6,52€ / KG",
GELEIA MORANGO 345G,CASA MATEUS,Emb. 0.345 KG,"2,47€","7,16€ / KG",
Farinha P/ Bolos C/ Fermento,NACIONAL,Emb. 1 KG,"1,18€","1,18€ / KG",
Body Lotion Refirmante em 2 Semanas Q10,NIVEA,Emb. 0.25 LT,"4,99€","19,96€ / LT",
Arroz Carolino,LOURO,Emb. 1 KG,"1,09€","1,09€ / KG",
Ambientador Máquina Loiça Limão,FINISH,Emb. 2 UNID.,"4,99€","2,50€ / UNID.",
Molho de Nata Carne,MIMOSA,Emb. 0.2 LT,"0,98€","4,90€ / LT",
Condicionador Nourish & Replenish,TRESEMMÉ,Emb. 0.4 LT,"4,79€","11,98€ / LT",
Iogurte Líquido Tutti Frutti 6 Unid.,ACTIMEL,Emb. 0.6 KG,"2,59€","4,32€ / KG",
Bolachas Original,OREO,Emb. 0.154 KG,"1,39€","9,03€ / KG",
Maionese Vegan sem Glúten,CALVÉ,Emb. 0.27 KG,"3,29€","12,19€ / KG",
Refresco em Pó Laranja,TANG,Emb. 0.03 KG,"0,83€","27,67€ / KG",
Body Milk Nutritivo Pele Seca,NIVEA,Emb. 0.4 LT,"4,99€","12,48€ / LT",
Chá de Camomila,TETLEY,Emb. 10 UNID.,"0,84€","0,08€ / UNID.",
Gelado Super Maxi,OLÁ,Emb. 0.39 LT,"3,99€","10,23€ / LT",
Leite Bem Essencial C/ Chocolate UHT 4 Unid.,MIMOSA,Emb. 0.8 LT,"1,99€","2,49€ / LT",
Mini Tostas Redondas,BIMBO,Emb. 0.1 KG,"1,24€","12,40€ / KG",
Johnson\'s Loção para Crianças Bons Sonhos,JOHNSON'S BABY,Emb. 0.5 LT,"3,89€","7,78€ / LT",
Destop Gel Express Odor Stop 1Litro x15,DESTOP,Emb. 1 LT,"5,99€","5,99€ / LT",
Tónica Suave Pele Seca,NIVEA,Emb. 0.2 LT,"4,99€","24,95€ / LT",
Desodorizante Roll-On Biorythm 48H,REXONA,Emb. 0.05 LT,"2,39€","47,80€ / LT",
Leite de Crescimento 1+ Cereais,NESTLÉ,Emb. 1 LT,"2,49€","2,49€ / LT",
FAIRY LIMÃO 340ML,FAIRY,Emb. 0.34 LT,"1,28€","3,76€ / LT",
Creme de Cabra,PRÉSIDENT,Emb. 0.125 LT,"2,45€","19,60€ / LT",
Gelatina Light Melancia 4 Unid.,ROYAL,Emb. 0.4 KG,"2,19€","5,48€ / KG",
Bolacha Diet Nature Recheio Chocolate,GULLÓN,Emb. 0.25 KG,"2,34€","9,36€ / KG",
Gelado Coco Choco Parfait Les Dessertss,CARTE D'OR,Emb. 0.9 LT,"3,29€","3,66€ / LT",
Queijo Mini Babybel,BABYBEL,Emb. 0.12 KG,"1,94€","16,17€ / KG",
Toucinho Fumado,DAMATTA,Emb. 0.2 KG,"3,29€","16,45€ / KG",
Mateus Rosé,MATEUS,Garrafa 0.75 LT,"4,29€","5,72€ / LT",
Ananás dos Açores,,1 Unid. = 1.2 KG (aprox.),"5,99€/kg","7,19€ / Unid.",
Pensos Incontinência Discreet Maxi Night,AUSONIA,Emb. 16 UNID.,"7,99€","0,50€ / UNID.",
Lava Tudo Multisuperficies Lavanda,CIF,Emb. 1.4 LT,"1,99€","1,42€ / LT",
Creme Culinária Soja,SHOYCE,Emb. 0.2 L,"1,39€","6,95€ / L",
Vinho do Porto Ruby,FERREIRA,Garrafa 0.75 LT,"6,29€","8,39€ / LT",
Gel de Banho Laranja e Manga,VASELINE,Emb. 0.7 LT,"2,99€","4,27€ / LT",
Crocante de Frango Recheio Alho e Ervas,IGLO,Emb. 0.204 KG,"4,99€","24,46€ / KG",
Sopa Económica Rabo de Boi,KNORR,Emb. 0.06 KG,"1,09€","18,17€ / KG",
Ambientador Absorve Odores Marinho 2x150gr,BRISE,Emb. 0.3 KG,"2,99€","9,97€ / KG",
Air Wick Sticks Perfumados Flor de Cerejeira x5,AIRWICK,Emb. 0.025 LT,"7,19€","287,60€ / LT",
Toranja Cal. 2/3,,1 Unid. = 0.32 KG (aprox.),"1,69€/kg","0,54€ / Unid.",
Lenços Bolso 6+2 Unidades Red Label Pure,LENÇOS RENOVA,Emb. 8 UNID.,"1,89€","0,24€ / UNID.",
Leite Bem Essencial UHT Magro,MIMOSA,Emb. 1 LT,"0,95€","0,95€ / LT",
Barras de Cereais de Morango 6 Unid.,FITNESS,Emb. 0.141 KG,"2,29€","16,24€ / KG",
Iogurte Líquido S/ Lactose Morango Banana 4 Unid.,YOGGI,Emb. 0.64 KG,"2,19€","3,42€ / KG",
Vinho do Porto 10 Anos,FERREIRA,Garrafa 0.75 LT,"16,99€","22,65€ / LT",
Cereais de Mel,ESTRELITAS,Emb. 0.55 KG,"3,14€","5,71€ / KG",
Manga Aérea,,1 Unid. = 0.5 KG (aprox.),"1,99€/kg","1,00€ / Unid.",
Vinho Regional Alentejano Tinto,DOM MARTINHO,Garrafa 0.75 LT,"5,99€","7,99€ / LT",
Elixir Listerine Menta Suave,LISTERINE,Emb. 0.75 LT,"5,99€","7,99€ / LT",
Alimento Húmido P/ Gato Gold Salmão e Frango,GOURMET,Emb. 0.085 KG,"0,75€","8,82€ / KG",
"CHIPS AHOY! PEPITAS XL 18,184G",CHIPS AHOY,Emb. 0.184 KG,"2,59€","14,08€ / KG",
Licor,SHERIDAN'S,Garrafa 0.5 LT,"17,99€","35,98€ / LT",
Cereais Choco Flakes,CUÉTARA,Emb. 0.5 KG,"2,99€","5,98€ / KG",
Ambientador Aerossol  Essências Baunilha 6 em 1,AIR WICK,Spray 0.24 LT,"1,79€","7,46€ / LT",
Conserva de Feijão Frade da Horta,COMPAL,Lata 0.42 KG,"0,99€","2,36€ / KG",
Detergente para a Maquina da Roupa Active Fresh,SKIP,Emb. 1.458 KG,"14,99€","10,28€ / KG",
Alimento Seco P/ Cão Mini Menu Frango,PURINA FRISKIES,Emb. 1.5 KG,"4,84€","3,23€ / KG",
Creme para o Corpo Gordo para Pele Muito Seca,VASELINE,Emb. 0.25 LT,"4,99€","19,96€ / LT",
Tablete de Chocolate Bolacha,MILKA,Emb. 0.3 KG,"3,99€","13,30€ / KG",
Detergente Liquido para a Máquina da Roupa Concentrado,SKIP,Emb. 80 DOSES,"15,99€","0,20€ / DOSES",
Cevada Solúvel com Cereais,DELTA,Emb. 0.2 KG,"2,84€","14,20€ / KG",
Cereais de Trigo Integral,FITNESS,Emb. 0.375 KG,"2,69€","7,17€ / KG",
Recarga Freshmatic White Bouquet,AIR WICK,Spray 0.26 KG,"3,59€","13,81€ / KG",
Café Lote Clássico Grão,SICAL,Emb. 1 KG,"13,99€","13,99€ / KG",
Pantene Creme de Pentear Sem Enxaguar Caracóis 270ml,PANTENE PV,Emb. 0.27 LT,"4,49€","16,63€ / LT",
BATOM STAY INK CRAYON 105BL,MAYBELLINE,Emb. 1 UNID.,"9,49€","9,49€ / UNID.",
Cappuccino,NESCAFÉ,Emb. 0.25 KG,"6,39€","25,56€ / KG",
Flocos de Cereais com Fibras,KELLOGG'S,Emb. 0.375 KG,"2,59€","6,91€ / KG",
Anti-Mosquitos Elétrico Líquido 30 Noites,RAID,Emb. 0.021 LT,"4,49€","213,81€ / LT",
Iogurte Sólido Proteíco Coco Lindahls,NESTLÉ,Emb. 0.15 KG,"1,09€","7,27€ / KG",
Queijo Francês,CAPRICE DES DIEUX,Emb. 0.2 KG,"3,99€","19,95€ / KG",
"BEBIDA SOJA CHOCOLATE, 1L",ALPRO,Emb. 1 LT,"1,89€","1,89€ / LT",
Café Torrado em Grão Intensidade 12,BUONDI,Emb. 0.22 KG,"3,69€","16,77€ / KG",
Recarga Ambientador Freshmatic Oasis Turquesa,AIR WICK,Emb. 0.25 LT,"3,59€","14,36€ / LT",
Champô Anti-Caspa Cuidado Suave para Todos os Tipos de Cabelo,LINIC,Emb. 0.36 LT,"4,94€","13,72€ / LT",
Cerveja com Álcool 24x33cl,SAGRES,Emb. 7.92 LT,"18,29€","2,31€ / LT",
Vinho Branco Meio Seco,LEZÍRIA,Garrafa 0.75 LT,"1,59€","2,12€ / LT",
Detergente para a Máquina da Loiça,SUN,Emb. 1.575 KG,"12,34€","7,83€ / KG",
Johnson's Baby Óleo de Aloe Vera,JOHNSON'S BABY,Emb. 0.5 LT,"5,59€","11,18€ / LT",
GELATINA MARACUJÁ,GELLIMIX,Emb. 0.4 KG,"0,84€","2,10€ / KG",
Caldo de Carne,KNORR,Emb. 24 CUBOS,"2,39€","0,10€ / CUBOS",
Noodles Galinha,KNORR,Emb. 0.07 KG,"1,39€","19,86€ / KG",
Vinho do Porto Lágrima Branco,RAMOS PINTO,Garrafa 0.75 LT,"10,19€","13,59€ / LT",
Espumante Reserva Meio Seco,FITA AZUL,Garrafa 0.75 LT,"5,69€","7,59€ / LT",
Iogurte Líquido Morango 6 Unid.,YOCO,Emb. 0.54,"2,29€","4,24€ /",
Chá de Detox Hibisco Folha de Freixo Ulmeira,LIPTON,Emb. 20 SAQ.,"1,94€","0,10€ / SAQ.",
Vinho Regional Douro Tinto,QUINTA DA PACHECA,Garrafa 0.75 LT,"6,99€","9,32€ / LT",
Alimento Húmido P/ Gato C/ Peixe e Molho Espinafres,GOURMET GOLD,Emb. 0.085 KG,"0,75€","8,82€ / KG",
Maçã Jonagored Cal. 75/80,,1 Unid. = 0.245 KG (aprox.),"1,29€/kg","0,32€ / Unid.",
Vinho Regional Tejo Tinto,BRIDÃO,Garrafa 0.75 LT,"2,99€","3,99€ / LT",
Espumante Reserva Meio Seco,RAPOSEIRA,Garrafa 0.75 LT,"6,89€","9,19€ / LT",
Amaciador Cabelos Secos Elvive,ELVIVE,Emb. 0.2 LT,"3,79€","18,95€ / LT",
Iogurte Mix-in Nesquik 84% Leite Cereais 2 Unid.,NESTLÉ,Emb. 0.232 KG,"2,09€","9,01€ / KG",
Água sem Gás Limão,LUSO FRUTA,Garrafa 1 LT,"1,27€","1,27€ / LT",
Pudim Chocolate,BOCA DOCE,Emb. 0.022 KG,"0,47€","21,36€ / KG",
Johnson's Baby Gold Champô,JOHNSON'S BABY,Emb. 0.5 LT,"5,59€","11,18€ / LT",
Iogurte Líquido Corpos Morango Kiwi 4x155g,DANONE,Emb. 0.62 KG,"1,69€","2,73€ / KG",
Leite UHT Magro,MATINAL,Emb. 1 LT,"1,09€","1,09€ / LT",
Preparado Sopa Creme de Marisco,KNORR,Emb. 0.075 KG,"1,49€","19,87€ / KG",
Azeite virgem extra aroma trufa,GALLO,Emb. 0.25 LT,"2,39€","9,56€ / LT",
Sidra com Álcool Blackberry 4x33cl,SOMERSBY,Emb. 1.32 LT,"3,99€","3,02€ / LT",
Tablete de Chocolate Leite,NESTLÉ,Emb. 0.125 KG,"1,89€","15,12€ / KG",
Alimento Seco P/ Cão Adulto Carne Vaca,PURINA ONE,Emb. 1.5 KG,"8,65€","5,77€ / KG",
Dourada Cal. 200/300,,1 Unid. = 0.25 KG (aprox.),"5,49€/kg","1,37€ / Unid.",
Champô Anti-Queda com Ginseng,LINIC,Emb. 0.36 LT,"4,94€","13,72€ / LT",
Arroz Agulha,CAÇAROLA,Emb. 1 KG,"1,14€","1,14€ / KG",
Aclarador de Cabelo Gradual Casting Sunkiss Jelly Castanho Claro 1,L'ORÉAL PARIS,Emb. 1 UNID.,"11,99€","11,99€ / UNID.",
Néctar Vital Equilíbrio Manga Laranja,COMPAL,Emb. 0.33 LT,"0,84€","2,55€ / LT",
Pantene Repara & Protege Ampolas Resgate,PANTENE PV,Emb. 3 UNID.,"4,64€","1,55€ / UNID.",
Conserva de Sardinha em Tomate,RAMIREZ,,"0,99€",/ Unid.,
Cerveja Amber Lager 4x33cl,CORUJA,Emb. 1.32 L,"3,29€","2,49€ / L",
Ice Tea Limão Zero Açúcar,LIPTON,Emb. 0.6 LT,"1,13€","1,88€ / LT",
Ice Tea Pêssego,NESTEA,Garrafa 1.5 LT,"1,00€","0,67€ / LT",
Água sem Gás 6x50cl,LUSO,Emb. 3 LT,"2,74€","0,91€ / LT",
Máquinas de Barbear Descartáveis Blue II,GILLETTE,Emb. 6 UNID.,"2,99€","0,50€ / UNID.",
Spray Tira Nodoas Desengordurante,KH-7,Emb. 0.75 LT,"4,89€","6,52€ / LT",
Conserva de Salsichas 8 Unid.,IZIDORO,Frasco 0.65 KG,"3,14€","4,83€ / KG",
Toalhitas Sensitive Recarga,DODOT,Emb. 216 UNID.,"7,99€","0,04€ / UNID.",
Pacotinho Fruta Hero Baby 3 Frutos 100 G,HERO BABY,Emb. 0.1 KG,"0,98€","9,80€ / KG",
Coloração Permanente Intense 8-05 Louro Gelado,SYOSS,,"6,24€",/ Unid.,
Sobremesa Creme de Baunilha 4x100gr,DANONE,Emb. 0.4 KG,"1,99€","4,98€ / KG",
Pastilha Elástica Senses Watermelon Sunrise,TRIDENT,Emb. 0.023 KG,"0,95€","41,30€ / KG",
Refrigerante com Gás Laranja,SUMOL,Garrafa 1.25 LT,"1,39€","1,11€ / LT",
Bolachas Mini Cookies Tradicionais,NACIONAL,Emb. 0.12 KG,"1,45€","12,08€ / KG",
Costeletas Mistas de Porco,,1 Unid. = 0.435 KG (aprox.),"3,99€/kg","1,74€ / Unid.",
Doseador Delicious Sweet Taste,CANDEREL,Emb. 1 P,"1,49€","1,49€ / P",
Ketchup Familiar XXL,CALVÉ,Emb. 0.55 KG,"3,89€","7,07€ / KG",
Aditivo roupa spray roupa branca,VANISH,Emb. 0.75 LT,"5,19€","6,92€ / LT",
Champô Protecção da Cor,TRESEMMÉ,Emb. 0.5 LT,"4,19€","8,38€ / LT",
SYOSS OLEO INT. 4-18 CAST.PRALI,SYOSS,,"6,24€",/ Unid.,
Petit Suisse de Chocolate 6 Unid.,NESTLÉ,Emb. 0.36 KG,"2,59€","7,19€ / KG",
Pensos Diários Salva Slip Adapt,EVAX,Emb. 30 UNID.,"1,94€","0,06€ / UNID.",
Polpa de Maracuja,KOALA,Lata 0.565 LT,"4,04€","7,15€ / LT",
WC Brisa Marinha,NEO BLANC,Emb. 2 UNID.,"4,49€","2,25€ / UNID.",
Pantene Grisalho Radiante & Suave Máscara 160 ml,PANTENE PV,Emb. 0.16 LT,"5,99€","37,44€ / LT",
"BASE INFALLIBLE 300,,1P",L'ORÉAL PARIS,,"18,49€",/ Unid.,
Bolachas Cobertas Chocolate Leite,MILKA,Emb. 0.15 KG,"2,49€","16,60€ / KG",
Massa Pevide,MILANEZA,Emb. 0.25 KG,"0,59€","2,36€ / KG",
Harpic Liquído Eucalipto e Menta 750ml x12,HARPIC,Emb. 0.75 LT,"2,24€","2,99€ / LT",
Iogurte Líquido Proteíco Tropical Lindahls,NESTLÉ,Emb. 0.33 LT,"1,89€","5,73€ / LT",
Máscara Facial,SIMPLE,Emb. 0.21 LT,"2,35€","11,19€ / LT",
Refrigerante C/ Gás Laranja,FANTA,Garrafa 1.5 LT,"1,00€","0,67€ / LT",
Maionese,HELLMANN'S,Emb. 0.763 KG,"4,99€","6,54€ / KG",
Cápsulas Café Ristretto Ardenza Pack x3,DOLCE GUSTO,Emb. 48 CAPS.,"14,89€","0,31€ / CAPS.",
Iogurte Líquido Morango 0% 6 Unid.,DANONE,Emb. 6 UNID.,"2,59€","0,43€ / UNID.",
Detergente Roupa Líquido Proteção Escuros,WOOLITE,Emb. 30 DOSES,"6,99€","0,23€ / DOSES",
Champô Cabelos Normais Fructis Anti Caspa,GARNIER,Emb. 0.25 LT,"3,99€","15,96€ / LT",
Cereais Flakes,CUÉTARA,Emb. 0.5 KG,"2,99€","5,98€ / KG",
Esparguete Tricolor,MILANEZA,Emb. 0.5 KG,"1,38€","2,76€ / KG",
Amaciador concentrado flores silvestres,QUANTO,Emb. 76 DOSES,"4,89€","0,06€ / DOSES",
Bloco Sanitário Poder Activo Aqua,SONASOL,Emb. 0.05 KG,"1,94€","38,80€ / KG",
Coloração Nº 5-86 Castanho Caramelo,SYOSS,,"6,24€",/ Unid.,
Corvina Congelada,,1 Unid. = 0.5 KG (aprox.),"6,98€/kg","3,49€ / Unid.",
Torta com Cobertura Cacau e Recheio de Leite,DAN CAKE,Emb. 0.3 KG,"2,49€","8,30€ / KG",
Tempero Líquido Maggi,NESTLÉ,Emb. 0.125 KG,"2,09€","16,72€ / KG",
Cerveja com Álcool 20x25cl,SUPER BOCK,Emb. 5 LT,"9,49€","1,90€ / LT",
Pacotinho de Frutas Maçã Banana e Morango S/ Glúten +8 meses,NESTLÉ BEBÉ,Emb. 0.09 KG,"1,05€","11,67€ / KG",
Iogurte Bifidus Magro Líquido Activia Pêssego Maracujá 4 Unid.,ACTIVIA,Emb. 0.62 KG,"1,99€","3,21€ / KG",
Sumo Refrigerado Florida,SUNNY DELIGHT,Garrafa 0.31 LT,"0,78€","2,52€ / LT",
Esfregão Aço Inox,BRAVO,Emb. 1 P,"1,49€","1,49€ / P",
Spray Mousse Harmonias Florais,NEOBLANC,Spray 0.7 LT,"2,59€","3,70€ / LT",
Tira Gorduras Recarga,MISTOLIN,Emb. 0.545 LT,"2,14€","3,93€ / LT",
Soro Fisiológico 60ml,HIDRO,Emb. 0.06 LT,"0,59€","9,83€ / LT",
Amaciador Concentrado Aromaterapia Violeta,VERNEL,Emb. 57 DOSES,"3,29€","0,06€ / DOSES",
Vaselina Jelly Baby,VASELINE,Emb. 0.1 LT,"1,49€","14,90€ / LT",
Chá Verde Springy Mint,LIPTON,Emb. 20 UNID.,"1,49€","0,07€ / UNID.",
Água com Gás 6x25 cl,PEDRAS SALGADAS,Emb. 1.5 LT,"2,74€","1,83€ / LT",
Cereais de Chocolate,CRUNCH,Emb. 0.375 KG,"2,53€","6,75€ / KG",
Vinho Regional Alentejo Tinto,MONTE VELHO,Garrafa 0.75 LT,"3,69€","4,92€ / LT",
Limpa Vidros Cristal Recarga,AJAX,Emb. 0.5 LT,"2,99€","5,98€ / LT",
Johnson's Baby Pó de Talco,JOHNSON'S BABY,Emb. 0.2 KG,"2,49€","12,45€ / KG",
Néctar Vital Equilíbrio Laranja Cenoura Manga,COMPAL,Emb. 1 LT,"1,69€","1,69€ / LT",
Vinho Regional Dão Branco,GRÃO VASCO,Garrafa 0.75 LT,"2,99€","3,99€ / LT",
Salsichão Fatias Tapas,CAMPOFRIO,Emb. 0.08 KG,"1,89€","23,63€ / KG",
Gelado de Chocolate Branco e Cookies,MAGNUM,Emb. 0.44 LT,"3,89€","8,84€ / LT",
Fiambre da Perna Extra Fatiado,NOBRE,Emb. 0.11 KG,"2,14€","19,45€ / KG",
RECARGA ESFREGONA UNIVERSAL,VILEDA,,"2,49€",/ Unid.,
Queijo Fundido e Palitos Tostados,VACA QUE RI,Emb. 0.035 KG,"0,79€","22,57€ / KG",
Presunto Fatiado,DAMATTA,Emb. 0.07 KG,"1,98€","28,29€ / KG",
Sidra com Álcool de Maça 50cl,SOMERSBY,Emb. 0.5 LT,"1,24€","2,48€ / LT",
Caldo de Galinha,KNORR,Emb. 0.36 KG,"4,54€","12,61€ / KG",
Vinho Regional Alentejo Branco,MONTE VELHO,Garrafa 0.75 LT,"3,69€","4,92€ / LT",
Molho Passata Guloso C/Manjericao E Oregãos 210G,GULOSO,Emb. 0.21 KG,"0,59€","2,81€ / KG",
Pimento Vermelho,,1 Unid. = 0.21 KG (aprox.),"2,36€/kg","0,50€ / Unid.",
Azeite Virgem Extra Seleção,SERRATA,Garrafa 0.75 LT,"3,99€","5,32€ / LT",
Bolachas Crackers Original,TUC,Emb. 0.1 KG,"0,99€","9,90€ / KG",
VINHO FRIZANTE CACHO FRESCO BRANCO.75L,CACHO FRESCO,Emb. 0.075 LT,"1,69€","22,53€ / LT",
Dentífrico Pro-Esmalte Júnior Menta Suave,SENSODYNE,Emb. 0.05 LT,"3,79€","75,80€ / LT",
Roll On Narta Men InvisiMax,GARNIER,Emb. 0.05 LT,"3,99€","79,80€ / LT",
Farinha Amido de Milho,MAIZENA,Emb. 0.7 KG,"4,49€","6,41€ / KG",
Broa de Milho com Chouriço,,1 Unid. = 0.5 KG (aprox.),"1,59€/kg","1,59€ / Unid.",
Bolo Cake e Choc,MILKA,Emb. 0.175 KG,"2,49€","14,23€ / KG",
Lava Tudo Optimal 7 Multisuperficies com Lixívia,AJAX,Emb. 0.5 LT,"3,99€","7,98€ / LT",
PANO SUAVE ULTRA FRESH 2UN,VILEDA,Emb. 2 UNID.,"2,65€","1,33€ / UNID.",
Vinho Regional Península de Setúbal Branco,ADEGA DE PEGÕES,Garrafa 0.75 LT,"1,59€","2,12€ / LT",
Pargo Ruço Cal. 300/600,,1 Unid. = 0.55 KG (aprox.),"7,69€/kg","4,23€ / Unid.",
Iogurte Original Natural Açucarado 2x135G,DANONE,Emb. 0.27 LT,"1,69€","6,26€ / LT",
Vinho Regional Alentejo Tinto,MONSARAZ,Garrafa 0.75 LT,"3,99€","5,32€ / LT",
Iogurte Mix-in Kit Kat Morango 2 Unid.,NESTLÉ,Emb. 0.115 KG,"2,09€","18,17€ / KG",
Ice Tea Limão,LIPTON,Emb. 1 LT,"1,29€","1,29€ / LT",
Salsichas de Aves 8 Unidades,IZIDORO,Lata 0.2 KG,"1,19€","5,95€ / KG",
Gel Studio Line Invisi Fix Fixação Forte 6,L'ORÉAL PARIS,Emb. 0.15 KG,"5,99€","39,93€ / KG",
Kiwi,,1 Unid. = 0.11 KG (aprox.),"2,49€/kg","0,25€ / Unid.",
Desodorizante Deo Spray Bio-Eficácia 48H Narta,GARNIER,Emb. 0.2 LT,"4,29€","21,45€ / LT",
Amaciador Cabelos Frágeis,ELVIVE,Emb. 0.2 LT,"3,99€","19,95€ / LT",
Refrigerante com Gás Ananás,FRISUMO,Garrafa 1 LT,"0,99€","0,99€ / LT",
Batatas Fritas Rodela,PÁLA-PÁLA,Emb. 0.3 KG,"2,19€","7,30€ / KG",
Néctar Light Manga e Laranja,COMPAL,Emb. 1 LT,"1,89€","1,89€ / LT",
Vinho Regional Alentejano Tinto,PORTA DA RAVESSA,Garrafa 0.75 LT,"5,99€","7,99€ / LT",
Aguardente Velha,CR&F,Emb. 0.7 LT,"17,99€","25,70€ / LT",
"Mini Gelados de Chocolate Classic, Amêndoa e Branco Pack 10",MAGNUM,Emb. 0.55 LT,"7,49€","13,62€ / LT",
Pensos Higiénicos Respirare Normal,CAREFREE,Emb. 44 UNID.,"2,79€","0,06€ / UNID.",
Legumes Salteados Parisiense,BONDUELLE,Emb. 0.4 KG,"2,94€","7,35€ / KG",
Néctar Clássico Ananás 3x200 ml,COMPAL,Emb. 0.6 LT,"1,87€","3,12€ / LT",
Recargas Elétricas para Ambientador,AIR WICK,Emb. 0.019 LT,"10,64€","560,00€ / LT",
Sobremesa Creme de Chocolate 4x100gr,DANONE,Emb. 0.4 KG,"1,99€","4,98€ / KG",
Iogurte Líquido Proteíco Framboesa e Baunilha,NESTLÉ,Emb. 0.33 LT,"1,89€","5,73€ / LT",
Chá Lúcia Lima,TETLEY,Emb. 10 SAQ.,"0,86€","0,09€ / SAQ.",
Creme Barbear Classic,PALMOLIVE,Emb. 0.1 LT,"2,29€","22,90€ / LT",
Vinho Regional Douro Branco,ADEGA DE VILA REAL,Garrafa 0.75 LT,"2,69€","3,59€ / LT",
"Iogurte de Manga, Morango e Pêssego 8x120g",DANONE,Emb. 0.96 KG,"1,99€","2,07€ / KG",
Pêssego Vermelho,,1 Unid. = 0.17 KG (aprox.),"1,99€/kg","0,34€ / Unid.",
Snack Húmido P/ Gato Party Mix Cheezy Mix,FELIX,Emb. 0.06 KG,"1,89€","31,50€ / KG",
Bolachas Tosta Rica Mini Go,CUÉTARA,Emb. 0.24 KG,"2,69€","11,21€ / KG",
Snack P/ Cão Sticks C/ Aroma a Búfalo,PURINA,Emb. 0.09 KG,"1,99€","22,11€ / KG",
Café Torrado Moído Lote Nyeri Kenya Intensidade 8,SICAL,Emb. 0.22 KG,"3,89€","17,68€ / KG",
Amaciador para a Roupa Pure,COMFORT,Emb. 78 DOSES,"3,99€","0,05€ / DOSES",
Dentífrico Júnior,AQUAFRESH,Emb. 0.05 LT,"2,89€","57,80€ / LT",
Pão Rústico,,1 Unid. = 0.4 KG (aprox.),"2,29€/kg","0,92€ / Unid.",
Água sem Gás Mineral,LUSO,Garrafa 0.33 LT,"0,29€","0,88€ / LT",
Manteiga Magra Baixo Teor Sal,PRÉSIDENT,Emb. 0.25 KG,"2,55€","10,20€ / KG",
Creme de Barbear Original,DENIM,Emb. 0.1 LT,"1,68€","16,80€ / LT",
"GEL ÍNTIMO SUAVE, 250ML",CORINE DE FARME,Emb. 0.25 LT,"2,49€","9,96€ / LT",
Bebida soja Original 3x250ml,ALPRO,Emb. 0.75 LT,"1,79€","2,39€ / LT",
Champô Cuidado Clássico,TRESEMMÉ,Emb. 0.9 LT,"6,59€","7,32€ / LT",
Pano Microfibra Colors,VILEDA,Emb. 4 UNID.,"4,49€","1,12€ / UNID.",
Café Solúvel Clássico,NESCAFÉ,Emb. 10 SAQ.,"1,59€","0,16€ / SAQ.",
Peixe Espada Preto Posta,,1 Unid. = 0.27 KG (aprox.),"10,99€/kg","2,97€ / Unid.",
Pão de Forma com Códea Receita Económica,PANRICO,Emb. 0.475 KG,"1,59€","3,35€ / KG",
B&J Caramel Chew Chew 465ml,,Emb. 0.465 LT,"6,79€","14,60€ / LT",
Atum Posta Natural,BOM PETISCO,Emb. 0.2 KG,"2,39€","11,95€ / KG",
Abrilhantador Brilho e Proteção,FINISH,Emb. 0.4 LT,"4,84€","12,10€ / LT",
Manteiga de Amendoim Cremosa sem Adição de Açúcares,CALVÉ,Emb. 0.35 KG,"3,49€","9,97€ / KG",
Mostarda Dijon,MAILLE,Emb. 0.215 KG,"3,89€","18,09€ / KG",
Creme Limpeza Original,CIF,Emb. 0.5 LT,"1,89€","3,78€ / LT",
Iogurte Líquido Baunilha Cookies,DANONE,Emb. 0.3 KG,"1,89€","6,30€ / KG",
Moinho Pimenta Preta,MARGÃO,Emb. 0.035 KG,"3,99€","114,00€ / KG",
"FRIZE LIMA PEPIN GENGIB,,4x.25L",FRIZE,,"2,79€",/ Unid.,
Johnson\'s Baby Condicionador Penteia Fácil,JOHNSON'S BABY,Emb. 0.5 LT,"5,59€","11,18€ / LT",
Refeição Arroz de Tomate e frango,BLÉDINA,Emb. 0.2 KG,"1,57€","7,85€ / KG",
Desodorizante Invisimax Spray Homem,NARTA,Emb. 0.2 LT,"4,29€","21,45€ / LT",
Dove Men +Care Desodorizante Clean Comfort Spray,DOVE,Emb. 0.15 LT,"2,69€","17,93€ / LT",
Vinho Rosé,FAISÃO,Emb. 1 LT,"1,89€","1,89€ / LT",
Tempero Chili com Carne 4 porções,KNORR,Emb. 0.042 KG,"1,54€","36,67€ / KG",
After Shave Bálsamo Cool Sensitive,NIVEA MEN,Emb. 0.1 LT,"8,49€","84,90€ / LT",
Vinho Regional Minho Branco,AVELEDA,Garrafa 0.75 LT,"5,99€","7,99€ / LT",
Deo Creme Hidra Essencial 0% Álcool,VASELINE,Emb. 0.05 LT,"2,84€","56,80€ / LT",
Queijo Fatiado Flamengo 2X200 g,TERRA NOSTRA,Emb. 0.4 KG,"4,49€","11,23€ / KG",
Massa Fettuccine,MILANEZA,Emb. 0.5 KG,"1,33€","2,66€ / KG",
Massa Ondas,MILANEZA,Emb. 0.5 KG,"1,86€","3,72€ / KG",
Gel Sanitário Anti-calcário,HARPIC,Emb. 0.75 LT,"1,94€","2,59€ / LT",
Alimento Húmido P/ Gato Gold Mousse Peixe,GOURMET GOLD,,"0,75€",/ Unid.,
Tomate da Horta Concentrado,COMPAL,Emb. 0.14 KG,"0,99€","7,07€ / KG",
Pantene Liso & Sedoso Champô,PANTENE PV,Emb. 0.25 LT,"3,99€","15,96€ / LT",
Iogurte Sólido Suissinho Duo Mix Banana Morango,YOCO,Emb. 0.36 KG,"2,29€","6,36€ / KG",
Durex Gel Intense Orgasmic,DUREX,Emb. 0.01 LT,"10,49€","1 049,00€ / LT",
Cera Fixadora,AXE,Emb. 0.075 LT,"3,99€","53,20€ / LT",
Desodorizante Roll-On Cool Fresh,DOVE,Emb. 0.05 LT,"2,69€","53,80€ / LT",
Atum em Óleo Vegetal,BOM PETISCO,Emb. 0.385 KG,"3,79€","9,84€ / KG",
Amaciador total repair 5,ELVIVE,Emb. 0.69 LT,"5,99€","8,68€ / LT",
Iogurte Mix-in Smarties 73% Leite Morango 2 Unid.,NESTLÉ,Emb. 0.256 KG,"2,09€","8,16€ / KG",
Detergente Loiça Manual Recarga Espuma Ativa,FAIRY,Emb. 0.375 LT,"1,99€","5,31€ / LT",
Douradinhos Forníssimo 12 Unid.,CAPITÃO IGLO,Emb. 0.3 KG,"4,49€","14,97€ / KG",
Gelatina Light de Mirtilo 2x15g,CONDI,Emb. 0.03 KG,"1,49€","49,67€ / KG",
Sardinha em Óleo Vegetal,BOM PETISCO,Emb. 0.12 KG,"0,99€","8,25€ / KG",
Detergente Limpeza Spray Multiusos com Lixívia,CIF,Emb. 0.75 Lt,"2,49€","3,32€ / Lt",
GUARDANAPOS RENOVA OLÉ DUPLO 140U,GUARDANAPOS RENOVA,Emb. 140 UNID.,"1,79€","0,01€ / UNID.",
Água sem Gás,LUSO,Garrafão 7 LT,"2,05€","0,29€ / LT",
Gel Depilação P/ Pele Sensível C/ Aloe Vera,GILLETTE,Emb. 0.2 LT,"4,79€","23,95€ / LT",
Nabo sem Rama,,1 Unid. = 0.29 KG (aprox.),"1,99€/kg","0,58€ / Unid.",
Néctar Clássico Laranja do Algarve 3x20cl,COMPAL,Emb. 0.6 LT,"1,69€","2,82€ / LT",
Lenços de bolso Renova Kids,LENÇOS RENOVA,Emb. 10 UNID.,"1,19€","0,12€ / UNID.",
Tablete Chocolate 70% Cacau,LA CASA,Emb. 0.1 KG,"1,64€","16,40€ / KG",
Vinho Regional Alentejo Branco,PORTA DA RAVESSA,Garrafa 0.75 LT,"2,99€","3,99€ / LT",
Chá Marrocos Mint & Spices,LIPTON,Emb. 20 SAQ.,"1,94€","0,10€ / SAQ.",
Papaia Aérea,,1 Unid. = 0.514 KG (aprox.),"3,89€/kg","2,00€ / Unid.",
Vinho Branco de Mesa,CASAL DA EIRA,Emb. 0.25 LT,"0,69€","2,76€ / LT",
Leite Condensado Cozinha,NESTLÉ,Emb. 0.397 KG,"1,54€","3,88€ / KG",
Leite Condensado,NESTLÉ,Lata 0.37 KG,"1,49€","4,03€ / KG",
Tablete Chocolate Excellence Dark 85%,LINDT,Emb. 0.1 KG,"2,09€","20,90€ / KG",
OIKOS MAÇA CANELA 110G X4,OIKOS,Emb. 0.44 KG,"2,39€","5,43€ / KG",
Massa Estrelinhas,MILANEZA,Emb. 0.25 KG,"0,58€","2,32€ / KG",
Farinha Express,MAIZENA,Emb. 0.25 KG,"2,78€","11,12€ / KG",
Desodorizante Roll-On Shower Fresh,REXONA,Emb. 0.05 LT,"2,69€","53,80€ / LT",
Ambientador Stick Perfumado Amora e Baunilha,AIRWICK,Emb. 0.025 LT,"7,19€","287,60€ / LT",
Polpa de Tomate 210g,GULOSO,Emb. 0.21 KG,"0,69€","3,29€ / KG",
Tortellini de Carne,KNORR,Emb. 0.25 KG,"3,69€","14,76€ / KG",
Neoblanc Gentil Higiene Lixívia,NEO BLANC,Emb. 2 LT,"6,49€","3,25€ / LT",
Champô Cabelo Ultra Suave Delicadeza de Aveia,GARNIER,Emb. 0.4 LT,"5,59€","13,98€ / LT",
Loção para Corpo Hidatrante Express 48h Pele Normal a Seca,NIVEA BODY,Emb. 0.4 LT,"5,99€","14,98€ / LT",
Óleo Cedro Líquido,PRONTO,Emb. 0.25 LT,"3,59€","14,36€ / LT",
Alface Iceberg,,1 Unid. = 0.45 KG  (aprox.),"1,99€/kg","0,90€ / Unid.",
Uva Red Globe,,1 Unid. = 0.25 KG (aprox.),"3,29€/kg","0,82€ / Unid.",
PIRI SACANA C/CANNABIS,PALADIN,Emb. 0.075 LT,"3,09€","41,20€ / LT",
Pasta Pot Noodles de Pesto,KNORR,Emb. 0.068 KG,"1,89€","27,79€ / KG",
Esfregão Fibra Verde Classic XXL,SCOTCH BRITE,Emb. 1 UNID.,"0,99€","0,99€ / UNID.",
Entremeada de Porco,,1 Unid. = 0.4 KG (aprox.),"3,49€/kg","1,40€ / Unid.",
Arroz Agulha,SALUDÃES,Emb. 1 KG,"1,18€","1,18€ / KG",
Tablete de Chocolate Culinária 70% Cacau,NESTLÉ,Emb. 0.17 KG,"1,94€","11,41€ / KG",
DOVE Sabonete Líquido para as Mãos Recarga,DOVE,Emb. 0.5 LT,"2,99€","5,98€ / LT",
Desodorizante Roll-on Dermacare,VASELINE,Emb. 0.05 LT,"2,09€","41,80€ / LT",
Barras de Cereais Special K Frutos Vermelhos,KELLOGG'S,Emb. 0.132 KG,"3,79€","28,71€ / KG",
Alimento P/ Cão Snack Dental Frango,FRISKIES,Emb. 0.2 KG,"2,99€","14,95€ / KG",
Bolacha Cream Crackers Estilo Inglês,CUÉTARA,Emb. 0.2 KG,"0,99€","4,95€ / KG",
Alimento Húmido P/ Gato Carne de Vaca e Tomate,GOURMET GOLD,Emb. 0.085 KG,"0,75€","8,82€ / KG",
Aguardente Aldeia Velha 70cl,,,"14,99€",/ Unid.,
Penso Incontinência Discreet Normal,AUSONIA,Emb. 12 UNID.,"2,99€","0,25€ / UNID.",
Toalhitas Dermo 40,LINDOR,Emb. 40 UNID.,"4,49€","0,11€ / UNID.",
Chá de Limão,LIPTON,Emb. 20 SAQ.,"1,74€","0,09€ / SAQ.",
FAIRY MAO NATURALS LAVANDA 650ML,,Emb. 0.65 LT,"2,54€","3,91€ / LT",
Preparado em Pó P/ Gelatina de Limão,ROYAL,Emb. 0.114 KG,"1,99€","17,46€ / KG",
Café Solúvel C/ Bebida Coco Vegan,NESCAFE GOLD,Emb. 0.09 KG,"3,69€","41,00€ / KG",
Yofu Baunilha 500g,ALPRO,Emb. 0.5 KG,"2,39€","4,78€ / KG",
Snacks Tex-Mex,DORITOS,Emb. 0.12 KG,"1,65€","13,75€ / KG",
Vinho Tinto,ALANDRA,Garrafa 0.75 LT,"2,99€","3,99€ / LT",
Eau de Toilette Homem Original Brut,BRUT,Emb. 0.1 LT,"14,99€","149,90€ / LT",
ATUM RAMIREZ AZEITE 120G,RAMIREZ,,"1,19€",/ Unid.,
Néctar Essencial Maça 3x110ml,COMPAL,Emb. 0.33 LT,"1,79€","5,42€ / LT",
"Mini Gelados de Chocolate Classic, de Amêndoas e de Branco Pack 6",MAGNUM,Emb. 0.33 LT,"4,99€","15,12€ / LT",
Refrigerante C/ Gás Zero Cafeína Zero Açúcar,COCA COLA ZERO,Emb. 1.75 LT,"1,85€","1,06€ / LT",
Pet Expert Espuma de Limpeza,VANISH,Emb. 1 UNID.,"5,84€","5,84€ / UNID.",
Cereais de Milho S/ Glúten Corn Flakes,NESTLÉ,Emb. 0.375 KG,"2,24€","5,97€ / KG",
Bolachas Maria Oro,CUÉTARA,Emb. 0.8 KG,"2,49€","3,11€ / KG",
Maionese Heinz Cebola E Alho Td 400ml,HEINZ,Emb. 0.4 LT,"3,79€","9,48€ / LT",
Polpa de Tomate 1Kg,GULOSO,Frasco 1 KG,"1,99€","1,99€ / KG",
Sal Marinho Iodado,VATEL,Emb. 1 KG,"0,99€","0,99€ / KG",
Tablete de Chocolate Extrafino C/ Avelã,NESTLÉ,Emb. 0.123 KG,"1,89€","15,37€ / KG",
Iogurte Líquido Frutas Exóticas 6x100g,DANACOL,Emb. 0.6 KG,"2,99€","4,98€ / KG",
Queijo Curado Fatiado S/ Lactose,CASTELÕES,Emb. 0.15 KG,"2,15€","14,33€ / KG",
Desodorizante Spray Mulher Biorythm,REXONA,Emb. 0.15 LT,"2,39€","15,93€ / LT",
Chocolate em pó P/ Leite Saco,NESQUIK,Emb. 1 KG,"4,64€","4,64€ / KG",
Champô Cabelo Strong Power,NIVEA MEN,Emb. 0.25 LT,"4,39€","17,56€ / LT",
Arroz Agulha,LOURO,Emb. 1 KG,"1,08€","1,08€ / KG",
Pão De Forma Cerealia 100% Integral,PANRICO,Emb. 0.385 KG,"2,29€","5,95€ / KG",
Bigburger Vegetais 2 Unid. Ultracongelado,CAPITÃO IGLO,Emb. 0.25 KG,"3,99€","15,96€ / KG",
Deosodorizante Spray Invisible Black & White Fresh,NIVEA MEN,Emb. 0.15 L,"2,79€","18,60€ / L",
Água sem Gás Mineral Sport,LUSO,Emb. 0.75 LT,"0,69€","0,92€ / LT",
Alimento P/ Bebé Natural +6 meses 4 Unid.,NESTLÉ BEBÉ,Emb. 0.4 KG,"2,39€","5,98€ / KG",
Atum em Azeite Biológico,BOM PETISCO,Emb. 0.12 KG,"1,67€","13,92€ / KG",
Vinho Verde Branco,LAGOSTA,Garrafa 0.75 LT,"3,99€","5,32€ / LT",
Filete Primavera com Alho e Ervas Aromáticas 2 Unid.,IGLO,Emb. 0.225 KG,"3,99€","17,73€ / KG",
Massa Macarronete Riscado,MILANEZA,Emb. 0.5 KG,"1,19€","2,38€ / KG",
Champô,TRESEMMÉ,Emb. 0.7 LT,"6,59€","9,41€ / LT",
Mini Pizza Queijo e Fiambre Ultracongelado 9 Unid.,PICCOLINIS,Emb. 0.27 KG,"3,99€","14,78€ / KG",
Champô Anti-Caspa Men Eficácia Activa,LINIC,Emb. 0.225 LT,"3,34€","14,84€ / LT",
Creme Repara & Cuida Intensivo para Pele Extra Seca,NIVEA BODY,Emb. 0.3 LT,"6,89€","22,97€ / LT",
Bolachas de Água e Sal,VIEIRA,Emb. 0.125 KG,"0,79€","6,32€ / KG",
Chupa Single,CHUPA CHUPS,Emb. 0.012 KG,"0,27€","22,50€ / KG",
Espuma de Barbear Clássica,GILLETTE,Emb. 0.2 LT,"2,99€","14,95€ / LT",
GELATINA MANGA LARANJA LIGHT CONDI 2X15G,CONDI,Emb. 0.3 KG,"1,89€","6,30€ / KG",
Luvas Universais S,VILEDA,Emb. 1 UNID.,"1,99€","1,99€ / UNID.",
Dentífrico Pro Esmalte,SENSODYNE,Emb. 0.075 LT,"4,99€","66,53€ / LT",
Limão Cal. 2/3,,1 Unid. = 0.16 KG (aprox.),"1,99€/kg","0,32€ / Unid.",
Puré de Batata 3x97g,KNORR,Emb. 0.097 KG,"2,79€","28,76€ / KG",
Espumante Reserva Bruto,MURGANHEIRA,Garrafa 0.75 LT,"11,79€","15,72€ / LT",
Corvina à Posta,,1 Unid. = 0.205 KG (aprox.),"11,99€/kg","2,46€ / Unid.",
Café Moído Torrado Moagem Universal Dak Lak,SICAL,Emb. 0.22 KG,"3,89€","17,68€ / KG",
Brandy,CONSTANTINO,Garrafa 0.7 LT,"9,49€","13,56€ / LT",
"Café Solúvel Cevada, Chicória e Centeio",BRASA,Frasco 0.2 KG,"2,79€","13,95€ / KG",
Cápsulas Café Colombia Lungo Intensidade 5 Bio,DOLCE GUSTO,Emb. 12 CAPS.,"5,59€","0,47€ / CAPS.",
Cereais de Chocolate,CHOCAPIC,Emb. 0.625 KG,"3,52€","5,63€ / KG",
Pensos Diários Slip Maxi,AUSONIA,Emb. 30 UNID.,"1,49€","0,05€ / UNID.",
Amaciador Roupa Concentrado Intense Care Protect,COMFORT,Emb. 60 DOSES,"3,99€","0,07€ / DOSES",
Côco Seco,,1 Unid. = 0.48 KG (aprox.),"1,65€/kg","0,79€ / Unid.",
Bola de Berlim,,1 Unid. = 0.1 KG,"0,44€","4,40€ / KG",
PANO MICROFIBRAS COLORS XL 4 UN,VILEDA,Emb. 4 UNID.,"5,69€","1,42€ / UNID.",
Queijo Flamengo Fatiado,NOVA AÇORES,Emb. 0.2 KG,"1,89€","9,45€ / KG",
Maruca Inteira Congelada,,1 Unid. = 0.8 KG (aprox.),"6,98€/kg","5,58€ / Unid.",
Rebuçados sem Açúcar Sabor Mel e Limão 4x32g,HALLS,Emb. 0.128 KG,"2,99€","23,36€ / KG",
Carapau Pequeno,,1 Unid. = 0.12 KG (aprox.),"2,98€/kg","0,36€ / Unid.",
Rolo de Cozinha Maxi Absorção,RENOVA,Emb. 4 ROLOS,"2,59€","0,65€ / ROLOS",
Coloração Longa Duração Belle Color 5.3 Castanho Claro Dourado,GARNIER,Emb. 1 UNID.,"5,99€","5,99€ / UNID.",
Tablete de Chocolate Caramelo,MILKA,Emb. 0.1 KG,"1,69€","16,90€ / KG",
Vinho Regional Bairrada Tinto,S. DOMINGOS,Garrafa 0.75 LT,"2,68€","3,57€ / LT",
Melão Verde,,1 Unid. = 2.8 KG (aprox.),"1,99€/kg","5,57€ / Unid.",
Conserva de Lulas Recheadas,PITEU,Emb. 0.12 KG,"2,99€","24,92€ / KG",
Ambientador Pure Flor de Cereja da Ásia,AIRWICK,Emb. 0.25 LT,"4,19€","16,76€ / LT",
Snack P/ Cão Sticks C/ Aroma a Javali,PURINA,Emb. 0.09 KG,"1,99€","22,11€ / KG",
Bolachinhas Criança,BLÉDINA,Emb. 0.125 KG,"2,69€","21,52€ / KG",
Maionese com Sabor a Iogurte,HELLMANN'S,Emb. 0.433 KG,"3,29€","7,60€ / KG",
Condicionador Liso Queratina Acondicinador,TRESEMMÉ,Emb. 0.7 LT,"6,59€","9,41€ / LT",
Esparguete,CAÇAROLA,Emb. 0.5 KG,"0,98€","1,96€ / KG",
Aquafresh Active White  125ml,AQUAFRESH,,"2,79€",/ Unid.,
Lixívia em Gel Pink,DOMESTOS,Emb. 0.75 LT,"1,79€","2,39€ / LT",
Azeite,CONDESTÁVEL,Garrafa 0.75 LT,"3,69€","4,92€ / LT",
Aditivo para Roupa Gel Anti-Calcário 2 em1,CALGON,Emb. 0.75 LT,"6,99€","9,32€ / LT",
Queijo Fundido Light 16 Porções,PRÉSIDENT,Emb. 0.25 KG,"3,19€","12,76€ / KG",
Queijo Ralado,TERRA NOSTRA,Emb. 0.15 KG,"1,39€","9,27€ / KG",
Dobrada de Feijão Branco,NOBRE,Lata 0.42 KG,"1,76€","4,19€ / KG",
Farinha Fina,BRANCA DE NEVE,Emb. 1 KG,"1,29€","1,29€ / KG",
Óleo Intense 5-10 Castanho Claro,SYOSS,,"6,24€",/ Unid.,
Escova de Dentes Suave Whole Mouth Clean,COLGATE,Emb. 1 UNID.,"3,99€","3,99€ / UNID.",
PROTETOR SOLAR IP30 200ML,AMBRE SOLAIRE,Emb. 0.2 LT,"13,99€","69,95€ / LT",
Cereais de Chocolate,NESQUIK,Emb. 0.625 KG,"3,44€","5,50€ / KG",
"Néctar Essencial Maça, Banana, Laranja e Ananás 3x110ml",COMPAL,Emb. 0.33 LT,"1,79€","5,42€ / LT",
Massa Laços Tricolores,MILANEZA,Emb. 0.5 KG,"1,38€","2,76€ / KG",
Cillit Bang Limpa Vidros 500ML x12,CILLIT BANG,Emb. 0.5 LT,"2,24€","4,48€ / LT",
Iogurte Mix-In Chocapic 87% Leite 2 Unid.,NESTLÉ,Emb. 0.236 KG,"2,09€","8,86€ / KG",
Ração Húmida Gato Fantastic Banquete do Mar,FELIX,Emb. 0.34 KG,"2,59€","7,62€ / KG",
Limpa Móveis Óleo de Cedro,PRONTO,Spray 0.25 LT,"4,79€","19,16€ / LT",
Bolachas Digestivas Maça,TRIUNFO,Emb. 0.171 KG,"1,69€","9,88€ / KG",
"AGUARDENTE VINICA VELHA,,70CL",,0.07 CL,"18,99€","271,29€ / CL",
Bife do Lombo de Porco,,1 Unid. = 0.4 KG (aprox.),"5,99€/kg","2,40€ / Unid.",
Conserva de Feijão Frade Cozido com pouco Sal,FERBAR,Emb. 0.42 KG,"0,95€","2,26€ / KG",
Pérolas de Perfume para Roupa Spring,LENOR,Emb. 0.21 KG,"7,69€","36,62€ / KG",
Pão Chapata,,1 Unid. = 0.14 KG (aprox.),"0,90€","6,43€ / KG",
Alimento Seco P/ Gato Coelho Frango,PURINA FRISKIES,Emb. 2 KG,"7,99€","4,00€ / KG",
Cera Depilatória Profissional Natural de Abelha,VEET,Emb. 0.3 KG,"8,04€","26,80€ / KG",
Amaciador Cabelos Hidra Caracóis Antifrisado,FRUCTIS,Emb. 0.2 LT,"3,99€","19,95€ / LT",
Coco Ralado,FERBAR,Emb. 0.2 KG,"1,79€","8,95€ / KG",
Creme Dia Q10Plus Anti-Rugas Pele Mista,NIVEA,Emb. 0.05 LT,"15,99€","319,80€ / LT",
Vinho Verde,3 MARIAS,Emb. 1 LT,"3,59€","3,59€ / LT",
Sabonete Líquido Aloe Vera,DETTOL,Emb. 0.25 LT,"2,64€","10,56€ / LT",
Bebida de Arroz Original,SHOYCE,Emb. 1 LT,"1,79€","1,79€ / LT",
Champo Karpex Manual,VANISH,Emb. 0.95 LT,"5,19€","5,46€ / LT",
Cereais C/ Aveia e Maçã,NESTUM,Emb. 0.25 KG,"2,19€","8,76€ / KG",
"AGUA FASTIO S/GAS GO, 50CL",FASTIO,,"0,59€",/ Unid.,
Refrigerante C/ Gás Vidro Pack 4,COCA COLA,Emb. 0.08 LT,"2,92€","36,50€ / LT",
Champô Total Repair 5,ELVIVE,Emb. 0.25 LT,"3,99€","15,96€ / LT",
Tampões com Aplicador Pearl Compak Regular,TAMPAX,Emb. 36 UNID.,"7,99€","0,22€ / UNID.",
Gelado After Dinner,MAGNUM,Emb. 10 UNID.,"5,49€","0,55€ / UNID.",
Dentifrico Cuidado Extra Fresco,PARODONTAX,Emb. 0.075 LT,"5,59€","74,53€ / LT",
Café Solúvel,DELTA,Emb. 0.02 KG,"1,14€","57,00€ / KG",
Desodorizante Roll-On Double Invisible,VASELINE,Emb. 0.05 LT,"2,09€","41,80€ / LT",
Detergente Loiça Manual Concentrado Limão Verde,CIF,Emb. 1 LT,"1,99€","1,99€ / LT",
Bolachas Duplo Creme,OREO,Emb. 0.185 KG,"1,69€","9,14€ / KG",
Vinho do Porto Lágrima,RAMOS PINTO,Emb. 0.75 LT,"10,19€","13,59€ / LT",
Fritos Tiras de Milho,MATUTANO,Emb. 0.13 KG,"1,65€","12,69€ / KG",
Azeite Virgem Extra Suave,GALLO,Garrafa 0.75 LT,"4,49€","5,99€ / LT",
Cereais Chocolate,NESTUM,Emb. 0.25 KG,"2,19€","8,76€ / KG",
Vinho Tinto Bag in Box,ALMA DE PIAS,Emb. 5 LT,"6,79€","1,36€ / LT",
Refrigerante sem Gás Laranja,FRUTIS,Garrafa 1.5 LT,"1,15€","0,77€ / LT",
Filete Sardinha S/ Espinhas  Molho Tomate,RAMIREZ,Emb. 0.1 KG,"1,34€","13,40€ / KG",
Água sem Gás,LUSO,Garrafão 5.4 LT,"1,69€","0,31€ / LT",
Vinagre Balsâmico de Modena Gourmet,GALLO,Emb. 0.25 LT,"2,16€","8,64€ / LT",
Atum Posta Caril,BOM PETISCO,Emb. 0.12 KG,"1,56€","13,00€ / KG",
Snacks P/ Cão 12-25Kg Dentalife Medium,PURINA,Emb. 0.345 KG,"6,69€","19,39€ / KG",
Bolachas Tosta Rica,CUÉTARA,Emb. 0.57 KG,"3,89€","6,82€ / KG",
Lava Tudo Universal Brilhante,SONASOL,Emb. 1.1 LT,"2,79€","2,54€ / LT",
Vinho Tinto do Alentejo,MONTE DAS ANFORAS,Emb. 0.75 LT,"3,99€","5,32€ / LT",
Alimento Seco Cão Vitafit Balance Frango e Legumes,PURINA FRISKIES,Emb. 4 KG,"12,79€","3,20€ / KG",
Lenços de Bolso 18+6 Unid.,RENOVA,Emb. 24 UNID.,"2,98€","0,12€ / UNID.",
Cebola Doce,,1 Unid. = 1 P   (aprox.),"0,89€/kg","0,89€ / Unid.",
Atum Posta Azeite,BOM PETISCO,Emb. 0.2 KG,"2,39€","11,95€ / KG",
Caldo de Carne,KNORR,Emb. 16 CUBOS,"2,39€","0,15€ / CUBOS",
Polpa de Tomate da Horta 3x210ml,COMPAL,Emb. 0.63 LT,"1,69€","2,68€ / LT",
Bife chã de Fora de Novilho,,1 Unid. = 0.5 KG (aprox.),"6,49€/kg","3,25€ / Unid.",
Vinho Regional Douro Tinto,VINHA GRANDE,Garrafa 0.75 LT,"9,99€","13,32€ / LT",
Bebida de Aveia sem Açúcar,ALPRO SOYA,Emb. 1 LT,"2,39€","2,39€ / LT",
Conserva de Feijão Branco da Horta,COMPAL,Lata 0.845 KG,"1,59€","1,88€ / KG",
SNACK CHIPZ MAÇÃ FRUUT 20G,,Emb. 0.02 KG,"0,85€","42,50€ / KG",
Água sem Gás 6x50cl,SERRA DA ESTRELA,Emb. 3 LT  (aprox.),"1,99€","0,66€ / LT",
Body Milk para Duche Nutritivo Pele Seca,NIVEA,Emb. 0.25 LT,"5,49€","21,96€ / LT",
Spray de Limpeza Vidros e Superfícies Brilhantes Power&Shine,CIF,Emb. 0.75 LT,"2,49€","3,32€ / LT",
Pó Sabão Natural,SKIP,Emb. 100 DOSES,"14,99€","0,15€ / DOSES",
Cereais Flocos C/ Mel,NESTUM,Emb. 0.3 KG,"2,29€","7,63€ / KG",
Café Moagem Universal Colombia,DELTA,Emb. 0.22 KG,"3,69€","16,77€ / KG",
Iogurte Natural 8x120g,DANONE,Emb. 0.96 KG,"2,59€","2,70€ / KG",
Fraldas Cueca Maxi G,LINDOR,Emb. 14 UNID.,"21,24€","1,52€ / UNID.",
Gel Garnier Extra Forte 3 Estructurante,FRUCTIS,Emb. 0.2 LT,"5,49€","27,45€ / LT",
Esparguete,MILANEZA,Emb. 0.5 KG,"0,78€","1,56€ / KG",
Iogurte Líquido Tutti Frutti 8 Unid.,YOGGI,Emb. 1.28 KG,"3,94€","3,08€ / KG",
Detergente Líquido Multisuperficies Lavanda,SONASOL,Emb. 1.3 LT,"2,09€","1,61€ / LT",
Desodorizante Pear e Aloe Vera Spray,DOVE,Emb. 0.15 LT,"2,69€","17,93€ / LT",
Champô Cabelos Pintados,ELVIVE,Emb. 0.25 LT,"3,99€","15,96€ / LT",
Aletria,MILANEZA,Emb. 0.5 KG,"1,19€","2,38€ / KG",
Café Solúvel Puro Colombia Suave,NESCAFÉ,Emb. 0.1 KG,"5,24€","52,40€ / KG",
Bombay Dry Gin Original,BOMBAY,Garrafa 0.7 LT,"16,59€","23,70€ / LT",
SYOSS OLEO INT. 9-10 LOURO LUMI,SYOSS,,"6,24€",/ Unid.,
Kit Roll-on Elétrico Cera Pernas e Corpo,VEET,Emb. 0.05 LT,"6,99€","139,80€ / LT",
Alimento Seco P/ Gato de Salmão,PURINA,Emb. 1.5 KG,"11,99€","7,99€ / KG",
"Iogurte Líquido Magro Manga, Maracujá e Goji 4x155g",CORPOS DANONE,Emb. 0.62 Kg,"1,79€","2,89€ / Kg",
Nata UHT,GRESSO,Emb. 0.2 LT,"0,84€","4,20€ / LT",
Óleo de Cedro,MISTOLIN,Emb. 0.36 LT,"2,24€","6,22€ / LT",
Ambientador Difusor Essential Mist Lavanda,AIR WICK,Emb. 1 UNID.,"13,19€","13,19€ / UNID.",
Iogurte de Pêra 4 Unid.,IOGOLINO,Emb. 0.4 KG,"2,89€","7,23€ / KG",
Sua Vinha Tetra Pak Branco,SUA VINHA,Emb. 1 LT,"0,93€","0,93€ / LT",
Bombons de Chocolate Negro e Caramelo,LUTTI,Emb. 0.15 KG,"2,49€","16,60€ / KG",
1ª Papa Láctea Cerelac Multifrutos Sem Glúten,NESTLÉ,Emb. 0.25 KG,"2,79€","11,16€ / KG",
Mini Tostas Normais Retangulares,BIMBO,Emb. 0.1 KG,"1,24€","12,40€ / KG",
Chocolate de Leite com Amêndoas 3 Chocolates,REGINA,Emb. 0.072 KG,"1,94€","26,94€ / KG",
Frutas 100% Maçã e Manga S/ Glúten +6 meses 4 Unid.,NATURNES,Emb. 0.4 KG,"2,19€","5,48€ / KG",
"SOBREM. SOJA BAUNILHA,,4x125G",ALPRO,Emb. 0.5 LT,"2,89€","5,78€ / LT",
Néctar Clássico 100% Maçã,COMPAL,Emb. 0.33 LT,"0,84€","2,55€ / LT",
Papa Infantil de Maçã,CERELAC,Emb. 0.25 KG,"2,39€","9,56€ / KG",
Conserva de Feijão Preto,COMPAL,Lata 0.845 KG,"1,59€","1,88€ / KG",
Desodorizante Bodyspray Gold Temptation,AXE,Emb. 0.15 LT,"3,29€","21,93€ / LT",
Ameixa Vermelha Cal. 45/55,,1 Unid. = 0.09 KG (aprox.),"1,99€/kg","0,18€ / Unid.",
Água Tónica de Extratos Vegetais,SCHWEPPES,Garrafa 1 LT,"1,95€","1,95€ / LT",
Alimento Húmido P/ Gato Salmão Atum Legumes,PURINA FRISKIES,Emb. 0.4 KG,"1,69€","4,23€ / KG",
Cereais de Espelta e Aveia 0% Açúcares,NESTUM,Emb. 0.25 KG,"2,19€","8,76€ / KG",
Creme de Banho Pele Suave,NIVEA,Emb. 0.75 LT,"3,49€","4,65€ / LT",
Loção Corporal Advanced Repair,VASELINE,Emb. 0.2 LT,"2,14€","10,70€ / LT",
Sabonete Liquido Recarga Leite e Mel,PALMOLIVE,Emb. 0.3 LT,"3,19€","10,63€ / LT",
Iogurte Aroma Morango 4 Unid.,LONGA VIDA,Emb. 0.125 KG,"0,89€","7,12€ / KG",
Ambientador Recarga Portátil touch&fresh Relax Zen,GLADE,Emb. 2 UNID.,"7,18€","3,59€ / UNID.",
Conserva de Feijão Branco Cozido com pouco Sal,FERBAR,Lata 0.42 KG,"0,95€","2,26€ / KG",
Doce de Glila,CASA MATEUS,Frasco 0.345 KG,"2,44€","7,07€ / KG",
Água Perfumada para Engomar,COMFORT,Emb. 1 LT,"1,49€","1,49€ / LT",
Sumo de Laranja 3x20 cl,UM BONGO,Emb. 0.6 LT,"1,49€","2,48€ / LT",
Alheira,TERRAS DO DEMO,Emb. 0.2 KG,"1,24€","6,20€ / KG",
Conserva de Salsichas Wienerwurst 5 Unid.,NOBRE,Frasco 0.22 KG,"1,94€","8,82€ / KG",
Laranja Cal. 3/4,,1 Unid. = 0.34 KG (aprox.),"0,79€/kg","0,27€ / Unid.",
FAIRY MAO NATURALS BERGAMOTA 650ML,,Emb. 0.65 LT,"2,04€","3,14€ / LT",
Massa Cotovelos Grosso,MILANEZA,Emb. 0.5 KG,"1,09€","2,18€ / KG",
Espumante de Limão,BAR ROYAL,Garrafa 0.75 LT,"3,29€","4,39€ / LT",
Ameixa Amarela Cal. 45/55,,1 Unid. = 0.09 KG (aprox.),"1,99€/kg","0,18€ / Unid.",
Caramelos Werther's Original Storck Creme 135g,JERONIMO MARTINS,Emb. 0.135 KG,"2,99€","22,15€ / KG",
Elixir Triple Action,COLGATE,Emb. 0.5 LT,"3,74€","7,48€ / LT",
Nêspera,,1 Unid. = 0.15 KG (aprox.),"1,49€/kg","0,22€ / Unid.",
Maionese Top Down,CALVÉ,Emb. 0.24 KG,"1,39€","5,79€ / KG",
Pensos Higiénicos Ultrafinos Abas,AUSONIA,Emb. 12 UNID.,"1,69€","0,14€ / UNID.",
Chocolate de Leite Confetti,MILKA,Emb. 0.1 KG,"1,69€","16,90€ / KG",
Dentífrico Limpeza Refrescante,ORAL B,Emb. 0.075 LT,"1,94€","25,87€ / LT",
Caldo Culinário 24 Cubos,CALVÉ,Emb. 0.24 KG,"1,94€","8,08€ / KG",
Elixir Max White,COLGATE,Emb. 0.5 LT,"6,49€","12,98€ / LT",
Ração seca para gato junior c/ Frango,ULTIMA,Emb. 1.5 KG,"13,29€","8,86€ / KG",
Lombo de Porco Embalado,,1 Unid. = 1.8 KG (aprox.),"3,99€/kg","7,18€ / Unid.",
Licor Creme Pastel Nata,35,Garrafa 0.7 LT,"11,99€","17,13€ / LT",
YOFU SOJA NATURAL 4X125G,ALPRO SOYA,Emb. 0.5 KG,"2,89€","5,78€ / KG",
Arroz Pot Frango E Cogumelos,KNORR,Emb. 0.075 KG,"1,99€","26,53€ / KG",
Sumo Florida,SUNNY DELIGHT,Emb. 0.5 Lt,"0,89€","1,78€ / Lt",
Bolachas com Pepitas Chocolate sem Açúcar,DIET NATURE,Emb. 0.125 KG,"2,29€","18,32€ / KG",
Iogurte Sólido Proteíco Limão e Cookies Lindhals,NESTLÉ,Emb. 0.15 KG,"1,09€","7,27€ / KG",
Elixir Cool Mint,SENSODYNE,Emb. 0.5 LT,"5,99€","11,98€ / LT",
Abóbora Batatas e Peru desde os 6 Meses S/ Glúten,NESTLÉ,Emb. 0.19 KG,"1,39€","7,32€ / KG",
Maçã Bravo Esmolfe Cal. 65+,,1 Unid. = 0.2 KG (aprox.),"2,36€/kg","0,47€ / Unid.",
Ambientador Micado Stick Up Muddle Wine,AIR WICK,Emb. 0.05 LT,"7,19€","143,80€ / LT",
Chá de Camomila,LIPTON,Emb. 20 SAQ.,"1,20€","0,06€ / SAQ.",
Aveia Instantânea Em Pó Bolacha,PROZIS,Emb. 1.25 KG,"719,00€","575,20€ / KG",
Papa Infantil Bolacha Maria,CERELAC,Emb. 0.25 KG,"1,79€","7,16€ / KG",
AirWick  Comp Pure Flor Cerejeira,AIRWICK,Emb. 1 UNID.,"5,39€","5,39€ / UNID.",
Limpa Madeiras Brilhante Secagem Rápida,SONASOL,Emb. 1.1 LT,"2,79€","2,54€ / LT",
Leite UHT Meio Gordo,GRESSO,Emb. 1 LT,"0,84€","0,84€ / LT",
Pudim Flan Chino,EL MANDARIN,Emb. 0.019 KG,"1,49€","78,42€ / KG",
Cerveja com Álcool Stout 6x33cl,SUPER BOCK,Emb. 1.98 LT,"4,49€","2,27€ / LT",
Leite Confort 1,NAN,Emb. 0.8 KG  (aprox.),"20,99€","26,24€ / KG",
Pacotinho de Frutas Banana Laranja e Bolacha +6 meses,NATURNES,Emb. 0.09 KG,"1,05€","11,67€ / KG",
Loção Sensitive,BABY DOVE,Emb. 0.2 LT,"5,39€","26,95€ / LT",
Gel De Banho Hidra Essencial,VASELINE,Emb. 0.7 LT,"3,59€","5,13€ / LT",
Queijo Fatiado Flamengo,LIMIANO,Emb. 0.2 KG,"2,69€","13,45€ / KG",
Esfregão Salva Unhas Classic Comfort,SCOTCH BRITE,Emb. 2 UNID.,"2,44€","1,22€ / UNID.",
Noodles com Bacon e Tomate,KNORR,Emb. 0.063 KG,"1,39€","22,06€ / KG",
Vinho Regional Alentejo Tinto,ADEGA DE BORBA,Garrafa 0.75 LT,"3,89€","5,19€ / LT",
Spray Tira-Nódoas Multiuso,KH-7,Emb. 0.75 LT,"4,99€","6,65€ / LT",
Pastilha Elástica Senses Frutos Vermelhos 3x23g,TRIDENT,Emb. 0.069 KG,"2,59€","37,54€ / KG",
Conserva de Cogumelos Laminados Da Horta,COMPAL,Emb. 0.29 KG,"0,99€","3,41€ / KG",
Aftershave Loção Sensitive Pro Ultra-Calming,NIVEA,Emb. 0.1 LT,"8,49€","84,90€ / LT",
Perninha de Frango,,1 Unid. = 0.25 KG (aprox.),"1,49€/kg","0,37€ / Unid.",
Café Colombia P/ Nespresso Intensidade 7,STARBUCKS,Emb. 10 DOSES,"4,49€","0,45€ / DOSES",
Sidra com Álcool Maça 4x33cl,SOMERSBY,Emb. 1.32 LT,"3,99€","3,02€ / LT",
Gel de Banho Naturals Leite e Mel,PALMOLIVE,Emb. 0.5 LT,"2,69€","5,38€ / LT",
Chocolate de Leite Triplo Caramelo,MILKA,Emb. 0.09 KG,"1,69€","18,78€ / KG",
Loção Spray Cocoa Radiante,VASELINE,Emb. 0.19 LT,"3,59€","18,89€ / LT",
AUSONIA ORG COTTON NOITE ABAS,AUSONIA,Emb. 90 UNID.,"2,54€","0,03€ / UNID.",
Alimento Seco P/ Cão Active de Frango e Arroz,PURINA,Emb. 0.8 KG,"5,69€","7,11€ / KG",
Néctar Clássico Pêssego,COMPAL,Emb. 0.33 LT,"0,79€","2,39€ / LT",
Café Solúvel de Cereais e Fibra,BOLERO,Emb. 0.2 KG,"2,99€","14,95€ / KG",
Sabonete Líquido Nutritivo Recarga,PALMOLIVE,Emb. 0.3 LT,"2,79€","9,30€ / LT",
"SYOSS OLEO INTEN 1-10 PRET,,1P",SYOSS,,"6,24€",/ Unid.,
Croissant Recheio Maxi Creme Cacau,CHIPICAO,Emb. 0.08 KG,"1,24€","15,50€ / KG",
Bacalhau Seleção Graúdo Noruega Asa Preta,,1 Unid. = 2.5 KG (aprox.),"12,99€/kg","32,48€ / Unid.",
Frango à Provençal C/ Ervas Aromáticas,MAGGI,Emb. 0.028 KG,"0,74€","26,43€ / KG",
Desinfectante de Roupa,SKIP,Emb. 1.2 LT,"4,99€","4,16€ / LT",
Máquinas de Barbear Descartáveis Blue 3 Smooth,GILLETTE,Emb. 5 UNID.,"5,29€","1,06€ / UNID.",
Vinagre Balsâmico de Sidra,GALLO,Emb. 0.25 LT,"1,86€","7,44€ / LT",
Bolachas Torradas,VIEIRA,Emb. 0.2 KG,"0,87€","4,35€ / KG",
Refrigerante com Gás Lata 6x33CL,7UP,Emb. 1.98 LT,"4,39€","2,22€ / LT",
Bebida em Pó Morango,TANG,Emb. 0.03 KG,"0,83€","27,67€ / KG",
Vinho Regional Dão Tinto,DUQUE DE VISEU,Garrafa 0.75 LT,"4,49€","5,99€ / LT",
Bálsamo Lábios Rosy,VASELINE,Emb. 0.017 KG,"2,99€","175,88€ / KG",
Pensos Higiénicos Super Alas,EVAX,Emb. 10 UNID.,"2,99€","0,30€ / UNID.",
Pano Multiusos Amarelo,SCOTCH BRITE,Emb. 2 UNID.,"2,54€","1,27€ / UNID.",
Leite Bem Essencial C/ Sabor a Cereais,MIMOSA,Emb. 0.8 LT,"1,69€","2,11€ / LT",
Snack P/ Gato de Salmão,DENTALIFE,Emb. 0.04 KG,"1,99€","49,75€ / KG",
Yofu Natural Sem Açúcar 500g,,Emb. 0.5 KG,"2,39€","4,78€ / KG",
Gelado Classic de Baunilha com Pedaços de Chocolate,MAGNUM,Emb. 0.44 LT,"3,89€","8,84€ / LT",
Ambientador Eléctrico Nenuco + Recarga,AIRWICK,Emb. 0.019 LT,"5,39€","283,68€ / LT",
Pensos Higiénicos Normal sem Alas,EVAX,Emb. 12 UNID.,"2,99€","0,25€ / UNID.",
Massa Pérolas,MILANEZA,Emb. 0.25 KG,"0,54€","2,16€ / KG",
Deo Spray Invisible para Homem,SANEX,Emb. 0.2 LT,"2,39€","11,95€ / LT",
Mandioca,,1 Unid. = 0.54 KG (aprox.),"3,99€/kg","2,15€ / Unid.",
Ice Tea Pêssego 2x2lt,LIPTON,Emb. 4 LT,"4,99€","1,25€ / LT",
Queijo de Cabra Curado,SALOIO,Emb. 0.2 KG,"3,99€","19,95€ / KG",
Amêijoa com Casca Vietname Congelada,,1 Unid. = 0.25 KG (aprox.),"2,29€/kg","0,57€ / Unid.",
Proteção Contra o Calcário e a Sujidade,CALGON,Emb. 1.5 LT,"11,99€","7,99€ / LT",
Esparregado,IGLO,Emb. 0.75 KG,"3,99€","5,32€ / KG",
Tira Gorduras Perfumado,MISTOLIN,Emb. 0.545 LT,"2,14€","3,93€ / LT",
Máscara Ultra Suave Azeitona Mítica,GARNIER,Emb. 0.3 LT,"6,79€","22,63€ / LT",
Preparado Leite de Creme,ROYAL,Emb. 0.092 KG,"0,89€","9,67€ / KG",
Alga Sushi,MIYATA,Emb. 0.014 KG,"2,09€","149,29€ / KG",
Vinho Regional Douro Tinto,VILA REGIA,Emb. 0.75 LT,"2,99€","3,99€ / LT",
Alimento Seco P/ Gato Vital Coelho e Frango,PURINA FRISKIES,Emb. 0.4 KG,"2,19€","5,48€ / KG",
"ATUM FILET MANJERICÃO&TOMATE SECO, 120G",TENÓRIO,Emb. 0.12 KG,"2,29€","19,08€ / KG",
Pantene Anticaspa Champô 3 Em 1,PANTENE PV,Emb. 0.3 LT,"4,99€","16,63€ / LT",
Conhaque Royal Spirit,MACIEIRA,Garrafa 0.7 LT,"10,99€","15,70€ / LT",
Pastilha Elástica Senses Sabor Melancia 3x23g,TRIDENT,Emb. 0.069 KG,"2,59€","37,54€ / KG",
CARTE DOR CHOCOLATE & AVELÃ,CARTE D'OR,Emb. 1 LT,"2,89€","2,89€ / LT",
Ketchup Top Down,HEINZ,Emb. 0.46 KG,"3,69€","8,02€ / KG",
Leite Bem Especial 0% de Lactose Meio Gordo,MIMOSA,Emb. 1 LT,"1,29€","1,29€ / LT",
Creme de Mãos Óleo de Côco,DOVE,Emb. 0.075 LT,"2,59€","34,53€ / LT",
Chá de Cidreira Mel 20 Saquetas,LIPTON,Emb. 20 SAQ.,"1,94€","0,10€ / SAQ.",
Pão sem Côdea Especial Torradas,PANRICO,Emb. 0.51 KG,"2,69€","5,27€ / KG",
Spray Anti Bolores,CIF,Emb. 0.435 LT,"2,49€","5,72€ / LT",
Pantene Superalimento Ampolas Resgate,PANTENE PV,Emb. 0.045 LT,"4,64€","103,11€ / LT",
Inhame,,1 Unid. = 0.1 KG (aprox.),"4,49€/kg","0,45€ / Unid.",
Iogurte Grego Natural,YAOS,Emb. 1 KG,"3,99€","3,99€ / KG",
Sonhos com Canela,,1 Unid. = 0.06 KG,"0,85€","14,17€ / KG",
Bife de Peito de Peru,,1 Unid. = 0.15 KG (aprox.),"4,59€/kg","0,69€ / Unid.",
Vinho Regional Douro Tinto,MONTES ERMOS,Garrafa 0.75 LT,"4,49€","5,99€ / LT",
Cream Cracker Pimenta Preta,VIEIRA,Emb. 0.2 KG,"1,49€","7,45€ / KG",
6-PACK TOALHITAS BABY MOMENTS,CHICCO,,"6,24€",/ Unid.,
Garoupa Legitima Cal. 1/3,,1 Unid. = 1.5 KG (aprox.),"16,99€/kg","25,49€ / Unid.",
Chouriço Extra,DAMATTA,Emb. 0.2 KG,"2,99€","14,95€ / KG",
Molho de Alho com Ervas,HEINZ,Emb. 0.22 LT,"2,39€","10,86€ / LT",
Cápsulas Descafeinado Espresso P/ Nespresso Intensidade 11,STARBUCKS,Emb. 10 CAPS.,"4,49€","0,45€ / CAPS.",
"AMACIADOR  ROUPA  ESSÊNCIA TALCO  1,5LT",CHICCO,,"5,84€",/ Unid.,
Maionese Verdadeira,HELLMANN'S,Emb. 0.208 KG,"2,19€","10,53€ / KG",
WC Brisa Marinha,NEO BLANC,Emb. 1 UNID.,"2,24€","2,24€ / UNID.",
Amaciador Ultra Suave Óleo de Abacate,GARNIER,Emb. 0.2 LT,"3,59€","17,95€ / LT",
Vinho Regional Alentejo Tinto,REGUENGOS,Garrafa 0.75 LT,"5,99€","7,99€ / LT",
Douradinhos Peixe S/Gluten,IGLO,Emb. 0.36 KG,"5,69€","15,81€ / KG",
Pantene Creme de Pentear Sem Enxaguar Cabelo ondulado 270ml,PANTENE PV,Emb. 0.27 LT,"4,49€","16,63€ / LT",
Guardanapos 2 Folhas 33x33 cm,RENOVA,Emb. 90 UNID.,"1,39€","0,02€ / UNID.",
Gelados de Amêndoas,MAGNUM,Emb. 4 UNID.,"4,99€","1,25€ / UNID.",
Espetadas de Peru,,1 Unid. = 0.6 KG (aprox.),"5,49€/kg","6,99€ / Unid.",
Barras de Cereais de Chocolate 6 Unid.,FITNESS,Emb. 0.141 KG,"2,33€","16,52€ / KG",
Maionese 434g,CALVÉ,Emb. 0.434 LT,"2,89€","6,66€ / LT",
Pack 4 Escovas de Dentes Média,ORAL B,Emb. 4 UNID.,"3,69€","0,92€ / UNID.",
Sopa de Cogumelos Selvagens Gourmet,KNORR,Emb. 0.062 KG,"1,79€","28,87€ / KG",
Ração seca para gato bolas de pêlo c/ Peru,ULTIMA,Emb. 0.75 LT,"5,39€","7,19€ / LT",
Johnson's Baby Champô de Camomila,JOHNSON'S BABY,Emb. 0.75 LT,"7,79€","10,39€ / LT",
Massa Lasanha C/ Ovo,MILANEZA,Emb. 0.5 KG,"2,59€","5,18€ / KG",
Aditivo Líquido Protege Cores e Delicados,SKIP,Emb. 3 LT,"5,04€","1,68€ / LT",
Conserva de Polvo com Alho,PITEU,Emb. 0.12 KG,"1,89€","15,75€ / KG",
Camarão Cozido Cal. 20/30,,1 Unid. = 0.19 KG (aprox.),"15,99€/kg","3,04€ / Unid.",
Iogurte Líquido Morango 6 Unid.,ACTIMEL,Emb. 0.6 KG,"2,59€","4,32€ / KG",
Desodorizante Deo Roll On Bio Eficácia,NARTA,Emb. 0.05 LT,"3,99€","79,80€ / LT",
Destop Turbo Gel,DESTOP,Emb. 1   UNID.,"6,74€","6,74€ /   UNID.",
Água com Gás Groselha 4x25 cl,FRIZE,Emb. 1 LT,"2,79€","2,79€ / LT",
PETINGAS EM TOMATE PICANTE GENERAL,GENERAL,Emb. 0.09 KG,"0,89€","9,89€ / KG",
Tira-Nódoas em Spray,SKIP,Emb. 0.5 LT,"2,99€","5,98€ / LT",
Pensos Higiénicos Noite Alas,EVAX,Emb. 9 UNID.,"2,59€","0,29€ / UNID.",
Iogurte Sólido Magro C/ Cereais e Frutos Secos 4 Unid.,LONGA VIDA,Emb. 0.12 KG,"2,09€","17,42€ / KG",
Chá Preto,TETLEY,Emb. 10 SAQ.,"0,71€","0,07€ / SAQ.",
Arroz Carolino,SALUDÃES,Emb. 1 KG,"1,13€","1,13€ / KG",
Desodorizante Roll-On Narta Invisível 48H,GARNIER,Emb. 0.05 LT,"3,99€","79,80€ / LT",
Papa Infantil Leite e 8 Cereais e Mel,CERELAC,Emb. 0.4 KG,"1,84€","4,60€ / KG",
Rebuçados Limão e Cidreira,MENTOLIN,Emb. 0.1 KG,"1,39€","13,90€ / KG",
Pão com Chouriço,,1 Unid. = 0.13 KG,"7,99€","61,46€ / KG",
Bloco Sanitário Poder Activo Pinho,SONASOL,Emb. 0.05 KG,"1,94€","38,80€ / KG",
Detergente Omo Máquina Roupa Líquido 40+15 Doses,OMO,Emb. 2.75 LT,"5,99€","2,18€ / LT",
Mini Pizzas Piccolinis Salame,BUITONI,Emb. 0.27 KG,"3,99€","14,78€ / KG",
Sardinhas em Tomate Biológico,BOM PETISCO,Emb. 0.12 KG,"1,39€","11,58€ / KG",
Laca Elnett Latin Fixação Forte,L'ORÉAL PARIS,Spray 0.3 LT,"5,99€","19,97€ / LT",
Bijou,,1 Unid. = 0.055 KG,"0,10€","1,82€ / KG",
Snacks Palitos,CHEETOS,Emb. 0.096 KG,"1,65€","17,19€ / KG",
Bechamel,PARMALAT,Emb. 0.2 KG,"1,06€","5,30€ / KG",
Ice Tea de Limão Lata 6x25cl,LIPTON,Emb. 1.5 LT,"3,38€","2,25€ / LT",
Ambientador Absorbeolores Glade Lavanda,BRISE,Emb. 2 UNID.,"2,99€","1,50€ / UNID.",
Dentífrico Branqueadora Branco Intenso,AQUAFRESH,Emb. 0.075 LT,"3,19€","42,53€ / LT",
Alimento Húmido P/ Gato Diamante Frango,PURINA,Emb. 0.09 KG,"1,49€","16,56€ / KG",
Chá Preto Immune Support de Gengibre e Cúrcuma,LIPTON,Emb. 20 SAQS,"1,74€","0,09€ / SAQS",
Bigburger de Peito de Frango 2 Unid.,IGLO,Emb. 0.227 KG,"3,99€","17,58€ / KG",
Bolachas Crackers Bacon,TUC,Emb. 0.1 KG,"1,19€","11,90€ / KG",
Orégãos Folhas,MARGÃO,Emb. 0.008 KG,"0,99€","123,75€ / KG",
Molho de Soja,BLUE DRAGON,Emb. 0.15 LT,"1,99€","13,27€ / LT",
Cerveja com Álcool Mini 30x25cl,SAGRES,Emb. 7.5 LT,"12,69€","1,69€ / LT",
Desodorizante Roll-On Original,DOVE,Emb. 0.05 LT,"2,69€","53,80€ / LT",
Limpeza Reparador Original,SONASOL,Emb. 1.3 LT,"2,09€","1,61€ / LT",
Detergente Manual Roupa,OMO,Emb. 0.54 KG,"1,99€","3,69€ / KG",
Pantene Perfect Volume Espuma 200ml,PANTENE PV,Emb. 0.2 LT,"3,74€","18,70€ / LT",
FOLHADOS FEUILLETINE 135G,DU BOIS DE LA ROCHE,Emb. 0.135 KG,"1,69€","12,52€ / KG",
Alimento Seco P/ Gatos Interior Frango,PURINA FRISKIES,Emb. 3 KG,"12,99€","4,33€ / KG",
Conserva de Grão,COMPAL,Lata 0.845 KG,"1,59€","1,88€ / KG",
Amaciador Roupa Sunfresh,COMFORT,Emb. 4 LT,"4,49€","1,12€ / LT",
Brandy,1920,Garrafa 0.7 LT,"11,49€","16,41€ / LT",
Pepino,,1 Unid. = 0.37 KG (aprox.),"2,19€/kg","0,81€ / Unid.",
"AGUA MICEL OLEO,OLH SENSI,400ML",GARNIER,,"7,99€",/ Unid.,
Desodorizante Aloe Sensitive Spray,VASELINE,Emb. 0.25 LT,"2,19€","8,76€ / LT",
Leite Bem Especial Cálcio Meio Gordo,MIMOSA,Emb. 1 LT,"0,98€","0,98€ / LT",
AIRWICK STICKS DELICIAS V,AIRWICK,Emb. 1 UNID.,"7,19€","7,19€ / UNID.",
Cerveja com Álcool Mini 20x25cl,SAGRES,Emb. 5 LT,"8,99€","1,80€ / LT",
Limpa Máquinas de Loiça,,Emb. 0.25 LT,"3,89€","15,56€ / LT",
Nutella,NUTELLA,Emb. 0.2 KG,"1,99€","9,95€ / KG",
GLISS ULTIMATE REPAIR CONDICIONADOR,GLISS,Emb. 0.2 LT,"2,24€","11,20€ / LT",
Cápsulas Café Blonde P/ Nespresso Intensidade 6,STARBUCKS,Emb. 10 CAPS.,"4,49€","0,45€ / CAPS.",
Toalhitas Desinfetantes,CIF,Emb. 36 UNID.,"2,24€","0,06€ / UNID.",
Azeite Virgem Extra Reserva,CONDESTÁVEL,Emb. 0.75 LT,"4,19€","5,59€ / LT",
Tablete Oreo,MILKA,Emb. 0.3 KG,"3,99€","13,30€ / KG",
Alimento Perle Húmido P/ Gato C/ Molho Frango e Vaca 4x85g,PURINA,Emb. 0.34 KG,"3,49€","10,26€ / KG",
Vinho do Porto Tawny,FERREIRA,Emb. 0.75 LT,"6,29€","8,39€ / LT",
Escova Dentes Intense Clean Médio,AQUAFRESH,Emb. 1 UNID.,"3,99€","3,99€ / UNID.",
Vinho Tinto,M.J.FREITAS,Bag in Box 5 LT,"7,99€","1,60€ / LT",
Carapau Pequeno Congelado,,1 Unid. = 0.12 KG (aprox.),"5,99€/kg","5,99€ / Unid.",
Detergente Manual Loiça Concentrado Original,FAIRY,Emb. 0.78 LT,"2,69€","3,45€ / LT",
Barras de Cereais Special K Chocolate de Leite,SPECIAL K,Emb. 0.125 KG,"3,79€","30,32€ / KG",
Vinagre Balsâmico de Modena,GALLO,Emb. 0.5 LT,"2,99€","5,98€ / LT",
Detergente para a Máquina da Roupa Cores 3 em 1,SKIP,Emb. 1.134 KG,"12,49€","11,01€ / KG",
Sardinha Grande,,1 Unid. = 0.15 KG (aprox.),"4,99€/kg","0,75€ / Unid.",
Iogurte de Pêssego e Banana 4 Unid.,IOGOLINO,Emb. 0.4 KG,"2,89€","7,23€ / KG",
Azeite virgem,GALLO,Emb. 3 LT,"15,89€","5,30€ / LT",
Carcaça Portuguesa,,1 Unid. = 0.065 KG,"0,18€","2,77€ / KG",
Sobremesa Gelado Chocolate Brownie,CARTE D'OR,Emb. 0.9 LT,"3,29€","3,66€ / LT",
AGUA MICELAR CLÁSSICA 700ML,GARNIER,,"10,69€",/ Unid.,
Detergente Líquido para Madeiras Spray,CIF,Emb. 0.435 LT,"2,49€","5,72€ / LT",
SALVA UNHAS VITROCERÂMICA 2 UN (2ª UN 50% ON PACK),VILEDA,Emb. 2 UNID.,"3,39€","1,70€ / UNID.",
Doce de Morango sem Açúcar,ST. DALFOUR,Frasco 0.284 KG,"4,39€","15,46€ / KG",
Vinho Verde Branco,ADEGA DE MONÇÃO,Garrafa 0.75 LT,"2,49€","3,32€ / LT",
SPRAY CASA BANHO,CIF,Emb. 0.75 LT,"2,49€","3,32€ / LT",
After Shave Loção Sensitive,NIVEA MEN,Emb. 0.1 LT,"8,99€","89,90€ / LT",
Camarão Cozido Cal. 60/80,,1 Unid. = 0.28 KG (aprox.),"8,99€/kg","2,52€ / Unid.",
Desentupidor Express Gel,DESTOP,Emb. 1 LT,"5,99€","5,99€ / LT",
Néctar Clássico Ameixa,COMPAL,Emb. 1 LT,"1,69€","1,69€ / LT",
Iogurte Líquido Tutti Frutti 4x155g,DANONE,Emb. 0.62 KG,"1,39€","2,24€ / KG",
Salsicha Fresca de Porco Embalada,,Emb. 0.6 KG (aprox.),"4,89€/kg","2,93€ / Unid.",
Vinho Regional Dão Tinto Seleção,QUINTA DE CABRIZ,Garrafa 0.75 LT,"4,99€","6,65€ / LT",
Tablete Excellence 99% Cacau,LINDT,Emb. 0.05 KG,"3,59€","71,80€ / KG",
Vinho Tinto,MONTES ERMOS,Bag in Box 5 LT,"9,99€","2,00€ / LT",
Vinho Regional Douro Tons Tinto,DUORUM,Garrafa 0.75 LT,"5,49€","7,32€ / LT",
Caldo de Carne sem Sal Pack 8,KNORR,Emb. 0.072 KG,"1,49€","20,69€ / KG",
Farinha,MAIZENA,Emb. 0.4 KG,"2,29€","5,73€ / KG",
Molho Whisky Cocktail,CALVÉ,Frasco 0.253 KG,"2,94€","11,62€ / KG",
Recarga Mopa Madeiras,SWIFFER,Emb. 18 UNID.,"3,99€","0,22€ / UNID.",
Arroz Carolino,CIGALA,Emb. 1 KG,"1,14€","1,14€ / KG",
Champô Cabelos Normais Fructis 2 em 1,GARNIER,Emb. 0.25 LT,"3,99€","15,96€ / LT",
Papel Higiénico Triple Confort,SCOTTEX,Emb. 24 UNID.,"8,79€","0,37€ / UNID.",
Lava Tudo Gel Ativo com Lixívia,CIF,Emb. 0.75 LT,"1,39€","1,85€ / LT",
Salame Fatiado Tapas,CAMPOFRIO,Emb. 0.08 KG,"1,89€","23,63€ / KG",
Atum Posta Pimenta&Ervas Finas,BOM PETISCO,Emb. 0.12 KG,"1,56€","13,00€ / KG",
Vinho Verde Branco,AVELEDA,Emb. 0.075 LT,"3,39€","45,20€ / LT",
Alho Francês,,1 Unid. = 0.43 KG (aprox.),"1,99€/kg","0,86€ / Unid.",
Gelado Strawberry Merengue,CARTE D'OR,Emb. 0.9 LT,"3,29€","3,66€ / LT",
Chá Verde com Gengibre Immune Support,LIPTON,Emb. 0.032 KG,"1,94€","60,63€ / KG",
Sais de Fruta Digestivo Laranja,ENO,Emb. 10 UNID.,"4,99€","0,50€ / UNID.",
Preservativos Finíssimos,CONTROL,Emb. 12 UNID.,"6,99€","0,58€ / UNID.",
AXE GEL APOLLO,AXE,Emb. 0.4 LT,"3,29€","8,23€ / LT",
B&J Caramel Brownie Party 465ml,,Emb. 0.465 LT,"6,79€","14,60€ / LT",
Sangria Don Simon,DON SIMON,Garrafa 1.5 LT,"2,19€","1,46€ / LT",
Pensos Higiénicos Normal Alas,EVAX,Emb. 12 UNID.,"2,99€","0,25€ / UNID.",
Caldos Molho Cervejeira 8 Cubos,KNORR,Emb. 0.072 KG,"1,49€","20,69€ / KG",
Gel de Barbear Peles Sensíveis,GILLETTE,Emb. 0.2 LT,"3,69€","18,45€ / LT",
BARRAS CEREAIS FROSTIES 6X25G,KELLOGG'S,Emb. 6 UNID.,"2,79€","0,47€ / UNID.",
Detergente Máquina Roupa Líquido Sensitive,SKIP,Emb. 100 DOSES,"19,99€","0,20€ / DOSES",
Caldo de Galinha sem Sal Pack 8,KNORR,Emb. 0.072 KG,"1,49€","20,69€ / KG",
Fermento de Padeiro,VAHINÉ,Emb. 0.018 KG,"1,59€","88,33€ / KG",
SACOS P/ CONGELAR ZIP & GO 3L (10UN),VILEDA,Emb. 10 UNID.,"5,29€","0,53€ / UNID.",
VILEDA SACO LIXO STYLE 30L FF 15UN,VILEDA,Emb. 15 UNID.,"2,25€","0,15€ / UNID.",
Vinho do Porto Offley Tawny,OFFLEY,Garrafa 0.75 LT,"4,69€","6,25€ / LT",
Vinho Regional Alentejo Branco,TERRAS D'EL REI,Garrafa 0.75 LT,"2,79€","3,72€ / LT",
Queijo Fatiado Castelões Original,CASTELÕES,Emb. 0.2 KG,"2,39€","11,95€ / KG",
"AGUA FRIZE,,75CL",FASTIO,,"1,09€",/ Unid.,
Snack P/ Gato Crispies C/ Sabor a Salmão e Truta,FELIX,Emb. 0.45 KG,"1,89€","4,20€ / KG",
Cebola,,1 Unid. = 1 KG  (aprox.),"0,79€/kg","0,79€ / Unid.",
Tortellini de Ricotta e Espinafres,KNORR,Emb. 0.25 KG,"3,69€","14,76€ / KG",
Leite P/ Lactentes 1,NAN,Emb. 0.8 KG,"16,59€","20,74€ / KG",
Leite Crescimento Júnior 3+,NESTLÉ,Emb. 1 LT,"2,19€","2,19€ / LT",
Refrigerante com Gás,GUARANÁ BRASIL,Garrafa 1.5 LT,"1,19€","0,79€ / LT",
Fraldas de Incontinência Plus Tam. M,LINDOR,Emb. 14 UNID.,"14,55€","1,04€ / UNID.",
Alimento Seco P/ Cão -10Kg Vaca e Arroz,PURINA,Emb. 3 KG,"15,99€","5,33€ / KG",
Pastilhas Café Descafeinado,DELTA,Emb. 16 PAST.,"2,71€","0,17€ / PAST.",
Máscara Repara Azeite de Argão de Marrocos,HERBAL ESSENCES,Emb. 0.25 LT,"3,99€","15,96€ / LT",
Gel de Banho Purely Pampering,DOVE,Emb. 0.75 LT,"4,79€","6,39€ / LT",
Pastilha Elástica Senses Berry Party,TRIDENT,Emb. 0.023 KG,"0,95€","41,30€ / KG",
Néctar Essencial Frutos Vermelhos 3x110ml,COMPAL,Emb. 0.33 LT,"1,79€","5,42€ / LT",
Água Com Gás,CASTELLO,Emb. 0.075 LT,"2,09€","27,87€ / LT",
Ração P/ Gato Trato Urinário C/ Frango,ULTIMA,Emb. 0.75 KG,"5,39€","7,19€ / KG",
Bebida de Soja 0%,SHOYCE,Emb. 1 LT,"1,49€","1,49€ / LT",
Camarão Cozido Cal. 30/40,,1 Unid. = 0.1 KG (aprox.),"11,99€/kg","1,20€ / Unid.",
Tablete de Chocolate com Recheio Morango,MILKA,Emb. 0.1 KG,"1,69€","16,90€ / KG",
Lenços de Bolso Lavanda Sensitive 4 Folhas,RENOVA,Emb. 6 UNID.,"0,99€","0,17€ / UNID.",
Champô Anti-Caspa Eficácia Ativa 2 em 1 para Todos os Tipos de Cabelo,LINIC,Emb. 0.36 LT,"4,94€","13,72€ / LT",
Massa Talharim,MILANEZA,Emb. 0.5 KG,"1,85€","3,70€ / KG",
Chá de Cidreira,LIPTON,Emb. 10 SAQ.,"0,69€","0,07€ / SAQ.",
Leite UHT S/ Lactose Magro,MIMOSA,Emb. 1 LT,"1,29€","1,29€ / LT",
Café Solúvel Creme,NESCAFÉ,Emb. 0.2 KG,"4,49€","22,45€ / KG",
Vinagre de Sidra Original,GALLO,Emb. 0.25 LT,"1,69€","6,76€ / LT",
Iogurte Líquido Morango 4x155g,CORPOS DANONE,Emb. 0.62 KG,"1,69€","2,73€ / KG",
"ATUM EM AZEITE, 120G",TENÓRIO,Emb. 0.12 KG,"2,14€","17,83€ / KG",
Bolachas Plain Chocolate,BELVITA,Emb. 0.3 KG,"1,99€","6,63€ / KG",
Banana Importada,,1 Unid. = 0.15 KG (aprox.),"0,95€/kg","0,14€ / Unid.",
Cevada Especial Torrada Moída,DELTA,Emb. 0.25 KG,"0,89€","3,56€ / KG",
Patê de Figado de Porco,LA PIARA,Emb. 0.08 KG,"0,96€","12,00€ / KG",
Robalo Cal. 600/800,,1 Unid. = 0.75 KG (aprox.),"8,49€/kg","6,37€ / Unid.",
Esfregona Suave com Cabo,VILEDA,Emb. 1 UNID.,"7,65€","7,65€ / UNID.",
Aperitivo Krit Krititas,CUÉTARA,Emb. 0.35 KG,"2,69€","7,69€ / KG",
Arroz Agulha,BELMONTE,Emb. 1 KG,"1,03€","1,03€ / KG",
Chá de Frutos Silvestres,LIPTON,Emb. 20 SAQ.,"1,74€","0,09€ / SAQ.",
Cerveja com Álcool 15x20cl,SUPER BOCK,Emb. 3 LT,"6,59€","2,20€ / LT",
B&J Peanut Butter Cup 465ml,,Emb. 0.465 LT,"6,79€","14,60€ / LT",
Entremeada de Novilho,,1 Unid. = 0.2 KG (aprox.),"5,75€/kg","1,15€ / Unid.",
Amaciador Cabelo Delicados Garnier Delicadeza de Aveia,ULTRA SUAVE,Emb. 0.2 LT,"3,59€","17,95€ / LT",
Café Cápsulas Double,DELTA,Emb. 10 CAPS.,"3,29€","0,33€ / CAPS.",
"Cereais de Trigo, Mel e Aveia",CHEERIOS,Emb. 0.375 KG,"2,92€","7,79€ / KG",
Vinho Branco de Mesa Elopack,CASAL DA EIRA,Emb. 1 LT,"1,69€","1,69€ / LT",
Máquinas de Barbear Descartáveis Blue II Plus Mulher,GILLETTE,Emb. 6 UNID.,"2,99€","0,50€ / UNID.",
Verniz de Unhas 60 Segundos 500,RIMMEL,Emb. 1 UNID.,"4,05€","4,05€ / UNID.",
Massa Macarrão,MILANEZA,Emb. 0.5 KG,"1,19€","2,38€ / KG",
Bolacha Gullon Vitalday Crocant Fruta 300g,GULLÓN,Emb. 0.3 KG,"2,29€","7,63€ / KG",
Pimenta P/ Bifes C/ Moinho,MARGÃO,Emb. 0.035 KG,"3,99€","114,00€ / KG",
Vinho Bio Tinto Douro,ALTANO,Emb. 0.75 LT,"7,99€","10,65€ / LT",
Azeite Virgem Extra Reserva,GALLO,Garrafa 0.75 LT,"4,79€","6,39€ / LT",
BOLACHAS TOSTADAS GULLON 4X200GR,GULLÓN,Emb. 0.2 KG,"2,79€","13,95€ / KG",
Vinho Tinto,LEZÍRIA,Garrafa 0.75 LT,"1,59€","2,12€ / LT",
Conserva Grão Cozido com pouco Sal,FERBAR,Lata 0.42 KG,"0,95€","2,26€ / KG",
Espumante Reserva Doce,MURGANHEIRA,Garrafa 0.75 LT,"11,79€","15,72€ / LT",
Snacks Húmidos P/ Gato Adulto 2 de Frango e 2 de Vaca,PURINA,Emb. 0.34 KG,"3,49€","10,26€ / KG",
Papel Higiénico 4 Folhas,RENOVA,Emb. 12 ROLOS,"7,19€","0,60€ / ROLOS",
Alimento Seco P/ Gato Carne Vaca Frango Legumes,PURINA FRISKIES,Emb. 4 KG,"15,99€","4,00€ / KG",
Chocolate Preto,CRUNCH,Emb. 0.1 KG,"1,39€","13,90€ / KG",
Esparguete C/ Frango +10 Meses,NESTLÉ,Emb. 0.19 KG,"1,39€","7,32€ / KG",
Conserva de Tomate em Pedaços,GULOSO,Emb. 0.39 KG,"1,59€","4,08€ / KG",
Ketchup Redução de Sal e Açúcar,HEINZ,Emb. 0.55 KG,"4,29€","7,80€ / KG",
Sabonete Moisture Care 4 unid.,PALMOLIVE,Emb. 0.09 KG,"3,45€","38,33€ / KG",
Pacotinho de Cereais e Mel,NESTUM,Emb. 0.08 KG,"0,99€","12,38€ / KG",
Detergente Loiça Manual Original Ultra,FAIRY,Emb. 1.41 LT,"4,19€","2,97€ / LT",
Alimento Seco P/ Cão Frango,FRISKIES,Emb. 1.5 KG,"4,84€","3,23€ / KG",
"OIKOS MARACUJA 110G X4,,440G",OIKOS,Emb. 0.44 KG,"2,39€","5,43€ / KG",
Café Delta Grão Lote Superior,DELTA,Emb. 1 KG,"15,49€","15,49€ / KG",
Lava Tudo Marinho,CIF,Emb. 1.4 LT,"1,99€","1,42€ / LT",
Dentífrico Dentes Leite,AQUAFRESH,Emb. 0.05 LT,"2,89€","57,80€ / LT",
"ATUM FILETE AZEITE BIO, 120G",TENÓRIO,Emb. 0.12 KG,"2,29€","19,08€ / KG",
Alimento Seco P/ Cão Adulto com Carne de Vaca e Peixe,FRISKIES,Emb. 3 KG,"11,69€","3,90€ / KG",
Pantene Frizz Control & Luminosidade Champô 250 ml,PANTENE PV,Emb. 0.25 LT,"4,99€","19,96€ / LT",
Alho Seco,,1 Unid. = 0.1 KG (aprox.),"5,39€/kg","0,54€ / Unid.",
Creme de Dia Hidratante Pele Normal Mista,NIVEA,Emb. 0.05 LT,"4,81€","96,20€ / LT",
Espumante Reserva Doce,RAPOSEIRA,Garrafa 0.75 LT,"6,89€","9,19€ / LT",
"AQUAFR ELIXIR MULTIACT,,500ML",AQUAFRESH,,"5,49€",/ Unid.,
Fiambre da Pá,,1 Unid. = 0.12 KG (aprox.),"7,98€/kg","0,96€ / Unid.",
Massa Tomate e Mozzarella,KNORR,Emb. 0.072 KG,"2,14€","29,72€ / KG",
Croissant Recheado de Chocolate,,1 UNID.,"0,80€","0,80€ / UNID.",
Vinho Tinto Meandro Douro,MEANDRO,Emb. 0.75 LT,"14,69€","19,59€ / LT",
Limpa Máquinas de Loiça Desengordurante & Anti-Calcário,SUN,Emb. 0.12 KG,"3,99€","33,25€ / KG",
Lip Therapy Original,VASELINE,Emb. 0.017 KG,"2,99€","175,88€ / KG",
Perna Peru,,1 Unid. = 2.45 KG (aprox.),"2,39€/kg","5,86€ / Unid.",
Asas de Peru,,1 Unid. = 0.7 KG (aprox.),"1,49€/kg","1,04€ / Unid.",
Costeletão de Vitelão,,1 Unid. = 0.35 KG (aprox.),"5,99€/kg","2,10€ / Unid.",
Penso Incontinência Discreet Micro,AUSONIA,Emb. 28 UNID.,"3,99€","0,14€ / UNID.",
Amaciador Roupa Concentrado Ouro,QUANTO,Emb. 84 DOSES,"4,89€","0,06€ / DOSES",
Pizza 4 Queijos,CAMPOFRIO,Emb. 0.365 KG,"3,39€","9,29€ / KG",
Iogurtes Liquido Yoco Morango Maçã,YOCO,Emb. 0.36 KG,"1,89€","5,25€ / KG",
Alimento Seco P/ Gato C/ Carne de Vaca,PURINA,Emb. 3 KG,"22,99€","7,66€ / KG",
Conserva de Feijão Manteiga,COMPAL,Lata 0.845 KG,"1,59€","1,88€ / KG",
Asia Pot Noodles de Pato,KNORR,Emb. 0.061 KG,"1,89€","30,98€ / KG",
Camarão Selvagem Cal. 40/60 Congelado,,1 Unid. = 0.25 KG (aprox.),"20,98€/kg","5,25€ / Unid.",
Chá Verde,TETLEY,Emb. 10 SAQ.,"0,89€","0,09€ / SAQ.",
BETERRABA EM VINAGRE 345G,FERBAR,Emb. 0.345 KG,"1,09€","3,16€ / KG",
Bolachinhas P/ Bebé +6 meses,NESTLÉ,Emb. 0.18 KG,"2,49€","13,83€ / KG",
Ketchup,CALVÉ,Emb. 0.25 KG,"1,29€","5,16€ / KG",
Café Expresso Bar Torrado,DELTA,Emb. 1 KG,"11,99€","11,99€ / KG",
Vinho Regional Dão Branco,DUQUE DE VISEU,Garrafa 0.75 LT,"4,49€","5,99€ / LT",
Barras de Cereais de Chocolate C/ Leite 6 Unid.,NESQUIK,Emb. 0.15 KG,"3,29€","21,93€ / KG",
Vinho Regional Alentejo Branco,REAL LAVRADOR,Garrafa 0.75 LT,"2,49€","3,32€ / LT",
Adoçante,CANDEREL,Emb. 100 UNID.,"2,39€","0,02€ / UNID.",
Muesli,ALPEN,Emb. 0.55 KG,"4,04€","7,35€ / KG",
Alimento Húmido P/ Gato Gold Mousse C/ Frango,GOURMET,Emb. 0.085 KG,"0,75€","8,82€ / KG",
Ambientador gel ocean adventure,GLADE,Emb. 0.18 LT,"2,99€","16,61€ / LT",
Vinho Regional Douro Tinto Reserva,ADEGA DE VILA REAL,Garrafa 0.75 LT,"3,29€","4,39€ / LT",
Néctar Clássico Pera Rocha 3x20 cl,COMPAL,Emb. 0.6 LT,"1,49€","2,48€ / LT",
DOCE TEMPORADA ABÓBORA 350G,CASA MATEUS,Emb. 0.35 KG,"2,69€","7,69€ / KG",
Cuecas Incontinência Discreet Pants Plus,AUSONIA,Emb. 8 UNID.,"9,99€","1,25€ / UNID.",
Ice Tea Manga,LIPTON,Emb. 1 LT,"1,29€","1,29€ / LT",
Carapau Grande,,1 Unid. = 0.4 KG (aprox.),"6,99€/kg","2,80€ / Unid.",
Camarão Selvagem Argentina Cal. 20/30 Congelado,,1 Unid. = 0.1 KG (aprox.),"8,99€/kg","0,90€ / Unid.",
Chocolate de Caramelo e Avelãs,MILKA,Emb. 0.3 KG,"3,99€","13,30€ / KG",
Vinho Regional Douro Reserva 2015,MONTES ERMOS,Garrafa 0.75 L,"4,39€","5,85€ / L",
Vinagre Balsâmico Branco,GALLO,Emb. 0.25 LT,"1,69€","6,76€ / LT",
Pão de Forma com Côdea 9 Cereais,PANRICO,Emb. 0.52 KG,"2,39€","4,60€ / KG",
Recarga Mopa 20 Panos,SWIFFER,Emb. 1 P,"4,19€","4,19€ / P",
Pensos Higiénicos Aloe Vera,CAREFREE,Emb. 56 UNID.,"4,49€","0,08€ / UNID.",
Tablete Chocolate Excellence Dark 70%,LINDT,Emb. 0.1 KG,"2,09€","20,90€ / KG",
Alimento P/ Cão de Boi C/ Mandioca S/ Glúten,BEYOND,Emb. 1.2 KG,"8,49€","7,08€ / KG",
Bolachas Cobertas com Chocolate de Leite,OREO,Emb. 0.246 KG,"2,99€","12,15€ / KG",
Panadinhos de Frango,CAPITÃO IGLO,Emb. 0.2 KG,"2,59€","12,95€ / KG",
Secretos de Porco,,1 Unid. = 0.2 KG (aprox.),"5,99€/kg","1,20€ / Unid.",
Pantene 3 Minute Miracle Liso & Sedoso,PANTENE PV,Emb. 0.2 LT,"4,49€","22,45€ / LT",
Manteiga Pasteurizada com Sal Cuvete,LORETO,Emb. 0.25 KG,"2,35€","9,40€ / KG",
Iogurte Líquido Frutos Silvestres 4 Unid.,YOGGI,Emb. 0.64 KG,"2,09€","3,27€ / KG",
Leite Bem Especial Cálcio Magro,MIMOSA,Emb. 1 LT,"0,98€","0,98€ / LT",
Robalo Cal. 200/300,,1 Unid. = 0.4 KG (aprox.),"5,99€/kg","2,40€ / Unid.",
Chá Preto Descafeinado,TETLEY,Emb. 10 UNID.,"0,89€","0,09€ / UNID.",
Néctar Essencial Pêra 3x110ml,COMPAL,Emb. 0.33 LT,"1,79€","5,42€ / LT",
Ambientador Recarga Freshmatic White Bouquet,AIR WICK,Emb. 2 UNID.,"7,09€","3,55€ / UNID.",
Crackers com Sésamo,VIEIRA,Emb. 0.2 KG,"1,49€","7,45€ / KG",
Filete Cavala em Azeite Virgem,BOM PETISCO,Emb. 0.12 KG,"2,39€","19,92€ / KG",
Bebida de Soja Original 3x200ML,SHOYCE,Emb. 0.6 LT,"1,74€","2,90€ / LT",
Ice Tea Pêssego,LIPTON,Emb. 1 LT,"1,29€","1,29€ / LT",
Cereais Cookie'z Chocolate,NACIONAL,Emb. 0.3 KG,"1,69€","5,63€ / KG",
Alimento P/ Cão de Frango C/ Mandioca S/ Glúten,BEYOND,Emb. 1.2 KG,"8,49€","7,08€ / KG",
Óleo Barba King C,GILLETTE,Emb. 0.03 LT,"7,49€","249,67€ / LT",
Leite Crescimento Júnior 1+ Bolacha Maria,NESTLÉ,Emb. 1 LT,"2,49€","2,49€ / LT",
Toalhitas para Bebé Limpa e Hidrata,DODOT,Emb. 384 UNID.,"8,69€","0,02€ / UNID.",
"ATUM C/FEIJAO FRADE,RAMIREZ,120G",RAMIREZ,,"1,29€",/ Unid.,
Bebida Energética Rehab,MONSTER ENERGY,Lata 0.5 LT,"1,20€","2,40€ / LT",
Vinho do Porto Special Reserve,PORTO CRUZ,Emb. 0.75 LT,"9,99€","13,32€ / LT",
Água com Gás Levíssima 6x33cl,PEDRAS SALGADAS,Emb. 1.98 LT,"2,77€","1,40€ / LT",
"Água sem Gás 6x1,5 L",LUSO,Emb. 9 LT,"3,09€","0,34€ / LT",
Pargo Congelado,,1 Unid. = 0.56 KG (aprox.),"9,48€/kg","5,31€ / Unid.",
Pensos Higiénicos Noite Alas,EVAX,Emb. 9,"2,99€","0,33€ /",
Pot Puré Bacon E Cebola,KNORR,Emb. 0.051 KG,"1,91€","37,45€ / KG",
"Infusão Time do Relax de Camomila, Lavanda, Tília e Baunilha",LIPTON,Emb. 20 SAQS,"1,94€","0,10€ / SAQS",
Bolachas Ositos Sabor a Mel,ARTIACH,Emb. 4 UNID.,"2,09€","0,52€ / UNID.",
MOLHO COCKTAIL 253ML,CALVÉ,Emb. 0.253,"2,69€","10,63€ /",
Toalhitas para Cozinha Biodegradável,CIF,Emb. 36 UNID.,"2,24€","0,06€ / UNID.",
Conserva de Salsichas Frankfurt 8 Unid.,NOBRE,Lata 0.2 KG,"1,09€","5,45€ / KG",
Iogurte Bifidus Cremoso Cocktail de Frutas 0% 4 Unid.,DANONE,Emb. 0.48 KG,"1,99€","4,15€ / KG",
Escova de Bambu Suave,COLGATE,Emb. 1 UNID.,"2,99€","2,99€ / UNID.",
Conserva de Filete Cavala,PITEU,Emb. 0.12 KG,"1,69€","14,08€ / KG",
Edulcorante de Mesa,CANDEREL,Emb. 0.09 KG,"2,99€","33,22€ / KG",
Manteiga C/ Sal,MIMOSA,Emb. 0.25 KG,"2,29€","9,16€ / KG",
Farinha de Mandioca,GLOBO,Emb. 0.5 KG,"1,79€","3,58€ / KG",
Queijo Flamengo S/ Lactose Fatias,PAIVA,Emb. 0.15 Kg,"2,29€","15,27€ / Kg",
Iogurte Líquido Morango Framboesa 4x155g,CORPOS DANONE,Emb. 0.62 KG,"1,69€","2,73€ / KG",
Desodorizante Spray,AXE,Emb. 0.15 LT,"3,29€","21,93€ / LT",
Guardanapos 2 Folhas Gold 39x39 cm,RENOVA,Emb. 40 UNID.,"1,99€","0,05€ / UNID.",
Álcool Canforado HIDRO 250ml,HIDRO,Emb. 0.25 LT,"2,09€","8,36€ / LT",
Iogurte Líquido Morango 12 Unid.,ACTIMEL,Emb. 1.2 LT,"4,39€","3,66€ / LT",
GELATINA FRUTOS TROPICAIS LIGHT CONDI 2X15,CONDI,Emb. 0.3 KG,"1,89€","6,30€ / KG",
Batatas Fritas Onduladas,RUFFLES,Emb. 0.18 KG,"2,29€","12,72€ / KG",
Pensos Incontinência Discreet Maxi,AUSONIA,Emb. 8 UNID.,"4,99€","0,62€ / UNID.",
Perninha de Peru,,1 Unid. = 0.86 KG (aprox.),"1,89€/kg","1,63€ / Unid.",
Bolachas Crackers com Azeite e Rosmaninho,DU BOIS DE LA ROCHE,Emb. 0.2 KG,"2,05€","10,25€ / KG",
Deo Roll-On Active Protection E Invisible,REXONA,Emb. 0.05 LT,"2,69€","53,80€ / LT",
Lixívia em Gel Original,DOMESTOS,Emb. 0.75 Lt,"1,79€","2,39€ / Lt",
Detergente Máquina Roupa Líquido Lãs e Sedas,WOOLITE,Emb. 25 DOSES,"3,49€","0,14€ / DOSES",
Inseticida para Casa e Plantas,RAID,Spray 0.4 LT,"4,11€","10,28€ / LT",
Desodorizante Roll-On Cotton Dry 48H,REXONA,Emb. 0.05 LT,"2,69€","53,80€ / LT",
Fruta 100% Maçã Pêra +4 meses 4 Unid.,NESTLÉ,Emb. 0.4 KG,"2,19€","5,48€ / KG",
Dentífrico Junior,,Emb. 0.075 LT,"2,59€","34,53€ / LT",
Bolachas de Água e Sal,VIEIRA,Emb. 12  UNID.,"2,54€","0,21€ /  UNID.",
Creme Soft Hidratante Intensivo,NIVEA,Emb. 0.2 LT,"5,69€","28,45€ / LT",
Nectar Clássico Alperce 3x20cl,COMPAL NECTAR,Emb. 0.08 LT,"1,49€","18,63€ / LT",
Massa Cotovelinhos Chifferini,MILANEZA,Emb. 0.5 KG,"1,19€","2,38€ / KG",
Condicionador Protecção do Calor,TRESEMMÉ,Emb. 0.2 LT,"5,39€","26,95€ / LT",
Gelado Double Gold Caramelo Billionaire,MAGNUM,Emb. 0.44 LT,"3,89€","8,84€ / LT",
Alimento Seco P/ Gato Salmão,PURINA ONE,Emb. 0.8 KG,"6,99€","8,74€ / KG",
Néctar Clássico Tutti Frutti,COMPAL,Emb. 1 LT,"0,99€","0,99€ / LT",
Sidra com Álcool de Maça 10x33cl,SOMERSBY,Emb. 3.3 LT,"9,69€","2,94€ / LT",
Champô Seco Volume,TRESEMMÉ,Emb. 0.25 LT,"5,39€","21,56€ / LT",
Gel de Barbear Sensitive,NIVEA MEN,Emb. 0.2 LT,"4,49€","22,45€ / LT",
Alimento Seco Cão Júnior,PURINA FRISKIES,Emb. 1.5 KG,"6,49€","4,33€ / KG",
Vinho do Porto Branco,FERREIRA,Garrafa 0.75 LT,"6,29€","8,39€ / LT",
Escova a Pilhas Motion Kids Minion Bateria,COLGATE,Emb. 1 UNID.,"9,49€","9,49€ / UNID.",
Tablete de chocolate Choco Chips Ahoy,MILKA,Emb. 0.1 KG,"1,69€","16,90€ / KG",
Sabonete Delicado Care 4 unid.,PALMOLIVE,Emb. 0.09 KG,"3,45€","38,33€ / KG",
Chispalhada S/ Corantes,NOBRE,Lata 0.42 KG,"1,76€","4,19€ / KG",
Ice Tea de Pêssego 3x20 cl,LIPTON,Emb. 0.6 LT,"1,17€","1,95€ / LT",
Maionese Verdadeira 416G,HELLMANN'S,Frasco 0.416 KG,"3,29€","7,91€ / KG",
Cápsulas Café Cappuccino P/ Dolce Gusto,STARBUCKS,Emb. 12 CAPS.,"5,49€","0,46€ / CAPS.",
Espumante Reserva Bruto,RAPOSEIRA,Garrafa 0.75 LT,"6,89€","9,19€ / LT",
Molho de Nata Peixe,MIMOSA,Emb. 0.2 LT,"0,98€","4,90€ / LT",
Alimento Seco P/ Gato Interior Frango,PURINA FRISKIES,Emb. 1.5 KG,"6,99€","4,66€ / KG",
Limpa Churrasqueiras e Recuperadores de Calor,MISTOLIN,Emb. 0.5 LT,"4,84€","9,68€ / LT",
Hamburgers de Peito de Frango sem Glúten Ultracongelado,IGLO,Emb. 0.24 KG,"4,29€","17,88€ / KG",
Creme de Brie,PRÉSIDENT,Emb. 0.125 KG,"2,45€","19,60€ / KG",
Gel de Banho para Corpo e Cabelo,DOVE,Emb. 0.4 LT,"3,29€","8,23€ / LT",
Desodorizante Invisible Aqua Woman Desodorizante Spray,REXONA,Emb. 0.15 LT,"2,54€","16,93€ / LT",
Ice Tea Limão Zero Açúcar,LIPTON,Emb. 1 LT,"1,16€","1,16€ / LT",
Iogurte Grego Natural 4 Unid.,YAOS,Emb. 0.44,"2,29€","5,20€ /",
Creme Remodelador Q10 Plus,NIVEA,Emb. 0.3 LT,"11,99€","39,97€ / LT",
Tira-Nódoas para Roupa de Cor,SKIP,Emb. 1 KG,"7,49€","7,49€ / KG",
Tira-Nódoas para Roupa Branca em Gel,SKIP,Emb. 1.6 LT,"6,99€","4,37€ / LT",
Bebida Energética Ultra White Energy Zero Açúcar,MONSTER ENERGY,Emb. 0.05 LT,"1,20€","24,00€ / LT",
Alimento Húmido P/ Gato Frango e Cenoura,PURINA FRISKIES,Emb. 0.4 KG,"1,69€","4,23€ / KG",
Salteado Rústico,BONDUELLE,Emb. 0.4 KG,"2,35€","5,88€ / KG",
Conserva de Feijão Manteigado Cozido Da Horta,COMPAL,Emb. 0.42 KG,"1,29€","3,07€ / KG",
Vinho de Mesa Branco,LAGAR DAS PIAS,Bag in Box 5 LT,"7,19€","1,44€ / LT",
Manteiga Magra Sal,PRÉSIDENT,Emb. 0.25 KG,"2,55€","10,20€ / KG",
Sumo Active Drink Frutos Exóticos / Cenoura,SANTAL,Emb. 1.5 LT,"2,14€","1,43€ / LT",
Tempero de Alho & Salsa 8 Cubos,KNORR,Emb. 0.072 KG,"1,49€","20,69€ / KG",
AGUA LIMÃO,FRIZE,Emb. 0.75 LT,"1,54€","2,05€ / LT",
Laca Cabelos Oleosos,SUNSILK,Emb. 0.3 LT,"3,89€","12,97€ / LT",
Bolachas Recheadas Mini,OREO,Emb. 0.16 KG,"1,99€","12,44€ / KG",
Doce de Quatro Frutos sem Açúcar,ST. DALFOUR,Frasco 0.284 KG,"4,39€","15,46€ / KG",
Bife da Pá Novilho,,1 Unid. = 0.25 KG (aprox.),"7,98€/kg","2,00€ / Unid.",
Whisky Passport Scotch,PASSPORT,Garrafa 0.7 LT,"10,49€","14,99€ / LT",
Sticks Perfumados de Hortelã Marroquina e Toranja Rosa,Air Wick Botanica,Emb. 0.08 LT,"10,19€","127,38€ / LT",
FEIJÃO PRETO,FERBAR,Emb. 0.5 KG,"1,04€","2,08€ / KG",
Champô para Cabelos Secos e sem Brilho,TRESEMMÉ,Emb. 0.5 LT,"4,19€","8,38€ / LT",
Vinho Regional Alentejo Branco,MONSARAZ,Garrafa 0.75 LT,"3,99€","5,32€ / LT",
Couve Flor,,1 Unid. = 1.1 KG (aprox.),"2,19€/kg","2,41€ / Unid.",
Alimento Seco P/ Gato Bola Pelo/Esteril,PURINA ONE,Emb. 0.8 KG,"6,99€","8,74€ / KG",
Ervilhas Primavera Ultracongelado,IGLO,Emb. 0.5 KG,"3,09€","6,18€ / KG",
Iogurte de Banana 4 Unid.,IOGOLINO,Emb. 0.4 KG,"2,89€","7,23€ / KG",
Atum Posta Azeite e Orégãos,BOM PETISCO,Emb. 0.12 KG,"1,56€","13,00€ / KG",
Café Lote Bocage Moagem Única,NICOLA,Emb. 0.25 KG,"3,64€","14,56€ / KG",
Concentrado Laranja,SUNQUICK,Garrafa 0.7 LT,"5,79€","8,27€ / LT",
Cápsulas Café Cortado Espresso Macchiato Intensidade 8,DOLCE GUSTO,Emb. 16 CAPS.,"5,99€","0,37€ / CAPS.",
"AGUA FRIZE,,6x25CL",FRIZE,,"2,79€",/ Unid.,
Alimento Seco P/ Gato Adulto C/ Digestão Sensível,PURINA ONE,Emb. 0.8 KG,"6,99€","8,74€ / KG",
Dióspiro Persimmon,,1 Unid. = 0.25 KG (aprox.),"2,59€/kg","0,65€ / Unid.",
Iogurte Aroma Coco 4 Unid.,LONGA VIDA,Emb. 0.125 KG,"0,89€","7,12€ / KG",
BOLACHAS DIGESTIVE DIGESTIVE NATURE GULLON 400G,GULLÓN,Emb. 0.4 KG,"2,44€","6,10€ / KG",
Alface Lisa,,1 Unid. = 0.4 KG (aprox.),"2,49€/kg","1,00€ / Unid.",
Vinho Regional Tejo Tinto Reserva,CABEÇA DE TOIRO,Garrafa 0.75 LT,"5,49€","7,32€ / LT",
Batom Corretivo 002,RIMMEL,Emb. 1 UNID.,"4,56€","4,56€ / UNID.",
Bolachas Maria 74% de Cereais,TRIUNFO,Emb. 0.2 KG,"0,89€","4,45€ / KG",
Whisky Finest,BALLANTINE'S,Emb. 0.7 LT,"15,99€","22,84€ / LT",
Martini Rosso,MARTINI,Garrafa 1 LT,"11,49€","11,49€ / LT",
Feijão Verde,,1 Unid. = 0.55 KG (aprox.),"3,99€/kg","2,19€ / Unid.",
Café Moagem Universal Brasil,DELTA,Emb. 0.22 KG,"3,69€","16,77€ / KG",
Azeite,OLIVEIRA DA SERRA,Garrafão 3 LT,"15,67€","5,22€ / LT",
Batatas Fritas com Sal 6x30 g,LAY'S,Emb. 0.18 KG,"2,29€","12,72€ / KG",
Óleo Alimentar,FRIGI,Garrafa 1 LT,"2,39€","2,39€ / LT",
Gelatina Light Morango,ROYAL,Emb. 0.031 KG,"2,09€","67,42€ / KG",
Fiambre da Perna Extra,NOBRE,1 Unid. = 0.11 KG (aprox.),"6,99€/kg","0,77€ / Unid.",
Mortadela Simples,ELPOZO,1 Unid. = 0.2 KG (aprox.),"4,59€/kg","0,92€ / Unid.",
Sais De Fruta Digestivo Laranja,ENO,Emb. 0.15 KG,"6,89€","45,93€ / KG",
Pantene Cuidado Clássico Champô,PANTENE PV,Emb. 0.25 LT,"3,99€","15,96€ / LT",
Cápsulas de Café Alumínio Nespresso Ristretto,SEGAFREDO,Emb. 10 UN,"4,29€","0,43€ / UN",
Preparado Sopa de Cebola Económica,KNORR,Emb. 0.05 KG,"1,09€","21,80€ / KG",
Bebida Energética,BURN,Emb. 0.5 LT,"1,10€","2,20€ / LT",
Alimento Seco P/ Gato Sénior +11 Frango,PURINA ONE,Emb. 0.8 KG,"6,99€","8,74€ / KG",
Cápsulas de Café Alumínio Nespresso Decaffeinato,SEGAFREDO,Emb. 10 UN,"4,29€","0,43€ / UN",
Cereais de Aveia Integral,FITNESS,Emb. 0.625 KG,"4,19€","6,70€ / KG",
Fraldas Incontinência Super P,LINDOR,Emb. 40 UNID.,"20,99€","0,52€ / UNID.",
Abacaxi Sweet Gold,,1 Unid. = 1.78 KG (aprox.),"1,19€/kg","2,12€ / Unid.",
Azeite,3 CASTELOS,Garrafa 1 LT,"5,14€","5,14€ / LT",
Fraldas Incontinência com Elásticos Médio,LINDOR,Emb. 20 UNID.,"12,49€","0,62€ / UNID.",
Bebida Energética Blood Orange,POWERADE,Emb. 0.5 LT,"1,39€","2,78€ / LT",
"Alimento Húmido P/ Cão Adulto em Molho de Vaca, Borrego",FRISKIES,Emb. 1.2 KG,"7,29€","6,08€ / KG",
Óleo Brilho Keratina,TRESEMMÉ,Emb. 0.05 LT,"5,99€","119,80€ / LT",
Café Solúvel Cappuccino Descafeinado 10 Saquetas,NESCAFÉ,Emb. 0.125 KG,"3,19€","25,52€ / KG",
Caldo Galinha 16 Cubos,MAGGI,Emb. 0.16 KG,"2,09€","13,06€ / KG",
Champô para Homem Anticaspa Cool Sport Mentol,LINIC,Emb. 0.225 LT,"3,34€","14,84€ / LT",
Spray Limpa Fornos e Grelhadores,CIF,Emb. 0.435 LT,"2,49€","5,72€ / LT",
Caldo para Arroz 24 Cubos,KNORR,Emb. 0.24 KG,"2,39€","9,96€ / KG",
Vinho Regional Tejo Branco,QUINTA DA ALORNA,Garrafa 0.75 LT,"3,49€","4,65€ / LT",
Azeite Virgem Extra Clássico,GALLO,Emb. 0.75 LT,"4,49€","5,99€ / LT",
Chá de Tília,LIPTON,Emb. 10 SAQ.,"0,69€","0,07€ / SAQ.",
B&J Netflix & Chill'D 465ml,,Emb. 0.465 LT,"6,79€","14,60€ / LT",
AUSONIA ORG COTTON NORMAL ABAS,AUSONIA,Emb. 12 UNID.,"2,54€","0,21€ / UNID.",
Leite Hidratante Apaziguante Aveia,ULTRA SUAVE,Emb. 0.4 LT,"5,99€","14,98€ / LT",
Massa Macarronete GR,MILANEZA,Emb. 0.5 KG,"1,75€","3,50€ / KG",
Gel Anti-Calcário Hygiene Elimina Bactérias,CALGON,Emb. 1.5 LT,"12,74€","8,49€ / LT",
Espuma Cabelo Styling Flexible Curls,NIVEA,Emb. 0.15 LT,"4,19€","27,93€ / LT",
SYOSS COLOR 4-8 CASTANHO CHOCOLATE 16X3,SYOSS,,"4,99€",/ Unid.,
Pota Inteira Congelado,,1 Unid. = 0.2 KG (aprox.),"4,49€/kg","0,90€ / Unid.",
GUARDANAPOS RED LABEL 1F RED,GUARDANAPOS RENOVA,Emb. 70 UNID.,"0,79€","0,01€ / UNID.",
Alimento Húmido P/ Gato Frango e Cenoura,GOURMET GOLD,Emb. 0.085 KG,"0,75€","8,82€ / KG",
Vinho Regional Alentejano Tinto,CONVENTUAL,Garrafa 0.75 LT,"4,99€","6,65€ / LT",
Iogurte Bifidus Activia Natural 4 Unid.,DANONE,Emb. 0.48 KG,"1,99€","4,15€ / KG",
Sais de Fruta Digestivo Original,ENO DIGESTIVO,Emb. 10 UNID.,"4,99€","0,50€ / UNID.",
Conserva de Atum Assado à Algarvia,RAMIREZ,Emb. 0.12 KG,"1,49€","12,42€ / KG",
Café Cápsulas deQafeinatus Intensidade 1,DELTA,Emb. 10 CAPS.,"3,39€","0,34€ / CAPS.",
Nata com Cogumelos,PARMALAT,Emb. 0.2 KG,"1,27€","6,35€ / KG",
Queijo Ralado Emmental,PRÉSIDENT,Emb. 0.15 KG,"2,55€","17,00€ / KG",
Coloração Longa Duração Belle Color 6 Louro Escuro,GARNIER,Emb. 1 UNID.,"5,99€","5,99€ / UNID.",
Mini Pizza Piccolinis Salsicha Frankfurt 9 Unid.,BUITONI,Emb. 0.27 KG,"3,99€","14,78€ / KG",
Meloa Cantalupe,,1 Unid. = 1.34 KG (aprox.),"2,49€/kg","3,34€ / Unid.",
DUREX Lubrificante Play Efeito Calor,DUREX,Emb. 0.05 LT,"7,49€","149,80€ / LT",
Queijo Fresco Magro,SANTIAGO,Emb. 0.2 KG,"1,79€","8,95€ / KG",
Conserva de Caldeirada,PITEU,Emb. 0.12 KG,"1,89€","15,75€ / KG",
Queijo Fundido Palitos 4x140g,A VACA QUE RI,Emb. 0.14 KG,"2,29€","16,36€ / KG",
Alimento Seco P/ Cão Adulto,FRISKIES,Emb. 1.5 KG,"4,49€","2,99€ / KG",
Vinho Regional Tejo Tinto,QUINTA ALORNA,Garrafa 0.75 LT,"3,49€","4,65€ / LT",
Polpa de Tomate com Cebola e Alho,COMPAL,Frasco 0.5 LT,"1,49€","2,98€ / LT",
Bolachas Chips de Chocolate Minis,CHIPS AHOY,Emb. 0.16 KG,"1,99€","12,44€ / KG",
Cereja Cal. 22/24,,1 Unid. = 0.125 KG (aprox.),"5,90€/kg","0,74€ / Unid.",
PUDIM +PROTEINA CARAMELO,EHRMANN,Emb. 0.2 KG,"1,79€","8,95€ / KG",
Sabonete Líquido Naturals Pele Sensível,PALMOLIVE,Emb. 0.3 LT,"3,19€","10,63€ / LT",
Café Torrado Moído África Ásia e Brasil Moagem Fina,SICAL,Emb. 0.25 KG,"2,39€","9,56€ / KG",
Papel Anti-Traças,RAID,Emb. 4 UNID.,"1,99€","0,50€ / UNID.",
Chourição,CHARCUTARIA,1 Unid. = 0.1 KG (aprox.),"6,19€/kg","0,62€ / Unid.",
Desodorizante Roll-On Cobalt Blue,REXONA,Emb. 0.05 LT,"2,39€","47,80€ / LT",
Vinho Regional Península de Setúbal Branco Seco,B.S.E,Garrafa 0.75 LT,"2,99€","3,99€ / LT",
Croissant Tipo Francês,,1 UNID.,"1,40€","1,40€ / UNID.",
"Chá Verde com Guaraná, Canela e Cardamono",LIPTON,Emb. 0.032 KG,"1,94€","60,63€ / KG",
"AQUAFRESH INTENSE CLEAN,,2x75ML",AQUAFRESH,,"3,99€",/ Unid.,
Swiss Dark Chocolate Meio Amargo,TOBLERONE,Emb. 0.1 KG,"2,49€","24,90€ / KG",
Tira Gorduras Misto,MISTOLIN,Emb. 0.545 LT,"2,24€","4,11€ / LT",
Snack P/ Cão Adulto Biscuit,PURINA,Emb. 0.65 KG,"3,99€","6,14€ / KG",
Tarte Gelada Morango,VIENNETTA,Emb. 0.65 LT,"3,99€","6,14€ / LT",
Papa Infantil de Banana Laranja,CERELAC,Emb. 0.25 KG,"2,39€","9,56€ / KG",
FRESHMATIC COM RECARGA PURE FLOR DE CEREJEIRA,AIRWICK,Emb. 1 UNID.,"7,19€","7,19€ / UNID.",
Iogurte Bifidus Activia Cremoso Frutos Silvestres 4 Unid.,DANONE,Emb. 0.48 KG,"1,99€","4,15€ / KG",
PALMIERS DU BOIS ROCHE 150G,DU BOIS DE LA ROCHE,Emb. 0.15 KG,"1,39€","9,27€ / KG",
Strogonoff,KNORR,Emb. 0.033 KG,"1,54€","46,67€ / KG",
Tomate Pelado,GULOSO,Emb. 0.39 KG,"1,09€","2,79€ / KG",
Bebida Solúvel Cereais Cevada Chicória e Café,TOFINA,Frasco 0.2 KG,"2,24€","11,20€ / KG",
Nata Levíssima,PARMALAT,Emb. 0.2 LT,"1,12€","5,60€ / LT",
Raia Cal. 2/5,,1 Unid. = 2.5 KG (aprox.),"7,99€/kg","19,98€ / Unid.",
Chá Verde de Pêssego Branco,LIPTON,Emb. 1 LT,"1,28€","1,28€ / LT",
Tablete Chocolate Culinária,NESTLÉ,Emb. 0.2 KG,"1,39€","6,95€ / KG",
Gel de Banho Black XL,AXE,Emb. 0.4 LT,"3,29€","8,23€ / LT",
Vinho Verde Branco,GAZELA,Garrafa 0.75 LT,"2,99€","3,99€ / LT",
Difusor Elétrico 3 Volution + Recarga Japan Tatami,AMBIPUR,Emb. 2 UNID.,"9,99€","5,00€ / UNID.",
Iogurte Sólido Suissinhos Morango Alperce,YOCO,Emb. 0.252 KG,"1,74€","6,90€ / KG",
Café Lote Clássico Moagem Grossa,SICAL,Emb. 0.25 KG,"2,39€","9,56€ / KG",
Carapau Médio,,1 Unid. = 0.28 KG (aprox.),"2,29€/kg","0,64€ / Unid.",
DOCE TOMATE 345G,CASA MATEUS,Emb. 0.345 KG,"2,24€","6,49€ / KG",
Esparguete à Carbonara,KNORR,Emb. 0.036 KG,"1,54€","42,78€ / KG",
Espumante Reserva Meio Seco,MURGANHEIRA,Garrafa 0.75 LT,"11,79€","15,72€ / LT",
Baguete,,1 Unid. = 0.25 KG,"0,45€","1,80€ / KG",
Xau Limpa Máquinas Limão 2Packx12,XAU,,"6,99€",/ Unid.,
Massa Pevide Clássica,NACIONAL,Emb. 0.25 KG,"0,55€","2,20€ / KG",
Toucinho Fumado,,1 Unid. = 0.12 KG (aprox.),"9,49€/kg","1,14€ / Unid.",
Vinho Regional Douro Branco,PAPA FIGOS,Garrafa 0.75 LT,"7,49€","9,99€ / LT",
Champô Anti-Caspa Cool Sport Mentol para Todos os Tipos de Cabelo,LINIC,Emb. 0.36 LT,"4,94€","13,72€ / LT",
Pantene Liso & Sedoso Champô 3 Em 1,,Emb. 0.3 LT,"4,99€","16,63€ / LT",
FEIJOCAS FERBAR 580G,FERBAR,Emb. 0.58 KG,"1,56€","2,69€ / KG",
Rabanete sem Rama,,1 Unid. = 0.125 KG  (aprox.),"4,99€/kg","0,62€ / Unid.",
CORNETTO MINI CLÁSSICO (8x60ml),CORNETTO,Emb. 8 UNID.,"4,99€","0,62€ / UNID.",
Azeite Virgem Extra Gourmet,GALLO,Emb. 0.75 LT,"3,89€","5,19€ / LT",
Cereais Arroz S/ Glúten,NESTUM,Emb. 0.25 KG,"2,49€","9,96€ / KG",
Maçã Granny Smith Cal. 75/80,,1 Unid. = 0.17 KG (aprox.),"1,79€/kg","0,30€ / Unid.",
Galette des Rois,,1 Unid. = 0.84 KG,"5,99€","7,13€ / KG",
Conserva de Salsichas Aves 8 Unid.,NOBRE,Lata 0.2 KG,"1,09€","5,45€ / KG",
Bacalhau Seleção Crescido Asa Preta,,1 Unid. = 1.6 KG (aprox.),"10,99€/kg","17,58€ / Unid.",
Iogurte Bifidus Cremoso Coco 4 Unid.,DANONE,Emb. 0.48 KG,"1,99€","4,15€ / KG",
Pao De Forma Cerealia 14 Cereais,PANRICO,Emb. 0.435 KG,"2,29€","5,26€ / KG",
Bolachas Maria Doces,VIEIRA,Emb. 0.3 KG,"2,54€","8,47€ / KG",
Espuma Caracóis Naturais,PANTENE,Emb. 0.2 LT,"3,74€","18,70€ / LT",
TABLETE CHOCOLATE NEGRO 72% 100G,CEMOI,Emb. 0.1,"0,99€","9,90€ /",
Aquafresh Protecção e Caries Branqueadora 2X 75ml,AQUAFRESH,,"5,83€",/ Unid.,
Cereais Zero Flocos de Milho,NACIONAL,Emb. 0.375 KG,"1,74€","4,64€ / KG",
Conserva de Feijão Encarnado Cozido com pouco Sal,FERBAR,Lata 0.42 KG,"0,95€","2,26€ / KG",
Nata UHT,MIMOSA,Emb. 0.2 LT,"0,99€","4,95€ / LT",
Figo,,1 Unid. = 0.1 KG (aprox.),"6,49€/kg","0,65€ / Unid.",
Bloco Sanitário power 5 duo pack lime,DOMESTOS,Emb. 0.11 KG,"2,74€","24,91€ / KG",
Marmelada,FERBAR,Emb. 0.4 KG,"1,99€","4,98€ / KG",
"AGUA FASTIO,,6x33CL",FASTIO,,"1,89€",/ Unid.,
Couve Penca,,1 Unid. = 1.05 KG (aprox.),"1,69€/kg","1,77€ / Unid.",
Tablete de Chocolate de Leite Bubbly Caramel,MILKA,Emb. 0.25 KG,"3,99€","15,96€ / KG",
Bloco Sanitário Poder Activo Lavanda,SONASOL,Emb. 0.05 KG,"1,94€","38,80€ / KG",
Autobrilhante Creme Calçado com Esponja,BUFALO,Emb. 0.04 LT,"3,19€","79,75€ / LT",
Iogurte Grego Coco 4 Unid.,YAOS,Emb. 0.44 KG,"2,29€","5,20€ / KG",
Pão de Forma Coração de Trigo,PANRICO,Emb. 0.5 KG,"1,89€","3,78€ / KG",
Cápsulas Café Lungo Intensidade 6,DOLCE GUSTO,Emb. 16 CAPS.,"5,99€","0,37€ / CAPS.",
Leite Reparador Tesouros de Mel,ULTRA SUAVE,Emb. 0.4 LT,"5,99€","14,98€ / LT",
Tiras Limpiadoras Purificantes,NIVEA,Emb. 6 P,"7,99€","1,33€ / P",
Desodorizante Roll On Black & White Active,NIVEA,Emb. 0.05 L,"4,49€","89,80€ / L",
Bebida Solúvel de Cereais C/ Café,MOKAMBO,Emb. 0.2 KG,"4,49€","22,45€ / KG",
Amaciador Cabelo Camomila e Mel de Flores,ULTRA SUAVE,Emb. 0.2 LT,"3,59€","17,95€ / LT",
Vinho Regional Alentejo Branco,ADEGA DE BORBA,Garrafa 0.75 LT,"3,89€","5,19€ / LT",
Snack P/ Cão Pequeno 7-12Kg,PURINA,Emb. 0.115 KG,"2,39€","20,78€ / KG",
Chá Green Framboesa Romã,LIPTON,Emb. 20 SAQ.,"1,49€","0,07€ / SAQ.",
Conserva de Mini Salsichas Cocktail,NOBRE,Lata 0.18 KG,"1,39€","7,72€ / KG",
London Dry Gin,GIBSON'S,Garrafa 0.7 LT,"9,49€","13,56€ / LT",
Rolo de Cozinha Máxima Absorção 8+4 Unid.,RENOVA,Emb. 1 P,"6,25€","6,25€ / P",
Snacks Húmidos P/ Gatos De Casa Peru e Cereais Integrais,PURINA,Emb. 0.8 KG,"6,99€","8,74€ / KG",
Cerveja sem Álcool 6x33CL,SUPER BOCK,Emb. 1.98 LT,"4,49€","2,27€ / LT",
After Shave Original,DENIM,Emb. 0.1 LT,"5,19€","51,90€ / LT",
Deo Creme Derma Care 0% Álcool,VASELINE,Emb. 0.05 LT,"2,84€","56,80€ / LT",
Escova Dentes Leite,AQUAFRESH,Emb. 1 UNID.,"3,09€","3,09€ / UNID.",
Elixir Anti-Cáries,LISTERINE,Emb. 0.5 LT,"6,49€","12,98€ / LT",
Vinho Regional Península de Setúbal Tinto,PERIQUITA,Garrafa 0.75 LT,"3,59€","4,79€ / LT",
Chá Verde com Sabor a Hortelã e Lima,LIPTON,Emb. 1 LT,"1,28€","1,28€ / LT",
Spray Mousse,NEOBLANC,Spray 0.7 LT,"2,59€","3,70€ / LT",
Pasta de Dentes Branqueadora,ORAL B,Emb. 0.075 LT,"3,99€","53,20€ / LT",
Ambientador bougie edition,AIR WICK,Emb. 0.105 LT,"4,99€","47,52€ / LT",
Desodorizante Creme,DOVE,Emb. 0.05 LT,"2,84€","56,80€ / LT",
Creme Revitalift Dia,DERMO EXPERTISE,Emb. 0.03 LT,"16,99€","566,33€ / LT",
Cereais de Milho S/ Glúten C/ Chocolate Corn Flakes,NESTLÉ,Emb. 0.375 KG,"2,24€","5,97€ / KG",
Creme de Mãos Godness,DOVE,Emb. 0.075 LT,"2,99€","39,87€ / LT",
AGUARDENTE FIM DE SÉCULO Vínica Velhíssima 25 Anos Cx. Cartão 70CL,,0.07 CL,"39,99€","571,29€ / CL",
Caldo para Massas,KNORR,Emb. 0.08 KG,"1,39€","17,38€ / KG",
Anti Calcário Máquina Roupa Pó 2 em 1,CALGON,Emb. 20 DOSES,"6,99€","0,35€ / DOSES",
Sal Máquina Loiça Anti-Calcário,SUN,Emb. 1 KG,"1,49€","1,49€ / KG",
Uva Preta,,1 Unid. = 0.25 KG (aprox.),"1,99€/kg","0,50€ / Unid.",
Tablete de Chocolate Negro,NESTLÉ,Emb. 0.125 KG,"1,99€","15,92€ / KG",
Pensos Incontinência Lindor Lady Pad Extra 14 Un,LINDOR,,"6,56€",/ Unid.,
Safio Posta,,1 Unid. = 0.29 KG (aprox.),"8,99€/kg","2,61€ / Unid.",
Cuecas Menino 3 aos 5 Anos 16-23 kg,HUGGIES,Emb. 16 UN,"8,99€","0,56€ / UN",
Ice tea Manga 2x2lt,LIPTON,Emb. 4 LT,"4,99€","1,25€ / LT",
Champô Bebé Bons Sonhos,JOHNSON'S BABY,Emb. 0.5 LT,"5,59€","11,18€ / LT",
YOFU SOJA PESSEGO/EXOTI 4x125G,ALPRO,Emb. 0.5 KG,"2,89€","5,78€ / KG",
Batata Doce,,1 Unid. = 0.29 KG (aprox.),"1,19€/kg","0,35€ / Unid.",
Papel Higiénico 2 Folhas Original,SCOTTEX,Emb. 32 ROLOS,"9,99€","0,31€ / ROLOS",
Patê Fiambre Sólo Natural,LA PIARA,Emb. 0.077 KG,"1,29€","16,75€ / KG",
Éclair de Chocolate,,1 Unid. = 0.08 KG,"0,79€","9,88€ / KG",
Cápsulas Café Alumínio Nespresso 100% Arábica,SEGAFREDO,Emb. 10 UN,"4,29€","0,43€ / UN",
Alimento Húmido para Cão Mini Adulto,PURINA ONE,Emb. 0.1 KG,"0,79€","7,90€ / KG",
Bifanas de Porco,,1 Unid. = 0.15 KG (aprox.),"4,29€/kg","0,64€ / Unid.",
Amendoins Sal e Mel,MATUTANO,Emb. 0.15 KG,"2,59€","17,27€ / KG",
Espuma de Barbear Pele Sensível,GILLETTE,Emb. 0.2 LT,"2,99€","14,95€ / LT",
Detergente para a Máquina da Loiça de Limão,SUN,Emb. 90 DOSES,"12,34€","0,14€ / DOSES",
Cerveja com Álcool,CRISTAL,Garrafa 1 LT,"1,35€","1,35€ / LT",
Arroz Agulha,CIGALA,Emb. 1 KG,"1,24€","1,24€ / KG",
Bolachas Original,OREO,Emb. 0.22 KG,"1,99€","9,05€ / KG",
Chá Exotic Passion,LIPTON,Emb. 20 SAQS,"1,94€","0,10€ / SAQS",
Alimento P/ Cão Médio Controlo de Peso +10 Kg Peru C/ Arroz,PURINA,Emb. 2.5 KG,"13,99€","5,60€ / KG",
Amaciador concentrado intense care repair,COMFORT,Emb. 60 DOSES,"3,99€","0,07€ / DOSES",
Cillit Bang Bolor & Sujidade,CILLIT BANG,Emb. 0.5 LT,"2,24€","4,48€ / LT",
Body Milk Repara & Cuida 72h Pele Extra Seca,NIVEA,Emb. 0.25 LT,"6,59€","26,36€ / LT",
Cillit Bang Casa de Banho 500ML x12,CILLIT BANG,Emb. 0.5 LT,"2,24€","4,48€ / LT",
Bolachas Tosta Rica Oceanix,CUÉTARA,Emb. 0.16 KG,"2,09€","13,06€ / KG",
Tomato Frito,HEINZ,Emb. 0.35 KG,"1,19€","3,40€ / KG",
Café Pastilhas Lote Chávena,DELTA,Emb. 16 PAST.,"2,40€","0,15€ / PAST.",
Barra Bueno Recheio Leite Avelãs Cobertura Chocolate 2 Unid.,KINDER,Emb. 0.043 KG,"1,09€","25,35€ / KG",
Sumo 8 Frutos,UM BONGO,Emb. 1 LT,"1,49€","1,49€ / LT",
"Alimento Húmido P/ Cão Adulto em Molho de Vaca, Borrego",FRISKIES,Emb. 0.4 KG,"2,59€","6,48€ / KG",
5 em 1 Glade Vanilla,BRISE,Spray 0.3 LT,"1,54€","5,13€ / LT",
Toalhitas Proteção Cores,WOOLITE,Emb. 10 UNID.,"3,49€","0,35€ / UNID.",
Salmão Posta,,1 Unid. = 0.25 KG (aprox.),"9,99€/kg","2,50€ / Unid.",
Tablete Chocolate Culinária,NESTLÉ,Emb. 0.2 KG,"1,79€","8,95€ / KG",
Champô Anti-Caspa Men Controlo De Oleosidade,LINIC,Emb. 0.225 LT,"3,34€","14,84€ / LT",
Bolachas Maria sem Glúten,GULLÓN,Emb. 0.4 KG,"3,79€","9,48€ / KG",
Aveia Instantânea Natural,PROZIS,Emb. 1.25 KG,"349,00€","279,20€ / KG",
Recarga Ambientador Freshmatic Pure Oasis e Lavanda,AIRWICK,Emb. 3 UNID.,"10,64€","3,55€ / UNID.",
Iced Tea Limão,NESTEA,Garrafa 1.5 LT,"1,00€","0,67€ / LT",
Ice Tea Pêssego Zero Açúcar,LIPTON,Emb. 0.6 LT,"1,13€","1,88€ / LT",
Pantene Fixação Flexível Laca 300ml,PANTENE PV,Spray 0.3 LT,"3,74€","12,47€ / LT",
Queijo Flamengo 1/4 Bola,PRIMOR,Emb. 0.35 KG,"3,49€","9,97€ / KG",
Salsichas Frankfurt,IZIDORO,Lata 0.25 KG,"1,03€","4,12€ / KG",
Deo Spray 0% Sensitive 24H,SANEX,Emb. 0.15 LT,"2,69€","17,93€ / LT",
Massa Linguine C/ Tinta de Choco,MILANEZA,Emb. 0.5 KG,"3,19€","6,38€ / KG",
Leite Bem Especial S/ Lactose Infantil Meio Gordo,MIMOSA,Emb. 1 LT,"1,99€","1,99€ / LT",
Néctar Clássico Manga Magdalena 3x20 cl,COMPAL,Emb. 0.6 LT,"1,69€","2,82€ / LT",
Camarão Aquicultura Cal. 20/30 Congelado,,1 Unid. = 0.25 KG (aprox.),"10,99€/kg","10,99€ / Unid.",
Água Refrescante Biológica,CORINE DE FARME,Emb. 0.15 LT,"4,84€","32,27€ / LT",
Nata UHT Ideal para Bater,AGROS,Emb. 0.2 LT,"0,94€","4,70€ / LT",
GELATINA CONDI MORANGO 2X85G,CONDI,,"1,79€",/ Unid.,
Papa Infantil 8 Cereais e Mel,NESTLÉ,Emb. 0.25 KG,"1,79€","7,16€ / KG",
Desodorizante Cucumber & Green Tea S/ áçcool e Alumínio,DOVE,Emb. 0.15 LT,"2,84€","18,93€ / LT",
Hamburgers de Vaca sem Glúten Ultracongelado,CAPITÃO IGLO,Emb. 0.32 KG,"3,99€","12,47€ / KG",
Ambientador Carro Flores Elegantes,AMBIPUR,Emb. 1 UNID.,"3,49€","3,49€ / UNID.",
Amaciador Roupa Concentrado Jasmim Fresco e Lavanda Selvagem,BOTANICAL ORIGIN,Emb. 45 DOSES,"3,99€","0,09€ / DOSES",
Topping Chocolate,MILKA,Emb. 0.3 KG,"3,69€","12,30€ / KG",
Papel Higiénico 3 Folhas Acolchoado,SCOTTEX,Emb. 9 ROLOS,"5,99€","0,67€ / ROLOS",
Chouriço Corrente 2x100gr,PRIMOR,Emb. 0.2 KG,"1,39€","6,95€ / KG",
Pacotinho de Cereais e Bolacha Maria,NESTUM,Emb. 0.08 KG,"0,99€","12,38€ / KG",
Gin Premium Pink,GORDON'S,Garrafa 0.7 LT,"17,49€","24,99€ / LT",
Pensos Higiénicos Ultrafinos Noite,AUSONIA,Emb. 9 UNID.,"1,69€","0,19€ / UNID.",
Caldo de Legumes 8 Cubos,KNORR,Emb. 0.08 KG,"1,49€","18,63€ / KG",
Bolacha Energy Chiqui Chocs,ARTIACH,Emb. 0.14 KG,"2,09€","14,93€ / KG",
Lixívia Densa+ Harmonias Florais,NEOBLANC,Emb. 2 LT,"2,58€","1,29€ / LT",
Óleo de noite Reparador Bio Cânhamo,GARNIER,Emb. 0.03 LT,"11,38€","379,33€ / LT",
Leite de Cabra UHT Meio Gordo,PRÉSIDENT,Emb. 1 LT,"2,44€","2,44€ / LT",
Cereais Granola de Aveia Mel,NESTLÉ,Emb. 0.3 KG,"2,79€","9,30€ / KG",
Ice Tea de Pêssego Lata 6x25cl,LIPTON,Emb. 1.5 LT,"3,38€","2,25€ / LT",
Ração seca para gato digestão sensível c/ truta,ULTIMA,Emb. 1.5 KG,"13,29€","8,86€ / KG",
Caldo Galinha 6 Cubos,MAGGI,Emb. 0.06 KG,"0,89€","14,83€ / KG",
Óleo Intense 12-0 Aclarante Extremo,SYOSS,,"6,24€",/ Unid.,
Iogurte Côco 4 Unid.,MIMOSA,Emb. 0.48 KG,"1,09€","2,27€ / KG",
WC Frescura Contínua,NEO BLANC,Emb. 1 UNID.,"2,24€","2,24€ / UNID.",
Desodorizante Dove Roll-On Invisible Dry Masc,DOVE,Emb. 0.05 LT,"2,69€","53,80€ / LT",
Gin Gordon´s,GORDON'S,Garrafa 0.7 LT,"16,49€","23,56€ / LT",
Fiambre da Perna Extra Finíssimos,NOBRE,Emb. 0.12 KG,"2,69€","22,42€ / KG",
Nuggets Peito de Frango Ultracongelado,CAPITÃO IGLO,Emb. 0.208 KG,"4,99€","23,99€ / KG",
Detergente para a Máquina da Loiça Extra Power,SUN,Emb. 76 PASTILHAS,"9,99€","0,13€ / PASTILHAS",
Sobremesa Gelado Vanilla Pecan,CARTE D'OR,Emb. 0.9 LT,"3,29€","3,66€ / LT",
Mortadela com Azeitonas,CHARCUTARIA,1 Unid. = 0.1 KG (aprox.),"4,59€/kg","0,46€ / Unid.",
Cerveja com Álcool Mini 20x25cl,CRISTAL,Emb. 5 LT,"7,59€","1,52€ / LT",
Champô Nourish & Replenish com Óleo de Coco e Aloe Vera,TRESEMMÉ,Emb. 0.4 LT,"4,79€","11,98€ / LT",
Iogurte Bifidus Líquido Framboesa e Romã 4 Unid.,ACTIVIA,Emb. 0.62 KG,"1,89€","3,05€ / KG",
Gel de Banho Excite,AXE,Emb. 0.4 LT,"3,29€","8,23€ / LT",
Detergente Manual Loiça Ultra,FAIRY,Emb. 0.48 LT,"2,15€","4,48€ / LT",
Café Mythiq Intensidade 15,DELTA,Emb. 10 UNID.,"2,99€","0,30€ / UNID.",
Esfregão Regular,BRAVO,Emb. 1 P,"0,99€","0,99€ / P",
Iogurte Mix-in Kit Kat 2x115g,NESTLÉ,Emb. 0.23 KG,"2,09€","9,09€ / KG",
Gelatina Frutos Vermelhos Light 2x15g,CONDI,Emb. 0.03 KG,"1,89€","63,00€ / KG",
Deo Roll On Hidra Essencial 0% Álcool,VASELINE,Emb. 0.05 LT,"2,09€","41,80€ / LT",
Dourada Cal. 700/800,,1 Unid. = 0.75 KG (aprox.),"7,99€/kg","5,99€ / Unid.",
Chá Preto English Breakfast,LIPTON,Emb. 20 SAQS,"1,29€","0,06€ / SAQS",
Refrigerante com Gás Laranja,FRISUMO,Garrafa 1.5 LT,"0,99€","0,66€ / LT",
Leite Bem Especial Crescimento 1 a 3 anos,MIMOSA,Emb. 1 LT,"1,79€","1,79€ / LT",
Café Solúvel Cappuccino Mocha,NESCAFÉ,Emb. 0.306 KG,"6,39€","20,88€ / KG",
Espuma Barbear Extra Hidratante,NIVEA MEN,Emb. 0.2 LT,"3,59€","17,95€ / LT",
Maionese Magra,HELLMANN'S,Emb. 0.459 KG,"3,30€","7,19€ / KG",
Pantene Liso & Sedoso Champô,,Emb. 0.1 LT,"9,99€","99,90€ / LT",
After Shave Dark Temptation,AXE,Emb. 0.1 LT,"6,99€","69,90€ / LT",
Bolachas Recheadas C/ Frutos do Bosque,MC VITIE'S,Emb. 0.218 KG,"2,39€","10,96€ / KG",
"SYOSS KERATIN MOUSSE,,250ML",SYOSS,Emb. 0.25 LT,"3,24€","12,96€ / LT",
Vinho Regional Douro Tinto,PAPA FIGOS,Garrafa 0.75 LT,"7,49€","9,99€ / LT",
Linguado Cal. 250/300,,1 Unid. = 0.28 KG (aprox.),"14,98€/kg","4,19€ / Unid.",
Pêssego Paraguaio,,1 Unid. = 0.15 KG (aprox.),"1,99€/kg","0,30€ / Unid.",
Bolachas Maria Dorada,GULLÓN,Emb. 0.6 KG,"2,84€","4,73€ / KG",
MOLHO PIRI-PIRI FERBAR 210G,FERBAR,Emb. 0.21 KG,"1,19€","5,67€ / KG",
Bacalhau Crescido Asa Branca,,1 Unid. = 1.6 KG (aprox.),"12,39€/kg","19,82€ / Unid.",
Beringela,,1 Unid. = 0.37 KG (aprox.),"1,99€/kg","0,74€ / Unid.",
Vinho Castello DAlba Superior Tinto 2020,CASTELLO D'ALBA,Emb. 0.75 LT,"11,90€","15,87€ / LT",
AFTER SHAVE ORIGINAL,BRUT,Emb. 1 LT,"12,90€","12,90€ / LT",
Bebida em Pó Ananás,TANG,Emb. 0.03 KG,"0,83€","27,67€ / KG",
Champô Linic Anti-Caspa Fem Sakura,LINIC,Emb. 0.225 LT,"3,34€","14,84€ / LT",
Pantene Espuma Cabelo ondulado 200ml,PANTENE PV,Emb. 0.2 LT,"3,74€","18,70€ / LT",
Queijo Fatiado Flamengo,TERRA NOSTRA,Emb. 0.2 KG,"2,19€","10,95€ / KG",
Iogurte Bifidus Líquido Morango 4 Unid.,DANONE,Emb. 0.62 KG,"1,99€","3,21€ / KG",
Alimento P/ Gato C/ Espirulina de Frango,PURINA,Emb. 1.4 KG,"6,69€","4,78€ / KG",
Amaciador Cabelo Normais Garnier Força e Brilho,FRUCTIS,Emb. 0.2 LT,"3,99€","19,95€ / LT",
Noz Moscada Moída C/ Moinho,MARGÃO,Emb. 0.04 KG,"2,49€","62,25€ / KG",
Atum em Posta,BOM PETISCO,Emb. 0.385 KG,"4,26€","11,06€ / KG",
Champô Anti-Caspa Frescura Diária de Menta e Limão para Todos os Tipos de Cabelo,LINIC,Emb. 0.36 LT,"4,94€","13,72€ / LT",
Creme de Mãos Óleo de Abacate,DOVE,Emb. 0.075 LT,"2,59€","34,53€ / LT",
Pão de Forma Especial Torradas sem Côdea,BIMBO,Emb. 0.75 KG,"1,74€","2,32€ / KG",
Gelado de Yoghurt & Forest Fruit,CARTE D'OR,Emb. 1 LT,"3,29€","3,29€ / LT",
Alimento Seco P/ Cão Adulto + de 10 Kg Frango C/ Arroz,PURINA,Emb. 2.5 KG,"13,99€","5,60€ / KG",
Manteiga S/ Sal,MIMOSA,Emb. 0.25 KG,"2,29€","9,16€ / KG",
Desodorizante Dove Roll-On Fresh Touch,DOVE,Emb. 0.05 LT,"2,69€","53,80€ / LT",
Gelado Double Chocolate e Morango,MAGNUM,Emb. 0.264 LT,"4,99€","18,90€ / LT",
COGUMELO FERBAR LAMINADO 185G,FERBAR,Emb. 0.185,"0,74€","4,00€ /",
Café Torrado Moído África e Ásia Intensidade 11,SICAL,Emb. 0.25 LT,"3,49€","13,96€ / LT",
Bebida de Aveia,SHOYCE,Emb. 1 LT,"2,09€","2,09€ / LT",
Papa Infantil 5 Frutos,CERELAC,Emb. 0.25 KG,"2,39€","9,56€ / KG",
Preservativo Natural,HARMONY,Emb. 6 UNID.,"4,73€","0,79€ / UNID.",
Piri Piri com Azeite,GALLO,Emb. 0.05 LT,"1,86€","37,20€ / LT",
Amaciador Roupa Concentrado Revival Jasmim Azul,QUANTO,Emb. 62 DOSES,"4,49€","0,07€ / DOSES",
After shave loção fresh kick,NIVEA MEN,Emb. 0.1 LT,"8,99€","89,90€ / LT",
Refrigerante Lima-Limão C/ Gás,SPRITE,Emb. 1 LT,"0,99€","0,99€ / LT",
Tampões com Aplicador Pearl Super Plus,TAMPAX,Emb. 24 UNID.,"4,99€","0,21€ / UNID.",
FOLHA DE ALUMINIO 25 M,,,"6,49€",/ Unid.,
Tablete Milka Leite,MILKA,Emb. 0.1 KG,"1,69€","16,90€ / KG",
Creme Care Hidratação Intensiva,NIVEA,Emb. 0.2 LT,"4,69€","23,45€ / LT",
Meloa Gália,,1 Unid. = 0.75 KG (aprox.),"2,49€/kg","1,87€ / Unid.",
DANACOL LIQUÍDO COLESTEROL AVEIA,DANACOL,Emb. 6 UNID.,"2,99€","0,50€ / UNID.",
Couve Lombarda,,1 Unid. = 1.2 KG (aprox.),"1,29€/kg","1,55€ / Unid.",
Vinho Tinto,ADEGA DE MURÇA,Garrafa 0.75 LT,"1,48€","1,97€ / LT",
Queijo Ovelha Merendeira,PASTOR SERRANO,Emb. 0.5 KG,"9,99€","19,98€ / KG",
Bolacha Torrada,NACIONAL,Emb. 0.175 KG,"1,19€","6,80€ / KG",
Iogurte Sólido Magro Tutti-Frutti e Coco 6x120g,LONGA VIDA,,"2,09€",/ Unid.,
Bacalhau Seleção Especial Noruega Asa Preta,,1 Unid. = 4 KG (aprox.),"13,99€/kg","55,96€ / Unid.",
Tablete de Chocolate Avelãs,MILKA,Emb. 0.1 KG,"1,69€","16,90€ / KG",
Aerossol Air Brisa Marinha,AMBIPUR,Emb. 0.3 LT,"3,99€","13,30€ / LT",
Preparado Canja de Galinha Económica,KNORR,Emb. 0.061 KG,"1,09€","17,87€ / KG",
Alimento Seco P/ Cachorro + de 10 Kg Frango C/ Arroz,PURINA,Emb. 2.5 KG,"13,99€","5,60€ / KG",
Entrecosto de Porco,,1 Unid. = 0.5 KG (aprox.),"3,49€/kg","1,75€ / Unid.",
Água sem Gás,VITALIS,Garrafa 0.75 LT,"0,53€","0,71€ / LT",
GUYLIAN FRUTOS DO MAR CARTÃO 125g,,,"3,74€",/ Unid.,
Refrigerante C/ Gás Maracujá S/ Adição de Açúcar,FANTA,Emb. 1.5 LT,"1,00€","0,67€ / LT",
Vinho Regional Alentejano Tinto,PORTA DA RAVESSA,Garrafa 0.75 LT,"4,99€","6,65€ / LT",
ICE TEA LIMÃO,LIPTON,Emb. 0.5 LT,"0,79€","1,58€ / LT",
Vinho Regional Península de Setúbal Tinto,DONA ERMELINDA,Garrafa 0.75 LT,"5,29€","7,05€ / LT",
Cerveja com Álcool,SAGRES,Garrafa 1 LT,"1,69€","1,69€ / LT",
OIKOS NATURAL ACUCARADO 110x4,OIKOS,Emb. 0.44 KG,"2,39€","5,43€ / KG",
Pacotinho de Frutas Maçã Cenoura e Manga S/ Glúten +6 meses,NESTLÉ BEBÉ,Emb. 0.09 KG,"1,05€","11,67€ / KG",
Papel Higiénico 2 Folhas,RENOVA,Emb. 48 ROLOS,"11,87€","0,25€ / ROLOS",
Alimento Seco P/ Gato Adulto Frango e Cereais,PURINA ONE,Emb. 0.8 KG,"6,99€","8,74€ / KG",
Queijo Fundido,A VACA QUE RI,Emb. 0.14 KG,"2,29€","16,36€ / KG",
Tablete Chocolate Branco Culinária,PANTAGRUEL,Emb. 0.2 KG,"2,59€","12,95€ / KG",
Pérolas de Perfume para Roupa,LENOR,Emb. 0.21 KG,"7,69€","36,62€ / KG",
Sardinha Congelada,,1 Unid. = 0.25 KG (aprox.),"2,49€/kg","2,49€ / Unid.",
Pastilha Elástica Canela sem Açúcar,CHICLETS,Emb. 0.017 KG,"0,99€","58,24€ / KG",
Detergente Manual em Pó,TIDE,Emb. 0.6 KG,"1,78€","2,97€ / KG",
Vinho Regional Península de Setúbal Tinto,ADEGA DE PEGÕES,Garrafa 0.75 LT,"1,59€","2,12€ / LT",
Papel Higiénico 2 Folhas Extra XXL 6=15,RENOVA,Emb. 6 ROLOS,"3,16€","0,53€ / ROLOS",
"Iogurte de Banana, Morango e Tutti Frutti 8x120g",DANONE,Emb. 0.96 KG,"1,99€","2,07€ / KG",
Vinho Regional Península de Setúbal Tinto,JOSE MARIA FONSECA,Garrafa 0.75,"1,99€","2,65€ /",
Refrigerante sem Gás Laranja Maracujá,FRUTIS,Emb. 1.5 LT,"1,15€","0,77€ / LT",
Iogurte Sólido Magro Amora Framboesa 4 Unid.,LONGA VIDA,Emb. 0.12 KG,"2,09€","17,42€ / KG",
Snack Fruut Maçã Verde Intenso S/ Açúcar 60g,,Emb. 0.06 KG,"1,99€","33,17€ / KG",
Café Cápsulas XL Qharacter Intensidade 9,DELTA Q,Emb. 40 CAPS.,"12,99€","0,32€ / CAPS.",
Mini Pizza 3 Queijos Ultracongelada 9 Unid.,PICCOLINIS,Emb. 0.27 KG,"3,99€","14,78€ / KG",
Caldo Natura de Legumes,KNORR,Emb. 0.112 KG,"1,49€","13,30€ / KG",
Vinho Branco Frutado,CORAÇÃO DA MINHA,Garrafa 0.75 LT,"1,59€","2,12€ / LT",
Leite Bem Especial Crescimento a partir de 3 anos,MIMOSA,Emb. 1 LT,"1,79€","1,79€ / LT",
Atum em Óleo,RAMIREZ,Emb. 0.12 KG,"1,09€","9,08€ / KG",
"Refrigerante com Gás Ananás Lata 6x0,33L",SUMOL,Emb. 1.98 LT,"4,39€","2,22€ / LT",
Água com Gás Pet 6x33 cl,PEDRAS SALGADAS,Emb. 1.98 LT,"2,77€","1,40€ / LT",
Mini Magnum de Amêndoa 6x55ml,MAGNUM,Emb. 0.33 LT,"4,99€","15,12€ / LT",
Creme Limpeza Pink Flowers,CIF,Emb. 0.7 LT,"2,49€","3,56€ / LT",
Infusão SOS Cabeça,LIPTON,Emb. 20 SAQS,"1,49€","0,07€ / SAQS",
Creme Hidratante,NIVEA,Emb. 0.075 LT,"2,49€","33,20€ / LT",
Johnson's Loção para Bebé Rosto e Corpo Cotton Touch,JOHNSON'S BABY,Emb. 0.5 LT,"3,89€","7,78€ / LT",
Líquido Sanitário Desincrustante,NEOBLANC,Emb. 0.7 LT,"2,09€","2,99€ / LT",
Queijo Flamengo Barra,DA FLORESTA,1 Unid. = 0.25 KG (aprox.),"7,79€/kg","1,95€ / Unid.",
Café Solúvel Cappuccino Intenso,NESCAFÉ,Emb. 0.125 KG,"3,19€","25,52€ / KG",
Halls Vita C sem Açúcar Cítricos,HALLS,Emb. 0.032 KG,"0,89€","27,81€ / KG",
Leite UHT Meio Gordo,AGROS,Emb. 0.6 LT,"1,19€","1,98€ / LT",
SACOS P/ CONGELAR ZIP & GO 1L (15UN),VILEDA,Emb. 15 UNID.,"4,79€","0,32€ / UNID.",
Cenoura,,1 Unid. = 0.1 KG (aprox.),"0,69€/kg","0,07€ / Unid.",
Óleo de Corpo Coco Addiction,NATURAL HONEY,Emb. 0.3 LT,"5,19€","17,30€ / LT",
Caramelos de Manteiga e Nata,WERTHER'S,Emb. 0.135 KG,"2,99€","22,15€ / KG",
Café Moagem Universal Lote Chávena Moída 2x250g,DELTA,Emb. 0.5 KG,"4,99€","9,98€ / KG",
Pão de Forma sem Côdea 9 Cereais,PANRICO,Emb. 0.48 KG,"2,49€","5,19€ / KG",
Vinho Branco Frutado,FAISÃO,Garrafa 0.75 LT,"2,39€","3,19€ / LT",
Recarga Ambientador Flor de Cereja da Ásia,AIRWICK,Emb. 0.25 LT,"3,59€","14,36€ / LT",
Infusão Framboesa,LIPTON,Emb. 20 UN,"1,94€","0,10€ / UN",
Whisky 12 Anos,CHIVAS REGAL,Garrafa 0.7 LT,"32,99€","47,13€ / LT",
Chá Cherry Love,LIPTON,Emb. 20 SAQS,"1,94€","0,10€ / SAQS",
Cápsulas Café Ristretto Napoli,DOLCE GUSTO,Emb. 16 CAPS.,"4,79€","0,30€ / CAPS.",
Creme Depilatório Silk & Fresh,VEET,Emb. 0.2 LT,"6,64€","33,20€ / LT",
Cacetinho Integral,,1 Unid. = 0.05 KG,"0,19€","3,80€ / KG",
Pacotinho de Frutas S/ Glúten,NESTLÉ BEBÉ,Emb. 0.09 KG,"1,05€","11,67€ / KG",
MASSA ESPIRAIS,CAÇAROLA,Emb. 0.5 KG,"1,09€","2,18€ / KG",
Café Pastilhas Platinium,DELTA,Emb. 16 UNID.,"2,71€","0,17€ / UNID.",
Creme Smooth Milk Pele Seca,NIVEA,Emb. 0.25 LT,"5,49€","21,96€ / LT",
Tempero em Pó de Galinha,KNORR,Emb. 0.135 KG,"2,59€","19,19€ / KG",
BOLACHAS VITALDAY CROCANTES ORIGINAIS 265G,GULLÓN,Emb. 0.265 KG,"2,29€","8,64€ / KG",
KINDER BUENO WHITE T2X4,KINDER BUENO,Emb. 0.16 KG,"2,44€","15,25€ / KG",
Água Mineral Natural,PENACOVA,Garrafão 5 LT,"0,71€","0,14€ / LT",
Detergente Loiça Manual Limão,FAIRY,Emb. 2.38 LT,"6,74€","2,83€ / LT",
Néctar Clássico Laranja,COMPAL,Emb. 1 LT,"1,69€","1,69€ / LT",
Melância Riscada,,1 Unid. = 4.2 KG (aprox.),"0,79€/kg","3,32€ / Unid.",
Gelado Phish food,BEN & JERRY'S,Emb. 0.465 LT,"6,79€","14,60€ / LT",
Café Cápsulas Pure Cevada,DELTA,Emb. 10 CAPS.,"2,47€","0,25€ / CAPS.",
Ervilhas Ultracongeladas,IGLO,Emb. 0.7 KG,"3,99€","5,70€ / KG",
Paio do Lombo,CHARCUTARIA,1 Unid. = 0.1 KG (aprox.),"11,93€/kg","1,19€ / Unid.",
Alimento Húmido P/ Gato Gold Salmão,GOURMET,Emb. 0.085 KG,"0,75€","8,82€ / KG",
Maçã Golden Cal. 70/75,,1 Unid. = 0.21 KG (aprox.),"1,29€/kg","0,27€ / Unid.",
Toalhitas de Rosto com Óleo de Amêndoas Doces 25UNI,CORINE DE FARME,Emb. 25 UNID.,"1,48€","0,06€ / UNID.",
Cerveja com Álcool Abadia 6x33cl,SUPER BOCK,Emb. 1.98 LT,"4,49€","2,27€ / LT",
Iogurte Líquido Natural 6x100g,DANACOL,Emb. 0.6 KG,"2,99€","4,98€ / KG",
Pantene Protect & Style Laca 300ml,PANTENE PV,Emb. 0.3 LT,"3,74€","12,47€ / LT",
Amaciador concentrado rosa e rosmaninho,SURF,Emb. 90 DOSES,"3,49€","0,04€ / DOSES",
Spray Limpa Vidros Tripla Ação,AJAX,Emb. 0.5 LT,"3,59€","7,18€ / LT",
Preservativos Senso,CONTROL,Emb. 6 UNID.,"3,49€","0,58€ / UNID.",
Alimento Seco P/ Cão Mini Menu Vaca,PURINA FRISKIES,Emb. 1.5 KG,"4,49€","2,99€ / KG",
Caldo Carne 16 Cubos,MAGGI,Emb. 0.16 KG,"2,09€","13,06€ / KG",
Vinagre Balsâmico de Modena,GALLO,Garrafa 0.25 LT,"1,69€","6,76€ / LT",
Cereais de Chocolate,CHOCAPIC,Emb. 0.375 KG,"2,09€","5,57€ / KG",
Spray Depilatório Aloé Vera e Vitamina E,VEET,Spray 0.15 LT,"6,64€","44,27€ / LT",
Chá Menta,LIPTON,Emb. 20 SAQ.,"1,20€","0,06€ / SAQ.",
Cereais Integrais com Mel Biológicos,CHEERIOS,Emb. 0.33,"2,99€","9,06€ /",
Ketchup,CALVÉ,Emb. 0.84 KG,"4,79€","5,70€ / KG",
Yofu Polpa 4x125g,,Emb. 0.5 KG,"2,89€","5,78€ / KG",
Alimento Seco P/ Gatos Esterilizados Peru e Legumes,PURINA FRISKIES,Emb. 3 KG,"7,79€","2,60€ / KG",
Bebida Solúvel Café e Chicória,RICORÉ,Emb. 0.26 KG,"7,79€","29,96€ / KG",
Bolachas Digestive Avenacol,CUÉTARA,Emb. 0.3 KG,"2,99€","9,97€ / KG",
Manteiga sem Sal,PRIMOR,Emb. 0.25 KG,"2,24€","8,96€ / KG",
Água de Nascente,CARAMULO,Emb. 6 LT,"1,39€","0,23€ / LT",
Bloco Sanitário Power 5 Blue Water Ocean,DOMESTOS,Emb. 0.106 KG,"2,74€","25,85€ / KG",
Courgette,,1 Unid. = 0.38 KG (aprox.),"2,99€/kg","1,14€ / Unid.",
Caldo para Arroz,KNORR,Emb. 8 CUBOS,"1,39€","0,17€ / CUBOS",
