Nome,Marca,Quantidade,Preço Primário,Preço Por Unidade,Promo
Óleo Intense 5-10 Castanho Claro,SYOSS,,"6,24€",/ Unid.,
Pimenta Branca Moída,MARGÃO,Emb. 0.04 KG,"2,39€","59,75€ / KG",
PIMENTO VERM./VERDE,NOTRE JARDIN,Emb. 0.6 KG,"1,19€","1,98€ / KG",
Mini Bolos com Pepitas de Chocolate,P'TIT DÉLI,Emb. 0.15 KG,"1,03€","6,87€ / KG",
Galinha Inteira,,1 Unid. = 1.2 KG (aprox.),"1,99€/kg","2,39€ / Unid.",
Gel Banho Aveia,MANAVA,Emb. 0.75 LT,"1,79€","2,39€ / LT",
Fiambre da Perna Extra Finíssimos,NOBRE,Emb. 0.12 KG,"2,69€","22,42€ / KG",
Pensos Higiénicos Normal Sem Alas Fina e Segura,EVAX,Emb. 24 UNID.,"2,79€","0,12€ / UNID.",
"BOLACHAS ""GENOISE"" MORANGO",P'TIT DÉLI,Emb. 0.15 KG,"1,19€","7,93€ / KG",
Vinho Frutado Tinto,SALVE,Garrafa 0.75 LT,"1,29€","1,72€ / LT",
"AZEITE CLASSICO,OL.SERRA,5L",OLIVEIRA DA SERRA,,"29,31€",/ Unid.,
Mortadela com Azeitonas,ELPOZO,1 Unid. = 0.1 KG (aprox.),"7,99€/kg","0,80€ / Unid.",
Compota de Maçã Morango Biológica 4x100g,,Emb. 0.4 KG,"1,99€","4,98€ / KG",
CAFE INTENSO 48 PASTILHAS,ECO+,Emb. 0.336 KG,"3,49€","10,39€ / KG",
Perna de Pau Original 6 Unid.,OLÁ,Emb. 0.3 KG,"2,49€","8,30€ / KG",
Ervilhas Ultracongelado,PESCANOVA,Emb. 1 KG,"1,99€","1,99€ / KG",
Wafers Enroladas Cobertas Chocolate de Leite,P'TIT DÉLI,Emb. 0.125 KG,"1,33€","10,64€ / KG",
Pato Inteiro,,1 Unid. = 2.15 KG (aprox.),"2,00€/kg","10,73€ / Unid.",
Iogurte Líquido Lima Limão 4x155g,DANONE,Emb. 0.62 KG,"1,69€","2,73€ / KG",
QUEIJO BRILLAT SAVARIN,NOS RÉGIONS ONT DU TALENT,Emb. 0.2 KG,"2,99€","14,95€ / KG",
Alimento Seco Gatos Croquetes Fígado e Legumes,TOUS MES AMIS,Emb. 4 KG,"5,89€","1,47€ / KG",
Toalhitas para Bebé Natural Care,HUGGIES,Emb. 56 UNID.,"1,29€","0,02€ / UNID.",
Amaciador Concentrado Aromaterapia Dourado,VERNEL,Emb. 57 DOSES,"3,29€","0,06€ / DOSES",
PIZZA MOZZARELLA MERVEILLOSA,TURINI,Emb. 0.335 KG,"1,79€","5,34€ / KG",
Vinagre Vinho Tinto,GALLO,Garrafa 0.25 LT,"1,09€","4,36€ / LT",
MOUSSE MAGRO 0%MG MORANGO / PESSEGO,DÉLISSE,Emb. 0.46 KG,"1,49€","3,24€ / KG",
Soro Fisiológico 60ml,HIDRO,Emb. 0.06 LT,"0,49€","8,17€ / LT",
Vinho Regional Alentejano Tinto,GALITOS,Garrafa 0.75 LT,"1,89€","2,52€ / LT",
CHOCOLATE PRETO COM FLOR DE SAL,EQUADOR,Emb. 0.1 KG,"1,19€","11,90€ / KG",
Bolachas com Cobertura Chocolate e Avelãs,P'TIT DÉLI,Emb. 0.12 KG,"1,14€","9,50€ / KG",
PILHAS ALC.LR6X4 CLARTECH,FOXTER,Emb. 4 UNID.,"1,27€","0,32€ / UNID.",
Leite Condensado,NESTLÉ,Lata 0.37 KG,"1,49€","4,03€ / KG",
Leite UHT Meio Gordo,MATINAL,Emb. 1 LT,"1,01€","1,01€ / LT",
Iogurte Líquido Tutti Frutti 4x155g,DANONE,Emb. 0.62 KG,"1,39€","2,24€ / KG",
Chá de Ervas Digestão Fácil,LIPTON,Emb. 20 SAQ.,"1,94€","0,10€ / SAQ.",
GELADO BAUNILHA / CARAMELO,ESKISS,Emb. 1 LT,"2,49€","2,49€ / LT",
Gliss Reparação Total Condicionador Express em Spray,GLISS,Emb. 0.2 LT,"3,24€","16,20€ / LT",
Conjunto 6 Mini Taças Redondas 8cl,ARDENCE,1 UNID.,"2,99€","2,99€ / UNID.",
Moelas de Frango Embaladas,,1 Unid. = 0.4 KG (aprox.),"5,99€/kg","2,40€ / Unid.",
Whisky The Famous Grouse,FAMOUS GROUSE,Garrafa 0.7 LT,"17,49€","24,99€ / LT",
Bolachas Digestive Go Canela 6 Saquetas,TRIUNFO,Emb. 0.171 KG,"1,24€","7,25€ / KG",
Fraldas Bebé T6 Doucer +16 Kg,MOTS D'ENFANTS,Emb. 58 UNID.,"9,65€","0,17€ / UNID.",
Molho Samurai,RUSTICA,Emb. 0.252 KG,"1,33€","5,28€ / KG",
Melão Verde,,1 Unid. = 2.8 KG (aprox.),"1,89€/kg","5,29€ / Unid.",
Iogurte Natural,MIMOSA,Emb. 0.48 KG,"1,09€","2,27€ / KG",
Iogurte Mix-in Nesquik 84% Leite Cereais 2 Unid.,NESTLÉ,Emb. 0.232 KG,"2,09€","9,01€ / KG",
8 Tesourinhos de Peixe,IGLO,Emb. 0.24 kg,"3,98€","16,58€ / kg",
Conserva de Feijão Frade,COMPAL,Lata 0.845 KG,"1,59€","1,88€ / KG",
Ambientador  4 em 1 White Bouquet,AIR WICK,Emb. 0.24 LT,"1,79€","7,46€ / LT",
Detergente Manual Loiça Ultra,FAIRY,Emb. 0.48 LT,"1,93€","4,02€ / LT",
Ovos Solo M,SNR,Emb. 12 UNID.,"2,19€","0,18€ / UNID.",
Bolachas Creme Cebola,TUC,Emb. 0.1 KG,"1,19€","11,90€ / KG",
Bolachas Plain Chocolate,BELVITA,Emb. 0.3 KG,"2,49€","8,30€ / KG",
Vinho Regional Bairrada Branco,MARQUES DE MARIALVA,Garrafa 0.75 LT,"3,99€","5,32€ / LT",
AUSONIA ORG COTTON SUPER ABAS,AUSONIA,Emb. 10 UNID.,"2,54€","0,25€ / UNID.",
Bebida Energética Rehab,MONSTER ENERGY,Lata 0.5 LT,"1,20€","2,40€ / LT",
Maçã Royal Gala Cal. 75/80,,1 Unid. = 0.2 KG (aprox.),"1,79€/kg","0,36€ / Unid.",
Medalhões Pescada,PÊCHE OCÉAN,Emb. 0.4 KG,"3,29€","8,23€ / KG",
Toranja Cal. 2/3,,1 Unid. = 0.32 KG (aprox.),"1,99€/kg","0,64€ / Unid.",
"FRIZE RODELA LIMAO,,4x.25L",FRIZE,,"2,41€",/ Unid.,
Alimento Húmido para Gato Fígado e Aves,LYCAT,Emb. 0.1 KG,"0,45€","4,50€ / KG",
Barras de Cereais 6 Unid.,FITNESS,Emb. 0.141 KG,"2,33€","16,52€ / KG",
CRAVINHO GRAO SAQUETA,RUSTICA,Emb. 0.03 KG,"1,15€","38,33€ / KG",
Sabonete Liquido Recarga Sabão de Marcelha,MANAVA,Emb. 0.25 LT,"0,50€","2,00€ / LT",
Feijão Encarnado Seco,NOTRE JARDIN,Emb. 0.5 KG,"0,99€","1,98€ / KG",
QUICHE LORRAINE 8UN,CÔTÉ TABLE,Emb. 0.8 KG,"4,59€","5,74€ / KG",
Papa Infantil Bolacha Maria,CERELAC,Emb. 0.25 KG,"1,79€","7,16€ / KG",
Sabonete Liquido Recarga Leite e Mel,PALMOLIVE,Emb. 0.3 LT,"2,24€","7,47€ / LT",
PAEZINHOS TRIGO TORRADOS BIO,,Emb. 0.225 KG,"1,29€","5,73€ / KG",
Torta de Morango,P'TIT DÉLI,Emb. 0.3 KG,"1,29€","4,30€ / KG",
Espumante Reserva Doce,FITA AZUL,Garrafa 0.75 LT,"5,69€","7,59€ / LT",
QUEIJO EMMENTAL RALADO 28%MG,LES CROISÉS,Emb. 0.2 KG,"1,69€","8,45€ / KG",
Conserva de Azeitonas Verdes com Recheio,RUSTICA,Emb. 0.3 KG,"1,99€","6,63€ / KG",
TOSTAS FINAS NATURA,EPI D'OR,Emb. 0.1 KG,"1,09€","10,90€ / KG",
Salteado do Campo,BONDUELLE,Emb. 0.75 KG,"3,69€","4,92€ / KG",
Vinho Regional Douro Tinto Reserva,ADEGA DE VILA REAL,Garrafa 0.75 LT,"3,14€","4,19€ / LT",
SPRAY LIMPA VIDROS 1 L 1L TECH9,TECH9,Emb. 1 LT,"2,99€","2,99€ / LT",
Muesli Integral com Frutos Silvestres,SALUTEM,Emb. 0.375 KG,"4,12€","10,99€ / KG",
Macedonia de 4 Legumes,,Emb. 0.4 KG,"0,60€","1,50€ / KG",
Néctar Vital Equilíbrio Laranja Maracujá,COMPAL,Emb. 1 L,"1,45€","1,45€ / L",
Queijo Camembert,,Emb. 0.25 KG,"3,59€","14,36€ / KG",
Refrigerante C/ Gás Vidro Pack 4,COCA COLA,Emb. 0.08 LT,"2,92€","36,50€ / LT",
CACAU EM PÓ MAGRO CONDI 100G,CONDI,Emb. 0.1 KG,"1,07€","10,70€ / KG",
Sacos do Lixo 50 Litros,ELEMBAL,Emb. 15 UNID.,"2,19€","0,15€ / UNID.",
ATUM EM AZEITE GENERAL,GENERAL,Emb. 0.11 KG,"1,09€","9,91€ / KG",
Barras Hero Muesly De Cereais Chocolate Negro 6x23g,HERO,Emb. 0.138,"1,79€","12,97€ /",
Chocolate de Leite com Amêndoas 3 Chocolates,REGINA,Emb. 0.072 KG,"1,99€","27,64€ / KG",
Xarope de Groselha Preta,FRUCCI,Garrafa 0.75 LT,"3,69€","4,92€ / LT",
Inseticida Aerossol Casa e Plantas,DUM DUM,Spray 0.4 LT,"4,49€","11,23€ / LT",
Champô 2em1 P/ Cabelos Muito Secas Extra Suave,MANAVA,Emb. 0.5 LT,"2,29€","4,58€ / LT",
Galetes Milho com Sal Finíssimas,SALUTEM,Emb. 0.13 KG,"1,29€","9,92€ / KG",
Escova Dentes Interdental Médio,AQUAFRESH,Emb. 3 UNID.,"3,21€","1,07€ / UNID.",
Salada de Atum à Catalane,COTE SNACK,Lata 0.25 KG,"1,95€","7,80€ / KG",
Lombo de Atum Descongelado,,1 Unid. = 0.25 KG (aprox.),"12,99€/kg","3,25€ / Unid.",
SARDINHA AZEITE  125 Gr. P.liq.  Ramirez,RAMIREZ,,"1,04€",/ Unid.,
Leite Condensado,MIMOSA,Emb. 0.397 KG,"1,79€","4,51€ / KG",
Snack de Queijo de Cabra,PRÉSIDENT,Emb. 0.17 Kg,"2,86€","16,82€ / Kg",
IOGURTE C/ CAMADA MIRTILO OVELHA BIO,,Emb. 0.25 KG,"1,75€","7,00€ / KG",
Bolachinhas de Manteiga sem Glúten,CHAQUE JOUR SANS GLUTEN,Emb. 0.13 KG,"1,79€","13,77€ / KG",
Café Torrado África Ásia e Brasil Moagem Grão,SICAL,Emb. 0.25 KG,"2,39€","9,56€ / KG",
Paté para cão de Frango e Carne,TOUS MES AMIS,Emb. 0.3 KG,"0,79€","2,63€ / KG",
Crocante de Frango Recheio Alho e Ervas,IGLO,Emb. 0.204 KG,"3,84€","18,82€ / KG",
Iogurte Líquido de Manga e Papaia 4 Unid.,ACTIVIA,Emb. 0.62 KG,"1,99€","3,21€ / KG",
Lixívia Tradicional 4 L,NEOBLANC,Emb. 4 LT,"2,84€","0,71€ / LT",
Xau Limpa Máquinas Limão 250ml,XAU,Emb. 0.25 LT,"3,99€","15,96€ / LT",
Bolachas Barquettes com Recheio de Morango,P'TIT DÉLI,Emb. 0.12 KG,"1,08€","9,00€ / KG",
Sobremesa Creme Chocolate Mix 'n Croc,DÉLISSE,Emb. 0.468 KG,"1,95€","4,17€ / KG",
Tablete de Chocolate Leite,NESTLÉ,Emb. 0.125 KG,"1,24€","9,92€ / KG",
Sumo de Romã 100% Bio,,Emb. 1 LT,"3,99€","3,99€ / LT",
Vinho Regional Douro Tinto,QUINTA DA PACHECA,Garrafa 0.75 LT,"4,99€","6,65€ / LT",
ESPUMA CABELO EFEITO VOLUME 200ML,VITANOVE,Emb. 0.2 LT,"1,09€","5,45€ / LT",
Vinho Tinto Regional Alentejano,COMP DO VINHO,Emb. 3 LT,"6,49€","2,16€ / LT",
Conserva Cogumelos Laminados,NOTRE JARDIN,Lata 0.185 KG,"0,65€","3,51€ / KG",
CREME VEGETAL P/ CULINARIA,,Emb. 0.25 KG,"0,79€","3,16€ / KG",
Água com Gás Pet 6x33 cl,PEDRAS SALGADAS,Emb. 1.98 LT,"2,77€","1,40€ / LT",
Pão de Forma,EPI D'OR,Emb. 0.5 KG,"0,79€","1,58€ / KG",
PIRIPIRI VAGEM,RUSTICA,Emb. 0.015 KG,"0,59€","39,33€ / KG",
Néctar Essencial Frutos Vermelhos 3x110ml,COMPAL,Emb. 0.33 LT,"1,79€","5,42€ / LT",
Queijo Raclette,,1 Unid. = 0.25 KG (aprox.),"9,99€/kg","2,50€ / Unid.",
Arroz Agulha,,Emb. 1 KG,"1,09€","1,09€ / KG",
Arroz Carolino,SALUDÃES,Emb. 1 KG,"1,13€","1,13€ / KG",
BACON EXTRA FATIADO,CAMPO FINO,Emb. 0.15 KG,"1,34€","8,93€ / KG",
"Compal veggie cenoura, maça 1L",COMPAL,1 LT,"1,29€","1,29€ / LT",
Faca de Cozinha 15cm,,1 UNID.,"8,50€","8,50€ / UNID.",
MOLHO CARIL DE LEGUMES C/LEITE COCO,RUSTICA,Emb. 0.4 KG,"1,25€","3,13€ / KG",
Spray Desengordurante Cozinha,,Emb. 0.5 LT,"2,59€","5,18€ / LT",
Uva Cardinal,,1 Unid. = 0.25 KG (aprox.),"3,79€/kg","0,95€ / Unid.",
Bola de Berlim,,1 Unid. = 0.1 KG,"0,85€","8,50€ / KG",
Caldo de Carne,KNORR,Emb. 24 CUBOS,"2,39€","0,10€ / CUBOS",
ESPINAFRE PICADO 1/2,NOTRE JARDIN,Emb. 0.4 KG,"0,99€","2,48€ / KG",
Polvo Médio,,1 Unid. = 2.5 KG (aprox.),"13,99€/kg","34,98€ / Unid.",
Vinho Verde Tinto,MONÇÃO,Garrafa 0.75 LT,"1,99€","2,65€ / LT",
Ambientador Gel Lavanda,,Emb. 1 UNID.,"0,79€","0,79€ / UNID.",
Néctar Light Laranja e Manga,JAFADEN,Emb. 1 LT,"0,89€","0,89€ / LT",
Queijo Vaca Light Pequeno,PAIVA,Emb. 0.55 KG (aprox.),"5,46€","9,93€ / KG",
QUEIJO FRESCO ACUCARADO,DÉLISSE,Emb. 0.8 KG,"1,29€","1,61€ / KG",
Palitos de Chocolate,P'TIT DÉLI,Emb. 0.15 KG,"1,09€","7,27€ / KG",
Farinha Fina,BRANCA DE NEVE,Emb. 1 KG,"1,29€","1,29€ / KG",
Deo Spray 0% Sensitive 24H,SANEX,Emb. 0.15 LT,"2,69€","17,93€ / LT",
Detergente para a Máquina da Loiça Extra Power,SUN,Emb. 76 PASTILHAS,"9,99€","0,13€ / PASTILHAS",
Caixa Hermética Redonda 17cm,DURALEX,1 UNID.,"2,45€","2,45€ / UNID.",
GELADO BAUNILHA E SORVETE F.VERMELHOS 900ML ESKISS,ESKISS,Emb. 0.9 LT,"2,49€","2,77€ / LT",
Bebida Solúvel Cereais Cevada Chicória e Café,TOFINA,Frasco 0.2 KG,"2,24€","11,20€ / KG",
Bebida de Arroz Original,SHOYCE,Emb. 1 LT,"1,79€","1,79€ / LT",
Amêijoa Branca,,1 Unid. = 0.1 KG (aprox.),"9,99€/kg","1,00€ / Unid.",
Batata Branca P/ Assar,,Emb. 1 KG,"1,19€","1,19€ / KG",
Snack Rodeo Carne de Vaca,PEDIGREE,Emb. 0.07 KG,"1,69€","24,14€ / KG",
Elixir Oral Dentes & Gengivas Menta Fresca,LISTERINE,Emb. 1 LT,"8,99€","8,99€ / LT",
Molho Piri-piri Extra Picante,PALADIN,Emb. 0.075 LT,"1,79€","23,87€ / LT",
Cereais Pétalas Chocolate Leite,GRAINEA,Emb. 0.3 KG,"1,49€","4,97€ / KG",
Lentilhas Verdes Secas,NOTRE JARDIN,Emb. 0.5 KG,"1,49€","2,98€ / KG",
Gressinos com Creme de Avelã 3x60g,NUSTIKAO,Emb. 0.18 KG,"2,19€","12,17€ / KG",
Cera Fixadora,AXE,Emb. 0.075 LT,"3,99€","53,20€ / LT",
"FRIZE LIMA PEPIN GENGIB,,4x.25L",FRIZE,,"2,69€",/ Unid.,
Detergente Loiça Manual Espuma Ativa,FAIRY,Emb. 0.375 LT,"3,29€","8,77€ / LT",
Doce de Framboesa,CASA MATEUS,Frasco 0.345 KG,"2,69€","7,80€ / KG",
Salame Palaciego,CAMPOFRIO,1 Unid. = 0.13 KG (aprox.),"11,99€/kg","1,56€ / Unid.",
Bolachas Maria sem Açúcar,GULLÓN,Emb. 0.4 KG,"2,34€","5,85€ / KG",
Fraldas Bebé Ultra Confort Maxi +9/20 Kg,MOTS D'ENFANTS,Emb. 41 UNID.,"6,25€","0,15€ / UNID.",
Douradinhos Salmão Selvagem 10 Unid. Ultracongelado,IGLO,Emb. 0.28 KG,"3,98€","14,21€ / KG",
Queijo Emmental,,1 Unid. = 0.2 KG (aprox.),"8,99€/kg","1,80€ / Unid.",
Molho de Tomate à Provençal,,Emb. 0.35 KG,"1,99€","5,69€ / KG",
Refrigerante S/ Gás Maracuja,ECO+,Garrafa 2 LT,"0,79€","0,40€ / LT",
Azeitona Verde Retalhada com Ervas,RUSTICA,Emb. 0.36 KG,"1,79€","4,97€ / KG",
OVOS AR LIVRE CLASSE M,OVOS DA ALDEIA,Emb. 6 UNID.,"1,39€","0,23€ / UNID.",
Polpa de Tomate,ECO+,Frasco 0.5 KG,"0,99€","1,98€ / KG",
Snack P/ Cão Sticks C/ Aroma a Veado,PURINA,Emb. 0.09 KG,"1,49€","16,56€ / KG",
Conserva de Atum em Posta em Azeite,PÊCHE OCÉAN,Emb. 0.12 KG,"1,09€","9,08€ / KG",
Copo de Vinho com Pé 58cl,GISELE,4 UNID.,"8,25€","2,06€ / UNID.",
Perca Posta,,1 Unid. = 0.3 KG (aprox.),"9,99€/kg","3,00€ / Unid.",
LAMINAS DESCARTAVEIS SENHORA 3 LAMINAS 4UN,SLISS,Emb. 4 UNID.,"2,99€","0,75€ / UNID.",
Ambientador Pure Nenuco Frescura Colónia de Bebé,AIR WICK,Spray 0.25 LT,"4,19€","16,76€ / LT",
Creme de Brie,PRÉSIDENT,Emb. 0.125 KG,"2,17€","17,36€ / KG",
ATRIX CR PROTECCAO SUAVE,ATRIX,Emb. 0.1 LT,"4,99€","49,90€ / LT",
Cachaço de Borrego,,1 Unid. = 0.7 KG (aprox.),"7,99€/kg","5,59€ / Unid.",
Brioche Fatiado Clássico,,Emb. 0.5 KG,"1,49€","2,98€ / KG",
Gomas Trio Brilho,COPAÍNS COPINES,Emb. 0.2 KG,"0,99€","4,95€ / KG",
SKYR NATURAL 450G,DÉLISSE,Emb. 0.45 KG,"1,74€","3,87€ / KG",
CREPES QUEIJO 6UN,CÔTÉ TABLE,Emb. 6 UNID.,"1,39€","0,23€ / UNID.",
Refrigerante sem Gás Laranja,FRUTIS,Garrafa 1.5 LT,"1,15€","0,77€ / LT",
TOSTAS CROCANTES COM CENTEIO,EPI D'OR,Emb. 0.25 KG,"0,89€","3,56€ / KG",
Bebida Gaseificada Aromatizada de Pêssego S/ Álcool,FESTALIE,Garrafa 0.75 LT,"2,49€","3,32€ / LT",
Alimento Seco P/ Gato C/ Frango Peru,PURINA FRISKIES,Emb. 2 KG,"7,99€","4,00€ / KG",
Champô Volume Toranja Branca e Menta,HERBAL ESSENCES,Emb. 0.4 LT,"3,99€","9,98€ / LT",
Mistura de 3 Frutos com Calda Leve 4x120g,DOUCEUR DU VERGER,Emb. 0.48 KG,"2,28€","4,75€ / KG",
Massa Laços Tricolores,MILANEZA,Emb. 0.5 KG,"1,65€","3,30€ / KG",
CREPES SIMPLES 16UN,TROFIC,Emb. 1 KG,"3,99€","3,99€ / KG",
Panela de Inox 14cm,,1 UNID.,"5,09€","5,09€ / UNID.",
Prato 28cm Azul Marinho,ARDENCE,1 UNID.,"1,10€","1,10€ / UNID.",
OIKOS CARAMELO 110G X4,OIKOS,Emb. 0.44 KG,"2,39€","5,43€ / KG",
MIOLO DE CAMARAO 80/120,PÊCHE OCÉAN,Emb. 0.25 KG,"3,49€","13,96€ / KG",
Nabo sem Rama,,1 Unid. = 0.29 KG (aprox.),"1,39€/kg","0,40€ / Unid.",
Esparguete Cozedura Rápida,TURINI,Emb. 0.5 KG,"1,09€","2,18€ / KG",
Champanhe Meio Seco,POL CARSON,Garrafa 0.75 LT,"14,99€","19,99€ / LT",
Iogurte Sólido Magro Tutti-Frutti e Coco 6x120g,LONGA VIDA,,"2,09€",/ Unid.,
PREPARADO P/ ARROZ MARISCO,PÊCHE OCÉAN,Emb. 0.8 KG,"6,50€","8,13€ / KG",
Tablete de Chocolate Negro,NESTLÉ,Emb. 0.125 KG,"1,99€","15,92€ / KG",
Vinho Verde Branco,MURALHAS,Garrafa 0.75 LT,"3,49€","4,65€ / LT",
Chispe de Porco,,1 Unid. = 0.5 KG (aprox.),"3,25€/kg","1,63€ / Unid.",
Ananás Rodelas Em Calda,GLOBO,Emb. 0.565 KG,"1,97€","3,49€ / KG",
COOKIES COM MEGA PEPITAS CHOCOLATE,P'TIT DÉLI,Emb. 0.276 KG,"1,99€","7,21€ / KG",
Gelatina de Manga,KOALA,Emb. 0.13 KG,"0,99€","7,62€ / KG",
Bolachas Cobertas Chocolate,P'TIT DÉLI,Emb. 0.25 KG,"2,46€","9,84€ / KG",
Pão de Ló,,1 Unid. = 0.575 KG (aprox.),"9,99€/kg","5,74€ / Unid.",
ARROZ A CANTONESA,TABLES DU MONDE,Emb. 0.9 KG,"2,89€","3,21€ / KG",
Néctar Compal Vital de Ananás e Coco,COMPAL,Emb. 1 LT,"1,40€","1,40€ / LT",
Sumo Maçã e Pêssego C/ Gás S/ Álcool,GIBUS,Emb. 0.75 LT,"2,79€","3,72€ / LT",
Queijo Emmental,LES CROISÉS,Emb. 0.25 KG,"1,89€","7,56€ / KG",
Queijo Ralado Emmental,PRÉSIDENT,Emb. 0.15 KG,"2,45€","16,33€ / KG",
BETERRABA EM VINAGRE 345G,FERBAR,Emb. 0.345 KG,"1,09€","3,16€ / KG",
Sumo Refrigerado Florida,SUNNY DELIGHT,Garrafa 0.31 LT,"0,78€","2,52€ / LT",
Bloco Sanitário Floral,SONASOL WC,Emb. 0.05 KG,"1,94€","38,80€ / KG",
Sardinha em Óleo Vegetal,BOM PETISCO,Emb. 0.12 KG,"0,99€","8,25€ / KG",
Pensos Higiénicos Super C/ Abas Eco,UNÍ VERT,Emb. 12 UNID.,"1,35€","0,11€ / UNID.",
Contra Baratas e Formigas Pó,BAYGON,Emb. 0.25 KG,"4,56€","18,24€ / KG",
Fígado de Porco,,1 Unid. = 0.2 KG (aprox.),"2,99€/kg","0,60€ / Unid.",
Azeite Clássico,OLIVEIRA DA SERRA,Garrafa 0.75 LT,"3,89€","5,19€ / LT",
ALGODAO DUO QUADRADO X50,INELL,Emb. 50 UNID.,"0,79€","0,02€ / UNID.",
Conserva de Cogumelos Laminados,NOTRE JARDIN,Lata 0.78 KG,"2,25€","2,88€ / KG",
Vinho Regional Douro Lua Nova Tinto,VINHAS VELHAS,Garrafa 0.75 LT,"4,99€","6,65€ / LT",
Caramelo Líquido,TABLIER BLANC,Emb. 0.4 KG,"1,29€","3,23€ / KG",
Caixa Hermética Quadrada 23cm,,1 UNID.,"5,20€","5,20€ / UNID.",
Pão de Forma Integral,EPI D'OR,Emb. 0.5 KG,"0,95€","1,90€ / KG",
Desodorizante Roll-On Invisible,MANAVA,Emb. 0.05 LT,"0,75€","15,00€ / LT",
Refrigerante C/ Gás,COCA COLA,Garrafa 0.5 LT,"1,00€","2,00€ / LT",
Nata UHT Carbonara,PARMALAT,Emb. 0.2 LT,"1,20€","6,00€ / LT",
Refrigerante com Gás Ananás,SUMOL,Lata 0.33 LT,"0,79€","2,39€ / LT",
Vinho de Mesa Rosé,ECO+,Emb. 2 LT,"2,69€","1,35€ / LT",
PENSOS INCONTINENCIA MULHER MAXI,CHORYS,Emb. 12 UNID.,"2,59€","0,22€ / UNID.",
Bolachas Maria Dorada,GULLÓN,Emb. 0.6 KG,"2,06€","3,43€ / KG",
Balde de Lixo 30L,,1 UNID.,"8,90€","8,90€ / UNID.",
Papel Higiénico 4 Folhas,RENOVA,Emb. 9 ROLOS,"4,11€","0,46€ / ROLOS",
Luvas Finas Descartáveis Vinil Tam. M,,Emb. 0.45 KG,"6,89€","15,31€ / KG",
KINDER DELICE CACAU T10,KINDER,Emb. 0.39 KG,"3,69€","9,46€ / KG",
Chocolate de Caramelo e Avelãs,MILKA,Emb. 0.3 KG,"3,99€","13,30€ / KG",
Iogurte com Frutos 12x125g,ECO+,Emb. 1.5 KG,"2,19€","1,46€ / KG",
Sumo Ananás,JAFADEN,Emb. 1 LT,"1,15€","1,15€ / LT",
Gelatina em Pó Morango 2x85 g,TABLIER BLANC,Emb. 0.17 KG,"0,85€","5,00€ / KG",
Alimento Completo para Caturras,AVIPAR,Emb. 0.6 KG,"2,75€","4,58€ / KG",
Marcadores de Colorir Laváveis Ponta Média,ESQUISSE,,"2,19€",/ Unid.,
PAPEL ALUMINIO 50M,ELEMBAL,Emb. 50 M,"4,49€","0,09€ / M",
Tablete de chocolate Choco Chips Ahoy,MILKA,Emb. 0.1 KG,"1,59€","15,90€ / KG",
Chourição Fatiado Tapas,CAMPOFRIO,Emb. 0.08 KG,"1,85€","23,13€ / KG",
Conserva de Salsichas 7 Unid. Extra Suculentas,NOBRE,Frasco 0.35 KG,"1,68€","4,80€ / KG",
Tablete de Chocolate com Avelãs 3x100g,TABLETTE D'OR,Emb. 0.3 KG,"2,65€","8,83€ / KG",
Sopa de Espargos,KNORR,Emb. 0.07 KG,"1,49€","21,29€ / KG",
PENSOS HIGIENICOS U. FINOS NORMAL+ C/ ABAS,DOULYS,Emb. 14 UNID.,"0,99€","0,07€ / UNID.",
SORTIDO MINI PAES/CROISSANTS CHOCOLATE 12UN,EPI D'OR,Emb. 0.372,"3,35€","9,01€ /",
Vinho Regional Alentejo Branco,TERRAS D'EL REI,Garrafa 0.75 LT,"2,19€","2,92€ / LT",
Chocolate de Leite Choco Jelly,MILKA,Emb. 0.25 KG,"3,99€","15,96€ / KG",
Pescada Posta,,1 Unid. = 0.12 KG (aprox.),"7,99€/kg","0,96€ / Unid.",
Doce de Laranja Biológico,,Emb. 0.375 KG,"2,15€","5,73€ / KG",
Salsichão Fuet Caseiro,EL POZO,Emb. 0.15 KG,"2,69€","17,93€ / KG",
Spray Mousse Harmonias Florais,NEOBLANC,Spray 0.7 LT,"2,59€","3,70€ / LT",
Massa Folhada com Manteiga,TABLIER BLANC,Emb. 0.23 KG,"1,49€","6,48€ / KG",
Pente Piquio Color,,Emb. 1 UNID.,"1,99€","1,99€ / UNID.",
Iogurte Bifidus Activia Cremoso Frutos Silvestres 4 Unid.,DANONE,Emb. 0.48 KG,"1,99€","4,15€ / KG",
Tosta Normal,DIATOSTA,Emb. 0.75 KG,"3,29€","4,39€ / KG",
Escova de Dentes Max White,COLGATE,Emb. 1 UNID.,"2,84€","2,84€ / UNID.",
Vinagre de Vinho Branco,ECO+,Garrafa 1 LT,"0,65€","0,65€ / LT",
"Bolachas Digestivas Finas de Aveia, Pedaços de Chocolate e Arandos",THINS,Emb. 0.27 KG,"1,99€","7,37€ / KG",
Cerveja C/ Álcool 24x25cl,CARLSBERG,Emb. 6 LT,"12,94€","2,16€ / LT",
Recarga Sabonete Líquido Framboesa/Peonia,MANAVA,Emb. 0.25 LT,"0,65€","2,60€ / LT",
SYOSS COLOR 5-5 CASTANHO CENDRÉ,SYOSS,,"8,90€",/ Unid.,
Cerveja com Álcool Mini 20x25cl,CRISTAL,Emb. 5 LT,"7,59€","1,52€ / LT",
Chouriça do Lavrador,SNR,Emb. 0.18 KG,"2,49€","13,83€ / KG",
AFTERSHAVE LOCAO OCEAN FRESH 100ML,CARRÉ HOMME,Emb. 0.1 LT,"2,29€","22,90€ / LT",
SPRAY PENTEAR DESEMBARACANTE MORANGO E CEREJA PARA CRIANCAS,PETIT MANAVA,Emb. 0.2 LT,"1,49€","7,45€ / LT",
Brioches Redondas com Oepitas Chocolate 12 Unid.,EPI D'OR,Emb. 0.5 KG,"2,89€","5,78€ / KG",
Iogurte Cereais e Baunilha 4 Unid.,IOGOLINO,Emb. 0.4 KG,"2,28€","5,70€ / KG",
Espumante Reserva Bruto,MURGANHEIRA,Garrafa 0.75 LT,"10,99€","14,65€ / LT",
Vinagre Balsâmico de Modena,GALLO,Garrafa 0.25 LT,"1,69€","6,76€ / LT",
Esfregão Vegetal,,Emb. 2 UNID.,"0,99€","0,50€ / UNID.",
Chá Verde Pure,LIPTON,Emb. 20 SAQS,"1,39€","0,07€ / SAQS",
Chiclets de Peppermint 12 Unid.,CHICLETS,Emb. 0.017 KG,"0,89€","52,35€ / KG",
Queijo Meio Gordo de Lamego,PAIVA,1 Unid. = 1.2 KG (aprox.),"10,99€/kg","13,19€ / Unid.",
Compota de Maçã 16x100g,DOUCEUR DU VERGER,Emb. 1.6 KG,"4,99€","3,12€ / KG",
Pensos Higiénicos Normal Plus Alas,EVAX,Emb. 14 UNID.,"2,59€","0,19€ / UNID.",
"ATUM FILET NATURAL, 200G",TENÓRIO,,"3,88€",/ Unid.,
Derma SPA Goodness Body Cream,DOVE,Emb. 0.3 LT,"4,99€","16,63€ / LT",
Sortido Húngaro,,Emb. 0.3 KG,"2,29€","7,63€ / KG",
Pão Maxi Burguer 4 Unidades,BIMBO,Emb. 0.3 KG,"1,79€","5,97€ / KG",
TRANSPORTADORA P/CAO 55CM 1UN P\'TIT AMI,P'TIT AMI,Emb. 1 UNID.,"16,49€","16,49€ / UNID.",
Chá de Tília,LIPTON,Emb. 10 SAQ.,"0,69€","0,07€ / SAQ.",
Madalenas em Concha com Ovos,P'TIT DÉLI,Emb. 1 KG,"2,99€","2,99€ / KG",
Queijo Curado Apimentado,,1 Unid. = 1 KG (aprox.),"8,99€/kg","8,99€ / Unid.",
Queijo Fatiado -50% Gordura,LIMIANO,Emb. 0.2 KG,"2,45€","12,25€ / KG",
Cereais Chocomax,NACIONAL,Emb. 0.3 KG,"1,69€","5,63€ / KG",
Vinho Regional Alentejo Branco,ADEGA DE BORBA,Garrafa 0.75 LT,"2,99€","3,99€ / LT",
Tomate Guloso Pelado 800g,GULOSO,Emb. 0.8 KG,"2,49€","3,11€ / KG",
Fatias Económicas Chouriço,NOBRE,Emb. 0.1 KG,"1,30€","13,00€ / KG",
Johnson's Baby Gel de Banho Suave,JOHNSON'S BABY,Emb. 0.75 LT,"3,89€","5,19€ / LT",
Woolite Serum Reparador Intensivo,,Emb. 0.1 LT,"5,72€","57,20€ / LT",
COLORACAO VEGETAL CASTANHO CLARO BIO,BIONAÏA,Emb. 1 UNID.,"6,99€","6,99€ / UNID.",
Champô Cabelos Normais Fructis Anti Caspa,GARNIER,Emb. 0.25 LT,"3,95€","15,80€ / LT",
DESODORIZANTE SPRAY INVISIBLE MEN 100ML COMPACT,CARRÉ HOMME,Emb. 0.1 LT,"1,19€","11,90€ / LT",
Alimento Seco Cão Júnior,PURINA FRISKIES,Emb. 1.5 KG,"6,49€","4,33€ / KG",
LENCOS BOLSO 4F MENTOL,CARESSE,Emb. 15 UNID.,"1,59€","0,11€ / UNID.",
Sobremesa Tiramisu 4x80g,DÉLISSE,Emb. 0.32 KG,"2,49€","7,78€ / KG",
CHOCOLATE PRETO C/ CASCA DE LARANJA,TABLETTE D'OR,Emb. 0.2 KG,"1,91€","9,55€ / KG",
Sortido de Bolachas,CUÉTARA,Emb. 0.42 KG,"4,27€","10,17€ / KG",
Café Capsulas Decaf Intensidade 2,PLANTATION,Emb. 10 CAPS.,"1,79€","0,18€ / CAPS.",
Ambientador 5 em 1 Relax Zen,BRISE,Emb. 0.3 LT,"1,54€","5,13€ / LT",
Licor Anis Escarchado,BORLIDO,Garrafa 1 LT,"8,49€","8,49€ / LT",
Fralda Cueca T5 12/18KG Eco,MOTS D'ENFANTS,Emb. 20 UNID.,"6,49€","0,32€ / UNID.",
Pensos Incontinência Anatómicos Plus,LINDOR,Emb. 20 UNID.,"11,79€","0,59€ / UNID.",
Café Cápsulas Fortissimo Intensidade 10,PLANTATION,Emb. 10 CAPS.,"1,49€","0,15€ / CAPS.",
Alimento Seco para Cão Carne de Vaca e Cenoura,TOUS MES AMIS,Emb. 1 KG,"3,59€","3,59€ / KG",
Empadão de Pato,NOS RÉGIONS ONT DU TALENT,Emb. 0.3 UNID.,"2,15€","7,17€ / UNID.",
Vinho Tinto,COMP DO VINHO,Emb. 1 LT,"0,85€","0,85€ / LT",
Queijo Fundido,VACA QUE RI,Emb. 0.15 KG,"1,74€","11,60€ / KG",
Condicionador Revitaliza Gengibre Azul,HERBAL ESSENCES,Emb. 0.4 LT,"5,73€","14,33€ / LT",
Vinho Branco,COMP DO VINHO,Bag in Box 5 LT,"4,69€","0,94€ / LT",
LEITE CÔCO LIGHT,JERÓNIMOS,Emb. 0.4 LT,"2,06€","5,15€ / LT",
Gel de Barbear Ultra Sensível,GILLETTE,Emb. 0.25 LT,"3,95€","15,80€ / LT",
Iced Tea Pessego 6 Unid.,FRESH TEA,Emb. 1.98 LT,"2,68€","1,35€ / LT",
Creme Depilatório Peles Normais,VEET,Emb. 0.2 LT,"9,99€","49,95€ / LT",
Loção Essencial Healing,VASELINE,Emb. 0.2 LT,"2,14€","10,70€ / LT",
Lombo Salmão Atlântico Bio,,Emb. 0.2 KG,"7,49€","37,45€ / KG",
Detergente Liquido para a Máquina da Roupa Concentrado,SKIP,Emb. 80 DOSES,"15,99€","0,20€ / DOSES",
Bebida Isotónica Citrus,POWERADE,Emb. 0.05 LT,"1,25€","25,00€ / LT",
Torta de Noz,,1 Unid. = 0.6 KG  (aprox.),"12,99€/kg","7,79€ / Unid.",
Bolacha Ondulada,,Emb. 0.3 KG,"1,69€","5,63€ / KG",
MOUSSE LIEGEOISE CARAMELO,DÉLISSE,Emb. 0.64 KG,"2,79€","4,36€ / KG",
Caldo Natura de Carne Pack 4,KNORR,Emb. 0.112 KG,"1,49€","13,30€ / KG",
LIXIVIA TRADICIONAL,CLAIR,Emb. 4 LT,"1,39€","0,35€ / LT",
Escova de Dentes Média,COLGATE,Emb. 1 UNID.,"2,84€","2,84€ / UNID.",
Sementes de Chia,CEM PORCENTO,Emb. 0.15 KG,"2,29€","15,27€ / KG",
Bolachas Crackers com Azeite e Rosmaninho,DU BOIS DE LA ROCHE,Emb. 0.2 KG,"1,79€","8,95€ / KG",
Pastilha Elástica Senses Tropical Mix,TRIDENT,Emb. 0.023 KG,"0,94€","40,87€ / KG",
Vinho Regional Península de Setúbal Tinto,ADEGA DE PEGÕES,Garrafa 0.75 LT,"1,59€","2,12€ / LT",
LENCOS FACIAIS 3F MENTOL,CARESSE,Emb. 80 UNID.,"1,19€","0,01€ / UNID.",
Desodorizante Zero% - Spray Invisível,SANEX,Emb. 0.15 LT,"2,69€","17,93€ / LT",
SKYR MIRTILO,DÉLISSE,Emb. 0.45 KG,"2,09€","4,64€ / KG",
Miolo de Amendoim C/ Mel e Sal,MARQUE REPERE,Emb. 0.25 KG,"1,69€","6,76€ / KG",
PREPARADO PAO,TABLIER BLANC,Emb. 1 KG,"1,49€","1,49€ / KG",
Bolachas de Arroz Cobertura de Chocolate Biológicas,,Emb. 0.09 KG,"1,43€","15,89€ / KG",
Maionese Vegan sem Glúten,CALVÉ,Emb. 0.27 KG,"3,30€","12,22€ / KG",
Aerossol Air Ar Fresco,AMBIPUR,Emb. 0.3 LT,"3,83€","12,77€ / LT",
Alimento Seco P/ Cão Mini Menu Frango,PURINA FRISKIES,Emb. 1.5 KG,"4,84€","3,23€ / KG",
Inseticida Aerosol Casa e Plantas,RAID,Emb. 0.6 LT,"5,99€","9,98€ / LT",
Néctar Vital Equilíbrio Manga Laranja,COMPAL,Emb. 0.33 LT,"0,73€","2,21€ / LT",
Café pur Arabica Amérique Latine em Grão Biológico,,Emb. 0.25 KG,"3,49€","13,96€ / KG",
Aquafresh Branco Intenso 2x75ml,AQUAFRESH,,"3,49€",/ Unid.,
SABONETE LIQUIDO ALPERCE/ALOE VERA BIO,BIONAÏA,Emb. 0.3 LT,"1,85€","6,17€ / LT",
Iogurte de Alperce 4 Unid.,IOGOLINO,Emb. 0.4 KG,"2,28€","5,70€ / KG",
POSTAS DE BACALHAU ULTRACONGELADAS,ECO+,Emb. 0.8 KG,"5,99€","7,49€ / KG",
Água Tónica,SCHWEPPES,Lata 0.25 LT,"0,85€","3,40€ / LT",
BACALHAU COM NATAS,CÔTÉ TABLE,Emb. 0.25 KG,"2,99€","11,96€ / KG",
GEL FIXACAO BETAO 250ML,VITANOVE,Emb. 0.25 LT,"1,49€","5,96€ / LT",
Manteiga Pasteurizada com Sal Cuvete,LORETO,Emb. 0.25 KG,"1,99€","7,96€ / KG",
Solha Congelada,,1 Unid. = 1 KG (aprox.),"4,49€/kg","4,49€ / Unid.",
Biscoitos Recheados com Bovino,LYDOG,Emb. 0.5 KG,"1,75€","3,50€ / KG",
Polpa de Maracuja,KOALA,Lata 0.565 LT,"3,65€","6,46€ / LT",
Dentífrico Max White One,COLGATE,Emb. 0.075 LT,"3,34€","44,53€ / LT",
Paio York,IZIDORO,1 Unid. = 0.1 KG (aprox.),"8,49€/kg","0,85€ / Unid.",
ARROZ AGU.VAPORIZADO CIGALA 1KG,CIGALA,Emb. 1 KG,"1,27€","1,27€ / KG",
Conserva De Feijão Vermelho em Conserva 425g,NOTRE JARDIN,Lata 0.425 KG,"0,75€","1,76€ / KG",
Saladeira Vidro 26cm,,1 P,"2,95€","2,95€ / P",
Chá Verde com Gengibre Immune Support,LIPTON,Emb. 0.032 KG,"1,94€","60,63€ / KG",
Pimenta Branca Moída,MARGÃO,Emb. 0.1 KG,"3,99€","39,90€ / KG",
Iogurte Bifidus Cremoso Frutos Silvestres 0% 4 Unid.,DANONE,Emb. 0.48 KG,"1,99€","4,15€ / KG",
Alimento Húmido para Cão Almôndegas de Carne Vaca,ECO+,Emb. 1 KG,"1,55€","1,55€ / KG",
Gaufres com Ovos Frescos,P'TIT DÉLI,Emb. 0.26 KG,"0,94€","3,62€ / KG",
"ROLO CABRA,ST MAURE PDT,200G",PRÉSIDENT,Emb. 0.2 KG,"3,19€","15,95€ / KG",
Preparado em Pó Chantilly,ROYAL,Emb. 0.072 KG,"1,99€","27,64€ / KG",
Gel de Banho Cuidado Intensivo,DOVE,Emb. 0.5 LT,"2,49€","4,98€ / LT",
Sacos Lixo para Casa de Banho 30x10L,ECO+,Emb. 30 UNID.,"0,59€","0,02€ / UNID.",
Açúcar Mascavado,TÉVA,Emb. 0.75 KG,"2,01€","2,68€ / KG",
Sumo 100% Laranja Biológico 6 Unid.,,Emb. 0.12 LT,"2,69€","22,42€ / LT",
Sabonete Sólido Flores Brancas 4 Unid.,MANAVA,Emb. 0.4 KG,"2,05€","5,13€ / KG",
Bigburger Vegetais 2 Unid. Ultracongelado,CAPITÃO IGLO,Emb. 0.25 KG,"4,79€","19,16€ / KG",
Queijo Mistura Pequeno,ALAVÃO,Emb. 0.6 KG (aprox.),"9,99€/kg","5,99€ / Unid.",
Desodorizante Clean Fresh Scent Stick,REXONA,Emb. 0.045 LT,"4,79€","106,44€ / LT",
"AGUA NAT PET,CARVALHELHOS,50CL",CARVALHELHOS,,"0,29€",/ Unid.,
Recarga para Difusor Carro Ar Fresco,AMBIPUR,Emb. 1 UNID.,"2,85€","2,85€ / UNID.",
Mini Pizzas Piccolinis Salame,BUITONI,Emb. 0.27 KG,"2,99€","11,07€ / KG",
COGUMELO FERBAR LAMINADO 185G,FERBAR,Emb. 0.185,"0,74€","4,00€ /",
Deo Roll On Hidra Essencial 0% Álcool,VASELINE,Emb. 0.05 LT,"2,09€","41,80€ / LT",
Palmier Coberto,,1 UNID.,"0,85€","0,85€ / UNID.",
Pão de Leite 8 Unid.,P'TIT DÉLI,Emb. 0.32 KG,"1,09€","3,41€ / KG",
MANTEIGA MEIO SAL BIO,,Emb. 0.25 KG,"2,69€","10,76€ / KG",
FOLHADOS COM QUEIJO DE CABRA 4UN,CÔTÉ TABLE,Emb. 0.4 KG,"3,65€","9,13€ / KG",
Papa Infantil Bolacha Maria,CERELAC,Emb. 0.4 KG,"1,84€","4,60€ / KG",
Paté Campestre,TRADILÈGE,Emb. 0.18 Kg,"1,99€","11,06€ / Kg",
Champomy,CHAMPOMY,Garrafa 0.75 LT,"3,99€","5,32€ / LT",
Creme Vegetal Óleo Girassol 60% MG S/ Sal,NAT&VIE,Emb. 0.5 KG,"1,99€","3,98€ / KG",
Sortido de Biscoitos Finos,EQUADOR,Emb. 0.2 KG,"1,99€","9,95€ / KG",
Iogurte Líquido Morango/Framboesa,DANONE,Emb. 0.3 KG,"1,89€","6,30€ / KG",
Bolachas de Diet-Fibra sem Açúcar,GULLÓN,Emb. 0.25 KG,"2,18€","8,72€ / KG",
BB CREAM 5EM1 CLARO 50ML,INELL,Emb. 0.05 LT,"3,49€","69,80€ / LT",
IOG.BRAS.C/POL.FRU.DELISSE.X16,DÉLISSE,Emb. 2 KG,"3,39€","1,70€ / KG",
Limpa Máquinas Roupa,SKIP,Emb. 0.36 KG,"6,49€","18,03€ / KG",
Tostas Estaladiças de Trigo Integral,EPI D'OR,Emb. 0.25 KG,"1,35€","5,40€ / KG",
Conserva de Grão de Bico Cozido,NOTRE JARDIN,Lata 0.85 KG,"0,99€","1,16€ / KG",
Forno de Lenha Fatias Finas Peito de Peru,CAMPOFRIO,Emb. 0.12 KG,"2,48€","20,67€ / KG",
Lichias em Calda,DOUCEUR DU VERGER,Emb. 0.565 KG,"2,39€","4,23€ / KG",
MOLHO AGRIDOCE PICANTE,TABLES DU MONDE,Emb. 0.3 KG,"1,85€","6,17€ / KG",
Amendoins Torrados com Sal,TOKAPI,Emb. 0.5 KG,"1,95€","3,90€ / KG",
Iogurte Líquido Morango 4x155g,DANONE,Emb. 0.62 KG,"1,39€","2,24€ / KG",
Queijo de Vaca Light,PAIVA,1 Unid. = 2 KG (aprox.),"9,99€/kg","19,98€ / Unid.",
TRINCA DE ARROZ,LYDOG,Emb. 5 KG,"3,29€","0,66€ / KG",
Queijo Mozzarella Mini,SANTA LUCIA,Emb. 0.15 KG,"2,52€","16,80€ / KG",
Grelhador Quadrado 26x26cm,,1 UNID.,"12,50€","12,50€ / UNID.",
Caixa Hermética 0.50L 5Unid.,,1 UNID.,"1,59€","1,59€ / UNID.",
Amaciador Extra Suave Cabelos Secos Estragados,NATEIS,Emb. 0.25 LT,"0,99€","3,96€ / LT",
Barras Hero De Cereais Muesli Avelã 6x25g,HERO,Emb. 0.15 KG,"1,79€","11,93€ / KG",
Alimento Húmido P/ Gato Gold Mousse C/ Frango,GOURMET,Emb. 0.085 KG,"0,72€","8,47€ / KG",
Bolos com Recheio de Morango Isento de Glúten,CHAQUE JOUR SANS GLUTEN,Emb. 0.21 KG,"3,05€","14,52€ / KG",
Aditivo Líquido Protege Cores e Delicados,SKIP,Emb. 3 LT,"5,04€","1,68€ / LT",
Bolachas Digestivas Aveia,TRIUNFO,Emb. 0.171 KG,"1,69€","9,88€ / KG",
Sementes Naturais Descascadas de Abóbora,CEM PORCENTO,Emb. 0.15 KG,"2,29€","15,27€ / KG",
Toucinho Fumado,DAMATTA,Emb. 0.2 KG,"13,99€/kg","2,80€ / Unid.",
Salsichão Fatiado,EL POZO,Emb. 0.08 KG,"1,94€","24,25€ / KG",
Spray de Cabelo Condicionador Smooth & Silky,SYOSS,Emb. 0.2 LT,"7,47€","37,35€ / LT",
Mini Taça Direita 10cl Vidro,ARDENCE,1 UNID.,"2,99€","2,99€ / UNID.",
Detergente Máquina Loiça Pastilhas Clássicas,VISIOR,Emb. 40 UNID.,"2,49€","0,06€ / UNID.",
Orégãos Folhas,MARGÃO,Emb. 0.008 KG,"0,74€","92,50€ / KG",
COUVE DE BRUXELAS CONGELADAS,NOTRE JARDIN,Emb. 1 KG,"1,45€","1,45€ / KG",
Corn Flakes Biológicos,,Emb. 0.375 KG,"1,19€","3,17€ / KG",
FEIJAO VERMELHO SACO,NOTRE JARDIN,Emb. 1 KG,"1,89€","1,89€ / KG",
Cereais Chocolate,NESTUM,Emb. 0.25 KG,"1,49€","5,96€ / KG",
Rolo de Cozinha Máxima Absorção 8+4 Unid.,RENOVA,Emb. 1 P,"4,60€","4,60€ / P",
Tomilho em Folhas,MARGÃO,Emb. 0.015 KG,"1,04€","69,33€ / KG",
GELADO TARTUFO,ESKISS,,"2,99€",/ Unid.,
Polvilho Azedo,GLOBO,Emb. 0.5 KG,"1,99€","3,98€ / KG",
BOLACHAS C/ RECHEIO CHOCOLATE LEITE BREAK,P'TIT DÉLI,Emb. 0.135 KG,"1,52€","11,26€ / KG",
Chá Menta,LIPTON,Emb. 20 SAQ.,"1,20€","0,06€ / SAQ.",
Tâmara Seca S/ Caroço,MARQUE REPERE,Emb. 0.2 KG,"1,29€","6,45€ / KG",
Preservativos Senso,CONTROL,Emb. 6 UNID.,"3,49€","0,58€ / UNID.",
Batatas Finas e Crocantes,POM'LISSE,Emb. 1 KG,"1,29€","1,29€ / KG",
Pizza Fiambre e Queijo Ultracongelado,TURINI,Emb. 0.4 KG,"1,99€","4,98€ / KG",
Máquinas de Barbear Descartáveis Blue II Plus Mulher,GILLETTE,Emb. 6 UNID.,"1,94€","0,32€ / UNID.",
Bife da Pá Novilho,,1 Unid. = 0.25 KG (aprox.),"8,99€/kg","2,25€ / Unid.",
Quiche Lorraine,,Emb. 0.4 KG,"2,29€","5,73€ / KG",
Tablete Chocolate Preto Extrafino 74% Cacau Biológico,,Emb. 0.1 KG,"1,59€","15,90€ / KG",
Infusão Chá Pêssego Bio,,Emb. 1 LT,"1,39€","1,39€ / LT",
Iogurte Líquido Morango Banana 4 Unid.,YOGGI,Emb. 0.64 KG,"2,09€","3,27€ / KG",
Cereais Muesli Cereais Frutos Secos Biológicos,,Emb. 0.375 KG,"2,89€","7,71€ / KG",
Detergente Liquido para Roupa de Cor Delicada e Lãs,SOFLAN,Emb. 13 DOSES,"3,49€","0,27€ / DOSES",
"Croquetes Vaca, Legumes e Figado",LYCAT,Emb. 2 KG,"3,99€","2,00€ / KG",
Deo Roll-On Active Protection E Invisible,REXONA,Emb. 0.05 LT,"2,69€","53,80€ / LT",
IOGURTE BATIDO C/ PEDACOS MORANGO E FRAMBOESA,DÉLISSE,Emb. 0.5 KG,"1,19€","2,38€ / KG",
Whiskey Bourbon 6 Anos,JOHN DAVON'S,Garrafa 0.75 LT,"12,99€","17,32€ / LT",
Açafrão das Índias,MARGÃO,Emb. 0.037 KG,"2,19€","59,19€ / KG",
Espanador Duster + 4 Recargas,SWIFFER,Emb. 4 UNID.,"3,59€","0,90€ / UNID.",
Champanhe Bruto,POL CARSON,Garrafa 0.75 LT,"14,99€","19,99€ / LT",
Salsichas Frankfurt,IZIDORO,Lata 0.25 KG,"1,03€","4,12€ / KG",
BATERIA Nº 16 80/640 80/640 TECH9,TECH9,Emb. 1 UNID.,"99,99€","99,99€ / UNID.",
Massa Carbonara,KNORR,Emb. 0.062 KG,"1,24€","20,00€ / KG",
Ravioli Ricotta Espinafres Biológico,,Emb. 0.25 KG,"1,99€","7,96€ / KG",
Cereais de Chocolate,CRUNCH,Emb. 0.375 KG,"2,53€","6,75€ / KG",
"CERVEJA HEINEKEN,PACK,24X25CL",HEINEKEN,Emb. 24 UNID.,"12,99€","0,54€ / UNID.",
PRESUNTO FATIADO 9 MESES CURA,CAMPO FINO,Emb. 0.15 KG,"2,99€","19,93€ / KG",
Vinho Verde Tinto,CRUZEIRO,Garrafa 0.75 LT,"1,79€","2,39€ / LT",
Chouriço Picante,SABOR PORTUGUES,Emb. 0.16 KG,"2,19€","13,69€ / KG",
Rilletes de Mans,TRADILÈGE,Emb. 0.22 KG,"1,99€","9,05€ / KG",
Chá de Camomila e Erva Príncipe,LIPTON,Emb. 20 SAQS,"1,94€","0,10€ / SAQS",
COOKIES COM MEGA PEPITAS CHOCOLATE E AMENDOAS CARAMELIZADAS,P'TIT DÉLI,Emb. 0.184 KG,"1,49€","8,10€ / KG",
Espumante ASTI Doce,GANCIA,Garrafa 0.75 LT,"6,49€","8,65€ / LT",
PANNA COTTA FRUITS ROUGE 4X90G,DÉLISSE,Emb. 0.36 KG,"1,99€","5,53€ / KG",
Esponja de Fibra Verde Clássica XXL,SCOTCH BRITE,Emb. 1 UNID.,"3,26€","3,26€ / UNID.",
VINAGRE CRISTAL SIDRA 0.5L,CRISTAL,Emb. 0.5 LT,"1,03€","2,06€ / LT",
COLORAÇÃO PERMANENTE CASTANHO VIOLINO 4.6,BELLADY,Emb. 1 UNID.,"6,49€","6,49€ / UNID.",
Água Micelar Tudo em 1,GARNIER,Emb. 0.4 LT,"5,09€","12,73€ / LT",
Feijão Verde,,1 Unid. = 0.55 KG (aprox.),"4,99€/kg","2,74€ / Unid.",
Safio Cal. 2/5,,1 Unid. = 1.5 KG (aprox.),"5,99€/kg","8,99€ / Unid.",
Vinho Tinto,ALANDRA,Garrafa 0.75 LT,"2,19€","2,92€ / LT",
Sumo 100% Ananás,JAFADEN,Emb. 1 LT,"1,59€","1,59€ / LT",
Iogurte Magro Déli' light Sabor Baunilha 8x125g,DÉLISSE,Emb. 1 KG,"1,99€","1,99€ / KG",
Cornetto de Morango 6x90 ml,OLÁ,Emb. 0.54 LT,"3,99€","7,39€ / LT",
Erva Doce Saqueta,RUSTICA,Emb. 0.05 KG,"0,50€","10,00€ / KG",
Batido de Leite Cacau Noir,CACAOLAT,Emb. 0.2 LT,"0,99€","4,95€ / LT",
Gelatina Light Limão,ROYAL,Emb. 0.031 KG,"1,89€","60,97€ / KG",
"Néctar Essencial Maça, Banana, Laranja e Ananás 3x110ml",COMPAL,Emb. 0.33 LT,"1,79€","5,42€ / LT",
"AZEITONA MISTA RETALH,FRAS,210G",,,"1,33€",/ Unid.,
LASANHA QUEIJO CABRA/ESPINAFRES 500G 500G COTE TABLE,CÔTÉ TABLE,Emb. 0.5 KG,"2,39€","4,78€ / KG",
Conserva de Azeitona Mista,RUSTICA,Emb. 0.3 KG,"1,99€","6,63€ / KG",
Sabonete Líquido Amêndoas,MANAVA,Emb. 0.3 LT,"0,85€","2,83€ / LT",
Crackers Salgadas de Sementes Biológicas,,Emb. 0.2 KG,"2,99€","14,95€ / KG",
Malagueta Vermelha,,1 Unid. = 0.1 KG  (aprox.),"6,99€/kg","0,70€ / Unid.",
BATOM NUTRITIVO 2UN,INELL,Emb. 2000 UNID.,"1,69€","0,00€ / UNID.",
16 Caps.Café Kaffa Compativeis SG Cappuccino,KAFFA,Emb. 16 UNID.,"3,19€","0,20€ / UNID.",
Croquetes Coelho e Legumes Verdes,TOUS MES AMIS,Emb. 2 KG,"3,99€","2,00€ / KG",
LAVA TUDO CONCENTRADO ECOLOGICO,UNÍ VERT,Emb. 1 LT,"1,19€","1,19€ / LT",
Fermento em Pó,ROYAL,Emb. 0.113 KG,"1,69€","14,96€ / KG",
Conserva Cogumelos Laminados,NOTRE JARDIN,Lata 0.355 KG,"1,09€","3,07€ / KG",
Capucino Chocolate Base de Leite Magro em Pó,PLANTATION,Emb. 10 SAQ.,"1,99€","0,20€ / SAQ.",
Tablete Chocolate 70% Cacau Culinária,PANTAGRUEL,Emb. 0.2 KG,"2,84€","14,20€ / KG",
Tira Nódoas Pó Oxi Anti-Odores,VANISH,Emb. 0.84 KG,"9,74€","11,60€ / KG",
Bombay Dry Gin Original,BOMBAY,Garrafa 0.7 LT,"13,23€","18,90€ / LT",
Saladeira Branco Opaco 24cm,,1 UNID.,"2,95€","2,95€ / UNID.",
DENIM DEO SPRAY ORIGINAL,DENIM,Emb. 0.15 LT,"2,39€","15,93€ / LT",
Sumo de Laranja S/ Polpa 100%,JAFADEN,Emb. 2 LT,"2,59€","1,30€ / LT",
Iogurte Bifidus Líquido Frutos Silvestres 4 Unid.,DANONE,Emb. 0.62 KG,"1,99€","3,21€ / KG",
Barras de Cereais Special Chocolate,KELLOGG'S,Emb. 0.132 KG,"3,45€","26,14€ / KG",
Café Cápsulas Classic,PLANTATION,Emb. 36 CAPS.,"2,79€","0,08€ / CAPS.",
Molho Big Burger,CALVÉ,Emb. 0.25 LT,"2,39€","9,56€ / LT",
Bandas Cera Depilatória Easy Gelwax Peles Sensíveis,VEET,Emb. 16 UNID.,"6,92€","0,43€ / UNID.",
Conserva de Mini Salsichas Cocktail,NOBRE,Lata 0.18 KG,"1,39€","7,72€ / KG",
Vinho Branco Meio Seco,LEZÍRIA,Garrafa 0.75 LT,"1,59€","2,12€ / LT",
PENSOS INCONTINENCIA MEDIA - HOMEM,CHORYS,Emb. 20 UNID.,"3,75€","0,19€ / UNID.",
Bolachas Ricanela +100g,CUÉTARA,Emb. 0.4 KG,"1,99€","4,98€ / KG",
Snack de Batatas Finas Natural,TOKAPI,Emb. 0.17 KG,"1,85€","10,88€ / KG",
Pudim Flan Caramelo 4x100g,ECO+,Emb. 0.4 KG,"0,74€","1,85€ / KG",
Red Fish Médio Congelado,,1 Unid. = 0.3 KG (aprox.),"3,99€/kg","1,20€ / Unid.",
Fiambre Superior com Courato 4 Fatias,,Emb. 0.2 KG,"2,99€","14,95€ / KG",
Compota de Frutas Maçã e Pera sem Adição de Açúcares 4x100g,DOUCEUR DU VERGER,Emb. 0.4 KG,"1,18€","2,95€ / KG",
Cuscus Clássica,NACIONAL,Emb. 0.25 KG,"0,79€","3,16€ / KG",
"SOBREM. SOJA BAUNILHA,,4x125G",ALPRO,Emb. 0.5 LT,"2,29€","4,58€ / LT",
Panela de Pressão de Inox 8L,ARDENCE,1 UNID.,"57,99€","57,99€ / UNID.",
Tablete Chocolate de Leite Familiar com Avelãs,DAIRY MILK,Emb. 0.12 KG,"2,39€","19,92€ / KG",
Linguiça Tradicional,NOBRE,Emb. 0.13 KG,"2,49€","19,15€ / KG",
Cápsulas Café Espresso Intenso Intensidade 7,DOLCE GUSTO,Emb. 30 CAPS.,"9,99€","0,33€ / CAPS.",
Café Expresso Bar Torrado,DELTA,Emb. 1 KG,"11,39€","11,39€ / KG",
Snacks P/ Cão 12-25Kg Dentalife Medium,PURINA,Emb. 0.345 KG,"4,99€","14,46€ / KG",
Bag in Box ERMELINDA FREITAS ROSÉ 5L,,Emb. 5 LT,"7,99€","1,60€ / LT",
Pantene Perfect Volume Laca 300ml,PANTENE PV,Spray 0.3 LT,"3,74€","12,47€ / LT",
Queijo Flamengo Fatias Redondas,PAIVA,,"1,67€",/ Unid.,
Forma de Alumínio para Pizza Castanha 30cm,ARDENCE,1 UNID.,"4,90€","4,90€ / UNID.",
Natas Líquidas Magra 3x20cl,DÉLISSE,Emb. 0.06 LT,"1,59€","26,50€ / LT",
Hamburguer Ultracongelado 100% de Vaca Ultracongelado,CHANTEGRIL,Emb. 1 KG,"10,29€","10,29€ / KG",
Marmelada Extra,,Emb. 0.9 KG,"1,79€","1,99€ / KG",
Azeite,3 CASTELOS,Garrafa 1 LT,"5,14€","5,14€ / LT",
Chá de Frutos Silvestres,LIPTON,Emb. 20 SAQ.,"1,74€","0,09€ / SAQ.",
Elixir Frescura Duradoura,ORAL B,Emb. 0.5 LT,"4,19€","8,38€ / LT",
Body Milk para Duche Nutritivo Pele Seca,NIVEA,Emb. 0.25 LT,"5,49€","21,96€ / LT",
Penso Incontinência Discreet Mini,AUSONIA,Emb. 20 UNID.,"2,99€","0,15€ / UNID.",
Amaciador de Roupa Azul,COMFORT,Emb. 4 LT,"4,49€","1,12€ / LT",
Detergente Liquido para Roupa Limpeza Profunda,PERSIL,Emb. 42 DOSES,"8,49€","0,20€ / DOSES",
Nata para Culinária,PARMALAT,Emb. 0.2 KG,"1,06€","5,30€ / KG",
Tablete Chocolate Culinária,NESTLÉ,Emb. 0.2 KG,"1,39€","6,95€ / KG",
Alimento P/ Gato Adulto de Salmão,PURINA,Emb. 3 KG,"14,94€","4,98€ / KG",
Cápsulas Café Ristretto Barista Intensidade 9,DOLCE GUSTO,Emb. 16 CAPS.,"4,79€","0,30€ / CAPS.",
Polvo Congelado,,1 Unid. = 1.5 KG (aprox.),"14,99€/kg","22,49€ / Unid.",
Café Torrado Moído Intensidade 10,BUONDI,Emb. 0.22 KG,"2,58€","11,73€ / KG",
Papel de Alumínio,VILEDA,Emb. 50 M,"7,41€","0,15€ / M",
Caixa de Arrumação com Tampa 5L Cinza,,1 UNID.,"2,50€","2,50€ / UNID.",
Palmiers Folhados,P'TIT DÉLI,Emb. 0.23 KG,"1,39€","6,04€ / KG",
Sidra com Álcool de Maça 15x20cl,SOMERSBY,Emb. 3 LT,"9,94€","3,31€ / LT",
QUEIJO FLAMENGO FATIADO,QUEIJO NA TÁBUA,Emb. 0.5 KG,"3,79€","7,58€ / KG",
Mini Gelados de Chocolate Branco e de Chocolate Branco com Amêndoas Pack 6,MAGNUM,Emb. 0.33 LT,"2,99€","9,06€ / LT",
Sumo Maçã,JAFADEN,Emb. 1 LT,"0,66€","0,66€ / LT",
AUSONIA ORG COTTON NORMAL ABAS,AUSONIA,Emb. 12 UNID.,"2,54€","0,21€ / UNID.",
Refrigerante C/ Gás S/ Cafeína Pack 6,COCA COLA,Emb. 1.98 LT,"4,30€","2,17€ / LT",
6-PACK TOALHITAS BABY MOMENTS,CHICCO,,"6,24€",/ Unid.,
TOALHITAS P/ADULTOS X64,CHORYS,Emb. 64 UNID.,"2,99€","0,05€ / UNID.",
Hamburger de Porco 4 Unid. Ultracongelado,CAPITÃO IGLO,Emb. 0.3 KG,"4,99€","16,63€ / KG",
Mexilhão Médio,,1 KG (aprox.),"1,99€/kg","1,99€ / Unid.",
Bolachas Maria,CUÉTARA,Emb. 0.8 KG,"2,59€","3,24€ / KG",
Chocolate Nestlé,AFTER EIGHT,Emb. 0.2 KG,"2,34€","11,70€ / KG",
Açúcar Especial Compota,TÉVA,Emb. 1 KG,"1,69€","1,69€ / KG",
Pensos Higiénicos Maxi/Super Sem Alas Fina e Segura,EVAX,Emb. 13 UNID.,"1,99€","0,15€ / UNID.",
"ATUM FILETE AZEITE BIO, 120G",TENÓRIO,Emb. 0.12 KG,"2,29€","19,08€ / KG",
Creme Hidratante Dupla Ação,CLEAN & CLEAR,Emb. 0.1 LT,"6,92€","69,20€ / LT",
Pastéis de Bacalhau,,Emb. 12 KG,"1,99€","0,17€ / KG",
LENCOS FACIAIS 3F DECORADO,CARESSE,Emb. 70 UNID.,"1,19€","0,02€ / UNID.",
Bolachas Cobertas Chocolate Leite,MILKA,Emb. 0.15 KG,"2,49€","16,60€ / KG",
"CHUPA CHUPS ASSORT S/ACUCA,,66G",,,"2,88€",/ Unid.,
BATERIA Nº 10 50/450 50/450 TECH9,TECH9,Emb. 1 UNID.,"56,99€","56,99€ / UNID.",
BB CREAM 5EM1 MEDIO 50ML,INELL,Emb. 0.05,"3,49€","69,80€ /",
Vinho Tinto,SANTA MARTA,Bag in Box 5 LT,"8,99€","1,80€ / LT",
Batatas Fritas Rodela,PÁLA-PÁLA,Emb. 0.3 KG,"1,75€","5,83€ / KG",
Salsicha Branca com Porto 3x125g,TRADILÈGE,Emb. 0.375 KG,"3,35€","8,93€ / KG",
Alimento Seco P/ Cão Mini Menu Vaca,PURINA FRISKIES,Emb. 1.5 KG,"4,49€","2,99€ / KG",
Vinho Verde Branco Salvé,SALVE,Garrafa 0.75 LT,"1,79€","2,39€ / LT",
Pao De Forma Cerealia 5 Sementes,PANRICO,Emb. 0.435 KG,"1,92€","4,41€ / KG",
Johnson's Baby Óleo de Aloe Vera,JOHNSON'S BABY,Emb. 0.5 LT,"5,59€","11,18€ / LT",
Vinho Tinto de Mesa BIB,COMP DO VINHO,Bag in box 10 LT,"10,99€","1,10€ / LT",
Cápsulas Café Ristretto Napoli,DOLCE GUSTO,Emb. 16 CAPS.,"4,79€","0,30€ / CAPS.",
Gelado Solero Red Berries,OLÁ,Emb. 0.27 LT,"2,59€","9,59€ / LT",
PREPARADO PARA PANQUECAS CONDI 400G,CONDI,Emb. 0.4 KG,"1,99€","4,98€ / KG",
PENSOS DIARIOS U.FINOS ALOE VERA POCKET 30UN,DOULYS,Emb. 30 UNID.,"1,25€","0,04€ / UNID.",
Cacetinho,,1 Unid. = 0.055 KG,"0,18€","3,27€ / KG",
NATAS FRESCAS ESPESSAS LIGHT,DÉLISSE,Emb. 0.5 LT,"1,79€","3,58€ / LT",
Conserva de Salsichas Naturíssimos Peru 8 Unid.,NOBRE,Lata 0.16 KG,"1,89€","11,81€ / KG",
Snack de Chocolate e Toffee,TOFFE CRISP,Emb. 0.038 KG,"0,69€","18,16€ / KG",
RODELAS DE PESCADA,ECO+,Emb. 0.8 KG,"5,80€","7,25€ / KG",
Salsichão de porco preto,PRIMOR,Emb. 0.07 KG,"3,44€","49,14€ / KG",
PAPEL HIGIENICO COMPACTO ECO,UNÍ VERT,Emb. 4 UNID.,"1,99€","0,50€ / UNID.",
Dentifrico Cuidado Extra Fresco,PARODONTAX,Emb. 0.075 LT,"5,48€","73,07€ / LT",
Conserva Grão Cozido com pouco Sal,FERBAR,Lata 0.42 KG,"0,95€","2,26€ / KG",
Cápsulas Café Blonde P/ Nespresso Intensidade 6,STARBUCKS,Emb. 10 CAPS.,"3,79€","0,38€ / CAPS.",
YOFU SOJA NATURAL 4X125G,ALPRO SOYA,Emb. 0.5 KG,"2,29€","4,58€ / KG",
Manteiga C/ Sal,MIMOSA,Emb. 0.25 KG,"2,39€","9,56€ / KG",
Alimento Seco Gato Completo Salmão Legumes,LYCAT,Emb. 0.4 KG,"0,99€","2,48€ / KG",
Queijo Manchego,DIAZ MIGUEL,Quant. Mínima = 0.2 KG (aprox.),"18,99€/kg","3,80€ / Unid.",
Tablete de Chocolate Branco com Avelãs Inteiras,TABLETTE D'OR,Emb. 0.2 KG,"2,53€","12,65€ / KG",
Água S/ Gás Mineral Natural,,Garrafão 6 LT,"0,72€","0,12€ / LT",
Sabonete Pack 4,DOVE,Emb. 0.4 KG,"4,99€","12,48€ / KG",
"Açúcar Baunilhado 5x7,5 g",,Emb. 0.037 KG,"2,99€","80,81€ / KG",
Pastilha Elástica Senses Rainforest Mint,TRIDENT,Emb. 0.023 KG,"0,94€","40,87€ / KG",
GOMAS ACIDAS COLORIDAS TUB\'S,COPAÍNS COPINES,Emb. 0.2 KG,"1,29€","6,45€ / KG",
Água com Gás 6x25 cl,PEDRAS SALGADAS,Emb. 1.5 LT,"2,74€","1,83€ / LT",
Sua Vinha Tetra Pak Branco,SUA VINHA,Emb. 1 LT,"0,98€","0,98€ / LT",
IOGURTE NATURAL BIO,,Emb. 0.5 KG,"0,94€","1,88€ / KG",
Folhas de Salsa,RUSTICA,Frasco 0.012 KG,"0,45€","37,50€ / KG",
Refrigerante C/ Gás Uva,FANTA,Garrafa 1.5 LT,"1,00€","0,67€ / LT",
Dentífrico Cuidados Completos 8 em 1,DENTAMYL,Emb. 0.075 LT,"0,95€","12,67€ / LT",
Johnson's Gel de Banho para Bebé Cuidado Completo,JOHNSON'S BABY,Emb. 0.5 LT,"3,89€","7,78€ / LT",
Azeite Virgem,SERRATA,Garrafa 0.75 LT,"3,78€","5,04€ / LT",
ELIXIR BOCAL,DENTAMYL,Emb. 0.5 LT,"1,29€","2,58€ / LT",
Bolachas com Cobertura Chocolate de Leite,P'TIT DÉLI,Emb. 0.2 KG,"1,29€","6,45€ / KG",
B&J Caramel Chew Chew 465ml,,Emb. 0.465 LT,"6,78€","14,58€ / LT",
"DELICIA ""NAPOLITAIN"" 10UN",P'TIT DÉLI,Emb. 0.35 KG,"2,59€","7,40€ / KG",
Água sem Gás,SERRA DA ESTRELA,Garrafão 6 LT,"1,43€","0,24€ / LT",
Vinho Regional Tejo Tinto,SERRADAYRES,Garrafa 0.75 LT,"4,45€","5,93€ / LT",
Sobremesa de Chocolate 6x70g,DÉLISSE,Emb. 0.42 KG,"1,75€","4,17€ / KG",
Natas Cremosas Light,MIMOSA,Emb. 0.2 LT,"0,89€","4,45€ / LT",
CARNE DE GALINHA C/ ARROZ E MOLHO DE NATAS,CÔTÉ TABLE,Emb. 0.3 KG,"1,99€","6,63€ / KG",
Gelado Double Chocolate e Morango,MAGNUM,Emb. 0.264 LT,"2,99€","11,33€ / LT",
Bacalhau Crescido Islândia,,1 Unid. = 1.3 KG (aprox.),"9,99€/kg","12,99€ / Unid.",
Copo 48cl Mojito,,1 UNID.,"1,69€","1,69€ / UNID.",
Macarrão Penne Isento de Glúten,CHAQUE JOUR SANS GLUTEN,Emb. 0.4 KG,"1,49€","3,73€ / KG",
Sumo 100% Multifrutos Biológico,,Emb. 1 LT,"2,09€","2,09€ / LT",
FEIJÃO PRETO,FERBAR,Emb. 0.5 KG,"1,04€","2,08€ / KG",
GUARDANAPOS RENOVA OLE 1 FOLHA,GUARDANAPOS RENOVA,,"0,54€",/ Unid.,
PURE MACA/AMEIXA SEM ADICAO ACUCAR BIO +4M,,Emb. 0.4 KG,"2,09€","5,23€ / KG",
Alimento Completo Periquito,VITAKRAFT,Emb. 1 KG,"4,45€","4,45€ / KG",
Chourição,NOBRE,1 Unid. = 0.15 KG (aprox.),"9,99€/kg","1,50€ / Unid.",
Barras Cereias com Pedaços de Morango Biológicas 6 Unid.,,Emb. 0.125 KG,"1,69€","13,52€ / KG",
SORTIDO DE GOMAS EM MINI SAQUETAS,COPAÍNS COPINES,Emb. 0.5 KG,"3,45€","6,90€ / KG",
DETERGENTE MANUAL LOICA MACA 1L,ECO+,Emb. 1 LT,"0,79€","0,79€ / LT",
CARNE PICADA BOVINO BIO,,Emb. 0.4 KG,"5,99€","14,98€ / KG",
Creme Gordo,INELL,Emb. 0.2 LT,"3,99€","19,95€ / LT",
"""QUENELLES"" DE SALMAO C/ MOLHO CAMARAO",CÔTÉ TABLE,Emb. 0.4 KG,"1,79€","4,48€ / KG",
Conserva de Azeitona Verde Descaroçada,RUSTICA,Frasco 0.36 KG,"1,69€","4,69€ / KG",
Salada de Massas e Delícias do Mar Temperada,MENU FRAÎCHEUR,Emb. 0.3 KG,"1,49€","4,97€ / KG",
Cereais de Chocolate Biológicos,CHOCAPIC,Emb. 0.33 KG,"2,99€","9,06€ / KG",
Champô Cabelos Pintados,ELVIVE,Emb. 0.25 LT,"3,99€","15,96€ / LT",
Condicionador Nourish & Replenish,TRESEMMÉ,Emb. 0.4 LT,"4,79€","11,98€ / LT",
Chá Verde com Sabor a Hortelã e Lima,LIPTON,Emb. 1 LT,"1,28€","1,28€ / LT",
Sobremesa Chocolate Mix'n Croc Color Chocolate 4x120g,DÉLISSE,Emb. 0.48 KG,"1,95€","4,06€ / KG",
Baked Heinz Beans Com Tomate 415g,HEINZ,Emb. 0.415 KG,"1,79€","4,31€ / KG",
Champanhe Brut Imperial,MOET & CHANDON,Garrafa 0.75 LT,"49,90€","66,53€ / LT",
Salsichas C/ Feijão,CÔTÉ TABLE,Emb. 0.84 KG,"2,39€","2,85€ / KG",
Café Moído Puro Arábica Biológico,,Emb. 0.25 KG,"3,49€","13,96€ / KG",
Champô Nourish & Replenish com Óleo de Coco e Aloe Vera,TRESEMMÉ,Emb. 0.4 LT,"4,79€","11,98€ / LT",
Sementes de Quinoa,MARQUE REPERE,Emb. 0.2 KG,"1,79€","8,95€ / KG",
Chocolate Preto C/ Casca de Laranja Cristalizada,EQUADOR,Emb. 0.1 KG,"1,19€","11,90€ / KG",
Ambientador Vela Anti-Tabaco,,Emb. 2 UNID.,"5,69€","2,85€ / UNID.",
Nuggets Peito de Frango e Queijo Ultracongelado,CAPITÃO IGLO,Emb. 0.208 KG,"4,37€","21,01€ / KG",
Panos Multiusos Microfibra,MAMISON,Emb. 2 UNID.,"1,99€","1,00€ / UNID.",
Vinho Regional Alentejano Branco,GALITOS,Garrafa 1 LT,"2,24€","2,24€ / LT",
Massa Espirais,MILANEZA,Emb. 0.5 KG,"1,19€","2,38€ / KG",
Leite Reparador Tesouros de Mel,ULTRA SUAVE,Emb. 0.4 LT,"4,35€","10,88€ / LT",
Infusão Chá Branco Maracujá,FRESH TEA,Emb. 1 LT,"1,01€","1,01€ / LT",
Café Solúvel Qualité Filtre,PLANTATION,Frasco 0.2 KG,"3,99€","19,95€ / KG",
Tarte Gelada Caramel Biscuit,VIENNETTA,Emb. 0.65 LT,"3,26€","5,02€ / LT",
PENSOS INCONTINENCIA U. FINOS C/ ABAS SUPER+ POCKET 14UN CHORYS,CHORYS,Emb. 14 UNID.,"2,15€","0,15€ / UNID.",
Bagas de Goji,MARQUE REPERE,Emb. 0.125 KG,"2,49€","19,92€ / KG",
Lagartos,,Emb. 0.3 KG,"1,49€","4,97€ / KG",
Massa Tagliatelle,TURINI,Emb. 0.5 KG,"1,19€","2,38€ / KG",
Chocolate Culinária Preto Biológico,,Emb. 0.2 KG,"2,79€","13,95€ / KG",
Café Latte Caramel 8 Unid.,NESCAFÉ,Emb. 0.136 KG,"3,19€","23,46€ / KG",
Chá de Menta e Eucalipto,LIPTON,Emb. 20 SAQS,"1,94€","0,10€ / SAQS",
Gel de Duche Nutritivo,DOVE,Emb. 0.75 LT,"4,79€","6,39€ / LT",
Sumo de Limão 2X125ml,RUSTICA,Emb. 0.5 LT,"1,15€","2,30€ / LT",
Pérolas de Perfume para Roupa Spring,LENOR,Emb. 0.21 KG,"7,69€","36,62€ / KG",
Costeletas do Cachaço Porco,,1 Unid. = 0.2 KG (aprox.),"5,49€/kg","1,10€ / Unid.",
Salsichão C/ Avelãs,ST AZAY,Emb. 0.25 KG,"2,99€","11,96€ / KG",
Arroz Carolino,COMPTOÍR DU GRAIN,Emb. 1 KG,"0,93€","0,93€ / KG",
DESODORIZANTE ROLL-ON BIO 50ML,BIONAÏA,Emb. 0.05 LT,"0,99€","19,80€ / LT",
Cogumelo Pleurotus,,Emb. 0.25 KG,"2,19€","8,76€ / KG",
BARRA CEREAL CH.KRISPIES 6X20,KELLOGG'S,Emb. 6 UNID.,"2,49€","0,42€ / UNID.",
Barras de Biscoitos Cobertura de Caramelo Chocolate,ECO+,Emb. 0.348 KG,"1,79€","5,14€ / KG",
Água com Gás,PEDRAS SALGADAS,Garrafa 0.33 LT,"0,61€","1,85€ / LT",
Canela em Pau Especiarias,RUSTICA,Emb. 0.03 KG,"0,62€","20,67€ / KG",
Pantene Pro-V Volume Com Corpo Condicionador,PANTENE PV,Emb. 0.3 LT,"5,28€","17,60€ / LT",
GELEIA MORANGO 345G,CASA MATEUS,Emb. 0.345 KG,"2,47€","7,16€ / KG",
Salteado Rústico,BONDUELLE,Emb. 0.4 KG,"2,19€","5,48€ / KG",
Triguilho Biológico,,Emb. 0.5 KG,"1,49€","2,98€ / KG",
Chá Marrocos Mint & Spices,LIPTON,Emb. 20 SAQ.,"1,94€","0,10€ / SAQ.",
Desodorizante Roll-On Biorythm 48H,REXONA,Emb. 0.05 LT,"2,39€","47,80€ / LT",
Bolachas Choco Minis,MILKA,Emb. 0.185 KG,"2,49€","13,46€ / KG",
Pensos para calos,HANSAPLAST,Emb. 8 UNID.,"3,46€","0,43€ / UNID.",
FIAMBRE PERNA EXTRA LABEL ROUGE 4 FATIAS,TRADILÈGE,Emb. 0.16 KG,"3,09€","19,31€ / KG",
Vinho Branco Frisante,CASTIÇO,Garrafa 0.75 LT,"2,69€","3,59€ / LT",
Pão de Forma Especial Torradas sem Côdea,BIMBO,Emb. 0.75 KG,"1,74€","2,32€ / KG",
SOBREMESA STRACCIATTELLA,DÉLISSE,Emb. 0.48 KG,"1,75€","3,65€ / KG",
"Molho de Tomate com Manjericão, Orégãos e Alecrim",COMPAL,Frasco 0.5 KG,"1,29€","2,58€ / KG",
Molho Agridoce com Legumes Crocantes,RUSTICA,Frasco 0.4 KG,"1,25€","3,13€ / KG",
Mostarda,RUSTICA,Emb. 0.225 KG,"1,09€","4,84€ / KG",
Vinho Rosé,COMP DO VINHO,Garrafa 0.75 LT,"1,99€","2,65€ / LT",
Recarga Sabonete Líquido Flores Laranjeira,MANAVA,Emb. 0.25 LT,"0,65€","2,60€ / LT",
Escova de Dentes 1.2.3 Shiny Clean Média,ORAL B,Emb. 1 UNID.,"1,64€","1,64€ / UNID.",
Donuts Glace,PANRICO,Emb. 6 UNID.,"3,00€","0,50€ / UNID.",
Chá Limão e Gengibre,LIPTON,Emb. 20 SAQ.,"1,94€","0,10€ / SAQ.",
Pantene Repara & Protege Champô,PANTENE PV,Emb. 0.25 LT,"3,79€","15,16€ / LT",
GALETES DE MILHO C/ SEMENTES DE LINHACA BIO,,Emb. 0.15 KG,"1,29€","8,60€ / KG",
PEDACOS BOVINO/FRANGO/LEGUMES P/ GATO 415G ECO+,ECO+,Emb. 0.415 KG,"0,65€","1,57€ / KG",
Miolo de Amendoim C/ Sal,MARQUE REPERE,Emb. 0.5 KG,"2,99€","5,98€ / KG",
Bolachas de Cacau Recheadas C/ Creme Baunilha,P'TIT DÉLI,Emb. 0.176 KG,"0,99€","5,63€ / KG",
Pantene Cuidado Clássico Champô,PANTENE,Emb. 0.38 KG,"7,13€","18,76€ / KG",
Massa Lasanha,TURINI,Emb. 0.5 KG,"1,49€","2,98€ / KG",
LEGUMES SALTEADOS WOK INDIANO,NOTRE JARDIN,Emb. 1 KG,"3,25€","3,25€ / KG",
Destop Turbo Gel,DESTOP,Emb. 1   UNID.,"6,74€","6,74€ /   UNID.",
Vinho Regional Alentejano Branco,LOIOS,Garrafa 0.75 LT,"2,99€","3,99€ / LT",
FILETES DE PESCADA,PÊCHE OCÉAN,Emb. 0.4 KG,"3,49€","8,73€ / KG",
Néctar Light Tropical Cenoura,JAFADEN,Emb. 1 LT,"0,89€","0,89€ / LT",
Café Delta Em Grão Torrado Chávena,DELTA,Emb. 0.25 KG,"2,29€","9,16€ / KG",
Máscara Multiusos Óleo Extraordinário Óleo de Coco,L'ORÉAL PARIS,Emb. 0.3 LT,"4,19€","13,97€ / LT",
Cápsulas Café Colombia P/ Dolce Gusto Intensidade 7,DOLCE GUSTO,Emb. 12 CAPS.,"4,58€","0,38€ / CAPS.",
Detergente para a Máquina da Loiça de Limão,SUN,Emb. 90 DOSES,"12,34€","0,14€ / DOSES",
PURE MACA/ANANAS/ACEROLA SEM ADICAO ACUCAR BISNAGA,DOUCEUR DU VERGER,Emb. 0.48 KG,"2,49€","5,19€ / KG",
FIAMBRE PERNA EXTRA C/ COURATO 4 FATIAS,TRADILÈGE,Emb. 0.16 KG,"2,59€","16,19€ / KG",
Conserva de Tomate Triturado,TURINI,Lata 0.78 KG,"0,89€","1,14€ / KG",
Tablete de Chocolate C/ Amendoim,NESTLÉ,Emb. 0.09 KG,"1,09€","12,11€ / KG",
Cerveja sem Álcool 6x33CL,SUPER BOCK,Emb. 1.98 LT,"4,49€","2,27€ / LT",
"LASANHA A BOLONHESA COM AZEITE VIRGEM EXTRA (1,7%)",CÔTÉ TABLE,Emb. 0.35 KG,"2,19€","6,26€ / KG",
Azeite Virgem Extra Reserva,GALLO,Garrafa 0.75 LT,"4,79€","6,39€ / LT",
Broa de Avintes,,1 Unid. = 0.9 KG (aprox.),"2,99€/kg","2,69€ / Unid.",
Cajus Torrados C/ Sal,TOKAPI,Emb. 0.4 KG,"6,99€","17,48€ / KG",
Pão Tostado Integral,EPI D'OR,Emb. 0.2 KG,"0,95€","4,75€ / KG",
Iogurte Bifidus Líquido Lima Limão 0% 4 Unid.,DANONE,Emb. 0.62 KG,"1,99€","3,21€ / KG",
Vinho Branco Frutado,FAISÃO,Garrafa 0.75 LT,"1,83€","2,44€ / LT",
Cereais Special K Frutos Vermelhos,KELLOGG'S,Emb. 0.3 KG,"2,59€","8,63€ / KG",
Bolachas Cobertas com Chocolate Branco,OREO,Emb. 0.246 KG,"2,99€","12,15€ / KG",
Café Cápsulas Qonvictus Intensidade 5,DELTA,Emb. 10 CAPS.,"2,99€","0,30€ / CAPS.",
Difusor Elétrico 3 Volution sem Recarga,AMBIPUR,Emb. 1 UNID.,"1,59€","1,59€ / UNID.",
Moscatel,FAVAIOS,Garrafa 0.75 LT,"5,59€","7,45€ / LT",
Fatias Clássicas de Frango,CAMPOFRIO,Emb. 0.09 KG,"1,29€","14,33€ / KG",
Barras Cereais Crunchy Caramel 6 Unid.,,Emb. 0.141 KG,"2,33€","16,52€ / KG",
Ervas e Especiarias P/ Bifes,MARGÃO,Emb. 0.08 KG,"1,49€","18,63€ / KG",
Batatas Fritas Artesanais,POM'LISSE,Emb. 0.18 KG,"0,99€","5,50€ / KG",
Chocolate Negro Sobremesas,ECO+,Emb. 0.2 KG,"0,87€","4,35€ / KG",
Sobremesa de Soja Chocolate 4 Unid.,NAT&VIE,Emb. 0.4 KG,"1,49€","3,73€ / KG",
Anis Estrelado,MARGÃO,Emb. 0.025 KG,"3,29€","131,60€ / KG",
Polvo Congelado,,1 Unid. = 2.5 KG (aprox.),"6,96€/kg","17,40€ / Unid.",
CROQUETES GATINHO PREMIUM 450G LYCAT,PLENIMA,Emb. 0.45 KG,"1,59€","3,53€ / KG",
Massa Cotovelinhos,ECO+,Emb. 1 KG,"1,49€","1,49€ / KG",
MAÇÃ AMÊNDOA E CÔCO FRUUT 30G,,Emb. 0.03 KG,"0,99€","33,00€ / KG",
Anti-Mosquitos Elétrico Líquido Pack Duplo Recarga,RAID,Emb. 0.027 LT,"12,56€","465,19€ / LT",
Infusão de Frutos Vermelhos,LIPTON,Emb. 0.032 KG,"0,90€","28,13€ / KG",
Vinagre Balsâmico de Modena,GALLO,Emb. 0.5 LT,"2,99€","5,98€ / LT",
GELATINA PÊSSEGO LIGHT CONDI 2X15G,CONDI,Emb. 0.3 KG,"1,67€","5,57€ / KG",
Tiras Limpiadoras Purificantes,NIVEA,Emb. 6 P,"5,19€","0,87€ / P",
Sementes de Sésamo,MARQUE REPERE,Emb. 0.2 KG,"0,99€","4,95€ / KG",
Sumo 8 Frutos,UM BONGO,Emb. 1 LT,"1,09€","1,09€ / LT",
FRESHMATIC COM RECARGA PURE FLOR DE CEREJEIRA,AIRWICK,Emb. 1 UNID.,"7,19€","7,19€ / UNID.",
Champô 2em1 Leite Amêndoa Extra Suave,MANAVA,Emb. 0.5 LT,"1,99€","3,98€ / LT",
Alcachofra,,1 Unid. = 0.34 KG (aprox.),"6,02€/kg","2,05€ / Unid.",
Sobremesa Gelado Mini Chocolate e Caramelo 6x60ml,MAGNUM,Emb. 0.36 LT,"3,59€","9,97€ / LT",
Vinho Regional Alentejano Tinto,DOM MARTINHO,Garrafa 0.75 LT,"3,89€","5,19€ / LT",
Massa Entrefina,,Emb. 0.5 KG,"0,69€","1,38€ / KG",
Leite Bem Especial S/ Lactose Infantil Meio Gordo,MIMOSA,Emb. 1 LT,"1,58€","1,58€ / LT",
Madalenas Longas Recheadas com Chocolate 8 Unidades,P'TIT DÉLI,Emb. 0.24 KG,"2,19€","9,13€ / KG",
PUDIM +PROTEINA CARAMELO,EHRMANN,Emb. 0.2 KG,"1,79€","8,95€ / KG",
"Refrigerante com Gás Ananás Lata 6x0,33L",SUMOL,Emb. 1.98 LT,"4,39€","2,22€ / LT",
PIZZA BOLOGNA TURINI,TURINI,Emb. 0.4 KG,"2,05€","5,13€ / KG",
PENSOS INCONTINENCIA ANATOMICOS X 20 + 2 CUECAS DE MALHA,CHORYS,Emb. 20 UNID.,"8,49€","0,42€ / UNID.",
Farinha de Trigo Biológica,,Emb. 1 KG,"1,19€","1,19€ / KG",
BOLACHAS C/ PEPITAS CHOC PRETO E QUINOA BIO,,Emb. 0.16 KG,"1,89€","11,81€ / KG",
Vinagre Vinho Branco,GALLO,Garrafa 0.25 LT,"1,09€","4,36€ / LT",
PATE RICO SALMAO P/ GATO BIO CV 100G PLENIMA,PLENIMA,Emb. 0.1 KG,"0,75€","7,50€ / KG",
Snack Pera Rocha FRUUT - 20 Gramas,,Emb. 0.02 KG,"0,85€","42,50€ / KG",
Queijo Ricotta,SANTA LUCIA,Emb. 0.25 KG,"1,99€","7,96€ / KG",
Queijo Amanteigado de Lamego,PAIVA,1 Unid. = 0.7 KG (aprox.),"9,99€/kg","6,99€ / Unid.",
A+ARIEL OPTIMAL LIQ 4X2.8L/56SC/PT,A+,,"8,99€",/ Unid.,
Cogumelo Portobello,,0.2 UN (aprox.),"2,29€","11,45€ / UN",
Madalenas em Concha,P'TIT DÉLI,Emb. 0.5 KG,"1,99€","3,98€ / KG",
Doseador Delicious Sweet Taste,CANDEREL,Emb. 1 P,"1,49€","1,49€ / P",
Vinho Regional Alentejano Branco,GALITOS,Bag in Box 5 LT,"8,99€","1,80€ / LT",
Cápsulas Café Espresso P/ Dolce Gusto Intensidade 11,STARBUCKS,Emb. 12 CAPS.,"4,58€","0,38€ / CAPS.",
MINI BISCOITOS COM COBERTURA DE CHOCOLATE DE LEITE,P'TIT DÉLI,Emb. 0.16 KG,"1,57€","9,81€ / KG",
Fraldas Bebé Dry Fit Advanced T6 16-30Kg,CHICCO,Emb. 14 UNID.,"7,99€","0,57€ / UNID.",
MASCARA CABELOS ARGAO/JASMIM ING.NATURAIS 300ML,NATEIS,Emb. 0.3 LT,"1,34€","4,47€ / LT",
Snack Chipz Maçã Canela FRUUT,,Emb. 0.02 KG,"0,99€","49,50€ / KG",
Queijo Curado Mistura Serra da Vila,SALOIO,1 Unid. = 0.19 KG (aprox.),"8,29€/kg","1,58€ / Unid.",
Cerveja sem Álcool Preta 6x33cl,CHEERS,Emb. 0.33 LT,"3,59€","10,88€ / LT",
Máquinas de Barbear Descartáves Sensor 3 Comfort,GILLETTE,Emb. 5,"7,49€","1,50€ /",
Papel Higiénico 2 Folhas Original,SCOTTEX,Emb. 32 ROLOS,"8,09€","0,25€ / ROLOS",
Queijo Amanteigado A Queijeira,LACTIMAF,1 Unid. = 1.15 KG (aprox.),"10,99€/kg","12,64€ / Unid.",
Água Micelar Formato Viagem Simple,,Emb. 0.05 LT,"2,59€","51,80€ / LT",
SABONETE VEGETAL C/LEITE DE BURRA BIO,BIONAÏA,Emb. 0.1 KG,"1,55€","15,50€ / KG",
Neoblanc Gentil Higiene Lixívia,NEO BLANC,Emb. 2 LT,"4,42€","2,21€ / LT",
Azeite Virgem Extra Dop,ROSMANINHO,Garrafão 5 LT,"24,79€","4,96€ / LT",
Bolachas Cobertas de Chocolate de Leite,P'TIT DÉLI,Emb. 0.2 KG,"1,15€","5,75€ / KG",
Conserva de Azeitona Preta Inteira,RUSTICA,Frasco 0.36 KG,"1,29€","3,58€ / KG",
Sangria,FESTALIE,Emb. 3 LT,"4,99€","1,66€ / LT",
"AGUA FRIZE,,6x25CL",FRIZE,,"2,69€",/ Unid.,
Caldo de Legumes,KNORR,Emb. 0.088 KG,"1,39€","15,80€ / KG",
Café Solúvel Clássico Frasco,NESCAFÉ,Frasco 0.1 KG,"3,99€","39,90€ / KG",
PURE MACA/ALPERCE SEM ADICAO ACUCAR BIO +4M,,Emb. 0.4 KG,"2,09€","5,23€ / KG",
Vinho do Porto Velhotes White,CALEM,Garrafa 0.75 LT,"4,99€","6,65€ / LT",
Frango para Churrasco Embalado,,Emb. 0.9 KG (aprox.),"3,49€/kg","3,14€ / Unid.",
Banana Frita às Rodelas,MARQUE REPERE,Emb. 0.2 KG,"1,59€","7,95€ / KG",
Nuggets de Frango 18 Unid.,CAPITÃO IGLO,Emb. 0.375 KG,"6,90€","18,40€ / KG",
Galettes de Legumes Grelhados,BONDUELLE,Emb. 0.3 KG,"3,16€","10,53€ / KG",
GELADO MENTA C/ PEDACOS CHOCOLATE,ESKISS,Emb. 1 LT,"1,99€","1,99€ / LT",
Bolachas Cookies Pepitas de Chocolate,CHIPS AHOY,Emb. 0.128 KG,"1,89€","14,77€ / KG",
BALDE PLASTICO REDONDO 12L + ESPREMEDOR,,Emb. 1 UNID.,"3,19€","3,19€ / UNID.",
Queijo Raclette Fatiado,LES CROISÉS,Emb. 0.4 KG,"3,99€","9,98€ / KG",
Rolo Cozinha Compacto,MARQUE REPERE,Emb. 2 UNID.,"1,19€","0,60€ / UNID.",
Creme de Camembert,PRÉSIDENT,Emb. 0.125 KG,"2,19€","17,52€ / KG",
Toalhitas Sensitive Recarga,DODOT,Emb. 216 UNID.,"7,99€","0,04€ / UNID.",
Biscoitos Multi Cereais,P'TIT DÉLI,Emb. 0.4 KG,"2,09€","5,23€ / KG",
Massa Laços,MILANEZA,Emb. 0.5 KG,"1,69€","3,38€ / KG",
QUEIJO FRESCO FRAMBOESA,DÉLISSE,Emb. 0.5 KG,"1,89€","3,78€ / KG",
Whisky Blended,SHIP CHANDLER,Emb. 0.07 L,"7,99€","114,14€ / L",
Salsichão de Cervelas de Porco,TRADILÈGE,Emb. 0.3 KG,"2,49€","8,30€ / KG",
Snack Húmido P/ Gato Party Mix Cheezy Mix,FELIX,Emb. 0.06 KG,"1,39€","23,17€ / KG",
Tostas com Baixo teor de Sal 36Unid.,EPI D'OR,Emb. 0.3 KG,"1,29€","4,30€ / KG",
Limão Cal. 2/3,,1 Unid. = 0.16 KG (aprox.),"1,99€/kg","0,32€ / Unid.",
Infusão Chá Menta Bio,,Emb. 1 LT,"1,39€","1,39€ / LT",
Snacks Húmidos P/ Gato Esterilizado 2 de Frango e 2 de Vaca,PURINA,Emb. 0.34 KG,"3,49€","10,26€ / KG",
Pantene Purifica & Reconstrói Máscara 160 ml,,Emb. 0.16 LT,"4,49€","28,06€ / LT",
GOMAS TIJOLOS BRANCOS,COPAÍNS COPINES,Emb. 0.2,"0,99€","4,95€ /",
Desodorizante Deo Invisible,DOVE,Emb. 0.05 LT,"2,69€","53,80€ / LT",
Massa Cotovelinhos,TURINI,Emb. 0.5 KG,"0,89€","1,78€ / KG",
Bolachas com Creme Nocilla e Cereais,CUÉTARA,Emb. 0.175 KG,"2,14€","12,23€ / KG",
Cereais Flocos C/ Mel,NESTUM,Emb. 0.3 KG,"2,29€","7,63€ / KG",
PEDACOS ATUM/SALMAO LEGUMES P/ GATO  410G,ECO+,Emb. 0.415 KG,"0,59€","1,42€ / KG",
Vinho Tinto,M.J.FREITAS,Bag in Box 5 LT,"7,99€","1,60€ / LT",
Óleo Virgem de Coco Biológico,,Emb. 0.2 LT,"2,99€","14,95€ / LT",
Cerveja com Álcool 24x33cl,SUPER BOCK,Emb. 7.92 LT,"28,56€","3,61€ / LT",
Entrecosto de Porco Preto,,1 Unid. = 0.5 KG (aprox.),"4,99€/kg","2,50€ / Unid.",
Refrigerante C/ Gás Laranja S/ Adição Açúcar,FANTA,Garrafa 1.5 LT,"1,00€","0,67€ / LT",
Iogurte Sólido Magro Natural 6 Unid.,LONGA VIDA,Emb. 0.12 KG,"2,09€","17,42€ / KG",
Conjunto Lápis de Cor,ESQUISSE,,"3,99€",/ Unid.,
Alimento Húmido P/ Gato C/ Coelho,GOURMET GOLD,Emb. 0.085 KG,"0,75€","8,82€ / KG",
Máscara Repara & Fortalece Capilar com Biotina,TRESEMMÉ,Emb. 0.3 LT,"5,39€","17,97€ / LT",
Nuggets de Frango 10 Unid.,CAPITÃO IGLO,Emb. 0.208 KG,"3,49€","16,78€ / KG",
Néctar de Tutti Frutti Clássico 3 Unid.,JAFADEN,Emb. 0.6 LT,"0,79€","1,32€ / LT",
Desodorizante Dove Roll-On Fresh Touch,DOVE,Emb. 0.05 LT,"2,69€","53,80€ / LT",
Mirtilo,,Emb. 0.125 KG,"1,99€","15,92€ / KG",
Queijo Fatiado Flamengo,LIMIANO,Emb. 0.2 KG,"2,35€","11,75€ / KG",
Gelado de Chocolate Branco e Amêndoas Pack 4,MAGNUM,Emb. 0.44 LT,"2,99€","6,80€ / LT",
Iogurte Mix-in Kit Kat 2x115g,NESTLÉ,Emb. 0.23 KG,"2,09€","9,09€ / KG",
BATATAS FRITAS NO FORNO C/ OLEO GIRASSOL BIO,,Emb. 0.6 KG,"1,99€","3,32€ / KG",
PALMIERS COM RASPA LIMAO,P'TIT DÉLI,Emb. 0.1 KG,"0,89€","8,90€ / KG",
Chá de Hortelã Pimenta e Poejo,,Emb. 25 SAQ.,"0,79€","0,03€ / SAQ.",
Espanador Pack,PRONTO,Emb. 1 P,"3,88€","3,88€ / P",
MISTURA DE FRUTOS TROPICAL EM CALDA 4/4,DOUCEUR DU VERGER,Emb. 0.825 KG,"2,99€","3,62€ / KG",
Alimento Húmido P/ Gato C/ Carne de Vaca e Legumes,FRISKIES,Emb. 0.4 KG,"0,99€","2,48€ / KG",
Café Solúvel Galão em Saquetas,NESCAFÉ,Emb. 8 UNID.,"2,08€","0,26€ / UNID.",
Iogurte Aroma Banana 4x120g,CLESA,Emb. 0.5 KG,"0,89€","1,78€ / KG",
Strogonoff,KNORR,Emb. 0.033 KG,"0,84€","25,45€ / KG",
Toalhitas Viagem,MOTS D'ENFANTS,Emb. 24 UNID.,"0,43€","0,02€ / UNID.",
ESPARREGADO DE ESPINAFRES,CÔTÉ TABLE,Emb. 0.35 KG,"1,19€","3,40€ / KG",
GEL ALOE VERA BIO 200ML,BIONAÏA,Emb. 0.2 LT,"2,99€","14,95€ / LT",
Lava Tudo Brilhante Universal,SONASOL,Emb. 1.1 LT,"2,79€","2,54€ / LT",
Vinho Regional Tejo Branco,LEZÍRIA,Garrafa 0.75 LT,"1,38€","1,84€ / LT",
COLORACAO PRETO 1.0 1UN VITANOVE,VITANOVE,Emb. 1,"3,89€","3,89€ /",
Cuecas Incontinência Discreet M,AUSONIA,Emb. 9 UNID.,"7,49€","0,83€ / UNID.",
Champô Elvive Total Repair 5,L'ORÉAL PARIS,Emb. 0.4 LT,"3,59€","8,98€ / LT",
Body Lotion Duche Pele Normal e Seca,NIVEA,Emb. 0.25 LT,"8,18€","32,72€ / LT",
Madalenas sem Glúten,CHAQUE JOUR SANS GLUTEN,Emb. 0.18 KG,"2,55€","14,17€ / KG",
Gelatina Frutos Vermelhos Light 2x15g,CONDI,Emb. 0.03 KG,"1,44€","48,00€ / KG",
Caramelos Werther's Original Storck Creme 135g,JERONIMO MARTINS,Emb. 0.135 KG,"2,73€","20,22€ / KG",
Creme Repara & Cuida Intensivo para Pele Extra Seca,NIVEA BODY,Emb. 0.3 LT,"6,89€","22,97€ / LT",
Côco Seco,,1 Unid. = 0.48 KG (aprox.),"2,99€/kg","1,44€ / Unid.",
Creme de Banho Care & Roses,NIVEA,Emb. 0.75 LT,"8,49€","11,32€ / LT",
Gelado Coco Choco Parfait Les Dessertss,CARTE D'OR,Emb. 0.9 LT,"3,29€","3,66€ / LT",
Tablete de Chocolate Bolacha,MILKA,Emb. 0.3 KG,"4,06€","13,53€ / KG",
Limonada com Açúcar de Cana Biológica,,Garrafa 1 LT,"1,99€","1,99€ / LT",
SUN Tabs Classic Limão,,Emb. 32 DOSES,"3,49€","0,11€ / DOSES",
Conserva de Polvo com Alho,PITEU,Emb. 0.12 KG,"1,89€","15,75€ / KG",
Vinho do Porto Fundador Tawny,COMPANHIA VELHA,Emb. 0.75 LT,"5,49€","7,32€ / LT",
Massa Farfalle Biológica,,Emb. 0.5 KG,"1,29€","2,58€ / KG",
After Shave Splash Cool Wave,GILLETTE,Emb. 0.1 LT,"6,92€","69,20€ / LT",
Picanha de Novilho,,1 Unid. = 2 KG (aprox.),"19,99€/kg","39,98€ / Unid.",
Vela Fragrância de Baunilha,AIR WICK,Emb. 0.32 KG,"2,84€","8,88€ / KG",
Massa Pevide Clássica,NACIONAL,Emb. 0.25 KG,"0,72€","2,88€ / KG",
Refrigerante sem Gás Maçã,JOI,Garrafa 1.5 LT,"1,04€","0,69€ / LT",
Café Torrado Moído África e Ásia Intensidade 11,SICAL,Emb. 0.25 LT,"3,49€","13,96€ / LT",
Fraldas Bebé Ultra Confort Junior n5 11/25KG,MOTS D'ENFANTS,Emb. 136 UNID.,"26,84€","0,20€ / UNID.",
Café Moído Torrado Intensidade 12,BUONDI,Emb. 0.2 KG,"2,58€","12,90€ / KG",
Café Cápsulas Cioccolato,PLANTATION,Emb. 16 CAPS.,"2,44€","0,15€ / CAPS.",
"AGUA MICEL OLEO,OLH SENSI,400ML",GARNIER,,"5,89€",/ Unid.,
Spray Elimina Odores de Roupa Extra,FEBREZE,Emb. 0.5 LT,"3,99€","7,98€ / LT",
Filetes Harengs Fumés,RONDE DES MERS,Emb. 0.2 KG,"2,49€","12,45€ / KG",
Desodorizante Roll-on Dermacare,VASELINE,Emb. 0.05 LT,"2,09€","41,80€ / LT",
Espetadas de Peru,,1 Unid. = 0.6 KG (aprox.),"7,49€/kg","4,49€ / Unid.",
"Gelado ""Tyrolia"" Caramelo",ESKISS,Emb. 0.65 LT,"2,15€","3,31€ / LT",
Bolachas Digestivas Aveia,VIEIRA,Emb. 0.258 KG,"2,29€","8,88€ / KG",
Licor Bailey´s,BAILEY'S,Garrafa 0.7 LT,"13,59€","19,41€ / LT",
Tablete Excellence 99% Cacau,LINDT,Emb. 0.05 KG,"3,59€","71,80€ / KG",
Pasta Arquivo com Elástico com 12 Divisórias,ESQUISSE,Emb. 1 UNID.,"2,50€","2,50€ / UNID.",
Caras de Bacalhau,,1 Unid. = 0.5 KG (aprox.),"5,99€/kg","3,00€ / Unid.",
Mousse Caramelo 4 Unid.,DÉLISSE,Emb. 0.24 KG,"1,85€","7,71€ / KG",
"Alimento Húmido P/ Cão Adulto em Molho de Vaca, Borrego",FRISKIES,Emb. 0.4 KG,"1,94€","4,85€ / KG",
Glicerina Natural,PALMOLIVE,Emb. 0.09 KG,"0,74€","8,22€ / KG",
Spray Tira-Nódoas Multiuso,KH-7,Emb. 0.75 LT,"3,49€","4,65€ / LT",
AMBIENTADOR FRESHMATIC COM RECARGA LIFE SCENTS OÁSIS TURQUESA,AIRWICK,Emb. 1 UNID.,"7,19€","7,19€ / UNID.",
Gel de Banho,DOVE,Emb. 0.5 LT,"2,49€","4,98€ / LT",
Tiras de Bacon Fumados Superior 2x100g,ECO+,Emb. 0.2 KG,"1,49€","7,45€ / KG",
Azeitona Verde,,1 Unid. = 0.1 KG,"3,99€/kg","0,40€ / Unid.",
Nata Levíssima,PARMALAT,Emb. 0.2 LT,"0,84€","4,20€ / LT",
Forma de Vidro Bolo Inglês 30cm,ARDENCE,1 UNID.,"4,20€","4,20€ / UNID.",
Gomas Trio Açucar,COPAÍNS COPINES,Emb. 0.2 KG,"0,99€","4,95€ / KG",
Tablete Chocolate Preto Culinária,TABLETTE D'OR,Emb. 0.2 KG,"1,73€","8,65€ / KG",
Massa Cotovelos Fino,MILANEZA,Emb. 0.5 KG,"1,19€","2,38€ / KG",
Coloração Creme L'Oréal Paris 6.41 Avelã,EXCELLENCE,Emb. 1 UNID.,"7,79€","7,79€ / UNID.",
Bolo de Frutas Fatiado,P'TIT DÉLI,Emb. 0.3,"1,49€","4,97€ /",
Iogurte Líquido Sabor Framboesa 6x180g,DÉLISSE,Emb. 1.08 KG,"1,99€","1,84€ / KG",
Chicória e Café Solúvel,PLANTATION,Emb. 0.25 KG,"2,99€","11,96€ / KG",
Cereais Trigo Tufado C/ Caramelo,P'TIT DÉLI,Emb. 0.4 KG,"1,89€","4,73€ / KG",
Sabonete Líquido Recarga Especial Cozinha,MANAVA,Emb. 0.25 LT,"0,65€","2,60€ / LT",
Pantene Espuma Cabelo ondulado 200ml,PANTENE PV,Emb. 0.2 LT,"3,74€","18,70€ / LT",
Tapete Transparente 50/150cm,,1 UNID.,"4,90€","4,90€ / UNID.",
Tomate Triturado da Horta,COMPAL,Emb. 0.5 LT,"1,29€","2,58€ / LT",
Milho Doce Embalado,,1 Unid. = 0.4 KG  (aprox.),"1,99€/kg","0,80€ / Unid.",
Massa Meada Fina,MILANEZA,Emb. 0.5 KG,"1,04€","2,08€ / KG",
Paio do Lombo,CHARCUTARIA,1 Unid. = 0.1 KG (aprox.),"11,79€/kg","1,18€ / Unid.",
Sardinha em Óleo Picante,BOM PETISCO,Emb. 0.12 KG,"0,99€","8,25€ / KG",
Queijo Apimentado Fonte da Mourisca,LACTO SERRA,1 Unid. = 0.8 KG (aprox.),"9,99€/kg","7,99€ / Unid.",
Lixívia Tradicional 2 L,NEOBLANC,Emb. 2 LT,"1,64€","0,82€ / LT",
Spray Limpeza 2em1 Cozinha e Casa de Banho,CLAIR,Spray 0.75 LT,"1,49€","1,99€ / LT",
Manteiga com Grãos de Sal Pasteurizada,PRÉSIDENT,Emb. 0.25 LT,"3,89€","15,56€ / LT",
MOEDAS CHOCOLATE LEITE,COPAÍNS COPINES,Emb. 0.1 KG,"0,99€","9,90€ / KG",
Lava Tudo Marinho,CIF,Emb. 1.4 LT,"1,99€","1,42€ / LT",
Refrigerante C/ Gás Ananás,ECO+,Emb. 2 LT,"0,79€","0,40€ / LT",
"Pilhas Alcalinas LR20/D 1,5V",FOXTER,Emb. 2 UNID.,"3,84€","1,92€ / UNID.",
Broa de Milho com Chouriço,,1 Unid. = 0.5 KG (aprox.),"3,49€/kg","1,75€ / Unid.",
Cereais Golden Grahams,NESTLÉ,Emb. 0.375 KG,"2,53€","6,75€ / KG",
Fraldas Incontinência Super M,LINDOR,Emb. 52 UNID.,"24,92€","0,48€ / UNID.",
WC Brisa Marinha,NEO BLANC,Emb. 1 UNID.,"2,24€","2,24€ / UNID.",
Couscous sem Glúten,CHAQUE JOUR,Emb. 0.375 KG,"2,49€","6,64€ / KG",
Bolo de Cacau,P'TIT DÉLI,Emb. 0.42 KG,"2,79€","6,64€ / KG",
Spray Anti-calcário Perfect,CIF,Emb. 0.435 LT,"2,49€","5,72€ / LT",
Batatas Fritas Light,LAY'S,Emb. 0.14 KG,"1,89€","13,50€ / KG",
Amêndoa Caramelizada,,Emb. 0.25 KG,"3,99€","15,96€ / KG",
TARTE DE LIMAO,P'TIT DÉLI,Emb. 0.3 KG,"2,79€","9,30€ / KG",
Queijo Pointe de Brie,ECO+,Emb. 0.2 KG,"1,29€","6,45€ / KG",
Alface Roxa,,1 Unid. = 0.4 KG (aprox.),"2,69€/kg","1,08€ / Unid.",
Pensos Higiénicos Salvaslips em Bolsas,EVAX,Emb. 28 UNID.,"1,34€","0,05€ / UNID.",
Café Descafeinado Pastilhas,PLANTATION,Emb. 36 UNID.,"3,48€","0,10€ / UNID.",
Salada Iceberg,,Emb. 0.25 KG,"1,39€","5,56€ / KG",
Recarga Sabonete Líquido Amêndoas,MANAVA,Emb. 0.25 LT,"0,65€","2,60€ / LT",
Massa Cannelloni,MILANEZA,Emb. 0.25 KG,"1,65€","6,60€ / KG",
Conjunto Corretores de Fita,ESQUISSE,Emb. 2 UNID.,"1,99€","1,00€ / UNID.",
Alimento P/ Gato C/ Espirulina de Frango,PURINA,Emb. 1.4 KG,"6,69€","4,78€ / KG",
Cápsulas Infusão de Camomila e Pêssego Tetley,DELTA,Emb. 10 UNID.,"3,65€","0,37€ / UNID.",
Sorvete de Manga,TROFIC,,"1,79€",/ Unid.,
Escova de Dentes Macia Média Junior,DENTAMYL,,"0,75€",/ Unid.,
Queijo Fundido 24 Porções,A VACA QUE RI,Emb. 0.4 KG,"3,89€","9,73€ / KG",
Exfoliante Facial,INELL,Emb. 0.075 LT,"1,19€","15,87€ / LT",
Conserva de Sardinha em Tomate,PÊCHE OCÉAN,Emb. 0.12 KG,"0,99€","8,25€ / KG",
Lasanha Bolonhesa à Ultracongelada,CÔTÉ TABLE,Emb. 0.6 KG,"2,49€","4,15€ / KG",
Gelado Feast Pack 4,OLÁ,Emb. 0.36 LT,"2,99€","8,31€ / LT",
Pipocas Coloridas,TOKAPI,Emb. 0.1 KG,"0,57€","5,70€ / KG",
Bolacha Redonda Recheio Chocolate,P'TIT DÉLI,Emb. 0.3 KG,"1,39€","4,63€ / KG",
Biscoito de Ovos Frescos,ECO+,Emb. 0.4 KG,"1,69€","4,23€ / KG",
LENCOS DE PAPEL BRANCOS KIDS 3 FOLHAS  60UN CARESSE,CARESSE,Emb. 60 UNID.,"1,19€","0,02€ / UNID.",
Snacks Tex-Mex,DORITOS,Emb. 0.12 KG,"1,65€","13,75€ / KG",
Bolachas Ligera sem Açúcares Adicionados e sem Sal,GULLÓN,Emb. 0.2 KG,"1,58€","7,90€ / KG",
Desodorizante Perfumado Roupa,TEXIL,Spray 0.5 LT,"1,85€","3,70€ / LT",
GEL MAQUINA LOICA CONCENTRADO LIMAO TUDO EM 1 ECOLOGICO 685ML 685ML UNI VERT,UNÍ VERT,Emb. 0.685 LT,"3,86€","5,64€ / LT",
Conserva de Sardinha Molho de Tomate,PÊCHE OCÉAN,Emb. 0.12 KG,"0,99€","8,25€ / KG",
Gelatina Light Sabor a Ananás,TABLIER BLANC,Emb. 0.031 KG,"0,79€","25,48€ / KG",
Vaseline,VASELINE,Emb. 0.05 LT,"1,49€","29,80€ / LT",
Bechamel,PARMALAT,Emb. 0.2 KG,"1,00€","5,00€ / KG",
Vodka Blue,ABSOLUT,Garrafa 0.7 LT,"17,95€","25,64€ / LT",
Conserva de Filete Cavala,PITEU,Emb. 0.12 KG,"1,69€","14,08€ / KG",
Rolo de Cozinha Extra XXL,RENOVA,Emb. 1 ROLO,"1,09€","1,09€ / ROLO",
PESSEGO EM CALDA,DOUCEUR DU VERGER,Emb. 0.82 KG,"2,25€","2,74€ / KG",
Batido de Leite Cacau Mocca,CACAOLAT,Emb. 0.02 LT,"0,99€","49,50€ / LT",
Conserva de Ravioli à Bolonhesa,CÔTÉ TABLE,Lata 0.8 KG,"2,99€","3,74€ / KG",
Condicionador Cabelo Diamante Força Extrema,TRESEMMÉ,Emb. 0.675 LT,"8,90€","13,19€ / LT",
Massa Pérolas,MILANEZA,Emb. 0.25 KG,"0,59€","2,36€ / KG",
Batata Noisettes,POM'LISSE,Emb. 1 KG,"1,59€","1,59€ / KG",
Puré de Tomate Duplo Concentrado,TURINI,Emb. 0.2 KG,"1,05€","5,25€ / KG",
Lava Tudo Multi Superfícies Limão,CLAIR,Emb. 1.5 LT,"1,42€","0,95€ / LT",
Esfregão Salva Unhas Comfort,SCOTCH BRITE,Emb. 2 UNID.,"1,49€","0,75€ / UNID.",
B&J Strawb CheeseCake 465ml,,Emb. 0.465 LT,"6,78€","14,58€ / LT",
Snickers Pack 3x50 g,SNICKERS,Emb. 0.15 KG,"2,39€","15,93€ / KG",
Vinho Regional Península de Setúbal Tinto,JP,Garrafa 0.75 LT,"2,19€","2,92€ / LT",
DESODORIZANTE SPRAY ICE BOOST MEN 200ML,CARRÉ HOMME,Emb. 0.2 LT,"1,19€","5,95€ / LT",
Farinheira Regional - PDTO Lamego,SNR,Emb. 0.16 KG,"1,30€","8,13€ / KG",
Bacalhau com Natas 380g Pascoal (Cx 6uni),PASCOAL,Emb. 0.38,"3,99€","10,50€ /",
BOLACHAS VITALDAY CROCANTES ORIGINAIS 265G,GULLÓN,Emb. 0.265 KG,"2,29€","8,64€ / KG",
Tablete Chocolate Fruit & Nut Dairy Milk,CADBURY,Emb. 0.11 KG,"2,37€","21,55€ / KG",
Croissant Tipo Francês,,1 UNID.,"0,38€","0,38€ / UNID.",
GEL DE LIMPEZA 3 EM 1 (ROSTO CABELO E BARBA),CARRÉ HOMME,Emb. 0.2 LT,"2,99€","14,95€ / LT",
"OIKOS MARACUJA 110G X4,,440G",OIKOS,Emb. 0.44 KG,"2,39€","5,43€ / KG",
Néctar Clássico 100% Laranja,COMPAL,Emb. 1 LT,"1,35€","1,35€ / LT",
Miolo Amêndoa Granulada,MARQUE REPERE,Emb. 0.15 KG,"2,75€","18,33€ / KG",
Balde de Lixo 45L,,1 UNID.,"10,90€","10,90€ / UNID.",
Conserva de Atum com Piri-piri,RAMIREZ,Emb. 0.12 KG,"1,34€","11,17€ / KG",
Recarga Sabonete Líquido Leite/Mel,MANAVA,Emb. 0.25 LT,"0,65€","2,60€ / LT",
Condicionador para Cabelo Encaracolado,TRESEMMÉ,Emb. 0.5 LT,"4,19€","8,38€ / LT",
Creme Fixativo para Próteses Dentárias,POLIDENT,Emb. 0.07 KG,"7,39€","105,57€ / KG",
Especiarias Mistura de 5 Pimentas,RUSTICA,Frasco 0.043 KG,"1,69€","39,30€ / KG",
Bebida Energética Energy Drink,RED BULL,Lata 0.25 LT,"0,99€","3,96€ / LT",
Molho de Alho,CALVÉ,Frasco 0.25 KG,"2,46€","9,84€ / KG",
Tablete Chocolate Cacau 85%,LACASA,Emb. 0.1 g,"1,64€","16,40€ / g",
Óleo Alimentar,FULA,Garrafa 1 LT,"2,69€","2,69€ / LT",
Pantene Cuidado Clássico Champô 3 Em 1,PANTENE PV,Emb. 0.3 LT,"3,87€","12,90€ / LT",
Óleo de Duche Natural,NIVEA,Emb. 0.2 LT,"3,99€","19,95€ / LT",
Sobremesa de Soja C/ Caramelo,NAT&VIE,Emb. 0.4 KG,"1,49€","3,73€ / KG",
Azeite Virgem Extra Suave,GALLO,Garrafa 0.75 LT,"4,49€","5,99€ / LT",
SNACK BACON,TOKAPI,Emb. 0.065 KG,"0,66€","10,15€ / KG",
Refrigerante C/ Gás Lima-Limão,SPRINK'S,Garrafa 1 LT,"0,89€","0,89€ / LT",
Frango do Campo Inteiro,,1 Unid. = 2.8 KG (aprox.),"1,68€/kg","4,70€ / Unid.",
MINI BOLOS DE CHOCOLATE COM PEPITAS E COBERTURA DE CHOCOLATE,P'TIT DÉLI,Emb. 0.21 KG,"2,09€","9,95€ / KG",
Pao Forma Sem Codea Economico,PANRICO,Emb. 0.45 KG,"2,09€","4,64€ / KG",
Presunto Aperitivo,DAMATTA,Emb. 0.3 KG,"4,54€","15,13€ / KG",
Gel de Banho Hidratante Baby Sensitive,BABY DOVE,Emb. 0.2 LT,"1,79€","8,95€ / LT",
Caldo para Massas,KNORR,Emb. 0.08 KG,"1,39€","17,38€ / KG",
Vagens de Baunilha,TABLIER BLANC,Emb. 2 UNID.,"4,99€","2,50€ / UNID.",
Amaciador Cabelos Frágeis,ELVIVE,Emb. 0.2 LT,"3,95€","19,75€ / LT",
Tampa Universal Inox 12/16cm,ARDENCE,1 UNID.,"1,95€","1,95€ / UNID.",
Syoss Oieo Intense 5-92 Vermelho Intenso,SYOSS,,"6,24€",/ Unid.,
Refeição Arroz de Tomate e frango,BLÉDINA,Emb. 0.2 KG,"1,99€","9,95€ / KG",
Batatas Fritas Caseiras Rodelas,SNR,Emb. 0.18 KG,"0,89€","4,94€ / KG",
NATAS FRESCAS,DÉLISSE,Emb. 0.2 KG,"1,19€","5,95€ / KG",
Pão Thins 8 Cereais 6 Unidades,BIMBO,Emb. 0.31 KG,"2,29€","7,39€ / KG",
Gelado Cheesecake com Caramelo Salgado,CARTE D'OR,Emb. 0.9 LT,"3,29€","3,66€ / LT",
Máscara Alonga e Define Extra Super Lash,RIMMEL,Emb. 1 UNID.,"9,89€","9,89€ / UNID.",
ICE TEA MANGA,LIPTON,Emb. 0.5 LT,"0,79€","1,58€ / LT",
MACARRONETE RISCADO,CAÇAROLA,Emb. 0.5 KG,"1,16€","2,32€ / KG",
DETERGENTE LIQUIDO LA E SEDA 25D,EPSIL,Emb. 25 DOSES,"2,79€","0,11€ / DOSES",
Hambúrgueres de Frango 4 Unid. Ultracongelado,PESCANOVA,Emb. 0.3 KG,"3,95€","13,17€ / KG",
Escova a Pilhas Motion Kids Minion Bateria,COLGATE,Emb. 1 UNID.,"6,14€","6,14€ / UNID.",
Pizza Royale Volpone Ultracongelado,TURINI,Emb. 0.57 KG,"2,99€","5,25€ / KG",
Batatas Pré-Fritas em Cubos,POM'LISSE,Emb. 1 KG,"1,49€","1,49€ / KG",
Salpicão Regional do Lombo - PDTO Lamego,,Emb. 0.28 KG,"5,89€","21,04€ / KG",
MINI CHAMPO DE VIAGEM TILIA E MACA 100ML,NATEIS,Emb. 0.1 LT,"1,25€","12,50€ / LT",
CONE CHOCOLATE/PISTACHIO 8UN,ECO+,Emb. 8 UNID.,"2,45€","0,31€ / UNID.",
Vodka Premium 100% Pure,ERISTOFF,Garrafa 0.7 LT,"12,99€","18,56€ / LT",
XAU LIMP MAQ DUOPACK,XAU,Emb. 2 DOSES,"6,99€","3,50€ / DOSES",
AVELA EM PO,TABLIER BLANC,Emb. 0.125 KG,"2,29€","18,32€ / KG",
MARISCADA,ECO+,Emb. 0.7 KG,"4,98€","7,11€ / KG",
LAVA TUDO FRESCURA PURA,CLAIR,Emb. 1.5 LT,"1,89€","1,26€ / LT",
Cerveja com Álcool Stout 6x33cl,SUPER BOCK,Emb. 1.98 LT,"4,49€","2,27€ / LT",
Água Tónica Zero,SPRINK'S,Garrafa 1.5 LT,"1,29€","0,86€ / LT",
Queijo Fundido Light 8 Porções,A VACA QUE RI,Emb. 0.14 KG,"2,09€","14,93€ / KG",
Pimenta Preta Moída,RUSTICA,Frasco 0.04 KG,"0,99€","24,75€ / KG",
Pantene Caracóis Definidos Laca 300ml,PANTENE PV,Emb. 0.3 LT,"3,74€","12,47€ / LT",
Tablete de Chocolate Preto com Recheio de Menta,EQUADOR,Emb. 0.15 KG,"1,55€","10,33€ / KG",
QUEIJO MOZZARELLA FATIAS,QUEIJO NA TÁBUA,Emb. 0.15 KG,"1,49€","9,93€ / KG",
Peito Frango Forno Lenha Fatiado,CAMPOFRIO,Emb. 0.12 KG,"2,69€","22,42€ / KG",
Café Original Moído,BUONDI,Emb. 0.22 KG,"2,58€","11,73€ / KG",
CREME DESCOLORANTE ROSTO/CORPO 2UN,SILISS,Emb. 0.1,"2,99€","29,90€ /",
Manteiga de Bretagne Doux,LES CROISÉS,Emb. 0.25 KG,"2,19€","8,76€ / KG",
Cereais Arroz Tufado Chocolate,,Emb. 0.75 KG,"2,54€","3,39€ / KG",
Massa Letras,TURINI,Emb. 0.25 KG,"0,55€","2,20€ / KG",
Tartelettes Cobertas Morango,ECO+,Emb. 0.2 KG,"0,79€","3,95€ / KG",
Baguete,,1 Unid. = 0.25 KG,"0,49€","1,96€ / KG",
Cracker com Arroz Tufado,DU BOIS DE LA ROCHE,Emb. 0.24 KG,"2,33€","9,71€ / KG",
CHOCOLATE AVELAS E PASSAS,TABLETTE D'OR,Emb. 0.2 KG,"2,10€","10,50€ / KG",
Strudel de Maçã,,Emb. 0.6 KG,"2,49€","4,15€ / KG",
Coloração Creme L'Oréal Paris 4 Castanho,EXCELLENCE,Emb. 1 P,"7,79€","7,79€ / P",
Costeletas Mistas de Porco,,1 Unid. = 0.435 KG (aprox.),"5,49€/kg","2,39€ / Unid.",
COLORACAO LOURO CLARISSIMO 9.0 S/AMONIACO,VITANOVE,Emb. 1 UNID.,"3,89€","3,89€ / UNID.",
Bolachas Maçã,NAT&VIE,Emb. 0.2 KG,"1,79€","8,95€ / KG",
Queijo Creme P/ Barrar C/ Ervas Finas,PHILADELPHIA,Emb. 0.15 KG,"2,19€","14,60€ / KG",
Iogurte Líquido Framboesa Arandos 4x155g,DANONE,Emb. 0.62 KG,"1,69€","2,73€ / KG",
SYOSS OLEO INT. 9-10 LOURO LUMI,SYOSS,,"6,24€",/ Unid.,
Pão de Hambúrguer Mini,EPI D'OR,Emb. 0.25 KG,"1,19€","4,76€ / KG",
Snack P/ Cão Adulto Biscuit,PURINA,Emb. 0.65 KG,"3,99€","6,14€ / KG",
LACA FIXACAO NORMAL STYLING 300ML,VITANOVE,Emb. 0.3 LT,"1,55€","5,17€ / LT",
Spray Impermeabilizador,SPLENDOR,Emb. 0.2 LT,"3,85€","19,25€ / LT",
Bolachas Chips de Chocolate Minis,CHIPS AHOY,Emb. 0.16 KG,"1,99€","12,44€ / KG",
GEL-CREME HIDRATANTE 50ML,INELL,Emb. 0.05 LT,"2,99€","59,80€ / LT",
Iogurte Bifidus Líquido Frutos Silvestres 0% 4 Unid.,DANONE,Emb. 0.62 KG,"1,99€","3,21€ / KG",
Leite com Chocolate 6x25 cl,UCAL,Emb. 1.5 LT,"4,08€","2,72€ / LT",
Fermento de Padeiro,VAHINÉ,Emb. 0.018 KG,"1,31€","72,78€ / KG",
Molho Cocktail Salsa,HEINZ,Emb. 0.22 KG,"2,39€","10,86€ / KG",
Alimento Seco P/ Gato Interior Frango,PURINA FRISKIES,Emb. 1.5 KG,"6,99€","4,66€ / KG",
Camarão Cozido Cal. 40/60,,1 Unid. = 0.19 KG (aprox.),"14,99€/kg","2,85€ / Unid.",
Alimento Húmido Gato Paté Salmão,TOUS MES AMIS,Emb. 0.1 KG,"0,45€","4,50€ / KG",
Puré de Batata em Flocos,MAGGI,Emb. 0.25 KG,"1,85€","7,40€ / KG",
Abrilhantador P/ Máquina da Loiça Limão,FINISH,Emb. 0.8 LT,"7,44€","9,30€ / LT",
Gelatina Light Ananás 2x15g,CONDI,Emb. 0.03 KG,"1,44€","48,00€ / KG",
Cachorrinhos 5 Unid.,,Emb. 5 KG,"3,19€","0,64€ / KG",
GEL BANHO DERMO,ECO+,Emb. 1 LT,"1,29€","1,29€ / LT",
Crackers sem Sal,EPI D'OR,Emb. 0.5 KG,"1,59€","3,18€ / KG",
Tigela Anis Gourmandine 14cm,ARDENCE,1 UNID.,"1,70€","1,70€ / UNID.",
Creme Care Leite de Limpeza do Rosto,NIVEA,Emb. 0.2 LT,"4,94€","24,70€ / LT",
Arroz Vaporizado,COZINHA VELHA,Emb. 1 KG,"1,49€","1,49€ / KG",
PIZZA FRESCA QUEIJO E FIAMBRE FAMILIAR,ECO+,Emb. 0.8 KG,"3,99€","4,99€ / KG",
ELIXIR BOCAL EXPERT 8EM1,DENTAMYL,Emb. 0.5 LT,"1,29€","2,58€ / LT",
Spray de Limpeza e Desengordurante Cozinha Ecológico,UNÍ VERT,Emb. 0.75 LT,"1,29€","1,72€ / LT",
LAVA TUDO AMONIACAL,ECO+,Emb. 5 LT,"1,69€","0,34€ / LT",
Vinho Verde Branco,AVELEDA,Garrafa 0.75 LT,"3,99€","5,32€ / LT",
Massa Fresca em Folhas para Lasanha,TURINI,Emb. 0.35 KG,"1,75€","5,00€ / KG",
Conserva de Ravioli de Vaca com Molho Italiano,CÔTÉ TABLE,Emb. 0.4 KG,"1,49€","3,73€ / KG",
Sais de Fruta Digestivo Original,ENO DIGESTIVO,Emb. 10 UNID.,"5,13€","0,51€ / UNID.",
Vinagre Vinho Branco,CRISTAL,Garrafa 0.5 LT,"0,99€","1,98€ / LT",
TOALHITAS DESMAQ. PELES SECAS E SENSIVEIS BIO,BIONAÏA,Emb. 25 UNID.,"1,99€","0,08€ / UNID.",
Piri-Piri Receita Tradicional,CALVÉ,Emb. 0.05 KG,"2,01€","40,20€ / KG",
Refrigerante sem Gás Limão,FRUTIS,Emb. 1.5 LT,"1,15€","0,77€ / LT",
Bloco de Foie Gras de Pato,PIERRE DE CHAUMEYRAC,Lata 0.2 KG,"8,99€","44,95€ / KG",
Creme Limpeza Pink Flowers,CIF,Emb. 0.7 LT,"2,49€","3,56€ / LT",
Puré de Batata 4x125g,POM'LISSE,Emb. 0.5 KG,"1,79€","3,58€ / KG",
"AGUA FASTIO,6x50CL",FASTIO,,"1,79€",/ Unid.,
Cerveja com Álcool 6x25cl,HEINEKEN,Emb. 1.5 LT,"3,99€","2,66€ / LT",
Merenda Mista,,1 Unid. = 0.1 KG,"0,99€","9,90€ / KG",
Alimento Completo para Canários,AVIPAR,Emb. 0.5 KG,"2,15€","4,30€ / KG",
Preparado em Pó para Bebida de Cacau Biológico,,Emb. 0.5 KG,"3,59€","7,18€ / KG",
Batatas Fritas Lisas,ECO+,Emb. 0.2 KG,"1,09€","5,45€ / KG",
Compota de Maçã 8x100g,DOUCEUR DU VERGER,Emb. 0.8 KG,"1,99€","2,49€ / KG",
Bacalhau Posta,,Emb. 0.75 KG,"8,99€","11,99€ / KG",
MADALENAS CONCHAS CARAMELO,NOS RÉGIONS ONT DU TALENT,Emb. 0.33 KG,"2,89€","8,76€ / KG",
Laca Elnett Latin Fixação Forte,L'ORÉAL PARIS,Spray 0.3 LT,"4,49€","14,97€ / LT",
Areia Branca Aromatizada para Aves,AVIPAR,Emb. 1 KG,"0,79€","0,79€ / KG",
Chá de Cidreira,LIPTON,Emb. 20 SAQ.,"1,20€","0,06€ / SAQ.",
Alimento Seco P/ Gato Carne Vaca Frango Legumes,PURINA FRISKIES,Emb. 4 KG,"9,59€","2,40€ / KG",
Paté Cabeça de Porco C/ Salsa.,TRADILÈGE,Emb. 0.18 KG,"1,89€","10,50€ / KG",
Pacotinho de Frutas Banana Maçã S/ Glúten +4 meses,NESTLÉ BEBÉ,Emb. 0.09 KG,"0,69€","7,67€ / KG",
Pão Rústico,,1 Unid. = 0.4 KG (aprox.),"1,19€/kg","0,48€ / Unid.",
Tremoços,,1 Unid. = 0.1 KG (aprox.),"3,99€/kg","0,40€ / Unid.",
Café Torrado Moído Nyeri Kenya Intensidade 8,SICAL,Emb. 16 UNID.,"3,14€","0,20€ / UNID.",
Manteiga S/ Sal,MIMOSA,Emb. 0.25 KG,"2,39€","9,56€ / KG",
GELATINA MORANGO LIGHT CONDI 2X15G,CONDI,Emb. 0.3 KG,"1,44€","4,80€ / KG",
Ice Tea Pêssego 2x2lt,LIPTON,Emb. 4 LT,"4,99€","1,25€ / LT",
TOMATES SECOS EM OLEO GIRASSOL E AZEITE,RUSTICA,Emb. 0.28 KG,"2,49€","8,89€ / KG",
Massa Estrelinha Clássica,NACIONAL,Emb. 0.25,"0,59€","2,36€ /",
SALSA FOLHAS SAQUETA,RUSTICA,Emb. 0.01 KG,"0,45€","45,00€ / KG",
Azeitonas Verdes Descaroçadas,QAMPO,Emb. 0.16 KG,"1,39€","8,69€ / KG",
Chá Preto Yellow,LIPTON,Emb. 20 SAQ.,"1,09€","0,05€ / SAQ.",
Macarrão,TURINI,Emb. 0.5 KG,"0,79€","1,58€ / KG",
Empadão de Carne,CÔTÉ TABLE,Emb. 0.3 KG,"2,99€","9,97€ / KG",
Snack Queijo de Vaca,PRÉSIDENT,Emb. 0.18 KG,"2,99€","16,61€ / KG",
PANO SUAVE DUPLO,VILEDA,,"1,99€",/ Unid.,
Creme de Soja P/ Culinária,NAT&VIE,Emb. 0.6 KG,"2,65€","4,42€ / KG",
After Shave Bálsamo Hidratante,NIVEA MEN,Emb. 0.1 LT,"5,99€","59,90€ / LT",
Iogurte de Morango 4 Unid.,IOGOLINO,Emb. 0.4 KG,"2,28€","5,70€ / KG",
Bolo Cake e Choc,MILKA,Emb. 0.175 KG,"2,49€","14,23€ / KG",
Amaciador Cabelo Normais Garnier Força e Brilho,FRUCTIS,Emb. 0.2 LT,"3,55€","17,75€ / LT",
Natas Líquidas Magra 4% 3x20cl,DÉLISSE,Emb. 0.08 LT,"1,65€","20,63€ / LT",
Vinho Verde Branco,TERRAS DE FELGUEIRAS,Garrafa 0.75 LT,"1,79€","2,39€ / LT",
RECARGA MOPA SECA,,Emb. 1 UNID.,"3,59€","3,59€ / UNID.",
Fiambre Peito de Peru em Forno de Lenha,CAMPOFRIO,1 Unid. = 0.11 KG (aprox.),"12,69€/kg","1,40€ / Unid.",
BEBIDA LACTEA PARA GATOS ESTERILIZADOS,LYCAT,Emb. 3 UNID.,"2,38€","0,79€ / UNID.",
After Shave HAWKRIDGE 100 ml,,,"11,26€",/ Unid.,
BOLACHAS \'LES ANIMAUX\' COBERTURA DE CHOCO LEITE,P'TIT DÉLI,Emb. 0.225 KG,"1,89€","8,40€ / KG",
Água sem Gás,VITALIS,Garrafa 0.75 LT,"0,53€","0,71€ / LT",
Fiambre da Perna,CAMPO FINO,1 Unid. = 0.12 KG (aprox.),"9,89€/kg","1,19€ / Unid.",
GUARDANAPOS AZUL FOLHA SIMPLES RENOVA,GUARDANAPOS RENOVA,Emb. 70 UNID.,"0,69€","0,01€ / UNID.",
Queijo de Cabra Rústico de Pimentão Saloio,PALHAIS DE PORTUGAL,1 Unid. = 0.25 KG (aprox.),"17,68€/kg","4,42€ / Unid.",
Chá sem Barriga,DIESE,Emb. 10 UNID.,"0,89€","0,09€ / UNID.",
Cereais Special K Classic,KELLOGG'S,Emb. 0.75 KG,"3,74€","4,99€ / KG",
Máscara Ultra Suave Azeitona Mítica,GARNIER,Emb. 0.3 LT,"5,42€","18,07€ / LT",
Gelatina em Pó Tutti-Frutti 2x80 g,TABLIER BLANC,Emb. 0.17 KG,"0,85€","5,00€ / KG",
Escorredor de Louça,ARDENCE,1 UNID.,"4,66€","4,66€ / UNID.",
Chantilly Light,DÉLISSE,Emb. 0.25 KG,"1,65€","6,60€ / KG",
Barras de Cereais de Chocolate C/ Leite 6 Unid.,CHOCAPIC,Emb. 0.15 KG,"2,56€","17,07€ / KG",
Vinho Tinto,LEZÍRIA,Garrafa 0.75 LT,"1,59€","2,12€ / LT",
Creme de Banho Pele Suave,NIVEA,Emb. 0.75 LT,"3,49€","4,65€ / LT",
COOKIES CHOCOLATE C/PEPITAS CHOCOLATE X12,P'TIT DÉLI,Emb. 0.2 KG,"1,39€","6,95€ / KG",
Detergente Limpeza Spray Cozinha,CIF,Emb. 0.75 Lt,"3,52€","4,69€ / Lt",
TARTE DE BRIGADEIRO,P'TIT DÉLI,Emb. 0.3 KG,"2,79€","9,30€ / KG",
Vinho Verde,3 MARIAS,Emb. 1 LT,"2,98€","2,98€ / LT",
Alimento Seco P/ Cão -10Kg Frango e Arroz,PURINA,Emb. 3 KG,"11,99€","4,00€ / KG",
Condicionador Volume Fruto de Café Arábica,HERBAL ESSENCES,Emb. 0.4 LT,"6,92€","17,30€ / LT",
Bolachas Tostada com Leite 4x200gr,P'TIT DÉLI,Emb. 0.8 KG,"1,43€","1,79€ / KG",
Detergente Limpeza Cozinha Spray Inox,CIF,Emb. 0.435 Lt,"1,99€","4,57€ / Lt",
Spray Multiusos,NEOBLANC,Spray 0.65 LT,"2,39€","3,68€ / LT",
GELADO 6 CHOCOLATE / 6 PISTACHIO,SMICY,Emb. 12 UNID.,"2,39€","0,20€ / UNID.",
Sopa de Tomate,KNORR,Emb. 0.085 KG,"1,49€","17,53€ / KG",
Toffee Crisp 4x38g,NESTLÉ,Emb. 0.152 KG,"2,34€","15,39€ / KG",
QUEIJO VACA CURADO,LES CROISÉS,Emb. 0.19 KG,"1,99€","10,47€ / KG",
Massa Areada,TABLIER BLANC,Emb. 0.23 KG,"1,29€","5,61€ / KG",
Compota de Framboesa Morango 4x90g,DOUCEUR DU VERGER,Emb. 0.36 KG,"1,94€","5,39€ / KG",
Conserva de Azeitona Mista Galega,RUSTICA,Emb. 0.3 KG,"2,49€","8,30€ / KG",
Salva Camas 60x90CM,LINDOR,Emb. 15 UNID.,"8,75€","0,58€ / UNID.",
Ketchup Picante,RUSTICA,Emb. 0.25 KG,"0,99€","3,96€ / KG",
RAVIOLI BOLONHESA 1/2,CÔTÉ TABLE,Emb. 0.4 KG,"1,79€","4,48€ / KG",
Alimento Húmido Gato Carne de Vaca,TOUS MES AMIS,Emb. 0.1 KG,"0,45€","4,50€ / KG",
LENCOS DE BOLSO 4F ECO,UNÍ VERT,Emb. 15 UNID.,"1,69€","0,11€ / UNID.",
Óleo Alimentar,VAQUEIRO,Garrafa 1 LT,"4,49€","4,49€ / LT",
Escova Dentes Extra Interdental Média,AQUAFRESH,Emb. 1 UNID.,"3,16€","3,16€ / UNID.",
Café Lote Clássico Grão,SICAL,Emb. 1 KG,"13,49€","13,49€ / KG",
Vinho Regional Alentejo Branco,REAL LAVRADOR,Garrafa 0.75 LT,"1,84€","2,45€ / LT",
SACOS LIXO ALCAS 30L,ELEMBAL,Emb. 20 UNID.,"1,10€","0,06€ / UNID.",
Aguardente Velha,CR&F,Emb. 0.7 LT,"17,99€","25,70€ / LT",
"ATUM C/MILHO,FEIJÃO VERMELHO,RAMIREZ,120G",RAMIREZ,,"1,43€",/ Unid.,
Queijo Fundido Palitos 4x140g,A VACA QUE RI,Emb. 0.14 KG,"1,94€","13,86€ / KG",
Paté de Sardinha e Cavala,PÊCHE OCÉAN,Emb. 0.065 KG,"0,59€","9,08€ / KG",
Pães de Leite 10Unid.,ECO+,Emb. 0.4 KG,"1,36€","3,40€ / KG",
DETERGENTE MANUAL LOICA FLORAL 500ML,VISIOR,Emb. 0.5,"0,76€","1,52€ /",
"Água sem Gás 6x1,5L",SERRA DA ESTRELA,Emb. 9 LT,"3,48€","0,39€ / LT",
STICKS P/ MASTIGAR P/ CAO 100UN,ECO+,Emb. 100 UNID.,"2,65€","0,03€ / UNID.",
VINHO FRIZANTE CACHO FRESCO BRANCO.75L,CACHO FRESCO,Emb. 0.075 LT,"1,69€","22,53€ / LT",
Presunto Fumado,ECO+,Emb. 0.2 KG,"2,79€","13,95€ / KG",
Ovas de Peixe Lapa Preto,RONDE DES MERS,Emb. 0.1 KG,"3,99€","39,90€ / KG",
Gel de Banho Amêndoas Doces,VASELINE,Emb. 0.7 LT,"2,99€","4,27€ / LT",
Queijo Brique Vaca,LES CROISÉS,Emb. 0.2 KG,"1,99€","9,95€ / KG",
Refrigerante C/ Gás Zero,COCA COLA,Garrafa 1 LT,"1,30€","1,30€ / LT",
YOFU SOJA MIRTILO 4x125G,ALPRO,Emb. 0.5 LT,"2,29€","4,58€ / LT",
QUEIJO EDAM FATIADO,ECO+,Emb. 0.2 KG,"1,49€","7,45€ / KG",
Bebida de Arroz Biológica,,Emb. 1 LT,"1,19€","1,19€ / LT",
Iogurte Grego Stracciatella,YAOS,Emb. 0.44 KG,"2,29€","5,20€ / KG",
Cuecas Incontinência Boutique L,AUSONIA,Emb. 8 UNID.,"8,99€","1,12€ / UNID.",
Alimento Seco Cão Snack Denta Stix,PEDIGREE,Emb. 0.18 KG,"2,23€","12,39€ / KG",
Vinho Regional Tejo Branco,LAGAR PIAS,Garrafa 0.75 LT,"1,69€","2,25€ / LT",
Conserva de Ervilhas Muito Finas Cozidas,,Lata 0.95 KG,"1,17€","1,23€ / KG",
Mix Frutos do Bosque,,Emb. 0.135 KG,"2,37€","17,56€ / KG",
Massa Lasanha C/ Ovo,MILANEZA,Emb. 0.5 KG,"2,39€","4,78€ / KG",
COCO RALADO,TABLIER BLANC,Emb. 0.125 KG,"0,99€","7,92€ / KG",
Bacalhau Seleção Especial Noruega Asa Preta,,1 Unid. = 4 KG (aprox.),"12,99€/kg","51,96€ / Unid.",
"AZEITE CLASSICO VIRGEM ≤ 0,7%",RUSTICA,Emb. 0.75 KG,"3,69€","4,92€ / KG",
Iogurte Aroma Tutti-Frutti 4 Unid.,LONGA VIDA,Emb. 0.125 KG,"0,89€","7,12€ / KG",
Vinho Regional Alentejano Tinto,SOVIBOR,Garrafa 0.75 LT,"2,29€","3,05€ / LT",
Champô Purify & Hidrate,TRESEMMÉ,Emb. 0.4 LT,"4,19€","10,48€ / LT",
Pensos Higiénicos Salvaslip Maxi,EVAX,Emb. 36 UNID.,"2,99€","0,08€ / UNID.",
BARRAS CEREAIS FROSTIES 6X25G,KELLOGG'S,Emb. 6 UNID.,"2,07€","0,35€ / UNID.",
TORTAS DE ANIS - 12UN,P'TIT DÉLI,Emb. 0.4 KG,"1,89€","4,73€ / KG",
SABONETE LIQUIDO PESSEGO 500ML,ECO+,Emb. 0.5 LT,"0,79€","1,58€ / LT",
Snack Chocolate Leite,LION,Emb. 3 UNID.,"1,39€","0,46€ / UNID.",
Fritos Tiras de Milho,MATUTANO,Emb. 0.13 KG,"1,14€","8,77€ / KG",
Água Tónica de Extratos Vegetais,SCHWEPPES,Garrafa 1 LT,"1,55€","1,55€ / LT",
Enchido Seco à Base de Carne de Porco,,Emb. 0.2 KG,"2,29€","11,45€ / KG",
Atum em Óleo,ECO+,Emb. 0.12 KG,"0,64€","5,33€ / KG",
Uva Red Globe,,1 Unid. = 0.25 KG (aprox.),"3,49€/kg","0,87€ / Unid.",
Grão de Bico Seco,NOTRE JARDIN,Emb. 0.5 KG,"0,99€","1,98€ / KG",
Leite Bem Especial 0% de Lactose Meio Gordo,MIMOSA,Emb. 1 LT,"1,29€","1,29€ / LT",
CREME SABOR CHOCOLATE,DÉLISSE,Emb. 0.4 KG,"2,39€","5,98€ / KG",
Limpa Máquinas Limão 5x Power Actions,FINISH,Emb. 1 UNID.,"3,89€","3,89€ / UNID.",
Pensos Higiénicos Normal Alas,EVAX,Emb. 12 UNID.,"2,38€","0,20€ / UNID.",
Vinho Regional Douro Tons Tinto,DUORUM,Garrafa 0.75 LT,"5,49€","7,32€ / LT",
Leite Condensado Açucarado,DÉLISSE,Lata 0.397 KG,"1,09€","2,75€ / KG",
Leite Bem Especial Cálcio Magro,MIMOSA,Emb. 1 LT,"0,98€","0,98€ / LT",
Snack Fruut Maçã Verde Intenso Sem Açúcar,,Emb. 0.02 KG,"0,84€","42,00€ / KG",
Néctar Light Manga e Laranja,COMPAL,Emb. 1 LT,"1,59€","1,59€ / LT",
Alimento Seco P/ Gato Sénior +11 Frango,PURINA ONE,Emb. 0.8 KG,"6,43€","8,04€ / KG",
Vinho Frutado Branco,SALVE,Garrafa 0.75 LT,"1,29€","1,72€ / LT",
Seleção de Frutos Secos,MARQUE REPERE,Emb. 0.2 KG,"5,39€","26,95€ / KG",
"Requeijão de Vaca, Cabra e Ovelha",SALOIO,Emb. 0.17 KG,"1,34€","7,88€ / KG",
Suspiro,,1 Unid. = 0.09 KG,"2,00€","22,22€ / KG",
Neoblanc Densa+,NEOBLANC,Emb. 2 LT,"2,58€","1,29€ / LT",
Alimento Húmido P/ Gato Diamante Frango,PURINA,Emb. 0.09 KG,"1,14€","12,67€ / KG",
Desodorizante Roll On Men Cool Kick,NIVEA MEN,Emb. 0.05 LT,"2,39€","47,80€ / LT",
GALETES DE MILHO C/ COBERTURA DE CHOCOLATE LEITE BIO,,Emb. 0.1 KG,"1,77€","17,70€ / KG",
Mil Folhas,,1 Unid. = 0.1 KG,"0,70€","7,00€ / KG",
Chouriço de Carne Corrente,SICOSTA,Emb. 0.18 KG,"1,19€","6,61€ / KG",
CHA PRETO PEQUENO-ALMOCO BIO,,Emb. 20 UNID.,"1,49€","0,07€ / UNID.",
CREME VEGETAL P/ BARRAR,,Emb. 0.5 KG,"1,99€","3,98€ / KG",
Amaciador Roupa Concentrado Jasmim e Maçã Verde,QUANTO,Emb. 76 DOSES,"3,74€","0,05€ / DOSES",
AGUARDENTE FIM DE SÉCULO Vínica Velhíssima 25 Anos Cx. Cartão 70CL,,0.07 CL,"39,98€","571,14€ / CL",
Iogurte Líquido Cremoso Pêssego e Manga,YOGGI,Emb. 0.64 KG,"2,09€","3,27€ / KG",
Amaciador Condicionador,TRESEMMÉ,Emb. 0.5 LT,"4,19€","8,38€ / LT",
Salmão Posta,,1 Unid. = 0.25 KG (aprox.),"12,99€/kg","3,25€ / Unid.",
Conserva de Salsichas Aves 8 Unid.,NOBRE,Lata 0.2 KG,"1,09€","5,45€ / KG",
Tampa Universal 22/28cm,ARDENCE,1 UNID.,"5,75€","5,75€ / UNID.",
AGUA MICELAR BIO,BIONAÏA,Emb. 0.4 LT,"2,51€","6,28€ / LT",
Cereais Kellogg's All Bran Plus 375g,KELLOGG'S,Emb. 0.375 KG,"2,14€","5,71€ / KG",
Pacotinho de Frutas S/ Glúten,NESTLÉ BEBÉ,Emb. 0.09 KG,"0,69€","7,67€ / KG",
Toalhitas Activity 4x54 Unid.,DODOT,Emb. 216 UNID.,"7,99€","0,04€ / UNID.",
Fósforos de Segurança Longos 3x40 unid.,SILEX,Emb. 3 UNID.,"2,36€","0,79€ / UNID.",
Tostas com Germen de Trigo Biológicas,,Emb. 0.3 KG,"1,95€","6,50€ / KG",
Carte D'Or Gelado Limão,CARTE D'OR,Emb. 0.9 LT,"3,29€","3,66€ / LT",
Snack Chipz Maçã Gengibre FRUUT,,Emb. 0.02 KG,"0,99€","49,50€ / KG",
BOLACHAS C/TABLETE CHOCO LEITE,ECO+,Emb. 0.15 KG,"0,95€","6,33€ / KG",
Escova ZigZag Média,COLGATE,Emb. 3 UNID.,"2,99€","1,00€ / UNID.",
Bebida à Base de Amêndoa,NAT&VIE,Emb. 1 LT,"1,39€","1,39€ / LT",
COXAS FRANGO ASSADAS C/ MOLHO MEXICANO,ECO+,Emb. 0.25 KG,"1,99€","7,96€ / KG",
Bechamel,PARMALAT,Emb. 0.5 LT,"2,07€","4,14€ / LT",
Cereais Mel Zero,NESTUM,Emb. 0.25 KG,"1,49€","5,96€ / KG",
Vinagre Vinho Tinto,CRISTAL,Garrafa 0.5 LT,"0,99€","1,98€ / LT",
"Água sem Gás 6x1,5L",VITALIS,Emb. 9 LT,"2,59€","0,29€ / LT",
Linguas de Gato Sabor a Canela,P'TIT DÉLI,Emb. 0.2 KG,"0,69€","3,45€ / KG",
Fraldas Bebé Dry Fit Advanced T4 8-18Kg,CHICCO,Emb. 19 UNID.,"7,99€","0,42€ / UNID.",
Champô Protecção da Cor,TRESEMMÉ,Emb. 0.5 LT,"4,19€","8,38€ / LT",
Sidra de Maça,SOMERSBY,Garrafa 0.33 LT,"0,99€","3,00€ / LT",
PENSOS HIGIENICOS MAXI NOITE 10UN,ECO+,Emb. 10 UNID.,"0,95€","0,10€ / UNID.",
Vinho Branco,D. JOÃO I,Bag in Box 5 LT,"7,49€","1,50€ / LT",
Espumante Doce,SALVE,Garrafa 0.75 LT,"2,59€","3,45€ / LT",
Bôla de Fiambre,,1 Unid. = 1.6 KG (aprox.),"6,99€/kg","11,18€ / Unid.",
Vinho Regional Lisboa Branco,PROVA RÉGIA,Garrafa 0.75 LT,"3,99€","5,32€ / LT",
Caldo de Carne,KNORR,Emb. 16 CUBOS,"2,39€","0,15€ / CUBOS",
Gel Anti-Celulite + Refirmante para Todos os Tipos de Pele,NIVEA BODY,Emb. 0.2 LT,"11,99€","59,95€ / LT",
Alho Francês,,1 Unid. = 0.43 KG (aprox.),"2,29€/kg","0,98€ / Unid.",
DOCE EXTRA MIRTILO LIGHT,DOUCEUR DU VERGER,Emb. 0.34 KG,"2,49€","7,32€ / KG",
Arroz Carolino,,Emb. 1 KG,"0,95€","0,95€ / KG",
Néctar de Laranja,UM BONGO,Emb. 1 LT,"1,09€","1,09€ / LT",
Fromage Blanc com Leite Meio Gordo,,Emb. 1 KG,"1,89€","1,89€ / KG",
Refrigerante S/ Gás Laranja,JAFADEN,Garrafa 1.5 LT,"0,99€","0,66€ / LT",
Salsa Picada,RUSTICA,Emb. 0.25 KG,"2,19€","8,76€ / KG",
AirWick  Comp Pure Flor Cerejeira,AIRWICK,Emb. 1 UNID.,"5,39€","5,39€ / UNID.",
Tira Gorduras Misto,MISTOLIN,Emb. 0.545 LT,"2,24€","4,11€ / LT",
GUARDANAPOS RENOVA OLÉ DUPLO 140U,GUARDANAPOS RENOVA,Emb. 140 UNID.,"0,99€","0,01€ / UNID.",
Caldo de Carne Menos 30% Sal,KNORR,Emb. 0.08 KG,"1,49€","18,63€ / KG",
Molho de Alho com Ervas,HEINZ,Emb. 0.22 LT,"2,39€","10,86€ / LT",
Bebida à Base de Avelã,NAT&VIE,Emb. 1 LT,"1,79€","1,79€ / LT",
Topping Chocolate,MILKA,Emb. 0.3 KG,"3,48€","11,60€ / KG",
Donuts Americano Cacau 2x74 gr,PANRICO,Emb. 0.148 KG,"1,13€","7,64€ / KG",
"Jarro 0,5L",,1 UNID.,"1,65€","1,65€ / UNID.",
Lava Tudo Gel Ativo com Lixívia,CIF,Emb. 0.75 LT,"1,39€","1,85€ / LT",
Bolachas Duplo Creme,OREO,Emb. 0.185 KG,"1,69€","9,14€ / KG",
Recarga para Difusor Elétrico 3 Volution Ar Fresco,AMBIPUR,Emb. 1 UNID.,"5,24€","5,24€ / UNID.",
BROWNIE CHOCOLATE C/ PEPITAS EM CAIXA,P'TIT DÉLI,Emb. 0.285 KG,"1,79€","6,28€ / KG",
Vinho Verde Branco,VIA LATINA,Garrafa 0.75 LT,"2,99€","3,99€ / LT",
Pensos Higiénicos Maxi Normal Pocket,DOULYS,Emb. 18 UNID.,"1,15€","0,06€ / UNID.",
Sultana Dourada,MARQUE REPERE,Emb. 0.2 KG,"1,49€","7,45€ / KG",
Óleo Intense 12-0 Aclarante Extremo,SYOSS,,"6,24€",/ Unid.,
Barrinhas de Chocolate T-16,KINDER,Emb. 0.2 KG,"2,98€","14,90€ / KG",
Detergente Liquido para Roupa Escura Delicada e Lãs,SOFLAN,Emb. 40 DOSES,"3,95€","0,10€ / DOSES",
MUESLI C/ AVEIA E FRUTOS SECOS BIO E S/GLUTEN,CHAQUE JOUR SANS GLUTEN,Emb. 0.375 KG,"3,39€","9,04€ / KG",
Cachaço com Osso Porco,,1 Unid. = 0.5 KG (aprox.),"4,99€/kg","2,50€ / Unid.",
Chocolate Mini,MARS,Emb. 0.17 KG,"2,14€","12,59€ / KG",
Água com Gás,VIMEIRO,Garrafa 0.25 LT,"0,37€","1,48€ / LT",
Queijo Flamengo 1/4,LIMIANO,Emb. 0.325 KG,"3,29€","10,12€ / KG",
Snack P/ Cão Sticks C/ Aroma a Búfalo,PURINA,Emb. 0.09 KG,"1,49€","16,56€ / KG",
Pastilhas Elásticas Senses Rainforest Mint 3x23g,TRIDENT,Emb. 0.069 KG,"2,59€","37,54€ / KG",
Pão de Forma com Côdea 9 Cereais,PANRICO,Emb. 0.52 KG,"1,59€","3,06€ / KG",
Favas Fritas C/ Sal,MARQUE REPERE,Emb. 0.2 KG,"1,25€","6,25€ / KG",
Forma de Alumínio Savarin Castanha 24cm,ARDENCE,1 UNID.,"4,85€","4,85€ / UNID.",
Mini Tostas Redondas,BIMBO,Emb. 0.1 KG,"1,24€","12,40€ / KG",
Bebida de Soja,NAT&VIE,Emb. 1 LT,"0,75€","0,75€ / LT",
Pacotinho Fruta Hero Baby 3 Frutos 100 G,HERO BABY,Emb. 0.1 KG,"0,98€","9,80€ / KG",
Vinagre Balsâmico Branco,GALLO,Emb. 0.25 LT,"1,69€","6,76€ / LT",
Refrigerante S/ Gás Laranja Maracujá,JAFADEN,Garrafa 1.5 LT,"0,99€","0,66€ / LT",
Massa Couscous Grão Médio,MILANEZA,Emb. 1 KG,"2,31€","2,31€ / KG",
PRESUNTO FATIADO 8 MESES CURA,CAMPO FINO,Emb. 0.15 KG,"2,59€","17,27€ / KG",
Champô Liso Asiático para Cabelo Frisado e Rebelde,GLISS,Emb. 0.25 LT,"2,24€","8,96€ / LT",
DENTRIFICO EXPERT ULTRA BRANQUEADOR,DENTAMYL,Emb. 0.075 LT,"0,85€","11,33€ / LT",
Caldos Molho Cervejeira 8 Cubos,KNORR,Emb. 0.072 KG,"1,49€","20,69€ / KG",
Iogurte Sabor Tutti-Frutti 4x120g,CLESA,Emb. 0.5 KG,"0,89€","1,78€ / KG",
Cápsulas Café Blonde Espresso P/ Dolce Gusto Intensidade 6,STARBUCKS,Emb. 12 CAPS.,"4,58€","0,38€ / CAPS.",
Cacetinho Integral,,1 Unid. = 0.05 KG,"0,19€","3,80€ / KG",
Sopa de Legumes Desidratada com Massa de Azeite,REGAL SOUPE,Emb. 0.104 KG,"0,92€","8,85€ / KG",
BOLACHAS AREADAS C/ RECH AVELAS E CACAU MAGRO,P'TIT DÉLI,Emb. 0.125 KG,"1,59€","12,72€ / KG",
Pensos Higiénicos Respirare Normal,CAREFREE,Emb. 44 UNID.,"2,79€","0,06€ / UNID.",
Chouriço Corrente com Colorau,,Emb. 1 KG,"4,49€","4,49€ / KG",
Molho Madeira,RUSTICA,Emb. 0.3 LT,"1,39€","4,63€ / LT",
Whisky Classic Black 5,LABEL 5,Garrafa 0.7 LT,"9,99€","14,27€ / LT",
Bifanas de Porco Finíssimas,,1 Unid. = 0.2 KG (aprox.),"5,99€/kg","1,20€ / Unid.",
B&J Netflix & Chill'D 465ml,,Emb. 0.465 LT,"6,79€","14,60€ / LT",
Conserva de Feijão Manteigado Cozido Da Horta,COMPAL,Emb. 0.42 KG,"1,19€","2,83€ / KG",
Farinha de Trigo com Fermento,ECO+,Emb. 1 KG,"0,60€","0,60€ / KG",
Desodorizante Pear e Aloe Vera Spray,DOVE,Emb. 0.15 LT,"2,69€","17,93€ / LT",
CUECA INCONTINENCIA TAM M,CHORYS,Emb. 14 UNID.,"6,74€","0,48€ / UNID.",
Caldo de Carne,KNORR,Emb. 8 CUBOS,"1,39€","0,17€ / CUBOS",
Chá de Maçã e Canela,TISÉA,Emb. 25 SAQ.,"1,24€","0,05€ / SAQ.",
Doce de Abóbora,CASA MATEUS,Frasco 0.345 KG,"2,47€","7,16€ / KG",
Cesto para Fritadeira 26cm,,1 UNID.,"3,50€","3,50€ / UNID.",
Condicionador Reparador Flex,REVLON,Emb. 0.65 LT,"4,74€","7,29€ / LT",
Elixir Max White,COLGATE,Emb. 0.5 LT,"4,54€","9,08€ / LT",
Refrigerante com Gás Guarana,ANTARCTICA,Garrafa 1.5 LT,"1,79€","1,19€ / LT",
Azeite,OLIVEIRA DA SERRA,Garrafão 3 LT,"15,67€","5,22€ / LT",
Sabonete Líquido para as Mãos,DOVE,Emb. 0.25 LT,"2,39€","9,56€ / LT",
Bolachas Maria Doces,VIEIRA,Emb. 0.3 KG,"2,54€","8,47€ / KG",
Cerveja Aromatizada Rum,DESQUILES,Emb. 0.5 LT,"0,99€","1,98€ / LT",
Bolo com Recheio de Morango 14 Unid.,,Emb. 0.42 KG,"1,95€","4,64€ / KG",
Hambúrguer de Carne de Vaca 8 Unid. Ultracongelado,IGLO,Emb. 0.64 KG,"8,49€","13,27€ / KG",
Noz Moscada Moída,MARGÃO,Emb. 0.05 KG,"2,59€","51,80€ / KG",
Cereais Flakes,CUÉTARA,Emb. 0.5 KG,"2,99€","5,98€ / KG",
Delícias com Forma de Lagosta Ultracongelado,PESCANOVA,Emb. 0.255 KG,"1,99€","7,80€ / KG",
Alimento Completo Cereais P/ Coelhos Anões,TOUS MES AMIS,Emb. 0.8 KG,"1,99€","2,49€ / KG",
Whisky Vat 69,VAT 69,Garrafa 0.7 LT,"11,99€","17,13€ / LT",
Conserva de Feijão Encarnado Da Horta,COMPAL,Lata 0.42 KG,"0,99€","2,36€ / KG",
Chocolate de Leite Oreo,MILKA,Emb. 0.037 KG,"0,98€","26,49€ / KG",
Batatas P/ Cozer,,Emb. 3 KG,"3,19€","1,06€ / KG",
BOLACHAS AREADAS C/ RECH MACA E FRAMBOESA,P'TIT DÉLI,Emb. 0.1 KG,"1,49€","14,90€ / KG",
Desodorizante Cucumber & Green Tea S/ áçcool e Alumínio,DOVE,Emb. 0.15 LT,"2,84€","18,93€ / LT",
Canela Moída,RUSTICA,Emb. 0.04 KG,"0,50€","12,50€ / KG",
"Arroz Vaporizado Saludães, 1kg",SALUDÃES,,"1,29€",/ Unid.,
Champô Cabelo Criador de Densidade,ELVIVE,Emb. 0.4 LT,"5,93€","14,83€ / LT",
Vinho Branco Adamado,FAISÃO,Garrafa 1 LT,"1,98€","1,98€ / LT",
LENTILHAS,NOTRE JARDIN,Emb. 0.45 KG,"0,75€","1,67€ / KG",
SARDINHA OLEO DE GIRASSOL,PÊCHE OCÉAN,Emb. 0.12 KG,"0,99€","8,25€ / KG",
Flocos de Trigo Integral + Fibra,NACIONAL,Emb. 0.3 KG,"1,72€","5,73€ / KG",
Borracha com Proteção,ESQUISSE,Emb. 2 UNID.,"1,89€","0,95€ / UNID.",
Strogonoff de Porco,,1 Unid. = 0.2 KG (aprox.),"9,98€/kg","2,00€ / Unid.",
BATATAS SALTEADAS OLEO GIRASSOL,POM'LISSE,Emb. 1 KG,"1,99€","1,99€ / KG",
CASTANHAS CONGELADAS,,Emb. 1 KG,"9,99€","9,99€ / KG",
CHAMPO CABELOS FRAGEIS E QUEBRADICOS 250ML,NATEIS,Emb. 0.25 LT,"1,00€","4,00€ / LT",
Fiambre Peito de Peru Fatias Extra Finas,PRIMOR,Emb. 0.1 KG,"1,99€","19,90€ / KG",
Pão de Centeio Fatiado Embalado,MUSEU DO PÃO,Emb. 0.45 KG,"1,45€","3,22€ / KG",
Combinado de Legumes,PESCANOVA,Emb. 0.75 KG,"1,99€","2,65€ / KG",
Tónica Suave Pele Seca,NIVEA,Emb. 0.2 LT,"3,89€","19,45€ / LT",
Cápsulas Café Espresso Intenso Descafeinado,DOLCE GUSTO,Emb. 16 CAPS.,"4,79€","0,30€ / CAPS.",
Cerveja com Álcool Lata,SUPER BOCK,Emb. 0.5 LT,"0,79€","1,58€ / LT",
Balde para Esfregona,,Emb. 1 UNID.,"2,99€","2,99€ / UNID.",
Sobremesa Panna Cotta Caramelo 4x90g,DÉLISSE,Emb. 0.36 KG,"1,79€","4,97€ / KG",
Pão Centeio,,1 Unid. = 0.4 KG,"1,19€","2,98€ / KG",
Vinho Regional Alentejano Branco,TERRA GRANDE,Garrafa 0.75 LT,"4,45€","5,93€ / LT",
Esparguete Tricolor,MILANEZA,Emb. 0.5 KG,"1,95€","3,90€ / KG",
Pimenta P/ Bifes C/ Moinho,MARGÃO,Emb. 0.035 KG,"3,99€","114,00€ / KG",
Loção para Corpo Hidatrante Express 48h Pele Normal a Seca,NIVEA BODY,Emb. 0.4 LT,"5,99€","14,98€ / LT",
CUECA INCONTINENCIA TAM L,CHORYS,Emb. 14 UNID.,"6,74€","0,48€ / UNID.",
Batatas Fritas Light,POM'LISSE,Emb. 0.15 KG,"0,95€","6,33€ / KG",
Iogurte Líquido Morango 6x100g,DANACOL,Emb. 0.6 KG,"2,99€","4,98€ / KG",
Néctar Clássico Ananás 3x200 ml,COMPAL,Emb. 0.6 LT,"1,39€","2,32€ / LT",
Snack P/ Gato Crispies C/ Sabor a Frango e Carne de Vaca,FELIX,Emb. 0.45 KG,"1,39€","3,09€ / KG",
Creme Depilatório Duche Peles Sensíveis,VEET,Emb. 0.15 LT,"9,99€","66,60€ / LT",
Madalenas em Concha com Ovos Frescos,,Emb. 0.5 KG,"1,65€","3,30€ / KG",
COLORAÇÃO BELLADY PERMANENTE Nº 30 CASTANHO ESCURO,BELLADY,Emb. 1 UNID.,"6,49€","6,49€ / UNID.",
Cápsulas Café Colombia Lungo Intensidade 5 Bio,DOLCE GUSTO,Emb. 12 CAPS.,"5,59€","0,47€ / CAPS.",
Alimento Seco P/ Cachorro + de 10 Kg Frango C/ Arroz,PURINA,Emb. 2.5 KG,"13,99€","5,60€ / KG",
Arroz Doce,NOVARROZ,Emb. 0.5 KG,"0,63€","1,26€ / KG",
Conserva de Feijão Frade Cozido,NOTRE JARDIN,Frasco 0.57 KG,"0,64€","1,12€ / KG",
Café Solúvel Clássico Intenso,NESCAFÉ,Emb. 0.1 KG,"3,99€","39,90€ / KG",
Maionese Top Down,CALVÉ,Emb. 0.24 KG,"1,39€","5,79€ / KG",
Whisky Fin Blen,WILLIAM LAWSON'S,Garrafa 0.7 LT,"13,99€","19,99€ / LT",
Barras Hero De Cereais Muesli Chocolate Leite 6x25g,HERO,Emb. 0.15,"1,79€","11,93€ /",
Tira Nódoas Gold Power Gel,VANISH,Emb. 0.2 LT,"4,54€","22,70€ / LT",
Espumante Meio Seco,COMP DO VINHO,Garrafa 0.75 LT,"3,29€","4,39€ / LT",
Ervas de Provence,RUSTICA,Frasco 0.018 KG,"0,79€","43,89€ / KG",
Lápis para Colorir em Caixa de Metal,ESQUISSE,Emb. 18 UNID.,"3,99€","0,22€ / UNID.",
Molho Francesinha,GULOSO,Frasco 0.5 KG,"3,99€","7,98€ / KG",
MULTIPACK CALIPPO SUPERMIX 5X105ML,CALIPPO,Emb. 5 UNID.,"2,49€","0,50€ / UNID.",
Brandy,CONSTANTINO,Garrafa 0.7 LT,"9,49€","13,56€ / LT",
Detergente Líquido Multisuperficies Rosas e Jasmim,SONASOL,Emb. 1.3 LT,"2,09€","1,61€ / LT",
"Iogurte de Banana, Morango e Tutti Frutti 8x120g",DANONE,Emb. 0.96 KG,"1,99€","2,07€ / KG",
Pensos Higiénicos Maxi com Alas,EVAX,Emb. 11 UNID.,"1,97€","0,18€ / UNID.",
Bolachas com Cobertura de Chocolate Preto,,Emb. 0.2 KG,"1,39€","6,95€ / KG",
GRESSINOS SESAME,TOKAPI,Emb. 0.125 KG,"1,25€","10,00€ / KG",
TOALHITAS PARA MAOS LIMAO,CLAIR,Emb. 24 UNID.,"1,85€","0,08€ / UNID.",
Água sem Gás 6x50cl,SERRA DA ESTRELA,Emb. 3 LT  (aprox.),"1,59€","0,53€ / LT",
Capucino Chocolate,PLANTATION,Emb. 0.287 KG,"2,69€","9,37€ / KG",
Couve Brócolo,,1 Unid. = 0.27 KG (aprox.),"2,39€/kg","0,65€ / Unid.",
GUYLIAN CHOCOLATE LEITE  c/  CARAMELO SALGADO 100g,,,"1,99€",/ Unid.,
Leite Condensado Magro,DÉLISSE,Emb. 0.37 KG,"0,99€","2,68€ / KG",
Leite de Transição 2 +6 meses,NAN,Emb. 0.8 KG,"12,34€","15,43€ / KG",
Mini Rissóis de Camarão 20 Unid.,SNR,Emb. 0.333 KG,"3,30€","9,91€ / KG",
Vinho do Porto Special Reserve,PORTO CRUZ,Emb. 0.75 LT,"9,99€","13,32€ / LT",
Bolinhas de Bacalhau 20 Unid.,SNR,Emb. 0.334 KG,"3,75€","11,23€ / KG",
Ambientador Absorve Odores Relax Zen 2x150gr,BRISE,Emb.  0.3 KG,"2,99€","9,97€ / KG",
Salada Oriental C/ Hortelã,MENU FRAÎCHEUR,Emb. 0.3 KG,"1,49€","4,97€ / KG",
Creme Limpeza Lemon,CIF,Emb. 0.5 LT,"1,89€","3,78€ / LT",
Escova Gengivas e Dentes,PARODONTAX,Emb. 1 UNID.,"4,39€","4,39€ / UNID.",
Café Mistura Peninsular Moída,DELTA,Emb. 0.25 KG,"1,64€","6,56€ / KG",
Maionese Magra,CALVÉ,Emb. 0.447 KG,"2,66€","5,95€ / KG",
Air Wick Sticks Perfumados Flor de Cerejeira x5,AIRWICK,Emb. 0.025 LT,"7,19€","287,60€ / LT",
Cozer de Novilho,,1 Unid. = 0.6 KG (aprox.),"5,89€/kg","3,53€ / Unid.",
Xarope de Frutos Vermelhos,FRUCCI,Emb. 1.5 LT,"6,99€","4,66€ / LT",
Massa Cotovelinhos,MILANEZA,Emb. 0.5 KG,"1,19€","2,38€ / KG",
FEIJAO CATARINO SACO,NOTRE JARDIN,Emb. 1 KG,"1,89€","1,89€ / KG",
Guardanapos 2 Folhas Tipo Tecido,MARQUE REPERE,Emb. 40 UNID.,"1,29€","0,03€ / UNID.",
Iced Tea Manga,ECO+,Emb. 1.5 LT,"0,84€","0,56€ / LT",
Iogurte Bifidus Magro Líquido Activia Pêssego Maracujá 4 Unid.,ACTIVIA,Emb. 0.62 KG,"1,99€","3,21€ / KG",
Marcadores para Colorir,ECO+,Emb. 12 UNID.,"0,99€","0,08€ / UNID.",
Jardineira Mistura de Vegetais Ultracongelados,IGLO,Emb. 0.65 KG,"2,49€","3,83€ / KG",
Queijo de Ovelha Amanteigado Seia,MARTINS & REBELLO,1 Unid. = 0.5 KG (aprox.),"16,99€/kg","8,50€ / Unid.",
Pastel de Nata,,1 Unid. = 0.048 KG,"0,45€","9,38€ / KG",
Conjunto 6 Copos Champanhe Sept 17cl,ARDENCE,6 UNID.,"4,95€","0,83€ / UNID.",
Queijo Curado de Ovelha Amanteigado 500Gr,OURO DO PASTOR,0.5 KG,"14,39€","28,78€ / KG",
Queijo Meio Gordo o Sabor Português,LES CROISÉS,1 Unid. = 1 KG (aprox.),"7,89€/kg","7,89€ / Unid.",
Sidra com Álcool Maça 4x33cl,SOMERSBY,Emb. 1.32 LT,"3,99€","3,02€ / LT",
Tempero de Alho & Salsa 8 Cubos,KNORR,Emb. 0.072 KG,"1,49€","20,69€ / KG",
Vinho Regional Douro Tinto,CISTUS,Garrafa 0.75 LT,"3,99€","5,32€ / LT",
Vinagre de Álcool Cristal,ECO+,Garrafa 1.5 LT,"1,15€","0,77€ / LT",
LEITE DESMAQUILHANTE BIO,BIONAÏA,Emb. 0.25 LT,"2,49€","9,96€ / LT",
AUSONIA AIRDRY SUPER ABAS 30,AUSONIA,Emb. 30 UNID.,"4,19€","0,14€ / UNID.",
Fraldas Ultra Confort 9/20Kg,MOTS D'ENFANTS,Emb. 144 UNID.,"19,99€","0,14€ / UNID.",
Chocolate em Pó,PANTAGRUEL,Emb. 0.125 KG,"0,78€","6,24€ / KG",
Farinha S/ Fermento T65,NACIONAL,Emb. 1 KG,"1,04€","1,04€ / KG",
Bolachas Recheadas C/ Frutos do Bosque,MC VITIE'S,Emb. 0.218 KG,"1,62€","7,43€ / KG",
Pimenta Branca Moída,MARGÃO,Emb. 0.05 KG,"2,19€","43,80€ / KG",
Leite 0% Lactose,UCAL,Emb. 1 LT,"1,54€","1,54€ / LT",
Óleo de Palma,GUINEA'S,Emb. 0.4 LT,"3,44€","8,60€ / LT",
Leite Achocolatado 3x200ML,PARMALAT,Emb. 0.6 LT,"1,06€","1,77€ / LT",
IOGURTE BATIDO MORANGO,DÉLISSE,Emb. 0.5 KG,"1,15€","2,30€ / KG",
Salteado de Legumes Mediterrâneo,BONDUELLE,Emb. 0.7 KG,"3,44€","4,91€ / KG",
Iogurte Bifidus Líquido Morango e Kiwi 0% 4 Unid.,DANONE,Emb. 0.62 KG,"1,99€","3,21€ / KG",
Lenços Bolso 6+2 Unidades Red Label Pure,LENÇOS RENOVA,Emb. 8 UNID.,"1,47€","0,18€ / UNID.",
Espanador Reutilizável e Pano Agarra Pó,SWIFFER,Emb. 1 UNID.,"1,00€","1,00€ / UNID.",
Bebida em Pó Ananás,TANG,Emb. 0.03 KG,"0,76€","25,33€ / KG",
Adoçante,CANDEREL,Emb. 100 UNID.,"2,39€","0,02€ / UNID.",
OSSOS P/ MASTIGAR RECHEADOS C/ VACA P/ CAO 2UN,TOUS MES AMIS,Emb. 2 UNID.,"1,39€","0,70€ / UNID.",
Papel Vegetal 8 metros,VILEDA,Emb. 1 UNID.,"2,99€","2,99€ / UNID.",
NOODLES DE FRANGO,TABLES DU MONDE,Emb. 0.061 KG,"0,89€","14,59€ / KG",
Vinho Regional Douro Branco,PORCA DE MURÇA,Garrafa 0.75 LT,"3,59€","4,79€ / LT",
Coelho Inteiro,,1 Unid. = 1.5 KG (aprox.),"7,99€/kg","11,99€ / Unid.",
Azeite Maduras,OLIVEIRA DA SERRA,Emb. 0.75 LT,"4,26€","5,68€ / LT",
Frasco Doseador 50cl,,1 UNID.,"1,50€","1,50€ / UNID.",
Alimento Húmido P/ Gatinhos C/ Vitela,GOURMET,Emb. 0.085 KG,"0,75€","8,82€ / KG",
Massa Pontinha Clássica,NACIONAL,Emb. 0.25 KG,"0,79€","3,16€ / KG",
IOGURTE BIFIDUS BAUNILHA 12X125G DELISSE,DÉLISSE,Emb. 1.5 KG,"2,45€","1,63€ / KG",
SALSICHA CHURRASCO CLASSICA,CAMPO FINO,Emb. 0.2 KG,"1,49€","7,45€ / KG",
Aquafresh Active White  125ml,AQUAFRESH,,"2,79€",/ Unid.,
ARROZ MEDITERRANIO PRE COZIDO EXPRESS,COMPTOÍR DU GRAIN,Emb. 0.25 KG,"0,99€","3,96€ / KG",
Coco Ralado,FERBAR,Emb. 0.2 KG,"2,19€","10,95€ / KG",
Bandas Cera Depilatória Facial Peles Sensíveis,VEET,Emb. 20 UNID.,"5,20€","0,26€ / UNID.",
Azeite Virgem,RUSTICA,Garrafa 0.75 LT,"3,85€","5,13€ / LT",
Xarope de Pêssego,FRUCCI,Garrafa 0.75 LT,"2,45€","3,27€ / LT",
Maracujá Roxo,,1 Unid. = 0.1 KG (aprox.),"7,99€/kg","0,80€ / Unid.",
Salsichão Seco,ST AZAY,Emb. 0.3 KG,"4,19€","13,97€ / KG",
Mistura de Frutos do Bosque,MARQUE REPERE,Emb. 0.2 KG,"2,99€","14,95€ / KG",
"ALIMENT BEBE: PURE FEIJAO VERDE, BATATA BIO +4M  2X120G",BIO VILLAGE BEBE,Emb. 0.24 KG,"1,35€","5,63€ / KG",
Johnson's Baby Brilho Mágico Condicionador Gotas de Brilho,JOHNSON'S BABY,Emb. 0.5 LT,"4,61€","9,22€ / LT",
Lombo de Coelho,,1 Unid. = 0.4 KG (aprox.),"6,99€/kg","2,80€ / Unid.",
Vinho Regional Transmontano Tinto,TERRA QUENTE,Garrafa 0.75 LT,"2,38€","3,17€ / LT",
Tampa Universal Inox 16/20cm,ARDENCE,1 UNID.,"2,75€","2,75€ / UNID.",
Iogurte Grego Natural,DÉLISSE,Emb. 1 KG,"2,25€","2,25€ / KG",
Preparado de Culinária de Soja Biológico 3x200ml,,Emb. 0.6 L,"3,99€","6,65€ / L",
Água Coco 100% Natural,JAFADEN,Emb. 1 LT,"2,39€","2,39€ / LT",
DETERGENTE MANUAL LOICA CONCENTRADO MENTA/EUCALIPTO ECOLOGICO 500ML,UNÍ VERT,Emb. 0.5 LT,"1,49€","2,98€ / LT",
Amendoins Torrados C/ Sal,TOKAPI,Emb. 0.25 KG,"1,09€","4,36€ / KG",
Gelatina Light Sabor a Morango,TABLIER BLANC,Emb. 0.031 KG,"0,79€","25,48€ / KG",
16 Caps.Café Kaffa Compativeis SG Negro,KAFFA,Emb. 16 UNID.,"3,19€","0,20€ / UNID.",
Vinho Rosé,CASAL MENDES,Garrafa 0.75 LT,"3,99€","5,32€ / LT",
Carne de Porco Salgada C/ Lentilhas,CÔTÉ TABLE,Emb. 0.42 KG,"1,79€","4,26€ / KG",
Vinho Regional Douro Tinto,ALTANO,Garrafa 0.75 LT,"5,49€","7,32€ / LT",
Água sem Gás,LUSO,Garrafa 1.5 LT,"0,60€","0,40€ / LT",
Alimento Completo Cereais P/ Porquinhos-da-Índia,TOUS MES AMIS,Emb. 2.5 KG,"5,89€","2,36€ / KG",
MASCARA EXTRA COLOR 300ML,VITANOVE,Emb. 0.3 LT,"1,99€","6,63€ / LT",
Madalenas Concha,P'TIT DÉLI,Emb. 0.6 KG,"2,69€","4,48€ / KG",
Cogumelo Portobello,,Emb. 0.2 KG,"1,99€","9,95€ / KG",
Vinho Rosé,FAISÃO,Emb. 1 LT,"1,99€","1,99€ / LT",
Fio Dentário Expansivo Sabor Menta,SENSODYNE,Emb. 1 P,"3,49€","3,49€ / P",
BEBIDA +PROTEINA CAFE LATTE,EHRMANN,Emb. 0.25 KG,"1,79€","7,16€ / KG",
SALADA PARISIENNE ATUM MR,COTE SNACK,Emb. 0.25 KG,"1,89€","7,56€ / KG",
Esparguete,MILANEZA,Emb. 0.5 KG,"0,78€","1,56€ / KG",
Queijo Mistura Apimentado Três Igrejas,SALOIO,1 Unid. = 0.47 KG (aprox.),"15,99€/kg","7,52€ / Unid.",
Panela de Inox 16cm,,1 UNID.,"6,09€","6,09€ / UNID.",
Cebola Picada Ultracongelada,IGLO,Emb. 0.35 KG,"0,99€","2,83€ / KG",
Tampões com Aplicador Pearl Compak Regular,TAMPAX,Emb. 36 UNID.,"7,99€","0,22€ / UNID.",
AXE GEL APOLLO,AXE,Emb. 0.4 LT,"3,29€","8,23€ / LT",
Amaciador Cabelo Delicados Garnier Delicadeza de Aveia,ULTRA SUAVE,Emb. 0.2 LT,"3,59€","17,95€ / LT",
Detergente Roupa Máquina Líquido Sensitive,SKIP,Emb. 80 DOSES,"15,99€","0,20€ / DOSES",
Sacos de Lixo Casa de Banho com Atilho 20x10L,ELEMBAL,Emb. 20 UNID.,"0,89€","0,04€ / UNID.",
Almôndegas Bovino Mini,FERIAL,Emb. 0.75 KG,"7,49€","9,99€ / KG",
Gelado de Caramelo Salgado e Amêndoas Pack 3,MAGNUM,Emb. 0.27 LT,"2,99€","11,07€ / LT",
Conserva de Azeitona Preta em Rodelas,RUSTICA,Frasco 0.36 KG,"1,29€","3,58€ / KG",
Cerveja com Álcool Green Limão 6x33cl,SUPER BOCK,Emb. 1.98 LT,"4,49€","2,27€ / LT",
Escova Dentes Intense Clean Médio,AQUAFRESH,Emb. 1 UNID.,"3,99€","3,99€ / UNID.",
Amendoins Torrados e Salgados 3x120g,TOKAPI,Emb. 0.36 KG,"1,87€","5,19€ / KG",
Couve Flor,,1 Unid. = 1.1 KG (aprox.),"4,10€/kg","4,51€ / Unid.",
IOGURTE LIQUIDO FRUTOS TROPICAIS,DÉLISSE,Emb. 0.72 KG,"1,55€","2,15€ / KG",
Fraldas Incontinência com Elásticos Médio,LINDOR,Emb. 20 UNID.,"10,53€","0,53€ / UNID.",
Máquina de Depilar Descartável Oceana,GILLETTE,Emb. 4 UNID.,"6,74€","1,69€ / UNID.",
TOURTEAU DE QUEIJO,NOS RÉGIONS ONT DU TALENT,Emb. 0.25 KG,"2,19€","8,76€ / KG",
Creme Limpeza Micro Cristais Limão,CIF,Emb. 0.7 LT,"2,49€","3,56€ / LT",
Creme Autobrilhante Castanho Calçado com Esponja,SPLENDOR,Emb. 0.04 LT,"1,79€","44,75€ / LT",
FRESHMATIC COM RECARGA LIFE SCENTS DELÍCIAS DE VERÃO,AIRWICK,Emb. 1 UNID.,"7,19€","7,19€ / UNID.",
Mini Magnum de Amêndoa 6x55ml,MAGNUM,Emb. 0.33 LT,"2,99€","9,06€ / LT",
Tablete de Chocolate Cereais Crocantes 4x100g,ECO+,Emb. 0.4 KG,"2,19€","5,48€ / KG",
"AGUA FRIZE,,75CL",FASTIO,,"0,77€",/ Unid.,
Iogurte de Pêssego e Banana 4 Unid.,IOGOLINO,Emb. 0.4 KG,"2,28€","5,70€ / KG",
Spray Mousse,NEOBLANC,Spray 0.7 LT,"2,59€","3,70€ / LT",
Algodão Maxi Bebé,MOTS D'ENFANTS,Emb. 80 UNID.,"1,89€","0,02€ / UNID.",
Azeitonas Pretas Descaroçadas,AGRODELTA,Emb. 0.16 KG,"1,49€","9,31€ / KG",
Gel Banho Romã Natural,MANAVA,Emb. 0.75 LT,"1,79€","2,39€ / LT",
Iogurte Pouch Squeezy Morango,YOCO,Emb. 0.32 KG,"2,29€","7,16€ / KG",
Caderno Capa Preta Pautado A4 60p,ESQUISSE,,"0,85€",/ Unid.,
Tomates Inteiros Pelados,ECO+,Lata 0.8 KG,"0,90€","1,13€ / KG",
Óleo Alimentar 3L,FULA,Garrafão 3 LT,"7,89€","2,63€ / LT",
Dentífrico Protector Plantas Dentagard,COLGATE,Emb. 0.075 LT,"1,99€","26,53€ / LT",
Fraldas Cueca Maxi M,LINDOR,Emb. 14 UNID.,"18,55€","1,33€ / UNID.",
Fita Dentária Sabor a Menta Fresca,SENSODYNE,Emb. 50 MT,"3,49€","0,07€ / MT",
"Iogurte de Manga, Morango e Pêssego 8x120g",DANONE,Emb. 0.96 KG,"1,99€","2,07€ / KG",
Bolachas com Recheio de Limão Cobertura Chocolate,P'TIT DÉLI,Emb. 0.15 KG,"1,19€","7,93€ / KG",
Pacotinho de Frutas Maçã e Pêssego S/ Glúten +6 meses,NESTLÉ,Emb. 0.09 KG,"0,69€","7,67€ / KG",
Kinder Bueno White,KINDER,Emb. 0.043 KG,"0,94€","21,86€ / KG",
Gelado de Chocolate,CARTE D'OR,Emb. 0.75 LT,"1,94€","2,59€ / LT",
Coloração 4-2 Castanho Avermelhado 16X3,SYOSS,,"4,99€",/ Unid.,
MADALENAS LONGAS,ECO+,Emb. 0.25 KG,"0,89€","3,56€ / KG",
Bolo Brigadeiro,,Emb. 1 KG,"7,99€","7,99€ / KG",
Iogurte Aroma Coco 4 Unid.,LONGA VIDA,Emb. 0.125 KG,"0,89€","7,12€ / KG",
Farinha Extra Fina S/ Fermento T55,NACIONAL,Emb. 1 KG,"1,08€","1,08€ / KG",
Vinho do Porto Ruby,DORRÃO,Garrafa 0.75 LT,"3,99€","5,32€ / LT",
Cupita de Porco Preto,PRIMOR,Emb. 0.07 KG,"6,10€","87,14€ / KG",
SACOS LIXO C/ ATILHO 20L,ELEMBAL,Emb. 20 UNID.,"0,89€","0,04€ / UNID.",
Vinho Regional Dão Seleção Branco,CABRIZ,Garrafa 0.75 LT,"4,99€","6,65€ / LT",
Barras de Cereais Trigo Integral C/ Leite 6 Unid.,GOLDEN GRAHAMS,Emb. 0.15 KG,"3,29€","21,93€ / KG",
BEBIDA ARROZ ORIGINAL,ALPRO,Emb. 1 LT,"1,82€","1,82€ / LT",
Toalhitas Limpa Pó Electrostáticas,,Emb. 40 UNID.,"1,99€","0,05€ / UNID.",
"BEBIDA SOJA C/CALCIO LIGHT ,1L",ALPRO,Emb. 1 LT,"1,89€","1,89€ / LT",
Chá de Cidreira,LIPTON,Emb. 10 SAQ.,"0,69€","0,07€ / SAQ.",
Ketchup,ECO+,Emb. 0.58 KG,"0,92€","1,59€ / KG",
Azeite Virgem Extra Clássico,GALLO,Emb. 0.75 LT,"4,49€","5,99€ / LT",
Conserva de Feijocas Verdes Extrafinas,NOTRE JARDIN,Lata 0.53 KG,"1,75€","3,30€ / KG",
Bloco Sanitário Eucalipto,SONASOL WC,Emb. 0.05 KG,"1,94€","38,80€ / KG",
PEITO DE FRANGO FATIADO,CAMPO FINO,Emb. 0.2 KG,"1,79€","8,95€ / KG",
Hamburguer de Vaca Ultracongelado,PESCANOVA,Emb. 0.3 KG,"3,99€","13,30€ / KG",
Detergente Loiça Manual Concentrado Maça,SUPER POP,Emb. 0.7 LT,"1,49€","2,13€ / LT",
Café Solúvel Alta Rica Intenso,NESCAFÉ,Emb. 0.1 KG,"5,31€","53,10€ / KG",
ÓLEO BRONZEADOR CÔCO,AMBRE SOLAIRE,Emb. 0.2 LT,"11,38€","56,90€ / LT",
Caixa de Arrumação com Tampa e Rodas 40L Transparente,,1 UNID.,"12,09€","12,09€ / UNID.",
Polvo Limpo Ultracongelado,,Emb. 0.5 KG,"6,59€","13,18€ / KG",
Pantene Creme de Pentear Sem Enxaguar Cabelo liso 270ml,,Emb. 0.27 LT,"4,49€","16,63€ / LT",
Cápsulas Leite Achocolatado Nesquik,DOLCE GUSTO,Emb. 16 CAPS.,"4,79€","0,30€ / CAPS.",
Mini Cookies com Pepitas de Chocolate 0% Açúcar,ARTIACH,Emb. 0.12 KG,"2,69€","22,42€ / KG",
Mistura de Frutos Secos C/ Sal,MARQUE REPERE,Emb. 0.2 KG,"1,69€","8,45€ / KG",
Gomas Tijolos,COPAÍNS COPINES,Emb. 0.2 KG,"0,99€","4,95€ / KG",
Pão Hamburger,EPI D'OR,Emb. 4 UNID.,"0,99€","0,25€ / UNID.",
Fiambre Peito de Frango,CAMPOFRIO,1 Unid. = 0.1 KG (aprox.),"13,99€/kg","1,40€ / Unid.",
Vassoura Espalmada Lisa C/ Cabo,,Emb. 1 UNID.,"1,99€","1,99€ / UNID.",
Pão de Forma Rústico,EPI D'OR,Emb. 0.6 KG,"1,29€","2,15€ / KG",
OIKOS AMORA 110G X4,OIKOS,Emb. 0.44 KG,"2,39€","5,43€ / KG",
Tira-Nódoas para Roupa Branca em Gel,SKIP,Emb. 1.6 LT,"6,99€","4,37€ / LT",
Mini Pizza Queijo e Fiambre Ultracongelado 9 Unid.,PICCOLINIS,Emb. 0.27 KG,"2,99€","11,07€ / KG",
Alimento Seco P/ Cão Júnior,PURINA FRISKIES,Emb. 3 KG,"11,69€","3,90€ / KG",
Pêssego em Calda,ECO+,Emb. 0.85 KG,"1,99€","2,34€ / KG",
Máquinas de Barbear Descartáveis Blue II Plus,GILLETTE,Emb. 6 UNID.,"3,69€","0,62€ / UNID.",
Bandas de Cera Depilatórias,VEET,Emb. 40 UNID.,"15,99€","0,40€ / UNID.",
Moinho de Sal ou Pimenta,,1 UNID.,"2,70€","2,70€ / UNID.",
Bebida de Cereais C/ Café Intenso,MOKAMBO,Frasco 0.175 KG,"4,49€","25,66€ / KG",
Alimento Húmido P/ Gato Gold Mousse Peixe,GOURMET GOLD,,"0,75€",/ Unid.,
BOLACHA AMENDOIM,,Emb. 0.26 KG,"2,75€","10,58€ / KG",
Bebida Solúvel Café e Chicória,RICORÉ,Emb. 0.26 KG,"5,44€","20,92€ / KG",
Desentupidor em Gel Forza Canos,MR MUSCLE,Emb. 0.1 LT,"4,09€","40,90€ / LT",
Sabonete Líquido Nutritivo Recarga,PALMOLIVE,Emb. 0.3 LT,"1,79€","5,97€ / LT",
Esparguete,CAÇAROLA,Emb. 0.5 KG,"0,98€","1,96€ / KG",
Bolachas de Manteiga em Saquetas 12x3Unid.,P'TIT DÉLI,Emb. 0.3 KG,"2,36€","7,87€ / KG",
Gelatina Light Ananás,ROYAL,Emb. 0.031 KG,"2,09€","67,42€ / KG",
Gel de Banho Black XL,AXE,Emb. 0.4 LT,"3,29€","8,23€ / LT",
Sementes de Abóbora,MARQUE REPERE,Emb. 0.2 KG,"1,89€","9,45€ / KG",
Vinho Verde Branco,CASAL GARCIA,Garrafa 0.75 LT,"3,19€","4,25€ / LT",
Toalhitas para Bebé Limpa e Hidrata,DODOT,Emb. 384 UNID.,"8,69€","0,02€ / UNID.",
Conserva de Cogumelos Laminados Da Horta,COMPAL,Emb. 0.29 KG,"0,99€","3,41€ / KG",
Alimento Seco P/ Gatos Esterilizados Peru e Legumes,PURINA FRISKIES,Emb. 1.5 KG,"6,64€","4,43€ / KG",
Amarguinha 700 ml,AMARGUINHA,Emb. 0.07 LT,"8,49€","121,29€ / LT",
BANDAS DEPILATORIAS CERA FRIA PELE SENSIVEL ROSTO 32UN,SLISS,Emb. 32 UNID.,"1,84€","0,06€ / UNID.",
AMENDOINS TORRADOS E SALGADOS,ECO+,Emb. 0.25 KG,"0,85€","3,40€ / KG",
SALSICHA CHURRASCO ERVAS AROMATICAS,CAMPO FINO,Emb. 0.2 KG,"1,49€","7,45€ / KG",
Conserva de Grão da Horta,COMPAL,Lata 0.42 KG,"0,99€","2,36€ / KG",
TOALHITAS DESMAQUILHANTES PELES SENSIVEIS COM AGUA MICELAR 25UN,INELL,Emb. 25 UNID.,"0,99€","0,04€ / UNID.",
Bebida à Base de Arroz,NAT&VIE,Emb. 1 LT,"1,29€","1,29€ / LT",
SALPICAO,CAMPO FINO,Emb. 0.28 KG,"3,19€","11,39€ / KG",
DETERGENTE MANUAL LOICA CONCENTRADO HIPOALERG.ECOLOGICO 500ML,UNÍ VERT,Emb. 0.5 LT,"1,49€","2,98€ / LT",
Sobremesa Creme Baunilha com Caramelo 4x125g,DÉLISSE,Emb. 0.5 KG,"1,79€","3,58€ / KG",
Brandy,1920,Garrafa 0.7 LT,"11,49€","16,41€ / LT",
Spray de Limpeza Vidros e Superfícies Brilhantes Power&Shine,CIF,Emb. 0.75 LT,"2,49€","3,32€ / LT",
"ALTAS QUINTAS 600 TINTO 0,75",ALTAS QUINTAS 600,,"8,37€",/ Unid.,
Frango para Churrasco Temperado Embalado,,1 Unid. = 0.9 KG (aprox.),"3,89€/kg","3,50€ / Unid.",
Vinagre de Vinho D.O. Madeira Original,GALLO,Emb. 0.25 LT,"4,71€","18,84€ / LT",
SACOS LIXO FECHO FACIL 20L,ELEMBAL,Emb. 20 UNID.,"1,05€","0,05€ / UNID.",
GUYLIAN CHOCOLATE NEGRO 100g  S/AÇÚCAR,,,"2,66€",/ Unid.,
Tâmara Seca C/ Caroço,MARQUE REPERE,Emb. 0.2 KG,"0,99€","4,95€ / KG",
Bebida de Aveia,,Emb. 1 LT,"0,89€","0,89€ / LT",
Queijo Fundido para Hamburger 10 Fatias,LES CROISÉS,Emb. 0.2 KG,"1,69€","8,45€ / KG",
Salsichas Cocktail,TOKAPI,Lata 0.42 KG,"1,89€","4,50€ / KG",
"Lixívia Supergel, 750ML",,Emb. 0.75 LT,"2,52€","3,36€ / LT",
Queijo Mozzarella Ralado Valformoso,VALFORMOSO,Emb. 0.15 KG,"1,29€","8,60€ / KG",
Farinha Express,MAIZENA,Emb. 0.25 KG,"2,52€","10,08€ / KG",
Penso Incontinência Discreet Extra,AUSONIA,Emb. 10 UNID.,"2,24€","0,22€ / UNID.",
Lava Tudo Sabão Natural,CLAIR,Emb. 2 LT,"0,79€","0,40€ / LT",
CANELONES DE CARNE VACA C/ MOLHO DE TOMATE À NAPOLITANA,CÔTÉ TABLE,Emb. 0.8 KG,"2,99€","3,74€ / KG",
Escorredor Talheres,,1 UNID.,"1,75€","1,75€ / UNID.",
Seleção de Frutos Secos,MARQUE REPERE,Emb. 0.33 KG,"5,39€","16,33€ / KG",
SPRAY ANTICALCARIO WC ECOLOGICO 750ML,UNÍ VERT,Emb. 0.75 LT,"1,99€","2,65€ / LT",
MINI BOLACHAS CRACKERS COM SAL,TOKAPI,Emb. 0.075 KG,"0,79€","10,53€ / KG",
Detergente Roupa Proteção Cores,WOOLITE,Emb. 30 DOSES,"6,99€","0,23€ / DOSES",
Mistura Solúvel Café,PLANTATION,Frasco 0.2 KG,"2,39€","11,95€ / KG",
SORVETE MULTIFRUTOS TWIST 5UN,SMICY,Emb. 5 UNID.,"2,19€","0,44€ / UNID.",
Kit Roll-on Elétrico Cera Pernas e Corpo,VEET,Emb. 0.05 LT,"9,89€","197,80€ / LT",
Recarga para Difusor Carro Flores e Brisa,AMBIPUR,Emb. 1 UNID.,"4,99€","4,99€ / UNID.",
Barra Cereais Maçã Verde,GRAINEA,Emb. 0.126 KG,"1,25€","9,92€ / KG",
Vinho Regional Bairrada Tinto,MARQUES DE MARIALVA,Garrafa 0.75 LT,"7,98€","10,64€ / LT",
Perna de Pato,,1 Unid. = 0.39 KG  (aprox.),"6,99€/kg","2,73€ / Unid.",
Queijo Fatias Burger,VACA QUE RI,Emb. 0.2 KG,"1,94€","9,70€ / KG",
Caldo de Galinha,KNORR,Emb. 0.16 KG,"2,39€","14,94€ / KG",
Atum em Óleo Vegetal,BOM PETISCO,Emb. 0.12 KG,"1,26€","10,50€ / KG",
Queijo Mistura,PAIVA,1 Unid. = 1.2 KG (aprox.),"10,99€/kg","13,19€ / Unid.",
Refrigerante sem Gás Ananás,FRUTIS,Emb. 1.5 LT,"1,15€","0,77€ / LT",
Vinho Regional Alentejo Branco,PORTA DA RAVESSA,Garrafa 0.75 LT,"1,99€","2,65€ / LT",
Iced Tea Limão,NESTEA,Garrafa 1.5 LT,"1,00€","0,67€ / LT",
Arroz Agulha,PATO REAL,Emb. 1 KG,"1,18€","1,18€ / KG",
AMACIADOR ROUPA SUAVE,HYPERDOU,Emb. 4 LT,"1,69€","0,42€ / LT",
Polpa de Tomate 1Kg,GULOSO,Frasco 1 KG,"1,92€","1,92€ / KG",
Leite Crescimento Júnior 3+,NESTLÉ,Emb. 1 LT,"2,19€","2,19€ / LT",
Alheira de Caça,ANGELINA,Emb. 0.2 KG,"1,94€","9,70€ / KG",
Caldo Galinha 16 Cubos,MAGGI,Emb. 0.16 KG,"2,09€","13,06€ / KG",
Cotonetes Stoppers Bebé,MOTS D'ENFANTS,Emb. 50 UNID.,"0,48€","0,01€ / UNID.",
Patê de Sardinha e Cavala,PÊCHE OCÉAN,Emb. 0.088 KG,"0,85€","9,66€ / KG",
Chipicao Mini Croissant Baunilha,CHIPICAO,Emb. 0.08 KG,"1,15€","14,38€ / KG",
Ameixa Seca C/ Caroço,MARQUE REPERE,Emb. 0.25 KG,"1,99€","7,96€ / KG",
Batatas Fritas Lisas Camponesas,POM'LISSE,Emb. 0.2 KG,"1,19€","5,95€ / KG",
Bolachas Digestive Go,TRIUNFO,Emb. 0.16 KG,"1,69€","10,56€ / KG",
Esfregão Fibra Verde Classic XXL,SCOTCH BRITE,Emb. 1 UNID.,"0,99€","0,99€ / UNID.",
Vinagre Balsâmico de Modena Gourmet,GALLO,Emb. 0.25 LT,"2,16€","8,64€ / LT",
Queijo Roquefort,NOS RÉGIONS ONT DU TALENT,1 Unid. = 0.25 KG (aprox.),"19,99€/kg","5,00€ / Unid.",
Recarga Mopa Madeiras,SWIFFER,Emb. 18 UNID.,"3,26€","0,18€ / UNID.",
Desodorizante Roll-On Pepino 0%Alumínio,DOVE,Emb. 0.05 LT,"2,84€","56,80€ / LT",
Biscoitos de Canela,P'TIT DÉLI,Emb. 0.5 KG,"1,98€","3,96€ / KG",
Balde de Lixo 24L Prateado,,1 UNID.,"11,50€","11,50€ / UNID.",
Bloco sanitário power 5 duo pack ocean,DOMESTOS,Emb. 0.11 KG,"2,74€","24,91€ / KG",
Vinho do Porto Tawny,FERREIRA,Emb. 0.75 LT,"4,99€","6,65€ / LT",
TARTELETES FRAMBOESA,P'TIT DÉLI,Emb. 0.15 KG,"1,05€","7,00€ / KG",
Croissant de Manteiga 8Unid.,EPI D'OR,Emb. 0.32 KG,"2,29€","7,16€ / KG",
Cereais Pétalas Trigo Chocolate,P'TIT DÉLI,Emb. 0.4 KG,"1,34€","3,35€ / KG",
Xarope de Frutos Silvestres 0 Açucar,FRUCCI,Garrafa 0.75 LT,"1,99€","2,65€ / LT",
Vinagre de Vinho Branco,RUSTICA,Garrafa 0.75 LT,"0,65€","0,87€ / LT",
Recarga para Difusor Automático Delicias de Verão,AIRWICK,Emb. 0.019 LT,"3,59€","188,95€ / LT",
Batata Doce,,1 Unid. = 0.29 KG (aprox.),"1,79€/kg","0,52€ / Unid.",
Tablete Chocolate 70% Cacau,LA CASA,Emb. 0.1 KG,"1,64€","16,40€ / KG",
VINAGRE BALSAMICO BRANCO,RUSTICA,Emb. 0.025 LT,"1,69€","67,60€ / LT",
Cereais C/ Aveia e Maçã,NESTUM,Emb. 0.25 KG,"1,49€","5,96€ / KG",
CRISTAIS SODA 500G CLAIR,CLAIR,Emb. 0.5 KG,"1,99€","3,98€ / KG",
Tomate da Horta Concentrado,COMPAL,Emb. 0.14 KG,"0,99€","7,07€ / KG",
Açúcar Branco,RAR,Emb. 1 KG,"1,49€","1,49€ / KG",
Conserva Cogumelos de Paris Laminados Biológicos,,Frasco 0.28 KG,"1,99€","7,11€ / KG",
Batata Vermelha,,1 Unid. = 1 KG   (aprox.),"0,99€/kg","0,99€ / Unid.",
Galetes de 4 Cereais Biológicas,,Emb. 0.13 KG,"0,99€","7,62€ / KG",
Detergente Manual Loiça Concentrado Original,FAIRY,Emb. 0.78 LT,"2,69€","3,45€ / LT",
"AQUAFR ELIXIR MULTIACT,,500ML",AQUAFRESH,,"5,49€",/ Unid.,
Fraldas Bebé T4+ Doucer 9/20Kg,MOTS D'ENFANTS,Emb. 70 UNID.,"9,67€","0,14€ / UNID.",
Louro Folhas,MARGÃO,Emb. 0.007 KG,"1,11€","158,57€ / KG",
Massa Estrelinhas,TURINI,Emb. 0.25 KG,"0,55€","2,20€ / KG",
Hamburgers de Peito de Frango sem Glúten Ultracongelado,IGLO,Emb. 0.24 KG,"4,29€","17,88€ / KG",
Barrinhas P/ Porquinhos-da-Índia sabor a Frutas,TOUS MES AMIS,Emb. 0.11 KG,"1,85€","16,82€ / KG",
Beterraba Fresca,,1 Unid. = 0.27 KG (aprox.),"1,59€/kg","0,43€ / Unid.",
Leite Bem Essencial C/ Sabor a Cereais,MIMOSA,Emb. 0.8 LT,"1,69€","2,11€ / LT",
Pão Torrado Integral Biológico,,Emb. 0.25 KG,"1,95€","7,80€ / KG",
Tempero de Alho & Coentros 8 Cubos,KNORR,Emb. 0.072 KG,"1,49€","20,69€ / KG",
AE COCKPIT 600 ML 600ML TECH9,TECH9,Emb. 0.6 LT,"3,79€","6,32€ / LT",
Puré Maçã Ameixa S/ Adição Açúcar 4 Unid.,DOUCEUR DU VERGER,Emb. 0.4 KG,"1,59€","3,98€ / KG",
BOLACHAS RECHEADAS C/ AVELA TIPO KANGO X12,P'TIT DÉLI,Emb. 0.225 KG,"1,79€","7,96€ / KG",
Gelatina Light Morango,ROYAL,Emb. 0.031 KG,"1,89€","60,97€ / KG",
"Gelados Bombons de Chocolate Classic, de Amêndoas e de Branco Pack 12",MAGNUM,Emb. 0.14 LT,"4,94€","35,29€ / LT",
Patê Fiambre Sólo Natural,LA PIARA,Emb. 0.077 KG,"1,29€","16,75€ / KG",
Champô Color-Vive Cabelos Pintados,ELVIVE,Emb. 0.4 LT,"3,59€","8,98€ / LT",
Vinho Regional Dão Branco,GRÃO VASCO,Garrafa 0.75 LT,"3,95€","5,27€ / LT",
Limonada Zero,SPRINK'S,Emb. 1.5 LT,"0,89€","0,59€ / LT",
Queijo Fundido Light 16 Porções,PRÉSIDENT,Emb. 0.25 KG,"2,95€","11,80€ / KG",
MOLHO PARA BATATAS FRITAS,RUSTICA,Emb. 0.255 KG,"1,39€","5,45€ / KG",
Mistura Gourmet,TOKAPI,Emb. 0.12 KG,"1,79€","14,92€ / KG",
BOLACHAS MEGA DUO GULLON 500G,GULLÓN,Emb. 0.5 KG,"2,99€","5,98€ / KG",
Mini Barras de Chocolate com Recheio de Leite 16Unid.,COPAÍNS COPINES,Emb. 0.2 KG,"2,41€","12,05€ / KG",
PATE PEIXE/CENOURA P/ GATO 410G,ECO+,Emb. 0.41 KG,"0,65€","1,59€ / KG",
Desodorizante Roll-On Narta Invisível 48H,GARNIER,Emb. 0.05 LT,"3,05€","61,00€ / LT",
Espuma Barbear Extra Hidratante,NIVEA MEN,Emb. 0.2 LT,"3,59€","17,95€ / LT",
Conserva de Salsichas 8 Unid.,IZIDORO,Lata 0.2 KG,"1,24€","6,20€ / KG",
Alimento Seco P/ Gatos Esterilizados Peru e Legumes,PURINA FRISKIES,Emb. 3 KG,"7,79€","2,60€ / KG",
PAO DE FORMA INTEGRAL S/ ACUCAR ADICIONADO,EPI D'OR,Emb. 0.5 KG,"1,39€","2,78€ / KG",
Mini Snack de Chocolate de Leite,LION,Emb. 11 UNID.,"1,94€","0,18€ / UNID.",
"ALCAPARRAS,NUTRY,60G",NUTRY,,"1,19€",/ Unid.,
Alimento Seco para Cães Pequenos Croquetes,LYDOG,Emb. 2 KG,"4,99€","2,50€ / KG",
Queijo da Ilha Fatiado,NOVA AÇORES,Emb. 0.15 KG,"1,69€","11,27€ / KG",
Perna para Assar de Porco,,1 Unid. = 1 KG (aprox.),"5,49€/kg","5,49€ / Unid.",
LENCOS BOLSO 4F ALOE VERA,CARESSE,Emb. 12 UNID.,"1,89€","0,16€ / UNID.",
Iogurte Magro Pedaços Déli´Light 16x125g,DÉLISSE,Emb. 2 KG,"3,99€","2,00€ / KG",
Desodorizante Creme,DOVE,Emb. 0.05 LT,"2,84€","56,80€ / LT",
Camarão Cozido Cal. 60/80,,1 Unid. = 0.28 KG (aprox.),"10,99€/kg","3,08€ / Unid.",
BOLACHA REDONDA RECHEIO CHOCOLATE (3UN),,Emb. 0.72 KG,"2,69€","3,74€ / KG",
MIOLO DE CAMARAO SKIN PACK 100/200,PÊCHE OCÉAN,Emb. 0.16 KG,"2,99€","18,69€ / KG",
CREME SABOR PISTACHIOS,DÉLISSE,Emb. 0.4 KG,"2,39€","5,98€ / KG",
Fraldas Activity T4 Extra 9-15 Kg,DODOT,Emb. 52 UNID.,"13,29€","0,26€ / UNID.",
Sidra Normand Brut,LES GOELLERIES,Garrafa 0.75 LT,"2,19€","2,92€ / LT",
Arroz Semi Integral,,Emb. 0.5 KG,"1,19€","2,38€ / KG",
Queijo Mascarpone,GALBANI,Emb. 0.5,"5,63€","11,26€ /",
Garrafão de Moscatel em Palha,DORRÃO,Emb. 2 L,"12,99€","6,50€ / L",
Amêndoa Laminada,TABLIER BLANC,Emb. 0.125 KG,"2,49€","19,92€ / KG",
Xarope de Morango Bio,,Emb. 0.6 LT,"3,65€","6,08€ / LT",
TOALHITAS HIGIENE INTIMA,DOULYS,Emb. 20 UNID.,"0,79€","0,04€ / UNID.",
Desodorizante Deo Spray Bio-Eficácia 48H Narta,GARNIER,Emb. 0.2 LT,"3,48€","17,40€ / LT",
Durex Play Lubrificante de Morango,DUREX,Emb. 0.05 LT,"9,99€","199,80€ / LT",
Gelado Stracciatella,ESKISS,Emb. 0.9 LT,"2,99€","3,32€ / LT",
Alimento Húmido P/ Cão Paté Borrego,TOUS MES AMIS,Emb. 0.3 KG,"0,79€","2,63€ / KG",
Iogurte Líquido Cremoso Frutos Silvestres,YOGGI,Emb. 0.64 KG,"2,09€","3,27€ / KG",
Dobrada de Feijão Branco,NOBRE,Lata 0.42 KG,"1,76€","4,19€ / KG",
Vinho Verde Branco,AVELEDA,Emb. 0.075 LT,"3,39€","45,20€ / LT",
Néctar Vital Equilíbrio Frutos Vermelhos,COMPAL,Emb. 0.33 LT,"0,62€","1,88€ / LT",
Menu Saquetas Carne em Gelatina 12X100G,LYCAT,Emb. 12 UNID.,"3,99€","0,33€ / UNID.",
Queijo Roquefort com Leite de Ovelha,,Emb. 0.1 KG,"2,69€","26,90€ / KG",
Fraldas Bebé T3 Doucer 4/9Kg,MOTS D'ENFANTS,Emb. 90 UNID.,"9,31€","0,10€ / UNID.",
Leite Creme 4x23 g,EL MANDARIN,Emb. 0.092 KG,"1,49€","16,20€ / KG",
Cebola Amarela Org. Esp. cal.50/70,,Emb. 0.5 KG,"1,79€","3,58€ / KG",
Iogurte Líquido Morango Framboesa 4x155g,CORPOS DANONE,Emb. 0.62 KG,"1,69€","2,73€ / KG",
Limpa Móveis Óleo de Cedro,PRONTO,Spray 0.25 LT,"3,88€","15,52€ / LT",
Refrigerante C/ Gás Laranja,ECO+,Garrafa 2 LT,"0,79€","0,40€ / LT",
Iogurte Bifidus de Pessego S/ Lactose 0% 4 Unid.,DANONE,Emb. 0.48,"2,19€","4,56€ /",
MÁQUINA BARBEAR DESCARTAVEIS 2 LAMINAS,CARRÉ HOMME,Emb. 10 UNID.,"1,59€","0,16€ / UNID.",
Chá de Tília,LIPTON,Emb. 20 SAQ.,"1,20€","0,06€ / SAQ.",
Miolo de Noz Pecan,MARQUE REPERE,Emb. 0.2 KG,"5,99€","29,95€ / KG",
Bolachas de Água e Sal,VIEIRA,Emb. 0.125 KG,"0,69€","5,52€ / KG",
Café Cápsulas Qalidus Intensidade 10,DELTA,Emb. 10 CAPS.,"3,39€","0,34€ / CAPS.",
Conserva de Salsichas 8 Unid.,IZIDORO,Frasco 0.65 KG,"3,14€","4,83€ / KG",
GELEIA MARMELO 345G,CASA MATEUS,Emb. 0.345 KG,"2,47€","7,16€ / KG",
Croissant Brioche,,1 UNID.,"0,65€","0,65€ / UNID.",
Escova de Dentes 3-5 anos,ORAL B,Emb. 1 UNID.,"2,24€","2,24€ / UNID.",
Snack de Chocolate,KIT KAT,Emb. 0.041 KG,"0,74€","18,05€ / KG",
Alimento Seco para Gatinhos Completo,LYCAT,Emb. 0.4 KG,"0,99€","2,48€ / KG",
DETERGENTE LIQUIDO PARA ROUPA BEBE 25D,EPSIL,Emb. 25 DOSES,"2,49€","0,10€ / DOSES",
Nata com 3 Pimentas,PARMALAT,Emb. 0.2 LT,"1,20€","6,00€ / LT",
Inseticida para Casa e Plantas,RAID,Spray 0.4 LT,"4,99€","12,48€ / LT",
Alimento Seco para Cão Frango e Arroz,ECO+,Emb. 4 KG,"5,99€","1,50€ / KG",
Paté para Cão de Vaca e Coração,TOUS MES AMIS,Emb. 0.3 KG,"0,79€","2,63€ / KG",
MIOLO MEXILHAO SKIN PACK,PÊCHE OCÉAN,Emb. 0.23 KG,"1,65€","7,17€ / KG",
"PORCOES PESCADA ""COLIN ALASCA"" 10UN",ECO+,Emb. 1 KG,"5,99€","5,99€ / KG",
"BOLACHAS ""GENOISES"" PERA",P'TIT DÉLI,Emb. 0.15 KG,"1,22€","8,13€ / KG",
ESPUMA CABELO ESPECIAL CARACOIS 200ML,VITANOVE,Emb. 0.2 LT,"1,09€","5,45€ / LT",
Fraldas Activity Tamanho 5 11-16Kg,DODOT,Emb. 42 UNID.,"11,89€","0,28€ / UNID.",
Insecticida Spray Moscas e Mosquitos,DUM DUM,Emb. 0.3 LT,"3,34€","11,13€ / LT",
Bolo Rei Seleção,,1 Unid. = 0.8 KG (aprox.),"4,99€/kg","3,99€ / Unid.",
BLOCO SANITARIO AGUA AZUL 2UN,ECO+,Emb. 2 UNID.,"0,75€","0,38€ / UNID.",
Tablete Chocolate Preto para Culinária,TABLETTE D'OR,Emb. 0.2 KG,"1,09€","5,45€ / KG",
Bolachas Original,OREO,Emb. 0.154 KG,"1,39€","9,03€ / KG",
Cookies de Chocolate com Pepitas Chocolate Biológicas,,Emb. 0.2 KG,"1,89€","9,45€ / KG",
Blue Power Bloco Sanitário,HARPIC,Emb. 1 UNID.,"3,55€","3,55€ / UNID.",
Recarga para Difusor Automático Lavanda e Jasmim,BRISE,Emb. 1 UNID.,"3,59€","3,59€ / UNID.",
Tira Nódoas Pó Oxi Odores,VANISH,Emb. 0.42 KG,"6,49€","15,45€ / KG",
Cerveja com Álcool,SUPER BOCK,Garrafa 1 LT,"1,59€","1,59€ / LT",
Ananás em Calda,FRUÍSTAR,Emb. 0.825 KG,"2,49€","3,02€ / KG",
Gel de Banho Hidratante Baby Rich Moisture,BABY DOVE,Emb. 0.4 LT,"3,29€","8,23€ / LT",
Camarão Aquicultura Cal. 60/80 Congelado,,1 Unid. = 0.25 KG (aprox.),"8,99€/kg","2,25€ / Unid.",
Palitos de La Reine Mousse d´Or,DU BOIS DE LA ROCHE,Emb. 0.2 KG,"2,74€","13,70€ / KG",
Água com Gás Levíssima 6x33cl,PEDRAS SALGADAS,Emb. 1.98 LT,"2,77€","1,40€ / LT",
Cereais de Milho S/ Glúten Corn Flakes,NESTLÉ,Emb. 0.375 KG,"2,24€","5,97€ / KG",
Champô Extra Suave,MANAVA,Emb. 0.5 LT,"2,29€","4,58€ / LT",
Sobremesa Leite Creme com Bolacha 4x125g,REINA,Emb. 0.5 KG,"2,09€","4,18€ / KG",
Água sem Gás 4x1.5 L,FASTIO,Garrafa 6 LT,"1,79€","0,30€ / LT",
Café Cápsulas Selezionato Intensidade 7,PLANTATION,Emb. 10 CAPS.,"2,09€","0,21€ / CAPS.",
Pacotinho de Frutas Banana,IOGOLINO,Emb. 0.09 KG,"0,98€","10,89€ / KG",
Feijão Verde Muito Fino Ultracongelados,,Emb. 1 KG,"1,29€","1,29€ / KG",
Conserva de Feijocas Verdes Finas,,Lata 0.8 KG,"1,39€","1,74€ / KG",
DOCE TEMPORADA ABÓBORA 350G,CASA MATEUS,Emb. 0.35 KG,"2,69€","7,69€ / KG",
Absorvente Branco para Gato Aglomerante,TOUS MES AMIS,Emb. 4 LT,"2,99€","0,75€ / LT",
ACUCAR BAUNILHA X10 SAQUETAS,TABLIER BLANC,Emb. 0.075 KG,"1,59€","21,20€ / KG",
BATOM NUTRE E PROTEGE BIO,BIONAÏA,Emb. 1 UNID.,"2,25€","2,25€ / UNID.",
Alimento Seco Cão Vitafit Balance Frango e Legumes,PURINA FRISKIES,Emb. 4 KG,"12,79€","3,20€ / KG",
Néctar Vital Frutos Vermelhos,COMPAL,Emb. 1 LT,"1,59€","1,59€ / LT",
LUVAS DESCARTÁVEIS EXTRA LONG 10 UN PEQ/MED,VILEDA,Emb. 10 UNID.,"2,99€","0,30€ / UNID.",
Tablete de Chocolate Culinária 70% Cacau,NESTLÉ,Emb. 0.17 KG,"1,94€","11,41€ / KG",
Creme Remodelador Q10 Plus,NIVEA,Emb. 0.3 LT,"11,99€","39,97€ / LT",
Massa Tomate e Mozzarella,KNORR,Emb. 0.072 KG,"1,24€","17,22€ / KG",
Sidra com Álcool de Maça 50cl,SOMERSBY,Emb. 0.5 LT,"1,24€","2,48€ / LT",
PEITO DE PERU FATIAS FINAS,CAMPO FINO,Emb. 0.15 KG,"1,49€","9,93€ / KG",
Bolachas Recheadas Baunilha,ECO+,Emb. 0.5 KG,"1,39€","2,78€ / KG",
Sobremesa Gelado Mini Raspberry 6x60ml,MAGNUM,Emb. 0.36 LT,"3,59€","9,97€ / LT",
Pastilhas Máquina Loiça Platinum Plus,FAIRY,Emb. 37 UNID.,"10,49€","0,28€ / UNID.",
100% Cevada,PENSAL,Frasco 0.2 KG,"2,05€","10,25€ / KG",
Conjunto 4 Copos Champanhe Gisèle 19cl,ARDENCE,4 UNID.,"7,35€","1,84€ / UNID.",
Chá de Camomila,,Emb. 25 SAQ.,"0,79€","0,03€ / SAQ.",
Bebida de Aveia 0% 3x200ML,SHOYCE,Emb. 0.6 LT,"1,74€","2,90€ / LT",
"ALCAPARRAS VINAGRE,FERBAR,180G",FERBAR,,"2,32€",/ Unid.,
Queijo Apimentado de Lamego,PAIVA,1 Unid. = 1.2 KG (aprox.),"10,99€/kg","13,19€ / Unid.",
Rissóis de Camarão 8 Unid.,SNR,Emb. 0.325 KG,"1,99€","6,12€ / KG",
Chouriço Mouro Terras de Xisto,SNR,Emb. 0.25 KG,"2,79€","11,16€ / KG",
Preparado de Arroz de Marisco,PESCANOVA,Emb. 0.5 KG,"4,99€","9,98€ / KG",
Conserva de Salsichas Naturíssimos Frango 8 Unid.,NOBRE,Lata 0.16 KG,"1,89€","11,81€ / KG",
Sobremesa Gelado Morango e Chocolate Branco 4x110ml,MAGNUM,Emb. 0.44 LT,"2,99€","6,80€ / LT",
Edulcorante de Mesa,CANDEREL,Emb. 0.09 KG,"2,99€","33,22€ / KG",
CHAMPO SECO TILIA/MACA 150ML,NATEIS,Emb. 0.15,"1,99€","13,27€ /",
Cereais Bolacha Maria,NESTUM,Emb. 0.25 KG,"1,49€","5,96€ / KG",
Elixir Triple Action,COLGATE,Emb. 0.5 LT,"4,74€","9,48€ / LT",
Sumo S/ Gás Tropical,ECO+,Emb. 2 LT,"1,49€","0,75€ / LT",
Gelatina em Pó Ananás 2x85g,TABLIER BLANC,Emb. 0.17 KG,"0,85€","5,00€ / KG",
Vinho de Mesa Tinto,CASAL DA EIRA,Emb. 0.25 LT,"0,69€","2,76€ / LT",
Tomate Cal. 67/82,,1 Unid. = 0.2 KG (aprox.),"2,29€/kg","0,46€ / Unid.",
Atum em Posta,BOM PETISCO,Emb. 0.385 KG,"4,26€","11,06€ / KG",
Néctar Clássico Laranja,COMPAL,Emb. 1 LT,"1,35€","1,35€ / LT",
Desodorizante Roll-On Tropical 48H,REXONA,Emb. 0.05 LT,"2,69€","53,80€ / LT",
Hamburguer de Peru Ultracongelado,PESCANOVA,Emb. 0.3 KG,"3,99€","13,30€ / KG",
"ATUM EM AZEITE, 120G",TENÓRIO,Emb. 0.12 KG,"2,14€","17,83€ / KG",
Vinho Regional Alentejo Branco,REGUENGOS,Garrafa 0.75 LT,"2,39€","3,19€ / LT",
"SYOSS KERATIN MOUSSE,,250ML",SYOSS,Emb. 0.25 LT,"3,24€","12,96€ / LT",
Cápsulas Café Cortado Espresso Macchiato Intensidade 8,DOLCE GUSTO,Emb. 16 CAPS.,"5,98€","0,37€ / CAPS.",
Pastilhas Café Descafeinado,DELTA,Emb. 16 PAST.,"2,69€","0,17€ / PAST.",
Açúcar Branco de Cana,SIDUL,Emb. 1 KG,"1,17€","1,17€ / KG",
COGUMELOS FERBAR INTEIRO 290G,FERBAR,Emb. 0.29 KG,"1,33€","4,59€ / KG",
DENTIFRICO CARVAO BIO,BIONAÏA,Emb. 0.075 LT,"1,99€","26,53€ / LT",
MOLHO SALADAS C/ ERVAS FINAS,RUSTICA,Emb. 0.5 LT,"0,84€","1,68€ / LT",
Maionese Formato XXL,CALVÉ,Emb. 0.753 KG,"3,04€","4,04€ / KG",
Alimento Húmido Gato Pedaços Molho 4 Unid.,LYCAT,Emb. 1.6 KG,"2,45€","1,53€ / KG",
QUEIJO P/ BARRAR LIGHT,LES CROISÉS,Emb. 0.15 KG,"0,79€","5,27€ / KG",
Ambientador Micado Stick Up Muddle Wine,AIR WICK,Emb. 0.05 LT,"7,19€","143,80€ / LT",
SALTEADO DE COGUMELOS,NOTRE JARDIN,Emb. 0.4 KG,"3,69€","9,23€ / KG",
HAMBURGUER DE PORCO 4UN,CHANTEGRIL,Emb. 0.32 KG,"1,79€","5,59€ / KG",
BLOCO SANITARIO C/LIXIVIA 2UN,SYPHON,Emb. 2 UNID.,"1,29€","0,65€ / UNID.",
Madalenas em Conchas com Ovos Frescos,P'TIT DÉLI,Emb. 0.25 KG,"1,29€","5,16€ / KG",
NUGGETS FRANGO 10UN,CÔTÉ CROC,Emb. 0.2 KG,"1,59€","7,95€ / KG",
Maionese Heinz Cebola E Alho Td 400ml,HEINZ,Emb. 0.4 LT,"3,79€","9,48€ / LT",
Vinho Regional Dão Tinto Reserva 2013,QUINTA DE CABRIZ,Garrafa 0.75 LT,"9,49€","12,65€ / LT",
Queijo Fatiado Flamengo 2X200 g,TERRA NOSTRA,Emb. 0.4 KG,"4,39€","10,98€ / KG",
Feijão Verde Ultracongelado,IGLO,Emb. 0.6 KG,"1,97€","3,28€ / KG",
Gel Sanitário Harpic Liquido Força do Oceano,,Emb. 0.75 LT,"1,94€","2,59€ / LT",
Swiss Dark Chocolate Meio Amargo,TOBLERONE,Emb. 0.1 KG,"2,27€","22,70€ / KG",
Martini Bianco,MARTINI,Garrafa 1 LT,"9,99€","9,99€ / LT",
CREPES SIMPLES DA BRETANHA,NOS RÉGIONS ONT DU TALENT,Emb. 0.085 KG,"1,99€","23,41€ / KG",
Alimento Húmido Gato Completo Delícias do Mar 3x400 g,TOUS MES AMIS,Emb. 3 KG,"2,69€","0,90€ / KG",
"Água sem Gás 6x1,5 L",LUSO,Emb. 9 LT,"3,09€","0,34€ / LT",
Mini Prato para Ovos 16cm Grilo,,1 UNID.,"4,50€","4,50€ / UNID.",
Peixe Espada Preto Posta,,1 Unid. = 0.27 KG (aprox.),"7,99€/kg","2,16€ / Unid.",
Croissants 10Unid.,ECO+,Emb. 0.4 KG,"1,65€","4,13€ / KG",
MORTADELA COM AZEITONA FATIADA,CAMPO FINO,Emb. 0.2 KG,"0,99€","4,95€ / KG",
Cappuccino,PLANTATION,Emb. 16 CAPS.,"2,44€","0,15€ / CAPS.",
Ambientador Carro Ar Fresco,AMBIPUR,Emb. 1 UNID.,"3,49€","3,49€ / UNID.",
Renovador Camurça Spray Preto,SPLENDOR,Emb. 0.2 LT,"3,39€","16,95€ / LT",
Snack Húmido P/ Gato Party Mix Ocean,FELIX,Emb. 0.06 KG,"1,39€","23,17€ / KG",
Iogurte Sólido Suissinhos Morango Alperce,YOCO,Emb. 0.252 KG,"1,74€","6,90€ / KG",
Recarga para Difusor Elétrico Flores Elegantes,AMBIPUR,Emb. 2 UNID.,"7,19€","3,60€ / UNID.",
Água com Gás 6x50cl,VIMEIRO,Emb. 3 LT,"3,18€","1,06€ / LT",
Queijo Bola Flamengo,LIMIANO,1 Unid. = 1.6 KG (aprox.),"7,99€/kg","12,78€ / Unid.",
Camarão Aquicultura Cal. 20/30 Congelado,,1 Unid. = 0.25 KG (aprox.),"11,99€/kg","3,00€ / Unid.",
DETERGENTE MANUAL LOICA ULTRA FRAMBOESA/VINAGRE FRUTOS 500ML,VISIOR,Emb. 0.5 LT,"0,69€","1,38€ / LT",
LIMPA VIDROS AUTO 1 L 1L TECH9,TECH9,Emb. 1 LT,"1,19€","1,19€ / LT",
Body Lotion Refirmante em 2 Semanas Q10,NIVEA,Emb. 0.25 LT,"4,99€","19,96€ / LT",
Molho de Tomate com Cogumelos,TURINI,Frasco 0.42 KG,"1,29€","3,07€ / KG",
Bebida de Soja Choco 3x200ML,SHOYCE,Emb. 0.6 LT,"1,39€","2,32€ / LT",
Bolacha Cream Crackers Estilo Inglês,CUÉTARA,Emb. 0.2 KG,"1,29€","6,45€ / KG",
Balde de Lixo 44L Prateado,,1 UNID.,"16,90€","16,90€ / UNID.",
Rolo de Cozinha Jumbo,SCOTTEX,Rolo 1 P,"3,59€","3,59€ / P",
Misto de Patés 4x22g,PÊCHE OCÉAN,Emb. 0.088 KG,"0,99€","11,25€ / KG",
Queijo Sortido Fatias para Raclette,LES CROISÉS,Emb. 0.7 KG,"7,99€","11,41€ / KG",
Café Delta Moido Máquina Lote Chávena,DELTA,Emb. 0.25 KG,"2,29€","9,16€ / KG",
Chá Verde e Limão Light,TISANA,Garrafa 1.5 LT,"1,49€","0,99€ / LT",
FAIRY MAO ULTRA PODER LIMAO 600ML,,Emb. 0.6 LT,"2,04€","3,40€ / LT",
Creme Culinária Soja,SHOYCE,Emb. 0.2 L,"1,39€","6,95€ / L",
Pantene Liso & Sedoso Champô 3 Em 1,,Emb. 0.3 LT,"3,74€","12,47€ / LT",
Jarro 1L,,1 UNID.,"1,95€","1,95€ / UNID.",
Cápsulas Café Expresso Peru Intensidade 8 Bio,DOLCE GUSTO,Emb. 12 CAPS.,"5,59€","0,47€ / CAPS.",
MISTURA EXOTICA,TOKAPI,Emb. 0.12 KG,"1,09€","9,08€ / KG",
Bebida Energética Energy Drink 4x25cl,RED BULL,Emb. 1 LT,"5,56€","5,56€ / LT",
Pente de Cabelo,,Emb. 1 UNID.,"0,99€","0,99€ / UNID.",
VINAGRE LIMPEZA LIMAO,CLAIR,Emb. 1 LT,"0,79€","0,79€ / LT",
ALGODAO DESMAQUILHANTE BOLAS,INELL,Emb. 100 UNID.,"0,79€","0,01€ / UNID.",
Entremeada de Novilho,,1 Unid. = 0.2 KG (aprox.),"9,99€/kg","2,00€ / Unid.",
Argolas do Mar Ultracongelado,PESCANOVA,Emb. 0.4 KG,"3,99€","9,98€ / KG",
Bolachas de Cereais Dinosauros,ARTIACH,Emb. 0.185 KG,"2,09€","11,30€ / KG",
IOGURTE NATURAL MAGRO 0% DE MATERIA GORDA BIO,,Emb. 0.5 KG,"0,95€","1,90€ / KG",
Cogumelo Shiitake,,1 Unid. = 0.25 KG (aprox.),"10,99€/kg","2,75€ / Unid.",
CREME GORDO 1L,INELL,Emb. 1 LT,"12,99€","12,99€ / LT",
Caldo de Carne 12x10g,ECO+,Emb. 0.12 KG,"0,49€","4,08€ / KG",
Espumante Asti,MARTINI,Garrafa 0.75 LT,"8,98€","11,97€ / LT",
PREPARADO PARA BOLO FOFO PRONTO A COZER,TABLIER BLANC,Emb. 0.5 KG,"2,89€","5,78€ / KG",
Sacos de Lixo Ultra Resistentes com Atilhos 20x30L,ELEMBAL,Emb. 20 UNID.,"1,79€","0,09€ / UNID.",
Esferográficas de Cores sortidas,ESQUISSE,Emb. 10 UNID.,"2,29€","0,23€ / UNID.",
Couscous Semi Integrais,,Emb. 0.5 KG,"1,59€","3,18€ / KG",
5 em 1 Glade Vanilla,BRISE,Spray 0.3 LT,"1,54€","5,13€ / LT",
Fermento de Padeiro 6x5g,TABLIER BLANC,Emb. 0.03 KG,"1,29€","43,00€ / KG",
Batatas Fritas Lisas,POM'LISSE,Emb. 0.2 KG,"1,19€","5,95€ / KG",
Néctar Tutti Frutti,JAFADEN,Emb. 1 LT,"0,99€","0,99€ / LT",
FEIJAO BRANCO LATA MGUIA,NOTRE JARDIN,Emb. 0.425 KG,"0,75€","1,76€ / KG",
Gelados de Amêndoas,MAGNUM,Emb. 4 UNID.,"2,99€","0,75€ / UNID.",
Vinho Regional Alentejo Tinto,REGUENGOS,Garrafa 0.75 LT,"3,99€","5,32€ / LT",
Eau de Toilette Homem Original Brut,BRUT,Emb. 0.1 LT,"14,99€","149,90€ / LT",
Recarga Inseticida Elétrico 45 Noites,RAID,Emb. 1 UNID.,"7,22€","7,22€ / UNID.",
Red Bull,RED BULL,Lata 0.355 LT,"1,89€","5,32€ / LT",
Sumo de Uva,ECO+,Emb. 1 LT,"0,99€","0,99€ / LT",
Salada Alface C/ Cenoura,,Emb. 0.18 KG,"1,22€","6,78€ / KG",
Conserva de Salsichas Hot Dog 4 Unid.,IZIDORO,Frasco 0.25 KG,"2,19€","8,76€ / KG",
FEIJAO BRANCO EM TOMATE,NOTRE JARDIN,Emb. 0.8 KG,"1,39€","1,74€ / KG",
Coloração 1-0 PRETO 16X3,SYOSS,,"4,99€",/ Unid.,
Presunto Fatiado 2x75g,DAMATTA,Emb. 0.15 KG,"3,89€","25,93€ / KG",
Chupas de Sabores Sortidos,CHUPA CHUPS,Emb. 0.12 KG,"2,10€","17,50€ / KG",
Álcool Etilico 96% 250ml,HIDRO,Emb. 0.25 LT,"0,85€","3,40€ / LT",
Conserva de Salsichas Bockwurst 5 Unid.,CÔTÉ TABLE,Frasco 0.25 KG,"1,49€","5,96€ / KG",
Manteiga C/ Sal,MIMOSA,Emb. 0.125 KG,"1,19€","9,52€ / KG",
Cereais de Chocolate C/ Pepitas,COOKIE CRISP,Emb. 0.375 KG,"2,92€","7,79€ / KG",
Alho Seco,,Emb. 0.5 KG,"2,09€","4,18€ / KG",
Gomas Sabor a Frutos,HARIBO,Emb. 0.1 KG,"1,09€","10,90€ / KG",
Salmão Posta Congelado,,1 Unid. = 1 KG  (aprox.),"10,99€/kg","10,99€ / Unid.",
Desodorizante Spray Suave,MANAVA,Emb. 0.2 LT,"1,24€","6,20€ / LT",
"SALSICHAO SECO ""LABEL ROUGE""",ST AZAY,Emb. 0.25 KG,"4,69€","18,76€ / KG",
REDONDITAS CROCANTES tipo belgas,P'TIT DÉLI,Emb. 0.25 KG,"1,79€","7,16€ / KG",
GELATINA FRUTOS TROPICAIS LIGHT CONDI 2X15,CONDI,Emb. 0.3 KG,"1,44€","4,80€ / KG",
PIZZA 3 QUEIJOS BIO,,Emb. 0.38 KG,"3,59€","9,45€ / KG",
Creme Limpeza para Placas de Vitrocerâmica,VITROCLEN,Emb. 0.45 LT,"5,99€","13,31€ / LT",
FEIJOADA À TRANSMONTANA,CÔTÉ TABLE,Emb. 0.25 KG,"2,69€","10,76€ / KG",
Vinho Regional Dão Tinto,CASA DE SANTAR,Garrafa 0.75 LT,"7,49€","9,99€ / LT",
Espumante Reserva Meio Seco,FITA AZUL,Garrafa 0.75 LT,"4,99€","6,65€ / LT",
Polpa de Tomate 100% Português,COMPAL,Frasco 0.5 KG,"0,99€","1,98€ / KG",
Refrigerante sem Gás Laranja Maracujá,FRUTIS,Emb. 1.5 LT,"1,15€","0,77€ / LT",
Pão Rústico,BIMBO,Emb. 0.45 KG,"1,79€","3,98€ / KG",
CHUPA CHUPS LINGUAS  150 gr,,,"2,14€",/ Unid.,
Queijo Curado Meio Gordo 5 Estrelas,LACTO SERRA,1 Unid. = 1 KG (aprox.),"9,99€/kg","9,99€ / Unid.",
Queijo Le Brie,PRÉSIDENT,Emb. 0.2 KG,"3,79€","18,95€ / KG",
COLORACAO LOURO DOURADO 7.3 1UN VITANOVE,VITANOVE,Emb. 1 UNID.,"3,89€","3,89€ / UNID.",
Faca de Cozinha Office 8cm,ARDENCE,1 UNID.,"3,90€","3,90€ / UNID.",
Conserva de Azeitona Verde Gordal,RUSTICA,Emb. 0.5 KG,"1,99€","3,98€ / KG",
Chocolate Preto 70% Cacau Extra Noir,JUBILEU,Emb. 0.1 KG,"2,47€","24,70€ / KG",
CALDEIRADA DE PEIXE,PÊCHE OCÉAN,Emb. 0.9 KG,"4,99€","5,54€ / KG",
Iogurte Bifidus Sólido Natural S/ Lactose,ACTIVIA,Emb. 0.12 KG,"2,19€","18,25€ / KG",
Bebida Energética 6x25cl,X-TENSE,Emb. 1.5 LT,"2,85€","1,90€ / LT",
Dove Talc Soft Desodorizante Spray,DOVE,Emb. 0.15 LT,"2,69€","17,93€ / LT",
Alimento Húmido P/ Gato Vários Sabores,GOURMET GOLD,Emb. 0.34 KG,"2,61€","7,68€ / KG",
Queijo Bola Flamengo,PRIMOR,Emb. 1.1 KG (aprox.),"7,99€/kg","8,79€ / Unid.",
Vinho Regional Alentejano Tinto,CASAS BRANCAS,Garrafa 0.75 LT,"2,59€","3,45€ / LT",
Condicionador Protecção do Calor,TRESEMMÉ,Emb. 0.2 LT,"5,39€","26,95€ / LT",
COGUMELO FERBAR INTEIRO 185G,FERBAR,Emb. 0.185 KG,"0,96€","5,19€ / KG",
Arroz Basmati Himalaia,SALUDÃES,Emb. 1 KG,"2,24€","2,24€ / KG",
SORTIDO GOMAS CAIXA PLASTICA,COPAÍNS COPINES,Emb. 0.75 KG,"3,69€","4,92€ / KG",
Bolos com Recheio de Chocolate 14Unid.,,Emb. 0.42 KG,"1,95€","4,64€ / KG",
Café Solúvel Descafeinado Clássico,NESCAFÉ,Emb. 10 UNID.,"1,68€","0,17€ / UNID.",
Miolo de Amendoim C/ Piri-Piri,MARQUE REPERE,Emb. 0.25 KG,"1,05€","4,20€ / KG",
Vaselina Jelly Baby,VASELINE,Emb. 0.1 LT,"1,49€","14,90€ / LT",
Palitos Salgados,ECO+,Emb. 0.25 KG,"0,79€","3,16€ / KG",
Orelha de Porco,,1 Unid. = 1 KG (aprox.),"4,99€/kg","4,99€ / Unid.",
Snack Fruut Maçã Verde Intenso S/ Açúcar 60g,,Emb. 0.06 KG,"1,49€","24,83€ / KG",
Pizza Margarita na Pedra 3X300G,ECO+,Emb. 0.9 KG,"2,99€","3,32€ / KG",
Papel Higiénico 2 Folhas Compact,MARQUE REPERE,Emb. 12 UNID.,"3,99€","0,33€ / UNID.",
SOBREMESA CREME CHOCOLATE/AVELA,DÉLISSE,Emb. 0.5 KG,"1,59€","3,18€ / KG",
Caixa de Arrumação com Tampa e Rodas 40L Cinza,,1 UNID.,"12,09€","12,09€ / UNID.",
Massa Capellini,TURINI,Emb. 0.5 KG,"0,89€","1,78€ / KG",
Axe Collision Gel de Banho Leather & Cookies,AXE,Emb. 0.4 LT,"3,29€","8,23€ / LT",
Leite Bem Especial Cálcio Meio Gordo,MIMOSA,Emb. 1 LT,"0,98€","0,98€ / LT",
Barra de Cereais com Chocolate Preto e Amendoim,ECO+,Emb. 6 UNID.,"0,99€","0,17€ / UNID.",
Chocolate em pó P/ Leite,NESTLÉ,Emb. 0.39 KG,"3,14€","8,05€ / KG",
Papaia Aérea,,1 Unid. = 0.514 KG (aprox.),"5,99€/kg","3,08€ / Unid.",
Aerossol Air Flores Elegantes,AMBIPUR,Emb. 0.3 LT,"3,83€","12,77€ / LT",
Sidra com Álcool Blackberry 4x33cl,SOMERSBY,Emb. 1.32 LT,"3,99€","3,02€ / LT",
Vinho Rosé Lancers,LANCERS,Garrafa 0.75 LT,"3,99€","5,32€ / LT",
Papel Higiénico,MARQUE REPERE,Emb. 48 UNID.,"8,49€","0,18€ / UNID.",
QJ MINI MOZZA 150G,LES CROISÉS,Emb. 0.15 KG,"1,49€","9,93€ / KG",
FAIRY ROSA E CETIM 650ML,,Emb. 0.65 LT,"1,94€","2,98€ / LT",
Alimento P/ Bebé Frutas Variadas +6 meses 4 Unid.,NESTLÉ BEBÉ,Emb. 0.4 KG,"2,39€","5,98€ / KG",
QUEIJO ROQUEFORT DOP,NOS RÉGIONS ONT DU TALENT,Emb. 0.15 KG,"2,69€","17,93€ / KG",
Rebuçados sem Açúcar Sabor Mel e Limão 4x32g,HALLS,Emb. 0.128 KG,"2,79€","21,80€ / KG",
Difusor Elétrico 3 Volution + Recarga Ar Fresco,AMBIPUR,Emb. 1 UNID.,"4,99€","4,99€ / UNID.",
VINAGRE BRANCO PET CRISTAL 250ML,CRISTAL,Emb. 0.25 LT,"0,64€","2,56€ / LT",
PATE DE FIGADO DE AVES C/ VINHO DO PORTO,CÔTÉ TABLE,Emb. 0.18 KG,"1,39€","7,72€ / KG",
Caprichos do Mar Ultracongelado,PESCANOVA,Emb. 0.4 KG,"2,28€","5,70€ / KG",
Xarope de Menta 0 Açucar,FRUCCI,Garrafa 0.75 LT,"1,99€","2,65€ / LT",
Peito de Peru,,1 Unid. = 0.3 KG (aprox.),"7,69€/kg","2,31€ / Unid.",
Tomate Chucha,,1 Unid. = 0.2 KG (aprox.),"2,99€/kg","0,60€ / Unid.",
Snack P/ Cão Pequeno 7-12Kg,PURINA,Emb. 0.115 KG,"2,24€","19,48€ / KG",
Atum em Posta Azeite,BOM PETISCO,Emb. 0.385 KG,"4,24€","11,01€ / KG",
Aperitivo Krit Krititas,CUÉTARA,Emb. 0.35 KG,"2,38€","6,80€ / KG",
Cabrito Inteiro/Metades,,1 Unid. = 2.5 KG (aprox.),"15,99€/kg","39,98€ / Unid.",
Rolo de Cozinha Gigante,SCOTTEX,Emb. 1 P,"1,18€","1,18€ / P",
Paté de Atum,PÊCHE OCÉAN,Emb. 0.065 KG,"0,59€","9,08€ / KG",
16 Caps.Café Kaffa Compativeis SG Castanho,KAFFA,Emb. 16 UNID.,"3,19€","0,20€ / UNID.",
Queijo de Cabra Curado Extra,QUINTA DO OLIVAL,1 Unid. = 0.91 KG (aprox.),"15,99€/kg","14,55€ / Unid.",
Néctar Clássico Tutti Frutti 3x20 cl,COMPAL,Emb. 0.6 LT,"1,39€","2,32€ / LT",
Bebida de Soja Baunilha 3x200ML,SHOYCE,Emb. 0.6 LT,"1,39€","2,32€ / LT",
Espumante Bruto,COMP DO VINHO,Garrafa 0.75 LT,"3,29€","4,39€ / LT",
AGUARDENTE CURVADA  Vínica Velha Cx. Cartão 70CL,,0.07 CL,"25,99€","371,29€ / CL",
CARTE DOR CHOCOLATE & AVELÃ,CARTE D'OR,Emb. 1 LT,"2,89€","2,89€ / LT",
Saqueta Multifrutos com Bolacha,HERO BABY,Emb. 0.1 KG,"0,98€","9,80€ / KG",
Desodorizante Roll-On Protect & Care 0% 48h,NIVEA,Emb. 0.05 LT,"2,69€","53,80€ / LT",
QUEIJO DE OVELHA,LES CROISÉS,Emb. 0.2 KG,"2,19€","10,95€ / KG",
Chamuças de Carne,,Emb. 4 UNID.,"1,99€","0,50€ / UNID.",
Prato de Sobremesa 21cm Preto,ARDENCE,1 UNID.,"0,99€","0,99€ / UNID.",
Pães de Leite com Pepitas Chocolate de Leite 10 Unid.,EPI D'OR,Emb. 0.35 KG,"1,99€","5,69€ / KG",
Folhado Fiambre 4x100 g Ultracongelado,CÔTÉ TABLE,Emb. 0.4 KG,"3,45€","8,63€ / KG",
Sabonete Líquido Aloe Vera,DETTOL,Emb. 0.25 LT,"2,55€","10,20€ / LT",
Lasanha à Bolonhesa Ultracongelado,CÔTÉ TABLE,Emb. 1 KG,"3,59€","3,59€ / KG",
Espuma Caracóis Naturais,PANTENE,Emb. 0.2 LT,"3,74€","18,70€ / LT",
PREPARADO PARA LEITE CREME,DÉLISSE,Emb. 0.4 KG,"2,99€","7,48€ / KG",
B&J Chocolate Fudge Brownie 465ml,,Emb. 0.465 LT,"6,44€","13,85€ / LT",
"Cerveja Tequila 5,9% Vol. 3 Unid.",DESQUILES,Emb. 0.99 LT,"3,39€","3,42€ / LT",
Prato Raso Branco Opaco 25cm,,1 UNID.,"1,05€","1,05€ / UNID.",
Ovos Solo M,SNR,Emb. 6 UNID.,"1,19€","0,20€ / UNID.",
AIRWICK STICKS DELICIAS V,AIRWICK,Emb. 1 UNID.,"7,19€","7,19€ / UNID.",
Pão de Forma sem Códea,BIMBO,Emb. 0.65 KG,"1,64€","2,52€ / KG",
B&J Peanut Butter Cup 465ml,,Emb. 0.465 LT,"6,79€","14,60€ / LT",
Feijão Frade,NOTRE JARDIN,Emb. 1 KG,"1,89€","1,89€ / KG",
Doce de Mirtilos Biológico,,Emb. 0.375 KG,"2,65€","7,07€ / KG",
QUEIJO EMENTAL FATIADO ESPECIAL TOSTA MISTA,LES CROISÉS,Emb. 0.2 KG,"1,69€","8,45€ / KG",
PETIT GATEAU CHOCOLATE 4UN,TROFIC,Emb. 0.5 KG,"2,79€","5,58€ / KG",
Pão De Forma Cerealia 100% Integral,PANRICO,Emb. 0.385 KG,"1,92€","4,99€ / KG",
Miolo de Caju C/ Sal,MARQUE REPERE,Emb. 0.25 KG,"3,99€","15,96€ / KG",
Queijo Emmental Francês Ralado,LES CROISÉS,Emb. 0.1 KG,"1,05€","10,50€ / KG",
WC Frescura Continua,NEO BLANC,Emb. 2 UNID.,"4,19€","2,10€ / UNID.",
Vinho Regional Douro Branco,ADEGA DE VILA REAL,Garrafa 0.75 LT,"2,39€","3,19€ / LT",
Sobremesa Láctea de Morango +6Meses,BIO VILLAGE BEBE,Emb. 0.4 KG,"2,29€","5,73€ / KG",
Sabonete Moisture Care 4 unid.,PALMOLIVE,Emb. 0.09 KG,"3,34€","37,11€ / KG",
Whisky Grant's,GRANT'S,Garrafa 0.7 LT,"14,79€","21,13€ / LT",
Ovos Moles,,Emb. 0.25 KG,"5,49€/kg","1,37€ / Unid.",
Vinho Regional Alentejo Tinto,TRINCA BOLOTAS,Garrafa 0.75 LT,"5,24€","6,99€ / LT",
MOLHO PIRI-PIRI FERBAR 210G,FERBAR,Emb. 0.21 KG,"0,83€","3,95€ / KG",
Laca Cabelo Diamond Gloss Care 4,NIVEA,Spray 0.25 LT,"2,69€","10,76€ / LT",
Couve Flor Congelada,NOTRE JARDIN,Emb. 1 KG,"1,75€","1,75€ / KG",
Arroz Carolino,BOM SUCESSO,Emb. 1 KG,"1,15€","1,15€ / KG",
Johnson's Baby Pó de Talco,JOHNSON'S BABY,Emb. 0.2 KG,"2,49€","12,45€ / KG",
AGUA MICELAR CLÁSSICA 700ML,GARNIER,,"10,91€",/ Unid.,
QUEIJO MOZZARELLA BUFALA BIO,,Emb. 0.125 KG,"2,49€","19,92€ / KG",
SORVETE TANGERINA,TROFIC,Emb. 1 LT,"1,79€","1,79€ / LT",
Chá de Frutos Vermelhos,TETLEY,Emb. 10 SAQ.,"1,12€","0,11€ / SAQ.",
Conserva de Atum Natural,PÊCHE OCÉAN,Emb. 0.186 KG,"2,39€","12,85€ / KG",
Creme para Barrar com Avelãs,NUSTIKAO,Emb. 0.4 KG,"1,99€","4,98€ / KG",
Aerossol Lavanda,BRISE,Emb. 0.3 LT,"1,54€","5,13€ / LT",
Molho de Tomate com Azeitonas e Manjericão,TURINI,Emb. 0.42 KG,"1,25€","2,98€ / KG",
"AMBIENTADOR MECHA ACTIVA ""FLORAL""375ML",BIEN AIR,375ML 0.375 LT,"1,49€","3,97€ / LT",
Hamburgers de Vaca sem Glúten Ultracongelado,CAPITÃO IGLO,Emb. 0.32 KG,"3,99€","12,47€ / KG",
Chá de Camomila,TETLEY,Emb. 10 UNID.,"0,84€","0,08€ / UNID.",
Café Torrado Expresso Moído,PLANTATION,Emb. 0.25 KG,"1,69€","6,76€ / KG",
Folhado de Maça,,1 Unid. = 0.1 KG,"0,85€","8,50€ / KG",
"AZEITONA OXIDADA,FRC,210G QAMPO",,0.21 KG,"1,39€","6,62€ / KG",
LAVA TUDO AMONIACAL,CLAIR,Emb. 2 LT,"0,69€","0,35€ / LT",
Vinho Regional Douro Branco,CASA FERREIRINHA,Garrafa 0.75 LT,"31,41€","41,88€ / LT",
Vinho do Porto Lágrima Branco,RAMOS PINTO,Garrafa 0.75 LT,"10,19€","13,59€ / LT",
Fraldas Bebé T5 Ultra Confort11/25 Kg,MOTS D'ENFANTS,Emb. 23 UNID.,"3,99€","0,17€ / UNID.",
"AGUARDENTE PONTE MARANTE,,70CL",,0.07 CL,"16,99€","242,71€ / CL",
Bife de Peito de Peru,,1 Unid. = 0.15 KG (aprox.),"7,99€/kg","1,20€ / Unid.",
Pano Bayeta 100% Microfibras,,Emb. 1 P,"1,49€","1,49€ / P",
Desodorizante Roll-On Double Invisible,VASELINE,Emb. 0.05 LT,"2,09€","41,80€ / LT",
CREME PENTEAR P/ CABELO E BARBA 75ML,CARRÉ HOMME,,"2,99€",/ Unid.,
Néctar Clássico 100% Maçã,COMPAL,Emb. 0.33 LT,"0,62€","1,88€ / LT",
Cassoulet C/ Salsichas de Toulouse,CÔTÉ TABLE,Emb. 0.42 KG,"2,05€","4,88€ / KG",
Pão de Forma Out 10 Cereais e Sementes,PANRICO,Emb. 0.65 KG,"1,99€","3,06€ / KG",
Bloco WC Active Effect,SYPHON,Emb. 1 UNID.,"1,38€","1,38€ / UNID.",
GUARDANAPOS AMARELOS FOLHA SIMPLES RENOVA,GUARDANAPOS RENOVA,Emb. 70 UNID.,"0,69€","0,01€ / UNID.",
Gel Depilação P/ Pele Sensível C/ Aloe Vera,GILLETTE,Emb. 0.2 LT,"3,74€","18,70€ / LT",
Prato de Sobremesa 20cm Branco,ARDENCE,1 UNID.,"1,05€","1,05€ / UNID.",
MAIONESE C/ MOSTARDA DE DIJON TOP DOWN,RUSTICA,Emb. 0.415 KG,"1,89€","4,55€ / KG",
Preservativos Finíssimos,CONTROL,Emb. 12 UNID.,"6,99€","0,58€ / UNID.",
FAIRY MAO NATURALS BERGAMOTA 650ML,,Emb. 0.65 LT,"2,04€","3,14€ / LT",
Pão Padeira de Trigo,,1 Unid. = 0.4 KG,"1,09€","2,73€ / KG",
Papel Higiénico Branco,MARQUE REPERE,Emb. 12 UNID.,"4,99€","0,42€ / UNID.",
Wafers de Cacau,,Emb. 0.17 KG,"1,35€","7,94€ / KG",
Sabonetes Solidos Leite e Mel 4 Unid.,PALMOLIVE,Emb. 0.09 KG,"3,34€","37,11€ / KG",
QUEIJO RALADO 3QJ,LES CROISÉS,Emb. 0.2 KG,"1,99€","9,95€ / KG",
Salada Gourmet,,Emb. 0.15 KG,"1,19€","7,93€ / KG",
Refrigerante C/ Gás Cola,JEAN'S,Garrafa 1.5 LT,"1,09€","0,73€ / LT",
Ervilhas Primavera Ultracongelado,IGLO,Emb. 0.5 KG,"3,09€","6,18€ / KG",
Iogurte Líquido Baunilha,DÉLISSE,Emb. 0.85 LT,"1,09€","1,28€ / LT",
Café Solúvel Descafeinado,NESCAFÉ,Emb. 0.1 KG,"3,82€","38,20€ / KG",
Sardinha Congelada,,1 Unid. = 0.25 KG (aprox.),"3,49€/kg","0,87€ / Unid.",
Iogurte Líquido Morango 8 Unid.,YOGGI,Emb. 1.28 KG,"3,94€","3,08€ / KG",
CANUDINHOS,P'TIT DÉLI,Emb. 0.18 KG,"1,50€","8,33€ / KG",
Cominhos Moídos,MARGÃO,Emb. 0.05 KG,"1,49€","29,80€ / KG",
Atum Posta Azeite,BOM PETISCO,Emb. 0.2 KG,"2,39€","11,95€ / KG",
Nectar Clássico Alperce 3x20cl,COMPAL NECTAR,Emb. 0.08 LT,"1,39€","17,38€ / LT",
Sacos Lixo Fecho Fácil 50L,ELEMBAL,Emb. 15 UNID.,"1,49€","0,10€ / UNID.",
Conserva de Salsichas Frankfurt 10 Unid.,NOBRE,Lata 0.25 KG,"1,34€","5,36€ / KG",
Maionese Magra,HELLMANN'S,Emb. 0.459 KG,"3,30€","7,19€ / KG",
Bicarbonato,RUSTICA,Emb. 0.05 KG,"0,49€","9,80€ / KG",
Pantene 3 Minute Miracle Liso & Sedoso,PANTENE PV,Emb. 0.2 LT,"4,49€","22,45€ / LT",
"ALIMENT BEBE: PURE CENOURAS, ARROZ E ABOBORA BIO +6M 2X200G",BIO VILLAGE BEBE,Emb. 0.4 KG,"2,39€","5,98€ / KG",
Cereais Granola de Aveia Chocolate,FITNESS,Emb. 0.3 KG,"2,79€","9,30€ / KG",
Alho em Pó,RUSTICA,Frasco 0.038 KG,"0,61€","16,05€ / KG",
Vinho de Mesa Branco,LAGAR DAS PIAS,Bag in Box 5 LT,"6,92€","1,38€ / LT",
Avelã com Casca,,1 Unid. = 0.5 KG (aprox.),"9,99€/kg","5,00€ / Unid.",
Pudim Morango,BOCA DOCE,Emb. 0.022 KG,"0,59€","26,82€ / KG",
Ice Tea Pêssego,NESTEA,Garrafa 1.5 LT,"1,00€","0,67€ / LT",
Ervilhas e Cenouras Extra Finas,NOTRE JARDIN,Emb. 0.4 KG,"1,29€","3,23€ / KG",
Dentífrico Branqueadora Branco Intenso,AQUAFRESH,Emb. 0.075 LT,"2,39€","31,87€ / LT",
PIMENTA BRANCA MOIDA SAQUETA,RUSTICA,Emb. 0.1 KG,"1,99€","19,90€ / KG",
Guardanapos Folha Simples,MARQUE REPERE,Emb. 100 UNID.,"0,69€","0,01€ / UNID.",
MACARONS 12UN,AUTOUR DU DESSERT,Emb. 0.154 KG,"5,65€","36,69€ / KG",
Bolachas Ricanela,CUÉTARA,Emb. 0.213 KG,"0,99€","4,65€ / KG",
Gomas Bananas,COPAÍNS COPINES,Emb. 0.2 KG,"0,99€","4,95€ / KG",
Mortadela em Fatias S/ Glúten,NOBRE,Emb. 0.12 KG,"1,30€","10,83€ / KG",
VINAGRE SIDRA PET CRISTAL,CRISTAL,Emb. 0.25 LT,"0,64€","2,56€ / LT",
Bolachas com Cobertura Chocolate Preto,P'TIT DÉLI,Emb. 0.2 KG,"1,29€","6,45€ / KG",
Conserva de Atum em Posta Natural,PÊCHE OCÉAN,Emb. 0.12 KG,"0,99€","8,25€ / KG",
Snacks Tufados à Base de Milho e Amendoim,TOKAPI,Emb. 0.09 KG,"0,49€","5,44€ / KG",
Pantene Frizz Control & Luminosidade Máscara 160 ml,PANTENE PV,Emb. 0.16,"4,49€","28,06€ /",
Cerveja com Álcool,CRISTAL,Garrafa 1 LT,"1,35€","1,35€ / LT",
Leite de Crescimento 1+ Cereais,NESTLÉ,Emb. 1 LT,"2,49€","2,49€ / LT",
PATE RICO CARNE/PEIXE C/LEGUMES P/ GATO 4X100G 4X100G LYCAT,LYCAT,Emb. 4 UNID.,"1,59€","0,40€ / UNID.",
Recheio P/ BOUCHEES A LA REINE,CÔTÉ TABLE,Emb. 4 KG,"1,69€","0,42€ / KG",
Snack Fruut Maçã Vermelho Doce Sem Açúcar 20g,,Emb. 0.02 KG,"0,84€","42,00€ / KG",
Refrigerante C/ Gás Limão,ECO+,Emb. 2 LT,"0,79€","0,40€ / LT",
Maçã Royal Gala Cal. 70/75,,1 Unid. = 0.18 KG (aprox.),"1,79€/kg","0,32€ / Unid.",
Red Fish Grande Congelado,,1 Unid. = 0.5 KG (aprox.),"4,99€/kg","2,50€ / Unid.",
MOLHO DE COGUMELOS DESIDRATADO,RUSTICA,Emb. 0.027 KG,"0,69€","25,56€ / KG",
MASSA FOLHADA,TABLIER BLANC,Emb. 0.23 KG,"1,19€","5,17€ / KG",
Guardanapos 2 Folhas,MARQUE REPERE,Emb. 100 UNID.,"1,29€","0,01€ / UNID.",
Noz C/ Casca,MARQUE REPERE,Emb. 0.5 KG,"3,19€","6,38€ / KG",
Amaciador Ultra Suave Óleo de Abacate,GARNIER,Emb. 0.2 LT,"3,59€","17,95€ / LT",
Cerveja com Álcool Mini 20x25cl,SAGRES,Emb. 5 LT,"8,99€","1,80€ / LT",
Proteção Contra o Calcário e a Sujidade,CALGON,Emb. 1.5 LT,"11,99€","7,99€ / LT",
Refrigerante S/ Gás Laranja,AQUARIUS,Garrafa 1.5 LT,"1,94€","1,29€ / LT",
Concentrado de Morango,FRUCCI,Emb. 1.5 LT,"6,99€","4,66€ / LT",
Pensos Higiénicos Ultra Finos,ECO+,,"0,95€",/ Unid.,
"AGUA LISA VIMEIRO ORIGINAL 4X1,5L",VIMEIRO,,"2,49€",/ Unid.,
Bife Pojadouro de Novilho,,1 Unid. = 0.25 KG (aprox.),"9,99€/kg","2,50€ / Unid.",
Vinho Branco A.O.C. MONBAZILLAC 14,TERRASSES D'AUTAN,Garrafa 0.75 CL,"5,99€","7,99€ / CL",
Tirones Verdinhos,,1 Unid. = 0.06 KG (aprox.),"2,99€/kg","0,18€ / Unid.",
Bloco Sanitário 3 em 1 Atlantic,DOMESTOS,Emb. 0.04 KG,"1,19€","29,75€ / KG",
A.O.C. Cotes Provence 2014,TERRES OCREES,Garrafa 0.75 LT,"5,99€","7,99€ / LT",
Papel Higiénico Cuidado Completo Original 3 em 1,SCOTTEX,Emb. 16 UNID.,"3,59€","0,22€ / UNID.",
ARROZ DOCE SABOR BAUNILHA,ECO+,Emb. 0.2 KG,"0,54€","2,70€ / KG",
PASTILHAS PARA MAQUINA LAVA LOICA TUDO EM 1,UNÍ VERT,Emb. 30 UNID.,"2,99€","0,10€ / UNID.",
Ambientador com Recarga White Bouquet,AIRWICK,Emb. 0.25 LT,"7,19€","28,76€ / LT",
Pensos Incontinência Discreet Maxi Night,AUSONIA,Emb. 16 UNID.,"5,99€","0,37€ / UNID.",
Tabuleiro de Vidro Retangular 39x24cm,ARDENCE,1 UNID.,"6,99€","6,99€ / UNID.",
Aditivo para Roupa Gel Anti-Calcário 2 em1,CALGON,Emb. 0.75 LT,"6,99€","9,32€ / LT",
Amendoim C/ Casca Torrado,MARQUE REPERE,Emb. 0.2 KG,"0,99€","4,95€ / KG",
CURGETES RODELAS,NOTRE JARDIN,Emb. 1 KG,"1,59€","1,59€ / KG",
IOGURTE GREGO NATURAL BIO,,Emb. 0.3 KG,"1,39€","4,63€ / KG",
CERA QUENTE DEPILACAO PROFISSIONAL 400G,SLISS,Emb. 0.4 LT,"4,99€","12,48€ / LT",
Salva Camas 60x75CM,LINDOR,Emb. 15 UNID.,"6,37€","0,42€ / UNID.",
Brioche Fatiado,EPI D'OR,Emb. 0.5 KG,"2,59€","5,18€ / KG",
Conserva Cassoulet de Porco,CÔTÉ TABLE,Lata 0.84 KG,"2,54€","3,02€ / KG",
Feijão Verde Muito Fino Ultracongelado,NOTRE JARDIN,Emb. 1 KG,"1,59€","1,59€ / KG",
Pipocas Caramelizadas,TOKAPI,Emb. 0.1 KG,"0,71€","7,10€ / KG",
Chá Green Framboesa Romã,LIPTON,Emb. 20 SAQ.,"1,49€","0,07€ / SAQ.",
Vinho Branco do Douro,CADÃO,Emb. 0.75 LT,"2,99€","3,99€ / LT",
Leite Bem Essencial UHT Magro,MIMOSA,Emb. 1 LT,"0,94€","0,94€ / LT",
Maçã Jonagored Cal. 75/80,,1 Unid. = 0.245 KG (aprox.),"1,79€/kg","0,44€ / Unid.",
Tortilhas de Milho,TABLES DU MONDE,Emb. 0.32 Kg,"1,41€","4,41€ / Kg",
Dentífrico Menta Suave,AQUAFRESH,Emb. 0.075 LT,"2,17€","28,93€ / LT",
Lixívia em Gel Original,DOMESTOS,Emb. 0.75 Lt,"1,79€","2,39€ / Lt",
Detergente Loiça Máquina Pastilhas,,Emb. 50 PAST.,"2,69€","0,05€ / PAST.",
Bebida de Amêndoa,ALPRO,Emb. 1 LT,"2,08€","2,08€ / LT",
Chouriço C/ Feijão Branco,NOBRE,Emb. 0.42 KG,"1,76€","4,19€ / KG",
Donuts Chocolate 4x47 gr,DONUTS,Emb. 0.188 KG,"1,99€","10,59€ / KG",
Chá de Limão,LIPTON,Emb. 20 SAQ.,"1,74€","0,09€ / SAQ.",
Camarão Cal. 30/40 Congelado,,1 Unid. = 0.238 KG (aprox.),"9,99€/kg","2,38€ / Unid.",
Bife de Frango,,1 Unid. = 0.35 KG (aprox.),"7,49€/kg","2,62€ / Unid.",
CANUDINHOS,P'TIT DÉLI,Emb. 0.18 KG,"1,32€","7,33€ / KG",
Vodka Black,ERISTOFF,Garrafa 0.7 LT,"12,99€","18,56€ / LT",
Caixa Hermética Quadrada 17cm,,1 UNID.,"2,45€","2,45€ / UNID.",
"ARROZ MUNDO ORIENTE PAELLA,1KG",NOVARROZ,,"2,39€",/ Unid.,
ALHEIRA C/LEITAO 200GR - ENCHIDOS DE LAMEGO,TERRAS DO DEMO,,"1,69€",/ Unid.,
Gelado Classic de Baunilha com Pedaços de Chocolate,MAGNUM,Emb. 0.44 LT,"3,89€","8,84€ / LT",
Alheira,TERRAS DO DEMO,Emb. 0.2 KG,"1,24€","6,20€ / KG",
Ananás em Calda Rodelas com Sumo Natural,DOUCEUR DU VERGER,Lata 0.565 KG,"1,75€","3,10€ / KG",
Fralda Cueca T6 +16Kg Eco,MOTS D'ENFANTS,Emb. 18 UNID.,"6,49€","0,36€ / UNID.",
Pacotinho de Frutas Banana Laranja e Bolacha +6 meses,NATURNES,Emb. 0.09 KG,"0,69€","7,67€ / KG",
Água sem Gás Frutos Vermelhos,LUSO FRUTA,Garrafa 0.5 LT,"0,79€","1,58€ / LT",
Doce de Alperce Baixo Teor de Açúcar,DOUCEUR DU VERGER,Frasco 0.34 KG,"1,59€","4,68€ / KG",
Alimento Húmido P/ Cão Adulto Pequeno C/ Carne de Vaca e Pato,PURINA,Emb. 0.4 KG,"2,39€","5,98€ / KG",
Ambientador Eléctrico Recarga I Love You,GLADE,Emb. 0.02 LT,"3,59€","179,50€ / LT",
TIRAS GOMAS ACIDAS FUN COLORZ,COPAÍNS COPINES,Emb. 0.2 KG,"1,49€","7,45€ / KG",
Panela de Inox 20cm,,1 UNID.,"8,79€","8,79€ / UNID.",
Conserva Macedónia de Legumes,NOTRE JARDIN,Lata 0.4 KG,"0,89€","2,23€ / KG",
DETERGENTE EM GEL CONCENTRADO TUDO EM 1 MAQUINA LOICA 45 LAVAGENS,VISIOR,Emb. 0.9 LT,"4,69€","5,21€ / LT",
Café Delta Moido Saco Chavena Torrado,DELTA,Emb. 0.25 KG,"2,29€","9,16€ / KG",
RECARGA ESFREGONA MICROFIBRAS FIO AZUL,,Emb. 1 UNID.,"1,99€","1,99€ / UNID.",
Mão de Borrego,,1 Unid. = 1 KG (aprox.),"9,25€/kg","9,25€ / Unid.",
ESCOVA DENTES BAMBU MACIA 1UN DENTAMYL,DENTAMYL,,"1,85€",/ Unid.,
MOUSSE DE MANGA CONDI 80G,CONDI,Emb. 0.8 KG,"1,34€","1,68€ / KG",
CAPS CAFE COMP C/ DG XL INT9,PLANTATION,,"5,99€",/ Unid.,
Vinho Branco de Mesa,CASAL DA EIRA,Emb. 0.25 LT,"0,69€","2,76€ / LT",
Bolachas com Recheio Cereja Cobertura Chocolate,P'TIT DÉLI,Emb. 0.15 KG,"1,19€","7,93€ / KG",
MIOLO DE AMEIJOA ZEBRA,PÊCHE OCÉAN,Emb. 0.25 KG,"2,75€","11,00€ / KG",
GELADO TRIUM CAFE 4UN,TRIUM,Emb. 4 UNID.,"2,25€","0,56€ / UNID.",
Loção P/ Corpo Nutritiva 48h para Pele Seca a Muito Seca,NIVEA BODY,Emb. 0.25 LT,"3,54€","14,16€ / LT",
Cápsulas Café Sical Pack x3,DOLCE GUSTO,Emb. 48 CAPS.,"14,89€","0,31€ / CAPS.",
Doce Extra de Alperce Biológico,,Emb. 0.37 KG,"2,15€","5,81€ / KG",
Pimenta Preta Moída,RUSTICA,Emb. 0.05 KG,"0,89€","17,80€ / KG",
IOGURTE C/PEDACOS VARIOS SABORES,DÉLISSE,Emb. 2 KG,"3,99€","2,00€ / KG",
Alho Francês Cortado,,Emb. 0.2 KG,"1,19€","5,95€ / KG",
Cogumelos Laminados,ECO+,Emb. 0.23 KG,"0,86€","3,74€ / KG",
Desodorizante Stick,DOVE,Emb. 0.04 LT,"2,84€","71,00€ / LT",
Fatias Fiambre da Perna Extra,NOBRE,Emb. 0.12 KG,"2,69€","22,42€ / KG",
Cone Baunilha 8x120ml,ECO+,Emb. 8 UNID.,"2,19€","0,27€ / UNID.",
Café Solúvel de Cereais e Fibra,BOLERO,Emb. 0.2 KG,"2,99€","14,95€ / KG",
Bolachas Maria sem Glúten,GULLÓN,Emb. 0.4 KG,"3,79€","9,48€ / KG",
Recarga Esfregona Rotativa,,Emb. 1 UNID.,"2,49€","2,49€ / UNID.",
Sumo 100% Toranja,JAFADEN,Emb. 1 LT,"1,95€","1,95€ / LT",
Cassoulet C/ Salsichas de Toulouse,CÔTÉ TABLE,Emb. 0.84 KG,"2,99€","3,56€ / KG",
DROPS BOLAS DE NEVE M.GUIA,COPAÍNS COPINES,Emb. 0.25 KG,"0,99€","3,96€ / KG",
Vinho Verde Branco,CRUZEIRO,Garrafa 0.75 LT,"1,79€","2,39€ / LT",
Aletria,MILANEZA,Emb. 0.5 KG,"1,19€","2,38€ / KG",
Dourada Cal. 400/600,,1 Unid. = 0.42 KG (aprox.),"9,99€/kg","4,20€ / Unid.",
Vinho Regional Tejo Tinto Reserva,CABEÇA DE TOIRO,Garrafa 0.75 LT,"5,49€","7,32€ / LT",
Pipocas Pop Corn 3x90g,TOKAPI,Emb. 0.27 KG,"1,08€","4,00€ / KG",
Pão de Forma sem Codea,EPI D'OR,Emb. 0.45 KG,"1,39€","3,09€ / KG",
Salsichas de Aves 8 Unidades,IZIDORO,Lata 0.2 KG,"1,19€","5,95€ / KG",
Batatas Fritas 6x30 gr,ECO+,Emb. 0.18 KG,"1,39€","7,72€ / KG",
BOLINHOS IOGURTE C/ BASE CHOCOLATE 7UN POCKET,P'TIT DÉLI,Emb. 0.21 KG,"1,99€","9,48€ / KG",
Massa Vinha D\'Alho,RUSTICA,Frasco 0.2 KG,"0,75€","3,75€ / KG",
Pantene Liso & Sedoso Champô,,Emb. 0.1 LT,"9,59€","95,90€ / LT",
Vinho Regional Península de Setúbal Branco Seco,B.S.E,Garrafa 0.75 LT,"2,99€","3,99€ / LT",
Brioches Recheados com Creme de Pasteleira,EPI D'OR,Emb. 0.3 KG,"1,79€","5,97€ / KG",
Pensos Higiénicos Diários Maxi Aloe,CAREFREE,Emb. 48 UNID.,"4,79€","0,10€ / UNID.",
Crepes com Cogumelos,CÔTÉ TABLE,Emb. 6 UNID.,"1,39€","0,23€ / UNID.",
Molho Passata Guloso C/Manjericao E Oregãos 210G,GULOSO,Emb. 0.21 KG,"0,79€","3,76€ / KG",
Salsicha Peru,NOBRE,Emb. 0.16 KG,"1,39€","8,69€ / KG",
FRALDA INCONTINENCIA MEDIA,CHORYS,Emb. 20 UNID.,"7,69€","0,38€ / UNID.",
Bolachas Original Family Format,OREO,Emb. 0.44 KG,"3,99€","9,07€ / KG",
Amêndoas e Avelãs Torradas Trituradas e Caramelizadas,TABLIER BLANC,Emb. 0.1 KG,"1,99€","19,90€ / KG",
PENSOS DIARIOS 30UN,ECO+,Emb. 30 UNID.,"0,60€","0,02€ / UNID.",
Néctar Clássico Manga,JAFADEN,Emb. 1 LT,"0,89€","0,89€ / LT",
PREPARADO P/ ARROZ MARISCO,PÊCHE OCÉAN,Emb. 0.4 KG,"3,50€","8,75€ / KG",
Massa Macarrão,ECO+,Emb. 0.5 KG,"0,65€","1,30€ / KG",
Vinho Frisante Rosé,PLEXUS,Garrafa 0.75 LT,"2,19€","2,92€ / LT",
Creme de Protecção Intensiva Camomila,ATRIX,Emb. 0.15 LT,"4,99€","33,27€ / LT",
Champô Karité Óleo Côco Cabelos Muito Secos,NATEIS,Emb. 0.25 LT,"1,49€","5,96€ / LT",
Ambientador Vela Baunilha,AIRWICK,Emb. 2 UNID.,"5,69€","2,85€ / UNID.",
Fermento em Pó 6Unid.,TABLIER BLANC,Emb. 0.066 KG,"0,79€","11,97€ / KG",
Bolachas Enroladas Cobertas de Chocolate Preto,P'TIT DÉLI,Emb. 0.125 KG,"1,49€","11,92€ / KG",
Creme de Banho Care & Relax,NIVEA,Emb. 0.75 LT,"5,10€","6,80€ / LT",
Bolachas Areadas de Manteiga Pura com Coco e Recheadas,P'TIT DÉLI,Emb. 0.1 KG,"1,49€","14,90€ / KG",
Néctar Clássico Ameixa,COMPAL,Emb. 1 LT,"1,35€","1,35€ / LT",
Massa Pevides,TURINI,Emb. 0.25 KG,"0,55€","2,20€ / KG",
SAL REGENERADOR,VISIOR,Emb. 2 KG,"0,79€","0,40€ / KG",
Faca de Carne,,Emb. 6 UNID.,"1,90€","0,32€ / UNID.",
Vinho Regional Dão Tinto,GRÃO VASCO,Garrafa 0.75 LT,"3,99€","5,32€ / LT",
Lixívia Frescura do Campo,NEOBLANC,Emb. 1 LT,"1,24€","1,24€ / LT",
Forma de Vidro Tarte 27cm,ARDENCE,1 UNID.,"3,99€","3,99€ / UNID.",
Recarga Pure Flor Cerejeira,AIRWICK,Emb. 1 UNID.,"3,59€","3,59€ / UNID.",
Pá do Lixo c/ Espanador,,Emb. 1 UNID.,"2,00€","2,00€ / UNID.",
Bolachas Cobertas Chocolate Leite,P'TIT DÉLI,Emb. 0.15 KG,"1,19€","7,93€ / KG",
Fibra Normal Classic,SCOTCH BRITE,Emb. 1 UNID.,"0,79€","0,79€ / UNID.",
Café Torrado Moído África Ásia e Brasil Moagem Fina,SICAL,Emb. 0.25 KG,"2,39€","9,56€ / KG",
Chá Baunilha e Caramelo,LIPTON,Emb. 20 SAQ.,"1,74€","0,09€ / SAQ.",
Vinho Regional Bairrada Tinto,MARQUES DE MARIALVA,Garrafa 0.75 LT,"18,26€","24,35€ / LT",
Café Solúvel Qualité Filtre,PLANTATION,Frasco 0.1 KG,"1,83€","18,30€ / KG",
Salmão do Atlântico Fumado,ECO+,Emb. 0.2 KG,"5,49€","27,45€ / KG",
Preparado Sopa Creme de Marisco,KNORR,Emb. 0.075 KG,"1,49€","19,87€ / KG",
Café Moagem Universal Lote Chávena Moída 2x250g,DELTA,Emb. 0.5 KG,"4,99€","9,98€ / KG",
Queijo Curado Amanteigado o Sabor Português,LES CROISÉS,1 Unid. = 1 KG (aprox.),"7,89€/kg","7,89€ / Unid.",
Lenços Bolso,MARQUE REPERE,Emb. 18 UNID.,"1,69€","0,09€ / UNID.",
Mini Tostas,EPI D'OR,Emb. 0.35 KG,"1,99€","5,69€ / KG",
PAIO LOMBO FATIADO,CAMPO FINO,Emb. 0.15 KG,"2,09€","13,93€ / KG",
Cookies Sem Gluten,GULLÓN,Emb. 0.2 KG,"2,69€","13,45€ / KG",
Recarga Freshmatic White Bouquet,AIR WICK,Spray 0.26 KG,"3,59€","13,81€ / KG",
Conserva de Feijão Manteiga,COMPAL,Lata 0.845 KG,"1,59€","1,88€ / KG",
Fraldas Bebé Extra Absorção Activity Tamanho 3,DODOT,Emb. 60 UNID.,"13,29€","0,22€ / UNID.",
Aromatizante Máquina Loiça Limão,SUN,Emb. 1 UNID.,"2,24€","2,24€ / UNID.",
Tomate Chucha Embalado,,1 Unid. = 1 P   (aprox.),"1,29€","1,29€ / P",
"VELA AROMATICA ""FRUTOS VERMELHOS"" 30H",BIEN AIR,Emb. 1 UNID.,"1,99€","1,99€ / UNID.",
ALIMENTO HUMIDO FRANGO / LEGUMES COMPLETO 1200KG,TOUS MES AMIS,Emb. 1 KG,"2,05€","2,05€ / KG",
Bolachas Amanteigadas Palet breton 2x125g,P'TIT DÉLI,Emb. 0.25 KG,"2,14€","8,56€ / KG",
Conserva de Atum em Óleo Vegetal,GENERAL,Emb. 0.11 KG,"0,99€","9,00€ / KG",
Papa Infantil de Maçã,CERELAC,Emb. 0.25 KG,"2,39€","9,56€ / KG",
Bijou,,1 Unid. = 0.055 KG,"0,10€","1,82€ / KG",
Marcadores Ponta Fina,ESQUISSE,Emb. 4 UNID.,"2,49€","0,62€ / UNID.",
Cereais Integrais e Mel,NESTUM,Emb. 0.25 KG,"1,49€","5,96€ / KG",
Aerossol Air Nuvens de Algodão,AMBIPUR,Emb. 0.3 LT,"3,99€","13,30€ / LT",
Iogurte Líquido Corpos Morango Kiwi 4x155g,DANONE,Emb. 0.62 KG,"1,69€","2,73€ / KG",
DENTIFRICO SABOR MORANGO EM GEL JUNIOR 7-13 ANOS,DENTAMYL,Emb. 0.075 LT,"0,99€","13,20€ / LT",
Frango à Provençal C/ Ervas Aromáticas,MAGGI,Emb. 0.028 KG,"0,74€","26,43€ / KG",
Bolo Brigadeiro,,Emb. 0.5 KG,"5,99€","11,98€ / KG",
AREIA VEGETAL 10L P'TIT AMI,TOUS MES AMIS,Emb. 10 LT,"3,59€","0,36€ / LT",
BOUIL.POT AU FEU DESH,RUSTICA,Emb. 0.12 KG,"0,79€","6,58€ / KG",
Café Torrado Grão,PLANTATION,Emb. 1 KG,"5,69€","5,69€ / KG",
OS BOCADINHOS EM MOLHO VACA/MASSA/CENOURA P/ CAO 1230G,LYDOG,Emb. 1 KG,"2,05€","2,05€ / KG",
Fraldas Recém Nascido T1 Ultra Confort 2/5Kg,MOTS D'ENFANTS,Emb. 23 UNID.,"2,39€","0,10€ / UNID.",
Queijo Barra Flamengo,PRIMOR,1 Unid. = 0.15 KG (aprox.),"8,99€/kg","1,35€ / Unid.",
Cereais Frosties,KELLOGG'S,Emb. 0.375 KG,"2,29€","6,11€ / KG",
Sobremesa Creme de Chocolate 4x125g,DÉLISSE,Emb. 0.5 KG,"1,59€","3,18€ / KG",
Filetes de Anchovas em Óleo Vegetal,RAMIREZ,Emb. 0.04 KG,"1,34€","33,50€ / KG",
Alimento Seco P/ Gato Vaca e Frango,PURINA FRISKIES,Emb. 2 KG,"7,99€","4,00€ / KG",
QUEIJO FLAMENGO FATIADO,QUEIJO NA TÁBUA,Emb. 0.275 KG,"2,20€","8,00€ / KG",
Biscoitos com Pepitas de Chocolate Preto Biológico,,Emb. 0.14 KG,"1,99€","14,21€ / KG",
Alimento Húmido P/ Gato Duplo Prazer Pack 12,GOURMET,Emb. 1.02 KG,"6,29€","6,17€ / KG",
SACO CONGELACAO MEDIO 22X35,ELEMBAL,Emb. 50 UNID.,"0,76€","0,02€ / UNID.",
Leite Condensado Cozido,DÉLISSE,Emb. 0.397 KG,"1,29€","3,25€ / KG",
Miolo de Amêndoa Moído,MARQUE REPERE,Emb. 0.2 KG,"2,99€","14,95€ / KG",
DETERGENTE MANUAL LOICA FRUTOS VERMELHOS/FLORES 750ML,VISIOR,Emb. 0.75 LT,"0,97€","1,29€ / LT",
Chourição Gran Doblon,CAMPOFRIO,1 Unid. = 0.1 KG (aprox.),"16,99€/kg","1,70€ / Unid.",
PAO COM CHOCOLATE (NAPOLITANAS) X12 (SAQ INDIVIDUAL),EPI D'OR,Emb. 0.54 KG,"2,24€","4,15€ / KG",
Toalhitas Bebé Ecológicas,MOTS D'ENFANTS,Emb. 72 UNID.,"1,79€","0,02€ / UNID.",
Cuecas Menina 3 aos 5 Anos,HUGGIES,Emb. 16 UN,"8,99€","0,56€ / UN",
Recarga para Difusor Elétrico 3 Volution Flores Elegantes,AMBIPUR,Emb. 1 UNID.,"5,24€","5,24€ / UNID.",
Sabonete Líquido Hipo-Alergénio,MANAVA,Emb. 0.3 LT,"0,89€","2,97€ / LT",
Vinho Regional Tejo Branco,PLEXUS,Garrafa 0.75 LT,"2,19€","2,92€ / LT",
Arroz Carolino,LOURO,Emb. 1 KG,"1,09€","1,09€ / KG",
"Prato Sopa Gourmandine Anis 19,5cm",ARDENCE,1 UNID.,"1,85€","1,85€ / UNID.",
Pão Embalado Burguer 4 Unid.,PANRICO,Emb. 0.3 KG,"1,46€","4,87€ / KG",
Alimento Seco para Cão Carne e Cereais Integrais,ECO+,Emb. 4 KG,"4,69€","1,17€ / KG",
Amaciador Cabelos Secos Elvive,ELVIVE,Emb. 0.2 LT,"3,75€","18,75€ / LT",
Chá Lúcia Lima,TETLEY,Emb. 10 SAQ.,"0,86€","0,09€ / SAQ.",
Pó Sabão Natural,SKIP,Emb. 100 DOSES,"14,99€","0,15€ / DOSES",
ALGODAO MAXI OVAL X 60 BIO,BIONAÏA,Emb. 60 UNID.,"1,59€","0,03€ / UNID.",
Cogumelos de Paris Laminados Ultracongelado,NOTRE JARDIN,Emb. 1 KG,"2,19€","2,19€ / KG",
LACA FIXACAO FORTE STYLING 300ML,VITANOVE,Emb. 300 LT,"1,95€","0,01€ / LT",
Cereais Integrais com Mel Biológicos,CHEERIOS,Emb. 0.33,"2,99€","9,06€ /",
Azeite Virgem Extra Seleção,SERRATA,Garrafa 0.75 LT,"3,99€","5,32€ / LT",
Vinho do Porto Tawny,PORTO CRUZ,Garrafa 0.75 LT,"4,99€","6,65€ / LT",
Estojo C/ Escova de Dentes e Copo Cor de Rosa 2-6 Anos,PETIT DENTAMYL,Emb. 1 UNID.,"2,99€","2,99€ / UNID.",
Batatas P/ Fritar,,Emb. 3 KG,"3,19€","1,06€ / KG",
Croquetes de Carne,,Emb. 8   UNID.,"1,39€","0,17€ /   UNID.",
Chocolate de Leite Confetti,MILKA,Emb. 0.1 KG,"1,59€","15,90€ / KG",
"SOBREMESA ""GIRAFA"" BAUNILHA-CHOCOLATE",DÉLISSE,Emb. 0.4 KG,"1,59€","3,98€ / KG",
1ª Papa Láctea Cerelac Multifrutos Sem Glúten,NESTLÉ,Emb. 0.25 KG,"2,79€","11,16€ / KG",
Erdinger Cerveja da Alemanha Weissbier,ERDINGER,Emb. 0.5 LT,"2,29€","4,58€ / LT",
Nata com Cogumelos,PARMALAT,Emb. 0.2 KG,"1,20€","6,00€ / KG",
Gelado Super Maxi,OLÁ,Emb. 0.39 LT,"2,49€","6,38€ / LT",
TOSTAS INTEGRAIS S/ SAL S/ ACUCARES BIO,,Emb. 0.3 KG,"1,79€","5,97€ / KG",
Queijo Curado Fatiado S/ Lactose,CASTELÕES,Emb. 0.15 KG,"1,87€","12,47€ / KG",
Escovas Júnior,AQUAFRESH,Emb. 1 UNID.,"3,09€","3,09€ / UNID.",
Gel de Banho Colónia,NATURAL HONEY,Emb. 0.65 LT,"4,94€","7,60€ / LT",
Desodorizante Invisible Spray,REXONA,Emb. 0.15 LT,"2,54€","16,93€ / LT",
Leite P/ Lactentes 1,NAN,Emb. 0.8 KG,"13,31€","16,64€ / KG",
Água Micelar Desmaquilhante Tudo em 1,NIVEA,Emb. 0.4 LT,"4,47€","11,18€ / LT",
Refrigerante S/ Gás Limão,ECO+,Emb. 2 LT,"0,79€","0,40€ / LT",
Atum Posta Pimenta&Ervas Finas,BOM PETISCO,Emb. 0.12 KG,"1,56€","13,00€ / KG",
Conserva de Salsichas 8 Unid.,ECO+,Lata 0.2 KG,"0,75€","3,75€ / KG",
Queijo Curado de Ovelha,OURO DO PASTOR,1 Unid. = 1 KG (aprox.),"14,39€/kg","14,39€ / Unid.",
Rosette de Porco,,Emb. 0.15 KG,"1,59€","10,60€ / KG",
AUSONIA AIRDRY NORMAL ABAS 38,AUSONIA,Emb. 38 UNID.,"4,24€","0,11€ / UNID.",
Sobremesa Sabor a Baunilha Bolas Chocolate Mix'n Croc 4x117g,DÉLISSE,Emb. 0.468 KG,"2,04€","4,36€ / KG",
Néctar Multifrutos Bio,,Emb. 1.5 LT,"1,74€","1,16€ / LT",
Recarga Sabonete Líquido Hidratante Óleo Amêndoas/Karite,MANAVA,Emb. 0.25 LT,"0,65€","2,60€ / LT",
"ARROZ MUNDO ORIENTE BASMATI , 1kg",ORIENTE,,"2,89€",/ Unid.,
BEBIDA SOJA CRESCIMENTO,ALPRO,Emb. 1 LT,"1,89€","1,89€ / LT",
Pantene Fixação Flexível Laca 300ml,PANTENE PV,Spray 0.3 LT,"3,74€","12,47€ / LT",
Queijo Mascarpone,LES CROISÉS,Emb. 0.25 KG,"1,49€","5,96€ / KG",
Alimento Húmido Gatinhos de Coelho Vaca Aves 4x400g,LYCAT,Emb. 4 UNID.,"3,75€","0,94€ / UNID.",
Pantene Caracóis Definidos Espuma 200ml,PANTENE PV,Emb. 0.2 LT,"3,74€","18,70€ / LT",
16 Caps.Café Kaffa Compativeis SG Decaf,KAFFA,Emb. 16 UNID.,"3,19€","0,20€ / UNID.",
Vinho Branco,ECO+,Garrafão 5 LT,"5,69€","1,14€ / LT",
MACEDONIA DE LEGUMES 1/4X3 3X200G,NOTRE JARDIN,Emb. 0.6 KG,"1,79€","2,98€ / KG",
Bolachas Crackers Integral,DU BOIS DE LA ROCHE,Emb. 0.5 KG,"2,79€","5,58€ / KG",
Whisky,LOGAN,Garrafa 0.7 LT,"21,99€","31,41€ / LT",
CREME DE OVOS SABOR CARAMELO,DÉLISSE,Emb. 0.8 KG,"3,99€","4,99€ / KG",
FAIRY MAO ULTRA PODER ORIGINAL 1015ML,,Emb. 1.015 LT,"3,78€","3,72€ / LT",
Fraco Doseador 75cl,,1 UNID.,"1,80€","1,80€ / UNID.",
Lixívia Densa+ Harmonias Florais,NEOBLANC,Emb. 2 LT,"2,58€","1,29€ / LT",
Massa Espirais Semi-Integrais Biológica,,Emb. 0.5 KG,"1,19€","2,38€ / KG",
Água S/ Gás Mineral,,Garrafa 1.5 LT,"0,30€","0,20€ / LT",
SACOS P/ CONTENTORES DO LIXO 240L,ELEMBAL,Emb. 10 UNID.,"2,99€","0,30€ / UNID.",
Tablete de Chocolate com Recheio Morango,MILKA,Emb. 0.1 KG,"1,69€","16,90€ / KG",
Alimento Húmido Gatos Menu Completo Gelatina 4x100g,LYCAT,Emb. 4 UNID.,"1,49€","0,37€ / UNID.",
Vinagre de Vinho Tinto,RUSTICA,Garrafa 0.5 LT,"0,49€","0,98€ / LT",
Água sem Gás Goiaba e Toranja,LUSO FRUTA,Garrafa 1 LT,"1,27€","1,27€ / LT",
Strogonoff de Novilho,,1 Unid. = 0.38 KG (aprox.),"9,98€/kg","3,79€ / Unid.",
DESMAQUILHANTE DE OLHOS WATERPROOF BIFASICO,INELL,Emb. 0.15 LT,"1,85€","12,33€ / LT",
Alimento Húmido P/ Gato Sopa Vários Sabores,PURINA,Emb. 0.16 KG,"2,59€","16,19€ / KG",
Vinho Tinto,CASTIÇO,Garrafa 0.75 LT,"2,48€","3,31€ / LT",
Salsichas Coktail,,Emb. 0.4 KG,"2,99€","7,48€ / KG",
Ambientador Pure Flor de Cereja da Ásia,AIRWICK,Emb. 0.25 LT,"4,19€","16,76€ / LT",
Rolo Cozinha 2 Folhas,MARQUE REPERE,Emb. 4 UNID.,"1,99€","0,50€ / UNID.",
Vinho Regional Alentejano Tinto,PORTA DA RAVESSA,Garrafa 0.75 LT,"2,49€","3,32€ / LT",
Pescada Chilena N.º3 Congelado,,1 Unid. = 1 KG (aprox.),"11,08€/kg","11,08€ / Unid.",
Barra de Cereais com Maçã e Damasco,ECO+,Emb. 6 UNID.,"1,09€","0,18€ / UNID.",
Ervilhas e Cenouras Muito Finas,NOTRE JARDIN,Emb. 0.4 KG,"1,09€","2,73€ / KG",
SACOS LIXO FECHO FACIL 100L,ELEMBAL,Emb. 10 UNID.,"1,59€","0,16€ / UNID.",
Café Torrado Moído Clássico Intensidade 9,SICAL,Emb. 16 UNID.,"3,59€","0,22€ / UNID.",
"Prato Sopa Gourmandine Vermelho 19,5cm",ARDENCE,1 UNID.,"1,75€","1,75€ / UNID.",
Refrigerante C/ Gás Cola Clear,JEAN'S,Emb. 1 LT,"1,25€","1,25€ / LT",
Queijo Regional Vaca Cabra Ovelha Curado,SALOIO,Emb. 0.19 KG,"2,99€","15,74€ / KG",
Queijo Saint Albray,SAINT ALBRAY,1 Unid. = 0.25 KG (aprox.),"20,99€/kg","5,25€ / Unid.",
Chá Verde e Limão,PLENO,Garrafa 1.5 LT,"1,49€","0,99€ / LT",
Faca de Carne 10cm,PRADEL,1 UNID.,"5,25€","5,25€ / UNID.",
Cerveja sem Álcool 6X33cl,CHEERS,Emb. 1.98 LT,"3,24€","1,64€ / LT",
Preparado Sopa de Agrião,,Emb. 0.6 KG,"1,99€","3,32€ / KG",
Água sem Gás,FASTIO,Garrafa 1.5 LT,"0,60€","0,40€ / LT",
Conserva de Azeitona Verde Descaroçada,RUSTICA,Emb. 0.48 KG,"1,99€","4,15€ / KG",
Pantene Prevenção Queda Champô,,Emb. 0.38 LT,"5,73€","15,08€ / LT",
PEITO DE PERU FATIADO,CAMPO FINO,Emb. 0.2 KG,"1,99€","9,95€ / KG",
"Alimento Húmido P/Cão Adulto C/ Gelatina de Boi, Frango e Cordeiro",,Emb. 0.4 KG,"2,38€","5,95€ / KG",
Cracker Integral,CUÉTARA,Emb. 0.2 KG,"1,29€","6,45€ / KG",
Bolachas com Recheio de Framboesa,ECO+,Emb. 0.3 KG,"1,39€","4,63€ / KG",
ALIMENT BEBE: PURE CENOURAS BIO +4M 2X120G,BIO VILLAGE BEBE,Emb. 0.24 KG,"1,35€","5,63€ / KG",
ALIMENT BEBE: PURE LEGUMES VERDES MASSA PERU BIO +8M 2X200G,BIO VILLAGE BEBE,Emb. 0.4 KG,"2,69€","6,73€ / KG",
Leite Bem Essencial UHT Gordo,MIMOSA,Emb. 1 LT,"0,99€","0,99€ / LT",
Esparguete Picante,MILANEZA,Emb. 0.5 KG,"1,99€","3,98€ / KG",
Gel de Banho e Duche Flor Cerejeira/Leite/Aveia,MANAVA,Emb. 0.5 LT,"2,29€","4,58€ / LT",
"Conjunto 3 Copos Altos Najac 33,3cl",ARDENCE,3 UNID.,"2,15€","0,72€ / UNID.",
Ovos Solo XL,SNR,Emb. 24 UNID.,"5,89€","0,25€ / UNID.",
Champô para Cabelos Secos e sem Brilho,TRESEMMÉ,Emb. 0.5 LT,"4,19€","8,38€ / LT",
INFUSAO TILIA E LIMAO,TISÉA,Emb. 25 UNID.,"1,59€","0,06€ / UNID.",
Chá de Camomila,TISÉA,Emb. 25 SAQ.,"1,23€","0,05€ / SAQ.",
"AXE GB ICE CHILL,,400ML",AXE,Emb. 0.4 LT,"3,29€","8,23€ / LT",
Mopa Seca com Cabo Extensível,,Emb. 1 UNID.,"6,50€","6,50€ / UNID.",
Queijo de Vaca Meio Gordo D.Pedro,D. PEDRO,1 Unid. = 1.5 KG (aprox.),"10,99€/kg","16,49€ / Unid.",
Pincel de Maquilhagem em Pó,,Emb. 1 UNID.,"3,99€","3,99€ / UNID.",
Caderno Capa Preta Quadriculado A4 60p,ESQUISSE,Emb. 1 UNID.,"0,99€","0,99€ / UNID.",
Maçã Golden Cal. 75/80,,1 Unid. = 0.21 KG (aprox.),"1,39€/kg","0,29€ / Unid.",
Massa Macarronete Riscado,TURINI,Emb. 0.5 KG,"0,79€","1,58€ / KG",
Aguardente Velha,ALIANÇA,Garrafa 0.7 LT,"12,75€","18,21€ / LT",
FRALDAS BEBE T4 DOUCEUR 7/18 KG 74UN,MOTS D'ENFANTS,Emb. 74 UNID.,"8,79€","0,12€ / UNID.",
Sabonete Líquido Flor Laranjeira,MANAVA,Emb. 0.3 LT,"0,89€","2,97€ / LT",
Sabonete Líquido Leite/Mel,MANAVA,Emb. 0.3 LT,"0,69€","2,30€ / LT",
Recarga para Difusor Automático Relex Zen,GLADE,Emb. 2 UNID.,"7,18€","3,59€ / UNID.",
Esfregão Regular,BRAVO,Emb. 1 P,"0,99€","0,99€ / P",
BOLACHAS PETIT BEURRE C/ TABLETE CHOCOLATE LEITE POCKET,P'TIT DÉLI,Emb. 0.268 KG,"2,59€","9,66€ / KG",
Iogurte Líquido Morango 4 Unid.,YOGGI,Emb. 0.64 KG,"2,09€","3,27€ / KG",
Sumo de Laranja,JOI,Garrafa 1.5 LT,"1,04€","0,69€ / LT",
Açúcar de Baunilha Biológico 6 Saquetas,,Emb. 0.045 KG,"1,99€","44,22€ / KG",
Sumo Maçã,JAFADEN,Emb. 1.2 LT,"1,29€","1,08€ / LT",
Xarope Frutos Exóticos,FRUCCI,Garrafa 0.75 LT,"4,80€","6,40€ / LT",
RESGUARDO PROTECAO CAMA 80X90CM,CHORYS,Emb. 16 UNID.,"5,59€","0,35€ / UNID.",
Pizza Royale Ultracongelada,TURINI,Emb. 0.4 KG,"1,89€","4,73€ / KG",
DENTIFRICO PROTECAO CARIE,DENTAMYL,Emb. 0.075 LT,"0,85€","11,33€ / LT",
LOMBO SALMAO ATLANTICO C/ PELE SKIN 4UN,PÊCHE OCÉAN,Emb. 0.5 KG,"11,99€","23,98€ / KG",
Batatas Fritas Palha,POM'LISSE,Emb. 0.16 KG,"0,85€","5,31€ / KG",
"SOBREMESA ""FLAN"" C/OVOS",DÉLISSE,Emb. 0.4 KG,"2,45€","6,13€ / KG",
Palmier,,1 Unid. = 1 UN,"0,70€","0,70€ / UN",
Bolo Chantilly com Fruta,,1 Unid. = 1 KG (aprox.),"10,99€/kg","10,99€ / Unid.",
Fresco 200 Gr. Valformoso Light 24 Cov.,,Emb. 0.2 KG,"1,49€","7,45€ / KG",
Fiambre da Pá Bom Proveito,IZIDORO,1 Unid. = 0.12 KG (aprox.),"6,98€/kg","0,84€ / Unid.",
Refrigerante com Gás Laranja,SUMOL,Garrafa 1.25 LT,"1,22€","0,98€ / LT",
Ervilhas Ultracongeladas,BONDUELLE,Emb. 0.4 KG,"1,77€","4,43€ / KG",
Iogurte Côco 4 Unid.,MIMOSA,Emb. 0.48 KG,"1,09€","2,27€ / KG",
Ovos Solo XL,SNR,Emb. 12 KG,"2,69€","0,22€ / KG",
Champô Hidratante,BABY DOVE,Emb. 0.4 LT,"3,29€","8,23€ / LT",
Iogurte Líquido Cálcio 8x100 g,DÉLISSE,Emb. 0.8 KG,"2,19€","2,74€ / KG",
Sumo 100% Cenoura Biológico,,Emb. 1 LT,"1,39€","1,39€ / LT",
Manga Barco,,1 Unid. = 0.5 KG (aprox.),"4,29€/kg","2,15€ / Unid.",
Sopa de Cogumelos Selvagens Gourmet,KNORR,Emb. 0.062 KG,"1,79€","28,87€ / KG",
Vinho Regional Alentejo Tinto,VINHA DO MONTE,Garrafa 0.75 LT,"2,99€","3,99€ / LT",
Pimentão Doce Colorau,RUSTICA,Emb. 0.05 KG,"0,48€","9,60€ / KG",
Café Solúvel,DELTA,Emb. 0.02 KG,"0,99€","49,50€ / KG",
Café Torrado Moagem Grossa,,Emb. 0.25 KG,"1,59€","6,36€ / KG",
POSTA PESCADA Nº3 COZ,ECO+,Emb. 0.8 KG,"4,65€","5,81€ / KG",
Ananás em Fatias Inteiras em Calda Leve,,Lata 0.55 KG,"1,55€","2,82€ / KG",
Anti-Calcário 3 em 1 para a Máquina da Roupa,CALGON,Emb. 45 DOSES,"13,98€","0,31€ / DOSES",
Chiclets Spearmint 12 Unid.,CHICLETS,Emb. 0.017 KG,"0,89€","52,35€ / KG",
Molho de Tomate à Provençale,TURINI,Frasco 0.42 KG,"1,39€","3,31€ / KG",
Bacalhau Seleção Crescido Asa Preta,,1 Unid. = 1.6 KG (aprox.),"12,49€/kg","19,98€ / Unid.",
Queijo Curado Regional Mistura,SALOIO,1 Unid. = 0.19 KG (aprox.),"8,29€/kg","1,58€ / Unid.",
Lava Tudo Multi Superfícies Floral,CLAIR,Emb. 1.5 LT,"1,42€","0,95€ / LT",
DUREX Lubrificante Play Efeito Calor,DUREX,Emb. 0.05 LT,"9,99€","199,80€ / LT",
Chá Verde 25 Saquetas,,Emb. 0.037 KG,"0,89€","24,05€ / KG",
Nectarina,,1 Unid. = 0.15 KG (aprox.),"2,99€/kg","0,45€ / Unid.",
Sardinha em Tomate,BOM PETISCO,Emb. 0.12 KG,"0,99€","8,25€ / KG",
Detergente Máquina Loiça Pastilhas Platinum All In One,FAIRY,Emb. 45 UNID.,"18,80€","0,42€ / UNID.",
Água com Gás Groselha 4x25 cl,FRIZE,Emb. 1 LT,"2,42€","2,42€ / LT",
Iogurte Bifidus Líquido Cereais Integrais 4 Unid.,DANONE,Emb. 0.62 KG,"1,99€","3,21€ / KG",
FEIJAO ENCARNADO 3X200G,NOTRE JARDIN,Emb. 0.6,"1,55€","2,58€ /",
Papel Higiénico 2 Folhas Compact,MARQUE REPERE,Emb. 6 UNID.,"2,49€","0,42€ / UNID.",
"ATUM C/FEIJAO FRADE,RAMIREZ,120G",RAMIREZ,,"1,29€",/ Unid.,
DESODORIZANTE P/ MQ.LOICA 2EM1 LIMAO + RECARGA,VISIOR,Emb. 2 UNID.,"1,29€","0,65€ / UNID.",
Óleo Alimentar,FRIGI,Garrafa 1 LT,"2,39€","2,39€ / LT",
Pantene Purifica & Reconstrói Condicionador 160 ml,,Emb. 0.16 LT,"3,74€","23,38€ / LT",
Batatas Fritas com Sal 6x30 g,LAY'S,Emb. 0.18 KG,"2,29€","12,72€ / KG",
Bolachas Suecas Flocos de Aveia e Chocolate 150g,P'TIT DÉLI,Emb. 0.15 KG,"2,10€","14,00€ / KG",
Forma de Vidro Redonda 26cm,ARDENCE,1 UNID.,"4,50€","4,50€ / UNID.",
Coloração Louro 7,EXCELLENCE,Emb. 1 UNID.,"7,79€","7,79€ / UNID.",
FILETES DE CAVALA C/ MOSTARDA A L'ANCIENNE,PÊCHE OCÉAN,Emb. 0.169,"1,59€","9,41€ /",
Creme Hidratante Bebé Rosto e Corpo,MOTS D'ENFANTS,Emb. 0.1 LT,"1,99€","19,90€ / LT",
GOMAS ACIDAS COLA,COPAÍNS COPINES,Emb. 0.275 KG,"1,35€","4,91€ / KG",
Creme de Barbear Original,DENIM,Emb. 0.1 LT,"1,68€","16,80€ / LT",
Tablete Chocolate Excellence Dark 70%,LINDT,Emb. 0.1 KG,"2,09€","20,90€ / KG",
Shampoo Banho Rich Moisture Baby,BABY DOVE,Emb. 0.2 LT,"1,79€","8,95€ / LT",
Ambientador Stick Perfumado Amora e Baunilha,AIRWICK,Emb. 0.025 LT,"7,19€","287,60€ / LT",
Patê de Atum 4x22g,PÊCHE OCÉAN,Emb. 0.088 KG,"0,99€","11,25€ / KG",
Cerveja com Álcool,SAGRES,Lata 0.33 LT,"0,64€","1,94€ / LT",
Máquinas de Barbear Descartáveis Blue II,GILLETTE,Emb. 10 UNID.,"5,75€","0,58€ / UNID.",
Conserva de Feijão Manteiga Cozido,NOTRE JARDIN,Frasco 0.57 KG,"0,64€","1,12€ / KG",
Detergente Loiça Máquina Pastilhas Limão,VISIOR,Emb. 30 PAST.,"3,63€","0,12€ / PAST.",
Pudim Flan Chino,EL MANDARIN,Emb. 0.019 KG,"1,39€","73,16€ / KG",
Iogurte Líquido Sabor Bauninha 4x180g,DÉLISSE,Emb. 1.08 KG,"1,99€","1,84€ / KG",
Paio York Fatiado,NOBRE,Emb. 0.09 KG,"1,30€","14,44€ / KG",
Batido de Cacau UHT Zero,CACAOLAT,Emb. 1 LT,"1,54€","1,54€ / LT",
BANZAI NOODLE CARNE CIGALA,CIGALA,Emb. 0.067 KG,"0,94€","14,03€ / KG",
PATE RICO VACA P/ GATO BIO 100G CV PLENIMA,PLENIMA,Emb. 0.1 KG,"0,75€","7,50€ / KG",
Requeijão de Ovelha,OURO PASTOR,Emb. 0.25 KG,"1,69€","6,76€ / KG",
"ALIMENT BEBE: CENOURA, SEMOLA, BATATA DOCE, LEITE C/ PEDACOS BIO +8M 2X200G",BIO VILLAGE BEBE,Emb. 0.4 KG,"2,69€","6,73€ / KG",
Fiambre da Perna Extra Cuida-T,NOBRE,1 Unid. = 0.12 KG (aprox.),"7,98€/kg","0,96€ / Unid.",
Granola Superior,SALUTEM,Emb. 0.5 KG,"5,79€","11,58€ / KG",
Pêra Conference Cal. 60+,,1 Unid. = 0.21 KG (aprox.),"2,29€/kg","0,48€ / Unid.",
Mini Cones Chocolate e Baunilha,SMICY,Emb. 10 UNID.,"2,29€","0,23€ / UNID.",
Bolachas Maria Oro,CUÉTARA,Emb. 0.8 KG,"2,99€","3,74€ / KG",
After Shave Original,DENIM,Emb. 0.1 LT,"5,19€","51,90€ / LT",
Batatas Fritas Onduladas,POM'LISSE,Emb. 0.2 KG,"0,99€","4,95€ / KG",
Vinho Regional Alentejo Tinto,HERDADE DOS GROUS,,"14,99€",/ Unid.,
Sobremesa Gelado Vanilla Pecan,CARTE D'OR,Emb. 0.9 LT,"3,29€","3,66€ / LT",
Bolachas Tosta Rica Choco Guay,CUÉTARA,Emb. 0.168 UNID.,"2,09€","12,44€ / UNID.",
GRELOS FOLHAS PORCOES,NOTRE JARDIN,Emb. 0.4 KG,"0,99€","2,48€ / KG",
CREME DE LEGUMES,REGAL SOUPE,Emb. 0.35,"1,79€","5,11€ /",
Azeite Virgem Extra Clássico,GALLO,Garrafa 0.25 LT,"1,91€","7,64€ / LT",
Máscara Capilar para Cabelo com Pontas Espigadas,GLISS,Emb. 0.3 LT,"3,79€","12,63€ / LT",
WAFFERS SABOR BAUNILHA,ECO+,Emb. 0.19 KG,"0,65€","3,42€ / KG",
Banana Importada,,1 Unid. = 0.15 KG (aprox.),"0,95€/kg","0,14€ / Unid.",
Salsichas com Lentilhas,CÔTÉ TABLE,Emb. 0.42 KG,"1,49€","3,55€ / KG",
Queijo Fresco Fromage Blanc,DÉLISSE,Emb. 1 KG,"2,38€","2,38€ / KG",
Refrigerante Lima-Limão C/ Gás,SPRITE,Emb. 1 LT,"0,99€","0,99€ / LT",
Lava Tudo Universal Brilhante,SONASOL,Emb. 1.1 LT,"2,79€","2,54€ / LT",
APERITIVOS MILHO DINOSSAUROS SABOR KETCHUP,TOKAPI,Emb. 0.125 KG,"1,15€","9,20€ / KG",
Hamburguer de Novilho 10 Und. Ultracongelado,,Emb. 1 KG,"7,99€","7,99€ / KG",
Caldo Marisco,KNORR,Emb. 8 CUBOS,"1,39€","0,17€ / CUBOS",
Cereais de Chocolate e Caramelo,LION,Emb. 0.4 KG,"2,92€","7,30€ / KG",
PETINGAS EM TOMATE PICANTE GENERAL,GENERAL,Emb. 0.09 KG,"0,89€","9,89€ / KG",
Água sem Gás,LUSO,Garrafão 7 LT,"1,58€","0,23€ / LT",
Tablete de Chocolate Daim,MILKA,Emb. 0.1 KG,"1,59€","15,90€ / KG",
Iogurte Aroma Morango 4x125g,CLESA,Emb. 0.5 KG,"0,89€","1,78€ / KG",
Salsichão Original,ELPOZO,0.2 KG,"2,69€","13,45€ / KG",
Sabonete Sólido Hidratante,MANAVA,Emb. 0.1 KG,"0,75€","7,50€ / KG",
Escova Colgate 360º Advanced Média,COLGATE,Emb. 1 UNID.,"3,24€","3,24€ / UNID.",
Sobremesa de Soja C/ Café,NAT&VIE,Emb. 0.4 KG,"1,49€","3,73€ / KG",
Vinho de Mesa Branco,ECO+,Emb. 2 L,"2,69€","1,35€ / L",
Amaciador Cabelos Color Vive,ELVIVE,Emb. 0.2 LT,"3,99€","19,95€ / LT",
Ketchup,CALVÉ,Emb. 0.25 KG,"1,29€","5,16€ / KG",
Café Moagem Universal Timor,DELTA,Emb. 0.22 KG,"2,39€","10,86€ / KG",
"AMBIENTADOR MECHA ""LAVANDA"" 375ML",BIEN AIR,Emb. 0.375 LT,"1,49€","3,97€ / LT",
Café Moagem Universal Brasil,DELTA,Emb. 0.22 KG,"2,39€","10,86€ / KG",
Bolachas Cream Cracker Nova Receita,VIEIRA,Emb. 0.2 KG,"0,94€","4,70€ / KG",
Bolacha Maria sem Açúcar 12 Unid.,,Emb. 0.3 KG,"3,54€","11,80€ / KG",
Alimento Seco P/ Gato Júnior Frango Leite,PURINA FRISKIES,Emb. 0.4 KG,"1,99€","4,98€ / KG",
CONJUNTO ESFREGONA ROTATIVA,,Emb. 1 UNID.,"13,99€","13,99€ / UNID.",
Bolachas Palitos com Cobertura de Chocolate Biológicas,,Emb. 0.125 KG,"1,99€","15,92€ / KG",
Alimento Seco P/ Gato Adulto Rico em Salmão e Cevada Integral,BEYOND,Emb. 0.85 KG,"6,29€","7,40€ / KG",
BACALHAU P/ CALDEIRADA,PÊCHE OCÉAN,Emb. 0.8,"4,59€","5,74€ /",
LUVAS EXTRA SENSATION M,VILEDA,Emb. 1 UNID.,"1,49€","1,49€ / UNID.",
Fraldas de Incontinência Plus Tam. M,LINDOR,Emb. 14 UNID.,"14,55€","1,04€ / UNID.",
Queijo Roquefort DOP,LES CROISÉS,Emb. 0.1 KG,"1,69€","16,90€ / KG",
Desodorizante Spray Colonia,MANAVA,Emb. 0.1 LT,"1,29€","12,90€ / LT",
Mistura Solúvel Sem Café,PLANTATION,Frasco 0.2 KG,"2,09€","10,45€ / KG",
Gelado de Menta com Chocolate,CARTE D'OR,Emb. 1 LT,"2,89€","2,89€ / LT",
PIZZA 4 FROM TURINI,TURINI,Emb. 0.4 KG,"2,29€","5,73€ / KG",
Ovo Kinder Surpresa Chocolate,KINDER,Emb. 0.02 KG,"1,24€","62,00€ / KG",
Mostarda de Dijon Forte,,Frasco 0.85 KG,"2,55€","3,00€ / KG",
Maionese Top Down Verdadeira,HELLMANN'S,Emb. 0.412 KG,"2,07€","5,02€ / KG",
Fruta 100% 7 Frutos 4 Unid.,NESTLÉ,Emb. 0.4 KG,"2,19€","5,48€ / KG",
Pensos Higiénicos Cottonlike Super Alas,EVAX,Emb. 12 UNID.,"2,59€","0,22€ / UNID.",
QUEIJO MOZZARELLA RALADO,QUEIJO NA TÁBUA,Emb. 0.2 KG,"1,49€","7,45€ / KG",
Vinho Regional Alentejano Tinto,PIPA DOURADA,Garrafa 0.75 LT,"4,99€","6,65€ / LT",
Sombrinhas Chocolate Leite,MAURI,Emb. 5 UNID.,"2,39€","0,48€ / UNID.",
Mistura de Frutos de Casca Rija,MARQUE REPERE,Emb. 0.2 KG,"2,99€","14,95€ / KG",
Alimento Lácteo Banana e Pera 0% Açúcar Bio +6 Meses,NESTLÉ,Emb. 0.36 KG,"2,99€","8,31€ / KG",
"Cereais de Trigo, Mel e Aveia",CHEERIOS,Emb. 0.375 KG,"2,92€","7,79€ / KG",
Esparguete,TURINI,Emb. 0.5 KG,"0,85€","1,70€ / KG",
Vinho Regional Douro Tinto,VINHA GRANDE,Garrafa 0.75 LT,"8,99€","11,99€ / LT",
Refrigerante C/ Gás Gasosa,ECO+,Garrafa 2 LT,"0,65€","0,33€ / LT",
Xarope de Pêssego,FRUCCI,Garrafa 0.75 LT,"2,89€","3,85€ / LT",
Delicias do Mar Surimi Sabor a Caranguejo,PÊCHE OCÉAN,Emb. 0.2 Kg,"1,69€","8,45€ / Kg",
Alimento Seco para Cão Carne e Cereais Integrais,ECO+,Emb. 20 KG,"14,99€","0,75€ / KG",
Arroz Agulha,BOM SUCESSO,Emb. 1 KG,"1,14€","1,14€ / KG",
Balde de Pipocas Doces,TOKAPI,Emb. 0.24 KG,"2,99€","12,46€ / KG",
CAFE SOLUVEL EXPRESSO STICKS X25 - 45G 25UN,PLANTATION,Emb. 0.045 KG,"1,59€","35,33€ / KG",
Pão de Forma Familiar,EPI D'OR,Emb. 0.8 KG,"1,15€","1,44€ / KG",
PURE DE MALAGUETA,TABLES DU MONDE,Emb. 0.1 KG,"0,99€","9,90€ / KG",
Alperce Seco,MARQUE REPERE,Emb. 0.2 KG,"2,69€","13,45€ / KG",
Preservativo Nature,CONTROL,Emb. 6 UNID.,"3,14€","0,52€ / UNID.",
Bebida Côco,NAT&VIE,Emb. 1 LT,"1,69€","1,69€ / LT",
Café Solúvel Frasco,DELTA,Frasco 0.2 KG,"3,89€","19,45€ / KG",
Espumante Reserva Doce,RAPOSEIRA,Garrafa 0.75 LT,"6,99€","9,32€ / LT",
Refrigerante sem Gás Frutas Tropicais,TRINA,Garrafa 1.5 LT,"1,94€","1,29€ / LT",
FECULA DE MILHO,TABLIER BLANC,Emb. 0.4 KG,"1,05€","2,63€ / KG",
NUGGETS QUEIJO10UN,CÔTÉ CROC,Emb. 0.18 KG,"1,29€","7,17€ / KG",
Concentrado de Manga,SUNQUICK,Garrafa 0.58 LT,"4,38€","7,55€ / LT",
SOBREMESA SOJA C/ CHOCOLATE BIO,,Emb. 0.4 KG,"1,79€","4,48€ / KG",
Massa Cotovelos Clássica,NACIONAL,Emb. 0.5 KG,"1,34€","2,68€ / KG",
Pudim Chocolate,BOCA DOCE,Emb. 0.022 KG,"0,59€","26,82€ / KG",
Alecrim,MARGÃO,Emb. 0.015 KG,"0,99€","66,00€ / KG",
Leite de Pastagem Meio Gordo,TERRA NOSTRA,Emb. 1 LT,"0,88€","0,88€ / LT",
Biscoitos com Sal,TOKAPI,0.3 KG,"1,76€","5,87€ / KG",
Conserva de Feijão Preto,NOTRE JARDIN,Lata 0.85 KG,"0,99€","1,16€ / KG",
"BOLACHA REDONDA RECHEIO DUO ""CHOCOLATE E LEITE""",P'TIT DÉLI,Emb. 0.3 KG,"1,66€","5,53€ / KG",
Secretos de Porco Preto,,1 Unid. = 0.5 KG  (aprox.),"19,99€/kg","10,00€ / Unid.",
Café Corsé Intensidade 8 Moído,PLANTATION,Emb. 48 PAST.,"3,89€","0,08€ / PAST.",
Sumo 100% de Laranja,JAFADEN,Emb. 1 LT,"1,49€","1,49€ / LT",
DESODORIZANTE SPRAY INVISIBLE MEN 200ML,CARRÉ HOMME,Emb. 0.2 LT,"1,19€","5,95€ / LT",
CHAMPO AUTO 5 L 5L TECH9,TECH9,Emb. 5 LT,"3,39€","0,68€ / LT",
Conserva de Feijão Branco Cozido,NOTRE JARDIN,Frasco 0.57 KG,"0,64€","1,12€ / KG",
Rebuçados sem Açúcar Sabor Morango 4x32g,HALLS,Emb. 0.128 KG,"2,79€","21,80€ / KG",
Absorvente Gato,TOUS MES AMIS,Emb. 10 LT,"4,69€","0,47€ / LT",
Filete Sardinha S/ Espinhas  Molho Tomate,RAMIREZ,Emb. 0.1 KG,"1,34€","13,40€ / KG",
Natas Culinária 0% Lactose,PARMALAT,Emb. 0.2 LT,"1,25€","6,25€ / LT",
Água com Gás 6x25cl,VIMEIRO,Emb. 1.5 LT,"2,20€","1,47€ / LT",
Refrigerante C/ Gás Laranja Pack 6,FANTA,Emb. 1.98 LT,"4,02€","2,03€ / LT",
SACOS LIXO FECHO FACIL 100% RECICLADO 30L,ECO+,Emb. 20 UNID.,"1,19€","0,06€ / UNID.",
Douradinhos de Filete de Peixe 15 Unid. Ultracongelado,CAPITÃO IGLO,Emb. 0.42 KG,"5,04€","12,00€ / KG",
Pensos Higiénicos Salvaslip Maxi,EVAX,Emb. 72 UNID.,"4,99€","0,07€ / UNID.",
GUARDANAPOS FOLHA SIMPLES,ECO+,Emb. 200 UNID.,"1,15€","0,01€ / UNID.",
Flocos de Aveia Biológicos,,Emb. 0.5 L,"1,19€","2,38€ / L",
Ovos Solo XL,SNR,Emb. 6 UNID.,"1,59€","0,27€ / UNID.",
Vinho do Porto Offley Ruby,OFFLEY,Garrafa 0.75 LT,"4,69€","6,25€ / LT",
Cillit Bang Bolor & Sujidade,CILLIT BANG,Emb. 0.5 LT,"2,24€","4,48€ / LT",
Máscara Capilar Reparadora Color Keratina,TRESEMMÉ,Emb. 0.2 LT,"5,39€","26,95€ / LT",
Pensos Clássicos à Prova de Água,HANSAPLAST,Emb. 20 UNID.,"1,89€","0,09€ / UNID.",
Cueca de Banho Tam. M 12/18 Kg,MOTS D'ENFANTS,Emb. 11 UNID.,"4,99€","0,45€ / UNID.",
Tomate Mini Alongado,,Emb. 0.25 KG,"1,24€","4,96€ / KG",
Chá de Cidreira,,Emb. 25 SAQ.,"0,79€","0,03€ / SAQ.",
Paprika Frasco,MARGÃO,Emb. 0.04 KG,"1,99€","49,75€ / KG",
Gelatina Light Tropical,ROYAL,Emb. 0.031 KG,"1,89€","60,97€ / KG",
Pantene Micelar Purifica & Revitaliza Champô,,Emb. 0.25 LT,"3,22€","12,88€ / LT",
SALSICHAO SECO C/ QUEIJO FATIAS,ST AZAY,Emb. 0.1 KG,"1,99€","19,90€ / KG",
Sementes de Chia,MARQUE REPERE,Emb. 0.2 KG,"1,99€","9,95€ / KG",
Queijo de Ovelha Curado,LAGOS,Emb. 0.5 KG (aprox.),"6,99€","13,98€ / KG",
Alimento Seco P/ Gato Esterilizado C/ Salmão e Trigo,PURINA,Emb. 0.8 KG,"6,99€","8,74€ / KG",
Pão De Forma Rústico 0% Açúcar,PANRICO,Emb. 0.375 KG,"1,88€","5,01€ / KG",
Café Moagem Universal Angola,DELTA,Emb. 0.22 KG,"2,39€","10,86€ / KG",
Palmiers,,Emb. 0.3 KG,"1,69€","5,63€ / KG",
Máscara de Abacate Ultra Suave,GARNIER,Emb. 0.3 LT,"5,42€","18,07€ / LT",
Iogurte Frutos 16x100g,DÉLISSE,Emb. 1.6 KG,"3,97€","2,48€ / KG",
Queijo Fundido 24 Porções,ECO+,Emb. 0.4 KG,"2,19€","5,48€ / KG",
Alimento P/ Húmido Gato Seleção de Mousses,FRISKIES,Emb. 0.68 KG,"4,24€","6,24€ / KG",
Preparado Sopa de Cebola,MAGGI,Emb. 0.06 KG,"1,49€","24,83€ / KG",
Martini Rosso Pack,MARTINI,Emb. 0.6 LT,"8,99€","14,98€ / LT",
Conserva de Atum em Óleo Girassol,PÊCHE OCÉAN,Emb. 0.385 KG,"2,69€","6,99€ / KG",
Champô Cabelos Secos,ULTRA SUAVE,Emb. 0.25 LT,"3,59€","14,36€ / LT",
Iogurte Grego Limão 4x150g,DÉLISSE,Emb. 0.6 KG,"1,89€","3,15€ / KG",
Bolachas Amanteigadas Cobertas com Tablete Chocolate Leite e Avelãs,P'TIT DÉLI,Emb. 0.15 KG,"1,53€","10,20€ / KG",
Elixir Anti-Cáries,LISTERINE,Emb. 0.5 LT,"6,43€","12,86€ / LT",
FEIJAO VERDE M.FINO M.GUIA,NOTRE JARDIN,Emb. 0.22 KG,"0,99€","4,50€ / KG",
Gnocchi Fresco,TURINI,Emb. 0.375 KG,"1,49€","3,97€ / KG",
Tira Nódoas Gel Anti-odores,VANISH,Emb. 0.179 LT,"10,02€","55,98€ / LT",
Arroz Agulha,BELMONTE,Emb. 1 KG,"1,03€","1,03€ / KG",
Pistácio Torrado C/ Sal,MARQUE REPERE,Emb. 0.25 KG,"5,59€","22,36€ / KG",
Desodorizante Spray Baunilha,MANAVA,Emb. 0.2 LT,"1,24€","6,20€ / LT",
LIMPA VIDROS AUTO 5 L 5L TECH9,TECH9,Emb. 5 LT,"2,39€","0,48€ / LT",
Queijo de Vaca Meio Gordo Fonte Mourisca,LACTO SERRA,1 Unid. = 0.25 KG (aprox.),"9,99€/kg","2,50€ / Unid.",
Pudim Ananás,BOCA DOCE,Emb. 0.022 KG,"0,47€","21,36€ / KG",
Manteiga Magra Baixo Teor Sal,PRÉSIDENT,Emb. 0.25 KG,"2,29€","9,16€ / KG",
FIAMBRE PERNA EXTRA FATIADO,CAMPO FINO,Emb. 0.15 KG,"1,29€","8,60€ / KG",
Caixa Hermética 0.90L,,4 UNID.,"2,19€","0,55€ / UNID.",
Massa Quebrada com Gordura Vegetal Rolo,,Emb. 0.23 KG,"0,59€","2,57€ / KG",
DETERGENTE LIQUIDO PERFECT CORES 25D,EPSIL,Emb. 25 DOSES,"2,49€","0,10€ / DOSES",
RECARGAS MAQ BARBEAR 3 LAMINAS,CARRÉ HOMME,Emb. 4 UNID.,"3,19€","0,80€ / UNID.",
PELICULA ADERENTE 50M,ECO+,Emb. 50 M,"0,90€","0,02€ / M",
Café Pastilhas Platinium,DELTA,Emb. 16 UNID.,"2,69€","0,17€ / UNID.",
After Shave WHITEWATER 100 ml,,,"8,77€",/ Unid.,
MIX APERO BEM-ESTAR,TOKAPI,Emb. 0.12 KG,"2,29€","19,08€ / KG",
Gelo em Cubos,,Emb. 2 KG,"1,00€","0,50€ / KG",
Champô Cabelo Secos Garnier Maravilhoso,ULTRA SUAVE,Emb. 0.25 LT,"3,33€","13,32€ / LT",
PIMENTA PRETA EM GRAO SAQUETA,RUSTICA,Emb. 0.05 KG,"0,89€","17,80€ / KG",
Suspiros,,Emb. 0.09 KG,"2,00€","22,22€ / KG",
Champô Repara Azeite de Argão de Marrocos,HERBAL ESSENCES,Emb. 0.4 LT,"3,99€","9,98€ / LT",
Tosta Minigrill,DIATOSTA,Emb. 0.35 KG,"2,18€","6,23€ / KG",
Pizza Fiambre Queijo 3x350g,TURINI,Emb. 1.05 KG,"4,49€","4,28€ / KG",
Queijo de Azeitão Dop,QUEIJOS SANTIAGO,1 Unid. = 0.25 KG (aprox.),"8,49€/kg","2,12€ / Unid.",
Mortadela de Peru com Azeitonas,,1 Unid. = 0.16 KG (aprox.),"7,99€/kg","1,28€ / Unid.",
Paloco Desfiado,,Emb. 0.4 KG,"3,99€","9,98€ / KG",
IOGURTE LIQUIDO MORANGO/BANANA,DÉLISSE,Emb. 0.72 KG,"1,55€","2,15€ / KG",
Creme de Legumes,REGAL SOUPE,Emb. 1 LT,"1,59€","1,59€ / LT",
Bebida soja Original 3x250ml,ALPRO,Emb. 0.75 LT,"1,79€","2,39€ / LT",
Álcool Canforado HIDRO 250ml,HIDRO,Emb. 0.25 LT,"2,09€","8,36€ / LT",
Sobremesa de Soja Pistachio,NAT&VIE,Emb. 0.4 KG,"1,34€","3,35€ / KG",
ALHEIRA COM QUEIJO  200GR,TERRAS DO DEMO,,"1,49€",/ Unid.,
Bebida Espirituosa London Gin,BRIGHTON'S,Garrafa 0.7 LT,"6,99€","9,99€ / LT",
Massa Espirais Tricolores,MILANEZA,Emb. 0.5 KG,"1,95€","3,90€ / KG",
Luvas para Uso Doméstico Tamanho M,RENOVA LUVAS,Emb. 1 UNID.,"1,28€","1,28€ / UNID.",
Condicionador Suave e Sedoso Cabelo e Couro Cabeludo,H&S,Emb. 0.275 LT,"5,44€","19,78€ / LT",
ANDOUILLETTE COM ERVAS 3UN,TRADILÈGE,Emb. 0.42 KG,"4,35€","10,36€ / KG",
Limpa Madeiras Brilhante Secagem Rápida,SONASOL,Emb. 1.1 LT,"2,79€","2,54€ / LT",
Puré de Maçã Biológico 4x100g,,Emb. 0.4 KG,"1,89€","4,73€ / KG",
CORNETTO MINI CLÁSSICO (8x60ml),CORNETTO,Emb. 8 UNID.,"3,75€","0,47€ / UNID.",
Amaciador Cabelo Brilho Extremo,VITANOVE,Emb. 0.2 LT,"1,06€","5,30€ / LT",
Johnson's Baby Champô Penteia Fácil,JOHNSON'S BABY,Emb. 0.5 LT,"5,02€","10,04€ / LT",
Miolo de Caju Cru,MARQUE REPERE,Emb. 0.25 KG,"3,49€","13,96€ / KG",
Desodorizante Spray Sport Cool,DOVE,Emb. 0.05 LT,"2,39€","47,80€ / LT",
Massa Estrelinhas,MILANEZA,Emb. 0.25 KG,"0,59€","2,36€ / KG",
Pizza de Marisco Ultracongelada,TURINI,Emb. 0.4 KG,"2,69€","6,73€ / KG",
Óleo Intense 4-23 Cereja Profundo,SYOSS,,"6,24€",/ Unid.,
Coloração Permanente Nutritiva 5.62 Vermelho Ousado,NUTRISSE,Emb. 1 UNID.,"6,16€","6,16€ / UNID.",
Descascador Éplucheur,ARDENCE,1 UNID.,"1,99€","1,99€ / UNID.",
Miolo de Amendoim Caramelizado,MARQUE REPERE,Emb. 0.25 KG,"1,89€","7,56€ / KG",
SNACK BATATA SABOR ESPECIARIAS,TOKAPI,Emb. 0.17 KG,"1,75€","10,29€ / KG",
Toalhitas Proteção Cores,WOOLITE,Emb. 10 UNID.,"3,49€","0,35€ / UNID.",
Biscoitos Revestidos com Chocolate Branco,P'TIT DÉLI,Emb. 0.15 KG,"0,79€","5,27€ / KG",
"Escova P/ Loiça ""Lola""",,Emb. 1 UNID.,"0,69€","0,69€ / UNID.",
MEGA CHOCO CHOCOLATE LEITE CROCANTE,P'TIT DÉLI,Emb. 0.15 KG,"1,49€","9,93€ / KG",
CHAMPO + DUCHE ENERGIZANTE PARA HOMEM,CARRÉ HOMME,Emb. 0.25,"0,95€","3,80€ /",
Sementes de Linhaça,MARQUE REPERE,Emb. 0.2 KG,"0,99€","4,95€ / KG",
Esfregona Estampada,,Emb. 2 UNID.,"3,50€","1,75€ / UNID.",
Conhaque Royal Spirit,MACIEIRA,Garrafa 0.7 LT,"10,99€","15,70€ / LT",
Palmiers Kids,DU BOIS DE LA ROCHE,Emb. 0.1 KG,"1,08€","10,80€ / KG",
Faca de Madeira Steak Bois,ARDENCE,1 UNID.,"1,55€","1,55€ / UNID.",
Bolachas Água e Sal Júnior 12 Doses,VIEIRA,Emb. 0.156 KG,"2,78€","17,82€ / KG",
Lixívia Frescura do Campo,NEOBLANC,Emb. 2 LT,"2,14€","1,07€ / LT",
Fraldas Bebé Dry Fit Advanced T4 8-18Kg,CHICCO,Emb. 38 UNID.,"14,84€","0,39€ / UNID.",
Miolo de Caju C/ Sal,MARQUE REPERE,Emb. 0.15 KG,"2,59€","17,27€ / KG",
PENSOS DIARIOS MINI,CHORYS,Emb. 28 UNID.,"1,49€","0,05€ / UNID.",
Cenoura,,1 Unid. = 0.1 KG (aprox.),"0,69€/kg","0,07€ / Unid.",
Sidra Normand Doce,LES GOELLERIES,Garrafa 0.75 LT,"2,19€","2,92€ / LT",
CUECA INCONTINENCIA ABSORCAO PLUS MEDIA,CHORYS,Emb. 12 UNID.,"7,99€","0,67€ / UNID.",
Queijo de Ovelha Barrado Cerrado do Vale,SANTIAGO,1 Unid. = 0.45 KG (aprox.),"8,99€/kg","4,05€ / Unid.",
Pano Amarelo Multiusos,SCOTCH BRITE,Emb. 1 UNID.,"0,99€","0,99€ / UNID.",
Chocolate de Leite,MILKA,Emb. 0.09 KG,"1,63€","18,11€ / KG",
Máquina Comfort 3 Green,BIC,Emb. 1 P,"5,49€","5,49€ / P",
"ATUM COM GRAO,RAMIREZ,120G",RAMIREZ,,"1,29€",/ Unid.,
Cillit Bang Limpa Vidros 500ML x12,CILLIT BANG,Emb. 0.5 LT,"2,24€","4,48€ / LT",
DESODORIZANTE SPRAY SEDUCTION MEN 100ML COMPACT,CARRÉ HOMME,Emb. 0.1 LT,"1,19€","11,90€ / LT",
Farinheira Terra de Xisto,SNR,Emb. 0.23 KG,"1,65€","7,17€ / KG",
Nuggets Grelhadinhos 8 Unid.,CAPITÃO IGLO,Emb. 0.204 KG,"5,89€","28,87€ / KG",
Preparado em Pó Cheesecake,ROYAL,Emb. 0.325 KG,"4,29€","13,20€ / KG",
Bolachas Areadas Cobertas de Chocolate,P'TIT DÉLI,Emb. 0.15 KG,"1,19€","7,93€ / KG",
16 Caps.Café Kaffa Compativeis SG Chocolate,KAFFA,Emb. 16 UNID.,"3,19€","0,20€ / UNID.",
Sobremesa Láctea de Pêra +6 Meses 4 Unid.,BIO VILLAGE BEBE,Emb. 0.4 KG,"1,99€","4,98€ / KG",
Iogurte Líquido S/ Lactose Morango Banana 4 Unid.,YOGGI,Emb. 0.64 KG,"2,19€","3,42€ / KG",
Vinho Regional Alentejano Colheita Selecionada 2015,HERDADE DAS SERVAS,Garrafa 0.75 LT,"7,98€","10,64€ / LT",
Pacotinho de Frutas Maçã Manga S/ Glúten +6 meses,NESTLÉ BEBÉ,Emb. 0.09 KG,"0,69€","7,67€ / KG",
Iogurte Bifidus Activia Natural 4 Unid.,DANONE,Emb. 0.48 KG,"1,99€","4,15€ / KG",
Tablete de Chocolate de Leite Superior com Avelãs Inteiras,TABLETTE D'OR,Emb. 0.2 KG,"1,59€","7,95€ / KG",
Pantene Fixação Ultra Forte Laca 300ml,PANTENE PV,Emb. 0.3 LT,"3,74€","12,47€ / LT",
Chá de Frutos Vermelhos,TISÉA,Emb. 25 SAQ.,"1,19€","0,05€ / SAQ.",
Bolacha Diet Nature Recheio Chocolate,GULLÓN,Emb. 0.25 KG,"1,64€","6,56€ / KG",
Bife do Redondo Vitelão,,1 Unid. = 0.25 KG (aprox.),"5,99€/kg","1,50€ / Unid.",
Ice Tea de Pêssego 3x20 cl,LIPTON,Emb. 0.6 LT,"1,17€","1,95€ / LT",
PIMENTAO DOCE SAQUETA,RUSTICA,Emb. 0.1 KG,"0,95€","9,50€ / KG",
Vinagre de Sidra,RUSTICA,Garrafa 0.5 LT,"0,35€","0,70€ / LT",
ANTI NODOAS E ANTI-DESCOLORACAO 2EM1,TEXIL,Emb. 12 UNID.,"2,49€","0,21€ / UNID.",
A.C/GAS CARVALHELHOS 6x25CL,CARVALHELHOS,,"2,69€",/ Unid.,
Conserva De Cogumelos Laminados 800G ECO+,ECO+,Emb. 0.8 KG,"1,79€","2,24€ / KG",
Bochecha de Porco,,1 Unid. = 0.45 KG (aprox.),"5,99€/kg","2,70€ / Unid.",
Vinho Regional Douro Tinto,PORCA DE MURÇA,Garrafa 0.75 LT,"3,59€","4,79€ / LT",
Bebida Gaseificada Aromatizada de Framboesa S/ Álcool,FESTALIE,Emb. 0.75 ML,"2,49€","3,32€ / ML",
Cápsulas Café Sical,DOLCE GUSTO,Emb. 30 CAPS.,"10,19€","0,34€ / CAPS.",
Alimento Húmido para Gato Borrego,LYCAT,Emb. 0.1 KG,"0,55€","5,50€ / KG",
COMINHOS MOIDOS SAQUETA,RUSTICA,Emb. 0.05 KG,"0,79€","15,80€ / KG",
Covete Endivia Branca Org Esp 450G MARCA GUIA,,Emb. 0.45 KG,"2,59€","5,76€ / KG",
Conserva de Feijão Preto da Horta,COMPAL,Lata 0.42 KG,"1,19€","2,83€ / KG",
Recarga para Difusor Elétrico 3 Volution Nuvens de Algodão,AMBIPUR,Emb. 1 UNID.,"5,24€","5,24€ / UNID.",
Queijo de Azeitão Dop,SNR,Emb. 0.24 KG,"6,29€","26,21€ / KG",
Galetes Arroz Cobertas de Chocolate Biológicas,,Emb. 0.09 KG,"1,45€","16,11€ / KG",
Massa Pronta para Pizza sem Glúten,CHAQUE JOUR SANS GLUTEN,Emb. 0.26 KG,"2,59€","9,96€ / KG",
Abóbora Embalada,,1 Unid. = 0.3 KG (aprox.),"1,29€/kg","0,39€ / Unid.",
Spray Desembaraçador,NATEIS,Emb. 0.2 LT,"1,99€","9,95€ / LT",
Cápsulas Kaffa Café Compatível Delta Q Forte 10 Unidades,KAFFA,Emb. 10 UNID.,"1,99€","0,20€ / UNID.",
LINGUICA PICANTE,CAMPO FINO,Emb. 0.15 KG,"1,19€","7,93€ / KG",
Vinho Tinto de Mesa Elopack,CASAL DA EIRA,Emb. 1 LT,"1,69€","1,69€ / LT",
Chá Preto Yellow Label 100 Saquetas,LIPTON,Emb. 100 Saquetas,"4,54€","0,05€ / Saquetas",
Andouillettes 3 Unid.,TRADILÈGE,Emb. 0.42 KG,"3,79€","9,02€ / KG",
MASSA QUEBRADA S/ GLUTEN,CHAQUE JOUR SANS GLUTEN,Emb. 0.23 KG,"2,53€","11,00€ / KG",
Tortellini de Queijo,KNORR,Emb. 0.25 kg,"2,07€","8,28€ / kg",
Condicionador Nature Moments Água de Coco e Flor de Lotus,SCHWARZKOPF,Emb. 0.2 LT,"3,46€","17,30€ / LT",
Fatias Finas Fiambre Extra Suculento,NOBRE,Emb. 0.1 KG,"1,30€","13,00€ / KG",
WAFFERS EXTRA FINAS CHOCOLATE E AVELA,P'TIT DÉLI,Emb. 0.16 KG,"2,00€","12,50€ / KG",
Esfregão Salva Unhas Classic Comfort,SCOTCH BRITE,Emb. 2 UNID.,"1,44€","0,72€ / UNID.",
Alimento Húmido P/ Gato Carne Vaca Gold,GOURMET,Emb. 0.085 KG,"0,72€","8,47€ / KG",
Pensos Higiénicos Salvaslip MaxiPlus,EVAX,Emb. 30 UNID.,"2,99€","0,10€ / UNID.",
Chourição,CHARCUTARIA,1 Unid. = 0.1 KG (aprox.),"8,99€/kg","0,90€ / Unid.",
Brownie de Chocolate com Pepitas de Chocolate,P'TIT DÉLI,Emb. 0.24 KG,"2,09€","8,71€ / KG",
Linguiça,,Emb. 0.2 KG,"1,35€","6,75€ / KG",
Fiambre da Perna Extra Fatiado,NOBRE,Emb. 0.11 KG,"2,14€","19,45€ / KG",
Vinho do Porto Lágrima Branco,DORRÃO,Emb. 0.075 LT,"6,49€","86,53€ / LT",
MOLHO PARA HAMBURGUER,RUSTICA,Emb. 0.85 KG,"3,99€","4,69€ / KG",
Cerveja C/ Álcool,FALSBOURG,Lata 0.33 LT,"0,38€","1,15€ / LT",
Pistachios Torrados a Seco C/ Sal,TOKAPI,Emb. 0.075 KG,"1,50€","20,00€ / KG",
DECAPANTE FORNO COM SODA CAUSTICA,CLAIR,Emb. 0.5 LT,"1,19€","2,38€ / LT",
Presunto sem Osso,,1 Unid. = 1 KG (aprox.),"11,59€/kg","11,59€ / Unid.",
Queijo Ralado,TERRA NOSTRA,Emb. 0.15 KG,"1,39€","9,27€ / KG",
Conserva de Sardinha em Tomate,RAMIREZ,,"0,99€",/ Unid.,
Luvas para Uso Doméstico Tamanho S,RENOVA LUVAS,Emb. 1 UNID.,"0,79€","0,79€ / UNID.",
Caixa de Arrumação com Tampa 5L Transparente,,1 UNID.,"2,50€","2,50€ / UNID.",
Mortadela Simples,ELPOZO,1 Unid. = 0.2 KG (aprox.),"2,99€/kg","0,60€ / Unid.",
Gomas Trio Acidas,COPAÍNS COPINES,Emb. 0.2 KG,"0,99€","4,95€ / KG",
SALSICHA CHURRASCO PICANTE,CAMPO FINO,Emb. 0.2 KG,"1,49€","7,45€ / KG",
Conserva de Grão,COMPAL,Lata 0.845 KG,"1,59€","1,88€ / KG",
Massa Fresca Tagliatelles,,Emb. 0.25 KG,"1,59€","6,36€ / KG",
Espanador Duster + 5 Panos,SWIFFER,Emb. 1 UNID.,"3,59€","3,59€ / UNID.",
Elixir Extra Fresh,PARODONTAX,Emb. 0.5 LT,"6,59€","13,18€ / LT",
Bebida de Soja com Baunilha Biológica,,Emb. 1 LT,"1,29€","1,29€ / LT",
Pérolas de Perfume para Roupa Lavish,LENOR,Emb. 0.21 KG,"6,99€","33,29€ / KG",
Folhados de Frutos do Mar 4x100g,CÔTÉ TABLE,Emb. 4 UNID.,"4,99€","1,25€ / UNID.",
RECARGAS MAQ.BARBEAR 5 LAMINAS 4UN,CARRÉ HOMME,Emb. 4 UNID.,"4,29€","1,07€ / UNID.",
3 Mini Saucisses Sèches,ST AZAY,Emb. 0.15 KG,"2,49€","16,60€ / KG",
MIOLO DE CAMARAO 24/36,PÊCHE OCÉAN,Emb. 0.3 KG,"7,10€","23,67€ / KG",
Cogumelo Branco Laminado,,Emb. 0.3 KG,"1,99€","6,63€ / KG",
Vinho Regional Alentejano Tinto,GAIAO,Garrafa 0.75 LT,"2,89€","3,85€ / LT",
Loção Sensitive,BABY DOVE,Emb. 0.2 LT,"5,39€","26,95€ / LT",
Conserva de Milho Doce Grão,ECO+,Emb. 0.3 KG,"0,65€","2,17€ / KG",
Robalo Cal. 200/300,,1 Unid. = 0.4 KG (aprox.),"7,99€/kg","3,20€ / Unid.",
"Queijo Fundido Fonte de Vitaminas A, B2, B12",LES CROISÉS,Emb. 0.2 KG,"1,35€","6,75€ / KG",
Difusor e Recarga Freshmatic Lavanda e Camomila,AIR WICK,Emb. 0.61 KG,"7,19€","11,79€ / KG",
Cerveja com Álcool 6x25cl Biológica sem Glúten,,Emb. 1.5 LT,"5,99€","3,99€ / LT",
Cremant Dalsace Brut,REBMANN,Garrafa 0.75 LT,"7,39€","9,85€ / LT",
Vinho Regional Douro Tinto,PAPA FIGOS,Garrafa 0.75 LT,"5,79€","7,72€ / LT",
Tarama Natural,RONDE DES MERS,Emb. 0.1 KG,"1,19€","11,90€ / KG",
Snack Batata Barbecue,TOKAPI,Emb. 0.17 KG,"1,95€","11,47€ / KG",
CHAMPO SECO 150ML,VITANOVE,Emb. 0.15 LT,"1,79€","11,93€ / LT",
Muslitos de Mar,Brasmar,Emb. 8 UNID.,"1,69€","0,21€ / UNID.",
Desodorizante Spray,REXONA,Emb. 0.15 LT,"2,54€","16,93€ / LT",
Café Cápsulas deQafeinatus Intensidade 1,DELTA,Emb. 10 CAPS.,"3,39€","0,34€ / CAPS.",
BOLACHAS PARA GELADOS,P'TIT DÉLI,Emb. 0.1 KG,"1,44€","14,40€ / KG",
BATATAS FRITAS LISAS,POM'LISSE,Emb. 0.35 KG,"2,27€","6,49€ / KG",
Vinho Regional Minho Branco,TORRE MENAGEM,Garrafa 0.75 LT,"3,35€","4,47€ / LT",
Gaufrettes com Recheio de Chocolate,P'TIT DÉLI,Emb. 0.11 KG,"0,89€","8,09€ / KG",
Gel Banho Baunilha/Ambre,MANAVA,Emb. 0.5 LT,"2,29€","4,58€ / LT",
Sacos de Congelação Pequeno 18x20cm,ELEMBAL,Emb. 25 SAQ.,"1,19€","0,05€ / SAQ.",
Chiclets de Morango 12 Unid.,CHICLETS,Emb. 0.017 KG,"0,89€","52,35€ / KG",
Massa Bolonhesa,KNORR,Emb. 0.068 KG,"1,24€","18,24€ / KG",
Achocolatado em Pó,BON CHOCO,Emb. 0.45 KG,"1,79€","3,98€ / KG",
Saladeira Vidro 17cm,,1 P,"1,75€","1,75€ / P",
Lenços Faciais Plenitude Renova,LENÇOS RENOVA,Emb. 80 UNID.,"0,99€","0,01€ / UNID.",
TARTE DE CHOCOLATE,P'TIT DÉLI,Emb. 0.3 KG,"2,79€","9,30€ / KG",
Iogurte Cremoso de Morango Biológico 4x125g,,Emb. 0.5 KG,"1,29€","2,58€ / KG",
AZEITONA VERDE COM PIMENTO,RUSTICA,Emb. 0.8 KG,"2,25€","2,81€ / KG",
Capucino Chocolate Base de Leite Magro em Pó,PLANTATION,Emb. 0.306 KG,"2,99€","9,77€ / KG",
ESPUMA BARBEAR DERMO P.SENSIVEIS 250ML,CARRÉ HOMME,Emb. 0.25 LT,"1,39€","5,56€ / LT",
Caderno Capa Preta Pautado A5 60p,ESQUISSE,,"0,59€",/ Unid.,
Gomas Starmix,HARIBO,Emb. 0.09 KG,"0,79€","8,78€ / KG",
Caramelo duro con palo,CHUPA CHUPS,,"1,98€",/ Unid.,
TIRAS DE BACON FUMADOS -25% TEOR SAL (LARDONS) 2X75G,TRADILÈGE,Emb. 0.15,"1,79€","11,93€ /",
Escova de Dentes Complete Média,ORAL B,Emb. 1 UNID.,"1,64€","1,64€ / UNID.",
MASCARA DETOX BIO 100ML,BIONAÏA,Emb. 0.1 LT,"3,29€","32,90€ / LT",
Lenços de Bolso 18+6 Unid.,RENOVA,Emb. 24 UNID.,"2,55€","0,11€ / UNID.",
Leite Bem Essencial UHT Meio Gordo,MIMOSA,Emb. 1 LT,"0,86€","0,86€ / LT",
Néctar de Laranja,JAFADEN,Emb. 2 LT,"1,69€","0,85€ / LT",
TOSTAS CROCANTES COM CEREAIS,EPI D'OR,Emb. 0.25 KG,"0,89€","3,56€ / KG",
Fraldas Cuecas Noturnas Absorventes Happyjama 4-7 Anos 17-29 Kg,DODOT,Emb. 17 UNID.,"11,40€","0,67€ / UNID.",
Acendalha 100% Natural,SILEX,Emb. 40 UNID.,"0,99€","0,02€ / UNID.",
Suporte para Rolos de Cozinha,,Emb. 1 UNID.,"6,95€","6,95€ / UNID.",
Bolachas Quadradas Recheadas com Sabor a Chocolate,ECO+,Emb. 0.3 KG,"1,09€","3,63€ / KG",
Sumo Active Drink Manga Cenoura,SANTAL,Emb. 1.5 LT,"2,05€","1,37€ / LT",
Dentífrico Dentes Leite,AQUAFRESH,Emb. 0.05 LT,"2,89€","57,80€ / LT",
Rolo Massa Folhada Pronta a Desenrolar,,Emb. 0.23 KG,"0,59€","2,57€ / KG",
Espumante de Melão,BAR ROYAL,Garrafa 0.75 LT,"3,99€","5,32€ / LT",
Queijo Mini Babybel Light,BABYBEL,Emb. 0.12 KG,"2,04€","17,00€ / KG",
Bolachas de Água e Sal,VIEIRA,Emb. 0.375 KG,"1,98€","5,28€ / KG",
Passas de Uva,TABLIER BLANC,Emb. 0.25 KG,"1,39€","5,56€ / KG",
Tablete de Chocolate de Leite Bubbly Caramel,MILKA,Emb. 0.25 KG,"4,06€","16,24€ / KG",
Yofu Framboesa/Amora 4x125g,ALPRO,Emb. 0.5 KG,"2,29€","4,58€ / KG",
Papa Infantil de Banana Laranja,CERELAC,Emb. 0.25 KG,"2,39€","9,56€ / KG",
Massa Macarronete Riscado,ECO+,Emb. 0.5 KG,"0,65€","1,30€ / KG",
PALMIERS DU BOIS ROCHE 150G,DU BOIS DE LA ROCHE,Emb. 0.15 KG,"1,49€","9,93€ / KG",
Sangria Don Simon,DON SIMON,Garrafa 1.5 LT,"2,19€","1,46€ / LT",
Dentífrico Natural Extracts Brilho Intenso,COLGATE,Emb. 0.075 LT,"3,24€","43,20€ / LT",
Desodorizante Spray Fresia/Orquídea,MANAVA,Emb. 0.2 LT,"1,24€","6,20€ / LT",
Água C/ Gás 6x25cl,CASTELLO,Emb. 1.5 LT,"2,14€","1,43€ / LT",
Queijo Coulommiers 50%MG,,Emb. 0.35 KG,"2,29€","6,54€ / KG",
FILETES DE PESCADA,ECO+,Emb. 0.8 KG,"4,99€","6,24€ / KG",
Agrião,,Emb. 0.15 KG,"1,39€","9,27€ / KG",
Alheira Regional - PDTO Lamego,SNR,Emb. 0.21 KG,"1,49€","7,10€ / KG",
ALIMENT BEBE: PURE MACA E BOLACHA BIO 6M,BIO VILLAGE BEBE,Emb. 0.4 KG,"1,69€","4,23€ / KG",
Rolo de Cozinha 2 Folhas Multi,RENOVA,Emb. 4 ROLOS,"1,49€","0,37€ / ROLOS",
Iogurte Líquido Limonada 4 Unid.,YOGGI,Emb. 0.64 KG,"2,09€","3,27€ / KG",
Bolachas Cookies XL Pedaços de Choco,MILKA,Emb. 0.184 KG,"2,69€","14,62€ / KG",
TOMATE PELADO,TURINI,Emb. 0.78 KG,"0,99€","1,27€ / KG",
MAQ.BARBEAR 5 LAMINAS + 1 RECARGA,CARRÉ HOMME,Emb. 1 UNID.,"4,95€","4,95€ / UNID.",
Vinho Regional Douro Reserva 2015,MONTES ERMOS,Garrafa 0.75 L,"4,39€","5,85€ / L",
Jumbo Branco 50cl,ARDENCE,1 UNID.,"2,45€","2,45€ / UNID.",
After Shave WOLFthorn 100 ml,,,"9,88€",/ Unid.,
Natas Pasteurizadas,LONGA VIDA,Emb. 0.2 LT,"1,99€","9,95€ / LT",
Cogumelos Inteiros,NOTRE JARDIN,Emb. 0.78 KG,"2,69€","3,45€ / KG",
Deo Creme Derma Care 0% Álcool,VASELINE,Emb. 0.05 LT,"2,84€","56,80€ / LT",
Toucinho Fumado,,1 Unid. = 0.12 KG (aprox.),"8,99€/kg","1,08€ / Unid.",
Licor da Nação,SNR,Garrafa 0.7 LT,"7,49€","10,70€ / LT",
"GELADO ""TYROLIA"" BAUNILHA",ESKISS,Emb. 0.65 LT,"1,79€","2,75€ / LT",
CRACKERS MINI PIZZA,TOKAPI,Emb. 0.085 KG,"1,09€","12,82€ / KG",
Queijo Chaource DOP,NOS RÉGIONS ONT DU TALENT,Emb. 0.25 KG,"3,29€","13,16€ / KG",
Atum Posta Natural,BOM PETISCO,Emb. 0.2 KG,"2,39€","11,95€ / KG",
Vinagre de Sidra Original,GALLO,Emb. 0.25 LT,"1,69€","6,76€ / LT",
Salsichão Seco de Porco Superior,ST AZAY,Emb. 0.25 KG,"3,69€","14,76€ / KG",
Ovos Solo L,SNR,Emb. 6 UNID.,"1,29€","0,22€ / UNID.",
KETCHUP (BAIXO TEOR DE ACUCAR),RUSTICA,Emb. 0.535 KG,"1,27€","2,37€ / KG",
Água sem Gás Mineral,LUSO,Garrafa 0.33 LT,"0,28€","0,85€ / LT",
Paté para Cão de Aves e Fígado,LYDOG,Emb. 0.3 KG,"0,79€","2,63€ / KG",
Bebida Gaseificada Aromatizada de Uva S/ Álcool,FESTALIE,Emb. 0.75 LT,"2,49€","3,32€ / LT",
Cabo Universal,,Emb. 1 UNID.,"3,99€","3,99€ / UNID.",
Biscoitos de Amêndoas,P'TIT DÉLI,Emb. 0.1 KG,"1,32€","13,20€ / KG",
Esparguete Biológico,,Emb. 0.5 KG,"0,88€","1,76€ / KG",
Refrigerante sem Gás Maçã Verde,FRUTIS,Garrafa 1.5 LT,"1,15€","0,77€ / LT",
Iced Tea Pêssego,ECO+,Emb. 1.5 LT,"0,84€","0,56€ / LT",
AMACIADOR ECOLOGICO,UNÍ VERT,Emb. 0.75 LT,"1,59€","2,12€ / LT",
PREPARADO PARA BOLO FONDANT DE CHOCOLATE PRONTO A COZER,TABLIER BLANC,Emb. 0.5 KG,"2,89€","5,78€ / KG",
Preparado de Carne Bovino Picada,FERIAL,Emb. 1 KG,"8,99€","8,99€ / KG",
QUEIJO FRESCO PARA BARRAR 24%MG,LES CROISÉS,Emb. 0.15 KG,"0,79€","5,27€ / KG",
Paio York,CHARCUTARIA,1 Unid. = 0.1 KG (aprox.),"9,99€/kg","1,00€ / Unid.",
Cerveja com Álcool Preta,SUPER BOCK,Emb. 0.33 LT,"1,00€","3,03€ / LT",
PASTEIS DE NATA 6UN,CÔTÉ TABLE,Emb. 6 UNID.,"2,29€","0,38€ / UNID.",
Pão Cachorro Quente 6 Unidades,BIMBO,Emb. 0.33 KG,"1,49€","4,52€ / KG",
MARSHMALLOWS CHOCO,COPAÍNS COPINES,Emb. 0.16 KG,"1,96€","12,25€ / KG",
Condicionador Purificante Morango Branco e Menta Dulce,HERBAL ESSENCES,Emb. 0.4 LT,"3,72€","9,30€ / LT",
Gel de Duche Pétalas do Oriente,MANAVA,Emb. 0.25 LT,"1,19€","4,76€ / LT",
Conserva de Azeitona Verde Inteira,RUSTICA,Emb. 0.5 KG,"1,99€","3,98€ / KG",
Tampa Anti-Gordura de Inox 22/26cm,ARDENCE,1 UNID.,"3,80€","3,80€ / UNID.",
Farinha,MAIZENA,Emb. 0.4 KG,"2,29€","5,73€ / KG",
Bloco Sanitário Color Turquoise,HARPIC,Emb. 1 UNID.,"3,55€","3,55€ / UNID.",
Toalhitas Sensitive Máxima Proteção Sem Perfume,DODOT,Emb. 54 UNID.,"1,87€","0,03€ / UNID.",
Leite UHT Meio Gordo,AGROS,Emb. 1 LT,"0,78€","0,78€ / LT",
Recarga Ambientador Flor de Cereja da Ásia,AIRWICK,Emb. 0.25 LT,"3,59€","14,36€ / LT",
Vinho Regional Douro Branco,ADEGA DE MURÇA,Garrafa 0.75 LT,"1,58€","2,11€ / LT",
Iogurte Líquido Frutos Tropicais 4 Unid.,YOGGI,Emb. 0.64 KG,"2,09€","3,27€ / KG",
Sobremesa Láctea sabor Baunilha 8x100g,DÉLISSE,Emb. 0.8 KG,"2,75€","3,44€ / KG",
Amaciador Cabelo Camomila e Mel de Flores,ULTRA SUAVE,Emb. 0.2 LT,"3,55€","17,75€ / LT",
Refrigerante com Gás Laranja,SUMOL,Lata 0.33 LT,"0,79€","2,39€ / LT",
DANACOL LIQUÍDO COLESTEROL AVEIA,DANACOL,Emb. 6 UNID.,"2,99€","0,50€ / UNID.",
TABLETE CHOCOLATE NEGRO FLOR SAL 100G,CEMOI,Emb. 0.1 KG,"0,99€","9,90€ / KG",
Guardanapos 2F 40x40,MARQUE REPERE,Emb. 90 UNID.,"2,29€","0,03€ / UNID.",
Doce de Laranja Baixo Teor de Açúcar,DOUCEUR DU VERGER,Frasco 0.34 KG,"1,21€","3,56€ / KG",
Líquido Sanitário Gel Lixívia,,Emb. 0.75 LT,"2,24€","2,99€ / LT",
Ameixa Vermelha Cal. 45/55,,1 Unid. = 0.09 KG (aprox.),"1,95€/kg","0,18€ / Unid.",
Pantene Liso & Sedoso Champô,PANTENE PV,Emb. 0.25 LT,"3,79€","15,16€ / LT",
Queijo Ovelha Curado Seia,LAGOS,1 Unid. = 0.5 KG (aprox.),"9,99€/kg","5,00€ / Unid.",
Conserva de Tomate em Pedaços,TURINI,Emb. 0.39 KG,"0,54€","1,38€ / KG",
Bebida de Coco 0%,SHOYCE,Emb. 1 LT,"2,37€","2,37€ / LT",
Alimento Seco P/ Cão Frango com Arroz <10kg,PURINA,Emb. 0.8 KG,"5,38€","6,73€ / KG",
MOLHO PARA HAMBURGUER,RUSTICA,Emb. 0.255 KG,"1,31€","5,14€ / KG",
Maionese com Mostarda de Dijon,,Frasco 0.47 KG,"1,39€","2,96€ / KG",
Recarga Freshmatic Pradera Púrpura de Lavanda,AIR WICK,Spray 0.25 LT,"3,59€","14,36€ / LT",
AGUARDENTE FIM DE SÉCULO Vínica Velha Cx. de Cartão 70CL,,0.07 CL,"16,99€","242,71€ / CL",
AZEITONA MACANILHA MISTA INTEIRA,RUSTICA,Emb. 0.37 KG,"0,99€","2,68€ / KG",
Polpa de Tomate Cebola e Alho,GULOSO,Emb. 0.5 KG,"1,56€","3,12€ / KG",
LIXIVIA DELICADA,TEXIL,Emb. 2 LT,"1,19€","0,60€ / LT",
GENGIBRE MOIDO FRASCO,RUSTICA,Emb. 0.027 KG,"0,79€","29,26€ / KG",
Panaché 10x25CL,MÍLLBRAU,Emb. 2.5 LT,"2,65€","1,06€ / LT",
Body Milk Repara & Cuida 72h Pele Extra Seca,NIVEA,Emb. 0.25 LT,"4,28€","17,12€ / LT",
Cerveja com Álcool,SUPER BOCK,Lata 0.33 LT,"0,59€","1,79€ / LT",
MINI BOLACHAS C/ RECHEIO MORANGO,P'TIT DÉLI,Emb. 0.168 KG,"1,19€","7,08€ / KG",
Água Mineral Natural,PENACOVA,Garrafão 5 LT,"0,78€","0,16€ / LT",
ADESIVOS PURIFICANTES X6- PELE NORMAL A MISTA,INELL,Emb. 6 UNID.,"3,39€","0,57€ / UNID.",
ESCOVA DENTES CRIANCA 2-6 ANOS,PETIT DENTAMYL,Emb. 1 UNID.,"0,79€","0,79€ / UNID.",
Café Solúvel Clássico,NESCAFÉ,Emb. 0.2 KG,"6,14€","30,70€ / KG",
Queijo de Ovelha Curado,OURO DO PASTOR,1 Unid. = 1 KG (aprox.),"14,39€/kg","14,39€ / Unid.",
QUEIJO GOUDA FATIADO,ECO+,Emb. 0.2 KG,"1,49€","7,45€ / KG",
Conserva de Cogumelos Inteiros,,Emb. 0.23 KG,"1,19€","5,17€ / KG",
Sabonete Líquido Leite e Mel Recarga,PALMOLIVE,Emb. 0.3 LT,"1,79€","5,97€ / LT",
Papel Higiénico 2 Folhas,MARQUE REPERE,Emb. 12 UNID.,"2,39€","0,20€ / UNID.",
Medidor Vidro 50cl,ARDENCE,1 UNID.,"2,99€","2,99€ / UNID.",
Polpa de Tomate,TURINI,Emb. 0.21 KG,"0,33€","1,57€ / KG",
QUEIJO RALADO FLAMENGO,CAMPAINHA,Emb. 0.15 KG,"1,24€","8,27€ / KG",
Conserva de Tomate Pelado,TURINI,Lata 0.39 KG,"0,59€","1,51€ / KG",
DETERGENTE MANUAL LOICA ULTRA SAIS E MINERAIS/FRUTOS EXOTICOS 500ML,VISIOR,Emb. 0.5,"0,77€","1,54€ /",
Rissóis de Carne,,Emb. 8   UNID.,"1,59€","0,20€ /   UNID.",
Sumo de Laranja 3x20 cl,UM BONGO,Emb. 0.6 LT,"1,39€","2,32€ / LT",
Manjericão,RUSTICA,Frasco 0.012 KG,"0,69€","57,50€ / KG",
"ATUM FILETE NATURAL,120G",TENÓRIO,Emb. 0.12 KG,"2,14€","17,83€ / KG",
Elixir Suavidade e Brilho Para Cabelo Muito Estragado,GLISS,Emb. 0.075 LT,"4,99€","66,53€ / LT",
SABONETE VEGETAL ALPERCE BIO,BIONAÏA,Emb. 0.1 LT,"1,55€","15,50€ / LT",
Tablete de Chocolate e Leite C/ Cereais Crocantes,CRUNCH,Emb. 0.1 KG,"1,99€","19,90€ / KG",
Refrigerante C/ Gás Light,COCA COLA,Emb. 0.033 LT,"0,75€","22,73€ / LT",
"A+ COLOR LIQ 85D,,4.25L",A+,,"11,99€",/ Unid.,
Conserva de Cassoulet de Porco,CÔTÉ TABLE,Lata 0.42 KG,"1,59€","3,79€ / KG",
Gelado After Dinner,MAGNUM,Emb. 10 UNID.,"5,49€","0,55€ / UNID.",
Bolo Arroz com Ovos Frescos e Cobertura Caramelo 4x100gr,DÉLISSE,Emb. 0.4 KG,"2,19€","5,48€ / KG",
Conserva de Tomate em Pedaços,GULOSO,Emb. 0.39 KG,"1,25€","3,21€ / KG",
MACEDONIA LEGUMES COZIDOS,NOTRE JARDIN,Emb. 1 KG,"1,49€","1,49€ / KG",
Saladeira Vidro 20cm,,1 P,"1,85€","1,85€ / P",
"CERVEJA HEINEKEN,PACK,12x25CL",,Emb. 12 UNID.,"7,59€","0,63€ / UNID.",
Dentífrico Júnior,AQUAFRESH,Emb. 0.05 LT,"2,89€","57,80€ / LT",
Gomas de Ursinhos com Vários Sabores,COPAÍNS COPINES,Emb. 0.3 KG,"1,34€","4,47€ / KG",
ÁGUA MICELAR C/ ÁGUA DE ROSAS 400ML,GARNIER,,"5,81€",/ Unid.,
Queijo Curado 7 meses,SÃO JORGE,Emb. 0.4 KG,"5,25€","13,13€ / KG",
Ketchup Familiar XXL,CALVÉ,Emb. 0.55 KG,"2,39€","4,35€ / KG",
Ravioli com Legumes,,Emb. 0.7 KG,"3,69€","5,27€ / KG",
TRINCA DE ARROZ 1KG,LYDOG,Emb. 1 KG,"0,64€","0,64€ / KG",
Conjunto Borracha Mini,ESQUISSE,Emb. 2 UNID.,"0,69€","0,35€ / UNID.",
Panados de Pescada Ultracongelado,PÊCHE OCÉAN,Emb. 1 KG,"7,99€","7,99€ / KG",
Bolachas Plain Frutos Silvestres,BELVITA,Emb. 0.3 KG,"2,49€","8,30€ / KG",
Parmesão Reggiano Ralado,LES CROISÉS,Emb. 0.06 KG,"1,39€","23,17€ / KG",
DENTIFRICO SABOR PASTILHA ELASTICA 2-6 ANOS KIDS,PETIT DENTAMYL,Emb. 0.05 LT,"0,59€","11,80€ / LT",
Gomas Minhocas,COPAÍNS COPINES,Emb. 0.2 KG,"0,99€","4,95€ / KG",
Ambientador Carro Brisa Marinha,AMBIPUR,Emb. 1 UNID.,"3,46€","3,46€ / UNID.",
Alimento Húmido para Cão Carne Vaca Massa Cenoura,ECO+,,"1,75€",/ Unid.,
"V DOURO TELLUS BCO,,75CL",TELLUS,,"2,49€",/ Unid.,
Creme de Ovos Sabor Baunilha 4x100gr,DÉLISSE,Emb. 0.4 KG,"2,39€","5,98€ / KG",
COLORACAO VEGETAL PRETO BIO,BIONAÏA,Emb. 1 UNID.,"6,99€","6,99€ / UNID.",
ACAFRAO DAS INDIAS SAQUETA,RUSTICA,Emb. 0.05 KG,"0,60€","12,00€ / KG",
"SALAMI DANOIS ""PUR PORC"" FATIAS",ST AZAY,Emb. 0.16 KG,"1,79€","11,19€ / KG",
Galetes de Milho com Cobertura de Chocolate Preto Biológicas,,Emb. 0.1 KG,"1,82€","18,20€ / KG",
Escova para Cabelo Oval,,Emb. 1 UNID.,"4,49€","4,49€ / UNID.",
Fraldas Bebé T5 ACTIV+ 11/25 Kg,MOTS D'ENFANTS,Emb. 35 UNID.,"6,59€","0,19€ / UNID.",
Espinafre em Folhas,NOTRE JARDIN,Emb. 1 KG,"1,49€","1,49€ / KG",
Chá Preto,TETLEY,Emb. 10 SAQ.,"0,71€","0,07€ / SAQ.",
Fiambre da Pá Fatiado,,Emb. 0.2 KG,"1,29€","6,45€ / KG",
Queijo Grana Padano Ralado,LES CROISÉS,Emb. 0.1 KG,"1,59€","15,90€ / KG",
"BEBIDA COCO ARROZ,ALPRO,250ML",ALPRO,Emb. 0.25 LT,"0,99€","3,96€ / LT",
Batatas Fritas Onduladas,POM'LISSE,Emb. 0.18 KG,"1,84€","10,22€ / KG",
Whisky Passport Scotch,PASSPORT,Garrafa 0.7 LT,"9,99€","14,27€ / LT",
Óleo Alimentar,VEGE,Garrafa 1 LT,"3,64€","3,64€ / LT",
BACALHAU COM NATAS,CÔTÉ TABLE,Emb. 0.8 KG,"6,99€","8,74€ / KG",
FUSILLI COM QUEIJOS,COTE SNACK,Emb. 0.3 KG,"1,99€","6,63€ / KG",
Carvão Vegetal Artesanal,,Emb. 5 KG,"5,19€","1,04€ / KG",
Sumo de Ameixa Obtido por Extração Biológico,,Emb. 1 LT,"3,85€","3,85€ / LT",
Miolo de Camarão Gigante Ultracongelado,PESCANOVA,Emb. 0.25 KG,"6,99€","27,96€ / KG",
ALGODAO DUO MINI OVALE X110,INELL,Emb. 110 UNID.,"0,89€","0,01€ / UNID.",
Pérolas de Perfume para Roupa Dreams,LENOR,Emb. 0.21 KG,"7,69€","36,62€ / KG",
Loção Corporal Papaia,JOHNSON'S BODY CARE,Emb. 0.4 LT,"5,93€","14,83€ / LT",
Lula Inteira Descongelada,,1 Unid. = 0.1 KG (aprox.),"5,29€/kg","0,53€ / Unid.",
Leite Bem Essencial UHT Meio Gordo 3 Unid.,MIMOSA,Emb. 0.6 LT,"1,18€","1,97€ / LT",
MOUSSE AVES E PORCO BIO P/ CAO 400G,PLENIMA,Emb. 0.4 KG,"2,20€","5,50€ / KG",
PALMIERS ESTALADICOS,ECO+,Emb. 0.1 KG,"0,48€","4,80€ / KG",
Bebida de Soja Chocolate,NAT&VIE,Emb. 1 LT,"1,29€","1,29€ / LT",
Mortadela de Peru,CAMPOFRIO,1 Unid. = 0.11 KG (aprox.),"7,99€/kg","0,88€ / Unid.",
Conserva de Cogumelos Laminados,FERBAR,Lata 0.29 KG,"0,95€","3,28€ / KG",
Mini Pizza Piccolinis Salsicha Frankfurt 9 Unid.,BUITONI,Emb. 0.27 KG,"2,99€","11,07€ / KG",
Puré de Tomate 7% Aroma de Manjericão,TURINI,Emb. 0.2 KG,"0,45€","2,25€ / KG",
Pensos Higiénicos Ultrafinos Abas,AUSONIA,Emb. 12 UNID.,"1,69€","0,14€ / UNID.",
Bebida de Aveia,ALPRO SOYA,Emb. 1 LT,"2,39€","2,39€ / LT",
Whiskey,BUSHMILLS,Garrafa 0.7 LT,"19,99€","28,56€ / LT",
Cuvete de Alumínio 10x1L,ELEMBAL,Emb. 10 UNID.,"2,99€","0,30€ / UNID.",
Pastilhas 60 Minutos Spearmint,TRIDENT,Emb. 0.02 KG,"0,94€","47,00€ / KG",
Queijo Fresco em Forma,NOS RÉGIONS ONT DU TALENT,Emb. 1 KG,"2,96€","2,96€ / KG",
Champô de Queratina Protetor da Cor,TRESEMMÉ,Emb. 0.7 LT,"6,59€","9,41€ / LT",
ROLO COZINHA COMPACTO MULTIUSOS ECO,UNÍ VERT,Emb. 2 UNID.,"1,49€","0,75€ / UNID.",
Truta Pequena,,1 Unid. = 0.3 KG (aprox.),"3,99€/kg","1,20€ / Unid.",
"AGUARDENTE VINICA VELHA,,70CL",,0.07 CL,"18,99€","271,29€ / CL",
Miolo de Pinhão,,Emb. 0.1 KG,"8,49€","84,90€ / KG",
ALIMENT BEBE: PURE DE PERA WILLIAMS BIO +4M 4x100G,BIO VILLAGE BEBE,Emb. 0.4 KG,"2,09€","5,23€ / KG",
Piri Piri Moído,MARGÃO,Emb. 0.038 KG,"1,69€","44,47€ / KG",
Faca de Cozinha Chef 15cm,ARDENCE,1 UNID.,"8,99€","8,99€ / UNID.",
Champô Cabelo Revitalizante Pelo Frágil,ELVIVE,Emb. 1.2 LT,"3,59€","2,99€ / LT",
Drageia Mastigável de Mentos Frutas,MENTOS,Emb. 0.12 KG,"1,73€","14,42€ / KG",
Cápsulas Café Au Lait Galão,DOLCE GUSTO,Emb. 16 CAPS.,"5,99€","0,37€ / CAPS.",
Arroz Carolino,PATO REAL,Emb. 1 KG,"1,17€","1,17€ / KG",
Preservativo Non Stop,CONTROL,Emb. 12 UNID.,"6,99€","0,58€ / UNID.",
Bolachas Digestivas,MCVITIES,Emb. 0.4 KG,"1,99€","4,98€ / KG",
WC Gel Glitter Brisa do Mar,NEO BLANC,Emb. 0.7 LT,"2,09€","2,99€ / LT",
Papel Higiénico 4 Folhas,RENOVA,Emb. 12 ROLOS,"7,19€","0,60€ / ROLOS",
Chá de Camomila,LIPTON,Emb. 20 SAQ.,"1,20€","0,06€ / SAQ.",
Luvas Domésticas Duplex Tamanho M,RENOVA LUVAS,Emb. 1 UNID.,"0,79€","0,79€ / UNID.",
LIXIVIA C/DETERGENTE,CLAIR,Emb. 2 LT,"1,09€","0,55€ / LT",
Vinho Regional Península de Setúbal Tinto,JOSE MARIA FONSECA,Garrafa 0.75,"1,99€","2,65€ /",
Galette des Rois,,1 Unid. = 0.84 KG,"4,99€","5,94€ / KG",
Água sem Gás,LUSO,Garrafa 0.5 LT,"0,42€","0,84€ / LT",
Tablete de Chocolate com Avelãs,TABLETTE D'OR,Emb. 0.2 KG,"1,59€","7,95€ / KG",
Dove Men +Care Desodorizante Clean Comfort Spray,DOVE,Emb. 0.15 LT,"2,69€","17,93€ / LT",
COLORACAO ACAJU 5.56 S/AMONIACO,VITANOVE,Emb. 1 UNID.,"3,89€","3,89€ / UNID.",
Chouriça de Trancoso,SNR,Emb. 1 UNID.,"2,69€","2,69€ / UNID.",
Bolachas de Manteiga Belga,SABOROSA,Emb. 0.22 KG,"1,99€","9,05€ / KG",
Vinho Regional Douro Tinto,ADEGA DE VILA REAL,Garrafa 0.75 LT,"2,39€","3,19€ / LT",
FIAMBRE CORRENTE FATIADO,ECO+,Emb. 0.2 KG,"1,30€","6,50€ / KG",
Iogurte de Banana 4 Unid.,IOGOLINO,Emb. 0.4 KG,"2,28€","5,70€ / KG",
Camarão Selvagem Cal. 40/60 Congelado,,1 Unid. = 0.25 KG (aprox.),"19,99€/kg","5,00€ / Unid.",
Moscatel do Douro Mel e Laranja,FAVILA,Garrafa 0.75 LT,"3,89€","5,19€ / LT",
Queijo Flamengo Barra,TERRA NOSTRA,1 Unid. = 0.2 KG (aprox.),"7,99€/kg","1,60€ / Unid.",
Moscatel do Douro,REAL COMPANHIA VELHA,Garrafa 0.75 LT,"5,94€","7,92€ / LT",
Conserva de Azeitonas Cocktail,RUSTICA,Emb. 0.54 KG,"1,99€","3,69€ / KG",
MANJERICAO PICADO,RUSTICA,Emb. 0.05 KG,"1,19€","23,80€ / KG",
"Croquetes Frango, Pato e Azeitonas",TOUS MES AMIS,Emb. 2 KG,"3,99€","2,00€ / KG",
Pipocas Doces,TOKAPI,Emb. 0.1 KG,"0,54€","5,40€ / KG",
Palmiers de massa Folhada com Manteiga,P'TIT DÉLI,Emb. 0.1 KG,"0,89€","8,90€ / KG",
Creme Protector Muda Fraldas,MOTS D'ENFANTS,Emb. 0.1 LT,"2,79€","27,90€ / LT",
CHOURICAO FATIADO,CAMPO FINO,Emb. 0.15 KG,"1,39€","9,27€ / KG",
Champô Purificante Morango Branco e Menta Dulce,HERBAL ESSENCES,Emb. 0.4 LT,"3,99€","9,98€ / LT",
Tablete Chocolate Preto com Menta,TABLETTE D'OR,Emb. 0.1 KG,"1,19€","11,90€ / KG",
Fio Dentário,COLGATE,Emb. 1 UNID.,"2,99€","2,99€ / UNID.",
Crackers sem Sal na Superfície,DU BOIS DE LA ROCHE,Emb. 0.5 KG,"2,79€","5,58€ / KG",
Grelos Mil Folhas Ultracongelados,BONDUELLE,Emb. 0.4 KG,"1,59€","3,98€ / KG",
Chá de Ervas Biológico,,Emb. 20 SAQ.,"1,19€","0,06€ / SAQ.",
Doce de Glila,CASA MATEUS,Frasco 0.345 KG,"2,44€","7,07€ / KG",
Dourada Cal. 200/300,,1 Unid. = 0.25 KG (aprox.),"8,99€/kg","2,25€ / Unid.",
Salame Fatiado Tapas,CAMPOFRIO,Emb. 0.08 KG,"1,85€","23,13€ / KG",
Yofu Baunilha 500g,ALPRO,Emb. 0.5 KG,"2,39€","4,78€ / KG",
Feijão Catarino Seco,NOTRE JARDIN,Emb. 0.5 KG,"0,99€","1,98€ / KG",
Pão Roll's Bases Redondas 6 Unid.,BIMBO,Emb. 0.24 KG,"3,99€","16,63€ / KG",
CUECA INCONTINENCIA ABSORCAO PLUS GRANDE,CHORYS,Emb. 10 UNID.,"5,99€","0,60€ / UNID.",
Pizza Casa di Mama Quatro Queijos,DR. OETKER,Emb. 0.395 KG,"4,38€","11,09€ / KG",
FRANGO C/ MOLHO DE CARIL,CÔTÉ TABLE,Emb. 0.3 KG,"1,99€","6,63€ / KG",
Brioche Vendéenne,,Emb. 0.65 KG,"3,19€","4,91€ / KG",
Conserva de Milho Doce 3x140g,NOTRE JARDIN,Emb. 0.42 KG,"1,29€","3,07€ / KG",
Refrigerante C/ Gás Gasosa,SPRINK'S,Garrafa 1.5 LT,"0,59€","0,39€ / LT",
Pensos Diários Ecológicos,UNÍ VERT,Emb. 30 UNID.,"1,45€","0,05€ / UNID.",
Salsichas de Toulouse com Lentilhas Verdes,NOS RÉGIONS ONT DU TALENT,Emb. 0.3,"2,29€","7,63€ /",
Amendoim C/ Casca Torrado,MARQUE REPERE,Emb. 1 KG,"3,79€","3,79€ / KG",
Toalhitas Dermo 40,LINDOR,Emb. 40 UNID.,"4,49€","0,11€ / UNID.",
Recarga para Difusor Elétrico Japan Tatami,AMBIPUR,Emb. 1 UNID.,"4,04€","4,04€ / UNID.",
Esferográficas de Cores Sortidas Ponta Média,ESQUISSE,Emb. 4 UNID.,"1,29€","0,32€ / UNID.",
Kiwi,,1 Unid. = 0.11 KG (aprox.),"3,49€/kg","0,38€ / Unid.",
Conserva de Feijão Preto Cozido,NOTRE JARDIN,Lata 0.425 KG,"0,75€","1,76€ / KG",
Queijo Flamengo Barra,DA FLORESTA,1 Unid. = 0.25 KG (aprox.),"6,99€/kg","1,75€ / Unid.",
MINI SNACKS CARNE VACA P/ GATO 60G LYCAT,TOUS MES AMIS,Emb. 0.06 KG,"0,85€","14,17€ / KG",
Limpa Máquinas de Loiça Desengordurante & Anti-Calcário,SUN,Emb. 0.12 KG,"3,99€","33,25€ / KG",
Cápsulas Café Cappuccino,DOLCE GUSTO,Emb. 16 CAPS.,"4,79€","0,30€ / CAPS.",
Mini Gelados de Chocolate 70% Preto Intenso Pack 6,MAGNUM,Emb. 0.33 LT,"3,59€","10,88€ / LT",
"SYOSS OLEO INTEN 1-10 PRET,,1P",SYOSS,,"6,24€",/ Unid.,
Queijo Bola Flamengo,PAIVA,Emb. 1.4 KG (aprox.),"9,99€/kg","13,99€ / Unid.",
Nuggets de Aves,ECO+,Emb. 0.5 KG,"2,69€","5,38€ / KG",
Farinha de Trigo Branca,TABLIER BLANC,Emb. 1 KG,"0,89€","0,89€ / KG",
Entrecosto com Alho e Pimentão Doce,MAGGI,Emb. 0.03 KG,"0,74€","24,67€ / KG",
Noz Moscada Moída C/ Moinho,MARGÃO,Emb. 0.04 KG,"2,49€","62,25€ / KG",
Bollycao Clássico 4x57 g,PANRICO,Emb. 0.228 KG,"1,99€","8,73€ / KG",
IOGURTE CREMOSO COCO,DÉLISSE,Emb. 0.5 KG,"1,69€","3,38€ / KG",
AQUAFRESH ESC.ALL ANGLES MACIA,AQUAFRESH,,"3,19€",/ Unid.,
Conserva de Feijão Encarnado Cozido com pouco Sal,FERBAR,Lata 0.42 KG,"0,95€","2,26€ / KG",
Massa Cotovelos GR,MILANEZA,Emb. 0.5 KG,"1,19€","2,38€ / KG",
Iogurte Déli Light 4 Sabores 12x125g,DÉLISSE,Emb. 1.5 KG,"2,49€","1,66€ / KG",
CAPS CAFE COMP C/ DG XL INTENSO - INT10,PLANTATION,,"5,99€",/ Unid.,
Bolachas Plain Leite,BELVITA,Emb. 0.3 KG,"1,99€","6,63€ / KG",
Chocolate em pó P/ Leite Saco,NESQUIK,Emb. 1 KG,"4,64€","4,64€ / KG",
Madalenas longas,P'TIT DÉLI,Emb. 0.25 KG,"2,09€","8,36€ / KG",
Conserva de Salsichas Wienerwurst 5 Unid.,NOBRE,Frasco 0.22 KG,"1,94€","8,82€ / KG",
Sumo de Manga 3x200ml,UM BONGO,Emb. 0.6 LT,"1,16€","1,93€ / LT",
Uva Preta,,1 Unid. = 0.25 KG (aprox.),"3,99€/kg","1,00€ / Unid.",
ARROZ CANTONES PRE COZIDO EXPRESS,COMPTOÍR DU GRAIN,Emb. 0.25 KG,"0,99€","3,96€ / KG",
Whisky J&B 15 Anos,J&B,Emb. 0.7 LT,"21,52€","30,74€ / LT",
Creme de Mãos Nutritivo Nourish & Protect,BIOTEN,Emb. 0.1 LT,"2,13€","21,30€ / LT",
BATATAS PRE-FRITAS PALITOS CURVOS OLEO GIRASSOL,POM'LISSE,Emb. 0.6 KG,"1,49€","2,48€ / KG",
Água com Gás Frutos Vermelhos 4x25cl,PEDRAS,Emb. 1 LT,"2,39€","2,39€ / LT",
BARRA CEREAIS CHOCO BANANA,ECO+,Emb. 0.125 KG,"1,09€","8,72€ / KG",
Chantilly,DÉLISSE,Emb. 0.25 KG,"1,65€","6,60€ / KG",
Vinho Branco do Tejo Chardonnay/Arinto,QUINTA DA ALORNA,Emb. 0.75 LT,"6,39€","8,52€ / LT",
Cinzeiro Transparente,,1 UNID.,"1,10€","1,10€ / UNID.",
Sumo Laranja S/ Adição Açúcar 6 Unid.,JAFADEN,Emb. 1.2 ML,"1,29€","1,08€ / ML",
Conserva de Feijão Branco Cozido com pouco Sal,FERBAR,Lata 0.42 KG,"0,95€","2,26€ / KG",
Pastilha Elástica Senses Watermelon Sunrise,TRIDENT,Emb. 0.023 KG,"0,94€","40,87€ / KG",
Néctar Light Laranja,JAFADEN,Emb. 1 LT,"0,89€","0,89€ / LT",
Mini Snacks P/ Gato Controlo das Bolas de Pelo,TOUS MES AMIS,Emb. 0.06 KG,"0,85€","14,17€ / KG",
Batatas Fritas Gourmet,POM'LISSE,Emb. 0.17 KG,"1,29€","7,59€ / KG",
SOPA CAMPESTRE,REGAL SOUPE,Emb. 0.35 KG,"1,49€","4,26€ / KG",
Luvas P/ Uso Doméstico Tam. M,MAMISON,Emb. 1 UNID.,"0,69€","0,69€ / UNID.",
Ice Tea Limão,LIPTON,Emb. 1 LT,"1,29€","1,29€ / LT",
ATUM RAMIREZ AZEITE 120G,RAMIREZ,,"1,19€",/ Unid.,
Bolachas Crackers Original,TUC,Emb. 0.1 KG,"1,19€","11,90€ / KG",
Air Wick Aerosol Duo Nenuco x3,AIRWICK,,"11,83€",/ Unid.,
Bolachas com Pepitas Chocolate sem Glúten,CHAQUE JOUR,Emb. 0.15 KG,"2,29€","15,27€ / KG",
Rúcula Selvagem,,Emb. 0.1 KG,"1,19€","11,90€ / KG",
Patê de Figado de Porco,LA PIARA,Emb. 0.08 KG,"0,96€","12,00€ / KG",
Cera Cabelo,AXE,Emb. 0.13 LT,"4,34€","33,38€ / LT",
Café Solúvel Clássico Creme,NESCAFÉ,Frasco 0.1 KG,"3,42€","34,20€ / KG",
Amaciador Concentrado Essência Azul,COMFORT,Emb. 80 DOSES,"6,92€","0,09€ / DOSES",
Filetes de Atum ao Natural,PÊCHE OCÉAN,Emb. 0.19 KG,"2,99€","15,74€ / KG",
PREPA PAIN CEREALES,TABLIER BLANC,Emb. 1 KG,"1,58€","1,58€ / KG",
Glade Observadores Frescos de Primavera,BRISE,Emb. 0.3 KG,"2,99€","9,97€ / KG",
Bolachas Cream Cracker,VIEIRA,Emb. 0.18 KG,"1,09€","6,06€ / KG",
"SOBREMESA ""ZEBRA"" CHOCOLATE-LEITE",DÉLISSE,Emb. 0.4 KG,"1,59€","3,98€ / KG",
Creme Care Hidratação Intensiva,NIVEA,Emb. 0.2 LT,"4,69€","23,45€ / LT",
Vinho Regional Lisboa Branco Leve,MUNDUS,Garrafa 0.75 LT,"1,69€","2,25€ / LT",
PIRIPIRI MOIDO,RUSTICA,Emb. 0.05 KG,"0,65€","13,00€ / KG",
Bebida de Soja Original,SHOYCE,Emb. 1 LT,"1,48€","1,48€ / LT",
Mini paté em massa folhada,SAINT-AZAY,Emb. 0.45 Kg,"3,99€","8,87€ / Kg",
Refrigerante sem Gás Maçã,TRINA,Garrafa 1.5 LT,"1,94€","1,29€ / LT",
Tostas Integrais Biológicas,,Emb. 0.3 KG,"1,69€","5,63€ / KG",
Azeite Virgem Extra Gourmet,GALLO,Emb. 0.75 LT,"3,89€","5,19€ / LT",
BACALHAU A BRAS,CÔTÉ TABLE,Emb. 0.25 KG,"3,89€","15,56€ / KG",
Massa Bago,MILANEZA,Emb. 0.25 KG,"0,59€","2,36€ / KG",
TARTE DE MACAS CARAMELIZADAS,AUTOUR DU DESSERT,Emb. 0.6 KG,"4,25€","7,08€ / KG",
Iogurte Bolacha 4 Unid.,IOGOLINO,Emb. 0.4 KG,"2,28€","5,70€ / KG",
SACOS LIXO WC C/ATILHO 5L,ELEMBAL,Emb. 40 UNID.,"1,29€","0,03€ / UNID.",
PALITOS COBERTURA CHOCOLATE LEITE S/ GLUTEN,CHAQUE JOUR SANS GLUTEN,Emb. 0.125 KG,"2,29€","18,32€ / KG",
Queijo Fresco Barrar Natural Valformoso 200g,VALFORMOSO,Emb. 0.2 KG,"1,49€","7,45€ / KG",
Pacotinho de Cereais e Bolacha Maria,NESTUM,Emb. 0.08 KG,"0,74€","9,25€ / KG",
Vinho Tinto,ECO+,Garrafão 5 LT,"4,99€","1,00€ / LT",
Alimento Húmido para Cão Patê com Pedaços Carne Vaca,ECO+,,"1,99€",/ Unid.,
Salada Ibérica,,Emb. 0.15 KG,"1,19€","7,93€ / KG",
Refrigerante de Maça Gaseificado S/ Álcool,GIBUS,Garrafa 0.75 LT,"2,79€","3,72€ / LT",
Detergente Loiça Manual Recarga Espuma Ativa,FAIRY,Emb. 0.375 LT,"2,49€","6,64€ / LT",
Sumo de Manga,UM BONGO,Emb. 1 LT,"1,09€","1,09€ / LT",
Leite Fresco Gordo,VIGOR,Emb. 1 LT,"1,05€","1,05€ / LT",
Água com Gás Limão 4x25 cl,FRIZE,Emb. 1 LT,"2,42€","2,42€ / LT",
ESPARGUETE INTEGRAL,TURINI,Emb. 0.5 KG,"1,29€","2,58€ / KG",
Nata UHT,GRESSO,Emb. 0.2 LT,"0,74€","3,70€ / LT",
Gel Banho Aloe Vera,MANAVA,Emb. 0.75 LT,"1,69€","2,25€ / LT",
Leite UHT S/ Lactose Magro,MIMOSA,Emb. 1 LT,"1,13€","1,13€ / LT",
Vela Duo com Fragrância de Maçã,AIRWICK,Emb. 0.105 KG,"5,69€","54,19€ / KG",
"ALIMENT BEBE: SOBREMESA LACTEA SEMOLA, BAUNILHA +6M 4X100G",BIO VILLAGE BEBE,Emb. 0.4 KG,"2,29€","5,73€ / KG",
Costeletas de Borrego,,1 Unid. = 0.5 KG (aprox.),"9,99€/kg","5,00€ / Unid.",
Chá de Tília,TETLEY,Emb. 10 UNID.,"0,86€","0,09€ / UNID.",
Vinho Regional Tejo Meio Seco Rosé,LEZÍRIA,Garrafa 0.75 LT,"1,48€","1,97€ / LT",
Café Cápsulas Intenso Intensidade 9,PLANTATION,Emb. 10 CAPS.,"1,69€","0,17€ / CAPS.",
Cápsulas Chocolate Quente,DOLCE GUSTO,Emb. 8 CAPS.,"5,99€","0,75€ / CAPS.",
Espinafre Picado Congelado,NOTRE JARDIN,Emb. 1 KG,"1,19€","1,19€ / KG",
Bolo de Arroz,,1 UNID.,"0,65€","0,65€ / UNID.",
MOLHO TIKKA MASSALA,TABLES DU MONDE,Emb. 0.35 KG,"1,66€","4,74€ / KG",
Mateus Rosé,MATEUS,Garrafa 0.75 LT,"3,49€","4,65€ / LT",
Iogurte Natural 4x125 g,,Emb. 0.5 KG,"0,59€","1,18€ / KG",
Conserva de Caldeirada,PITEU,Emb. 0.12 KG,"1,89€","15,75€ / KG",
CHAMPO ANTI-CASPA TODO TIPO CABELOS,CARRÉ HOMME,Emb. 0.25 LT,"1,69€","6,76€ / LT",
Creme de Cabra,PRÉSIDENT,Emb. 0.125 LT,"2,17€","17,36€ / LT",
Tablete de Chocolate Avelãs,MILKA,Emb. 0.1 KG,"1,69€","16,90€ / KG",
Vinho Regional Alentejano Tinto,TALHA REAL,Garrafa 0.75 LT,"1,99€","2,65€ / LT",
Bretzel,,1 Unid. = 0.09 KG,"1,09€","12,11€ / KG",
"Alimento Completo para Canários, Pintassilgo e outros granívoros",OVARPAGO,Emb. 0.2 KG,"1,49€","7,45€ / KG",
PERA WILLIAMS EM CALDA,DOUCEUR DU VERGER,Emb. 0.225 KG,"1,39€","6,18€ / KG",
Escova P/ Cabelo Oval Pequena,,Emb. 1 UNID.,"3,99€","3,99€ / UNID.",
Bolachas Digestivas Aveia Oats Choc,GULLÓN,Emb. 0.425 KG,"1,99€","4,68€ / KG",
Iogurte Queijo Fresco Açucarado com Frutos 6x100g,DÉLISSE,Emb. 0.6 KG,"1,99€","3,32€ / KG",
GRESSINOS AZEITE ROSMANINHO,TOKAPI,Emb. 0.125 KG,"1,25€","10,00€ / KG",
DENTIFRICO MENTA BIO,BIONAÏA,Emb. 0 LT,"1,75€",inf€ / LT,
Alimento Seco P/ Gato C/ Carne de Vaca,PURINA,Emb. 0.8 KG,"6,65€","8,31€ / KG",
"Açúcar Baunilhado 10x7,5 g",TABLIER BLANC,Emb. 0.075 KG,"1,59€","21,20€ / KG",
Máscaras Liso Keratina,TRESEMMÉ,Emb. 0.3 LT,"5,39€","17,97€ / LT",
GELADO BAUNILHA 12UN,SMICY,Emb. 12 UNID.,"2,49€","0,21€ / UNID.",
Cevada Solúvel,PLANTATION,Frasco 0.2 KG,"1,69€","8,45€ / KG",
Carne Porco Salgada C/ Lentilhas,CÔTÉ TABLE,Lata 0.84 KG,"2,99€","3,56€ / KG",
Alimento P/ Gato C/ Espirulina de Frango,PURINA,Emb. 1.4 KG,"8,39€","5,99€ / KG",
Bacalhau com Azeite e Alho,RAMIREZ,Emb. 0.12 KG,"2,49€","20,75€ / KG",
Creme Hidratante Caixa Grande,NIVEA,Emb. 0.15 LT,"4,29€","28,60€ / LT",
Tempero para Frango,RUSTICA,Frasco 0.2 KG,"0,85€","4,25€ / KG",
Sal Refinado Mesa,VATEL,Emb. 0.25 KG,"0,39€","1,56€ / KG",
Sangria Branca,D. SIMON,Garrafa 1.5 LT,"2,19€","1,46€ / LT",
Cajú Torrado sem Sal,TOKAPI,Emb. 0.125 KG,"2,69€","21,52€ / KG",
Maionese 434g,CALVÉ,Emb. 0.434 LT,"2,66€","6,13€ / LT",
Gelado Pistachio,ESKISS,Emb. 1 LT,"2,69€","2,69€ / LT",
Barrinhas P/ Coelhos Anões Frutas,TOUS MES AMIS,Emb. 0.11 KG,"1,75€","15,91€ / KG",
Pimenta Branca Moída,RUSTICA,Frasco 0.04 KG,"1,49€","37,25€ / KG",
Sabão de Marselha 4x200 g,EPSIL,,"2,04€",/ Unid.,
Queijo Flamengo Barra,,1 Unid. = 0.25 KG (aprox.),"8,49€/kg","2,12€ / Unid.",
Iogurte Líquido Morango Banana,YOCO,Emb. 0.54 KG,"2,29€","4,24€ / KG",
ALIMENT BEBE: PURE DE MACA BANANA BIO +4M 4x100G MOTS D\'ENFANTS,BIO VILLAGE BEBE,Emb. 0.4 KG,"1,69€","4,23€ / KG",
"PAO TOSTADO ALHO LOTE DE 2 ""CROUTON"" 2X90G",EPI D'OR,Emb. 0.18 KG,"1,02€","5,67€ / KG",
Tira Nódoas Gel Anti-odores,VANISH,Emb. 0.912 LT,"7,91€","8,67€ / LT",
Biscoitos de Cacau com Tablete de Chocolate Preto e Branco,P'TIT DÉLI,Emb. 0.115 KG,"1,30€","11,30€ / KG",
Abrótea Inteira Cal. 1000/1500 Congelado,,1 Unid. = 1.2 KG (aprox.),"9,99€/kg","11,99€ / Unid.",
Vinho Tinto,LAGAR DAS PIAS,Bag in Box 5 LT,"6,98€","1,40€ / LT",
Café Cápsulas Máximo Intensidade 10,PLANTATION,Emb. 10 CAPS.,"1,69€","0,17€ / CAPS.",
Affective Advanced Fraldas para Adulto Grande,AFFECTIVE,Emb. 20 UNID.,"11,99€","0,60€ / UNID.",
Cereais de Mel,ESTRELITAS,Emb. 0.55 KG,"3,14€","5,71€ / KG",
Alimento Seco P/ Gato C/ Carne de Vaca,PURINA,Emb. 3 KG,"14,94€","4,98€ / KG",
Alimento Seco P/ Gato Coelho Frango,PURINA FRISKIES,Emb. 2 KG,"7,29€","3,65€ / KG",
Chá de Cidreira Mel 20 Saquetas,LIPTON,Emb. 20 SAQ.,"1,94€","0,10€ / SAQ.",
Preparado para Pão Multicereais Biológico,,Emb. 1 KG,"2,29€","2,29€ / KG",
Maionese Top Down,CALVÉ,Emb. 0.238 KG,"1,95€","8,19€ / KG",
CUSCUZ FINO,COMPTOÍR DU GRAIN,Emb. 0.5 KG,"0,99€","1,98€ / KG",
Massa Espirais Tricolores,TURINI,Emb. 0.5 KG,"1,09€","2,18€ / KG",
Água com Gás,PEDRAS SALGADAS,Emb. 1 LT,"1,29€","1,29€ / LT",
Conserva de Feijão Branco da Horta,COMPAL,Lata 0.845 KG,"1,59€","1,88€ / KG",
Iogurte Sólido Magro Amora Framboesa 4 Unid.,LONGA VIDA,Emb. 0.12 KG,"2,09€","17,42€ / KG",
Bolachas de Gérmen de Trigo C/ Pepitas Chocolate Leite,NAT&VIE,Emb. 0.2 KG,"1,69€","8,45€ / KG",
BEBIDA COCO-AMENDOA,ALPRO,Emb. 1 LT,"2,49€","2,49€ / LT",
Tomate em Pedaços Manjerição e Orégãos,GULOSO,Emb. 0.392 KG,"2,29€","5,84€ / KG",
Desmaquilhante de Olhos Dupla Acção,NIVEA,Emb. 0.125 UNID.,"3,74€","29,92€ / UNID.",
Gelado Coco,TRIUM,Emb. 4 UNID.,"2,25€","0,56€ / UNID.",
Cereais de Chocolate e Chocolate Branco,CHOCAPIC,Emb. 0.4 KG,"2,92€","7,30€ / KG",
Favas Congeladas,NOTRE JARDIN,Emb. 1 KG,"2,19€","2,19€ / KG",
Néctar Multifrutas 6x20 cl,ECO+,Emb. 1.2 LT,"1,15€","0,96€ / LT",
Esparguete s/glúten,CHAQUE JOUR SANS GLUTEN,Emb. 0.4 KG,"1,29€","3,23€ / KG",
Bolachas Ovos Dinossauros,ARTIACH,Emb. 0.14 KG,"2,09€","14,93€ / KG",
Pão de Forma Multicereal,EPI D'OR,Emb. 0.45 KG,"1,39€","3,09€ / KG",
Dentífrico Pro-Esmalte Júnior Menta Suave,SENSODYNE,Emb. 0.05 LT,"3,79€","75,80€ / LT",
Presunto 6 Fatias,,Emb. 0.15 KG,"2,39€","15,93€ / KG",
Mad Chip Alho e Evas,CALVÉ,Emb. 0.26 KG,"2,39€","9,19€ / KG",
Queijo Emental Francês,PRÉSIDENT,Emb. 0.25 KG,"3,89€","15,56€ / KG",
GUARDANAPOS LARANJA TIPO E RENOVA,GUARDANAPOS RENOVA,Emb. 70 UNID.,"0,69€","0,01€ / UNID.",
Amaciador Cabelo Frágeis Garnier Tesouros de Mel,ULTRA SUAVE,Emb. 0.2 LT,"3,55€","17,75€ / LT",
Cerveja com Álcool 24x33cl,SAGRES,Emb. 7.92 LT,"18,29€","2,31€ / LT",
Café Delta Grão Lote Superior,DELTA,Emb. 1 KG,"15,49€","15,49€ / KG",
BATERIA Nº 11 44/420 44/420 TECH9,TECH9,Emb. 1 UNID.,"54,99€","54,99€ / UNID.",
Maçã Fuji Cal. 70/75,,1 Unid. = 0.18 KG (aprox.),"1,79€/kg","0,32€ / Unid.",
Alimento Húmido P/ Cão Adulto Pequeno Frango e Borrego,PURINA,Emb. 0.4 KG,"2,39€","5,98€ / KG",
Limpeza Reparador Original,SONASOL,Emb. 1.3 LT,"2,09€","1,61€ / LT",
Café Clássico,PLANTATION,Emb. 48 PAST.,"4,95€","0,10€ / PAST.",
Tagliatelles à L'ancienne Biológicas,,Emb. 0.25 KG,"1,59€","6,36€ / KG",
Pantene Grisalho Radiante & Suave Máscara 160 ml,PANTENE PV,Emb. 0.16 LT,"4,49€","28,06€ / LT",
Camarão Cozido Cal. 30/40,,1 Unid. = 0.1 KG (aprox.),"17,99€/kg","1,80€ / Unid.",
CARIL SAQUETA,RUSTICA,Emb. 0.05 KG,"0,59€","11,80€ / KG",
Bolachas Petit Beurre C/ Chocolate Preto Pocket,P'TIT DÉLI,Emb. 0.25 KG,"2,45€","9,80€ / KG",
Preparado Creme de Cenoura e Abóbora,,Emb. 0.6 KG,"1,99€","3,32€ / KG",
SOBREMESA CREME CHOCOLATE BRANCO,DÉLISSE,Emb. 0.5 KG,"1,59€","3,18€ / KG",
SPAGHETTI A BOLONHESA,CÔTÉ TABLE,Emb. 0.3 KG,"2,09€","6,97€ / KG",
Detergente Máquina Roupa Líquido Sensitive,SKIP,Emb. 100 DOSES,"19,99€","0,20€ / DOSES",
Massa Linguine,MILANEZA,Emb. 0.5 KG,"1,85€","3,70€ / KG",
Maçã Golden Cal. 70/75,,1 Unid. = 0.21 KG (aprox.),"1,39€/kg","0,29€ / Unid.",
Alimento Seco P/ Gato Bola Pelo/Esteril,PURINA ONE,Emb. 0.8 KG,"6,99€","8,74€ / KG",
Miolo de Amêndoa Palitada,MARQUE REPERE,Emb. 0.15 KG,"1,99€","13,27€ / KG",
Pimenta Branca Moída,RUSTICA,Emb. 0.05 KG,"0,99€","19,80€ / KG",
Néctar Clássico Pêssego 3x200 ml,COMPAL,Emb. 0.6 LT,"1,39€","2,32€ / LT",
Tostas de Trigo 36Unid.,EPI D'OR,Emb. 0.3 KG,"1,09€","3,63€ / KG",
Farinha De Trigo Espiga T55,ESPIGA,Emb. 1 KG,"1,14€","1,14€ / KG",
TABLETE CHOCOLATE NEGRO 72% 100G,CEMOI,Emb. 0.1,"0,99€","9,90€ /",
Chávena de Café Vidro 9cl,ARDENCE,1 UNID.,"0,75€","0,75€ / UNID.",
Vinho Verde Branco,TAPADA DOS MONGES,Garrafa 0.75 LT,"3,29€","4,39€ / LT",
Pastilhas Elásticas sem Açúcar Sabor Menta Verde 70Unid.,NEW'R,Emb. 0.102 KG,"1,80€","17,65€ / KG",
BOLACHAS VITALDAY CROCANTE CHOCOLATE 280G,GULLÓN,Emb. 0.28 KG,"2,29€","8,18€ / KG",
Mistura de Sementes,MARQUE REPERE,Emb. 0.2 KG,"1,99€","9,95€ / KG",
Gel de Banho Naturals Oliva e Leite,PALMOLIVE,Emb. 0.5 LT,"2,69€","5,38€ / LT",
Sacos do Lixo Ultra Resistentes com Atilhos 100L,ELEMBAL,,"2,59€",/ Unid.,
Condicionador Purify & Hidrate,,Emb. 0.4 LT,"4,19€","10,48€ / LT",
Queijo de Cabra Curado,SALOIO,Emb. 0.2 KG,"3,59€","17,95€ / KG",
Licor Ginja com Fruto,ALBERGARIA,Emb. 1 LT,"6,99€","6,99€ / LT",
Inseticida Recarga Uso Doméstico,BIO KILL,Emb. 0.375 LT,"3,60€","9,60€ / LT",
Bolachas com Sal Crackers,DU BOIS DE LA ROCHE,Emb. 0.5 KG,"2,79€","5,58€ / KG",
Pão com Chouriço,,1 Unid. = 0.13 KG,"0,85€","6,54€ / KG",
RECARGA P/ SABONETE LIQUIDO FLORAL 750ML,ECO+,Emb. 0.75 LT,"1,10€","1,47€ / LT",
Gelatina Sabor Melancia 2x85g,TABLIER BLANC,Emb. 0.17 KG,"0,85€","5,00€ / KG",
Cillit Bang Lixívia & Higiene 500ML x12,CILLIT BANG,Emb. 0.5 LT,"2,24€","4,48€ / LT",
Gin Gordon´s,GORDON'S,Garrafa 0.7 LT,"14,99€","21,41€ / LT",
Courgette,,1 Unid. = 0.38 KG (aprox.),"1,49€/kg","0,57€ / Unid.",
Vinho Regional Alentejo Tinto,MONSARAZ,Garrafa 0.75 LT,"2,99€","3,99€ / LT",
Bacalhau Seleção Graúdo Noruega Asa Preta,,1 Unid. = 2.5 KG (aprox.),"11,89€/kg","29,73€ / Unid.",
Escova de Dentes 3D White,ORAL B,Emb. 1 UNID.,"1,64€","1,64€ / UNID.",
Massa Folhada Pronta Biológica,,Emb. 0.23 KG,"1,99€","8,65€ / KG",
Sumo 100% 3 Citrinos,JAFADEN,Emb. 1 LT,"1,55€","1,55€ / LT",
Mix de Patês,CÔTÉ TABLE,Emb. 0.234 KG,"1,98€","8,46€ / KG",
Vinho Tinto,MONTES ERMOS,Bag in Box 5 LT,"9,49€","1,90€ / LT",
BOLACHAS RETANGULARES COM RECHEIO DE CHOCOLATE,P'TIT DÉLI,Emb. 0.125 KG,"1,29€","10,32€ / KG",
Vinho Verde Branco,DEU LA DEU,Garrafa 0.75 LT,"5,99€","7,99€ / LT",
PURE MACA/MIRTILO/BANANA SEM ADICAO ACUCAR BISNAGA,DOUCEUR DU VERGER,Emb. 0.48 KG,"2,49€","5,19€ / KG",
Chá de Tília,,Emb. 25 SAQ.,"0,99€","0,04€ / SAQ.",
Papa Infantil 8 Cereais e Mel,NESTLÉ,Emb. 0.25 KG,"1,79€","7,16€ / KG",
Pantene Repara & Protege Ampolas Resgate,PANTENE PV,Emb. 3 UNID.,"3,48€","1,16€ / UNID.",
Chá de Camomila,LIPTON,Emb. 10 SAQ.,"0,69€","0,07€ / SAQ.",
FOLHADOS FEUILLETINE 135G,DU BOIS DE LA ROCHE,Emb. 0.135 KG,"1,48€","10,96€ / KG",
Mistura de Frutos Secos Torrados com Sal,TOKAPI,Emb. 0.12 KG,"1,79€","14,92€ / KG",
Polpa de Tomate,ECO+,Frasco 1 KG,"1,49€","1,49€ / KG",
Salsa em Folhas,MARGÃO,Emb. 0.006 KG,"0,89€","148,33€ / KG",
Cereais Granola de Aveia C/ Arandos e Sementes de Abóbora,FITNESS,Emb. 0.3 KG,"2,79€","9,30€ / KG",
Queijo Camembert,PRÉSIDENT,Emb. 0.25 KG,"3,79€","15,16€ / KG",
Sumo 100% Ananás Biológico,,Emb. 1 LT,"2,99€","2,99€ / LT",
DENTIFRICO SABOR A MENTA 7-13 ANOS KIDS,DENTAMYL,Emb. 0.075 LT,"0,99€","13,20€ / LT",
CALDO GALINHA M.REPERE,RUSTICA,Emb. 0.12 KG,"0,79€","6,58€ / KG",
Aguardente Vínica Velha,DORRÃO,Garrafa 0.7 LT,"11,99€","17,13€ / LT",
Lixívia Perfumada,NEOBLANC,Emb. 4 LT,"3,34€","0,84€ / LT",
Óleo Cedro Líquido,PRONTO,Emb. 0.25 LT,"2,91€","11,64€ / LT",
FILETES DE CAVALA C/ MOSTARDA DE DIJON,PÊCHE OCÉAN,Emb. 0.169 KG,"1,79€","10,59€ / KG",
Azeite Virgem Tradicional,SERRATA,Garrafa 0.75 LT,"3,64€","4,85€ / LT",
Alimento Húmido Cão Borrego e Galinha,PEDIGREE,Emb. 0.3 KG,"2,28€","7,60€ / KG",
Sorvete Cassis C/ Pedaços,ESKISS,Emb. 1 LT,"2,69€","2,69€ / LT",
Cajus no Forno,MATUTANO,Emb. 0.17 KG,"4,99€","29,35€ / KG",
Papa Infantil Aveia Manga e Banana,CERELAC,Emb. 0.25 KG,"2,49€","9,96€ / KG",
QUEIJO EMMENTAL RALADO BIO,,Emb. 0.1 KG,"1,59€","15,90€ / KG",
Escova de Dentes Suave Whole Mouth Clean,COLGATE,Emb. 1 UNID.,"2,84€","2,84€ / UNID.",
Ambientador Aerossol  Essências Baunilha 6 em 1,AIR WICK,Spray 0.24 LT,"1,79€","7,46€ / LT",
Couscous,,Emb. 1 KG,"1,50€","1,50€ / KG",
Vinho Regional Alentejo Tinto,PORTA DA RAVESSA,Garrafa 0.75 LT,"1,99€","2,65€ / LT",
PERCABONATO SÓDIO,CLAIR,Emb. 0.5 KG,"2,99€","5,98€ / KG",
Saquetas Iogurte Morango,DANONE,Emb. 0.28 KG,"1,99€","7,11€ / KG",
Compota de Maçã 12x90g,DOUCEUR DU VERGER,Emb. 1.08 KG,"4,99€","4,62€ / KG",
Cueca de Banho Tam. S 7/12 Kg,MOTS D'ENFANTS,Emb. 12 UNID.,"4,49€","0,37€ / UNID.",
"Panela de Pressão 4,5L",ARDENCE,1 UNID.,"51,50€","51,50€ / UNID.",
Gel Studio Line Invisi Fix Fixação Forte 6,L'ORÉAL PARIS,Emb. 0.15 KG,"3,89€","25,93€ / KG",
Alimento Seco P/ Gato Salmão,PURINA ONE,Emb. 0.8 KG,"6,64€","8,30€ / KG",
Conserva de Salsichas 6 Unid. FrankFurt,CÔTÉ TABLE,Lata 0.12 KG,"0,59€","4,92€ / KG",
Água sem Gás,VITALIS,Garrafa 1.5 LT,"0,42€","0,28€ / LT",
Iogurte Natural 8x120g,DANONE,Emb. 0.96 KG,"2,34€","2,44€ / KG",
COCKTAIL AZEITONAS E TREMOCOS,TOKAPI,Emb. 0.2 KG,"1,32€","6,60€ / KG",
Pensos Diários Salva Slip Normal,EVAX,Emb. 50 UNID.,"2,03€","0,04€ / UNID.",
Bollycao Clássico 2x57 g,BOLLYCAO,Emb. 0.114 KG,"1,00€","8,77€ / KG",
Sopa Creme de Lagosta,KNORR,Emb. 0.061 KG,"1,49€","24,43€ / KG",
Lava Tudo Multisuperficies Lavanda,CIF,Emb. 1.4 LT,"1,99€","1,42€ / LT",
TOSTAS DE TRIGO INTEGRAL,EPI D'OR,Emb. 0.5 KG,"1,49€","2,98€ / KG",
Alimento Húmido P/ Gato Gold Carne de Vaca,GOURMET GOLD,Emb. 0.085 KG,"0,75€","8,82€ / KG",
Espargos Verdes,,Emb. 0.25 KG,"2,99€","11,96€ / KG",
CREME Q10 DIA 50ML,INELL,Emb. 0.05 LT,"2,99€","59,80€ / LT",
Beringela Embalada,,1 Unid. = 0.57 KG (aprox.),"1,00€/kg","0,57€ / Unid.",
Pão de Forma para Canapés,EPI D'OR,Emb. 0.28 KG,"1,19€","4,25€ / KG",
Puré de Batata Ultracongelado,POM'LISSE,Emb. 0.75 KG,"1,34€","1,79€ / KG",
OREGAOS FOLHAS SAQUETA,RUSTICA,Emb. 0.08 KG,"0,28€","3,50€ / KG",
AGUA FRIZE TANGERINA 4x25CL,FRIZE,,"2,06€",/ Unid.,
Sumo Refrigerado Morango,SUNNY DELIGHT,Emb. 0.31 Lt,"0,78€","2,52€ / Lt",
Vinho Regional Alentejo Branco,MONSARAZ,Garrafa 0.75 LT,"2,99€","3,99€ / LT",
Tarte de Alho Frances,CÔTÉ TABLE,Emb. 0.4 KG,"1,95€","4,88€ / KG",
Preparado em Pó P/ Gelatina de Limão,ROYAL,Emb. 0.114 KG,"1,79€","15,70€ / KG",
Leite UHT Magro,MATINAL,Emb. 1 LT,"0,87€","0,87€ / LT",
Pão de Forma Grande,BIMBO,Emb. 0.375 KG,"1,84€","4,91€ / KG",
Miolo de Amêndoa S/ Pele,MARQUE REPERE,Emb. 0.225 KG,"3,81€","16,93€ / KG",
Filete Primavera com Alho e Ervas Aromáticas 2 Unid.,IGLO,Emb. 0.225 KG,"3,99€","17,73€ / KG",
Trident Fresh Drageias Pepperm,TRIDENT,Emb. 0.015 KG,"0,67€","44,67€ / KG",
Feijão Branco Seco,NOTRE JARDIN,Emb. 0.5 KG,"0,99€","1,98€ / KG",
Sobremesa Láctea de Alperce +6 Meses,BIO VILLAGE BEBE,Emb.0 0.4 KG,"2,29€","5,73€ / KG",
Bolachas Avenacol Rústica,CUÉTARA,Emb. 0.3 KG,"3,04€","10,13€ / KG",
Vinho Regional Alentejo Tinto,PORTAS DA HERDADE,Garrafa 0.75 LT,"2,79€","3,72€ / LT",
Elixir Mentol,LISTERINE,Emb. 0.05 LT,"5,99€","119,80€ / LT",
Farinha Rainha Especial P/ Bolos,NACIONAL,Emb. 1 KG,"1,23€","1,23€ / KG",
Gentil Lixívia para a Roupa a Cores e Delicada,NEOBLANC,Emb. 2 LT,"3,84€","1,92€ / LT",
Fonte 6L Authentic,SAN MIGUEL,Emb. 1 UNID.,"16,45€","16,45€ / UNID.",
Alimento Seco P/ Gatos Interior Frango,PURINA FRISKIES,Emb. 3 KG,"12,99€","4,33€ / KG",
"AQUAFRESH INTENSE CLEAN,,2x75ML",AQUAFRESH,,"3,99€",/ Unid.,
"KINDER BUENO CLASSICO, T2X4",KINDER BUENO,Emb. 0.172 KG,"2,44€","14,19€ / KG",
Champô Leite de Coco,HERBAL ESSENCES,Emb. 0.4 LT,"3,99€","9,98€ / LT",
Cereais Powerz,NACIONAL,Emb. 0.3 KG,"1,69€","5,63€ / KG",
Johnson's Baby Gold Champô,JOHNSON'S BABY,Emb. 0.5 LT,"5,59€","11,18€ / LT",
Miolo de Amêndoa Torrada,MARQUE REPERE,Emb. 0.2 KG,"3,99€","19,95€ / KG",
Caldo de Galinha,KNORR,Emb. 0.252 KG,"2,39€","9,48€ / KG",
Bolachas Maria 74% de Cereais,TRIUNFO,Emb. 0.2 KG,"1,09€","5,45€ / KG",
Cerveja Amber Lager 4x33cl,CORUJA,Emb. 1.32 L,"3,29€","2,49€ / L",
Lombo de Porco Preto,,1 Unid. = 0.5 KG (aprox.),"23,58€/kg","11,79€ / Unid.",
Tablete de Chocolate Preto com Pedaços de Amêndoas Torradas Biológico,,Emb. 0.1 KG,"1,99€","19,90€ / KG",
Alimento Seco P/ Gato Crunchy e Tender Salmão Atum,PURINA FRISKIES,Emb. 1.5 KG,"6,23€","4,15€ / KG",
Vinagre de Vinho Branco,RUSTICA,Garrafa 0.5 LT,"0,49€","0,98€ / LT",
ALGODAO DUO OVAL,INELL,Emb. 70 UNID.,"1,09€","0,02€ / UNID.",
Forma de Alumínio Charlotte Castanha 18cm,ARDENCE,1 UNID.,"4,95€","4,95€ / UNID.",
Pantene Purifica & Reconstrói Champô 250 ml,,Emb. 0.25 LT,"3,74€","14,96€ / LT",
"Cacaolat Zero Açúcares Adicionados Leite Cacau UHT 4x 0,20L",CACAOLAT,Emb. 4 UNID.,"2,09€","0,52€ / UNID.",
"Mistura de Triguilho, Quinoa Branca e Quinoa Vermelha",,Emb. 0.45 KG,"4,29€","9,53€ / KG",
Loção Spray Cocoa Radiante,VASELINE,Emb. 0.19 LT,"3,59€","18,89€ / LT",
ESPARGUETE,ECO+,Emb. 1 KG,"1,49€","1,49€ / KG",
Cereais Zero Flocos de Milho,NACIONAL,Emb. 0.375 KG,"1,74€","4,64€ / KG",
Ambientador Stick 2em1 Perfume Citrinos,BIEN AIR,Emb. 2 UNID.,"0,99€","0,50€ / UNID.",
DOCE FRAMBOESA LIGHT,DOUCEUR DU VERGER,Emb. 0.34 KG,"1,73€","5,09€ / KG",
Brioches com Recheio Chocolate 8Unid.,EPI D'OR,Emb. 0.31 KG,"2,29€","7,39€ / KG",
Proteção de Dentes e Gengivas Menta,LISTERINE,Emb. 0.25 LT,"3,99€","15,96€ / LT",
Glade Automatic Spray Recarga Relax Zen,GLADE,Emb. 0.269 LT,"3,59€","13,35€ / LT",
Infusão de Canela e Maça,LIPTON,Emb. 0.044 KG,"1,94€","44,09€ / KG",
Bálsamo Lábios Rosy,VASELINE,Emb. 0.017 KG,"2,99€","175,88€ / KG",
DETERGENTE GEL EXPRESS - TIRA NODOAS 2EM1,EPSIL,Emb. 0.25 LT,"1,69€","6,76€ / LT",
Recarga Espanador,PRONTO,Emb. 5 UNID.,"4,46€","0,89€ / UNID.",
Lenços de Bolso Pure Sensitive 4 Folhas,RENOVA,Emb. 6 UNID.,"0,99€","0,17€ / UNID.",
Limpeza Móveis Classic Protege,PRONTO,Spray 0.3 LT,"3,88€","12,93€ / LT",
BEBIDA SOJA FRUTOS VERMELHOS 3x250ML,ALPRO,Emb. 0.75 LT,"1,79€","2,39€ / LT",
"ATUM FILET MANJERICÃO&TOMATE SECO, 120G",TENÓRIO,Emb. 0.12 KG,"2,29€","19,08€ / KG",
Massa Cotovelinhos,ECO+,Emb. 0.5 KG,"0,65€","1,30€ / KG",
Farinha Láctea,MOTS D'ENFANTS,Emb. 1 KG,"4,40€","4,40€ / KG",
BOLACHAS PEQUENO ALMOCO CHOCOLATE,P'TIT DÉLI,Emb. 0.6 KG,"2,98€","4,97€ / KG",
AUSONIA AIRDRY NOITE ABAS 24,AUSONIA,Emb. 24 UNID.,"4,24€","0,18€ / UNID.",
Sabonete Glicerina Hidratante,PALMOLIVE,Emb. 0.09 KG,"0,74€","8,22€ / KG",
Iogurte de Pêra 4 Unid.,IOGOLINO,Emb. 0.4 KG,"2,28€","5,70€ / KG",
Salpicão Tradicional,FUMEIROS DA GUARDA,Emb. 0.3 KG,"4,24€","14,13€ / KG",
Molho Béchamel,RUSTICA,Emb. 0.5 LT,"1,62€","3,24€ / LT",
Pastilha Elástica Senses Frutos Vermelhos 3x23g,TRIDENT,Emb. 0.069 KG,"2,59€","37,54€ / KG",
Pantene Protect & Style Laca 300ml,PANTENE PV,Emb. 0.3 LT,"3,74€","12,47€ / LT",
Gel Sanitário Anti-calcário,HARPIC,Emb. 0.75 LT,"1,94€","2,59€ / LT",
CREME DEPILATORIO PELE SENSIVEL 100ML 100ML SLISS,SLISS,,"1,75€",/ Unid.,
SALMAO C/ MOLHO DE AZEDAS,CÔTÉ TABLE,Emb. 0.3 KG,"2,99€","9,97€ / KG",
SPRAY LIMPA TABLIER 1 L 1L TECH9,TECH9,Emb. 1 LT,"3,19€","3,19€ / LT",
Queijo Flamengo Bola Quartos Valformoso,VALFORMOSO,Emb. 0.35 KG,"2,99€","8,54€ / KG",
GRAO DE BICO LATAMGUIA,NOTRE JARDIN,Emb. 0.425 KG,"0,75€","1,76€ / KG",
Dentífrico com Flúor Fresh Gel,COLGATE,Emb. 0.075 LT,"1,99€","26,53€ / LT",
SALSA E ALHO PICADO,RUSTICA,Emb. 0.25 KG,"2,19€","8,76€ / KG",
Pantene Superalimento Ampolas Resgate,PANTENE PV,Emb. 0.045 LT,"3,48€","77,33€ / LT",
Bolos de Iogurte 7 Unidades,P'TIT DÉLI,Emb. 0.189 KG,"1,39€","7,35€ / KG",
Gel Anti-Calcário Hygiene Elimina Bactérias,CALGON,Emb. 1.5 LT,"12,74€","8,49€ / LT",
Fraldas de Incontinência Plus Tam. G,LINDOR,Emb. 14 UNID.,"17,13€","1,22€ / UNID.",
Iogurte Líquido Morango 6 Unid.,YOCO,Emb. 0.54,"2,29€","4,24€ /",
Queijo Prato Amanteigado Pequeno,PAIVA,Emb. 0.55 KG,"4,94€","8,98€ / KG",
Cevada Especial Torrada Moída,DELTA,Emb. 0.25 KG,"0,89€","3,56€ / KG",
CORNICHON RUSTICA EF,RUSTICA,Emb. 0.37 LT,"1,40€","3,78€ / LT",
Donuts,,1 Unid. = 0.045 KG,"0,28€","6,22€ / KG",
Alimento Húmido P/ Gato Completo Geleia Carne 390g,LYCAT,Emb. 4 UNID.,"2,89€","0,72€ / UNID.",
BEBIDA SOJA C/CALCIO BIO,,Emb. 1 L,"1,29€","1,29€ / L",
Cerveja com Álcool Mini Saca Fácil 10x20cl,SUPER BOCK,Emb. 2 LT,"4,99€","2,50€ / LT",
Puré de Tomates Biológico,,Emb. 0.72 LT,"1,95€","2,71€ / LT",
Galetes Arroz Biológicas,,Emb. 0.13 KG,"0,99€","7,62€ / KG",
GAUFRES COM MEL BIO,,Emb. 0.175 KG,"1,99€","11,37€ / KG",
Conserva de Tremoço Extra,RUSTICA,Emb. 0.5 KG,"1,90€","3,80€ / KG",
Bolachas de Chocolate com Pepitas de Chocolate,ECO+,Emb. 0.2 KG,"0,97€","4,85€ / KG",
CREME DE OVOS SABOR COCO,DÉLISSE,Emb. 0.4 KG,"2,45€","6,13€ / KG",
COTOVELOS,CAÇAROLA,Emb. 0.5 KG,"1,16€","2,32€ / KG",
Açúcar de Cana em Pó Biológico,,Emb. 0.5 KG,"1,89€","3,78€ / KG",
Desodorizante Spray Jasmim Bio,BIONAÏA,Emb. 0.1 LT,"1,83€","18,30€ / LT",
SOBREMESA PISTACHE,DÉLISSE,Emb. 0.5 KG,"1,59€","3,18€ / KG",
Body Lotion Hidratante Express Minerais Marinhos,NIVEA,Emb. 0.25 LT,"5,49€","21,96€ / LT",
Conserva Cogumelos Inteiros,NOTRE JARDIN,Emb. 0.355 KG,"1,29€","3,63€ / KG",
Cerveja com Álcool 20x25cl,SUPER BOCK,Emb. 5 LT,"9,49€","1,90€ / LT",
TOMATE CONCENTRADO BISNAGA BIO,,Emb. 0.2 KG,"1,49€","7,45€ / KG",
Manteiga Fácil de Barrar,PRÉSIDENT,Emb. 0.25 KG,"3,09€","12,36€ / KG",
Azeite Virgem Delicado,GALLO,Emb. 0.75 LT,"3,89€","5,19€ / LT",
"Água sem Gás Mineral 6x1,5L",,Emb. 9 LT,"2,89€","0,32€ / LT",
Crepes de Chocolate 8x32g,P'TIT DÉLI,Emb. 0.256 KG,"1,99€","7,77€ / KG",
Queijo Fatiado Flamengo,TERRA NOSTRA,Emb. 0.2 KG,"2,19€","10,95€ / KG",
Pastéis de Bacalhau 10 Unid.,SNR,Emb. 0.325 KG,"3,45€","10,62€ / KG",
Condicionador Express para Pontas Espigadas em Spray,GLISS,Emb. 0.2 LT,"3,24€","16,20€ / LT",
Lula Limpa,,1 Unid. = 0.36 KG (aprox.),"5,49€/kg","1,98€ / Unid.",
Gel de Banho Active Clean,NIVEA MEN,Emb. 0.5 LT,"6,99€","13,98€ / LT",
AMACIADOR ROUPA ROSAS,HYPERDOU,Emb. 4 LT,"1,69€","0,42€ / LT",
Conserva de Feijão Branco Cozido,NOTRE JARDIN,Lata 0.85 KG,"0,99€","1,16€ / KG",
Coxa de Peru,,1 Unid. = 0.86 KG (aprox.),"2,99€/kg","2,57€ / Unid.",
Rebuçado Refrescante sem Açúcar,HALLS,Emb. 0.134 KG,"2,99€","22,31€ / KG",
Bebida Energética Ultra White Energy Zero Açúcar,MONSTER ENERGY,Emb. 0.05 LT,"1,20€","24,00€ / LT",
"AGUA NAT PET,CARVALHELHO,4x1.5L",CARVALHELHOS,,"1,79€",/ Unid.,
Perninha de Peru,,1 Unid. = 0.86 KG (aprox.),"3,60€/kg","3,10€ / Unid.",
ALGODAO,PRIMOPLAST,Emb. 0.1 KG,"0,75€","7,50€ / KG",
Mácara Rosto Filme Purificante Alisante,INELL,Emb. 2 UNID.,"1,39€","0,70€ / UNID.",
Chávena de Café Vidro 33cl,ARDENCE,1 UNID.,"1,45€","1,45€ / UNID.",
Champô Cabelos Normais Fructis 2 em 1,GARNIER,Emb. 0.25 LT,"3,95€","15,80€ / LT",
Presunto Fatiado,DAMATTA,Emb. 0.07 KG,"1,98€","28,29€ / KG",
Gel de Barbear Sensitive,NIVEA MEN,Emb. 0.2 LT,"4,49€","22,45€ / LT",
Lombo Salmão,,1 Unid. = 0.25 KG (aprox.),"14,99€/kg","3,75€ / Unid.",
RAVIOLI CARNE VACA MOLHO ITALIANO,CÔTÉ TABLE,Emb. 0.8 KG,"2,19€","2,74€ / KG",
Faca de Cozinha,PRADEL,1 UNID.,"6,65€","6,65€ / UNID.",
Desodorizante Invisimax Spray Homem,NARTA,Emb. 0.2 LT,"3,13€","15,65€ / LT",
Máquina Descartável Twin lady Sensitive 2 Lâminas,BIC,Emb. 5 UNID.,"2,49€","0,50€ / UNID.",
PENSOS DIARIOS LONGOS,CHORYS,Emb. 24 UNID.,"1,49€","0,06€ / UNID.",
Farelo de Aveia Integral,CEM PORCENTO,Emb. 0.4 KG,"1,49€","3,73€ / KG",
Néctar Essencial Maça 3x110ml,COMPAL,Emb. 0.33 LT,"1,79€","5,42€ / LT",
Batata Vermelha Assar,,Emb. 1 KG,"1,19€","1,19€ / KG",
Leite de Transição 3 +6 meses,NAN,Emb. 0.8 KG,"16,49€","20,61€ / KG",
Sobremesa Gelado Chocolate Brownie,CARTE D'OR,Emb. 0.9 LT,"3,29€","3,66€ / LT",
Café Cápsulas Pack Intensidade,DELTA Q,Emb. 40 CAPS.,"12,99€","0,32€ / CAPS.",
Spray Depilatório Aloé Vera e Vitamina E,VEET,Spray 0.15 LT,"9,99€","66,60€ / LT",
Bifidus Actifidus Muesli 4x124g,DÉLISSE,Emb. 0.5 KG,"1,29€","2,58€ / KG",
Preparado em Pó P/ Gelatina Tutti Fruti,ROYAL,Emb. 0.114 KG,"1,47€","12,89€ / KG",
Açúcar Branco 170 Saquetas,TÉVA,Emb. 1 KG,"1,79€","1,79€ / KG",
CREME DE CENOURA,REGAL SOUPE,Emb. 0.35 KG,"1,39€","3,97€ / KG",
Erva Doce em Grão,MARGÃO,Emb. 0.04 KG,"0,96€","24,00€ / KG",
Spray Extra Pulverizador,BIO KILL,Emb. 0.375 LT,"5,69€","15,17€ / LT",
Pota Inteira Congelado,,1 Unid. = 0.2 KG (aprox.),"4,49€/kg","0,90€ / Unid.",
Coloração Castanho Claro 5,EXCELLENCE,Emb. 1 UNID.,"7,79€","7,79€ / UNID.",
Queijo Fundido e Palitos Tostados,VACA QUE RI,Emb. 0.035 KG,"0,68€","19,43€ / KG",
"""BLANQUETTE"" DE VITELA E ARROZ",CÔTÉ TABLE,Emb. 0.285 KG,"2,49€","8,74€ / KG",
Pudim Flan Caramelo 12x100g,ECO+,Emb. 1.2 KG,"1,69€","1,41€ / KG",
PensosHigiénicos Cottonlike Super Plus Alas,EVAX,Emb. 10   UNID.,"2,59€","0,26€ /   UNID.",
Batatas Pré-Fritas Finas Forno Óleo Girassol,POM'LISSE,Emb. 0.6,"1,15€","1,92€ /",
Pet Expert Spray,VANISH,Emb. 1 UNID.,"7,91€","7,91€ / UNID.",
Forma de Alumínio Redonda Castanha 26cm,ARDENCE,1 UNID.,"4,95€","4,95€ / UNID.",
Queijo de Cabra Curado Pasteurizado,PALHAIS,Emb. 0.18 KG,"3,16€","17,56€ / KG",
CORANTES ALIMENTARES X3,TABLIER BLANC,Emb. 0.018 LT,"1,95€","108,33€ / LT",
Gin Sapphire,BOMBAY,Garrafa 0.7 LT,"19,81€","28,30€ / LT",
Sabonete Sólido Limão Manjericão,MANAVA,Emb. 2 UNID.,"1,00€","0,50€ / UNID.",
RESGUARDO PROTECAO CAMA 90X180CM,CHORYS,Emb. 20 UNID.,"10,99€","0,55€ / UNID.",
REBENTOS DE FEIJAO MUNGO,NOTRE JARDIN,Emb. 0.175 KG,"0,54€","3,09€ / KG",
Ice Tea de Limão Lata 6x25cl,LIPTON,Emb. 1.5 LT,"3,38€","2,25€ / LT",
Pizza Casa Di Mama Fiambre e Cogumelos,DR. OETKER,Emb. 0.405 KG,"4,45€","10,99€ / KG",
Bolachas de Manteiga,,Emb. 0.125 KG,"1,25€","10,00€ / KG",
Infusão Chá Preto Pêssego,FRESH TEA,Emb. 1 LT,"1,19€","1,19€ / LT",
GRESSINOS - receita italiana,TRADIZIONI D'ITALIA,Emb. 0.25 KG,"1,49€","5,96€ / KG",
Pacotinho de Multifrutas S/ Glúten +6 meses,NESTLÉ BEBÉ,Emb. 0.09 KG,"0,69€","7,67€ / KG",
Robalo Cal. 600/800,,1 Unid. = 0.75 KG (aprox.),"11,20€/kg","8,40€ / Unid.",
QUEIJO MAROILLES,NOS RÉGIONS ONT DU TALENT,Emb. 0.2 KG,"2,99€","14,95€ / KG",
BOLACHAS DIGESTIVE DIGESTIVE NATURE GULLON 400G,GULLÓN,Emb. 0.4 KG,"2,44€","6,10€ / KG",
Bolachas de Manteiga com Pepitas de Chocolate,P'TIT DÉLI,Emb. 0.2 KG,"1,64€","8,20€ / KG",
Gelado de Chocolate Branco e Cookies,MAGNUM,Emb. 0.44 LT,"3,89€","8,84€ / LT",
Massa de Alho,RUSTICA,Frasco 0.2 KG,"0,75€","3,75€ / KG",
Clementina,,1 Unid. = 0.1 KG (aprox.),"2,99€/kg","0,30€ / Unid.",
Drageia Menta,MENTOS,Emb. 0.04 KG,"0,68€","17,00€ / KG",
Arroz Carolino,CAÇAROLA,Emb. 1 KG,"1,05€","1,05€ / KG",
Fiambre da Perna Extra,CHARCUTARIA,1 Unid. = 0.12 KG (aprox.),"8,98€/kg","1,08€ / Unid.",
Batatas Fritas Lisas Caseiras,SNR,Emb. 0.4 UNID.,"1,69€","4,23€ / UNID.",
"Mini Pães Gache, Manteiga Pura",,Emb. 0.36 KG,"1,89€","5,25€ / KG",
Leite Bem Especial Crescimento 1 a 3 anos,MIMOSA,Emb. 1 LT,"1,70€","1,70€ / LT",
Sobremesa Creme de Baunilha 4x100gr,DANONE,Emb. 0.4 KG,"1,99€","4,98€ / KG",
Barras de Cereais de Morango 6 Unid.,FITNESS,Emb. 0.141 KG,"2,29€","16,24€ / KG",
BOLACHAS AREADAS CEREAIS C/ BASE CHOC LEITE POCKET,P'TIT DÉLI,Emb. 0.225 KG,"1,97€","8,76€ / KG",
Drageias de Chocolate Leite,SMARTIES,Emb. 0.038 KG,"0,98€","25,79€ / KG",
GELATINA CONDI MORANGO 2X85G,CONDI,,"1,79€",/ Unid.,
Alimento Húmido Bovino para Cão,ECO+,Emb. 0.3 KG,"0,55€","1,83€ / KG",
WAFFERS EXTRA FINAS MORANGO E MORANGO SILVESTRE,P'TIT DÉLI,Emb. 0.16 KG,"1,82€","11,38€ / KG",
Ice Tea Manga,LIPTON,Emb. 1 LT,"1,29€","1,29€ / LT",
Manteiga c/sal 250 Gr Valformoso,VALFORMOSO,Emb. 0.25 KG,"2,19€","8,76€ / KG",
Bloco Sanitário Desinfectante de Lima,DOMESTOS,Emb. 0.055 KG,"1,79€","32,55€ / KG",
Arroz Branco Longo Biológico,,Emb. 0.5 KG,"1,19€","2,38€ / KG",
NOODLES DE CARIL,TABLES DU MONDE,Emb. 0.061 KG,"0,89€","14,59€ / KG",
Johnson's Champô para Crianças Gotas de Força,JOHNSON'S BABY,Emb. 0.5 LT,"5,02€","10,04€ / LT",
Queijinhos Frescos de Fruta,DÉLISSE,Emb. 0.6 KG,"1,79€","2,98€ / KG",
Sabonete Líquido Naturals Pele Sensível,PALMOLIVE,Emb. 0.3 LT,"2,24€","7,47€ / LT",
Snack P/ Cão Pequeno,FRISKIES,Emb. 0.35 KG,"3,39€","9,69€ / KG",
Caldeirada de Peixe Ultracongelada,Brasmar,Emb. 0.9 KG,"2,99€","3,32€ / KG",
Arroz Agulha,COZINHA VELHA,Emb. 1 KG,"1,34€","1,34€ / KG",
COTONETES ALGODAO,ECO+,Emb. 200 UNID.,"0,69€","0,00€ / UNID.",
Pantene Anticaspa Champô 3 Em 1,PANTENE PV,Emb. 0.3 LT,"3,87€","12,90€ / LT",
Gelatina Light Sabor a Frutos Vermelhos,TABLIER BLANC,Emb. 0.031 KG,"0,79€","25,48€ / KG",
DETERGENTE MANUAL LOICA AMENDOAS DOCES/CALENDULA,VISIOR,Emb. 0.75 LT,"0,97€","1,29€ / LT",
Alimento Seco Cão Active Completo,PURINA FRISKIES,Emb. 4 KG,"12,79€","3,20€ / KG",
Pacotinho de Frutas Maçã Banana e Aveia +6 meses,NESTLÉ BEBÉ,Emb. 0.09 KG,"0,69€","7,67€ / KG",
Café Cápsulas Intenso Intensidade 10,PLANTATION,Emb. 16 CAPS.,"2,59€","0,16€ / CAPS.",
"ATUM FILELETE AZEITE C/ ALCAPARRAS, 120G",TENÓRIO,Emb. 0.12 KG,"2,29€","19,08€ / KG",
Lasanha à Bolonhesa,CÔTÉ TABLE,Emb. 0.35 KG,"2,65€","7,57€ / KG",
PENSOS HIGIENICOS U.FINOS NORMAL C/ABAS 14UN X2,DOULYS,Emb. 28 UNID.,"1,99€","0,07€ / UNID.",
Lixívia Tradicional,NEOBLANC,Emb. 1 LT,"0,76€","0,76€ / LT",
Faqueiro Conjunto 24 Peças Inox,TROQUET ROUGE,1 UNID.,"9,90€","9,90€ / UNID.",
Fraldas Bebé Ultra Conforto T6 +16Kg,MOTS D'ENFANTS,Emb. 33 UNID.,"5,59€","0,17€ / UNID.",
Halls Vita C sem Açúcar Cítricos,HALLS,Emb. 0.032 KG,"0,78€","24,38€ / KG",
Creme Autobrilhante Incolor,SPLENDOR,Emb. 0.04 LT,"1,79€","44,75€ / LT",
Pantene Grisalho Radiante & Suave Condicionador 160 ml,PANTENE PV,Emb. 0.16 LT,"4,94€","30,88€ / LT",
Compota de Banana Maçã 4x100g,ECO+,Emb. 0.4 KG,"0,99€","2,48€ / KG",
CREPES COM CHOCOLATE 6UN,TROFIC,Emb. 0.54 KG,"3,89€","7,20€ / KG",
Cera Depilatória a base de Açúcar,VEET,Emb. 0.025 LT,"9,99€","399,60€ / LT",
SORVETE LIMAO,TROFIC,Emb. 1 LT,"1,89€","1,89€ / LT",
Pão de Forma Integral,BIMBO,Emb. 0.48 KG,"1,27€","2,65€ / KG",
Conserva de Verde Extra Fino,NOTRE JARDIN,Lata 0.44 KG,"1,99€","4,52€ / KG",
Farinha de Linhaça Dourada e Moída,CEM PORCENTO,Emb. 0.2 KG,"1,29€","6,45€ / KG",
Snack P/ Cão Médio 12-25kg,PURINA,Emb. 0.115 KG,"2,28€","19,83€ / KG",
Gelado de Noz,CARTE D'OR,Emb. 1 LT,"2,89€","2,89€ / LT",
Atum em Óleo,RAMIREZ,Emb. 0.12 KG,"1,09€","9,08€ / KG",
COOKIES COM MEGA PEPITAS CHOCOLATE,P'TIT DÉLI,Emb. 0.184 KG,"1,39€","7,55€ / KG",
Peito de Borrego,,1 Unid. = 1 KG (aprox.),"7,99€/kg","7,99€ / Unid.",
Conserva de Atum ao Natural,RAMIREZ,Emb. 0.12 KG,"1,09€","9,08€ / KG",
Bolo de Especiarias,,Emb. 0.47 KG,"0,99€","2,11€ / KG",
Frango Campestre com Alho e Cebola,MAGGI,Emb. 0.03,"0,99€","33,00€ /",
Alimento Seco Completo P/ Cães Pequenos,TOUS MES AMIS,Emb. 1 KG,"2,85€","2,85€ / KG",
Pensos Higiénicos Maxi Super Pocket 16 Unid.,DOULYS,Emb. 16 UNID.,"1,29€","0,08€ / UNID.",
Sticks P/ Cão,TOUS MES AMIS,Emb. 25 UNID.,"2,99€","0,12€ / UNID.",
Mistura de Legumes Ultracongelado c/ Saquetas Tempero,NOTRE JARDIN,Emb. 1 KG,"2,49€","2,49€ / KG",
ATUM ALBACORA POSTA NATURAL,PÊCHE OCÉAN,Emb. 0.14 KG,"1,99€","14,21€ / KG",
Massa Cotovelos sem Glúten,CHAQUE JOUR SANS GLUTEN,Emb. 0.4 KG,"1,59€","3,98€ / KG",
Preparado á Base de Polpa e de Concentrado de Tomates,NOTRE JARDIN,Lata 400 KG,"1,19€","0,00€ / KG",
Bife do Lombo de Novilho,,1 Unid. = 0.25 KG (aprox.),"29,99€/kg","7,50€ / Unid.",
Salsichão com Alho Fumado,TRADILÈGE,Emb. 0.3 KG,"2,79€","9,30€ / KG",
Espumante Reserva Bruto,RAPOSEIRA,Garrafa 0.75 LT,"7,75€","10,33€ / LT",
Papel Anti-Traças,RAID,Emb. 4 UNID.,"1,33€","0,33€ / UNID.",
Aguardente Bagaceira,SÃO DOMINGOS,Garrafa 1 LT,"15,69€","15,69€ / LT",
Ice tea de Manga 3x20 cl,LIPTON,Emb. 0.6 LT,"1,17€","1,95€ / LT",
Conjunto 4 Copos Vinho Gisèle 34cl,ARDENCE,4 UNID.,"7,55€","1,89€ / UNID.",
Cápsulas Café Decaffeinato Espresso,DOLCE GUSTO,Emb. 16 CAPS.,"4,79€","0,30€ / CAPS.",
Espuma P/ Casa de Banho,CLAIR,Garrafa 0.6 LT,"1,66€","2,77€ / LT",
Creme de Dia Nutritivo Pele Seca Sensível,NIVEA,Emb. 0.05 LT,"5,99€","119,80€ / LT",
Iogurte Natural Puro 4x120g,DANONE,Emb. 0.48 KG,"1,18€","2,46€ / KG",
Iogurte Aroma Morango 4 Unid.,LONGA VIDA,Emb. 0.125 KG,"0,89€","7,12€ / KG",
Esfregão Aço Inox,BRAVO,Emb. 1 P,"1,18€","1,18€ / P",
Escova de Dentes Slim Soft Suave,COLGATE,Emb. 1 UNID.,"2,99€","2,99€ / UNID.",
Desentupidor Líquido Canos Soda,SYPHON,Emb. 1 LT,"1,59€","1,59€ / LT",
Douradinhos Espinafres 10 Unid.,CAPITÃO IGLO,Emb. 0.284 KG,"3,19€","11,23€ / KG",
Massa Cotovelos Grosso,MILANEZA,Emb. 0.5 KG,"1,09€","2,18€ / KG",
Ervilhas e Cenouras Muito Finas,NOTRE JARDIN,Emb. 0.8 KG,"1,89€","2,36€ / KG",
Óleo Alimentar,VAQUEIRO,Emb. 3 LT,"12,99€","4,33€ / LT",
Preparado Sopa de Cebola,KNORR,Emb. 0.05 KG,"1,49€/kg","0,07€ / Unid.",
Azeitonas Pretas Inteiras,RUSTICA,Emb. 0.225 LT,"0,90€","4,00€ / LT",
Toalhitas Anti-Transferência de cor,VANISH,Emb. 1 UNID.,"4,99€","4,99€ / UNID.",
Muesli Morango,GRAINEA,Emb. 0.5 KG,"2,86€","5,72€ / KG",
AROMA DE BAUNILHA,TABLIER BLANC,Emb. 0.2 LT,"2,49€","12,45€ / LT",
Vinho Branco de Mesa Elopack,CASAL DA EIRA,Emb. 1 LT,"1,69€","1,69€ / LT",
ARROZ DE PATO,CÔTÉ TABLE,Emb. 0.8 KG,"6,99€","8,74€ / KG",
Maçã Bravo Esmolfe Cal. 65+,,1 Unid. = 0.2 KG (aprox.),"1,99€/kg","0,40€ / Unid.",
Lasanha à Bolonhesa,,Emb. 1 KG,"4,49€","4,49€ / KG",
Maçã Reineta Cal. 75/80,,1 Unid. = 0.2 KG (aprox.),"2,39€/kg","0,48€ / Unid.",
Cebola Chalota,,Emb. 0.25 KG,"1,09€","4,36€ / KG",
Framboesa,,Emb. 0.125 KG,"1,89€","15,12€ / KG",
Vinho Regional Alentejano Tinto,CONVENTUAL,Garrafa 0.75 LT,"4,45€","5,93€ / LT",
GELADO PESSEGO MELBA,YSCO,Emb. 0.9 LT,"2,35€","2,61€ / LT",
Alimento Seco P/  Gato Júnior Frango e Leite,PURINA FRISKIES,Emb. 1.5 KG,"6,64€","4,43€ / KG",
Vinho Regional Dão Tinto,DUQUE DE VISEU,Garrafa 0.75 LT,"4,48€","5,97€ / LT",
12 Caracóis Preparados Ultracongelados,,Emb. 0.089 KG,"2,85€","32,02€ / KG",
Creme Anti-Rugas Cuidado Noite,DERMO EXPERTISE,Emb. 0.05 LT,"10,49€","209,80€ / LT",
Creme Depilatório Pele Normal,SILISS,Emb. 0.2 LT,"2,75€","13,75€ / LT",
Pêra Rocha Cal. 65/70,,1 Unid. = 0.2 KG (aprox.),"1,99€/kg","0,40€ / Unid.",
Vinho Regional Dão Tinto,QUINTA DOS CARVALHAIS,Garrafa 0.75 LT,"8,99€","11,99€ / LT",
"AGUA FASTIO,,2.5L",FASTIO,,"0,97€",/ Unid.,
Bebida Energética Regular,X-TENSE,Emb. 0.25 LT,"0,59€","2,36€ / LT",
Sumo Refrigerado Frutos do Bosque,SUNNY DELIGHT,Emb. 0.31 Lt,"0,78€","2,52€ / Lt",
Whisky William Lawson\'s,WILLIAM LAWSON'S,Garrafa 1 LT,"20,09€","20,09€ / LT",
Beringela,,1 Unid. = 0.37 KG (aprox.),"2,99€/kg","1,11€ / Unid.",
LENCOS BOLSO 3F,ECO+,Emb. 15 UNID.,"1,29€","0,09€ / UNID.",
Vinho Regional Alentejo Tinto,TERRAS D'EL REI,Garrafa 0.75 LT,"2,19€","2,92€ / LT",
Conserva de Feijão Manteiga Cozido com pouco Sal,FERBAR,Lata 0.42 KG,"0,95€","2,26€ / KG",
Rebentos de Feijão Mungo Bio,,Frasco 0.175 KG,"1,19€","6,80€ / KG",
Papel Higiénico 2 Folhas Super,RENOVA,Emb. 48 ROLOS,"7,99€","0,17€ / ROLOS",
Biscoitos de Canela,,Emb. 0.3 KG,"1,69€","5,63€ / KG",
Vinho Regional Douro Branco,PAPA FIGOS,Garrafa 0.75 LT,"5,79€","7,72€ / LT",
MISTURA DE LEGUMES A VAPOR,NOTRE JARDIN,Emb. 0.4 KG,"1,49€","3,73€ / KG",
PENSOS INCONTINENCIA,CHORYS,Emb. 24 UNID.,"3,99€","0,17€ / UNID.",
Bebida em Pó Morango,TANG,Emb. 0.03 KG,"0,83€","27,67€ / KG",
Pimentão Doce Colorau,RUSTICA,Frasco 0.038 KG,"0,59€","15,53€ / KG",
Alimento Húmido P/ Gato Gold Salmão,GOURMET,Emb. 0.085 KG,"0,75€","8,82€ / KG",
REMOVEDOR VERNIZ SEM ACETONA,INELL,Emb. 0.15 LT,"1,04€","6,93€ / LT",
Bolo Recheio Chocolate Clássico,BOLLYCAO,Emb. 0.057 KG,"0,94€","16,49€ / KG",
Refrigerante com Gás Ginger Ale,SCHWEPPES,Garrafa 1 LT,"1,95€","1,95€ / LT",
MORTADELA MINI,CAMPO FINO,Emb. 0.35 KG,"1,79€","5,11€ / KG",
Creme de Dia Hidratante Pele Normal Mista,NIVEA,Emb. 0.05 LT,"5,25€","105,00€ / LT",
Cabo Universal,,Emb. 1 UNID.,"1,59€","1,59€ / UNID.",
Alimento Completo Cereais P/ Porquinhos-da-Índia,TOUS MES AMIS,Emb. 0.8 kg,"1,99€","2,49€ / kg",
Ambientador P/ Máquina de Lavar Louça Odor Stop,FINISH,Emb. 1 UNID.,"3,24€","3,24€ / UNID.",
Pão sem Côdea Especial Torradas,PANRICO,Emb. 0.51 KG,"2,27€","4,45€ / KG",
Bolachas Cobertas ChocoWafer Branco,MILKA,Emb. 0.18 KG,"2,69€","14,94€ / KG",
Tablete Chocolate Branco,TABLETTE D'OR,Emb. 0.2 KG,"1,67€","8,35€ / KG",
Regenerador de Pontas,TRESEMMÉ,Emb. 0.675 LT,"8,90€","13,19€ / LT",
Detergente Manual Loiça Ultra Limão,FAIRY,Emb. 0.48 LT,"1,95€","4,06€ / LT",
Queijo Curado Amanteigado,D. DINIS,1 Unid. = 1.1 KG (aprox.),"9,49€/kg","10,44€ / Unid.",
"CHIPS AHOY! PEPITAS XL 18,184G",CHIPS AHOY,Emb. 0.184 KG,"2,09€","11,36€ / KG",
Amêijoa com Casca Vietname Congelada,,1 Unid. = 0.25 KG (aprox.),"2,29€/kg","0,57€ / Unid.",
Arroz Basmati Comptoir du Grain,,Emb. 1 KG,"1,98€","1,98€ / KG",
Alimento Seco Gato Croquetes,TOUS MES AMIS,Emb. 2 KG,"4,99€","2,50€ / KG",
Tortellini de Ricotta e Espinafres,KNORR,Emb. 0.25 KG,"2,07€","8,28€ / KG",
Bolachas Maria Júnior,MARIA,Emb. 0.276 KG,"2,49€","9,02€ / KG",
Moira Regional - PDTO Lamego,SNR,Emb. 0.17 KG,"1,65€","9,71€ / KG",
Queijo Brie,,1 Unid. = 0.2 KG (aprox.),"8,99€/kg","1,80€ / Unid.",
BACALHAU COM NATAS 350G,CÔTÉ TABLE,Emb. 0.35 KG,"1,99€","5,69€ / KG",
Batatas Pré-fritas Ultracongeladas,,Emb. 1 KG,"1,29€","1,29€ / KG",
Sacos para Lixo com Atilho 50L,ELEMBAL,,"1,29€",/ Unid.,
Bebida Energética,X-TENSE,Garrafa 1 LT,"1,69€","1,69€ / LT",
LIQUIDO ABRILHANTADOR,VISIOR,Emb. 0.75 LT,"1,19€","1,59€ / LT",
Bolachas de Manteiga,TRIUNFO,Emb. 0.168 KG,"1,99€","11,85€ / KG",
CONDICIONADOR REPARADOR,VITANOVE,Emb. 0.2 LT,"1,19€","5,95€ / LT",
Queijo Fresco Meio Gordo,SANTIAGO,Emb. 0.08 KG,"0,56€","7,00€ / KG",
GELADO STAR FOGUETAO 8UN,SMICY,Emb. 8 UNID.,"1,45€","0,18€ / UNID.",
Margarina Meio Gorda para Culinária,,Emb. 0.5 KG,"1,55€","3,10€ / KG",
Pensos Higiénicos Ultrafinos Noite,AUSONIA,Emb. 9 UNID.,"1,69€","0,19€ / UNID.",
Refrigerante C/ Gás Ananás S/ Adição Açúcares,FANTA,Garrafa 1.5 LT,"1,00€","0,67€ / LT",
Cillit Bang Calcário & Brilho 500ML x12,CILLIT BANG,Emb. 0.5 LT,"2,24€","4,48€ / LT",
Whisky Bourbon Jack Daniels,JACK DANIEL'S,Garrafa 0.7 LT,"23,99€","34,27€ / LT",
GEL DUCHE ENERGIZANTE 250ML 250ML CARRE HOMME,CARRÉ HOMME,,"0,97€",/ Unid.,
Bebida Energética Ripper,MONSTER,Emb. 0.05 LT,"1,20€","24,00€ / LT",
Pizza 4 Estações,BUITONI,Emb. 0.355 KG,"2,99€","8,42€ / KG",
Cereais de Aveia Integral C/ Chocolate,FITNESS,Emb. 0.375 KG,"2,99€","7,97€ / KG",
Licor Carolans,CAROLANS,Garrafa 0.7 LT,"14,79€","21,13€ / LT",
Pantene Caracóis Perfeitos Champô,PANTENE PV,Emb. 0.25 LT,"3,79€","15,16€ / LT",
Champô para Cabelos Normais a Oleosos,TRESEMMÉ,Emb. 0.5 LT,"4,19€","8,38€ / LT",
STICKS RICOS FRANGO P / CAO 5UN 42G LYDOG,TOUS MES AMIS,Emb. 0.042 KG,"0,79€","18,81€ / KG",
"Porta Talheres em Inox 13,5cm",FRANDIS,1 UNID.,"3,90€","3,90€ / UNID.",
Bolachas Soft Bakes Cereais,BELVITA,Emb. 0.25 KG,"2,99€","11,96€ / KG",
Conserva de Pickles em Vinagre,RUSTICA,Emb. 0.3 KG,"1,69€","5,63€ / KG",
Bolachas Crackers Bacon,TUC,Emb. 0.1 KG,"1,19€","11,90€ / KG",
QUEIJO FETA DOP BIO,,Emb. 0.18 KG,"2,99€","16,61€ / KG",
Arroz Agulha,ORIENTE,Emb. 1 KG,"1,49€","1,49€ / KG",
Spray Tira Nodoas Desengordurante,KH-7,Emb. 0.75 LT,"3,42€","4,56€ / LT",
GELADO BAUNILHA,ESKISS,Emb. 1 LT,"1,99€","1,99€ / LT",
Pepino,,1 Unid. = 0.37 KG (aprox.),"2,39€/kg","0,88€ / Unid.",
Snacks P/ Cão 25-40Kg Dentalife Large,PURINA,Emb. 0.426 KG,"4,99€","11,71€ / KG",
COGUMELOS INTEIROS,NOTRE JARDIN,Emb. 0.185 KG,"0,75€","4,05€ / KG",
Syoss Oieo Intense 4-86 Castanho Gelado,SYOSS,,"6,24€",/ Unid.,
Queijo Fundido 10 Fatias,,Emb. 0.2 KG,"1,19€","5,95€ / KG",
Vinho do Porto Rosê,PORTO CRUZ,Garrafa 0.75 L,"7,49€","9,99€ / L",
Azeite Virgem Extra Clássico,GALLO,Garrafa 2 LT,"10,89€","5,45€ / LT",
Vinho Branco de Alsacia A.O.C. Riesling 2014,REBMANN,Garrafa 0.75 LT,"4,49€","5,99€ / LT",
Vinho do Porto 10 Anos,DORRÃO,Garrafa 0.75 LT,"9,99€","13,32€ / LT",
SORTIDO BISCOITOS FINOS,EQUADOR,Emb. 0.4 KG,"3,69€","9,23€ / KG",
Tablete de Chocolate Negro,NESTLÉ,Emb. 0.09 KG,"1,09€","12,11€ / KG",
Algodão Activo Limpa Metais Brilho,DURAGLIT,Emb. 0.075 KG,"6,92€","92,27€ / KG",
Cápsulas Café Cappuccino P/ Dolce Gusto,STARBUCKS,Emb. 12 CAPS.,"4,64€","0,39€ / CAPS.",
Ambientador Eléctrico Nenuco + Recarga,AIRWICK,Emb. 0.019 LT,"5,39€","283,68€ / LT",
Bife Picanha Novilho,,1 Unid. = 0.2 KG (aprox.),"13,99€/kg","2,80€ / Unid.",
Vinho Rosé Frutado,FAISÃO,Garrafa 0.75 LT,"1,79€","2,39€ / LT",
Penne Rigate Biológico,,Emb. 0.5 KG,"1,19€","2,38€ / KG",
Areia P/ Gato,PURINA,Emb. 5 LT,"7,42€","1,48€ / LT",
BACON FUMADO NACOS,ECO+,Emb. 0.2 KG,"2,59€","12,95€ / KG",
Ambientador Stick Perfumado Flor,AIR WICK,Emb. 0.025 LT,"7,19€","287,60€ / LT",
Vinho Regional Douro Tinto,KOPKE,Garrafa 0.75 LT,"7,49€","9,99€ / LT",
Leite Bem Especial 0% de Lactose Chocolate 4 Unid.,MIMOSA,Emb. 0.8 LT,"1,99€","2,49€ / LT",
Pensos Higiénicos Fina e Segura Normal,EVAX,Emb. 1 P,"1,99€","1,99€ / P",
Conserva de Mexilhão em Escabeche,PITEU,Emb. 0.115 KG,"1,83€","15,91€ / KG",
Iogurte Magro + Gelatina Framboesa 4 Unid.,MIMOSA,Emb. 0.48 KG,"1,69€","3,52€ / KG",
Massa Macarrão,MILANEZA,Emb. 0.5 KG,"1,19€","2,38€ / KG",
ABRILHANTADOR P/ MAQUINA LOICA ECO,UNÍ VERT,Emb. 0.75 LT,"1,99€","2,65€ / LT",
Chá Infusão Lúcia-Lima,TISÉA,Emb. 25 KG,"1,59€","0,06€ / KG",
Sementes de Quinoa Biológicas,,Emb. 0.5 KG,"3,58€","7,16€ / KG",
Iogurte Sólido Proteico Chocolate Branco Lindahls,NESTLÉ,Emb. 0.15 KG,"1,09€","7,27€ / KG",
Ambientador Automático Glade Sense & Spray Difusor e Recambio Lavanda & Jazmín,BRISE,Emb. 0.018 LT,"5,39€","299,44€ / LT",
Chá Verde com Hortelã e Pimenta,BRITLEY,Emb. 25 SAQ.,"0,99€","0,04€ / SAQ.",
Vinho Regional Tejo Branco,QUINTA DA ALORNA,Garrafa 0.75 LT,"3,49€","4,65€ / LT",
Chocolate Branco com Coco Torrado,TABLETTE D'OR,Emb. 0.2 KG,"1,99€","9,95€ / KG",
Cuecas Perdas de Urina 8-15 Anos (27-57Kg),MOTS D'ENFANTS,Emb. 12 UNID.,"8,29€","0,69€ / UNID.",
Creme de Mãos Óleo de Abacate,DOVE,Emb. 0.075 LT,"2,59€","34,53€ / LT",
Mamão,,1 Unid. = 1.2 KG (aprox.),"5,99€/kg","7,19€ / Unid.",
Gel Limão,FINISH,Emb. 1 LT,"8,99€","8,99€ / LT",
Refrigerante S/ Gás Ananás,ECO+,Garrafa 2 LT,"0,79€","0,40€ / LT",
Noz-Moscada Moída,RUSTICA,Frasco 0.042 KG,"1,46€","34,76€ / KG",
Cotonetes p/ Bebé,JOHNSON'S BABY,Emb. 0.1 UNID.,"1,99€","19,90€ / UNID.",
Vinho Verde Branco,VIA LATINA,Garrafa 0.75 LT,"3,29€","4,39€ / LT",
Creme de Pentear Hidra Caracóis,FRUCTIS,Emb. 0.2 LT,"4,59€","22,95€ / LT",
DESODORIZANTE SPRAY ATTIRANT MEN 100ML COMPACT,CARRÉ HOMME,Emb. 0.1 LT,"1,25€","12,50€ / LT",
BEBIDA SOJA C/CACAU BIO,,Emb. 1 LT,"1,37€","1,37€ / LT",
Ambientador em Spray 2 em 1 Lírio do Vale,BIEN AIR,Lata 0.3 LT,"0,99€","3,30€ / LT",
Couscous à Tunisina C/ Almôndegas,CÔTÉ TABLE,Emb. 0.3 KG,"2,19€","7,30€ / KG",
Vinho Branco,M.J.FREITAS,Bag in Box 5 LT,"7,99€","1,60€ / LT",
ÁGUA C/ GÁS CARVALHELHOS 6X50CL,CARVALHELHOS,,"2,79€",/ Unid.,
Leite Fresco Meio Gordo,VIGOR,Emb. 1 LT,"0,92€","0,92€ / LT",
Desodorizante Roll On,DOVE,Emb. 0.05 LT,"2,39€","47,80€ / LT",
Espumante Reserva Meio Seco,RAPOSEIRA,Garrafa 0.75 LT,"7,75€","10,33€ / LT",
Pantene Espuma Caracóis 200ml,PANTENE PV,Emb. 0.2 LT,"3,74€","18,70€ / LT",
Tabuleiro de Vidro Retangular 35x23cm,ARDENCE,1 UNID.,"5,50€","5,50€ / UNID.",
Bife de Alcatra Novilho,,1 Unid. = 0.35 KG (aprox.),"8,99€/kg","3,15€ / Unid.",
Sardinha Tomate Picante,BOM PETISCO,Emb. 0.12 KG,"0,99€","8,25€ / KG",
Alimento Húmido Geleia 4x390g,LYCAT,Emb. 4 KG,"2,89€","0,72€ / KG",
CEBOLINHAS EM VINAGRE,RUSTICA,Emb. 0.37 LT,"1,15€","3,11€ / LT",
Tira-Nódoas para Roupa de Cor,SKIP,Emb. 1 KG,"7,49€","7,49€ / KG",
Aipo com Rama,,1 Unid. = 0.5 KG (aprox.),"1,99€/kg","1,00€ / Unid.",
Refrigerante C/ Gás  Zero Açúcar Vidro Pack 4,COCA COLA ZERO,Emb. 0.08 LT,"2,76€","34,50€ / LT",
Sobremesa Gelado Salted Caramel,CARTE D'OR,Emb. 0.9 LT,"3,29€","3,66€ / LT",
Preservativos Nature Easy Way,CONTROL,Emb. 10 UNID.,"6,99€","0,70€ / UNID.",
Rebuçados de Fruta,COPAÍNS COPINES,Emb. 0.25 KG,"0,99€","3,96€ / KG",
Alimento Húmido P/ Gato Vaca Borrego Salmão Legumes,LYCAT,Emb. 3 UNID.,"2,69€","0,90€ / UNID.",
Queijo Amanteigado Fatiado,PAIVA,Emb. 0.18 Kg,"1,78€","9,89€ / Kg",
Espinafres Ultracongelados,BONDUELLE,Emb. 0.4 KG,"1,67€","4,18€ / KG",
Bolachas Amanteigadas com Tablete de Chocolate Preto,P'TIT DÉLI,Emb. 0.15 KG,"1,19€","7,93€ / KG",
SACOS LIXO FECHO FACIL 30L,ELEMBAL,Emb. 20 UNID.,"1,19€","0,06€ / UNID.",
Dentífrico Cuidado Branqueador,PARODONTAX,Emb. 0.075 LT,"5,59€","74,53€ / LT",
Champô Cabelo Ultra Suave Óleo de Abacate e Manteiga de Carité,GARNIER,Emb. 0.4 LT,"4,63€","11,58€ / LT",
Pão de Forma com Códea Receita Económica,PANRICO,Emb. 0.475 KG,"1,58€","3,33€ / KG",
Croissant Recheado de Chocolate,,1 UNID.,"0,79€","0,79€ / UNID.",
Gin Premium Pink,GORDON'S,Garrafa 0.7 LT,"15,39€","21,99€ / LT",
Pimento Vermelho,,1 Unid. = 0.21 KG (aprox.),"2,87€/kg","0,60€ / Unid.",
Faca de Cozinha 13cm,,1 UNID.,"7,90€","7,90€ / UNID.",
Coloração Permanente Intense 8-05 Louro Gelado,SYOSS,,"6,24€",/ Unid.,
MOUSSE DE CASTANHAS,DÉLISSE,Emb. 0.292 KG,"1,99€","6,82€ / KG",
Canela Moída,MARGÃO,Emb. 0.1 KG,"4,49€","44,90€ / KG",
Saco Congelação Grande,ELEMBAL,Emb. 25 UNID.,"0,77€","0,03€ / UNID.",
Massa Letras,MILANEZA,Emb. 0.25 KG,"0,59€","2,36€ / KG",
Pensos Incontinência Discreet Maxi Night,AUSONIA,Emb. 12 LT,"5,99€","0,50€ / LT",
Farinha Amido de Milho,MAIZENA,Emb. 0.7 KG,"3,89€","5,56€ / KG",
Iogurte Infantil Morango 6x50g,DANONINHO,Emb. 0.3 KG,"1,89€","6,30€ / KG",
Bolachas de Água e Sal Integral -40% de Sal,VIEIRA,Emb. 0.186 KG,"2,19€","11,77€ / KG",
Elixir 12 Horas Protection,COLGATE,Emb. 0.5 LT,"4,54€","9,08€ / LT",
Mini Queijos 12 Unid.,BABYBEL,Emb. 0.24 KG,"3,64€","15,17€ / KG",
"CAFE MOIDO ""CREPUSCULE NOIR"" ARABICA",PLANTATION,Emb. 0.25 KG,"2,49€","9,96€ / KG",
Massa Fettuccine,MILANEZA,Emb. 0.5 KG,"1,85€","3,70€ / KG",
Broa de Milho,,1 Unid. = 1.7 KG (aprox.),"2,18€/kg","3,71€ / Unid.",
Fatias Finas Peito de Peru,NOBRE,Emb. 0.11 KG,"2,14€","19,45€ / KG",
IOGURTE BAUNILHA BIO,,Emb. 0.5 KG,"1,35€","2,70€ / KG",
Piri Piri com Azeite,GALLO,Emb. 0.05 LT,"1,86€","37,20€ / LT",
Refrigerante S/ Gás Maçã,ECO+,Garrafa 2 LT,"0,79€","0,40€ / LT",
Lápis para Colorir,ESQUISSE,Emb. 12 UNID.,"1,25€","0,10€ / UNID.",
Condicionador Nutre e Cuida Cabelo e Couro Cabeludo,H&S,Emb. 0.275 LT,"5,73€","20,84€ / LT",
COLORACAO LOURO ESCURO 6.0,VITANOVE,Emb. 1 UNID.,"3,89€","3,89€ / UNID.",
Papel Higiénico 3 Folhas Acolchoado,SCOTTEX,Emb. 9 ROLOS,"4,19€","0,47€ / ROLOS",
Snacks Húmidos P/ Gatos De Casa Peru e Cereais Integrais,PURINA,Emb. 0.8 KG,"6,99€","8,74€ / KG",
FILETES DE CAVALA COM TOMATE E MANJERICAO,PÊCHE OCÉAN,Emb. 0.16 KG,"1,43€","8,94€ / KG",
Detergente Líquido para Madeiras Spray,CIF,Emb. 0.435 LT,"2,49€","5,72€ / LT",
Desodorizante Roll-On Original,DOVE,Emb. 0.05 LT,"2,69€","53,80€ / LT",
Cereais de Chocolate,CHOCAPIC,Emb. 0.375 KG,"2,09€","5,57€ / KG",
Vinho do Porto Velhotes Ruby,CALEM,Garrafa 0.75 LT,"4,99€","6,65€ / LT",
Bebida Solúvel de Cereais C/ Café,MOKAMBO,Emb. 0.2 KG,"3,65€","18,25€ / KG",
Dentífrico e Elixir Expert Branqueador,DENTAMYL,Emb. 0.075 LT,"0,95€","12,67€ / LT",
Vinho Regional Alentejo Tinto,CONVENTO DA VILA,Garrafa 0.75 LT,"1,99€","2,65€ / LT",
MAQ.BARBEAR 3 LAMINAS + 2 RECARGAS,CARRÉ HOMME,Emb. 1 UNID.,"3,19€","3,19€ / UNID.",
Prato de Sobremesa 21cm Azul Marinho,ARDENCE,1 UNID.,"0,75€","0,75€ / UNID.",
Champô Cabelos Normais Fructis Força e Brilho,GARNIER,Emb. 0.25 LT,"3,95€","15,80€ / LT",
Curgete Embalada,,1 Unid. = 0.78 KG (aprox.),"1,00€/kg","0,78€ / Unid.",
Iogurte Pouch Squezzy Morango e Banana,YOCO,Emb. 0.32 KG,"2,29€","7,16€ / KG",
Legumes para Sopa,NOTRE JARDIN,Emb. 1 KG,"1,50€","1,50€ / KG",
Rum Spice Gold,CAPTAIN MORGAN,Garrafa 0.7 LT,"14,99€","21,41€ / LT",
Salsichão Fatias Tapas,CAMPOFRIO,Emb. 0.08 KG,"1,87€","23,38€ / KG",
Fiambre Peito de peru,,1 Unid. = 0.12 KG (aprox.),"12,79€/kg","1,53€ / Unid.",
Atum em Óleo Vegetal,BOM PETISCO,Emb. 0.385 KG,"3,79€","9,84€ / KG",
Línguas de Veado,,Emb. 0.25 KG,"1,59€","6,36€ / KG",
Torta de Ovo,,1 Unid. = 0.65 KG (aprox.),"7,99€/kg","5,19€ / Unid.",
Néctar Clássico Pêssego,COMPAL,Emb. 0.33 LT,"0,62€","1,88€ / LT",
LAVA TUDO PINHO,CLAIR,Emb. 1.5 LT,"1,89€","1,26€ / LT",
Sacos do Lixo com Atilho 50L,,Emb. 10 UNID.,"0,84€","0,08€ / UNID.",
Bloco Sanitário Poder Activo Pinho,SONASOL,Emb. 0.05 KG,"1,94€","38,80€ / KG",
Café Pastilhas,PLANTATION,Emb. 36 UNID.,"3,59€","0,10€ / UNID.",
Lava Tudo Novo Brilho Ph Neutro,SONASOL,Emb. 1.3 LT,"2,09€","1,61€ / LT",
Biscoitos com Tablete de Chocolate Biológicos,,Emb. 0.15 KG,"1,99€","13,27€ / KG",
Pão de Forma Especial Torradas,BIMBO,Emb. 0.7 KG,"1,75€","2,50€ / KG",
Recarga para Difusor Elétrico Harmonia de Baunilha,AMBIPUR,Emb. 1 UNID.,"4,04€","4,04€ / UNID.",
Tempero Líquido Maggi,NESTLÉ,Emb. 0.125 KG,"2,09€","16,72€ / KG",
B&J ND Cookie Dough 465ml,,Emb. 0.465 LT,"6,44€","13,85€ / LT",
Paio do Lombo Fatiado,NOBRE,Emb. 0.1 KG,"2,48€","24,80€ / KG",
Manteiga com Sal,NOVA AÇORES,Emb. 0.25 KG,"2,29€","9,16€ / KG",
Hambúrguer Soja 2x80 g,CEM PORCENTO,Emb. 0.16 KG,"2,86€","17,88€ / KG",
CRACKERS- BOLACHAS SALGADAS CROCANTES,TOKAPI,Emb. 0.1 KG,"0,49€","4,90€ / KG",
Rebuçados Limão e Cidreira,MENTOLIN,Emb. 0.1 KG,"1,39€","13,90€ / KG",
Cogumelo Pleurotus,,1 Unid. = 0.2 KG  (aprox.),"1,99€/kg","1,99€ / Unid.",
Abrilhantador Brilho e Proteção,FINISH,Emb. 0.4 LT,"4,84€","12,10€ / LT",
Coloração Nº 5-86 Castanho Caramelo,SYOSS,,"6,24€",/ Unid.,
Concentrado de Fruta Tropical,SUNQUICK,Garrafa 0.7 LT,"3,99€","5,70€ / LT",
Cereais Special K Classic,KELLOGG'S,Emb. 0.375 KG,"2,37€","6,32€ / KG",
Lip Therapy Aloe Vera,VASELINE,Emb. 0.017 KG,"2,98€","175,29€ / KG",
Leite Prado Verde Meio Gordo Bio,AGROS,Emb. 1 LT,"1,39€","1,39€ / LT",
Bolonhesa,NOBRE,Emb. 0.5 KG,"2,74€","5,48€ / KG",
RECARGA ESFREGONA MICROFIBRAS TIRAS,,Emb. 1 UNID.,"2,29€","2,29€ / UNID.",
Coloração Louro Escuro 6,EXCELLENCE,Emb. 1 UNID.,"7,79€","7,79€ / UNID.",
CHUPA CHUPS MARGARITAS  175 gr,,,"1,98€",/ Unid.,
ALIMENT BEBE: PURE LEGUMES DE PROVENCA BIO +4M 2X120G,BIO VILLAGE BEBE,Emb. 0.4 KG,"1,23€","3,08€ / KG",
DETERGENTE LIQUIDO CLASSICO 40D,EPSIL,Emb. 40 DOSES,"3,91€","0,10€ / DOSES",
Gelatina Light de Mirtilo,ROYAL,Emb. 0.031 KG,"2,09€","67,42€ / KG",
Alho Granulado,RUSTICA,Emb. 0.05 KG,"0,65€","13,00€ / KG",
Queijo Fundido 12 Unid.,LES CROISÉS,Emb. 0.24 KG,"1,99€","8,29€ / KG",
CAFE SOLUVEL LIOFILISADO x 25 sticks,PLANTATION,Emb. 0.05 KG,"1,69€","33,80€ / KG",
Queijo Curado da Granja,SALOIO,1 Unid. = 0.5 KG (aprox.),"7,99€/kg","4,00€ / Unid.",
Sumo 100% Maçã,JAFADEN,Emb. 1 LT,"1,39€","1,39€ / LT",
Cream Crackers,JACOB'S,Emb. 0.2 KG,"1,19€","5,95€ / KG",
Cereais Arroz S/ Glúten,NESTUM,Emb. 0.25 KG,"2,49€","9,96€ / KG",
"OIKOS MORANGO 110G X4,,440G",OIKOS,Emb. 0.44 KG,"2,39€","5,43€ / KG",
Pescada Argentina Nº1 Congelada,,1 Unid. = 0.6 KG (aprox.),"8,29€/kg","8,29€ / Unid.",
CREME MAOS ANTI MANCHAS,INELL,Emb. 0.08 LT,"2,99€","37,38€ / LT",
Refrigerante C/ Gás Laranja,SPRINK'S,Garrafa 1.5 LT,"0,74€","0,49€ / LT",
Tostas Tostagrill Integral,DIATOSTA,Emb. 0.225 KG,"1,68€","7,47€ / KG",
Filetes de Atum em Azeite,PÊCHE OCÉAN,Emb. 0.19 KG,"3,59€","18,89€ / KG",
Vinho Regional Douro Tinto,MONTES ERMOS,Garrafa 0.75 LT,"2,99€","3,99€ / LT",
Chá de Detox Hibisco Folha de Freixo Ulmeira,LIPTON,Emb. 20 SAQ.,"1,94€","0,10€ / SAQ.",
Toalhitas de Rosto com Óleo de Amêndoas Doces 25UNI,CORINE DE FARME,Emb. 25 UNID.,"1,48€","0,06€ / UNID.",
CUIDADO DO ROSTO E BARBA CURTA 50ML,CARRÉ HOMME,Emb. 0.05 LT,"2,99€","59,80€ / LT",
Champô Cabelo Ultra Suave Louros Camomila,GARNIER,Emb. 0.25 LT,"3,59€","14,36€ / LT",
SACOS LIXO FECHO FACIL LAVANDA 30L,ELEMBAL,Emb. 20 UNID.,"1,09€","0,05€ / UNID.",
Alimento Seco Cão Croquetes Carne e Cereais,ECO+,Emb. 10 KG,"11,99€","1,20€ / KG",
Snack P/ Cão Sabor Bacon e Queijo,FRISKIES,Emb. 0.175 KG,"2,99€","17,09€ / KG",
Pernil de Porco,,1 Unid. = 1.1 KG (aprox.),"3,49€/kg","3,84€ / Unid.",
Gel Duche Leite de Coco,MANAVA,Emb. 0.25 LT,"1,39€","5,56€ / LT",
Caramelos de Manteiga e Nata,WERTHER'S,Emb. 0.135 KG,"2,99€","22,15€ / KG",
Barra Bueno Recheio Leite Avelãs Cobertura Chocolate 2 Unid.,KINDER,Emb. 0.043 KG,"0,95€","22,09€ / KG",
Lava Tudo Vinagre,CIF,Emb. 1.4 LT,"1,99€","1,42€ / LT",
Gel de Banho Excite,AXE,Emb. 0.4 LT,"3,29€","8,23€ / LT",
Gomas Aromatizadas Planch Acide Fruits,COPAÍNS COPINES,Emb. 0.225 KG,"1,25€","5,56€ / KG",
Champo Karpex Manual,VANISH,Emb. 0.95 LT,"5,19€","5,46€ / LT",
Papel Higiénico Super 2 Folhas,RENOVA,Emb. 40 ROLOS,"11,98€","0,30€ / ROLOS",
Azeite Virgem,RUSTICA,Garrafão 3 LT,"12,90€","4,30€ / LT",
Destop Gel Express Odor Stop 1Litro x15,DESTOP,Emb. 1 LT,"5,99€","5,99€ / LT",
BATATA FRITA ONDULADA,ECO+,Emb. 0.2 KG,"1,09€","5,45€ / KG",
Óleo Brilho Keratina,TRESEMMÉ,Emb. 0.05 LT,"5,99€","119,80€ / LT",
Tamboril Cal. 1/4,,1 Unid. = 2.5 KG (aprox.),"11,99€/kg","29,98€ / Unid.",
Bebida de Arroz 0% 3x200ML,SHOYCE,Emb. 0.6 LT,"1,39€","2,32€ / LT",
Desentupidor Express Gel,DESTOP,Emb. 1 LT,"5,99€","5,99€ / LT",
BANZAI NOODLE CARIL CIGALA,CIGALA,Emb. 0.067 KG,"0,94€","14,03€ / KG",
ALIMENT BEBE: LEGUMES MASSA E SALMAO BIO 18M,BIO VILLAGE BEBE,Emb. 0.26 KG,"1,99€","7,65€ / KG",
BACALHAU COM ESPINAFRES 350G,CÔTÉ TABLE,Emb. 0.35 KG,"2,99€","8,54€ / KG",
Alimento Seco para Gato Multicroquetes Peixe,ECO+,Emb. 2 KG,"2,99€","1,50€ / KG",
"CAPRICHOS DO MAR,S/GLUTEN,1KG",PESCANOVA,Emb. 1 KG,"5,99€","5,99€ / KG",
GEL LIMPEZA PURIFICANTE P/ ROSTO,INELL,Emb. 0.15 LT,"1,49€","9,93€ / LT",
Johnson's Baby Óleo Regular,JOHNSON'S BABY,Emb. 0.5 LT,"5,59€","11,18€ / LT",
Pensos Incontinência Discreet Maxi,AUSONIA,Emb. 8 UNID.,"3,74€","0,47€ / UNID.",
PENSOS HIGIENICOS U.FINOS NOITE C/ABAS 10UN X2,DOULYS,Emb. 20 UNID.,"2,09€","0,10€ / UNID.",
Cereais Space Mix,NACIONAL,Emb. 0.375 KG,"2,17€","5,79€ / KG",
Lombos Tamboril Congelado,,1 Unid. = 0.2 KG (aprox.),"2,99€/kg","0,60€ / Unid.",
EMPADAO CARNE,ECO+,Emb. 1 KG,"3,49€","3,49€ / KG",
Gel de Banho Rosas e Jasmim,VASELINE,Emb. 0.7 LT,"2,99€","4,27€ / LT",
"GELADO ""TYROLIA"" CAPPUCCINO",ESKISS,Emb. 0.65 LT,"1,79€","2,75€ / LT",
Maçã Starking Cal. 70/75,,1 Unid. = 0.2 KG (aprox.),"1,79€/kg","0,36€ / Unid.",
Difusor para Carro Ultra Control + Recarga Ar Fresco,AMBIPUR,Emb. 1 UNID.,"4,80€","4,80€ / UNID.",
Mandioca,,1 Unid. = 0.54 KG (aprox.),"4,88€/kg","2,64€ / Unid.",
Brócolos Ultracongelados,BONDUELLE,Emb. 0.4 KG,"1,82€","4,55€ / KG",
Crackers,EPI D'OR,Emb. 0.25 KG,"0,99€","3,96€ / KG",
Bolo Aniversário Doce de Ovos,,Emb. 0.8 KG,"7,89€","9,86€ / KG",
"GEL ÍNTIMO SUAVE, 250ML",CORINE DE FARME,Emb. 0.25 LT,"2,49€","9,96€ / LT",
Alimento Húmido para Cão Almôndegas de Aves,ECO+,,"1,55€",/ Unid.,
Perna de Coelho,,1 Unid. = 0.5 KG (aprox.),"6,99€/kg","3,50€ / Unid.",
Arroz Carolino,CIGALA,Emb. 1 KG,"1,14€","1,14€ / KG",
Chá de Ceilão,BRITLEY,Emb. 25 SAQ.,"0,89€","0,04€ / SAQ.",
Compota de Fruta Maçã e Pera 4x100g,DOUCEUR DU VERGER,Emb. 0.4 KG,"1,49€","3,73€ / KG",
Pá do Lixo com Cabo Metálico,,Emb. 1 UNID.,"1,59€","1,59€ / UNID.",
Perca Posta Congelada,,1 Unid. = 0.55 KG (aprox.),"6,99€/kg","3,84€ / Unid.",
Alimento Húmido Gato Menu Completo em Salsa e Molho 4x100g,LYCAT,Emb. 4 KG,"1,49€","0,37€ / KG",
Conserva de Azeitona Preta Descaroçada,RUSTICA,Frasco 0.36 KG,"1,39€","3,86€ / KG",
Johnson's Baby Champô de Camomila,JOHNSON'S BABY,Emb. 0.75 LT,"7,79€","10,39€ / LT",
Sais de Fruta Digestivo Limão,ENO,Emb. 10 UNID.,"4,94€","0,49€ / UNID.",
Pão Chapata,,1 Unid. = 0.14 KG (aprox.),"1,19€","8,50€ / KG",
Chouriço Carne Corrente,DILOP,Emb. 1 KG,"5,94€","5,94€ / KG",
Esfregão Salva Unhas Classic,SCOTCH BRITE,Emb. 2 UNID.,"0,99€","0,50€ / UNID.",
Queijo São Jorge,QUEIJO SÃO JORGE,1 Unid. = 0.2 KG (aprox.),"15,99€/kg","3,20€ / Unid.",
Lâmina Descartável Flex 3,BIC,Emb. 6 UNID.,"5,09€","0,85€ / UNID.",
Queijo Curado Meio Gordo Fonte Mouisca,LACTO SERRA,1 Unid. = 0.25 KG (aprox.),"8,99€/kg","8,99€ / Unid.",
Pastéis de Feijão,,Emb. 0.3 KG,"1,89€","6,30€ / KG",
Fusilli,TRADIZIONI D'ITALIA,Emb. 0.5 KG,"1,49€","2,98€ / KG",
Pistachos Torrados Salgados,ECO+,Emb. 0.2 KG,"2,95€","14,75€ / KG",
Iogurte Líquido Morango 6 Unid.,ACTIMEL,Emb. 0.6 KG,"2,59€","4,32€ / KG",
CHAMPO AUTO 1 L 1L TECH9,TECH9,Emb. 1 LT,"1,69€","1,69€ / LT",
Novilho Embalado para Estufar,,1 Unid. = 0.5 KG (aprox.),"8,99€/kg","4,50€ / Unid.",
Sabonete Delicado Care 4 unid.,PALMOLIVE,Emb. 0.09 KG,"3,34€","37,11€ / KG",
Caramelos Werther's Original Storck SemAçúcar 90g,JERONIMO MARTINS,Emb. 0.09 KG,"2,99€","33,22€ / KG",
Café Lote Clássico Moagem Grossa,SICAL,Emb. 0.25 KG,"2,39€","9,56€ / KG",
Molho de Tomate com Legumes e Manjericão,,Emb. 0.35 KG,"1,89€","5,40€ / KG",
Mix de Aperitivos Temperados,TOKAPI,Emb. 0.4 KG,"3,99€","9,98€ / KG",
Resguardo 60x90 cm,LINDOR,Emb. 15 UNID.,"8,59€","0,57€ / UNID.",
Refrigerante C/ Gás Maracujá S/ Adição de Açúcar,FANTA,Emb. 1.5 LT,"1,00€","0,67€ / LT",
Tarte de Nata,,Emb. 0.5 KG,"4,99€","9,98€ / KG",
Queijo Creme Cheddar,PRÉSIDENT,Emb. 0.125 KG,"2,77€","22,16€ / KG",
TOALHITAS DESMAQ.PELE NORMAL,INELL,Emb. 25 UNID.,"0,75€","0,03€ / UNID.",
Paté Campestre Superior 2X50g,TRADILÈGE,Emb. 0.1 Kg,"1,39€","13,90€ / Kg",
Açúcar em Pó,RAR,Emb. 0.25 KG,"1,05€","4,20€ / KG",
Champô Cabelo Cool Fresh Mentol,NIVEA MEN,Emb. 0.25 LT,"3,16€","12,64€ / LT",
Filetes de Sardinha com Tomate e Legumes,PÊCHE OCÉAN,Emb. 0.1 KG,"1,25€","12,50€ / KG",
Alimento Seco para Cão Croquetes Equilíbrio,LYDOG,Emb. 4 KG,"5,99€","1,50€ / KG",
Café Lote Bocage Moagem Única,NICOLA,Emb. 0.25 KG,"2,99€","11,96€ / KG",
Mousse à la Liégeoise Baunilha 8x80g,DÉLISSE,Emb. 0.64 KG,"2,49€","3,89€ / KG",
Iogurte Mix-In Chocapic 87% Leite 2 Unid.,NESTLÉ,Emb. 0.236 KG,"2,09€","8,86€ / KG",
Sumo Florida sem Conservantes,SUNNY DELIGHT,Garrafa 1.25 LT,"1,64€","1,31€ / LT",
Cerveja com Álcool Stout Mini Preta Saca Fácil 6x20cl,SUPER BOCK,Emb. 1.2 LT,"2,99€","2,49€ / LT",
AMACIADOR CONCENTRADO LIRIOS E MORANGOS 72 DOSES,HYPERDOU,Emb. 2 LT,"1,69€","0,85€ / LT",
Amaciador Concentrado Aromaterapia Violeta,VERNEL,Emb. 76 DOSES,"3,99€","0,05€ / DOSES",
Gelado Vegan de Amêndoas Pack 3,MAGNUM,Emb. 0.216 LT,"2,99€","13,84€ / LT",
Ovos Solo XL,SNR,Emb. 6 UNID.,"1,89€","0,32€ / UNID.",
CREME HIDRATANTE BIO 50ML BIO,BIONAÏA,Emb. 0.05 LT,"2,89€","57,80€ / LT",
Bacalhau Especial Noruega Asa Branca,,1 Unid. = 4 KG (aprox.),"10,19€/kg","40,76€ / Unid.",
Preparado Sopa Canja Galinha,KNORR,Emb. 0.068 KG,"1,49€","21,91€ / KG",
Conserva de Salsichas Frankfurt 8 Unid.,NOBRE,Lata 0.2 KG,"1,09€","5,45€ / KG",
Tampões com Aplicador Pearl Super,TAMPAX,Emb. 24 UNID.,"4,99€","0,21€ / UNID.",
Galão São Lourenço 3x200 ml,UCAL,Emb. 0.6 LT,"1,65€","2,75€ / LT",
Mousse de Figado Superior,TRADILÈGE,Emb. 0.18 Kg,"1,69€","9,39€ / Kg",
Ketchup Redução de Sal e Açúcar,HEINZ,Emb. 0.55 KG,"4,29€","7,80€ / KG",
MASCARA FACIAL EM TECIDO TONIFICANTE,INELL,Emb. 1 UNID.,"1,99€","1,99€ / UNID.",
Azeite Pet,3 CASTELOS,Garrafa 1 LT,"4,98€","4,98€ / LT",
Pasta de Dentes Branqueadora,ORAL B,Emb. 0.075 LT,"2,99€","39,87€ / LT",
Papel Higiénico 4 Folhas Creme,RENOVA,Emb. 12 ROLOS,"5,63€","0,47€ / ROLOS",
Fraldas Incontinência Máxima G,LINDOR,Emb. 20 UNID.,"11,01€","0,55€ / UNID.",
PIZZA 4 QUEIJOS FORNO LENHA,TURINI,Emb. 0.42 KG,"2,59€","6,17€ / KG",
Caramelos Cobertos com Chocolate Pretos,CONFISÉO,Emb. 0.28 KG,"1,99€","7,11€ / KG",
Vinho Regional Lisboa Rosé Leve,MUNDUS,Garrafa 0.75 LT,"1,69€","2,25€ / LT",
DETERGENTE LIQUIDO ALOE VERA 40D,EPSIL,Emb. 40 DOSES,"4,29€","0,11€ / DOSES",
Espumante Reserva Meio Seco,MURGANHEIRA,Garrafa 0.75 LT,"10,99€","14,65€ / LT",
Champô Hemp + Hydration,TRESEMMÉ,Emb. 0.4 LT,"4,79€","11,98€ / LT",
Vinagre Balsâmico Rosé,GALLO,Emb. 0.25 LT,"1,86€","7,44€ / LT",
Gel de Banho Laranja e Manga,VASELINE,Emb. 0.7 LT,"2,99€","4,27€ / LT",
Bebida de Soja Natural Biológica,,Emb. 1 LT,"1,44€","1,44€ / LT",
Galão São Lourenço,UCAL,Emb. 1 LT,"1,66€","1,66€ / LT",
Bolachas Digestive Avenacol,CUÉTARA,Emb. 0.3 KG,"2,99€","9,97€ / KG",
Vinho Regional Alentejo Tinto,MARQUÊS DE BORBA,Garrafa 0.75 LT,"5,49€","7,32€ / LT",
Mel de Flores Biológico,,Frasco 0.5 KG,"3,99€","7,98€ / KG",
Bolachas Wafer de Chocolate,P'TIT DÉLI,Emb. 0.15 KG,"1,19€","7,93€ / KG",
SARDINHA,PÊCHE OCÉAN,Emb. 0.7 KG,"2,59€","3,70€ / KG",
Limpa Máquinas de Loiça,,Emb. 0.25 LT,"3,89€","15,56€ / LT",
Espinafres Folha Ultracongelado,PESCANOVA,Emb. 0.4 KG,"0,99€","2,48€ / KG",
"MORCELA FRANCESA ""BOUDIN"" C/ ANTILHAS",TRADILÈGE,Emb. 0.375 KG,"3,35€","8,93€ / KG",
Conserva de Ervilhas da Horta,COMPAL,Emb. 0.42 KG,"0,99€","2,36€ / KG",
TIRA NODOAS EM PO MULTIUSOS ECOLOGICO,UNÍ VERT,Emb. 0.5 KG,"2,99€","5,98€ / KG",
Queijo Curado Apimentado Alavão,SALOIO,1 Unid. = 1.492 KG (aprox.),"9,99€/kg","14,91€ / Unid.",
Refrigerante S/ Gás Laranja,AQUARIUS,Emb. 0.5 LT,"0,99€","1,98€ / LT",
Conserva de Salsichas Frankfurt 6 Unid.,NOBRE,Lata 0.12 KG,"0,89€","7,42€ / KG",
Pantene Volume & Brilho Máscara 160 ml,PANTENE PV,Emb. 0.16 LT,"5,93€","37,06€ / LT",
Marshmallow com Sabor Baunilha,COPAÍNS COPINES,Emb. 0.3 KG,"1,53€","5,10€ / KG",
Escova de Dentes Extra Interdental Suave,AQUAFRESH,Emb. 1 UNID.,"3,18€","3,18€ / UNID.",
Queijo de Vaca Curado Ilha Azul,LACTAÇORES,1 Unid. = 0.25 KG (aprox.),"7,69€/kg","1,92€ / Unid.",
Lenços de Papel,KLEENEX,Emb. 70 UNID.,"1,28€","0,02€ / UNID.",
"Fraco Doseador 0,25L",,1 UNID.,"1,30€","1,30€ / UNID.",
Frutas 100% Maçã e Manga S/ Glúten +6 meses 4 Unid.,NATURNES,Emb. 0.4 KG,"2,19€","5,48€ / KG",
Tabuleiro de Vidro Quadrado 26cm,ARDENCE,1 UNID.,"5,50€","5,50€ / UNID.",
Caixa Hermética Quadrada 20cm,,1 UNID.,"2,80€","2,80€ / UNID.",
Guardanapos Folha Simples Reciclados,MARQUE REPERE,Emb. 100 UNID.,"0,69€","0,01€ / UNID.",
Refrigerante Mini C/ Gás Zero Cafeína Zero Açúcar Pack 12,COCA COLA ZERO,Emb. 1.8 LT,"5,64€","3,13€ / LT",
AZEITONAS INTEIRAS PRETAS A GREGA,RUSTICA,Emb. 0.25 KG,"1,26€","5,04€ / KG",
Arroz Doce com Aroma de Baunilha 4x115g,DÉLISSE,Emb. 0.46 KG,"1,65€","3,59€ / KG",
Cebola Laminada,NOTRE JARDIN,Emb. 1 KG,"1,22€","1,22€ / KG",
Sumo Active Drink Frutos Exóticos / Cenoura,SANTAL,Emb. 1.5 LT,"2,05€","1,37€ / LT",
Vinho Regional Tejo Tinto,QUINTA ALORNA,Garrafa 0.75 LT,"3,49€","4,65€ / LT",
Bioten Creme para as Mãos Anti-Idade,BIOTEN,Emb. 0.1 LT,"2,13€","21,30€ / LT",
Tarte Gelada Morango,VIENNETTA,Emb. 0.65 LT,"3,27€","5,03€ / LT",
Recarga para Difusor Carro Anti-Tabaco,AMBIPUR,Emb. 1 UNID.,"4,99€","4,99€ / UNID.",
Atum ao Natural,BOM PETISCO,Emb. 0.12 KG,"1,39€","11,58€ / KG",
Detergente Manual Loiça Concentrado Limão,FAIRY,Emb. 0.78 LT,"2,69€","3,45€ / LT",
Mostarda,PALADIN,Emb. 0.25 KG,"1,64€","6,56€ / KG",
MOLHO CHALOTA,RUSTICA,Emb. 0.3 LT,"1,72€","5,73€ / LT",
Bolachas Recheadas com Aroma a Chocolate,P'TIT DÉLI,Emb. 0.3 KG,"1,19€","3,97€ / KG",
Palmiers Cobertos com Chocolate de Leite,P'TIT DÉLI,Emb. 0.11 KG,"1,05€","9,55€ / KG",
Pensos Higiénicos Ultra Finos C/ Abas,DOULYS,Emb. 24 UNID.,"2,05€","0,09€ / UNID.",
BANZAI NOODLE GALINHA CIGALA,CIGALA,Emb. 0.067 KG,"1,19€","17,76€ / KG",
LENCOS FACIAIS 3F ALOE VERA,CARESSE,Emb. 90 UNID.,"1,09€","0,01€ / UNID.",
CACAU EM PO SEM ACUCAR - PARA BEBER OU SOBREMESAS,EQUADOR,Emb. 0.25 KG,"1,89€","7,56€ / KG",
BARRA CEREAIS ALPERCE,GRAINEA,Emb. 0.13 KG,"1,25€","9,62€ / KG",
Bebida de Aveia,SHOYCE,Emb. 1 LT,"2,09€","2,09€ / LT",
Creme de Barbear Protector,NIVEA MEN,Emb. 0.1 LT,"3,99€","39,90€ / LT",
Bolachas Pequeno Almoço,ECO+,Emb. 0.35 KG,"1,19€","3,40€ / KG",
Mini Snacks Gato Salmão,TOUS MES AMIS,Emb. 0.06 KG,"0,85€","14,17€ / KG",
Iogurte Líquido Proteíco Tropical Lindahls,NESTLÉ,Emb. 0.33 LT,"1,89€","5,73€ / LT",
Água com Gás 10x25 cl TP,PEDRAS SALGADAS,Emb. 2.5 LT,"4,39€","1,76€ / LT",
Biscoito Wafer Framboesa,VIEIRA,Emb. 0.125 KG,"1,14€","9,12€ / KG",
Bolachas Soft Bakes Frutos Vermelhos,BELVITA,Emb. 0.25 KG,"2,99€","11,96€ / KG",
Barquette Morango,LULU,Emb. 0.12 KG,"1,89€","15,75€ / KG",
Fralda Cueca T6 +16Kg,MOTS D'ENFANTS,Emb. 18 UNID.,"3,95€","0,22€ / UNID.",
Pantene Volume Creation Laca 300ml,PANTENE PV,Emb. 0.3 LT,"3,74€","12,47€ / LT",
CHAMPO + DUCHE TONIFICANTE PARA HOMEM,CARRÉ HOMME,Emb. 0.25 LT,"0,95€","3,80€ / LT",
REFEICAO NOODLES SABOR CARIL,TABLES DU MONDE,Emb. 0.085 KG,"0,59€","6,94€ / KG",
Tagliatelles sem Glúten,CHAQUE JOUR SANS GLUTEN,Emb. 0.25 KG,"1,79€","7,16€ / KG",
Leite UHT Pastagem Magro,TERRA NOSTRA,Emb. 1 LT,"0,75€","0,75€ / LT",
IOGURTE LIQUIDO 3 SABORES 8H FORA FRIGORIFICO,DÉLISSE,Emb. 1.08 KG,"2,04€","1,89€ / KG",
Queijo Flamengo 1/2,LIMIANO,Emb. 0.65 KG,"6,06€","9,32€ / KG",
Cubos de Pão Tostado Alho e Ervas Especial Saladas,EPI D'OR,Emb. 0.06 KG,"0,49€","8,17€ / KG",
Bolachas de Germen de Trigo e Pepitas de Chocolate,NAT&VIE,Emb. 0.2 KG,"1,69€","8,45€ / KG",
Espuma de Barbear Clássica,GILLETTE,Emb. 0.2 LT,"2,77€","13,85€ / LT",
Cotonetes Algodão C/ Cabo Papel Ziplock,INELL,Emb. 160 UNID.,"0,79€","0,00€ / UNID.",
Iogurte de Aromas Les Zaros 16x125g,DÉLISSE,Emb. 2 KG,"2,69€","1,35€ / KG",
Pacotinho de Frutas Maçã Banana e Morango S/ Glúten +8 meses,NESTLÉ BEBÉ,Emb. 0.09 KG,"0,69€","7,67€ / KG",
Manteiga Light,MATINAL,Emb. 0.25 KG,"2,39€","9,56€ / KG",
Nutella,NUTELLA,Emb. 0.2 KG,"1,99€","9,95€ / KG",
Néctar Clássico Pêssego 3 Unid.,JAFADEN,Emb. 0.6 LT,"0,79€","1,32€ / LT",
Cápsulas Café Ristretto Ardenza,DOLCE GUSTO,Emb. 16 CAPS.,"5,99€","0,37€ / CAPS.",
Iogurte Líquido Banana 4 Unid.,YOGGI,Emb. 0.64 KG,"2,09€","3,27€ / KG",
Bolacha Energy Chiqui Chocs,ARTIACH,Emb. 0.14 KG,"1,87€","13,36€ / KG",
Arroz Basmati,,Emb. 1 KG,"1,89€","1,89€ / KG",
Chouriço Damatta De Carne Beirão,DAMATTA,Emb. 0.225 KG,"3,54€","15,73€ / KG",
Puré de Batata 3x97g,KNORR,Emb. 0.097 KG,"1,79€","18,45€ / KG",
STICK ESPIRAIS BOVINO 4UN,TOUS MES AMIS,Emb. 4 UNID.,"0,79€","0,20€ / UNID.",
GUACAMOLE M.REPERE,TABLES DU MONDE,Emb. 0.3,"2,42€","8,07€ /",
SYOSS COLOR 4-8 CASTANHO CHOCOLATE 16X3,SYOSS,,"4,99€",/ Unid.,
Ambientador Máquina Loiça Limão,FINISH,Emb. 2 UNID.,"4,99€","2,50€ / UNID.",
DESENTUPIDOR CANOS GEL 1L,SYPHON,Emb. 1 LT,"1,39€","1,39€ / LT",
Detergente Líquido Multisuperficies Lavanda,SONASOL,Emb. 1.3 LT,"2,09€","1,61€ / LT",
Snack Fruut Maça Vermelha Doce Sem Açúcar 60g,,Emb. 0.06 KG,"1,49€","24,83€ / KG",
Máquina Descartável Blue II 2 Lâminas,GILLETTE,Emb. 20 UNID.,"6,34€","0,32€ / UNID.",
SORTIDO APERITIVOS TUFADOS,TOKAPI,Emb. 0.1 KG,"1,19€","11,90€ / KG",
MASSA QUEBRADA BIO,,Emb. 0.23 KG,"1,49€","6,48€ / KG",
Massa Cotovelinhos Chifferini,MILANEZA,Emb. 0.5 KG,"1,19€","2,38€ / KG",
Leite de Limpeza Bebé,MOTS D'ENFANTS,Emb. 0.25 UNID.,"1,49€","5,96€ / UNID.",
Aerossol Air Brisa Marinha,AMBIPUR,Emb. 0.3 LT,"3,99€","13,30€ / LT",
Alimento Seco Gato Croquetes Frango e Cereais,ECO+,Emb. 4 KG,"5,49€","1,37€ / KG",
Recarga para Difusor Elétrico Campos de Lavanda,AMBIPUR,Emb. 1 UNID.,"4,04€","4,04€ / UNID.",
Limpa Vidros Cristal Recarga,AJAX,Emb. 0.5 LT,"1,49€","2,98€ / LT",
CREME PROTESES,DENTAMYL,Emb. 0.05 KG,"3,85€","77,00€ / KG",
Vinho do Porto Branco,FERREIRA,Garrafa 0.75 LT,"4,99€","6,65€ / LT",
Fraldas Cueca Maxi G,LINDOR,Emb. 14 UNID.,"21,27€","1,52€ / UNID.",
Conserva de Salsichas Frankfurt 6 Unid.,IZIDORO,Lata 0.12 KG,"0,83€","6,92€ / KG",
Óleo Intense 6-80 Louro Avelã,SYOSS,,"6,24€",/ Unid.,
Creme Culinário Côco,NAT&VIE,Emb. 0.25 LT,"1,49€","5,96€ / LT",
Costeletas de Lombo Porco,,1 Unid. = 0.3 KG (aprox.),"4,99€/kg","1,50€ / Unid.",
Pão de Avó,,1 Unid. = 0.08 KG (aprox.),"2,79€/kg","0,22€ / Unid.",
CONE NATA CHOCOLATE 6UN,SMICY,Emb. 0.12 LT,"1,69€","14,08€ / LT",
Deo Creme Hidra Essencial 0% Álcool,VASELINE,Emb. 0.05 LT,"2,84€","56,80€ / LT",
Biscoitos Tranças com Cobertura de Chocolate de Leite,P'TIT DÉLI,Emb. 0.09 KG,"1,60€","17,78€ / KG",
"Conjunto 12 Copos Balão 19,5cl",,12 UNID.,"9,95€","0,83€ / UNID.",
PELICULA ADER.ELEMBAL 2E1 20M,ELEMBAL,Emb. 0.02 MT,"0,59€","29,50€ / MT",
BETERRABAS VERMELHAS X3 3X200G,NOTRE JARDIN,Emb. 0.6 KG,"1,55€","2,58€ / KG",
GLISS REPARAÇÃO PONTAS ESPIGADAS,GLISS,Emb. 0.05 LT,"3,79€","75,80€ / LT",
Pá de Porco com Osso Sem Courato Embalado,,1 Unid. = 2.7 KG (aprox.),"3,99€/kg","10,77€ / Unid.",
BOLACHAS PEQUENO ALMOCO MEL E PEPITAS CHOCO,P'TIT DÉLI,Emb. 0.4 KG,"1,88€","4,70€ / KG",
Água com Gás TP,PEDRAS SALGADAS,Garrafa 0.25 LT,"0,45€","1,80€ / LT",
Chouriço,NOBRE,Emb. 0.16 KG,"1,59€","9,94€ / KG",
AMENDOINS S/ SAL TORRADOS,TOKAPI,Emb. 0.2 KG,"0,85€","4,25€ / KG",
Café Cápsulas Saboroso Intensidade 9,PLANTATION,Emb. 16 CAPS.,"2,59€","0,16€ / CAPS.",
Conjunto 3 Copos Altos Piana 27cl,ARDENCE,3 UNID.,"1,90€","0,63€ / UNID.",
Coloração Louro Claro Cendré 8.1,EXCELLENCE,Emb. 1 UNID.,"7,79€","7,79€ / UNID.",
"GEL HIGIENE ÍNTIMA FRESH, 250ML",CORINE DE FARME,Emb. 0.25 LT,"2,99€","11,96€ / LT",
Vinho Verde Branco,COMP DO VINHO,Garrafa 0.75 LT,"2,19€","2,92€ / LT",
Barrinhas Periquito sabor Mel,TOUS MES AMIS,Emb. 0.06 KG,"1,69€","28,17€ / KG",
Fatias Finas Fiambre Peito de Peru Original,NOBRE,Emb. 0.11 KG,"2,14€","19,45€ / KG",
Barrinhas Periquitos sabor a Ovos,TOUS MES AMIS,Emb. 0.06 KG,"1,29€","21,50€ / KG",
Couve Lombarda,,1 Unid. = 1.2 KG (aprox.),"1,19€/kg","1,43€ / Unid.",
Inseticida Clássico para Uso Doméstico,BIO KILL,Emb. 0.375 LT,"4,35€","11,60€ / LT",
MIRTILOS SELVAGENS,DOUCEUR DU VERGER,Emb. 0.65 KG,"4,49€","6,91€ / KG",
Queijo Fresco Light 2x62.5g,PAIVA,Emb. 0.125 KG,"1,06€","8,48€ / KG",
Creme de Banho Care,NIVEA,Emb. 0.75 LT,"3,49€","4,65€ / LT",
COLORACAO VEGETAL LOURO ESCURO BIO,BIONAÏA,Emb. 1 UNID.,"6,99€","6,99€ / UNID.",
Bolacha Torrada,NACIONAL,Emb. 0.175 KG,"0,94€","5,37€ / KG",
BOUIL.DESHYDRATE,RUSTICA,Emb. 0.12 KG,"0,79€","6,58€ / KG",
Caldo Galinha 6 Cubos,MAGGI,Emb. 0.06 KG,"0,89€","14,83€ / KG",
ESCOVA DENTES MEDIA,DENTAMYL,Emb. 4 UNID.,"1,29€","0,32€ / UNID.",
Pantene Repara & Protege Champô,,Emb. 0.1 LT,"9,59€","95,90€ / LT",
Caixa de Arrumação com Tampa 18L Cinza,,1 UNID.,"4,20€","4,20€ / UNID.",
CARIL DE CAMARAO,CÔTÉ TABLE,Emb. 0.3 KG,"3,29€","10,97€ / KG",
CUSCUZ MEDIO,COMPTOÍR DU GRAIN,Emb. 0.5 KG,"1,09€","2,18€ / KG",
Bolachas com Recheio Aroma a Framboesa,P'TIT DÉLI,Emb. 0.15 KG,"1,19€","7,93€ / KG",
Fiambre da Pá,,1 Unid. = 0.12 KG (aprox.),"8,49€/kg","1,02€ / Unid.",
Fraldas Incontinência Máxima G,LINDOR,Emb. 46 UNID.,"24,92€","0,54€ / UNID.",
CHA PRETO CEILAO BIO,,Emb. 20 UNID.,"1,79€","0,09€ / UNID.",
FEIJOCAS FERBAR 580G,FERBAR,Emb. 0.58 KG,"1,56€","2,69€ / KG",
Iogurte Original Natural Açucarado 2x135G,DANONE,Emb. 0.27 LT,"1,69€","6,26€ / LT",
Pão de Forma Integral sem Côdea,EPI D'OR,Emb. 0.45 KG,"1,49€","3,31€ / KG",
CORNETTO CLÁSSICO GLUTEN FREE (4x90ml),CORNETTO,Emb. 4 UNID.,"3,98€","1,00€ / UNID.",
Tosta Rica Cacau,CUÉTARA,Emb. 0.57 KG,"3,46€","6,07€ / KG",
Drageias Chocolate Tubo Tripack,PINTAROLAS,Emb. 0.066 KG,"1,39€","21,06€ / KG",
Sumo 100% Laranja Biológico,,Emb. 1 LT,"1,89€","1,89€ / LT",
GEL BARBEAR FRESCURA,CARRÉ HOMME,Emb. 0.2 LT,"1,68€","8,40€ / LT",
Aerossol Air Japan Tatami,AMBIPUR,Emb. 0.3 LT,"3,83€","12,77€ / LT",
Fraldas Bebé Extra Absorção Activity Tamanho 5,DODOT,Emb. 48 LT,"13,29€","0,28€ / LT",
Massa Cotovelinhos,TURINI,Emb. 1 KG,"1,39€","1,39€ / KG",
Refrigerante C/ Gás Pack 6,COCA COLA,Emb. 1.98 LT,"4,55€","2,30€ / LT",
SPRAY TIRA NODOAS PRE-LAVAGEM 500ML,TEXIL,Emb. 0.5 LT,"1,27€","2,54€ / LT",
Creme Depilatório Silk & Fresh,VEET,Emb. 0.2 LT,"9,99€","49,95€ / LT",
Ice tea Manga 2x2lt,LIPTON,Emb. 4 LT,"4,99€","1,25€ / LT",
Trident Fruit Silvestres,TRIDENT,Emb. 0.015 KG,"0,67€","44,67€ / KG",
Papel Higiénico 2 Folhas Extra XXL 6=15,RENOVA,Emb. 6 ROLOS,"3,60€","0,60€ / ROLOS",
Óleo de Cedro,MISTOLIN,Emb. 0.36 LT,"2,78€","7,72€ / LT",
Vinho Regional Alentejano Tinto,TALHA REAL,Garrafa 0.75 LT,"2,69€","3,59€ / LT",
Conserva de Feijão Manteiga,NOTRE JARDIN,Lata 0.85 KG,"0,99€","1,16€ / KG",
Douradinhos 30 Unid. Ultracongelado,CAPITÃO IGLO,Emb. 0.84 KG,"7,49€","8,92€ / KG",
Natas Líquidas Biológicas,,Emb. 0.6 L,"3,85€","6,42€ / L",
Pantene Creme de Pentear Sem Enxaguar Caracóis 270ml,PANTENE PV,Emb. 0.27 LT,"4,49€","16,63€ / LT",
Sumo Multifrutos 100% Puro,JAFADEN,Emb. 1 LT,"1,49€","1,49€ / LT",
NUGGETS FRANGO 20UN FAMILIAR,CÔTÉ CROC,Emb. 0.4 KG,"2,99€","7,48€ / KG",
COLORACAO CASTANHO CLARO 5.0 S/AMONIACO,VITANOVE,Emb. 1 UNID.,"3,89€","3,89€ / UNID.",
Dove Go Fresh Gel de Banho Chá Verde,DOVE,Emb. 0.75 LT,"4,19€","5,59€ / LT",
QUEIJO FRESCO CLASSICO,QUEIJO NA TÁBUA,Emb. 0.125 KG,"1,19€","9,52€ / KG",
Alimento para Peixe Friofloc,AVIPAR,Emb. 0.1 LT,"2,48€","24,80€ / LT",
OIKOS PESSEGO 110G X4,OIKOS,Emb. 0.44 KG,"2,39€","5,43€ / KG",
Iogurte Sabor a Coco 4x125g,CLESA,Emb. 0.5 KG,"0,89€","1,78€ / KG",
GEL FIX EXTREME VITANOVE 250ML,VITANOVE,Emb. 0.25 LT,"1,49€","5,96€ / LT",
Queijo Fresco Original 2x62.5G,PAIVA,Emb. 0.125 KG,"1,04€","8,32€ / KG",
Bolachas de Cacau Recheadas com Creme Baunilha,OREO,Emb. 0.154 KG,"1,49€","9,68€ / KG",
Discos Activos Gel WC Marine,PATO,Emb. 0.036 LT,"2,24€","62,22€ / LT",
Queijo Flamengo Fatiado,VALFORMOSO,Emb. 0.2 KG,"1,48€","7,40€ / KG",
PANOS DE COZINHA ABSORVENTES 5UN,MAMISON,Emb. 5 UNID.,"1,49€","0,30€ / UNID.",
Queijo Flamengo 1/4 Bola,PRIMOR,Emb. 0.35 KG,"2,91€","8,31€ / KG",
FEIJOCA EXTRA FINA,NOTRE JARDIN,Emb. 0.4 KG,"0,95€","2,38€ / KG",
Bolachas Amanteigadas,P'TIT DÉLI,Emb. 0.2 KG,"1,39€","6,95€ / KG",
Desodorizante Roll- On Dry Fresh,NIVEA,Emb. 0.05 LT,"3,26€","65,20€ / LT",
Vinho Tinto,LAGAR DAS PIAS,Garrafa 0.75 LT,"1,69€","2,25€ / LT",
Queijo para Barrar Nature,LES CROISÉS,Emb. 0.3 KG,"1,69€","5,63€ / KG",
Detergente Manual Loiça Limão,SUPER POP,Emb. 0.7 LT,"1,49€","2,13€ / LT",
Arroz Agulha,CIGALA,Emb. 1 KG,"1,24€","1,24€ / KG",
Rum de Coco,MALIBU,Garrafa 0.7 LT,"13,49€","19,27€ / LT",
Dentífrico Anti-Tártaro +Blanqueador,COLGATE,Emb. 0.075 LT,"1,79€","23,87€ / LT",
Gel Garnier Extra Forte 3 Estructurante,FRUCTIS,Emb. 0.2 LT,"4,09€","20,45€ / LT",
Sobremesa Creme de Baunilha 4X125g,DÉLISSE,Emb. 0.5 KG,"1,49€","2,98€ / KG",
Lanche Misto,,1 Unid. = 0.09 KG,"1,19€","13,22€ / KG",
Azeite Clássico Pet,OLIVEIRA DA SERRA,Emb. 0.75 LT,"4,44€","5,92€ / LT",
Tablete de Chocolate Extrafino C/ Avelã,NESTLÉ,Emb. 0.123 KG,"1,69€","13,74€ / KG",
Tarte Gelada Chocolate,VIENNETTA,Emb. 0.65 LT,"3,27€","5,03€ / LT",
Cápsulas Café Ristretto Napoli Style Intensidade 13,DOLCE GUSTO,Emb. 30 CAPS.,"10,49€","0,35€ / CAPS.",
Fraldas Incontinência Super P,LINDOR,Emb. 40 UNID.,"17,55€","0,44€ / UNID.",
Mini Pizza 3 Queijos Ultracongelada 9 Unid.,PICCOLINIS,Emb. 0.27 KG,"2,99€","11,07€ / KG",
Sabão Marselha Cubo,EPSIL,,"1,15€",/ Unid.,
ESPIRAIS TURINI,TURINI,Emb. 0.5 KG,"0,89€","1,78€ / KG",
Dentes de Alho,,Emb. 0.25 KG,"2,32€","9,28€ / KG",
Batatas Pré-Fritas Cubos Ultracongelado,ECO+,Emb. 1 KG,"1,29€","1,29€ / KG",
Manteiga sem Sal,LES CROISÉS,Emb. 0.25 KG,"2,59€","10,36€ / KG",
Vinho do Porto Especial Reserva,DORRÃO,Emb. 0.75 LT,"7,99€","10,65€ / LT",
Arroz Perfumado Biológico,,Emb. 0.5 KG,"1,89€","3,78€ / KG",
Tablete de Chocolate Creme de Cacau,MILKA,Emb. 0.1 KG,"1,63€","16,30€ / KG",
Massa Entrefina,TURINI,Emb. 0.5 KG,"0,89€","1,78€ / KG",
Bolachas com Cobertura de Chocolate de Leite,,Emb. 0.2 KG,"1,79€","8,95€ / KG",
CHOCOLATE CULINARIA PRALINE,TABLETTE D'OR,Emb. 0.2 KG,"1,99€","9,95€ / KG",
Sumo de Laranja e Manga,JOI,Garrafa 1.5 LT,"1,04€","0,69€ / LT",
EXFOLIANTE FACIAL TODO TIPO PELE 75ML,BIONAÏA,Emb. 0.075 LT,"2,12€","28,27€ / LT",
Champô Total Repair 5,ELVIVE,Emb. 0.25 LT,"3,99€","15,96€ / LT",
Brownies de Chocolate de Leite,MILKA,Emb. 0.15 KG,"2,49€","16,60€ / KG",
Vela fragância de laranja,AIRWICK,Emb. 0.32 KG,"2,84€","8,88€ / KG",
Gel de Banho para Corpo e Cabelo,DOVE,Emb. 0.4 LT,"3,29€","8,23€ / LT",
Vinho Rosé Frisante,DELL'EMILIA,Garrafa 0.75 LT,"3,99€","5,32€ / LT",
Pantene Cuidado Clássico Champô,PANTENE PV,Emb. 0.25 LT,"3,79€","15,16€ / LT",
Abrasivo Sanitário Active Fresh Pinho,HARPIC,Emb. 0.75 LT,"1,94€","2,59€ / LT",
Maçã Reineta Cal. 70/75,,1 Unid. = 0.2 KG (aprox.),"2,39€/kg","0,48€ / Unid.",
FOLHA DE ALUMINIO 25 M,,,"4,86€",/ Unid.,
Miolo de Noz Metades,MARQUE REPERE,Emb. 0.2 KG,"2,79€","13,95€ / KG",
Vinho do Porto Velhotes Tawny,CALEM,Garrafa 0.75 LT,"4,99€","6,65€ / LT",
TARTE FRUTOS SECOS,P'TIT DÉLI,Emb. 0.3 KG,"2,79€","9,30€ / KG",
Cereais Granola de Aveia Mel,NESTLÉ,Emb. 0.3 KG,"2,79€","9,30€ / KG",
Alimento Húmido P/ Gato Fórmula Indoor Atum e Vitela Pack 4,PURINA ONE,4 G,"3,49€","0,87€ / G",
Uva Branca,,1 Unid. = 0.25 KG (aprox.),"2,29€/kg","0,57€ / Unid.",
Ambientador Máquina Loiça,FINISH,Emb. 1 UNID.,"3,24€","3,24€ / UNID.",
LEITE CREME 4X23G TABLIER BLANC,TABLIER BLANC,Emb. 0.092 KG,"0,45€","4,89€ / KG",
Ice Tea Double Maracujá e Manga,LIPTON,Garrafa 2 LT,"2,49€","1,25€ / LT",
Areia Higiénica para Gato,ECO+,Emb. 7 LT,"1,25€","0,18€ / LT",
Manteiga com Sal Guerand Dop,NOS RÉGIONS ONT DU TALENT,Emb. 0.25 KG,"2,74€","10,96€ / KG",
Pimenta Preta,MARGÃO,Emb. 0.05 KG,"1,99€","39,80€ / KG",
Tostas Normal Tostagrill,DIATOSTA,Emb. 0.225 KG,"1,89€","8,40€ / KG",
Tira Nódoas Gel Oxi Action Pink,VANISH,Emb. 1.7 LT,"12,86€","7,56€ / LT",
Bolachas de Água e Sal,VIEIRA,Emb. 12  UNID.,"1,91€","0,16€ /  UNID.",
Vinho Rosé,ECO+,Garrafão 5 LT,"5,69€","1,14€ / LT",
Escova de Dentes Criança Unicórnio Luminoso,PETIT DENTAMYL,Emb. 1 UNID.,"2,49€","2,49€ / UNID.",
OVOS FRESCOS L/M/S BIO,,Emb. 6 UNID.,"2,29€","0,38€ / UNID.",
Chá Cherry Love,LIPTON,Emb. 20 SAQS,"1,94€","0,10€ / SAQS",
Iogurte Líquido Cremoso Morango Yoggi 4x160g,NESTLÉ,Emb. 0.64 KG,"2,09€","3,27€ / KG",
Area Absorvente Optimale,TOUS MES AMIS,Emb. 5 LT,"5,99€","1,20€ / LT",
Cereais de Milho S/ Glúten C/ Chocolate Corn Flakes,NESTLÉ,Emb. 0.375 KG,"2,24€","5,97€ / KG",
XAU LIMPA MAQ EXPRESS,XAU,Emb. 0.25 LT,"4,99€","19,96€ / LT",
Cápsulas de Café C/ Leite Intenso,DOLCE GUSTO,Emb. 16 CAPS.,"4,79€","0,30€ / CAPS.",
CREME DE MAOS REPARADOR 100ML,INELL,Emb. 0.1 LT,"1,30€","13,00€ / LT",
Gomas Aromatizadas Frita Vários Sabores,COPAÍNS COPINES,Emb. 0.275 KG,"1,45€","5,27€ / KG",
APERITIVOS SORTIDOS,TOKAPI,Emb. 0.1 KG,"0,99€","9,90€ / KG",
OIKOS MANGA-PAPAIA,OIKOS,Emb. 0.44 KG,"2,39€","5,43€ / KG",
Feijoada Transmontana,NOBRE,Lata 0.42 KG,"1,76€","4,19€ / KG",
Azeite Virgem Extra Colheita Madura,GALLO,Emb. 0.5 LT,"4,99€","9,98€ / LT",
Conserva de Sardinha sem Pele sem Espinha,RAMIREZ,Emb. 0.1 KG,"1,39€","13,90€ / KG",
Queijo Amanteigado Mistura,ALVELHE,1 Unid. = 1.2 KG (aprox.),"10,68€/kg","12,82€ / Unid.",
2 Lombos de Salmão,,Emb. 0.25 KG,"9,99€","39,96€ / KG",
Escovilhão,,1 UNID.,"1,00€","1,00€ / UNID.",
Detergente Máquina Roupa Líquido Lãs e Sedas,WOOLITE,Emb. 25 DOSES,"3,49€","0,14€ / DOSES",
Pão Especial Multicereais,EPI D'OR,Emb. 0.5 KG,"1,39€","2,78€ / KG",
Escova de Bambu Suave,COLGATE,Emb. 1 UNID.,"2,99€","2,99€ / UNID.",
Vinho Frisante Tinto,SORBELLO,Garrafa 0.75 LT,"2,88€","3,84€ / LT",
BATATAS FRITAS POM´LISSE,POM'LISSE,Emb. 0.15 KG,"1,07€","7,13€ / KG",
Achocolatado em Pó,ECO+,Emb. 0.4 KG,"1,35€","3,38€ / KG",
Caixa Hermética Redonda 23cm,DURALEX,1 UNID.,"3,10€","3,10€ / UNID.",
Wafers de Chocolate,TRIUNFO,Emb. 0.146 KG,"1,49€","10,21€ / KG",
Laca Fixação Forte 2,VITANOVE,Spray 0.075 LT,"1,05€","14,00€ / LT",
Chá Menta,TETLEY,Emb. 10 SAQ.,"0,86€","0,09€ / SAQ.",
CONDICIONADOR EXTRA COR,VITANOVE,Emb. 0.2 LT,"1,19€","5,95€ / LT",
Gel Casa de Banho Limpeza Brilhante,CIF,Emb. 0.75 LT,"1,39€","1,85€ / LT",
Papa Infantil P/ Preparar C/ Leite,CERELAC,Emb. 0.25 KG,"1,49€","5,96€ / KG",
Cillit Bang Casa de Banho 500ML x12,CILLIT BANG,Emb. 0.5 LT,"2,24€","4,48€ / LT",
Alho em Pó,MARGÃO,Emb. 0.055 KG,"2,39€","43,45€ / KG",
Chouriço da Beira Baixa,SNR,Emb. 0.2 KG,"2,40€","12,00€ / KG",
Miolo Noz Pedaços,MARQUE REPERE,Emb. 0.2 KG,"2,49€","12,45€ / KG",
Gel Estimulante Efeito Calor e Efeito Frescura 2x60ml,DUREX,Emb. 0.12 LT,"19,79€","164,92€ / LT",
Iogurte Bifidus Aveia e Nozes 4 Unid.,DANONE,Emb. 0.48 KG,"2,19€","4,56€ / KG",
Queijo de Barrar Alho Ervas Finas 9x20g,LES CROISÉS,Emb. 0.18 KG,"1,29€","7,17€ / KG",
VINHO DÃO CASA DE SANTAR RESERVA TINTO 75,CASA DE SANTAR,,"14,99€",/ Unid.,
Alimento Húmido para Cão Patê Aves,ECO+,Emb. 0.3 KG,"0,55€","1,83€ / KG",
Queijo de Barrar Alho/Ervas,LES CROISÉS,Emb. 0.25 KG,"1,39€","5,56€ / KG",
Conserva de Feijão Frade Cozido,NOTRE JARDIN,Lata 0.85 KG,"0,99€","1,16€ / KG",
Pão Cachorro 330g,EPI D'OR,Emb. 6 UNID.,"0,79€","0,13€ / UNID.",
GAUFRES SABOR A CHOCOLATE E AVELAS 8UN,P'TIT DÉLI,Emb. 0.272 KG,"1,69€","6,21€ / KG",
PATE DE COELHO C/ MOSTARDA,CÔTÉ TABLE,Emb. 0.18 KG,"1,59€","8,83€ / KG",
COTONETES ALGODAO C/ CAIXA DE TAMPA,INELL,Emb. 16 UNID.,"1,19€","0,07€ / UNID.",
Asas de Peru,,1 Unid. = 0.7 KG (aprox.),"2,49€/kg","1,74€ / Unid.",
Xau Limpa Máquinas Limão 2Packx12,XAU,,"6,99€",/ Unid.,
Café Solúvel em Saquetas,NESCAFÉ,Emb. 6 UNID.,"3,48€","0,58€ / UNID.",
Vinho Regional Alentejo Tinto,ENCOSTA DAS PERDIZES,Garrafa 0.75 LT,"2,29€","3,05€ / LT",
Polvilho Doce Brasil,GLOBO,Emb. 0.5 KG,"1,88€","3,76€ / KG",
Toalhitas para Bebé Básico,DODOT,Emb. 54 UNID.,"0,99€","0,02€ / UNID.",
Copo de Pé 24cl,EQUIP HOME,1 UNID.,"1,40€","1,40€ / UNID.",
Compota Sortidos,DOUCEUR DU VERGER,Emb. 1.08 KG,"4,99€","4,62€ / KG",
Caldo de Peixe,KNORR,Emb. 8 CUBOS,"1,39€","0,17€ / CUBOS",
Vinho Branco JP,BACALHÔA,Garrafa 0.75 LT,"2,19€","2,92€ / LT",
Vinho Regional Dão Branco,DUQUE DE VISEU,Garrafa 0.75 LT,"4,45€","5,93€ / LT",
Creme Limpeza Lixívia e Micro-Cristais,CIF,Emb. 0.7 LT,"2,49€","3,56€ / LT",
Bolachas Cookies Original Chocolate,CHIPS AHOY,Emb. 0.3 KG,"3,29€","10,97€ / KG",
BLOCO SANITARIO ACTIV EFFECT MARINHO 3UN,SYPHON,Emb. 3 UNID.,"1,29€","0,43€ / UNID.",
BOLACHAS C/TABLETE CHOCO PRETO,ECO+,Emb. 0.15 KG,"0,95€","6,33€ / KG",
ARROZ BASMATI PRE COZIDO EXPRESS,COMPTOÍR DU GRAIN,Emb. 0.25 KG,"0,99€","3,96€ / KG",
Perna de Borrego,,1 Unid. = 1 KG (aprox.),"9,99€/kg","9,99€ / Unid.",
Bolachinhas Criança,BLÉDINA,Emb. 0.125 KG,"2,59€","20,72€ / KG",
Body Milk Nutritivo Pele Seca,NIVEA,Emb. 0.4 LT,"4,99€","12,48€ / LT",
Pantene Anticaspa Champô,PANTENE PV,Emb. 0.25 LT,"3,99€","15,96€ / LT",
Pensos Higiénicos Salvaslips Fresh em Bolsas,EVAX,Emb. 40 UNID.,"2,39€","0,06€ / UNID.",
Shampoo Fortificante Arginina e Proteína,ELVIVE,Emb. 0.25 LT,"3,99€","15,96€ / LT",
Copo de Pé 35cl,EQUIP HOME,1 UNID.,"1,70€","1,70€ / UNID.",
AÇAI SPORT TRADICIONAL 205gr demarchi,,,"2,79€",/ Unid.,
SPRAY LIMPEZA OPTICAS,CLAIR,Emb. 0.02 LT,"1,99€","99,50€ / LT",
Iogurte Grego Natural,YAOS,Emb. 0.45 KG,"1,99€","4,42€ / KG",
Preservativo Ultrafeel,CONTROL,Emb. 10 UNID.,"6,99€","0,70€ / UNID.",
CANELA EM PO SAQUETA,RUSTICA,Emb. 0.08 KG,"0,84€","10,50€ / KG",
Florete de Brócolo,,Emb. 0.6 KG,"2,49€","4,15€ / KG",
Difusor Elétrico Ultra Control,AMBIPUR,Emb. 1 UNID.,"0,99€","0,99€ / UNID.",
Doce de Morango Baixo Teor de Açúcar,DOUCEUR DU VERGER,Frasco 0.34 KG,"1,25€","3,68€ / KG",
Desodorizante Roll-On Cotton Dry 48H,REXONA,Emb. 0.05 LT,"2,69€","53,80€ / LT",
MASCARA REPARADORA 300ML,VITANOVE,Emb. 0.3 LT,"1,99€","6,63€ / LT",
Queijo Bola Flamengo,TERRA NOSTRA,Emb. 1.4 KG (aprox.),"7,99€/kg","11,19€ / Unid.",
Couve Branca,,1 Unid. = 1.28 KG (aprox.),"1,99€/kg","2,55€ / Unid.",
Rebuçados Sabor Limão,HALLS,Emb. 0.032 KG,"0,78€","24,38€ / KG",
Espuma Cabelo Styling Flexible Curls,NIVEA,Emb. 0.15 LT,"4,19€","27,93€ / LT",
Queijo Fundido 24 Unid.,LES CROISÉS,Emb. 0.4 KG,"2,69€","6,73€ / KG",
Gel Barbear Protect e Care,NIVEA MEN,Emb. 0.2 LT,"4,39€","21,95€ / LT",
Massa Linguine C/ Tinta de Choco,MILANEZA,Emb. 0.5 KG,"2,73€","5,46€ / KG",
Bebida de Soja Baunilha,NAT&VIE,Emb. 1 LT,"1,29€","1,29€ / LT",
Cereais Choco Flakes,CUÉTARA,Emb. 0.5 KG,"2,99€","5,98€ / KG",
GRAO DE BICO SACO,NOTRE JARDIN,Emb. 1 KG,"1,89€","1,89€ / KG",
Iogurte Líquido Corpos Piña Colada 4x155g,DANONE,Emb. 0.62 KG,"1,69€","2,73€ / KG",
Dove Silk Glow Gel de Banho,DOVE,Emb. 0.75 LT,"4,19€","5,59€ / LT",
Leite Achocolatado 4x200ml,AGROS,Emb. 0.8 LT,"1,43€","1,79€ / LT",
Iogurte Bifidus Cremoso Cocktail de Frutas 0% 4 Unid.,DANONE,Emb. 0.48 KG,"1,99€","4,15€ / KG",
Ratatoille Cozinhado Ultracongelado,,Emb. 0.6 KG,"2,99€","4,98€ / KG",
LAVA TUDO FLORAL,CLAIR,Emb. 2 UNID.,"0,79€","0,40€ / UNID.",
Cápsulas Café House Blend Lungo P/ Nespresso Intensidade 8,STARBUCKS,Emb. 10 CAPS.,"3,79€","0,38€ / CAPS.",
AMENDOINS C/ PELE TORRADOS C/ SAL,TOKAPI,Emb. 0.4 KG,"2,94€","7,35€ / KG",
CARVAO VEGETAL 3KG MARCA GUIA,,Emb. 3 KG,"3,29€","1,10€ / KG",
Queijo Fatiado Light -50% Gordura,TERRA NOSTRA,Emb. 0.2 KG,"2,28€","11,40€ / KG",
Bebida de Amêndoa 0%,SHOYCE,Emb. 1 LT,"2,19€","2,19€ / LT",
Conserva Mini Pepinos,RUSTICA,Frasco 0.21 KG,"1,29€","6,14€ / KG",
Bebida Energética Energy,MONSTER ENERGY,Emb. 0.5 LT,"1,20€","2,40€ / LT",
Azeite Pet,OLIVEIRA DA SERRA,Emb. 0.75 LT,"3,24€","4,32€ / LT",
Conserva de Salsichas Aves 5 Unid.,IZIDORO,Frasco 0.25 KG,"1,59€","6,36€ / KG",
Saint-Emilion A.O.C. 2015,CHANTET BLANET,Garrafa 0.75 LT,"8,99€","11,99€ / LT",
Batatas Fritas no Forno Receita Camponesa,LAY'S,Emb. 0.13 KG,"2,19€","16,85€ / KG",
GOMAS FIOS,COPAÍNS COPINES,Emb. 0.2 KG,"1,35€","6,75€ / KG",
Sabonete Sólido Manteiga Karite,MANAVA,Emb. 2 UNID.,"1,00€","0,50€ / UNID.",
Queijo Curado Seia de Ovelha,QUEIJOS LAGOS,1 Unid. = 0.6 KG (aprox.),"20,98€/kg","12,59€ / Unid.",
Patê de Atum,LA PIARA,Emb. 0.075 KG,"1,23€","16,40€ / KG",
Desodorizante Roll-On Men Dry Fresh,NIVEA MEN,Emb. 0.05 LT,"2,39€","47,80€ / LT",
Farinha P/ Bolos C/ Fermento,NACIONAL,Emb. 1 KG,"1,18€","1,18€ / KG",
Galetes de Milho Biológicas,,Emb. 0.13 KG,"0,99€","7,62€ / KG",
Bolachas Alfa,NACIONAL,Emb. 0.18 KG,"0,94€","5,22€ / KG",
Sabonete Liquido Leite e Azeitona,,Emb. 0.3 LT,"2,24€","7,47€ / LT",
Inhame,,1 Unid. = 0.1 KG (aprox.),"4,49€/kg","0,45€ / Unid.",
Bebida à Base de Aveia,NAT&VIE,Emb. 1 LT,"1,29€","1,29€ / LT",
Vinho Branco Alentejo Doc Reserva,REGUENGOS,Garrafa 0.75 LT,"3,99€","5,32€ / LT",
Panela de Inox 18cm,,1 UNID.,"7,69€","7,69€ / UNID.",
Mistura Solúvel Chicoria,ECO+,Emb. 0.2 KG,"1,89€","9,45€ / KG",
Maminha de Novilho,,1 Unid. = 1 KG (aprox.),"9,99€/kg","9,99€ / Unid.",
MOLHO KEBAB,RUSTICA,Emb. 0.252 KG,"1,35€","5,36€ / KG",
Limpa Móveis Spray Lavanda,PRONTO,Emb. 0.3 LT,"3,88€","12,93€ / LT",
Água sem Gás Limão,LUSO FRUTA,Garrafa 1 LT,"1,27€","1,27€ / LT",
Ervilhas Extra Finas 3x140G,NOTRE JARDIN,Emb. 0.42 KG,"1,79€","4,26€ / KG",
Maionese Top Down,ECO+,Emb. 0.5 LT,"1,99€","3,98€ / LT",
CREME DE VINAGRE,RUSTICA,Emb. 0.025 CL,"1,69€","67,60€ / CL",
Bebida Energética,BURN,Emb. 0.5 LT,"0,88€","1,76€ / LT",
Molho Whisky Cocktail,CALVÉ,Frasco 0.253 KG,"2,46€","9,72€ / KG",
Sumo Delight California,SUNNY DELIGHT,Garrafa 1.25 LT,"1,64€","1,31€ / LT",
Romã,,1 Unid. = 0.3 KG (aprox.),"1,99€/kg","0,60€ / Unid.",
AFTERSHAVE BALSAMO HIDRATANTE 100ML,CARRÉ HOMME,Emb. 0.1 LT,"1,89€","18,90€ / LT",
Vinho Regional Alentejano Tinto,HERDADE S. MIGUEL,Garrafa 0.75 LT,"4,99€","6,65€ / LT",
Café Pastilhas 100% Arabica,ECO+,Emb. 48 PAST.,"3,49€","0,07€ / PAST.",
Bolachas Uva,NAT&VIE,Emb. 0.2 KG,"1,63€","8,15€ / KG",
PEITO DE FRANGO FATIAS FINAS,CAMPO FINO,Emb. 0.15 KG,"1,29€","8,60€ / KG",
GEL ANTI-CALCARIO 750ML,TEXIL,Emb. 0.75 KG,"1,99€","2,65€ / KG",
Johnson's Loção para Bebé Rosto e Corpo Cotton Touch,JOHNSON'S BABY,Emb. 0.5 LT,"3,89€","7,78€ / LT",
ATUM NATURAL GENERAL,GENERAL,Emb. 0.11 KG,"0,99€","9,00€ / KG",
ABRASIVO SANITARIO MENTA/EUCALIPTO ECO 750ML,UNÍ VERT,Emb. 0.75 LT,"1,29€","1,72€ / LT",
Queijo Bola Flamengo,AGROS,Emb. 1.4 KG (aprox.),"7,59€/kg","10,63€ / Unid.",
Água com Gás Limão/Chá Verde 4x25 cl TP,PEDRAS SALGADAS,Emb. 1 LT,"2,39€","2,39€ / LT",
Coloração Longa Duração Belle Color 6 Louro Escuro,GARNIER,Emb. 1 UNID.,"4,49€","4,49€ / UNID.",
Espumante Doce,COMP DO VINHO,Garrafa 0.75 LT,"3,29€","4,39€ / LT",
Gel Duche S/ Sabão,MANAVA,Emb. 0.5 ML,"1,39€","2,78€ / ML",
Cereais Starz,NACIONAL,Emb. 0.3 KG,"1,69€","5,63€ / KG",
DENTIFRICO E ELIXIR FRESCURA EXTREMA,DENTAMYL,Emb. 0.075 LT,"0,95€","12,67€ / LT",
Pastilhas Máquina Loiça Platinum Plus,FAIRY,Emb. 20 UNID.,"5,74€","0,29€ / UNID.",
Leite Crescimento Júnior 1+,NESTLÉ,Emb. 1 LT,"2,19€","2,19€ / LT",
Gel de Barbear Peles Sensíveis,GILLETTE,Emb. 0.2 LT,"3,59€","17,95€ / LT",
Refresco em Pó Laranja,TANG,Emb. 0.03 KG,"0,83€","27,67€ / KG",
Rebuçados de Morango,COPAÍNS COPINES,Emb. 0.25 KG,"0,99€","3,96€ / KG",
Tostas Crocantes Integral 30 Fatias,BIMBO,Emb. 0.27 KG,"1,59€","5,89€ / KG",
ARROZ PARA SUSHI,TABLES DU MONDE,Emb. 0.5 KG,"1,19€","2,38€ / KG",
Papel Higiénico 2 Folhas,MARQUE REPERE,Emb. 24 UNID.,"4,68€","0,20€ / UNID.",
Amaciador de Roupa Rosa,,Emb. 4 LT,"1,59€","0,40€ / LT",
Pastilhas de Bassin de Vicky,NOS RÉGIONS ONT DU TALENT,Emb. 0.23 KG,"1,39€","6,04€ / KG",
Ovos Solo L,SNR,Emb. 12 UNID.,"2,39€","0,20€ / UNID.",
Conserva de Feijão Encarnado,NOTRE JARDIN,Frasco 0.57 KG,"0,64€","1,12€ / KG",
CHAMPO SECO CABELOS CASTANHOS 150ML,NATEIS,Emb. 0.15 LT,"2,19€","14,60€ / LT",
Lentilhas Amarelas,NOTRE JARDIN,Emb. 0.5 KG,"1,09€","2,18€ / KG",
Feijão Branco Seco,NOTRE JARDIN,Emb. 1 KG,"1,89€","1,89€ / KG",
Iogurte Açucarado Pêssego Biológico 4x125g,,Emb. 0.5 KG,"1,29€","2,58€ / KG",
Gel de Banho Hidratante Baby,BABY DOVE,Emb. 0.2 LT,"1,79€","8,95€ / LT",
DETERGENTE MANUAL LOICA LIMAO,ECO+,Emb. 1 LT,"0,79€","0,79€ / LT",
Madalenas longas,P'TIT DÉLI,Emb. 0.44 KG,"2,75€","6,25€ / KG",
Iogurte Mix-in Kit Kat Morango 2 Unid.,NESTLÉ,Emb. 0.115 KG,"2,09€","18,17€ / KG",
GELADO TRIUM AMENDOIM/CARAMELO COB. CHOCO LEITE 4UN,TRIUM,Emb. 4 UNID.,"2,25€","0,56€ / UNID.",
BEBIDA SOJA BAUNILHA,ALPRO,Emb. 1 LT,"1,89€","1,89€ / LT",
Barras Hero Muesly Cereais Linea Choco Branco 6x20g,HERO,Emb. 0.12 KG,"1,79€","14,92€ / KG",
Sumo Natural Biológico Cenoura,CEM PORCENTO,Emb. 0.2 LT,"0,89€","4,45€ / LT",
Tampões com Aplicador Pearl Super Plus,TAMPAX,Emb. 24 UNID.,"4,98€","0,21€ / UNID.",
Café Cápsulas Descafe Intensidade 2,PLANTATION,Emb. 16 CAPS.,"2,44€","0,15€ / CAPS.",
Alimento P/ Gato Adulto de Frango,PURINA,Emb. 3 KG,"14,94€","4,98€ / KG",
Paté Rico Frango e Legumes Bio,PLENIMA,Emb. 0.3 KG,"1,65€","5,50€ / KG",
Dentífrico Cuidado Completo Sensitive Expert,DENTAMYL,Emb. 0.075 LT,"0,80€","10,67€ / LT",
Rissóis de Carne 8 Unid.,SNR,Emb. 0.325 KG,"1,99€","6,12€ / KG",
LASANHA SALMAO,CÔTÉ TABLE,Emb. 1 KG,"4,89€","4,89€ / KG",
Sumo Refrigerado Cidreira Tília Camomila Limão,PLENO TISANAS,Garrafa 1.5 LT,"1,49€","0,99€ / LT",
Aparador Elétrico Sensitive Precision Bikini,VEET,Emb. 1 UNID.,"29,69€","29,69€ / UNID.",
CREPES DOCE OVOS 6UN,TROFIC,Emb. 0.54 KG,"3,69€","6,83€ / KG",
Água de Colónia com Glicerina e Chá Branco,HENO DE PRAVIA,Emb. 0.78 LT,"5,94€","7,62€ / LT",
FEIJAO MANTEIGA SACO,NOTRE JARDIN,Emb. 0.5 KG,"0,99€","1,98€ / KG",
Queijo Fundido Fatias Light,A VACA QUE RI,Emb. 0.2 KG,"1,94€","9,70€ / KG",
Rissóis de Leitão 6 Unid.,SNR,Emb. 0.275 KG,"2,99€","10,87€ / KG",
Iogurte Sólido Proteíco Limão e Cookies Lindhals,NESTLÉ,Emb. 0.15 KG,"1,09€","7,27€ / KG",
Compota de Maçã 8x100g,DOUCEUR DU VERGER,Emb. 0.8 KG,"2,99€","3,74€ / KG",
SNACKS PREMIUM CARNE 50G LYCAT,LYCAT,Emb. 0.05 KG,"1,15€","23,00€ / KG",
Maionese Verdadeira,HELLMANN'S,Emb. 0.208 KG,"2,19€","10,53€ / KG",
SNACK RECOMPENSA QUEIJO E BOVINO,TOUS MES AMIS,Emb. 0.14 KG,"1,25€","8,93€ / KG",
Faqueiro Conjunto 24 Peças Inox,TROQUET NOIR,1 UNID.,"9,90€","9,90€ / UNID.",
Leite com Chocolate UHT 4x200 ml,GRESSO,Emb. 0.8 LT,"1,49€","1,86€ / LT",
CREME PARA BARRAR CACAU E AVELAS SEM OLEO PALMA BIO,,Emb. 0.35 KG,"3,14€","8,97€ / KG",
ATUM EM OLEO GIRASSOL REDONDO,PÊCHE OCÉAN,Emb. 0.085 KG,"0,65€","7,65€ / KG",
Spray Limpa Vidros Tripla Ação,AJAX,Emb. 0.5 LT,"2,14€","4,28€ / LT",
Água S/ Gás,ECO+,Garrafa 0.5 LT,"0,16€","0,32€ / LT",
Alimento Seco Cão Croquete Vaca,LYDOG,Emb. 10 KG,"9,99€","1,00€ / KG",
Batatas Fritas no Forno,LAY'S,Emb. 0.15 KG,"2,19€","14,60€ / KG",
Rissóis de Pescada,,Emb. 8 UNID.,"1,19€","0,15€ / UNID.",
Bolachas com Pepitas de Chocolate,ECO+,Emb. 0.2 KG,"0,79€","3,95€ / KG",
SOBREMESA PUDIM DE ARROZ,DÉLISSE,Emb. 0.5 KG,"2,49€","4,98€ / KG",
Caldo de Legumes 8 Cubos,KNORR,Emb. 0.08 KG,"1,49€","18,63€ / KG",
Mistura de Frutos Secos Açucarados,TOKAPI,Emb. 0.12 KG,"1,29€","10,75€ / KG",
Massa Cotovelinhos Biológica,,Emb. 0.5 KG,"1,19€","2,38€ / KG",
VASSOURA CRUZ LOTUS,,Emb. 1 UNID.,"2,89€","2,89€ / UNID.",
Fraldas Bebé T3 ACTIV+ 4/9 Kg,MOTS D'ENFANTS,Emb. 47 UNID.,"7,79€","0,17€ / UNID.",
Preparado para Flan com Ovos,TABLIER BLANC,Emb. 0.72 KG,"2,59€","3,60€ / KG",
ELIXIR BOCAL DE MENTA,DENTAMYL,Emb. 0.5 LT,"1,29€","2,58€ / LT",
Canela em Pó,RUSTICA,Frasco 0.035 KG,"0,49€","14,00€ / KG",
"BEBIDA SOJA CHOCOLATE, 1L",ALPRO,Emb. 1 LT,"1,89€","1,89€ / LT",
Vitelão para Assar,,1 Unid. = 0.87 KG (aprox.),"8,99€/kg","7,82€ / Unid.",
Pacotinho de Cereais e Mel,NESTUM,Emb. 0.08 KG,"0,74€","9,25€ / KG",
Cereais de Aveia Integral C/ Chocolate Preto,FITNESS,Emb. 0.375 KG,"2,99€","7,97€ / KG",
Champô Citrinos Extra Suave,MANAVA,Emb. 0.5 LT,"1,99€","3,98€ / LT",
Néctar de Pera Rocha Clássico,COMPAL,Emb. 0.33 LT,"0,74€","2,24€ / LT",
Crepes de Chocolate com Cereais Crocantes,P'TIT DÉLI,Emb. 0.256 KG,"1,99€","7,77€ / KG",
Polpa de Tomate da Horta 3x210ml,COMPAL,Emb. 0.63 LT,"1,49€","2,37€ / LT",
Creme Flamengo,PRÉSIDENT,Emb. 0.125 KG,"2,77€","22,16€ / KG",
OIKOS NATURAL 110G X4,OIKOS,Emb. 0.44 KG,"2,39€","5,43€ / KG",
CREME ANTI-RUGAS BIO 50ML,BIONAÏA,Emb. 0.05 LT,"4,67€","93,40€ / LT",
Sobremesa de Fruta Maças e Bananas 4x100gr,DOUCEUR DU VERGER,Emb. 0.4 KG,"1,30€","3,25€ / KG",
TABLETE CHOCOLATE NEGRO 85% 100G,CEMOI,Emb. 0.1 KG,"0,99€","9,90€ / KG",
Bolachas Recheadas Chocolate,ECO+,Emb. 0.5 KG,"1,39€","2,78€ / KG",
CONCHAS DE VIEIRA 4UN,CÔTÉ TABLE,Emb. 0.36 KG,"4,99€","13,86€ / KG",
Tablete Chocolate Culinária,NESTLÉ,Emb. 0.2 KG,"1,79€","8,95€ / KG",
Whisky J&B Rare,J&B,Garrafa 0.7 LT,"15,49€","22,13€ / LT",
Milho Doce 3X85g,BONDUELLE,Emb. 0.255 KG,"1,59€","6,24€ / KG",
COUSCOUS C/FRANGO E MERGUEZ 450G,CÔTÉ TABLE,Emb. 0.45 KG,"2,95€","6,56€ / KG",
Creme Nutri-Reparador para Pés Secos Danificados,PRIMOPLAST,Emb. 0.075 LT,"1,52€","20,27€ / LT",
Lip Therapy Original,VASELINE,Emb. 0.017 KG,"2,96€","174,12€ / KG",
Queijo Fresco 0%,,Emb. 1 KG,"1,79€","1,79€ / KG",
Pimenta Preta Grãos,RUSTICA,Frasco 0.04 KG,"1,53€","38,25€ / KG",
Alimento Húmido para Gato Carne em Molho 24x100g,TOUS MES AMIS,Emb. 24 UNID.,"6,99€","0,29€ / UNID.",
Macarrão,ECO+,Emb. 1 KG,"1,49€","1,49€ / KG",
SOBREMESA CREME BROWNIE,DÉLISSE,Emb. 0.5 KG,"1,59€","3,18€ / KG",
Conserva de Azeitona Verde Inteira,RUSTICA,Frasco 0.36 KG,"1,19€","3,31€ / KG",
Gel Elastic Ultimate 7,NIVEA MEN,Emb. 0.15 LT,"5,59€","37,27€ / LT",
Massa Cotovelinho Clássica,NACIONAL,Emb. 0.5 KG,"1,49€","2,98€ / KG",
Muelsi C/ Chocolate Leite,GRAINEA,Emb. 0.5 KG,"2,61€","5,22€ / KG",
Abrilhantador Máquina Loiça,FAIRY,Emb. 0.475 LT,"4,03€","8,48€ / LT",
Plumas de Porco Preto,,1 Unid. = 0.5 KG  (aprox.),"19,99€/kg","10,00€ / Unid.",
Queijo Mini Babybel,BABYBEL,Emb. 0.12 KG,"1,94€","16,17€ / KG",
Pinça P/ Depilação Prateada,,Emb. 1 UNID.,"2,19€","2,19€ / UNID.",
Cápsulas Café Ristretto Ardenza,DOLCE GUSTO,Emb. 30 CAPS.,"10,49€","0,35€ / CAPS.",
Creme Soft Hidratante Intensivo,NIVEA,Emb. 0.2 LT,"5,69€","28,45€ / LT",
Mini Gelados Double Caramelo Pack 6,MAGNUM,Emb. 0.36 LT,"3,59€","9,97€ / LT",
GUARDANAPOS RED LABEL 1F RED,GUARDANAPOS RENOVA,Emb. 70 UNID.,"0,69€","0,01€ / UNID.",
Chouriço Sabor de Português,DAMATTA,Emb. 0.16 KG,"2,19€","13,69€ / KG",
Miolo de Amêndoa Laminada,MARQUE REPERE,Emb. 0.15 KG,"1,99€","13,27€ / KG",
Pão Embalado Hot Dog 6 Unid.,PANRICO,Emb. 0.33 KG,"1,41€","4,27€ / KG",
Desodorizante Roll-On Romã,MANAVA,Emb. 0.05 LT,"0,75€","15,00€ / LT",
Café Cápsulas Vellutato Intensidade 9,PLANTATION,Emb. 10 CAPS.,"1,78€","0,18€ / CAPS.",
Formas de Papel 7cm,LILY COOK,Emb. 1 UNID.,"4,20€","4,20€ / UNID.",
Barras de Cereais Light Muesly Chocolate 6x20g,HERO,Emb. 0.12 KG,"1,79€","14,92€ / KG",
Vinho Branco Frisante,MONTARRO,Garrafa 0.75 LT,"1,78€","2,37€ / LT",
Iogurte Aroma Morango/Banana 8x125g,CLESA,Emb. 1 KG,"2,49€","2,49€ / KG",
Queijo Ralado Emmental,PRÉSIDENT,Emb. 0.09 KG,"1,69€","18,78€ / KG",
Café Cápsulas XL Qalidus Intensidade 10,DELTA Q,Emb. 40 CAPS.,"12,99€","0,32€ / CAPS.",
Bolo em Barra 2x500g,,Emb. 1 KG,"2,69€","2,69€ / KG",
Cebola Doce,,1 Unid. = 1 P   (aprox.),"1,48€/kg","1,48€ / Unid.",
QUEIJO FLAMENGO FATIADO LIGHT,QUEIJO NA TÁBUA,Emb. 0.2 KG,"1,89€","9,45€ / KG",
Anti-Transferência de Cor Ultra Toalhitas,VANISH,Emb. 10 UNID.,"3,49€","0,35€ / UNID.",
Pantene Volume & Brilho Condicionador 160 ml,,Emb. 0.16 LT,"3,74€","23,38€ / LT",
Gel de Banho Naturals Amêndoa e Leite,PALMOLIVE,Emb. 0.5 LT,"2,69€","5,38€ / LT",
Queijo Mozarella Light,GALBANI,Emb. 0.125 KG,"1,53€","12,24€ / KG",
CONCHAS DO MAR 6UN,CÔTÉ TABLE,Emb. 0.66 KG,"4,99€","7,56€ / KG",
Gelatina Alimentar em Folha,TABLIER BLANC,Emb. 9 UNID.,"0,84€","0,09€ / UNID.",
Bolacha Wafer Framboesa,VIEIRA,Emb. 0.15 KG,"1,25€","8,33€ / KG",
Difusor e Recarga Elétrica Lavanda e Camomila,AIR WICK,Emb. 0.019 LT,"5,39€","283,68€ / LT",
Lenços de Bolso Menta Sensitive 4 Folhas,RENOVA,Emb. 6 UNID.,"0,89€","0,15€ / UNID.",
Alimento Húmido P/ Gato Carne de Vaca e Tomate,GOURMET GOLD,Emb. 0.085 KG,"0,75€","8,82€ / KG",
Conserva de Salsichas Extra Suculentas Aves 7 Unid.,NOBRE,Frasco 0.35 KG,"1,68€","4,80€ / KG",
Alimento Húmido para Gato Dentabites Galinha,WHISKAS,Emb. 0.04 KG,"1,98€","49,50€ / KG",
Arroz Vaporizado,BELMONTE,Emb. 1 KG,"1,12€","1,12€ / KG",
PENSOS HIGIENICOS U.FINOS NORMAL 16UN,DOULYS,Emb. 16 UNID.,"1,05€","0,07€ / UNID.",
Queijo Pasta Dura Cozida,LES CROISÉS,Emb. 0.2 KG,"3,39€","16,95€ / KG",
Codornizes,,1 Unid. = 0.14 KG (aprox.),"0,99€","7,07€ / KG",
Saco Cubos Gelos,ELEMBAL,Emb. 15 UNID.,"0,69€","0,05€ / UNID.",
Presunto Inteiro,PROBAR,1 Unid. = 6 KG (aprox.),"13,99€/kg","83,94€ / Unid.",
Cevada Solúvel sem Café,DELTA,Frasco 0.2 KG,"1,74€","8,70€ / KG",
Preparado Sopa de Cozido,KNORR,Emb. 0.069 KG,"1,49€","21,59€ / KG",
Fiambre Peito de Frango em Forno de Lenha,CAMPOFRIO,1 Unid. = 0.11 KG (aprox.),"12,93€/kg","1,42€ / Unid.",
ALIMENT BEBE: PURE ERVILHAS BIO +4M  2X120G,BIO VILLAGE BEBE,Emb. 0.24 KG,"1,45€","6,04€ / KG",
Batatas Fritas Onduladas,RUFFLES,Emb. 0.18 KG,"2,38€","13,22€ / KG",
Desodorizante Roll-On Invisible Care,DOVE,Emb. 0.05 LT,"2,69€","53,80€ / LT",
Ananás dos Açores,,1 Unid. = 1.2 KG (aprox.),"8,99€/kg","10,79€ / Unid.",
Queijo de Ovelha Curado Cerrado do Vale,SANTIAGO,1 Unid. = 0.2 KG (aprox.),"9,99€/kg","2,00€ / Unid.",
Crepes com Manteiga,P'TIT DÉLI,Emb. 0.3 KG,"1,99€","6,63€ / KG",
Barrinhas P/ Canários sabor a Ovo,TOUS MES AMIS,Emb. 0.06 KG,"1,69€","28,17€ / KG",
Toalhitas Limpa Vidros,CLAIR,Emb. 20 UNID.,"0,89€","0,04€ / UNID.",
AGUA MICELAR,INELL,Emb. 0.5 LT,"2,59€","5,18€ / LT",
Líquido Sanitário Lixívia Perfumada,NEOBLANC,Emb. 0.7 LT,"2,09€","2,99€ / LT",
Batatas Pré-Fritas em Steak,POM'LISSE,Emb. 1 KG,"1,59€","1,59€ / KG",
Bolo de Marmore Chocolate,P'TIT DÉLI,Emb. 0.3 KG,"1,99€","6,63€ / KG",
SORTIDO GOMAS BRILHO,COPAÍNS COPINES,Emb. 0.6 KG,"2,99€","4,98€ / KG",
Azeite Virgem Extra Grande Escolha,GALLO,Emb. 0.5 LT,"4,99€","9,98€ / LT",
Chocolate Pack 3 Unid.,MARS,Emb. 0.135 KG,"2,39€","17,70€ / KG",
NOZ DA AMAZONIA,TOKAPI,Emb. 0.1 KG,"1,99€","19,90€ / KG",
Snacks Húmidos P/ Gato Adulto 2 de Frango e 2 de Vaca,PURINA,Emb. 0.34 KG,"3,49€","10,26€ / KG",
Sticks P/ Gato C/ Frango,TOUS MES AMIS,Emb. 3 UNID.,"0,49€","0,16€ / UNID.",
Crackers com Sésamo,VIEIRA,Emb. 0.2 KG,"1,13€","5,65€ / KG",
Café Solúvel Seleção Premium Intensidade 6,NESCAFÉ,Frasco 0.1 KG,"4,81€","48,10€ / KG",
MIOLO DE NOZ,TABLIER BLANC,Emb. 0.05 KG,"0,99€","19,80€ / KG",
CAPS CAFE COMP C/ DQ XL MAXIMO - INT10,PLANTATION,40 UNID.,"6,49€","0,16€ / UNID.",
Iogurte Líquido Morango 4x155g,CORPOS DANONE,Emb. 0.62 KG,"1,69€","2,73€ / KG",
Alimento Húmido para Gato Patê Aves,ECO+,Emb. 0.1 KG,"0,27€","2,70€ / KG",
Sacos Cozedura no Forno Elembal,ELEMBAL,Emb. 5 UNID.,"1,09€","0,22€ / UNID.",
Sticks Dentários,PLENIMA,Emb. 0.18 G,"1,79€","9,94€ / G",
"""QUENELLES"" DE VITELA C/ MOLHO ""FINANCIERE""",CÔTÉ TABLE,Emb. 0.4 KG,"1,49€","3,73€ / KG",
Mini Bolos de Mármore de Chocolate,P'TIT DÉLI,Emb. 0.378 KG,"2,49€","6,59€ / KG",
Néctar de Manga Clássico,COMPAL,Emb. 1 LT,"1,09€","1,09€ / LT",
SACOS LIXO C/ ATILHO 30L,ELEMBAL,Emb. 25 UNID.,"1,19€","0,05€ / UNID.",
SNACKS PREMIUM PEIXE 50G LYCAT,LYCAT,Emb. 0.05 KG,"1,17€","23,40€ / KG",
Ervilhas Ultracongelados,IGLO,Emb. 0.375 KG,"2,59€","6,91€ / KG",
PAPEL VEGETAL 8 MT,ELEMBAL,Emb. 8 MT,"0,95€","0,12€ / MT",
Água S/ Gás Mineral Natural,,Garrafa 0.5 LT,"0,16€","0,32€ / LT",
Sal Marinho Iodado,VATEL,Emb. 1 KG,"0,99€","0,99€ / KG",
Pão de Especiarias com Mel Biológico,,Emb. 0.3 KG,"1,99€","6,63€ / KG",
Recarga Sabonete Líquido Lavanda,MANAVA,Emb. 0.25 LT,"0,65€","2,60€ / LT",
Mistura de Cogumelos,NOTRE JARDIN,Emb. 0.45 KG,"2,24€","4,98€ / KG",
Vinho Rosé Frutado,SALVE,Garrafa 0.75 LT,"1,29€","1,72€ / LT",
Alimento P/ Cão Snack Dental Frango,FRISKIES,Emb. 0.2 KG,"2,96€","14,80€ / KG",
Anti-Mosquitos Elétrico Líquido 30 Noites,RAID,Emb. 0.021 LT,"5,00€","238,10€ / LT",
Gelado Romântica Original,CARTE D'OR,Emb. 0.75 LT,"4,84€","6,45€ / LT",
arroz sushi Bom Sucesso 1kg,BOM SUCESSO,,"1,87€",/ Unid.,
FRANCESINHA,CÔTÉ TABLE,Emb. 0.45 KG,"4,99€","11,09€ / KG",
Pão de Água,,1 Unid. = 0.1 KG,"2,87€","28,70€ / KG",
Refrigerante C/ Gás Zero Açúcar Pack 4,COCA COLA,Emb. 4 LT,"4,55€","1,14€ / LT",
Bolachinhas P/ Bebé +6 meses,NESTLÉ,Emb. 0.18 KG,"2,49€","13,83€ / KG",
QUEIJO FLAMENGO FATIADO,ECO+,Emb. 0.2 KG,"1,49€","7,45€ / KG",
Refrigerante com Gás Lima-Limão,SEVEN UP,Emb. 1.5 LT,"1,59€","1,06€ / LT",
Bolachas de Manteiga Cobertas de Tablete Chocolate de Leite,P'TIT DÉLI,Emb. 0.125 KG,"1,19€","9,52€ / KG",
Fiambre da Pá Seleção,NOBRE,Emb. 0.12 KG,"2,27€","18,92€ / KG",
Batatas Fritas Tradicional 100% em Azeite,SNR,Emb. 0.15 KG,"1,35€","9,00€ / KG",
Yofu Polpa 4x125g,,Emb. 0.5 KG,"2,29€","4,58€ / KG",
ALIMENTO HUMIDO ALMONDEGAS AVE P/ GATO,ECO+,Emb. 0.82 KG,"1,29€","1,57€ / KG",
Iogurte Sólido Magro C/ Cereais e Frutos Secos 4 Unid.,LONGA VIDA,Emb. 0.12 KG,"2,09€","17,42€ / KG",
Iogurte Líquido Proteíco Framboesa e Baunilha,NESTLÉ,Emb. 0.33 LT,"1,89€","5,73€ / LT",
Véritable Mini Rosette de Lyon Porco,NOS RÉGIONS ONT DU TALENT,Emb. 0.4 KG,"5,99€","14,98€ / KG",
Mini Tostas Normais Retangulares,BIMBO,Emb. 0.1 KG,"1,24€","12,40€ / KG",
Tomates Inteiros Pelados C/ Sumo,ECO+,Emb. 0.449 KG,"0,49€","1,09€ / KG",
Deo Spray Invisible para Homem,SANEX,Emb. 0.2 LT,"2,39€","11,95€ / LT",
Tentáculos de Pota Descongelado,,1 Unid. = 1 KG (aprox.),"9,99€/kg","9,99€ / Unid.",
Fralda Cueca T5 12/18Kg,MOTS D'ENFANTS,Emb. 20 UNID.,"3,95€","0,20€ / UNID.",
CHOCOLATE PRETO C/ PEPITAS DE CARAMELO E FLOR DE SAL,EQUADOR,Emb. 0.1 KG,"1,19€","11,90€ / KG",
Pantene 3 Minute Miracle Cuidado Clássico,,Emb. 0.2 LT,"5,44€","27,20€ / LT",
Johnson\'s Loção para Crianças Bons Sonhos,JOHNSON'S BABY,Emb. 0.5 LT,"3,89€","7,78€ / LT",
Cuscus Aves e Salsichas Merguez,CÔTÉ TABLE,Emb. 0.98 KG,"4,65€","4,74€ / KG",
Pantene Volume & Brilho Champô 250 ml,,Emb. 0.25 LT,"3,74€","14,96€ / LT",
Ice Tea Limão 2x2lt,LIPTON,Emb. 4 LT,"4,99€","1,25€ / LT",
Bolachas Crocantes sem Glúten 2x125g,CHAQUE JOUR SANS GLUTEN,Emb. 0.25 KG,"2,99€","11,96€ / KG",
Luvas Universais S,VILEDA,Emb. 1 UNID.,"1,49€","1,49€ / UNID.",
Vinho Lambrusco Tinto,DELL'EMILIA,Garrafa 0.75 LT,"3,99€","5,32€ / LT",
Champô Repara e Protege com Biotina,TRESEMMÉ,Emb. 0.4 LT,"4,19€","10,48€ / LT",
Esfregão Verde Clássico Cuide das suas Mãos,SCOTCH BRITE,Emb. 2 UNID.,"1,77€","0,89€ / UNID.",
Xarope de Limão,FRUCCI,Garrafa 0.75 LT,"3,89€","5,19€ / LT",
Creme 6 Chocolate e 6 Baunilha 12x125 g,ECO+,Emb. 1.5 KG,"2,69€","1,79€ / KG",
Bolachas de Trigo e Sementes de Sésamo,NAT&VIE,Emb. 0.2 KG,"1,69€","8,45€ / KG",
BLOCO SANITARIO ANTI-TARTARO PINHO 3UN,ECO+,Emb. 3 UNID.,"0,99€","0,33€ / UNID.",
Pantene Creme de Pentear Sem Enxaguar Cabelo ondulado 270ml,PANTENE PV,Emb. 0.27 LT,"4,49€","16,63€ / LT",
BOLACHAS RECHEADAS C/ CHOCO TIPO KANGO,P'TIT DÉLI,Emb. 0.225 KG,"1,79€","7,96€ / KG",
Compota de Maçã e Pêra Biológica 4x100g,,Emb. 0.4 KG,"1,99€","4,98€ / KG",
PENSOS INCONTINENCIA U. FINOS NORMAL POCKET,CHORYS,Emb. 16 UNID.,"1,99€","0,12€ / UNID.",
ARROZ REDONDO ESPECIAL RISOTTO,COMPTOÍR DU GRAIN,Emb. 0.5 KG,"0,99€","1,98€ / KG",
MOLHO PIMENTA,RUSTICA,Emb. 0.3 LT,"1,39€","4,63€ / LT",
PAO HAMBURGUER BRIOCHE,EPI D'OR,Emb. 0.3 KG,"1,48€","4,93€ / KG",
Sopa Rabo de Boi 4 Porções,KNORR,Emb. 0.071 KG,"1,49€","20,99€ / KG",
Cerveja com Álcool 15x20cl,SUPER BOCK,Emb. 3 LT,"6,59€","2,20€ / LT",
Condicionador Suave Azeite de Moringa Dourada,HERBAL ESSENCES,Emb. 0.4 LT,"5,73€","14,33€ / LT",
Ketchup 473G,CALVÉ,Emb. 0.473 KG,"2,98€","6,30€ / KG",
Tomate Cacho,,1 Unid. = 0.2 KG (aprox.),"1,89€/kg","0,38€ / Unid.",
Tomato Frito,HEINZ,Emb. 0.35 KG,"1,19€","3,40€ / KG",
SYOSS OLEO INT. 4-18 CAST.PRALI,SYOSS,,"6,24€",/ Unid.,
Queijo Petit Brie,LES CROISÉS,Emb. 0.5 KG,"4,19€","8,38€ / KG",
TOSTAS FINAS SESAMO,EPI D'OR,Emb. 0.1 KG,"1,56€","15,60€ / KG",
QUEIJO EDAM FATIADO,ECO+,Emb. 0.5 KG,"3,55€","7,10€ / KG",
Favas Ultracongelados,IGLO,Emb. 0.7 KG,"3,99€","5,70€ / KG",
IOGURTE BIFIDUS COCO,DÉLISSE,Emb. 0.5 KG,"0,99€","1,98€ / KG",
Champô Cabelo Garnier Cereja e Amêndoa,ULTRA SUAVE,Emb. 0.25 LT,"3,55€","14,20€ / LT",
Doce de Morango Biológico,,Emb. 0.37 KG,"2,15€","5,81€ / KG",
Massa Letras Clássica,NACIONAL,Emb. 0.25 KG,"0,59€","2,36€ / KG",
Peito de Pato,,1 Unid. = 0.35 KG  (aprox.),"2,89€/kg","1,01€ / Unid.",
BACALHAU A BRAS 300G,CÔTÉ TABLE,Emb. 0.25 KG,"2,28€","9,12€ / KG",
Papel Higiénico Decorado,MARQUE REPERE,Emb. 12 UNID.,"3,29€","0,27€ / UNID.",
PANNA COTA COM BASE DE FRAMBOESA,EQUADOR,Emb. 0.24 KG,"1,99€","8,29€ / KG",
Coentros em Folhas,MARGÃO,Emb. 0.007 KG,"1,34€","191,43€ / KG",
SACO CONGELACAO PEQUENO,ELEMBAL,Emb. 50 UNID.,"0,79€","0,02€ / UNID.",
Vinho D'Alsace Pinot Gris A.O.C. 2014,REBMANN,Garrafa 0.75 LT,"5,99€","7,99€ / LT",
Alimento Húmido P/ Gato Mixed Grill,FELIX,Emb. 0.06 KG,"1,39€","23,17€ / KG",
Penso Incontinência Discreet Extra,AUSONIA,Emb. 20 UNID.,"3,89€","0,19€ / UNID.",
Iogurte Líquido Magro Morango 6 Unid.,MIMOSA,Emb. 1.05 LT,"2,69€","2,56€ / LT",
Guinness Cerveja da Irlanda Draught Stout,GUINNESS,Emb. 0.044 LT,"1,99€","45,23€ / LT",
Batatas Fritas Receita Camponesa,LAY'S,Emb. 0.25 KG,"2,49€","9,96€ / KG",
Moinho Pimenta Preta,MARGÃO,Emb. 0.035 KG,"3,99€","114,00€ / KG",
Vinho de Mesa Tinto,ECO+,Emb. 2 LT,"2,69€","1,35€ / LT",
Destop Manutenção de Canalizações Perfumado,DESTOP,Emb. 0.75,"5,99€","7,99€ /",
Papel Higiénico Extra XXL 2 Folhas,RENOVA,Emb. 24 ROLOS,"11,84€","0,49€ / ROLOS",
Cracker com Sal,PAVESI,Emb. 0.56 KG,"2,79€","4,98€ / KG",
BOLO DE SEMOLA C/ UVAS,DÉLISSE,Emb. 0.4 KG,"2,25€","5,63€ / KG",
Choco Inteiro Congelado,,1 Unid. = 0.2 KG (aprox.),"7,99€/kg","1,60€ / Unid.",
Pantene Frizz Control & Luminosidade Champô 250 ml,PANTENE PV,Emb. 0.25 LT,"3,74€","14,96€ / LT",
Gengibre Branco Moído,MARGÃO,Emb. 0.038 KG,"1,99€","52,37€ / KG",
BARQUETTES MORANGO BIO,,Emb. 0.12 KG,"1,79€","14,92€ / KG",
DANACOL LÍQUIDO COLESTEROL NOZ,DANACOL,Emb. 6 UNID.,"2,99€","0,50€ / UNID.",
Alimento Seco Gato Atum Legumes,PURINA FRISKIES,Emb. 0.4 KG,"2,19€","5,48€ / KG",
Limpa Máquinas,FAIRY,Emb. 2 UNID.,"5,93€","2,97€ / UNID.",
Café Torrado Puro Arabica Moído,,Emb. 0.5 KG,"3,99€","7,98€ / KG",
Inseticida Elétrico Melgas e Mosquitos + Recarga 23ML,DUM DUM,,"7,49€",/ Unid.,
Queijo Flamengo Barra,GRESSO,1 Unid. = 0.15 KG (aprox.),"7,99€/kg","1,20€ / Unid.",
VINAGRE CRISTAL BRANCO 0.75L,CRISTAL,,"1,29€",/ Unid.,
Feijão Frade Seco,NOTRE JARDIN,Emb. 0.5 KG,"0,99€","1,98€ / KG",
Cápsulas Descafeinado Espresso P/ Nespresso Intensidade 11,STARBUCKS,Emb. 10 CAPS.,"3,79€","0,38€ / CAPS.",
Creme Limpeza Original Multiusos,CIF,Emb. 0.7 LT,"2,49€","3,56€ / LT",
Faca Cozinha Office Bois,ARDENCE,1 UNID.,"1,55€","1,55€ / UNID.",
Crackers sem Sal na Superfície,GRAN PAVESI,Emb. 0.56 KG,"2,78€","4,96€ / KG",
GEL BARBEAR ANTI-IRRITACAO 200ML,CARRÉ HOMME,Emb. 0.2 LT,"1,68€","8,40€ / LT",
Desodorizante Roll-On Invisible 48H,REXONA,Emb. 0.05 LT,"2,39€","47,80€ / LT",
Amaciador Cabelo Fructis Adeus Danos,GARNIER,Emb. 0.2 LT,"4,61€","23,05€ / LT",
TARTELETES PURA MANTEIGA C/ COBERTURA MORANGO,P'TIT DÉLI,Emb. 0.127 KG,"1,44€","11,34€ / KG",
Amaciador Concentrado Flores do Campo,HYPERDOU,Emb. 72 DOSES,"1,69€","0,02€ / DOSES",
Sticks Dentários Cão Pequeno 7 Unid.,PLENIMA,Emb. 0.11 KG,"1,09€","9,91€ / KG",
RECARGA P/ SABONETE LIQUIDO AMENDOA/MEL 750ML,ECO+,Emb. 0.75,"1,25€","1,67€ /",
Sumo 100% Maçã Bio,,Emb. 1 LT,"1,19€","1,19€ / LT",
Aditivo Máquina Loiça Sal,CALGON,Emb. 1 KG,"1,38€","1,38€ / KG",
AMBIENTADOR MINI SPRAY LIRIO DOS VALES + RECARGA,BIEN AIR,Emb. 1 UNID.,"1,85€","1,85€ / UNID.",
Anona,,1 Unid. = 0.27 KG (aprox.),"5,99€/kg","1,62€ / Unid.",
AGUA PENTEAR SPRAY,VITANOVE,Emb. 0.15 LT,"1,49€","9,93€ / LT",
Sementes de Girassol,MARQUE REPERE,Emb. 0.2 KG,"0,99€","4,95€ / KG",
Massa Espirais Clássica,NACIONAL,Emb. 0.5 KG,"1,49€","2,98€ / KG",
Preparado Sopa Regular Legumes,KNORR,Emb. 0.063 KG,"1,49€","23,65€ / KG",
Luvas para Uso Doméstico Tamanho L,MAMISON,Emb. 1 UNID.,"0,69€","0,69€ / UNID.",
Alho Francês Embalado,,1 Unid. = 0.4 KG  (aprox.),"1,00€/kg","0,40€ / Unid.",
Caldo Galinha Vitalie 8 Cubos,KNORR,Emb. 0.08 KG,"1,49€","18,63€ / KG",
Recarga Máquina de Barbear Fusion 5,GILLETTE,Emb. 11 UNID.,"45,45€","4,13€ / UNID.",
Gengibre,,1 Unid. = 0.3 KG (aprox.),"4,99€/kg","1,50€ / Unid.",
DETERGENTE LIQUIDO PERFECT PRETO 25D,EPSIL,Emb. 25 DOSES,"1,89€","0,08€ / DOSES",
5 Cereais C/ Cereais Integrais,NESTUM,Emb. 0.25 KG,"1,49€","5,96€ / KG",
Queijo Flamengo S/ Lactose Fatias,PAIVA,Emb. 0.15 Kg,"1,69€","11,27€ / Kg",
Esfregona de Algodão,,Emb. 1 UNID.,"0,90€","0,90€ / UNID.",
Vinho do Porto Lágrima,RAMOS PINTO,Emb. 0.75 LT,"10,19€","13,59€ / LT",
Bolachas Recheadas Baunilha,P'TIT DÉLI,Emb. 0.154 KG,"0,85€","5,52€ / KG",
ACETONA,ECO+,Emb. 0.25 LT,"1,09€","4,36€ / LT",
BANDAS DEPILATORIAS CERA FRIA PELE SENSIVEL AXILA/VIRILHA 16UN,SLISS,Emb. 16 UNID.,"1,65€","0,10€ / UNID.",
Queijo Fatiado -50% Gordura 2X200 g,TERRA NOSTRA,Emb. 0.4 KG,"4,49€","11,23€ / KG",
AZEITONA VERDE S/CAROCO -25% TEOR SAL,RUSTICA,Emb. 0.335 KG,"1,39€","4,15€ / KG",
Ketchup Heinz Top Down 220 Ml,HEINZ,Emb. 0.22 LT,"2,29€","10,41€ / LT",
MANTEIGA D'ISIGNY DOP,NOS RÉGIONS ONT DU TALENT,Emb. 0.25 KG,"2,74€","10,96€ / KG",
Salsichão Cozido,,Emb. 0.4 KG,"2,49€","6,23€ / KG",
Caldo Natura de Galinha Pack 4,KNORR,Emb. 0.112 KG,"1,49€","13,30€ / KG",
LIMPA MOVEIS C/CERA AEROSSOL,CLAIR,Emb. 0.3 LT,"1,49€","4,97€ / LT",
Massa Margaridas com Vegetais,MILANEZA,Emb. 0.5 KG,"1,89€","3,78€ / KG",
Alimento Perle Húmido P/ Gato C/ Molho Frango e Vaca 4x85g,PURINA,Emb. 0.34 KG,"2,39€","7,03€ / KG",
Jardineira,NOBRE,Emb. 0.42 KG,"3,28€","7,81€ / KG",
Goiaba,,1 Unid. = 0.1 KG,"10,99€/kg","1,10€ / Unid.",
FEIJOADA TRANSMONTANA IZIDORO 420G,IZIDORO,Emb. 0.42 KG,"2,94€","7,00€ / KG",
Alheira de Mirandela,ANGELINA,Emb. 0.2 KG,"1,59€","7,95€ / KG",
BEBIDA AMENDOA BIO,,Emb. 1 LT,"2,22€","2,22€ / LT",
AUSONIA CUECAS INCONTINÊNCIA DISCREET PANTS NR TM 4X8,AUSONIA,,"5,99€",/ Unid.,
Massa Macarronete GR,MILANEZA,Emb. 0.5 KG,"1,45€","2,90€ / KG",
Camarão Cozido Cal. 20/30,,1 Unid. = 0.19 KG (aprox.),"14,99€/kg","2,85€ / Unid.",
Queijo Flamengo 1/4 Bola,AGROS,Emb. 0.35 KG,"3,16€","9,03€ / KG",
Tampões com Aplicador Compak Regular,TAMPAX,Emb. 22 UNID.,"3,99€","0,18€ / UNID.",
Iogurte Grego Açucarado,YAOS,Emb. 0.44 KG,"2,29€","5,20€ / KG",
Sumo de Toranja Rosa,JAFADEN,Emb. 1 LT,"1,39€","1,39€ / LT",
Pão de Leite Brioche 8Unid.,BIMBO,Emb. 0.28 KG,"2,49€","8,89€ / KG",
FEIJAO BRANCO 3X200G,NOTRE JARDIN,Emb. 0.6 KG,"1,49€","2,48€ / KG",
ESCOVA DE DENTES CRIANCA COM LUZ  +3 ANOS,PETIT DENTAMYL,Emb. 1 UNID.,"2,49€","2,49€ / UNID.",
Caldo de Galinha,KNORR,Emb. 0.084 KG,"1,39€","16,55€ / KG",
Tostas de 6 Cereais,EPI D'OR,Emb. 0.3 KG,"1,39€","4,63€ / KG",
KIT Escova De Dentes+Dentífrico+Copo 2-6 Anos Verde,PETIT DENTAMYL,Emb.1 1 UNID.,"2,49€","2,49€ / UNID.",
LENTILHA,NOTRE JARDIN,Emb. 0.8 KG,"1,59€","1,99€ / KG",
Refrigerante Mini C/ Gás Pack 12,COCA COLA,Emb. 1.8 LT,"6,24€","3,47€ / LT",
Conserva de Atum Albacore Inteiro 2x200g,PÊCHE OCÉAN,Emb. 0.4 KG,"3,39€","8,48€ / KG",
Almôndegas,NOBRE,Emb. 0.42 KG,"2,74€","6,52€ / KG",
Bebida em Pó Sabor Tropical,TANG,Emb. 0.03 KG,"0,83€","27,67€ / KG",
Pao De Forma Cerealia 14 Cereais,PANRICO,Emb. 0.435 KG,"1,92€","4,41€ / KG",
Chouriço Corrente 4x100gr,PRIMOR,Emb. 0.4 KG,"2,34€","5,85€ / KG",
Queijo Fresco Natural,ECO+,Emb. 0.36 KG,"0,99€","2,75€ / KG",
Cotonetes p/ Bebé,JOHNSON'S BABY,Emb. 200 UNID.,"2,99€","0,02€ / UNID.",
Caldo Culinário 24 Cubos,CALVÉ,Emb. 0.24 KG,"1,94€","8,08€ / KG",
Azeite Virgem Extra Seleção Ouro,OLIVEIRA DA SERRA,Garrafa 0.75 LT,"4,89€","6,52€ / LT",
Cereais de Espelta e Aveia 0% Açúcares,NESTUM,Emb. 0.25 KG,"1,49€","5,96€ / KG",
LAMINAS DUPLO SENTIDO 10UN  10UN CARRE HOMME,CARRÉ HOMME,,"0,90€",/ Unid.,
Caramelo Líquido,ROYAL,Emb. 0.4 KG,"2,49€","6,23€ / KG",
Bife da Vazia Novilho,,1 Unid. = 0.55 KG (aprox.),"16,99€/kg","9,34€ / Unid.",
Pastilhas de Limpeza para Próteses Dentárias,,Emb. 30 UNID.,"3,99€","0,13€ / UNID.",
COBERTURA TABUA DE ENGOMAR 122x45,ECO+,Emb. 1 UNID.,"4,49€","4,49€ / UNID.",
Azeites Verdes,OLIVEIRA DA SERRA,Garrafa 0.75 LT,"4,26€","5,68€ / LT",
ACHOCOLATADO EM PO 800G ECO+,ECO+,Emb. 0.8 KG,"2,55€","3,19€ / KG",
Chouriço Terra de Xisto,SNR,Emb. 0.25 KG,"3,65€","14,60€ / KG",
Salsichas Estrasburgo 10 Unid.,TRADILÈGE,Emb. 0.35 KG,"1,89€","5,40€ / KG",
Coloração Longa Duração Belle Color 3 Castanho Escuro,GARNIER,Emb. 1 UNID.,"4,49€","4,49€ / UNID.",
Bigburger de Peito de Frango 2 Unid.,IGLO,Emb. 0.227 KG,"3,06€","13,48€ / KG",
Alimento Seco P/ Gato Croquetes Salmão e Legumes,LYCAT,Emb. 2 KG,"3,99€","2,00€ / KG",
Amaciador Cabelos Hidra Caracóis Antifrisado,FRUCTIS,Emb. 0.2 LT,"3,99€","19,95€ / LT",
Paté de fígado de Pato e Sumo de Trufas Pretas do Périgord,NOS RÉGIONS ONT DU TALENT,Frasco 0.18 KG,"4,99€","27,72€ / KG",
Queijo Reblochon de Savoie,NRT/SRN,Emb. 0.45 KG,"6,49€","14,42€ / KG",
Banco de Apoio,,1 UNID.,"6,90€","6,90€ / UNID.",
OIKOS MAÇA CANELA 110G X4,OIKOS,Emb. 0.44 KG,"2,39€","5,43€ / KG",
Laca Elnett Latin Fixação Extra Forte,L'ORÉAL PARIS,Spray 0.3 LT,"4,49€","14,97€ / LT",
DETERGENTE MAQ LOICA PASTILHAS TOTAL+ 45UN,VISIOR,Emb. 45 UNID.,"4,49€","0,10€ / UNID.",
Sobremesa Natas do Céu 2x90g,REINA,Emb. 0.18 KG,"2,59€","14,39€ / KG",
Tablete de Chocolate Branco 4x100g,,Emb. 0.4 KG,"2,09€","5,23€ / KG",
Iogurte Soja Baunilha 4 Unid.,NAT&VIE,Emb. 0.4 KG,"1,34€","3,35€ / KG",
Milho C/ Sal,MARQUE REPERE,Emb. 0.2 KG,"0,99€","4,95€ / KG",
Flocos de Mel,MOTS D'ENFANTS,Emb. 0.75 KG,"2,99€","3,99€ / KG",
SPRAY LIMPA ESTOFOS 1 L 1L TECH9,TECH9,Emb. 1 LT,"3,19€","3,19€ / LT",
Éclair de Chocolate,,1 Unid. = 0.08 KG,"1,59€","19,88€ / KG",
Barras de Cereais de Chocolate C/ Leite 6 Unid.,NESQUIK,Emb. 0.15 KG,"3,29€","21,93€ / KG",
Água sem Gás,VITALIS,Garrafa 0.5 LT,"0,30€","0,60€ / LT",
Queijo Ralado 3 Queijos,LES CROISÉS,Emb. 0.15 KG,"1,69€","11,27€ / KG",
Tarte de Fruta Variada,,1 Unid. = 0.8 KG (aprox.),"11,99€/kg","9,59€ / Unid.",
Vinho Regional Douro Branco,QUINTA DA PACHECA,Garrada 0.75 LT,"4,99€","6,65€ / LT",
Conserva de Salsichas 8 Unid.,CÔTÉ TABLE,Lata 0.2 KG,"0,79€","3,95€ / KG",
Toalhitas Pele Sensível,MOTS D'ENFANTS,Emb. 63 UNID.,"1,29€","0,02€ / UNID.",
London Dry Gin,BEEFEATER,Garrafa 0.7 LT,"16,99€","24,27€ / LT",
Café Torrado Moído,PLANTATION,Emb. 0.25 KG,"1,69€","6,76€ / KG",
CREPES DA BRETANHA COM CHOCOLATE PRETO,NOS RÉGIONS ONT DU TALENT,Emb. 0.1 KG,"1,49€","14,90€ / KG",
DROPS MENTA,COPAÍNS COPINES,Emb. 0.25 KG,"0,99€","3,96€ / KG",
CROQUETES CARNE DE VACA/FIGADO/LEG 400G LYCAT,LYCAT,Emb. 0.4 KG,"0,99€","2,48€ / KG",
Desodorizante Roll On Black & White Active,NIVEA,Emb. 0.05 L,"3,55€","71,00€ / L",
SABONETE SOLIDO F. TIARE/ORQUIDEA,MANAVA,Emb. 0.1 KG,"0,59€","5,90€ / KG",
Desodorizante Roll-On Shower Fresh,REXONA,Emb. 0.05 LT,"2,69€","53,80€ / LT",
Salsicha Frankfurt,CAMPOFRIO,Emb. 0.14 KG,"0,79€","5,64€ / KG",
Esparguete,ECO+,Emb. 0.5 KG,"0,65€","1,30€ / KG",
Iogurte Sólido Proteíco Coco Lindahls,NESTLÉ,Emb. 0.15 KG,"1,09€","7,27€ / KG",
Coentros Moídos,MARGÃO,Emb. 0.04 KG,"2,09€","52,25€ / KG",
Refrigerante S/ Gás Laranja,ECO+,Garrafa 2 LT,"0,79€","0,40€ / LT",
Ervilhas e Cenouras Extra Finas,NOTRE JARDIN,Emb. 0.8 KG,"2,09€","2,61€ / KG",
Alimento Seco P/ Gato Premium Esterilizados,PLENIMA,Emb. 0.45 KG,"1,59€","3,53€ / KG",
Tablete Chocolate Preto Culinária,,Emb. 0.1 KG,"0,85€","8,50€ / KG",
Vinho do Porto Dona Antonia,FERREIRA,Emb. 0.75 LT,"10,99€","14,65€ / LT",
Vinho Verde Branco,GAZELA,Garrafa 0.75 LT,"2,79€","3,72€ / LT",
Espirais,ECO+,Emb. 1 KG,"1,49€","1,49€ / KG",
"GEL DUCHE ""SEDUCAO"" 250ML CARRE HOMME",CARRÉ HOMME,,"0,97€",/ Unid.,
Sumo 8 Frutos 3x20 cl,UM BONGO,Emb. 0.6 LT,"1,39€","2,32€ / LT",
DISCOS P/DESMAQUILHAR INELL 70U,INELL,Emb. 70 UNID.,"0,85€","0,01€ / UNID.",
Tigela de Vidro 14cm,,1 UNID.,"0,99€","0,99€ / UNID.",
Caixa Hermética Quadrada em Vidro 9cm,,1 UNID.,"1,40€","1,40€ / UNID.",
Ice Tea Manga Ananás,NESTEA,Emb. 1.5 LT,"1,00€","0,67€ / LT",
Bolachas Tosta Rica,CUÉTARA,Emb. 0.57 KG,"2,72€","4,77€ / KG",
SNACK MAÇÃ AMENDOIM FRUUT 40G,,Emb. 0.04 KG,"0,98€","24,50€ / KG",
GLADE T&F RECARGA LAVANDER,BRISE,Emb. 0.01 LT,"2,09€","209,00€ / LT",
Snack Chocolate Leite,LION,Emb. 0.042 KG,"0,69€","16,43€ / KG",
Massa Macarronete Riscado,MILANEZA,Emb. 0.5 KG,"1,19€","2,38€ / KG",
A.O.C. Costieres de Nimes Rose,RIVES ET TERRASSES,Garrafa 0.75 LT,"3,89€","5,19€ / LT",
Dum Dum Elétrico Melgas e Mosquitos 18ml,DUM DUM,,"5,44€",/ Unid.,
Vinho Regional Alentejo Tinto,LOIOS,Garrafa 0.75 LT,"2,99€","3,99€ / LT",
MOUSSE BOVINO E AVES P/ GATO BIO 200G,PLENIMA,Emb. 0.2 KG,"1,50€","7,50€ / KG",
Molho César para Salada,HELLMANN'S,Emb. 0.21 LT,"2,19€","10,43€ / LT",
Tablete Chocolate Culinária,PANTAGRUEL,Emb. 0.2 KG,"1,79€","8,95€ / KG",
Baton Watermelon Shine,LABELLO,Emb. 0.055 KG,"3,66€","66,55€ / KG",
Alimento Húmido P/ Gato C/ Carne de Vaca e Frango,GOURMET GOLD,Emb. 0.085 KG,"0,75€","8,82€ / KG",
Feijão Verde Extra Finos Ultracongeladas,NOTRE JARDIN,Emb. 1 KG,"1,95€","1,95€ / KG",
Chá Ervas Noite Tranquila,LIPTON,Emb. 0.03 KG,"1,94€","64,67€ / KG",
Tablete de Chocolate de Leite para Culinária,TABLETTE D'OR,Emb. 0.17 KG,"1,55€","9,12€ / KG",
Barras de Cereais Aveia e Chocolate sem Glúten 6Unid.,CHAQUE JOUR SANS GLUTEN,Emb. 0.138 KG,"2,19€","15,87€ / KG",
"ARROZ VAPORIZADO  Novaroz D'EL REI,,1KG",NOVARROZ,,"1,28€",/ Unid.,
Esparguete Clássica,NACIONAL,Emb. 0.5 KG,"0,78€","1,56€ / KG",
Leite Crescimento Júnior 1+ Bolacha Maria,NESTLÉ,Emb. 1 LT,"2,48€","2,48€ / LT",
Lixívia em Gel Pink,DOMESTOS,Emb. 0.75 LT,"1,79€","2,39€ / LT",
CREME DEPILATORIO DE DUCHE,SLISS,Emb. 0.25 LT,"3,99€","15,96€ / LT",
Bebida de Soja 0%,SHOYCE,Emb. 1 LT,"1,48€","1,48€ / LT",
Refrigerante S/ Gás Romã,JAFADEN,Emb. 1 LT,"1,85€","1,85€ / LT",
Cápsulas Delta Q Café Qharisma 10 Unidades,DELTA Q,Emb. 10 UNID.,"2,99€","0,30€ / UNID.",
Gelado Fizz Limão 6 Unid.,OLÁ,Emb. 0.36 LT,"2,99€","8,31€ / LT",
Chá Exotic Passion,LIPTON,Emb. 20 SAQS,"1,94€","0,10€ / SAQS",
Jesuíta,,1 UNID.,"0,85€","0,85€ / UNID.",
MADALENAS CONCHAS,NOS RÉGIONS ONT DU TALENT,Emb. 0.33,"2,59€","7,85€ /",
Preparado Sopa de Cebola Económica,KNORR,Emb. 0.05 KG,"1,09€","21,80€ / KG",
Creme Depilatório Pele Sensível,SILISS,Emb. 0.2 LT,"2,75€","13,75€ / LT",
Alimento Completo Cereais P/ Canários,TOUS MES AMIS,Emb. 1 KG,"2,99€","2,99€ / KG",
Massa Concha,MILANEZA,Emb. 0.5 KG,"1,19€","2,38€ / KG",
COLORACAO VEGETAL CASTANHO ESCURO BIO,BIONAÏA,Emb. 1 UNID.,"6,99€","6,99€ / UNID.",
GELATINA MANGA LARANJA LIGHT CONDI 2X15G,CONDI,Emb. 0.3 KG,"1,44€","4,80€ / KG",
Miolo de Camarão 80/100 Ultracongelado,PESCANOVA,Emb. 0.35 KG,"7,19€","20,54€ / KG",
"Caixa Hermética Redonda 20,5cm",DURALEX,1 UNID.,"4,60€","4,60€ / UNID.",
ALIMENT BEBE: FRUTA DO POMAR BIO 4M,BIO VILLAGE BEBE,Emb. 0.4 KG,"1,78€","4,45€ / KG",
Infusão Chá Verde Sabor Menta,FRESH TEA,Emb. 1 LT,"1,19€","1,19€ / LT",
Alimento Seco P/ Cão Croquetes Sénior,LYDOG,Emb. 3 KG,"4,49€","1,50€ / KG",
Detergente Loiça Manual Original Ultra,FAIRY,Emb. 1.41 LT,"4,19€","2,97€ / LT",
Arroz Tufado Chocolate,P'TIT DÉLI,,"1,38€",/ Unid.,
Miolo de Camarão Ultracongelado,PESCANOVA,Emb. 0.2 KG,"4,56€","22,80€ / KG",
FAIRY LIMÃO 340ML,FAIRY,Emb. 0.34 LT,"1,28€","3,76€ / LT",
Refrigerante S/ Gás Ananás,JAFADEN,Emb. 1.5 L,"0,99€","0,66€ / L",
Saladeira Vidro 23cm,,1 P,"1,95€","1,95€ / P",
Creme Dia Q10Plus Anti-Rugas Pele Mista,NIVEA,Emb. 0.05 LT,"15,99€","319,80€ / LT",
Bandas Depilatórias Cera Fria,SILISS,Emb. 40 UNID.,"3,25€","0,08€ / UNID.",
Atum Inteiro,,1 Unid. = 3 KG (aprox.),"9,99€/kg","29,97€ / Unid.",
Lichias em Calda,GLOBO,Emb. 0.565 KG,"2,37€","4,19€ / KG",
Ervilhas Ultracongelado,IGLO,Emb. 1.125 KG,"5,41€","4,81€ / KG",
Chouriço Extra,DAMATTA,Emb. 0.2 KG,"2,99€","14,95€ / KG",
Costeletas do Acém Novilho,,1 Unid. = 0.4 KG (aprox.),"8,99€/kg","3,60€ / Unid.",
Conserva de Atum em Óleo Girassol,PÊCHE OCÉAN,Emb. 0.12 KG,"0,99€","8,25€ / KG",
PEDACINHOS ATUM COM TOMATE 3X80G,PÊCHE OCÉAN,Emb. 0.24 KG,"2,06€","8,58€ / KG",
Creme de Chocolate Preto 4x125g,DÉLISSE,Emb. 0.5 KG,"1,59€","3,18€ / KG",
"Cuvete de Alumínio 5x1,5L",ELEMBAL,Emb. 5 UNID.,"1,99€","0,40€ / UNID.",
FILETE AFIAMBRADO MINI,CAMPO FINO,Emb. 0.35 KG,"1,85€","5,29€ / KG",
Cogumelo Marron,,Emb. 0.3 KG,"1,99€","6,63€ / KG",
Bolachas Roscayema Sabor Laranja,CUÉTARA,Emb. 0.225 KG,"1,38€","6,13€ / KG",
Queijo de Cabra Rústico Saloio,PALHAIS DE PORTUGAL,1 Unid. = 0.25 KG (aprox.),"16,99€/kg","4,25€ / Unid.",
Conserva de Atum Assado à Algarvia,RAMIREZ,Emb. 0.12 KG,"1,49€","12,42€ / KG",
Caneca 40cl Preto,ARDENCE,1 UNID.,"1,50€","1,50€ / UNID.",
LIMPA VIDROS ECOLOGICO 750ML UNI VERT,UNÍ VERT,Emb. 0.75 LT,"1,79€","2,39€ / LT",
Café Cápsulas aQtivus Intensidade 8,DELTA,Emb. 10 CAPS.,"2,99€","0,30€ / CAPS.",
Pet Expert Espuma de Limpeza,VANISH,Emb. 1 UNID.,"5,84€","5,84€ / UNID.",
Queijo Fundido,A VACA QUE RI,Emb. 0.14 KG,"1,99€","14,21€ / KG",
Néctar Vital Frutos Vermelhos 3x20 cl,COMPAL,Emb. 0.6 LT,"1,59€","2,65€ / LT",
Vinho Tinto,COMP DO VINHO,Bag in Box 5 LT,"4,69€","0,94€ / LT",
PALMIERS C/ COBERTURA CHOCOLATE,P'TIT DÉLI,Emb. 0.23 KG,"1,59€","6,91€ / KG",
Laca Cabelos Normais,ELNETT,Emb. 0.3 LT,"4,49€","14,97€ / LT",
Leite Bem Essencial C/ Polpa de Morango 4 Unid.,MIMOSA,Emb. 0.8 LT,"1,89€","2,36€ / LT",
Gel de Banho Lúcia-Lima e Limão,VASELINE,Emb. 0.7 LT,"2,99€","4,27€ / LT",
Alimento P/ Gato Adulto P/Saúde do Trato Urinário,PURINA ONE,Emb. 0.8,"6,64€","8,30€ /",
Pantene Aqua Light Champô,PANTENE PV,Emb. 0.25 LT,"3,79€","15,16€ / LT",
Presunto sem Osso,PROBAR,1 Unid. = 1 KG (aprox.),"15,99€/kg","15,99€ / Unid.",
COUVE FLOR,RUSTICA,Emb. 0.36 KG,"1,69€","4,69€ / KG",
Compota de Maçã Banana 4x90g,DOUCEUR DU VERGER,Emb. 0.36 KG,"1,99€","5,53€ / KG",
BEBIDA SOJA FRUTOS VERMELHOS,ALPRO,Emb. 1 LT,"1,89€","1,89€ / LT",
Queijo Ralado Mozzarella Especial Pizza,PRÉSIDENT,Emb. 0.15 KG,"2,29€","15,27€ / KG",
Alimento Seco para Gato Carne e Cereais,ECO+,Emb. 2 KG,"2,99€","1,50€ / KG",
Azeite Virgem Clássico,SERRATA,Garrafa 0.75 LT,"3,99€","5,32€ / LT",
Pastilha Elástica Senses Sabor Melancia 3x23g,TRIDENT,Emb. 0.069 KG,"2,59€","37,54€ / KG",
Recarga Ambientador Smooth Satin & Moon Lilly,AIRWICK,Emb. 1 UNID.,"3,59€","3,59€ / UNID.",
Pão de Forma com Códea Especial Torradas,PANRICO,Emb. 0.75 KG,"1,59€","2,12€ / KG",
Conserva de Feijão Frade da Horta,COMPAL,Lata 0.42 KG,"0,99€","2,36€ / KG",
Conjunto 6 Copos Vinho Sept 19cl,ARDENCE,6 UNID.,"4,95€","0,83€ / UNID.",
Gelado Stracciatella,CARTE D'OR,Emb. 0.9 LT,"3,29€","3,66€ / LT",
Queijo Fresco para Barrar Alho e Ervas,FRESQUINHO,Emb. 0.125 KG,"1,25€","10,00€ / KG",
Água Perfumada para Engomar,COMFORT,Emb. 1 LT,"1,49€","1,49€ / LT",
Alho Seco,,1 Unid. = 0.1 KG (aprox.),"5,99€/kg","0,60€ / Unid.",
Pepitas de Chocolate,TABLIER BLANC,Emb. 0.1 KG,"1,99€","19,90€ / KG",
Alimento Húmido Gato Completo 6x410g,LYCAT,Emb. 6 UNID.,"3,65€","0,61€ / UNID.",
Arroz Carolino,BELMONTE,Emb. 1 KG,"0,99€","0,99€ / KG",
Arrumação de Talheres,ARDENCE,1 UNID.,"3,99€","3,99€ / UNID.",
Água sem Gás,LUSO,Garrafão 5.4 LT,"1,35€","0,25€ / LT",
AXE Gel de Bnaho Green Mojito 400ml,AXE,Emb. 0.4 LT,"3,29€","8,23€ / LT",
Moscatel de Setúbal,BACALHÔA,Garrafa 0.75 LT,"5,99€","7,99€ / LT",
Molho de Nata Carne,MIMOSA,Emb. 0.2 LT,"0,98€","4,90€ / LT",
PURE MACA/RUIBARBO BAIXO TEOR ACUCAR,DOUCEUR DU VERGER,Emb. 0.4 KG,"1,34€","3,35€ / KG",
Infusão Aromático Biológico,,Emb. 0.03 KG,"0,99€","33,00€ / KG",
LACOS SECOS,P'TIT DÉLI,Emb. 0.18 KG,"1,49€","8,28€ / KG",
Chouriço de Carne Serra da Estrela,QUINTA DE JUGAIS,Emb. 0.29 KG,"4,19€","14,45€ / KG",
Pimento Verde,,1 Unid. = 0.19 KG (aprox.),"1,85€/kg","0,35€ / Unid.",
Sumo 100% Laranja,JAFADEN,Emb. 2 LT,"2,75€","1,38€ / LT",
PAIO YORK FATIADO,CAMPO FINO,Emb. 0.15 KG,"1,59€","10,60€ / KG",
TARTE MORANGO  NATA,P'TIT DÉLI,Emb. 0.3 KG,"2,79€","9,30€ / KG",
Bolinhas com Pepitas,P'TIT DÉLI,Emb. 0.24 KG,"1,29€","5,38€ / KG",
Cominhos Moídos,RUSTICA,Frasco 0.035 KG,"0,54€","15,43€ / KG",
Vinho do Porto 10 Anos,FERREIRA,Garrafa 0.75 LT,"14,99€","19,99€ / LT",
Limpa Fornos,FORZA,Emb. 0.3 LT,"3,29€","10,97€ / LT",
Café Solúvel Liofilizado,ECO+,Emb. 0.2 KG,"2,72€","13,60€ / KG",
Esparguete,TURINI,Emb. 1 KG,"1,39€","1,39€ / KG",
Cerveja sem Álcool Preta 6x33cl,SUPER BOCK,Emb. 1.98 LT,"4,49€","2,27€ / LT",
Champô,TRESEMMÉ,Emb. 0.4 LT,"4,19€","10,48€ / LT",
Vinho Regional Península de Setúbal Tinto,VALE BARRIS,Garrafa 0.75 LT,"1,99€","2,65€ / LT",
Gin London Dry,TANQUERAY,Garrafa 0.7 LT,"21,49€","30,70€ / LT",
CONE NATA MORANGO 6UN,SMICY,Emb. 0.12 LT,"1,99€","16,58€ / LT",
Favas Ultracongeladas,,Emb. 0.4 KG,"0,99€","2,48€ / KG",
Farinha sem Fermento Integral,NACIONAL,Emb. 1 KG,"1,19€","1,19€ / KG",
"AQUAFRESH ELIXIR INTENSE CLN,,500ML",AQUAFRESH,,"5,63€",/ Unid.,
Bebida Láctea para Gatinhos 3x200ml,LYCAT,Emb. 3 UNID.,"2,38€","0,79€ / UNID.",
Nata para Bater,PARMALAT,Emb. 0.2 KG,"1,06€","5,30€ / KG",
Papa Infantil Leite e 8 Cereais e Mel,CERELAC,Emb. 0.4 KG,"1,84€","4,60€ / KG",
Tira Gorduras Perfumado,MISTOLIN,Emb. 0.545 LT,"2,44€","4,48€ / LT",
Escova Esqueleto Grande,,Emb. 1 UNID.,"3,99€","3,99€ / UNID.",
Caixa de Arrumação com Tampa 18L Transparente,,1 UNID.,"4,20€","4,20€ / UNID.",
SAUCE POIVRE VERT,RUSTICA,Emb. 0.03 KG,"0,45€","15,00€ / KG",
Pão de Forma Integral Sem Côdea,BIMBO,Emb. 0.45 KG,"1,69€","3,76€ / KG",
Caramelos de Leite,COPAÍNS COPINES,Emb. 0.25 KG,"1,19€","4,76€ / KG",
Mistura C/ Goji,MARQUE REPERE,Emb. 0.2 KG,"2,99€","14,95€ / KG",
Bebida soja Banana 3x250ml,ALPRO,Emb. 0.75 LT,"1,79€","2,39€ / LT",
Raia Posta,,1 Unid. = 0.53 KG (aprox.),"7,69€/kg","4,08€ / Unid.",
Snack Batata Frita Sabor Bacon,TOKAPI,Emb. 0.17 KG,"1,95€","11,47€ / KG",
Nuggets Peito de Frango Ultracongelado,CAPITÃO IGLO,Emb. 0.208 KG,"4,59€","22,07€ / KG",
"SALSICHAO SECO ""PUR PORC"" MINI",ST AZAY,Emb. 0.075 KG,"1,39€","18,53€ / KG",
PATE PEIXE P/ GATO 100G ECO+,ECO+,Emb. 0.1 KG,"0,27€","2,70€ / KG",
Lima,,1 Unid. = 0.08 KG (aprox.),"3,37€/kg","0,27€ / Unid.",
Papa Infantil,CERELAC,Emb. 0.5 KG,"2,88€","5,76€ / KG",
Cápsulas Delta Q Café Epic 10 unidades,DELTA Q,Emb. 0.055 KG,"3,39€","61,64€ / KG",
Mão de Coelho,,1 Unid. = 0.5 KG (aprox.),"6,99€/kg","3,50€ / Unid.",
Bolachas Original,OREO,Emb. 0.22 KG,"1,65€","7,50€ / KG",
Caldo Culinário 16 cubos,KNORR,Emb. 0.16 KG,"1,39€","8,69€ / KG",
Licor,SHERIDAN'S,Garrafa 0.5 LT,"17,99€","35,98€ / LT",
Alimento Seco P/ Gato Vital Coelho e Frango,PURINA FRISKIES,Emb. 0.4 KG,"2,19€","5,48€ / KG",
Faca de Cozinha 17cm,PRADEL,1 UNID.,"7,25€","7,25€ / UNID.",
Refrigerante C/ Gás Laranja,FANTA,Lata 0.33 LT,"0,69€","2,09€ / LT",
Tostas de Trigo,EPI D'OR,Emb. 0.9 KG,"3,12€","3,47€ / KG",
Maruca Inteira Congelada,,1 Unid. = 0.8 KG (aprox.),"12,95€/kg","10,36€ / Unid.",
Champô para Cabelo Pintado,TRESEMMÉ,Emb. 0.4 LT,"4,19€","10,48€ / LT",
Sabonete Líquido para as Mãos de Coco,DOVE,Emb. 0.25 LT,"2,59€","10,36€ / LT",
Alho C/ Moinho,MARGÃO,Emb. 0.028 KG,"3,99€","142,50€ / KG",
QUEIJO PARMIGIANO REGGIANO DOP 30MESES,TRADIZIONI D'ITALIA,Emb. 0.2 KG,"5,49€","27,45€ / KG",
Cogumelo Branco Inteiro,,Emb. 0.3 KG,"1,69€","5,63€ / KG",
Iogurte Actifidus sabor Limão 4x125gr,DÉLISSE,Emb. 0.5 KG,"0,99€","1,98€ / KG",
Conserva de Feijão Preto,COMPAL,Lata 0.845 KG,"1,59€","1,88€ / KG",
Pizza Cozida na Pedra Frango Assado,TURINI,Emb. 0.4 KG,"2,09€","5,23€ / KG",
Alheira da Caca de Trancoso,SNR,Emb. 0.2 KG,"1,89€","9,45€ / KG",
Lápis para Colorir,ESQUISSE,,"2,29€",/ Unid.,
PAES PITA X6,EPI D'OR,Emb. 0.4 KG,"1,35€","3,38€ / KG",
Açúcar em Pó 100 saquetas,TÉVA,Emb. 0.5 KG,"1,59€","3,18€ / KG",
Panquecas Blinis 8 Unidades,RONDE DES MERS,Emb. 0.16 KG,"1,49€","9,31€ / KG",
Tablete Milka Leite,MILKA,Emb. 0.1 KG,"1,69€","16,90€ / KG",
"Passador 2,5L",BLANC CERISE,1 UNID.,"1,10€","1,10€ / UNID.",
Gel de Banho Naturals Leite e Mel,PALMOLIVE,Emb. 0.5 LT,"2,69€","5,38€ / LT",
Óleo Alimentar,RUSTICA,Garrafão 3 LT,"8,25€","2,75€ / LT",
Néctar Clássico Pera Rocha 3x20 cl,COMPAL,Emb. 0.6 LT,"1,39€","2,32€ / LT",
Iogurte Soja Framboesa 4 Unid.,NAT&VIE,Emb. 0.4 KG,"1,49€","3,73€ / KG",
Creme Corporal Pele Seca Refirmante Q10,NIVEA BODY,Emb. 0.25 LT,"4,99€","19,96€ / LT",
Barrinhas P/ Canários sabor a Mel,TOUS MES AMIS,Emb. 0.06 KG,"1,29€","21,50€ / KG",
Queijo de Vaca Cabra Ovelha Curado,SALOIO,Emb. 0.19 KG,"2,96€","15,58€ / KG",
CONDICIONADOR ALISANTE,VITANOVE,Emb. 0.2 LT,"1,19€","5,95€ / LT",
Crakers Sabor a Queijo,TUC,Emb. 0.1 KG,"1,19€","11,90€ / KG",
Bolachas Recheadas Mini,OREO,Emb. 0.16 KG,"1,65€","10,31€ / KG",
Bolachas Digestivas Chocolate,TRIUNFO,Emb. 0.195 KG,"1,99€","10,21€ / KG",
Bife Bourguignon com Batatas,CÔTÉ TABLE,Emb. 0.3 KG,"2,49€","8,30€ / KG",
Jardineira de 3 Legumes,,Emb. 0.4 KG,"0,59€","1,48€ / KG",
"SPRAY AMBIENTADOR ""FRUTOS VERMELHOS"" 300ML",BIEN AIR,Emb. 0.3 LT,"0,99€","3,30€ / LT",
Chocolate Choco Waffel Leite,MILKA,Emb. 0.18 KG,"1,99€","11,06€ / KG",
Rosegones Biscoitos de Amêndoa,P'TIT DÉLI,Emb. 0.25 KG,"1,69€","6,76€ / KG",
Cereais de Aveia Integral,FITNESS,Emb. 0.625 KG,"4,19€","6,70€ / KG",
Snacks de Batata Sabor a Cebola,TOKAPI,Emb. 0.17 KG,"1,85€","10,88€ / KG",
AUSONIA ORG COTTON NOITE ABAS,AUSONIA,Emb. 90 UNID.,"2,54€","0,03€ / UNID.",
Lava Tudo Novo Brilho Camomila e Flor de Laranjeira,SONASOL,Emb. 1.3 LT,"2,09€","1,61€ / LT",
Pastilhas 2 em 1 Protege e Limpa,CALGON,Emb. 15 UNID.,"6,99€","0,47€ / UNID.",
LEITE DE COCO,TABLES DU MONDE,Emb. 0.4,"1,49€","3,73€ /",
Esponja Ativa,,Emb. 1 UNID.,"0,99€","0,99€ / UNID.",
Cápsulas Café Macchiato Caramelo P/ Dolce Gusto,STARBUCKS,Emb. 12 CAPS.,"4,64€","0,39€ / CAPS.",
Vinho Regional Alentejo Tinto,MONTE VELHO,Garrafa 0.75 LT,"3,69€","4,92€ / LT",
Condicionador Nature Moments Argão e Óleo de Macadamia,SCHWARZKOPF,Emb. 0.2 LT,"3,46€","17,30€ / LT",
Dentífrico Cuidado Diário,PARODONTAX,Emb. 0.075 LT,"5,59€","74,53€ / LT",
Presunto Fatiado Suave Sabor,NOBRE,Emb. 0.07 KG,"1,92€","27,43€ / KG",
Whisky Cutty Sark,CUTTY SARK,Garrafa 0.7 LT,"11,49€","16,41€ / LT",
Alimento Seco Cão Croquetes Carne,ECO+,Emb. 4 KG,"4,69€","1,17€ / KG",
Refrigerante C/ Gás Zero Açúcar Zero Cafeína,COCA-COLA,Lata 0.33 LT,"0,75€","2,27€ / LT",
MOLHO PARA BATATAS FRITAS,RUSTICA,Emb. 0.919 KG,"3,96€","4,31€ / KG",
Faca de Cozinha Cuisine 13cm,ARDENCE,1 UNID.,"6,99€","6,99€ / UNID.",
Sumo de Arando Bio,,Emb. 1 LT,"1,79€","1,79€ / LT",
SNACK BATATA SALGADA S/ GLUTEN,CHAQUE JOUR SANS GLUTEN,Emb. 0.17 KG,"1,89€","11,12€ / KG",
Mortadela com Azeitonas,CHARCUTARIA,1 Unid. = 0.1 KG (aprox.),"4,99€/kg","0,50€ / Unid.",
Recarga Ambientador Elétrica White Bouquet,AIR WICK,Emb. 0.019 LT,"3,59€","188,95€ / LT",
Duc de Borzac Armagna V.S.O.P,DUC DE BORZAC,Garrafa 0.7 LT,"14,99€","21,41€ / LT",
Detergente Manual em Pó,TIDE,Emb. 0.6 KG,"1,78€","2,97€ / KG",
Cenourinhas Extra Finas,NOTRE JARDIN,Emb. 0.4 KG,"0,89€","2,23€ / KG",
Whisky,JAMESON,Garrafa 0.7 LT,"15,94€","22,77€ / LT",
Tablete de Chocolate Preto Praline com Pepitas de Avelã,EQUADOR,Emb. 0.15 KG,"1,55€","10,33€ / KG",
Toalhitas Íntimas Suaves,CORINE DE FARME,Emb. 10 UNID.,"1,64€","0,16€ / UNID.",
Leite de Crescimento 4,NAN,Emb. 0.8 KG,"11,06€","13,83€ / KG",
Refrigerante C/Gás Cola 6 Unid.,JEAN'S,Lata 1.98 ML,"2,89€","1,46€ / ML",
Chouriço Alentejano,DAMATTA,Emb. 0.225 KG,"3,54€","15,73€ / KG",
Gelado de Yoghurt & Forest Fruit,CARTE D'OR,Emb. 1 LT,"3,29€","3,29€ / LT",
Pão de Hambúrguer com Sementes de Sésamo 4 Unidades,BIMBO,Emb. 0.22 KG,"1,25€","5,68€ / KG",
Pincel de Maquilhagem em Pó de Bolso,,Emb. 1 UNID.,"3,99€","3,99€ / UNID.",
Refrigerante C/ Gás Lima Limão,ECO+,Garrafa 2 LT,"0,79€","0,40€ / LT",
Gel de Banho Purely Pampering,DOVE,Emb. 0.75 LT,"4,79€","6,39€ / LT",
Chocolate de Leite Triplo Caramelo,MILKA,Emb. 0.09 KG,"1,59€","17,67€ / KG",
Aguardente Aldeia Velha 70cl,,,"11,99€",/ Unid.,
Conserva de Milho Doce,BONDUELLE,Lata 0.3 KG,"1,58€","5,27€ / KG",
Aletria,NACIONAL,Emb. 0.5 KG,"1,49€","2,98€ / KG",
PENSOS HIGIENICOS NORMAL C/ ALAS ECOLOGICOS 14UN,UNÍ VERT,Emb. 14 UNID.,"1,35€","0,10€ / UNID.",
Million Gloss Hair Repair 250ml,GLISS,Emb. 0.25 LT,"3,95€","15,80€ / LT",
Detergente em Pó p/ Máquina de Roupa,SURF,Emb. 92 DOSES,"12,49€","0,14€ / DOSES",
Salpicão de Trancoso,SNR,Emb. 0.275 KG,"3,99€","14,51€ / KG",
Cereais Chooks,NACIONAL,Emb. 0.3 KG,"1,69€","5,63€ / KG",
"Tisana Silhueta de Cavalinha, Erva Príncipe e Gengibre",LIPTON,Emb. 0.028 KG,"1,94€","69,29€ / KG",
Leite UHT Meio Gordo,GRESSO,Emb. 1 LT,"0,84€","0,84€ / LT",
Queijo de Cabra Curado,QUINTA DO OLIVAL,1 Unid. = 1 KG,"9,99€/kg","9,99€ / Unid.",
Conserva Macedónia de Legumes,NOTRE JARDIN,Lata 0.53 KG,"1,59€","3,00€ / KG",
Ice Tea de Pêssego Lata 6x25cl,LIPTON,Emb. 1.5 LT,"3,38€","2,25€ / LT",
Conjunto 3 Copos Baixos Najac 27cl,ARDENCE,3 UNID.,"2,10€","0,70€ / UNID.",
Creme Smooth Milk Pele Seca,NIVEA,Emb. 0.25 LT,"5,49€","21,96€ / LT",
Fraldas Bebé T4 Ultra Confort 7/18 Kg,MOTS D'ENFANTS,Emb. 44 UNID.,"6,25€","0,14€ / UNID.",
Tarama com Salmão Fumado,RONDE DES MERS,Emb. 0.1 KG,"1,39€","13,90€ / KG",
Pevides de Girassol C/ Casca C/ Sal,MARQUE REPERE,Emb. 0.2 KG,"1,25€","6,25€ / KG",
Fermento em Pó,ROYAL,Lata 0.226 KG,"3,59€","15,89€ / KG",
LULAS CALDEIRADA  120 Gr. P.liq.  Ramirez,RAMIREZ,,"1,29€",/ Unid.,
Deo Roll-On 0% Sensitive,SANEX,Emb. 0.05 LT,"3,23€","64,60€ / LT",
Creme Hidratante Dia Age Perfect,DERMO EXPERTISE,Emb. 0.05 LT,"15,99€","319,80€ / LT",
Picanha de Porco,,1 Unid. = 0.2 KG (aprox.),"13,99€/kg","2,80€ / Unid.",
Creme Activo com Lixívia,CIF,Emb. 0.5 LT,"1,89€","3,78€ / LT",
Néctar Multifruits,ECO+,Emb. 2 LT,"1,29€","0,65€ / LT",
Iogurte Líquido Baunilha Cookies,DANONE,Emb. 0.3 KG,"1,89€","6,30€ / KG",
Insecticida Lavanda Fresca,RAID,Emb. 2 UNID.,"3,34€","1,67€ / UNID.",
Vinho Regional Península de Setúbal Branco,ADEGA DE PEGÕES,Garrafa 0.75 LT,"1,59€","2,12€ / LT",
Sobremesa Serradura 2x85g,REINA,Emb. 0.17 KG,"2,49€","14,65€ / KG",
SALSICHAO SECO PORCO QS,ST AZAY,Emb. 0.25 KG,"3,99€","15,96€ / KG",
Vinho Regional Alentejo Tinto,REGUENGOS,Garrafa 0.75 LT,"2,39€","3,19€ / LT",
Alimento Completo Cereais P/ Animais Exóticos,TOUS MES AMIS,Emb. 1 KG,"2,99€","2,99€ / KG",
Néctar Clássico Pera Rocha,COMPAL,Emb. 1 LT,"0,99€","0,99€ / LT",
"Prato Fundo 19,5cm Preto",ARDENCE,1 UNID.,"1,75€","1,75€ / UNID.",
Atum Posta Azeite e Orégãos,BOM PETISCO,Emb. 0.12 KG,"1,56€","13,00€ / KG",
Espumante de Limão,BAR ROYAL,Garrafa 0.75 LT,"3,29€","4,39€ / LT",
Cappuccino Mocha,NESCAFÉ,Emb. 8 SAQ.,"2,91€","0,36€ / SAQ.",
Licor Creme Pastel Nata,35,Garrafa 0.7 LT,"11,99€","17,13€ / LT",
Espumante Rosé,MUSCADOR,Garrafa 0.75 LT,"3,49€","4,65€ / LT",
Inseticida Aerossol Multi-Insetos,RAID,Emb. 0.4 LT,"5,99€","14,98€ / LT",
Mistura de Pimentas 5 Bagas,MARGÃO,Emb. 0.024 KG,"3,99€","166,25€ / KG",
Refrigerante S/ Gás Tropical Cenoura,JAFADEN,Garrafa 1.5 LT,"1,25€","0,83€ / LT",
Bolachas Creme Canela,GULLÓN,Emb. 0.47 KG,"2,33€","4,96€ / KG",
Meloa Cantalupe,,1 Unid. = 1.34 KG (aprox.),"2,49€/kg","3,34€ / Unid.",
Miolo de Caju C/ Piripiri,MARQUE REPERE,Emb. 0.25 KG,"3,99€","15,96€ / KG",
Salame Fatiado,EL POZO,Emb. 0.8 KG,"1,94€","2,43€ / KG",
GLADE RECARGA SANDALWOOD & JASMINE 10ML,GLADE,,"2,09€",/ Unid.,
COLORACAO CASTANHO 4.45 S/AMONIACO 1UN VITANOVE,VITANOVE,Emb. 1 UNID.,"3,89€","3,89€ / UNID.",
Queijo de Lamego Meio-Gordo Fatiado,PAIVA,Emb. 0.18 KG,"1,94€","10,78€ / KG",
Conserva de Azeitona Verde em Rodelas,RUSTICA,Frasco 0.36 KG,"1,39€","3,86€ / KG",
Café Pastilhas Lote Chávena,DELTA,Emb. 16 PAST.,"2,44€","0,15€ / PAST.",
Vinho Regional Douro Branco,ADEGA DE VILA REAL,Garrafa 0.75 LT,"3,14€","4,19€ / LT",
Cillit Bang Tira Gorduras 500ML x12,CILLIT BANG,Emb. 0.5 LT,"2,24€","4,48€ / LT",
Iogurte Natural Cremoso 16x125g,DÉLISSE,Emb. 2 KG,"2,89€","1,45€ / KG",
Sobremesa Creme de Caramelo 4x125g,DÉLISSE,Emb. 0.5 KG,"1,59€","3,18€ / KG",
Créme Dessert Praliné 4x125g,DÉLISSE,Emb. 0.5 KG,"1,59€","3,18€ / KG",
Azeitonas Verdes Descaroçadas,,Emb. 0.32 KG,"1,39€","4,34€ / KG",
Máquinas de Depilar Descartáveis Venus 3,GILLETTE,Emb. 6 UNID.,"5,99€","1,00€ / UNID.",
Bolacha,CHIQUILÍN,Emb. 0.175 KG,"1,44€","8,23€ / KG",
ALIMENT BEBE: PURE LEGUMES FRANGO DO CAMPO BIO +8M 2X200G,BIO VILLAGE BEBE,Emb. 0.4 KG,"2,69€","6,73€ / KG",
Creme de Mãos Reparador Repair & Care,BIOTEN,Emb. 0.1 LT,"2,13€","21,30€ / LT",
SACOS LIXO FECHO FACIL 100% RECICLADO 50L,ECO+,Emb. 25 UNID.,"1,99€","0,08€ / UNID.",
Farinha de Mandioca,GLOBO,Emb. 0.5 KG,"1,79€","3,58€ / KG",
Refrigerante C/ Gás Zero,COCA-COLA,Lata 0.33 LT,"0,75€","2,27€ / LT",
Prato Raso Gourmandine Anis 28cm,ARDENCE,1 UNID.,"2,39€","2,39€ / UNID.",
Recarga Limpa Vidros,AJAX,Emb. 0.5 LT,"1,49€","2,98€ / LT",
Champô Cabelo Strong Power,NIVEA MEN,Emb. 0.25 LT,"3,15€","12,60€ / LT",
Creme Culinário de Soja,SHOYCE,Emb. 0.2 LT,"1,49€","7,45€ / LT",
Leite de Cabra UHT Meio Gordo,PRÉSIDENT,Emb. 1 LT,"2,44€","2,44€ / LT",
Chouriço Porco Preto,SNR,Emb. 0.2 KG,"2,89€","14,45€ / KG",
Chá Verde,TETLEY,Emb. 10 SAQ.,"0,89€","0,09€ / SAQ.",
Perca Congelada,,1 Unid. = 1.7 KG (aprox.),"6,99€/kg","11,88€ / Unid.",
Tortilha Batata e Cebola,TABLES DU MONDE,Emb. 0.5 KG,"3,24€","6,48€ / KG",
Tomate Triturado 390 g,TURINI,Lata 0.5 KG,"0,49€","0,98€ / KG",
Tablete Chocolate Branco Culinária,TABLETTE D'OR,Emb. 0.18 KG,"1,55€","8,61€ / KG",
Escovas Extra Clean Médio,COLGATE,Emb. 2 UNID.,"2,29€","1,15€ / UNID.",
16 Caps.Café Kaffa Compativeis SG Vermelho,KAFFA,Emb. 16 UNID.,"3,19€","0,20€ / UNID.",
Conserva Ervilhas Cenouras 3x130g,NOTRE JARDIN,Emb. 0.13 KG,"1,95€","15,00€ / KG",
Bolachas Cookies com Pepitas Chocolate e Côco,P'TIT DÉLI,Emb. 0.2 KG,"1,39€","6,95€ / KG",
Detergente Loiça Manual Original Ultra,FAIRY,Emb. 1.5 LT,"5,64€","3,76€ / LT",
B&J Cookie Dough 465ml,,Emb. 0.465 LT,"6,78€","14,58€ / LT",
Fiambre Peito de Peru,CAMPO FINO,1 Unid. = 0.1 KG (aprox.),"9,99€/kg","1,00€ / Unid.",
Arroz Agulha,LOURO,Emb. 1 KG,"1,32€","1,32€ / KG",
Preparado de Creme de Marisco,MAGGI,Emb. 0.075 KG,"1,49€","19,87€ / KG",
Bolachas Sementes de Sésamo Biológicas,,Emb. 0.23 KG,"2,09€","9,09€ / KG",
Chouriço com Alho Guarda,FUMEIROS DA GUARDA,Emb. 0.22 KG,"3,14€","14,27€ / KG",
Queijo Mistura o Sabor Português,LES CROISÉS,1 Unid. = 0.19 KG (aprox.),"8,89€/kg","1,69€ / Unid.",
Alimento Seco P/ Gato Controlo Bolas De Pelo,FRISKIES,Emb. 1.5 KG,"6,99€","4,66€ / KG",
Macedónia de Ervilhas Ultracongelados,IGLO,Emb. 0.65 KG,"2,49€","3,83€ / KG",
SALSA PICADA BIO,,Emb. 0.05 KG,"1,09€","21,80€ / KG",
OLEO BARBA LONGA 50ML,CARRÉ HOMME,,"2,99€",/ Unid.,
Conserva de Feijão Encarnado Cozido,NOTRE JARDIN,Lata 0.85 KG,"0,99€","1,16€ / KG",
Vinho Regional Alentejo Tinto,ADEGA DE BORBA,Garrafa 0.75 LT,"2,79€","3,72€ / LT",
ICE TEA LIMÃO,LIPTON,Emb. 0.5 LT,"0,79€","1,58€ / LT",
Forma de Alumínio Bolo Inglês Castanha 27cm,ARDENCE,1 UNID.,"4,75€","4,75€ / UNID.",
Tronco de Natal,,1 Unid. = 1 KG (aprox.),"9,99€/kg","9,99€ / Unid.",
SNACKS BOLAS DE QUEIJO,TOKAPI,Emb. 0.05 KG,"0,59€","11,80€ / KG",
Inseticida Moscas e Mosquitos,RAID,Emb. 0.4 LT,"4,69€","11,73€ / LT",
COLORACAO CHOCOLATE 5.51 S/AMONIACO,VITANOVE,Emb. 1,"3,89€","3,89€ /",
Leite Confort 1,NAN,Emb. 0.8 KG  (aprox.),"20,99€","26,24€ / KG",
Champô Cabelo Ultra Suave Delicadeza de Aveia,GARNIER,Emb. 0.25 LT,"3,59€","14,36€ / LT",
COLORACAO LOURO CINZENTO 7.1 S/AMONIACO,VITANOVE,Emb. 1 UNID.,"3,89€","3,89€ / UNID.",
Café Torrado Moído Portugal Universal,DELTA,Emb. 0.25 KG,"2,29€","9,16€ / KG",
Pensos Higiénicos Super Alas,EVAX,Emb. 10 UNID.,"2,38€","0,24€ / UNID.",
COOKIES C/ PEPITAS CHOCOLATE E PEDACOS AVELA,P'TIT DÉLI,Emb. 0.2 KG,"1,44€","7,20€ / KG",
PAEZINHOS 4X75G PRE-COZIDOS,EPI D'OR,Emb. 0.3 KG,"1,57€","5,23€ / KG",
Bebida Energética Absolutely Zero,MONSTER ENERGY,Emb. 0.5 LT,"1,20€","2,40€ / LT",
PURE MACA/MANGA SEM ADICAO ACUCAR BISNAGA BIO,,Emb. 0.36 KG,"2,39€","6,64€ / KG",
ALCOOL ETILICO 70º,PRIMOPLAST,Emb. 0.25 LT,"0,75€","3,00€ / LT",
Conserva de Feijão Verde Muito Fino,NOTRE JARDIN,Lata 0.8 KG,"1,79€","2,24€ / KG",
"Paelha de Frango, Mexilhões e Chouriço",CÔTÉ TABLE,Emb. 0.3 KG,"1,98€","6,60€ / KG",
Pantene 3 Minute Miracle Repara & Protege,PANTENE PV,Emb. 0.2 LT,"4,49€","22,45€ / LT",
Nectar Maçã Bio,,Emb. 1.5 LT,"1,74€","1,16€ / LT",
Miolo de Amendoim C/ Sal,MARQUE REPERE,Emb. 0.25 KG,"1,19€","4,76€ / KG",
Café Torrado em Grão,PLANTATION,Emb. 0.25 KG,"1,69€","6,76€ / KG",
Massa Ondas,MILANEZA,Emb. 0.5 KG,"1,28€","2,56€ / KG",
Papa Infantil Não Láctea Multicereais,CERELAC,Emb. 0.25 KG,"1,79€","7,16€ / KG",
Néctar Clássico Laranja do Algarve 3x20cl,COMPAL,Emb. 0.6 LT,"1,47€","2,45€ / LT",
Alimento Húmido Gato Ave e Legumes,LYCAT,,"1,55€",/ Unid.,
Queijo Creme para Barrar Natural,FRESQUINHO,Emb. 0.125 KG,"1,20€","9,60€ / KG",
Fósforos de Segurança 100 unid.,SILEX,Emb. 3 UNID.,"0,76€","0,25€ / UNID.",
Cereais Choco Krispies,KELLOGG'S,Emb. 0.375 KG,"2,29€","6,11€ / KG",
Sumo de Laranja e Cenoura,SANTAL,Garrafa 1.5 LT,"2,05€","1,37€ / LT",
Nata UHT,MIMOSA,Emb. 0.2 LT,"0,89€","4,45€ / LT",
Loção Corporal Cocoa Radiance,VASELINE,Emb. 0.2 LT,"2,14€","10,70€ / LT",
Bolachas de Manteiga Belga com Cobertura Chocolate,SABOROSA,Emb. 0.198 KG,"1,99€","10,05€ / KG",
Conserva Atum Albacore Natural 3x133g,PÊCHE OCÉAN,Emb. 0.399 KG,"3,39€","8,50€ / KG",
Refrigerante C/ Gás Pack 6,SPRITE,,"3,72€",/ Unid.,
PEPINO FERBAR VINAGRE 345G,FERBAR,Emb. 0.345 KG,"1,56€","4,52€ / KG",
Morango,,1 Unid. = 0.25 KG (aprox.),"7,99€/kg","2,00€ / Unid.",
Champô Revitaliza Água Micelar e Gengibre Azul,HERBAL ESSENCES,Emb. 0.4 LT,"5,73€","14,33€ / LT",
Pão de Forma com Códea Familiar,PANRICO,Emb. 0.75 KG,"1,59€","2,12€ / KG",
Pack 4 Escovas de Dentes Média,ORAL B,Emb. 4 UNID.,"2,99€","0,75€ / UNID.",
Pantene Micelar Purifica & Revitaliza Condicionador,,Emb. 0.675 LT,"8,07€","11,96€ / LT",
Tablete de Chocolate Preto,TABLETTE D'OR,Emb. 0.16 KG,"1,89€","11,81€ / KG",
LAVA TUDO MARINHO,CLAIR,Emb. 2 LT,"0,79€","0,40€ / LT",
Tostas Sabor Brioche,EPI D'OR,Emb. 0.3 KG,"1,89€","6,30€ / KG",
Bacalhau Lombo,,Emb. 0.7 KG,"10,99€","15,70€ / KG",
Cápsulas Café Espresso P/ Nespresso Intensidade 11,STARBUCKS,Emb. 10 CAPS.,"3,79€","0,38€ / CAPS.",
Nectar Laranja e Banana,JAFADEN,Emb. 2 LT,"1,89€","0,95€ / LT",
Néctar Clássico Laranja,COMPAL,Emb. 1 LT,"0,99€","0,99€ / LT",
WC Brisa Marinha,NEO BLANC,Emb. 2 UNID.,"4,49€","2,25€ / UNID.",
Pensos Higiénicos Normal,ECO+,Emb. 20 UNID.,"0,95€","0,05€ / UNID.",
Alimento Seco para Gato Sterilcat Carne Vaca,PURINA ONE,Emb. 1.5 KG,"8,99€","5,99€ / KG",
Pantene Liso & Sedoso Laca 300ml,PANTENE PV,Spray 0.3 LT,"3,74€","12,47€ / LT",
ALIMENT BEBE: ESPARGUETE BOLONHESA BIO 12M,BIO VILLAGE BEBE,Emb. 0.23 KG,"1,69€","7,35€ / KG",
Salmão Fumado Fatias,RONDE DES MERS,Emb. 0.1 KG,"3,99€","39,90€ / KG",
Creme Pentear Karité Côco,NATEIS,Emb. 0.3 LT,"1,19€","3,97€ / LT",
Água sem Gás Frutos Vermelhos,LUSO FRUTA,Garrafa 1 LT,"1,27€","1,27€ / LT",
Salsa Fresca,,1 Unid. = 0.05 KG  (aprox.),"5,99€/kg","0,30€ / Unid.",
Mousse de Chocolate de Leite 4x60g,DÉLISSE,Emb. 0.48 LT,"1,19€","2,48€ / LT",
Bolacha Gullon Vitalday Crocant Fruta 300g,GULLÓN,Emb. 0.3 KG,"2,29€","7,63€ / KG",
Fiambre de Peito de Frango,CHARCUTARIA,1 Unid. = 0.12 KG (aprox.),"9,99€/kg","1,20€ / Unid.",
Fusilli sem Glúten,CHAQUE JOUR SANS GLUTEN,Emb. 0.4 KG,"1,96€","4,90€ / KG",
Conjunto Borracha Mista,ESQUISSE,,"0,43€",/ Unid.,
Cerveja C/ Álcool,FALSBOURG,Garrafa 1 LT,"0,99€","0,99€ / LT",
Queijo Fatiado Amanteigado de Vaca e Ovelha,LIMIANO,Emb. 0.18 KG,"2,00€","11,11€ / KG",
Spray Anti-Odor,SPLENDOR,Emb. 0.15 LT,"2,84€","18,93€ / LT",
Chupa Single,CHUPA CHUPS,Emb. 0.012 KG,"0,34€","28,33€ / KG",
ROLO DE MASSA FOLHADA 2X230G,TABLIER BLANC,Emb. 0.46 KG,"1,99€","4,33€ / KG",
BOLACHAS TOSTADAS GULLON 4X200GR,GULLÓN,Emb. 0.2 KG,"2,79€","13,95€ / KG",
Fruta 100% Maçã e Banana 4 Unid.,NESTLÉ,Emb. 0.4 KG,"2,19€","5,48€ / KG",
Donuts Classic 4x50 gr,DONUTS,Emb. 0.2 KG,"1,99€","9,95€ / KG",
Pão Cereais,,1 Unid. = 0.1 KG,"1,79€","17,90€ / KG",
Lenços de bolso Renova Kids,LENÇOS RENOVA,Emb. 10 UNID.,"1,15€","0,12€ / UNID.",
KIT FAJITAS 505G TABLE DU MON,TABLES DU MONDE,Emb. 0.505 KG,"3,02€","5,98€ / KG",
Mini Bolo com Recheio de Creme de Cacau e Avelãs 90 g,BOLLYCAO,Emb. 6 UNID.,"1,00€","0,17€ / UNID.",
BATERIA Nº 14 74/680 74/680 TECH9,TECH9,Emb. 1 UNID.,"77,99€","77,99€ / UNID.",
Folhas de Tomilho,RUSTICA,Frasco 0.018 KG,"0,80€","44,44€ / KG",
Creme Fixativo para Próteses Dentárias,POLIDENT,Emb. 0.04 KG,"6,99€","174,75€ / KG",
Gel de Banho Peony & Rose,DOVE,Emb. 0.75 LT,"4,19€","5,59€ / LT",
Chicória e Café Solúvel,PLANTATION,Emb. 0.1 KG,"1,49€","14,90€ / KG",
Perna Peru,,1 Unid. = 2.45 KG (aprox.),"3,99€/kg","9,78€ / Unid.",
Loção para Corpo Suavizante 48h Pele Seca,NIVEA BODY,Emb. 0.4 LT,"5,44€","13,60€ / LT",
Lula Inteira Congelada,,1 Unid. = 0.25 KG (aprox.),"7,99€/kg","2,00€ / Unid.",
"Café Solúvel Cevada, Chicória e Centeio",BRASA,Frasco 0.2 KG,"2,79€","13,95€ / KG",
Bebida de Soja Fonte de Cálcio,NAT&VIE,Emb. 1 LT,"0,95€","0,95€ / LT",
Sumo Florida,SUNNY DELIGHT,Emb. 0.5 Lt,"0,89€","1,78€ / Lt",
Queijo Ilha Ralado,VALFORMOSO,Emb. 0.15 KG,"1,45€","9,67€ / KG",
Néctar Clássico Frutos Vermelhos Uva e Maçã,JAFADEN,Emb. 1 LT,"0,99€","0,99€ / LT",
Leite C/ Chocolate UHT 4 Unid.,MIMOSA,Emb. 0.8 LT,"1,49€","1,86€ / LT",
Recarga Sabonete Líquido Amêndoa,PALMOLIVE,Emb. 0.5 LT,"3,99€","7,98€ / LT",
CANUDINHOS RECHEADOS CACAU E AVELA,P'TIT DÉLI,Emb. 0.18 KG,"1,50€","8,33€ / KG",
Azeite Clássico,OLIVEIRA DA SERRA,Emb. 3 LT,"15,98€","5,33€ / LT",
Queijo de Cabra de Seia,QUEIJOS LAGOS,1 Unid. = 1 KG (aprox.),"15,99€/kg","15,99€ / Unid.",
Detergente Roupa Líquido Proteção Escuros,WOOLITE,Emb. 30 DOSES,"6,99€","0,23€ / DOSES",
COOKIES C/ MEGA PEPITAS DE CHOCOLATE E AVELAS,P'TIT DÉLI,Emb. 0.184 KG,"1,49€","8,10€ / KG",
Café Solúvel Puro Colombia Suave,NESCAFÉ,Emb. 0.1 KG,"6,39€","63,90€ / KG",
CREME HIDRATANTE OLEO AMENDOA DOCE,INELL,Emb. 0.2 LT,"1,99€","9,95€ / LT",
Caneca Anis Gourmandine 38cl,ARDENCE,1 UNID.,"1,50€","1,50€ / UNID.",
"SPRAY AMBIENTADOR ""CITRINOS"" ANTI-TABACO 300ML",BIEN AIR,Emb. 0.3 LT,"0,99€","3,30€ / LT",
CREME SOJA P/ CULINARIA BIO,,Emb. 0.25 KG,"1,49€","5,96€ / KG",
ARROZ SUSHI,CAÇAROLA,Emb. 1 KG,"1,67€","1,67€ / KG",
SYOSS COLOR 6-8  LOURO ESCURO 16X3,SYOSS,,"4,99€",/ Unid.,
Papel Higiénico Triple Confort,SCOTTEX,Emb. 24 UNID.,"8,79€","0,37€ / UNID.",
Queijo Bola Flamengo,NOVA AÇORES,1 Unid. = 0.8 KG (aprox.),"4,99€/kg","3,99€ / Unid.",
Manteiga Magra sem Sal,LES CROISÉS,Emb. 0.25 KG,"1,69€","6,76€ / KG",
SPRAY FIXACAO EXTREMA,VITANOVE,Emb. 0.25 LT,"1,65€","6,60€ / LT",
Cerveja C/ Álcool 24 Unid.,MÍLLBRAU,Emb. 6 LT,"7,20€","1,20€ / LT",
Tablete de Chocolate de Leite 5x100g,ECO+,Emb. 0.5 KG,"2,45€","4,90€ / KG",
Água com Gás,VIMEIRO,Emb. 0.5 LT,"0,53€","1,06€ / LT",
Dentífrico Pro Esmalte,SENSODYNE,Emb. 0.075 LT,"3,74€","49,87€ / LT",
Queijo Ovale Double Crème,ECO+,Emb. 0.3 KG,"2,99€","9,97€ / KG",
Dentífrico Herbal White,COLGATE,Emb. 0.075 LT,"1,99€","26,53€ / LT",
GELADO 6 BAUNILHA 6 MORANGO,SMICY,Emb. 12 UNID.,"2,99€","0,25€ / UNID.",
Abacaxi Sweet Gold,,1 Unid. = 1.78 KG (aprox.),"1,39€/kg","2,47€ / Unid.",
Iogurte Líquido Proteíco Banana e Noz Lindahls,NESTLÉ,Emb. 0.33 LT,"1,89€","5,73€ / LT",
Bolachas com Pepitas Chocolate sem Açúcar,DIET NATURE,Emb. 0.125 KG,"1,63€","13,04€ / KG",
Borrego Inteiro,,1 Unid. = 15 KG (aprox.),"11,99€/kg","179,85€ / Unid.",
Afia Lápis de Maquilhagem Dupla,,Emb. 1 UNID.,"2,29€","2,29€ / UNID.",
Bolachas Tosta Rica Oceanix,CUÉTARA,Emb. 0.16 KG,"1,73€","10,81€ / KG",
Wafers de Baunilha,,Emb. 0.17 KG,"1,35€","7,94€ / KG",
Tortellini de Carne,KNORR,Emb. 0.25 KG,"2,07€","8,28€ / KG",
Salsichão Cumbre Real,CAMPOFRIO,1 Unid. = 0.1 KG (aprox.),"15,99€/kg","1,60€ / Unid.",
Recarga Ambientador Freshmatic Oasis Turquesa,AIR WICK,Emb. 0.25 LT,"3,59€","14,36€ / LT",
Refrigerante C/ Gás Ananás,SPRINK'S,Garrafa 1.5 LT,"0,74€","0,49€ / LT",
Achocolatado em Pó,CANDEREL,Emb. 0.25 KG,"3,74€","14,96€ / KG",
Cápsulas Café Ristretto Barista,DOLCE GUSTO,Emb. 30 CAPS.,"9,99€","0,33€ / CAPS.",
Moscatel do Douro,DORRÃO,Garrafa 0.75 LT,"4,49€","5,99€ / LT",
Creme Limpeza Original,CIF,Emb. 0.5 LT,"1,89€","3,78€ / LT",
Tempero de Alho Louro & Pimentão 8 Cubos,KNORR,Emb. 0.072 KG,"1,49€","20,69€ / KG",
Elixir Bucal Total Care Menta,LISTERINE,Emb. 0.5 LT,"6,49€","12,98€ / LT",
BEBIDA +PROTEINA CHOCOLATE,EHRMANN,Emb. 0.25 KG,"1,79€","7,16€ / KG",
Néctar Clássico Tutti Frutti,COMPAL,Emb. 1 LT,"0,99€","0,99€ / LT",
Alimento Húmido P/ Gato Carne Variada 3x400g,TOUS MES AMIS,Emb. 1 KG,"2,69€","2,69€ / KG",
TAMPAO COMPACTO NORMAL,DOULYS,Emb. 20 UNID.,"2,05€","0,10€ / UNID.",
Pantene Caracóis Perfeitos Champô 3 Em 1,PANTENE,Emb. 0.3 LT,"3,87€","12,90€ / LT",
"ATUM POSTA OLEO,,120G",,,"1,22€",/ Unid.,
Bolachas Wafer Chocolate,VIEIRA,Emb. 0.15 KG,"1,25€","8,33€ / KG",
Gelado de Morango,CARTE D'OR,Emb. 0.75 LT,"1,94€","2,59€ / LT",
Marmelada Extra,,Emb. 0.45 KG,"0,99€","2,20€ / KG",
Cebola,,1 Unid. = 1 KG  (aprox.),"1,39€/kg","1,39€ / Unid.",
ERVILHAS CONGELADAS,ECO+,Emb. 1 KG,"1,39€","1,39€ / KG",
Arroz Agulha,SALUDÃES,Emb. 1 KG,"1,18€","1,18€ / KG",
Massa de Pimentão,RUSTICA,Frasco 0.2 KG,"0,85€","4,25€ / KG",
Água Tónica 6 Unid.,SPRINK'S,Garrafa 1.98 LT,"2,49€","1,26€ / LT",
Alimento Húmido para Cão Mini Adulto,PURINA ONE,Emb. 0.1 KG,"0,49€","4,90€ / KG",
Biscoitos Revestidos com Chocolate de Leite,P'TIT DÉLI,Emb. 0.15 KG,"0,79€","5,27€ / KG",
Bombons de Chocolate Leite Recheio de Marshmallow,COPAÍNS COPINES,Emb. 0.2 KG,"1,29€","6,45€ / KG",
Luvas Universais M,VILEDA,Emb. 1 UNID.,"1,99€","1,99€ / UNID.",
Pão de Forma sem Côdea 9 Cereais,PANRICO,Emb. 0.48 KG,"1,59€","3,31€ / KG",
Sobremesa Láctea com Caramelo 4x100g,DÉLISSE,Emb. 0.4 KG,"1,59€","3,98€ / KG",
Snack Periquito Mel e Sésamo,VITAKRAFT,Emb. 0.12 KG,"1,97€","16,42€ / KG",
Marinheiras Chia Original,CEM PORCENTO,Emb. 0.2 KG,"2,69€","13,45€ / KG",
Recarga Ambientador Oasis Turquesa,AIRWICK,Emb. 2 UNID.,"7,09€","3,55€ / UNID.",
Whisky 12 Anos,GRAND OLD PARR,Emb. 1 LT,"52,99€","52,99€ / LT",
CUSCUZ MEDIO 5X100G,COMPTOÍR DU GRAIN,Emb. 0.5 KG,"1,29€","2,58€ / KG",
QUEIJO FRESCO LIGHT,QUEIJO NA TÁBUA,Emb. 0.125 KG,"1,19€","9,52€ / KG",
Pequenas Baguetes sem Glúten 2x75g,CHAQUE JOUR,Emb. 0.15 KG,"1,99€","13,27€ / KG",
GELADO DE BAUNILHA DE MADAGASCAR 500G 1L ESKISS,ESKISS,,"2,69€",/ Unid.,
Pano Multiusos Amarelo,SCOTCH BRITE,Emb. 2 UNID.,"2,02€","1,01€ / UNID.",
Recarga Ambientador Freshmatic Pure Oasis e Lavanda,AIRWICK,Emb. 3 UNID.,"10,64€","3,55€ / UNID.",
Óleo para Todos Tipos de Cabelo,ULTRA SUAVE,Emb. 0.15 LT,"8,90€","59,33€ / LT",
Hamburgers Peito de Frango Ultracongelado,IGLO,Emb. 0.48 KG,"9,55€","19,90€ / KG",
Batatas Fritas 6x30g,POM'LISSE,Emb. 0.18 KG,"1,65€","9,17€ / KG",
Barrinhas P/ Canários sabor a Frutas,TOUS MES AMIS,Emb. 0.06 KG,"1,29€","21,50€ / KG",
Conserva de Grão de Bico,NOTRE JARDIN,Frasco 0.57 KG,"0,64€","1,12€ / KG",
Bolos Fofos de Cacau Recheio de Leite e Coco,P'TIT DÉLI,Emb. 0.42 KG,"2,79€","6,64€ / KG",
Queijo Ricotta,LES CROISÉS,Emb. 0.25 KG,"1,19€","4,76€ / KG",
Água sem Gás,,Garrafa 0.33 LT,"0,14€","0,42€ / LT",
Chá de Cidreira,TETLEY,Emb. 10 UNID.,"0,86€","0,09€ / UNID.",
Pensos Higiénicos Noite Alas,EVAX,Emb. 9 UNID.,"2,59€","0,29€ / UNID.",
Pastis de Marseille,VIVALIS,Garrafa 0.7 LT,"9,99€","14,27€ / LT",
"BOLACHA PEQUENO ALMOCO CHOC, CEREAIS E AVELA BIO",,Emb. 0.2 KG,"1,79€","8,95€ / KG",
Sumo 100% Multifrutis Biológico 6 Unid.,,Emb. 0.12 LT,"2,98€","24,83€ / LT",
Vodka Smirnoff Red,SMIRNOFF,Garrafa 0.7 LT,"12,49€","17,84€ / LT",
DENTAMYL PLANTAS,DENTAMYL,Emb. 0.075 LT,"0,80€","10,67€ / LT",
Ossos Prensados 8/10Cm Flúor,TOUS MES AMIS,Emb. 4 UNID.,"1,79€","0,45€ / UNID.",
Néctar Clássico Manga Magdalena 3x20 cl,COMPAL,Emb. 0.6 LT,"1,47€","2,45€ / LT",
AXE GEL DARK TEMTATION,AXE,Emb. 0.4 LT,"3,29€","8,23€ / LT",
ARROZ DE PATO 400G,CÔTÉ TABLE,Emb. 0.4 KG,"3,59€","8,98€ / KG",
Queijo Mascarpone,LES CROISÉS,Emb. 0.5 KG,"2,99€","5,98€ / KG",
ChuChu,,1 Unid. = 0.29 KG (aprox.),"2,99€/kg","0,87€ / Unid.",
Pão de Forma Coração de Trigo,PANRICO,Emb. 0.5 KG,"1,89€","3,78€ / KG",
"GELADO ""TYROLIA"" CREME BRULEE",ESKISS,Emb. 0.65 LT,"2,15€","3,31€ / LT",
Pastilha Elástica Senses Berry Party,TRIDENT,Emb. 0.023 KG,"0,94€","40,87€ / KG",
DOCE MORANGO 350G,CASA MATEUS,Emb. 0.35 KG,"2,69€","7,69€ / KG",
"Inseticida Antimosquitos, Eléctrico Líquido",RAID,Emb. 0.021 LT,"8,24€","392,38€ / LT",
Bacon em Pedaços 2x100g,ECO+,Emb. 0.2 KG,"1,49€","7,45€ / KG",
Preservativo Sensitive,HARMONY,Emb. 6 UNID.,"4,54€","0,76€ / UNID.",
BOLACHA CEREAIS C/ COB DE CHOCOLATE E AVELA,P'TIT DÉLI,Emb. 0.2 KG,"1,89€","9,45€ / KG",
Bolos com Pepitas de Chocolate sem Glúten,CHAQUE JOUR SANS GLUTEN,Emb. 0.23 KG,"2,99€","13,00€ / KG",
Vinho Branco A.O.C. Gewurztramin 2014,REBMANN,Garrafa 0.75 LT,"6,49€","8,65€ / LT",
FRALDAS BEBE T5+ 12/25KG 52UN,ECO+,Emb. 52 UNID.,"6,69€","0,13€ / UNID.",
AUSONIA DISCREET BOUTIQUE MINI 16,AUSONIA,Emb. 16 UNID.,"2,99€","0,19€ / UNID.",
POSTA PESCADA Nº3 PARA FRITAR,ECO+,Emb. 0.8 KG,"4,59€","5,74€ / KG",
Amêijoa Branca Congelada,,1 Unid. = 0.38 KG (aprox.),"2,99€/kg","1,14€ / Unid.",
Harpic Liquído Eucalipto e Menta 750ml x12,HARPIC,Emb. 0.75 LT,"2,24€","2,99€ / LT",
Compota de Maçã 4x100g,,Emb. 0.4 KG,"0,99€","2,48€ / KG",
Vinho do Porto Tawny,DORRÃO,Garrafa 0.75 LT,"3,99€","5,32€ / LT",
Laca Cabelos Pintados,ELNETT,Emb. 0.3 LT,"4,49€","14,97€ / LT",
AMACIADOR CONCENTRADO SPA 72 DOSES,HYPERDOU,Emb. 2 LT,"1,69€","0,85€ / LT",
Bloco Sanitário Poder Activo Aqua,SONASOL,Emb. 0.05 KG,"1,94€","38,80€ / KG",
Hambúrguer C/ Cebola 10 Unid.,FERIAL,Emb. 1 KG,"8,99€","8,99€ / KG",
Puré Maçã S/ Açúcar 12 Unid.,DOUCEUR DU VERGER,Emb. 1.08 KG,"4,89€","4,53€ / KG",
Amendoim C/ Casca Torrado,MARQUE REPERE,Emb. 0.5 KG,"1,99€","3,98€ / KG",
Óleo Alimentar,RUSTICA,Garrafa 1 LT,"2,99€","2,99€ / LT",
Snack Batata Frita Sabor Queijo,TOKAPI,Emb. 0.17 KG,"1,95€","11,47€ / KG",
Vinho Regional Alentejo Tinto,TERRA GRANDE,Garrafa 0.75 LT,"4,45€","5,93€ / LT",
Couve Roxa,,1 Unid. = 1 KG (aprox.),"1,99€/kg","1,99€ / Unid.",
Snacks Party Mix Original,FELIX,Emb. 0.06 KG,"1,39€","23,17€ / KG",
Refrigerante C/ Gás,COCA COLA,Garrafa 1 LT,"1,50€","1,50€ / LT",
Vodka Preta,NOVOTNA,Garrafa 0.7 LT,"6,99€","9,99€ / LT",
FOLHADOS SALMAO 4UN,CÔTÉ TABLE,Emb. 0.4 KG,"3,85€","9,63€ / KG",
TREMOCOS EXTRA EM FRASCO 13/15,RUSTICA,Emb. 0.37,"1,29€","3,49€ /",
Chouriço,DAMATTA,Emb. 0.2 KG,"2,49€","12,45€ / KG",
Cerveja com Álcool 6x33cl,SUPER BOCK,Emb. 1.98 LT,"4,49€","2,27€ / LT",
MINI GELADOS BAUNILHA COBERTOS C/SORVETE F.VERMELHOS/F.EXOTICOS,TRIUM,Emb. 8 UNID.,"1,79€","0,22€ / UNID.",
Bebida de Amêndoa,SHOYCE,Emb. 1 LT,"1,49€","1,49€ / LT",
Ervilhas Ultracongeladas,NOTRE JARDIN,Emb. 1 KG,"1,59€","1,59€ / KG",
Queijo Flamengo Barra,NOVA AÇORES,1 Unid. = 0.15 KG (aprox.),"7,99€/kg","1,20€ / Unid.",
Couve Coração,,1 Unid. = 0.84 KG (aprox.),"1,99€/kg","1,67€ / Unid.",
Chocolate Milka e Oreo,MILKA,Emb. 0.1 KG,"1,69€","16,90€ / KG",
Tablete Oreo,MILKA,Emb. 0.3 KG,"3,14€","10,47€ / KG",
Chá Preto Descafeinado,TETLEY,Emb. 10 UNID.,"0,89€","0,09€ / UNID.",
Torta com Cobertura Cacau e Recheio de Leite,DAN CAKE,Emb. 0.3 KG,"1,97€","6,57€ / KG",
Iogurte Líquido Frutos Silvestres 4 Unid.,YOGGI,Emb. 0.64 KG,"2,09€","3,27€ / KG",
Vinho Regional Douro Tinto,VILA REGIA,Emb. 0.75 LT,"2,24€","2,99€ / LT",
Taboulé com Camarão,MENU FRAÎCHEUR,Emb. 0.3 KG,"1,59€","5,30€ / KG",
Cerveja com Álcool 6x20cl,CRISTAL,Emb. 1.2 LT,"2,29€","1,91€ / LT",
TENTACULOS DE POTA,PÊCHE OCÉAN,Emb. 0.8 KG,"4,99€","6,24€ / KG",
BOUIL.POULE DESHY RUSTICA,RUSTICA,Emb. 0.12 KG,"0,69€","5,75€ / KG",
Spray Anti Bolores,CIF,Emb. 0.435 LT,"2,49€","5,72€ / LT",
Esparguete Fino Clássica,NACIONAL,Emb. 0.5 KG,"1,07€","2,14€ / KG",
Molho Piri-Piri,MAÇARICO,Emb. 0.2 LT,"1,98€","9,90€ / LT",
Azeite Subtil,GALLO,Emb. 0.75 LT,"3,99€","5,32€ / LT",
Recarga Mopa,SWIFFER,Emb. 18 UNID.,"3,99€","0,22€ / UNID.",
Conserva de Feijão Frade Cozido com pouco Sal,FERBAR,Emb. 0.42 KG,"0,95€","2,26€ / KG",
Bolachas Dibus Angry Birds,GULLÓN,Emb. 0.25 KG,"1,79€","7,16€ / KG",
Molhos Tripack,RUSTICA,Emb. 0.75 KG,"3,59€","4,79€ / KG",
Pensos Higiénicos Noite C/ Abas Eco,UNÍ VERT,Emb. 10 UNID.,"1,35€","0,14€ / UNID.",
Café Cápsulas XL Qharacter Intensidade 9,DELTA Q,Emb. 40 CAPS.,"12,99€","0,32€ / CAPS.",
Chá Preto de Pêssego e Manga,LIPTON,Emb. 0.036 KG,"1,74€","48,33€ / KG",
Gelado com Amêndoas,MAGNUM,Emb. 0.44 LT,"3,89€","8,84€ / LT",
PALITOS TORCIDOS C/ COB CHOCOLATE PRETO,P'TIT DÉLI,Emb. 0.09 KG,"1,64€","18,22€ / KG",
Anti Calcário Máquina Roupa Pó 2 em 1,CALGON,Emb. 20 DOSES,"6,99€","0,35€ / DOSES",
Tomate Pelado,GULOSO,Emb. 0.39 KG,"0,95€","2,44€ / KG",
Snack de Chocolate Mini,KIT KAT,Emb. 12 UNID.,"2,09€","0,17€ / UNID.",
Recarga Sabonete Líquido Hipo-Alergénio,MANAVA,Emb. 0.25 LT,"0,65€","2,60€ / LT",
Máquinas de Barbear Descartáveis Blue 3 Smooth,GILLETTE,Emb. 5 UNID.,"3,94€","0,79€ / UNID.",
Néctar Clássico Maracujá,COMPAL,Emb. 1 LT,"1,59€","1,59€ / LT",
Bolo de Massa em Espiral,P'TIT DÉLI,Emb. 0.2 KG,"1,39€","6,95€ / KG",
"SOBREMESA ""ILE FLOTTANTE"" C/ MANGA E MARACUJA",DÉLISSE,Emb. 0.4 KG,"2,65€","6,63€ / KG",
Bifidus Líquido Kiwi 4x155g,DANONE,Emb. 0.62 KG,"1,99€","3,21€ / KG",
Chocolate Preto,ECO+,Emb. 0.5 KG,"2,80€","5,60€ / KG",
Máquinas de Barbear Descartáveis Blue II Plus Slalom,GILLETTE,Emb. 6 UNID.,"3,64€","0,61€ / UNID.",
Yofu Morango 4x125g,ALPRO,Emb. 0.5 KG,"2,29€","4,58€ / KG",
Coloração Longa Duração Belle Color 4 Castanho,GARNIER,Emb. 1 UNID.,"4,49€","4,49€ / UNID.",
Cordon Bleu Queijo e Fiambre Ultracongelado,IGLO,Emb. 0.2 KG,"3,99€","19,95€ / KG",
MOLHO BARBECUE,RUSTICA,Emb. 0.28 KG,"1,22€","4,36€ / KG",
Bolachas com Aveia,TRIUNFO,Emb. 0.19 KG,"1,49€","7,84€ / KG",
Fondue de Novilho,,1 Unid. = 0.46 KG  (aprox.),"9,98€/kg","4,59€ / Unid.",
PAO RALADO,TABLIER BLANC,Emb. 0.25 KG,"0,49€","1,96€ / KG",
Ice Tea de Manga Lata 6x25cl,LIPTON,Emb. 1.5 LT,"3,38€","2,25€ / LT",
QUEIJO MOZZARELLA BUFALA CAMPANA DOP,TRADIZIONI D'ITALIA,Emb. 0.2 KG,"2,79€","13,95€ / KG",
Gelatina em Pó Pêssego,TABLIER BLANC,Emb. 0.17 KG,"0,85€","5,00€ / KG",
Pensos Higiénicos Cotton Extract Normal,CAREFREE,Emb. 76 UNID.,"4,49€","0,06€ / UNID.",
LENCOS FACIAIS 4F,CARESSE,Emb. 80 UNID.,"1,29€","0,02€ / UNID.",
MULTI USOS,CLAIR,Emb. 0.75 LT,"0,82€","1,09€ / LT",
Croissant Maxi Creme Sabor a Baunilha,CHIPICAO,Emb. 0.08 KG,"1,05€","13,13€ / KG",
PUDIM +PROTEINA CAFE COLOMBIANO,EHRMANN,Emb. 0.2 KG,"1,79€","8,95€ / KG",
Pantene Perfect Volume Espuma 200ml,PANTENE PV,Emb. 0.2 LT,"3,74€","18,70€ / LT",
Papa Infantil Leite e Cereais,CERELAC,Emb. 0.4 KG,"1,84€","4,60€ / KG",
Recarga Tira Nodoas Desengordurante,KH-7,Emb. 0.75 LT,"2,56€","3,41€ / LT",
"Pilhas Alcalinas LR03/AAA 1,5V",FOXTER,Emb. 4 UNID.,"1,69€","0,42€ / UNID.",
Desodorizante Deo Roll On Bio Eficácia,NARTA,Emb. 0.05 LT,"3,05€","61,00€ / LT",
Dentífrico Natural Extracts Frescura Máxima,COLGATE,Emb. 0.075 LT,"3,24€","43,20€ / LT",
Alimento P/ Cão Adulto De Salmão e Aveia,BEYOND,Emb. 1.4 KG,"6,34€","4,53€ / KG",
"Iogurte Bebé Banana, Laranja e Bolacha",NESTLÉ,Emb. 0.4 KG,"2,39€","5,98€ / KG",
Queijo Creme P/ Barrar S/ Lactose,PHILADELPHIA,Emb. 0.15 KG,"2,19€","14,60€ / KG",
Creme Barbear Classic,PALMOLIVE,Emb. 0.1 LT,"2,29€","22,90€ / LT",
Flan com Caramelo 4x125g,,Emb. 0.5 KG,"1,99€","3,98€ / KG",
Desodorizante Roll On Invisible Black White 48H,REXONA,Emb. 0.05 LT,"2,39€","47,80€ / LT",
Azeite Virgem Extra Reserva,CONDESTÁVEL,Emb. 0.75 LT,"4,19€","5,59€ / LT",
LOURO FOLHAS,RUSTICA,Emb. 0.007 KG,"0,40€","57,14€ / KG",
IOGURTE LIQUIDO SABOR MORANGO BANANA,DÉLISSE,Emb. 0.85 KG,"1,09€","1,28€ / KG",
Açúcar Branco Cubos,TÉVA,Emb. 1 KG,"1,19€","1,19€ / KG",
Molho Piripíri Extraforte,RUSTICA,Emb. 0.21 KG,"0,65€","3,10€ / KG",
Bolachas Mini Dinosauros Cereais Saquetas,ARTIACH,Emb. 0.12 KG,"1,89€","15,75€ / KG",
Pensos Higiénicos Normal sem Alas,EVAX,Emb. 12 UNID.,"2,59€","0,22€ / UNID.",
B&J Caramel Brownie Party 465ml,,Emb. 0.465 LT,"4,99€","10,73€ / LT",
Iogurte Cremoso de Frutas 8x125g,DÉLISSE,Emb. 1 KG,"2,09€","2,09€ / KG",
CHAMPO CABELOS GRISALHOS OU BRANCOS,NATEIS,Emb. 0.25 LT,"1,69€","6,76€ / LT",
BATOM HIDRATANTE CLASSICO 2UN,INELL,Emb. 2 UNID.,"1,43€","0,72€ / UNID.",
DETERGENTE MAQ LOICA PASTILHAS TUDO EM 1,VISIOR,Emb. 30 UNID.,"2,09€","0,07€ / UNID.",
SPRAY LUSTRANTES PNEUS 1 L 1L TECH9,TECH9,Emb. 1 LT,"4,49€","4,49€ / LT",
Máscara de Pestanas Preto 001,RIMMEL,Emb. 1 UNID.,"11,89€","11,89€ / UNID.",
Desodorizante Dove Roll-On Invisible Dry Masc,DOVE,Emb. 0.05 LT,"2,69€","53,80€ / LT",
Bolachas Mini Cookies Tradicionais,NACIONAL,Emb. 0.12 KG,"0,97€","8,08€ / KG",
Vinagre Balsâmico de Modène,RUSTICA,Garrafa 0.5 LT,"1,79€","3,58€ / LT",
Champô Cabelo Garnier Hidra Caracóis,FRUCTIS,Emb. 0.25 LT,"3,99€","15,96€ / LT",
VASSOURINHA PARA PA LIXIO,,Emb. 1 UNID.,"0,89€","0,89€ / UNID.",
FEIJAO PRETO SACO MGUIA,NOTRE JARDIN,Emb. 0.5 KG,"0,99€","1,98€ / KG",
Vinho Regional Douro Tinto,TELLUS,Garrafa 0.75 LT,"2,49€","3,32€ / LT",
Condicionador Repara Bourbon e Mel de Manuka,HERBAL ESSENCES,Emb. 0.4 LT,"5,73€","14,33€ / LT",
Bacon de Peru,PRIMOR,Emb. 0.2 KG,"14,89€","74,45€ / KG",
Yofu Natural c/ Amêndoa 500g,,Emb. 0.5 KG,"2,39€","4,78€ / KG",
Recarga Máquina de Barbear Sensor Excel,GILLETTE,Emb. 5 UNID.,"10,07€","2,01€ / UNID.",
Chocolate de Leite 3x,KIT KAT,Emb. 0.125 KG,"1,49€","11,92€ / KG",
Prato Sobremesa Branco Opaco 20cm,,1 UNID.,"0,95€","0,95€ / UNID.",
Pão de Forma Oroweat 12 Cereais,BIMBO,Emb. 0.68 KG,"1,99€","2,93€ / KG",
Forma de Alumínio Tarte Castanha 27cm,ARDENCE,1 UNID.,"4,05€","4,05€ / UNID.",
OIKOS CAFE 110G X4,OIKOS,Emb. 0.44 KG,"2,39€","5,43€ / KG",
Bombons de Chocolate Negro e Caramelo,LUTTI,Emb. 0.15 KG,"2,31€","15,40€ / KG",
Pastilhas de Limpeza para Próteses Dentárias,POLIDENT,Emb. 1 P,"5,49€","5,49€ / P",
Refrigerante S/ Gás Limão,AQUARIUS,Garrafa 1.5 LT,"1,94€","1,29€ / LT",
Arroz Agulha,CAÇAROLA,Emb. 1 KG,"1,14€","1,14€ / KG",
Rum Carta Blanca,BACARDI,Garrafa 0.7 LT,"15,99€","22,84€ / LT",
Coco Ralado,TABLIER BLANC,Emb. 0.2 KG,"1,19€","5,95€ / KG",
SACO CONGELACAO C/ZIP MEDIO,ELEMBAL,Emb. 20 UNID.,"1,29€","0,06€ / UNID.",
Bacon Fumado 2x100g,TRADILÈGE,Emb. 0.2 KG,"2,19€","10,95€ / KG",
Salada Camponesa,,Emb. 0.225 KG,"1,19€","5,29€ / KG",
Empadas de Galinha,,Emb. 6 UNID.,"1,99€","0,33€ / UNID.",
Dentífrico Extremo Hálito Fresco,DENTAMYL,Emb. 0.075 LT,"0,88€","11,73€ / LT",
Bolachas com Pepitas Chocolate Energy 5 Saquetas,CHIQUILÍN,Emb. 0.2 KG,"2,31€","11,55€ / KG",
Pão De Forma Sem Côdea Familiar,PANRICO,Emb. 0.65 KG,"2,55€","3,92€ / KG",
FLOR DE SAL MARINHO DE COZINHA DA ILHA DE RE (FRANCA),NOS RÉGIONS ONT DU TALENT,Emb. 0.125 KG,"2,29€","18,32€ / KG",
Vinho Branco Bag in Box,ALMA DE PIAS,Emb. 5 LT,"6,79€","1,36€ / LT",
Água sem Gás,FASTIO,Garrafa 6 LT,"1,42€","0,24€ / LT",
Bloco Sanitário Flor Tropical,HARPIC,Emb. 0.039 KG,"2,49€","63,85€ / KG",
DOCE TOMATE 345G,CASA MATEUS,Emb. 0.345 KG,"2,24€","6,49€ / KG",
Assar de Novilho,,1 Unid. = 0.87 KG (aprox.),"8,99€/kg","7,82€ / Unid.",
Champô para Cabelo Pintado e Proteção de Cor,GLISS,Emb. 0.25 LT,"2,24€","8,96€ / LT",
Cerveja com Álcool 24x33cl,SUPER BOCK,Emb. 7.92 LT,"15,79€","1,99€ / LT",
Salsichão com Alho Fumado,,Emb. 0.4 KG,"1,99€","4,98€ / KG",
Snack P/ Cão Sticks C/ Aroma a Javali,PURINA,Emb. 0.09 KG,"1,49€","16,56€ / KG",
Xau + Vanish Liquido Pink 68Dx4,XAU+VANISH,Emb. 68 DOSES,"19,79€","0,29€ / DOSES",
BOLACHAS AREADAS C/ CARAMELO,P'TIT DÉLI,Emb. 0.1 KG,"1,74€","17,40€ / KG",
Escova Dentes Leite,AQUAFRESH,Emb. 1 UNID.,"3,09€","3,09€ / UNID.",
Snacks Sabor a Bacon,,Emb. 0.1 KG,"1,19€","11,90€ / KG",
Toalhitas Húmidas,AFFECTIVE,Emb. 40 UNID.,"2,98€","0,07€ / UNID.",
"Copo 35,5cl Mojito",,1 UNID.,"1,20€","1,20€ / UNID.",
Conserva Lentilhas com Salsichas,CÔTÉ TABLE,Emb. 0.84 KG,"2,65€","3,15€ / KG",
RECARGAS ESCOVA ELETRICA DUPLA ACAO COMPATIVEL ORAL-B® *VER COMPATIBILIDADE,DENTAMYL,Emb. 2 UNID.,"6,99€","3,50€ / UNID.",
Papa Infantil Aveia Maçã e Cenoura,CERELAC,Emb. 0.24 KG,"2,49€","10,38€ / KG",
Barra Cereais Chocolate Preto,GRAINEA,Emb. 0.126 KG,"1,25€","9,92€ / KG",
Caldo para Arroz 24 Cubos,KNORR,Emb. 0.24 KG,"2,39€","9,96€ / KG",
Doce de Alperce,MAMIE DOUCEUR,Frasco 0.75 KG,"2,75€","3,67€ / KG",
TAMPAO MINI,DOULYS,Emb. 24 UNID.,"1,35€","0,06€ / UNID.",
Preservativo Natural,HARMONY,Emb. 6 UNID.,"4,54€","0,76€ / UNID.",
Água sem Gás 6x50cl,LUSO,Emb. 3 LT,"1,99€","0,66€ / LT",
Queijo Mozarella,GALBANI,Emb. 0.25,"3,09€","12,36€ /",
CONDICIONADOR CABELOS FRAGEIS E QUEBRADICOS 250ML,NATEIS,Emb. 0.25 LT,"1,59€","6,36€ / LT",
Conjunto 4 Copos Gisèle 45cl,ARDENCE,4 UNID.,"7,55€","1,89€ / UNID.",
Rolo de Cozinha Green XXL,RENOVA,Emb. 2 ROLOS,"1,98€","0,99€ / ROLOS",
Tablete de Chocolate de Leite,NESTLÉ,Emb. 0.09 KG,"1,09€","12,11€ / KG",
Condicionador Volume Toranja Branca e Menta,HERBAL ESSENCES,Emb. 0.4 LT,"5,73€","14,33€ / LT",
DETERGENTE MANUAL LOICA LIMAO HIPOALERG.ECOLOGICO 750ML,UNÍ VERT,Emb. 0.75 LT,"1,89€","2,52€ / LT",
Arroz Agulha,,Emb. 1 KG,"0,99€","0,99€ / KG",
Biscoitos Crocantes para Cão,LYDOG,Emb. 0.5 KG,"1,65€","3,30€ / KG",
Mini Patê Folhado,,Emb. 0.45 KG,"2,19€","4,87€ / KG",
Rolo de Cozinha Mega,MARQUE REPERE,Emb. 1 UNID.,"3,49€","3,49€ / UNID.",
Cappuccino de Chocolate 8 Caps.,PLANTATION,Emb. 0.144 KG,"1,79€","12,43€ / KG",
Entremeada de Porco,,1 Unid. = 0.4 KG (aprox.),"4,99€/kg","2,00€ / Unid.",
Fraldas Premium Tamanho 5 13-18Kg,MOLTEX,Emb. 44 UNID.,"13,99€","0,32€ / UNID.",
Bolacha Integral Integralis,VIEIRA,Emb. 0.18 KG,"1,91€","10,61€ / KG",
COGUMELOS DE PARIS LAMINADOS BIO,,Emb. 0.6 KG,"2,39€","3,98€ / KG",
Rebuçados com Recheio de Fruta,COPAÍNS COPINES,Emb. 0.25 KG,"0,99€","3,96€ / KG",
Queijo de Ovelha Amanteigado Cerrado do Vale,SANTIAGO,1 Unid. = 1.2 KG (aprox.),"18,99€/kg","22,79€ / Unid.",
Iced Tea Limão,ECO+,Emb. 1.5 LT,"0,84€","0,56€ / LT",
CASSOULET DE CASTELNAUDARY,NOS RÉGIONS ONT DU TALENT,Emb. 0.84 KG,"4,99€","5,94€ / KG",
Penso Incontinência Discreet Micro,AUSONIA,Emb. 28 UNID.,"2,99€","0,11€ / UNID.",
Leite com Chocolate,UCAL,Garrafa 0.25 LT,"0,68€","2,72€ / LT",
Bolo de Aniversário,,1 Unid. = 1.2 KG (aprox.),"12,99€/kg","15,59€ / Unid.",
Polpa de Tomate Biológica,,Emb. 0.5 KG,"0,99€","1,98€ / KG",
Barras de Cereais de Chocolate 6 Unid.,FITNESS,Emb. 0.141 KG,"2,33€","16,52€ / KG",
Bolachas Cobertas com Tablete de Chocolate Preto Biológicas,,Emb. 0.15 KG,"1,99€","13,27€ / KG",
Detergente Máquina Loiça Pastilhas All in 1 27 pastilhas,FINISH,Emb. 0.457 KG,"5,99€","13,11€ / KG",
Duvel Cerveja da Bélgica,DUVEL,Emb. 0.33 LT,"2,89€","8,76€ / LT",
Vinho Regional Alentejo Branco,GALITOS,Garrafa 0.75 LT,"1,89€","2,52€ / LT",
IOGURTE LIQUIDO MORANGO,DÉLISSE,Emb. 0.72 KG,"1,55€","2,15€ / KG",
"OIKOS STRACCIATELLA 110G ,,440G",OIKOS,Emb. 0.44 KG,"2,39€","5,43€ / KG",
Fiambre da Perna Extra,NOBRE,1 Unid. = 0.11 KG (aprox.),"14,15€/kg","1,56€ / Unid.",
Iogurte Líquido Natural 6x100g,DANACOL,Emb. 0.6 KG,"2,99€","4,98€ / KG",
Alimento Húmido P/ Gato Gold Salmão e Frango,GOURMET,Emb. 0.085 KG,"0,75€","8,82€ / KG",
BANHA DE PORCO,CAMPO FINO,Emb. 0.22 KG,"0,89€","4,05€ / KG",
Tampa Anti-Gordura de Inox 16/20cm,ARDENCE,1 UNID.,"3,40€","3,40€ / UNID.",
PEPITAS DE CHOCOLATE DE LEITE,TABLIER BLANC,Emb. 0.1 KG,"1,99€","19,90€ / KG",
Vinho Regional Bairrada Tinto,MARQUES DE MARIALVA,Garrafa 0.75 LT,"4,99€","6,65€ / LT",
Óleo Intense 6-10 Louro Escuro,SYOSS,,"6,24€",/ Unid.,
Maionese Heinz Vidro 480 Ml,HEINZ,Emb. 0.48 LT,"3,75€","7,81€ / LT",
Espuma Barbear Revitalizante,CARRÉ HOMME,Emb. 0.2 LT,"1,35€","6,75€ / LT",
BANZAI NOODLE CAMARAO CIGALA,BANZAI,Emb. 0.067 KG,"0,89€","13,28€ / KG",
Alimento Húmido P/ Gato C/ Peixe e Molho Espinafres,GOURMET GOLD,Emb. 0.085 KG,"0,75€","8,82€ / KG",
Coloração Permanente Intense 8-60 Louro Mel,,,"6,24€",/ Unid.,
Sabonete Líquido mãos Seventh Generation,,Emb. 0.5 LT,"3,26€","6,52€ / LT",
Bolachas Sabor Limão com Amêndoas Biológicas,,Emb. 0.2 KG,"2,49€","12,45€ / KG",
Pão de Forma Integral com Côdea Receita Económica,PANRICO,Emb. 0.52 KG,"1,78€","3,42€ / KG",
Néctar Clássico Pêssego,COMPAL,Emb. 1 LT,"0,99€","0,99€ / LT",
Iogurte Líquido Morango Banana 4x155g,DANONE,Emb. 0.62 KG,"1,69€","2,73€ / KG",
Tigela de Cereais Anis Gourmandine 17cl,ARDENCE,1 UNID.,"1,70€","1,70€ / UNID.",
BEBIDA SOJA CHOC LIGHT 3x250ML,ALPRO,Emb. 0.75 LT,"2,19€","2,92€ / LT",
Queijo Fresco com Leite Magro,DÉLISSE,Emb. 1 KG,"1,79€","1,79€ / KG",
Meloa Gália,,1 Unid. = 0.75 KG (aprox.),"2,49€/kg","1,87€ / Unid.",
Pataniscas 6 Unid.,SNR,Emb. 0.325 KG,"2,99€","9,20€ / KG",
Cavacas,,Emb. 1 P,"0,75€","0,75€ / P",
Massa Talharim,MILANEZA,Emb. 0.5 KG,"1,69€","3,38€ / KG",
LENCOS FACIAIS 3F,CARESSE,Emb. 150 UNID.,"1,49€","0,01€ / UNID.",
Pack 4 Escovas de Dentes Média Triple Action,COLGATE,Emb. 1 UNID.,"3,49€","3,49€ / UNID.",
Máquina de Depilar Descartável Venus Basic,GILLETTE,Emb. 4 UNID.,"2,59€","0,65€ / UNID.",
MINI SNACKS BOUCH POUL FROM 60,TOUS MES AMIS,Emb. 0.06 KG,"0,85€","14,17€ / KG",
Caldo Carne 16 Cubos,MAGGI,Emb. 0.16 KG,"2,09€","13,06€ / KG",
PICKLES EM VINAGRE FERBAR 680G,FERBAR,Emb. 0.68 KG,"1,69€","2,49€ / KG",
Máscara Hidrata Leite de Coco,HERBAL ESSENCES,Emb. 0.25 LT,"3,99€","15,96€ / LT",
Pudim Baunilha,BOCA DOCE,Emb. 0.022 KG,"0,59€","26,82€ / KG",
Porções de Pescada 6 Unid.,IGLO,Emb. 0.3 kg,"3,81€","12,70€ / kg",
"VELA AROMATICA ""BAUNILHA/CARAMELO"" 30H",BIEN AIR,Emb. 1 UNID.,"1,99€","1,99€ / UNID.",
PURE MACA/PERA SEM ADICAO ACUCAR BISNAGA,DOUCEUR DU VERGER,Emb. 0.36 KG,"1,80€","5,00€ / KG",
Petinga,,1 Unid. = 0.1 KG (aprox.),"2,99€/kg","0,30€ / Unid.",
Vaporizador Plástico 500ml,,1 UNID.,"1,70€","1,70€ / UNID.",
Xarope de Groselha,FRUCCI,Garrafa 1 LT,"2,49€","2,49€ / LT",
Manteiga Fácil de Barrar,MIMOSA,Emb. 0.25 KG,"2,39€","9,56€ / KG",
Esparregado,IGLO,Emb. 0.75 KG,"3,99€","5,32€ / KG",
MASSA ESPIRAIS,CAÇAROLA,Emb. 0.5 KG,"1,09€","2,18€ / KG",
Detergente Manual Roupa,OMO,Emb. 0.54 KG,"1,94€","3,59€ / KG",
Elixir Total Care Zero,LISTERINE,Emb. 0.5 LT,"6,43€","12,86€ / LT",
Prato Sobremesa Gourmandine Vermelho 21cm,ARDENCE,1 UNID.,"1,35€","1,35€ / UNID.",
ALCOOL ETILICO 96º,PRIMOPLAST,Emb. 0.25 LT,"0,79€","3,16€ / LT",
Bacalhau Graúdo Noruega Asa Branca,,1 Unid. = 2.5 KG (aprox.),"13,99€/kg","34,98€ / Unid.",
Pacotinho de Frutas Maçã Cenoura e Manga S/ Glúten +6 meses,NESTLÉ BEBÉ,Emb. 0.09 KG,"0,69€","7,67€ / KG",
Caldo para Arroz,KNORR,Emb. 8 CUBOS,"1,39€","0,17€ / CUBOS",
Polpa de Tomate com Cebola e Alho,COMPAL,Frasco 0.5 LT,"1,29€","2,58€ / LT",
Queijo Fatiado Castelões Original,CASTELÕES,Emb. 0.2 KG,"1,99€","9,95€ / KG",
Tablete Chocolate 40% Cacau Biológica,,Emb. 0.1 KG,"1,49€","14,90€ / KG",
Água C/ Gás,CASTELLO,Garrafa 0.25 LT,"0,36€","1,44€ / LT",
Pastilhas Melão Melancia,TRIDENT,Emb. 0.014 KG,"0,67€","47,86€ / KG",
Leite Condensado Cozinha,NESTLÉ,Emb. 0.397 KG,"1,54€","3,88€ / KG",
Palmiers com Maçã e Canela 6 Unid.,DU BOIS DE LA ROCHE,Emb. 0.15 KG,"1,48€","9,87€ / KG",
Canela Pau,MARGÃO,Emb. 0.03 KG,"2,78€","92,67€ / KG",
Crackers Integrais,EPI D'OR,Emb. 0.5 KG,"1,69€","3,38€ / KG",
PERSIL COLOR GEL 100D,PERSIL,Emb. 5.116 KG,"17,24€","3,37€ / KG",
Vinho Verde Branco,LAGOSTA,Garrafa 0.75 LT,"3,98€","5,31€ / LT",
Tampões com Aplicador Pearl Regular,TAMPAX,Emb. 24 UNID.,"4,99€","0,21€ / UNID.",
BLEU AUVERGNE AOC,NOS RÉGIONS ONT DU TALENT,Emb. 0.125,"1,69€","13,52€ /",
Spray Limpa Fornos e Grelhadores,CIF,Emb. 0.435 LT,"2,49€","5,72€ / LT",
Maionese,RUSTICA,Emb. 0.225 LT,"1,19€","5,29€ / LT",
Iogurte Sólido Suissinho Duo Mix Banana Morango,YOCO,Emb. 0.36 KG,"2,29€","6,36€ / KG",
Queijo Ralado 4 Queijos,PRÉSIDENT,Emb. 0.15 KG,"2,29€","15,27€ / KG",
Iogurte Líquido Sabor a Morango 6x180g,DÉLISSE,Emb. 1.08 KG,"1,99€","1,84€ / KG",
Iogurte Grego Coco 4 Unid.,YAOS,Emb. 0.44 KG,"2,29€","5,20€ / KG",
Canjinha de Frango do Campo,,1 Unid. = 0.72 KG (aprox.),"6,99€/kg","5,03€ / Unid.",
Alimento Seco P/ Cão Frango C/ Arroz,PURINA,Emb. 1.5 KG,"8,65€","5,77€ / KG",
Néctar de Pêra Pack 3,SANTAL,Emb. 0.6 LT,"1,90€","3,17€ / LT",
Conserva de Feijão Encarnado,COMPAL,Lata 0.845 KG,"1,59€","1,88€ / KG",
Loção Corporal Advanced Repair,VASELINE,Emb. 0.2 LT,"2,14€","10,70€ / LT",
Barras de Cereais Special K Frutos Vermelhos,KELLOGG'S,Emb. 0.132 KG,"3,45€","26,14€ / KG",
GALETES BRETONNES C/PEPITAS DE CHOCOLATE,P'TIT DÉLI,Emb. 0.13 KG,"0,99€","7,62€ / KG",
Iogurte Líquido Straciatella 4x155g,DANONE,Emb. 0.62 KG,"1,69€","2,73€ / KG",
Esfregona Suave com Cabo,VILEDA,Emb. 1 UNID.,"6,40€","6,40€ / UNID.",
Creme Hidratante Caixa Família,NIVEA,Emb. 0.25 LT,"5,59€","22,36€ / LT",
Iogurte Bifidus Cremoso Coco 4 Unid.,DANONE,Emb. 0.48 KG,"1,99€","4,15€ / KG",
QUICHE LORRAINE COM NATAS,CÔTÉ TABLE,Emb. 0.4 KG,"2,89€","7,23€ / KG",
Champô Cabelos Normais Fructis Anti Caspa 2 em 1,GARNIER,Emb. 0.25 LT,"3,95€","15,80€ / LT",
Noz Moscada C/ Moinho,MARGÃO,Emb. 0.03 KG,"3,99€","133,00€ / KG",
Coloração 1-4 Preto Azulado,SYOSS,,"4,99€",/ Unid.,
POSTA PESCADA Nº5 COZER,PÊCHE OCÉAN,Emb. 0.8 KG,"4,99€","6,24€ / KG",
"Gel Duche ""Petalas""",MANAVA,Emb. 0.25 LT,"1,19€","4,76€ / LT",
TOALHITAS DESMAQUILHANTES BIO 25UN,BIONAÏA,Emb. 25 UNID.,"1,99€","0,08€ / UNID.",
Fiambre de Peru,EL POZO,Emb. 0.15 KG,"1,69€","11,27€ / KG",
"Amaciador Concentrado ""Fragância de Provence"" 3 Unid.",HYPERDOU,Emb. 0.25 LT,"1,19€","4,76€ / LT",
BLOCO SANITARIO FRESCURA VERDE ECO 1UN,UNÍ VERT,Emb. 1 UNID,"1,99€","1,99€ / UNID",
Espuma Limpa Carpetes e Estofos Tira Nódoas,VANISH,Emb. 0.6 LT,"5,19€","8,65€ / LT",
BALDE DE AZEITONAS MACANILHA MISTAS INTEIRAS,RUSTICA,Emb. 3.5 KG,"5,99€","1,71€ / KG",
Gel de Banho Corpo e Zona Íntima Suave,CORINE DE FARME,Emb. 0.25 LT,"2,49€","9,96€ / LT",
JOGO 4 TAPETES EM ALCATIFA 1UN TECH9,TECH9,Emb. 1 UNID.,"11,99€","11,99€ / UNID.",
Johnson's Baby Spray para Cabelo Penteia,JOHNSON'S BABY,Emb. 0.2 LT,"3,07€","15,35€ / LT",
AGUA PEDRAS TANGERINA 4X25 CL,PEDRAS,,"2,39€",/ Unid.,
Queijo Curado Três Igrejas Mistura 2 Meses,SALOIO,1 Unid. = 0.25 KG (aprox.),"15,99€/kg","4,00€ / Unid.",
Licor,SAFARI,Garrafa 0.7 LT,"12,89€","18,41€ / LT",
Fraldas Premium Tamanho 3 4-10Kg,MOLTEX,Emb. 56 UNID.,"13,99€","0,25€ / UNID.",
Snacks Bugles 3D,3D'S BUGLES,Emb. 0.085 KG,"1,14€","13,41€ / KG",
Torta de Chocolate,P'TIT DÉLI,Emb. 0.3 KG,"1,29€","4,30€ / KG",
COLORACAO CASTANHO ESCURO 3.0 S/AMONIACO,VITANOVE,Emb. 1 UNID.,"3,89€","3,89€ / UNID.",
Folhas de Orégãos,RUSTICA,Frasco 0.008 KG,"0,55€","68,75€ / KG",
Mini Chorizo 3 Unid.,ST AZAY,Emb. 0.15 KG,"2,29€","15,27€ / KG",
TORTILLAS CHIPS NATURE,ECO+,Emb. 0.3 KG,"1,59€","5,30€ / KG",
ERVILHAS CONGELADAS,NOTRE JARDIN,Emb. 0.4 KG,"0,59€","1,48€ / KG",
Café Mythiq Intensidade 15,DELTA,Emb. 10 UNID.,"2,99€","0,30€ / UNID.",
IOGURTE DELILIGHT 0% IOG.NATURAL,DÉLISSE,Emb. 1.5,"1,79€","1,19€ /",
Torta de Chocolate,,1 Unid. = 0.5 KG (aprox.),"7,99€/kg","4,00€ / Unid.",
Snacks Futebolas,CHEETOS,Emb. 0.13 KG,"1,65€","12,69€ / KG",
Chipicao Croissant Multipack Creme de Cacau,CHIPICAO,Emb. 0.25 KG,"2,99€","11,96€ / KG",
Batatas Fritas Crocantes Onduladas,POM'LISSE,Emb. 0.15 KG,"0,99€","6,60€ / KG",
Bolo de Bolacha,,Emb. 1 KG,"9,99€","9,99€ / KG",
Snack P/ Gato Crispies C/ Sabor a Salmão e Truta,FELIX,Emb. 0.45 KG,"1,39€","3,09€ / KG",
Coloração Longa Duração Belle Color 5.3 Castanho Claro Dourado,GARNIER,Emb. 1 UNID.,"4,49€","4,49€ / UNID.",
Bolachas Sprits,ECO+,Emb. 0.4 KG,"1,79€","4,48€ / KG",
Toalhitas Secas Limpa Chão,CLAIR,Emb. 15 UNID.,"1,99€","0,13€ / UNID.",
Taboulé C/ Frango Assado,MENU FRAÎCHEUR,Emb. 0.3 KG,"1,99€","6,63€ / KG",
Cuecas Menino 3 aos 5 Anos 16-23 kg,HUGGIES,Emb. 16 UN,"8,99€","0,56€ / UN",
Queijo Brie,PRÉSIDENT,1 Unid. = 0.25 KG (aprox.),"8,99€/kg","2,25€ / Unid.",
Miolo de Avelã,MARQUE REPERE,Emb. 0.15 KG,"2,24€","14,93€ / KG",
FRICASSE FRANGO C/ARROZ E LEGUMES,CÔTÉ TABLE,Emb. 0.9 KG,"3,95€","4,39€ / KG",
Puré Maçã S/ Adição de Açúcar,DOUCEUR DU VERGER,Emb. 1.6 KG,"3,99€","2,49€ / KG",
Bolachas Sticks com Cobertura Chocolate Branco 30Unid.,P'TIT DÉLI,Emb. 0.15 KG,"1,17€","7,80€ / KG",
Lenços de Bolso Lavanda Sensitive 4 Folhas,RENOVA,Emb. 6 UNID.,"0,88€","0,15€ / UNID.",
Manteiga com Sal,TERRA NOSTRA,Emb. 0.25 KG,"2,19€","8,76€ / KG",
Iogurte Sólido Suissinhos Duo Morango e Baunilha 4 Unid.,NESTLÉ,Emb. 0.36 KG,"2,29€","6,36€ / KG",
Café Torrado Moído Brasil Moagem Universal Intensidade 7,SICAL,Emb. 0.22 KG,"3,89€","17,68€ / KG",
Tablete Chocolate Branco Culinária,PANTAGRUEL,Emb. 0.2 KG,"2,59€","12,95€ / KG",
Vinho do Porto Offley Tawny,OFFLEY,Garrafa 0.75 LT,"4,69€","6,25€ / LT",
WC Explosão Cítrica,NEO BLANC,Emb. 2 UNID.,"4,49€","2,25€ / UNID.",
Salada Aromática Embalada,VITACRESS,Emb. 0.1 KG,"1,99€","19,90€ / KG",
Chicorée Café com Leite Instantâneo,PLANTATION,Emb. 0.4 KG,"4,45€","11,13€ / KG",
BARRINHAS KINDER CHOCOLATE T24 300G,KINDER,Emb. 0.3 KG,"3,99€","13,30€ / KG",
Pantene Repara & Protege Champô 3 Em 1,,Emb. 0.3 LT,"3,74€","12,47€ / LT",
WC Explosão Cítrica,NEO BLANC,Emb. 1 UNID.,"2,24€","2,24€ / UNID.",
Snack Batata Sabor Paprika,TOKAPI,Emb. 0.17 KG,"1,95€","11,47€ / KG",
Papa Infantil 5 Frutos,CERELAC,Emb. 0.25 KG,"2,39€","9,56€ / KG",
Marmelada,FERBAR,Emb. 0.4 KG,"1,99€","4,98€ / KG",
Presunto de Porco Preto,PRIMOR,Emb. 0.07 KG,"8,39€","119,86€ / KG",
Queijo Flamengo Fatiado,NOVA AÇORES,Emb. 0.2 KG,"1,89€","9,45€ / KG",
Cereais Corn Flakes Original,KELLOGG'S,Emb. 0.5 KG,"2,24€","4,48€ / KG",
Puré de Batata Nature,POM'LISSE,Emb. 1 KG,"2,99€","2,99€ / KG",
Tostas Torradas Cereais e Sementes Biológicas,,Emb. 0.225 KG,"1,99€","8,84€ / KG",
Lentilhas Verdes,,Emb. 0.5 KG,"2,95€","5,90€ / KG",
Iogurte Líquido Morango 12 Unid.,ACTIMEL,Emb. 1.2 LT,"4,39€","3,66€ / LT",
Creme Depilatório Duche Peles Normais,VEET,Emb. 0.15 LT,"9,99€","66,60€ / LT",
Pão Alentejano,,1 Unid. = 0.8 KG,"1,29€","1,61€ / KG",
Miolo de Avelã,,1 0.1 KG  (aprox.),"19,90€/kg","1,99€ / Unid.",
Massa Folhada Pronta a Desenrolar sem Glúten,CHAQUE JOUR SANS GLUTEN,Emb. 0.28 KG,"2,53€","9,04€ / KG",
Creme Hidratante com Água Floral de Rosa,GARNIER,Emb. 0.05 LT,"5,93€","118,60€ / LT",
PAPEL ALUMINIO 20M,ELEMBAL,Emb. 20 M,"1,99€","0,10€ / M",
Conserva de Azeitona Verde Recheada,RUSTICA,Frasco 0.36 KG,"1,69€","4,69€ / KG",
BEBIDA DE ARROZ E COCO BIO,,Emb. 1 KG,"1,99€","1,99€ / KG",
Gomas de Ovos,COPAÍNS COPINES,Emb. 0.3 KG,"1,34€","4,47€ / KG",
Cápsulas Café Sical,DOLCE GUSTO,Emb. 16 CAPS.,"5,99€","0,37€ / CAPS.",
Massa Cuscus,TURINI,Emb. 0.25 KG,"0,55€","2,20€ / KG",
Secretos de Porco,,1 Unid. = 0.2 KG (aprox.),"9,98€/kg","2,00€ / Unid.",
Bife Rabadilha de Novilho,,1 Unid. = 0.25 KG (aprox.),"8,99€/kg","2,25€ / Unid.",
Loção Corporal Romã,JOHNSON'S BODY CARE,Emb. 0.4 LT,"5,99€","14,98€ / LT",
Farfalle,TRADIZIONI D'ITALIA,Emb. 0.5 KG,"1,49€","2,98€ / KG",
Conserva Salsichas Soja 5 Unid.,CEM PORCENTO,Frasco 0.39 KG,"3,99€","10,23€ / KG",
Polpa de Tomate,GULOSO,Frasco 0.5 LT,"0,79€","1,58€ / LT",
Chá de Lúcia-Lima,LIPTON,Emb. 20 SAQ.,"1,20€","0,06€ / SAQ.",
Dentífrico Max White Cool Mint,COLGATE,Emb. 0.075 LT,"4,37€","58,27€ / LT",
Desodorizante Roll-On Cool Fresh,DOVE,Emb. 0.05 LT,"2,69€","53,80€ / LT",
Bebida Energética Mango Loco Energy Juiced,MONSTER ENERGY,Emb. 0.05 LT,"1,20€","24,00€ / LT",
Prato Sobremesa Gourmandine Anis 21cm,ARDENCE,1 UNID.,"1,05€","1,05€ / UNID.",
Cereais +Rico,NACIONAL,Emb. 0.3 KG,"2,21€","7,37€ / KG",
SUMO 100% LARANJA C/POLPA REFRIGERADO,ECO+,Emb. 1 LT,"1,49€","1,49€ / LT",
Azeite,CONDESTÁVEL,Garrafa 0.75 LT,"3,69€","4,92€ / LT",
Conserva de Lulas Recheadas,PITEU,Emb. 0.12 KG,"2,12€","17,67€ / KG",
Desodorizante Frescura Sensual Toque de Nácar Roll-On,NARTA,Emb. 0.05 LT,"3,05€","61,00€ / LT",
Queijo Fatiado 2X200 g,LIMIANO,Emb. 0.4 KG,"3,79€","9,48€ / KG",
Pensos Higiénicos Noite Alas,EVAX,Emb. 9,"2,38€","0,26€ /",
Maçã Granny Smith Cal. 75/80,,1 Unid. = 0.17 KG (aprox.),"1,89€/kg","0,32€ / Unid.",
Néctar de Pera Clássico 3 Unid.,JAFADEN,Emb. 0.6 LT,"0,75€","1,25€ / LT",
RABANETE S/ RAMA,,Emb. 0.125,"0,89€","7,12€ /",
Yofu Natural Sem Açúcar 500g,,Emb. 0.5 KG,"2,39€","4,78€ / KG",
"AGUA FASTIO,,6x33CL",FASTIO,,"1,48€",/ Unid.,
Estrella Damm Cerveja de Espanha Pack 6X25CL,ESTRELLA DAMM,,"3,19€",/ Unid.,
Whisky Bourbon,JOHN DAVON'S,Garrafa 0.7 LT,"10,99€","15,70€ / LT",
Brioche Pep Choco,EPI D'OR,Emb. 0.5 KG,"2,85€","5,70€ / KG",
Bebida Amêndoa S/ Açúcar,NAT&VIE,Emb. 1 LT,"1,69€","1,69€ / LT",
STICKS FLUOR CALCIO P/ CAO 10UN,P'TIT AMI,Emb. 1 UNID.,"1,25€","1,25€ / UNID.",
Iogurte de Frutos Déli´light 8x125g,DÉLISSE,Emb. 1 KG,"2,19€","2,19€ / KG",
Conserva de Bacalhau em Azeite e Alho,PITEU,Emb. 0.12 KG,"2,39€","19,92€ / KG",
Creme Barbear Sensitive,PALMOLIVE,Emb. 0.1 LT,"2,29€","22,90€ / LT",
Leite C/ Chocolate Light 4 Unid.,MIMOSA,Emb. 0.8 LT,"1,85€","2,31€ / LT",
"AGUA VIMEIRO LISA PET 4X1,5L",VIMEIRO,,"1,68€",/ Unid.,
NATAS GORDAS UHT SEMI-ESPESSAS COM 30 % M.G.,DÉLISSE,Emb. 0.6 KG,"2,35€","3,92€ / KG",
CAPSULAS CAFE COMP C/ DG - SUAVE INT7,PLANTATION,Emb. 16 UNID.,"2,44€","0,15€ / UNID.",
Água Tónica,SPRINK'S,Garrafa 1.5 LT,"1,29€","0,86€ / LT",
Sumo 100% Laranja Biológico,,Emb. 1 LT,"2,49€","2,49€ / LT",
Néctar Essencial Pêssego 3x110ml,COMPAL,Emb. 0.33 LT,"1,79€","5,42€ / LT",
Azeitona Galega,,1 Unid. = 0.1 KG (aprox.),"3,99€/kg","0,40€ / Unid.",
Bolachas Recheadas de Laranja,ECO+,Emb. 0.3 KG,"1,39€","4,63€ / KG",
Papel Higiénico 2 Folhas,RENOVA,Emb. 48 ROLOS,"7,34€","0,15€ / ROLOS",
Creme Hidratante,NIVEA,Emb. 0.03 LT,"1,99€","66,33€ / LT",
Fraldas Bebé T4 ACTIV+ 7/18 Kg,MOTS D'ENFANTS,Emb. 39 UNID.,"6,59€","0,17€ / UNID.",
Pensos Higiénicos Cottonlike Normal Alas,EVAX,Emb. 1 P,"2,59€","2,59€ / P",
Ketchup Top Down,HEINZ,Emb. 0.46 KG,"3,39€","7,37€ / KG",
Recarga Máquina de Depilar Smooth,GILLETTE,Emb. 4 UNID.,"12,86€","3,22€ / UNID.",
Batatas Fritas Onduladas Sabor a Presunto,POM'LISSE,Emb. 0.185 KG,"1,19€","6,43€ / KG",
DESODORIZANTE SPRAY SEDUCTION MEN 200ML,CARRÉ HOMME,Emb. 0.2 LT,"1,19€","5,95€ / LT",
Queijo Flamengo Barra,MIMOSA,Emb. 0.15 KG (aprox.),"9,79€/kg","1,47€ / Unid.",
Queijo Flamengo 1/2,TERRA NOSTRA,Emb. 0.7 KG,"5,93€","8,47€ / KG",
Coloração 5-29 Vermelho Intenso,SYOSS,,"4,99€",/ Unid.,
Molotof Caramelo,,1 Unid. = 0.7 KG  (aprox.),"11,99€","17,13€ / KG",
CREME REVITALIZANTE Q10 MEN 50ML,CARRÉ HOMME,Emb. 0.05 LT,"2,29€","45,80€ / LT",
Pensos Higiénicos Noite Maxi Pocket 12 Unid.,DOULYS,Emb. 12 UNID.,"1,15€","0,10€ / UNID.",
"Chá Verde com Guaraná, Canela e Cardamono",LIPTON,Emb. 0.032 KG,"1,94€","60,63€ / KG",
Amaciador de Roupa Pure,COMFORT,Emb. 4 LT,"4,49€","1,12€ / LT",
Miolo de Amêndoa Torrada com Sal,,Emb. 0.2 KG,"3,99€","19,95€ / KG",
Gel Duche + Champô Boise,MANAVA,Emb. 0.25 LT,"1,29€","5,16€ / LT",
"CROQUETES CAO MINI ADULTO 1,5KG 1,5KG LYDOG",PLENIMA,Emb. 1.5 KG,"4,99€","3,33€ / KG",
Massa Argolinhas Clássica,NACIONAL,Emb. 0.25 KG,"0,79€","3,16€ / KG",
Guardanapos Branco Pequenos Folha Dupla,GUARDANAPOS RENOVA,Emb. 90 UNID.,"1,25€","0,01€ / UNID.",
Queijo Petit Brie,ECO+,Emb. 0.5 KG,"3,49€","6,98€ / KG",
Leite de Limpeza Suave Pele Seca,NIVEA,Emb. 0.2 LT,"3,89€","19,45€ / LT",
Chouriço Corrente 2x100gr,PRIMOR,Emb. 0.2 KG,"1,39€","6,95€ / KG",
Queijo Curado Receita Original,CASTELÕES,1 Unid. = 1.25 KG (aprox.),"11,99€/kg","14,99€ / Unid.",
Dentífrico Junior,,Emb. 0.075 LT,"2,59€","34,53€ / LT",
Gelado 3 Chocolates,TRIUM,Emb. 4 UNID.,"2,45€","0,61€ / UNID.",
Batatas Fritas Palha,SNR,Emb. 0.3 KG,"1,44€","4,80€ / KG",
Espumante Bruto,CONTRI,Garrafa 0.75 LT,"2,49€","3,32€ / LT",
Preparado Sopa de Espinafre,,Emb. 0.6 KG,"1,99€","3,32€ / KG",
Forma de Alumínio Tarte Castanha 30cm,ARDENCE,1 UNID.,"4,35€","4,35€ / UNID.",
Sobremesa Láctea Natual Açúcarado +6 Meses,BIO VILLAGE BEBE,Emb. 0.4 KG,"2,29€","5,73€ / KG",
LIXIVIA TRADICIONAL,ECO+,Emb. 4 LT,"1,29€","0,32€ / LT",
Laranja Cal. 3/4,,1 Unid. = 0.34 KG (aprox.),"0,98€/kg","0,33€ / Unid.",
TAMPAO NORMAL,UNÍ VERT,Emb. 16 UNID.,"1,55€","0,10€ / UNID.",
Café Solúvel Sélection,PLANTATION,Frasco 0.2 KG,"2,89€","14,45€ / KG",
Iogurte Magro Morango Kiwi Banana E Pêssego 8 Unid.,MIMOSA,Emb. 0.96 KG,"2,49€","2,59€ / KG",
Néctar Clássico Ananás,COMPAL,Emb. 1 LT,"1,59€","1,59€ / LT",
Cuecas Incontinência Discreet L,AUSONIA,Emb. 7 UNID.,"5,99€","0,86€ / UNID.",
Vinho Tinto do Douro Reserva,CADÃO,Emb. 0.75 LT,"4,79€","6,39€ / LT",
Sabonete Sólido Amêndoa Doce 6 Unid.,MANAVA,Emb. 6 UNID.,"3,29€","0,55€ / UNID.",
Sultana Preta,MARQUE REPERE,Emb. 0.2 KG,"0,79€","3,95€ / KG",
ESPUMA BARBEAR HIDRATANTE/FRESCO 250ML,CARRÉ HOMME,Emb. 0.25 LT,"1,39€","5,56€ / LT",
Saleiro,,1 UNID.,"1,00€","1,00€ / UNID.",
Conserva de Tremoço Extra,RUSTICA,Frasco 0.87 KG,"2,75€","3,16€ / KG",
Iogurte Líquido Déli´Up Morango 10x100g,DÉLISSE,Emb. 1 KG,"2,39€","2,39€ / KG",
Cerveja com Álcool 24x20cl,SUPER BOCK,Emb. 4.8 LT,"9,99€","2,08€ / LT",
Ovas de Peixe Lapa vermelho,RONDE DES MERS,Emb. 0.1 KG,"3,99€","39,90€ / KG",
"Mini Gelados de Chocolate Classic, de Amêndoas e de Branco Pack 6",MAGNUM,Emb. 0.33 LT,"2,99€","9,06€ / LT",
Café Solúvel,DELTA,Frasco 0.1 KG,"2,19€","21,90€ / KG",
Cereais Aveia e Morango,NESTUM,Emb. 0.25 KG,"1,49€","5,96€ / KG",
Tira-Nódoas em Spray,SKIP,Emb. 0.5 LT,"2,99€","5,98€ / LT",
Iogurte Líquido Frutos Variados,YOCO,Emb. 0.54 KG,"2,29€","4,24€ / KG",
Chispalhada S/ Corantes,NOBRE,Lata 0.42 KG,"1,76€","4,19€ / KG",
Alimento Completo Cereais P/ Coelhos Anões,TOUS MES AMIS,Emb. 2.5 KG,"5,89€","2,36€ / KG",
Gordura 100% Vegetal,NAT&VIE,Emb. 1 KG,"5,39€","5,39€ / KG",
Leite Bem Essencial C/ Chocolate UHT 4 Unid.,MIMOSA,Emb. 0.8 LT,"1,89€","2,36€ / LT",
Calippo Morango,OLÁ,Emb. 0.525 LT,"2,49€","4,74€ / LT",
Miolo de Amêndoa C/ Pele,MARQUE REPERE,Emb. 0.225 KG,"2,90€","12,89€ / KG",
Preparado para Bolo Fondant de Chocolate sem Glúten,CHAQUE JOUR SANS GLUTEN,Emb. 0.5 KG,"3,39€","6,78€ / KG",
Toalhitas WC Criança Origem Vegetal,MOTS D'ENFANTS,Emb. 60 UNID.,"1,65€","0,03€ / UNID.",
Creme Culinário Líquido Veggie,NAT&VIE,,"2,49€",/ Unid.,
Néctar Clássico Pêssego,JAFADEN,Emb. 1 LT,"0,89€","0,89€ / LT",
Máquinas de Barbear Descartáveis Blue II,GILLETTE,Emb. 6 UNID.,"2,69€","0,45€ / UNID.",
Refrigerante C/ Gás Cola,ECO+,Garrafa 2 LT,"0,79€","0,40€ / LT",
Gel Efeito Molhado Extra Forte 3,VITANOVE,Emb. 0.3 L,"2,29€","7,63€ / L",
YOFU SOJA PESSEGO/EXOTI 4x125G,ALPRO,Emb. 0.5 KG,"2,29€","4,58€ / KG",
Gelatina Light de Mirtilo 2x15g,CONDI,Emb. 0.03 KG,"1,68€","56,00€ / KG",
Conserva de Milho Doce,NOTRE JARDIN,Lata 0.285 KG,"0,75€","2,63€ / KG",
Alimento Seco P/ Gatos Esterilizados Salmão,PURINA FRISKIES,Emb. 1.5 KG,"6,99€","4,66€ / KG",
Vinho Rosé Emotions,MATEUS,Garrafa 0.75 LT,"3,49€","4,65€ / LT",
ALHO FRANCÊS RONDELLE,NOTRE JARDIN,Emb. 1 KG,"1,19€","1,19€ / KG",
NATAS LIQUIDAS UHT GARRAFA 15%MG,DÉLISSE,Emb. 0.5 KG,"1,89€","3,78€ / KG",
Palmiers Biológicos,,Emb. 0.1 KG,"1,09€","10,90€ / KG",
Vinho Tinto,D. JOÃO I,Bag in Box 5 LT,"7,99€","1,60€ / LT",
Mini Bolos Recheados de Chocolate 7 Unidades,P'TIT DÉLI,Emb. 0.189 KG,"1,39€","7,35€ / KG",
Sobremesa Láctea com Coco e Ovos 4x100g,DÉLISSE,Emb. 0.4 KG,"2,39€","5,98€ / KG",
Alimento Seco P/ Gato Adulto C/ Digestão Sensível,PURINA ONE,Emb. 0.8 KG,"6,64€","8,30€ / KG",
Limpa Máquinas da Roupa,XAU,Emb. 0.25 LT,"3,99€","15,96€ / LT",
Vinho Tinto Bag in Box,ALMA DE PIAS,Emb. 5 LT,"6,79€","1,36€ / LT",
Tarte Gelada Baunilha,VIENNETTA,Emb. 0.65 LT,"2,44€","3,75€ / LT",
Batatas Julianas Ultracongeladas,PESCANOVA,Emb. 1 KG,"2,79€","2,79€ / KG",
Iogurte Líquido Framboesa,DÉLISSE,Emb. 0.85 LT,"1,09€","1,28€ / LT",
Penso Incontinência Discreet Normal,AUSONIA,Emb. 12 UNID.,"2,24€","0,19€ / UNID.",
Refrigerante C/ Gás S/ Açúcar Pack 6,COCA COLA,Emb. 1.98 LT,"4,30€","2,17€ / LT",
Morcela Preta com Cebola,TRADILÈGE,Emb. 0.375 KG,"2,99€","7,97€ / KG",
Vinho A.O.C. Sauternes 2014,CHANTET BLANET,Garrafa 0.75 LT,"9,99€","13,32€ / LT",
Leite Hidratante Apaziguante Aveia,ULTRA SUAVE,Emb. 0.4 LT,"4,35€","10,88€ / LT",
Ervilhas Ultracongeladas,IGLO,Emb. 0.7 KG,"3,99€","5,70€ / KG",
CONES DE MILHO,TOKAPI,Emb. 0.085 KG,"0,73€","8,59€ / KG",
Vinagre Sidra Biológico,,Garrafa 0.75 LT,"2,19€","2,92€ / LT",
Folhado de Salsicha,,1 UNID.,"0,95€","0,95€ / UNID.",
Gel Banho Termal SPA,MANAVA,Emb. 0.75 LT,"1,69€","2,25€ / LT",
Tomate Cherry,,Emb. 0.25 KG,"1,24€","4,96€ / KG",
Azeite Subtil,GALLO,Garrafa 2 LT,"10,39€","5,20€ / LT",
Cebola Roxa,,Emb. 0.5 KG,"1,69€","3,38€ / KG",
Pastilha Elástica Canela sem Açúcar,CHICLETS,Emb. 0.017 KG,"0,89€","52,35€ / KG",
Cebolas,,Emb. 2 KG,"2,18€","1,09€ / KG",
Cerveja com Álcool,SAGRES,Garrafa 1 LT,"1,69€","1,69€ / LT",
KETCHUP TOP DOWN,RUSTICA,Emb. 0.56 KG,"1,22€","2,18€ / KG",
BARRAS CEREAIS CHOCOLATE LEITE E AVELA,GRAINEA,Emb. 0.4 KG,"1,25€","3,13€ / KG",
Hamburger de Carne de Vaca Ultracongelado,,Emb. 10 UNID.,"8,99€","0,90€ / UNID.",
GLISS ULTIMATE REPAIR CONDICIONADOR,GLISS,Emb. 0.2 LT,"2,24€","11,20€ / LT",
Mini Rissóis de Carne 20 Unid.,SNR,Emb. 0.4 KG,"3,30€","8,25€ / KG",
PUDIM FLAN C/ CARAMELO 12UN,DÉLISSE,Emb. 1.2 KG,"2,59€","2,16€ / KG",
BANDAS DEPILATORIAS CERA FRIA PELE SENSIVEL VIAGEM 20UN,SLISS,Emb. 0.2 LT,"1,95€","9,75€ / LT",
Ossos Prensados 14Cm,TOUS MES AMIS,Emb. 2 UNID.,"2,09€","1,05€ / UNID.",
Creme Anti-Rugas Q10 Plus,NIVEA,Emb. 0.04 LT,"11,54€","288,50€ / LT",
TEMPERO BARBECUE PARA CARNE DE PORCO E SACO P/ ASSAR,RUSTICA,Emb. 0.028 KG,"0,75€","26,79€ / KG",
Molho de Nata Peixe,MIMOSA,Emb. 0.2 LT,"0,98€","4,90€ / LT",
Atum em Azeite,BOM PETISCO,Emb. 0.12 KG,"1,39€","11,58€ / KG",
Conserva de Pickles em Vinagre,RUSTICA,Frasco 0.36 KG,"1,69€","4,69€ / KG",
Mortadela,CHARCUTARIA,1 Unid. = 0.2 KG (aprox.),"4,99€/kg","1,00€ / Unid.",
Vinho Regional Península de Setúbal Tinto,FONTANARIO,Garrafa 0.75 LT,"2,89€","3,85€ / LT",
Sumo Multifrutos 6 Unid.,JAFADEN,Emb. 1200 LT,"1,59€","0,00€ / LT",
Liégeois Baunilha 8x100g,DÉLISSE,Emb. 0.8 KG,"2,75€","3,44€ / KG",
Café Ricoré,DOLCE GUSTO,Emb. 16 CAPS.,"4,79€","0,30€ / CAPS.",
Bolacha Maria,CUÉTARA,Emb. 0.2 KG,"0,89€","4,45€ / KG",
Pantene Micelar Purifica & Revitaliza Condicionador,PANTENE,Emb. 0.3 LT,"4,23€","14,10€ / LT",
Vinho Regional Alentejano Tinto,MONTE DAS SERVAS,Garrafa 0.75 LT,"5,99€","7,99€ / LT",
Vinho Rosé Frisante,MONTARRO,Garrafa 0.75 LT,"1,89€","2,52€ / LT",
Caramelos de Fruta,COPAÍNS COPINES,Emb. 0.25 KG,"0,99€","3,96€ / KG",
CAPS CAFE COMP C/ NESP XL FORTISSIMO,PLANTATION,40 UNID.,"7,49€","0,19€ / UNID.",
Iogurte Grego Natural 4 Unid.,YAOS,Emb. 0.44 KG,"2,29€","5,20€ / KG",
Amendoins no Forno,MATUTANO,Emb. 0.2 KG,"2,29€","11,45€ / KG",
Maionese com Mostarda de Dijon com Baixo Teor de Gordura,RUSTICA,Emb. 0.45 KG,"1,35€","3,00€ / KG",
Bloco Sanitário power 5 duo pack lime,DOMESTOS,Emb. 0.11 KG,"2,74€","24,91€ / KG",
Caldos Legumes Desidratado Biológico 8x80g,,Emb. 0.08 KG,"1,39€","17,38€ / KG",
CAVALINHA EM ÓLEO VEGETAL,PITEU,Emb. 0.12 KG,"0,96€","8,00€ / KG",
Creme Intensivo Corporal,DOVE,Emb. 0.15 LT,"2,59€","17,27€ / LT",
Cereais de Chocolate,CHOCAPIC,Emb. 0.625 KG,"3,52€","5,63€ / KG",
Canela Moída,MARGÃO,Emb. 0.039 KG,"2,29€","58,72€ / KG",
MOLHO COCKTAIL 253ML,CALVÉ,Emb. 0.253,"2,39€","9,45€ /",
Dentífrico Maximum Protection Caries,COLGATE,Emb. 0.075 LT,"1,99€","26,53€ / LT",
LENCOS FACIAIS 3F ECO,UNÍ VERT,Emb. 100 UNID.,"1,29€","0,01€ / UNID.",
Leite Creme de Café 4X100G,DÉLISSE,Emb. 0.4 KG,"2,39€","5,98€ / KG",
Faqueiro Conjunto 24 Peças Inox,TROQUET ANIS,1 UNID.,"9,90€","9,90€ / UNID.",
Queijo Fatiado -50% Gordura 2X200 g,LIMIANO,Emb. 0.4 KG,"3,89€","9,73€ / KG",
Protector de Cama CoverPro 60x90cm,AFFECTIVE,Emb. 20 UNID.,"8,99€","0,45€ / UNID.",
Bolo com Recheio de Creme de Cacau e Leite 228 g,BOLLYCAO,Emb. 4 UNID.,"1,99€","0,50€ / UNID.",
Champanhe Bruto,POL CARSON,Garrafa 0.375 LT,"9,89€","26,37€ / LT",
Gelado de Nata,CARTE D'OR,Emb. 0.75 LT,"1,94€","2,59€ / LT",
Gel Banho 1/4 Creme Hidratante,MANAVA,Emb. 0.75 LT,"1,79€","2,39€ / LT",
Chourição Gran Doblon Picante,CAMPOFRIO,1 Unid. = 0.1 KG (aprox.),"16,99€/kg","1,70€ / Unid.",
Iogurte Infantil Morango 4x120g,DANONE,Emb. 0.48 KG,"1,69€","3,52€ / KG",
DESODORIZANTE SPRAY ATTIRANT MEN 200ML,CARRÉ HOMME,Emb. 0.2 LT,"1,19€","5,95€ / LT",
Pevide de Abóbora C/ Casca C/ Sal,MARQUE REPERE,Emb. 0.2 KG,"1,99€","9,95€ / KG",
SACOS LIXO C/ ATILHO 130L,ELEMBAL,Emb. 10 UNID.,"2,39€","0,24€ / UNID.",
FARINHA DE TRIGO SEMI-INTEGRAL BIO,,Emb. 1 KG,"1,49€","1,49€ / KG",
Néctar Clássico Pera,JAFADEN,Emb. 1 LT,"0,89€","0,89€ / LT",
Cera Depilatória Profissional Natural de Abelha,VEET,Emb. 0.3 KG,"12,49€","41,63€ / KG",
ALIMENTO HUMIDO EM GELEIA FRANGO/FIGADO/CENOURA P/ CAO 1230G,LYDOG,Emb. 1 KG,"2,05€","2,05€ / KG",
Leite Magro em Pó,DÉLISSE,Emb. 0.3 KG,"2,79€","9,30€ / KG",
Pantene Frizz Control & Luminosidade Condicionador 160 ml,,Emb. 0.16 LT,"4,99€","31,19€ / LT",
HAMBURGUER DE PERU 4UN,CHANTEGRIL,Emb. 0.32 KG,"1,99€","6,22€ / KG",
Legumes Grelhados Salteados Congelados,NOTRE JARDIN,Emb. 0.75 KG,"2,69€","3,59€ / KG",
Queijo Mistura Grande,ALAVÃO,1 Unid. = 1.825 KG (aprox.),"8,99€/kg","16,41€ / Unid.",
Pasta Arquivo Lombada Larga Marmoreada,ESQUISSE,Emb. 1 UNID.,"1,69€","1,69€ / UNID.",
Bebida de Soja Natural Biológica,,Emb. 1 L,"1,09€","1,09€ / L",
BATATA NOVA SALTEADA C/ AZEITE E SAL MARINHO,POM'LISSE,Emb. 0.45 KG,"2,45€","5,44€ / KG",
Conserva de Milho Doce,NOTRE JARDIN,Emb. 0.42 KG,"1,73€","4,12€ / KG",
Alimento Seco para Cão Croquetes Júnior Carne de Ave,LYDOG,Emb. 4 KG,"5,89€","1,47€ / KG",
Batatas Pré-Fritas Congeladas,POM'LISSE,Emb. 2.5 KG,"3,69€","1,48€ / KG",
Iogurte Sólido Proteíco Framboesa Lindahls,NESTLÉ,Emb. 0.15 KG,"1,09€","7,27€ / KG",
Alimento Seco P/ Gato de Salmão,PURINA,Emb. 1.5 KG,"8,39€","5,59€ / KG",
TOALHITAS MOVEIS PERFUMADAS,CLAIR,Emb. 24 UNID.,"1,19€","0,05€ / UNID.",
Johnson's Gel de Banho Bons Sonhos,JOHNSON'S BABY,Emb. 0.5,"3,89€","7,78€ /",
"Refrigerante com Gás Laranja Lata 6x0,33L",SUMOL,Emb. 1.98 LT,"4,39€","2,22€ / LT",
Compota de Frutas Maçã e Framboesa sem Adição de Açúcares 4x100g,DOUCEUR DU VERGER,Emb. 0.4 KG,"1,10€","2,75€ / KG",
"MISTURA DE LEGUMES (BROCULOS, COUVE FLOR E CENOURA)",NOTRE JARDIN,Emb. 1 KG,"2,19€","2,19€ / KG",
Cajú Torrado e Salgado,TOKAPI,Emb. 0.125 KG,"2,55€","20,40€ / KG",
CEREAIS RECHEADOS C/ CHOCO,P'TIT DÉLI,Emb. 0.65 KG,"2,89€","4,45€ / KG",
Biscoitos com Recheio de Figo Biológico,,Emb. 0.12 KG,"1,99€","16,58€ / KG",
Creme Soft Hidratante Intensiva,NIVEA,Emb. 0.05 LT,"1,69€","33,80€ / LT",
Massa Cotovelos,ECO+,Emb. 0.5 KG,"0,65€","1,30€ / KG",
Banana da Madeira,,1 Unid. = 0.18 KG (aprox.),"2,99€/kg","0,54€ / Unid.",
VILEDA SACOS P/CUBO DE GELO 10UN,VILEDA,Emb. 10 UNID.,"1,98€","0,20€ / UNID.",
Bolachas Cobertas com Chocolate de Leite,OREO,Emb. 0.246 KG,"2,99€","12,15€ / KG",
Syoss Oieo Intense 5-54 Castanho Claro Cendré,SYOSS,,"6,24€",/ Unid.,
Espuma de Barbear,,,"0,99€",/ Unid.,
Tablete de Chocolate Preto com Raspa de Laranja Biológico,,Emb. 0.1 KG,"1,99€","19,90€ / KG",
Água C/ Gás 6 Unid.,SAINT DIERY,Emb. 3 LT,"1,59€","0,53€ / LT",
Sapateira Cozida,,1 Unid. = 0.63 KG (aprox.),"10,99€/kg","10,99€ / Unid.",
Arroz Estufado,CAÇAROLA,Emb. 1 KG,"1,24€","1,24€ / KG",
Gel De Banho Hidra Essencial,VASELINE,Emb. 0.7 LT,"3,59€","5,13€ / LT",
BAGUETE DE ALHO 2UN,CÔTÉ TABLE,Emb. 0.35 KG,"1,35€","3,86€ / KG",
Paio Serra da Estrela,QUINTA DE JUGAIS,Emb. 0.38 KG,"6,89€","18,13€ / KG",
RECARGAS MOPA 40,CLAIR,Emb. 40 UNID.,"2,99€","0,07€ / UNID.",
Pescada Branca,,1 Unid. = 1 KG (aprox.),"8,99€/kg","8,99€ / Unid.",
Durex Gel Intense Orgasmic,DUREX,Emb. 0.01 LT,"9,44€","944,00€ / LT",
Wafers com Cobertura Chocolate de Leite,P'TIT DÉLI,Emb. 0.175 KG,"1,75€","10,00€ / KG",
Azeite Virgem,OLIVEIRA DA SERRA,Garrafa 0.75 LT,"3,58€","4,77€ / LT",
Manteiga Magra Sal,PRÉSIDENT,Emb. 0.25 KG,"2,29€","9,16€ / KG",
Esparguete Clássica,NACIONAL,Emb. 1 KG,"1,72€","1,72€ / KG",
Néctar Vital Equilíbrio Laranja Cenoura Manga,COMPAL,Emb. 1 LT,"1,45€","1,45€ / LT",
Salsichas Cocktail,TRADILÈGE,Emb. 0.4 KG,"3,39€","8,48€ / KG",
COLORACAO VEGETAL HENA COBRE BIO,BIONAÏA,Emb. 1 UNID.,"6,99€","6,99€ / UNID.",
Conserva de Cassoulet,,Lata 0.84 KG,"2,39€","2,85€ / KG",
Alimento Seco P/ Cão Adulto + de 10 Kg Frango C/ Arroz,PURINA,Emb. 2.5 KG,"13,99€","5,60€ / KG",
Chantilly,PRÉSIDENT,Emb. 0.25 Kg,"2,59€","10,36€ / Kg",
Pão Bimbo 10 Cereais Com Côdea,BIMBO,Emb. 0.45 KG,"1,49€","3,31€ / KG",
Choco Limpo,,1 Unid. = 0.5 KG (aprox.),"9,99€/kg","5,00€ / Unid.",
Leite Magro em Pó,DÉLISSE,Emb. 0.75 KG,"6,29€","8,39€ / KG",
Passador,ARDENCE,1 UNID.,"1,95€","1,95€ / UNID.",
Pensos Incontinencia Anatómicos Máxima,LINDOR,Emb. 20 UNID.,"10,88€","0,54€ / UNID.",
Cereais Cookie'z Chocolate,NACIONAL,Emb. 0.3 KG,"1,69€","5,63€ / KG",
PATE CAMPESTRE C/ COGUMELOS,CÔTÉ TABLE,Emb. 0.18 KG,"1,29€","7,17€ / KG",
Vinho Regional Península de Setúbal Branco,FONTANARIO,Garrafa 0.75 LT,"2,89€","3,85€ / LT",
Espumante Meio Seco,SALVE,Garrafa 0.75 LT,"2,79€","3,72€ / LT",
Aperitivo,RICARD,Garrafa 0.7 LT,"13,49€","19,27€ / LT",
Bagas de Goji Alto Teor em Fibra,CEM PORCENTO,Emb. 0.125 KG,"3,29€","26,32€ / KG",
Salpicão,PRIMOR,Emb. 0.24 KG,"3,49€","14,54€ / KG",
Refrigerante Mini C/ Gás Zero Açúcar Zero Cafeína,COCA COLA,Emb. 0.15 LT,"0,47€","3,13€ / LT",
Queijo Curado Brie,COEUR DE LION,Emb. 0.2 KG,"3,39€","16,95€ / KG",
Tirinhas de Bacon ao Natural 2x100g,TRADILÈGE,Emb. 0.2 KG,"2,19€","10,95€ / KG",
Bolachas Maria Oro,CUÉTARA,Emb. 0.2 KG,"1,04€","5,20€ / KG",
Champô Cabelo Anti-caspa Power,NIVEA MEN,Emb. 0.25 LT,"3,16€","12,64€ / LT",
TIRA NODOAS OXIGENIO ACTIVO EM GEL 750ML,TEXIL,Emb. 0.75 LT,"2,19€","2,92€ / LT",
Salsichas Hot Dog 6 unid.,CÔTÉ TABLE,Emb. 0.25 KG,"1,49€","5,96€ / KG",
QUEIJO EDAM LIGHT FATIADO,QUEIJO NA TÁBUA,Emb. 0.15 KG,"1,54€","10,27€ / KG",
Queijo Mistura Vaca e Ovelha Pequeno,PAIVA,Emb. 0.5 KG (aprox.),"5,38€","10,76€ / KG",
LEITE AROMA MORANGO 6X200ML DELISSE,DÉLISSE,Emb. 1.2 LT,"1,59€","1,33€ / LT",
Mel Top Down,NID D'ABEILLE,Emb. 0.5 KG,"3,49€","6,98€ / KG",
Cogumelo Branco Inteiro,,1 Unid. = 0.3 KG  (aprox.),"1,99€/kg","1,99€ / Unid.",
Mini Quadrados Chocolate Preto,EQUADOR,Emb. 0.2 KG,"2,79€","13,95€ / KG",
Água com Gás 6x33cl,CARVALHELHOS,Emb. 1.98 LT,"2,66€","1,34€ / LT",
Vinho Tinto,ADEGA DE MURÇA,Garrafa 0.75 LT,"1,69€","2,25€ / LT",
Café Moagem Universal Colombia,DELTA,Emb. 0.22 KG,"2,39€","10,86€ / KG",
MORTADELA FATIADA,CAMPO FINO,Emb. 0.2 KG,"0,99€","4,95€ / KG",
Refrigerante com Gás Ananás,SUMOL,Garrafa 1.25 LT,"1,22€","0,98€ / LT",
Cebola Roxa,,1 Unid. = 0.5 KG  (aprox.),"1,59€/kg","1,59€ / Unid.",
Iogurte Líquido Morango Banana 4x155g,DANONE,Emb. 0.62 KG,"1,39€","2,24€ / KG",
Amendoins Sal e Mel,MATUTANO,Emb. 0.15 KG,"2,59€","17,27€ / KG",
Vinagre Balsâmico de Modena,,Garrafa 0.05 LT,"2,39€","47,80€ / LT",
PATE VACA P/ GATO 100G,ECO+,Emb. 0.1 KG,"0,27€","2,70€ / KG",
Azeite Virgem Extra Bio Frutado,GALLO,Emb. 0.75 LT,"4,99€","6,65€ / LT",
Gomas Amoras,COPAÍNS COPINES,Emb. 0.2 KG,"0,99€","4,95€ / KG",
GELADO 6 BAUNILHA / 6 CHOCOLATE,SMICY,Emb. 12 UNID.,"2,99€","0,25€ / UNID.",
PAO ESPECIAL TRIGO E CENTEIO INTEGRAL,EPI D'OR,Emb. 0.4 KG,"1,30€","3,25€ / KG",
SNACK CHIPZ MAÇÃ FRUUT 20G,,Emb. 0.02 KG,"0,85€","42,50€ / KG",
CREME LIMPEZA  750ML,CLAIR,Emb. 0.75 LT,"0,79€","1,05€ / LT",
Creme de Marisco,KNORR,Emb. 0.06 KG,"1,09€","18,17€ / KG",
Vodka Branca,NOVOTNA,Garrafa 0.7 LT,"7,99€","11,41€ / LT",
Cookies Pepitas de Chocolate Nougat,P'TIT DÉLI,Emb. 0.2 KG,"1,45€","7,25€ / KG",
FAIRY MAO NATURALS LAVANDA 650ML,,Emb. 0.65 LT,"2,54€","3,91€ / LT",
Cápsulas Café Ristretto Ardenza Pack x3,DOLCE GUSTO,Emb. 48 CAPS.,"14,89€","0,31€ / CAPS.",
Leite de Coco,TABLES DU MONDE,Emb. 0.2 LT,"1,09€","5,45€ / LT",
Fruta 100% Maçã Pêra +4 meses 4 Unid.,NESTLÉ,Emb. 0.4 KG,"2,19€","5,48€ / KG",
Preparado Canja de Galinha Económica,KNORR,Emb. 0.061 KG,"1,09€","17,87€ / KG",
Halls Sem Açúcar Eucalipto,HALLS,Emb. 0.032 KG,"0,78€","24,38€ / KG",
BEBIDA SOJA CHOCOLATE 3x250ML,ALPRO,Emb. 0.75 LT,"1,79€","2,39€ / LT",
"AGUA FASTIO S/GAS GO, 50CL",FASTIO,,"0,44€",/ Unid.,
Rebuçados Sabor a Menta,ECO+,Emb. 0.24 KG,"0,89€","3,71€ / KG",
Café Cápsulas Pure Cevada,DELTA,Emb. 10 CAPS.,"2,47€","0,25€ / CAPS.",
MINI PIZZAS 3 QUEIJOS 9UN,TURINI,Emb. 0.27 KG,"2,39€","8,85€ / KG",
GEL EFEITO INVISIVEL C.CREATEUR 300ML,VITANOVE,Emb. 0.3 LT,"2,29€","7,63€ / LT",
Cerveja C/ Álcool 6x25cl,CARLSBERG,Emb. 1.5 LT,"3,59€","2,39€ / LT",
Gel Aqua Mega Forte 6,NIVEA MEN,Emb. 0.15 LT,"3,59€","23,93€ / LT",
Pudim Caramelo,BOCA DOCE,Emb. 0.022 KG,"0,59€","26,82€ / KG",
Petit Suisse de Chocolate 6 Unid.,NESTLÉ,Emb. 0.36 KG,"2,59€","7,19€ / KG",
Café Delta Em Grão Torrado Chávena,DELTA,Emb. 1 KG,"12,99€","12,99€ / KG",
Pensos Higiénicos Protege-Slip Respirare Maxi,CAREFREE,Emb. 64 UNID.,"5,11€","0,08€ / UNID.",
Bolacha Waffer Rollitos,CUÉTARA,Emb. 0.225 KG,"3,19€","14,18€ / KG",
DESFIADO CARNE PREMIUM P/ GATO ADULTO 4X85G,LYCAT,Emb. 4 UNID.,"1,69€","0,42€ / UNID.",
Pão Bimbo Familiar,BIMBO,Emb. 0.7 KG,"2,09€","2,99€ / KG",
Molho Inglês,RUSTICA,Emb. 0.2 LT,"0,90€","4,50€ / LT",
Sumo Ananás abc 6 Unid.,JAFADEN,Emb. 1.2 LT,"1,45€","1,21€ / LT",
Conjunto 3 Copos Baixos Piana 25cl,ARDENCE,3 UNID.,"1,69€","0,56€ / UNID.",
Compota de Fruta Maçã S/ Adição de Açúcar 4 Unid.,DOUCEUR DU VERGER,Emb. 0.36 KG,"1,89€","5,25€ / KG",
Caldo Natura de Legumes,KNORR,Emb. 0.112 KG,"1,49€","13,30€ / KG",
Preparado em Pó P/ Gelatina de Ananás,ROYAL,Emb. 0.114 KG,"1,47€","12,89€ / KG",
LIMPA TAPETE E ALCATIFA,CLAIR,Emb. 0.6 LT,"2,39€","3,98€ / LT",
Tampa Anti-Gordura de Inox 28/32cm,ARDENCE,1 UNID.,"5,75€","5,75€ / UNID.",
Pizza com Queijo Mozzarella e Tomate Ultracongelado,BUITONI,Emb. 0.35 KG,"2,99€","8,54€ / KG",
Café Cápsulas Double,DELTA,Emb. 10 CAPS.,"3,29€","0,33€ / CAPS.",
Entrecosto de Porco,,1 Unid. = 0.5 KG (aprox.),"4,49€/kg","2,25€ / Unid.",
JOGO 4 TAPETES UNIVERSAL 1UN TECH9,TECH9,Emb. 1 UNID.,"15,29€","15,29€ / UNID.",
Amaciador Cabelos Total Repair,ELVIVE,Emb. 0.2 LT,"3,99€","19,95€ / LT",
Puré Fruta Vários Sabores S/ Adição Açúcares,DOUCEUR DU VERGER,Emb. 1.6 KG,"4,64€","2,90€ / KG",
Conserva Tomates Pelados Biológicos,,Lata 0.4 KG,"0,99€","2,48€ / KG",
Iogurte Mix-in Smarties 80% Leite 2 Unid.,NESTLÉ,Emb. 0.256 KG,"2,09€","8,16€ / KG",
Vinho Regional Alentejano Tinto,GALITOS,Bag in Box 5 LT,"9,99€","2,00€ / LT",
AÇAI SPORT MORANGO 205gr demarchi,,,"2,79€",/ Unid.,
DENTIFRICO COCO/ALOE VERA BIO,BIONAÏA,Emb. 0.075 LT,"1,99€","26,53€ / LT",
TARTELETES PURA MANTEIGA C/ RECHEIO CARAMELO E COB CHOCOLATE LEITE,P'TIT DÉLI,Emb. 0.127,"1,29€","10,16€ /",
Iogurte Bifidus Cremoso Lima/Limão 4 Unid.,DANONE,Emb. 0.48 KG,"1,99€","4,15€ / KG",
Guardanapos 2 Folhas Gold 39x39 cm,RENOVA,Emb. 40 UNID.,"1,49€","0,04€ / UNID.",
Douradinho de Vegetais 10 Unid. Ultracongelados,IGLO,Emb. 0.284 KG,"3,29€","11,58€ / KG",
Marcadores de Colorir Laváveis Ponta Média,ESQUISSE,Emb. 24 UNID.,"2,23€","0,09€ / UNID.",
Bolachas Tosta Rica Mini Go,CUÉTARA,Emb. 0.24 KG,"2,69€","11,21€ / KG",
Ice Tea de Limão 3x20 cl,LIPTON,Emb. 0.6 LT,"1,17€","1,95€ / LT",
GELADO EM TUBO TROFI'TUBS 20UN,SMICY,Emb. 20 UNID.,"2,59€","0,13€ / UNID.",
Iogurte Bifidus Líquido Framboesa e Romã 4 Unid.,ACTIVIA,Emb. 0.62 KG,"1,89€","3,05€ / KG",
Pastilhas 60 Minutos Peppermint,TRIDENT,Emb. 0.02 KG,"0,94€","47,00€ / KG",
Tostas Briochés Nature,EPI D'OR,Emb. 0.125 KG,"1,25€","10,00€ / KG",
Cereais Muesli Chocolate,GRAINEA,Emb. 0.5 KG,"2,50€","5,00€ / KG",
Ambientador Vela Frutos Vermelhos da Montanha,AIRWICK,Emb. 0.32 KG,"2,84€","8,88€ / KG",
Bolachas Fibralia 5 Cereais,CUÉTARA,Emb. 0.5 KG,"2,96€","5,92€ / KG",
MASSA PENNE RIGATE INTEGRAL,TURINI,Emb. 0.5 KG,"1,29€","2,58€ / KG",
Faca de Cozinha 9cm,,1 UNID.,"5,05€","5,05€ / UNID.",
Luva Limpeza Tamanho S,MAMISON,Emb. 1 UNID.,"0,69€","0,69€ / UNID.",
BACALHAU ESPIRITUAL 350G,CÔTÉ TABLE,Emb. 0.35 KG,"2,89€","8,26€ / KG",
MINI PETIT GATEAU CHOCOLATE 8UN,AUTOUR DU DESSERT,Emb. 0.192 KG,"3,49€","18,18€ / KG",
Espuma de Barbear Pele Sensível,GILLETTE,Emb. 0.2 LT,"2,59€","12,95€ / LT",
Máscara Repara Azeite de Argão de Marrocos,HERBAL ESSENCES,Emb. 0.25 LT,"3,99€","15,96€ / LT",
Arroz Vaporizado,COMPTOÍR DU GRAIN,Emb. 1 KG,"0,99€","0,99€ / KG",
GRAO DE BICO  3X200G,NOTRE JARDIN,Emb. 0.6 KG,"1,69€","2,82€ / KG",
PROTETOR SOLAR SPRAY IP50+ SENSITIVE 200ML,AMBRE SOLAIRE,Emb. 0.2 LT,"16,82€","84,10€ / LT",
RECARGA MICROF.BALDE COM PEDAL,VILEDA,,"5,60€",/ Unid.,
Cheetos Rolitos,CHEETOS,Emb. 0.1 KG,"1,65€","16,50€ / KG",
Pinhões,TABLIER BLANC,Emb. 0.05 KG,"2,89€","57,80€ / KG",
Johnson's Baby Champô Gotas de Brilho,JOHNSON'S BABY,Emb. 0.5,"5,02€","10,04€ /",
Faneca Média,,1 Unid. = 0.1 KG (aprox.),"5,99€/kg","0,60€ / Unid.",
Detergente Liquido para Roupa Sabão Azul e Branco,PERSIL,Emb. 80 DOSES,"9,99€","0,12€ / DOSES",
Canela Moída,MARGÃO,Emb. 0.045 KG,"1,42€","31,56€ / KG",
Iogurte Sólido Proteíco Stracciatella Lindahls,NESTLÉ,Emb. 0.15 KG,"1,09€","7,27€ / KG",
Vinho Regional Douro Tinto,ESTEVA,Garrafa 0.75 LT,"3,69€","4,92€ / LT",
Pérolas de Perfume para Roupa,LENOR,Emb. 0.21 KG,"7,69€","36,62€ / KG",
Gelado Tyrolia Frutos Vermelhos,ESKISS,Emb. 0.65 LT,"2,15€","3,31€ / LT",
Deosodorizante Spray Invisible Black & White Fresh,NIVEA MEN,Emb. 0.15 L,"2,79€","18,60€ / L",
Azeitonas Verdes S/ Caroço C/ Queijo,COULEURS VIVES,Emb. 0.15 KG,"1,99€","13,27€ / KG",
Martini Rosso,MARTINI,Garrafa 1 LT,"9,99€","9,99€ / LT",
Sabonete Sólido Flor Laranjeira,MANAVA,Emb. 0.1 KG,"0,59€","5,90€ / KG",
Conserva de Feijão Manteiga,NOTRE JARDIN,Lata 0.425 KG,"0,75€","1,76€ / KG",
Vinho do Porto Branco,DORRÃO,Garrafa 0.75 LT,"3,99€","5,32€ / LT",
Alimento Húmido P/ Gato Frango e Cenoura,GOURMET GOLD,Emb. 0.085 KG,"0,75€","8,82€ / KG",
Sardinha em Azeite,BOM PETISCO,Emb. 0.12 KG,"1,08€","9,00€ / KG",
BARRA DE BOLACHA C/ COB CHOCOLATE E RECH DE LEITE,P'TIT DÉLI,Emb. 0.13 KG,"1,64€","12,62€ / KG",
Açúcar Branco em Pedaços,,Emb. 1 KG,"0,99€","0,99€ / KG",
Gelado Strawberry Merengue,CARTE D'OR,Emb. 0.9 LT,"3,29€","3,66€ / LT",
COCKTAIL 4 FRUTOS EM CALDA,DOUCEUR DU VERGER,Emb. 0.25 KG,"0,99€","3,96€ / KG",
BARRA CEREAIS FIGO,GRAINEA,Emb. 0.126 KG,"1,25€","9,92€ / KG",
Erva Doce Moída,MARGÃO,Emb. 0.05 KG,"1,19€","23,80€ / KG",
SACOS LIXO ALTOS FECHO FACIL 50L,ELEMBAL,Emb. 15 UNID.,"1,89€","0,13€ / UNID.",
Kinder SchokobonsT.200 White,KINDER,Emb. 0.2 KG,"3,12€","15,60€ / KG",
Bolachas Ositos Sabor a Mel,ARTIACH,Emb. 4 UNID.,"2,09€","0,52€ / UNID.",
Pasta Pot Cogumelos,KNORR,Emb. 0.07 KG,"1,24€","17,71€ / KG",
AFTERSHAVE LOCAO SOFT GREEN 100ML,CARRÉ HOMME,Emb. 0.1 LT,"2,29€","22,90€ / LT",
Migas Bacalhau da Noruega,,Emb. 0.4 KG,"4,69€","11,73€ / KG",
Alface Frisada,,1 Unid. = 0.4 KG (aprox.),"1,69€/kg","0,68€ / Unid.",
Iogurte Infantil Morango e Banana 6x50g,DANONINHO,Emb. 0.3 KG,"1,89€","6,30€ / KG",
Rissóis Mistos 8 Unid.,,Emb. 0.35 KG,"2,15€","6,14€ / KG",
MANTEIGA SEM SAL BIO,,Emb. 0.25 KG,"2,69€","10,76€ / KG",
GEL BARBEAR REVITALIZANTE 200ML,CARRÉ HOMME,Emb. 0.2 LT,"1,49€","7,45€ / LT",
Queijo Amarelo da Beira Baixa Dop,DAMAR,1 Unid. = 0.45 KG (aprox.),"19,99€/kg","9,00€ / Unid.",
MINI COOKIES POCKET,P'TIT DÉLI,Emb. 0.16 KG,"1,66€","10,38€ / KG",
Iogurte Líquido S/ Lactose Morango 4 Unid.,YOGGI,Emb. 0.64 KG,"2,19€","3,42€ / KG",
CALDO DE AVES 8 CUBOS BIO,,Emb. 0.08,"1,39€","17,38€ /",
"Bolachas gérmen de Trigo, Soja e Figo",NAT&VIE,Emb. 0.2 KG,"1,70€","8,50€ / KG",
Dentífrico Infantil 3+ Anos,ORAL B,Emb. 0.75 LT,"2,59€","3,45€ / LT",
Refrigerante C/ Gás,COCA COLA,Lata 0.33 LT,"0,77€","2,33€ / LT",
Snacks Palitos,CHEETOS,Emb. 0.096 KG,"1,65€","17,19€ / KG",
Iogurte Líquido Tutti Frutti 8 Unid.,YOGGI,Emb. 1.28 KG,"3,94€","3,08€ / KG",
Café Solúvel Cappuccino Intenso,NESCAFÉ,Emb. 0.125 KG,"3,19€","25,52€ / KG",
Cavala Cal. 2/3,,1 Unid. = 0.31 KG (aprox.),"3,99€/kg","1,24€ / Unid.",
Refrigerante com Gás Laranja,FRISUMO,Garrafa 1.5 LT,"0,99€","0,66€ / LT",
LINGUICA,CAMPO FINO,Emb. 0.15 KG,"1,19€","7,93€ / KG",
Ambientador Absorve Odores Marinho 2x150gr,BRISE,Emb. 0.3 KG,"2,99€","9,97€ / KG",
Fraldas Bebé T4+ ACTIV+ 9/20 Kg,MOTS D'ENFANTS,Emb. 37 UNID.,"6,59€","0,18€ / UNID.",
Drageia Mastigável de Mentos Rainbow,MENTOS,Emb. 0.12 KG,"1,74€","14,50€ / KG",
Café Cápsulas Qharater Intensidade 9,DELTA,Emb. 10 CAPS.,"3,39€","0,34€ / CAPS.",
Tablete Chocolate Excellence Dark 85%,LINDT,Emb. 0.1 KG,"2,09€","20,90€ / KG",
Alimento Seco P/ Gato Adulto Frango e Cereais,PURINA ONE,Emb. 0.8 KG,"6,49€","8,11€ / KG",
MÁQUINA BARBEAR 3 LAMINAS DESCARTAVEL,CARRÉ HOMME,Emb. 8 UNID.,"4,99€","0,62€ / UNID.",
Ervas de Provence,MARGÃO,Emb. 0.018 KG,"0,99€","55,00€ / KG",
Cereais de Chocolate,NESQUIK,Emb. 0.625 KG,"3,44€","5,50€ / KG",
Prato Sopa Branco Opaco 22cm,,1 UNID.,"1,05€","1,05€ / UNID.",
Vinho Regional Alentejo Branco,MONTE VELHO,Garrafa 0.75 LT,"3,69€","4,92€ / LT",
Líquido Sanitário Desincrustante,NEOBLANC,Emb. 0.7 LT,"2,09€","2,99€ / LT",
Alimento Húmido Gato P/ Gold,GOURMET,Emb. 0.085 KG,"0,73€","8,59€ / KG",
ALHEIRA 200GR - ALHEIRA  ANGELINA,ANGELINA,,"1,29€",/ Unid.,
Bolo de Bolacha,,Emb. 0.5 KG,"5,69€","11,38€ / KG",
Tabuleiro de Vidro Oval 39x27cm,ARDENCE,1 UNID.,"7,90€","7,90€ / UNID.",
Café Solúvel Clássico,NESCAFÉ,Emb. 10 SAQ.,"1,59€","0,16€ / SAQ.",
Conserva de Feijão Branco Cozido Da Horta,COMPAL,Emb. 0.42 KG,"0,99€","2,36€ / KG",
Copo Baixo 28cl,EQUIP HOME,1 UNID.,"1,20€","1,20€ / UNID.",
Desodorizante Roll-On Cobalt Blue,REXONA,Emb. 0.05 LT,"2,39€","47,80€ / LT",
Costeletas de Novilho,,1 Unid. = 0.2 KG (aprox.),"12,99€/kg","2,60€ / Unid.",
Café Cápsulas Decaffeinato Intensidade 2,PLANTATION,Emb. 10 CAPS.,"2,09€","0,21€ / CAPS.",
Bolachas Marinheiras Sem Sal,CEM PORCENTO,Emb. 0.2 KG,"2,69€","13,45€ / KG",
Alimento Seco Cão Vaca Aves,LYDOG,Emb. 14 KG,"14,49€","1,04€ / KG",
Néctar Clássico Manga,COMPAL,Emb. 1 LT,"1,35€","1,35€ / LT",
Rissóis de Camarão,,Emb. 8 UNID.,"1,49€","0,19€ / UNID.",
AGUA C/GAS CAMPILHO 4x25CL,,,"1,19€",/ Unid.,
Pantene Espuma Para volume 200ml,PANTENE PV,Emb. 0.2 LT,"3,74€","18,70€ / LT",
Peixe Espada Preto,,1 Unid. = 1.7 KG (aprox.),"7,99€/kg","13,58€ / Unid.",
Licor Beirão,BEIRÃO,Garrafa 0.7 LT,"10,99€","15,70€ / LT",
Vinagre Balsâmico de Sidra,GALLO,Emb. 0.25 LT,"1,86€","7,44€ / LT",
Johnson's Gel de Banho Cotton Touch,JOHNSON'S BABY,Emb. 0.5,"3,89€","7,78€ /",
Queijo Bola Pequenina,LIMIANO,Emb. 0.6 KG,"5,69€","9,48€ / KG",
Farinha de Trigo T55,ECO+,Emb. 1 KG,"0,60€","0,60€ / KG",
LAVA TUDO SABAO PRETO E FLOR DE LARANJEIRA,CLAIR,Emb. 1.5 LT,"1,39€","0,93€ / LT",
"Iogurte Líquido Magro Manga, Maracujá e Goji 4x155g",CORPOS DANONE,Emb. 0.62 Kg,"1,79€","2,89€ / Kg",
Polpa de Tomate,ECO+,Emb. 0.5 KG,"0,55€","1,10€ / KG",
Johnson\'s Baby Condicionador Penteia Fácil,JOHNSON'S BABY,Emb. 0.5 LT,"4,61€","9,22€ / LT",
Alimento Seco P/ Gato Especial Pele e Pêlo,PURINA,Emb. 0.8 KG,"6,99€","8,74€ / KG",
Dentífrico Menta Fresca 24H,AQUAFRESH,Emb. 0.075 LT,"1,79€","23,87€ / LT",
SPRAY LIMPA JANTES 1 L 1L TECH9,TECH9,Emb. 1 LT,"3,99€","3,99€ / LT",
ALIMENT BEBE: SOBREMESA LACTEA DE FRAMBOESA +6M  4X100G,BIO VILLAGE BEBE,Emb. 0.4 KG,"2,29€","5,73€ / KG",
DETERGENTE MANUAL LOICA ULTRA LIMAO 500ML,VISIOR,Emb. 0.5 LT,"0,89€","1,78€ / LT",
PASTILHA ELASTICA MORANGO BOX x70,NEW'R,Emb. 0.1 KG,"1,80€","18,00€ / KG",
Batido de Cacau S/ Lactose,CACAOLAT,Emb. 1 LT,"1,54€","1,54€ / LT",
Pescada Congelada,,1 Unid. = 1.9 KG (aprox.),"3,99€/kg","7,58€ / Unid.",
Cuecas Incontinência Discreet Pants Plus,AUSONIA,Emb. 8 UNID.,"7,49€","0,94€ / UNID.",
Cerveja com Álcool 15x33cl,SUPER BOCK,Emb. 4.95 LT,"9,99€","2,02€ / LT",
Sobremesa Creme de Café 4x125g,DÉLISSE,Emb. 0.5 KG,"1,59€","3,18€ / KG",
Mistura de Frutos Secos e Uvas-Passas,,Emb. 0.2 KG,"1,99€","9,95€ / KG",
Sais De Fruta Digestivo Laranja,ENO,Emb. 0.15 KG,"6,72€","44,80€ / KG",
Queijo Meio Gordo Pequeno,PAIVA,1 Unid. = 0.55 KG  (aprox.),,,
Dentífrico Limpeza Refrescante,ORAL B,Emb. 0.075 LT,"1,94€","25,87€ / LT",
Spray de Limpeza Nature Cozinha Ultra Desengordurante Limão,,Emb. 0.75 LT,"2,38€","3,17€ / LT",
Ovos Solo M,SNR,Emb. 24 UNID.,"4,59€","0,19€ / UNID.",
Pizza Casa Di Mama Salame,DR. OETKER,Emb. 0.38 LT,"5,39€","14,18€ / LT",
Cevada Solúvel com Cereais,DELTA,Emb. 0.2 KG,"2,84€","14,20€ / KG",
WC Gel Flores de Primavera,NEOBLANC,Emb. 0.7 LT,"2,09€","2,99€ / LT",
Preparado Leite de Creme,ROYAL,Emb. 0.092 KG,"0,89€","9,67€ / KG",
Fralda Cueca T4 8/15 Kg,MOTS D'ENFANTS,Emb. 22 UNID.,"3,95€","0,18€ / UNID.",
Vinho do Porto Ruby,FERREIRA,Garrafa 0.75 LT,"4,99€","6,65€ / LT",
Nata UHT Culinária,MIMOSA,Emb. 0.2 LT,"0,89€","4,45€ / LT",
Néctar Vital Equilíbrio Manga Laranja 3x20cl,COMPAL,Emb. 0.6 LT,"1,39€","2,32€ / LT",
Vinho Regional Douro Branco,TONS DUORUM,Garrafa 0.75 LT,"5,49€","7,32€ / LT",
Refrigerante S/ Gás Laranja 0 Açúcares,AQUARIUS,Emb. 1.5 LT,"2,00€","1,33€ / LT",
Bloco Sanitário Pinho,SONASOL WC,Emb. 2 UNID.,"2,99€","1,50€ / UNID.",
Massa Pevide,MILANEZA,Emb. 0.25 KG,"0,59€","2,36€ / KG",
Fiambre Peito de Peru Fatiado,NOBRE,Emb. 0.12 KG,"2,69€","22,42€ / KG",
Caldo para Bifes 8 Cubos,KNORR,Emb. 0.08 KG,"1,39€","17,38€ / KG",
Tira Nódoas Gel Oxi Action Pink,VANISH,Emb. 0.9 LT,"7,91€","8,79€ / LT",
ACHOCOLATADO GRANULADO,TABLETTE D'OR,Emb. 0.8 KG,"2,99€","3,74€ / KG",
Caixa P/ 12 Ovos Plástico,,1 UNID.,"2,50€","2,50€ / UNID.",
TAMPAO NORMAIS,DOULYS,Emb. 24 UNID.,"1,35€","0,06€ / UNID.",
Alimento Húmido P/ Gato Diamante Atum C/ Camarões,PURINA,Emb. 0.09 KG,"1,49€","16,56€ / KG",
Água sem Gás Original,VIMEIRO,Emb. 1.5 LT,"0,72€","0,48€ / LT",
Recarga Mopa 20 Panos,SWIFFER,Emb. 1 P,"3,14€","3,14€ / P",
Pastilhas Elásticas sem Açúcar Sabor Menta,NEW'R,Emb. 70 UNID.,"1,80€","0,03€ / UNID.",
Refrigerante C/ Gás Pack 4,COCA COLA,Emb. 4 LT,"5,20€","1,30€ / LT",
Cereais de Trigo Integral,FITNESS,Emb. 0.375 KG,"2,69€","7,17€ / KG",
Croissant Recheado de Ovo,,1 UNID.,"0,75€","0,75€ / UNID.",
ACUCAR DE CANA CUBOS BIO,,Emb. 0.5 KG,"1,85€","3,70€ / KG",
Nata com Ervas Aromáticas,PARMALAT,Emb. 0.2 LT,"1,20€","6,00€ / LT",
Iogurte Líquido Danonino Bebedino Morango 4x100g,DANONE,Emb. 0.4 KG,"1,79€","4,48€ / KG",
Azeite Tradicional,SERRATA,Garrafa 0.75 LT,"3,59€","4,79€ / LT",
IOGURTE GREGO COCO,DÉLISSE,Emb. 0.6 KG,"2,04€","3,40€ / KG",
Champô Cabelo Ultra Suave Delicadeza de Aveia,GARNIER,Emb. 0.4 LT,"4,63€","11,58€ / LT",
LULAS EM CALDEIRADA,PÊCHE OCÉAN,Emb. 120 KG,"1,29€","0,01€ / KG",
Chantilly Light,,Spray 0.25 KG,"1,45€","5,80€ / KG",
Tiras P/ Periquitos Sabor Fruta,TOUS MES AMIS,Emb. 0.06 KG,"1,69€","28,17€ / KG",
Açúcar Branco,TÉVA,Emb. 1 KG,"1,19€","1,19€ / KG",
Tripas à Moda da Provença,TRADILÈGE,Emb. 0.5 KG,"5,49€","10,98€ / KG",
PURE MACA/PERA SEM ADICAO ACUCAR BISNAGA BIO,,Emb. 0.36 KG,"2,39€","6,64€ / KG",
Leite Condensado Magro,NESTLÉ,Lata 0.387 KG,"1,49€","3,85€ / KG",
Orégãos Folhas,MARGÃO,Emb. 0.01 KG,"1,68€","168,00€ / KG",
Vinho Regional Douro Branco,PLANALTO,Frasco 0.75 LT,"3,99€","5,32€ / LT",
Conserva de Sardinha em Óleo Vegetal Picante,RAMIREZ,Emb. 0.125 KG,"0,99€","7,92€ / KG",
Acendalhas de Madeira Cubos,SILEX,Emb. 28 UNID.,"0,79€","0,03€ / UNID.",
FIO DENTARIO EM ARCO 50UN,DENTAMYL,Emb. 50 UNID.,"1,49€","0,03€ / UNID.",
WC Frescura Contínua,NEO BLANC,Emb. 1 UNID.,"2,24€","2,24€ / UNID.",
Creme Anti-Rugas Cuidado Dia,DERMO EXPERTISE,Emb. 1 P,"10,49€","10,49€ / P",
Gelado Coco Manga Maracujá,ESKISS,Emb. 0.9 LT,"2,49€","2,77€ / LT",
Néctar Vital Equilíbrio Manga Maracujá,COMPAL,Emb. 1 LT,"1,40€","1,40€ / LT",
Iogurte Fresco Natural 8x100g,DÉLISSE,Emb. 0.8 KG,"1,99€","2,49€ / KG",
Queijo Petit St Nectaire DOP,NOS RÉGIONS ONT DU TALENT,Emb. 0.6 KG,"6,99€","11,65€ / KG",
Detergente Loiça Manual Limão,FAIRY,Emb. 2.38 LT,"6,74€","2,83€ / LT",
Couve Flor em Floretes Ultracongelado,,Emb. 1 KG,"1,29€","1,29€ / KG",
Ice Tea Pêssego,LIPTON,Emb. 1 LT,"1,29€","1,29€ / LT",
Paté para Cão de Truta e Salmão,TOUS MES AMIS,Emb. 0.3 KG,"0,79€","2,63€ / KG",
OIKOS NATURAL ACUCARADO 110x4,OIKOS,Emb. 0.44 KG,"2,39€","5,43€ / KG",
Queijo de Ovelha Barrado Seia,QUEIJOS LAGOS,1 Unid. = 0.5 KG (aprox.),"11,99€/kg","6,00€ / Unid.",
FIAMBRE PERNA EXTRA FINISSIMO,CAMPO FINO,Emb. 0.15 KG,"1,29€","8,60€ / KG",
Manhãzitos Planetus 9x2 Unid.,BOLLYCAO,Emb. 0.315 KG,"3,14€","9,97€ / KG",
Bolacha 0% Açúcar,CHIQUILÍN,Emb. 0.175 KG,"1,72€","9,83€ / KG",
