Nome,Marca,Quantidade,Preço Primário,Preço Por Unidade,Promo
Alimento Húmido P/ Gato Salmão Atum Legumes,PURINA FRISKIES,Emb. 0.4 KG,"1,18€","2,95€ / KG",
Café Pastilhas Platinium,DELTA,Emb. 16 UNID.,"3,85€","0,24€ / UNID.",
Óleo Intense 5-10 Castanho Claro,SYOSS,,"6,24€",/ Unid.,
Detergente para a Máquina da Roupa Cores 3 em 1,SKIP,Emb. 1.134 KG,"12,49€","11,01€ / KG",
Esfregona de Algodão,,Emb. 1 UNID.,"0,99€","0,99€ / UNID.",
Gel Banho Aveia,MANAVA,Emb. 0.75 LT,"1,79€","2,39€ / LT",
Batatas Fritas York'eso,RUFFLES,Emb. 0.15 KG,"1,78€","11,87€ / KG",
"BOLACHAS ""GENOISE"" MORANGO",P'TIT DÉLI,Emb. 0.15 KG,"1,19€","7,93€ / KG",
Vinho Frutado Tinto,SALVE,Garrafa 0.75 LT,"1,29€","1,72€ / LT",
Pastéis de Bacalhau,,Emb. 12 KG,"2,49€","0,21€ / KG",
Escova Extra Interdental,AQUAFRESH,Emb. 2 UNID.,"3,16€","1,58€ / UNID.",
CHAMPO FORTIFICANTE CABELOS NORMAIS 250ML,CARRÉ HOMME,Emb. 0.25 LT,"1,49€","5,96€ / LT",
CAFE INTENSO 48 PASTILHAS,ECO+,Emb. 0.336 KG,"3,49€","10,39€ / KG",
Perna de Pau Original 6 Unid.,OLÁ,Emb. 0.3 KG,"2,49€","8,30€ / KG",
Espumante Reserva Meio Seco,RAPOSEIRA,Garrafa 0.75 LT,"7,99€","10,65€ / LT",
Fraldas Recém Nascido T1 Ultra Confort 2/5Kg,MOTS D'ENFANTS,Emb. 23 UNID.,"2,75€","0,12€ / UNID.",
Gel De Banho Suave 500 Ml + 250 Ml Grátis,CORINE DE FARME,Emb. 0.75 LT,"4,84€","6,45€ / LT",
Iogurte Líquido Lima Limão 4x155g,DANONE,Emb. 0.62 KG,"1,69€","2,73€ / KG",
Alimento Seco Gatos Croquetes Fígado e Legumes,TOUS MES AMIS,Emb. 4 KG,"5,89€","1,47€ / KG",
Toalhitas para Bebé Natural Care,HUGGIES,Emb. 56 UNID.,"1,29€","0,02€ / UNID.",
Cápsulas Café Espresso Intenso Intensidade 7,DOLCE GUSTO,Emb. 30 CAPS.,"10,49€","0,35€ / CAPS.",
Amaciador Concentrado Aromaterapia Dourado,VERNEL,Emb. 57 DOSES,"3,29€","0,06€ / DOSES",
PIZZA MOZZARELLA MERVEILLOSA,TURINI,Emb. 0.335 KG,"1,79€","5,34€ / KG",
Vinagre Vinho Tinto,GALLO,Garrafa 0.25 LT,"1,09€","4,36€ / LT",
CHOCOLATE PRETO COM FLOR DE SAL,EQUADOR,Emb. 0.1 KG,"1,19€","11,90€ / KG",
PILHAS ALC.LR6X4 CLARTECH,FOXTER,Emb. 4 UNID.,"1,27€","0,32€ / UNID.",
Leite Condensado,NESTLÉ,Lata 0.37 KG,"1,49€","4,03€ / KG",
Iogurte Líquido Tutti Frutti 4x155g,DANONE,Emb. 0.62 KG,"1,39€","2,24€ / KG",
Gliss Reparação Total Condicionador Express em Spray,GLISS,Emb. 0.2 LT,"3,24€","16,20€ / LT",
Whisky The Famous Grouse,FAMOUS GROUSE,Garrafa 0.7 LT,"17,49€","24,99€ / LT",
Toalhitas Limpa Pó Electrostáticas,,Emb. 40 UNID.,"2,25€","0,06€ / UNID.",
Fraldas Bebé T6 Doucer +16 Kg,MOTS D'ENFANTS,Emb. 58 UNID.,"9,65€","0,17€ / UNID.",
Iogurte Natural,MIMOSA,Emb. 0.48 KG,"1,09€","2,27€ / KG",
"MAQUINA CAFE FILTRO 1,25L 1000W",ELSAY,Emb. 1 UNID.,"21,90€","21,90€ / UNID.",
Conserva de Feijão Frade,COMPAL,Lata 0.845 KG,"1,59€","1,88€ / KG",
Refrigerante S/ Gás Laranja 0 Açúcares,AQUARIUS,Emb. 1.5 LT,"1,94€","1,29€ / LT",
Loção para Corpo Suavizante 48h Pele Seca,NIVEA BODY,Emb. 0.4 LT,"5,95€","14,88€ / LT",
PRATOS BIODEGRADAVEIS17CM 25UN,HOMESIDE,Emb. 25 UNID.,"2,99€","0,12€ / UNID.",
PERSIL SENSITIVE GEL,PERSIL,Emb. 50 DOSES,"19,99€","0,40€ / DOSES",
Gel Banho Bebé Extra Suave 500 ml +250 ml Grátis,CORINE DE FARME,Emb. 0.75 LT,"4,84€","6,45€ / LT",
AUSONIA ORG COTTON SUPER ABAS,AUSONIA,Emb. 10 UNID.,"2,54€","0,25€ / UNID.",
Bebida Energética Rehab,MONSTER ENERGY,Lata 0.5 LT,"1,20€","2,40€ / LT",
Paté Campestre Superior 2X50g,TRADILÈGE,Emb. 0.1 Kg,"1,45€","14,50€ / Kg",
BLOCO NOTAS ADESIVO 75X75MM 2X100UN,ESQUISSE,Emb. 2 UNID.,"0,79€","0,40€ / UNID.",
IOGURTE MORANGO/PESSEGO BISNAGA 6UN,DÉLISSE,Emb. 0.54,"2,45€","4,54€ /",
Barras de Cereais 6 Unid.,FITNESS,Emb. 0.141 KG,"2,33€","16,52€ / KG",
CRAVINHO GRAO SAQUETA,RUSTICA,Emb. 0.03 KG,"1,15€","38,33€ / KG",
Feijão Encarnado Seco,NOTRE JARDIN,Emb. 0.5 KG,"0,99€","1,98€ / KG",
Fraldas Bebé T4+ ACTIV+ 9/20 Kg,MOTS D'ENFANTS,Emb. 37 UNID.,"7,89€","0,21€ / UNID.",
VASSOURA+PA C/TAMPA LEIFHEIT,SILLAGE,Emb. 1 UNID.,"8,90€","8,90€ / UNID.",
Papa Infantil Bolacha Maria,CERELAC,Emb. 0.25 KG,"1,79€","7,16€ / KG",
Barras de Biscoitos Cobertura de Caramelo Chocolate,ECO+,Emb. 0.348 KG,"1,89€","5,43€ / KG",
"MISTURA DE LEGUMES (BROCULOS, COUVE FLOR E CENOURA)",NOTRE JARDIN,Emb. 1 KG,"2,29€","2,29€ / KG",
AFTER SHAVE ORIGINAL,BRUT,Emb. 1 LT,"12,79€","12,79€ / LT",
Torta de Morango,P'TIT DÉLI,Emb. 0.3 KG,"1,29€","4,30€ / KG",
BACON FUMADO NACOS,ECO+,Emb. 0.2 KG,"2,69€","13,45€ / KG",
Champô 2em1 Leite Amêndoa Extra Suave,MANAVA,Emb. 0.5 LT,"2,29€","4,58€ / LT",
QUEIJO EMMENTAL RALADO 28%MG,LES CROISÉS,Emb. 0.2 KG,"1,69€","8,45€ / KG",
Vinho de Mesa Branco,LAGAR DAS PIAS,Bag in Box 5 LT,"6,49€","1,30€ / LT",
FITA ADESIVA ISOLANTE ELECTRICOS 5M,ECO+,Emb. 10 UNID.,"2,99€","0,30€ / UNID.",
CHAMPO SECO TILIA/MACA 150ML,NATEIS,Emb. 0.15,"2,29€","15,27€ /",
SPRAY LIMPA VIDROS 1 L 1L TECH9,TECH9,Emb. 1 LT,"2,99€","2,99€ / LT",
Amaciador Ultra Suave Óleo de Abacate,GARNIER,Emb. 0.2 LT,"3,55€","17,75€ / LT",
Conjunto de Pintar 4 Peças,ECO+,Emb. 4 UNID.,"4,90€","1,23€ / UNID.",
Leite Condensado Cozido,DÉLISSE,Emb. 0.397 KG,"1,39€","3,50€ / KG",
Filetes de Sardinha com Tomate e Legumes,PÊCHE OCÉAN,Emb. 0.1 KG,"1,39€","13,90€ / KG",
Nata com 3 Queijos,PARMALAT,Emb. 0.2 LT,"1,20€","6,00€ / LT",
Champô Anti-Caspa Cool Sport Mentol para Todos os Tipos de Cabelo,LINIC,Emb. 0.36 LT,"4,94€","13,72€ / LT",
Barras Hero Muesly De Cereais Chocolate Negro 6x23g,HERO,Emb. 0.138,"1,79€","12,97€ /",
Bloco Sanitário Power 5 Blue Water Ocean,DOMESTOS,Emb. 0.106 KG,"2,74€","25,85€ / KG",
Alimento Seco P/ Gato Free Dc Salmão,BEYOND,Emb. 0.325 KG,"3,98€","12,25€ / KG",
Mini Pizza 3 Queijos Ultracongelada 9 Unid.,PICCOLINIS,Emb. 0.27 KG,"3,99€","14,78€ / KG",
CADERNO CAPA PRETA A4 LISO 60P,ESQUISSE,Emb. 1 UNID.,"0,85€","0,85€ / UNID.",
Pantene Anticaspa Champô 3 Em 1,PANTENE PV,Emb. 0.3 LT,"4,94€","16,47€ / LT",
IOGURTE GREGO CAFE 4X150G,DÉLISSE,Emb. 0.6 KG,"1,99€","3,32€ / KG",
Creme Depilatório Silk & Fresh,VEET,Emb. 0.2 LT,"6,64€","33,20€ / LT",
Vodka Premium 100% Pure,ERISTOFF,Garrafa 0.7 LT,"12,89€","18,41€ / LT",
Alimento Húmido P/ Gato Frango e Cenoura,PURINA FRISKIES,Emb. 0.4 KG,"1,39€","3,48€ / KG",
Champô 2em1 P/ Cabelos Muito Secas Extra Suave,MANAVA,Emb. 0.5 LT,"2,29€","4,58€ / LT",
Sumo Ananás abc 6 Unid.,JAFADEN,Emb. 1.2 LT,"1,49€","1,24€ / LT",
Pó Compacto Stay Matte,RIMMEL,Emb. 0.014 KG,"9,99€","713,57€ / KG",
"AGUA FRIZE,,6x25CL",FRIZE,,"2,66€",/ Unid.,
Carvão Vegetal Artesanal,,Emb. 5 KG,"5,89€","1,18€ / KG",
BLOCO SANITARIO ACTIV EFFECT TROPICAL 2UN,SYPHON,,"1,69€",/ Unid.,
PURE MACA/FRAMBOESA SEM ADICAO ACUCAR,DOUCEUR DU VERGER,Emb. 0.4 KG,"1,39€","3,48€ / KG",
Ambientador Difusor Essential Mist Lavanda,AIR WICK,Emb. 1 UNID.,"13,19€","13,19€ / UNID.",
Pães com Recheio a Chocolate,EPI D'OR,Emb. 1 P,"1,99€","1,99€ / P",
Ketchup 100% Natural,HELLMANN'S,Emb. 0.486 KG,"2,66€","5,47€ / KG",
Manteiga Magra,MIMOSA,Emb. 0.25 KG,"2,29€","9,16€ / KG",
Café Torrado África Ásia e Brasil Moagem Grão,SICAL,Emb. 0.25 KG,"2,39€","9,56€ / KG",
Paté para cão de Frango e Carne,TOUS MES AMIS,Emb. 0.3 KG,"0,79€","2,63€ / KG",
Iogurte Líquido de Manga e Papaia 4 Unid.,ACTIVIA,Emb. 0.62 KG,"1,99€","3,21€ / KG",
Coloração Longa Duração Belle Color 4 Castanho,GARNIER,Emb. 1 UNID.,"5,93€","5,93€ / UNID.",
Lixívia Tradicional 4 L,NEOBLANC,Emb. 4 LT,"2,84€","0,71€ / LT",
Bolachas Barquettes com Recheio de Morango,P'TIT DÉLI,Emb. 0.12 KG,"1,08€","9,00€ / KG",
ESPUMA CABELO EFEITO VOLUME 200ML,VITANOVE,Emb. 0.2 LT,"1,09€","5,45€ / LT",
Autobrilhante Creme Calçado com Esponja,BUFALO,Emb. 0.04 LT,"2,99€","74,75€ / LT",
LAVA TUDO FLORAL,CLAIR,Emb. 2 UNID.,"0,89€","0,45€ / UNID.",
Vinho Tinto Regional Alentejano,COMP DO VINHO,Emb. 3 LT,"6,49€","2,16€ / LT",
Conserva Cogumelos Laminados,NOTRE JARDIN,Lata 0.185 KG,"0,65€","3,51€ / KG",
Água com Gás Pet 6x33 cl,PEDRAS SALGADAS,Emb. 1.98 LT,"2,77€","1,40€ / LT",
Néctar Essencial Frutos Vermelhos 3x110ml,COMPAL,Emb. 0.33 LT,"1,79€","5,42€ / LT",
Yofu Polpa 4x125g,,Emb. 0.5 KG,"2,89€","5,78€ / KG",
PIRIPIRI VAGEM,RUSTICA,Emb. 0.015 KG,"0,59€","39,33€ / KG",
Rolo de Cozinha Maxi Absorção,RENOVA,Emb. 4 ROLOS,"2,55€","0,64€ / ROLOS",
Arroz Agulha,,Emb. 1 KG,"1,09€","1,09€ / KG",
Arroz Carolino,SALUDÃES,Emb. 1 KG,"1,13€","1,13€ / KG",
BACON EXTRA FATIADO,CAMPO FINO,Emb. 0.15 KG,"1,34€","8,93€ / KG",
Tostas de Trigo 36Unid.,EPI D'OR,Emb. 0.3 KG,"1,29€","4,30€ / KG",
MOLHO CARIL DE LEGUMES C/LEITE COCO,RUSTICA,Emb. 0.4 KG,"1,25€","3,13€ / KG",
Ambientador recarga cool mist zen lavanda,GLADE,Emb. 0.017 LT,"4,79€","281,76€ / LT",
SACOS LIXO ENTULHO 50L 5UN,ELEMBAL,Emb. 5 UNID.,"1,99€","0,40€ / UNID.",
Caldo de Carne,KNORR,Emb. 24 CUBOS,"2,39€","0,10€ / CUBOS",
ESPINAFRE PICADO 1/2,NOTRE JARDIN,Emb. 0.4 KG,"0,99€","2,48€ / KG",
Vinho Verde Tinto,MONÇÃO,Garrafa 0.75 LT,"1,99€","2,65€ / LT",
Ambientador Gel Lavanda,,Emb. 1 UNID.,"0,79€","0,79€ / UNID.",
Old Spice Captain Shower Gel & Shampoo,OLD SPICE,Emb. 0.4 LT,"4,94€","12,35€ / LT",
Néctar Light Laranja e Manga,JAFADEN,Emb. 1 LT,"0,89€","0,89€ / LT",
PENSOS HIGIENICOS U.FINOS NORMAL 16UN,DOULYS,Emb. 16 UNID.,"1,09€","0,07€ / UNID.",
DESODORIZANTE AXE AERO BLACK,AXE,Emb. 0.15 LT,"3,29€","21,93€ / LT",
Pá do Lixo c/ Espanador,,Emb. 1 UNID.,"1,99€","1,99€ / UNID.",
Palitos de Chocolate,P'TIT DÉLI,Emb. 0.15 KG,"1,09€","7,27€ / KG",
Bolacha Maria sem Açúcar 12 Unid.,,Emb. 0.3 KG,"3,29€","10,97€ / KG",
Guardanapos Folha Simples Reciclados,MARQUE REPERE,Emb. 100 UNID.,"0,89€","0,01€ / UNID.",
Alimento Seco P/ Gatos Esterilizados Peru e Legumes,PURINA FRISKIES,Emb. 1.5 KG,"6,99€","4,66€ / KG",
Deo Spray 0% Sensitive 24H,SANEX,Emb. 0.15 LT,"2,69€","17,93€ / LT",
Desodorizante Invisimax Spray Homem,NARTA,Emb. 0.2 LT,"3,95€","19,75€ / LT",
Donuts Chocolate 4x47 gr,DONUTS,Emb. 0.188 KG,"2,95€","15,69€ / KG",
Detergente para a Máquina da Loiça Extra Power,SUN,Emb. 76 PASTILHAS,"9,99€","0,13€ / PASTILHAS",
Alimento Seco P/ Cão Free Vaca,BEYOND,Emb. 7 KG,"29,99€","4,28€ / KG",
PRATO RIPPLE BIODEGRADAVEL 17CM,HOMESIDE,Emb. 10 UNID.,"1,29€","0,13€ / UNID.",
Bebida Solúvel Cereais Cevada Chicória e Café,TOFINA,Frasco 0.2 KG,"2,24€","11,20€ / KG",
Creme Revitalift Dia,DERMO EXPERTISE,Emb. 0.03 LT,"16,89€","563,00€ / LT",
Espuma de Barbear Pele Sensível,GILLETTE,Emb. 0.2 LT,"2,55€","12,75€ / LT",
Hamburguer Ultracongelado 100% de Vaca Ultracongelado,CHANTEGRIL,Emb. 1 KG,"9,98€","9,98€ / KG",
Cereais Pétalas Chocolate Leite,GRAINEA,Emb. 0.3 KG,"1,49€","4,97€ / KG",
Lentilhas Verdes Secas,NOTRE JARDIN,Emb. 0.5 KG,"1,49€","2,98€ / KG",
Bebida de Soja 0%,SHOYCE,Emb. 1 LT,"1,59€","1,59€ / LT",
Alimento Húmido P/ Gato C/ Carne de Vaca e Legumes,FRISKIES,Emb. 0.4 KG,"1,69€","4,23€ / KG",
Gressinos com Creme de Avelã 3x60g,NUSTIKAO,Emb. 0.18 KG,"2,19€","12,17€ / KG",
Cera Fixadora,AXE,Emb. 0.075 LT,"3,99€","53,20€ / LT",
Barra Cereais Chocolate Preto,GRAINEA,Emb. 0.126 KG,"1,49€","11,83€ / KG",
Bolachas Maria sem Açúcar,GULLÓN,Emb. 0.4 KG,"2,34€","5,85€ / KG",
Bifidus Actifidus Muesli 4x124g,DÉLISSE,Emb. 0.5 KG,"1,09€","2,18€ / KG",
Cracker Integral,CUÉTARA,Emb. 0.2 KG,"1,25€","6,25€ / KG",
Preparado em Pó Chantilly,ROYAL,Emb. 0.072 KG,"1,77€","24,58€ / KG",
Bolo de Cacau,P'TIT DÉLI,Emb. 0.42 KG,"3,19€","7,60€ / KG",
Manteiga com Sal,NOVA AÇORES,Emb. 0.25 KG,"1,99€","7,96€ / KG",
Molho de Tomate à Provençal,,Emb. 0.35 KG,"1,99€","5,69€ / KG",
Amendoins no Forno,MATUTANO,Emb. 0.2 KG,"2,15€","10,75€ / KG",
Azeitona Verde Retalhada com Ervas,RUSTICA,Emb. 0.36 KG,"1,79€","4,97€ / KG",
Polpa de Tomate,ECO+,Frasco 0.5 KG,"0,99€","1,98€ / KG",
Refrigerante S/ Gás Maracuja,ECO+,Garrafa 2 LT,"0,79€","0,40€ / LT",
Snack P/ Cão Sticks C/ Aroma a Veado,PURINA,Emb. 0.09 KG,"1,49€","16,56€ / KG",
Conserva de Atum em Posta em Azeite,PÊCHE OCÉAN,Emb. 0.12 KG,"1,09€","9,08€ / KG",
Iogurte Natural 4x125 g,,Emb. 0.5 KG,"0,65€","1,30€ / KG",
LAMINAS DESCARTAVEIS SENHORA 3 LAMINAS 4UN,SLISS,Emb. 4 UNID.,"2,99€","0,75€ / UNID.",
Ambientador Pure Nenuco Frescura Colónia de Bebé,AIR WICK,Spray 0.25 LT,"4,19€","16,76€ / LT",
"GEL DUCHE ""MATCHA/GENGIBRE"" CONCENTRADO",NATEIS,,"1,85€",/ Unid.,
Queijo Prato Amanteigado Pequeno,PAIVA,Emb. 0.55 KG,"6,59€","11,98€ / KG",
Vinho Verde Branco,AVELEDA,Garrafa 0.75 LT,"4,99€","6,65€ / LT",
BOLACHA MARIA DOURADA,P'TIT DÉLI,,"1,69€",/ Unid.,
Gomas Trio Brilho,COPAÍNS COPINES,Emb. 0.2 KG,"0,99€","4,95€ / KG",
SNACK BATATA SABOR ESPECIARIAS,TOKAPI,Emb. 0.17 KG,"1,95€","11,47€ / KG",
Queijo de Barrar com Leite Pasteurizado,LES CROISÉS,Emb. 0.15 KG,"0,89€","5,93€ / KG",
Creme de Banho Care & Roses,NIVEA,Emb. 0.75 LT,"6,43€","8,57€ / LT",
Refrigerante sem Gás Laranja,FRUTIS,Garrafa 1.5 LT,"1,15€","0,77€ / LT",
Bebida Gaseificada Aromatizada de Pêssego S/ Álcool,FESTALIE,Garrafa 0.75 LT,"2,49€","3,32€ / LT",
ALIMENTO PARA PERIQUITOS,ECO+,Emb. 1 KG,"1,29€","1,29€ / KG",
Alimento Seco P/ Gato C/ Frango Peru,PURINA FRISKIES,Emb. 2 KG,"7,99€","4,00€ / KG",
Champô Volume Toranja Branca e Menta,HERBAL ESSENCES,Emb. 0.4 LT,"3,99€","9,98€ / LT",
CREPES SIMPLES 16UN,TROFIC,Emb. 1 KG,"3,99€","3,99€ / KG",
Sal Marinho Iodado,VATEL,Emb. 1 KG,"0,98€","0,98€ / KG",
BATATA FRITA PALHA FINISSIMA,POM'LISSE,,"1,39€",/ Unid.,
PORTFOLIO A4 60 BOLSAS ECO+,ECO+,Emb. 1 UNID.,"0,99€","0,99€ / UNID.",
OIKOS CARAMELO 110G X4,OIKOS,Emb. 0.44 KG,"2,39€","5,43€ / KG",
Esparguete Cozedura Rápida,TURINI,Emb. 0.5 KG,"1,09€","2,18€ / KG",
PREPARADO P/ ARROZ MARISCO,PÊCHE OCÉAN,Emb. 0.8 KG,"6,50€","8,13€ / KG",
CALAMARES A ROMANA,PÊCHE OCÉAN,Emb. 0.5 KG,"3,98€","7,96€ / KG",
Batatas Fritas Ketchup,RUFFLES,Emb. 0.15 KG,"1,78€","11,87€ / KG",
PALITOS COBERTURA CHOCOLATE LEITE S/ GLUTEN,CHAQUE JOUR SANS GLUTEN,Emb. 0.125 KG,"2,55€","20,40€ / KG",
Sabão de Marselha 4x200 g,EPSIL,,"2,89€",/ Unid.,
Macedonia de 4 Legumes,,Emb. 0.4 KG,"0,69€","1,73€ / KG",
Durex Play Lubrificante de Morango,DUREX,Emb. 0.05 LT,"7,49€","149,80€ / LT",
Vinho Tinto,ECO+,Garrafão 5 LT,"5,69€","1,14€ / LT",
Gelatina de Manga,KOALA,Emb. 0.13 KG,"0,99€","7,62€ / KG",
FRALDA INCONTINENCIA MEDIA,CHORYS,Emb. 20 UNID.,"8,99€","0,45€ / UNID.",
Pao De Forma Cerealia 5 Sementes,PANRICO,Emb. 0.435 KG,"2,25€","5,17€ / KG",
Água Tónica,SCHWEPPES,Lata 0.25 LT,"0,84€","3,36€ / LT",
Queijo Emmental,LES CROISÉS,Emb. 0.25 KG,"1,89€","7,56€ / KG",
FITA COLA INVISIVEL 25M,ESQUISSE,Emb. 1 UNID.,"0,69€","0,69€ / UNID.",
BETERRABA EM VINAGRE 345G,FERBAR,Emb. 0.345 KG,"1,09€","3,16€ / KG",
Sumo Refrigerado Florida,SUNNY DELIGHT,Garrafa 0.31 LT,"0,78€","2,52€ / LT",
Bloco Sanitário Floral,SONASOL WC,Emb. 0.05 KG,"1,94€","38,80€ / KG",
Sardinha em Óleo Vegetal,BOM PETISCO,Emb. 0.12 KG,"0,99€","8,25€ / KG",
QUEIJO FRESCO COTTAGE,MATINAL,Emb. 0.18 KG,"1,89€","10,50€ / KG",
ALGODAO DUO QUADRADO X50,INELL,Emb. 50 UNID.,"0,79€","0,02€ / UNID.",
Doseador Sabão Líquido Branco,SILLAGE,Emb. 1 UNID.,"3,00€","3,00€ / UNID.",
Pensos Higiénicos Normal Alas,AUSONIA,Emb. 14 UNID.,"1,69€","0,12€ / UNID.",
Conserva de Cogumelos Laminados,NOTRE JARDIN,Lata 0.78 KG,"2,25€","2,88€ / KG",
Caramelo Líquido,TABLIER BLANC,Emb. 0.4 KG,"1,29€","3,23€ / KG",
Gelatina Light Tropical 4 Unid.,ROYAL,Emb. 0.4 KG,"2,19€","5,48€ / KG",
Cenourinhas Extra Finas,NOTRE JARDIN,Emb. 0.4 KG,"1,00€","2,50€ / KG",
Compota de Frutas Maçã e Pera sem Adição de Açúcares 4x100g,DOUCEUR DU VERGER,Emb. 0.4 KG,"1,59€","3,98€ / KG",
Patê Bocadelia Recheio Atum,LA PIARA,Emb. 0.18 KG,"2,24€","12,44€ / KG",
Desodorizante Roll-On Invisible,MANAVA,Emb. 0.05 LT,"0,75€","15,00€ / LT",
Cereais Muesli Chocolate,GRAINEA,Emb. 0.5 KG,"2,39€","4,78€ / KG",
Óleo Reconstrutor,AUSSIE,Emb. 0.1 LT,"7,49€","74,90€ / LT",
Nata UHT Carbonara,PARMALAT,Emb. 0.2 LT,"1,20€","6,00€ / LT",
PORTFOLIO A4 60 BOLSAS,ESQUISSE,Emb. 60 UNID.,"2,99€","0,05€ / UNID.",
Vinho de Mesa Rosé,ECO+,Emb. 2 LT,"2,69€","1,35€ / LT",
SNACKS BOLAS DE QUEIJO,TOKAPI,Emb. 0.05 KG,"0,65€","13,00€ / KG",
PENSOS INCONTINENCIA MULHER MAXI,CHORYS,Emb. 12 UNID.,"2,59€","0,22€ / UNID.",
Café Solúvel Clássico Intenso,NESCAFÉ,Emb. 0.1 KG,"3,95€","39,50€ / KG",
Sais de Fruta Digestivo Original,ENO DIGESTIVO,Emb. 10 UNID.,"4,99€","0,50€ / UNID.",
KINDER DELICE CACAU T10,KINDER,Emb. 0.39 KG,"3,69€","9,46€ / KG",
CREPES QUEIJO 6UN,CÔTÉ TABLE,Emb. 6 UNID.,"1,49€","0,25€ / UNID.",
"AGUA FRIZE,,75CL",FASTIO,,"0,95€",/ Unid.,
DETERGENTE LIQUIDO PERFECT CORES 25D,EPSIL,Emb. 25 DOSES,"2,79€","0,11€ / DOSES",
Manteiga de Amendoim Cremosa sem Adição de Açúcares,CALVÉ,Emb. 0.35 KG,"3,49€","9,97€ / KG",
Gelatina em Pó Morango 2x85 g,TABLIER BLANC,Emb. 0.17 KG,"0,85€","5,00€ / KG",
Champô Anti-Caspa Cuidado Suave para Todos os Tipos de Cabelo,LINIC,Emb. 0.36 LT,"4,94€","13,72€ / LT",
PAPEL ALUMINIO 50M,ELEMBAL,Emb. 50 M,"4,49€","0,09€ / M",
Conserva de Salsichas 7 Unid. Extra Suculentas,NOBRE,Frasco 0.35 KG,"1,68€","4,80€ / KG",
Sopa de Espargos,KNORR,Emb. 0.07 KG,"1,49€","21,29€ / KG",
GEL FIXACAO BETAO 250ML,VITANOVE,Emb. 0.25 LT,"1,69€","6,76€ / LT",
PENSOS HIGIENICOS U. FINOS NORMAL+ C/ ABAS,DOULYS,Emb. 14 UNID.,"0,99€","0,07€ / UNID.",
Spray Mousse Harmonias Florais,NEOBLANC,Spray 0.7 LT,"2,59€","3,70€ / LT",
Pente Piquio Color,,Emb. 1 UNID.,"1,99€","1,99€ / UNID.",
Iogurte Bifidus Activia Cremoso Frutos Silvestres 4 Unid.,DANONE,Emb. 0.48 KG,"1,99€","4,15€ / KG",
QUEIJO MOZZARELLA FATIAS,QUEIJO NA TÁBUA,Emb. 0.15 KG,"1,69€","11,27€ / KG",
PAO CHOCOLATE 6UN,EPI D'OR,Emb. 6 UNID.,"3,29€","0,55€ / UNID.",
Snack P/ Gato de Salmão,DENTALIFE,Emb. 0.04 KG,"1,99€","49,75€ / KG",
PASTEIS DE NATA 6UN,CÔTÉ TABLE,Emb. 6 UNID.,"2,99€","0,50€ / UNID.",
"Mini Picadora 1,5L 500W",ELSAY,Emb. 1 UNID.,"27,90€","27,90€ / UNID.",
Pensos Higiénicos Aloe Vera,CAREFREE,Emb. 56 UNID.,"4,49€","0,08€ / UNID.",
Cerveja C/ Álcool 24x25cl,CARLSBERG,Emb. 6 LT,"12,94€","2,16€ / LT",
Recarga Sabonete Líquido Framboesa/Peonia,MANAVA,Emb. 0.25 LT,"0,65€","2,60€ / LT",
VAGEM DE BAUNILHA BOURBON BIO,,Emb. 1 UNID.,"3,99€","3,99€ / UNID.",
Champô,TRESEMMÉ,Emb. 0.7 LT,"6,59€","9,41€ / LT",
Bacalhau Crescido Islândia,,1 Unid. = 1.3 KG (aprox.),"13,99€/kg","18,19€ / Unid.",
Cerveja com Álcool Mini 20x25cl,CRISTAL,Emb. 5 LT,"7,59€","1,52€ / LT",
Chouriça do Lavrador,SNR,Emb. 0.18 KG,"2,49€","13,83€ / KG",
Néctar Multifrutos Bio,,Emb. 1.5 LT,"2,49€","1,66€ / LT",
AFTERSHAVE LOCAO OCEAN FRESH 100ML,CARRÉ HOMME,Emb. 0.1 LT,"2,29€","22,90€ / LT",
PERSIL UNIVERSAL GEL,PERSIL,Emb. 65 DOSES,"12,49€","0,19€ / DOSES",
SPRAY PENTEAR DESEMBARACANTE MORANGO E CEREJA PARA CRIANCAS,PETIT MANAVA,Emb. 0.2 LT,"1,49€","7,45€ / LT",
Madalenas sem Glúten,CHAQUE JOUR SANS GLUTEN,Emb. 0.18 KG,"2,59€","14,39€ / KG",
Atum em Azeite Biológico,BOM PETISCO,Emb. 0.12 KG,"1,67€","13,92€ / KG",
CREME P/ BARRAR PEDACOS FINOS AVELAS,EQUADOR,,"2,39€",/ Unid.,
Massa Lasanha,TURINI,Emb. 0.5 KG,"1,34€","2,68€ / KG",
Vinagre Balsâmico de Modena,GALLO,Garrafa 0.25 LT,"1,69€","6,76€ / LT",
MARCADORES COLORIR LAVAVEL BEBE 12MESES,ESQUISSE,Emb. 12 UNID.,"2,99€","0,25€ / UNID.",
Peixe Espada Preto,,1 Unid. = 1.7 KG (aprox.),"6,69€/kg","11,37€ / Unid.",
Esfregão Vegetal,,Emb. 2 UNID.,"0,99€","0,50€ / UNID.",
Chiclets de Peppermint 12 Unid.,CHICLETS,Emb. 0.017 KG,"0,89€","52,35€ / KG",
Pensos Higiénicos Normal Plus Alas,EVAX,Emb. 14 UNID.,"2,59€","0,19€ / UNID.",
Preservativos non stop XT Lines,CONTROL,Emb. 6 UNID.,"6,99€","1,17€ / UNID.",
Tablete de Chocolate Branco com Avelãs Inteiras,TABLETTE D'OR,Emb. 0.2 KG,"2,19€","10,95€ / KG",
Derma SPA Goodness Body Cream,DOVE,Emb. 0.3 LT,"4,99€","16,63€ / LT",
Champô Color-Vive Cabelos Pintados,ELVIVE,Emb. 0.4 LT,"5,93€","14,83€ / LT",
BOLACHAS C/ RECHEIO CHOCOLATE LEITE BREAK,P'TIT DÉLI,Emb. 0.135 KG,"1,59€","11,78€ / KG",
Sortido Húngaro,,Emb. 0.3 KG,"2,29€","7,63€ / KG",
Papel de Alumínio,VILEDA,Emb. 50 M,"8,39€","0,17€ / M",
Chá de Tília,LIPTON,Emb. 10 SAQ.,"0,69€","0,07€ / SAQ.",
Madalenas em Concha com Ovos,P'TIT DÉLI,Emb. 1 KG,"3,89€","3,89€ / KG",
Cereais Chocomax,NACIONAL,Emb. 0.3 KG,"1,69€","5,63€ / KG",
Iogurte Aroma 12x125g,ECO+,Emb. 1.5 KG,"1,89€","1,26€ / KG",
Empadão de Pato,NOS RÉGIONS ONT DU TALENT,Emb. 0.3 UNID.,"2,99€","9,97€ / UNID.",
Johnson's Baby Gel de Banho Suave,JOHNSON'S BABY,Emb. 0.75 LT,"3,89€","5,19€ / LT",
COLORACAO VEGETAL CASTANHO CLARO BIO,BIONAÏA,Emb. 1 UNID.,"6,99€","6,99€ / UNID.",
Champô Cabelos Normais Fructis Anti Caspa,GARNIER,Emb. 0.25 LT,"3,95€","15,80€ / LT",
DESODORIZANTE SPRAY INVISIBLE MEN 100ML COMPACT,CARRÉ HOMME,Emb. 0.1 LT,"1,19€","11,90€ / LT",
Alimento Seco Cão Júnior,PURINA FRISKIES,Emb. 1.5 KG,"6,49€","4,33€ / KG",
FORMA PUDIM CANELADA 18 CM.,ECO+,Emb. 1 UNID.,"5,99€","5,99€ / UNID.",
Ervas de Provence,MARGÃO,Emb. 0.025 KG,"1,79€","71,60€ / KG",
LENCOS BOLSO 4F MENTOL,CARESSE,Emb. 15 UNID.,"1,59€","0,11€ / UNID.",
Sobremesa Tiramisu 4x80g,DÉLISSE,Emb. 0.32 KG,"2,49€","7,78€ / KG",
Cápsula Lavazza Espresso Maestro Dek Para Máquinas De Café Nespresso,LAVAZZA,Emb. 0.055 KG,"2,99€","54,36€ / KG",
Rum de Coco,MALIBU,Garrafa 0.7 LT,"15,99€","22,84€ / LT",
Donuts Americano Cacau 2x74 gr,PANRICO,Emb. 0.148 KG,"1,65€","11,15€ / KG",
Sortido de Bolachas,CUÉTARA,Emb. 0.42 KG,"4,27€","10,17€ / KG",
Café Capsulas Decaf Intensidade 2,PLANTATION,Emb. 10 CAPS.,"1,79€","0,18€ / CAPS.",
Ambientador 5 em 1 Relax Zen,BRISE,Emb. 0.3 LT,"1,54€","5,13€ / LT",
Licor Anis Escarchado,BORLIDO,Garrafa 1 LT,"8,49€","8,49€ / LT",
Café Cápsulas Fortissimo Intensidade 10,PLANTATION,Emb. 10 CAPS.,"1,49€","0,15€ / CAPS.",
Vinho Tinto,COMP DO VINHO,Emb. 1 LT,"0,85€","0,85€ / LT",
DETERGENTE MANUAL LOICA CONCENTRADO LIMA E UVA BRANCA,VISIOR,Emb. 0.5 LT,"1,29€","2,58€ / LT",
Queijo Fundido,VACA QUE RI,Emb. 0.15 KG,"1,74€","11,60€ / KG",
Vinho Branco,COMP DO VINHO,Bag in Box 5 LT,"4,69€","0,94€ / LT",
Mini Gelados Double Gold Caramelo Billionaire Pack 6,MAGNUM,Emb. 0.33 LT,"5,49€","16,64€ / LT",
"CARREGADOR USB 2,4A + CABO USB/ COMPATIVEL LIGHTNING 1,2M BRANCO",LINKSTER,Emb. 1 UNID.,"16,49€","16,49€ / UNID.",
BOLACHAS AREADAS C/ CARAMELO,P'TIT DÉLI,Emb. 0.1 KG,"1,49€","14,90€ / KG",
"Requeijão de Vaca, Cabra e Ovelha",SALOIO,Emb. 0.17 KG,"1,79€","10,53€ / KG",
Iced Tea Pessego 6 Unid.,FRESH TEA,Emb. 1.98 LT,"2,68€","1,35€ / LT",
Rolo Cozinha Compacto,MARQUE REPERE,Emb. 2 UNID.,"1,49€","0,75€ / UNID.",
Detergente Liquido para a Máquina da Roupa Concentrado,SKIP,Emb. 80 DOSES,"15,99€","0,20€ / DOSES",
Vinho Branco Frisante,CASTIÇO,Garrafa 0.75 LT,"2,89€","3,85€ / LT",
Alimento para peixe lago,TETRA,Emb. 1,"5,79€","5,79€ /",
Ração seca para gato c/ Salmão,ULTIMA,Emb. 0.75 KG,"5,39€","7,19€ / KG",
Caderno Capa Preta Quadriculado A4 60p,ESQUISSE,Emb. 1 UNID.,"0,85€","0,85€ / UNID.",
Refrigerante S/ Gás Pêssego/Damasco,JAFADEN,Emb. 2 LT,"1,89€","0,95€ / LT",
MASCARA EXTRA COLOR 300ML,VITANOVE,Emb. 0.3 LT,"2,39€","7,97€ / LT",
Pack 4 Escovas de Dentes Média,ORAL B,Emb. 4 UNID.,"3,99€","1,00€ / UNID.",
Caldo Natura de Carne Pack 4,KNORR,Emb. 0.112 KG,"1,49€","13,30€ / KG",
Crackers sem Sal na Superfície,GRAN PAVESI,Emb. 0.56 KG,"3,95€","7,05€ / KG",
Pastilha Elástica Senses Tropical Mix,TRIDENT,Emb. 0.023 KG,"0,94€","40,87€ / KG",
Vinho Regional Península de Setúbal Tinto,ADEGA DE PEGÕES,Garrafa 0.75 LT,"1,59€","2,12€ / LT",
LENCOS FACIAIS 3F MENTOL,CARESSE,Emb. 80 UNID.,"1,19€","0,01€ / UNID.",
CAPPUCCINO SABOR BAUNILHA,PLANTATION,Emb. 0.31 KG,"2,99€","9,65€ / KG",
Desodorizante Zero% - Spray Invisível,SANEX,Emb. 0.15 LT,"2,69€","17,93€ / LT",
Néctar Vital Frutos Vermelhos 3x20 cl,COMPAL,Emb. 0.6 LT,"1,69€","2,82€ / LT",
"FRIZE LIMA PEPIN GENGIB,,4x.25L",FRIZE,,"2,79€",/ Unid.,
Bacalhau Especial Noruega Asa Preta,,1 Unid. = 4 KG (aprox.),"10,99€/kg","43,96€ / Unid.",
Pão de Leite Brioche 8Unid.,BIMBO,Emb. 0.28 KG,"2,45€","8,75€ / KG",
Bacalhau Graúdo Islândia Asa Preta,,1 Unid. = 2.5 KG (aprox.),"15,99€/kg","39,98€ / Unid.",
Alimento Seco P/ Cão Mini Menu Frango,PURINA FRISKIES,Emb. 1.5 KG,"4,84€","3,23€ / KG",
Rum Carta Blanca,BACARDI,Garrafa 0.7 LT,"16,89€","24,13€ / LT",
Aquafresh Branco Intenso 2x75ml,AQUAFRESH,,"3,49€",/ Unid.,
SABONETE LIQUIDO ALPERCE/ALOE VERA BIO,BIONAÏA,Emb. 0.3 LT,"1,85€","6,17€ / LT",
POSTAS DE BACALHAU ULTRACONGELADAS,ECO+,Emb. 0.8 KG,"5,99€","7,49€ / KG",
Champô Bebé Suave 500 Ml+250 ml Grátis,CORINE DE FARME,Emb. 0.75 LT,"4,84€","6,45€ / LT",
Farinha de Trigo T55,ECO+,Emb. 1 KG,"0,75€","0,75€ / KG",
BACALHAU COM NATAS,CÔTÉ TABLE,Emb. 0.25 KG,"2,99€","11,96€ / KG",
Biscoitos Recheados com Bovino,LYDOG,Emb. 0.5 KG,"1,75€","3,50€ / KG",
Desodorizante Bodyspray Gold Temptation,AXE,Emb. 0.15 LT,"3,29€","21,93€ / LT",
Champô para Homem Anticaspa Cool Sport Mentol,LINIC,Emb. 0.225 LT,"3,34€","14,84€ / LT",
ARROZ AGU.VAPORIZADO CIGALA 1KG,CIGALA,Emb. 1 KG,"1,27€","1,27€ / KG",
Bolachas Plain Leite,BELVITA,Emb. 0.3 KG,"1,97€","6,57€ / KG",
Conserva De Feijão Vermelho em Conserva 425g,NOTRE JARDIN,Lata 0.425 KG,"0,75€","1,76€ / KG",
Conserva de Lulas Recheadas,PITEU,Emb. 0.12 KG,"2,69€","22,42€ / KG",
MOLHO PIRI-PIRI FERBAR 210G,FERBAR,Emb. 0.21 KG,"1,18€","5,62€ / KG",
Massa Letras Clássica,NACIONAL,Emb. 0.25 KG,"0,78€","3,12€ / KG",
Iogurte Bifidus Cremoso Frutos Silvestres 0% 4 Unid.,DANONE,Emb. 0.48 KG,"1,99€","4,15€ / KG",
Néctar Vital Equilíbrio Frutos Vermelhos,COMPAL,Emb. 0.33 LT,"0,79€","2,39€ / LT",
Vinho Regional Tejo Meio Seco Rosé,LEZÍRIA,Garrafa 0.75 LT,"1,59€","2,12€ / LT",
PLACA ELETRICA 1 DISCO,ECO+,Emb. 1 UNID.,"16,90€","16,90€ / UNID.",
Tomates Inteiros Pelados,ECO+,Lata 0.8 KG,"1,32€","1,65€ / KG",
YOFU SOJA NATURAL 4X125G,ALPRO SOYA,Emb. 0.5 KG,"2,89€","5,78€ / KG",
Cola Multi-Usos S/ Solvente,FOXTER,Emb. 0.055 LT,"2,69€","48,91€ / LT",
Sumo 100% Laranja Biológico 6 Unid.,,Emb. 0.12 LT,"2,69€","22,42€ / LT",
QUEIJO MOZZARELLA RALADO 22% MG,LES CROISÉS,Emb. 0.15 KG,"1,69€","11,27€ / KG",
Bolachas Choco Minis,MILKA,Emb. 0.185 KG,"2,45€","13,24€ / KG",
Ervilhas Extra Finas,NOTRE JARDIN,Emb. 0.4 KG,"1,19€","2,98€ / KG",
Tomate Pelado,GULOSO,Emb. 0.39 KG,"0,99€","2,54€ / KG",
Sabonete Sólido Flores Brancas 4 Unid.,MANAVA,Emb. 0.4 KG,"2,05€","5,13€ / KG",
Café Torrado Moído Brasil Moagem Universal Intensidade 7,SICAL,Emb. 0.22 KG,"3,85€","17,50€ / KG",
Bigburger Vegetais 2 Unid. Ultracongelado,CAPITÃO IGLO,Emb. 0.25 KG,"4,79€","19,16€ / KG",
Desodorizante Clean Fresh Scent Stick,REXONA,Emb. 0.045 LT,"4,79€","106,44€ / LT",
Sumo 100% Laranja C/ Polpa,JAFADEN,Emb. 1 LT,"1,49€","1,49€ / LT",
Doce de Pêssego Baixo Teor de Açúcar,DOUCEUR DU VERGER,Frasco 0.34 KG,"1,25€","3,68€ / KG",
"Infusão Time do Relax de Camomila, Lavanda, Tília e Baunilha",LIPTON,Emb. 20 SAQS,"1,87€","0,09€ / SAQS",
COGUMELO FERBAR LAMINADO 185G,FERBAR,Emb. 0.185,"0,74€","4,00€ /",
Deo Roll On Hidra Essencial 0% Álcool,VASELINE,Emb. 0.05 LT,"2,09€","41,80€ / LT",
Cápsulas Café Latte Macchiato P/ Dolce Gusto,STARBUCKS,Emb. 12 CAPS.,"5,38€","0,45€ / CAPS.",
Pensos Incontinência Discreet Maxi,AUSONIA,Emb. 8 UNID.,"4,94€","0,62€ / UNID.",
Conserva de Feijão Branco Cozido,NOTRE JARDIN,Frasco 0.57 KG,"0,69€","1,21€ / KG",
Pão de Leite 8 Unid.,P'TIT DÉLI,Emb. 0.32 KG,"1,09€","3,41€ / KG",
Bolachas Creme Cebola,TUC,Emb. 0.1 KG,"1,08€","10,80€ / KG",
Bolo Mármore,,1 Unid. = 0.5 KG  (aprox.),"5,99€","11,98€ / KG",
Creme Protector Muda Fraldas,MOTS D'ENFANTS,Emb. 0.1 LT,"2,49€","24,90€ / LT",
ROLO COZINHA COMPACTO MULTIUSOS ECO,UNÍ VERT,Emb. 1 UNID.,"4,69€","4,69€ / UNID.",
Papa Infantil Bolacha Maria,CERELAC,Emb. 0.4 KG,"1,84€","4,60€ / KG",
Fraldas Incontinência Super M,LINDOR,Emb. 52 UNID.,"27,99€","0,54€ / UNID.",
CREME HIDRATANTE OLEO AMENDOA DOCE,INELL,Emb. 0.2 LT,"2,29€","11,45€ / LT",
Champomy,CHAMPOMY,Garrafa 0.75 LT,"3,99€","5,32€ / LT",
Creme Vegetal Óleo Girassol 60% MG S/ Sal,NAT&VIE,Emb. 0.5 KG,"1,99€","3,98€ / KG",
PURE MACA/MANGA SEM ADICAO ACUCAR,DOUCEUR DU VERGER,Emb. 0.4 KG,"1,39€","3,48€ / KG",
Sortido de Biscoitos Finos,EQUADOR,Emb. 0.2 KG,"1,99€","9,95€ / KG",
Iogurte Líquido Morango/Framboesa,DANONE,Emb. 0.3 KG,"1,89€","6,30€ / KG",
BB CREAM 5EM1 CLARO 50ML,INELL,Emb. 0.05 LT,"3,49€","69,80€ / LT",
Snacks Bugles 3D,3D'S BUGLES,Emb. 0.085 KG,"1,59€","18,71€ / KG",
Água Micelar Tudo em 1,GARNIER,Emb. 0.4 LT,"6,82€","17,05€ / LT",
Limpa Máquinas Roupa,SKIP,Emb. 0.36 KG,"6,49€","18,03€ / KG",
"BL1 LED SPOT 5,5W - 50W GU10",FOXTER,Emb. 1 UNID.,"4,90€","4,90€ / UNID.",
Conserva de Grão de Bico Cozido,NOTRE JARDIN,Lata 0.85 KG,"0,99€","1,16€ / KG",
GRANOLA CHOCOLATE PRETO E AMENDOAS,GRAINEA,Emb. 0.35 KG,"2,99€","8,54€ / KG",
Lichias em Calda,DOUCEUR DU VERGER,Emb. 0.565 KG,"2,39€","4,23€ / KG",
MOLHO AGRIDOCE PICANTE,TABLES DU MONDE,Emb. 0.3 KG,"1,85€","6,17€ / KG",
Amendoins Torrados com Sal,TOKAPI,Emb. 0.5 KG,"1,95€","3,90€ / KG",
Hamburguer Big Burger Iglo Vaca C/ Queijo S/Gluten 200 G,,Emb. 0.2,"3,99€","19,95€ /",
Iogurte Líquido Morango 4x155g,DANONE,Emb. 0.62 KG,"1,39€","2,24€ / KG",
Tablete de Chocolate Bolacha,MILKA,Emb. 0.3 KG,"3,95€","13,17€ / KG",
Barras Hero De Cereais Muesli Avelã 6x25g,HERO,Emb. 0.15 KG,"1,79€","11,93€ / KG",
Infusão Framboesa,LIPTON,Emb. 20 UN,"1,84€","0,09€ / UN",
Bolos com Recheio de Morango Isento de Glúten,CHAQUE JOUR SANS GLUTEN,Emb. 0.21 KG,"3,05€","14,52€ / KG",
Aditivo Líquido Protege Cores e Delicados,SKIP,Emb. 3 LT,"5,04€","1,68€ / LT",
Andouillettes 3 Unid.,TRADILÈGE,Emb. 0.42 KG,"4,55€","10,83€ / KG",
Salsichão Fatiado,EL POZO,Emb. 0.08 KG,"1,94€","24,25€ / KG",
Recarga Ambientador Delicias Verão,AIRWICK,Emb. 0.25 LT,"3,59€","14,36€ / LT",
QUEIJO EDAM LIGHT FATIADO,QUEIJO NA TÁBUA,Emb. 0.15 KG,"1,69€","11,27€ / KG",
Snack Chocolate Leite,LION,Emb. 0.042 KG,"0,98€","23,33€ / KG",
Detergente Máquina Loiça Pastilhas Clássicas,VISIOR,Emb. 40 UNID.,"2,49€","0,06€ / UNID.",
Chá Green Framboesa Romã,LIPTON,Emb. 20 SAQ.,"1,42€","0,07€ / SAQ.",
Corn Flakes Biológicos,,Emb. 0.375 KG,"1,19€","3,17€ / KG",
FEIJAO VERMELHO SACO,NOTRE JARDIN,Emb. 1 KG,"1,89€","1,89€ / KG",
Massa Mac & Cheese,KNORR,Emb. 0.062 KG,"1,89€","30,48€ / KG",
B&J Caramel Brownie Party 465ml,,Emb. 0.465 LT,"6,79€","14,60€ / LT",
MOLHO SOJA,TABLES DU MONDE,Emb. 0.125 LT,"0,89€","7,12€ / LT",
Polvilho Azedo,GLOBO,Emb. 0.5 KG,"1,99€","3,98€ / KG",
Água C/ Gás 6x25cl,CASTELLO,Emb. 1.5 LT,"2,66€","1,77€ / LT",
Snack Húmido P/ Gato Party Mix Cheezy Mix,FELIX,Emb. 0.06 KG,"1,89€","31,50€ / KG",
LIXIVIA TRADICIONAL,CLAIR,Emb. 2 LT,"0,89€","0,45€ / LT",
Preservativos Senso,CONTROL,Emb. 6 UNID.,"3,49€","0,58€ / UNID.",
LIMPA LAREIRA/BARBECUE,SILEX,Emb. 0.75 LT,"2,99€","3,99€ / LT",
Vinho Regional Douro Branco,PORCA DE MURÇA,Garrafa 0.75 LT,"4,69€","6,25€ / LT",
Maionese Magra,HELLMANN'S,Emb. 0.459 KG,"2,89€","6,30€ / KG",
Bolachas Plain Frutos Silvestres,BELVITA,Emb. 0.3 KG,"1,97€","6,57€ / KG",
Fraldas Bebé Ultra Conforto T6 +16Kg,MOTS D'ENFANTS,Emb. 33 UNID.,"6,99€","0,21€ / UNID.",
Camarão Cozido Cal. 30/40,,1 Unid. = 0.1 KG (aprox.),"12,99€/kg","1,30€ / Unid.",
Tablete Chocolate Preto Extrafino 74% Cacau Biológico,,Emb. 0.1 KG,"1,59€","15,90€ / KG",
Massa de Alho,RUSTICA,Frasco 0.2 KG,"0,89€","4,45€ / KG",
Cereais Muesli Cereais Frutos Secos Biológicos,,Emb. 0.375 KG,"2,89€","7,71€ / KG",
"Croquetes Vaca, Legumes e Figado",LYCAT,Emb. 2 KG,"3,99€","2,00€ / KG",
Deo Roll-On Active Protection E Invisible,REXONA,Emb. 0.05 LT,"2,69€","53,80€ / LT",
Pasta Arquivo com Elástico com 12 Divisórias,ESQUISSE,Emb. 1 UNID.,"2,40€","2,40€ / UNID.",
Alimento Seco Cão Croquete Vaca,LYDOG,Emb. 10 KG,"10,90€","1,09€ / KG",
Caramelos Werther's Original Storck SemAçúcar 90g,JERONIMO MARTINS,Emb. 0.09 KG,"2,89€","32,11€ / KG",
Whiskey Bourbon 6 Anos,JOHN DAVON'S,Garrafa 0.75 LT,"12,99€","17,32€ / LT",
Conserva de Pickles em Vinagre,RUSTICA,Frasco 0.36 KG,"0,95€","2,64€ / KG",
Salsichas Frankfurt,IZIDORO,Lata 0.25 KG,"1,03€","4,12€ / KG",
BATERIA Nº 16 80/640 80/640 TECH9,TECH9,Emb. 1 UNID.,"99,99€","99,99€ / UNID.",
SACO ARRUMACAO MALEAVEL,SILLAGE,Emb. 1 UNID.,"2,89€","2,89€ / UNID.",
"CERVEJA HEINEKEN,PACK,24X25CL",HEINEKEN,Emb. 24 UNID.,"12,99€","0,54€ / UNID.",
Cereais de Chocolate,CRUNCH,Emb. 0.375 KG,"2,53€","6,75€ / KG",
PRESUNTO FATIADO 9 MESES CURA,CAMPO FINO,Emb. 0.15 KG,"2,99€","19,93€ / KG",
Máquina de Depilar Descartável Venus Basic,GILLETTE,Emb. 4 UNID.,"3,46€","0,87€ / UNID.",
Douradinhos de Filete de Peixe 15 Unid. Ultracongelado,CAPITÃO IGLO,Emb. 0.42 KG,"5,69€","13,55€ / KG",
COOKIES COM MEGA PEPITAS CHOCOLATE E AMENDOAS CARAMELIZADAS,P'TIT DÉLI,Emb. 0.184 KG,"1,49€","8,10€ / KG",
PANNA COTTA FRUITS ROUGE 4X90G,DÉLISSE,Emb. 0.36 KG,"1,99€","5,53€ / KG",
GALETES DE MILHO C/ COBERTURA DE CHOCOLATE LEITE BIO,,Emb. 0.1 KG,"1,79€","17,90€ / KG",
Alimento Seco P/ Gato Controlo Bolas De Pelo,FRISKIES,Emb. 1.5 KG,"6,65€","4,43€ / KG",
VINAGRE CRISTAL SIDRA 0.5L,CRISTAL,Emb. 0.5 LT,"1,03€","2,06€ / LT",
Ervilhas e Cenouras Muito Finas,NOTRE JARDIN,Emb. 0.4 KG,"1,25€","3,13€ / KG",
Limpa Vidros Anti Embaciamento,AJAX,Spray 0.5 LT,"3,18€","6,36€ / LT",
Papel Higiénico 2 Folhas Compact,MARQUE REPERE,Emb. 12 UNID.,"4,69€","0,39€ / UNID.",
Conserva de Azeitona Mista,RUSTICA,Emb. 0.3 KG,"1,89€","6,30€ / KG",
Azeite Virgem Extra Clássico,GALLO,Garrafa 2 LT,"14,59€","7,30€ / LT",
"Néctar Essencial Maça, Banana, Laranja e Ananás 3x110ml",COMPAL,Emb. 0.33 LT,"1,79€","5,42€ / LT",
"AZEITONA MISTA RETALH,FRAS,210G",,,"1,33€",/ Unid.,
LASANHA QUEIJO CABRA/ESPINAFRES 500G 500G COTE TABLE,CÔTÉ TABLE,Emb. 0.5 KG,"2,39€","4,78€ / KG",
Queijo Fundido 24 Porções,ECO+,Emb. 0.4 KG,"2,39€","5,98€ / KG",
Crackers Salgadas de Sementes Biológicas,,Emb. 0.2 KG,"2,99€","14,95€ / KG",
Vinho Regional Alentejo Branco,PORTA DA RAVESSA,Garrafa 0.75 LT,"2,96€","3,95€ / LT",
Croquetes Coelho e Legumes Verdes,TOUS MES AMIS,Emb. 2 KG,"3,99€","2,00€ / KG",
CONE NATA CHOCOLATE 6UN,SMICY,Emb. 0.12 LT,"1,99€","16,58€ / LT",
Conserva Cogumelos Laminados,NOTRE JARDIN,Lata 0.355 KG,"1,09€","3,07€ / KG",
Escova Adesivo Têxteis 36 Unid.,MAMISON,Emb. 36 UNID.,"0,99€","0,03€ / UNID.",
PENSOS INCONTINENCIA,CHORYS,Emb. 24 UNID.,"3,68€","0,15€ / UNID.",
Biscoitos Areados e Crocantes de Coco,P'TIT DÉLI,Emb. 0.12 KG,"0,79€","6,58€ / KG",
Drageia Mastigável de Mentos Rainbow,MENTOS,Emb. 0.12 KG,"1,89€","15,75€ / KG",
DENIM DEO SPRAY ORIGINAL,DENIM,Emb. 0.15 LT,"2,39€","15,93€ / LT",
DUREX Lubrificante Play Efeito Calor,DUREX,Emb. 0.05 LT,"7,49€","149,80€ / LT",
Iogurte Bifidus Líquido Frutos Silvestres 4 Unid.,DANONE,Emb. 0.62 KG,"1,99€","3,21€ / KG",
Café Cápsulas Classic,PLANTATION,Emb. 36 CAPS.,"2,79€","0,08€ / CAPS.",
PALETTE 4.6 CASTANHO MARRON,PALETTE,Emb. 1 UNID.,"4,79€","4,79€ / UNID.",
MOZZARELLA BUFALA,LES CROISÉS,Emb. 0.125 KG,"1,79€","14,32€ / KG",
Conserva de Mini Salsichas Cocktail,NOBRE,Lata 0.18 KG,"1,39€","7,72€ / KG",
Queijo Flamengo Barra,TERRA NOSTRA,1 Unid. = 0.2 KG (aprox.),"8,99€/kg","1,80€ / Unid.",
Bolachas Ricanela +100g,CUÉTARA,Emb. 0.4 KG,"1,99€","4,98€ / KG",
Pudim Flan Caramelo 4x100g,ECO+,Emb. 0.4 KG,"0,74€","1,85€ / KG",
Conjunto de 6 Chaves,FOXTER,Emb. 6 UNID.,"10,99€","1,83€ / UNID.",
Gel Garnier Extra Forte 3 Estructurante,FRUCTIS,Emb. 0.2 LT,"5,39€","26,95€ / LT",
CHUVEIRO CROMADO 5 JATOS STOP+TUBO FLEXIVEL 1.75M,FOXTER,Emb. 1 UNID.,"11,90€","11,90€ / UNID.",
RIMMEL BL_ BATON LASTING FINISH 214 FIRECRACKER,,Emb. 1 UNID.,"7,99€","7,99€ / UNID.",
Fio Dentário Expansivo Sabor Menta,SENSODYNE,Emb. 1 P,"3,46€","3,46€ / P",
PANO SUAVE DUPLO,VILEDA,,"1,79€",/ Unid.,
Pantene Perfect Volume Laca 300ml,PANTENE PV,Spray 0.3 LT,"3,74€","12,47€ / LT",
Refrigerante Mini C/ Gás Pack 12,COCA COLA,Emb. 1.8 LT,"5,99€","3,33€ / LT",
Azeite,3 CASTELOS,Garrafa 1 LT,"5,14€","5,14€ / LT",
DETERGENTE EM PO FRESCURA P/ROUPA 10D,EPSIL,,"1,59€",/ Unid.,
Elixir Frescura Duradoura,ORAL B,Emb. 0.5 LT,"4,19€","8,38€ / LT",
KIT Escova De Dentes+Dentífrico+Copo 2-6 Anos Verde,PETIT DENTAMYL,Emb.1 1 UNID.,"2,99€","2,99€ / UNID.",
Pão Cachorro 330g,EPI D'OR,Emb. 6 UNID.,"0,99€","0,17€ / UNID.",
AE COCKPIT 600 ML 600ML TECH9,TECH9,Emb. 0.6 LT,"3,99€","6,65€ / LT",
Molotof Caramelo,,1 Unid. = 0.7 KG  (aprox.),"7,50€","10,71€ / KG",
Vinho Regional Dão Tinto,CASA DE SANTAR,Garrafa 0.75 LT,"7,39€","9,85€ / LT",
Palmiers Folhados,P'TIT DÉLI,Emb. 0.23 KG,"1,49€","6,48€ / KG",
Amaciador de Roupa Azul,COMFORT,Emb. 4 LT,"4,49€","1,12€ / LT",
AGUA DESMINERALIZADA,,Emb. 5 LT,"1,39€","0,28€ / LT",
Chá de Tília,LIPTON,Emb. 20 SAQ.,"1,19€","0,06€ / SAQ.",
Nata para Culinária,PARMALAT,Emb. 0.2 KG,"1,06€","5,30€ / KG",
Loção Corporal Summer Revive Fair,DOVE,Emb. 0.2 LT,"3,99€","19,95€ / LT",
PENSOS DIARIOS U. FINOS 30UN,DOULYS,,"0,89€",/ Unid.,
Tablete Chocolate Culinária,NESTLÉ,Emb. 0.2 KG,"1,39€","6,95€ / KG",
Café Solúvel Clássico Creme,NESCAFÉ,Frasco 0.1 KG,"3,95€","39,50€ / KG",
Cápsulas Café Ristretto Barista Intensidade 9,DOLCE GUSTO,Emb. 16 CAPS.,"4,79€","0,30€ / CAPS.",
Sobremesa Láctea Natural,IOGOLINO,Emb. 4 UNID.,"2,85€","0,71€ / UNID.",
Escova Borracha Vidros,SILLAGE,Emb. 1 UNID.,"1,99€","1,99€ / UNID.",
Bolo Rectangular de Ovo,,1 Unid. = 1 KG (aprox.),"12,49€/kg","12,49€ / Unid.",
Arroz Risotto,CAÇAROLA,Emb. 0.5 KG,"1,45€","2,90€ / KG",
Esparguete,ECO+,Emb. 0.5 KG,"0,79€","1,58€ / KG",
Ervilhas e Cenouras Extra Finas,NOTRE JARDIN,Emb. 0.8 KG,"2,15€","2,69€ / KG",
Broa de Milho com Chouriço,,1 Unid. = 0.5 KG (aprox.),"4,49€/kg","2,25€ / Unid.",
Merenda Mista,,1 Unid. = 0.1 KG,"0,85€","8,50€ / KG",
QUEIJO FLAMENGO FATIADO,QUEIJO NA TÁBUA,Emb. 0.275 KG,"2,49€","9,05€ / KG",
Sidra com Álcool de Maça 15x20cl,SOMERSBY,Emb. 3 LT,"9,94€","3,31€ / LT",
QUEIJO FLAMENGO FATIADO,QUEIJO NA TÁBUA,Emb. 0.5 KG,"3,79€","7,58€ / KG",
Mini Gelados de Chocolate Branco e de Chocolate Branco com Amêndoas Pack 6,MAGNUM,Emb. 0.33 LT,"2,99€","9,06€ / LT",
Papel Higiénico 4 Folhas,RENOVA,Emb. 9 ROLOS,"5,29€","0,59€ / ROLOS",
AUSONIA ORG COTTON NORMAL ABAS,AUSONIA,Emb. 12 UNID.,"2,54€","0,21€ / UNID.",
Açúcar Fino Granulado,SIDUL,Emb. 1 KG,"1,79€","1,79€ / KG",
Refrigerante C/ Gás S/ Cafeína Pack 6,COCA COLA,Emb. 1.98 LT,"4,30€","2,17€ / LT",
6-PACK TOALHITAS BABY MOMENTS,CHICCO,,"6,24€",/ Unid.,
TOALHITAS P/ADULTOS X64,CHORYS,Emb. 64 UNID.,"2,99€","0,05€ / UNID.",
Bebida Energética Ice Storm,POWERADE,Emb. 0.5 LT,"1,35€","2,70€ / LT",
Donuts Classic 4x50 gr,DONUTS,Emb. 0.2 KG,"2,95€","14,75€ / KG",
Mexilhão Médio,,1 KG (aprox.),"1,99€/kg","1,99€ / Unid.",
Chocolate Nestlé,AFTER EIGHT,Emb. 0.2 KG,"2,34€","11,70€ / KG",
After Shave WHITEWATER 100 ml,,,"9,89€",/ Unid.,
Folhado de Maça,,1 Unid. = 0.1 KG,"0,75€","7,50€ / KG",
Alimento Húmido P/ Cão Adulto Pequeno Frango e Borrego,PURINA,Emb. 0.4 KG,"2,79€","6,98€ / KG",
"ATUM FILETE AZEITE BIO, 120G",TENÓRIO,Emb. 0.12 KG,"2,29€","19,08€ / KG",
Creme Hidratante Dupla Ação,CLEAN & CLEAR,Emb. 0.1 LT,"6,92€","69,20€ / LT",
Lápis Carpintaria,ECO+,Emb. 12 UNID.,"1,50€","0,13€ / UNID.",
Pimenta P/ Bifes C/ Moinho,MARGÃO,Emb. 0.035 KG,"4,29€","122,57€ / KG",
LENCOS FACIAIS 3F DECORADO,CARESSE,Emb. 70 UNID.,"1,19€","0,02€ / UNID.",
Cuecas Incontinência Boutique L,AUSONIA,Emb. 8 UNID.,"11,87€","1,48€ / UNID.",
RACLETTE REDONDA 8P,ELSAY,Emb. 1 UNID.,"39,90€","39,90€ / UNID.",
GELADO BAUNILHA / SPECULOS,ESKISS,Emb. 1 LT,"2,99€","2,99€ / LT",
Bolachas Cookies Pepitas de Chocolate,CHIPS AHOY,Emb. 0.128 KG,"1,57€","12,27€ / KG",
Crackers com Sésamo,VIEIRA,Emb. 0.2 KG,"1,39€","6,95€ / KG",
Canela Moída,MARGÃO,Emb. 0.039 KG,"2,59€","66,41€ / KG",
PANQUECAS,EPI D'OR,,"2,35€",/ Unid.,
BATERIA Nº 10 50/450 50/450 TECH9,TECH9,Emb. 1 UNID.,"56,99€","56,99€ / UNID.",
Topping Chocolate,MILKA,Emb. 0.3 KG,"3,65€","12,17€ / KG",
Toalhitas Peles Sensiveis,CHICCO,Emb. 72 UNID.,"1,49€","0,02€ / UNID.",
BB CREAM 5EM1 MEDIO 50ML,INELL,Emb. 0.05,"3,49€","69,80€ /",
FILETE ATUM EM ESCABECHE 120 GR,TENÓRIO,Emb. 0.12 KG,"2,29€","19,08€ / KG",
Salsicha Branca com Porto 3x125g,TRADILÈGE,Emb. 0.375 KG,"3,35€","8,93€ / KG",
Alimento Seco P/ Cão Mini Menu Vaca,PURINA FRISKIES,Emb. 1.5 KG,"4,49€","2,99€ / KG",
Vinho Verde Branco Salvé,SALVE,Garrafa 0.75 LT,"1,79€","2,39€ / LT",
Drageias Chocolate Tubo Tripack,PINTAROLAS,Emb. 0.066 KG,"1,35€","20,45€ / KG",
Vinho Regional Alentejo Tinto,MONSARAZ,Garrafa 0.75 LT,"3,95€","5,27€ / LT",
Vinho Tinto de Mesa BIB,COMP DO VINHO,Bag in box 10 LT,"10,99€","1,10€ / LT",
Cápsulas Café Ristretto Napoli,DOLCE GUSTO,Emb. 16 CAPS.,"4,79€","0,30€ / CAPS.",
Torta com Cobertura Cacau e Recheio de Leite,DAN CAKE,Emb. 0.3 KG,"2,45€","8,17€ / KG",
PREPARADO PARA PANQUECAS CONDI 400G,CONDI,Emb. 0.4 KG,"1,99€","4,98€ / KG",
Champô Cabelo Ultra Suave Louros Camomila,GARNIER,Emb. 0.25 LT,"3,55€","14,20€ / LT",
PENSOS DIARIOS U.FINOS ALOE VERA POCKET 30UN,DOULYS,Emb. 30 UNID.,"1,25€","0,04€ / UNID.",
Sumo Multifrutos 10 Unid.,JAFADEN,Emb. 2 ML,"3,49€","1,75€ / ML",
Bolachas Torradas,VIEIRA,Emb. 0.2 KG,"0,85€","4,25€ / KG",
Cápsulas Café Alumínio Nespresso 100% Arábica,SEGAFREDO,Emb. 10 UN,"4,29€","0,43€ / UN",
NATAS FRESCAS ESPESSAS LIGHT,DÉLISSE,Emb. 0.5 LT,"1,79€","3,58€ / LT",
Ossos Prensados 21 Cm,TOUS MES AMIS,Emb. 1 UNID.,"2,48€","2,48€ / UNID.",
Café Colombia P/ Nespresso Intensidade 7,STARBUCKS,Emb. 10 DOSES,"4,45€","0,45€ / DOSES",
Conserva de Grão de Bico,NOTRE JARDIN,Frasco 0.57 KG,"0,69€","1,21€ / KG",
Tiras de Bacon Fumados Superior 2x100g,ECO+,Emb. 0.2 KG,"1,99€","9,95€ / KG",
Conserva Grão Cozido com pouco Sal,FERBAR,Lata 0.42 KG,"0,95€","2,26€ / KG",
Batatas Fritas Lay\'s Gourmet,LAY'S,Emb. 0.17 KG,"2,19€","12,88€ / KG",
Infusão de Canela e Maça,LIPTON,Emb. 0.044 KG,"1,84€","41,82€ / KG",
Alimento Seco Gato Completo Salmão Legumes,LYCAT,Emb. 0.4 KG,"0,99€","2,48€ / KG",
Pastilha Elástica Senses Rainforest Mint,TRIDENT,Emb. 0.023 KG,"0,94€","40,87€ / KG",
Bebida de Aveia sem Açúcar,ALPRO SOYA,Emb. 1 LT,"2,39€","2,39€ / LT",
Alimento Húmido Gato Carne de Vaca,TOUS MES AMIS,Emb. 0.1 KG,"0,55€","5,50€ / KG",
Sumo Laranja S/ Adição Açúcar 6 Unid.,JAFADEN,Emb. 1.2 ML,"1,49€","1,24€ / ML",
Sua Vinha Tetra Pak Branco,SUA VINHA,Emb. 1 LT,"0,98€","0,98€ / LT",
Açúcar Branco Cubos,TÉVA,Emb. 1 KG,"1,49€","1,49€ / KG",
IOGURTE NATURAL BIO,,Emb. 0.5 KG,"0,94€","1,88€ / KG",
Refrigerante C/ Gás Uva,FANTA,Garrafa 1.5 LT,"1,00€","0,67€ / LT",
Dentífrico Cuidados Completos 8 em 1,DENTAMYL,Emb. 0.075 LT,"0,95€","12,67€ / LT",
Johnson's Gel de Banho para Bebé Cuidado Completo,JOHNSON'S BABY,Emb. 0.5 LT,"3,89€","7,78€ / LT",
ELIXIR BOCAL,DENTAMYL,Emb. 0.5 LT,"1,29€","2,58€ / LT",
Molho Bifana com Mostarda,CALVÉ,Emb. 0.26 KG,"2,35€","9,04€ / KG",
Bolachas com Cobertura Chocolate de Leite,P'TIT DÉLI,Emb. 0.2 KG,"1,29€","6,45€ / KG",
Espumante Bairrada,SÃO DOMINGOS,Emb. 0.75 LT,"5,99€","7,99€ / LT",
Sobremesa de Chocolate 6x70g,DÉLISSE,Emb. 0.42 KG,"1,75€","4,17€ / KG",
CARNE DE GALINHA C/ ARROZ E MOLHO DE NATAS,CÔTÉ TABLE,Emb. 0.3 KG,"1,99€","6,63€ / KG",
Molho Samurai,RUSTICA,Emb. 0.252 KG,"1,35€","5,36€ / KG",
Queijo Parmigiano Reggiano,LES CROISÉS,Emb. 0.2 KG,"4,48€","22,40€ / KG",
BACALHAU ESPIRITUAL 350G,CÔTÉ TABLE,Emb. 0.35 KG,"3,49€","9,97€ / KG",
Gelado Super Maxi,OLÁ,Emb. 0.39 LT,"2,99€","7,67€ / LT",
Macarrão Penne Isento de Glúten,CHAQUE JOUR SANS GLUTEN,Emb. 0.4 KG,"1,49€","3,73€ / KG",
Sumo 100% Multifrutos Biológico,,Emb. 1 LT,"2,09€","2,09€ / LT",
FORMAS DE ALUMINIO BAIXO 1L 10UN,ELEMBAL,Emb. 10 UNID.,"2,99€","0,30€ / UNID.",
Iogurte de Frutos Déli´light 8x125g,DÉLISSE,Emb. 1 KG,"2,59€","2,59€ / KG",
FEIJÃO PRETO,FERBAR,Emb. 0.5 KG,"1,04€","2,08€ / KG",
Escova de Dentes Suave Whole Mouth Clean,COLGATE,Emb. 1 UNID.,"3,95€","3,95€ / UNID.",
Molho de Alho com Ervas,HEINZ,Emb. 0.22 LT,"2,35€","10,68€ / LT",
PURE MACA/AMEIXA SEM ADICAO ACUCAR BIO +4M,,Emb. 0.4 KG,"2,09€","5,23€ / KG",
CAÇAROLA FRITADEIRA INOX COM ASA E CESTO INTERIOR 24CM,ECO+,Emb. 1 UNID.,"13,99€","13,99€ / UNID.",
Tablete Chocolate Preto Culinária,TABLETTE D'OR,Emb. 0.2 KG,"1,65€","8,25€ / KG",
DETERGENTE MANUAL LOICA MACA 1L,ECO+,Emb. 1 LT,"0,79€","0,79€ / LT",
"""QUENELLES"" DE SALMAO C/ MOLHO CAMARAO",CÔTÉ TABLE,Emb. 0.4 KG,"1,79€","4,48€ / KG",
BLOCO 5 TOMADAS C/ INTERRUPTOR,ECO+,Emb. 1 UNID.,"4,99€","4,99€ / UNID.",
Ice Tea de Manga,FRESH TEA,Garrafa 1.5 LT,"1,25€","0,83€ / LT",
Cereais de Chocolate Biológicos,CHOCAPIC,Emb. 0.33 KG,"2,99€","9,06€ / KG",
Condicionador Nourish & Replenish,TRESEMMÉ,Emb. 0.4 LT,"4,79€","11,98€ / LT",
Chá Verde com Sabor a Hortelã e Lima,LIPTON,Emb. 1 LT,"1,28€","1,28€ / LT",
Baked Heinz Beans Com Tomate 415g,HEINZ,Emb. 0.415 KG,"1,79€","4,31€ / KG",
Pantene Micelar Purifica & Revitaliza Champô,,Emb. 0.25 LT,"3,98€","15,92€ / LT",
Lâmina Descartável Flex 3,BIC,Emb. 6 UNID.,"4,98€","0,83€ / UNID.",
Champô Nourish & Replenish com Óleo de Coco e Aloe Vera,TRESEMMÉ,Emb. 0.4 LT,"4,79€","11,98€ / LT",
Alimento Húmido P/ Cão Adulto Pequeno C/ Carne de Vaca e Pato,PURINA,Emb. 0.4 KG,"3,19€","7,98€ / KG",
Café Torrado Moído Lote Descafeínado Moagem Universal Intensidade 8,SICAL,Emb. 0.22 KG,"3,24€","14,73€ / KG",
Regulador Ph Mais Solido,BEAUX JOURS,Emb. 6 KG,"21,55€","3,59€ / KG",
Queijo Ralado 4 Queijos,PRÉSIDENT,Emb. 0.15 KG,"2,55€","17,00€ / KG",
MANGUEIRA 19MMX25M,BEAUX JOURS,Emb. 1 UNID.,"21,90€","21,90€ / UNID.",
Ambientador Vela Anti-Tabaco,,Emb. 2 UNID.,"5,69€","2,85€ / UNID.",
SNACK BATATA SALGADA S/ GLUTEN,CHAQUE JOUR SANS GLUTEN,Emb. 0.17 KG,"2,15€","12,65€ / KG",
Panos Multiusos Microfibra,MAMISON,Emb. 2 UNID.,"1,99€","1,00€ / UNID.",
Massa Espirais,MILANEZA,Emb. 0.5 KG,"1,19€","2,38€ / KG",
"JARRO ELECTRICO INOX 2000W 1,7L",ELSAY,Emb. 1 UNID.,"19,90€","19,90€ / UNID.",
Café Solúvel Qualité Filtre,PLANTATION,Frasco 0.2 KG,"3,99€","19,95€ / KG",
AZEITONAS INTEIRAS PRETAS A GREGA,RUSTICA,Emb. 0.25 KG,"1,29€","5,16€ / KG",
Mini Pizza Piccolinis Salsicha Frankfurt 9 Unid.,BUITONI,Emb. 0.27 KG,"3,99€","14,78€ / KG",
Snacks Palitos,CHEETOS,Emb. 0.096 KG,"1,59€","16,56€ / KG",
VINHO TINTO REGIONAL LISBOA BIB,COMP DO VINHO,,"6,49€",/ Unid.,
Gel de Duche Nutritivo,DOVE,Emb. 0.75 LT,"4,79€","6,39€ / LT",
Pérolas de Perfume para Roupa Spring,LENOR,Emb. 0.21 KG,"7,69€","36,62€ / KG",
Água com Gás Groselha 4x25 cl,FRIZE,Emb. 1 LT,"2,66€","2,66€ / LT",
QUEIJO FRESCO 20% MG,DÉLISSE,Emb. 1 KG,"1,99€","1,99€ / KG",
Salsichão C/ Avelãs,ST AZAY,Emb. 0.25 KG,"2,99€","11,96€ / KG",
Arroz Carolino,COMPTOÍR DU GRAIN,Emb. 1 KG,"0,93€","0,93€ / KG",
Bebida Energética Regular,X-TENSE,Emb. 0.25 LT,"0,49€","1,96€ / LT",
DESODORIZANTE ROLL-ON BIO 50ML,BIONAÏA,Emb. 0.05 LT,"0,99€","19,80€ / LT",
Pacotinho de Frutas Maçã e Pêssego S/ Glúten +6 meses,NESTLÉ,Emb. 0.09 KG,"0,99€","11,00€ / KG",
Leite meio gordo sem lactose,GRESSO,Emb. 1 LT,"1,04€","1,04€ / LT",
Old Spice Restart shower gel,OLD SPICE,Emb. 0.4 LT,"4,94€","12,35€ / LT",
Máscara de Pestanas Preto 001,RIMMEL,Emb. 1 UNID.,"8,89€","8,89€ / UNID.",
Tablete Chocolate Branco Culinária,PANTAGRUEL,Emb. 0.2 KG,"2,55€","12,75€ / KG",
Bacalhau Posta,,Emb. 0.75 KG,"11,99€","15,99€ / KG",
Tira Gorduras Perfumado,MISTOLIN,Emb. 0.545 LT,"3,19€","5,85€ / LT",
Máquinas de Barbear Descartáveis Blue 3 Smooth,GILLETTE,Emb. 5 UNID.,"4,94€","0,99€ / UNID.",
LAPIS DE COR 12UN,ECO+,Emb. 12 UNID.,"0,99€","0,08€ / UNID.",
Cornetto de Morango 6x90 ml,OLÁ,Emb. 0.54 LT,"4,30€","7,96€ / LT",
GELEIA MORANGO 345G,CASA MATEUS,Emb. 0.345 KG,"2,47€","7,16€ / KG",
SUMO 100% UVA BIO,,Emb. 1 LT,"1,59€","1,59€ / LT",
ERVILHAS CONGELADAS,NOTRE JARDIN,Emb. 0.4 KG,"0,79€","1,98€ / KG",
Triguilho Biológico,,Emb. 0.5 KG,"1,49€","2,98€ / KG",
Desodorizante Roll-On Biorythm 48H,REXONA,Emb. 0.05 LT,"2,39€","47,80€ / LT",
Pensos Diários Slip Normal,AUSONIA,Emb. 40 UNID.,"1,49€","0,04€ / UNID.",
FIAMBRE PERNA EXTRA LABEL ROUGE 4 FATIAS,TRADILÈGE,Emb. 0.16 KG,"3,09€","19,31€ / KG",
Pão de Forma Especial Torradas sem Côdea,BIMBO,Emb. 0.75 KG,"1,74€","2,32€ / KG",
MORANGOS INTEIROS 650G,DOUCEUR DU VERGER,Emb. 0.65 KG,"3,19€","4,91€ / KG",
SOBREMESA STRACCIATTELLA,DÉLISSE,Emb. 0.48 KG,"1,75€","3,65€ / KG",
Pensos Higiénicos Super C/ Abas Eco,UNÍ VERT,Emb. 12 UNID.,"1,45€","0,12€ / UNID.",
Molho Agridoce com Legumes Crocantes,RUSTICA,Frasco 0.4 KG,"1,25€","3,13€ / KG",
Recarga Sabonete Líquido Flores Laranjeira,MANAVA,Emb. 0.25 LT,"0,65€","2,60€ / LT",
Pão Roll's Bases Redondas 6 Unid.,BIMBO,Emb. 0.24 KG,"1,95€","8,13€ / KG",
ARRANHADOR EM CARTAO P/GATO,P'TIT AMI,Emb. 1 UNID.,"2,99€","2,99€ / UNID.",
Ficha Programadora Diária,ECO+,Emb. 1 UNID.,"4,99€","4,99€ / UNID.",
"COOKIES DE CHOCOLATE BRANCO, PASSAS E MIRTILOS",P'TIT DÉLI,Emb. 0.2 KG,"1,59€","7,95€ / KG",
GALETES DE MILHO C/ SEMENTES DE LINHACA BIO,,Emb. 0.15 KG,"1,29€","8,60€ / KG",
Toalha Branca 25Metros,ECO+,Emb. 1 UNID.,"3,99€","3,99€ / UNID.",
Kinder SchokobonsT.200 White,KINDER,Emb. 0.2 KG,"3,99€","19,95€ / KG",
Cone Menta e Chocolate,TRIUM,Emb. 6 UNID.,"2,49€","0,42€ / UNID.",
Desodorizante Active Fresh Spray,VASELINE,Emb. 0.25 LT,"2,19€","8,76€ / LT",
Bolachas de Cacau Recheadas C/ Creme Baunilha,P'TIT DÉLI,Emb. 0.176 KG,"0,99€","5,63€ / KG",
Vinho Regional Alentejano Tinto,GALITOS,Garrafa 0.75 LT,"1,99€","2,65€ / LT",
Cápsulas Café Alumínio Nespresso Intenso,SEGAFREDO,Emb. 10 UN,"4,29€","0,43€ / UN",
Penso Incontinência Discreet Normal,AUSONIA,Emb. 24 UNID.,"4,99€","0,21€ / UNID.",
Água sem Gás 4x1.5 L,FASTIO,Garrafa 6 LT,"2,39€","0,40€ / LT",
Cerveja com Álcool,SUPER BOCK,Garrafa 1 LT,"1,99€","1,99€ / LT",
Destop Turbo Gel,DESTOP,Emb. 1   UNID.,"6,74€","6,74€ /   UNID.",
FILETES DE PESCADA,PÊCHE OCÉAN,Emb. 0.4 KG,"3,49€","8,73€ / KG",
FITA CORRETORA 10MX5MM,ESQUISSE,Emb. 1 UNID.,"0,99€","0,99€ / UNID.",
Amaciador Roupa Concentrado Intense Care Sensitive,COMFORT,Emb. 60 DOSES,"3,99€","0,07€ / DOSES",
BEBIDA SOJA BAUNILHA 3x250ML,ALPRO,Emb. 0.75 LT,"1,79€","2,39€ / LT",
Café Torrado em Grão Intensidade 12,BUONDI,Emb. 0.22 KG,"3,35€","15,23€ / KG",
Máquina de Depilar Descartável Oceana,GILLETTE,Emb. 4 UNID.,"8,89€","2,22€ / UNID.",
Café Delta Em Grão Torrado Chávena,DELTA,Emb. 0.25 KG,"2,29€","9,16€ / KG",
FOLHADOS FEUILLETINE 135G,DU BOIS DE LA ROCHE,Emb. 0.135 KG,"1,67€","12,37€ / KG",
MENU COMPLETO PARA HAMSTERS 800G,P'TIT AMI,Emb. 0.8 KG,"1,99€","2,49€ / KG",
Gelado Coco Manga Maracujá,ESKISS,Emb. 0.9 LT,"2,99€","3,32€ / LT",
"GELADO ""TYROLIA"" BAUNILHA",ESKISS,Emb. 0.65 LT,"1,99€","3,06€ / LT",
Detergente para a Máquina da Loiça de Limão,SUN,Emb. 90 DOSES,"12,34€","0,14€ / DOSES",
Leite Achocolatado Light 6x250ml,UCAL,Emb. 1.5 LT,"4,04€","2,69€ / LT",
Abrótea Inteira Cal. 1000/1500 Congelado,,1 Unid. = 1.2 KG (aprox.),"5,99€/kg","7,19€ / Unid.",
APARADOR MULTIFUNCOES,ELSAY,Emb. 1 UNID.,"16,90€","16,90€ / UNID.",
Alimento Seco P/ Cão S/ Cereais Frango,BEYOND,Emb. 7 KG,"34,99€","5,00€ / KG",
Laca Elnett Latin Fixação Forte,L'ORÉAL PARIS,Spray 0.3 LT,"5,93€","19,77€ / LT",
Sumo de Maçã à Base de Concentrado,JAFADEN,Emb. 2 LT,"1,39€","0,70€ / LT",
FIAMBRE PERNA EXTRA C/ COURATO 4 FATIAS,TRADILÈGE,Emb. 0.16 KG,"2,59€","16,19€ / KG",
Conserva de Tomate Triturado,TURINI,Lata 0.78 KG,"0,89€","1,14€ / KG",
Tablete de Chocolate C/ Amendoim,NESTLÉ,Emb. 0.09 KG,"1,09€","12,11€ / KG",
Pantene Purifica & Reconstrói Condicionador 160 ml,,Emb. 0.16 LT,"4,94€","30,88€ / LT",
Açúcar em Pó 100 saquetas,TÉVA,Emb. 0.5 KG,"2,45€","4,90€ / KG",
Johnson's Baby Brilho Mágico Condicionador Gotas de Brilho,JOHNSON'S BABY,Emb. 0.5 LT,"5,49€","10,98€ / LT",
Corn Flakes Açucarados,,Emb. 0.75 KG,"2,45€","3,27€ / KG",
Cerveja sem Álcool 6x33CL,SUPER BOCK,Emb. 1.98 LT,"4,49€","2,27€ / LT",
Champô Anti-Caspa Eficácia Ativa 2 em 1 para Todos os Tipos de Cabelo,LINIC,Emb. 0.36 LT,"4,94€","13,72€ / LT",
"LASANHA A BOLONHESA COM AZEITE VIRGEM EXTRA (1,7%)",CÔTÉ TABLE,Emb. 0.35 KG,"2,19€","6,26€ / KG",
Azeite Virgem Extra Reserva,GALLO,Garrafa 0.75 LT,"4,79€","6,39€ / LT",
Broa de Avintes,,1 Unid. = 0.9 KG (aprox.),"2,99€/kg","2,69€ / Unid.",
Toalhitas Limpeza P/ Ecrãs,LINKSTER,Emb. 80 UNID.,"4,99€","0,06€ / UNID.",
Barra de Cereais com Chocolate Preto e Amendoim,ECO+,Emb. 6 UNID.,"1,09€","0,18€ / UNID.",
TIRA NÓDOAS COLOUR PÓ,A+,Emb. 0.99 KG,"5,99€","6,05€ / KG",
Iogurte Bifidus Líquido Lima Limão 0% 4 Unid.,DANONE,Emb. 0.62 KG,"1,99€","3,21€ / KG",
Body Milk para Duche Nutritivo Pele Seca,NIVEA,Emb. 0.25 LT,"4,64€","18,56€ / LT",
Cereais Special K Frutos Vermelhos,KELLOGG'S,Emb. 0.3 KG,"2,59€","8,63€ / KG",
Conjunto de 8 Chaves de Boca,ECO+,Emb. 8 UNID.,"3,99€","0,50€ / UNID.",
Bebida Energética,BURN,Emb. 0.5 LT,"1,09€","2,18€ / LT",
Aditivo Máquina Loiça Sal,CALGON,Emb. 1 KG,"2,39€","2,39€ / KG",
Café Cápsulas Qonvictus Intensidade 5,DELTA,Emb. 10 CAPS.,"2,99€","0,30€ / CAPS.",
Tiras P/ Periquitos Sabor Fruta,TOUS MES AMIS,Emb. 0.06 KG,"1,29€","21,50€ / KG",
Moscatel,FAVAIOS,Garrafa 0.75 LT,"5,59€","7,45€ / LT",
Bolachas Cobertas ChocoWafer Branco,MILKA,Emb. 0.18 KG,"2,65€","14,72€ / KG",
Barras Cereais Crunchy Caramel 6 Unid.,,Emb. 0.141 KG,"2,33€","16,52€ / KG",
OSSO PRESUNTO 1UN,TOUS MES AMIS,Emb. 1 UNID.,"2,19€","2,19€ / UNID.",
Pão de Forma Integral,BIMBO,Emb. 0.48 KG,"1,65€","3,44€ / KG",
Batatas Fritas Artesanais,POM'LISSE,Emb. 0.18 KG,"0,99€","5,50€ / KG",
Sobremesa de Soja Chocolate 4 Unid.,NAT&VIE,Emb. 0.4 KG,"1,49€","3,73€ / KG",
Bola de Berlim,,1 Unid. = 0.1 KG,"0,75€","7,50€ / KG",
Anis Estrelado,MARGÃO,Emb. 0.025 KG,"3,29€","131,60€ / KG",
"AMBIENTADOR MECHA ""LAVANDA"" 375ML",BIEN AIR,Emb. 0.375 LT,"1,55€","4,13€ / LT",
Ração para Gato Esterilizado Controlo de Peso de Frango,PURINA,Emb. 1.5 KG,"11,99€","7,99€ / KG",
CROQUETES GATINHO PREMIUM 450G LYCAT,PLENIMA,Emb. 0.45 KG,"1,59€","3,53€ / KG",
Vinho Rosé,FAISÃO,Emb. 1 LT,"2,49€","2,49€ / LT",
PINCEIS Nº 8/10/12,ESQUISSE,Emb. 3 UNID.,"0,52€","0,17€ / UNID.",
CABO USB/COMPATIVEL LIGHTNING 2M BRANCO nylon,LINKSTER,Emb. 1 UNID.,"16,99€","16,99€ / UNID.",
"Bolachas gérmen de Trigo, Soja e Figo",NAT&VIE,Emb. 0.2 KG,"1,69€","8,45€ / KG",
Infusão de Frutos Vermelhos,LIPTON,Emb. 0.032 KG,"0,90€","28,13€ / KG",
Vinagre Balsâmico de Modena,GALLO,Emb. 0.5 LT,"2,99€","5,98€ / LT",
Esponjas Vegetais,ECO+,Emb. 2 UNID.,"0,69€","0,35€ / UNID.",
PERSIL LAVANDA GEL,PERSIL,Emb. 50 DOSES,"9,99€","0,20€ / DOSES",
FRESHMATIC COM RECARGA PURE FLOR DE CEREJEIRA,AIRWICK,Emb. 1 UNID.,"7,19€","7,19€ / UNID.",
Bolachas Chips de Chocolate Minis,CHIPS AHOY,Emb. 0.16 KG,"1,97€","12,31€ / KG",
Massa Bago,MILANEZA,Emb. 0.25 KG,"0,78€","3,12€ / KG",
FARINHA ARROZ INTEGRAL,,,"2,15€",/ Unid.,
CORTINA DUCHE 180X200 CINZENTO,SILLAGE,Emb. 1 UNID.,"3,89€","3,89€ / UNID.",
Massa Entrefina,,Emb. 0.5 KG,"0,69€","1,38€ / KG",
Madalenas Longas Recheadas com Chocolate 8 Unidades,P'TIT DÉLI,Emb. 0.24 KG,"2,19€","9,13€ / KG",
PUDIM +PROTEINA CARAMELO,EHRMANN,Emb. 0.2 KG,"1,79€","8,95€ / KG",
SKYR MIRTILO,DÉLISSE,Emb. 0.45 KG,"2,19€","4,87€ / KG",
Napolitana de Chocolate,,1 Unid. = 0.12 KG,"0,80€","6,67€ / KG",
"Refrigerante com Gás Ananás Lata 6x0,33L",SUMOL,Emb. 1.98 LT,"4,39€","2,22€ / LT",
AUSONIA CUECAS INCONTINÊNCIA DISCREET PANTS NR TM 4X8,AUSONIA,,"6,99€",/ Unid.,
Bolachas Original,OREO,Emb. 0.154 KG,"1,35€","8,77€ / KG",
PIZZA BOLOGNA TURINI,TURINI,Emb. 0.4 KG,"2,05€","5,13€ / KG",
PENSOS INCONTINENCIA ANATOMICOS X 20 + 2 CUECAS DE MALHA,CHORYS,Emb. 20 UNID.,"8,49€","0,42€ / UNID.",
Café Solúvel C/ Bebida Amêndoa Vegan,NESCAFE GOLD,Emb. 0.096 KG,"3,68€","38,33€ / KG",
Champô Seco Fresh&Clean,TRESEMMÉ,Emb. 0.25 LT,"5,39€","21,56€ / LT",
Gomas Crocodil,COPAÍNS COPINES,Emb. 0.3 KG,"1,34€","4,47€ / KG",
Massa Espirais Tricolores,MILANEZA,Emb. 0.5 KG,"1,89€","3,78€ / KG",
Vinagre Vinho Branco,GALLO,Garrafa 0.25 LT,"1,09€","4,36€ / LT",
PALETTE 8.2 LOURO BEGE,PALETTE,Emb. 1 UNID.,"4,79€","4,79€ / UNID.",
Manjericão,RUSTICA,Frasco 0.012 KG,"0,79€","65,83€ / KG",
Vinho Regional Alentejo Tinto,CONVENTO DA VILA,Garrafa 0.75 LT,"2,69€","3,59€ / LT",
TERRA SEMENTEIRA E ESTAQUIA BIO 20L,BEAUX JOURS,Emb. 20 LT,"2,99€","0,15€ / LT",
A+ARIEL OPTIMAL LIQ 4X2.8L/56SC/PT,A+,,"8,99€",/ Unid.,
Panaché,FALSBOURG,Lata 2.5 LT,"2,99€","1,20€ / LT",
Doseador Delicious Sweet Taste,CANDEREL,Emb. 1 P,"1,49€","1,49€ / P",
MASCARA CABELOS ARGAO/JASMIM ING.NATURAIS 300ML,NATEIS,Emb. 0.3 LT,"1,34€","4,47€ / LT",
ESTENDAL HORIZONTAL SEMI-AUTOMATICO,HOMESIDE,Emb. 1 UNID.,"35,99€","35,99€ / UNID.",
"Refrigerante com Gás Laranja Lata 6x0,33L",SUMOL,Emb. 1.98 LT,"4,38€","2,21€ / LT",
Cerveja sem Álcool Preta 6x33cl,CHEERS,Emb. 0.33 LT,"3,59€","10,88€ / LT",
SABONETE VEGETAL C/LEITE DE BURRA BIO,BIONAÏA,Emb. 0.1 KG,"1,55€","15,50€ / KG",
Desodorizante Spray Pedra Alumen,MANAVA,Emb. 0.2 LT,"1,34€","6,70€ / LT",
Queijo Flamengo Light Fatiado,AGROS,Emb. 0.17 KG,"2,19€","12,88€ / KG",
"CARREGADOR ISQUEIRO 2,4A + CABO USB/USB C 1M BRANCO",LINKSTER,Emb. 1 UNID.,"9,99€","9,99€ / UNID.",
Azeite Virgem Extra Dop,ROSMANINHO,Garrafão 5 LT,"24,79€","4,96€ / LT",
Bolachas de Manteiga em Saquetas 12x3Unid.,P'TIT DÉLI,Emb. 0.3 KG,"2,45€","8,17€ / KG",
Pão De Forma Cerealia 100% Integral,PANRICO,Emb. 0.385 KG,"2,25€","5,84€ / KG",
Sangria,FESTALIE,Emb. 3 LT,"4,99€","1,66€ / LT",
LIMPA VIDROS ECOLOGICO 750ML UNI VERT,UNÍ VERT,Emb. 0.75 LT,"1,29€","1,72€ / LT",
Caldo de Legumes,KNORR,Emb. 0.088 KG,"1,39€","15,80€ / KG",
Espinafre Picado Congelado,NOTRE JARDIN,Emb. 1 KG,"1,39€","1,39€ / KG",
PURE MACA/ALPERCE SEM ADICAO ACUCAR BIO +4M,,Emb. 0.4 KG,"2,09€","5,23€ / KG",
Vinho do Porto Velhotes White,CALEM,Garrafa 0.75 LT,"4,99€","6,65€ / LT",
CONE COCO 6UN,TRIUM,Emb. 6 UNID.,"2,49€","0,42€ / UNID.",
Tablete de Chocolate com Avelãs 3x100g,TABLETTE D'OR,Emb. 0.3 KG,"2,89€","9,63€ / KG",
Absorvente Gato,TOUS MES AMIS,Emb. 10 LT,"4,59€","0,46€ / LT",
Iogurte Líquido DanUp Melão Melancia 4x155g,DANONE,Emb. 0.62 KG,"1,69€","2,73€ / KG",
Muesli C/ Nozes,GRAINEA,Emb. 0.5 KG,"2,89€","5,78€ / KG",
SNACK CHIPZ MAÇÃ FRUUT 20G,,Emb. 0.02 KG,"0,78€","39,00€ / KG",
ALIMENT BEBE: ESPARGUETE BOLONHESA BIO 12M,BIO VILLAGE BEBE,Emb. 0.23 KG,"1,99€","8,65€ / KG",
CARVAO VEGETAL 3KG MARCA GUIA,,Emb. 3 KG,"3,79€","1,26€ / KG",
Sais de Fruta Digestivo Limão,ENO,Emb. 10 UNID.,"4,99€","0,50€ / UNID.",
SPRAY IMPERMEABILIZANTE INCOLOR 250ML,LA VACHETTE,Emb. 0.25 LT,"1,99€","7,96€ / LT",
Escova Borracha Vidros + Ventosa,SILLAGE,Emb. 1 UNID.,"1,20€","1,20€ / UNID.",
Vinho Tinto do Douro Reserva,CADÃO,Emb. 0.75 LT,"5,59€","7,45€ / LT",
Chá Verde Springy Mint,LIPTON,Emb. 20 UNID.,"1,29€","0,06€ / UNID.",
Biscoitos Multi Cereais,P'TIT DÉLI,Emb. 0.4 KG,"2,09€","5,23€ / KG",
Pensos Higiénicos Salvaslips Fresh em Bolsas,EVAX,Emb. 40 UNID.,"2,27€","0,06€ / UNID.",
Lenços de Bolso 18+6 Unid.,RENOVA,Emb. 24 UNID.,"2,98€","0,12€ / UNID.",
Desinfectante de Roupa,SKIP,Emb. 1.2 LT,"4,99€","4,16€ / LT",
CONES DE MILHO,TOKAPI,Emb. 0.085 KG,"0,84€","9,88€ / KG",
Vinho Regional Península de Setúbal Tinto,SERRAS DE AZEITÃO,Garrafa 0.75 LT,"2,64€","3,52€ / LT",
Molho César para Salada,HELLMANN'S,Emb. 0.21 LT,"2,09€","9,95€ / LT",
BALDE DE AZEITONAS VERDES,RUSTICA,Emb. 3.5 KG,"6,99€","2,00€ / KG",
Massa Fettuccine,MILANEZA,Emb. 0.5 KG,"1,89€","3,78€ / KG",
Whisky Blended,SHIP CHANDLER,Emb. 0.07 L,"7,99€","114,14€ / L",
Salsichão de Cervelas de Porco,TRADILÈGE,Emb. 0.3 KG,"2,49€","8,30€ / KG",
Antitranspirante Maximum Protection Confidence,REXONA,Emb. 0.045 LT,"4,79€","106,44€ / LT",
"CANETA ROLLER GEL RETRATIL PRETA 0,5MM",ESQUISSE,Emb. 1 UNID.,"1,75€","1,75€ / UNID.",
Gelatina Light Tropical,ROYAL,Emb. 0.031 KG,"1,87€","60,32€ / KG",
OSSO PRESUNTO 2UN,TOUS MES AMIS,Emb. 2 UNID.,"2,99€","1,50€ / UNID.",
Snacks Húmidos P/ Gato Esterilizado 2 de Frango e 2 de Vaca,PURINA,Emb. 0.34 KG,"3,49€","10,26€ / KG",
GOMAS TIJOLOS BRANCOS,COPAÍNS COPINES,Emb. 0.2,"0,99€","4,95€ /",
TORTILLA BATATA,TABLES DU MONDE,Emb. 0.5 KG,"2,99€","5,98€ / KG",
TESOURA PODA DE GALHOS JARDIPRO,BEAUX JOURS,Emb. 1 UNID.,"11,90€","11,90€ / UNID.",
Desodorizante Deo Invisible,DOVE,Emb. 0.05 LT,"2,69€","53,80€ / LT",
Massa Cotovelinhos,TURINI,Emb. 0.5 KG,"0,89€","1,78€ / KG",
Vinho Rosé Frutado,FAISÃO,Garrafa 0.75 LT,"2,29€","3,05€ / LT",
Bolachas com Creme Nocilla e Cereais,CUÉTARA,Emb. 0.175 KG,"2,14€","12,23€ / KG",
Vinho Tinto,M.J.FREITAS,Bag in Box 5 LT,"7,99€","1,60€ / LT",
Doseador Sabão Líquido Cinza,SILLAGE,Emb. 1 UNID.,"3,00€","3,00€ / UNID.",
Fraldas Bebé T5 Doucer 11/25 Kg,MOTS D'ENFANTS,Emb. 66 UNID.,"9,99€","0,15€ / UNID.",
Refrigerante C/ Gás Laranja S/ Adição Açúcar,FANTA,Garrafa 1.5 LT,"1,00€","0,67€ / LT",
Alimento Húmido P/ Gato C/ Coelho,GOURMET GOLD,Emb. 0.085 KG,"0,75€","8,82€ / KG",
"Alimento Húmido P/ Cão Adulto em Molho de Vaca, Borrego",FRISKIES,Emb. 0.4 KG,"2,59€","6,48€ / KG",
Snack de Alho Frito com Sabor a Pimento Picante,DORITOS,Emb. 0.15 KG,"1,59€","10,60€ / KG",
Desodorizante Dove Roll-On Fresh Touch,DOVE,Emb. 0.05 LT,"2,69€","53,80€ / LT",
Peixe Espada Preto Posta,,1 Unid. = 0.27 KG (aprox.),"8,59€/kg","2,32€ / Unid.",
"BOLACHAS ""GENOISES"" PERA",P'TIT DÉLI,Emb. 0.15 KG,"1,19€","7,93€ / KG",
Drageias de Amendoins C/ Chocolate de Leite,MARQUE REPERE,Emb. 0.3 KG,"1,79€","5,97€ / KG",
MOLHO DE TOMATE PROVENCAL,TURINI,Emb. 0.19 KG,"0,89€","4,68€ / KG",
Alimento Perle Húmido P/ Gato C/ Molho Frango e Vaca 4x85g,PURINA,Emb. 0.34 KG,"3,49€","10,26€ / KG",
Alho em Pó,MARGÃO,Emb. 0.055 KG,"3,09€","56,18€ / KG",
Chá de Hortelã Pimenta e Poejo,,Emb. 25 SAQ.,"0,79€","0,03€ / SAQ.",
APERITIVO SABOR A AMENDOIM,TOKAPI,Emb. 0.16 KG,"1,19€","7,44€ / KG",
BRINQUEDO VINYL P/CAO PEQ.,P'TIT AMI,Emb. 1 UNID.,"2,98€","2,98€ / UNID.",
Vinho Rosé,COMP DO VINHO,Garrafa 0.75 LT,"2,19€","2,92€ / LT",
CREME DE OVOS SABOR CARAMELO,DÉLISSE,Emb. 0.4 KG,"2,19€","5,48€ / KG",
Bolachas Recheadas Creme de Chocolate,,Emb. 0.24 KG,"0,99€","4,13€ / KG",
Toalhitas Viagem,MOTS D'ENFANTS,Emb. 24 UNID.,"0,43€","0,02€ / UNID.",
Maionese Top Down Verdadeira,HELLMANN'S,Emb. 0.412 KG,"3,39€","8,23€ / KG",
GEL ALOE VERA BIO 200ML,BIONAÏA,Emb. 0.2 LT,"2,99€","14,95€ / LT",
Cereais Chocolate,NESTUM,Emb. 0.25 KG,"2,15€","8,60€ / KG",
Queijo Amanteigado de Vaca e Ovelha Segredo do Pastor,LIMIANO,Emb. 0.5 KG,"5,49€","10,98€ / KG",
Lava Tudo Brilhante Universal,SONASOL,Emb. 1.1 LT,"2,79€","2,54€ / LT",
ROLO COZINHA 2F COMPACTO 2=4 ECOLOGICO,UNÍ VERT,,"2,29€",/ Unid.,
COLORACAO PRETO 1.0 1UN VITANOVE,VITANOVE,Emb. 1,"3,89€","3,89€ /",
"Gelados Bombons de Chocolate Classic, de Amêndoas e de Branco Pack 12",MAGNUM,Emb. 0.14 LT,"4,99€","35,64€ / LT",
Pantene Repara & Protege Ampolas Resgate,PANTENE PV,Emb. 3 UNID.,"4,64€","1,55€ / UNID.",
Creme Repara & Cuida Intensivo para Pele Extra Seca,NIVEA BODY,Emb. 0.3 LT,"6,89€","22,97€ / LT",
Gelado Coco Choco Parfait Les Dessertss,CARTE D'OR,Emb. 0.9 LT,"3,29€","3,66€ / LT",
Laca Cabelos Normais,ELNETT,Emb. 0.3 LT,"5,93€","19,77€ / LT",
Desinfetante Mãos Hidratante,DOVE,Emb. 0.05 LT,"1,89€","37,80€ / LT",
PENSOS DIARIOS LONGOS,CHORYS,Emb. 24 UNID.,"1,59€","0,07€ / UNID.",
SUN Tabs Classic Limão,,Emb. 32 DOSES,"3,49€","0,11€ / DOSES",
Conserva de Polvo com Alho,PITEU,Emb. 0.12 KG,"1,89€","15,75€ / KG",
Massa Farfalle Biológica,,Emb. 0.5 KG,"1,29€","2,58€ / KG",
Vela Fragrância de Baunilha,AIR WICK,Emb. 0.32 KG,"2,84€","8,88€ / KG",
Refrigerante sem Gás Maçã,JOI,Garrafa 1.5 LT,"1,04€","0,69€ / LT",
Café Cápsulas Cioccolato,PLANTATION,Emb. 16 CAPS.,"2,44€","0,15€ / CAPS.",
Arroz Basmati,CAÇAROLA,Emb. 0.5 KG,"1,43€","2,86€ / KG",
Pizza 4 Queijos,CAMPOFRIO,Emb. 0.365 KG,"3,39€","9,29€ / KG",
Tiras Limpiadoras Purificantes,NIVEA,Emb. 6 P,"7,59€","1,27€ / P",
Spray Elimina Odores de Roupa Extra,FEBREZE,Emb. 0.5 LT,"3,99€","7,98€ / LT",
IOGURTE BIFIDUS C/ PEDACOS AMEIXA,DÉLISSE,Emb. 0.5 KG,"1,49€","2,98€ / KG",
Desodorizante Roll-on Dermacare,VASELINE,Emb. 0.05 LT,"2,09€","41,80€ / LT",
Licor Bailey´s,BAILEY'S,Garrafa 0.7 LT,"13,59€","19,41€ / LT",
Massa Vinha D\'Alho,RUSTICA,Frasco 0.2 KG,"0,89€","4,45€ / KG",
Tempero em Pó de Galinha,KNORR,Emb. 0.135 KG,"2,59€","19,19€ / KG",
CERA CREME CASTANHA 75ML,LA VACHETTE,Emb. 0.075 LT,"2,15€","28,67€ / LT",
AMBIENTADOR FRESHMATIC COM RECARGA LIFE SCENTS OÁSIS TURQUESA,AIRWICK,Emb. 1 UNID.,"7,19€","7,19€ / UNID.",
Gel de Banho,DOVE,Emb. 0.5 LT,"2,49€","4,98€ / LT",
Gomas Trio Açucar,COPAÍNS COPINES,Emb. 0.2 KG,"0,99€","4,95€ / KG",
Massa Cotovelos Fino,MILANEZA,Emb. 0.5 KG,"1,19€","2,38€ / KG",
Cebola Laminada,NOTRE JARDIN,Emb. 1 KG,"2,19€","2,19€ / KG",
Iogurte Líquido Sabor Framboesa 6x180g,DÉLISSE,Emb. 1.08 KG,"1,99€","1,84€ / KG",
Pudim Baunilha,BOCA DOCE,Emb. 0.022 KG,"0,47€","21,36€ / KG",
Chicória e Café Solúvel,PLANTATION,Emb. 0.25 KG,"2,99€","11,96€ / KG",
Tarte Gelada Morango,VIENNETTA,Emb. 0.65 LT,"1,99€","3,06€ / LT",
AFIA INFANTIL C/DEPOSITO,ESQUISSE,Emb. 1 UNID.,"0,90€","0,90€ / UNID.",
Rissóis de Camarão 8 Unid.,SNR,Emb. 0.325 KG,"2,19€","6,74€ / KG",
Sabonete Líquido Recarga Especial Cozinha,MANAVA,Emb. 0.25 LT,"0,65€","2,60€ / LT",
Pantene Espuma Cabelo ondulado 200ml,PANTENE PV,Emb. 0.2 LT,"3,74€","18,70€ / LT",
Massa Meada Fina,MILANEZA,Emb. 0.5 KG,"1,04€","2,08€ / KG",
GEL BARBEAR FRESCURA,CARRÉ HOMME,Emb. 0.2 LT,"1,89€","9,45€ / LT",
Toalhitas Dermo 40,LINDOR,Emb. 40 UNID.,"4,45€","0,11€ / UNID.",
TORRADEIRA 1 FENDA LONGA 900W,ELSAY,Emb. 1 UNID.,"19,90€","19,90€ / UNID.",
Sardinha em Óleo Picante,BOM PETISCO,Emb. 0.12 KG,"0,99€","8,25€ / KG",
Lixívia Tradicional 2 L,NEOBLANC,Emb. 2 LT,"1,64€","0,82€ / LT",
Café Moagem Universal Angola,DELTA,Emb. 0.22 KG,"3,65€","16,59€ / KG",
Manteiga com Grãos de Sal Pasteurizada,PRÉSIDENT,Emb. 0.25 LT,"3,89€","15,56€ / LT",
Lava Tudo Marinho,CIF,Emb. 1.4 LT,"1,99€","1,42€ / LT",
Alimento Seco P/ Gato Júnior Frango Leite,PURINA FRISKIES,Emb. 0.4 KG,"2,19€","5,48€ / KG",
Refrigerante C/ Gás Ananás,ECO+,Emb. 2 LT,"0,79€","0,40€ / LT",
"Pilhas Alcalinas LR20/D 1,5V",FOXTER,Emb. 2 UNID.,"3,84€","1,92€ / UNID.",
Massa Argolinhas Clássica,NACIONAL,Emb. 0.25 KG,"0,75€","3,00€ / KG",
Fiambre de Peru Fatias,CAMPOFRIO,Emb. 0.09 KG,"1,30€","14,44€ / KG",
Cereais Golden Grahams,NESTLÉ,Emb. 0.375 KG,"2,53€","6,75€ / KG",
Champô Cabelo Secos Garnier Maravilhoso,ULTRA SUAVE,Emb. 0.25 LT,"3,55€","14,20€ / LT",
Preparado em Pó P/ Gelatina de Ananás,ROYAL,Emb. 0.114 KG,"1,77€","15,53€ / KG",
Orecchiette,TRADIZIONI D'ITALIA,Emb. 0.5 KG,"1,79€","3,58€ / KG",
Conjunto de 4 Escovas Metálicas,ECO+,Emb. 4 UNID.,"2,69€","0,67€ / UNID.",
Couscous sem Glúten,CHAQUE JOUR,Emb. 0.375 KG,"2,49€","6,64€ / KG",
Bolachas Mini Dinosauros Cereais Saquetas,ARTIACH,Emb. 0.12 KG,"1,85€","15,42€ / KG",
Spray Anti-calcário Perfect,CIF,Emb. 0.435 LT,"2,49€","5,72€ / LT",
Batatas Fritas Double Crunch BBQ,RUFFLES,Emb. 0.14 KG,"1,88€","13,43€ / KG",
Migas Bacalhau da Noruega,,Emb. 0.4 KG,"4,99€","12,48€ / KG",
Salame Fatiado Tapas,CAMPOFRIO,Emb. 0.08 KG,"1,89€","23,63€ / KG",
ENVELOPE SILICONE KRAFT 229X324MM,ESQUISSE,Emb. 25 UNID.,"1,18€","0,05€ / UNID.",
PILHAS ALCALINAS LR03 TECH+,FOXTER,Emb. 4 UNID.,"1,98€","0,50€ / UNID.",
Pensos Higiénicos Salvaslips em Bolsas,EVAX,Emb. 28 UNID.,"1,34€","0,05€ / UNID.",
Leite Reparador Tesouros de Mel,ULTRA SUAVE,Emb. 0.4 LT,"5,93€","14,83€ / LT",
ALIMENTO HUMIDO BORREGO/FRANGO/VITELA P/ CAO 3X410G,LYDOG,Emb. 3 UNID.,"2,59€","0,86€ / UNID.",
Recarga Sabonete Líquido Amêndoas,MANAVA,Emb. 0.25 LT,"0,65€","2,60€ / LT",
Conjunto Corretores de Fita,ESQUISSE,Emb. 2 UNID.,"1,99€","1,00€ / UNID.",
Hambúrgueres de Frango 4 Unid. Ultracongelado,PESCANOVA,Emb. 0.3 KG,"3,99€","13,30€ / KG",
Limpeza Móveis Classic Protege,PRONTO,Spray 0.3 LT,"4,35€","14,50€ / LT",
Tagliatelles sem Glúten,CHAQUE JOUR SANS GLUTEN,Emb. 0.25 KG,"1,89€","7,56€ / KG",
GELATINA CONDI MORANGO 2X85G,CONDI,,"1,75€",/ Unid.,
Amaciador Cabelos Secos Elvive,ELVIVE,Emb. 0.2 LT,"3,78€","18,90€ / LT",
Exfoliante Facial,INELL,Emb. 0.075 LT,"1,19€","15,87€ / LT",
Conserva de Sardinha em Tomate,PÊCHE OCÉAN,Emb. 0.12 KG,"0,99€","8,25€ / KG",
Gelado Feast Pack 4,OLÁ,Emb. 0.36 LT,"2,99€","8,31€ / LT",
FORMA DE QUEQUE Nº 04 - PACK 06 UNID.,ECO+,Emb. 1 UNID.,"2,99€","2,99€ / UNID.",
Liégeois de Chocolate 4x100g,DÉLISSE,Emb. 0.4 KG,"1,49€","3,73€ / KG",
Chipicao Croissant Multipack Creme de Cacau,CHIPICAO,Emb. 0.25 KG,"2,98€","11,92€ / KG",
Biscoito de Ovos Frescos,ECO+,Emb. 0.4 KG,"1,69€","4,23€ / KG",
LENCOS DE PAPEL BRANCOS KIDS 3 FOLHAS  60UN CARESSE,CARESSE,Emb. 60 UNID.,"1,19€","0,02€ / UNID.",
Leite UHT Pastagem Magro,TERRA NOSTRA,Emb. 1 LT,"0,79€","0,79€ / LT",
Esfregão Salva Unhas Classic Comfort,SCOTCH BRITE,Emb. 2 UNID.,"2,27€","1,14€ / UNID.",
Conserva de Sardinha Molho de Tomate,PÊCHE OCÉAN,Emb. 0.12 KG,"0,99€","8,25€ / KG",
Gelatina Light Sabor a Ananás,TABLIER BLANC,Emb. 0.031 KG,"0,79€","25,48€ / KG",
Vaseline,VASELINE,Emb. 0.05 LT,"1,49€","29,80€ / LT",
Bechamel,PARMALAT,Emb. 0.2 KG,"1,00€","5,00€ / KG",
Eau De Toilette Umbro Ice,UMBRO,Emb. 0.03 LT,"6,99€","233,00€ / LT",
Conserva de Filete Cavala,PITEU,Emb. 0.12 KG,"1,69€","14,08€ / KG",
Maionese Top Down,ECO+,Emb. 0.5 LT,"2,19€","4,38€ / LT",
Conserva de Ravioli à Bolonhesa,CÔTÉ TABLE,Lata 0.8 KG,"2,99€","3,74€ / KG",
DESMAQUILHANTE DE OLHOS WATERPROOF BIFASICO,INELL,Emb. 0.15 LT,"1,79€","11,93€ / LT",
LIMPA MAQUINA LOICA,VISIOR,Emb. 0.25 LT,"1,35€","5,40€ / LT",
Chá Preto Immune Support de Gengibre e Cúrcuma,LIPTON,Emb. 20 SAQS,"1,59€","0,08€ / SAQS",
Fiambre da Perna Extra Finíssimos,NOBRE,Emb. 0.12 KG,"2,49€","20,75€ / KG",
Bacon em Pedaços 2x100g,ECO+,Emb. 0.2 KG,"1,99€","9,95€ / KG",
SNACK BACON,TOKAPI,Emb. 0.065 KG,"0,79€","12,15€ / KG",
Fralda Cueca T5 12/18Kg,MOTS D'ENFANTS,Emb. 20 UNID.,"3,99€","0,20€ / UNID.",
Desodorizante Spray Rexona Men Act Prot+Invisível,REXONA,Emb. 0.2 LT,"2,54€","12,70€ / LT",
Pantene Anticaspa Champô,PANTENE PV,Emb. 0.25 LT,"3,95€","15,80€ / LT",
Queijo Bola Flamengo,AGROS,Emb. 1.4 KG (aprox.),"8,99€/kg","12,59€ / Unid.",
Água Mineral Natural,PENACOVA,Garrafão 5 LT,"0,98€","0,20€ / LT",
Nuggets de Peito de Frango,IGLO,Emb. 0.22 KG,"5,99€","27,23€ / KG",
Vinho Regional Península de Setúbal Tinto,JP,Garrafa 0.75 LT,"2,19€","2,92€ / LT",
DESODORIZANTE SPRAY ICE BOOST MEN 200ML,CARRÉ HOMME,Emb. 0.2 LT,"1,19€","5,95€ / LT",
Farinheira Regional - PDTO Lamego,SNR,Emb. 0.16 KG,"1,30€","8,13€ / KG",
5 Cereais C/ Cereais Integrais,NESTUM,Emb. 0.25 KG,"2,15€","8,60€ / KG",
Pequenas Baguetes sem Glúten 2x75g,CHAQUE JOUR,Emb. 0.15 KG,"2,19€","14,60€ / KG",
GEL DE LIMPEZA 3 EM 1 (ROSTO CABELO E BARBA),CARRÉ HOMME,Emb. 0.2 LT,"2,99€","14,95€ / LT",
BALDE PLASTICO REDONDO 12L + ESPREMEDOR,,Emb. 1 UNID.,"2,99€","2,99€ / UNID.",
"OIKOS MARACUJA 110G X4,,440G",OIKOS,Emb. 0.44 KG,"2,39€","5,43€ / KG",
Bolachas Mini Cookies Tradicionais,NACIONAL,Emb. 0.12 KG,"1,39€","11,58€ / KG",
Conserva de Atum com Piri-piri,RAMIREZ,Emb. 0.12 KG,"1,34€","11,17€ / KG",
"BL1 LED FILA ESFERA R 2,1W-25W E27",FOXTER,Emb. 1 UNID.,"3,49€","3,49€ / UNID.",
ESPARGUETE,ECO+,Emb. 1 KG,"1,29€","1,29€ / KG",
PENSOS INCONTINENCIA U. FINOS C/ ABAS SUPER+ POCKET 14UN CHORYS,CHORYS,Emb. 14 UNID.,"2,25€","0,16€ / UNID.",
Galão São Lourenço 3x200 ml,UCAL,Emb. 0.6 LT,"2,07€","3,45€ / LT",
IOGURTE GREGO COCO,DÉLISSE,Emb. 0.6 KG,"1,99€","3,32€ / KG",
Condicionador para Cabelo Encaracolado,TRESEMMÉ,Emb. 0.5 LT,"4,19€","8,38€ / LT",
Especiarias Mistura de 5 Pimentas,RUSTICA,Frasco 0.043 KG,"1,69€","39,30€ / KG",
Dodot Fralda T6 Activity Extra,DODOT,Emb. 44 UNID.,"13,29€","0,30€ / UNID.",
Tablete Chocolate Cacau 85%,LACASA,Emb. 0.1 g,"1,64€","16,40€ / g",
Rosette de Porco,,Emb. 0.15 KG,"1,79€","11,93€ / KG",
Óleo Alimentar,FULA,Garrafa 1 LT,"2,69€","2,69€ / LT",
Brioche Fatiado Clássico,,Emb. 0.5 KG,"1,59€","3,18€ / KG",
Óleo Virgem de Coco Biológico,,Emb. 0.2 LT,"2,89€","14,45€ / LT",
Leite com Chocolate 6x25 cl,UCAL,Emb. 1.5 LT,"5,46€","3,64€ / LT",
Arroz Perfumado Biológico,,Emb. 0.5 KG,"1,99€","3,98€ / KG",
Refrigerante com Gás Ananás,FRISUMO,Garrafa 1 LT,"0,99€","0,99€ / LT",
Bolachas de Frutos Silvestres,THINS,Emb. 0.174 KG,"2,39€","13,74€ / KG",
Pantene Liso & Sedoso Champô 3 Em 1,,Emb. 0.3 LT,"4,89€","16,30€ / LT",
Sobremesa de Soja C/ Caramelo,NAT&VIE,Emb. 0.4 KG,"1,49€","3,73€ / KG",
Bolachas Recheadas Baunilha,P'TIT DÉLI,Emb. 0.154 KG,"0,99€","6,43€ / KG",
Conjunto Formao Madeira,ECO+,Emb. 4 UNID.,"2,49€","0,62€ / UNID.",
Azeite Virgem Extra Suave,GALLO,Garrafa 0.75 LT,"4,49€","5,99€ / LT",
Refrigerante C/ Gás Lima-Limão,SPRINK'S,Garrafa 1 LT,"0,89€","0,89€ / LT",
"Bolachas gérmen de Trigo, Soja e Laranja",NAT&VIE,Emb. 0.2 KG,"1,69€","8,45€ / KG",
FITA COLA COLORIDA 3UN,ESQUISSE,Emb. 3 UNID.,"1,29€","0,43€ / UNID.",
Gel de Banho Hidratante Baby Sensitive,BABY DOVE,Emb. 0.2 LT,"1,79€","8,95€ / LT",
Penso Incontinência Discreet Micro,AUSONIA,Emb. 28 UNID.,"3,99€","0,14€ / UNID.",
Caldo para Massas,KNORR,Emb. 0.08 KG,"1,39€","17,38€ / KG",
Dentífrico com Flúor Fresh Gel,COLGATE,Emb. 0.075 LT,"2,22€","29,60€ / LT",
Vagens de Baunilha,TABLIER BLANC,Emb. 2 UNID.,"4,99€","2,50€ / UNID.",
MASSA COTOVELINHOS C/ BACON E QUEIJO 280G,CÔTÉ TABLE,Emb. 0.28 KG,"2,29€","8,18€ / KG",
Amaciador Cabelos Frágeis,ELVIVE,Emb. 0.2 LT,"3,95€","19,75€ / LT",
Syoss Oieo Intense 5-92 Vermelho Intenso,SYOSS,,"6,24€",/ Unid.,
Água sem Gás,MONCHIQUE,Emb. 1.5 LT,"3,89€","2,59€ / LT",
NATAS FRESCAS,DÉLISSE,Emb. 0.2 KG,"1,19€","5,95€ / KG",
Ratatoille Cozinhado Ultracongelado,,Emb. 0.6 KG,"3,28€","5,47€ / KG",
Gelado Cheesecake com Caramelo Salgado,CARTE D'OR,Emb. 0.9 LT,"3,29€","3,66€ / LT",
Máscara Alonga e Define Extra Super Lash,RIMMEL,Emb. 1 UNID.,"9,89€","9,89€ / UNID.",
ICE TEA MANGA,LIPTON,Emb. 0.5 LT,"0,79€","1,58€ / LT",
Barra Gourmet Proteica Chocolate E Avelã,PROZIS,Emb. 0.08 KG,"175,00€","2 187,50€ / KG",
Máquinas de Barbear Descartáves Sensor 3 Comfort,GILLETTE,Emb. 5,"7,42€","1,48€ /",
DETERGENTE LIQUIDO LA E SEDA 25D,EPSIL,Emb. 25 DOSES,"2,79€","0,11€ / DOSES",
Pantene Volume & Brilho Condicionador 160 ml,,Emb. 0.16 LT,"4,94€","30,88€ / LT",
Pizza Royale Volpone Ultracongelado,TURINI,Emb. 0.57 KG,"2,99€","5,25€ / KG",
Salpicão Regional do Lombo - PDTO Lamego,,Emb. 0.28 KG,"5,89€","21,04€ / KG",
MINI CHAMPO DE VIAGEM TILIA E MACA 100ML,NATEIS,Emb. 0.1 LT,"1,25€","12,50€ / LT",
XAU LIMP MAQ DUOPACK,XAU,Emb. 2 DOSES,"6,99€","3,50€ / DOSES",
CONE CHOCOLATE/PISTACHIO 8UN,ECO+,Emb. 8 UNID.,"2,49€","0,31€ / UNID.",
Rissóis de Carne 8 Unid.,SNR,Emb. 0.325 KG,"2,19€","6,74€ / KG",
SMOOTHIE VITALIDADE,JAFADEN,,"2,29€",/ Unid.,
LAVA TUDO FRESCURA PURA,CLAIR,Emb. 1.5 LT,"1,89€","1,26€ / LT",
Cerveja com Álcool Stout 6x33cl,SUPER BOCK,Emb. 1.98 LT,"4,49€","2,27€ / LT",
LIXIVIA PERFUMADA FLORES DO CAMPO,CLAIR,Emb. 2 LT,"1,09€","0,55€ / LT",
Pimenta Preta Moída,RUSTICA,Frasco 0.04 KG,"0,99€","24,75€ / KG",
Pantene Caracóis Definidos Laca 300ml,PANTENE PV,Emb. 0.3 LT,"3,74€","12,47€ / LT",
Tablete de Chocolate Preto com Recheio de Menta,EQUADOR,Emb. 0.15 KG,"1,55€","10,33€ / KG",
Peito Frango Forno Lenha Fatiado,CAMPOFRIO,Emb. 0.12 KG,"2,69€","22,42€ / KG",
Biscoitos de Cacau com Tablete de Chocolate Preto e Branco,P'TIT DÉLI,Emb. 0.115 KG,"1,25€","10,87€ / KG",
Óleo de Cedro,MISTOLIN,Emb. 0.36 LT,"2,79€","7,75€ / LT",
RACLETTE RECTANGULAR 10P 1200W,ELSAY,,"39,99€",/ Unid.,
Cereais Arroz Tufado Chocolate,,Emb. 0.75 KG,"2,54€","3,39€ / KG",
Pão Embalado Hot Dog 6 Unid.,PANRICO,Emb. 0.33 KG,"1,75€","5,30€ / KG",
Massa Letras,TURINI,Emb. 0.25 KG,"0,55€","2,20€ / KG",
Tartelettes Cobertas Morango,ECO+,Emb. 0.2 KG,"0,79€","3,95€ / KG",
COLORACAO LOURO CLARISSIMO 9.0 S/AMONIACO,VITANOVE,Emb. 1 UNID.,"3,89€","3,89€ / UNID.",
Bombocas de Morango,NEGRETTINO,Emb. 0.12 KG,"1,19€","9,92€ / KG",
Iogurte Líquido Framboesa Arandos 4x155g,DANONE,Emb. 0.62 KG,"1,69€","2,73€ / KG",
SYOSS OLEO INT. 9-10 LOURO LUMI,SYOSS,,"6,24€",/ Unid.,
After Shave Bálsamo Cool Sensitive,NIVEA MEN,Emb. 0.1 LT,"7,48€","74,80€ / LT",
Snack P/ Cão Adulto Biscuit,PURINA,Emb. 0.65 KG,"3,99€","6,14€ / KG",
PURE MACA/PERA SEM ADICAO ACUCAR BISNAGA,DOUCEUR DU VERGER,Emb. 0.36 KG,"1,99€","5,53€ / KG",
Iogurte de Pêssego e Banana 4 Unid.,IOGOLINO,Emb. 0.4 KG,"2,85€","7,13€ / KG",
LACA FIXACAO NORMAL STYLING 300ML,VITANOVE,Emb. 0.3 LT,"1,55€","5,17€ / LT",
Refresco em Pó Laranja,TANG,Emb. 0.03 KG,"0,82€","27,33€ / KG",
Queijo Fatiado -50% Gordura,LIMIANO,Emb. 0.2 KG,"2,79€","13,95€ / KG",
Fio de Linho 90Metros,FOXTER,Emb. 1 UNID.,"1,59€","1,59€ / UNID.",
GEL-CREME HIDRATANTE 50ML,INELL,Emb. 0.05 LT,"2,99€","59,80€ / LT",
Mala de Chaves 47 Peças,ECO+,Emb. 1 UNID.,"9,99€","9,99€ / UNID.",
VELA NUMERO - 6,ARDENCE,,"0,89€",/ Unid.,
Areia Perfumada P/ Gaiola,TOUS MES AMIS,Emb. 2 KG,"1,59€","0,80€ / KG",
Iogurte Bifidus Líquido Frutos Silvestres 0% 4 Unid.,DANONE,Emb. 0.62 KG,"1,99€","3,21€ / KG",
Galette des Rois,,1 Unid. = 0.84 KG,"5,99€","7,13€ / KG",
Luvas Finas Descartáveis Vinil Tam. M,,Emb. 0.45 KG,"8,30€","18,44€ / KG",
AFIA 2 ENTRADAS METAL,ESQUISSE,Emb. 1 UNID.,"0,78€","0,78€ / UNID.",
Spray Depilatório Aloé Vera e Vitamina E,VEET,Spray 0.15 LT,"6,64€","44,27€ / LT",
Fraldas de Incontinência Plus Tam. G,LINDOR,Emb. 14 UNID.,"16,99€","1,21€ / UNID.",
Noodles Queijo e Ervas,KNORR,Emb. 0.061 KG,"1,05€","17,21€ / KG",
Alimento Seco P/ Gato Interior Frango,PURINA FRISKIES,Emb. 1.5 KG,"6,99€","4,66€ / KG",
Alimento Húmido Gato Paté Salmão,TOUS MES AMIS,Emb. 0.1 KG,"0,45€","4,50€ / KG",
Puré de Batata em Flocos,MAGGI,Emb. 0.25 KG,"1,85€","7,40€ / KG",
Abrilhantador P/ Máquina da Loiça Limão,FINISH,Emb. 0.8 LT,"7,44€","9,30€ / LT",
Cachorrinhos 5 Unid.,,Emb. 5 KG,"3,19€","0,64€ / KG",
BL1 LED FILA CHAMA 2-25W E14,FOXTER,Emb. 1 UNID.,"3,29€","3,29€ / UNID.",
Pimentão Doce Colorau,MARGÃO,Emb. 0.04 KG,"1,79€","44,75€ / KG",
Pack 4 Escovas de Dentes Média Triple Action,COLGATE,Emb. 1 UNID.,"3,65€","3,65€ / UNID.",
Bolachas Maria Júnior,MARIA,Emb. 0.276 KG,"3,24€","11,74€ / KG",
ELIXIR BOCAL EXPERT 8EM1,DENTAMYL,Emb. 0.5 LT,"1,29€","2,58€ / LT",
Água sem Gás Mineral,LUSO,Garrafa 0.33 LT,"0,34€","1,03€ / LT",
Papel Higiénico 2 Folhas,MARQUE REPERE,Emb. 24 UNID.,"4,79€","0,20€ / UNID.",
Tomate em Pedaços Manjerição e Orégãos,GULOSO,Emb. 0.392 KG,"2,19€","5,59€ / KG",
Massa Fresca em Folhas para Lasanha,TURINI,Emb. 0.35 KG,"1,75€","5,00€ / KG",
Conserva de Ravioli de Vaca com Molho Italiano,CÔTÉ TABLE,Emb. 0.4 KG,"1,49€","3,73€ / KG",
CAPA CARTAO C/ELASTICO 3UN,ESQUISSE,Emb. 3 UNID.,"1,59€","0,53€ / UNID.",
Vinagre Vinho Branco,CRISTAL,Garrafa 0.5 LT,"0,99€","1,98€ / LT",
Óleo de Corpo Coco Addiction,NATURAL HONEY,Emb. 0.3 LT,"5,19€","17,30€ / LT",
TOALHITAS DESMAQ. PELES SECAS E SENSIVEIS BIO,BIONAÏA,Emb. 25 UNID.,"1,99€","0,08€ / UNID.",
Refrigerante sem Gás Limão,FRUTIS,Emb. 1.5 LT,"1,15€","0,77€ / LT",
Bloco de Foie Gras de Pato,PIERRE DE CHAUMEYRAC,Lata 0.2 KG,"8,99€","44,95€ / KG",
Creme Limpeza Pink Flowers,CIF,Emb. 0.7 LT,"2,49€","3,56€ / LT",
Café Pastilhas Lote Chávena,DELTA,Emb. 16 PAST.,"3,45€","0,22€ / PAST.",
YOFU SOJA MIRTILO 4x125G,ALPRO,Emb. 0.5 LT,"2,89€","5,78€ / LT",
Puré de Batata 4x125g,POM'LISSE,Emb. 0.5 KG,"1,79€","3,58€ / KG",
VILEDA SACO LIXO STYLE 30L FF 15UN,VILEDA,Emb. 15 UNID.,"1,99€","0,13€ / UNID.",
Piano Reserva 2016 Douro Branco,PIANO,Emb. 0.75 LT,"5,50€","7,33€ / LT",
Batatas Fritas Lisas,ECO+,Emb. 0.2 KG,"1,09€","5,45€ / KG",
IOGURTE BATIDO ACUCARADO BAUNILHA,DÉLISSE,Emb. 1 KG,"2,09€","2,09€ / KG",
Manteiga Magra Baixo Teor Sal,PRÉSIDENT,Emb. 0.25 KG,"2,55€","10,20€ / KG",
MADALENAS CONCHAS CARAMELO,NOS RÉGIONS ONT DU TALENT,Emb. 0.33 KG,"2,89€","8,76€ / KG",
Saqueta Multifrutos com Bolacha,HERO BABY,Emb. 0.1 KG,"0,95€","9,50€ / KG",
Aveia C / Proteína Chocolate Avelã,PROZIS,Emb. 0.4 KG,"749,00€","1 872,50€ / KG",
Chocolate Milka e Oreo,MILKA,Emb. 0.1 KG,"1,65€","16,50€ / KG",
Ice Tea Pêssego 2x2lt,LIPTON,Emb. 4 LT,"4,99€","1,25€ / LT",
Martini Rosso,MARTINI,Garrafa 1 LT,"11,49€","11,49€ / LT",
TRANSPORTADORA P/CAO 48CM 1UN P'TIT AMI,P'TIT AMI,Emb. 1 UNID.,"9,99€","9,99€ / UNID.",
Conserva de Feijão Encarnado,NOTRE JARDIN,Frasco 0.57 KG,"0,69€","1,21€ / KG",
Água Tónica Zero,SPRINK'S,Garrafa 1.5 LT,"1,39€","0,93€ / LT",
Azeitonas Verdes Descaroçadas,QAMPO,Emb. 0.16 KG,"1,39€","8,69€ / KG",
Café Solúvel,DELTA,Emb. 0.02 KG,"1,14€","57,00€ / KG",
Bebida de Aveia,,Emb. 1 LT,"1,39€","1,39€ / LT",
Macarrão,TURINI,Emb. 0.5 KG,"0,79€","1,58€ / KG",
Desumidificador + 1 Recarga Pastilha Neutro,FOXTER,Emb. 0.45 KG,"4,90€","10,89€ / KG",
Bolachas Cookies XL Pedaços de Choco,MILKA,Emb. 0.184 KG,"2,65€","14,40€ / KG",
Galetes de Milho com Cobertura de Chocolate Preto Biológicas,,Emb. 0.1 KG,"1,79€","17,90€ / KG",
Creme de Soja P/ Culinária,NAT&VIE,Emb. 0.6 KG,"2,65€","4,42€ / KG",
Néctar Multifruits,ECO+,Emb. 2 LT,"1,39€","0,70€ / LT",
BOLACHAS C/TABLETE CHOCO PRETO,ECO+,Emb. 0.15 KG,"1,05€","7,00€ / KG",
Iogurte Natural 12x125g,ECO+,Emb. 1.5 KG,"1,65€","1,10€ / KG",
VELA NUMERO - 5,ARDENCE,Emb. 1 UNID.,"0,89€","0,89€ / UNID.",
Pantene Caracóis Perfeitos Champô 3 Em 1,PANTENE,Emb. 0.3 LT,"4,94€","16,47€ / LT",
BEBIDA LACTEA PARA GATOS ESTERILIZADOS,LYCAT,Emb. 3 UNID.,"2,38€","0,79€ / UNID.",
Água sem Gás,VITALIS,Garrafa 0.75 LT,"0,53€","0,71€ / LT",
BOLACHAS PARA GELADOS,P'TIT DÉLI,Emb. 0.1 KG,"1,35€","13,50€ / KG",
POSTA DE PESCADA Nº3 COZER,PÊCHE OCÉAN,Emb. 0.6 KG,"4,99€","8,32€ / KG",
Lula Limpa,,1 Unid. = 0.36 KG (aprox.),"7,99€/kg","2,88€ / Unid.",
Cereais Special K Classic,KELLOGG'S,Emb. 0.75 KG,"3,74€","4,99€ / KG",
PALMIERS COM RASPA LIMAO,P'TIT DÉLI,Emb. 0.1 KG,"0,99€","9,90€ / KG",
Gelatina em Pó Tutti-Frutti 2x80 g,TABLIER BLANC,Emb. 0.17 KG,"0,85€","5,00€ / KG",
Vinho Tinto,LEZÍRIA,Garrafa 0.75 LT,"1,59€","2,12€ / LT",
Lanche Misto,,1 Unid. = 0.09 KG,"0,85€","9,44€ / KG",
Creme de Banho Pele Suave,NIVEA,Emb. 0.75 LT,"3,49€","4,65€ / LT",
COOKIES CHOCOLATE C/PEPITAS CHOCOLATE X12,P'TIT DÉLI,Emb. 0.2 KG,"1,39€","6,95€ / KG",
Pensos Incontinência Anatómicos Plus,LINDOR,Emb. 20 UNID.,"10,99€","0,55€ / UNID.",
Cápsulas Café Espresso P/ Dolce Gusto Intensidade 11,STARBUCKS,Emb. 12 CAPS.,"5,38€","0,45€ / CAPS.",
AMACIADOR CONCENTRADO TALCO 72 DOSES,HYPERDOU,Emb. 2 LT,"1,75€","0,88€ / LT",
Alimento Seco para Cão Croquetes Júnior Carne de Ave,LYDOG,Emb. 4 KG,"6,49€","1,62€ / KG",
Alheira da Caca de Trancoso,SNR,Emb. 0.2 KG,"1,99€","9,95€ / KG",
Leite Condensado,MIMOSA,Emb. 0.397 KG,"1,69€","4,26€ / KG",
REFEICAO NOODLES SABOR CAMARAO,TABLES DU MONDE,Emb. 0.085 KG,"0,59€","6,94€ / KG",
QUEIJO GOUDA FATIADO,ECO+,Emb. 0.2 KG,"1,69€","8,45€ / KG",
Bebida de Arroz 0% 3x200ML,SHOYCE,Emb. 0.6 LT,"1,79€","2,98€ / LT",
Sopa de Tomate,KNORR,Emb. 0.085 KG,"1,49€","17,53€ / KG",
Sorvete Pera C/ Pedaços,ESKISS,Emb. 1 LT,"2,99€","2,99€ / LT",
Pão Embalado Burguer 4 Unid.,PANRICO,Emb. 0.3 KG,"1,54€","5,13€ / KG",
GELATINA FRUTOS TROPICAIS LIGHT CONDI 2X15,CONDI,Emb. 0.3 KG,"1,85€","6,17€ / KG",
MAQUINA SELAR VACUO,ELSAY,Emb. 1 UNID.,"29,90€","29,90€ / UNID.",
Massa Areada,TABLIER BLANC,Emb. 0.23 KG,"1,29€","5,61€ / KG",
Massa Cotovelos sem Glúten,CHAQUE JOUR SANS GLUTEN,Emb. 0.4 KG,"1,49€","3,73€ / KG",
RATO PRETO COMPATIVEL PC/MAC,LINKSTER,Emb. 1 UNID.,"7,95€","7,95€ / UNID.",
Tagliatelles Fresco,TURINI,Emb. 0.35 KG,"1,19€","3,40€ / KG",
Nuggets Peito de Frango Ultracongelado,CAPITÃO IGLO,Emb. 0.208 KG,"3,99€","19,18€ / KG",
SPRAY TIRA NODOAS PRE-LAVAGEM 500ML,TEXIL,Emb. 0.5 LT,"1,49€","2,98€ / LT",
Ketchup Picante,RUSTICA,Emb. 0.25 KG,"0,99€","3,96€ / KG",
Detergente Omo Máquina Roupa Líquido 40+15 Doses,OMO,Emb. 2.75 LT,"5,99€","2,18€ / LT",
RAVIOLI BOLONHESA 1/2,CÔTÉ TABLE,Emb. 0.4 KG,"1,79€","4,48€ / KG",
Amaciador Cabelos Color Vive,ELVIVE,Emb. 0.2 LT,"3,95€","19,75€ / LT",
LUVAS ULTRA-RESISTENTES- TAMANHO M - 1 PAR,MAMISON,Emb. 1 UNID.,"2,19€","2,19€ / UNID.",
Café Torrado Moído Lote Nyeri Kenya Intensidade 8,SICAL,Emb. 0.22 KG,"3,85€","17,50€ / KG",
"CANETA ROLLER GEL AZUL 0,5MM 2UN",ESQUISSE,Emb. 2 UNID.,"0,99€","0,50€ / UNID.",
Queijo Fundido Light 8 Porções,A VACA QUE RI,Emb. 0.14 KG,"1,49€","10,64€ / KG",
Madalenas longas,P'TIT DÉLI,Emb. 0.44 KG,"2,59€","5,89€ / KG",
Cápsulas de Chá Marrakesh Style Tea,DOLCE GUSTO,Emb. 16 DOSES,"5,95€","0,37€ / DOSES",
Sortido de 9 Folhas De Lixa,FOXTER,Emb. 9 UNID.,"1,19€","0,13€ / UNID.",
Queijo Fundido Palitos 4x140g,A VACA QUE RI,Emb. 0.14 KG,"1,94€","13,86€ / KG",
PURE MACA/ANANAS/ACEROLA SEM ADICAO ACUCAR BISNAGA,DOUCEUR DU VERGER,Emb. 0.48 KG,"2,79€","5,81€ / KG",
Néctar de Laranja,UM BONGO,Emb. 1 LT,"1,39€","1,39€ / LT",
Noz-Moscada Moída,RUSTICA,Frasco 0.042 KG,"1,99€","47,38€ / KG",
Vodka Smirnoff Red,SMIRNOFF,Garrafa 0.7 LT,"12,39€","17,70€ / LT",
MOLHO NAPOLITANO,TURINI,Emb. 0.19 KG,"0,79€","4,16€ / KG",
DETERGENTE MANUAL LOICA FLORAL 500ML,VISIOR,Emb. 0.5,"0,76€","1,52€ /",
Iogurte Líquido Déli´Up Morango 10x100g,DÉLISSE,Emb. 1 KG,"2,29€","2,29€ / KG",
Cereais Flocos C/ Mel,NESTUM,Emb. 0.3 KG,"2,19€","7,30€ / KG",
"CAFE MAQUINA C/TEMPORIZADOR 1,4L 800W",ELSAY,Emb. 1 UNID.,"22,90€","22,90€ / UNID.",
VINHO FRIZANTE CACHO FRESCO BRANCO.75L,CACHO FRESCO,Emb. 0.075 LT,"1,69€","22,53€ / LT",
Refrigerante C/ Gás Vidro,COCA COLA,Emb. 1 LT,"1,79€","1,79€ / LT",
Chá Verde com Gengibre Immune Support,LIPTON,Emb. 0.032 KG,"1,74€","54,38€ / KG",
Gel de Banho Amêndoas Doces,VASELINE,Emb. 0.7 LT,"2,99€","4,27€ / LT",
Queijo Brique Vaca,LES CROISÉS,Emb. 0.2 KG,"1,99€","9,95€ / KG",
Molho de Tomate à Provençale,TURINI,Frasco 0.42 KG,"1,49€","3,55€ / KG",
Café Solúvel em Saquetas,NESCAFÉ,Emb. 6 UNID.,"3,45€","0,58€ / UNID.",
DETERGENTE LIQUIDO ANTI-TRANSFERENCIA CORES 40D,EPSIL,,"3,69€",/ Unid.,
Néctar Clássico Laranja do Algarve 3x20cl,COMPAL,Emb. 0.6 LT,"1,69€","2,82€ / LT",
Pota Inteira Congelado,,1 Unid. = 0.2 KG (aprox.),"4,99€/kg","1,00€ / Unid.",
Puré de Batata Nature,POM'LISSE,Emb. 1 KG,"3,19€","3,19€ / KG",
Desodorizante Spray Fresia/Orquídea,MANAVA,Emb. 0.1 LT,"1,29€","12,90€ / LT",
Ice Tea Limão Zero Açúcar,LIPTON,Emb. 1 LT,"1,16€","1,16€ / LT",
Bigburger de Peito de Frango 2 Unid.,IGLO,Emb. 0.227 KG,"3,99€","17,58€ / KG",
COCO RALADO,TABLIER BLANC,Emb. 0.125 KG,"0,99€","7,92€ / KG",
Chouriça Picante - PDTO Lamego,SNR,Emb. 0.15 KG,"2,79€","18,60€ / KG",
Champô Purify & Hidrate,TRESEMMÉ,Emb. 0.4 LT,"4,19€","10,48€ / LT",
Pensos Higiénicos Salvaslip Maxi,EVAX,Emb. 36 UNID.,"2,99€","0,08€ / UNID.",
GELADO 3 CHOCOLATES,YSCO,Emb. 0.9 LT,"2,99€","3,32€ / LT",
COOKIES C/ PEPITAS CHOCOLATE E PEDACOS AVELA,P'TIT DÉLI,Emb. 0.2 KG,"1,45€","7,25€ / KG",
SABONETE LIQUIDO PESSEGO 500ML,ECO+,Emb. 0.5 LT,"0,79€","1,58€ / LT",
"BL1 LED ESFERA 3,2W-25W E27",FOXTER,Emb. 1 UNID.,"2,49€","2,49€ / UNID.",
DETERGENTE LÍQUIDO CÍTRICO,CIF,Emb. 1.1 LT,"1,99€","1,81€ / LT",
Atum em Óleo,ECO+,Emb. 0.12 KG,"0,64€","5,33€ / KG",
Grão de Bico Seco,NOTRE JARDIN,Emb. 0.5 KG,"0,99€","1,98€ / KG",
DENTAMYL PLANTAS,DENTAMYL,Emb. 0.075 LT,"0,85€","11,33€ / LT",
Leite Bem Especial 0% de Lactose Meio Gordo,MIMOSA,Emb. 1 LT,"1,29€","1,29€ / LT",
Limpa Máquinas Limão 5x Power Actions,FINISH,Emb. 1 UNID.,"3,89€","3,89€ / UNID.",
FARINHA BRANCA NEVE SUPER FINA,BRANCA DE NEVE,Emb. 1 KG,"1,69€","1,69€ / KG",
Sobremesa de Soja C/ Café,NAT&VIE,Emb. 0.4 KG,"1,40€","3,50€ / KG",
Alimento Húmido P/ Gato Completo 4x400g,LYCAT,Emb. 4 UNID.,"3,40€","0,85€ / UNID.",
Leite Condensado Açucarado,DÉLISSE,Lata 0.397 KG,"1,09€","2,75€ / KG",
Leite Bem Especial Cálcio Magro,MIMOSA,Emb. 1 LT,"0,98€","0,98€ / LT",
Sabonete Liquido Recarga Leite e Mel,PALMOLIVE,Emb. 0.3 LT,"3,09€","10,30€ / LT",
PILHAS ALCALINAS LR6,FOXTER,Emb. 8 UNID.,"1,79€","0,22€ / UNID.",
ESPUMA BARBEAR DERMO P.SENSIVEIS 250ML,CARRÉ HOMME,Emb. 0.25 LT,"1,49€","5,96€ / LT",
Vinho Frutado Branco,SALVE,Garrafa 0.75 LT,"1,29€","1,72€ / LT",
Seleção de Frutos Secos,MARQUE REPERE,Emb. 0.2 KG,"5,39€","26,95€ / KG",
BACALHAU P/ CALDEIRADA,PÊCHE OCÉAN,Emb. 0.8,"4,99€","6,24€ /",
PENSOS DIARIOS 30UN,ECO+,Emb. 30 UNID.,"0,79€","0,03€ / UNID.",
Neoblanc Densa+,NEOBLANC,Emb. 2 LT,"2,58€","1,29€ / LT",
Desodorizante Roll On Men Cool Kick,NIVEA MEN,Emb. 0.05 LT,"2,39€","47,80€ / LT",
"Compal veggie cenoura, maça 1L",COMPAL,1 LT,"1,59€","1,59€ / LT",
Refrigerante S/ Gás Laranja,AQUARIUS,Emb. 0.5 LT,"1,00€","2,00€ / LT",
Old Spice Shower Gel Ultra Smooth,OLD SPICE,Emb. 0.4 LT,"4,94€","12,35€ / LT",
CHA PRETO PEQUENO-ALMOCO BIO,,Emb. 20 UNID.,"1,49€","0,07€ / UNID.",
Mousse de Figado Superior,TRADILÈGE,Emb. 0.18 Kg,"1,75€","9,72€ / Kg",
Amaciador Condicionador,TRESEMMÉ,Emb. 0.5 LT,"4,19€","8,38€ / LT",
Elixir Oral Dentes & Gengivas Menta Fresca,LISTERINE,Emb. 1 LT,"8,90€","8,90€ / LT",
Conserva de Salsichas Aves 8 Unid.,NOBRE,Lata 0.2 KG,"1,09€","5,45€ / KG",
Fósforos de Segurança Longos 3x40 unid.,SILEX,Emb. 3 UNID.,"2,36€","0,79€ / UNID.",
Mateus Rosé,MATEUS,Garrafa 0.75 LT,"3,95€","5,27€ / LT",
BLOCO SANITARIO ACTIV EFFECT LAVANDA 3UN,SYPHON,Emb. 3 UNID.,"1,29€","0,43€ / UNID.",
4 LAPIS GRAFITE HB,ESQUISSE,Emb. 4 UNID.,"1,00€","0,25€ / UNID.",
Carte D'Or Gelado Limão,CARTE D'OR,Emb. 0.9 LT,"3,29€","3,66€ / LT",
Salsichão Fatias Tapas,CAMPOFRIO,Emb. 0.08 KG,"1,51€","18,88€ / KG",
BOLACHAS C/TABLETE CHOCO LEITE,ECO+,Emb. 0.15 KG,"0,95€","6,33€ / KG",
Bebida à Base de Amêndoa,NAT&VIE,Emb. 1 LT,"1,39€","1,39€ / LT",
Bechamel,PARMALAT,Emb. 0.5 LT,"2,07€","4,14€ / LT",
Elixir Cool Mint,SENSODYNE,Emb. 0.5 LT,"5,93€","11,86€ / LT",
Vinagre Vinho Tinto,CRISTAL,Garrafa 0.5 LT,"0,99€","1,98€ / LT",
"ALIMENT BEBE: IOGURTE CREMOSO COCO, MACA, ANANAS E BANANA BIO 8M",BIO VILLAGE BEBE,,"3,99€",/ Unid.,
"Água sem Gás 6x1,5L",VITALIS,Emb. 9 LT,"2,59€","0,29€ / LT",
Azeitonas Pretas Inteiras,RUSTICA,Emb. 0.225 LT,"0,99€","4,40€ / LT",
Cloro Dissolução Lenta Pastilhas 250Gr,BEAUX JOURS,Emb. 5 KG,"29,99€","6,00€ / KG",
Linguas de Gato Sabor a Canela,P'TIT DÉLI,Emb. 0.2 KG,"0,69€","3,45€ / KG",
ARROZ SUSHI,CAÇAROLA,Emb. 1 KG,"1,99€","1,99€ / KG",
Amaciador concentrado intense care repair,COMFORT,Emb. 60 DOSES,"3,99€","0,07€ / DOSES",
Pensos Higiénicos Cotton Extract Normal,CAREFREE,Emb. 76 UNID.,"4,45€","0,06€ / UNID.",
Champô Protecção da Cor,TRESEMMÉ,Emb. 0.5 LT,"4,19€","8,38€ / LT",
Cuecas Incontinência Boutique M,AUSONIA,Emb. 9 UNID.,"11,87€","1,32€ / UNID.",
Gelatina Light Ananás 2x15g,CONDI,Emb. 0.03 KG,"1,85€","61,67€ / KG",
PENSOS HIGIENICOS MAXI NOITE 10UN,ECO+,Emb. 10 UNID.,"0,95€","0,10€ / UNID.",
Vinho Regional Lisboa Branco,PROVA RÉGIA,Garrafa 0.75 LT,"3,99€","5,32€ / LT",
Caldo de Carne,KNORR,Emb. 16 CUBOS,"2,39€","0,15€ / CUBOS",
100% Cevada,PENSAL,Frasco 0.2 KG,"2,55€","12,75€ / KG",
RODELAS DE PESCADA,ECO+,Emb. 0.8 KG,"5,99€","7,49€ / KG",
Camarão Aquicultura Cal. 60/80 Congelado,,1 Unid. = 0.25 KG (aprox.),"6,99€/kg","1,75€ / Unid.",
Arroz Carolino,,Emb. 1 KG,"0,95€","0,95€ / KG",
Refrigerante S/ Gás Laranja,JAFADEN,Garrafa 1.5 LT,"0,99€","0,66€ / LT",
SACOS P/ CONGELAR ZIP & GO 1L (15UN),VILEDA,Emb. 15 UNID.,"4,69€","0,31€ / UNID.",
AirWick  Comp Pure Flor Cerejeira,AIRWICK,Emb. 1 UNID.,"5,39€","5,39€ / UNID.",
BATATAS FRITAS ONDULADAS SABOR A KETCHUP,POM'LISSE,Emb. 0.135 KG,"1,19€","8,81€ / KG",
Johnson's Baby Óleo Regular,JOHNSON'S BABY,Emb. 0.5 LT,"5,49€","10,98€ / LT",
Fraldas Incontinência Super P,LINDOR,Emb. 40 UNID.,"18,80€","0,47€ / UNID.",
Champô Cabelo Ultra Suave Delicadeza de Aveia,GARNIER,Emb. 0.4 LT,"5,53€","13,83€ / LT",
CHAMPO PARA ANIMAIS PERFUMADO,P'TIT AMI,Emb. 0.5 LT,"2,49€","4,98€ / LT",
Lava Tudo Gel Ativo com Lixívia,CIF,Emb. 0.75 LT,"1,39€","1,85€ / LT",
Pipocas Doces,TOKAPI,Emb. 0.1 KG,"0,80€","8,00€ / KG",
SALMAO C/ MOLHO DE AZEDAS,CÔTÉ TABLE,Emb. 0.3 KG,"3,29€","10,97€ / KG",
Massa Pontinha Clássica,NACIONAL,Emb. 0.25 KG,"0,78€","3,12€ / KG",
Vinho Verde Branco,VIA LATINA,Garrafa 0.75 LT,"2,99€","3,99€ / LT",
Pensos Higiénicos Maxi Normal Pocket,DOULYS,Emb. 18 UNID.,"1,15€","0,06€ / UNID.",
CEREAIS MUESLI 5 FRUTAS,GRAINEA,Emb. 0.5 KG,"2,39€","4,78€ / KG",
Óleo Intense 12-0 Aclarante Extremo,SYOSS,,"6,24€",/ Unid.,
Fettuccini Fresco,TURINI,Emb. 0.35 KG,"1,19€","3,40€ / KG",
Alimento Completo Cereais P/ Porquinhos-da-Índia,TOUS MES AMIS,Emb. 2.5 KG,"5,99€","2,40€ / KG",
Conserva de Verde Extra Fino,NOTRE JARDIN,Lata 0.44 KG,"2,19€","4,98€ / KG",
MUESLI C/ AVEIA E FRUTOS SECOS BIO E S/GLUTEN,CHAQUE JOUR SANS GLUTEN,Emb. 0.375 KG,"3,39€","9,04€ / KG",
Bacalhau Lombo,,Emb. 0.7 KG,"14,99€","21,41€ / KG",
Iogurte Magro Déli' light Sabor Baunilha 8x125g,DÉLISSE,Emb. 1 KG,"2,19€","2,19€ / KG",
CRACKERS- BOLACHAS SALGADAS CROCANTES,TOKAPI,Emb. 0.1 KG,"0,69€","6,90€ / KG",
Iogurte Líquido Danonino Bebedino Tutti-Frutti 4x100g,DANONE,Emb. 0.4 KG,"1,79€","4,48€ / KG",
Iogurtes Cremosos Açucarados Frutas Vermelhas 8x125g,DÉLISSE,Emb. 1 KG,"1,99€","1,99€ / KG",
RATO S/FIO SILENCIOSO BRANCO,LINKSTER,Emb. 1 UNID.,"19,90€","19,90€ / UNID.",
Batom Corretivo 004,RIMMEL,Emb. 1 UNID.,"7,89€","7,89€ / UNID.",
Gelatina Light Morango 4 Unid.,ROYAL,Emb. 0.4 KG,"2,19€","5,48€ / KG",
Vinagre Balsâmico Branco,GALLO,Emb. 0.25 LT,"1,69€","6,76€ / LT",
Refrigerante S/ Gás Laranja Maracujá,JAFADEN,Garrafa 1.5 LT,"0,99€","0,66€ / LT",
CONDICIONADOR CABELOS FRAGEIS E QUEBRADICOS 250ML,NATEIS,Emb. 0.25 LT,"1,69€","6,76€ / LT",
Champô Liso Asiático para Cabelo Frisado e Rebelde,GLISS,Emb. 0.25 LT,"2,24€","8,96€ / LT",
Caldos Molho Cervejeira 8 Cubos,KNORR,Emb. 0.072 KG,"1,49€","20,69€ / KG",
Massa Pevide,MILANEZA,Emb. 0.25 KG,"0,78€","3,12€ / KG",
BOLACHAS AREADAS C/ RECH AVELAS E CACAU MAGRO,P'TIT DÉLI,Emb. 0.125 KG,"1,59€","12,72€ / KG",
Barrinhas P/ Porquinhos-da-Índia sabor a Frutas,TOUS MES AMIS,Emb. 0.11 KG,"1,59€","14,45€ / KG",
Molho Madeira,RUSTICA,Emb. 0.3 LT,"1,39€","4,63€ / LT",
Whisky Classic Black 5,LABEL 5,Garrafa 0.7 LT,"9,99€","14,27€ / LT",
Néctar Essencial Manga 3x110ml,COMPAL,Emb. 0.33 LT,"1,79€","5,42€ / LT",
Água Micelar Revitalift Preenchedora,L'OREAL,Emb. 0.2 LT,"7,49€","37,45€ / LT",
Café em Grão,LAVAZZA,Emb. 0.5 KG,"6,22€","12,44€ / KG",
B&J Netflix & Chill'D 465ml,,Emb. 0.465 LT,"6,79€","14,60€ / LT",
Fio Dentário,COLGATE,Emb. 1 UNID.,"3,49€","3,49€ / UNID.",
Bebida em Pó Ananás,TANG,Emb. 0.03 KG,"0,82€","27,33€ / KG",
Vinagre Balsâmico de Modène,RUSTICA,Garrafa 0.5 LT,"1,99€","3,98€ / LT",
Champô Anti-Caspa Men Controlo De Oleosidade,LINIC,Emb. 0.225 LT,"3,34€","14,84€ / LT",
IOGURTE LIQUIDO FRUTOS TROPICAIS,DÉLISSE,Emb. 0.72 KG,"1,09€","1,51€ / KG",
Desodorizante Pear e Aloe Vera Spray,DOVE,Emb. 0.15 LT,"2,69€","17,93€ / LT",
MOUSSE MAGRO 0%MG MORANGO / PESSEGO,DÉLISSE,Emb. 0.46 KG,"1,65€","3,59€ / KG",
CREME P/ BARRAR CACAU C/ AVELAS 1KG NUSTIKAO,NUSTIKAO,Emb. 1 KG,"3,99€","3,99€ / KG",
SPRAY ANTICALCARIO WC ECOLOGICO 750ML,UNÍ VERT,Emb. 0.75 LT,"1,89€","2,52€ / LT",
Canela em Pó,RUSTICA,Frasco 0.035 KG,"0,89€","25,43€ / KG",
CUECA INCONTINENCIA TAM M,CHORYS,Emb. 14 UNID.,"6,74€","0,48€ / UNID.",
Caldo de Carne,KNORR,Emb. 8 CUBOS,"1,39€","0,17€ / CUBOS",
Chá de Maçã e Canela,TISÉA,Emb. 25 SAQ.,"1,24€","0,05€ / SAQ.",
Doce de Abóbora,CASA MATEUS,Frasco 0.345 KG,"2,47€","7,16€ / KG",
Fraldas Bebé T4 Ultra Confort 7/18 Kg,MOTS D'ENFANTS,Emb. 44 UNID.,"7,45€","0,17€ / UNID.",
Azeite,OLIVEIRA DA SERRA,Garrafão 3 LT,"15,67€","5,22€ / LT",
MOLHO TIKKA MASSALA,TABLES DU MONDE,Emb. 0.35 KG,"1,99€","5,69€ / KG",
Sabonete Líquido para as Mãos,DOVE,Emb. 0.25 LT,"2,39€","9,56€ / LT",
Cerveja Aromatizada Rum,DESQUILES,Emb. 0.5 LT,"0,99€","1,98€ / LT",
Cereais Flakes,CUÉTARA,Emb. 0.5 KG,"2,99€","5,98€ / KG",
Cereais Muesli Chocolate e Quinoa Biológico,,Emb. 0.375 KG,"2,99€","7,97€ / KG",
Detergente Roupa Máquina Pó Skip Lavanda 66d,SKIP,,"12,49€",/ Unid.,
Delícias com Forma de Lagosta Ultracongelado,PESCANOVA,Emb. 0.255 KG,"1,99€","7,80€ / KG",
Lenços de Bolso Menta Sensitive 4 Folhas,RENOVA,Emb. 6 UNID.,"0,99€","0,17€ / UNID.",
Vinho Regional Alentejo Branco,MONSARAZ,Garrafa 0.75 LT,"3,95€","5,27€ / LT",
QUEIJO FLAMENGO RALADO,QUEIJO NA TÁBUA,Emb. 0.15 KG,"1,29€","8,60€ / KG",
Alimento Completo Cereais P/ Coelhos Anões,TOUS MES AMIS,Emb. 0.8 KG,"1,99€","2,49€ / KG",
Regulador Ph Mais Líquido,BEAUX JOURS,Emb. 6 LT,"17,90€","2,98€ / LT",
Whisky Vat 69,VAT 69,Garrafa 0.7 LT,"11,99€","17,13€ / LT",
BOLACHAS AREADAS C/ RECH MACA E FRAMBOESA,P'TIT DÉLI,Emb. 0.1 KG,"1,49€","14,90€ / KG",
Conserva de Feijão Encarnado Da Horta,COMPAL,Lata 0.42 KG,"0,99€","2,36€ / KG",
Desodorizante Cucumber & Green Tea S/ áçcool e Alumínio,DOVE,Emb. 0.15 LT,"2,84€","18,93€ / LT",
Canela Moída,RUSTICA,Emb. 0.04 KG,"0,50€","12,50€ / KG",
Gel Duche S/ Sabão,MANAVA,Emb. 0.5 ML,"1,99€","3,98€ / ML",
SACO TERMICO 31L,WOODSUN,Emb. 1 UNID.,"15,90€","15,90€ / UNID.",
Tampões com Aplicador Compak Regular,TAMPAX,Emb. 22 UNID.,"3,95€","0,18€ / UNID.",
SARDINHA OLEO DE GIRASSOL,PÊCHE OCÉAN,Emb. 0.12 KG,"0,99€","8,25€ / KG",
Alimento Húmido para Cão Patê com Pedaços Carne Vaca,ECO+,,"1,89€",/ Unid.,
Máscara de Abacate Ultra Suave,GARNIER,Emb. 0.3 LT,"6,72€","22,40€ / LT",
CASTANHAS CONGELADAS,,Emb. 1 KG,"9,99€","9,99€ / KG",
"PEROLAS DESODORIZANTES ""PRIMAVERA NO JAPAO"" 110G",BIEN AIR,Emb. 0.11 KG,"1,59€","14,45€ / KG",
Chá de Camomila,LIPTON,Emb. 20 SAQ.,"1,19€","0,06€ / SAQ.",
SABONETE SOLIDO BEBE BIO CORPO E CABELO,MOTS D'ENFANTS,,"1,45€",/ Unid.,
Sardinhas em Tomate Biológico,BOM PETISCO,Emb. 0.12 KG,"1,39€","11,58€ / KG",
ALHO FRANCÊS RONDELLE,NOTRE JARDIN,Emb. 1 KG,"1,49€","1,49€ / KG",
TOSTAS FINAS NATURA,EPI D'OR,Emb. 0.1 KG,"1,19€","11,90€ / KG",
Açúcar Branco,TÉVA,Emb. 1 KG,"1,39€","1,39€ / KG",
BOLACHAS PETIT BEURRE C/ TABLETE CHOCOLATE LEITE POCKET,P'TIT DÉLI,Emb. 0.268 KG,"2,69€","10,04€ / KG",
Balde para Esfregona,,Emb. 1 UNID.,"2,99€","2,99€ / UNID.",
CHOUCROUTE,CÔTÉ TABLE,Emb. 0.42 KG,"1,59€","3,79€ / KG",
Rebuçados de Frutas,MENTOS,Emb. 10 UNID.,"0,69€","0,07€ / UNID.",
Polpa de Tomate,ECO+,Emb. 0.5 KG,"0,75€","1,50€ / KG",
CREME DE OVOS SABOR COCO,DÉLISSE,Emb. 0.4 KG,"2,35€","5,88€ / KG",
Loção para Corpo Hidatrante Express 48h Pele Normal a Seca,NIVEA BODY,Emb. 0.4 LT,"5,99€","14,98€ / LT",
IOGURTE GREGO STRACCIATELLA,DÉLISSE,Emb. 0.6 KG,"1,99€","3,32€ / KG",
Coco Ralado,FERBAR,Emb. 0.2 KG,"2,09€","10,45€ / KG",
CUECA INCONTINENCIA TAM L,CHORYS,Emb. 14 UNID.,"6,74€","0,48€ / UNID.",
Batatas Fritas Light,POM'LISSE,Emb. 0.15 KG,"0,95€","6,33€ / KG",
Iogurte Líquido Morango 6x100g,DANACOL,Emb. 0.6 KG,"2,99€","4,98€ / KG",
Néctar Clássico Ananás 3x200 ml,COMPAL,Emb. 0.6 LT,"1,39€","2,32€ / LT",
GEL BARBEAR REVITALIZANTE 200ML,CARRÉ HOMME,Emb. 0.2 LT,"1,75€","8,75€ / LT",
Batido de Cacau,CACAOLAT,Emb. 4 UNID.,"2,09€","0,52€ / UNID.",
"Queijo Fundido Fonte de Vitaminas A, B2, B12",LES CROISÉS,Emb. 0.2 KG,"1,59€","7,95€ / KG",
Conserva de Atum Albacore Inteiro 2x200g,PÊCHE OCÉAN,Emb. 0.4 KG,"4,29€","10,73€ / KG",
Maionese,HELLMANN'S,Emb. 0.763 KG,"4,45€","5,83€ / KG",
LUVAS JARDINAGEM S ROSA,BEAUX JOURS,Emb. 1 UNID.,"1,59€","1,59€ / UNID.",
Maionese Top Down,CALVÉ,Emb. 0.24 KG,"1,39€","5,79€ / KG",
Whisky Fin Blen,WILLIAM LAWSON'S,Garrafa 0.7 LT,"13,99€","19,99€ / LT",
Barras Hero De Cereais Muesli Chocolate Leite 6x25g,HERO,Emb. 0.15,"1,79€","11,93€ /",
Farfalle,TRADIZIONI D'ITALIA,Emb. 0.5 KG,"1,59€","3,18€ / KG",
Sumo 100% Laranja Brasil,JAFADEN,Emb. 1 LT,"1,55€","1,55€ / LT",
PAEZINHOS TRIGO TORRADOS BIO,,Emb. 0.225 KG,"1,39€","6,18€ / KG",
Tira Nódoas Gold Power Gel,VANISH,Emb. 0.2 LT,"4,54€","22,70€ / LT",
Alimento Seco P/ Cão Active de Frango e Arroz,PURINA,Emb. 0.8 KG,"5,69€","7,11€ / KG",
Batatas Fritas Lay\'s Vinagreta,LAY'S,Emb. 0.15 KG,"1,78€","11,87€ / KG",
Espumante Meio Seco,COMP DO VINHO,Garrafa 0.75 LT,"3,29€","4,39€ / LT",
QUEIJO FRESCO LIGHT VACA,QUEIJO NA TÁBUA,Emb. 0.08 KG,"0,55€","6,88€ / KG",
Ervas de Provence,RUSTICA,Frasco 0.018 KG,"0,79€","43,89€ / KG",
Molho Francesinha,GULOSO,Frasco 0.5 KG,"3,99€","7,98€ / KG",
MULTIPACK CALIPPO SUPERMIX 5X105ML,CALIPPO,Emb. 5 UNID.,"2,49€","0,50€ / UNID.",
Brandy,CONSTANTINO,Garrafa 0.7 LT,"9,49€","13,56€ / LT",
Detergente Líquido Multisuperficies Rosas e Jasmim,SONASOL,Emb. 1.3 LT,"2,09€","1,61€ / LT",
"Iogurte de Banana, Morango e Tutti Frutti 8x120g",DANONE,Emb. 0.96 KG,"1,99€","2,07€ / KG",
Pensos Higiénicos Maxi com Alas,EVAX,Emb. 11 UNID.,"1,97€","0,18€ / UNID.",
CEREAIS PETALAS NATURAL,GRAINEA,Emb. 0.44 KG,"1,49€","3,39€ / KG",
Bolachas com Cobertura de Chocolate Preto,,Emb. 0.2 KG,"1,39€","6,95€ / KG",
GRESSINOS SESAME,TOKAPI,Emb. 0.125 KG,"1,25€","10,00€ / KG",
TOALHITAS PARA MAOS LIMAO,CLAIR,Emb. 24 UNID.,"1,85€","0,08€ / UNID.",
Molho Picante,TABASCO,Emb. 0.06 L,"2,95€","49,17€ / L",
Esparguete Tricolor,MILANEZA,Emb. 0.5 KG,"1,89€","3,78€ / KG",
Leite de Transição 2 +6 meses,NAN,Emb. 0.8 KG,"12,34€","15,43€ / KG",
Bloco Sanitário Blue Activ,SONASOL WC,Emb. 0.05 KG,"1,94€","38,80€ / KG",
Vinho do Porto Special Reserve,PORTO CRUZ,Emb. 0.75 LT,"9,99€","13,32€ / LT",
Alimento Húmido P/ Gato Gold Salmão e Frango,GOURMET,Emb. 0.085 KG,"0,73€","8,59€ / KG",
Ambientador Absorve Odores Relax Zen 2x150gr,BRISE,Emb.  0.3 KG,"2,99€","9,97€ / KG",
Vinho Branco Alentejo Doc Reserva,REGUENGOS,Garrafa 0.75 LT,"4,99€","6,65€ / LT",
Café Mistura Peninsular Moída,DELTA,Emb. 0.25 KG,"1,64€","6,56€ / KG",
CONE CHOCOLATE/PISTACHIO 6UN,TRIUM,,"2,49€",/ Unid.,
Sabonete Líquido Leite e Mel Recarga,PALMOLIVE,Emb. 0.3 LT,"2,69€","8,97€ / LT",
Air Wick Sticks Perfumados Flor de Cerejeira x5,AIRWICK,Emb. 0.025 LT,"7,19€","287,60€ / LT",
Néctar Multifruits,JAFADEN,Emb. 2 LT,"1,69€","0,85€ / LT",
Cerveja Marigold Alemanha,MARIGOLD,Emb. 0.33 LT,"1,88€","5,70€ / LT",
DETERGENTE LIQUIDO SENSITIVE 40D,EPSIL,,"4,35€",/ Unid.,
Vinho Regional Alentejo Branco,ADEGA DE BORBA,Garrafa 0.75 LT,"3,89€","5,19€ / LT",
Ice Tea Pêssego,FRESH TEA,Garrafa 1.5 LT,"1,25€","0,83€ / LT",
Massa Cotovelinhos,MILANEZA,Emb. 0.5 KG,"1,19€","2,38€ / KG",
FEIJAO CATARINO SACO,NOTRE JARDIN,Emb. 1 KG,"1,89€","1,89€ / KG",
Iced Tea Manga,ECO+,Emb. 1.5 LT,"0,84€","0,56€ / LT",
PAO COM CHOCOLATE (NAPOLITANAS) X12 (SAQ INDIVIDUAL),EPI D'OR,Emb. 0.54 KG,"2,99€","5,54€ / KG",
Iogurte Bifidus Magro Líquido Activia Pêssego Maracujá 4 Unid.,ACTIVIA,Emb. 0.62 KG,"1,99€","3,21€ / KG",
Café Solúvel Clássico Frasco,NESCAFÉ,Frasco 0.1 KG,"3,95€","39,50€ / KG",
Massa Pérolas,MILANEZA,Emb. 0.25 KG,"0,73€","2,92€ / KG",
Moira Regional - PDTO Lamego,SNR,Emb. 0.17 KG,"1,69€","9,94€ / KG",
Vinho Regional Douro Branco,PLANALTO,Frasco 0.75 LT,"4,49€","5,99€ / LT",
Vinho Branco Frutado,CORAÇÃO DA MINHA,Garrafa 0.75 LT,"1,49€","1,99€ / LT",
Lasanha Bolonhesa Bio,,Emb. 0.6 KG,"3,99€","6,65€ / KG",
Sidra com Álcool Maça 4x33cl,SOMERSBY,Emb. 1.32 LT,"3,99€","3,02€ / LT",
Sumo S/ Gás Tropical,ECO+,Emb. 2 LT,"1,59€","0,80€ / LT",
Tempero de Alho & Salsa 8 Cubos,KNORR,Emb. 0.072 KG,"1,49€","20,69€ / KG",
Leite Bem Especial Crescimento a partir de 3 anos,MIMOSA,Emb. 1 LT,"1,79€","1,79€ / LT",
Vinagre de Álcool Cristal,ECO+,Garrafa 1.5 LT,"1,15€","0,77€ / LT",
AUSONIA AIRDRY SUPER ABAS 30,AUSONIA,Emb. 30 UNID.,"4,19€","0,14€ / UNID.",
Sangria Don Simon,DON SIMON,Garrafa 1.5 LT,"2,18€","1,45€ / LT",
Toalhitas Limpa Óculos,CLAIR,Emb. 54 UNID.,"1,29€","0,02€ / UNID.",
Chantilly,DÉLISSE,Emb. 0.25 KG,"1,79€","7,16€ / KG",
Papel Higiénico 2 Folhas,RENOVA,Emb. 48 ROLOS,"10,99€","0,23€ / ROLOS",
Massa Macarronete Riscado,TURINI,Emb. 0.5 KG,"0,89€","1,78€ / KG",
Alimento Seco Cão Croquetes Ricos em Carnes,ECO+,Emb. 10 KG,"8,99€","0,90€ / KG",
Farinha S/ Fermento T65,NACIONAL,Emb. 1 KG,"1,04€","1,04€ / KG",
NATAS LIQUIDAS LIGHT UHT BIO,,Emb. 0.6 KG,"3,55€","5,92€ / KG",
Vinho Regional Alentejano Tinto,PORTA DA RAVESSA,Garrafa 0.75 LT,"3,99€","5,32€ / LT",
RECARGA MOPA SECA,,Emb. 1 UNID.,"3,80€","3,80€ / UNID.",
Gelado Tyrolia Frutos Vermelhos,ESKISS,Emb. 0.65 LT,"2,69€","4,14€ / LT",
Iogurte Bifidus Líquido Morango e Kiwi 0% 4 Unid.,DANONE,Emb. 0.62 KG,"1,99€","3,21€ / KG",
Recarga Máquina de Barbear Sensor Excel,GILLETTE,Emb. 5 UNID.,"10,45€","2,09€ / UNID.",
Biscoitos Tranças com Cobertura de Chocolate de Leite,P'TIT DÉLI,Emb. 0.09 KG,"1,49€","16,56€ / KG",
Vinho Regional Península de Setúbal Branco,SERRAS DE AZEITÃO,Garrafa 0.75 LT,"2,64€","3,52€ / LT",
Manteiga Fácil de Barrar,MIMOSA,Emb. 0.25 KG,"2,24€","8,96€ / KG",
Verniz de Unhas 60 Segundos 703,RIMMEL,Emb. 1 UNID.,"5,29€","5,29€ / UNID.",
Adoçante,CANDEREL,Emb. 100 UNID.,"2,39€","0,02€ / UNID.",
Vinho Regional Dão Tinto Seleção,QUINTA DE CABRIZ,Garrafa 0.75 LT,"4,98€","6,64€ / LT",
Néctar Clássico Manga,JAFADEN,Emb. 1 LT,"0,99€","0,99€ / LT",
CONDICIONADOR EXTRA COR,VITANOVE,Emb. 0.2 LT,"1,24€","6,20€ / LT",
JARRO ELECTRICO INOX 1500W 1L,ELSAY,Emb. 1 UNID.,"22,90€","22,90€ / UNID.",
Papel Vegetal 8 metros,VILEDA,Emb. 1 UNID.,"2,99€","2,99€ / UNID.",
Amaciador para a Roupa Pure,COMFORT,Emb. 78 DOSES,"3,99€","0,05€ / DOSES",
Papel Higiénico Super Compact,RENOVA,Emb. 4 ROLOS,"2,45€","0,61€ / ROLOS",
PILHAS BOTAO LR44,FOXTER,Emb. 5 UNID.,"1,29€","0,26€ / UNID.",
Alimento Húmido P/ Gatinhos C/ Vitela,GOURMET,Emb. 0.085 KG,"0,75€","8,82€ / KG",
SACOS LIXO C/ ATILHO 130L,ELEMBAL,Emb. 10 UNID.,"2,59€","0,26€ / UNID.",
Leite Bem Especial S/ Lactose Infantil Meio Gordo,MIMOSA,Emb. 1 LT,"1,79€","1,79€ / LT",
Néctar Clássico Pêssego 3 Unid.,JAFADEN,Emb. 0.6 LT,"0,89€","1,48€ / LT",
Alimento Seco para Cão Croquetes Equilíbrio,LYDOG,Emb. 4 KG,"5,69€","1,42€ / KG",
Batom Corretivo 103,RIMMEL,Emb. 1 UNID.,"7,89€","7,89€ / UNID.",
Manteiga Magra Sal,PRÉSIDENT,Emb. 0.25 KG,"2,55€","10,20€ / KG",
Bife chã de Fora de Novilho,,1 Unid. = 0.5 KG (aprox.),"8,98€/kg","4,49€ / Unid.",
Soro Fisiológico 60ml,HIDRO,Emb. 0.06 LT,"0,59€","9,83€ / LT",
Pão de Forma Grande,BIMBO,Emb. 0.375 KG,"1,55€","4,13€ / KG",
Refrigerante com Gás Ananás,SUMOL,Garrafa 1.25 LT,"1,39€","1,11€ / LT",
CROISSANT CONGELADO 6UN,EPI D'OR,Emb. 0.36,"2,49€","6,92€ /",
Guardanapos 2 Folhas 33x33 cm,RENOVA,Emb. 90 UNID.,"1,38€","0,02€ / UNID.",
Queijo Flamengo Barra,,1 Unid. = 0.25 KG (aprox.),"6,99€/kg","1,75€ / Unid.",
Old Spice Shower Gel Deep Sea,OLD SPICE,Emb. 0.4 LT,"4,94€","12,35€ / LT",
REFRIGERANTE S/GAS MULTIFRUTOS,JAFUN,Emb. 10 UNID.,"3,49€","0,35€ / UNID.",
Alimento Seco P/ Gato Sénior +11 Frango,PURINA ONE,Emb. 0.8 KG,"6,65€","8,31€ / KG",
CANETA FELTRO PONTA FINA VARIAS CORES 12UN,ESQUISSE,Emb. 12 UNID.,"2,99€","0,25€ / UNID.",
"ALIMENT BEBE: PURE FEIJAO VERDE, BATATA BIO +4M  2X120G",BIO VILLAGE BEBE,Emb. 0.24 KG,"1,35€","5,63€ / KG",
Vinho Regional Alentejano Branco,QUINTA DO CARMO,Garrafa 0.75 LT,"9,89€","13,19€ / LT",
Refrigerante com Gás Guarana,ANTARCTICA,Garrafa 1.5 LT,"1,99€","1,33€ / LT",
Iogurte Grego Natural,DÉLISSE,Emb. 1 KG,"2,25€","2,25€ / KG",
Água Coco 100% Natural,JAFADEN,Emb. 1 LT,"2,39€","2,39€ / LT",
Pensos Incontinencia Anatómicos Máxima,LINDOR,Emb. 20 UNID.,"12,29€","0,61€ / UNID.",
Alimento Húmido P/ Gato Carne Vaca Gold,GOURMET,Emb. 0.085 KG,"0,75€","8,82€ / KG",
TOALHITAS ANTI-DESCOLORACAO 40UN,TEXIL,Emb. 40 UNID.,"3,99€","0,10€ / UNID.",
Amendoins Torrados C/ Sal,TOKAPI,Emb. 0.25 KG,"1,09€","4,36€ / KG",
Ambientador Recarga Elétrico Lavanda e Aloé Vera,GLADE,Emb. 2 UNID.,"7,18€","3,59€ / UNID.",
Gelatina Light Sabor a Morango,TABLIER BLANC,Emb. 0.031 KG,"0,79€","25,48€ / KG",
Queijo Camembert,PRÉSIDENT,Emb. 0.25 KG,"3,78€","15,12€ / KG",
Carne de Porco Salgada C/ Lentilhas,CÔTÉ TABLE,Emb. 0.42 KG,"1,79€","4,26€ / KG",
BATOM NUTRITIVO 2UN,INELL,Emb. 2000 UNID.,"1,89€","0,00€ / UNID.",
Lima Plana 200Mm,FOXTER,Emb. 1 UNID.,"2,59€","2,59€ / UNID.",
Conserva de Pickles em Vinagre,RUSTICA,Emb. 0.3 KG,"1,99€","6,63€ / KG",
Amaciador total repair 5,ELVIVE,Emb. 0.69 LT,"9,89€","14,33€ / LT",
Batatas Fritas no Forno,LAY'S,Emb. 0.15 KG,"2,17€","14,47€ / KG",
CHOCOLATE C/ RECHEIO CREME LEITE,TABLETTE D'OR,,"2,15€",/ Unid.,
GOMAS ACIDAS COLA,COPAÍNS COPINES,Emb. 0.275 KG,"1,39€","5,05€ / KG",
Ice Tea Limão Zero Açúcar,LIPTON,Emb. 0.6 LT,"1,13€","1,88€ / LT",
Preparado de Carne Bovino Picada,FERIAL,Emb. 1 KG,"9,99€","9,99€ / KG",
Bolachas de Cereais Dinosauros,ARTIACH,Emb. 0.185 KG,"1,99€","10,76€ / KG",
IOGURTE DELILIGHT 0% IOG.NATURAL,DÉLISSE,Emb. 1.5,"1,99€","1,33€ /",
Esparguete,MILANEZA,Emb. 0.5 KG,"0,78€","1,56€ / KG",
Pastilhas Café Descafeinado,DELTA,Emb. 16 PAST.,"3,79€","0,24€ / PAST.",
Vinho Regional Alentejano Tinto,QUINTA DO CARMO,Garrafa 0.75 LT,"16,82€","22,43€ / LT",
Conector Mangueira Rápido 19Mm,BEAUX JOURS,Emb. 1 UNID.,"0,99€","0,99€ / UNID.",
Amendoins Sal e Mel,MATUTANO,Emb. 0.15 KG,"2,45€","16,33€ / KG",
Alimento Completo Cereais P/ Animais Exóticos,TOUS MES AMIS,Emb. 1 KG,"1,98€","1,98€ / KG",
SOPA CAMPESTRE,REGAL SOUPE,Emb. 0.35 KG,"1,89€","5,40€ / KG",
Água S/ Gás Mineral,,Garrafa 1.5 LT,"0,40€","0,27€ / LT",
Tampões com Aplicador Pearl Compak Regular,TAMPAX,Emb. 36 UNID.,"7,99€","0,22€ / UNID.",
Cacetinho Integral,,1 Unid. = 0.05 KG,"0,26€","5,20€ / KG",
AXE GEL APOLLO,AXE,Emb. 0.4 LT,"3,29€","8,23€ / LT",
Detergente Roupa Máquina Líquido Sensitive,SKIP,Emb. 80 DOSES,"15,99€","0,20€ / DOSES",
Amaciador Concentrado Aromaterapia Violeta,VERNEL,Emb. 57 DOSES,"3,29€","0,06€ / DOSES",
Sacos de Lixo Casa de Banho com Atilho 20x10L,ELEMBAL,Emb. 20 UNID.,"0,89€","0,04€ / UNID.",
Snack Húmido P/ Gato Party Mix Ocean,FELIX,Emb. 0.06 KG,"1,89€","31,50€ / KG",
Cerveja com Álcool Green Limão 6x33cl,SUPER BOCK,Emb. 1.98 LT,"4,49€","2,27€ / LT",
Creme Fixativo para Próteses Dentárias,POLIDENT,Emb. 0.04 KG,"6,92€","173,00€ / KG",
SORTIDO GELADOS PARTY 10UN,SMICY,Emb. 10 UNID.,"3,29€","0,33€ / UNID.",
Espuma Barbear Revitalizante,CARRÉ HOMME,Emb. 0.2 LT,"1,49€","7,45€ / LT",
Yofu Morango 4x125g,ALPRO,Emb. 0.5 KG,"2,89€","5,78€ / KG",
Gelado 3 Chocolates,TRIUM,Emb. 4 UNID.,"2,99€","0,75€ / UNID.",
London Dry Gin,GIBSON'S,Garrafa 0.7 LT,"9,49€","13,56€ / LT",
Douradinhos Peixe S/Gluten,IGLO,Emb. 0.36 KG,"4,99€","13,86€ / KG",
Creme Limpeza Micro Cristais Limão,CIF,Emb. 0.7 LT,"2,49€","3,56€ / LT",
Creme Autobrilhante Castanho Calçado com Esponja,SPLENDOR,Emb. 0.04 LT,"1,79€","44,75€ / LT",
FRESHMATIC COM RECARGA LIFE SCENTS DELÍCIAS DE VERÃO,AIRWICK,Emb. 1 UNID.,"7,19€","7,19€ / UNID.",
Mini Magnum de Amêndoa 6x55ml,MAGNUM,Emb. 0.33 LT,"2,99€","9,06€ / LT",
Spray Mousse,NEOBLANC,Spray 0.7 LT,"2,59€","3,70€ / LT",
Abóbora Batatas e Peru desde os 6 Meses S/ Glúten,NESTLÉ,Emb. 0.19 KG,"1,39€","7,32€ / KG",
Azeitonas Pretas Descaroçadas,AGRODELTA,Emb. 0.16 KG,"1,49€","9,31€ / KG",
PILHAS ALCALINAS LR06,ECO+,Emb. 8 UNID.,"1,79€","0,22€ / UNID.",
Gel Banho Romã Natural,MANAVA,Emb. 0.75 LT,"1,79€","2,39€ / LT",
Amaciador Cabelo Delicados Garnier Delicadeza de Aveia,ULTRA SUAVE,Emb. 0.2 LT,"3,55€","17,75€ / LT",
Caderno Capa Preta Pautado A4 60p,ESQUISSE,,"0,85€",/ Unid.,
BOLO BRETANHA,P'TIT DÉLI,Emb. 0.8 KG,"2,25€","2,81€ / KG",
Óleo Alimentar 3L,FULA,Garrafão 3 LT,"7,89€","2,63€ / LT",
Dentífrico Protector Plantas Dentagard,COLGATE,Emb. 0.075 LT,"1,99€","26,53€ / LT",
Fita Dentária Sabor a Menta Fresca,SENSODYNE,Emb. 50 MT,"3,49€","0,07€ / MT",
"Iogurte de Manga, Morango e Pêssego 8x120g",DANONE,Emb. 0.96 KG,"1,99€","2,07€ / KG",
Bolachas com Recheio de Limão Cobertura Chocolate,P'TIT DÉLI,Emb. 0.15 KG,"1,19€","7,93€ / KG",
Eau De Toilette Umbro Power,UMBRO,Emb. 0.03 LT,"6,99€","233,00€ / LT",
Chipicao Mini Croissant Pack Creme de Cacau,CHIPICAO,Emb. 0.199 KG,"1,99€","10,00€ / KG",
Mini Snack de Chocolate de Leite,LION,Emb. 11 UNID.,"2,75€","0,25€ / UNID.",
Queijo de Cabra Sainte Maure,LES CROISÉS,Emb. 0.2 KG,"2,29€","11,45€ / KG",
FORMA P/BOLO MEDIA,,Emb. 100 UNID.,"0,85€","0,01€ / UNID.",
Detergente Líquido para Máquina de Roupa,SKIP,Emb. 70 DOSES,"15,99€","0,23€ / DOSES",
Bolachas Recheadas com Aroma a Chocolate,P'TIT DÉLI,Emb. 0.3 KG,"1,20€","4,00€ / KG",
Gelado de Chocolate,CARTE D'OR,Emb. 0.75 LT,"1,94€","2,59€ / LT",
Coloração 4-2 Castanho Avermelhado 16X3,SYOSS,,"4,99€",/ Unid.,
Néctar Light Manga e Laranja,COMPAL,Emb. 1 LT,"1,65€","1,65€ / LT",
BOLACHA PALET RECEITA MADALENAS X8,P'TIT DÉLI,Emb. 0.125 KG,"0,99€","7,92€ / KG",
MASSA PIZZA RECTANG.T.BL,TABLIER BLANC,Emb. 0.385 KG,"1,79€","4,65€ / KG",
Conserva de Centros Palmito,NOTRE JARDIN,Lata 0.22 KG,"2,59€","11,77€ / KG",
Refrigerante C/ Gás Laranja Pack 6,FANTA,Emb. 1.98 LT,"3,99€","2,02€ / LT",
Pantene Cuidado Clássico Champô,PANTENE PV,Emb. 0.25 LT,"3,75€","15,00€ / LT",
Tomate Triturado da Horta,COMPAL,Emb. 0.5 LT,"1,28€","2,56€ / LT",
LOTE DE 3 ALICATES,FOXTER,Emb. 1 UNID.,"14,90€","14,90€ / UNID.",
Vinho Tinto,ADEGA DE MURÇA,Garrafa 0.75 LT,"1,59€","2,12€ / LT",
Farinha Extra Fina S/ Fermento T55,NACIONAL,Emb. 1 KG,"1,08€","1,08€ / KG",
SACO LIXO ECOBAG 50L FECHO FÁCIL (10 UN),VILEDA,Emb. 10 UNID.,"2,89€","0,29€ / UNID.",
COLGATE KIT VIAGEM ESCOVA + PASTA DE DENTES,COLGATE,Emb. 1 UNID.,"4,49€","4,49€ / UNID.",
Vinho Regional Dão Seleção Branco,CABRIZ,Garrafa 0.75 LT,"4,99€","6,65€ / LT",
Bolachas Crackers Integral,DU BOIS DE LA ROCHE,Emb. 0.5 KG,"3,09€","6,18€ / KG",
"BEBIDA SOJA C/CALCIO LIGHT ,1L",ALPRO,Emb. 1 LT,"1,89€","1,89€ / LT",
Chá de Cidreira,LIPTON,Emb. 10 SAQ.,"0,69€","0,07€ / SAQ.",
Bolachas de Água e Sal,VIEIRA,Emb. 0.375 KG,"2,59€","6,91€ / KG",
Azeite Virgem Extra Clássico,GALLO,Emb. 0.75 LT,"4,49€","5,99€ / LT",
Conserva de Feijocas Verdes Extrafinas,NOTRE JARDIN,Lata 0.53 KG,"1,75€","3,30€ / KG",
Chocolate de Leite com Manteiga de Amendoim,REESE'S,Emb. 0.079 KG,"1,69€","21,39€ / KG",
Leite Confort 1,NAN,Emb. 0.8 KG  (aprox.),"20,59€","25,74€ / KG",
PEITO DE FRANGO FATIADO,CAMPO FINO,Emb. 0.2 KG,"1,79€","8,95€ / KG",
PERSIL SABÃO A&B GEL,PERSIL,Emb. 76 DOSES,"22,99€","0,30€ / DOSES",
Detergente Loiça Manual Concentrado Maça,SUPER POP,Emb. 0.7 LT,"1,49€","2,13€ / LT",
Conserva Cogumelos de Paris Laminados Biológicos,,Frasco 0.28 KG,"2,09€","7,46€ / KG",
Polvo Limpo Ultracongelado,,Emb. 0.5 KG,"6,59€","13,18€ / KG",
Tarte de Amêndoa,,1 Unid. = 0.465 KG  (aprox.),"10,99€","23,63€ / KG",
Limonada,SPRINK'S,Emb. 1.5 LT,"1,19€","0,79€ / LT",
MOLHO SOJA DOCE,TABLES DU MONDE,Emb. 0.125 LT,"1,19€","9,52€ / LT",
Gomas Tijolos,COPAÍNS COPINES,Emb. 0.2 KG,"0,99€","4,95€ / KG",
Pão Hamburger,EPI D'OR,Emb. 4 UNID.,"0,99€","0,25€ / UNID.",
Queijo Brie,,1 Unid. = 0.2 KG (aprox.),"6,99€/kg","1,40€ / Unid.",
Champô Cuidado Clássico,TRESEMMÉ,Emb. 0.9 LT,"6,59€","7,32€ / LT",
PRATOS QUADRADOS BIODEGRADAVEIS 26CM 10UN,HOMESIDE,Emb. 10 UNID.,"3,89€","0,39€ / UNID.",
OIKOS AMORA 110G X4,OIKOS,Emb. 0.44 KG,"2,39€","5,43€ / KG",
Tira-Nódoas para Roupa Branca em Gel,SKIP,Emb. 1.6 LT,"6,99€","4,37€ / LT",
Alimento Seco P/ Cão Júnior,PURINA FRISKIES,Emb. 3 KG,"11,69€","3,90€ / KG",
Pêssego em Calda,ECO+,Emb. 0.85 KG,"1,99€","2,34€ / KG",
Café Solúvel Clássico,NESCAFÉ,Emb. 10 SAQ.,"1,55€","0,16€ / SAQ.",
Farinha Express,MAIZENA,Emb. 0.25 KG,"2,69€","10,76€ / KG",
Fusilli sem Glúten,CHAQUE JOUR SANS GLUTEN,Emb. 0.4 KG,"1,49€","3,73€ / KG",
Chá de Ervas Digestão Fácil,LIPTON,Emb. 20 SAQ.,"1,87€","0,09€ / SAQ.",
Aerossol Air Nuvens de Algodão,AMBIPUR,Emb. 0.3 LT,"3,83€","12,77€ / LT",
BOLACHA AMENDOIM,,Emb. 0.26 KG,"2,75€","10,58€ / KG",
FERRO ENGOMAR 2200W,ELSAY,Emb. 1 UNID.,"24,90€","24,90€ / UNID.",
Conserva de Milho Doce Grão,ECO+,Emb. 0.3 KG,"0,80€","2,67€ / KG",
Desentupidor em Gel Forza Canos,MR MUSCLE,Emb. 0.1 LT,"4,09€","40,90€ / LT",
Esparguete,CAÇAROLA,Emb. 0.5 KG,"0,98€","1,96€ / KG",
Espumante Reserva Doce,MURGANHEIRA,Garrafa 0.75 LT,"11,59€","15,45€ / LT",
Sabonete Delicado Care 4 unid.,PALMOLIVE,Emb. 0.09 KG,"3,39€","37,67€ / KG",
CAMA EM PLASTICO PARA CAO PEQ.,P'TIT AMI,Emb. 1 UNID.,"7,98€","7,98€ / UNID.",
Tablete de Chocolate com Recheio Morango,MILKA,Emb. 0.1 KG,"1,57€","15,70€ / KG",
Gel de Banho Black XL,AXE,Emb. 0.4 LT,"3,29€","8,23€ / LT",
BEBIDA AMENDOA BIO,,Emb. 1 LT,"2,49€","2,49€ / LT",
Forquilha Mão 3 Dentes,BEAUX JOURS,Emb. 1 UNID.,"3,59€","3,59€ / UNID.",
Mousse de Chocolate,TABLIER BLANC,Emb. 0.15 KG,"0,79€","5,27€ / KG",
Espuma de Barbear,,,"1,29€",/ Unid.,
Vinho Verde Branco,CASAL GARCIA,Garrafa 0.75 LT,"3,19€","4,25€ / LT",
Conserva de Cogumelos Laminados Da Horta,COMPAL,Emb. 0.29 KG,"0,99€","3,41€ / KG",
BACALHAU A BRAS,CÔTÉ TABLE,Emb. 0.25 KG,"3,99€","15,96€ / KG",
Café Solúvel C/ Bebida Coco Vegan,NESCAFE GOLD,Emb. 0.09 KG,"3,68€","40,89€ / KG",
BANDAS DEPILATORIAS CERA FRIA PELE SENSIVEL ROSTO 32UN,SLISS,Emb. 32 UNID.,"1,84€","0,06€ / UNID.",
Batatas Fritas Doritos Pizza,DORITOS,Emb. 0.14 KG,"1,59€","11,36€ / KG",
Conserva de Grão da Horta,COMPAL,Lata 0.42 KG,"0,99€","2,36€ / KG",
TOALHITAS DESMAQUILHANTES PELES SENSIVEIS COM AGUA MICELAR 25UN,INELL,Emb. 25 UNID.,"0,99€","0,04€ / UNID.",
Bebida à Base de Arroz,NAT&VIE,Emb. 1 LT,"1,29€","1,29€ / LT",
SALPICAO,CAMPO FINO,Emb. 0.28 KG,"3,19€","11,39€ / KG",
DETERGENTE MANUAL LOICA CONCENTRADO HIPOALERG.ECOLOGICO 500ML,UNÍ VERT,Emb. 0.5 LT,"1,49€","2,98€ / LT",
Spray de Limpeza Vidros e Superfícies Brilhantes Power&Shine,CIF,Emb. 0.75 LT,"2,49€","3,32€ / LT",
ALIMENTO HUMIDO FRANGO/CENOURA P/ CAO 1240G,LYDOG,Emb. 1.4 KG,"2,45€","1,75€ / KG",
Mousse Caramelo 4 Unid.,DÉLISSE,Emb. 0.24 KG,"1,75€","7,29€ / KG",
FRANCESINHA,CÔTÉ TABLE,Emb. 0.45 KG,"5,99€","13,31€ / KG",
SACOS LIXO FECHO FACIL 20L,ELEMBAL,Emb. 20 UNID.,"1,05€","0,05€ / UNID.",
Cápsulas de Café Alumínio Nespresso Clássico,SEGAFREDO,Emb. 10 UN,"4,29€","0,43€ / UN",
Penne Rigate,TRADIZIONI D'ITALIA,Emb. 0.5 KG,"1,59€","3,18€ / KG",
LENCOS DE BOLSO 4F ECO,UNÍ VERT,Emb. 15 UNID.,"1,99€","0,13€ / UNID.",
Salsichas Cocktail,TOKAPI,Lata 0.42 KG,"1,89€","4,50€ / KG",
RECARGA P/ ESCOVA DENTES MACIA CABECA RECARRREGAVEL,DENTAMYL,,"1,25€",/ Unid.,
Licor de Ginja,GINJA D' ÓBIDOS,Emb. 0.7 LT,"14,80€","21,14€ / LT",
Faca de Pintor 8Cm,FOXTER,Emb. 1 UNID.,"1,99€","1,99€ / UNID.",
Conserva de Azeitonas Cocktail,RUSTICA,Emb. 0.54 KG,"2,19€","4,06€ / KG",
Snack Chocolate Leite,LION,Emb. 3 UNID.,"2,09€","0,70€ / UNID.",
RATO S/FIO SILENCIOSO PRETO,LINKSTER,Emb. 1 UNID.,"12,95€","12,95€ / UNID.",
Seleção de Frutos Secos,MARQUE REPERE,Emb. 0.33 KG,"5,39€","16,33€ / KG",
Vaporizador de Mão,ELSAY,Emb. 1 UNID.,"29,90€","29,90€ / UNID.",
Detergente Roupa Proteção Cores,WOOLITE,Emb. 30 DOSES,"6,99€","0,23€ / DOSES",
DOSSIER A4 LOMBADA 7CM,ESQUISSE,Emb. 1 UNID.,"1,69€","1,69€ / UNID.",
Mistura Solúvel Café,PLANTATION,Frasco 0.2 KG,"2,39€","11,95€ / KG",
Leite Condensado Magro,DÉLISSE,Emb. 0.37 KG,"1,09€","2,95€ / KG",
Água sem Gás,LUSO,Garrafão 7 LT,"1,89€","0,27€ / LT",
Fralda Cueca T6 +16Kg Eco,MOTS D'ENFANTS,Emb. 18 UNID.,"6,99€","0,39€ / UNID.",
Caldo de Galinha,KNORR,Emb. 0.16 KG,"2,39€","14,94€ / KG",
Conserva de Milho Doce 3x140g,NOTRE JARDIN,Emb. 0.42 KG,"1,58€","3,76€ / KG",
Atum em Óleo Vegetal,BOM PETISCO,Emb. 0.12 KG,"1,26€","10,50€ / KG",
Piaçaba Escovado Cinza,SILLAGE,Emb. 1 UNID.,"5,99€","5,99€ / UNID.",
Leite UHT Magro,MATINAL,Emb. 1 LT,"1,09€","1,09€ / LT",
Refrigerante sem Gás Ananás,FRUTIS,Emb. 1.5 LT,"1,15€","0,77€ / LT",
Iced Tea Limão,NESTEA,Garrafa 1.5 LT,"1,00€","0,67€ / LT",
Arroz Agulha,PATO REAL,Emb. 1 KG,"1,18€","1,18€ / KG",
Pantene Volume & Brilho Máscara 160 ml,PANTENE PV,Emb. 0.16 LT,"4,49€","28,06€ / LT",
Leite Crescimento Júnior 3+,NESTLÉ,Emb. 1 LT,"2,19€","2,19€ / LT",
Barras de Cereais Trigo Integral C/ Leite 6 Unid.,GOLDEN GRAHAMS,Emb. 0.15 KG,"3,19€","21,27€ / KG",
Tampões com Aplicador Pearl Regular,TAMPAX,Emb. 24 UNID.,"4,94€","0,21€ / UNID.",
Toalhitas WC Criança Perfurmada,MOTS D'ENFANTS,Emb. 60 UNID.,"1,35€","0,02€ / UNID.",
Caldo Galinha 16 Cubos,MAGGI,Emb. 0.16 KG,"2,09€","13,06€ / KG",
Pão de Forma Integral sem Côdea,EPI D'OR,Emb. 0.45 KG,"2,09€","4,64€ / KG",
Cotonetes Stoppers Bebé,MOTS D'ENFANTS,Emb. 50 UNID.,"0,48€","0,01€ / UNID.",
Azeite virgem,GALLO,Emb. 3 LT,"15,89€","5,30€ / LT",
Iogurte Soja Frutos Vermelhos 4 Unid.,NAT&VIE,Emb. 0.4 KG,"1,49€","3,73€ / KG",
Iogurte Líquido Cálcio 8x100 g,DÉLISSE,Emb. 0.8 KG,"1,99€","2,49€ / KG",
Pão Maxi Burguer 4 Unidades,BIMBO,Emb. 0.3 KG,"1,68€","5,60€ / KG",
Batatas Fritas Lisas Camponesas,POM'LISSE,Emb. 0.2 KG,"1,19€","5,95€ / KG",
Esfregão Regular,BRAVO,Emb. 1 P,"0,95€","0,95€ / P",
Esfregão Fibra Verde Classic XXL,SCOTCH BRITE,Emb. 1 UNID.,"0,99€","0,99€ / UNID.",
Vinagre Balsâmico de Modena Gourmet,GALLO,Emb. 0.25 LT,"2,16€","8,64€ / LT",
DOCE EXTRA MIRTILO LIGHT,DOUCEUR DU VERGER,Emb. 0.34 KG,"1,99€","5,85€ / KG",
Desodorizante Roll-On Pepino 0%Alumínio,DOVE,Emb. 0.05 LT,"2,84€","56,80€ / LT",
DETERGENTE LIQUIDO F. LARANJEIRA /ALOE VERA ATIVOS VEGETAIS 50D,XÉOR,,"4,99€",/ Unid.,
Biscoitos de Canela,P'TIT DÉLI,Emb. 0.5 KG,"1,98€","3,96€ / KG",
Bloco sanitário power 5 duo pack ocean,DOMESTOS,Emb. 0.11 KG,"2,74€","24,91€ / KG",
Alimento Seco P/ Gato Coelho Frango,PURINA FRISKIES,Emb. 2 KG,"7,99€","4,00€ / KG",
Sardinha Grande,,1 Unid. = 0.15 KG (aprox.),"4,99€/kg","0,75€ / Unid.",
MINI CANETA CORRETORA 3UN,ESQUISSE,Emb. 3 UNID.,"0,99€","0,33€ / UNID.",
Cereais Pétalas Trigo Chocolate,P'TIT DÉLI,Emb. 0.4 KG,"1,34€","3,35€ / KG",
Salsichas Estrasburgo 10 Unid.,TRADILÈGE,Emb. 0.35 KG,"2,19€","6,26€ / KG",
Vinagre de Vinho Branco,RUSTICA,Garrafa 0.75 LT,"0,65€","0,87€ / LT",
Recarga para Difusor Automático Delicias de Verão,AIRWICK,Emb. 0.019 LT,"3,59€","188,95€ / LT",
Tablete Chocolate 70% Cacau,LA CASA,Emb. 0.1 KG,"1,64€","16,40€ / KG",
VINAGRE BALSAMICO BRANCO,RUSTICA,Emb. 0.025 LT,"1,69€","67,60€ / LT",
CRISTAIS SODA 500G CLAIR,CLAIR,Emb. 0.5 KG,"1,99€","3,98€ / KG",
Molho de Tomate com Azeitonas e Manjericão,TURINI,Emb. 0.42 KG,"1,45€","3,45€ / KG",
VASSOURA BORRACHA INTER/EXT,SILLAGE,Emb. 1 UNID.,"2,89€","2,89€ / UNID.",
Alimento Seco P/ Gato de Salmão,PURINA,Emb. 1.5 KG,"11,40€","7,60€ / KG",
Gel Studio Line Indestructible Extremo 9,L'ORÉAL PARIS,Emb. 0.15 LT,"5,98€","39,87€ / LT",
Galetes de 4 Cereais Biológicas,,Emb. 0.13 KG,"0,99€","7,62€ / KG",
Detergente Manual Loiça Concentrado Original,FAIRY,Emb. 0.78 LT,"2,69€","3,45€ / LT",
Massa Estrelinhas,TURINI,Emb. 0.25 KG,"0,55€","2,20€ / KG",
PAPEL VEGETAL EM FOLHAS 30UN,ELEMBAL,Emb. 30 UNID.,"1,39€","0,05€ / UNID.",
Leite Bem Essencial C/ Sabor a Cereais,MIMOSA,Emb. 0.8 LT,"1,69€","2,11€ / LT",
Robalo Cal. 200/300,,1 Unid. = 0.4 KG (aprox.),"7,49€/kg","3,00€ / Unid.",
Pão Torrado Integral Biológico,,Emb. 0.25 KG,"1,95€","7,80€ / KG",
Tempero de Alho & Coentros 8 Cubos,KNORR,Emb. 0.072 KG,"1,49€","20,69€ / KG",
Miolo Camarão Grande Cozido 40/60 Ultracongelado,PESCANOVA,Emb. 0.2 KG,"8,99€","44,95€ / KG",
Champô Sólido Bio,BIONAÏA,Emb. 0.085 KG,"4,99€","58,71€ / KG",
COTONETES ALGODAO C/ CAIXA DE TAMPA,INELL,Emb. 16 UNID.,"1,15€","0,07€ / UNID.",
Puré Maçã Ameixa S/ Adição Açúcar 4 Unid.,DOUCEUR DU VERGER,Emb. 0.4 KG,"1,59€","3,98€ / KG",
VELA NUMERO - 4,ARDENCE,Emb. 1 UNID.,"0,89€","0,89€ / UNID.",
Patê Fiambre Sólo Natural,LA PIARA,Emb. 0.077 KG,"1,29€","16,75€ / KG",
Mousse Liégeoise de Chocolate 8X80g,DÉLISSE,Emb. 0.64 KG,"2,79€","4,36€ / KG",
Vinho Regional Dão Branco,GRÃO VASCO,Garrafa 0.75 LT,"3,95€","5,27€ / LT",
Pão de Forma Especial Torradas,BIMBO,Emb. 0.7 KG,"1,85€","2,64€ / KG",
MINI PETIT GATEAU CHOCOLATE 8UN,AUTOUR DU DESSERT,Emb. 0.192 KG,"4,49€","23,39€ / KG",
Creme Hidratante Dia Age Perfect,DERMO EXPERTISE,Emb. 0.05 LT,"15,89€","317,80€ / LT",
Sumo Maçã e Pêssego C/ Gás S/ Álcool,GIBUS,Emb. 0.75 LT,"2,49€","3,32€ / LT",
MOLHO PARA BATATAS FRITAS,RUSTICA,Emb. 0.255 KG,"1,39€","5,45€ / KG",
"GEL DUCHE ""ROMA/PAEONIA"" CONCENTRADO",NATEIS,,"1,85€",/ Unid.,
PATE PEIXE/CENOURA P/ GATO 410G,ECO+,Emb. 0.41 KG,"0,65€","1,59€ / KG",
COUVE DE BRUXELAS CONGELADAS,NOTRE JARDIN,Emb. 1 KG,"1,59€","1,59€ / KG",
FORMA PAO DE LÓ C/ CANO Nº. 26,ECO+,Emb. 1 UNID.,"3,98€","3,98€ / UNID.",
Espuma Barbear Extra Hidratante,NIVEA MEN,Emb. 0.2 LT,"3,59€","17,95€ / LT",
Conserva de Salsichas 8 Unid.,IZIDORO,Lata 0.2 KG,"1,24€","6,20€ / KG",
Alimento Seco P/ Gatos Esterilizados Peru e Legumes,PURINA FRISKIES,Emb. 3 KG,"7,79€","2,60€ / KG",
Chá Cherry Love,LIPTON,Emb. 20 SAQS,"1,84€","0,09€ / SAQS",
Bolacha B-ready 6Unid.,NUTELLA,Emb. 0.132 KG,"2,62€","19,85€ / KG",
Tablete de Chocolate Caramelo,MILKA,Emb. 0.1 KG,"1,55€","15,50€ / KG",
LENCOS BOLSO 4F ALOE VERA,CARESSE,Emb. 12 UNID.,"1,89€","0,16€ / UNID.",
Desodorizante Creme,DOVE,Emb. 0.05 LT,"2,84€","56,80€ / LT",
"MINAS P/LAPISEIRA HB 0,7MM 2UN",ESQUISSE,Emb. 2 UNID.,"0,84€","0,42€ / UNID.",
Camarão Cozido Cal. 60/80,,1 Unid. = 0.28 KG (aprox.),"10,99€/kg","3,08€ / Unid.",
MIOLO DE CAMARAO SKIN PACK 100/200,PÊCHE OCÉAN,Emb. 0.16 KG,"2,99€","18,69€ / KG",
Fraldas Activity T4 Extra 9-15 Kg,DODOT,Emb. 52 UNID.,"13,29€","0,26€ / UNID.",
Bolachas Maçã,NAT&VIE,Emb. 0.2 KG,"1,69€","8,45€ / KG",
PRATO + NAPERON 32CM,,Emb. 1 UNID.,"0,69€","0,69€ / UNID.",
Sidra Normand Brut,LES GOELLERIES,Garrafa 0.75 LT,"2,19€","2,92€ / LT",
Arroz Semi Integral,,Emb. 0.5 KG,"1,19€","2,38€ / KG",
Salsichão Seco,ST AZAY,Emb. 0.3 KG,"3,99€","13,30€ / KG",
Garrafão de Moscatel em Palha,DORRÃO,Emb. 2 L,"12,99€","6,50€ / L",
Limpa Churrasqueiras e Recuperadores de Calor,MISTOLIN,Emb. 0.5 LT,"4,84€","9,68€ / LT",
TOALHITAS HIGIENE INTIMA,DOULYS,Emb. 20 UNID.,"0,79€","0,04€ / UNID.",
DOVE Sabonete Líquido para as Mãos Recarga,DOVE,Emb. 0.5 LT,"2,99€","5,98€ / LT",
"Chá Verde com Guaraná, Canela e Cardamono",LIPTON,Emb. 0.032 KG,"1,74€","54,38€ / KG",
Gelado Stracciatella,ESKISS,Emb. 0.9 LT,"2,99€","3,32€ / LT",
Alimento Húmido P/ Cão Paté Borrego,TOUS MES AMIS,Emb. 0.3 KG,"0,79€","2,63€ / KG",
Escova de Dentes Slim Soft Suave,COLGATE,Emb. 1 UNID.,"3,48€","3,48€ / UNID.",
Dobrada de Feijão Branco,NOBRE,Lata 0.42 KG,"1,76€","4,19€ / KG",
Vinho Verde Branco,AVELEDA,Emb. 0.075 LT,"3,39€","45,20€ / LT",
Alimento Húmido P/ Gato Mixed Grill,FELIX,Emb. 0.06 KG,"1,75€","29,17€ / KG",
Menu Saquetas Carne em Gelatina 12X100G,LYCAT,Emb. 12 UNID.,"3,99€","0,33€ / UNID.",
Pintarolas,EPA,Emb. 0.6 LT,"2,99€","4,98€ / LT",
"Bolachas Digestivas Finas de Aveia, Pedaços de Chocolate e Arandos",THINS,Emb. 0.27 KG,"2,39€","8,85€ / KG",
Vinho Regional Douro Tinto,MONTES ERMOS,Garrafa 0.75 LT,"4,39€","5,85€ / LT",
Sumo 100% Toranja,JAFADEN,Emb. 1 LT,"1,99€","1,99€ / LT",
Pizza Legumes Queijo,NOBRE VEGALIA,Emb. 0.36 KG,"4,39€","12,19€ / KG",
MAQ.BARBEAR 3 LAMINAS DESCARTAVEL,CARRÉ HOMME,,"3,09€",/ Unid.,
Alimento Seco Cão Vaca Aves,LYDOG,Emb. 14 KG,"18,90€","1,35€ / KG",
Iogurte Líquido Morango Framboesa 4x155g,CORPOS DANONE,Emb. 0.62 KG,"1,69€","2,73€ / KG",
Água S/ Gás 6 Unid.,ECO+,Garrafa 9 LT,"1,50€","0,17€ / LT",
Refrigerante C/ Gás Laranja,ECO+,Garrafa 2 LT,"0,79€","0,40€ / LT",
Douradinhos Ultracongelados de Frango Pré-Fritos,IGLO,Emb. 0.25 KG,"4,99€","19,96€ / KG",
MARCADOR PRETO P/QUADRO BRANCO 2UN,ESQUISSE,Emb. 2 UNID.,"1,39€","0,70€ / UNID.",
Galão São Lourenço,UCAL,Emb. 1 LT,"1,79€","1,79€ / LT",
Aguardente Aldeia Velha 70cl,,,"14,99€",/ Unid.,
Iogurte Bifidus de Pessego S/ Lactose 0% 4 Unid.,DANONE,Emb. 0.48,"2,19€","4,56€ /",
MÁQUINA BARBEAR DESCARTAVEIS 2 LAMINAS,CARRÉ HOMME,Emb. 10 UNID.,"1,59€","0,16€ / UNID.",
MOLHO DE COGUMELOS DESIDRATADO,RUSTICA,Emb. 0.027 KG,"0,45€","16,67€ / KG",
Champô Karité Óleo Côco Cabelos Muito Secos,NATEIS,Emb. 0.25 LT,"1,69€","6,76€ / LT",
Vinho Regional Alentejo Branco,GALITOS,Garrafa 0.75 LT,"1,99€","2,65€ / LT",
Chá de Camomila e Erva Príncipe,LIPTON,Emb. 20 SAQS,"1,84€","0,09€ / SAQS",
Café Cápsulas Qalidus Intensidade 10,DELTA,Emb. 10 CAPS.,"3,39€","0,34€ / CAPS.",
Conserva de Salsichas 8 Unid.,IZIDORO,Frasco 0.65 KG,"3,14€","4,83€ / KG",
Carvão Vegetal Artesanal,,Emb. 10 KG,"9,99€","1,00€ / KG",
GELEIA MARMELO 345G,CASA MATEUS,Emb. 0.345 KG,"2,47€","7,16€ / KG",
Croissant Brioche,,1 UNID.,"0,65€","0,65€ / UNID.",
Água com Gás 6x25 cl,PEDRAS SALGADAS,Emb. 1.5 LT,"2,69€","1,79€ / LT",
ALICATE MULTIPLO 250 MM,FOXTER,Emb. 1 UNID.,"7,99€","7,99€ / UNID.",
Escova de Dentes 3-5 anos,ORAL B,Emb. 1 UNID.,"2,24€","2,24€ / UNID.",
Snack de Chocolate,KIT KAT,Emb. 0.041 KG,"0,74€","18,05€ / KG",
Bombons de Chocolate Leite Recheio de Marshmallow,COPAÍNS COPINES,Emb. 0.2 KG,"1,49€","7,45€ / KG",
Iogurte Natural 12x125g,DÉLISSE,Emb. 1.5 KG,"1,99€","1,33€ / KG",
Cola Cyano,FOXTER,Emb. 0.01 KG,"2,39€","239,00€ / KG",
Paté para Cão de Vaca e Coração,TOUS MES AMIS,Emb. 0.3 KG,"0,79€","2,63€ / KG",
DETERGENTE CAPSULAS 3 EM 1 ORIENTE P/ROUPA,EPSIL,,"4,99€",/ Unid.,
GEL ANTI-CALCARIO 750ML,TEXIL,Emb. 0.75 KG,"2,28€","3,04€ / KG",
Maionese Magra,CALVÉ,Emb. 0.447 KG,"2,89€","6,47€ / KG",
CEREAIS BOLAS DE MEL BIO,,,"1,99€",/ Unid.,
Bebida de Coco 0%,SHOYCE,Emb. 1 LT,"2,39€","2,39€ / LT",
BOLACHA MARIA,P'TIT DÉLI,,"1,49€",/ Unid.,
ESPUMA CABELO ESPECIAL CARACOIS 200ML,VITANOVE,Emb. 0.2 LT,"1,09€","5,45€ / LT",
RECARGAS MOPA 40,CLAIR,Emb. 40 UNID.,"2,75€","0,07€ / UNID.",
SUMO MACA -30% ACUCAR,JAFADEN,,"1,29€",/ Unid.,
Queijo Mistura Vaca e Ovelha Pequeno,PAIVA,Emb. 0.5 KG (aprox.),"5,99€","11,98€ / KG",
Tablete Chocolate Preto para Culinária,TABLETTE D'OR,Emb. 0.2 KG,"1,09€","5,45€ / KG",
Aguardente Vínica Velha,SÃO DOMINGOS,Emb. 0.7 LT,"12,69€","18,13€ / LT",
Cookies de Chocolate com Pepitas Chocolate Biológicas,,Emb. 0.2 KG,"1,89€","9,45€ / KG",
Recarga para Difusor Automático Lavanda e Jasmim,BRISE,Emb. 1 UNID.,"3,59€","3,59€ / UNID.",
Queijo Mozzarella,LES CROISÉS,Emb. 0.125 KG,"0,99€","7,92€ / KG",
TORRADEIRA 2 FENDAS,ECO+,Emb. 1 UNID.,"12,90€","12,90€ / UNID.",
Ananás em Calda,FRUÍSTAR,Emb. 0.825 KG,"2,49€","3,02€ / KG",
Gel de Banho Hidratante Baby Rich Moisture,BABY DOVE,Emb. 0.4 LT,"3,29€","8,23€ / LT",
Sabão Marselha Cubo,EPSIL,,"1,59€",/ Unid.,
Tortellini de Carne,KNORR,Emb. 0.25 KG,"2,99€","11,96€ / KG",
Chá Preto Yellow,LIPTON,Emb. 20 SAQ.,"0,94€","0,05€ / SAQ.",
Bombay Dry Gin Original,BOMBAY,Garrafa 0.7 LT,"15,98€","22,83€ / LT",
Bolo de Marmore Chocolate,P'TIT DÉLI,Emb. 0.3 KG,"2,19€","7,30€ / KG",
Massa Tomate e Mozzarella,KNORR,Emb. 0.072 KG,"2,09€","29,03€ / KG",
IOGURTE LIQUIDO NATURAL ACUCARADO,DÉLISSE,Emb. 1 KG,"2,29€","2,29€ / KG",
Cerveja C/ Álcool,CARLSBERG,Lata 0.033 LT,"0,74€","22,42€ / LT",
Cereais de Milho S/ Glúten Corn Flakes,NESTLÉ,Emb. 0.375 KG,"2,24€","5,97€ / KG",
Patê Bocadelia de Caranguejo,LA PIARA,Frasco 0.17 KG,"2,24€","13,18€ / KG",
Champô Extra Suave,MANAVA,Emb. 0.5 LT,"2,29€","4,58€ / LT",
Café Cápsulas Selezionato Intensidade 7,PLANTATION,Emb. 10 CAPS.,"2,09€","0,21€ / CAPS.",
Refeição Vegalia Caril de Grão Vegan,NOBRE VEGALIA,Emb. 0.42 KG,"3,34€","7,95€ / KG",
Iogurte Déli Light 4 Sabores 12x125g,DÉLISSE,Emb. 1.5 KG,"2,69€","1,79€ / KG",
Compota de Fruta de Maçã sem Adição de Açúcares 4x100g,DOUCEUR DU VERGER,Emb. 0.4 KG,"1,39€","3,48€ / KG",
DOCE TEMPORADA ABÓBORA 350G,CASA MATEUS,Emb. 0.35 KG,"2,69€","7,69€ / KG",
Laca Elnett Latin Fixação Extra Forte,L'ORÉAL PARIS,Spray 0.3 LT,"5,98€","19,93€ / LT",
Absorvente Branco para Gato Aglomerante,TOUS MES AMIS,Emb. 4 LT,"2,99€","0,75€ / LT",
Cereais C/ Aveia e Maçã,NESTUM,Emb. 0.25 KG,"2,15€","8,60€ / KG",
ACUCAR BAUNILHA X10 SAQUETAS,TABLIER BLANC,Emb. 0.075 KG,"1,59€","21,20€ / KG",
BATOM NUTRE E PROTEGE BIO,BIONAÏA,Emb. 1 UNID.,"2,25€","2,25€ / UNID.",
PREPARADO LACTEO PARA SANDWICH FATIAS,ECO+,Emb. 0.4 KG,"3,19€","7,98€ / KG",
Néctar Vital Frutos Vermelhos,COMPAL,Emb. 1 LT,"1,59€","1,59€ / LT",
Bolachas de Água e Sal,VIEIRA,Emb. 0.125 KG,"0,89€","7,12€ / KG",
Guardanapos 2F 40x40,MARQUE REPERE,Emb. 90 UNID.,"2,39€","0,03€ / UNID.",
Champô Cabelo Ultra Suave Delicadeza de Aveia,GARNIER,Emb. 0.25 LT,"3,55€","14,20€ / LT",
Cápsulas Leite Achocolatado Nesquik,DOLCE GUSTO,Emb. 16 CAPS.,"5,95€","0,37€ / CAPS.",
Cápsulas Café Macchiato Caramelo P/ Dolce Gusto,STARBUCKS,Emb. 12 CAPS.,"5,38€","0,45€ / CAPS.",
Elixir Triple Action,COLGATE,Emb. 0.5 LT,"4,89€","9,78€ / LT",
Sidra com Álcool de Maça 50cl,SOMERSBY,Emb. 0.5 LT,"1,24€","2,48€ / LT",
PEITO DE PERU FATIAS FINAS,CAMPO FINO,Emb. 0.15 KG,"1,49€","9,93€ / KG",
CARVAO PREMIUM,,Emb. 5 KG,"5,99€","1,20€ / KG",
Bolachas Recheadas Baunilha,ECO+,Emb. 0.5 KG,"1,39€","2,78€ / KG",
Pizza Carbonara,CAMPOFRIO,Emb. 0.36 KG,"3,39€","9,42€ / KG",
Saboneteira Branco,SILLAGE,Emb. 1 UNID.,"1,59€","1,59€ / UNID.",
Wafers Enroladas Cobertas Chocolate de Leite,P'TIT DÉLI,Emb. 0.125 KG,"1,49€","11,92€ / KG",
Ovos Solo L,SNR,Emb. 12 UNID.,"2,49€","0,21€ / UNID.",
Chá de Camomila,,Emb. 25 SAQ.,"0,79€","0,03€ / SAQ.",
Molho Wok,PALADIN,Emb. 0.25 LT,"2,19€","8,76€ / LT",
Chouriço Mouro Terras de Xisto,SNR,Emb. 0.25 KG,"2,79€","11,16€ / KG",
Preparado de Arroz de Marisco,PESCANOVA,Emb. 0.5 KG,"4,99€","9,98€ / KG",
Néctar Vital Equilíbrio Manga Maracujá,COMPAL,Emb. 1 LT,"1,59€","1,59€ / LT",
Edulcorante de Mesa,CANDEREL,Emb. 0.09 KG,"2,99€","33,22€ / KG",
Néctar de Pera Rocha Clássico,COMPAL,Emb. 0.33 LT,"0,79€","2,39€ / LT",
Sumo Maçã,JAFADEN,Emb. 1 LT,"0,69€","0,69€ / LT",
Gelatina em Pó Ananás 2x85g,TABLIER BLANC,Emb. 0.17 KG,"0,85€","5,00€ / KG",
Tampões com Aplicador Pearl Super Plus,TAMPAX,Emb. 24 UNID.,"4,94€","0,21€ / UNID.",
Macarrão,ECO+,Emb. 1 KG,"1,29€","1,29€ / KG",
Atum em Posta,BOM PETISCO,Emb. 0.385 KG,"4,26€","11,06€ / KG",
ÁGUA MICELAR C/ ÁGUA DE ROSAS 400ML,GARNIER,,"7,89€",/ Unid.,
Desodorizante Roll-On Tropical 48H,REXONA,Emb. 0.05 LT,"2,69€","53,80€ / LT",
Bolachinhas de Manteiga sem Glúten,CHAQUE JOUR SANS GLUTEN,Emb. 0.13 KG,"1,89€","14,54€ / KG",
"ATUM EM AZEITE, 120G",TENÓRIO,Emb. 0.12 KG,"2,14€","17,83€ / KG",
Vinho Regional Alentejo Branco,REGUENGOS,Garrafa 0.75 LT,"2,39€","3,19€ / LT",
"SYOSS KERATIN MOUSSE,,250ML",SYOSS,Emb. 0.25 LT,"3,24€","12,96€ / LT",
ELIXIR BOCAL EXPERT SENSITIVE,DENTAMYL,Emb. 0.5 LT,"1,29€","2,58€ / LT",
COGUMELOS FERBAR INTEIRO 290G,FERBAR,Emb. 0.29 KG,"1,33€","4,59€ / KG",
DENTIFRICO CARVAO BIO,BIONAÏA,Emb. 0.075 LT,"1,99€","26,53€ / LT",
MOLHO SALADAS C/ ERVAS FINAS,RUSTICA,Emb. 0.5 LT,"0,84€","1,68€ / LT",
BEBIDA AMENDOA S/ACUCAR,ALPRO,Emb. 1 LT,"2,39€","2,39€ / LT",
CERA LIQUIDA CASTANHA 75ML,LA VACHETTE,Emb. 0.075 LT,"2,15€","28,67€ / LT",
QUEIJO P/ BARRAR LIGHT,LES CROISÉS,Emb. 0.15 KG,"0,79€","5,27€ / KG",
Ambientador Micado Stick Up Muddle Wine,AIR WICK,Emb. 0.05 LT,"7,19€","143,80€ / LT",
Desodorizante Roll-On Rosa e Aloe Vera,BIONAÏA,Emb. 0.05 LT,"0,99€","19,80€ / LT",
HAMBURGUER DE PORCO 4UN,CHANTEGRIL,Emb. 0.32 KG,"1,79€","5,59€ / KG",
SUMO MULTIFRUTOS -30% ACUCAR,JAFADEN,,"1,59€",/ Unid.,
Snack P/ Cão Sticks C/ Aroma a Búfalo,PURINA,Emb. 0.09 KG,"1,59€","17,67€ / KG",
BLOCO SANITARIO C/LIXIVIA 2UN,SYPHON,Emb. 2 UNID.,"1,29€","0,65€ / UNID.",
Gelatina Morango 4 Unid.,ROYAL,Emb. 0.4 KG,"1,39€","3,48€ / KG",
Café Solúvel Puro Colombia Suave,NESCAFÉ,Emb. 0.1 KG,"6,29€","62,90€ / KG",
Madalenas em Conchas com Ovos Frescos,P'TIT DÉLI,Emb. 0.25 KG,"1,29€","5,16€ / KG",
Cereais Aveia e Morango,NESTUM,Emb. 0.25 KG,"2,09€","8,36€ / KG",
Grelos Mil Folhas Ultracongelados,BONDUELLE,Emb. 0.4 KG,"2,24€","5,60€ / KG",
Queijo Fatiado Flamengo 2X200 g,TERRA NOSTRA,Emb. 0.4 KG,"4,39€","10,98€ / KG",
Refrigerante S/ Gás Pêssego/Damasco,JAFUN,Emb. 2 LT,"1,89€","0,95€ / LT",
Gel Sanitário Harpic Liquido Força do Oceano,,Emb. 0.75 LT,"1,94€","2,59€ / LT",
Espumante de Melão,BAR ROYAL,Garrafa 0.75 LT,"3,95€","5,27€ / LT",
ROLO COZINHA COMPACTO MULTIUSOS ECO,UNÍ VERT,Emb. 2 UNID.,"2,59€","1,30€ / UNID.",
Cappuccino Mocha,NESCAFÉ,Emb. 8 SAQ.,"3,18€","0,40€ / SAQ.",
Mil Folhas,,1 Unid. = 0.1 KG,"0,90€","9,00€ / KG",
CREPES SIMPLES DA BRETANHA,NOS RÉGIONS ONT DU TALENT,Emb. 0.085 KG,"1,99€","23,41€ / KG",
Nata UHT,GRESSO,Emb. 0.2 LT,"0,84€","4,20€ / LT",
Alimento Húmido Gato Completo Delícias do Mar 3x400 g,TOUS MES AMIS,Emb. 3 KG,"2,69€","0,90€ / KG",
"Água sem Gás 6x1,5 L",LUSO,Emb. 9 LT,"3,09€","0,34€ / LT",
Miolo de Camarão Ultracongelado,PESCANOVA,Emb. 0.2 KG,"7,19€","35,95€ / KG",
Esparguete s/glúten,CHAQUE JOUR SANS GLUTEN,Emb. 0.4 KG,"1,49€","3,73€ / KG",
MORTADELA COM AZEITONA FATIADA,CAMPO FINO,Emb. 0.2 KG,"0,99€","4,95€ / KG",
Gengibre moído,MARGÃO,Emb. 0.022 KG,"1,59€","72,27€ / KG",
Cappuccino,PLANTATION,Emb. 16 CAPS.,"2,44€","0,15€ / CAPS.",
Cereais Bolacha Maria,NESTUM,Emb. 0.25 KG,"2,15€","8,60€ / KG",
ABRASIVO SANITARIO MARINHO ACTIV EFFECT 750ML,SYPHON,Emb. 0.75 LT,"0,99€","1,32€ / LT",
Canela Pau,MARGÃO,Emb. 0.03 KG,"2,79€","93,00€ / KG",
Bolacha Integral Integralis,VIEIRA,Emb. 0.18 KG,"1,89€","10,50€ / KG",
PILHAS ALCALINAS LR14 TECH+,FOXTER,Emb. 2 UNID.,"3,29€","1,65€ / UNID.",
DETERGENTE MANUAL LOICA ULTRA FRAMBOESA/VINAGRE FRUTOS 500ML,VISIOR,Emb. 0.5 LT,"0,69€","1,38€ / LT",
Desodorizante Narta Men IceMax Roll On,GARNIER,Emb. 0.05 LT,"3,95€","79,00€ / LT",
Bebida Energética Energy Drink 4x25cl,RED BULL,Emb. 1 LT,"5,39€","5,39€ / LT",
AIRWICK AMBIENTADOR RECARGA WHITE BOUQUET,AIRWICK,Emb. 0.02 LT,"4,79€","239,50€ / LT",
Borracha com Proteção,ESQUISSE,Emb. 2 UNID.,"0,89€","0,45€ / UNID.",
Bolachas Cobertas Chocolate Leite,MILKA,Emb. 0.15 KG,"2,45€","16,33€ / KG",
LIMPA VIDROS AUTO 1 L 1L TECH9,TECH9,Emb. 1 LT,"1,19€","1,19€ / LT",
Body Lotion Refirmante em 2 Semanas Q10,NIVEA,Emb. 0.25 LT,"4,99€","19,96€ / LT",
Queijo Flamengo Light Fatiado,MIMOSA,Emb. 0.2 KG,"2,49€","12,45€ / KG",
Café Delta Moido Máquina Lote Chávena,DELTA,Emb. 0.25 KG,"2,29€","9,16€ / KG",
Chá Verde e Limão Light,TISANA,Garrafa 1.5 LT,"1,49€","0,99€ / LT",
FAIRY MAO ULTRA PODER LIMAO 600ML,,Emb. 0.6 LT,"2,04€","3,40€ / LT",
Raspador 16Cm,BEAUX JOURS,Emb. 1 UNID.,"7,11€","7,11€ / UNID.",
LACOS SECOS,P'TIT DÉLI,Emb. 0.18 KG,"1,59€","8,83€ / KG",
Feijão Verde Muito Fino Ultracongelados,,Emb. 1 KG,"1,39€","1,39€ / KG",
CANETA ROLLER GEL CORES SORTIDAS 3UN,ESQUISSE,Emb. 3 UNID.,"1,65€","0,55€ / UNID.",
Cuscus Clássica,NACIONAL,Emb. 0.25 KG,"0,68€","2,72€ / KG",
TARTELETES PURA MANTEIGA C/ RECHEIO CARAMELO E COB CHOCOLATE LEITE,P'TIT DÉLI,Emb. 0.127,"1,39€","10,94€ /",
VINAGRE LIMPEZA LIMAO,CLAIR,Emb. 1 LT,"0,79€","0,79€ / LT",
CREME DE CENOURA,REGAL SOUPE,Emb. 0.35 KG,"1,69€","4,83€ / KG",
Acendalhas de Madeira Cubos,SILEX,Emb. 28 UNID.,"0,89€","0,03€ / UNID.",
Dourada Cal. 400/600,,1 Unid. = 0.42 KG (aprox.),"6,99€/kg","2,94€ / Unid.",
Argolas do Mar Ultracongelado,PESCANOVA,Emb. 0.4 KG,"3,99€","9,98€ / KG",
CREME GORDO 1L,INELL,Emb. 1 LT,"12,99€","12,99€ / LT",
MISTURA DE FRUTOS TROPICAL EM CALDA 4/4,DOUCEUR DU VERGER,Emb. 0.825 KG,"3,19€","3,87€ / KG",
PREPARADO PARA BOLO FOFO PRONTO A COZER,TABLIER BLANC,Emb. 0.5 KG,"2,89€","5,78€ / KG",
Couscous Semi Integrais,,Emb. 0.5 KG,"1,59€","3,18€ / KG",
"PULVERIZADOR MANUAL 1,5L",BEAUX JOURS,Emb. 1 UNID.,"3,49€","3,49€ / UNID.",
5 em 1 Glade Vanilla,BRISE,Spray 0.3 LT,"1,54€","5,13€ / LT",
Pescada Chilena N.º3 Congelado,,1 Unid. = 1 KG (aprox.),"6,99€/kg","6,99€ / Unid.",
Pacotinho de Frutas S/ Glúten,NESTLÉ BEBÉ,Emb. 0.09 KG,"0,99€","11,00€ / KG",
ESFREGAO C/ ESPONJA,ECO+,,"1,59€",/ Unid.,
Fermento de Padeiro 6x5g,TABLIER BLANC,Emb. 0.03 KG,"1,29€","43,00€ / KG",
Batatas Fritas Lisas,POM'LISSE,Emb. 0.2 KG,"1,19€","5,95€ / KG",
Néctar Tutti Frutti,JAFADEN,Emb. 1 LT,"0,99€","0,99€ / LT",
FEIJAO BRANCO LATA MGUIA,NOTRE JARDIN,Emb. 0.425 KG,"0,75€","1,76€ / KG",
BOLA FUTEBOL T5,WOODSUN,Emb. 1 UNID.,"4,99€","4,99€ / UNID.",
Red Bull,RED BULL,Lata 0.355 LT,"1,89€","5,32€ / LT",
Sumo de Uva,ECO+,Emb. 1 LT,"0,99€","0,99€ / LT",
Conserva de Salsichas Hot Dog 4 Unid.,IZIDORO,Frasco 0.25 KG,"2,19€","8,76€ / KG",
BL1 LED CHAMA 3.2W - 25W E14,FOXTER,Emb. 1 UNID.,"2,59€","2,59€ / UNID.",
Coloração 1-0 PRETO 16X3,SYOSS,,"4,99€",/ Unid.,
Presunto Fatiado 2x75g,DAMATTA,Emb. 0.15 KG,"3,89€","25,93€ / KG",
Desodorizante Deo Spray Bio-Eficácia 48H Narta,GARNIER,Emb. 0.2 LT,"3,95€","19,75€ / LT",
QJ MINI MOZZA 150G,LES CROISÉS,Emb. 0.15 KG,"1,79€","11,93€ / KG",
Bolachas Wafer com Recheio Chocolate,ECO+,Emb. 0.19 KG,"0,79€","4,16€ / KG",
Conserva de Salsichas Bockwurst 5 Unid.,CÔTÉ TABLE,Frasco 0.25 KG,"1,49€","5,96€ / KG",
BOLINHOS IOGURTE C/ BASE CHOCOLATE 7UN POCKET,P'TIT DÉLI,Emb. 0.21 KG,"2,29€","10,90€ / KG",
Cereais de Chocolate C/ Pepitas,COOKIE CRISP,Emb. 0.375 KG,"2,92€","7,79€ / KG",
Toucinho Fumado,,1 Unid. = 0.12 KG (aprox.),"10,99€/kg","1,32€ / Unid.",
Desodorizante Bergamota e Pimenta Rosa Spray,AXE,Emb. 0.15 LT,"3,29€","21,93€ / LT",
PIZZA BOLONHESA 3UN,TURINI,Emb. 1.05 KG,"5,49€","5,23€ / KG",
Desodorizante Spray Suave,MANAVA,Emb. 0.2 LT,"1,24€","6,20€ / LT",
FILETES DE CAVALA COM TOMATE E MANJERICAO,PÊCHE OCÉAN,Emb. 0.16 KG,"1,59€","9,94€ / KG",
Desodorizante Spray Mulher Biorythm,REXONA,Emb. 0.15 LT,"2,39€","15,93€ / LT",
"BOLACHAS C/ CANELA ""SPECULOOS"" POCKET",P'TIT DÉLI,,"0,87€",/ Unid.,
Caldo de Galinha sem Sal Pack 8,KNORR,Emb. 0.072 KG,"1,49€","20,69€ / KG",
Alimento Completo Cereais P/ Rolas,TOUS MES AMIS,Emb. 1 KG,"1,59€","1,59€ / KG",
EMPADAO DE CARNE PICADA,CÔTÉ TABLE,Emb. 0.35 KG,"2,29€","6,54€ / KG",
Vinho Regional Douro Tinto,PAPA FIGOS,Garrafa 0.75 LT,"7,48€","9,97€ / LT",
Creme Limpeza para Placas de Vitrocerâmica,VITROCLEN,Emb. 0.45 LT,"5,99€","13,31€ / LT",
Massa Cannelloni,MILANEZA,Emb. 0.25 KG,"1,69€","6,76€ / KG",
Refrigerante sem Gás Laranja Maracujá,FRUTIS,Emb. 1.5 LT,"1,15€","0,77€ / LT",
Pão Rústico,BIMBO,Emb. 0.45 KG,"1,79€","3,98€ / KG",
LUVAS ROSEIRAS S ROSA,BEAUX JOURS,Emb. 1 UNID.,"1,25€","1,25€ / UNID.",
Alimento P/ Húmido Gato Seleção de Mousses,FRISKIES,Emb. 0.68 KG,"5,85€","8,60€ / KG",
Gelados de Amêndoas,MAGNUM,Emb. 4 UNID.,"4,99€","1,25€ / UNID.",
Queijo Le Brie,PRÉSIDENT,Emb. 0.2 KG,"3,79€","18,95€ / KG",
COLORACAO LOURO DOURADO 7.3 1UN VITANOVE,VITANOVE,Emb. 1 UNID.,"3,89€","3,89€ / UNID.",
Pistola Rega,BEAUX JOURS,Emb. 1 UNID.,"5,99€","5,99€ / UNID.",
Gomas Aromatizadas Frita Vários Sabores,COPAÍNS COPINES,Emb. 0.275 KG,"1,39€","5,05€ / KG",
Bandas Depilatórias Cera Fria,SILISS,Emb. 40 UNID.,"2,99€","0,07€ / UNID.",
CALDEIRADA DE PEIXE,PÊCHE OCÉAN,Emb. 0.9 KG,"4,99€","5,54€ / KG",
Iogurte Bifidus Sólido Natural S/ Lactose,ACTIVIA,Emb. 0.12 KG,"2,19€","18,25€ / KG",
Bebida Energética 6x25cl,X-TENSE,Emb. 1.5 LT,"2,85€","1,90€ / LT",
SALSA FOLHAS SAQUETA,RUSTICA,Emb. 0.01 KG,"0,53€","53,00€ / KG",
LUVAS EXTRA SENSATION P/M,VILEDA,,"1,89€",/ Unid.,
Pensos Higiénicos Noite Maxi Pocket 12 Unid.,DOULYS,Emb. 12 UNID.,"1,29€","0,11€ / UNID.",
Condicionador Protecção do Calor,TRESEMMÉ,Emb. 0.2 LT,"5,39€","26,95€ / LT",
COGUMELO FERBAR INTEIRO 185G,FERBAR,Emb. 0.185 KG,"0,96€","5,19€ / KG",
BORRACHA BRANCA 1UN,ESQUISSE,Emb. 1 UNID.,"0,19€","0,19€ / UNID.",
Arroz Basmati Himalaia,SALUDÃES,Emb. 1 KG,"2,24€","2,24€ / KG",
Café Solúvel Descafeinado Clássico,NESCAFÉ,Emb. 10 UNID.,"1,68€","0,17€ / UNID.",
Sobremesa de Soja Pêssego,NAT&VIE,Emb. 0.4 KG,"1,40€","3,50€ / KG",
Raia Posta,,1 Unid. = 0.53 KG (aprox.),"9,99€/kg","5,29€ / Unid.",
Azeite Virgem Delicado,GALLO,Emb. 0.75 LT,"4,99€","6,65€ / LT",
Vaselina Jelly Baby,VASELINE,Emb. 0.1 LT,"1,49€","14,90€ / LT",
Palitos Salgados,ECO+,Emb. 0.25 KG,"0,79€","3,16€ / KG",
BARRA CEREAIS CHOCO LEITE COCO,GRAINEA,Emb. 0.126 KG,"1,49€","11,83€ / KG",
Batatas Pré-Fritas Congeladas,POM'LISSE,Emb. 2.5 KG,"4,49€","1,80€ / KG",
BISCOITOS COM PEPITAS CHOCOLATE EM SACOS INDIVIDUAIS 16X25G,P'TIT DÉLI,Emb. 0.4 KG,"2,15€","5,38€ / KG",
SORVETE LIMA C/PEDACOS,ESKISS,Emb. 1 LT,"2,39€","2,39€ / LT",
Queijo Ralado Mozzarella Especial Pizza,PRÉSIDENT,Emb. 0.15 KG,"2,55€","17,00€ / KG",
Rolo Cozinha Compacto XXL,MARQUE REPERE,Emb. 1 UNID.,"0,99€","0,99€ / UNID.",
Massa Capellini,TURINI,Emb. 0.5 KG,"0,89€","1,78€ / KG",
Axe Collision Gel de Banho Leather & Cookies,AXE,Emb. 0.4 LT,"3,29€","8,23€ / LT",
Leite Bem Especial Cálcio Meio Gordo,MIMOSA,Emb. 1 LT,"0,98€","0,98€ / LT",
Chocolate em pó P/ Leite,NESTLÉ,Emb. 0.39 KG,"3,14€","8,05€ / KG",
Sidra com Álcool Blackberry 4x33cl,SOMERSBY,Emb. 1.32 LT,"3,99€","3,02€ / LT",
Vinho Rosé Lancers,LANCERS,Garrafa 0.75 LT,"3,99€","5,32€ / LT",
CEREAIS BOLINHAS DE CHOCOLATE,ECO+,Emb. 0.75 KG,"2,49€","3,32€ / KG",
Marmelada,FERBAR,Emb. 0.4 KG,"1,98€","4,95€ / KG",
Creme de Dia Nutritivo Pele Seca Sensível,NIVEA,Emb. 0.05 LT,"5,93€","118,60€ / LT",
Papel Higiénico,MARQUE REPERE,Emb. 48 UNID.,"8,49€","0,18€ / UNID.",
Máscara Ultra Suave Azeitona Mítica,GARNIER,Emb. 0.3 LT,"6,72€","22,40€ / LT",
FAIRY ROSA E CETIM 650ML,,Emb. 0.65 LT,"1,94€","2,98€ / LT",
Leite Hidratante Apaziguante Aveia,ULTRA SUAVE,Emb. 0.4 LT,"5,93€","14,83€ / LT",
Pão de Forma Oroweat 12 Cereais,BIMBO,Emb. 0.68 KG,"2,45€","3,60€ / KG",
Pão De Forma Sem Côdea Familiar,PANRICO,Emb. 0.65 KG,"2,95€","4,54€ / KG",
Desodorizante Deo Stick White,OLD SPICE,Emb. 0.05 LT,"4,45€","89,00€ / LT",
QUEIJO ROQUEFORT DOP,NOS RÉGIONS ONT DU TALENT,Emb. 0.15 KG,"2,69€","17,93€ / KG",
Água com Gás Limão 4x25 cl,FRIZE,Emb. 1 LT,"2,69€","2,69€ / LT",
PATE DE FIGADO DE AVES C/ VINHO DO PORTO,CÔTÉ TABLE,Emb. 0.18 KG,"1,39€","7,72€ / KG",
Hamburguer de Novilho 10 Und. Ultracongelado,,Emb. 1 KG,"8,99€","8,99€ / KG",
Atum em Posta Azeite,BOM PETISCO,Emb. 0.385 KG,"4,24€","11,01€ / KG",
FRALDAS BEBE T4 DOUCEUR 7/18 KG 74UN,MOTS D'ENFANTS,Emb. 74 UNID.,"10,59€","0,14€ / UNID.",
Pensos Higiénicos Protege-Slip Long,CAREFREE,Emb. 40 UNID.,"4,49€","0,11€ / UNID.",
DENTIFRICO MENTA BIO,BIONAÏA,Emb. 0 LT,"1,99€",inf€ / LT,
Néctar Clássico Tutti Frutti 3x20 cl,COMPAL,Emb. 0.6 LT,"1,39€","2,32€ / LT",
PALMIERS DU BOIS ROCHE 150G,DU BOIS DE LA ROCHE,Emb. 0.15 KG,"1,39€","9,27€ / KG",
Espumante Bruto,COMP DO VINHO,Garrafa 0.75 LT,"3,29€","4,39€ / LT",
CARTE DOR CHOCOLATE & AVELÃ,CARTE D'OR,Emb. 1 LT,"2,89€","2,89€ / LT",
SAL DE MESA,ECO+,Emb. 0.25 KG,"0,27€","1,08€ / KG",
Chamuças de Carne,,Emb. 4 UNID.,"1,99€","0,50€ / UNID.",
Pães de Leite com Pepitas Chocolate de Leite 10 Unid.,EPI D'OR,Emb. 0.35 KG,"1,99€","5,69€ / KG",
Brioches Redondas com Oepitas Chocolate 12 Unid.,EPI D'OR,Emb. 0.5 KG,"2,99€","5,98€ / KG",
TRAVESSA + NAPERON N 7L,,Emb. 1 UNID.,"1,09€","1,09€ / UNID.",
Crepes com Cogumelos,CÔTÉ TABLE,Emb. 6 UNID.,"1,49€","0,25€ / UNID.",
Espuma Caracóis Naturais,PANTENE,Emb. 0.2 LT,"3,74€","18,70€ / LT",
PREPARADO PARA LEITE CREME,DÉLISSE,Emb. 0.4 KG,"2,99€","7,48€ / KG",
Laca Cabelo Diamond Gloss Care 4,NIVEA,Spray 0.25 LT,"4,15€","16,60€ / LT",
"Cerveja Tequila 5,9% Vol. 3 Unid.",DESQUILES,Emb. 0.99 LT,"3,39€","3,42€ / LT",
Ovos Solo M,SNR,Emb. 6 UNID.,"1,19€","0,20€ / UNID.",
AIRWICK STICKS DELICIAS V,AIRWICK,Emb. 1 UNID.,"7,19€","7,19€ / UNID.",
Cerveja com Álcool 6x33cl,SUPER BOCK,Emb. 1.98 LT,"4,48€","2,26€ / LT",
Refrigerante C/ Gás Cola Zero 6 Unid.,JEAN'S,Lata 1.98 LT,"2,10€","1,06€ / LT",
B&J Peanut Butter Cup 465ml,,Emb. 0.465 LT,"6,79€","14,60€ / LT",
TARTE FRUTOS SECOS,P'TIT DÉLI,Emb. 0.3 KG,"2,59€","8,63€ / KG",
Chupas de Sabores Sortidos,CHUPA CHUPS,Emb. 0.12 KG,"2,39€","19,92€ / KG",
Feijão Frade,NOTRE JARDIN,Emb. 1 KG,"1,89€","1,89€ / KG",
QUEIJO EMENTAL FATIADO ESPECIAL TOSTA MISTA,LES CROISÉS,Emb. 0.2 KG,"1,69€","8,45€ / KG",
PETIT GATEAU CHOCOLATE 4UN,TROFIC,Emb. 0.5 KG,"2,79€","5,58€ / KG",
Jardineira de 3 Legumes,,Emb. 0.4 KG,"0,69€","1,73€ / KG",
Salmão Fumado Noruega,RONDE DES MERS,Emb. 0.14 Kg,"5,99€","42,79€ / Kg",
Queijo Emmental Francês Ralado,LES CROISÉS,Emb. 0.1 KG,"1,05€","10,50€ / KG",
Leite Magro com Coco sem Lactose,MIMOSA,Emb. 1 LT,"1,49€","1,49€ / LT",
PEPITAS DE CHOCOLATE BIO,,Emb. 0.1 KG,"2,39€","23,90€ / KG",
Iogurte Bolacha 4 Unid.,IOGOLINO,Emb. 0.4 KG,"2,79€","6,98€ / KG",
Sobremesa Láctea de Morango +6Meses,BIO VILLAGE BEBE,Emb. 0.4 KG,"2,29€","5,73€ / KG",
Fraldas Incontinência com Elásticos Médio,LINDOR,Emb. 20 UNID.,"12,29€","0,61€ / UNID.",
Doce de Quatro Frutos sem Açúcar,ST. DALFOUR,Frasco 0.284 KG,"4,29€","15,11€ / KG",
Vinho Regional Alentejano Tinto,SOVIBOR,Garrafa 0.75 LT,"2,89€","3,85€ / LT",
Whisky Grant's,GRANT'S,Garrafa 0.7 LT,"14,79€","21,13€ / LT",
Preparado em Pó P/ Gelatina Tutti Fruti,ROYAL,Emb. 0.114 KG,"1,77€","15,53€ / KG",
Arroz Carolino,BOM SUCESSO,Emb. 1 KG,"1,15€","1,15€ / KG",
BOLO ESPIRAL CHOCOLATE DE AVELA,P'TIT DÉLI,Emb. 0.15,"1,69€","11,27€ /",
Palitos de La Reine Mousse d´Or,DU BOIS DE LA ROCHE,Emb. 0.2 KG,"2,79€","13,95€ / KG",
Chá de Frutos Vermelhos,TETLEY,Emb. 10 SAQ.,"1,12€","0,11€ / SAQ.",
Creme para Barrar com Avelãs,NUSTIKAO,Emb. 0.4 KG,"1,99€","4,98€ / KG",
Aerossol Lavanda,BRISE,Emb. 0.3 LT,"1,54€","5,13€ / LT",
Chouriço Corrente com Colorau,,Emb. 1 KG,"4,99€","4,99€ / KG",
Queijo Ovale Double Crème,ECO+,Emb. 0.3 KG,"2,49€","8,30€ / KG",
Pizza Margarita na Pedra 3X300G,ECO+,Emb. 0.9 KG,"3,99€","4,43€ / KG",
CAPA PLASTICA COLORIDA A4 C/ELASTICO,ESQUISSE,Emb. 1 UNID.,"1,89€","1,89€ / UNID.",
Batatas Pré-Fritas em Steak,POM'LISSE,Emb. 1 KG,"1,99€","1,99€ / KG",
Nata com Ervas Aromáticas,PARMALAT,Emb. 0.2 LT,"1,16€","5,80€ / LT",
IOGURTE BIFIDUS NATURAL,DÉLISSE,Emb. 1.5 KG,"2,10€","1,40€ / KG",
Champanhe Bruto,POL CARSON,Garrafa 0.75 LT,"17,29€","23,05€ / LT",
Chá de Camomila,TETLEY,Emb. 10 UNID.,"0,84€","0,08€ / UNID.",
Café Torrado Expresso Moído,PLANTATION,Emb. 0.25 KG,"1,69€","6,76€ / KG",
"AZEITONA OXIDADA,FRC,210G QAMPO",,0.21 KG,"1,39€","6,62€ / KG",
LAVA TUDO AMONIACAL,CLAIR,Emb. 2 LT,"0,69€","0,35€ / LT",
CHAMPO ANTI-CASPA TODO TIPO CABELOS,CARRÉ HOMME,Emb. 0.25 LT,"1,99€","7,96€ / LT",
Maionese Formato XXL,CALVÉ,Emb. 0.753 KG,"4,59€","6,10€ / KG",
Iogurte Magro Pedaços Déli´Light 16x125g,DÉLISSE,Emb. 2 KG,"4,35€","2,18€ / KG",
Favas Ultracongeladas,,Emb. 0.4 KG,"1,19€","2,98€ / KG",
Bife de Peito de Peru,,1 Unid. = 0.15 KG (aprox.),"7,99€/kg","1,20€ / Unid.",
Desodorizante Roll-On Double Invisible,VASELINE,Emb. 0.05 LT,"2,09€","41,80€ / LT",
Penso Incontinência Discreet Extra,AUSONIA,Emb. 20 UNID.,"4,99€","0,25€ / UNID.",
SPRAY CASA BANHO,CIF,Emb. 0.75 LT,"2,49€","3,32€ / LT",
CREME PENTEAR P/ CABELO E BARBA 75ML,CARRÉ HOMME,,"2,99€",/ Unid.,
CEBOLINHO PICADO,RUSTICA,Emb. 0.25 KG,"0,99€","3,96€ / KG",
Pão de Forma Out 10 Cereais e Sementes,PANRICO,Emb. 0.65 KG,"1,99€","3,06€ / KG",
Croissant Recheado de Chocolate,,1 UNID.,"0,75€","0,75€ / UNID.",
Massa Estrelinhas,MILANEZA,Emb. 0.25 KG,"0,78€","3,12€ / KG",
Ananás em Fatias Inteiras em Calda Leve,,Lata 0.55 KG,"1,69€","3,07€ / KG",
MAIONESE C/ MOSTARDA DE DIJON TOP DOWN,RUSTICA,Emb. 0.415 KG,"1,89€","4,55€ / KG",
Preservativos Finíssimos,CONTROL,Emb. 12 UNID.,"6,99€","0,58€ / UNID.",
FAIRY MAO NATURALS BERGAMOTA 650ML,,Emb. 0.65 LT,"2,04€","3,14€ / LT",
Wafers de Cacau,,Emb. 0.17 KG,"1,35€","7,94€ / KG",
QUEIJO RALADO 3QJ,LES CROISÉS,Emb. 0.2 KG,"1,99€","9,95€ / KG",
Whisky,JAMESON,Garrafa 0.7 LT,"19,30€","27,57€ / LT",
Queijo Coulommiers,LES CROISÉS,Emb. 0.35 KG,"2,49€","7,11€ / KG",
PERSIL COLOR GEL,PERSIL,Emb. 50 DOSES,"9,99€","0,20€ / DOSES",
POSTA PESCADA Nº3 PARA FRITAR,ECO+,Emb. 0.8 KG,"4,99€","6,24€ / KG",
ARMBAND PARA TELEMOVEL,WOODSUN,Emb. 1 UNID.,"6,03€","6,03€ / UNID.",
Atum Posta Azeite,BOM PETISCO,Emb. 0.2 KG,"2,39€","11,95€ / KG",
Nectar Clássico Alperce 3x20cl,COMPAL NECTAR,Emb. 0.08 LT,"1,39€","17,38€ / LT",
Pensos Diários Slip Maxi,AUSONIA,Emb. 30 UNID.,"1,49€","0,05€ / UNID.",
Alimento Lácteo Banana e Pera 0% Açúcar Bio +6 Meses,NESTLÉ,Emb. 0.36 KG,"2,96€","8,22€ / KG",
Conserva de Salsichas Frankfurt 10 Unid.,NOBRE,Lata 0.25 KG,"1,34€","5,36€ / KG",
Bolachas de Manteiga com Pepitas de Chocolate,P'TIT DÉLI,Emb. 0.2 KG,"1,49€","7,45€ / KG",
Bicarbonato,RUSTICA,Emb. 0.05 KG,"0,49€","9,80€ / KG",
Conserva de Feijão Manteiga Cozido,NOTRE JARDIN,Frasco 0.57 KG,"0,69€","1,21€ / KG",
"ALIMENT BEBE: PURE CENOURAS, ARROZ E ABOBORA BIO +6M 2X200G",BIO VILLAGE BEBE,Emb. 0.4 KG,"2,39€","5,98€ / KG",
Cereais Granola de Aveia Chocolate,FITNESS,Emb. 0.3 KG,"2,79€","9,30€ / KG",
Alimento Seco P/ Gato Bacalhau,PURINA FRISKIES,Emb. 4 KG,"15,99€","4,00€ / KG",
Ambientador Difusor Essential Mist Citrus,AIR WICK,Emb. 1 UNID.,"13,19€","13,19€ / UNID.",
Elixir Oral Dentes e Gengivas,LISTERINE,Emb. 0.75 LT,"5,99€","7,99€ / LT",
PANOS DE COZINHA ABSORVENTES 5UN,MAMISON,Emb. 5 UNID.,"1,48€","0,30€ / UNID.",
Ice Tea Pêssego,NESTEA,Garrafa 1.5 LT,"1,00€","0,67€ / LT",
COLA GEL 30ML,ESQUISSE,Emb. 1 UNID.,"0,98€","0,98€ / UNID.",
Leite UHT Meio Gordo,MATINAL,Emb. 1 LT,"1,09€","1,09€ / LT",
Ervilhas e Cenouras Extra Finas,NOTRE JARDIN,Emb. 0.4 KG,"1,29€","3,23€ / KG",
CREME HIDRATANTE 250ML,ECO+,Emb. 0.25 LT,"1,59€","6,36€ / LT",
PIMENTA BRANCA MOIDA SAQUETA,RUSTICA,Emb. 0.1 KG,"1,99€","19,90€ / KG",
FIO DENTARIO COM FLUOR E MENTOL,DENTAMYL,Emb. 50 M,"1,25€","0,03€ / M",
Guardanapos Folha Simples,MARQUE REPERE,Emb. 100 UNID.,"0,69€","0,01€ / UNID.",
CANETA FELTRO PONTA FINA VARIAS CORES 18UN,ESQUISSE,Emb. 18 UNID.,"3,99€","0,22€ / UNID.",
Gomas Bananas,COPAÍNS COPINES,Emb. 0.2 KG,"0,99€","4,95€ / KG",
Conjunto de 4 Ponteiras de Sobrepor 25Mm,FOXTER,Emb. 4 UNID.,"1,19€","0,30€ / UNID.",
Bolachas com Cobertura Chocolate Preto,P'TIT DÉLI,Emb. 0.2 KG,"1,29€","6,45€ / KG",
Conserva de Atum em Posta Natural,PÊCHE OCÉAN,Emb. 0.12 KG,"0,99€","8,25€ / KG",
"BL1 LED STANDARD 9,5W-60W E27",FOXTER,Emb. 1 UNID.,"4,90€","4,90€ / UNID.",
Pantene Frizz Control & Luminosidade Máscara 160 ml,PANTENE PV,Emb. 0.16,"4,49€","28,06€ /",
Leite de Crescimento 1+ Cereais,NESTLÉ,Emb. 1 LT,"2,49€","2,49€ / LT",
Recheio P/ BOUCHEES A LA REINE,CÔTÉ TABLE,Emb. 4 KG,"1,69€","0,42€ / KG",
Néctar de Tutti Frutti Clássico 3 Unid.,JAFADEN,Emb. 0.6 LT,"0,89€","1,48€ / LT",
Delícias do Mar Sabor a Caranguejo,,Emb. 0.4 KG,"2,25€","5,63€ / KG",
Refrigerante C/ Gás Limão,ECO+,Emb. 2 LT,"0,79€","0,40€ / LT",
Cebola Picada Ultracongelada,IGLO,Emb. 0.35 KG,"1,19€","3,40€ / KG",
Guardanapos 2 Folhas,MARQUE REPERE,Emb. 100 UNID.,"1,29€","0,01€ / UNID.",
Mini Mousse de Frutos 6x74g,DÉLISSE,Emb. 0.444 KG,"1,79€","4,03€ / KG",
Cerveja com Álcool Mini 20x25cl,SAGRES,Emb. 5 LT,"8,99€","1,80€ / LT",
Proteção Contra o Calcário e a Sujidade,CALGON,Emb. 1.5 LT,"11,99€","7,99€ / LT",
Refrigerante S/ Gás Laranja,AQUARIUS,Garrafa 1.5 LT,"1,94€","1,29€ / LT",
BATATA FRITA DOCE,POM'LISSE,,"1,69€",/ Unid.,
24 VELAS ANIVERSARIO BRANCAS,ARDENCE,Emb. 24 UNID.,"1,29€","0,05€ / UNID.",
Bacalhau Seleção Graúdo Noruega Asa Preta,,1 Unid. = 2.5 KG (aprox.),"13,99€/kg","34,98€ / Unid.",
Pensos Higiénicos Ultra Finos,ECO+,,"0,95€",/ Unid.,
Spray Ultra Desembaraçante,CORINE DE FARME,Emb. 0.15 LT,"1,99€","13,27€ / LT",
"AGUA VIMEIRO LISA PET 4X1,5L",VIMEIRO,,"1,99€",/ Unid.,
Vinho Branco A.O.C. MONBAZILLAC 14,TERRASSES D'AUTAN,Garrafa 0.75 CL,"5,99€","7,99€ / CL",
Cerveja com Álcool Abadia 6x33cl,SUPER BOCK,Emb. 1.98 LT,"4,49€","2,27€ / LT",
Molho Piri Piri Sacana,PALADIN,Emb. 0.5 LT,"2,49€","4,98€ / LT",
LAPIS DE COR 18UN,ECO+,Emb. 18 UNID.,"1,59€","0,09€ / UNID.",
Sumo de Laranja 3x20 cl,UM BONGO,Emb. 0.6 LT,"1,38€","2,30€ / LT",
Tirones Verdinhos,,1 Unid. = 0.06 KG (aprox.),"2,99€/kg","0,18€ / Unid.",
Bloco Sanitário 3 em 1 Atlantic,DOMESTOS,Emb. 0.04 KG,"1,19€","29,75€ / KG",
Barras de Cereais de Chocolate C/ Leite 6 Unid.,CHOCAPIC,Emb. 0.15 KG,"3,28€","21,87€ / KG",
Cereais de Espelta e Aveia 0% Açúcares,NESTUM,Emb. 0.25 KG,"1,97€","7,88€ / KG",
DROPS BOLAS DE NEVE M.GUIA,COPAÍNS COPINES,Emb. 0.25 KG,"1,19€","4,76€ / KG",
"CHUPA CHUPS ASSORT S/ACUCA,,66G",,,"2,89€",/ Unid.,
A.O.C. Cotes Provence 2014,TERRES OCREES,Garrafa 0.75 LT,"5,99€","7,99€ / LT",
PASTILHAS PARA MAQUINA LAVA LOICA TUDO EM 1,UNÍ VERT,Emb. 30 UNID.,"2,99€","0,10€ / UNID.",
Ambientador com Recarga White Bouquet,AIRWICK,Emb. 0.25 LT,"7,19€","28,76€ / LT",
Bolachas Maria Doces,VIEIRA,Emb. 0.3 KG,"2,39€","7,97€ / KG",
Aditivo para Roupa Gel Anti-Calcário 2 em1,CALGON,Emb. 0.75 LT,"6,99€","9,32€ / LT",
BARRINHAS KINDER CHOCOLATE T24 300G,KINDER,Emb. 0.3 KG,"3,89€","12,97€ / KG",
Drageias de Chocolate Leite,SMARTIES,Emb. 0.038 KG,"0,99€","26,05€ / KG",
CURGETES RODELAS,NOTRE JARDIN,Emb. 1 KG,"1,59€","1,59€ / KG",
Água Com Gás,CASTELLO,Emb. 0.075 LT,"1,59€","21,20€ / LT",
Brioche Fatiado,EPI D'OR,Emb. 0.5 KG,"2,59€","5,18€ / KG",
Conserva Cassoulet de Porco,CÔTÉ TABLE,Lata 0.84 KG,"2,54€","3,02€ / KG",
Feijão Verde Muito Fino Ultracongelado,NOTRE JARDIN,Emb. 1 KG,"1,59€","1,59€ / KG",
Gel de Banho Skin Defense Hidratante,DOVE MEN,Emb. 0.4 LT,"3,99€","9,98€ / LT",
Lixívia em Gel Original,DOMESTOS,Emb. 0.75 Lt,"1,79€","2,39€ / Lt",
Detergente Loiça Máquina Pastilhas,,Emb. 50 PAST.,"2,69€","0,05€ / PAST.",
BATATAS P/FORNO POM'LISSE,POM'LISSE,Emb. 0.6 KG,"1,29€","2,15€ / KG",
Snacks Futebolas,CHEETOS,Emb. 0.13 KG,"1,59€","12,23€ / KG",
QUEIJO FLAMENGO FATIADO,ECO+,Emb. 0.2 KG,"1,69€","8,45€ / KG",
PILHAS ALCALINAS LR20,ECO+,Emb. 4 UNID.,"4,99€","1,25€ / UNID.",
Arroz Vaporizado,COZINHA VELHA,Emb. 1 KG,"1,45€","1,45€ / KG",
Gelado Classic de Baunilha com Pedaços de Chocolate,MAGNUM,Emb. 0.44 LT,"3,89€","8,84€ / LT",
Fermento em Pó,ROYAL,Lata 0.226 KG,"3,19€","14,12€ / KG",
Bolacha Waffer Rollitos,CUÉTARA,Emb. 0.225 KG,"3,69€","16,40€ / KG",
Detergente para a Roupa 3 em 1 Active Clean,SKIP,Emb. 1.134 KG,"12,49€","11,01€ / KG",
BOLA PILATES 75CM,WOODSUN,Emb. 1 UNID.,"12,99€","12,99€ / UNID.",
Queijo Petit Brie,LES CROISÉS,Emb. 0.5 KG,"4,29€","8,58€ / KG",
Água sem Gás Frutos Vermelhos,LUSO FRUTA,Garrafa 0.5 LT,"0,79€","1,58€ / LT",
Piri-Piri Receita Tradicional,CALVÉ,Emb. 0.05 KG,"2,15€","43,00€ / KG",
Bicabornato de Sódio,MARGÃO,Emb. 0.06 KG,"0,89€","14,83€ / KG",
SACOS LIXO WC C/ATILHO 5L,ELEMBAL,Emb. 40 UNID.,"1,49€","0,04€ / UNID.",
Fraldas Bebé T5 ACTIV+ 11/25 Kg,MOTS D'ENFANTS,Emb. 35 UNID.,"7,89€","0,23€ / UNID.",
Ambientador Eléctrico Recarga I Love You,GLADE,Emb. 0.02 LT,"3,59€","179,50€ / LT",
Lasanha à Bolonhesa,,Emb. 1 KG,"4,99€","4,99€ / KG",
QUEIJO VACA CURADO 4UN,LES CROISÉS,Emb. 0.2 KG,"2,59€","12,95€ / KG",
Conserva Macedónia de Legumes,NOTRE JARDIN,Lata 0.4 KG,"0,89€","2,23€ / KG",
Café Delta Moido Saco Chavena Torrado,DELTA,Emb. 0.25 KG,"2,29€","9,16€ / KG",
RECARGA ESFREGONA MICROFIBRAS FIO AZUL,,Emb. 1 UNID.,"1,99€","1,99€ / UNID.",
Néctar 100% Maçã,COMPAL,Emb. 1 LT,"1,59€","1,59€ / LT",
Vinho do Porto Lágrima Branco,RAMOS PINTO,Garrafa 0.75 LT,"9,99€","13,32€ / LT",
Bolachas com Pepitas de Chocolate,ECO+,Emb. 0.2 KG,"0,97€","4,85€ / KG",
MOUSSE DE MANGA CONDI 80G,CONDI,Emb. 0.8 KG,"1,34€","1,68€ / KG",
CAPS CAFE COMP C/ DG XL INT9,PLANTATION,,"5,99€",/ Unid.,
Pão Rio Maior,,1 Unid. = 0.45 KG,"2,69€","5,98€ / KG",
Crocante de Frango Recheio Alho e Ervas,IGLO,Emb. 0.204 KG,"4,99€","24,46€ / KG",
Bebida de Amêndoa,SHOYCE,Emb. 1 LT,"1,97€","1,97€ / LT",
Moscatel de Setúbal,BACALHÔA,Garrafa 0.75 LT,"5,93€","7,91€ / LT",
Bolachas com Recheio Cereja Cobertura Chocolate,P'TIT DÉLI,Emb. 0.15 KG,"1,19€","7,93€ / KG",
GELADO TRIUM CAFE 4UN,TRIUM,Emb. 4 UNID.,"2,25€","0,56€ / UNID.",
FILETES DE BACALHAU PANADOS 4UN,PÊCHE OCÉAN,Emb. 0.5 KG,"6,99€","13,98€ / KG",
Desodorizante Roll-On Pedra Alumen,MANAVA,Emb. 0.05 LT,"0,75€","15,00€ / LT",
Pães de Leite 10 Unid.,EPI D'OR,Emb. 0.35 KG,"2,19€","6,26€ / KG",
Cominhos Moídos,RUSTICA,Frasco 0.035 KG,"0,69€","19,71€ / KG",
Pimenta Preta Moída,RUSTICA,Emb. 0.05 KG,"0,89€","17,80€ / KG",
Bebida de Soja Chocolate,NAT&VIE,Emb. 1 LT,"1,09€","1,09€ / LT",
IOGURTE C/PEDACOS VARIOS SABORES,DÉLISSE,Emb. 2 KG,"3,99€","2,00€ / KG",
Cogumelos Laminados,ECO+,Emb. 0.23 KG,"0,86€","3,74€ / KG",
Desodorizante Stick,DOVE,Emb. 0.04 LT,"2,84€","71,00€ / LT",
MIOLO DE AMEIJOA ZEBRA,PÊCHE OCÉAN,Emb. 0.25 KG,"2,99€","11,96€ / KG",
Kit Roll-on Elétrico Cera Pernas e Corpo,VEET,Emb. 0.05 LT,"6,99€","139,80€ / LT",
Saco Congelação C/ Zip Médio,ELEMBAL,Emb. 15 UNID.,"1,69€","0,11€ / UNID.",
Cassoulet C/ Salsichas de Toulouse,CÔTÉ TABLE,Emb. 0.84 KG,"2,99€","3,56€ / KG",
Esfregão Salva Unhas Comfort,SCOTCH BRITE,Emb. 2 UNID.,"2,37€","1,19€ / UNID.",
Feno Roedores,TOUS MES AMIS,Emb. 1 KG,"2,29€","2,29€ / KG",
Ração P/ Gato Trato Urinário C/ Frango,ULTIMA,Emb. 0.75 KG,"5,39€","7,19€ / KG",
Bacalhau Crescido Asa Branca,,1 Unid. = 1.6 KG (aprox.),"12,29€/kg","19,66€ / Unid.",
DESODORIZANTE SPRAY ICE BOOST MEN 100ML COMPACT,CARRÉ HOMME,Emb. 0.1 LT,"1,19€","11,90€ / LT",
Café Solúvel Creme,NESCAFÉ,Emb. 0.2 KG,"4,49€","22,45€ / KG",
Biscoitos com Pepitas de Chocolate Preto Biológico,,Emb. 0.14 KG,"2,09€","14,93€ / KG",
Muesli Morango,GRAINEA,Emb. 0.5 KG,"2,89€","5,78€ / KG",
Vinho Regional Tejo Tinto Reserva,CABEÇA DE TOIRO,Garrafa 0.75 LT,"5,49€","7,32€ / LT",
Café Solúvel,SICAL,Emb. 0.2 KG,"6,59€","32,95€ / KG",
Pipocas Pop Corn 3x90g,TOKAPI,Emb. 0.27 KG,"1,08€","4,00€ / KG",
Mini Snacks P/ Gato Controlo das Bolas de Pelo,TOUS MES AMIS,Emb. 0.06 KG,"0,98€","16,33€ / KG",
Cracker com Sal,PAVESI,Emb. 0.56 KG,"3,95€","7,05€ / KG",
Champô Cabelo Revitalizante Pelo Frágil,ELVIVE,Emb. 1.2 LT,"5,93€","4,94€ / LT",
Facas Madeira Biodegradável,HOMESIDE,Emb. 10 UNID.,"0,98€","0,10€ / UNID.",
AMBIENTADOR GEL MARINHO,BIEN AIR,Emb. 0.15 KG,"0,89€","5,93€ / KG",
CREME DESCOLORANTE ROSTO/CORPO 2UN,SILISS,Emb. 0.1,"3,19€","31,90€ /",
Salsichas de Aves 8 Unidades,IZIDORO,Lata 0.2 KG,"1,19€","5,95€ / KG",
Batatas Fritas 6x30 gr,ECO+,Emb. 0.18 KG,"1,39€","7,72€ / KG",
Lasanha à Bolonhesa Ultracongelado,CÔTÉ TABLE,Emb. 1 KG,"3,99€","3,99€ / KG",
Bolo de Gema,,1 Unid. = 0.25 KG  (aprox.),"10,99€","43,96€ / KG",
Bebida de Aveia 0% 3x200ML,SHOYCE,Emb. 0.6 LT,"2,19€","3,65€ / LT",
MOLHO PARA HAMBURGUER,RUSTICA,Emb. 0.255 KG,"1,69€","6,63€ / KG",
Mistura de Cogumelos,NOTRE JARDIN,Emb. 0.45 KG,"2,99€","6,64€ / KG",
Vinho Regional Península de Setúbal Branco Seco,B.S.E,Garrafa 0.75 LT,"2,99€","3,99€ / LT",
Champô Anti-Queda com Ginseng,LINIC,Emb. 0.36 LT,"4,94€","13,72€ / LT",
Salsicha Peru,NOBRE,Emb. 0.16 KG,"1,39€","8,69€ / KG",
Amêndoas e Avelãs Torradas Trituradas e Caramelizadas,TABLIER BLANC,Emb. 0.1 KG,"1,99€","19,90€ / KG",
CREME LIMPEZA LIMAO  750ML,ECO+,Emb. 0.75 LT,"0,95€","1,27€ / LT",
PREPARADO P/ ARROZ MARISCO,PÊCHE OCÉAN,Emb. 0.4 KG,"3,50€","8,75€ / KG",
Massa Macarrão,ECO+,Emb. 0.5 KG,"0,65€","1,30€ / KG",
Ambientador Vela Baunilha,AIRWICK,Emb. 2 UNID.,"5,69€","2,85€ / UNID.",
Fermento em Pó 6Unid.,TABLIER BLANC,Emb. 0.066 KG,"0,79€","11,97€ / KG",
Vinho Alto das Serpas Tinto,ALTO DAS SERPAS,Emb. 5 LT,"7,89€","1,58€ / LT",
Bolachas Enroladas Cobertas de Chocolate Preto,P'TIT DÉLI,Emb. 0.125 KG,"1,49€","11,92€ / KG",
Tenaz Barbecue,BEAUX JOURS,Emb. 1 UNID.,"6,39€","6,39€ / UNID.",
Gel de Barbear Peles Sensíveis,GILLETTE,Emb. 0.2 LT,"3,55€","17,75€ / LT",
Bolachas Areadas de Manteiga Pura com Coco e Recheadas,P'TIT DÉLI,Emb. 0.1 KG,"1,49€","14,90€ / KG",
Iogurte Natural com Açúcar de Cana 4x125g,DÉLISSE,Emb. 0.5 KG,"0,75€","1,50€ / KG",
Alimento P/ Gato de Frango C/ Mandioca S/ Glúten,BEYOND,Emb. 1.2 KG,"11,85€","9,88€ / KG",
Pão de Forma Rústico,EPI D'OR,Emb. 0.6 KG,"1,39€","2,32€ / KG",
CHAMPO SECO CABELOS CASTANHOS 150ML,NATEIS,Emb. 0.15 LT,"2,29€","15,27€ / LT",
Massa Pevides,TURINI,Emb. 0.25 KG,"0,55€","2,20€ / KG",
SAL REGENERADOR,VISIOR,Emb. 2 KG,"0,79€","0,40€ / KG",
Vinho Regional Dão Tinto,GRÃO VASCO,Garrafa 0.75 LT,"3,99€","5,32€ / LT",
GELADO BAUNILHA / CARAMELO,ESKISS,Emb. 1 LT,"2,99€","2,99€ / LT",
LINGUICA PICANTE,CAMPO FINO,Emb. 0.15 KG,"1,49€","9,93€ / KG",
Recarga Pure Flor Cerejeira,AIRWICK,Emb. 1 UNID.,"3,59€","3,59€ / UNID.",
Bolachas Cobertas Chocolate Leite,P'TIT DÉLI,Emb. 0.15 KG,"1,19€","7,93€ / KG",
Chipicao Mini Croissant Baunilha,CHIPICAO,Emb. 0.08 KG,"1,09€","13,63€ / KG",
Café Torrado Moído África Ásia e Brasil Moagem Fina,SICAL,Emb. 0.25 KG,"2,39€","9,56€ / KG",
Café Solúvel Qualité Filtre,PLANTATION,Frasco 0.1 KG,"1,83€","18,30€ / KG",
Preparado Sopa Creme de Marisco,KNORR,Emb. 0.075 KG,"1,49€","19,87€ / KG",
PALITOS TORCIDOS C/ COB CHOCOLATE PRETO,P'TIT DÉLI,Emb. 0.09 KG,"1,49€","16,56€ / KG",
Massa Talharim,MILANEZA,Emb. 0.5 KG,"1,79€","3,58€ / KG",
Leite Crescimento Júnior 1+ Bolacha Maria,NESTLÉ,Emb. 1 LT,"2,49€","2,49€ / LT",
Mini Tostas,EPI D'OR,Emb. 0.35 KG,"1,99€","5,69€ / KG",
Champô Legend CR7,LINIC,Emb. 0.36 LT,"4,94€","13,72€ / LT",
Favas Congeladas,NOTRE JARDIN,Emb. 1 KG,"2,69€","2,69€ / KG",
Recarga Freshmatic White Bouquet,AIR WICK,Spray 0.26 KG,"3,59€","13,81€ / KG",
CHOURICA CAMPONESA - PDTO LAMEGO,,Emb. 0.2 KG,"2,75€","13,75€ / KG",
Conserva de Feijão Manteiga,COMPAL,Lata 0.845 KG,"1,59€","1,88€ / KG",
CAPA CARTAO C/ELASTICO LOMBADA 4CM,ESQUISSE,Emb. 1 UNID.,"2,45€","2,45€ / UNID.",
Fraldas Bebé Extra Absorção Activity Tamanho 3,DODOT,Emb. 60 UNID.,"13,29€","0,22€ / UNID.",
Aromatizante Máquina Loiça Limão,SUN,Emb. 1 UNID.,"2,24€","2,24€ / UNID.",
CONE LIMAO/FRAMBOESA 6UN,TRIUM,Emb. 6 UNID.,"2,59€","0,43€ / UNID.",
Flocos de Cereais com Fibras,KELLOGG'S,Emb. 0.375 KG,"2,59€","6,91€ / KG",
"VELA AROMATICA ""FRUTOS VERMELHOS"" 30H",BIEN AIR,Emb. 1 UNID.,"1,99€","1,99€ / UNID.",
ALIMENTO HUMIDO FRANGO / LEGUMES COMPLETO 1200KG,TOUS MES AMIS,Emb. 1 KG,"2,05€","2,05€ / KG",
Conserva de Atum em Óleo Vegetal,GENERAL,Emb. 0.11 KG,"0,99€","9,00€ / KG",
Gelado Double Gold Caramelo Billionaire,MAGNUM,Emb. 0.44 LT,"3,89€","8,84€ / LT",
Chipicao Multipack 4x57 g,CHIPICAO,Emb. 0.228 KG,"2,79€","12,24€ / KG",
CEREAIS PETALAS CHOCOLATE PRETO,GRAINEA,Emb. 0.3 KG,"1,69€","5,63€ / KG",
Caprichos do Mar Ultracongelado,PESCANOVA,Emb. 0.4 KG,"3,59€","8,98€ / KG",
Farinha de Trigo Biológica,,Emb. 1 KG,"1,39€","1,39€ / KG",
Papa Infantil de Maçã,CERELAC,Emb. 0.25 KG,"2,39€","9,56€ / KG",
Xarope de Morango Bio,,Emb. 0.6 LT,"3,85€","6,42€ / LT",
Conserva de Feijão Preto da Horta,COMPAL,Lata 0.42 KG,"1,25€","2,98€ / KG",
Pão de Forma Especial Fatiado Isento de Glúten,CHAQUE JOUR SANS GLUTEN,Emb. 0.3 KG,"2,79€","9,30€ / KG",
Iogurte Líquido Corpos Morango Kiwi 4x155g,DANONE,Emb. 0.62 KG,"1,69€","2,73€ / KG",
DENTIFRICO SABOR MORANGO EM GEL JUNIOR 7-13 ANOS,DENTAMYL,Emb. 0.075 LT,"0,99€","13,20€ / LT",
Frango à Provençal C/ Ervas Aromáticas,MAGGI,Emb. 0.028 KG,"0,74€","26,43€ / KG",
Vinho Regional Alentejo Tinto,ADEGA DE BORBA,Garrafa 0.75 LT,"3,85€","5,13€ / LT",
AREIA VEGETAL 10L P'TIT AMI,TOUS MES AMIS,Emb. 10 LT,"3,59€","0,36€ / LT",
BOUIL.POT AU FEU DESH,RUSTICA,Emb. 0.12 KG,"0,79€","6,58€ / KG",
Café Torrado Grão,PLANTATION,Emb. 1 KG,"5,69€","5,69€ / KG",
OS BOCADINHOS EM MOLHO VACA/MASSA/CENOURA P/ CAO 1230G,LYDOG,Emb. 1 KG,"2,05€","2,05€ / KG",
Bolo de Arroz,,1 UNID.,"0,55€","0,55€ / UNID.",
Pao De Forma Cerealia 14 Cereais,PANRICO,Emb. 0.435 KG,"2,02€","4,64€ / KG",
Cereais Frosties,KELLOGG'S,Emb. 0.375 KG,"2,29€","6,11€ / KG",
Sobremesa Creme de Chocolate 4x125g,DÉLISSE,Emb. 0.5 KG,"1,59€","3,18€ / KG",
Filetes de Anchovas em Óleo Vegetal,RAMIREZ,Emb. 0.04 KG,"1,34€","33,50€ / KG",
Alimento Seco P/ Gato Vaca e Frango,PURINA FRISKIES,Emb. 2 KG,"7,99€","4,00€ / KG",
SALTEADO DE COGUMELOS,NOTRE JARDIN,Emb. 0.4 KG,"4,49€","11,23€ / KG",
Bolachas Digestive Go Canela 6 Saquetas,TRIUNFO,Emb. 0.171 KG,"1,48€","8,66€ / KG",
PILHA ALCALINA LR14,FOXTER,Emb. 2 UNID.,"2,99€","1,50€ / UNID.",
DETERGENTE MANUAL LOICA FRUTOS VERMELHOS/FLORES 750ML,VISIOR,Emb. 0.75 LT,"0,97€","1,29€ / LT",
Detergente Roupa Máquina Liquído Active Clean 100 Doses,SKIP,Emb. 100 DOSES,"19,99€","0,20€ / DOSES",
IOGURTE BIFIDUS BAUNILHA 12X125G DELISSE,DÉLISSE,Emb. 1.5 KG,"2,59€","1,73€ / KG",
Toalhitas Bebé Ecológicas,MOTS D'ENFANTS,Emb. 72 UNID.,"1,79€","0,02€ / UNID.",
Cuecas Menina 3 aos 5 Anos,HUGGIES,Emb. 16 UN,"8,99€","0,56€ / UN",
FILETES DE CAVALA C/ MOSTARDA A L'ANCIENNE,PÊCHE OCÉAN,Emb. 0.169,"1,79€","10,59€ /",
Sabonete Líquido Hipo-Alergénio,MANAVA,Emb. 0.3 LT,"0,89€","2,97€ / LT",
Arroz Carolino,LOURO,Emb. 1 KG,"1,09€","1,09€ / KG",
ACENDALHAS CUBOS 32UN,ECO+,Emb. 32 UNID.,"1,29€","0,04€ / UNID.",
Batatas Fritas Onduladas,RUFFLES,Emb. 0.18 KG,"2,27€","12,61€ / KG",
Cachaça Brasil 51,CACHAÇA 51,Garrafa 0.7 LT,"11,45€","16,36€ / LT",
DESODORIZANTE SPRAY ATTIRANT MEN 100ML COMPACT,CARRÉ HOMME,Emb. 0.1 LT,"1,29€","12,90€ / LT",
Alimento Seco para Cão Carne e Cereais Integrais,ECO+,Emb. 4 KG,"4,69€","1,17€ / KG",
Chá Lúcia Lima,TETLEY,Emb. 10 SAQ.,"0,86€","0,09€ / SAQ.",
Tablete de Chocolate Negro,NESTLÉ,Emb. 0.125 KG,"1,77€","14,16€ / KG",
Pó Sabão Natural,SKIP,Emb. 100 DOSES,"14,99€","0,15€ / DOSES",
CORTINA DUCHE 180X200 BRANCO,SILLAGE,Emb. 1 UNID.,"4,29€","4,29€ / UNID.",
ALGODAO MAXI OVAL X 60 BIO,BIONAÏA,Emb. 60 UNID.,"1,59€","0,03€ / UNID.",
Pão de Forma Oroweat Sementes Sésamo e Linhaça,BIMBO,Emb. 0.68 KG,"2,45€","3,60€ / KG",
Ração seca para gato bolas de pêlo c/ Peru,ULTIMA,Emb. 0.75 LT,"5,39€","7,19€ / LT",
Caramelo Líquido,ROYAL,Emb. 0.4 KG,"2,47€","6,18€ / KG",
Cogumelos de Paris Laminados Ultracongelado,NOTRE JARDIN,Emb. 1 KG,"2,19€","2,19€ / KG",
Mini Pizzas Piccolinis Salame,BUITONI,Emb. 0.27 KG,"3,99€","14,78€ / KG",
Rissóis Mistos 8 Unid.,,Emb. 0.35 KG,"2,19€","6,26€ / KG",
Cereais Integrais com Mel Biológicos,CHEERIOS,Emb. 0.33,"2,99€","9,06€ /",
Azeite Virgem Extra Seleção,SERRATA,Garrafa 0.75 LT,"3,99€","5,32€ / LT",
Pao Forma Sem Codea Economico,PANRICO,Emb. 0.45 KG,"2,07€","4,60€ / KG",
Vinho do Porto Tawny,PORTO CRUZ,Garrafa 0.75 LT,"4,99€","6,65€ / LT",
Cocktail de Soja Vegan sem Lactose e sem Glúten,NOBRE VEGALIA,Emb. 0.19 KG,"2,09€","11,00€ / KG",
Café Moído Torrado Intensidade 12,BUONDI,Emb. 0.2 KG,"3,35€","16,75€ / KG",
Estojo C/ Escova de Dentes e Copo Cor de Rosa 2-6 Anos,PETIT DENTAMYL,Emb. 1 UNID.,"2,99€","2,99€ / UNID.",
CAPS CAFE COMP C/ NESP - EM ALUMINIO - COLOMBIA,PLANTATION,Emb. 10 UNID.,"1,99€","0,20€ / UNID.",
Bolachas Tosta Rica,CUÉTARA,Emb. 0.57 KG,"3,85€","6,75€ / KG",
Croquetes de Carne,,Emb. 8   UNID.,"1,39€","0,17€ /   UNID.",
Vinho do Porto Branco,FERREIRA,Garrafa 0.75 LT,"6,19€","8,25€ / LT",
1ª Papa Láctea Cerelac Multifrutos Sem Glúten,NESTLÉ,Emb. 0.25 KG,"2,79€","11,16€ / KG",
Nata com Cogumelos,PARMALAT,Emb. 0.2 KG,"1,20€","6,00€ / KG",
Toalhitas para Cozinha Biodegradável,CIF,Emb. 36 UNID.,"2,24€","0,06€ / UNID.",
Desodorizante Invisible Spray,REXONA,Emb. 0.15 LT,"2,54€","16,93€ / LT",
CEREAIS RECHEADOS CHOCOLATE AVELA,P'TIT DÉLI,Emb. 0.45 KG,"1,69€","3,76€ / KG",
Água sem Gás Mineral Sport,LUSO,Emb. 0.75 LT,"0,69€","0,92€ / LT",
Refrigerante S/ Gás Limão,ECO+,Emb. 2 LT,"0,79€","0,40€ / LT",
Vinho do Porto Tawny,DORRÃO,Garrafa 0.75 LT,"4,29€","5,72€ / LT",
Atum Posta Pimenta&Ervas Finas,BOM PETISCO,Emb. 0.12 KG,"1,56€","13,00€ / KG",
Café Torrado Moído Intensidade 10,BUONDI,Emb. 0.22 KG,"3,35€","15,23€ / KG",
Conserva de Salsichas 8 Unid.,ECO+,Lata 0.2 KG,"0,75€","3,75€ / KG",
Sobremesa Creme Chocolate Mix 'n Croc,DÉLISSE,Emb. 0.468 KG,"1,99€","4,25€ / KG",
Pacotinho de Frutas Maçã Banana e Morango S/ Glúten +8 meses,NESTLÉ BEBÉ,Emb. 0.09 KG,"0,98€","10,89€ / KG",
Ovos Solo XL,SNR,Emb. 12 KG,"2,49€","0,21€ / KG",
AUSONIA AIRDRY NORMAL ABAS 38,AUSONIA,Emb. 38 UNID.,"4,24€","0,11€ / UNID.",
Roll On Narta Men InvisiMax,GARNIER,Emb. 0.05 LT,"3,95€","79,00€ / LT",
Desodorizante Spray Pêssego E Limão 0%Alumínio,DOVE,Emb. 0.15 LT,"2,84€","18,93€ / LT",
Bolachas Digestivas de Laranja,THINS,Emb. 0.174 KG,"2,39€","13,74€ / KG",
Ganchos Lavanda,RAID,Emb. 2 UNID.,"2,49€","1,25€ / UNID.",
Recarga Sabonete Líquido Hidratante Óleo Amêndoas/Karite,MANAVA,Emb. 0.25 LT,"0,65€","2,60€ / LT",
Chocolate Preto,CRUNCH,Emb. 0.1 KG,"1,39€","13,90€ / KG",
Orégãos Folhas,MARGÃO,Emb. 0.008 KG,"1,09€","136,25€ / KG",
AURICULARES MAOS LIVRES BRANCO,LINKSTER,Emb. 1 UNID.,"6,99€","6,99€ / UNID.",
Pantene Fixação Flexível Laca 300ml,PANTENE PV,Spray 0.3 LT,"3,74€","12,47€ / LT",
Alimento P/ Cão Adulto Pequeno Carne de Vaca C/ Arroz,PURINA,Emb. 0.8 KG,"5,72€","7,15€ / KG",
Pantene Caracóis Definidos Espuma 200ml,PANTENE PV,Emb. 0.2 LT,"3,74€","18,70€ / LT",
Vinho Branco,ECO+,Garrafão 5 LT,"5,69€","1,14€ / LT",
Ovo Kinder Surpresa Chocolate,KINDER,Emb. 0.02 KG,"1,29€","64,50€ / KG",
Esparguete à Carbonara,KNORR,Emb. 0.036 KG,"1,29€","35,83€ / KG",
MACEDONIA DE LEGUMES 1/4X3 3X200G,NOTRE JARDIN,Emb. 0.6 KG,"1,79€","2,98€ / KG",
Néctar Vital Equilíbrio Laranja Cenoura Manga,COMPAL,Emb. 1 LT,"1,59€","1,59€ / LT",
TAPETE RETANGULAR 90CM,P'TIT AMI,Emb. 1 UNID.,"11,99€","11,99€ / UNID.",
Pensos Higiénicos Normal Alas,EVAX,Emb. 12 UNID.,"2,96€","0,25€ / UNID.",
Lixívia Densa+ Harmonias Florais,NEOBLANC,Emb. 2 LT,"2,58€","1,29€ / LT",
Espuma de Barbear Clássica,GILLETTE,Emb. 0.2 LT,"2,85€","14,25€ / LT",
Bolachas com Cobertura Chocolate e Avelãs,P'TIT DÉLI,Emb. 0.12 KG,"1,45€","12,08€ / KG",
Vinagre de Vinho Tinto,RUSTICA,Garrafa 0.5 LT,"0,49€","0,98€ / LT",
Café Lote Bocage Moagem Única,NICOLA,Emb. 0.25 KG,"3,59€","14,36€ / KG",
Leite Bem Essencial UHT Magro,MIMOSA,Emb. 1 LT,"0,95€","0,95€ / LT",
Manteiga Salsa e Alho,MIMOSA,Emb. 0.125 KG,"1,69€","13,52€ / KG",
Iogurte de Aromas Frutas 24x50g,DÉLISSE,Emb. 1.2 KG,"2,99€","2,49€ / KG",
Alimento Húmido P/ Gato Sopa Vários Sabores,PURINA,Emb. 0.16 KG,"2,59€","16,19€ / KG",
Ambientador Pure Flor de Cereja da Ásia,AIRWICK,Emb. 0.25 LT,"4,19€","16,76€ / LT",
Feijocas 3X200G,NOTRE JARDIN,Emb. 0.6 KG,"1,79€","2,98€ / KG",
"AMACIADOR  ROUPA  ESSÊNCIA TALCO  1,5LT",CHICCO,,"5,84€",/ Unid.,
Ice Tea Pêssego Zero Açúcar,LIPTON,Emb. 1 LT,"1,16€","1,16€ / LT",
Mistura de Ervilhas e Cenouras Extrafinas Ultracongelado,NOTRE JARDIN,Emb. 1 KG,"1,99€","1,99€ / KG",
Cápsulas Café Au Lait Galão,DOLCE GUSTO,Emb. 16 CAPS.,"5,95€","0,37€ / CAPS.",
Marmelada Extra,,Emb. 0.45 KG,"1,09€","2,42€ / KG",
Chá Verde Pure,LIPTON,Emb. 20 SAQS,"1,29€","0,06€ / SAQS",
SACOS LIXO FECHO FACIL 100L,ELEMBAL,Emb. 10 UNID.,"1,59€","0,16€ / UNID.",
Fraldas Bebé T4 ACTIV+ 7/18 Kg,MOTS D'ENFANTS,Emb. 39 UNID.,"7,89€","0,20€ / UNID.",
Refrigerante C/ Gás Cola Clear,JEAN'S,Emb. 1 LT,"1,25€","1,25€ / LT",
Chá Verde e Limão,PLENO,Garrafa 1.5 LT,"1,49€","0,99€ / LT",
Bebida de Soja Baunilha 3x200ML,SHOYCE,Emb. 0.6 LT,"1,69€","2,82€ / LT",
Dentífrico Maximum Protection Caries,COLGATE,Emb. 0.075 LT,"2,95€","39,33€ / LT",
ALIMENT BEBE: FRUTA DO POMAR BIO 4M,BIO VILLAGE BEBE,Emb. 0.4 KG,"2,09€","5,23€ / KG",
Whisky William Lawson\'s,WILLIAM LAWSON'S,Garrafa 1 LT,"19,89€","19,89€ / LT",
"AGUA FASTIO,6x50CL",FASTIO,,"2,39€",/ Unid.,
Conjunto de 5 Chaves De Fendas,ECO+,Emb. 5 UNID.,"1,79€","0,36€ / UNID.",
VELA NUMERO - 3,ARDENCE,Emb. 1 UNID.,"0,89€","0,89€ / UNID.",
Cerveja sem Álcool 6X33cl,CHEERS,Emb. 1.98 LT,"3,24€","1,64€ / LT",
Lenços de Bolso Pure Sensitive 4 Folhas,RENOVA,Emb. 6 UNID.,"0,95€","0,16€ / UNID.",
Alimento Seco P/ Gato Frango,BEYOND,Emb. 0.35 g,"2,99€","8,54€ / g",
Bife do Acém Novilho,,1 Unid. = 0.25 KG (aprox.),"6,49€/kg","1,62€ / Unid.",
PEITO DE PERU FATIADO,CAMPO FINO,Emb. 0.2 KG,"1,99€","9,95€ / KG",
AGUA MICELAR CLÁSSICA 700ML,GARNIER,,"9,99€",/ Unid.,
Máquinas de Depilar Descartáveis Venus 3,GILLETTE,Emb. 6 UNID.,"5,93€","0,99€ / UNID.",
Vinho do Porto Ruby,DORRÃO,Garrafa 0.75 LT,"4,29€","5,72€ / LT",
Bolachas com Recheio de Framboesa,ECO+,Emb. 0.3 KG,"1,39€","4,63€ / KG",
ALIMENT BEBE: PURE CENOURAS BIO +4M 2X120G,BIO VILLAGE BEBE,Emb. 0.24 KG,"1,35€","5,63€ / KG",
Vinho Regional Alentejo Branco,TERRAS D'EL REI,Garrafa 0.75 LT,"2,69€","3,59€ / LT",
ALIMENT BEBE: PURE LEGUMES VERDES MASSA PERU BIO +8M 2X200G,BIO VILLAGE BEBE,Emb. 0.4 KG,"2,69€","6,73€ / KG",
ESPONJA JUMBO,TECH9,Emb. 1 UNID.,"1,99€","1,99€ / UNID.",
Vinho Verde Branco,CAMPELO,Garrafa 1 LT,"2,19€","2,19€ / LT",
Snack P/ Gato Crispies C/ Sabor a Frango e Carne de Vaca,FELIX,Emb. 0.45 KG,"1,89€","4,20€ / KG",
BOLACHAS RECHEADAS C/ CHOCO TIPO KANGO,P'TIT DÉLI,Emb. 0.225 KG,"1,59€","7,07€ / KG",
PATE CAMPESTRE PORCO BRETON IGP,NOS RÉGIONS ONT DU TALENT,Emb. 0.2 KG,"1,95€","9,75€ / KG",
Gel de Banho e Duche Flor Cerejeira/Leite/Aveia,MANAVA,Emb. 0.5 LT,"2,29€","4,58€ / LT",
Sacos Lixo Fecho Fácil 50L,ELEMBAL,Emb. 15 UNID.,"1,69€","0,11€ / UNID.",
Difusor Elétrico 3 Volution + Recarga Japan Tatami,AMBIPUR,Emb. 2 UNID.,"9,49€","4,75€ / UNID.",
Batatas Pré-Fritas em Cubos,POM'LISSE,Emb. 1 KG,"1,69€","1,69€ / KG",
Champô para Cabelos Secos e sem Brilho,TRESEMMÉ,Emb. 0.5 LT,"4,19€","8,38€ / LT",
INFUSAO TILIA E LIMAO,TISÉA,Emb. 25 UNID.,"1,59€","0,06€ / UNID.",
Carregador Universal,FOXTER,Emb. 1 UNID.,"15,90€","15,90€ / UNID.",
Detergente Loiça Manual Recarga Espuma Ativa,FAIRY,Emb. 0.375 LT,"2,39€","6,37€ / LT",
Verniz de Unhas 60 Segundos 430,RIMMEL,Emb. 1 UNID.,"4,98€","4,98€ / UNID.",
"AXE GB ICE CHILL,,400ML",AXE,Emb. 0.4 LT,"3,29€","8,23€ / LT",
Bolachas Sabor Limão com Amêndoas Biológicas,,Emb. 0.2 KG,"2,59€","12,95€ / KG",
Sortido de Bolachas,CUÉTARA,Emb. 0.21 KG,"2,29€","10,90€ / KG",
Mopa Seca com Cabo Extensível,,Emb. 1 UNID.,"6,50€","6,50€ / UNID.",
Pincel de Maquilhagem em Pó,,Emb. 1 UNID.,"3,99€","3,99€ / UNID.",
Snacks Mixups Favoritos,LAY'S,Emb. 0.14 KG,"1,69€","12,07€ / KG",
Sabonete Líquido Flor Laranjeira,MANAVA,Emb. 0.3 LT,"0,89€","2,97€ / LT",
SUBLINHADORES SORTIDOS 4UN,ESQUISSE,Emb. 4 UNID.,"1,59€","0,40€ / UNID.",
Recarga para Difusor Automático Relex Zen,GLADE,Emb. 2 UNID.,"7,18€","3,59€ / UNID.",
Mistura de Legumes Ultracongelado c/ Saquetas Tempero,NOTRE JARDIN,Emb. 1 KG,"2,69€","2,69€ / KG",
Massa Folhada com Manteiga,TABLIER BLANC,Emb. 0.23 KG,"1,59€","6,91€ / KG",
Sumo de Laranja,JOI,Garrafa 1.5 LT,"1,04€","0,69€ / LT",
Água com Gás Limão,PEDRAS,Garrafa 1 LT,"1,49€","1,49€ / LT",
RESGUARDO PROTECAO CAMA 80X90CM,CHORYS,Emb. 16 UNID.,"5,59€","0,35€ / UNID.",
Pizza Royale Ultracongelada,TURINI,Emb. 0.4 KG,"1,89€","4,73€ / KG",
Azeite Clássico,OLIVEIRA DA SERRA,Emb. 3 LT,"16,99€","5,66€ / LT",
Batatas Fritas Palha,POM'LISSE,Emb. 0.16 KG,"0,85€","5,31€ / KG",
Condicionador Liso Queratina Acondicinador,TRESEMMÉ,Emb. 0.7 LT,"6,59€","9,41€ / LT",
Almôndegas Bovino Mini,FERIAL,Emb. 0.75 KG,"8,99€","11,99€ / KG",
Champô Hidratante,BABY DOVE,Emb. 0.4 LT,"3,29€","8,23€ / LT",
Champô Linic Anti-Caspa Fem Sakura,LINIC,Emb. 0.225 LT,"3,34€","14,84€ / LT",
Sopa de Cogumelos Selvagens Gourmet,KNORR,Emb. 0.062 KG,"1,79€","28,87€ / KG",
Toalhitas Bebé Limpa e Hidrata,DODOT,Emb. 64 UNID.,"1,38€","0,02€ / UNID.",
Pimentão Doce Colorau,RUSTICA,Emb. 0.05 KG,"0,48€","9,60€ / KG",
Café Torrado Moagem Grossa,,Emb. 0.25 KG,"1,59€","6,36€ / KG",
CUBOS DE FIAMBRE 2X75G,TRADILÈGE,Emb. 0.15 KG,"1,89€","12,60€ / KG",
PERSIL HIGIENE E PUREZA GEL,PERSIL,Emb. 50 DOSES,"9,99€","0,20€ / DOSES",
Anti-Calcário 3 em 1 para a Máquina da Roupa,CALGON,Emb. 45 DOSES,"13,98€","0,31€ / DOSES",
Chiclets Spearmint 12 Unid.,CHICLETS,Emb. 0.017 KG,"0,89€","52,35€ / KG",
Crocantes de Frango Original Ultracongelado,IGLO,Emb. 0.18 KG,"3,99€","22,17€ / KG",
Chá Verde 25 Saquetas,,Emb. 0.037 KG,"0,89€","24,05€ / KG",
Máquinas de Barbear Descartáveis Blue II Plus Mulher,GILLETTE,Emb. 6 UNID.,"2,96€","0,49€ / UNID.",
Conjunto de 12 Esticadores Elásticos,ECO+,Emb. 12 UNID.,"2,69€","0,22€ / UNID.",
Sardinha em Tomate,BOM PETISCO,Emb. 0.12 KG,"0,99€","8,25€ / KG",
IOGURTE C/ BIFIDUS CEREAIS,DÉLISSE,Emb. 0.5 KG,"1,59€","3,18€ / KG",
Iogurte Bifidus Líquido Cereais Integrais 4 Unid.,DANONE,Emb. 0.62 KG,"1,99€","3,21€ / KG",
ALIMENTO PARA CANARIOS,ECO+,Emb. 1 KG,"1,49€","1,49€ / KG",
Papel Higiénico 2 Folhas Compact,MARQUE REPERE,Emb. 6 UNID.,"2,49€","0,42€ / UNID.",
BROWNIE CHOCOLATE C/ PEPITAS EM CAIXA,P'TIT DÉLI,Emb. 0.285 KG,"2,19€","7,68€ / KG",
PAPEL VEGETAL 8 MT,ELEMBAL,Emb. 8 MT,"0,99€","0,12€ / MT",
DESODORIZANTE P/ MQ.LOICA 2EM1 LIMAO + RECARGA,VISIOR,Emb. 2 UNID.,"1,29€","0,65€ / UNID.",
Óleo Alimentar,FRIGI,Garrafa 1 LT,"2,39€","2,39€ / LT",
Alimento Seco Cão Croquetes Light,TOUS MES AMIS,Emb. 4 KG,"4,99€","1,25€ / KG",
GUARDANAPOS RENOVA OLÉ DUPLO 140U,GUARDANAPOS RENOVA,Emb. 140 UNID.,"1,49€","0,01€ / UNID.",
Molho Passata Guloso C/Manjericao E Oregãos 210G,GULOSO,Emb. 0.21 KG,"0,75€","3,57€ / KG",
Bolachas Suecas Flocos de Aveia e Chocolate 150g,P'TIT DÉLI,Emb. 0.15 KG,"2,10€","14,00€ / KG",
Creme Hidratante Bebé Rosto e Corpo,MOTS D'ENFANTS,Emb. 0.1 LT,"1,99€","19,90€ / LT",
Gaufres com Ovos Frescos,P'TIT DÉLI,Emb. 0.26 KG,"1,39€","5,35€ / KG",
KETCHUP (BAIXO TEOR DE ACUCAR),RUSTICA,Emb. 0.535 KG,"1,69€","3,16€ / KG",
"DOSSIER A4 LOMBADA 4,5CM",ESQUISSE,Emb. 1 UNID.,"2,09€","2,09€ / UNID.",
CONCHAS DO MAR 6UN,CÔTÉ TABLE,Emb. 0.66 KG,"5,99€","9,08€ / KG",
Creme de Barbear Original,DENIM,Emb. 0.1 LT,"1,68€","16,80€ / LT",
Tablete Chocolate Excellence Dark 70%,LINDT,Emb. 0.1 KG,"2,09€","20,90€ / KG",
Shampoo Banho Rich Moisture Baby,BABY DOVE,Emb. 0.2 LT,"1,79€","8,95€ / LT",
Espanador Pack,PRONTO,Emb. 1 P,"3,89€","3,89€ / P",
Ambientador Stick Perfumado Amora e Baunilha,AIRWICK,Emb. 0.025 LT,"7,19€","287,60€ / LT",
LENCOS FACIAIS 3F ALOE VERA,CARESSE,Emb. 90 UNID.,"1,19€","0,01€ / UNID.",
Limpa Móveis Óleo de Cedro,PRONTO,Spray 0.25 LT,"4,69€","18,76€ / LT",
Folhado Fiambre 4x100 g Ultracongelado,CÔTÉ TABLE,Emb. 0.4 KG,"3,35€","8,38€ / KG",
CABIDE PLASTICO CRIANCA ROSA 4UN,SILLAGE,Emb. 4 UNID.,"1,89€","0,47€ / UNID.",
Desodorizante Deo Roll On Bio Eficácia,NARTA,Emb. 0.05 LT,"3,95€","79,00€ / LT",
BANZAI NOODLE CARNE CIGALA,CIGALA,Emb. 0.067 KG,"0,94€","14,03€ / KG",
PATE RICO VACA P/ GATO BIO 100G CV PLENIMA,PLENIMA,Emb. 0.1 KG,"0,75€","7,50€ / KG",
Batatas Pré-Fritas Cubos Ultracongelado,ECO+,Emb. 1 KG,"1,49€","1,49€ / KG",
PIZZA FRESCA 4 ESTACOES,TURINI,Emb. 0.45 KG,"2,59€","5,76€ / KG",
Detergente para a Máquina da Roupa Active Sports Líquido,SKIP,Emb. 66 DOSES,"12,49€","0,19€ / DOSES",
Iogurte Bifidus Líquido Morango 4 Unid.,DANONE,Emb. 0.62 KG,"1,99€","3,21€ / KG",
"ALIMENT BEBE: CENOURA, SEMOLA, BATATA DOCE, LEITE C/ PEDACOS BIO +8M 2X200G",BIO VILLAGE BEBE,Emb. 0.4 KG,"2,69€","6,73€ / KG",
Desodorizante Men Spray Active Fresh 0% Alumínio,REXONA,Emb. 0.15 LT,"2,84€","18,93€ / LT",
ASPIRADOR DE MAO,ELSAY,Emb. 1 UNID.,"34,90€","34,90€ / UNID.",
Gelado Baunilha E Chocolate,CARTE D'OR,Emb. 1.7 LT,"2,99€","1,76€ / LT",
"AMBIENTADOR MECHA ACTIVA ""FLORAL""375ML",BIEN AIR,375ML 0.375 LT,"1,55€","4,13€ / LT",
PILHAS RECARGAVEIS HR6,FOXTER,Emb. 4 UNID.,"7,49€","1,87€ / UNID.",
After Shave Original,DENIM,Emb. 0.1 LT,"5,19€","51,90€ / LT",
Biscoitos com Tablete de Chocolate Biológicos,,Emb. 0.15 KG,"2,09€","13,93€ / KG",
Sobremesa Gelado Vanilla Pecan,CARTE D'OR,Emb. 0.9 LT,"3,29€","3,66€ / LT",
GRELOS FOLHAS PORCOES,NOTRE JARDIN,Emb. 0.4 KG,"0,99€","2,48€ / KG",
PUDIM FLAN CHOCOLATE C/ CHOCOLATE 12UN,DÉLISSE,Emb. 1.2 KG,"2,79€","2,33€ / KG",
Azeite Virgem Extra Clássico,GALLO,Garrafa 0.25 LT,"1,91€","7,64€ / LT",
Máscara Capilar para Cabelo com Pontas Espigadas,GLISS,Emb. 0.3 LT,"3,79€","12,63€ / LT",
Sacos do Lixo Ultra Resistentes com Atilhos 100L,ELEMBAL,,"2,69€",/ Unid.,
Gelado Vegan de Amêndoas Pack 3,MAGNUM,Emb. 0.216 LT,"4,99€","23,10€ / LT",
Salsichas com Lentilhas,CÔTÉ TABLE,Emb. 0.42 KG,"1,49€","3,55€ / KG",
Bolachas de Manteiga Cobertas de Tablete Chocolate de Leite,P'TIT DÉLI,Emb. 0.125 KG,"1,29€","10,32€ / KG",
Refeição Arroz de Tomate e frango,BLÉDINA,Emb. 0.2 KG,"1,89€","9,45€ / KG",
Refrigerante Lima-Limão C/ Gás,SPRITE,Emb. 1 LT,"0,99€","0,99€ / LT",
Lava Tudo Universal Brilhante,SONASOL,Emb. 1.1 LT,"2,79€","2,54€ / LT",
FEIJAO BRANCO EM TOMATE,NOTRE JARDIN,Emb. 0.8 KG,"1,59€","1,99€ / KG",
PILHA ALCALINA 6LR3146 TECH+,FOXTER,Emb. 1 UNID.,"3,99€","3,99€ / UNID.",
APERITIVOS MILHO DINOSSAUROS SABOR KETCHUP,TOKAPI,Emb. 0.125 KG,"1,15€","9,20€ / KG",
ESCOVA LIMPA VIDROS 450 MM CLASSIC 12,TECH9,Emb. 1 UNID.,"1,59€","1,59€ / UNID.",
LAVA TUDO MARINHO,CLAIR,Emb. 2 LT,"0,89€","0,45€ / LT",
Caldo Marisco,KNORR,Emb. 8 CUBOS,"1,39€","0,17€ / CUBOS",
Cereais de Chocolate e Caramelo,LION,Emb. 0.4 KG,"2,92€","7,30€ / KG",
PETINGAS EM TOMATE PICANTE GENERAL,GENERAL,Emb. 0.09 KG,"0,89€","9,89€ / KG",
Rebuçados sem Açúcar Sabor Mel e Limão 4x32g,HALLS,Emb. 0.128 KG,"2,76€","21,56€ / KG",
Salsichão Original,ELPOZO,0.2 KG,"2,69€","13,45€ / KG",
Sabonete Sólido Hidratante,MANAVA,Emb. 0.1 KG,"0,75€","7,50€ / KG",
Concentrado de Fruta Tropical,SUNQUICK,Garrafa 0.7 LT,"5,69€","8,13€ / LT",
Vinho de Mesa Branco,ECO+,Emb. 2 L,"2,69€","1,35€ / L",
Papel Higiénico 2 Folhas Estra XXL 18=45,RENOVA,Emb. 18 ROLOS,"10,99€","0,61€ / ROLOS",
Ketchup,CALVÉ,Emb. 0.25 KG,"1,29€","5,16€ / KG",
DETERGENTE CAPSULA FRESCURA P/ROUPA ATIVOS VEGETAIS 30D,XÉOR,,"4,99€",/ Unid.,
Café Solúvel Alta Rica Intenso,NESCAFÉ,Emb. 0.1 KG,"6,29€","62,90€ / KG",
TESOURA ROSA C/PROTECAO 13CM,ESQUISSE,Emb. 1 UNID.,"1,49€","1,49€ / UNID.",
Crocante de Frango Recheio Queijo e Fiambre,IGLO,Emb. 0.204 KG,"4,99€","24,46€ / KG",
Pão Especial Campagnard Fatiado sem Glúten,CHAQUE JOUR SANS GLUTEN,Emb. 0.4 KG,"3,29€","8,23€ / KG",
Pão Centeio,,1 Unid. = 0.4 KG,"2,75€","6,88€ / KG",
Alimento Seco P/ Gato Adulto Rico em Salmão e Cevada Integral,BEYOND,Emb. 0.85 KG,"6,29€","7,40€ / KG",
Vinho Regional Alentejano Branco,LOIOS,Garrafa 0.75 LT,"3,49€","4,65€ / LT",
Fraldas de Incontinência Plus Tam. M,LINDOR,Emb. 14 UNID.,"14,55€","1,04€ / UNID.",
SORVETE TANGERINA,TROFIC,Emb. 1 LT,"1,99€","1,99€ / LT",
Batatas Fritas Onduladas,POM'LISSE,Emb. 0.2 KG,"1,19€","5,95€ / KG",
Queijo Roquefort DOP,LES CROISÉS,Emb. 0.1 KG,"1,69€","16,90€ / KG",
Desodorizante Spray Colonia,MANAVA,Emb. 0.1 LT,"1,29€","12,90€ / LT",
Mistura Solúvel Sem Café,PLANTATION,Frasco 0.2 KG,"2,09€","10,45€ / KG",
Iogurte de Morango 4 Unid.,IOGOLINO,Emb. 0.4 KG,"2,79€","6,98€ / KG",
Gelado de Menta com Chocolate,CARTE D'OR,Emb. 1 LT,"2,89€","2,89€ / LT",
PIZZA 4 FROM TURINI,TURINI,Emb. 0.4 KG,"2,29€","5,73€ / KG",
Cápsulas Café Colombia Lungo Intensidade 5 Bio,DOLCE GUSTO,Emb. 12 CAPS.,"5,49€","0,46€ / CAPS.",
Fruta 100% 7 Frutos 4 Unid.,NESTLÉ,Emb. 0.4 KG,"2,19€","5,48€ / KG",
Pensos Higiénicos Cottonlike Super Alas,EVAX,Emb. 12 UNID.,"2,59€","0,22€ / UNID.",
Champô Cabelo Ultra Suave Óleo de Abacate e Manteiga de Carité,GARNIER,Emb. 0.4 LT,"5,53€","13,83€ / LT",
Barras de Cereais Aveia e Chocolate sem Glúten 6Unid.,CHAQUE JOUR SANS GLUTEN,Emb. 0.138 KG,"2,25€","16,30€ / KG",
Batom Corretivo 002,RIMMEL,Emb. 1 UNID.,"6,99€","6,99€ / UNID.",
"Cereais de Trigo, Mel e Aveia",CHEERIOS,Emb. 0.375 KG,"2,92€","7,79€ / KG",
Esparguete,TURINI,Emb. 0.5 KG,"0,85€","1,70€ / KG",
WAFFERS EXTRA FINAS CHOCOLATE E AVELA,P'TIT DÉLI,Emb. 0.16 KG,"1,79€","11,19€ / KG",
Sumo Active Drink Frutos Exóticos / Cenoura,SANTAL,Emb. 1.5 LT,"1,99€","1,33€ / LT",
Pargo Mulato,,1 Unid. = 0.77 KG (aprox.),"6,99€/kg","5,38€ / Unid.",
Refrigerante C/ Gás Gasosa,ECO+,Garrafa 2 LT,"0,65€","0,33€ / LT",
PATE CAMPESTRE C/ COGUMELOS,CÔTÉ TABLE,Emb. 0.18 KG,"1,39€","7,72€ / KG",
Vinho Tinto,SANTA MARTA,Bag in Box 5 LT,"8,49€","1,70€ / LT",
Pescada Argentina Nº1 Congelada,,1 Unid. = 0.6 KG (aprox.),"3,98€/kg","2,39€ / Unid.",
Alimento Seco para Cão Carne e Cereais Integrais,ECO+,Emb. 20 KG,"14,99€","0,75€ / KG",
Arroz Agulha,BOM SUCESSO,Emb. 1 KG,"1,14€","1,14€ / KG",
Balde de Pipocas Doces,TOKAPI,Emb. 0.24 KG,"2,99€","12,46€ / KG",
CAFE SOLUVEL EXPRESSO STICKS X25 - 45G 25UN,PLANTATION,Emb. 0.045 KG,"1,59€","35,33€ / KG",
Gelado Cookies & Cream Les Desserts,CARTE D'OR,Emb. 0.9 LT,"3,29€","3,66€ / LT",
PURE DE MALAGUETA,TABLES DU MONDE,Emb. 0.1 KG,"0,99€","9,90€ / KG",
Preservativo Nature,CONTROL,Emb. 6 UNID.,"3,14€","0,52€ / UNID.",
Bebida Côco,NAT&VIE,Emb. 1 LT,"1,69€","1,69€ / LT",
Vinho Regional Tejo Tinto,BRIDÃO,Garrafa 0.75 LT,"2,99€","3,99€ / LT",
Café Solúvel Frasco,DELTA,Frasco 0.2 KG,"3,89€","19,45€ / KG",
NUGGETS QUEIJO10UN,CÔTÉ CROC,Emb. 0.18 KG,"1,29€","7,17€ / KG",
Lombos Tamboril Congelado,,1 Unid. = 0.2 KG (aprox.),"6,99€/kg","1,40€ / Unid.",
Suporte Universal Carro P/ Smartphone 2Em1,LINKSTER,Emb. 1 UNID.,"8,99€","8,99€ / UNID.",
VINHO CALLABRIGA MAGNUM,Magnum Callabriga,Emb. 1.5 LT,"42,90€","28,60€ / LT",
Conserva de Feijão Preto,NOTRE JARDIN,Lata 0.85 KG,"0,99€","1,16€ / KG",
Ervilhas Muito Finas,NOTRE JARDIN,Emb. 0.4 KG,"0,79€","1,98€ / KG",
ALIMENTO HUMIDO BACALHAU/SALMAO/CENOURA P/ CAO 1240G,LYDOG,Emb. 1.24 KG,"1,99€","1,60€ / KG",
DENTIFRICO SABOR A MENTA 7-13 ANOS KIDS,DENTAMYL,Emb. 0.075 LT,"0,89€","11,87€ / LT",
Café Corsé Intensidade 8 Moído,PLANTATION,Emb. 48 PAST.,"3,89€","0,08€ / PAST.",
Sumo 100% de Laranja,JAFADEN,Emb. 1 LT,"1,49€","1,49€ / LT",
DESODORIZANTE SPRAY INVISIBLE MEN 200ML,CARRÉ HOMME,Emb. 0.2 LT,"1,19€","5,95€ / LT",
CHAMPO AUTO 5 L 5L TECH9,TECH9,Emb. 5 LT,"3,39€","0,68€ / LT",
Rebuçados sem Açúcar Sabor Morango 4x32g,HALLS,Emb. 0.128 KG,"2,79€","21,80€ / KG",
Natas Culinária 0% Lactose,PARMALAT,Emb. 0.2 LT,"1,25€","6,25€ / LT",
Iogurte de Pêra 4 Unid.,IOGOLINO,Emb. 0.4 KG,"2,79€","6,98€ / KG",
SACOS LIXO FECHO FACIL 100% RECICLADO 30L,ECO+,Emb. 20 UNID.,"1,19€","0,06€ / UNID.",
Detergente Casa de Banho Spray Recarga,CIF,Emb. 0.07 LT,"1,89€","27,00€ / LT",
LENTILHAS,NOTRE JARDIN,Emb. 0.45 KG,"0,89€","1,98€ / KG",
Flocos de Aveia Biológicos,,Emb. 0.5 L,"1,19€","2,38€ / L",
Pudim Caramelo,BOCA DOCE,Emb. 0.022 KG,"0,47€","21,36€ / KG",
Ovos Solo XL,SNR,Emb. 6 UNID.,"1,59€","0,27€ / UNID.",
Refrigerante C/ Gás Zero Cafeína Zero Açúcar,COCA COLA ZERO,Emb. 1.75 LT,"1,79€","1,02€ / LT",
Queijo Fresco Magro 0% Gordura Pack 3,MATINAL,Emb. 0.216 KG,"2,29€","10,60€ / KG",
Água Tónica de Extratos Vegetais,SCHWEPPES,Garrafa 1 LT,"1,94€","1,94€ / LT",
Vinho do Porto Offley Ruby,OFFLEY,Garrafa 0.75 LT,"4,69€","6,25€ / LT",
Pacotinho de Frutas Maçã Manga S/ Glúten +6 meses,NESTLÉ BEBÉ,Emb. 0.09 KG,"0,98€","10,89€ / KG",
Cillit Bang Bolor & Sujidade,CILLIT BANG,Emb. 0.5 LT,"2,24€","4,48€ / LT",
Máscara Capilar Reparadora Color Keratina,TRESEMMÉ,Emb. 0.2 LT,"5,39€","26,95€ / LT",
Chá de Cidreira,,Emb. 25 SAQ.,"0,79€","0,03€ / SAQ.",
Aperitivo Krit Krititas,CUÉTARA,Emb. 0.35 KG,"2,65€","7,57€ / KG",
MISTURA DE LEGUMES A VAPOR,NOTRE JARDIN,Emb. 0.4 KG,"1,57€","3,93€ / KG",
MOLHO COCKTAIL 253ML,CALVÉ,Emb. 0.253,"2,59€","10,24€ /",
Chourição Fatiado Tapas,CAMPOFRIO,Emb. 0.08 KG,"1,51€","18,88€ / KG",
Shampoo Fortificante Arginina e Proteína,ELVIVE,Emb. 0.25 LT,"3,95€","15,80€ / LT",
Alimento Seco P/ Gato Esterilizado C/ Salmão e Trigo,PURINA,Emb. 0.8 KG,"6,99€","8,74€ / KG",
Dentífrico Cuidado Completo Sensitive Expert,DENTAMYL,Emb. 0.075 LT,"0,99€","13,20€ / LT",
Ambientador Recarga Portátil touch&fresh Relax Zen,GLADE,Emb. 2 UNID.,"7,18€","3,59€ / UNID.",
Detergente Manual Loiça Ultra Limão,FAIRY,Emb. 0.48 LT,"1,69€","3,52€ / LT",
Palmiers,,Emb. 0.3 KG,"1,69€","5,63€ / KG",
Molho Bolonhesa,TURINI,Frasco 0.68 KG,"2,49€","3,66€ / KG",
NECTAR MULTIFRUTOS SEM ADICAO DE AÇÚCARES,JAFADEN,Emb. 1 LT,"1,39€","1,39€ / LT",
Limpeza Cif Cozinha Eco Recarga Spray,CIF,Emb. 0.07 LT,"1,89€","27,00€ / LT",
Fraldas Bebé Ultra Confort Maxi +9/20 Kg,MOTS D'ENFANTS,Emb. 41 UNID.,"6,99€","0,17€ / UNID.",
Vinho Rosé Emotions,MATEUS,Garrafa 0.75 LT,"3,19€","4,25€ / LT",
Conserva de Atum em Óleo Girassol,PÊCHE OCÉAN,Emb. 0.385 KG,"2,69€","6,99€ / KG",
KINDER BUENO WHITE T2X4,KINDER BUENO,Emb. 0.16 KG,"2,44€","15,25€ / KG",
Batatas Fritas HOT DOG,RUFFLES,Emb. 0.13 KG,"1,78€","13,69€ / KG",
Elixir Anti-Cáries,LISTERINE,Emb. 0.5 LT,"6,43€","12,86€ / LT",
FEIJAO VERDE M.FINO M.GUIA,NOTRE JARDIN,Emb. 0.22 KG,"0,99€","4,50€ / KG",
Arroz Agulha,BELMONTE,Emb. 1 KG,"1,03€","1,03€ / KG",
Vinho Bordeaux Rouge A.O.C. 2014,CHANTET BLANET,Garrafa 0.75 ML,"3,49€","4,65€ / ML",
Desodorizante Spray Baunilha,MANAVA,Emb. 0.2 LT,"1,24€","6,20€ / LT",
Água Tónica 6 Unid.,SPRINK'S,Garrafa 1.98 LT,"2,89€","1,46€ / LT",
LIMPA VIDROS AUTO 5 L 5L TECH9,TECH9,Emb. 5 LT,"2,39€","0,48€ / LT",
Pudim Ananás,BOCA DOCE,Emb. 0.022 KG,"0,47€","21,36€ / KG",
Filete Cavala em Azeite Virgem,BOM PETISCO,Emb. 0.12 KG,"2,39€","19,92€ / KG",
TIRAS FRANGO PANADO,CÔTÉ CROC,Emb. 0.6 KG,"7,99€","13,32€ / KG",
Gentil Lixívia para a Roupa a Cores e Delicada,NEOBLANC,Emb. 2 LT,"4,94€","2,47€ / LT",
GELATINA MANGA LARANJA LIGHT CONDI 2X15G,CONDI,Emb. 0.3 KG,"1,77€","5,90€ / KG",
FIAMBRE PERNA EXTRA FATIADO,CAMPO FINO,Emb. 0.15 KG,"1,29€","8,60€ / KG",
AGRAFADOR Nº10 + 400AGRAFOS,ESQUISSE,Emb. 1 UNID.,"1,99€","1,99€ / UNID.",
NAPERONS RECTANGULARES 40X50CM,,Emb. 3 UNID.,"0,76€","0,25€ / UNID.",
Massa Quebrada com Gordura Vegetal Rolo,,Emb. 0.23 KG,"0,59€","2,57€ / KG",
Pão de Forma,EPI D'OR,Emb. 0.5 KG,"0,89€","1,78€ / KG",
VELA NUMERADA N 5,,Emb. 1 UNID.,"0,59€","0,59€ / UNID.",
Cápsulas Descafeinado Espresso P/ Nespresso Intensidade 11,STARBUCKS,Emb. 10 CAPS.,"4,45€","0,45€ / CAPS.",
DESMAQUILHANTE DE OLHOS WATERPROOF BIFASICO,BIONAÏA,Emb. 0.15 LT,"2,69€","17,93€ / LT",
RECARGAS MAQ BARBEAR 3 LAMINAS,CARRÉ HOMME,Emb. 4 UNID.,"3,19€","0,80€ / UNID.",
PELICULA ADERENTE 50M,ECO+,Emb. 50 M,"0,90€","0,02€ / M",
Néctar Clássico Pera,JAFADEN,Emb. 1 LT,"0,99€","0,99€ / LT",
PIMENTA PRETA EM GRAO SAQUETA,RUSTICA,Emb. 0.05 KG,"0,89€","17,80€ / KG",
Champô Repara Azeite de Argão de Marrocos,HERBAL ESSENCES,Emb. 0.4 LT,"3,99€","9,98€ / LT",
DOCE FRAMBOESA LIGHT,DOUCEUR DU VERGER,Emb. 0.34 KG,"1,39€","4,09€ / KG",
Pizza Fiambre Queijo 3x350g,TURINI,Emb. 1.05 KG,"4,49€","4,28€ / KG",
Paloco Desfiado,,Emb. 0.4 KG,"3,99€","9,98€ / KG",
Creme de Legumes,REGAL SOUPE,Emb. 1 LT,"1,59€","1,59€ / LT",
Salmão Posta,,1 Unid. = 0.25 KG (aprox.),"11,99€/kg","3,00€ / Unid.",
Detergente Roupa Máquina Pó Surf Tropical,SURF,Emb. 70 DOSES,"9,99€","0,14€ / DOSES",
Bebida soja Original 3x250ml,ALPRO,Emb. 0.75 LT,"1,79€","2,39€ / LT",
Álcool Canforado HIDRO 250ml,HIDRO,Emb. 0.25 LT,"2,09€","8,36€ / LT",
Esfregona Suave com Cabo,VILEDA,Emb. 1 UNID.,"7,50€","7,50€ / UNID.",
"ALTAS QUINTAS 600 TINTO 0,75",ALTAS QUINTAS 600,,"6,99€",/ Unid.,
RIMMEL BL_  BATON LASTING FINISH KATE MOSS 005,,Emb. 1 UNID.,"8,69€","8,69€ / UNID.",
Sobremesa de Soja Pistachio,NAT&VIE,Emb. 0.4 KG,"1,34€","3,35€ / KG",
Salsa em Folhas,MARGÃO,Emb. 0.006 KG,"1,19€","198,33€ / KG",
Murganheira Vintage Pinot,MURGANHEIRA,Emb. 0.75 LT,"39,99€","53,32€ / LT",
Conserva de Tremoço Extra,RUSTICA,Frasco 0.87 KG,"2,19€","2,52€ / KG",
Bebida Espirituosa London Gin,BRIGHTON'S,Garrafa 0.7 LT,"6,99€","9,99€ / LT",
Snacks P/ Cão 12-25Kg Dentalife Medium,PURINA,Emb. 0.345 KG,"6,49€","18,81€ / KG",
CONDICIONADOR REPARADOR,VITANOVE,Emb. 0.2 LT,"1,24€","6,20€ / LT",
ACENDALHAS EM BASTOES,SILEX,Emb. 24 UNID.,"2,49€","0,10€ / UNID.",
Creme Anti-Rugas Cuidado Noite,DERMO EXPERTISE,Emb. 0.05 LT,"14,84€","296,80€ / LT",
Limpa Madeiras Brilhante Secagem Rápida,SONASOL,Emb. 1.1 LT,"2,79€","2,54€ / LT",
Aditivo roupa spray roupa branca,VANISH,Emb. 0.75 LT,"5,19€","6,92€ / LT",
Crackers,EPI D'OR,Emb. 0.25 KG,"1,09€","4,36€ / KG",
Papel Higiénico 2 Folhas,MARQUE REPERE,Emb. 12 UNID.,"2,49€","0,21€ / UNID.",
Desodorizante Spray Sport Cool,DOVE,Emb. 0.05 LT,"2,39€","47,80€ / LT",
Óleo Intense 4-23 Cereja Profundo,SYOSS,,"6,24€",/ Unid.,
Bife da Pá Novilho,,1 Unid. = 0.25 KG (aprox.),"6,49€/kg","1,62€ / Unid.",
Rolo de Cozinha Máxima Absorção 8+4 Unid.,RENOVA,Emb. 1 P,"6,19€","6,19€ / P",
Spray de Limpeza e Desengordurante Cozinha Ecológico,UNÍ VERT,Emb. 0.75 LT,"1,49€","1,99€ / LT",
Café Torrado Moído Nyeri Kenya Intensidade 8,SICAL,Emb. 16 UNID.,"3,99€","0,25€ / UNID.",
Pente de Cabelo,,Emb. 1 UNID.,"1,99€","1,99€ / UNID.",
DETERGENTE LIQUIDO CONCENTRADO FRESCURA 28D,EPSIL,,"2,90€",/ Unid.,
Massa Couscous Grão Médio,MILANEZA,Emb. 1 KG,"2,65€","2,65€ / KG",
Toalhitas Proteção Cores,WOOLITE,Emb. 10 UNID.,"3,49€","0,35€ / UNID.",
Tira Gorduras Misto,MISTOLIN,Emb. 0.545 LT,"2,95€","5,41€ / LT",
Biscoitos Revestidos com Chocolate Branco,P'TIT DÉLI,Emb. 0.15 KG,"0,79€","5,27€ / KG",
Creme Depilatório Duche Peles Normais,VEET,Emb. 0.15 LT,"6,64€","44,27€ / LT",
Iogurte com Frutos 12x125g,ECO+,Emb. 1.5 KG,"2,35€","1,57€ / KG",
Papel Higiénico 2 Folhas Super,RENOVA,Emb. 48 ROLOS,"13,99€","0,29€ / ROLOS",
"Escova P/ Loiça ""Lola""",,Emb. 1 UNID.,"0,69€","0,69€ / UNID.",
Alimento P/ Gato de Salmão C/ Mandioca S/ Glúten,BEYOND,Emb. 1.2 KG,"11,85€","9,88€ / KG",
Bolachas Plain Chocolate,BELVITA,Emb. 0.3 KG,"1,97€","6,57€ / KG",
Snacks Party Mix Original,FELIX,Emb. 0.06 KG,"1,89€","31,50€ / KG",
CHAMPO + DUCHE ENERGIZANTE PARA HOMEM,CARRÉ HOMME,Emb. 0.25,"0,95€","3,80€ /",
Conhaque Royal Spirit,MACIEIRA,Garrafa 0.7 LT,"10,99€","15,70€ / LT",
Açúcar Especial Compota,TÉVA,Emb. 1 KG,"1,79€","1,79€ / KG",
Alimento Seco P/ Gato Adulto Frango e Cereais,PURINA ONE,Emb. 0.8 KG,"6,99€","8,74€ / KG",
DESODORIZANTE AERO DARK TEMPTATION,AXE,Emb. 0.15 LT,"3,29€","21,93€ / LT",
Lixívia Frescura do Campo,NEOBLANC,Emb. 2 LT,"2,14€","1,07€ / LT",
COUVE FLOR,RUSTICA,Emb. 0.36 KG,"1,09€","3,03€ / KG",
Aguardente Velha,CR&F,Emb. 0.7 LT,"17,49€","24,99€ / LT",
PENSOS DIARIOS MINI,CHORYS,Emb. 28 UNID.,"1,49€","0,05€ / UNID.",
MASCARA FACIAL EM TECIDO TONIFICANTE,INELL,Emb. 1 UNID.,"2,29€","2,29€ / UNID.",
Sidra Normand Doce,LES GOELLERIES,Garrafa 0.75 LT,"2,19€","2,92€ / LT",
CUECA INCONTINENCIA ABSORCAO PLUS MEDIA,CHORYS,Emb. 12 UNID.,"7,99€","0,67€ / UNID.",
Farinha de Trigo com Fermento,ECO+,Emb. 1 KG,"0,89€","0,89€ / KG",
Bebida Energética,X-TENSE,Lata 4 UNID.,"3,89€","0,97€ / UNID.",
"Alimento Húmido P/Cão Adulto C/ Gelatina de Boi, Frango e Cordeiro",,Emb. 0.4 KG,"2,39€","5,98€ / KG",
Cillit Bang Limpa Vidros 500ML x12,CILLIT BANG,Emb. 0.5 LT,"2,24€","4,48€ / LT",
DESODORIZANTE SPRAY SEDUCTION MEN 100ML COMPACT,CARRÉ HOMME,Emb. 0.1 LT,"1,19€","11,90€ / LT",
Tablete de Chocolate Extrafino C/ Avelã,NESTLÉ,Emb. 0.123 KG,"1,77€","14,39€ / KG",
Pastilha Elástica Senses Frutos Vermelhos 3x23g,TRIDENT,Emb. 0.069 KG,"2,55€","36,96€ / KG",
Bolachas Areadas Cobertas de Chocolate,P'TIT DÉLI,Emb. 0.15 KG,"1,19€","7,93€ / KG",
Alimento Seco P/ Gatos Interior Frango,PURINA FRISKIES,Emb. 3 KG,"11,99€","4,00€ / KG",
BECEL ORIGINAL 250G,BECEL,Emb. 0.25 KG,"2,99€","11,96€ / KG",
Alho Picado,MARGÃO,Frasco 0.06 KG,"3,49€","58,17€ / KG",
Iogurte Bifidus Activia Natural 4 Unid.,DANONE,Emb. 0.48 KG,"1,99€","4,15€ / KG",
Queijo Chaource DOP,NOS RÉGIONS ONT DU TALENT,Emb. 0.25 KG,"2,99€","11,96€ / KG",
Água Tónica Mist,NORDIC,Lata 0.25 LT,"0,67€","2,68€ / LT",
Natas Líquidas Magra 3x20cl,DÉLISSE,Emb. 0.06 LT,"1,79€","29,83€ / LT",
ACHOCOLATADO GRANULADO,BON CHOCO,0.400 0,"1,99€",inf€ /,
Pantene Fixação Ultra Forte Laca 300ml,PANTENE PV,Emb. 0.3 LT,"3,74€","12,47€ / LT",
Chá de Frutos Vermelhos,TISÉA,Emb. 25 SAQ.,"1,19€","0,05€ / SAQ.",
Conserva de Azeitona Verde Recheada,RUSTICA,Frasco 0.36 KG,"1,15€","3,19€ / KG",
Ice Tea de Pêssego 3x20 cl,LIPTON,Emb. 0.6 LT,"1,17€","1,95€ / LT",
PIMENTAO DOCE SAQUETA,RUSTICA,Emb. 0.1 KG,"0,95€","9,50€ / KG",
Vinagre de Sidra,RUSTICA,Garrafa 0.5 LT,"0,35€","0,70€ / LT",
ANTI NODOAS E ANTI-DESCOLORACAO 2EM1,TEXIL,Emb. 12 UNID.,"2,49€","0,21€ / UNID.",
Drageia Menta,MENTOS,Emb. 0.04 KG,"0,64€","16,00€ / KG",
Conserva De Cogumelos Laminados 800G ECO+,ECO+,Emb. 0.8 KG,"1,79€","2,24€ / KG",
Fraldas Bebé T4 Ultra Confort 7/18 Kg,MOTS D'ENFANTS,Emb. 26 UNID.,"4,45€","0,17€ / UNID.",
AGUA MICELAR BIO,BIONAÏA,Emb. 0.4 LT,"2,95€","7,38€ / LT",
MINI BOLA FUTSAL ESPUMA,WOODSUN,Emb. 1 UNID.,"1,49€","1,49€ / UNID.",
Bebida Gaseificada Aromatizada de Framboesa S/ Álcool,FESTALIE,Emb. 0.75 ML,"2,49€","3,32€ / ML",
Alimento Húmido para Gato Borrego,LYCAT,Emb. 0.1 KG,"0,55€","5,50€ / KG",
COMINHOS MOIDOS SAQUETA,RUSTICA,Emb. 0.05 KG,"0,79€","15,80€ / KG",
Pão de Forma com Côdea 9 Cereais,PANRICO,Emb. 0.52 KG,"2,35€","4,52€ / KG",
Óleo Cabelo Repara e Protege,PANTENE,Emb. 0.1 LT,"7,49€","74,90€ / LT",
Pacotinho de Cereais e Mel,NESTUM,Emb. 0.08 KG,"0,98€","12,25€ / KG",
Maionese com Mostarda de Dijon,,Frasco 0.47 KG,"1,49€","3,17€ / KG",
Spray Desembaraçador,NATEIS,Emb. 0.2 LT,"1,99€","9,95€ / LT",
MASSA TORTELLINI RICOTTA ESPINAFRES,TURINI,Emb. 0.3 KG,"1,59€","5,30€ / KG",
Arroz Vaporizado,COMPTOÍR DU GRAIN,Emb. 1 KG,"1,25€","1,25€ / KG",
Vinho Regional Douro Tinto,TELLUS,Garrafa 0.75 LT,"3,85€","5,13€ / LT",
Spray Limpa Vidros Tripla Ação,AJAX,Emb. 0.5 LT,"3,18€","6,36€ / LT",
Creme Depilatório Peles Normais,VEET,Emb. 0.2 LT,"6,64€","33,20€ / LT",
Pensos Incontinência Discreet Maxi Night,AUSONIA,Emb. 16 UNID.,"7,79€","0,49€ / UNID.",
MASSA QUEBRADA S/ GLUTEN,CHAQUE JOUR SANS GLUTEN,Emb. 0.23 KG,"2,53€","11,00€ / KG",
ALIMENTO PARA ROLAS,ECO+,Emb. 3 KG,"2,99€","1,00€ / KG",
Fatias Finas Fiambre Extra Suculento,NOBRE,Emb. 0.1 KG,"1,30€","13,00€ / KG",
Bolachas com Sal Crackers,DU BOIS DE LA ROCHE,Emb. 0.5 KG,"3,09€","6,18€ / KG",
BEBIDA SOJA NATURAL,ALPRO,Emb. 1 LT,"1,59€","1,59€ / LT",
Sabonete Líquido Mão,DOVE,Emb. 0.25 LT,"2,39€","9,56€ / LT",
Conserva de Azeitona Mista Galega,RUSTICA,Emb. 0.3 KG,"1,99€","6,63€ / KG",
REDONDITAS CROCANTES tipo belgas,P'TIT DÉLI,Emb. 0.25 KG,"1,99€","7,96€ / KG",
Cone Baunilha 8x120ml,ECO+,Emb. 8 UNID.,"2,49€","0,31€ / UNID.",
Massa Lasanha C/ Ovo,MILANEZA,Emb. 0.5 KG,"2,49€","4,98€ / KG",
Fiambre da Perna Extra Fatiado,NOBRE,Emb. 0.11 KG,"2,14€","19,45€ / KG",
Vinho do Porto Lágrima Branco,DORRÃO,Emb. 0.075 LT,"6,49€","86,53€ / LT",
Vinho Verde Branco,MURALHAS,Garrafa 0.75 LT,"4,49€","5,99€ / LT",
BEBIDA ARROZ ORIGINAL,ALPRO,Emb. 1 LT,"2,09€","2,09€ / LT",
MOLHO PARA HAMBURGUER,RUSTICA,Emb. 0.85 KG,"3,99€","4,69€ / KG",
Cerveja C/ Álcool,FALSBOURG,Lata 0.33 LT,"0,38€","1,15€ / LT",
Fatias Fiambre da Perna Extra,NOBRE,Emb. 0.12 KG,"2,49€","20,75€ / KG",
Eau De Toilette Umbro Energy,UMBRO,Emb. 0.03 LT,"6,99€","233,00€ / LT",
Ossos Prensados 14Cm,TOUS MES AMIS,Emb. 2 UNID.,"2,08€","1,04€ / UNID.",
BL1 LED FILA CHAMA 4-40W E14,FOXTER,Emb. 1 UNID.,"3,79€","3,79€ / UNID.",
"JARRO ELETRICO 2000W 1,7L",ECO+,Emb. 1 UNID.,"11,90€","11,90€ / UNID.",
MASSA FOLHADA,TABLIER BLANC,Emb. 0.23 KG,"1,18€","5,13€ / KG",
Gomas Trio Acidas,COPAÍNS COPINES,Emb. 0.2 KG,"0,99€","4,95€ / KG",
Conserva de Grão,COMPAL,Lata 0.845 KG,"1,59€","1,88€ / KG",
Mousse de Café 4x60g,DÉLISSE,Emb. 0.24 KG,"1,35€","5,63€ / KG",
Gelatina Light de Melancia,ROYAL,Emb. 0.031 KG,"1,87€","60,32€ / KG",
Espanador Duster + 5 Panos,SWIFFER,Emb. 1 UNID.,"3,59€","3,59€ / UNID.",
LAVA TUDO CONCENTRADO ECOLOGICO,UNÍ VERT,Emb. 1 LT,"1,59€","1,59€ / LT",
Lenços Bolso 6+2 Unidades Red Label Pure,LENÇOS RENOVA,Emb. 8 UNID.,"1,49€","0,19€ / UNID.",
Cápsulas Café Lungo Intensidade 6,DOLCE GUSTO,Emb. 16 CAPS.,"5,95€","0,37€ / CAPS.",
Tempero para Frango,RUSTICA,Frasco 0.2 KG,"0,75€","3,75€ / KG",
Bebida de Soja com Baunilha Biológica,,Emb. 1 LT,"1,29€","1,29€ / LT",
Máquinas de Barbear Descartáveis Blue II,GILLETTE,Emb. 6 UNID.,"2,87€","0,48€ / UNID.",
CORNETTO MINI CLÁSSICO (8x60ml),CORNETTO,Emb. 8 UNID.,"4,99€","0,62€ / UNID.",
Folhados de Frutos do Mar 4x100g,CÔTÉ TABLE,Emb. 4 UNID.,"4,99€","1,25€ / UNID.",
Bolachas Original Family Format,OREO,Emb. 0.44 KG,"3,95€","8,98€ / KG",
Chá de Frutos Silvestres,LIPTON,Emb. 20 SAQ.,"1,59€","0,08€ / SAQ.",
"CANETA ROLLER GEL RETRATIL AZUL 0,5MM",ESQUISSE,Emb. 1 UNID.,"1,75€","1,75€ / UNID.",
RECARGAS MAQ.BARBEAR 5 LAMINAS 4UN,CARRÉ HOMME,Emb. 4 UNID.,"4,29€","1,07€ / UNID.",
3 Mini Saucisses Sèches,ST AZAY,Emb. 0.15 KG,"2,49€","16,60€ / KG",
Esparguete C/ Frango +10 Meses,NESTLÉ,Emb. 0.19 KG,"1,39€","7,32€ / KG",
Fatias Clássicas de Frango,CAMPOFRIO,Emb. 0.09 KG,"1,30€","14,44€ / KG",
Loção Sensitive,BABY DOVE,Emb. 0.2 LT,"5,39€","26,95€ / LT",
Pacotinho de Frutas Banana Maçã S/ Glúten +4 meses,NESTLÉ BEBÉ,Emb. 0.09 KG,"0,98€","10,89€ / KG",
Difusor e Recarga Freshmatic Lavanda e Camomila,AIR WICK,Emb. 0.61 KG,"7,19€","11,79€ / KG",
Cremant Dalsace Brut,REBMANN,Garrafa 0.75 LT,"7,39€","9,85€ / LT",
Alimento Húmido P/ Gato Party Mix Picnic,FELIX,Emb. 0.06 KG,"1,89€","31,50€ / KG",
Cápsulas Café Cappuccino,DOLCE GUSTO,Emb. 16 CAPS.,"5,95€","0,37€ / CAPS.",
Snack Batata Barbecue,TOKAPI,Emb. 0.17 KG,"1,95€","11,47€ / KG",
IOGURTE LIQUIDO MORANGO/BANANA,DÉLISSE,Emb. 0.72 KG,"1,09€","1,51€ / KG",
CHAMPO SECO 150ML,VITANOVE,Emb. 0.15 LT,"1,79€","11,93€ / LT",
Desodorizante Spray Peles Sensíveis,MANAVA,Emb. 0.2 LT,"1,24€","6,20€ / LT",
Gel Studio Line Invisi Fix Fixação Forte 6,L'ORÉAL PARIS,Emb. 0.15 KG,"5,93€","39,53€ / KG",
Espumante Reserva Bruto,MURGANHEIRA,Garrafa 0.75 LT,"11,59€","15,45€ / LT",
Desodorizante Spray,REXONA,Emb. 0.15 LT,"2,54€","16,93€ / LT",
Café Cápsulas deQafeinatus Intensidade 1,DELTA,Emb. 10 CAPS.,"3,39€","0,34€ / CAPS.",
Pantene 3 Minute Miracle Repara & Protege,PANTENE PV,Emb. 0.2 LT,"5,89€","29,45€ / LT",
Café Latte Caramel 8 Unid.,NESCAFÉ,Emb. 0.136 KG,"3,18€","23,38€ / KG",
Café Solúvel Cappuccino Descafeinado 10 Saquetas,NESCAFÉ,Emb. 0.125 KG,"3,18€","25,44€ / KG",
Limpa Vidros Cristal Recarga,AJAX,Emb. 0.5 LT,"2,65€","5,30€ / LT",
Chiclets de Morango 12 Unid.,CHICLETS,Emb. 0.017 KG,"0,89€","52,35€ / KG",
Verniz de Unhas 60 Segundos 315,RIMMEL,Emb. 1 UNID.,"5,29€","5,29€ / UNID.",
Achocolatado em Pó,BON CHOCO,Emb. 0.45 KG,"1,79€","3,98€ / KG",
MINI AGRAFADOR Nº10 + 400AGRAFOS,ESQUISSE,Emb. 1 UNID.,"1,99€","1,99€ / UNID.",
Alimento Seco P/ Gatos Aves Cenoura Legumes e Leite,LYCAT,Emb. 2 KG,"3,99€","2,00€ / KG",
RECARGA P/ ESCOVA DENTES MEDIA CABECA RECARRREGAVEL,DENTAMYL,,"1,25€",/ Unid.,
Gel de Banho Deeply Nourishing,DOVE,Emb. 0.75 LT,"4,19€","5,59€ / LT",
Muelsi C/ Chocolate Leite,GRAINEA,Emb. 0.5 KG,"2,39€","4,78€ / KG",
Capucino Chocolate Base de Leite Magro em Pó,PLANTATION,Emb. 0.306 KG,"2,99€","9,77€ / KG",
Toldo Proteção P/Pintura Plástico 2X3Metros,ECO+,Emb. 1 UNID.,"3,99€","3,99€ / UNID.",
Caderno Capa Preta Pautado A5 60p,ESQUISSE,,"0,59€",/ Unid.,
Crepes de Queijo e Fiambre,CÔTÉ TABLE,Emb. 6 UNID.,"1,49€","0,25€ / UNID.",
Tablete de Chocolate de Leite 5x100g,ECO+,Emb. 0.5 KG,"2,75€","5,50€ / KG",
Escova de Dentes Complete Média,ORAL B,Emb. 1 UNID.,"1,64€","1,64€ / UNID.",
Esparguete Fino Clássica,NACIONAL,Emb. 0.5 KG,"1,89€","3,78€ / KG",
MASCARA DETOX BIO 100ML,BIONAÏA,Emb. 0.1 LT,"3,29€","32,90€ / LT",
Pão de Forma sem Côdea 9 Cereais,PANRICO,Emb. 0.48 KG,"2,45€","5,10€ / KG",
Ketchup 473G,CALVÉ,Emb. 0.473 KG,"2,99€","6,32€ / KG",
Queijo Fatiado -50% Gordura 2X200 g,TERRA NOSTRA,Emb. 0.4 KG,"4,59€","11,48€ / KG",
Néctar de Laranja,JAFADEN,Emb. 2 LT,"1,69€","0,85€ / LT",
Alimento Húmido P/ Gato Duplo Prazer Pack 12,GOURMET,Emb. 1.02 KG,"8,79€","8,62€ / KG",
Acendalha 100% Natural,SILEX,Emb. 40 UNID.,"0,99€","0,02€ / UNID.",
MOLHO CHALOTA,RUSTICA,Emb. 0.3 LT,"1,39€","4,63€ / LT",
Bolachas Quadradas Recheadas com Sabor a Chocolate,ECO+,Emb. 0.3 KG,"1,09€","3,63€ / KG",
Bolachas Recheadas de Morango,P'TIT DÉLI,Emb. 0.15 KG,"1,69€","11,27€ / KG",
Rolo Massa Folhada Pronta a Desenrolar,,Emb. 0.23 KG,"0,59€","2,57€ / KG",
Queijo Mini Babybel Light,BABYBEL,Emb. 0.12 KG,"2,04€","17,00€ / KG",
TOMATES SECOS EM OLEO GIRASSOL E AZEITE,RUSTICA,Emb. 0.28 KG,"2,69€","9,61€ / KG",
Champô Cabelo Criança Alperce e Flor de Algodão,ULTRA SUAVE,Emb. 0.25 LT,"3,55€","14,20€ / LT",
Espumante Reserva Meio Seco,MURGANHEIRA,Garrafa 0.75 LT,"11,59€","15,45€ / LT",
Massa Macarronete Riscado,ECO+,Emb. 0.5 KG,"0,65€","1,30€ / KG",
Papa Infantil de Banana Laranja,CERELAC,Emb. 0.25 KG,"2,39€","9,56€ / KG",
"LAPISEIRA 0,7MM+12MINAS+2BORRACHAS",ESQUISSE,Emb. 1 UNID.,"1,99€","1,99€ / UNID.",
Óleo de Palma,GUINEA'S,Emb. 0.4 LT,"3,39€","8,48€ / LT",
Dentífrico Natural Extracts Brilho Intenso,COLGATE,Emb. 0.075 LT,"3,24€","43,20€ / LT",
Cápsulas Café Blonde P/ Nespresso Intensidade 6,STARBUCKS,Emb. 10 CAPS.,"4,45€","0,45€ / CAPS.",
Desodorizante Spray Fresia/Orquídea,MANAVA,Emb. 0.2 LT,"1,24€","6,20€ / LT",
Queijo Coulommiers 50%MG,,Emb. 0.35 KG,"2,29€","6,54€ / KG",
Alheira Regional - PDTO Lamego,SNR,Emb. 0.21 KG,"1,49€","7,10€ / KG",
Vinho Verde Branco,CRUZEIRO,Garrafa 0.75 LT,"1,99€","2,65€ / LT",
ARROZ DOCE SABOR BAUNILHA,DÉLISSE,Emb. 0.92 KG,"2,99€","3,25€ / KG",
Mini Bolos com Pepitas de Chocolate,P'TIT DÉLI,Emb. 0.15 KG,"1,39€","9,27€ / KG",
Erva Doce Saqueta,RUSTICA,Emb. 0.05 KG,"0,99€","19,80€ / KG",
GELADO TRIUM PISTACHIO 4UN,TRIUM,Emb. 4 UNID.,"2,99€","0,75€ / UNID.",
Vinho Regional Dão Tinto Reserva 2013,QUINTA DE CABRIZ,Garrafa 0.75 LT,"8,99€","11,99€ / LT",
TOMATE PELADO,TURINI,Emb. 0.78 KG,"0,99€","1,27€ / KG",
MAQ.BARBEAR 5 LAMINAS + 1 RECARGA,CARRÉ HOMME,Emb. 1 UNID.,"4,95€","4,95€ / UNID.",
Tira Gorduras Recarga,MISTOLIN,Emb. 0.545 LT,"2,69€","4,94€ / LT",
Vinho Regional Douro Reserva 2015,MONTES ERMOS,Garrafa 0.75 L,"4,39€","5,85€ / L",
Cogumelos Inteiros,NOTRE JARDIN,Emb. 0.78 KG,"2,69€","3,45€ / KG",
Deo Creme Derma Care 0% Álcool,VASELINE,Emb. 0.05 LT,"2,84€","56,80€ / LT",
Tempero Esparguete à Bolonhesa,KNORR,Emb. 0.038 KG,"1,49€","39,21€ / KG",
SACO ASPIRADOR S100,ELSAY,Emb. 1 UNID.,"3,99€","3,99€ / UNID.",
Licor da Nação,SNR,Garrafa 0.7 LT,"7,49€","10,70€ / LT",
Sortido Feltro Adesivos 186 Peças,FOXTER,,"2,59€",/ Unid.,
CRACKERS MINI PIZZA,TOKAPI,Emb. 0.085 KG,"1,09€","12,82€ / KG",
Atum Posta Natural,BOM PETISCO,Emb. 0.2 KG,"2,39€","11,95€ / KG",
Vinagre de Sidra Original,GALLO,Emb. 0.25 LT,"1,69€","6,76€ / LT",
Salsichão Seco de Porco Superior,ST AZAY,Emb. 0.25 KG,"3,69€","14,76€ / KG",
Ovos Solo L,SNR,Emb. 6 UNID.,"1,29€","0,22€ / UNID.",
Legumes Salteados Parisiense,BONDUELLE,Emb. 0.4 KG,"2,94€","7,35€ / KG",
Paté para Cão de Aves e Fígado,LYDOG,Emb. 0.3 KG,"0,79€","2,63€ / KG",
Bebida Gaseificada Aromatizada de Uva S/ Álcool,FESTALIE,Emb. 0.75 LT,"2,49€","3,32€ / LT",
Massa Filo,TABLIER BLANC,Emb. 0.25 KG,"1,99€","7,96€ / KG",
Cápsulas Café Colombia P/ Dolce Gusto Intensidade 7,DOLCE GUSTO,Emb. 12 CAPS.,"5,38€","0,45€ / CAPS.",
Cabo Universal,,Emb. 1 UNID.,"3,99€","3,99€ / UNID.",
Refrigerante sem Gás Maçã Verde,FRUTIS,Garrafa 1.5 LT,"1,15€","0,77€ / LT",
Iced Tea Pêssego,ECO+,Emb. 1.5 LT,"0,84€","0,56€ / LT",
AMACIADOR ECOLOGICO,UNÍ VERT,Emb. 0.75 LT,"1,59€","2,12€ / LT",
PREPARADO PARA BOLO FONDANT DE CHOCOLATE PRONTO A COZER,TABLIER BLANC,Emb. 0.5 KG,"2,89€","5,78€ / KG",
QUEIJO FRESCO PARA BARRAR 24%MG,LES CROISÉS,Emb. 0.15 KG,"0,79€","5,27€ / KG",
Deo Spray Tropical,REXONA,Emb. 0.15 LT,"2,54€","16,93€ / LT",
Choco Limpo,,1 Unid. = 0.5 KG (aprox.),"8,99€/kg","4,50€ / Unid.",
Gel de Duche Pétalas do Oriente,MANAVA,Emb. 0.25 LT,"1,19€","4,76€ / LT",
Conserva de Azeitona Verde Inteira,RUSTICA,Emb. 0.5 KG,"1,99€","3,98€ / KG",
Leite P/ Lactentes 1,NAN,Emb. 0.8 KG,"15,69€","19,61€ / KG",
Spaguetti,TRADIZIONI D'ITALIA,Emb. 0.5 KG,"1,49€","2,98€ / KG",
Concentrado Laranja,SUNQUICK,Garrafa 0.7 LT,"5,69€","8,13€ / LT",
Vinho Branco de Mesa,CASAL DA EIRA,Emb. 0.25 LT,"0,68€","2,72€ / LT",
Maionese Vegan sem Glúten,CALVÉ,Emb. 0.27 KG,"2,99€","11,07€ / KG",
Bebida em Pó Sabor Tropical,TANG,Emb. 0.03 KG,"0,82€","27,33€ / KG",
Toalhitas Sensitive Máxima Proteção Sem Perfume,DODOT,Emb. 54 UNID.,"1,87€","0,03€ / UNID.",
B&J Chocolate Fudge Brownie 465ml,,Emb. 0.465 LT,"6,79€","14,60€ / LT",
Recarga Ambientador Flor de Cereja da Ásia,AIRWICK,Emb. 0.25 LT,"3,59€","14,36€ / LT",
Sobremesa Láctea sabor Baunilha 8x100g,DÉLISSE,Emb. 0.8 KG,"2,75€","3,44€ / KG",
Amaciador Cabelo Camomila e Mel de Flores,ULTRA SUAVE,Emb. 0.2 LT,"3,55€","17,75€ / LT",
Sacos de Congelação Pequeno 18x20cm,ELEMBAL,Emb. 25 SAQ.,"0,99€","0,04€ / SAQ.",
Iogurte Líquido Framboesa,DÉLISSE,Emb. 0.85 LT,"1,25€","1,47€ / LT",
DANACOL LIQUÍDO COLESTEROL AVEIA,DANACOL,Emb. 6 UNID.,"2,99€","0,50€ / UNID.",
TABLETE CHOCOLATE NEGRO FLOR SAL 100G,CEMOI,Emb. 0.1 KG,"0,99€","9,90€ / KG",
Azeite Clássico Pet,OLIVEIRA DA SERRA,Emb. 0.75 LT,"5,39€","7,19€ / LT",
Coloração Longa Duração Belle Color 3 Castanho Escuro,GARNIER,Emb. 1 UNID.,"5,93€","5,93€ / UNID.",
ABRASIVO SANITARIO PINHO ACTIV EFFECT 750ML,SYPHON,Emb. 0.75 LT,"0,99€","1,32€ / LT",
Sacos de Lixo Ultra Resistentes com Atilhos 20x30L,ELEMBAL,Emb. 20 UNID.,"1,99€","0,10€ / UNID.",
Mel de Flores Biológico,,Frasco 0.5 KG,"4,99€","9,98€ / KG",
Líquido Sanitário Gel Lixívia,,Emb. 0.75 LT,"2,24€","2,99€ / LT",
Conserva de Tomate em Pedaços,TURINI,Emb. 0.39 KG,"0,54€","1,38€ / KG",
Johnson\'s Baby Condicionador Penteia Fácil,JOHNSON'S BABY,Emb. 0.5 LT,"5,44€","10,88€ / LT",
Água Micelar Peles Sensíveis,BIOTEN,Emb. 0.1 LT,"2,99€","29,90€ / LT",
Bebida de Arroz Original,SHOYCE,Emb. 1 LT,"1,69€","1,69€ / LT",
Alimento Húmido para Cão Almôndegas de Aves,ECO+,,"1,65€",/ Unid.,
Chá Verde Wellbeing,LIPTON,Emb. 0.032 KG,"1,74€","54,38€ / KG",
Conserva De Feijão Frade 425g,NOTRE JARDIN,Lata 0.425 KG,"0,75€","1,76€ / KG",
Doce Framboesa sem Açúcar,ST. DALFOUR,Frasco 0.284 KG,"4,29€","15,11€ / KG",
Recarga Freshmatic Pradera Púrpura de Lavanda,AIR WICK,Spray 0.25 LT,"3,59€","14,36€ / LT",
Bebida Energética Blood Orange,POWERADE,Emb. 0.5 LT,"1,29€","2,58€ / LT",
AZEITONA MACANILHA MISTA INTEIRA,RUSTICA,Emb. 0.37 KG,"0,99€","2,68€ / KG",
GENGIBRE MOIDO FRASCO,RUSTICA,Emb. 0.027 KG,"0,79€","29,26€ / KG",
Panaché 10x25CL,MÍLLBRAU,Emb. 2.5 LT,"2,65€","1,06€ / LT",
ARROZ DE PATO 400G,CÔTÉ TABLE,Emb. 0.4 KG,"3,99€","9,98€ / KG",
Cerveja com Álcool,SUPER BOCK,Lata 0.33 LT,"0,59€","1,79€ / LT",
MINI BOLACHAS C/ RECHEIO MORANGO,P'TIT DÉLI,Emb. 0.168 KG,"1,19€","7,08€ / KG",
ESCOVA DENTES CRIANCA 2-6 ANOS,PETIT DENTAMYL,Emb. 1 UNID.,"0,79€","0,79€ / UNID.",
ADESIVOS PURIFICANTES X6- PELE NORMAL A MISTA,INELL,Emb. 6 UNID.,"3,39€","0,57€ / UNID.",
Café Solúvel Clássico,NESCAFÉ,Emb. 0.2 KG,"6,14€","30,70€ / KG",
Café Torrado Moído Vietname Moagem Universal Intensidade 10,SICAL,Emb. 0.22 KG,"3,85€","17,50€ / KG",
Sobremesa de Soja Açucarada C/ Morango,NAT&VIE,Emb. 0.4 KG,"1,40€","3,50€ / KG",
Vinho Regional Dão Branco,DUQUE DE VISEU,Garrafa 0.75 LT,"4,39€","5,85€ / LT",
DETERGENTE MANUAL LOICA ULTRA SAIS E MINERAIS/FRUTOS EXOTICOS 500ML,VISIOR,Emb. 0.5,"0,77€","1,54€ /",
KIT FAJITAS 505G TABLE DU MON,TABLES DU MONDE,Emb. 0.505 KG,"3,59€","7,11€ / KG",
Vinho Branco de Mesa Elopack,CASAL DA EIRA,Emb. 1 LT,"1,68€","1,68€ / LT",
"ATUM FILETE NATURAL,120G",TENÓRIO,Emb. 0.12 KG,"2,14€","17,83€ / KG",
ALIMENT BEBE: IOGURTE CREMOSO MANGA E AVEIA BIO 6M,BIO VILLAGE BEBE,,"3,99€",/ Unid.,
Pastilha Elástica Senses Sabor Melancia 3x23g,TRIDENT,Emb. 0.069 KG,"2,47€","35,80€ / KG",
Elixir Suavidade e Brilho Para Cabelo Muito Estragado,GLISS,Emb. 0.075 LT,"4,99€","66,53€ / LT",
Molho Big Burger,CALVÉ,Emb. 0.25 LT,"2,29€","9,16€ / LT",
SABONETE VEGETAL ALPERCE BIO,BIONAÏA,Emb. 0.1 LT,"1,55€","15,50€ / LT",
AUSCULTADORES C/MICRO PRETO,LINKSTER,Emb. 1 UNID.,"9,90€","9,90€ / UNID.",
"A+ COLOR LIQ 85D,,4.25L",A+,,"11,99€",/ Unid.,
Conserva de Cassoulet de Porco,CÔTÉ TABLE,Lata 0.42 KG,"1,59€","3,79€ / KG",
Legumes C/ Vitela desde os 6 Meses S/ Glúten,NESTLÉ,Emb. 0.19 KG,"1,39€","7,32€ / KG",
Tablete Chocolate 70% Cacau Culinária,PANTAGRUEL,Emb. 0.2 KG,"2,79€","13,95€ / KG",
Gelado After Dinner,MAGNUM,Emb. 10 UNID.,"5,49€","0,55€ / UNID.",
Manhãzitos Planetus 3x35g,PANRICO,Emb. 0.21 KG,"2,65€","12,62€ / KG",
Bolo Arroz com Ovos Frescos e Cobertura Caramelo 4x100gr,DÉLISSE,Emb. 0.4 KG,"2,19€","5,48€ / KG",
GELADO EM TUBO TROFI'TUBS 20UN,SMICY,Emb. 20 UNID.,"2,69€","0,13€ / UNID.",
Preparado em Pó Cheesecake,ROYAL,Emb. 0.325 KG,"3,95€","12,15€ / KG",
Gomas de Ursinhos com Vários Sabores,COPAÍNS COPINES,Emb. 0.3 KG,"1,34€","4,47€ / KG",
LIXIVIA TRADICIONAL,ECO+,Emb. 4 LT,"1,35€","0,34€ / LT",
Desodorizante Spray Invisible,MANAVA,Emb. 0.2 LT,"1,34€","6,70€ / LT",
Massa Ondas,MILANEZA,Emb. 0.5 KG,"1,79€","3,58€ / KG",
Néctar de Pêra Pack 3,SANTAL,Emb. 0.6 LT,"1,31€","2,18€ / LT",
Conjunto Borracha Mini,ESQUISSE,Emb. 2 UNID.,"0,69€","0,35€ / UNID.",
Parmesão Reggiano Ralado,LES CROISÉS,Emb. 0.06 KG,"1,39€","23,17€ / KG",
Gomas Minhocas,COPAÍNS COPINES,Emb. 0.2 KG,"0,99€","4,95€ / KG",
AMENDOINS TORRADOS E SALGADOS,ECO+,Emb. 0.25 KG,"0,89€","3,56€ / KG",
"MINI SPRAY ""LIRIO DO VALE"" RECARGA 15ML",BIEN AIR,Emb. 0.015 LT,"0,90€","60,00€ / LT",
Cappuccino,NESCAFÉ,Emb. 0.25 KG,"6,29€","25,16€ / KG",
Salmão Fumado do Atlântico,RONDE DES MERS,Emb. 0.08 KG,"3,99€","49,88€ / KG",
Azeite virgem extra aroma trufa,GALLO,Emb. 0.25 LT,"2,39€","9,56€ / LT",
Vinho Castello DAlba Superior Tinto 2020,CASTELLO D'ALBA,Emb. 0.75 LT,"14,69€","19,59€ / LT",
COLORACAO VEGETAL PRETO BIO,BIONAÏA,Emb. 1 UNID.,"6,99€","6,99€ / UNID.",
ACAFRAO DAS INDIAS SAQUETA,RUSTICA,Emb. 0.05 KG,"0,60€","12,00€ / KG",
"SALAMI DANOIS ""PUR PORC"" FATIAS",ST AZAY,Emb. 0.16 KG,"1,79€","11,19€ / KG",
Pantene Frizz Control & Luminosidade Condicionador 160 ml,,Emb. 0.16 LT,"4,89€","30,56€ / LT",
Escova para Cabelo Oval,,Emb. 1 UNID.,"4,49€","4,49€ / UNID.",
COUSCOUS C/FRANGO E MERGUEZ 450G,CÔTÉ TABLE,Emb. 0.45 KG,"2,99€","6,64€ / KG",
PANO SUAVE ULTRA FRESH 2UN,VILEDA,Emb. 2 UNID.,"2,59€","1,30€ / UNID.",
Espinafre em Folhas,NOTRE JARDIN,Emb. 1 KG,"1,49€","1,49€ / KG",
Chá Preto,TETLEY,Emb. 10 SAQ.,"0,71€","0,07€ / SAQ.",
Concentrado de Maracujá Miix,SUNQUICK,Emb. 0.58 LT,"4,69€","8,09€ / LT",
Fiambre da Pá Fatiado,,Emb. 0.2 KG,"1,29€","6,45€ / KG",
Queijo Grana Padano Ralado,LES CROISÉS,Emb. 0.1 KG,"1,59€","15,90€ / KG",
Nuggets de Aves,ECO+,Emb. 0.5 KG,"2,99€","5,98€ / KG",
AGUARDENTE CURVADA  Vínica Velha Cx. Cartão 70CL,,0.07 CL,"27,99€","399,86€ / CL",
PENSOS INCONTINENCIA MEDIA - HOMEM,CHORYS,Emb. 20 UNID.,"3,89€","0,19€ / UNID.",
IOGURTES EM TUBO C/FRUTAS X12,DÉLISSE,Emb. 0.48 KG,"2,29€","4,77€ / KG",
BORRACHA INFANTIL FUN 4UN,ESQUISSE,Emb. 4 UNID.,"0,99€","0,25€ / UNID.",
Whisky Passport Scotch,PASSPORT,Garrafa 0.7 LT,"9,99€","14,27€ / LT",
PILHAS ALCALINAS LR03,ECO+,Emb. 8 UNID.,"1,79€","0,22€ / UNID.",
Verniz de Unhas 60 Segundos 740,RIMMEL,Emb. 1 UNID.,"5,49€","5,49€ / UNID.",
Almôndegas proteína,IGLO,Emb. 0.24 KG,"4,79€","19,96€ / KG",
Penso Incontinência Discreet Normal,AUSONIA,Emb. 12 UNID.,"2,96€","0,25€ / UNID.",
Sumo de Ameixa Obtido por Extração Biológico,,Emb. 1 LT,"3,85€","3,85€ / LT",
Miolo de Camarão Gigante Ultracongelado,PESCANOVA,Emb. 0.25 KG,"6,99€","27,96€ / KG",
ALGODAO DUO MINI OVALE X110,INELL,Emb. 110 UNID.,"0,89€","0,01€ / UNID.",
Massa Cotovelos Clássica,NACIONAL,Emb. 0.5 KG,"1,49€","2,98€ / KG",
SACOS LIXO ALCAS 30L,ELEMBAL,Emb. 20 UNID.,"1,29€","0,06€ / UNID.",
Bolachas Recheadas Bocaditos Limão,CUÉTARA,Emb. 0.15 KG,"1,85€","12,33€ / KG",
Pérolas de Perfume para Roupa Dreams,LENOR,Emb. 0.21 KG,"7,69€","36,62€ / KG",
Gelo em Cubos,,Emb. 2 KG,"0,99€","0,50€ / KG",
Néctar Clássico Ameixa,COMPAL,Emb. 1 LT,"1,69€","1,69€ / LT",
Vinho Tinto do Alentejo,MONTE DAS ANFORAS,Emb. 0.75 LT,"3,99€","5,32€ / LT",
Vitelão para Estufar,,1 Unid. = 0.85 KG (aprox.),"6,32€/kg","5,37€ / Unid.",
Gelado Baunilha Morango,CARTE D'OR,Emb. 1.7 LT,"2,99€","1,76€ / LT",
CREME DE LEGUMES,REGAL SOUPE,Emb. 0.35,"1,89€","5,40€ /",
Conserva de Cogumelos Laminados,FERBAR,Lata 0.29 KG,"0,95€","3,28€ / KG",
CONJUNTO 10 CANETAS VARIAS CORES,ECO+,Emb. 10 UNID.,"0,99€","0,10€ / UNID.",
Pensos Higiénicos Ultrafinos Abas,AUSONIA,Emb. 12 UNID.,"1,69€","0,14€ / UNID.",
Bebida de Aveia,ALPRO SOYA,Emb. 1 LT,"2,39€","2,39€ / LT",
Bolos Fofos de Cacau Recheio de Leite e Coco,P'TIT DÉLI,Emb. 0.42 KG,"3,19€","7,60€ / KG",
Cuvete de Alumínio 10x1L,ELEMBAL,Emb. 10 UNID.,"2,99€","0,30€ / UNID.",
Pastilhas 60 Minutos Spearmint,TRIDENT,Emb. 0.02 KG,"0,94€","47,00€ / KG",
Tablete de Chocolate Avelãs,MILKA,Emb. 0.1 KG,"1,65€","16,50€ / KG",
Sabonete Pack 4,DOVE,Emb. 0.4 KG,"4,98€","12,45€ / KG",
Champô de Queratina Protetor da Cor,TRESEMMÉ,Emb. 0.7 LT,"6,59€","9,41€ / LT",
Tostas de Trigo,EPI D'OR,Emb. 0.9 KG,"2,89€","3,21€ / KG",
Truta Pequena,,1 Unid. = 0.3 KG (aprox.),"3,99€/kg","1,20€ / Unid.",
ALIMENT BEBE: PURE DE PERA WILLIAMS BIO +4M 4x100G,BIO VILLAGE BEBE,Emb. 0.4 KG,"2,09€","5,23€ / KG",
Ananás em Calda Rodelas com Sumo Natural,DOUCEUR DU VERGER,Lata 0.565 KG,"1,79€","3,17€ / KG",
Sombrinhas Chocolate Leite,MAURI,Emb. 5 UNID.,"2,35€","0,47€ / UNID.",
Batatas Pré-Fritas Finas Forno Óleo Girassol,POM'LISSE,Emb. 0.6,"1,59€","2,65€ /",
Pensos Higiénicos Respirare Normal,CAREFREE,Emb. 44 UNID.,"2,76€","0,06€ / UNID.",
CONJUNTO 4 CANETAS AZUL 1MM,ESQUISSE,Emb. 4 UNID.,"1,69€","0,42€ / UNID.",
Arroz Carolino,PATO REAL,Emb. 1 KG,"1,17€","1,17€ / KG",
Preservativo Non Stop,CONTROL,Emb. 12 UNID.,"6,99€","0,58€ / UNID.",
Anti-Mosquitos Elétrico Líquido 30 Noites,RAID,Emb. 0.021 LT,"5,69€","270,95€ / LT",
Alimento Seco Gato Croquetes,TOUS MES AMIS,Emb. 2 KG,"4,89€","2,45€ / KG",
ESTENDAL VARANDA 7M,HOMESIDE,Emb. 1 UNID.,"6,28€","6,28€ / UNID.",
Sumo 100% Cenoura Biológico,,Emb. 1 LT,"1,99€","1,99€ / LT",
WC Gel Glitter Brisa do Mar,NEO BLANC,Emb. 0.7 LT,"2,09€","2,99€ / LT",
Multifunções 5 Efeitos Pastilhas 250Gr,BEAUX JOURS,Emb. 4 KG,"31,49€","7,87€ / KG",
SALSICHAO SECO FATIAS,ST AZAY,Emb. 0.15 KG,"1,99€","13,27€ / KG",
LIXIVIA C/DETERGENTE,CLAIR,Emb. 2 LT,"1,09€","0,55€ / LT",
Vinho Regional Península de Setúbal Tinto,JOSE MARIA FONSECA,Garrafa 0.75,"1,99€","2,65€ /",
Batatas Fritas Caseiras Rodelas,SNR,Emb. 0.18 KG,"1,15€","6,39€ / KG",
Tablete de Chocolate com Avelãs,TABLETTE D'OR,Emb. 0.2 KG,"1,59€","7,95€ / KG",
Dove Men +Care Desodorizante Clean Comfort Spray,DOVE,Emb. 0.15 LT,"2,69€","17,93€ / LT",
COLORACAO ACAJU 5.56 S/AMONIACO,VITANOVE,Emb. 1 UNID.,"3,89€","3,89€ / UNID.",
Chouriça de Trancoso,SNR,Emb. 1 UNID.,"2,69€","2,69€ / UNID.",
Pensos Higiénicos Normal sem Alas,EVAX,Emb. 12 UNID.,"2,96€","0,25€ / UNID.",
Tarte de Alho Frances,CÔTÉ TABLE,Emb. 0.4 KG,"2,29€","5,73€ / KG",
Sumo Ananás,JAFADEN,Emb. 1 LT,"1,29€","1,29€ / LT",
QUEIJO CHEDDAR RALADO,LES CROISÉS,Emb. 0.2 KG,"1,89€","9,45€ / KG",
Cápsulas Café House Blend Lungo P/ Nespresso Intensidade 8,STARBUCKS,Emb. 10 CAPS.,"4,45€","0,45€ / CAPS.",
MOUSSE DE MARACUJÁ CONDI 80G,CONDI,Emb. 0.8 KG,"1,34€","1,68€ / KG",
Garnier Fructis Nutri Caracóis Creme Sem Enxaguar,GARNIER FRUCTIS,Emb. 0.4 LT,"7,91€","19,78€ / LT",
"Croquetes Frango, Pato e Azeitonas",TOUS MES AMIS,Emb. 2 KG,"3,99€","2,00€ / KG",
Vinho Regional Douro Tinto,QUINTA DA PACHECA,Garrafa 0.75 LT,"5,99€","7,99€ / LT",
ARROZ MEDITERRANIO PRE COZIDO EXPRESS,COMPTOÍR DU GRAIN,Emb. 0.25 KG,"1,09€","4,36€ / KG",
Chá de Limão,LIPTON,Emb. 20 SAQ.,"1,59€","0,08€ / SAQ.",
Perfume Pearls Fuchsia Passion,COMFORT,Emb. 0.375 KG,"8,49€","22,64€ / KG",
LANTERNA FRONTAL,FOXTER,Emb. 1 UNID.,"6,59€","6,59€ / UNID.",
CARREGADOR HR6/HR03 + 4 PILHAS RECARREGAVEIS USB,FOXTER,Emb. 1 UNID.,"18,99€","18,99€ / UNID.",
B&J Cookie Dough 465ml,,Emb. 0.465 LT,"6,79€","14,60€ / LT",
"BEBIDA APERITIVA ROSSO 14,4º",GILDO,1 0,"3,19€",inf€ /,
Alimento Seco P/ Cão Adulto com Carne de Vaca e Peixe,FRISKIES,Emb. 3 KG,"10,99€","3,66€ / KG",
Champô Purificante Morango Branco e Menta Dulce,HERBAL ESSENCES,Emb. 0.4 LT,"3,99€","9,98€ / LT",
Tablete Chocolate Preto com Menta,TABLETTE D'OR,Emb. 0.1 KG,"1,19€","11,90€ / KG",
COLA GEL 30ML 2UN,ESQUISSE,Emb. 2 UNID.,"1,99€","1,00€ / UNID.",
"MAQUINA CREPES L2312,ECO+,1P",ECO+,Emb. 1 UNID.,"29,90€","29,90€ / UNID.",
Maionese Verdadeira,HELLMANN'S,Emb. 0.208 KG,"2,09€","10,05€ / KG",
Chá de Ervas Biológico,,Emb. 20 SAQ.,"1,19€","0,06€ / SAQ.",
Bolachas Crackers Original,TUC,Emb. 0.1 KG,"0,98€","9,80€ / KG",
Doce de Glila,CASA MATEUS,Frasco 0.345 KG,"2,44€","7,07€ / KG",
Sobremesa Gelado Morango e Chocolate Branco 4x110ml,MAGNUM,Emb. 0.44 LT,"4,99€","11,34€ / LT",
Yofu Baunilha 500g,ALPRO,Emb. 0.5 KG,"2,39€","4,78€ / KG",
Filetes de pescada com alho e salsa,PESCANOVA,Emb. 0.4 KG,"4,39€","10,98€ / KG",
Ice Tea Pêssego Zero,FRESH TEA,Garrafa 1.5 LT,"0,89€","0,59€ / LT",
Bloco Sanitário Lavanda,SONASOL WC,Emb. 2 UNID.,"2,99€","1,50€ / UNID.",
Sumo Active Drink Manga Cenoura,SANTAL,Emb. 1.5 LT,"1,99€","1,33€ / LT",
CUECA INCONTINENCIA ABSORCAO PLUS GRANDE,CHORYS,Emb. 10 UNID.,"5,99€","0,60€ / UNID.",
FRANGO C/ MOLHO DE CARIL,CÔTÉ TABLE,Emb. 0.3 KG,"1,99€","6,63€ / KG",
DROPS MENTA,COPAÍNS COPINES,Emb. 0.25 KG,"1,29€","5,16€ / KG",
Refrigerante C/ Gás Gasosa,SPRINK'S,Garrafa 1.5 LT,"0,59€","0,39€ / LT",
Iogurte Líquido Morango,DÉLISSE,Emb. 0.85 KG,"1,25€","1,47€ / KG",
CROQUETES CAO MEDIO A GRANDE SEM CEREAIS,PLENIMA,Emb. 2 KG,"5,99€","3,00€ / KG",
Cera Depilatória Profissional Natural de Abelha,VEET,Emb. 0.3 KG,"8,04€","26,80€ / KG",
RECARGA MICROF.BALDE COM PEDAL,VILEDA,,"6,99€",/ Unid.,
Pensos Diários Ecológicos,UNÍ VERT,Emb. 30 UNID.,"1,45€","0,05€ / UNID.",
Bebida de Soja Baunilha,NAT&VIE,Emb. 1 LT,"1,19€","1,19€ / LT",
BOLACHAS MANTEIGA GALETES BRETONNES,P'TIT DÉLI,Emb. 0.25 KG,"1,75€","7,00€ / KG",
Manteiga sem Sal,PRIMOR,Emb. 0.25 KG,"2,24€","8,96€ / KG",
Conserva de Feijão Preto Cozido,NOTRE JARDIN,Lata 0.425 KG,"0,75€","1,76€ / KG",
Limpa Máquinas de Loiça Desengordurante & Anti-Calcário,SUN,Emb. 0.12 KG,"3,99€","33,25€ / KG",
"SYOSS OLEO INTEN 1-10 PRET,,1P",SYOSS,,"6,24€",/ Unid.,
Barrinhas P/ Canários sabor a Ovo,TOUS MES AMIS,Emb. 0.06 KG,"1,29€","21,50€ / KG",
Farinha de Trigo Branca,TABLIER BLANC,Emb. 1 KG,"0,89€","0,89€ / KG",
Entrecosto com Alho e Pimentão Doce,MAGGI,Emb. 0.03 KG,"0,74€","24,67€ / KG",
Queijo Fatiado Amanteigado de Vaca e Ovelha,LIMIANO,Emb. 0.18 KG,"2,39€","13,28€ / KG",
BATATAS PRE-FRITAS PALITOS CURVOS OLEO GIRASSOL,POM'LISSE,Emb. 0.6 KG,"1,59€","2,65€ / KG",
Batatas Fritas Palha,SNR,Emb. 0.3 KG,"1,65€","5,50€ / KG",
Floculante Líquido,BEAUX JOURS,Emb. 5 LT,"12,99€","2,60€ / LT",
Bollycao Clássico 4x57 g,PANRICO,Emb. 0.228 KG,"1,99€","8,73€ / KG",
Vinho Regional Alentejo Tinto,TERRAS D'EL REI,Garrafa 0.75 LT,"2,69€","3,59€ / LT",
Conserva de Feijão Encarnado Cozido com pouco Sal,FERBAR,Lata 0.42 KG,"0,95€","2,26€ / KG",
Massa Cotovelos GR,MILANEZA,Emb. 0.5 KG,"1,19€","2,38€ / KG",
Mad Chip Alho e Evas,CALVÉ,Emb. 0.26 KG,"2,29€","8,81€ / KG",
Queijo Fresco com Leite Magro,DÉLISSE,Emb. 1 KG,"1,89€","1,89€ / KG",
CAPS CAFE COMP C/ DG XL INTENSO - INT10,PLANTATION,,"5,99€",/ Unid.,
Cápsulas Café Espresso P/ Nespresso Intensidade 11,STARBUCKS,Emb. 10 CAPS.,"4,45€","0,45€ / CAPS.",
Recarga Mopa 20 Panos,SWIFFER,Emb. 1 P,"4,18€","4,18€ / P",
Chocolate em pó P/ Leite Saco,NESQUIK,Emb. 1 KG,"4,64€","4,64€ / KG",
Cereais Mel Zero,NESTUM,Emb. 0.25 KG,"2,15€","8,60€ / KG",
Conserva de Salsichas Wienerwurst 5 Unid.,NOBRE,Frasco 0.22 KG,"1,94€","8,82€ / KG",
SORTIDO GOMAS CAIXA PLASTICA,COPAÍNS COPINES,Emb. 0.75 KG,"3,99€","5,32€ / KG",
Cápsulas de Café Alumínio Nespresso Ristretto,SEGAFREDO,Emb. 10 UN,"4,29€","0,43€ / UN",
Creme de Mãos Nutritivo Nourish & Protect,BIOTEN,Emb. 0.1 LT,"2,13€","21,30€ / LT",
Bebida de Soja Original 3x200ML,SHOYCE,Emb. 0.6 LT,"1,74€","2,90€ / LT",
Chouriço Mouro da Beira Baixa,SNR,Emb. 0.2 KG,"1,67€","8,35€ / KG",
Água com Gás Frutos Vermelhos 4x25cl,PEDRAS,Emb. 1 LT,"2,39€","2,39€ / LT",
BARRA CEREAIS CHOCO BANANA,ECO+,Emb. 0.125 KG,"1,09€","8,72€ / KG",
TERRA MUDANCA VASO BIO 20L,BEAUX JOURS,Emb. 20 LT,"2,49€","0,12€ / LT",
Amêndoa Caramelizada,,Emb. 0.25 KG,"4,29€","17,16€ / KG",
Vinho Branco do Tejo Chardonnay/Arinto,QUINTA DA ALORNA,Emb. 0.75 LT,"6,39€","8,52€ / LT",
Piri Piri Moído,MARGÃO,Emb. 0.038 KG,"2,29€","60,26€ / KG",
Conserva de Feijão Branco Cozido com pouco Sal,FERBAR,Lata 0.42 KG,"0,95€","2,26€ / KG",
Pastilha Elástica Senses Watermelon Sunrise,TRIDENT,Emb. 0.023 KG,"0,94€","40,87€ / KG",
Vinho Verde Branco,ADEGA DE MONÇÃO,Garrafa 0.75 LT,"2,49€","3,32€ / LT",
Sabonete Moisture Care 4 unid.,PALMOLIVE,Emb. 0.09 KG,"3,39€","37,67€ / KG",
Bolachas Digestivas Tradicionais,THINS,Emb. 0.174 KG,"2,39€","13,74€ / KG",
Néctar Light Laranja,JAFADEN,Emb. 1 LT,"0,89€","0,89€ / LT",
COLA BATON 20G,ESQUISSE,Emb. 1 UNID.,"0,89€","0,89€ / UNID.",
Elixir Oral,LISTERINE,Emb. 0.75 LT,"5,99€","7,99€ / LT",
AMBIENTADOR MINI SPRAY LIRIO DOS VALES + RECARGA,BIEN AIR,Emb. 1 UNID.,"2,19€","2,19€ / UNID.",
Recarga Sabonete Líquido Amêndoa,PALMOLIVE,Emb. 0.5 LT,"3,49€","6,98€ / LT",
Refrigerante de Maça Gaseificado S/ Álcool,GIBUS,Garrafa 0.75 LT,"2,49€","3,32€ / LT",
BOLA VOLEI PLASTICO,WOODSUN,Emb. 1 UNID.,"2,73€","2,73€ / UNID.",
Chá Preto de Pêssego e Manga,LIPTON,Emb. 0.036 KG,"1,59€","44,17€ / KG",
Batatas Fritas Gourmet,POM'LISSE,Emb. 0.17 KG,"1,29€","7,59€ / KG",
Sumo 100% Tomate Biológico,,Emb. 1 LT,"1,49€","1,49€ / LT",
Mini Pizza Queijo e Fiambre Ultracongelado 9 Unid.,PICCOLINIS,Emb. 0.27 KG,"3,99€","14,78€ / KG",
Luvas P/ Uso Doméstico Tam. M,MAMISON,Emb. 1 UNID.,"0,69€","0,69€ / UNID.",
Ice Tea Limão,LIPTON,Emb. 1 LT,"1,29€","1,29€ / LT",
Detergente Roupa Máquina Pó Lavanda,SKIP,Emb. 100 DOSES,"18,49€","0,18€ / DOSES",
ATUM RAMIREZ AZEITE 120G,RAMIREZ,,"1,19€",/ Unid.,
MOUSSE AVES E PORCO BIO P/ CAO 400G,PLENIMA,Emb. 0.4 KG,"1,86€","4,65€ / KG",
Bolachas com Pepitas Chocolate sem Glúten,CHAQUE JOUR,Emb. 0.15 KG,"2,29€","15,27€ / KG",
Detergente Loiça Manual Concentrado Limão,CIF,Emb. 0.6 LT,"1,49€","2,48€ / LT",
PIMENTO VERM./VERDE,NOTRE JARDIN,Emb. 0.6 KG,"1,49€","2,48€ / KG",
Patê de Figado de Porco,LA PIARA,Emb. 0.08 KG,"0,96€","12,00€ / KG",
Amaciador para Roupa Revive Lavish Blossom Ultra Concentrado,COMFORT,Emb. 60 DOSES,"3,99€","0,07€ / DOSES",
Cera Cabelo,AXE,Emb. 0.13 LT,"4,34€","33,38€ / LT",
Creme de Camembert,PRÉSIDENT,Emb. 0.125 KG,"2,45€","19,60€ / KG",
Bolachas Tosta Rica Choco Guay,CUÉTARA,Emb. 0.168 UNID.,"1,99€","11,85€ / UNID.",
Glade Observadores Frescos de Primavera,BRISE,Emb. 0.3 KG,"2,99€","9,97€ / KG",
Coloração Preto Azulado 210 sem Amoníaco,CASTING,Emb. 1 UNID.,"9,89€","9,89€ / UNID.",
Verniz de Unhas 60 Segundos 210,RIMMEL,Emb. 1 UNID.,"5,29€","5,29€ / UNID.",
BOLACHA CEREAIS C/ COB DE CHOCOLATE E AVELA,P'TIT DÉLI,Emb. 0.2 KG,"1,99€","9,95€ / KG",
FITA ADESIVA DE PINTOR 50MX,ECO+,Emb. 2 UNID.,"2,10€","1,05€ / UNID.",
Queijo Camembert,ECO+,Emb. 0.25 KG,"1,59€","6,36€ / KG",
Creme Care Hidratação Intensiva,NIVEA,Emb. 0.2 LT,"4,69€","23,45€ / LT",
Vinho Regional Lisboa Branco Leve,MUNDUS,Garrafa 0.75 LT,"1,69€","2,25€ / LT",
PIRIPIRI MOIDO,RUSTICA,Emb. 0.05 KG,"0,65€","13,00€ / KG",
"BOLACHA REDONDA RECHEIO DUO ""CHOCOLATE E LEITE""",P'TIT DÉLI,Emb. 0.3 KG,"1,49€","4,97€ / KG",
Espumante Reserva Doce,FITA AZUL,Garrafa 0.75 LT,"5,68€","7,57€ / LT",
Azeite Virgem Extra Gourmet,GALLO,Emb. 0.75 LT,"3,89€","5,19€ / LT",
Bálsamo Barba Suave King C,GILLETTE,Emb. 0.1 LT,"7,49€","74,90€ / LT",
Lenços Bolso,MARQUE REPERE,Emb. 18 UNID.,"2,29€","0,13€ / UNID.",
RODO LIMPA VIDROS,TECH9,Emb. 1 UNID.,"4,99€","4,99€ / UNID.",
Millet Painço Ramo,TOUS MES AMIS,Emb. 0.2 KG,"1,86€","9,30€ / KG",
Saboneteira Cinza,SILLAGE,Emb. 1 UNID.,"1,59€","1,59€ / UNID.",
MACARONS 12UN,AUTOUR DU DESSERT,Emb. 0.154 KG,"5,99€","38,90€ / KG",
Gel Banho Aloe Vera,MANAVA,Emb. 0.75 LT,"1,69€","2,25€ / LT",
PIRI SACANA C/CANNABIS,PALADIN,Emb. 0.075 LT,"2,99€","39,87€ / LT",
Vela Duo com Fragrância de Maçã,AIRWICK,Emb. 0.105 KG,"5,69€","54,19€ / KG",
Dentífrico Morango 2+ Kids,PETIT DENTAMYL,Emb. 0.05 LT,"0,59€","11,80€ / LT",
CONE MANGA E MARACUJA 6UN,SMICY,Emb. 0.12 LT,"2,59€","21,58€ / LT",
"ALIMENT BEBE: SOBREMESA LACTEA SEMOLA, BAUNILHA +6M 4X100G",BIO VILLAGE BEBE,Emb. 0.4 KG,"2,29€","5,73€ / KG",
Chá de Tília,TETLEY,Emb. 10 UNID.,"0,86€","0,09€ / UNID.",
Conserva de Azeitonas Verdes com Recheio,RUSTICA,Emb. 0.3 KG,"1,65€","5,50€ / KG",
Café Torrado Moído Clássico Intensidade 9,SICAL,Emb. 16 UNID.,"3,79€","0,24€ / UNID.",
OSSOS PRENSADOS 21CM FLUOR,P'TIT AMI,Emb. 1 UNID.,"2,59€","2,59€ / UNID.",
Café Cápsulas Intenso Intensidade 9,PLANTATION,Emb. 10 CAPS.,"1,69€","0,17€ / CAPS.",
Ovos Solo M,SNR,Emb. 24 UNID.,"4,99€","0,21€ / UNID.",
Conserva de Caldeirada,PITEU,Emb. 0.12 KG,"1,89€","15,75€ / KG",
Creme de Cabra,PRÉSIDENT,Emb. 0.125 LT,"2,17€","17,36€ / LT",
PERA WILLIAMS EM CALDA,DOUCEUR DU VERGER,Emb. 0.225 KG,"1,39€","6,18€ / KG",
Iogurte Líquido Baunilha,DÉLISSE,Emb. 0.85 LT,"1,25€","1,47€ / LT",
Escova P/ Cabelo Oval Pequena,,Emb. 1 UNID.,"3,99€","3,99€ / UNID.",
COBERTURA TABUA DE ENGOMAR 122x45,ECO+,Emb. 1 UNID.,"4,48€","4,48€ / UNID.",
DETERGENTE LIQUIDO CONCENTRADO FLORES ECOLOGICO RECARGA 30D,UNÍ VERT,,"3,69€",/ Unid.,
Pipocas Caramelizadas,TOKAPI,Emb. 0.1 KG,"0,79€","7,90€ / KG",
Iogurte Queijo Fresco Açucarado com Frutos 6x100g,DÉLISSE,Emb. 0.6 KG,"1,99€","3,32€ / KG",
GRESSINOS AZEITE ROSMANINHO,TOKAPI,Emb. 0.125 KG,"1,25€","10,00€ / KG",
Ambientador Carro Brisa Marinha,AMBIPUR,Emb. 1 UNID.,"3,39€","3,39€ / UNID.",
Alimento Seco P/ Gato C/ Carne de Vaca,PURINA,Emb. 0.8 KG,"6,65€","8,31€ / KG",
"Açúcar Baunilhado 10x7,5 g",TABLIER BLANC,Emb. 0.075 KG,"1,59€","21,20€ / KG",
Máscaras Liso Keratina,TRESEMMÉ,Emb. 0.3 LT,"5,39€","17,97€ / LT",
Cevada Solúvel,PLANTATION,Frasco 0.2 KG,"1,69€","8,45€ / KG",
Carne Porco Salgada C/ Lentilhas,CÔTÉ TABLE,Lata 0.84 KG,"2,99€","3,56€ / KG",
Pantene Grisalho Radiante & Suave Máscara 160 ml,PANTENE PV,Emb. 0.16 LT,"5,89€","36,81€ / LT",
Creme Hidratante Caixa Grande,NIVEA,Emb. 0.15 LT,"4,29€","28,60€ / LT",
Lasanha Bolonhesa à Ultracongelada,CÔTÉ TABLE,Emb. 0.6 KG,"2,99€","4,98€ / KG",
Sumo Fruta Tropical,JAFUN,Emb. 6 UNID.,"1,69€","0,28€ / UNID.",
MIOLO MEXILHAO SKIN PACK,PÊCHE OCÉAN,Emb. 0.23 KG,"1,99€","8,65€ / KG",
Vinho Regional Bairrada Branco,MARQUES DE MARIALVA,Garrafa 0.75 LT,"4,79€","6,39€ / LT",
Sal Refinado Mesa,VATEL,Emb. 0.25 KG,"0,39€","1,56€ / KG",
Couscous,,Emb. 1 KG,"1,59€","1,59€ / KG",
Sangria Branca,D. SIMON,Garrafa 1.5 LT,"2,19€","1,46€ / LT",
Pensos Higiénicos Noite C/ Abas Eco,UNÍ VERT,Emb. 10 UNID.,"1,45€","0,15€ / UNID.",
Cajú Torrado sem Sal,TOKAPI,Emb. 0.125 KG,"2,69€","21,52€ / KG",
Gelado Pistachio,ESKISS,Emb. 1 LT,"2,69€","2,69€ / LT",
Champanhe Meio Seco,POL CARSON,Garrafa 0.75 LT,"17,29€","23,05€ / LT",
TESOURA PODA,BEAUX JOURS,Emb. 1 UNID.,"2,90€","2,90€ / UNID.",
Barrinhas P/ Coelhos Anões Frutas,TOUS MES AMIS,Emb. 0.11 KG,"1,75€","15,91€ / KG",
Creme de Pentear Hidra Caracóis,FRUCTIS,Emb. 0.2 LT,"4,94€","24,70€ / LT",
Pimenta Branca Moída,RUSTICA,Frasco 0.04 KG,"1,49€","37,25€ / KG",
Alimento Húmido P/ Gato Vários Sabores,GOURMET GOLD,Emb. 0.34 KG,"3,49€","10,26€ / KG",
Guardanapos Branco Pequenos Folha Dupla,GUARDANAPOS RENOVA,Emb. 90 UNID.,"1,19€","0,01€ / UNID.",
Strogonoff,KNORR,Emb. 0.033 KG,"1,29€","39,09€ / KG",
ESPANADOR MICROFIBRAS C/CABO EXTENSIVEL,SILLAGE,Emb. 1 UNID.,"3,99€","3,99€ / UNID.",
BACALHAU A BRAS 300G,CÔTÉ TABLE,Emb. 0.25 KG,"2,59€","10,36€ / KG",
"Carregador Usb 2,4A",LINKSTER,Emb. 1 UNID.,"8,49€","8,49€ / UNID.",
Alimento Seco P/ Cão Croquetes Sénior,LYDOG,Emb. 3 KG,"5,49€","1,83€ / KG",
Café Cápsulas Máximo Intensidade 10,PLANTATION,Emb. 10 CAPS.,"1,69€","0,17€ / CAPS.",
ENVELOPE SILICONE 110X220MM 100UN,ECO+,Emb. 100 UNID.,"1,59€","0,02€ / UNID.",
Cereais de Mel,ESTRELITAS,Emb. 0.55 KG,"3,14€","5,71€ / KG",
Pasta Pot Cogumelos,KNORR,Emb. 0.07 KG,"1,89€","27,00€ / KG",
Limpa Móveis Spray Lavanda,PRONTO,Emb. 0.3 LT,"4,29€","14,30€ / LT",
Tablete de Chocolate de Leite Superior com Avelãs Inteiras,TABLETTE D'OR,Emb. 0.2 KG,"1,75€","8,75€ / KG",
Cerveja com Álcool Lata,SUPER BOCK,Emb. 0.5 LT,"1,57€","3,14€ / LT",
Conserva de Azeitona Verde Descaroçada,RUSTICA,Emb. 0.48 KG,"1,60€","3,33€ / KG",
VELA NUMERO FUN 0,ARDENCE,Emb. 1 UNID.,"0,69€","0,69€ / UNID.",
Detergente Loiça Manual Concentrado Limão,CIF,Emb. 1 LT,"1,99€","1,99€ / LT",
Balança Cozinha,ELSAY,Emb. 1 UNID.,"13,99€","13,99€ / UNID.",
Conserva de Feijão Branco da Horta,COMPAL,Lata 0.845 KG,"1,59€","1,88€ / KG",
Néctar Clássico Pêssego,JAFADEN,Emb. 1 LT,"0,99€","0,99€ / LT",
Bolachas de Gérmen de Trigo C/ Pepitas Chocolate Leite,NAT&VIE,Emb. 0.2 KG,"1,69€","8,45€ / KG",
Cereais de Chocolate e Chocolate Branco,CHOCAPIC,Emb. 0.4 KG,"2,92€","7,30€ / KG",
Barras de Cereais de Chocolate C/ Leite 6 Unid.,NESQUIK,Emb. 0.15 KG,"3,28€","21,87€ / KG",
MINI BISCOITOS COM COBERTURA DE CHOCOLATE DE LEITE,P'TIT DÉLI,Emb. 0.16 KG,"1,69€","10,56€ / KG",
Pão de Forma Multicereal,EPI D'OR,Emb. 0.45 KG,"1,39€","3,09€ / KG",
MASSA FOLHADA RECTANG. 230G,TABLIER BLANC,Emb. 0.23 KG,"1,29€","5,61€ / KG",
Queijinhos Frescos de Fruta,DÉLISSE,Emb. 0.6 KG,"1,59€","2,65€ / KG",
Forno de Lenha Fatias Finas Peito de Peru,CAMPOFRIO,Emb. 0.12 KG,"2,69€","22,42€ / KG",
LAVA TUDO BOSQUE,CLAIR,Emb. 2 LT,"0,89€","0,45€ / LT",
Concentrado de Manga,SUNQUICK,Garrafa 0.58 LT,"4,69€","8,09€ / LT",
Pensos Higiénicos Noite Alas,EVAX,Emb. 9,"2,96€","0,33€ /",
Cerveja com Álcool 24x33cl,SAGRES,Emb. 7.92 LT,"18,29€","2,31€ / LT",
Maionese,RUSTICA,Frasco 0.47 KG,"1,69€","3,60€ / KG",
BATERIA Nº 11 44/420 44/420 TECH9,TECH9,Emb. 1 UNID.,"54,99€","54,99€ / UNID.",
Café Clássico,PLANTATION,Emb. 48 PAST.,"4,95€","0,10€ / PAST.",
Tagliatelles à L'ancienne Biológicas,,Emb. 0.25 KG,"1,59€","6,36€ / KG",
Iogurte Cremoso de Frutas 16x125g,DÉLISSE,Emb. 2 KG,"3,99€","2,00€ / KG",
CARIL SAQUETA,RUSTICA,Emb. 0.05 KG,"0,59€","11,80€ / KG",
Bolachas Petit Beurre C/ Chocolate Preto Pocket,P'TIT DÉLI,Emb. 0.25 KG,"2,45€","9,80€ / KG",
Ketchup Redução de Sal e Açúcar,HEINZ,Emb. 0.55 KG,"3,99€","7,25€ / KG",
Creme Culinária Soja,SHOYCE,Emb. 0.2 L,"1,18€","5,90€ / L",
SOBREMESA CREME CHOCOLATE BRANCO,DÉLISSE,Emb. 0.5 KG,"1,59€","3,18€ / KG",
Detergente Máquina Roupa Líquido Sensitive,SKIP,Emb. 100 DOSES,"19,99€","0,20€ / DOSES",
Batatas Fritas 6x30g,POM'LISSE,Emb. 0.18 KG,"1,49€","8,28€ / KG",
"AGUA NAT PET,CARVALHELHO,4x1.5L",CARVALHELHOS,,"2,29€",/ Unid.,
Barras de Cereais Special K Frutos Vermelhos,KELLOGG'S,Emb. 0.132 KG,"3,39€","25,68€ / KG",
DETERGENTE LIQUIDO PARA ROUPA BEBE 25D,EPSIL,Emb. 25 DOSES,"2,79€","0,11€ / DOSES",
Liegeois Café 4x100g,DÉLISSE,Emb. 0.4 KG,"1,49€","3,73€ / KG",
Pimenta Branca Moída,RUSTICA,Emb. 0.05 KG,"0,99€","19,80€ / KG",
Néctar Clássico Pêssego 3x200 ml,COMPAL,Emb. 0.6 LT,"1,39€","2,32€ / LT",
Água com Gás 10x25 cl TP,PEDRAS SALGADAS,Emb. 2.5 LT,"4,25€","1,70€ / LT",
Farinha De Trigo Espiga T55,ESPIGA,Emb. 1 KG,"1,14€","1,14€ / KG",
TABLETE CHOCOLATE NEGRO 72% 100G,CEMOI,Emb. 0.1,"0,99€","9,90€ /",
Mousse à la Liégeoise Baunilha 8x80g,DÉLISSE,Emb. 0.64 KG,"2,79€","4,36€ / KG",
Rissóis de Carne,,Emb. 8   UNID.,"1,69€","0,21€ /   UNID.",
Pastilhas Elásticas sem Açúcar Sabor Menta Verde 70Unid.,NEW'R,Emb. 0.102 KG,"1,80€","17,65€ / KG",
Marcadores para Colorir,ECO+,Emb. 12 UNID.,"1,09€","0,09€ / UNID.",
LEITE DESMAQUILHANTE BIO,BIONAÏA,Emb. 0.25 LT,"2,69€","10,76€ / LT",
Mini Snacks Gato Salmão,TOUS MES AMIS,Emb. 0.06 KG,"0,98€","16,33€ / KG",
PASTILHAS ANTI-CALCARIO MAQ ROUPA 48UN,TEXIL,Emb. 48 UNID.,"3,79€","0,08€ / UNID.",
Gel de Banho Naturals Oliva e Leite,PALMOLIVE,Emb. 0.5 LT,"2,69€","5,38€ / LT",
Condicionador Purify & Hidrate,,Emb. 0.4 LT,"4,19€","10,48€ / LT",
Alimento Seco P/ Cão Adulto,FRISKIES,Emb. 1.5 KG,"4,49€","2,99€ / KG",
RECARGA P/ SABONETE LIQUIDO FLORAL 750ML,ECO+,Emb. 0.75 LT,"1,10€","1,47€ / LT",
Gelatina Sabor Melancia 2x85g,TABLIER BLANC,Emb. 0.17 KG,"0,85€","5,00€ / KG",
Cillit Bang Lixívia & Higiene 500ML x12,CILLIT BANG,Emb. 0.5 LT,"2,24€","4,48€ / LT",
Gin Gordon´s,GORDON'S,Garrafa 0.7 LT,"14,99€","21,41€ / LT",
FEIJAO MANTEIGA SACO,NOTRE JARDIN,Emb. 0.5 KG,"1,09€","2,18€ / KG",
Metades de Pêssego em Calda,DOUCEUR DU VERGER,Lata 0.23 KG,"1,39€","6,04€ / KG",
BICARBONATO DE SODIO,CLAIR AUTHENTIQUE,Emb. 0.5 KG,"1,99€","3,98€ / KG",
Massa Folhada Pronta Biológica,,Emb. 0.23 KG,"1,99€","8,65€ / KG",
Sumo 100% 3 Citrinos,JAFADEN,Emb. 1 LT,"1,55€","1,55€ / LT",
ENVELOPE SILICONE 110X220MM,ESQUISSE,Emb. 100 UNID.,"1,85€","0,02€ / UNID.",
Dourada Cal. 200/300,,1 Unid. = 0.25 KG (aprox.),"5,99€/kg","1,50€ / Unid.",
BOLACHAS RETANGULARES COM RECHEIO DE CHOCOLATE,P'TIT DÉLI,Emb. 0.125 KG,"1,29€","10,32€ / KG",
Vinho Verde Branco,DEU LA DEU,Garrafa 0.75 LT,"5,99€","7,99€ / LT",
Chá de Tília,,Emb. 25 SAQ.,"0,99€","0,04€ / SAQ.",
Papa Infantil 8 Cereais e Mel,NESTLÉ,Emb. 0.25 KG,"1,79€","7,16€ / KG",
Azeite Maduras,OLIVEIRA DA SERRA,Emb. 0.75 LT,"5,49€","7,32€ / LT",
Chá de Camomila,LIPTON,Emb. 10 SAQ.,"0,69€","0,07€ / SAQ.",
Esfregão Aço Inox,BRAVO,Emb. 1 P,"1,29€","1,29€ / P",
Cereais Granola de Aveia C/ Arandos e Sementes de Abóbora,FITNESS,Emb. 0.3 KG,"2,79€","9,30€ / KG",
Sumo 100% Ananás Biológico,,Emb. 1 LT,"2,99€","2,99€ / LT",
CALDO GALINHA M.REPERE,RUSTICA,Emb. 0.12 KG,"0,79€","6,58€ / KG",
Aguardente Vínica Velha,DORRÃO,Garrafa 0.7 LT,"11,99€","17,13€ / LT",
Lixívia Perfumada,NEOBLANC,Emb. 4 LT,"3,34€","0,84€ / LT",
Dentífrico Menta Fresca 24H,AQUAFRESH,Emb. 0.075 LT,"2,17€","28,93€ / LT",
FILETES DE CAVALA C/ MOSTARDA DE DIJON,PÊCHE OCÉAN,Emb. 0.169 KG,"1,79€","10,59€ / KG",
Coloração Permanente Nutritiva 5.62 Vermelho Ousado,NUTRISSE,Emb. 1 UNID.,"9,49€","9,49€ / UNID.",
Creme de Mãos Godness,DOVE,Emb. 0.075 LT,"2,99€","39,87€ / LT",
Vinho Regional Douro Tons Tinto,DUORUM,Garrafa 0.75 LT,"4,89€","6,52€ / LT",
SACOS LIXO C/ ATILHO 20L,ELEMBAL,Emb. 20 UNID.,"1,29€","0,06€ / UNID.",
Sticks P/ Cão,TOUS MES AMIS,Emb. 25 UNID.,"2,98€","0,12€ / UNID.",
"BL1 LED ESFERA R 5,5W-40W E27",FOXTER,Emb. 1 UNID.,"4,09€","4,09€ / UNID.",
Cápsulas Café Expresso Intenso Intensidade 7,DOLCE GUSTO,Emb. 16 CAPS.,"5,95€","0,37€ / CAPS.",
TIRAS PARA HAMSTER SABOR LEGUMES,P'TIT AMI,,"1,59€",/ Unid.,
MÁSCARA VIAGEM,RIVERSIDE,Emb. 1 UNID.,"1,59€","1,59€ / UNID.",
Papa Infantil Aveia Manga e Banana,CERELAC,Emb. 0.25 KG,"2,49€","9,96€ / KG",
Café Solúvel Liofilizado,ECO+,Emb. 0.2 KG,"3,19€","15,95€ / KG",
Bolachas Ovos Dinossauros,ARTIACH,Emb. 0.14 KG,"1,99€","14,21€ / KG",
Escova de Dentes Max White,COLGATE,Emb. 1 UNID.,"3,95€","3,95€ / UNID.",
Xarope de Laranja,FRUCCI,Emb. 0.75 LT,"3,89€","5,19€ / LT",
CREME PENTEAR CABELOS CARACOIS 200ML,VITANOVE,Emb. 0.2 LT,"2,39€","11,95€ / LT",
PERCABONATO SÓDIO,CLAIR,Emb. 0.5 KG,"2,99€","5,98€ / KG",
Saquetas Iogurte Morango,DANONE,Emb. 0.28 KG,"1,99€","7,11€ / KG",
Iogurte Soja Natural 6 Unid.,NAT&VIE,Emb. 0.6 KG,"1,49€","2,48€ / KG",
PILHAS ALCALINAS LR6 TECH+,FOXTER,Emb. 4 UNID.,"1,98€","0,50€ / UNID.",
Vinho Regional Península de Setúbal Tinto,DONA ERMELINDA,Garrafa 0.75 LT,"4,99€","6,65€ / LT",
Néctar Clássico Manga,COMPAL,Emb. 1 LT,"1,69€","1,69€ / LT",
BACALHAU COM NATAS 350G,CÔTÉ TABLE,Emb. 0.35 KG,"2,49€","7,11€ / KG",
Máscara Multiusos Óleo Extraordinário Óleo de Coco,L'ORÉAL PARIS,Emb. 0.3 LT,"6,92€","23,07€ / LT",
MADALENAS LONGAS,ECO+,Emb. 0.25 KG,"0,99€","3,96€ / KG",
Gelado de Caramelo Salgado e Amêndoas Pack 3,MAGNUM,Emb. 0.27 LT,"4,99€","18,48€ / LT",
Queijo Fundido para Hamburger 10 Fatias,LES CROISÉS,Emb. 0.2 KG,"1,68€","8,40€ / KG",
Detergente para Máquina de Roupa Active Clean Ultimate,SKIP,Emb. 70 DOSES,"15,99€","0,23€ / DOSES",
Conserva de Salsichas 6 Unid. FrankFurt,CÔTÉ TABLE,Lata 0.12 KG,"0,59€","4,92€ / KG",
DETERGENTE LIQUIDO FRESCURA 40D,EPSIL,,"4,95€",/ Unid.,
PRATO + NAPERON 28CM,,Emb. 1 UNID.,"0,69€","0,69€ / UNID.",
Hamburger de Carne de Vaca Ultracongelado,,Emb. 10 UNID.,"9,99€","1,00€ / UNID.",
Recarga Esfregona Rotativa,,Emb. 1 UNID.,"2,59€","2,59€ / UNID.",
Bollycao Clássico 2x57 g,BOLLYCAO,Emb. 0.114 KG,"1,00€","8,77€ / KG",
Sopa Creme de Lagosta,KNORR,Emb. 0.061 KG,"1,49€","24,43€ / KG",
Lava Tudo Multisuperficies Lavanda,CIF,Emb. 1.4 LT,"1,99€","1,42€ / LT",
TOSTAS DE TRIGO INTEGRAL,EPI D'OR,Emb. 0.5 KG,"1,49€","2,98€ / KG",
Óleo Alimentar,RUSTICA,Garrafa 1 LT,"2,79€","2,79€ / LT",
Barra Cereais Maçã Verde,GRAINEA,Emb. 0.126 KG,"1,49€","11,83€ / KG",
RECARGA A4 100GR QUAD 100P,ESQUISSE,Emb. 1 UNID.,"1,59€","1,59€ / UNID.",
PERSIL COLOR GEL,PERSIL,Emb. 65 DOSES,"12,49€","0,19€ / DOSES",
LUVA AUTO MOPA ANTI-MOSQUITOS,TECH9,Emb. 1 UNID.,"1,99€","1,99€ / UNID.",
Gelatina Frutos Do Bosque 4 Unid.,ROYAL,Emb. 0.4 KG,"2,19€","5,48€ / KG",
OREGAOS FOLHAS SAQUETA,RUSTICA,Emb. 0.08 KG,"0,28€","3,50€ / KG",
Pensos Higiénicos Salvaslips em Bolsas,EVAX,Emb. 40 UNID.,"1,89€","0,05€ / UNID.",
Peito de Frango Fatias Finas,CAMPOFRIO,Emb. 0.12 KG,"2,69€","22,42€ / KG",
BORRACHA + AFIA C/DEPOSITO,ESQUISSE,Emb. 1 UNID.,"0,89€","0,89€ / UNID.",
Sumo Refrigerado Morango,SUNNY DELIGHT,Emb. 0.31 Lt,"0,78€","2,52€ / Lt",
Delicias do Mar Surimi Sabor a Caranguejo,PÊCHE OCÉAN,Emb. 0.2 Kg,"1,59€","7,95€ / Kg",
Queijo Fatiado Castelões Original,CASTELÕES,Emb. 0.2 KG,"2,39€","11,95€ / KG",
Champô Cabelos Pintados,ELVIVE,Emb. 0.25 LT,"3,95€","15,80€ / LT",
Barra Bueno Recheio Leite Avelãs Cobertura Chocolate 2 Unid.,KINDER,Emb. 0.043 KG,"1,08€","25,12€ / KG",
Cuscus Aves e Salsichas Merguez,CÔTÉ TABLE,Emb. 0.98 KG,"4,29€","4,38€ / KG",
Filete Primavera com Alho e Ervas Aromáticas 2 Unid.,IGLO,Emb. 0.225 KG,"3,99€","17,73€ / KG",
Chá Limão e Gengibre,LIPTON,Emb. 20 SAQ.,"1,84€","0,09€ / SAQ.",
IOGURTES DE LEITE GORDO VARIOS AROMAS,DÉLISSE,Emb. 1 KG,"2,65€","2,65€ / KG",
Feijão Branco Seco,NOTRE JARDIN,Emb. 0.5 KG,"0,99€","1,98€ / KG",
RECARGA ESFREGONA UNIVERSAL,VILEDA,,"1,99€",/ Unid.,
Sobremesa Láctea de Alperce +6 Meses,BIO VILLAGE BEBE,Emb.0 0.4 KG,"2,29€","5,73€ / KG",
Massa de Pimentão,RUSTICA,Frasco 0.2 KG,"0,89€","4,45€ / KG",
Alimento Seco Gato Croquetes Frango e Cereais,ECO+,Emb. 4 KG,"5,79€","1,45€ / KG",
Desodorizante Spray Sport Cool,REXONA,Emb. 0.15 LT,"2,54€","16,93€ / LT",
Gelatina Frutos Vermelhos Light 2x15g,CONDI,Emb. 0.03 KG,"1,77€","59,00€ / KG",
LIEGEOIS CHOCOLATE,DÉLISSE,Emb. 1.2 KG,"3,99€","3,33€ / KG",
BLOCO 3 TOMADAS 10/16A,ECO+,Emb. 1 UNID.,"2,99€","2,99€ / UNID.",
Detergente Líquido Máquina Roupa,GAMA,Emb. 100 DOSES,"9,99€","0,10€ / DOSES",
PORTFOLIO A4 40 BOLSAS,ESQUISSE,Emb. 1 UNID.,"2,49€","2,49€ / UNID.",
Bolo Cake e Choc,MILKA,Emb. 0.175 KG,"2,47€","14,11€ / KG",
Água Tónica Original,NORDIC,Garrafa 1 LT,"1,79€","1,79€ / LT",
Farinha Rainha Especial P/ Bolos,NACIONAL,Emb. 1 KG,"1,23€","1,23€ / KG",
Tablete Excellence 99% Cacau,LINDT,Emb. 0.05 KG,"3,29€","65,80€ / KG",
"AQUAFRESH INTENSE CLEAN,,2x75ML",AQUAFRESH,,"3,99€",/ Unid.,
"KINDER BUENO CLASSICO, T2X4",KINDER BUENO,Emb. 0.172 KG,"2,44€","14,19€ / KG",
CARREGADOR +2 PILHAS R03 AAA850MAH,FOXTER,Emb. 1 UNID.,"11,99€","11,99€ / UNID.",
CRACKERS 3X100G,TOKAPI,Emb. 0.3 KG,"1,59€","5,30€ / KG",
Champô Leite de Coco,HERBAL ESSENCES,Emb. 0.4 LT,"3,99€","9,98€ / LT",
Pensos Higiénicos Diários Maxi Aloe,CAREFREE,Emb. 48 UNID.,"4,45€","0,09€ / UNID.",
Ervilhas Ultracongeladas,NOTRE JARDIN,Emb. 1 KG,"1,99€","1,99€ / KG",
Caldo de Galinha,KNORR,Emb. 0.252 KG,"2,39€","9,48€ / KG",
Alimento Seco P/ Cão -10Kg Frango e Arroz,PURINA,Emb. 3 KG,"15,99€","5,33€ / KG",
Cerveja Amber Lager 4x33cl,CORUJA,Emb. 1.32 L,"3,29€","2,49€ / L",
Vinagre de Vinho Branco Chardonnay,GALLO,Emb. 0.25 LT,"1,99€","7,96€ / LT",
Tablete de Chocolate Preto com Pedaços de Amêndoas Torradas Biológico,,Emb. 0.1 KG,"1,99€","19,90€ / KG",
AMACIADOR ROUPA SUAVE,HYPERDOU,Emb. 4 LT,"2,49€","0,62€ / LT",
Desodorizante Roll On Talc Soft,DOVE,Emb. 0.05 LT,"2,69€","53,80€ / LT",
Escova de Dentes Média,COLGATE,Emb. 1 UNID.,"3,95€","3,95€ / UNID.",
Vinagre de Vinho Branco,RUSTICA,Garrafa 0.5 LT,"0,49€","0,98€ / LT",
Pacotinho de Multifrutas S/ Glúten +6 meses,NESTLÉ BEBÉ,Emb. 0.09 KG,"0,98€","10,89€ / KG",
Tablete de Chocolate e Leite C/ Cereais Crocantes,CRUNCH,Emb. 0.1 KG,"1,97€","19,70€ / KG",
Iogurte Líquido Natural 0% 6 Unid.,ACTIMEL,Emb. 0.6 KG,"2,59€","4,32€ / KG",
BARRA CEREAIS FIGO,GRAINEA,Emb. 0.126 KG,"1,49€","11,83€ / KG",
ALGODAO DUO OVAL,INELL,Emb. 70 UNID.,"1,09€","0,02€ / UNID.",
"Cacaolat Zero Açúcares Adicionados Leite Cacau UHT 4x 0,20L",CACAOLAT,Emb. 4 UNID.,"2,09€","0,52€ / UNID.",
"Mistura de Triguilho, Quinoa Branca e Quinoa Vermelha",,Emb. 0.45 KG,"4,29€","9,53€ / KG",
Loção Spray Cocoa Radiante,VASELINE,Emb. 0.19 LT,"3,59€","18,89€ / LT",
Caldo de Carne 12x10g,ECO+,Emb. 0.12 KG,"0,55€","4,58€ / KG",
Cereais Zero Flocos de Milho,NACIONAL,Emb. 0.375 KG,"1,74€","4,64€ / KG",
Brioches com Recheio Chocolate 8Unid.,EPI D'OR,Emb. 0.31 KG,"2,29€","7,39€ / KG",
Johnson's Baby Spray para Cabelo Penteia,JOHNSON'S BABY,Emb. 0.2 LT,"4,15€","20,75€ / LT",
Amaciador concentrado rosa e rosmaninho,SURF,Emb. 90 DOSES,"3,49€","0,04€ / DOSES",
Amaciador Concentrado Flores do Campo,HYPERDOU,Emb. 72 DOSES,"1,75€","0,02€ / DOSES",
MACEDONIA LEGUMES COZIDOS,NOTRE JARDIN,Emb. 1 KG,"1,59€","1,59€ / KG",
Glade Automatic Spray Recarga Relax Zen,GLADE,Emb. 0.269 LT,"3,59€","13,35€ / LT",
ARROZ A CANTONESA,TABLES DU MONDE,Emb. 0.9 KG,"3,69€","4,10€ / KG",
Cerveja com Álcool 6x33cl,CRISTAL,Emb. 1.98 LT,"2,89€","1,46€ / LT",
Champô Color Revitalizante,TRESEMMÉ,Emb. 0.9 LT,"6,59€","7,32€ / LT",
Café Delta Grão Lote Superior,DELTA,Emb. 1 KG,"15,39€","15,39€ / KG",
Cerveja com Álcool,CRISTAL,Garrafa 1 LT,"1,28€","1,28€ / LT",
AUSONIA AIRDRY NOITE ABAS 24,AUSONIA,Emb. 24 UNID.,"4,24€","0,18€ / UNID.",
BEBIDA SOJA FRUTOS VERMELHOS 3x250ML,ALPRO,Emb. 0.75 LT,"1,79€","2,39€ / LT",
"ATUM FILET MANJERICÃO&TOMATE SECO, 120G",TENÓRIO,Emb. 0.12 KG,"2,29€","19,08€ / KG",
Massa Cotovelinhos,ECO+,Emb. 0.5 KG,"0,65€","1,30€ / KG",
BOLACHAS PEQUENO ALMOCO CHOCOLATE,P'TIT DÉLI,Emb. 0.6 KG,"2,98€","4,97€ / KG",
Couve Flor Congelada,NOTRE JARDIN,Emb. 1 KG,"1,89€","1,89€ / KG",
CREME HIDRATANTE PELE SECA/SENSIVEL 50ML,INELL,Emb. 0.05 LT,"2,99€","59,80€ / LT",
Pantene Protect & Style Laca 300ml,PANTENE PV,Emb. 0.3 LT,"3,74€","12,47€ / LT",
Gel Sanitário Anti-calcário,HARPIC,Emb. 0.75 LT,"1,94€","2,59€ / LT",
CREME DEPILATORIO PELE SENSIVEL 100ML 100ML SLISS,SLISS,,"1,75€",/ Unid.,
Legumes para Sopa,NOTRE JARDIN,Emb. 1 KG,"1,84€","1,84€ / KG",
Batatas Fritas Receita Camponesa,LAY'S,Emb. 0.25 KG,"2,45€","9,80€ / KG",
Tablete Chocolate Leite Receita Original,LINDT,Emb. 0.125 KG,"2,49€","19,92€ / KG",
"Gelado ""Tyrolia"" Caramelo",ESKISS,Emb. 0.65 LT,"2,49€","3,83€ / LT",
Bolachas Cookies Original Chocolate,CHIPS AHOY,Emb. 0.3 KG,"2,96€","9,87€ / KG",
SPRAY LIMPA TABLIER 1 L 1L TECH9,TECH9,Emb. 1 LT,"3,19€","3,19€ / LT",
BATATA NOVA SALTEADA C/ AZEITE E SAL MARINHO,POM'LISSE,Emb. 0.45 KG,"2,69€","5,98€ / KG",
EMPADAO CARNE,ECO+,Emb. 1 KG,"3,99€","3,99€ / KG",
Vinho Regional Alentejo Tinto,TRINCA BOLOTAS,Garrafa 0.75 LT,"6,89€","9,19€ / LT",
Pensos Higiénicos Super Alas,EVAX,Emb. 10 UNID.,"2,96€","0,30€ / UNID.",
GRAO DE BICO LATAMGUIA,NOTRE JARDIN,Emb. 0.425 KG,"0,75€","1,76€ / KG",
Patê de Atum 4x22g,PÊCHE OCÉAN,Emb. 0.088 KG,"1,19€","13,52€ / KG",
Gel Anti-Calcário Hygiene Elimina Bactérias,CALGON,Emb. 1.5 LT,"12,74€","8,49€ / LT",
Leite Prado Verde Meio Gordo Bio,AGROS,Emb. 1 LT,"1,19€","1,19€ / LT",
Cevada Especial Torrada Moída,DELTA,Emb. 0.25 KG,"0,89€","3,56€ / KG",
Arroz Extra longo integral negro,CAÇAROLA,Emb. 0.5 KG,"3,54€","7,08€ / KG",
Baguete,,1 Unid. = 0.25 KG,"0,70€","2,80€ / KG",
Cereais de Trigo Original,WEETABIX,Emb. 0.43 KG,"3,39€","7,88€ / KG",
Bolacha Diet Nature Recheio Chocolate,GULLÓN,Emb. 0.25 KG,"1,48€","5,92€ / KG",
Puré de Tomates Biológico,,Emb. 0.72 LT,"1,95€","2,71€ / LT",
Bolachas de Chocolate com Pepitas de Chocolate,ECO+,Emb. 0.2 KG,"0,97€","4,85€ / KG",
Desodorizante Spray Jasmim Bio,BIONAÏA,Emb. 0.1 LT,"1,83€","18,30€ / LT",
SOBREMESA PISTACHE,DÉLISSE,Emb. 0.5 KG,"1,59€","3,18€ / KG",
BL1 LED FILA STANDARD 7W-60W E27 LUZ AMARELA,FOXTER,Emb. 1 UNID.,"4,99€","4,99€ / UNID.",
Conserva Cogumelos Inteiros,NOTRE JARDIN,Emb. 0.355 KG,"1,29€","3,63€ / KG",
Cerveja com Álcool 20x25cl,SUPER BOCK,Emb. 5 LT,"9,49€","1,90€ / LT",
STICKS RICOS BOVINO P / CAO 3UN,TOUS MES AMIS,,"0,79€",/ Unid.,
Bolachas Recheadas Chocolate Biológicas,,Emb. 0.185 KG,"2,59€","14,00€ / KG",
TOMATE CONCENTRADO BISNAGA BIO,,Emb. 0.2 KG,"1,49€","7,45€ / KG",
Recarga Limpa Vidros,AJAX,Emb. 0.5 LT,"2,59€","5,18€ / LT",
Milho P/ Pipocas,MARQUE REPERE,Emb. 0.25 KG,"0,49€","1,96€ / KG",
LIMPA MOVEIS AEROSSOL,CLAIR,Emb. 0.3 LT,"1,19€","3,97€ / LT",
Lip Therapy Aloe Vera,VASELINE,Emb. 0.017 KG,"2,49€","146,47€ / KG",
Crepes de Chocolate 8x32g,P'TIT DÉLI,Emb. 0.256 KG,"1,99€","7,77€ / KG",
Queijo Fatiado Flamengo,TERRA NOSTRA,Emb. 0.2 KG,"2,19€","10,95€ / KG",
Pastéis de Bacalhau 10 Unid.,SNR,Emb. 0.325 KG,"3,45€","10,62€ / KG",
Condicionador Express para Pontas Espigadas em Spray,GLISS,Emb. 0.2 LT,"3,24€","16,20€ / LT",
Desodorizante Spray Baunilha,MANAVA,Emb. 0.1 LT,"1,29€","12,90€ / LT",
Bebida Energética Orange Burst,POWERADE,Emb. 0.5 LT,"1,29€","2,58€ / LT",
POLPA DE TOMATE COM CEBOLA E ALHO,TURINI,Garrafa 0.5 KG,"1,29€","2,58€ / KG",
Bolachas Digestivas Aveia Oats Choc,GULLÓN,Emb. 0.425 KG,"2,69€","6,33€ / KG",
Panados de Peru Cordons Bleus 8x100g Ultracongelados,ECO+,Emb. 0.8 KG,"4,99€","6,24€ / KG",
Conserva de Feijão Branco Cozido,NOTRE JARDIN,Lata 0.85 KG,"0,99€","1,16€ / KG",
Bebida Energética Ultra White Energy Zero Açúcar,MONSTER ENERGY,Emb. 0.05 LT,"1,20€","24,00€ / LT",
Bolachas Maria Dorada,GULLÓN,Emb. 0.6 KG,"3,39€","5,65€ / KG",
Gelado Solero Red Berries,OLÁ,Emb. 0.27 LT,"2,99€","11,07€ / LT",
ALGODAO,PRIMOPLAST,Emb. 0.1 KG,"0,75€","7,50€ / KG",
Mácara Rosto Filme Purificante Alisante,INELL,Emb. 2 UNID.,"1,39€","0,70€ / UNID.",
MOUSSELINES P/ GATO 4X85G,LYCAT,Emb. 4 KG,"2,49€","0,62€ / KG",
PESSEGO EM CALDA,DOUCEUR DU VERGER,Emb. 0.82 KG,"2,39€","2,91€ / KG",
Chocolate de Leite com Amêndoas 3 Chocolates,REGINA,Emb. 0.072 KG,"1,89€","26,25€ / KG",
Champô Cabelos Normais Fructis 2 em 1,GARNIER,Emb. 0.25 LT,"3,95€","15,80€ / LT",
ESPREMEDOR CITRINOS EXPERT,ELSAY,Emb. 1 UNID.,"24,90€","24,90€ / UNID.",
Presunto Fatiado,DAMATTA,Emb. 0.07 KG,"1,98€","28,29€ / KG",
Vinho Branco Frutado,FAISÃO,Garrafa 0.75 LT,"2,35€","3,13€ / LT",
Cápsulas Café Grande P/ Dolce Gusto Intensidade 8,STARBUCKS,Emb. 12 CAPS.,"5,38€","0,45€ / CAPS.",
Espinafres Ultracongelados,BONDUELLE,Emb. 0.4 KG,"1,79€","4,48€ / KG",
RAVIOLI CARNE VACA MOLHO ITALIANO,CÔTÉ TABLE,Emb. 0.8 KG,"2,19€","2,74€ / KG",
Bolacha Cream Crackers Estilo Inglês,CUÉTARA,Emb. 0.2 KG,"1,25€","6,25€ / KG",
BATOM HIDRATANTE CLASSICO 2UN,INELL,Emb. 2 UNID.,"1,59€","0,80€ / UNID.",
PALMIERS C/ COBERTURA CHOCOLATE,P'TIT DÉLI,Emb. 0.23 KG,"1,69€","7,35€ / KG",
CADERNO AGRA.CART.3COR.A4 PAUT 60P,ESQUISSE,Emb. 1 UNID.,"1,39€","1,39€ / UNID.",
Iogurte de Alperce 4 Unid.,IOGOLINO,Emb. 0.4 KG,"2,79€","6,98€ / KG",
Rolo Cozinha Mega ECO 1=10,MARQUE REPERE,Emb. 1 UNID.,"2,99€","2,99€ / UNID.",
"V DOURO TELLUS BCO,,75CL",TELLUS,,"2,99€",/ Unid.,
Sobremesa Gelado Chocolate Brownie,CARTE D'OR,Emb. 0.9 LT,"3,29€","3,66€ / LT",
Café Cápsulas Pack Intensidade,DELTA Q,Emb. 40 CAPS.,"12,99€","0,32€ / CAPS.",
BLOCO NOTAS ADESIVO 75X75MM 2X100UN,ESQUISSE,Emb. 2 UNID.,"1,39€","0,70€ / UNID.",
Óleo Corporal Elixir de Argão,NATURAL HONEY,Emb. 0.3 LT,"5,19€","17,30€ / LT",
Pizza Fresca 3 Queijos,TURINI,Emb. 0.45 KG,"2,59€","5,76€ / KG",
AMACIADOR CONCENTRADO LIRIOS E MORANGOS 72 DOSES,HYPERDOU,Emb. 2 LT,"1,75€","0,88€ / LT",
Massa Letras,MILANEZA,Emb. 0.25 KG,"0,78€","3,12€ / KG",
Pão Thins 8 Cereais 6 Unidades,BIMBO,Emb. 0.31 KG,"2,25€","7,26€ / KG",
Queijo Fundido e Palitos Tostados,VACA QUE RI,Emb. 0.035 KG,"0,68€","19,43€ / KG",
"""BLANQUETTE"" DE VITELA E ARROZ",CÔTÉ TABLE,Emb. 0.285 KG,"2,49€","8,74€ / KG",
Refrigerante C/ Gás Laranja,FANTA,Garrafa 1.5 LT,"1,00€","0,67€ / LT",
Pudim Flan Caramelo 12x100g,ECO+,Emb. 1.2 KG,"1,69€","1,41€ / KG",
Papel Higiénico 4 Folhas Creme,RENOVA,Emb. 12 ROLOS,"7,15€","0,60€ / ROLOS",
Tiras P/ Porcos da Índia Sabor Mel,TOUS MES AMIS,Emb. 0.11 KG,"1,85€","16,82€ / KG",
PensosHigiénicos Cottonlike Super Plus Alas,EVAX,Emb. 10   UNID.,"2,59€","0,26€ /   UNID.",
CORANTES ALIMENTARES X3,TABLIER BLANC,Emb. 0.018 LT,"1,95€","108,33€ / LT",
Batatas Fritas Presunto,RUFFLES,Emb. 0.15 KG,"1,78€","11,87€ / KG",
Cuecas Incontinência Discreet Pants Plus,AUSONIA,Emb. 8 UNID.,"9,89€","1,24€ / UNID.",
Sabonete Sólido Limão Manjericão,MANAVA,Emb. 2 UNID.,"1,00€","0,50€ / UNID.",
Conserva de Azeitona Preta em Rodelas,RUSTICA,Frasco 0.36 KG,"0,99€","2,75€ / KG",
Chocolate Negro Sobremesas,ECO+,Emb. 0.2 KG,"0,99€","4,95€ / KG",
REBENTOS DE FEIJAO MUNGO,NOTRE JARDIN,Emb. 0.175 KG,"0,54€","3,09€ / KG",
Ice Tea de Limão Lata 6x25cl,LIPTON,Emb. 1.5 LT,"3,38€","2,25€ / LT",
RESGUARDO PROTECAO CAMA 90X180CM,CHORYS,Emb. 20 UNID.,"10,99€","0,55€ / UNID.",
SACO PLASTICO P/ TABULEIRO P/GATO GM 8UN,P'TIT AMI,Emb. 8 UNID.,"1,78€","0,22€ / UNID.",
Bolachas de Manteiga,,Emb. 0.125 KG,"1,25€","10,00€ / KG",
Cheetos Rolitos,CHEETOS,Emb. 0.1 KG,"1,59€","15,90€ / KG",
Fraldas Incontinência Máxima G,LINDOR,Emb. 46 UNID.,"28,69€","0,62€ / UNID.",
Cápsulas Café Ristretto Ardenza Pack x3,DOLCE GUSTO,Emb. 48 CAPS.,"14,85€","0,31€ / CAPS.",
Pão de Forma Integral,EPI D'OR,Emb. 0.5 KG,"0,99€","1,98€ / KG",
Sumo 100% Maçã,JAFADEN,Emb. 1 LT,"1,49€","1,49€ / LT",
QUEIJO MAROILLES,NOS RÉGIONS ONT DU TALENT,Emb. 0.2 KG,"2,99€","14,95€ / KG",
BOLACHAS DIGESTIVE DIGESTIVE NATURE GULLON 400G,GULLÓN,Emb. 0.4 KG,"2,44€","6,10€ / KG",
ESTRUME DE CAVALO,BEAUX JOURS,Emb. 20 KG,"4,99€","0,25€ / KG",
Gelado de Chocolate Branco e Cookies,MAGNUM,Emb. 0.44 LT,"3,89€","8,84€ / LT",
Bolinhas de Bacalhau 20 Unid.,SNR,Emb. 0.334 KG,"3,99€","11,95€ / KG",
Gelatina Light de Mirtilo 2x15g,CONDI,Emb. 0.03 KG,"1,85€","61,67€ / KG",
Dossier A4 Plástico Lombada 4Cm Argolas,ESQUISSE,Emb. 1 UNID.,"1,69€","1,69€ / UNID.",
Arroz Carolino,CAÇAROLA,Emb. 1 KG,"1,05€","1,05€ / KG",
Barras de Cereais de Morango 6 Unid.,FITNESS,Emb. 0.141 KG,"2,29€","16,24€ / KG",
Aletria,NACIONAL,Emb. 0.5 KG,"1,35€","2,70€ / KG",
LUVAS ESPECIAL LOICA -TAMANHO M - 1 PAR,MAMISON,Emb. 1 UNID.,"0,69€","0,69€ / UNID.",
Alimento Húmido Bovino para Cão,ECO+,Emb. 0.3 KG,"0,55€","1,83€ / KG",
Ice Tea Manga,LIPTON,Emb. 1 LT,"1,29€","1,29€ / LT",
Cápsulas Café Blonde Espresso P/ Dolce Gusto Intensidade 6,STARBUCKS,Emb. 12 CAPS.,"5,38€","0,45€ / CAPS.",
RECARGA P/ MAQUINA SELAR VACUO,ELSAY,Emb. 1 UNID.,"5,90€","5,90€ / UNID.",
Manteiga com Sal,PRIMOR,Emb. 0.25 KG,"2,19€","8,76€ / KG",
Óleo de Argão,PANTENE,Emb. 0.1 LT,"7,49€","74,90€ / LT",
Bloco Sanitário Desinfectante de Lima,DOMESTOS,Emb. 0.055 KG,"1,79€","32,55€ / KG",
Amaciador concentrado rubi,QUANTO,Emb. 76 DOSES,"4,89€","0,06€ / DOSES",
Limonada Zero,SPRINK'S,Emb. 1.5 LT,"0,99€","0,66€ / LT",
Arroz Agulha,COZINHA VELHA,Emb. 1 KG,"1,34€","1,34€ / KG",
COTONETES ALGODAO,ECO+,Emb. 200 UNID.,"0,69€","0,00€ / UNID.",
Gelatina Light Sabor a Frutos Vermelhos,TABLIER BLANC,Emb. 0.031 KG,"0,79€","25,48€ / KG",
Fraldas Cueca Maxi G,LINDOR,Emb. 14 UNID.,"20,99€","1,50€ / UNID.",
Refrigerante S/Gás Arandos Light,JAFADEN,Emb. 1 LT,"1,55€","1,55€ / LT",
Escova P/Loica C/Dispensador Detergente,SILLAGE,Emb. 1 UNID.,"1,19€","1,19€ / UNID.",
Ração seca para gato digestão sensível c/ truta,ULTIMA,Emb. 1.5 KG,"9,99€","6,66€ / KG",
Café Cápsulas Intenso Intensidade 10,PLANTATION,Emb. 16 CAPS.,"2,59€","0,16€ / CAPS.",
"ATUM FILELETE AZEITE C/ ALCAPARRAS, 120G",TENÓRIO,Emb. 0.12 KG,"2,29€","19,08€ / KG",
PENSOS HIGIENICOS U.FINOS NORMAL C/ABAS 14UN X2,DOULYS,Emb. 28 UNID.,"1,99€","0,07€ / UNID.",
FRALDAS BEBE T5+ 12/25KG 52UN,ECO+,Emb. 52 UNID.,"6,99€","0,13€ / UNID.",
Halls Vita C sem Açúcar Cítricos,HALLS,Emb. 0.032 KG,"0,78€","24,38€ / KG",
NOODLES DE VACA,TABLES DU MONDE,Emb. 0.061 KG,"0,99€","16,23€ / KG",
Pantene Grisalho Radiante & Suave Condicionador 160 ml,PANTENE PV,Emb. 0.16 LT,"4,94€","30,88€ / LT",
Compota de Banana Maçã 4x100g,ECO+,Emb. 0.4 KG,"0,99€","2,48€ / KG",
CREPES COM CHOCOLATE 6UN,TROFIC,Emb. 0.54 KG,"3,89€","7,20€ / KG",
Detergente Loiça Manual Concentrado Limão Verde,CIF,Emb. 0.6 LT,"1,49€","2,48€ / LT",
Fita Adesiva Isolação Eletrico 4X5Metrosx15Mm,FOXTER,Emb. 1 UNID.,"1,99€","1,99€ / UNID.",
Gelado de Noz,CARTE D'OR,Emb. 1 LT,"2,89€","2,89€ / LT",
ACHOCOLATADO EM PO,P'TIT DÉLI,Emb. 1 KG,"3,89€","3,89€ / KG",
Atum em Óleo,RAMIREZ,Emb. 0.12 KG,"1,09€","9,08€ / KG",
Calamares,ECO+,Emb. 0.5 KG,"2,99€","5,98€ / KG",
Conserva de Atum ao Natural,RAMIREZ,Emb. 0.12 KG,"1,09€","9,08€ / KG",
Bolo de Especiarias,,Emb. 0.47 KG,"0,99€","2,11€ / KG",
Pensos Higiénicos Maxi Super Pocket 16 Unid.,DOULYS,Emb. 16 UNID.,"1,29€","0,08€ / UNID.",
PRATO DOURADO C/RENDA 33 CM,,Emb. 1 UNID.,"1,99€","1,99€ / UNID.",
BOLACHA REDONDA RECHEIO CHOCOLATE (3UN),,Emb. 0.72 KG,"2,79€","3,88€ / KG",
Desodorizante Spray,AXE,Emb. 0.15 LT,"3,29€","21,93€ / LT",
PETALAS DE CAMARAO,TABLES DU MONDE,Emb. 0.05 KG,"0,89€","17,80€ / KG",
Strudel de Maçã,,Emb. 0.6 KG,"2,79€","4,65€ / KG",
MARCADORES COLORIR LAVAVEL PONTA MEDIA 36UN,ESQUISSE,Emb. 36 UNID.,"3,99€","0,11€ / UNID.",
Conserva de Azeitona Verde Descaroçada,RUSTICA,Frasco 0.36 KG,"0,99€","2,75€ / KG",
Preparado á Base de Polpa e de Concentrado de Tomates,NOTRE JARDIN,Lata 400 KG,"1,19€","0,00€ / KG",
GUYLIAN FRUTOS DO MAR CARTÃO 250g,,,"5,69€",/ Unid.,
Salsichão com Alho Fumado,TRADILÈGE,Emb. 0.3 KG,"2,79€","9,30€ / KG",
Sobremesa de Chocolate 4x125g,ECO+,Emb. 0.5 KG,"0,94€","1,88€ / KG",
Ovos Moles,,Emb. 0.25 KG,"8,99€/kg","2,25€ / Unid.",
Toalhitas Activity 4x54 Unid.,DODOT,Emb. 216 UNID.,"7,45€","0,03€ / UNID.",
Rolo de Cozinha Maxi XXL,RENOVA,Emb. 2 ROLOS,"2,25€","1,13€ / ROLOS",
Cuecas Incontinência Discreet L,AUSONIA,Emb. 7 UNID.,"6,99€","1,00€ / UNID.",
Enxada Rebitada,BEAUX JOURS,Emb. 1 UNID.,"7,99€","7,99€ / UNID.",
Ice tea de Manga 3x20 cl,LIPTON,Emb. 0.6 LT,"1,17€","1,95€ / LT",
"PAO TOSTADO ALHO LOTE DE 2 ""CROUTON"" 2X90G",EPI D'OR,Emb. 0.18 KG,"1,59€","8,83€ / KG",
Sardinhas S/Pele e S/Espinhas em Azeite Virgem Extra,BOM PETISCO,Emb. 0.12 KG,"1,99€","16,58€ / KG",
Noz Moscada Moída C/ Moinho,MARGÃO,Emb. 0.04 KG,"2,99€","74,75€ / KG",
Cotonetes p/ Bebé,JOHNSON'S BABY,Emb. 0.1 UNID.,"1,97€","19,70€ / UNID.",
Iogurte Natural Puro 4x120g,DANONE,Emb. 0.48 KG,"1,18€","2,46€ / KG",
QUEIJO MOZZARELLA RALADO,QUEIJO NA TÁBUA,Emb. 0.2 KG,"1,59€","7,95€ / KG",
Desentupidor Líquido Canos Soda,SYPHON,Emb. 1 LT,"1,59€","1,59€ / LT",
100 ESPETOS BAMBU 25CM,BEAUX JOURS,Emb. 100 UNID.,"1,29€","0,01€ / UNID.",
Douradinhos Espinafres 10 Unid.,CAPITÃO IGLO,Emb. 0.284 KG,"3,19€","11,23€ / KG",
Massa Cotovelos Grosso,MILANEZA,Emb. 0.5 KG,"1,09€","2,18€ / KG",
Ervilhas e Cenouras Muito Finas,NOTRE JARDIN,Emb. 0.8 KG,"1,89€","2,36€ / KG",
"BL1 LED GLOBO 9,5-60W E27",FOXTER,Emb. 1 UNID.,"5,99€","5,99€ / UNID.",
Toalhitas Anti-Transferência de cor,VANISH,Emb. 1 UNID.,"4,99€","4,99€ / UNID.",
Iogurte Líquido Morango 0% 6 Unid.,DANONE,Emb. 6 UNID.,"2,59€","0,43€ / UNID.",
Groselha,ALBERGARIA,Garrafa 1 LT,"4,19€","4,19€ / LT",
AROMA DE BAUNILHA,TABLIER BLANC,Emb. 0.2 LT,"2,49€","12,45€ / LT",
Queijo Francês,CAPRICE DES DIEUX,Emb. 0.2 KG,"3,99€","19,95€ / KG",
Massa Quebrada com Manteiga,TABLIER BLANC,Emb. 0.23 KG,"1,59€","6,91€ / KG",
TARTELETES PURA MANTEIGA C/ COBERTURA MORANGO,P'TIT DÉLI,Emb. 0.127 KG,"1,39€","10,94€ / KG",
CEREAIS RECHEADOS C/LEITE,P'TIT DÉLI,Emb. 0.45 KG,"2,06€","4,58€ / KG",
Pão De Forma Rústico 0% Açúcar,PANRICO,Emb. 0.375 KG,"2,07€","5,52€ / KG",
VASSOURA RELVA FIXO 20 DENTES,BEAUX JOURS,Emb. 1 UNID.,"11,90€","11,90€ / UNID.",
Creme Depilatório Pele Normal,SILISS,Emb. 0.2 LT,"2,75€","13,75€ / LT",
VELA NUMERO - 1,ARDENCE,Emb. 1 UNID.,"0,89€","0,89€ / UNID.",
Johnson's Baby Champô Penteia Fácil,JOHNSON'S BABY,Emb. 0.5 LT,"5,55€","11,10€ / LT",
QUEIJO RALADO FLAMENGO,CAMPAINHA,Emb. 0.15 KG,"1,79€","11,93€ / KG",
ALIMENTO HUMIDO CARNE/CENOURA P/ CAO 1240G,LYDOG,Emb. 1.24 KG,"2,09€","1,69€ / KG",
CUSCUZ FINO,COMPTOÍR DU GRAIN,Emb. 0.5 KG,"1,09€","2,18€ / KG",
LENCOS BOLSO 3F,ECO+,Emb. 15 UNID.,"1,29€","0,09€ / UNID.",
Conserva de Feijão Manteiga Cozido com pouco Sal,FERBAR,Lata 0.42 KG,"0,95€","2,26€ / KG",
Rebentos de Feijão Mungo Bio,,Frasco 0.175 KG,"1,19€","6,80€ / KG",
CADERNO AGRAFADO PAUTADO C. PP A4 48F,ESQUISSE,Emb. 1 UNID.,"1,99€","1,99€ / UNID.",
Conetor Reparador 19Mm,BEAUX JOURS,Emb. 1 UNID.,"0,99€","0,99€ / UNID.",
SACOS P/ CONGELAR ZIP & GO 3L (10UN),VILEDA,Emb. 10 UNID.,"4,98€","0,50€ / UNID.",
FRITADEIRA 2000W 3L,ELSAY,Emb. 1 UNID.,"39,90€","39,90€ / UNID.",
"Alimento Húmido P/ Cão Adulto em Molho de Vaca, Borrego",FRISKIES,Emb. 1.2 KG,"7,29€","6,08€ / KG",
Pimentão Doce Colorau,RUSTICA,Frasco 0.038 KG,"0,59€","15,53€ / KG",
Alimento Húmido P/ Gato Gold Salmão,GOURMET,Emb. 0.085 KG,"0,75€","8,82€ / KG",
Caramelos de Fruta,COPAÍNS COPINES,Emb. 0.25 KG,"1,29€","5,16€ / KG",
REMOVEDOR VERNIZ SEM ACETONA,INELL,Emb. 0.15 LT,"1,04€","6,93€ / LT",
"BL1 LED SPOT 8,2-50W GU5.3",FOXTER,Emb. 1 UNID.,"4,49€","4,49€ / UNID.",
Vodka Black,ERISTOFF,Garrafa 0.7 LT,"12,89€","18,41€ / LT",
Batatas Fritas Tradicional 100% em Azeite,SNR,Emb. 0.15 KG,"1,59€","10,60€ / KG",
Arroz Branco Longo Biológico,,Emb. 0.5 KG,"1,38€","2,76€ / KG",
GALETES BRETONNES C/PEPITAS DE CHOCOLATE,P'TIT DÉLI,Emb. 0.13 KG,"1,19€","9,15€ / KG",
"AGUA MICEL OLEO,OLH SENSI,400ML",GARNIER,,"7,89€",/ Unid.,
Vinho Regional Minho Branco,TORRE MENAGEM,Garrafa 0.75 LT,"4,19€","5,59€ / LT",
Cabo Universal,,Emb. 1 UNID.,"1,59€","1,59€ / UNID.",
Osso C/ 2 Nós 14 Cm,TOUS MES AMIS,Emb. 2 UNID.,"2,08€","1,04€ / UNID.",
BOLACHAS RECHEADAS C/ AVELA TIPO KANGO X12,P'TIT DÉLI,Emb. 0.225 KG,"1,59€","7,07€ / KG",
Alimento Completo Cereais P/ Porquinhos-da-Índia,TOUS MES AMIS,Emb. 0.8 kg,"1,99€","2,49€ / kg",
Ambientador P/ Máquina de Lavar Louça Odor Stop,FINISH,Emb. 1 UNID.,"3,24€","3,24€ / UNID.",
TERRA UNIVERSAL BIO 20L,BEAUX JOURS,Emb. 20 LT,"2,49€","0,12€ / LT",
Polpa de Tomate 1Kg,GULOSO,Frasco 1 KG,"1,95€","1,95€ / KG",
Creme de Brie,PRÉSIDENT,Emb. 0.125 KG,"2,45€","19,60€ / KG",
Rolinhos de Cacau Magro,VAHINÉ,Frasco 0.065 KG,"1,79€","27,54€ / KG",
Sacos para Lixo com Atilho 50L,ELEMBAL,,"1,29€",/ Unid.,
Vinho Regional Península de Setúbal Branco,DONA ERMELINDA,Garrafa 0.75 LT,"4,99€","6,65€ / LT",
Bebida Energética,X-TENSE,Garrafa 1 LT,"1,69€","1,69€ / LT",
LIQUIDO ABRILHANTADOR,VISIOR,Emb. 0.75 LT,"1,19€","1,59€ / LT",
Bolachas Sticks com Cobertura Chocolate Branco 30Unid.,P'TIT DÉLI,Emb. 0.15 KG,"1,09€","7,27€ / KG",
Blocos Sanitários Power Ocean,DOMESTOS,Emb. 0.275 KG,"5,39€","19,60€ / KG",
Bolachas de Arroz Cobertura de Chocolate Biológicas,,Emb. 0.09 KG,"1,35€","15,00€ / KG",
Pacotinho de Cereais e Bolacha Maria,NESTUM,Emb. 0.08 KG,"0,98€","12,25€ / KG",
Barras de Cereais Special Chocolate,KELLOGG'S,Emb. 0.132 KG,"3,39€","25,68€ / KG",
Antibacteriano Verde,CIF,Emb. 0.75 LT,"2,49€","3,32€ / LT",
RIMMEL BL_ BATON LASTING FINISH KATE MOSS 001,,Emb. 1 UNID.,"7,59€","7,59€ / UNID.",
Champô Cabelo Garnier Hidra Caracóis,FRUCTIS,Emb. 0.25 LT,"3,95€","15,80€ / LT",
Cajus no Forno,MATUTANO,Emb. 0.17 KG,"4,59€","27,00€ / KG",
Pensos Higiénicos Ultrafinos Noite,AUSONIA,Emb. 9 UNID.,"1,69€","0,19€ / UNID.",
Leite de Pastagem Meio Gordo,TERRA NOSTRA,Emb. 1 LT,"0,86€","0,86€ / LT",
Refrigerante C/ Gás Ananás S/ Adição Açúcares,FANTA,Garrafa 1.5 LT,"1,00€","0,67€ / LT",
Doce de Morango sem Açúcar,ST. DALFOUR,Frasco 0.284 KG,"4,29€","15,11€ / KG",
Cillit Bang Calcário & Brilho 500ML x12,CILLIT BANG,Emb. 0.5 LT,"2,24€","4,48€ / LT",
Sobremesa Gelado Mini Chocolate e Caramelo 6x60ml,MAGNUM,Emb. 0.36 LT,"5,49€","15,25€ / LT",
Sobremesa Gelado Mini Raspberry 6x60ml,MAGNUM,Emb. 0.36 LT,"5,49€","15,25€ / LT",
GEL DUCHE ENERGIZANTE 250ML 250ML CARRE HOMME,CARRÉ HOMME,,"0,97€",/ Unid.,
Bebida Energética Ripper,MONSTER,Emb. 0.05 LT,"1,20€","24,00€ / LT",
Conserva de Cassoulet,,Lata 0.84 KG,"2,59€","3,08€ / KG",
Pizza 4 Estações,BUITONI,Emb. 0.355 KG,"2,99€","8,42€ / KG",
Cereais de Aveia Integral C/ Chocolate,FITNESS,Emb. 0.375 KG,"2,99€","7,97€ / KG",
PILHAS ALCALINAS LR3 TECH+,FOXTER,Emb. 8 UNID.,"3,58€","0,45€ / UNID.",
Champô para Cabelos Normais a Oleosos,TRESEMMÉ,Emb. 0.5 LT,"4,19€","8,38€ / LT",
CANELONES DE CARNE VACA C/ MOLHO DE TOMATE À NAPOLITANA,CÔTÉ TABLE,Emb. 0.8 KG,"3,69€","4,61€ / KG",
Vinho do Porto Tawny,FERREIRA,Emb. 0.75 LT,"6,19€","8,25€ / LT",
STICKS RICOS FRANGO P / CAO 5UN 42G LYDOG,TOUS MES AMIS,Emb. 0.042 KG,"0,79€","18,81€ / KG",
Conjunto de 8 Chaves Combinadas,ECO+,Emb. 8 UNID.,"5,99€","0,75€ / UNID.",
CABIDE REVESTIDO C/BARRA,SILLAGE,Emb. 4 UNID.,"2,39€","0,60€ / UNID.",
Vinho Rosé Frisante,MONTARRO,Garrafa 0.75 LT,"1,69€","2,25€ / LT",
Tostas com Germen de Trigo Biológicas,,Emb. 0.3 KG,"2,05€","6,83€ / KG",
Tablete Oreo,MILKA,Emb. 0.3 KG,"3,95€","13,17€ / KG",
Cápsulas Café Espresso Intenso Intensidade 13,DOLCE GUSTO,Emb. 48 CAPS.,"14,85€","0,31€ / CAPS.",
AGRAFADOR Nº26/6 + 400AGRAFOS,ESQUISSE,Emb. 1 UNID.,"2,19€","2,19€ / UNID.",
Néctar Vital Equilíbrio Manga Laranja 3x20cl,COMPAL,Emb. 0.6 LT,"1,69€","2,82€ / LT",
Bebida de Amêndoa 0%,SHOYCE,Emb. 1 LT,"1,99€","1,99€ / LT",
CABIDE MADEIRA C/BARRA 4UN,SILLAGE,Emb. 4 UNID.,"2,99€","0,75€ / UNID.",
BARQUETTES DE CHOCOLATE/AVELA,P'TIT DÉLI,Emb. 0.24 KG,"1,89€","7,88€ / KG",
Sardinhas em Azeite Biológico,BOM PETISCO,Emb. 0.12 KG,"1,39€","11,58€ / KG",
Alho C/ Moinho,MARGÃO,Emb. 0.028 KG,"4,49€","160,36€ / KG",
Alimento Seco para Gato Carne e Cereais,ECO+,Emb. 2 KG,"3,49€","1,75€ / KG",
Amaciador concentrado flores silvestres,QUANTO,Emb. 76 DOSES,"4,89€","0,06€ / DOSES",
COGUMELOS INTEIROS,NOTRE JARDIN,Emb. 0.185 KG,"0,75€","4,05€ / KG",
"SPRAY AMBIENTADOR ""BAUNILHA"" 2EM1 300ML",BIEN AIR,Emb. 0.3 LT,"0,99€","3,30€ / LT",
Syoss Oieo Intense 4-86 Castanho Gelado,SYOSS,,"6,24€",/ Unid.,
Iogurte Natural Déli´Light 8x125g,DÉLISSE,Emb. 1 KG,"1,59€","1,59€ / KG",
Queijo Fundido 10 Fatias,,Emb. 0.2 KG,"1,19€","5,95€ / KG",
Vinho do Porto Rosê,PORTO CRUZ,Garrafa 0.75 L,"7,49€","9,99€ / L",
Vinho Branco de Alsacia A.O.C. Riesling 2014,REBMANN,Garrafa 0.75 LT,"4,49€","5,99€ / LT",
Vinho do Porto 10 Anos,DORRÃO,Garrafa 0.75 LT,"9,99€","13,32€ / LT",
Vinho Branco Meio Seco,LEZÍRIA,Garrafa 0.75 LT,"1,49€","1,99€ / LT",
"Rolo Removedor Pêlos+Recarga ""Kit Viagem""",SILLAGE,Emb. 1 UNID.,"1,00€","1,00€ / UNID.",
Douradinhos Forníssimo 12 Unid.,CAPITÃO IGLO,Emb. 0.3 KG,"4,49€","14,97€ / KG",
SORTIDO BISCOITOS FINOS,EQUADOR,Emb. 0.4 KG,"3,69€","9,23€ / KG",
Coloração Longa Duração Belle Color 5.3 Castanho Claro Dourado,GARNIER,Emb. 1 UNID.,"5,93€","5,93€ / UNID.",
Tablete de Chocolate Negro,NESTLÉ,Emb. 0.09 KG,"1,09€","12,11€ / KG",
Ambientador Eléctrico Nenuco + Recarga,AIRWICK,Emb. 0.019 LT,"5,39€","283,68€ / LT",
COOKIES C/ PEPITAS CHOCOLATE E QUINOA BIO,,,"2,09€",/ Unid.,
LENTILHA,NOTRE JARDIN,Emb. 0.8 KG,"1,69€","2,11€ / KG",
Penne Rigate Biológico,,Emb. 0.5 KG,"1,19€","2,38€ / KG",
Ambientador Stick Perfumado Flor,AIR WICK,Emb. 0.025 LT,"7,19€","287,60€ / LT",
Algodão Maxi Bebé,MOTS D'ENFANTS,Emb. 80 UNID.,"1,95€","0,02€ / UNID.",
Esparguete Picante,MILANEZA,Emb. 0.5 KG,"2,29€","4,58€ / KG",
Ração para cão c/ Vaca,ULTIMA,Emb. 7.5 KG,"26,90€","3,59€ / KG",
Conserva de Mexilhão em Escabeche,PITEU,Emb. 0.115 KG,"1,83€","15,91€ / KG",
AGUA FRIZE TANGERINA 4x25CL,FRIZE,,"2,79€",/ Unid.,
Conserva de Feijão Manteigado Cozido Da Horta,COMPAL,Emb. 0.42 KG,"1,18€","2,81€ / KG",
Detergente Loiça Manual Concentrado Limão Verde,CIF,Emb. 1 LT,"1,99€","1,99€ / LT",
Massa Macarrão,MILANEZA,Emb. 0.5 KG,"1,19€","2,38€ / KG",
Alimento Completo Periquito,VITAKRAFT,Emb. 1 KG,"4,29€","4,29€ / KG",
ABRILHANTADOR P/ MAQUINA LOICA ECO,UNÍ VERT,Emb. 0.75 LT,"1,99€","2,65€ / LT",
Espumante Bruto,CONTRI,Garrafa 0.75 LT,"2,45€","3,27€ / LT",
Chá Infusão Lúcia-Lima,TISÉA,Emb. 25 KG,"1,59€","0,06€ / KG",
Ambientador Automático Glade Sense & Spray Difusor e Recambio Lavanda & Jazmín,BRISE,Emb. 0.018 LT,"5,39€","299,44€ / LT",
Chá Verde com Hortelã e Pimenta,BRITLEY,Emb. 25 SAQ.,"0,99€","0,04€ / SAQ.",
Vinho Regional Tejo Branco,QUINTA DA ALORNA,Garrafa 0.75 LT,"3,49€","4,65€ / LT",
Cuecas Perdas de Urina 8-15 Anos (27-57Kg),MOTS D'ENFANTS,Emb. 12 UNID.,"8,29€","0,69€ / UNID.",
Papel Higiénico Extra XXL 2 Folhas,RENOVA,Emb. 24 ROLOS,"15,69€","0,65€ / ROLOS",
Bacalhau Seleção Especial Noruega Asa Preta,,1 Unid. = 4 KG (aprox.),"15,99€/kg","63,96€ / Unid.",
Creme de Mãos Óleo de Abacate,DOVE,Emb. 0.075 LT,"2,59€","34,53€ / LT",
Espumante de Limão,BAR ROYAL,Garrafa 0.75 LT,"3,95€","5,27€ / LT",
Pimenta Branca Moída,MARGÃO,Emb. 0.04 KG,"2,69€","67,25€ / KG",
COOKIES COM RECHEIO DE CREME DE AVELAS,P'TIT DÉLI,Emb. 0.2 KG,"1,59€","7,95€ / KG",
Champô 2 Em 1 500 Ml+250 Ml Grátis,CORINE DE FARME,Emb. 0.75 LT,"4,84€","6,45€ / LT",
Pataniscas 6 Unid.,SNR,Emb. 0.325 KG,"3,39€","10,43€ / KG",
Gel Limão,FINISH,Emb. 1 LT,"8,99€","8,99€ / LT",
Refrigerante S/ Gás Ananás,ECO+,Garrafa 2 LT,"0,79€","0,40€ / LT",
Alho Seco,,Emb. 0.5 KG,"2,39€","4,78€ / KG",
Verniz de Unhas 60 Segundos 203,RIMMEL,Emb. 1 UNID.,"5,35€","5,35€ / UNID.",
Alimento Seco P/ Gato Crunchy e Tender Salmão Atum,PURINA FRISKIES,Emb. 1.5 KG,"6,99€","4,66€ / KG",
Cone Chocolate,TRIUM,Emb. 6 UNID.,"2,49€","0,42€ / UNID.",
QUEIJO EMMENTAL RALADO 28% MG,ECO+,Emb. 0.2 KG,"1,59€","7,95€ / KG",
CANUDINHOS,P'TIT DÉLI,Emb. 0.18 KG,"1,19€","6,61€ / KG",
Vinho Regional Douro,EVEL,Garrafa 0.75 LT,"5,59€","7,45€ / LT",
Néctar Multifrutas 6x20 cl,ECO+,Emb. 1.2 LT,"1,35€","1,13€ / LT",
Vinho Branco,M.J.FREITAS,Bag in Box 5 LT,"7,99€","1,60€ / LT",
Spray Limpeza Ecrãs,LINKSTER,Emb. 0.2 LT,"2,66€","13,30€ / LT",
Bolacha Sortida Vegan Chocolate Negro Princesa,THINS,Emb. 0.2 KG,"2,29€","11,45€ / KG",
Vinho Regional Alentejo Tinto,REGUENGOS,Garrafa 0.75 LT,"5,93€","7,91€ / LT",
Tortellini de Queijo,KNORR,Emb. 0.25 kg,"3,49€","13,96€ / kg",
Desodorizante Roll On,DOVE,Emb. 0.05 LT,"2,39€","47,80€ / LT",
Pantene Espuma Caracóis 200ml,PANTENE PV,Emb. 0.2 LT,"3,74€","18,70€ / LT",
DETERGENTE LIQUIDO SABAO MARSELHA/ F. PROVENCA ATIVOS VEGETAIS 50D,XÉOR,,"4,99€",/ Unid.,
Croissant Recheio Maxi Creme Cacau,CHIPICAO,Emb. 0.08 KG,"1,19€","14,88€ / KG",
Sardinha Tomate Picante,BOM PETISCO,Emb. 0.12 KG,"0,99€","8,25€ / KG",
CEBOLINHAS EM VINAGRE,RUSTICA,Emb. 0.37 LT,"1,15€","3,11€ / LT",
Tira-Nódoas para Roupa de Cor,SKIP,Emb. 1 KG,"7,49€","7,49€ / KG",
Cone Manga e Maracujá,TRIUM,Emb. 6 UNID.,"2,59€","0,43€ / UNID.",
CHUVEIRO CROMADO 3 JATOS+TUBO FLEXIVEL 1.75M,FOXTER,Emb. 1 UNID.,"12,99€","12,99€ / UNID.",
Seleção de Frutos Secos,MARQUE REPERE,Emb. 0.25 KG,"5,79€","23,16€ / KG",
Refrigerante C/ Gás  Zero Açúcar Vidro Pack 4,COCA COLA ZERO,Emb. 0.08 LT,"2,76€","34,50€ / LT",
Sobremesa Gelado Salted Caramel,CARTE D'OR,Emb. 0.9 LT,"3,29€","3,66€ / LT",
Preservativos Nature Easy Way,CONTROL,Emb. 10 UNID.,"6,99€","0,70€ / UNID.",
BOLSA CATALOGO A4 50UN,ESQUISSE,Emb. 50 UNID.,"2,98€","0,06€ / UNID.",
MINI BOLACHAS CRACKERS COM SAL,TOKAPI,Emb. 0.075 KG,"0,85€","11,33€ / KG",
Alimento Húmido P/ Gato Vaca Borrego Salmão Legumes,LYCAT,Emb. 3 UNID.,"2,69€","0,90€ / UNID.",
Bolachas Amanteigadas com Tablete de Chocolate Preto,P'TIT DÉLI,Emb. 0.15 KG,"1,19€","7,93€ / KG",
SACOS LIXO FECHO FACIL 30L,ELEMBAL,Emb. 20 UNID.,"1,19€","0,06€ / UNID.",
ALIMENT BEBE: PURE DE MACA BANANA BIO +4M 4x100G MOTS D\'ENFANTS,BIO VILLAGE BEBE,Emb. 0.4 KG,"2,09€","5,23€ / KG",
Penso Incontinência Discreet Extra,AUSONIA,Emb. 10 UNID.,"2,96€","0,30€ / UNID.",
BARRA DE BOLACHA C/ COB CHOCOLATE E RECH DE LEITE,P'TIT DÉLI,Emb. 0.13 KG,"1,59€","12,23€ / KG",
ESTENDAL VERTICAL 34M,HOMESIDE,Emb. 1 UNID.,"25,00€","25,00€ / UNID.",
Bolacha Torrada,NACIONAL,Emb. 0.175 KG,"0,99€","5,66€ / KG",
Discos Activos Gel WC Marine,PATO,Emb. 0.036 LT,"4,35€","120,83€ / LT",
Coloração Permanente Intense 8-05 Louro Gelado,SYOSS,,"6,24€",/ Unid.,
Madalenas longas,P'TIT DÉLI,Emb. 0.25 KG,"1,99€","7,96€ / KG",
Saco Congelação Grande,ELEMBAL,Emb. 25 UNID.,"0,77€","0,03€ / UNID.",
SACO DESPORTO,WOODSUN,Emb. 1 UNID.,"10,90€","10,90€ / UNID.",
Galetes Arroz Biológicas,,Emb. 0.13 KG,"1,29€","9,92€ / KG",
"CAFE MOIDO ""CREPUSCULE NOIR"" ARABICA",PLANTATION,Emb. 0.25 KG,"2,49€","9,96€ / KG",
Barrinhas Periquito sabor Mel,TOUS MES AMIS,Emb. 0.06 KG,"1,28€","21,33€ / KG",
BOMBA MANUAL P/BOLA + AGULHA,WOODSUN,Emb. 1 UNID.,"1,99€","1,99€ / UNID.",
"APARAFUSADORA SEM FIO 3,6V",FOXTER,Emb. 1 UNID.,"21,90€","21,90€ / UNID.",
Batatas Fritas no Forno Receita Camponesa,LAY'S,Emb. 0.13 KG,"2,17€","16,69€ / KG",
Queijo Flamengo S/ Lactose Fatias,PAIVA,Emb. 0.15 Kg,"2,29€","15,27€ / Kg",
Conserva Choucroute Garnie,CÔTÉ TABLE,Emb. 0.8 KG,"2,07€","2,59€ / KG",
Presunto 6 Fatias,,Emb. 0.15 KG,"2,49€","16,60€ / KG",
Fatias Finas Peito de Peru,NOBRE,Emb. 0.11 KG,"2,14€","19,45€ / KG",
Piri Piri com Azeite,GALLO,Emb. 0.05 LT,"1,86€","37,20€ / LT",
Refrigerante S/ Gás Maçã,ECO+,Garrafa 2 LT,"0,79€","0,40€ / LT",
MINI SUBLINHADORES 4UN,ESQUISSE,Emb. 4 UNID.,"1,99€","0,50€ / UNID.",
COLORACAO LOURO ESCURO 6.0,VITANOVE,Emb. 1 UNID.,"3,89€","3,89€ / UNID.",
Snacks Húmidos P/ Gatos De Casa Peru e Cereais Integrais,PURINA,Emb. 0.8 KG,"6,99€","8,74€ / KG",
Espumante Reserva Meio Seco,FITA AZUL,Garrafa 0.75 LT,"5,68€","7,57€ / LT",
AMACIADOR ROUPA ROSAS,HYPERDOU,Emb. 4 LT,"2,49€","0,62€ / LT",
Toalhitas Desinfetantes,CIF,Emb. 36 UNID.,"2,24€","0,06€ / UNID.",
Alga Sushi,MIYATA,Emb. 0.014 KG,"1,99€","142,14€ / KG",
Detergente Líquido para Madeiras Spray,CIF,Emb. 0.435 LT,"2,49€","5,72€ / LT",
Desodorizante Roll-On Original,DOVE,Emb. 0.05 LT,"2,69€","53,80€ / LT",
Cereais de Chocolate,CHOCAPIC,Emb. 0.375 KG,"2,09€","5,57€ / KG",
Vinho do Porto Velhotes Ruby,CALEM,Garrafa 0.75 LT,"4,99€","6,65€ / LT",
Amaciador Roupa Concentrado Ouro,QUANTO,Emb. 84 DOSES,"4,89€","0,06€ / DOSES",
Ambientador Absorbeolores Glade Lavanda,BRISE,Emb. 2 UNID.,"2,99€","1,50€ / UNID.",
Dentífrico e Elixir Expert Branqueador,DENTAMYL,Emb. 0.075 LT,"0,95€","12,67€ / LT",
MAQ.BARBEAR 3 LAMINAS + 2 RECARGAS,CARRÉ HOMME,Emb. 1 UNID.,"3,19€","3,19€ / UNID.",
TOSTAS SUECAS INTEGRAIS S/ ADICAO ACUCAR,EPI D'OR,,"1,09€",/ Unid.,
"CACAROLA 20, C/ASAS ALU.FUND. E PEANHA ALU.",ECO+,Emb. 1 UNID.,"6,99€","6,99€ / UNID.",
Óleo Barba King C,GILLETTE,Emb. 0.03 LT,"7,49€","249,67€ / LT",
Rum Spice Gold,CAPTAIN MORGAN,Garrafa 0.7 LT,"14,89€","21,27€ / LT",
Champô Cabelos Normais Fructis Força e Brilho,GARNIER,Emb. 0.25 LT,"3,95€","15,80€ / LT",
Aveia Instantânea Em Pó Bolacha,PROZIS,Emb. 1.25 KG,"719,00€","575,20€ / KG",
"CAPA CARTAO C/ELASTICO LOMBADA 2,5CM",ESQUISSE,Emb. 1 UNID.,"1,89€","1,89€ / UNID.",
Bolachas Cobertas com Tablete de Chocolate Preto Biológicas,,Emb. 0.15 KG,"2,09€","13,93€ / KG",
Linguiça,,Emb. 0.2 KG,"1,49€","7,45€ / KG",
Vinho Regional Alentejano Tinto,DOM MARTINHO,Garrafa 0.75 LT,"5,49€","7,32€ / LT",
Café Torrado Moído África e Ásia Intensidade 11,SICAL,Emb. 0.25 LT,"3,45€","13,80€ / LT",
Desodorizante Roll-On Narta Invisível 48H,GARNIER,Emb. 0.05 LT,"3,75€","75,00€ / LT",
Bolachas Palitos com Cobertura de Chocolate Biológicas,,Emb. 0.125 KG,"2,09€","16,72€ / KG",
Sacos do Lixo 50 Litros,ELEMBAL,Emb. 15 UNID.,"2,79€","0,19€ / UNID.",
Atum em Óleo Vegetal,BOM PETISCO,Emb. 0.385 KG,"3,79€","9,84€ / KG",
Línguas de Veado,,Emb. 0.25 KG,"1,59€","6,36€ / KG",
LAVA TUDO PINHO,CLAIR,Emb. 1.5 LT,"1,89€","1,26€ / LT",
RECARGA P/ SABONETE LIQUIDO AMENDOA/MEL 750ML,ECO+,Emb. 0.75,"1,10€","1,47€ /",
Bloco Sanitário Poder Activo Pinho,SONASOL,Emb. 0.05 KG,"1,94€","38,80€ / KG",
Fermento em Pó,ROYAL,Emb. 0.113 KG,"1,67€","14,78€ / KG",
Café Pastilhas,PLANTATION,Emb. 36 UNID.,"3,59€","0,10€ / UNID.",
Lava Tudo Novo Brilho Ph Neutro,SONASOL,Emb. 1.3 LT,"2,09€","1,61€ / LT",
Flor Duche Cinza,SILLAGE,Emb. 1 UNID.,"1,89€","1,89€ / UNID.",
Tempero Líquido Maggi,NESTLÉ,Emb. 0.125 KG,"2,09€","16,72€ / KG",
Alimento P/ Gato Adulto P/Saúde do Trato Urinário,PURINA ONE,Emb. 0.8,"6,65€","8,31€ /",
Rebuçados Limão e Cidreira,MENTOLIN,Emb. 0.1 KG,"1,39€","13,90€ / KG",
BOLACHAS TOSTADAS GULLON 4X200GR,GULLÓN,Emb. 0.2 KG,"2,75€","13,75€ / KG",
Abrilhantador Brilho e Proteção,FINISH,Emb. 0.4 LT,"4,84€","12,10€ / LT",
Coloração Nº 5-86 Castanho Caramelo,SYOSS,,"6,24€",/ Unid.,
ESCOVA DENTES MEDIA CABECA RECARREGAVEL,DENTAMYL,,"1,25€",/ Unid.,
Cream Crackers,JACOB'S,Emb. 0.2 KG,"1,09€","5,45€ / KG",
Cereais Special K Classic,KELLOGG'S,Emb. 0.375 KG,"2,37€","6,32€ / KG",
Bolonhesa,NOBRE,Emb. 0.5 KG,"2,74€","5,48€ / KG",
Ketchup,ECO+,Emb. 0.58 KG,"1,69€","2,91€ / KG",
Gelatina Light de Mirtilo,ROYAL,Emb. 0.031 KG,"1,87€","60,32€ / KG",
SACO PLATICO P/TABULEIRO P/GATO PM 10UN,P'TIT AMI,Emb. 10 UNID.,"1,88€","0,19€ / UNID.",
RECARGA ESFREGONA MICROFIBRAS TIRAS,,Emb. 1 UNID.,"2,29€","2,29€ / UNID.",
Champô Cabelo Anti-caspa Power,NIVEA MEN,Emb. 0.25 LT,"3,95€","15,80€ / LT",
Fraldas Bebé T3 Doucer 4/9Kg,MOTS D'ENFANTS,Emb. 90 UNID.,"9,99€","0,11€ / UNID.",
Água com Gás 6x33cl,CARVALHELHOS,Emb. 1.98 LT,"2,65€","1,34€ / LT",
Manteiga C/ Sal e Alho,MIMOSA,Emb. 0.2 KG,"2,19€","10,95€ / KG",
Forma Aniversário,ECO+,Emb. 1 UNID.,"3,79€","3,79€ / UNID.",
Vinho Branco,COMP DO VINHO,Emb. 1 LT,"0,85€","0,85€ / LT",
Alho Granulado,RUSTICA,Emb. 0.05 KG,"0,65€","13,00€ / KG",
Alimento P/ Gato C/ Espirulina de Frango,PURINA,Emb. 1.4 KG,"6,48€","4,63€ / KG",
Pantene Liso & Sedoso Champô,,Emb. 0.1 LT,"9,99€","99,90€ / LT",
Madalenas em Concha com Ovos Frescos,,Emb. 0.5 KG,"1,89€","3,78€ / KG",
RODO LIMPA VIDROS C/ LADO ANTI-MOSQUITOS,TECH9,Emb. 1 UNID.,"2,99€","2,99€ / UNID.",
Queijo Fundido 12 Unid.,LES CROISÉS,Emb. 0.24 KG,"1,99€","8,29€ / KG",
CAFE SOLUVEL LIOFILISADO x 25 sticks,PLANTATION,Emb. 0.05 KG,"1,69€","33,80€ / KG",
GUYLIAN FRUTOS DO MAR CARTÃO 125g,,,"3,74€",/ Unid.,
PIZZA ATUM,TURINI,Emb. 0.355 KG,"1,89€","5,32€ / KG",
Body Lotion Hidratante Express Minerais Marinhos,NIVEA,Emb. 0.25 LT,"4,95€","19,80€ / LT",
"OIKOS MORANGO 110G X4,,440G",OIKOS,Emb. 0.44 KG,"2,39€","5,43€ / KG",
Conserva Atum Albacore Natural 3x133g,PÊCHE OCÉAN,Emb. 0.399 KG,"4,29€","10,75€ / KG",
Chá de Detox Hibisco Folha de Freixo Ulmeira,LIPTON,Emb. 20 SAQ.,"1,87€","0,09€ / SAQ.",
CREME MAOS ANTI MANCHAS,INELL,Emb. 0.08 LT,"2,99€","37,38€ / LT",
Refrigerante C/ Gás Laranja,SPRINK'S,Garrafa 1.5 LT,"0,74€","0,49€ / LT",
Alimento Húmido Gato P/ Gold,GOURMET,Emb. 0.085 KG,"0,75€","8,82€ / KG",
AGUARDENTE FIM DE SÉCULO Vínica Velha Cx. de Cartão 70CL,,0.07 CL,"17,49€","249,86€ / CL",
Filetes de Atum em Azeite,PÊCHE OCÉAN,Emb. 0.19 KG,"3,59€","18,89€ / KG",
Tablete Milka Leite,MILKA,Emb. 0.1 KG,"1,48€","14,80€ / KG",
CUIDADO DO ROSTO E BARBA CURTA 50ML,CARRÉ HOMME,Emb. 0.05 LT,"2,99€","59,80€ / LT",
ENVELOPE SILICONE 114X162MM 100UN,ECO+,Emb. 100 UNID.,"1,79€","0,02€ / UNID.",
Rebuçado Refrescante sem Açúcar,HALLS,Emb. 0.134 KG,"2,76€","20,60€ / KG",
Preparado em Pó P/ Gelatina de Limão,ROYAL,Emb. 0.114 KG,"1,77€","15,53€ / KG",
SACOS LIXO FECHO FACIL LAVANDA 30L,ELEMBAL,Emb. 20 UNID.,"1,09€","0,05€ / UNID.",
COMEDOURO DUPLO PEQUENO,ECO+,Emb. 1 UNID.,"0,99€","0,99€ / UNID.",
Alimento P/ Cão Snack Dental Frango,FRISKIES,Emb. 0.2 KG,"2,99€","14,95€ / KG",
Alimento Seco Cão Croquetes Carne e Cereais,ECO+,Emb. 10 KG,"11,99€","1,20€ / KG",
Detergente Manual Roupa,OMO,Emb. 0.54 KG,"1,95€","3,61€ / KG",
Conserva de Azeitona Verde Gordal,RUSTICA,Emb. 0.5 KG,"2,19€","4,38€ / KG",
PENSOS INCONTINENCIA LIGEIRA - HOMEM,CHORYS,Emb. 20 UNID.,"3,25€","0,16€ / UNID.",
Snack P/ Cão Sabor Bacon e Queijo,FRISKIES,Emb. 0.175 KG,"2,99€","17,09€ / KG",
OVOS AR LIVRE CLASSE M,OVOS DA ALDEIA,Emb. 6 UNID.,"1,49€","0,25€ / UNID.",
Creme Anti-Rugas Cuidado Dia,DERMO EXPERTISE,Emb. 1 P,"14,84€","14,84€ / P",
BLOCO SANITARIO ACTIV EFFECT PINHO 2UN,SYPHON,2 0,"1,69€",inf€ /,
Alimento Seco P/ Cão Adulto Borrego,PURINA,Emb. 14 KG,"49,90€","3,56€ / KG",
Palhinhas Cartão,HOMESIDE,Emb. 25 UNID.,"1,50€","0,06€ / UNID.",
Gel Duche Leite de Coco,MANAVA,Emb. 0.25 LT,"1,39€","5,56€ / LT",
Lava Tudo Vinagre,CIF,Emb. 1.4 LT,"1,99€","1,42€ / LT",
Gel de Banho Excite,AXE,Emb. 0.4 LT,"3,29€","8,23€ / LT",
PILHAS ALCALINAS LR6 TECH+,FOXTER,Emb. 8 UNID.,"3,58€","0,45€ / UNID.",
"CARREGADOR USB 2,4A + CABO USB/MICRO USB 1,2M PRETO",LINKSTER,Emb. 1 UNID.,"6,74€","6,74€ / UNID.",
Champo Karpex Manual,VANISH,Emb. 0.95 LT,"5,19€","5,46€ / LT",
Destop Gel Express Odor Stop 1Litro x15,DESTOP,Emb. 1 LT,"5,99€","5,99€ / LT",
BATATA FRITA ONDULADA,ECO+,Emb. 0.2 KG,"1,09€","5,45€ / KG",
Óleo Brilho Keratina,TRESEMMÉ,Emb. 0.05 LT,"5,99€","119,80€ / LT",
Batata Noisettes,POM'LISSE,Emb. 1 KG,"1,99€","1,99€ / KG",
Sabonetes Solidos Leite e Mel 4 Unid.,PALMOLIVE,Emb. 0.09 KG,"3,39€","37,67€ / KG",
Desentupidor Express Gel,DESTOP,Emb. 1 LT,"5,99€","5,99€ / LT",
ALIMENT BEBE: LEGUMES MASSA E SALMAO BIO 18M,BIO VILLAGE BEBE,Emb. 0.26 KG,"1,99€","7,65€ / KG",
BOLACHAS VITALDAY CROCANTE CHOCOLATE 280G,GULLÓN,Emb. 0.28 KG,"2,25€","8,04€ / KG",
GEL LIMPEZA PURIFICANTE P/ ROSTO,INELL,Emb. 0.15 LT,"1,49€","9,93€ / LT",
Conjunto de 6 Chaves Philips,FOXTER,Emb. 6 UNID.,"10,99€","1,83€ / UNID.",
Vinho Tinto,ALANDRA,Garrafa 0.75 LT,"1,98€","2,64€ / LT",
Caramelos Werther's Original Storck Creme 135g,JERONIMO MARTINS,Emb. 0.135 KG,"2,89€","21,41€ / KG",
Espumante Reserva Bruto,RAPOSEIRA,Garrafa 0.75 LT,"7,99€","10,65€ / LT",
ENVELOPE SILICONE C/JANELA 110X220MM,ESQUISSE,Emb. 100 UNID.,"2,49€","0,02€ / UNID.",
PENSOS HIGIENICOS U.FINOS NOITE C/ABAS 10UN X2,DOULYS,Emb. 20 UNID.,"2,09€","0,10€ / UNID.",
GELADO TIRAMISU,ESKISS,Emb. 0.9 LT,"2,99€","3,32€ / LT",
Bolachas Digestivas Aveia,VIEIRA,Emb. 0.258 KG,"2,19€","8,49€ / KG",
Champô Ultimate Repair,GLISS,Emb. 0.25 Lt,"2,24€","8,96€ / Lt",
Café Solúvel Seleção Premium Intensidade 6,NESCAFÉ,Frasco 0.1 KG,"5,65€","56,50€ / KG",
Gel de Banho Rosas e Jasmim,VASELINE,Emb. 0.7 LT,"2,99€","4,27€ / LT",
Alimento Húmido Gatos Menu Completo Gelatina 4x100g,LYCAT,Emb. 4 UNID.,"1,59€","0,40€ / UNID.",
Cápsulas de Café Alumínio Nespresso Decaffeinato,SEGAFREDO,Emb. 10 UN,"4,29€","0,43€ / UN",
Batatas fritas natas & cebola,PRINGLES,Emb. 0.175 KG,"1,99€","11,37€ / KG",
Doce de Alperce Baixo Teor de Açúcar,DOUCEUR DU VERGER,Frasco 0.34 KG,"1,39€","4,09€ / KG",
"SOBREM. SOJA BAUNILHA,,4x125G",ALPRO,Emb. 0.5 LT,"2,89€","5,78€ / LT",
IOGURTE BATIDO MORANGO,DÉLISSE,Emb. 0.5 KG,"1,19€","2,38€ / KG",
Snack P/ Gato Sabor do Oceano,FELIX,Emb. 0.2 KG,"3,99€","19,95€ / KG",
Legumes Grelhados Salteados Congelados,NOTRE JARDIN,Emb. 0.75 KG,"2,89€","3,85€ / KG",
Alimento Húmido P/ Gato de Frango,LYCAT,Emb. 0.08 KG,"0,75€","9,38€ / KG",
Aerossol Air Brisa Marinha,AMBIPUR,Emb. 0.3 LT,"3,83€","12,77€ / LT",
"GEL ÍNTIMO SUAVE, 250ML",CORINE DE FARME,Emb. 0.25 LT,"2,49€","9,96€ / LT",
Queijo Flamengo 1/4,LIMIANO,Emb. 0.325 KG,"3,85€","11,85€ / KG",
SACO VACUO,SILLAGE,Emb. 2 UNID.,"3,19€","1,60€ / UNID.",
Arroz Carolino,CIGALA,Emb. 1 KG,"1,14€","1,14€ / KG",
Chá de Ceilão,BRITLEY,Emb. 25 SAQ.,"0,89€","0,04€ / SAQ.",
Pá do Lixo com Cabo Metálico,,Emb. 1 UNID.,"1,59€","1,59€ / UNID.",
ATUM ALBACORA POSTA NATURAL,PÊCHE OCÉAN,Emb. 0.14 KG,"2,59€","18,50€ / KG",
ICED TEA LIMAO 6X20CL,FRESH TEA,,"1,05€",/ Unid.,
Alimento P/ Cão Adulto Pequeno P/ Controlo do Peso,PURINA,Emb. 0.8 KG,"5,72€","7,15€ / KG",
Sementes de Quinoa Biológicas,,Emb. 0.5 KG,"3,99€","7,98€ / KG",
Sticks Perfumados de Hortelã Marroquina e Toranja Rosa,Air Wick Botanica,Emb. 0.08 LT,"10,19€","127,38€ / LT",
Desodorizante Roll-On Baunilha,MANAVA,Emb. 0.05 LT,"0,75€","15,00€ / LT",
Esfregão Salva Unhas Classic,SCOTCH BRITE,Emb. 2 UNID.,"0,99€","0,50€ / UNID.",
Salteado de Frango C/ Legumes,CÔTÉ TABLE,Emb. 0.9 KG,"4,99€","5,54€ / KG",
Espumante Bruto Branco,TERRAS DO DEMO,Garrafa 0.75 LT,"7,99€","10,65€ / LT",
Pastéis de Feijão,,Emb. 0.3 KG,"1,89€","6,30€ / KG",
Sobremesa Sabor a Baunilha Bolas Chocolate Mix'n Croc 4x117g,DÉLISSE,Emb. 0.468 KG,"1,99€","4,25€ / KG",
Cápsulas de Café C/ Leite Intenso,DOLCE GUSTO,Emb. 16 CAPS.,"5,95€","0,37€ / CAPS.",
GELATINA MORANGO LIGHT CONDI 2X15G,CONDI,Emb. 0.3 KG,"1,78€","5,93€ / KG",
Iogurte Líquido Morango 6 Unid.,ACTIMEL,Emb. 0.6 KG,"2,59€","4,32€ / KG",
CHAMPO AUTO 1 L 1L TECH9,TECH9,Emb. 1 LT,"1,69€","1,69€ / LT",
Lava Tudo Sabão Natural,CLAIR,Emb. 2 LT,"0,89€","0,45€ / LT",
TARTELETES FRAMBOESA,P'TIT DÉLI,Emb. 0.15 KG,"1,09€","7,27€ / KG",
Bolachas Crackers com Azeite e Rosmaninho,DU BOIS DE LA ROCHE,Emb. 0.2 KG,"2,05€","10,25€ / KG",
Café Lote Clássico Moagem Grossa,SICAL,Emb. 0.25 KG,"2,39€","9,56€ / KG",
Molho de Tomate com Legumes e Manjericão,,Emb. 0.35 KG,"1,89€","5,40€ / KG",
Refrigerante C/ Gás Maracujá S/ Adição de Açúcar,FANTA,Emb. 1.5 LT,"1,00€","0,67€ / LT",
CABIDE C/ GANCHO CINZA 6UN,SILLAGE,Emb. 6 UNID.,"1,79€","0,30€ / UNID.",
TOALHITAS DESMAQ.PELE NORMAL,INELL,Emb. 25 UNID.,"0,75€","0,03€ / UNID.",
Maionese Heinz Vidro 480 Ml,HEINZ,Emb. 0.48 LT,"3,69€","7,69€ / LT",
Polpa de Tomate,TURINI,Emb. 0.21 KG,"0,35€","1,67€ / KG",
CONCHAS DE VIEIRA 4UN,CÔTÉ TABLE,Emb. 0.36 KG,"6,99€","19,42€ / KG",
Bolachas de Água e Sal,VIEIRA,Emb. 12  UNID.,"2,25€","0,19€ /  UNID.",
Whisky,LABEL 5,Garrafa 1 LT,"13,49€","13,49€ / LT",
FIAMBRE PERNA EXTRA C/OURATO -25% SAL,TRADILÈGE,,"2,59€",/ Unid.,
Papel Higiénico Branco,MARQUE REPERE,Emb. 12 UNID.,"5,29€","0,44€ / UNID.",
Sumo Florida sem Conservantes,SUNNY DELIGHT,Garrafa 1.25 LT,"1,64€","1,31€ / LT",
Cerveja com Álcool Stout Mini Preta Saca Fácil 6x20cl,SUPER BOCK,Emb. 1.2 LT,"2,99€","2,49€ / LT",
Massa Linguine,MILANEZA,Emb. 0.5 KG,"1,89€","3,78€ / KG",
Ovos Solo XL,SNR,Emb. 6 UNID.,"1,89€","0,32€ / UNID.",
CREME HIDRATANTE BIO 50ML BIO,BIONAÏA,Emb. 0.05 LT,"2,89€","57,80€ / LT",
Desodorizante Spray Homem Active Dry,VASELINE,Emb. 0.25 LT,"2,19€","8,76€ / LT",
Alimento Húmido para Cão Carne Vaca Massa Cenoura,ECO+,,"1,99€",/ Unid.,
Preparado Sopa Canja Galinha,KNORR,Emb. 0.068 KG,"1,49€","21,91€ / KG",
Conserva de Salsichas Frankfurt 8 Unid.,NOBRE,Lata 0.2 KG,"1,09€","5,45€ / KG",
PIZZA 4 QUEIJOS FORNO LENHA,TURINI,Emb. 0.42 KG,"2,59€","6,17€ / KG",
TIRAS FINISSIMAS BACON FUMADAS (LARDONS) 2X100G,ECO+,Emb. 2 UNID.,"1,95€","0,98€ / UNID.",
Vinho Regional Lisboa Rosé Leve,MUNDUS,Garrafa 0.75 LT,"1,69€","2,25€ / LT",
Champô Hemp + Hydration,TRESEMMÉ,Emb. 0.4 LT,"4,79€","11,98€ / LT",
Gel de Banho Laranja e Manga,VASELINE,Emb. 0.7 LT,"2,99€","4,27€ / LT",
Vinagre Balsâmico Rosé,GALLO,Emb. 0.25 LT,"1,86€","7,44€ / LT",
Vinho Regional Alentejo Tinto,MARQUÊS DE BORBA,Garrafa 0.75 LT,"5,49€","7,32€ / LT",
ACUCAR CANA CUBOS,TÉVA,Emb. 1 KG,"2,45€","2,45€ / KG",
Bolachas Wafer de Chocolate,P'TIT DÉLI,Emb. 0.15 KG,"1,19€","7,93€ / KG",
Limpa Máquinas de Loiça,,Emb. 0.25 LT,"3,89€","15,56€ / LT",
Gelatina Light Morango,ROYAL,Emb. 0.031 KG,"1,87€","60,32€ / KG",
Conserva de Ervilhas da Horta,COMPAL,Emb. 0.42 KG,"0,99€","2,36€ / KG",
Bolachas Cobertas com Chocolate Branco,OREO,Emb. 0.246 KG,"2,76€","11,22€ / KG",
Alimento Seco para Cão Carne de Vaca e Cenoura,TOUS MES AMIS,Emb. 1 KG,"2,99€","2,99€ / KG",
Sabonete Líquido Nutritivo Recarga,PALMOLIVE,Emb. 0.3 LT,"2,75€","9,17€ / LT",
Batatas Finas e Crocantes,POM'LISSE,Emb. 1 KG,"1,99€","1,99€ / KG",
Massa Bolonhesa,KNORR,Emb. 0.068 KG,"1,89€","27,79€ / KG",
Conserva de Salsichas Frankfurt 6 Unid.,NOBRE,Lata 0.12 KG,"0,89€","7,42€ / KG",
BATATAS FRITAS LISAS,POM'LISSE,Emb. 0.35 KG,"2,09€","5,97€ / KG",
GUARDANAPOS AMARELOS FOLHA SIMPLES RENOVA,GUARDANAPOS RENOVA,Emb. 70 UNID.,"0,78€","0,01€ / UNID.",
BLOCO SANITARIO ACTIV EFFECT AGUA AZUL 2UN,SYPHON,Emb. 2 UNID.,"1,29€","0,65€ / UNID.",
Alimento Húmido P/ Gato Vários Sabores,FELIX,Emb. 0.4 KG,"1,89€","4,73€ / KG",
Cápsulas Café Fortíssimo - Intensidade 12,PLANTATION,Emb. 10 UNID.,"1,79€","0,18€ / UNID.",
Frutas 100% Maçã e Manga S/ Glúten +6 meses 4 Unid.,NATURNES,Emb. 0.4 KG,"2,19€","5,48€ / KG",
ALIMENT BEBE: PURE MACA E BOLACHA BIO 6M,BIO VILLAGE BEBE,Emb. 0.4 KG,"2,09€","5,23€ / KG",
Pensos Higiénicos Salvaslip Maxi,EVAX,Emb. 72 UNID.,"4,79€","0,07€ / UNID.",
Pantene Superalimento Ampolas Resgate,PANTENE PV,Emb. 0.045 LT,"4,64€","103,11€ / LT",
INFUSAO A FRIO FRUTOS VERMELHOS,TISÉA,,"1,85€",/ Unid.,
Kinder Bueno White,KINDER,Emb. 0.043 KG,"1,08€","25,12€ / KG",
Presunto Serrano em Fatias,CAMPOFRIO,Emb. 0.08 KG,"2,59€","32,38€ / KG",
Marcadores de Colorir Laváveis Ponta Média,ESQUISSE,,"1,79€",/ Unid.,
MOEDAS CHOCOLATE LEITE,COPAÍNS COPINES,Emb. 0.1 KG,"1,25€","12,50€ / KG",
Cápsulas Café Latte Macchiato Caramelo,DOLCE GUSTO,Emb. 16 CAPS.,"5,95€","0,37€ / CAPS.",
Maionese Verdadeira 416G,HELLMANN'S,Frasco 0.416 KG,"2,99€","7,19€ / KG",
Sumo 100% Laranja Biológico,,Emb. 1 LT,"2,29€","2,29€ / LT",
Tortilha Batata e Cebola,TABLES DU MONDE,Emb. 0.5 KG,"2,99€","5,98€ / KG",
Açúcar Branco 170 Saquetas,TÉVA,Emb. 1 KG,"2,85€","2,85€ / KG",
Bebida em Pó Morango,TANG,Emb. 0.03 KG,"0,82€","27,33€ / KG",
Pensos Diários Protegeslip,AUSONIA,Emb. 20 UNID.,"1,49€","0,07€ / UNID.",
DETERGENTE GEL EXPRESS - TIRA NODOAS 2EM1,EPSIL,Emb. 0.25 LT,"1,45€","5,80€ / LT",
Bolachas Digestivas de Maçã,THINS,Emb. 0.174 KG,"2,39€","13,74€ / KG",
VELA NUMERO - 2,ARDENCE,Emb. 1 UNID.,"0,89€","0,89€ / UNID.",
Ração para cão c/ Frango e Arroz,ULTIMA,Emb. 7.5 KG,"28,90€","3,85€ / KG",
Vinho Regional Tejo Tinto,QUINTA ALORNA,Garrafa 0.75 LT,"3,49€","4,65€ / LT",
Bolacha,CHIQUILÍN,Emb. 0.175 KG,"1,49€","8,51€ / KG",
Bolachas Crackers Bacon,TUC,Emb. 0.1 KG,"1,08€","10,80€ / KG",
Bioten Creme para as Mãos Anti-Idade,BIOTEN,Emb. 0.1 LT,"2,13€","21,30€ / LT",
Atum ao Natural,BOM PETISCO,Emb. 0.12 KG,"1,39€","11,58€ / KG",
Pizza Hawaii,RISTORANTE,Emb. 0.355 KG,"3,69€","10,39€ / KG",
Detergente Manual Loiça Concentrado Limão,FAIRY,Emb. 0.78 LT,"2,69€","3,45€ / LT",
Queijo Fatiado -50% Gordura 2X200 g,LIMIANO,Emb. 0.4 KG,"4,49€","11,23€ / KG",
Palmiers Cobertos com Chocolate de Leite,P'TIT DÉLI,Emb. 0.11 KG,"1,05€","9,55€ / KG",
Pensos Higiénicos Ultra Finos C/ Abas,DOULYS,Emb. 24 UNID.,"2,05€","0,09€ / UNID.",
Pão de Forma para Canapés,EPI D'OR,Emb. 0.28 KG,"1,29€","4,61€ / KG",
Detergente Líquido Buquê Roxo 110 Doses,GAMA,Emb. 5.28 LT,"11,99€","2,27€ / LT",
Sidra com Álcool de Maça 10x33cl,SOMERSBY,Emb. 3.3 LT,"9,69€","2,94€ / LT",
CACAU EM PO SEM ACUCAR - PARA BEBER OU SOBREMESAS,EQUADOR,Emb. 0.25 KG,"1,89€","7,56€ / KG",
SEPARADORES CARTAO A4 6UN,ESQUISSE,Emb. 6 UNID.,"0,99€","0,17€ / UNID.",
Sumo 8 Frutos 3x20 cl,UM BONGO,Emb. 0.6 LT,"1,45€","2,42€ / LT",
Whisky J&B 15 Anos,J&B,Emb. 0.7 LT,"25,89€","36,99€ / LT",
Bebida de Aveia,SHOYCE,Emb. 1 LT,"2,09€","2,09€ / LT",
Pantene 3 Minute Miracle Liso & Sedoso,PANTENE PV,Emb. 0.2 LT,"5,49€","27,45€ / LT",
Paté de Sardinha e Cavala,PÊCHE OCÉAN,Emb. 0.065 KG,"0,69€","10,62€ / KG",
Panela 24Cm,ECO+,Emb. 1 UNID.,"12,99€","12,99€ / UNID.",
Bolachas Sortido,PRINCESA,Emb. 0.2 KG,"2,19€","10,95€ / KG",
Amêijoa Vietname Castanha Congelada,,1 Unid. = 0.38 KG (aprox.),"3,99€/kg","1,52€ / Unid.",
Puré de Tomate Duplo Concentrado,TURINI,Emb. 0.2 KG,"1,09€","5,45€ / KG",
Neoblanc Gentil Higiene Lixívia,NEO BLANC,Emb. 2 LT,"5,73€","2,87€ / LT",
ALIMENTO PÁSSAROS EXOTICOS,ECO+,Emb. 1 KG,"1,90€","1,90€ / KG",
Bolachas Cream Cracker,VIEIRA,Emb. 0.18 KG,"1,39€","7,72€ / KG",
Polpa de Tomate 100% Português,COMPAL,Frasco 0.5 KG,"1,08€","2,16€ / KG",
Cloro de Dissolução Rápida,BEAUX JOURS,Emb. 5 KG,"39,90€","7,98€ / KG",
MAIONESE C/ MOSTARDA DE DIJON TOP DOWN,RUSTICA,Emb. 0.235 KG,"1,55€","6,60€ / KG",
Purina ONE Dual Nature Sterilized Vaca,PURINA,Emb. 0.4 KG,"3,99€","9,98€ / KG",
Amaciador Surf Concentrado Jasmim E Maçã Verde 90 Doses,SURF,Emb. 1.8 LT,"3,49€","1,94€ / LT",
SACOS LIXO FECHO FACIL 50L,ELEMBAL,,"3,80€",/ Unid.,
Champô Elvive Total Repair 5,L'ORÉAL PARIS,Emb. 0.4 LT,"5,93€","14,83€ / LT",
CHOURICAO FATIADO,CAMPO FINO,Emb. 0.15 KG,"1,49€","9,93€ / KG",
Alimento Húmido Gato Menu Completo em Salsa e Molho 4x100g,LYCAT,Emb. 4 KG,"1,59€","0,40€ / KG",
Champô Anti-Caspa Linic Sem Controlo Oleosidade,LINIC,Emb. 0.225 LT,"3,34€","14,84€ / LT",
Pacotinho de Frutas Banana Laranja e Bolacha +6 meses,NATURNES,Emb. 0.09 KG,"0,98€","10,89€ / KG",
Regulador Ph Mais Sólido,BEAUX JOURS,Emb. 2 KG,"8,99€","4,50€ / KG",
Bolachas de Germen de Trigo e Pepitas de Chocolate,NAT&VIE,Emb. 0.2 KG,"1,69€","8,45€ / KG",
PEDACINHOS ATUM COM TOMATE 3X80G,PÊCHE OCÉAN,Emb. 0.24 KG,"1,75€","7,29€ / KG",
Cotonetes Algodão C/ Cabo Papel Ziplock,INELL,Emb. 160 UNID.,"0,79€","0,00€ / UNID.",
Iogurte de Aromas Les Zaros 16x125g,DÉLISSE,Emb. 2 KG,"2,69€","1,35€ / KG",
Bolacha Gullon Vitalday Crocant Fruta 300g,GULLÓN,Emb. 0.3 KG,"2,25€","7,50€ / KG",
Manteiga Light,MATINAL,Emb. 0.25 KG,"2,39€","9,56€ / KG",
Nutella,NUTELLA,Emb. 0.2 KG,"1,99€","9,95€ / KG",
MOPA + RECARGA MICROFIBRAS,SILLAGE,Emb. 1 UNID.,"6,99€","6,99€ / UNID.",
Néctar Vital Equilíbrio Manga Laranja,COMPAL,Emb. 0.33 LT,"0,82€","2,48€ / LT",
BISCOITOS DE COCO,P'TIT DÉLI,Emb. 0.4 KG,"1,55€","3,88€ / KG",
Ancinho 14 Dentes,BEAUX JOURS,Emb. 1 UNID.,"12,99€","12,99€ / UNID.",
Champô Seco Volume,TRESEMMÉ,Emb. 0.25 LT,"5,39€","21,56€ / LT",
Arroz Basmati,,Emb. 1 KG,"1,89€","1,89€ / KG",
Ravioli de Legumes,CÔTÉ TABLE,Emb. 0.8 KG,"1,99€","2,49€ / KG",
Refrigerante C/ Gás,COCA COLA,Garrafa 0.5 LT,"0,99€","1,98€ / LT",
CADERNO ESP CAP DUR AZ A4 PAU 100P,ESQUISSE,Emb. 1 UNID.,"3,29€","3,29€ / UNID.",
Gelado Mini,TRIUM,Emb. 8 UNID.,"2,49€","0,31€ / UNID.",
STICK ESPIRAIS BOVINO 4UN,TOUS MES AMIS,Emb. 4 UNID.,"0,79€","0,20€ / UNID.",
SYOSS COLOR 4-8 CASTANHO CHOCOLATE 16X3,SYOSS,,"4,99€",/ Unid.,
Ambientador Máquina Loiça Limão,FINISH,Emb. 2 UNID.,"4,99€","2,50€ / UNID.",
DETERGENTE LIQUIDO CONCENTRADO PRIMAVERA 28D,EPSIL,,"2,90€",/ Unid.,
"CANETA AZUL 0,7MM",ESQUISSE,Emb. 4 UNID.,"1,59€","0,40€ / UNID.",
DESENTUPIDOR CANOS GEL 1L,SYPHON,Emb. 1 LT,"1,39€","1,39€ / LT",
Detergente Líquido Multisuperficies Lavanda,SONASOL,Emb. 1.3 LT,"2,09€","1,61€ / LT",
LAVA TUDO SABAO PRETO E FLOR DE LARANJEIRA,CLAIR,Emb. 1.5 LT,"1,89€","1,26€ / LT",
SORTIDO APERITIVOS TUFADOS,TOKAPI,Emb. 0.1 KG,"1,19€","11,90€ / KG",
Massa Cotovelinhos Chifferini,MILANEZA,Emb. 0.5 KG,"1,19€","2,38€ / KG",
Leite de Limpeza Bebé,MOTS D'ENFANTS,Emb. 0.25 UNID.,"1,49€","5,96€ / UNID.",
Vinho A.O.C. Sauternes 2014,CHANTET BLANET,Garrafa 0.75 LT,"14,49€","19,32€ / LT",
"BL1 LED ESFERA 5,5W-40W E14 LUZ AMARELA",FOXTER,Emb. 1 UNID.,"2,99€","2,99€ / UNID.",
Cream Cracker Pimenta Preta,VIEIRA,Emb. 0.2 KG,"1,19€","5,95€ / KG",
Detergente para a Máquina da Loiça,SUN,Emb. 1.575 KG,"12,34€","7,83€ / KG",
GEL BARBEAR ANTI-IRRITACAO 200ML,CARRÉ HOMME,Emb. 0.2 LT,"1,89€","9,45€ / LT",
Bebida à Base de Avelã,NAT&VIE,Emb. 1 LT,"1,69€","1,69€ / LT",
CREME PROTESES,DENTAMYL,Emb. 0.05 KG,"3,85€","77,00€ / KG",
MARCADOR PERMANENTE VARIAS CORES,ESQUISSE,Emb. 4 UNID.,"1,29€","0,32€ / UNID.",
CERA LIQUIDA INCOLOR 75ML,LA VACHETTE,Emb. 0.075 LT,"2,15€","28,67€ / LT",
Queijo Fatiado 2X200 g,LIMIANO,Emb. 0.4 KG,"4,49€","11,23€ / KG",
Conserva de Salsichas Frankfurt 6 Unid.,IZIDORO,Lata 0.12 KG,"0,83€","6,92€ / KG",
Óleo Intense 6-80 Louro Avelã,SYOSS,,"6,24€",/ Unid.,
BANHA DE PORCO,CAMPO FINO,Emb. 0.22 KG,"0,99€","4,50€ / KG",
BATATAS SALTEADAS OLEO GIRASSOL,POM'LISSE,Emb. 1 KG,"2,49€","2,49€ / KG",
Tablete de Chocolate Leite,NESTLÉ,Emb. 0.125 KG,"1,85€","14,80€ / KG",
Amaciador Cabelo Normais Garnier Força e Brilho,FRUCTIS,Emb. 0.2 LT,"3,95€","19,75€ / LT",
Deo Creme Hidra Essencial 0% Álcool,VASELINE,Emb. 0.05 LT,"2,84€","56,80€ / LT",
PELICULA ADER.ELEMBAL 2E1 20M,ELEMBAL,Emb. 0.02 MT,"0,59€","29,50€ / MT",
BETERRABAS VERMELHAS X3 3X200G,NOTRE JARDIN,Emb. 0.6 KG,"1,55€","2,58€ / KG",
Manteiga com Sal,TERRA NOSTRA,Emb. 0.25 KG,"2,04€","8,16€ / KG",
Chá Verde de Pêssego Branco,LIPTON,Emb. 1 LT,"1,28€","1,28€ / LT",
GLISS REPARAÇÃO PONTAS ESPIGADAS,GLISS,Emb. 0.05 LT,"3,79€","75,80€ / LT",
PIZZA ROYALE MOELLEUSE,TURINI,Emb. 0.6 KG,"2,99€","4,98€ / KG",
Café Moagem Universal Colombia,DELTA,Emb. 0.22 KG,"3,65€","16,59€ / KG",
"BL1 LED FILA ESFERA R 2,1W-25W E14",FOXTER,Emb. 1 UNID.,"3,59€","3,59€ / UNID.",
Café Cápsulas Saboroso Intensidade 9,PLANTATION,Emb. 16 CAPS.,"2,59€","0,16€ / CAPS.",
Massa Espirais Semi-Integrais Biológica,,Emb. 0.5 KG,"1,29€","2,58€ / KG",
REFRIGERANTE S/GAS TROPICAL,JAFUN,Emb. 10,"3,49€","0,35€ /",
Tarte Gelada Baunilha,VIENNETTA,Emb. 0.65 LT,"1,99€","3,06€ / LT",
Arroz Pot Frango E Cogumelos,KNORR,Emb. 0.075 KG,"1,97€","26,27€ / KG",
"GEL HIGIENE ÍNTIMA FRESH, 250ML",CORINE DE FARME,Emb. 0.25 LT,"2,99€","11,96€ / LT",
Vinho Verde Branco,COMP DO VINHO,Garrafa 0.75 LT,"2,19€","2,92€ / LT",
Luvas para Uso Doméstico Tamanho S,RENOVA LUVAS,Emb. 1 UNID.,"1,09€","1,09€ / UNID.",
Creme Pentear Karité Côco,NATEIS,Emb. 0.3 LT,"2,69€","8,97€ / LT",
Barrinhas Periquitos sabor a Ovos,TOUS MES AMIS,Emb. 0.06 KG,"1,29€","21,50€ / KG",
SACOS LIXO C/ ATILHO 30L,ECO+,Emb. 20 UNID.,"0,80€","0,04€ / UNID.",
Bolacha Maria,CUÉTARA,Emb. 0.2 KG,"0,85€","4,25€ / KG",
VASSOURA SORGO,SILLAGE,Emb. 1 UNID.,"4,27€","4,27€ / UNID.",
Sobremesa Ilha Flutuante 4x100g,DÉLISSE,Emb. 0.4 KG,"2,59€","6,48€ / KG",
FITA CORRETORA 6MX5MM 6UN,ESQUISSE,Emb. 6 UNID.,"2,29€","0,38€ / UNID.",
Creme de Banho Care,NIVEA,Emb. 0.75 LT,"3,49€","4,65€ / LT",
Atum Posta Caril,BOM PETISCO,Emb. 0.12 KG,"1,56€","13,00€ / KG",
COLORACAO VEGETAL LOURO ESCURO BIO,BIONAÏA,Emb. 1 UNID.,"6,99€","6,99€ / UNID.",
ESCOVA DENTES MEDIA,DENTAMYL,Emb. 4 UNID.,"1,29€","0,32€ / UNID.",
Caldo Galinha 6 Cubos,MAGGI,Emb. 0.06 KG,"0,89€","14,83€ / KG",
ÓLEO BRONZEADOR CÔCO,AMBRE SOLAIRE,Emb. 0.2 LT,"11,74€","58,70€ / LT",
MASCARA REPARADORA 300ML,VITANOVE,Emb. 0.3 LT,"2,39€","7,97€ / LT",
Bolachas Digestivas Maça,TRIUNFO,Emb. 0.171 KG,"1,48€","8,66€ / KG",
CUSCUZ MEDIO,COMPTOÍR DU GRAIN,Emb. 0.5 KG,"1,09€","2,18€ / KG",
Bolachas com Recheio Aroma a Framboesa,P'TIT DÉLI,Emb. 0.15 KG,"1,19€","7,93€ / KG",
Alimento Húmido P/ Gato de Atum e Camarão,TOUS MES AMIS,Emb. 0.08 KG,"0,75€","9,38€ / KG",
CHA PRETO CEILAO BIO,,Emb. 20 UNID.,"1,79€","0,09€ / UNID.",
FEIJOCAS FERBAR 580G,FERBAR,Emb. 0.58 KG,"1,56€","2,69€ / KG",
Polpa de Tomate 210g,GULOSO,Emb. 0.21 KG,"0,68€","3,24€ / KG",
BATATA DOCE EM PEDACOS BIO,,Emb. 0.6 KG,"2,19€","3,65€ / KG",
Alimento Seco P/ Gato Adulto C/ Digestão Sensível,PURINA ONE,Emb. 0.8 KG,"6,99€","8,74€ / KG",
FLOCOS SABAO MARSELHA ECO,UNÍ VERT,,"5,39€",/ Unid.,
LONA PLASTICO 4X6M,ECO+,,"13,98€",/ Unid.,
Tosta Rica Cacau,CUÉTARA,Emb. 0.57 KG,"3,46€","6,07€ / KG",
Batatas Fritas Crocantes Onduladas,POM'LISSE,Emb. 0.15 KG,"1,25€","8,33€ / KG",
Presunto Aperitivo,DAMATTA,Emb. 0.3 KG,"4,59€","15,30€ / KG",
Maionese com Alho Top Down,CALVÉ,Emb. 0.25 KG,"2,29€","9,16€ / KG",
Fraldas Bebé Extra Absorção Activity Tamanho 5,DODOT,Emb. 48 LT,"13,29€","0,28€ / LT",
Massa Cotovelinhos,TURINI,Emb. 1 KG,"1,39€","1,39€ / KG",
Ambientador Recarga Freshmatic White Bouquet,AIR WICK,Emb. 2 UNID.,"7,09€","3,55€ / UNID.",
Vinho Regional Dão Tinto,DUQUE DE VISEU,Garrafa 0.75 LT,"4,39€","5,85€ / LT",
Ice tea Manga 2x2lt,LIPTON,Emb. 4 LT,"4,99€","1,25€ / LT",
Pantene Repara & Protege Champô,,Emb. 0.1 LT,"9,99€","99,90€ / LT",
Nuggets Grelhadinhos 8 Unid.,CAPITÃO IGLO,Emb. 0.204 KG,"4,99€","24,46€ / KG",
QUEIJO VACA CURADO,LES CROISÉS,Emb. 0.19 KG,"1,89€","9,95€ / KG",
Conserva de Cogumelos Inteiros,,Emb. 0.23 KG,"1,25€","5,43€ / KG",
Snack P/ Cão Pequeno 7-12Kg,PURINA,Emb. 0.115 KG,"2,29€","19,91€ / KG",
Conserva de Feijão Manteiga,NOTRE JARDIN,Lata 0.85 KG,"0,99€","1,16€ / KG",
"Tisana Silhueta de Cavalinha, Erva Príncipe e Gengibre",LIPTON,Emb. 0.028 KG,"1,87€","66,79€ / KG",
Douradinhos 30 Unid. Ultracongelado,CAPITÃO IGLO,Emb. 0.84 KG,"7,49€","8,92€ / KG",
Pudim Chocolate,BOCA DOCE,Emb. 0.022 KG,"0,47€","21,36€ / KG",
Fiambre à italiana Fatias,TRADILÈGE,Emb. 0.12 KG,"1,99€","16,58€ / KG",
QUEIJO EDAM FATIADO,ECO+,Emb. 0.5 KG,"3,99€","7,98€ / KG",
Pantene Creme de Pentear Sem Enxaguar Caracóis 270ml,PANTENE PV,Emb. 0.27 LT,"4,49€","16,63€ / LT",
Cereais Integrais e Mel,NESTUM,Emb. 0.25 KG,"2,15€","8,60€ / KG",
Sumo Multifrutos 100% Puro,JAFADEN,Emb. 1 LT,"1,49€","1,49€ / LT",
NUGGETS FRANGO 20UN FAMILIAR,CÔTÉ CROC,Emb. 0.4 KG,"2,99€","7,48€ / KG",
COLORACAO CASTANHO CLARO 5.0 S/AMONIACO,VITANOVE,Emb. 1 UNID.,"3,89€","3,89€ / UNID.",
TORTAS DE ANIS - 12UN,P'TIT DÉLI,Emb. 0.4 KG,"1,99€","4,98€ / KG",
Dove Go Fresh Gel de Banho Chá Verde,DOVE,Emb. 0.75 LT,"4,19€","5,59€ / LT",
QUEIJO FRESCO CLASSICO,QUEIJO NA TÁBUA,Emb. 0.125 KG,"1,19€","9,52€ / KG",
Pensos para calos,HANSAPLAST,Emb. 8 UNID.,"3,59€","0,45€ / UNID.",
BOLOS C/ RECHEIO CHOCOLATE S/ GLUTEN,CHAQUE JOUR SANS GLUTEN,Emb. 0.21 KG,"3,05€","14,52€ / KG",
Massa Espirais Clássica,NACIONAL,Emb. 0.5 KG,"1,45€","2,90€ / KG",
Elixir 12 Horas Protection,COLGATE,Emb. 0.5 LT,"6,49€","12,98€ / LT",
Aclarador de Cabelo Gradual Casting Sunkiss Jelly Castanho Claro 1,L'ORÉAL PARIS,Emb. 1 UNID.,"11,87€","11,87€ / UNID.",
Rilletes de Mans,TRADILÈGE,Emb. 0.22 KG,"2,25€","10,23€ / KG",
Brandy,1920,Garrafa 0.7 LT,"11,39€","16,27€ / LT",
Sabonete líquido para as mãos,DOVE,Emb. 0.5 LT,"2,49€","4,98€ / LT",
Mini Gelados Baunilha C/ Drageias,SMICY,Emb. 6 UNID.,"2,99€","0,50€ / UNID.",
OIKOS PESSEGO 110G X4,OIKOS,Emb. 0.44 KG,"2,39€","5,43€ / KG",
BOLACHA MY COOKIES AVEIA,NACIONAL,Emb. 0.15 KG,"1,69€","11,27€ / KG",
Bolachas Maria 74% de Cereais,TRIUNFO,Emb. 0.2 KG,"0,99€","4,95€ / KG",
CANELA EM PO SAQUETA,RUSTICA,Emb. 0.08 KG,"0,95€","11,88€ / KG",
Água S/ Gás Mineral Natural,,Garrafão 6 LT,"1,10€","0,18€ / LT",
Piaçaba,ECO+,Emb. 1 UNID.,"1,79€","1,79€ / UNID.",
Alimento Seco Cão Active Completo,PURINA FRISKIES,Emb. 4 KG,"11,90€","2,98€ / KG",
Iogurte Grego com Mel 4x150g,DÉLISSE,Emb. 0.6 KG,"1,99€","3,32€ / KG",
Dentífrico Anti-Tártaro +Blanqueador,COLGATE,Emb. 0.075 LT,"2,22€","29,60€ / LT",
Galetes Arroz Cobertas de Chocolate Biológicas,,Emb. 0.09 KG,"1,35€","15,00€ / KG",
Muesli,ALPEN,Emb. 0.55 KG,"4,04€","7,35€ / KG",
FEIJOCA EXTRA FINA,NOTRE JARDIN,Emb. 0.4 KG,"0,95€","2,38€ / KG",
Bolachas Amanteigadas,P'TIT DÉLI,Emb. 0.2 KG,"1,39€","6,95€ / KG",
Gordura 100% Vegetal,NAT&VIE,Emb. 1 KG,"3,99€","3,99€ / KG",
Conjunto de 2 Colas Cyano Acrylate,ECO+,Emb. 2 UNID.,"1,49€","0,75€ / UNID.",
Recarga Sabonete Líquido Leite/Mel,MANAVA,Emb. 0.25 LT,"0,69€","2,76€ / LT",
Puré de Batata Ultracongelado,POM'LISSE,Emb. 0.75 KG,"1,49€","1,99€ / KG",
Iogurtes Cremosos Açucarados Frutas Amarelas 8x125g,DÉLISSE,Emb. 1 KG,"1,99€","1,99€ / KG",
APERITIVOS SORTIDOS,TOKAPI,Emb. 0.1 KG,"1,19€","11,90€ / KG",
Detergente Manual Loiça Limão,SUPER POP,Emb. 0.7 LT,"1,49€","2,13€ / LT",
Arroz Agulha,CIGALA,Emb. 1 KG,"1,24€","1,24€ / KG",
Bacalhau Especial Islândia,,1 Unid. = 3.5 KG (aprox.),"16,99€/kg","59,47€ / Unid.",
Alimento Seco P/ Gato Bola Pelo/Esteril,PURINA ONE,Emb. 0.8 KG,"6,65€","8,31€ / KG",
Sobremesa Creme de Baunilha 4X125g,DÉLISSE,Emb. 0.5 KG,"1,49€","2,98€ / KG",
Cápsulas Café Cortado Espresso Macchiato Intensidade 8,DOLCE GUSTO,Emb. 16 CAPS.,"5,95€","0,37€ / CAPS.",
Tábua Engomar Caldeira,VILEDA,Emb. 1 UNID.,"44,90€","44,90€ / UNID.",
Cápsulas Café Ristretto Napoli Style Intensidade 13,DOLCE GUSTO,Emb. 30 CAPS.,"10,49€","0,35€ / CAPS.",
PURE MACA/MIRTILO/BANANA SEM ADICAO ACUCAR BISNAGA,DOUCEUR DU VERGER,Emb. 0.48 KG,"2,79€","5,81€ / KG",
MOLHO PARA BATATAS FRITAS,RUSTICA,Emb. 0.919 KG,"3,99€","4,34€ / KG",
Alho em Pó,RUSTICA,Frasco 0.038 KG,"0,69€","18,16€ / KG",
Bolachas Maria,CUÉTARA,Emb. 0.8 KG,"2,55€","3,19€ / KG",
Ração P/ Gato Esterlizado C/ Salmão,ULTIMA,Emb. 0.8 KG,"5,79€","7,24€ / KG",
Vinho do Porto Especial Reserva,DORRÃO,Emb. 0.75 LT,"7,99€","10,65€ / LT",
BLOCO NOTAS ADESIVO 75X75MM 4X100UN,ESQUISSE,Emb. 4 UNID.,"1,49€","0,37€ / UNID.",
Massa Pevide Clássica,NACIONAL,Emb. 0.25 KG,"0,78€","3,12€ / KG",
Tablete de Chocolate Cereais Crocantes 4x100g,ECO+,Emb. 0.4 KG,"2,15€","5,38€ / KG",
Massa Entrefina,TURINI,Emb. 0.5 KG,"0,89€","1,78€ / KG",
Bolachas com Cobertura de Chocolate de Leite,,Emb. 0.2 KG,"1,79€","8,95€ / KG",
PANO MICROFIBRAS COLORS XL 4 UN,VILEDA,Emb. 4 UNID.,"4,99€","1,25€ / UNID.",
CHOCOLATE CULINARIA PRALINE,TABLETTE D'OR,Emb. 0.2 KG,"1,99€","9,95€ / KG",
Vinho Regional Douro Branco,PAPA FIGOS,Garrafa 0.75 LT,"7,48€","9,97€ / LT",
Café Solúvel de Cereais e Fibra,BOLERO,Emb. 0.2 KG,"2,89€","14,45€ / KG",
Sumo de Laranja e Manga,JOI,Garrafa 1.5 LT,"1,04€","0,69€ / LT",
Caldo de Galinha 12x10g,ECO+,Emb. 0.12 KG,"0,55€","4,58€ / KG",
Pacotinho Fruta Hero Baby 3 Frutos 100 G,HERO BABY,Emb. 0.1 KG,"0,95€","9,50€ / KG",
MINI MARCADOR FLURESCENTE SORTIDO CORES PASTEL 4UN,ESQUISSE,Emb. 4 UNID.,"1,39€","0,35€ / UNID.",
SORVETE LARANJA/LIMAO 10UN,SMICY,Emb. 10 UNID.,"2,49€","0,25€ / UNID.",
Vela fragância de laranja,AIRWICK,Emb. 0.32 KG,"2,84€","8,88€ / KG",
Gel de Banho para Corpo e Cabelo,DOVE,Emb. 0.4 LT,"3,29€","8,23€ / LT",
Abrasivo Sanitário Active Fresh Pinho,HARPIC,Emb. 0.75 LT,"1,94€","2,59€ / LT",
Gin Premium Pink,GORDON'S,Garrafa 0.7 LT,"17,39€","24,84€ / LT",
Caramelos de Manteiga e Nata,WERTHER'S,Emb. 0.135 KG,"2,89€","21,41€ / KG",
Café Lote Clássico Grão,SICAL,Emb. 1 KG,"13,89€","13,89€ / KG",
Salva Camas 60x90CM,LINDOR,Emb. 15 UNID.,"9,89€","0,66€ / UNID.",
Vinho do Porto Velhotes Tawny,CALEM,Garrafa 0.75 LT,"4,99€","6,65€ / LT",
Cereais Granola de Aveia Mel,NESTLÉ,Emb. 0.3 KG,"2,79€","9,30€ / KG",
Alimento Húmido P/ Gato Fórmula Indoor Atum e Vitela Pack 4,PURINA ONE,4 G,"3,49€","0,87€ / G",
Ambientador Máquina Loiça,FINISH,Emb. 1 UNID.,"3,24€","3,24€ / UNID.",
Pescada Posta,,1 Unid. = 0.12 KG (aprox.),"9,49€/kg","1,14€ / Unid.",
Fralda Cueca T4 8/15 Kg,MOTS D'ENFANTS,Emb. 22 UNID.,"3,99€","0,18€ / UNID.",
COMEDOURO DUPLO GRANDE,ECO+,Emb. 1 UNID.,"1,40€","1,40€ / UNID.",
Ice Tea Double Maracujá e Manga,LIPTON,Garrafa 2 LT,"2,49€","1,25€ / LT",
GEL FIX EXTREME VITANOVE 250ML,VITANOVE,Emb. 0.25 LT,"1,69€","6,76€ / LT",
CHAMPO CABELOS GRISALHOS OU BRANCOS,NATEIS,Emb. 0.25 LT,"1,99€","7,96€ / LT",
Leite com Chocolate UHT 4x200 ml,GRESSO,Emb. 0.8 LT,"1,39€","1,74€ / LT",
Verniz de Unhas 60 Segundos 500,RIMMEL,Emb. 1 UNID.,"5,49€","5,49€ / UNID.",
Amaciador Roupa Concentrado Intense Care Protect,COMFORT,Emb. 60 DOSES,"3,99€","0,07€ / DOSES",
Massa Cotovelinhos,ECO+,Emb. 1 KG,"1,29€","1,29€ / KG",
LIMPA VIDROS C/ PISTOLA,CLAIR,Emb. 0.75 LT,"0,79€","1,05€ / LT",
Água sem Gás,FASTIO,Garrafa 6 LT,"1,85€","0,31€ / LT",
Vinho Rosé,ECO+,Garrafão 5 LT,"5,69€","1,14€ / LT",
"SMICY TUB - SORTIDO GELADOS DE AGUA SABOR LIMAO, LARANJA, MORANGO E COLA",SMICY,Emb. 8 UNID.,"3,59€","0,45€ / UNID.",
Infusão SOS Garganta,LIPTON,Emb. 20 SAQS,"1,29€","0,06€ / SAQS",
Escova de Dentes Criança Unicórnio Luminoso,PETIT DENTAMYL,Emb. 1 UNID.,"2,49€","2,49€ / UNID.",
OVOS FRESCOS L/M/S BIO,,Emb. 6 UNID.,"2,29€","0,38€ / UNID.",
Alimento Seco P/ Gato C/ Carne de Vaca,PURINA,Emb. 3 KG,"22,99€","7,66€ / KG",
Area Absorvente Optimale,TOUS MES AMIS,Emb. 5 LT,"5,99€","1,20€ / LT",
Cereais de Milho S/ Glúten C/ Chocolate Corn Flakes,NESTLÉ,Emb. 0.375 KG,"2,24€","5,97€ / KG",
XAU LIMPA MAQ EXPRESS,XAU,Emb. 0.25 LT,"4,99€","19,96€ / LT",
CREME DE MAOS REPARADOR 100ML,INELL,Emb. 0.1 LT,"1,30€","13,00€ / LT",
OIKOS MANGA-PAPAIA,OIKOS,Emb. 0.44 KG,"2,39€","5,43€ / KG",
Feijoada Transmontana,NOBRE,Lata 0.42 KG,"1,76€","4,19€ / KG",
Cerveja sem Álcool 6x33cl,SUPER BOCK,Emb. 1.98 LT,"4,49€","2,27€ / LT",
Conserva de Sardinha sem Pele sem Espinha,RAMIREZ,Emb. 0.1 KG,"1,39€","13,90€ / KG",
2 Lombos de Salmão,,Emb. 0.25 KG,"9,99€","39,96€ / KG",
Detergente Máquina Roupa Líquido Lãs e Sedas,WOOLITE,Emb. 25 DOSES,"3,49€","0,14€ / DOSES",
CAPA PLASTICA C/ELASTICO A4 3UN,ESQUISSE,Emb. 3 UNID.,"2,99€","1,00€ / UNID.",
Pão Especial Multicereais,EPI D'OR,Emb. 0.5 KG,"1,39€","2,78€ / KG",
Escova de Bambu Suave,COLGATE,Emb. 1 UNID.,"2,99€","2,99€ / UNID.",
Massa Tagliatelle,TURINI,Emb. 0.5 KG,"1,29€","2,58€ / KG",
AMACIADOR CONCENTRADO SPA 72 DOSES,HYPERDOU,Emb. 2 LT,"1,75€","0,88€ / LT",
Almôndegas de Carne de Bovino Picada Ultracongelado,ECO+,Emb. 0.9 KG,"8,99€","9,99€ / KG",
Tenaz Russa 225 Mm,FOXTER,Emb. 1 UNID.,"4,99€","4,99€ / UNID.",
Pacotinho de Frutas Maçã Cenoura e Manga S/ Glúten +6 meses,NESTLÉ BEBÉ,Emb. 0.09 KG,"0,99€","11,00€ / KG",
Loção Corporal Derma Spa Summer Revived,DOVE,Emb. 0.2 LT,"3,99€","19,95€ / LT",
Leite Bem Essencial UHT Gordo,MIMOSA,Emb. 1 LT,"1,14€","1,14€ / LT",
Patê de Sardinha e Cavala,PÊCHE OCÉAN,Emb. 0.088 KG,"1,19€","13,52€ / KG",
BOLACHAS VITALDAY CROCANTES ORIGINAIS 265G,GULLÓN,Emb. 0.265 KG,"2,25€","8,49€ / KG",
Misto de Patés 4x22g,PÊCHE OCÉAN,Emb. 0.088 KG,"1,19€","13,52€ / KG",
Pizza Royal Ultracongelado,VOLPONE,Emb. 0.44 KG,"3,29€","7,48€ / KG",
Pizza de Fiambre Queijo,CAMPOFRIO,Emb. 0.36 KG,"3,39€","9,42€ / KG",
Laca Fixação Forte 2,VITANOVE,Spray 0.075 LT,"1,05€","14,00€ / LT",
SECADOR CABELO 2000W,ELSAY,Emb. 1 UNID.,"12,90€","12,90€ / UNID.",
Chá Menta,TETLEY,Emb. 10 SAQ.,"0,86€","0,09€ / SAQ.",
Detergente Máquina Roupa Cápsulas Regular,A+,Emb. 38 DOSES,"8,48€","0,22€ / DOSES",
Gel Casa de Banho Limpeza Brilhante,CIF,Emb. 0.75 LT,"1,39€","1,85€ / LT",
GUACAMOLE M.REPERE,TABLES DU MONDE,Emb. 0.3,"1,99€","6,63€ /",
Tablete de Chocolate de Leite para Culinária,TABLETTE D'OR,Emb. 0.17 KG,"1,45€","8,53€ / KG",
PERSIL UNIVERSAL GEL,PERSIL,Emb. 50 DOSES,"9,99€","0,20€ / DOSES",
Papa Infantil P/ Preparar C/ Leite,CERELAC,Emb. 0.25 KG,"1,49€","5,96€ / KG",
Atum em Tomate Biológico,BOM PETISCO,Emb. 0.12 KG,"1,67€","13,92€ / KG",
Cillit Bang Casa de Banho 500ML x12,CILLIT BANG,Emb. 0.5 LT,"2,24€","4,48€ / LT",
Vinho Regional Douro Tinto,PORCA DE MURÇA,Garrafa 0.75 LT,"4,69€","6,25€ / LT",
Tartelettes Cobertas Pessêgo,ECO+,Emb. 0.2 KG,"0,79€","3,95€ / KG",
Chouriço da Beira Baixa,SNR,Emb. 0.2 KG,"2,40€","12,00€ / KG",
Creme de Mãos Óleo de Côco,DOVE,Emb. 0.075 LT,"2,59€","34,53€ / LT",
Iogurte Bifidus Aveia e Nozes 4 Unid.,DANONE,Emb. 0.48 KG,"2,19€","4,56€ / KG",
Queijo de Barrar Alho Ervas Finas 9x20g,LES CROISÉS,Emb. 0.18 KG,"1,29€","7,17€ / KG",
Alimento Húmido para Cão Patê Aves,ECO+,Emb. 0.3 KG,"0,55€","1,83€ / KG",
Vinho Branco Frisante,MONTARRO,Garrafa 0.75 LT,"1,79€","2,39€ / LT",
Conserva de Feijão Frade Cozido,NOTRE JARDIN,Lata 0.85 KG,"0,99€","1,16€ / KG",
Bebida Isotónica Citrus,POWERADE,Emb. 0.05 LT,"1,35€","27,00€ / LT",
PATE DE COELHO C/ MOSTARDA,CÔTÉ TABLE,Emb. 0.18 KG,"1,59€","8,83€ / KG",
Naco de Bacon Extra,PRIMOR,Emb. 0.2 KG,"3,29€","16,45€ / KG",
ATUM EM OLEO GIRASSOL REDONDO,PÊCHE OCÉAN,Emb. 0.085 KG,"0,69€","8,12€ / KG",
Néctar Clássico 100% Laranja,COMPAL,Emb. 1 LT,"1,59€","1,59€ / LT",
Xau Limpa Máquinas Limão 2Packx12,XAU,,"6,99€",/ Unid.,
Vinho Regional Alentejo Tinto,ENCOSTA DAS PERDIZES,Garrafa 0.75 LT,"2,29€","3,05€ / LT",
Polvilho Doce Brasil,GLOBO,Emb. 0.5 KG,"1,88€","3,76€ / KG",
SACO CONGELACAO MEDIO 22X35,ELEMBAL,Emb. 50 UNID.,"1,19€","0,02€ / UNID.",
Johnson's Baby Óleo de Aloe Vera,JOHNSON'S BABY,Emb. 0.5 LT,"5,55€","11,10€ / LT",
Caldo de Peixe,KNORR,Emb. 8 CUBOS,"1,39€","0,17€ / CUBOS",
Vinho Branco JP,BACALHÔA,Garrafa 0.75 LT,"2,19€","2,92€ / LT",
Creme Limpeza Lixívia e Micro-Cristais,CIF,Emb. 0.7 LT,"2,49€","3,56€ / LT",
Pensos Diários Salva Slip Normal,EVAX,Emb. 50 UNID.,"3,46€","0,07€ / UNID.",
BLOCO SANITARIO ACTIV EFFECT MARINHO 3UN,SYPHON,Emb. 3 UNID.,"1,29€","0,43€ / UNID.",
Cera Depilatória a base de Açúcar,VEET,Emb. 0.025 LT,"5,94€","237,60€ / LT",
Cerveja com Álcool Mini 30x25cl,SAGRES,Emb. 7.5 LT,"12,69€","1,69€ / LT",
Escova a Pilhas Motion Kids Minion Bateria,COLGATE,Emb. 1 UNID.,"9,49€","9,49€ / UNID.",
Body Milk Nutritivo Pele Seca,NIVEA,Emb. 0.4 LT,"4,99€","12,48€ / LT",
Champô Anti-Caspa Men Limpeza Profunda,LINIC,Emb. 0.36 LT,"4,94€","13,72€ / LT",
Chá Exotic Passion,LIPTON,Emb. 20 SAQS,"1,84€","0,09€ / SAQS",
Cápsulas Café Espresso Intensidade 5,DOLCE GUSTO,Emb. 16 CAPS.,"5,95€","0,37€ / CAPS.",
Chá de Lúcia-Lima,LIPTON,Emb. 20 SAQ.,"1,19€","0,06€ / SAQ.",
Chupa Single,CHUPA CHUPS,Emb. 0.012 KG,"0,35€","29,17€ / KG",
Conjunto de 9 Chaves Torx,FOXTER,Emb. 9 UNID.,"6,49€","0,72€ / UNID.",
SPRAY LIMPEZA OPTICAS,CLAIR,Emb. 0.02 LT,"1,99€","99,50€ / LT",
Preservativo Ultrafeel,CONTROL,Emb. 10 UNID.,"6,99€","0,70€ / UNID.",
Alimento P/ Cão de Boi C/ Mandioca S/ Glúten,BEYOND,Emb. 1.2 KG,"7,98€","6,65€ / KG",
Doce de Morango Baixo Teor de Açúcar,DOUCEUR DU VERGER,Frasco 0.34 KG,"1,25€","3,68€ / KG",
PAPEL HIGIENICO 2F COMPACTO 4=12 ECO,UNÍ VERT,,"2,99€",/ Unid.,
Detergente para a Maquina da Roupa Active Fresh,SKIP,Emb. 1.458 KG,"14,99€","10,28€ / KG",
Alimento Seco P/ Cão Frango,FRISKIES,Emb. 1.5 KG,"4,84€","3,23€ / KG",
Rebuçados Sabor Limão,HALLS,Emb. 0.032 KG,"0,78€","24,38€ / KG",
"Gel de Banho Rosto, Corpo e Cabelo 3 em 1 Pure Game",ADIDAS,Emb. 0.4 LT,"2,49€","6,23€ / LT",
Gel Barbear Protect e Care,NIVEA MEN,Emb. 0.2 LT,"4,39€","21,95€ / LT",
Cereais Choco Flakes,CUÉTARA,Emb. 0.5 KG,"2,99€","5,98€ / KG",
Noz Moscada C/ Moinho,MARGÃO,Emb. 0.03 KG,"4,99€","166,33€ / KG",
GRAO DE BICO SACO,NOTRE JARDIN,Emb. 1 KG,"1,89€","1,89€ / KG",
Iogurte Líquido Corpos Piña Colada 4x155g,DANONE,Emb. 0.62 KG,"1,69€","2,73€ / KG",
Fraldas Incontinência Máxima G,LINDOR,Emb. 20 UNID.,"13,69€","0,68€ / UNID.",
Dove Silk Glow Gel de Banho,DOVE,Emb. 0.75 LT,"4,19€","5,59€ / LT",
Leite Achocolatado 4x200ml,AGROS,Emb. 0.8 LT,"1,43€","1,79€ / LT",
Iogurte Bifidus Cremoso Cocktail de Frutas 0% 4 Unid.,DANONE,Emb. 0.48 KG,"1,99€","4,15€ / KG",
Queijo Fatiado Light -50% Gordura,TERRA NOSTRA,Emb. 0.2 KG,"2,28€","11,40€ / KG",
Bebida Energética Energy,MONSTER ENERGY,Emb. 0.5 LT,"1,20€","2,40€ / LT",
Azeite Pet,OLIVEIRA DA SERRA,Emb. 0.75 LT,"3,24€","4,32€ / LT",
VELA NUMERO - 7,ARDENCE,Emb. 1 UNID.,"0,89€","0,89€ / UNID.",
Amaciador Roupa Sunfresh,COMFORT,Emb. 4 LT,"4,49€","1,12€ / LT",
Refrigerante C/ Gás Vidro Pack 4,COCA COLA,Emb. 0.08 LT,"2,89€","36,13€ / LT",
Conserva de Salsichas Aves 5 Unid.,IZIDORO,Frasco 0.25 KG,"1,59€","6,36€ / KG",
Saint-Emilion A.O.C. 2015,CHANTET BLANET,Garrafa 0.75 LT,"8,99€","11,99€ / LT",
Sabonete Sólido Manteiga Karite,MANAVA,Emb. 2 UNID.,"1,00€","0,50€ / UNID.",
Sumo Multifrutos 6 Unid.,JAFADEN,Emb. 1200 LT,"1,65€","0,00€ / LT",
Patê de Atum,LA PIARA,Emb. 0.075 KG,"1,23€","16,40€ / KG",
Desodorizante Roll-On Men Dry Fresh,NIVEA MEN,Emb. 0.05 LT,"2,39€","47,80€ / LT",
Conjunto Lápis de Cor,ESQUISSE,,"3,04€",/ Unid.,
Leite Hidratante Peles Sensíveis 500 Ml+250 Ml Grátis,CORINE DE FARME,Emb. 0.75 LT,"4,84€","6,45€ / LT",
GOMAS ACIDAS COLORIDAS TUB\'S,COPAÍNS COPINES,Emb. 0.2 KG,"1,39€","6,95€ / KG",
Farinha P/ Bolos C/ Fermento,NACIONAL,Emb. 1 KG,"1,18€","1,18€ / KG",
Galetes de Milho Biológicas,,Emb. 0.13 KG,"0,99€","7,62€ / KG",
PLACA INDUCAO 1 DISCO,ELSAY,Emb. 1 UNID.,"42,90€","42,90€ / UNID.",
Bebida à Base de Aveia,NAT&VIE,Emb. 1 LT,"1,29€","1,29€ / LT",
Bolachas Wafer de Chocolate,VIEIRA,Emb. 0.125 KG,"1,14€","9,12€ / KG",
Mistura Solúvel Chicoria,ECO+,Emb. 0.2 KG,"1,89€","9,45€ / KG",
Desodorizante Roll On Açaí Waterlily,DOVE,Emb. 0.05 LT,"2,69€","53,80€ / LT",
Cone Morango 6x120ml,SMICY,Emb. 0.438 KG,"2,49€","5,68€ / KG",
Bebida de Soja Fonte de Cálcio,NAT&VIE,Emb. 1 LT,"0,99€","0,99€ / LT",
CESTO + 36 MOLAS,HOMESIDE,Emb. 1 UNID.,"2,90€","2,90€ / UNID.",
MOLHO KEBAB,RUSTICA,Emb. 0.252 KG,"1,35€","5,36€ / KG",
Café Descafeinado Seleção Premium Intensidade 7,NESCAFE GOLD,Emb. 0.1 KG,"5,95€","59,50€ / KG",
Água sem Gás Limão,LUSO FRUTA,Garrafa 1 LT,"1,27€","1,27€ / LT",
MORTADELA MINI,CAMPO FINO,Emb. 0.35 KG,"1,99€","5,69€ / KG",
Ervilhas Extra Finas 3x140G,NOTRE JARDIN,Emb. 0.42 KG,"1,79€","4,26€ / KG",
Recarga Mopa Madeiras,SWIFFER,Emb. 18 UNID.,"3,99€","0,22€ / UNID.",
Bolachas Cobertas de Chocolate de Leite,P'TIT DÉLI,Emb. 0.2 KG,"1,49€","7,45€ / KG",
DETERGENTE LIQUIDO ALOE VERA 40D,EPSIL,Emb. 40 DOSES,"4,35€","0,11€ / DOSES",
Sumo Delight California,SUNNY DELIGHT,Garrafa 1.25 LT,"1,64€","1,31€ / LT",
DETERGENTE EM PO SABAO MARSELHA P/ROUPA 50D,XÉOR,,"5,09€",/ Unid.,
AFTERSHAVE BALSAMO HIDRATANTE 100ML,CARRÉ HOMME,Emb. 0.1 LT,"1,89€","18,90€ / LT",
"Carregador Isqueiro 2,4A Preto",LINKSTER,Emb. 1 UNID.,"7,99€","7,99€ / UNID.",
Café Pastilhas 100% Arabica,ECO+,Emb. 48 PAST.,"3,49€","0,07€ / PAST.",
VELA NUMERADA N 9,,Emb. 1 UNID.,"0,59€","0,59€ / UNID.",
PEITO DE FRANGO FATIAS FINAS,CAMPO FINO,Emb. 0.15 KG,"1,29€","8,60€ / KG",
BLOCO SANITARIO AGUA AZUL 2UN,ECO+,Emb. 2 UNID.,"0,80€","0,40€ / UNID.",
DETERGENTE LIQUIDO CLASSICO 40D,EPSIL,Emb. 40 DOSES,"4,65€","0,12€ / DOSES",
Johnson's Loção para Bebé Rosto e Corpo Cotton Touch,JOHNSON'S BABY,Emb. 0.5 LT,"3,89€","7,78€ / LT",
Paté de Atum,PÊCHE OCÉAN,Emb. 0.065 KG,"0,69€","10,62€ / KG",
Ervilhas Ultracongelado,IGLO,Emb. 1.125 KG,"5,99€","5,32€ / KG",
TORTILHA CHOURICO,TABLES DU MONDE,Emb. 0.5 KG,"3,49€","6,98€ / KG",
TABULEIRO 30*20,ECO+,Emb. 1 UNID.,"3,99€","3,99€ / UNID.",
Água com Gás Limão/Chá Verde 4x25 cl TP,PEDRAS SALGADAS,Emb. 1 LT,"2,39€","2,39€ / LT",
Espumante Doce,COMP DO VINHO,Garrafa 0.75 LT,"3,29€","4,39€ / LT",
Croissant Maxi Creme Sabor a Baunilha,CHIPICAO,Emb. 0.08 KG,"1,24€","15,50€ / KG",
DENTIFRICO E ELIXIR FRESCURA EXTREMA,DENTAMYL,Emb. 0.075 LT,"0,95€","12,67€ / LT",
ESPUMA BARBEAR HIDRATANTE/FRESCO 250ML,CARRÉ HOMME,Emb. 0.25 LT,"1,49€","5,96€ / LT",
Leite Crescimento Júnior 1+,NESTLÉ,Emb. 1 LT,"2,19€","2,19€ / LT",
GELADO CREME BRULEE,ESKISS,Emb. 1 LT,"2,99€","2,99€ / LT",
ARROZ PARA SUSHI,TABLES DU MONDE,Emb. 0.5 KG,"1,19€","2,38€ / KG",
Queijo de Vaca Meio Gordo D.Pedro,D. PEDRO,1 Unid. = 1.5 KG (aprox.),"9,99€/kg","14,99€ / Unid.",
Café Moagem Universal Brasil,DELTA,Emb. 0.22 KG,"3,65€","16,59€ / KG",
MINI COOKIES POCKET,P'TIT DÉLI,Emb. 0.16 KG,"1,95€","12,19€ / KG",
Chá Ervas Noite Tranquila,LIPTON,Emb. 0.03 KG,"1,87€","62,33€ / KG",
Feijão Branco Seco,NOTRE JARDIN,Emb. 1 KG,"1,89€","1,89€ / KG",
Whisky 12 Anos,CHIVAS REGAL,Garrafa 0.7 LT,"30,99€","44,27€ / LT",
SORVETE MULTIFRUTOS TWIST 5UN,SMICY,Emb. 5 UNID.,"2,39€","0,48€ / UNID.",
Gel de Banho Hidratante Baby,BABY DOVE,Emb. 0.2 LT,"1,79€","8,95€ / LT",
DETERGENTE MANUAL LOICA LIMAO,ECO+,Emb. 1 LT,"0,79€","0,79€ / LT",
Carapau Pequeno,,1 Unid. = 0.12 KG (aprox.),"2,99€/kg","0,36€ / Unid.",
Alimento Seco P/ Cachorro + de 10 Kg Frango C/ Arroz,PURINA,Emb. 2.5 KG,"13,30€","5,32€ / KG",
GELADO TRIUM AMENDOIM/CARAMELO COB. CHOCO LEITE 4UN,TRIUM,Emb. 4 UNID.,"2,25€","0,56€ / UNID.",
Perca Posta,,1 Unid. = 0.3 KG (aprox.),"7,99€/kg","2,40€ / Unid.",
Mousse de Chocolate Preto 4x60g,DÉLISSE,Emb. 0.48 LT,"1,25€","2,60€ / LT",
BEBIDA SOJA BAUNILHA,ALPRO,Emb. 1 LT,"1,89€","1,89€ / LT",
Barras Hero Muesly Cereais Linea Choco Branco 6x20g,HERO,Emb. 0.12 KG,"1,79€","14,92€ / KG",
Café Cápsulas Descafe Intensidade 2,PLANTATION,Emb. 16 CAPS.,"2,44€","0,15€ / CAPS.",
Paté Rico Frango e Legumes Bio,PLENIMA,Emb. 0.3 KG,"1,65€","5,50€ / KG",
Tomate da Horta Concentrado,COMPAL,Emb. 0.14 KG,"0,98€","7,00€ / KG",
Achocolatado em Pó,ECO+,Emb. 0.4 KG,"1,49€","3,73€ / KG",
Chocolate de Caramelo e Avelãs,MILKA,Emb. 0.3 KG,"3,95€","13,17€ / KG",
Vinho do Porto Fundador Tawny,COMPANHIA VELHA,Emb. 0.75 LT,"6,35€","8,47€ / LT",
LASANHA SALMAO,CÔTÉ TABLE,Emb. 1 KG,"4,89€","4,89€ / KG",
Sumo Refrigerado Cidreira Tília Camomila Limão,PLENO TISANAS,Garrafa 1.5 LT,"1,49€","0,99€ / LT",
CREPES DOCE OVOS 6UN,TROFIC,Emb. 0.54 KG,"3,69€","6,83€ / KG",
Alimento Seco P/ Gato Salmão,PURINA ONE,Emb. 0.8 KG,"6,65€","8,31€ / KG",
CERA QUENTE DEPILACAO PROFISSIONAL 400G,SLISS,Emb. 0.4 LT,"5,49€","13,73€ / LT",
COOKIES C/PEPITAS 3 CHOCOLATES E BASE CHOCOLATE DE LEITE,P'TIT DÉLI,Emb. 0.2 KG,"1,59€","7,95€ / KG",
Água S/ Gás Mineral Natural,,Garrafa 0.5 LT,"0,20€","0,40€ / LT",
Óleo Cedro Líquido,PRONTO,Emb. 0.25 LT,"3,49€","13,96€ / LT",
Dentífrico Max White One,COLGATE,Emb. 0.075 LT,"3,95€","52,67€ / LT",
Cera Signature,AXE,Emb. 0.075 LT,"3,99€","53,20€ / LT",
ACUCAR AMARELO,TÉVA,1 0,"1,29€",inf€ /,
SNACK RECOMPENSA QUEIJO E BOVINO,TOUS MES AMIS,Emb. 0.14 KG,"1,25€","8,93€ / KG",
Chantilly Light,DÉLISSE,Emb. 0.25 KG,"1,79€","7,16€ / KG",
TIRAS FINISSIMAS BACON EXTRA FUMADO -25% SAL 2X75G,TRADILÈGE,Emb. 2 UNID.,"1,85€","0,93€ / UNID.",
Bolachas Cobertas Chocolate,P'TIT DÉLI,Emb. 0.25 KG,"2,29€","9,16€ / KG",
Fritos Tiras de Milho,MATUTANO,Emb. 0.13 KG,"1,59€","12,23€ / KG",
SKYR NATURAL 450G,DÉLISSE,Emb. 0.45 KG,"1,75€","3,89€ / KG",
Café Expresso Bar Torrado,DELTA,Emb. 1 KG,"11,98€","11,98€ / KG",
Água S/ Gás,ECO+,Garrafa 0.5 LT,"0,16€","0,32€ / LT",
Canela em Pau Especiarias,RUSTICA,Emb. 0.03 KG,"0,75€","25,00€ / KG",
Rissóis de Pescada,,Emb. 8 UNID.,"1,19€","0,15€ / UNID.",
Vinho Regional Douro Tinto,VILA REGIA,Emb. 0.75 LT,"2,98€","3,97€ / LT",
Fraldas Bebé T5 Ultra Confort11/25 Kg,MOTS D'ENFANTS,Emb. 23 UNID.,"4,45€","0,19€ / UNID.",
Detergente Manual Loiça Ultra,FAIRY,Emb. 0.48 LT,"1,95€","4,06€ / LT",
CUBO SABAO DE MARSELHA 300G,UNÍ VERT,,"1,99€",/ Unid.,
Conserva de Milho Doce,NOTRE JARDIN,Lata 0.285 KG,"0,99€","3,47€ / KG",
Caldo de Legumes 8 Cubos,KNORR,Emb. 0.08 KG,"1,49€","18,63€ / KG",
Massa Cotovelinhos Biológica,,Emb. 0.5 KG,"1,19€","2,38€ / KG",
Creme de Barbear Protector,NIVEA MEN,Emb. 0.1 LT,"2,47€","24,70€ / LT",
VASSOURA CRUZ LOTUS,,Emb. 1 UNID.,"2,89€","2,89€ / UNID.",
ELIXIR BOCAL DE MENTA,DENTAMYL,Emb. 0.5 LT,"1,29€","2,58€ / LT",
"BEBIDA SOJA CHOCOLATE, 1L",ALPRO,Emb. 1 LT,"1,89€","1,89€ / LT",
Rissóis de Leitão 6 Unid.,SNR,Emb. 0.275 KG,"3,99€","14,51€ / KG",
Cereais de Aveia Integral C/ Chocolate Preto,FITNESS,Emb. 0.375 KG,"2,99€","7,97€ / KG",
Crepes de Chocolate com Cereais Crocantes,P'TIT DÉLI,Emb. 0.256 KG,"1,99€","7,77€ / KG",
Gelado Limão Merengue,ESKISS,Emb. 1 LT,"2,99€","2,99€ / LT",
Sumo Maçã,JAFADEN,Emb. 1.2 LT,"1,49€","1,24€ / LT",
Rebentos Feijão Mungo,BONDUELLE,Emb. 0.6 KG,"2,98€","4,97€ / KG",
OIKOS NATURAL 110G X4,OIKOS,Emb. 0.44 KG,"2,39€","5,43€ / KG",
CREME ANTI-RUGAS BIO 50ML,BIONAÏA,Emb. 0.05 LT,"4,67€","93,40€ / LT",
Sumo 100% Multifrutis Biológico 6 Unid.,,Emb. 0.12 LT,"2,99€","24,92€ / LT",
DETERGENTE LIQUIDO FRESCURA ATIVOS VEGETAIS 50D,XÉOR,,"4,99€",/ Unid.,
TABLETE CHOCOLATE NEGRO 85% 100G,CEMOI,Emb. 0.1 KG,"0,99€","9,90€ / KG",
Bolachas Recheadas Chocolate,ECO+,Emb. 0.5 KG,"1,39€","2,78€ / KG",
Tablete Chocolate Culinária,NESTLÉ,Emb. 0.2 KG,"1,79€","8,95€ / KG",
Fermento de Padeiro,VAHINÉ,Emb. 0.018 KG,"1,89€","105,00€ / KG",
Milho Doce 3X85g,BONDUELLE,Emb. 0.255 KG,"1,59€","6,24€ / KG",
LEITE CREME 4X23G TABLIER BLANC,TABLIER BLANC,Emb. 0.092 KG,"0,49€","5,33€ / KG",
Lip Therapy Original,VASELINE,Emb. 0.017 KG,"2,96€","174,12€ / KG",
PILHAS ALCALINAS LR03,FOXTER,Emb. 8 UNID.,"3,59€","0,45€ / UNID.",
Bolachas Maria sem Glúten,GULLÓN,Emb. 0.4 KG,"3,69€","9,23€ / KG",
Detergente para a Maquina da Roupa Active Clean,SKIP,Emb. 1.458 LT,"14,99€","10,28€ / LT",
Proteção de Dentes e Gengivas Menta,LISTERINE,Emb. 0.25 LT,"3,95€","15,80€ / LT",
Pão de Forma com Códea Receita Económica,PANRICO,Emb. 0.475 KG,"1,59€","3,35€ / KG",
Conserva de Azeitona Verde Inteira,RUSTICA,Frasco 0.36 KG,"1,19€","3,31€ / KG",
Massa Cotovelinho Clássica,NACIONAL,Emb. 0.5 KG,"1,49€","2,98€ / KG",
Aparas de Madeira Perfumadas Limão Roedores,TOUS MES AMIS,Emb. 15 LT,"2,49€","0,17€ / LT",
Queijo Mini Babybel,BABYBEL,Emb. 0.12 KG,"1,94€","16,17€ / KG",
Pinça P/ Depilação Prateada,,Emb. 1 UNID.,"2,19€","2,19€ / UNID.",
Açúcar Mascavado,TÉVA,Emb. 0.75 KG,"1,69€","2,25€ / KG",
Creme Soft Hidratante Intensivo,NIVEA,Emb. 0.2 LT,"5,69€","28,45€ / LT",
Leite Bem Especial Crescimento 1 a 3 anos,MIMOSA,Emb. 1 LT,"1,79€","1,79€ / LT",
PALETTE 9.7 LOURO ACOBREADO,PALETTE,Emb. 1 UNID.,"4,79€","4,79€ / UNID.",
Pastis de Marseille,VIVALIS,Garrafa 0.7 LT,"10,49€","14,99€ / LT",
Vinho do Porto Ruby,FERREIRA,Garrafa 0.75 LT,"6,19€","8,25€ / LT",
Café Cápsulas Vellutato Intensidade 9,PLANTATION,Emb. 10 CAPS.,"1,78€","0,18€ / CAPS.",
Barras de Cereais Light Muesly Chocolate 6x20g,HERO,Emb. 0.12 KG,"1,79€","14,92€ / KG",
Rolo de Cozinha Extra XXL,RENOVA,Emb. 1 ROLO,"1,15€","1,15€ / ROLO",
Mousse de Chocolate Preto e de Leite 8X60g,DÉLISSE,Emb. 0.96 LT,"2,19€","2,28€ / LT",
Café Cápsulas XL Qalidus Intensidade 10,DELTA Q,Emb. 40 CAPS.,"12,99€","0,32€ / CAPS.",
Wafers com Cobertura Chocolate de Leite,P'TIT DÉLI,Emb. 0.175 KG,"1,69€","9,66€ / KG",
QUEIJO FLAMENGO FATIADO LIGHT,QUEIJO NA TÁBUA,Emb. 0.2 KG,"1,89€","9,45€ / KG",
Anti-Transferência de Cor Ultra Toalhitas,VANISH,Emb. 10 UNID.,"3,49€","0,35€ / UNID.",
Gel de Banho Naturals Amêndoa e Leite,PALMOLIVE,Emb. 0.5 LT,"2,69€","5,38€ / LT",
MANGA PEDACOS 650G,DOUCEUR DU VERGER,Emb. 0.65 KG,"3,99€","6,14€ / KG",
Bacalhau em Azeite Virgem Extra e Alho,BOM PETISCO,Emb. 0.12 KG,"2,99€","24,92€ / KG",
Gelatina Alimentar em Folha,TABLIER BLANC,Emb. 9 UNID.,"0,84€","0,09€ / UNID.",
Asia Pot Noodles de Pato,KNORR,Emb. 0.061 KG,"1,79€","29,34€ / KG",
Difusor e Recarga Elétrica Lavanda e Camomila,AIR WICK,Emb. 0.019 LT,"5,39€","283,68€ / LT",
Stick P/ Gato Salmão 3X5G,LYCAT,Emb. 3 UNID.,"0,49€","0,16€ / UNID.",
Alimento Húmido P/ Gato Carne de Vaca e Tomate,GOURMET GOLD,Emb. 0.085 KG,"0,75€","8,82€ / KG",
Champô SOS,AUSSIE,Emb. 0.29 LT,"5,99€","20,66€ / LT",
"GEL DUCHE ""BAMBU/TORANJA"" CONCENTRADO",NATEIS,,"1,85€",/ Unid.,
Salsichas Peru Forno Lenha,IZIDORO,Emb. 5 UNID.,"2,49€","0,50€ / UNID.",
Conserva de Salsichas Extra Suculentas Aves 7 Unid.,NOBRE,Frasco 0.35 KG,"1,68€","4,80€ / KG",
Condicionador Reparador Flex,REVLON,Emb. 0.65 LT,"3,99€","6,14€ / LT",
Queijo Pasta Dura Cozida,LES CROISÉS,Emb. 0.2 KG,"3,39€","16,95€ / KG",
MARISCADA,ECO+,Emb. 0.7 KG,"5,49€","7,84€ / KG",
Saco Cubos Gelos,ELEMBAL,Emb. 15 UNID.,"0,69€","0,05€ / UNID.",
Amaciador Cabelos Total Repair,ELVIVE,Emb. 0.2 LT,"3,95€","19,75€ / LT",
Cevada Solúvel sem Café,DELTA,Frasco 0.2 KG,"1,74€","8,70€ / KG",
Preparado Sopa de Cozido,KNORR,Emb. 0.069 KG,"1,49€","21,59€ / KG",
ALIMENT BEBE: PURE ERVILHAS BIO +4M  2X120G,BIO VILLAGE BEBE,Emb. 0.24 KG,"1,45€","6,04€ / KG",
PILHA ALCALINA 6LR61,FOXTER,Emb. 1 UNID.,"3,29€","3,29€ / UNID.",
Desodorizante Roll-On Invisible Care,DOVE,Emb. 0.05 LT,"2,69€","53,80€ / LT",
Vinho Regional Douro Tinto,ADEGA DE VILA REAL,Garrafa 0.75 LT,"2,66€","3,55€ / LT",
Toalhitas Limpa Vidros,CLAIR,Emb. 20 UNID.,"0,89€","0,04€ / UNID.",
Amaciador de Roupa Rosa,,Emb. 4 LT,"1,99€","0,50€ / LT",
Líquido Sanitário Lixívia Perfumada,NEOBLANC,Emb. 0.7 LT,"2,09€","2,99€ / LT",
Sumo 100% Ananás,JAFADEN,Emb. 1 LT,"1,69€","1,69€ / LT",
SORTIDO GOMAS BRILHO,COPAÍNS COPINES,Emb. 0.6 KG,"2,99€","4,98€ / KG",
Azeite Virgem Extra Grande Escolha,GALLO,Emb. 0.5 LT,"4,99€","9,98€ / LT",
KETCHUP TOP DOWN,RUSTICA,Emb. 0.56 KG,"1,09€","1,95€ / KG",
MINI GELADOS BAUNILHA COBERTOS C/SORVETE F.VERMELHOS/F.EXOTICOS,TRIUM,Emb. 8 UNID.,"2,29€","0,29€ / UNID.",
Snacks Húmidos P/ Gato Adulto 2 de Frango e 2 de Vaca,PURINA,Emb. 0.34 KG,"3,49€","10,26€ / KG",
Lichias em Calda,GLOBO,Emb. 0.565 KG,"2,39€","4,23€ / KG",
TRINCA DE ARROZ,LYDOG,Emb. 5 KG,"3,39€","0,68€ / KG",
CAPS CAFE COMP C/ DQ XL MAXIMO - INT10,PLANTATION,40 UNID.,"6,49€","0,16€ / UNID.",
Guardanapos 2 Folhas Tipo Tecido,MARQUE REPERE,Emb. 40 UNID.,"1,49€","0,04€ / UNID.",
FIAMBRE PA EXTRA PARIS 4 FATIAS -25% SAL,TRADILÈGE,Emb. 0.14 KG,"1,99€","14,21€ / KG",
Iogurte Líquido Morango 4x155g,CORPOS DANONE,Emb. 0.62 KG,"1,69€","2,73€ / KG",
Alimento Húmido para Gato Patê Aves,ECO+,Emb. 0.1 KG,"0,27€","2,70€ / KG",
Sacos Cozedura no Forno Elembal,ELEMBAL,Emb. 5 UNID.,"1,09€","0,22€ / UNID.",
VILEDA SACOS P/CUBO DE GELO 10UN,VILEDA,Emb. 10 UNID.,"1,59€","0,16€ / UNID.",
Salva Camas 60x75CM,LINDOR,Emb. 15 UNID.,"7,09€","0,47€ / UNID.",
Sticks Dentários,PLENIMA,Emb. 0.18 G,"1,79€","9,94€ / G",
"""QUENELLES"" DE VITELA C/ MOLHO ""FINANCIERE""",CÔTÉ TABLE,Emb. 0.4 KG,"1,49€","3,73€ / KG",
SACOS LIXO C/ ATILHO 30L,ELEMBAL,Emb. 25 UNID.,"1,19€","0,05€ / UNID.",
Bolachas Cobertas com Chocolate de Leite,OREO,Emb. 0.246 KG,"2,76€","11,22€ / KG",
SNACKS PREMIUM PEIXE 50G LYCAT,LYCAT,Emb. 0.05 KG,"1,17€","23,40€ / KG",
Pão de Especiarias com Mel Biológico,,Emb. 0.3 KG,"1,99€","6,63€ / KG",
Recarga Sabonete Líquido Lavanda,MANAVA,Emb. 0.25 LT,"0,65€","2,60€ / LT",
Vinho Rosé Frutado,SALVE,Garrafa 0.75 LT,"1,29€","1,72€ / LT",
Barrinhas de Pescada Panada Temperada com Limão s/ Glúten,PESCANOVA,Emb. 0.3 KG,"2,99€","9,97€ / KG",
Bolachas Tosta Rica Oceanix,CUÉTARA,Emb. 0.16 KG,"1,99€","12,44€ / KG",
Paté Cabeça de Porco C/ Salsa.,TRADILÈGE,Emb. 0.18 KG,"2,29€","12,72€ / KG",
Gelado Romântica Original,CARTE D'OR,Emb. 0.75 LT,"4,84€","6,45€ / LT",
Salsichão Seco Porco,ECO+,Emb. 0.25 KG,"2,49€","9,96€ / KG",
Refrigerante C/ Gás Zero Açúcar Pack 4,COCA COLA,Emb. 4 LT,"4,55€","1,14€ / LT",
Bolachinhas P/ Bebé +6 meses,NESTLÉ,Emb. 0.18 KG,"2,49€","13,83€ / KG",
TERRA UNIVERSAL,ECO+,Emb. 40 LT,"3,29€","0,08€ / LT",
OSSOS P/ MASTIGAR RECHEADOS C/ VACA P/ CAO 2UN,TOUS MES AMIS,Emb. 2 UNID.,"1,36€","0,68€ / UNID.",
Cinta C/ Fivela 5Metros,ECO+,Emb. 2 UNID.,"2,50€","1,25€ / UNID.",
Margarina Óleo Girassol 1/2 Sal,NAT&VIE,Emb. 0.5 KG,"1,99€","3,98€ / KG",
ALIMENTO HUMIDO ALMONDEGAS AVE P/ GATO,ECO+,Emb. 0.82 KG,"1,29€","1,57€ / KG",
COLORAÇÃO PERMANENTE CASTANHO VIOLINO 4.6,BELLADY,Emb. 1 UNID.,"9,89€","9,89€ / UNID.",
Pimenta Preta Grãos,RUSTICA,Frasco 0.04 KG,"1,50€","37,50€ / KG",
"BL1 LED CAPS G9 2,8-25W",FOXTER,Emb. 1 UNID.,"3,99€","3,99€ / UNID.",
Vinho Tinto do Douro Reserva,ALTANO,Emb. 0.75 LT,"9,99€","13,32€ / LT",
Refrigerante com Gás Ginger Ale,SCHWEPPES,Garrafa 1 LT,"1,94€","1,94€ / LT",
Deo Spray Invisible para Homem,SANEX,Emb. 0.2 LT,"2,39€","11,95€ / LT",
VARINHA MAGICA 600W C/ACESSORIOS,ELSAY,Emb. 1 UNID.,"29,90€","29,90€ / UNID.",
CHOCOLATE PRETO C/ PEPITAS DE CARAMELO E FLOR DE SAL,EQUADOR,Emb. 0.1 KG,"1,19€","11,90€ / KG",
Johnson\'s Loção para Crianças Bons Sonhos,JOHNSON'S BABY,Emb. 0.5 LT,"3,89€","7,78€ / LT",
Camarão Selvagem Argentina Cal. 20/30 Congelado,,1 Unid. = 0.1 KG (aprox.),"12,99€/kg","1,30€ / Unid.",
Alimento Húmido P/ Gato Gold Mousse C/ Frango,GOURMET,Emb. 0.085 KG,"0,75€","8,82€ / KG",
"BL1 LED FRIGO 1,7W-15W E14",FOXTER,Emb. 1 UNID.,"3,99€","3,99€ / UNID.",
Ice Tea Limão 2x2lt,LIPTON,Emb. 4 LT,"4,99€","1,25€ / LT",
Bolachas Crocantes sem Glúten 2x125g,CHAQUE JOUR SANS GLUTEN,Emb. 0.25 KG,"2,99€","11,96€ / KG",
CAPA PLASTICA COLORIDA C/ LOMBADA,ESQUISSE,Emb. 1 UNID.,"2,99€","2,99€ / UNID.",
ARROZ CANTONES PRE COZIDO EXPRESS,COMPTOÍR DU GRAIN,Emb. 0.25 KG,"1,09€","4,36€ / KG",
Xarope de Limão,FRUCCI,Garrafa 0.75 LT,"3,89€","5,19€ / LT",
Bolachas de Trigo e Sementes de Sésamo,NAT&VIE,Emb. 0.2 KG,"1,69€","8,45€ / KG",
Pantene Creme de Pentear Sem Enxaguar Cabelo ondulado 270ml,PANTENE PV,Emb. 0.27 LT,"4,49€","16,63€ / LT",
BLOCO SANITARIO ANTI-TARTARO PINHO 3UN,ECO+,Emb. 3 UNID.,"0,99€","0,33€ / UNID.",
Pá Mão,BEAUX JOURS,Emb. 1 UNID.,"2,99€","2,99€ / UNID.",
Café Moagem Universal Timor,DELTA,Emb. 0.22 KG,"3,59€","16,32€ / KG",
Alimento P/ Gato Adulto de Salmão,PURINA,Emb. 3 KG,"22,99€","7,66€ / KG",
PENSOS INCONTINENCIA U. FINOS NORMAL POCKET,CHORYS,Emb. 16 UNID.,"1,99€","0,12€ / UNID.",
SNACKS PREMIUM CARNE 50G LYCAT,LYCAT,Emb. 0.05 KG,"1,29€","25,80€ / KG",
Batatas Fritas Light,LAY'S,Emb. 0.14 KG,"1,85€","13,21€ / KG",
ARROZ REDONDO ESPECIAL RISOTTO,COMPTOÍR DU GRAIN,Emb. 0.5 KG,"0,99€","1,98€ / KG",
MOLHO PIMENTA,RUSTICA,Emb. 0.3 LT,"1,39€","4,63€ / LT",
Sopa Rabo de Boi 4 Porções,KNORR,Emb. 0.071 KG,"1,49€","20,99€ / KG",
Cerveja com Álcool 15x20cl,SUPER BOCK,Emb. 3 LT,"6,59€","2,20€ / LT",
Pães de Leite 10Unid.,ECO+,Emb. 0.4 KG,"1,45€","3,63€ / KG",
Bolachas Maria Oro,CUÉTARA,Emb. 0.2 KG,"0,99€","4,95€ / KG",
Tomato Frito,HEINZ,Emb. 0.35 KG,"1,19€","3,40€ / KG",
SYOSS OLEO INT. 4-18 CAST.PRALI,SYOSS,,"6,24€",/ Unid.,
Filetes Primavera Alecrim & Sal Marinho,IGLO,Emb. 0.225 KG,"3,99€","17,73€ / KG",
Ancinho Mão,BEAUX JOURS,Emb. 1 UNID.,"3,49€","3,49€ / UNID.",
Favas Ultracongelados,IGLO,Emb. 0.7 KG,"3,99€","5,70€ / KG",
IOGURTE LIQUIDO SABOR A MORANGO 8H FORA FRIGORIFICO,DÉLISSE,Emb. 0.8 KG,"1,99€","2,49€ / KG",
IOGURTE BIFIDUS COCO,DÉLISSE,Emb. 0.5 KG,"0,99€","1,98€ / KG",
Champô Cabelo Garnier Cereja e Amêndoa,ULTRA SUAVE,Emb. 0.25 LT,"3,55€","14,20€ / LT",
SACO CONGELACAO PEQUENO,ELEMBAL,Emb. 50 UNID.,"0,79€","0,02€ / UNID.",
Vinho D'Alsace Pinot Gris A.O.C. 2014,REBMANN,Garrafa 0.75 LT,"5,99€","7,99€ / LT",
Tampões com Aplicador Pearl Super,TAMPAX,Emb. 24 UNID.,"4,94€","0,21€ / UNID.",
VINHO DÃO CASA DE SANTAR RESERVA TINTO 75,CASA DE SANTAR,,"14,89€",/ Unid.,
"GEL DUCHE ""CACTO/BANANA"" CONCENTRADO",NATEIS,,"1,85€",/ Unid.,
Filetes de Atum ao Natural,PÊCHE OCÉAN,Emb. 0.19 KG,"3,59€","18,89€ / KG",
Moinho Pimenta Preta,MARGÃO,Emb. 0.035 KG,"3,99€","114,00€ / KG",
ALIMENTO PARA ROLAS,ECO+,Emb. 1 UNID.,"1,25€","1,25€ / UNID.",
Manteiga Magra sem Sal,LES CROISÉS,Emb. 0.25 KG,"1,79€","7,16€ / KG",
Vinho de Mesa Tinto,ECO+,Emb. 2 LT,"2,69€","1,35€ / LT",
Destop Manutenção de Canalizações Perfumado,DESTOP,Emb. 0.75,"5,99€","7,99€ /",
Pantene Frizz Control & Luminosidade Champô 250 ml,PANTENE PV,Emb. 0.25 LT,"3,74€","14,96€ / LT",
Gelatina Ananás Light 4 Unid.,ROYAL,Emb. 0.4 KG,"2,19€","5,48€ / KG",
Alimento Completo Mistura para Caturras,INTERNUTRI,Emb. 1 KG,"1,59€","1,59€ / KG",
BARQUETTES MORANGO BIO,,Emb. 0.12 KG,"1,79€","14,92€ / KG",
DANACOL LÍQUIDO COLESTEROL NOZ,DANACOL,Emb. 6 UNID.,"2,99€","0,50€ / UNID.",
Café Torrado Puro Arabica Moído,,Emb. 0.5 KG,"3,99€","7,98€ / KG",
EXFOLIANTE FACIAL TODO TIPO PELE 75ML,BIONAÏA,Emb. 0.075 LT,"2,49€","33,20€ / LT",
DOSSIER A4,ECO+,Emb. 1 UNID.,"2,00€","2,00€ / UNID.",
Recargas Elétricas para Ambientador,AIR WICK,Emb. 0.019 LT,"10,64€","560,00€ / LT",
VINAGRE CRISTAL BRANCO 0.75L,CRISTAL,,"1,29€",/ Unid.,
Feijão Frade Seco,NOTRE JARDIN,Emb. 0.5 KG,"0,99€","1,98€ / KG",
SALSICHA CHURRASCO ERVAS AROMATICAS,CAMPO FINO,Emb. 0.2 KG,"1,89€","9,45€ / KG",
Abrilhantador Loiça 0%,FINISH,Emb. 0.4 LT,"5,19€","12,98€ / LT",
Bolacha Energy Chiqui Chocs,ARTIACH,Emb. 0.14 KG,"1,99€","14,21€ / KG",
Creme Limpeza Original Multiusos,CIF,Emb. 0.7 LT,"2,49€","3,56€ / LT",
BL2 LED SPOT 3-35W GU10,FOXTER,Emb. 2 UNID.,"6,99€","3,50€ / UNID.",
Desodorizante Roll-On Invisible 48H,REXONA,Emb. 0.05 LT,"2,39€","47,80€ / LT",
Sticks Dentários Cão Pequeno 7 Unid.,PLENIMA,Emb. 0.11 KG,"1,09€","9,91€ / KG",
Sumo 100% Maçã Bio,,Emb. 1 LT,"1,19€","1,19€ / LT",
"Café Solúvel Cevada, Chicória e Centeio",BRASA,Frasco 0.2 KG,"2,68€","13,40€ / KG",
AGUA PENTEAR SPRAY,VITANOVE,Emb. 0.15 LT,"1,49€","9,93€ / LT",
"CARREGADOR USB 2,4A + CABO USB/USB C 1,2M PRETO",LINKSTER,Emb. 1 UNID.,"10,99€","10,99€ / UNID.",
Preparado Sopa Regular Legumes,KNORR,Emb. 0.063 KG,"1,49€","23,65€ / KG",
Luvas para Uso Doméstico Tamanho L,MAMISON,Emb. 1 UNID.,"0,69€","0,69€ / UNID.",
Iogurte de Banana 4 Unid.,IOGOLINO,Emb. 0.4 KG,"2,79€","6,98€ / KG",
Ketchup Familiar XXL,CALVÉ,Emb. 0.55 KG,"3,55€","6,45€ / KG",
ERVILHAS CONGELADAS,ECO+,Emb. 1 KG,"1,99€","1,99€ / KG",
DETERGENTE LIQUIDO PERFECT PRETO 25D,EPSIL,Emb. 25 DOSES,"1,89€","0,08€ / DOSES",
FRALDA INCONTINENCIA GRANDE,CHORYS,Emb. 20 UNID.,"10,99€","0,55€ / UNID.",
Bolacha 0% Açúcar,CHIQUILÍN,Emb. 0.175 KG,"1,99€","11,37€ / KG",
Refrigerante C/ Gás Cola Zero,JEAN'S,Garrafa 1.5 LT,"0,59€","0,39€ / LT",
Queijo Pointe de Brie,ECO+,Emb. 0.2 KG,"1,39€","6,95€ / KG",
Polpa de Tomate com Cebola e Alho,COMPAL,Frasco 0.5 LT,"1,45€","2,90€ / LT",
Refrigerante C/ Gás Zero Açúcar,COCA COLA ZERO,Emb. 1 LT,"1,60€","1,60€ / LT",
GELADO TRIUM MENTA 4UN,TRIUM,Emb. 4 UNID.,"2,25€","0,56€ / UNID.",
ACETONA,ECO+,Emb. 0.25 LT,"1,09€","4,36€ / LT",
BANDAS DEPILATORIAS CERA FRIA PELE SENSIVEL AXILA/VIRILHA 16UN,SLISS,Emb. 16 UNID.,"1,65€","0,10€ / UNID.",
AZEITONA VERDE S/CAROCO -25% TEOR SAL,RUSTICA,Emb. 0.335 KG,"1,39€","4,15€ / KG",
GELATINA PÊSSEGO LIGHT CONDI 2X15G,CONDI,Emb. 0.3 KG,"1,77€","5,90€ / KG",
Caldo Natura de Galinha Pack 4,KNORR,Emb. 0.112 KG,"1,49€","13,30€ / KG",
Massa Margaridas com Vegetais,MILANEZA,Emb. 0.5 KG,"1,89€","3,78€ / KG",
Whisky J&B Rare,J&B,Garrafa 0.7 LT,"15,39€","21,99€ / LT",
Palmiers com Maçã e Canela 6 Unid.,DU BOIS DE LA ROCHE,Emb. 0.15 KG,"1,39€","9,27€ / KG",
Leite Creme 4x23 g,EL MANDARIN,Emb. 0.092 KG,"0,65€","7,07€ / KG",
MINI SNACKS BOUCH POUL FROM 60,TOUS MES AMIS,Emb. 0.06 KG,"0,98€","16,33€ / KG",
Gelado Clássico Pack 6,CORNETTO,Emb. 0.54 LT,"4,30€","7,96€ / LT",
Gelatina Light Melancia 4 Unid.,ROYAL,Emb. 0.4 KG,"2,19€","5,48€ / KG",
Néctar de Pera Clássico 3 Unid.,JAFADEN,Emb. 0.6 LT,"0,89€","1,48€ / LT",
Leite Bem Essencial UHT Meio Gordo,MIMOSA,Emb. 1 LT,"0,95€","0,95€ / LT",
Sumo de Toranja Rosa,JAFADEN,Emb. 1 LT,"1,39€","1,39€ / LT",
Aveia Instantânea Natural,PROZIS,Emb. 1.25 KG,"349,00€","279,20€ / KG",
Snack Fruut Maçã Verde Intenso S/ Açúcar 60g,,Emb. 0.06 KG,"1,97€","32,83€ / KG",
ESCOVA DE DENTES CRIANCA COM LUZ  +3 ANOS,PETIT DENTAMYL,Emb. 1 UNID.,"2,49€","2,49€ / UNID.",
Caldo de Galinha,KNORR,Emb. 0.084 KG,"1,39€","16,55€ / KG",
Little Bites,BIMBO,Emb. 0.188 KG,"1,99€","10,59€ / KG",
Chocolate de Leite Confetti,MILKA,Emb. 0.1 KG,"1,57€","15,70€ / KG",
Pizza Fresca Queijo e Fiambre,TURINI,Emb. 0.45 KG,"2,49€","5,53€ / KG",
Almôndegas,NOBRE,Emb. 0.42 KG,"2,74€","6,52€ / KG",
DENTIFRICO PROTECAO CARIE,DENTAMYL,Emb. 0.075 LT,"0,99€","13,20€ / LT",
Chouriço Corrente 4x100gr,PRIMOR,Emb. 0.4 KG,"2,34€","5,85€ / KG",
Cola Cyano Líquida,FOXTER,Emb. 0.003 KG,"1,59€","530,00€ / KG",
Caldo Culinário 24 Cubos,CALVÉ,Emb. 0.24 KG,"1,94€","8,08€ / KG",
QUEIJO PARMIGIANO REGGIANO DOP 30MESES,TRADIZIONI D'ITALIA,Emb. 0.2 KG,"5,99€","29,95€ / KG",
Azeite Virgem Extra Seleção Ouro,OLIVEIRA DA SERRA,Garrafa 0.75 LT,"4,89€","6,52€ / LT",
LAMINAS DUPLO SENTIDO 10UN  10UN CARRE HOMME,CARRÉ HOMME,,"0,90€",/ Unid.,
MUESLI CHOCOLATE E AVELA TEOR ACUCAR REDUZIDO,GRAINEA,Emb. 0.35 KG,"2,69€","7,69€ / KG",
Pastilhas de Limpeza para Próteses Dentárias,,Emb. 30 UNID.,"3,99€","0,13€ / UNID.",
Papel Higiénico Decorado,MARQUE REPERE,Emb. 12 UNID.,"3,99€","0,33€ / UNID.",
Azeites Verdes,OLIVEIRA DA SERRA,Garrafa 0.75 LT,"4,26€","5,68€ / LT",
Snack P/ Gato Original Maxi Pack,FELIX,Emb. 0.2 KG,"3,99€","19,95€ / KG",
B&J ND Cookie Dough 465ml,,Emb. 0.465 LT,"6,79€","14,60€ / LT",
Cápsulas Café Ristretto Barista,DOLCE GUSTO,Emb. 30 CAPS.,"10,49€","0,35€ / CAPS.",
Gelado Double Chocolate e Morango,MAGNUM,Emb. 0.264 LT,"4,99€","18,90€ / LT",
FILETES DE PESCADA,ECO+,Emb. 0.8 KG,"5,99€","7,49€ / KG",
BARRA CEREAIS ALPERCE,GRAINEA,Emb. 0.13 KG,"1,49€","11,46€ / KG",
Rissóis de Camarão,,Emb. 8 UNID.,"1,59€","0,20€ / UNID.",
Alimento Seco P/ Gato Croquetes Salmão e Legumes,LYCAT,Emb. 2 KG,"3,99€","2,00€ / KG",
Alimento Seco para Gato Multicroquetes Peixe,ECO+,Emb. 2 KG,"2,59€","1,30€ / KG",
Queijo Flamengo Fatiado,AGROS,Emb. 0.2 KG,"2,19€","10,95€ / KG",
ABRASIVO SANITARIO MENTA/EUCALIPTO ECO 750ML,UNÍ VERT,Emb. 0.75 LT,"1,19€","1,59€ / LT",
Pantene Purifica & Reconstrói Máscara 160 ml,,Emb. 0.16 LT,"5,93€","37,06€ / LT",
ESPARGUETE INTEGRAL,TURINI,Emb. 0.5 KG,"1,39€","2,78€ / KG",
NATAS LIQUIDAS UHT GARRAFA 15%MG,DÉLISSE,Emb. 0.5 KG,"1,99€","3,98€ / KG",
Detergente Loiça Manual Espuma Ativa,FAIRY,Emb. 0.375 LT,"2,99€","7,97€ / LT",
LENCOS FACIAIS 2F,ECO+,Emb. 150 UNID.,"0,89€","0,01€ / UNID.",
Massa Linguine C/ Tinta de Choco,MILANEZA,Emb. 0.5 KG,"2,99€","5,98€ / KG",
Amaciador Roupa Concentrado Lírios e Frutos Vermelhos,QUANTO,Emb. 84 DOSES,"4,89€","0,06€ / DOSES",
PURE MACA/RUIBARBO BAIXO TEOR ACUCAR,DOUCEUR DU VERGER,Emb. 0.4 KG,"1,59€","3,98€ / KG",
Limpeza Paredes Piscina Desincrustante,BEAUX JOURS,Emb. 5 LT,"13,99€","2,80€ / LT",
MUSLITOS,PÊCHE OCÉAN,Emb. 0.25 KG,"1,99€","7,96€ / KG",
Nata Levíssima,PARMALAT,Emb. 0.2 LT,"1,06€","5,30€ / LT",
OIKOS MAÇA CANELA 110G X4,OIKOS,Emb. 0.44 KG,"2,39€","5,43€ / KG",
Sumo de Laranja e Cenoura,SANTAL,Garrafa 1.5 LT,"2,09€","1,39€ / LT",
Rolo de Massa Quebrada,TABLIER BLANC,Emb. 1 P,"0,99€","0,99€ / P",
DETERGENTE MAQ LOICA PASTILHAS TOTAL+ 45UN,VISIOR,Emb. 45 UNID.,"4,49€","0,10€ / UNID.",
Iogurte Soja Baunilha 4 Unid.,NAT&VIE,Emb. 0.4 KG,"1,34€","3,35€ / KG",
Amaciador Concentrado Frescura 3 Unid.,HYPERDOU,Emb. 0.25 LT,"1,99€","7,96€ / LT",
Café Original Moído,BUONDI,Emb. 0.22 KG,"3,35€","15,23€ / KG",
Flocos de Mel,MOTS D'ENFANTS,Emb. 0.75 KG,"2,99€","3,99€ / KG",
Alimento Húmido P/ Gato Diamante Frango,PURINA,Emb. 0.09 KG,"1,29€","14,33€ / KG",
CONJUNTO ESFREGONA ROTATIVA,,Emb. 1 UNID.,"19,99€","19,99€ / UNID.",
Chocolate Choco Waffel Leite,MILKA,Emb. 0.18 KG,"2,37€","13,17€ / KG",
Ração Para Gato Ultima Esterilizado Bola De Pêlo Com Perú,ULTIMA,Emb. 3 KG,"17,90€","5,97€ / KG",
SPRAY LIMPA ESTOFOS 1 L 1L TECH9,TECH9,Emb. 1 LT,"3,19€","3,19€ / LT",
Água sem Gás,VITALIS,Garrafa 0.5 LT,"0,30€","0,60€ / LT",
Queijo Ralado 3 Queijos,LES CROISÉS,Emb. 0.15 KG,"1,69€","11,27€ / KG",
Bebida de Amêndoa,ALPRO,Emb. 1 LT,"2,39€","2,39€ / LT",
Conserva de Salsichas 8 Unid.,CÔTÉ TABLE,Lata 0.2 KG,"0,79€","3,95€ / KG",
Toalhitas Pele Sensível,MOTS D'ENFANTS,Emb. 63 UNID.,"1,29€","0,02€ / UNID.",
Massa Macarronete GR,MILANEZA,Emb. 0.5 KG,"1,69€","3,38€ / KG",
BARRAS CEREAIS FROSTIES 6X25G,KELLOGG'S,Emb. 6 UNID.,"2,45€","0,41€ / UNID.",
Café Torrado Moído,PLANTATION,Emb. 0.25 KG,"1,69€","6,76€ / KG",
Gel Depilação P/ Pele Sensível C/ Aloe Vera,GILLETTE,Emb. 0.2 LT,"4,79€","23,95€ / LT",
Polpa de Tomate Cebola e Alho,GULOSO,Emb. 0.5 KG,"1,99€","3,98€ / KG",
SABONETE SOLIDO F. TIARE/ORQUIDEA,MANAVA,Emb. 0.1 KG,"0,59€","5,90€ / KG",
Desodorizante Roll-On Shower Fresh,REXONA,Emb. 0.05 LT,"2,69€","53,80€ / LT",
Refrigerante S/ Gás Laranja,ECO+,Garrafa 2 LT,"0,79€","0,40€ / LT",
Dentrífico Frescura Extrema Doseador,DENTAMYL,Emb. 0.1 LT,"2,15€","21,50€ / LT",
Profiteroles com Molho de Chocolate 4x90g,DÉLISSE,Emb. 0.36 KG,"2,69€","7,47€ / KG",
Tablete Chocolate Preto Culinária,,Emb. 0.1 KG,"0,85€","8,50€ / KG",
FOGUETES P/BOLO,,Emb. 10 UNID.,"1,55€","0,16€ / UNID.",
Salsichas C/ Feijão,CÔTÉ TABLE,Emb. 0.84 KG,"2,85€","3,39€ / KG",
"GEL DUCHE ""SEDUCAO"" 250ML CARRE HOMME",CARRÉ HOMME,,"0,97€",/ Unid.,
Queijo Pointe de Brie,LES CROISÉS,Emb. 0.2 KG,"1,59€","7,95€ / KG",
CONE FRUTOS VERMELHOS 6UN,TRIUM,Emb. 6 UNID.,"2,49€","0,42€ / UNID.",
BL1 LED STANDARD 12W-75W E27,FOXTER,Emb. 1 UNID.,"5,99€","5,99€ / UNID.",
DISCOS P/DESMAQUILHAR INELL 70U,INELL,Emb. 70 UNID.,"0,85€","0,01€ / UNID.",
Ice Tea Manga Ananás,NESTEA,Emb. 1.5 LT,"1,00€","0,67€ / LT",
Pantene Repara & Protege Champô,PANTENE PV,Emb. 0.25 LT,"3,98€","15,92€ / LT",
SNACK MAÇÃ AMENDOIM FRUUT 40G,,Emb. 0.04 KG,"0,98€","24,50€ / KG",
GLADE T&F RECARGA LAVANDER,BRISE,Emb. 0.01 LT,"2,09€","209,00€ / LT",
Massa Macarronete Riscado,MILANEZA,Emb. 0.5 KG,"1,19€","2,38€ / KG",
A.O.C. Costieres de Nimes Rose,RIVES ET TERRASSES,Garrafa 0.75 LT,"3,89€","5,19€ / LT",
Vinho Verde Branco,LAGOSTA,Garrafa 0.75 LT,"3,89€","5,19€ / LT",
Papel Higiénico 4 Folhas,RENOVA,Emb. 12 ROLOS,"7,15€","0,60€ / ROLOS",
ALICATE UNIVERSAL 180MM,FOXTER,Emb. 1 UNID.,"4,99€","4,99€ / UNID.",
TAMPAO COMPACTO SUPER,DOULYS,,"2,29€",/ Unid.,
Alimento Húmido P/ Gato C/ Carne de Vaca e Frango,GOURMET GOLD,Emb. 0.085 KG,"0,75€","8,82€ / KG",
Feijão Verde Extra Finos Ultracongeladas,NOTRE JARDIN,Emb. 1 KG,"1,95€","1,95€ / KG",
Esparguete Clássica,NACIONAL,Emb. 0.5 KG,"0,78€","1,56€ / KG",
Lixívia em Gel Pink,DOMESTOS,Emb. 0.75 LT,"1,79€","2,39€ / LT",
CREME DEPILATORIO DE DUCHE,SLISS,Emb. 0.25 LT,"3,99€","15,96€ / LT",
Desumidificador + Recarga,FOXTER,Emb. 1 UNID.,"7,98€","7,98€ / UNID.",
Sabonete Aroma da Natureza 4x90g,FENO,Emb. 0.36 KG,"3,59€","9,97€ / KG",
ARDOSIA+FELTRO+ESCOVA,ESQUISSE,Emb. 1 UNID.,"1,99€","1,99€ / UNID.",
Cápsulas Delta Q Café Qharisma 10 Unidades,DELTA Q,Emb. 10 UNID.,"2,99€","0,30€ / UNID.",
Gelado Fizz Limão 6 Unid.,OLÁ,Emb. 0.36 LT,"2,99€","8,31€ / LT",
Salmão do Atlântico Fumado,ECO+,Emb. 0.2 KG,"5,99€","29,95€ / KG",
Pantene Repara & Protege Champô 3 Em 1,,Emb. 0.3 LT,"4,94€","16,47€ / LT",
MADALENAS CONCHAS,NOS RÉGIONS ONT DU TALENT,Emb. 0.33,"2,59€","7,85€ /",
Barras de Cereais Special K Chocolate de Leite,SPECIAL K,Emb. 0.125 KG,"3,39€","27,12€ / KG",
Manteiga C/ Sal,MIMOSA,Emb. 0.25 KG,"2,19€","8,76€ / KG",
Toalhitas Sensitive Cuidado Máximo 486 unid.,DODOT,Emb. 9 UNID.,"11,59€","1,29€ / UNID.",
Creme Depilatório Pele Sensível,SILISS,Emb. 0.2 LT,"2,75€","13,75€ / LT",
Alimento Completo Cereais P/ Canários,TOUS MES AMIS,Emb. 1 KG,"2,99€","2,99€ / KG",
Massa Concha,MILANEZA,Emb. 0.5 KG,"1,19€","2,38€ / KG",
COLORACAO VEGETAL CASTANHO ESCURO BIO,BIONAÏA,Emb. 1 UNID.,"6,99€","6,99€ / UNID.",
Miolo de Camarão 80/100 Ultracongelado,PESCANOVA,Emb. 0.35 KG,"7,19€","20,54€ / KG",
Azeite virgem extra aroma manjericão,GALLO,Emb. 0.25 LT,"2,39€","9,56€ / LT",
PATE CARNE DE VACA/CENOURA P/ GATO 410G,ECO+,Emb. 0.41 KG,"0,65€","1,59€ / KG",
Bebida de Soja Original,SHOYCE,Emb. 1 LT,"1,59€","1,59€ / LT",
Galettes de Arroz com Recheio de Chocolate e Avelã Biológicas,,Emb. 0.12 KG,"2,69€","22,42€ / KG",
BISCOITOS DE CACAU,P'TIT DÉLI,Emb. 0.4 KG,"1,55€","3,88€ / KG",
Nectar Laranja e Banana,JAFADEN,Emb. 2 LT,"1,99€","1,00€ / LT",
Detergente Loiça Manual Original Ultra,FAIRY,Emb. 1.41 LT,"4,19€","2,97€ / LT",
Forquilha de Jardim,BEAUX JOURS,Emb. 1 UNID.,"6,79€","6,79€ / UNID.",
Lulas Limpas Inteiras,,Emb. 0.5 KG,"6,99€","13,98€ / KG",
GELADO BAUNILHA 12UN,SMICY,Emb. 12 UNID.,"2,99€","0,25€ / UNID.",
FAIRY LIMÃO 340ML,FAIRY,Emb. 0.34 LT,"1,28€","3,76€ / LT",
GELADO TRIUM NOUGAT 4UN,TRIUM,Emb. 4 UNID.,"2,25€","0,56€ / UNID.",
IOG.BRAS.C/POL.FRU.DELISSE.X16,DÉLISSE,Emb. 2 KG,"2,99€","1,50€ / KG",
Refrigerante S/ Gás Ananás,JAFADEN,Emb. 1.5 L,"0,99€","0,66€ / L",
Luvas para Uso Doméstico Tamanho M,RENOVA LUVAS,Emb. 1 UNID.,"1,39€","1,39€ / UNID.",
Pano Suave Antibacterias,VILEDA,Emb. 1 UNID.,"2,59€","2,59€ / UNID.",
Álcool Desnaturado,,Emb. 1 LT,"2,99€","2,99€ / LT",
Madalenas em Concha,P'TIT DÉLI,Emb. 0.5 KG,"2,09€","4,18€ / KG",
Água Pura Micelar Peles Secas e Sensíveis,CORINE DE FARME,Emb. 0.5 LT,"4,69€","9,38€ / LT",
Vinho Tinto,LAGAR DAS PIAS,Bag in Box 5 LT,"6,49€","1,30€ / LT",
Conserva de Atum em Óleo Girassol,PÊCHE OCÉAN,Emb. 0.12 KG,"0,99€","8,25€ / KG",
"ARROZ MUNDO ORIENTE BASMATI , 1kg",ORIENTE,,"3,29€",/ Unid.,
Creme de Chocolate Preto 4x125g,DÉLISSE,Emb. 0.5 KG,"1,59€","3,18€ / KG",
"Cuvete de Alumínio 5x1,5L",ELEMBAL,Emb. 5 UNID.,"1,99€","0,40€ / UNID.",
FILETE AFIAMBRADO MINI,CAMPO FINO,Emb. 0.35 KG,"1,85€","5,29€ / KG",
Gelatina Tutti-Frutti 4 Unid.,ROYAL,Emb. 0.4 KG,"1,99€","4,98€ / KG",
"SPRAY AMBIENTADOR ""FLORAL"" 300ML",BIEN AIR,Emb. 0.3 LT,"0,99€","3,30€ / LT",
PERSIL UNIVERSAL PÓ,PERSIL,Emb. 100 DOSES,"17,19€","0,17€ / DOSES",
Ice Tea Melância Hortelã,LIPTON,Emb. 2 LT,"2,49€","1,25€ / LT",
Champô Anti-Caspa Controlo de Oleosidade de Citrinos,LINIC,Emb. 0.36 LT,"4,94€","13,72€ / LT",
Penso Incontinência Discreet Mini,AUSONIA,Emb. 20 UNID.,"3,95€","0,20€ / UNID.",
Conserva de Atum Assado à Algarvia,RAMIREZ,Emb. 0.12 KG,"1,49€","12,42€ / KG",
Ravioli com Fiambre,TURINI,Emb. 0.3 KG,"1,79€","5,97€ / KG",
CONJUNTO CAPA AUTO  MELHOARRA,ECO+,Emb. 1 UNID.,"19,90€","19,90€ / UNID.",
Vinagre de Vinho Branco,ECO+,Garrafa 1 LT,"0,59€","0,59€ / LT",
Café Cápsulas aQtivus Intensidade 8,DELTA,Emb. 10 CAPS.,"2,99€","0,30€ / CAPS.",
Pet Expert Espuma de Limpeza,VANISH,Emb. 1 UNID.,"5,84€","5,84€ / UNID.",
Champô Total Repair 5,ELVIVE,Emb. 0.25 LT,"3,95€","15,80€ / LT",
Creme Hidratante,NIVEA,Emb. 0.03 LT,"1,69€","56,33€ / LT",
Iogurte Natural 8x120g,DANONE,Emb. 0.96 KG,"2,59€","2,70€ / KG",
Vinho Tinto,COMP DO VINHO,Bag in Box 5 LT,"4,69€","0,94€ / LT",
Leite Bem Essencial C/ Polpa de Morango 4 Unid.,MIMOSA,Emb. 0.8 LT,"1,89€","2,36€ / LT",
Néctar Clássico 100% Maçã,COMPAL,Emb. 0.33 LT,"0,79€","2,39€ / LT",
Gel de Banho Lúcia-Lima e Limão,VASELINE,Emb. 0.7 LT,"2,99€","4,27€ / LT",
GELADO CAFE,ESKISS,Emb. 1 LT,"2,99€","2,99€ / LT",
Frango Inteiro sem Miúdos,,1 Unid. = 1.2 KG (aprox.),"2,99€/kg","3,59€ / Unid.",
QUICHE LORRAINE 8UN,CÔTÉ TABLE,Emb. 0.8 KG,"5,99€","7,49€ / KG",
Caserecce,TRADIZIONI D'ITALIA,Emb. 0.5 KG,"1,59€","3,18€ / KG",
Nuggets Peito de Frango e Queijo Ultracongelado,CAPITÃO IGLO,Emb. 0.208 KG,"5,99€","28,80€ / KG",
Laca Cabelos Pintados,ELNETT,Emb. 0.3 LT,"5,93€","19,77€ / LT",
Crackers sem Sal na Superfície,DU BOIS DE LA ROCHE,Emb. 0.5 KG,"3,09€","6,18€ / KG",
Azeite Clássico,OLIVEIRA DA SERRA,Garrafa 0.75 LT,"4,99€","6,65€ / LT",
Champô Anti-Caspa Frescura Diária de Menta e Limão para Todos os Tipos de Cabelo,LINIC,Emb. 0.36 LT,"4,94€","13,72€ / LT",
Sriracha,PALADIN,Emb. 0.25 LT,"2,49€","9,96€ / LT",
Recarga Ambientador Smooth Satin & Moon Lilly,AIRWICK,Emb. 1 UNID.,"3,59€","3,59€ / UNID.",
Pão de Forma com Códea Especial Torradas,PANRICO,Emb. 0.75 KG,"1,59€","2,12€ / KG",
Conserva de Feijão Frade da Horta,COMPAL,Lata 0.42 KG,"0,99€","2,36€ / KG",
Alimento Húmido P/ Gato Gold Mousse Peixe,GOURMET GOLD,,"0,73€",/ Unid.,
Absorvente P/ Roedores,TOUS MES AMIS,Emb. 0.6 LT,"2,99€","4,98€ / LT",
Gelado Stracciatella,CARTE D'OR,Emb. 0.9 LT,"3,29€","3,66€ / LT",
Queijo Mozzarella,ECO+,Emb. 0.125 KG,"0,89€","7,12€ / KG",
Água Perfumada para Engomar,COMFORT,Emb. 1 LT,"1,49€","1,49€ / LT",
Pepitas de Chocolate,TABLIER BLANC,Emb. 0.1 KG,"1,99€","19,90€ / KG",
Arroz Carolino,BELMONTE,Emb. 1 KG,"0,99€","0,99€ / KG",
Iogurte Natural 4x125g,DÉLISSE,Emb. 0.5 KG,"0,69€","1,38€ / KG",
Bebida Energética Energy Drink,RED BULL,Lata 0.25 LT,"1,39€","5,56€ / LT",
Farinha Láctea,MOTS D'ENFANTS,Emb. 1 KG,"4,49€","4,49€ / KG",
AXE Gel de Bnaho Green Mojito 400ml,AXE,Emb. 0.4 LT,"3,29€","8,23€ / LT",
BL1 LED STANDARD 14W-100W E27 LUZ AMARELA,FOXTER,Emb. 1 UNID.,"5,99€","5,99€ / UNID.",
Ossos C/ 2 Nós 21 Cm,TOUS MES AMIS,Emb. 1 UNID.,"1,78€","1,78€ / UNID.",
Vinho Verde Branco,GAZELA,Garrafa 0.75 LT,"2,99€","3,99€ / LT",
Infusão Aromático Biológico,,Emb. 0.03 KG,"0,99€","33,00€ / KG",
Bolinhas com Pepitas,P'TIT DÉLI,Emb. 0.24 KG,"1,29€","5,38€ / KG",
PERSIL HIGIENE E PUREZA GEL,PERSIL,Emb. 65 DOSES,"12,49€","0,19€ / DOSES",
Chouriço Terra de Xisto,SNR,Emb. 0.25 KG,"3,99€","15,96€ / KG",
GUARDANAPOS AZUL FOLHA SIMPLES RENOVA,GUARDANAPOS RENOVA,Emb. 70 UNID.,"0,78€","0,01€ / UNID.",
Esparguete,TURINI,Emb. 1 KG,"1,39€","1,39€ / KG",
PAPEL VEGETAL 15 MT,ELEMBAL,Emb. 15 MT,"1,55€","0,10€ / MT",
Cerveja sem Álcool Preta 6x33cl,SUPER BOCK,Emb. 1.98 LT,"4,49€","2,27€ / LT",
Gin London Dry,TANQUERAY,Garrafa 0.7 LT,"21,49€","30,70€ / LT",
Espumante Reserva Doce,RAPOSEIRA,Garrafa 0.75 LT,"7,99€","10,65€ / LT",
CONE NATA MORANGO 6UN,SMICY,Emb. 0.12 LT,"1,99€","16,58€ / LT",
Farinha sem Fermento Integral,NACIONAL,Emb. 1 KG,"1,19€","1,19€ / KG",
Espirais,ECO+,Emb. 1 KG,"1,29€","1,29€ / KG",
Bacalhau Graúdo Noruega Asa Branca,,1 Unid. = 2.5 KG (aprox.),"12,99€/kg","32,48€ / Unid.",
Bebida Láctea para Gatinhos 3x200ml,LYCAT,Emb. 3 UNID.,"2,38€","0,79€ / UNID.",
Alimento Seco P/ Cão Frango com Arroz <10kg,PURINA,Emb. 0.8 KG,"5,72€","7,15€ / KG",
Nata para Bater,PARMALAT,Emb. 0.2 KG,"1,06€","5,30€ / KG",
AURICULARES MAOS LIVRES PRETO,LINKSTER,Emb. 1 UNID.,"6,99€","6,99€ / UNID.",
Papa Infantil Leite e 8 Cereais e Mel,CERELAC,Emb. 0.4 KG,"1,84€","4,60€ / KG",
Iogurte Cremoso de Frutas 16x125g,DÉLISSE,Emb. 2 KG,"3,59€","1,80€ / KG",
Pantene Liso & Sedoso Champô,PANTENE PV,Emb. 0.25 LT,"3,98€","15,92€ / LT",
Escova Esqueleto Grande,,Emb. 1 UNID.,"3,99€","3,99€ / UNID.",
Bolachas Digestivas Chocolate,TRIUNFO,Emb. 0.195 KG,"1,97€","10,10€ / KG",
Cápsulas Café Verona P/ Nespresso,STARBUCKS,Emb. 10 CAPS.,"4,45€","0,45€ / CAPS.",
Cookies Sem Gluten,GULLÓN,Emb. 0.2 KG,"2,65€","13,25€ / KG",
TAPETE ANTI-DERRAPANTE WC TRANSPARENTE 67X35,SILLAGE,Emb. 1 UNID.,"3,50€","3,50€ / UNID.",
SAUCE POIVRE VERT,RUSTICA,Emb. 0.03 KG,"0,45€","15,00€ / KG",
Esferográficas de Cores Sortidas Ponta Média,ESQUISSE,Emb. 4 UNID.,"0,89€","0,22€ / UNID.",
Alimento Húmido para Gato Fígado e Aves,LYCAT,Emb. 0.1 KG,"0,55€","5,50€ / KG",
Caramelos de Leite,COPAÍNS COPINES,Emb. 0.25 KG,"1,19€","4,76€ / KG",
LAPIS DE COR 18UN,ESQUISSE,Emb. 18 UNID.,"1,59€","0,09€ / UNID.",
Molho Bechamel Desidratado,RUSTICA,Emb. 0.06 KG,"0,69€","11,50€ / KG",
Snack Batata Frita Sabor Bacon,TOKAPI,Emb. 0.17 KG,"1,95€","11,47€ / KG",
Rolo de Massa Folhada,TABLIER BLANC,Emb. 1 P,"0,99€","0,99€ / P",
PATE PEIXE P/ GATO 100G ECO+,ECO+,Emb. 0.1 KG,"0,27€","2,70€ / KG",
Café Moído Torrado Moagem Universal Dak Lak,SICAL,Emb. 0.22 KG,"3,85€","17,50€ / KG",
Tiras P/ Coelhos Legumes,TOUS MES AMIS,Emb. 0.11 KG,"1,75€","15,91€ / KG",
Papa Infantil,CERELAC,Emb. 0.5 KG,"2,88€","5,76€ / KG",
Molhos Tripack,RUSTICA,Emb. 0.75 KG,"3,99€","5,32€ / KG",
Tablete de Chocolate Daim,MILKA,Emb. 0.1 KG,"1,57€","15,70€ / KG",
Cápsulas Delta Q Café Epic 10 unidades,DELTA Q,Emb. 0.055 KG,"3,39€","61,64€ / KG",
Mini Barras de Chocolate com Recheio de Leite 16Unid.,COPAÍNS COPINES,Emb. 0.2 KG,"1,99€","9,95€ / KG",
Brioche Fatiado Familiar,EPI D'OR,Emb. 0.7 KG,"2,79€","3,99€ / KG",
2 PILHAS RECARREGAVEIS R20 3000MAH,FOXTER,Emb. 2 UNID.,"6,99€","3,50€ / UNID.",
MEGA CHOCO CHOCOLATE LEITE CROCANTE,P'TIT DÉLI,Emb. 0.15 KG,"1,59€","10,60€ / KG",
Fibra Normal Classic,SCOTCH BRITE,Emb. 1 UNID.,"1,09€","1,09€ / UNID.",
Molho de Soja,BLUE DRAGON,Emb. 0.15 LT,"1,99€","13,27€ / LT",
Licor,SHERIDAN'S,Garrafa 0.5 LT,"17,99€","35,98€ / LT",
MINI SPRAY BRISA MARINHA RECARGA 15ML,BIEN AIR,Emb. 0.015 LT,"0,90€","60,00€ / LT",
Toalhitas Sensitive Recarga,DODOT,Emb. 216 UNID.,"7,89€","0,04€ / UNID.",
Champô para Cabelo Pintado,TRESEMMÉ,Emb. 0.4 LT,"4,19€","10,48€ / LT",
Sabonete Líquido para as Mãos de Coco,DOVE,Emb. 0.25 LT,"2,59€","10,36€ / LT",
Ração Seca Light Frango P/ Cão,FRISKIES,Emb. 3 KG,"11,69€","3,90€ / KG",
Snack P/ Cão Médio 12-25kg,PURINA,Emb. 0.115 KG,"2,29€","19,91€ / KG",
PRATOS CARTAO BRANCOS 22CM,ECO+,Emb. 100 UNID.,"4,90€","0,05€ / UNID.",
PAIO YORK FATIADO,CAMPO FINO,Emb. 0.15 KG,"1,69€","11,27€ / KG",
ACENDALHAS CUBOS SEM ODOR,SILEX,Emb. 40 UNID.,"1,29€","0,03€ / UNID.",
Bloco Sanitário Poder Activo Lavanda,SONASOL,Emb. 0.05 KG,"1,94€","38,80€ / KG",
Conserva de Feijão Preto,COMPAL,Lata 0.845 KG,"1,59€","1,88€ / KG",
Coentros em Folhas,MARGÃO,Emb. 0.007 KG,"1,67€","238,57€ / KG",
DISTRIBUIDOR AGUA E CROQUETES,P'TIT AMI,Emb. 1 UNID.,"4,99€","4,99€ / UNID.",
CERA LIQUIDA PRETA 75ML,LA VACHETTE,Emb. 0.075 LT,"2,15€","28,67€ / LT",
Rolo de Cozinha Jumbo,SCOTTEX,Rolo 1 P,"3,89€","3,89€ / P",
Farinha,MAIZENA,Emb. 0.4 KG,"2,09€","5,23€ / KG",
Flor Duche Branco,SILLAGE,Emb. 1 UNID.,"1,89€","1,89€ / UNID.",
"CANETA PRETO 0,7MM",ESQUISSE,Emb. 4 UNID.,"1,29€","0,32€ / UNID.",
Pipe Rigate,TRADIZIONI D'ITALIA,Emb. 0.5 KG,"1,59€","3,18€ / KG",
GUARDANAPOS RED LABEL 1F RED,GUARDANAPOS RENOVA,Emb. 70 UNID.,"0,78€","0,01€ / UNID.",
QUALITA ROSSA CAFE MOIDO,LAVAZZA,Emb. 0.25 KG,"2,62€","10,48€ / KG",
PURE MACA/FRAMBOESA/ARANDO SEM ADICAO ACUCAR BISNAGA,DOUCEUR DU VERGER,Emb. 0.48 KG,"2,79€","5,81€ / KG",
Gel de Banho Naturals Leite e Mel,PALMOLIVE,Emb. 0.5 LT,"2,69€","5,38€ / LT",
Óleo Alimentar,RUSTICA,Garrafão 3 LT,"8,25€","2,75€ / LT",
Néctar Clássico Pera Rocha 3x20 cl,COMPAL,Emb. 0.6 LT,"1,39€","2,32€ / LT",
Água sem Gás,LUSO,Garrafão 5.4 LT,"1,69€","0,31€ / LT",
Iogurte Soja Framboesa 4 Unid.,NAT&VIE,Emb. 0.4 KG,"1,49€","3,73€ / KG",
Vinho Regional Douro Tinto,VINHA GRANDE,Garrafa 0.75 LT,"9,89€","13,19€ / LT",
FECULA DE MILHO,TABLIER BLANC,Emb. 0.4 KG,"1,29€","3,23€ / KG",
Creme Corporal Pele Seca Refirmante Q10,NIVEA BODY,Emb. 0.25 LT,"4,99€","19,96€ / LT",
Barrinhas P/ Canários sabor a Mel,TOUS MES AMIS,Emb. 0.06 KG,"1,29€","21,50€ / KG",
Vinho Regional Douro Branco,ADEGA DE VILA REAL,Garrafa 0.75 LT,"3,29€","4,39€ / LT",
Leite UHT S/ Lactose Magro,MIMOSA,Emb. 1 LT,"1,29€","1,29€ / LT",
Bife Bourguignon com Batatas,CÔTÉ TABLE,Emb. 0.3 KG,"2,49€","8,30€ / KG",
Sonhos com Canela,,1 Unid. = 0.06 KG,"10,99€","183,17€ / KG",
Vassoura Espalmada Lisa C/ Cabo,,Emb. 1 UNID.,"1,98€","1,98€ / UNID.",
"SPRAY AMBIENTADOR ""FRUTOS VERMELHOS"" 300ML",BIEN AIR,Emb. 0.3 LT,"0,99€","3,30€ / LT",
Rosegones Biscoitos de Amêndoa,P'TIT DÉLI,Emb. 0.25 KG,"1,69€","6,76€ / KG",
Cereais de Aveia Integral,FITNESS,Emb. 0.625 KG,"4,19€","6,70€ / KG",
QUEIJO EDAM FATIADO,ECO+,Emb. 0.2 KG,"1,69€","8,45€ / KG",
AUSONIA ORG COTTON NOITE ABAS,AUSONIA,Emb. 90 UNID.,"2,54€","0,03€ / UNID.",
Lava Tudo Novo Brilho Camomila e Flor de Laranjeira,SONASOL,Emb. 1.3 LT,"2,09€","1,61€ / LT",
Pastilhas 2 em 1 Protege e Limpa,CALGON,Emb. 15 UNID.,"6,99€","0,47€ / UNID.",
Leite Meio Gordo S/ Lactose 4x200ML,MIMOSA,Emb. 0.8 LT,"1,99€","2,49€ / LT",
LEITE DE COCO,TABLES DU MONDE,Emb. 0.4,"1,49€","3,73€ /",
Sobremesa Creme Baunilha com Caramelo 4x125g,DÉLISSE,Emb. 0.5 KG,"1,69€","3,38€ / KG",
Lasanha à Bolonhesa,CÔTÉ TABLE,Emb. 0.35 KG,"2,99€","8,54€ / KG",
Esponja Ativa,,Emb. 1 UNID.,"0,99€","0,99€ / UNID.",
Vinho Regional Alentejo Tinto,MONTE VELHO,Garrafa 0.75 LT,"3,69€","4,92€ / LT",
Bolachas Digestivas,MCVITIES,Emb. 0.4 KG,"2,19€","5,48€ / KG",
Alimento Seco P/ Gato Sénior +11 Anos de Frango,PURINA,Emb. 1.5 KG,"11,99€","7,99€ / KG",
Whisky Cutty Sark,CUTTY SARK,Garrafa 0.7 LT,"11,49€","16,41€ / LT",
Lava Tudo Optimal 7 Multisuperficies com Lixívia,AJAX,Emb. 0.5 LT,"3,45€","6,90€ / LT",
Medalhões Pescada,PÊCHE OCÉAN,Emb. 0.4 KG,"3,99€","9,98€ / KG",
Alimento Seco Cão Croquetes Carne,ECO+,Emb. 4 KG,"4,69€","1,17€ / KG",
Ice Tea Pêssego Zero Açúcar,LIPTON,Emb. 0.6 LT,"1,13€","1,88€ / LT",
"PORCOES PESCADA ""COLIN ALASCA"" 10UN",ECO+,Emb. 1 KG,"8,99€","8,99€ / KG",
Recarga Ambientador Elétrica White Bouquet,AIR WICK,Emb. 0.019 LT,"3,59€","188,95€ / LT",
BALDE DE TREMOCOS,RUSTICA,Emb. 3.5 KG,"5,45€","1,56€ / KG",
Duc de Borzac Armagna V.S.O.P,DUC DE BORZAC,Garrafa 0.7 LT,"14,99€","21,41€ / LT",
Detergente Manual em Pó,TIDE,Emb. 0.6 KG,"1,78€","2,97€ / KG",
Sacos Lixo para Casa de Banho 30x10L,ECO+,Emb. 30 UNID.,"0,69€","0,02€ / UNID.",
Tablete de Chocolate Preto Praline com Pepitas de Avelã,EQUADOR,Emb. 0.15 KG,"1,55€","10,33€ / KG",
Lixívia Tradicional,NEOBLANC,Emb. 1 LT,"0,79€","0,79€ / LT",
Toalhitas Íntimas Suaves,CORINE DE FARME,Emb. 10 UNID.,"1,64€","0,16€ / UNID.",
Refrigerante C/Gás Cola 6 Unid.,JEAN'S,Lata 1.98 ML,"2,89€","1,46€ / ML",
Gelado de Yoghurt & Forest Fruit,CARTE D'OR,Emb. 1 LT,"3,29€","3,29€ / LT",
Refrigerante C/ Gás Lima Limão,ECO+,Garrafa 2 LT,"0,79€","0,40€ / LT",
Gel de Banho Purely Pampering,DOVE,Emb. 0.75 LT,"4,79€","6,39€ / LT",
Toalhitas para Bebé Limpa e Hidrata,DODOT,Emb. 384 UNID.,"7,99€","0,02€ / UNID.",
Água de Nascente S/ Gás,ECO+,Garrafa 1.5 LT,"0,25€","0,17€ / LT",
Batatas Fritas com Sal 6x30 g,LAY'S,Emb. 0.18 KG,"2,27€","12,61€ / KG",
"BL1 LED ESFERA 3,2W-25W E14",FOXTER,Emb. 1 UNID.,"3,39€","3,39€ / UNID.",
Dentífrico Herbal White,COLGATE,Emb. 0.075 LT,"2,22€","29,60€ / LT",
Conserva de Milho Doce,BONDUELLE,Lata 0.3 KG,"1,58€","5,27€ / KG",
Detergente em Pó p/ Máquina de Roupa,SURF,Emb. 92 DOSES,"12,49€","0,14€ / DOSES",
Salpicão de Trancoso,SNR,Emb. 0.275 KG,"3,99€","14,51€ / KG",
Aquafresh Protecção e Caries Branqueadora 2X 75ml,AQUAFRESH,,"5,32€",/ Unid.,
Farinheira Porco Preto,SNR,Emb. 0.15,"1,67€","11,13€ /",
Alimento Seco P/ Cão Adulto Rica em Borrego C/ Cevada Integral,BEYOND,Emb. 1.4 KG,"6,34€","4,53€ / KG",
Leite UHT Meio Gordo,GRESSO,Emb. 1 LT,"0,84€","0,84€ / LT",
Chá Baunilha e Caramelo,LIPTON,Emb. 20 SAQ.,"1,59€","0,08€ / SAQ.",
Conserva Macedónia de Legumes,NOTRE JARDIN,Lata 0.53 KG,"1,59€","3,00€ / KG",
CABIDE PLASTICO CRIANCA AZUL,SILLAGE,Emb. 4 UNID.,"1,99€","0,50€ / UNID.",
Ice Tea de Pêssego Lata 6x25cl,LIPTON,Emb. 1.5 LT,"3,38€","2,25€ / LT",
DETERGENTE MANUAL LOICA ULTRA LIMAO 750ML,VISIOR,Emb. 0.75 LT,"1,01€","1,35€ / LT",
"ASPIRADOR C/SACO 500W 3,5L",ELSAY,Emb. 1 UNID.,"59,90€","59,90€ / UNID.",
COOKIES COM MEGA PEPITAS CHOCOLATE,P'TIT DÉLI,Emb. 0.184 KG,"1,49€","8,10€ / KG",
Conserva de Tremoço Extra,RUSTICA,Emb. 0.5 KG,"1,99€","3,98€ / KG",
Suporte Universal Carro P/ Smartphone,LINKSTER,Emb. 1 UNID.,"5,99€","5,99€ / UNID.",
PALMIERS ESTALADICOS,ECO+,Emb. 0.1 KG,"0,55€","5,50€ / KG",
Escovas Extra Clean Médio,COLGATE,Emb. 2 UNID.,"2,17€","1,09€ / UNID.",
MOLHO FRANCESINHA,RUSTICA,Emb. 0.5 KG,"1,99€","3,98€ / KG",
Iogurte Líquido Baunilha Cookies,DANONE,Emb. 0.3 KG,"1,89€","6,30€ / KG",
Queijo Mozzarella,SANTA LUCIA,Emb. 0.125 KG,"1,75€","14,00€ / KG",
Esfregão Verde Clássico Cuide das suas Mãos,SCOTCH BRITE,Emb. 2 UNID.,"1,99€","1,00€ / UNID.",
Manhãzitos Planetus 9x2 Unid.,BOLLYCAO,Emb. 0.315 KG,"3,69€","11,71€ / KG",
Vinho Regional Península de Setúbal Branco,ADEGA DE PEGÕES,Garrafa 0.75 LT,"1,59€","2,12€ / LT",
SALSICHAO SECO PORCO QS,ST AZAY,Emb. 0.25 KG,"3,99€","15,96€ / KG",
Vinho Regional Alentejo Tinto,REGUENGOS,Garrafa 0.75 LT,"2,39€","3,19€ / LT",
Papel Anti-Traças,RAID,Emb. 4 UNID.,"1,09€","0,27€ / UNID.",
Margarina 1/2 Sal rica em Ómega 3,NAT&VIE,Emb. 0.5 KG,"2,29€","4,58€ / KG",
Néctar Clássico Pera Rocha,COMPAL,Emb. 1 LT,"0,99€","0,99€ / LT",
Atum Posta Azeite e Orégãos,BOM PETISCO,Emb. 0.12 KG,"1,56€","13,00€ / KG",
Truta Salmonada,,1 Unid. = 0.9 KG (aprox.),"4,49€/kg","4,04€ / Unid.",
After Shave Original Lotion,OLD SPICE,Emb. 0.1 LT,"9,89€","98,90€ / LT",
Licor Creme Pastel Nata,35,Garrafa 0.7 LT,"11,99€","17,13€ / LT",
Bebida de Soja,NAT&VIE,Emb. 1 LT,"0,79€","0,79€ / LT",
Mistura de Pimentas 5 Bagas,MARGÃO,Emb. 0.024 KG,"3,99€","166,25€ / KG",
Refrigerante S/ Gás Tropical Cenoura,JAFADEN,Garrafa 1.5 LT,"1,25€","0,83€ / LT",
Salame Fatiado,EL POZO,Emb. 0.8 KG,"1,94€","2,43€ / KG",
Fita Adesiva Reparação Pvc 20Metrosx50Mm,FOXTER,Emb. 1 UNID.,"1,99€","1,99€ / UNID.",
Ervilhas Extra Finas,NOTRE JARDIN,Emb. 0.8 KG,"1,39€","1,74€ / KG",
GLADE RECARGA SANDALWOOD & JASMINE 10ML,GLADE,,"2,09€",/ Unid.,
COLORACAO CASTANHO 4.45 S/AMONIACO 1UN VITANOVE,VITANOVE,Emb. 1 UNID.,"3,89€","3,89€ / UNID.",
Conserva de Azeitona Verde em Rodelas,RUSTICA,Frasco 0.36 KG,"1,39€","3,86€ / KG",
Cillit Bang Tira Gorduras 500ML x12,CILLIT BANG,Emb. 0.5 LT,"2,24€","4,48€ / LT",
Iogurte Natural Cremoso 16x125g,DÉLISSE,Emb. 2 KG,"2,89€","1,45€ / KG",
Sobremesa Creme de Caramelo 4x125g,DÉLISSE,Emb. 0.5 KG,"1,59€","3,18€ / KG",
Créme Dessert Praliné 4x125g,DÉLISSE,Emb. 0.5 KG,"1,59€","3,18€ / KG",
Areia Higiénica para Gato,ECO+,Emb. 7 LT,"1,49€","0,21€ / LT",
Hamburgers Peito de Frango Ultracongelado,IGLO,Emb. 0.48 KG,"10,99€","22,90€ / KG",
ALIMENT BEBE: PURE LEGUMES FRANGO DO CAMPO BIO +8M 2X200G,BIO VILLAGE BEBE,Emb. 0.4 KG,"2,69€","6,73€ / KG",
Cadeado C/ Código 30Mm,FOXTER,Emb. 1 UNID.,"2,90€","2,90€ / UNID.",
Creme de Mãos Reparador Repair & Care,BIOTEN,Emb. 0.1 LT,"2,13€","21,30€ / LT",
SACOS LIXO FECHO FACIL 100% RECICLADO 50L,ECO+,Emb. 25 UNID.,"1,99€","0,08€ / UNID.",
Farinha de Mandioca,GLOBO,Emb. 0.5 KG,"1,79€","3,58€ / KG",
Vinho Regional Península de Setúbal Tinto,DONA ERMELINDA,Garrafa 0.75 LT,"7,99€","10,65€ / LT",
Leite de Cabra UHT Meio Gordo,PRÉSIDENT,Emb. 1 LT,"2,44€","2,44€ / LT",
Luvas Finas Descartáveis Latex Tam. M,MAMISON,Emb. 100 UNID.,"15,90€","0,16€ / UNID.",
Chouriço Porco Preto,SNR,Emb. 0.2 KG,"2,89€","14,45€ / KG",
MARSHMALLOWS CHOCO,COPAÍNS COPINES,Emb. 0.16 KG,"1,69€","10,56€ / KG",
Cominhos Moídos,MARGÃO,Emb. 0.05 KG,"1,69€","33,80€ / KG",
Café Solúvel Descafeinado,NESCAFÉ,Emb. 0.1 KG,"4,29€","42,90€ / KG",
Chá Verde,TETLEY,Emb. 10 SAQ.,"0,89€","0,09€ / SAQ.",
1000 AGRAFOS N24/6,ESQUISSE,Emb. 1 UNID.,"0,49€","0,49€ / UNID.",
Palmiers Kids,DU BOIS DE LA ROCHE,Emb. 0.1 KG,"1,05€","10,50€ / KG",
Cápsulas Café Cappuccino P/ Dolce Gusto,STARBUCKS,Emb. 12 CAPS.,"5,38€","0,45€ / CAPS.",
Tomate Triturado 390 g,TURINI,Lata 0.5 KG,"0,49€","0,98€ / KG",
BOUIL.POULE DESHY RUSTICA,RUSTICA,Emb. 0.12 KG,"0,79€","6,58€ / KG",
Chá Marrocos Mint & Spices,LIPTON,Emb. 20 SAQ.,"1,84€","0,09€ / SAQ.",
CABIDE FIO ACO PLASTIFICADO 8UN,SILLAGE,Emb. 8 UNID.,"1,95€","0,24€ / UNID.",
Airwick Le Comp Aconchego da Lareira,AIR WICK,Emb. 1 UNID.,"4,49€","4,49€ / UNID.",
Conserva Ervilhas Cenouras 3x130g,NOTRE JARDIN,Emb. 0.13 KG,"1,95€","15,00€ / KG",
Bolachas Cookies com Pepitas Chocolate e Côco,P'TIT DÉLI,Emb. 0.2 KG,"1,39€","6,95€ / KG",
Detergente Loiça Manual Original Ultra,FAIRY,Emb. 1.5 LT,"5,64€","3,76€ / LT",
IOG.NAT.ACU.DELISSE CANA X16,DÉLISSE,Emb. 16 UNID.,"2,99€","0,19€ / UNID.",
Bolachas Digestivas Aveia,TRIUNFO,Emb. 0.171 KG,"1,48€","8,66€ / KG",
CALCULADORA 8 DIGITOS,ESQUISSE,Emb. 1 UNID.,"2,98€","2,98€ / UNID.",
LINGUICA,CAMPO FINO,Emb. 0.15 KG,"1,49€","9,93€ / KG",
Bolachas Sementes de Sésamo Biológicas,,Emb. 0.23 KG,"2,09€","9,09€ / KG",
Ambientador Recarga Spray Lavanda,GLADE,Emb. 2 UNID.,"7,18€","3,59€ / UNID.",
Manteiga C/ Sal,MILHAFRE,Emb. 0.25 KG,"2,29€","9,16€ / KG",
Guardanapos Duplos,RENOVA,Emb. 140 UNID.,"1,35€","0,01€ / UNID.",
Manteiga Tradicional,PRIMOR,Emb. 0.25 KG,"2,19€","8,76€ / KG",
Ossos Prensados 8/10Cm Flúor,TOUS MES AMIS,Emb. 4 UNID.,"1,78€","0,45€ / UNID.",
Pozolana Bio,BEAUX JOURS,Emb. 20 LT,"4,99€","0,25€ / LT",
Conserva de Feijão Encarnado Cozido,NOTRE JARDIN,Lata 0.85 KG,"0,99€","1,16€ / KG",
ICE TEA LIMÃO,LIPTON,Emb. 0.5 LT,"0,79€","1,58€ / LT",
Sumo 100% Laranja,JAFADEN,Emb. 2 LT,"2,85€","1,43€ / LT",
COLORACAO CHOCOLATE 5.51 S/AMONIACO,VITANOVE,Emb. 1,"3,89€","3,89€ /",
Champô Citrinos Extra Suave,MANAVA,Emb. 0.5 LT,"2,29€","4,58€ / LT",
KIT RECIPIENTES VIAGEM,RIVERSIDE,Emb. 1 UNID.,"3,50€","3,50€ / UNID.",
COLORACAO LOURO CINZENTO 7.1 S/AMONIACO,VITANOVE,Emb. 1 UNID.,"3,89€","3,89€ / UNID.",
Café Torrado Moído Portugal Universal,DELTA,Emb. 0.25 KG,"2,29€","9,16€ / KG",
Bebida Energética Absolutely Zero,MONSTER ENERGY,Emb. 0.5 LT,"1,20€","2,40€ / LT",
Tomates Inteiros Pelados C/ Sumo,ECO+,Emb. 0.449 KG,"0,70€","1,56€ / KG",
Conserva de Feijão Verde Muito Fino,NOTRE JARDIN,Lata 0.8 KG,"1,79€","2,24€ / KG",
ALCOOL ETILICO 70º,PRIMOPLAST,Emb. 0.25 LT,"0,75€","3,00€ / LT",
Queijo Flamengo 1/4 Bola,PRIMOR,Emb. 0.35 KG,"3,29€","9,40€ / KG",
Champô Cabelos Secos,ULTRA SUAVE,Emb. 0.25 LT,"3,55€","14,20€ / LT",
ASPIRADOR S/SACO ECO+,ECO+,Emb. 1 UNID.,"49,90€","49,90€ / UNID.",
Café Torrado em Grão,PLANTATION,Emb. 0.25 KG,"1,69€","6,76€ / KG",
Papa Infantil Não Láctea Multicereais,CERELAC,Emb. 0.25 KG,"1,79€","7,16€ / KG",
Alimento Húmido Gato Ave e Legumes,LYCAT,,"1,55€",/ Unid.,
Fósforos de Segurança 100 unid.,SILEX,Emb. 3 UNID.,"0,76€","0,25€ / UNID.",
Cereais Choco Krispies,KELLOGG'S,Emb. 0.375 KG,"2,29€","6,11€ / KG",
Café Torrado Moído Lote Masaka Uganda Intensidade 11,SICAL,Emb. 0.22 KG,"3,85€","17,50€ / KG",
Loção Corporal Cocoa Radiance,VASELINE,Emb. 0.2 LT,"2,14€","10,70€ / LT",
Mini Rissóis de Camarão 20 Unid.,SNR,Emb. 0.333 KG,"3,09€","9,28€ / KG",
PEPINO FERBAR VINAGRE 345G,FERBAR,Emb. 0.345 KG,"1,56€","4,52€ / KG",
Pão de Forma com Códea Familiar,PANRICO,Emb. 0.75 KG,"1,59€","2,12€ / KG",
10 ESPETOS INOX,BEAUX JOURS,Emb. 10 UNID.,"4,99€","0,50€ / UNID.",
Molho Béchamel,RUSTICA,Emb. 0.5 LT,"1,17€","2,34€ / LT",
Detergente Limpeza Spray Multiusos com Lixívia,CIF,Emb. 0.75 Lt,"2,49€","3,32€ / Lt",
Bolachas de Diet-Fibra sem Açúcar,GULLÓN,Emb. 0.25 KG,"2,39€","9,56€ / KG",
Alimento Seco P/ Cão Adulto Frango C/ Arroz,PURINA,Emb. 14 KG,"49,90€","3,56€ / KG",
Escova de Dentes,AQUAFRESH,Emb. 1 UNID.,"1,97€","1,97€ / UNID.",
Muesli de Frutos Secos Biológico,,Emb. 0.5 KG,"2,99€","5,98€ / KG",
Néctar Clássico Laranja,COMPAL,Emb. 1 LT,"0,99€","0,99€ / LT",
BALANCA DIGITAL BAGAGEM,RIVERSIDE,Emb. 1 UNID.,"5,89€","5,89€ / UNID.",
WC Brisa Marinha,NEO BLANC,Emb. 2 UNID.,"4,49€","2,25€ / UNID.",
Pensos Higiénicos Normal,ECO+,Emb. 20 UNID.,"0,95€","0,05€ / UNID.",
Conserva de Tomate Pelado,TURINI,Lata 0.39 KG,"0,75€","1,92€ / KG",
Pantene Liso & Sedoso Laca 300ml,PANTENE PV,Spray 0.3 LT,"3,74€","12,47€ / LT",
Refrigerante Mini C/ Gás Zero Cafeína Zero Açúcar Pack 12,COCA COLA ZERO,Emb. 1.8 LT,"5,59€","3,11€ / LT",
Bolachas de Água e Sal com Azeite e Azeitonas Pack 12,VIEIRA,Emb. 0.192 KG,"2,99€","15,57€ / KG",
Água sem Gás Frutos Vermelhos,LUSO FRUTA,Garrafa 1 LT,"1,27€","1,27€ / LT",
Café Solúvel Cappuccino Intenso,NESCAFÉ,Emb. 0.125 KG,"3,18€","25,44€ / KG",
Champô Anti-Caspa Men Eficácia Activa,LINIC,Emb. 0.225 LT,"3,34€","14,84€ / LT",
Néctar Clássico Pêssego,COMPAL,Emb. 0.33 LT,"0,79€","2,39€ / LT",
Fraldas Bebé T4+ Doucer 9/20Kg,MOTS D'ENFANTS,Emb. 70 UNID.,"9,99€","0,14€ / UNID.",
Ambientador Aerossol Automático Apple Winter,AIR WICK,Emb. 0.25 LT,"7,19€","28,76€ / LT",
Eau De Toilette Homem Dark Temptation,AXE,Emb. 0.05 LT,"9,98€","199,60€ / LT",
Cápsulas Cafe Lavazza Expresso Clássico,LAVAZZA,Emb. 0.165 KG,"8,09€","49,03€ / KG",
Cerveja C/ Álcool,FALSBOURG,Garrafa 1 LT,"0,99€","0,99€ / LT",
ROLO DE MASSA FOLHADA 2X230G,TABLIER BLANC,Emb. 0.46 KG,"1,99€","4,33€ / KG",
Fruta 100% Maçã e Banana 4 Unid.,NESTLÉ,Emb. 0.4 KG,"2,19€","5,48€ / KG",
Guardanapos 2 Folhas Gold 39x39 cm,RENOVA,Emb. 40 UNID.,"1,89€","0,05€ / UNID.",
Old Spice Shower Gel Booster,OLD SPICE,Emb. 0.4 LT,"4,94€","12,35€ / LT",
Mostarda,CALVÉ,Emb. 0.257 KG,"1,49€","5,80€ / KG",
Dentífrico Max White Cool Mint,COLGATE,Emb. 0.075 LT,"4,94€","65,87€ / LT",
Açúcar Branco 50 Sticks,SIDUL,Emb. 0.25 KG,"1,26€","5,04€ / KG",
Máquinas de Barbear Descartáveis Blue II Plus,GILLETTE,Emb. 6 UNID.,"6,65€","1,11€ / UNID.",
Mini Bolo com Recheio de Creme de Cacau e Avelãs 90 g,BOLLYCAO,Emb. 6 UNID.,"1,00€","0,17€ / UNID.",
BATERIA Nº 14 74/680 74/680 TECH9,TECH9,Emb. 1 UNID.,"77,99€","77,99€ / UNID.",
Vinho Regional Dão Tinto,QUINTA DOS CARVALHAIS,Garrafa 0.75 LT,"8,79€","11,72€ / LT",
Folhas de Tomilho,RUSTICA,Frasco 0.018 KG,"0,80€","44,44€ / KG",
Gel de Banho Peony & Rose,DOVE,Emb. 0.75 LT,"4,19€","5,59€ / LT",
Sabonete Líquido Aloe Vera,DETTOL,Emb. 0.25 LT,"2,64€","10,56€ / LT",
Chicória e Café Solúvel,PLANTATION,Emb. 0.1 KG,"1,49€","14,90€ / KG",
Desodorizante Roll- On Dry Fresh,NIVEA,Emb. 0.05 LT,"3,95€","79,00€ / LT",
Perna Peru,,1 Unid. = 2.45 KG (aprox.),"3,99€/kg","9,78€ / Unid.",
Lula Inteira Congelada,,1 Unid. = 0.25 KG (aprox.),"7,99€/kg","2,00€ / Unid.",
Leite C/ Chocolate UHT 4 Unid.,MIMOSA,Emb. 0.8 LT,"1,69€","2,11€ / LT",
Sumo Florida,SUNNY DELIGHT,Emb. 0.5 Lt,"0,89€","1,78€ / Lt",
Sumo 8 Frutos,UM BONGO,Emb. 1 LT,"1,39€","1,39€ / LT",
Néctar Clássico Frutos Vermelhos Uva e Maçã,JAFADEN,Emb. 1 LT,"0,99€","0,99€ / LT",
IOGURTE GREGO CARAMELO SALGADO,DÉLISSE,Emb. 0.6 KG,"1,89€","3,15€ / KG",
Gelatina Light Mirtilo 4 Unid.,ROYAL,Emb. 0.4 KG,"2,19€","5,48€ / KG",
"CAPRICHOS DO MAR,S/GLUTEN,1KG",PESCANOVA,Emb. 1 KG,"8,59€","8,59€ / KG",
Detergente Roupa Líquido Proteção Escuros,WOOLITE,Emb. 30 DOSES,"6,99€","0,23€ / DOSES",
COOKIES C/ MEGA PEPITAS DE CHOCOLATE E AVELAS,P'TIT DÉLI,Emb. 0.184 KG,"1,49€","8,10€ / KG",
"SPRAY AMBIENTADOR ""CITRINOS"" ANTI-TABACO 300ML",BIEN AIR,Emb. 0.3 LT,"0,99€","3,30€ / LT",
Papel Higiénico Triple Confort,SCOTTEX,Emb. 24 UNID.,"8,79€","0,37€ / UNID.",
SPRAY FIXACAO EXTREMA,VITANOVE,Emb. 0.25 LT,"1,65€","6,60€ / LT",
Cerveja C/ Álcool 24 Unid.,MÍLLBRAU,Emb. 6 LT,"7,20€","1,20€ / LT",
Condicionador Cabelo Cor Revitalizante,TRESEMMÉ,Emb. 0.9 LT,"6,59€","7,32€ / LT",
Escova Borracha Vidros + Suporte,SILLAGE,Emb. 1 UNID.,"4,29€","4,29€ / UNID.",
Bolachas Tosta Rica Mini Go,CUÉTARA,Emb. 0.24 KG,"2,65€","11,04€ / KG",
Gelatina Light Ananás,ROYAL,Emb. 0.031 KG,"1,87€","60,32€ / KG",
Néctar Essencial Pêra 3x110ml,COMPAL,Emb. 0.33 LT,"1,79€","5,42€ / LT",
Alimento Perle Húmido P/ Gato C/ Molho Salmão e Atum 4x85g,PURINA,Emb. 0.34 KG,"3,49€","10,26€ / KG",
MASSA PENNE RIGATE INTEGRAL,TURINI,Emb. 0.5 KG,"1,39€","2,78€ / KG",
GELADO 6 BAUNILHA 6 MORANGO,SMICY,Emb. 12 UNID.,"2,99€","0,25€ / UNID.",
Mini Cones Chocolate e Baunilha,SMICY,Emb. 10 UNID.,"2,59€","0,26€ / UNID.",
Nuggets de Frango 18 Unid.,CAPITÃO IGLO,Emb. 0.375 KG,"8,99€","23,97€ / KG",
Pão Cachorro Quente 6 Unidades,BIMBO,Emb. 0.33 KG,"1,48€","4,48€ / KG",
Afia Lápis de Maquilhagem Dupla,,Emb. 1 UNID.,"2,29€","2,29€ / UNID.",
SALADA PARISIENNE ATUM MR,COTE SNACK,Emb. 0.25 KG,"1,99€","7,96€ / KG",
Wafers de Baunilha,,Emb. 0.17 KG,"1,35€","7,94€ / KG",
After Shave Dark Temptation,AXE,Emb. 0.1 LT,"6,92€","69,20€ / LT",
SUBLINHADOR AMARELO,ESQUISSE,Emb. 1 UNID.,"0,59€","0,59€ / UNID.",
Recarga Ambientador Freshmatic Oasis Turquesa,AIR WICK,Emb. 0.25 LT,"3,59€","14,36€ / LT",
Refrigerante C/ Gás Ananás,SPRINK'S,Garrafa 1.5 LT,"0,74€","0,49€ / LT",
"BEBIDA APERITIVA BIANCO 14,4º",GILDO,1 0,"3,19€",inf€ /,
Vinho do Porto Dona Antonia,FERREIRA,Emb. 0.75 LT,"11,89€","15,85€ / LT",
Achocolatado em Pó,CANDEREL,Emb. 0.25 KG,"3,74€","14,96€ / KG",
Moscatel do Douro,DORRÃO,Garrafa 0.75 LT,"4,49€","5,99€ / LT",
Creme Limpeza Original,CIF,Emb. 0.5 LT,"1,89€","3,78€ / LT",
Tempero de Alho Louro & Pimentão 8 Cubos,KNORR,Emb. 0.072 KG,"1,49€","20,69€ / KG",
Margarina Meio Gorda para Culinária,,Emb. 0.5 KG,"1,49€","2,98€ / KG",
Néctar Clássico Tutti Frutti,COMPAL,Emb. 1 LT,"0,99€","0,99€ / LT",
Alimento Húmido P/ Gato Gold Carne de Vaca,GOURMET GOLD,Emb. 0.085 KG,"0,73€","8,59€ / KG",
Alimento Húmido P/ Gato Carne Variada 3x400g,TOUS MES AMIS,Emb. 1 KG,"2,69€","2,69€ / KG",
Alimento Seco Gato Atum Legumes,PURINA FRISKIES,Emb. 0.4 KG,"2,09€","5,23€ / KG",
Bolachas Wafer Chocolate,VIEIRA,Emb. 0.15 KG,"1,25€","8,33€ / KG",
Tronco de Natal,,1 Unid. = 1 KG (aprox.),"10,99€/kg","10,99€ / Unid.",
PENSOS INCONTINENCIA MINI,CHORYS,Emb. 20 UNID.,"1,99€","0,10€ / UNID.",
CONE CAFE 6UN,TRIUM,Emb. 6 UNID.,"2,49€","0,42€ / UNID.",
Gelado de Morango,CARTE D'OR,Emb. 0.75 LT,"1,94€","2,59€ / LT",
Néctar Clássico Manga Magdalena 3x20 cl,COMPAL,Emb. 0.6 LT,"1,69€","2,82€ / LT",
Tarte Gelada Chocolate,VIENNETTA,Emb. 0.65 LT,"1,99€","3,06€ / LT",
TRAVESSA INOX 35CM,ECO+,Emb. 1 UNID.,"7,90€","7,90€ / UNID.",
Espumante Asti,MARTINI,Garrafa 0.75 LT,"8,99€","11,99€ / LT",
Sobremesa de Soja Limão,NAT&VIE,Emb. 0.4 KG,"1,49€","3,73€ / KG",
Mostarda Dijon,MAILLE,Emb. 0.215 KG,"3,79€","17,63€ / KG",
Arroz Agulha,SALUDÃES,Emb. 1 KG,"1,18€","1,18€ / KG",
Toalhitas para Bebé Básico,DODOT,Emb. 54 UNID.,"1,09€","0,02€ / UNID.",
Sortido de Biscoitos Salgados,ECO+,Emb. 0.35 KG,"1,49€","4,26€ / KG",
Interruptor 2P+Proteção,ECO+,Emb. 1 UNID.,"3,49€","3,49€ / UNID.",
MISTURA DE CARVAO VEGETAL,ECO+,Emb. 5 KG,"4,69€","0,94€ / KG",
Fusilli,TRADIZIONI D'ITALIA,Emb. 0.5 KG,"1,59€","3,18€ / KG",
PILHAS ALCALINAS LR14,ECO+,Emb. 8 UNID.,"4,99€","0,62€ / UNID.",
Forma Tarte C/Fundo Solto 28Cm,ECO+,Emb. 1 UNID.,"3,49€","3,49€ / UNID.",
Red Fish Médio Congelado,,1 Unid. = 0.3 KG (aprox.),"4,99€/kg","1,50€ / Unid.",
Alimento Seco Cão Vitafit Balance Frango e Legumes,PURINA FRISKIES,Emb. 4 KG,"11,99€","3,00€ / KG",
Alimento P/ Cão de Frango C/ Mandioca S/ Glúten,BEYOND,Emb. 1.2 KG,"8,49€","7,08€ / KG",
Eau De Toilette Umbro Action,UMBRO,Emb. 0.03 LT,"6,99€","233,00€ / LT",
Molho de Alho,CALVÉ,Frasco 0.25 KG,"2,59€","10,36€ / KG",
"SALSICHAO SECO ""LABEL ROUGE""",ST AZAY,Emb. 0.25 KG,"4,29€","17,16€ / KG",
Queijo Regional Vaca Cabra Ovelha Curado,SALOIO,Emb. 0.19 KG,"2,49€","13,11€ / KG",
GELADO BAUNILHA E SORVETE F.VERMELHOS 900ML ESKISS,ESKISS,Emb. 0.9 LT,"3,49€","3,88€ / LT",
Biscoitos Revestidos com Chocolate de Leite,P'TIT DÉLI,Emb. 0.15 KG,"0,79€","5,27€ / KG",
Sobremesa Láctea com Caramelo 4x100g,DÉLISSE,Emb. 0.4 KG,"1,59€","3,98€ / KG",
Conserva de Azeitona Preta Descaroçada,RUSTICA,Frasco 0.36 KG,"0,89€","2,47€ / KG",
Vinho do Porto Branco,DORRÃO,Garrafa 0.75 LT,"4,29€","5,72€ / LT",
CUSCUZ MEDIO 5X100G,COMPTOÍR DU GRAIN,Emb. 0.5 KG,"1,29€","2,58€ / KG",
GRANOLA NOZES,GRAINEA,Emb. 0.35 KG,"2,99€","8,54€ / KG",
Pastilhas Máquina Loiça Platinum Plus,FAIRY,Emb. 20 UNID.,"10,99€","0,55€ / UNID.",
QUEIJO FRESCO LIGHT,QUEIJO NA TÁBUA,Emb. 0.125 KG,"1,19€","9,52€ / KG",
Vinho do Porto Lágrima,RAMOS PINTO,Emb. 0.75 LT,"9,99€","13,32€ / LT",
Gillette Venus Swirl Depilatória,VENUS,Emb. 1 UNID.,"10,99€","10,99€ / UNID.",
GELADO DE BAUNILHA DE MADAGASCAR 500G 1L ESKISS,ESKISS,,"2,69€",/ Unid.,
Recarga Ambientador Freshmatic Pure Oasis e Lavanda,AIRWICK,Emb. 3 UNID.,"10,64€","3,55€ / UNID.",
Óleo para Todos Tipos de Cabelo,ULTRA SUAVE,Emb. 0.15 LT,"8,90€","59,33€ / LT",
Vinho Branco do Tejo Arinto/Chardonnay,Quinta da Lagoalva,Emb. 0.75 LT,"8,99€","11,99€ / LT",
PRATO FUNDO BIODEGRADAVEL 18CM,HOMESIDE,Emb. 10 UNID.,"1,49€","0,15€ / UNID.",
Barrinhas P/ Canários sabor a Frutas,TOUS MES AMIS,Emb. 0.06 KG,"1,29€","21,50€ / KG",
CANETA ROLLER APAGAVEL VARIAS CORES 3UN,ESQUISSE,Emb. 3 UNID.,"2,99€","1,00€ / UNID.",
Queijo Emental Francês,PRÉSIDENT,Emb. 0.25 KG,"4,29€","17,16€ / KG",
Infusão SOS Cabeça,LIPTON,Emb. 20 SAQS,"1,29€","0,06€ / SAQS",
ACHOCOLATADO EM PO 800G ECO+,ECO+,Emb. 0.8 KG,"2,69€","3,36€ / KG",
Água sem Gás,,Garrafa 0.33 LT,"0,14€","0,42€ / LT",
Chá de Cidreira,TETLEY,Emb. 10 UNID.,"0,86€","0,09€ / UNID.",
Pensos Higiénicos Noite Alas,EVAX,Emb. 9 UNID.,"2,59€","0,29€ / UNID.",
IOGURTE BATIDO NATURAL,DÉLISSE,Emb. 0.5 KG,"0,79€","1,58€ / KG",
Óleo de Girassol Extra Virgem,,Emb. 0.075 LT,"3,29€","43,87€ / LT",
Pantene Purifica & Reconstrói Champô 250 ml,,Emb. 0.25 LT,"4,94€","19,76€ / LT",
Alheira,TERRAS DO DEMO,Emb. 0.2 KG,"1,59€","7,95€ / KG",
AXE GEL DARK TEMTATION,AXE,Emb. 0.4 LT,"3,29€","8,23€ / LT",
Bebida Solúvel Café e Chicória,RICORÉ,Emb. 0.26 KG,"7,09€","27,27€ / KG",
Pastilha Elástica Senses Berry Party,TRIDENT,Emb. 0.023 KG,"0,94€","40,87€ / KG",
DOCE MORANGO 350G,CASA MATEUS,Emb. 0.35 KG,"2,69€","7,69€ / KG",
Bolachas Recheadas C/ Frutos do Bosque,MC VITIE'S,Emb. 0.218 KG,"1,99€","9,13€ / KG",
Bolos com Pepitas de Chocolate sem Glúten,CHAQUE JOUR SANS GLUTEN,Emb. 0.23 KG,"2,99€","13,00€ / KG",
Vinho Branco A.O.C. Gewurztramin 2014,REBMANN,Garrafa 0.75 LT,"6,49€","8,65€ / LT",
Bolachas Amanteigadas com Tablete de Chocolate Branco 2x6 Unid.,P'TIT DÉLI,Emb. 0.15 KG,"1,19€","7,93€ / KG",
Crackers sem Sal,EPI D'OR,Emb. 0.5 KG,"1,69€","3,38€ / KG",
GELADO CHOCOLATE,ECO+,Emb. 1 LT,"1,79€","1,79€ / LT",
Mini Cookies com Pepitas de Chocolate 0% Açúcar,ARTIACH,Emb. 0.12 KG,"1,99€","16,58€ / KG",
Amêijoa Branca Congelada,,1 Unid. = 0.38 KG (aprox.),"2,99€/kg","1,14€ / Unid.",
Conserva de Feijão Frade Cozido,NOTRE JARDIN,Frasco 0.57 KG,"0,69€","1,21€ / KG",
Spray Limpeza Seco,LINKSTER,Emb. 0.2 LT,"3,99€","19,95€ / LT",
Harpic Liquído Eucalipto e Menta 750ml x12,HARPIC,Emb. 0.75 LT,"2,24€","2,99€ / LT",
Compota de Maçã 4x100g,,Emb. 0.4 KG,"0,99€","2,48€ / KG",
Maionese Top Down,CALVÉ,Emb. 0.238 KG,"2,29€","9,62€ / KG",
Chá Menta,LIPTON,Emb. 20 SAQ.,"1,19€","0,06€ / SAQ.",
Bloco Sanitário Poder Activo Aqua,SONASOL,Emb. 0.05 KG,"1,94€","38,80€ / KG",
Puré Maçã S/ Açúcar 12 Unid.,DOUCEUR DU VERGER,Emb. 1.08 KG,"4,89€","4,53€ / KG",
ESPARGUETE GRAO DE BICO BIO,,Emb. 0.25 KG,"1,79€","7,16€ / KG",
Massa Laços Tricolores,MILANEZA,Emb. 0.5 KG,"1,99€","3,98€ / KG",
Snack Batata Frita Sabor Queijo,TOKAPI,Emb. 0.17 KG,"1,95€","11,47€ / KG",
Refrigerante C/ Gás Pack 6,SPRITE,,"4,14€",/ Unid.,
Vodka Preta,NOVOTNA,Garrafa 0.7 LT,"6,99€","9,99€ / LT",
FOLHADOS SALMAO 4UN,CÔTÉ TABLE,Emb. 0.4 KG,"3,85€","9,63€ / KG",
TREMOCOS EXTRA EM FRASCO 13/15,RUSTICA,Emb. 0.37,"1,29€","3,49€ /",
TOSTAS INTEGRAIS S/ SAL S/ ACUCARES BIO,,Emb. 0.3 KG,"2,05€","6,83€ / KG",
LENCOS BOLSO KIDS 4F,CARESSE,Emb. 10 UNID.,"1,59€","0,16€ / UNID.",
Amaciador concentrado peónia azul e citrus,SURF,Emb. 90 DOSES,"3,49€","0,04€ / DOSES",
"Mini Gelados de Chocolate Classic, Amêndoa e Branco Pack 10",MAGNUM,Emb. 0.55 LT,"6,65€","12,09€ / LT",
"LIQUIDIFICADORA 1,5l 600W",ELSAY,Emb. 1 UNID.,"29,90€","29,90€ / UNID.",
ESCADOTE 2 DEGRAUS,ECO+,Emb. 1 UNID.,"14,99€","14,99€ / UNID.",
Domestos WC Power 5 Romantic Rose 3x55g,DOMESTOS,,"3,59€",/ Unid.,
FEIJAO ENCARNADO 3X200G,NOTRE JARDIN,Emb. 0.6,"1,75€","2,92€ /",
Pensos Higiénicos Normal Sem Alas Fina e Segura,EVAX,Emb. 24 UNID.,"2,76€","0,12€ / UNID.",
Chá Preto Descafeinado,TETLEY,Emb. 10 UNID.,"0,89€","0,09€ / UNID.",
Coloração Longa Duração Belle Color 6 Louro Escuro,GARNIER,Emb. 1 UNID.,"5,93€","5,93€ / UNID.",
Espumante Super Reserva Bruto,MURGANHEIRA,Garrafa 0.75 LT,"14,19€","18,92€ / LT",
Detergente para a Máquina da Roupa Sensitive 3 em 1,SKIP,Emb. 1.134,"12,49€","11,01€ /",
Espumante Reserva Tinto Bruto,ALIANÇA,Garrafa 0.75 LT,"6,49€","8,65€ / LT",
Barquette Morango,LULU,Emb. 0.12 KG,"1,87€","15,58€ / KG",
SEPARADORES CARTAO A4 12UN,ESQUISSE,Emb. 12 UNID.,"1,25€","0,10€ / UNID.",
Cerveja com Álcool 6x20cl,CRISTAL,Emb. 1.2 LT,"2,29€","1,91€ / LT",
Rolo de Cozinha Green XXL,RENOVA,Emb. 2 ROLOS,"1,64€","0,82€ / ROLOS",
TENTACULOS DE POTA,PÊCHE OCÉAN,Emb. 0.8 KG,"4,99€","6,24€ / KG",
Tiras P/ Coelho Mel,TOUS MES AMIS,Emb. 2 UNID.,"1,75€","0,88€ / UNID.",
TESOURA 16CM,ESQUISSE,Emb. 1 UNID.,"1,79€","1,79€ / UNID.",
Spray Anti Bolores,CIF,Emb. 0.435 LT,"2,49€","5,72€ / LT",
Azeite Subtil,GALLO,Emb. 0.75 LT,"3,99€","5,32€ / LT",
Conserva de Feijão Frade Cozido com pouco Sal,FERBAR,Emb. 0.42 KG,"0,95€","2,26€ / KG",
Fatias Finas Peito de Frango,NOBRE,Emb. 0.11 KG,"2,14€","19,45€ / KG",
Café Cápsulas XL Qharacter Intensidade 9,DELTA Q,Emb. 40 CAPS.,"12,99€","0,32€ / CAPS.",
Gelado com Amêndoas,MAGNUM,Emb. 0.44 LT,"3,89€","8,84€ / LT",
Kit para Pizza,TABLIER BLANC,Emb. 0.6 KG,"2,59€","4,32€ / KG",
Anti Calcário Máquina Roupa Pó 2 em 1,CALGON,Emb. 20 DOSES,"6,99€","0,35€ / DOSES",
MULTICROQUETES CARNE P/GATO,ECO+,,"2,59€",/ Unid.,
Snack de Chocolate Mini,KIT KAT,Emb. 12 UNID.,"2,09€","0,17€ / UNID.",
TIRAS GOMAS ACIDAS FUN COLORZ,COPAÍNS COPINES,Emb. 0.2 KG,"1,39€","6,95€ / KG",
Recarga Sabonete Líquido Hipo-Alergénio,MANAVA,Emb. 0.25 LT,"0,65€","2,60€ / LT",
LEGUMES SALTEADOS WOK ASIATICO,NOTRE JARDIN,Emb. 1 KG,"3,49€","3,49€ / KG",
Vinho Regional Douro Branco,TONS DUORUM,Garrafa 0.75 LT,"4,94€","6,59€ / LT",
Néctar Clássico Maracujá,COMPAL,Emb. 1 LT,"1,59€","1,59€ / LT",
Bolo de Massa em Espiral,P'TIT DÉLI,Emb. 0.2 KG,"1,39€","6,95€ / KG",
Desodorizante para Pele Sensível Roll-On,SANEX,Emb. 0.05 LT,"2,39€","47,80€ / LT",
Leite UHT Meio Gordo,AGROS,Emb. 0.6 LT,"1,19€","1,98€ / LT",
Bifidus Líquido Kiwi 4x155g,DANONE,Emb. 0.62 KG,"1,99€","3,21€ / KG",
TAPETE ANTI-DERRAPANTE WC TRANSPARENTE 52X52,SILLAGE,Emb. 1 UNID.,"4,79€","4,79€ / UNID.",
Chocolate Preto,ECO+,Emb. 0.5 KG,"2,80€","5,60€ / KG",
Conjunto de 3 X-Atos,ECO+,Emb. 3 UNID.,"1,49€","0,50€ / UNID.",
Gelado Magic,SMICY,Emb. 8 UNID.,"1,59€","0,20€ / UNID.",
Panquecas -50% Açúcares 6x2 Unid.,MANHÃZITOS,Emb. 0.21 KG,"2,65€","12,62€ / KG",
Vinho Rosé Frutado,CORAÇÃO DA MINHA,Garrafa 0.75 LT,"1,49€","1,99€ / LT",
Alimento Húmido Gato Pedaços Molho 4 Unid.,LYCAT,Emb. 1.6 KG,"3,58€","2,24€ / KG",
QUEIJO DE OVELHA,LES CROISÉS,Emb. 0.2 KG,"2,24€","11,20€ / KG",
Cordon Bleu Queijo e Fiambre Ultracongelado,IGLO,Emb. 0.2 KG,"3,99€","19,95€ / KG",
Johnson's Baby Pó de Talco,JOHNSON'S BABY,Emb. 0.2 KG,"2,47€","12,35€ / KG",
BOLACHAS PETIT BEURRE C/ PEPITAS POCKET,P'TIT DÉLI,Emb. 0.3 KG,"2,69€","8,97€ / KG",
Brownies de Chocolate de Leite,MILKA,Emb. 0.15 KG,"2,47€","16,47€ / KG",
FOIE BACALHAU FUMADO,PÊCHE OCÉAN,,"1,99€",/ Unid.,
PAO RALADO,TABLIER BLANC,Emb. 0.25 KG,"0,49€","1,96€ / KG",
Ice Tea de Manga Lata 6x25cl,LIPTON,Emb. 1.5 LT,"3,38€","2,25€ / LT",
Bombons de Chocolate Negro e Caramelo,LUTTI,Emb. 0.15 KG,"2,45€","16,33€ / KG",
Gelatina em Pó Pêssego,TABLIER BLANC,Emb. 0.17 KG,"0,85€","5,00€ / KG",
CHOCOLATE PRETO RECHEIO DE COCO,EQUADOR,Emb. 0.125 KG,"1,89€","15,12€ / KG",
Néctar Clássico Laranja,COMPAL,Emb. 1 LT,"1,69€","1,69€ / LT",
LENCOS FACIAIS 4F,CARESSE,Emb. 80 UNID.,"1,29€","0,02€ / UNID.",
MULTI USOS,CLAIR,Emb. 0.75 LT,"0,82€","1,09€ / LT",
DETERGENTE LIQUIDO PRIMAVERA 40D,EPSIL,,"4,95€",/ Unid.,
PUDIM +PROTEINA CAFE COLOMBIANO,EHRMANN,Emb. 0.2 KG,"1,79€","8,95€ / KG",
Vinho Tinto Titan Douro,TITAN DE DOURO,Emb. 0.75 LT,"11,98€","15,97€ / LT",
Papa Infantil Leite e Cereais,CERELAC,Emb. 0.4 KG,"1,84€","4,60€ / KG",
LIXIVIA TRADICIONAL,CLAIR,Emb. 4 LT,"1,43€","0,36€ / LT",
Refrigerante com Gás Laranja,SUMOL,Garrafa 1.25 LT,"1,38€","1,10€ / LT",
"Pilhas Alcalinas LR03/AAA 1,5V",FOXTER,Emb. 4 UNID.,"1,69€","0,42€ / UNID.",
"VELA AROMATICA ""MACA/CANELA"" 30H",BIEN AIR,Emb. 1 UNID.,"1,99€","1,99€ / UNID.",
Alimento P/ Cão Adulto De Salmão e Aveia,BEYOND,Emb. 1.4 KG,"6,34€","4,53€ / KG",
PAES PITA X6,EPI D'OR,Emb. 0.4 KG,"1,45€","3,63€ / KG",
Escova Piaçaba,SILLAGE,Emb. 1 UNID.,"1,89€","1,89€ / UNID.",
Vinho Bio Tinto Douro,ALTANO,Emb. 0.75 LT,"6,99€","9,32€ / LT",
BEBIDA SOJA C/CACAU BIO,,Emb. 1 LT,"1,49€","1,49€ / LT",
Creme Barbear Classic,PALMOLIVE,Emb. 0.1 LT,"2,29€","22,90€ / LT",
Alimento Seco P/ Cão Adulto + de 10 Kg Frango C/ Arroz,PURINA,Emb. 2.5 KG,"12,69€","5,08€ / KG",
Desodorizante Roll On Invisible Black White 48H,REXONA,Emb. 0.05 LT,"2,39€","47,80€ / LT",
Batatas Fritas Camponesas,LAY'S,Emb. 0.15 KG,"1,78€","11,87€ / KG",
Azeite Virgem Extra Reserva,CONDESTÁVEL,Emb. 0.75 LT,"4,19€","5,59€ / LT",
LOURO FOLHAS,RUSTICA,Emb. 0.007 KG,"0,40€","57,14€ / KG",
Rebuçados com Recheio de Fruta,COPAÍNS COPINES,Emb. 0.25 KG,"1,19€","4,76€ / KG",
Molho Piripíri Extraforte,RUSTICA,Emb. 0.21 KG,"0,65€","3,10€ / KG",
Tablete de Chocolate Branco 4x100g,,Emb. 0.4 KG,"2,29€","5,73€ / KG",
DOCE CASTANHA C/ BAUNILHA,MAMIE DOUCEUR,,"1,89€",/ Unid.,
Iogurte Cremoso de Frutas 8x125g,DÉLISSE,Emb. 1 KG,"2,09€","2,09€ / KG",
Snacks Tex-Mex,DORITOS,Emb. 0.12 KG,"1,52€","12,67€ / KG",
DETERGENTE MAQ LOICA PASTILHAS TUDO EM 1,VISIOR,Emb. 30 UNID.,"2,09€","0,07€ / UNID.",
SPRAY LUSTRANTES PNEUS 1 L 1L TECH9,TECH9,Emb. 1 LT,"4,49€","4,49€ / LT",
Pensos Higiénicos Fina e Segura Normal,EVAX,Emb. 1 P,"1,97€","1,97€ / P",
Bolachas Ositos Sabor a Mel,ARTIACH,Emb. 4 UNID.,"2,08€","0,52€ / UNID.",
Tablete de Chocolate de Leite Bubbly Caramel,MILKA,Emb. 0.25 KG,"3,95€","15,80€ / KG",
Desodorizante Dove Roll-On Invisible Dry Masc,DOVE,Emb. 0.05 LT,"2,69€","53,80€ / LT",
VASSOURINHA PARA PA LIXIO,,Emb. 1 UNID.,"0,89€","0,89€ / UNID.",
Vinho Regional Alentejano Tinto,CONVENTUAL,Garrafa 0.75 LT,"4,69€","6,25€ / LT",
FEIJAO PRETO SACO MGUIA,NOTRE JARDIN,Emb. 0.5 KG,"0,99€","1,98€ / KG",
Preparado para Tarte Oreo,ROYAL,Emb. 0.215 KG,"3,99€","18,56€ / KG",
Rolo de Cozinha Mega,MARQUE REPERE,Emb. 1 UNID.,"3,39€","3,39€ / UNID.",
Yofu Natural c/ Amêndoa 500g,,Emb. 0.5 KG,"2,39€","4,78€ / KG",
Detergente para a Roupa 3 em 1 Active Fresh,SKIP,Emb. 1.134 KG,"12,49€","11,01€ / KG",
Chocolate de Leite 3x,KIT KAT,Emb. 0.125 KG,"1,49€","11,92€ / KG",
FITA ADESIVA 66MX5,ECO+,Emb. 2 UNID.,"1,99€","1,00€ / UNID.",
OIKOS CAFE 110G X4,OIKOS,Emb. 0.44 KG,"2,39€","5,43€ / KG",
Pastilhas de Limpeza para Próteses Dentárias,POLIDENT,Emb. 1 P,"5,49€","5,49€ / P",
Refrigerante S/ Gás Limão,AQUARIUS,Garrafa 1.5 LT,"1,94€","1,29€ / LT",
Arroz Agulha,CAÇAROLA,Emb. 1 KG,"1,14€","1,14€ / KG",
Coco Ralado,TABLIER BLANC,Emb. 0.2 KG,"1,19€","5,95€ / KG",
SACO CONGELACAO C/ZIP MEDIO,ELEMBAL,Emb. 20 UNID.,"1,29€","0,06€ / UNID.",
Bacon Fumado 2x100g,TRADILÈGE,Emb. 0.2 KG,"2,19€","10,95€ / KG",
Empadas de Galinha,,Emb. 6 UNID.,"1,99€","0,33€ / UNID.",
Papel Higiénico 2 Folhas Extra XXL 6=15,RENOVA,Emb. 6 ROLOS,"3,94€","0,66€ / ROLOS",
Máquinas de Barbear Descartáveis Blue II,GILLETTE,Emb. 10 UNID.,"5,89€","0,59€ / UNID.",
GELADO CHOCOLATE LIEGEOIS,ESKISS,Emb. 1 LT,"2,99€","2,99€ / LT",
Vinho Branco Adamado,FAISÃO,Garrafa 1 LT,"2,19€","2,19€ / LT",
"BL1 LED SPOT 2,5W - 20W GU5.3",FOXTER,Emb. 1 UNID.,"2,99€","2,99€ / UNID.",
CADERNO AGRAFADO PAUTADO C. PP A5 48F,ESQUISSE,Emb. 1 UNID.,"1,41€","1,41€ / UNID.",
Desodorizante Roll-On Pele Sensível,MANAVA,Emb. 0.05 LT,"0,75€","15,00€ / LT",
Bolachas de Água e Sal Integral -40% de Sal,VIEIRA,Emb. 0.186 KG,"2,89€","15,54€ / KG",
DOCE TOMATE 345G,CASA MATEUS,Emb. 0.345 KG,"2,24€","6,49€ / KG",
Champô para Cabelo Pintado e Proteção de Cor,GLISS,Emb. 0.25 LT,"2,24€","8,96€ / LT",
Detergente Máquina Loiça Tudo Em Um Limão,FAIRY,Emb. 28 CAPS.,"5,74€","0,21€ / CAPS.",
Cerveja com Álcool 24x33cl,SUPER BOCK,Emb. 7.92 LT,"15,79€","1,99€ / LT",
Lápis para Colorir em Caixa de Metal,ESQUISSE,Emb. 18 UNID.,"1,99€","0,11€ / UNID.",
Salsichão com Alho Fumado,,Emb. 0.4 KG,"1,99€","4,98€ / KG",
Bolachas com Pepitas Chocolate Energy 5 Saquetas,CHIQUILÍN,Emb. 0.2 KG,"2,65€","13,25€ / KG",
Café molido crema e gusto,LAVAZZA,Emb. 0.25 KG,"2,39€","9,56€ / KG",
Snack P/ Cão Sticks C/ Aroma a Javali,PURINA,Emb. 0.09 KG,"1,49€","16,56€ / KG",
Mini Gelados de Chocolate 70% Preto Intenso Pack 6,MAGNUM,Emb. 0.33 LT,"2,99€","9,06€ / LT",
Snacks Sabor a Bacon,,Emb. 0.1 KG,"1,19€","11,90€ / KG",
Conserva de Ervilhas com Cenoura Cozidas,,Lata 0.53 KG,"1,59€","3,00€ / KG",
Pincel de Maquilhagem em Pó de Bolso,,Emb. 1 UNID.,"4,99€","4,99€ / UNID.",
Cápsulas Café Ristretto Ardenza,DOLCE GUSTO,Emb. 30 CAPS.,"9,99€","0,33€ / CAPS.",
Batatas Fritas Rodela,PÁLA-PÁLA,Emb. 0.3 KG,"2,09€","6,97€ / KG",
Bolachas com Pepitas Chocolate sem Açúcar,DIET NATURE,Emb. 0.125 KG,"1,48€","11,84€ / KG",
Noodles com Bacon e Tomate,KNORR,Emb. 0.063 KG,"1,05€","16,67€ / KG",
Fita Adesiva De Pintor 50Metrosx50Mm,FOXTER,Emb. 1 UNID.,"3,49€","3,49€ / UNID.",
Palmiers de massa Folhada com Manteiga,P'TIT DÉLI,Emb. 0.1 KG,"0,99€","9,90€ / KG",
Bifanas de Porco,,1 Unid. = 0.15 KG (aprox.),"2,99€/kg","0,45€ / Unid.",
Conserva Lentilhas com Salsichas,CÔTÉ TABLE,Emb. 0.84 KG,"2,65€","3,15€ / KG",
Papa Infantil Aveia Maçã e Cenoura,CERELAC,Emb. 0.24 KG,"2,49€","10,38€ / KG",
Queijo Curado Fatiado S/ Lactose,CASTELÕES,Emb. 0.15 KG,"1,99€","13,27€ / KG",
Caldo para Arroz 24 Cubos,KNORR,Emb. 0.24 KG,"2,39€","9,96€ / KG",
REFRIGERANTE S/GAS LARANJA,JAFUN,,"3,49€",/ Unid.,
TAMPAO MINI,DOULYS,Emb. 24 UNID.,"1,35€","0,06€ / UNID.",
PA P/TABULEIRO P/GATO 1UN,P'TIT AMI,Emb. 1 UNID.,"1,90€","1,90€ / UNID.",
Iogurte Grego Pêssego Maracujá 4x150g,DÉLISSE,Emb. 0.6 KG,"1,99€","3,32€ / KG",
COPOS BIODEGRADAVEIS 25CL 12UN,HOMESIDE,Emb. 12 UNID.,"2,50€","0,21€ / UNID.",
Tablete de Chocolate de Leite,NESTLÉ,Emb. 0.09 KG,"1,09€","12,11€ / KG",
DETERGENTE MANUAL LOICA LIMAO HIPOALERG.ECOLOGICO 750ML,UNÍ VERT,Emb. 0.75 LT,"1,89€","2,52€ / LT",
Chá de Menta e Eucalipto,LIPTON,Emb. 20 SAQS,"1,84€","0,09€ / SAQS",
Creme Dessert Baunilha 4x125g,ECO+,Emb. 0.5 KG,"0,94€","1,88€ / KG",
Arroz Agulha,,Emb. 1 KG,"0,99€","0,99€ / KG",
"ASPIRADOR S/SACO 600W 2,7L",ELSAY,Emb. 1 UNID.,"59,90€","59,90€ / UNID.",
Regulador Ph Menos LÍquido,BEAUX JOURS,Emb. 6 LT,"9,99€","1,67€ / LT",
Biscoitos Crocantes para Cão,LYDOG,Emb. 0.5 KG,"1,65€","3,30€ / KG",
Refeição Legumes Com Vitela,BLÉDINA,Frasco 0.2 KG,"1,89€","9,45€ / KG",
Sumo de Limão 2X125ml,RUSTICA,Emb. 0.5 LT,"0,99€","1,98€ / LT",
Tablete Chocolate Culinária,PANTAGRUEL,Emb. 0.2 KG,"1,75€","8,75€ / KG",
Cappuccino de Chocolate 8 Caps.,PLANTATION,Emb. 0.144 KG,"1,79€","12,43€ / KG",
Rebuçados de Fruta,COPAÍNS COPINES,Emb. 0.25 KG,"1,19€","4,76€ / KG",
Queijo Mystère du Prieuré,LES CROISÉS,Emb. 0.34 KG,"2,79€","8,21€ / KG",
TOSTAS CROCANTES COM CENTEIO,EPI D'OR,Emb. 0.25 KG,"1,09€","4,36€ / KG",
Iced Tea Limão,ECO+,Emb. 1.5 LT,"0,84€","0,56€ / LT",
Lasanha à Bolonhesa,CÔTÉ TABLE,Emb. 1 KG,"4,99€","4,99€ / KG",
Vinho Regional Alentejo Branco,REAL LAVRADOR,Garrafa 0.75 LT,"2,49€","3,32€ / LT",
Queijo Bola Flamengo,TERRA NOSTRA,Emb. 1.4 KG (aprox.),"8,99€/kg","12,59€ / Unid.",
VASSOURA RELVA 21 DENTES,BEAUX JOURS,Emb. 1 UNID.,"9,90€","9,90€ / UNID.",
Polpa de Tomate Biológica,,Emb. 0.5 KG,"0,99€","1,98€ / KG",
Barras de Cereais de Chocolate 6 Unid.,FITNESS,Emb. 0.141 KG,"2,33€","16,52€ / KG",
Lentilhas Amarelas,NOTRE JARDIN,Emb. 0.5 KG,"1,25€","2,50€ / KG",
Detergente Máquina Loiça Pastilhas All in 1 27 pastilhas,FINISH,Emb. 0.457 KG,"5,99€","13,11€ / KG",
Duvel Cerveja da Bélgica,DUVEL,Emb. 0.33 LT,"2,89€","8,76€ / LT",
Desodorizante Roll-On Coco e Aloe Vera,BIONAÏA,Emb. 0.05 LT,"0,99€","19,80€ / LT",
"OIKOS STRACCIATELLA 110G ,,440G",OIKOS,Emb. 0.44 KG,"2,39€","5,43€ / KG",
Iogurte Líquido Natural 6x100g,DANACOL,Emb. 0.6 KG,"2,99€","4,98€ / KG",
PEPITAS DE CHOCOLATE DE LEITE,TABLIER BLANC,Emb. 0.1 KG,"1,99€","19,90€ / KG",
Vinho Regional Bairrada Tinto,MARQUES DE MARIALVA,Garrafa 0.75 LT,"4,99€","6,65€ / LT",
Óleo Intense 6-10 Louro Escuro,SYOSS,,"6,24€",/ Unid.,
Creme Remodelador Q10 Plus,NIVEA,Emb. 0.3 LT,"10,99€","36,63€ / LT",
Conserva de Pickles em Vinagre,FERBAR,Frasco 0.345 KG,"1,09€","3,16€ / KG",
CONE CARAMELO/BAUNILHA/ MANTEIGA SALG 6UN,TRIUM,Emb. 6 UNID.,"2,49€","0,42€ / UNID.",
Alimento Húmido P/ Gato C/ Peixe e Molho Espinafres,GOURMET GOLD,Emb. 0.085 KG,"0,75€","8,82€ / KG",
Corta Ramos C/ Cremalheira,BEAUX JOURS,Emb. 1 UNID.,"12,49€","12,49€ / UNID.",
Néctar Clássico Pêssego,COMPAL,Emb. 1 LT,"0,99€","0,99€ / LT",
MIOLO DE CAMARAO 80/120,PÊCHE OCÉAN,Emb. 0.25 KG,"3,98€","15,92€ / KG",
Iogurte Líquido Morango Banana 4x155g,DANONE,Emb. 0.62 KG,"1,69€","2,73€ / KG",
BEBIDA SOJA CHOC LIGHT 3x250ML,ALPRO,Emb. 0.75 LT,"2,19€","2,92€ / LT",
Lenços de bolso Renova Kids,LENÇOS RENOVA,Emb. 10 UNID.,"1,19€","0,12€ / UNID.",
Couve Flor em Floretes Ultracongelado,,Emb. 1 KG,"1,59€","1,59€ / KG",
Brownie de Chocolate com Pepitas de Chocolate,P'TIT DÉLI,Emb. 0.24 KG,"2,19€","9,13€ / KG",
LENCOS FACIAIS 3F,CARESSE,Emb. 150 UNID.,"1,49€","0,01€ / UNID.",
Molho Whisky Cocktail,CALVÉ,Frasco 0.253 KG,"2,59€","10,24€ / KG",
Gelatina Light Limão,ROYAL,Emb. 0.031 KG,"1,87€","60,32€ / KG",
NATAS GORDAS UHT SEMI-ESPESSAS COM 30 % M.G.,DÉLISSE,Emb. 0.6 KG,"2,49€","4,15€ / KG",
Caldo Carne 16 Cubos,MAGGI,Emb. 0.16 KG,"2,09€","13,06€ / KG",
PICKLES EM VINAGRE FERBAR 680G,FERBAR,Emb. 0.68 KG,"1,69€","2,49€ / KG",
Máscara Hidrata Leite de Coco,HERBAL ESSENCES,Emb. 0.25 LT,"3,99€","15,96€ / LT",
Vinho Regional Alentejano Tinto,PORTA DA RAVESSA,Garrafa 0.75 LT,"5,93€","7,91€ / LT",
BL1 LED STANDARD 8W-75W E27 LUZ AMARELA,FOXTER,Emb. 1 UNID.,"5,99€","5,99€ / UNID.",
IOGURTE NATURAL FRASCO,DÉLISSE,Emb. 1 KG,"2,05€","2,05€ / KG",
Xarope de Groselha,FRUCCI,Garrafa 1 LT,"2,49€","2,49€ / LT",
Café Ricoré,DOLCE GUSTO,Emb. 16 CAPS.,"5,95€","0,37€ / CAPS.",
Esparregado,IGLO,Emb. 0.75 KG,"3,99€","5,32€ / KG",
MASSA ESPIRAIS,CAÇAROLA,Emb. 0.5 KG,"1,09€","2,18€ / KG",
MOUSSE BOVINO E AVES P/ GATO BIO 200G,PLENIMA,Emb. 0.2 KG,"1,27€","6,35€ / KG",
YOFU SOJA PESSEGO/EXOTI 4x125G,ALPRO,Emb. 0.5 KG,"2,89€","5,78€ / KG",
Molho Poke Bowl,PALADIN,Emb. 0.25 LT,"2,19€","8,76€ / LT",
QUALITA ORO CAFE GRÃO,LAVAZZA,Emb. 0.5 KG,"6,89€","13,78€ / KG",
Elixir Total Care Zero,LISTERINE,Emb. 0.5 LT,"6,43€","12,86€ / LT",
Vinho Branco do Douro,CADÃO,Emb. 0.75 LT,"3,85€","5,13€ / LT",
FORMAS DE ALUMINIO 2 L 5UN,ELEMBAL,Emb. 5 UNID.,"3,99€","0,80€ / UNID.",
ALCOOL ETILICO 96º,PRIMOPLAST,Emb. 0.25 LT,"0,79€","3,16€ / LT",
Caldo para Arroz,KNORR,Emb. 8 CUBOS,"1,39€","0,17€ / CUBOS",
Snack P/ Cão Médio/Grande +10kg,FRISKIES,Emb. 7 UNID.,"2,99€","0,43€ / UNID.",
TAMPAO COMPACTO NORMAL,DOULYS,Emb. 20 UNID.,"2,29€","0,11€ / UNID.",
Leite Condensado Cozinha,NESTLÉ,Emb. 0.397 KG,"1,54€","3,88€ / KG",
ALIMENTO HUMIDO COELHO/RIM/BORREGO/PATO/SALMAO 4X85G,LYCAT,Emb. 0.34 KG,"1,89€","5,56€ / KG",
Esparguete Carbonara,CÔTÉ TABLE,Emb. 0.33 KG,"2,85€","8,64€ / KG",
Crackers Integrais,EPI D'OR,Emb. 0.5 KG,"1,69€","3,38€ / KG",
Bacalhau Especial Noruega Asa Branca,,1 Unid. = 4 KG (aprox.),"15,99€/kg","63,96€ / Unid.",
BLEU AUVERGNE AOC,NOS RÉGIONS ONT DU TALENT,Emb. 0.125,"1,69€","13,52€ /",
Gelado de Chocolate Branco e Amêndoas Pack 4,MAGNUM,Emb. 0.44 LT,"4,99€","11,34€ / LT",
Spray Limpa Fornos e Grelhadores,CIF,Emb. 0.435 LT,"2,49€","5,72€ / LT",
Maionese,RUSTICA,Emb. 0.225 LT,"1,19€","5,29€ / LT",
BOLACHA QUAD. RECHEADA C/ MORANGO X16,P'TIT DÉLI,Emb. 0.295 KG,"0,95€","3,22€ / KG",
Iogurte Líquido Sabor a Morango 6x180g,DÉLISSE,Emb. 1.08 KG,"1,99€","1,84€ / KG",
Massa P/ Pizza,TABLIER BLANC,Emb. 0.26 KG,"0,99€","3,81€ / KG",
Alimento Seco P/ Cão Frango C/ Arroz,PURINA,Emb. 1.5 KG,"8,65€","5,77€ / KG",
Ficha Tripla 2X10X16A+1X6A,ECO+,Emb. 1 UNID.,"1,79€","1,79€ / UNID.",
Sticks Dentários Vaca Frango Borrego 15 Unid.,TOUS MES AMIS,Emb. 0.125 KG,"1,39€","11,12€ / KG",
Iogurte Líquido DanUp Manga Tangerina 4x155g,DANONE,Emb. 0.62 KG,"1,69€","2,73€ / KG",
Conserva de Feijão Encarnado,COMPAL,Lata 0.845 KG,"1,59€","1,88€ / KG",
Creme Hidratante,NIVEA,Emb. 0.075 LT,"2,49€","33,20€ / LT",
Loção Corporal Advanced Repair,VASELINE,Emb. 0.2 LT,"2,14€","10,70€ / LT",
Sal Máquina Loiça Anti-Calcário,SUN,Emb. 1 KG,"1,49€","1,49€ / KG",
Papas de Aveia com canela,NACIONAL,Emb. 0.06 KG,"1,19€","19,83€ / KG",
ARROZ BASMATI PRE COZIDO EXPRESS,COMPTOÍR DU GRAIN,Emb. 0.25 KG,"1,09€","4,36€ / KG",
Iogurte Morango e Banana 0% Açúcar 4 Unid.,IOGOLINO,Emb. 0.4 KG,"2,85€","7,13€ / KG",
Iogurte Líquido Straciatella 4x155g,DANONE,Emb. 0.62 KG,"1,69€","2,73€ / KG",
Creme Hidratante Caixa Família,NIVEA,Emb. 0.25 LT,"5,59€","22,36€ / LT",
Espanador,SILLAGE,Emb. 1 UNID.,"1,99€","1,99€ / UNID.",
Iogurte Bifidus Cremoso Coco 4 Unid.,DANONE,Emb. 0.48 KG,"1,99€","4,15€ / KG",
Alimento Seco P/ Gato Carne Vaca Frango Legumes,PURINA FRISKIES,Emb. 4 KG,"15,99€","4,00€ / KG",
PENSOS HIGIENICOS NORMAL C/ ALAS ECOLOGICOS 14UN,UNÍ VERT,Emb. 14 UNID.,"1,45€","0,10€ / UNID.",
PILHAS RECARGAVEIS HR03,FOXTER,Emb. 4 UNID.,"4,89€","1,22€ / UNID.",
Café Moagem Universal Lote Chávena Moída 2x250g,DELTA,Emb. 0.5 KG,"4,95€","9,90€ / KG",
Champô Cabelos Normais Fructis Anti Caspa 2 em 1,GARNIER,Emb. 0.25 LT,"3,95€","15,80€ / LT",
Coloração 1-4 Preto Azulado,SYOSS,,"4,99€",/ Unid.,
"Gel Duche ""Petalas""",MANAVA,Emb. 0.25 LT,"1,19€","4,76€ / LT",
Óleo para Bebé,JOHNSON'S BABY,Emb. 0.3 LT,"3,55€","11,83€ / LT",
Vinho Regional Douro Tinto,CISTUS,Garrafa 0.75 LT,"5,49€","7,32€ / LT",
POSTA PESCADA Nº5 COZER,PÊCHE OCÉAN,Emb. 0.8 KG,"5,99€","7,49€ / KG",
"Amaciador Concentrado ""Fragância de Provence"" 3 Unid.",HYPERDOU,Emb. 0.25 LT,"1,19€","4,76€ / LT",
Donuts,,1 Unid. = 0.045 KG,"0,39€","8,67€ / KG",
Salada de Atum à Catalane,COTE SNACK,Lata 0.25 KG,"1,99€","7,96€ / KG",
Espuma Limpa Carpetes e Estofos Tira Nódoas,VANISH,Emb. 0.6 LT,"5,19€","8,65€ / LT",
TABULEIRO 40*25,ECO+,Emb. 1 UNID.,"6,99€","6,99€ / UNID.",
BALDE DE AZEITONAS MACANILHA MISTAS INTEIRAS,RUSTICA,Emb. 3.5 KG,"5,99€","1,71€ / KG",
Vinho Tinto,MONTES ERMOS,Bag in Box 5 LT,"9,89€","1,98€ / LT",
Pensos Incontinência Discreet Maxi Night,AUSONIA,Emb. 12 LT,"7,89€","0,66€ / LT",
Gel de Banho Corpo e Zona Íntima Suave,CORINE DE FARME,Emb. 0.25 LT,"2,49€","9,96€ / LT",
JOGO 4 TAPETES EM ALCATIFA 1UN TECH9,TECH9,Emb. 1 UNID.,"11,99€","11,99€ / UNID.",
Sais de Fruta Digestivo Laranja,ENO,Emb. 10 UNID.,"4,99€","0,50€ / UNID.",
AGUA PEDRAS TANGERINA 4X25 CL,PEDRAS,,"2,39€",/ Unid.,
Argolas do mar,PESCANOVA,Emb. 1 KG,"9,99€","9,99€ / KG",
Folhas de Orégãos,RUSTICA,Frasco 0.008 KG,"0,55€","68,75€ / KG",
LIEGEOIS FRAMBOISE DEL,DÉLISSE,Emb. 0.4 KG,"1,69€","4,23€ / KG",
TORTILLAS CHIPS NATURE,ECO+,Emb. 0.3 KG,"1,59€","5,30€ / KG",
TIRAS ADERENTES C/DISPENSADOR 24F 4UN,ESQUISSE,Emb. 4 UNID.,"0,99€","0,25€ / UNID.",
Café Mythiq Intensidade 15,DELTA,Emb. 10 UNID.,"2,99€","0,30€ / UNID.",
Chouriço Corrente de Vinho - PDTO Lamego,SNR,Emb. 0.26 KG,"1,79€","6,88€ / KG",
Ração Húmida Gato Fantastic Banquete do Mar,FELIX,Emb. 0.34 KG,"2,59€","7,62€ / KG",
PISTACHIOS TORRADO S/SAL,TOKAPI,Emb. 0.125 KG,"2,19€","17,52€ / KG",
Arroz Agulha,ORIENTE,Emb. 1 KG,"1,38€","1,38€ / KG",
FLOR DE SAL MARINHO DE COZINHA DA ILHA DE RE (FRANCA),NOS RÉGIONS ONT DU TALENT,Emb. 0.125 KG,"2,39€","19,12€ / KG",
Bolachas Sprits,ECO+,Emb. 0.4 KG,"1,79€","4,48€ / KG",
Toalhitas Secas Limpa Chão,CLAIR,Emb. 15 UNID.,"1,99€","0,13€ / UNID.",
Cuecas Menino 3 aos 5 Anos 16-23 kg,HUGGIES,Emb. 16 UN,"8,99€","0,56€ / UN",
Orégãos Folhas,MARGÃO,Emb. 0.01 KG,"1,79€","179,00€ / KG",
ESTENDAL HORIZONTAL SEMI-AUTOMATICO 24,HOMESIDE,Emb. 1 UNID.,"25,99€","25,99€ / UNID.",
Puré Maçã S/ Adição de Açúcar,DOUCEUR DU VERGER,Emb. 1.6 KG,"3,99€","2,49€ / KG",
10 LAPIS GRAFITE HB,ECO+,Emb. 10 UNID.,"0,99€","0,10€ / UNID.",
PERSIL LAVANDA GEL,PERSIL,Emb. 65 DOSES,"12,49€","0,19€ / DOSES",
Gel de Banho Active Clean,NIVEA MEN,Emb. 0.5 LT,"5,89€","11,78€ / LT",
Vinho do Porto Offley Tawny,OFFLEY,Garrafa 0.75 LT,"4,69€","6,25€ / LT",
WC Explosão Cítrica,NEO BLANC,Emb. 2 UNID.,"4,49€","2,25€ / UNID.",
Alimento Seco Completo P/ Cães Pequenos,TOUS MES AMIS,Emb. 1 KG,"2,19€","2,19€ / KG",
"MINAS P/LAPISEIRA HB 0,5MM 2UN",ESQUISSE,Emb. 2 UNID.,"0,59€","0,30€ / UNID.",
Tortellini de Ricotta e Espinafres,KNORR,Emb. 0.25 KG,"3,09€","12,36€ / KG",
Pantene Volume & Brilho Champô 250 ml,,Emb. 0.25 LT,"4,94€","19,76€ / LT",
Chicorée Café com Leite Instantâneo,PLANTATION,Emb. 0.4 KG,"4,45€","11,13€ / KG",
Snack Batata Sabor Paprika,TOKAPI,Emb. 0.17 KG,"1,95€","11,47€ / KG",
Papa Infantil 5 Frutos,CERELAC,Emb. 0.25 KG,"2,39€","9,56€ / KG",
Vinho Regional Alentejo Tinto,PORTA DA RAVESSA,Garrafa 0.75 LT,"2,96€","3,95€ / LT",
Vinho Regional Douro Tinto Reserva,ADEGA DE VILA REAL,Garrafa 0.75 LT,"3,29€","4,39€ / LT",
Queijo Flamengo Fatiado,NOVA AÇORES,Emb. 0.2 KG,"1,89€","9,45€ / KG",
BISCOITOS DE CANELA,P'TIT DÉLI,Emb. 0.4 KG,"1,55€","3,88€ / KG",
Cereais Corn Flakes Original,KELLOGG'S,Emb. 0.5 KG,"2,24€","4,48€ / KG",
Elixir Max White,COLGATE,Emb. 0.5 LT,"6,48€","12,96€ / LT",
Leite Proteíco Stay Strong,MINUS L,Emb. 1 LT,"2,19€","2,19€ / LT",
TABUA ENGOMAR,ECO+,Emb. 1 UNID.,"22,99€","22,99€ / UNID.",
Refrigerante C/ Gás Mini Cola 12 Unid.,JEAN'S,Emb. 1.8 LT,"3,99€","2,22€ / LT",
Pastilhas Elásticas Senses Rainforest Mint 3x23g,TRIDENT,Emb. 0.069 KG,"2,47€","35,80€ / KG",
Iogurte Líquido Morango 12 Unid.,ACTIMEL,Emb. 1.2 LT,"4,39€","3,66€ / LT",
B&J Caramel Chew Chew 465ml,,Emb. 0.465 LT,"6,79€","14,60€ / LT",
SACO ARRUMACAO MALEAVEL,SILLAGE,Emb. 1 UNID.,"2,59€","2,59€ / UNID.",
Esfregona Estampada,,Emb. 2 UNID.,"2,99€","1,50€ / UNID.",
Pão de Forma Especial Torradas com Côdea,EPI D'OR,Emb. 0.8 KG,"1,74€","2,18€ / KG",
ESTENDAL VERTICAL 45M,HOMESIDE,Emb. 1 UNID.,"49,99€","49,99€ / UNID.",
Massa Folhada Pronta a Desenrolar sem Glúten,CHAQUE JOUR SANS GLUTEN,Emb. 0.28 KG,"2,53€","9,04€ / KG",
Bic Lâminas Descartáveis Miss Soleil 3 + 1 Unidades,BIC,Emb. 3 UNID.,"3,89€","1,30€ / UNID.",
Creme Hidratante com Água Floral de Rosa,GARNIER,Emb. 0.05 LT,"5,93€","118,60€ / LT",
Café Delta Em Grão Torrado Chávena,DELTA,Emb. 1 KG,"12,95€","12,95€ / KG",
SORTIDO MINI PAES/CROISSANTS CHOCOLATE 12UN,EPI D'OR,Emb. 0.372,"3,59€","9,65€ /",
Chocolate de Leite,MILKA,Emb. 0.09 KG,"1,57€","17,44€ / KG",
Massa Farfalle,TURINI,Emb. 0.5 KG,"0,99€","1,98€ / KG",
Gomas de Ovos,COPAÍNS COPINES,Emb. 0.3 KG,"1,34€","4,47€ / KG",
Massa Cuscus,TURINI,Emb. 0.25 KG,"0,55€","2,20€ / KG",
Sobremesa Chocolate Mix'n Croc Color Chocolate 4x120g,DÉLISSE,Emb. 0.48 KG,"1,99€","4,15€ / KG",
Patê Terrine Campestre Confit de Figado 3x180 g,,Frasco 0.54 KG,"2,89€","5,35€ / KG",
Pantene Aqua Light Champô,PANTENE PV,Emb. 0.25 LT,"3,95€","15,80€ / LT",
IOGURTE LIQUIDO MORANGO,DÉLISSE,Emb. 0.72 KG,"1,09€","1,51€ / KG",
Bolachas Uva,NAT&VIE,Emb. 0.2 KG,"1,69€","8,45€ / KG",
Fraldas Bebé T3 ACTIV+ 4/9 Kg,MOTS D'ENFANTS,Emb. 47 UNID.,"7,89€","0,17€ / UNID.",
MINI PIZZAS QUEIJO E FIAMBRE 9UN,TURINI,Emb. 0.27,"2,39€","8,85€ /",
Polpa de Tomate,GULOSO,Frasco 0.5 LT,"0,79€","1,58€ / LT",
BARRA CEREAL CH.KRISPIES 6X20,KELLOGG'S,Emb. 6 UNID.,"2,45€","0,41€ / UNID.",
MOLHO CESAR COM GRANA PADANO E ALHO,RUSTICA,Emb. 0.05 LT,"2,29€","45,80€ / LT",
Iogurte Natural de Soja Côco,ALPRO SOYA,Emb. 0.5 KG,"2,89€","5,78€ / KG",
Desodorizante Roll-On Cool Fresh,DOVE,Emb. 0.05 LT,"2,69€","53,80€ / LT",
Iogurte Líquido Tutti Frutti 6 Unid.,ACTIMEL,Emb. 0.6 KG,"2,59€","4,32€ / KG",
Bebida Energética Mango Loco Energy Juiced,MONSTER ENERGY,Emb. 0.05 LT,"1,20€","24,00€ / LT",
Vinho Regional Minho Branco,AVELEDA,Garrafa 0.75 LT,"5,89€","7,85€ / LT",
SUMO 100% LARANJA C/POLPA REFRIGERADO,ECO+,Emb. 1 LT,"1,49€","1,49€ / LT",
Mini Bolos de Mármore de Chocolate,P'TIT DÉLI,Emb. 0.378 KG,"2,95€","7,80€ / KG",
AZEITONA VERDE COM PIMENTO,RUSTICA,Emb. 0.8 KG,"2,34€","2,93€ / KG",
Amaciador para Roupa Nature Rosa & Maçã Verde Ultra Concentrado,COMFORT,Emb. 60 DOSES,"3,99€","0,07€ / DOSES",
4 LAPIS GRAFITE HB C/BORRACHA,ESQUISSE,Emb. 4 UNID.,"0,49€","0,12€ / UNID.",
Leite Bem Essencial UHT Meio Gordo 3 Unid.,MIMOSA,Emb. 0.6 LT,"1,09€","1,82€ / LT",
CARTE D'OR BAUNILHA 1L,CARTE D'OR,Emb. 1 LT,"2,89€","2,89€ / LT",
Yofu Natural Sem Açúcar 500g,,Emb. 0.5 KG,"2,39€","4,78€ / KG",
Estrella Damm Cerveja de Espanha Pack 6X25CL,ESTRELLA DAMM,,"3,19€",/ Unid.,
Whisky Bourbon,JOHN DAVON'S,Garrafa 0.7 LT,"10,99€","15,70€ / LT",
Bebida Amêndoa S/ Açúcar,NAT&VIE,Emb. 1 LT,"1,69€","1,69€ / LT",
STICKS FLUOR CALCIO P/ CAO 10UN,P'TIT AMI,Emb. 1 UNID.,"1,25€","1,25€ / UNID.",
Conserva de Bacalhau em Azeite e Alho,PITEU,Emb. 0.12 KG,"2,39€","19,92€ / KG",
Creme Barbear Sensitive,PALMOLIVE,Emb. 0.1 LT,"2,29€","22,90€ / LT",
PATE CAMPESTRE -25% TEOR SAL 150G,TRADILÈGE,,"1,99€",/ Unid.,
Cápsulas Café Ristretto Ardenza,DOLCE GUSTO,Emb. 16 CAPS.,"5,95€","0,37€ / CAPS.",
Discos Activos Gel WC Lime Zest,PATO,Emb. 0.036 LT,"4,39€","121,94€ / LT",
CAPSULAS CAFE COMP C/ DG - SUAVE INT7,PLANTATION,Emb. 16 UNID.,"2,44€","0,15€ / UNID.",
CORN FLAKES NATURE,,,"1,85€",/ Unid.,
Néctar Essencial Pêssego 3x110ml,COMPAL,Emb. 0.33 LT,"1,79€","5,42€ / LT",
Massa Laços,MILANEZA,Emb. 0.5 KG,"1,79€","3,58€ / KG",
Bolachas Recheadas de Laranja,ECO+,Emb. 0.3 KG,"1,39€","4,63€ / KG",
Vinho Tinto do Douro,DUAS QUINTAS,Emb. 0.75 LT,"12,98€","17,31€ / LT",
Pacotinho de Frutas Maçã Banana e Aveia +6 meses,NESTLÉ BEBÉ,Emb. 0.09 KG,"0,98€","10,89€ / KG",
RECARGA LIMPA VIDROS ECOLOGICO,UNÍ VERT,Emb. 0.75 LT,"1,49€","1,99€ / LT",
Pensos Higiénicos Cottonlike Normal Alas,EVAX,Emb. 1 P,"2,59€","2,59€ / P",
Água Nascente S/ Gás,ECO+,Garrafão 6 LT,"0,75€","0,13€ / LT",
Ketchup Top Down,HEINZ,Emb. 0.46 KG,"3,39€","7,37€ / KG",
Batatas Fritas Onduladas Sabor a Presunto,POM'LISSE,Emb. 0.185 KG,"1,19€","6,43€ / KG",
DESODORIZANTE SPRAY SEDUCTION MEN 200ML,CARRÉ HOMME,Emb. 0.2 LT,"1,19€","5,95€ / LT",
Coloração 5-29 Vermelho Intenso,SYOSS,,"4,99€",/ Unid.,
Liegeois Chocolate e Café 4x100g,DÉLISSE,Emb. 0.8 KG,"2,75€","3,44€ / KG",
DOURADINHOS FRANGO 18UN,CÔTÉ CROC,Emb. 0.4 KG,"4,99€","12,48€ / KG",
CREME REVITALIZANTE Q10 MEN 50ML,CARRÉ HOMME,Emb. 0.05 LT,"2,29€","45,80€ / LT",
Lápis para Colorir,ESQUISSE,Emb. 12 UNID.,"1,29€","0,11€ / UNID.",
Açafrão das Índias,MARGÃO,Emb. 0.037 KG,"2,59€","70,00€ / KG",
Amaciador de Roupa Pure,COMFORT,Emb. 4 LT,"4,49€","1,12€ / LT",
Ambientador Pure Happiness Laranja e Neroli Aromatherapy,GLADE,Emb. 0.08 LT,"8,39€","104,88€ / LT",
Miolo de Amêndoa Torrada com Sal,,Emb. 0.2 KG,"3,99€","19,95€ / KG",
BATATAS FRITAS POM´LISSE,POM'LISSE,Emb. 0.15 KG,"1,09€","7,27€ / KG",
Gel Duche + Champô Boise,MANAVA,Emb. 0.25 LT,"1,29€","5,16€ / LT",
"CROQUETES CAO MINI ADULTO 1,5KG 1,5KG LYDOG",PLENIMA,Emb. 1.5 KG,"4,99€","3,33€ / KG",
Gelado de Chocolate Pack 6,CORNETTO,Emb. 0.54 LT,"4,30€","7,96€ / LT",
Queijo Petit Brie,ECO+,Emb. 0.5 KG,"3,49€","6,98€ / KG",
ENVELOPE SILICONE KRAFT 162X229MM,ESQUISSE,Emb. 25 UNID.,"0,90€","0,04€ / UNID.",
Chouriço Corrente 2x100gr,PRIMOR,Emb. 0.2 KG,"1,39€","6,95€ / KG",
Dentífrico Junior,,Emb. 0.075 LT,"2,59€","34,53€ / LT",
Alimento Seco para Cães Pequenos Croquetes,LYDOG,Emb. 2 KG,"3,99€","2,00€ / KG",
GEL DEPILATORIO SENHORA PELE SENSIVEL 200ML,SILISS,Emb. 200 ML,"1,99€","0,01€ / ML",
Caderno Agrafado Quadriculado C. PP A5 48F,ESQUISSE,Emb. 1 UNID.,"1,41€","1,41€ / UNID.",
Champo Bebé Extra Suave 500 Ml+250ml Grátis,CORINE DE FARME,Emb. 0.75 LT,"4,84€","6,45€ / LT",
FITA METRICA 5M FOXTER,FOXTER,Emb. 1 UNID.,"3,35€","3,35€ / UNID.",
Vinagre de Vinho Tinto Cabernet Sauvignon,GALLO,Emb. 0.25 LT,"1,99€","7,96€ / LT",
GELADO BAUNILHA / NOZ PECAN,ESKISS,Emb. 1 LT,"3,49€","3,49€ / LT",
Pantene Caracóis Perfeitos Champô,PANTENE PV,Emb. 0.25 LT,"3,98€","15,92€ / LT",
B&J Strawb CheeseCake 465ml,,Emb. 0.465 LT,"6,79€","14,60€ / LT",
Sobremesa Láctea Natual Açúcarado +6 Meses,BIO VILLAGE BEBE,Emb. 0.4 KG,"2,29€","5,73€ / KG",
Sobremesa Láctea de Pêra +6 Meses 4 Unid.,BIO VILLAGE BEBE,Emb. 0.4 KG,"2,29€","5,73€ / KG",
Sumo de Manga,UM BONGO,Emb. 1 LT,"1,39€","1,39€ / LT",
Vinho Regional Alentejo Tinto,HERDADE DOS GROUS,,"14,59€",/ Unid.,
Vinho Regional Bairrada Tinto,MARQUES DE MARIALVA,Garrafa 0.75 LT,"8,79€","11,72€ / LT",
TAMPAO NORMAL,UNÍ VERT,Emb. 16 UNID.,"1,55€","0,10€ / UNID.",
DENTRIFICO EXPERT ULTRA BRANQUEADOR,DENTAMYL,Emb. 0.075 LT,"0,95€","12,67€ / LT",
Gelatina Ananás 4 Unid.,ROYAL,Emb. 0.4 KG,"1,99€","4,98€ / KG",
Conserva de Tomate em Pedaços,GULOSO,Emb. 0.39 KG,"1,55€","3,97€ / KG",
Café Solúvel Sélection,PLANTATION,Frasco 0.2 KG,"2,89€","14,45€ / KG",
Iogurte Magro Morango Kiwi Banana E Pêssego 8 Unid.,MIMOSA,Emb. 0.96 KG,"2,49€","2,59€ / KG",
Sabonete Sólido Amêndoa Doce 6 Unid.,MANAVA,Emb. 6 UNID.,"3,29€","0,55€ / UNID.",
Cerveja com Álcool 24x20cl,SUPER BOCK,Emb. 4.8 LT,"9,99€","2,08€ / LT",
Iogurte Líquido Frutas Exóticas 6x100g,DANACOL,Emb. 0.6 KG,"2,99€","4,98€ / KG",
Ovas de Peixe Lapa vermelho,RONDE DES MERS,Emb. 0.1 KG,"3,99€","39,90€ / KG",
Robalo Cal. 600/800,,1 Unid. = 0.75 KG (aprox.),"9,99€/kg","7,49€ / Unid.",
"Mini Gelados de Chocolate Classic, de Amêndoas e de Branco Pack 6",MAGNUM,Emb. 0.33 LT,"2,99€","9,06€ / LT",
Café Solúvel Cappuccino Mocha,NESCAFÉ,Emb. 0.306 KG,"6,29€","20,56€ / KG",
CANETA ROLLER PONTA MEDIA VARIAS CORES,ESQUISSE,Emb. 3 UNID.,"1,25€","0,42€ / UNID.",
FITA COLA DUPLA FACE 25M X 50MM,FOXTER,Emb. 1 UNID.,"4,99€","4,99€ / UNID.",
Café Solúvel,DELTA,Frasco 0.1 KG,"2,19€","21,90€ / KG",
Tira-Nódoas em Spray,SKIP,Emb. 0.5 LT,"2,99€","5,98€ / LT",
Chispalhada S/ Corantes,NOBRE,Lata 0.42 KG,"1,76€","4,19€ / KG",
Cuecas Incontinência Discreet M,AUSONIA,Emb. 9 UNID.,"9,89€","1,10€ / UNID.",
Marmelada Extra,,Emb. 0.9 KG,"1,99€","2,21€ / KG",
Alimento Completo Cereais P/ Coelhos Anões,TOUS MES AMIS,Emb. 2.5 KG,"5,89€","2,36€ / KG",
Leite Bem Essencial C/ Chocolate UHT 4 Unid.,MIMOSA,Emb. 0.8 LT,"1,89€","2,36€ / LT",
Calippo Morango,OLÁ,Emb. 0.525 LT,"2,49€","4,74€ / LT",
Preparado para Bolo Fondant de Chocolate sem Glúten,CHAQUE JOUR SANS GLUTEN,Emb. 0.5 KG,"3,39€","6,78€ / KG",
VASSOURA RELVA FIXO ECO+,ECO+,Emb. 1 UNID.,"3,98€","3,98€ / UNID.",
Toalhitas WC Criança Origem Vegetal,MOTS D'ENFANTS,Emb. 60 UNID.,"1,65€","0,03€ / UNID.",
Creme Culinário Líquido Veggie,NAT&VIE,,"2,49€",/ Unid.,
Refrigerante C/ Gás Cola,ECO+,Garrafa 2 LT,"0,79€","0,40€ / LT",
Gel Efeito Molhado Extra Forte 3,VITANOVE,Emb. 0.3 L,"2,29€","7,63€ / L",
Bolo com Recheio de Morango 14 Unid.,,Emb. 0.42 KG,"2,15€","5,12€ / KG",
ALIMENT BEBE: PURE LEGUMES DE PROVENCA BIO +4M 2X120G,BIO VILLAGE BEBE,Emb. 0.4 KG,"1,45€","3,63€ / KG",
Luvas Domésticas Duplex Tamanho M,RENOVA LUVAS,Emb. 1 UNID.,"1,09€","1,09€ / UNID.",
"GELADO ""TYROLIA"" CAPPUCCINO",ESKISS,Emb. 0.65 LT,"1,99€","3,06€ / LT",
Alimento Seco P/ Gatos Esterilizados Salmão,PURINA FRISKIES,Emb. 1.5 KG,"6,99€","4,66€ / KG",
Cápsulas Café Expresso Peru Intensidade 8 Bio,DOLCE GUSTO,Emb. 12 CAPS.,"5,49€","0,46€ / CAPS.",
Iogurte Grego Natural 4x150g,DÉLISSE,Emb. 0.6 KG,"1,55€","2,58€ / KG",
Heinz Ketchup Squeezable,HEINZ,Emb. 0.342 KG,"2,89€","8,45€ / KG",
Bolachinhas Criança,BLÉDINA,Emb. 0.125 KG,"2,58€","20,64€ / KG",
Palmiers Biológicos,,Emb. 0.1 KG,"1,09€","10,90€ / KG",
Limpa Máquinas da Roupa,XAU,Emb. 0.25 LT,"3,99€","15,96€ / LT",
Vinho Regional Douro Tinto,ESTEVA,Garrafa 0.75 LT,"4,89€","6,52€ / LT",
Solha Congelada,,1 Unid. = 1 KG (aprox.),"3,99€/kg","3,99€ / Unid.",
Sardinha Congelada,,1 Unid. = 0.25 KG (aprox.),"3,99€/kg","1,00€ / Unid.",
Whisky Bourbon Jack Daniels,JACK DANIEL'S,Garrafa 0.7 LT,"23,89€","34,13€ / LT",
Creme Culinário de Coco,SHOYCE,Emb. 0.2 LT,"1,49€","7,45€ / LT",
Óleo Motor 5W30 FAP C4,TECH9,Emb. 5 LT,"29,99€","6,00€ / LT",
Vinho Tinto Bag in Box,ALMA DE PIAS,Emb. 5 LT,"6,79€","1,36€ / LT",
Batatas Fritas Lisas Caseiras,SNR,Emb. 0.4 UNID.,"1,99€","4,98€ / UNID.",
Café Solúvel Black Roast,NESCAFÉ,Emb. 0.2 KG,"4,79€","23,95€ / KG",
Alimento Seco P/  Gato Júnior Frango e Leite,PURINA FRISKIES,Emb. 1.5 KG,"6,99€","4,66€ / KG",
Bálsamo Lábios Rosy,VASELINE,Emb. 0.017 KG,"2,96€","174,12€ / KG",
Bloco Sanitário Limão,SONASOL,Emb. 0.05 KG,"1,94€","38,80€ / KG",
Iogurte Cereais e Baunilha 4 Unid.,IOGOLINO,Emb. 0.4 KG,"2,79€","6,98€ / KG",
Refrigerante C/ Gás S/ Açúcar Pack 6,COCA COLA,Emb. 1.98 LT,"4,30€","2,17€ / LT",
Morcela Preta com Cebola,TRADILÈGE,Emb. 0.375 KG,"2,99€","7,97€ / KG",
Escova Gengivas e Dentes,PARODONTAX,Emb. 1 UNID.,"4,25€","4,25€ / UNID.",
Cola Neoprene Líquida,FOXTER,Emb. 0.055 LT,"1,99€","36,18€ / LT",
Bretzel,,1 Unid. = 0.09 KG,"1,10€","12,22€ / KG",
Alecrim,MARGÃO,Emb. 0.015 KG,"1,39€","92,67€ / KG",
Folhado de Salsicha,,1 UNID.,"0,95€","0,95€ / UNID.",
Água Tónica,SPRINK'S,Garrafa 1.5 LT,"1,39€","0,93€ / LT",
Gel Banho Termal SPA,MANAVA,Emb. 0.75 LT,"1,69€","2,25€ / LT",
Azeite Subtil,GALLO,Garrafa 2 LT,"10,39€","5,20€ / LT",
Gelado Coco,TRIUM,Emb. 4 UNID.,"2,49€","0,62€ / UNID.",
MIRTILOS SELVAGENS,DOUCEUR DU VERGER,Emb. 0.65 KG,"4,99€","7,68€ / KG",
Chave Inglesa 200Mm,FOXTER,Emb. 1 UNID.,"4,89€","4,89€ / UNID.",
BOLSA CATALOGO 100UN,ECO+,Emb. 100 UNID.,"2,99€","0,03€ / UNID.",
Alimento Húmido para Cão Mini Adulto,PURINA ONE,Emb. 0.1 KG,"0,68€","6,80€ / KG",
Pastilha Elástica Canela sem Açúcar,CHICLETS,Emb. 0.017 KG,"0,89€","52,35€ / KG",
Cebolas,,Emb. 2 KG,"2,18€","1,09€ / KG",
Cerveja com Álcool,SAGRES,Garrafa 1 LT,"1,69€","1,69€ / LT",
CHAMPO CABELOS FRAGEIS E QUEBRADICOS 250ML,NATEIS,Emb. 0.25 LT,"1,69€","6,76€ / LT",
Pão de Forma sem Codea,EPI D'OR,Emb. 0.45 KG,"1,49€","3,31€ / KG",
Água sem Gás,SERRA DA ESTRELA,Garrafão 6 LT,"1,69€","0,28€ / LT",
GLISS ULTIMATE REPAIR CONDICIONADOR,GLISS,Emb. 0.2 LT,"2,24€","11,20€ / LT",
Pão Saloio,,1 Unid. = 0.4 KG,"0,90€","2,25€ / KG",
Mini Rissóis de Carne 20 Unid.,SNR,Emb. 0.4 KG,"3,30€","8,25€ / KG",
PUDIM FLAN C/ CARAMELO 12UN,DÉLISSE,Emb. 1.2 KG,"2,59€","2,16€ / KG",
BANDAS DEPILATORIAS CERA FRIA PELE SENSIVEL VIAGEM 20UN,SLISS,Emb. 0.2 LT,"1,95€","9,75€ / LT",
TEMPERO BARBECUE PARA CARNE DE PORCO E SACO P/ ASSAR,RUSTICA,Emb. 0.028 KG,"0,75€","26,79€ / KG",
Atum em Azeite,BOM PETISCO,Emb. 0.12 KG,"1,39€","11,58€ / KG",
Desodorizante Spray Invisible,MANAVA,Emb. 0.1 LT,"1,29€","12,90€ / LT",
Queijo Fatiado Flamengo,LIMIANO,Emb. 0.2 KG,"2,69€","13,45€ / KG",
Conjunto Borracha Mista,ESQUISSE,,"0,59€",/ Unid.,
Fita Adesiva Embalamento 66Metrosx50Mm,FOXTER,Emb. 1 UNID.,"1,99€","1,99€ / UNID.",
Liégeois Baunilha 8x100g,DÉLISSE,Emb. 0.8 KG,"2,75€","3,44€ / KG",
Cápsulas Café Latte Macchiato,DOLCE GUSTO,Emb. 16 CAPS.,"5,95€","0,37€ / CAPS.",
Cubos de Pão Tostado Alho e Ervas Especial Saladas,EPI D'OR,Emb. 0.06 KG,"0,59€","9,83€ / KG",
"DELICIA ""NAPOLITAIN"" 10UN",P'TIT DÉLI,Emb. 0.35 KG,"2,99€","8,54€ / KG",
MOLHO BARBECUE,RUSTICA,Emb. 0.28 KG,"1,19€","4,25€ / KG",
CAPS CAFE COMP C/ NESP XL FORTISSIMO,PLANTATION,40 UNID.,"7,49€","0,19€ / UNID.",
Maionese com Mostarda de Dijon com Baixo Teor de Gordura,RUSTICA,Emb. 0.45 KG,"1,35€","3,00€ / KG",
Bloco Sanitário power 5 duo pack lime,DOMESTOS,Emb. 0.11 KG,"2,74€","24,91€ / KG",
Caldos Legumes Desidratado Biológico 8x80g,,Emb. 0.08 KG,"1,39€","17,38€ / KG",
Vinho Regional Alentejo Tinto,REAL LAVRADOR,Garrafa 0.75 LT,"2,47€","3,29€ / LT",
CAVALINHA EM ÓLEO VEGETAL,PITEU,Emb. 0.12 KG,"0,96€","8,00€ / KG",
Creme Intensivo Corporal,DOVE,Emb. 0.15 LT,"2,59€","17,27€ / LT",
Cereais de Chocolate,CHOCAPIC,Emb. 0.625 KG,"3,52€","5,63€ / KG",
Vinho do Porto 10 Anos,FERREIRA,Garrafa 0.75 LT,"16,99€","22,65€ / LT",
CROQUETES CARNE DE VACA/FIGADO/LEG 400G LYCAT,LYCAT,Emb. 0.4 KG,"1,10€","2,75€ / KG",
Pantene Cuidado Clássico Champô 3 Em 1,PANTENE PV,Emb. 0.3 LT,"4,94€","16,47€ / LT",
"AMBIENTADOR MECHA ""FRUTOS VERMELHOS"" 375ML",BIEN AIR,Emb. 0.375 LT,"1,55€","4,13€ / LT",
Pensos Higiénicos Maxi/Super Sem Alas Fina e Segura,EVAX,Emb. 13 UNID.,"1,94€","0,15€ / UNID.",
Bolo com Recheio de Creme de Cacau e Leite 228 g,BOLLYCAO,Emb. 4 UNID.,"1,99€","0,50€ / UNID.",
Champanhe Bruto,POL CARSON,Garrafa 0.375 LT,"9,89€","26,37€ / LT",
Gelado de Nata,CARTE D'OR,Emb. 0.75 LT,"1,94€","2,59€ / LT",
Gel Banho 1/4 Creme Hidratante,MANAVA,Emb. 0.75 LT,"1,79€","2,39€ / LT",
DESODORIZANTE SPRAY ATTIRANT MEN 200ML,CARRÉ HOMME,Emb. 0.2 LT,"1,19€","5,95€ / LT",
ALMOFADA INSUFLAVEL VIAGEM,RIVERSIDE,Emb. 1 UNID.,"8,99€","8,99€ / UNID.",
Centrifugadora,ELSAY,Emb. 1 UNID.,"74,90€","74,90€ / UNID.",
Pano Multiusos Amarelo,SCOTCH BRITE,Emb. 2 UNID.,"2,39€","1,20€ / UNID.",
LIMPA MOVEIS C/CERA AEROSSOL,CLAIR,Emb. 0.3 LT,"1,69€","5,63€ / LT",
ALIMENTO HUMIDO EM GELEIA FRANGO/FIGADO/CENOURA P/ CAO 1230G,LYDOG,Emb. 1 KG,"2,05€","2,05€ / KG",
Snack de Batatas Finas Natural,TOKAPI,Emb. 0.17 KG,"1,95€","11,47€ / KG",
Leite Magro em Pó,DÉLISSE,Emb. 0.3 KG,"2,79€","9,30€ / KG",
Vinho Regional Alentejo Tinto,LOIOS,Garrafa 0.75 LT,"3,89€","5,19€ / LT",
Pasta Arquivo Lombada Larga Marmoreada,ESQUISSE,Emb. 1 UNID.,"1,69€","1,69€ / UNID.",
Snack P/ Cão Pequeno,FRISKIES,Emb. 0.35 KG,"2,99€","8,54€ / KG",
MINI SNACKS CARNE VACA P/ GATO 60G LYCAT,TOUS MES AMIS,Emb. 0.06 KG,"0,98€","16,33€ / KG",
TOALHITAS MOVEIS PERFUMADAS,CLAIR,Emb. 24 UNID.,"1,19€","0,05€ / UNID.",
Johnson's Gel de Banho Bons Sonhos,JOHNSON'S BABY,Emb. 0.5,"3,89€","7,78€ /",
Gomas Feijões,COPAÍNS COPINES,Emb. 0.2 KG,"1,49€","7,45€ / KG",
Paprika Frasco,MARGÃO,Emb. 0.04 KG,"2,19€","54,75€ / KG",
CEREAIS RECHEADOS C/ CHOCO,P'TIT DÉLI,Emb. 0.65 KG,"2,89€","4,45€ / KG",
TERRINA VACA/CENOURA P/ CAO 1230G,LYDOG,Emb. 1.23 KG,"2,39€","1,94€ / KG",
GELADO TRIUM LIMAO MERENGADO COB. CHOCO BRANCO 4UN,TRIUM,Emb. 4 UNID.,"2,39€","0,60€ / UNID.",
Bolachas Cream Cracker Nova Receita,VIEIRA,Emb. 0.2 KG,"1,19€","5,95€ / KG",
Stiks Sortido 108g,TOUS MES AMIS,Emb. 0.104 KG,"0,59€","5,67€ / KG",
Massa Cotovelos,ECO+,Emb. 0.5 KG,"0,65€","1,30€ / KG",
Creme P/ Barrar 59% M.G. Rico Omega 3,NAT&VIE,Emb. 0.5 KG,"1,99€","3,98€ / KG",
VELA NUMERO - 0,ARDENCE,Emb. 1 UNID.,"0,89€","0,89€ / UNID.",
Snack Fruut Maça Vermelha Doce Sem Açúcar 60g,,Emb. 0.06 KG,"1,95€","32,50€ / KG",
Syoss Oieo Intense 5-54 Castanho Claro Cendré,SYOSS,,"6,24€",/ Unid.,
Desodorizante,REXONA,Emb. 0.05 LT,"2,69€","53,80€ / LT",
Água C/ Gás 6 Unid.,SAINT DIERY,Emb. 3 LT,"1,59€","0,53€ / LT",
Sopa Económica Rabo de Boi,KNORR,Emb. 0.06 KG,"1,09€","18,17€ / KG",
Vinho Regional Douro Branco,ADEGA DE VILA REAL,Garrafa 0.75 LT,"2,66€","3,55€ / LT",
Arroz Estufado,CAÇAROLA,Emb. 1 KG,"1,24€","1,24€ / KG",
Gel De Banho Hidra Essencial,VASELINE,Emb. 0.7 LT,"3,59€","5,13€ / LT",
MINI SNACKS HIGIENE DENTARIA P/ GATO,TOUS MES AMIS,,"0,79€",/ Unid.,
Tempero Chili com Carne 4 porções,KNORR,Emb. 0.042 KG,"1,29€","30,71€ / KG",
Azeite Virgem,OLIVEIRA DA SERRA,Garrafa 0.75 LT,"3,58€","4,77€ / LT",
Salsichas Cocktail,TRADILÈGE,Emb. 0.4 KG,"3,39€","8,48€ / KG",
COLORACAO VEGETAL HENA COBRE BIO,BIONAÏA,Emb. 1 UNID.,"6,99€","6,99€ / UNID.",
MINI SPRAY FLORAL RECARGA 15ML,BIEN AIR,Emb. 0.015 LT,"0,90€","60,00€ / LT",
Chantilly,PRÉSIDENT,Emb. 0.25 Kg,"2,59€","10,36€ / Kg",
Néctar Clássico Ananás,COMPAL,Emb. 1 LT,"1,65€","1,65€ / LT",
MARCADORES P/QUADRO BRANCO 4UN,ESQUISSE,Emb. 1 UNID.,"1,49€","1,49€ / UNID.",
SACOS P/ CONTENTORES DO LIXO 240L,ELEMBAL,Emb. 10 UNID.,"3,49€","0,35€ / UNID.",
Maionese Heinz Cebola E Alho Td 400ml,HEINZ,Emb. 0.4 LT,"3,69€","9,23€ / LT",
Brócolos Ultracongelados,BONDUELLE,Emb. 0.4 KG,"1,89€","4,73€ / KG",
CONDICIONADOR ALISANTE,VITANOVE,Emb. 0.2 LT,"1,24€","6,20€ / LT",
Leite Magro em Pó,DÉLISSE,Emb. 0.75 KG,"6,29€","8,39€ / KG",
Chipicao Original,CHIPICAO,Emb. 0.057 KG,"0,95€","16,67€ / KG",
Cereais Cookie'z Chocolate,NACIONAL,Emb. 0.3 KG,"1,69€","5,63€ / KG",
Espumante Meio Seco,SALVE,Garrafa 0.75 LT,"2,79€","3,72€ / LT",
ESCOVAS INTERDENTAIS X5,DENTAMYL,Emb. 5 UNID.,"1,24€","0,25€ / UNID.",
Aperitivo,RICARD,Garrafa 0.7 LT,"13,49€","19,27€ / LT",
Bebida de Soja Choco 3x200ML,SHOYCE,Emb. 0.6 LT,"1,69€","2,82€ / LT",
PANO MICROFIBRAS MULTI-USO PRO,TECH9,Emb. 1 UNID.,"1,09€","1,09€ / UNID.",
PAPEL ALUMINIO 20M,ELEMBAL,Emb. 20 M,"1,49€","0,07€ / M",
Refrigerante C/ Gás Cola,JEAN'S,Garrafa 1.5 LT,"1,05€","0,70€ / LT",
Barra de Cereais Croffee Aveia/Amêndoa e Canela,CROFFEE,Emb. 0.11 KG,"1,99€","18,09€ / KG",
POSTA PESCADA Nº3 COZ,ECO+,Emb. 0.8 KG,"4,99€","6,24€ / KG",
Loção Íntima Sensitive Dystron,DYSTRON,Emb. 0.2 LT,"4,44€","22,20€ / LT",
Alimento Húmido para Cão Almôndegas de Carne Vaca,ECO+,Emb. 1 KG,"1,65€","1,65€ / KG",
Feijão Catarino Seco,NOTRE JARDIN,Emb. 0.5 KG,"1,09€","2,18€ / KG",
IOGURTE LIQUIDO SABOR MORANGO BANANA,DÉLISSE,Emb. 0.85 KG,"1,25€","1,47€ / KG",
Tirinhas de Bacon ao Natural 2x100g,TRADILÈGE,Emb. 0.2 KG,"2,19€","10,95€ / KG",
Cone Baunilha,TRIUM,Emb. 6 UNID.,"2,49€","0,42€ / UNID.",
Sorvete de Manga,TROFIC,,"1,99€",/ Unid.,
VELA NUMERADA N 6,,Emb. 1 UNID.,"0,59€","0,59€ / UNID.",
TIRA NODOAS OXIGENIO ACTIVO EM GEL 750ML,TEXIL,Emb. 0.75 LT,"2,19€","2,92€ / LT",
Massa Carbonara,KNORR,Emb. 0.062 KG,"1,89€","30,48€ / KG",
Salsichas Hot Dog 6 unid.,CÔTÉ TABLE,Emb. 0.25 KG,"1,49€","5,96€ / KG",
Assar de Novilho,,1 Unid. = 0.87 KG (aprox.),"5,99€/kg","5,21€ / Unid.",
RATO S/FIO PRETO,LINKSTER,Emb. 1 UNID.,"9,90€","9,90€ / UNID.",
GELADO TARTUFO,ESKISS,,"3,29€",/ Unid.,
Mel Top Down,NID D'ABEILLE,Emb. 0.5 KG,"3,49€","6,98€ / KG",
GRANOLA BAGAS GOJI E GROSELHA PRETA,GRAINEA,Emb. 0.35 KG,"2,99€","8,54€ / KG",
Alimento Seco P/ Gato Adulto Salmão,BEYOND,Emb. 0.35 KG,"2,99€","8,54€ / KG",
Mini Quadrados Chocolate Preto,EQUADOR,Emb. 0.2 KG,"2,79€","13,95€ / KG",
Rolo Cozinha 2 Folhas,MARQUE REPERE,Emb. 4 UNID.,"2,49€","0,62€ / UNID.",
Máquina Descartável Blue II 2 Lâminas,GILLETTE,Emb. 20 UNID.,"8,45€","0,42€ / UNID.",
Solha,,1 Unid. = 0.3 KG (aprox.),"5,98€/kg","1,79€ / Unid.",
Alimento Seco para Cão Frango e Arroz,ECO+,Emb. 4 KG,"6,49€","1,62€ / KG",
MORTADELA FATIADA,CAMPO FINO,Emb. 0.2 KG,"0,99€","4,95€ / KG",
Pão de Forma Integral com Côdea Receita Económica,PANRICO,Emb. 0.52 KG,"1,65€","3,17€ / KG",
"FRIZE RODELA LIMAO,,4x.25L",FRIZE,,"2,79€",/ Unid.,
Iogurte Líquido Morango Banana 4x155g,DANONE,Emb. 0.62 KG,"1,39€","2,24€ / KG",
Fralda Cueca T5 12/18KG Eco,MOTS D'ENFANTS,Emb. 20 UNID.,"6,99€","0,35€ / UNID.",
ESPARREGADO DE ESPINAFRES,CÔTÉ TABLE,Emb. 0.35 KG,"1,69€","4,83€ / KG",
Vinagre Balsâmico de Modena,,Garrafa 0.05 LT,"2,39€","47,80€ / LT",
PATE VACA P/ GATO 100G,ECO+,Emb. 0.1 KG,"0,27€","2,70€ / KG",
Azeite Virgem Extra Bio Frutado,GALLO,Emb. 0.75 LT,"4,99€","6,65€ / LT",
Gomas Amoras,COPAÍNS COPINES,Emb. 0.2 KG,"0,99€","4,95€ / KG",
GELADO 6 BAUNILHA / 6 CHOCOLATE,SMICY,Emb. 12 UNID.,"2,99€","0,25€ / UNID.",
Escova Multiusos,SILLAGE,Emb. 1 UNID.,"1,39€","1,39€ / UNID.",
CREME LIMPEZA  750ML,CLAIR,Emb. 0.75 LT,"0,79€","1,05€ / LT",
Creme de Marisco,KNORR,Emb. 0.06 KG,"1,09€","18,17€ / KG",
Carapau Pequeno Negrão,,1 Unid. = 0.25 KG (aprox.),"4,99€/kg","1,25€ / Unid.",
Vodka Branca,NOVOTNA,Garrafa 0.7 LT,"7,99€","11,41€ / LT",
Super Algicida,BEAUX JOURS,Emb. 2 LT,"8,99€","4,50€ / LT",
CARREGADOR HR6/HR3 + 4 PILHAS RECARREGAVEIS,FOXTER,Emb. 1 UNID.,"21,99€","21,99€ / UNID.",
Cookies Pepitas de Chocolate Nougat,P'TIT DÉLI,Emb. 0.2 KG,"1,45€","7,25€ / KG",
FAIRY MAO NATURALS LAVANDA 650ML,,Emb. 0.65 LT,"2,54€","3,91€ / LT",
Cotonetes p/ Bebé,JOHNSON'S BABY,Emb. 200 UNID.,"2,96€","0,01€ / UNID.",
Batatas Fritas Doritos Tex-Mex,DORITOS,Emb. 0.26 KG,"2,49€","9,58€ / KG",
WC PARA GATO,P'TIT AMI,Emb. 1 UNID.,"13,99€","13,99€ / UNID.",
Amaciador Roupa Concentrado Elixir Lírios Azuis,QUANTO,Emb. 62 DOSES,"4,49€","0,07€ / DOSES",
Leite de Coco,TABLES DU MONDE,Emb. 0.2 LT,"1,09€","5,45€ / LT",
Fruta 100% Maçã Pêra +4 meses 4 Unid.,NESTLÉ,Emb. 0.4 KG,"2,19€","5,48€ / KG",
Preparado Canja de Galinha Económica,KNORR,Emb. 0.061 KG,"1,09€","17,87€ / KG",
Bolos com Recheio de Chocolate 14Unid.,,Emb. 0.42 KG,"2,15€","5,12€ / KG",
Halls Sem Açúcar Eucalipto,HALLS,Emb. 0.032 KG,"0,78€","24,38€ / KG",
BEBIDA SOJA CHOCOLATE 3x250ML,ALPRO,Emb. 0.75 LT,"1,79€","2,39€ / LT",
MINI BOLOS DE CHOCOLATE COM PEPITAS E COBERTURA DE CHOCOLATE,P'TIT DÉLI,Emb. 0.21 KG,"2,29€","10,90€ / KG",
Ketchup Heinz Top Down 220 Ml,HEINZ,Emb. 0.22 LT,"2,19€","9,95€ / LT",
Café Cápsulas Pure Cevada,DELTA,Emb. 10 CAPS.,"2,47€","0,25€ / CAPS.",
MINI PIZZAS 3 QUEIJOS 9UN,TURINI,Emb. 0.27 KG,"2,39€","8,85€ / KG",
GEL EFEITO INVISIVEL C.CREATEUR 300ML,VITANOVE,Emb. 0.3 LT,"2,29€","7,63€ / LT",
Cerveja C/ Álcool 6x25cl,CARLSBERG,Emb. 1.5 LT,"3,59€","2,39€ / LT",
Vinho Regional Península de Setúbal Tinto,PERIQUITA,Garrafa 0.75 LT,"3,59€","4,79€ / LT",
Forma Pudim Canelada 16cm,ECO+,Emb. 1 UNID.,"4,99€","4,99€ / UNID.",
Bolachas Original,OREO,Emb. 0.22 KG,"1,97€","8,95€ / KG",
Bolachas Digestivas sem Açúcar,THINS,Emb. 0.174 KG,"2,39€","13,74€ / KG",
Croissant Tipo Francês,,1 UNID.,"0,55€","0,55€ / UNID.",
DETERGENTE EM PO ATIVOS VEGETAIS 50D,XÉOR,,"5,09€",/ Unid.,
Molho Piri-piri Extra Picante,PALADIN,Emb. 0.075 LT,"1,69€","22,53€ / LT",
Pão Bimbo Familiar,BIMBO,Emb. 0.7 KG,"2,09€","2,99€ / KG",
VELAS TEALIGHTS 25UN,ARDENCE,Emb. 25 UNID.,"2,75€","0,11€ / UNID.",
Molho Inglês,RUSTICA,Emb. 0.2 LT,"0,90€","4,50€ / LT",
Ovos Solo M,SNR,Emb. 12 UNID.,"2,39€","0,20€ / UNID.",
Caldo Natura de Legumes,KNORR,Emb. 0.112 KG,"1,49€","13,30€ / KG",
Bolachas Duplo Creme,OREO,Emb. 0.185 KG,"1,65€","8,92€ / KG",
ENROLADOR DOMESTICO 7M FOXTE,FOXTER,Emb. 1 UNID.,"12,49€","12,49€ / UNID.",
LIMPA TAPETE E ALCATIFA,CLAIR,Emb. 0.6 LT,"2,39€","3,98€ / LT",
Café Cápsulas Double,DELTA,Emb. 10 CAPS.,"3,29€","0,33€ / CAPS.",
JOGO 4 TAPETES UNIVERSAL 1UN TECH9,TECH9,Emb. 1 UNID.,"15,29€","15,29€ / UNID.",
Concentrado de Menta,FRUCCI,Garrafa 0.75 LT,"3,99€","5,32€ / LT",
Snack P/ Gato de Frango,DENTALIFE,Emb. 0.04 KG,"1,75€","43,75€ / KG",
DENTIFRICO COCO/ALOE VERA BIO,BIONAÏA,Emb. 0.075 LT,"1,99€","26,53€ / LT",
Cerveja com Álcool Mini Saca Fácil 10x20cl,SUPER BOCK,Emb. 2 LT,"4,98€","2,49€ / LT",
Iogurte Bifidus Cremoso Lima/Limão 4 Unid.,DANONE,Emb. 0.48 KG,"1,99€","4,15€ / KG",
Folhas de Salsa,RUSTICA,Frasco 0.012 KG,"0,54€","45,00€ / KG",
Douradinho de Vegetais 10 Unid. Ultracongelados,IGLO,Emb. 0.284 KG,"3,29€","11,58€ / KG",
Ice Tea de Limão 3x20 cl,LIPTON,Emb. 0.6 LT,"1,17€","1,95€ / LT",
Bolachas Maria Oro,CUÉTARA,Emb. 0.8 KG,"2,89€","3,61€ / KG",
Iogurte Bifidus Líquido Framboesa e Romã 4 Unid.,ACTIVIA,Emb. 0.62 KG,"1,89€","3,05€ / KG",
Alimento Húmido Gatinhos de Coelho Vaca Aves 4x400g,LYCAT,Emb. 4 UNID.,"3,25€","0,81€ / UNID.",
AFIA C/DEPOSITO,ESQUISSE,Emb. 1 UNID.,"0,85€","0,85€ / UNID.",
Água sem Gás 6x50cl,LUSO,Emb. 3 LT,"2,45€","0,82€ / LT",
Pastilhas 60 Minutos Peppermint,TRIDENT,Emb. 0.02 KG,"0,94€","47,00€ / KG",
Tostas Briochés Nature,EPI D'OR,Emb. 0.125 KG,"1,25€","10,00€ / KG",
Gelatina Light Limão 4 Unid.,ROYAL,Emb. 0.4 KG,"2,19€","5,48€ / KG",
Ambientador Vela Frutos Vermelhos da Montanha,AIRWICK,Emb. 0.32 KG,"2,84€","8,88€ / KG",
NUGGETS DE FRANGO 18UN,CÔTÉ CROC,Emb. 0.45 KG,"4,99€","11,09€ / KG",
Detergente de Lavagem à Mão Antibacteriano Concentrado,CIF,Emb. 0.6 LT,"1,49€","2,48€ / LT",
FEIJAO BRANCO 3X200G,NOTRE JARDIN,Emb. 0.6 KG,"1,75€","2,92€ / KG",
Luva Limpeza Tamanho S,MAMISON,Emb. 1 UNID.,"0,69€","0,69€ / UNID.",
Salsichas de Toulouse com Lentilhas Verdes,NOS RÉGIONS ONT DU TALENT,Emb. 0.3,"2,59€","8,63€ /",
Máscara Repara Azeite de Argão de Marrocos,HERBAL ESSENCES,Emb. 0.25 LT,"3,99€","15,96€ / LT",
Verniz de Unhas 60 Segundos 323,RIMMEL,Emb. 1 UNID.,"5,29€","5,29€ / UNID.",
Bolachas com Aveia,TRIUNFO,Emb. 0.19 KG,"1,28€","6,74€ / KG",
Açúcar Branco em Pedaços,,Emb. 1 KG,"1,19€","1,19€ / KG",
TRANSPORTADORA P/CAO 55CM 1UN P\'TIT AMI,P'TIT AMI,Emb. 1 UNID.,"17,49€","17,49€ / UNID.",
Durex Gel Intense Orgasmic,DUREX,Emb. 0.01 LT,"10,49€","1 049,00€ / LT",
Bebida Solúvel de Cereais C/ Café,MOKAMBO,Emb. 0.2 KG,"4,19€","20,95€ / KG",
Alimento P/ Gato Adulto de Frango,PURINA,Emb. 3 KG,"22,99€","7,66€ / KG",
GRAO DE BICO  3X200G,NOTRE JARDIN,Emb. 0.6 KG,"1,69€","2,82€ / KG",
Caixa de Ferramentas 94 Peças,FOXTER,Emb. 1 UNID.,"69,90€","69,90€ / UNID.",
COMPASSO 3PECAS,ESQUISSE,Emb. 1 UNID.,"1,50€","1,50€ / UNID.",
Queijo Flamengo 1/2 Bola,AGROS,Emb. 0.7 KG,"6,99€","9,99€ / KG",
Elixir Listerine Menta Suave,LISTERINE,Emb. 0.75 LT,"4,99€","6,65€ / LT",
Faneca Média,,1 Unid. = 0.1 KG (aprox.),"5,99€/kg","0,60€ / Unid.",
Pérolas de Perfume para Roupa,LENOR,Emb. 0.21 KG,"7,69€","36,62€ / KG",
Chocolate Branco com Coco Torrado,TABLETTE D'OR,Emb. 0.2 KG,"2,19€","10,95€ / KG",
TERRA PLANTAS,BEAUX JOURS,Emb. 10 LT,"1,68€","0,17€ / LT",
Sumo de Arando Bio,,Emb. 1 LT,"2,59€","2,59€ / LT",
Amaciador Cabelos Hidra Caracóis Antifrisado,FRUCTIS,Emb. 0.2 LT,"3,95€","19,75€ / LT",
Deosodorizante Spray Invisible Black & White Fresh,NIVEA MEN,Emb. 0.15 L,"2,79€","18,60€ / L",
"AGUA FASTIO,,2.5L",FASTIO,,"1,29€",/ Unid.,
Papel Higiénico 3 Folhas Acolchoado,SCOTTEX,Emb. 9 ROLOS,"5,79€","0,64€ / ROLOS",
Sabonete Sólido Flor Laranjeira,MANAVA,Emb. 0.1 KG,"0,59€","5,90€ / KG",
Conserva de Feijão Manteiga,NOTRE JARDIN,Lata 0.425 KG,"0,75€","1,76€ / KG",
Máscara de Pestanas Preto 001,RIMMEL,Emb. 1 UNID.,"11,69€","11,69€ / UNID.",
Alimento Húmido P/ Gato Frango e Cenoura,GOURMET GOLD,Emb. 0.085 KG,"0,75€","8,82€ / KG",
Sardinha em Azeite,BOM PETISCO,Emb. 0.12 KG,"1,08€","9,00€ / KG",
VELA NUMERO - 8,ARDENCE,Emb. 1 UNID.,"0,89€","0,89€ / UNID.",
Bloco Sanitário Power 5 Blue Water Pink,DOMESTOS,Emb. 0.106 LT,"2,74€","25,85€ / LT",
Toalhitas Casa de Banho,CIF,Emb. 36 UNID.,"2,24€","0,06€ / UNID.",
Gelado Strawberry Merengue,CARTE D'OR,Emb. 0.9 LT,"3,29€","3,66€ / LT",
PREPARADO PAO,TABLIER BLANC,Emb. 1 KG,"1,56€","1,56€ / KG",
QUEIJO FRESCO FRAMBOESA,DÉLISSE,Emb. 0.5 KG,"1,99€","3,98€ / KG",
Carapau Médio,,1 Unid. = 0.28 KG (aprox.),"3,99€/kg","1,12€ / Unid.",
SACOS LIXO ALTOS FECHO FACIL 50L,ELEMBAL,Emb. 15 UNID.,"1,89€","0,13€ / UNID.",
Conserva de Azeitona Preta Inteira,RUSTICA,Frasco 0.36 KG,"0,89€","2,47€ / KG",
DENTIFRICO ANTI.TARTARO,DENTAMYL,Emb. 0.075 LT,"0,99€","13,20€ / LT",
FITA COLA TRANSPARENTES 25M 5UN,ECO+,Emb. 5 UNID.,"1,69€","0,34€ / UNID.",
Chá de Cidreira,LIPTON,Emb. 20 SAQ.,"1,19€","0,06€ / SAQ.",
ASPIRADOR C/SACO ECO+,ECO+,Emb. 1 UNID.,"44,90€","44,90€ / UNID.",
Polpa de Maracuja,KOALA,Lata 0.565 LT,"4,09€","7,24€ / LT",
AFTERSHAVE LOCAO SOFT GREEN 100ML,CARRÉ HOMME,Emb. 0.1 LT,"2,29€","22,90€ / LT",
Toalhitas Desmaquilhantes Pele Seca,INELL,Emb. 25 UNID.,"0,75€","0,03€ / UNID.",
GRELHADOR REDONDO ANTIADERENTE 25CM,ECO+,Emb. 1 UNID.,"6,99€","6,99€ / UNID.",
Amaciador Roupa Concentrado Supreme Pleasure,VERNEL,Emb. 52 DOSES,"3,99€","0,08€ / DOSES",
Pipocas Coloridas,TOKAPI,Emb. 0.1 KG,"0,79€","7,90€ / KG",
DOSSIER A4 PLÁSTICO 4ARG,ESQUISSE,Emb. 1 UNID.,"0,89€","0,89€ / UNID.",
Iogurte Infantil Morango e Banana 6x50g,DANONINHO,Emb. 0.3 KG,"1,89€","6,30€ / KG",
Rolo de Cozinha 2 Folhas Multi,RENOVA,Emb. 4 ROLOS,"1,98€","0,50€ / ROLOS",
Alimento Seco para Gato Sterilcat Carne Vaca,PURINA ONE,Emb. 1.5 KG,"11,39€","7,59€ / KG",
Cola Pvc,FOXTER,Emb. 0.125 LT,"2,49€","19,92€ / LT",
Bolachas de Cacau Recheadas com Creme Baunilha,OREO,Emb. 0.154 KG,"1,45€","9,42€ / KG",
Leite C/ Chocolate Light 4 Unid.,MIMOSA,Emb. 0.8 LT,"1,99€","2,49€ / LT",
Pão sem Côdea Especial Torradas,PANRICO,Emb. 0.51 KG,"2,65€","5,20€ / KG",
Chá de Cidreira Mel 20 Saquetas,LIPTON,Emb. 20 SAQ.,"1,84€","0,09€ / SAQ.",
CALDO DE AVES 8 CUBOS BIO,,Emb. 0.08,"1,39€","17,38€ /",
Dentífrico Infantil 3+ Anos,ORAL B,Emb. 0.75 LT,"2,59€","3,45€ / LT",
ACUCAR DE PALMA DE COCO BIO,,,"2,59€",/ Unid.,
"AGUA FASTIO S/GAS GO, 50CL",FASTIO,,"0,57€",/ Unid.,
MIOLO DE CAMARAO 24/36,PÊCHE OCÉAN,Emb. 0.3 KG,"7,99€","26,63€ / KG",
Creme Culinário de Soja,SHOYCE,Emb. 0.2 LT,"1,28€","6,40€ / LT",
Refrigerante com Gás Laranja,FRISUMO,Garrafa 1.5 LT,"0,99€","0,66€ / LT",
Bolacha Redonda Recheio Chocolate,P'TIT DÉLI,Emb. 0.3 KG,"1,49€","4,97€ / KG",
Ambientador Absorve Odores Marinho 2x150gr,BRISE,Emb. 0.3 KG,"2,99€","9,97€ / KG",
Café Cápsulas Qharater Intensidade 9,DELTA,Emb. 10 CAPS.,"3,39€","0,34€ / CAPS.",
Tablete Chocolate Excellence Dark 85%,LINDT,Emb. 0.1 KG,"2,09€","20,90€ / KG",
ESPIRAIS,TURINI,Emb. 1 KG,"1,39€","1,39€ / KG",
"CABO USB/COMPATIVEL LIGHTNING 1,2M BRANCO",LINKSTER,Emb. 1 UNID.,"11,99€","11,99€ / UNID.",
Pão de Hambúrguer com Sementes de Sésamo 4 Unidades,BIMBO,Emb. 0.22 KG,"1,24€","5,64€ / KG",
Vinho Verde Branco,TERRAS DE FELGUEIRAS,Garrafa 0.75 LT,"2,39€","3,19€ / LT",
MÁQUINA BARBEAR 3 LAMINAS DESCARTAVEL,CARRÉ HOMME,Emb. 8 UNID.,"4,99€","0,62€ / UNID.",
Cereais de Chocolate,NESQUIK,Emb. 0.625 KG,"3,44€","5,50€ / KG",
Alimento Seco P/ Gato Vital Coelho e Frango,PURINA FRISKIES,Emb. 0.4 KG,"2,09€","5,23€ / KG",
LEGUMES PRIMAVERA,BONDUELLE,Emb. 0.6 KG,"2,26€","3,77€ / KG",
Preparado Sopa de Cebola,KNORR,Emb. 0.05 KG,,,
Johnson's Champô para Crianças Gotas de Força,JOHNSON'S BABY,Emb. 0.5 LT,"5,44€","10,88€ / LT",
Vinho Regional Alentejo Branco,MONTE VELHO,Garrafa 0.75 LT,"3,69€","4,92€ / LT",
Pudim Flan Chino,EL MANDARIN,Emb. 0.019 KG,"0,69€","36,32€ / KG",
Nata UHT Ideal para Bater,AGROS,Emb. 0.2 LT,"0,84€","4,20€ / LT",
Líquido Sanitário Desincrustante,NEOBLANC,Emb. 0.7 LT,"2,09€","2,99€ / LT",
COLORAÇÃO BELLADY PERMANENTE Nº 30 CASTANHO ESCURO,BELLADY,Emb. 1 UNID.,"9,40€","9,40€ / UNID.",
Fralda Cueca T6 +16Kg,MOTS D'ENFANTS,Emb. 18 UNID.,"4,39€","0,24€ / UNID.",
Barras de Peixe Panadas Pré-Fritas 15x30g Ultracongeladas,ECO+,Emb. 0.45 KG,"2,99€","6,64€ / KG",
Ração seca para gato junior c/ Frango,ULTIMA,Emb. 1.5 KG,"13,29€","8,86€ / KG",
Conserva de Feijão Branco Cozido Da Horta,COMPAL,Emb. 0.42 KG,"0,99€","2,36€ / KG",
Pão de Forma Familiar,EPI D'OR,Emb. 0.8 KG,"1,29€","1,61€ / KG",
DECAPANTE FORNO COM SODA CAUSTICA,CLAIR,Emb. 0.5 LT,"1,79€","3,58€ / LT",
Tostas Integrais Biológicas,,Emb. 0.3 KG,"1,79€","5,97€ / KG",
Snacks de Batata Sabor a Cebola,TOKAPI,Emb. 0.17 KG,"1,95€","11,47€ / KG",
Desodorizante Roll-On Cobalt Blue,REXONA,Emb. 0.05 LT,"2,39€","47,80€ / LT",
Café Cápsulas Decaffeinato Intensidade 2,PLANTATION,Emb. 10 CAPS.,"2,09€","0,21€ / CAPS.",
Martelo Arranca Pregos,FOXTER,Emb. 1 UNID.,"5,99€","5,99€ / UNID.",
ENVELOPE ALMOFADADO 170X225MM,ESQUISSE,Emb. 5 UNID.,"0,99€","0,20€ / UNID.",
Pescada Grande Fechada,,1 Unid. = 1.5 KG (aprox.),"8,99€/kg","13,49€ / Unid.",
Hambúrguer C/ Cebola 10 Unid.,FERIAL,Emb. 1 KG,"9,99€","9,99€ / KG",
Chocolate de Leite Triplo Caramelo,MILKA,Emb. 0.09 KG,"1,57€","17,44€ / KG",
Cueca de Banho Tam. S 7/12 Kg,MOTS D'ENFANTS,Emb. 12 UNID.,"4,99€","0,42€ / UNID.",
Yofu de Soja e Manga sem Açúcar,ALPRO,Emb. 0.4 KG,"2,39€","5,98€ / KG",
Aguardente Bagaceira,SÃO DOMINGOS,Garrafa 1 LT,"14,99€","14,99€ / LT",
Biscoitos P/ Roedores Ovo e Fruta,TOUS MES AMIS,Emb. 6 UNID.,"1,59€","0,27€ / UNID.",
Gomas Aromatizadas Planch Acide Fruits,COPAÍNS COPINES,Emb. 0.225 KG,"1,39€","6,18€ / KG",
PILHAS LITIO CR2032,FOXTER,Emb. 5 UNID.,"2,49€","0,50€ / UNID.",
Chouriço Picante,,Emb. 0.25 KG,"2,29€","9,16€ / KG",
CAPA CARTAO C/ELASTICO 10UN,ECO+,Emb. 10 UNID.,"4,99€","0,50€ / UNID.",
FIAMBRE CORRENTE FATIADO,ECO+,Emb. 0.2 KG,"1,29€","6,45€ / KG",
Licor Beirão,BEIRÃO,Garrafa 0.7 LT,"10,99€","15,70€ / LT",
Vinagre Balsâmico de Sidra,GALLO,Emb. 0.25 LT,"1,86€","7,44€ / LT",
Johnson's Gel de Banho Cotton Touch,JOHNSON'S BABY,Emb. 0.5,"3,89€","7,78€ /",
Tentáculos de Pota Descongelado,,1 Unid. = 1 KG (aprox.),"5,99€/kg","5,99€ / Unid.",
Tostas Crocantes de Trigo,EPI D'OR,Emb. 0.25 KG,"1,19€","4,76€ / KG",
Refrigerante S/ Gás Tropical Zero,JAFUN,Emb. 2 LT,"1,55€","0,78€ / LT",
Néctar Vital Equilíbrio Laranja Maracujá,COMPAL,Emb. 1 L,"1,65€","1,65€ / L",
"Iogurte Líquido Magro Manga, Maracujá e Goji 4x155g",CORPOS DANONE,Emb. 0.62 Kg,"1,79€","2,89€ / Kg",
SORVETE MACA C/ PEDACOS,ESKISS,Emb. 1 LT,"2,45€","2,45€ / LT",
Alimento Seco P/ Gato Especial Pele e Pêlo,PURINA,Emb. 0.8 KG,"6,99€","8,74€ / KG",
PEDACOS ATUM/SALMAO LEGUMES P/ GATO  410G,ECO+,Emb. 0.415 KG,"0,65€","1,57€ / KG",
Açúcar Mascavado,SORES,Emb. 0.5 KG,"1,79€","3,58€ / KG",
SPRAY LIMPA JANTES 1 L 1L TECH9,TECH9,Emb. 1 LT,"3,99€","3,99€ / LT",
DETERGENTE MANUAL LOICA ULTRA LIMAO 500ML,VISIOR,Emb. 0.5 LT,"0,89€","1,78€ / LT",
ALIMENT BEBE: SOBREMESA LACTEA DE FRAMBOESA +6M  4X100G,BIO VILLAGE BEBE,Emb. 0.4 KG,"2,29€","5,73€ / KG",
Queijo Camembert,LES CROISÉS,Emb. 0.25 KG,"1,79€","7,16€ / KG",
Queijo Roquefort,NOS RÉGIONS ONT DU TALENT,1 Unid. = 0.25 KG (aprox.),"14,98€/kg","3,75€ / Unid.",
PASTILHA ELASTICA MORANGO BOX x70,NEW'R,Emb. 0.1 KG,"1,80€","18,00€ / KG",
Batido de Cacau S/ Lactose,CACAOLAT,Emb. 1 LT,"1,54€","1,54€ / LT",
Néctar Compal Vital de Ananás e Coco,COMPAL,Emb. 1 LT,"1,59€","1,59€ / LT",
Snack P/ Gato Crispies C/ Sabor a Salmão e Truta,FELIX,Emb. 0.45 KG,"1,89€","4,20€ / KG",
Água de Nascente,CARAMULO,Emb. 6 LT,"1,38€","0,23€ / LT",
Tostas com Baixo teor de Sal 36Unid.,EPI D'OR,Emb. 0.3 KG,"1,39€","4,63€ / KG",
Cerveja com Álcool 15x33cl,SUPER BOCK,Emb. 4.95 LT,"9,99€","2,02€ / LT",
Sumo de Laranja S/ Polpa 100%,JAFADEN,Emb. 2 LT,"2,75€","1,38€ / LT",
Sobremesa Creme de Café 4x125g,DÉLISSE,Emb. 0.5 KG,"1,59€","3,18€ / KG",
Mistura de Frutos Secos e Uvas-Passas,,Emb. 0.2 KG,"1,99€","9,95€ / KG",
ESCOVA DE DENTES A PILHAS,DENTAMYL,Emb. 1 UNID.,"5,10€","5,10€ / UNID.",
Queijo Meio Gordo Pequeno,PAIVA,1 Unid. = 0.55 KG  (aprox.),,,
Dentífrico Limpeza Refrescante,ORAL B,Emb. 0.075 LT,"1,94€","25,87€ / LT",
Vinho Tinto de Mesa Elopack,CASAL DA EIRA,Emb. 1 LT,"1,67€","1,67€ / LT",
PAIO LOMBO FATIADO,CAMPO FINO,Emb. 0.15 KG,"1,99€","13,27€ / KG",
Refrigerante com Gás,GUARANÁ BRASIL,Garrafa 1.5 LT,"1,19€","0,79€ / LT",
CHOCOLATE AVELAS E PASSAS,TABLETTE D'OR,Emb. 0.2 KG,"1,79€","8,95€ / KG",
Costeletas de Lombo Porco,,1 Unid. = 0.3 KG (aprox.),"3,99€/kg","1,20€ / Unid.",
Cevada Solúvel com Cereais,DELTA,Emb. 0.2 KG,"2,84€","14,20€ / KG",
WC Gel Flores de Primavera,NEOBLANC,Emb. 0.7 LT,"2,09€","2,99€ / LT",
Preparado Leite de Creme,ROYAL,Emb. 0.092 KG,"0,89€","9,67€ / KG",
Pão Tostado Integral,EPI D'OR,Emb. 0.2 KG,"0,99€","4,95€ / KG",
BRIOCHE FATIADO C/CHOCOLATE,EPI D'OR,Emb. 0.5 KG,"2,79€","5,58€ / KG",
Tostas de 6 Cereais,EPI D'OR,Emb. 0.3 KG,"1,45€","4,83€ / KG",
BOLACHAS MEGA DUO GULLON 500G,GULLÓN,Emb. 0.5 KG,"2,89€","5,78€ / KG",
Nata UHT Culinária,MIMOSA,Emb. 0.2 LT,"0,89€","4,45€ / LT",
Ambientador gel ocean adventure,GLADE,Emb. 0.18 LT,"2,99€","16,61€ / LT",
Bolachas Alfa,NACIONAL,Emb. 0.18 KG,"1,19€","6,61€ / KG",
Bloco Sanitário Pinho,SONASOL WC,Emb. 2 UNID.,"2,99€","1,50€ / UNID.",
Fiambre Peito de Peru Fatiado,NOBRE,Emb. 0.12 KG,"2,69€","22,42€ / KG",
Perca Congelada,,1 Unid. = 1.7 KG (aprox.),"9,99€/kg","16,98€ / Unid.",
Caldo para Bifes 8 Cubos,KNORR,Emb. 0.08 KG,"1,39€","17,38€ / KG",
Mini Bolos de Mármore de Chocolate,P'TIT DÉLI,Emb. 0.189 KG  (aprox.),"1,55€","8,20€ / KG",
ACHOCOLATADO GRANULADO,TABLETTE D'OR,Emb. 0.8 KG,"2,99€","3,74€ / KG",
Yofu Framboesa/Amora 4x125g,ALPRO,Emb. 0.5 KG,"2,89€","5,78€ / KG",
Caldo de Galinha,KNORR,Emb. 0.36 KG,"4,54€","12,61€ / KG",
Suspiros,,Emb. 0.09 KG,"1,99€","22,11€ / KG",
Molho Cocktail Salsa,HEINZ,Emb. 0.22 KG,"2,35€","10,68€ / KG",
Sumo de Manga 3x200ml,UM BONGO,Emb. 0.6 LT,"1,38€","2,30€ / LT",
TAMPAO NORMAIS,DOULYS,Emb. 24 UNID.,"1,35€","0,06€ / UNID.",
Alimento Húmido P/ Gato Diamante Atum C/ Camarões,PURINA,Emb. 0.09 KG,"1,49€","16,56€ / KG",
Puré Fruta Vários Sabores S/ Adição Açúcares,DOUCEUR DU VERGER,Emb. 1.6 KG,"3,99€","2,49€ / KG",
Pastilhas Elásticas sem Açúcar Sabor Menta,NEW'R,Emb. 70 UNID.,"1,80€","0,03€ / UNID.",
"CANETA ROLLER GEL PRETA 0,5MM",ESQUISSE,Emb. 2 UNID.,"1,25€","0,63€ / UNID.",
Tarte Gelada Caramel Biscuit,VIENNETTA,Emb. 0.65 LT,"1,99€","3,06€ / LT",
Refrigerante C/ Gás Pack 4,COCA COLA,Emb. 4 LT,"5,20€","1,30€ / LT",
Cereais de Trigo Integral,FITNESS,Emb. 0.375 KG,"2,69€","7,17€ / KG",
Chocolate de Leite Choco Jelly,MILKA,Emb. 0.25 KG,"3,95€","15,80€ / KG",
DOSSIER A4 C/ELASTICO+RECARGA 4ARG,ESQUISSE,Emb. 1 UNID.,"3,99€","3,99€ / UNID.",
Croissant Recheado de Ovo,,1 UNID.,"0,75€","0,75€ / UNID.",
Iogurte Líquido Morango 4x155g,DANONE,Emb. 0.62 KG,"1,69€","2,73€ / KG",
Iogurte Líquido Danonino Bebedino Morango 4x100g,DANONE,Emb. 0.4 KG,"1,79€","4,48€ / KG",
Bolachas Recheadas Mini,OREO,Emb. 0.16 KG,"1,97€","12,31€ / KG",
Queijo Fundido Light 16 Porções,PRÉSIDENT,Emb. 0.25 KG,"2,39€","9,56€ / KG",
LULAS EM CALDEIRADA,PÊCHE OCÉAN,Emb. 120 KG,"1,29€","0,01€ / KG",
Chantilly Light,,Spray 0.25 KG,"1,45€","5,80€ / KG",
BOLACHAS AREADAS CEREAIS C/ BASE CHOC LEITE POCKET,P'TIT DÉLI,Emb. 0.225 KG,"2,19€","9,73€ / KG",
Leite Condensado Magro,NESTLÉ,Lata 0.387 KG,"1,49€","3,85€ / KG",
WAFFERS EXTRA FINAS MORANGO E MORANGO SILVESTRE,P'TIT DÉLI,Emb. 0.16 KG,"1,79€","11,19€ / KG",
ESCOVA DENTES MACIA CABECA RECARREGAVEL,DENTAMYL,,"1,25€",/ Unid.,
FIO DENTARIO EM ARCO 50UN,DENTAMYL,Emb. 50 UNID.,"1,49€","0,03€ / UNID.",
Gel de Barbear Sensitive,NIVEA MEN,Emb. 0.2 LT,"5,79€","28,95€ / LT",
Molho de Bolonhesa,TURINI,Emb. 0.19 KG,"1,19€","6,26€ / KG",
WC Frescura Contínua,NEO BLANC,Emb. 1 UNID.,"2,24€","2,24€ / UNID.",
Vinho de Mesa Tinto,CASAL DA EIRA,Emb. 0.25 LT,"0,63€","2,52€ / LT",
Ice Tea Pêssego,LIPTON,Emb. 1 LT,"1,29€","1,29€ / LT",
Paté para Cão de Truta e Salmão,TOUS MES AMIS,Emb. 0.3 KG,"0,79€","2,63€ / KG",
OIKOS NATURAL ACUCARADO 110x4,OIKOS,Emb. 0.44 KG,"2,39€","5,43€ / KG",
Desodorizante Aloe Sensitive Spray,VASELINE,Emb. 0.25 LT,"2,19€","8,76€ / LT",
FIAMBRE PERNA EXTRA FINISSIMO,CAMPO FINO,Emb. 0.15 KG,"1,29€","8,60€ / KG",
