Nome,Marca,Quantidade,Preço Primário,Preço Por Unidade,Promo
Óleo Intense 5-10 Castanho Claro,SYOSS,,"6,24€",/ Unid.,
Bebida de Soja 0%,SHOYCE,Emb. 1 LT,"1,69€","1,69€ / LT",
Creme Flamengo,PRÉSIDENT,Emb. 0.125 KG,"2,44€","19,52€ / KG",
Galinha Inteira,,1 Unid. = 1.2 KG (aprox.),"1,99€/kg","2,39€ / Unid.",
Gel Banho Aveia,MANAVA,Emb. 0.75 LT,"1,79€","2,39€ / LT",
Snack Fruut Maça Vermelha Doce Sem Açúcar 60g,,Emb. 0.06 KG,"1,48€","24,67€ / KG",
Pão Integral,,1 Unid. = 0.4 KG,"3,99€","9,98€ / KG",
"BOLACHAS ""GENOISE"" MORANGO",P'TIT DÉLI,Emb. 0.15 KG,"1,19€","7,93€ / KG",
Vinho Rosé Lancers,LANCERS,Garrafa 0.75 LT,"2,69€","3,59€ / LT",
Compota de Maçã Morango Biológica 4x100g,,Emb. 0.4 KG,"1,99€","4,98€ / KG",
Mortadela com Azeitonas,ELPOZO,1 Unid. = 0.1 KG (aprox.),"5,99€/kg","0,60€ / Unid.",
Vinho de Mesa Tinto,CASAL DA EIRA,Emb. 0.25 LT,"0,68€","2,72€ / LT",
Vinho Regional Alentejo Tinto,PORTAS DA HERDADE,Garrafa 0.75 LT,"3,38€","4,51€ / LT",
Caixa Hermética Quadrada 23cm,,1 UNID.,"4,99€","4,99€ / UNID.",
CAFE INTENSO 48 PASTILHAS,ECO+,Emb. 0.336 KG,"3,49€","10,39€ / KG",
Perna de Pau Original 6 Unid.,OLÁ,Emb. 0.3 KG,"2,49€","8,30€ / KG",
Ervilhas Ultracongelado,PESCANOVA,Emb. 1 KG,"1,99€","1,99€ / KG",
Café Solúvel Alta Rica Intenso,NESCAFÉ,Emb. 0.1 KG,"6,38€","63,80€ / KG",
Aerossol Air Japan Tatami,AMBIPUR,Emb. 0.3 LT,"3,98€","13,27€ / LT",
Mini Gelados Double Caramelo Pack 6,MAGNUM,Emb. 0.36 LT,"5,98€","16,61€ / LT",
Iogurte Líquido Lima Limão 4x155g,DANONE,Emb. 0.62 KG,"1,69€","2,73€ / KG",
Chipicao Mini Croissant Baunilha,CHIPICAO,Emb. 0.08 KG,"1,14€","14,25€ / KG",
Alimento Seco Gatos Croquetes Fígado e Legumes,TOUS MES AMIS,Emb. 4 KG,"5,89€","1,47€ / KG",
Alimento Seco P/ Gatos Esterilizados Salmão,PURINA FRISKIES,Emb. 1.5 KG,"6,98€","4,65€ / KG",
Rum Spice Gold,CAPTAIN MORGAN,Garrafa 0.7 LT,"14,98€","21,40€ / LT",
Toalhitas para Bebé Natural Care,HUGGIES,Emb. 56 UNID.,"1,29€","0,02€ / UNID.",
Melão Verde,,1 Unid. = 2.8 KG (aprox.),"1,19€/kg","3,33€ / Unid.",
Amaciador Concentrado Aromaterapia Dourado,VERNEL,Emb. 57 DOSES,"3,29€","0,06€ / DOSES",
Vinagre Vinho Tinto,GALLO,Garrafa 0.25 LT,"1,09€","4,36€ / LT",
Luvas Domésticas Duplex Tamanho M,RENOVA LUVAS,Emb. 1 UNID.,"1,08€","1,08€ / UNID.",
Balde de Lixo 44L Prateado,,1 UNID.,"16,99€","16,99€ / UNID.",
Pantene Purifica & Reconstrói Máscara 160 ml,,Emb. 0.16 LT,"5,98€","37,38€ / LT",
Pimento Amarelo,,1 Unid. = 0.21 KG (aprox.),"2,99€/kg","0,63€ / Unid.",
Vinho Branco Adamado,FAISÃO,Garrafa 1 LT,"2,18€","2,18€ / LT",
Copo de Pé 24cl,EQUIP HOME,1 UNID.,"1,10€","1,10€ / UNID.",
Queijo Mozzarella Ralado Valformoso,VALFORMOSO,Emb. 0.15 KG,"1,49€","9,93€ / KG",
CHOCOLATE PRETO COM FLOR DE SAL,EQUADOR,Emb. 0.1 KG,"1,19€","11,90€ / KG",
PILHAS ALC.LR6X4 CLARTECH,FOXTER,Emb. 4 UNID.,"1,27€","0,32€ / UNID.",
Leite Condensado,NESTLÉ,Lata 0.37 KG,"1,49€","4,03€ / KG",
Rebuçados sem Açúcar Sabor Morango 4x32g,HALLS,Emb. 0.128 KG,"2,98€","23,28€ / KG",
Iogurte Líquido Tutti Frutti 4x155g,DANONE,Emb. 0.62 KG,"1,39€","2,24€ / KG",
Chá de Ervas Digestão Fácil,LIPTON,Emb. 20 SAQ.,"1,94€","0,10€ / SAQ.",
Gliss Reparação Total Condicionador Express em Spray,GLISS,Emb. 0.2 LT,"3,24€","16,20€ / LT",
Conjunto 6 Mini Taças Redondas 8cl,ARDENCE,1 UNID.,"2,99€","2,99€ / UNID.",
Água Tónica Mist,NORDIC,Lata 0.25 LT,"0,74€","2,96€ / LT",
Toalhitas Limpa Pó Electrostáticas,,Emb. 40 UNID.,"2,25€","0,06€ / UNID.",
Recarga para Difusor Elétrico Japan Tatami,AMBIPUR,Emb. 1 UNID.,"4,99€","4,99€ / UNID.",
Bolachas Cookies Pepitas de Chocolate,CHIPS AHOY,Emb. 0.128 KG,"1,88€","14,69€ / KG",
Iogurte Natural,MIMOSA,Emb. 0.48 KG,"1,09€","2,27€ / KG",
Espumante Reserva Meio Seco,MURGANHEIRA,Garrafa 0.75 LT,"11,78€","15,71€ / LT",
Miolo Camarão Grande Cozido 40/60 Ultracongelado,PESCANOVA,Emb. 0.2 KG,"8,98€","44,90€ / KG",
Iogurte Mix-in Nesquik 84% Leite Cereais 2 Unid.,NESTLÉ,Emb. 0.232 KG,"2,09€","9,01€ / KG",
Pano Microfibra,VILEDA,Emb. 2 UNID.,"3,98€","1,99€ / UNID.",
Conserva de Feijão Frade,COMPAL,Lata 0.845 KG,"1,59€","1,88€ / KG",
Vinho Rosé,FAISÃO,Emb. 1 LT,"2,18€","2,18€ / LT",
Xarope de Morango Bio,,Emb. 0.6 LT,"4,91€","8,18€ / LT",
Creme Hidratante com Água Floral de Rosa,GARNIER,Emb. 0.05 LT,"5,98€","119,60€ / LT",
Descascador Éplucheur,ARDENCE,1 UNID.,"2,49€","2,49€ / UNID.",
Bebida de Soja com Baunilha Biológica,,Emb. 1 LT,"1,39€","1,39€ / LT",
Queijo Para Barrar Noz,LES CROISÉS,Emb. 0.125 KG,"1,09€","8,72€ / KG",
Vinho Regional Bairrada Branco,MARQUES DE MARIALVA,Garrafa 0.75 LT,"3,99€","5,32€ / LT",
AUSONIA ORG COTTON SUPER ABAS,AUSONIA,Emb. 10 UNID.,"2,54€","0,25€ / UNID.",
Bebida Energética Rehab,MONSTER ENERGY,Lata 0.5 LT,"1,20€","2,40€ / LT",
Suspiro,,1 Unid. = 0.09 KG,"14,99€","166,56€ / KG",
Pensos Higiénicos Respirare Normal,CAREFREE,Emb. 44 UNID.,"2,78€","0,06€ / UNID.",
Toranja Cal. 2/3,,1 Unid. = 0.32 KG (aprox.),"1,99€/kg","0,64€ / Unid.",
BACON FUMADO NACOS,ECO+,Emb. 0.2 KG,"2,89€","14,45€ / KG",
Alimento Húmido para Gato Fígado e Aves,LYCAT,Emb. 0.1 KG,"0,45€","4,50€ / KG",
Barras de Cereais 6 Unid.,FITNESS,Emb. 0.141 KG,"2,33€","16,52€ / KG",
CRAVINHO GRAO SAQUETA,RUSTICA,Emb. 0.03 KG,"1,15€","38,33€ / KG",
Sabonete Liquido Recarga Sabão de Marcelha,MANAVA,Emb. 0.25 LT,"0,50€","2,00€ / LT",
Feijão Encarnado Seco,NOTRE JARDIN,Emb. 0.5 KG,"0,99€","1,98€ / KG",
Tablete de Chocolate Avelãs,MILKA,Emb. 0.1 KG,"1,68€","16,80€ / KG",
Pensos Higiénicos Normal sem Alas,EVAX,Emb. 12 UNID.,"2,98€","0,25€ / UNID.",
Papa Infantil Bolacha Maria,CERELAC,Emb. 0.25 KG,"1,79€","7,16€ / KG",
Alimento Seco Cão Active Completo,PURINA FRISKIES,Emb. 4 KG,"8,98€","2,25€ / KG",
Pensos Higiénicos Cottonlike Normal Alas,EVAX,Emb. 1 P,"2,15€","2,15€ / P",
Batatas Fritas no Forno,LAY'S,Emb. 0.15 KG,"2,18€","14,53€ / KG",
Barras de Biscoitos Cobertura de Caramelo Chocolate,ECO+,Emb. 0.348 KG,"1,89€","5,43€ / KG",
Galão São Lourenço,UCAL,Emb. 1 LT,"1,84€","1,84€ / LT",
Torta de Morango,P'TIT DÉLI,Emb. 0.3 KG,"1,29€","4,30€ / KG",
QUEIJO EMMENTAL RALADO 28%MG,LES CROISÉS,Emb. 0.2 KG,"1,69€","8,45€ / KG",
SPRAY LIMPA VIDROS 1 L 1L TECH9,TECH9,Emb. 1 LT,"2,99€","2,99€ / LT",
Caramelos Werther's Original Storck SemAçúcar 90g,JERONIMO MARTINS,Emb. 0.09 KG,"2,98€","33,11€ / KG",
Pudim Flan Chino,EL MANDARIN,Emb. 0.019 KG,"1,48€","77,89€ / KG",
CACAU EM PÓ MAGRO CONDI 100G,CONDI,Emb. 0.1 KG,"1,07€","10,70€ / KG",
Leite Condensado Cozido,DÉLISSE,Emb. 0.397 KG,"1,39€","3,50€ / KG",
Sacos do Lixo 50 Litros,ELEMBAL,Emb. 15 UNID.,"2,19€","0,15€ / UNID.",
Filetes de Sardinha com Tomate e Legumes,PÊCHE OCÉAN,Emb. 0.1 KG,"1,39€","13,90€ / KG",
ATUM EM AZEITE GENERAL,GENERAL,Emb. 0.11 KG,"1,09€","9,91€ / KG",
Barras Hero Muesly De Cereais Chocolate Negro 6x23g,HERO,Emb. 0.138,"1,79€","12,97€ /",
Bolacha 0% Açúcar,CHIQUILÍN,Emb. 0.175 KG,"2,08€","11,89€ / KG",
SOBREMESA CREME CHOCOLATE/AVELA,DÉLISSE,Emb. 0.5 KG,"1,69€","3,38€ / KG",
Vinho Regional Alentejo Tinto,TERRA GRANDE,Garrafa 0.75 LT,"4,98€","6,64€ / LT",
Refrigerante Mini C/ Gás Pack 12,COCA COLA,Emb. 1.8 LT,"6,23€","3,46€ / LT",
Vinho Regional Alentejo Tinto,TERRAS D'EL REI,Garrafa 0.75 LT,"2,78€","3,71€ / LT",
IOGURTE GREGO CAFE 4X150G,DÉLISSE,Emb. 0.6 KG,"1,99€","3,32€ / KG",
Cominhos Moídos,RUSTICA,Frasco 0.035 KG,"0,50€","14,29€ / KG",
Creme Depilatório Silk & Fresh,VEET,Emb. 0.2 LT,"6,64€","33,20€ / LT",
Inseticida Aerossol Casa e Plantas,DUM DUM,Spray 0.4 LT,"4,49€","11,23€ / LT",
Tablete Milka Leite,MILKA,Emb. 0.1 KG,"1,68€","16,80€ / KG",
Queijo Flamengo Light Fatiado,MIMOSA,Emb. 0.2 KG,"2,48€","12,40€ / KG",
Gelado Super Maxi,OLÁ,Emb. 0.39 LT,"3,98€","10,21€ / LT",
SARDINHA AZEITE  125 Gr. P.liq.  Ramirez,RAMIREZ,,"1,04€",/ Unid.,
Crocantes de Frango Original Ultracongelado,IGLO,Emb. 0.18 KG,"3,98€","22,11€ / KG",
Iogurte Natural 8x120g,DANONE,Emb. 0.96 KG,"2,58€","2,69€ / KG",
Pães com Recheio a Chocolate,EPI D'OR,Emb. 1 P,"1,99€","1,99€ / P",
Johnson's Baby Spray para Cabelo Penteia,JOHNSON'S BABY,Emb. 0.2 LT,"4,38€","21,90€ / LT",
IOGURTE C/ CAMADA MIRTILO OVELHA BIO,,Emb. 0.25 KG,"1,75€","7,00€ / KG",
Café Torrado África Ásia e Brasil Moagem Grão,SICAL,Emb. 0.25 KG,"2,39€","9,56€ / KG",
Vinho Regional Dão Tinto,QUINTA DOS CARVALHAIS,Garrafa 0.75 LT,"6,99€","9,32€ / LT",
Snack para Cão +25Kg Dentastix,PEDIGREE,Emb. 0.27 KG,"4,38€","16,22€ / KG",
Pizza Carbonara,CAMPOFRIO,Emb. 0.36 KG,"3,29€","9,14€ / KG",
Iogurte Líquido de Manga e Papaia 4 Unid.,ACTIVIA,Emb. 0.62 KG,"1,99€","3,21€ / KG",
Pantene Purifica & Reconstrói Condicionador 160 ml,,Emb. 0.16 LT,"4,98€","31,13€ / LT",
Lixívia Tradicional 4 L,NEOBLANC,Emb. 4 LT,"2,84€","0,71€ / LT",
Bolachas Barquettes com Recheio de Morango,P'TIT DÉLI,Emb. 0.12 KG,"1,08€","9,00€ / KG",
Sumo de Romã 100% Bio,,Emb. 1 LT,"3,99€","3,99€ / LT",
ESPUMA CABELO EFEITO VOLUME 200ML,VITANOVE,Emb. 0.2 LT,"1,09€","5,45€ / LT",
Cereais de Espelta e Aveia 0% Açúcares,NESTUM,Emb. 0.25 KG,"2,18€","8,72€ / KG",
LAVA TUDO FLORAL,CLAIR,Emb. 2 UNID.,"0,89€","0,45€ / UNID.",
Vinho Tinto Regional Alentejano,COMP DO VINHO,Emb. 3 LT,"6,49€","2,16€ / LT",
Conserva Cogumelos Laminados,NOTRE JARDIN,Lata 0.185 KG,"0,65€","3,51€ / KG",
CREME VEGETAL P/ CULINARIA,,Emb. 0.25 KG,"0,79€","3,16€ / KG",
Coloração Permanente Nutritiva 5.62 Vermelho Ousado,NUTRISSE,Emb. 1 UNID.,"9,48€","9,48€ / UNID.",
Água com Gás Pet 6x33 cl,PEDRAS SALGADAS,Emb. 1.98 LT,"2,77€","1,40€ / LT",
Néctar Essencial Frutos Vermelhos 3x110ml,COMPAL,Emb. 0.33 LT,"1,79€","5,42€ / LT",
PIRIPIRI VAGEM,RUSTICA,Emb. 0.015 KG,"0,59€","39,33€ / KG",
Vinho Tinto,SANTA MARTA,Bag in Box 5 LT,"8,98€","1,80€ / LT",
Toalhitas Hidratantes para Bebe,BABY DOVE,Emb. 50 UNID.,"3,98€","0,08€ / UNID.",
Queijo Raclette,,1 Unid. = 0.25 KG (aprox.),"9,99€/kg","2,50€ / Unid.",
Arroz Agulha,,Emb. 1 KG,"1,09€","1,09€ / KG",
Arroz Carolino,SALUDÃES,Emb. 1 KG,"1,13€","1,13€ / KG",
BACON EXTRA FATIADO,CAMPO FINO,Emb. 0.15 KG,"1,34€","8,93€ / KG",
Rilletes de Mans,TRADILÈGE,Emb. 0.22 KG,"2,29€","10,41€ / KG",
Tostas de Trigo 36Unid.,EPI D'OR,Emb. 0.3 KG,"1,29€","4,30€ / KG",
Tentáculos de Pota Descongelado,,1 Unid. = 1 KG (aprox.),"4,98€/kg","4,98€ / Unid.",
MOLHO CARIL DE LEGUMES C/LEITE COCO,RUSTICA,Emb. 0.4 KG,"1,25€","3,13€ / KG",
Caldo de Carne,KNORR,Emb. 24 CUBOS,"2,39€","0,10€ / CUBOS",
ESPINAFRE PICADO 1/2,NOTRE JARDIN,Emb. 0.4 KG,"0,99€","2,48€ / KG",
Vinho Verde Tinto,MONÇÃO,Garrafa 0.75 LT,"1,99€","2,65€ / LT",
Ambientador Gel Lavanda,,Emb. 1 UNID.,"0,79€","0,79€ / UNID.",
Néctar Light Laranja e Manga,JAFADEN,Emb. 1 LT,"0,89€","0,89€ / LT",
Tónica Suave Pele Seca,NIVEA,Emb. 0.2 LT,"4,99€","24,95€ / LT",
PENSOS HIGIENICOS U.FINOS NORMAL 16UN,DOULYS,Emb. 16 UNID.,"1,09€","0,07€ / UNID.",
"ARROZ MUNDO ORIENTE BASMATI , 1kg",ORIENTE,,"3,28€",/ Unid.,
Pernil de Porco,,1 Unid. = 1.1 KG (aprox.),"2,99€/kg","3,29€ / Unid.",
Palitos de Chocolate,P'TIT DÉLI,Emb. 0.15 KG,"1,09€","7,27€ / KG",
Farinha,MAIZENA,Emb. 0.4 KG,"2,28€","5,70€ / KG",
Alimento Seco Cão Vaca Aves,LYDOG,Emb. 14 KG,"21,87€","1,56€ / KG",
Alimento Seco P/ Gato Coelho Frango,PURINA FRISKIES,Emb. 2 KG,"7,98€","3,99€ / KG",
Deo Spray 0% Sensitive 24H,SANEX,Emb. 0.15 LT,"2,69€","17,93€ / LT",
Detergente para a Máquina da Loiça Extra Power,SUN,Emb. 76 PASTILHAS,"9,99€","0,13€ / PASTILHAS",
Bolachas Roscayema Sabor Laranja,CUÉTARA,Emb. 0.225 KG,"1,99€","8,84€ / KG",
Bebida Solúvel Cereais Cevada Chicória e Café,TOFINA,Frasco 0.2 KG,"2,24€","11,20€ / KG",
Bebida de Arroz Original,SHOYCE,Emb. 1 LT,"1,79€","1,79€ / LT",
Tablete de Chocolate Daim,MILKA,Emb. 0.1 KG,"1,68€","16,80€ / KG",
Alho em Pó,MARGÃO,Emb. 0.055 KG,"3,18€","57,82€ / KG",
Gelatina Light Morango,ROYAL,Emb. 0.031 KG,"2,08€","67,10€ / KG",
TORTILLA BATATA,TABLES DU MONDE,Emb. 0.5 KG,"2,79€","5,58€ / KG",
DESODORIZANTE STICK MARINE MEN 50ML,CARRÉ HOMME,Emb. 0.05 LT,"1,85€","37,00€ / LT",
Lentilhas Verdes Secas,NOTRE JARDIN,Emb. 0.5 KG,"1,49€","2,98€ / KG",
Gressinos com Creme de Avelã 3x60g,NUSTIKAO,Emb. 0.18 KG,"2,19€","12,17€ / KG",
Cera Fixadora,AXE,Emb. 0.075 LT,"3,99€","53,20€ / LT",
Saqueta Bombons Jacquot Creme 100g,JACQUOT,Emb. 0.1 KG,"1,48€","14,80€ / KG",
Whisky Red Label,J. WALKER,Emb. 0.7 LT,"17,48€","24,97€ / LT",
Doce de Framboesa,CASA MATEUS,Frasco 0.345 KG,"2,69€","7,80€ / KG",
Lava Tudo Optimal 7 Multisuperficies com Lixívia,AJAX,Emb. 0.5 LT,"3,48€","6,96€ / LT",
Bolachas Maria sem Açúcar,GULLÓN,Emb. 0.4 KG,"2,34€","5,85€ / KG",
Compota de Maçã morango 4x90g,DOUCEUR DU VERGER,Emb. 0.36 KG,"1,99€","5,53€ / KG",
Bolo de Cacau,P'TIT DÉLI,Emb. 0.42 KG,"3,19€","7,60€ / KG",
Espinafre Baby,,Emb. 0.17 KG,"1,49€","8,76€ / KG",
Queijo Fatiado -50% Gordura,LIMIANO,Emb. 0.2 KG,"2,78€","13,90€ / KG",
Bolachas Creme Cebola,TUC,Emb. 0.1 KG,"1,18€","11,80€ / KG",
Molho de Tomate à Provençal,,Emb. 0.35 KG,"1,99€","5,69€ / KG",
Refrigerante S/ Gás Maracuja,ECO+,Garrafa 2 LT,"0,79€","0,40€ / LT",
Azeitona Verde Retalhada com Ervas,RUSTICA,Emb. 0.36 KG,"1,79€","4,97€ / KG",
Polpa de Tomate,ECO+,Frasco 0.5 KG,"0,99€","1,98€ / KG",
Queijo Fundido e Palitos Tostados,VACA QUE RI,Emb. 0.035 KG,"0,78€","22,29€ / KG",
Conserva de Atum em Posta em Azeite,PÊCHE OCÉAN,Emb. 0.12 KG,"1,09€","9,08€ / KG",
NUGGETS DE FRANGO 18UN,CÔTÉ CROC,Emb. 0.45 KG,"4,29€","9,53€ / KG",
Iogurte Natural 4x125 g,,Emb. 0.5 KG,"0,65€","1,30€ / KG",
Copo de Vinho com Pé 58cl,GISELE,4 UNID.,"8,25€","2,06€ / UNID.",
LAMINAS DESCARTAVEIS SENHORA 3 LAMINAS 4UN,SLISS,Emb. 4 UNID.,"2,99€","0,75€ / UNID.",
Vinho Regional Douro,EVEL,Garrafa 0.75 LT,"4,58€","6,11€ / LT",
Ambientador Pure Nenuco Frescura Colónia de Bebé,AIR WICK,Spray 0.25 LT,"4,19€","16,76€ / LT",
Queijo Fatiado -50% Gordura 2X200 g,TERRA NOSTRA,Emb. 0.4 KG,"5,18€","12,95€ / KG",
Pensos Higiénicos Salvaslip MaxiPlus,EVAX,Emb. 30 UNID.,"2,98€","0,10€ / UNID.",
Fraldas Cueca Maxi G,LINDOR,Emb. 14 UNID.,"21,26€","1,52€ / UNID.",
Queijo Curado Amanteigado,D. DINIS,1 Unid. = 1.1 KG (aprox.),"4,99€/kg","5,49€ / Unid.",
SNACK BATATA SABOR ESPECIARIAS,TOKAPI,Emb. 0.17 KG,"1,95€","11,47€ / KG",
Gomas Trio Brilho,COPAÍNS COPINES,Emb. 0.2 KG,"0,99€","4,95€ / KG",
Alimento Húmido Gato Saquetas Peixe,LYCAT,Emb. 12 UNID.,"2,99€","0,25€ / UNID.",
Refrigerante sem Gás Laranja,FRUTIS,Garrafa 1.5 LT,"1,15€","0,77€ / LT",
Bebida Gaseificada Aromatizada de Pêssego S/ Álcool,FESTALIE,Garrafa 0.75 LT,"2,49€","3,32€ / LT",
Alimento Húmido P/ Cão Adulto Pequeno C/ Carne de Vaca e Pato,PURINA,Emb. 0.4 KG,"2,38€","5,95€ / KG",
Champô Volume Toranja Branca e Menta,HERBAL ESSENCES,Emb. 0.4 LT,"3,99€","9,98€ / LT",
Pensos Higiénicos Normal Plus Alas,EVAX,Emb. 14 UNID.,"2,58€","0,18€ / UNID.",
CREPES SIMPLES 16UN,TROFIC,Emb. 1 KG,"3,99€","3,99€ / KG",
Sal Marinho Iodado,VATEL,Emb. 1 KG,"0,98€","0,98€ / KG",
OIKOS CARAMELO 110G X4,OIKOS,Emb. 0.44 KG,"2,39€","5,43€ / KG",
Alimento Seco P/ Gato C/ Carne de Vaca,PURINA,Emb. 3 KG,"21,48€","7,16€ / KG",
MIOLO DE CAMARAO 80/120,PÊCHE OCÉAN,Emb. 0.25 KG,"3,49€","13,96€ / KG",
Esparguete Cozedura Rápida,TURINI,Emb. 0.5 KG,"1,09€","2,18€ / KG",
Iogurte Sólido Magro Tutti-Frutti e Coco 6x120g,LONGA VIDA,,"2,09€",/ Unid.,
PREPARADO P/ ARROZ MARISCO,PÊCHE OCÉAN,Emb. 0.8 KG,"6,50€","8,13€ / KG",
Queijo Bola Flamengo,TERRA NOSTRA,Emb. 1.4 KG (aprox.),"9,99€/kg","13,99€ / Unid.",
Bolachas Maria,CUÉTARA,Emb. 0.8 KG,"2,58€","3,23€ / KG",
Macedonia de 4 Legumes,,Emb. 0.4 KG,"0,69€","1,73€ / KG",
Durex Play Lubrificante de Morango,DUREX,Emb. 0.05 LT,"7,49€","149,80€ / LT",
Vinho Tinto,ECO+,Garrafão 5 LT,"5,69€","1,14€ / LT",
Preservativo Sensitive,HARMONY,Emb. 6 UNID.,"4,72€","0,79€ / UNID.",
Papel Higiénico 3 Folhas Acolchoado,SCOTTEX,Emb. 9 ROLOS,"5,98€","0,66€ / ROLOS",
Refrigerante com Gás Guarana,ANTARCTICA,Garrafa 1.5 LT,"1,98€","1,32€ / LT",
Água Tónica,SCHWEPPES,Lata 0.25 LT,"0,84€","3,36€ / LT",
Queijo Emmental,LES CROISÉS,Emb. 0.25 KG,"1,89€","7,56€ / KG",
BETERRABA EM VINAGRE 345G,FERBAR,Emb. 0.345 KG,"1,09€","3,16€ / KG",
Gel Depilação P/ Pele Sensível C/ Aloe Vera,GILLETTE,Emb. 0.2 LT,"6,69€","33,45€ / LT",
Sumo Refrigerado Florida,SUNNY DELIGHT,Garrafa 0.31 LT,"0,78€","2,52€ / LT",
Bloco Sanitário Floral,SONASOL WC,Emb. 0.05 KG,"1,94€","38,80€ / KG",
Mini Pizza Piccolinis Salsicha Frankfurt 9 Unid.,BUITONI,Emb. 0.27 KG,"3,98€","14,74€ / KG",
Sardinha em Óleo Vegetal,BOM PETISCO,Emb. 0.12 KG,"0,99€","8,25€ / KG",
GUYLIAN SEA HORSE CARTÃO 42g PRALINÉ,,,"2,08€",/ Unid.,
Pensos Diários Salva Slip Adapt,EVAX,Emb. 30 UNID.,"1,94€","0,06€ / UNID.",
CERVEJA HEINEKEN 0.0% LATA 33CL,,Emb. 0.033 LT,"0,84€","25,45€ / LT",
Bolachas Cream Cracker Nova Receita,VIEIRA,Emb. 0.2 KG,"1,24€","6,20€ / KG",
ALGODAO DUO QUADRADO X50,INELL,Emb. 50 UNID.,"0,79€","0,02€ / UNID.",
Pensos Higiénicos Normal Alas,AUSONIA,Emb. 14 UNID.,"1,69€","0,12€ / UNID.",
Conserva de Cogumelos Laminados,NOTRE JARDIN,Lata 0.78 KG,"2,25€","2,88€ / KG",
Alimento Húmido P/ Gato de Atum,LYCAT,Emb. 0.08 G,"0,98€","12,25€ / G",
Chá Verde Aroma de Menta Biológico,,Emb. 20 SAQ.,"1,79€","0,09€ / SAQ.",
Caramelo Líquido,TABLIER BLANC,Emb. 0.4 KG,"1,29€","3,23€ / KG",
Compota de Frutas Maçã e Pera sem Adição de Açúcares 4x100g,DOUCEUR DU VERGER,Emb. 0.4 KG,"1,59€","3,98€ / KG",
Patê Bocadelia Recheio Atum,LA PIARA,Emb. 0.18 KG,"2,24€","12,44€ / KG",
Alimento Húmido P/ Gato Carne Vaca Gold,GOURMET,Emb. 0.085 KG,"0,74€","8,71€ / KG",
Champô Cabelo Ultra Suave Louros Camomila,GARNIER,Emb. 0.25 LT,"3,58€","14,32€ / LT",
Faqueiro Conjunto 24 Peças Inox,TROQUET ANIS,1 UNID.,"11,90€","11,90€ / UNID.",
Vinho de Mesa Rosé,ECO+,Emb. 2 LT,"2,69€","1,35€ / LT",
Sumo Laranja S/ Adição Açúcar 6 Unid.,JAFADEN,Emb. 1.2 ML,"1,88€","1,57€ / ML",
PENSOS INCONTINENCIA MULHER MAXI,CHORYS,Emb. 12 UNID.,"2,59€","0,22€ / UNID.",
Bebida de Soja Baunilha,VIVESOY,Emb. 1 LT,"2,58€","2,58€ / LT",
Camarão Cozido Cal. 40/60,,1 Unid. = 0.19 KG (aprox.),"11,90€/kg","2,26€ / Unid.",
Ervilhas Ultracongelados,IGLO,Emb. 0.375 KG,"2,28€","6,08€ / KG",
Queijo da Serra da Estrela Dop,QUEIJOS MATIAS,1 Unid. = 0.5 KG (aprox.),"26,99€/kg","13,50€ / Unid.",
KINDER DELICE CACAU T10,KINDER,Emb. 0.39 KG,"3,69€","9,46€ / KG",
Néctar Vital Equilíbrio Frutos Vermelhos,COMPAL,Emb. 0.33 LT,"0,78€","2,36€ / LT",
Alimento Completo para Caturras,AVIPAR,Emb. 0.6 KG,"2,75€","4,58€ / KG",
Gelatina em Pó Morango 2x85 g,TABLIER BLANC,Emb. 0.17 KG,"0,85€","5,00€ / KG",
Fraldas Bebé T5 Doucer 11/25 Kg,MOTS D'ENFANTS,Emb. 66 UNID.,"12,81€","0,19€ / UNID.",
Bolo com Recheio de Morango 14 Unid.,,Emb. 0.42 KG,"2,66€","6,33€ / KG",
Massa Linguine C/ Tinta de Choco,MILANEZA,Emb. 0.5 KG,"2,35€","4,70€ / KG",
Ovas de Peixe Lapa vermelho,RONDE DES MERS,Emb. 0.1 KG,"2,99€","29,90€ / KG",
Marcadores de Colorir Laváveis Ponta Média,ESQUISSE,,"2,19€",/ Unid.,
PAPEL ALUMINIO 50M,ELEMBAL,Emb. 50 M,"4,49€","0,09€ / M",
Conserva de Salsichas 7 Unid. Extra Suculentas,NOBRE,Frasco 0.35 KG,"1,68€","4,80€ / KG",
Sopa de Espargos,KNORR,Emb. 0.07 KG,"1,49€","21,29€ / KG",
FEIJOCA EXTRA FINA,NOTRE JARDIN,Emb. 0.4 KG,"0,78€","1,95€ / KG",
GEL FIXACAO BETAO 250ML,VITANOVE,Emb. 0.25 LT,"1,69€","6,76€ / LT",
Tablete de Chocolate de Leite 5x100g,ECO+,Emb. 0.5 KG,"3,06€","6,12€ / KG",
Arroz Agulha,LOURO,Emb. 1 KG,"1,38€","1,38€ / KG",
Couscous,,Emb. 1 KG,"1,49€","1,49€ / KG",
Doce de Laranja Biológico,,Emb. 0.375 KG,"2,15€","5,73€ / KG",
Sabonete Liquido Leite e Azeitona,,Emb. 0.3 LT,"3,18€","10,60€ / LT",
Salsichão Fuet Caseiro,EL POZO,Emb. 0.15 KG,"2,69€","17,93€ / KG",
Spray Mousse Harmonias Florais,NEOBLANC,Spray 0.7 LT,"2,59€","3,70€ / LT",
Pente Piquio Color,,Emb. 1 UNID.,"1,99€","1,99€ / UNID.",
Iogurte Bifidus Activia Cremoso Frutos Silvestres 4 Unid.,DANONE,Emb. 0.48 KG,"1,99€","4,15€ / KG",
Fusilli,TRADIZIONI D'ITALIA,Emb. 0.5 KG,"1,29€","2,58€ / KG",
Gel de Barbear Ultra Sensível,GILLETTE,Emb. 0.2 UNID.,"4,98€","24,90€ / UNID.",
Chantilly,DÉLISSE,Emb. 0.25 KG,"1,69€","6,76€ / KG",
Amaciador Roupa Concentrado Elixir Rosas,QUANTO,Emb. 52 DOSES,"7,98€","0,15€ / DOSES",
Strudel de Maçã,,Emb. 0.6 KG,"2,48€","4,13€ / KG",
Cerveja C/ Álcool 24x25cl,CARLSBERG,Emb. 6 LT,"12,94€","2,16€ / LT",
IOGURTE LIQUIDO MORANGO/BANANA,DÉLISSE,Emb. 0.72 KG,"1,19€","1,65€ / KG",
Bandas de Cera Depilatórias,VEET,Emb. 40 UNID.,"9,79€","0,24€ / UNID.",
Sobremesa Láctea com Caramelo 4x100g,DÉLISSE,Emb. 0.4 KG,"1,69€","4,23€ / KG",
Papel Higiénico 4 Folhas,RENOVA,Emb. 9 ROLOS,"5,38€","0,60€ / ROLOS",
Sacos do Lixo Perfumados Especial Fraldas,MOTS D'ENFANTS,Emb. 50 UNID.,"1,49€","0,03€ / UNID.",
Cerveja com Álcool Mini 20x25cl,CRISTAL,Emb. 5 LT,"7,59€","1,52€ / LT",
Recarga para Difusor Elétrico Flores Elegantes,AMBIPUR,Emb. 1 UNID.,"4,99€","4,99€ / UNID.",
Pastilhas Máquina Loiça Platinum Plus,FAIRY,Emb. 20 UNID.,"11,48€","0,57€ / UNID.",
AFTERSHAVE LOCAO OCEAN FRESH 100ML,CARRÉ HOMME,Emb. 0.1 LT,"2,29€","22,90€ / LT",
Bolachas Digestivas Aveia,TRIUNFO,Emb. 0.171 KG,"1,34€","7,84€ / KG",
Amaciador Cabelo Normais Garnier Força e Brilho,FRUCTIS,Emb. 0.2 LT,"3,98€","19,90€ / LT",
Pastilhas Café Descafeinado,DELTA,Emb. 16 PAST.,"3,88€","0,24€ / PAST.",
SPRAY PENTEAR DESEMBARACANTE MORANGO E CEREJA PARA CRIANCAS,PETIT MANAVA,Emb. 0.2 LT,"1,49€","7,45€ / LT",
Suporte para Rolos de Cozinha,,Emb. 1 UNID.,"6,59€","6,59€ / UNID.",
Laranja Cal. 3/4,,1 Unid. = 0.34 KG (aprox.),"1,69€/kg","0,57€ / Unid.",
PALMIERS DU BOIS ROCHE 150G,DU BOIS DE LA ROCHE,Emb. 0.15 KG,"1,25€","8,33€ / KG",
Salmão Fumado Fatias,RONDE DES MERS,Emb. 0.1 KG,"3,65€","36,50€ / KG",
Iogurte Déli Light 4 Sabores 12x125g,DÉLISSE,Emb. 1.5 KG,"2,79€","1,86€ / KG",
Bolachas com Pepitas Chocolate Energy 5 Saquetas,CHIQUILÍN,Emb. 0.2 KG,"2,68€","13,40€ / KG",
Chiclets de Morango 12 Unid.,CHICLETS,Emb. 0.017 KG,"0,98€","57,65€ / KG",
Vinagre Balsâmico de Modena,GALLO,Garrafa 0.25 LT,"1,69€","6,76€ / LT",
Esfregão Vegetal,,Emb. 2 UNID.,"0,99€","0,50€ / UNID.",
IOGURTE BATIDO C/ PEDACOS MIRTILO BIO,,Emb. 0.46 KG,"2,09€","4,54€ / KG",
Queijo Curado 7 meses,SÃO JORGE,Emb. 0.4 KG,"6,18€","15,45€ / KG",
Chá Verde Pure,LIPTON,Emb. 20 SAQS,"1,39€","0,07€ / SAQS",
Enrolador Desbobinador,,1 UNID.,"1,79€","1,79€ / UNID.",
Compota de Maçã 16x100g,DOUCEUR DU VERGER,Emb. 1.6 KG,"4,99€","3,12€ / KG",
Tablete de Chocolate Branco com Avelãs Inteiras,TABLETTE D'OR,Emb. 0.2 KG,"2,19€","10,95€ / KG",
Derma SPA Goodness Body Cream,DOVE,Emb. 0.3 LT,"4,99€","16,63€ / LT",
BOLACHAS C/ RECHEIO CHOCOLATE LEITE BREAK,P'TIT DÉLI,Emb. 0.135 KG,"1,59€","11,78€ / KG",
Sortido Húngaro,,Emb. 0.3 KG,"2,29€","7,63€ / KG",
TRANSPORTADORA P/CAO 55CM 1UN P\'TIT AMI,P'TIT AMI,Emb. 1 UNID.,"16,49€","16,49€ / UNID.",
Chá de Tília,LIPTON,Emb. 10 SAQ.,"0,69€","0,07€ / SAQ.",
Queijo Curado Apimentado,,1 Unid. = 1 KG (aprox.),"8,99€/kg","8,99€ / Unid.",
Cereais Chocomax,NACIONAL,Emb. 0.3 KG,"1,69€","5,63€ / KG",
Bolachas Amanteigadas Palet breton 2x125g,P'TIT DÉLI,Emb. 0.25 KG,"1,99€","7,96€ / KG",
Snack Chocolate Branco,KIT KAT,Emb. 0.125 KG,"2,78€","22,24€ / KG",
Mortadela de Peru,CAMPOFRIO,1 Unid. = 0.11 KG (aprox.),"6,99€/kg","0,77€ / Unid.",
Johnson's Baby Gel de Banho Suave,JOHNSON'S BABY,Emb. 0.75 LT,"3,89€","5,19€ / LT",
DESODORIZANTE SPRAY INVISIBLE MEN 100ML COMPACT,CARRÉ HOMME,Emb. 0.1 LT,"1,19€","11,90€ / LT",
Esfregão Salva Unhas Classic Comfort,SCOTCH BRITE,Emb. 2 UNID.,"2,43€","1,22€ / UNID.",
Tampa Micro-Ondas 260x60mm,,1 UNID.,"1,20€","1,20€ / UNID.",
Bolacha Maria sem Açúcar 12 Unid.,,Emb. 0.3 KG,"3,53€","11,77€ / KG",
Lixivia Gel Perfume de Flores,NEO BLANC,Emb. 0.75 LT,"2,55€","3,40€ / LT",
Sobremesa Tiramisu 4x80g,DÉLISSE,Emb. 0.32 KG,"2,49€","7,78€ / KG",
Pão de Forma Especial Torradas,BIMBO,Emb. 0.7 KG,"1,84€","2,63€ / KG",
Sortido de Bolachas,CUÉTARA,Emb. 0.42 KG,"4,27€","10,17€ / KG",
Café Capsulas Decaf Intensidade 2,PLANTATION,Emb. 10 CAPS.,"1,79€","0,18€ / CAPS.",
Anti-Mosquitos Elétrico Líquido Pack Duplo Recarga,RAID,Emb. 0.027 LT,"13,68€","506,67€ / LT",
Pão com Chouriço,,1 Unid. = 0.13 KG,"1,50€","11,54€ / KG",
Ambientador 5 em 1 Relax Zen,BRISE,Emb. 0.3 LT,"1,54€","5,13€ / LT",
Queijo Bola Flamengo,AGROS,Emb. 1.4 KG (aprox.),"9,99€/kg","13,99€ / Unid.",
Espinafre Picado Congelado,NOTRE JARDIN,Emb. 1 KG,"1,29€","1,29€ / KG",
Presunto de Porco Preto,PRIMOR,Emb. 0.07 KG,"7,49€","107,00€ / KG",
Prato Sobremesa Gourmandine Anis 21cm,ARDENCE,1 UNID.,"1,75€","1,75€ / UNID.",
Café Cápsulas Fortissimo Intensidade 10,PLANTATION,Emb. 10 CAPS.,"1,49€","0,15€ / CAPS.",
Vinho Tinto,COMP DO VINHO,Emb. 1 LT,"0,85€","0,85€ / LT",
DETERGENTE MANUAL LOICA CONCENTRADO LIMA E UVA BRANCA,VISIOR,Emb. 0.5 LT,"1,29€","2,58€ / LT",
Queijo Fundido,VACA QUE RI,Emb. 0.15 KG,"1,74€","11,60€ / KG",
Rolo de Cozinha Extra XXL,RENOVA,Emb. 1 ROLO,"1,18€","1,18€ / ROLO",
Condicionador Revitaliza Gengibre Azul,HERBAL ESSENCES,Emb. 0.4 LT,"5,73€","14,33€ / LT",
Vinho Branco,COMP DO VINHO,Bag in Box 5 LT,"4,69€","0,94€ / LT",
LEITE CÔCO LIGHT,JERÓNIMOS,Emb. 0.4 LT,"2,06€","5,15€ / LT",
Mini Bolos Recheados de Chocolate 7 Unidades,P'TIT DÉLI,Emb. 0.189 KG,"1,49€","7,88€ / KG",
Couve Lombarda,,1 Unid. = 1.2 KG (aprox.),"1,09€/kg","1,31€ / Unid.",
BOLACHAS AREADAS C/ CARAMELO,P'TIT DÉLI,Emb. 0.1 KG,"1,49€","14,90€ / KG",
"Requeijão de Vaca, Cabra e Ovelha",SALOIO,Emb. 0.17 KG,"1,79€","10,53€ / KG",
Loção Essencial Healing,VASELINE,Emb. 0.2 LT,"2,14€","10,70€ / LT",
Bolachas com Recheio Cereja Cobertura Chocolate,P'TIT DÉLI,Emb. 0.15 KG,"0,98€","6,53€ / KG",
Detergente Liquido para a Máquina da Roupa Concentrado,SKIP,Emb. 80 DOSES,"15,99€","0,20€ / DOSES",
Fermento de Padeiro,VAHINÉ,Emb. 0.018 KG,"1,58€","87,78€ / KG",
Tomate Cacho,,1 Unid. = 0.2 KG (aprox.),"1,39€/kg","0,28€ / Unid.",
Autobrilhante Creme Calçado com Esponja,BUFALO,Emb. 0.04 LT,"3,08€","77,00€ / LT",
Caderno Capa Preta Quadriculado A4 60p,ESQUISSE,Emb. 1 UNID.,"0,85€","0,85€ / UNID.",
Bolacha Ondulada,,Emb. 0.3 KG,"1,69€","5,63€ / KG",
MOUSSE LIEGEOISE CARAMELO,DÉLISSE,Emb. 0.64 KG,"2,79€","4,36€ / KG",
Caldo Natura de Carne Pack 4,KNORR,Emb. 0.112 KG,"1,49€","13,30€ / KG",
Pastilha Elástica Senses Tropical Mix,TRIDENT,Emb. 0.023 KG,"0,94€","40,87€ / KG",
Vinho Regional Península de Setúbal Tinto,ADEGA DE PEGÕES,Garrafa 0.75 LT,"1,59€","2,12€ / LT",
CAPPUCCINO SABOR BAUNILHA,PLANTATION,Emb. 0.31 KG,"2,99€","9,65€ / KG",
Ovos Solo M,SNR,Emb. 12 UNID.,"2,29€","0,19€ / UNID.",
Desodorizante Zero% - Spray Invisível,SANEX,Emb. 0.15 LT,"2,69€","17,93€ / LT",
Batatas Fritas Rodela,PÁLA-PÁLA,Emb. 0.3 KG,"2,19€","7,30€ / KG",
Difusor para Carro Ultra Control + Recarga Cascata Refrescante,AMBIPUR,Emb. 1 UNID.,"5,98€","5,98€ / UNID.",
Miolo de Amendoim C/ Mel e Sal,MARQUE REPERE,Emb. 0.25 KG,"1,69€","6,76€ / KG",
Bacalhau Especial Noruega Asa Preta,,1 Unid. = 4 KG (aprox.),"10,99€/kg","43,96€ / Unid.",
Florete de Couve Flor,,Emb. 0.5 KG,"1,99€","3,98€ / KG",
Alho Francês,,1 Unid. = 0.43 KG (aprox.),"1,99€/kg","0,86€ / Unid.",
Alimento Seco P/ Cão Mini Menu Frango,PURINA FRISKIES,Emb. 1.5 KG,"4,84€","3,23€ / KG",
Panquecas Blinis 8 Unidades,RONDE DES MERS,Emb. 0.16 KG,"1,59€","9,94€ / KG",
Aquafresh Branco Intenso 2x75ml,AQUAFRESH,,"3,49€",/ Unid.,
SABONETE LIQUIDO ALPERCE/ALOE VERA BIO,BIONAÏA,Emb. 0.3 LT,"1,85€","6,17€ / LT",
POSTAS DE BACALHAU ULTRACONGELADAS,ECO+,Emb. 0.8 KG,"5,99€","7,49€ / KG",
Elixir Anti-Cáries,LISTERINE,Emb. 0.5 LT,"6,48€","12,96€ / LT",
Salsa em Folhas,MARGÃO,Emb. 0.006 KG,"1,18€","196,67€ / KG",
Snacks para Gato Queijo,CATISFACTIONS,Emb. 0.06 KG,"1,88€","31,33€ / KG",
BACALHAU COM NATAS,CÔTÉ TABLE,Emb. 0.25 KG,"2,99€","11,96€ / KG",
Máscara Multiusos Óleo Extraordinário Óleo de Coco,L'ORÉAL PARIS,Emb. 0.3 LT,"6,98€","23,27€ / LT",
Bolachas Cookies Original Chocolate,CHIPS AHOY,Emb. 0.3 KG,"3,28€","10,93€ / KG",
Vinho Regional Alentejo Tinto,ADEGA DE BORBA,Garrafa 0.75 LT,"3,88€","5,17€ / LT",
Biscoitos Recheados com Bovino,LYDOG,Emb. 0.5 KG,"1,75€","3,50€ / KG",
ARROZ AGU.VAPORIZADO CIGALA 1KG,CIGALA,Emb. 1 KG,"1,27€","1,27€ / KG",
Ketchup,ECO+,Emb. 0.58 KG,"1,44€","2,48€ / KG",
Conserva De Feijão Vermelho em Conserva 425g,NOTRE JARDIN,Lata 0.425 KG,"0,75€","1,76€ / KG",
RANCHO,CÔTÉ TABLE,Emb. 0.25 KG,"2,99€","11,96€ / KG",
MOLHO PIRI-PIRI FERBAR 210G,FERBAR,Emb. 0.21 KG,"1,18€","5,62€ / KG",
Escova Dentes Leite,AQUAFRESH,Emb. 1 UNID.,"3,08€","3,08€ / UNID.",
Chá Verde com Gengibre Immune Support,LIPTON,Emb. 0.032 KG,"1,94€","60,63€ / KG",
Iogurte Bifidus Cremoso Frutos Silvestres 0% 4 Unid.,DANONE,Emb. 0.48 KG,"1,99€","4,15€ / KG",
Alimento Húmido para Cão Almôndegas de Carne Vaca,ECO+,Emb. 1 KG,"1,55€","1,55€ / KG",
"ROLO CABRA,ST MAURE PDT,200G",PRÉSIDENT,Emb. 0.2 KG,"3,19€","15,95€ / KG",
Leite com Chocolate UHT 4x200 ml,GRESSO,Emb. 0.8 LT,"1,58€","1,98€ / LT",
TARTE FRUTOS SECOS,P'TIT DÉLI,Emb. 0.3 KG,"2,99€","9,97€ / KG",
Goiaba,,1 Unid. = 0.1 KG,"8,99€/kg","0,90€ / Unid.",
Sacos Lixo para Casa de Banho 30x10L,ECO+,Emb. 30 UNID.,"0,59€","0,02€ / UNID.",
Queijo de Ovelha Barrado Seia,QUEIJOS LAGOS,1 Unid. = 0.5 KG (aprox.),"12,99€/kg","6,50€ / Unid.",
Alimento Seco Cão Vitafit Balance Frango e Legumes,PURINA FRISKIES,Emb. 4 KG,"8,98€","2,25€ / KG",
Pastilhas de Limpeza para Próteses Dentárias,POLIDENT,Emb. 1 P,"5,48€","5,48€ / P",
Ervilhas Extra Finas,NOTRE JARDIN,Emb. 0.4 KG,"1,19€","2,98€ / KG",
Sabonete Sólido Flores Brancas 4 Unid.,MANAVA,Emb. 0.4 KG,"2,05€","5,13€ / KG",
Camarão Cal. 80/100,,1 Unid. = 0.25 KG (aprox.),"9,99€/kg","2,50€ / Unid.",
Queijo Mistura Pequeno,ALAVÃO,Emb. 0.6 KG (aprox.),"9,99€/kg","5,99€ / Unid.",
Desodorizante Clean Fresh Scent Stick,REXONA,Emb. 0.045 LT,"4,79€","106,44€ / LT",
Sumo 100% Laranja C/ Polpa,JAFADEN,Emb. 1 LT,"1,49€","1,49€ / LT",
Creme de Banho Care & Relax,NIVEA,Emb. 0.75 LT,"6,98€","9,31€ / LT",
SEMOLA C/LEITE SABOR BAUNILHA,DÉLISSE,Emb. 0.46 KG,"1,79€","3,89€ / KG",
Pão Galega,,1 Unid. = 0.08 KG,"1,19€","14,88€ / KG",
Vinho Frisante Branco,LOURINHO,Garrafa 0.75 LT,"1,99€","2,65€ / LT",
COGUMELO FERBAR LAMINADO 185G,FERBAR,Emb. 0.185,"0,74€","4,00€ /",
Deo Roll On Hidra Essencial 0% Álcool,VASELINE,Emb. 0.05 LT,"2,09€","41,80€ / LT",
Conserva de Feijão Branco Cozido,NOTRE JARDIN,Frasco 0.57 KG,"0,69€","1,21€ / KG",
Café Torrado Moído Clássico Intensidade 9,SICAL,Emb. 16 UNID.,"3,88€","0,24€ / UNID.",
Pão de Leite 8 Unid.,P'TIT DÉLI,Emb. 0.32 KG,"1,09€","3,41€ / KG",
Bolo Mármore,,1 Unid. = 0.5 KG  (aprox.),"5,99€","11,98€ / KG",
FOLHADOS COM QUEIJO DE CABRA 4UN,CÔTÉ TABLE,Emb. 0.4 KG,"3,65€","9,13€ / KG",
Papa Infantil Bolacha Maria,CERELAC,Emb. 0.4 KG,"1,84€","4,60€ / KG",
Sobremesa Gelado Mini Chocolate e Caramelo 6x60ml,MAGNUM,Emb. 0.36 LT,"5,98€","16,61€ / LT",
Alheira Regional - PDTO Lamego,SNR,Emb. 0.21 KG,"1,39€","6,62€ / KG",
Dentífrico Maximum Protection Caries,COLGATE,Emb. 0.075 LT,"3,08€","41,07€ / LT",
Creme Vegetal Óleo Girassol 60% MG S/ Sal,NAT&VIE,Emb. 0.5 KG,"1,99€","3,98€ / KG",
Sortido de Biscoitos Finos,EQUADOR,Emb. 0.2 KG,"1,99€","9,95€ / KG",
Iogurte Líquido Morango/Framboesa,DANONE,Emb. 0.3 KG,"1,89€","6,30€ / KG",
BB CREAM 5EM1 CLARO 50ML,INELL,Emb. 0.05 LT,"3,49€","69,80€ / LT",
Amaciador Cabelos Total Repair,ELVIVE,Emb. 0.2 LT,"3,98€","19,90€ / LT",
IOG.BRAS.C/POL.FRU.DELISSE.X16,DÉLISSE,Emb. 2 KG,"3,39€","1,70€ / KG",
Pantene Volume & Brilho Champô 250 ml,,Emb. 0.25 LT,"4,98€","19,92€ / LT",
Limpa Máquinas Roupa,SKIP,Emb. 0.36 KG,"6,49€","18,03€ / KG",
Mistura de 3 Frutos com Calda Leve 4x120g,DOUCEUR DU VERGER,Emb. 0.48 KG,"2,59€","5,40€ / KG",
Conserva de Grão de Bico Cozido,NOTRE JARDIN,Lata 0.85 KG,"0,99€","1,16€ / KG",
Tiras Limpiadoras Purificantes,NIVEA,Emb. 6 P,"7,98€","1,33€ / P",
Lichias em Calda,DOUCEUR DU VERGER,Emb. 0.565 KG,"2,39€","4,23€ / KG",
Vinho Regional Alentejano Tinto Colheita Privada 2015,MOURAS,Emb. 0.75 LT,"3,99€","5,32€ / LT",
Bifanas de Porco,,1 Unid. = 0.15 KG (aprox.),"4,89€/kg","0,73€ / Unid.",
MOLHO AGRIDOCE PICANTE,TABLES DU MONDE,Emb. 0.3 KG,"1,85€","6,17€ / KG",
Amendoins Torrados com Sal,TOKAPI,Emb. 0.5 KG,"1,95€","3,90€ / KG",
AGUA MICELAR CLÁSSICA 700ML,GARNIER,,"10,68€",/ Unid.,
Iogurte Líquido Morango 4x155g,DANONE,Emb. 0.62 KG,"1,39€","2,24€ / KG",
"MORCELA FRANCESA ""BOUDIN"" C/ ANTILHAS",TRADILÈGE,Emb. 0.375 KG,"3,59€","9,57€ / KG",
Recarga para Difusor Automático Japan,BIEN AIR,Lata 0.25 L,"1,99€","7,96€ / L",
Barras Hero De Cereais Muesli Avelã 6x25g,HERO,Emb. 0.15 KG,"1,79€","11,93€ / KG",
Esfregona Suave com Cabo,VILEDA,Emb. 1 UNID.,"7,64€","7,64€ / UNID.",
Bolos com Recheio de Morango Isento de Glúten,CHAQUE JOUR SANS GLUTEN,Emb. 0.21 KG,"3,05€","14,52€ / KG",
Azeitonas Verdes S/ Caroço C/ Alho,COULEURS VIVES,Emb. 0.15 KG,"2,19€","14,60€ / KG",
Aditivo Líquido Protege Cores e Delicados,SKIP,Emb. 3 LT,"5,04€","1,68€ / LT",
Vinho Rosé Frutado,CORAÇÃO DA MINHA,Garrafa 0.75 LT,"1,48€","1,97€ / LT",
Bebida de Aveia,SHOYCE,Emb. 1 LT,"2,19€","2,19€ / LT",
Cominhos Moídos,MARGÃO,Emb. 0.05 KG,"1,48€","29,60€ / KG",
Rolo de Cozinha Máxima Absorção 8+4 Unid.,RENOVA,Emb. 1 P,"6,24€","6,24€ / P",
Salsichão Fatiado,EL POZO,Emb. 0.08 KG,"1,94€","24,25€ / KG",
LUVAS DESCARTÁVEIS EXTRA LONG 10 UN MED/GR,VILEDA,Emb. 10 UNID.,"4,29€","0,43€ / UNID.",
QUEIJO EDAM LIGHT FATIADO,QUEIJO NA TÁBUA,Emb. 0.15 KG,"1,69€","11,27€ / KG",
Recarga Ambientador Delicias Verão,AIRWICK,Emb. 0.25 LT,"3,59€","14,36€ / LT",
Snack Chocolate Leite,LION,Emb. 0.042 KG,"0,98€","23,33€ / KG",
Mini Taça Direita 10cl Vidro,ARDENCE,1 UNID.,"2,99€","2,99€ / UNID.",
Detergente Máquina Loiça Pastilhas Clássicas,VISIOR,Emb. 40 UNID.,"2,49€","0,06€ / UNID.",
Puré de Batata Ultracongelado,POM'LISSE,Emb. 0.75 KG,"1,39€","1,85€ / KG",
Corn Flakes Biológicos,,Emb. 0.375 KG,"1,19€","3,17€ / KG",
FEIJAO VERMELHO SACO,NOTRE JARDIN,Emb. 1 KG,"1,89€","1,89€ / KG",
Pimenta Branca Moída,MARGÃO,Emb. 0.04 KG,"2,38€","59,50€ / KG",
Polvilho Azedo,GLOBO,Emb. 0.5 KG,"1,99€","3,98€ / KG",
Alimento Húmido P/ Gato Gold Carne de Vaca,GOURMET GOLD,Emb. 0.085 KG,"0,74€","8,71€ / KG",
Chá Menta,LIPTON,Emb. 20 SAQ.,"1,20€","0,06€ / SAQ.",
LIXIVIA TRADICIONAL,CLAIR,Emb. 2 LT,"0,89€","0,45€ / LT",
Creme de Banho Care & Roses,NIVEA,Emb. 0.75 LT,"8,48€","11,31€ / LT",
Tâmara Seca S/ Caroço,MARQUE REPERE,Emb. 0.2 KG,"1,29€","6,45€ / KG",
Preservativos Senso,CONTROL,Emb. 6 UNID.,"3,49€","0,58€ / UNID.",
Dourada Cal. 400/500,,1 Unid. = 0.45 KG (aprox.),"8,48€/kg","3,82€ / Unid.",
Bebida de Cereais C/ Café Intenso,MOKAMBO,Frasco 0.175 KG,"4,48€","25,60€ / KG",
Espumante Reserva Meio Seco,RAPOSEIRA,Garrafa 0.75 LT,"8,38€","11,17€ / LT",
Pizza Fiambre e Queijo Ultracongelado,TURINI,Emb. 0.4 KG,"1,99€","4,98€ / KG",
Cenoura Ripada,,Emb. 0.2 KG,"0,69€","3,45€ / KG",
Fraldas Bebé Ultra Conforto T6 +16Kg,MOTS D'ENFANTS,Emb. 33 UNID.,"6,99€","0,21€ / UNID.",
Tablete Chocolate Preto Extrafino 74% Cacau Biológico,,Emb. 0.1 KG,"1,59€","15,90€ / KG",
Massa de Alho,RUSTICA,Frasco 0.2 KG,"0,89€","4,45€ / KG",
Iogurte Líquido Morango Banana 4 Unid.,YOGGI,Emb. 0.64 KG,"2,09€","3,27€ / KG",
Cereais Muesli Cereais Frutos Secos Biológicos,,Emb. 0.375 KG,"2,89€","7,71€ / KG",
"Croquetes Vaca, Legumes e Figado",LYCAT,Emb. 2 KG,"3,99€","2,00€ / KG",
Conserva de Tremoço Extra,RUSTICA,Frasco 0.87 KG,"1,90€","2,18€ / KG",
Crepes com Cogumelos,CÔTÉ TABLE,Emb. 6 UNID.,"1,69€","0,28€ / UNID.",
Bolachas Maria Júnior,MARIA,Emb. 0.276 KG,"3,33€","12,07€ / KG",
Whiskey Bourbon 6 Anos,JOHN DAVON'S,Garrafa 0.75 LT,"12,99€","17,32€ / LT",
Alimento Húmido P/ Gato Duplo Prazer Pack 12,GOURMET,Emb. 1.02 KG,"8,78€","8,61€ / KG",
Espanador Duster + 4 Recargas,SWIFFER,Emb. 4 UNID.,"3,59€","0,90€ / UNID.",
Conserva de Pickles em Vinagre,RUSTICA,Frasco 0.36 KG,"0,95€","2,64€ / KG",
Safio Cal. 2/5,,1 Unid. = 1.5 KG (aprox.),"8,49€/kg","12,74€ / Unid.",
Compota de Maçã 4x100g,,Emb. 0.4 KG,"0,83€","2,08€ / KG",
Salsichas Frankfurt,IZIDORO,Lata 0.25 KG,"1,03€","4,12€ / KG",
BATERIA Nº 16 80/640 80/640 TECH9,TECH9,Emb. 1 UNID.,"99,99€","99,99€ / UNID.",
"CERVEJA HEINEKEN,PACK,24X25CL",HEINEKEN,Emb. 24 UNID.,"12,99€","0,54€ / UNID.",
Cereais de Chocolate,CRUNCH,Emb. 0.375 KG,"2,53€","6,75€ / KG",
PRESUNTO FATIADO 9 MESES CURA,CAMPO FINO,Emb. 0.15 KG,"2,99€","19,93€ / KG",
Chouriço Picante,SABOR PORTUGUES,Emb. 0.16 KG,"2,19€","13,69€ / KG",
Chá de Camomila e Erva Príncipe,LIPTON,Emb. 20 SAQS,"1,94€","0,10€ / SAQS",
COOKIES COM MEGA PEPITAS CHOCOLATE E AMENDOAS CARAMELIZADAS,P'TIT DÉLI,Emb. 0.184 KG,"1,49€","8,10€ / KG",
PANNA COTTA FRUITS ROUGE 4X90G,DÉLISSE,Emb. 0.36 KG,"1,99€","5,53€ / KG",
Esponja de Fibra Verde Clássica XXL,SCOTCH BRITE,Emb. 1 UNID.,"3,26€","3,26€ / UNID.",
"XAU LOICA CONC. LIMA 1L*8,,1L",XAU,Emb. 1 LT,"3,99€","3,99€ / LT",
VINAGRE CRISTAL SIDRA 0.5L,CRISTAL,Emb. 0.5 LT,"1,03€","2,06€ / LT",
Limpa Vidros Anti Embaciamento,AJAX,Spray 0.5 LT,"3,18€","6,36€ / LT",
Papel Higiénico 2 Folhas Compact,MARQUE REPERE,Emb. 12 UNID.,"4,69€","0,39€ / UNID.",
Macedónia de Ervilhas Ultracongelados,IGLO,Emb. 0.65 KG,"2,73€","4,20€ / KG",
Alimento Húmido P/ Gato Gold Salmão e Frango,GOURMET,Emb. 0.085 KG,"0,74€","8,71€ / KG",
Iogurte Magro Déli' light Sabor Baunilha 8x125g,DÉLISSE,Emb. 1 KG,"1,99€","1,99€ / KG",
Conserva de Azeitona Mista,RUSTICA,Emb. 0.3 KG,"1,89€","6,30€ / KG",
Sumo de Manga,UM BONGO,Emb. 1 LT,"1,38€","1,38€ / LT",
"AZEITONA MISTA RETALH,FRAS,210G",,,"1,33€",/ Unid.,
Queijo Curado Seia de Ovelha,QUEIJOS LAGOS,1 Unid. = 0.6 KG (aprox.),"15,99€/kg","9,59€ / Unid.",
LASANHA QUEIJO CABRA/ESPINAFRES 500G 500G COTE TABLE,CÔTÉ TABLE,Emb. 0.5 KG,"2,39€","4,78€ / KG",
Amaciador Revival para a Roupa Íris Violeta Concentrado,QUANTO,Emb. 52 DOSES,"8,98€","0,17€ / DOSES",
Tigela Cereais Preta 15cm,ARDENCE,1 UNID.,"1,50€","1,50€ / UNID.",
AUSONIA CUECAS INCONTINÊNCIA DISCREET PANTS NR TM 4X8,AUSONIA,,"7,98€",/ Unid.,
Salpicão de Trancoso,SNR,Emb. 0.275 KG,"4,20€","15,27€ / KG",
Champô Cabelo Secos Garnier Maravilhoso,ULTRA SUAVE,Emb. 0.25 LT,"3,58€","14,32€ / LT",
Fritos Tiras de Milho,MATUTANO,Emb. 0.13 KG,"1,64€","12,62€ / KG",
Crackers Salgadas de Sementes Biológicas,,Emb. 0.2 KG,"2,99€","14,95€ / KG",
Ervilhas e Cenouras Extra Finas,NOTRE JARDIN,Emb. 0.8 KG,"2,29€","2,86€ / KG",
16 Caps.Café Kaffa Compativeis SG Cappuccino,KAFFA,Emb. 16 UNID.,"3,19€","0,20€ / UNID.",
Croquetes Coelho e Legumes Verdes,TOUS MES AMIS,Emb. 2 KG,"3,99€","2,00€ / KG",
Conserva Cogumelos Laminados,NOTRE JARDIN,Lata 0.355 KG,"1,09€","3,07€ / KG",
Escova Adesivo Têxteis 36 Unid.,MAMISON,Emb. 36 UNID.,"0,99€","0,03€ / UNID.",
Alimento Seco P/ Gato C/ Frango Peru,PURINA FRISKIES,Emb. 2 KG,"7,98€","3,99€ / KG",
Pescada Branca,,1 Unid. = 1 KG (aprox.),"7,99€/kg","7,99€ / Unid.",
Biscoitos Areados e Crocantes de Coco,P'TIT DÉLI,Emb. 0.12 KG,"0,79€","6,58€ / KG",
Tira Nódoas Pó Oxi Anti-Odores,VANISH,Emb. 0.84 KG,"9,74€","11,60€ / KG",
SACO LIXO ECOBAG PERFUMADO LAVANDA 30L FECHO FÁCIL (15 UN),VILEDA,Emb. 15 UNID.,"2,98€","0,20€ / UNID.",
MACEDONIA LEGUMES COZIDOS,NOTRE JARDIN,Emb. 1 KG,"1,79€","1,79€ / KG",
DENIM DEO SPRAY ORIGINAL,DENIM,Emb. 0.15 LT,"2,39€","15,93€ / LT",
Vinho Regional Douro Tinto,QUINTA DA PACHECA,Garrafa 0.75 LT,"6,98€","9,31€ / LT",
Iogurte Bifidus Líquido Frutos Silvestres 4 Unid.,DANONE,Emb. 0.62 KG,"1,99€","3,21€ / KG",
Linguicinha Porco Preto,SNR,Emb. 0.2 KG,"2,69€","13,45€ / KG",
Bebida de Soja,NAT&VIE,Emb. 1 LT,"0,78€","0,78€ / LT",
Bacalhau Graúdo Noruega Asa Branca,,1 Unid. = 2.5 KG (aprox.),"9,48€/kg","23,70€ / Unid.",
Café Cápsulas Classic,PLANTATION,Emb. 36 CAPS.,"2,79€","0,08€ / CAPS.",
Conserva de Mini Salsichas Cocktail,NOBRE,Lata 0.18 KG,"1,39€","7,72€ / KG",
Bolachas Ricanela +100g,CUÉTARA,Emb. 0.4 KG,"1,99€","4,98€ / KG",
Pudim Flan Caramelo 4x100g,ECO+,Emb. 0.4 KG,"0,74€","1,85€ / KG",
Red Fish Médio Congelado,,1 Unid. = 0.3 KG (aprox.),"3,99€/kg","1,20€ / Unid.",
Desodorizante Perfumado Roupa,TEXIL,Spray 0.5 LT,"1,99€","3,98€ / LT",
Gel de Barbear Peles Sensíveis,GILLETTE,Emb. 0.2 LT,"3,68€","18,40€ / LT",
Tablete de Chocolate Negro,NESTLÉ,Emb. 0.125 KG,"1,98€","15,84€ / KG",
Vinho Tinto,LEZÍRIA,Garrafa 0.75 LT,"1,58€","2,11€ / LT",
Pimentão Doce Colorau,MARGÃO,Emb. 0.04 KG,"1,48€","37,00€ / KG",
Bag in Box ERMELINDA FREITAS ROSÉ 5L,,Emb. 5 LT,"7,99€","1,60€ / LT",
Pantene Perfect Volume Laca 300ml,PANTENE PV,Spray 0.3 LT,"3,74€","12,47€ / LT",
IOGURTE BIFIDUS NATURAL,DÉLISSE,Emb. 1.5 KG,"2,45€","1,63€ / KG",
Forma de Alumínio para Pizza Castanha 30cm,ARDENCE,1 UNID.,"4,90€","4,90€ / UNID.",
Azeite Virgem Extra Clássico,GALLO,Garrafa 2 LT,"14,98€","7,49€ / LT",
Azeite,3 CASTELOS,Garrafa 1 LT,"5,14€","5,14€ / LT",
Chá de Frutos Silvestres,LIPTON,Emb. 20 SAQ.,"1,74€","0,09€ / SAQ.",
Elixir Frescura Duradoura,ORAL B,Emb. 0.5 LT,"4,19€","8,38€ / LT",
Escovas Extra Clean Médio,COLGATE,Emb. 2 UNID.,"1,74€","0,87€ / UNID.",
Jesuíta,,1 UNID.,"0,99€","0,99€ / UNID.",
Noodles Galinha,KNORR,Emb. 0.07 KG,"1,06€","15,14€ / KG",
Palmiers Folhados,P'TIT DÉLI,Emb. 0.23 KG,"1,49€","6,48€ / KG",
Amaciador de Roupa Azul,COMFORT,Emb. 4 LT,"4,49€","1,12€ / LT",
Detergente Liquido para Roupa Limpeza Profunda,PERSIL,Emb. 42 DOSES,"8,49€","0,20€ / DOSES",
Desodorizante Frescura Sensual Toque de Nácar Roll-On,NARTA,Emb. 0.05 LT,"3,78€","75,60€ / LT",
Moira Regional - PDTO Lamego,SNR,Emb. 0.17 KG,"1,79€","10,53€ / KG",
Pudim Chocolate,BOCA DOCE,Emb. 0.022 KG,"0,58€","26,36€ / KG",
PENSOS DIARIOS U. FINOS 30UN,DOULYS,,"0,89€",/ Unid.,
Tablete Chocolate Culinária,NESTLÉ,Emb. 0.2 KG,"1,39€","6,95€ / KG",
CREME DE VINAGRE,RUSTICA,Emb. 0.025 CL,"1,59€","63,60€ / CL",
Bolachas Original,OREO,Emb. 0.22 KG,"1,98€","9,00€ / KG",
Tablete de Chocolate de Leite Biológica,,Emb. 0.1 KG,"1,49€","14,90€ / KG",
Vinho Tinto do Douro Reserva,CADÃO,Emb. 0.75 LT,"4,99€","6,65€ / LT",
Cápsulas Café Ristretto Barista Intensidade 9,DOLCE GUSTO,Emb. 16 CAPS.,"4,79€","0,30€ / CAPS.",
Limpa Vidros Cristal Recarga,AJAX,Emb. 0.5 LT,"2,68€","5,36€ / LT",
Polpa de Maracuja,KOALA,Lata 0.565 LT,"4,18€","7,40€ / LT",
Maçã Starking Cal. 70/75,,1 Unid. = 0.2 KG (aprox.),"1,59€/kg","0,32€ / Unid.",
Queijo de Vaca Meio Gordo Fonte Mourisca,LACTO SERRA,1 Unid. = 0.25 KG (aprox.),"7,88€/kg","1,97€ / Unid.",
Caixa de Arrumação com Tampa 5L Cinza,,1 UNID.,"2,50€","2,50€ / UNID.",
COLORAÇÃO BELLADY PERMANENTE Nº 30 CASTANHO ESCURO,BELLADY,Emb. 1 UNID.,"9,98€","9,98€ / UNID.",
Sidra com Álcool de Maça 15x20cl,SOMERSBY,Emb. 3 LT,"9,94€","3,31€ / LT",
QUEIJO FLAMENGO FATIADO,QUEIJO NA TÁBUA,Emb. 0.5 KG,"3,79€","7,58€ / KG",
Sumo Natural Biológico Cenoura,CEM PORCENTO,Emb. 0.2 LT,"0,88€","4,40€ / LT",
Pensos Higiénicos Salvaslips Fresh em Bolsas,EVAX,Emb. 40 UNID.,"2,38€","0,06€ / UNID.",
Dentífrico Menta Fresca 24H,AQUAFRESH,Emb. 0.075 LT,"2,28€","30,40€ / LT",
Noz Moscada Moída C/ Moinho,MARGÃO,Emb. 0.04 KG,"2,48€","62,00€ / KG",
AUSONIA ORG COTTON NORMAL ABAS,AUSONIA,Emb. 12 UNID.,"2,54€","0,21€ / UNID.",
Refrigerante C/ Gás S/ Cafeína Pack 6,COCA COLA,Emb. 1.98 LT,"4,30€","2,17€ / LT",
6-PACK TOALHITAS BABY MOMENTS,CHICCO,,"6,24€",/ Unid.,
TOALHITAS P/ADULTOS X64,CHORYS,Emb. 64 UNID.,"2,99€","0,05€ / UNID.",
Espumante Bruto,CONTRI,Garrafa 0.75 LT,"2,48€","3,31€ / LT",
Chocolate Nestlé,AFTER EIGHT,Emb. 0.2 KG,"2,34€","11,70€ / KG",
Bolachas Chips de Chocolate Minis,CHIPS AHOY,Emb. 0.16 KG,"1,98€","12,38€ / KG",
Pensos Higiénicos Diários Maxi Aloe,CAREFREE,Emb. 48 UNID.,"4,78€","0,10€ / UNID.",
MOLHO COCKTAIL 253ML,CALVÉ,Emb. 0.253,"2,68€","10,59€ /",
"ATUM FILETE AZEITE BIO, 120G",TENÓRIO,Emb. 0.12 KG,"2,29€","19,08€ / KG",
Raclette 3 Poivres,LES CROISÉS,Emb. 0.25 KG,"2,99€","11,96€ / KG",
LENCOS FACIAIS 3F DECORADO,CARESSE,Emb. 70 UNID.,"1,19€","0,02€ / UNID.",
Esferográficas de Cores Sortidas Ponta Fina,ESQUISSE,Emb. 4 UNID.,"0,69€","0,17€ / UNID.",
ARIEL FRESH SENSATION LIQUÍDO,ARIEL,Emb. 56 DOSES,"22,48€","0,40€ / DOSES",
Pasta Arquivo com Elástico com 12 Divisórias,ESQUISSE,Emb. 1 UNID.,"2,25€","2,25€ / UNID.",
Mousse de Figado Superior,TRADILÈGE,Emb. 0.18 Kg,"1,79€","9,94€ / Kg",
BATERIA Nº 10 50/450 50/450 TECH9,TECH9,Emb. 1 UNID.,"56,99€","56,99€ / UNID.",
Toalhitas Peles Sensiveis,CHICCO,Emb. 72 UNID.,"1,49€","0,02€ / UNID.",
BB CREAM 5EM1 MEDIO 50ML,INELL,Emb. 0.05,"3,49€","69,80€ /",
"Caixa Hermética Redonda 20,5cm",DURALEX,1 UNID.,"4,99€","4,99€ / UNID.",
Cereais Flocos C/ Mel,NESTUM,Emb. 0.3 KG,"2,28€","7,60€ / KG",
Alimento Seco P/ Cão Mini Menu Vaca,PURINA FRISKIES,Emb. 1.5 KG,"4,49€","2,99€ / KG",
Vinho Verde Branco Salvé,SALVE,Garrafa 0.75 LT,"1,79€","2,39€ / LT",
PERCABONATO SÓDIO,CLAIR,Emb. 0.5 KG,"2,23€","4,46€ / KG",
Cápsulas Café Ristretto Napoli,DOLCE GUSTO,Emb. 16 CAPS.,"4,79€","0,30€ / CAPS.",
Snack Queijo de Vaca,PRÉSIDENT,Emb. 0.18 KG,"3,28€","18,22€ / KG",
Alimento Seco para Gato Sterilcat Carne Vaca,PURINA ONE,Emb. 1.5 KG,"11,98€","7,99€ / KG",
PENSOS DIARIOS U.FINOS ALOE VERA POCKET 30UN,DOULYS,Emb. 30 UNID.,"1,25€","0,04€ / UNID.",
Lápis para Colorir,ESQUISSE,Emb. 12 UNID.,"1,79€","0,15€ / UNID.",
NATAS FRESCAS ESPESSAS LIGHT,DÉLISSE,Emb. 0.5 LT,"1,79€","3,58€ / LT",
ROLO COZINHA COMPACTO MULTIUSOS ECO,UNÍ VERT,Emb. 1 UNID.,"3,99€","3,99€ / UNID.",
Queijo Mozarella,GALBANI,Emb. 0.25,"3,08€","12,32€ /",
Conserva de Grão de Bico,NOTRE JARDIN,Frasco 0.57 KG,"0,69€","1,21€ / KG",
Conserva Grão Cozido com pouco Sal,FERBAR,Lata 0.42 KG,"0,95€","2,26€ / KG",
Leite Bem Especial S/ Lactose Infantil Meio Gordo,MIMOSA,Emb. 1 LT,"1,98€","1,98€ / LT",
B&J ND Cookie Dough 465ml,,Emb. 0.465 LT,"6,78€","14,58€ / LT",
Cápsulas Café Au Lait Galão,DOLCE GUSTO,Emb. 16 CAPS.,"4,78€","0,30€ / CAPS.",
Pêra Nashi Cal. 45+,,1 Unid. = 0.2 KG (aprox.),"3,99€/kg","0,80€ / Unid.",
Maionese Heinz Vidro 480 Ml,HEINZ,Emb. 0.48 LT,"3,74€","7,79€ / LT",
Alimento Seco Gato Completo Salmão Legumes,LYCAT,Emb. 0.4 KG,"0,99€","2,48€ / KG",
Pastilhas Elásticas Senses Tropical Mix 3x23g,TRIDENT,Emb. 0.069 KG,"2,48€","35,94€ / KG",
Vinho Branco Frisante,CASTIÇO,Garrafa 0.75 LT,"2,98€","3,97€ / LT",
Pastilha Elástica Senses Rainforest Mint,TRIDENT,Emb. 0.023 KG,"0,94€","40,87€ / KG",
Concentrado Laranja,SUNQUICK,Garrafa 0.7 LT,"5,78€","8,26€ / LT",
Detergente Máquina Roupa Líquido Color,PERSIL,Emb. 60 DOSES,"19,98€","0,33€ / DOSES",
Vinho Regional Alentejano Tinto,QUINTA DO CARMO,Garrafa 0.75 LT,"16,98€","22,64€ / LT",
After Shave Original Lotion,OLD SPICE,Emb. 0.1 LT,"9,98€","99,80€ / LT",
Alimento Completo Cereais P/ Canários,TOUS MES AMIS,Emb. 1 KG,"3,29€","3,29€ / KG",
Folhas de Salsa,RUSTICA,Frasco 0.012 KG,"0,45€","37,50€ / KG",
Refrigerante C/ Gás Uva,FANTA,Garrafa 1.5 LT,"1,00€","0,67€ / LT",
Massa Espirais Clássica,NACIONAL,Emb. 0.5 KG,"1,58€","3,16€ / KG",
Gelado Coco,TRIUM,Emb. 4 UNID.,"2,29€","0,57€ / UNID.",
Dentífrico Cuidados Completos 8 em 1,DENTAMYL,Emb. 0.075 LT,"0,95€","12,67€ / LT",
Johnson's Gel de Banho para Bebé Cuidado Completo,JOHNSON'S BABY,Emb. 0.5 LT,"3,89€","7,78€ / LT",
Azeite Virgem,SERRATA,Garrafa 0.75 LT,"3,78€","5,04€ / LT",
ELIXIR BOCAL,DENTAMYL,Emb. 0.5 LT,"1,29€","2,58€ / LT",
Massa Ondas,MILANEZA,Emb. 0.5 KG,"1,85€","3,70€ / KG",
Queijo de Lamego Meio-Gordo Fatiado,PAIVA,Emb. 0.18 KG,"2,28€","12,67€ / KG",
B&J Caramel Chew Chew 465ml,,Emb. 0.465 LT,"6,78€","14,58€ / LT",
PREPARADO LACTEO PARA SANDWICH FATIAS,ECO+,Emb. 0.4 KG,"3,09€","7,73€ / KG",
Natas Cremosas Light,MIMOSA,Emb. 0.2 LT,"0,89€","4,45€ / LT",
CARNE DE GALINHA C/ ARROZ E MOLHO DE NATAS,CÔTÉ TABLE,Emb. 0.3 KG,"1,99€","6,63€ / KG",
Molho Samurai,RUSTICA,Emb. 0.252 KG,"1,35€","5,36€ / KG",
Molho César para Salada,HELLMANN'S,Emb. 0.21 LT,"2,18€","10,38€ / LT",
Licor Carolans,CAROLANS,Garrafa 0.7 LT,"14,78€","21,11€ / LT",
Macarrão Penne Isento de Glúten,CHAQUE JOUR SANS GLUTEN,Emb. 0.4 KG,"1,49€","3,73€ / KG",
Sumo 100% Multifrutos Biológico,,Emb. 1 LT,"2,09€","2,09€ / LT",
BOLACHAS VITALDAY CROCANTES ORIGINAIS 265G,GULLÓN,Emb. 0.265 KG,"2,28€","8,60€ / KG",
Pão De Forma Sem Côdea Familiar,PANRICO,Emb. 0.65 KG,"2,98€","4,58€ / KG",
FEIJÃO PRETO,FERBAR,Emb. 0.5 KG,"1,04€","2,08€ / KG",
Penso Incontinência Discreet Mini,AUSONIA,Emb. 20 UNID.,"3,98€","0,20€ / UNID.",
Papel Higiénico 4 Folhas Creme,RENOVA,Emb. 12 ROLOS,"7,18€","0,60€ / ROLOS",
Tablete Chocolate Preto Culinária,TABLETTE D'OR,Emb. 0.2 KG,"1,65€","8,25€ / KG",
Barras Cereias com Pedaços de Morango Biológicas 6 Unid.,,Emb. 0.125 KG,"1,69€","13,52€ / KG",
Couve Brócolo,,1 Unid. = 0.27 KG (aprox.),"2,59€/kg","0,70€ / Unid.",
Bolachas Alfa,NACIONAL,Emb. 0.18 KG,"1,44€","8,00€ / KG",
DETERGENTE MANUAL LOICA MACA 1L,ECO+,Emb. 1 LT,"0,79€","0,79€ / LT",
Creme Gordo,INELL,Emb. 0.2 LT,"3,99€","19,95€ / LT",
12 Caracóis Preparados Ultracongelados,,Emb. 0.089 KG,"2,99€","33,60€ / KG",
"""QUENELLES"" DE SALMAO C/ MOLHO CAMARAO",CÔTÉ TABLE,Emb. 0.4 KG,"1,79€","4,48€ / KG",
Cereais de Chocolate Biológicos,CHOCAPIC,Emb. 0.33 KG,"2,99€","9,06€ / KG",
Tomate Guloso Pelado 800g,GULOSO,Emb. 0.8 KG,"2,48€","3,10€ / KG",
Condicionador Nourish & Replenish,TRESEMMÉ,Emb. 0.4 LT,"4,79€","11,98€ / LT",
Chá Verde com Sabor a Hortelã e Lima,LIPTON,Emb. 1 LT,"1,28€","1,28€ / LT",
Filetes Harengs Fumés,RONDE DES MERS,Emb. 0.2 KG,"2,29€","11,45€ / KG",
Cereais Choco Flakes Duo,CUÉTARA,Emb. 0.45 KG,"2,99€","6,64€ / KG",
Queijo Mistura Grande,ALAVÃO,1 Unid. = 1.825 KG (aprox.),"9,99€/kg","18,23€ / Unid.",
Pantene Micelar Purifica & Revitaliza Champô,,Emb. 0.25 LT,"3,98€","15,92€ / LT",
Café Moído Puro Arábica Biológico,,Emb. 0.25 KG,"3,49€","13,96€ / KG",
Champô Nourish & Replenish com Óleo de Coco e Aloe Vera,TRESEMMÉ,Emb. 0.4 LT,"4,79€","11,98€ / LT",
Chocolate de Leite Confetti,MILKA,Emb. 0.1 KG,"1,68€","16,80€ / KG",
Sementes de Quinoa,MARQUE REPERE,Emb. 0.2 KG,"1,79€","8,95€ / KG",
Chocolate Preto C/ Casca de Laranja Cristalizada,EQUADOR,Emb. 0.1 KG,"1,19€","11,90€ / KG",
Ambientador Vela Anti-Tabaco,,Emb. 2 UNID.,"5,69€","2,85€ / UNID.",
Queijo Bola Flamengo,LIMIANO,1 Unid. = 1.6 KG (aprox.),"8,99€/kg","14,38€ / Unid.",
Panos Multiusos Microfibra,MAMISON,Emb. 2 UNID.,"1,99€","1,00€ / UNID.",
Massa Espirais,MILANEZA,Emb. 0.5 KG,"1,19€","2,38€ / KG",
Café Solúvel Qualité Filtre,PLANTATION,Frasco 0.2 KG,"3,99€","19,95€ / KG",
Sabonete Delicado Care 4 unid.,PALMOLIVE,Emb. 0.09 KG,"2,54€","28,22€ / KG",
Bagas de Goji,MARQUE REPERE,Emb. 0.125 KG,"2,49€","19,92€ / KG",
Lagartos,,Emb. 0.3 KG,"1,49€","4,97€ / KG",
Gel de Duche Nutritivo,DOVE,Emb. 0.75 LT,"4,79€","6,39€ / LT",
Chá de Menta e Eucalipto,LIPTON,Emb. 20 SAQS,"1,94€","0,10€ / SAQS",
Queijo Emmental,,1 Unid. = 0.2 KG (aprox.),"9,99€/kg","2,00€ / Unid.",
Pérolas de Perfume para Roupa Spring,LENOR,Emb. 0.21 KG,"7,69€","36,62€ / KG",
Caramelos de Manteiga e Nata,WERTHER'S,Emb. 0.135 KG,"2,98€","22,07€ / KG",
QUEIJO FRESCO 20% MG,DÉLISSE,Emb. 1 KG,"1,99€","1,99€ / KG",
Salsichão C/ Avelãs,ST AZAY,Emb. 0.25 KG,"2,99€","11,96€ / KG",
Arroz Carolino,COMPTOÍR DU GRAIN,Emb. 1 KG,"0,93€","0,93€ / KG",
DESODORIZANTE ROLL-ON BIO 50ML,BIONAÏA,Emb. 0.05 LT,"0,99€","19,80€ / LT",
SNACKS LIQUIDOS 90G LYCAT,LYCAT,Emb. 0.09 KG,"1,75€","19,44€ / KG",
Água com Gás,PEDRAS SALGADAS,Garrafa 0.33 LT,"0,61€","1,85€ / LT",
Refeição Legumes Com Vitela,BLÉDINA,Frasco 0.2 KG,"1,58€","7,90€ / KG",
Infusão Chá Branco Maracujá,FRESH TEA,Emb. 1 LT,"1,19€","1,19€ / LT",
Canela em Pau Especiarias,RUSTICA,Emb. 0.03 KG,"0,62€","20,67€ / KG",
GELEIA MORANGO 345G,CASA MATEUS,Emb. 0.345 KG,"2,47€","7,16€ / KG",
ERVILHAS CONGELADAS,NOTRE JARDIN,Emb. 0.4 KG,"0,79€","1,98€ / KG",
Triguilho Biológico,,Emb. 0.5 KG,"1,49€","2,98€ / KG",
Chá Marrocos Mint & Spices,LIPTON,Emb. 20 SAQ.,"1,94€","0,10€ / SAQ.",
Desodorizante Roll-On Biorythm 48H,REXONA,Emb. 0.05 LT,"2,39€","47,80€ / LT",
Pensos Diários Slip Normal,AUSONIA,Emb. 40 UNID.,"1,49€","0,04€ / UNID.",
Renovador Camurça Spray Preto,SPLENDOR,Emb. 0.2 LT,"3,98€","19,90€ / LT",
Caprichos do Mar Ultracongelado,PESCANOVA,Emb. 0.4 KG,"3,58€","8,95€ / KG",
Pão de Forma Especial Torradas sem Côdea,BIMBO,Emb. 0.75 KG,"1,74€","2,32€ / KG",
Pantene Aqua Light Champô,PANTENE PV,Emb. 0.25 LT,"3,98€","15,92€ / LT",
Molho Agridoce com Legumes Crocantes,RUSTICA,Frasco 0.4 KG,"1,25€","3,13€ / KG",
Recarga Sabonete Líquido Flores Laranjeira,MANAVA,Emb. 0.25 LT,"0,65€","2,60€ / LT",
Vinho Regional Península de Setúbal Tinto,FONTANARIO,Garrafa 0.75 LT,"2,99€","3,99€ / LT",
Aquafresh Protecção e Caries Branqueadora 2X 75ml,AQUAFRESH,,"5,82€",/ Unid.,
Escova de Dentes 1.2.3 Shiny Clean Média,ORAL B,Emb. 1 UNID.,"1,64€","1,64€ / UNID.",
"COOKIES DE CHOCOLATE BRANCO, PASSAS E MIRTILOS",P'TIT DÉLI,Emb. 0.2 KG,"1,59€","7,95€ / KG",
Chá Limão e Gengibre,LIPTON,Emb. 20 SAQ.,"1,94€","0,10€ / SAQ.",
GALETES DE MILHO C/ SEMENTES DE LINHACA BIO,,Emb. 0.15 KG,"1,29€","8,60€ / KG",
Kinder SchokobonsT.200 White,KINDER,Emb. 0.2 KG,"3,99€","19,95€ / KG",
Whisky Bourbon Jack Daniels,JACK DANIEL'S,Garrafa 0.7 LT,"23,98€","34,26€ / LT",
Miolo de Amendoim C/ Sal,MARQUE REPERE,Emb. 0.5 KG,"2,99€","5,98€ / KG",
Café Solúvel Seleção Premium Intensidade 6,NESCAFÉ,Frasco 0.1 KG,"5,68€","56,80€ / KG",
Champô Diário Detox Brilho Chá Branco e Menta,HERBAL ESSENCES,Emb. 0.4 LT,"2,49€","6,23€ / LT",
FUSILLI A BOLONHESA,COTE SNACK,Emb. 0.3 KG,"2,39€","7,97€ / KG",
Destop Turbo Gel,DESTOP,Emb. 1   UNID.,"6,74€","6,74€ /   UNID.",
BANZAI NOODLE CAMARAO CIGALA,BANZAI,Emb. 0.067 KG,"1,18€","17,61€ / KG",
FILETES DE PESCADA,PÊCHE OCÉAN,Emb. 0.4 KG,"3,49€","8,73€ / KG",
Néctar Light Tropical Cenoura,JAFADEN,Emb. 1 LT,"0,89€","0,89€ / LT",
BEBIDA SOJA BAUNILHA 3x250ML,ALPRO,Emb. 0.75 LT,"1,79€","2,39€ / LT",
Café Delta Em Grão Torrado Chávena,DELTA,Emb. 0.25 KG,"2,29€","9,16€ / KG",
Açúcar Branco Cubos,TÉVA,Emb. 1 KG,"1,29€","1,29€ / KG",
Detergente para a Máquina da Loiça de Limão,SUN,Emb. 90 DOSES,"12,34€","0,14€ / DOSES",
Mini caramelo duro con palo,CHUPA CHUPS,,"2,98€",/ Unid.,
Nata com 3 Pimentas,PARMALAT,Emb. 0.2 LT,"1,26€","6,30€ / LT",
Panela de Inox 20cm,,1 UNID.,"7,10€","7,10€ / UNID.",
Pensos Clássicos à Prova de Água,HANSAPLAST,Emb. 20 UNID.,"2,08€","0,10€ / UNID.",
Conserva de Tomate Triturado,TURINI,Lata 0.78 KG,"0,89€","1,14€ / KG",
Tablete de Chocolate C/ Amendoim,NESTLÉ,Emb. 0.09 KG,"1,09€","12,11€ / KG",
Corn Flakes Açucarados,,Emb. 0.75 KG,"2,45€","3,27€ / KG",
MIGAS PALOCO PACIFICO DESFIADO SALGADO SEMI SECO,ECO+,Emb. 0.4 KG,"3,99€","9,98€ / KG",
Cerveja sem Álcool 6x33CL,SUPER BOCK,Emb. 1.98 LT,"4,49€","2,27€ / LT",
Queijo Fundido,A VACA QUE RI,Emb. 0.14 KG,"1,98€","14,14€ / KG",
"LASANHA A BOLONHESA COM AZEITE VIRGEM EXTRA (1,7%)",CÔTÉ TABLE,Emb. 0.35 KG,"2,19€","6,26€ / KG",
Azeite Virgem Extra Reserva,GALLO,Garrafa 0.75 LT,"4,79€","6,39€ / LT",
Cajus Torrados C/ Sal,TOKAPI,Emb. 0.4 KG,"6,99€","17,48€ / KG",
Bandas Cera Depilatória Easy Gelwax Peles Sensíveis,VEET,Emb. 16 UNID.,"7,98€","0,50€ / UNID.",
Perna para Assar de Porco,,1 Unid. = 1 KG (aprox.),"4,49€/kg","4,49€ / Unid.",
Barra de Cereais com Chocolate Preto e Amendoim,ECO+,Emb. 6 UNID.,"1,09€","0,18€ / UNID.",
Iogurte Bifidus Líquido Lima Limão 0% 4 Unid.,DANONE,Emb. 0.62 KG,"1,99€","3,21€ / KG",
Cereais Special K Frutos Vermelhos,KELLOGG'S,Emb. 0.3 KG,"2,59€","8,63€ / KG",
Bebida Energética,BURN,Emb. 0.5 LT,"1,09€","2,18€ / LT",
Café Cápsulas Qonvictus Intensidade 5,DELTA,Emb. 10 CAPS.,"2,99€","0,30€ / CAPS.",
Tablete de Chocolate Bolacha,MILKA,Emb. 0.3 KG,"3,98€","13,27€ / KG",
Massa Pevide,MILANEZA,Emb. 0.25 KG,"0,84€","3,36€ / KG",
Tiras P/ Periquitos Sabor Fruta,TOUS MES AMIS,Emb. 0.06 KG,"1,29€","21,50€ / KG",
Moscatel,FAVAIOS,Garrafa 0.75 LT,"5,59€","7,45€ / LT",
Coloração Louro Escuro 6,EXCELLENCE,Emb. 1 UNID.,"11,98€","11,98€ / UNID.",
Batatas Fritas Artesanais,POM'LISSE,Emb. 0.18 KG,"0,99€","5,50€ / KG",
Sobremesa de Soja Chocolate 4 Unid.,NAT&VIE,Emb. 0.4 KG,"1,49€","3,73€ / KG",
Papel Vegetal 8 metros,VILEDA,Emb. 1 UNID.,"2,98€","2,98€ / UNID.",
Amêndoa em Pó,TABLIER BLANC,Emb. 0.125 KG,"2,19€","17,52€ / KG",
MOLHO SOJA,TABLES DU MONDE,Emb. 0.125 LT,"0,83€","6,64€ / LT",
"ALTAS QUINTAS 600 TINTO 0,75",ALTAS QUINTAS 600,,"7,30€",/ Unid.,
"AMBIENTADOR MECHA ""LAVANDA"" 375ML",BIEN AIR,Emb. 0.375 LT,"1,55€","4,13€ / LT",
Coco Ralado,FERBAR,Emb. 0.2 KG,"2,18€","10,90€ / KG",
CROQUETES GATINHO PREMIUM 450G LYCAT,PLENIMA,Emb. 0.45 KG,"1,59€","3,53€ / KG",
Bebida de Soja Original,SHOYCE,Emb. 1 LT,"1,68€","1,68€ / LT",
Fraldas de Incontinência Plus Tam. M,LINDOR,Emb. 14 UNID.,"13,98€","1,00€ / UNID.",
"Bolachas gérmen de Trigo, Soja e Figo",NAT&VIE,Emb. 0.2 KG,"1,69€","8,45€ / KG",
Infusão de Frutos Vermelhos,LIPTON,Emb. 0.032 KG,"0,90€","28,13€ / KG",
Iogurte Natural Açucarado 4x125g,,Emb. 0.5 KG,"1,16€","2,32€ / KG",
Vinagre Balsâmico de Modena,GALLO,Emb. 0.5 LT,"2,99€","5,98€ / LT",
Pêra Rocha Cal. 65/70,,1 Unid. = 0.2 KG (aprox.),"1,69€/kg","0,34€ / Unid.",
Sementes de Sésamo,MARQUE REPERE,Emb. 0.2 KG,"0,99€","4,95€ / KG",
Faqueiro Conjunto 24 Peças Inox,TROQUET ROUGE,1 UNID.,"11,90€","11,90€ / UNID.",
Esparguete Fino Clássica,NACIONAL,Emb. 0.5 KG,"1,98€","3,96€ / KG",
FRESHMATIC COM RECARGA PURE FLOR DE CEREJEIRA,AIRWICK,Emb. 1 UNID.,"7,19€","7,19€ / UNID.",
Massa Margaridas com Vegetais,MILANEZA,Emb. 0.5 KG,"1,98€","3,96€ / KG",
Café Solúvel Puro Colombia Suave,NESCAFÉ,Emb. 0.1 KG,"6,38€","63,80€ / KG",
Preparado em Pó P/ Gelatina de Ananás,ROYAL,Emb. 0.114 KG,"1,98€","17,37€ / KG",
Esparguete Clássica,NACIONAL,Emb. 1 KG,"2,08€","2,08€ / KG",
Miolo de Amêndoa S/ Pele,MARQUE REPERE,Emb. 0.225 KG,"3,59€","15,96€ / KG",
Noz Moscada C/ Moinho,MARGÃO,Emb. 0.03 KG,"3,98€","132,67€ / KG",
Massa Entrefina,,Emb. 0.5 KG,"0,69€","1,38€ / KG",
Vinho do Porto Lágrima,RAMOS PINTO,Emb. 0.75 LT,"10,18€","13,57€ / LT",
Amêndoa Laminada,TABLIER BLANC,Emb. 0.125 KG,"2,39€","19,12€ / KG",
Néctar Vital Equilíbrio Manga Maracujá,COMPAL,Emb. 1 LT,"1,58€","1,58€ / LT",
Madalenas Longas Recheadas com Chocolate 8 Unidades,P'TIT DÉLI,Emb. 0.24 KG,"2,19€","9,13€ / KG",
Ketchup 473G,CALVÉ,Emb. 0.473 KG,"3,58€","7,57€ / KG",
Solha,,1 Unid. = 0.3 KG (aprox.),"6,98€/kg","2,09€ / Unid.",
PIZZA BOLOGNA TURINI,TURINI,Emb. 0.4 KG,"2,05€","5,13€ / KG",
PENSOS INCONTINENCIA ANATOMICOS X 20 + 2 CUECAS DE MALHA,CHORYS,Emb. 20 UNID.,"8,49€","0,42€ / UNID.",
Ovas de Peixe Lapa Preto,RONDE DES MERS,Emb. 0.1 KG,"2,99€","29,90€ / KG",
Spray de Cabelo Condicionador Smooth & Silky,SYOSS,Emb. 0.2 LT,"8,10€","40,50€ / LT",
Bolachas com Recheio Aroma a Framboesa,P'TIT DÉLI,Emb. 0.15 KG,"0,98€","6,53€ / KG",
Café Solúvel Clássico Creme,NESCAFÉ,Frasco 0.1 KG,"3,98€","39,80€ / KG",
Salsicha Branca com Porto 3x125g,TRADILÈGE,Emb. 0.375 KG,"3,29€","8,77€ / KG",
BOLACHAS C/ PEPITAS CHOC PRETO E QUINOA BIO,,Emb. 0.16 KG,"1,89€","11,81€ / KG",
Cesto de Roupa 47L Taupe,SILLAGE,1 UNID.,"7,99€","7,99€ / UNID.",
Vinagre Vinho Branco,GALLO,Garrafa 0.25 LT,"1,09€","4,36€ / LT",
Leite de Limpeza Suave Pele Seca,NIVEA,Emb. 0.2 LT,"5,98€","29,90€ / LT",
Cerveja sem álcool 6x20cl,SUPER BOCK,Emb. 1.2 LT,"2,99€","2,49€ / LT",
Manjericão,RUSTICA,Frasco 0.012 KG,"0,79€","65,83€ / KG",
Batom Corretivo 002,RIMMEL,Emb. 1 UNID.,"8,48€","8,48€ / UNID.",
Pensos Incontinência Discreet Maxi Night,AUSONIA,Emb. 12 LT,"7,98€","0,67€ / LT",
Queijo Amanteigado de Lamego,PAIVA,1 Unid. = 0.7 KG (aprox.),"9,99€/kg","6,99€ / Unid.",
A+ARIEL OPTIMAL LIQ 4X2.8L/56SC/PT,A+,,"8,99€",/ Unid.,
Bigburger de Peito de Frango 2 Unid.,IGLO,Emb. 0.227 KG,"3,98€","17,53€ / KG",
Queijo de Ovelha Curado,LAGOS,Emb. 0.5 KG (aprox.),"8,99€","17,98€ / KG",
Panaché,FALSBOURG,Lata 2.5 LT,"2,99€","1,20€ / LT",
Mateus Rosé,MATEUS,Garrafa 0.75 LT,"3,19€","4,25€ / LT",
Doseador Delicious Sweet Taste,CANDEREL,Emb. 1 P,"1,49€","1,49€ / P",
Fraldas Bebé T4+ ACTIV+ 9/20 Kg,MOTS D'ENFANTS,Emb. 37 UNID.,"10,00€","0,27€ / UNID.",
"Refrigerante com Gás Laranja Lata 6x0,33L",SUMOL,Emb. 1.98 LT,"4,38€","2,21€ / LT",
Açúcar Amarelo,SORES,Emb. 1 KG,"1,49€","1,49€ / KG",
Bolachas Crackers com Azeite e Rosmaninho,DU BOIS DE LA ROCHE,Emb. 0.2 KG,"2,13€","10,65€ / KG",
SABONETE VEGETAL C/LEITE DE BURRA BIO,BIONAÏA,Emb. 0.1 KG,"1,55€","15,50€ / KG",
Batatas Fritas no Forno Receita Camponesa,LAY'S,Emb. 0.13 KG,"2,18€","16,77€ / KG",
Café Pastilhas Lote Chávena,DELTA,Emb. 16 PAST.,"3,48€","0,22€ / PAST.",
Máscara Ultra Suave Azeitona Mítica,GARNIER,Emb. 0.3 LT,"6,78€","22,60€ / LT",
Azeite Virgem Extra Dop,ROSMANINHO,Garrafão 5 LT,"24,79€","4,96€ / LT",
Bolachas de Manteiga em Saquetas 12x3Unid.,P'TIT DÉLI,Emb. 0.3 KG,"2,45€","8,17€ / KG",
Sangria,FESTALIE,Emb. 3 LT,"4,99€","1,66€ / LT",
Caldo de Legumes,KNORR,Emb. 0.088 KG,"1,39€","15,80€ / KG",
Polpa de Tomate da Horta 3x210ml,COMPAL,Emb. 0.63 LT,"1,68€","2,67€ / LT",
Vinho do Porto Velhotes White,CALEM,Garrafa 0.75 LT,"4,99€","6,65€ / LT",
"Queijo Fundido Fonte de Vitaminas A, B2, B12",LES CROISÉS,Emb. 0.2 KG,"1,46€","7,30€ / KG",
Tablete de Chocolate com Avelãs 3x100g,TABLETTE D'OR,Emb. 0.3 KG,"2,89€","9,63€ / KG",
Iogurte Líquido DanUp Melão Melancia 4x155g,DANONE,Emb. 0.62 KG,"1,69€","2,73€ / KG",
Pantene Liso & Sedoso Champô,,Emb. 0.1 LT,"9,98€","99,80€ / LT",
KETCHUP (BAIXO TEOR DE ACUCAR),RUSTICA,Emb. 0.535 KG,"1,08€","2,02€ / KG",
ALIMENT BEBE: ESPARGUETE BOLONHESA BIO 12M,BIO VILLAGE BEBE,Emb. 0.23 KG,"1,99€","8,65€ / KG",
Xarope de Groselha Preta,FRUCCI,Garrafa 0.75 LT,"3,99€","5,32€ / LT",
GELADO MENTA C/ PEDACOS CHOCOLATE,ESKISS,Emb. 1 LT,"1,99€","1,99€ / LT",
Nata UHT Carbonara,PARMALAT,Emb. 0.2 LT,"1,26€","6,30€ / LT",
Ananás dos Açores,,1 Unid. = 1.2 KG (aprox.),"5,99€/kg","7,19€ / Unid.",
Rolo Cozinha Compacto,MARQUE REPERE,Emb. 2 UNID.,"1,19€","0,60€ / UNID.",
TARTE DE CHOCOLATE,P'TIT DÉLI,Emb. 0.3 KG,"2,99€","9,97€ / KG",
Biscoitos Multi Cereais,P'TIT DÉLI,Emb. 0.4 KG,"2,09€","5,23€ / KG",
Snacks Futebolas,CHEETOS,Emb. 0.13 KG,"1,64€","12,62€ / KG",
CREME SABOR CARAMELO,DÉLISSE,Emb. 0.4 KG,"2,39€","5,98€ / KG",
Queijo Fundido Light 16 Porções,PRÉSIDENT,Emb. 0.25 KG,"3,35€","13,40€ / KG",
YOFU SOJA PESSEGO/EXOTI 4x125G,ALPRO,Emb. 0.5 KG,"2,88€","5,76€ / KG",
Leite Fresco Gordo,VIGOR,Emb. 1 LT,"1,08€","1,08€ / LT",
CONES DE MILHO,TOKAPI,Emb. 0.085 KG,"0,84€","9,88€ / KG",
Vinho Regional Península de Setúbal Tinto,SERRAS DE AZEITÃO,Garrafa 0.75 LT,"2,64€","3,52€ / LT",
Whisky Blended,SHIP CHANDLER,Emb. 0.07 L,"7,99€","114,14€ / L",
Salsichão de Cervelas de Porco,TRADILÈGE,Emb. 0.3 KG,"2,49€","8,30€ / KG",
CONCHAS DE VIEIRA 4UN,CÔTÉ TABLE,Emb. 0.36 KG,"5,89€","16,36€ / KG",
MAIONESE C/ MOSTARDA DE DIJON FRASCO,RUSTICA,Emb. 0.235 KG,"1,09€","4,64€ / KG",
Manteiga com Sal,NOVA AÇORES,Emb. 0.25 KG,"2,28€","9,12€ / KG",
GOMAS TIJOLOS BRANCOS,COPAÍNS COPINES,Emb. 0.2,"0,99€","4,95€ /",
Desodorizante Deo Invisible,DOVE,Emb. 0.05 LT,"2,69€","53,80€ / LT",
Queijo Flamengo Barra,GRESSO,1 Unid. = 0.15 KG (aprox.),"6,99€/kg","1,05€ / Unid.",
Máquinas de Depilar Descartáveis Venus 3,GILLETTE,Emb. 6 UNID.,"5,98€","1,00€ / UNID.",
Massa Cotovelinhos,TURINI,Emb. 0.5 KG,"0,89€","1,78€ / KG",
Bolachas com Creme Nocilla e Cereais,CUÉTARA,Emb. 0.175 KG,"2,14€","12,23€ / KG",
Vinho Tinto,M.J.FREITAS,Bag in Box 5 LT,"7,99€","1,60€ / LT",
Óleo Virgem de Coco Biológico,,Emb. 0.2 LT,"2,99€","14,95€ / LT",
Refrigerante C/ Gás Laranja S/ Adição Açúcar,FANTA,Garrafa 1.5 LT,"1,00€","0,67€ / LT",
SYOSS COLOR 6-8  LOURO ESCURO 16X3,SYOSS,,"8,98€",/ Unid.,
Iogurte Sólido Magro Natural 6 Unid.,LONGA VIDA,Emb. 0.12 KG,"2,09€","17,42€ / KG",
Refrigerante Mini C/ Gás Zero Cafeína Zero Açúcar Pack 12,COCA COLA ZERO,Emb. 1.8 LT,"5,63€","3,13€ / LT",
Nuggets de Frango 10 Unid.,CAPITÃO IGLO,Emb. 0.208 KG,"3,49€","16,78€ / KG",
Limpa Móveis Spray Lavanda,PRONTO,Emb. 0.3 LT,"4,78€","15,93€ / LT",
Bolachas Mini Cookies Tradicionais,NACIONAL,Emb. 0.12 KG,"1,44€","12,00€ / KG",
Amaciador Cabelo Brilho Extremo,VITANOVE,Emb. 0.2 LT,"1,07€","5,35€ / LT",
Mirtilo,,Emb. 0.125 KG,"1,99€","15,92€ / KG",
Iogurte Mix-in Kit Kat 2x115g,NESTLÉ,Emb. 0.23 KG,"2,09€","9,09€ / KG",
Drageias de Amendoins C/ Chocolate de Leite,MARQUE REPERE,Emb. 0.3 KG,"1,79€","5,97€ / KG",
Vinho Regional Tejo Meio Seco Rosé,LEZÍRIA,Garrafa 0.75 LT,"1,58€","2,11€ / LT",
Saladeira Branco Opaco 24cm,,1 UNID.,"2,50€","2,50€ / UNID.",
Cereais Bolacha Maria,NESTUM,Emb. 0.25 KG,"2,18€","8,72€ / KG",
Batatas Fritas Biológicas 6x30g,,Emb. 0.18 KG,"2,89€","16,06€ / KG",
Chá de Hortelã Pimenta e Poejo,,Emb. 25 SAQ.,"0,79€","0,03€ / SAQ.",
Pantene Frizz Control & Luminosidade Champô 250 ml,PANTENE PV,Emb. 0.25 LT,"4,98€","19,92€ / LT",
Dióspiro Persimmon,,1 Unid. = 0.25 KG (aprox.),"1,29€/kg","0,32€ / Unid.",
Vinho Rosé,COMP DO VINHO,Garrafa 0.75 LT,"2,19€","2,92€ / LT",
Recarga para Difusor Elétrico Campos de Lavanda,AMBIPUR,Emb. 1 UNID.,"4,99€","4,99€ / UNID.",
Bolachas Recheadas Creme de Chocolate,,Emb. 0.24 KG,"0,99€","4,13€ / KG",
Alimento Húmido P/ Gato Frango e Cenoura,GOURMET GOLD,Emb. 0.085 KG,"0,74€","8,71€ / KG",
Toalhitas Viagem,MOTS D'ENFANTS,Emb. 24 UNID.,"0,43€","0,02€ / UNID.",
Queijo Ralado 4 Queijos,PRÉSIDENT,Emb. 0.15 KG,"2,54€","16,93€ / KG",
"Café Solúvel Cevada, Chicória e Centeio",BRASA,Frasco 0.2 KG,"2,78€","13,90€ / KG",
GEL ALOE VERA BIO 200ML,BIONAÏA,Emb. 0.2 LT,"2,99€","14,95€ / LT",
Lava Tudo Brilhante Universal,SONASOL,Emb. 1.1 LT,"2,79€","2,54€ / LT",
Aperitivo Krit Krititas,CUÉTARA,Emb. 0.35 KG,"2,68€","7,66€ / KG",
Champô Cabelo Criança Alperce e Flor de Algodão,ULTRA SUAVE,Emb. 0.25 LT,"3,58€","14,32€ / LT",
COLORACAO PRETO 1.0 1UN VITANOVE,VITANOVE,Emb. 1,"3,89€","3,89€ /",
Desodorizante Spray Black & White Active,NIVEA,Emb. 0.15 L,"4,68€","31,20€ / L",
Gelatina Light Limão,ROYAL,Emb. 0.031 KG,"2,08€","67,10€ / KG",
Snack Chipz Maçã Canela FRUUT,,Emb. 0.02 KG,"0,98€","49,00€ / KG",
Creme Repara & Cuida Intensivo para Pele Extra Seca,NIVEA BODY,Emb. 0.3 LT,"6,89€","22,97€ / LT",
Puré Maçã S/ Açúcar 12 Unid.,DOUCEUR DU VERGER,Emb. 1.08 KG,"5,20€","4,81€ / KG",
PAO HAMBURGUER BRIOCHE,EPI D'OR,Emb. 0.3 KG,"0,99€","3,30€ / KG",
Snack P/ Gato Crispies C/ Sabor a Frango e Carne de Vaca,FELIX,Emb. 0.45 KG,"1,88€","4,18€ / KG",
PENSOS DIARIOS LONGOS,CHORYS,Emb. 24 UNID.,"1,59€","0,07€ / UNID.",
Limonada com Açúcar de Cana Biológica,,Garrafa 1 LT,"1,99€","1,99€ / LT",
SUN Tabs Classic Limão,,Emb. 32 DOSES,"3,49€","0,11€ / DOSES",
Conserva de Polvo com Alho,PITEU,Emb. 0.12 KG,"1,89€","15,75€ / KG",
Massa Farfalle Biológica,,Emb. 0.5 KG,"1,29€","2,58€ / KG",
Meloa Cantalupe,,1 Unid. = 1.34 KG (aprox.),"2,99€/kg","4,01€ / Unid.",
Vela Fragrância de Baunilha,AIR WICK,Emb. 0.32 KG,"2,84€","8,88€ / KG",
Bolachas Choco Minis,MILKA,Emb. 0.185 KG,"2,48€","13,41€ / KG",
Refrigerante sem Gás Maçã,JOI,Garrafa 1.5 LT,"1,04€","0,69€ / LT",
Johnson's Baby Champô de Camomila,JOHNSON'S BABY,Emb. 0.75 LT,"7,78€","10,37€ / LT",
Entrecosto de Porco Preto,,1 Unid. = 0.5 KG (aprox.),"5,49€/kg","2,75€ / Unid.",
Café Cápsulas Cioccolato,PLANTATION,Emb. 16 CAPS.,"2,44€","0,15€ / CAPS.",
Fiambre da Perna,CAMPO FINO,1 Unid. = 0.12 KG (aprox.),"7,98€/kg","0,96€ / Unid.",
Tablete Chocolate 70% Cacau Culinária,PANTAGRUEL,Emb. 0.2 KG,"2,83€","14,15€ / KG",
Snacks para Gato de Galinha,CATISFACTIONS,Emb. 0.06 KG,"1,88€","31,33€ / KG",
Licor Bailey´s,BAILEY'S,Garrafa 0.7 LT,"13,59€","19,41€ / LT",
Forma de Alumínio Redonda Castanha 26cm,ARDENCE,1 UNID.,"5,30€","5,30€ / UNID.",
Rebuçados Ácidos 4 Frutos,CONFISÉO,Emb. 0.4 KG,"1,53€","3,83€ / KG",
Mousse Caramelo 4 Unid.,DÉLISSE,Emb. 0.24 KG,"1,85€","7,71€ / KG",
AMBIENTADOR FRESHMATIC COM RECARGA LIFE SCENTS OÁSIS TURQUESA,AIRWICK,Emb. 1 UNID.,"7,19€","7,19€ / UNID.",
Gel de Banho,DOVE,Emb. 0.5 LT,"2,49€","4,98€ / LT",
Tiras de Bacon Fumados Superior 2x100g,ECO+,Emb. 0.2 KG,"1,49€","7,45€ / KG",
Bacalhau Graúdo Islândia Asa Preta,,1 Unid. = 2.5 KG (aprox.),"15,90€/kg","39,75€ / Unid.",
Molho de Alho,CALVÉ,Frasco 0.25 KG,"2,93€","11,72€ / KG",
Forma de Vidro Bolo Inglês 30cm,ARDENCE,1 UNID.,"4,20€","4,20€ / UNID.",
Gomas Trio Açucar,COPAÍNS COPINES,Emb. 0.2 KG,"0,99€","4,95€ / KG",
Inseticida Aerosol Casa e Plantas,RAID,Emb. 0.6 LT,"5,98€","9,97€ / LT",
Alimento Húmido P/ Gato Diamante Frango,PURINA,Emb. 0.09 KG,"1,48€","16,44€ / KG",
Massa Cotovelos Fino,MILANEZA,Emb. 0.5 KG,"1,19€","2,38€ / KG",
Pensos Incontinencia Anatómicos Máxima,LINDOR,Emb. 20 UNID.,"12,48€","0,62€ / UNID.",
Bolo de Frutas Fatiado,P'TIT DÉLI,Emb. 0.3,"1,49€","4,97€ /",
Condicionador Volume Toranja Branca e Menta,HERBAL ESSENCES,Emb. 0.4 LT,"5,78€","14,45€ / LT",
Iogurte Líquido Sabor Framboesa 6x180g,DÉLISSE,Emb. 1.08 KG,"1,99€","1,84€ / KG",
Chicória e Café Solúvel,PLANTATION,Emb. 0.25 KG,"2,99€","11,96€ / KG",
Pantene Repara & Protege Champô 3 Em 1,,Emb. 0.3 LT,"4,98€","16,60€ / LT",
Pão de Forma sem Côdea 9 Cereais,PANRICO,Emb. 0.48 KG,"2,48€","5,17€ / KG",
Tamboril Cal. 1/4,,1 Unid. = 2.5 KG (aprox.),"12,90€/kg","32,25€ / Unid.",
Pantene Espuma Cabelo ondulado 200ml,PANTENE PV,Emb. 0.2 LT,"3,74€","18,70€ / LT",
Maionese Verdadeira 416G,HELLMANN'S,Frasco 0.416 KG,"4,00€","9,62€ / KG",
Chourição Fatiado Tapas,CAMPOFRIO,Emb. 0.08 KG,"1,89€","23,63€ / KG",
Ovos Solo L,SNR,Emb. 6 UNID.,"1,19€","0,20€ / UNID.",
Água sem Gás,SERRA DA ESTRELA,Garrafão 6 LT,"1,68€","0,28€ / LT",
Massa Meada Fina,MILANEZA,Emb. 0.5 KG,"1,04€","2,08€ / KG",
Cereais Corn Flakes,SALUTEM,Emb. 0.25 KG,"1,78€","7,12€ / KG",
GEL BARBEAR FRESCURA,CARRÉ HOMME,Emb. 0.2 LT,"1,89€","9,45€ / LT",
Sardinha em Óleo Picante,BOM PETISCO,Emb. 0.12 KG,"0,99€","8,25€ / KG",
Lixívia Tradicional 2 L,NEOBLANC,Emb. 2 LT,"1,64€","0,82€ / LT",
Coloração Permanente Intense 8-60 Louro Mel,,,"11,87€",/ Unid.,
MOEDAS CHOCOLATE LEITE,COPAÍNS COPINES,Emb. 0.1 KG,"0,99€","9,90€ / KG",
Lava Tudo Marinho,CIF,Emb. 1.4 LT,"1,99€","1,42€ / LT",
Refrigerante C/ Gás Ananás,ECO+,Emb. 2 LT,"0,79€","0,40€ / LT",
"Pilhas Alcalinas LR20/D 1,5V",FOXTER,Emb. 2 UNID.,"3,84€","1,92€ / UNID.",
Pastilhas Máquina Loiça Platinum Plus,FAIRY,Emb. 37 UNID.,"18,80€","0,51€ / UNID.",
Cereais Golden Grahams,NESTLÉ,Emb. 0.375 KG,"2,53€","6,75€ / KG",
"AGUA VIMEIRO LISA PET 4X1,5L",VIMEIRO,,"2,08€",/ Unid.,
Cebola Picada Ultracongelada,IGLO,Emb. 0.35 KG,"1,18€","3,37€ / KG",
WC Brisa Marinha,NEO BLANC,Emb. 1 UNID.,"2,24€","2,24€ / UNID.",
Orecchiette,TRADIZIONI D'ITALIA,Emb. 0.5 KG,"1,79€","3,58€ / KG",
Couscous sem Glúten,CHAQUE JOUR,Emb. 0.375 KG,"2,49€","6,64€ / KG",
Spray Anti-calcário Perfect,CIF,Emb. 0.435 LT,"2,49€","5,72€ / LT",
Johnson's Baby Brilho Mágico Condicionador Gotas de Brilho,JOHNSON'S BABY,Emb. 0.5 LT,"5,58€","11,16€ / LT",
Migas Bacalhau da Noruega,,Emb. 0.4 KG,"4,99€","12,48€ / KG",
Pensos Higiénicos Salvaslips em Bolsas,EVAX,Emb. 28 UNID.,"1,34€","0,05€ / UNID.",
Café Descafeinado Pastilhas,PLANTATION,Emb. 36 UNID.,"3,48€","0,10€ / UNID.",
Recarga Sabonete Líquido Amêndoas,MANAVA,Emb. 0.25 LT,"0,65€","2,60€ / LT",
Conjunto Corretores de Fita,ESQUISSE,Emb. 2 UNID.,"1,99€","1,00€ / UNID.",
Bebida de Soja Natural Biológica,,Emb. 1 LT,"1,48€","1,48€ / LT",
Tagliatelles sem Glúten,CHAQUE JOUR SANS GLUTEN,Emb. 0.25 KG,"1,89€","7,56€ / KG",
Sorvete de Manga,TROFIC,,"1,79€",/ Unid.,
Queijo Fundido 24 Porções,A VACA QUE RI,Emb. 0.4 KG,"3,89€","9,73€ / KG",
Amaciador Cabelos Secos Elvive,ELVIVE,Emb. 0.2 LT,"3,78€","18,90€ / LT",
Exfoliante Facial,INELL,Emb. 0.075 LT,"1,19€","15,87€ / LT",
Conserva de Sardinha em Tomate,PÊCHE OCÉAN,Emb. 0.12 KG,"0,99€","8,25€ / KG",
Limão Cal. 2/3,,1 Unid. = 0.16 KG (aprox.),"1,89€/kg","0,30€ / Unid.",
Gelado Feast Pack 4,OLÁ,Emb. 0.36 LT,"2,99€","8,31€ / LT",
Liégeois de Chocolate 4x100g,DÉLISSE,Emb. 0.4 KG,"1,49€","3,73€ / KG",
Biscoito de Ovos Frescos,ECO+,Emb. 0.4 KG,"1,69€","4,23€ / KG",
ESPARGUETE INTEGRAL,TURINI,Emb. 0.5 KG,"0,99€","1,98€ / KG",
LENCOS DE PAPEL BRANCOS KIDS 3 FOLHAS  60UN CARESSE,CARESSE,Emb. 60 UNID.,"1,19€","0,02€ / UNID.",
Vinho Regional Tejo Branco,LEZÍRIA,Garrafa 0.75 LT,"1,39€","1,85€ / LT",
GEL MAQUINA LOICA CONCENTRADO LIMAO TUDO EM 1 ECOLOGICO 685ML 685ML UNI VERT,UNÍ VERT,Emb. 0.685 LT,"3,86€","5,64€ / LT",
Papel Higiénico 2 Folhas Original,SCOTTEX,Emb. 32 ROLOS,"9,98€","0,31€ / ROLOS",
Conserva de Sardinha Molho de Tomate,PÊCHE OCÉAN,Emb. 0.12 KG,"0,99€","8,25€ / KG",
Gelatina Light Sabor a Ananás,TABLIER BLANC,Emb. 0.031 KG,"0,79€","25,48€ / KG",
Leite de Crescimento 4,NAN,Emb. 0.8 KG,"13,48€","16,85€ / KG",
Bacalhau Seleção Graúdo Noruega Asa Preta,,1 Unid. = 2.5 KG (aprox.),"10,99€/kg","27,48€ / Unid.",
Conserva de Filete Cavala,PITEU,Emb. 0.12 KG,"1,69€","14,08€ / KG",
Conserva de Ravioli à Bolonhesa,CÔTÉ TABLE,Lata 0.8 KG,"2,99€","3,74€ / KG",
IOGURTE BAUNILHA BIO,,Emb. 0.5 KG,"1,39€","2,78€ / KG",
Espumante Reserva Doce,MURGANHEIRA,Garrafa 0.75 LT,"11,78€","15,71€ / LT",
Palitos de La Reine Mousse d´Or,DU BOIS DE LA ROCHE,Emb. 0.2 KG,"2,49€","12,45€ / KG",
Pão de Avó,,1 Unid. = 0.08 KG (aprox.),"3,50€/kg","0,28€ / Unid.",
Sobremesa Petit Gâteau 4 Unidades,PASCOAL,Emb. 0.32 KG,"4,50€","14,06€ / KG",
Elixir Cool Mint,SENSODYNE,Emb. 0.5 LT,"5,98€","11,96€ / LT",
GELATINA MORANGO LIGHT CONDI 2X15G,CONDI,Emb. 0.3 KG,"1,88€","6,27€ / KG",
LIMPA MAQUINA LOICA,VISIOR,Emb. 0.25 LT,"1,35€","5,40€ / LT",
Tarte de Fruta Variada,,1 Unid. = 0.8 KG (aprox.),"9,99€/kg","9,99€ / Unid.",
Vinho Regional Douro Tinto Reserva,ADEGA DE VILA REAL,Garrafa 0.75 LT,"3,28€","4,37€ / LT",
A+ARIEL OPTIMAL LIQ 3X3.25L/65SC/PT,A+,,"24,98€",/ Unid.,
Couve Penca,,1 Unid. = 1.05 KG (aprox.),"1,99€/kg","2,09€ / Unid.",
B&J Strawb CheeseCake 465ml,,Emb. 0.465 LT,"6,78€","14,58€ / LT",
Queijo de Vaca Meio Gordo D.Pedro,D. PEDRO,1 Unid. = 1.5 KG (aprox.),"12,99€/kg","19,49€ / Unid.",
Vinho Regional Península de Setúbal Tinto,JP,Garrafa 0.75 LT,"2,19€","2,92€ / LT",
DESODORIZANTE SPRAY ICE BOOST MEN 200ML,CARRÉ HOMME,Emb. 0.2 LT,"1,19€","5,95€ / LT",
Beringela,,1 Unid. = 0.37 KG (aprox.),"1,99€/kg","0,74€ / Unid.",
Toalhitas Sensitive Recarga,DODOT,Emb. 216 UNID.,"7,98€","0,04€ / UNID.",
Martini Rosso Pack,MARTINI,Emb. 0.6 LT,"8,98€","14,97€ / LT",
Pequenas Baguetes sem Glúten 2x75g,CHAQUE JOUR,Emb. 0.15 KG,"2,19€","14,60€ / KG",
"OIKOS MARACUJA 110G X4,,440G",OIKOS,Emb. 0.44 KG,"2,39€","5,43€ / KG",
Miolo Amêndoa Granulada,MARQUE REPERE,Emb. 0.15 KG,"2,75€","18,33€ / KG",
Conserva de Atum com Piri-piri,RAMIREZ,Emb. 0.12 KG,"1,34€","11,17€ / KG",
Presunto Inteiro,PROBAR,1 Unid. = 6 KG (aprox.),"4,99€/kg","29,94€ / Unid.",
PENSOS INCONTINENCIA U. FINOS C/ ABAS SUPER+ POCKET 14UN CHORYS,CHORYS,Emb. 14 UNID.,"2,25€","0,16€ / UNID.",
PATE RICO SALMAO P/ GATO BIO CV 100G PLENIMA,PLENIMA,Emb. 0.1 KG,"0,69€","6,90€ / KG",
Atum Inteiro,,1 Unid. = 3 KG (aprox.),"6,99€/kg","20,97€ / Unid.",
Condicionador para Cabelo Encaracolado,TRESEMMÉ,Emb. 0.5 LT,"4,19€","8,38€ / LT",
Bife da Pá Novilho,,1 Unid. = 0.25 KG (aprox.),"4,39€/kg","1,10€ / Unid.",
Especiarias Mistura de 5 Pimentas,RUSTICA,Frasco 0.043 KG,"1,69€","39,30€ / KG",
Tablete Chocolate Cacau 85%,LACASA,Emb. 0.1 g,"1,64€","16,40€ / g",
Champô Suave Azeite de Moringa Dourada,HERBAL ESSENCES,Emb. 0.4 LT,"2,49€","6,23€ / LT",
Conserva de Atum Natural,PÊCHE OCÉAN,Emb. 0.186 KG,"1,99€","10,70€ / KG",
Drageia Mastigável de Mentos Rainbow,MENTOS,Emb. 0.12 KG,"1,98€","16,50€ / KG",
Chupa Single,CHUPA CHUPS,Emb. 0.012 KG,"0,38€","31,67€ / KG",
Ambientador Carro Flores Elegantes,AMBIPUR,Emb. 1 UNID.,"3,48€","3,48€ / UNID.",
Brioche Fatiado Clássico,,Emb. 0.5 KG,"1,59€","3,18€ / KG",
Arroz Perfumado Biológico,,Emb. 0.5 KG,"1,99€","3,98€ / KG",
Néctar Vital Equilíbrio Laranja Maracujá,COMPAL,Emb. 1 L,"1,58€","1,58€ / L",
Lenços de Bolso Pure Sensitive 4 Folhas,RENOVA,Emb. 6 UNID.,"0,98€","0,16€ / UNID.",
Refrigerante com Gás Ananás,FRISUMO,Garrafa 1 LT,"0,99€","0,99€ / LT",
Sobremesa de Soja C/ Caramelo,NAT&VIE,Emb. 0.4 KG,"1,49€","3,73€ / KG",
Bolachas Recheadas Baunilha,P'TIT DÉLI,Emb. 0.154 KG,"0,99€","6,43€ / KG",
Azeite Virgem Extra Suave,GALLO,Garrafa 0.75 LT,"4,49€","5,99€ / LT",
Refrigerante C/ Gás Lima-Limão,SPRINK'S,Garrafa 1 LT,"0,89€","0,89€ / LT",
Sabonete Líquido Leite e Mel Recarga,PALMOLIVE,Emb. 0.3 LT,"2,78€","9,27€ / LT",
Toalhitas Refrescantes 10 unidades,INELL,Emb. 10 UNID.,"0,59€","0,06€ / UNID.",
"Bolachas gérmen de Trigo, Soja e Laranja",NAT&VIE,Emb. 0.2 KG,"1,69€","8,45€ / KG",
Gel de Banho Hidratante Baby Sensitive,BABY DOVE,Emb. 0.2 LT,"1,79€","8,95€ / LT",
Snack Periquito Mel e Sésamo,VITAKRAFT,Emb. 0.12 KG,"2,09€","17,42€ / KG",
Caldo para Massas,KNORR,Emb. 0.08 KG,"1,39€","17,38€ / KG",
Vagens de Baunilha,TABLIER BLANC,Emb. 2 UNID.,"4,99€","2,50€ / UNID.",
Queijo Roquefort Societé,PRÉSIDENT,1 Unid. = 0.25 KG (aprox.),"24,99€/kg","6,25€ / Unid.",
Gel Studio Line Invisi Fix Fixação Forte 6,L'ORÉAL PARIS,Emb. 0.15 KG,"5,98€","39,87€ / KG",
Syoss Oieo Intense 5-92 Vermelho Intenso,SYOSS,,"6,24€",/ Unid.,
NATAS FRESCAS,DÉLISSE,Emb. 0.2 KG,"1,19€","5,95€ / KG",
Queijo de Cabra Rústico Saloio,PALHAIS DE PORTUGAL,1 Unid. = 0.25 KG (aprox.),"15,99€/kg","4,00€ / Unid.",
Gelado Cheesecake com Caramelo Salgado,CARTE D'OR,Emb. 0.9 LT,"3,29€","3,66€ / LT",
ICE TEA MANGA,LIPTON,Emb. 0.5 LT,"0,79€","1,58€ / LT",
Iogurte Líquido Morango,DÉLISSE,Emb. 0.85 KG,"1,29€","1,52€ / KG",
Frango para Churrasco Temperado Embalado,,1 Unid. = 0.9 KG (aprox.),"3,45€/kg","3,11€ / Unid.",
Pêssego Paraguaio,,1 Unid. = 0.15 KG (aprox.),"2,99€/kg","0,45€ / Unid.",
Barras de Cereais Special K Frutos Vermelhos,KELLOGG'S,Emb. 0.132 KG,"3,78€","28,64€ / KG",
MACARRONETE RISCADO,CAÇAROLA,Emb. 0.5 KG,"1,16€","2,32€ / KG",
Lenços Bolso,MARQUE REPERE,Emb. 18 UNID.,"1,56€","0,09€ / UNID.",
Tarte de Alho Frances,CÔTÉ TABLE,Emb. 0.4 KG,"2,35€","5,88€ / KG",
COOKIES C/PEPITAS 3 CHOCOLATES E BASE CHOCOLATE DE LEITE,P'TIT DÉLI,Emb. 0.2 KG,"1,96€","9,80€ / KG",
Pizza Royale Volpone Ultracongelado,TURINI,Emb. 0.57 KG,"2,99€","5,25€ / KG",
LEITE DE COCO,TABLES DU MONDE,Emb. 0.4,"1,29€","3,23€ /",
Iogurte Aroma 12x125g,ECO+,Emb. 1.5 KG,"1,79€","1,19€ / KG",
XAU LIMP MAQ DUOPACK,XAU,Emb. 2 DOSES,"6,99€","3,50€ / DOSES",
Gelados de Amêndoas,MAGNUM,Emb. 4 UNID.,"4,98€","1,25€ / UNID.",
Vinho Cotes Du Rhone A.O.C. 2015 Cuvee Prestige Gregoire,GREGOIRE XI,Garrafa 0.75 ML,"2,99€","3,99€ / ML",
Vinho Branco Frutado,CAMPELO,Garrafão 5 LT,"6,99€","1,40€ / LT",
AVELA EM PO,TABLIER BLANC,Emb. 0.125 KG,"2,29€","18,32€ / KG",
Pão Padeira de Trigo,,1 Unid. = 0.4 KG,"2,99€","7,48€ / KG",
Alimento Seco Gato Atum Legumes,PURINA FRISKIES,Emb. 0.4 KG,"2,18€","5,45€ / KG",
Feno Roedores,TOUS MES AMIS,Emb. 1 KG,"2,59€","2,59€ / KG",
MARISCADA,ECO+,Emb. 0.7 KG,"4,98€","7,11€ / KG",
LAVA TUDO FRESCURA PURA,CLAIR,Emb. 1.5 LT,"1,89€","1,26€ / LT",
Cerveja com Álcool Stout 6x33cl,SUPER BOCK,Emb. 1.98 LT,"4,49€","2,27€ / LT",
Vinho Verde Branco,AVELEDA,Garrafa 0.75 LT,"4,98€","6,64€ / LT",
LIXIVIA PERFUMADA FLORES DO CAMPO,CLAIR,Emb. 2 LT,"1,09€","0,55€ / LT",
Pimenta Preta Moída,RUSTICA,Frasco 0.04 KG,"0,99€","24,75€ / KG",
Pantene Caracóis Definidos Laca 300ml,PANTENE PV,Emb. 0.3 LT,"3,74€","12,47€ / LT",
Tablete de Chocolate Preto com Recheio de Menta,EQUADOR,Emb. 0.15 KG,"1,55€","10,33€ / KG",
QUEIJO MOZZARELLA FATIAS,QUEIJO NA TÁBUA,Emb. 0.15 KG,"1,49€","9,93€ / KG",
Detergente Manual Loiça Ultra,FAIRY,Emb. 0.48 LT,"1,94€","4,04€ / LT",
Choco Limpo,,1 Unid. = 0.5 KG (aprox.),"11,90€/kg","5,95€ / Unid.",
Alimento Húmido P/ Gato C/ Carne de Vaca e Legumes,FRISKIES,Emb. 0.4 KG,"1,68€","4,20€ / KG",
Loção para Corpo Suavizante 48h Pele Seca,NIVEA BODY,Emb. 0.4 LT,"5,98€","14,95€ / LT",
Cereais Arroz Tufado Chocolate,,Emb. 0.75 KG,"2,54€","3,39€ / KG",
COCKTAIL AZEITONAS E TREMOCOS,TOKAPI,Emb. 0.2 KG,"1,19€","5,95€ / KG",
Massa Letras,TURINI,Emb. 0.25 KG,"0,55€","2,20€ / KG",
Tartelettes Cobertas Morango,ECO+,Emb. 0.2 KG,"0,79€","3,95€ / KG",
CURGETES RODELAS,NOTRE JARDIN,Emb. 1 KG,"1,69€","1,69€ / KG",
Pacotinho Fruta Hero Baby 3 Frutos 100 G,HERO BABY,Emb. 0.1 KG,"0,97€","9,70€ / KG",
Queijo Fundido Palitos 4x140g,A VACA QUE RI,Emb. 0.14 KG,"2,28€","16,29€ / KG",
Torta de Chocolate,,1 Unid. = 0.5 KG (aprox.),"10,49€/kg","10,49€ / Unid.",
COLORACAO LOURO CLARISSIMO 9.0 S/AMONIACO,VITANOVE,Emb. 1 UNID.,"3,89€","3,89€ / UNID.",
Iogurte Líquido Framboesa Arandos 4x155g,DANONE,Emb. 0.62 KG,"1,69€","2,73€ / KG",
Champô Cabelo Garnier Hidra Caracóis,FRUCTIS,Emb. 0.25 LT,"3,98€","15,92€ / LT",
Pensos Higiénicos Fina e Segura Normal,EVAX,Emb. 1 P,"1,98€","1,98€ / P",
Halls Vita C sem Açúcar Cítricos,HALLS,Emb. 0.032 KG,"0,58€","18,13€ / KG",
Pensos Higiénicos Cottonlike Super Alas,EVAX,Emb. 12 UNID.,"2,02€","0,17€ / UNID.",
Pão de Hambúrguer Mini,EPI D'OR,Emb. 0.25 KG,"1,19€","4,76€ / KG",
SYOSS OLEO INT. 9-10 LOURO LUMI,SYOSS,,"6,24€",/ Unid.,
Refresco em Pó Laranja,TANG,Emb. 0.03 KG,"0,82€","27,33€ / KG",
Alimento Seco P/ Cão Júnior,PURINA FRISKIES,Emb. 3 KG,"8,23€","2,74€ / KG",
Snacks Húmidos P/ Gato Esterilizado 2 de Frango e 2 de Vaca,PURINA,Emb. 0.34 KG,"3,48€","10,24€ / KG",
Gelatina Frutos Vermelhos Light 2x15g,CONDI,Emb. 0.03 KG,"1,88€","62,67€ / KG",
Iogurte Bifidus Líquido Frutos Silvestres 0% 4 Unid.,DANONE,Emb. 0.62 KG,"1,99€","3,21€ / KG",
Tomate Cal. 67/82,,1 Unid. = 0.2 KG (aprox.),"1,99€/kg","0,40€ / Unid.",
Cereais Aveia e Morango,NESTUM,Emb. 0.25 KG,"2,18€","8,72€ / KG",
Spray Depilatório Aloé Vera e Vitamina E,VEET,Spray 0.15 LT,"6,64€","44,27€ / LT",
"AGUA FRIZE,,75CL",FASTIO,,"0,98€",/ Unid.,
GELATINA MANGA LARANJA LIGHT CONDI 2X15G,CONDI,Emb. 0.3 KG,"1,88€","6,27€ / KG",
Néctar Clássico Manga Magdalena 3x20 cl,COMPAL,Emb. 0.6 LT,"1,58€","2,63€ / LT",
"Gelados Bombons de Chocolate Classic, de Amêndoas e de Branco Pack 12",MAGNUM,Emb. 0.14 LT,"4,98€","35,57€ / LT",
Limpa Máquinas Pack 2 Usos,FINISH,Emb. 1 P,"11,98€","11,98€ / P",
Alimento Húmido Gato Paté Salmão,TOUS MES AMIS,Emb. 0.1 KG,"0,45€","4,50€ / KG",
Puré de Batata em Flocos,MAGGI,Emb. 0.25 KG,"1,85€","7,40€ / KG",
Abrilhantador P/ Máquina da Loiça Limão,FINISH,Emb. 0.8 LT,"7,44€","9,30€ / LT",
Batatas Pré-Fritas Congeladas,POM'LISSE,Emb. 2.5 KG,"3,99€","1,60€ / KG",
Condicionador Repara Bourbon e Mel de Manuka,HERBAL ESSENCES,Emb. 0.4 LT,"3,49€","8,73€ / LT",
Cachorrinhos 5 Unid.,,Emb. 5 KG,"3,19€","0,64€ / KG",
Iogurte com Frutos 12x125g,ECO+,Emb. 1.5 KG,"2,59€","1,73€ / KG",
ELIXIR BOCAL EXPERT 8EM1,DENTAMYL,Emb. 0.5 LT,"1,29€","2,58€ / LT",
Água sem Gás Mineral,LUSO,Garrafa 0.33 LT,"0,34€","1,03€ / LT",
Spray de Limpeza e Desengordurante Cozinha Ecológico,UNÍ VERT,Emb. 0.75 LT,"1,29€","1,72€ / LT",
LAVA TUDO AMONIACAL,ECO+,Emb. 5 LT,"1,69€","0,34€ / LT",
Papel Higiénico 2 Folhas,MARQUE REPERE,Emb. 24 UNID.,"4,79€","0,20€ / UNID.",
Massa Fresca em Folhas para Lasanha,TURINI,Emb. 0.35 KG,"1,75€","5,00€ / KG",
Conserva de Ravioli de Vaca com Molho Italiano,CÔTÉ TABLE,Emb. 0.4 KG,"1,49€","3,73€ / KG",
CHAMPO + DUCHE ENERGIZANTE PARA HOMEM,CARRÉ HOMME,Emb. 0.25,"1,29€","5,16€ /",
Vinagre Vinho Branco,CRISTAL,Garrafa 0.5 LT,"0,99€","1,98€ / LT",
TOALHITAS DESMAQ. PELES SECAS E SENSIVEIS BIO,BIONAÏA,Emb. 25 UNID.,"1,99€","0,08€ / UNID.",
Fibra Normal Classic,SCOTCH BRITE,Emb. 1 UNID.,"1,14€","1,14€ / UNID.",
Refrigerante sem Gás Limão,FRUTIS,Emb. 1.5 LT,"1,15€","0,77€ / LT",
Bloco de Foie Gras de Pato,PIERRE DE CHAUMEYRAC,Lata 0.2 KG,"8,99€","44,95€ / KG",
Creme Limpeza Pink Flowers,CIF,Emb. 0.7 LT,"2,49€","3,56€ / LT",
Puré de Batata 4x125g,POM'LISSE,Emb. 0.5 KG,"1,79€","3,58€ / KG",
Pastilhas Máquina Loiça All In 1 Laranja,FAIRY,Emb. 60 CAPS.,"17,46€","0,29€ / CAPS.",
Cápsulas Café Ristretto Ardenza Pack x3,DOLCE GUSTO,Emb. 48 CAPS.,"14,88€","0,31€ / CAPS.",
Molho Piri-piri Extra Picante,PALADIN,Emb. 0.075 LT,"1,78€","23,73€ / LT",
Bolacha Torrada,NACIONAL,Emb. 0.175 KG,"1,18€","6,74€ / KG",
Cerveja com Álcool 6x25cl,HEINEKEN,Emb. 1.5 LT,"3,99€","2,66€ / LT",
Merenda Mista,,1 Unid. = 0.1 KG,"0,99€","9,90€ / KG",
Escova de Dentes Suave Whole Mouth Clean,COLGATE,Emb. 1 UNID.,"3,98€","3,98€ / UNID.",
Água com Gás 10x25 cl TP,PEDRAS SALGADAS,Emb. 2.5 LT,"4,38€","1,75€ / LT",
LENCOS BOLSO 4F MENTOL,CARESSE,Emb. 15 UNID.,"1,58€","0,11€ / UNID.",
Preparado em Pó para Bebida de Cacau Biológico,,Emb. 0.5 KG,"3,59€","7,18€ / KG",
Batatas Fritas Lisas,ECO+,Emb. 0.2 KG,"1,09€","5,45€ / KG",
IOGURTE BATIDO ACUCARADO BAUNILHA,DÉLISSE,Emb. 1 KG,"2,09€","2,09€ / KG",
GELATINA CONDI MORANGO 2X85G,CONDI,,"1,78€",/ Unid.,
Tortellini de Ricotta e Espinafres,KNORR,Emb. 0.25 KG,"3,18€","12,72€ / KG",
Chá de Cidreira,LIPTON,Emb. 20 SAQ.,"1,20€","0,06€ / SAQ.",
Máquina de Depilar Descartável Venus Basic,GILLETTE,Emb. 4 UNID.,"3,48€","0,87€ / UNID.",
Argolas do Mar Ultracongelado,PESCANOVA,Emb. 0.4 KG,"3,98€","9,95€ / KG",
Ice Tea Pêssego 2x2lt,LIPTON,Emb. 4 LT,"4,99€","1,25€ / LT",
Pantene Cuidado Clássico Champô 3 Em 1,PANTENE PV,Emb. 0.3 LT,"4,98€","16,60€ / LT",
TRANSPORTADORA P/CAO 48CM 1UN P'TIT AMI,P'TIT AMI,Emb. 1 UNID.,"9,99€","9,99€ / UNID.",
Conserva de Feijão Encarnado,NOTRE JARDIN,Frasco 0.57 KG,"0,69€","1,21€ / KG",
Água Tónica Zero,SPRINK'S,Garrafa 1.5 LT,"1,39€","0,93€ / LT",
Azeitonas Verdes Descaroçadas,QAMPO,Emb. 0.16 KG,"1,39€","8,69€ / KG",
IOGURTE GREGO CARAMELO SALGADO,DÉLISSE,Emb. 0.6 KG,"1,99€","3,32€ / KG",
Chá Preto Yellow,LIPTON,Emb. 20 SAQ.,"1,09€","0,05€ / SAQ.",
Macarrão,TURINI,Emb. 0.5 KG,"0,79€","1,58€ / KG",
Galetes de Milho com Cobertura de Chocolate Preto Biológicas,,Emb. 0.1 KG,"1,79€","17,90€ / KG",
Creme de Soja P/ Culinária,NAT&VIE,Emb. 0.6 KG,"2,65€","4,42€ / KG",
Néctar Multifruits,ECO+,Emb. 2 LT,"1,39€","0,70€ / LT",
After Shave Bálsamo Hidratante,NIVEA MEN,Emb. 0.1 LT,"5,99€","59,90€ / LT",
ARROZ SUSHI,CAÇAROLA,Emb. 1 KG,"2,08€","2,08€ / KG",
BOLACHAS C/TABLETE CHOCO PRETO,ECO+,Emb. 0.15 KG,"1,05€","7,00€ / KG",
Espumante ASTI Doce,GANCIA,Garrafa 0.75 LT,"8,68€","11,57€ / LT",
ESCOVA DENTES BAMBU MACIA 1UN DENTAMYL,DENTAMYL,,"1,99€",/ Unid.,
Pensos Higiénicos Noite Alas,EVAX,Emb. 9,"2,53€","0,28€ /",
Iogurte Natural 12x125g,ECO+,Emb. 1.5 KG,"1,65€","1,10€ / KG",
Pão Saloio,,1 Unid. = 0.4 KG,"1,10€","2,75€ / KG",
Bolachas Cobertas com Chocolate de Leite,OREO,Emb. 0.246 KG,"2,98€","12,11€ / KG",
Shampoo Fortificante Arginina e Proteína,ELVIVE,Emb. 0.25 LT,"3,98€","15,92€ / LT",
Sobremesa Láctea Natual Açúcarado +6 Meses,BIO VILLAGE BEBE,Emb. 0.4 KG,"3,04€","7,60€ / KG",
Mini Bolos com Pepitas de Chocolate,P'TIT DÉLI,Emb. 0.15 KG,"1,09€","7,27€ / KG",
BOLACHAS \'LES ANIMAUX\' COBERTURA DE CHOCO LEITE,P'TIT DÉLI,Emb. 0.225 KG,"1,89€","8,40€ / KG",
BEBIDA ARROZ ORIGINAL,ALPRO,Emb. 1 LT,"2,08€","2,08€ / LT",
Água sem Gás,VITALIS,Garrafa 0.75 LT,"0,53€","0,71€ / LT",
BOLACHAS PARA GELADOS,P'TIT DÉLI,Emb. 0.1 KG,"1,35€","13,50€ / KG",
Vinho Regional Douro Tinto,ADEGA DE VILA REAL,Garrafa 0.75 LT,"2,68€","3,57€ / LT",
PIZZA MARGARITA BIO,,Emb. 0.35 KG,"3,75€","10,71€ / KG",
Cereais Special K Classic,KELLOGG'S,Emb. 0.75 KG,"3,74€","4,99€ / KG",
PALMIERS COM RASPA LIMAO,P'TIT DÉLI,Emb. 0.1 KG,"0,99€","9,90€ / KG",
Gelatina em Pó Tutti-Frutti 2x80 g,TABLIER BLANC,Emb. 0.17 KG,"0,85€","5,00€ / KG",
Gel de Banho Active Clean,NIVEA MEN,Emb. 0.5 LT,"5,99€","11,98€ / LT",
Creme de Banho Pele Suave,NIVEA,Emb. 0.75 LT,"3,49€","4,65€ / LT",
COOKIES CHOCOLATE C/PEPITAS CHOCOLATE X12,P'TIT DÉLI,Emb. 0.2 KG,"1,39€","6,95€ / KG",
"PEITO PERU FATIAS FINAS Teor Sal Reduzido,110G",IZIDORO,Emb. 0.11 KG,"1,99€","18,09€ / KG",
Cápsulas Café Espresso P/ Dolce Gusto Intensidade 11,STARBUCKS,Emb. 12 CAPS.,"5,38€","0,45€ / CAPS.",
AMACIADOR CONCENTRADO TALCO 72 DOSES,HYPERDOU,Emb. 2 LT,"1,75€","0,88€ / LT",
Ravioli de Vaca com cebola,TURINI,Emb. 0.3 KG,"1,79€","5,97€ / KG",
Copo de Pé 19cl,EQUIP HOME,1 UNID.,"0,99€","0,99€ / UNID.",
Bolachas de Manteiga Belga com Cobertura Chocolate,SABOROSA,Emb. 0.198 KG,"1,98€","10,00€ / KG",
Bebida Energética Blood Orange,POWERADE,Emb. 0.5 LT,"1,38€","2,76€ / LT",
Agrião,,Emb. 0.15 KG,"1,49€","9,93€ / KG",
Bebida de Arroz 0% 3x200ML,SHOYCE,Emb. 0.6 LT,"1,79€","2,98€ / LT",
Spray Multiusos,NEOBLANC,Spray 0.65 LT,"2,39€","3,68€ / LT",
Sopa de Tomate,KNORR,Emb. 0.085 KG,"1,49€","17,53€ / KG",
Iogurte Líquido Baunilha,DÉLISSE,Emb. 0.85 LT,"1,29€","1,52€ / LT",
Queijo Petit Brie,ECO+,Emb. 0.5 KG,"3,59€","7,18€ / KG",
Dentífrico Cuidado Diário,PARODONTAX,Emb. 0.075 LT,"5,58€","74,40€ / LT",
After Shave Splash Cool Wave,GILLETTE,Emb. 0.1 LT,"6,98€","69,80€ / LT",
Desodorizante Roll-On Narta 5 Acções Protection,GARNIER,Emb. 0.05 LT,"3,98€","79,60€ / LT",
Massa Cotovelos sem Glúten,CHAQUE JOUR SANS GLUTEN,Emb. 0.4 KG,"1,49€","3,73€ / KG",
Conserva de Azeitona Mista Galega,RUSTICA,Emb. 0.3 KG,"2,49€","8,30€ / KG",
Roll On Narta Men InvisiMax,GARNIER,Emb. 0.05 LT,"3,98€","79,60€ / LT",
Nuggets Peito de Frango Ultracongelado,CAPITÃO IGLO,Emb. 0.208 KG,"3,99€","19,18€ / KG",
SPRAY TIRA NODOAS PRE-LAVAGEM 500ML,TEXIL,Emb. 0.5 LT,"1,49€","2,98€ / LT",
Ketchup Picante,RUSTICA,Emb. 0.25 KG,"0,99€","3,96€ / KG",
RAVIOLI BOLONHESA 1/2,CÔTÉ TABLE,Emb. 0.4 KG,"1,79€","4,48€ / KG",
Alimento Húmido Gato Carne de Vaca,TOUS MES AMIS,Emb. 0.1 KG,"0,45€","4,50€ / KG",
Almôndegas de Carne de Bovino Picada Ultracongelado,ECO+,Emb. 0.9 KG,"7,49€","8,32€ / KG",
Vinho Regional Alentejano Tinto,DOM MARTINHO,Garrafa 0.75 LT,"4,29€","5,72€ / LT",
Madalenas longas,P'TIT DÉLI,Emb. 0.44 KG,"2,59€","5,89€ / KG",
"ATUM C/MILHO,FEIJÃO VERMELHO,RAMIREZ,120G",RAMIREZ,,"1,43€",/ Unid.,
arroz sushi Bom Sucesso 1kg,BOM SUCESSO,,"1,77€",/ Unid.,
Vinho Regional Douro Tinto,ALTANO,Garrafa 0.75 LT,"4,98€","6,64€ / LT",
Cápsulas Café Sical,DOLCE GUSTO,Emb. 16 CAPS.,"5,98€","0,37€ / CAPS.",
Bebida de Amêndoa,SHOYCE,Emb. 1 LT,"2,19€","2,19€ / LT",
Paté de Sardinha e Cavala,PÊCHE OCÉAN,Emb. 0.065 KG,"0,59€","9,08€ / KG",
Noz-Moscada Moída,RUSTICA,Frasco 0.042 KG,"1,99€","47,38€ / KG",
Tampa Universal Inox 12/16cm,ARDENCE,1 UNID.,"1,85€","1,85€ / UNID.",
Maçã Jonagored Cal. 75/80,,1 Unid. = 0.245 KG (aprox.),"1,49€/kg","0,37€ / Unid.",
DETERGENTE MANUAL LOICA FLORAL 500ML,VISIOR,Emb. 0.5,"0,76€","1,52€ /",
Iogurte Líquido Déli´Up Morango 10x100g,DÉLISSE,Emb. 1 KG,"2,29€","2,29€ / KG",
Polvo Congelado,,1 Unid. = 1.5 KG (aprox.),"9,73€/kg","14,60€ / Unid.",
Vinho Lambrusco Tinto,DELL'EMILIA,Garrafa 0.75 LT,"3,48€","4,64€ / LT",
Espanador Pack,PRONTO,Emb. 1 P,"4,28€","4,28€ / P",
VINHO FRIZANTE CACHO FRESCO BRANCO.75L,CACHO FRESCO,Emb. 0.075 LT,"1,69€","22,53€ / LT",
Fraldas Bebé T3 Doucer 4/9Kg,MOTS D'ENFANTS,Emb. 90 UNID.,"14,07€","0,16€ / UNID.",
Leite Prado Verde Meio Gordo Bio,AGROS,Emb. 1 LT,"1,18€","1,18€ / LT",
Gel de Banho Amêndoas Doces,VASELINE,Emb. 0.7 LT,"2,99€","4,27€ / LT",
Queijo Brique Vaca,LES CROISÉS,Emb. 0.2 KG,"1,99€","9,95€ / KG",
Queijo Flamengo de Lamego Light Fatias,PAIVA,Emb. 0.18 KG,"2,28€","12,67€ / KG",
Molho de Tomate à Provençale,TURINI,Frasco 0.42 KG,"1,49€","3,55€ / KG",
Deo Spray Dermo Extra Control 48H,SANEX,Emb. 0.15 LT,"3,95€","26,33€ / LT",
Crocante de Frango Recheio Queijo e Fiambre,IGLO,Emb. 0.204 KG,"4,98€","24,41€ / KG",
QUEIJO EDAM FATIADO,ECO+,Emb. 0.2 KG,"1,49€","7,45€ / KG",
Iogurte Grego Stracciatella,YAOS,Emb. 0.44 KG,"2,29€","5,20€ / KG",
Puré de Batata Nature,POM'LISSE,Emb. 1 KG,"3,19€","3,19€ / KG",
Desodorizante Spray Fresia/Orquídea,MANAVA,Emb. 0.1 LT,"1,29€","12,90€ / LT",
Massa Estrelinha Clássica,NACIONAL,Emb. 0.25,"0,55€","2,20€ /",
Caixa Hermética 0.50L 5Unid.,,1 UNID.,"1,57€","1,57€ / UNID.",
Café Solúvel Clássico,NESCAFÉ,Emb. 10 SAQ.,"1,30€","0,13€ / SAQ.",
Mix Frutos do Bosque,,Emb. 0.135 KG,"2,37€","17,56€ / KG",
Iogurte Aroma Tutti-Frutti 4 Unid.,LONGA VIDA,Emb. 0.125 KG,"0,89€","7,12€ / KG",
Champô Purify & Hidrate,TRESEMMÉ,Emb. 0.4 LT,"4,19€","10,48€ / LT",
Puré de Batata Biológico 2x125g,,Emb. 0.25 KG,"2,99€","11,96€ / KG",
Leite de Pastagem Meio Gordo,TERRA NOSTRA,Emb. 1 LT,"1,04€","1,04€ / LT",
Atum em Óleo,ECO+,Emb. 0.12 KG,"0,64€","5,33€ / KG",
Grão de Bico Seco,NOTRE JARDIN,Emb. 0.5 KG,"0,99€","1,98€ / KG",
DENTAMYL PLANTAS,DENTAMYL,Emb. 0.075 LT,"0,85€","11,33€ / LT",
Leite Bem Especial 0% de Lactose Meio Gordo,MIMOSA,Emb. 1 LT,"1,29€","1,29€ / LT",
Bolachas Tosta Rica Choco Guay,CUÉTARA,Emb. 0.168 UNID.,"2,08€","12,38€ / UNID.",
"A+ARIEL COLOR LIQ 56D,,2.8L",A+,,"17,32€",/ Unid.,
Limpa Máquinas Limão 5x Power Actions,FINISH,Emb. 1 UNID.,"3,89€","3,89€ / UNID.",
Sargo Fresco,,1 Unid. = 0.4 KG (aprox.),"7,98€/kg","3,19€ / Unid.",
Alimento Húmido P/ Cão Adulto Pequeno Frango e Borrego,PURINA,Emb. 0.4 KG,"2,38€","5,95€ / KG",
Maçã Royal Gala Cal. 70/75,,1 Unid. = 0.18 KG (aprox.),"1,59€/kg","0,29€ / Unid.",
Alimento Húmido P/ Gato Completo 4x400g,LYCAT,Emb. 4 UNID.,"3,40€","0,85€ / UNID.",
Pensos Higiénicos Normal Alas,EVAX,Emb. 12 UNID.,"2,38€","0,20€ / UNID.",
Faca de Cozinha 13cm,,1 UNID.,"4,90€","4,90€ / UNID.",
Leite Condensado Açucarado,DÉLISSE,Lata 0.397 KG,"1,09€","2,75€ / KG",
Leite Bem Especial Cálcio Magro,MIMOSA,Emb. 1 LT,"0,98€","0,98€ / LT",
ESPUMA BARBEAR DERMO P.SENSIVEIS 250ML,CARRÉ HOMME,Emb. 0.25 LT,"1,49€","5,96€ / LT",
PENSOS DIARIOS 30UN,ECO+,Emb. 30 UNID.,"0,79€","0,03€ / UNID.",
Galetes Milho com Sal Finíssimas,SALUTEM,Emb. 0.13 KG,"1,28€","9,85€ / KG",
Café Torrado Moído Nyeri Kenya Intensidade 8,SICAL,Emb. 16 UNID.,"4,08€","0,26€ / UNID.",
Neoblanc Densa+,NEOBLANC,Emb. 2 LT,"2,58€","1,29€ / LT",
Pipocas Doces,TOKAPI,Emb. 0.1 KG,"0,59€","5,90€ / KG",
Desodorizante Roll On Men Cool Kick,NIVEA MEN,Emb. 0.05 LT,"2,39€","47,80€ / LT",
Tarte Gelada Baunilha,VIENNETTA,Emb. 0.65 LT,"3,26€","5,02€ / LT",
Óleo Cedro Líquido,PRONTO,Emb. 0.25 LT,"3,58€","14,32€ / LT",
Fio Dentário,COLGATE,Emb. 1 UNID.,"3,48€","3,48€ / UNID.",
Leite Bem Especial Crescimento a partir de 3 anos,MIMOSA,Emb. 1 LT,"1,78€","1,78€ / LT",
Queijo de Barrar Alho/Ervas,LES CROISÉS,Emb. 0.25 KG,"1,98€","7,92€ / KG",
Iogurte Líquido Cremoso Pêssego e Manga,YOGGI,Emb. 0.64 KG,"2,09€","3,27€ / KG",
Amaciador Condicionador,TRESEMMÉ,Emb. 0.5 LT,"4,19€","8,38€ / LT",
Body Milk Repara & Cuida 72h Pele Extra Seca,NIVEA,Emb. 0.25 LT,"6,58€","26,32€ / LT",
Conserva de Salsichas Aves 8 Unid.,NOBRE,Lata 0.2 KG,"1,09€","5,45€ / KG",
Cereais Kellogg's All Bran Plus 375g,KELLOGG'S,Emb. 0.375 KG,"2,14€","5,71€ / KG",
"SMICY TUB - SORTIDO GELADOS DE AGUA SABOR LIMAO, LARANJA, MORANGO E COLA",SMICY,Emb. 8 UNID.,"2,99€","0,37€ / UNID.",
Néctar Vital Equilíbrio Laranja Cenoura Manga,COMPAL,Emb. 1 LT,"1,58€","1,58€ / LT",
Esfregão Aço Inox,BRAVO,Emb. 1 P,"1,28€","1,28€ / P",
Fósforos de Segurança Longos 3x40 unid.,SILEX,Emb. 3 UNID.,"2,36€","0,79€ / UNID.",
Bolachas com Sal Crackers,DU BOIS DE LA ROCHE,Emb. 0.5 KG,"3,28€","6,56€ / KG",
Bolachas Original,OREO,Emb. 0.154 KG,"1,38€","8,96€ / KG",
BLOCO SANITARIO ACTIV EFFECT LAVANDA 3UN,SYPHON,Emb. 3 UNID.,"1,29€","0,43€ / UNID.",
Carte D'Or Gelado Limão,CARTE D'OR,Emb. 0.9 LT,"3,29€","3,66€ / LT",
Água sem Gás Mineral Sport,LUSO,Emb. 0.75 LT,"0,68€","0,91€ / LT",
Leite Fresco Magro,VIGOR,Emb. 1 LT,"0,99€","0,99€ / LT",
Alimento Seco P/ Cão Croquetes Multicomponentes,LYDOG,Emb. 10 KG,"13,98€","1,40€ / KG",
Vinagre Vinho Tinto,CRISTAL,Garrafa 0.5 LT,"0,99€","1,98€ / LT",
Swiss Dark Chocolate Meio Amargo,TOBLERONE,Emb. 0.1 KG,"2,48€","24,80€ / KG",
"Água sem Gás 6x1,5L",VITALIS,Emb. 9 LT,"2,59€","0,29€ / LT",
Linguas de Gato Sabor a Canela,P'TIT DÉLI,Emb. 0.2 KG,"0,69€","3,45€ / KG",
Sumo Active Drink Manga Cenoura,SANTAL,Emb. 1.5 LT,"2,04€","1,36€ / LT",
Amaciador Roupa Concentrado Ametista & Íris,QUANTO,Emb. 76 DOSES,"7,99€","0,11€ / DOSES",
Champô Protecção da Cor,TRESEMMÉ,Emb. 0.5 LT,"4,19€","8,38€ / LT",
Amaciador Roupa Concentrado Jasmim e Maçã Verde,QUANTO,Emb. 76 DOSES,"7,48€","0,10€ / DOSES",
Alimento Seco P/ Gato Bacalhau,PURINA FRISKIES,Emb. 4 KG,"15,98€","4,00€ / KG",
PENSOS HIGIENICOS MAXI NOITE 10UN,ECO+,Emb. 10 UNID.,"0,95€","0,10€ / UNID.",
Vinho Regional Lisboa Branco,PROVA RÉGIA,Garrafa 0.75 LT,"3,99€","5,32€ / LT",
Caldo de Carne,KNORR,Emb. 16 CUBOS,"2,39€","0,15€ / CUBOS",
Ratatoille Cozinhado Ultracongelado,,Emb. 0.6 KG,"3,49€","5,82€ / KG",
Chicharro,,1 Unid. = 0.465 KG (aprox.),"18,99€/kg","8,83€ / Unid.",
Aerossol Air Flores Elegantes,AMBIPUR,Emb. 0.3 LT,"3,98€","13,27€ / LT",
Alimento Seco P/ Gato Premium Frango,PLENIMA,Emb. 0.45 KG,"1,69€","3,76€ / KG",
Arroz Carolino,,Emb. 1 KG,"0,95€","0,95€ / KG",
Fromage Blanc com Leite Meio Gordo,,Emb. 1 KG,"1,89€","1,89€ / KG",
Refrigerante S/ Gás Laranja,JAFADEN,Garrafa 1.5 LT,"0,99€","0,66€ / LT",
Preparado em Pó Cheesecake,ROYAL,Emb. 0.325 KG,"4,28€","13,17€ / KG",
Bolachas Cobertas ChocoWafer Branco,MILKA,Emb. 0.18 KG,"2,68€","14,89€ / KG",
AirWick  Comp Pure Flor Cerejeira,AIRWICK,Emb. 1 UNID.,"5,39€","5,39€ / UNID.",
Seleção de Frutos Secos,MARQUE REPERE,Emb. 0.2 KG,"2,98€","14,90€ / KG",
BATATAS FRITAS ONDULADAS SABOR A KETCHUP,POM'LISSE,Emb. 0.135 KG,"1,19€","8,81€ / KG",
GUARDANAPOS RENOVA OLÉ DUPLO 140U,GUARDANAPOS RENOVA,Emb. 140 UNID.,"0,99€","0,01€ / UNID.",
Caldo de Carne Menos 30% Sal,KNORR,Emb. 0.08 KG,"1,49€","18,63€ / KG",
Pizza Casa di Mama Quatro Queijos,DR. OETKER,Emb. 0.395 KG,"5,48€","13,87€ / KG",
Bebida à Base de Avelã,NAT&VIE,Emb. 1 LT,"1,79€","1,79€ / LT",
Pensos Higiénicos Salvaslip Maxi,EVAX,Emb. 36 UNID.,"2,98€","0,08€ / UNID.",
Lava Tudo Gel Ativo com Lixívia,CIF,Emb. 0.75 LT,"1,39€","1,85€ / LT",
BROWNIE CHOCOLATE C/ PEPITAS EM CAIXA,P'TIT DÉLI,Emb. 0.285 KG,"1,79€","6,28€ / KG",
Faneca Média,,1 Unid. = 0.1 KG (aprox.),"5,14€/kg","0,51€ / Unid.",
SALMAO C/ MOLHO DE AZEDAS,CÔTÉ TABLE,Emb. 0.3 KG,"3,29€","10,97€ / KG",
Pensos Higiénicos Maxi Normal Pocket,DOULYS,Emb. 18 UNID.,"1,15€","0,06€ / UNID.",
Sultana Dourada,MARQUE REPERE,Emb. 0.2 KG,"1,49€","7,45€ / KG",
Óleo Intense 12-0 Aclarante Extremo,SYOSS,,"6,24€",/ Unid.,
Cereais Integrais e Mel,NESTUM,Emb. 0.25 KG,"1,66€","6,64€ / KG",
Alimento Completo Cereais P/ Porquinhos-da-Índia,TOUS MES AMIS,Emb. 2.5 KG,"5,99€","2,40€ / KG",
Fiambre da Pá,,1 Unid. = 0.12 KG (aprox.),"5,98€/kg","0,72€ / Unid.",
Polpa de Tomate 1Kg,GULOSO,Frasco 1 KG,"1,98€","1,98€ / KG",
Cachaço com Osso Porco,,1 Unid. = 0.5 KG (aprox.),"4,99€/kg","2,50€ / Unid.",
Café Pastilhas Arábica Pure Biológico,,Emb. 18 PAST.,"2,99€","0,17€ / PAST.",
Iogurte Líquido Danonino Bebedino Tutti-Frutti 4x100g,DANONE,Emb. 0.4 KG,"1,79€","4,48€ / KG",
Favas Fritas C/ Sal,MARQUE REPERE,Emb. 0.2 KG,"1,25€","6,25€ / KG",
Recarga para Difusor Elétrico Ar Fresco,AMBIPUR,Emb. 2 UNID.,"8,99€","4,50€ / UNID.",
Hambúrgueres de Frango 4 Unid. Ultracongelado,PESCANOVA,Emb. 0.3 KG,"3,98€","13,27€ / KG",
Esparguete Carbonara,CÔTÉ TABLE,Emb. 0.33 KG,"2,89€","8,76€ / KG",
Legumes Grelhados Salteados Congelados,NOTRE JARDIN,Emb. 0.75 KG,"2,99€","3,99€ / KG",
Mini Tostas Redondas,BIMBO,Emb. 0.1 KG,"1,24€","12,40€ / KG",
Vinagre Balsâmico Branco,GALLO,Emb. 0.25 LT,"1,69€","6,76€ / LT",
Refrigerante S/ Gás Laranja Maracujá,JAFADEN,Garrafa 1.5 LT,"0,99€","0,66€ / LT",
Manga Aérea,,1 Unid. = 0.5 KG (aprox.),"3,89€/kg","1,95€ / Unid.",
Espuma Cabelo Styling Flexible Curls,NIVEA,Emb. 0.15 LT,"4,18€","27,87€ / LT",
Champô Liso Asiático para Cabelo Frisado e Rebelde,GLISS,Emb. 0.25 LT,"2,24€","8,96€ / LT",
Caldos Molho Cervejeira 8 Cubos,KNORR,Emb. 0.072 KG,"1,49€","20,69€ / KG",
Iogurte Sabor Tutti-Frutti 4x120g,CLESA,Emb. 0.5 KG,"0,89€","1,78€ / KG",
Batatas Fritas Onduladas,RUFFLES,Emb. 0.18 KG,"2,28€","12,67€ / KG",
BOLACHAS AREADAS C/ RECH AVELAS E CACAU MAGRO,P'TIT DÉLI,Emb. 0.125 KG,"1,59€","12,72€ / KG",
Chouriço Corrente com Colorau,,Emb. 1 KG,"4,49€","4,49€ / KG",
Barrinhas P/ Porquinhos-da-Índia sabor a Frutas,TOUS MES AMIS,Emb. 0.11 KG,"1,59€","14,45€ / KG",
Molho Madeira,RUSTICA,Emb. 0.3 LT,"1,39€","4,63€ / LT",
Whisky Classic Black 5,LABEL 5,Garrafa 0.7 LT,"9,99€","14,27€ / LT",
Néctar Essencial Manga 3x110ml,COMPAL,Emb. 0.33 LT,"1,79€","5,42€ / LT",
Escova ZigZag Média,COLGATE,Emb. 3 UNID.,"4,00€","1,33€ / UNID.",
Salteado Rústico,BONDUELLE,Emb. 0.4 KG,"2,93€","7,33€ / KG",
Capri-Sun Laranja e Pêssego,CARAFE RÉVERIE,Emb. 0.033 LT,"0,79€","23,94€ / LT",
Bebida em Pó Ananás,TANG,Emb. 0.03 KG,"0,82€","27,33€ / KG",
ARROZ A CANTONESA,TABLES DU MONDE,Emb. 0.9 KG,"3,29€","3,66€ / KG",
Bolachas Água e Sal Júnior 12 Doses,VIEIRA,Emb. 0.156 KG,"2,48€","15,90€ / KG",
Desodorizante Pear e Aloe Vera Spray,DOVE,Emb. 0.15 LT,"2,69€","17,93€ / LT",
Chiclets de Peppermint 12 Unid.,CHICLETS,Emb. 0.017 KG,"0,98€","57,65€ / KG",
CREME P/ BARRAR CACAU C/ AVELAS 1KG NUSTIKAO,NUSTIKAO,Emb. 1 KG,"3,99€","3,99€ / KG",
Leite 0% Lactose,UCAL,Emb. 1 LT,"1,66€","1,66€ / LT",
SPRAY ANTICALCARIO WC ECOLOGICO 750ML,UNÍ VERT,Emb. 0.75 LT,"1,89€","2,52€ / LT",
Alimento Húmido para Gato com Fígado e Carne de Aves,LYCAT,Emb. 0.81 KG,"1,25€","1,54€ / KG",
Leite UHT Magro,,Emb. 1 LT,"0,92€","0,92€ / LT",
Eau de Toilette Homem Original Brut,BRUT,Emb. 0.1 LT,"14,98€","149,80€ / LT",
Água sem Gás,FASTIO,Garrafa 1.5 LT,"0,56€","0,37€ / LT",
CUECA INCONTINENCIA TAM M,CHORYS,Emb. 14 UNID.,"6,74€","0,48€ / UNID.",
Caldo de Carne,KNORR,Emb. 8 CUBOS,"1,39€","0,17€ / CUBOS",
Chá de Maçã e Canela,TISÉA,Emb. 25 SAQ.,"1,24€","0,05€ / SAQ.",
Snack P/ Cão Médio 12-25kg,PURINA,Emb. 0.115 KG,"2,38€","20,70€ / KG",
Doce de Abóbora,CASA MATEUS,Frasco 0.345 KG,"2,47€","7,16€ / KG",
Louro Folhas,MARGÃO,Emb. 0.007 KG,"1,48€","211,43€ / KG",
Salada Oriental C/ Hortelã,MENU FRAÎCHEUR,Emb. 0.3 KG,"1,29€","4,30€ / KG",
Fraldas Bebé T4 Ultra Confort 7/18 Kg,MOTS D'ENFANTS,Emb. 44 UNID.,"7,45€","0,17€ / UNID.",
Massa Cannelloni,MILANEZA,Emb. 0.25 KG,"1,78€","7,12€ / KG",
Sobremesa Gelado Mini Raspberry 6x60ml,MAGNUM,Emb. 0.36 LT,"5,98€","16,61€ / LT",
Azeite,OLIVEIRA DA SERRA,Garrafão 3 LT,"15,67€","5,22€ / LT",
MOLHO TIKKA MASSALA,TABLES DU MONDE,Emb. 0.35 KG,"1,99€","5,69€ / KG",
Sabonete Líquido para as Mãos,DOVE,Emb. 0.25 LT,"2,39€","9,56€ / LT",
Cerveja Aromatizada Rum,DESQUILES,Emb. 0.5 LT,"0,99€","1,98€ / LT",
Cracker com Arroz Tufado,DU BOIS DE LA ROCHE,Emb. 0.24 KG,"1,99€","8,29€ / KG",
Hambúrguer de Carne de Vaca 8 Unid. Ultracongelado,IGLO,Emb. 0.64 KG,"8,49€","13,27€ / KG",
Cápsulas Café Ristretto Napoli Style Intensidade 13,DOLCE GUSTO,Emb. 30 CAPS.,"10,48€","0,35€ / CAPS.",
Cereais Flakes,CUÉTARA,Emb. 0.5 KG,"2,99€","5,98€ / KG",
Cereais Muesli Chocolate e Quinoa Biológico,,Emb. 0.375 KG,"2,99€","7,97€ / KG",
"Prato Fundo 19,5cm Azul Marinho",ARDENCE,1 UNID.,"1,75€","1,75€ / UNID.",
QUEIJO FLAMENGO RALADO,QUEIJO NA TÁBUA,Emb. 0.15 KG,"1,29€","8,60€ / KG",
Alimento Completo Cereais P/ Coelhos Anões,TOUS MES AMIS,Emb. 0.8 KG,"1,99€","2,49€ / KG",
Queijo Mistura o Sabor Português,LES CROISÉS,1 Unid. = 0.19 KG (aprox.),"8,59€/kg","1,63€ / Unid.",
BOLACHAS AREADAS C/ RECH MACA E FRAMBOESA,P'TIT DÉLI,Emb. 0.1 KG,"1,49€","14,90€ / KG",
Chocolate de Leite Oreo,MILKA,Emb. 0.037 KG,"0,98€","26,49€ / KG",
Conserva de Feijão Encarnado Da Horta,COMPAL,Lata 0.42 KG,"0,99€","2,36€ / KG",
Desodorizante Cucumber & Green Tea S/ áçcool e Alumínio,DOVE,Emb. 0.15 LT,"2,84€","18,93€ / LT",
Bolachas Plain Chocolate,BELVITA,Emb. 0.3 KG,"1,66€","5,53€ / KG",
Canela Moída,RUSTICA,Emb. 0.04 KG,"0,50€","12,50€ / KG",
LENTILHAS,NOTRE JARDIN,Emb. 0.45 KG,"0,75€","1,67€ / KG",
SARDINHA OLEO DE GIRASSOL,PÊCHE OCÉAN,Emb. 0.12 KG,"0,99€","8,25€ / KG",
Flocos de Trigo Integral + Fibra,NACIONAL,Emb. 0.3 KG,"1,72€","5,73€ / KG",
Toucinho Fumado,DAMATTA,Emb. 0.2 KG,"2,99€","14,95€ / KG",
Ameixa Seca C/ Caroço,MARQUE REPERE,Emb. 0.25 KG,"1,43€","5,72€ / KG",
Leite Reparador Tesouros de Mel,ULTRA SUAVE,Emb. 0.4 LT,"5,98€","14,95€ / LT",
CASTANHAS CONGELADAS,,Emb. 1 KG,"9,99€","9,99€ / KG",
"PEROLAS DESODORIZANTES ""PRIMAVERA NO JAPAO"" 110G",BIEN AIR,Emb. 0.11 KG,"1,59€","14,45€ / KG",
Rissóis de Leitão 6 Unid.,SNR,Emb. 0.275 KG,"3,45€","12,55€ / KG",
TARTE DE MACAS CARAMELIZADAS,AUTOUR DU DESSERT,Emb. 0.6 KG,"5,36€","8,93€ / KG",
Difusor Elétrico 3 Volution + Recarga Ar Fresco,AMBIPUR,Emb. 1 UNID.,"8,98€","8,98€ / UNID.",
Dourada Cal. 200/300,,1 Unid. = 0.25 KG (aprox.),"6,98€/kg","1,75€ / Unid.",
Morcela Fumada,SICASAL,Emb. 0.2,"1,99€","9,95€ /",
Cápsulas Café Espresso Intenso Descafeinado,DOLCE GUSTO,Emb. 16 CAPS.,"4,79€","0,30€ / CAPS.",
Orégãos Folhas,MARGÃO,Emb. 0.008 KG,"0,98€","122,50€ / KG",
Balde para Esfregona,,Emb. 1 UNID.,"2,99€","2,99€ / UNID.",
Rebuçados de Frutas,MENTOS,Emb. 10 UNID.,"0,69€","0,07€ / UNID.",
Verniz de Unhas 60 Segundos 210,RIMMEL,Emb. 1 UNID.,"5,34€","5,34€ / UNID.",
Caramelo duro con palo,CHUPA CHUPS,,"2,28€",/ Unid.,
Loção para Corpo Hidatrante Express 48h Pele Normal a Seca,NIVEA BODY,Emb. 0.4 LT,"5,99€","14,98€ / LT",
CUECA INCONTINENCIA TAM L,CHORYS,Emb. 14 UNID.,"6,74€","0,48€ / UNID.",
Iogurte Líquido Morango 6x100g,DANACOL,Emb. 0.6 KG,"2,99€","4,98€ / KG",
Gelado de Chocolate Branco e Amêndoas Pack 4,MAGNUM,Emb. 0.44 LT,"4,98€","11,32€ / LT",
Leite com Chocolate,UCAL,Garrafa 0.25 LT,"0,96€","3,84€ / LT",
Batido de Cacau,CACAOLAT,Emb. 4 UNID.,"2,09€","0,52€ / UNID.",
Cápsulas Café Buondi Pack x3,DOLCE GUSTO,Emb. 48 CAPS.,"14,88€","0,31€ / CAPS.",
Néctar de Pera Rocha Clássico,COMPAL,Emb. 0.33 LT,"0,73€","2,21€ / LT",
Maionese Top Down,CALVÉ,Emb. 0.24 KG,"1,39€","5,79€ / KG",
Néctar Clássico 100% Laranja,COMPAL,Emb. 1 LT,"2,16€","2,16€ / LT",
Barras Hero De Cereais Muesli Chocolate Leite 6x25g,HERO,Emb. 0.15,"1,79€","11,93€ /",
Farfalle,TRADIZIONI D'ITALIA,Emb. 0.5 KG,"1,59€","3,18€ / KG",
Whisky The Famous Grouse,FAMOUS GROUSE,Garrafa 0.7 LT,"13,99€","19,99€ / LT",
Sumo 100% Laranja Brasil,JAFADEN,Emb. 1 LT,"1,55€","1,55€ / LT",
PAEZINHOS TRIGO TORRADOS BIO,,Emb. 0.225 KG,"1,39€","6,18€ / KG",
Tira Nódoas Gold Power Gel,VANISH,Emb. 0.2 LT,"4,54€","22,70€ / LT",
Cinzeiro Color,CENDRIER COULEUR,1 UNID.,"1,49€","1,49€ / UNID.",
Espumante Meio Seco,COMP DO VINHO,Garrafa 0.75 LT,"3,29€","4,39€ / LT",
Ervas de Provence,RUSTICA,Frasco 0.018 KG,"0,79€","43,89€ / KG",
Refrigerante Cola,JEAN'S,Lata 0.33 LT,"0,45€","1,36€ / LT",
Papel Higiénico Extra XXL 2 Folhas,RENOVA,Emb. 24 ROLOS,"9,61€","0,40€ / ROLOS",
Detergente Líquido Multisuperficies Rosas e Jasmim,SONASOL,Emb. 1.3 LT,"2,09€","1,61€ / LT",
Massa Letras Clássica,NACIONAL,Emb. 0.25 KG,"0,84€","3,36€ / KG",
Bolachas com Cobertura de Chocolate Preto,,Emb. 0.2 KG,"1,39€","6,95€ / KG",
GRESSINOS SESAME,TOKAPI,Emb. 0.125 KG,"1,25€","10,00€ / KG",
Massa Lasanha C/ Ovo,MILANEZA,Emb. 0.5 KG,"2,58€","5,16€ / KG",
TOALHITAS PARA MAOS LIMAO,CLAIR,Emb. 24 UNID.,"1,85€","0,08€ / UNID.",
Capucino Chocolate,PLANTATION,Emb. 0.287 KG,"2,69€","9,37€ / KG",
Champô Cabelo Ultra Suave Delicadeza de Aveia,GARNIER,Emb. 0.25 LT,"3,58€","14,32€ / LT",
GUYLIAN CHOCOLATE LEITE  c/  CARAMELO SALGADO 100g,,,"1,99€",/ Unid.,
Açúcar Branco,TÉVA,Emb. 1 KG,"1,38€","1,38€ / KG",
Leite de Transição 2 +6 meses,NAN,Emb. 0.8 KG,"12,34€","15,43€ / KG",
Bloco Sanitário Blue Activ,SONASOL WC,Emb. 0.05 KG,"1,94€","38,80€ / KG",
Mini Rissóis de Camarão 20 Unid.,SNR,Emb. 0.333 KG,"3,30€","9,91€ / KG",
Vinho do Porto Special Reserve,PORTO CRUZ,Emb. 0.75 LT,"9,99€","13,32€ / LT",
Iogurte Líquido Frutos Tropicais 6 Unid.,MIMOSA,Emb. 1.05 LT,"2,09€","1,99€ / LT",
Esses,,Emb. 0.3 KG,"1,69€","5,63€ / KG",
Bolinhas de Bacalhau 20 Unid.,SNR,Emb. 0.334 KG,"3,75€","11,23€ / KG",
Saco para Decorar 6 Bocas,,1 UNID.,"3,30€","3,30€ / UNID.",
Ambientador Absorve Odores Relax Zen 2x150gr,BRISE,Emb.  0.3 KG,"2,99€","9,97€ / KG",
Espuma de Barbear Pele Sensível,GILLETTE,Emb. 0.2 LT,"2,58€","12,90€ / LT",
Creme Limpeza Lemon,CIF,Emb. 0.5 LT,"1,89€","3,78€ / LT",
Bebida Energética Ice Storm,POWERADE,Emb. 0.5 LT,"1,38€","2,76€ / LT",
GORGONZOLA DOP,TRADIZIONI D'ITALIA,Emb. 0.2 KG,"2,99€","14,95€ / KG",
Miolo de Caju C/ Piripiri,MARQUE REPERE,Emb. 0.25 KG,"4,19€","16,76€ / KG",
MEXILHOES CALDEIRADA  111 Gr. P.liq.  Ramirez,RAMIREZ,,"1,19€",/ Unid.,
Air Wick Sticks Perfumados Flor de Cerejeira x5,AIRWICK,Emb. 0.025 LT,"7,19€","287,60€ / LT",
Néctar Multifruits,JAFADEN,Emb. 2 LT,"1,69€","0,85€ / LT",
Aerossol Air Nuvens de Algodão,AMBIPUR,Emb. 0.3 LT,"3,98€","13,27€ / LT",
Tomate Cherry,,1 Unid. = 0.25 KG  (aprox.),"3,99€/kg","1,00€ / Unid.",
Alimento Húmido P/ Gato C/ Coelho,GOURMET GOLD,Emb. 0.085 KG,"0,74€","8,71€ / KG",
Lombinhos de Porco Embalados,,Emb. 0.5 KG (aprox.),"6,49€/kg","3,25€ / Unid.",
Massa Cotovelinhos,MILANEZA,Emb. 0.5 KG,"1,19€","2,38€ / KG",
"Gelado ""Tyrolia"" Caramelo",ESKISS,Emb. 0.65 LT,"2,59€","3,98€ / LT",
FEIJAO CATARINO SACO,NOTRE JARDIN,Emb. 1 KG,"1,89€","1,89€ / KG",
Iced Tea Manga,ECO+,Emb. 1.5 LT,"0,84€","0,56€ / LT",
PAO COM CHOCOLATE (NAPOLITANAS) X12 (SAQ INDIVIDUAL),EPI D'OR,Emb. 0.54 KG,"2,99€","5,54€ / KG",
Iogurte Bifidus Magro Líquido Activia Pêssego Maracujá 4 Unid.,ACTIVIA,Emb. 0.62 KG,"1,99€","3,21€ / KG",
Marcadores para Colorir,ECO+,Emb. 12 UNID.,"0,99€","0,08€ / UNID.",
Bolachas Cobertas com Chocolate Branco,OREO,Emb. 0.246 KG,"2,98€","12,11€ / KG",
LAVA TUDO CONCENTRADO ECOLOGICO,UNÍ VERT,Emb. 1 LT,"1,58€","1,58€ / LT",
Robalo Cal. 600/800,,1 Unid. = 0.75 KG (aprox.),"6,99€/kg","5,24€ / Unid.",
Conjunto 6 Copos Champanhe Sept 17cl,ARDENCE,6 UNID.,"4,95€","0,83€ / UNID.",
Queijo Curado de Ovelha Amanteigado 500Gr,OURO DO PASTOR,0.5 KG,"14,39€","28,78€ / KG",
Sidra com Álcool Maça 4x33cl,SOMERSBY,Emb. 1.32 LT,"3,99€","3,02€ / LT",
Toalhitas Activity 4x54 Unid.,DODOT,Emb. 216 UNID.,"7,98€","0,04€ / UNID.",
Tarte Gelada Morango,VIENNETTA,Emb. 0.65 LT,"3,98€","6,12€ / LT",
Jardineira de Novilho Embalada,,1 Unid. = 0.3 KG (aprox.),"7,39€/kg","2,22€ / Unid.",
Tempero de Alho & Salsa 8 Cubos,KNORR,Emb. 0.072 KG,"1,49€","20,69€ / KG",
LEITE DESMAQUILHANTE BIO,BIONAÏA,Emb. 0.25 LT,"2,49€","9,96€ / LT",
Vinho Rosé Frutado,FAISÃO,Garrafa 0.75 LT,"2,38€","3,17€ / LT",
AUSONIA AIRDRY SUPER ABAS 30,AUSONIA,Emb. 30 UNID.,"4,19€","0,14€ / UNID.",
Chocolate em Pó,PANTAGRUEL,Emb. 0.125 KG,"0,78€","6,24€ / KG",
Farinha S/ Fermento T65,NACIONAL,Emb. 1 KG,"1,04€","1,04€ / KG",
Iogurte Bifidus Líquido Morango e Kiwi 0% 4 Unid.,DANONE,Emb. 0.62 KG,"1,99€","3,21€ / KG",
VINHO DÃO CASA DE SANTAR RESERVA TINTO 75,CASA DE SANTAR,,"14,98€",/ Unid.,
LUVAS DESCARTÁVEIS EXTRA LONG 10 UN PEQ/MED,VILEDA,Emb. 10 UNID.,"4,29€","0,43€ / UNID.",
Liegeois Chocolate e Café 4x100g,DÉLISSE,Emb. 0.8 KG,"2,79€","3,49€ / KG",
Tira Gorduras Recarga,MISTOLIN,Emb. 0.545 LT,"2,78€","5,10€ / LT",
Biscoitos Tranças com Cobertura de Chocolate de Leite,P'TIT DÉLI,Emb. 0.09 KG,"1,49€","16,56€ / KG",
Espanador Reutilizável e Pano Agarra Pó,SWIFFER,Emb. 1 UNID.,"1,00€","1,00€ / UNID.",
Vinho Regional Península de Setúbal Branco,SERRAS DE AZEITÃO,Garrafa 0.75 LT,"2,64€","3,52€ / LT",
Batatas Pré-Fritas Finas Forno Óleo Girassol,POM'LISSE,Emb. 0.6,"1,39€","2,32€ /",
Coco Ralado,TABLIER BLANC,Emb. 0.2 KG,"0,98€","4,90€ / KG",
Adoçante,CANDEREL,Emb. 100 UNID.,"2,39€","0,02€ / UNID.",
Queijo Fundido 16 Porções,A VACA QUE RI,Emb. 0.28 KG,"3,79€","13,54€ / KG",
Vinho Regional Dão Tinto Seleção,QUINTA DE CABRIZ,Garrafa 0.75 LT,"4,98€","6,64€ / LT",
Bolachas de Cacau Recheadas com Creme Baunilha,OREO,Emb. 0.154 KG,"1,48€","9,61€ / KG",
Néctar Clássico Manga,JAFADEN,Emb. 1 LT,"0,99€","0,99€ / LT",
Conjunto 3 Copos Baixos Najac 27cl,ARDENCE,3 UNID.,"2,29€","0,76€ / UNID.",
Amaciador para a Roupa Pure,COMFORT,Emb. 78 DOSES,"3,99€","0,05€ / DOSES",
Faca de Cozinha Office 8cm,ARDENCE,1 UNID.,"3,98€","3,98€ / UNID.",
Coentro Fresco,,1 Unid. = 0.05 KG  (aprox.),"19,99€/kg","1,00€ / Unid.",
Tabuleiro de Vidro Oval 39x27cm,ARDENCE,1 UNID.,"6,45€","6,45€ / UNID.",
Água sem Gás 6x50cl,LUSO,Emb. 3 LT,"2,48€","0,83€ / LT",
Café Delta Em Grão Torrado Chávena,DELTA,Emb. 1 KG,"12,98€","12,98€ / KG",
Cebola Amarela Org. Esp. cal.50/70,,Emb. 0.5 KG,"1,39€","2,78€ / KG",
Dentífrico com Flúor Fresh Gel,COLGATE,Emb. 0.075 LT,"2,23€","29,73€ / LT",
Néctar Clássico Pêssego 3 Unid.,JAFADEN,Emb. 0.6 LT,"0,89€","1,48€ / LT",
Manteiga Magra Sal,PRÉSIDENT,Emb. 0.25 KG,"2,55€","10,20€ / KG",
SALSICHA CHURRASCO CLASSICA,CAMPO FINO,Emb. 0.2 KG,"1,49€","7,45€ / KG",
Tortilhas de Milho,TABLES DU MONDE,Emb. 0.32 Kg,"1,69€","5,28€ / Kg",
Aquafresh Active White  125ml,AQUAFRESH,,"2,79€",/ Unid.,
Pantene Volume & Brilho Máscara 160 ml,PANTENE PV,Emb. 0.16 LT,"5,98€","37,38€ / LT",
Esfregão Regular,BRAVO,Emb. 1 P,"0,98€","0,98€ / P",
Manteiga Fácil de Barrar,PRÉSIDENT,Emb. 0.25 KG,"3,15€","12,60€ / KG",
Queijo Brie,PRÉSIDENT,1 Unid. = 0.25 KG (aprox.),"14,99€/kg","3,75€ / Unid.",
Guardanapos 2 Folhas 33x33 cm,RENOVA,Emb. 90 UNID.,"1,38€","0,02€ / UNID.",
Azeite Virgem,RUSTICA,Garrafa 0.75 LT,"3,85€","5,13€ / LT",
Palmier Coberto,,1 UNID.,"0,99€","0,99€ / UNID.",
Mistura de Frutos do Bosque,MARQUE REPERE,Emb. 0.2 KG,"2,99€","14,95€ / KG",
Batom de Cieiro com Óleo de Jojoba e Manteiga de Karité,LABELLO,Emb. 1 UNID.,"1,98€","1,98€ / UNID.",
"ALIMENT BEBE: PURE FEIJAO VERDE, BATATA BIO +4M  2X120G",BIO VILLAGE BEBE,Emb. 0.24 KG,"1,35€","5,63€ / KG",
Iogurte de Pêssego e Banana 4 Unid.,IOGOLINO,Emb. 0.4 KG,"2,88€","7,20€ / KG",
Preparado de Culinária de Soja Biológico 3x200ml,,Emb. 0.6 L,"3,99€","6,65€ / L",
Queijo Prato Amanteigado Pequeno,PAIVA,Emb. 0.55 KG,"7,48€","13,60€ / KG",
Água Coco 100% Natural,JAFADEN,Emb. 1 LT,"2,39€","2,39€ / LT",
DETERGENTE MANUAL LOICA CONCENTRADO MENTA/EUCALIPTO ECOLOGICO 500ML,UNÍ VERT,Emb. 0.5 LT,"1,49€","2,98€ / LT",
LIMPA MOVEIS AEROSSOL,CLAIR,Emb. 0.3 LT,"0,99€","3,30€ / LT",
Amendoins Torrados C/ Sal,TOKAPI,Emb. 0.25 KG,"1,09€","4,36€ / KG",
Gelatina Light Sabor a Morango,TABLIER BLANC,Emb. 0.031 KG,"0,79€","25,48€ / KG",
16 Caps.Café Kaffa Compativeis SG Negro,KAFFA,Emb. 16 UNID.,"3,19€","0,20€ / UNID.",
Queijo Camembert,PRÉSIDENT,Emb. 0.25 KG,"3,78€","15,12€ / KG",
Carne de Porco Salgada C/ Lentilhas,CÔTÉ TABLE,Emb. 0.42 KG,"1,79€","4,26€ / KG",
BATOM NUTRITIVO 2UN,INELL,Emb. 2000 UNID.,"1,89€","0,00€ / UNID.",
Espirais,ECO+,Emb. 1 KG,"1,90€","1,90€ / KG",
MASCARA EXTRA COLOR 300ML,VITANOVE,Emb. 0.3 LT,"1,99€","6,63€ / LT",
GOMAS ACIDAS COLA,COPAÍNS COPINES,Emb. 0.275 KG,"1,39€","5,05€ / KG",
Massa Estrelinhas,MILANEZA,Emb. 0.25 KG,"0,84€","3,36€ / KG",
Máquina de Depilar Venus Swirl,GILLETTE,Emb. 1 UNID.,"9,98€","9,98€ / UNID.",
Preparado de Carne Bovino Picada,FERIAL,Emb. 1 KG,"9,99€","9,99€ / KG",
Café Mistura Peninsular Moída,DELTA,Emb. 0.25 KG,"1,63€","6,52€ / KG",
IOGURTE DELILIGHT 0% IOG.NATURAL,DÉLISSE,Emb. 1.5,"1,99€","1,33€ /",
Bolachas de Cacau Recheadas C/ Creme Baunilha,P'TIT DÉLI,Emb. 0.176 KG,"0,79€","4,49€ / KG",
Inseticida para Casa e Plantas,RAID,Spray 0.4 LT,"4,98€","12,45€ / LT",
Esparguete,MILANEZA,Emb. 0.5 KG,"0,78€","1,56€ / KG",
Chá Menta Anis Malva e Alcaçus Biológico,,Emb. 20 SAQ.,"0,99€","0,05€ / SAQ.",
Morcela de Assar da Beira Baixa,SNR,Emb. 0.23 KG,"1,99€","8,65€ / KG",
Pizza Cozida na Pedra Salmão Camarão,TURINI,Emb. 0.4 KG,"2,89€","7,23€ / KG",
Recarga Inseticida Elétrico 45 Noites,RAID,Emb. 1 UNID.,"7,98€","7,98€ / UNID.",
AXE GEL APOLLO,AXE,Emb. 0.4 LT,"3,29€","8,23€ / LT",
Detergente Roupa Máquina Líquido Sensitive,SKIP,Emb. 80 DOSES,"15,99€","0,20€ / DOSES",
Amaciador Concentrado Aromaterapia Violeta,VERNEL,Emb. 57 DOSES,"3,29€","0,06€ / DOSES",
Sacos de Lixo Casa de Banho com Atilho 20x10L,ELEMBAL,Emb. 20 UNID.,"0,89€","0,04€ / UNID.",
Cerveja com Álcool Green Limão 6x33cl,SUPER BOCK,Emb. 1.98 LT,"4,49€","2,27€ / LT",
Alimento Húmido P/ Gato Completo Geleia Carne 390g,LYCAT,Emb. 4 UNID.,"3,69€","0,92€ / UNID.",
Papel Higiénico Super Compact,RENOVA,Emb. 4 ROLOS,"2,48€","0,62€ / ROLOS",
Pastilhas Máquina Loiça Platinum,FAIRY,Emb. 16 UNID.,"7,91€","0,49€ / UNID.",
Conserva de Feijão Manteigado Cozido Da Horta,COMPAL,Emb. 0.42 KG,"1,28€","3,05€ / KG",
Vinho Regional Dão Tinto,GRÃO VASCO,Garrafa 0.75 LT,"3,98€","5,31€ / LT",
BEBIDA COCO-AMENDOA,ALPRO,Emb. 1 LT,"2,27€","2,27€ / LT",
Prato Raso Branco Opaco 25cm,,1 UNID.,"0,99€","0,99€ / UNID.",
Recarga para Difusor Elétrico 3 Volution Japan Tatami,AMBIPUR,Emb. 1 UNID.,"5,99€","5,99€ / UNID.",
Bife da Vazia Novilho,,1 Unid. = 0.55 KG (aprox.),"15,99€/kg","8,79€ / Unid.",
Espuma Barbear Revitalizante,CARRÉ HOMME,Emb. 0.2 LT,"1,49€","7,45€ / LT",
London Dry Gin,GIBSON'S,Garrafa 0.7 LT,"9,49€","13,56€ / LT",
Tampa Passador de Inox 16/20cm,ARDENCE,1 UNID.,"2,50€","2,50€ / UNID.",
CREME DE MAOS REPARADOR 100ML,INELL,Emb. 0.1 LT,"1,59€","15,90€ / LT",
Creme Limpeza Micro Cristais Limão,CIF,Emb. 0.7 LT,"2,49€","3,56€ / LT",
Creme Autobrilhante Castanho Calçado com Esponja,SPLENDOR,Emb. 0.04 LT,"1,79€","44,75€ / LT",
Bebida de Soja Baunilha,NAT&VIE,Emb. 1 LT,"0,99€","0,99€ / LT",
Cápsulas Leite Achocolatado Nesquik,DOLCE GUSTO,Emb. 16 CAPS.,"5,98€","0,37€ / CAPS.",
FRESHMATIC COM RECARGA LIFE SCENTS DELÍCIAS DE VERÃO,AIRWICK,Emb. 1 UNID.,"7,19€","7,19€ / UNID.",
Tablete de Chocolate Cereais Crocantes 4x100g,ECO+,Emb. 0.4 KG,"2,19€","5,48€ / KG",
Água com Gás,VIMEIRO,Garrafa 0.25 LT,"0,44€","1,76€ / LT",
Gelatina Light Mirtilo 4 Unid.,ROYAL,Emb. 0.4 KG,"2,18€","5,45€ / KG",
Spray Mousse,NEOBLANC,Spray 0.7 LT,"2,59€","3,70€ / LT",
Mini Gelados de Chocolate Branco e de Chocolate Branco com Amêndoas Pack 6,MAGNUM,Emb. 0.33 LT,"4,98€","15,09€ / LT",
Salame Palaciego,CAMPOFRIO,1 Unid. = 0.13 KG (aprox.),"13,99€/kg","1,82€ / Unid.",
Sugus Caramelo com Sabor a Morango,SUGUS,Emb. 0.045 KG,"0,94€","20,89€ / KG",
Arroz Agulha,COZINHA VELHA,Emb. 1 KG,"1,33€","1,33€ / KG",
Vinagre Balsâmico Branco,GALLO,Emb. 0.5 LT,"3,98€","7,96€ / LT",
"AGUA MICEL OLEO,OLH SENSI,400ML",GARNIER,,"7,98€",/ Unid.,
Azeitonas Pretas Descaroçadas,AGRODELTA,Emb. 0.16 KG,"1,49€","9,31€ / KG",
Tira Nódoas Gel Oxi Action Pink,VANISH,Emb. 0.9 LT,"6,30€","7,00€ / LT",
Gel Banho Romã Natural,MANAVA,Emb. 0.75 LT,"1,79€","2,39€ / LT",
Peito de Frango do Campo Embalado,,1 Unid. = 1 KG  (aprox.),"6,99€/kg","6,99€ / Unid.",
Iogurte Pouch Squeezy Morango,YOCO,Emb. 0.32 KG,"2,29€","7,16€ / KG",
Fralda Cueca T5 12/18Kg,MOTS D'ENFANTS,Emb. 20 UNID.,"5,42€","0,27€ / UNID.",
Caderno Capa Preta Pautado A4 60p,ESQUISSE,,"0,85€",/ Unid.,
Sais De Fruta Digestivo Laranja,ENO,Emb. 0.15 KG,"6,88€","45,87€ / KG",
Dentífrico Protector Plantas Dentagard,COLGATE,Emb. 0.075 LT,"1,99€","26,53€ / LT",
Caderno Espiral Capa Dura Quadriculado 150p Cores Sortidas,ESQUISSE,Emb. 1 UNID.,"3,19€","3,19€ / UNID.",
Aipo,,Emb. 0.5 KG,"1,49€","2,98€ / KG",
Máquina de Barbear Fusion Proshield 5,GILLETTE,Emb. 1 UNID.,"9,98€","9,98€ / UNID.",
Cerveja com Álcool 24x33cl,SAGRES,Emb. 0.33 LT,"0,64€","1,94€ / LT",
Queijo Picante da Beira Baixa Dop,DAMAR,1 Unid. = 0.325 KG (aprox.),"14,99€/kg","4,87€ / Unid.",
Mistura de Pimentas 5 Bagas,MARGÃO,Emb. 0.024 KG,"3,98€","165,83€ / KG",
Kinder Bueno White,KINDER,Emb. 0.043 KG,"0,94€","21,86€ / KG",
Vinho Regional Douro Branco,QUINTA DA PACHECA,Garrada 0.75 LT,"6,98€","9,31€ / LT",
Anona,,1 Unid. = 0.27 KG (aprox.),"2,10€/kg","0,57€ / Unid.",
Melância Riscada,,1 Unid. = 4.2 KG (aprox.),"0,89€/kg","1,64€ / Unid.",
Amarguinha 700 ml,AMARGUINHA,Emb. 0.07 LT,"9,98€","142,57€ / LT",
Coloração 4-2 Castanho Avermelhado 16X3,SYOSS,,"4,99€",/ Unid.,
Vinho Regional Alentejo Branco,MONSARAZ,Garrafa 0.75 LT,"3,98€","5,31€ / LT",
Bolo Brigadeiro,,Emb. 1 KG,"7,99€","7,99€ / KG",
Pão Embalado Burguer 4 Unid.,PANRICO,Emb. 0.3 KG,"1,53€","5,10€ / KG",
Besugo Médio,,1 Unid. = 0.3 KG (aprox.),"7,99€/kg","2,40€ / Unid.",
Tomate Triturado da Horta,COMPAL,Emb. 0.5 LT,"1,28€","2,56€ / LT",
Iogurte Aroma Coco 4 Unid.,LONGA VIDA,Emb. 0.125 KG,"0,89€","7,12€ / KG",
Sumo 8 Frutos 3x20 cl,UM BONGO,Emb. 0.6 LT,"1,38€","2,30€ / LT",
AGUA C/GAS CAMPILHO 75CL,,,"0,69€",/ Unid.,
Farinha Extra Fina S/ Fermento T55,NACIONAL,Emb. 1 KG,"1,08€","1,08€ / KG",
Maionese,RUSTICA,Frasco 0.47 KG,"1,34€","2,85€ / KG",
Bife Pojadouro de Novilho,,1 Unid. = 0.25 KG (aprox.),"11,99€/kg","3,00€ / Unid.",
Chili C/ Carne,CÔTÉ TABLE,Emb. 0.4 KG,"1,98€","4,95€ / KG",
Água S/ Gás Mineral Natural,,Garrafão 6 LT,"0,85€","0,14€ / LT",
SACOS LIXO C/ ATILHO 20L,ELEMBAL,Emb. 20 UNID.,"0,89€","0,04€ / UNID.",
Topping Chocolate,MILKA,Emb. 0.3 KG,"3,68€","12,27€ / KG",
"BEBIDA SOJA C/CALCIO LIGHT ,1L",ALPRO,Emb. 1 LT,"1,89€","1,89€ / LT",
Chá de Cidreira,LIPTON,Emb. 10 SAQ.,"0,69€","0,07€ / SAQ.",
Azeite Virgem Extra Clássico,GALLO,Emb. 0.75 LT,"4,49€","5,99€ / LT",
Vinho Regional Tejo Tinto,SERRADAYRES,Garrafa 0.75 LT,"3,99€","5,32€ / LT",
Conserva de Feijocas Verdes Extrafinas,NOTRE JARDIN,Lata 0.53 KG,"1,75€","3,30€ / KG",
Bloco Sanitário Eucalipto,SONASOL WC,Emb. 0.05 KG,"1,94€","38,80€ / KG",
Fraldas Bebé T4+ Doucer 9/20Kg,MOTS D'ENFANTS,Emb. 70 UNID.,"13,27€","0,19€ / UNID.",
Salsichão de porco preto,PRIMOR,Emb. 0.07 KG,"3,89€","55,57€ / KG",
Alimento Húmido P/ Gato de Atum e Camarão,TOUS MES AMIS,Emb. 0.08 KG,"0,79€","9,88€ / KG",
Detergente Loiça Manual Concentrado Maça,SUPER POP,Emb. 0.7 LT,"1,49€","2,13€ / LT",
Conserva Cogumelos de Paris Laminados Biológicos,,Frasco 0.28 KG,"2,09€","7,46€ / KG",
Leite Bem Essencial UHT Meio Gordo 3 Unid.,MIMOSA,Emb. 0.6 LT,"1,19€","1,98€ / LT",
Manteiguinhas,,Emb. 0.3 KG,"1,69€","5,63€ / KG",
ATRIX CR PROTECCAO SUAVE,ATRIX,Emb. 0.1 LT,"3,98€","39,80€ / LT",
Pantene Creme de Pentear Sem Enxaguar Cabelo liso 270ml,,Emb. 0.27 LT,"4,49€","16,63€ / LT",
Vinho Regional Lisboa Tinto,VIDIGAL PORTA 6,Garrafa 0.75 LT,"3,79€","5,05€ / LT",
Margarina Light,,Emb. 0.5 KG,"1,49€","2,98€ / KG",
Mistura de Frutos Secos C/ Sal,MARQUE REPERE,Emb. 0.2 KG,"1,69€","8,45€ / KG",
MOLHO SOJA DOCE,TABLES DU MONDE,Emb. 0.125 LT,"1,19€","9,52€ / LT",
Gomas Tijolos,COPAÍNS COPINES,Emb. 0.2 KG,"0,99€","4,95€ / KG",
Pão Hamburger,EPI D'OR,Emb. 4 UNID.,"0,99€","0,25€ / UNID.",
Vassoura Espalmada Lisa C/ Cabo,,Emb. 1 UNID.,"1,99€","1,99€ / UNID.",
Bolachas Duplo Creme,OREO,Emb. 0.185 KG,"1,68€","9,08€ / KG",
TOALHITAS DESMAQUILHANTES BIO 25UN,BIONAÏA,Emb. 25 UNID.,"2,95€","0,12€ / UNID.",
Morango,,1 Unid. = 0.25 KG (aprox.),"1,99€/kg","0,50€ / Unid.",
OIKOS AMORA 110G X4,OIKOS,Emb. 0.44 KG,"2,39€","5,43€ / KG",
Banana da Madeira,,1 Unid. = 0.18 KG (aprox.),"2,29€/kg","0,41€ / Unid.",
Tira-Nódoas para Roupa Branca em Gel,SKIP,Emb. 1.6 LT,"6,99€","4,37€ / LT",
Pêssego em Calda,ECO+,Emb. 0.85 KG,"1,99€","2,34€ / KG",
Robalo,,1 Unid. = 1.5 KG (aprox.),"3,14€/kg","4,71€ / Unid.",
Refrigerante S/ Gás Laranja 0 Açúcares,AQUARIUS,Emb. 1.5 LT,"1,98€","1,32€ / LT",
Lápis para Colorir em Caixa de Metal,ESQUISSE,Emb. 18 UNID.,"2,20€","0,12€ / UNID.",
Fusilli sem Glúten,CHAQUE JOUR SANS GLUTEN,Emb. 0.4 KG,"1,49€","3,73€ / KG",
SALTEADO DE COGUMELOS,NOTRE JARDIN,Emb. 0.4 KG,"4,03€","10,08€ / KG",
Refrigerante S/ Gás Laranja,AQUARIUS,Garrafa 1.5 LT,"1,99€","1,33€ / LT",
Champô 2em1 P/ Cabelos Muito Secas Extra Suave,MANAVA,Emb. 0.5 LT,"1,99€","3,98€ / LT",
Desentupidor em Gel Forza Canos,MR MUSCLE,Emb. 0.1 LT,"4,09€","40,90€ / LT",
Esparguete,CAÇAROLA,Emb. 0.5 KG,"0,98€","1,96€ / KG",
Perna de Pato,,1 Unid. = 0.39 KG  (aprox.),"7,49€/kg","2,92€ / Unid.",
Conserva Tomates Pelados Biológicos,,Lata 0.4 KG,"1,39€","3,48€ / KG",
Gel de Banho Black XL,AXE,Emb. 0.4 LT,"3,29€","8,23€ / LT",
Cogumelo Branco Inteiro,,1 Unid. = 0.3 KG  (aprox.),"4,99€/kg","1,50€ / Unid.",
Água com Gás Limão 4x25 cl,FRIZE,Emb. 1 LT,"2,68€","2,68€ / LT",
Sementes de Abóbora,MARQUE REPERE,Emb. 0.2 KG,"1,89€","9,45€ / KG",
Lip Therapy Original,VASELINE,Emb. 0.017 KG,"2,98€","175,29€ / KG",
Mousse de Chocolate,TABLIER BLANC,Emb. 0.15 KG,"0,79€","5,27€ / KG",
Conserva de Cogumelos Laminados Da Horta,COMPAL,Emb. 0.29 KG,"0,99€","3,41€ / KG",
BACALHAU A BRAS,CÔTÉ TABLE,Emb. 0.25 KG,"3,99€","15,96€ / KG",
Cápsulas de Café C/ Leite Intenso,DOLCE GUSTO,Emb. 16 CAPS.,"5,98€","0,37€ / CAPS.",
BANDAS DEPILATORIAS CERA FRIA PELE SENSIVEL ROSTO 32UN,SLISS,Emb. 32 UNID.,"1,84€","0,06€ / UNID.",
Cápsulas Café Cappuccino P/ Dolce Gusto,STARBUCKS,Emb. 12 CAPS.,"5,48€","0,46€ / CAPS.",
Pão Chapata,,1 Unid. = 0.14 KG (aprox.),"0,99€","7,07€ / KG",
Conserva de Grão da Horta,COMPAL,Lata 0.42 KG,"0,99€","2,36€ / KG",
TOALHITAS DESMAQUILHANTES PELES SENSIVEIS COM AGUA MICELAR 25UN,INELL,Emb. 25 UNID.,"0,99€","0,04€ / UNID.",
SALPICAO,CAMPO FINO,Emb. 0.28 KG,"3,19€","11,39€ / KG",
DETERGENTE MANUAL LOICA CONCENTRADO HIPOALERG.ECOLOGICO 500ML,UNÍ VERT,Emb. 0.5 LT,"1,49€","2,98€ / LT",
Pimenta Cayenne Moída,MARGÃO,Emb. 0.05,"1,98€","39,60€ /",
Spray de Limpeza Vidros e Superfícies Brilhantes Power&Shine,CIF,Emb. 0.75 LT,"2,49€","3,32€ / LT",
"ATUM POSTA AZEITE,,120G",,,"1,98€",/ Unid.,
Dentífrico Branqueadora Branco Intenso,AQUAFRESH,Emb. 0.075 LT,"3,18€","42,40€ / LT",
CROQUETES CARNE DE VACA/FIGADO/LEG 400G LYCAT,LYCAT,Emb. 0.4 KG,"0,89€","2,23€ / KG",
Penne Rigate,TRADIZIONI D'ITALIA,Emb. 0.5 KG,"1,59€","3,18€ / KG",
LENCOS DE BOLSO 4F ECO,UNÍ VERT,Emb. 15 UNID.,"1,99€","0,13€ / UNID.",
Areias,,Emb. 0.3 KG,"1,69€","5,63€ / KG",
Conserva de Azeitonas Cocktail,RUSTICA,Emb. 0.54 KG,"2,19€","4,06€ / KG",
MANTEIGA C/SAL,LES CROISÉS,Emb. 0.25 KG,"2,35€","9,40€ / KG",
Guardanapos 2 Folhas Gold 39x39 cm,RENOVA,Emb. 40 UNID.,"1,98€","0,05€ / UNID.",
Pão Cereais,,1 Unid. = 0.1 KG,"3,49€","34,90€ / KG",
Néctar Multifrutas 6x20 cl,ECO+,Emb. 1.2 LT,"1,64€","1,37€ / LT",
BARRAS CEREAIS FROSTIES 6X25G,KELLOGG'S,Emb. 6 UNID.,"2,78€","0,46€ / UNID.",
Vinho Regional Minho Branco,TORRE MENAGEM,Garrafa 0.75 LT,"4,48€","5,97€ / LT",
Desodorizante Deo Stick White,OLD SPICE,Emb. 0.05 LT,"4,48€","89,60€ / LT",
CANELONES DE CARNE VACA C/ MOLHO DE TOMATE À NAPOLITANA,CÔTÉ TABLE,Emb. 0.8 KG,"2,99€","3,74€ / KG",
Alimento Húmido P/ Gato Vários Sabores,GOURMET GOLD,Emb. 0.34 KG,"3,48€","10,24€ / KG",
Cápsulas Café Sical,DOLCE GUSTO,Emb. 30 CAPS.,"10,48€","0,35€ / CAPS.",
Papel Higiénico Super 2 Folhas,RENOVA,Emb. 40 ROLOS,"9,59€","0,24€ / ROLOS",
Alimento Seco Completo P/ Cães Pequenos,TOUS MES AMIS,Emb. 1 KG,"2,45€","2,45€ / KG",
Detergente Roupa Proteção Cores,WOOLITE,Emb. 30 DOSES,"6,99€","0,23€ / DOSES",
Queijo Pointe de Brie,LES CROISÉS,Emb. 0.2 KG,"1,69€","8,45€ / KG",
Mistura Solúvel Café,PLANTATION,Frasco 0.2 KG,"2,39€","11,95€ / KG",
Contra Baratas e Formigas Pó,BAYGON,Emb. 0.25 KG,"4,98€","19,92€ / KG",
Leite Condensado Magro,DÉLISSE,Emb. 0.37 KG,"1,09€","2,95€ / KG",
Desodorizante Roll- On Dry Fresh,NIVEA,Emb. 0.05 LT,"3,98€","79,60€ / LT",
Prato 27cm Cinzento,SCANDINAVE,1 UNID.,"3,49€","3,49€ / UNID.",
Fralda Cueca T6 +16Kg Eco,MOTS D'ENFANTS,Emb. 18 UNID.,"6,99€","0,39€ / UNID.",
Recarga para Difusor Carro Flores e Brisa,AMBIPUR,Emb. 1 UNID.,"4,99€","4,99€ / UNID.",
Queijo Fatias Burger,VACA QUE RI,Emb. 0.2 KG,"1,94€","9,70€ / KG",
Bolachas Maria Oro,CUÉTARA,Emb. 0.8 KG,"2,98€","3,73€ / KG",
Caldo de Galinha,KNORR,Emb. 0.16 KG,"2,39€","14,94€ / KG",
Atum em Óleo Vegetal,BOM PETISCO,Emb. 0.12 KG,"1,26€","10,50€ / KG",
Refrigerante sem Gás Ananás,FRUTIS,Emb. 1.5 LT,"1,15€","0,77€ / LT",
Douradinhos Salmão Selvagem 10 Unid. Ultracongelado,IGLO,Emb. 0.28 KG,"5,68€","20,29€ / KG",
Chourição Gran Doblon Picante,CAMPOFRIO,1 Unid. = 0.1 KG (aprox.),"12,78€/kg","1,28€ / Unid.",
Iced Tea Limão,NESTEA,Garrafa 1.5 LT,"1,00€","0,67€ / LT",
CUECA INCONTINENCIA XL,CHORYS,Emb. 10 UNID.,"5,79€","0,58€ / UNID.",
BACALHAU COM NATAS 350G,CÔTÉ TABLE,Emb. 0.35 KG,"2,29€","6,54€ / KG",
Queijo Curado Três Igrejas Mistura 2 Meses,SALOIO,1 Unid. = 0.25 KG (aprox.),"9,99€/kg","2,50€ / Unid.",
Arroz Agulha,PATO REAL,Emb. 1 KG,"1,18€","1,18€ / KG",
AMACIADOR ROUPA SUAVE,HYPERDOU,Emb. 4 LT,"1,69€","0,42€ / LT",
Vinho Branco do Douro,CADÃO,Emb. 0.75 LT,"1,99€","2,65€ / LT",
Arroz Doce com Aroma de Baunilha 4x115g,DÉLISSE,Emb. 0.46 KG,"1,79€","3,89€ / KG",
Barras de Cereais Trigo Integral C/ Leite 6 Unid.,GOLDEN GRAHAMS,Emb. 0.15 KG,"3,28€","21,87€ / KG",
Alheira de Caça,ANGELINA,Emb. 0.2 KG,"1,94€","9,70€ / KG",
Caldo Galinha 16 Cubos,MAGGI,Emb. 0.16 KG,"2,09€","13,06€ / KG",
Pão de Forma Integral sem Côdea,EPI D'OR,Emb. 0.45 KG,"2,09€","4,64€ / KG",
Cotonetes Stoppers Bebé,MOTS D'ENFANTS,Emb. 50 UNID.,"0,48€","0,01€ / UNID.",
Iogurte Soja Frutos Vermelhos 4 Unid.,NAT&VIE,Emb. 0.4 KG,"1,49€","3,73€ / KG",
Iogurte Aroma Morango/Tutti-Frutti 8x125g,CLESA,Emb. 1 KG,"2,49€","2,49€ / KG",
Iogurte Líquido Cálcio 8x100 g,DÉLISSE,Emb. 0.8 KG,"1,99€","2,49€ / KG",
Caixa de Arrumação com Tampa e Rodas 40L Transparente,,1 UNID.,"8,90€","8,90€ / UNID.",
Esfregão Fibra Verde Classic XXL,SCOTCH BRITE,Emb. 1 UNID.,"0,99€","0,99€ / UNID.",
Bolachas Maria Oro,CUÉTARA,Emb. 0.2 KG,"0,83€","4,15€ / KG",
Vinagre Balsâmico de Modena Gourmet,GALLO,Emb. 0.25 LT,"2,16€","8,64€ / LT",
Paellla Royal Ultracongelado,CÔTÉ TABLE,Emb. 1 KG,"4,99€","4,99€ / KG",
DOCE EXTRA MIRTILO LIGHT,DOUCEUR DU VERGER,Emb. 0.34 KG,"1,99€","5,85€ / KG",
Sais de Fruta Digestivo Limão,ENO,Emb. 10 UNID.,"4,98€","0,50€ / UNID.",
Barrinhas P/ Coelhos Anões Frutas,TOUS MES AMIS,Emb. 0.11 KG,"1,49€","13,55€ / KG",
Biscoitos de Canela,P'TIT DÉLI,Emb. 0.5 KG,"1,98€","3,96€ / KG",
Bloco sanitário power 5 duo pack ocean,DOMESTOS,Emb. 0.11 KG,"2,74€","24,91€ / KG",
Croissant de Manteiga 8Unid.,EPI D'OR,Emb. 0.32 KG,"2,29€","7,16€ / KG",
Pão Rústico,,1 Unid. = 0.4 KG (aprox.),"1,99€/kg","0,80€ / Unid.",
Papel Higiénico 2 Folhas Estra XXL 18=45,RENOVA,Emb. 18 ROLOS,"11,84€","0,66€ / ROLOS",
Vinagre de Vinho Branco,RUSTICA,Garrafa 0.75 LT,"0,65€","0,87€ / LT",
Recarga para Difusor Automático Delicias de Verão,AIRWICK,Emb. 0.019 LT,"3,59€","188,95€ / LT",
Tablete Chocolate 70% Cacau,LA CASA,Emb. 0.1 KG,"1,64€","16,40€ / KG",
VINAGRE BALSAMICO BRANCO,RUSTICA,Emb. 0.025 LT,"1,69€","67,60€ / LT",
Queijo Fatiado Flamengo 2X200 g,TERRA NOSTRA,Emb. 0.4 KG,"5,08€","12,70€ / KG",
MOLHO DE TOMATE PROVENCAL,TURINI,Emb. 0.19 KG,"0,69€","3,63€ / KG",
Caixa Hermética Redonda 14cm,DURALEX,1 UNID.,"1,99€","1,99€ / UNID.",
Drageia de Morango Mix,MENTOS,Emb. 0.037 KG,"0,68€","18,38€ / KG",
Gelatina Light Ananás 2x15g,CONDI,Emb. 0.03 KG,"1,88€","62,67€ / KG",
Ovos Solo M,SNR,Emb. 6 UNID.,"1,09€","0,18€ / UNID.",
Gel Studio Line Indestructible Extremo 9,L'ORÉAL PARIS,Emb. 0.15 LT,"5,98€","39,87€ / LT",
Bolachas com Recheio de Limão Cobertura Chocolate,P'TIT DÉLI,Emb. 0.15 KG,"0,98€","6,53€ / KG",
Detergente Manual Loiça Concentrado Original,FAIRY,Emb. 0.78 LT,"2,69€","3,45€ / LT",
Alimento P/ Gato Adulto de Salmão,PURINA,Emb. 3 KG,"22,98€","7,66€ / KG",
GAUFRES SABOR A CHOCOLATE E AVELAS 8UN,P'TIT DÉLI,Emb. 0.272 KG,"1,70€","6,25€ / KG",
Massa Estrelinhas,TURINI,Emb. 0.25 KG,"0,55€","2,20€ / KG",
Bebida de Soja Baunilha 3x200ML,SHOYCE,Emb. 0.6 LT,"1,79€","2,98€ / LT",
Hamburgers de Peito de Frango sem Glúten Ultracongelado,IGLO,Emb. 0.24 KG,"4,29€","17,88€ / KG",
Café Ricoré,DOLCE GUSTO,Emb. 16 CAPS.,"5,98€","0,37€ / CAPS.",
Leite de Cabra UHT Meio Gordo,PRÉSIDENT,Emb. 1 LT,"2,43€","2,43€ / LT",
Beterraba Fresca,,1 Unid. = 0.27 KG (aprox.),"1,59€/kg","0,43€ / Unid.",
Leite Bem Essencial C/ Sabor a Cereais,MIMOSA,Emb. 0.8 LT,"1,69€","2,11€ / LT",
Spray Elimina Odores de Roupa Extra,FEBREZE,Emb. 0.5 LT,"3,98€","7,96€ / LT",
Pensos Incontinência Discreet Maxi Night,AUSONIA,Emb. 16 UNID.,"7,98€","0,50€ / UNID.",
Pão Torrado Integral Biológico,,Emb. 0.25 KG,"1,95€","7,80€ / KG",
Tempero de Alho & Coentros 8 Cubos,KNORR,Emb. 0.072 KG,"1,49€","20,69€ / KG",
AE COCKPIT 600 ML 600ML TECH9,TECH9,Emb. 0.6 LT,"3,79€","6,32€ / LT",
Puré Maçã Ameixa S/ Adição Açúcar 4 Unid.,DOUCEUR DU VERGER,Emb. 0.4 KG,"1,59€","3,98€ / KG",
Bebida Energética Zero,X-TENSE,Garrafa 1 LT,"1,49€","1,49€ / LT",
Azeite Clássico Pet,OLIVEIRA DA SERRA,Emb. 0.75 LT,"5,58€","7,44€ / LT",
Detergente Manual Roupa,OMO,Emb. 0.54 KG,"1,68€","3,11€ / KG",
Bic Lâminas Descartáveis Miss Soleil 3 + 1 Unidades,BIC,Emb. 3 UNID.,"3,98€","1,33€ / UNID.",
Batatas Fritas Receita Camponesa,LAY'S,Emb. 0.25 KG,"2,48€","9,92€ / KG",
MOLHO PARA BATATAS FRITAS,RUSTICA,Emb. 0.255 KG,"1,39€","5,45€ / KG",
Mistura Gourmet,TOKAPI,Emb. 0.12 KG,"1,79€","14,92€ / KG",
A+ARIEL BABY LIQ 4X1.4L/28SC/PT,A+,,"9,98€",/ Unid.,
COUVE DE BRUXELAS CONGELADAS,NOTRE JARDIN,Emb. 1 KG,"1,59€","1,59€ / KG",
Manhãzitos Planetus 9x2 Unid.,BOLLYCAO,Emb. 0.315 KG,"3,68€","11,68€ / KG",
Espuma Barbear Extra Hidratante,NIVEA MEN,Emb. 0.2 LT,"3,59€","17,95€ / LT",
Alimento Seco P/ Gatos Esterilizados Peru e Legumes,PURINA FRISKIES,Emb. 3 KG,"7,79€","2,60€ / KG",
RODELAS DE PESCADA,ECO+,Emb. 0.8 KG,"5,85€","7,31€ / KG",
Desodorizante Deo Roll On Bio Eficácia,NARTA,Emb. 0.05 LT,"3,98€","79,60€ / LT",
Feijão Verde,,1 Unid. = 0.55 KG (aprox.),"2,99€/kg","1,64€ / Unid.",
Vinho Regional Dão Seleção Branco,CABRIZ,Garrafa 0.75 LT,"4,98€","6,64€ / LT",
Queijo da Ilha Fatiado,NOVA AÇORES,Emb. 0.15 KG,"1,69€","11,27€ / KG",
Néctar de Pêra Pack 3,SANTAL,Emb. 0.6 LT,"1,30€","2,17€ / LT",
Leite UHT Meio Gordo,AGROS,Emb. 1 LT,"0,92€","0,92€ / LT",
Máquina Descartável Twin lady Sensitive 2 Lâminas,BIC,Emb. 5 UNID.,"2,33€","0,47€ / UNID.",
Spray Extra Pulverizador,BIO KILL,Emb. 0.375 LT,"6,94€","18,51€ / LT",
Bolachas de Água e Sal Integral -40% de Sal,VIEIRA,Emb. 0.186 KG,"2,95€","15,86€ / KG",
Bolachas Amanteigadas com Tablete de Chocolate Preto,P'TIT DÉLI,Emb. 0.15 KG,"0,95€","6,33€ / KG",
Camarão Cozido Cal. 60/80,,1 Unid. = 0.28 KG (aprox.),"10,99€/kg","3,08€ / Unid.",
"Panela de Pressão 4,5L",ARDENCE,1 UNID.,"47,99€","47,99€ / UNID.",
Sobremesa de Chocolate 6x70g,DÉLISSE,Emb. 0.42 KG,"1,79€","4,26€ / KG",
Tira Nódoas Gel Anti-odores,VANISH,Emb. 0.179 LT,"13,98€","78,10€ / LT",
MIOLO DE CAMARAO SKIN PACK 100/200,PÊCHE OCÉAN,Emb. 0.16 KG,"2,99€","18,69€ / KG",
CREME SABOR PISTACHIOS,DÉLISSE,Emb. 0.4 KG,"2,39€","5,98€ / KG",
Bolachas Maçã,NAT&VIE,Emb. 0.2 KG,"1,69€","8,45€ / KG",
Fraldas Activity T4 Extra 9-15 Kg,DODOT,Emb. 52 UNID.,"13,29€","0,26€ / UNID.",
Sidra Normand Brut,LES GOELLERIES,Garrafa 0.75 LT,"2,19€","2,92€ / LT",
Arroz Semi Integral,,Emb. 0.5 KG,"1,19€","2,38€ / KG",
Garrafão de Moscatel em Palha,DORRÃO,Emb. 2 L,"12,99€","6,50€ / L",
Batatas Fritas Lisas Camponesas,POM'LISSE,Emb. 0.2 KG,"0,99€","4,95€ / KG",
Whisky William Lawson\'s,WILLIAM LAWSON'S,Garrafa 1 LT,"19,98€","19,98€ / LT",
Limpa Churrasqueiras e Recuperadores de Calor,MISTOLIN,Emb. 0.5 LT,"4,84€","9,68€ / LT",
TOALHITAS HIGIENE INTIMA,DOULYS,Emb. 20 UNID.,"0,79€","0,04€ / UNID.",
DOVE Sabonete Líquido para as Mãos Recarga,DOVE,Emb. 0.5 LT,"2,99€","5,98€ / LT",
Alimento Húmido P/ Cão Paté Borrego,TOUS MES AMIS,Emb. 0.3 KG,"0,79€","2,63€ / KG",
Escova de Dentes Slim Soft Suave,COLGATE,Emb. 1 UNID.,"3,48€","3,48€ / UNID.",
Iogurte Líquido Cremoso Frutos Silvestres,YOGGI,Emb. 0.64 KG,"2,09€","3,27€ / KG",
Molho Big Burger,CALVÉ,Emb. 0.25 LT,"2,68€","10,72€ / LT",
Dobrada de Feijão Branco,NOBRE,Lata 0.42 KG,"1,76€","4,19€ / KG",
Vinho Verde Branco,AVELEDA,Emb. 0.075 LT,"3,39€","45,20€ / LT",
Menu Saquetas Carne em Gelatina 12X100G,LYCAT,Emb. 12 UNID.,"3,99€","0,33€ / UNID.",
Sumo 100% Toranja,JAFADEN,Emb. 1 LT,"1,99€","1,99€ / LT",
Conserva de Lulas Recheadas,PITEU,Emb. 0.12 KG,"2,98€","24,83€ / KG",
Iogurte Líquido Morango Framboesa 4x155g,CORPOS DANONE,Emb. 0.62 KG,"1,69€","2,73€ / KG",
Água S/ Gás 6 Unid.,ECO+,Garrafa 9 LT,"1,50€","0,17€ / LT",
Laca Elnett Latin Fixação Forte,L'ORÉAL PARIS,Spray 0.3 LT,"5,98€","19,93€ / LT",
Pensos Higiénicos Maxi/Super Sem Alas Fina e Segura,EVAX,Emb. 13 UNID.,"1,98€","0,15€ / UNID.",
Refrigerante C/ Gás Laranja,ECO+,Garrafa 2 LT,"0,79€","0,40€ / LT",
Douradinhos Ultracongelados de Frango Pré-Fritos,IGLO,Emb. 0.25 KG,"4,99€","19,96€ / KG",
Lenços de Bolso Lavanda Sensitive 4 Folhas,RENOVA,Emb. 6 UNID.,"0,98€","0,16€ / UNID.",
Iogurte Bifidus de Pessego S/ Lactose 0% 4 Unid.,DANONE,Emb. 0.48,"2,19€","4,56€ /",
Chipicao Multipack 4x57 g,CHIPICAO,Emb. 0.228 KG,"2,84€","12,46€ / KG",
MÁQUINA BARBEAR DESCARTAVEIS 2 LAMINAS,CARRÉ HOMME,Emb. 10 UNID.,"1,59€","0,16€ / UNID.",
Chá de Tília,LIPTON,Emb. 20 SAQ.,"1,20€","0,06€ / SAQ.",
Vinho Regional Alentejano Colheita Selecionada 2015,HERDADE DAS SERVAS,Garrafa 0.75 LT,"7,99€","10,65€ / LT",
CHAMPO SECO 150ML,VITANOVE,Emb. 0.15 LT,"2,19€","14,60€ / LT",
Miolo de Noz Pecan,MARQUE REPERE,Emb. 0.2 KG,"5,99€","29,95€ / KG",
Champô Karité Óleo Côco Cabelos Muito Secos,NATEIS,Emb. 0.25 LT,"1,69€","6,76€ / LT",
Café Cápsulas Qalidus Intensidade 10,DELTA,Emb. 10 CAPS.,"3,39€","0,34€ / CAPS.",
Conserva de Salsichas 8 Unid.,IZIDORO,Frasco 0.65 KG,"3,14€","4,83€ / KG",
Carvão Vegetal Artesanal,,Emb. 10 KG,"9,99€","1,00€ / KG",
Cápsulas Café Cortado Espresso Macchiato Intensidade 8,DOLCE GUSTO,Emb. 16 CAPS.,"4,79€","0,30€ / CAPS.",
GELEIA MARMELO 345G,CASA MATEUS,Emb. 0.345 KG,"2,47€","7,16€ / KG",
Café Torrado Moído Vietname Moagem Universal Intensidade 10,SICAL,Emb. 0.22 KG,"3,88€","17,64€ / KG",
Escova de Dentes 3-5 anos,ORAL B,Emb. 1 UNID.,"2,24€","2,24€ / UNID.",
FUSILLI COM QUEIJOS,COTE SNACK,Emb. 0.3 KG,"2,29€","7,63€ / KG",
Snack de Chocolate,KIT KAT,Emb. 0.041 KG,"0,74€","18,05€ / KG",
Vinho Rosé,CASAL MENDES,Garrafa 0.75 LT,"2,98€","3,97€ / LT",
SKYR MIRTILO,DÉLISSE,Emb. 0.45 KG,"2,10€","4,67€ / KG",
Papel Higiénico 2 Folhas Super,RENOVA,Emb. 48 ROLOS,"8,06€","0,17€ / ROLOS",
Abacate,,1 Unid. = 0.2 KG (aprox.),"3,99€/kg","0,80€ / Unid.",
Iogurte Natural 12x125g,DÉLISSE,Emb. 1.5 KG,"1,99€","1,33€ / KG",
Robalo,,1 Unid. = 0.8 KG (aprox.),"10,90€/kg","8,72€ / Unid.",
Pensos Higiénicos Salvaslips Multiforma,EVAX,Emb. 34 UNID.,"1,94€","0,06€ / UNID.",
Paté para Cão de Vaca e Coração,TOUS MES AMIS,Emb. 0.3 KG,"0,79€","2,63€ / KG",
Refrigerante C/ Gás Pack 6,SPRITE,,"4,13€",/ Unid.,
Creme de Cabra,PRÉSIDENT,Emb. 0.125 LT,"2,44€","19,52€ / LT",
Salsichas de Aves 8 Unidades,NOBRE,Emb. 0.42 KG,"4,28€","10,19€ / KG",
GEL ANTI-CALCARIO 750ML,TEXIL,Emb. 0.75 KG,"2,28€","3,04€ / KG",
"CHUPA CHUPS ASSORT S/ACUCA,,66G",,,"2,98€",/ Unid.,
Cápsulas Café Buondi,DOLCE GUSTO,Emb. 30 CAPS.,"10,48€","0,35€ / CAPS.",
Amaciador Cabelo Camomila e Mel de Flores,ULTRA SUAVE,Emb. 0.2 LT,"3,58€","17,90€ / LT",
ESPUMA CABELO ESPECIAL CARACOIS 200ML,VITANOVE,Emb. 0.2 LT,"1,09€","5,45€ / LT",
Manteiga da Bretanha Meio-sal,LES CROISÉS,Emb. 0.25 KG,"2,25€","9,00€ / KG",
RECARGAS MOPA 40,CLAIR,Emb. 40 UNID.,"2,75€","0,07€ / UNID.",
Forma de Alumínio Tarte Castanha 27cm,ARDENCE,1 UNID.,"3,90€","3,90€ / UNID.",
Insecticida Spray Moscas e Mosquitos,DUM DUM,Emb. 0.3 LT,"3,34€","11,13€ / LT",
Bolo Rei Seleção,,1 Unid. = 0.8 KG (aprox.),"4,99€/kg","3,99€ / Unid.",
Gelatina Light de Mirtilo 2x15g,CONDI,Emb. 0.03 KG,"1,88€","62,67€ / KG",
Tablete Chocolate Preto para Culinária,TABLETTE D'OR,Emb. 0.2 KG,"1,09€","5,45€ / KG",
Cookies de Chocolate com Pepitas Chocolate Biológicas,,Emb. 0.2 KG,"1,89€","9,45€ / KG",
Recarga para Difusor Automático Lavanda e Jasmim,BRISE,Emb. 1 UNID.,"3,59€","3,59€ / UNID.",
Pantene Volume & Brilho Condicionador 160 ml,,Emb. 0.16 LT,"4,98€","31,13€ / LT",
Tira Nódoas Pó Oxi Odores,VANISH,Emb. 0.42 KG,"6,49€","15,45€ / KG",
Ananás em Calda,FRUÍSTAR,Emb. 0.825 KG,"2,49€","3,02€ / KG",
Gel de Banho Hidratante Baby Rich Moisture,BABY DOVE,Emb. 0.4 LT,"3,29€","8,23€ / LT",
Alimento Húmido P/ Gato C/ Carne de Vaca e Frango,GOURMET GOLD,Emb. 0.085 KG,"0,74€","8,71€ / KG",
Coloração Creme L'Oréal Paris 6.41 Avelã,EXCELLENCE,Emb. 1 UNID.,"11,98€","11,98€ / UNID.",
Bolo de Marmore Chocolate,P'TIT DÉLI,Emb. 0.3 KG,"2,19€","7,30€ / KG",
IOGURTE LIQUIDO NATURAL ACUCARADO,DÉLISSE,Emb. 1 KG,"2,29€","2,29€ / KG",
Água com Gás Levíssima 6x33cl,PEDRAS SALGADAS,Emb. 1.98 LT,"2,77€","1,40€ / LT",
Bola de Berlim,,1 Unid. = 0.1 KG,"0,99€","9,90€ / KG",
Lâmina Descartável Flex 3,BIC,Emb. 6 UNID.,"5,08€","0,85€ / UNID.",
Cerveja C/ Álcool,CARLSBERG,Lata 0.033 LT,"0,74€","22,42€ / LT",
Cereais de Milho S/ Glúten Corn Flakes,NESTLÉ,Emb. 0.375 KG,"2,24€","5,97€ / KG",
Patê Bocadelia de Caranguejo,LA PIARA,Frasco 0.17 KG,"2,24€","13,18€ / KG",
Champô Cabelos Normais Fructis Anti Caspa 2 em 1,GARNIER,Emb. 0.25 LT,"3,98€","15,92€ / LT",
Café Cápsulas Selezionato Intensidade 7,PLANTATION,Emb. 10 CAPS.,"2,09€","0,21€ / CAPS.",
Bolachas Digestive Go Canela 6 Saquetas,TRIUNFO,Emb. 0.171 KG,"1,23€","7,19€ / KG",
Feijão Verde Muito Fino Ultracongelados,,Emb. 1 KG,"1,29€","1,29€ / KG",
Queijo Curado Meio Gordo 5 Estrelas,LACTO SERRA,1 Unid. = 1 KG (aprox.),"8,99€/kg","8,99€ / Unid.",
DOCE TEMPORADA ABÓBORA 350G,CASA MATEUS,Emb. 0.35 KG,"2,69€","7,69€ / KG",
Sardinha Grande,,1 Unid. = 0.15 KG (aprox.),"5,98€/kg","0,90€ / Unid.",
Alimento P/ Bebé Natural +6 meses 4 Unid.,NESTLÉ BEBÉ,Emb. 0.4 KG,"2,39€","5,98€ / KG",
Absorvente Branco para Gato Aglomerante,TOUS MES AMIS,Emb. 4 LT,"2,99€","0,75€ / LT",
Inseticida Clássico para Uso Doméstico,BIO KILL,Emb. 0.375 LT,"5,68€","15,15€ / LT",
Yofu Framboesa/Amora 4x125g,ALPRO,Emb. 0.5 KG,"2,88€","5,76€ / KG",
Donuts,,1 Unid. = 0.045 KG,"0,89€","19,78€ / KG",
Detergente Líquido Gel Ativo,XAU,Emb. 70 DOSES,"9,99€","0,14€ / DOSES",
BATOM NUTRE E PROTEGE BIO,BIONAÏA,Emb. 1 UNID.,"2,25€","2,25€ / UNID.",
Caixa Hermética Redonda 17cm,DURALEX,1 UNID.,"2,39€","2,39€ / UNID.",
Tablete de Chocolate Culinária 70% Cacau,NESTLÉ,Emb. 0.17 KG,"1,94€","11,41€ / KG",
Bolachas Uva,NAT&VIE,Emb. 0.2 KG,"0,50€","2,50€ / KG",
Sidra com Álcool de Maça 50cl,SOMERSBY,Emb. 0.5 LT,"1,24€","2,48€ / LT",
PEITO DE PERU FATIAS FINAS,CAMPO FINO,Emb. 0.15 KG,"1,49€","9,93€ / KG",
Bolachas Recheadas Baunilha,ECO+,Emb. 0.5 KG,"1,39€","2,78€ / KG",
Wafers Enroladas Cobertas Chocolate de Leite,P'TIT DÉLI,Emb. 0.125 KG,"1,49€","11,92€ / KG",
Ovos Solo L,SNR,Emb. 12 UNID.,"2,49€","0,21€ / UNID.",
Conjunto 4 Copos Champanhe Gisèle 19cl,ARDENCE,4 UNID.,"7,35€","1,84€ / UNID.",
Chá de Camomila,,Emb. 25 SAQ.,"0,79€","0,03€ / SAQ.",
"ALCAPARRAS VINAGRE,FERBAR,180G",FERBAR,,"2,32€",/ Unid.,
Queijo Apimentado de Lamego,PAIVA,1 Unid. = 1.2 KG (aprox.),"10,99€/kg","13,19€ / Unid.",
Rissóis de Camarão 8 Unid.,SNR,Emb. 0.325 KG,"1,99€","6,12€ / KG",
Chouriço Mouro Terras de Xisto,SNR,Emb. 0.25 KG,"2,79€","11,16€ / KG",
Caramelos de Fruta,COPAÍNS COPINES,Emb. 0.25 KG,"1,01€","4,04€ / KG",
Creme Protector Contra Assaduras Baby,JOHNSON'S,Emb. 0.1 LT,"4,98€","49,80€ / LT",
Chupas de Sabores Sortidos,CHUPA CHUPS,Emb. 0.12 KG,"2,37€","19,75€ / KG",
Bolachas Tostada com Leite 4x200gr,P'TIT DÉLI,Emb. 0.8 KG,"1,59€","1,99€ / KG",
A+ARIEL ALPINE LIQ 4X1.4L/28SC/PT,A+,,"3,49€",/ Unid.,
Muesli Integral com Frutos Silvestres,SALUTEM,Emb. 0.375 KG,"3,78€","10,08€ / KG",
Edulcorante de Mesa,CANDEREL,Emb. 0.09 KG,"2,99€","33,22€ / KG",
Pomme Poire Maça e Pera 4x90g,DOUCEUR DU VERGER,Emb. 0.36 KG,"1,74€","4,83€ / KG",
Sumo Maçã,JAFADEN,Emb. 1 LT,"0,69€","0,69€ / LT",
Papel Higiénico 4 Folhas,RENOVA,Emb. 12 ROLOS,"7,18€","0,60€ / ROLOS",
Gelatina em Pó Ananás 2x85g,TABLIER BLANC,Emb. 0.17 KG,"0,85€","5,00€ / KG",
Espuma P/ Casa de Banho,CLAIR,Garrafa 0.6 LT,"1,69€","2,82€ / LT",
Atum em Posta,BOM PETISCO,Emb. 0.385 KG,"4,26€","11,06€ / KG",
Desodorizante Roll-On Tropical 48H,REXONA,Emb. 0.05 LT,"2,69€","53,80€ / LT",
Bolachinhas de Manteiga sem Glúten,CHAQUE JOUR SANS GLUTEN,Emb. 0.13 KG,"1,89€","14,54€ / KG",
"ATUM EM AZEITE, 120G",TENÓRIO,Emb. 0.12 KG,"2,14€","17,83€ / KG",
Manteiga C/ Sal,MILHAFRE,Emb. 0.25 KG,"2,28€","9,12€ / KG",
Vinho Regional Alentejo Branco,REGUENGOS,Garrafa 0.75 LT,"2,39€","3,19€ / LT",
"SYOSS KERATIN MOUSSE,,250ML",SYOSS,Emb. 0.25 LT,"3,24€","12,96€ / LT",
ELIXIR BOCAL EXPERT SENSITIVE,DENTAMYL,Emb. 0.5 LT,"1,29€","2,58€ / LT",
Alimento Húmido para Cão Carne de Vaca e Fígado,PEDIGREE,Emb. 0.3 KG,"2,48€","8,27€ / KG",
COGUMELOS FERBAR INTEIRO 290G,FERBAR,Emb. 0.29 KG,"1,33€","4,59€ / KG",
DENTIFRICO CARVAO BIO,BIONAÏA,Emb. 0.075 LT,"1,99€","26,53€ / LT",
MOLHO SALADAS C/ ERVAS FINAS,RUSTICA,Emb. 0.5 LT,"0,84€","1,68€ / LT",
Chourição Gran Doblon,CAMPOFRIO,1 Unid. = 0.1 KG (aprox.),"14,99€/kg","1,50€ / Unid.",
Ginger Ale,SCHWEPPES,Garra 0.2 LT,"0,84€","4,20€ / LT",
QUEIJO P/ BARRAR LIGHT,LES CROISÉS,Emb. 0.15 KG,"0,79€","5,27€ / KG",
Ambientador Micado Stick Up Muddle Wine,AIR WICK,Emb. 0.05 LT,"7,19€","143,80€ / LT",
HAMBURGUER DE PORCO 4UN,CHANTEGRIL,Emb. 0.32 KG,"1,79€","5,59€ / KG",
BLOCO SANITARIO C/LIXIVIA 2UN,SYPHON,Emb. 2 UNID.,"1,29€","0,65€ / UNID.",
Madalenas em Conchas com Ovos Frescos,P'TIT DÉLI,Emb. 0.25 KG,"1,29€","5,16€ / KG",
Gel Sanitário Harpic Liquido Força do Oceano,,Emb. 0.75 LT,"1,94€","2,59€ / LT",
Inseticida Aerossol Multi-Insetos,RAID,Emb. 0.4 LT,"5,98€","14,95€ / LT",
Cappuccino Mocha,NESCAFÉ,Emb. 8 SAQ.,"3,18€","0,40€ / SAQ.",
Nata UHT,GRESSO,Emb. 0.2 LT,"0,84€","4,20€ / LT",
Alimento Húmido Gato Completo Delícias do Mar 3x400 g,TOUS MES AMIS,Emb. 3 KG,"2,69€","0,90€ / KG",
"Água sem Gás 6x1,5 L",LUSO,Emb. 9 LT,"3,09€","0,34€ / LT",
MORTADELA COM AZEITONA FATIADA,CAMPO FINO,Emb. 0.2 KG,"0,99€","4,95€ / KG",
Cappuccino,PLANTATION,Emb. 16 CAPS.,"2,44€","0,15€ / CAPS.",
Esparguete Tricolor,MILANEZA,Emb. 0.5 KG,"2,14€","4,28€ / KG",
Escova ZigZag Suave,COLGATE,Emb. 3 UNID.,"4,00€","1,33€ / UNID.",
Elixir 12 Horas Protection,COLGATE,Emb. 0.5 LT,"6,48€","12,96€ / LT",
Iogurte Sólido Suissinhos Morango Alperce,YOCO,Emb. 0.252 KG,"1,74€","6,90€ / KG",
Água com Gás 6x50cl,VIMEIRO,Emb. 3 LT,"3,18€","1,06€ / LT",
ABRASIVO SANITARIO MARINHO ACTIV EFFECT 750ML,SYPHON,Emb. 0.75 LT,"0,99€","1,32€ / LT",
Iogurte de Frutas Pedaços 12x125g,DÉLISSE,Emb. 1.5 KG,"2,79€","1,86€ / KG",
DETERGENTE MANUAL LOICA ULTRA FRAMBOESA/VINAGRE FRUTOS 500ML,VISIOR,Emb. 0.5 LT,"0,69€","1,38€ / LT",
Jarro 1L,,1 UNID.,"1,70€","1,70€ / UNID.",
Alimento Perle Húmido P/ Gato C/ Molho Salmão e Atum 4x85g,PURINA,Emb. 0.34 KG,"3,48€","10,24€ / KG",
AIRWICK AMBIENTADOR RECARGA WHITE BOUQUET,AIRWICK,Emb. 0.02 LT,"4,79€","239,50€ / LT",
Snack Pera Rocha FRUUT - 20 Gramas,,Emb. 0.02 KG,"0,62€","31,00€ / KG",
LIMPA VIDROS AUTO 1 L 1L TECH9,TECH9,Emb. 1 LT,"1,19€","1,19€ / LT",
Body Lotion Refirmante em 2 Semanas Q10,NIVEA,Emb. 0.25 LT,"4,99€","19,96€ / LT",
Misto de Patés 4x22g,PÊCHE OCÉAN,Emb. 0.088 KG,"0,99€","11,25€ / KG",
Sabonete Líquido Nutritivo Recarga,PALMOLIVE,Emb. 0.3 LT,"2,78€","9,27€ / LT",
Tripas à Moda da Provença,TRADILÈGE,Emb. 0.5 KG,"4,39€","8,78€ / KG",
Café Delta Moido Máquina Lote Chávena,DELTA,Emb. 0.25 KG,"2,29€","9,16€ / KG",
Chá Verde e Limão Light,TISANA,Garrafa 1.5 LT,"1,49€","0,99€ / LT",
FAIRY MAO ULTRA PODER LIMAO 600ML,,Emb. 0.6 LT,"2,04€","3,40€ / LT",
Água sem Gás,LUSO,Garrafão 7 LT,"1,94€","0,28€ / LT",
Folhado de Maça,,1 Unid. = 0.1 KG,"0,89€","8,90€ / KG",
LACOS SECOS,P'TIT DÉLI,Emb. 0.18 KG,"1,59€","8,83€ / KG",
Massa Lasanha,TURINI,Emb. 0.5 KG,"1,59€","3,18€ / KG",
Calamares,ECO+,Emb. 0.5 KG,"2,89€","5,78€ / KG",
Cereais Chocolate,NESTUM,Emb. 0.25 KG,"2,18€","8,72€ / KG",
TARTELETES PURA MANTEIGA C/ RECHEIO CARAMELO E COB CHOCOLATE LEITE,P'TIT DÉLI,Emb. 0.127,"1,39€","10,94€ /",
Pente de Cabelo,,Emb. 1 UNID.,"0,99€","0,99€ / UNID.",
Couve Roxa,,1 Unid. = 1 KG (aprox.),"1,59€/kg","1,59€ / Unid.",
Pantene Cuidado Clássico Champô,PANTENE PV,Emb. 0.25 LT,"3,98€","15,92€ / LT",
VINAGRE LIMPEZA LIMAO,CLAIR,Emb. 1 LT,"0,79€","0,79€ / LT",
ALGODAO DESMAQUILHANTE BOLAS,INELL,Emb. 100 UNID.,"0,79€","0,01€ / UNID.",
CREME DE CENOURA,REGAL SOUPE,Emb. 0.35 KG,"1,69€","4,83€ / KG",
Bombay Dry Gin Original,BOMBAY,Garrafa 0.7 LT,"16,48€","23,54€ / LT",
Massa Couscous Grão Médio,MILANEZA,Emb. 1 KG,"2,88€","2,88€ / KG",
CREME GORDO 1L,INELL,Emb. 1 LT,"12,99€","12,99€ / LT",
MISTURA DE FRUTOS TROPICAL EM CALDA 4/4,DOUCEUR DU VERGER,Emb. 0.825 KG,"3,19€","3,87€ / KG",
PREPARADO PARA BOLO FOFO PRONTO A COZER,TABLIER BLANC,Emb. 0.5 KG,"2,89€","5,78€ / KG",
Couscous Semi Integrais,,Emb. 0.5 KG,"1,59€","3,18€ / KG",
Vinho Regional Dão Branco,GRÃO VASCO,Garrafa 0.75 LT,"3,98€","5,31€ / LT",
5 em 1 Glade Vanilla,BRISE,Spray 0.3 LT,"1,54€","5,13€ / LT",
Fermento de Padeiro 6x5g,TABLIER BLANC,Emb. 0.03 KG,"1,29€","43,00€ / KG",
Néctar Tutti Frutti,JAFADEN,Emb. 1 LT,"0,99€","0,99€ / LT",
FEIJAO BRANCO LATA MGUIA,NOTRE JARDIN,Emb. 0.425 KG,"0,75€","1,76€ / KG",
Vinho Regional Alentejo Tinto,REGUENGOS,Garrafa 0.75 LT,"3,99€","5,32€ / LT",
Faca de Madeira Steak Bois,ARDENCE,1 UNID.,"2,28€","2,28€ / UNID.",
Delícias do Mar Sabor a Caranguejo,,Emb. 0.4 KG,"2,09€","5,23€ / KG",
Maionese Top Down Verdadeira,HELLMANN'S,Emb. 0.412 KG,"3,18€","7,72€ / KG",
Sumo de Uva,ECO+,Emb. 1 LT,"0,99€","0,99€ / LT",
Vinho Verde Branco,CRUZEIRO,Garrafa 0.75 LT,"2,08€","2,77€ / LT",
Batom Corretivo 103,RIMMEL,Emb. 1 UNID.,"7,98€","7,98€ / UNID.",
Laca Cabelo Diamond Gloss Care 4,NIVEA,Spray 0.25 LT,"4,18€","16,72€ / LT",
Conserva de Salsichas Hot Dog 4 Unid.,IZIDORO,Frasco 0.25 KG,"2,19€","8,76€ / KG",
Gotas de Chocolate,,Emb. 0.3 KG,"1,69€","5,63€ / KG",
Vinho Regional Alentejano Tinto,GALITOS,Bag in Box 5 LT,"11,83€","2,37€ / LT",
Coloração 1-0 PRETO 16X3,SYOSS,,"4,99€",/ Unid.,
Presunto Fatiado 2x75g,DAMATTA,Emb. 0.15 KG,"3,89€","25,93€ / KG",
Almôndegas Bovino Mini,FERIAL,Emb. 0.75 KG,"7,99€","10,65€ / KG",
Bolachas Wafer com Recheio Chocolate,ECO+,Emb. 0.19 KG,"0,79€","4,16€ / KG",
Barras de Peixe Panadas Pré-Fritas 15x30g Ultracongeladas,ECO+,Emb. 0.45 KG,"2,59€","5,76€ / KG",
Conserva de Salsichas Bockwurst 5 Unid.,CÔTÉ TABLE,Frasco 0.25 KG,"1,49€","5,96€ / KG",
Torta com Cobertura Cacau e Recheio de Leite,DAN CAKE,Emb. 0.3 KG,"1,99€","6,63€ / KG",
Cereais de Chocolate C/ Pepitas,COOKIE CRISP,Emb. 0.375 KG,"2,92€","7,79€ / KG",
"AZEITE CLASSICO VIRGEM ≤ 0,7%",RUSTICA,Emb. 0.75 KG,"3,99€","5,32€ / KG",
FUET CASERO PERU 150G,EL POZO,Emb. 0.15 KG,"2,69€","17,93€ / KG",
FILETES DE CAVALA COM TOMATE E MANJERICAO,PÊCHE OCÉAN,Emb. 0.16 KG,"1,59€","9,94€ / KG",
Iogurte Açucarado Pêssego Biológico 4x125g,,Emb. 0.5 KG,"1,39€","2,78€ / KG",
Rabanete sem Rama,,1 Unid. = 0.125 KG  (aprox.),"3,99€/kg","0,50€ / Unid.",
Alimento Completo Cereais P/ Rolas,TOUS MES AMIS,Emb. 1 KG,"1,59€","1,59€ / KG",
Preservativos Touch&Feel,CONTROL,Emb. 6 UNID.,"7,98€","1,33€ / UNID.",
EMPADAO DE CARNE PICADA,CÔTÉ TABLE,Emb. 0.35 KG,"2,29€","6,54€ / KG",
Vinho Regional Douro Tinto,PAPA FIGOS,Garrafa 0.75 LT,"7,48€","9,97€ / LT",
Creme Limpeza para Placas de Vitrocerâmica,VITROCLEN,Emb. 0.45 LT,"5,99€","13,31€ / LT",
Linguine,TRADIZIONI D'ITALIA,Emb. 0.5 KG,"1,49€","2,98€ / KG",
Refrigerante sem Gás Laranja Maracujá,FRUTIS,Emb. 1.5 LT,"1,15€","0,77€ / LT",
Pão Rústico,BIMBO,Emb. 0.45 KG,"1,79€","3,98€ / KG",
Queijo Fresco Meio Gordo,SANTIAGO,Emb. 0.08 KG,"0,69€","8,63€ / KG",
CHUPA CHUPS LINGUAS  150 gr,,,"2,14€",/ Unid.,
COLORACAO LOURO DOURADO 7.3 1UN VITANOVE,VITANOVE,Emb. 1 UNID.,"3,89€","3,89€ / UNID.",
Grelos de Nabo,,1 Unid. = 0.95 KG (aprox.),"2,49€/kg","2,37€ / Unid.",
Água com Gás 6x25cl,VIMEIRO,Emb. 1.5 LT,"2,74€","1,83€ / LT",
Néctar Clássico Manga,COMPAL,Emb. 1 LT,"1,58€","1,58€ / LT",
Máquina Comfort 3 Green,BIC,Emb. 1 P,"3,69€","3,69€ / P",
Pano para Vidros,VILEDA,Emb. 1 UNID.,"2,78€","2,78€ / UNID.",
Gomas Aromatizadas Frita Vários Sabores,COPAÍNS COPINES,Emb. 0.275 KG,"1,39€","5,05€ / KG",
Refrigerante C/ Gás Zero Cafeína Zero Açúcar,COCA COLA ZERO,Emb. 1.75 LT,"1,84€","1,05€ / LT",
Bandas Depilatórias Cera Fria,SILISS,Emb. 40 UNID.,"2,99€","0,07€ / UNID.",
CALDEIRADA DE PEIXE,PÊCHE OCÉAN,Emb. 0.9 KG,"4,99€","5,54€ / KG",
Iogurte Bifidus Sólido Natural S/ Lactose,ACTIVIA,Emb. 0.12 KG,"2,19€","18,25€ / KG",
Bebida Energética 6x25cl,X-TENSE,Emb. 1.5 LT,"2,85€","1,90€ / LT",
SALSA FOLHAS SAQUETA,RUSTICA,Emb. 0.01 KG,"0,53€","53,00€ / KG",
Pensos Higiénicos Noite Maxi Pocket 12 Unid.,DOULYS,Emb. 12 UNID.,"1,29€","0,11€ / UNID.",
Condicionador Protecção do Calor,TRESEMMÉ,Emb. 0.2 LT,"5,39€","26,95€ / LT",
COGUMELO FERBAR INTEIRO 185G,FERBAR,Emb. 0.185 KG,"0,96€","5,19€ / KG",
Arroz Basmati Himalaia,SALUDÃES,Emb. 1 KG,"2,24€","2,24€ / KG",
Champô Cabelos Normais Fructis 2 em 1,GARNIER,Emb. 0.25 LT,"3,98€","15,92€ / LT",
Café Solúvel Descafeinado Clássico,NESCAFÉ,Emb. 10 UNID.,"1,68€","0,17€ / UNID.",
Sobremesa de Soja Pêssego,NAT&VIE,Emb. 0.4 KG,"1,40€","3,50€ / KG",
Alimento Húmido P/ Gato Salmão Atum Legumes,PURINA FRISKIES,Emb. 0.4 KG,"1,68€","4,20€ / KG",
After Shave Loção Sensitive,NIVEA MEN,Emb. 0.1 LT,"8,98€","89,80€ / LT",
Miolo de Amendoim C/ Piri-Piri,MARQUE REPERE,Emb. 0.25 KG,"1,05€","4,20€ / KG",
Vaselina Jelly Baby,VASELINE,Emb. 0.1 LT,"1,49€","14,90€ / LT",
Palitos Salgados,ECO+,Emb. 0.25 KG,"0,79€","3,16€ / KG",
AÇAI SPORT TRADICIONAL 205gr demarchi,,,"3,49€",/ Unid.,
BISCOITOS COM PEPITAS CHOCOLATE EM SACOS INDIVIDUAIS 16X25G,P'TIT DÉLI,Emb. 0.4 KG,"2,15€","5,38€ / KG",
Snacks Tex-Mex,DORITOS,Emb. 0.12 KG,"1,64€","13,67€ / KG",
Bolachas Recheadas C/ Frutos do Bosque,MC VITIE'S,Emb. 0.218 KG,"2,38€","10,92€ / KG",
Bolachas Digestive Go,TRIUNFO,Emb. 0.16 KG,"1,68€","10,50€ / KG",
Tabuleiro de Vidro Quadrado 26cm,ARDENCE,1 UNID.,"4,99€","4,99€ / UNID.",
Fralda Cueca T4 8/15 Kg,MOTS D'ENFANTS,Emb. 22 UNID.,"5,56€","0,25€ / UNID.",
Rolo Cozinha Compacto XXL,MARQUE REPERE,Emb. 1 UNID.,"0,99€","0,99€ / UNID.",
Broa de Centeio,,1 Unid. = 0.5 KG (aprox.),"0,99€/kg","0,99€ / Unid.",
Natas Líquidas Magra 4% 3x20cl,DÉLISSE,Emb. 0.08 LT,"1,69€","21,13€ / LT",
Queijo Fresco 0%,,Emb. 1 KG,"1,89€","1,89€ / KG",
Massa Capellini,TURINI,Emb. 0.5 KG,"0,89€","1,78€ / KG",
Vinagre de Vinho D.O. Madeira Original,GALLO,Emb. 0.25 LT,"5,98€","23,92€ / LT",
Axe Collision Gel de Banho Leather & Cookies,AXE,Emb. 0.4 LT,"3,29€","8,23€ / LT",
Leite Bem Especial Cálcio Meio Gordo,MIMOSA,Emb. 1 LT,"0,98€","0,98€ / LT",
Chocolate em pó P/ Leite,NESTLÉ,Emb. 0.39 KG,"3,14€","8,05€ / KG",
Sidra com Álcool Blackberry 4x33cl,SOMERSBY,Emb. 1.32 LT,"3,99€","3,02€ / LT",
CEREAIS BOLINHAS DE CHOCOLATE,ECO+,Emb. 0.75 KG,"2,49€","3,32€ / KG",
Marmelada,FERBAR,Emb. 0.4 KG,"1,98€","4,95€ / KG",
Papel Higiénico,MARQUE REPERE,Emb. 48 UNID.,"8,49€","0,18€ / UNID.",
Difusor para Carro Ultra Control + Recarga Ar Fresco,AMBIPUR,Emb. 1 UNID.,"4,98€","4,98€ / UNID.",
Sal Refinado Mesa,VATEL,Emb. 0.25 KG,"0,38€","1,52€ / KG",
Abrilhantador Máquina Loiça,SUN,Emb. 0.45 Lt,"5,98€","13,29€ / Lt",
FAIRY ROSA E CETIM 650ML,,Emb. 0.65 LT,"1,94€","2,98€ / LT",
Crackers com Sésamo,VIEIRA,Emb. 0.2 KG,"1,48€","7,40€ / KG",
Alimento P/ Bebé Frutas Variadas +6 meses 4 Unid.,NESTLÉ BEBÉ,Emb. 0.4 KG,"2,39€","5,98€ / KG",
QUEIJO ROQUEFORT DOP,NOS RÉGIONS ONT DU TALENT,Emb. 0.15 KG,"2,69€","17,93€ / KG",
Azeite Clássico,OLIVEIRA DA SERRA,Emb. 3 LT,"17,98€","5,99€ / LT",
Bolacha,CHIQUILÍN,Emb. 0.175 KG,"1,53€","8,74€ / KG",
PATE DE FIGADO DE AVES C/ VINHO DO PORTO,CÔTÉ TABLE,Emb. 0.18 KG,"1,39€","7,72€ / KG",
Xarope de Menta 0 Açucar,FRUCCI,Garrafa 0.75 LT,"1,99€","2,65€ / LT",
Queijo Meio Gordo o Sabor Português,LES CROISÉS,1 Unid. = 1 KG (aprox.),"8,99€/kg","8,99€ / Unid.",
Safio Congelado,,1 Unid. = 1.5 KG (aprox.),"5,97€/kg","8,96€ / Unid.",
Atum em Posta Azeite,BOM PETISCO,Emb. 0.385 KG,"4,24€","11,01€ / KG",
Café Pastilhas Platinium,DELTA,Emb. 16 UNID.,"3,88€","0,24€ / UNID.",
Spray Limpeza 2em1 Cozinha e Casa de Banho,CLAIR,Spray 0.75 LT,"1,99€","2,65€ / LT",
16 Caps.Café Kaffa Compativeis SG Castanho,KAFFA,Emb. 16 UNID.,"3,19€","0,20€ / UNID.",
DENTIFRICO MENTA BIO,BIONAÏA,Emb. 0 LT,"1,99€",inf€ / LT,
Alcachofra,,1 Unid. = 0.34 KG (aprox.),"4,49€/kg","1,53€ / Unid.",
Espumante Bruto,COMP DO VINHO,Garrafa 0.75 LT,"3,29€","4,39€ / LT",
Água sem Gás Original,VIMEIRO,Emb. 1.5 LT,"0,74€","0,49€ / LT",
Bolachas Crackers Integral,DU BOIS DE LA ROCHE,Emb. 0.5 KG,"3,08€","6,16€ / KG",
Doce de Morango sem Açúcar,ST. DALFOUR,Frasco 0.284 KG,"4,38€","15,42€ / KG",
5 Cereais C/ Cereais Integrais,NESTUM,Emb. 0.25 KG,"2,18€","8,72€ / KG",
Martini Bianco,MARTINI,Garrafa 1 LT,"10,88€","10,88€ / LT",
CARTE DOR CHOCOLATE & AVELÃ,CARTE D'OR,Emb. 1 LT,"2,89€","2,89€ / LT",
Panela de Inox 16cm,,1 UNID.,"4,90€","4,90€ / UNID.",
Chamuças de Carne,,Emb. 4 UNID.,"1,99€","0,50€ / UNID.",
Pães de Leite com Pepitas Chocolate de Leite 10 Unid.,EPI D'OR,Emb. 0.35 KG,"1,99€","5,69€ / KG",
Brioches Redondas com Oepitas Chocolate 12 Unid.,EPI D'OR,Emb. 0.5 KG,"2,99€","5,98€ / KG",
Puré de Tomate Duplo Concentrado,TURINI,Emb. 0.2 KG,"1,19€","5,95€ / KG",
Snacks para Gato de Salmão,CATISFACTIONS,Emb. 0.06 KG,"1,88€","31,33€ / KG",
Difusor Elétrico Ultra Control,AMBIPUR,Emb. 1 UNID.,"2,18€","2,18€ / UNID.",
Espuma Caracóis Naturais,PANTENE,Emb. 0.2 LT,"3,74€","18,70€ / LT",
Whisky Grant's,GRANT'S,Garrafa 0.7 LT,"11,79€","16,84€ / LT",
Espumante Reserva Bruto,RAPOSEIRA,Garrafa 0.75 LT,"8,38€","11,17€ / LT",
PREPARADO PARA LEITE CREME,DÉLISSE,Emb. 0.4 KG,"2,99€","7,48€ / KG",
"Cerveja Tequila 5,9% Vol. 3 Unid.",DESQUILES,Emb. 0.99 LT,"3,39€","3,42€ / LT",
AIRWICK STICKS DELICIAS V,AIRWICK,Emb. 1 UNID.,"7,19€","7,19€ / UNID.",
Cerveja com Álcool 6x33cl,SUPER BOCK,Emb. 1.98 LT,"4,48€","2,26€ / LT",
Feijão Frade,NOTRE JARDIN,Emb. 1 KG,"1,89€","1,89€ / KG",
Alimento Completo para Canários,AVIPAR,Emb. 0.5 KG,"2,59€","5,18€ / KG",
Medidor 1L,ARDENCE,1 UNID.,"2,80€","2,80€ / UNID.",
Doce de Mirtilos Biológico,,Emb. 0.375 KG,"2,65€","7,07€ / KG",
PETIT GATEAU CHOCOLATE 4UN,TROFIC,Emb. 0.5 KG,"2,79€","5,58€ / KG",
Miolo de Caju C/ Sal,MARQUE REPERE,Emb. 0.25 KG,"3,99€","15,96€ / KG",
Jardineira de 3 Legumes,,Emb. 0.4 KG,"0,69€","1,73€ / KG",
Salmão Fumado Noruega,RONDE DES MERS,Emb. 0.14 Kg,"5,99€","42,79€ / Kg",
Recarga Ambientador Spray Mini Citrinos,BIEN AIR,Emb. 1 UNID.,"0,80€","0,80€ / UNID.",
Leite Magro com Coco sem Lactose,MIMOSA,Emb. 1 LT,"1,49€","1,49€ / LT",
PEPITAS DE CHOCOLATE BIO,,Emb. 0.1 KG,"2,39€","23,90€ / KG",
WC Frescura Continua,NEO BLANC,Emb. 2 UNID.,"4,19€","2,10€ / UNID.",
Condicionador Suave Azeite de Moringa Dourada,HERBAL ESSENCES,Emb. 0.4 LT,"5,78€","14,45€ / LT",
Fraldas de Incontinência Plus Tam. G,LINDOR,Emb. 14 UNID.,"16,98€","1,21€ / UNID.",
Tira Nódoas Gel Oxi Action White,VANISH,Emb. 1.7 LT,"12,98€","7,64€ / LT",
Arroz Carolino,BOM SUCESSO,Emb. 1 KG,"1,15€","1,15€ / KG",
Presunto sem Osso,PROBAR,1 Unid. = 1 KG (aprox.),"17,99€/kg","17,99€ / Unid.",
Queijo de Cabra Rústico de Pimentão Saloio,PALHAIS DE PORTUGAL,1 Unid. = 0.25 KG (aprox.),"16,99€/kg","4,25€ / Unid.",
"Inseticida Antimosquitos, Eléctrico Líquido",RAID,Emb. 0.021 LT,"6,98€","332,38€ / LT",
SORVETE TANGERINA,TROFIC,Emb. 1 LT,"1,79€","1,79€ / LT",
Chá de Frutos Vermelhos,TETLEY,Emb. 10 SAQ.,"1,12€","0,11€ / SAQ.",
Creme para Barrar com Avelãs,NUSTIKAO,Emb. 0.4 KG,"1,99€","4,98€ / KG",
Aerossol Lavanda,BRISE,Emb. 0.3 LT,"1,54€","5,13€ / LT",
Manteiga C/ Sal,MIMOSA,Emb. 0.25 KG,"2,28€","9,12€ / KG",
Ervilhas Ultracongeladas,IGLO,Emb. 0.7 KG,"3,98€","5,69€ / KG",
Molho de Tomate com Azeitonas e Manjericão,TURINI,Emb. 0.42 KG,"1,25€","2,98€ / KG",
DESMAQUILHANTE DE OLHOS WATERPROOF BIFASICO,INELL,Emb. 0.15 LT,"2,53€","16,87€ / LT",
Farinha de Milho Flocão,YOKI,Emb. 0.5 KG,"2,88€","5,76€ / KG",
Patê de Sardinha e Cavala,PÊCHE OCÉAN,Emb. 0.088 KG,"0,89€","10,11€ / KG",
Refrigerante S/ Gás Limão,AQUARIUS,Garrafa 1.5 LT,"1,99€","1,33€ / LT",
Hambúrguer Soja 2x80 g,CEM PORCENTO,Emb. 0.16 KG,"2,78€","17,38€ / KG",
Batatas Pré-Fritas em Steak,POM'LISSE,Emb. 1 KG,"1,99€","1,99€ / KG",
Hamburgers de Vaca sem Glúten Ultracongelado,CAPITÃO IGLO,Emb. 0.32 KG,"3,99€","12,47€ / KG",
Espumante de Melão,BAR ROYAL,Garrafa 0.75 LT,"3,98€","5,31€ / LT",
Copo Flute 17cl,EQUIP HOME,1 UNID.,"1,10€","1,10€ / UNID.",
Champanhe Bruto,POL CARSON,Garrafa 0.75 LT,"17,29€","23,05€ / LT",
Chá de Camomila,TETLEY,Emb. 10 UNID.,"0,84€","0,08€ / UNID.",
Café Torrado Expresso Moído,PLANTATION,Emb. 0.25 KG,"1,69€","6,76€ / KG",
"AZEITONA OXIDADA,FRC,210G QAMPO",,0.21 KG,"1,39€","6,62€ / KG",
LAVA TUDO AMONIACAL,CLAIR,Emb. 2 LT,"0,69€","0,35€ / LT",
Faca de Cozinha 9cm,,1 UNID.,"3,10€","3,10€ / UNID.",
Iogurte Magro Pedaços Déli´Light 16x125g,DÉLISSE,Emb. 2 KG,"4,35€","2,18€ / KG",
Néctar de Laranja,UM BONGO,Emb. 1 LT,"1,38€","1,38€ / LT",
Bloco WC Active Effect,SYPHON,Emb. 1 UNID.,"1,38€","1,38€ / UNID.",
Amaciador Extra Suave Cabelos Secos Estragados,NATEIS,Emb. 0.25 LT,"1,06€","4,24€ / LT",
Creme Revitalift Dia,DERMO EXPERTISE,Emb. 0.03 LT,"16,98€","566,00€ / LT",
MAIONESE C/ MOSTARDA DE DIJON TOP DOWN,RUSTICA,Emb. 0.415 KG,"1,89€","4,55€ / KG",
Preservativos Finíssimos,CONTROL,Emb. 12 UNID.,"6,99€","0,58€ / UNID.",
Café Solúvel Descafeinado,NESCAFÉ,Emb. 0.1 KG,"4,38€","43,80€ / KG",
FAIRY MAO NATURALS BERGAMOTA 650ML,,Emb. 0.65 LT,"2,04€","3,14€ / LT",
QUEIJO RALADO 3QJ,LES CROISÉS,Emb. 0.2 KG,"1,99€","9,95€ / KG",
"FRIZE LIMA PEPIN GENGIB,,4x.25L",FRIZE,,"2,68€",/ Unid.,
Ervilhas Primavera Ultracongelado,IGLO,Emb. 0.5 KG,"3,09€","6,18€ / KG",
Queijo Coulommiers,LES CROISÉS,Emb. 0.35 KG,"2,49€","7,11€ / KG",
Néctar Vital Equilíbrio Manga Laranja 3x20cl,COMPAL,Emb. 0.6 LT,"1,58€","2,63€ / LT",
Iogurte Líquido Morango 8 Unid.,YOGGI,Emb. 1.28 KG,"3,94€","3,08€ / KG",
Água sem Gás 6x50cl,SERRA DA ESTRELA,Emb. 3 LT  (aprox.),"1,98€","0,66€ / LT",
Vinho Tinto de Mesa Elopack,CASAL DA EIRA,Emb. 1 LT,"1,68€","1,68€ / LT",
POSTA PESCADA Nº3 PARA FRITAR,ECO+,Emb. 0.8 KG,"4,99€","6,24€ / KG",
Atum Posta Azeite,BOM PETISCO,Emb. 0.2 KG,"2,39€","11,95€ / KG",
Hamburguer de Vaca Ultracongelado,PESCANOVA,Emb. 0.3 KG,"3,98€","13,27€ / KG",
Néctar Clássico Ananás 3x200 ml,COMPAL,Emb. 0.6 LT,"1,38€","2,30€ / LT",
Pensos Diários Slip Maxi,AUSONIA,Emb. 30 UNID.,"1,49€","0,05€ / UNID.",
Conserva de Salsichas Frankfurt 10 Unid.,NOBRE,Lata 0.25 KG,"1,34€","5,36€ / KG",
QUEIJO FRESCO CLASSICO,QUEIJO NA TÁBUA,Emb. 0.125 KG,"1,29€","10,32€ / KG",
Bicarbonato,RUSTICA,Emb. 0.05 KG,"0,49€","9,80€ / KG",
Conserva de Feijão Manteiga Cozido,NOTRE JARDIN,Frasco 0.57 KG,"0,69€","1,21€ / KG",
"ALIMENT BEBE: PURE CENOURAS, ARROZ E ABOBORA BIO +6M 2X200G",BIO VILLAGE BEBE,Emb. 0.4 KG,"2,39€","5,98€ / KG",
Cereais Granola de Aveia Chocolate,FITNESS,Emb. 0.3 KG,"2,79€","9,30€ / KG",
Sementes de Linhaça,MARQUE REPERE,Emb. 0.2 KG,"0,79€","3,95€ / KG",
Bolachas Recheadas Bocaditos Limão,CUÉTARA,Emb. 0.15 KG,"1,51€","10,07€ / KG",
Ice Tea Pêssego,NESTEA,Garrafa 1.5 LT,"1,00€","0,67€ / LT",
Ervilhas e Cenouras Extra Finas,NOTRE JARDIN,Emb. 0.4 KG,"1,29€","3,23€ / KG",
Escova Dentes Extra Interdental Média,AQUAFRESH,Emb. 1 UNID.,"3,18€","3,18€ / UNID.",
DOURADINHOS FRANGO 18UN,CÔTÉ CROC,Emb. 0.4 KG,"3,99€","9,98€ / KG",
Alho C/ Moinho,MARGÃO,Emb. 0.028 KG,"3,98€","142,14€ / KG",
PIMENTA BRANCA MOIDA SAQUETA,RUSTICA,Emb. 0.1 KG,"1,99€","19,90€ / KG",
FIO DENTARIO COM FLUOR E MENTOL,DENTAMYL,Emb. 50 M,"1,25€","0,03€ / M",
Máquinas de Barbear Descartáves Sensor 3 Comfort,GILLETTE,Emb. 5,"7,98€","1,60€ /",
Guardanapos Folha Simples,MARQUE REPERE,Emb. 100 UNID.,"0,69€","0,01€ / UNID.",
MACARONS 12UN,AUTOUR DU DESSERT,Emb. 0.154 KG,"5,65€","36,69€ / KG",
Pão de Forma,EPI D'OR,Emb. 0.5 KG,"0,85€","1,70€ / KG",
Gomas Bananas,COPAÍNS COPINES,Emb. 0.2 KG,"0,99€","4,95€ / KG",
VINAGRE SIDRA PET CRISTAL,CRISTAL,Emb. 0.25 LT,"0,64€","2,56€ / LT",
Bolacha Maria,CUÉTARA,Emb. 0.2 KG,"0,88€","4,40€ / KG",
Conserva de Atum em Posta Natural,PÊCHE OCÉAN,Emb. 0.12 KG,"0,99€","8,25€ / KG",
Tira Nódoas Gel Oxi Action White,VANISH,Emb. 0.9 LT,"7,98€","8,87€ / LT",
Néctar Clássico 100% Maçã,COMPAL,Emb. 0.33 LT,"0,78€","2,36€ / LT",
Bolachas com Cobertura Chocolate Preto,P'TIT DÉLI,Emb. 0.2 KG,"1,09€","5,45€ / KG",
Recheio P/ BOUCHEES A LA REINE,CÔTÉ TABLE,Emb. 4 KG,"1,69€","0,42€ / KG",
Néctar de Tutti Frutti Clássico 3 Unid.,JAFADEN,Emb. 0.6 LT,"0,89€","1,48€ / LT",
Snack Fruut Maçã Vermelho Doce Sem Açúcar 20g,,Emb. 0.02 KG,"0,84€","42,00€ / KG",
Refrigerante C/ Gás Limão,ECO+,Emb. 2 LT,"0,79€","0,40€ / LT",
Choco com Tinta,,1 Unid. = 0.6 KG (aprox.),"13,90€/kg","8,34€ / Unid.",
Red Fish Grande Congelado,,1 Unid. = 0.5 KG (aprox.),"4,99€/kg","2,50€ / Unid.",
Alimento Seco P/ Cão -10Kg Frango e Arroz,PURINA,Emb. 3 KG,"15,98€","5,33€ / KG",
Guardanapos 2 Folhas,MARQUE REPERE,Emb. 100 UNID.,"1,29€","0,01€ / UNID.",
Noz C/ Casca,MARQUE REPERE,Emb. 0.5 KG,"3,19€","6,38€ / KG",
Bolachas Maria 74% de Cereais,TRIUNFO,Emb. 0.2 KG,"1,08€","5,40€ / KG",
Cerveja com Álcool Mini 20x25cl,SAGRES,Emb. 5 LT,"8,99€","1,80€ / LT",
Bolo Chantilly com Fruta,,1 Unid. = 1 KG (aprox.),"13,99€/kg","13,99€ / Unid.",
Proteção Contra o Calcário e a Sujidade,CALGON,Emb. 1.5 LT,"11,99€","7,99€ / LT",
Champô Cabelo Ultra Suave Óleo de Abacate e Manteiga de Carité,GARNIER,Emb. 0.4 LT,"5,58€","13,95€ / LT",
Pensos Higiénicos Ultra Finos,ECO+,,"0,95€",/ Unid.,
Spray Ultra Desembaraçante,CORINE DE FARME,Emb. 0.15 LT,"1,99€","13,27€ / LT",
Vinho Branco A.O.C. MONBAZILLAC 14,TERRASSES D'AUTAN,Garrafa 0.75 CL,"5,99€","7,99€ / CL",
Cerveja com Álcool Abadia 6x33cl,SUPER BOCK,Emb. 1.98 LT,"4,49€","2,27€ / LT",
Sumo de Laranja 3x20 cl,UM BONGO,Emb. 0.6 LT,"1,38€","2,30€ / LT",
Tirones Verdinhos,,1 Unid. = 0.06 KG (aprox.),"2,99€/kg","0,18€ / Unid.",
Pato Inteiro,,1 Unid. = 2.15 KG (aprox.),"4,89€/kg","10,51€ / Unid.",
Bloco Sanitário 3 em 1 Atlantic,DOMESTOS,Emb. 0.04 KG,"1,19€","29,75€ / KG",
Iogurte Cereais e Baunilha 4 Unid.,IOGOLINO,Emb. 0.4 KG,"2,88€","7,20€ / KG",
PASTILHAS PARA MAQUINA LAVA LOICA TUDO EM 1,UNÍ VERT,Emb. 30 UNID.,"2,99€","0,10€ / UNID.",
Ambientador com Recarga White Bouquet,AIRWICK,Emb. 0.25 LT,"7,19€","28,76€ / LT",
Tabuleiro de Vidro Retangular 39x24cm,ARDENCE,1 UNID.,"6,99€","6,99€ / UNID.",
Snacks Bugles 3D,3D'S BUGLES,Emb. 0.085 KG,"1,64€","19,29€ / KG",
Aditivo para Roupa Gel Anti-Calcário 2 em1,CALGON,Emb. 0.75 LT,"6,99€","9,32€ / LT",
Amendoim C/ Casca Torrado,MARQUE REPERE,Emb. 0.2 KG,"0,99€","4,95€ / KG",
Ervilhas e Cenouras Muito Finas,NOTRE JARDIN,Emb. 0.4 KG,"1,29€","3,23€ / KG",
Pimento Vermelho,,1 Unid. = 0.21 KG (aprox.),"1,99€/kg","0,42€ / Unid.",
Brioche Fatiado,EPI D'OR,Emb. 0.5 KG,"2,59€","5,18€ / KG",
Conserva Cassoulet de Porco,CÔTÉ TABLE,Lata 0.84 KG,"2,54€","3,02€ / KG",
Asas de Frango do Campo Embalado,,1 Unid. = 0.8 KG (aprox.),"2,75€/kg","2,20€ / Unid.",
Óleo Alimentar,VAQUEIRO,Emb. 3 LT,"12,98€","4,33€ / LT",
Chá Green Framboesa Romã,LIPTON,Emb. 20 SAQ.,"1,49€","0,07€ / SAQ.",
Café Lote Clássico Grão,SICAL,Emb. 1 KG,"13,98€","13,98€ / KG",
Tablete Excellence 99% Cacau,LINDT,Emb. 0.05 KG,"3,58€","71,60€ / KG",
Lixívia em Gel Original,DOMESTOS,Emb. 0.75 Lt,"1,79€","2,39€ / Lt",
Detergente Loiça Máquina Pastilhas,,Emb. 50 PAST.,"2,69€","0,05€ / PAST.",
Chouriço C/ Feijão Branco,NOBRE,Emb. 0.42 KG,"1,76€","4,19€ / KG",
Chá de Limão,LIPTON,Emb. 20 SAQ.,"1,74€","0,09€ / SAQ.",
Água Mineral Natural,PENACOVA,Garrafão 5 LT,"0,87€","0,17€ / LT",
Bolachas de Água e Sal,VIEIRA,Emb. 12  UNID.,"2,54€","0,21€ /  UNID.",
ALHEIRA C/LEITAO 200GR - ENCHIDOS DE LAMEGO,TERRAS DO DEMO,,"1,69€",/ Unid.,
Alheira,TERRAS DO DEMO,Emb. 0.2 KG,"1,24€","6,20€ / KG",
Alimento Húmido P/ Gato Mixed Grill,FELIX,Emb. 0.06 KG,"1,88€","31,33€ / KG",
Alimento P/ Gato Adulto P/Saúde do Trato Urinário,PURINA ONE,Emb. 0.8,"6,98€","8,73€ /",
Cuecas Incontinência Boutique L,AUSONIA,Emb. 8 UNID.,"11,98€","1,50€ / UNID.",
Whisky 12 Anos,CHIVAS REGAL,Garrafa 0.7 LT,"30,98€","44,26€ / LT",
Rum de Coco,MALIBU,Garrafa 0.7 LT,"15,59€","22,27€ / LT",
Vinho Tinto,LAGAR DAS PIAS,Bag in Box 5 LT,"7,48€","1,50€ / LT",
Queijo Petit Brie,LES CROISÉS,Emb. 0.5 KG,"4,29€","8,58€ / KG",
Água sem Gás Frutos Vermelhos,LUSO FRUTA,Garrafa 0.5 LT,"0,79€","1,58€ / LT",
GELADO BAUNILHA / CARAMELO,ESKISS,Emb. 1 LT,"2,69€","2,69€ / LT",
Queijo Fatiado -50% Gordura 2X200 g,LIMIANO,Emb. 0.4 KG,"4,59€","11,48€ / KG",
Fraldas Bebé T5 ACTIV+ 11/25 Kg,MOTS D'ENFANTS,Emb. 35 UNID.,"7,89€","0,23€ / UNID.",
Ambientador Eléctrico Recarga I Love You,GLADE,Emb. 0.02 LT,"3,59€","179,50€ / LT",
Perna de Frango do Campo Embalado,,1 Unid. = 1 KG  (aprox.),"4,39€/kg","4,39€ / Unid.",
Conserva Macedónia de Legumes,NOTRE JARDIN,Lata 0.4 KG,"0,89€","2,23€ / KG",
DETERGENTE EM GEL CONCENTRADO TUDO EM 1 MAQUINA LOICA 45 LAVAGENS,VISIOR,Emb. 0.9 LT,"4,69€","5,21€ / LT",
Café Delta Moido Saco Chavena Torrado,DELTA,Emb. 0.25 KG,"2,29€","9,16€ / KG",
Conjunto Borracha Mista,ESQUISSE,,"0,55€",/ Unid.,
Nata com Cogumelos,PARMALAT,Emb. 0.2 KG,"1,26€","6,30€ / KG",
MOUSSE DE MANGA CONDI 80G,CONDI,Emb. 0.8 KG,"1,34€","1,68€ / KG",
Creme de Dia Nutritivo Pele Seca Sensível,NIVEA,Emb. 0.05 LT,"5,98€","119,60€ / LT",
Manteiga c/sal 250 Gr Valformoso,VALFORMOSO,Emb. 0.25 KG,"2,29€","9,16€ / KG",
MIOLO DE AMEIJOA ZEBRA,PÊCHE OCÉAN,Emb. 0.25 KG,"2,75€","11,00€ / KG",
Loção P/ Corpo Nutritiva 48h para Pele Seca a Muito Seca,NIVEA BODY,Emb. 0.25 LT,"3,54€","14,16€ / LT",
AUSONIA DISCREET BOUTIQUE NORMAL,AUSONIA,Emb. 10 UNID.,"2,99€","0,30€ / UNID.",
Carapau Pequeno,,1 Unid. = 0.12 KG (aprox.),"4,98€/kg","0,60€ / Unid.",
Pimenta Preta Moída,RUSTICA,Emb. 0.05 KG,"0,89€","17,80€ / KG",
Sumo 100% 3 Citrinos,JAFADEN,Emb. 1 LT,"1,76€","1,76€ / LT",
BANZAI NOODLE GALINHA CIGALA,CIGALA,Emb. 0.067 KG,"1,18€","17,61€ / KG",
Bebida de Soja Chocolate,NAT&VIE,Emb. 1 LT,"1,09€","1,09€ / LT",
Cogumelos Laminados,ECO+,Emb. 0.23 KG,"0,86€","3,74€ / KG",
Desodorizante Stick,DOVE,Emb. 0.04 LT,"2,84€","71,00€ / LT",
Abóbora Cortada,,Emb. 0.45 KG,"0,99€","2,20€ / KG",
Fatias Fiambre da Perna Extra,NOBRE,Emb. 0.12 KG,"2,69€","22,42€ / KG",
Kit Roll-on Elétrico Cera Pernas e Corpo,VEET,Emb. 0.05 LT,"6,99€","139,80€ / LT",
Cone Baunilha 8x120ml,ECO+,Emb. 8 UNID.,"2,19€","0,27€ / UNID.",
Mini Frigideira 16cm Grilo,,1 UNID.,"2,95€","2,95€ / UNID.",
Cassoulet C/ Salsichas de Toulouse,CÔTÉ TABLE,Emb. 0.84 KG,"2,99€","3,56€ / KG",
DROPS BOLAS DE NEVE M.GUIA,COPAÍNS COPINES,Emb. 0.25 KG,"0,99€","3,96€ / KG",
Bacalhau Crescido Asa Branca,,1 Unid. = 1.6 KG (aprox.),"12,29€/kg","19,66€ / Unid.",
Queijo de Vaca Amanteigado 5 Estrelas,LACTO SERRA,1 Unid. = 1 KG (aprox.),"9,99€/kg","9,99€ / Unid.",
Biscoitos com Pepitas de Chocolate Preto Biológico,,Emb. 0.14 KG,"2,09€","14,93€ / KG",
Aletria,MILANEZA,Emb. 0.5 KG,"1,19€","2,38€ / KG",
Raia Posta,,1 Unid. = 0.53 KG (aprox.),"8,48€/kg","4,49€ / Unid.",
Tarama Natural,RONDE DES MERS,Emb. 0.1 KG,"1,09€","10,90€ / KG",
Vodka Blue,ABSOLUT,Garrafa 0.7 LT,"17,98€","25,69€ / LT",
Vinho Regional Tejo Tinto Reserva,CABEÇA DE TOIRO,Garrafa 0.75 LT,"5,49€","7,32€ / LT",
Pipocas Pop Corn 3x90g,TOKAPI,Emb. 0.27 KG,"1,08€","4,00€ / KG",
AMBIENTADOR GEL MARINHO,BIEN AIR,Emb. 0.15 KG,"0,89€","5,93€ / KG",
Alimento Húmido Gatinhos de Coelho Vaca Aves 4x400g,LYCAT,Emb. 4 UNID.,"3,99€","1,00€ / UNID.",
CREME DESCOLORANTE ROSTO/CORPO 2UN,SILISS,Emb. 0.1,"3,19€","31,90€ /",
Salsichas de Aves 8 Unidades,IZIDORO,Lata 0.2 KG,"1,19€","5,95€ / KG",
Alimento Húmido Cão Borrego e Galinha,PEDIGREE,Emb. 0.3 KG,"1,71€","5,70€ / KG",
Batatas Fritas 6x30 gr,ECO+,Emb. 0.18 KG,"1,39€","7,72€ / KG",
Cesto de Roupa 47L Turquoise,SILLAGE,1 UNID.,"7,99€","7,99€ / UNID.",
Lava Tudo Spray Optimal 7 Cozinha,AJAX,Emb. 1 LT,"3,48€","3,48€ / LT",
Massa Espirais Tricolores,MILANEZA,Emb. 0.5 KG,"1,94€","3,88€ / KG",
Massa Vinha D\'Alho,RUSTICA,Frasco 0.2 KG,"0,75€","3,75€ / KG",
Molho de Tomate com Cogumelos,TURINI,Frasco 0.42 KG,"1,39€","3,31€ / KG",
CONE NATA MORANGO 6UN,SMICY,Emb. 0.12 LT,"1,79€","14,92€ / LT",
"Alimento Completo para Canários, Pintassilgo e outros granívoros",OVARPAGO,Emb. 0.2 KG,"1,59€","7,95€ / KG",
Vinho Regional Península de Setúbal Branco Seco,B.S.E,Garrafa 0.75 LT,"2,99€","3,99€ / LT",
Escova de Dentes Extra Interdental Suave,AQUAFRESH,Emb. 1 UNID.,"3,19€","3,19€ / UNID.",
Fraldas Cueca Maxi M,LINDOR,Emb. 14 UNID.,"16,82€","1,20€ / UNID.",
Salsicha Peru,NOBRE,Emb. 0.16 KG,"1,39€","8,69€ / KG",
Anti-Projeções de Inox 33cm,ARDENCE,1 UNID.,"2,50€","2,50€ / UNID.",
FRALDA INCONTINENCIA MEDIA,CHORYS,Emb. 20 UNID.,"7,69€","0,38€ / UNID.",
Película Aderente Flexível e Extra Aderente,VILEDA,Emb. 25 MT,"2,64€","0,11€ / MT",
Amêndoas e Avelãs Torradas Trituradas e Caramelizadas,TABLIER BLANC,Emb. 0.1 KG,"1,99€","19,90€ / KG",
Nabiça,,1 Unid. = 0.79 KG (aprox.),"1,99€/kg","1,57€ / Unid.",
Queijo Parmigiano Reggiano,LES CROISÉS,Emb. 0.2 KG,"4,49€","22,45€ / KG",
Bolachas com Cobertura Chocolate de Leite,P'TIT DÉLI,Emb. 0.2 KG,"1,09€","5,45€ / KG",
Caldo Verde,,Emb. 0.15 KG,"0,99€","6,60€ / KG",
PREPARADO P/ ARROZ MARISCO,PÊCHE OCÉAN,Emb. 0.4 KG,"3,50€","8,75€ / KG",
Massa Macarrão,ECO+,Emb. 0.5 KG,"0,65€","1,30€ / KG",
Vinho Frisante Rosé,PLEXUS,Garrafa 0.75 LT,"2,19€","2,92€ / LT",
Néctar Light Manga e Laranja,COMPAL,Emb. 1 LT,"1,58€","1,58€ / LT",
Ambientador Vela Baunilha,AIRWICK,Emb. 2 UNID.,"5,69€","2,85€ / UNID.",
Fermento em Pó 6Unid.,TABLIER BLANC,Emb. 0.066 KG,"0,79€","11,97€ / KG",
Bolachas Enroladas Cobertas de Chocolate Preto,P'TIT DÉLI,Emb. 0.125 KG,"1,49€","11,92€ / KG",
Bolachas Areadas de Manteiga Pura com Coco e Recheadas,P'TIT DÉLI,Emb. 0.1 KG,"1,49€","14,90€ / KG",
Lombo de Atum Descongelado,,1 Unid. = 0.25 KG (aprox.),"13,90€/kg","3,48€ / Unid.",
Iogurte Natural com Açúcar de Cana 4x125g,DÉLISSE,Emb. 0.5 KG,"0,75€","1,50€ / KG",
Pão de Forma Rústico,EPI D'OR,Emb. 0.6 KG,"1,39€","2,32€ / KG",
Massa Pevides,TURINI,Emb. 0.25 KG,"0,55€","2,20€ / KG",
SAL REGENERADOR,VISIOR,Emb. 2 KG,"0,79€","0,40€ / KG",
LINGUICA PICANTE,CAMPO FINO,Emb. 0.15 KG,"1,49€","9,93€ / KG",
Recarga Pure Flor Cerejeira,AIRWICK,Emb. 1 UNID.,"3,59€","3,59€ / UNID.",
Forma de Vidro Tarte 27cm,ARDENCE,1 UNID.,"3,99€","3,99€ / UNID.",
Pá do Lixo c/ Espanador,,Emb. 1 UNID.,"2,00€","2,00€ / UNID.",
Desodorizante Deo Spray Bio-Eficácia 48H Narta,GARNIER,Emb. 0.2 LT,"4,28€","21,40€ / LT",
Café Torrado Moído África Ásia e Brasil Moagem Fina,SICAL,Emb. 0.25 KG,"2,39€","9,56€ / KG",
Xarope de Frutos Silvestres 0 Açucar,FRUCCI,Garrafa 0.75 LT,"2,32€","3,09€ / LT",
Chá Baunilha e Caramelo,LIPTON,Emb. 20 SAQ.,"1,74€","0,09€ / SAQ.",
Café Solúvel Qualité Filtre,PLANTATION,Frasco 0.1 KG,"1,83€","18,30€ / KG",
Salmão do Atlântico Fumado,ECO+,Emb. 0.2 KG,"5,49€","27,45€ / KG",
Preparado Sopa Creme de Marisco,KNORR,Emb. 0.075 KG,"1,49€","19,87€ / KG",
Vinho Regional Alentejano Tinto,PIPA DOURADA,Garrafa 0.75 LT,"6,99€","9,32€ / LT",
PALITOS TORCIDOS C/ COB CHOCOLATE PRETO,P'TIT DÉLI,Emb. 0.09 KG,"1,49€","16,56€ / KG",
Faca de Carne 10cm,PRADEL,1 UNID.,"4,95€","4,95€ / UNID.",
Café Solúvel,DELTA,Emb. 0.02 KG,"1,13€","56,50€ / KG",
Mini Tostas,EPI D'OR,Emb. 0.35 KG,"1,99€","5,69€ / KG",
Abrótea Inteira Cal. 1000/1500 Congelado,,1 Unid. = 1.2 KG (aprox.),"4,99€/kg","5,99€ / Unid.",
Chipicao Croissant Multipack Creme de Cacau,CHIPICAO,Emb. 0.25 KG,"3,08€","12,32€ / KG",
Cogumelos de Paris Laminados Ultracongelado,NOTRE JARDIN,Emb. 1 KG,"2,29€","2,29€ / KG",
Barrinhas de Chocolate T-16,KINDER,Emb. 0.2 KG,"3,18€","15,90€ / KG",
Favas Congeladas,NOTRE JARDIN,Emb. 1 KG,"2,69€","2,69€ / KG",
Recarga Freshmatic White Bouquet,AIR WICK,Spray 0.26 KG,"3,59€","13,81€ / KG",
Desodorizante Invisimax Spray Homem,NARTA,Emb. 0.2 LT,"4,28€","21,40€ / LT",
Saladeira Vidro 26cm,,1 P,"2,90€","2,90€ / P",
Conserva de Feijão Manteiga,COMPAL,Lata 0.845 KG,"1,59€","1,88€ / KG",
PAIO YORK FATIADO,CAMPO FINO,Emb. 0.15 KG,"1,89€","12,60€ / KG",
Fraldas Bebé Extra Absorção Activity Tamanho 3,DODOT,Emb. 60 UNID.,"13,29€","0,22€ / UNID.",
Chipicao Mini Croissant Pack Creme de Cacau,CHIPICAO,Emb. 0.199 KG,"2,08€","10,45€ / KG",
Aromatizante Máquina Loiça Limão,SUN,Emb. 1 UNID.,"2,24€","2,24€ / UNID.",
Farinheira Porco Preto,SNR,Emb. 0.15,"1,79€","11,93€ /",
Molho Napolitano,TURINI,Emb. 0.42 KG,"1,34€","3,19€ / KG",
Conserva de Atum em Óleo Vegetal,GENERAL,Emb. 0.11 KG,"0,99€","9,00€ / KG",
Pastéis de Bacalhau,,Emb. 12 KG,"2,19€","0,18€ / KG",
Farinha de Trigo Biológica,,Emb. 1 KG,"1,39€","1,39€ / KG",
Salsichão Seco,ST AZAY,Emb. 0.3 KG,"4,29€","14,30€ / KG",
Papa Infantil de Maçã,CERELAC,Emb. 0.25 KG,"2,39€","9,56€ / KG",
Marcadores Ponta Fina,ESQUISSE,Emb. 4 UNID.,"2,49€","0,62€ / UNID.",
Dentífrico Dentes Leite,AQUAFRESH,Emb. 0.05 LT,"2,88€","57,60€ / LT",
Elixir Dentes&Gengivas,LISTERINE,Emb. 1 UNID.,"5,98€","5,98€ / UNID.",
Queijo Fundido Light 8 Porções,A VACA QUE RI,Emb. 0.14 KG,"2,08€","14,86€ / KG",
Pão de Forma Especial Fatiado Isento de Glúten,CHAQUE JOUR SANS GLUTEN,Emb. 0.3 KG,"2,79€","9,30€ / KG",
Iogurte Líquido Corpos Morango Kiwi 4x155g,DANONE,Emb. 0.62 KG,"1,69€","2,73€ / KG",
DENTIFRICO SABOR MORANGO EM GEL JUNIOR 7-13 ANOS,DENTAMYL,Emb. 0.075 LT,"0,99€","13,20€ / LT",
Frango à Provençal C/ Ervas Aromáticas,MAGGI,Emb. 0.028 KG,"0,74€","26,43€ / KG",
Cuecas Incontinência Boutique M,AUSONIA,Emb. 9 UNID.,"11,98€","1,33€ / UNID.",
Luvas para Uso Doméstico Tamanho S,RENOVA LUVAS,Emb. 1 UNID.,"1,08€","1,08€ / UNID.",
AREIA VEGETAL 10L P'TIT AMI,TOUS MES AMIS,Emb. 10 LT,"3,59€","0,36€ / LT",
BOUIL.POT AU FEU DESH,RUSTICA,Emb. 0.12 KG,"0,79€","6,58€ / KG",
Bolacha Cream Crackers Estilo Inglês,CUÉTARA,Emb. 0.2 KG,"0,98€","4,90€ / KG",
Café Torrado Grão,PLANTATION,Emb. 1 KG,"5,69€","5,69€ / KG",
COLORAÇÃO PERMANENTE CASTANHO VIOLINO 4.6,BELLADY,Emb. 1 UNID.,"9,98€","9,98€ / UNID.",
Nuggets Grelhadinhos 8 Unid.,CAPITÃO IGLO,Emb. 0.204 KG,"5,98€","29,31€ / KG",
Cereais Frosties,KELLOGG'S,Emb. 0.375 KG,"2,29€","6,11€ / KG",
Bolachas Cream Cracker,VIEIRA,Emb. 0.18 KG,"1,43€","7,94€ / KG",
Sobremesa Creme de Chocolate 4x125g,DÉLISSE,Emb. 0.5 KG,"1,59€","3,18€ / KG",
Filetes de Anchovas em Óleo Vegetal,RAMIREZ,Emb. 0.04 KG,"1,34€","33,50€ / KG",
QUEIJO FLAMENGO FATIADO,QUEIJO NA TÁBUA,Emb. 0.275 KG,"2,20€","8,00€ / KG",
Queijo Flamengo Barra,,1 Unid. = 0.25 KG (aprox.),"5,59€/kg","1,40€ / Unid.",
DETERGENTE MANUAL LOICA FRUTOS VERMELHOS/FLORES 750ML,VISIOR,Emb. 0.75 LT,"0,97€","1,29€ / LT",
IOGURTE BIFIDUS BAUNILHA 12X125G DELISSE,DÉLISSE,Emb. 1.5 KG,"2,59€","1,73€ / KG",
Snacks para Gatos Anti-Bolas de Pêlo,WHISKAS,Emb. 0.48 KG,"2,18€","4,54€ / KG",
FILETES DE CAVALA C/ MOSTARDA A L'ANCIENNE,PÊCHE OCÉAN,Emb. 0.169,"1,79€","10,59€ /",
Vinho Regional Tejo Branco,PLEXUS,Garrafa 0.75 LT,"2,19€","2,92€ / LT",
Arroz Carolino,LOURO,Emb. 1 KG,"1,09€","1,09€ / KG",
Lombo Salmão,,1 Unid. = 0.25 KG (aprox.),"12,98€/kg","3,25€ / Unid.",
Pêssego Amarelo,,1 Unid. = 0.17 KG (aprox.),"2,99€/kg","0,51€ / Unid.",
Vinho Branco,DA PIPA,Garrafa 0.75 LT,"1,49€","1,99€ / LT",
Alimento Seco para Cão Carne e Cereais Integrais,ECO+,Emb. 4 KG,"4,69€","1,17€ / KG",
B&J Chocolate Fudge Brownie 465ml,,Emb. 0.465 LT,"6,78€","14,58€ / LT",
Chá Lúcia Lima,TETLEY,Emb. 10 SAQ.,"0,86€","0,09€ / SAQ.",
Champô Cabelos Normais Fructis Força e Brilho,GARNIER,Emb. 0.25 LT,"3,98€","15,92€ / LT",
Pó Sabão Natural,SKIP,Emb. 100 DOSES,"14,99€","0,15€ / DOSES",
Cereais Mel Zero,NESTUM,Emb. 0.25 KG,"2,18€","8,72€ / KG",
LACA FIXACAO FORTE STYLING 300ML,VITANOVE,Emb. 300 LT,"1,95€","0,01€ / LT",
Cereais Integrais com Mel Biológicos,CHEERIOS,Emb. 0.33,"2,99€","9,06€ /",
Azeite Virgem Extra Seleção,SERRATA,Garrafa 0.75 LT,"3,99€","5,32€ / LT",
Vinho do Porto Tawny,PORTO CRUZ,Garrafa 0.75 LT,"4,99€","6,65€ / LT",
FRALDAS BEBE T4 DOUCEUR 7/18 KG 74UN,MOTS D'ENFANTS,Emb. 74 UNID.,"13,27€","0,18€ / UNID.",
Gliss Liso Asiático Condicionador para Cabelo Firsado e Rebelde com Essências de Bamboo e Orquídia,GLISS,Emb. 0.2 LT,"4,98€","24,90€ / LT",
Croquetes de Carne,,Emb. 8   UNID.,"1,39€","0,17€ /   UNID.",
Pepinos Pasteurizados Agridoces 670g,RUSTICA,Frasco 0.36 KG,"1,69€","4,69€ / KG",
1ª Papa Láctea Cerelac Multifrutos Sem Glúten,NESTLÉ,Emb. 0.25 KG,"2,79€","11,16€ / KG",
Erdinger Cerveja da Alemanha Weissbier,ERDINGER,Emb. 0.5 LT,"2,29€","4,58€ / LT",
Cortadores de Metal,BIRAMBEAU,Emb. 6 UNID.,"2,90€","0,48€ / UNID.",
Snack P/ Cão Sticks C/ Aroma a Búfalo,PURINA,Emb. 0.09 KG,"1,98€","22,00€ / KG",
Pantene Repara & Protege Champô,,Emb. 0.1 LT,"9,98€","99,80€ / LT",
Desodorizante Invisible Spray,REXONA,Emb. 0.15 LT,"2,54€","16,93€ / LT",
Refrigerante S/ Gás Limão,ECO+,Emb. 2 LT,"0,79€","0,40€ / LT",
Vinho do Porto Tawny,DORRÃO,Garrafa 0.75 LT,"4,29€","5,72€ / LT",
Gel de Barbear Ultra Sensível,GILLETTE,Emb. 0.25 LT,"3,98€","15,92€ / LT",
Atum Posta Pimenta&Ervas Finas,BOM PETISCO,Emb. 0.12 KG,"1,56€","13,00€ / KG",
Queijo Bola Pequenina,LIMIANO,Emb. 0.6 KG,"5,88€","9,80€ / KG",
Conserva de Salsichas 8 Unid.,ECO+,Lata 0.2 KG,"0,75€","3,75€ / KG",
Fiambre da Perna Extra,CHARCUTARIA,1 Unid. = 0.12 KG (aprox.),"4,78€/kg","0,57€ / Unid.",
Sobremesa Creme Chocolate Mix 'n Croc,DÉLISSE,Emb. 0.468 KG,"1,99€","4,25€ / KG",
Queijo Curado de Ovelha,OURO DO PASTOR,1 Unid. = 1 KG (aprox.),"14,39€/kg","14,39€ / Unid.",
Rosette de Porco,,Emb. 0.15 KG,"1,59€","10,60€ / KG",
Barras de Cereais Special K Chocolate de Leite,SPECIAL K,Emb. 0.125 KG,"3,78€","30,24€ / KG",
Leite P/ Lactentes 1,NAN,Emb. 0.8 KG,"16,58€","20,73€ / KG",
AUSONIA AIRDRY NORMAL ABAS 38,AUSONIA,Emb. 38 UNID.,"4,24€","0,11€ / UNID.",
Maionese,RUSTICA,Emb. 0.225 LT,"0,99€","4,40€ / LT",
Desodorizante Spray Pêssego E Limão 0%Alumínio,DOVE,Emb. 0.15 LT,"2,84€","18,93€ / LT",
BATATAS SALTEADAS OLEO GIRASSOL,POM'LISSE,Emb. 1 KG,"2,25€","2,25€ / KG",
Bebida de Aveia,ALPRO SOYA,Emb. 1 LT,"2,38€","2,38€ / LT",
Tosta Rica Cacau,CUÉTARA,Emb. 0.57 KG,"3,88€","6,81€ / KG",
Pantene Fixação Flexível Laca 300ml,PANTENE PV,Spray 0.3 LT,"3,74€","12,47€ / LT",
Queijo Mascarpone,LES CROISÉS,Emb. 0.25 KG,"1,49€","5,96€ / KG",
Pantene Caracóis Definidos Espuma 200ml,PANTENE PV,Emb. 0.2 LT,"3,74€","18,70€ / LT",
16 Caps.Café Kaffa Compativeis SG Decaf,KAFFA,Emb. 16 UNID.,"3,19€","0,20€ / UNID.",
Cogumelo Branco Laminado,,Emb. 0.3 KG,"1,98€","6,60€ / KG",
Vinho Branco,ECO+,Garrafão 5 LT,"5,69€","1,14€ / LT",
Nata com 3 Queijos,PARMALAT,Emb. 0.2 LT,"1,26€","6,30€ / LT",
MACEDONIA DE LEGUMES 1/4X3 3X200G,NOTRE JARDIN,Emb. 0.6 KG,"1,79€","2,98€ / KG",
Queijo Bola Flamengo,PAIVA,Emb. 1.4 KG (aprox.),"8,99€/kg","12,59€ / Unid.",
FAIRY MAO ULTRA PODER ORIGINAL 1015ML,,Emb. 1.015 LT,"3,78€","3,72€ / LT",
Lixívia Densa+ Harmonias Florais,NEOBLANC,Emb. 2 LT,"2,58€","1,29€ / LT",
Água S/ Gás Mineral,,Garrafa 1.5 LT,"0,30€","0,20€ / LT",
Coelho Inteiro,,1 Unid. = 1.5 KG (aprox.),"6,99€/kg","10,49€ / Unid.",
ÁGUA C/ GÁS CARVALHELHOS 6X50CL,CARVALHELHOS,,"2,63€",/ Unid.,
Bolachas com Cobertura Chocolate e Avelãs,P'TIT DÉLI,Emb. 0.12 KG,"1,45€","12,08€ / KG",
RECARGA ESFREGONA UNIVERSAL,VILEDA,,"2,48€",/ Unid.,
Vinagre de Vinho Tinto,RUSTICA,Garrafa 0.5 LT,"0,49€","0,98€ / LT",
Leite Bem Essencial UHT Magro,MIMOSA,Emb. 1 LT,"0,95€","0,95€ / LT",
Água sem Gás Goiaba e Toranja,LUSO FRUTA,Garrafa 1 LT,"1,27€","1,27€ / LT",
Iogurte de Aromas Frutas 24x50g,DÉLISSE,Emb. 1.2 KG,"2,99€","2,49€ / KG",
Doce de Laranja Baixo Teor de Açúcar,DOUCEUR DU VERGER,Frasco 0.34 KG,"0,99€","2,91€ / KG",
Mini Chorizo 3 Unid.,ST AZAY,Emb. 0.15 KG,"1,99€","13,27€ / KG",
Alimento Húmido P/ Gato Sopa Vários Sabores,PURINA,Emb. 0.16 KG,"2,59€","16,19€ / KG",
Salsichas Coktail,,Emb. 0.4 KG,"2,99€","7,48€ / KG",
Ambientador Pure Flor de Cereja da Ásia,AIRWICK,Emb. 0.25 LT,"4,19€","16,76€ / LT",
Rolo Cozinha 2 Folhas,MARQUE REPERE,Emb. 4 UNID.,"1,99€","0,50€ / UNID.",
Feijocas 3X200G,NOTRE JARDIN,Emb. 0.6 KG,"1,79€","2,98€ / KG",
"AMACIADOR  ROUPA  ESSÊNCIA TALCO  1,5LT",CHICCO,,"5,84€",/ Unid.,
Areia P/ Gato,PURINA,Emb. 5 LT,"8,48€","1,70€ / LT",
Cereais Bolas de Milho com Mel,,Emb. 0.75 KG,"2,75€","3,67€ / KG",
Marmelada Extra,,Emb. 0.45 KG,"1,09€","2,42€ / KG",
Barquette Morango,LULU,Emb. 0.12 KG,"1,98€","16,50€ / KG",
SACOS LIXO FECHO FACIL 100L,ELEMBAL,Emb. 10 UNID.,"1,59€","0,16€ / UNID.",
Fraldas Bebé T4 ACTIV+ 7/18 Kg,MOTS D'ENFANTS,Emb. 39 UNID.,"7,89€","0,20€ / UNID.",
Refrigerante C/ Gás Cola Clear,JEAN'S,Emb. 1 LT,"1,25€","1,25€ / LT",
Iogurte Cremoso Natural com Leite Gordo Bio 4x125,,Emb. 0.5 KG,"1,29€","2,58€ / KG",
Maionese Verdadeira,HELLMANN'S,Emb. 0.208 KG,"2,18€","10,48€ / KG",
Queijo Saint Albray,SAINT ALBRAY,1 Unid. = 0.25 KG (aprox.),"20,99€/kg","5,25€ / Unid.",
Refrigerante C/ Gás  Zero Açúcar Vidro Pack 4,COCA COLA ZERO,Emb. 0.08 LT,"2,75€","34,38€ / LT",
Chá Verde e Limão,PLENO,Garrafa 1.5 LT,"1,49€","0,99€ / LT",
Panquecas -50% Açúcares 6x2 Unid.,MANHÃZITOS,Emb. 0.21 KG,"2,68€","12,76€ / KG",
Cerveja sem Álcool 6X33cl,CHEERS,Emb. 1.98 LT,"3,24€","1,64€ / LT",
Conserva de Azeitona Verde Descaroçada,RUSTICA,Emb. 0.48 KG,"1,99€","4,15€ / KG",
Creme Fixativo para Próteses Dentárias,POLIDENT,Emb. 0.04 KG,"6,98€","174,50€ / KG",
Escova Extra Interdental,AQUAFRESH,Emb. 2 UNID.,"3,18€","1,59€ / UNID.",
Massa Argolinhas Clássica,NACIONAL,Emb. 0.25 KG,"0,84€","3,36€ / KG",
PEITO DE PERU FATIADO,CAMPO FINO,Emb. 0.2 KG,"1,99€","9,95€ / KG",
AZEITONAS INTEIRAS PRETAS A GREGA,RUSTICA,Emb. 0.25 KG,"1,40€","5,60€ / KG",
Creme Anti-Rugas Cuidado Noite,DERMO EXPERTISE,Emb. 0.05 LT,"14,98€","299,60€ / LT",
DELICIAS DO MAR,PÊCHE OCÉAN,Emb. 0.25 KG,"0,99€","3,96€ / KG",
Vinho do Porto Ruby,DORRÃO,Garrafa 0.75 LT,"4,29€","5,72€ / LT",
ALIMENT BEBE: PURE CENOURAS BIO +4M 2X120G,BIO VILLAGE BEBE,Emb. 0.24 KG,"1,35€","5,63€ / KG",
ALIMENT BEBE: PURE LEGUMES VERDES MASSA PERU BIO +8M 2X200G,BIO VILLAGE BEBE,Emb. 0.4 KG,"2,69€","6,73€ / KG",
Afia Lápis de Maquilhagem Dupla,,Emb. 1 UNID.,"1,69€","1,69€ / UNID.",
BOLACHAS RECHEADAS C/ CHOCO TIPO KANGO,P'TIT DÉLI,Emb. 0.225 KG,"1,59€","7,07€ / KG",
Gel de Banho e Duche Flor Cerejeira/Leite/Aveia,MANAVA,Emb. 0.5 LT,"2,29€","4,58€ / LT",
Sacos Lixo Fecho Fácil 50L,ELEMBAL,Emb. 15 UNID.,"1,69€","0,11€ / UNID.",
Champô para Cabelos Secos e sem Brilho,TRESEMMÉ,Emb. 0.5 LT,"4,19€","8,38€ / LT",
Linguado Cal. 250/300,,1 Unid. = 0.28 KG (aprox.),"9,98€/kg","2,79€ / Unid.",
Vinagre de Limpeza,CLAIR,Emb. 1 LT,"0,89€","0,89€ / LT",
"AXE GB ICE CHILL,,400ML",AXE,Emb. 0.4 LT,"3,29€","8,23€ / LT",
Bolachas Sabor Limão com Amêndoas Biológicas,,Emb. 0.2 KG,"2,59€","12,95€ / KG",
Sortido de Bolachas,CUÉTARA,Emb. 0.21 KG,"2,29€","10,90€ / KG",
Mopa Seca com Cabo Extensível,,Emb. 1 UNID.,"6,50€","6,50€ / UNID.",
Pincel de Maquilhagem em Pó,,Emb. 1 UNID.,"3,99€","3,99€ / UNID.",
Maçã Golden Cal. 75/80,,1 Unid. = 0.21 KG (aprox.),"1,39€/kg","0,29€ / Unid.",
Sumo Active Drink Frutos Exóticos / Cenoura,SANTAL,Emb. 1.5 LT,"2,04€","1,36€ / LT",
Massa Macarronete Riscado,TURINI,Emb. 0.5 KG,"0,79€","1,58€ / KG",
Iogurte de Frutos Déli´light 8x125g,DÉLISSE,Emb. 1 KG,"2,45€","2,45€ / KG",
Alimento Seco Cão Croquetes com Carne de Bovino e Cenoura,LYDOG,Emb. 4 KG,"5,99€","1,50€ / KG",
Sabonete Líquido Flor Laranjeira,MANAVA,Emb. 0.3 LT,"0,89€","2,97€ / LT",
Compota de Frutas Maçã e Framboesa sem Adição de Açúcares 4x100g,DOUCEUR DU VERGER,Emb. 0.4 KG,"1,08€","2,70€ / KG",
Coxa de Peru,,1 Unid. = 0.86 KG (aprox.),"7,99€/kg","6,87€ / Unid.",
Sabonete Líquido Leite/Mel,MANAVA,Emb. 0.3 LT,"0,69€","2,30€ / LT",
Queijo Fresco Meio Gordo,CAMPAINHA,Emb. 0.2 KG,"1,49€","7,45€ / KG",
Recarga para Difusor Automático Relex Zen,GLADE,Emb. 2 UNID.,"7,18€","3,59€ / UNID.",
Iogurte Líquido Morango 4 Unid.,YOGGI,Emb. 0.64 KG,"2,09€","3,27€ / KG",
Máquina de Depilar Descartável Oceana,GILLETTE,Emb. 4 UNID.,"8,98€","2,25€ / UNID.",
Sumo de Laranja,JOI,Garrafa 1.5 LT,"1,04€","0,69€ / LT",
Maçã Bravo Esmolfe Cal. 65+,,1 Unid. = 0.2 KG (aprox.),"3,79€/kg","0,76€ / Unid.",
Açúcar de Baunilha Biológico 6 Saquetas,,Emb. 0.045 KG,"1,99€","44,22€ / KG",
Água com Gás Limão,PEDRAS,Garrafa 1 LT,"1,49€","1,49€ / LT",
Frango do Campo Inteiro,,1 Unid. = 2.8 KG (aprox.),"1,99€/kg","5,57€ / Unid.",
RESGUARDO PROTECAO CAMA 80X90CM,CHORYS,Emb. 16 UNID.,"5,59€","0,35€ / UNID.",
Iogurte Bolacha 4 Unid.,IOGOLINO,Emb. 0.4 KG,"2,03€","5,08€ / KG",
Pizza Royale Ultracongelada,TURINI,Emb. 0.4 KG,"1,89€","4,73€ / KG",
DENTIFRICO PROTECAO CARIE,DENTAMYL,Emb. 0.075 LT,"0,85€","11,33€ / LT",
Iogurte Líquido Framboesa,DÉLISSE,Emb. 0.85 LT,"1,29€","1,52€ / LT",
Batatas Fritas Palha,POM'LISSE,Emb. 0.16 KG,"0,85€","5,31€ / KG",
"SOBREMESA ""FLAN"" C/OVOS",DÉLISSE,Emb. 0.4 KG,"2,45€","6,13€ / KG",
Queijo Flamengo Barra,NOVA AÇORES,1 Unid. = 0.15 KG (aprox.),"8,99€/kg","1,35€ / Unid.",
Frasco Doseador 50cl,,1 UNID.,"1,49€","1,49€ / UNID.",
Iogurte Côco 4 Unid.,MIMOSA,Emb. 0.48 KG,"1,09€","2,27€ / KG",
Ovos Solo XL,SNR,Emb. 12 KG,"2,69€","0,22€ / KG",
"Champô Nature Moments Açaí, Leite de Amêndoa e Aveia",SCHWARZKOPF,Emb. 0.4 LT,"4,94€","12,35€ / LT",
PATE RICO VACA P/CAO BIO 300G CV 300G PLENIMA,PLENIMA,Emb. 0.3 KG,"1,78€","5,93€ / KG",
Champô Hidratante,BABY DOVE,Emb. 0.4 LT,"3,29€","8,23€ / LT",
Queijo de Pasta Azul com Leite Pasteurizado,LES CROISÉS,Emb. 0.25,"2,89€","11,56€ /",
Verniz de Unhas 60 Segundos 430,RIMMEL,Emb. 1 UNID.,"4,13€","4,13€ / UNID.",
Sopa de Cogumelos Selvagens Gourmet,KNORR,Emb. 0.062 KG,"1,79€","28,87€ / KG",
Pimentão Doce Colorau,RUSTICA,Emb. 0.05 KG,"0,48€","9,60€ / KG",
Vinho Regional Península de Setúbal Branco,ADEGA DE PEGÕES,Garrafa 0.75 LT,"2,98€","3,97€ / LT",
Café Torrado Moagem Grossa,,Emb. 0.25 KG,"1,59€","6,36€ / KG",
Iogurtes Cremosos Açucarados Frutas Vermelhas 8x125g,DÉLISSE,Emb. 1 KG,"2,09€","2,09€ / KG",
POSTA PESCADA Nº3 COZ,ECO+,Emb. 0.8 KG,"4,65€","5,81€ / KG",
BARRA CEREAL CH.KRISPIES 6X20,KELLOGG'S,Emb. 6 UNID.,"2,78€","0,46€ / UNID.",
Anti-Calcário 3 em 1 para a Máquina da Roupa,CALGON,Emb. 45 DOSES,"13,98€","0,31€ / DOSES",
Vinho Regional Alentejo Tinto,VINHA DO MONTE,Garrafa 0.75 LT,"3,98€","5,31€ / LT",
Lava Tudo Multi Superfícies Floral,CLAIR,Emb. 1.5 LT,"1,42€","0,95€ / LT",
Chá Verde 25 Saquetas,,Emb. 0.037 KG,"0,89€","24,05€ / KG",
Manjericão,MARGÃO,Emb. 0.013 KG,"1,18€","90,77€ / KG",
Elixir Triple Action,COLGATE,Emb. 0.5 LT,"3,73€","7,46€ / LT",
Café Moagem Universal Timor,DELTA,Emb. 0.22 KG,"3,68€","16,73€ / KG",
Gelado Solero Red Berries,OLÁ,Emb. 0.27 LT,"3,98€","14,74€ / LT",
Sardinha em Tomate,BOM PETISCO,Emb. 0.12 KG,"0,99€","8,25€ / KG",
Massa Espirais Tricolores,TURINI,Emb. 0.5 KG,"0,99€","1,98€ / KG",
Pacotinho de Frutas Maçã Banana e Aveia +6 meses,NESTLÉ BEBÉ,Emb. 0.09 KG,"1,04€","11,56€ / KG",
Iogurte Bifidus Líquido Cereais Integrais 4 Unid.,DANONE,Emb. 0.62 KG,"1,99€","3,21€ / KG",
Papel Higiénico 2 Folhas Compact,MARQUE REPERE,Emb. 6 UNID.,"2,49€","0,42€ / UNID.",
Manteiga S/ Sal,MIMOSA,Emb. 0.25 KG,"2,28€","9,12€ / KG",
Creme Depilatório Duche Peles Sensíveis,VEET,Emb. 0.15 LT,"6,64€","44,27€ / LT",
Vinho Regional Alentejano Tinto,SOVIBOR,Garrafa 0.75 LT,"2,98€","3,97€ / LT",
"ATUM C/FEIJAO FRADE,RAMIREZ,120G",RAMIREZ,,"1,29€",/ Unid.,
Óleo Alimentar,FRIGI,Garrafa 1 LT,"2,39€","2,39€ / LT",
Alimento Seco Cão Croquetes Light,TOUS MES AMIS,Emb. 4 KG,"4,99€","1,25€ / KG",
Bolos de Iogurte 7 Unidades,P'TIT DÉLI,Emb. 0.189 KG,"1,58€","8,36€ / KG",
Linhaça Dourada,SALUTEM,Emb. 0.2 KG,"1,28€","6,40€ / KG",
Conserva de Pota Gigante em Caldeirada,RAMIREZ,Emb. 0.12 KG,"2,18€","18,17€ / KG",
Noodles Queijo e Ervas,KNORR,Emb. 0.061 KG,"1,06€","17,38€ / KG",
Forma de Vidro Redonda 26cm,ARDENCE,1 UNID.,"4,50€","4,50€ / UNID.",
Pao Forma Sem Codea Economico,PANRICO,Emb. 0.45 KG,"2,08€","4,62€ / KG",
Creme Hidratante Bebé Rosto e Corpo,MOTS D'ENFANTS,Emb. 0.1 LT,"1,99€","19,90€ / LT",
Vinho Regional Douro Branco,ADEGA DE VILA REAL,Garrafa 0.75 LT,"3,28€","4,37€ / LT",
MANTEIGA SEM SAL BIO,,Emb. 0.25 KG,"2,68€","10,72€ / KG",
Creme de Barbear Original,DENIM,Emb. 0.1 LT,"1,68€","16,80€ / LT",
Cebola,,1 Unid. = 1 KG  (aprox.),"1,29€/kg","1,29€ / Unid.",
Pastel de Nata,,1 Unid. = 0.048 KG,"0,69€","14,38€ / KG",
Rebuçado Refrescante sem Açúcar,HALLS,Emb. 0.134 KG,"2,98€","22,24€ / KG",
Tablete Chocolate Excellence Dark 70%,LINDT,Emb. 0.1 KG,"2,09€","20,90€ / KG",
Puré de Fruta Maçã Manga e Kiwi Bio +6 Meses,NESTLÉ,Emb. 0.36 KG,"2,98€","8,28€ / KG",
Shampoo Banho Rich Moisture Baby,BABY DOVE,Emb. 0.2 LT,"1,79€","8,95€ / LT",
Pensos Incontinência Discreet Maxi,AUSONIA,Emb. 8 UNID.,"4,98€","0,62€ / UNID.",
Snack P/ Cão Sabor Bacon e Queijo,FRISKIES,Emb. 0.175 KG,"2,98€","17,03€ / KG",
VILEDA SACO LIXO STYLE 30L FF 15UN,VILEDA,Emb. 15 UNID.,"2,24€","0,15€ / UNID.",
Ambientador Stick Perfumado Amora e Baunilha,AIRWICK,Emb. 0.025 LT,"7,19€","287,60€ / LT",
Patê de Atum 4x22g,PÊCHE OCÉAN,Emb. 0.088 KG,"0,99€","11,25€ / KG",
Cerveja com Álcool,SAGRES,Lata 0.33 LT,"0,64€","1,94€ / LT",
LENCOS FACIAIS 3F ALOE VERA,CARESSE,Emb. 90 UNID.,"1,19€","0,01€ / UNID.",
Salsa Fresca,,1 Unid. = 0.05 KG  (aprox.),"19,99€/kg","1,00€ / Unid.",
Iogurte Líquido Sabor Bauninha 4x180g,DÉLISSE,Emb. 1.08 KG,"1,99€","1,84€ / KG",
Batido de Cacau UHT Zero,CACAOLAT,Emb. 1 LT,"1,54€","1,54€ / LT",
Feijão Verde Ultracongelado,IGLO,Emb. 0.6 KG,"2,28€","3,80€ / KG",
SOPA CAMPESTRE,REGAL SOUPE,Emb. 0.35 KG,"1,79€","5,11€ / KG",
BANZAI NOODLE CARNE CIGALA,CIGALA,Emb. 0.067 KG,"0,94€","14,03€ / KG",
Brioche Pep Choco,EPI D'OR,Emb. 0.5 KG,"2,99€","5,98€ / KG",
Vinho Verde Branco,VIA LATINA,Garrafa 0.75 LT,"1,99€","2,65€ / LT",
PIZZA FRESCA 4 ESTACOES,TURINI,Emb. 0.45 KG,"2,59€","5,76€ / KG",
Iogurte Bifidus Líquido Morango 4 Unid.,DANONE,Emb. 0.62 KG,"1,99€","3,21€ / KG",
Sobremesa Ilha Flutuante 4x100g,DÉLISSE,Emb. 0.4 KG,"2,79€","6,98€ / KG",
"ALIMENT BEBE: CENOURA, SEMOLA, BATATA DOCE, LEITE C/ PEDACOS BIO +8M 2X200G",BIO VILLAGE BEBE,Emb. 0.4 KG,"2,69€","6,73€ / KG",
Chourição Fatiado,PROBAR,Emb. 0.08 KG,"1,19€","14,88€ / KG",
LIMPA MOVEIS C/CERA AEROSSOL,CLAIR,Emb. 0.3 LT,"1,26€","4,20€ / LT",
Pêra Conference Cal. 60+,,1 Unid. = 0.21 KG (aprox.),"2,29€/kg","0,48€ / Unid.",
Champô Cabelo Cool Fresh Mentol,NIVEA MEN,Emb. 0.25 LT,"4,38€","17,52€ / LT",
After Shave Original,DENIM,Emb. 0.1 LT,"5,19€","51,90€ / LT",
IOGURTE C/ BIFIDUS CEREAIS,DÉLISSE,Emb. 0.5 KG,"1,49€","2,98€ / KG",
Biscoitos com Tablete de Chocolate Biológicos,,Emb. 0.15 KG,"2,09€","13,93€ / KG",
Batatas Fritas Onduladas,POM'LISSE,Emb. 0.2 KG,"0,99€","4,95€ / KG",
Fraldas Incontinência Super M,LINDOR,Emb. 52 UNID.,"28,73€","0,55€ / UNID.",
Pensos Higiénicos Noite Alas,EVAX,Emb. 9 UNID.,"2,58€","0,29€ / UNID.",
Sobremesa Gelado Vanilla Pecan,CARTE D'OR,Emb. 0.9 LT,"3,29€","3,66€ / LT",
Queijo Roquefort DOP,LES CROISÉS,Emb. 0.1 KG,"1,78€","17,80€ / KG",
Tampões com Aplicador Pearl Regular,TAMPAX,Emb. 24 UNID.,"4,98€","0,21€ / UNID.",
GRELOS FOLHAS PORCOES,NOTRE JARDIN,Emb. 0.4 KG,"0,99€","2,48€ / KG",
Azeite Virgem Extra Clássico,GALLO,Garrafa 0.25 LT,"1,91€","7,64€ / LT",
Pastilhas Elásticas Senses Rainforest Mint 3x23g,TRIDENT,Emb. 0.069 KG,"2,58€","37,39€ / KG",
Máscara Capilar para Cabelo com Pontas Espigadas,GLISS,Emb. 0.3 LT,"3,79€","12,63€ / LT",
Banana Importada,,1 Unid. = 0.15 KG (aprox.),"0,95€/kg","0,14€ / Unid.",
Bolachas de Manteiga Cobertas de Tablete Chocolate de Leite,P'TIT DÉLI,Emb. 0.125 KG,"1,29€","10,32€ / KG",
Meloa Gália,,1 Unid. = 0.75 KG (aprox.),"2,99€/kg","2,24€ / Unid.",
Hamburger de Porco 4 Unid. Ultracongelado,CAPITÃO IGLO,Emb. 0.3 KG,"5,49€","18,30€ / KG",
Lava Tudo Universal Brilhante,SONASOL,Emb. 1.1 LT,"2,79€","2,54€ / LT",
FEIJAO BRANCO EM TOMATE,NOTRE JARDIN,Emb. 0.8 KG,"1,59€","1,99€ / KG",
Bombons de Chocolate Negro e Caramelo,LUTTI,Emb. 0.15 KG,"2,48€","16,53€ / KG",
Vinho Regional Alentejo Branco,PORTA DA RAVESSA,Garrafa 0.75 LT,"2,98€","3,97€ / LT",
Hamburguer de Novilho 10 Und. Ultracongelado,,Emb. 1 KG,"7,99€","7,99€ / KG",
LAVA TUDO MARINHO,CLAIR,Emb. 2 LT,"0,89€","0,45€ / LT",
Caldo Marisco,KNORR,Emb. 8 CUBOS,"1,39€","0,17€ / CUBOS",
Cereais de Chocolate e Caramelo,LION,Emb. 0.4 KG,"2,92€","7,30€ / KG",
PETINGAS EM TOMATE PICANTE GENERAL,GENERAL,Emb. 0.09 KG,"0,89€","9,89€ / KG",
Natas Pasteurizadas,LONGA VIDA,Emb. 0.2 LT,"2,18€","10,90€ / LT",
Brócolos Ultracongelados,BONDUELLE,Emb. 0.4 KG,"1,93€","4,83€ / KG",
Recarga Tira Nodoas Desengordurante,KH-7,Emb. 0.75 LT,"4,05€","5,40€ / LT",
Salsichão Original,ELPOZO,0.2 KG,"2,69€","13,45€ / KG",
Sumo de Toranja Rosa,JAFADEN,Emb. 1 LT,"1,76€","1,76€ / LT",
Sabonete Sólido Hidratante,MANAVA,Emb. 0.1 KG,"0,75€","7,50€ / KG",
Sobremesa de Soja C/ Café,NAT&VIE,Emb. 0.4 KG,"1,49€","3,73€ / KG",
Garoupa Legítima Cal. 3/5,,1 Unid. = 3.9 KG (aprox.),"16,98€/kg","66,22€ / Unid.",
Preparado em Pó Chantilly,ROYAL,Emb. 0.072 KG,"1,98€","27,50€ / KG",
Vinho de Mesa Branco,ECO+,Emb. 2 L,"2,69€","1,35€ / L",
Ketchup,CALVÉ,Emb. 0.25 KG,"1,29€","5,16€ / KG",
Mortadela de Peru com Azeitonas,,1 Unid. = 0.16 KG (aprox.),"6,99€/kg","1,12€ / Unid.",
Alimento Completo para Papagaios,VITAKRAFT,Emb. 0.5 KG,"2,18€","4,36€ / KG",
Penso Incontinência Discreet Normal,AUSONIA,Emb. 12 UNID.,"2,23€","0,19€ / UNID.",
Vinho Regional Alentejo Tinto,HERDADE DOS GROUS,,"9,99€",/ Unid.,
Pão Especial Campagnard Fatiado sem Glúten,CHAQUE JOUR SANS GLUTEN,Emb. 0.4 KG,"3,29€","8,23€ / KG",
Detergente Liquido para Roupa Higiene e Pureza,PERSIL,Emb. 42 DOSES,"14,98€","0,36€ / DOSES",
Alimento Seco P/ Gato Adulto Rico em Salmão e Cevada Integral,BEYOND,Emb. 0.85 KG,"6,29€","7,40€ / KG",
BACALHAU P/ CALDEIRADA,PÊCHE OCÉAN,Emb. 0.8,"4,59€","5,74€ /",
Salada Alface C/ Cenoura,,Emb. 0.18 KG,"1,29€","7,17€ / KG",
Vaporizador Plástico 500ml,,1 UNID.,"1,79€","1,79€ / UNID.",
Massa Laços Tricolores,MILANEZA,Emb. 0.5 KG,"2,14€","4,28€ / KG",
Panadinhos de Frango,CAPITÃO IGLO,Emb. 0.2 KG,"2,59€","12,95€ / KG",
Desodorizante Spray Colonia,MANAVA,Emb. 0.1 LT,"1,29€","12,90€ / LT",
Mistura Solúvel Sem Café,PLANTATION,Frasco 0.2 KG,"2,09€","10,45€ / KG",
Cornetto de Morango 6x90 ml,OLÁ,Emb. 0.54 LT,"4,29€","7,94€ / LT",
Farinha de Trigo T55,ECO+,Emb. 1 KG,"0,85€","0,85€ / KG",
Gelado de Menta com Chocolate,CARTE D'OR,Emb. 1 LT,"2,89€","2,89€ / LT",
PIZZA 4 FROM TURINI,TURINI,Emb. 0.4 KG,"2,29€","5,73€ / KG",
Fruta 100% 7 Frutos 4 Unid.,NESTLÉ,Emb. 0.4 KG,"2,19€","5,48€ / KG",
QUEIJO MOZZARELLA RALADO,QUEIJO NA TÁBUA,Emb. 0.2 KG,"1,49€","7,45€ / KG",
Manteiga com Sal,TERRA NOSTRA,Emb. 0.25 KG,"2,34€","9,36€ / KG",
Mistura de Frutos de Casca Rija,MARQUE REPERE,Emb. 0.2 KG,"2,99€","14,95€ / KG",
Barras de Cereais Aveia e Chocolate sem Glúten 6Unid.,CHAQUE JOUR SANS GLUTEN,Emb. 0.138 KG,"2,25€","16,30€ / KG",
"Cereais de Trigo, Mel e Aveia",CHEERIOS,Emb. 0.375 KG,"2,92€","7,79€ / KG",
Esparguete,TURINI,Emb. 0.5 KG,"0,85€","1,70€ / KG",
Conserva de Salsichas Naturíssimos Frango 8 Unid.,NOBRE,Lata 0.16 KG,"1,58€","9,88€ / KG",
Plumas de Porco Preto,,1 Unid. = 0.5 KG  (aprox.),"9,34€/kg","4,67€ / Unid.",
Raia Cal. 2/5,,1 Unid. = 2.5 KG (aprox.),"7,44€/kg","18,60€ / Unid.",
Refrigerante C/ Gás Gasosa,ECO+,Garrafa 2 LT,"0,65€","0,33€ / LT",
PATE CAMPESTRE C/ COGUMELOS,CÔTÉ TABLE,Emb. 0.18 KG,"1,39€","7,72€ / KG",
Aletria,NACIONAL,Emb. 0.5 KG,"1,58€","3,16€ / KG",
Alimento Seco para Cão Carne e Cereais Integrais,ECO+,Emb. 20 KG,"14,99€","0,75€ / KG",
Arroz Agulha,BOM SUCESSO,Emb. 1 KG,"1,14€","1,14€ / KG",
Balde de Pipocas Doces,TOKAPI,Emb. 0.24 KG,"2,99€","12,46€ / KG",
CAFE SOLUVEL EXPRESSO STICKS X25 - 45G 25UN,PLANTATION,Emb. 0.045 KG,"1,59€","35,33€ / KG",
PURE DE MALAGUETA,TABLES DU MONDE,Emb. 0.1 KG,"0,99€","9,90€ / KG",
Preservativo Nature,CONTROL,Emb. 6 UNID.,"3,14€","0,52€ / UNID.",
Vinho Regional Tejo Tinto,BRIDÃO,Garrafa 0.75 LT,"2,99€","3,99€ / LT",
PATE RICO VACA P/ GATO BIO 100G CV PLENIMA,PLENIMA,Emb. 0.1 KG,"0,69€","6,90€ / KG",
Absorvente Gato,TOUS MES AMIS,Emb. 10 LT,"4,79€","0,48€ / LT",
Refrigerante sem Gás Frutas Tropicais,TRINA,Garrafa 1.5 LT,"1,94€","1,29€ / LT",
AGUARDENTE FIM DE SÉCULO Vínica Velha Cx. de Cartão 70CL,,0.07 CL,"18,98€","271,14€ / CL",
NUGGETS QUEIJO10UN,CÔTÉ CROC,Emb. 0.18 KG,"1,29€","7,17€ / KG",
Lombos Tamboril Congelado,,1 Unid. = 0.2 KG (aprox.),"6,99€/kg","1,40€ / Unid.",
Banana Frita às Rodelas,MARQUE REPERE,Emb. 0.2 KG,"1,29€","6,45€ / KG",
Conserva de Feijão Preto,NOTRE JARDIN,Lata 0.85 KG,"0,99€","1,16€ / KG",
Vinho Regional Dão Tinto Reserva 2013,QUINTA DE CABRIZ,Garrafa 0.75 LT,"7,59€","10,12€ / LT",
Snacks Palitos,CHEETOS,Emb. 0.096 KG,"1,64€","17,08€ / KG",
DENTIFRICO SABOR A MENTA 7-13 ANOS KIDS,DENTAMYL,Emb. 0.075 LT,"0,89€","11,87€ / LT",
Café Corsé Intensidade 8 Moído,PLANTATION,Emb. 48 PAST.,"3,89€","0,08€ / PAST.",
Sumo 100% de Laranja,JAFADEN,Emb. 1 LT,"1,49€","1,49€ / LT",
DESODORIZANTE SPRAY INVISIBLE MEN 200ML,CARRÉ HOMME,Emb. 0.2 LT,"1,19€","5,95€ / LT",
CHAMPO AUTO 5 L 5L TECH9,TECH9,Emb. 5 LT,"3,39€","0,68€ / LT",
Farinheira Regional - PDTO Lamego,SNR,Emb. 0.16 KG,"1,39€","8,69€ / KG",
Ananás em Fatias Inteiras em Calda Leve,,Lata 0.55 KG,"2,00€","3,64€ / KG",
Sobremesa Creme de Chocolate 4x100gr,DANONE,Emb. 0.4 KG,"1,99€","4,98€ / KG",
GUARDANAPOS FOLHA SIMPLES,ECO+,Emb. 200 UNID.,"1,15€","0,01€ / UNID.",
Flocos de Aveia Biológicos,,Emb. 0.5 L,"1,19€","2,38€ / L",
Ovos Solo XL,SNR,Emb. 6 UNID.,"1,59€","0,27€ / UNID.",
Vinho do Porto Offley Ruby,OFFLEY,Garrafa 0.75 LT,"4,69€","6,25€ / LT",
Camarão Selvagem Cal. 60/80 Congelado,,1 Unid. = 0.25 KG (aprox.),"7,49€/kg","1,87€ / Unid.",
Cillit Bang Bolor & Sujidade,CILLIT BANG,Emb. 0.5 LT,"2,24€","4,48€ / LT",
Máscara Capilar Reparadora Color Keratina,TRESEMMÉ,Emb. 0.2 LT,"5,39€","26,95€ / LT",
Espetadas de Peru,,1 Unid. = 0.6 KG (aprox.),"6,99€/kg","4,19€ / Unid.",
Salteado do Campo,BONDUELLE,Emb. 0.75 KG,"4,93€","6,57€ / KG",
Croissant Maxi Creme Sabor a Baunilha,CHIPICAO,Emb. 0.08 KG,"1,23€","15,38€ / KG",
Cueca de Banho Tam. M 12/18 Kg,MOTS D'ENFANTS,Emb. 11 UNID.,"4,99€","0,45€ / UNID.",
Chá de Cidreira,,Emb. 25 SAQ.,"0,79€","0,03€ / SAQ.",
Alimento Completo Cereais P/ Coelhos Anões,TOUS MES AMIS,Emb. 2.5 KG,"5,99€","2,40€ / KG",
Paio York,IZIDORO,1 Unid. = 0.1 KG (aprox.),"10,99€/kg","1,10€ / Unid.",
Coloração Castanho Claro 5,EXCELLENCE,Emb. 1 UNID.,"11,98€","11,98€ / UNID.",
Maionese Top Down,ECO+,Emb. 0.5 LT,"1,72€","3,44€ / LT",
Manteiga Magra Baixo Teor Sal,PRÉSIDENT,Emb. 0.25 KG,"2,54€","10,16€ / KG",
SALSICHAO SECO C/ QUEIJO FATIAS,ST AZAY,Emb. 0.1 KG,"1,99€","19,90€ / KG",
Azeite Maduras,OLIVEIRA DA SERRA,Emb. 0.75 LT,"6,18€","8,24€ / LT",
Sementes de Chia,MARQUE REPERE,Emb. 0.2 KG,"1,99€","9,95€ / KG",
Pensos Higiénicos Maxi com Alas,EVAX,Emb. 11 UNID.,"1,98€","0,18€ / UNID.",
Batatas Pré-Fritas em Cubos,POM'LISSE,Emb. 1 KG,"1,79€","1,79€ / KG",
Tortellini de Carne,KNORR,Emb. 0.25 KG,"3,18€","12,72€ / KG",
Leite Condensado,MIMOSA,Emb. 0.397 KG,"1,78€","4,48€ / KG",
Pargo Ruço Cal. 300/600,,1 Unid. = 0.55 KG (aprox.),"6,49€/kg","3,57€ / Unid.",
Palmiers,,Emb. 0.3 KG,"1,69€","5,63€ / KG",
Molho Bolonhesa,TURINI,Frasco 0.68 KG,"2,49€","3,66€ / KG",
Vinho Regional Alentejano Tinto,GALITOS,Garrafa 1 LT,"2,99€","2,99€ / LT",
Alimento Seco para Cão Carne de Vaca e Cenoura,TOUS MES AMIS,Emb. 1 KG,"2,59€","2,59€ / KG",
Iogurte Frutos 16x100g,DÉLISSE,Emb. 1.6 KG,"3,97€","2,48€ / KG",
Queijo Fundido 24 Porções,ECO+,Emb. 0.4 KG,"2,19€","5,48€ / KG",
Puré de Batata em Flocos 4x125g,,Emb. 0.5 UNID.,"1,35€","2,70€ / UNID.",
Vinho Regional Douro Branco,PORCA DE MURÇA,Garrafa 0.75 LT,"4,78€","6,37€ / LT",
Fraldas Bebé Ultra Confort Maxi +9/20 Kg,MOTS D'ENFANTS,Emb. 41 UNID.,"6,99€","0,17€ / UNID.",
KINDER BUENO WHITE T2X4,KINDER BUENO,Emb. 0.16 KG,"2,44€","15,25€ / KG",
Clementina,,1 Unid. = 0.1 KG (aprox.),"0,99€/kg","0,10€ / Unid.",
Vinho Regional Alentejano Branco,TERRA GRANDE,Garrafa 0.75 LT,"1,79€","2,39€ / LT",
FEIJAO VERDE M.FINO M.GUIA,NOTRE JARDIN,Emb. 0.22 KG,"0,99€","4,50€ / KG",
Bolachas Creme Canela,GULLÓN,Emb. 0.47 KG,"0,98€","2,09€ / KG",
Arroz Agulha,BELMONTE,Emb. 1 KG,"1,03€","1,03€ / KG",
Pistácio Torrado C/ Sal,MARQUE REPERE,Emb. 0.25 KG,"5,59€","22,36€ / KG",
Desodorizante Spray Baunilha,MANAVA,Emb. 0.2 LT,"1,24€","6,20€ / LT",
Água Tónica 6 Unid.,SPRINK'S,Garrafa 1.98 LT,"2,89€","1,46€ / LT",
LIMPA VIDROS AUTO 5 L 5L TECH9,TECH9,Emb. 5 LT,"2,39€","0,48€ / LT",
Pastilha Elástica Senses Sabor Melancia 3x23g,TRIDENT,Emb. 0.069 KG,"2,58€","37,39€ / KG",
Martini Rosso,MARTINI,Garrafa 1 LT,"11,98€","11,98€ / LT",
Bolachas de Cereais Dinosauros,ARTIACH,Emb. 0.185 KG,"1,73€","9,35€ / KG",
Pano Multiusos Amarelo,SCOTCH BRITE,Emb. 2 UNID.,"1,60€","0,80€ / UNID.",
FIAMBRE PERNA EXTRA FATIADO,CAMPO FINO,Emb. 0.15 KG,"1,29€","8,60€ / KG",
Alimento Húmido para Cão Mini Adulto,PURINA ONE,Emb. 0.1 KG,"0,69€","6,90€ / KG",
Macarrão,ECO+,Emb. 1 KG,"1,85€","1,85€ / KG",
Dentífrico Menta Suave,AQUAFRESH,Emb. 0.075 LT,"2,38€","31,73€ / LT",
Massa Quebrada com Gordura Vegetal Rolo,,Emb. 0.23 KG,"0,59€","2,57€ / KG",
Bolachas Soft Bakes Cereais,BELVITA,Emb. 0.25 KG,"2,98€","11,92€ / KG",
RECARGAS MAQ BARBEAR 3 LAMINAS,CARRÉ HOMME,Emb. 4 UNID.,"3,19€","0,80€ / UNID.",
"HEINEKEN 0%,,6x25CL",,Emb. 6 UNID.,"3,69€","0,62€ / UNID.",
Néctar Clássico Pera,JAFADEN,Emb. 1 LT,"0,99€","0,99€ / LT",
Gelo em Cubos,,Emb. 2 KG,"1,00€","0,50€ / KG",
Café Torrado Moído África e Ásia Intensidade 11,SICAL,Emb. 0.25 LT,"2,99€","11,96€ / LT",
PIMENTA PRETA EM GRAO SAQUETA,RUSTICA,Emb. 0.05 KG,"0,89€","17,80€ / KG",
Groselha,ALBERGARIA,Garrafa 1 LT,"4,18€","4,18€ / LT",
Champô Repara Azeite de Argão de Marrocos,HERBAL ESSENCES,Emb. 0.4 LT,"3,99€","9,98€ / LT",
Molho Francesinha,GULOSO,Frasco 0.5 KG,"3,15€","6,30€ / KG",
Pizza Fiambre Queijo 3x350g,TURINI,Emb. 1.05 KG,"4,49€","4,28€ / KG",
Paloco Desfiado,,Emb. 0.4 KG,"3,99€","9,98€ / KG",
Toalhitas Clássicas Recarga,MOTS D'ENFANTS,Emb. 72 UNID.,"1,29€","0,02€ / UNID.",
Bebida soja Original 3x250ml,ALPRO,Emb. 0.75 LT,"1,79€","2,39€ / LT",
Álcool Canforado HIDRO 250ml,HIDRO,Emb. 0.25 LT,"2,09€","8,36€ / LT",
Proteção de Dentes e Gengivas Menta,LISTERINE,Emb. 0.25 LT,"3,98€","15,92€ / LT",
SALSICHA CHURRASCO PICANTE,CAMPO FINO,Emb. 0.2 KG,"1,19€","5,95€ / KG",
Sobremesa de Soja Pistachio,NAT&VIE,Emb. 0.4 KG,"1,34€","3,35€ / KG",
Alimento Completo Cereais P/ Animais Exóticos,TOUS MES AMIS,Emb. 1 KG,"3,29€","3,29€ / KG",
ALHEIRA COM QUEIJO  200GR,TERRAS DO DEMO,,"1,49€",/ Unid.,
Bebida Espirituosa London Gin,BRIGHTON'S,Garrafa 0.7 LT,"6,99€","9,99€ / LT",
VILEDA FIBRA SINTETICA C/ABRASIVO PLAST. 1\\\'S,VILEDA,,"1,98€",/ Unid.,
Gel Efeito Molhado Extra Forte 3,VITANOVE,Emb. 0.3 L,"1,99€","6,63€ / L",
Arroz Vaporizado,BELMONTE,Emb. 1 KG,"1,34€","1,34€ / KG",
Pano Microfibra Colors,VILEDA,Emb. 4 UNID.,"4,48€","1,12€ / UNID.",
CONDICIONADOR REPARADOR,VITANOVE,Emb. 0.2 LT,"1,24€","6,20€ / LT",
Bolachinhas Criança,BLÉDINA,Emb. 0.125 KG,"2,68€","21,44€ / KG",
Rolo de Cozinha Maxi Absorção,RENOVA,Emb. 4 ROLOS,"2,58€","0,65€ / ROLOS",
Limpa Madeiras Brilhante Secagem Rápida,SONASOL,Emb. 1.1 LT,"2,79€","2,54€ / LT",
Passador Vite Plastique,MOULINEX,1 UNID.,"11,90€","11,90€ / UNID.",
Puré de Maçã Biológico 4x100g,,Emb. 0.4 KG,"1,89€","4,73€ / KG",
KIT FAJITAS 505G TABLE DU MON,TABLES DU MONDE,Emb. 0.505 KG,"1,98€","3,92€ / KG",
Papel Higiénico 2 Folhas,MARQUE REPERE,Emb. 12 UNID.,"2,49€","0,21€ / UNID.",
TARTE DE LIMAO,P'TIT DÉLI,Emb. 0.3 KG,"2,99€","9,97€ / KG",
Prato de Sobremesa 21cm Preto,ARDENCE,1 UNID.,"1,75€","1,75€ / UNID.",
Pizza de Marisco Ultracongelada,TURINI,Emb. 0.4 KG,"2,69€","6,73€ / KG",
Óleo Intense 4-23 Cereja Profundo,SYOSS,,"6,24€",/ Unid.,
Miolo de Amendoim Caramelizado,MARQUE REPERE,Emb. 0.25 KG,"1,89€","7,56€ / KG",
Toalhitas Proteção Cores,WOOLITE,Emb. 10 UNID.,"3,49€","0,35€ / UNID.",
Biscoitos Revestidos com Chocolate Branco,P'TIT DÉLI,Emb. 0.15 KG,"0,79€","5,27€ / KG",
Creme Depilatório Duche Peles Normais,VEET,Emb. 0.15 LT,"6,64€","44,27€ / LT",
Açúcar Especial Compota,TÉVA,Emb. 1 KG,"1,79€","1,79€ / KG",
Chouriço Terra de Xisto,SNR,Emb. 0.25 KG,"3,98€","15,92€ / KG",
Faqueiro Conjunto 24 Peças Inox,TROQUET NOIR,1 UNID.,"11,90€","11,90€ / UNID.",
Tarte de Nata,,Emb. 0.5 KG,"5,99€","11,98€ / KG",
COOKIES COM RECHEIO DE CREME DE AVELAS,P'TIT DÉLI,Emb. 0.2 KG,"1,96€","9,80€ / KG",
Lixívia Frescura do Campo,NEOBLANC,Emb. 2 LT,"2,14€","1,07€ / LT",
COUVE FLOR,RUSTICA,Emb. 0.36 KG,"1,09€","3,03€ / KG",
Miolo de Caju C/ Sal,MARQUE REPERE,Emb. 0.15 KG,"2,59€","17,27€ / KG",
Cenoura,,1 Unid. = 0.1 KG (aprox.),"0,69€/kg","0,07€ / Unid.",
Sidra Normand Doce,LES GOELLERIES,Garrafa 0.75 LT,"2,19€","2,92€ / LT",
CUECA INCONTINENCIA ABSORCAO PLUS MEDIA,CHORYS,Emb. 12 UNID.,"7,99€","0,67€ / UNID.",
Farinha de Trigo com Fermento,ECO+,Emb. 1 KG,"0,89€","0,89€ / KG",
Pano Amarelo Multiusos,SCOTCH BRITE,Emb. 1 UNID.,"0,99€","0,99€ / UNID.",
Bebida Energética,X-TENSE,Lata 4 UNID.,"3,89€","0,97€ / UNID.",
Peixe Espada Branco Posta,,1 Unid. = 0.21 KG (aprox.),"12,98€/kg","2,73€ / Unid.",
Néctar Vital Frutos Vermelhos,COMPAL,Emb. 1 LT,"1,58€","1,58€ / LT",
"ATUM COM GRAO,RAMIREZ,120G",RAMIREZ,,"1,29€",/ Unid.,
Cillit Bang Limpa Vidros 500ML x12,CILLIT BANG,Emb. 0.5 LT,"2,24€","4,48€ / LT",
DESODORIZANTE SPRAY SEDUCTION MEN 100ML COMPACT,CARRÉ HOMME,Emb. 0.1 LT,"1,19€","11,90€ / LT",
Bolachas Areadas Cobertas de Chocolate,P'TIT DÉLI,Emb. 0.15 KG,"1,19€","7,93€ / KG",
16 Caps.Café Kaffa Compativeis SG Chocolate,KAFFA,Emb. 16 UNID.,"3,19€","0,20€ / UNID.",
Bolachas Digestivas Maça,TRIUNFO,Emb. 0.171 KG,"1,34€","7,84€ / KG",
Lenços de Bolso Menta Sensitive 4 Folhas,RENOVA,Emb. 6 UNID.,"0,98€","0,16€ / UNID.",
Iogurte Líquido S/ Lactose Morango Banana 4 Unid.,YOGGI,Emb. 0.64 KG,"2,19€","3,42€ / KG",
Granola Superior,SALUTEM,Emb. 0.5 KG,"5,78€","11,56€ / KG",
Iogurte Bifidus Activia Natural 4 Unid.,DANONE,Emb. 0.48 KG,"1,99€","4,15€ / KG",
Natas Líquidas Magra 3x20cl,DÉLISSE,Emb. 0.06 LT,"1,79€","29,83€ / LT",
Madalenas Concha,P'TIT DÉLI,Emb. 0.6 KG,"2,49€","4,15€ / KG",
Pantene Fixação Ultra Forte Laca 300ml,PANTENE PV,Emb. 0.3 LT,"3,74€","12,47€ / LT",
Chá de Frutos Vermelhos,TISÉA,Emb. 25 SAQ.,"1,19€","0,05€ / SAQ.",
Conserva de Azeitona Verde Recheada,RUSTICA,Frasco 0.36 KG,"1,15€","3,19€ / KG",
Tablete de Chocolate Extrafino C/ Avelã,NESTLÉ,Emb. 0.123 KG,"1,88€","15,28€ / KG",
Ice Tea de Pêssego 3x20 cl,LIPTON,Emb. 0.6 LT,"1,17€","1,95€ / LT",
Alface Roxa,,1 Unid. = 0.4 KG (aprox.),"1,98€/kg","0,79€ / Unid.",
PIMENTAO DOCE SAQUETA,RUSTICA,Emb. 0.1 KG,"0,95€","9,50€ / KG",
Discos Activos Gel WC Lime Zest,PATO,Emb. 0.036 LT,"4,48€","124,44€ / LT",
Vinagre de Sidra,RUSTICA,Garrafa 0.5 LT,"0,35€","0,70€ / LT",
ANTI NODOAS E ANTI-DESCOLORACAO 2EM1,TEXIL,Emb. 12 UNID.,"2,49€","0,21€ / UNID.",
Conserva De Cogumelos Laminados 800G ECO+,ECO+,Emb. 0.8 KG,"1,79€","2,24€ / KG",
Fraldas Bebé T4 Ultra Confort 7/18 Kg,MOTS D'ENFANTS,Emb. 26 UNID.,"4,45€","0,17€ / UNID.",
AGUA MICELAR BIO,BIONAÏA,Emb. 0.4 LT,"2,95€","7,38€ / LT",
Pantene Pro-V Miracle Champô Liso & Sedoso,PANTENE PV,Emb. 0.27 LT,"5,78€","21,41€ / LT",
Bebida Gaseificada Aromatizada de Framboesa S/ Álcool,FESTALIE,Emb. 0.75 ML,"2,49€","3,32€ / ML",
Água com Gás 4x1 L,PEDRAS SALGADAS,Emb. 4 LT,"5,87€","1,47€ / LT",
Refrigerante com Gás Ananás,SUMOL,Garrafa 1.25 LT,"1,38€","1,10€ / LT",
COMINHOS MOIDOS SAQUETA,RUSTICA,Emb. 0.05 KG,"0,79€","15,80€ / KG",
Mistura de Frutos Secos e Uvas-Passas,,Emb. 0.2 KG,"1,20€","6,00€ / KG",
Água Micelar Pele Sensível,CORINE DE FARME,Emb. 0.5 LT,"5,48€","10,96€ / LT",
Cápsulas Infusão de Camomila e Pêssego Tetley,DELTA,Emb. 10 UNID.,"3,98€","0,40€ / UNID.",
Cachaça Brasil 51,CACHAÇA 51,Garrafa 0.7 LT,"11,48€","16,40€ / LT",
B&J Netflix & Chill'D 465ml,,Emb. 0.465 LT,"6,78€","14,58€ / LT",
Pacotinho de Cereais e Mel,NESTUM,Emb. 0.08 KG,"0,98€","12,25€ / KG",
VINHO ALMA DE PIAS TINTO,ALMA DE PIAS,Emb. 0.075 LT,"1,79€","23,87€ / LT",
Spray Desembaraçador,NATEIS,Emb. 0.2 LT,"1,99€","9,95€ / LT",
Cápsulas Kaffa Café Compatível Delta Q Forte 10 Unidades,KAFFA,Emb. 10 UNID.,"1,99€","0,20€ / UNID.",
Arroz Vaporizado,COMPTOÍR DU GRAIN,Emb. 1 KG,"1,25€","1,25€ / KG",
Açúcar Branco de Cana,SIDUL,Emb. 1 KG,"1,69€","1,69€ / KG",
Chá Preto Yellow Label 100 Saquetas,LIPTON,Emb. 100 Saquetas,"4,54€","0,05€ / Saquetas",
Spray Limpa Vidros Tripla Ação,AJAX,Emb. 0.5 LT,"3,18€","6,36€ / LT",
Creme Depilatório Peles Normais,VEET,Emb. 0.2 LT,"6,64€","33,20€ / LT",
"Copo 35,5cl Mojito",,1 UNID.,"1,39€","1,39€ / UNID.",
Pincel de Cozinha de Silicone,BIRAMBEAU,1 UNID.,"2,39€","2,39€ / UNID.",
Legumes para Sopa,NOTRE JARDIN,Emb. 1 KG,"1,55€","1,55€ / KG",
Vinho Regional Alentejo Branco,VINHA DO MONTE,Garrafa 0.75 LT,"3,95€","5,27€ / LT",
Corvina à Posta,,1 Unid. = 0.205 KG (aprox.),"8,99€/kg","1,84€ / Unid.",
Rolhas para Garrafas,BIRAMBEAU,Emb. 6 UNID.,"1,90€","0,32€ / UNID.",
Chocolate Pack 3x50 g,TWIX,Emb. 0.15 KG,"1,88€","12,53€ / KG",
REDONDITAS CROCANTES tipo belgas,P'TIT DÉLI,Emb. 0.25 KG,"1,99€","7,96€ / KG",
Empadão de Carne,CÔTÉ TABLE,Emb. 0.3 KG,"2,29€","7,63€ / KG",
Vinho Regional Alentejo Branco,TERRAS D'EL REI,Garrafa 0.75 LT,"2,78€","3,71€ / LT",
Sua Vinha Tetra Pak Branco,SUA VINHA,Emb. 1 LT,"0,89€","0,89€ / LT",
Coloração Louro Claro Cendré 8.1,EXCELLENCE,Emb. 1 UNID.,"11,98€","11,98€ / UNID.",
Molho Whisky Cocktail,CALVÉ,Frasco 0.253 KG,"2,93€","11,58€ / KG",
Fiambre da Perna Extra Fatiado,NOBRE,Emb. 0.11 KG,"2,14€","19,45€ / KG",
Vinho do Porto Lágrima Branco,DORRÃO,Emb. 0.075 LT,"6,49€","86,53€ / LT",
Recarga para Difusor Elétrico Ar Fresco,AMBIPUR,Emb. 1 UNID.,"4,99€","4,99€ / UNID.",
Marshmallow com Sabor Baunilha,COPAÍNS COPINES,Emb. 0.3 KG,"1,25€","4,17€ / KG",
Cerveja C/ Álcool,FALSBOURG,Lata 0.33 LT,"0,38€","1,15€ / LT",
Amêijoa Branca,,1 Unid. = 0.1 KG (aprox.),"5,99€/kg","0,60€ / Unid.",
RIMMEL BL_ BATON LASTING FINISH 214 FIRECRACKER,,Emb. 1 UNID.,"8,09€","8,09€ / UNID.",
Néctar Clássico Tutti Frutti 3x20 cl,COMPAL,Emb. 0.6 LT,"1,38€","2,30€ / LT",
Alimento Perle Húmido P/ Gato C/ Molho Frango e Vaca 4x85g,PURINA,Emb. 0.34 KG,"3,48€","10,24€ / KG",
Conserva de Sardinha em Tomate,RAMIREZ,,"0,99€",/ Unid.,
Máscara de Abacate Ultra Suave,GARNIER,Emb. 0.3 LT,"6,78€","22,60€ / LT",
Caixa de Arrumação com Tampa 5L Transparente,,1 UNID.,"2,50€","2,50€ / UNID.",
Gomas Trio Acidas,COPAÍNS COPINES,Emb. 0.2 KG,"0,99€","4,95€ / KG",
Creme Culinária Soja,SHOYCE,Emb. 0.2 L,"1,38€","6,90€ / L",
Conserva de Grão,COMPAL,Lata 0.845 KG,"1,59€","1,88€ / KG",
Mousse de Café 4x60g,DÉLISSE,Emb. 0.24 KG,"1,35€","5,63€ / KG",
Espanador Duster + 5 Panos,SWIFFER,Emb. 1 UNID.,"3,59€","3,59€ / UNID.",
Lenços Bolso 6+2 Unidades Red Label Pure,LENÇOS RENOVA,Emb. 8 UNID.,"1,49€","0,19€ / UNID.",
Tempero para Frango,RUSTICA,Frasco 0.2 KG,"0,75€","3,75€ / KG",
Pérolas de Perfume para Roupa Lavish,LENOR,Emb. 0.21 KG,"6,99€","33,29€ / KG",
Pimento Laranja,,1 Unid. = 0.225 KG (aprox.),"2,79€/kg","0,63€ / Unid.",
Folhados de Frutos do Mar 4x100g,CÔTÉ TABLE,Emb. 4 UNID.,"4,99€","1,25€ / UNID.",
Aquafresh MultiAction  2x75 ml,AQUAFRESH,,"4,49€",/ Unid.,
RECARGAS MAQ.BARBEAR 5 LAMINAS 4UN,CARRÉ HOMME,Emb. 4 UNID.,"4,29€","1,07€ / UNID.",
Polvo Congelado,,1 Unid. = 2.5 KG (aprox.),"4,29€/kg","10,73€ / Unid.",
Loção Sensitive,BABY DOVE,Emb. 0.2 LT,"5,39€","26,95€ / LT",
Robalo Cal. 200/300,,1 Unid. = 0.4 KG (aprox.),"7,99€/kg","3,20€ / Unid.",
Snacks Markies Tutano,PEDIGREE,Emb. 0.5 KG,"2,39€","4,78€ / KG",
Difusor e Recarga Freshmatic Lavanda e Camomila,AIR WICK,Emb. 0.61 KG,"7,19€","11,79€ / KG",
Maionese Magra,CALVÉ,Emb. 0.447 KG,"2,88€","6,44€ / KG",
Cerveja com Álcool 6x25cl Biológica sem Glúten,,Emb. 1.5 LT,"5,99€","3,99€ / LT",
Cremant Dalsace Brut,REBMANN,Garrafa 0.75 LT,"7,39€","9,85€ / LT",
Licor de Ginja,GINJA D' ÓBIDOS,Emb. 0.7 LT,"15,98€","22,83€ / LT",
Cuecas Incontinência Discreet M,AUSONIA,Emb. 9 UNID.,"9,98€","1,11€ / UNID.",
Desmaquilhante de Olhos Dupla Acção,NIVEA,Emb. 0.125 UNID.,"4,98€","39,84€ / UNID.",
Madalenas em Concha com Ovos Frescos,,Emb. 0.5 KG,"2,53€","5,06€ / KG",
Muslitos de Mar,Brasmar,Emb. 8 UNID.,"1,69€","0,21€ / UNID.",
Desodorizante Spray,REXONA,Emb. 0.15 LT,"2,54€","16,93€ / LT",
Café Cápsulas deQafeinatus Intensidade 1,DELTA,Emb. 10 CAPS.,"3,39€","0,34€ / CAPS.",
Iogurte de Banana 4 Unid.,IOGOLINO,Emb. 0.4 KG,"2,88€","7,20€ / KG",
Tablete de Chocolate Leite,NESTLÉ,Emb. 0.125 KG,"1,88€","15,04€ / KG",
Café Latte Caramel 8 Unid.,NESCAFÉ,Emb. 0.136 KG,"3,18€","23,38€ / KG",
Mini Grelhador 14x14cm Grilo,,1 UNID.,"4,50€","4,50€ / UNID.",
Gaufrettes com Recheio de Chocolate,P'TIT DÉLI,Emb. 0.11 KG,"0,89€","8,09€ / KG",
Maçã Reineta Cal. 70/75,,1 Unid. = 0.2 KG (aprox.),"1,79€/kg","0,36€ / Unid.",
A+ARIEL ALPINE LIQ 2X4.25L/85SC/PT,A+,,"24,74€",/ Unid.,
Sacos de Congelação Pequeno 18x20cm,ELEMBAL,Emb. 25 SAQ.,"1,19€","0,05€ / SAQ.",
Achocolatado em Pó,BON CHOCO,Emb. 0.45 KG,"1,79€","3,98€ / KG",
Saladeira Vidro 17cm,,1 P,"1,75€","1,75€ / P",
Espumante Reserva Bruto,MURGANHEIRA,Garrafa 0.75 LT,"11,78€","15,71€ / LT",
Gel de Banho Deeply Nourishing,DOVE,Emb. 0.75 LT,"4,19€","5,59€ / LT",
Pantene Micelar Purifica & Revitaliza Condicionador,,Emb. 0.675 LT,"9,98€","14,79€ / LT",
Alimento Seco P/ Gato Interior Frango,PURINA FRISKIES,Emb. 1.5 KG,"5,39€","3,59€ / KG",
Sais de Fruta Digestivo Laranja,ENO,Emb. 10 UNID.,"4,98€","0,50€ / UNID.",
Nata para Culinária,PARMALAT,Emb. 0.2 KG,"1,11€","5,55€ / KG",
Pacotinho de Frutas Maçã e Pêssego S/ Glúten +6 meses,NESTLÉ,Emb. 0.09 KG,"1,04€","11,56€ / KG",
AREIA COMPACTA AGLOMERANTE P/ GATO 4KG 4KG P'TIT AMI,TOUS MES AMIS,Emb. 4 KG,"2,99€","0,75€ / KG",
Snacks Party Mix Original,FELIX,Emb. 0.06 KG,"1,88€","31,33€ / KG",
Capucino Chocolate Base de Leite Magro em Pó,PLANTATION,Emb. 0.306 KG,"2,99€","9,77€ / KG",
Pizza à Base de Fiambre Chouriço Queijo Edam,TURINI,Emb. 0.4 KG,"2,19€","5,48€ / KG",
Cereais Trigo com Mel 2x375g,,Emb. 0.75 KG,"2,99€","3,99€ / KG",
Caderno Capa Preta Pautado A5 60p,ESQUISSE,,"0,59€",/ Unid.,
Presunto Fatiado,PROBAR,Emb. 0.09 KG,"1,99€","22,11€ / KG",
Maçã Pink Lady Cal. 70/75,,1 Unid. = 0.19 KG (aprox.),"2,99€/kg","0,57€ / Unid.",
Escova de Dentes Complete Média,ORAL B,Emb. 1 UNID.,"1,64€","1,64€ / UNID.",
MASCARA DETOX BIO 100ML,BIONAÏA,Emb. 0.1 LT,"3,29€","32,90€ / LT",
Néctar de Laranja,JAFADEN,Emb. 2 LT,"1,69€","0,85€ / LT",
Acendalha 100% Natural,SILEX,Emb. 40 UNID.,"0,99€","0,02€ / UNID.",
Cerveja com Álcool,CRISTAL,Garrafa 1 LT,"1,34€","1,34€ / LT",
SORVETE LIMAO,TROFIC,Emb. 1 LT,"1,79€","1,79€ / LT",
MOLHO CHALOTA,RUSTICA,Emb. 0.3 LT,"1,39€","4,63€ / LT",
Camarão Cal. 30/40 Congelado,,1 Unid. = 0.238 KG (aprox.),"10,90€/kg","2,59€ / Unid.",
Bolachas Quadradas Recheadas com Sabor a Chocolate,ECO+,Emb. 0.3 KG,"1,09€","3,63€ / KG",
Bolachas Recheadas de Morango,P'TIT DÉLI,Emb. 0.15 KG,"1,69€","11,27€ / KG",
Rolo Massa Folhada Pronta a Desenrolar,,Emb. 0.23 KG,"0,59€","2,57€ / KG",
Copo de Pé 35cl,EQUIP HOME,1 UNID.,"1,19€","1,19€ / UNID.",
Queijo Mini Babybel Light,BABYBEL,Emb. 0.12 KG,"2,04€","17,00€ / KG",
TOMATES SECOS EM OLEO GIRASSOL E AZEITE,RUSTICA,Emb. 0.28 KG,"2,69€","9,61€ / KG",
Queijo Flamengo 1/2,TERRA NOSTRA,Emb. 0.7 KG,"7,78€","11,11€ / KG",
Passas de Uva,TABLIER BLANC,Emb. 0.25 KG,"1,39€","5,56€ / KG",
FRICASSE FRANGO C/ARROZ E LEGUMES,CÔTÉ TABLE,Emb. 0.9 KG,"3,99€","4,43€ / KG",
Tablete Chocolate de Leite Familiar com Avelãs,DAIRY MILK,Emb. 0.12 KG,"2,58€","21,50€ / KG",
Preparado Arroz de Marisco,Brasmar,Emb. 0.45 KG,"2,99€","6,64€ / KG",
Douradinhos de Filete de Peixe 15 Unid. Ultracongelado,CAPITÃO IGLO,Emb. 0.42 KG,"5,68€","13,52€ / KG",
Marinheiras Chia Original,CEM PORCENTO,Emb. 0.2 KG,"2,68€","13,40€ / KG",
Canela Moída,MARGÃO,Emb. 0.039 KG,"2,28€","58,46€ / KG",
Papa Infantil de Banana Laranja,CERELAC,Emb. 0.25 KG,"2,39€","9,56€ / KG",
Massa Macarronete Riscado,ECO+,Emb. 0.5 KG,"0,65€","1,30€ / KG",
Red Bull,RED BULL,Lata 0.355 LT,"1,88€","5,30€ / LT",
Champô Cabelo Garnier Cereja e Amêndoa,ULTRA SUAVE,Emb. 0.25 LT,"3,58€","14,32€ / LT",
Dentífrico Natural Extracts Brilho Intenso,COLGATE,Emb. 0.075 LT,"3,24€","43,20€ / LT",
Verniz de Unhas 60 Segundos 323,RIMMEL,Emb. 1 UNID.,"5,34€","5,34€ / UNID.",
Queijo Coulommiers 50%MG,,Emb. 0.35 KG,"2,29€","6,54€ / KG",
PANO MICROFIBRAS SUAVE 2+1,VILEDA,,"1,99€",/ Unid.,
Massa Carbonara,KNORR,Emb. 0.062 KG,"1,88€","30,32€ / KG",
Erva Doce Saqueta,RUSTICA,Emb. 0.05 KG,"0,99€","19,80€ / KG",
Pão de Água,,1 Unid. = 0.1 KG,"2,49€","24,90€ / KG",
Champô Cabelo Fructis Adeus Danos,GARNIER,Emb. 0.25 LT,"3,99€","15,96€ / LT",
Detergente Máquina Loiça Pastilhas All in One,FAIRY,Emb. 44 DOSES,"15,98€","0,36€ / DOSES",
Iogurte Líquido Limonada 4 Unid.,YOGGI,Emb. 0.64 KG,"2,09€","3,27€ / KG",
TOMATE PELADO,TURINI,Emb. 0.78 KG,"0,99€","1,27€ / KG",
Leite Confort 1,NAN,Emb. 0.8 KG  (aprox.),"20,98€","26,23€ / KG",
Cassoulet C/ Salsichas de Toulouse,CÔTÉ TABLE,Emb. 0.42 KG,"2,06€","4,90€ / KG",
MAQ.BARBEAR 5 LAMINAS + 1 RECARGA,CARRÉ HOMME,Emb. 1 UNID.,"4,95€","4,95€ / UNID.",
Vinho Regional Douro Reserva 2015,MONTES ERMOS,Garrafa 0.75 L,"4,39€","5,85€ / L",
Bijou,,1 Unid. = 0.055 KG,"0,09€","1,64€ / KG",
Concentrado de Maracujá Miix,SUNQUICK,Emb. 0.58 LT,"4,78€","8,24€ / LT",
Vinho Regional Bairrada Tinto,MARQUES DE MARIALVA,Garrafa 0.75 LT,"7,59€","10,12€ / LT",
Cogumelos Inteiros,NOTRE JARDIN,Emb. 0.78 KG,"2,69€","3,45€ / KG",
Caixa P/ 12 Ovos Plástico,,1 UNID.,"2,99€","2,99€ / UNID.",
"AGUA NAT PET,CARVALHELHO,4x1.5L",CARVALHELHOS,,"2,37€",/ Unid.,
Mini Mousse de Frutos 6x74g,DÉLISSE,Emb. 0.444 KG,"1,89€","4,26€ / KG",
Toucinho Fumado,,1 Unid. = 0.12 KG (aprox.),"8,99€/kg","1,08€ / Unid.",
Licor da Nação,SNR,Garrafa 0.7 LT,"7,49€","10,70€ / LT",
CRACKERS MINI PIZZA,TOKAPI,Emb. 0.085 KG,"1,09€","12,82€ / KG",
Atum Posta Natural,BOM PETISCO,Emb. 0.2 KG,"2,39€","11,95€ / KG",
Vinagre de Sidra Original,GALLO,Emb. 0.25 LT,"1,69€","6,76€ / LT",
Bolachas com Pepitas Chocolate sem Açúcar,DIET NATURE,Emb. 0.125 KG,"2,28€","18,24€ / KG",
Paté para Cão de Aves e Fígado,LYDOG,Emb. 0.3 KG,"0,79€","2,63€ / KG",
Chocolate Pack 3 Unid.,MARS,Emb. 0.135 KG,"2,38€","17,63€ / KG",
Bebida Gaseificada Aromatizada de Uva S/ Álcool,FESTALIE,Emb. 0.75 LT,"2,49€","3,32€ / LT",
Cápsulas Café Colombia P/ Dolce Gusto Intensidade 7,DOLCE GUSTO,Emb. 12 CAPS.,"5,38€","0,45€ / CAPS.",
Madalenas Mármore com Chocolate,P'TIT DÉLI,Emb. 0.4 KG,"2,39€","5,98€ / KG",
Queijo Ralado Mozzarella Especial Pizza,PRÉSIDENT,Emb. 0.15 KG,"2,54€","16,93€ / KG",
Leite Creme 4x23 g,EL MANDARIN,Emb. 0.092 KG,"1,48€","16,09€ / KG",
Esparguete Biológico,,Emb. 0.5 KG,"0,88€","1,76€ / KG",
Refrigerante sem Gás Maçã Verde,FRUTIS,Garrafa 1.5 LT,"1,15€","0,77€ / LT",
Gel Tira Nódoas Oxi Action,VANISH,Emb. 1 LT,"5,45€","5,45€ / LT",
Paio York,CHARCUTARIA,1 Unid. = 0.1 KG (aprox.),"9,99€/kg","1,00€ / Unid.",
Deo Spray Tropical,REXONA,Emb. 0.15 LT,"2,54€","16,93€ / LT",
Vinho Regional Alentejano Tinto,MONTE DAS SERVAS,Garrafa 0.75 LT,"4,99€","6,65€ / LT",
Alheira da Caca de Trancoso,SNR,Emb. 0.2 KG,"2,19€","10,95€ / KG",
Gel de Duche Pétalas do Oriente,MANAVA,Emb. 0.25 LT,"1,19€","4,76€ / LT",
Conserva de Azeitona Verde Inteira,RUSTICA,Emb. 0.5 KG,"1,99€","3,98€ / KG",
Tampa Anti-Gordura de Inox 22/26cm,ARDENCE,1 UNID.,"3,80€","3,80€ / UNID.",
Spaguetti,TRADIZIONI D'ITALIA,Emb. 0.5 KG,"1,49€","2,98€ / KG",
Bebida em Pó Sabor Tropical,TANG,Emb. 0.03 KG,"0,82€","27,33€ / KG",
Toalhitas Sensitive Máxima Proteção Sem Perfume,DODOT,Emb. 54 UNID.,"1,87€","0,03€ / UNID.",
Recarga Ambientador Flor de Cereja da Ásia,AIRWICK,Emb. 0.25 LT,"3,59€","14,36€ / LT",
Iogurte Líquido Frutos Tropicais 4 Unid.,YOGGI,Emb. 0.64 KG,"2,09€","3,27€ / KG",
DANACOL LIQUÍDO COLESTEROL AVEIA,DANACOL,Emb. 6 UNID.,"2,99€","0,50€ / UNID.",
Sopa de Legumes Desidratada com Massa de Azeite,REGAL SOUPE,Emb. 0.104 KG,"0,78€","7,50€ / KG",
TABLETE CHOCOLATE NEGRO FLOR SAL 100G,CEMOI,Emb. 0.1 KG,"0,99€","9,90€ / KG",
Spray Ultra Desengordurante,CIF,Emb. 0.5 LT,"3,98€","7,96€ / LT",
ABRASIVO SANITARIO PINHO ACTIV EFFECT 750ML,SYPHON,Emb. 0.75 LT,"0,99€","1,32€ / LT",
Líquido Sanitário Gel Lixívia,,Emb. 0.75 LT,"2,24€","2,99€ / LT",
Conserva de Tomate em Pedaços,TURINI,Emb. 0.39 KG,"0,54€","1,38€ / KG",
Massa Cotovelinho Clássica,NACIONAL,Emb. 0.5 KG,"1,58€","3,16€ / KG",
Esfregão Glitzi Power Inox,VILEDA,Emb. 2 UNID.,"3,48€","1,74€ / UNID.",
Conserva De Feijão Frade 425g,NOTRE JARDIN,Lata 0.425 KG,"0,75€","1,76€ / KG",
MOLHO PARA HAMBURGUER,RUSTICA,Emb. 0.255 KG,"1,31€","5,14€ / KG",
Recarga Freshmatic Pradera Púrpura de Lavanda,AIR WICK,Spray 0.25 LT,"3,59€","14,36€ / LT",
AZEITONA MACANILHA MISTA INTEIRA,RUSTICA,Emb. 0.37 KG,"0,99€","2,68€ / KG",
Conserva de Feijão Preto da Horta,COMPAL,Lata 0.42 KG,"1,28€","3,05€ / KG",
Baguete,,1 Unid. = 0.25 KG,"0,59€","2,36€ / KG",
Coentros Moídos,MARGÃO,Emb. 0.04 KG,"1,28€","32,00€ / KG",
LIXIVIA DELICADA,TEXIL,Emb. 2 LT,"1,19€","0,60€ / LT",
Queijo São Jorge,QUEIJO SÃO JORGE,1 Unid. = 0.2 KG (aprox.),"14,99€/kg","3,00€ / Unid.",
Panaché 10x25CL,MÍLLBRAU,Emb. 2.5 LT,"2,65€","1,06€ / LT",
Bolachas Digestivas,MCVITIES,Emb. 0.4 KG,"1,98€","4,95€ / KG",
Cerveja com Álcool,SUPER BOCK,Lata 0.33 LT,"0,59€","1,79€ / LT",
MINI BOLACHAS C/ RECHEIO MORANGO,P'TIT DÉLI,Emb. 0.168 KG,"1,19€","7,08€ / KG",
Café Solúvel Clássico,NESCAFÉ,Emb. 0.2 KG,"6,14€","30,70€ / KG",
Queijo de Ovelha Curado,OURO DO PASTOR,1 Unid. = 1 KG (aprox.),"14,39€/kg","14,39€ / Unid.",
Vinho Regional Douro Lua Nova Tinto,VINHAS VELHAS,Garrafa 0.75 LT,"5,49€","7,32€ / LT",
BOLACHAS MEGA DUO GULLON 500G,GULLÓN,Emb. 0.5 KG,"2,98€","5,96€ / KG",
Lula Inteira Congelada,,1 Unid. = 0.25 KG (aprox.),"5,98€/kg","1,50€ / Unid.",
Café Moído Torrado Intensidade 12,BUONDI,Emb. 0.2 KG,"3,68€","18,40€ / KG",
Sobremesa de Soja Açucarada C/ Morango,NAT&VIE,Emb. 0.4 KG,"1,40€","3,50€ / KG",
Bolacha Diet Nature Recheio Chocolate,GULLÓN,Emb. 0.25 KG,"1,99€","7,96€ / KG",
Medidor Vidro 50cl,ARDENCE,1 UNID.,"2,99€","2,99€ / UNID.",
Açúcar em Pó 100 saquetas,TÉVA,Emb. 0.5 KG,"1,98€","3,96€ / KG",
DETERGENTE MANUAL LOICA ULTRA SAIS E MINERAIS/FRUTOS EXOTICOS 500ML,VISIOR,Emb. 0.5,"0,77€","1,54€ /",
Inseticida Recarga Uso Doméstico,BIO KILL,Emb. 0.375 LT,"4,48€","11,95€ / LT",
Vinho Branco de Mesa Elopack,CASAL DA EIRA,Emb. 1 LT,"1,68€","1,68€ / LT",
"ATUM FILETE NATURAL,120G",TENÓRIO,Emb. 0.12 KG,"2,14€","17,83€ / KG",
Strogonoff de Peru,,1 Unid. = 0.45 KG (aprox.),"6,99€/kg","3,15€ / Unid.",
BAGUETE DE ALHO 2UN,CÔTÉ TABLE,Emb. 0.35 KG,"1,59€","4,54€ / KG",
Creme Barbear Sensitive,PALMOLIVE,Emb. 0.1 LT,"2,28€","22,80€ / LT",
Bebida de Soja Natural Biológica,,Emb. 1 L,"1,39€","1,39€ / L",
Elixir Suavidade e Brilho Para Cabelo Muito Estragado,GLISS,Emb. 0.075 LT,"4,99€","66,53€ / LT",
SABONETE VEGETAL ALPERCE BIO,BIONAÏA,Emb. 0.1 LT,"1,55€","15,50€ / LT",
IOGURTE LIQUIDO MORANGO,DÉLISSE,Emb. 0.72 KG,"1,19€","1,65€ / KG",
Vinho Frutado Tinto,SALVE,Garrafa 0.75 LT,"1,09€","1,45€ / LT",
"A+ COLOR LIQ 85D,,4.25L",A+,,"11,99€",/ Unid.,
Conserva de Cassoulet de Porco,CÔTÉ TABLE,Lata 0.42 KG,"1,59€","3,79€ / KG",
Detergente Limpeza Spray Cozinha,CIF,Emb. 0.75 Lt,"3,98€","5,31€ / Lt",
Escova de Dentes 3D White,ORAL B,Emb. 1 UNID.,"2,18€","2,18€ / UNID.",
Queijo Amanteigado Fatiado,PAIVA,Emb. 0.18 Kg,"2,78€","15,44€ / Kg",
Milho P/ Pipocas,MARQUE REPERE,Emb. 0.25 KG,"0,41€","1,64€ / KG",
Salsichão Cumbre Real,CAMPOFRIO,1 Unid. = 0.1 KG (aprox.),"14,99€/kg","1,50€ / Unid.",
Pantene Grisalho Radiante & Suave Condicionador 160 ml,PANTENE PV,Emb. 0.16 LT,"4,98€","31,13€ / LT",
GELADO EM TUBO TROFI'TUBS 20UN,SMICY,Emb. 20 UNID.,"2,69€","0,13€ / UNID.",
Queijo Mistura,PAIVA,1 Unid. = 1.2 KG (aprox.),"9,99€/kg","11,99€ / Unid.",
CORVINA +2KG,,1 Unid. = 1.5 KG (aprox.),"11,98€/kg","17,97€ / Unid.",
Escova de Dentes,AQUAFRESH,Emb. 1 UNID.,"1,98€","1,98€ / UNID.",
Saladeira Vidro 20cm,,1 P,"1,85€","1,85€ / P",
Gomas de Ursinhos com Vários Sabores,COPAÍNS COPINES,Emb. 0.3 KG,"1,34€","4,47€ / KG",
Vinho Regional Alentejano Tinto,CASAS BRANCAS,Garrafa 0.75 LT,"6,79€","9,05€ / LT",
LIXIVIA TRADICIONAL,ECO+,Emb. 4 LT,"1,35€","0,34€ / LT",
Desodorizante Spray Invisible,MANAVA,Emb. 0.2 LT,"1,34€","6,70€ / LT",
Nectar Clássico Alperce 3x20cl,COMPAL NECTAR,Emb. 0.08 LT,"1,38€","17,25€ / LT",
Amaciador Roupa Concentrado Elixir Frescura e Suavidade Herbal,QUANTO,Emb. 52 DOSES,"7,99€","0,15€ / DOSES",
Pao De Forma Cerealia 14 Cereais,PANRICO,Emb. 0.435 KG,"2,28€","5,24€ / KG",
Frango Campestre com Alho e Cebola,MAGGI,Emb. 0.03,"0,98€","32,67€ /",
Gomas Minhocas,COPAÍNS COPINES,Emb. 0.2 KG,"0,99€","4,95€ / KG",
AMENDOINS TORRADOS E SALGADOS,ECO+,Emb. 0.25 KG,"0,89€","3,56€ / KG",
"MINI SPRAY ""LIRIO DO VALE"" RECARGA 15ML",BIEN AIR,Emb. 0.015 LT,"0,90€","60,00€ / LT",
Salmão Fumado do Atlântico,RONDE DES MERS,Emb. 0.08 KG,"3,99€","49,88€ / KG",
Creme de Ovos Sabor Baunilha 4x100gr,DÉLISSE,Emb. 0.4 KG,"2,39€","5,98€ / KG",
Medalhões Pescada,PÊCHE OCÉAN,Emb. 0.4 KG,"4,49€","11,23€ / KG",
Tomates Inteiros Pelados,ECO+,Lata 0.8 KG,"1,43€","1,79€ / KG",
ACAFRAO DAS INDIAS SAQUETA,RUSTICA,Emb. 0.05 KG,"0,60€","12,00€ / KG",
Café Solúvel Clássico Intenso,NESCAFÉ,Emb. 0.1 KG,"3,98€","39,80€ / KG",
"SALAMI DANOIS ""PUR PORC"" FATIAS",ST AZAY,Emb. 0.16 KG,"1,79€","11,19€ / KG",
Escova para Cabelo Oval,,Emb. 1 UNID.,"4,49€","4,49€ / UNID.",
Coloração Creme L'Oréal Paris 4 Castanho,EXCELLENCE,Emb. 1 P,"11,98€","11,98€ / P",
Queijo Fresco para Barrar Alho e Ervas,FRESQUINHO,Emb. 0.125 KG,"1,28€","10,24€ / KG",
Detergente em pastilhas Quantum Ultimate,FINISH,Emb. 0.67 KG,"23,98€","35,79€ / KG",
Pensos Universais Sortidos à Prova de Água,HANSAPLAST,Emb. 20 UNID.,"2,18€","0,11€ / UNID.",
Espumante Reserva Doce,RAPOSEIRA,Garrafa 0.75 LT,"8,38€","11,17€ / LT",
Pacotinho de Multifrutas S/ Glúten +6 meses,NESTLÉ BEBÉ,Emb. 0.09 KG,"1,04€","11,56€ / KG",
Chá Preto,TETLEY,Emb. 10 SAQ.,"0,71€","0,07€ / SAQ.",
ABRILHANTADOR P/ MAQUINA LOICA ECO,UNÍ VERT,Emb. 0.75 LT,"1,55€","2,07€ / LT",
Malagueta Verde,,1 Unid. = 0.1 KG  (aprox.),"6,99€/kg","0,70€ / Unid.",
Rebuçados sem Açúcar Sabor Mel e Limão 4x32g,HALLS,Emb. 0.128 KG,"2,98€","23,28€ / KG",
Queijo Grana Padano Ralado,LES CROISÉS,Emb. 0.1 KG,"1,59€","15,90€ / KG",
Nuggets de Aves,ECO+,Emb. 0.5 KG,"2,99€","5,98€ / KG",
"BEBIDA COCO ARROZ,ALPRO,250ML",ALPRO,Emb. 0.25 LT,"0,99€","3,96€ / LT",
Miolo de Camarão Ultracongelado,PESCANOVA,Emb. 0.2 KG,"7,18€","35,90€ / KG",
PENSOS INCONTINENCIA MEDIA - HOMEM,CHORYS,Emb. 20 UNID.,"3,89€","0,19€ / UNID.",
Café Solúvel de Cereais e Fibra,BOLERO,Emb. 0.2 KG,"2,98€","14,90€ / KG",
Miolo de Camarão Gigante Ultracongelado,PESCANOVA,Emb. 0.25 KG,"6,99€","27,96€ / KG",
Pérolas de Perfume para Roupa Dreams,LENOR,Emb. 0.21 KG,"7,69€","36,62€ / KG",
Gel Elastic Ultimate 7,NIVEA MEN,Emb. 0.15 LT,"5,58€","37,20€ / LT",
Conjunto Borracha Mini,ESQUISSE,Emb. 2 UNID.,"0,21€","0,11€ / UNID.",
Alimento Seco para Cão Croquetes Júnior Carne de Ave,LYDOG,Emb. 4 KG,"6,99€","1,75€ / KG",
Maçã Golden Cal. 70/75,,1 Unid. = 0.21 KG (aprox.),"1,29€/kg","0,27€ / Unid.",
Salada Ibérica,,Emb. 0.15 KG,"1,29€","8,60€ / KG",
Sortido de Biscoitos Salgados,ECO+,Emb. 0.35 KG,"1,71€","4,89€ / KG",
Caixa Hermética Quadrada em Vidro 11cm,,1 UNID.,"1,50€","1,50€ / UNID.",
Conserva de Cogumelos Laminados,FERBAR,Lata 0.29 KG,"0,95€","3,28€ / KG",
Bolachas Amanteigadas Cobertas com Tablete Chocolate Leite e Avelãs,P'TIT DÉLI,Emb. 0.15 KG,"1,20€","8,00€ / KG",
MOLHO DE COGUMELOS DESIDRATADO,RUSTICA,Emb. 0.027 KG,"0,59€","21,85€ / KG",
Papel Anti-Traças,RAID,Emb. 4 UNID.,"1,68€","0,42€ / UNID.",
Bolos Fofos de Cacau Recheio de Leite e Coco,P'TIT DÉLI,Emb. 0.42 KG,"3,19€","7,60€ / KG",
Cuvete de Alumínio 10x1L,ELEMBAL,Emb. 10 UNID.,"2,99€","0,30€ / UNID.",
Caramelos Werther's Original Storck Creme 135g,JERONIMO MARTINS,Emb. 0.135 KG,"2,98€","22,07€ / KG",
Pastilhas 60 Minutos Spearmint,TRIDENT,Emb. 0.02 KG,"0,94€","47,00€ / KG",
Sabonete Pack 4,DOVE,Emb. 0.4 KG,"4,98€","12,45€ / KG",
Champô de Queratina Protetor da Cor,TRESEMMÉ,Emb. 0.7 LT,"6,59€","9,41€ / LT",
Truta Pequena,,1 Unid. = 0.3 KG (aprox.),"3,99€/kg","1,20€ / Unid.",
Cebola Roxa,,Emb. 0.5 KG,"1,46€","2,92€ / KG",
Miolo de Pinhão,,Emb. 0.1 KG,"8,49€","84,90€ / KG",
Cogumelo Pleurotus,,Emb. 0.25 KG,"1,98€","7,92€ / KG",
8 Tesourinhos de Peixe,IGLO,Emb. 0.24 kg,"3,99€","16,63€ / kg",
ALIMENT BEBE: PURE DE PERA WILLIAMS BIO +4M 4x100G,BIO VILLAGE BEBE,Emb. 0.4 KG,"2,09€","5,23€ / KG",
Massa Talharim,MILANEZA,Emb. 0.5 KG,"1,38€","2,76€ / KG",
Faca de Cozinha Chef 15cm,ARDENCE,1 UNID.,"8,99€","8,99€ / UNID.",
Véritable Mini Rosette de Lyon Porco,NOS RÉGIONS ONT DU TALENT,Emb. 0.4 KG,"6,49€","16,23€ / KG",
Arroz Carolino,PATO REAL,Emb. 1 KG,"1,17€","1,17€ / KG",
Cápsulas Café Cappuccino,DOLCE GUSTO,Emb. 16 CAPS.,"5,98€","0,37€ / CAPS.",
Preservativo Non Stop,CONTROL,Emb. 12 UNID.,"6,99€","0,58€ / UNID.",
WC Gel Glitter Brisa do Mar,NEO BLANC,Emb. 0.7 LT,"2,09€","2,99€ / LT",
Chá de Camomila,LIPTON,Emb. 20 SAQ.,"1,20€","0,06€ / SAQ.",
Areia Higiénica Perfumada para Gato,ECO+,Emb. 7 LT,"1,85€","0,26€ / LT",
Champô Cabelos Secos,ULTRA SUAVE,Emb. 0.25 LT,"3,58€","14,32€ / LT",
Vinho Regional Alentejano Branco,GALITOS,Garrafa 1 LT,"2,99€","2,99€ / LT",
LIXIVIA C/DETERGENTE,CLAIR,Emb. 2 LT,"1,09€","0,55€ / LT",
Vinho Regional Península de Setúbal Tinto,JOSE MARIA FONSECA,Garrafa 0.75,"1,99€","2,65€ /",
Batatas Fritas Caseiras Rodelas,SNR,Emb. 0.18 KG,"1,15€","6,39€ / KG",
POLPA DE TOMATE COM CEBOLA E ALHO,TURINI,Garrafa 0.5 KG,"1,05€","2,10€ / KG",
Alimento Seco Gato Croquetes,TOUS MES AMIS,Emb. 2 KG,"3,95€","1,98€ / KG",
Queijo Manchego,DIAZ MIGUEL,Quant. Mínima = 0.2 KG (aprox.),"19,99€/kg","4,00€ / Unid.",
Tablete de Chocolate com Avelãs,TABLETTE D'OR,Emb. 0.2 KG,"1,59€","7,95€ / KG",
COLORACAO ACAJU 5.56 S/AMONIACO,VITANOVE,Emb. 1 UNID.,"3,89€","3,89€ / UNID.",
Chouriça de Trancoso,SNR,Emb. 1 UNID.,"2,69€","2,69€ / UNID.",
Sumo Ananás,JAFADEN,Emb. 1 LT,"1,29€","1,29€ / LT",
Conserva de Atum Albacore Inteiro 2x200g,PÊCHE OCÉAN,Emb. 0.4 KG,"3,49€","8,73€ / KG",
Bolacha Integral Integralis,VIEIRA,Emb. 0.18 KG,"1,90€","10,56€ / KG",
Pão de Forma Grande,BIMBO,Emb. 0.375 KG,"1,58€","4,21€ / KG",
Maionese Magra,HELLMANN'S,Emb. 0.459 KG,"3,29€","7,17€ / KG",
MOUSSE DE MARACUJÁ CONDI 80G,CONDI,Emb. 0.8 KG,"1,34€","1,68€ / KG",
Moscatel do Douro Mel e Laranja,FAVILA,Garrafa 0.75 LT,"3,89€","5,19€ / LT",
Moscatel do Douro,REAL COMPANHIA VELHA,Garrafa 0.75 LT,"5,94€","7,92€ / LT",
Maionese Vegan sem Glúten,CALVÉ,Emb. 0.27 KG,"3,28€","12,15€ / KG",
"Croquetes Frango, Pato e Azeitonas",TOUS MES AMIS,Emb. 2 KG,"3,99€","2,00€ / KG",
Espargos Verdes,,1 Unid. = 0.32 KG (aprox.),"8,85€/kg","2,83€ / Unid.",
"CAPRICHOS DO MAR,S/GLUTEN,1KG",PESCANOVA,Emb. 1 KG,"8,58€","8,58€ / KG",
Champô Purificante Morango Branco e Menta Dulce,HERBAL ESSENCES,Emb. 0.4 LT,"3,99€","9,98€ / LT",
Tablete Chocolate Preto com Menta,TABLETTE D'OR,Emb. 0.1 KG,"1,19€","11,90€ / KG",
Pensos Higiénicos Salvaslip Maxi,EVAX,Emb. 72 UNID.,"4,98€","0,07€ / UNID.",
Escova Dentes Interdental Médio,AQUAFRESH,Emb. 3 UNID.,"4,28€","1,43€ / UNID.",
Chá de Ervas Biológico,,Emb. 20 SAQ.,"1,19€","0,06€ / SAQ.",
Bolachas Crackers Original,TUC,Emb. 0.1 KG,"0,98€","9,80€ / KG",
Johnson's Baby Champô Penteia Fácil,JOHNSON'S BABY,Emb. 0.5 LT,"5,58€","11,16€ / LT",
Doce de Glila,CASA MATEUS,Frasco 0.345 KG,"2,44€","7,07€ / KG",
Snack Húmido P/ Gato Party Mix Cheezy Mix,FELIX,Emb. 0.06 KG,"1,88€","31,33€ / KG",
Yofu Baunilha 500g,ALPRO,Emb. 0.5 KG,"2,39€","4,78€ / KG",
Bloco Sanitário Lavanda,SONASOL WC,Emb. 2 UNID.,"2,99€","1,50€ / UNID.",
CUECA INCONTINENCIA ABSORCAO PLUS GRANDE,CHORYS,Emb. 10 UNID.,"5,99€","0,60€ / UNID.",
Body Lotion Hidratante Express Minerais Marinhos,NIVEA,Emb. 0.25 LT,"5,48€","21,92€ / LT",
FRANGO C/ MOLHO DE CARIL,CÔTÉ TABLE,Emb. 0.3 KG,"1,99€","6,63€ / KG",
Sumo de Limão 2X125ml,RUSTICA,Emb. 0.5 LT,"1,22€","2,44€ / LT",
Camarão Cozido Cal. 30/40,,1 Unid. = 0.1 KG (aprox.),"13,48€/kg","1,35€ / Unid.",
Miolo de Amêndoa Moído,MARQUE REPERE,Emb. 0.2 KG,"3,19€","15,95€ / KG",
Refrigerante C/ Gás Gasosa,SPRINK'S,Garrafa 1.5 LT,"0,59€","0,39€ / LT",
Cera Depilatória Profissional Natural de Abelha,VEET,Emb. 0.3 KG,"8,04€","26,80€ / KG",
Snacks Húmidos P/ Gato Adulto 2 de Frango e 2 de Vaca,PURINA,Emb. 0.34 KG,"3,48€","10,24€ / KG",
Esferográficas de Cores Sortidas Ponta Média,ESQUISSE,Emb. 4 UNID.,"1,29€","0,32€ / UNID.",
Conserva de Feijão Preto Cozido,NOTRE JARDIN,Lata 0.425 KG,"0,75€","1,76€ / KG",
Saquetas Perfumadas Azul,COMFORT,Emb. 1 P,"3,98€","3,98€ / P",
Queijo Flamengo Barra,DA FLORESTA,1 Unid. = 0.25 KG (aprox.),"6,99€/kg","1,75€ / Unid.",
MINI SNACKS CARNE VACA P/ GATO 60G LYCAT,TOUS MES AMIS,Emb. 0.06 KG,"0,85€","14,17€ / KG",
Ketchup Familiar XXL,CALVÉ,Emb. 0.55 KG,"3,88€","7,05€ / KG",
Néctar 100% Maçã,COMPAL,Emb. 1 LT,"1,58€","1,58€ / LT",
Limpa Máquinas de Loiça Desengordurante & Anti-Calcário,SUN,Emb. 0.12 KG,"3,99€","33,25€ / KG",
Luvas Universais S,VILEDA,Emb. 1 UNID.,"1,98€","1,98€ / UNID.",
"SYOSS OLEO INTEN 1-10 PRET,,1P",SYOSS,,"6,24€",/ Unid.,
Barrinhas P/ Canários sabor a Ovo,TOUS MES AMIS,Emb. 0.06 KG,"1,29€","21,50€ / KG",
Entrecosto com Alho e Pimentão Doce,MAGGI,Emb. 0.03 KG,"0,74€","24,67€ / KG",
BATATAS PRE-FRITAS PALITOS CURVOS OLEO GIRASSOL,POM'LISSE,Emb. 0.6 KG,"1,59€","2,65€ / KG",
Batatas Fritas Palha,SNR,Emb. 0.3 KG,"1,65€","5,50€ / KG",
Pastilha Elástica Canela sem Açúcar,CHICLETS,Emb. 0.017 KG,"0,98€","57,65€ / KG",
Bollycao Clássico 4x57 g,PANRICO,Emb. 0.228 KG,"1,99€","8,73€ / KG",
IOGURTE CREMOSO COCO,DÉLISSE,Emb. 0.5 KG,"1,69€","3,38€ / KG",
Alimento P/ Cão Snack Dental Frango,FRISKIES,Emb. 0.2 KG,"2,98€","14,90€ / KG",
AQUAFRESH ESC.ALL ANGLES MACIA,AQUAFRESH,,"3,19€",/ Unid.,
Conserva de Feijão Encarnado Cozido com pouco Sal,FERBAR,Lata 0.42 KG,"0,95€","2,26€ / KG",
Massa Cotovelos GR,MILANEZA,Emb. 0.5 KG,"1,19€","2,38€ / KG",
Queijo de pasta mole com Leite Pasteurizado,LES CROISÉS,Emb. 0.2 KG,"1,79€","8,95€ / KG",
Queijo Fresco com Leite Magro,DÉLISSE,Emb. 1 KG,"1,89€","1,89€ / KG",
Recarga Mopa 20 Panos,SWIFFER,Emb. 1 P,"4,18€","4,18€ / P",
Chocolate em pó P/ Leite Saco,NESQUIK,Emb. 1 KG,"4,64€","4,64€ / KG",
Lula Inteira Descongelada,,1 Unid. = 0.1 KG (aprox.),"8,99€/kg","0,90€ / Unid.",
Conserva de Salsichas Wienerwurst 5 Unid.,NOBRE,Frasco 0.22 KG,"1,94€","8,82€ / KG",
SORTIDO GOMAS CAIXA PLASTICA,COPAÍNS COPINES,Emb. 0.75 KG,"3,99€","5,32€ / KG",
Gentil Lixívia para a Roupa a Cores e Delicada,NEOBLANC,Emb. 2 LT,"5,48€","2,74€ / LT",
Bolachas Plain Leite,BELVITA,Emb. 0.3 KG,"1,98€","6,60€ / KG",
Creme de Mãos Nutritivo Nourish & Protect,BIOTEN,Emb. 0.1 LT,"2,13€","21,30€ / LT",
"Bolachas Digestivas Finas de Aveia, Pedaços de Chocolate e Arandos",THINS,Emb. 0.27 KG,"2,93€","10,85€ / KG",
ERVILHAS CONGELADAS,ECO+,Emb. 1 KG,"1,49€","1,49€ / KG",
Água com Gás Frutos Vermelhos 4x25cl,PEDRAS,Emb. 1 LT,"2,39€","2,39€ / LT",
Bacalhau Graúdo Noruega Asa Preta,,1 Unid. = 2.5 KG,"12,98€/kg","32,45€ / Unid.",
Amêndoa Caramelizada,,Emb. 0.25 KG,"4,29€","17,16€ / KG",
Vinho Branco do Tejo Chardonnay/Arinto,QUINTA DA ALORNA,Emb. 0.75 LT,"6,39€","8,52€ / LT",
Conserva de Feijão Branco Cozido com pouco Sal,FERBAR,Lata 0.42 KG,"0,95€","2,26€ / KG",
"ATUM POSTA OLEO,,120G",,,"1,48€",/ Unid.,
Pastilha Elástica Senses Watermelon Sunrise,TRIDENT,Emb. 0.023 KG,"0,94€","40,87€ / KG",
"Iogurte de Banana, Morango e Tutti Frutti 8x120g",DANONE,Emb. 0.96 KG,"1,98€","2,06€ / KG",
Ravioli de Legumes,CÔTÉ TABLE,Emb. 0.8 KG,"1,49€","1,86€ / KG",
SARDINHA,PÊCHE OCÉAN,Emb. 0.7 KG,"2,99€","4,27€ / KG",
Mini Snacks P/ Gato Controlo das Bolas de Pelo,TOUS MES AMIS,Emb. 0.06 KG,"0,85€","14,17€ / KG",
Refrigerante de Maça Gaseificado S/ Álcool,GIBUS,Garrafa 0.75 LT,"2,49€","3,32€ / LT",
Batatas Fritas Light,POM'LISSE,Emb. 0.15 KG,"0,80€","5,33€ / KG",
Batatas Fritas Gourmet,POM'LISSE,Emb. 0.17 KG,"1,29€","7,59€ / KG",
Sumo 100% Tomate Biológico,,Emb. 1 LT,"1,49€","1,49€ / LT",
Luvas P/ Uso Doméstico Tam. M,MAMISON,Emb. 1 UNID.,"0,69€","0,69€ / UNID.",
Presas de Porco Preto,,1 Unid. = 0.5 KG  (aprox.),"10,42€/kg","5,21€ / Unid.",
Ice Tea Limão,LIPTON,Emb. 1 LT,"1,29€","1,29€ / LT",
Prato de Sobremesa 21cm Azul Marinho,ARDENCE,1 UNID.,"1,75€","1,75€ / UNID.",
ATUM RAMIREZ AZEITE 120G,RAMIREZ,,"1,19€",/ Unid.,
Leite UHT Pastagem Magro,TERRA NOSTRA,Emb. 1 LT,"1,04€","1,04€ / LT",
Bolachas com Pepitas Chocolate sem Glúten,CHAQUE JOUR,Emb. 0.15 KG,"2,29€","15,27€ / KG",
Bolachas de Água e Sal,VIEIRA,Emb. 0.125 KG,"0,94€","7,52€ / KG",
"ALTAS QUINTAS 600 BRANCO 0,75",,,"6,99€",/ Unid.,
Patê de Figado de Porco,LA PIARA,Emb. 0.08 KG,"0,96€","12,00€ / KG",
Iogurte de Morango 4 Unid.,IOGOLINO,Emb. 0.4 KG,"2,88€","7,20€ / KG",
Elixir Mentol,LISTERINE,Emb. 0.05 LT,"5,98€","119,60€ / LT",
Donuts Classic 4x50 gr,DONUTS,Emb. 0.2 KG,"2,98€","14,90€ / KG",
PREPA PAIN CEREALES,TABLIER BLANC,Emb. 1 KG,"1,58€","1,58€ / KG",
SOBREMESA CREME CHOCOLATE BRANCO,DÉLISSE,Emb. 0.5 KG,"1,89€","3,78€ / KG",
Glade Observadores Frescos de Primavera,BRISE,Emb. 0.3 KG,"2,99€","9,97€ / KG",
BOLACHA CEREAIS C/ COB DE CHOCOLATE E AVELA,P'TIT DÉLI,Emb. 0.2 KG,"1,99€","9,95€ / KG",
COUSCOUS C/FRANGO E MERGUEZ 450G,CÔTÉ TABLE,Emb. 0.45 KG,"3,09€","6,87€ / KG",
Creme Care Hidratação Intensiva,NIVEA,Emb. 0.2 LT,"4,69€","23,45€ / LT",
Pimenta Branca Moída,MARGÃO,Emb. 0.05 KG,"2,18€","43,60€ / KG",
Leite C/ Chocolate UHT 4 Unid.,MIMOSA,Emb. 0.8 LT,"1,68€","2,10€ / LT",
Vinho Regional Lisboa Branco Leve,MUNDUS,Garrafa 0.75 LT,"1,69€","2,25€ / LT",
PIRIPIRI MOIDO,RUSTICA,Emb. 0.05 KG,"0,65€","13,00€ / KG",
"BOLACHA REDONDA RECHEIO DUO ""CHOCOLATE E LEITE""",P'TIT DÉLI,Emb. 0.3 KG,"1,49€","4,97€ / KG",
Refrigerante sem Gás Maçã,TRINA,Garrafa 1.5 LT,"1,94€","1,29€ / LT",
Espumante Reserva Doce,FITA AZUL,Garrafa 0.75 LT,"5,68€","7,57€ / LT",
Queijo Pointe de Brie,ECO+,Emb. 0.2 KG,"1,45€","7,25€ / KG",
Azeite Virgem Extra Gourmet,GALLO,Emb. 0.75 LT,"3,89€","5,19€ / LT",
Néctar Clássico Laranja do Algarve 3x20cl,COMPAL,Emb. 0.6 LT,"1,58€","2,63€ / LT",
Pantene Grisalho Radiante & Suave Máscara 160 ml,PANTENE PV,Emb. 0.16 LT,"5,98€","37,38€ / LT",
Moelas de Pato,,1 Unid. = 1 P   (aprox.),"2,69€/kg","2,69€ / Unid.",
Alimento P/ Gato Adulto de Frango,PURINA,Emb. 3 KG,"22,98€","7,66€ / KG",
Queijo Fresco Barrar Natural Valformoso 200g,VALFORMOSO,Emb. 0.2 KG,"1,49€","7,45€ / KG",
Alimento Húmido para Cão Patê com Pedaços Carne Vaca,ECO+,,"1,99€",/ Unid.,
Queijo Fatiado Flamengo,LIMIANO,Emb. 0.2 KG,"2,68€","13,40€ / KG",
Pescada Congelada,,1 Unid. = 1.9 KG (aprox.),"3,49€/kg","6,63€ / Unid.",
Creme de Protecção Intensiva Camomila,ATRIX,Emb. 0.15 LT,"3,98€","26,53€ / LT",
Lápis para Colorir,ESQUISSE,,"1,99€",/ Unid.,
TORTILHA CHOURICO,TABLES DU MONDE,Emb. 0.5 KG,"2,99€","5,98€ / KG",
Gel Banho Aloe Vera,MANAVA,Emb. 0.75 LT,"1,69€","2,25€ / LT",
Alimento Lácteo Banana e Pera 0% Açúcar Bio +6 Meses,NESTLÉ,Emb. 0.36 KG,"2,98€","8,28€ / KG",
Vela Duo com Fragrância de Maçã,AIRWICK,Emb. 0.105 KG,"5,69€","54,19€ / KG",
Nata UHT Ideal para Bater,AGROS,Emb. 0.2 LT,"0,93€","4,65€ / LT",
Chá de Tília,TETLEY,Emb. 10 UNID.,"0,86€","0,09€ / UNID.",
Conserva de Azeitonas Verdes com Recheio,RUSTICA,Emb. 0.3 KG,"1,65€","5,50€ / KG",
Café Cápsulas Intenso Intensidade 9,PLANTATION,Emb. 10 CAPS.,"1,69€","0,17€ / CAPS.",
Gelatina Light Tropical,ROYAL,Emb. 0.031 KG,"2,08€","67,10€ / KG",
Escova a Pilhas Motion Kids Minion Bateria,COLGATE,Emb. 1 UNID.,"9,48€","9,48€ / UNID.",
Bacalhau Especial Pacífico,,1 Unid. = 3 KG (aprox.),"10,90€/kg","32,70€ / Unid.",
Sonhos com Canela,,1 Unid. = 0.06 KG,"24,99€","416,50€ / KG",
Carapau Grande,,1 Unid. = 0.4 KG (aprox.),"5,99€/kg","2,40€ / Unid.",
Maruca Inteira Congelada,,1 Unid. = 0.8 KG (aprox.),"13,98€/kg","11,18€ / Unid.",
Mini Cones Chocolate e Baunilha,SMICY,Emb. 10 UNID.,"2,39€","0,24€ / UNID.",
Bolachas Soft Bakes Frutos Vermelhos,BELVITA,Emb. 0.25 KG,"2,98€","11,92€ / KG",
Conserva de Caldeirada,PITEU,Emb. 0.12 KG,"1,89€","15,75€ / KG",
Coentros em Folhas,MARGÃO,Emb. 0.007 KG,"1,78€","254,29€ / KG",
PERA WILLIAMS EM CALDA,DOUCEUR DU VERGER,Emb. 0.225 KG,"1,39€","6,18€ / KG",
Pipocas Caramelizadas,TOKAPI,Emb. 0.1 KG,"0,79€","7,90€ / KG",
Iogurte Queijo Fresco Açucarado com Frutos 6x100g,DÉLISSE,Emb. 0.6 KG,"1,99€","3,32€ / KG",
Anis Estrelado,MARGÃO,Emb. 0.025 KG,"3,28€","131,20€ / KG",
GRESSINOS AZEITE ROSMANINHO,TOKAPI,Emb. 0.125 KG,"1,25€","10,00€ / KG",
Pantene 3 Minute Miracle Repara & Protege,PANTENE PV,Emb. 0.2 LT,"5,98€","29,90€ / LT",
Cracker Integral,CUÉTARA,Emb. 0.2 KG,"0,99€","4,95€ / KG",
Tablete de Chocolate e Leite C/ Cereais Crocantes,CRUNCH,Emb. 0.1 KG,"1,98€","19,80€ / KG",
Máscaras Liso Keratina,TRESEMMÉ,Emb. 0.3 LT,"5,39€","17,97€ / LT",
Cevada Solúvel,PLANTATION,Frasco 0.2 KG,"1,69€","8,45€ / KG",
Carne Porco Salgada C/ Lentilhas,CÔTÉ TABLE,Lata 0.84 KG,"2,99€","3,56€ / KG",
FEIJOADA DE CHOCOS,CÔTÉ TABLE,Emb. 0.25 KG,"3,89€","15,56€ / KG",
Queijo Fresco Light 2x62.5g,PAIVA,Emb. 0.125 KG,"1,29€","10,32€ / KG",
Pizza Margarita na Pedra 3X300G,ECO+,Emb. 0.9 KG,"3,79€","4,21€ / KG",
Mini Cookies com Pepitas de Chocolate 0% Açúcar,ARTIACH,Emb. 0.12 KG,"2,08€","17,33€ / KG",
Costeletas Mistas de Porco,,1 Unid. = 0.435 KG (aprox.),"4,69€/kg","2,04€ / Unid.",
Pensos para calos,HANSAPLAST,Emb. 8 UNID.,"3,58€","0,45€ / UNID.",
Bacalhau com Azeite e Alho,RAMIREZ,Emb. 0.12 KG,"2,49€","20,75€ / KG",
Creme Hidratante Caixa Grande,NIVEA,Emb. 0.15 LT,"4,29€","28,60€ / LT",
Alimento Húmido P/ Gato Carne de Vaca e Tomate,GOURMET GOLD,Emb. 0.085 KG,"0,74€","8,71€ / KG",
Nabiça Baby Leaf,,Emb. 0.15 KG,"1,59€","10,60€ / KG",
PIMENTO VERM./VERDE,NOTRE JARDIN,Emb. 0.6 KG,"1,53€","2,55€ / KG",
Escorredor de Louça,,1 UNID.,"1,99€","1,99€ / UNID.",
Cajú Torrado sem Sal,TOKAPI,Emb. 0.125 KG,"2,69€","21,52€ / KG",
Gelado Pistachio,ESKISS,Emb. 1 LT,"2,69€","2,69€ / LT",
Champanhe Meio Seco,POL CARSON,Garrafa 0.75 LT,"17,29€","23,05€ / LT",
FOLHA DE ALUMINIO 25 M,,,"6,48€",/ Unid.,
Vinho Regional Alentejano Tinto,PORTA DA RAVESSA,Garrafa 0.75 LT,"3,73€","4,97€ / LT",
Pimenta Branca Moída,RUSTICA,Frasco 0.04 KG,"1,49€","37,25€ / KG",
Iogurte Líquido Morango Banana,YOCO,Emb. 0.54 KG,"2,29€","4,24€ / KG",
Strogonoff,KNORR,Emb. 0.033 KG,"1,29€","39,09€ / KG",
Tira Nódoas Gel Anti-odores,VANISH,Emb. 0.912 LT,"7,91€","8,67€ / LT",
Delícias com Forma de Lagosta Ultracongelado,PESCANOVA,Emb. 0.255 KG,"2,98€","11,69€ / KG",
Luvas Colors M/L,VILEDA,Emb. 50 LT,"14,98€","0,30€ / LT",
Café Cápsulas Máximo Intensidade 10,PLANTATION,Emb. 10 CAPS.,"1,69€","0,17€ / CAPS.",
Cereais de Mel,ESTRELITAS,Emb. 0.55 KG,"3,14€","5,71€ / KG",
Pasta Pot Cogumelos,KNORR,Emb. 0.07 KG,"1,89€","27,00€ / KG",
Chá de Cidreira Mel 20 Saquetas,LIPTON,Emb. 20 SAQ.,"1,94€","0,10€ / SAQ.",
Tablete de Chocolate de Leite Superior com Avelãs Inteiras,TABLETTE D'OR,Emb. 0.2 KG,"1,75€","8,75€ / KG",
Penso Incontinência Discreet Extra,AUSONIA,Emb. 20 UNID.,"5,18€","0,26€ / UNID.",
Vinho Regional Alentejano Tinto,TALHA REAL,Garrafa 0.75 LT,"4,99€","6,65€ / LT",
Protetor Frigedeiras,CMP,1 UNID.,"1,90€","1,90€ / UNID.",
Espuma de Barbear,,,"1,09€",/ Unid.,
SORTIDO DE GOMAS EM MINI SAQUETAS,COPAÍNS COPINES,Emb. 0.5 KG,"3,49€","6,98€ / KG",
Conserva de Feijão Branco da Horta,COMPAL,Lata 0.845 KG,"1,59€","1,88€ / KG",
Iogurte Sólido Magro Amora Framboesa 4 Unid.,LONGA VIDA,Emb. 0.12 KG,"2,09€","17,42€ / KG",
Néctar Clássico Pêssego,JAFADEN,Emb. 1 LT,"0,99€","0,99€ / LT",
Bolachas de Gérmen de Trigo C/ Pepitas Chocolate Leite,NAT&VIE,Emb. 0.2 KG,"1,69€","8,45€ / KG",
Cereais de Chocolate e Chocolate Branco,CHOCAPIC,Emb. 0.4 KG,"2,92€","7,30€ / KG",
Barras de Cereais de Chocolate C/ Leite 6 Unid.,NESQUIK,Emb. 0.15 KG,"3,28€","21,87€ / KG",
Esparguete s/glúten,CHAQUE JOUR SANS GLUTEN,Emb. 0.4 KG,"1,29€","3,23€ / KG",
MINI BISCOITOS COM COBERTURA DE CHOCOLATE DE LEITE,P'TIT DÉLI,Emb. 0.16 KG,"1,69€","10,56€ / KG",
Pão de Forma Multicereal,EPI D'OR,Emb. 0.45 KG,"1,39€","3,09€ / KG",
Fondue Queijo,LES CROISÉS,Emb. 0.4 KG,"3,99€","9,98€ / KG",
Cheetos Rolitos,CHEETOS,Emb. 0.1 KG,"1,64€","16,40€ / KG",
Alimento Seco P/ Gato de Salmão,PURINA,Emb. 1.5 KG,"11,98€","7,99€ / KG",
Fiambre Peito de Peru em Forno de Lenha,CAMPOFRIO,1 Unid. = 0.11 KG (aprox.),"15,99€/kg","1,76€ / Unid.",
MASSA FOLHADA RECTANG. 230G,TABLIER BLANC,Emb. 0.23 KG,"1,29€","5,61€ / KG",
Coloração Preto Azulado 210 sem Amoníaco,CASTING,Emb. 1 UNID.,"9,98€","9,98€ / UNID.",
Presunto 6 Fatias,,Emb. 0.15 KG,"2,39€","15,93€ / KG",
Caixa Hermética Redonda 23cm,DURALEX,1 UNID.,"3,49€","3,49€ / UNID.",
GUARDANAPOS LARANJA TIPO E RENOVA,GUARDANAPOS RENOVA,Emb. 70 UNID.,"0,69€","0,01€ / UNID.",
LAVA TUDO BOSQUE,CLAIR,Emb. 2 LT,"0,89€","0,45€ / LT",
Guardanapos Branco Pequenos Folha Dupla,GUARDANAPOS RENOVA,Emb. 90 UNID.,"1,24€","0,01€ / UNID.",
Bebida Solúvel de Cereais C/ Café,MOKAMBO,Emb. 0.2 KG,"4,48€","22,40€ / KG",
Cerveja com Álcool 24x33cl,SAGRES,Emb. 7.92 LT,"18,29€","2,31€ / LT",
Verniz de Unhas 60 Segundos 703,RIMMEL,Emb. 1 UNID.,"4,13€","4,13€ / UNID.",
Queijo Flamengo Fatiado,AGROS,Emb. 0.2 KG,"2,18€","10,90€ / KG",
BATERIA Nº 11 44/420 44/420 TECH9,TECH9,Emb. 1 UNID.,"54,99€","54,99€ / UNID.",
Bolachas Original Family Format,OREO,Emb. 0.44 KG,"3,98€","9,05€ / KG",
Açafrão das Índias,MARGÃO,Emb. 0.037 KG,"2,18€","58,92€ / KG",
Limpeza Reparador Original,SONASOL,Emb. 1.3 LT,"2,09€","1,61€ / LT",
Café Clássico,PLANTATION,Emb. 48 PAST.,"4,95€","0,10€ / PAST.",
Conserva Salsichas Soja 5 Unid.,CEM PORCENTO,Frasco 0.39 KG,"3,98€","10,21€ / KG",
Pães de Leite 10 Unid.,EPI D'OR,Emb. 0.35 KG,"1,98€","5,66€ / KG",
Tagliatelles à L'ancienne Biológicas,,Emb. 0.25 KG,"1,59€","6,36€ / KG",
Iogurte Cremoso de Frutas 16x125g,DÉLISSE,Emb. 2 KG,"3,99€","2,00€ / KG",
CARIL SAQUETA,RUSTICA,Emb. 0.05 KG,"0,59€","11,80€ / KG",
"AGUA FRIZE,,6x25CL",FRIZE,,"2,68€",/ Unid.,
Alimento Seco P/ Gato Adulto C/ Digestão Sensível,PURINA ONE,Emb. 0.8 KG,"6,98€","8,73€ / KG",
Bolachas Petit Beurre C/ Chocolate Preto Pocket,P'TIT DÉLI,Emb. 0.25 KG,"2,45€","9,80€ / KG",
Gel Aqua Mega Forte 6,NIVEA MEN,Emb. 0.15 LT,"5,58€","37,20€ / LT",
Detergente Máquina Roupa Líquido Sensitive,SKIP,Emb. 100 DOSES,"19,99€","0,20€ / DOSES",
Panados de Peru Cordons Bleus 8x100g Ultracongelados,ECO+,Emb. 0.8 KG,"3,99€","4,99€ / KG",
Miolo de Amêndoa Palitada,MARQUE REPERE,Emb. 0.15 KG,"1,99€","13,27€ / KG",
Liegeois Café 4x100g,DÉLISSE,Emb. 0.4 KG,"1,49€","3,73€ / KG",
Paio do Lombo,CHARCUTARIA,1 Unid. = 0.1 KG (aprox.),"11,99€/kg","1,20€ / Unid.",
Pimenta Branca Moída,RUSTICA,Emb. 0.05 KG,"0,99€","19,80€ / KG",
Farinha De Trigo Espiga T55,ESPIGA,Emb. 1 KG,"1,14€","1,14€ / KG",
TABLETE CHOCOLATE NEGRO 72% 100G,CEMOI,Emb. 0.1,"0,99€","9,90€ /",
Chávena de Café Vidro 9cl,ARDENCE,1 UNID.,"0,75€","0,75€ / UNID.",
Vinho Bio Tinto Douro,ALTANO,Emb. 0.75 LT,"7,98€","10,64€ / LT",
Vinho Verde Branco,TAPADA DOS MONGES,Garrafa 0.75 LT,"3,29€","4,39€ / LT",
Rissóis de Carne,,Emb. 8   UNID.,"1,69€","0,21€ /   UNID.",
Pastilhas Elásticas sem Açúcar Sabor Menta Verde 70Unid.,NEW'R,Emb. 0.102 KG,"1,80€","17,65€ / KG",
Safio Posta Congelado,,1 Unid. = 0.9 KG (aprox.),"8,20€/kg","7,38€ / Unid.",
Conserva de Salsichas Naturíssimos Peru 8 Unid.,NOBRE,Lata 0.16 KG,"1,58€","9,88€ / KG",
PASTILHAS ANTI-CALCARIO MAQ ROUPA 48UN,TEXIL,Emb. 48 UNID.,"3,79€","0,08€ / UNID.",
Mistura de Sementes,MARQUE REPERE,Emb. 0.2 KG,"1,99€","9,95€ / KG",
Gel de Banho Naturals Oliva e Leite,PALMOLIVE,Emb. 0.5 LT,"2,69€","5,38€ / LT",
Sacos do Lixo Ultra Resistentes com Atilhos 100L,ELEMBAL,,"2,59€",/ Unid.,
Condicionador Purify & Hidrate,,Emb. 0.4 LT,"4,19€","10,48€ / LT",
VILEDA LUVAS MULTI 10 S/M,VILEDA,Emb. 10 UNID.,"2,23€","0,22€ / UNID.",
Licor Ginja com Fruto,ALBERGARIA,Emb. 1 LT,"6,99€","6,99€ / LT",
Alimento Seco P/ Gato Vaca e Frango,PURINA FRISKIES,Emb. 2 KG,"7,98€","3,99€ / KG",
Penso Incontinência Discreet Micro,AUSONIA,Emb. 28 UNID.,"3,98€","0,14€ / UNID.",
Gelatina Sabor Melancia 2x85g,TABLIER BLANC,Emb. 0.17 KG,"0,85€","5,00€ / KG",
Cillit Bang Lixívia & Higiene 500ML x12,CILLIT BANG,Emb. 0.5 LT,"2,24€","4,48€ / LT",
FEIJAO MANTEIGA SACO,NOTRE JARDIN,Emb. 0.5 KG,"1,09€","2,18€ / KG",
Vinho Regional Alentejo Tinto,MONSARAZ,Garrafa 0.75 LT,"2,99€","3,99€ / LT",
Metades de Pêssego em Calda,DOUCEUR DU VERGER,Lata 0.23 KG,"1,39€","6,04€ / KG",
Pastilhas Sabor a Menta,TRIDENT,Emb. 0.058 KG,"2,58€","44,48€ / KG",
Mix de Patês,CÔTÉ TABLE,Emb. 0.234 KG,"1,98€","8,46€ / KG",
BOLACHAS RETANGULARES COM RECHEIO DE CHOCOLATE,P'TIT DÉLI,Emb. 0.125 KG,"1,29€","10,32€ / KG",
Vinho Verde Branco,DEU LA DEU,Garrafa 0.75 LT,"5,99€","7,99€ / LT",
Chá de Tília,,Emb. 25 SAQ.,"0,99€","0,04€ / SAQ.",
Papa Infantil 8 Cereais e Mel,NESTLÉ,Emb. 0.25 KG,"1,79€","7,16€ / KG",
Alimento Húmido P/ Gato Gold Mousse C/ Frango,GOURMET,Emb. 0.085 KG,"0,74€","8,71€ / KG",
Chá de Camomila,LIPTON,Emb. 10 SAQ.,"0,69€","0,07€ / SAQ.",
Mistura de Frutos Secos Torrados com Sal,TOKAPI,Emb. 0.12 KG,"1,79€","14,92€ / KG",
Cereais Granola de Aveia C/ Arandos e Sementes de Abóbora,FITNESS,Emb. 0.3 KG,"2,79€","9,30€ / KG",
Galetes Finíssimas Pré-Refeição de Arroz,SALUTEM,Emb. 0.13 KG,"0,97€","7,46€ / KG",
Sumo 100% Ananás Biológico,,Emb. 1 LT,"2,99€","2,99€ / LT",
CALDO GALINHA M.REPERE,RUSTICA,Emb. 0.12 KG,"0,79€","6,58€ / KG",
Aguardente Vínica Velha,DORRÃO,Garrafa 0.7 LT,"11,99€","17,13€ / LT",
Lixívia Perfumada,NEOBLANC,Emb. 4 LT,"3,34€","0,84€ / LT",
FILETES DE CAVALA C/ MOSTARDA DE DIJON,PÊCHE OCÉAN,Emb. 0.169 KG,"1,79€","10,59€ / KG",
Azeite Virgem Tradicional,SERRATA,Garrafa 0.75 LT,"3,64€","4,85€ / LT",
Champô Total Repair 5,ELVIVE,Emb. 0.25 LT,"3,98€","15,92€ / LT",
Tigela de Vidro 14cm,,1 UNID.,"0,90€","0,90€ / UNID.",
Papa Infantil Aveia Manga e Banana,CERELAC,Emb. 0.25 KG,"2,49€","9,96€ / KG",
Café Solúvel Liofilizado,ECO+,Emb. 0.2 KG,"3,19€","15,95€ / KG",
Ambientador Stick 2em1 Perfume Citrinos,BIEN AIR,Emb. 2 UNID.,"0,91€","0,46€ / UNID.",
Borracha com Proteção,ESQUISSE,Emb. 2 UNID.,"0,65€","0,33€ / UNID.",
Sobremesa Láctea sabor Baunilha 8x100g,DÉLISSE,Emb. 0.8 KG,"2,79€","3,49€ / KG",
CONE CHOCOLATE/PISTACHIO 8UN,ECO+,Emb. 8 UNID.,"2,28€","0,29€ / UNID.",
Água Micelar Tudo em 1,GARNIER,Emb. 0.4 LT,"6,88€","17,20€ / LT",
Xarope de Laranja,FRUCCI,Emb. 0.75 LT,"3,89€","5,19€ / LT",
CREME PENTEAR CABELOS CARACOIS 200ML,VITANOVE,Emb. 0.2 LT,"2,39€","11,95€ / LT",
Fiambre da Perna Extra,NOBRE,1 Unid. = 0.11 KG (aprox.),"12,79€/kg","1,41€ / Unid.",
Vinho Regional Alentejo Tinto,PORTA DA RAVESSA,Garrafa 0.75 LT,"1,99€","2,65€ / LT",
Saquetas Iogurte Morango,DANONE,Emb. 0.28 KG,"1,99€","7,11€ / KG",
Iogurte Soja Natural 6 Unid.,NAT&VIE,Emb. 0.6 KG,"1,49€","2,48€ / KG",
Resguardo 60x90 cm,LINDOR,Emb. 15 UNID.,"8,68€","0,58€ / UNID.",
Secretos de Porco Preto,,1 Unid. = 0.5 KG  (aprox.),"8,17€/kg","4,09€ / Unid.",
Vinho Regional Alentejano Tinto,PORTA DA RAVESSA,Garrafa 0.75 LT,"4,49€","5,99€ / LT",
Tira Nódoas Pó Oxi Action White,VANISH,Emb. 0.9 KG,"12,98€","14,42€ / KG",
Desodorizante Roll-On Protect & Care 0% 48h,NIVEA,Emb. 0.05 LT,"4,28€","85,60€ / LT",
Conserva de Salsichas 6 Unid. FrankFurt,CÔTÉ TABLE,Lata 0.12 KG,"0,59€","4,92€ / KG",
Cabo Universal,,Emb. 1 UNID.,"2,99€","2,99€ / UNID.",
Preparado de Sopa Juliana Portuguesa,,Emb. 0.35 KG,"1,29€","3,69€ / KG",
Refrigerante C/ Gás Vidro Pack 4,COCA COLA,Emb. 0.08 LT,"2,91€","36,38€ / LT",
Fios de Bacon,PRIMOR,Emb. 0.1,"2,08€","20,80€ /",
Bebida de Soja Choco 3x200ML,SHOYCE,Emb. 0.6 LT,"1,78€","2,97€ / LT",
Lava Tudo Multisuperficies Lavanda,CIF,Emb. 1.4 LT,"1,99€","1,42€ / LT",
Sopa Creme de Lagosta,KNORR,Emb. 0.061 KG,"1,49€","24,43€ / KG",
TOSTAS DE TRIGO INTEGRAL,EPI D'OR,Emb. 0.5 KG,"1,49€","2,98€ / KG",
Espargos Verdes,,Emb. 0.25 KG,"2,99€","11,96€ / KG",
CREME Q10 DIA 50ML,INELL,Emb. 0.05 LT,"2,99€","59,80€ / LT",
OREGAOS FOLHAS SAQUETA,RUSTICA,Emb. 0.08 KG,"0,28€","3,50€ / KG",
Neoblanc Gentil Higiene Lixívia,NEO BLANC,Emb. 2 LT,"6,48€","3,24€ / LT",
Pensos Higiénicos Salvaslips em Bolsas,EVAX,Emb. 40 UNID.,"1,89€","0,05€ / UNID.",
Sumo Refrigerado Morango,SUNNY DELIGHT,Emb. 0.31 Lt,"0,78€","2,52€ / Lt",
Barra Bueno Recheio Leite Avelãs Cobertura Chocolate 2 Unid.,KINDER,Emb. 0.043 KG,"1,08€","25,12€ / KG",
Cuscus Aves e Salsichas Merguez,CÔTÉ TABLE,Emb. 0.98 KG,"4,29€","4,38€ / KG",
Snacks P/ Cão 25-40Kg Dentalife Large,PURINA,Emb. 0.426 KG,"6,68€","15,68€ / KG",
Filete Primavera com Alho e Ervas Aromáticas 2 Unid.,IGLO,Emb. 0.225 KG,"3,99€","17,73€ / KG",
Nata UHT,MIMOSA,Emb. 0.2 LT,"0,88€","4,40€ / LT",
Bebida Energética Energy Drink,RED BULL,Lata 0.25 LT,"1,38€","5,52€ / LT",
IOGURTES DE LEITE GORDO VARIOS AROMAS,DÉLISSE,Emb. 1 KG,"2,65€","2,65€ / KG",
Feijão Branco Seco,NOTRE JARDIN,Emb. 0.5 KG,"0,99€","1,98€ / KG",
Sobremesa Láctea de Alperce +6 Meses,BIO VILLAGE BEBE,Emb.0 0.4 KG,"2,29€","5,73€ / KG",
Massa de Pimentão,RUSTICA,Frasco 0.2 KG,"0,89€","4,45€ / KG",
Alimento Seco Gato Croquetes Frango e Cereais,ECO+,Emb. 4 KG,"5,79€","1,45€ / KG",
Pimentão Doce Colorau,MARGÃO,Emb. 0.1 KG,"1,98€","19,80€ / KG",
Desodorizante Spray Sport Cool,REXONA,Emb. 0.15 LT,"2,54€","16,93€ / LT",
Carcaça Portuguesa,,1 Unid. = 0.065 KG,"0,20€","3,08€ / KG",
Miolo Noz Pedaços,MARQUE REPERE,Emb. 0.2 KG,"2,59€","12,95€ / KG",
Caixa Hermética Quadrada 17cm,,1 UNID.,"2,29€","2,29€ / UNID.",
Pêra Packam´s Cal. 65/75,,1 Unid. = 0.23 KG (aprox.),"1,99€/kg","0,46€ / Unid.",
OIKOS NATURAL 1KG X1,OIKOS,Emb. 1 KG,"3,99€","3,99€ / KG",
Molho Cocktail Salsa,HEINZ,Emb. 0.22 KG,"2,38€","10,82€ / KG",
Wafers Sabor Baunilha,TRIUNFO,Emb. 0.146 KG,"1,28€","8,77€ / KG",
Farinha Rainha Especial P/ Bolos,NACIONAL,Emb. 1 KG,"1,23€","1,23€ / KG",
Pantene Repara & Protege Ampolas Resgate,PANTENE PV,Emb. 3 UNID.,"6,98€","2,33€ / UNID.",
Cerveja com Álcool,SUPER BOCK,Garrafa 1 LT,"1,98€","1,98€ / LT",
"AQUAFRESH INTENSE CLEAN,,2x75ML",AQUAFRESH,,"3,99€",/ Unid.,
"KINDER BUENO CLASSICO, T2X4",KINDER BUENO,Emb. 0.172 KG,"2,44€","14,19€ / KG",
CRACKERS 3X100G,TOKAPI,Emb. 0.3 KG,"1,59€","5,30€ / KG",
Champô Leite de Coco,HERBAL ESSENCES,Emb. 0.4 LT,"3,99€","9,98€ / LT",
Cereais Powerz,NACIONAL,Emb. 0.3 KG,"1,69€","5,63€ / KG",
"AQUAFR ELIXIR MULTIACT,,500ML",AQUAFRESH,,"5,48€",/ Unid.,
Miolo de Amêndoa Torrada,MARQUE REPERE,Emb. 0.2 KG,"3,99€","19,95€ / KG",
Caldo de Galinha,KNORR,Emb. 0.252 KG,"2,39€","9,48€ / KG",
Vinho Regional Douro Tinto,KOPKE,Garrafa 0.75 LT,"7,48€","9,97€ / LT",
Pantene Anticaspa Champô,PANTENE PV,Emb. 0.25 LT,"3,98€","15,92€ / LT",
Cerveja Amber Lager 4x33cl,CORUJA,Emb. 1.32 L,"3,29€","2,49€ / L",
Tablete de Chocolate Preto com Pedaços de Amêndoas Torradas Biológico,,Emb. 0.1 KG,"1,99€","19,90€ / KG",
Desodorizante Roll On Talc Soft,DOVE,Emb. 0.05 LT,"2,69€","53,80€ / LT",
Alimento Seco P/ Cão Adulto + de 10 Kg Frango C/ Arroz,PURINA,Emb. 2.5 KG,"10,48€","4,19€ / KG",
Vinagre de Vinho Branco,RUSTICA,Garrafa 0.5 LT,"0,49€","0,98€ / LT",
Iogurte Líquido Natural 0% 6 Unid.,ACTIMEL,Emb. 0.6 KG,"2,59€","4,32€ / KG",
Luvas Universais M,VILEDA,Emb. 1 UNID.,"1,98€","1,98€ / UNID.",
ALGODAO DUO OVAL,INELL,Emb. 70 UNID.,"1,09€","0,02€ / UNID.",
Fio Dentário Expansivo Sabor Menta,SENSODYNE,Emb. 1 P,"3,48€","3,48€ / P",
"Cacaolat Zero Açúcares Adicionados Leite Cacau UHT 4x 0,20L",CACAOLAT,Emb. 4 UNID.,"2,09€","0,52€ / UNID.",
"Mistura de Triguilho, Quinoa Branca e Quinoa Vermelha",,Emb. 0.45 KG,"4,29€","9,53€ / KG",
Bife do Acém Redondo Novilho,,1 Unid. = 0.25 KG (aprox.),"8,99€/kg","2,25€ / Unid.",
Andouillettes 3 Unid.,TRADILÈGE,Emb. 0.42 KG,"4,39€","10,45€ / KG",
Alimento Húmido P/ Gato Gold Mousse Peixe,GOURMET GOLD,,"0,74€",/ Unid.,
Loção Spray Cocoa Radiante,VASELINE,Emb. 0.19 LT,"3,59€","18,89€ / LT",
Chávena de Café Vidro 22cl,ARDENCE,1 UNID.,"0,90€","0,90€ / UNID.",
Alimento Seco P/ Gatos Interior Frango,PURINA FRISKIES,Emb. 3 KG,"12,98€","4,33€ / KG",
Mozarella Ralada,GALBANI,Emb. 0.15 KG,"2,94€","19,60€ / KG",
Faca de Carne,,Emb. 6 UNID.,"1,99€","0,33€ / UNID.",
Brioches com Recheio Chocolate 8Unid.,EPI D'OR,Emb. 0.31 KG,"2,29€","7,39€ / KG",
Amaciador Concentrado Flores do Campo,HYPERDOU,Emb. 72 DOSES,"1,75€","0,02€ / DOSES",
Açúcar Fino Granulado,SIDUL,Emb. 1 KG,"1,08€","1,08€ / KG",
Glade Automatic Spray Recarga Relax Zen,GLADE,Emb. 0.269 LT,"3,59€","13,35€ / LT",
Cerveja com Álcool 6x33cl,CRISTAL,Emb. 1.98 LT,"2,89€","1,46€ / LT",
Tablete de Chocolate Creme de Cacau,MILKA,Emb. 0.1 KG,"1,68€","16,80€ / KG",
Infusão de Canela e Maça,LIPTON,Emb. 0.044 KG,"1,94€","44,09€ / KG",
Iogurte Grego Natural 4 Unid.,YAOS,Emb. 0.44,"2,29€","5,20€ /",
Queijo Curado Amanteigado o Sabor Português,LES CROISÉS,1 Unid. = 1 KG (aprox.),"8,99€/kg","8,99€ / Unid.",
VINHO BRANCO CRUZEIRO MINHOTO 75CL,CRUZEIRO MINHOTO,,"1,79€",/ Unid.,
AUSONIA AIRDRY NOITE ABAS 24,AUSONIA,Emb. 24 UNID.,"4,24€","0,18€ / UNID.",
BEBIDA SOJA FRUTOS VERMELHOS 3x250ML,ALPRO,Emb. 0.75 LT,"1,79€","2,39€ / LT",
"ATUM FILET MANJERICÃO&TOMATE SECO, 120G",TENÓRIO,Emb. 0.12 KG,"2,29€","19,08€ / KG",
Ketchup Heinz Top Down 220 Ml,HEINZ,Emb. 0.22 LT,"2,28€","10,36€ / LT",
Massa Cotovelinhos,ECO+,Emb. 0.5 KG,"0,65€","1,30€ / KG",
Couve Flor Congelada,NOTRE JARDIN,Emb. 1 KG,"1,89€","1,89€ / KG",
Escovas Júnior,AQUAFRESH,Emb. 1 UNID.,"3,08€","3,08€ / UNID.",
Salpicão Tradicional,FUMEIROS DA GUARDA,Emb. 0.3 KG,"4,24€","14,13€ / KG",
Molho Béchamel,RUSTICA,Emb. 0.5 LT,"1,62€","3,24€ / LT",
CREME HIDRATANTE PELE SECA/SENSIVEL 50ML,INELL,Emb. 0.05 LT,"2,99€","59,80€ / LT",
Pantene Protect & Style Laca 300ml,PANTENE PV,Emb. 0.3 LT,"3,74€","12,47€ / LT",
Uva Preta,,1 Unid. = 0.25 KG (aprox.),"2,10€/kg","0,53€ / Unid.",
Gel Sanitário Anti-calcário,HARPIC,Emb. 0.75 LT,"1,94€","2,59€ / LT",
CREME DEPILATORIO PELE SENSIVEL 100ML 100ML SLISS,SLISS,,"1,75€",/ Unid.,
Moscatel do Douro,DORRÃO,Garrafa 0.75 LT,"3,49€","4,65€ / LT",
Vinho Regional Alentejano Tinto,GALITOS,Garrafa 0.75 LT,"1,98€","2,64€ / LT",
Sacos de Lixo Ultra Resistentes com Atilhos 20x30L,ELEMBAL,Emb. 20 UNID.,"1,89€","0,09€ / UNID.",
SPRAY LIMPA TABLIER 1 L 1L TECH9,TECH9,Emb. 1 LT,"3,19€","3,19€ / LT",
GRAO DE BICO LATAMGUIA,NOTRE JARDIN,Emb. 0.425 KG,"0,75€","1,76€ / KG",
Pantene Caracóis Perfeitos Champô 3 Em 1,PANTENE,Emb. 0.3 LT,"4,98€","16,60€ / LT",
Gel Anti-Calcário Hygiene Elimina Bactérias,CALGON,Emb. 1.5 LT,"12,74€","8,49€ / LT",
Iogurte Líquido Morango 6 Unid.,YOCO,Emb. 0.54,"2,29€","4,24€ /",
Pinça de Servir de Inox,,1 UNID.,"2,25€","2,25€ / UNID.",
Fraldas Incontinência com Elásticos Médio,LINDOR,Emb. 20 UNID.,"12,48€","0,62€ / UNID.",
Lanche Misto,,1 Unid. = 0.09 KG,"0,99€","11,00€ / KG",
Fiambre Peito de peru,,1 Unid. = 0.12 KG (aprox.),"10,99€/kg","1,32€ / Unid.",
Pack 4 Escovas de Dentes Média,ORAL B,Emb. 4 UNID.,"3,68€","0,92€ / UNID.",
Puré de Tomates Biológico,,Emb. 0.72 LT,"1,95€","2,71€ / LT",
Galetes Arroz Biológicas,,Emb. 0.13 KG,"0,99€","7,62€ / KG",
Cerveja com Álcool Radler 6x33cl,SAGRES,Emb. 1.98 LT,"3,99€","2,02€ / LT",
Bolachas de Chocolate com Pepitas de Chocolate,ECO+,Emb. 0.2 KG,"0,97€","4,85€ / KG",
CREME DE OVOS SABOR COCO,DÉLISSE,Emb. 0.4 KG,"2,45€","6,13€ / KG",
COTOVELOS,CAÇAROLA,Emb. 0.5 KG,"1,16€","2,32€ / KG",
Açúcar de Cana em Pó Biológico,,Emb. 0.5 KG,"1,89€","3,78€ / KG",
POSTA DE PESCADA Nº3 COZER,PÊCHE OCÉAN,Emb. 0.6 KG,"4,69€","7,82€ / KG",
SOBREMESA PISTACHE,DÉLISSE,Emb. 0.5 KG,"1,59€","3,18€ / KG",
Conserva Cogumelos Inteiros,NOTRE JARDIN,Emb. 0.355 KG,"1,29€","3,63€ / KG",
Cerveja com Álcool 20x25cl,SUPER BOCK,Emb. 5 LT,"9,49€","1,90€ / LT",
Bolachas Recheadas Chocolate Biológicas,,Emb. 0.185 KG,"2,59€","14,00€ / KG",
Caramelo Magnificat Crocante com Recheio Cremoso,LUTTI,Emb. 0.15 KG,"2,39€","15,93€ / KG",
Bloco Sanitário Flor de Pinho,HARPIC,Emb. 1 UNID.,"3,55€","3,55€ / UNID.",
Courgette,,1 Unid. = 0.38 KG (aprox.),"1,99€/kg","0,76€ / Unid.",
TOMATE CONCENTRADO BISNAGA BIO,,Emb. 0.2 KG,"1,49€","7,45€ / KG",
Queijo Fatiado Flamengo,TERRA NOSTRA,Emb. 0.2 KG,"2,19€","10,95€ / KG",
Pastéis de Bacalhau 10 Unid.,SNR,Emb. 0.325 KG,"3,45€","10,62€ / KG",
Condicionador Express para Pontas Espigadas em Spray,GLISS,Emb. 0.2 LT,"3,24€","16,20€ / LT",
Gomas Sabor a Frutos,HARIBO,Emb. 0.1 KG,"1,08€","10,80€ / KG",
Rum Carta Blanca,BACARDI,Garrafa 0.7 LT,"16,98€","24,26€ / LT",
Desodorizante Spray Baunilha,MANAVA,Emb. 0.1 LT,"1,29€","12,90€ / LT",
Melância Preta,,1 Unid. = 2.85 KG (aprox.),"1,29€/kg","3,68€ / Unid.",
Moelas de Frango Embaladas,,1 Unid. = 0.4 KG (aprox.),"3,99€/kg","1,60€ / Unid.",
LEGUMES SALTEADOS WOK ASIATICO,NOTRE JARDIN,Emb. 1 KG,"3,45€","3,45€ / KG",
AMACIADOR ROUPA ROSAS,HYPERDOU,Emb. 4 LT,"1,69€","0,42€ / LT",
Batatas Fritas Light,LAY'S,Emb. 0.14 KG,"1,88€","13,43€ / KG",
Conserva de Feijão Branco Cozido,NOTRE JARDIN,Lata 0.85 KG,"0,99€","1,16€ / KG",
Flocos  Tostados Cevada Integral,SALUTEM,Emb. 0.25 KG,"1,78€","7,12€ / KG",
Bebida Energética Ultra White Energy Zero Açúcar,MONSTER ENERGY,Emb. 0.05 LT,"1,20€","24,00€ / LT",
Tronco de Natal,,1 Unid. = 1 KG (aprox.),"12,99€/kg","12,99€ / Unid.",
Mácara Rosto Filme Purificante Alisante,INELL,Emb. 2 UNID.,"1,39€","0,70€ / UNID.",
Chávena de Café Vidro 33cl,ARDENCE,1 UNID.,"1,45€","1,45€ / UNID.",
PESSEGO EM CALDA,DOUCEUR DU VERGER,Emb. 0.82 KG,"2,39€","2,91€ / KG",
Presunto Fatiado,DAMATTA,Emb. 0.07 KG,"1,98€","28,29€ / KG",
Doce de Alperce,MAMIE DOUCEUR,Frasco 0.75 KG,"3,99€","5,32€ / KG",
RAVIOLI CARNE VACA MOLHO ITALIANO,CÔTÉ TABLE,Emb. 0.8 KG,"2,19€","2,74€ / KG",
BATOM HIDRATANTE CLASSICO 2UN,INELL,Emb. 2 UNID.,"1,59€","0,80€ / UNID.",
Óleo de Palma,GUINEA'S,Emb. 0.4 LT,"3,43€","8,58€ / LT",
PALMIERS C/ COBERTURA CHOCOLATE,P'TIT DÉLI,Emb. 0.23 KG,"1,69€","7,35€ / KG",
Bolachas Digestivas Chocolate,TRIUNFO,Emb. 0.195 KG,"1,63€","8,36€ / KG",
Néctar Essencial Maça 3x110ml,COMPAL,Emb. 0.33 LT,"1,79€","5,42€ / LT",
Rolo Cozinha Mega ECO 1=10,MARQUE REPERE,Emb. 1 UNID.,"2,99€","2,99€ / UNID.",
Sobremesa Gelado Chocolate Brownie,CARTE D'OR,Emb. 0.9 LT,"3,29€","3,66€ / LT",
MISTURA DE LEGUMES A VAPOR,NOTRE JARDIN,Emb. 0.4 KG,"1,59€","3,98€ / KG",
Café Cápsulas Pack Intensidade,DELTA Q,Emb. 40 CAPS.,"12,99€","0,32€ / CAPS.",
RECARGA MICROF.BALDE COM PEDAL,VILEDA,,"7,49€",/ Unid.,
Coloração Longa Duração Belle Color 6 Louro Escuro,GARNIER,Emb. 1 UNID.,"5,98€","5,98€ / UNID.",
Lixívia Frescura do Campo,NEOBLANC,Emb. 1 LT,"1,28€","1,28€ / LT",
Pizza Fresca 3 Queijos,TURINI,Emb. 0.45 KG,"2,59€","5,76€ / KG",
Pacotinho de Frutas Banana Laranja e Bolacha +6 meses,NATURNES,Emb. 0.09 KG,"1,04€","11,56€ / KG",
AMACIADOR CONCENTRADO LIRIOS E MORANGOS 72 DOSES,HYPERDOU,Emb. 2 LT,"1,75€","0,88€ / LT",
Bifidus Actifidus Muesli 4x124g,DÉLISSE,Emb. 0.5 KG,"1,29€","2,58€ / KG",
Sumo de Laranja e Cenoura,SANTAL,Garrafa 1.5 LT,"2,04€","1,36€ / LT",
Erva Doce em Grão,MARGÃO,Emb. 0.04 KG,"0,96€","24,00€ / KG",
Pota Inteira Congelado,,1 Unid. = 0.2 KG (aprox.),"4,49€/kg","0,90€ / Unid.",
"""BLANQUETTE"" DE VITELA E ARROZ",CÔTÉ TABLE,Emb. 0.285 KG,"2,49€","8,74€ / KG",
Pudim Flan Caramelo 12x100g,ECO+,Emb. 1.2 KG,"1,69€","1,41€ / KG",
Queijo Ralado Emmental,PRÉSIDENT,Emb. 0.15 KG,"2,54€","16,93€ / KG",
Feijão Verde Muito Fino Ultracongelado,NOTRE JARDIN,Emb. 1 KG,"1,79€","1,79€ / KG",
Vinho Regional Douro Branco,ADEGA DE MURÇA,Garrafa 0.75 LT,"1,49€","1,99€ / LT",
CORANTES ALIMENTARES X3,TABLIER BLANC,Emb. 0.018 LT,"1,95€","108,33€ / LT",
SAL DE MESA,ECO+,Emb. 0.25 KG,"0,23€","0,92€ / KG",
Bebida Energética Orange Burst,POWERADE,Emb. 0.5 LT,"1,38€","2,76€ / LT",
Madalenas sem Glúten,CHAQUE JOUR SANS GLUTEN,Emb. 0.18 KG,"2,79€","15,50€ / KG",
AFTER SUN AMBRE SOLAIRE ALOE 400ML,AMBRE SOLAIRE,Emb. 0.4 LT,"14,98€","37,45€ / LT",
Conserva de Azeitona Preta em Rodelas,RUSTICA,Frasco 0.36 KG,"0,99€","2,75€ / KG",
Spray de Cabelo Espuma Fresh & Uplift,SYOSS,Emb. 0.2 LT,"6,92€","34,60€ / LT",
Chocolate Negro Sobremesas,ECO+,Emb. 0.2 KG,"0,99€","4,95€ / KG",
REBENTOS DE FEIJAO MUNGO,NOTRE JARDIN,Emb. 0.175 KG,"0,54€","3,09€ / KG",
Rissóis de Camarão,,Emb. 8 UNID.,"1,39€","0,17€ / UNID.",
Ice Tea de Limão Lata 6x25cl,LIPTON,Emb. 1.5 LT,"3,38€","2,25€ / LT",
RESGUARDO PROTECAO CAMA 90X180CM,CHORYS,Emb. 20 UNID.,"10,99€","0,55€ / UNID.",
Bolachas de Manteiga,,Emb. 0.125 KG,"1,25€","10,00€ / KG",
Pistachos Torrados Salgados,ECO+,Emb. 0.2 KG,"2,59€","12,95€ / KG",
Desodorizante Roll-On Narta Invisível 48H,GARNIER,Emb. 0.05 LT,"3,98€","79,60€ / LT",
Pão de Forma Integral,EPI D'OR,Emb. 0.5 KG,"0,99€","1,98€ / KG",
Sumo 100% Maçã,JAFADEN,Emb. 1 LT,"1,49€","1,49€ / LT",
Fiambre Peito de Frango,CAMPOFRIO,1 Unid. = 0.1 KG (aprox.),"10,99€/kg","1,10€ / Unid.",
Ameixa Seca Descaroçada,MARQUE REPERE,Emb. 0.2 KG,"1,79€","8,95€ / KG",
BOLACHAS DIGESTIVE DIGESTIVE NATURE GULLON 400G,GULLÓN,Emb. 0.4 KG,"2,44€","6,10€ / KG",
FRALDAS BEBE T5+ 12/25KG 52UN,ECO+,Emb. 52 UNID.,"9,49€","0,18€ / UNID.",
Espumante Reserva Tinto Bruto,ALIANÇA,Garrafa 0.75 LT,"6,48€","8,64€ / LT",
Gelado de Chocolate Branco e Cookies,MAGNUM,Emb. 0.44 LT,"3,89€","8,84€ / LT",
Arroz Carolino,CAÇAROLA,Emb. 1 KG,"1,05€","1,05€ / KG",
Pantene Anticaspa Champô 3 Em 1,PANTENE PV,Emb. 0.3 LT,"4,98€","16,60€ / LT",
Fraldas Cuecas Noturnas Absorventes Happyjama 4-7 Anos 17-29 Kg,DODOT,Emb. 17 UNID.,"14,98€","0,88€ / UNID.",
Sobremesa Creme de Baunilha 4x100gr,DANONE,Emb. 0.4 KG,"1,99€","4,98€ / KG",
Mad Chip Alho e Evas,CALVÉ,Emb. 0.26 KG,"2,68€","10,31€ / KG",
Barras de Cereais de Morango 6 Unid.,FITNESS,Emb. 0.141 KG,"2,29€","16,24€ / KG",
Cuscus Clássica,NACIONAL,Emb. 0.25 KG,"0,84€","3,36€ / KG",
Drageias de Chocolate Leite,SMARTIES,Emb. 0.038 KG,"0,98€","25,79€ / KG",
Alimento Húmido Bovino para Cão,ECO+,Emb. 0.3 KG,"0,55€","1,83€ / KG",
Ice Tea Manga,LIPTON,Emb. 1 LT,"1,29€","1,29€ / LT",
Cápsulas Café Blonde Espresso P/ Dolce Gusto Intensidade 6,STARBUCKS,Emb. 12 CAPS.,"5,38€","0,45€ / CAPS.",
QUEIJO DE OVELHA,LES CROISÉS,Emb. 0.2 KG,"2,49€","12,45€ / KG",
London Dry Gin,BEEFEATER,Garrafa 0.7 LT,"16,98€","24,26€ / LT",
Bloco Sanitário Desinfectante de Lima,DOMESTOS,Emb. 0.055 KG,"1,79€","32,55€ / KG",
Esferográficas de Cores sortidas,ESQUISSE,Emb. 10 UNID.,"0,99€","0,10€ / UNID.",
Arroz Branco Longo Biológico,,Emb. 0.5 KG,"1,19€","2,38€ / KG",
NOODLES DE CARIL,TABLES DU MONDE,Emb. 0.061 KG,"0,89€","14,59€ / KG",
"Jarro 0,5L",,1 UNID.,"1,35€","1,35€ / UNID.",
Queijinhos Frescos de Fruta,DÉLISSE,Emb. 0.6 KG,"1,79€","2,98€ / KG",
Mini Snack de Chocolate de Leite,LION,Emb. 11 UNID.,"2,78€","0,25€ / UNID.",
Caldeirada de Peixe Ultracongelada,Brasmar,Emb. 0.9 KG,"2,99€","3,32€ / KG",
Limonada Zero,SPRINK'S,Emb. 1.5 LT,"0,99€","0,66€ / LT",
COTONETES ALGODAO,ECO+,Emb. 200 UNID.,"0,69€","0,00€ / UNID.",
Gelatina Light Sabor a Frutos Vermelhos,TABLIER BLANC,Emb. 0.031 KG,"0,79€","25,48€ / KG",
Forma de Alumínio Charlotte Castanha 18cm,ARDENCE,1 UNID.,"4,90€","4,90€ / UNID.",
DETERGENTE MANUAL LOICA AMENDOAS DOCES/CALENDULA,VISIOR,Emb. 0.75 LT,"0,97€","1,29€ / LT",
Chocolate Preto 70% Cacau Extra Noir,JUBILEU,Emb. 0.1 KG,"2,63€","26,30€ / KG",
Dentífrico Cuidado Branqueador,PARODONTAX,Emb. 0.075 LT,"5,58€","74,40€ / LT",
Noz Moscada Moída,MARGÃO,Emb. 0.05 KG,"2,58€","51,60€ / KG",
Preparado em Pó P/ Gelatina de Limão,ROYAL,Emb. 0.114 KG,"1,00€","8,77€ / KG",
Creme de Pentear Hidra Caracóis,FRUCTIS,Emb. 0.2 LT,"4,98€","24,90€ / LT",
Café Cápsulas Intenso Intensidade 10,PLANTATION,Emb. 16 CAPS.,"2,59€","0,16€ / CAPS.",
"ATUM FILELETE AZEITE C/ ALCAPARRAS, 120G",TENÓRIO,Emb. 0.12 KG,"2,29€","19,08€ / KG",
NOODLES DE VACA,TABLES DU MONDE,Emb. 0.061 KG,"0,99€","16,23€ / KG",
Creme Autobrilhante Incolor,SPLENDOR,Emb. 0.04 LT,"1,79€","44,75€ / LT",
Leite Fresco Meio Gordo,VIGOR,Emb. 1 LT,"0,98€","0,98€ / LT",
Compota de Banana Maçã 4x100g,ECO+,Emb. 0.4 KG,"0,99€","2,48€ / KG",
CREPES COM CHOCOLATE 6UN,TROFIC,Emb. 0.54 KG,"3,89€","7,20€ / KG",
Condicionador Reparador Flex,REVLON,Emb. 0.65 LT,"3,98€","6,12€ / LT",
Nabo sem Rama,,1 Unid. = 0.29 KG (aprox.),"1,99€/kg","0,58€ / Unid.",
Bolachas Tosta Rica,CUÉTARA,Emb. 0.57 KG,"3,88€","6,81€ / KG",
Whisky Fin Blen,WILLIAM LAWSON'S,Garrafa 0.7 LT,"14,68€","20,97€ / LT",
"Iogurte de Manga, Morango e Pêssego 8x120g",DANONE,Emb. 0.96 KG,"1,98€","2,06€ / KG",
Gelado de Noz,CARTE D'OR,Emb. 1 LT,"2,89€","2,89€ / LT",
Paté Campestre,TRADILÈGE,Emb. 0.18 Kg,"1,79€","9,94€ / Kg",
Atum em Óleo,RAMIREZ,Emb. 0.12 KG,"1,09€","9,08€ / KG",
Whisky Vat 69,VAT 69,Garrafa 0.7 LT,"11,98€","17,11€ / LT",
Vinho Verde,3 MARIAS,Emb. 1 LT,"2,99€","2,99€ / LT",
Conserva de Atum ao Natural,RAMIREZ,Emb. 0.12 KG,"1,09€","9,08€ / KG",
Bolo de Especiarias,,Emb. 0.47 KG,"0,99€","2,11€ / KG",
Pensos Higiénicos Maxi Super Pocket 16 Unid.,DOULYS,Emb. 16 UNID.,"1,29€","0,08€ / UNID.",
Baton Watermelon Shine,LABELLO,Emb. 0.055 KG,"2,98€","54,18€ / KG",
Conserva de Azeitona Verde Descaroçada,RUSTICA,Frasco 0.36 KG,"0,99€","2,75€ / KG",
Preparado á Base de Polpa e de Concentrado de Tomates,NOTRE JARDIN,Lata 400 KG,"1,19€","0,00€ / KG",
Snack P/ Gato Crispies C/ Sabor a Salmão e Truta,FELIX,Emb. 0.45 KG,"1,88€","4,18€ / KG",
GUYLIAN FRUTOS DO MAR CARTÃO 250g,,,"5,69€",/ Unid.,
Salsichão com Alho Fumado,TRADILÈGE,Emb. 0.3 KG,"2,79€","9,30€ / KG",
Sobremesa de Chocolate 4x125g,ECO+,Emb. 0.5 KG,"0,94€","1,88€ / KG",
Vinho Rosé Frutado,SALVE,Garrafa 0.75 LT,"1,09€","1,45€ / LT",
Ice tea de Manga 3x20 cl,LIPTON,Emb. 0.6 LT,"1,17€","1,95€ / LT",
Conjunto 4 Copos Vinho Gisèle 34cl,ARDENCE,4 UNID.,"7,55€","1,89€ / UNID.",
Cápsulas Café Decaffeinato Espresso,DOLCE GUSTO,Emb. 16 CAPS.,"4,79€","0,30€ / CAPS.",
Iogurte Natural Puro 4x120g,DANONE,Emb. 0.48 KG,"1,18€","2,46€ / KG",
Iogurte Aroma Morango 4 Unid.,LONGA VIDA,Emb. 0.125 KG,"0,89€","7,12€ / KG",
Desentupidor Líquido Canos Soda,SYPHON,Emb. 1 LT,"1,59€","1,59€ / LT",
Espumante Asti,MARTINI,Garrafa 0.75 LT,"9,58€","12,77€ / LT",
Bacalhau Seleção Especial Noruega Asa Preta,,1 Unid. = 4 KG (aprox.),"11,99€/kg","47,96€ / Unid.",
Douradinhos Espinafres 10 Unid.,CAPITÃO IGLO,Emb. 0.284 KG,"3,19€","11,23€ / KG",
Massa Cotovelos Grosso,MILANEZA,Emb. 0.5 KG,"1,09€","2,18€ / KG",
Preparado Sopa de Cebola,KNORR,Emb. 0.05 KG,"1,49€/kg","0,07€ / Unid.",
Bolachas Recheadas Mini,OREO,Emb. 0.16 KG,"1,98€","12,38€ / KG",
Bebida de Aveia,,Emb. 1 LT,"1,29€","1,29€ / LT",
Toalhitas Anti-Transferência de cor,VANISH,Emb. 1 UNID.,"4,99€","4,99€ / UNID.",
Iogurte Líquido Morango 0% 6 Unid.,DANONE,Emb. 6 UNID.,"2,59€","0,43€ / UNID.",
Vodka Smirnoff Red,SMIRNOFF,Garrafa 0.7 LT,"12,48€","17,83€ / LT",
Queijo Mozzarella Biológico,,Emb. 0.125 KG,"1,19€","9,52€ / KG",
AROMA DE BAUNILHA,TABLIER BLANC,Emb. 0.2 LT,"2,49€","12,45€ / LT",
Queijo Francês,CAPRICE DES DIEUX,Emb. 0.2 KG,"3,99€","19,95€ / KG",
TARTELETES PURA MANTEIGA C/ COBERTURA MORANGO,P'TIT DÉLI,Emb. 0.127 KG,"1,39€","10,94€ / KG",
GELATINA FRUTOS TROPICAIS LIGHT CONDI 2X15,CONDI,Emb. 0.3 KG,"1,88€","6,27€ / KG",
Palmiers com Maçã e Canela 6 Unid.,DU BOIS DE LA ROCHE,Emb. 0.15 KG,"1,38€","9,20€ / KG",
Vinho Regional Dão Tinto,DUQUE DE VISEU,Garrafa 0.75 LT,"4,48€","5,97€ / LT",
Creme Depilatório Pele Normal,SILISS,Emb. 0.2 LT,"2,75€","13,75€ / LT",
QUEIJO RALADO FLAMENGO,CAMPAINHA,Emb. 0.15 KG,"1,79€","11,93€ / KG",
Vinho Alto das Serpas Tinto,ALTO DAS SERPAS,Emb. 5 LT,"7,98€","1,60€ / LT",
Bebida Energética Regular,X-TENSE,Emb. 0.25 LT,"0,59€","2,36€ / LT",
Sumo Refrigerado Frutos do Bosque,SUNNY DELIGHT,Emb. 0.31 Lt,"0,78€","2,52€ / Lt",
LENCOS BOLSO 3F,ECO+,Emb. 15 UNID.,"1,29€","0,09€ / UNID.",
Conserva de Feijão Manteiga Cozido com pouco Sal,FERBAR,Lata 0.42 KG,"0,95€","2,26€ / KG",
Rebentos de Feijão Mungo Bio,,Frasco 0.175 KG,"1,19€","6,80€ / KG",
Gel de Barbear Sensitive,NIVEA MEN,Emb. 0.2 LT,"4,48€","22,40€ / LT",
Biscoitos de Canela,,Emb. 0.3 KG,"1,69€","5,63€ / KG",
Pantene Purifica & Reconstrói Champô 250 ml,,Emb. 0.25 LT,"4,98€","19,92€ / LT",
Amaciador Roupa Concentrado Revival Jasmim Azul,QUANTO,Emb. 52 DOSES,"7,98€","0,15€ / DOSES",
PENSOS INCONTINENCIA,CHORYS,Emb. 24 UNID.,"3,99€","0,17€ / UNID.",
Espumante Super Reserva Bruto,MURGANHEIRA,Garrafa 0.75 LT,"12,99€","17,32€ / LT",
Cracker com Sal,PAVESI,Emb. 0.56 KG,"3,98€","7,11€ / KG",
Pimentão Doce Colorau,RUSTICA,Frasco 0.038 KG,"0,59€","15,53€ / KG",
Detergente Loiça Manual Espuma Ativa,FAIRY,Emb. 0.375 LT,"2,98€","7,95€ / LT",
Bolo Recheio Chocolate Clássico,BOLLYCAO,Emb. 0.057 KG,"0,94€","16,49€ / KG",
Batatas Fritas Tradicional 100% em Azeite,SNR,Emb. 0.15 KG,"1,59€","10,60€ / KG",
Cuecas Incontinência Discreet Pants Plus,AUSONIA,Emb. 8 UNID.,"9,98€","1,25€ / UNID.",
GALETES BRETONNES C/PEPITAS DE CHOCOLATE,P'TIT DÉLI,Emb. 0.13 KG,"1,19€","9,15€ / KG",
Cabo Universal,,Emb. 1 UNID.,"1,59€","1,59€ / UNID.",
Queijo Mistura Vaca e Ovelha Pequeno,PAIVA,Emb. 0.5 KG (aprox.),"7,48€","14,96€ / KG",
BOLACHAS RECHEADAS C/ AVELA TIPO KANGO X12,P'TIT DÉLI,Emb. 0.225 KG,"1,59€","7,07€ / KG",
Alimento Completo Cereais P/ Porquinhos-da-Índia,TOUS MES AMIS,Emb. 0.8 kg,"1,99€","2,49€ / kg",
Ambientador P/ Máquina de Lavar Louça Odor Stop,FINISH,Emb. 1 UNID.,"3,24€","3,24€ / UNID.",
FRAMBOESAS ULTRACONGELADAS,DOUCEUR DU VERGER,Emb. 1 KG,"9,99€","9,99€ / KG",
Tampões com Aplicador Pearl Compak Regular,TAMPAX,Emb. 36 UNID.,"7,98€","0,22€ / UNID.",
Amêijoa com Casca Vietname Congelada,,1 Unid. = 0.25 KG (aprox.),"2,29€/kg","0,57€ / Unid.",
Cebola Chalota,,Emb. 0.25 KG,"1,29€","5,16€ / KG",
Mousse Liégeoise de Chocolate 8X80g,DÉLISSE,Emb. 0.64 KG,"2,89€","4,52€ / KG",
Cachaça,VELHO BARREIRO,Garrafa 0.7 LT,"9,49€","13,56€ / LT",
Refrigerante C/ Gás Zero Açúcar Zero Cafeína,COCA-COLA,Lata 0.33 LT,"0,74€","2,24€ / LT",
Amaciador Cabelo Secos Garnier Azeitona Mítica,ULTRA SUAVE,Emb. 0.2 LT,"3,58€","17,90€ / LT",
Tablete Chocolate Culinária,PANTAGRUEL,Emb. 0.2 KG,"1,78€","8,90€ / KG",
Sacos para Lixo com Atilho 50L,ELEMBAL,,"1,29€",/ Unid.,
"SOBREMESA ""ILE FLOTTANTE"" C/ MANGA E MARACUJA",DÉLISSE,Emb. 0.4 KG,"2,69€","6,73€ / KG",
Chourição,CHARCUTARIA,1 Unid. = 0.1 KG (aprox.),"6,99€/kg","0,70€ / Unid.",
LIQUIDO ABRILHANTADOR,VISIOR,Emb. 0.75 LT,"1,19€","1,59€ / LT",
Crepes de Queijo e Fiambre,CÔTÉ TABLE,Emb. 6 UNID.,"1,69€","0,28€ / UNID.",
Bolachas Sticks com Cobertura Chocolate Branco 30Unid.,P'TIT DÉLI,Emb. 0.15 KG,"1,09€","7,27€ / KG",
Bolachas de Arroz Cobertura de Chocolate Biológicas,,Emb. 0.09 KG,"1,35€","15,00€ / KG",
Xau + Vanish Liquido Pink 68Dx4,XAU+VANISH,Emb. 68 DOSES,"19,99€","0,29€ / DOSES",
SALVA UNHAS VITROCERÂMICA 2 UN (2ª UN 50% ON PACK),VILEDA,Emb. 2 UNID.,"3,38€","1,69€ / UNID.",
Pacotinho de Cereais e Bolacha Maria,NESTUM,Emb. 0.08 KG,"0,98€","12,25€ / KG",
Creme Dia Q10Plus Anti-Rugas Pele Mista,NIVEA,Emb. 0.05 LT,"15,98€","319,60€ / LT",
Doce Framboesa sem Açúcar,ST. DALFOUR,Frasco 0.284 KG,"4,38€","15,42€ / KG",
Água sem Gás,LUSO,Garrafão 5.4 LT,"1,68€","0,31€ / LT",
Madalenas longas,P'TIT DÉLI,Emb. 0.25 KG,"1,63€","6,52€ / KG",
PANO SUAVE ULTRA FRESH 2UN,VILEDA,Emb. 2 UNID.,"2,64€","1,32€ / UNID.",
Leite Bem Essencial C/ Chocolate UHT 4 Unid.,MIMOSA,Emb. 0.8 LT,"1,99€","2,49€ / LT",
Margarina Meio Gorda para Culinária,,Emb. 0.5 KG,"1,55€","3,10€ / KG",
Pensos Higiénicos Ultrafinos Noite,AUSONIA,Emb. 9 UNID.,"1,69€","0,19€ / UNID.",
Refrigerante C/ Gás Ananás S/ Adição Açúcares,FANTA,Garrafa 1.5 LT,"1,00€","0,67€ / LT",
Cillit Bang Calcário & Brilho 500ML x12,CILLIT BANG,Emb. 0.5 LT,"2,24€","4,48€ / LT",
Bacalhau Posta,,Emb. 0.75 KG,"9,99€","13,32€ / KG",
GEL DUCHE ENERGIZANTE 250ML 250ML CARRE HOMME,CARRÉ HOMME,,"0,97€",/ Unid.,
FRANCESINHA,CÔTÉ TABLE,Emb. 0.45 KG,"5,49€","12,20€ / KG",
Conserva de Cassoulet,,Lata 0.84 KG,"2,59€","3,08€ / KG",
Pizza 4 Estações,BUITONI,Emb. 0.355 KG,"2,99€","8,42€ / KG",
Cereais de Aveia Integral C/ Chocolate,FITNESS,Emb. 0.375 KG,"2,99€","7,97€ / KG",
Champô para Cabelos Normais a Oleosos,TRESEMMÉ,Emb. 0.5 LT,"4,19€","8,38€ / LT",
STICKS RICOS FRANGO P / CAO 5UN 42G LYDOG,TOUS MES AMIS,Emb. 0.042 KG,"0,79€","18,81€ / KG",
Farinha Cerelac Láctea,NESTLÉ,Emb. 1 KG,"4,99€","4,99€ / KG",
"Porta Talheres em Inox 13,5cm",FRANDIS,1 UNID.,"3,90€","3,90€ / UNID.",
Hamburguer Big Burger Iglo Vaca C/ Queijo S/Gluten 200 G,,Emb. 0.2,"3,98€","19,90€ /",
Sumo 100% Ananás,JAFADEN,Emb. 1 LT,"2,10€","2,10€ / LT",
Tostas com Germen de Trigo Biológicas,,Emb. 0.3 KG,"2,05€","6,83€ / KG",
BACALHAU ESPIRITUAL 350G,CÔTÉ TABLE,Emb. 0.35 KG,"3,09€","8,83€ / KG",
Refrigerante C/ Gás Zero Açúcar,COCA COLA ZERO,Emb. 1 LT,"1,59€","1,59€ / LT",
Carvão Vegetal Artesanal,,Emb. 5 KG,"4,49€","0,90€ / KG",
Castanha,,1 Unid. = 0.25 KG (aprox.),"4,98€/kg","1,25€ / Unid.",
GELADO BAUNILHA,ESKISS,Emb. 1 LT,"1,99€","1,99€ / LT",
BARQUETTES DE CHOCOLATE/AVELA,P'TIT DÉLI,Emb. 0.24 KG,"1,89€","7,88€ / KG",
Gelatina Light de Mirtilo,ROYAL,Emb. 0.031 KG,"2,08€","67,10€ / KG",
Sortido de Pai Natal de Chocolate Casa,REGINA,Emb. 0.13 KG,"3,98€","30,62€ / KG",
COGUMELOS INTEIROS,NOTRE JARDIN,Emb. 0.185 KG,"0,75€","4,05€ / KG",
"SPRAY AMBIENTADOR ""BAUNILHA"" 2EM1 300ML",BIEN AIR,Emb. 0.3 LT,"0,99€","3,30€ / LT",
Molho Vinagrete com Mostarda,RUSTICA,Emb. 0.5 LT,"1,26€","2,52€ / LT",
Syoss Oieo Intense 4-86 Castanho Gelado,SYOSS,,"6,24€",/ Unid.,
Queijo Fundido 10 Fatias,,Emb. 0.2 KG,"1,19€","5,95€ / KG",
Vinho do Porto Rosê,PORTO CRUZ,Garrafa 0.75 L,"7,49€","9,99€ / L",
Vinho Branco de Alsacia A.O.C. Riesling 2014,REBMANN,Garrafa 0.75 LT,"4,49€","5,99€ / LT",
Vinho do Porto 10 Anos,DORRÃO,Garrafa 0.75 LT,"9,99€","13,32€ / LT",
Laca Cabelos Oleosos,SUN,Emb. 0.3 LT,"5,98€","19,93€ / LT",
Douradinhos Forníssimo 12 Unid.,CAPITÃO IGLO,Emb. 0.3 KG,"4,49€","14,97€ / KG",
Batata Doce,,1 Unid. = 0.29 KG (aprox.),"1,29€/kg","0,37€ / Unid.",
Dentes de Alho,,Emb. 0.25 KG,"1,49€","5,96€ / KG",
VILEDA SINTETICO C/ABRASIVO PLAST. 10\'S,VILEDA,,"2,38€",/ Unid.,
Amaciador Cabelo Fructis Adeus Danos,GARNIER,Emb. 0.2 LT,"3,58€","17,90€ / LT",
Tablete de Chocolate Negro,NESTLÉ,Emb. 0.09 KG,"1,09€","12,11€ / KG",
Tablete Oreo,MILKA,Emb. 0.3 KG,"3,98€","13,27€ / KG",
Esparguete Picante,MILANEZA,Emb. 0.5 KG,"2,68€","5,36€ / KG",
Queijo Meio Gordo de Lamego,PAIVA,1 Unid. = 1.2 KG (aprox.),"9,99€/kg","11,99€ / Unid.",
Ambientador Eléctrico Nenuco + Recarga,AIRWICK,Emb. 0.019 LT,"5,39€","283,68€ / LT",
Bebida Solúvel Café e Chicória,RICORÉ,Emb. 0.26 KG,"7,78€","29,92€ / KG",
Pão Mistura,,1 Unid. = 0.4 KG,"0,69€","1,73€ / KG",
Penne Rigate Biológico,,Emb. 0.5 KG,"1,19€","2,38€ / KG",
Presunto Fatiado Suave Sabor,NOBRE,Emb. 0.07 KG,"1,99€","28,43€ / KG",
Queijo Roquefort,NOS RÉGIONS ONT DU TALENT,1 Unid. = 0.25 KG (aprox.),"14,99€/kg","3,75€ / Unid.",
CRISTAIS SODA 500G CLAIR,CLAIR,Emb. 0.5 KG,"1,56€","3,12€ / KG",
Muesli Integral com Fruta,SALUTEM,Emb. 0.5 KG,"2,68€","5,36€ / KG",
Ambientador Stick Perfumado Flor,AIR WICK,Emb. 0.025 LT,"7,19€","287,60€ / LT",
Algodão Maxi Bebé,MOTS D'ENFANTS,Emb. 80 UNID.,"1,95€","0,02€ / UNID.",
Leite Bem Especial 0% de Lactose Chocolate 4 Unid.,MIMOSA,Emb. 0.8 LT,"1,99€","2,49€ / LT",
Conserva de Mexilhão em Escabeche,PITEU,Emb. 0.115 KG,"1,83€","15,91€ / KG",
"Açúcar Baunilhado 5x7,5 g",,Emb. 0.037 KG,"2,98€","80,54€ / KG",
Iogurte Magro + Gelatina Framboesa 4 Unid.,MIMOSA,Emb. 0.48 KG,"1,69€","3,52€ / KG",
Massa Macarrão,MILANEZA,Emb. 0.5 KG,"1,19€","2,38€ / KG",
Chá Infusão Lúcia-Lima,TISÉA,Emb. 25 KG,"1,59€","0,06€ / KG",
Máquinas de Barbear Descartáveis Blue II Plus,GILLETTE,Emb. 6 UNID.,"3,68€","0,61€ / UNID.",
Iogurte Sólido Proteico Chocolate Branco Lindahls,NESTLÉ,Emb. 0.15 KG,"1,09€","7,27€ / KG",
Ambientador Automático Glade Sense & Spray Difusor e Recambio Lavanda & Jazmín,BRISE,Emb. 0.018 LT,"5,39€","299,44€ / LT",
Chá Verde com Hortelã e Pimenta,BRITLEY,Emb. 25 SAQ.,"0,99€","0,04€ / SAQ.",
Vinho Regional Tejo Branco,QUINTA DA ALORNA,Garrafa 0.75 LT,"3,49€","4,65€ / LT",
IOGURTE LIQUIDO SABOR MORANGO BANANA,DÉLISSE,Emb. 0.85 KG,"1,29€","1,52€ / KG",
MASSA COTOVELINHOS C/ BACON E QUEIJO 280G,CÔTÉ TABLE,Emb. 0.28 KG,"2,19€","7,82€ / KG",
Creme de Mãos Óleo de Abacate,DOVE,Emb. 0.075 LT,"2,59€","34,53€ / LT",
Tira Nódoas Oxi Action Pó Pink,VANISH,Emb. 0.9 KG,"12,98€","14,42€ / KG",
Gel Limão,FINISH,Emb. 1 LT,"8,99€","8,99€ / LT",
Refrigerante S/ Gás Ananás,ECO+,Garrafa 2 LT,"0,79€","0,40€ / LT",
Legumes Salteados Parisiense,BONDUELLE,Emb. 0.4 KG,"2,93€","7,33€ / KG",
Café Delta Grão Lote Superior,DELTA,Emb. 1 KG,"15,48€","15,48€ / KG",
Alface Frisada,,1 Unid. = 0.4 KG (aprox.),"1,99€/kg","0,80€ / Unid.",
Leite de Crescimento Baunilha,,Emb. 6 LT,"11,95€","1,99€ / LT",
Iogurtes Cremosos Açucarados Frutas Amarelas 8x125g,DÉLISSE,Emb. 1 KG,"2,09€","2,09€ / KG",
Vinho Frisante Tinto,SORBELLO,Garrafa 0.75 LT,"1,99€","2,65€ / LT",
CANUDINHOS,P'TIT DÉLI,Emb. 0.18 KG,"1,19€","6,61€ / KG",
Ambientador em Spray 2 em 1 Lírio do Vale,BIEN AIR,Lata 0.3 LT,"0,99€","3,30€ / LT",
Fraldas Premium Tamanho 4 9-15Kg,MOLTEX,Emb. 50 UNID.,"17,63€","0,35€ / UNID.",
Vinho Branco,M.J.FREITAS,Bag in Box 5 LT,"7,99€","1,60€ / LT",
Lasanha à Bolonhesa,,Emb. 1 KG,"4,59€","4,59€ / KG",
Pantene Espuma Caracóis 200ml,PANTENE PV,Emb. 0.2 LT,"3,74€","18,70€ / LT",
Tabuleiro de Vidro Retangular 35x23cm,ARDENCE,1 UNID.,"5,50€","5,50€ / UNID.",
Desodorizante Roll On Black & White Active,NIVEA,Emb. 0.05 L,"4,48€","89,60€ / L",
Sardinha Tomate Picante,BOM PETISCO,Emb. 0.12 KG,"0,99€","8,25€ / KG",
Tira-Nódoas para Roupa de Cor,SKIP,Emb. 1 KG,"7,49€","7,49€ / KG",
Condicionador Cuidado Clássico,PANTENE PV,Emb. 0.2 LT,"3,78€","18,90€ / LT",
Aipo com Rama,,1 Unid. = 0.5 KG (aprox.),"1,99€/kg","1,00€ / Unid.",
Sobremesa Gelado Salted Caramel,CARTE D'OR,Emb. 0.9 LT,"3,29€","3,66€ / LT",
Preservativos Nature Easy Way,CONTROL,Emb. 10 UNID.,"6,99€","0,70€ / UNID.",
Queijo de Cabra Curado,SALOIO,Emb. 0.2 KG,"3,98€","19,90€ / KG",
Gengibre,,1 Unid. = 0.3 KG (aprox.),"3,99€/kg","1,20€ / Unid.",
Pudim Caramelo,BOCA DOCE,Emb. 0.022 KG,"0,58€","26,36€ / KG",
MINI BOLACHAS CRACKERS COM SAL,TOKAPI,Emb. 0.075 KG,"0,85€","11,33€ / KG",
Vinho de Mesa Branco,LAGAR DAS PIAS,Bag in Box 5 LT,"7,19€","1,44€ / LT",
Alimento Húmido P/ Gato Vaca Borrego Salmão Legumes,LYCAT,Emb. 3 UNID.,"2,69€","0,90€ / UNID.",
Pepino,,1 Unid. = 0.37 KG (aprox.),"1,99€/kg","0,74€ / Unid.",
Molho Passata Guloso C/Manjericao E Oregãos 210G,GULOSO,Emb. 0.21 KG,"0,59€","2,81€ / KG",
SACOS LIXO FECHO FACIL 30L,ELEMBAL,Emb. 20 UNID.,"1,19€","0,06€ / UNID.",
Bolo de Aniversário,,1 Unid. = 1.2 KG (aprox.),"10,99€/kg","13,19€ / Unid.",
ALIMENT BEBE: PURE DE MACA BANANA BIO +4M 4x100G MOTS D\'ENFANTS,BIO VILLAGE BEBE,Emb. 0.4 KG,"2,09€","5,23€ / KG",
BARRA DE BOLACHA C/ COB CHOCOLATE E RECH DE LEITE,P'TIT DÉLI,Emb. 0.13 KG,"1,59€","12,23€ / KG",
Toalhitas para Bebé Limpa e Hidrata,DODOT,Emb. 384 UNID.,"8,68€","0,02€ / UNID.",
Coloração Permanente Intense 8-05 Louro Gelado,SYOSS,,"6,24€",/ Unid.,
Paté Cabeça de Porco C/ Salsa.,TRADILÈGE,Emb. 0.18 KG,"2,20€","12,22€ / KG",
MOUSSE DE CASTANHAS,DÉLISSE,Emb. 0.292 KG,"1,99€","6,82€ / KG",
LEGUMES SALTEADOS WOK INDIANO,NOTRE JARDIN,Emb. 1 KG,"3,49€","3,49€ / KG",
Massa Bago,MILANEZA,Emb. 0.25 KG,"0,55€","2,20€ / KG",
Néctar Clássico Laranja,COMPAL,Emb. 1 LT,"1,58€","1,58€ / LT",
Salva Camas 60x90CM,LINDOR,Emb. 15 UNID.,"10,73€","0,72€ / UNID.",
Iogurte Infantil Morango 6x50g,DANONINHO,Emb. 0.3 KG,"1,89€","6,30€ / KG",
Tablete de Chocolate Caramelo,MILKA,Emb. 0.1 KG,"1,68€","16,80€ / KG",
Condicionador Purificante Morango Branco e Menta Dulce,HERBAL ESSENCES,Emb. 0.4 LT,"2,49€","6,23€ / LT",
Mini Queijos 12 Unid.,BABYBEL,Emb. 0.24 KG,"3,64€","15,17€ / KG",
NOZ DA AMAZONIA,TOKAPI,Emb. 0.1 KG,"1,58€","15,80€ / KG",
Conserva de Tomate Pelado,TURINI,Lata 0.39 KG,"0,65€","1,67€ / KG",
After Shave HAWKRIDGE 100 ml,,,"9,99€",/ Unid.,
Conserva Choucroute Garnie,CÔTÉ TABLE,Emb. 0.8 KG,"2,07€","2,59€ / KG",
Piri Piri com Azeite,GALLO,Emb. 0.05 LT,"1,86€","37,20€ / LT",
Refrigerante S/ Gás Maçã,ECO+,Garrafa 2 LT,"0,79€","0,40€ / LT",
"Conjunto 12 Copos Balão 19,5cl",,12 UNID.,"5,50€","0,46€ / UNID.",
Espumante Reserva Meio Seco,FITA AZUL,Garrafa 0.75 LT,"5,68€","7,57€ / LT",
Detergente Líquido para Madeiras Spray,CIF,Emb. 0.435 LT,"2,49€","5,72€ / LT",
Desodorizante Roll-On Original,DOVE,Emb. 0.05 LT,"2,69€","53,80€ / LT",
Cereais de Chocolate,CHOCAPIC,Emb. 0.375 KG,"2,09€","5,57€ / KG",
Água de Colónia com Glicerina e Chá Branco,HENO DE PRAVIA,Emb. 0.78 LT,"5,11€","6,55€ / LT",
Bolachas Integral Cacau,DIESE,Emb. 0.2 KG,"2,38€","11,90€ / KG",
Vinho do Porto Velhotes Ruby,CALEM,Garrafa 0.75 LT,"4,99€","6,65€ / LT",
Vinho Regional Alentejano Branco,QUINTA DO CARMO,Garrafa 0.75 LT,"9,98€","13,31€ / LT",
Ambientador Absorbeolores Glade Lavanda,BRISE,Emb. 2 UNID.,"2,99€","1,50€ / UNID.",
Dentífrico e Elixir Expert Branqueador,DENTAMYL,Emb. 0.075 LT,"0,95€","12,67€ / LT",
MAQ.BARBEAR 3 LAMINAS + 2 RECARGAS,CARRÉ HOMME,Emb. 1 UNID.,"3,19€","3,19€ / UNID.",
Molho de Bolonhesa,TURINI,Emb. 0.19 KG,"0,80€","4,21€ / KG",
Bolo Arroz com Ovos Frescos e Cobertura Caramelo 4x100gr,DÉLISSE,Emb. 0.4 KG,"2,29€","5,73€ / KG",
GELADO TRIUM CAFE 4UN,TRIUM,Emb. 4 UNID.,"2,29€","0,57€ / UNID.",
Pescada Chilena N.º3 Congelado,,1 Unid. = 1 KG (aprox.),"7,99€/kg","7,99€ / Unid.",
Iogurte Pouch Squezzy Morango e Banana,YOCO,Emb. 0.32 KG,"2,29€","7,16€ / KG",
Massa Macarronete GR,MILANEZA,Emb. 0.5 KG,"1,74€","3,48€ / KG",
Gel de Banho Esfoliante Purifying Clay,PALMOLIVE,Emb. 0.5 LT,"4,94€","9,88€ / LT",
Detergente Limpeza Cozinha Spray Inox,CIF,Emb. 0.435 Lt,"2,73€","6,28€ / Lt",
Bolachas Palitos com Cobertura de Chocolate Biológicas,,Emb. 0.125 KG,"2,09€","16,72€ / KG",
Atum em Óleo Vegetal,BOM PETISCO,Emb. 0.385 KG,"3,79€","9,84€ / KG",
Línguas de Veado,,Emb. 0.25 KG,"1,59€","6,36€ / KG",
Bloco Sanitário Poder Activo Pinho,SONASOL,Emb. 0.05 KG,"1,94€","38,80€ / KG",
Queijo Flamengo Ralado Valformoso,VALFORMOSO,Emb. 0.15 KG,"1,59€","10,60€ / KG",
Café Pastilhas,PLANTATION,Emb. 36 UNID.,"3,59€","0,10€ / UNID.",
Lava Tudo Novo Brilho Ph Neutro,SONASOL,Emb. 1.3 LT,"2,09€","1,61€ / LT",
Tempero Líquido Maggi,NESTLÉ,Emb. 0.125 KG,"2,09€","16,72€ / KG",
Moinho de Sal ou Pimenta,,1 UNID.,"1,99€","1,99€ / UNID.",
Coloração Longa Duração Belle Color 3 Castanho Escuro,GARNIER,Emb. 1 UNID.,"5,98€","5,98€ / UNID.",
Creme Barbear Classic,PALMOLIVE,Emb. 0.1 LT,"1,99€","19,90€ / LT",
CRACKERS- BOLACHAS SALGADAS CROCANTES,TOKAPI,Emb. 0.1 KG,"0,49€","4,90€ / KG",
Rebuçados Limão e Cidreira,MENTOLIN,Emb. 0.1 KG,"1,39€","13,90€ / KG",
Abrilhantador Brilho e Proteção,FINISH,Emb. 0.4 LT,"4,84€","12,10€ / LT",
Pimento Verde,,1 Unid. = 0.19 KG (aprox.),"1,99€/kg","0,38€ / Unid.",
Coloração Nº 5-86 Castanho Caramelo,SYOSS,,"6,24€",/ Unid.,
Bolachas Dibus Angry Birds,GULLÓN,Emb. 0.25 KG,"2,48€","9,92€ / KG",
Bolachas Digestive Avenacol,CUÉTARA,Emb. 0.3 KG,"2,98€","9,93€ / KG",
Cereais Special K Classic,KELLOGG'S,Emb. 0.375 KG,"2,37€","6,32€ / KG",
Lip Therapy Aloe Vera,VASELINE,Emb. 0.017 KG,"2,98€","175,29€ / KG",
Bolonhesa,NOBRE,Emb. 0.5 KG,"2,74€","5,48€ / KG",
Leite C/ Chocolate Light 4 Unid.,MIMOSA,Emb. 0.8 LT,"2,18€","2,73€ / LT",
Chocolate de Leite com Amêndoas 3 Chocolates,REGINA,Emb. 0.072 KG,"1,98€","27,50€ / KG",
Água com Gás,PEDRAS SALGADAS,Emb. 1 LT,"1,46€","1,46€ / LT",
Vinho Branco,COMP DO VINHO,Emb. 1 LT,"0,85€","0,85€ / LT",
Alho Granulado,RUSTICA,Emb. 0.05 KG,"0,65€","13,00€ / KG",
"AGUA LISA VIMEIRO ORIGINAL 4X1,5L",VIMEIRO,,"2,88€",/ Unid.,
Queijo Fundido 12 Unid.,LES CROISÉS,Emb. 0.24 KG,"1,99€","8,29€ / KG",
Fraldas Incontinência Máxima G,LINDOR,Emb. 46 UNID.,"28,73€","0,62€ / UNID.",
Whiskey,BUSHMILLS,Garrafa 0.7 LT,"19,98€","28,54€ / LT",
CAFE SOLUVEL LIOFILISADO x 25 sticks,PLANTATION,Emb. 0.05 KG,"1,69€","33,80€ / KG",
Luvas para Uso Doméstico Tamanho M,RENOVA LUVAS,Emb. 1 UNID.,"1,42€","1,42€ / UNID.",
GUYLIAN FRUTOS DO MAR CARTÃO 125g,,,"3,74€",/ Unid.,
"OIKOS MORANGO 110G X4,,440G",OIKOS,Emb. 0.44 KG,"2,39€","5,43€ / KG",
ESPARREGADO DE ESPINAFRES,CÔTÉ TABLE,Emb. 0.35 KG,"1,39€","3,97€ / KG",
CREME MAOS ANTI MANCHAS,INELL,Emb. 0.08 LT,"2,99€","37,38€ / LT",
Refrigerante C/ Gás Laranja,SPRINK'S,Garrafa 1.5 LT,"0,74€","0,49€ / LT",
Preparado em Pó P/ Gelatina Tutti Fruti,ROYAL,Emb. 0.114 KG,"1,98€","17,37€ / KG",
Filetes de Atum em Azeite,PÊCHE OCÉAN,Emb. 0.19 KG,"3,59€","18,89€ / KG",
LIMPA TAPETE E ALCATIFA,CLAIR,Emb. 0.6 LT,"1,95€","3,25€ / LT",
Chá de Detox Hibisco Folha de Freixo Ulmeira,LIPTON,Emb. 20 SAQ.,"1,94€","0,10€ / SAQ.",
Recarga para Difusor Elétrico 3 Volution Ar Fresco,AMBIPUR,Emb. 1 UNID.,"6,98€","6,98€ / UNID.",
SACOS LIXO FECHO FACIL LAVANDA 30L,ELEMBAL,Emb. 20 UNID.,"1,09€","0,05€ / UNID.",
SACO LIXO ECOBAG 50L FECHO FÁCIL (10 UN),VILEDA,Emb. 10 UNID.,"2,88€","0,29€ / UNID.",
Alimento Seco Cão Croquetes Carne e Cereais,ECO+,Emb. 10 KG,"11,99€","1,20€ / KG",
Conserva de Azeitona Verde Gordal,RUSTICA,Emb. 0.5 KG,"2,19€","4,38€ / KG",
PENSOS INCONTINENCIA LIGEIRA - HOMEM,CHORYS,Emb. 20 UNID.,"3,25€","0,16€ / UNID.",
Snickers Pack 3x50 g,SNICKERS,Emb. 0.15 KG,"2,18€","14,53€ / KG",
"AGUARDENTE PONTE MARANTE,,70CL",,0.07 CL,"16,98€","242,57€ / CL",
OVOS AR LIVRE CLASSE M,OVOS DA ALDEIA,Emb. 6 UNID.,"1,49€","0,25€ / UNID.",
Prato Sopa Branco Opaco 22cm,,1 UNID.,"0,99€","0,99€ / UNID.",
Escova de Dentes Média,COLGATE,Emb. 1 UNID.,"3,98€","3,98€ / UNID.",
Gel Duche Leite de Coco,MANAVA,Emb. 0.25 LT,"1,39€","5,56€ / LT",
Pão Rio Maior,,1 Unid. = 0.45 KG,"1,99€","4,42€ / KG",
Lava Tudo Vinagre,CIF,Emb. 1.4 LT,"1,99€","1,42€ / LT",
Maionese 434g,CALVÉ,Emb. 0.434 LT,"2,88€","6,64€ / LT",
Champo Karpex Manual,VANISH,Emb. 0.95 LT,"5,19€","5,46€ / LT",
Destop Gel Express Odor Stop 1Litro x15,DESTOP,Emb. 1 LT,"5,99€","5,99€ / LT",
Vinho Regional Alentejo Tinto,LOIOS,Garrafa 0.75 LT,"3,98€","5,31€ / LT",
BATATA FRITA ONDULADA,ECO+,Emb. 0.2 KG,"1,09€","5,45€ / KG",
Óleo Brilho Keratina,TRESEMMÉ,Emb. 0.05 LT,"5,99€","119,80€ / LT",
Bolo de Bolacha,,Emb. 1 KG,"12,99€","12,99€ / KG",
Desentupidor Express Gel,DESTOP,Emb. 1 LT,"5,99€","5,99€ / LT",
BANZAI NOODLE CARIL CIGALA,CIGALA,Emb. 0.067 KG,"0,94€","14,03€ / KG",
ALIMENT BEBE: LEGUMES MASSA E SALMAO BIO 18M,BIO VILLAGE BEBE,Emb. 0.26 KG,"1,99€","7,65€ / KG",
Massa Fettuccine,MILANEZA,Emb. 0.5 KG,"1,84€","3,68€ / KG",
Alimento Seco para Gato Multicroquetes Peixe,ECO+,Emb. 2 KG,"2,99€","1,50€ / KG",
"AZEITE,CEIRA,750ML",,0.75 LT,"3,74€","4,99€ / LT",
Copo Alto 35cl,EQUIP HOME,1 UNID.,"0,99€","0,99€ / UNID.",
Tablete de chocolate Choco Chips Ahoy,MILKA,Emb. 0.1 KG,"1,68€","16,80€ / KG",
Cereais Space Mix,NACIONAL,Emb. 0.375 KG,"2,17€","5,79€ / KG",
MINI GELADOS BAUNILHA COBERTOS C/SORVETE F.VERMELHOS/F.EXOTICOS,TRIUM,Emb. 8 UNID.,"1,99€","0,25€ / UNID.",
Champô Ultimate Repair,GLISS,Emb. 0.25 Lt,"2,24€","8,96€ / Lt",
Abacaxi Sweet Gold,,1 Unid. = 1.78 KG (aprox.),"1,29€/kg","2,30€ / Unid.",
Gel de Banho Rosas e Jasmim,VASELINE,Emb. 0.7 LT,"2,99€","4,27€ / LT",
Massa Bolonhesa,KNORR,Emb. 0.068 KG,"1,88€","27,65€ / KG",
Alimento Húmido Gatos Menu Completo Gelatina 4x100g,LYCAT,Emb. 4 UNID.,"1,59€","0,40€ / UNID.",
Conjunto Lápis de Cor,ESQUISSE,,"3,49€",/ Unid.,
Doce de Alperce Baixo Teor de Açúcar,DOUCEUR DU VERGER,Frasco 0.34 KG,"1,39€","4,09€ / KG",
Alimento Húmido P/ Gato de Frango,LYCAT,Emb. 0.08 KG,"0,75€","9,38€ / KG",
Cotonetes p/ Bebé,JOHNSON'S BABY,Emb. 0.1 UNID.,"1,98€","19,80€ / UNID.",
"GEL ÍNTIMO SUAVE, 250ML",CORINE DE FARME,Emb. 0.25 LT,"2,49€","9,96€ / LT",
Barras de Cereais Special Chocolate,KELLOGG'S,Emb. 0.132 KG,"3,78€","28,64€ / KG",
Alimento Húmido para Cão Almôndegas de Aves,ECO+,,"1,55€",/ Unid.,
Arroz Carolino,CIGALA,Emb. 1 KG,"1,14€","1,14€ / KG",
Chá de Ceilão,BRITLEY,Emb. 25 SAQ.,"0,89€","0,04€ / SAQ.",
Compota de Fruta Maçã e Pera 4x100g,DOUCEUR DU VERGER,Emb. 0.4 KG,"1,49€","3,73€ / KG",
Pá do Lixo com Cabo Metálico,,Emb. 1 UNID.,"1,59€","1,59€ / UNID.",
ATUM ALBACORA POSTA NATURAL,PÊCHE OCÉAN,Emb. 0.14 KG,"2,59€","18,50€ / KG",
Vinho Regional Douro Tinto,PORCA DE MURÇA,Garrafa 0.75 LT,"4,78€","6,37€ / LT",
Papa Infantil,CERELAC,Emb. 1 KG,"4,99€","4,99€ / KG",
PANO SUAVE DUPLO,VILEDA,,"1,98€",/ Unid.,
Sementes de Quinoa Biológicas,,Emb. 0.5 KG,"3,99€","7,98€ / KG",
Lombo Salmão Atlântico Bio,,Emb. 0.2 KG,"7,99€","39,95€ / KG",
Vinho Regional Douro Tons Tinto,DUORUM,Garrafa 0.75 LT,"5,48€","7,31€ / LT",
Puré de Batata 3x97g,KNORR,Emb. 0.097 KG,"2,78€","28,66€ / KG",
Esfregão Salva Unhas Classic,SCOTCH BRITE,Emb. 2 UNID.,"0,99€","0,50€ / UNID.",
Chouriço Carne Corrente,DILOP,Emb. 1 KG,"5,94€","5,94€ / KG",
CREME DE LEGUMES,REGAL SOUPE,Emb. 0.35,"1,85€","5,29€ /",
Pastéis de Feijão,,Emb. 0.3 KG,"1,89€","6,30€ / KG",
Sumo Ananás abc 6 Unid.,JAFADEN,Emb. 1.2 LT,"2,12€","1,77€ / LT",
Sobremesa Sabor a Baunilha Bolas Chocolate Mix'n Croc 4x117g,DÉLISSE,Emb. 0.468 KG,"1,99€","4,25€ / KG",
Iogurte Líquido Morango 6 Unid.,ACTIMEL,Emb. 0.6 KG,"2,59€","4,32€ / KG",
CHAMPO AUTO 1 L 1L TECH9,TECH9,Emb. 1 LT,"1,69€","1,69€ / LT",
Bolachas Mini Dinosauros Cereais Saquetas,ARTIACH,Emb. 0.12 KG,"1,48€","12,33€ / KG",
Lava Tudo Sabão Natural,CLAIR,Emb. 2 LT,"0,89€","0,45€ / LT",
Corvina Congelada,,1 Unid. = 0.5 KG (aprox.),"10,48€/kg","5,24€ / Unid.",
"XAU LIQ. HIGIENE PROTEÇÃO,,2.53L",XAU,Emb. 46 DOSES,"14,98€","0,33€ / DOSES",
Café Lote Clássico Moagem Grossa,SICAL,Emb. 0.25 KG,"2,39€","9,56€ / KG",
Molho de Tomate com Legumes e Manjericão,,Emb. 0.35 KG,"1,89€","5,40€ / KG",
Mix de Aperitivos Temperados,TOKAPI,Emb. 0.4 KG,"3,99€","9,98€ / KG",
Refrigerante C/ Gás Maracujá S/ Adição de Açúcar,FANTA,Emb. 1.5 LT,"1,00€","0,67€ / LT",
Wafers com Pedaços de Açúcar,P'TIT DÉLI,Emb. 0.55 KG,"2,29€","4,16€ / KG",
Farinheira Terra de Xisto,SNR,Emb. 0.23 KG,"1,69€","7,35€ / KG",
Bretzel,,1 Unid. = 0.09 KG,"0,89€","9,89€ / KG",
TOALHITAS DESMAQ.PELE NORMAL,INELL,Emb. 25 UNID.,"0,75€","0,03€ / UNID.",
Polpa de Tomate,TURINI,Emb. 0.21 KG,"0,35€","1,67€ / KG",
Espumante de Limão,BAR ROYAL,Garrafa 0.75 LT,"3,98€","5,31€ / LT",
Alimento Seco para Cão Croquetes Equilíbrio,LYDOG,Emb. 4 KG,"5,99€","1,50€ / KG",
Whisky,LABEL 5,Garrafa 1 LT,"13,49€","13,49€ / LT",
Papel Higiénico Branco,MARQUE REPERE,Emb. 12 UNID.,"5,29€","0,44€ / UNID.",
Iogurte Mix-In Chocapic 87% Leite 2 Unid.,NESTLÉ,Emb. 0.236 KG,"2,09€","8,86€ / KG",
Sumo Florida sem Conservantes,SUNNY DELIGHT,Garrafa 1.25 LT,"1,64€","1,31€ / LT",
Cerveja com Álcool Stout Mini Preta Saca Fácil 6x20cl,SUPER BOCK,Emb. 1.2 LT,"2,99€","2,49€ / LT",
Crackers sem Sal na Superfície,GRAN PAVESI,Emb. 0.56 KG,"3,98€","7,11€ / KG",
Amaciador Concentrado Aromaterapia Violeta,VERNEL,Emb. 76 DOSES,"3,99€","0,05€ / DOSES",
Ovos Solo XL,SNR,Emb. 6 UNID.,"1,89€","0,32€ / UNID.",
Woolite Serum Reparador Intensivo,,Emb. 0.1 LT,"5,98€","59,80€ / LT",
QUEIJO GOUDA FATIADO,ECO+,Emb. 0.2 KG,"1,59€","7,95€ / KG",
Alimento Húmido para Cão Carne Vaca Massa Cenoura,ECO+,,"1,99€",/ Unid.,
Preparado Sopa Canja Galinha,KNORR,Emb. 0.068 KG,"1,49€","21,91€ / KG",
Conserva de Salsichas Frankfurt 8 Unid.,NOBRE,Lata 0.2 KG,"1,09€","5,45€ / KG",
Creme BB Hidratante Aperfeiçoador 5em1,NIVEA,Emb. 0.05 LT,"9,98€","199,60€ / LT",
MASCARA FACIAL EM TECIDO TONIFICANTE,INELL,Emb. 1 UNID.,"1,99€","1,99€ / UNID.",
Azeite Pet,3 CASTELOS,Garrafa 1 LT,"4,98€","4,98€ / LT",
Copo Baixo 28cl,EQUIP HOME,1 UNID.,"0,99€","0,99€ / UNID.",
"Conjunto 3 Copos Altos Najac 33,3cl",ARDENCE,3 UNID.,"2,10€","0,70€ / UNID.",
Caramelos Cobertos com Chocolate Pretos,CONFISÉO,Emb. 0.28 KG,"1,99€","7,11€ / KG",
Vinho Regional Lisboa Rosé Leve,MUNDUS,Garrafa 0.75 LT,"1,69€","2,25€ / LT",
Champô Hemp + Hydration,TRESEMMÉ,Emb. 0.4 LT,"4,79€","11,98€ / LT",
Gel de Banho Laranja e Manga,VASELINE,Emb. 0.7 LT,"2,99€","4,27€ / LT",
Vinagre Balsâmico Rosé,GALLO,Emb. 0.25 LT,"1,86€","7,44€ / LT",
Mini Patê Folhado,,Emb. 0.45 KG,"1,99€","4,42€ / KG",
Pacotinho de Frutas Banana Maçã S/ Glúten +4 meses,NESTLÉ BEBÉ,Emb. 0.09 KG,"1,04€","11,56€ / KG",
Vinho Regional Alentejo Tinto,MARQUÊS DE BORBA,Garrafa 0.75 LT,"5,49€","7,32€ / LT",
100% Cevada,PENSAL,Frasco 0.2 KG,"2,58€","12,90€ / KG",
Bolachas Wafer de Chocolate,P'TIT DÉLI,Emb. 0.15 KG,"1,19€","7,93€ / KG",
Limpa Máquinas de Loiça,,Emb. 0.25 LT,"3,89€","15,56€ / LT",
Espinafres Folha Ultracongelado,PESCANOVA,Emb. 0.4 KG,"0,99€","2,48€ / KG",
Conserva de Ervilhas da Horta,COMPAL,Emb. 0.42 KG,"0,99€","2,36€ / KG",
TIRA NODOAS EM PO MULTIUSOS ECOLOGICO,UNÍ VERT,Emb. 0.5 KG,"2,99€","5,98€ / KG",
Mistura de Ervilhas e Cenouras Extrafinas Ultracongelado,NOTRE JARDIN,Emb. 1 KG,"1,89€","1,89€ / KG",
Queijo Curado Apimentado Alavão,SALOIO,1 Unid. = 1.492 KG (aprox.),"9,99€/kg","14,91€ / Unid.",
Refrigerante S/ Gás Laranja,AQUARIUS,Emb. 0.5 LT,"0,99€","1,98€ / LT",
Conserva de Salsichas Frankfurt 6 Unid.,NOBRE,Lata 0.12 KG,"0,89€","7,42€ / KG",
GUARDANAPOS AMARELOS FOLHA SIMPLES RENOVA,GUARDANAPOS RENOVA,Emb. 70 UNID.,"0,78€","0,01€ / UNID.",
BLOCO SANITARIO ACTIV EFFECT AGUA AZUL 2UN,SYPHON,Emb. 2 UNID.,"1,29€","0,65€ / UNID.",
Lenços de bolso Renova Kids,LENÇOS RENOVA,Emb. 10 UNID.,"1,18€","0,12€ / UNID.",
Queijo de Vaca Curado Ilha Azul,LACTAÇORES,1 Unid. = 0.25 KG (aprox.),"7,69€/kg","1,92€ / Unid.",
Lenços de Papel,KLEENEX,Emb. 70 UNID.,"1,28€","0,02€ / UNID.",
Frutas 100% Maçã e Manga S/ Glúten +6 meses 4 Unid.,NATURNES,Emb. 0.4 KG,"2,19€","5,48€ / KG",
Dentífrico Júnior,AQUAFRESH,Emb. 0.05 LT,"2,88€","57,60€ / LT",
Guardanapos Folha Simples Reciclados,MARQUE REPERE,Emb. 100 UNID.,"0,69€","0,01€ / UNID.",
PANO MICROFIBRAS COLORS XL 4 UN,VILEDA,Emb. 4 UNID.,"5,68€","1,42€ / UNID.",
Azeite Virgem Delicado,GALLO,Emb. 0.75 LT,"4,92€","6,56€ / LT",
Queijo Maasdam Classico 8 Fatias,LES CROISÉS,Emb. 0.2 KG,"2,19€","10,95€ / KG",
Bebida em Pó Morango,TANG,Emb. 0.03 KG,"0,82€","27,33€ / KG",
Pensos Diários Protegeslip,AUSONIA,Emb. 20 UNID.,"1,49€","0,07€ / UNID.",
Refrigerante C/ Gás Zero,COCA COLA,Garrafa 1 LT,"1,29€","1,29€ / LT",
DETERGENTE GEL EXPRESS - TIRA NODOAS 2EM1,EPSIL,Emb. 0.25 LT,"1,45€","5,80€ / LT",
Crepes Biológicos,,Emb. 0.2 KG,"2,55€","12,75€ / KG",
Gordura 100% Vegetal,NAT&VIE,Emb. 1 KG,"5,99€","5,99€ / KG",
Snacks Tufados à Base de Milho e Amendoim,TOKAPI,Emb. 0.09 KG,"0,48€","5,33€ / KG",
Vinho Regional Tejo Tinto,QUINTA ALORNA,Garrafa 0.75 LT,"3,49€","4,65€ / LT",
Refrigerante com Gás Ginger Ale,SCHWEPPES,Garrafa 1 LT,"1,49€","1,49€ / LT",
Bioten Creme para as Mãos Anti-Idade,BIOTEN,Emb. 0.1 LT,"2,13€","21,30€ / LT",
Atum ao Natural,BOM PETISCO,Emb. 0.12 KG,"1,39€","11,58€ / KG",
Queijo Fundido 24 Unid.,LES CROISÉS,Emb. 0.4 KG,"2,30€","5,75€ / KG",
Halls Sem Açúcar Eucalipto,HALLS,Emb. 0.032 KG,"0,88€","27,50€ / KG",
Tablete de Chocolate Culinária 2x200g,TABLETTE D'OR,Emb. 0.4 KG,"2,07€","5,18€ / KG",
Detergente Manual Loiça Concentrado Limão,FAIRY,Emb. 0.78 LT,"2,69€","3,45€ / LT",
Couve Flor,,1 Unid. = 1.1 KG (aprox.),"2,49€/kg","2,74€ / Unid.",
Camarão Aquicultura Cal. 20/30 Congelado,,1 Unid. = 0.25 KG (aprox.),"9,49€/kg","2,37€ / Unid.",
B&J Peanut Butter Cup 465ml,,Emb. 0.465 LT,"6,78€","14,58€ / LT",
Palmiers Cobertos com Chocolate de Leite,P'TIT DÉLI,Emb. 0.11 KG,"1,05€","9,55€ / KG",
Gliss Condicionador Total Repair,GLISS,Emb. 0.2 LT,"3,80€","19,00€ / LT",
Puré de Tomate 7% Aroma de Manjericão,TURINI,Emb. 0.2 KG,"0,49€","2,45€ / KG",
Pão de Forma para Canapés,EPI D'OR,Emb. 0.28 KG,"1,29€","4,61€ / KG",
Sidra com Álcool de Maça 10x33cl,SOMERSBY,Emb. 3.3 LT,"9,69€","2,94€ / LT",
CACAU EM PO SEM ACUCAR - PARA BEBER OU SOBREMESAS,EQUADOR,Emb. 0.25 KG,"1,89€","7,56€ / KG",
Terrina Campestre Biológica,,Emb. 0.18 KG,"2,49€","13,83€ / KG",
Cracker Sésame,TUC,Emb. 0.1 KG,"1,08€","10,80€ / KG",
Óleo Alimentar,VEGE,Garrafa 1 LT,"3,48€","3,48€ / LT",
Bolachas Pequeno Almoço,ECO+,Emb. 0.35 KG,"1,19€","3,40€ / KG",
Tira Gorduras Perfumado,MISTOLIN,Emb. 0.545 LT,"3,28€","6,02€ / LT",
Néctar Clássico Pêssego 3x200 ml,COMPAL,Emb. 0.6 LT,"1,38€","2,30€ / LT",
Mini Snacks Gato Salmão,TOUS MES AMIS,Emb. 0.06 KG,"0,85€","14,17€ / KG",
Iogurte Líquido Proteíco Tropical Lindahls,NESTLÉ,Emb. 0.33 LT,"1,89€","5,73€ / LT",
Bebida de Soja Fonte de Cálcio,NAT&VIE,Emb. 1 LT,"1,05€","1,05€ / LT",
Biscoito Wafer Framboesa,VIEIRA,Emb. 0.125 KG,"1,14€","9,12€ / KG",
Pantene Volume Creation Laca 300ml,PANTENE PV,Emb. 0.3 LT,"3,74€","12,47€ / LT",
Polpa de Tomate 100% Português,COMPAL,Frasco 0.5 KG,"1,08€","2,16€ / KG",
Tarte Gelada Caramel Biscuit,VIENNETTA,Emb. 0.65 LT,"3,98€","6,12€ / LT",
MAIONESE C/ MOSTARDA DE DIJON TOP DOWN,RUSTICA,Emb. 0.235 KG,"1,55€","6,60€ / KG",
Escova Colgate 360º Advanced Média,COLGATE,Emb. 1 UNID.,"4,98€","4,98€ / UNID.",
CHOURICAO FATIADO,CAMPO FINO,Emb. 0.15 KG,"1,49€","9,93€ / KG",
Alimento Húmido Gato Menu Completo em Salsa e Molho 4x100g,LYCAT,Emb. 4 KG,"1,59€","0,40€ / KG",
Bolachas de Germen de Trigo e Pepitas de Chocolate,NAT&VIE,Emb. 0.2 KG,"1,69€","8,45€ / KG",
Café Moagem Universal Brasil,DELTA,Emb. 0.22 KG,"3,68€","16,73€ / KG",
IOGURTE NATURAL OVELHA BIO,,Emb. 0.25 KG,"1,65€","6,60€ / KG",
Iogurte de Aromas Les Zaros 16x125g,DÉLISSE,Emb. 2 KG,"2,69€","1,35€ / KG",
Nutella,NUTELLA,Emb. 0.2 KG,"1,99€","9,95€ / KG",
AMENDOINS C/ PELE TORRADOS C/ SAL,TOKAPI,Emb. 0.4 KG,"2,45€","6,13€ / KG",
BISCOITOS DE COCO,P'TIT DÉLI,Emb. 0.4 KG,"1,55€","3,88€ / KG",
Iogurte Líquido Banana 4 Unid.,YOGGI,Emb. 0.64 KG,"2,09€","3,27€ / KG",
Arroz Basmati,,Emb. 1 KG,"1,89€","1,89€ / KG",
BEBIDA SOJA C/CACAU BIO,,Emb. 1 LT,"1,39€","1,39€ / LT",
BEBIDA AMENDOA BIO,,Emb. 1 LT,"1,99€","1,99€ / LT",
Refrigerante C/ Gás,COCA COLA,Garrafa 0.5 LT,"0,99€","1,98€ / LT",
Chouriço Damatta De Carne Beirão,DAMATTA,Emb. 0.225 KG,"3,54€","15,73€ / KG",
Vinagre Balsâmico de Modène,RUSTICA,Garrafa 0.5 LT,"1,49€","2,98€ / LT",
Snacks Sabor a Bacon,,Emb. 0.1 KG,"0,94€","9,40€ / KG",
CHAMPO + DUCHE TONIFICANTE PARA HOMEM,CARRÉ HOMME,Emb. 0.25 LT,"1,29€","5,16€ / LT",
"AGUA FASTIO,,6x33CL",FASTIO,,"1,88€",/ Unid.,
Conserva de Pickles em Vinagre,RUSTICA,Emb. 0.3 KG,"1,65€","5,50€ / KG",
SYOSS COLOR 4-8 CASTANHO CHOCOLATE 16X3,SYOSS,,"4,99€",/ Unid.,
Ambientador Máquina Loiça Limão,FINISH,Emb. 2 UNID.,"4,99€","2,50€ / UNID.",
Bolachas Avenacol Rústica,CUÉTARA,Emb. 0.3 KG,"2,98€","9,93€ / KG",
Alimento Seco P/ Gato Carne Vaca Frango Legumes,PURINA FRISKIES,Emb. 4 KG,"15,98€","4,00€ / KG",
DESENTUPIDOR CANOS GEL 1L,SYPHON,Emb. 1 LT,"1,39€","1,39€ / LT",
Lasanha à Bolonhesa Ultracongelado,CÔTÉ TABLE,Emb. 1 KG,"3,89€","3,89€ / KG",
Detergente Líquido Multisuperficies Lavanda,SONASOL,Emb. 1.3 LT,"2,09€","1,61€ / LT",
Salame de Chocolate,,Emb. 0.45 KG,"0,99€","2,20€ / KG",
Creme Smooth Milk Pele Seca,NIVEA,Emb. 0.25 LT,"5,48€","21,92€ / LT",
"ALHO EMB 250GR Org Esp, cal.50/70",,Emb. 0.25 KG,"1,39€","5,56€ / KG",
SORTIDO APERITIVOS TUFADOS,TOKAPI,Emb. 0.1 KG,"1,19€","11,90€ / KG",
Massa Cotovelinhos Chifferini,MILANEZA,Emb. 0.5 KG,"1,19€","2,38€ / KG",
Leite de Limpeza Bebé,MOTS D'ENFANTS,Emb. 0.25 UNID.,"1,49€","5,96€ / UNID.",
Strogonoff de Novilho,,1 Unid. = 0.38 KG (aprox.),"8,98€/kg","3,41€ / Unid.",
Detergente para a Máquina da Loiça,SUN,Emb. 1.575 KG,"12,34€","7,83€ / KG",
GEL BARBEAR ANTI-IRRITACAO 200ML,CARRÉ HOMME,Emb. 0.2 LT,"1,89€","9,45€ / LT",
Johnson's Baby Pó de Talco,JOHNSON'S BABY,Emb. 0.2 KG,"2,48€","12,40€ / KG",
Conserva de Salsichas Frankfurt 6 Unid.,IZIDORO,Lata 0.12 KG,"0,83€","6,92€ / KG",
Óleo Intense 6-80 Louro Avelã,SYOSS,,"6,24€",/ Unid.,
Creme Culinário Côco,NAT&VIE,Emb. 0.25 LT,"1,49€","5,96€ / LT",
Posta Maruca,,1 Unid. = 0.15 KG (aprox.),"6,49€/kg","0,97€ / Unid.",
PELICULA ADER.ELEMBAL 2E1 20M,ELEMBAL,Emb. 0.02 MT,"0,59€","29,50€ / MT",
BETERRABAS VERMELHAS X3 3X200G,NOTRE JARDIN,Emb. 0.6 KG,"1,55€","2,58€ / KG",
Iogurte Natural 6 Unid.,LONGA VIDA,Emb. 0.12 KG,"2,28€","19,00€ / KG",
Pantene Frizz Control & Luminosidade Condicionador 160 ml,,Emb. 0.16 LT,"4,98€","31,13€ / LT",
GLISS REPARAÇÃO PONTAS ESPIGADAS,GLISS,Emb. 0.05 LT,"3,79€","75,80€ / LT",
BOLACHAS PEQUENO ALMOCO MEL E PEPITAS CHOCO,P'TIT DÉLI,Emb. 0.4 KG,"1,88€","4,70€ / KG",
ARROZ DOCE SABOR BAUNILHA,DÉLISSE,Emb. 0.92 KG,"3,18€","3,46€ / KG",
Vinho Branco Frutado,CORAÇÃO DA MINHA,Garrafa 0.75 LT,"1,39€","1,85€ / LT",
AMENDOINS S/ SAL TORRADOS,TOKAPI,Emb. 0.2 KG,"0,85€","4,25€ / KG",
Estojo C/ Escova de Dentes e Copo Cor de Rosa 2-6 Anos,PETIT DENTAMYL,Emb. 1 UNID.,"2,49€","2,49€ / UNID.",
Café Cápsulas Saboroso Intensidade 9,PLANTATION,Emb. 16 CAPS.,"2,59€","0,16€ / CAPS.",
Bacalhau Lombo,,Emb. 0.7 KG,"12,99€","18,56€ / KG",
Massa Espirais Semi-Integrais Biológica,,Emb. 0.5 KG,"1,29€","2,58€ / KG",
"GEL HIGIENE ÍNTIMA FRESH, 250ML",CORINE DE FARME,Emb. 0.25 LT,"2,99€","11,96€ / LT",
Vinho Verde Branco,COMP DO VINHO,Garrafa 0.75 LT,"2,19€","2,92€ / LT",
Chouriça do Lavrador,SNR,Emb. 0.18 KG,"2,79€","15,50€ / KG",
GUYLIAN  OPUS 180g,,,"5,62€",/ Unid.,
Detergente Loiça Máquina Pastilhas Limão,VISIOR,Emb. 30 PAST.,"3,99€","0,13€ / PAST.",
Cápsulas Café Ristretto Barista,DOLCE GUSTO,Emb. 30 CAPS.,"10,48€","0,35€ / CAPS.",
Barrinhas Periquitos sabor a Ovos,TOUS MES AMIS,Emb. 0.06 KG,"1,29€","21,50€ / KG",
SKYR NATURAL 450G,DÉLISSE,Emb. 0.45 KG,"1,79€","3,98€ / KG",
LAVA TUDO SABAO PRETO E FLOR DE LARANJEIRA,CLAIR,Emb. 1.5 LT,"1,28€","0,85€ / LT",
"XAU LIQ FRESC PRIMAV 70D, 3.85L",XAU,Emb. 70 DOSES,"9,99€","0,14€ / DOSES",
Vinho do Porto Ruby,FERREIRA,Garrafa 0.75 LT,"6,28€","8,37€ / LT",
Vinho Tinto,PARCELA DE PIAS,Bag in Box 5 LT,"6,99€","1,40€ / LT",
Pão de Ló,,1 Unid. = 0.575 KG (aprox.),"4,98€/kg","2,86€ / Unid.",
Atum Posta Caril,BOM PETISCO,Emb. 0.12 KG,"1,56€","13,00€ / KG",
BOUIL.DESHYDRATE,RUSTICA,Emb. 0.12 KG,"0,79€","6,58€ / KG",
Caldo Galinha 6 Cubos,MAGGI,Emb. 0.06 KG,"0,89€","14,83€ / KG",
Gin Sapphire,BOMBAY,Garrafa 0.7 LT,"23,48€","33,54€ / LT",
Saco Congelação Grande,ELEMBAL,Emb. 25 UNID.,"0,88€","0,04€ / UNID.",
Pacotinho de Frutas S/ Glúten,NESTLÉ BEBÉ,Emb. 0.09 KG,"1,04€","11,56€ / KG",
FEIJOCAS FERBAR 580G,FERBAR,Emb. 0.58 KG,"1,56€","2,69€ / KG",
BANDAS DEPILATORIAS CERA FRIA PELE SENSIVEL VIAGEM 20UN,SLISS,Emb. 0.2 LT,"1,60€","8,00€ / LT",
Batatas Fritas Crocantes Onduladas,POM'LISSE,Emb. 0.15 KG,"1,25€","8,33€ / KG",
Fraldas Recém Nascido T1 Ultra Confort 2/5Kg,MOTS D'ENFANTS,Emb. 23 UNID.,"3,51€","0,15€ / UNID.",
Sumo 100% Laranja Biológico,,Emb. 1 LT,"1,89€","1,89€ / LT",
Presunto Aperitivo,DAMATTA,Emb. 0.3 KG,"4,59€","15,30€ / KG",
Fraldas Bebé Extra Absorção Activity Tamanho 5,DODOT,Emb. 48 LT,"13,29€","0,28€ / LT",
Refrigerante C/ Gás Pack 6,COCA COLA,Emb. 1.98 LT,"4,55€","2,30€ / LT",
Espremedor de Citrinos 16cm,,1 UNID.,"3,49€","3,49€ / UNID.",
Iogurte Mix-in Smarties 73% Leite Morango 2 Unid.,NESTLÉ,Emb. 0.256 KG,"2,09€","8,16€ / KG",
Whisky J&B 15 Anos,J&B,Emb. 0.7 LT,"25,98€","37,11€ / LT",
Ice tea Manga 2x2lt,LIPTON,Emb. 4 LT,"4,99€","1,25€ / LT",
Conserva de Feijão Manteiga,NOTRE JARDIN,Lata 0.85 KG,"0,99€","1,16€ / KG",
Douradinhos 30 Unid. Ultracongelado,CAPITÃO IGLO,Emb. 0.84 KG,"7,49€","8,92€ / KG",
Café Lote Bocage Moagem Única,NICOLA,Emb. 0.25 KG,"3,63€","14,52€ / KG",
Bacon fumado fatiado,PROBAR,Emb. 0.075 KG,"1,19€","15,87€ / KG",
Preservativo Natural,HARMONY,Emb. 6 UNID.,"4,72€","0,79€ / UNID.",
Pantene Creme de Pentear Sem Enxaguar Caracóis 270ml,PANTENE PV,Emb. 0.27 LT,"4,49€","16,63€ / LT",
Sumo Multifrutos 100% Puro,JAFADEN,Emb. 1 LT,"1,49€","1,49€ / LT",
YOFU SOJA MIRTILO 4x125G,ALPRO,Emb. 0.5 LT,"2,88€","5,76€ / LT",
Dove Go Fresh Gel de Banho Chá Verde,DOVE,Emb. 0.75 LT,"4,19€","5,59€ / LT",
Donuts Chocolate 4x47 gr,DONUTS,Emb. 0.188 KG,"2,98€","15,85€ / KG",
Mini Pizzas Piccolinis Salame,BUITONI,Emb. 0.27 KG,"3,98€","14,74€ / KG",
Papaia Aérea,,1 Unid. = 0.514 KG (aprox.),"3,99€/kg","2,05€ / Unid.",
Grelhador Quadrado 26x26cm,,1 UNID.,"11,90€","11,90€ / UNID.",
Amendoim C/ Casca Torrado,MARQUE REPERE,Emb. 1 KG,"3,89€","3,89€ / KG",
Alimento para Peixe Friofloc,AVIPAR,Emb. 0.1 LT,"2,48€","24,80€ / LT",
OIKOS PESSEGO 110G X4,OIKOS,Emb. 0.44 KG,"2,39€","5,43€ / KG",
CANELA EM PO SAQUETA,RUSTICA,Emb. 0.08 KG,"0,95€","11,88€ / KG",
Iogurte Sabor a Coco 4x125g,CLESA,Emb. 0.5 KG,"0,89€","1,78€ / KG",
Água C/ Gás 6x25cl,CASTELLO,Emb. 1.5 LT,"2,68€","1,79€ / LT",
GUYLIAN CHOCOLATE LEITE COM AVELÃS 100g,,,"2,68€",/ Unid.,
Galetes Arroz Cobertas de Chocolate Biológicas,,Emb. 0.09 KG,"1,35€","15,00€ / KG",
Bolachas Amanteigadas,P'TIT DÉLI,Emb. 0.2 KG,"1,39€","6,95€ / KG",
Salsichas Estrasburgo 10 Unid.,TRADILÈGE,Emb. 0.35 KG,"2,09€","5,97€ / KG",
Queijo Flamengo S/ Lactose Fatias,PAIVA,Emb. 0.15 Kg,"2,28€","15,20€ / Kg",
Chocolate de Leite,MILKA,Emb. 0.09 KG,"1,68€","18,67€ / KG",
Vinho Tinto,LAGAR DAS PIAS,Garrafa 0.75 LT,"1,69€","2,25€ / LT",
Queijo para Barrar Nature,LES CROISÉS,Emb. 0.3 KG,"1,69€","5,63€ / KG",
Lava Tudo Multi Superfícies Limão,CLAIR,Emb. 1.5 LT,"1,43€","0,95€ / LT",
Recarga Sabonete Líquido Leite/Mel,MANAVA,Emb. 0.25 LT,"0,69€","2,76€ / LT",
Brioches Redondos 12 Unid.,EPI D'OR,Emb. 0.48 KG,"1,99€","4,15€ / KG",
Vinho Regional Alentejo Tinto,TRINCA BOLOTAS,Garrafa 0.75 LT,"6,98€","9,31€ / LT",
APERITIVOS SORTIDOS,TOKAPI,Emb. 0.1 KG,"1,19€","11,90€ / KG",
Detergente Manual Loiça Limão,SUPER POP,Emb. 0.7 LT,"1,49€","2,13€ / LT",
Arroz Agulha,CIGALA,Emb. 1 KG,"1,24€","1,24€ / KG",
Sumo 100% de Uva,JAFADEN,Emb. 1 LT,"1,39€","1,39€ / LT",
Fita Dentária Sabor a Menta Fresca,SENSODYNE,Emb. 50 MT,"3,48€","0,07€ / MT",
Sobremesa Creme de Baunilha 4X125g,DÉLISSE,Emb. 0.5 KG,"1,49€","2,98€ / KG",
Dentífrico Herbal White,COLGATE,Emb. 0.075 LT,"2,23€","29,73€ / LT",
Sabão Marselha Cubo,EPSIL,,"1,15€",/ Unid.,
Alho em Pó,RUSTICA,Frasco 0.038 KG,"0,69€","18,16€ / KG",
ESPIRAIS TURINI,TURINI,Emb. 0.5 KG,"0,89€","1,78€ / KG",
Vinho do Porto Especial Reserva,DORRÃO,Emb. 0.75 LT,"7,99€","10,65€ / LT",
Espanador Duster XXL + 2 Panos,SWIFFER,Emb. 1 UNID.,"5,59€","5,59€ / UNID.",
Linguiça,,Emb. 0.2 KG,"1,39€","6,95€ / KG",
Alimento Seco P/ Cão Frango C/ Arroz,PURINA,Emb. 1.5 KG,"6,47€","4,31€ / KG",
Massa Entrefina,TURINI,Emb. 0.5 KG,"0,89€","1,78€ / KG",
Bolachas com Cobertura de Chocolate de Leite,,Emb. 0.2 KG,"1,79€","8,95€ / KG",
BARRINHAS KINDER CHOCOLATE T24 300G,KINDER,Emb. 0.3 KG,"4,18€","13,93€ / KG",
Salada Gourmet,,Emb. 0.15 KG,"1,39€","9,27€ / KG",
CHOCOLATE CULINARIA PRALINE,TABLETTE D'OR,Emb. 0.2 KG,"1,99€","9,95€ / KG",
Vinho Regional Douro Branco,PAPA FIGOS,Garrafa 0.75 LT,"7,48€","9,97€ / LT",
Sumo de Laranja e Manga,JOI,Garrafa 1.5 LT,"1,04€","0,69€ / LT",
Néctar Clássico Ameixa,COMPAL,Emb. 1 LT,"1,58€","1,58€ / LT",
Chocolate Mini,MARS,Emb. 0.17 KG,"2,88€","16,94€ / KG",
Canjinha de Frango Embalada,,1 Unid. = 1 KG  (aprox.),"3,59€/kg","3,59€ / Unid.",
Alimento Seco P/  Gato Júnior Frango e Leite,PURINA FRISKIES,Emb. 1.5 KG,"5,23€","3,49€ / KG",
Vela fragância de laranja,AIRWICK,Emb. 0.32 KG,"2,84€","8,88€ / KG",
Gel de Banho para Corpo e Cabelo,DOVE,Emb. 0.4 LT,"3,29€","8,23€ / LT",
Água Tónica de Extratos Vegetais,SCHWEPPES,Garrafa 1 LT,"1,49€","1,49€ / LT",
Bigburger Vegetais 2 Unid. Ultracongelado,CAPITÃO IGLO,Emb. 0.25 KG,"4,78€","19,12€ / KG",
Abrasivo Sanitário Active Fresh Pinho,HARPIC,Emb. 0.75 LT,"1,94€","2,59€ / LT",
Peito de Frango,,1 Unid. = 0.35 KG (aprox.),"6,69€/kg","2,34€ / Unid.",
Vinho do Porto Velhotes Tawny,CALEM,Garrafa 0.75 LT,"4,99€","6,65€ / LT",
Cereais Granola de Aveia Mel,NESTLÉ,Emb. 0.3 KG,"2,79€","9,30€ / KG",
Alimento Húmido para Gato Dentabites Galinha,WHISKAS,Emb. 0.04 KG,"1,48€","37,00€ / KG",
Uva Branca,,1 Unid. = 0.25 KG (aprox.),"2,29€/kg","0,57€ / Unid.",
Ambientador Máquina Loiça,FINISH,Emb. 1 UNID.,"3,24€","3,24€ / UNID.",
Coloração Longa Duração Belle Color 5.3 Castanho Claro Dourado,GARNIER,Emb. 1 UNID.,"5,98€","5,98€ / UNID.",
Ice Tea Double Maracujá e Manga,LIPTON,Garrafa 2 LT,"2,49€","1,25€ / LT",
GEL FIX EXTREME VITANOVE 250ML,VITANOVE,Emb. 0.25 LT,"1,69€","6,76€ / LT",
Manteiga com Sal Guerand Dop,NOS RÉGIONS ONT DU TALENT,Emb. 0.25 KG,"2,74€","10,96€ / KG",
Bolachas Cobertas de Chocolate de Leite,P'TIT DÉLI,Emb. 0.2 KG,"1,19€","5,95€ / KG",
LIMPA VIDROS C/ PISTOLA,CLAIR,Emb. 0.75 LT,"0,79€","1,05€ / LT",
Vinho Rosé,ECO+,Garrafão 5 LT,"5,69€","1,14€ / LT",
Néctar Vital Equilíbrio Manga Laranja,COMPAL,Emb. 0.33 LT,"0,78€","2,36€ / LT",
Iogurte Líquido Pinacolada 6 Unid.,MIMOSA,Emb. 0.936 LT,"2,09€","2,23€ / LT",
OVOS FRESCOS L/M/S BIO,,Emb. 6 UNID.,"2,29€","0,38€ / UNID.",
Chá Cherry Love,LIPTON,Emb. 20 SAQS,"1,94€","0,10€ / SAQS",
Iogurte Líquido Cremoso Morango Yoggi 4x160g,NESTLÉ,Emb. 0.64 KG,"2,09€","3,27€ / KG",
Area Absorvente Optimale,TOUS MES AMIS,Emb. 5 LT,"5,99€","1,20€ / LT",
Cereais de Milho S/ Glúten C/ Chocolate Corn Flakes,NESTLÉ,Emb. 0.375 KG,"2,24€","5,97€ / KG",
Dentífrico Max White One,COLGATE,Emb. 0.075 LT,"3,98€","53,07€ / LT",
XAU LIMPA MAQ EXPRESS,XAU,Emb. 0.25 LT,"4,99€","19,96€ / LT",
Champô Cabelo Strong Power,NIVEA MEN,Emb. 0.25 LT,"4,38€","17,52€ / LT",
OIKOS MANGA-PAPAIA,OIKOS,Emb. 0.44 KG,"2,39€","5,43€ / KG",
Salmão Posta Congelado,,1 Unid. = 1 KG  (aprox.),"9,49€/kg","9,49€ / Unid.",
Cerveja sem Álcool 6x33cl,SUPER BOCK,Emb. 1.98 LT,"4,49€","2,27€ / LT",
Queijo de Ovelha Curado Cerrado do Vale,SANTIAGO,1 Unid. = 0.2 KG (aprox.),"19,03€/kg","3,81€ / Unid.",
Bolachas Ligera sem Açúcares Adicionados e sem Sal,GULLÓN,Emb. 0.2 KG,"1,33€","6,65€ / KG",
Azeite Virgem Extra Colheita Madura,GALLO,Emb. 0.5 LT,"4,99€","9,98€ / LT",
Vinho Regional Douro Branco,ADEGA DE VILA REAL,Garrafa 0.75 LT,"2,68€","3,57€ / LT",
Recarga para Difusor Carro Ar Fresco,AMBIPUR,Emb. 1 UNID.,"2,98€","2,98€ / UNID.",
Queijo Amanteigado Mistura,ALVELHE,1 Unid. = 1.2 KG (aprox.),"10,68€/kg","12,82€ / Unid.",
2 Lombos de Salmão,,Emb. 0.25 KG,"9,99€","39,96€ / KG",
Detergente Máquina Roupa Líquido Lãs e Sedas,WOOLITE,Emb. 25 DOSES,"3,49€","0,14€ / DOSES",
Fiambre da Perna Extra Cuida-T,NOBRE,1 Unid. = 0.12 KG (aprox.),"9,99€/kg","1,20€ / Unid.",
Salada Camponesa,,Emb. 0.225 KG,"1,39€","6,18€ / KG",
Pão Especial Multicereais,EPI D'OR,Emb. 0.5 KG,"1,39€","2,78€ / KG",
Vinho Regional Alentejano Tinto,VALE DA NORA,Garrafa 0.75 LT,"3,90€","5,20€ / LT",
Escova de Bambu Suave,COLGATE,Emb. 1 UNID.,"2,99€","2,99€ / UNID.",
Massa Tagliatelle,TURINI,Emb. 0.5 KG,"1,29€","2,58€ / KG",
Areia Branca Aromatizada para Aves,AVIPAR,Emb. 1 KG,"1,79€","1,79€ / KG",
AMACIADOR CONCENTRADO SPA 72 DOSES,HYPERDOU,Emb. 2 LT,"1,75€","0,88€ / LT",
Gomas Starmix,HARIBO,Emb. 0.09 KG,"1,08€","12,00€ / KG",
"Mini Pães Gache, Manteiga Pura",,Emb. 0.36 KG,"1,99€","5,53€ / KG",
Escova de Dentes Max White,COLGATE,Emb. 1 UNID.,"3,98€","3,98€ / UNID.",
Leite Bem Essencial UHT Gordo,MIMOSA,Emb. 1 LT,"1,14€","1,14€ / LT",
Salada de Atum à Catalane,COTE SNACK,Lata 0.25 KG,"1,29€","5,16€ / KG",
BACALHAU A BRAS 300G,CÔTÉ TABLE,Emb. 0.25 KG,"2,29€","9,16€ / KG",
Dentífrico Expert Branqueador,DENTAMYL,Emb. 0.075 LT,"0,80€","10,67€ / LT",
Moscatel Branco Península de Setúbal,VALE BARRIS,Garrafa 0.75 LT,"1,99€","2,65€ / LT",
Laca Fixação Forte 2,VITANOVE,Spray 0.075 LT,"1,05€","14,00€ / LT",
Chá Menta,TETLEY,Emb. 10 SAQ.,"0,86€","0,09€ / SAQ.",
Gel Garnier Extra Forte 3 Estructurante,FRUCTIS,Emb. 0.2 LT,"5,48€","27,40€ / LT",
Gel Casa de Banho Limpeza Brilhante,CIF,Emb. 0.75 LT,"1,39€","1,85€ / LT",
GUACAMOLE M.REPERE,TABLES DU MONDE,Emb. 0.3,"1,99€","6,63€ /",
Tablete de Chocolate de Leite para Culinária,TABLETTE D'OR,Emb. 0.17 KG,"1,45€","8,53€ / KG",
Papa Infantil P/ Preparar C/ Leite,CERELAC,Emb. 0.25 KG,"1,49€","5,96€ / KG",
Cillit Bang Casa de Banho 500ML x12,CILLIT BANG,Emb. 0.5 LT,"2,24€","4,48€ / LT",
Tartelettes Cobertas Pessêgo,ECO+,Emb. 0.2 KG,"0,79€","3,95€ / KG",
Algodão Activo Limpa Metais Brilho,DURAGLIT,Emb. 0.075 KG,"5,19€","69,20€ / KG",
Chouriço da Beira Baixa,SNR,Emb. 0.2 KG,"2,40€","12,00€ / KG",
Farelo de Aveia Integral,CEM PORCENTO,Emb. 0.4 KG,"1,48€","3,70€ / KG",
WAFFERS EXTRA FINAS CHOCOLATE E AVELA,P'TIT DÉLI,Emb. 0.16 KG,"1,55€","9,69€ / KG",
Creme de Mãos Óleo de Côco,DOVE,Emb. 0.075 LT,"2,59€","34,53€ / LT",
Salteado da Horta,BONDUELLE,Emb. 0.4 KG,"2,93€","7,33€ / KG",
Iogurte Bifidus Aveia e Nozes 4 Unid.,DANONE,Emb. 0.48 KG,"2,19€","4,56€ / KG",
Bife do Acém Novilho,,1 Unid. = 0.25 KG (aprox.),"8,99€/kg","2,25€ / Unid.",
Queijo de Barrar Alho Ervas Finas 9x20g,LES CROISÉS,Emb. 0.18 KG,"1,29€","7,17€ / KG",
Alimento Húmido para Cão Patê Aves,ECO+,Emb. 0.3 KG,"0,55€","1,83€ / KG",
Conserva de Feijão Frade Cozido,NOTRE JARDIN,Lata 0.85 KG,"0,99€","1,16€ / KG",
Pão Cachorro 330g,EPI D'OR,Emb. 6 UNID.,"0,79€","0,13€ / UNID.",
Rolo de Cozinha Maxi XXL,RENOVA,Emb. 2 ROLOS,"2,24€","1,12€ / ROLOS",
Yofu Polpa 4x125g,,Emb. 0.5 KG,"2,88€","5,76€ / KG",
SNACK BACON,TOKAPI,Emb. 0.065 KG,"0,59€","9,08€ / KG",
PATE DE COELHO C/ MOSTARDA,CÔTÉ TABLE,Emb. 0.18 KG,"1,59€","8,83€ / KG",
Pantene Pro-V Color Protect Máscara Com Queratina,PANTENE,Emb. 0.3 LT,"6,58€","21,93€ / LT",
Naco de Bacon Extra,PRIMOR,Emb. 0.2 KG,"3,29€","16,45€ / KG",
ATUM EM OLEO GIRASSOL REDONDO,PÊCHE OCÉAN,Emb. 0.085 KG,"0,69€","8,12€ / KG",
Gelatina de Manga,KOALA,Emb. 0.13 KG,"1,07€","8,23€ / KG",
Bolachas Cobertas Chocolate Leite,MILKA,Emb. 0.15 KG,"2,48€","16,53€ / KG",
COTONETES ALGODAO C/ CAIXA DE TAMPA,INELL,Emb. 16 UNID.,"1,19€","0,07€ / UNID.",
Asas de Peru,,1 Unid. = 0.7 KG (aprox.),"2,49€/kg","1,74€ / Unid.",
Xau Limpa Máquinas Limão 2Packx12,XAU,,"6,99€",/ Unid.,
Bolos com Recheio de Chocolate 14Unid.,,Emb. 0.42 KG,"2,66€","6,33€ / KG",
Café Solúvel em Saquetas,NESCAFÉ,Emb. 6 UNID.,"3,48€","0,58€ / UNID.",
Vinho Regional Alentejo Tinto,ENCOSTA DAS PERDIZES,Garrafa 0.75 LT,"2,29€","3,05€ / LT",
Polvilho Doce Brasil,GLOBO,Emb. 0.5 KG,"1,88€","3,76€ / KG",
Bolacha Gullon Vitalday Crocant Fruta 300g,GULLÓN,Emb. 0.3 KG,"1,48€","4,93€ / KG",
Compota Sortidos,DOUCEUR DU VERGER,Emb. 1.08 KG,"4,99€","4,62€ / KG",
Leite Bem Especial Crescimento 1 a 3 anos,MIMOSA,Emb. 1 LT,"1,78€","1,78€ / LT",
Queijo Brie,,1 Unid. = 0.2 KG (aprox.),"9,99€/kg","2,00€ / Unid.",
Caldo de Peixe,KNORR,Emb. 8 CUBOS,"1,39€","0,17€ / CUBOS",
Vinho Branco JP,BACALHÔA,Garrafa 0.75 LT,"2,19€","2,92€ / LT",
Creme Limpeza Lixívia e Micro-Cristais,CIF,Emb. 0.7 LT,"2,49€","3,56€ / LT",
Cera Depilatória a base de Açúcar,VEET,Emb. 0.025 LT,"5,94€","237,60€ / LT",
Bife de Peito de Peru,,1 Unid. = 0.15 KG (aprox.),"4,79€/kg","4,79€ / Unid.",
Cerveja com Álcool Mini 30x25cl,SAGRES,Emb. 7.5 LT,"12,69€","1,69€ / LT",
Vinho do Porto Dona Antonia,FERREIRA,Emb. 0.75 LT,"11,98€","15,97€ / LT",
Body Milk Nutritivo Pele Seca,NIVEA,Emb. 0.4 LT,"4,99€","12,48€ / LT",
APERITIVOS MILHO DINOSSAUROS SABOR KETCHUP,TOKAPI,Emb. 0.125 KG,"0,99€","7,92€ / KG",
"Fraco Doseador 0,25L",,1 UNID.,"0,99€","0,99€ / UNID.",
Espinafres Ultracongelados,BONDUELLE,Emb. 0.4 KG,"1,83€","4,58€ / KG",
SPRAY LIMPEZA OPTICAS,CLAIR,Emb. 0.02 LT,"1,99€","99,50€ / LT",
Iogurte Grego Natural,YAOS,Emb. 0.45 KG,"1,99€","4,42€ / KG",
Chocolate de Leite Triplo Caramelo,MILKA,Emb. 0.09 KG,"1,68€","18,67€ / KG",
Preservativo Ultrafeel,CONTROL,Emb. 10 UNID.,"6,99€","0,70€ / UNID.",
FUSILLI A CARBONARA,COTE SNACK,Emb. 0.3 KG,"2,29€","7,63€ / KG",
Doce de Morango Baixo Teor de Açúcar,DOUCEUR DU VERGER,Frasco 0.34 KG,"1,25€","3,68€ / KG",
Desodorizante Roll-On Cotton Dry 48H,REXONA,Emb. 0.05 LT,"2,69€","53,80€ / LT",
MASCARA REPARADORA 300ML,VITANOVE,Emb. 0.3 LT,"1,99€","6,63€ / LT",
Queijo Curado Meio Gordo Fonte Mouisca,LACTO SERRA,1 Unid. = 0.25 KG (aprox.),"8,99€/kg","2,25€ / Unid.",
Forma de Alumínio Bolo Inglês Castanha 27cm,ARDENCE,1 UNID.,"4,33€","4,33€ / UNID.",
Gel Barbear Protect e Care,NIVEA MEN,Emb. 0.2 LT,"4,39€","21,95€ / LT",
Cápsulas Café Ristretto Ardenza,DOLCE GUSTO,Emb. 30 CAPS.,"10,48€","0,35€ / CAPS.",
Cereais Choco Flakes,CUÉTARA,Emb. 0.5 KG,"2,99€","5,98€ / KG",
GRAO DE BICO SACO,NOTRE JARDIN,Emb. 1 KG,"1,89€","1,89€ / KG",
Iogurte Líquido Corpos Piña Colada 4x155g,DANONE,Emb. 0.62 KG,"1,69€","2,73€ / KG",
Dove Silk Glow Gel de Banho,DOVE,Emb. 0.75 LT,"4,19€","5,59€ / LT",
Leite Achocolatado 4x200ml,AGROS,Emb. 0.8 LT,"1,43€","1,79€ / LT",
Iogurte Bifidus Cremoso Cocktail de Frutas 0% 4 Unid.,DANONE,Emb. 0.48 KG,"1,99€","4,15€ / KG",
A+ARIEL ALPINE 65SC,A+,,"19,99€",/ Unid.,
Máquinas de Barbear Descartáveis Blue II,GILLETTE,Emb. 6 UNID.,"2,23€","0,37€ / UNID.",
CARVAO VEGETAL 3KG MARCA GUIA,,Emb. 3 KG,"3,29€","1,10€ / KG",
Bebida de Amêndoa 0%,SHOYCE,Emb. 1 LT,"2,19€","2,19€ / LT",
Bebida Energética Energy,MONSTER ENERGY,Emb. 0.5 LT,"1,20€","2,40€ / LT",
Azeite Pet,OLIVEIRA DA SERRA,Emb. 0.75 LT,"3,24€","4,32€ / LT",
Conserva de Salsichas Aves 5 Unid.,IZIDORO,Frasco 0.25 KG,"1,59€","6,36€ / KG",
Sabonete Sólido Manteiga Karite,MANAVA,Emb. 2 UNID.,"1,00€","0,50€ / UNID.",
GOMAS FIOS,COPAÍNS COPINES,Emb. 0.2 KG,"1,35€","6,75€ / KG",
Sumo Multifrutos 6 Unid.,JAFADEN,Emb. 1200 LT,"1,65€","0,00€ / LT",
Patê de Atum,LA PIARA,Emb. 0.075 KG,"1,23€","16,40€ / KG",
Desodorizante Roll-On Men Dry Fresh,NIVEA MEN,Emb. 0.05 LT,"2,39€","47,80€ / LT",
GOMAS ACIDAS COLORIDAS TUB\'S,COPAÍNS COPINES,Emb. 0.2 KG,"1,39€","6,95€ / KG",
Farinha P/ Bolos C/ Fermento,NACIONAL,Emb. 1 KG,"1,18€","1,18€ / KG",
Fiambre da Pá Bom Proveito,IZIDORO,1 Unid. = 0.12 KG (aprox.),"6,99€/kg","0,84€ / Unid.",
Galetes de Milho Biológicas,,Emb. 0.13 KG,"0,99€","7,62€ / KG",
Vinho Rosé Frisante,DELL'EMILIA,Garrafa 0.75 LT,"3,49€","4,65€ / LT",
Rebuçados Sabor Limão,HALLS,Emb. 0.032 KG,"0,88€","27,50€ / KG",
Sobremesa Láctea de Morango +6Meses,BIO VILLAGE BEBE,Emb. 0.4 KG,"3,09€","7,73€ / KG",
Mistura Solúvel Chicoria,ECO+,Emb. 0.2 KG,"1,89€","9,45€ / KG",
MOLHO KEBAB,RUSTICA,Emb. 0.252 KG,"1,35€","5,36€ / KG",
Água sem Gás Limão,LUSO FRUTA,Garrafa 1 LT,"1,27€","1,27€ / LT",
Ervilhas Extra Finas 3x140G,NOTRE JARDIN,Emb. 0.42 KG,"1,79€","4,26€ / KG",
"AQUAFRESH ELIXIR INTENSE CLN,,500ML",AQUAFRESH,,"4,98€",/ Unid.,
DETERGENTE LIQUIDO ALOE VERA 40D,EPSIL,Emb. 40 DOSES,"4,35€","0,11€ / DOSES",
Sumo Delight California,SUNNY DELIGHT,Garrafa 1.25 LT,"1,64€","1,31€ / LT",
Romã,,1 Unid. = 0.3 KG (aprox.),"1,99€/kg","0,60€ / Unid.",
AFTERSHAVE BALSAMO HIDRATANTE 100ML,CARRÉ HOMME,Emb. 0.1 LT,"1,89€","18,90€ / LT",
Óleo Alimentar,VAQUEIRO,Garrafa 1 LT,"4,48€","4,48€ / LT",
Café Pastilhas 100% Arabica,ECO+,Emb. 48 PAST.,"3,49€","0,07€ / PAST.",
Vinho Regional Douro Tinto,CISTUS,Garrafa 0.75 LT,"5,48€","7,31€ / LT",
PEITO DE FRANGO FATIAS FINAS,CAMPO FINO,Emb. 0.15 KG,"1,29€","8,60€ / KG",
Dentífrico Multi Action Branqueadora,AQUAFRESH,Emb. 0.075 LT,"3,68€","49,07€ / LT",
BLOCO SANITARIO AGUA AZUL 2UN,ECO+,Emb. 2 UNID.,"0,80€","0,40€ / UNID.",
DETERGENTE LIQUIDO CLASSICO 40D,EPSIL,Emb. 40 DOSES,"4,65€","0,12€ / DOSES",
Johnson's Loção para Bebé Rosto e Corpo Cotton Touch,JOHNSON'S BABY,Emb. 0.5 LT,"3,89€","7,78€ / LT",
ATUM NATURAL GENERAL,GENERAL,Emb. 0.11 KG,"0,99€","9,00€ / KG",
Paté de Atum,PÊCHE OCÉAN,Emb. 0.065 KG,"0,69€","10,62€ / KG",
Bebida de Aveia 0% 3x200ML,SHOYCE,Emb. 0.6 LT,"2,18€","3,63€ / LT",
Néctar Clássico Pêssego,COMPAL,Emb. 0.33 LT,"0,73€","2,21€ / LT",
Vinho Rosé,MONTE SECO,Garrafa 0.75 LT,"1,39€","1,85€ / LT",
Água com Gás Limão/Chá Verde 4x25 cl TP,PEDRAS SALGADAS,Emb. 1 LT,"2,39€","2,39€ / LT",
Espumante Doce,COMP DO VINHO,Garrafa 0.75 LT,"3,29€","4,39€ / LT",
Cereais Starz,NACIONAL,Emb. 0.3 KG,"1,69€","5,63€ / KG",
DENTIFRICO E ELIXIR FRESCURA EXTREMA,DENTAMYL,Emb. 0.075 LT,"0,95€","12,67€ / LT",
Bolo de Arroz,,1 UNID.,"0,99€","0,99€ / UNID.",
ESPUMA BARBEAR HIDRATANTE/FRESCO 250ML,CARRÉ HOMME,Emb. 0.25 LT,"1,49€","5,96€ / LT",
Iogurte de Alperce 4 Unid.,IOGOLINO,Emb. 0.4 KG,"2,88€","7,20€ / KG",
Snacks P/ Cão 12-25Kg Dentalife Medium,PURINA,Emb. 0.345 KG,"6,68€","19,36€ / KG",
Rebuçados de Morango,COPAÍNS COPINES,Emb. 0.25 KG,"0,99€","3,96€ / KG",
Johnson's Champô para Crianças Gotas de Força,JOHNSON'S BABY,Emb. 0.5 LT,"5,58€","11,16€ / LT",
ARROZ PARA SUSHI,TABLES DU MONDE,Emb. 0.5 KG,"1,19€","2,38€ / KG",
Vinagre de Álcool Cristal,ECO+,Garrafa 1.5 LT,"0,95€","0,63€ / LT",
Empadão de Pato,NOS RÉGIONS ONT DU TALENT,Emb. 0.3 UNID.,"2,42€","8,07€ / UNID.",
Bechamel,PARMALAT,Emb. 0.5 LT,"2,18€","4,36€ / LT",
Amaciador de Roupa Rosa,,Emb. 4 LT,"1,59€","0,40€ / LT",
GAUFRES COM MEL BIO,,Emb. 0.175 KG,"2,29€","13,09€ / KG",
"AXE STYLING GEL URBAN,,125ML",,Emb. 0.125 LT,"4,23€","33,84€ / LT",
Polpa de Tomate,ECO+,Frasco 1 KG,"1,09€","1,09€ / KG",
Sabonete Moisture Care 4 unid.,PALMOLIVE,Emb. 0.09 KG,"3,44€","38,22€ / KG",
Chocolate Milka e Oreo,MILKA,Emb. 0.1 KG,"1,68€","16,80€ / KG",
Feijão Branco Seco,NOTRE JARDIN,Emb. 1 KG,"1,89€","1,89€ / KG",
Escova Dentes Intense Clean Médio,AQUAFRESH,Emb. 1 UNID.,"3,98€","3,98€ / UNID.",
Creme Anti-Rugas Cuidado Dia,DERMO EXPERTISE,Emb. 1 P,"14,98€","14,98€ / P",
Azeitonas Verdes S/ Caroço C/ Queijo,COULEURS VIVES,Emb. 0.15 KG,"2,19€","14,60€ / KG",
Gel de Banho Hidratante Baby,BABY DOVE,Emb. 0.2 LT,"1,79€","8,95€ / LT",
DETERGENTE MANUAL LOICA LIMAO,ECO+,Emb. 1 LT,"0,79€","0,79€ / LT",
Iogurte Mix-in Kit Kat Morango 2 Unid.,NESTLÉ,Emb. 0.115 KG,"2,09€","18,17€ / KG",
SACOS LIXO ALCAS 30L,ELEMBAL,Emb. 20 UNID.,"0,99€","0,05€ / UNID.",
Perca Posta,,1 Unid. = 0.3 KG (aprox.),"7,99€/kg","2,40€ / Unid.",
Mousse de Chocolate Preto 4x60g,DÉLISSE,Emb. 0.48 LT,"1,25€","2,60€ / LT",
BEBIDA SOJA BAUNILHA,ALPRO,Emb. 1 LT,"1,89€","1,89€ / LT",
Aguardente CRF 70 cl C/ Balão,,0.07 CL,"15,99€","228,43€ / CL",
Barras Hero Muesly Cereais Linea Choco Branco 6x20g,HERO,Emb. 0.12 KG,"1,79€","14,92€ / KG",
Rolo de Cozinha Mega,MARQUE REPERE,Emb. 1 UNID.,"2,58€","2,58€ / UNID.",
Brioche Vendéenne,,Emb. 0.65 KG,"3,29€","5,06€ / KG",
Tampões com Aplicador Pearl Super Plus,TAMPAX,Emb. 24 UNID.,"4,98€","0,21€ / UNID.",
Café Cápsulas Descafe Intensidade 2,PLANTATION,Emb. 16 CAPS.,"2,44€","0,15€ / CAPS.",
Refeição Arroz de Tomate e frango,BLÉDINA,Emb. 0.2 KG,"2,08€","10,40€ / KG",
Tomate da Horta Concentrado,COMPAL,Emb. 0.14 KG,"0,98€","7,00€ / KG",
Achocolatado em Pó,ECO+,Emb. 0.4 KG,"1,49€","3,73€ / KG",
Nectar Maçã Bio,,Emb. 1.5 LT,"2,49€","1,66€ / LT",
Rissóis de Carne 8 Unid.,SNR,Emb. 0.325 KG,"1,99€","6,12€ / KG",
Champô Cabelo Fortificante Cresce Forte,FRUCTIS,Emb. 0.25 LT,"3,98€","15,92€ / LT",
Snack P/ Cão Sticks C/ Aroma a Javali,PURINA,Emb. 0.09 KG,"1,98€","22,00€ / KG",
Sumo Refrigerado Cidreira Tília Camomila Limão,PLENO TISANAS,Garrafa 1.5 LT,"1,49€","0,99€ / LT",
Jumbo Branco 50cl,ARDENCE,1 UNID.,"1,60€","1,60€ / UNID.",
Aparador Elétrico Sensitive Precision Bikini,VEET,Emb. 1 UNID.,"29,69€","29,69€ / UNID.",
CERA QUENTE DEPILACAO PROFISSIONAL 400G,SLISS,Emb. 0.4 LT,"5,49€","13,73€ / LT",
Desodorizante Spray Dry Comfort Plus 48h,NIVEA,Spray 0.2 LT,"3,00€","15,00€ / LT",
Queijo Fundido Fatias Light,A VACA QUE RI,Emb. 0.2 KG,"1,94€","9,70€ / KG",
Bolachas Areadas de Framboesa,CHAQUE JOUR SANS GLUTEN,Emb. 0.14 KG,"2,29€","16,36€ / KG",
Iogurte Sólido Proteíco Limão e Cookies Lindhals,NESTLÉ,Emb. 0.15 KG,"1,09€","7,27€ / KG",
Compota de Maçã 8x100g,DOUCEUR DU VERGER,Emb. 0.8 KG,"2,99€","3,74€ / KG",
Creme Hidratante Pele Sensível Hipoalergénico,CORINE DE FARME,Emb. 0.1 KG,"4,48€","44,80€ / KG",
Gelado Double Chocolate e Morango,MAGNUM,Emb. 0.264 LT,"4,98€","18,86€ / LT",
Panela de Inox 18cm,,1 UNID.,"5,90€","5,90€ / UNID.",
Perca Congelada,,1 Unid. = 1.7 KG (aprox.),"9,98€/kg","16,97€ / Unid.",
Elixir Oral Dentes & Gengivas Menta Fresca,LISTERINE,Emb. 1 LT,"8,98€","8,98€ / LT",
CREME PARA BARRAR CACAU E AVELAS SEM OLEO PALMA BIO,,Emb. 0.35 KG,"3,14€","8,97€ / KG",
Bolachas Cobertas Chocolate,P'TIT DÉLI,Emb. 0.25 KG,"2,29€","9,16€ / KG",
Pó Compacto Stay Matte,RIMMEL,Emb. 0.014 KG,"10,48€","748,57€ / KG",
Bife Picanha Novilho,,1 Unid. = 0.2 KG (aprox.),"19,99€/kg","4,00€ / Unid.",
Café Expresso Bar Torrado,DELTA,Emb. 1 KG,"11,98€","11,98€ / KG",
Água S/ Gás,ECO+,Garrafa 0.5 LT,"0,16€","0,32€ / LT",
Alimento Seco Cão Croquete Vaca,LYDOG,Emb. 10 KG,"9,99€","1,00€ / KG",
Pão de Centeio Fatiado Embalado,MUSEU DO PÃO,Emb. 0.45 KG,"1,99€","4,42€ / KG",
Rissóis de Pescada,,Emb. 8 UNID.,"1,19€","0,15€ / UNID.",
Vinho Regional Douro Tinto,VILA REGIA,Emb. 0.75 LT,"2,98€","3,97€ / LT",
Fraldas Bebé T5 Ultra Confort11/25 Kg,MOTS D'ENFANTS,Emb. 23 UNID.,"4,45€","0,19€ / UNID.",
Dourada Cal. 700/800,,1 Unid. = 0.75 KG (aprox.),"8,99€/kg","6,74€ / Unid.",
Fralda Cueca T6 +16Kg,MOTS D'ENFANTS,Emb. 18 UNID.,"5,00€","0,28€ / UNID.",
Caldo de Legumes 8 Cubos,KNORR,Emb. 0.08 KG,"1,49€","18,63€ / KG",
Massa Cotovelinhos Biológica,,Emb. 0.5 KG,"1,19€","2,38€ / KG",
Tostas Sabor Brioche,EPI D'OR,Emb. 0.3 KG,"1,87€","6,23€ / KG",
Sidra de Maça,SOMERSBY,Garrafa 0.33 LT,"0,98€","2,97€ / LT",
Alimento P/ Húmido Gato Seleção de Mousses,FRISKIES,Emb. 0.68 KG,"5,84€","8,59€ / KG",
Canela em Pó,RUSTICA,Frasco 0.035 KG,"0,49€","14,00€ / KG",
ELIXIR BOCAL DE MENTA,DENTAMYL,Emb. 0.5 LT,"1,29€","2,58€ / LT",
"BEBIDA SOJA CHOCOLATE, 1L",ALPRO,Emb. 1 LT,"1,89€","1,89€ / LT",
Pizza Casa Di Mama Hawaii,DR. OETKER,Emb. 0.42 KG,"5,48€","13,05€ / KG",
CREPES QUEIJO 6UN,CÔTÉ TABLE,Emb. 6 UNID.,"1,69€","0,28€ / UNID.",
Cereais de Aveia Integral C/ Chocolate Preto,FITNESS,Emb. 0.375 KG,"2,99€","7,97€ / KG",
Champô Citrinos Extra Suave,MANAVA,Emb. 0.5 LT,"1,99€","3,98€ / LT",
Queijo Fatiado Amanteigado de Vaca e Ovelha,LIMIANO,Emb. 0.18 KG,"2,68€","14,89€ / KG",
Vinho do Porto Fundador Tawny,COMPANHIA VELHA,Emb. 0.75 LT,"6,38€","8,51€ / LT",
Coloração Longa Duração Belle Color 4 Castanho,GARNIER,Emb. 1 UNID.,"5,98€","5,98€ / UNID.",
Caixa de Arrumação com Tampa 18L Cinza,,1 UNID.,"3,89€","3,89€ / UNID.",
Água com Gás,PEDRAS SALGADAS,Emb. 0.5 LT,"0,79€","1,58€ / LT",
Fiambre Peito de Frango em Forno de Lenha,CAMPOFRIO,1 Unid. = 0.11 KG (aprox.),"15,59€/kg","1,71€ / Unid.",
Crepes de Chocolate com Cereais Crocantes,P'TIT DÉLI,Emb. 0.256 KG,"1,99€","7,77€ / KG",
Cápsulas Descafeinado Espresso P/ Nespresso Intensidade 11,STARBUCKS,Emb. 10 CAPS.,"4,48€","0,45€ / CAPS.",
Salmão Posta,,1 Unid. = 0.25 KG (aprox.),"10,98€/kg","2,75€ / Unid.",
Sumo Maçã,JAFADEN,Emb. 1.2 LT,"1,49€","1,24€ / LT",
OIKOS NATURAL 110G X4,OIKOS,Emb. 0.44 KG,"2,39€","5,43€ / KG",
Esponja Glitzi Plus,VILEDA,Emb. 3 UNID.,"3,18€","1,06€ / UNID.",
Lenços Faciais Plenitude Renova,LENÇOS RENOVA,Emb. 80 UNID.,"0,98€","0,01€ / UNID.",
CREME ANTI-RUGAS BIO 50ML,BIONAÏA,Emb. 0.05 LT,"4,67€","93,40€ / LT",
Sumo 100% Multifrutis Biológico 6 Unid.,,Emb. 0.12 LT,"2,99€","24,92€ / LT",
TABLETE CHOCOLATE NEGRO 85% 100G,CEMOI,Emb. 0.1 KG,"0,99€","9,90€ / KG",
Bolachas Recheadas Chocolate,ECO+,Emb. 0.5 KG,"1,39€","2,78€ / KG",
Pargo Mulato,,1 Unid. = 0.77 KG (aprox.),"5,99€/kg","4,61€ / Unid.",
Tablete Chocolate Culinária,NESTLÉ,Emb. 0.2 KG,"1,79€","8,95€ / KG",
Milho Doce 3X85g,BONDUELLE,Emb. 0.255 KG,"1,59€","6,24€ / KG",
Resguardos Descartáveis 59x59cm,MOTS D'ENFANTS,Emb. 10 UNID.,"2,99€","0,30€ / UNID.",
Farinha Express,MAIZENA,Emb. 0.25 KG,"2,77€","11,08€ / KG",
Néctar Clássico Maracujá,COMPAL,Emb. 1 LT,"1,58€","1,58€ / LT",
Sumo 100% Laranja Biológico 6 Unid.,,Emb. 0.12 LT,"3,42€","28,50€ / LT",
Conserva de Azeitona Verde Inteira,RUSTICA,Frasco 0.36 KG,"1,19€","3,31€ / KG",
Alimento Húmido P/ Gato Frango e Cenoura,PURINA FRISKIES,Emb. 0.4 KG,"1,68€","4,20€ / KG",
Queijo Mini Babybel,BABYBEL,Emb. 0.12 KG,"1,94€","16,17€ / KG",
Pinça P/ Depilação Prateada,,Emb. 1 UNID.,"2,19€","2,19€ / UNID.",
Açúcar Mascavado,TÉVA,Emb. 0.75 KG,"1,69€","2,25€ / KG",
Gin Premium Pink,GORDON'S,Garrafa 0.7 LT,"17,48€","24,97€ / LT",
Carapau Pequeno Negrão,,1 Unid. = 0.25 KG (aprox.),"2,48€/kg","0,62€ / Unid.",
Creme Soft Hidratante Intensivo,NIVEA,Emb. 0.2 LT,"5,69€","28,45€ / LT",
Ice Tea de Manga,FRESH TEA,Garrafa 1.5 LT,"1,66€","1,11€ / LT",
Chouriço Sabor de Português,DAMATTA,Emb. 0.16 KG,"2,19€","13,69€ / KG",
Miolo de Amêndoa Laminada,MARQUE REPERE,Emb. 0.15 KG,"1,99€","13,27€ / KG",
CREME VEGETAL P/ BARRAR,,Emb. 0.5 KG,"1,89€","3,78€ / KG",
Pastis de Marseille,VIVALIS,Garrafa 0.7 LT,"10,49€","14,99€ / LT",
Desodorizante Roll-On Romã,MANAVA,Emb. 0.05 LT,"0,75€","15,00€ / LT",
Café Cápsulas Vellutato Intensidade 9,PLANTATION,Emb. 10 CAPS.,"1,78€","0,18€ / CAPS.",
Detergente Loiça Manual Recarga Espuma Ativa,FAIRY,Emb. 0.375 LT,"2,48€","6,61€ / LT",
Barras de Cereais Light Muesly Chocolate 6x20g,HERO,Emb. 0.12 KG,"1,79€","14,92€ / KG",
Iogurte Aroma Morango/Banana 8x125g,CLESA,Emb. 1 KG,"2,49€","2,49€ / KG",
Mousse de Chocolate Preto e de Leite 8X60g,DÉLISSE,Emb. 0.96 LT,"2,19€","2,28€ / LT",
Café Cápsulas XL Qalidus Intensidade 10,DELTA Q,Emb. 40 CAPS.,"12,99€","0,32€ / CAPS.",
Wafers com Cobertura Chocolate de Leite,P'TIT DÉLI,Emb. 0.175 KG,"1,69€","9,66€ / KG",
QUEIJO FLAMENGO FATIADO LIGHT,QUEIJO NA TÁBUA,Emb. 0.2 KG,"1,89€","9,45€ / KG",
Anti-Transferência de Cor Ultra Toalhitas,VANISH,Emb. 10 UNID.,"3,49€","0,35€ / UNID.",
Gel de Banho Naturals Amêndoa e Leite,PALMOLIVE,Emb. 0.5 LT,"2,69€","5,38€ / LT",
"AGUA FASTIO S/GAS GO, 50CL",FASTIO,,"0,58€",/ Unid.,
CONCHAS DO MAR 6UN,CÔTÉ TABLE,Emb. 0.66 KG,"4,99€","7,56€ / KG",
Gelatina Alimentar em Folha,TABLIER BLANC,Emb. 9 UNID.,"0,84€","0,09€ / UNID.",
SYOSS COLOR 5-5 CASTANHO CENDRÉ,SYOSS,,"8,98€",/ Unid.,
QUEIJO PARA BARRAR COM PIMENTA,LES CROISÉS,Emb. 0.15 KG,"1,09€","7,27€ / KG",
Concentrado de Fruta Tropical,SUNQUICK,Garrafa 0.7 LT,"5,78€","8,26€ / LT",
Cebola Laminada,NOTRE JARDIN,Emb. 1 KG,"1,79€","1,79€ / KG",
Difusor e Recarga Elétrica Lavanda e Camomila,AIR WICK,Emb. 0.019 LT,"5,39€","283,68€ / LT",
Sortidos de Biscoitos,ECO+,Emb. 0.5 KG,"1,99€","3,98€ / KG",
Stick P/ Gato Salmão 3X5G,LYCAT,Emb. 3 UNID.,"0,49€","0,16€ / UNID.",
Dourada Cal. 300/400,,1 Unid. = 0.35 KG (aprox.),"6,98€/kg","2,44€ / Unid.",
CROISSANT CONGELADO 6UN,EPI D'OR,Emb. 0.36,"2,59€","7,19€ /",
Escorredor de Talheres Vertical,ARDENCE,1 UNID.,"2,99€","2,99€ / UNID.",
Farinha de Linhaça Dourada e Moída,CEM PORCENTO,Emb. 0.2 KG,"1,28€","6,40€ / KG",
Conserva de Salsichas Extra Suculentas Aves 7 Unid.,NOBRE,Frasco 0.35 KG,"1,68€","4,80€ / KG",
Solha Congelada,,1 Unid. = 1 KG (aprox.),"6,98€/kg","6,98€ / Unid.",
Codornizes,,1 Unid. = 0.14 KG (aprox.),"0,99€","7,07€ / KG",
Sabonete Líquido Amêndoas,MANAVA,Emb. 0.3 LT,"1,09€","3,63€ / LT",
Saco Cubos Gelos,ELEMBAL,Emb. 15 UNID.,"0,69€","0,05€ / UNID.",
Conserva de Milho Doce Grão,ECO+,Emb. 0.3 KG,"0,69€","2,30€ / KG",
Batatas Fritas com Sal 6x30 g,LAY'S,Emb. 0.18 KG,"2,28€","12,67€ / KG",
Fermento em Pó,ROYAL,Lata 0.226 KG,"3,58€","15,84€ / KG",
Massa Pontinha Clássica,NACIONAL,Emb. 0.25 KG,"0,84€","3,36€ / KG",
Cevada Solúvel sem Café,DELTA,Frasco 0.2 KG,"1,74€","8,70€ / KG",
Preparado Sopa de Cozido,KNORR,Emb. 0.069 KG,"1,49€","21,59€ / KG",
Vinho Regional Lisboa Tinto,PANCAS,Garrafa 0.75 LT,"4,48€","5,97€ / LT",
ALIMENT BEBE: PURE ERVILHAS BIO +4M  2X120G,BIO VILLAGE BEBE,Emb. 0.24 KG,"1,45€","6,04€ / KG",
Tomate Pelado,GULOSO,Emb. 0.39 KG,"1,08€","2,77€ / KG",
Vinho Regional Alentejano Tinto,HERDADE S. MIGUEL,Garrafa 0.75 LT,"4,98€","6,64€ / LT",
Wafers de Baunilha,,Emb. 0.17 KG,"1,00€","5,88€ / KG",
Crepes com Manteiga,P'TIT DÉLI,Emb. 0.3 KG,"1,99€","6,63€ / KG",
Alimento Húmido P/ Gato Gold Salmão,GOURMET,Emb. 0.085 KG,"0,74€","8,71€ / KG",
Toalhitas Limpa Vidros,CLAIR,Emb. 20 UNID.,"0,89€","0,04€ / UNID.",
Caixa de Arrumação com Tampa e Rodas 40L Cinza,,1 UNID.,"9,89€","9,89€ / UNID.",
Fraco Doseador 75cl,,1 UNID.,"1,79€","1,79€ / UNID.",
Pudim Caseiro Laranja,ROYAL,Emb. 0.2 KG,"1,98€","9,90€ / KG",
Fraldas Activity Tamanho 3 6-10Kg,DODOT,Emb. 56 UNID.,"16,98€","0,30€ / UNID.",
Líquido Sanitário Lixívia Perfumada,NEOBLANC,Emb. 0.7 LT,"2,09€","2,99€ / LT",
CEBOLINHAS EM VINAGRE,RUSTICA,Emb. 0.37 LT,"0,99€","2,68€ / LT",
Chávena de Café Vidro 16cl,ARDENCE,1 UNID.,"0,80€","0,80€ / UNID.",
GRESSINOS - receita italiana,TRADIZIONI D'ITALIA,Emb. 0.25 KG,"2,15€","8,60€ / KG",
Manteiga Tradicional,PRIMOR,Emb. 0.25 KG,"2,28€","9,12€ / KG",
MIOLO DE CAMARAO 24/36,PÊCHE OCÉAN,Emb. 0.3 KG,"7,86€","26,20€ / KG",
Azeite Virgem Extra Grande Escolha,GALLO,Emb. 0.5 LT,"4,99€","9,98€ / LT",
Doce de Quatro Frutos sem Açúcar,ST. DALFOUR,Frasco 0.284 KG,"4,38€","15,42€ / KG",
Drageias Chocolate Tubo Tripack,PINTAROLAS,Emb. 0.066 KG,"1,38€","20,91€ / KG",
Rolo de Cozinha 2 Folhas Multi,RENOVA,Emb. 4 ROLOS,"1,29€","0,32€ / ROLOS",
B&J Caramel Brownie Party 465ml,,Emb. 0.465 LT,"6,78€","14,58€ / LT",
Sticks P/ Gato C/ Frango,TOUS MES AMIS,Emb. 3 UNID.,"0,49€","0,16€ / UNID.",
Vinho Regional Alentejano Tinto,CONVENTUAL,Garrafa 0.75 LT,"4,98€","6,64€ / LT",
Whisky J&B Rare,J&B,Garrafa 0.7 LT,"15,48€","22,11€ / LT",
POSTA PESCADA Nº5 COZER,PÊCHE OCÉAN,Emb. 0.8 KG,"5,89€","7,36€ / KG",
MIOLO DE NOZ,TABLIER BLANC,Emb. 0.05 KG,"0,99€","19,80€ / KG",
Vodka Premium 100% Pure,ERISTOFF,Garrafa 0.7 LT,"12,98€","18,54€ / LT",
Iogurte Líquido Morango 4x155g,CORPOS DANONE,Emb. 0.62 KG,"1,69€","2,73€ / KG",
Alimento Húmido para Gato Patê Aves,ECO+,Emb. 0.1 KG,"0,27€","2,70€ / KG",
Vinho do Porto Branco,FERREIRA,Garrafa 0.75 LT,"6,28€","8,37€ / LT",
Refrigerante C/ Gás,COCA COLA,Garrafa 1 LT,"1,49€","1,49€ / LT",
Snack P/ Cão Adulto Biscuit,PURINA,Emb. 0.65 KG,"3,98€","6,12€ / KG",
Tablete de Chocolate de Leite Bubbly Caramel,MILKA,Emb. 0.25 KG,"3,14€","12,56€ / KG",
Salva Camas 60x75CM,LINDOR,Emb. 15 UNID.,"8,48€","0,57€ / UNID.",
Sticks Dentários,PLENIMA,Emb. 0.18 G,"1,79€","9,94€ / G",
Cereja Cal. 22/24,,1 Unid. = 0.125 KG (aprox.),"3,99€/kg","0,50€ / Unid.",
"""QUENELLES"" DE VITELA C/ MOLHO ""FINANCIERE""",CÔTÉ TABLE,Emb. 0.4 KG,"1,49€","3,73€ / KG",
Mini Bolos de Mármore de Chocolate,P'TIT DÉLI,Emb. 0.378 KG,"2,49€","6,59€ / KG",
Xarope de Pêssego,FRUCCI,Garrafa 0.75 LT,"3,99€","5,32€ / LT",
SACOS LIXO C/ ATILHO 30L,ELEMBAL,Emb. 25 UNID.,"1,19€","0,05€ / UNID.",
Protisoja Grãnulos,SALUTEM,Emb. 0.4 KG,"1,88€","4,70€ / KG",
Nectarina,,1 Unid. = 0.15 KG (aprox.),"1,99€/kg","0,30€ / Unid.",
Água S/ Gás Mineral Natural,,Garrafa 0.5 LT,"0,16€","0,32€ / LT",
Cream Crackers,JACOB'S,Emb. 0.2 KG,"0,69€","3,45€ / KG",
Pão de Especiarias com Mel Biológico,,Emb. 0.3 KG,"1,99€","6,63€ / KG",
Recarga Sabonete Líquido Lavanda,MANAVA,Emb. 0.25 LT,"0,65€","2,60€ / LT",
Vinho Regional Douro Tinto,ESTEVA,Garrafa 0.75 LT,"4,98€","6,64€ / LT",
Body Lotion Duche Pele Normal e Seca,NIVEA,Emb. 0.25 LT,"6,68€","26,72€ / LT",
Gelado Romântica Original,CARTE D'OR,Emb. 0.75 LT,"4,84€","6,45€ / LT",
DESODORIZANTE SPRAY ICE BOOST MEN 100ML COMPACT,CARRÉ HOMME,Emb. 0.1 LT,"1,49€","14,90€ / LT",
Sumo de Maçã à Base de Concentrado,JAFADEN,Emb. 2 LT,"1,29€","0,65€ / LT",
Alho Picado,MARGÃO,Frasco 0.06 KG,"3,18€","53,00€ / KG",
Salsichão Seco Porco,ECO+,Emb. 0.25 KG,"2,49€","9,96€ / KG",
Refrigerante C/ Gás Zero Açúcar Pack 4,COCA COLA,Emb. 4 LT,"4,55€","1,14€ / LT",
Conserva de Milho Doce 3x140g,NOTRE JARDIN,Emb. 0.42 KG,"1,28€","3,05€ / KG",
Bolachinhas P/ Bebé +6 meses,NESTLÉ,Emb. 0.18 KG,"2,49€","13,83€ / KG",
QUEIJO FLAMENGO FATIADO,ECO+,Emb. 0.2 KG,"1,49€","7,45€ / KG",
Carapau Médio Congelado,,1 Unid. = 0.15 KG (aprox.),"0,99€/kg","0,15€ / Unid.",
Cereais Arroz S/ Glúten,NESTUM,Emb. 0.25 KG,"2,48€","9,92€ / KG",
GUYLIAN CHOCOLATE NEGRO 100g  S/AÇÚCAR,,,"2,68€",/ Unid.,
Vinho Regional Douro Tinto,TELLUS,Garrafa 0.75 LT,"2,13€","2,84€ / LT",
Jardineira Mistura de Vegetais Ultracongelados,IGLO,Emb. 0.65 KG,"2,98€","4,58€ / KG",
Caramelo Líquido,ROYAL,Emb. 0.4 KG,"2,68€","6,70€ / KG",
Cevada Especial Torrada Moída,DELTA,Emb. 0.25 KG,"0,88€","3,52€ / KG",
Bechamel,PARMALAT,Emb. 0.2 KG,"1,05€","5,25€ / KG",
ALIMENTO HUMIDO ALMONDEGAS AVE P/ GATO,ECO+,Emb. 0.82 KG,"1,29€","1,57€ / KG",
Iogurte Sólido Magro C/ Cereais e Frutos Secos 4 Unid.,LONGA VIDA,Emb. 0.12 KG,"2,09€","17,42€ / KG",
Iogurte Líquido Proteíco Framboesa e Baunilha,NESTLÉ,Emb. 0.33 LT,"1,89€","5,73€ / LT",
Pimenta Preta Grãos,RUSTICA,Frasco 0.04 KG,"1,50€","37,50€ / KG",
Deo Spray Invisible para Homem,SANEX,Emb. 0.2 LT,"2,39€","11,95€ / LT",
CHOCOLATE PRETO C/ PEPITAS DE CARAMELO E FLOR DE SAL,EQUADOR,Emb. 0.1 KG,"1,19€","11,90€ / KG",
Queijo de Cabra Sainte Maure,LES CROISÉS,Emb. 0.2 KG,"2,19€","10,95€ / KG",
Johnson\'s Loção para Crianças Bons Sonhos,JOHNSON'S BABY,Emb. 0.5 LT,"3,89€","7,78€ / LT",
AMBIENTADOR GEL LIRIO VALE,BIEN AIR,Emb. 0.15 KG,"0,89€","5,93€ / KG",
Ice Tea Limão 2x2lt,LIPTON,Emb. 4 LT,"4,99€","1,25€ / LT",
Covete Endivia Branca Org Esp 450G MARCA GUIA,,Emb. 0.45 KG,"2,19€","4,87€ / KG",
Molho Vinagrete com Ervas Aromáticas,RUSTICA,Emb. 0.5 LT,"1,26€","2,52€ / LT",
Maracujá Roxo,,1 Unid. = 0.1 KG (aprox.),"6,99€/kg","0,70€ / Unid.",
Preparado para Pão Multicereais Biológico,,Emb. 1 KG,"1,50€","1,50€ / KG",
Bolachas Crocantes sem Glúten 2x125g,CHAQUE JOUR SANS GLUTEN,Emb. 0.25 KG,"2,99€","11,96€ / KG",
Tarte 3 Queijos,CÔTÉ TABLE,Emb. 0.4 KG,"2,99€","7,48€ / KG",
Xarope de Limão,FRUCCI,Garrafa 0.75 LT,"3,89€","5,19€ / LT",
Bolachas de Trigo e Sementes de Sésamo,NAT&VIE,Emb. 0.2 KG,"1,69€","8,45€ / KG",
Pantene Creme de Pentear Sem Enxaguar Cabelo ondulado 270ml,PANTENE PV,Emb. 0.27 LT,"4,49€","16,63€ / LT",
BLOCO SANITARIO ANTI-TARTARO PINHO 3UN,ECO+,Emb. 3 UNID.,"0,99€","0,33€ / UNID.",
CARNE PORCO A PORTUGUESA,CÔTÉ TABLE,Emb. 0.25 KG,"2,99€","11,96€ / KG",
Compota de Maçã e Pêra Biológica 4x100g,,Emb. 0.4 KG,"1,99€","4,98€ / KG",
Mil Folhas,,1 Unid. = 0.1 KG,"0,99€","9,90€ / KG",
Máscara Capilar para Cabelo Seco,TRESEMMÉ,Emb. 0.5 LT,"5,39€","10,78€ / LT",
PENSOS INCONTINENCIA U. FINOS NORMAL POCKET,CHORYS,Emb. 16 UNID.,"1,99€","0,12€ / UNID.",
SNACKS PREMIUM CARNE 50G LYCAT,LYCAT,Emb. 0.05 KG,"1,29€","25,80€ / KG",
MOLHO PIMENTA,RUSTICA,Emb. 0.3 LT,"1,39€","4,63€ / LT",
Sopa Rabo de Boi 4 Porções,KNORR,Emb. 0.071 KG,"1,49€","20,99€ / KG",
Cerveja com Álcool 15x20cl,SUPER BOCK,Emb. 3 LT,"6,59€","2,20€ / LT",
Tampões com Aplicador Pearl Super,TAMPAX,Emb. 24 UNID.,"4,98€","0,21€ / UNID.",
Pães de Leite 10Unid.,ECO+,Emb. 0.4 KG,"1,45€","3,63€ / KG",
Tomato Frito,HEINZ,Emb. 0.35 KG,"1,19€","3,40€ / KG",
Manteiga Light,MATINAL,Emb. 0.25 KG,"2,38€","9,52€ / KG",
SYOSS OLEO INT. 4-18 CAST.PRALI,SYOSS,,"6,24€",/ Unid.,
CREME PROTESES,DENTAMYL,Emb. 0.05 KG,"3,29€","65,80€ / KG",
Filetes Primavera Alecrim & Sal Marinho,IGLO,Emb. 0.225 KG,"3,99€","17,73€ / KG",
Alimento Húmido P/ Gato Fórmula Indoor Atum e Vitela Pack 4,PURINA ONE,4 G,"3,48€","0,87€ / G",
QUEIJO EDAM FATIADO,ECO+,Emb. 0.5 KG,"3,55€","7,10€ / KG",
IOGURTE LIQUIDO SABOR A MORANGO 8H FORA FRIGORIFICO,DÉLISSE,Emb. 0.8 KG,"1,99€","2,49€ / KG",
IOGURTE BIFIDUS COCO,DÉLISSE,Emb. 0.5 KG,"0,99€","1,98€ / KG",
Doce de Morango Biológico,,Emb. 0.37 KG,"2,15€","5,81€ / KG",
Peito de Pato,,1 Unid. = 0.35 KG  (aprox.),"2,89€/kg","1,01€ / Unid.",
Alimento Húmido P/ Gatinhos C/ Vitela,GOURMET,Emb. 0.085 KG,"0,74€","8,71€ / KG",
Papel Higiénico Decorado,MARQUE REPERE,Emb. 12 UNID.,"3,29€","0,27€ / UNID.",
SACO CONGELACAO PEQUENO,ELEMBAL,Emb. 50 UNID.,"0,79€","0,02€ / UNID.",
LUVAS EXTRA SENSATION P/M,VILEDA,,"1,98€",/ Unid.,
TARTE DE MACA,P'TIT DÉLI,Emb. 0.3 KG,"2,99€","9,97€ / KG",
Detergente Máquina Loiça Pastilhas Platinum All In One,FAIRY,Emb. 45 UNID.,"18,98€","0,42€ / UNID.",
Pescada Grande Fechada,,1 Unid. = 1.5 KG (aprox.),"10,99€/kg","16,49€ / Unid.",
Guinness Cerveja da Irlanda Draught Stout,GUINNESS,Emb. 0.044 LT,"1,99€","45,23€ / LT",
Filetes de Atum ao Natural,PÊCHE OCÉAN,Emb. 0.19 KG,"3,59€","18,89€ / KG",
Manteiga Magra sem Sal,LES CROISÉS,Emb. 0.25 KG,"1,79€","7,16€ / KG",
Vinho de Mesa Tinto,ECO+,Emb. 2 LT,"2,69€","1,35€ / LT",
Pastilhas de Bassin de Vicky,NOS RÉGIONS ONT DU TALENT,Emb. 0.23 KG,"1,38€","6,00€ / KG",
Destop Manutenção de Canalizações Perfumado,DESTOP,Emb. 0.75,"5,99€","7,99€ /",
BOLO DE SEMOLA C/ UVAS,DÉLISSE,Emb. 0.4 KG,"2,25€","5,63€ / KG",
Máquinas de Barbear Descartáveis Blue II Plus Mulher,GILLETTE,Emb. 6 UNID.,"2,98€","0,50€ / UNID.",
Leite Bem Essencial UHT Meio Gordo,MIMOSA,Emb. 1 LT,"0,94€","0,94€ / LT",
BARQUETTES MORANGO BIO,,Emb. 0.12 KG,"1,79€","14,92€ / KG",
DANACOL LÍQUIDO COLESTEROL NOZ,DANACOL,Emb. 6 UNID.,"2,99€","0,50€ / UNID.",
Leite de Crescimento 1+ Cereais,NESTLÉ,Emb. 1 LT,"2,48€","2,48€ / LT",
EXFOLIANTE FACIAL TODO TIPO PELE 75ML,BIONAÏA,Emb. 0.075 LT,"2,49€","33,20€ / LT",
BOLACHA PALET RECEITA MADALENAS X8,P'TIT DÉLI,Emb. 0.125 KG,"1,39€","11,12€ / KG",
Inseticida Elétrico Melgas e Mosquitos + Recarga 23ML,DUM DUM,,"7,49€",/ Unid.,
"Lixívia Supergel, 750ML",,Emb. 0.75 LT,"2,55€","3,40€ / LT",
VINAGRE CRISTAL BRANCO 0.75L,CRISTAL,,"1,29€",/ Unid.,
Feijão Frade Seco,NOTRE JARDIN,Emb. 0.5 KG,"0,99€","1,98€ / KG",
Alimento Seco Cão Júnior,PURINA FRISKIES,Emb. 1.5 KG,"6,48€","4,32€ / KG",
CASSOULET DE CASTELNAUDARY,NOS RÉGIONS ONT DU TALENT,Emb. 0.84 KG,"5,99€","7,13€ / KG",
Arroz Vaporizado,COZINHA VELHA,Emb. 1 KG,"1,48€","1,48€ / KG",
Água Tónica Original,NORDIC,Garrafa 1 LT,"1,85€","1,85€ / LT",
Creme Limpeza Original Multiusos,CIF,Emb. 0.7 LT,"2,49€","3,56€ / LT",
LIEGEOIS FRAMBOISE DEL,DÉLISSE,Emb. 0.4 KG,"1,89€","4,73€ / KG",
Condicionador Cabelo Diamante Força Extrema,TRESEMMÉ,Emb. 0.675 LT,"8,99€","13,32€ / LT",
Figo,,1 Unid. = 0.1 KG (aprox.),"19,90€/kg","1,99€ / Unid.",
Desodorizante Roll-On Invisible 48H,REXONA,Emb. 0.05 LT,"2,39€","47,80€ / LT",
Sticks Dentários Cão Pequeno 7 Unid.,PLENIMA,Emb. 0.11 KG,"1,09€","9,91€ / KG",
Cápsulas Café Blonde P/ Nespresso Intensidade 6,STARBUCKS,Emb. 10 CAPS.,"4,48€","0,45€ / CAPS.",
Sumo 100% Maçã Bio,,Emb. 1 LT,"1,19€","1,19€ / LT",
AMBIENTADOR MINI SPRAY LIRIO DOS VALES + RECARGA,BIEN AIR,Emb. 1 UNID.,"1,85€","1,85€ / UNID.",
Tablete de Chocolate Preto,TABLETTE D'OR,Emb. 0.16 KG,"1,79€","11,19€ / KG",
AGUA PENTEAR SPRAY,VITANOVE,Emb. 0.15 LT,"1,49€","9,93€ / LT",
Gengibre Branco Moído,MARGÃO,Emb. 0.038 KG,"1,98€","52,11€ / KG",
Pão de Forma Integral,BIMBO,Emb. 0.48 KG,"1,68€","3,50€ / KG",
Sementes de Girassol,MARQUE REPERE,Emb. 0.2 KG,"0,99€","4,95€ / KG",
Preparado Sopa Regular Legumes,KNORR,Emb. 0.063 KG,"1,49€","23,65€ / KG",
Luvas para Uso Doméstico Tamanho L,MAMISON,Emb. 1 UNID.,"0,69€","0,69€ / UNID.",
Bolachas Maria Dorada,GULLÓN,Emb. 0.6 KG,"3,43€","5,72€ / KG",
Caldo Galinha Vitalie 8 Cubos,KNORR,Emb. 0.08 KG,"1,49€","18,63€ / KG",
"Conjunto 12 Copos Flute 15,5cl",,12 UNID.,"6,50€","0,54€ / UNID.",
Esfregona de Algodão,,Emb. 1 UNID.,"0,90€","0,90€ / UNID.",
Refrigerante C/ Gás Cola Zero,JEAN'S,Garrafa 1.5 LT,"0,59€","0,39€ / LT",
BANDAS DEPILATORIAS CERA FRIA PELE SENSIVEL AXILA/VIRILHA 16UN,SLISS,Emb. 16 UNID.,"1,65€","0,10€ / UNID.",
BACALHAU COM ESPINAFRES 350G,CÔTÉ TABLE,Emb. 0.35 KG,"3,29€","9,40€ / KG",
MANTEIGA D'ISIGNY DOP,NOS RÉGIONS ONT DU TALENT,Emb. 0.25 KG,"2,74€","10,96€ / KG",
Recarga para Difusor Elétrico Flores Elegantes,AMBIPUR,Emb. 2 UNID.,"8,99€","4,50€ / UNID.",
Salsichão Cozido,,Emb. 0.4 KG,"2,49€","6,23€ / KG",
BANHA DE PORCO,CAMPO FINO,Emb. 0.22 KG,"1,19€","5,41€ / KG",
Caldo Natura de Galinha Pack 4,KNORR,Emb. 0.112 KG,"1,49€","13,30€ / KG",
FEIJOADA TRANSMONTANA IZIDORO 420G,IZIDORO,Emb. 0.42 KG,"2,94€","7,00€ / KG",
Alheira de Mirandela,ANGELINA,Emb. 0.2 KG,"1,59€","7,95€ / KG",
Alimento Seco P/ Gato Sénior +11 Frango,PURINA ONE,Emb. 0.8 KG,"6,98€","8,73€ / KG",
Compota de Maça e Framboesa 4x100g,DOUCEUR DU VERGER,Emb. 0.4 KG,"1,54€","3,85€ / KG",
Uva Red Globe,,1 Unid. = 0.25 KG (aprox.),"2,29€/kg","0,57€ / Unid.",
Pensos Incontinência Anatómicos Plus,LINDOR,Emb. 20 UNID.,"10,98€","0,55€ / UNID.",
Néctar de Pera Clássico 3 Unid.,JAFADEN,Emb. 0.6 LT,"0,89€","1,48€ / LT",
Ketchup Redução de Sal e Açúcar,HEINZ,Emb. 0.55 KG,"4,28€","7,78€ / KG",
FEIJAO BRANCO 3X200G,NOTRE JARDIN,Emb. 0.6 KG,"1,49€","2,48€ / KG",
Snack para Canário Mel e Sésamo,VITAKRAFT,Emb. 0.12 KG,"2,18€","18,17€ / KG",
Caldo de Galinha,KNORR,Emb. 0.084 KG,"1,39€","16,55€ / KG",
ESCOVA DE DENTES CRIANCA COM LUZ  +3 ANOS,PETIT DENTAMYL,Emb. 1 UNID.,"2,49€","2,49€ / UNID.",
Pizza Fresca Queijo e Fiambre,TURINI,Emb. 0.45 KG,"2,49€","5,53€ / KG",
Almôndegas,NOBRE,Emb. 0.42 KG,"2,74€","6,52€ / KG",
Vinho Regional Dão Branco,DUQUE DE VISEU,Garrafa 0.75 LT,"4,48€","5,97€ / LT",
Chouriço Corrente 4x100gr,PRIMOR,Emb. 0.4 KG,"2,34€","5,85€ / KG",
Queijo Fresco Natural,ECO+,Emb. 0.36 KG,"0,99€","2,75€ / KG",
Caldo Culinário 24 Cubos,CALVÉ,Emb. 0.24 KG,"1,94€","8,08€ / KG",
Balde de Lixo 45L,,1 UNID.,"12,90€","12,90€ / UNID.",
QUEIJO PARMIGIANO REGGIANO DOP 30MESES,TRADIZIONI D'ITALIA,Emb. 0.2 KG,"5,99€","29,95€ / KG",
Bolachas Ovos Dinossauros,ARTIACH,Emb. 0.14 KG,"2,08€","14,86€ / KG",
Côco Seco,,1 Unid. = 0.48 KG (aprox.),"2,29€/kg","1,10€ / Unid.",
Azeite Virgem Extra Seleção Ouro,OLIVEIRA DA SERRA,Garrafa 0.75 LT,"4,89€","6,52€ / LT",
Camarão Selvagem Cal. 40/60 Congelado,,1 Unid. = 0.25 KG (aprox.),"19,90€/kg","4,98€ / Unid.",
Alimento Seco P/ Gato Bola Pelo/Esteril,PURINA ONE,Emb. 0.8 KG,"6,98€","8,73€ / KG",
LAMINAS DUPLO SENTIDO 10UN  10UN CARRE HOMME,CARRÉ HOMME,,"0,90€",/ Unid.,
Azeites Verdes,OLIVEIRA DA SERRA,Garrafa 0.75 LT,"4,26€","5,68€ / LT",
Molotof Caramelo,,1 Unid. = 0.7 KG  (aprox.),"10,99€","15,70€ / KG",
Espuma de Barbear Clássica,GILLETTE,Emb. 0.2 LT,"2,98€","14,90€ / LT",
FILETES DE PESCADA,ECO+,Emb. 0.8 KG,"5,99€","7,49€ / KG",
Chocolate de Caramelo e Avelãs,MILKA,Emb. 0.3 KG,"3,98€","13,27€ / KG",
Alimento Seco P/ Gato Croquetes Salmão e Legumes,LYCAT,Emb. 2 KG,"3,99€","2,00€ / KG",
Alperce,,1 Unid. = 0.115 KG (aprox.),"2,99€/kg","0,34€ / Unid.",
NATAS LIQUIDAS UHT GARRAFA 15%MG,DÉLISSE,Emb. 0.5 KG,"1,99€","3,98€ / KG",
Tortellini de Queijo,KNORR,Emb. 0.25 kg,"3,18€","12,72€ / kg",
Máquinas de Barbear Descartáveis Blue II,GILLETTE,Emb. 10 UNID.,"5,98€","0,60€ / UNID.",
LENCOS FACIAIS 2F,ECO+,Emb. 150 UNID.,"0,89€","0,01€ / UNID.",
Fiambre Peito de Peru Fatiado,NOBRE,Emb. 0.12 KG,"2,39€","19,92€ / KG",
Arroz Agulha,ORIENTE,Emb. 1 KG,"1,48€","1,48€ / KG",
Queijo Fatiado 2X200 g,LIMIANO,Emb. 0.4 KG,"5,58€","13,95€ / KG",
Banco de Apoio,,1 UNID.,"6,90€","6,90€ / UNID.",
Bolachas Maria Doces,VIEIRA,Emb. 0.3 KG,"2,53€","8,43€ / KG",
Leite Bem Essencial C/ Polpa de Morango 4 Unid.,MIMOSA,Emb. 0.8 LT,"1,99€","2,49€ / LT",
Cerveja sem Álcool Preta 6x33cl,CHEERS,Emb. 0.33 LT,"3,58€","10,85€ / LT",
Abrilhantador Máquina Loiça,FAIRY,Emb. 0.475 LT,"5,93€","12,48€ / LT",
Peixe Espada Branco Inteiro,,1 Unid. = 1 KG (aprox.),"12,98€/kg","12,98€ / Unid.",
OIKOS MAÇA CANELA 110G X4,OIKOS,Emb. 0.44 KG,"2,39€","5,43€ / KG",
Alperce Seco,MARQUE REPERE,Emb. 0.2 KG,"2,31€","11,55€ / KG",
DETERGENTE MAQ LOICA PASTILHAS TOTAL+ 45UN,VISIOR,Emb. 45 UNID.,"4,49€","0,10€ / UNID.",
Sobremesa Natas do Céu 2x90g,REINA,Emb. 0.18 KG,"2,59€","14,39€ / KG",
Asas de Frango Embalagem Familiar,,1 Unid. = 1 KG (aprox.),"2,55€/kg","2,55€ / Unid.",
Iogurte Soja Baunilha 4 Unid.,NAT&VIE,Emb. 0.4 KG,"1,34€","3,35€ / KG",
Amaciador Concentrado Frescura 3 Unid.,HYPERDOU,Emb. 0.25 LT,"1,99€","7,96€ / LT",
Milho C/ Sal,MARQUE REPERE,Emb. 0.2 KG,"0,99€","4,95€ / KG",
Rúcula Selvagem,,Emb. 0.1 KG,"1,39€","13,90€ / KG",
SPRAY LIMPA ESTOFOS 1 L 1L TECH9,TECH9,Emb. 1 LT,"3,19€","3,19€ / LT",
Flocos Tostados Trigo Integral,SALUTEM,Emb. 0.25 KG,"1,58€","6,32€ / KG",
Sabonete Glicerina Hidratante,PALMOLIVE,Emb. 0.09 KG,"0,94€","10,44€ / KG",
Água sem Gás,VITALIS,Garrafa 0.5 LT,"0,30€","0,60€ / LT",
Queijo Ralado 3 Queijos,LES CROISÉS,Emb. 0.15 KG,"1,69€","11,27€ / KG",
Nuggets Peito de Frango e Queijo Ultracongelado,CAPITÃO IGLO,Emb. 0.208 KG,"5,98€","28,75€ / KG",
Conserva de Salsichas 8 Unid.,CÔTÉ TABLE,Lata 0.2 KG,"0,79€","3,95€ / KG",
Toalhitas Pele Sensível,MOTS D'ENFANTS,Emb. 63 UNID.,"1,29€","0,02€ / UNID.",
Café Torrado Moído,PLANTATION,Emb. 0.25 KG,"1,69€","6,76€ / KG",
Toalhitas Activity 7+2 Grátis,DODOT,Emb. 486 UNID.,"14,38€","0,03€ / UNID.",
Água C/ Gás,CASTELLO,Garrafa 0.25 LT,"0,45€","1,80€ / LT",
DROPS MENTA,COPAÍNS COPINES,Emb. 0.25 KG,"0,99€","3,96€ / KG",
SABONETE SOLIDO F. TIARE/ORQUIDEA,MANAVA,Emb. 0.1 KG,"0,59€","5,90€ / KG",
Compota de Fruta de Maçã sem Adição de Açúcares 4x100g,DOUCEUR DU VERGER,Emb. 0.4 KG,"1,09€","2,73€ / KG",
Mini Gelados de Chocolate 70% Preto Intenso Pack 6,MAGNUM,Emb. 0.33 LT,"5,99€","18,15€ / LT",
Água sem Gás,FASTIO,Garrafa 6 LT,"1,88€","0,31€ / LT",
Desodorizante Roll-On Shower Fresh,REXONA,Emb. 0.05 LT,"2,69€","53,80€ / LT",
Salsicha Frankfurt,CAMPOFRIO,Emb. 0.14 KG,"0,79€","5,64€ / KG",
Esparguete,ECO+,Emb. 0.5 KG,"0,65€","1,30€ / KG",
Iogurte Sólido Proteíco Coco Lindahls,NESTLÉ,Emb. 0.15 KG,"1,09€","7,27€ / KG",
Refrigerante S/ Gás Laranja,ECO+,Garrafa 2 LT,"0,79€","0,40€ / LT",
Pão Alentejano,,1 Unid. = 0.8 KG,"1,69€","2,11€ / KG",
Alimento Seco P/ Gato Premium Esterilizados,PLENIMA,Emb. 0.45 KG,"1,59€","3,53€ / KG",
Profiteroles com Molho de Chocolate 4x90g,DÉLISSE,Emb. 0.36 KG,"2,69€","7,47€ / KG",
Tampa Anti-Gordura de Inox 28/32cm,ARDENCE,1 UNID.,"4,80€","4,80€ / UNID.",
Tablete Chocolate Preto Culinária,,Emb. 0.1 KG,"0,85€","8,50€ / KG",
Papel Higiénico 2 Folhas,RENOVA,Emb. 48 ROLOS,"7,28€","0,15€ / ROLOS",
Snack P/ Cão Sticks C/ Aroma a Veado,PURINA,Emb. 0.09 KG,"1,98€","22,00€ / KG",
GEL EFEITO INVISIVEL C.CREATEUR 300ML,VITANOVE,Emb. 0.3 LT,"1,99€","6,63€ / LT",
Vinho Verde Branco,GAZELA,Garrafa 0.75 LT,"2,79€","3,72€ / LT",
FILETE AFIAMBRADO MINI,CAMPO FINO,Emb. 0.35 KG,"1,89€","5,40€ / KG",
Salsichas C/ Feijão,CÔTÉ TABLE,Emb. 0.84 KG,"2,85€","3,39€ / KG",
"GEL DUCHE ""SEDUCAO"" 250ML CARRE HOMME",CARRÉ HOMME,,"0,97€",/ Unid.,
DISCOS P/DESMAQUILHAR INELL 70U,INELL,Emb. 70 UNID.,"0,85€","0,01€ / UNID.",
Ice Tea Manga Ananás,NESTEA,Emb. 1.5 LT,"1,00€","0,67€ / LT",
Pantene Repara & Protege Champô,PANTENE PV,Emb. 0.25 LT,"3,98€","15,92€ / LT",
SNACK MAÇÃ AMENDOIM FRUUT 40G,,Emb. 0.04 KG,"0,98€","24,50€ / KG",
GLADE T&F RECARGA LAVANDER,BRISE,Emb. 0.01 LT,"2,09€","209,00€ / LT",
Vinho Regional Alentejano Branco,GALITOS,Bag in Box 5 LT,"9,98€","2,00€ / LT",
Bolachas com Pepitas de Chocolate,ECO+,Emb. 0.2 KG,"0,89€","4,45€ / KG",
Massa Macarronete Riscado,MILANEZA,Emb. 0.5 KG,"1,19€","2,38€ / KG",
Dum Dum Elétrico Melgas e Mosquitos 18ml,DUM DUM,,"5,44€",/ Unid.,
Fiambre Peito de Peru Fatias Finas,CAMPOFRIO,Emb. 0.14 KG,"2,95€","21,07€ / KG",
Vinho Regional Alentejo Branco,ADEGA DE BORBA,Garrafa 0.75 LT,"3,88€","5,17€ / LT",
Sobremesa Creme Baunilha com Caramelo 4x125g,DÉLISSE,Emb. 0.5 KG,"1,89€","3,78€ / KG",
Feijão Verde Extra Finos Ultracongeladas,NOTRE JARDIN,Emb. 1 KG,"1,95€","1,95€ / KG",
Chá Ervas Noite Tranquila,LIPTON,Emb. 0.03 KG,"1,94€","64,67€ / KG",
Pacotinho de Frutas Maçã Cenoura e Manga S/ Glúten +6 meses,NESTLÉ BEBÉ,Emb. 0.09 KG,"1,04€","11,56€ / KG",
Alimento Seco P/ Gatos Esterilizados Peru e Legumes,PURINA FRISKIES,Emb. 1.5 KG,"5,23€","3,49€ / KG",
Tomate Coração de Boi,,1 Unid. = 0.2 KG (aprox.),"1,99€/kg","0,40€ / Unid.",
Esparguete Clássica,NACIONAL,Emb. 0.5 KG,"0,78€","1,56€ / KG",
Leite Crescimento Júnior 1+ Bolacha Maria,NESTLÉ,Emb. 1 LT,"2,48€","2,48€ / LT",
Lixívia em Gel Pink,DOMESTOS,Emb. 0.75 LT,"1,79€","2,39€ / LT",
Queijo de Azeitão Dop,SNR,Emb. 0.24 KG,"6,49€","27,04€ / KG",
CREME DEPILATORIO DE DUCHE,SLISS,Emb. 0.25 LT,"3,99€","15,96€ / LT",
Cápsulas Delta Q Café Qharisma 10 Unidades,DELTA Q,Emb. 10 UNID.,"2,99€","0,30€ / UNID.",
Gelado Fizz Limão 6 Unid.,OLÁ,Emb. 0.36 LT,"2,99€","8,31€ / LT",
Chá Exotic Passion,LIPTON,Emb. 20 SAQS,"1,94€","0,10€ / SAQS",
Preparado Sopa de Cebola Económica,KNORR,Emb. 0.05 KG,"1,09€","21,80€ / KG",
Toalhitas Sensitive Cuidado Máximo 486 unid.,DODOT,Emb. 9 UNID.,"11,59€","1,29€ / UNID.",
Creme Depilatório Pele Sensível,SILISS,Emb. 0.2 LT,"2,75€","13,75€ / LT",
Vinho Regional Alentejano Branco,LOIOS,Garrafa 0.75 LT,"3,98€","5,31€ / LT",
Massa Concha,MILANEZA,Emb. 0.5 KG,"1,19€","2,38€ / KG",
Queijo Bola Flamengo,PRIMOR,Emb. 1.1 KG (aprox.),"9,99€/kg","10,99€ / Unid.",
Miolo de Camarão 80/100 Ultracongelado,PESCANOVA,Emb. 0.35 KG,"7,19€","20,54€ / KG",
Fraldas Bebé T3 ACTIV+ 4/9 Kg,MOTS D'ENFANTS,Emb. 47 UNID.,"9,56€","0,20€ / UNID.",
GUYLIAN CHOCOLATE DE LEITE 100g S/AÇÚCAR,,,"2,68€",/ Unid.,
Infusão Chá Verde Sabor Menta,FRESH TEA,Emb. 1 LT,"1,19€","1,19€ / LT",
Mandioca,,1 Unid. = 0.54 KG (aprox.),"3,98€/kg","2,15€ / Unid.",
Galettes de Arroz com Recheio de Chocolate e Avelã Biológicas,,Emb. 0.12 KG,"2,69€","22,42€ / KG",
BISCOITOS DE CACAU,P'TIT DÉLI,Emb. 0.4 KG,"1,55€","3,88€ / KG",
Nectar Laranja e Banana,JAFADEN,Emb. 2 LT,"1,99€","1,00€ / LT",
Detergente Loiça Manual Original Ultra,FAIRY,Emb. 1.41 LT,"4,19€","2,97€ / LT",
Vinho Regional Bairrada Tinto,MARQUES DE MARIALVA,Garrafa 0.75 LT,"3,48€","4,64€ / LT",
FAIRY LIMÃO 340ML,FAIRY,Emb. 0.34 LT,"1,28€","3,76€ / LT",
Dentífrico Anti-Tártaro +Blanqueador,COLGATE,Emb. 0.075 LT,"2,23€","29,73€ / LT",
Refrigerante S/ Gás Ananás,JAFADEN,Emb. 1.5 L,"0,99€","0,66€ / L",
Airwick Le Comp Aconchego da Lareira,AIR WICK,Emb. 1 UNID.,"8,98€","8,98€ / UNID.",
Vinho Regional Alentejano Tinto,TALHA REAL,Garrafa 0.75 LT,"7,99€","10,65€ / LT",
Creme Hidratante Dupla Ação,CLEAN & CLEAR,Emb. 0.1 LT,"6,98€","69,80€ / LT",
Bolachas Suecas Flocos de Aveia e Chocolate 150g,P'TIT DÉLI,Emb. 0.15 KG,"0,98€","6,53€ / KG",
A+ HYGIENE 80 DOSES,A+,,"29,98€",/ Unid.,
Chouriço Extra,DAMATTA,Emb. 0.2 KG,"2,99€","14,95€ / KG",
Mistura de Legumes Ultracongelado c/ Saquetas Tempero,NOTRE JARDIN,Emb. 1 KG,"2,39€","2,39€ / KG",
Conserva de Atum em Óleo Girassol,PÊCHE OCÉAN,Emb. 0.12 KG,"0,99€","8,25€ / KG",
Vinho Tinto,ADEGA DE MURÇA,Garrafa 0.75 LT,"1,49€","1,99€ / LT",
Champô Color-Vive Cabelos Pintados,ELVIVE,Emb. 0.4 LT,"5,98€","14,95€ / LT",
BATATAS FRITAS NO FORNO C/ OLEO GIRASSOL BIO,,Emb. 0.6 KG,"2,19€","3,65€ / KG",
Creme de Chocolate Preto 4x125g,DÉLISSE,Emb. 0.5 KG,"1,59€","3,18€ / KG",
"Cuvete de Alumínio 5x1,5L",ELEMBAL,Emb. 5 UNID.,"1,99€","0,40€ / UNID.",
"SPRAY AMBIENTADOR ""FLORAL"" 300ML",BIEN AIR,Emb. 0.3 LT,"0,99€","3,30€ / LT",
Refrigerante Lima-Limão C/ Gás,SPRITE,Emb. 1 LT,"0,98€","0,98€ / LT",
ALHEIRA COM COGUMELOS  200GR,TERRAS DO DEMO,,"1,49€",/ Unid.,
Conserva de Atum Assado à Algarvia,RAMIREZ,Emb. 0.12 KG,"1,49€","12,42€ / KG",
Ravioli com Fiambre,TURINI,Emb. 0.3 KG,"1,79€","5,97€ / KG",
Caneca 40cl Preto,ARDENCE,1 UNID.,"1,50€","1,50€ / UNID.",
Vinagre de Vinho Branco,ECO+,Garrafa 1 LT,"0,59€","0,59€ / LT",
Galette des Rois,,1 Unid. = 0.84 KG,"7,99€","9,51€ / KG",
LIMPA VIDROS ECOLOGICO 750ML UNI VERT,UNÍ VERT,Emb. 0.75 LT,"1,79€","2,39€ / LT",
Café Cápsulas aQtivus Intensidade 8,DELTA,Emb. 10 CAPS.,"2,99€","0,30€ / CAPS.",
Pet Expert Espuma de Limpeza,VANISH,Emb. 1 UNID.,"5,84€","5,84€ / UNID.",
Vinho Tinto,COMP DO VINHO,Bag in Box 5 LT,"4,69€","0,94€ / LT",
Pensos Higiénicos Normal Sem Alas Fina e Segura,EVAX,Emb. 24 UNID.,"2,78€","0,12€ / UNID.",
Gel de Banho Lúcia-Lima e Limão,VASELINE,Emb. 0.7 LT,"2,99€","4,27€ / LT",
Alimento Completo Periquito,VITAKRAFT,Emb. 1 KG,"3,98€","3,98€ / KG",
Café Torrado Puro Arabica Moído,,Emb. 0.5 KG,"1,50€","3,00€ / KG",
Mistura Frutos Vermelhos,DOUCEUR DU VERGER,Emb. 0.65 KG,"4,29€","6,60€ / KG",
Gel de Banho para Cabelos e Corpo com Óleo de Amêndoas,CORINE DE FARME,Emb. 0.5 LT,"5,48€","10,96€ / LT",
Compota de Maçã Banana 4x90g,DOUCEUR DU VERGER,Emb. 0.36 KG,"1,99€","5,53€ / KG",
Champô Cabelo Anti-caspa Power,NIVEA MEN,Emb. 0.25 LT,"4,38€","17,52€ / LT",
Iogurte Natural Déli´Light 8x125g,DÉLISSE,Emb. 1 KG,"1,95€","1,95€ / KG",
BEBIDA SOJA FRUTOS VERMELHOS,ALPRO,Emb. 1 LT,"1,89€","1,89€ / LT",
Mousse Chocolate,ROYAL,Emb. 0.158 KG,"1,68€","10,63€ / KG",
Alimento Seco para Gato Carne e Cereais,ECO+,Emb. 2 KG,"2,99€","1,50€ / KG",
Toucinho Fumado,DAMATTA,Emb. 0.2 KG,"9,99€/kg","2,00€ / Unid.",
Snacks P/ Cão 25-40Kg Dentalife,PURINA,Emb. 0.142 KG,"2,38€","16,76€ / KG",
Azeite Virgem Clássico,SERRATA,Garrafa 0.75 LT,"3,99€","5,32€ / LT",
Recarga Ambientador Smooth Satin & Moon Lilly,AIRWICK,Emb. 1 UNID.,"3,59€","3,59€ / UNID.",
Pão de Forma com Códea Especial Torradas,PANRICO,Emb. 0.75 KG,"1,59€","2,12€ / KG",
Conserva de Feijão Frade da Horta,COMPAL,Lata 0.42 KG,"0,99€","2,36€ / KG",
Conjunto 6 Copos Vinho Sept 19cl,ARDENCE,6 UNID.,"4,95€","0,83€ / UNID.",
Pasta de Dentes Branqueadora,ORAL B,Emb. 0.075 LT,"3,86€","51,47€ / LT",
Gelado Stracciatella,CARTE D'OR,Emb. 0.9 LT,"3,29€","3,66€ / LT",
Cereais C/ Canela,GOLDEN GRAHAMS,Emb. 0.375,"2,98€","7,95€ /",
Água Perfumada para Engomar,COMFORT,Emb. 1 LT,"1,49€","1,49€ / LT",
Pizza 4 Queijos,CAMPOFRIO,Emb. 0.365 KG,"3,69€","10,11€ / KG",
Pepitas de Chocolate,TABLIER BLANC,Emb. 0.1 KG,"1,99€","19,90€ / KG",
Arroz Carolino,BELMONTE,Emb. 1 KG,"0,99€","0,99€ / KG",
Arrumação de Talheres,ARDENCE,1 UNID.,"3,99€","3,99€ / UNID.",
Leite Crescimento Júnior 1+,NESTLÉ,Emb. 1 LT,"2,18€","2,18€ / LT",
Iogurte Natural 4x125g,DÉLISSE,Emb. 0.5 KG,"0,69€","1,38€ / KG",
Cápsulas Café House Blend Lungo P/ Nespresso Intensidade 8,STARBUCKS,Emb. 10 CAPS.,"4,48€","0,45€ / CAPS.",
Farinha Láctea,MOTS D'ENFANTS,Emb. 1 KG,"4,49€","4,49€ / KG",
AXE Gel de Bnaho Green Mojito 400ml,AXE,Emb. 0.4 LT,"3,29€","8,23€ / LT",
BOLACHAS VITALDAY CROCANTE CHOCOLATE 280G,GULLÓN,Emb. 0.28 KG,"2,28€","8,14€ / KG",
"SOBREM. SOJA BAUNILHA,,4x125G",ALPRO,Emb. 0.5 LT,"2,88€","5,76€ / LT",
GELADO PESSEGO MELBA,YSCO,Emb. 0.9 LT,"2,99€","3,32€ / LT",
Infusão Aromático Biológico,,Emb. 0.03 KG,"0,99€","33,00€ / KG",
MIOLO MEXILHAO SKIN PACK,PÊCHE OCÉAN,Emb. 0.23 KG,"1,69€","7,35€ / KG",
Chouriço de Carne Serra da Estrela,QUINTA DE JUGAIS,Emb. 0.29 KG,"4,19€","14,45€ / KG",
Bolinhas com Pepitas,P'TIT DÉLI,Emb. 0.24 KG,"1,29€","5,38€ / KG",
Fonte 6L Authentic,SAN MIGUEL,Emb. 1 UNID.,"14,84€","14,84€ / UNID.",
Limpa Fornos,FORZA,Emb. 0.3 LT,"3,29€","10,97€ / LT",
Marcadores Ponta Redonda Várias Cores,ESQUISSE,Emb. 4 UNID.,"1,06€","0,27€ / UNID.",
GUARDANAPOS AZUL FOLHA SIMPLES RENOVA,GUARDANAPOS RENOVA,Emb. 70 UNID.,"0,78€","0,01€ / UNID.",
Amaciador Cabelo Frágeis Garnier Tesouros de Mel,ULTRA SUAVE,Emb. 0.2 LT,"3,58€","17,90€ / LT",
Areia Higiénica para Gato,ECO+,Emb. 7 LT,"1,35€","0,19€ / LT",
Caras de Bacalhau,,1 Unid. = 0.5 KG (aprox.),"4,28€/kg","2,14€ / Unid.",
Esparguete,TURINI,Emb. 1 KG,"1,39€","1,39€ / KG",
Cerveja sem Álcool Preta 6x33cl,SUPER BOCK,Emb. 1.98 LT,"4,49€","2,27€ / LT",
Dentífrico Pro Esmalte,SENSODYNE,Emb. 0.075 LT,"4,98€","66,40€ / LT",
Vinho Regional Península de Setúbal Tinto,VALE BARRIS,Garrafa 0.75 LT,"1,99€","2,65€ / LT",
Cera Creme Amarela,NOVYCERA,Emb. 0.25 KG,"3,37€","13,48€ / KG",
"Compal veggie cenoura, maça 1L",COMPAL,1 LT,"1,68€","1,68€ / LT",
Bebida Láctea para Gatinhos 3x200ml,LYCAT,Emb. 3 UNID.,"2,38€","0,79€ / UNID.",
Barrinhas Periquito sabor Mel,TOUS MES AMIS,Emb. 0.06 KG,"1,29€","21,50€ / KG",
Papa Infantil Leite e 8 Cereais e Mel,CERELAC,Emb. 0.4 KG,"1,84€","4,60€ / KG",
Iogurte Cremoso de Frutas 16x125g,DÉLISSE,Emb. 2 KG,"3,59€","1,80€ / KG",
Pantene Liso & Sedoso Champô,PANTENE PV,Emb. 0.25 LT,"3,98€","15,92€ / LT",
Escova Esqueleto Grande,,Emb. 1 UNID.,"3,99€","3,99€ / UNID.",
Salsichas de Estrasburgo 10 Unid.,,Emb. 0.35 KG,"1,79€","5,11€ / KG",
SAUCE POIVRE VERT,RUSTICA,Emb. 0.03 KG,"0,45€","15,00€ / KG",
Wafers de Cacau,,Emb. 0.17 KG,"1,00€","5,88€ / KG",
Pão de Forma Integral Sem Côdea,BIMBO,Emb. 0.45 KG,"1,69€","3,76€ / KG",
Flocos de Mel,MOTS D'ENFANTS,Emb. 0.75 KG,"2,59€","3,45€ / KG",
Bebida à Base de Amêndoa,NAT&VIE,Emb. 1 LT,"1,59€","1,59€ / LT",
Mistura C/ Goji,MARQUE REPERE,Emb. 0.2 KG,"2,99€","14,95€ / KG",
Bebida soja Banana 3x250ml,ALPRO,Emb. 0.75 LT,"1,79€","2,39€ / LT",
"ARROZ MUNDO ORIENTE PAELLA,1KG",NOVARROZ,,"2,59€",/ Unid.,
Molho Bechamel Desidratado,RUSTICA,Emb. 0.06 KG,"0,69€","11,50€ / KG",
Snack Batata Frita Sabor Bacon,TOKAPI,Emb. 0.17 KG,"1,95€","11,47€ / KG",
Snack P/ Cão Pequeno 7-12Kg,PURINA,Emb. 0.115 KG,"2,38€","20,70€ / KG",
Vodka Black,ERISTOFF,Garrafa 0.7 LT,"12,98€","18,54€ / LT",
"SALSICHAO SECO ""PUR PORC"" MINI",ST AZAY,Emb. 0.075 KG,"1,39€","18,53€ / KG",
PATE PEIXE P/ GATO 100G ECO+,ECO+,Emb. 0.1 KG,"0,27€","2,70€ / KG",
Molhos Tripack,RUSTICA,Emb. 0.75 KG,"3,99€","5,32€ / KG",
Papa Infantil,CERELAC,Emb. 0.5 KG,"2,88€","5,76€ / KG",
Salame Fatiado Tapas,CAMPOFRIO,Emb. 0.08 KG,"1,69€","21,13€ / KG",
Cápsulas Delta Q Café Epic 10 unidades,DELTA Q,Emb. 0.055 KG,"3,39€","61,64€ / KG",
Brioche Fatiado Familiar,EPI D'OR,Emb. 0.7 KG,"2,79€","3,99€ / KG",
MEGA CHOCO CHOCOLATE LEITE CROCANTE,P'TIT DÉLI,Emb. 0.15 KG,"1,59€","10,60€ / KG",
Caldo Culinário 16 cubos,KNORR,Emb. 0.16 KG,"1,39€","8,69€ / KG",
MINI SPRAY BRISA MARINHA RECARGA 15ML,BIEN AIR,Emb. 0.015 LT,"0,90€","60,00€ / LT",
Licor,SHERIDAN'S,Garrafa 0.5 LT,"17,99€","35,98€ / LT",
Bacalhau à Brás Ultracongelado,IGLO,Emb. 0.3 KG,"5,28€","17,60€ / KG",
Refrigerante C/ Gás Laranja,FANTA,Lata 0.33 LT,"0,69€","2,09€ / LT",
Chantilly Light,DÉLISSE,Emb. 0.25 KG,"1,69€","6,76€ / KG",
Elixir Extra Fresh,PARODONTAX,Emb. 0.5 LT,"6,58€","13,16€ / LT",
Champô Cabelos Normais Fructis Anti Caspa,GARNIER,Emb. 0.25 LT,"3,98€","15,92€ / LT",
Chouriço Porco Preto,SNR,Emb. 0.2 KG,"2,99€","14,95€ / KG",
Queijo Pasta Dura Cozida,LES CROISÉS,Emb. 0.2 KG,"3,59€","17,95€ / KG",
Champô para Cabelo Pintado,TRESEMMÉ,Emb. 0.4 LT,"4,19€","10,48€ / LT",
Lima,,1 Unid. = 0.08 KG (aprox.),"3,99€/kg","0,32€ / Unid.",
Sabonete Líquido para as Mãos de Coco,DOVE,Emb. 0.25 LT,"2,59€","10,36€ / LT",
Néctar Compal Vital de Ananás e Coco,COMPAL,Emb. 1 LT,"1,58€","1,58€ / LT",
Cápsulas Café Espresso P/ Nespresso Intensidade 11,STARBUCKS,Emb. 10 CAPS.,"4,48€","0,45€ / CAPS.",
Queijo de Ovelha Amanteigado Seia,MARTINS & REBELLO,1 Unid. = 0.5 KG (aprox.),"15,99€/kg","8,00€ / Unid.",
Bloco Sanitário Poder Activo Lavanda,SONASOL,Emb. 0.05 KG,"1,94€","38,80€ / KG",
Iogurte Actifidus sabor Limão 4x125gr,DÉLISSE,Emb. 0.5 KG,"0,99€","1,98€ / KG",
Alimento Seco P/ Gato Salmão,PURINA ONE,Emb. 0.8 KG,"6,98€","8,73€ / KG",
Cuecas Incontinência Discreet L,AUSONIA,Emb. 7 UNID.,"7,98€","1,14€ / UNID.",
Conserva de Feijão Preto,COMPAL,Lata 0.845 KG,"1,59€","1,88€ / KG",
Costeletas do Cachaço Porco,,1 Unid. = 0.2 KG (aprox.),"3,49€/kg","0,70€ / Unid.",
PensosHigiénicos Cottonlike Super Plus Alas,EVAX,Emb. 10   UNID.,"2,58€","0,26€ /   UNID.",
Broa de Milho com Chouriço,,1 Unid. = 0.5 KG (aprox.),"3,99€/kg","2,00€ / Unid.",
Bolachas Cookies XL Pedaços de Choco,MILKA,Emb. 0.184 KG,"2,68€","14,57€ / KG",
SALSICHA CHURRASCO ERVAS AROMATICAS,CAMPO FINO,Emb. 0.2 KG,"1,19€","5,95€ / KG",
Prato de Sobremesa 20cm Branco,ARDENCE,1 UNID.,"1,75€","1,75€ / UNID.",
Sombrinhas Chocolate Leite,MAURI,Emb. 5 UNID.,"2,38€","0,48€ / UNID.",
GUARDANAPOS RED LABEL 1F RED,GUARDANAPOS RENOVA,Emb. 70 UNID.,"0,78€","0,01€ / UNID.",
Refrigerante C/ Gás Laranja Pack 6,FANTA,Emb. 1.98 LT,"4,13€","2,09€ / LT",
Picanha de Porco,,1 Unid. = 0.2 KG (aprox.),"6,99€/kg","1,40€ / Unid.",
Gel de Banho Naturals Leite e Mel,PALMOLIVE,Emb. 0.5 LT,"2,69€","5,38€ / LT",
Queijo Creme Cheddar,PRÉSIDENT,Emb. 0.125 KG,"2,44€","19,52€ / KG",
Óleo Alimentar,RUSTICA,Garrafão 3 LT,"8,25€","2,75€ / LT",
Nuggets de Frango 18 Unid.,CAPITÃO IGLO,Emb. 0.375 KG,"8,98€","23,95€ / KG",
After Shave WHITEWATER 100 ml,,,"9,98€",/ Unid.,
Azeite Virgem,RUSTICA,Garrafão 3 LT,"12,69€","4,23€ / LT",
Queijo Mozzarella,LES CROISÉS,Emb. 0.125 KG,"1,19€","9,52€ / KG",
Croissant Recheio Maxi Creme Cacau,CHIPICAO,Emb. 0.08 KG,"1,04€","13,00€ / KG",
Iogurte Soja Framboesa 4 Unid.,NAT&VIE,Emb. 0.4 KG,"1,49€","3,73€ / KG",
Snack de Chocolate e Toffee,TOFFE CRISP,Emb. 0.038 KG,"0,98€","25,79€ / KG",
Creme Corporal Pele Seca Refirmante Q10,NIVEA BODY,Emb. 0.25 LT,"4,99€","19,96€ / LT",
Barrinhas P/ Canários sabor a Mel,TOUS MES AMIS,Emb. 0.06 KG,"1,29€","21,50€ / KG",
Leite UHT S/ Lactose Magro,MIMOSA,Emb. 1 LT,"1,29€","1,29€ / LT",
Bife Bourguignon com Batatas,CÔTÉ TABLE,Emb. 0.3 KG,"2,49€","8,30€ / KG",
Alimento Seco P/ Gato Coelho e Frango,PURINA FRISKIES,Emb. 4 KG,"15,98€","4,00€ / KG",
ABRASIVO SANITARIO MENTA/EUCALIPTO ECO 750ML,UNÍ VERT,Emb. 0.75 LT,"1,18€","1,57€ / LT",
"SPRAY AMBIENTADOR ""FRUTOS VERMELHOS"" 300ML",BIEN AIR,Emb. 0.3 LT,"0,99€","3,30€ / LT",
Rosegones Biscoitos de Amêndoa,P'TIT DÉLI,Emb. 0.25 KG,"1,69€","6,76€ / KG",
Alimento Seco P/ Cachorro + de 10 Kg Frango C/ Arroz,PURINA,Emb. 2.5 KG,"13,98€","5,59€ / KG",
Cereais de Aveia Integral,FITNESS,Emb. 0.625 KG,"4,19€","6,70€ / KG",
AUSONIA ORG COTTON NOITE ABAS,AUSONIA,Emb. 90 UNID.,"2,54€","0,03€ / UNID.",
Lava Tudo Novo Brilho Camomila e Flor de Laranjeira,SONASOL,Emb. 1.3 LT,"2,09€","1,61€ / LT",
Pastilhas 2 em 1 Protege e Limpa,CALGON,Emb. 15 UNID.,"6,99€","0,47€ / UNID.",
Maionese Biológica,,Emb. 0.27 KG,"2,58€","9,56€ / KG",
Bebida Energética Energy Drink 4x25cl,RED BULL,Emb. 1 LT,"5,38€","5,38€ / LT",
Tampa Micro-Ondas,ARDENCE,1 UNID.,"2,50€","2,50€ / UNID.",
Leite Meio Gordo S/ Lactose 4x200ML,MIMOSA,Emb. 0.8 LT,"1,98€","2,48€ / LT",
Pão sem Côdea Especial Torradas,PANRICO,Emb. 0.51 KG,"2,68€","5,25€ / KG",
Esponja Ativa,,Emb. 1 UNID.,"0,99€","0,99€ / UNID.",
Perninha de Peru,,1 Unid. = 0.86 KG (aprox.),"2,99€/kg","2,57€ / Unid.",
GELATINA PÊSSEGO LIGHT CONDI 2X15G,CONDI,Emb. 0.3 KG,"1,88€","6,27€ / KG",
Vinho Regional Alentejo Tinto,MONTE VELHO,Garrafa 0.75 LT,"3,69€","4,92€ / LT",
Forma de Alumínio Tarte Castanha 30cm,ARDENCE,1 UNID.,"4,50€","4,50€ / UNID.",
Condicionador Nature Moments Argão e Óleo de Macadamia,SCHWARZKOPF,Emb. 0.2 LT,"3,46€","17,30€ / LT",
Erdinger Cerveja da Alemanha Dunkel Preta,ERDINGER,Emb. 0.5 LT,"2,29€","4,58€ / LT",
Pao De Forma Cerealia 5 Sementes,PANRICO,Emb. 0.435 KG,"2,28€","5,24€ / KG",
After Shave WOLFthorn 100 ml,,,"9,98€",/ Unid.,
Vinho Tinto,MONTE SECO,Bag in Box 5 LT,"7,99€","1,60€ / LT",
Faca de Cozinha Cuisine 13cm,ARDENCE,1 UNID.,"6,99€","6,99€ / UNID.",
TARTE MORANGO  NATA,P'TIT DÉLI,Emb. 0.3 KG,"2,99€","9,97€ / KG",
Favas Ultracongelados,IGLO,Emb. 0.7 KG,"3,98€","5,69€ / KG",
Mortadela com Azeitonas,CHARCUTARIA,1 Unid. = 0.1 KG (aprox.),"4,99€/kg","0,50€ / Unid.",
Recarga Ambientador Elétrica White Bouquet,AIR WICK,Emb. 0.019 LT,"3,59€","188,95€ / LT",
BALDE DE TREMOCOS,RUSTICA,Emb. 3.5 KG,"5,45€","1,56€ / KG",
Água C/ Gás 6 Unid.,SAINT DIERY,Emb. 3 LT,"1,91€","0,64€ / LT",
Duc de Borzac Armagna V.S.O.P,DUC DE BORZAC,Garrafa 0.7 LT,"14,99€","21,41€ / LT",
Detergente Manual em Pó,TIDE,Emb. 0.6 KG,"1,78€","2,97€ / KG",
Tablete de Chocolate Preto Praline com Pepitas de Avelã,EQUADOR,Emb. 0.15 KG,"1,55€","10,33€ / KG",
Toalhitas Íntimas Suaves,CORINE DE FARME,Emb. 10 UNID.,"1,64€","0,16€ / UNID.",
Refrigerante C/Gás Cola 6 Unid.,JEAN'S,Lata 1.98 ML,"2,89€","1,46€ / ML",
Chouriço Alentejano,DAMATTA,Emb. 0.225 KG,"3,54€","15,73€ / KG",
TOALHITAS ANTI-DESCOLORACAO 25UN,TEXIL,Emb. 25 UNID.,"1,85€","0,07€ / UNID.",
Gelado de Yoghurt & Forest Fruit,CARTE D'OR,Emb. 1 LT,"3,29€","3,29€ / LT",
Pincel de Maquilhagem em Pó de Bolso,,Emb. 1 UNID.,"3,99€","3,99€ / UNID.",
Refrigerante C/ Gás Lima Limão,ECO+,Garrafa 2 LT,"0,79€","0,40€ / LT",
Gel de Banho Purely Pampering,DOVE,Emb. 0.75 LT,"4,79€","6,39€ / LT",
Água de Nascente S/ Gás,ECO+,Garrafa 1.5 LT,"0,25€","0,17€ / LT",
Sabão de Marselha 4x200 g,EPSIL,,"2,29€",/ Unid.,
CANUDINHOS RECHEADOS CACAU E AVELA,P'TIT DÉLI,Emb. 0.18 KG,"1,99€","11,06€ / KG",
Pacotinho de Frutas Maçã Banana e Morango S/ Glúten +8 meses,NESTLÉ BEBÉ,Emb. 0.09 KG,"0,78€","8,67€ / KG",
Conserva de Milho Doce,BONDUELLE,Lata 0.3 KG,"1,58€","5,27€ / KG",
Million Gloss Hair Repair 250ml,GLISS,Emb. 0.25 LT,"3,95€","15,80€ / LT",
Cereais Chooks,NACIONAL,Emb. 0.3 KG,"1,69€","5,63€ / KG",
Massa Pérolas,MILANEZA,Emb. 0.25 KG,"0,72€","2,88€ / KG",
"Tisana Silhueta de Cavalinha, Erva Príncipe e Gengibre",LIPTON,Emb. 0.028 KG,"1,94€","69,29€ / KG",
Leite UHT Meio Gordo,GRESSO,Emb. 1 LT,"0,84€","0,84€ / LT",
Cupita de Porco Preto,PRIMOR,Emb. 0.07 KG,"5,99€","85,57€ / KG",
Manteiga Fácil de Barrar,MIMOSA,Emb. 0.25 KG,"2,33€","9,32€ / KG",
Ice Tea de Pêssego Lata 6x25cl,LIPTON,Emb. 1.5 LT,"3,38€","2,25€ / LT",
Açúcar Branco 170 Saquetas,TÉVA,Emb. 1 KG,"1,99€","1,99€ / KG",
Compota de Maçã 8x100g,DOUCEUR DU VERGER,Emb. 0.8 KG,"2,29€","2,86€ / KG",
DETERGENTE MANUAL LOICA ULTRA LIMAO 750ML,VISIOR,Emb. 0.75 LT,"1,01€","1,35€ / LT",
Pevides de Girassol C/ Casca C/ Sal,MARQUE REPERE,Emb. 0.2 KG,"1,25€","6,25€ / KG",
LULAS CALDEIRADA  120 Gr. P.liq.  Ramirez,RAMIREZ,,"1,29€",/ Unid.,
Bombons de Chocolate,MON CHERI,Emb. 0.15 KG,"5,29€","35,27€ / KG",
Conserva de Tremoço Extra,RUSTICA,Emb. 0.5 KG,"1,99€","3,98€ / KG",
Pão de Forma Artesanal,BIMBO,Emb. 0.55 KG,"1,98€","3,60€ / KG",
Elixir Total Care Zero,LISTERINE,Emb. 0.5 LT,"6,48€","12,96€ / LT",
Salada Iceberg,,Emb. 0.25 KG,"1,28€","5,12€ / KG",
Creme Activo com Lixívia,CIF,Emb. 0.5 LT,"1,89€","3,78€ / LT",
Fiambre Fatiado de Peru Fumado Cuida-t+,NOBRE,Emb. 0.11 KG,"2,14€","19,45€ / KG",
Iogurte Líquido Baunilha Cookies,DANONE,Emb. 0.3 KG,"1,89€","6,30€ / KG",
Vinho Regional Península de Setúbal Branco,ADEGA DE PEGÕES,Garrafa 0.75 LT,"1,59€","2,12€ / LT",
Piripiri Moído,MARGÃO,Emb. 0.05 KG,"1,48€","29,60€ / KG",
Sobremesa Serradura 2x85g,REINA,Emb. 0.17 KG,"2,49€","14,65€ / KG",
Vinho Regional Alentejo Tinto,REGUENGOS,Garrafa 0.75 LT,"2,39€","3,19€ / LT",
Bacalhau Especial Noruega Asa Branca,,1 Unid. = 4 KG (aprox.),"10,90€/kg","43,60€ / Unid.",
Pensos Diários Salva Slip Normal,EVAX,Emb. 50 UNID.,"3,49€","0,07€ / UNID.",
Cotonetes p/ Bebé,JOHNSON'S BABY,Emb. 200 UNID.,"2,98€","0,01€ / UNID.",
Néctar Clássico Pera Rocha,COMPAL,Emb. 1 LT,"0,99€","0,99€ / LT",
"Prato Fundo 19,5cm Preto",ARDENCE,1 UNID.,"1,75€","1,75€ / UNID.",
Atum Posta Azeite e Orégãos,BOM PETISCO,Emb. 0.12 KG,"1,56€","13,00€ / KG",
Truta Salmonada,,1 Unid. = 0.9 KG (aprox.),"4,49€/kg","4,04€ / Unid.",
Licor Creme Pastel Nata,35,Garrafa 0.7 LT,"11,99€","17,13€ / LT",
Refrigerante S/ Gás Tropical Cenoura,JAFADEN,Garrafa 1.5 LT,"1,25€","0,83€ / LT",
Salame Fatiado,EL POZO,Emb. 0.8 KG,"1,94€","2,43€ / KG",
Ervilhas Extra Finas,NOTRE JARDIN,Emb. 0.8 KG,"1,39€","1,74€ / KG",
GLADE RECARGA SANDALWOOD & JASMINE 10ML,GLADE,,"2,09€",/ Unid.,
COLORACAO CASTANHO 4.45 S/AMONIACO 1UN VITANOVE,VITANOVE,Emb. 1 UNID.,"3,89€","3,89€ / UNID.",
Barras de Cereais de Chocolate C/ Leite 6 Unid.,CHOCAPIC,Emb. 0.15 KG,"2,68€","17,87€ / KG",
Glicerina Natural,PALMOLIVE,Emb. 0.09 KG,"0,94€","10,44€ / KG",
Conserva de Azeitona Verde em Rodelas,RUSTICA,Frasco 0.36 KG,"1,39€","3,86€ / KG",
"Molho de Tomate com Manjericão, Orégãos e Alecrim",COMPAL,Frasco 0.5 KG,"1,28€","2,56€ / KG",
Cillit Bang Tira Gorduras 500ML x12,CILLIT BANG,Emb. 0.5 LT,"2,24€","4,48€ / LT",
Recarga Máquina de Barbear Sensor Excel,GILLETTE,Emb. 5 UNID.,"10,48€","2,10€ / UNID.",
Couve Coração,,1 Unid. = 0.84 KG (aprox.),"0,89€/kg","0,75€ / Unid.",
Sobremesa Creme de Caramelo 4x125g,DÉLISSE,Emb. 0.5 KG,"1,59€","3,18€ / KG",
Créme Dessert Praliné 4x125g,DÉLISSE,Emb. 0.5 KG,"1,59€","3,18€ / KG",
Descascador de Madeira Éplucheur,ARDENCE,1 UNID.,"0,99€","0,99€ / UNID.",
ALIMENT BEBE: PURE LEGUMES FRANGO DO CAMPO BIO +8M 2X200G,BIO VILLAGE BEBE,Emb. 0.4 KG,"2,69€","6,73€ / KG",
Creme de Mãos Reparador Repair & Care,BIOTEN,Emb. 0.1 LT,"2,13€","21,30€ / LT",
Farinha de Mandioca,GLOBO,Emb. 0.5 KG,"1,79€","3,58€ / KG",
Esfregão Verde Clássico Cuide das suas Mãos,SCOTCH BRITE,Emb. 2 UNID.,"2,03€","1,02€ / UNID.",
Alimento Seco P/ Cão Frango com Arroz <10kg,PURINA,Emb. 0.8 KG,"5,68€","7,10€ / KG",
Creme Culinário de Soja,SHOYCE,Emb. 0.2 LT,"1,49€","7,45€ / LT",
Bolachas Plain Frutos Silvestres,BELVITA,Emb. 0.3 KG,"1,98€","6,60€ / KG",
Luvas Finas Descartáveis Latex Tam. M,MAMISON,Emb. 100 UNID.,"15,90€","0,16€ / UNID.",
MARSHMALLOWS CHOCO,COPAÍNS COPINES,Emb. 0.16 KG,"1,69€","10,56€ / KG",
Bebida de Amêndoa,ALPRO,Emb. 1 LT,"2,38€","2,38€ / LT",
Chá Verde,TETLEY,Emb. 10 SAQ.,"0,89€","0,09€ / SAQ.",
Fondue de Novilho,,1 Unid. = 0.46 KG  (aprox.),"9,89€/kg","4,55€ / Unid.",
Vinho Regional Dão Tinto,CASA DE SANTAR,Garrafa 0.75 LT,"5,79€","7,72€ / LT",
Queijo Fresco Fromage Blanc,DÉLISSE,Emb. 1 KG,"2,49€","2,49€ / KG",
Bolachas Recheadas com Chocolate Biológicas,,Emb. 0.185 KG,"2,59€","14,00€ / KG",
Tomate Triturado 390 g,TURINI,Lata 0.5 KG,"0,49€","0,98€ / KG",
16 Caps.Café Kaffa Compativeis SG Vermelho,KAFFA,Emb. 16 UNID.,"3,19€","0,20€ / UNID.",
Gelatina Light de Melancia,ROYAL,Emb. 0.031 KG,"2,08€","67,10€ / KG",
Conserva Ervilhas Cenouras 3x130g,NOTRE JARDIN,Emb. 0.13 KG,"1,95€","15,00€ / KG",
Bolachas Cookies com Pepitas Chocolate e Côco,P'TIT DÉLI,Emb. 0.2 KG,"1,39€","6,95€ / KG",
Detergente Loiça Manual Original Ultra,FAIRY,Emb. 1.5 LT,"5,64€","3,76€ / LT",
IOG.NAT.ACU.DELISSE CANA X16,DÉLISSE,Emb. 16 UNID.,"2,99€","0,19€ / UNID.",
B&J Cookie Dough 465ml,,Emb. 0.465 LT,"6,78€","14,58€ / LT",
Fiambre Peito de Peru,CAMPO FINO,1 Unid. = 0.1 KG (aprox.),"9,99€/kg","1,00€ / Unid.",
Espinafre em Folhas,NOTRE JARDIN,Emb. 1 KG,"1,39€","1,39€ / KG",
LINGUICA,CAMPO FINO,Emb. 0.15 KG,"1,49€","9,93€ / KG",
"GELADO ""TYROLIA"" BAUNILHA",ESKISS,Emb. 0.65 LT,"1,89€","2,91€ / LT",
Bolachas Sementes de Sésamo Biológicas,,Emb. 0.23 KG,"2,09€","9,09€ / KG",
Amaciador Ultra Suave Óleo de Abacate,GARNIER,Emb. 0.2 LT,"3,58€","17,90€ / LT",
Chouriço com Alho Guarda,FUMEIROS DA GUARDA,Emb. 0.22 KG,"3,14€","14,27€ / KG",
Pimenta P/ Bifes C/ Moinho,MARGÃO,Emb. 0.035 KG,"3,98€","113,71€ / KG",
Gel Regulador,FINISH,Emb. 1 LT,"7,49€","7,49€ / LT",
Conserva de Feijocas Verdes Finas,,Lata 0.8 KG,"1,76€","2,20€ / KG",
Conserva de Feijão Encarnado Cozido,NOTRE JARDIN,Lata 0.85 KG,"0,99€","1,16€ / KG",
ICE TEA LIMÃO,LIPTON,Emb. 0.5 LT,"0,79€","1,58€ / LT",
Alimento Seco Cão Croquetes Carne,ECO+,Emb. 4 KG,"3,89€","0,97€ / KG",
Sumo 100% Laranja,JAFADEN,Emb. 2 LT,"2,85€","1,43€ / LT",
Fraldas Incontinência Super P,LINDOR,Emb. 40 UNID.,"20,98€","0,52€ / UNID.",
COLORACAO CHOCOLATE 5.51 S/AMONIACO,VITANOVE,Emb. 1,"3,89€","3,89€ /",
Snacks Húmidos P/ Gatos De Casa Peru e Cereais Integrais,PURINA,Emb. 0.8 KG,"6,98€","8,73€ / KG",
Desodorizante Narta Men IceMax Roll On,GARNIER,Emb. 0.05 LT,"3,98€","79,60€ / LT",
COLORACAO LOURO CINZENTO 7.1 S/AMONIACO,VITANOVE,Emb. 1 UNID.,"3,89€","3,89€ / UNID.",
Café Torrado Moído Portugal Universal,DELTA,Emb. 0.25 KG,"2,29€","9,16€ / KG",
Queijo Fundido Light 16 Porções,A VACA QUE RI,Emb. 0.28 KG,"3,79€","13,54€ / KG",
Bebida Energética Absolutely Zero,MONSTER ENERGY,Emb. 0.5 LT,"1,20€","2,40€ / LT",
ALCOOL ETILICO 70º,PRIMOPLAST,Emb. 0.25 LT,"0,75€","3,00€ / LT",
Conserva de Feijão Verde Muito Fino,NOTRE JARDIN,Lata 0.8 KG,"1,79€","2,24€ / KG",
Pastilha Elástica Senses Frutos Vermelhos 3x23g,TRIDENT,Emb. 0.069 KG,"2,58€","37,39€ / KG",
Miolo de Amendoim C/ Sal,MARQUE REPERE,Emb. 0.25 KG,"1,19€","4,76€ / KG",
Café Torrado em Grão,PLANTATION,Emb. 0.25 KG,"1,69€","6,76€ / KG",
Papa Infantil Não Láctea Multicereais,CERELAC,Emb. 0.25 KG,"1,79€","7,16€ / KG",
Alimento Húmido Gato Ave e Legumes,LYCAT,,"1,55€",/ Unid.,
Fósforos de Segurança 100 unid.,SILEX,Emb. 3 UNID.,"0,76€","0,25€ / UNID.",
Cereais Choco Krispies,KELLOGG'S,Emb. 0.375 KG,"2,29€","6,11€ / KG",
Bandas Cera Depilatória Facial Peles Sensíveis,VEET,Emb. 20 UNID.,"4,89€","0,24€ / UNID.",
Loção Corporal Cocoa Radiance,VASELINE,Emb. 0.2 LT,"2,14€","10,70€ / LT",
Paio Extra Porco Preto,SNR,Emb. 0.3 KG,"5,99€","19,97€ / KG",
Vinho Branco Alentejo Doc Reserva,REGUENGOS,Garrafa 0.75 LT,"5,98€","7,97€ / LT",
PEPINO FERBAR VINAGRE 345G,FERBAR,Emb. 0.345 KG,"1,56€","4,52€ / KG",
Champô Revitaliza Água Micelar e Gengibre Azul,HERBAL ESSENCES,Emb. 0.4 LT,"5,73€","14,33€ / LT",
Detergente Limpeza Spray Multiusos com Lixívia,CIF,Emb. 0.75 Lt,"2,49€","3,32€ / Lt",
Muesli de Frutos Secos Biológico,,Emb. 0.5 KG,"2,99€","5,98€ / KG",
Néctar Clássico Laranja,COMPAL,Emb. 1 LT,"0,99€","0,99€ / LT",
Cápsulas Café Macchiato Caramelo P/ Dolce Gusto,STARBUCKS,Emb. 12 CAPS.,"5,48€","0,46€ / CAPS.",
"FRIZE RODELA LIMAO,,4x.25L",FRIZE,,"2,68€",/ Unid.,
Alho Seco,,Emb. 0.5 KG,"2,89€","5,78€ / KG",
WC Brisa Marinha,NEO BLANC,Emb. 2 UNID.,"4,49€","2,25€ / UNID.",
Canela Moída,MARGÃO,Emb. 0.1 KG,"4,48€","44,80€ / KG",
Pensos Higiénicos Normal,ECO+,Emb. 20 UNID.,"0,95€","0,05€ / UNID.",
Guardanapos 2 Folhas Tipo Tecido,MARQUE REPERE,Emb. 40 UNID.,"0,99€","0,02€ / UNID.",
Pantene Liso & Sedoso Laca 300ml,PANTENE PV,Spray 0.3 LT,"3,74€","12,47€ / LT",
Café Torrado Moído Brasil Moagem Universal Intensidade 7,SICAL,Emb. 0.22 KG,"3,88€","17,64€ / KG",
Creme Muda da Fralda Calmante,CORINE DE FARME,Emb. 0.1 LT,"3,45€","34,50€ / LT",
Sobremesa Gelado Morango e Chocolate Branco 4x110ml,MAGNUM,Emb. 0.44 LT,"4,98€","11,32€ / LT",
Creme Protector Muda Fraldas,MOTS D'ENFANTS,Emb. 0.1 LT,"1,99€","19,90€ / LT",
Água sem Gás Frutos Vermelhos,LUSO FRUTA,Garrafa 1 LT,"1,27€","1,27€ / LT",
Café Solúvel Cappuccino Intenso,NESCAFÉ,Emb. 0.125 KG,"3,18€","25,44€ / KG",
Torta de Ovo,,1 Unid. = 0.65 KG (aprox.),"9,99€/kg","6,49€ / Unid.",
Fiambre de Peito de Frango,CHARCUTARIA,1 Unid. = 0.12 KG (aprox.),"9,99€/kg","1,20€ / Unid.",
Xarope Frutos Exóticos,FRUCCI,Garrafa 0.75 LT,"4,75€","6,33€ / LT",
Leite Catmilk,WHISKAS,Emb. 0.2 LT,"2,18€","10,90€ / LT",
AGUARDENTE CURVADA  Vínica Velha Cx. Cartão 70CL,,0.07 CL,"28,98€","414,00€ / CL",
DESODORIZANTE SPRAY ATTIRANT MEN 100ML COMPACT,CARRÉ HOMME,Emb. 0.1 LT,"1,49€","14,90€ / LT",
Cerveja C/ Álcool,FALSBOURG,Garrafa 1 LT,"0,99€","0,99€ / LT",
Spray Anti-Odor,SPLENDOR,Emb. 0.15 LT,"2,84€","18,93€ / LT",
Fruta 100% Maçã e Banana 4 Unid.,NESTLÉ,Emb. 0.4 KG,"2,19€","5,48€ / KG",
Creme de Brie,PRÉSIDENT,Emb. 0.125 KG,"2,44€","19,52€ / KG",
Queijo Barra Flamengo,PRIMOR,1 Unid. = 0.15 KG (aprox.),"6,99€/kg","1,05€ / Unid.",
Mini Bolo com Recheio de Creme de Cacau e Avelãs 90 g,BOLLYCAO,Emb. 6 UNID.,"1,00€","0,17€ / UNID.",
BATERIA Nº 14 74/680 74/680 TECH9,TECH9,Emb. 1 UNID.,"77,99€","77,99€ / UNID.",
Folhas de Tomilho,RUSTICA,Frasco 0.018 KG,"0,80€","44,44€ / KG",
Hamburgers Peito de Frango Ultracongelado,IGLO,Emb. 0.48 KG,"10,98€","22,88€ / KG",
Gel de Banho Peony & Rose,DOVE,Emb. 0.75 LT,"4,19€","5,59€ / LT",
Aditivo Máquina Loiça Sal,CALGON,Emb. 1 KG,"2,48€","2,48€ / KG",
Sabonete Líquido Aloe Vera,DETTOL,Emb. 0.25 LT,"2,64€","10,56€ / LT",
Chicória e Café Solúvel,PLANTATION,Emb. 0.1 KG,"1,49€","14,90€ / KG",
LEITE CREME 4X23G TABLIER BLANC,TABLIER BLANC,Emb. 0.092 KG,"0,42€","4,57€ / KG",
Condicionador Volume Fruto de Café Arábica,HERBAL ESSENCES,Emb. 0.4 LT,"5,78€","14,45€ / LT",
Iogurte Original Natural Açucarado 2x135G,DANONE,Emb. 0.27 LT,"1,68€","6,22€ / LT",
Alface Lisa,,1 Unid. = 0.4 KG (aprox.),"1,99€/kg","0,80€ / Unid.",
Sumo Florida,SUNNY DELIGHT,Emb. 0.5 Lt,"0,89€","1,78€ / Lt",
Yofu Morango 4x125g,ALPRO,Emb. 0.5 KG,"2,88€","5,76€ / KG",
Néctar Clássico Frutos Vermelhos Uva e Maçã,JAFADEN,Emb. 1 LT,"0,99€","0,99€ / LT",
Queijo de Cabra de Seia,QUEIJOS LAGOS,1 Unid. = 1 KG (aprox.),"15,99€/kg","15,99€ / Unid.",
XAU LAVANDA,,Emb. 70 DOSES,"9,99€","0,14€ / DOSES",
FECULA DE MILHO,TABLIER BLANC,Emb. 0.4 KG,"1,09€","2,73€ / KG",
CREME HIDRATANTE OLEO AMENDOA DOCE,INELL,Emb. 0.2 LT,"1,99€","9,95€ / LT",
Leite UHT Magro,MATINAL,Emb. 1 LT,"1,08€","1,08€ / LT",
Dentifrico Cuidado Extra Fresco,PARODONTAX,Emb. 0.075 LT,"5,58€","74,40€ / LT",
"SPRAY AMBIENTADOR ""CITRINOS"" ANTI-TABACO 300ML",BIEN AIR,Emb. 0.3 LT,"0,99€","3,30€ / LT",
CREME SOJA P/ CULINARIA BIO,,Emb. 0.25 KG,"1,49€","5,96€ / KG",
Papel Higiénico Triple Confort,SCOTTEX,Emb. 24 UNID.,"8,79€","0,37€ / UNID.",
PENSOS DIARIOS MINI,CHORYS,Emb. 28 UNID.,"1,24€","0,04€ / UNID.",
Água com Gás Groselha 4x25 cl,FRIZE,Emb. 1 LT,"2,68€","2,68€ / LT",
SPRAY FIXACAO EXTREMA,VITANOVE,Emb. 0.25 LT,"1,65€","6,60€ / LT",
Cerveja C/ Álcool 24 Unid.,MÍLLBRAU,Emb. 6 LT,"7,20€","1,20€ / LT",
Vinho Regional Bairrada Tinto,S. DOMINGOS,Garrafa 0.75 LT,"2,49€","3,32€ / LT",
Alimento Húmido P/ Gato C/ Peixe e Molho Espinafres,GOURMET GOLD,Emb. 0.085 KG,"0,74€","8,71€ / KG",
Néctar Essencial Pêra 3x110ml,COMPAL,Emb. 0.33 LT,"1,79€","5,42€ / LT",
Champô Cabelo Ultra Suave Delicadeza de Aveia,GARNIER,Emb. 0.4 LT,"5,58€","13,95€ / LT",
Iogurte Grego Natural,YAOS,Emb. 1 KG,"3,99€","3,99€ / KG",
MASSA PENNE RIGATE INTEGRAL,TURINI,Emb. 0.5 KG,"1,39€","2,78€ / KG",
Pizza Barbecue,CAMPOFRIO,Emb. 0.41 KG,"3,69€","9,00€ / KG",
Iogurte Líquido Proteíco Banana e Noz Lindahls,NESTLÉ,Emb. 0.33 LT,"1,89€","5,73€ / LT",
ESCOVA DENTES BAMBU MEDIA,DENTAMYL,Emb. 1 UNID.,"1,99€","1,99€ / UNID.",
"BASE INFALLIBLE 300,,1P",L'ORÉAL PARIS,,"12,80€",/ Unid.,
Cutelo 18cm,,1 UNID.,"9,90€","9,90€ / UNID.",
Bolachas Tosta Rica Oceanix,CUÉTARA,Emb. 0.16 KG,"1,73€","10,81€ / KG",
Creme Fixativo para Próteses Dentárias,POLIDENT,Emb. 0.07 KG,"7,38€","105,43€ / KG",
Champô Extra Suave,MANAVA,Emb. 0.5 LT,"1,99€","3,98€ / LT",
SALADA PARISIENNE ATUM MR,COTE SNACK,Emb. 0.25 KG,"1,99€","7,96€ / KG",
Recarga Ambientador Freshmatic Oasis Turquesa,AIR WICK,Emb. 0.25 LT,"3,59€","14,36€ / LT",
Refrigerante C/ Gás Ananás,SPRINK'S,Garrafa 1.5 LT,"0,74€","0,49€ / LT",
Crackers sem Sal na Superfície,DU BOIS DE LA ROCHE,Emb. 0.5 KG,"3,28€","6,56€ / KG",
Caixa de Arrumação com Tampa 18L Transparente,,1 UNID.,"3,89€","3,89€ / UNID.",
Café Torrado Moído Intensidade 10,BUONDI,Emb. 0.22 KG,"3,68€","16,73€ / KG",
Água sem Gás 4x1.5 L,FASTIO,Garrafa 6 LT,"2,38€","0,40€ / LT",
Sementes de Chia,SALUTEM,Emb. 0.125 KG,"1,18€","9,44€ / KG",
Favas Ultracongeladas,,Emb. 0.4 KG,"1,09€","2,73€ / KG",
Achocolatado em Pó,CANDEREL,Emb. 0.25 KG,"3,74€","14,96€ / KG",
Creme Limpeza Original,CIF,Emb. 0.5 LT,"1,89€","3,78€ / LT",
Creme de Camembert,PRÉSIDENT,Emb. 0.125 KG,"2,44€","19,52€ / KG",
Tempero de Alho Louro & Pimentão 8 Cubos,KNORR,Emb. 0.072 KG,"1,49€","20,69€ / KG",
Néctar Clássico Tutti Frutti,COMPAL,Emb. 1 LT,"0,99€","0,99€ / LT",
Alimento Húmido P/ Gato Carne Variada 3x400g,TOUS MES AMIS,Emb. 1 KG,"2,69€","2,69€ / KG",
Ananás em Calda Rodelas com Sumo Natural,DOUCEUR DU VERGER,Lata 0.565 KG,"2,43€","4,30€ / KG",
IOGURTE LIQUIDO FRUTOS TROPICAIS,DÉLISSE,Emb. 0.72 KG,"1,19€","1,65€ / KG",
Vinho Verde Branco,MURALHAS,Garrafa 0.75 LT,"4,58€","6,11€ / LT",
Cereais C/ Aveia e Maçã,NESTUM,Emb. 0.25 KG,"2,18€","8,72€ / KG",
Pizza de Fiambre Queijo,CAMPOFRIO,Emb. 0.36 KG,"3,69€","10,25€ / KG",
LIMPA LAREIRA/BARBECUE,SILEX,Emb. 0.75 LT,"2,98€","3,97€ / LT",
Sobremesa de Soja Limão,NAT&VIE,Emb. 0.4 KG,"1,49€","3,73€ / KG",
Arroz Agulha,SALUDÃES,Emb. 1 KG,"1,18€","1,18€ / KG",
Bolachas Marinheiras Sem Sal,CEM PORCENTO,Emb. 0.2 KG,"2,68€","13,40€ / KG",
Tomates Inteiros Pelados C/ Sumo,ECO+,Emb. 0.449 KG,"0,79€","1,76€ / KG",
"Alimento Húmido P/ Cão Adulto em Molho de Vaca, Borrego",FRISKIES,Emb. 0.4 KG,"2,58€","6,45€ / KG",
Pantene Liso & Sedoso Champô 3 Em 1,,Emb. 0.3 LT,"4,98€","16,60€ / LT",
Aguardente Aldeia Velha 70cl,,,"14,98€",/ Unid.,
Queijo Flamengo Barra,TERRA NOSTRA,1 Unid. = 0.2 KG (aprox.),"9,99€/kg","2,00€ / Unid.",
Salsichão Fatias Tapas,CAMPOFRIO,Emb. 0.08 KG,"1,89€","23,63€ / KG",
TARTE DE BRIGADEIRO,P'TIT DÉLI,Emb. 0.3 KG,"2,99€","9,97€ / KG",
Biscoitos Revestidos com Chocolate de Leite,P'TIT DÉLI,Emb. 0.15 KG,"0,79€","5,27€ / KG",
Conserva de Azeitona Preta Descaroçada,RUSTICA,Frasco 0.36 KG,"0,89€","2,47€ / KG",
Recarga Ambientador Oasis Turquesa,AIRWICK,Emb. 2 UNID.,"7,09€","3,55€ / UNID.",
Vinho do Porto Branco,DORRÃO,Garrafa 0.75 LT,"4,29€","5,72€ / LT",
QUEIJO FRESCO LIGHT,QUEIJO NA TÁBUA,Emb. 0.125 KG,"1,19€","9,52€ / KG",
GELADO DE BAUNILHA DE MADAGASCAR 500G 1L ESKISS,ESKISS,,"2,69€",/ Unid.,
Recarga Ambientador Freshmatic Pure Oasis e Lavanda,AIRWICK,Emb. 3 UNID.,"10,64€","3,55€ / UNID.",
Torresmos,DAMATTA,Emb. 0.2 KG,"3,29€","16,45€ / KG",
Aguardente Velha,ALIANÇA,Garrafa 0.7 LT,"12,49€","17,84€ / LT",
Natas Culinária 0% Lactose,PARMALAT,Emb. 0.2 LT,"1,31€","6,55€ / LT",
Mousse à la Liégeoise Baunilha 8x80g,DÉLISSE,Emb. 0.64 KG,"2,89€","4,52€ / KG",
Barrinhas P/ Canários sabor a Frutas,TOUS MES AMIS,Emb. 0.06 KG,"1,29€","21,50€ / KG",
Queijo Emental Francês,PRÉSIDENT,Emb. 0.25 KG,"4,29€","17,16€ / KG",
PROTETOR SOLAR IP30 200ML,AMBRE SOLAIRE,Emb. 0.2 LT,"13,98€","69,90€ / LT",
Queijo Ricotta,LES CROISÉS,Emb. 0.25 KG,"1,19€","4,76€ / KG",
ACHOCOLATADO EM PO 800G ECO+,ECO+,Emb. 0.8 KG,"2,69€","3,36€ / KG",
Chá de Cidreira,TETLEY,Emb. 10 UNID.,"0,86€","0,09€ / UNID.",
Toalhitas Bebé Limpa e Hidrata,DODOT,Emb. 64 UNID.,"1,48€","0,02€ / UNID.",
"BOLACHA PEQUENO ALMOCO CHOC, CEREAIS E AVELA BIO",,Emb. 0.2 KG,"1,79€","8,95€ / KG",
Vinho Frutado Branco,SALVE,Garrafa 0.75 LT,"1,09€","1,45€ / LT",
Conjunto 3 Copos Altos Piana 27cl,ARDENCE,3 UNID.,"1,99€","0,66€ / UNID.",
Maionese Heinz Cebola E Alho Td 400ml,HEINZ,Emb. 0.4 LT,"3,78€","9,45€ / LT",
Lenços de Bolso 18+6 Unid.,RENOVA,Emb. 24 UNID.,"2,97€","0,12€ / UNID.",
AXE GEL DARK TEMTATION,AXE,Emb. 0.4 LT,"3,29€","8,23€ / LT",
Aguardente Velha,CR&F,Emb. 0.7 LT,"15,99€","22,84€ / LT",
SACO LIXO ECOBAG 20L FECHO FÁCIL (15 UN),VILEDA,Emb. 15 UNID.,"1,98€","0,13€ / UNID.",
Concentrado de Tomate Bisnaga,GULOSO,Emb. 0.135 KG,"1,38€","10,22€ / KG",
ChuChu,,1 Unid. = 0.29 KG (aprox.),"2,99€/kg","0,87€ / Unid.",
Tostas Estaladiças de Trigo Integral,EPI D'OR,Emb. 0.25 KG,"0,99€","3,96€ / KG",
Pastilha Elástica Senses Berry Party,TRIDENT,Emb. 0.023 KG,"0,94€","40,87€ / KG",
Mistura de Cogumelos,NOTRE JARDIN,Emb. 0.45 KG,"2,69€","5,98€ / KG",
DOCE MORANGO 350G,CASA MATEUS,Emb. 0.35 KG,"2,69€","7,69€ / KG",
Galão São Lourenço 3x200 ml,UCAL,Emb. 0.6 LT,"2,29€","3,82€ / LT",
Bolos com Pepitas de Chocolate sem Glúten,CHAQUE JOUR SANS GLUTEN,Emb. 0.23 KG,"2,99€","13,00€ / KG",
Tira Nódoas Gel Oxi Action Pink,VANISH,Emb. 1.7 LT,"12,98€","7,64€ / LT",
Bolachas Amanteigadas com Tablete de Chocolate Branco 2x6 Unid.,P'TIT DÉLI,Emb. 0.15 KG,"1,19€","7,93€ / KG",
Fraldas Incontinência Máxima G,LINDOR,Emb. 20 UNID.,"13,73€","0,69€ / UNID.",
Conserva de Feijão Frade Cozido,NOTRE JARDIN,Frasco 0.57 KG,"0,69€","1,21€ / KG",
Água com Gás 6x25 cl,PEDRAS SALGADAS,Emb. 1.5 LT,"2,73€","1,82€ / LT",
Maionese Top Down,CALVÉ,Emb. 0.238 KG,"2,18€","9,16€ / KG",
Harpic Liquído Eucalipto e Menta 750ml x12,HARPIC,Emb. 0.75 LT,"2,24€","2,99€ / LT",
Grelos Mil Folhas Ultracongelados,BONDUELLE,Emb. 0.4 KG,"2,23€","5,58€ / KG",
Bloco Sanitário Poder Activo Aqua,SONASOL,Emb. 0.05 KG,"1,94€","38,80€ / KG",
Hambúrguer C/ Cebola 10 Unid.,FERIAL,Emb. 1 KG,"8,99€","8,99€ / KG",
Ameixa Vermelha Cal. 45/55,,1 Unid. = 0.09 KG (aprox.),"1,99€/kg","0,18€ / Unid.",
Amendoim C/ Casca Torrado,MARQUE REPERE,Emb. 0.5 KG,"1,99€","3,98€ / KG",
Óleo Alimentar,RUSTICA,Garrafa 1 LT,"2,99€","2,99€ / LT",
Snack Batata Frita Sabor Queijo,TOKAPI,Emb. 0.17 KG,"1,95€","11,47€ / KG",
Whisky Passport Scotch,PASSPORT,Garrafa 0.7 LT,"9,98€","14,26€ / LT",
Vodka Preta,NOVOTNA,Garrafa 0.7 LT,"6,99€","9,99€ / LT",
Pão de Forma Coração de Trigo,PANRICO,Emb. 0.5 KG,"1,88€","3,76€ / KG",
IOGURTE NATURAL MAGRO 0% DE MATERIA GORDA BIO,,Emb. 0.5 KG,"0,99€","1,98€ / KG",
FOLHADOS SALMAO 4UN,CÔTÉ TABLE,Emb. 0.4 KG,"3,85€","9,63€ / KG",
TREMOCOS EXTRA EM FRASCO 13/15,RUSTICA,Emb. 0.37,"1,29€","3,49€ /",
Ervilhas Ultracongeladas,NOTRE JARDIN,Emb. 1 KG,"1,59€","1,59€ / KG",
Massa Pevide Clássica,NACIONAL,Emb. 0.25 KG,"0,84€","3,36€ / KG",
FEIJAO ENCARNADO 3X200G,NOTRE JARDIN,Emb. 0.6,"1,75€","2,92€ /",
Chá Preto Descafeinado,TETLEY,Emb. 10 UNID.,"0,89€","0,09€ / UNID.",
Iogurte Líquido Frutos Silvestres 4 Unid.,YOGGI,Emb. 0.64 KG,"2,09€","3,27€ / KG",
Cerveja com Álcool 6x20cl,CRISTAL,Emb. 1.2 LT,"2,29€","1,91€ / LT",
Recarga Mopa Madeiras,SWIFFER,Emb. 18 UNID.,"4,18€","0,23€ / UNID.",
Concentrado de Manga,SUNQUICK,Garrafa 0.58 LT,"4,78€","8,24€ / LT",
Spray Anti Bolores,CIF,Emb. 0.435 LT,"2,49€","5,72€ / LT",
Chiclets Spearmint 12 Unid.,CHICLETS,Emb. 0.017 KG,"0,98€","57,65€ / KG",
Azeite Subtil,GALLO,Emb. 0.75 LT,"3,99€","5,32€ / LT",
Champô Bebé Bons Sonhos,JOHNSON'S BABY,Emb. 0.5 LT,"5,58€","11,16€ / LT",
Queijo Mistura Apimentado Três Igrejas,SALOIO,1 Unid. = 0.47 KG (aprox.),"10,99€/kg","5,17€ / Unid.",
PRESUNTO FATIADO 8 MESES CURA,CAMPO FINO,Emb. 0.15 KG,"3,19€","21,27€ / KG",
Conserva de Feijão Frade Cozido com pouco Sal,FERBAR,Emb. 0.42 KG,"0,95€","2,26€ / KG",
Pantene 3 Minute Miracle Cuidado Clássico,,Emb. 0.2 LT,"5,71€","28,55€ / LT",
Fatias Finas Peito de Frango,NOBRE,Emb. 0.11 KG,"2,14€","19,45€ / KG",
Caserecce,TRADIZIONI D'ITALIA,Emb. 0.5 KG,"1,29€","2,58€ / KG",
Café Cápsulas XL Qharacter Intensidade 9,DELTA Q,Emb. 40 CAPS.,"12,99€","0,32€ / CAPS.",
Chá Preto de Pêssego e Manga,LIPTON,Emb. 0.036 KG,"1,74€","48,33€ / KG",
SNACK CHIPZ MAÇÃ FRUUT 20G,,Emb. 0.02 KG,"0,62€","31,00€ / KG",
Gelado com Amêndoas,MAGNUM,Emb. 0.44 LT,"3,89€","8,84€ / LT",
DENTIFRICO ANTI.TARTARO,DENTAMYL,Emb. 0.075 LT,"0,85€","11,33€ / LT",
Anti Calcário Máquina Roupa Pó 2 em 1,CALGON,Emb. 20 DOSES,"6,99€","0,35€ / DOSES",
Gelatina Light Ananás,ROYAL,Emb. 0.031 KG,"2,08€","67,10€ / KG",
Snack de Chocolate Mini,KIT KAT,Emb. 12 UNID.,"2,09€","0,17€ / UNID.",
Snack P/ Cão Pequeno,FRISKIES,Emb. 0.35 KG,"2,68€","7,66€ / KG",
Bolo de Massa em Espiral,P'TIT DÉLI,Emb. 0.2 KG,"1,39€","6,95€ / KG",
Espátula Direita de Madeira,BIRAMBEAU,1 UNID.,"1,00€","1,00€ / UNID.",
Bifidus Líquido Kiwi 4x155g,DANONE,Emb. 0.62 KG,"1,99€","3,21€ / KG",
Chocolate Preto,ECO+,Emb. 0.5 KG,"2,80€","5,60€ / KG",
Queijo de Cabra Curado Extra,QUINTA DO OLIVAL,1 Unid. = 0.91 KG (aprox.),"19,03€/kg","17,32€ / Unid.",
Máquinas de Barbear Descartáveis Blue II Plus Slalom,GILLETTE,Emb. 6 UNID.,"3,64€","0,61€ / UNID.",
Cordon Bleu Queijo e Fiambre Ultracongelado,IGLO,Emb. 0.2 KG,"3,99€","19,95€ / KG",
MOLHO BARBECUE,RUSTICA,Emb. 0.28 KG,"1,22€","4,36€ / KG",
Pão De Forma Cerealia 100% Integral,PANRICO,Emb. 0.385 KG,"2,28€","5,92€ / KG",
Ice Tea de Manga Lata 6x25cl,LIPTON,Emb. 1.5 LT,"3,38€","2,25€ / LT",
Alimento Húmido Gato P/ Gold,GOURMET,Emb. 0.085 KG,"0,74€","8,71€ / KG",
Gelatina em Pó Pêssego,TABLIER BLANC,Emb. 0.17 KG,"0,85€","5,00€ / KG",
LENCOS FACIAIS 4F,CARESSE,Emb. 80 UNID.,"1,29€","0,02€ / UNID.",
MULTI USOS,CLAIR,Emb. 0.75 LT,"0,82€","1,09€ / LT",
Pastilhas Sabor a Frutos Silvestres,TRIDENT,Emb. 0.058 KG,"2,58€","44,48€ / KG",
Pantene Perfect Volume Espuma 200ml,PANTENE PV,Emb. 0.2 LT,"3,74€","18,70€ / LT",
Papa Infantil Leite e Cereais,CERELAC,Emb. 0.4 KG,"1,84€","4,60€ / KG",
Spray Tira Nodoas Desengordurante,KH-7,Emb. 0.75 LT,"4,88€","6,51€ / LT",
Refrigerante com Gás Laranja,SUMOL,Garrafa 1.25 LT,"1,38€","1,10€ / LT",
Preservativos 2 em 1 Preservativo + Gel Nature,CONTROL,Emb. 6 UNID.,"7,98€","1,33€ / UNID.",
"Pilhas Alcalinas LR03/AAA 1,5V",FOXTER,Emb. 4 UNID.,"1,69€","0,42€ / UNID.",
Dentífrico Natural Extracts Frescura Máxima,COLGATE,Emb. 0.075 LT,"3,24€","43,20€ / LT",
Conserva de Atum em Óleo,RIANXEIRA,Emb. 0.12 KG,"0,99€","8,25€ / KG",
Alimento P/ Cão Adulto De Salmão e Aveia,BEYOND,Emb. 1.4 KG,"6,34€","4,53€ / KG",
PAES PITA X6,EPI D'OR,Emb. 0.4 KG,"1,45€","3,63€ / KG",
"Iogurte Bebé Banana, Laranja e Bolacha",NESTLÉ,Emb. 0.4 KG,"2,39€","5,98€ / KG",
QUEIJO MOZZARELLA BUFALA CAMPANA DOP,TRADIZIONI D'ITALIA,Emb. 0.2 KG,"2,99€","14,95€ / KG",
Papel de Alumínio,VILEDA,Emb. 50 M,"9,88€","0,20€ / M",
Desodorizante Roll On Invisible Black White 48H,REXONA,Emb. 0.05 LT,"2,39€","47,80€ / LT",
Leite UHT Meio Gordo,MATINAL,Emb. 1 LT,"1,08€","1,08€ / LT",
Azeite Virgem Extra Reserva,CONDESTÁVEL,Emb. 0.75 LT,"4,19€","5,59€ / LT",
LOURO FOLHAS,RUSTICA,Emb. 0.007 KG,"0,40€","57,14€ / KG",
Cápsulas Chocolate Quente,DOLCE GUSTO,Emb. 8 CAPS.,"4,78€","0,60€ / CAPS.",
Massa Cotovelos Clássica,NACIONAL,Emb. 0.5 KG,"1,58€","3,16€ / KG",
Molho Piripíri Extraforte,RUSTICA,Emb. 0.21 KG,"0,65€","3,10€ / KG",
Tablete de Chocolate Branco 4x100g,,Emb. 0.4 KG,"2,29€","5,73€ / KG",
Iogurte Cremoso de Frutas 8x125g,DÉLISSE,Emb. 1 KG,"2,09€","2,09€ / KG",
Melão Branco,,1 Unid. = 3.076 KG (aprox.),"0,99€/kg","3,05€ / Unid.",
Tarama com Salmão Fumado,RONDE DES MERS,Emb. 0.1 KG,"1,25€","12,50€ / KG",
DETERGENTE MAQ LOICA PASTILHAS TUDO EM 1,VISIOR,Emb. 30 UNID.,"2,09€","0,07€ / UNID.",
SPRAY LUSTRANTES PNEUS 1 L 1L TECH9,TECH9,Emb. 1 LT,"4,49€","4,49€ / LT",
Desodorizante Dove Roll-On Invisible Dry Masc,DOVE,Emb. 0.05 LT,"2,69€","53,80€ / LT",
Piri-Piri Receita Tradicional,CALVÉ,Emb. 0.05 KG,"2,38€","47,60€ / KG",
Tablete de Chocolate com Recheio Morango,MILKA,Emb. 0.1 KG,"1,68€","16,80€ / KG",
FEIJAO PRETO SACO MGUIA,NOTRE JARDIN,Emb. 0.5 KG,"0,99€","1,98€ / KG",
Yofu Natural c/ Amêndoa 500g,,Emb. 0.5 KG,"2,39€","4,78€ / KG",
QUEIJO EMENTAL FATIADO ESPECIAL TOSTA MISTA,LES CROISÉS,Emb. 0.2 KG,"1,79€","8,95€ / KG",
OIKOS CAFE 110G X4,OIKOS,Emb. 0.44 KG,"2,39€","5,43€ / KG",
Néctar Compal Vital Melancia e Morango,COMPAL,Emb. 1 LT,"1,58€","1,58€ / LT",
Éclair de Chocolate,,1 Unid. = 0.08 KG,"0,89€","11,13€ / KG",
Arroz Agulha,CAÇAROLA,Emb. 1 KG,"1,14€","1,14€ / KG",
SACO CONGELACAO C/ZIP MEDIO,ELEMBAL,Emb. 20 UNID.,"1,29€","0,06€ / UNID.",
Snack P/ Cão Médio/Grande +10kg,FRISKIES,Emb. 7 UNID.,"2,20€","0,31€ / UNID.",
Empadas de Galinha,,Emb. 6 UNID.,"1,99€","0,33€ / UNID.",
Iogurte de Pêra 4 Unid.,IOGOLINO,Emb. 0.4 KG,"2,88€","7,20€ / KG",
Dentífrico Extremo Hálito Fresco,DENTAMYL,Emb. 0.075 LT,"0,88€","11,73€ / LT",
Papel Higiénico 2 Folhas Extra XXL 6=15,RENOVA,Emb. 6 ROLOS,"3,94€","0,66€ / ROLOS",
Maionese Formato XXL,CALVÉ,Emb. 0.753 KG,"4,68€","6,22€ / KG",
Desodorizante Roll-On Pele Sensível,MANAVA,Emb. 0.05 LT,"0,75€","15,00€ / LT",
DOCE TOMATE 345G,CASA MATEUS,Emb. 0.345 KG,"2,24€","6,49€ / KG",
Champô para Cabelo Pintado e Proteção de Cor,GLISS,Emb. 0.25 LT,"2,24€","8,96€ / LT",
Cerveja com Álcool 24x33cl,SUPER BOCK,Emb. 7.92 LT,"15,79€","1,99€ / LT",
Gin London Dry,TANQUERAY,Garrafa 0.7 LT,"18,48€","26,40€ / LT",
Salsichão com Alho Fumado,,Emb. 0.4 KG,"1,99€","4,98€ / KG",
PAO RALADO,TABLIER BLANC,Emb. 0.25 KG,"0,39€","1,56€ / KG",
Pantene 3 Minute Miracle Liso & Sedoso,PANTENE PV,Emb. 0.2 LT,"5,48€","27,40€ / LT",
Vinho Rosé Frisante,LOURINHO,Garrafa 0.75 LT,"1,99€","2,65€ / LT",
Conserva de Ervilhas com Cenoura Cozidas,,Lata 0.53 KG,"1,59€","3,00€ / KG",
Queijo Flamengo Fatiado,VALFORMOSO,Emb. 0.2 KG,"1,69€","8,45€ / KG",
Palmiers de massa Folhada com Manteiga,P'TIT DÉLI,Emb. 0.1 KG,"0,99€","9,90€ / KG",
Caixa Hermética 0.90L,,4 UNID.,"2,49€","0,62€ / UNID.",
Conserva Lentilhas com Salsichas,CÔTÉ TABLE,Emb. 0.84 KG,"2,65€","3,15€ / KG",
Papa Infantil Aveia Maçã e Cenoura,CERELAC,Emb. 0.24 KG,"2,49€","10,38€ / KG",
Caldo para Arroz 24 Cubos,KNORR,Emb. 0.24 KG,"2,39€","9,96€ / KG",
Tampa Universal 22/28cm,ARDENCE,1 UNID.,"4,90€","4,90€ / UNID.",
TOSTAS CROCANTES COM CEREAIS,EPI D'OR,Emb. 0.25 KG,"1,09€","4,36€ / KG",
Conjunto 4 Copos Gisèle 45cl,ARDENCE,4 UNID.,"7,55€","1,89€ / UNID.",
Tablete de Chocolate de Leite,NESTLÉ,Emb. 0.09 KG,"1,09€","12,11€ / KG",
DETERGENTE MANUAL LOICA LIMAO HIPOALERG.ECOLOGICO 750ML,UNÍ VERT,Emb. 0.75 LT,"1,89€","2,52€ / LT",
Vinho Branco Meio Seco,LEZÍRIA,Garrafa 0.75 LT,"1,58€","2,11€ / LT",
Creme Dessert Baunilha 4x125g,ECO+,Emb. 0.5 KG,"0,94€","1,88€ / KG",
Chouriço Picante,,Emb. 0.25 KG,"2,39€","9,56€ / KG",
Arroz Agulha,,Emb. 1 KG,"0,99€","0,99€ / KG",
Bôla de Fiambre,,1 Unid. = 1.6 KG (aprox.),"4,99€/kg","7,98€ / Unid.",
Cajus no Forno,MATUTANO,Emb. 0.17 KG,"4,98€","29,29€ / KG",
Biscoitos Crocantes para Cão,LYDOG,Emb. 0.5 KG,"1,65€","3,30€ / KG",
Bolachas Crackers Bacon,TUC,Emb. 0.1 KG,"1,18€","11,80€ / KG",
Mistura de Frutos Secos Açucarados,TOKAPI,Emb. 0.12 KG,"0,99€","8,25€ / KG",
Queijo Mystère du Prieuré,LES CROISÉS,Emb. 0.34 KG,"2,79€","8,21€ / KG",
Cacetinho,,1 Unid. = 0.055 KG,"0,19€","3,45€ / KG",
TOSTAS CROCANTES COM CENTEIO,EPI D'OR,Emb. 0.25 KG,"1,09€","4,36€ / KG",
Vinho Verde Branco,TERRAS DE FELGUEIRAS,Garrafa 0.75 LT,"1,89€","2,52€ / LT",
Queijo de Ovelha Amanteigado Cerrado do Vale,SANTIAGO,1 Unid. = 1.2 KG (aprox.),"18,99€/kg","22,79€ / Unid.",
Iced Tea Limão,ECO+,Emb. 1.5 LT,"0,84€","0,56€ / LT",
Lasanha à Bolonhesa,CÔTÉ TABLE,Emb. 1 KG,"4,99€","4,99€ / KG",
Vinho Regional Alentejo Branco,REAL LAVRADOR,Garrafa 0.75 LT,"2,49€","3,32€ / LT",
Alimento Seco Cão Croquetes Ricos em Carnes,ECO+,Emb. 10 KG,"8,69€","0,87€ / KG",
Wafers de Chocolate,TRIUNFO,Emb. 0.146 KG,"1,48€","10,14€ / KG",
Polpa de Tomate Biológica,,Emb. 0.5 KG,"0,99€","1,98€ / KG",
Barras de Cereais de Chocolate 6 Unid.,FITNESS,Emb. 0.141 KG,"2,33€","16,52€ / KG",
Óleo para Todos Tipos de Cabelo,ULTRA SUAVE,Emb. 0.15 LT,"8,98€","59,87€ / LT",
Lentilhas Amarelas,NOTRE JARDIN,Emb. 0.5 KG,"1,25€","2,50€ / KG",
Detergente Máquina Loiça Pastilhas All in 1 27 pastilhas,FINISH,Emb. 0.457 KG,"5,99€","13,11€ / KG",
Duvel Cerveja da Bélgica,DUVEL,Emb. 0.33 LT,"2,89€","8,76€ / LT",
"OIKOS STRACCIATELLA 110G ,,440G",OIKOS,Emb. 0.44 KG,"2,39€","5,43€ / KG",
Iogurte Líquido Natural 6x100g,DANACOL,Emb. 0.6 KG,"2,99€","4,98€ / KG",
Pizza Casa Di Mama Fiambre e Cogumelos,DR. OETKER,Emb. 0.405 KG,"5,48€","13,53€ / KG",
Tampões com Aplicador Compak Regular,TAMPAX,Emb. 22 UNID.,"3,98€","0,18€ / UNID.",
Kiwi,,1 Unid. = 0.11 KG (aprox.),"2,99€/kg","0,33€ / Unid.",
PEPITAS DE CHOCOLATE DE LEITE,TABLIER BLANC,Emb. 0.1 KG,"1,99€","19,90€ / KG",
Recarga Limpa Vidros,AJAX,Emb. 0.5 LT,"2,68€","5,36€ / LT",
Óleo Intense 6-10 Louro Escuro,SYOSS,,"6,24€",/ Unid.,
Conserva de Pickles em Vinagre,FERBAR,Frasco 0.345 KG,"1,09€","3,16€ / KG",
Néctar Clássico Pêssego,COMPAL,Emb. 1 LT,"0,99€","0,99€ / LT",
Iogurte Líquido Morango Banana 4x155g,DANONE,Emb. 0.62 KG,"1,69€","2,73€ / KG",
BEBIDA SOJA CHOC LIGHT 3x250ML,ALPRO,Emb. 0.75 LT,"2,19€","2,92€ / LT",
Pataniscas 6 Unid.,SNR,Emb. 0.325 KG,"2,99€","9,20€ / KG",
Amêijoa Branca Congelada,,1 Unid. = 0.38 KG (aprox.),"7,99€/kg","3,04€ / Unid.",
Brownie de Chocolate com Pepitas de Chocolate,P'TIT DÉLI,Emb. 0.24 KG,"2,19€","9,13€ / KG",
Champomy,CHAMPOMY,Garrafa 0.75 LT,"2,49€","3,32€ / LT",
Alface Iceberg,,1 Unid. = 0.45 KG  (aprox.),"1,59€/kg","0,72€ / Unid.",
Batatas Fritas 6x30g,POM'LISSE,Emb. 0.18 KG,"2,05€","11,39€ / KG",
MINI SNACKS BOUCH POUL FROM 60,TOUS MES AMIS,Emb. 0.06 KG,"0,85€","14,17€ / KG",
Caldo Carne 16 Cubos,MAGGI,Emb. 0.16 KG,"2,09€","13,06€ / KG",
FOLHADOS FEUILLETINE 135G,DU BOIS DE LA ROCHE,Emb. 0.135 KG,"1,83€","13,56€ / KG",
PICKLES EM VINAGRE FERBAR 680G,FERBAR,Emb. 0.68 KG,"1,69€","2,49€ / KG",
Moscatel de Setúbal,BACALHÔA,Garrafa 0.75 LT,"5,98€","7,97€ / LT",
Máscara Hidrata Leite de Coco,HERBAL ESSENCES,Emb. 0.25 LT,"3,99€","15,96€ / LT",
PAEZINHOS 4X75G PRE-COZIDOS,EPI D'OR,Emb. 0.3 KG,"1,49€","4,97€ / KG",
Sementes de Chia,CEM PORCENTO,Emb. 0.15 KG,"2,28€","15,20€ / KG",
Pastilhas de Limpeza para Próteses Dentárias,,Emb. 30 UNID.,"3,98€","0,13€ / UNID.",
Xarope de Groselha,FRUCCI,Garrafa 1 LT,"2,49€","2,49€ / LT",
Bijou Mistura,,1 Unid. = 0.06 KG,"0,09€","1,50€ / KG",
Esparregado,IGLO,Emb. 0.75 KG,"3,99€","5,32€ / KG",
Whisky,JAMESON,Garrafa 0.7 LT,"15,95€","22,79€ / LT",
Máquinas de Barbear Descartáveis Blue 3 Smooth,GILLETTE,Emb. 5 UNID.,"5,28€","1,06€ / UNID.",
Cerveja com Álcool Lata,SUPER BOCK,Emb. 0.5 LT,"1,58€","3,16€ / LT",
Queijo Creme para Barrar Natural,FRESQUINHO,Emb. 0.125 KG,"1,24€","9,92€ / KG",
Johnson\'s Baby Condicionador Penteia Fácil,JOHNSON'S BABY,Emb. 0.5 LT,"5,58€","11,16€ / LT",
Garoupa Legitima Cal. 1/3,,1 Unid. = 1.5 KG (aprox.),"14,90€/kg","22,35€ / Unid.",
ALCOOL ETILICO 96º,PRIMOPLAST,Emb. 0.25 LT,"0,79€","3,16€ / LT",
Caldo para Arroz,KNORR,Emb. 8 CUBOS,"1,39€","0,17€ / CUBOS",
Hamburguer Ultracongelado 100% de Vaca Ultracongelado,CHANTEGRIL,Emb. 1 KG,"10,48€","10,48€ / KG",
Bolachas de Água e Sal,VIEIRA,Emb. 0.375 KG,"2,63€","7,01€ / KG",
Tablete Chocolate 40% Cacau Biológica,,Emb. 0.1 KG,"1,49€","14,90€ / KG",
Conserva de Ervilhas Muito Finas Cozidas,,Lata 0.95 KG,"1,29€","1,36€ / KG",
Tarte Gelada Chocolate,VIENNETTA,Emb. 0.65 LT,"3,98€","6,12€ / LT",
Alimento Seco P/ Gato Especial Pele e Pêlo,PURINA,Emb. 0.8 KG,"5,33€","6,66€ / KG",
TAMPAO COMPACTO NORMAL,DOULYS,Emb. 20 UNID.,"2,29€","0,11€ / UNID.",
Bagas de Goji Alto Teor em Fibra,CEM PORCENTO,Emb. 0.125 KG,"2,98€","23,84€ / KG",
Leite Condensado Cozinha,NESTLÉ,Emb. 0.397 KG,"1,54€","3,88€ / KG",
Canela Pau,MARGÃO,Emb. 0.03 KG,"2,78€","92,67€ / KG",
Crackers Integrais,EPI D'OR,Emb. 0.5 KG,"1,69€","3,38€ / KG",
Mini Pizza 3 Queijos Ultracongelada 9 Unid.,PICCOLINIS,Emb. 0.27 KG,"3,98€","14,74€ / KG",
Vinho Verde Branco,LAGOSTA,Garrafa 0.75 LT,"3,98€","5,31€ / LT",
Desodorizante Spray Romã/Lichia,MANAVA,Emb. 0.1 LT,"1,29€","12,90€ / LT",
LAVA TUDO PINHO,CLAIR,Emb. 1.5 LT,"1,28€","0,85€ / LT",
Pack 4 Escovas de Dentes Média Triple Action,COLGATE,Emb. 1 UNID.,"3,68€","3,68€ / UNID.",
BLEU AUVERGNE AOC,NOS RÉGIONS ONT DU TALENT,Emb. 0.125,"1,69€","13,52€ /",
Spray Limpa Fornos e Grelhadores,CIF,Emb. 0.435 LT,"2,49€","5,72€ / LT",
Iogurte Sólido Suissinho Duo Mix Banana Morango,YOCO,Emb. 0.36 KG,"2,29€","6,36€ / KG",
Entremeada de Porco,,1 Unid. = 0.4 KG (aprox.),"8,99€/kg","3,60€ / Unid.",
Iogurte Líquido Sabor a Morango 6x180g,DÉLISSE,Emb. 1.08 KG,"1,99€","1,84€ / KG",
Iogurte Grego Coco 4 Unid.,YAOS,Emb. 0.44 KG,"2,29€","5,20€ / KG",
Tomate com Rama,,1 Unid. = 0.2 KG (aprox.),"1,39€/kg","0,28€ / Unid.",
Sticks Dentários Vaca Frango Borrego 15 Unid.,TOUS MES AMIS,Emb. 0.125 KG,"1,39€","11,12€ / KG",
Vinho Regional Douro Tinto,MONTES ERMOS,Garrafa 0.75 LT,"4,48€","5,97€ / LT",
Iogurte Líquido DanUp Manga Tangerina 4x155g,DANONE,Emb. 0.62 KG,"1,69€","2,73€ / KG",
Creme Hidratante,NIVEA,Emb. 0.075 LT,"2,49€","33,20€ / LT",
Loção Corporal Advanced Repair,VASELINE,Emb. 0.2 LT,"2,14€","10,70€ / LT",
Amendoins Sal e Mel,MATUTANO,Emb. 0.15 KG,"2,58€","17,20€ / KG",
Tablete Chocolate Fruit & Nut Dairy Milk,CADBURY,Emb. 0.11 KG,"2,58€","23,45€ / KG",
Papas de Aveia com canela,NACIONAL,Emb. 0.06 KG,"1,19€","19,83€ / KG",
Sal Máquina Loiça Anti-Calcário,SUN,Emb. 1 KG,"1,49€","1,49€ / KG",
Pão de Hambúrguer com Sementes de Sésamo 4 Unidades,BIMBO,Emb. 0.22 KG,"1,07€","4,86€ / KG",
Iogurte Líquido Straciatella 4x155g,DANONE,Emb. 0.62 KG,"1,69€","2,73€ / KG",
Creme Hidratante Caixa Família,NIVEA,Emb. 0.25 LT,"5,59€","22,36€ / LT",
TARTE DE COCO,P'TIT DÉLI,Emb. 0.3 KG,"2,99€","9,97€ / KG",
Iogurte Bifidus Cremoso Coco 4 Unid.,DANONE,Emb. 0.48 KG,"1,99€","4,15€ / KG",
Coloração 1-4 Preto Azulado,SYOSS,,"4,99€",/ Unid.,
"Gel Duche ""Petalas""",MANAVA,Emb. 0.25 LT,"1,19€","4,76€ / LT",
Champanhe Brut Imperial,MOET & CHANDON,Garrafa 0.75 LT,"43,94€","58,59€ / LT",
Sumo de Ameixa Obtido por Extração Biológico,,Emb. 1 LT,"3,25€","3,25€ / LT",
Passador,ARDENCE,1 UNID.,"2,50€","2,50€ / UNID.",
Ameixa Amarela Cal. 45/55,,1 Unid. = 0.09 KG (aprox.),"2,49€/kg","0,22€ / Unid.",
Fiambre de Peru,EL POZO,Emb. 0.15 KG,"1,69€","11,27€ / KG",
"Amaciador Concentrado ""Fragância de Provence"" 3 Unid.",HYPERDOU,Emb. 0.25 LT,"1,19€","4,76€ / LT",
BLOCO SANITARIO FRESCURA VERDE ECO 1UN,UNÍ VERT,Emb. 1 UNID,"1,99€","1,99€ / UNID",
Espuma Limpa Carpetes e Estofos Tira Nódoas,VANISH,Emb. 0.6 LT,"5,19€","8,65€ / LT",
Fraldas Premium Tamanho 3 4-10Kg,MOLTEX,Emb. 56 UNID.,"17,62€","0,31€ / UNID.",
Gel de Banho Corpo e Zona Íntima Suave,CORINE DE FARME,Emb. 0.25 LT,"2,49€","9,96€ / LT",
Choco Inteiro Congelado,,1 Unid. = 0.2 KG (aprox.),"4,99€/kg","1,00€ / Unid.",
JOGO 4 TAPETES EM ALCATIFA 1UN TECH9,TECH9,Emb. 1 UNID.,"11,99€","11,99€ / UNID.",
"AGUA FASTIO,,2.5L",FASTIO,,"1,28€",/ Unid.,
Água com Gás TP,PEDRAS SALGADAS,Garrafa 0.25 LT,"0,69€","2,76€ / LT",
AGUA PEDRAS TANGERINA 4X25 CL,PEDRAS,,"2,39€",/ Unid.,
Licor,SAFARI,Garrafa 0.7 LT,"12,89€","18,41€ / LT",
Conserva de Tomate em Pedaços,GULOSO,Emb. 0.39 KG,"1,34€","3,44€ / KG",
Queijo Mozzarella Mini,SANTA LUCIA,Emb. 0.15 KG,"2,69€","17,93€ / KG",
Folhas de Orégãos,RUSTICA,Frasco 0.008 KG,"0,55€","68,75€ / KG",
COLORACAO CASTANHO ESCURO 3.0 S/AMONIACO,VITANOVE,Emb. 1 UNID.,"3,89€","3,89€ / UNID.",
Prato Sobremesa 21cm Cinzento,SCANDINAVE,1 UNID.,"2,99€","2,99€ / UNID.",
Café Mythiq Intensidade 15,DELTA,Emb. 10 UNID.,"2,99€","0,30€ / UNID.",
Champô Anti-Caspa Suave e Sedoso,H&S,Emb. 0.38 LT,"6,66€","17,53€ / LT",
Máquina Descartável Blue II 2 Lâminas,GILLETTE,Emb. 20 UNID.,"8,48€","0,42€ / UNID.",
Vinho Rosé Emotions,MATEUS,Garrafa 0.75 LT,"2,99€","3,99€ / LT",
Alimento P/ Gato C/ Espirulina de Frango,PURINA,Emb. 1.4 KG,"6,68€","4,77€ / KG",
Paté Rico Frango e Legumes Bio,PLENIMA,Emb. 0.3 KG,"1,78€","5,93€ / KG",
Mini Laços C/ Vegetais,MILANEZA,Emb. 0.5 KG,"1,88€","3,76€ / KG",
Bolachas Sprits,ECO+,Emb. 0.4 KG,"1,79€","4,48€ / KG",
Toalhitas Secas Limpa Chão,CLAIR,Emb. 15 UNID.,"1,99€","0,13€ / UNID.",
ÓLEO BRONZEADOR CÔCO,AMBRE SOLAIRE,Emb. 0.2 LT,"11,98€","59,90€ / LT",
Queijo Ilha Ralado,VALFORMOSO,Emb. 0.15 KG,"1,66€","11,07€ / KG",
Bebida de Coco 0%,SHOYCE,Emb. 1 LT,"2,38€","2,38€ / LT",
Miolo de Avelã,MARQUE REPERE,Emb. 0.15 KG,"2,24€","14,93€ / KG",
Cereais de Trigo Original,WEETABIX,Emb. 0.43 KG,"3,53€","8,21€ / KG",
Folhado Fiambre 4x100 g Ultracongelado,CÔTÉ TABLE,Emb. 0.4 KG,"3,79€","9,48€ / KG",
Tâmara Seca C/ Caroço,MARQUE REPERE,Emb. 0.2 KG,"1,19€","5,95€ / KG",
Iogurte Sólido Suissinhos Duo Morango e Baunilha 4 Unid.,NESTLÉ,Emb. 0.36 KG,"2,29€","6,36€ / KG",
Vinho do Porto Offley Tawny,OFFLEY,Garrafa 0.75 LT,"4,69€","6,25€ / LT",
WC Explosão Cítrica,NEO BLANC,Emb. 2 UNID.,"4,49€","2,25€ / UNID.",
Salada Aromática Embalada,VITACRESS,Emb. 0.1 KG,"1,99€","19,90€ / KG",
Chicorée Café com Leite Instantâneo,PLANTATION,Emb. 0.4 KG,"4,45€","11,13€ / KG",
WC Explosão Cítrica,NEO BLANC,Emb. 1 UNID.,"2,24€","2,24€ / UNID.",
Snack Batata Sabor Paprika,TOKAPI,Emb. 0.17 KG,"1,95€","11,47€ / KG",
Bife do Lombo de Porco,,1 Unid. = 0.4 KG (aprox.),"18,99€/kg","7,60€ / Unid.",
Papa Infantil 5 Frutos,CERELAC,Emb. 0.25 KG,"2,39€","9,56€ / KG",
Manga Barco,,1 Unid. = 0.5 KG (aprox.),"2,49€/kg","1,25€ / Unid.",
AGUA FRIZE TANGERINA 4x25CL,FRIZE,,"2,68€",/ Unid.,
Cápsulas Café Espresso Intenso Intensidade 7,DOLCE GUSTO,Emb. 30 CAPS.,"10,48€","0,35€ / CAPS.",
BISCOITOS DE CANELA,P'TIT DÉLI,Emb. 0.4 KG,"1,55€","3,88€ / KG",
Cereais Corn Flakes Original,KELLOGG'S,Emb. 0.5 KG,"2,24€","4,48€ / KG",
Elixir Max White,COLGATE,Emb. 0.5 LT,"6,48€","12,96€ / LT",
Tostas Torradas Cereais e Sementes Biológicas,,Emb. 0.225 KG,"1,99€","8,84€ / KG",
Lentilhas Verdes,,Emb. 0.5 KG,"2,95€","5,90€ / KG",
Iogurte Líquido Morango 12 Unid.,ACTIMEL,Emb. 1.2 LT,"4,39€","3,66€ / LT",
Esfregona Estampada,,Emb. 2 UNID.,"2,99€","1,50€ / UNID.",
Pão de Forma Especial Torradas com Côdea,EPI D'OR,Emb. 0.8 KG,"1,74€","2,18€ / KG",
Pantene Frizz Control & Luminosidade Máscara 160 ml,PANTENE PV,Emb. 0.16,"5,98€","37,38€ /",
Leite com Chocolate 6x25 cl,UCAL,Emb. 1.5 LT,"5,75€","3,83€ / LT",
SORTIDO MINI PAES/CROISSANTS CHOCOLATE 12UN,EPI D'OR,Emb. 0.372,"3,59€","9,65€ /",
Massa Farfalle,TURINI,Emb. 0.5 KG,"0,99€","1,98€ / KG",
BEBIDA DE ARROZ E COCO BIO,,Emb. 1 KG,"1,99€","1,99€ / KG",
Bolo Rectangular de Ovo,,1 Unid. = 1 KG (aprox.),"12,99€/kg","12,99€ / Unid.",
Massa Cuscus,TURINI,Emb. 0.25 KG,"0,55€","2,20€ / KG",
Vinho Regional Alentejo Branco,GALITOS,Garrafa 0.75 LT,"2,28€","3,04€ / LT",
Sobremesa Chocolate Mix'n Croc Color Chocolate 4x120g,DÉLISSE,Emb. 0.48 KG,"1,99€","4,15€ / KG",
Patê Terrine Campestre Confit de Figado 3x180 g,,Frasco 0.54 KG,"2,89€","5,35€ / KG",
Fraldas Premium Tamanho 5 13-18Kg,MOLTEX,Emb. 44 UNID.,"17,63€","0,40€ / UNID.",
MINI PIZZAS QUEIJO E FIAMBRE 9UN,TURINI,Emb. 0.27,"2,39€","8,85€ /",
Polpa de Tomate,GULOSO,Frasco 0.5 LT,"0,79€","1,58€ / LT",
Chá de Lúcia-Lima,LIPTON,Emb. 20 SAQ.,"1,20€","0,06€ / SAQ.",
Rigatoni,TRADIZIONI D'ITALIA,Emb. 0.5 KG,"1,59€","3,18€ / KG",
Iogurte Líquido Tutti Frutti 6 Unid.,ACTIMEL,Emb. 0.6 KG,"2,59€","4,32€ / KG",
Bebida Energética Mango Loco Energy Juiced,MONSTER ENERGY,Emb. 0.05 LT,"1,20€","24,00€ / LT",
Asas de Frango,,1 Unid. = 0.5 KG (aprox.),"2,75€/kg","1,38€ / Unid.",
Cereais +Rico,NACIONAL,Emb. 0.3 KG,"2,21€","7,37€ / KG",
Tomate em Pedaços Manjerição e Orégãos,GULOSO,Emb. 0.392 KG,"1,98€","5,05€ / KG",
Pinha de Profiteroles com Chantilly,,Emb. 0.4 KG,"6,49€","16,23€ / KG",
Azeite,CONDESTÁVEL,Garrafa 0.75 LT,"3,69€","4,92€ / LT",
ESPARGUETE,ECO+,Emb. 1 KG,"1,85€","1,85€ / KG",
Tampa Anti-Gordura de Inox 16/20cm,ARDENCE,1 UNID.,"2,50€","2,50€ / UNID.",
AZEITONA VERDE COM PIMENTO,RUSTICA,Emb. 0.8 KG,"2,34€","2,93€ / KG",
Recarga Ambientador White Bouquet,AIRWICK,Emb. 2 UNID.,"7,09€","3,55€ / UNID.",
Yofu Natural Sem Açúcar 500g,,Emb. 0.5 KG,"2,39€","4,78€ / KG",
Whisky Bourbon,JOHN DAVON'S,Garrafa 0.7 LT,"10,99€","15,70€ / LT",
Bebida Amêndoa S/ Açúcar,NAT&VIE,Emb. 1 LT,"1,69€","1,69€ / LT",
Conserva de Bacalhau em Azeite e Alho,PITEU,Emb. 0.12 KG,"2,39€","19,92€ / KG",
BEBIDA SOJA C/CALCIO BIO,,Emb. 1 L,"1,18€","1,18€ / L",
Néctar de Manga Clássico,COMPAL,Emb. 1 LT,"1,08€","1,08€ / LT",
Tira Gorduras Misto,MISTOLIN,Emb. 0.545 LT,"2,98€","5,47€ / LT",
Bolachas de Manteiga com Pepitas de Chocolate,P'TIT DÉLI,Emb. 0.2 KG,"1,69€","8,45€ / KG",
CAPSULAS CAFE COMP C/ DG - SUAVE INT7,PLANTATION,Emb. 16 UNID.,"2,44€","0,15€ / UNID.",
Palmier,,1 Unid. = 1 UN,"0,99€","0,99€ / UN",
Néctar Essencial Pêssego 3x110ml,COMPAL,Emb. 0.33 LT,"1,79€","5,42€ / LT",
Spray de Limpeza Nature Cozinha Ultra Desengordurante Limão,,Emb. 0.75 LT,"3,98€","5,31€ / LT",
RECARGA LIMPA VIDROS ECOLOGICO,UNÍ VERT,Emb. 0.75 LT,"1,49€","1,99€ / LT",
Pão de Forma com Côdea 9 Cereais,PANRICO,Emb. 0.52 KG,"2,38€","4,58€ / KG",
Água Nascente S/ Gás,ECO+,Garrafão 6 LT,"0,75€","0,13€ / LT",
Tampa Universal Inox 16/20cm,ARDENCE,1 UNID.,"2,50€","2,50€ / UNID.",
Gin Gordon´s,GORDON'S,Garrafa 0.7 LT,"14,98€","21,40€ / LT",
DESODORIZANTE SPRAY SEDUCTION MEN 200ML,CARRÉ HOMME,Emb. 0.2 LT,"1,19€","5,95€ / LT",
Creme Hidratante Dia Age Perfect,DERMO EXPERTISE,Emb. 0.05 LT,"15,98€","319,60€ / LT",
Coloração 5-29 Vermelho Intenso,SYOSS,,"4,99€",/ Unid.,
Pantene Superalimento Ampolas Resgate,PANTENE PV,Emb. 0.045 LT,"6,92€","153,78€ / LT",
CREME REVITALIZANTE Q10 MEN 50ML,CARRÉ HOMME,Emb. 0.05 LT,"2,29€","45,80€ / LT",
Alho Seco,,1 Unid. = 0.1 KG (aprox.),"4,99€/kg","0,50€ / Unid.",
Café Solúvel Clássico Frasco,NESCAFÉ,Frasco 0.1 KG,"3,98€","39,80€ / KG",
Cápsulas Café Buondi,DOLCE GUSTO,Emb. 16 CAPS.,"5,98€","0,37€ / CAPS.",
Johnson's Baby Champô Gotas de Brilho,JOHNSON'S BABY,Emb. 0.5,"5,58€","11,16€ /",
"Chá Verde com Guaraná, Canela e Cardamono",LIPTON,Emb. 0.032 KG,"1,94€","60,63€ / KG",
Amaciador de Roupa Pure,COMFORT,Emb. 4 LT,"4,49€","1,12€ / LT",
Miolo de Amêndoa Torrada com Sal,,Emb. 0.2 KG,"3,99€","19,95€ / KG",
BATATAS FRITAS POM´LISSE,POM'LISSE,Emb. 0.15 KG,"1,09€","7,27€ / KG",
Grelos de Couve,,1 Unid. = 1 KG (aprox.),"2,49€/kg","2,49€ / Unid.",
MISTURA EXOTICA,TOKAPI,Emb. 0.12 KG,"1,19€","9,92€ / KG",
Peixe Espada Preto,,1 Unid. = 1.7 KG (aprox.),"8,98€/kg","15,27€ / Unid.",
Nata para Bater,PARMALAT,Emb. 0.2 KG,"1,11€","5,55€ / KG",
Pacotinho de Frutas Maçã Manga S/ Glúten +6 meses,NESTLÉ BEBÉ,Emb. 0.09 KG,"1,04€","11,56€ / KG",
Alimento Húmido para Gato Borrego,LYCAT,Emb. 0.1 KG,"0,45€","4,50€ / KG",
Vinho Branco Frutado,FAISÃO,Garrafa 0.75 LT,"2,38€","3,17€ / LT",
Queijo Curado Receita Original,CASTELÕES,1 Unid. = 1.25 KG (aprox.),"11,99€/kg","14,99€ / Unid.",
Dentífrico Junior,,Emb. 0.075 LT,"2,59€","34,53€ / LT",
Néctar Clássico Ananás,COMPAL,Emb. 1 LT,"1,69€","1,69€ / LT",
Escova Gengivas e Dentes,PARODONTAX,Emb. 1 UNID.,"4,37€","4,37€ / UNID.",
Alimento Seco para Cães Pequenos Croquetes,LYDOG,Emb. 2 KG,"3,99€","2,00€ / KG",
Cápsulas Café Colombia Lungo Intensidade 5 Bio,DOLCE GUSTO,Emb. 12 CAPS.,"5,58€","0,47€ / CAPS.",
Recarga para Difusor Elétrico 3 Volution Flores Elegantes,AMBIPUR,Emb. 1 UNID.,"5,99€","5,99€ / UNID.",
GEL DEPILATORIO SENHORA PELE SENSIVEL 200ML,SILISS,Emb. 200 ML,"1,99€","0,01€ / ML",
Alimento Seco P/ Gato Esterilizado C/ Salmão e Trigo,PURINA,Emb. 0.8 KG,"6,98€","8,73€ / KG",
Tabuleiro de Vidro Retangular 32x20cm,ARDENCE,1 UNID.,"4,50€","4,50€ / UNID.",
FEIJOADA À TRANSMONTANA,CÔTÉ TABLE,Emb. 0.25 KG,"2,99€","11,96€ / KG",
Pantene Caracóis Perfeitos Champô,PANTENE PV,Emb. 0.25 LT,"3,98€","15,92€ / LT",
Chocolate Choco Waffel Leite,MILKA,Emb. 0.18 KG,"2,68€","14,89€ / KG",
Sobremesa Láctea de Pêra +6 Meses 4 Unid.,BIO VILLAGE BEBE,Emb. 0.4 KG,"2,29€","5,73€ / KG",
DENTRIFICO EXPERT ULTRA BRANQUEADOR,DENTAMYL,Emb. 0.075 LT,"0,95€","12,67€ / LT",
Café Solúvel Sélection,PLANTATION,Frasco 0.2 KG,"2,89€","14,45€ / KG",
Iogurte Magro Morango Kiwi Banana E Pêssego 8 Unid.,MIMOSA,Emb. 0.96 KG,"2,49€","2,59€ / KG",
Sultana Preta,MARQUE REPERE,Emb. 0.2 KG,"0,79€","3,95€ / KG",
Saleiro,,1 UNID.,"1,00€","1,00€ / UNID.",
Ketchup Top Down,HEINZ,Emb. 0.46 KG,"3,68€","8,00€ / KG",
Cerveja com Álcool 24x20cl,SUPER BOCK,Emb. 4.8 LT,"9,99€","2,08€ / LT",
Sais de Fruta Digestivo Original,ENO DIGESTIVO,Emb. 10 UNID.,"4,98€","0,50€ / UNID.",
Iogurte Líquido Frutas Exóticas 6x100g,DANACOL,Emb. 0.6 KG,"2,99€","4,98€ / KG",
YOFU SOJA NATURAL 4X125G,ALPRO SOYA,Emb. 0.5 KG,"2,88€","5,76€ / KG",
Café Solúvel,DELTA,Frasco 0.1 KG,"2,19€","21,90€ / KG",
Tampões com Aplicador Compak Multi Pack Regular e Super,TAMPAX,Emb. 16 UNID.,"2,98€","0,19€ / UNID.",
Tira-Nódoas em Spray,SKIP,Emb. 0.5 LT,"2,99€","5,98€ / LT",
Iogurte Líquido Frutos Variados,YOCO,Emb. 0.54 KG,"2,29€","4,24€ / KG",
Chispalhada S/ Corantes,NOBRE,Lata 0.42 KG,"1,76€","4,19€ / KG",
Marmelada Extra,,Emb. 0.9 KG,"1,99€","2,21€ / KG",
Alho Moído,MARGÃO,Emb. 0.05 KG,"1,58€","31,60€ / KG",
VILEDA LUVAS MULTI 10 M/L,VILEDA,Emb. 10 UNID.,"2,98€","0,30€ / UNID.",
QUEIJO MAROILLES,NOS RÉGIONS ONT DU TALENT,Emb. 0.2 KG,"3,48€","17,40€ / KG",
Miolo de Amêndoa C/ Pele,MARQUE REPERE,Emb. 0.225 KG,"2,90€","12,89€ / KG",
Preparado para Bolo Fondant de Chocolate sem Glúten,CHAQUE JOUR SANS GLUTEN,Emb. 0.5 KG,"3,39€","6,78€ / KG",
Toalhitas WC Criança Origem Vegetal,MOTS D'ENFANTS,Emb. 60 UNID.,"1,65€","0,03€ / UNID.",
Creme Culinário Líquido Veggie,NAT&VIE,,"2,49€",/ Unid.,
Broa de Milho,,1 Unid. = 1.7 KG (aprox.),"3,49€/kg","5,93€ / Unid.",
Sumo de Laranja e Maracujá,JOI,Garrafa 1.5 LT,"1,04€","0,69€ / LT",
Pão Centeio,,1 Unid. = 0.4 KG,"1,10€","2,75€ / KG",
PREPARADO PAO,TABLIER BLANC,Emb. 1 KG,"1,09€","1,09€ / KG",
Refrigerante C/ Gás Cola,ECO+,Garrafa 2 LT,"0,79€","0,40€ / LT",
Amaciador Cabelos Frágeis,ELVIVE,Emb. 0.2 LT,"3,98€","19,90€ / LT",
ALIMENT BEBE: PURE LEGUMES DE PROVENCA BIO +4M 2X120G,BIO VILLAGE BEBE,Emb. 0.4 KG,"1,45€","3,63€ / KG",
Conserva de Milho Doce,NOTRE JARDIN,Lata 0.285 KG,"0,75€","2,63€ / KG",
Sementes Naturais Descascadas de Abóbora,CEM PORCENTO,Emb. 0.15 KG,"2,28€","15,20€ / KG",
Pasta de Arquivo A4,ESQUISSE,Emb. 1 UNID.,"2,81€","2,81€ / UNID.",
Palmiers Biológicos,,Emb. 0.1 KG,"1,09€","10,90€ / KG",
Sobremesa Láctea com Coco e Ovos 4x100g,DÉLISSE,Emb. 0.4 KG,"2,39€","5,98€ / KG",
Limpa Máquinas da Roupa,XAU,Emb. 0.25 LT,"3,99€","15,96€ / LT",
Sangria Don Simon,DON SIMON,Garrafa 1.5 LT,"1,99€","1,33€ / LT",
Chocolate Mini,TWIX,Emb. 0.17 KG,"2,88€","16,94€ / KG",
Lixívia Tradicional,NEOBLANC,Emb. 1 LT,"0,78€","0,78€ / LT",
Sardinha Congelada,,1 Unid. = 0.25 KG (aprox.),"3,99€/kg","1,00€ / Unid.",
Gaufrettes com Recheio de Morango,P'TIT DÉLI,Emb. 0.11 KG,"0,89€","8,09€ / KG",
"Refrigerante com Gás Ananás Lata 6x0,33L",SUMOL,Emb. 1.98 LT,"4,38€","2,21€ / LT",
Vinho Tinto Bag in Box,ALMA DE PIAS,Emb. 5 LT,"6,79€","1,36€ / LT",
Batatas Fritas Lisas Caseiras,SNR,Emb. 0.4 UNID.,"1,99€","4,98€ / UNID.",
Batatas Julianas Ultracongeladas,PESCANOVA,Emb. 1 KG,"2,79€","2,79€ / KG",
Mamão,,1 Unid. = 1.2 KG (aprox.),"3,99€/kg","4,79€ / Unid.",
Néctar Clássico Pera Rocha 3x20 cl,COMPAL,Emb. 0.6 LT,"1,38€","2,30€ / LT",
"ALIMENT BEBE: SOBREMESA LACTEA SEMOLA, BAUNILHA +6M 4X100G",BIO VILLAGE BEBE,Emb. 0.4 KG,"3,11€","7,78€ / KG",
Batata Noisettes,POM'LISSE,Emb. 1 KG,"1,79€","1,79€ / KG",
Bolachas Cobertas Chocolate Leite,P'TIT DÉLI,Emb. 0.15 KG,"1,20€","8,00€ / KG",
Brioches Recheados com Creme de Pasteleira,EPI D'OR,Emb. 0.3 KG,"1,59€","5,30€ / KG",
Massa Cotovelinhos,ECO+,Emb. 1 KG,"1,84€","1,84€ / KG",
Bloco Sanitário Limão,SONASOL,Emb. 0.05 KG,"1,94€","38,80€ / KG",
Refrigerante C/ Gás S/ Açúcar Pack 6,COCA COLA,Emb. 1.98 LT,"4,30€","2,17€ / LT",
Morcela Preta com Cebola,TRADILÈGE,Emb. 0.375 KG,"2,99€","7,97€ / KG",
Vinho A.O.C. Sauternes 2014,CHANTET BLANET,Garrafa 0.75 LT,"9,99€","13,32€ / LT",
VINHO ALMA DE PIAS BRANCO,ALMA DE PIAS,Emb. 0.075 LT,"1,97€","26,27€ / LT",
Água Tónica,SPRINK'S,Garrafa 1.5 LT,"1,39€","0,93€ / LT",
Gel Banho Termal SPA,MANAVA,Emb. 0.75 LT,"1,69€","2,25€ / LT",
MIRTILOS SELVAGENS,DOUCEUR DU VERGER,Emb. 0.65 KG,"4,99€","7,68€ / KG",
Cesto para Fritadeira 26cm,,1 UNID.,"3,99€","3,99€ / UNID.",
Cebolas,,Emb. 2 KG,"2,18€","1,09€ / KG",
Cerveja com Álcool,SAGRES,Garrafa 1 LT,"1,69€","1,69€ / LT",
ADESIVOS PURIFICANTES X6- PELE NORMAL A MISTA,INELL,Emb. 6 UNID.,"2,75€","0,46€ / UNID.",
Néctar Vital Frutos Vermelhos 3x20 cl,COMPAL,Emb. 0.6 LT,"1,58€","2,63€ / LT",
Body Milk para Duche Nutritivo Pele Seca,NIVEA,Emb. 0.25 LT,"5,48€","21,92€ / LT",
Pão de Forma sem Codea,EPI D'OR,Emb. 0.45 KG,"1,49€","3,31€ / KG",
Hamburger de Carne de Vaca Ultracongelado,,Emb. 10 UNID.,"8,99€","0,90€ / UNID.",
Paprika Frasco,MARGÃO,Emb. 0.04 KG,"1,98€","49,50€ / KG",
Mel de Flores Biológico,,Frasco 0.5 KG,"4,29€","8,58€ / KG",
GLISS ULTIMATE REPAIR CONDICIONADOR,GLISS,Emb. 0.2 LT,"2,24€","11,20€ / LT",
Mini Bolos de Mármore de Chocolate,P'TIT DÉLI,Emb. 0.189 KG  (aprox.),"1,25€","6,61€ / KG",
Barra de Cereais com Pepitas de Chocolate Biológica 6 Unid.,,Emb. 0.126 KG,"1,69€","13,41€ / KG",
"AGUA NAT PET,CARVALHELHOS,50CL",CARVALHELHOS,,"0,26€",/ Unid.,
Snack Fruut Maçã Verde Intenso S/ Açúcar 60g,,Emb. 0.06 KG,"1,48€","24,67€ / KG",
Bolo Floresta Negra,,Emb. 1 KG,"10,99€","10,99€ / KG",
TEMPERO BARBECUE PARA CARNE DE PORCO E SACO P/ ASSAR,RUSTICA,Emb. 0.028 KG,"0,75€","26,79€ / KG",
Molho de Nata Peixe,MIMOSA,Emb. 0.2 LT,"0,98€","4,90€ / LT",
Atum em Azeite,BOM PETISCO,Emb. 0.12 KG,"1,39€","11,58€ / KG",
Folhado de Salsicha,,1 UNID.,"0,99€","0,99€ / UNID.",
PASTEIS DE NATA 6UN,CÔTÉ TABLE,Emb. 6 UNID.,"2,59€","0,43€ / UNID.",
Mortadela,CHARCUTARIA,1 Unid. = 0.2 KG (aprox.),"4,99€/kg","1,00€ / Unid.",
Penso Incontinência Discreet Normal,AUSONIA,Emb. 24 UNID.,"5,18€","0,22€ / UNID.",
Recarga Sabonete Líquido Amêndoa,PALMOLIVE,Emb. 0.5 LT,"3,98€","7,96€ / LT",
Saqueta Multifrutos com Bolacha,HERO BABY,Emb. 0.1 KG,"0,97€","9,70€ / KG",
Bolacha B-ready 6Unid.,NUTELLA,Emb. 0.132 KG,"2,64€","20,00€ / KG",
Sabonetes Solidos Leite e Mel 4 Unid.,PALMOLIVE,Emb. 0.09 KG,"2,57€","28,56€ / KG",
Liégeois Baunilha 8x100g,DÉLISSE,Emb. 0.8 KG,"2,75€","3,44€ / KG",
MORANGOS INTEIROS 650G,DOUCEUR DU VERGER,Emb. 0.65 KG,"2,99€","4,60€ / KG",
Cubos de Pão Tostado Alho e Ervas Especial Saladas,EPI D'OR,Emb. 0.06 KG,"0,59€","9,83€ / KG",
"MISTURA DE LEGUMES (BROCULOS, COUVE FLOR E CENOURA)",NOTRE JARDIN,Emb. 1 KG,"2,89€","2,89€ / KG",
Detergente Liquido para Roupa Lírios e Morango,SKIP,Emb. 52 DOSES,"19,98€","0,38€ / DOSES",
Pão de Forma Oroweat Sementes Sésamo e Linhaça,BIMBO,Emb. 0.68 KG,"2,09€","3,07€ / KG",
Batatas Fritas Onduladas Sabor a Presunto,POM'LISSE,Emb. 0.185 KG,"0,99€","5,35€ / KG",
Balde de Lixo 24L Prateado,,1 UNID.,"9,99€","9,99€ / UNID.",
Bolo Cake e Choc,MILKA,Emb. 0.175 KG,"2,48€","14,17€ / KG",
Bacalhau Graúdo Pacífico,,1 Unid. = 2.35 KG (aprox.),"8,99€/kg","21,13€ / Unid.",
Iogurte Grego Natural 4 Unid.,YAOS,Emb. 0.44 KG,"2,29€","5,20€ / KG",
Maionese com Mostarda de Dijon com Baixo Teor de Gordura,RUSTICA,Emb. 0.45 KG,"1,35€","3,00€ / KG",
Snack Chocolate Leite,LION,Emb. 3 UNID.,"2,18€","0,73€ / UNID.",
Bloco Sanitário power 5 duo pack lime,DOMESTOS,Emb. 0.11 KG,"2,74€","24,91€ / KG",
Caldos Legumes Desidratado Biológico 8x80g,,Emb. 0.08 KG,"1,39€","17,38€ / KG",
CAVALINHA EM ÓLEO VEGETAL,PITEU,Emb. 0.12 KG,"0,96€","8,00€ / KG",
BEBIDA AMENDOA S/ACUCAR,ALPRO,Emb. 1 LT,"2,38€","2,38€ / LT",
Vinho Regional Douro Branco,TONS DUORUM,Garrafa 0.75 LT,"4,98€","6,64€ / LT",
Creme Intensivo Corporal,DOVE,Emb. 0.15 LT,"2,59€","17,27€ / LT",
Cereais de Chocolate,CHOCAPIC,Emb. 0.625 KG,"3,52€","5,63€ / KG",
Massa Linguine,MILANEZA,Emb. 0.5 KG,"1,98€","3,96€ / KG",
Pão Thins 8 Cereais 6 Unidades,BIMBO,Emb. 0.31 KG,"2,28€","7,35€ / KG",
SORVETE MULTIFRUTOS TWIST 5UN,SMICY,Emb. 5 UNID.,"2,24€","0,45€ / UNID.",
Biscoitos com Sal,TOKAPI,0.3 KG,"1,69€","5,63€ / KG",
LENCOS FACIAIS 3F ECO,UNÍ VERT,Emb. 100 UNID.,"1,29€","0,01€ / UNID.",
Mexilhão Médio,,1 KG (aprox.),"2,49€/kg","2,49€ / Unid.",
Leite Creme de Café 4X100G,DÉLISSE,Emb. 0.4 KG,"2,39€","5,98€ / KG",
"CROQUETES CAO MINI ADULTO 1,5KG 1,5KG LYDOG",PLENIMA,Emb. 1.5 KG,"4,49€","2,99€ / KG",
Ervas de Provence,MARGÃO,Emb. 0.018 KG,"0,98€","54,44€ / KG",
"AMBIENTADOR MECHA ""FRUTOS VERMELHOS"" 375ML",BIEN AIR,Emb. 0.375 LT,"1,55€","4,13€ / LT",
Champanhe Bruto,POL CARSON,Garrafa 0.375 LT,"9,89€","26,37€ / LT",
Gel Banho 1/4 Creme Hidratante,MANAVA,Emb. 0.75 LT,"1,79€","2,39€ / LT",
Creme Remodelador Q10 Plus,NIVEA,Emb. 0.3 LT,"11,98€","39,93€ / LT",
DESODORIZANTE SPRAY ATTIRANT MEN 200ML,CARRÉ HOMME,Emb. 0.2 LT,"1,19€","5,95€ / LT",
Pevide de Abóbora C/ Casca C/ Sal,MARQUE REPERE,Emb. 0.2 KG,"1,99€","9,95€ / KG",
Pá de Porco com Osso e Courato,,1 Unid. = 1.1 KG (aprox.),"3,60€/kg","3,96€ / Unid.",
SACOS LIXO C/ ATILHO 130L,ELEMBAL,Emb. 10 UNID.,"2,39€","0,24€ / UNID.",
Tomate Cherry,,Emb. 0.25 KG,"1,19€","4,76€ / KG",
ALHO FRANCÊS RONDELLE,NOTRE JARDIN,Emb. 1 KG,"1,59€","1,59€ / KG",
Snack de Batatas Finas Natural,TOKAPI,Emb. 0.17 KG,"1,95€","11,47€ / KG",
Leite Magro em Pó,DÉLISSE,Emb. 0.3 KG,"2,79€","9,30€ / KG",
HAMBURGUER DE PERU 4UN,CHANTEGRIL,Emb. 0.32 KG,"1,99€","6,22€ / KG",
"CHIPS AHOY! PEPITAS XL 18,184G",CHIPS AHOY,Emb. 0.184 KG,"2,58€","14,02€ / KG",
Pasta Arquivo Lombada Larga Marmoreada,ESQUISSE,Emb. 1 UNID.,"1,69€","1,69€ / UNID.",
Moinho Pimenta Preta,MARGÃO,Emb. 0.035 KG,"3,98€","113,71€ / KG",
Leite Achocolatado Light 6x250ml,UCAL,Emb. 1.5 LT,"5,75€","3,83€ / LT",
Johnson's Baby Óleo de Aloe Vera,JOHNSON'S BABY,Emb. 0.5 LT,"5,58€","11,16€ / LT",
Alho Francês Cortado,,Emb. 0.2 KG,"1,29€","6,45€ / KG",
GELADO BAUNILHA E SORVETE F.VERMELHOS 900ML ESKISS,ESKISS,Emb. 0.9 LT,"3,23€","3,59€ / LT",
Miolo de Noz Metades,MARQUE REPERE,Emb. 0.2 KG,"2,99€","14,95€ / KG",
Iogurte Sólido Proteíco Framboesa Lindahls,NESTLÉ,Emb. 0.15 KG,"1,09€","7,27€ / KG",
Condicionador Nutre Flor de Maracujá e Leite de Arroz,HERBAL ESSENCES,Emb. 0.4 LT,"6,99€","17,48€ / LT",
TOALHITAS MOVEIS PERFUMADAS,CLAIR,Emb. 24 UNID.,"1,19€","0,05€ / UNID.",
Johnson's Gel de Banho Bons Sonhos,JOHNSON'S BABY,Emb. 0.5,"3,89€","7,78€ /",
Café Moagem Universal Colombia,DELTA,Emb. 0.22 KG,"3,68€","16,73€ / KG",
Gomas Feijões,COPAÍNS COPINES,Emb. 0.2 KG,"1,49€","7,45€ / KG",
Lasanha Bolonhesa à Ultracongelada,CÔTÉ TABLE,Emb. 0.6 KG,"2,69€","4,48€ / KG",
Cajú Torrado e Salgado,TOKAPI,Emb. 0.125 KG,"2,55€","20,40€ / KG",
AUSONIA DISCREET BOUTIQUE EXTRA,AUSONIA,Emb. 8 UNID.,"2,99€","0,37€ / UNID.",
Biscoitos com Recheio de Figo Biológico,,Emb. 0.12 KG,"1,99€","16,58€ / KG",
Stiks Sortido 108g,TOUS MES AMIS,Emb. 0.104 KG,"0,59€","5,67€ / KG",
Massa Cotovelos,ECO+,Emb. 0.5 KG,"0,65€","1,30€ / KG",
Creme P/ Barrar 59% M.G. Rico Omega 3,NAT&VIE,Emb. 0.5 KG,"1,99€","3,98€ / KG",
VILEDA SACOS P/CUBO DE GELO 10UN,VILEDA,Emb. 10 UNID.,"1,98€","0,20€ / UNID.",
Syoss Oieo Intense 5-54 Castanho Claro Cendré,SYOSS,,"6,24€",/ Unid.,
Tablete de Chocolate Preto com Raspa de Laranja Biológico,,Emb. 0.1 KG,"1,99€","19,90€ / KG",
Sopa Económica Rabo de Boi,KNORR,Emb. 0.06 KG,"1,09€","18,17€ / KG",
Arroz Estufado,CAÇAROLA,Emb. 1 KG,"1,24€","1,24€ / KG",
Gel De Banho Hidra Essencial,VASELINE,Emb. 0.7 LT,"3,59€","5,13€ / LT",
Paio Serra da Estrela,QUINTA DE JUGAIS,Emb. 0.38 KG,"6,89€","18,13€ / KG",
Azeite Virgem,OLIVEIRA DA SERRA,Garrafa 0.75 LT,"3,58€","4,77€ / LT",
Alimento Seco P/ Gato Adulto Frango e Cereais,PURINA ONE,Emb. 0.8 KG,"6,98€","8,73€ / KG",
Álcool Etilico 96% 250ml,HIDRO,Emb. 0.25 LT,"1,19€","4,76€ / LT",
MINI SPRAY FLORAL RECARGA 15ML,BIEN AIR,Emb. 0.015 LT,"0,90€","60,00€ / LT",
Iced Tea Pessego 6 Unid.,FRESH TEA,Emb. 1.98 LT,"3,39€","1,71€ / LT",
Máscara Alonga e Define Extra Super Lash,RIMMEL,Emb. 1 UNID.,"9,98€","9,98€ / UNID.",
Chantilly,PRÉSIDENT,Emb. 0.25 Kg,"2,59€","10,36€ / Kg",
Maionese com Mostarda de Dijon,,Frasco 0.47 KG,"1,19€","2,53€ / KG",
Champô Cabelo Revitalizante Pelo Frágil,ELVIVE,Emb. 1.2 LT,"5,98€","4,98€ / LT",
CONDICIONADOR ALISANTE,VITANOVE,Emb. 0.2 LT,"1,24€","6,20€ / LT",
Leite Magro em Pó,DÉLISSE,Emb. 0.75 KG,"6,29€","8,39€ / KG",
Gel de Banho Esfoliante Pamperring Clay,PALMOLIVE,Emb. 0.5 LT,"4,94€","9,88€ / LT",
Cereais Cookie'z Chocolate,NACIONAL,Emb. 0.3 KG,"1,69€","5,63€ / KG",
Aperitivo,RICARD,Garrafa 0.7 LT,"13,49€","19,27€ / LT",
Molho de Alho com Ervas,HEINZ,Emb. 0.22 LT,"2,38€","10,82€ / LT",
PAPEL ALUMINIO 20M,ELEMBAL,Emb. 20 M,"1,49€","0,07€ / M",
Refrigerante C/ Gás Cola,JEAN'S,Garrafa 1.5 LT,"1,05€","0,70€ / LT",
Alimento Húmido P/ Gato Diamante Atum C/ Camarões,PURINA,Emb. 0.09 KG,"1,48€","16,44€ / KG",
Queijo Curado Brie,COEUR DE LION,Emb. 0.2 KG,"3,39€","16,95€ / KG",
Feijão Catarino Seco,NOTRE JARDIN,Emb. 0.5 KG,"1,09€","2,18€ / KG",
Sabonete Líquido Naturals Pele Sensível,PALMOLIVE,Emb. 0.3 LT,"3,18€","10,60€ / LT",
Crocante de Frango Recheio Alho e Ervas,IGLO,Emb. 0.204 KG,"4,98€","24,41€ / KG",
Champô Cabelos Pintados,ELVIVE,Emb. 0.25 LT,"3,98€","15,92€ / LT",
Maçã Granny Smith Cal. 75/80,,1 Unid. = 0.17 KG (aprox.),"1,69€/kg","0,29€ / Unid.",
Amaciador Cabelos Color Vive,ELVIVE,Emb. 0.2 LT,"3,98€","19,90€ / LT",
Batatas Fritas Lisas,POM'LISSE,Emb. 0.2 KG,"0,99€","4,95€ / KG",
TIRA NODOAS OXIGENIO ACTIVO EM GEL 750ML,TEXIL,Emb. 0.75 LT,"2,19€","2,92€ / LT",
Salsichas Hot Dog 6 unid.,CÔTÉ TABLE,Emb. 0.25 KG,"1,49€","5,96€ / KG",
LEITE AROMA MORANGO 6X200ML DELISSE,DÉLISSE,Emb. 1.2 LT,"1,59€","1,33€ / LT",
Mel Top Down,NID D'ABEILLE,Emb. 0.5 KG,"3,49€","6,98€ / KG",
Mini Quadrados Chocolate Preto,EQUADOR,Emb. 0.2 KG,"2,79€","13,95€ / KG",
Costeletas de Lombo Porco,,1 Unid. = 0.3 KG (aprox.),"4,79€/kg","1,44€ / Unid.",
Alimento Seco para Cão Frango e Arroz,ECO+,Emb. 4 KG,"6,49€","1,62€ / KG",
MORTADELA FATIADA,CAMPO FINO,Emb. 0.2 KG,"0,99€","4,95€ / KG",
Iogurte Líquido Morango Banana 4x155g,DANONE,Emb. 0.62 KG,"1,39€","2,24€ / KG",
Fralda Cueca T5 12/18KG Eco,MOTS D'ENFANTS,Emb. 20 UNID.,"6,99€","0,35€ / UNID.",
Vinagre Balsâmico de Modena,,Garrafa 0.05 LT,"2,39€","47,80€ / LT",
PATE VACA P/ GATO 100G,ECO+,Emb. 0.1 KG,"0,27€","2,70€ / KG",
Azeite Virgem Extra Bio Frutado,GALLO,Emb. 0.75 LT,"4,99€","6,65€ / LT",
Gomas Amoras,COPAÍNS COPINES,Emb. 0.2 KG,"0,99€","4,95€ / KG",
PAO ESPECIAL TRIGO E CENTEIO INTEGRAL,EPI D'OR,Emb. 0.4 KG,"1,30€","3,25€ / KG",
Vinho do Porto Lágrima Branco,RAMOS PINTO,Garrafa 0.75 LT,"10,18€","13,57€ / LT",
CREME LIMPEZA  750ML,CLAIR,Emb. 0.75 LT,"0,79€","1,05€ / LT",
Creme de Marisco,KNORR,Emb. 0.06 KG,"1,09€","18,17€ / KG",
RIMMEL BL_  BATON LASTING FINISH KATE MOSS 008,,Emb. 1 UNID.,"8,74€","8,74€ / UNID.",
Vodka Branca,NOVOTNA,Garrafa 0.7 LT,"7,99€","11,41€ / LT",
Bolacha Energy Chiqui Chocs,ARTIACH,Emb. 0.14 KG,"2,08€","14,86€ / KG",
Cookies Pepitas de Chocolate Nougat,P'TIT DÉLI,Emb. 0.2 KG,"1,45€","7,25€ / KG",
Presunto sem Osso,,1 Unid. = 1 KG (aprox.),"8,59€/kg","8,59€ / Unid.",
Inhame,,1 Unid. = 0.1 KG (aprox.),"4,99€/kg","0,50€ / Unid.",
FAIRY MAO NATURALS LAVANDA 650ML,,Emb. 0.65 LT,"2,54€","3,91€ / LT",
Whisky,LOGAN,Garrafa 0.7 LT,"21,98€","31,40€ / LT",
Vinho Regional Douro Branco,PLANALTO,Frasco 0.75 LT,"4,98€","6,64€ / LT",
Leite de Coco,TABLES DU MONDE,Emb. 0.2 LT,"1,09€","5,45€ / LT",
Fruta 100% Maçã Pêra +4 meses 4 Unid.,NESTLÉ,Emb. 0.4 KG,"2,19€","5,48€ / KG",
Preparado Canja de Galinha Económica,KNORR,Emb. 0.061 KG,"1,09€","17,87€ / KG",
Café Original Moído,BUONDI,Emb. 0.22 KG,"3,68€","16,73€ / KG",
Vinho Regional Douro Tinto,STRAVAGANZA,Garrafa 0.75 LT,"2,99€","3,99€ / LT",
BEBIDA SOJA CHOCOLATE 3x250ML,ALPRO,Emb. 0.75 LT,"1,79€","2,39€ / LT",
Cookies Sem Gluten,GULLÓN,Emb. 0.2 KG,"2,68€","13,40€ / KG",
"Passador 2,5L",BLANC CERISE,1 UNID.,"1,49€","1,49€ / UNID.",
Café Cápsulas Pure Cevada,DELTA,Emb. 10 CAPS.,"2,47€","0,25€ / CAPS.",
MINI PIZZAS 3 QUEIJOS 9UN,TURINI,Emb. 0.27 KG,"2,39€","8,85€ / KG",
Gelado Vegan de Amêndoas Pack 3,MAGNUM,Emb. 0.216 LT,"4,98€","23,06€ / LT",
Cerveja C/ Álcool 6x25cl,CARLSBERG,Emb. 1.5 LT,"3,59€","2,39€ / LT",
Petit Suisse de Chocolate 6 Unid.,NESTLÉ,Emb. 0.36 KG,"2,59€","7,19€ / KG",
Fraldas Bebé T6 Doucer +16 Kg,MOTS D'ENFANTS,Emb. 58 UNID.,"11,86€","0,20€ / UNID.",
Malagueta Vermelha,,1 Unid. = 0.1 KG  (aprox.),"8,60€/kg","0,86€ / Unid.",
Limpa Móveis Óleo de Cedro,PRONTO,Spray 0.25 LT,"4,78€","19,12€ / LT",
REQUEIJAO NATURAL VACA,QUEIJO NA TÁBUA,Emb. 0.17 KG,"0,95€","5,59€ / KG",
Drageia Mastigável de Mentos Frutas,MENTOS,Emb. 0.12 KG,"1,98€","16,50€ / KG",
Molho Inglês,RUSTICA,Emb. 0.2 LT,"0,90€","4,50€ / LT",
Tomate Chucha,,1 Unid. = 0.2 KG (aprox.),"1,99€/kg","0,40€ / Unid.",
Conjunto 3 Copos Baixos Piana 25cl,ARDENCE,3 UNID.,"1,69€","0,56€ / UNID.",
Compota de Fruta Maçã S/ Adição de Açúcar 4 Unid.,DOUCEUR DU VERGER,Emb. 0.36 KG,"1,89€","5,25€ / KG",
Caldo Natura de Legumes,KNORR,Emb. 0.112 KG,"1,49€","13,30€ / KG",
Pizza com Queijo Mozzarella e Tomate Ultracongelado,BUITONI,Emb. 0.35 KG,"2,99€","8,54€ / KG",
Café Cápsulas Double,DELTA,Emb. 10 CAPS.,"3,29€","0,33€ / CAPS.",
Vinho do Porto Tawny,FERREIRA,Emb. 0.75 LT,"6,28€","8,37€ / LT",
Perna Peru,,1 Unid. = 2.45 KG (aprox.),"2,24€/kg","5,49€ / Unid.",
Massa Laços,MILANEZA,Emb. 0.5 KG,"1,85€","3,70€ / KG",
ARIEL PO FRESH SENSATION,ARIEL,Emb. 75 DOSES,"21,98€","0,29€ / DOSES",
MINI PETIT GATEAU CHOCOLATE 8UN,AUTOUR DU DESSERT,Emb. 0.192 KG,"3,99€","20,78€ / KG",
JOGO 4 TAPETES UNIVERSAL 1UN TECH9,TECH9,Emb. 1 UNID.,"15,29€","15,29€ / UNID.",
Concentrado de Menta,FRUCCI,Garrafa 0.75 LT,"3,99€","5,32€ / LT",
Bife Rabadilha de Novilho,,1 Unid. = 0.25 KG (aprox.),"9,99€/kg","2,50€ / Unid.",
Iogurte Mix-in Smarties 80% Leite 2 Unid.,NESTLÉ,Emb. 0.256 KG,"2,09€","8,16€ / KG",
Champô Nature Moments Água de Coco e Flor de Lotus,,Emb. 0.4 LT,"4,94€","12,35€ / LT",
DENTIFRICO COCO/ALOE VERA BIO,BIONAÏA,Emb. 0.075 LT,"1,99€","26,53€ / LT",
Cerveja com Álcool Mini Saca Fácil 10x20cl,SUPER BOCK,Emb. 2 LT,"4,98€","2,49€ / LT",
Sabonete Liquido Recarga Leite e Mel,PALMOLIVE,Emb. 0.3 LT,"3,18€","10,60€ / LT",
Pêssego Vermelho,,1 Unid. = 0.17 KG (aprox.),"2,49€/kg","0,42€ / Unid.",
Iogurte Bifidus Cremoso Lima/Limão 4 Unid.,DANONE,Emb. 0.48 KG,"1,99€","4,15€ / KG",
Bebida Côco,NAT&VIE,Emb. 1 LT,"1,79€","1,79€ / LT",
Nêspera,,1 Unid. = 0.15 KG (aprox.),"2,99€/kg","0,45€ / Unid.",
Douradinho de Vegetais 10 Unid. Ultracongelados,IGLO,Emb. 0.284 KG,"3,29€","11,58€ / KG",
Ice Tea de Limão 3x20 cl,LIPTON,Emb. 0.6 LT,"1,17€","1,95€ / LT",
Iogurte Bifidus Líquido Framboesa e Romã 4 Unid.,ACTIVIA,Emb. 0.62 KG,"1,89€","3,05€ / KG",
MORTADELA MINI,CAMPO FINO,Emb. 0.35 KG,"2,00€","5,71€ / KG",
Pastilhas 60 Minutos Peppermint,TRIDENT,Emb. 0.02 KG,"0,94€","47,00€ / KG",
Tostas Briochés Nature,EPI D'OR,Emb. 0.125 KG,"1,25€","10,00€ / KG",
Vinho Regional Douro Tinto,BURMESTER,Garrafa 0.75 LT,"5,98€","7,97€ / LT",
Molho Picante,TABASCO,Emb. 0.06 L,"2,94€","49,00€ / L",
Ambientador Vela Frutos Vermelhos da Montanha,AIRWICK,Emb. 0.32 KG,"2,84€","8,88€ / KG",
Bolachas Fibralia 5 Cereais,CUÉTARA,Emb. 0.5 KG,"2,96€","5,92€ / KG",
Laca Cabelos Pintados,ELNETT,Emb. 0.3 LT,"5,98€","19,93€ / LT",
Johnson's Baby Gold Champô,JOHNSON'S BABY,Emb. 0.5 LT,"5,58€","11,16€ / LT",
Snack Chipz Maçã Gengibre FRUUT,,Emb. 0.02 KG,"0,98€","49,00€ / KG",
Luva Limpeza Tamanho S,MAMISON,Emb. 1 UNID.,"0,69€","0,69€ / UNID.",
Lasanha à Bolonhesa,CÔTÉ TABLE,Emb. 0.35 KG,"2,89€","8,26€ / KG",
Salsichas de Toulouse com Lentilhas Verdes,NOS RÉGIONS ONT DU TALENT,Emb. 0.3,"2,59€","8,63€ /",
Iogurte Magro + Gelatina Maracujá 4 Unid.,MIMOSA,Emb. 0.48 KG,"1,69€","3,52€ / KG",
Máscara Repara Azeite de Argão de Marrocos,HERBAL ESSENCES,Emb. 0.25 LT,"3,99€","15,96€ / LT",
Bolachas com Aveia,TRIUNFO,Emb. 0.19 KG,"1,28€","6,74€ / KG",
Durex Gel Intense Orgasmic,DUREX,Emb. 0.01 LT,"10,49€","1 049,00€ / LT",
Vinho Regional Alentejo Tinto,CONVENTO DA VILA,Garrafa 0.75 LT,"2,68€","3,57€ / LT",
Vinho Regional Alentejo Tinto,REAL LAVRADOR,Garrafa 0.75 LT,"2,48€","3,31€ / LT",
Queijo Fresco de Cabra,SANTIAGO,Emb. 0.1 KG,"1,89€","18,90€ / KG",
Dentífrico Max White Cool Mint,COLGATE,Emb. 0.075 LT,"4,98€","66,40€ / LT",
CANUDINHOS,P'TIT DÉLI,Emb. 0.18 KG,"1,79€","9,94€ / KG",
Açúcar Mascavado,SORES,Emb. 0.5 KG,"1,58€","3,16€ / KG",
Queijo de Vaca Curado,COEUR DE LION,Emb. 0.25 KG,"3,69€","14,76€ / KG",
Café Torrado Moído Lote Nyeri Kenya Intensidade 8,SICAL,Emb. 0.22 KG,"3,88€","17,64€ / KG",
Tampões com Aplicador Compak Lites,TAMPAX,Emb. 22 UNID.,"3,98€","0,18€ / UNID.",
Gelado Tyrolia Frutos Vermelhos,ESKISS,Emb. 0.65 LT,"2,78€","4,28€ / LT",
Taboulé com Camarão,MENU FRAÎCHEUR,Emb. 0.3 KG,"1,39€","4,63€ / KG",
Pérolas de Perfume para Roupa,LENOR,Emb. 0.21 KG,"7,69€","36,62€ / KG",
Iogurte Sólido Proteíco Stracciatella Lindahls,NESTLÉ,Emb. 0.15 KG,"1,09€","7,27€ / KG",
Gelado de Caramelo Salgado e Amêndoas Pack 3,MAGNUM,Emb. 0.27 LT,"4,98€","18,44€ / LT",
Chocolate Branco com Coco Torrado,TABLETTE D'OR,Emb. 0.2 KG,"2,19€","10,95€ / KG",
Sumo de Arando Bio,,Emb. 1 LT,"2,59€","2,59€ / LT",
Deosodorizante Spray Invisible Black & White Fresh,NIVEA MEN,Emb. 0.15 L,"2,79€","18,60€ / L",
Vinho Tinto,MONTES ERMOS,Bag in Box 5 LT,"9,98€","2,00€ / LT",
Café Moagem Universal Lote Chávena Moída 2x250g,DELTA,Emb. 0.5 KG,"4,98€","9,96€ / KG",
Amaciador Roupa Concentrado Elixir Lírios,QUANTO,Emb. 52 DOSES,"7,98€","0,15€ / DOSES",
Sabonete Sólido Flor Laranjeira,MANAVA,Emb. 0.1 KG,"0,59€","5,90€ / KG",
Alimento Completo Mistura para Caturras,INTERNUTRI,Emb. 1 KG,"1,63€","1,63€ / KG",
Conserva de Feijão Manteiga,NOTRE JARDIN,Lata 0.425 KG,"0,75€","1,76€ / KG",
Sardinha em Azeite,BOM PETISCO,Emb. 0.12 KG,"1,08€","9,00€ / KG",
Gelado Strawberry Merengue,CARTE D'OR,Emb. 0.9 LT,"3,29€","3,66€ / LT",
Carapau Médio,,1 Unid. = 0.28 KG (aprox.),"3,99€/kg","1,12€ / Unid.",
Creme de Barbear Protector,NIVEA MEN,Emb. 0.1 LT,"2,49€","24,90€ / LT",
Conserva de Azeitona Preta Inteira,RUSTICA,Frasco 0.36 KG,"0,89€","2,47€ / KG",
Cavala Cal. 2/3,,1 Unid. = 0.31 KG (aprox.),"3,98€/kg","1,23€ / Unid.",
Descascador de Inox,BIRAMBEAU,1 UNID.,"1,49€","1,49€ / UNID.",
Queijo Fresco Meio Gordo S/ Lactose 2x62.5gr,PAIVA,Emb. 0.125 KG,"1,25€","10,00€ / KG",
Toalhitas Desmaquilhantes Pele Seca,INELL,Emb. 25 UNID.,"0,75€","0,03€ / UNID.",
Toalhitas de Bolso Bebé,MOTS D'ENFANTS,Emb. 20 UNID.,"0,75€","0,04€ / UNID.",
Cogumelo Marron,,Emb. 0.3 KG,"1,98€","6,60€ / KG",
Soro Fisiológico 60ml,HIDRO,Emb. 0.06 LT,"0,99€","16,50€ / LT",
Cápsulas Café Ristretto Ardenza,DOLCE GUSTO,Emb. 16 CAPS.,"5,98€","0,37€ / CAPS.",
Pipocas Coloridas,TOKAPI,Emb. 0.1 KG,"0,79€","7,90€ / KG",
Mortadela Simples,ELPOZO,1 Unid. = 0.2 KG (aprox.),"5,99€/kg","1,20€ / Unid.",
Forma de Alumínio Savarin Castanha 24cm,ARDENCE,1 UNID.,"4,90€","4,90€ / UNID.",
Iogurte Infantil Morango e Banana 6x50g,DANONINHO,Emb. 0.3 KG,"1,89€","6,30€ / KG",
GEL BARBEAR REVITALIZANTE 200ML,CARRÉ HOMME,Emb. 0.2 LT,"1,49€","7,45€ / LT",
Alimento Húmido Geleia 4x390g,LYCAT,Emb. 4 KG,"3,69€","0,92€ / KG",
Iogurte Líquido S/ Lactose Morango 4 Unid.,YOGGI,Emb. 0.64 KG,"2,19€","3,42€ / KG",
Faca de Cozinha 15cm,,1 UNID.,"4,90€","4,90€ / UNID.",
Dentífrico Infantil 3+ Anos,ORAL B,Emb. 0.75 LT,"2,59€","3,45€ / LT",
Café Moagem Universal Angola,DELTA,Emb. 0.22 KG,"3,68€","16,73€ / KG",
Iogurte Líquido Tutti Frutti 8 Unid.,YOGGI,Emb. 1.28 KG,"3,94€","3,08€ / KG",
Manteiga Pasteurizada com Sal Cuvete,LORETO,Emb. 0.25 KG,"2,34€","9,36€ / KG",
Donuts Americano Cacau 2x74 gr,PANRICO,Emb. 0.148 KG,"1,68€","11,35€ / KG",
Refrigerante com Gás Laranja,FRISUMO,Garrafa 1.5 LT,"0,99€","0,66€ / LT",
Fusil em Polypropylene,,1 UNID.,"8,99€","8,99€ / UNID.",
Ambientador Absorve Odores Marinho 2x150gr,BRISE,Emb. 0.3 KG,"2,99€","9,97€ / KG",
Café Cápsulas Qharater Intensidade 9,DELTA,Emb. 10 CAPS.,"3,39€","0,34€ / CAPS.",
Tablete Chocolate Excellence Dark 85%,LINDT,Emb. 0.1 KG,"2,09€","20,90€ / KG",
Dentífrico Pro-Esmalte Júnior Menta Suave,SENSODYNE,Emb. 0.05 LT,"3,78€","75,60€ / LT",
ESPIRAIS,TURINI,Emb. 1 KG,"1,39€","1,39€ / KG",
MÁQUINA BARBEAR 3 LAMINAS DESCARTAVEL,CARRÉ HOMME,Emb. 8 UNID.,"4,99€","0,62€ / UNID.",
Bolacha Waffer Rollitos,CUÉTARA,Emb. 0.225 KG,"3,68€","16,36€ / KG",
Discos Ultrafinos Super Absorventes,RENOVA,Emb. 50 UNID.,"4,98€","0,10€ / UNID.",
Cereais de Chocolate,NESQUIK,Emb. 0.625 KG,"3,44€","5,50€ / KG",
Vinho Regional Alentejo Branco,MONTE VELHO,Garrafa 0.75 LT,"3,69€","4,92€ / LT",
Líquido Sanitário Desincrustante,NEOBLANC,Emb. 0.7 LT,"2,09€","2,99€ / LT",
ALHEIRA 200GR - ALHEIRA  ANGELINA,ANGELINA,,"1,29€",/ Unid.,
Conserva de Feijão Branco Cozido Da Horta,COMPAL,Emb. 0.42 KG,"0,99€","2,36€ / KG",
Couve Branca,,1 Unid. = 1.28 KG (aprox.),"1,09€/kg","1,40€ / Unid.",
Pão de Forma Familiar,EPI D'OR,Emb. 0.8 KG,"1,29€","1,61€ / KG",
DECAPANTE FORNO COM SODA CAUSTICA,CLAIR,Emb. 0.5 LT,"1,79€","3,58€ / LT",
Tostas Integrais Biológicas,,Emb. 0.3 KG,"1,79€","5,97€ / KG",
Snacks de Batata Sabor a Cebola,TOKAPI,Emb. 0.17 KG,"1,95€","11,47€ / KG",
Desodorizante Roll-On Cobalt Blue,REXONA,Emb. 0.05 LT,"2,39€","47,80€ / LT",
Faca de Pão,PRADEL,1 UNID.,"2,10€","2,10€ / UNID.",
Café Cápsulas Decaffeinato Intensidade 2,PLANTATION,Emb. 10 CAPS.,"2,09€","0,21€ / CAPS.",
Pensos Higiénicos Super Alas,EVAX,Emb. 10 UNID.,"2,98€","0,30€ / UNID.",
Cueca de Banho Tam. S 7/12 Kg,MOTS D'ENFANTS,Emb. 12 UNID.,"4,99€","0,42€ / UNID.",
Tabs All-in-one 50 Limão Doy,SUN,Emb. 0.875 KG,"7,99€","9,13€ / KG",
Aguardente Bagaceira,SÃO DOMINGOS,Garrafa 1 LT,"14,99€","14,99€ / LT",
Miolo de Caju Cru,MARQUE REPERE,Emb. 0.25 KG,"3,55€","14,20€ / KG",
AGUA C/GAS CAMPILHO 4x25CL,,,"1,19€",/ Unid.,
Pantene Espuma Para volume 200ml,PANTENE PV,Emb. 0.2 LT,"3,74€","18,70€ / LT",
FIAMBRE CORRENTE FATIADO,ECO+,Emb. 0.2 KG,"1,29€","6,45€ / KG",
Licor Beirão,BEIRÃO,Garrafa 0.7 LT,"10,99€","15,70€ / LT",
Vinagre Balsâmico de Sidra,GALLO,Emb. 0.25 LT,"1,86€","7,44€ / LT",
Johnson's Gel de Banho Cotton Touch,JOHNSON'S BABY,Emb. 0.5,"3,89€","7,78€ /",
Tostas Crocantes de Trigo,EPI D'OR,Emb. 0.25 KG,"1,19€","4,76€ / KG",
Piri Piri Moído,MARGÃO,Emb. 0.038 KG,"2,48€","65,26€ / KG",
Queijo de Vaca Cabra Ovelha Curado,SALOIO,Emb. 0.19 KG,"3,48€","18,32€ / KG",
Limpeza Móveis Classic Protege,PRONTO,Spray 0.3 LT,"4,78€","15,93€ / LT",
"Iogurte Líquido Magro Manga, Maracujá e Goji 4x155g",CORPOS DANONE,Emb. 0.62 Kg,"1,79€","2,89€ / Kg",
Pargo Ruço Cal. 1/2,,1 Unid. = 1.5 KG (aprox.),"5,99€/kg","8,99€ / Unid.",
Snack Húmido P/ Gato Party Mix Ocean,FELIX,Emb. 0.06 KG,"1,88€","31,33€ / KG",
SPRAY LIMPA JANTES 1 L 1L TECH9,TECH9,Emb. 1 LT,"3,99€","3,99€ / LT",
ALIMENT BEBE: SOBREMESA LACTEA DE FRAMBOESA +6M  4X100G,BIO VILLAGE BEBE,Emb. 0.4 KG,"2,29€","5,73€ / KG",
DETERGENTE MANUAL LOICA ULTRA LIMAO 500ML,VISIOR,Emb. 0.5 LT,"0,89€","1,78€ / LT",
Queijo Camembert,LES CROISÉS,Emb. 0.25 KG,"1,79€","7,16€ / KG",
Batido de Cacau S/ Lactose,CACAOLAT,Emb. 1 LT,"1,54€","1,54€ / LT",
Cápsulas Café Expresso Peru Intensidade 8 Bio,DOLCE GUSTO,Emb. 12 CAPS.,"5,58€","0,47€ / CAPS.",
Tostas com Baixo teor de Sal 36Unid.,EPI D'OR,Emb. 0.3 KG,"1,39€","4,63€ / KG",
Cerveja com Álcool 15x33cl,SUPER BOCK,Emb. 4.95 LT,"9,99€","2,02€ / LT",
Leite Hidratante Apaziguante Aveia,ULTRA SUAVE,Emb. 0.4 LT,"5,98€","14,95€ / LT",
Detergente Manual Loiça Ultra Limão,FAIRY,Emb. 0.48 LT,"1,94€","4,04€ / LT",
Snack Chocolate 4 Unid.,NESQUIK,Emb. 0.104 KG,"1,99€","19,13€ / KG",
Sumo de Laranja S/ Polpa 100%,JAFADEN,Emb. 2 LT,"2,75€","1,38€ / LT",
Massa Filo,TABLIER BLANC,Emb. 0.25 KG,"1,79€","7,16€ / KG",
Sobremesa Creme de Café 4x125g,DÉLISSE,Emb. 0.5 KG,"1,59€","3,18€ / KG",
ESCOVA DE DENTES A PILHAS,DENTAMYL,Emb. 1 UNID.,"5,10€","5,10€ / UNID.",
Queijo Meio Gordo Pequeno,PAIVA,1 Unid. = 0.55 KG  (aprox.),,,
Chocolate de Leite Choco Jelly,MILKA,Emb. 0.25 KG,"3,98€","15,92€ / KG",
Dentífrico Limpeza Refrescante,ORAL B,Emb. 0.075 LT,"1,94€","25,87€ / LT",
Nata Levíssima,PARMALAT,Emb. 0.2 LT,"1,11€","5,55€ / LT",
Refrigerante sem Gás Laranja,TRINA,Garrafa 1.5 LT,"1,94€","1,29€ / LT",
Preparado para Flan com Ovos,TABLIER BLANC,Emb. 0.72 KG,"2,19€","3,04€ / KG",
PAIO LOMBO FATIADO,CAMPO FINO,Emb. 0.15 KG,"1,99€","13,27€ / KG",
Refrigerante com Gás,GUARANÁ BRASIL,Garrafa 1.5 LT,"1,19€","0,79€ / LT",
Recarga para Difusor Elétrico Nuvens de Algodão,AMBIPUR,Emb. 1 UNID.,"4,99€","4,99€ / UNID.",
Sangria Branca,D. SIMON,Garrafa 1.5 LT,"1,99€","1,33€ / LT",
A+ PÓ REGULAR 70DOSIS,A+,,"24,98€",/ Unid.,
Amaciador Cabelos Hidra Caracóis Antifrisado,FRUCTIS,Emb. 0.2 LT,"3,98€","19,90€ / LT",
Alimento Seco P/ Gato C/ Carne de Vaca,PURINA,Emb. 0.8 KG,"5,33€","6,66€ / KG",
Refrigerante C/ Gás Vidro,COCA COLA,Emb. 1 LT,"1,84€","1,84€ / LT",
WC Gel Flores de Primavera,NEOBLANC,Emb. 0.7 LT,"2,09€","2,99€ / LT",
Lombo de Porco Embalado,,1 Unid. = 1.8 KG (aprox.),"3,99€/kg","7,18€ / Unid.",
Johnson's Baby Óleo Regular,JOHNSON'S BABY,Emb. 0.5 LT,"5,58€","11,16€ / LT",
"GELADO ""TYROLIA"" CAPPUCCINO",ESKISS,Emb. 0.65 LT,"2,08€","3,20€ / LT",
Pão Tostado Integral,EPI D'OR,Emb. 0.2 KG,"0,99€","4,95€ / KG",
BRIOCHE FATIADO C/CHOCOLATE,EPI D'OR,Emb. 0.5 KG,"2,79€","5,58€ / KG",
Tostas de 6 Cereais,EPI D'OR,Emb. 0.3 KG,"1,45€","4,83€ / KG",
AMACIADOR ECOLOGICO,UNÍ VERT,Emb. 0.75 LT,"1,99€","2,65€ / LT",
Queijo Le Brie,PRÉSIDENT,Emb. 0.2 KG,"3,78€","18,90€ / KG",
Vinho Regional Alentejano Tinto,GAIAO,Garrafa 0.75 LT,"3,99€","5,32€ / LT",
Nata UHT Culinária,MIMOSA,Emb. 0.2 LT,"0,89€","4,45€ / LT",
Detergente Máquina Roupa Pó Universal,X-TRA,Emb. 80 DOSES,"11,99€","0,15€ / DOSES",
Pudim Baunilha,BOCA DOCE,Emb. 0.022 KG,"0,58€","26,36€ / KG",
Manteiga sem Sal,PRIMOR,Emb. 0.25 KG,"2,23€","8,92€ / KG",
IOGURTE LIQUIDO 3 SABORES 8H FORA FRIGORIFICO,DÉLISSE,Emb. 1.08 KG,"1,99€","1,84€ / KG",
Mini Barras de Chocolate com Recheio de Leite 16Unid.,COPAÍNS COPINES,Emb. 0.2 KG,"1,74€","8,70€ / KG",
Queijo Chaource DOP,NOS RÉGIONS ONT DU TALENT,Emb. 0.25 KG,"3,19€","12,76€ / KG",
Bloco Sanitário Pinho,SONASOL WC,Emb. 2 UNID.,"2,99€","1,50€ / UNID.",
Bolachas Digestivas Aveia,VIEIRA,Emb. 0.258 KG,"2,28€","8,84€ / KG",
Caldo para Bifes 8 Cubos,KNORR,Emb. 0.08 KG,"1,39€","17,38€ / KG",
Garoupa Posta,,1 Unid. = 0.3 KG (aprox.),"16,98€/kg","5,09€ / Unid.",
Recarga para Difusor Elétrico 3 Volution Nuvens de Algodão,AMBIPUR,Emb. 1 UNID.,"5,99€","5,99€ / UNID.",
Prato Sobremesa Branco Opaco 20cm,,1 UNID.,"0,99€","0,99€ / UNID.",
Sumo de Manga 3x200ml,UM BONGO,Emb. 0.6 LT,"1,38€","2,30€ / LT",
TAMPAO NORMAIS,DOULYS,Emb. 24 UNID.,"1,35€","0,06€ / UNID.",
Ovo Kinder Surpresa Chocolate,KINDER,Emb. 0.02 KG,"1,34€","67,00€ / KG",
Vinho Verde Tinto,CRUZEIRO,Garrafa 0.75 LT,"2,08€","2,77€ / LT",
Refrigerante C/ Gás Pack 4,COCA COLA,Emb. 4 LT,"5,20€","1,30€ / LT",
Inseticida Moscas e Mosquitos,RAID,Emb. 0.4 LT,"4,68€","11,70€ / LT",
Cereais de Trigo Integral,FITNESS,Emb. 0.375 KG,"2,69€","7,17€ / KG",
ACUCAR DE CANA CUBOS BIO,,Emb. 0.5 KG,"1,85€","3,70€ / KG",
Iogurte Líquido Morango 4x155g,DANONE,Emb. 0.62 KG,"1,69€","2,73€ / KG",
Iogurte Líquido Danonino Bebedino Morango 4x100g,DANONE,Emb. 0.4 KG,"1,79€","4,48€ / KG",
Azeite Tradicional,SERRATA,Garrafa 0.75 LT,"3,59€","4,79€ / LT",
Café Solúvel Galão em Saquetas,NESCAFÉ,Emb. 8 UNID.,"2,98€","0,37€ / UNID.",
LULAS EM CALDEIRADA,PÊCHE OCÉAN,Emb. 120 KG,"1,29€","0,01€ / KG",
Chantilly Light,,Spray 0.25 KG,"1,45€","5,80€ / KG",
Gelado After Dinner,MAGNUM,Emb. 10 UNID.,"5,48€","0,55€ / UNID.",
BOLACHAS AREADAS CEREAIS C/ BASE CHOC LEITE POCKET,P'TIT DÉLI,Emb. 0.225 KG,"2,19€","9,73€ / KG",
Absorvente P/ Roedores,TOUS MES AMIS,Emb. 0.6 LT,"3,22€","5,37€ / LT",
Brownies de Chocolate de Leite,MILKA,Emb. 0.15 KG,"2,48€","16,53€ / KG",
Sumo 8 Frutos,UM BONGO,Emb. 1 LT,"1,38€","1,38€ / LT",
Penso Incontinência Discreet Extra,AUSONIA,Emb. 10 UNID.,"2,23€","0,22€ / UNID.",
Leite Condensado Magro,NESTLÉ,Lata 0.387 KG,"1,49€","3,85€ / KG",
WAFFERS EXTRA FINAS MORANGO E MORANGO SILVESTRE,P'TIT DÉLI,Emb. 0.16 KG,"1,79€","11,19€ / KG",
Orégãos Folhas,MARGÃO,Emb. 0.01 KG,"1,68€","168,00€ / KG",
Leite Crescimento Júnior 3+,NESTLÉ,Emb. 1 LT,"2,24€","2,24€ / LT",
Conserva de Sardinha em Óleo Vegetal Picante,RAMIREZ,Emb. 0.125 KG,"0,99€","7,92€ / KG",
BEBIDA DE ESPELTA BIO,,Emb. 1 LT,"1,79€","1,79€ / LT",
Acendalhas de Madeira Cubos,SILEX,Emb. 28 UNID.,"0,79€","0,03€ / UNID.",
FIO DENTARIO EM ARCO 50UN,DENTAMYL,Emb. 50 UNID.,"1,49€","0,03€ / UNID.",
Queijo Curado Fatiado S/ Lactose,CASTELÕES,Emb. 0.15 KG,"2,14€","14,27€ / KG",
WC Frescura Contínua,NEO BLANC,Emb. 1 UNID.,"2,24€","2,24€ / UNID.",
Queijo Petit St Nectaire DOP,NOS RÉGIONS ONT DU TALENT,Emb. 0.6 KG,"6,99€","11,65€ / KG",
Amendoins no Forno,MATUTANO,Emb. 0.2 KG,"2,28€","11,40€ / KG",
Detergente Loiça Manual Limão,FAIRY,Emb. 2.38 LT,"6,74€","2,83€ / LT",
Ice Tea Pêssego,LIPTON,Emb. 1 LT,"1,29€","1,29€ / LT",
Paté para Cão de Truta e Salmão,TOUS MES AMIS,Emb. 0.3 KG,"0,79€","2,63€ / KG",
Saladeira Vidro 23cm,,1 P,"1,99€","1,99€ / P",
Ervilhas Ultracongeladas,BONDUELLE,Emb. 0.4 KG,"1,93€","4,83€ / KG",
Massa Tomate e Mozzarella,KNORR,Emb. 0.072 KG,"2,14€","29,72€ / KG",
OIKOS NATURAL ACUCARADO 110x4,OIKOS,Emb. 0.44 KG,"2,39€","5,43€ / KG",
Maçã Fuji Cal. 70/75,,1 Unid. = 0.18 KG (aprox.),"1,59€/kg","0,29€ / Unid.",
Bolachas Tosta Rica Mini Go,CUÉTARA,Emb. 0.24 KG,"2,68€","11,17€ / KG",
Vinagre Sidra Biológico,,Garrafa 0.75 LT,"2,24€","2,99€ / LT",
FIAMBRE PERNA EXTRA FINISSIMO,CAMPO FINO,Emb. 0.15 KG,"1,29€","8,60€ / KG",
CONE NATA CHOCOLATE 6UN,SMICY,Emb. 0.12 LT,"1,79€","14,92€ / LT",
Ervilhas Ultracongelado,IGLO,Emb. 1.125 KG,"5,98€","5,32€ / KG",
