Nome,Marca,Quantidade,Preço Primário,Preço Por Unidade,Promo
Faca de Cozinha 21cm,PRADEL,1 UNID.,"6,99€","6,99€ / UNID.",
QUEIJO FLAMENGO FATIADO,QUEIJO NA TÁBUA,Emb. 0.275 KG,"2,19€","7,96€ / KG",
Óleo Intense 5-10 Castanho Claro,SYOSS,,"6,24€",/ Unid.,
COPPA ITALIANA FATIAS,ST AZAY,,"2,59€",/ Unid.,
PIMENTO VERM./VERDE,NOTRE JARDIN,Emb. 0.6 KG,"1,19€","1,98€ / KG",
Esfregão Glitzi Power Inox,VILEDA,Emb. 2 UNID.,"2,58€","1,29€ / UNID.",
Creme Flamengo,PRÉSIDENT,Emb. 0.125 KG,"2,44€","19,52€ / KG",
Galinha Inteira,,1 Unid. = 1.2 KG (aprox.),"1,99€/kg","2,39€ / Unid.",
COUVE FLOR,RUSTICA,Emb. 0.36 KG,"1,04€","2,89€ / KG",
PIMENTAO DOCE SAQUETA,RUSTICA,Emb. 0.1 KG,"1,00€","10,00€ / KG",
Vinho Frutado Tinto,SALVE,Garrafa 0.75 LT,"1,29€","1,72€ / LT",
Compota de Maçã Morango Biológica 4x100g,,Emb. 0.4 KG,"1,99€","4,98€ / KG",
MULTIPACK CALIPPO SUPERMIX 5X105ML,CALIPPO,Emb. 5 UNID.,"3,98€","0,80€ / UNID.",
CAFE INTENSO 48 PASTILHAS,ECO+,Emb. 0.336 KG,"3,49€","10,39€ / KG",
COLORACAO CASTANHO 4.45 S/AMONIACO 1UN VITANOVE,VITANOVE,Emb. 1 UNID.,"4,07€","4,07€ / UNID.",
Perna de Pau Original 6 Unid.,OLÁ,Emb. 0.3 KG,"2,49€","8,30€ / KG",
Ervilhas Ultracongelado,PESCANOVA,Emb. 1 KG,"1,99€","1,99€ / KG",
BOLACHAS DIGESTIVE DIGESTIVE NATURE GULLON 400G,GULLÓN,Emb. 0.4 KG,"2,78€","6,95€ / KG",
Café Solúvel Alta Rica Intenso,NESCAFÉ,Emb. 0.1 KG,"6,38€","63,80€ / KG",
GUYLIAN CHOCOLATE LEITE 100g,,,"2,68€",/ Unid.,
Aerossol Air Japan Tatami,AMBIPUR,Emb. 0.3 LT,"3,98€","13,27€ / LT",
Prato 27cm Cinzento,SCANDINAVE,1 UNID.,"2,99€","2,99€ / UNID.",
BOLACHAS C/TABLETE CHOCO PRETO,ECO+,Emb. 0.15 KG,"1,28€","8,53€ / KG",
Iogurte Líquido Lima Limão 4x155g,DANONE,Emb. 0.62 KG,"1,69€","2,73€ / KG",
QUEIJO BRILLAT SAVARIN,NOS RÉGIONS ONT DU TALENT,Emb. 0.2 KG,"2,99€","14,95€ / KG",
Chipicao Mini Croissant Baunilha,CHIPICAO,Emb. 0.08 KG,"1,14€","14,25€ / KG",
Medidor Vidro 50cl,ARDENCE,1 UNID.,"2,50€","2,50€ / UNID.",
Rum Spice Gold,CAPTAIN MORGAN,Garrafa 0.7 LT,"14,98€","21,40€ / LT",
Creme Smooth Milk Pele Seca,NIVEA,Emb. 0.25 LT,"4,98€","19,92€ / LT",
Toalhitas para Bebé Natural Care,HUGGIES,Emb. 56 UNID.,"1,29€","0,02€ / UNID.",
Amaciador Concentrado Aromaterapia Dourado,VERNEL,Emb. 57 DOSES,"3,29€","0,06€ / DOSES",
Vinho Regional Península de Setúbal Tinto,JOSE MARIA FONSECA,Garrafa 0.75,"2,98€","3,97€ /",
Toalhitas Anti-Transferência de cor,VANISH,Emb. 1 UNID.,"6,49€","6,49€ / UNID.",
Vinagre Vinho Tinto,GALLO,Garrafa 0.25 LT,"1,09€","4,36€ / LT",
Pensos Higiénicos Cottonlike Normal Alas,EVAX,Emb. 1 P,"2,58€","2,58€ / P",
Balde de Lixo 44L Prateado,,1 UNID.,"16,99€","16,99€ / UNID.",
Queijo Tartiflette,LES CROISÉS,Emb. 0.5 KG,"4,71€","9,42€ / KG",
Pantene Purifica & Reconstrói Máscara 160 ml,,Emb. 0.16 LT,"5,98€","37,38€ / LT",
Vinho Regional Alentejano Tinto,GALITOS,Garrafa 0.75 LT,"1,89€","2,52€ / LT",
Vinho Branco Adamado,FAISÃO,Garrafa 1 LT,"2,18€","2,18€ / LT",
Snack Batata Frita Sabor Bacon,TOKAPI,Emb. 0.17 KG,"2,05€","12,06€ / KG",
GEL LIMPEZA PURIFICANTE P/ ROSTO,INELL,Emb. 0.15 LT,"1,56€","10,40€ / LT",
Champanhe Bruto,POL CARSON,Garrafa 0.375 LT,"10,38€","27,68€ / LT",
PILHAS ALC.LR6X4 CLARTECH,FOXTER,Emb. 4 UNID.,"1,27€","0,32€ / UNID.",
LULAS CALDEIRADA  120 Gr. P.liq.  Ramirez,RAMIREZ,,"1,49€",/ Unid.,
Leite Condensado,NESTLÉ,Lata 0.37 KG,"1,49€","4,03€ / KG",
Cuecas Incontinência Boutique M,AUSONIA,Emb. 9 UNID.,"8,99€","1,00€ / UNID.",
Fruta 100% 7 Frutos 4 Unid.,NESTLÉ,Emb. 0.4 KG,"2,82€","7,05€ / KG",
Iogurte Líquido Tutti Frutti 4x155g,DANONE,Emb. 0.62 KG,"1,39€","2,24€ / KG",
Chá de Ervas Digestão Fácil,LIPTON,Emb. 20 SAQ.,"1,94€","0,10€ / SAQ.",
Gliss Reparação Total Condicionador Express em Spray,GLISS,Emb. 0.2 LT,"3,24€","16,20€ / LT",
BACALHAU P/ CALDEIRADA,PÊCHE OCÉAN,Emb. 0.8,"3,99€","4,99€ /",
Água Tónica Mist,NORDIC,Lata 0.25 LT,"0,74€","2,96€ / LT",
Atum em Posta,BOM PETISCO,Emb. 0.385 KG,"5,48€","14,23€ / KG",
Espumante Reserva Meio Seco,MURGANHEIRA,Garrafa 0.75 LT,"11,78€","15,71€ / LT",
Miolo Camarão Grande Cozido 40/60 Ultracongelado,PESCANOVA,Emb. 0.2 KG,"8,98€","44,90€ / KG",
Vinho Rosé,FAISÃO,Emb. 1 LT,"2,18€","2,18€ / LT",
"SMICY TUB - SORTIDO GELADOS DE AGUA SABOR LIMAO, LARANJA, MORANGO E COLA",SMICY,Emb. 8 UNID.,"3,39€","0,42€ / UNID.",
Creme Hidratante com Água Floral de Rosa,GARNIER,Emb. 0.05 LT,"5,98€","119,60€ / LT",
Descascador Éplucheur,ARDENCE,1 UNID.,"2,49€","2,49€ / UNID.",
Couscous sem Glúten,CHAQUE JOUR,Emb. 0.375 KG,"3,68€","9,81€ / KG",
Bolachas Integrais de Goji,DIESE,Emb. 0.2 KG,"2,38€","11,90€ / KG",
QUICHE LORRAINE 8UN,CÔTÉ TABLE,Emb. 0.8 KG,"4,89€","6,11€ / KG",
Pensos Higiénicos Respirare Normal,CAREFREE,Emb. 44 UNID.,"2,78€","0,06€ / UNID.",
Medalhões Pescada,PÊCHE OCÉAN,Emb. 0.4 KG,"3,29€","8,23€ / KG",
Miolo de Caju C/ Sal,MARQUE REPERE,Emb. 0.15 KG,"3,29€","21,93€ / KG",
Barras de Cereais 6 Unid.,FITNESS,Emb. 0.141 KG,"2,33€","16,52€ / KG",
TIRA NODOAS EM PO MULTIUSOS ECOLOGICO,UNÍ VERT,Emb. 0.5 KG,"3,14€","6,28€ / KG",
Pêssego em Calda,ECO+,Emb. 0.85 KG,"1,80€","2,12€ / KG",
Sumo de Laranja e Maracujá,JOI,Garrafa 1.5 LT,"1,89€","1,26€ / LT",
Galetes de 4 Cereais Biológicas,,Emb. 0.13 KG,"1,14€","8,77€ / KG",
Pensos Higiénicos Normal sem Alas,EVAX,Emb. 12 UNID.,"2,98€","0,25€ / UNID.",
Vinho Regional Península de Setúbal Tinto,FONTANARIO,Garrafa 0.75 LT,"2,73€","3,64€ / LT",
Sabonete Liquido Recarga Leite e Mel,PALMOLIVE,Emb. 0.3 LT,"2,24€","7,47€ / LT",
Batatas Fritas no Forno,LAY'S,Emb. 0.15 KG,"2,18€","14,53€ / KG",
Iogurte Aroma Morango/Banana 8x125g,CLESA,Emb. 1 KG,"1,49€","1,49€ / KG",
Taboulé C/ Frango Assado,MENU FRAÎCHEUR,Emb. 0.3 KG,"1,59€","5,30€ / KG",
Torta de Morango,P'TIT DÉLI,Emb. 0.3 KG,"1,29€","4,30€ / KG",
Alimento Seco para Gato Carne e Cereais,ECO+,Emb. 2 KG,"3,59€","1,80€ / KG",
Perna para Assar de Porco,,1 Unid. = 1 KG (aprox.),"4,19€/kg","4,19€ / Unid.",
Vinho Regional Douro Tinto Reserva,ADEGA DE VILA REAL,Garrafa 0.75 LT,"3,14€","4,19€ / LT",
SPRAY LIMPA VIDROS 1 L 1L TECH9,TECH9,Emb. 1 LT,"2,99€","2,99€ / LT",
Macedonia de 4 Legumes,,Emb. 0.4 KG,"0,60€","1,50€ / KG",
Sacos do Lixo 50 Litros,ELEMBAL,Emb. 15 UNID.,"2,19€","0,15€ / UNID.",
Barras Hero Muesly De Cereais Chocolate Negro 6x23g,HERO,Emb. 0.138,"1,79€","12,97€ /",
Vinho Regional Lisboa Branco Leve,MUNDUS,Garrafa 0.75 LT,"1,98€","2,64€ / LT",
Refrigerante Mini C/ Gás Pack 12,COCA COLA,Emb. 1.8 LT,"6,23€","3,46€ / LT",
Xarope de Limão,FRUCCI,Garrafa 0.75 LT,"4,43€","5,91€ / LT",
Macarrão,TURINI,Emb. 0.5 KG,"0,93€","1,86€ / KG",
Inseticida Aerossol Casa e Plantas,DUM DUM,Spray 0.4 LT,"4,49€","11,23€ / LT",
"SALSICHAO SECO ""LABEL ROUGE""",ST AZAY,Emb. 0.25 KG,"4,39€","17,56€ / KG",
Iogurte Aroma Morango 4x125g,CLESA,Emb. 0.5 KG,"0,84€","1,68€ / KG",
Penne Rigate Biológico,,Emb. 0.5 KG,"1,03€","2,06€ / KG",
Feijão Verde,,1 Unid. = 0.55 KG (aprox.),"4,98€/kg","2,74€ / Unid.",
Chocolate de Leite Triplo Caramelo,MILKA,Emb. 0.09 KG,"1,58€","17,56€ / KG",
Sumo Multifrutos 6 Unid.,JAFADEN,Emb. 1200 LT,"2,09€","0,00€ / LT",
SORTIDO APERITIVOS TUFADOS,TOKAPI,Emb. 0.1 KG,"1,39€","13,90€ / KG",
SARDINHA AZEITE  125 Gr. P.liq.  Ramirez,RAMIREZ,,"1,04€",/ Unid.,
PALMIERS COM RASPA LIMAO,P'TIT DÉLI,Emb. 0.1 KG,"0,95€","9,50€ / KG",
Crocantes de Frango Original Ultracongelado,IGLO,Emb. 0.18 KG,"3,98€","22,11€ / KG",
Refrigerante com Gás Laranja,SUMOL,Lata 0.33 LT,"0,78€","2,36€ / LT",
Iogurte Natural 8x120g,DANONE,Emb. 0.96 KG,"2,58€","2,69€ / KG",
Johnson's Baby Spray para Cabelo Penteia,JOHNSON'S BABY,Emb. 0.2 LT,"4,38€","21,90€ / LT",
DESODORIZANTE SPRAY ATTIRANT MEN 200ML,CARRÉ HOMME,Emb. 0.2 LT,"1,30€","6,50€ / LT",
Iogurte Líquido de Manga e Papaia 4 Unid.,ACTIVIA,Emb. 0.62 KG,"1,99€","3,21€ / KG",
Alimento Seco P/ Gato Coelho e Frango,PURINA FRISKIES,Emb. 4 KG,"9,59€","2,40€ / KG",
Pantene Purifica & Reconstrói Condicionador 160 ml,,Emb. 0.16 LT,"4,98€","31,13€ / LT",
Lixívia Tradicional 4 L,NEOBLANC,Emb. 4 LT,"2,84€","0,71€ / LT",
Xau Limpa Máquinas Limão 250ml,XAU,Emb. 0.25 LT,"3,99€","15,96€ / LT",
Tablete de Chocolate Leite,NESTLÉ,Emb. 0.125 KG,"1,24€","9,92€ / KG",
Vinho Regional Douro Tinto,QUINTA DA PACHECA,Garrafa 0.75 LT,"4,99€","6,65€ / LT",
Vinho Tinto Regional Alentejano,COMP DO VINHO,Emb. 3 LT,"6,49€","2,16€ / LT",
Conserva Cogumelos Laminados,NOTRE JARDIN,Lata 0.185 KG,"0,65€","3,51€ / KG",
Couve Brócolo,,1 Unid. = 0.27 KG (aprox.),"3,98€/kg","1,07€ / Unid.",
Preparado para Pão Multicereais Biológico,,Emb. 1 KG,"2,89€","2,89€ / KG",
Iogurtes sem Pedaços Frutos Amarelos 8x125g,DÉLISSE,Emb. 1 KG,"2,19€","2,19€ / KG",
Vinho Regional Dão Tinto,GRÃO VASCO,Garrafa 0.75 LT,"2,99€","3,99€ / LT",
Pão de Forma,EPI D'OR,Emb. 0.5 KG,"0,79€","1,58€ / KG",
Alimento Seco para Gato Júnior com Frango,WHISKAS,Emb. 0.95 KG,"5,98€","6,29€ / KG",
Sabonete Líquido Flor Laranjeira,MANAVA,Emb. 0.3 LT,"1,14€","3,80€ / LT",
IOG.BRAS.C/POL.FRU.DELISSE.X16,DÉLISSE,Emb. 2 KG,"3,49€","1,75€ / KG",
Arroz Carolino,SALUDÃES,Emb. 1 KG,"1,13€","1,13€ / KG",
BACON EXTRA FATIADO,CAMPO FINO,Emb. 0.15 KG,"1,34€","8,93€ / KG",
"Compal veggie cenoura, maça 1L",COMPAL,1 LT,"1,29€","1,29€ / LT",
Pão Embalado Hot Dog 6 Unid.,PANRICO,Emb. 0.33 KG,"1,78€","5,39€ / KG",
DETERGENTE MANUAL LOICA CONCENTRADO LIMA E UVA BRANCA,VISIOR,Emb. 0.5 LT,"1,39€","2,78€ / LT",
Bolo de Bolacha,,Emb. 0.5 KG,"6,28€","12,56€ / KG",
Snack Batata Frita Sabor Queijo,TOKAPI,Emb. 0.17 KG,"2,05€","12,06€ / KG",
Caldo de Carne,KNORR,Emb. 24 CUBOS,"2,39€","0,10€ / CUBOS",
Bife de Peito de Peru,,1 Unid. = 0.15 KG (aprox.),"5,89€/kg","0,88€ / Unid.",
Néctar Tutti Frutti,JAFADEN,Emb. 1 LT,"0,98€","0,98€ / LT",
QUEIJO FRESCO DE CABRA BIO,,Emb. 0.18 KG,"4,19€","23,28€ / KG",
"BEBIDA COCO ARROZ,ALPRO,250ML",ALPRO,Emb. 0.25 LT,"0,98€","3,92€ / LT",
"ARROZ MUNDO ORIENTE BASMATI , 1kg",ORIENTE,,"3,28€",/ Unid.,
Farinha,MAIZENA,Emb. 0.4 KG,"2,28€","5,70€ / KG",
Paté Rico Frango e Legumes Bio,PLENIMA,Emb. 0.3 KG,"1,39€","4,63€ / KG",
Detergente para a Máquina da Loiça Extra Power,SUN,Emb. 76 PASTILHAS,"9,99€","0,13€ / PASTILHAS",
Água S/ Gás Mineral Natural,,Garrafão 6 LT,"0,86€","0,14€ / LT",
GELADO BAUNILHA E SORVETE F.VERMELHOS 900ML ESKISS,ESKISS,Emb. 0.9 LT,"2,49€","2,77€ / LT",
Preparado Sopa de Espinafre,,Emb. 0.6 KG,"1,89€","3,15€ / KG",
Alho em Pó,MARGÃO,Emb. 0.055 KG,"3,18€","57,82€ / KG",
Molho César para Salada,HELLMANN'S,Emb. 0.21 LT,"2,58€","12,29€ / LT",
Manteiga Pasteurizada com Sal Cuvete,LORETO,Emb. 0.25 KG,"2,13€","8,52€ / KG",
POSTA DE PESCADA Nº3 COZER,PÊCHE OCÉAN,Emb. 0.6 KG,"4,49€","7,48€ / KG",
WC Explosão Cítrica,NEO BLANC,Emb. 1 UNID.,"2,98€","2,98€ / UNID.",
MINI SPRAY BRISA MARINHA RECARGA 15ML,BIEN AIR,Emb. 0.015 LT,"1,04€","69,33€ / LT",
Conserva Cogumelos Inteiros,NOTRE JARDIN,Emb. 0.355 KG,"1,19€","3,35€ / KG",
Cera Fixadora,AXE,Emb. 0.075 LT,"3,99€","53,20€ / LT",
Conjunto Corretores de Fita,ESQUISSE,Emb. 2 UNID.,"2,09€","1,05€ / UNID.",
Parte Dianteira de Borrego,,1 Unid. = 3 KG (aprox.),"6,98€/kg","20,94€ / Unid.",
Saqueta Bombons Jacquot Creme 100g,JACQUOT,Emb. 0.1 KG,"1,48€","14,80€ / KG",
Whisky Red Label,J. WALKER,Emb. 0.7 LT,"17,48€","24,97€ / LT",
Compota de Maçã morango 4x90g,DOUCEUR DU VERGER,Emb. 0.36 KG,"1,99€","5,53€ / KG",
Espinafre Baby,,Emb. 0.17 KG,"1,49€","8,76€ / KG",
Creme de Chocolate Preto 4x125g,DÉLISSE,Emb. 0.5 KG,"1,49€","2,98€ / KG",
Bolachas Cookies XL Pedaços de Choco,MILKA,Emb. 0.184 KG,"2,58€","14,02€ / KG",
Molho de Tomate à Provençal,,Emb. 0.35 KG,"1,99€","5,69€ / KG",
Pão De Forma Rústico 0% Açúcar,PANRICO,Emb. 0.375 KG,"2,08€","5,55€ / KG",
Champô Cabelo Secos Garnier Maravilhoso,ULTRA SUAVE,Emb. 0.25 LT,"3,98€","15,92€ / LT",
Refrigerante S/ Gás Maracuja,ECO+,Garrafa 2 LT,"0,79€","0,40€ / LT",
OVOS AR LIVRE CLASSE M,OVOS DA ALDEIA,Emb. 6 UNID.,"1,39€","0,23€ / UNID.",
Biscoitos de Canela,,Emb. 0.3 KG,"2,29€","7,63€ / KG",
Snack P/ Cão Sticks C/ Aroma a Veado,PURINA,Emb. 0.09 KG,"1,49€","16,56€ / KG",
Azeite Virgem,RUSTICA,Garrafão 3 LT,"13,32€","4,44€ / LT",
Verniz de Unhas 60 Segundos 203,RIMMEL,Emb. 1 UNID.,"3,95€","3,95€ / UNID.",
Brioche Fatiado Clássico,,Emb. 0.5 KG,"1,49€","2,98€ / KG",
Queijo de Barrar com Leite Pasteurizado,LES CROISÉS,Emb. 0.15 KG,"0,89€","5,93€ / KG",
Sumo Laranja S/ Adição Açúcar 6 Unid.,JAFADEN,Emb. 1.2 ML,"1,94€","1,62€ / ML",
Azeite Extra Virgem 500 ml Origens Bio,,,"6,71€",/ Unid.,
CREPES QUEIJO 6UN,CÔTÉ TABLE,Emb. 6 UNID.,"1,39€","0,23€ / UNID.",
Refrigerante sem Gás Laranja,FRUTIS,Garrafa 1.5 LT,"1,15€","0,77€ / LT",
Batatas Pré-Fritas em Cubos,POM'LISSE,Emb. 1 KG,"1,59€","1,59€ / KG",
Bolachas de Manteiga,TRIUNFO,Emb. 0.168 KG,"1,78€","10,60€ / KG",
Champô Volume Toranja Branca e Menta,HERBAL ESSENCES,Emb. 0.4 LT,"3,99€","9,98€ / LT",
Pensos Higiénicos Normal Plus Alas,EVAX,Emb. 14 UNID.,"2,58€","0,18€ / UNID.",
Sal Marinho Iodado,VATEL,Emb. 1 KG,"0,98€","0,98€ / KG",
Massa Cotovelinhos Chifferini,MILANEZA,Emb. 0.5 KG,"1,48€","2,96€ / KG",
OIKOS CARAMELO 110G X4,OIKOS,Emb. 0.44 KG,"2,39€","5,43€ / KG",
MIOLO DE CAMARAO 80/120,PÊCHE OCÉAN,Emb. 0.25 KG,"3,49€","13,96€ / KG",
Bebida Energética Ice Storm,POWERADE,Emb. 0.5 LT,"1,28€","2,56€ / LT",
COOKIES C/ MEGA PEPITAS DE CHOCOLATE E AVELAS,P'TIT DÉLI,Emb. 0.184 KG,"1,39€","7,55€ / KG",
Snack P/ Cão Médio/Grande +10kg,FRISKIES,Emb. 7 UNID.,"2,19€","0,31€ / UNID.",
ABRASIVO SANITARIO MENTA/EUCALIPTO ECO 750ML,UNÍ VERT,Emb. 0.75 LT,"1,25€","1,67€ / LT",
Açúcar Branco Cubos,TÉVA,Emb. 1 KG,"1,67€","1,67€ / KG",
Bolachas Choco Minis,MILKA,Emb. 0.185 KG,"2,28€","12,32€ / KG",
Ananás Rodelas Em Calda,GLOBO,Emb. 0.565 KG,"1,97€","3,49€ / KG",
Bolachas Maria,CUÉTARA,Emb. 0.8 KG,"2,58€","3,23€ / KG",
Bolachas Uva,NAT&VIE,Emb. 0.2 KG,"1,66€","8,30€ / KG",
BLOCO SANITARIO ACTIV EFFECT LAVANDA 3UN,SYPHON,Emb. 3 UNID.,"1,35€","0,45€ / UNID.",
Bolachas Cobertas Chocolate,P'TIT DÉLI,Emb. 0.25 KG,"2,46€","9,84€ / KG",
Papel Higiénico 3 Folhas Acolchoado,SCOTTEX,Emb. 9 ROLOS,"5,98€","0,66€ / ROLOS",
ChuChu,,1 Unid. = 0.29 KG (aprox.),"2,79€/kg","0,81€ / Unid.",
Toalhitas Sensitive Recarga,DODOT,Emb. 216 UNID.,"7,38€","0,03€ / UNID.",
Água Tónica,SCHWEPPES,Lata 0.25 LT,"0,84€","3,36€ / LT",
Alimento Seco P/ Cão Adulto + de 10 Kg Frango C/ Arroz,PURINA,Emb. 2.5 KG,"13,28€","5,31€ / KG",
SORVETE LIMAO,TROFIC,Emb. 1 LT,"2,89€","2,89€ / LT",
Sumo Refrigerado Florida,SUNNY DELIGHT,Garrafa 0.31 LT,"0,78€","2,52€ / LT",
Fatias Finas Peito de Frango,NOBRE,Emb. 0.11 KG,"2,68€","24,36€ / KG",
Heinz Ketchup Squeezable,HEINZ,Emb. 0.342 KG,"2,78€","8,13€ / KG",
Bloco Sanitário Floral,SONASOL WC,Emb. 0.05 KG,"1,94€","38,80€ / KG",
Faca de Cozinha,PRADEL,1 UNID.,"5,99€","5,99€ / UNID.",
Café Solúvel de Cereais e Fibra,BOLERO,Emb. 0.2 KG,"2,88€","14,40€ / KG",
Sardinha em Óleo Vegetal,BOM PETISCO,Emb. 0.12 KG,"0,99€","8,25€ / KG",
Néctar Light Laranja e Manga,JAFADEN,Emb. 1 LT,"1,04€","1,04€ / LT",
Strogonoff de Novilho,,1 Unid. = 0.38 KG (aprox.),"10,98€/kg","4,17€ / Unid.",
CERVEJA HEINEKEN 0.0% LATA 33CL,,Emb. 0.033 LT,"0,84€","25,45€ / LT",
Feijão Branco Seco,NOTRE JARDIN,Emb. 1 KG,"2,09€","2,09€ / KG",
Pão Tostado Integral,EPI D'OR,Emb. 0.2 KG,"1,00€","5,00€ / KG",
CREME PENTEAR CABELOS CARACOIS 200ML,VITANOVE,Emb. 0.2 LT,"2,29€","11,45€ / LT",
Alimento Seco P/ Gato Coelho Frango,PURINA FRISKIES,Emb. 2 KG,"5,69€","2,85€ / KG",
Tomate Coração de Boi,,1 Unid. = 0.2 KG (aprox.),"3,98€/kg","0,80€ / Unid.",
Recarga Ambientador Freshmatic Pure Oasis e Lavanda,AIRWICK,Emb. 3 UNID.,"17,78€","5,93€ / UNID.",
Pão de Forma Integral,EPI D'OR,Emb. 0.5 KG,"0,95€","1,90€ / KG",
Bolachas Maria 74% de Cereais,TRIUNFO,Emb. 0.2 KG,"0,98€","4,90€ / KG",
Batata Doce,,1 Unid. = 0.29 KG (aprox.),"1,97€/kg","0,57€ / Unid.",
Queijo Raclette,,1 Unid. = 0.25 KG (aprox.),"10,90€/kg","2,73€ / Unid.",
Vinho de Mesa Rosé,ECO+,Emb. 2 LT,"2,69€","1,35€ / LT",
CONE NATA MORANGO 6UN,SMICY,Emb. 0.12 LT,"2,89€","24,08€ / LT",
Snack Periquito Mel e Sésamo,VITAKRAFT,Emb. 0.12 KG,"1,49€","12,42€ / KG",
Rolo de Carne de Porco Picada,,1 Unid. = 0.4 KG (aprox.),"6,49€/kg","2,60€ / Unid.",
Balde de Lixo 30L,,1 UNID.,"8,90€","8,90€ / UNID.",
Frango Inteiro com Miúdos Saco de 2 Unidades,,1 Unid. = 1 KG  (aprox.),"1,68€/kg","1,68€ / Unid.",
Néctar Vital Equilíbrio Frutos Vermelhos,COMPAL,Emb. 0.33 LT,"0,78€","2,36€ / LT",
Conserva de Feijão Preto,NOTRE JARDIN,Lata 0.85 KG,"1,04€","1,22€ / KG",
Luvas Colors M/L,VILEDA,Emb. 50 LT,"9,98€","0,20€ / LT",
Alimento Seco P/ Gato Vital Coelho e Frango,PURINA FRISKIES,Emb. 0.4 KG,"2,08€","5,20€ / KG",
Detergente Manual Loiça Limão,SUPER POP,Emb. 0.7 LT,"1,84€","2,63€ / LT",
IOGURTE C/ CAMADA MIRTILO OVELHA BIO,,Emb. 0.25 KG,"1,84€","7,36€ / KG",
Marcadores de Colorir Laváveis Ponta Média,ESQUISSE,,"2,19€",/ Unid.,
Conserva de Salsichas 7 Unid. Extra Suculentas,NOBRE,Frasco 0.35 KG,"1,68€","4,80€ / KG",
Sopa de Espargos,KNORR,Emb. 0.07 KG,"1,49€","21,29€ / KG",
Solha,,1 Unid. = 0.3 KG (aprox.),"12,91€/kg","3,87€ / Unid.",
Arroz Agulha,LOURO,Emb. 1 KG,"1,38€","1,38€ / KG",
Doce de Laranja Biológico,,Emb. 0.375 KG,"2,15€","5,73€ / KG",
Salsichão Fuet Caseiro,EL POZO,Emb. 0.15 KG,"2,69€","17,93€ / KG",
Spray Mousse Harmonias Florais,NEOBLANC,Spray 0.7 LT,"2,59€","3,70€ / LT",
Cassoulet C/ Salsichas de Toulouse,CÔTÉ TABLE,Emb. 0.84 KG,"3,14€","3,74€ / KG",
Iogurte Bifidus Activia Cremoso Frutos Silvestres 4 Unid.,DANONE,Emb. 0.48 KG,"1,99€","4,15€ / KG",
Escova de Dentes Max White,COLGATE,Emb. 1 UNID.,"2,84€","2,84€ / UNID.",
Vinagre de Vinho Branco,ECO+,Garrafa 1 LT,"0,65€","0,65€ / LT",
"Bolachas Digestivas Finas de Aveia, Pedaços de Chocolate e Arandos",THINS,Emb. 0.27 KG,"1,99€","7,37€ / KG",
"ATUM COM GRAO,RAMIREZ,120G",RAMIREZ,,"1,48€",/ Unid.,
Bicarbonato de Sódio,MARGÃO,Emb. 0.08 KG,"0,98€","12,25€ / KG",
Cerveja C/ Álcool 24x25cl,CARLSBERG,Emb. 6 LT,"12,94€","2,16€ / LT",
MOZZARELLA BUFALA,LES CROISÉS,Emb. 0.125 KG,"1,69€","13,52€ / KG",
Papel Higiénico 4 Folhas,RENOVA,Emb. 9 ROLOS,"5,38€","0,60€ / ROLOS",
Arroz Branco Longo Biológico,,Emb. 0.5 KG,"1,09€","2,18€ / KG",
CANUDINHOS RECHEADOS CACAU E AVELA,P'TIT DÉLI,Emb. 0.18 KG,"1,97€","10,94€ / KG",
Folhas de Orégãos,RUSTICA,Frasco 0.008 KG,"0,58€","72,50€ / KG",
Barras de Cereais Special Chocolate,KELLOGG'S,Emb. 0.132 KG,"3,44€","26,06€ / KG",
Pepitas de Chocolate,TABLIER BLANC,Emb. 0.1 KG,"2,09€","20,90€ / KG",
Amaciador Cabelo Normais Garnier Força e Brilho,FRUCTIS,Emb. 0.2 LT,"3,98€","19,90€ / LT",
SPRAY PENTEAR DESEMBARACANTE MORANGO E CEREJA PARA CRIANCAS,PETIT MANAVA,Emb. 0.2 LT,"1,49€","7,45€ / LT",
Miolo de Amendoim C/ Piri-Piri,MARQUE REPERE,Emb. 0.25 KG,"1,49€","5,96€ / KG",
Brioches Redondas com Oepitas Chocolate 12 Unid.,EPI D'OR,Emb. 0.5 KG,"2,89€","5,78€ / KG",
Conserva de Feijão Verde Muito Fino,NOTRE JARDIN,Lata 0.8 KG,"1,88€","2,35€ / KG",
AIRWICK AMBIENTADOR RECARGA WHITE BOUQUET,AIRWICK,Emb. 0.02 LT,"6,98€","349,00€ / LT",
Iogurte Cereais e Baunilha 4 Unid.,IOGOLINO,Emb. 0.4 KG,"2,28€","5,70€ / KG",
Conserva de Azeitona Verde Recheada,RUSTICA,Frasco 0.36 KG,"1,21€","3,36€ / KG",
Puré de Batata em Flocos 4x125g,,Emb. 0.5 UNID.,"1,49€","2,98€ / UNID.",
Vinagre Balsâmico de Modena,GALLO,Garrafa 0.25 LT,"1,69€","6,76€ / LT",
FECULA DE MILHO,TABLIER BLANC,Emb. 0.4 KG,"1,16€","2,90€ / KG",
Bolachas de Gérmen de Trigo C/ Pepitas Chocolate Leite,NAT&VIE,Emb. 0.2 KG,"1,54€","7,70€ / KG",
Xarope de Laranja,FRUCCI,Emb. 0.75 LT,"4,60€","6,13€ / LT",
Gelado com Amêndoas,MAGNUM,Emb. 0.44 LT,"5,98€","13,59€ / LT",
Chá Verde Pure,LIPTON,Emb. 20 SAQS,"1,39€","0,07€ / SAQS",
Chiclets de Peppermint 12 Unid.,CHICLETS,Emb. 0.017 KG,"0,89€","52,35€ / KG",
Conserva Lentilhas com Salsichas,CÔTÉ TABLE,Emb. 0.84 KG,"2,83€","3,37€ / KG",
Feijão Encarnado Seco,NOTRE JARDIN,Emb. 0.5 KG,"1,14€","2,28€ / KG",
Compota de Maçã 16x100g,DOUCEUR DU VERGER,Emb. 1.6 KG,"4,99€","3,12€ / KG",
Faca de Cozinha 17cm,PRADEL,1 UNID.,"5,99€","5,99€ / UNID.",
Pão de Forma Out 10 Cereais e Sementes,PANRICO,Emb. 0.65 KG,"1,79€","2,75€ / KG",
Conserva de Pickles em Vinagre,RUSTICA,Frasco 0.36 KG,"1,00€","2,78€ / KG",
Champô 2em1 P/ Cabelos Muito Secas Extra Suave,MANAVA,Emb. 0.5 LT,"2,09€","4,18€ / LT",
Derma SPA Goodness Body Cream,DOVE,Emb. 0.3 LT,"4,99€","16,63€ / LT",
BOLACHAS C/ RECHEIO CHOCOLATE LEITE BREAK,P'TIT DÉLI,Emb. 0.135 KG,"1,59€","11,78€ / KG",
Chá de Tília,LIPTON,Emb. 10 SAQ.,"0,69€","0,07€ / SAQ.",
Cereais Chocomax,NACIONAL,Emb. 0.3 KG,"1,69€","5,63€ / KG",
Vinho Regional Alentejo Branco,ADEGA DE BORBA,Garrafa 0.75 LT,"2,99€","3,99€ / LT",
COTONETES ALGODAO,ECO+,Emb. 200 UNID.,"0,48€","0,00€ / UNID.",
Pêssego Vermelho,,1 Unid. = 0.17 KG (aprox.),"2,98€/kg","0,51€ / Unid.",
Peixe Espada Preto,,1 Unid. = 1.7 KG (aprox.),"6,99€/kg","11,88€ / Unid.",
Papa Infantil Não Láctea Multicereais,CERELAC,Emb. 0.25 KG,"2,29€","9,16€ / KG",
Snack Chocolate Branco,KIT KAT,Emb. 0.125 KG,"2,78€","22,24€ / KG",
Empadão de Pato,NOS RÉGIONS ONT DU TALENT,Emb. 0.3 UNID.,"2,99€","9,97€ / UNID.",
Johnson's Baby Gel de Banho Suave,JOHNSON'S BABY,Emb. 0.75 LT,"3,89€","5,19€ / LT",
BOLACHAS AREADAS C/ RECH AVELAS E CACAU MAGRO,P'TIT DÉLI,Emb. 0.125 KG,"1,48€","11,84€ / KG",
Tempero para Frango,RUSTICA,Frasco 0.2 KG,"0,93€","4,65€ / KG",
Sortido de Bolachas,CUÉTARA,Emb. 0.42 KG,"4,27€","10,17€ / KG",
Pão Mistura,,1 Unid. = 0.4 KG,"0,19€","0,48€ / KG",
Café Capsulas Decaf Intensidade 2,PLANTATION,Emb. 10 CAPS.,"1,79€","0,18€ / CAPS.",
Tablete Chocolate Preto com Menta,TABLETTE D'OR,Emb. 0.1 KG,"1,25€","12,50€ / KG",
Anti-Mosquitos Elétrico Líquido Pack Duplo Recarga,RAID,Emb. 0.027 LT,"13,68€","506,67€ / LT",
Mix de Aperitivos Temperados,TOKAPI,Emb. 0.4 KG,"4,19€","10,48€ / KG",
Espinafre Picado Congelado,NOTRE JARDIN,Emb. 1 KG,"1,29€","1,29€ / KG",
Licor Anis Escarchado,BORLIDO,Garrafa 1 LT,"8,49€","8,49€ / LT",
Fralda Cueca T5 12/18KG Eco,MOTS D'ENFANTS,Emb. 20 UNID.,"6,49€","0,32€ / UNID.",
Café Cápsulas Fortissimo Intensidade 10,PLANTATION,Emb. 10 CAPS.,"1,49€","0,15€ / CAPS.",
Água sem Gás,PENACOVA,Garrafa 1.5 LT,"0,30€","0,20€ / LT",
Vinho Tinto,COMP DO VINHO,Emb. 1 LT,"0,85€","0,85€ / LT",
Caramelo Líquido,TABLIER BLANC,Emb. 0.4 KG,"1,25€","3,13€ / KG",
Queijo Fundido,VACA QUE RI,Emb. 0.15 KG,"1,74€","11,60€ / KG",
Alimento Húmido P/ Gato Diamante Atum C/ Camarões,PURINA,Emb. 0.09 KG,"1,28€","14,22€ / KG",
Rolo de Cozinha Extra XXL,RENOVA,Emb. 1 ROLO,"1,18€","1,18€ / ROLO",
BEBIDA SOJA C/CACAU BIO,,Emb. 1 LT,"1,67€","1,67€ / LT",
TRANSPORTADORA P/CAO 55CM 1UN P\'TIT AMI,P'TIT AMI,Emb. 1 UNID.,"14,99€","14,99€ / UNID.",
Toucinho Fumado,,1 Unid. = 0.12 KG (aprox.),"7,49€/kg","0,90€ / Unid.",
Loção Essencial Healing,VASELINE,Emb. 0.2 LT,"2,14€","10,70€ / LT",
Lombo Salmão Atlântico Bio,,Emb. 0.2 KG,"7,49€","37,45€ / KG",
Acendalhas de Madeira Cubos,SILEX,Emb. 28 UNID.,"0,83€","0,03€ / UNID.",
Detergente Liquido para a Máquina da Roupa Concentrado,SKIP,Emb. 80 DOSES,"15,99€","0,20€ / DOSES",
Refrigerante C/ Gás S/ Cafeína Pack 6,COCA COLA,Emb. 1.98 LT,"4,26€","2,15€ / LT",
Fermento de Padeiro,VAHINÉ,Emb. 0.018 KG,"1,58€","87,78€ / KG",
Bebida Energética Absolutely Zero,MONSTER ENERGY,Emb. 0.5 LT,"1,54€","3,08€ / LT",
Queijo Emmental,LES CROISÉS,Emb. 0.25 KG,"1,99€","7,96€ / KG",
Autobrilhante Creme Calçado com Esponja,BUFALO,Emb. 0.04 LT,"3,08€","77,00€ / LT",
Caldo Natura de Carne Pack 4,KNORR,Emb. 0.112 KG,"1,49€","13,30€ / KG",
LIXIVIA TRADICIONAL,CLAIR,Emb. 4 LT,"1,39€","0,35€ / LT",
Escova de Dentes Média,COLGATE,Emb. 1 UNID.,"2,84€","2,84€ / UNID.",
Garoupa Chumbo,,1 Unid. = 1 KG (aprox.),"14,99€/kg","14,99€ / Unid.",
Pastilha Elástica Senses Tropical Mix,TRIDENT,Emb. 0.023 KG,"0,94€","40,87€ / KG",
Vinho Regional Península de Setúbal Tinto,ADEGA DE PEGÕES,Garrafa 0.75 LT,"1,59€","2,12€ / LT",
Leite UHT Meio Gordo,PARMALAT,Emb. 1 LT,"0,79€","0,79€ / LT",
CAPPUCCINO SABOR BAUNILHA,PLANTATION,Emb. 0.31 KG,"2,99€","9,65€ / KG",
Miolo de Amêndoa Moído,MARQUE REPERE,Emb. 0.2 KG,"3,35€","16,75€ / KG",
SKYR MIRTILO,DÉLISSE,Emb. 0.45 KG,"2,09€","4,64€ / KG",
Chocolate Milka e Oreo,MILKA,Emb. 0.1 KG,"1,58€","15,80€ / KG",
Copo Flute 17cl,EQUIP HOME,1 UNID.,"0,99€","0,99€ / UNID.",
Nectar Laranja e Banana,JAFADEN,Emb. 2 LT,"2,23€","1,12€ / LT",
Melão Verde,,1 Unid. = 2.8 KG (aprox.),"1,18€/kg","3,30€ / Unid.",
Café pur Arabica Amérique Latine em Grão Biológico,,Emb. 0.25 KG,"3,49€","13,96€ / KG",
Aquafresh Branco Intenso 2x75ml,AQUAFRESH,,"3,49€",/ Unid.,
Iogurte de Alperce 4 Unid.,IOGOLINO,Emb. 0.4 KG,"2,28€","5,70€ / KG",
Elixir Anti-Cáries,LISTERINE,Emb. 0.5 LT,"6,48€","12,96€ / LT",
Alimento Húmido P/ Gato Gold Salmão,GOURMET,Emb. 0.085 KG,"0,69€","8,12€ / KG",
Salsa em Folhas,MARGÃO,Emb. 0.006 KG,"1,18€","196,67€ / KG",
Feijão Verde Extra Finos Ultracongeladas,NOTRE JARDIN,Emb. 1 KG,"1,94€","1,94€ / KG",
Recarga Sabonete Líquido Amêndoas,MANAVA,Emb. 0.25 LT,"0,72€","2,88€ / LT",
Solha Congelada,,1 Unid. = 1 KG (aprox.),"4,49€/kg","4,49€ / Unid.",
Dentífrico Max White One,COLGATE,Emb. 0.075 LT,"3,34€","44,53€ / LT",
Fermento de Padeiro 6x5g,TABLIER BLANC,Emb. 0.03 KG,"1,35€","45,00€ / KG",
Néctar Clássico Laranja,COMPAL,Emb. 1 LT,"1,08€","1,08€ / LT",
Azeite Subtil,GALLO,Emb. 0.75 LT,"3,79€","5,05€ / LT",
ARROZ AGU.VAPORIZADO CIGALA 1KG,CIGALA,Emb. 1 KG,"1,27€","1,27€ / KG",
Creme Culinário de Coco,SHOYCE,Emb. 0.2 LT,"1,68€","8,40€ / LT",
Conserva de Azeitona Preta Descaroçada,RUSTICA,Frasco 0.36 KG,"0,95€","2,64€ / KG",
BANZAI NOODLE CARIL CIGALA,CIGALA,Emb. 0.067 KG,"0,89€","13,28€ / KG",
Escova Dentes Leite,AQUAFRESH,Emb. 1 UNID.,"3,08€","3,08€ / UNID.",
"""QUENELLES"" DE VITELA C/ MOLHO ""FINANCIERE""",CÔTÉ TABLE,Emb. 0.4 KG,"1,87€","4,68€ / KG",
DESODORIZANTE SPRAY INVISIBLE MEN 100ML COMPACT,CARRÉ HOMME,Emb. 0.1 LT,"1,56€","15,60€ / LT",
Chá Verde com Gengibre Immune Support,LIPTON,Emb. 0.032 KG,"1,94€","60,63€ / KG",
Massa Letras Clássica,NACIONAL,Emb. 0.25 KG,"0,78€","3,12€ / KG",
Iogurte Bifidus Cremoso Frutos Silvestres 0% 4 Unid.,DANONE,Emb. 0.48 KG,"1,99€","4,15€ / KG",
Alimento Húmido para Cão Almôndegas de Carne Vaca,ECO+,Emb. 1 KG,"1,55€","1,55€ / KG",
"ROLO CABRA,ST MAURE PDT,200G",PRÉSIDENT,Emb. 0.2 KG,"3,19€","15,95€ / KG",
Gelado Coco Choco Parfait Les Dessertss,CARTE D'OR,Emb. 0.9 LT,"4,98€","5,53€ / LT",
PAPEL ALUMINIO 20M,ELEMBAL,Emb. 20 M,"1,56€","0,08€ / M",
Sacos Lixo para Casa de Banho 30x10L,ECO+,Emb. 30 UNID.,"0,59€","0,02€ / UNID.",
Azeite Virgem Extra Gourmet,GALLO,Emb. 0.75 LT,"3,99€","5,32€ / LT",
Pastilhas de Limpeza para Próteses Dentárias,POLIDENT,Emb. 1 P,"5,48€","5,48€ / P",
Sumo 100% Laranja Biológico 6 Unid.,,Emb. 0.12 LT,"2,69€","22,42€ / LT",
Sargo Fresco,,1 Unid. = 0.4 KG (aprox.),"14,98€/kg","5,99€ / Unid.",
Papel Higiénico 2 Folhas,RENOVA,Emb. 48 ROLOS,"5,98€","0,12€ / ROLOS",
Desodorizante Clean Fresh Scent Stick,REXONA,Emb. 0.045 LT,"4,79€","106,44€ / LT",
Sumo 100% Laranja C/ Polpa,JAFADEN,Emb. 1 LT,"1,49€","1,49€ / LT",
APERITIVOS SORTIDOS,TOKAPI,Emb. 0.1 KG,"1,04€","10,40€ / KG",
"PAO TOSTADO ALHO LOTE DE 2 ""CROUTON"" 2X90G",EPI D'OR,Emb. 0.18 KG,"1,12€","6,22€ / KG",
Massa Cotovelos GR,MILANEZA,Emb. 0.5 KG,"1,58€","3,16€ / KG",
Bacalhau Graúdo Noruega Asa Preta,,1 Unid. = 2.5 KG,"11,89€/kg","29,73€ / Unid.",
Mini Pizzas Piccolinis Salame,BUITONI,Emb. 0.27 KG,"2,99€","11,07€ / KG",
MÁQUINA BARBEAR 3 LAMINAS DESCARTAVEL,CARRÉ HOMME,Emb. 8 UNID.,"4,19€","0,52€ / UNID.",
Deo Roll On Hidra Essencial 0% Álcool,VASELINE,Emb. 0.05 LT,"2,09€","41,80€ / LT",
Sardinha em Azeite,BOM PETISCO,Emb. 0.12 KG,"1,44€","12,00€ / KG",
Conserva Grão Cozido com pouco Sal,FERBAR,Lata 0.42 KG,"1,28€","3,05€ / KG",
Patê de Atum,LA PIARA,Emb. 0.075 KG,"1,63€","21,73€ / KG",
Pão de Leite 8 Unid.,P'TIT DÉLI,Emb. 0.32 KG,"1,09€","3,41€ / KG",
Carapau Pequeno,,1 Unid. = 0.12 KG (aprox.),"2,98€/kg","0,36€ / Unid.",
FOLHADOS COM QUEIJO DE CABRA 4UN,CÔTÉ TABLE,Emb. 0.4 KG,"3,65€","9,13€ / KG",
Creme Vegetal Óleo Girassol 60% MG S/ Sal,NAT&VIE,Emb. 0.5 KG,"1,99€","3,98€ / KG",
BOLACHAS RETANGULARES COM RECHEIO DE CHOCOLATE,P'TIT DÉLI,Emb. 0.125 KG,"1,17€","9,36€ / KG",
Amaciador Cabelos Total Repair,ELVIVE,Emb. 0.2 LT,"3,98€","19,90€ / LT",
Pantene Volume & Brilho Champô 250 ml,,Emb. 0.25 LT,"4,98€","19,92€ / LT",
Gel Banho Aveia,MANAVA,Emb. 0.75 LT,"1,69€","2,25€ / LT",
Limpa Máquinas Roupa,SKIP,Emb. 0.36 KG,"6,49€","18,03€ / KG",
FEIJOCA EXTRA FINA,NOTRE JARDIN,Emb. 0.4 KG,"1,00€","2,50€ / KG",
PATE RICO VACA P/CAO BIO 300G CV 300G PLENIMA,PLENIMA,Emb. 0.3 KG,"1,39€","4,63€ / KG",
Bolachas de Cereais Dinosauros,ARTIACH,Emb. 0.185 KG,"2,08€","11,24€ / KG",
Conserva de Feijão Branco Cozido com pouco Sal,FERBAR,Lata 0.42 KG,"1,28€","3,05€ / KG",
Bolachas Ligera sem Açúcares Adicionados e sem Sal,GULLÓN,Emb. 0.2 KG,"1,49€","7,45€ / KG",
Lichias em Calda,DOUCEUR DU VERGER,Emb. 0.565 KG,"2,39€","4,23€ / KG",
PAEZINHOS TRIGO TORRADOS BIO,,Emb. 0.225 KG,"1,35€","6,00€ / KG",
Bifanas de Porco,,1 Unid. = 0.15 KG (aprox.),"4,89€/kg","0,73€ / Unid.",
AGUA MICELAR CLÁSSICA 700ML,GARNIER,,"10,68€",/ Unid.,
Iogurte Líquido Morango 4x155g,DANONE,Emb. 0.62 KG,"1,39€","2,24€ / KG",
Barras Hero De Cereais Muesli Avelã 6x25g,HERO,Emb. 0.15 KG,"1,79€","11,93€ / KG",
Azeitonas Verdes S/ Caroço C/ Alho,COULEURS VIVES,Emb. 0.15 KG,"2,19€","14,60€ / KG",
Aditivo Líquido Protege Cores e Delicados,SKIP,Emb. 3 LT,"5,04€","1,68€ / LT",
Cominhos Moídos,MARGÃO,Emb. 0.05 KG,"1,48€","29,60€ / KG",
Espanador Duster + 4 Recargas,SWIFFER,Emb. 4 UNID.,"3,98€","1,00€ / UNID.",
Rolo de Cozinha Máxima Absorção 8+4 Unid.,RENOVA,Emb. 1 P,"6,24€","6,24€ / P",
Salsichão Fatiado,EL POZO,Emb. 0.08 KG,"1,94€","24,25€ / KG",
Corn Flakes Biológicos,,Emb. 0.375 KG,"1,19€","3,17€ / KG",
Cereais Chocolate,NESTUM,Emb. 0.25 KG,"1,49€","5,96€ / KG",
Alimento Seco P/ Gato Adulto Frango e Cereais,PURINA ONE,Emb. 0.8 KG,"6,64€","8,30€ / KG",
Chá Menta,LIPTON,Emb. 20 SAQ.,"1,20€","0,06€ / SAQ.",
LIXIVIA TRADICIONAL,CLAIR,Emb. 2 LT,"0,89€","0,45€ / LT",
Preservativos Senso,CONTROL,Emb. 6 UNID.,"3,49€","0,58€ / UNID.",
Refrigerante C/ Gás Zero Açúcar Zero Cafeína,COCA-COLA,Lata 0.33 LT,"0,71€","2,15€ / LT",
Batatas Finas e Crocantes,POM'LISSE,Emb. 1 KG,"1,29€","1,29€ / KG",
Alimento Húmido P/ Gatinhos C/ Vitela,GOURMET,Emb. 0.085 KG,"0,69€","8,12€ / KG",
CREPES SIMPLES 16UN,TROFIC,Emb. 1 KG,"3,89€","3,89€ / KG",
Massa Macarronete Riscado,MILANEZA,Emb. 0.5 KG,"1,48€","2,96€ / KG",
Máquinas de Barbear Descartáveis Blue II Plus Mulher,GILLETTE,Emb. 6 UNID.,"1,94€","0,32€ / UNID.",
Alimento Seco P/ Gato Sénior +11 Frango,PURINA ONE,Emb. 0.8 KG,"6,64€","8,30€ / KG",
Alperce Seco,MARQUE REPERE,Emb. 0.2 KG,"2,89€","14,45€ / KG",
Conjunto 6 Mini Taças Redondas 8cl,ARDENCE,1 UNID.,"2,90€","2,90€ / UNID.",
Bolachas Digestivas Aveia,VIEIRA,Emb. 0.258 KG,"2,08€","8,06€ / KG",
Tablete Chocolate Preto Extrafino 74% Cacau Biológico,,Emb. 0.1 KG,"1,59€","15,90€ / KG",
Cereais Muesli Cereais Frutos Secos Biológicos,,Emb. 0.375 KG,"2,89€","7,71€ / KG",
Refrigerante C/ Gás Ananás S/ Adição Açúcares,FANTA,Garrafa 1.5 LT,"1,54€","1,03€ / LT",
"Croquetes Vaca, Legumes e Figado",LYCAT,Emb. 2 KG,"3,99€","2,00€ / KG",
AZEITONA VERDE S/CAROCO -25% TEOR SAL,RUSTICA,Emb. 0.335 KG,"1,35€","4,03€ / KG",
Alimento Seco P/ Cão Mini Menu NuriSoft Vaca,PURINA FRISKIES,Emb. 1.4 KG,"5,98€","4,27€ / KG",
Difusor e Recarga Elétrica Lavanda e Camomila,AIR WICK,Emb. 0.019 LT,"7,98€","420,00€ / LT",
Óleo Alimentar,RUSTICA,Garrafa 1 LT,"3,25€","3,25€ / LT",
Whiskey Bourbon 6 Anos,JOHN DAVON'S,Garrafa 0.75 LT,"12,99€","17,32€ / LT",
COUSCOUS COMPTOIR,COMPTOÍR DU GRAIN,Emb. 1 KG,"1,68€","1,68€ / KG",
BATERIA Nº 16 80/640 80/640 TECH9,TECH9,Emb. 1 UNID.,"99,99€","99,99€ / UNID.",
Massa Carbonara,KNORR,Emb. 0.062 KG,"1,24€","20,00€ / KG",
"CERVEJA HEINEKEN,PACK,24X25CL",HEINEKEN,Emb. 24 UNID.,"12,99€","0,54€ / UNID.",
Cereais de Chocolate,CRUNCH,Emb. 0.375 KG,"2,53€","6,75€ / KG",
Pensos Higiénicos Salvaslip Maxi,EVAX,Emb. 36 UNID.,"2,88€","0,08€ / UNID.",
Conserva de Salsichas Frankfurt 6 Unid.,NOBRE,Lata 0.12 KG,"1,18€","9,83€ / KG",
Chouriço Picante,SABOR PORTUGUES,Emb. 0.16 KG,"2,19€","13,69€ / KG",
Rilletes de Mans,TRADILÈGE,Emb. 0.22 KG,"1,99€","9,05€ / KG",
Chá de Camomila e Erva Príncipe,LIPTON,Emb. 20 SAQS,"1,94€","0,10€ / SAQS",
Salsichas Cocktail,TOKAPI,Lata 0.42 KG,"2,25€","5,36€ / KG",
Creme Autobrilhante Incolor,SPLENDOR,Emb. 0.04 LT,"2,49€","62,25€ / LT",
Bebida à Base de Arroz,NAT&VIE,Emb. 1 LT,"1,34€","1,34€ / LT",
Batido de Cacau UHT Zero,CACAOLAT,Emb. 1 LT,"2,08€","2,08€ / LT",
PANNA COTTA FRUITS ROUGE 4X90G,DÉLISSE,Emb. 0.36 KG,"1,99€","5,53€ / KG",
VINAGRE CRISTAL SIDRA 0.5L,CRISTAL,Emb. 0.5 LT,"1,03€","2,06€ / LT",
Cuvete de Alumínio 10x1L,ELEMBAL,Emb. 10 UNID.,"3,14€","0,31€ / UNID.",
COLORAÇÃO PERMANENTE CASTANHO VIOLINO 4.6,BELLADY,Emb. 1 UNID.,"6,49€","6,49€ / UNID.",
Atum em Óleo Vegetal,BOM PETISCO,Emb. 0.385 KG,"5,08€","13,19€ / KG",
GUARDANAPOS FOLHA SIMPLES,ECO+,Emb. 200 UNID.,"1,09€","0,01€ / UNID.",
Sumo 100% Ananás,JAFADEN,Emb. 1 LT,"1,59€","1,59€ / LT",
Iogurte Magro Déli' light Sabor Baunilha 8x125g,DÉLISSE,Emb. 1 KG,"1,99€","1,99€ / KG",
Azeitonas Pretas Inteiras,RUSTICA,Emb. 0.225 LT,"1,39€","6,18€ / LT",
"AZEITONA MISTA RETALH,FRAS,210G",,,"1,33€",/ Unid.,
Queijo Fatiado -50% Gordura,LIMIANO,Emb. 0.2 KG,"2,44€","12,20€ / KG",
VILEDA LUVAS MULTI 10 M/L,VILEDA,Emb. 10 UNID.,"2,08€","0,21€ / UNID.",
DENTIFRICO SABOR MORANGO EM GEL JUNIOR 7-13 ANOS,DENTAMYL,Emb. 0.075 LT,"1,67€","22,27€ / LT",
16 Caps.Café Kaffa Compativeis SG Cappuccino,KAFFA,Emb. 16 UNID.,"3,19€","0,20€ / UNID.",
Croquetes Coelho e Legumes Verdes,TOUS MES AMIS,Emb. 2 KG,"3,99€","2,00€ / KG",
Massa Capellini,TURINI,Emb. 0.5 KG,"0,83€","1,66€ / KG",
Capucino Chocolate Base de Leite Magro em Pó,PLANTATION,Emb. 10 SAQ.,"1,99€","0,20€ / SAQ.",
Escova Adesivo Têxteis 36 Unid.,MAMISON,Emb. 36 UNID.,"0,99€","0,03€ / UNID.",
Alimento Completo Cereais P/ Coelhos Anões,TOUS MES AMIS,Emb. 2.5 KG,"4,42€","1,77€ / KG",
Óleo Virgem de Coco Biológico,,Emb. 0.2 LT,"3,38€","16,90€ / LT",
Sumo de Laranja S/ Polpa 100%,JAFADEN,Emb. 2 LT,"2,59€","1,30€ / LT",
PREPARADO P/ ARROZ MARISCO,PÊCHE OCÉAN,Emb. 0.8 KG,"5,99€","7,49€ / KG",
Sobremesa Sabor a Baunilha Bolas Chocolate Mix'n Croc 4x117g,DÉLISSE,Emb. 0.468 KG,"1,84€","3,93€ / KG",
Iogurte Bifidus Líquido Frutos Silvestres 4 Unid.,DANONE,Emb. 0.62 KG,"1,99€","3,21€ / KG",
Café Cápsulas Classic,PLANTATION,Emb. 36 CAPS.,"2,79€","0,08€ / CAPS.",
Conserva de Mini Salsichas Cocktail,NOBRE,Lata 0.18 KG,"1,39€","7,72€ / KG",
Polvo Limpo Ultracongelado,,Emb. 0.5 KG,"7,79€","15,58€ / KG",
Robalo Cal. 200/300,,1 Unid. = 0.4 KG (aprox.),"6,49€/kg","2,60€ / Unid.",
Galão São Lourenço,UCAL,Emb. 1 LT,"1,65€","1,65€ / LT",
Bolachas Ricanela +100g,CUÉTARA,Emb. 0.4 KG,"1,99€","4,98€ / KG",
Pente Piquio Color,,Emb. 1 UNID.,"2,09€","2,09€ / UNID.",
Atum Posta Natural,BOM PETISCO,Emb. 0.2 KG,"2,93€","14,65€ / KG",
Pudim Flan Caramelo 4x100g,ECO+,Emb. 0.4 KG,"0,74€","1,85€ / KG",
Red Fish Médio Congelado,,1 Unid. = 0.3 KG (aprox.),"3,99€/kg","1,20€ / Unid.",
Tablete de Chocolate Negro,NESTLÉ,Emb. 0.125 KG,"1,98€","15,84€ / KG",
"SOBREM. SOJA BAUNILHA,,4x125G",ALPRO,Emb. 0.5 LT,"2,29€","4,58€ / LT",
Vinho Tinto,LEZÍRIA,Garrafa 0.75 LT,"1,58€","2,11€ / LT",
Néctar Light Laranja,JAFADEN,Emb. 1 LT,"0,49€","0,49€ / LT",
Pantene Perfect Volume Laca 300ml,PANTENE PV,Spray 0.3 LT,"3,74€","12,47€ / LT",
"ATUM FILELETE AZEITE C/ ALCAPARRAS, 120G",TENÓRIO,Emb. 0.12 KG,"2,78€","23,17€ / KG",
Fraldas Activity T4 Extra 9-15 Kg,DODOT,Emb. 52 UNID.,"18,57€","0,36€ / UNID.",
Forma de Alumínio para Pizza Castanha 30cm,ARDENCE,1 UNID.,"4,90€","4,90€ / UNID.",
Vinho Verde Branco,VIA LATINA,Garrafa 0.75 LT,"2,54€","3,39€ / LT",
Marmelada Extra,,Emb. 0.9 KG,"1,79€","1,99€ / KG",
Fruta 100% Maçã e Banana 4 Unid.,NESTLÉ,Emb. 0.4 KG,"2,82€","7,05€ / KG",
Açúcar Branco,TÉVA,Emb. 1 KG,"0,94€","0,94€ / KG",
Bolo com Recheio de Creme de Cacau e Leite 228 g,BOLLYCAO,Emb. 4 UNID.,"2,98€","0,75€ / UNID.",
Chá de Frutos Silvestres,LIPTON,Emb. 20 SAQ.,"1,74€","0,09€ / SAQ.",
Elixir Frescura Duradoura,ORAL B,Emb. 0.5 LT,"4,19€","8,38€ / LT",
Azeite Virgem Extra Grande Escolha,GALLO,Emb. 0.5 LT,"5,24€","10,48€ / LT",
Penso Incontinência Discreet Mini,AUSONIA,Emb. 20 UNID.,"2,99€","0,15€ / UNID.",
Amaciador de Roupa Azul,COMFORT,Emb. 4 LT,"4,49€","1,12€ / LT",
Detergente Liquido para Roupa Limpeza Profunda,PERSIL,Emb. 42 DOSES,"8,49€","0,20€ / DOSES",
Creme Remodelador Q10 Plus,NIVEA,Emb. 0.3 LT,"10,98€","36,60€ / LT",
Desodorizante Frescura Sensual Toque de Nácar Roll-On,NARTA,Emb. 0.05 LT,"3,78€","75,60€ / LT",
Tigela Preta 14cm,ARDENCE,1 UNID.,"1,30€","1,30€ / UNID.",
Compota de Maçã 8x100g,DOUCEUR DU VERGER,Emb. 0.8 KG,"3,38€","4,23€ / KG",
BANDAS DEPILATORIAS CERA FRIA PELE SENSIVEL VIAGEM 20UN,SLISS,Emb. 0.2 LT,"1,68€","8,40€ / LT",
Conserva de Salsichas 8 Unid.,CÔTÉ TABLE,Lata 0.2 KG,"0,89€","4,45€ / KG",
Gelatina Light Melancia 4 Unid.,ROYAL,Emb. 0.4 KG,"1,98€","4,95€ / KG",
Tablete Chocolate Culinária,NESTLÉ,Emb. 0.2 KG,"1,39€","6,95€ / KG",
PENSOS DIARIOS LONGOS,CHORYS,Emb. 24 UNID.,"1,56€","0,07€ / UNID.",
Bolachas Original,OREO,Emb. 0.22 KG,"1,98€","9,00€ / KG",
Chamuças de Carne,,Emb. 4 UNID.,"2,19€","0,55€ / UNID.",
Tablete de Chocolate de Leite Biológica,,Emb. 0.1 KG,"1,49€","14,90€ / KG",
Cápsulas Café Ristretto Barista Intensidade 9,DOLCE GUSTO,Emb. 16 CAPS.,"4,79€","0,30€ / CAPS.",
Café Torrado Moído Brasil Moagem Universal Intensidade 7,SICAL,Emb. 0.22 KG,"3,68€","16,73€ / KG",
Café Torrado Moído Intensidade 10,BUONDI,Emb. 0.22 KG,"2,58€","11,73€ / KG",
Caixa de Arrumação com Tampa 5L Cinza,,1 UNID.,"2,50€","2,50€ / UNID.",
Vinho Regional Dão Branco,GRÃO VASCO,Garrafa 0.75 LT,"2,99€","3,99€ / LT",
Sidra com Álcool de Maça 15x20cl,SOMERSBY,Emb. 3 LT,"9,94€","3,31€ / LT",
Mini Gelados de Chocolate Branco e de Chocolate Branco com Amêndoas Pack 6,MAGNUM,Emb. 0.33 LT,"2,99€","9,06€ / LT",
Sumo Natural Biológico Cenoura,CEM PORCENTO,Emb. 0.2 LT,"0,88€","4,40€ / LT",
Mousse de Café 4x60g,DÉLISSE,Emb. 0.24 KG,"1,19€","4,96€ / KG",
Dentífrico Menta Fresca 24H,AQUAFRESH,Emb. 0.075 LT,"2,28€","30,40€ / LT",
Noz Moscada Moída C/ Moinho,MARGÃO,Emb. 0.04 KG,"2,48€","62,00€ / KG",
Bebida de Soja Natural Biológica,,Emb. 1 LT,"1,24€","1,24€ / LT",
Mousse Caramelo 4 Unid.,DÉLISSE,Emb. 0.24 KG,"1,84€","7,67€ / KG",
6-PACK TOALHITAS BABY MOMENTS,CHICCO,,"6,24€",/ Unid.,
Fondue de Novilho,,1 Unid. = 0.46 KG  (aprox.),"10,98€/kg","5,05€ / Unid.",
Bolachas Chips de Chocolate Minis,CHIPS AHOY,Emb. 0.16 KG,"1,98€","12,38€ / KG",
Pensos Higiénicos Diários Maxi Aloe,CAREFREE,Emb. 48 UNID.,"4,78€","0,10€ / UNID.",
Pastéis de Bacalhau,,Emb. 12 KG,"1,99€","0,17€ / KG",
Bolachas Digestive Go,TRIUNFO,Emb. 0.16 KG,"1,48€","9,25€ / KG",
Sobremesa Tiramisu 4x80g,DÉLISSE,Emb. 0.32 KG,"2,99€","9,34€ / KG",
Conserva de Atum Assado à Algarvia,RAMIREZ,Emb. 0.12 KG,"1,79€","14,92€ / KG",
ABRASIVO SANITARIO MARINHO ACTIV EFFECT 750ML,SYPHON,Emb. 0.75 LT,"1,04€","1,39€ / LT",
BATERIA Nº 10 50/450 50/450 TECH9,TECH9,Emb. 1 UNID.,"56,99€","56,99€ / UNID.",
IOGURTE BAUNILHA BIO,,Emb. 0.5 KG,"1,34€","2,68€ / KG",
Vinho Verde Branco Salvé,SALVE,Garrafa 0.75 LT,"1,79€","2,39€ / LT",
Cápsulas Café Ristretto Napoli,DOLCE GUSTO,Emb. 16 CAPS.,"4,79€","0,30€ / CAPS.",
Gelado Solero Red Berries,OLÁ,Emb. 0.27 LT,"2,59€","9,59€ / LT",
PREPARADO PARA PANQUECAS CONDI 400G,CONDI,Emb. 0.4 KG,"1,99€","4,98€ / KG",
Tomate Cherry,,Emb. 0.25 KG,"1,49€","5,96€ / KG",
Maionese Heinz Vidro 480 Ml,HEINZ,Emb. 0.48 LT,"3,98€","8,29€ / LT",
Palmiers,,Emb. 0.3 KG,"2,29€","7,63€ / KG",
PENSOS INCONTINENCIA U. FINOS NORMAL POCKET,CHORYS,Emb. 16 UNID.,"2,09€","0,13€ / UNID.",
Lápis para Colorir,ESQUISSE,Emb. 12 UNID.,"1,79€","0,15€ / UNID.",
NATAS FRESCAS ESPESSAS LIGHT,DÉLISSE,Emb. 0.5 LT,"1,79€","3,58€ / LT",
Aguardente Velha,ALIANÇA,Garrafa 0.7 LT,"13,69€","19,56€ / LT",
Snack de Chocolate e Toffee,TOFFE CRISP,Emb. 0.038 KG,"0,69€","18,16€ / KG",
Queijo Mozarella,GALBANI,Emb. 0.25,"3,08€","12,32€ /",
PICKLES EM VINAGRE FERBAR 680G,FERBAR,Emb. 0.68 KG,"2,28€","3,35€ / KG",
Cápsulas Café Blonde P/ Nespresso Intensidade 6,STARBUCKS,Emb. 10 CAPS.,"3,79€","0,38€ / CAPS.",
YOFU SOJA NATURAL 4X125G,ALPRO SOYA,Emb. 0.5 KG,"2,29€","4,58€ / KG",
Alimento Seco Gato Completo Salmão Legumes,LYCAT,Emb. 0.4 KG,"0,99€","2,48€ / KG",
Snacks Markies Tutano,PEDIGREE,Emb. 0.5 KG,"2,27€","4,54€ / KG",
Carne de Porco Salgada C/ Lentilhas,CÔTÉ TABLE,Emb. 0.42 KG,"1,88€","4,48€ / KG",
Tablete de Chocolate Branco com Avelãs Inteiras,TABLETTE D'OR,Emb. 0.2 KG,"2,53€","12,65€ / KG",
Vinho Branco Frisante,CASTIÇO,Garrafa 0.75 LT,"2,98€","3,97€ / LT",
Desentupidor Express Gel,DESTOP,Emb. 1 LT,"4,01€","4,01€ / LT",
Pastilha Elástica Senses Rainforest Mint,TRIDENT,Emb. 0.023 KG,"0,94€","40,87€ / KG",
Amoras,,Emb. 0.125 KG,"2,49€","19,92€ / KG",
Água sem Gás,LUSO,Garrafa 1.5 LT,"0,47€","0,31€ / LT",
Alimento Seco P/ Gato Bacalhau,PURINA FRISKIES,Emb. 4 KG,"9,59€","2,40€ / KG",
Alimento Húmido Gato Carne de Vaca,TOUS MES AMIS,Emb. 0.1 KG,"0,55€","5,50€ / KG",
Gelado de Menta com Chocolate,CARTE D'OR,Emb. 1 LT,"4,48€","4,48€ / LT",
Água sem Gás,VITALIS,Garrafa 0.5 LT,"0,29€","0,58€ / LT",
Vinagre de Sidra,RUSTICA,Garrafa 0.5 LT,"0,38€","0,76€ / LT",
Johnson's Gel de Banho para Bebé Cuidado Completo,JOHNSON'S BABY,Emb. 0.5 LT,"3,89€","7,78€ / LT",
Conserva de Azeitonas Verdes com Recheio,RUSTICA,Emb. 0.3 KG,"2,09€","6,97€ / KG",
Queijo Bola Pequenina,LIMIANO,Emb. 0.6 KG,"5,68€","9,47€ / KG",
Spray Depilatório Aloé Vera e Vitamina E,VEET,Spray 0.15 LT,"9,98€","66,53€ / LT",
LUVAS EXTRA SENSATION M,VILEDA,Emb. 1 UNID.,"1,88€","1,88€ / UNID.",
B&J Caramel Chew Chew 465ml,,Emb. 0.465 LT,"6,78€","14,58€ / LT",
Destop Turbo Gel,DESTOP,Emb. 1   UNID.,"6,98€","6,98€ /   UNID.",
Luvas Finas Descartáveis Vinil Tam. M,,Emb. 0.45 KG,"7,99€","17,76€ / KG",
Recarga Ambientador Flor de Cereja da Ásia,AIRWICK,Emb. 0.25 LT,"5,98€","23,92€ / LT",
Queijo Regional Vaca Cabra Ovelha Curado,SALOIO,Emb. 0.19 KG,"3,48€","18,32€ / KG",
Bebida de Soja Baunilha,NAT&VIE,Emb. 1 LT,"1,04€","1,04€ / LT",
Natas Cremosas Light,MIMOSA,Emb. 0.2 LT,"0,89€","4,45€ / LT",
Molho Samurai,RUSTICA,Emb. 0.252 KG,"1,35€","5,36€ / KG",
Molho de Tomate com Azeitonas e Manjericão,TURINI,Emb. 0.42 KG,"1,31€","3,12€ / KG",
MAQ.BARBEAR 3 LAMINAS + 2 RECARGAS,CARRÉ HOMME,Emb. 1 UNID.,"3,35€","3,35€ / UNID.",
BOLACHAS VITALDAY CROCANTES ORIGINAIS 265G,GULLÓN,Emb. 0.265 KG,"2,28€","8,60€ / KG",
BARRA DE BOLACHA C/ COB CHOCOLATE E RECH DE LEITE,P'TIT DÉLI,Emb. 0.13 KG,"1,65€","12,69€ / KG",
MULTI USOS,CLAIR,Emb. 0.75 LT,"0,86€","1,15€ / LT",
Alimento Seco para Gato Sterilcat Carne Vaca,PURINA ONE,Emb. 1.5 KG,"11,38€","7,59€ / KG",
BISCOITOS DE COCO,P'TIT DÉLI,Emb. 0.4 KG,"1,59€","3,98€ / KG",
Rebuçados Sabor a Menta,ECO+,Emb. 0.24 KG,"0,95€","3,96€ / KG",
Xarope de Groselha Preta,FRUCCI,Garrafa 0.75 LT,"4,19€","5,59€ / LT",
CANUDINHOS,P'TIT DÉLI,Emb. 0.18 KG,"1,69€","9,39€ / KG",
Barras Cereias com Pedaços de Morango Biológicas 6 Unid.,,Emb. 0.125 KG,"1,69€","13,52€ / KG",
SNACK CHIPZ MAÇÃ FRUUT 20G,,Emb. 0.02 KG,"0,84€","42,00€ / KG",
Gin Gordon´s,GORDON'S,Garrafa 0.7 LT,"13,99€","19,99€ / LT",
Pensos Higiénicos Normal Alas,AUSONIA,Emb. 14 UNID.,"1,98€","0,14€ / UNID.",
Tomate Guloso Pelado 800g,GULOSO,Emb. 0.8 KG,"2,48€","3,10€ / KG",
Laca Fixação Forte 2,VITANOVE,Spray 0.075 LT,"1,14€","15,20€ / LT",
Alimento Húmido P/ Gato Frango e Cenoura,GOURMET GOLD,Emb. 0.085 KG,"0,69€","8,12€ / KG",
Condicionador Nourish & Replenish,TRESEMMÉ,Emb. 0.4 LT,"4,79€","11,98€ / LT",
Chá Verde com Sabor a Hortelã e Lima,LIPTON,Emb. 1 LT,"1,28€","1,28€ / LT",
Pantene Micelar Purifica & Revitaliza Champô,,Emb. 0.25 LT,"3,98€","15,92€ / LT",
Esparguete s/glúten,CHAQUE JOUR SANS GLUTEN,Emb. 0.4 KG,"1,94€","4,85€ / KG",
Azeitona Mista,,1 Unid. = 0.1 KG (aprox.),"4,99€/kg","0,50€ / Unid.",
Café Moído Puro Arábica Biológico,,Emb. 0.25 KG,"3,49€","13,96€ / KG",
Champô Nourish & Replenish com Óleo de Coco e Aloe Vera,TRESEMMÉ,Emb. 0.4 LT,"4,79€","11,98€ / LT",
Presunto Fumado,ECO+,Emb. 0.2 KG,"2,89€","14,45€ / KG",
Mistura de Frutos Secos C/ Sal,MARQUE REPERE,Emb. 0.2 KG,"1,79€","8,95€ / KG",
Presunto sem Osso,,1 Unid. = 1 KG (aprox.),"11,99€/kg","11,99€ / Unid.",
Nata para Culinária,PARMALAT,Emb. 0.2 KG,"1,05€","5,25€ / KG",
Queijo Bola Flamengo,LIMIANO,1 Unid. = 1.6 KG (aprox.),"8,99€/kg","14,38€ / Unid.",
Passador Vite Plastique,MOULINEX,1 UNID.,"13,90€","13,90€ / UNID.",
Pão Bimbo Familiar,BIMBO,Emb. 0.7 KG,"2,18€","3,11€ / KG",
Infusão Chá Branco Maracujá,FRESH TEA,Emb. 1 LT,"1,01€","1,01€ / LT",
Café Solúvel Qualité Filtre,PLANTATION,Frasco 0.2 KG,"3,99€","19,95€ / KG",
Conserva de Salsichas 6 Unid. FrankFurt,CÔTÉ TABLE,Lata 0.12 KG,"0,68€","5,67€ / KG",
Chocolate Culinária Preto Biológico,,Emb. 0.2 KG,"2,79€","13,95€ / KG",
Gel de Duche Nutritivo,DOVE,Emb. 0.75 LT,"4,79€","6,39€ / LT",
Chá de Menta e Eucalipto,LIPTON,Emb. 20 SAQS,"1,94€","0,10€ / SAQS",
Vinho Frisante Rosé,PLEXUS,Garrafa 0.75 LT,"2,28€","3,04€ / LT",
Queijo Emmental,,1 Unid. = 0.2 KG (aprox.),"9,99€/kg","2,00€ / Unid.",
Pérolas de Perfume para Roupa Spring,LENOR,Emb. 0.21 KG,"7,69€","36,62€ / KG",
Massa Cotovelinhos,MILANEZA,Emb. 0.5 KG,"1,34€","2,68€ / KG",
Tablete Chocolate Branco Culinária,PANTAGRUEL,Emb. 0.2 KG,"2,98€","14,90€ / KG",
QUEIJO FRESCO 20% MG,DÉLISSE,Emb. 1 KG,"1,99€","1,99€ / KG",
Esponja de Fibra Verde Clássica XXL,SCOTCH BRITE,Emb. 1 UNID.,"3,28€","3,28€ / UNID.",
Mad Chip Alho e Evas,CALVÉ,Emb. 0.26 KG,"2,38€","9,15€ / KG",
GRAO DE BICO SACO,NOTRE JARDIN,Emb. 1 KG,"2,29€","2,29€ / KG",
Leite UHT Meio Gordo,MATINAL,Emb. 1 LT,"0,94€","0,94€ / LT",
SORTIDO MINI PAES/CROISSANTS CHOCOLATE 12UN,EPI D'OR,Emb. 0.372,"2,99€","8,04€ /",
Tarte de Alho Frances,CÔTÉ TABLE,Emb. 0.4 KG,"2,39€","5,98€ / KG",
Conserva de Mexilhão em Escabeche,PITEU,Emb. 0.115 KG,"2,34€","20,35€ / KG",
QUEIJO FRESCO CLASSICO,QUEIJO NA TÁBUA,Emb. 0.125 KG,"0,89€","7,12€ / KG",
Água S/ Gás Mineral Natural,,Garrafa 0.5 LT,"0,17€","0,34€ / LT",
BOLACHAS PARA GELADOS,P'TIT DÉLI,Emb. 0.1 KG,"1,51€","15,10€ / KG",
Chantilly,DÉLISSE,Emb. 0.25 KG,"1,64€","6,56€ / KG",
Chá Marrocos Mint & Spices,LIPTON,Emb. 20 SAQ.,"1,94€","0,10€ / SAQ.",
Desodorizante Roll-On Biorythm 48H,REXONA,Emb. 0.05 LT,"2,39€","47,80€ / LT",
Detergente Máquina Loiça Pastilhas Clássicas,VISIOR,Emb. 40 UNID.,"3,14€","0,08€ / UNID.",
Preparado em Pó Cheesecake,ROYAL,Emb. 0.325 KG,"3,98€","12,25€ / KG",
Pantene Aqua Light Champô,PANTENE PV,Emb. 0.25 LT,"3,98€","15,92€ / LT",
Mostarda,RUSTICA,Emb. 0.225 KG,"1,09€","4,84€ / KG",
RAVIOLI CARNE VACA MOLHO ITALIANO,CÔTÉ TABLE,Emb. 0.8 KG,"2,39€","2,99€ / KG",
Chá Limão e Gengibre,LIPTON,Emb. 20 SAQ.,"1,94€","0,10€ / SAQ.",
Whisky Bourbon Jack Daniels,JACK DANIEL'S,Garrafa 0.7 LT,"23,98€","34,26€ / LT",
Tablete de Chocolate Extrafino C/ Avelã,NESTLÉ,Emb. 0.123 KG,"2,09€","16,99€ / KG",
PEDACOS BOVINO/FRANGO/LEGUMES P/ GATO 415G ECO+,ECO+,Emb. 0.415 KG,"0,65€","1,57€ / KG",
Café Solúvel Seleção Premium Intensidade 6,NESCAFÉ,Frasco 0.1 KG,"5,68€","56,80€ / KG",
Crackers Salgadas de Sementes Biológicas,,Emb. 0.2 KG,"3,03€","15,15€ / KG",
Pensos Higiénicos Salvaslips Fresh em Bolsas,EVAX,Emb. 40 UNID.,"2,28€","0,06€ / UNID.",
Espumante Reserva Bruto,RAPOSEIRA,Garrafa 0.75 LT,"7,74€","10,32€ / LT",
Bolachas de Cacau Recheadas C/ Creme Baunilha,P'TIT DÉLI,Emb. 0.176 KG,"0,99€","5,63€ / KG",
Canela em Pau Especiarias,RUSTICA,Emb. 0.03 KG,"0,65€","21,67€ / KG",
Tigela Anis Gourmandine 14cm,ARDENCE,1 UNID.,"1,30€","1,30€ / UNID.",
PENSOS DIARIOS MINI,CHORYS,Emb. 28 UNID.,"1,56€","0,06€ / UNID.",
Néctar Essencial Frutos Vermelhos 3x110ml,COMPAL,Emb. 0.33 LT,"1,83€","5,55€ / LT",
Bolachas com Cobertura de Chocolate de Leite,,Emb. 0.2 KG,"2,09€","10,45€ / KG",
Vinho Regional Alentejano Branco,LOIOS,Garrafa 0.75 LT,"2,99€","3,99€ / LT",
BOLACHAS TOSTADAS GULLON 4X200GR,GULLÓN,Emb. 0.2 KG,"2,78€","13,90€ / KG",
Iogurte Sólido Magro Tutti-Frutti e Coco 6x120g,LONGA VIDA,,"1,99€",/ Unid.,
BEBIDA SOJA BAUNILHA 3x250ML,ALPRO,Emb. 0.75 LT,"1,79€","2,39€ / LT",
Café Delta Em Grão Torrado Chávena,DELTA,Emb. 0.25 KG,"2,29€","9,16€ / KG",
Máscara Multiusos Óleo Extraordinário Óleo de Coco,L'ORÉAL PARIS,Emb. 0.3 LT,"4,19€","13,97€ / LT",
Leite Condensado Açucarado,DÉLISSE,Lata 0.397 KG,"1,46€","3,68€ / KG",
Cápsulas Café Colombia P/ Dolce Gusto Intensidade 7,DOLCE GUSTO,Emb. 12 CAPS.,"4,58€","0,38€ / CAPS.",
Caixa Dobrável 45L,,1 UNID.,"7,95€","7,95€ / UNID.",
Detergente para a Máquina da Loiça de Limão,SUN,Emb. 90 DOSES,"12,34€","0,14€ / DOSES",
Vodka Preta,NOVOTNA,Garrafa 0.7 LT,"7,34€","10,49€ / LT",
Erva Doce Saqueta,RUSTICA,Emb. 0.05 KG,"1,04€","20,80€ / KG",
Alimento Completo para Canários,AVIPAR,Emb. 0.5 KG,"1,99€","3,98€ / KG",
Brandy,CONSTANTINO,Garrafa 0.7 LT,"9,48€","13,54€ / LT",
Faca de Cozinha Cuisine 13cm,ARDENCE,1 UNID.,"5,90€","5,90€ / UNID.",
Tablete de Chocolate C/ Amendoim,NESTLÉ,Emb. 0.09 KG,"1,09€","12,11€ / KG",
PAPEL HIGIENICO COMPACTO ECO,UNÍ VERT,Emb. 4 UNID.,"2,40€","0,60€ / UNID.",
AROMA DE BAUNILHA,TABLIER BLANC,Emb. 0.2 LT,"2,61€","13,05€ / LT",
Cerveja sem Álcool 6x33CL,SUPER BOCK,Emb. 1.98 LT,"4,49€","2,27€ / LT",
Refrigerante sem Gás Laranja,TRINA,Garrafa 1.5 LT,"1,54€","1,03€ / LT",
Leite C/ Chocolate UHT 4 Unid.,MIMOSA,Emb. 0.8 LT,"1,48€","1,85€ / LT",
Batido de Cacau,CACAOLAT,Emb. 4 UNID.,"2,74€","0,69€ / UNID.",
Caderno Capa Preta Pautado A4 60p,ESQUISSE,,"0,89€",/ Unid.,
Cajus Torrados C/ Sal,TOKAPI,Emb. 0.4 KG,"6,99€","17,48€ / KG",
Barra de Cereais com Chocolate Preto e Amendoim,ECO+,Emb. 6 UNID.,"1,09€","0,18€ / UNID.",
Gaufres com Ovos Frescos,P'TIT DÉLI,Emb. 0.26 KG,"0,99€","3,81€ / KG",
Iogurte Bifidus Líquido Lima Limão 0% 4 Unid.,DANONE,Emb. 0.62 KG,"1,99€","3,21€ / KG",
SAL REGENERADOR,VISIOR,Emb. 2 KG,"0,93€","0,47€ / KG",
Cereais Special K Frutos Vermelhos,KELLOGG'S,Emb. 0.3 KG,"2,59€","8,63€ / KG",
Bolachas com Sal Crackers,DU BOIS DE LA ROCHE,Emb. 0.5 KG,"3,08€","6,16€ / KG",
Abrilhantador P/ Máquina da Loiça Limão,FINISH,Emb. 0.8 LT,"9,67€","12,09€ / LT",
Iogurte Mix-in Smarties 80% Leite 2 Unid.,NESTLÉ,Emb. 0.256 KG,"1,99€","7,77€ / KG",
Café Cápsulas Qonvictus Intensidade 5,DELTA,Emb. 10 CAPS.,"2,99€","0,30€ / CAPS.",
Difusor Elétrico 3 Volution sem Recarga,AMBIPUR,Emb. 1 UNID.,"1,59€","1,59€ / UNID.",
Tablete de Chocolate Bolacha,MILKA,Emb. 0.3 KG,"3,98€","13,27€ / KG",
Puré de Tomates Biológico,,Emb. 0.72 LT,"1,57€","2,18€ / LT",
Nuggets Peito de Frango Ultracongelado,CAPITÃO IGLO,Emb. 0.208 KG,"5,98€","28,75€ / KG",
Recarga para Difusor Automático Relex Zen,GLADE,Emb. 2 UNID.,"12,98€","6,49€ / UNID.",
SPRAY ANTICALCARIO WC ECOLOGICO 750ML,UNÍ VERT,Emb. 0.75 LT,"2,09€","2,79€ / LT",
Moscatel,FAVAIOS,Garrafa 0.75 LT,"5,59€","7,45€ / LT",
Barras Cereais Crunchy Caramel 6 Unid.,,Emb. 0.141 KG,"2,33€","16,52€ / KG",
"BOLACHAS ""GENOISE"" MORANGO",P'TIT DÉLI,Emb. 0.15 KG,"1,27€","8,47€ / KG",
Caixa Hermética 0.50L 5Unid.,,1 UNID.,"1,90€","1,90€ / UNID.",
Sobremesa de Soja Chocolate 4 Unid.,NAT&VIE,Emb. 0.4 KG,"1,49€","3,73€ / KG",
Bolachas Dibus Angry Birds,GULLÓN,Emb. 0.25 KG,"1,95€","7,80€ / KG",
"AMBIENTADOR MECHA ""LAVANDA"" 375ML",BIEN AIR,Emb. 0.375 LT,"1,55€","4,13€ / LT",
COTONETES ALGODAO C/ CAIXA DE TAMPA,INELL,Emb. 16 UNID.,"1,24€","0,08€ / UNID.",
Coco Ralado,FERBAR,Emb. 0.2 KG,"2,18€","10,90€ / KG",
Snacks P/ Cão 25-40Kg Dentalife,PURINA,Emb. 0.142 KG,"1,69€","11,90€ / KG",
REFRIGERANTE S/GAS LARANJA,JAFUN,,"5,01€",/ Unid.,
Parmesão Reggiano Ralado,LES CROISÉS,Emb. 0.06 KG,"1,29€","21,50€ / KG",
Infusão de Frutos Vermelhos,LIPTON,Emb. 0.032 KG,"0,90€","28,13€ / KG",
Tostas com Baixo teor de Sal 36Unid.,EPI D'OR,Emb. 0.3 KG,"1,49€","4,97€ / KG",
Vinagre Balsâmico de Modena,GALLO,Emb. 0.5 LT,"2,99€","5,98€ / LT",
Tiras Limpiadoras Purificantes,NIVEA,Emb. 6 P,"5,19€","0,87€ / P",
Barras de Cereais Special K Frutos Vermelhos,KELLOGG'S,Emb. 0.132 KG,"3,44€","26,06€ / KG",
Sumo 8 Frutos,UM BONGO,Emb. 1 LT,"1,09€","1,09€ / LT",
Barras de Cereais de Chocolate C/ Leite 6 Unid.,CHOCAPIC,Emb. 0.15 KG,"2,79€","18,60€ / KG",
Recarga Espanador,PRONTO,Emb. 5 UNID.,"5,99€","1,20€ / UNID.",
Bolacha Gullon Vitalday Crocant Fruta 300g,GULLÓN,Emb. 0.3 KG,"2,28€","7,60€ / KG",
Café Solúvel Puro Colombia Suave,NESCAFÉ,Emb. 0.1 KG,"6,38€","63,80€ / KG",
BOLACHAS RECHEADAS C/ AVELA TIPO KANGO X12,P'TIT DÉLI,Emb. 0.225 KG,"1,76€","7,82€ / KG",
Sobremesa Gelado Mini Chocolate e Caramelo 6x60ml,MAGNUM,Emb. 0.36 LT,"3,59€","9,97€ / LT",
Esparguete Clássica,NACIONAL,Emb. 1 KG,"2,08€","2,08€ / KG",
Maionese Top Down,ECO+,Emb. 0.5 LT,"2,09€","4,18€ / LT",
Queijo Emental Francês,PRÉSIDENT,Emb. 0.25 KG,"4,28€","17,12€ / KG",
Vinho Regional Alentejano Tinto,DOM MARTINHO,Garrafa 0.75 LT,"3,89€","5,19€ / LT",
Massa Entrefina,,Emb. 0.5 KG,"0,69€","1,38€ / KG",
Vinho do Porto Lágrima,RAMOS PINTO,Emb. 0.75 LT,"10,18€","13,57€ / LT",
Néctar Vital Equilíbrio Manga Maracujá,COMPAL,Emb. 1 LT,"1,58€","1,58€ / LT",
Madalenas Longas Recheadas com Chocolate 8 Unidades,P'TIT DÉLI,Emb. 0.24 KG,"2,19€","9,13€ / KG",
Sementes de Chia,MARQUE REPERE,Emb. 0.2 KG,"2,09€","10,45€ / KG",
Batatas Pré-Fritas Cubos Ultracongelado,ECO+,Emb. 1 KG,"1,39€","1,39€ / KG",
BOLACHAS PETIT BEURRE C/ TABLETE CHOCOLATE LEITE POCKET,P'TIT DÉLI,Emb. 0.268 KG,"3,01€","11,23€ / KG",
Mozarella Ralada,GALBANI,Emb. 0.15 KG,"2,58€","17,20€ / KG",
Vitelão para Estufar,,1 Unid. = 0.85 KG (aprox.),"7,49€/kg","6,37€ / Unid.",
Abacaxi Sweet Gold,,1 Unid. = 1.78 KG (aprox.),"1,28€/kg","2,28€ / Unid.",
Tarama com Salmão Fumado,RONDE DES MERS,Emb. 0.1 KG,"1,46€","14,60€ / KG",
CRACKERS- BOLACHAS SALGADAS CROCANTES,TOKAPI,Emb. 0.1 KG,"0,48€","4,80€ / KG",
Café Solúvel Clássico Creme,NESCAFÉ,Frasco 0.1 KG,"3,98€","39,80€ / KG",
Vinho Regional Lisboa Rosé Leve,MUNDUS,Garrafa 0.75 LT,"1,98€","2,64€ / LT",
BOLACHAS C/ PEPITAS CHOC PRETO E QUINOA BIO,,Emb. 0.16 KG,"1,89€","11,81€ / KG",
Miolo de Amêndoa Laminada,MARQUE REPERE,Emb. 0.15 KG,"2,89€","19,27€ / KG",
Vinagre Vinho Branco,GALLO,Garrafa 0.25 LT,"1,09€","4,36€ / LT",
Alho Moído,MARGÃO,Emb. 0.05 KG,"1,34€","26,80€ / KG",
Manjericão,RUSTICA,Frasco 0.012 KG,"0,79€","65,83€ / KG",
Conserva de Verde Extra Fino,NOTRE JARDIN,Lata 0.44 KG,"2,09€","4,75€ / KG",
Bolachas Digestivas Chocolate,TRIUNFO,Emb. 0.195 KG,"1,98€","10,15€ / KG",
Bigburger de Peito de Frango 2 Unid.,IGLO,Emb. 0.227 KG,"3,98€","17,53€ / KG",
Body Lotion Hidratante Express Minerais Marinhos,NIVEA,Emb. 0.25 LT,"4,98€","19,92€ / LT",
Escova P/ Cabelo Oval Pequena,,Emb. 1 UNID.,"4,19€","4,19€ / UNID.",
Doseador Delicious Sweet Taste,CANDEREL,Emb. 1 P,"1,49€","1,49€ / P",
Cápsulas Café Espresso P/ Dolce Gusto Intensidade 11,STARBUCKS,Emb. 12 CAPS.,"4,58€","0,38€ / CAPS.",
MINI BISCOITOS COM COBERTURA DE CHOCOLATE DE LEITE,P'TIT DÉLI,Emb. 0.16 KG,"1,57€","9,81€ / KG",
Pão de Forma Integral Sem Côdea,BIMBO,Emb. 0.45 KG,"1,72€","3,82€ / KG",
Creme Depilatório Pele Sensível,SILISS,Emb. 0.2 LT,"2,89€","14,45€ / LT",
"Refrigerante com Gás Laranja Lata 6x0,33L",SUMOL,Emb. 1.98 LT,"4,38€","2,21€ / LT",
Açúcar Amarelo,SORES,Emb. 1 KG,"1,49€","1,49€ / KG",
Bebida de Soja Original,SHOYCE,Emb. 1 LT,"1,16€","1,16€ / LT",
Batatas Fritas no Forno Receita Camponesa,LAY'S,Emb. 0.13 KG,"2,18€","16,77€ / KG",
Iogurte Grego Natural 4 Unid.,YAOS,Emb. 0.44 KG,"2,19€","4,98€ / KG",
Máscara Ultra Suave Azeitona Mítica,GARNIER,Emb. 0.3 LT,"6,78€","22,60€ / LT",
Azeite Virgem Extra Dop,ROSMANINHO,Garrafão 5 LT,"24,79€","4,96€ / LT",
Queijo Curado Amanteigado,D. DINIS,1 Unid. = 1.1 KG (aprox.),"10,90€/kg","11,99€ / Unid.",
CHAMPO + DUCHE ENERGIZANTE PARA HOMEM,CARRÉ HOMME,Emb. 0.25,"1,35€","5,40€ /",
Chouriço de Carne Corrente,SICASAL,Emb. 0.2 KG,"1,69€","8,45€ / KG",
Caldo de Legumes,KNORR,Emb. 0.088 KG,"1,39€","15,80€ / KG",
CONDICIONADOR REPARADOR,VITANOVE,Emb. 0.2 LT,"1,25€","6,25€ / LT",
VINAGRE BALSAMICO BRANCO,RUSTICA,Emb. 0.025 LT,"2,08€","83,20€ / LT",
Vinho do Porto Velhotes White,CALEM,Garrafa 0.75 LT,"4,99€","6,65€ / LT",
Azeite,OLIVEIRA DA SERRA,Garrafão 3 LT,"15,17€","5,06€ / LT",
Tomate Pelado,GULOSO,Emb. 0.39 KG,"1,09€","2,79€ / KG",
Carapau Médio,,1 Unid. = 0.28 KG (aprox.),"3,98€/kg","1,11€ / Unid.",
Água de Nascente S/ Gás,ECO+,Garrafa 1.5 LT,"0,22€","0,15€ / LT",
Pantene Liso & Sedoso Champô,,Emb. 0.1 LT,"9,98€","99,80€ / LT",
CARVAO VEGETAL 3KG MARCA GUIA,,Emb. 3 KG,"3,79€","1,26€ / KG",
Pão de Forma com Códea Receita Económica,PANRICO,Emb. 0.475 KG,"1,68€","3,54€ / KG",
Queijo Raclette Fatiado,LES CROISÉS,Emb. 0.4 KG,"3,99€","9,98€ / KG",
Areia Branca Aromatizada para Aves,AVIPAR,Emb. 1 KG,"1,90€","1,90€ / KG",
Gelado de Morango,CARTE D'OR,Emb. 0.75 LT,"2,98€","3,97€ / LT",
Creme de Camembert,PRÉSIDENT,Emb. 0.125 KG,"2,19€","17,52€ / KG",
PENSOS INCONTINENCIA MEDIA - HOMEM,CHORYS,Emb. 20 UNID.,"3,94€","0,20€ / UNID.",
Biscoitos Multi Cereais,P'TIT DÉLI,Emb. 0.4 KG,"2,09€","5,23€ / KG",
CREME SABOR CARAMELO,DÉLISSE,Emb. 0.4 KG,"2,39€","5,98€ / KG",
Preservativo Sensitive,HARMONY,Emb. 6 UNID.,"4,58€","0,76€ / UNID.",
"Queijo Fundido Fonte de Vitaminas A, B2, B12",LES CROISÉS,Emb. 0.2 KG,"1,34€","6,70€ / KG",
Mão de Borrego,,1 Unid. = 1 KG (aprox.),"9,98€/kg","9,98€ / Unid.",
Whisky Blended,SHIP CHANDLER,Emb. 0.07 L,"7,99€","114,14€ / L",
Snack Húmido P/ Gato Party Mix Cheezy Mix,FELIX,Emb. 0.06 KG,"1,39€","23,17€ / KG",
Cotonetes Stoppers Bebé,MOTS D'ENFANTS,Emb. 50 UNID.,"2,19€","0,04€ / UNID.",
Yofu Natural c/ Amêndoa 500g,,Emb. 0.5 KG,"2,98€","5,96€ / KG",
Limão Cal. 2/3,,1 Unid. = 0.16 KG (aprox.),"1,99€/kg","0,32€ / Unid.",
Pão de Especiarias com Mel Biológico,,Emb. 0.3 KG,"2,09€","6,97€ / KG",
Manteiga com Sal,NOVA AÇORES,Emb. 0.25 KG,"2,28€","9,12€ / KG",
Refrigerante S/ Gás Limão,AQUARIUS,Garrafa 1.5 LT,"1,98€","1,32€ / LT",
Pastilha Elástica Senses Frutos Vermelhos 3x23g,TRIDENT,Emb. 0.069 KG,"2,53€","36,67€ / KG",
Máquinas de Depilar Descartáveis Venus 3,GILLETTE,Emb. 6 UNID.,"5,98€","1,00€ / UNID.",
Rolo Cozinha Mega ECO 1=10,MARQUE REPERE,Emb. 1 UNID.,"3,14€","3,14€ / UNID.",
Caixa Hermética Redonda 17cm,DURALEX,1 UNID.,"2,95€","2,95€ / UNID.",
ROLO COZINHA COMPACTO MULTIUSOS ECO,UNÍ VERT,Emb. 2 UNID.,"1,88€","0,94€ / UNID.",
Toalhitas para Bebé Limpa e Hidrata,DODOT,Emb. 384 UNID.,"8,14€","0,02€ / UNID.",
Refrigerante Mini C/ Gás Zero Cafeína Zero Açúcar Pack 12,COCA COLA ZERO,Emb. 1.8 LT,"5,63€","3,13€ / LT",
Máscara Repara & Fortalece Capilar com Biotina,TRESEMMÉ,Emb. 0.3 LT,"5,39€","17,97€ / LT",
Pensos Higiénicos Ultra Finos,ECO+,,"0,89€",/ Unid.,
"Alimento Húmido P/ Cão Adulto em Molho de Vaca, Borrego",FRISKIES,Emb. 0.4 KG,"1,89€","4,73€ / KG",
AUSONIA ORG COTTON SUPER ABAS,AUSONIA,Emb. 10 UNID.,"2,98€","0,30€ / UNID.",
Mirtilo,,Emb. 0.125 KG,"1,99€","15,92€ / KG",
Gelado de Chocolate Branco e Amêndoas Pack 4,MAGNUM,Emb. 0.44 LT,"2,99€","6,80€ / LT",
AUSONIA AIRDRY SUPER ABAS 30,AUSONIA,Emb. 30 UNID.,"4,98€","0,17€ / UNID.",
Snacks Húmidos P/ Gatos De Casa Peru e Cereais Integrais,PURINA,Emb. 0.8 KG,"6,64€","8,30€ / KG",
Vinho Regional Tejo Meio Seco Rosé,LEZÍRIA,Garrafa 0.75 LT,"1,58€","2,11€ / LT",
Jumbo Branco 50cl,ARDENCE,1 UNID.,"2,20€","2,20€ / UNID.",
Saladeira Branco Opaco 24cm,,1 UNID.,"2,50€","2,50€ / UNID.",
Iogurte Líquido Frutos Variados,YOCO,Emb. 0.54 KG,"2,19€","4,06€ / KG",
Chá de Hortelã Pimenta e Poejo,,Emb. 25 SAQ.,"0,79€","0,03€ / SAQ.",
Espanador Pack,PRONTO,Emb. 1 P,"3,88€","3,88€ / P",
Pantene Frizz Control & Luminosidade Champô 250 ml,PANTENE PV,Emb. 0.25 LT,"4,98€","19,92€ / LT",
Conserva de Caldeirada,PITEU,Emb. 0.12 KG,"2,38€","19,83€ / KG",
Champô Citrinos Extra Suave,MANAVA,Emb. 0.5 LT,"2,09€","4,18€ / LT",
Presunto Fatiado 2x75g,DAMATTA,Emb. 0.15 KG,"4,88€","32,53€ / KG",
"Água sem Gás 6x1,5L",VITALIS,Emb. 9 LT,"2,54€","0,28€ / LT",
Bebida à Base de Avelã,NAT&VIE,Emb. 1 LT,"1,94€","1,94€ / LT",
Sabonete Líquido Aloe Vera,DETTOL,Emb. 0.25 LT,"3,78€","15,12€ / LT",
MISTURA DE FRUTOS TROPICAL EM CALDA 4/4,DOUCEUR DU VERGER,Emb. 0.825 KG,"2,99€","3,62€ / KG",
Bolachas Recheadas Creme de Chocolate,,Emb. 0.24 KG,"0,99€","4,13€ / KG",
Strogonoff,KNORR,Emb. 0.033 KG,"0,84€","25,45€ / KG",
Dourada Cal. 200/300,,1 Unid. = 0.25 KG (aprox.),"6,79€/kg","1,70€ / Unid.",
Queijo Ralado 4 Queijos,PRÉSIDENT,Emb. 0.15 KG,"2,54€","16,93€ / KG",
ESPARREGADO DE ESPINAFRES,CÔTÉ TABLE,Emb. 0.35 KG,"1,19€","3,40€ / KG",
MOLHO SOJA,TABLES DU MONDE,Emb. 0.125 LT,"1,19€","9,52€ / LT",
Lava Tudo Brilhante Universal,SONASOL,Emb. 1.1 LT,"2,79€","2,54€ / LT",
Aperitivo Krit Krititas,CUÉTARA,Emb. 0.35 KG,"2,68€","7,66€ / KG",
Creme para Barrar com Avelãs,NUSTIKAO,Emb. 0.4 KG,"1,98€","4,95€ / KG",
Taça 2L Vidro,ARDENCE,1 UNID.,"2,99€","2,99€ / UNID.",
Champô Cabelo Criança Alperce e Flor de Algodão,ULTRA SUAVE,Emb. 0.25 LT,"3,58€","14,32€ / LT",
Cuecas Incontinência Discreet M,AUSONIA,Emb. 9 UNID.,"7,49€","0,83€ / UNID.",
Arroz Carolino,CAÇAROLA,Emb. 1 KG,"1,04€","1,04€ / KG",
Refrigerante C/ Gás Ananás,SPRINK'S,Garrafa 1.5 LT,"0,93€","0,62€ / LT",
Champô Elvive Total Repair 5,L'ORÉAL PARIS,Emb. 0.4 LT,"3,59€","8,98€ / LT",
Madalenas sem Glúten,CHAQUE JOUR SANS GLUTEN,Emb. 0.18 KG,"2,55€","14,17€ / KG",
Bolinhas de Bacalhau 20 Unid.,SNR,Emb. 0.334 KG,"3,69€","11,05€ / KG",
Batatas Fritas Lisas Camponesas,POM'LISSE,Emb. 0.2 KG,"1,25€","6,25€ / KG",
Creme Repara & Cuida Intensivo para Pele Extra Seca,NIVEA BODY,Emb. 0.3 LT,"6,89€","22,97€ / LT",
IOGURTE LIQUIDO MORANGO/BANANA,DÉLISSE,Emb. 0.72 KG,"1,59€","2,21€ / KG",
Formas de Papel 7cm,LILY COOK,Emb. 1 UNID.,"1,49€","1,49€ / UNID.",
Conserva de Azeitona Verde Inteira,RUSTICA,Emb. 0.5 KG,"2,09€","4,18€ / KG",
Nata para Bater,PARMALAT,Emb. 0.2 KG,"1,05€","5,25€ / KG",
SUN Tabs Classic Limão,,Emb. 32 DOSES,"3,49€","0,11€ / DOSES",
Chocolate de Leite com Amêndoas 3 Chocolates,REGINA,Emb. 0.072 KG,"1,78€","24,72€ / KG",
Vinho do Porto Fundador Tawny,COMPANHIA VELHA,Emb. 0.75 LT,"5,49€","7,32€ / LT",
Fraldas Bebé Ultra Confort Junior n5 11/25KG,MOTS D'ENFANTS,Emb. 136 UNID.,"20,90€","0,15€ / UNID.",
Massa Pevide Clássica,NACIONAL,Emb. 0.25 KG,"0,72€","2,88€ / KG",
Alimento Completo para Caturras,AVIPAR,Emb. 0.6 KG,"2,99€","4,98€ / KG",
Coloração Preto Azulado 210 sem Amoníaco,CASTING,Emb. 1 UNID.,"6,49€","6,49€ / UNID.",
Bolo de Aniversário,,1 Unid. = 1.2 KG (aprox.),"12,98€/kg","15,58€ / Unid.",
Johnson's Baby Champô de Camomila,JOHNSON'S BABY,Emb. 0.75 LT,"7,78€","10,37€ / LT",
Calamares,ECO+,Emb. 0.5 KG,"2,39€","4,78€ / KG",
Bolos de Iogurte 7 Unidades,P'TIT DÉLI,Emb. 0.189 KG,"1,55€","8,20€ / KG",
Café Moído Torrado Intensidade 12,BUONDI,Emb. 0.2 KG,"2,58€","12,90€ / KG",
Tablete Chocolate 70% Cacau Culinária,PANTAGRUEL,Emb. 0.2 KG,"2,99€","14,95€ / KG",
Café Cápsulas Cioccolato,PLANTATION,Emb. 16 CAPS.,"2,44€","0,15€ / CAPS.",
Sabonete Sólido Amêndoa Doce 6 Unid.,MANAVA,Emb. 6 UNID.,"3,45€","0,58€ / UNID.",
Desodorizante Roll-on Dermacare,VASELINE,Emb. 0.05 LT,"2,09€","41,80€ / LT",
Licor Bailey´s,BAILEY'S,Garrafa 0.7 LT,"13,59€","19,41€ / LT",
Forma de Alumínio Redonda Castanha 26cm,ARDENCE,1 UNID.,"5,30€","5,30€ / UNID.",
Pasta Arquivo com Elástico com 12 Divisórias,ESQUISSE,Emb. 1 UNID.,"2,50€","2,50€ / UNID.",
Champanhe Meio Seco,POL CARSON,Garrafa 0.75 LT,"18,14€","24,19€ / LT",
Gel de Banho,DOVE,Emb. 0.5 LT,"2,49€","4,98€ / LT",
Tiras de Bacon Fumados Superior 2x100g,ECO+,Emb. 0.2 KG,"1,49€","7,45€ / KG",
"Gel Duche ""Petalas""",MANAVA,Emb. 0.25 LT,"1,25€","5,00€ / LT",
Forma de Vidro Bolo Inglês 30cm,ARDENCE,1 UNID.,"4,20€","4,20€ / UNID.",
Inseticida Aerosol Casa e Plantas,RAID,Emb. 0.6 LT,"5,98€","9,97€ / LT",
Queijo Camembert,LES CROISÉS,Emb. 0.25 KG,"1,99€","7,96€ / KG",
Coloração Creme L'Oréal Paris 6.41 Avelã,EXCELLENCE,Emb. 1 UNID.,"7,79€","7,79€ / UNID.",
Cereais Arroz Tufado Chocolate,,Emb. 0.75 KG,"2,84€","3,79€ / KG",
Pantene Repara & Protege Champô 3 Em 1,,Emb. 0.3 LT,"4,98€","16,60€ / LT",
MOLHO AGRIDOCE PICANTE,TABLES DU MONDE,Emb. 0.3 KG,"1,49€","4,97€ / KG",
Rissóis de Camarão 8 Unid.,SNR,Emb. 0.325 KG,"2,19€","6,74€ / KG",
Macedónia de Ervilhas Ultracongelados,IGLO,Emb. 0.65 KG,"2,48€","3,82€ / KG",
Pantene Espuma Cabelo ondulado 200ml,PANTENE PV,Emb. 0.2 LT,"3,74€","18,70€ / LT",
Tapete Transparente 50/150cm,,1 UNID.,"4,90€","4,90€ / UNID.",
LASANHA SALMAO,CÔTÉ TABLE,Emb. 1 KG,"4,79€","4,79€ / KG",
Sardinha em Óleo Picante,BOM PETISCO,Emb. 0.12 KG,"0,99€","8,25€ / KG",
Lixívia Tradicional 2 L,NEOBLANC,Emb. 2 LT,"1,64€","0,82€ / LT",
Tortilhas de Milho,TABLES DU MONDE,Emb. 0.32 Kg,"1,58€","4,94€ / Kg",
Chouriço,NOBRE,Emb. 0.16 KG,"1,89€","11,81€ / KG",
Lava Tudo Marinho,CIF,Emb. 1.4 LT,"1,99€","1,42€ / LT",
Refrigerante C/ Gás Ananás,ECO+,Emb. 2 LT,"0,79€","0,40€ / LT",
GALETES DE MILHO C/ SEMENTES DE LINHACA BIO,,Emb. 0.15 KG,"1,44€","9,60€ / KG",
"Pilhas Alcalinas LR20/D 1,5V",FOXTER,Emb. 2 UNID.,"3,84€","1,92€ / UNID.",
Limonada Zero,SPRINK'S,Emb. 1.5 LT,"0,83€","0,55€ / LT",
Nabiça,,1 Unid. = 0.79 KG (aprox.),"2,19€/kg","1,73€ / Unid.",
Cereais Golden Grahams,NESTLÉ,Emb. 0.375 KG,"2,53€","6,75€ / KG",
Cebola Picada Ultracongelada,IGLO,Emb. 0.35 KG,"1,18€","3,37€ / KG",
Bolo de Cacau,P'TIT DÉLI,Emb. 0.42 KG,"2,79€","6,64€ / KG",
Prato Sobremesa Gourmandine Anis 21cm,ARDENCE,1 UNID.,"2,20€","2,20€ / UNID.",
Spray Anti-calcário Perfect,CIF,Emb. 0.435 LT,"2,49€","5,72€ / LT",
Johnson's Baby Brilho Mágico Condicionador Gotas de Brilho,JOHNSON'S BABY,Emb. 0.5 LT,"5,58€","11,16€ / LT",
Saleiro,,1 UNID.,"0,99€","0,99€ / UNID.",
Migas Bacalhau da Noruega,,Emb. 0.4 KG,"4,99€","12,48€ / KG",
TARTE DE LIMAO,P'TIT DÉLI,Emb. 0.3 KG,"2,79€","9,30€ / KG",
Alimento Seco para Gato Multicroquetes Peixe,ECO+,Emb. 2 KG,"2,69€","1,35€ / KG",
Alface Roxa,,1 Unid. = 0.4 KG (aprox.),"2,69€/kg","1,08€ / Unid.",
GELADO EM TUBO TROFI'TUBS 20UN,SMICY,Emb. 20 UNID.,"2,49€","0,12€ / UNID.",
Pensos Higiénicos Salvaslips em Bolsas,EVAX,Emb. 28 UNID.,"1,34€","0,05€ / UNID.",
Iogurte de Frutas Pedaços 12x125g,DÉLISSE,Emb. 1.5 KG,"2,74€","1,83€ / KG",
Néctar de Pera Clássico 3 Unid.,JAFADEN,Emb. 0.6 LT,"1,07€","1,78€ / LT",
Queijo Fundido 24 Porções,A VACA QUE RI,Emb. 0.4 KG,"3,89€","9,73€ / KG",
Exfoliante Facial,INELL,Emb. 0.075 LT,"1,19€","15,87€ / LT",
Iogurte Aroma Banana 4x120g,CLESA,Emb. 0.5 KG,"0,84€","1,68€ / KG",
Conserva de Sardinha em Tomate,PÊCHE OCÉAN,Emb. 0.12 KG,"0,99€","8,25€ / KG",
Gelado Feast Pack 4,OLÁ,Emb. 0.36 LT,"2,99€","8,31€ / LT",
Liégeois de Chocolate 4x100g,DÉLISSE,Emb. 0.4 KG,"1,49€","3,73€ / KG",
Gomas Tijolos,COPAÍNS COPINES,Emb. 0.2 KG,"1,31€","6,55€ / KG",
Biscoito de Ovos Frescos,ECO+,Emb. 0.4 KG,"1,69€","4,23€ / KG",
Conserva de Sardinha Molho de Tomate,PÊCHE OCÉAN,Emb. 0.12 KG,"0,99€","8,25€ / KG",
Gelatina Light Sabor a Ananás,TABLIER BLANC,Emb. 0.031 KG,"0,79€","25,48€ / KG",
Vaseline,VASELINE,Emb. 0.05 LT,"1,49€","29,80€ / LT",
Iogurte Mix-in Nesquik 84% Leite Cereais 2 Unid.,NESTLÉ,Emb. 0.232 KG,"1,99€","8,58€ / KG",
Passador de Inox 15cm,,1 UNID.,"1,50€","1,50€ / UNID.",
PESSEGO EM CALDA,DOUCEUR DU VERGER,Emb. 0.82 KG,"2,25€","2,74€ / KG",
Gnocchi Fresco,TURINI,Emb. 0.375 KG,"1,77€","4,72€ / KG",
Conserva de Ravioli à Bolonhesa,CÔTÉ TABLE,Lata 0.8 KG,"2,99€","3,74€ / KG",
Pêssego Amarelo,,1 Unid. = 0.17 KG (aprox.),"1,99€/kg","0,34€ / Unid.",
Massa Pérolas,MILANEZA,Emb. 0.25 KG,"0,59€","2,36€ / KG",
Gelado Cheesecake com Caramelo Salgado,CARTE D'OR,Emb. 0.9 LT,"4,98€","5,53€ / LT",
Elixir Cool Mint,SENSODYNE,Emb. 0.5 LT,"5,98€","11,96€ / LT",
Broa de Milho,,1 Unid. = 1.7 KG (aprox.),"0,99€/kg","0,99€ / Unid.",
Doce de Framboesa,CASA MATEUS,Frasco 0.345 KG,"3,28€","9,51€ / KG",
VINHO ALMA DE PIAS TINTO,ALMA DE PIAS,Emb. 0.075 LT,"1,89€","25,20€ / LT",
Alimento Húmido P/ Gato de Atum e Camarão,TOUS MES AMIS,Emb. 0.08 KG,"0,99€","12,38€ / KG",
Batata Noisettes,POM'LISSE,Emb. 1 KG,"1,59€","1,59€ / KG",
Faqueiro Conjunto 24 Peças Inox,TROQUET ROUGE,1 UNID.,"8,99€","8,99€ / UNID.",
B&J Strawb CheeseCake 465ml,,Emb. 0.465 LT,"6,78€","14,58€ / LT",
Alimento Completo Cereais P/ Coelhos Anões,TOUS MES AMIS,Emb. 0.8 KG,"1,49€","1,86€ / KG",
Bolachas com Recheio de Aroma a Laranja,P'TIT DÉLI,Emb. 0.15 KG,"1,25€","8,33€ / KG",
Martini Rosso Pack,MARTINI,Emb. 0.6 LT,"8,98€","14,97€ / LT",
Rolo de Cozinha Jumbo,SCOTTEX,Rolo 1 P,"3,49€","3,49€ / P",
"OIKOS MARACUJA 110G X4,,440G",OIKOS,Emb. 0.44 KG,"2,39€","5,43€ / KG",
Néctar Clássico 100% Laranja,COMPAL,Emb. 1 LT,"1,35€","1,35€ / LT",
Absorvente Gato,TOUS MES AMIS,Emb. 10 LT,"3,99€","0,40€ / LT",
Balde de Lixo 45L,,1 UNID.,"10,90€","10,90€ / UNID.",
Sementes de Quinoa Biológicas,,Emb. 0.5 KG,"4,78€","9,56€ / KG",
PATE RICO SALMAO P/ GATO BIO CV 100G PLENIMA,PLENIMA,Emb. 0.1 KG,"0,69€","6,90€ / KG",
Alimento Seco P/ Gato Crunchy e Tender Salmão Atum,PURINA FRISKIES,Emb. 1.5 KG,"6,64€","4,43€ / KG",
ELIXIR BOCAL,DENTAMYL,Emb. 0.5 LT,"1,28€","2,56€ / LT",
"Lixívia Supergel, 750ML",,Emb. 0.75 LT,"2,54€","3,39€ / LT",
Condicionador para Cabelo Encaracolado,TRESEMMÉ,Emb. 0.5 LT,"4,19€","8,38€ / LT",
Cereais de Aveia Integral C/ Chocolate Preto,FITNESS,Emb. 0.375 KG,"3,98€","10,61€ / KG",
Crepes de Queijo e Fiambre,CÔTÉ TABLE,Emb. 6 UNID.,"1,59€","0,27€ / UNID.",
Bolachas Maria Dorada,GULLÓN,Emb. 0.6 KG,"2,48€","4,13€ / KG",
Especiarias Mistura de 5 Pimentas,RUSTICA,Frasco 0.043 KG,"1,69€","39,30€ / KG",
Tablete Chocolate Cacau 85%,LACASA,Emb. 0.1 g,"1,64€","16,40€ / g",
Drageia Mastigável de Mentos Rainbow,MENTOS,Emb. 0.12 KG,"1,98€","16,50€ / KG",
Chupa Single,CHUPA CHUPS,Emb. 0.012 KG,"0,38€","31,67€ / KG",
FEIJAO CATARINO SACO,NOTRE JARDIN,Emb. 1 KG,"2,09€","2,09€ / KG",
Ambientador Carro Flores Elegantes,AMBIPUR,Emb. 1 UNID.,"3,48€","3,48€ / UNID.",
Néctar Vital Equilíbrio Laranja Maracujá,COMPAL,Emb. 1 L,"1,58€","1,58€ / L",
Lenços de Bolso Pure Sensitive 4 Folhas,RENOVA,Emb. 6 UNID.,"0,98€","0,16€ / UNID.",
Refrigerante com Gás Ananás,FRISUMO,Garrafa 1 LT,"0,99€","0,99€ / LT",
LAVA TUDO CONCENTRADO ECOLOGICO,UNÍ VERT,Emb. 1 LT,"1,24€","1,24€ / LT",
Sobremesa de Soja C/ Caramelo,NAT&VIE,Emb. 0.4 KG,"1,49€","3,73€ / KG",
Refrigerante C/ Gás Lima-Limão,SPRINK'S,Garrafa 1 LT,"0,89€","0,89€ / LT",
Bebida Espirituosa London Gin,BRIGHTON'S,Garrafa 0.7 LT,"7,49€","10,70€ / LT",
Raclette 3 Poivres,LES CROISÉS,Emb. 0.25 KG,"2,89€","11,56€ / KG",
Alimento Seco Gato Croquetes,TOUS MES AMIS,Emb. 2 KG,"2,99€","1,50€ / KG",
Gel de Banho Hidratante Baby Sensitive,BABY DOVE,Emb. 0.2 LT,"1,79€","8,95€ / LT",
Caldo para Massas,KNORR,Emb. 0.08 KG,"1,39€","17,38€ / KG",
Desodorizante Roll-On Shower Fresh,REXONA,Emb. 0.05 LT,"2,39€","47,80€ / LT",
Syoss Oieo Intense 5-92 Vermelho Intenso,SYOSS,,"6,24€",/ Unid.,
Néctar Clássico Pera,JAFADEN,Emb. 1 LT,"0,98€","0,98€ / LT",
Batatas Fritas Caseiras Rodelas,SNR,Emb. 0.18 KG,"0,89€","4,94€ / KG",
NATAS FRESCAS,DÉLISSE,Emb. 0.2 KG,"1,19€","5,95€ / KG",
ICE TEA MANGA,LIPTON,Emb. 0.5 LT,"0,79€","1,58€ / LT",
Couve Roxa Ripada,,Emb. 0.225 KG,"1,59€","7,07€ / KG",
MACARRONETE RISCADO,CAÇAROLA,Emb. 0.5 KG,"1,16€","2,32€ / KG",
Escova a Pilhas Motion Kids Minion Bateria,COLGATE,Emb. 1 UNID.,"6,14€","6,14€ / UNID.",
"VELA AROMATICA ""MACA/CANELA"" 30H",BIEN AIR,Emb. 1 UNID.,"2,08€","2,08€ / UNID.",
Pizza Royale Volpone Ultracongelado,TURINI,Emb. 0.57 KG,"2,99€","5,25€ / KG",
Fraco Doseador 75cl,,1 UNID.,"1,35€","1,35€ / UNID.",
GEL FIX EXTREME VITANOVE 250ML,VITANOVE,Emb. 0.25 LT,"1,56€","6,24€ / LT",
SPRAY FIXACAO EXTREMA,VITANOVE,Emb. 0.25 LT,"1,73€","6,92€ / LT",
XAU LIMP MAQ DUOPACK,XAU,Emb. 2 DOSES,"6,99€","3,50€ / DOSES",
Fraldas Bebé Dry Fit Advanced T4 8-18Kg,CHICCO,Emb. 38 UNID.,"14,33€","0,38€ / UNID.",
Alimento Seco P/ Cão Salmão C/ Arroz,PURINA,Emb. 0.8 KG,"5,38€","6,73€ / KG",
Alimento Húmido Gato Saquetas Sabor Mar 4x100 g,WHISKAS,Emb. 0.4 KG,"2,38€","5,95€ / KG",
Seleção de Frutos Secos,MARQUE REPERE,Emb. 0.2 KG,"5,65€","28,25€ / KG",
Frango do Campo Inteiro,,1 Unid. = 2.8 KG (aprox.),"3,59€/kg","10,05€ / Unid.",
TAGLIATELLES FRANGO E COGUMELOS,CÔTÉ TABLE,Emb. 0.3 KG,"2,72€","9,07€ / KG",
Snack para Cão +25Kg Dentastix,PEDIGREE,Emb. 0.27 KG,"3,88€","14,37€ / KG",
MARISCADA,ECO+,Emb. 0.7 KG,"4,98€","7,11€ / KG",
Cerveja com Álcool Stout 6x33cl,SUPER BOCK,Emb. 1.98 LT,"4,49€","2,27€ / LT",
Vinho Verde Branco,AVELEDA,Garrafa 0.75 LT,"4,98€","6,64€ / LT",
Pantene Caracóis Definidos Laca 300ml,PANTENE PV,Emb. 0.3 LT,"3,74€","12,47€ / LT",
Tablete de Chocolate Preto com Recheio de Menta,EQUADOR,Emb. 0.15 KG,"1,55€","10,33€ / KG",
Azeitonas Verdes Descaroçadas,,Emb. 0.32 KG,"1,45€","4,53€ / KG",
Café Original Moído,BUONDI,Emb. 0.22 KG,"2,58€","11,73€ / KG",
Fraldas Bebé Dry Fit Advanced T5 12-25Kg,CHICCO,Emb. 34 UNID.,"14,33€","0,42€ / UNID.",
FILETES DE PESCADA,PÊCHE OCÉAN,Emb. 0.4 KG,"4,19€","10,48€ / KG",
Recarga Ambientador Freshmatic Oasis Turquesa,AIR WICK,Emb. 0.25 LT,"5,98€","23,92€ / LT",
Café Torrado Moído Clássico Intensidade 9,SICAL,Emb. 16 UNID.,"3,58€","0,22€ / UNID.",
Manteiga de Bretagne Doux,LES CROISÉS,Emb. 0.25 KG,"2,19€","8,76€ / KG",
Loção para Corpo Suavizante 48h Pele Seca,NIVEA BODY,Emb. 0.4 LT,"5,98€","14,95€ / LT",
Massa Letras,TURINI,Emb. 0.25 KG,"0,55€","2,20€ / KG",
Tartelettes Cobertas Morango,ECO+,Emb. 0.2 KG,"0,79€","3,95€ / KG",
Coloração Creme L'Oréal Paris 4 Castanho,EXCELLENCE,Emb. 1 P,"7,79€","7,79€ / P",
Sumo Active Drink Frutos Exóticos / Cenoura,SANTAL,Emb. 1.5 LT,"1,89€","1,26€ / LT",
Yofu Natural Sem Açúcar 500g,,Emb. 0.5 KG,"2,98€","5,96€ / KG",
Amaciador Cabelos Secos Elvive,ELVIVE,Emb. 0.2 LT,"3,98€","19,90€ / LT",
Iogurte Líquido Framboesa Arandos 4x155g,DANONE,Emb. 0.62 KG,"1,69€","2,73€ / KG",
Champô Cabelo Garnier Hidra Caracóis,FRUCTIS,Emb. 0.25 LT,"3,98€","15,92€ / LT",
Pensos Higiénicos Fina e Segura Normal,EVAX,Emb. 1 P,"1,98€","1,98€ / P",
Tomate Mini Alongado,,Emb. 0.25 KG,"1,49€","5,96€ / KG",
SYOSS OLEO INT. 9-10 LOURO LUMI,SYOSS,,"6,24€",/ Unid.,
Refresco em Pó Laranja,TANG,Emb. 0.03 KG,"0,82€","27,33€ / KG",
Massa Concha,MILANEZA,Emb. 0.5 KG,"1,48€","2,96€ / KG",
Polvo Médio,,1 Unid. = 2.5 KG (aprox.),"10,98€/kg","27,45€ / Unid.",
Iogurte Bifidus Líquido Frutos Silvestres 0% 4 Unid.,DANONE,Emb. 0.62 KG,"1,99€","3,21€ / KG",
Tigela de Cereais Rouge Gourmandine 17cl,ARDENCE,1 UNID.,"1,40€","1,40€ / UNID.",
"Água sem Gás 6x1,5 L",LUSO,Emb. 9 LT,"2,87€","0,32€ / LT",
"AGUA FRIZE,,75CL",FASTIO,,"0,98€",/ Unid.,
Néctar Clássico Manga Magdalena 3x20 cl,COMPAL,Emb. 0.6 LT,"1,58€","2,63€ / LT",
Liegeois Chocolate e Café 4x100g,DÉLISSE,Emb. 0.8 KG,"2,74€","3,43€ / KG",
"Gelados Bombons de Chocolate Classic, de Amêndoas e de Branco Pack 12",MAGNUM,Emb. 0.14 LT,"4,98€","35,57€ / LT",
Farinha de Linhaça Dourada e Moída,CEM PORCENTO,Emb. 0.2 KG,"1,79€","8,95€ / KG",
DESODORIZANTE SPRAY SEDUCTION MEN 200ML,CARRÉ HOMME,Emb. 0.2 LT,"1,30€","6,50€ / LT",
Recarga para Difusor Elétrico Flores Elegantes,AMBIPUR,Emb. 1 UNID.,"4,04€","4,04€ / UNID.",
Mini Chorizo 3 Unid.,ST AZAY,Emb. 0.15 KG,"2,69€","17,93€ / KG",
Cachorrinhos 5 Unid.,,Emb. 5 KG,"3,19€","0,64€ / KG",
Canela Moída,MARGÃO,Emb. 0.1 KG,"4,34€","43,40€ / KG",
Compota de Maçã Morango Biológica 4x90g,,Emb. 0.36 KG,"2,39€","6,64€ / KG",
Vinho Regional Lisboa Branco,PROVA RÉGIA,Garrafa 0.75 LT,"4,98€","6,64€ / LT",
BATATAS FRITAS LISAS,POM'LISSE,Emb. 0.35 KG,"2,38€","6,80€ / KG",
Miolo de Amêndoa Torrada,MARQUE REPERE,Emb. 0.2 KG,"3,98€","19,90€ / KG",
Arroz Semi Integral,,Emb. 0.5 KG,"1,29€","2,58€ / KG",
Luvas para Uso Doméstico Tamanho L,MAMISON,Emb. 1 UNID.,"0,79€","0,79€ / UNID.",
Toalhitas Dermo 40,LINDOR,Emb. 40 UNID.,"4,23€","0,11€ / UNID.",
Vinagre Vinho Branco,CRISTAL,Garrafa 0.5 LT,"0,99€","1,98€ / LT",
TOALHITAS DESMAQ. PELES SECAS E SENSIVEIS BIO,BIONAÏA,Emb. 25 UNID.,"1,99€","0,08€ / UNID.",
Fibra Normal Classic,SCOTCH BRITE,Emb. 1 UNID.,"1,14€","1,14€ / UNID.",
Escorredor Talheres,,1 UNID.,"1,80€","1,80€ / UNID.",
Vinho Rosé Emotions,MATEUS,Garrafa 0.75 LT,"3,98€","5,31€ / LT",
VILEDA LUVAS MULTI 10 S/M,VILEDA,Emb. 10 UNID.,"2,08€","0,21€ / UNID.",
Creme Limpeza Pink Flowers,CIF,Emb. 0.7 LT,"2,49€","3,56€ / LT",
Secretos de Porco,,1 Unid. = 0.2 KG (aprox.),"8,89€/kg","1,78€ / Unid.",
"AGUA FASTIO,6x50CL",FASTIO,,"1,79€",/ Unid.,
Molho Piri-piri Extra Picante,PALADIN,Emb. 0.075 LT,"1,78€","23,73€ / LT",
Champô Cabelo Ultra Suave Delicadeza de Aveia,GARNIER,Emb. 0.25 LT,"3,98€","15,92€ / LT",
Cerveja com Álcool 6x25cl,HEINEKEN,Emb. 1.5 LT,"3,99€","2,66€ / LT",
Caixa de Arrumação com Tampa e Rodas 40L Transparente,,1 UNID.,"9,95€","9,95€ / UNID.",
Água com Gás 10x25 cl TP,PEDRAS SALGADAS,Emb. 2.5 LT,"4,38€","1,75€ / LT",
Compota de Banana Maçã 4x100g,ECO+,Emb. 0.4 KG,"0,87€","2,18€ / KG",
Cesto para Fritadeira 26cm,,1 UNID.,"2,59€","2,59€ / UNID.",
Preparado em Pó para Bebida de Cacau Biológico,,Emb. 0.5 KG,"3,59€","7,18€ / KG",
Galão São Lourenço 3x200 ml,UCAL,Emb. 0.6 LT,"2,00€","3,33€ / LT",
IOGURTE BATIDO ACUCARADO BAUNILHA,DÉLISSE,Emb. 1 KG,"2,09€","2,09€ / KG",
Queijo Amanteigado Mistura,ALVELHE,1 Unid. = 1.2 KG (aprox.),"10,04€/kg","12,05€ / Unid.",
Alimento Húmido Gato P/ Gold,GOURMET,Emb. 0.085 KG,"0,69€","8,12€ / KG",
Saqueta Multifrutos com Bolacha,HERO BABY,Emb. 0.1 KG,"0,95€","9,50€ / KG",
Laca Elnett Latin Fixação Forte,L'ORÉAL PARIS,Spray 0.3 LT,"4,49€","14,97€ / LT",
Chá de Cidreira,LIPTON,Emb. 20 SAQ.,"1,20€","0,06€ / SAQ.",
Tablete Chocolate 40% Cacau Biológica,,Emb. 0.1 KG,"1,59€","15,90€ / KG",
Alimento Seco P/ Gato Carne Vaca Frango Legumes,PURINA FRISKIES,Emb. 4 KG,"9,59€","2,40€ / KG",
Pacotinho de Frutas Banana Maçã S/ Glúten +4 meses,NESTLÉ BEBÉ,Emb. 0.09 KG,"0,69€","7,67€ / KG",
Sumo 100% Laranja,JAFADEN,Emb. 2 LT,"2,91€","1,46€ / LT",
Creme Revitalift Dia,DERMO EXPERTISE,Emb. 0.03 LT,"11,19€","373,00€ / LT",
Argolas do Mar Ultracongelado,PESCANOVA,Emb. 0.4 KG,"3,98€","9,95€ / KG",
Ice Tea Pêssego 2x2lt,LIPTON,Emb. 4 LT,"4,99€","1,25€ / LT",
Alimento Seco Gato Croquetes Frango e Cereais,ECO+,Emb. 4 KG,"6,49€","1,62€ / KG",
Queijo Mini Babybel,BABYBEL,Emb. 0.12 KG,"2,28€","19,00€ / KG",
Pantene Cuidado Clássico Champô 3 Em 1,PANTENE PV,Emb. 0.3 LT,"4,98€","16,60€ / LT",
Chá Preto Yellow,LIPTON,Emb. 20 SAQ.,"1,09€","0,05€ / SAQ.",
COCO RALADO,TABLIER BLANC,Emb. 0.125 KG,"1,04€","8,32€ / KG",
Iogurte de Morango 4 Unid.,IOGOLINO,Emb. 0.4 KG,"2,28€","5,70€ / KG",
Molho Big Burger,CALVÉ,Emb. 0.25 LT,"2,38€","9,52€ / LT",
Shampoo Fortificante Arginina e Proteína,ELVIVE,Emb. 0.25 LT,"3,98€","15,92€ / LT",
BEBIDA ARROZ ORIGINAL,ALPRO,Emb. 1 LT,"2,08€","2,08€ / LT",
Salsichão de Cervelas de Porco,TRADILÈGE,Emb. 0.3 KG,"2,69€","8,97€ / KG",
GUARDANAPOS AZUL FOLHA SIMPLES RENOVA,GUARDANAPOS RENOVA,Emb. 70 UNID.,"0,69€","0,01€ / UNID.",
Cereais Special K Classic,KELLOGG'S,Emb. 0.75 KG,"3,74€","4,99€ / KG",
Creme de Banho Pele Suave,NIVEA,Emb. 0.75 LT,"3,49€","4,65€ / LT",
COOKIES CHOCOLATE C/PEPITAS CHOCOLATE X12,P'TIT DÉLI,Emb. 0.2 KG,"1,39€","6,95€ / KG",
Recarga Ambientador Smooth Satin & Moon Lilly,AIRWICK,Emb. 1 UNID.,"5,98€","5,98€ / UNID.",
"AQUAFRESH INTENSE CLEAN,,2x75ML",AQUAFRESH,,"3,98€",/ Unid.,
TARTE DE BRIGADEIRO,P'TIT DÉLI,Emb. 0.3 KG,"2,79€","9,30€ / KG",
Alimento Seco P/ Cão -10Kg Frango e Arroz,PURINA,Emb. 3 KG,"11,99€","4,00€ / KG",
Kinder SchokobonsT.200 White,KINDER,Emb. 0.2 KG,"3,98€","19,90€ / KG",
Copo de Pé 19cl,EQUIP HOME,1 UNID.,"0,99€","0,99€ / UNID.",
Bolachas de Diet-Fibra sem Açúcar,GULLÓN,Emb. 0.25 KG,"2,48€","9,92€ / KG",
Natas Pasteurizadas,LONGA VIDA,Emb. 0.2 LT,"1,98€","9,90€ / LT",
Bebida Energética Blood Orange,POWERADE,Emb. 0.5 LT,"1,38€","2,76€ / LT",
REBENTOS DE FEIJAO MUNGO,NOTRE JARDIN,Emb. 0.175 KG,"1,31€","7,49€ / KG",
Bolachas Tostada com Leite 4x200gr,P'TIT DÉLI,Emb. 0.8 KG,"1,43€","1,79€ / KG",
Alimento Seco P/ Gato Especial Pele e Pêlo,PURINA,Emb. 0.8 KG,"6,64€","8,30€ / KG",
Sopa de Tomate,KNORR,Emb. 0.085 KG,"1,49€","17,53€ / KG",
Salsichas de Estrasburgo 10 Unid.,,Emb. 0.35 KG,"1,89€","5,40€ / KG",
Dentífrico Cuidado Diário,PARODONTAX,Emb. 0.075 LT,"5,58€","74,40€ / LT",
CARIL SAQUETA,RUSTICA,Emb. 0.05 KG,"0,62€","12,40€ / KG",
Compota de Framboesa Morango 4x90g,DOUCEUR DU VERGER,Emb. 0.36 KG,"1,94€","5,39€ / KG",
Vinho Branco Bag in Box,ALMA DE PIAS,Emb. 5 LT,"7,12€","1,42€ / LT",
Refrigerante S/ Gás Laranja,AQUARIUS,Garrafa 1.5 LT,"1,98€","1,32€ / LT",
Farinha S/ Fermento T65,NACIONAL,Emb. 1 KG,"1,08€","1,08€ / KG",
Vinho Regional Alentejo Branco,REAL LAVRADOR,Garrafa 0.75 LT,"1,84€","2,45€ / LT",
ESCOVA DENTES MEDIA,DENTAMYL,Emb. 4 UNID.,"1,35€","0,34€ / UNID.",
Massa de Alho,RUSTICA,Frasco 0.2 KG,"0,83€","4,15€ / KG",
Queijo Fundido Palitos 4x140g,A VACA QUE RI,Emb. 0.14 KG,"1,94€","13,86€ / KG",
Cápsulas Café Sical,DOLCE GUSTO,Emb. 16 CAPS.,"5,98€","0,37€ / CAPS.",
Paté de Sardinha e Cavala,PÊCHE OCÉAN,Emb. 0.065 KG,"0,59€","9,08€ / KG",
Tampa Universal Inox 12/16cm,ARDENCE,1 UNID.,"1,85€","1,85€ / UNID.",
Maçã Jonagored Cal. 75/80,,1 Unid. = 0.245 KG (aprox.),"1,49€/kg","0,37€ / Unid.",
Pães de Leite 10Unid.,ECO+,Emb. 0.4 KG,"1,36€","3,40€ / KG",
Sua Vinha Tetra Pak Branco,SUA VINHA,Emb. 1 LT,"0,95€","0,95€ / LT",
Iogurte Líquido Déli´Up Morango 10x100g,DÉLISSE,Emb. 1 KG,"2,29€","2,29€ / KG",
VINHO FRIZANTE CACHO FRESCO BRANCO.75L,CACHO FRESCO,Emb. 0.075 LT,"1,69€","22,53€ / LT",
WC Frescura Continua,NEO BLANC,Emb. 2 UNID.,"5,98€","2,99€ / UNID.",
Bolachas Maria sem Açúcar,GULLÓN,Emb. 0.4 KG,"2,68€","6,70€ / KG",
Leite Prado Verde Meio Gordo Bio,AGROS,Emb. 1 LT,"1,18€","1,18€ / LT",
Gel de Banho Amêndoas Doces,VASELINE,Emb. 0.7 LT,"2,99€","4,27€ / LT",
Massa Folhada Pronta a Desenrolar sem Glúten,CHAQUE JOUR SANS GLUTEN,Emb. 0.28 KG,"2,78€","9,93€ / KG",
Queijo Brique Vaca,LES CROISÉS,Emb. 0.2 KG,"1,99€","9,95€ / KG",
Parte Traseira de Borrego,,1 Unid. = 3 KG (aprox.),,,
Fraldas Bebé T6 Doucer +16 Kg,MOTS D'ENFANTS,Emb. 58 UNID.,"10,13€","0,17€ / UNID.",
YOFU SOJA MIRTILO 4x125G,ALPRO,Emb. 0.5 LT,"2,29€","4,58€ / LT",
Crocante de Frango Recheio Queijo e Fiambre,IGLO,Emb. 0.204 KG,"4,98€","24,41€ / KG",
QUEIJO EDAM FATIADO,ECO+,Emb. 0.2 KG,"1,49€","7,45€ / KG",
Refrigerante S/ Gás Tropical Cenoura,JAFADEN,Garrafa 1.5 LT,"1,49€","0,99€ / LT",
Cuecas Incontinência Boutique L,AUSONIA,Emb. 8 UNID.,"8,99€","1,12€ / UNID.",
Água com Gás Pet 6x33 cl,PEDRAS SALGADAS,Emb. 1.98 LT,"2,58€","1,30€ / LT",
Vinho Regional Tejo Branco,LAGAR PIAS,Garrafa 0.75 LT,"1,69€","2,25€ / LT",
Cortadores de Metal,BIRAMBEAU,Emb. 6 UNID.,"1,99€","0,33€ / UNID.",
Mix Frutos do Bosque,,Emb. 0.135 KG,"2,37€","17,56€ / KG",
Fraldas Incontinência Máxima G,LINDOR,Emb. 46 UNID.,"27,48€","0,60€ / UNID.",
Sobremesa Creme de Chocolate 4x125g,DÉLISSE,Emb. 0.5 KG,"1,49€","2,98€ / KG",
"AZEITE CLASSICO VIRGEM ≤ 0,7%",RUSTICA,Emb. 0.75 KG,"3,69€","4,92€ / KG",
Iogurte Aroma Tutti-Frutti 4 Unid.,LONGA VIDA,Emb. 0.125 KG,"0,89€","7,12€ / KG",
Vinho Regional Alentejano Tinto,SOVIBOR,Garrafa 0.75 LT,"2,29€","3,05€ / LT",
Champô Purify & Hidrate,TRESEMMÉ,Emb. 0.4 LT,"4,19€","10,48€ / LT",
Puré de Batata Biológico 2x125g,,Emb. 0.25 KG,"2,99€","11,96€ / KG",
PAO RALADO,TABLIER BLANC,Emb. 0.25 KG,"0,44€","1,76€ / KG",
Lasanha à Bolonhesa,,Emb. 1 KG,"3,89€","3,89€ / KG",
FEIJAO MANTEIGA SACO,NOTRE JARDIN,Emb. 0.5 KG,"1,31€","2,62€ / KG",
Snack Chocolate Leite,LION,Emb. 3 UNID.,"1,39€","0,46€ / UNID.",
"AGUARDENTE PONTE MARANTE,,70CL",,0.07 CL,"15,99€","228,43€ / CL",
Bolachas Plain Chocolate,BELVITA,Emb. 0.3 KG,"1,98€","6,60€ / KG",
Fritos Tiras de Milho,MATUTANO,Emb. 0.13 KG,"1,14€","8,77€ / KG",
Cápsulas Café Sical Pack x3,DOLCE GUSTO,Emb. 48 CAPS.,"13,98€","0,29€ / CAPS.",
Bolachas Tosta Rica Choco Guay,CUÉTARA,Emb. 0.168 UNID.,"2,08€","12,38€ / UNID.",
CREME SABOR CHOCOLATE,DÉLISSE,Emb. 0.4 KG,"2,39€","5,98€ / KG",
Limpa Máquinas Limão 5x Power Actions,FINISH,Emb. 1 UNID.,"3,89€","3,89€ / UNID.",
Alimento Húmido P/ Gato Completo 4x400g,LYCAT,Emb. 4 UNID.,"3,40€","0,85€ / UNID.",
Grelhador Quadrado 26x26cm,,1 UNID.,"12,90€","12,90€ / UNID.",
Leite Bem Especial Cálcio Magro,MIMOSA,Emb. 1 LT,"0,98€","0,98€ / LT",
Snack Fruut Maçã Verde Intenso Sem Açúcar,,Emb. 0.02 KG,"0,84€","42,00€ / KG",
Vinho Regional Bairrada Branco,MARQUES DE MARIALVA,Garrafa 0.75 LT,"4,98€","6,64€ / LT",
Vinho Frutado Branco,SALVE,Garrafa 0.75 LT,"1,29€","1,72€ / LT",
"Requeijão de Vaca, Cabra e Ovelha",SALOIO,Emb. 0.17 KG,"1,34€","7,88€ / KG",
Sumo 100% Multifrutos Biológico,,Emb. 1 LT,"2,19€","2,19€ / LT",
Neoblanc Densa+,NEOBLANC,Emb. 2 LT,"2,58€","1,29€ / LT",
BRIOCHE FATIADO C/CHOCOLATE,EPI D'OR,Emb. 0.5 KG,"2,69€","5,38€ / KG",
Chouriço de Carne Corrente,SICOSTA,Emb. 0.18 KG,"1,19€","6,61€ / KG",
Leite Bem Especial Crescimento a partir de 3 anos,MIMOSA,Emb. 1 LT,"1,78€","1,78€ / LT",
Queijo Mascarpone,LES CROISÉS,Emb. 0.25 KG,"1,59€","6,36€ / KG",
AGUARDENTE FIM DE SÉCULO Vínica Velhíssima 25 Anos Cx. Cartão 70CL,,0.07 CL,"39,98€","571,14€ / CL",
Absorvente Branco para Gato Aglomerante,TOUS MES AMIS,Emb. 4 LT,"2,39€","0,60€ / LT",
Amaciador Condicionador,TRESEMMÉ,Emb. 0.5 LT,"4,19€","8,38€ / LT",
Rebuçados de Frutas,MENTOS,Emb. 10 UNID.,"0,68€","0,07€ / UNID.",
Snacks Húmidos P/ Gato Adulto 2 de Frango e 2 de Vaca,PURINA,Emb. 0.34 KG,"2,59€","7,62€ / KG",
CREME REVITALIZANTE Q10 MEN 50ML,CARRÉ HOMME,Emb. 0.05 LT,"2,40€","48,00€ / LT",
Conserva de Salsichas Aves 8 Unid.,NOBRE,Lata 0.2 KG,"1,09€","5,45€ / KG",
AGUA MICELAR BIO,BIONAÏA,Emb. 0.4 LT,"2,51€","6,28€ / LT",
Cereais Kellogg's All Bran Plus 375g,KELLOGG'S,Emb. 0.375 KG,"2,14€","5,71€ / KG",
Detergente Líquido para Roupa,,Emb. 33 DOSES,"3,07€","0,09€ / DOSES",
Ketchup,CALVÉ,Emb. 0.25 KG,"1,83€","7,32€ / KG",
Couve Branca,,1 Unid. = 1.28 KG (aprox.),"1,49€/kg","1,91€ / Unid.",
Pacotinho de Frutas S/ Glúten,NESTLÉ BEBÉ,Emb. 0.09 KG,"0,69€","7,67€ / KG",
Detergente Loiça Manual Espuma Ativa,FAIRY,Emb. 0.375 LT,"3,28€","8,75€ / LT",
Doce de Pêssego Baixo Teor de Açúcar,DOUCEUR DU VERGER,Frasco 0.34 KG,"1,43€","4,21€ / KG",
Desodorizante Roll On Men Cool Kick,NIVEA MEN,Emb. 0.05 LT,"3,78€","75,60€ / LT",
Tostas com Germen de Trigo Biológicas,,Emb. 0.3 KG,"1,95€","6,50€ / KG",
Dentes de Alho,,Emb. 0.25 KG,"2,43€","9,72€ / KG",
Douradinhos Forníssimo 12 Unid.,CAPITÃO IGLO,Emb. 0.3 KG,"2,79€","9,30€ / KG",
Palmiers Folhados,P'TIT DÉLI,Emb. 0.23 KG,"1,46€","6,35€ / KG",
Bacalhau Especial Noruega Asa Preta,,1 Unid. = 4 KG (aprox.),"12,39€/kg","49,56€ / Unid.",
Escova ZigZag Média,COLGATE,Emb. 3 UNID.,"2,99€","1,00€ / UNID.",
PALMIERS DU BOIS ROCHE 150G,DU BOIS DE LA ROCHE,Emb. 0.15 KG,"1,38€","9,20€ / KG",
Cereais Mel Zero,NESTUM,Emb. 0.25 KG,"1,49€","5,96€ / KG",
Vinagre Vinho Tinto,CRISTAL,Garrafa 0.5 LT,"0,99€","1,98€ / LT",
Feno Roedores,TOUS MES AMIS,Emb. 1 KG,"1,71€","1,71€ / KG",
Linguas de Gato Sabor a Canela,P'TIT DÉLI,Emb. 0.2 KG,"0,69€","3,45€ / KG",
Alimento Húmido P/ Gato Gold Mousse C/ Frango,GOURMET,Emb. 0.085 KG,"0,69€","8,12€ / KG",
Bebida Energética Energy,MONSTER ENERGY,Emb. 0.5 LT,"1,54€","3,08€ / LT",
Fraldas Bebé Dry Fit Advanced T4 8-18Kg,CHICCO,Emb. 19 UNID.,"7,99€","0,42€ / UNID.",
Champô Protecção da Cor,TRESEMMÉ,Emb. 0.5 LT,"4,19€","8,38€ / LT",
Caldo de Carne,KNORR,Emb. 16 CUBOS,"2,39€","0,15€ / CUBOS",
Alho Seco,,1 Unid. = 0.1 KG (aprox.),"5,69€/kg","0,57€ / Unid.",
Maionese,RUSTICA,Emb. 0.225 LT,"1,29€","5,73€ / LT",
Costeletas Mistas de Porco,,1 Unid. = 0.435 KG (aprox.),"4,89€/kg","2,13€ / Unid.",
Camarão Aquicultura Cal. 60/80 Congelado,,1 Unid. = 0.25 KG (aprox.),"6,99€/kg","1,75€ / Unid.",
Aerossol Air Flores Elegantes,AMBIPUR,Emb. 0.3 LT,"3,98€","13,27€ / LT",
Pá do Lixo c/ Espanador,,Emb. 1 UNID.,"2,10€","2,10€ / UNID.",
Manteiga C/ Sal e Alho,MIMOSA,Emb. 0.2 KG,"2,18€","10,90€ / KG",
SORTIDO GOMAS CAIXA PLASTICA,COPAÍNS COPINES,Emb. 0.75 KG,"4,42€","5,89€ / KG",
Arroz Carolino,,Emb. 1 KG,"0,95€","0,95€ / KG",
Massa Margaridas com Vegetais,MILANEZA,Emb. 0.5 KG,"1,88€","3,76€ / KG",
Néctar de Laranja,UM BONGO,Emb. 1 LT,"1,09€","1,09€ / LT",
Escorredor de Louça,ARDENCE,1 UNID.,"4,90€","4,90€ / UNID.",
Fromage Blanc com Leite Meio Gordo,,Emb. 1 KG,"1,89€","1,89€ / KG",
Refrigerante S/ Gás Laranja,JAFADEN,Garrafa 1.5 LT,"0,99€","0,66€ / LT",
CANELA EM PO SAQUETA,RUSTICA,Emb. 0.08 KG,"1,00€","12,50€ / KG",
GEL FIXACAO BETAO 250ML,VITANOVE,Emb. 0.25 LT,"1,56€","6,24€ / LT",
Café Torrado Moído Vietname Moagem Universal Intensidade 10,SICAL,Emb. 0.22 KG,"3,68€","16,73€ / KG",
GUARDANAPOS RENOVA OLÉ DUPLO 140U,GUARDANAPOS RENOVA,Emb. 140 UNID.,"0,99€","0,01€ / UNID.",
Pizza Casa di Mama Quatro Queijos,DR. OETKER,Emb. 0.395 KG,"5,48€","13,87€ / KG",
Pimenta Branca Moída,MARGÃO,Emb. 0.1 KG,"4,18€","41,80€ / KG",
Topping Chocolate,MILKA,Emb. 0.3 KG,"3,48€","11,60€ / KG",
Ambientador 5 em 1 Relax Zen,BRISE,Emb. 0.3 LT,"2,48€","8,27€ / LT",
Donuts Americano Cacau 2x74 gr,PANRICO,Emb. 0.148 KG,"1,13€","7,64€ / KG",
Lava Tudo Gel Ativo com Lixívia,CIF,Emb. 0.75 LT,"1,39€","1,85€ / LT",
Recarga para Difusor Elétrico 3 Volution Ar Fresco,AMBIPUR,Emb. 1 UNID.,"5,24€","5,24€ / UNID.",
Massa Areada,TABLIER BLANC,Emb. 0.23 KG,"1,39€","6,04€ / KG",
BROWNIE CHOCOLATE C/ PEPITAS EM CAIXA,P'TIT DÉLI,Emb. 0.285 KG,"1,79€","6,28€ / KG",
Massa Pontinha Clássica,NACIONAL,Emb. 0.25 KG,"0,78€","3,12€ / KG",
Óleo Intense 12-0 Aclarante Extremo,SYOSS,,"6,24€",/ Unid.,
Barrinhas de Chocolate T-16,KINDER,Emb. 0.2 KG,"2,98€","14,90€ / KG",
Robalo Cal. 600/800,,1 Unid. = 0.75 KG (aprox.),"7,98€/kg","5,99€ / Unid.",
Cachaço com Osso Porco,,1 Unid. = 0.5 KG (aprox.),"4,99€/kg","2,50€ / Unid.",
Bacalhau Crescido Asa Preta,,1 Unid. = 1.6 KG,"12,49€/kg","19,98€ / Unid.",
GELADO PESSEGO MELBA,YSCO,Emb. 0.9 LT,"1,69€","1,88€ / LT",
RECARGA LIMPA VIDROS ECOLOGICO,UNÍ VERT,Emb. 0.75 LT,"1,19€","1,59€ / LT",
Açúcar Branco 170 Saquetas,TÉVA,Emb. 1 KG,"2,35€","2,35€ / KG",
Snack P/ Cão Sticks C/ Aroma a Búfalo,PURINA,Emb. 0.09 KG,"1,49€","16,56€ / KG",
Alimento Completo Cereais P/ Canários,TOUS MES AMIS,Emb. 1 KG,"2,69€","2,69€ / KG",
Iogurte Líquido Danonino Bebedino Tutti-Frutti 4x100g,DANONE,Emb. 0.4 KG,"1,79€","4,48€ / KG",
Iogurtes Cremosos Açucarados Frutas Vermelhas 8x125g,DÉLISSE,Emb. 1 KG,"1,99€","1,99€ / KG",
Pastilhas Elásticas Senses Tropical Mix 3x23g,TRIDENT,Emb. 0.069 KG,"2,58€","37,39€ / KG",
Pizza Fresca 3 Queijos,TURINI,Emb. 0.45 KG,"2,49€","5,53€ / KG",
Vinagre de Vinho Branco,RUSTICA,Garrafa 0.75 LT,"0,68€","0,91€ / LT",
Bebida de Soja,NAT&VIE,Emb. 1 LT,"0,75€","0,75€ / LT",
Vinagre Balsâmico Branco,GALLO,Emb. 0.25 LT,"1,69€","6,76€ / LT",
Refrigerante S/ Gás Laranja Maracujá,JAFADEN,Garrafa 1.5 LT,"0,99€","0,66€ / LT",
Molho Passata Guloso C/Manjericao E Oregãos 210G,GULOSO,Emb. 0.21 KG,"0,64€","3,05€ / KG",
BOLACHAS RECHEADAS C/ CHOCO TIPO KANGO,P'TIT DÉLI,Emb. 0.225 KG,"1,73€","7,69€ / KG",
Regenerador de Pontas,TRESEMMÉ,Emb. 0.675 LT,"8,98€","13,30€ / LT",
Espuma Cabelo Styling Flexible Curls,NIVEA,Emb. 0.15 LT,"4,18€","27,87€ / LT",
CREME DE VINAGRE,RUSTICA,Emb. 0.025 CL,"1,75€","70,00€ / CL",
Bandas Depilatórias Cera Fria,SILISS,Emb. 40 UNID.,"3,41€","0,09€ / UNID.",
Queijo Flamengo 1/4,LIMIANO,Emb. 0.325 KG,"3,18€","9,78€ / KG",
PRESUNTO FATIADO 8 MESES CURA,CAMPO FINO,Emb. 0.15 KG,"2,59€","17,27€ / KG",
Champô Liso Asiático para Cabelo Frisado e Rebelde,GLISS,Emb. 0.25 LT,"2,24€","8,96€ / LT",
Caldos Molho Cervejeira 8 Cubos,KNORR,Emb. 0.072 KG,"1,49€","20,69€ / KG",
Batatas Fritas Onduladas,RUFFLES,Emb. 0.18 KG,"2,28€","12,67€ / KG",
Sumo 100% de Uva,JAFADEN,Emb. 1 LT,"1,46€","1,46€ / LT",
Cápsulas Café Blonde Espresso P/ Dolce Gusto Intensidade 6,STARBUCKS,Emb. 12 CAPS.,"4,58€","0,38€ / CAPS.",
Queijo São Jorge,QUEIJO SÃO JORGE,1 Unid. = 0.2 KG (aprox.),"15,90€/kg","3,18€ / Unid.",
Recarga Sabonete Líquido Flores Laranjeira,MANAVA,Emb. 0.25 LT,"0,69€","2,76€ / LT",
Chouriço Corrente com Colorau,,Emb. 1 KG,"4,49€","4,49€ / KG",
Biscoitos Revestidos com Chocolate Branco,P'TIT DÉLI,Emb. 0.15 KG,"0,98€","6,53€ / KG",
Whisky Classic Black 5,LABEL 5,Garrafa 0.7 LT,"9,99€","14,27€ / LT",
HAMBURGUER DE PERU 4UN,CHANTEGRIL,Emb. 0.32 KG,"2,59€","8,09€ / KG",
Refrigerante sem Gás Maçã,JOI,Garrafa 1.5 LT,"1,25€","0,83€ / LT",
Bebida em Pó Ananás,TANG,Emb. 0.03 KG,"0,82€","27,33€ / KG",
Eau de Toilette Homem Original Brut,BRUT,Emb. 0.1 LT,"14,98€","149,80€ / LT",
Caldo de Carne,KNORR,Emb. 8 CUBOS,"1,39€","0,17€ / CUBOS",
Açúcar de Cana em Pó Biológico,,Emb. 0.5 KG,"1,98€","3,96€ / KG",
Chá de Maçã e Canela,TISÉA,Emb. 25 SAQ.,"1,24€","0,05€ / SAQ.",
Gelatina Light de Mirtilo 2x15g,CONDI,Emb. 0.03 KG,"1,78€","59,33€ / KG",
Louro Folhas,MARGÃO,Emb. 0.007 KG,"1,48€","211,43€ / KG",
Elixir Max White,COLGATE,Emb. 0.5 LT,"4,54€","9,08€ / LT",
Refrigerante com Gás Guarana,ANTARCTICA,Garrafa 1.5 LT,"1,79€","1,19€ / LT",
Sabonete Líquido para as Mãos,DOVE,Emb. 0.25 LT,"2,39€","9,56€ / LT",
Refrigerante C/ Gás,COCA COLA,Lata 0.33 LT,"0,79€","2,39€ / LT",
Ovas de Peixe Lapa vermelho,RONDE DES MERS,Emb. 0.1 KG,"3,69€","36,90€ / KG",
PENSOS INCONTINENCIA LIGEIRA - HOMEM,CHORYS,Emb. 20 UNID.,"3,41€","0,17€ / UNID.",
Cápsulas Café Ristretto Napoli Style Intensidade 13,DOLCE GUSTO,Emb. 30 CAPS.,"10,48€","0,35€ / CAPS.",
Bolachas Mini Cookies Tradicionais,NACIONAL,Emb. 0.12 KG,"1,28€","10,67€ / KG",
Cereais Muesli Chocolate e Quinoa Biológico,,Emb. 0.375 KG,"2,99€","7,97€ / KG",
Delícias com Forma de Lagosta Ultracongelado,PESCANOVA,Emb. 0.255 KG,"1,99€","7,80€ / KG",
Mini Tostas Normais Retangulares,BIMBO,Emb. 0.1 KG,"1,68€","16,80€ / KG",
Batatas P/ Cozer,,Emb. 3 KG,"3,19€","1,06€ / KG",
Chocolate de Leite Oreo,MILKA,Emb. 0.037 KG,"0,98€","26,49€ / KG",
Desodorizante Cucumber & Green Tea S/ áçcool e Alumínio,DOVE,Emb. 0.15 LT,"2,84€","18,93€ / LT",
Canela Moída,RUSTICA,Emb. 0.04 KG,"0,50€","12,50€ / KG",
SARDINHA OLEO DE GIRASSOL,PÊCHE OCÉAN,Emb. 0.12 KG,"0,99€","8,25€ / KG",
Flocos de Trigo Integral + Fibra,NACIONAL,Emb. 0.3 KG,"1,72€","5,73€ / KG",
Champanhe Brut Imperial,MOET & CHANDON,Garrafa 0.75 LT,"49,15€","65,53€ / LT",
CHOCOLATE PRETO COM FLOR DE SAL,EQUADOR,Emb. 0.1 KG,"1,25€","12,50€ / KG",
Leite Reparador Tesouros de Mel,ULTRA SUAVE,Emb. 0.4 LT,"5,98€","14,95€ / LT",
Chispe de Porco,,1 Unid. = 0.5 KG (aprox.),"2,69€/kg","1,35€ / Unid.",
GRELOS FOLHAS PORCOES,NOTRE JARDIN,Emb. 0.4 KG,"1,04€","2,60€ / KG",
ALHO FRANCÊS RONDELLE,NOTRE JARDIN,Emb. 1 KG,"1,49€","1,49€ / KG",
Tónica Suave Pele Seca,NIVEA,Emb. 0.2 LT,"3,89€","19,45€ / LT",
Papel Higiénico Triple Confort,SCOTTEX,Emb. 24 UNID.,"15,98€","0,67€ / UNID.",
Morcela Fumada,SICASAL,Emb. 0.2,"1,99€","9,95€ /",
Cerveja com Álcool Lata,SUPER BOCK,Emb. 0.5 LT,"0,79€","1,58€ / LT",
Tablete de Chocolate Avelãs,MILKA,Emb. 0.1 KG,"1,58€","15,80€ / KG",
Orégãos Folhas,MARGÃO,Emb. 0.008 KG,"0,98€","122,50€ / KG",
Sumo de Romã 100% Bio,,Emb. 1 LT,"4,20€","4,20€ / LT",
Balde para Esfregona,,Emb. 1 UNID.,"2,99€","2,99€ / UNID.",
Verniz de Unhas 60 Segundos 210,RIMMEL,Emb. 1 UNID.,"5,34€","5,34€ / UNID.",
Café Ricoré,DOLCE GUSTO,Emb. 16 CAPS.,"4,99€","0,31€ / CAPS.",
Pescada Argentina Nº1 Congelada,,1 Unid. = 0.6 KG (aprox.),"3,29€/kg","1,97€ / Unid.",
Caramelo duro con palo,CHUPA CHUPS,,"2,28€",/ Unid.,
Loção para Corpo Hidatrante Express 48h Pele Normal a Seca,NIVEA BODY,Emb. 0.4 LT,"5,99€","14,98€ / LT",
Iogurte Líquido Morango 6x100g,DANACOL,Emb. 0.6 KG,"2,99€","4,98€ / KG",
Snack P/ Gato Crispies C/ Sabor a Frango e Carne de Vaca,FELIX,Emb. 0.45 KG,"1,39€","3,09€ / KG",
COLORAÇÃO BELLADY PERMANENTE Nº 30 CASTANHO ESCURO,BELLADY,Emb. 1 UNID.,"6,49€","6,49€ / UNID.",
Conserva de Feijão Frade Cozido,NOTRE JARDIN,Frasco 0.57 KG,"0,64€","1,12€ / KG",
Barras Hero De Cereais Muesli Chocolate Leite 6x25g,HERO,Emb. 0.15,"1,79€","11,93€ /",
Bolachas Cobertas ChocoWafer Branco,MILKA,Emb. 0.18 KG,"2,38€","13,22€ / KG",
Papa Infantil Bolacha Maria,CERELAC,Emb. 0.25 KG,"2,37€","9,48€ / KG",
Alimento Seco P/ Cão Adulto Carne Vaca,PURINA ONE,Emb. 1.5 KG,"5,50€","3,67€ / KG",
Sumo 100% Laranja Brasil,JAFADEN,Emb. 1 LT,"1,55€","1,55€ / LT",
Tira Nódoas Gold Power Gel,VANISH,Emb. 0.2 LT,"4,54€","22,70€ / LT",
Cinzeiro Color,CENDRIER COULEUR,1 UNID.,"1,49€","1,49€ / UNID.",
Bolachas Recheadas Chocolate,ECO+,Emb. 0.5 KG,"1,15€","2,30€ / KG",
Ervas de Provence,RUSTICA,Frasco 0.018 KG,"0,79€","43,89€ / KG",
Mini Rissóis de Carne 20 Unid.,SNR,Emb. 0.4 KG,"2,99€","7,48€ / KG",
ALGODAO DUO MINI OVALE X110,INELL,Emb. 110 UNID.,"0,83€","0,01€ / UNID.",
Detergente Líquido Multisuperficies Rosas e Jasmim,SONASOL,Emb. 1.3 LT,"2,09€","1,61€ / LT",
ABRASIVO SANITARIO PINHO ACTIV EFFECT 750ML,SYPHON,Emb. 0.75 LT,"0,88€","1,17€ / LT",
Paté Campestre,TRADILÈGE,Emb. 0.18 Kg,"1,98€","11,00€ / Kg",
"GELADO ""TYROLIA"" CREME BRULEE",ESKISS,Emb. 0.65 LT,"2,89€","4,45€ / LT",
Gelatina Sabor Melancia 2x85g,TABLIER BLANC,Emb. 0.17 KG,"0,83€","4,88€ / KG",
CEREAIS PETALAS NATURAL,GRAINEA,Emb. 0.44 KG,"1,49€","3,39€ / KG",
Bolachas com Cobertura de Chocolate Preto,,Emb. 0.2 KG,"1,39€","6,95€ / KG",
Vinho Regional Península de Setúbal Branco Seco,B.S.E,Garrafa 0.75 LT,"3,98€","5,31€ / LT",
Torta com Cobertura Cacau e Recheio de Leite,DAN CAKE,Emb. 0.3 KG,"2,48€","8,27€ / KG",
Pistácio Torrado C/ Sal,MARQUE REPERE,Emb. 0.25 KG,"5,87€","23,48€ / KG",
Água sem Gás 6x50cl,SERRA DA ESTRELA,Emb. 3 LT  (aprox.),"1,59€","0,53€ / LT",
Bolachas com Creme Nocilla e Cereais,CUÉTARA,Emb. 0.175 KG,"2,88€","16,46€ / KG",
Fiambre Peito de Peru,CAMPO FINO,1 Unid. = 0.1 KG (aprox.),"7,99€/kg","0,80€ / Unid.",
Leite Condensado Magro,DÉLISSE,Emb. 0.37 KG,"0,99€","2,68€ / KG",
Sumo 100% Laranja Biológico,,Emb. 1 LT,"2,61€","2,61€ / LT",
Bloco Sanitário Blue Activ,SONASOL WC,Emb. 0.05 KG,"1,94€","38,80€ / KG",
Vinho do Porto Special Reserve,PORTO CRUZ,Emb. 0.75 LT,"9,99€","13,32€ / LT",
Queijo Mini Babybel Light,BABYBEL,Emb. 0.12 KG,"2,38€","19,83€ / KG",
Salsichão Cumbre Real,CAMPOFRIO,1 Unid. = 0.1 KG (aprox.),"16,90€/kg","1,69€ / Unid.",
SACOS LIXO FECHO FACIL LAVANDA 30L,ELEMBAL,Emb. 20 UNID.,"1,39€","0,07€ / UNID.",
Salada Oriental C/ Hortelã,MENU FRAÎCHEUR,Emb. 0.3 KG,"1,49€","4,97€ / KG",
Creme Limpeza Lemon,CIF,Emb. 0.5 LT,"1,89€","3,78€ / LT",
Espuma de Barbear Pele Sensível,GILLETTE,Emb. 0.2 LT,"2,58€","12,90€ / LT",
Margarina Light,,Emb. 0.5 KG,"1,39€","2,78€ / KG",
MOLHO CARIL DE LEGUMES C/LEITE COCO,RUSTICA,Emb. 0.4 KG,"1,68€","4,20€ / KG",
Aerossol Air Nuvens de Algodão,AMBIPUR,Emb. 0.3 LT,"3,98€","13,27€ / LT",
Tremoços,,1 Unid. = 0.1 KG (aprox.),"5,29€/kg","0,53€ / Unid.",
Banana da Madeira,,1 Unid. = 0.18 KG (aprox.),"2,69€/kg","0,48€ / Unid.",
TARTE DE COCO,P'TIT DÉLI,Emb. 0.3 KG,"2,79€","9,30€ / KG",
Refrigerante C/ Gás Laranja,SPRINK'S,Garrafa 1.5 LT,"0,93€","0,62€ / LT",
Iced Tea Manga,ECO+,Emb. 1.5 LT,"0,84€","0,56€ / LT",
Queijo Mozzarella Biológico,,Emb. 0.125 KG,"1,29€","10,32€ / KG",
Iogurte Bifidus Magro Líquido Activia Pêssego Maracujá 4 Unid.,ACTIVIA,Emb. 0.62 KG,"1,99€","3,21€ / KG",
Marcadores para Colorir,ECO+,Emb. 12 UNID.,"0,99€","0,08€ / UNID.",
Mix de Patês,CÔTÉ TABLE,Emb. 0.234 KG,"1,64€","7,01€ / KG",
Milho P/ Pipocas,MARQUE REPERE,Emb. 0.25 KG,"0,59€","2,36€ / KG",
Aletria,NACIONAL,Emb. 0.5 KG,"1,48€","2,96€ / KG",
Conjunto 6 Copos Champanhe Sept 17cl,ARDENCE,6 UNID.,"4,95€","0,83€ / UNID.",
Queijo Curado de Ovelha Amanteigado 500Gr,OURO DO PASTOR,0.5 KG,"14,39€","28,78€ / KG",
Éclair de Chocolate,,1 Unid. = 0.08 KG,"1,19€","14,88€ / KG",
Gelatina Light Morango 4 Unid.,ROYAL,Emb. 0.4 KG,"1,98€","4,95€ / KG",
Fondue Queijo,LES CROISÉS,Emb. 0.4 KG,"3,38€","8,45€ / KG",
Néctar Light Tropical Cenoura,JAFADEN,Emb. 1 LT,"0,49€","0,49€ / LT",
Tarte Gelada Morango,VIENNETTA,Emb. 0.65 LT,"3,98€","6,12€ / LT",
Tempero de Alho & Salsa 8 Cubos,KNORR,Emb. 0.072 KG,"1,49€","20,69€ / KG",
TARTELETES FRAMBOESA,P'TIT DÉLI,Emb. 0.15 KG,"0,99€","6,60€ / KG",
Vinho Regional Douro Tinto,CISTUS,Garrafa 0.75 LT,"3,99€","5,32€ / LT",
Fraldas Recém Nascido T1 Ultra Confort 2/5Kg,MOTS D'ENFANTS,Emb. 23 UNID.,"2,78€","0,12€ / UNID.",
Vinho Rosé Frutado,FAISÃO,Garrafa 0.75 LT,"2,38€","3,17€ / LT",
Sangria Don Simon,DON SIMON,Garrafa 1.5 LT,"2,18€","1,45€ / LT",
Doce de Laranja Baixo Teor de Açúcar,DOUCEUR DU VERGER,Frasco 0.34 KG,"1,31€","3,85€ / KG",
Chocolate em Pó,PANTAGRUEL,Emb. 0.125 KG,"0,78€","6,24€ / KG",
Alimento Seco Cão Croquetes Ricos em Carnes,ECO+,Emb. 10 KG,"8,99€","0,90€ / KG",
Néctar Clássico Pêssego,JAFADEN,Emb. 1 LT,"0,98€","0,98€ / LT",
Queijo Saint Albray,SAINT ALBRAY,1 Unid. = 0.25 KG (aprox.),"26,90€/kg","6,73€ / Unid.",
Salmão Vermelho do Pacífico,RONDE DES MERS,Emb. 0.06 KG,"4,59€","76,50€ / KG",
Queijo Le Brie,PRÉSIDENT,Emb. 0.2 KG,"3,77€","18,85€ / KG",
Difusor Elétrico 3 Volution + Recarga Japan Tatami,AMBIPUR,Emb. 2 UNID.,"4,99€","2,50€ / UNID.",
LUVAS EXTRA SENSATION P/M,VILEDA,,"1,88€",/ Unid.,
Farinha de Milho Flocão,YOKI,Emb. 0.5 KG,"2,38€","4,76€ / KG",
Iogurte Bifidus Líquido Morango e Kiwi 0% 4 Unid.,DANONE,Emb. 0.62 KG,"1,99€","3,21€ / KG",
VINHO DÃO CASA DE SANTAR RESERVA TINTO 75,CASA DE SANTAR,,"14,98€",/ Unid.,
Lagartos,,Emb. 0.3 KG,"2,09€","6,97€ / KG",
Ervilhas Ultracongeladas,NOTRE JARDIN,Emb. 1 KG,"1,89€","1,89€ / KG",
Adoçante,CANDEREL,Emb. 100 UNID.,"2,39€","0,02€ / UNID.",
Queijo Fundido 16 Porções,A VACA QUE RI,Emb. 0.28 KG,"3,79€","13,54€ / KG",
Bolachas Recheadas Baunilha,ECO+,Emb. 0.5 KG,"1,59€","3,18€ / KG",
Vinho Regional Dão Tinto Seleção,QUINTA DE CABRIZ,Garrafa 0.75 LT,"4,98€","6,64€ / LT",
Pescada Congelada,,1 Unid. = 1.9 KG (aprox.),"5,49€/kg","10,43€ / Unid.",
Foie Gras,PIRRE DE CHAUMEYRAC,Emb. 0.3 KG,"17,90€","59,67€ / KG",
Água com Gás,VIMEIRO,Emb. 0.5 LT,"0,41€","0,82€ / LT",
Paio do Lombo de Porco Preto,PRIMOR,Emb. 0.07 KG,"7,69€","109,86€ / KG",
Vinho Regional Douro Branco,PORCA DE MURÇA,Garrafa 0.75 LT,"3,59€","4,79€ / LT",
Bolachinhas P/ Bebé +6 meses,NESTLÉ,Emb. 0.18 KG,"2,98€","16,56€ / KG",
Amaciador para a Roupa Pure,COMFORT,Emb. 78 DOSES,"3,99€","0,05€ / DOSES",
Azeite Maduras,OLIVEIRA DA SERRA,Emb. 0.75 LT,"4,26€","5,68€ / LT",
Alimento Seco para Cães Pequenos Croquetes,LYDOG,Emb. 2 KG,"3,39€","1,70€ / KG",
Tabuleiro de Vidro Oval 39x27cm,ARDENCE,1 UNID.,"6,45€","6,45€ / UNID.",
Café Delta Em Grão Torrado Chávena,DELTA,Emb. 1 KG,"12,98€","12,98€ / KG",
Queijo Flamengo Barra,NOVA AÇORES,1 Unid. = 0.15 KG (aprox.),"8,90€/kg","1,34€ / Unid.",
Frasco Doseador 50cl,,1 UNID.,"1,50€","1,50€ / UNID.",
Esparguete,TURINI,Emb. 1 KG,"1,46€","1,46€ / KG",
Wafers com Cobertura Chocolate de Leite,P'TIT DÉLI,Emb. 0.175 KG,"1,90€","10,86€ / KG",
Iogurte Grego Limão 4x150g,DÉLISSE,Emb. 0.6 KG,"1,88€","3,13€ / KG",
GELEIA MARMELO 345G,CASA MATEUS,Emb. 0.345 KG,"3,28€","9,51€ / KG",
Aquafresh Active White  125ml,AQUAFRESH,,"2,79€",/ Unid.,
Pantene Volume & Brilho Máscara 160 ml,PANTENE PV,Emb. 0.16 LT,"5,98€","37,38€ / LT",
Esfregão Regular,BRAVO,Emb. 1 P,"0,98€","0,98€ / P",
Verniz de Unhas 60 Segundos 740,RIMMEL,Emb. 1 UNID.,"5,34€","5,34€ / UNID.",
Guardanapos 2 Folhas 33x33 cm,RENOVA,Emb. 90 UNID.,"1,38€","0,02€ / UNID.",
Queijo Curado Meio Gordo Fonte Mouisca,LACTO SERRA,1 Unid. = 0.25 KG (aprox.),"9,49€/kg","2,37€ / Unid.",
Massa Entrefina,TURINI,Emb. 0.5 KG,"0,93€","1,86€ / KG",
Queijo Meio Gordo o Sabor Português,LES CROISÉS,1 Unid. = 1 KG (aprox.),"8,28€/kg","8,28€ / Unid.",
FIAMBRE PERNA EXTRA MAGRO -25% TEOR SAL 4F,TRADILÈGE,Emb. 0.16 KG,"2,59€","16,19€ / KG",
Mateus Rosé,MATEUS,Garrafa 0.75 LT,"3,98€","5,31€ / LT",
Batom de Cieiro com Óleo de Jojoba e Manteiga de Karité,LABELLO,Emb. 1 UNID.,"1,98€","1,98€ / UNID.",
Polpa de Tomate Cebola e Alho,GULOSO,Emb. 0.5 KG,"1,98€","3,96€ / KG",
Bebida de Soja Original 3x200ML,SHOYCE,Emb. 0.6 LT,"1,39€","2,32€ / LT",
Alecrim,MARGÃO,Emb. 0.015 KG,"1,18€","78,67€ / KG",
Arroz Basmati,,Emb. 1 KG,"2,09€","2,09€ / KG",
"ALIMENT BEBE: PURE FEIJAO VERDE, BATATA BIO +4M  2X120G",BIO VILLAGE BEBE,Emb. 0.24 KG,"1,35€","5,63€ / KG",
Preparado de Culinária de Soja Biológico 3x200ml,,Emb. 0.6 L,"3,99€","6,65€ / L",
Água Coco 100% Natural,JAFADEN,Emb. 1 LT,"2,39€","2,39€ / LT",
Gelatina Light Sabor a Morango,TABLIER BLANC,Emb. 0.031 KG,"0,79€","25,48€ / KG",
16 Caps.Café Kaffa Compativeis SG Negro,KAFFA,Emb. 16 UNID.,"3,19€","0,20€ / UNID.",
Molho de Alho,CALVÉ,Frasco 0.25 KG,"2,68€","10,72€ / KG",
Biscoitos Tranças com Cobertura de Chocolate de Leite,P'TIT DÉLI,Emb. 0.09 KG,"1,68€","18,67€ / KG",
ELIXIR BOCAL EXPERT SENSITIVE,DENTAMYL,Emb. 0.5 LT,"1,35€","2,70€ / LT",
Água Tónica Zero,SPRINK'S,Garrafa 1.5 LT,"0,74€","0,49€ / LT",
Desentupidor em Gel Forza Canos,MR MUSCLE,Emb. 0.1 LT,"4,98€","49,80€ / LT",
Pudim Flan Chino,EL MANDARIN,Emb. 0.019 KG,"1,38€","72,63€ / KG",
Luvas para Uso Doméstico Tamanho S,RENOVA LUVAS,Emb. 1 UNID.,"0,88€","0,88€ / UNID.",
Inseticida para Casa e Plantas,RAID,Spray 0.4 LT,"4,98€","12,45€ / LT",
Cupita de Porco Preto,PRIMOR,Emb. 0.07 KG,"6,49€","92,71€ / KG",
Café Torrado Moído África e Ásia Intensidade 11,SICAL,Emb. 0.25 LT,"3,48€","13,92€ / LT",
GRAO DE BICO  3X200G,NOTRE JARDIN,Emb. 0.6 KG,"1,93€","3,22€ / KG",
CRISTAIS SODA 500G CLAIR,CLAIR,Emb. 0.5 KG,"2,09€","4,18€ / KG",
AXE GEL APOLLO,AXE,Emb. 0.4 LT,"3,29€","8,23€ / LT",
Detergente Roupa Máquina Líquido Sensitive,SKIP,Emb. 80 DOSES,"15,99€","0,20€ / DOSES",
Amaciador Concentrado Aromaterapia Violeta,VERNEL,Emb. 57 DOSES,"3,29€","0,06€ / DOSES",
Sacos de Lixo Casa de Banho com Atilho 20x10L,ELEMBAL,Emb. 20 UNID.,"0,89€","0,04€ / UNID.",
Aipo,,Emb. 0.5 KG,"1,39€","2,78€ / KG",
Spaguetti,TRADIZIONI D'ITALIA,Emb. 0.5 KG,"1,46€","2,92€ / KG",
Gelado de Caramelo Salgado e Amêndoas Pack 3,MAGNUM,Emb. 0.27 LT,"2,99€","11,07€ / LT",
Maionese Heinz Cebola E Alho Td 400ml,HEINZ,Emb. 0.4 LT,"3,48€","8,70€ / LT",
Sobremesa Creme de Caramelo 4x125g,DÉLISSE,Emb. 0.5 KG,"1,49€","2,98€ / KG",
Créme Dessert Praliné 4x125g,DÉLISSE,Emb. 0.5 KG,"1,49€","2,98€ / KG",
Cerveja com Álcool Green Limão 6x33cl,SUPER BOCK,Emb. 1.98 LT,"4,49€","2,27€ / LT",
Alimento Perle Húmido P/ Gato C/ Molho Salmão e Atum 4x85g,PURINA,Emb. 0.34 KG,"2,39€","7,03€ / KG",
Papel Higiénico Super Compact,RENOVA,Emb. 4 ROLOS,"2,48€","0,62€ / ROLOS",
Pensos Incontinência Anatómicos Plus,LINDOR,Emb. 20 UNID.,"10,24€","0,51€ / UNID.",
Batatas Fritas Camponesas Biológicas,,Emb. 0.125 KG,"2,08€","16,64€ / KG",
DETERGENTE LIQUIDO ALOE VERA 40D,EPSIL,Emb. 40 DOSES,"4,50€","0,11€ / DOSES",
"AGUARDENTE VINICA VELHA,,70CL",,0.07 CL,"17,79€","254,14€ / CL",
Mistura C/ Goji,MARQUE REPERE,Emb. 0.2 KG,"3,14€","15,70€ / KG",
Máquina de Depilar Descartável Oceana,GILLETTE,Emb. 4 UNID.,"6,74€","1,69€ / UNID.",
TOURTEAU DE QUEIJO,NOS RÉGIONS ONT DU TALENT,Emb. 0.25 KG,"2,19€","8,76€ / KG",
London Dry Gin,GIBSON'S,Garrafa 0.7 LT,"9,49€","13,56€ / LT",
Tampa Passador de Inox 16/20cm,ARDENCE,1 UNID.,"2,50€","2,50€ / UNID.",
Tablete Chocolate Preto para Culinária,TABLETTE D'OR,Emb. 0.2 KG,"1,29€","6,45€ / KG",
Creme Limpeza Micro Cristais Limão,CIF,Emb. 0.7 LT,"2,49€","3,56€ / LT",
AFTERSHAVE LOCAO OCEAN FRESH 100ML,CARRÉ HOMME,Emb. 0.1 LT,"2,40€","24,00€ / LT",
Papel Higiénico 2 Folhas Original,SCOTTEX,Emb. 32 ROLOS,"7,74€","0,24€ / ROLOS",
Farinha P/ Bolos C/ Fermento,NACIONAL,Emb. 1 KG,"1,58€","1,58€ / KG",
Pensos Higiénicos Normal Alas,EVAX,Emb. 12 UNID.,"2,98€","0,25€ / UNID.",
Iogurte de Pêssego e Banana 4 Unid.,IOGOLINO,Emb. 0.4 KG,"2,28€","5,70€ / KG",
Arroz Agulha,COZINHA VELHA,Emb. 1 KG,"1,33€","1,33€ / KG",
Crackers sem Sal,EPI D'OR,Emb. 0.5 KG,"1,88€","3,76€ / KG",
"AGUA MICEL OLEO,OLH SENSI,400ML",GARNIER,,"7,98€",/ Unid.,
Azeitonas Pretas Descaroçadas,AGRODELTA,Emb. 0.16 KG,"1,49€","9,31€ / KG",
KINDER BUENO WHITE T2X4,KINDER BUENO,Emb. 0.16 KG,"2,98€","18,63€ / KG",
Dentífrico Protector Plantas Dentagard,COLGATE,Emb. 0.075 LT,"1,99€","26,53€ / LT",
Ambientador Vela Baunilha,AIRWICK,Emb. 2 UNID.,"7,88€","3,94€ / UNID.",
Mistura de Pimentas 5 Bagas,MARGÃO,Emb. 0.024 KG,"3,98€","165,83€ / KG",
Pacotinho de Frutas Maçã e Pêssego S/ Glúten +6 meses,NESTLÉ,Emb. 0.09 KG,"0,69€","7,67€ / KG",
Kinder Bueno White,KINDER,Emb. 0.043 KG,"0,94€","21,86€ / KG",
Alimento P/ Húmido Gato Seleção de Mousses,FRISKIES,Emb. 0.68 KG,"3,98€","5,85€ / KG",
Café Mistura Peninsular Moída,DELTA,Emb. 0.25 KG,"1,98€","7,92€ / KG",
Gotas de Chocolate,,Emb. 0.3 KG,"2,19€","7,30€ / KG",
Spray Extra Pulverizador,BIO KILL,Emb. 0.375 LT,"6,95€","18,53€ / LT",
Amarguinha 700 ml,AMARGUINHA,Emb. 0.07 LT,"9,98€","142,57€ / LT",
Coloração 4-2 Castanho Avermelhado 16X3,SYOSS,,"4,99€",/ Unid.,
Vinho Regional Alentejo Tinto,HERDADE DOS GROUS,,"11,29€",/ Unid.,
Tarama Natural,RONDE DES MERS,Emb. 0.1 KG,"1,29€","12,90€ / KG",
Pão Embalado Burguer 4 Unid.,PANRICO,Emb. 0.3 KG,"1,53€","5,10€ / KG",
BOLO ESPIRAL CHOCOLATE DE AVELA,P'TIT DÉLI,Emb. 0.15,"1,59€","10,60€ /",
Tomate Triturado da Horta,COMPAL,Emb. 0.5 LT,"1,28€","2,56€ / LT",
Barquette Morango,LULU,Emb. 0.12 KG,"1,88€","15,67€ / KG",
Iogurte Aroma Coco 4 Unid.,LONGA VIDA,Emb. 0.125 KG,"0,89€","7,12€ / KG",
Sumo 8 Frutos 3x20 cl,UM BONGO,Emb. 0.6 LT,"1,38€","2,30€ / LT",
Detergente Loiça Manual Concentrado Maça,SUPER POP,Emb. 0.7 LT,"1,84€","2,63€ / LT",
Queijo de Vaca Meio Gordo Fonte Mourisca,LACTO SERRA,1 Unid. = 0.25 KG (aprox.),"8,98€/kg","2,25€ / Unid.",
Farinha Extra Fina S/ Fermento T55,NACIONAL,Emb. 1 KG,"1,08€","1,08€ / KG",
Bebida de Arroz Original,SHOYCE,Emb. 1 LT,"1,58€","1,58€ / LT",
Vinho do Porto Ruby,DORRÃO,Garrafa 0.75 LT,"3,99€","5,32€ / LT",
Palmiers Cobertos com Chocolate de Leite,P'TIT DÉLI,Emb. 0.11 KG,"1,18€","10,73€ / KG",
Sais de Fruta Digestivo Laranja,ENO,Emb. 10 UNID.,"5,98€","0,60€ / UNID.",
SACOS LIXO C/ ATILHO 20L,ELEMBAL,Emb. 20 UNID.,"0,89€","0,04€ / UNID.",
Tortilha Batata e Cebola,TABLES DU MONDE,Emb. 0.5 KG,"2,82€","5,64€ / KG",
Toalhitas Limpa Pó Electrostáticas,,Emb. 40 UNID.,"1,99€","0,05€ / UNID.",
"BEBIDA SOJA C/CALCIO LIGHT ,1L",ALPRO,Emb. 1 LT,"1,89€","1,89€ / LT",
"ATUM C/FEIJAO FRADE,RAMIREZ,120G",RAMIREZ,,"1,48€",/ Unid.,
Pão Maxi Burguer 4 Unidades,BIMBO,Emb. 0.3 KG,"1,78€","5,93€ / KG",
Chá de Cidreira,LIPTON,Emb. 10 SAQ.,"0,69€","0,07€ / SAQ.",
Xarope de Groselha,FRUCCI,Garrafa 1 LT,"2,99€","2,99€ / LT",
Bloco Sanitário Eucalipto,SONASOL WC,Emb. 0.05 KG,"1,94€","38,80€ / KG",
MAQ.BARBEAR 5 LAMINAS + 1 RECARGA,CARRÉ HOMME,Emb. 1 UNID.,"5,20€","5,20€ / UNID.",
Fraldas Bebé T4+ Doucer 9/20Kg,MOTS D'ENFANTS,Emb. 70 UNID.,"13,27€","0,19€ / UNID.",
Alimento Completo para Papagaios,VITAKRAFT,Emb. 1 KG,"4,48€","4,48€ / KG",
"Gelado ""Tyrolia"" Caramelo",ESKISS,Emb. 0.65 LT,"2,89€","4,45€ / LT",
ATRIX CR PROTECCAO SUAVE,ATRIX,Emb. 0.1 LT,"3,98€","39,80€ / LT",
Refrigerante C/Gás Cola 6 Unid.,JEAN'S,Lata 1.98 ML,"3,98€","2,01€ / ML",
Pantene Creme de Pentear Sem Enxaguar Cabelo liso 270ml,,Emb. 0.27 LT,"4,49€","16,63€ / LT",
Morcela Preta com Cebola,TRADILÈGE,Emb. 0.375 KG,"3,49€","9,31€ / KG",
Sobremesa Creme Chocolate Mix 'n Croc,DÉLISSE,Emb. 0.468 KG,"1,84€","3,93€ / KG",
Barras de Peixe Panadas Pré-Fritas 15x30g Ultracongeladas,ECO+,Emb. 0.45 KG,"2,49€","5,53€ / KG",
BARRA CEREAL CH.KRISPIES 6X20,KELLOGG'S,Emb. 6 UNID.,"2,48€","0,41€ / UNID.",
Chocolate Mini,MARS,Emb. 0.17 KG,"2,68€","15,76€ / KG",
Bálsamo Lábios Rosy,VASELINE,Emb. 0.017 KG,"3,99€","234,71€ / KG",
Queijo Curado Fatiado S/ Lactose,CASTELÕES,Emb. 0.15 KG,"1,98€","13,20€ / KG",
Conserva de Salsichas Frankfurt 6 Unid.,IZIDORO,Lata 0.12 KG,"1,28€","10,67€ / KG",
Iogurte Pouch Squeezy Morango,YOCO,Emb. 0.32 KG,"2,19€","6,84€ / KG",
OIKOS AMORA 110G X4,OIKOS,Emb. 0.44 KG,"2,39€","5,43€ / KG",
"Prato Sopa Gourmandine Anis 19,5cm",ARDENCE,1 UNID.,"2,20€","2,20€ / UNID.",
Tira-Nódoas para Roupa Branca em Gel,SKIP,Emb. 1.6 LT,"6,99€","4,37€ / LT",
Mini Pizza Queijo e Fiambre Ultracongelado 9 Unid.,PICCOLINIS,Emb. 0.27 KG,"2,99€","11,07€ / KG",
Refrigerante S/ Gás Laranja 0 Açúcares,AQUARIUS,Emb. 1.5 LT,"1,98€","1,32€ / LT",
Perna Peru,,1 Unid. = 2.45 KG (aprox.),"7,79€/kg","19,09€ / Unid.",
WC Brisa Marinha,NEO BLANC,Emb. 2 UNID.,"5,98€","2,99€ / UNID.",
Rum de Coco,MALIBU,Garrafa 0.7 LT,"15,58€","22,26€ / LT",
Queijo Mozzarella,SANTA LUCIA,Emb. 0.125 KG,"1,68€","13,44€ / KG",
Iogurte Sólido Suissinho Duo Mix Banana Morango,YOCO,Emb. 0.36 KG,"2,19€","6,08€ / KG",
Bebida Solúvel Café e Chicória,RICORÉ,Emb. 0.26 KG,"5,44€","20,92€ / KG",
Sabonete Líquido Nutritivo Recarga,PALMOLIVE,Emb. 0.3 LT,"1,79€","5,97€ / LT",
Prato de Sobremesa 21cm Azul Marinho,ARDENCE,1 UNID.,"2,20€","2,20€ / UNID.",
Espumante Reserva Doce,RAPOSEIRA,Garrafa 0.75 LT,"7,74€","10,32€ / LT",
Gelatina Light de Mirtilo,ROYAL,Emb. 0.031 KG,"1,88€","60,65€ / KG",
Moira Regional - PDTO Lamego,SNR,Emb. 0.17 KG,"1,73€","10,18€ / KG",
Esparguete,CAÇAROLA,Emb. 0.5 KG,"0,98€","1,96€ / KG",
Gel de Banho Black XL,AXE,Emb. 0.4 LT,"3,29€","8,23€ / LT",
Cogumelo Branco Inteiro,,1 Unid. = 0.3 KG  (aprox.),"4,99€/kg","1,50€ / Unid.",
Água com Gás Limão 4x25 cl,FRIZE,Emb. 1 LT,"2,68€","2,68€ / LT",
Lip Therapy Original,VASELINE,Emb. 0.017 KG,"2,98€","175,29€ / KG",
Mousse de Chocolate,TABLIER BLANC,Emb. 0.15 KG,"0,79€","5,27€ / KG",
WC Brisa Marinha,NEO BLANC,Emb. 1 UNID.,"2,98€","2,98€ / UNID.",
Chocolate Preto,ECO+,Emb. 0.5 KG,"2,99€","5,98€ / KG",
Alimento Seco P/ Gatos Esterilizados Peru e Legumes,PURINA FRISKIES,Emb. 1.5 KG,"6,64€","4,43€ / KG",
Cápsulas de Café C/ Leite Intenso,DOLCE GUSTO,Emb. 16 CAPS.,"5,98€","0,37€ / CAPS.",
Batatas Fritas Onduladas,POM'LISSE,Emb. 0.18 KG,"1,93€","10,72€ / KG",
SALSICHA CHURRASCO ERVAS AROMATICAS,CAMPO FINO,Emb. 0.2 KG,"1,49€","7,45€ / KG",
Snack P/ Cão Médio 12-25kg,PURINA,Emb. 0.115 KG,"1,69€","14,70€ / KG",
BARQUETTES DE CHOCOLATE/AVELA,P'TIT DÉLI,Emb. 0.24 KG,"2,39€","9,96€ / KG",
Spray de Limpeza Vidros e Superfícies Brilhantes Power&Shine,CIF,Emb. 0.75 LT,"2,49€","3,32€ / LT",
Dentífrico Branqueadora Branco Intenso,AQUAFRESH,Emb. 0.075 LT,"3,18€","42,40€ / LT",
PURE DE MALAGUETA,TABLES DU MONDE,Emb. 0.1 KG,"1,09€","10,90€ / KG",
Gomas Amoras,COPAÍNS COPINES,Emb. 0.2 KG,"1,31€","6,55€ / KG",
Aquafresh MultiAction  2x75 ml,AQUAFRESH,,"3,98€",/ Unid.,
Polpa de Tomate,TURINI,Emb. 0.21 KG,"0,68€","3,24€ / KG",
Croquetes de Carne,,Emb. 8   UNID.,"1,49€","0,19€ /   UNID.",
Leite UHT Pastagem Magro,TERRA NOSTRA,Emb. 1 LT,"0,77€","0,77€ / LT",
Néctar Clássico Manga,JAFADEN,Emb. 1 LT,"0,98€","0,98€ / LT",
Cerveja Aromatizada Rum,DESQUILES,Emb. 0.5 LT,"1,04€","2,08€ / LT",
Queijo Fundido para Hamburger 10 Fatias,LES CROISÉS,Emb. 0.2 KG,"1,69€","8,45€ / KG",
Luva Limpeza Tamanho S,MAMISON,Emb. 1 UNID.,"0,79€","0,79€ / UNID.",
Nectarina,,1 Unid. = 0.12 KG (aprox.),"6,98€/kg","0,84€ / Unid.",
PATE RICO CARNE/PEIXE C/LEGUMES P/ GATO 4X100G 4X100G LYCAT,LYCAT,Emb. 4 UNID.,"1,89€","0,47€ / UNID.",
Queijo Gruyère,NOS RÉGIONS ONT DU TALENT,Emb. 0.25 KG,"3,99€","15,96€ / KG",
Queijo Mistura Pequeno,ALAVÃO,Emb. 0.6 KG (aprox.),"8,74€/kg","5,24€ / Unid.",
Manhãzitos Planetus 3x35g,PANRICO,Emb. 0.21 KG,"2,78€","13,24€ / KG",
KETCHUP (BAIXO TEOR DE ACUCAR),RUSTICA,Emb. 0.535 KG,"1,33€","2,49€ / KG",
Guardanapos 2 Folhas Gold 39x39 cm,RENOVA,Emb. 40 UNID.,"1,98€","0,05€ / UNID.",
Desodorizante Deo Roll On Bio Eficácia,NARTA,Emb. 0.05 LT,"3,78€","75,60€ / LT",
Penso Incontinência Discreet Extra,AUSONIA,Emb. 10 UNID.,"2,24€","0,22€ / UNID.",
Vinho Regional Minho Branco,TORRE MENAGEM,Garrafa 0.75 LT,"4,48€","5,97€ / LT",
CANELONES DE CARNE VACA C/ MOLHO DE TOMATE À NAPOLITANA,CÔTÉ TABLE,Emb. 0.8 KG,"2,99€","3,74€ / KG",
AGUA MICELAR,INELL,Emb. 0.5 LT,"2,72€","5,44€ / LT",
Cápsulas Café Sical,DOLCE GUSTO,Emb. 30 CAPS.,"10,48€","0,35€ / CAPS.",
Detergente Roupa Proteção Cores,WOOLITE,Emb. 30 DOSES,"6,99€","0,23€ / DOSES",
Mistura Solúvel Café,PLANTATION,Frasco 0.2 KG,"2,39€","11,95€ / KG",
Contra Baratas e Formigas Pó,BAYGON,Emb. 0.25 KG,"4,98€","19,92€ / KG",
AUSONIA AIRDRY NOITE ABAS 24,AUSONIA,Emb. 24 UNID.,"4,98€","0,21€ / UNID.",
Rolhas para Garrafas,BIRAMBEAU,Emb. 6 UNID.,"1,69€","0,28€ / UNID.",
Caixa de Arrumação com Tampa 18L Transparente,,1 UNID.,"4,19€","4,19€ / UNID.",
Queijo Fatias Burger,VACA QUE RI,Emb. 0.2 KG,"1,94€","9,70€ / KG",
Bolachas Maria Oro,CUÉTARA,Emb. 0.8 KG,"2,98€","3,73€ / KG",
Caldo de Galinha,KNORR,Emb. 0.16 KG,"2,39€","14,94€ / KG",
Refrigerante sem Gás Ananás,FRUTIS,Emb. 1.5 LT,"1,15€","0,77€ / LT",
Douradinhos Salmão Selvagem 10 Unid. Ultracongelado,IGLO,Emb. 0.28 KG,"5,68€","20,29€ / KG",
Iced Tea Limão,NESTEA,Garrafa 1.5 LT,"1,00€","0,67€ / LT",
Arroz Agulha,PATO REAL,Emb. 1 KG,"1,18€","1,18€ / KG",
AMACIADOR ROUPA SUAVE,HYPERDOU,Emb. 4 LT,"1,69€","0,42€ / LT",
Molho Vinagrete com Ervas Aromáticas,RUSTICA,Emb. 0.5 LT,"1,29€","2,58€ / LT",
Arroz Doce com Aroma de Baunilha 4x115g,DÉLISSE,Emb. 0.46 KG,"1,79€","3,89€ / KG",
Sugus Caramelo com Sabor a Morango,SUGUS,Emb. 0.045 KG,"1,04€","23,11€ / KG",
Alheira de Caça,ANGELINA,Emb. 0.2 KG,"1,94€","9,70€ / KG",
Caldo Galinha 16 Cubos,MAGGI,Emb. 0.16 KG,"2,09€","13,06€ / KG",
Patê de Sardinha e Cavala,PÊCHE OCÉAN,Emb. 0.088 KG,"0,85€","9,66€ / KG",
Iogurte Soja Frutos Vermelhos 4 Unid.,NAT&VIE,Emb. 0.4 KG,"1,49€","3,73€ / KG",
Vinho Regional Alentejo Tinto,MARQUÊS DE BORBA,Garrafa 0.75 LT,"4,99€","6,65€ / LT",
Vinagre Balsâmico de Modena Gourmet,GALLO,Emb. 0.25 LT,"2,16€","8,64€ / LT",
Sais de Fruta Digestivo Limão,ENO,Emb. 10 UNID.,"4,98€","0,50€ / UNID.",
Barrinhas P/ Coelhos Anões Frutas,TOUS MES AMIS,Emb. 0.11 KG,"1,49€","13,55€ / KG",
SORTIDO GOMAS BRILHO,COPAÍNS COPINES,Emb. 0.6 KG,"3,39€","5,65€ / KG",
Balde de Lixo 24L Prateado,,1 UNID.,"11,50€","11,50€ / UNID.",
Bloco sanitário power 5 duo pack ocean,DOMESTOS,Emb. 0.11 KG,"2,74€","24,91€ / KG",
Vinho do Porto Tawny,FERREIRA,Emb. 0.75 LT,"4,99€","6,65€ / LT",
Esparguete Biológico,,Emb. 0.5 KG,"1,19€","2,38€ / KG",
DENTRIFICO EXPERT ULTRA BRANQUEADOR,DENTAMYL,Emb. 0.075 LT,"0,89€","11,87€ / LT",
Tablete Chocolate 70% Cacau,LA CASA,Emb. 0.1 KG,"1,64€","16,40€ / KG",
Passador de Legumes Inox,MOULINEX,1 UNID.,"24,90€","24,90€ / UNID.",
Cereais C/ Aveia e Maçã,NESTUM,Emb. 0.25 KG,"1,49€","5,96€ / KG",
MOLHO DE TOMATE PROVENCAL,TURINI,Emb. 0.19 KG,"0,69€","3,63€ / KG",
Drageia de Morango Mix,MENTOS,Emb. 0.037 KG,"0,68€","18,38€ / KG",
Conserva Cogumelos de Paris Laminados Biológicos,,Frasco 0.28 KG,"1,99€","7,11€ / KG",
VILEDA SINTETICO C/ABRASIVO PLAST. 10\'S,VILEDA,,"2,28€",/ Unid.,
Ovos Solo M,SNR,Emb. 6 UNID.,"1,09€","0,18€ / UNID.",
Papaia Aérea,,1 Unid. = 0.514 KG (aprox.),"5,38€/kg","2,77€ / Unid.",
GEL BARBEAR ANTI-IRRITACAO 200ML,CARRÉ HOMME,Emb. 0.2 LT,"1,77€","8,85€ / LT",
Massa Estrelinhas,TURINI,Emb. 0.25 KG,"0,55€","2,20€ / KG",
Molho Cocktail Salsa,HEINZ,Emb. 0.22 KG,"2,28€","10,36€ / KG",
Vinho Regional Alentejo Tinto,ENCOSTA DAS PERDIZES,Garrafa 0.75 LT,"2,19€","2,92€ / LT",
Leite de Cabra UHT Meio Gordo,PRÉSIDENT,Emb. 1 LT,"2,43€","2,43€ / LT",
Leite Bem Essencial C/ Sabor a Cereais,MIMOSA,Emb. 0.8 LT,"1,69€","2,11€ / LT",
Iogurte Aroma Morango 4x120g,DANONE,Emb. 0.48 KG,"1,18€","2,46€ / KG",
Spray Elimina Odores de Roupa Extra,FEBREZE,Emb. 0.5 LT,"3,98€","7,96€ / LT",
CALDO GALINHA M.REPERE,RUSTICA,Emb. 0.12 KG,"0,83€","6,92€ / KG",
Tempero de Alho & Coentros 8 Cubos,KNORR,Emb. 0.072 KG,"1,49€","20,69€ / KG",
Linguado Cal. 250/300,,1 Unid. = 0.28 KG (aprox.),"13,98€/kg","3,91€ / Unid.",
Manteiguinhas,,Emb. 0.3 KG,"2,09€","6,97€ / KG",
GEL MAQUINA LOICA CONCENTRADO LIMAO TUDO EM 1 ECOLOGICO 685ML 685ML UNI VERT,UNÍ VERT,Emb. 0.685 LT,"4,50€","6,57€ / LT",
Champô Color-Vive Cabelos Pintados,ELVIVE,Emb. 0.4 LT,"3,59€","8,98€ / LT",
Amêndoa Laminada,TABLIER BLANC,Emb. 0.125 KG,"2,82€","22,56€ / KG",
Bic Lâminas Descartáveis Miss Soleil 3 + 1 Unidades,BIC,Emb. 3 UNID.,"3,98€","1,33€ / UNID.",
Tomates Inteiros Pelados C/ Sumo,ECO+,Emb. 0.449 KG,"0,78€","1,74€ / KG",
Alimento Seco P/ Gato C/ Carne de Vaca,PURINA,Emb. 0.8 KG,"6,64€","8,30€ / KG",
Manhãzitos Planetus 9x2 Unid.,BOLLYCAO,Emb. 0.315 KG,"3,68€","11,68€ / KG",
Conserva de Salsichas 8 Unid.,IZIDORO,Lata 0.2 KG,"1,24€","6,20€ / KG",
CURGETES RODELAS,NOTRE JARDIN,Emb. 1 KG,"1,49€","1,49€ / KG",
Mini Snack de Chocolate de Leite,LION,Emb. 11 UNID.,"1,94€","0,18€ / UNID.",
Conserva de Azeitona Verde Descaroçada,RUSTICA,Frasco 0.36 KG,"1,04€","2,89€ / KG",
Vinho Regional Alentejano Branco,GALITOS,Bag in Box 5 LT,"12,48€","2,50€ / LT",
Vinho Regional Dão Seleção Branco,CABRIZ,Garrafa 0.75 LT,"4,98€","6,64€ / LT",
Queijo da Ilha Fatiado,NOVA AÇORES,Emb. 0.15 KG,"1,69€","11,27€ / KG",
LASANHA QUEIJO CABRA/ESPINAFRES 500G 500G COTE TABLE,CÔTÉ TABLE,Emb. 0.5 KG,"2,29€","4,58€ / KG",
Bebida de Amêndoa,SHOYCE,Emb. 1 LT,"1,98€","1,98€ / LT",
Queijo Mozzarella Ralado Valformoso,VALFORMOSO,Emb. 0.15 KG,"1,39€","9,27€ / KG",
Iogurte Magro Pedaços Déli´Light 16x125g,DÉLISSE,Emb. 2 KG,"3,99€","2,00€ / KG",
Desodorizante Creme,DOVE,Emb. 0.05 LT,"2,84€","56,80€ / LT",
GUYLIAN  OPUS 180g,,,"6,99€",/ Unid.,
Vinho Regional Douro Branco,ADEGA DE MURÇA,Garrafa 0.75 LT,"1,98€","2,64€ / LT",
Garrafão de Moscatel em Palha,DORRÃO,Emb. 2 L,"12,99€","6,50€ / L",
Whisky William Lawson\'s,WILLIAM LAWSON'S,Garrafa 1 LT,"19,98€","19,98€ / LT",
Limpa Churrasqueiras e Recuperadores de Calor,MISTOLIN,Emb. 0.5 LT,"4,84€","9,68€ / LT",
MINI BOLACHAS CRACKERS COM SAL,TOKAPI,Emb. 0.075 KG,"0,81€","10,80€ / KG",
DOVE Sabonete Líquido para as Mãos Recarga,DOVE,Emb. 0.5 LT,"2,99€","5,98€ / LT",
MIOLO DE NOZ,TABLIER BLANC,Emb. 0.05 KG,"1,31€","26,20€ / KG",
Ravioli com Fiambre,TURINI,Emb. 0.3 KG,"1,89€","6,30€ / KG",
Papa Infantil Leite e 8 Cereais e Mel,CERELAC,Emb. 0.4 KG,"2,33€","5,83€ / KG",
Vinho Verde Branco,AVELEDA,Emb. 0.075 LT,"3,39€","45,20€ / LT",
Pastilha Elástica Senses Sabor Melancia 3x23g,TRIDENT,Emb. 0.069 KG,"2,48€","35,94€ / KG",
Alimento Húmido Gato Paté Salmão,TOUS MES AMIS,Emb. 0.1 KG,"0,55€","5,50€ / KG",
Menu Saquetas Carne em Gelatina 12X100G,LYCAT,Emb. 12 UNID.,"3,99€","0,33€ / UNID.",
GRESSINOS AZEITE ROSMANINHO,TOKAPI,Emb. 0.125 KG,"1,31€","10,48€ / KG",
Massa Laços,MILANEZA,Emb. 0.5 KG,"1,68€","3,36€ / KG",
Iogurte Líquido Morango Framboesa 4x155g,CORPOS DANONE,Emb. 0.62 KG,"1,69€","2,73€ / KG",
Bife chã de Fora de Novilho,,1 Unid. = 0.5 KG (aprox.),"9,79€/kg","4,90€ / Unid.",
Manteiga C/ Sal,MIMOSA,Emb. 0.25 KG,"2,18€","8,72€ / KG",
Tigela de Vidro 14cm,,1 UNID.,"0,80€","0,80€ / UNID.",
Café Torrado Moído Lote Nyeri Kenya Intensidade 8,SICAL,Emb. 0.22 KG,"3,68€","16,73€ / KG",
Tomate Chucha,,1 Unid. = 0.2 KG (aprox.),"2,40€/kg","0,48€ / Unid.",
Pensos Higiénicos Maxi/Super Sem Alas Fina e Segura,EVAX,Emb. 13 UNID.,"1,98€","0,15€ / UNID.",
Refrigerante C/ Gás Laranja,ECO+,Garrafa 2 LT,"0,79€","0,40€ / LT",
Lenços de Bolso Lavanda Sensitive 4 Folhas,RENOVA,Emb. 6 UNID.,"0,98€","0,16€ / UNID.",
Iogurte Bifidus de Pessego S/ Lactose 0% 4 Unid.,DANONE,Emb. 0.48,"2,19€","4,56€ /",
Snacks Futebolas,CHEETOS,Emb. 0.13 KG,"1,54€","11,85€ / KG",
Espátula de Silicone,BIRAMBEAU,1 Unid.,"1,49€","1,49€ / Unid.",
Cereais de Chocolate,CHOCAPIC,Emb. 0.625 KG,"4,28€","6,85€ / KG",
Chá de Tília,LIPTON,Emb. 20 SAQ.,"1,20€","0,06€ / SAQ.",
Bolachas de Água e Sal,VIEIRA,Emb. 0.125 KG,"0,69€","5,52€ / KG",
Café Cápsulas Qalidus Intensidade 10,DELTA,Emb. 10 CAPS.,"3,39€","0,34€ / CAPS.",
Conserva de Salsichas 8 Unid.,IZIDORO,Frasco 0.65 KG,"3,14€","4,83€ / KG",
1ª Papa Láctea Cerelac Multifrutos Sem Glúten,NESTLÉ,Emb. 0.25 KG,"3,25€","13,00€ / KG",
Gomas Minhocas,COPAÍNS COPINES,Emb. 0.2 KG,"1,04€","5,20€ / KG",
Croissant Brioche,,1 UNID.,"0,65€","0,65€ / UNID.",
Escova de Dentes 3-5 anos,ORAL B,Emb. 1 UNID.,"2,24€","2,24€ / UNID.",
Snack de Chocolate,KIT KAT,Emb. 0.041 KG,"0,74€","18,05€ / KG",
Amaciador Revival para a Roupa Íris Violeta Concentrado,QUANTO,Emb. 52 DOSES,"5,60€","0,11€ / DOSES",
Bombons de Chocolate Leite Recheio de Marshmallow,COPAÍNS COPINES,Emb. 0.2 KG,"1,49€","7,45€ / KG",
Iogurte Natural 12x125g,DÉLISSE,Emb. 1.5 KG,"1,99€","1,33€ / KG",
Batatas Fritas Lisas,ECO+,Emb. 0.2 KG,"1,15€","5,75€ / KG",
Chocolate de Leite Confetti,MILKA,Emb. 0.1 KG,"1,58€","15,80€ / KG",
Alimento Seco para Cão Frango e Arroz,ECO+,Emb. 4 KG,"5,99€","1,50€ / KG",
Pastel de Nata,,1 Unid. = 0.048 KG,"0,35€","7,29€ / KG",
Tostas Crocantes de Trigo,EPI D'OR,Emb. 0.25 KG,"1,17€","4,68€ / KG",
Fettuccini Fresco,TURINI,Emb. 0.35 KG,"1,39€","3,97€ / KG",
Refrigerante C/ Gás Pack 6,SPRITE,,"4,13€",/ Unid.,
Pão Padeira de Trigo,,1 Unid. = 0.4 KG,"0,99€","2,48€ / KG",
Creme de Cabra,PRÉSIDENT,Emb. 0.125 LT,"2,44€","19,52€ / LT",
Vinho Regional Península de Setúbal Tinto,JP,Garrafa 0.75 LT,"2,98€","3,97€ / LT",
Queijo Mistura o Sabor Português,LES CROISÉS,1 Unid. = 0.19 KG (aprox.),"7,49€/kg","1,42€ / Unid.",
Iogurte Líquido Morango 8 Unid.,YOGGI,Emb. 1.28 KG,"3,74€","2,92€ / KG",
"SALSICHAO SECO ""PUR PORC"" MINI",ST AZAY,Emb. 0.075 KG,"1,49€","19,87€ / KG",
"CHUPA CHUPS ASSORT S/ACUCA,,66G",,,"2,98€",/ Unid.,
Amaciador Cabelo Camomila e Mel de Flores,ULTRA SUAVE,Emb. 0.2 LT,"3,58€","17,90€ / LT",
Conjunto 6 Copos Empilháveis 16cl,,6 UNID.,"1,99€","0,33€ / UNID.",
BOLACHAS \'LES ANIMAUX\' COBERTURA DE CHOCO LEITE,P'TIT DÉLI,Emb. 0.225 KG,"1,74€","7,73€ / KG",
Forma de Alumínio Tarte Castanha 27cm,ARDENCE,1 UNID.,"3,90€","3,90€ / UNID.",
TARTE DE MACA,P'TIT DÉLI,Emb. 0.3 KG,"2,79€","9,30€ / KG",
Salsichão Seco Superior Biológico,,Emb. 0.2 KG,"5,45€","27,25€ / KG",
Pantene Volume & Brilho Condicionador 160 ml,,Emb. 0.16 LT,"4,98€","31,13€ / LT",
Alimento Húmido P/ Gato Gold Salmão e Frango,GOURMET,Emb. 0.085 KG,"0,69€","8,12€ / KG",
Gelatina em Pó Pêssego,TABLIER BLANC,Emb. 0.17 KG,"0,83€","4,88€ / KG",
Tira Nódoas Pó Oxi Odores,VANISH,Emb. 0.42 KG,"6,49€","15,45€ / KG",
Cerveja com Álcool,SUPER BOCK,Garrafa 1 LT,"1,59€","1,59€ / LT",
Leite de Crescimento 4,NAN,Emb. 0.8 KG,"11,99€","14,99€ / KG",
Gel de Banho Hidratante Baby Rich Moisture,BABY DOVE,Emb. 0.4 LT,"3,29€","8,23€ / LT",
LIQUIDO ABRILHANTADOR,VISIOR,Emb. 0.75 LT,"1,25€","1,67€ / LT",
Escorredor de Louça,,1 UNID.,"2,50€","2,50€ / UNID.",
Alimento Húmido Geleia 4x390g,LYCAT,Emb. 4 KG,"3,99€","1,00€ / KG",
IOGURTE LIQUIDO NATURAL ACUCARADO,DÉLISSE,Emb. 1 KG,"2,29€","2,29€ / KG",
Lasanha à Bolonhesa,CÔTÉ TABLE,Emb. 1 KG,"4,69€","4,69€ / KG",
Alimento Seco P/ Cão Mini Menu Vaca,PURINA FRISKIES,Emb. 1.5 KG,"4,98€","3,32€ / KG",
Bebida Energética Mango Loco Energy Juiced,MONSTER ENERGY,Emb. 0.05 LT,"1,54€","30,80€ / LT",
Cerveja C/ Álcool,CARLSBERG,Lata 0.033 LT,"0,74€","22,42€ / LT",
Cereais de Milho S/ Glúten Corn Flakes,NESTLÉ,Emb. 0.375 KG,"2,24€","5,97€ / KG",
Bechamel,PARMALAT,Emb. 0.5 LT,"2,06€","4,12€ / LT",
Água sem Gás 4x1.5 L,FASTIO,Garrafa 6 LT,"1,79€","0,30€ / LT",
Chocolate Negro Sobremesas,ECO+,Emb. 0.2 KG,"0,98€","4,90€ / KG",
Champô Cabelos Normais Fructis Anti Caspa 2 em 1,GARNIER,Emb. 0.25 LT,"3,98€","15,92€ / LT",
Bebida à Base de Aveia,NAT&VIE,Emb. 1 LT,"1,25€","1,25€ / LT",
Café Cápsulas Selezionato Intensidade 7,PLANTATION,Emb. 10 CAPS.,"2,09€","0,21€ / CAPS.",
DOCE TOMATE 345G,CASA MATEUS,Emb. 0.345 KG,"2,98€","8,64€ / KG",
Bolachas Cookies Pepitas de Chocolate,CHIPS AHOY,Emb. 0.128 KG,"1,58€","12,34€ / KG",
Mel de Flores Biológico,,Frasco 0.5 KG,"6,29€","12,58€ / KG",
Feijão Verde Muito Fino Ultracongelados,,Emb. 1 KG,"1,29€","1,29€ / KG",
Conserva de Feijão Encarnado Da Horta,COMPAL,Lata 0.42 KG,"1,18€","2,81€ / KG",
Alimento P/ Bebé Natural +6 meses 4 Unid.,NESTLÉ BEBÉ,Emb. 0.4 KG,"2,39€","5,98€ / KG",
Inseticida Clássico para Uso Doméstico,BIO KILL,Emb. 0.375 LT,"5,68€","15,15€ / LT",
Ambientador Máquina Loiça Limão,FINISH,Emb. 2 UNID.,"6,49€","3,25€ / UNID.",
DETERGENTE MAQ LOICA PASTILHAS TOTAL+ 45UN,VISIOR,Emb. 45 UNID.,"6,29€","0,14€ / UNID.",
Difusor e Recarga Freshmatic Lavanda e Camomila,AIR WICK,Emb. 0.61 KG,"8,98€","14,72€ / KG",
Miolo de Caju Cru,MARQUE REPERE,Emb. 0.25 KG,"4,18€","16,72€ / KG",
Tablete de Chocolate Culinária 70% Cacau,NESTLÉ,Emb. 0.17 KG,"1,94€","11,41€ / KG",
Alimento Húmido para Gato Peixes em Geleia 24x100g,TOUS MES AMIS,Emb. 24 UNID.,"6,99€","0,29€ / UNID.",
Massa Tomate e Mozzarella,KNORR,Emb. 0.072 KG,"1,24€","17,22€ / KG",
Pensos Higiénicos Noite Alas,EVAX,Emb. 9,"2,98€","0,33€ /",
CHOURICO ESPANHOL FORTE,ST AZAY,Emb. 0.15 KG,"1,88€","12,53€ / KG",
Sobremesa Gelado Mini Raspberry 6x60ml,MAGNUM,Emb. 0.36 LT,"3,59€","9,97€ / LT",
Pastilhas Máquina Loiça Platinum Plus,FAIRY,Emb. 37 UNID.,"10,49€","0,28€ / UNID.",
Filetes Primavera Alecrim & Sal Marinho,IGLO,Emb. 0.225 KG,"3,49€","15,51€ / KG",
Chá de Camomila,,Emb. 25 SAQ.,"0,79€","0,03€ / SAQ.",
Bebida de Aveia 0% 3x200ML,SHOYCE,Emb. 0.6 LT,"1,74€","2,90€ / LT",
Massa Meada Fina,MILANEZA,Emb. 0.5 KG,"1,58€","3,16€ / KG",
Cerveja com Álcool Preta,SUPER BOCK,Emb. 0.33 LT,"0,96€","2,91€ / LT",
Máquinas de Barbear Descartáveis Blue II,GILLETTE,Emb. 6 UNID.,"2,59€","0,43€ / UNID.",
Sobremesa Gelado Morango e Chocolate Branco 4x110ml,MAGNUM,Emb. 0.44 LT,"2,99€","6,80€ / LT",
Tablete de Chocolate de Leite Superior com Avelãs Inteiras,TABLETTE D'OR,Emb. 0.2 KG,"2,27€","11,35€ / KG",
Edulcorante de Mesa,CANDEREL,Emb. 0.09 KG,"2,99€","33,22€ / KG",
Cereais Bolacha Maria,NESTUM,Emb. 0.25 KG,"1,49€","5,96€ / KG",
Elixir Triple Action,COLGATE,Emb. 0.5 LT,"4,74€","9,48€ / LT",
Papel Higiénico 4 Folhas,RENOVA,Emb. 12 ROLOS,"7,18€","0,60€ / ROLOS",
Macarrão,ECO+,Emb. 1 KG,"1,29€","1,29€ / KG",
Néctar Clássico Laranja,COMPAL,Emb. 1 LT,"1,35€","1,35€ / LT",
SACOS LIXO ALCAS 30L,ELEMBAL,Emb. 20 UNID.,"1,19€","0,06€ / UNID.",
BOUIL.POT AU FEU DESH,RUSTICA,Emb. 0.12 KG,"0,59€","4,92€ / KG",
Vinho Regional Alentejo Branco,REGUENGOS,Garrafa 0.75 LT,"2,39€","3,19€ / LT",
Recarga Ambientador Oasis Turquesa,AIRWICK,Emb. 2 UNID.,"11,88€","5,94€ / UNID.",
"SYOSS KERATIN MOUSSE,,250ML",SYOSS,Emb. 0.25 LT,"3,24€","12,96€ / LT",
Cápsulas Café Cortado Espresso Macchiato Intensidade 8,DOLCE GUSTO,Emb. 16 CAPS.,"5,98€","0,37€ / CAPS.",
Alimento Húmido para Cão Carne de Vaca e Fígado,PEDIGREE,Emb. 0.3 KG,"2,48€","8,27€ / KG",
Pastilhas Café Descafeinado,DELTA,Emb. 16 PAST.,"2,69€","0,17€ / PAST.",
Ambientador Vela Anti-Tabaco,,Emb. 2 UNID.,"7,88€","3,94€ / UNID.",
PELICULA ADER.ELEMBAL 2E1 20M,ELEMBAL,Emb. 0.02 MT,"0,62€","31,00€ / MT",
Arroz Perfumado Biológico,,Emb. 0.5 KG,"2,08€","4,16€ / KG",
Maionese Formato XXL,CALVÉ,Emb. 0.753 KG,"3,04€","4,04€ / KG",
AMENDOINS S/ SAL TORRADOS,TOKAPI,Emb. 0.2 KG,"0,89€","4,45€ / KG",
QUEIJO P/ BARRAR LIGHT,LES CROISÉS,Emb. 0.15 KG,"0,79€","5,27€ / KG",
BANZAI NOODLE CARNE CIGALA,CIGALA,Emb. 0.067 KG,"1,08€","16,12€ / KG",
Queijo Curado Seia de Ovelha,QUEIJOS LAGOS,1 Unid. = 0.6 KG (aprox.),"13,49€/kg","8,09€ / Unid.",
Fiambre da Perna Extra,CHARCUTARIA,1 Unid. = 0.12 KG (aprox.),"8,99€/kg","1,08€ / Unid.",
NUGGETS FRANGO 10UN,CÔTÉ CROC,Emb. 0.2 KG,"1,59€","7,95€ / KG",
RECARGA ESFREGONA UNIVERSAL,VILEDA,,"2,18€",/ Unid.,
Croissant Recheio Maxi Creme Cacau,CHIPICAO,Emb. 0.08 KG,"0,94€","11,75€ / KG",
Papa Infantil Aveia Manga e Banana,CERELAC,Emb. 0.25 KG,"3,27€","13,08€ / KG",
Sortido de Biscoitos Salgados,ECO+,Emb. 0.35 KG,"1,29€","3,69€ / KG",
Gel Sanitário Harpic Liquido Força do Oceano,,Emb. 0.75 LT,"1,94€","2,59€ / LT",
Inseticida Aerossol Multi-Insetos,RAID,Emb. 0.4 LT,"5,98€","14,95€ / LT",
Cappuccino Mocha,NESCAFÉ,Emb. 8 SAQ.,"3,18€","0,40€ / SAQ.",
A+ARIEL ALPINE LIQ 4X1.4L/28SC/PT,A+,,"8,49€",/ Unid.,
Doce de Abóbora,CASA MATEUS,Frasco 0.345 KG,"3,28€","9,51€ / KG",
Alimento Húmido Gato Completo Delícias do Mar 3x400 g,TOUS MES AMIS,Emb. 3 KG,"2,69€","0,90€ / KG",
Cappuccino,PLANTATION,Emb. 16 CAPS.,"2,44€","0,15€ / CAPS.",
Snack Húmido P/ Gato Party Mix Ocean,FELIX,Emb. 0.06 KG,"1,39€","23,17€ / KG",
Rissóis de Leitão 6 Unid.,SNR,Emb. 0.275 KG,"3,49€","12,69€ / KG",
Recarga para Difusor Elétrico Flores Elegantes,AMBIPUR,Emb. 2 UNID.,"7,19€","3,60€ / UNID.",
Água com Gás 6x50cl,VIMEIRO,Emb. 3 LT,"3,18€","1,06€ / LT",
Chantilly Light,DÉLISSE,Emb. 0.25 KG,"1,64€","6,56€ / KG",
Tostas Briochés Nature,EPI D'OR,Emb. 0.125 KG,"1,31€","10,48€ / KG",
Salva Camas 60x75CM,LINDOR,Emb. 15 UNID.,"7,37€","0,49€ / UNID.",
Vinagre de Limpeza,CLAIR,Emb. 1 LT,"0,93€","0,93€ / LT",
PENSOS INCONTINENCIA U. FINOS C/ ABAS SUPER+ POCKET 14UN CHORYS,CHORYS,Emb. 14 UNID.,"2,26€","0,16€ / UNID.",
Óleo Alimentar,FULA,Garrafa 1 LT,"3,29€","3,29€ / LT",
LIMPA VIDROS AUTO 1 L 1L TECH9,TECH9,Emb. 1 LT,"1,19€","1,19€ / LT",
Cookies Sem Gluten,GULLÓN,Emb. 0.2 KG,"2,53€","12,65€ / KG",
Body Lotion Refirmante em 2 Semanas Q10,NIVEA,Emb. 0.25 LT,"4,99€","19,96€ / LT",
Pão de Forma Especial Torradas sem Côdea,BIMBO,Emb. 0.75 KG,"1,75€","2,33€ / KG",
Chicharro,,1 Unid. = 0.465 KG (aprox.),"7,98€/kg","3,71€ / Unid.",
Bebida de Soja Choco 3x200ML,SHOYCE,Emb. 0.6 LT,"1,39€","2,32€ / LT",
Forma de Alumínio Bolo Inglês Castanha 27cm,ARDENCE,1 UNID.,"3,90€","3,90€ / UNID.",
Misto de Patés 4x22g,PÊCHE OCÉAN,Emb. 0.088 KG,"0,99€","11,25€ / KG",
Café Delta Moido Máquina Lote Chávena,DELTA,Emb. 0.25 KG,"2,29€","9,16€ / KG",
Chá Verde e Limão Light,TISANA,Garrafa 1.5 LT,"1,49€","0,99€ / LT",
Vinho Tinto,LAGAR DAS PIAS,Bag in Box 5 LT,"7,18€","1,44€ / LT",
DOCE MORANGO 350G,CASA MATEUS,Emb. 0.35 KG,"3,58€","10,23€ / KG",
Manga Barco,,1 Unid. = 0.5 KG (aprox.),"2,98€/kg","1,49€ / Unid.",
Fruta 100% Maçã Pêra +4 meses 4 Unid.,NESTLÉ,Emb. 0.4 KG,"2,82€","7,05€ / KG",
Limpa Móveis Spray Lavanda,PRONTO,Emb. 0.3 LT,"4,38€","14,60€ / LT",
Jarro 1L,,1 UNID.,"1,95€","1,95€ / UNID.",
Azeites Verdes,OLIVEIRA DA SERRA,Garrafa 0.75 LT,"6,18€","8,24€ / LT",
Bacon fumado fatiado,PROBAR,Emb. 0.075 KG,"1,04€","13,87€ / KG",
MEXILHOES CALDEIRADA  111 Gr. P.liq.  Ramirez,RAMIREZ,,"1,39€",/ Unid.,
Tomate Triturado 390 g,TURINI,Lata 0.5 KG,"0,51€","1,02€ / KG",
Pantene Cuidado Clássico Champô,PANTENE PV,Emb. 0.25 LT,"3,98€","15,92€ / LT",
Sobremesa Láctea sabor Baunilha 8x100g,DÉLISSE,Emb. 0.8 KG,"2,74€","3,43€ / KG",
Bolachas Mini Dinosauros Cereais Saquetas,ARTIACH,Emb. 0.12 KG,"1,83€","15,25€ / KG",
Bombay Dry Gin Original,BOMBAY,Garrafa 0.7 LT,"16,48€","23,54€ / LT",
DESODORIZANTE ROLL-ON INVISIBLE MEN 50ML,CARRÉ HOMME,Emb. 0.05 LT,"0,83€","16,60€ / LT",
Bolachas de Manteiga,,Emb. 0.125 KG,"1,31€","10,48€ / KG",
Caldo de Carne 12x10g,ECO+,Emb. 0.12 KG,"0,49€","4,08€ / KG",
Borrego Inteiro,,1 Unid. = 15 KG (aprox.),"9,00€/kg","135,00€ / Unid.",
Esferográficas de Cores sortidas,ESQUISSE,Emb. 10 UNID.,"2,29€","0,23€ / UNID.",
Couscous Semi Integrais,,Emb. 0.5 KG,"1,59€","3,18€ / KG",
Vinho Rosé Frisante,MONTARRO,Garrafa 0.75 LT,"1,78€","2,37€ / LT",
FEIJAO BRANCO LATA MGUIA,NOTRE JARDIN,Emb. 0.425 KG,"0,75€","1,76€ / KG",
Gelados de Amêndoas,MAGNUM,Emb. 4 UNID.,"2,99€","0,75€ / UNID.",
LENTILHAS,NOTRE JARDIN,Emb. 0.45 KG,"0,79€","1,76€ / KG",
Vinho Regional Alentejo Tinto,REGUENGOS,Garrafa 0.75 LT,"3,99€","5,32€ / LT",
Ambientador Absorve Odores Relax Zen 2x150gr,BRISE,Emb.  0.3 KG,"4,28€","14,27€ / KG",
Sumo 100% Ananás Biológico,,Emb. 1 LT,"3,58€","3,58€ / LT",
Maionese Top Down Verdadeira,HELLMANN'S,Emb. 0.412 KG,"3,18€","7,72€ / KG",
Queijo de Ovelha Barrado Seia,QUEIJOS LAGOS,1 Unid. = 0.5 KG (aprox.),"14,98€/kg","7,49€ / Unid.",
Sumo de Uva,ECO+,Emb. 1 LT,"0,99€","0,99€ / LT",
Batom Corretivo 103,RIMMEL,Emb. 1 UNID.,"7,98€","7,98€ / UNID.",
Conserva de Salsichas Hot Dog 4 Unid.,IZIDORO,Frasco 0.25 KG,"2,19€","8,76€ / KG",
Alimento Seco P/ Gato Júnior Frango Leite,PURINA FRISKIES,Emb. 0.4 KG,"2,08€","5,20€ / KG",
DETERGENTE MANUAL LOICA ULTRA SAIS E MINERAIS/FRUTOS EXOTICOS 500ML,VISIOR,Emb. 0.5,"1,39€","2,78€ /",
Esfregona Suave com Cabo,VILEDA,Emb. 1 UNID.,"5,49€","5,49€ / UNID.",
Iogurte Sólido Suissinhos Duo Morango e Baunilha 4 Unid.,NESTLÉ,Emb. 0.36 KG,"2,19€","6,08€ / KG",
FEIJAO BRANCO EM TOMATE,NOTRE JARDIN,Emb. 0.8 KG,"1,39€","1,74€ / KG",
Queijo Camembert,PRÉSIDENT,Emb. 0.25 KG,"3,77€","15,08€ / KG",
Coloração 1-0 PRETO 16X3,SYOSS,,"4,99€",/ Unid.,
Camarão Cozido Cal. 60/80,,1 Unid. = 0.28 KG (aprox.),"9,98€/kg","2,79€ / Unid.",
Iogurte Líquido Cremoso Morango Yoggi 4x160g,NESTLÉ,Emb. 0.64 KG,"1,99€","3,11€ / KG",
Wafers com Pedaços de Açúcar,P'TIT DÉLI,Emb. 0.55 KG,"2,49€","4,53€ / KG",
Conserva de Salsichas Bockwurst 5 Unid.,CÔTÉ TABLE,Frasco 0.25 KG,"1,49€","5,96€ / KG",
"""QUENELLES"" DE SALMAO C/ MOLHO CAMARAO",CÔTÉ TABLE,Emb. 0.4 KG,"1,82€","4,55€ / KG",
Alho Seco,,Emb. 0.5 KG,"2,09€","4,18€ / KG",
Queijo Flamengo Barra,,1 Unid. = 0.25 KG (aprox.),"8,90€/kg","2,23€ / Unid.",
MASSA QUEBRADA S/ GLUTEN,CHAQUE JOUR SANS GLUTEN,Emb. 0.23 KG,"2,61€","11,35€ / KG",
Preparado para Flan com Ovos,TABLIER BLANC,Emb. 0.72 KG,"2,30€","3,19€ / KG",
Creme de Banho Care & Relax,NIVEA,Emb. 0.75 LT,"5,98€","7,97€ / LT",
FUET CASERO PERU 150G,EL POZO,Emb. 0.15 KG,"2,69€","17,93€ / KG",
Sementes de Sésamo,MARQUE REPERE,Emb. 0.2 KG,"1,04€","5,20€ / KG",
Alimento Completo Cereais P/ Rolas,TOUS MES AMIS,Emb. 1 KG,"1,59€","1,59€ / KG",
Preservativos Touch&Feel,CONTROL,Emb. 6 UNID.,"7,98€","1,33€ / UNID.",
Morcela de Assar da Beira Baixa,SNR,Emb. 0.23 KG,"2,30€","10,00€ / KG",
REDONDITAS CROCANTES tipo belgas,P'TIT DÉLI,Emb. 0.25 KG,"1,79€","7,16€ / KG",
PIZZA 3 QUEIJOS BIO,,Emb. 0.38 KG,"3,59€","9,45€ / KG",
Conserva de Feijão Frade,COMPAL,Lata 0.845 KG,"1,88€","2,22€ / KG",
FEIJOADA À TRANSMONTANA,CÔTÉ TABLE,Emb. 0.25 KG,"2,69€","10,76€ / KG",
Creme Limpeza para Placas de Vitrocerâmica,VITROCLEN,Emb. 0.45 LT,"5,99€","13,31€ / LT",
Conserva de Azeitona Preta em Rodelas,RUSTICA,Frasco 0.36 KG,"1,04€","2,89€ / KG",
Refrigerante sem Gás Laranja Maracujá,FRUTIS,Emb. 1.5 LT,"1,15€","0,77€ / LT",
Pensos Higiénicos Ultrafinos Abas,AUSONIA,Emb. 12 UNID.,"1,98€","0,17€ / UNID.",
Molho Madeira,RUSTICA,Emb. 0.3 LT,"1,54€","5,13€ / LT",
Água com Gás 6x25cl,VIMEIRO,Emb. 1.5 LT,"2,74€","1,83€ / LT",
Faca de Cozinha Office 8cm,ARDENCE,1 UNID.,"3,90€","3,90€ / UNID.",
Queijo Curado Três Igrejas Mistura 2 Meses,SALOIO,1 Unid. = 0.25 KG (aprox.),"13,90€/kg","3,48€ / Unid.",
Pão Hamburger,EPI D'OR,Emb. 4 UNID.,"1,04€","0,26€ / UNID.",
Conserva de Atum em Posta em Azeite,PÊCHE OCÉAN,Emb. 0.12 KG,"1,19€","9,92€ / KG",
Conserva de Azeitona Verde Inteira,RUSTICA,Frasco 0.36 KG,"1,25€","3,47€ / KG",
BROCOLOS ULTRACONGELADOS,NOTRE JARDIN,Emb. 1 KG,"1,79€","1,79€ / KG",
CALDEIRADA DE PEIXE,PÊCHE OCÉAN,Emb. 0.9 KG,"4,99€","5,54€ / KG",
Iogurte Bifidus Sólido Natural S/ Lactose,ACTIVIA,Emb. 0.12 KG,"2,19€","18,25€ / KG",
Gomas Aromatizadas Frita Vários Sabores,COPAÍNS COPINES,Emb. 0.275 KG,"1,59€","5,78€ / KG",
Tablete de Chocolate Daim,MILKA,Emb. 0.1 KG,"1,58€","15,80€ / KG",
Vinho Regional Alentejano Tinto,CASAS BRANCAS,Garrafa 0.75 LT,"2,59€","3,45€ / LT",
Condicionador Protecção do Calor,TRESEMMÉ,Emb. 0.2 LT,"5,39€","26,95€ / LT",
"SOBREMESA ""ILE FLOTTANTE"" C/ MANGA E MARACUJA",DÉLISSE,Emb. 0.4 KG,"2,64€","6,60€ / KG",
Arroz Basmati Himalaia,SALUDÃES,Emb. 1 KG,"2,24€","2,24€ / KG",
Champô Cabelos Normais Fructis 2 em 1,GARNIER,Emb. 0.25 LT,"3,98€","15,92€ / LT",
Ambientador Absorbeolores Glade Lavanda,BRISE,Emb. 2 UNID.,"4,28€","2,14€ / UNID.",
Café Solúvel Descafeinado Clássico,NESCAFÉ,Emb. 10 UNID.,"1,68€","0,17€ / UNID.",
Recarga Pure Flor Cerejeira,AIRWICK,Emb. 1 UNID.,"5,98€","5,98€ / UNID.",
Miolo de Amêndoa Torrada com Sal,,Emb. 0.2 KG,"4,19€","20,95€ / KG",
Vaselina Jelly Baby,VASELINE,Emb. 0.1 LT,"1,49€","14,90€ / LT",
Queijo Camembert 8 Porções,PRÉSIDENT,Emb. 0.25 KG,"3,48€","13,92€ / KG",
Palitos Salgados,ECO+,Emb. 0.25 KG,"0,79€","3,16€ / KG",
Pensos Higiénicos Salvaslip MaxiPlus,EVAX,Emb. 30 UNID.,"2,88€","0,10€ / UNID.",
Orelha de Porco,,1 Unid. = 1 KG (aprox.),"4,99€/kg","4,99€ / Unid.",
BISCOITOS COM PEPITAS CHOCOLATE EM SACOS INDIVIDUAIS 16X25G,P'TIT DÉLI,Emb. 0.4 KG,"2,15€","5,38€ / KG",
"""BLANQUETTE"" DE VITELA E ARROZ",CÔTÉ TABLE,Emb. 0.285 KG,"3,17€","11,12€ / KG",
Snack Fruut Maçã Verde Intenso S/ Açúcar 60g,,Emb. 0.06 KG,"1,49€","24,83€ / KG",
Tabuleiro de Vidro Quadrado 26cm,ARDENCE,1 UNID.,"4,99€","4,99€ / UNID.",
Rolo Cozinha Compacto XXL,MARQUE REPERE,Emb. 1 UNID.,"0,99€","0,99€ / UNID.",
Papel Higiénico 2 Folhas Compact,MARQUE REPERE,Emb. 12 UNID.,"3,99€","0,33€ / UNID.",
Massa Laços Tricolores,MILANEZA,Emb. 0.5 KG,"1,94€","3,88€ / KG",
Bolachas com Pepitas de Chocolate,P'TIT DÉLI,Emb. 0.2 KG,"1,39€","6,95€ / KG",
LAMINAS DESCARTAVEIS SENHORA 3 LAMINAS 4UN,SLISS,Emb. 4 UNID.,"3,14€","0,79€ / UNID.",
Vinagre de Vinho D.O. Madeira Original,GALLO,Emb. 0.25 LT,"5,98€","23,92€ / LT",
Axe Collision Gel de Banho Leather & Cookies,AXE,Emb. 0.4 LT,"3,29€","8,23€ / LT",
Leite Bem Especial Cálcio Meio Gordo,MIMOSA,Emb. 1 LT,"0,98€","0,98€ / LT",
Chocolate em pó P/ Leite,NESTLÉ,Emb. 0.39 KG,"3,14€","8,05€ / KG",
Sidra com Álcool Blackberry 4x33cl,SOMERSBY,Emb. 1.32 LT,"3,99€","3,02€ / LT",
Pensos Higiénicos Noite Maxi Pocket 12 Unid.,DOULYS,Emb. 12 UNID.,"1,35€","0,11€ / UNID.",
Marmelada,FERBAR,Emb. 0.4 KG,"1,98€","4,95€ / KG",
Papel Higiénico,MARQUE REPERE,Emb. 48 UNID.,"8,49€","0,18€ / UNID.",
Sementes de Quinoa,MARQUE REPERE,Emb. 0.2 KG,"1,88€","9,40€ / KG",
Tablete de Chocolate Culinária 2x200g,TABLETTE D'OR,Emb. 0.4 KG,"2,61€","6,53€ / KG",
"AZEITONA OXIDADA,FRC,210G QAMPO",,0.21 KG,"1,62€","7,71€ / KG",
Grelos de Couve,,1 Unid. = 1 KG (aprox.),"2,89€/kg","2,89€ / Unid.",
Vodka Blue,ABSOLUT,Garrafa 0.7 LT,"19,57€","27,96€ / LT",
Difusor para Carro Ultra Control + Recarga Ar Fresco,AMBIPUR,Emb. 1 UNID.,"4,98€","4,98€ / UNID.",
Sal Refinado Mesa,VATEL,Emb. 0.25 KG,"0,38€","1,52€ / KG",
Alimento P/ Bebé Frutas Variadas +6 meses 4 Unid.,NESTLÉ BEBÉ,Emb. 0.4 KG,"2,39€","5,98€ / KG",
QUEIJO ROQUEFORT DOP,NOS RÉGIONS ONT DU TALENT,Emb. 0.15 KG,"2,69€","17,93€ / KG",
Cerveja com Álcool 24x33cl,SAGRES,Emb. 7.92 LT,"24,38€","3,08€ / LT",
Iogurte Líquido Cremoso Frutos Silvestres,YOGGI,Emb. 0.64 KG,"1,99€","3,11€ / KG",
Difusor Elétrico 3 Volution + Recarga Ar Fresco,AMBIPUR,Emb. 1 UNID.,"4,99€","4,99€ / UNID.",
VINAGRE BRANCO PET CRISTAL 250ML,CRISTAL,Emb. 0.25 LT,"0,64€","2,56€ / LT",
Bagas de Goji,MARQUE REPERE,Emb. 0.125 KG,"2,68€","21,44€ / KG",
Carne Porco Salgada C/ Lentilhas,CÔTÉ TABLE,Lata 0.84 KG,"3,14€","3,74€ / KG",
Conserva de Feijão Frade Cozido,NOTRE JARDIN,Lata 0.85 KG,"1,04€","1,22€ / KG",
Guardanapos Folha Simples Reciclados,MARQUE REPERE,Emb. 100 UNID.,"0,67€","0,01€ / UNID.",
Queijo Ovale Double Crème,ECO+,Emb. 0.3 KG,"2,39€","7,97€ / KG",
Whisky 12 Anos,GRAND OLD PARR,Emb. 1 LT,"52,98€","52,98€ / LT",
Miolo Noz Pedaços,MARQUE REPERE,Emb. 0.2 KG,"3,03€","15,15€ / KG",
Rolo de Cozinha Gigante,SCOTTEX,Emb. 1 P,"1,18€","1,18€ / P",
Paté de Atum,PÊCHE OCÉAN,Emb. 0.065 KG,"0,59€","9,08€ / KG",
16 Caps.Café Kaffa Compativeis SG Castanho,KAFFA,Emb. 16 UNID.,"3,19€","0,20€ / UNID.",
Conserva de Milho Doce,BONDUELLE,Lata 0.3 KG,"2,43€","8,10€ / KG",
Bebida de Soja Baunilha 3x200ML,SHOYCE,Emb. 0.6 LT,"1,39€","2,32€ / LT",
Conserva de Salsichas Naturíssimos Frango 8 Unid.,NOBRE,Lata 0.16 KG,"1,88€","11,75€ / KG",
Espumante Bruto,COMP DO VINHO,Garrafa 0.75 LT,"3,29€","4,39€ / LT",
Bolachas Crackers Integral,DU BOIS DE LA ROCHE,Emb. 0.5 KG,"3,08€","6,16€ / KG",
Bebida Energética Zero,X-TENSE,Garrafa 1 LT,"0,93€","0,93€ / LT",
Desodorizante Roll-On Protect & Care 0% 48h,NIVEA,Emb. 0.05 LT,"2,69€","53,80€ / LT",
PATE CAMPESTRE C/ COGUMELOS,CÔTÉ TABLE,Emb. 0.18 KG,"1,35€","7,50€ / KG",
Pães de Leite com Pepitas Chocolate de Leite 10 Unid.,EPI D'OR,Emb. 0.35 KG,"1,99€","5,69€ / KG",
Nata com Cogumelos,PARMALAT,Emb. 0.2 KG,"1,15€","5,75€ / KG",
FRANGO C/ MOLHO DE CARIL,CÔTÉ TABLE,Emb. 0.3 KG,"2,57€","8,57€ / KG",
Esparguete Picante,MILANEZA,Emb. 0.5 KG,"2,38€","4,76€ / KG",
Crepes com Cogumelos,CÔTÉ TABLE,Emb. 6 UNID.,"1,49€","0,25€ / UNID.",
Espuma Caracóis Naturais,PANTENE,Emb. 0.2 LT,"3,74€","18,70€ / LT",
Maçã Royal Gala Cal. 70/75,,1 Unid. = 0.18 KG (aprox.),"1,89€/kg","0,34€ / Unid.",
Barras de Cereais Trigo Integral C/ Leite 6 Unid.,GOLDEN GRAHAMS,Emb. 0.15 KG,"2,79€","18,60€ / KG",
PREPARADO PARA LEITE CREME,DÉLISSE,Emb. 0.4 KG,"2,99€","7,48€ / KG",
"Cerveja Tequila 5,9% Vol. 3 Unid.",DESQUILES,Emb. 0.99 LT,"3,39€","3,42€ / LT",
NOODLES DE FRANGO,TABLES DU MONDE,Emb. 0.061 KG,"0,93€","15,25€ / KG",
Cerveja com Álcool 6x33cl,SUPER BOCK,Emb. 1.98 LT,"4,48€","2,26€ / LT",
Medidor 1L,ARDENCE,1 UNID.,"2,80€","2,80€ / UNID.",
Doce de Mirtilos Biológico,,Emb. 0.375 KG,"2,65€","7,07€ / KG",
QUEIJO EMENTAL FATIADO ESPECIAL TOSTA MISTA,LES CROISÉS,Emb. 0.2 KG,"1,69€","8,45€ / KG",
DETERGENTE MANUAL LOICA CONCENTRADO MENTA/EUCALIPTO ECOLOGICO 500ML,UNÍ VERT,Emb. 0.5 LT,"1,56€","3,12€ / LT",
Refeição Arroz de Tomate e frango,BLÉDINA,Emb. 0.2 KG,"1,94€","9,70€ / KG",
Queijo Emmental Francês Ralado,LES CROISÉS,Emb. 0.1 KG,"1,05€","10,50€ / KG",
Pastilhas Elásticas sem Açúcar Sabor Menta Verde 70Unid.,NEW'R,Emb. 0.102 KG,"1,87€","18,33€ / KG",
PEPITAS DE CHOCOLATE BIO,,Emb. 0.1 KG,"2,39€","23,90€ / KG",
Vinho Regional Douro Branco,ADEGA DE VILA REAL,Garrafa 0.75 LT,"2,39€","3,19€ / LT",
"Prato Fundo 19,5cm Preto",ARDENCE,1 UNID.,"2,20€","2,20€ / UNID.",
Sobremesa Láctea de Morango +6Meses,BIO VILLAGE BEBE,Emb. 0.4 KG,"2,29€","5,73€ / KG",
Sabonete Moisture Care 4 unid.,PALMOLIVE,Emb. 0.09 KG,"3,34€","37,11€ / KG",
Ketchup Redução de Sal e Açúcar,HEINZ,Emb. 0.55 KG,"3,98€","7,24€ / KG",
"ALCAPARRAS VINAGRE,FERBAR,180G",FERBAR,,"3,08€",/ Unid.,
Vinho Regional Alentejo Tinto,TRINCA BOLOTAS,Garrafa 0.75 LT,"5,24€","6,99€ / LT",
MOLHO PIRI-PIRI FERBAR 210G,FERBAR,Emb. 0.21 KG,"0,83€","3,95€ / KG",
Laca Cabelo Diamond Gloss Care 4,NIVEA,Spray 0.25 LT,"2,69€","10,76€ / LT",
Arroz Carolino,BOM SUCESSO,Emb. 1 KG,"1,15€","1,15€ / KG",
Fraldas Bebé Ultra Confort Maxi +9/20 Kg,MOTS D'ENFANTS,Emb. 41 UNID.,"6,56€","0,16€ / UNID.",
GLADE RECARGA SANDALWOOD & JASMINE 10ML,GLADE,,"3,12€",/ Unid.,
"Inseticida Antimosquitos, Eléctrico Líquido",RAID,Emb. 0.021 LT,"6,98€","332,38€ / LT",
Chá de Frutos Vermelhos,TETLEY,Emb. 10 SAQ.,"1,12€","0,11€ / SAQ.",
Ervilhas Ultracongeladas,IGLO,Emb. 0.7 KG,"3,98€","5,69€ / KG",
Alimento Húmido Gato Ave e Legumes,LYCAT,,"1,68€",/ Unid.,
Hambúrguer Soja 2x80 g,CEM PORCENTO,Emb. 0.16 KG,"2,78€","17,38€ / KG",
Faca de Cozinha 19cm,PRADEL,1 UNID.,"5,99€","5,99€ / UNID.",
Azeite Virgem Extra Seleção Ouro,OLIVEIRA DA SERRA,Garrafa 0.75 LT,"6,98€","9,31€ / LT",
Espumante de Melão,BAR ROYAL,Garrafa 0.75 LT,"3,98€","5,31€ / LT",
Caixa de Arrumação com Tampa e Rodas 40L Cinza,,1 UNID.,"9,95€","9,95€ / UNID.",
Bolachas com Recheio Cereja Cobertura Chocolate,P'TIT DÉLI,Emb. 0.15 KG,"1,25€","8,33€ / KG",
Chá de Camomila,TETLEY,Emb. 10 UNID.,"0,84€","0,08€ / UNID.",
Café Torrado Expresso Moído,PLANTATION,Emb. 0.25 KG,"1,69€","6,76€ / KG",
Sabonete Sólido Manteiga Karite,MANAVA,Emb. 2 UNID.,"1,05€","0,53€ / UNID.",
Detergente Loiça Manual Recarga Espuma Ativa,FAIRY,Emb. 0.375 LT,"2,18€","5,81€ / LT",
Detergente Loiça Máquina Pastilhas,,Emb. 50 PAST.,"3,33€","0,07€ / PAST.",
Prato Fundo 21cm Branco,ARDENCE,1 UNID.,"2,20€","2,20€ / UNID.",
Desodorizante Roll-On Double Invisible,VASELINE,Emb. 0.05 LT,"2,09€","41,80€ / LT",
BALDE DE TREMOCOS,RUSTICA,Emb. 3.5 KG,"5,13€","1,47€ / KG",
Glade Observadores Frescos de Primavera,BRISE,Emb. 0.3 KG,"4,28€","14,27€ / KG",
GUARDANAPOS AMARELOS FOLHA SIMPLES RENOVA,GUARDANAPOS RENOVA,Emb. 70 UNID.,"0,69€","0,01€ / UNID.",
Gel Depilação P/ Pele Sensível C/ Aloe Vera,GILLETTE,Emb. 0.2 LT,"3,74€","18,70€ / LT",
CONES DE MILHO,TOKAPI,Emb. 0.085 KG,"0,97€","11,41€ / KG",
Preservativos Finíssimos,CONTROL,Emb. 12 UNID.,"6,99€","0,58€ / UNID.",
Café Solúvel Descafeinado,NESCAFÉ,Emb. 0.1 KG,"4,38€","43,80€ / KG",
Papel Higiénico Branco,MARQUE REPERE,Emb. 12 UNID.,"4,99€","0,42€ / UNID.",
Wafers de Cacau,,Emb. 0.17 KG,"1,35€","7,94€ / KG",
Sabonetes Solidos Leite e Mel 4 Unid.,PALMOLIVE,Emb. 0.09 KG,"3,34€","37,11€ / KG",
QUEIJO RALADO 3QJ,LES CROISÉS,Emb. 0.2 KG,"1,99€","9,95€ / KG",
"FRIZE LIMA PEPIN GENGIB,,4x.25L",FRIZE,,"2,68€",/ Unid.,
Refrigerante C/ Gás Cola,JEAN'S,Garrafa 1.5 LT,"1,09€","0,73€ / LT",
Alimento Seco para Cão Carne e Cereais Integrais,ECO+,Emb. 20 KG,"15,99€","0,80€ / KG",
Esses,,Emb. 0.3 KG,"2,09€","6,97€ / KG",
QUEIJO EMMENTAL RALADO BIO,,Emb. 0.1 KG,"1,67€","16,70€ / KG",
MASSA FRESCA ESPARGUETES,TURINI,Emb. 0.35 KG,"1,39€","3,97€ / KG",
Ervilhas Primavera Ultracongelado,IGLO,Emb. 0.5 KG,"3,09€","6,18€ / KG",
Néctar Vital Equilíbrio Manga Laranja 3x20cl,COMPAL,Emb. 0.6 LT,"1,58€","2,63€ / LT",
Iogurte Líquido Baunilha,DÉLISSE,Emb. 0.85 LT,"1,09€","1,28€ / LT",
AMBIENTADOR MINI SPRAY LIRIO DOS VALES + RECARGA,BIEN AIR,Emb. 1 UNID.,"1,94€","1,94€ / UNID.",
Vinho Tinto de Mesa Elopack,CASAL DA EIRA,Emb. 1 LT,"1,68€","1,68€ / LT",
POSTA PESCADA Nº3 PARA FRITAR,ECO+,Emb. 0.8 KG,"4,99€","6,24€ / KG",
SORVETE TANGERINA,TROFIC,Emb. 1 LT,"2,89€","2,89€ / LT",
Sacos Lixo Fecho Fácil 50L,ELEMBAL,Emb. 15 UNID.,"1,49€","0,10€ / UNID.",
COLORACAO LOURO CLARISSIMO 9.0 S/AMONIACO,VITANOVE,Emb. 1 UNID.,"4,07€","4,07€ / UNID.",
"ALIMENT BEBE: PURE CENOURAS, ARROZ E ABOBORA BIO +6M 2X200G",BIO VILLAGE BEBE,Emb. 0.4 KG,"2,39€","5,98€ / KG",
Cereais Granola de Aveia Chocolate,FITNESS,Emb. 0.3 KG,"2,79€","9,30€ / KG",
FAIRY ROSA E CETIM 650ML,,Emb. 0.65 LT,"2,98€","4,58€ / LT",
Azeite Subtil,GALLO,Garrafa 2 LT,"8,99€","4,50€ / LT",
Gomas Trio Acidas,COPAÍNS COPINES,Emb. 0.2 KG,"1,31€","6,55€ / KG",
Ice Tea Pêssego,NESTEA,Garrafa 1.5 LT,"1,00€","0,67€ / LT",
Leite de Transição 2 +6 meses,NAN,Emb. 0.8 KG,"16,48€","20,60€ / KG",
Escova Dentes Extra Interdental Média,AQUAFRESH,Emb. 1 UNID.,"3,18€","3,18€ / UNID.",
DOURADINHOS FRANGO 18UN,CÔTÉ CROC,Emb. 0.4 KG,"3,99€","9,98€ / KG",
Alho C/ Moinho,MARGÃO,Emb. 0.028 KG,"3,98€","142,14€ / KG",
Vela Fragrância de Baunilha,AIR WICK,Emb. 0.32 KG,"3,98€","12,44€ / KG",
Queijo Pasta Dura Cozida,LES CROISÉS,Emb. 0.2 KG,"3,09€","15,45€ / KG",
Guardanapos Folha Simples,MARQUE REPERE,Emb. 100 UNID.,"0,69€","0,01€ / UNID.",
VINAGRE SIDRA PET CRISTAL,CRISTAL,Emb. 0.25 LT,"0,64€","2,56€ / LT",
Bolacha Maria,CUÉTARA,Emb. 0.2 KG,"0,88€","4,40€ / KG",
Néctar Clássico 100% Maçã,COMPAL,Emb. 0.33 LT,"0,78€","2,36€ / LT",
Bolachas com Cobertura Chocolate Preto,P'TIT DÉLI,Emb. 0.2 KG,"1,09€","5,45€ / KG",
Salmão Posta Congelado,,1 Unid. = 1 KG  (aprox.),"8,98€/kg","8,98€ / Unid.",
Recheio P/ BOUCHEES A LA REINE,CÔTÉ TABLE,Emb. 4 KG,"1,69€","0,42€ / KG",
Detergente Loiça Manual Original Ultra,FAIRY,Emb. 1.5 LT,"5,78€","3,85€ / LT",
Refrigerante C/ Gás Limão,ECO+,Emb. 2 LT,"0,79€","0,40€ / LT",
Iogurte Mix-in Kit Kat 2x115g,NESTLÉ,Emb. 0.23 KG,"1,99€","8,65€ / KG",
Red Fish Grande Congelado,,1 Unid. = 0.5 KG (aprox.),"4,99€/kg","2,50€ / Unid.",
Snacks P/ Cão 12-25Kg Dentalife Medium,PURINA,Emb. 0.345 KG,"4,49€","13,01€ / KG",
Queijo Raclette em Fatias,ECO+,Emb. 0.8 P,"6,49€","8,11€ / P",
CHAMPO + DUCHE TONIFICANTE PARA HOMEM,CARRÉ HOMME,Emb. 0.25 LT,"1,35€","5,40€ / LT",
Paté para Cão de Aves e Fígado,LYDOG,Emb. 0.3 KG,"0,59€","1,97€ / KG",
Cerveja com Álcool Mini 20x25cl,SAGRES,Emb. 5 LT,"8,99€","1,80€ / LT",
Proteção Contra o Calcário e a Sujidade,CALGON,Emb. 1.5 LT,"11,99€","7,99€ / LT",
Caras de Bacalhau,,1 Unid. = 0.5 KG (aprox.),"4,49€/kg","2,25€ / Unid.",
Bolachas Amanteigadas,P'TIT DÉLI,Emb. 0.2 KG,"1,37€","6,85€ / KG",
Champô Cabelo Ultra Suave Óleo de Abacate e Manteiga de Carité,GARNIER,Emb. 0.4 LT,"5,58€","13,95€ / LT",
Salsichão Cozido com Alho,ECO+,,"1,89€",/ Unid.,
"AGUA LISA VIMEIRO ORIGINAL 4X1,5L",VIMEIRO,,"2,49€",/ Unid.,
Spray Ultra Desembaraçante,CORINE DE FARME,Emb. 0.15 LT,"1,99€","13,27€ / LT",
Ervilhas e Cenouras Extra Finas,NOTRE JARDIN,Emb. 0.4 KG,"1,35€","3,38€ / KG",
Espumante Meio Seco,COMP DO VINHO,Garrafa 0.75 LT,"3,14€","4,19€ / LT",
Vinho Branco A.O.C. MONBAZILLAC 14,TERRASSES D'AUTAN,Garrafa 0.75 CL,"5,99€","7,99€ / CL",
Cominhos Moídos,RUSTICA,Frasco 0.035 KG,"0,62€","17,71€ / KG",
DOCE FRAMBOESA LIGHT,DOUCEUR DU VERGER,Emb. 0.34 KG,"1,72€","5,06€ / KG",
Cerveja com Álcool Abadia 6x33cl,SUPER BOCK,Emb. 1.98 LT,"4,49€","2,27€ / LT",
Sumo de Laranja 3x20 cl,UM BONGO,Emb. 0.6 LT,"1,38€","2,30€ / LT",
Pato Inteiro,,1 Unid. = 2.15 KG (aprox.),"4,89€/kg","10,51€ / Unid.",
Queijo Mistura,PAIVA,1 Unid. = 1.2 KG (aprox.),"10,49€/kg","12,59€ / Unid.",
Bloco Sanitário 3 em 1 Atlantic,DOMESTOS,Emb. 0.04 KG,"1,19€","29,75€ / KG",
DROPS BOLAS DE NEVE M.GUIA,COPAÍNS COPINES,Emb. 0.25 KG,"1,19€","4,76€ / KG",
Farinha de Trigo Branca,TABLIER BLANC,Emb. 1 KG,"0,93€","0,93€ / KG",
LENCOS BOLSO 4F MENTOL,CARESSE,Emb. 15 UNID.,"1,67€","0,11€ / UNID.",
Desodorizante Deo Invisible,DOVE,Emb. 0.05 LT,"2,54€","50,80€ / LT",
Pão de Forma com Códea Familiar,PANRICO,Emb. 0.75 KG,"2,18€","2,91€ / KG",
Papel Higiénico Decorado,MARQUE REPERE,Emb. 12 UNID.,"3,14€","0,26€ / UNID.",
Ervilhas e Cenouras Muito Finas,NOTRE JARDIN,Emb. 0.4 KG,"1,14€","2,85€ / KG",
Pensos Incontinência Discreet Maxi Night,AUSONIA,Emb. 16 UNID.,"5,99€","0,37€ / UNID.",
Tabuleiro de Vidro Retangular 39x24cm,ARDENCE,1 UNID.,"6,99€","6,99€ / UNID.",
Margarina 1/2 Sal rica em Ómega 3,NAT&VIE,Emb. 0.5 KG,"2,55€","5,10€ / KG",
Cera Depilatória a base de Açúcar,VEET,Emb. 0.025 LT,"7,98€","319,20€ / LT",
Aditivo para Roupa Gel Anti-Calcário 2 em1,CALGON,Emb. 0.75 LT,"6,99€","9,32€ / LT",
Queijo Mozzarella,LES CROISÉS,Emb. 0.125 KG,"0,94€","7,52€ / KG",
Bolachas Amanteigadas com Tablete de Chocolate Preto,P'TIT DÉLI,Emb. 0.15 KG,"1,44€","9,60€ / KG",
SOBREMESA CREME CHOCOLATE BRANCO,DÉLISSE,Emb. 0.5 KG,"1,49€","2,98€ / KG",
Snack Pera Rocha FRUUT - 20 Gramas,,Emb. 0.02 KG,"0,84€","42,00€ / KG",
Feijão Verde Muito Fino Ultracongelado,NOTRE JARDIN,Emb. 1 KG,"1,59€","1,59€ / KG",
Desodorizante Roll-On Men Dry Fresh,NIVEA MEN,Emb. 0.05 LT,"3,78€","75,60€ / LT",
Chá Green Framboesa Romã,LIPTON,Emb. 20 SAQ.,"1,49€","0,07€ / SAQ.",
Presunto Fatiado,DAMATTA,Emb. 0.07 KG,"2,48€","35,43€ / KG",
Vinho Branco do Douro,CADÃO,Emb. 0.75 LT,"2,99€","3,99€ / LT",
Strogonoff de Porco,,1 Unid. = 0.2 KG (aprox.),"7,48€/kg","1,50€ / Unid.",
Tablete Excellence 99% Cacau,LINDT,Emb. 0.05 KG,"3,58€","71,60€ / KG",
Lixívia em Gel Original,DOMESTOS,Emb. 0.75 Lt,"1,79€","2,39€ / Lt",
FRALDAS BEBE T5+ 12/25KG 52UN,ECO+,Emb. 52 UNID.,"7,51€","0,14€ / UNID.",
Chouriço C/ Feijão Branco,NOBRE,Emb. 0.42 KG,"1,76€","4,19€ / KG",
Donuts Chocolate 4x47 gr,DONUTS,Emb. 0.188 KG,"1,99€","10,59€ / KG",
Chá de Limão,LIPTON,Emb. 20 SAQ.,"1,74€","0,09€ / SAQ.",
Pimenta Preta Grãos,RUSTICA,Frasco 0.04 KG,"1,62€","40,50€ / KG",
Compota 3 Maçãs 4x90g,DOUCEUR DU VERGER,Emb. 0.36 KG,"1,99€","5,53€ / KG",
CANUDINHOS,P'TIT DÉLI,Emb. 0.18 KG,"1,32€","7,33€ / KG",
Alheira,TERRAS DO DEMO,Emb. 0.2 KG,"1,24€","6,20€ / KG",
Ambientador em Spray 2 em 1 Lírio do Vale,BIEN AIR,Lata 0.3 LT,"1,04€","3,47€ / LT",
Fralda Cueca T6 +16Kg Eco,MOTS D'ENFANTS,Emb. 18 UNID.,"6,49€","0,36€ / UNID.",
Pacotinho de Frutas Banana Laranja e Bolacha +6 meses,NATURNES,Emb. 0.09 KG,"0,69€","7,67€ / KG",
Queijo Petit Brie,LES CROISÉS,Emb. 0.5 KG,"4,29€","8,58€ / KG",
Água sem Gás Frutos Vermelhos,LUSO FRUTA,Garrafa 0.5 LT,"0,79€","1,58€ / LT",
Doce de Alperce Baixo Teor de Açúcar,DOUCEUR DU VERGER,Frasco 0.34 KG,"1,59€","4,68€ / KG",
Alimento Húmido P/ Cão Adulto Pequeno C/ Carne de Vaca e Pato,PURINA,Emb. 0.4 KG,"2,39€","5,98€ / KG",
Queijo Vaca Light Pequeno,PAIVA,Emb. 0.55 KG (aprox.),"5,68€","10,33€ / KG",
DETERGENTE MANUAL LOICA FRUTOS VERMELHOS/FLORES 750ML,VISIOR,Emb. 0.75 LT,"1,34€","1,79€ / LT",
Raia Posta,,1 Unid. = 0.53 KG (aprox.),"2,47€/kg","1,31€ / Unid.",
Aditivo Máquina Loiça Sal,CALGON,Emb. 1 KG,"2,18€","2,18€ / KG",
Café Delta Moido Saco Chavena Torrado,DELTA,Emb. 0.25 KG,"2,29€","9,16€ / KG",
MOUSSE LIEGEOISE CARAMELO,DÉLISSE,Emb. 0.64 KG,"2,59€","4,05€ / KG",
Ervilhas Ultracongelados,IGLO,Emb. 0.375 KG,"2,18€","5,81€ / KG",
Creme de Dia Nutritivo Pele Seca Sensível,NIVEA,Emb. 0.05 LT,"5,98€","119,60€ / LT",
COLORACAO LOURO CINZENTO 7.1 S/AMONIACO,VITANOVE,Emb. 1 UNID.,"4,07€","4,07€ / UNID.",
AMENDOINS TORRADOS E SALGADOS,ECO+,Emb. 0.25 KG,"0,99€","3,96€ / KG",
Dentífrico Extremo Hálito Fresco,DENTAMYL,Emb. 0.075 LT,"0,92€","12,27€ / LT",
Doce Extra de Alperce Biológico,,Emb. 0.37 KG,"2,15€","5,81€ / KG",
Elixir Mentol,LISTERINE,Emb. 0.05 LT,"6,48€","129,60€ / LT",
BALDE DE AZEITONAS VERDES,RUSTICA,Emb. 3.5 KG,"7,34€","2,10€ / KG",
Queijo de Cabra Curado,QUINTA DO OLIVAL,1 Unid. = 1 KG,"18,90€/kg","18,90€ / Unid.",
Ketchup,ECO+,Emb. 0.58 KG,"0,99€","1,71€ / KG",
LENCOS FACIAIS 3F DECORADO,CARESSE,Emb. 70 UNID.,"1,25€","0,02€ / UNID.",
Bebida de Soja Chocolate,NAT&VIE,Emb. 1 LT,"1,09€","1,09€ / LT",
Cogumelos Laminados,ECO+,Emb. 0.23 KG,"0,86€","3,74€ / KG",
Desodorizante Stick,DOVE,Emb. 0.04 LT,"2,84€","71,00€ / LT",
Ovos Solo M,SNR,Emb. 12 UNID.,"1,99€","0,17€ / UNID.",
GUYLIAN FRUTOS DO MAR CARTÃO 125g,,,"4,33€",/ Unid.,
Azeite Virgem Extra Reserva,GALLO,Garrafa 0.75 LT,"4,49€","5,99€ / LT",
Creme Depilatório Duche Peles Normais,VEET,Emb. 0.15 LT,"9,98€","66,53€ / LT",
Conserva de Filete Cavala,PITEU,Emb. 0.12 KG,"2,18€","18,17€ / KG",
"Conjunto 12 Copos Balão 19,5cl",,12 UNID.,"7,99€","0,67€ / UNID.",
Pão de Forma sem Codea,EPI D'OR,Emb. 0.45 KG,"1,39€","3,09€ / KG",
Mistura de Frutos do Bosque,MARQUE REPERE,Emb. 0.2 KG,"3,14€","15,70€ / KG",
CACAU EM PÓ MAGRO CONDI 100G,CONDI,Emb. 0.1 KG,"1,49€","14,90€ / KG",
Batatas Fritas 6x30 gr,ECO+,Emb. 0.18 KG,"1,39€","7,72€ / KG",
Farinha Láctea,MOTS D'ENFANTS,Emb. 1 KG,"4,67€","4,67€ / KG",
Polvo Congelado,,1 Unid. = 1.5 KG (aprox.),"10,98€/kg","16,47€ / Unid.",
Escova ZigZag Suave,COLGATE,Emb. 3 UNID.,"2,99€","1,00€ / UNID.",
LEITE CREME 4X23G TABLIER BLANC,TABLIER BLANC,Emb. 0.092 KG,"0,47€","5,11€ / KG",
Massa Espirais Tricolores,MILANEZA,Emb. 0.5 KG,"1,94€","3,88€ / KG",
A+ARIEL FRESH SENS LIQ 4X1.4L/28SC/PT,A+,,"9,99€",/ Unid.,
Farinheira Regional - PDTO Lamego,SNR,Emb. 0.16 KG,"1,67€","10,44€ / KG",
"Alimento Completo para Canários, Pintassilgo e outros granívoros",OVARPAGO,Emb. 0.2 KG,"1,59€","7,95€ / KG",
ESCOVA DE DENTES CRIANCA COM LUZ  +3 ANOS,PETIT DENTAMYL,Emb. 1 UNID.,"2,61€","2,61€ / UNID.",
LEGUMES SALTEADOS WOK ASIATICO,NOTRE JARDIN,Emb. 1 KG,"2,99€","2,99€ / KG",
Fraldas Cueca Maxi M,LINDOR,Emb. 14 UNID.,"16,82€","1,20€ / UNID.",
Salsicha Peru,NOBRE,Emb. 0.16 KG,"1,39€","8,69€ / KG",
Anti-Projeções de Inox 33cm,ARDENCE,1 UNID.,"2,50€","2,50€ / UNID.",
TARTE DE MACAS CARAMELIZADAS,AUTOUR DU DESSERT,Emb. 0.6 KG,"4,89€","8,15€ / KG",
Película Aderente Flexível e Extra Aderente,VILEDA,Emb. 25 MT,"2,64€","0,11€ / MT",
Pizza Cozida na Pedra Salmão Camarão,TURINI,Emb. 0.4 KG,"2,99€","7,48€ / KG",
Queijo Parmigiano Reggiano,LES CROISÉS,Emb. 0.2 KG,"4,49€","22,45€ / KG",
Bolachas com Cobertura Chocolate de Leite,P'TIT DÉLI,Emb. 0.2 KG,"1,09€","5,45€ / KG",
POSTA PESCADA Nº3 COZ,ECO+,Emb. 0.8 KG,"4,49€","5,61€ / KG",
Massa Filo,TABLIER BLANC,Emb. 0.25 KG,"1,69€","6,76€ / KG",
Massa Macarrão,ECO+,Emb. 0.5 KG,"0,65€","1,30€ / KG",
Néctar Light Manga e Laranja,COMPAL,Emb. 1 LT,"1,58€","1,58€ / LT",
Refrigerante com Gás Ananás,SUMOL,Lata 0.33 LT,"0,75€","2,27€ / LT",
Iogurte Natural com Açúcar de Cana 4x125g,DÉLISSE,Emb. 0.5 KG,"0,75€","1,50€ / KG",
TARTELETES PURA MANTEIGA C/ COBERTURA MORANGO,P'TIT DÉLI,Emb. 0.127 KG,"1,46€","11,50€ / KG",
Néctar Clássico Ameixa,COMPAL,Emb. 1 LT,"1,35€","1,35€ / LT",
Massa Pevides,TURINI,Emb. 0.25 KG,"0,55€","2,20€ / KG",
Forma de Vidro Tarte 27cm,ARDENCE,1 UNID.,"3,99€","3,99€ / UNID.",
Snack Chipz Maçã Gengibre FRUUT,,Emb. 0.02 KG,"0,95€","47,50€ / KG",
Palitos de Chocolate,P'TIT DÉLI,Emb. 0.15 KG,"0,99€","6,60€ / KG",
Bolachas Cobertas Chocolate Leite,P'TIT DÉLI,Emb. 0.15 KG,"1,19€","7,93€ / KG",
Chá Baunilha e Caramelo,LIPTON,Emb. 20 SAQ.,"1,74€","0,09€ / SAQ.",
Douradinhos Espinafres 10 Unid.,CAPITÃO IGLO,Emb. 0.284 KG,"2,99€","10,53€ / KG",
Caneca Branca 40cl,ARDENCE,1 UNID.,"1,50€","1,50€ / UNID.",
Café Solúvel Qualité Filtre,PLANTATION,Frasco 0.1 KG,"1,83€","18,30€ / KG",
Salmão do Atlântico Fumado,ECO+,Emb. 0.2 KG,"5,49€","27,45€ / KG",
Preparado Sopa Creme de Marisco,KNORR,Emb. 0.075 KG,"1,49€","19,87€ / KG",
Lenços Bolso,MARQUE REPERE,Emb. 18 UNID.,"1,69€","0,09€ / UNID.",
Café Solúvel,DELTA,Emb. 0.02 KG,"1,13€","56,50€ / KG",
Mini Tostas,EPI D'OR,Emb. 0.35 KG,"1,99€","5,69€ / KG",
Cogumelos de Paris Laminados Ultracongelado,NOTRE JARDIN,Emb. 1 KG,"2,29€","2,29€ / KG",
LAVA TUDO BOSQUE,CLAIR,Emb. 2 LT,"0,93€","0,47€ / LT",
Pinça de Servir de Inox,,1 UNID.,"2,99€","2,99€ / UNID.",
PAIO LOMBO FATIADO,CAMPO FINO,Emb. 0.15 KG,"2,09€","13,93€ / KG",
Salada de Massas e Delícias do Mar Temperada,MENU FRAÎCHEUR,Emb. 0.3 KG,"1,56€","5,20€ / KG",
Alface Lisa,,1 Unid. = 0.4 KG (aprox.),"2,69€/kg","1,08€ / Unid.",
Conserva de Feijão Manteiga,COMPAL,Lata 0.845 KG,"1,59€","1,88€ / KG",
"Copo 35,5cl Mojito",,1 UNID.,"1,49€","1,49€ / UNID.",
Aromatizante Máquina Loiça Limão,SUN,Emb. 1 UNID.,"2,24€","2,24€ / UNID.",
Chipicao Mini Croissant Pack Creme de Cacau,CHIPICAO,Emb. 0.199 KG,"2,08€","10,45€ / KG",
PENSOS DIARIOS 30UN,ECO+,Emb. 30 UNID.,"0,65€","0,02€ / UNID.",
Espumante Doce,COMP DO VINHO,Garrafa 0.75 LT,"3,14€","4,19€ / LT",
Cerveja com Álcool 6x20cl,CRISTAL,Emb. 1.2 LT,"2,28€","1,90€ / LT",
CREME SOJA P/ CULINARIA BIO,,Emb. 0.25 KG,"1,56€","6,24€ / KG",
Bolachas Amanteigadas Palet breton 2x125g,P'TIT DÉLI,Emb. 0.25 KG,"2,14€","8,56€ / KG",
Salsichão Seco,ST AZAY,Emb. 0.3 KG,"4,29€","14,30€ / KG",
Dentífrico Dentes Leite,AQUAFRESH,Emb. 0.05 LT,"2,88€","57,60€ / LT",
Cereais Integrais e Mel,NESTUM,Emb. 0.25 KG,"1,49€","5,96€ / KG",
Queijo Fundido Light 8 Porções,A VACA QUE RI,Emb. 0.14 KG,"2,08€","14,86€ / KG",
Iogurte Líquido Corpos Morango Kiwi 4x155g,DANONE,Emb. 0.62 KG,"1,69€","2,73€ / KG",
Frango à Provençal C/ Ervas Aromáticas,MAGGI,Emb. 0.028 KG,"0,74€","26,43€ / KG",
AREIA VEGETAL 10L P'TIT AMI,TOUS MES AMIS,Emb. 10 LT,"3,59€","0,36€ / LT",
Alimento Seco Cão Croquetes com Carne de Bovino e Cenoura,LYDOG,Emb. 4 KG,"5,89€","1,47€ / KG",
Café Torrado Grão,PLANTATION,Emb. 1 KG,"5,69€","5,69€ / KG",
Nuggets Grelhadinhos 8 Unid.,CAPITÃO IGLO,Emb. 0.204 KG,"5,98€","29,31€ / KG",
Glade Automatic Spray Recarga Relax Zen,GLADE,Emb. 0.269 LT,"4,98€","18,51€ / LT",
Pinhões,TABLIER BLANC,Emb. 0.05 KG,"3,66€","73,20€ / KG",
Filetes de Anchovas em Óleo Vegetal,RAMIREZ,Emb. 0.04 KG,"1,34€","33,50€ / KG",
Biscoitos com Pepitas de Chocolate Preto Biológico,,Emb. 0.14 KG,"1,99€","14,21€ / KG",
Bolachas Digestive Go Canela 6 Saquetas,TRIUNFO,Emb. 0.171 KG,"1,48€","8,66€ / KG",
Cajú Torrado e Salgado,TOKAPI,Emb. 0.125 KG,"2,49€","19,92€ / KG",
CHOCOLATE CULINARIA PRALINE,TABLETTE D'OR,Emb. 0.2 KG,"2,09€","10,45€ / KG",
RODELAS DE PESCADA,ECO+,Emb. 0.8 KG,"4,99€","6,24€ / KG",
Atum Posta Azeite,BOM PETISCO,Emb. 0.2 KG,"3,29€","16,45€ / KG",
Polvilho Azedo,GLOBO,Emb. 0.5 KG,"3,79€","7,58€ / KG",
Leite Condensado Cozido,DÉLISSE,Emb. 0.397 KG,"1,29€","3,25€ / KG",
PAO COM CHOCOLATE (NAPOLITANAS) X12 (SAQ INDIVIDUAL),EPI D'OR,Emb. 0.54 KG,"2,24€","4,15€ / KG",
LIXIVIA TRADICIONAL,ECO+,Emb. 4 LT,"1,05€","0,26€ / LT",
Recarga para Difusor Elétrico 3 Volution Flores Elegantes,AMBIPUR,Emb. 1 UNID.,"5,24€","5,24€ / UNID.",
Bebida Côco,NAT&VIE,Emb. 1 LT,"1,77€","1,77€ / LT",
AUSONIA ORG COTTON NORMAL ABAS,AUSONIA,Emb. 12 UNID.,"2,98€","0,25€ / UNID.",
Sabonete Liquido Recarga Sabão de Marcelha,MANAVA,Emb. 0.25 LT,"0,68€","2,72€ / LT",
B&J Chocolate Fudge Brownie 465ml,,Emb. 0.465 LT,"6,78€","14,58€ / LT",
Chá Lúcia Lima,TETLEY,Emb. 10 SAQ.,"0,86€","0,09€ / SAQ.",
Champô Cabelos Normais Fructis Força e Brilho,GARNIER,Emb. 0.25 LT,"3,98€","15,92€ / LT",
Pó Sabão Natural,SKIP,Emb. 100 DOSES,"14,99€","0,15€ / DOSES",
Sangria,FESTALIE,Emb. 3 LT,"5,24€","1,75€ / LT",
Azeite Virgem Extra Seleção,SERRATA,Garrafa 0.75 LT,"3,99€","5,32€ / LT",
Madalenas Concha,P'TIT DÉLI,Emb. 0.6 KG,"2,99€","4,98€ / KG",
Chocolate de Leite,MILKA,Emb. 0.09 KG,"1,58€","17,56€ / KG",
Batatas P/ Fritar,,Emb. 3 KG,"3,19€","1,06€ / KG",
Vodka Branca,NOVOTNA,Garrafa 0.7 LT,"8,39€","11,99€ / LT",
Alimento Húmido P/ Gato Frango e Cenoura,PURINA FRISKIES,Emb. 0.4 KG,"1,08€","2,70€ / KG",
Molho Piripíri Extraforte,RUSTICA,Emb. 0.21 KG,"0,79€","3,76€ / KG",
RIMMEL BL_  BATON LASTING FINISH KATE MOSS 005,,Emb. 1 UNID.,"8,98€","8,98€ / UNID.",
OREGAOS FOLHAS SAQUETA,RUSTICA,Emb. 0.08 KG,"0,29€","3,63€ / KG",
Gelado Super Maxi,OLÁ,Emb. 0.39 LT,"2,49€","6,38€ / LT",
CERVEJA HEINEKEN LATA 33CL,,Emb. 0.033 LT,"0,84€","25,45€ / LT",
Pantene Repara & Protege Champô,,Emb. 0.1 LT,"9,98€","99,80€ / LT",
Desodorizante Invisible Spray,REXONA,Emb. 0.15 LT,"2,54€","16,93€ / LT",
Tigela Cereais Preta 15cm,ARDENCE,1 UNID.,"1,40€","1,40€ / UNID.",
Refrigerante S/ Gás Limão,ECO+,Emb. 2 LT,"0,79€","0,40€ / LT",
Gel de Banho Esfoliante Pamperring Clay,PALMOLIVE,Emb. 0.5 LT,"4,98€","9,96€ / LT",
Esparguete,MILANEZA,Emb. 0.5 KG,"1,14€","2,28€ / KG",
Conserva de Salsichas 8 Unid.,ECO+,Lata 0.2 KG,"0,75€","3,75€ / KG",
Queijo Curado de Ovelha,OURO DO PASTOR,1 Unid. = 1 KG (aprox.),"14,39€/kg","14,39€ / Unid.",
Batido de Cacau S/ Lactose,CACAOLAT,Emb. 1 LT,"2,08€","2,08€ / LT",
Rissóis de Carne,,Emb. 8   UNID.,"1,99€","0,25€ /   UNID.",
Puré de Batata em Flocos,MAGGI,Emb. 0.25 KG,"2,38€","9,52€ / KG",
Natas Culinária 0% Lactose,PARMALAT,Emb. 0.2 LT,"1,24€","6,20€ / LT",
Fraldas Activity Tamanho 5 11-16Kg,DODOT,Emb. 42 UNID.,"17,98€","0,43€ / UNID.",
Pincel de Maquilhagem em Pó de Bolso,,Emb. 1 UNID.,"4,19€","4,19€ / UNID.",
Bebida de Aveia,ALPRO SOYA,Emb. 1 LT,"2,38€","2,38€ / LT",
Gelado Tyrolia Frutos Vermelhos,ESKISS,Emb. 0.65 LT,"2,89€","4,45€ / LT",
MOUSSE DE MARACUJÁ CONDI 80G,CONDI,Emb. 0.8 KG,"1,63€","2,04€ / KG",
Polpa de Tomate 1Kg,GULOSO,Frasco 1 KG,"2,25€","2,25€ / KG",
Recarga Ambientador Spray Mini Citrinos,BIEN AIR,Emb. 1 UNID.,"1,04€","1,04€ / UNID.",
CREME MAOS ANTI MANCHAS,INELL,Emb. 0.08 LT,"3,14€","39,25€ / LT",
BEBIDA SOJA CRESCIMENTO,ALPRO,Emb. 1 LT,"1,89€","1,89€ / LT",
Ambientador Absorve Odores Marinho 2x150gr,BRISE,Emb. 0.3 KG,"4,28€","14,27€ / KG",
Pantene Fixação Flexível Laca 300ml,PANTENE PV,Spray 0.3 LT,"3,74€","12,47€ / LT",
MORTADELA ITALIANA C/ PISTACHIOS,ST AZAY,,"1,98€",/ Unid.,
16 Caps.Café Kaffa Compativeis SG Decaf,KAFFA,Emb. 16 UNID.,"3,19€","0,20€ / UNID.",
Vinho Branco,ECO+,Garrafão 5 LT,"5,69€","1,14€ / LT",
Alimento Seco P/ Cão Júnior,PURINA FRISKIES,Emb. 3 KG,"9,99€","3,33€ / KG",
Detergente Manual Loiça Concentrado Original,FAIRY,Emb. 0.78 LT,"3,18€","4,08€ / LT",
FAIRY MAO ULTRA PODER ORIGINAL 1015ML,,Emb. 1.015 LT,"3,78€","3,72€ / LT",
Lixívia Densa+ Harmonias Florais,NEOBLANC,Emb. 2 LT,"2,58€","1,29€ / LT",
GELATINA MANGA LARANJA LIGHT CONDI 2X15G,CONDI,Emb. 0.3 KG,"1,78€","5,93€ / KG",
Preparado em Pó P/ Gelatina de Ananás,ROYAL,Emb. 0.114 KG,"1,78€","15,61€ / KG",
Cerveja com Álcool 6x33cl,CRISTAL,Emb. 1.98 LT,"2,78€","1,40€ / LT",
Batatas Fritas Artesanais,POM'LISSE,Emb. 0.18 KG,"1,04€","5,78€ / KG",
Queijo Roquefort com Leite de Ovelha,,Emb. 0.1 KG,"2,79€","27,90€ / KG",
Conserva de Ervilhas da Horta,COMPAL,Emb. 0.42 KG,"1,18€","2,81€ / KG",
Mortadela com Azeitonas,ELPOZO,1 Unid. = 0.1 KG (aprox.),"8,99€/kg","0,90€ / Unid.",
Panquecas -50% Açúcares 6x2 Unid.,MANHÃZITOS,Emb. 0.21 KG,"2,78€","13,24€ / KG",
Ketchup Top Down,HEINZ,Emb. 0.46 KG,"3,38€","7,35€ / KG",
Alimento Húmido P/ Gato Sopa Vários Sabores,PURINA,Emb. 0.16 KG,"2,59€","16,19€ / KG",
"AMACIADOR  ROUPA  ESSÊNCIA TALCO  1,5LT",CHICCO,,"5,84€",/ Unid.,
Atum em Óleo Vegetal,BOM PETISCO,Emb. 0.12 KG,"1,58€","13,17€ / KG",
Barra de Cereais com Maçã e Damasco,ECO+,Emb. 6 UNID.,"1,09€","0,18€ / UNID.",
MAIONESE C/ MOSTARDA DE DIJON TOP DOWN,RUSTICA,Emb. 0.415 KG,"2,06€","4,96€ / KG",
Iogurte Natural 12x125g,ECO+,Emb. 1.5 KG,"1,59€","1,06€ / KG",
Amaciador Cabelo Delicados Garnier Delicadeza de Aveia,ULTRA SUAVE,Emb. 0.2 LT,"3,58€","17,90€ / LT",
Mini Bolo com Recheio de Creme de Cacau e Avelãs 90 g,BOLLYCAO,Emb. 6 UNID.,"1,28€","0,21€ / UNID.",
SACOS LIXO FECHO FACIL 100L,ELEMBAL,Emb. 10 UNID.,"1,59€","0,16€ / UNID.",
CREME SABOR BAUNILHA,DÉLISSE,Emb. 0.4,"2,39€","5,98€ /",
Sumo 100% Maçã,JAFADEN,Emb. 1 LT,"1,29€","1,29€ / LT",
Maionese Verdadeira,HELLMANN'S,Emb. 0.208 KG,"2,18€","10,48€ / KG",
Água Tónica,SPRINK'S,Garrafa 1.5 LT,"1,42€","0,95€ / LT",
Chá Verde e Limão,PLENO,Garrafa 1.5 LT,"1,49€","0,99€ / LT",
Azeite Virgem,OLIVEIRA DA SERRA,Garrafa 0.75 LT,"5,28€","7,04€ / LT",
Besugo Médio,,1 Unid. = 0.3 KG (aprox.),"9,98€/kg","2,99€ / Unid.",
Escova Esqueleto Grande,,Emb. 1 UNID.,"4,19€","4,19€ / UNID.",
Refrigerante C/ Gás Laranja,FANTA,Garrafa 1.5 LT,"1,54€","1,03€ / LT",
Queijo Creme para Barrar Natural,FRESQUINHO,Emb. 0.125 KG,"1,19€","9,52€ / KG",
WC Gel Glitter Brisa do Mar,NEO BLANC,Emb. 0.7 LT,"2,54€","3,63€ / LT",
Leite de Pastagem Meio Gordo,TERRA NOSTRA,Emb. 1 LT,"0,77€","0,77€ / LT",
Creme Fixativo para Próteses Dentárias,POLIDENT,Emb. 0.04 KG,"6,98€","174,50€ / KG",
WC Explosão Cítrica,NEO BLANC,Emb. 2 UNID.,"5,98€","2,99€ / UNID.",
AZEITONAS INTEIRAS PRETAS A GREGA,RUSTICA,Emb. 0.25 KG,"1,40€","5,60€ / KG",
Ambientador  4 em 1 White Bouquet,AIR WICK,Emb. 0.24 LT,"2,58€","10,75€ / LT",
Massa Pronta para Pizza sem Glúten,CHAQUE JOUR SANS GLUTEN,Emb. 0.26 KG,"2,82€","10,85€ / KG",
ALIMENT BEBE: PURE CENOURAS BIO +4M 2X120G,BIO VILLAGE BEBE,Emb. 0.24 KG,"1,35€","5,63€ / KG",
ALIMENT BEBE: PURE LEGUMES VERDES MASSA PERU BIO +8M 2X200G,BIO VILLAGE BEBE,Emb. 0.4 KG,"2,69€","6,73€ / KG",
Conserva Cogumelos Laminados,NOTRE JARDIN,Lata 0.355 KG,"0,99€","2,79€ / KG",
Gel de Banho e Duche Flor Cerejeira/Leite/Aveia,MANAVA,Emb. 0.5 LT,"2,29€","4,58€ / LT",
Mácara Rosto Filme Purificante Alisante,INELL,Emb. 2 UNID.,"1,46€","0,73€ / UNID.",
Champô para Cabelos Secos e sem Brilho,TRESEMMÉ,Emb. 0.5 LT,"4,19€","8,38€ / LT",
Iogurte Líquido Morango 4 Unid.,YOGGI,Emb. 0.64 KG,"1,99€","3,11€ / KG",
"AXE GB ICE CHILL,,400ML",AXE,Emb. 0.4 LT,"3,29€","8,23€ / LT",
Sortido de Bolachas,CUÉTARA,Emb. 0.21 KG,"2,29€","10,90€ / KG",
Mopa Seca com Cabo Extensível,,Emb. 1 UNID.,"6,50€","6,50€ / UNID.",
Gressinos com Creme de Avelã 3x60g,NUSTIKAO,Emb. 0.18 KG,"2,30€","12,78€ / KG",
Queijo Fatiado Flamengo,LIMIANO,Emb. 0.2 KG,"2,34€","11,70€ / KG",
Vinho Regional Alentejo Tinto,PORTAS DA HERDADE,Garrafa 0.75 LT,"2,72€","3,63€ / LT",
Leite Fresco Magro,VIGOR,Emb. 1 LT,"0,94€","0,94€ / LT",
Sticks Dentários Cão Pequeno 7 Unid.,PLENIMA,Emb. 0.11 KG,"0,69€","6,27€ / KG",
Chourição Gran Doblon Picante,CAMPOFRIO,1 Unid. = 0.1 KG (aprox.),"16,90€/kg","1,69€ / Unid.",
Massa Cotovelinhos,TURINI,Emb. 0.5 KG,"0,93€","1,86€ / KG",
Massa Folhada com Manteiga,TABLIER BLANC,Emb. 0.23 KG,"1,59€","6,91€ / KG",
Hamburgers de Vaca sem Glúten Ultracongelado,CAPITÃO IGLO,Emb. 0.32 KG,"5,98€","18,69€ / KG",
Snack de Batatas Finas Natural,TOKAPI,Emb. 0.17 KG,"2,05€","12,06€ / KG",
DENTIFRICO PROTECAO CARIE,DENTAMYL,Emb. 0.075 LT,"0,85€","11,33€ / LT",
Sabão Marselha Cubo,EPSIL,,"1,21€",/ Unid.,
Batatas Fritas Palha,POM'LISSE,Emb. 0.16 KG,"0,85€","5,31€ / KG",
"SOBREMESA ""FLAN"" C/OVOS",DÉLISSE,Emb. 0.4 KG,"2,45€","6,13€ / KG",
Açúcar de Baunilha Biológico 6 Saquetas,,Emb. 0.045 KG,"2,09€","46,44€ / KG",
DESENTUPIDOR CANOS GEL 1L,SYPHON,Emb. 1 LT,"1,56€","1,56€ / LT",
Iogurte Côco 4 Unid.,MIMOSA,Emb. 0.48 KG,"1,09€","2,27€ / KG",
ÁGUA MICELAR C/ ÁGUA DE ROSAS 400ML,GARNIER,,"7,98€",/ Unid.,
Assar de Novilho,,1 Unid. = 0.87 KG (aprox.),"7,89€/kg","6,86€ / Unid.",
Galettes de Arroz com Recheio de Chocolate e Avelã Biológicas,,Emb. 0.12 KG,"2,79€","23,25€ / KG",
Alimento Seco Cão Júnior,PURINA FRISKIES,Emb. 1.5 KG,"5,98€","3,99€ / KG",
Queijo de Pasta Azul com Leite Pasteurizado,LES CROISÉS,Emb. 0.25,"2,89€","11,56€ /",
PANO MICROFIBRAS SUAVE 2+1,VILEDA,,"2,86€",/ Unid.,
Sumo 100% Cenoura Biológico,,Emb. 1 LT,"1,39€","1,39€ / LT",
Toalhitas Viagem,MOTS D'ENFANTS,Emb. 24 UNID.,"0,60€","0,03€ / UNID.",
RECARGAS MAQ BARBEAR 3 LAMINAS,CARRÉ HOMME,Emb. 4 UNID.,"3,35€","0,84€ / UNID.",
Sopa de Cogumelos Selvagens Gourmet,KNORR,Emb. 0.062 KG,"1,79€","28,87€ / KG",
Discos Activos Gel WC Lime Zest,PATO,Emb. 0.036 LT,"2,24€","62,22€ / LT",
Toalhitas Bebé Limpa e Hidrata,DODOT,Emb. 64 UNID.,"1,38€","0,02€ / UNID.",
Vinho Regional Alentejo Tinto,VINHA DO MONTE,Garrafa 0.75 LT,"2,99€","3,99€ / LT",
Queijo de Vaca Cabra Ovelha Curado,SALOIO,Emb. 0.19 KG,"2,89€","15,21€ / KG",
Massa Quebrada com Gordura Vegetal Rolo,,Emb. 0.23 KG,"0,89€","3,87€ / KG",
Arroz Carolino,PATO REAL,Emb. 1 KG,"1,14€","1,14€ / KG",
Café Torrado Moagem Grossa,,Emb. 0.25 KG,"1,59€","6,36€ / KG",
Molho Bechamel Desidratado,RUSTICA,Emb. 0.06 KG,"0,72€","12,00€ / KG",
Refrigerante de Maça Gaseificado S/ Álcool,GIBUS,Garrafa 0.75 LT,"2,54€","3,39€ / LT",
MACEDONIA DE LEGUMES 1/4X3 3X200G,NOTRE JARDIN,Emb. 0.6 KG,"1,88€","3,13€ / KG",
Água sem Gás,,Garrafa 0.33 LT,"0,12€","0,36€ / LT",
Gelatina Melancia 4 Unid.,ROYAL,Emb. 0.4 KG,"1,98€","4,95€ / KG",
Anti-Calcário 3 em 1 para a Máquina da Roupa,CALGON,Emb. 45 DOSES,"13,98€","0,31€ / DOSES",
Chiclets Spearmint 12 Unid.,CHICLETS,Emb. 0.017 KG,"0,89€","52,35€ / KG",
Chá Verde 25 Saquetas,,Emb. 0.037 KG,"0,89€","24,05€ / KG",
Miolo de Caju C/ Piripiri,MARQUE REPERE,Emb. 0.25 KG,"4,71€","18,84€ / KG",
Bolo Brigadeiro,,Emb. 0.5 KG,"6,28€","12,56€ / KG",
Sardinha em Tomate,BOM PETISCO,Emb. 0.12 KG,"0,99€","8,25€ / KG",
Cuscus Clássica,NACIONAL,Emb. 0.25 KG,"0,78€","3,12€ / KG",
Iogurte Bifidus Líquido Cereais Integrais 4 Unid.,DANONE,Emb. 0.62 KG,"1,99€","3,21€ / KG",
FEIJAO ENCARNADO 3X200G,NOTRE JARDIN,Emb. 0.6,"1,55€","2,58€ /",
Pão de Leite Brioche 8Unid.,BIMBO,Emb. 0.28 KG,"2,58€","9,21€ / KG",
Manteiga S/ Sal,MIMOSA,Emb. 0.25 KG,"2,28€","9,12€ / KG",
Costeletas do Acém Novilho,,1 Unid. = 0.4 KG (aprox.),"13,69€/kg","5,48€ / Unid.",
Conserva de Pota Gigante em Caldeirada,RAMIREZ,Emb. 0.12 KG,"2,18€","18,17€ / KG",
Bolachas Suecas Flocos de Aveia e Chocolate 150g,P'TIT DÉLI,Emb. 0.15 KG,"2,10€","14,00€ / KG",
Forma de Vidro Redonda 26cm,ARDENCE,1 UNID.,"4,50€","4,50€ / UNID.",
Pao Forma Sem Codea Economico,PANRICO,Emb. 0.45 KG,"2,08€","4,62€ / KG",
Coloração Louro 7,EXCELLENCE,Emb. 1 UNID.,"7,79€","7,79€ / UNID.",
FILETES DE CAVALA C/ MOSTARDA A L'ANCIENNE,PÊCHE OCÉAN,Emb. 0.169,"1,59€","9,41€ /",
Pães de Leite 10 Unid.,EPI D'OR,Emb. 0.35 KG,"1,31€","3,74€ / KG",
TORTILLA BATATA,TABLES DU MONDE,Emb. 0.5 KG,"2,82€","5,64€ / KG",
Queijo Sortido Fatias para Raclette,LES CROISÉS,Emb. 0.7 KG,"6,99€","9,99€ / KG",
Gelado de Yoghurt & Forest Fruit,CARTE D'OR,Emb. 1 LT,"4,98€","4,98€ / LT",
Clementina,,1 Unid. = 0.1 KG (aprox.),"2,98€/kg","0,30€ / Unid.",
Creme de Barbear Original,DENIM,Emb. 0.1 LT,"1,68€","16,80€ / LT",
Tablete Chocolate Excellence Dark 70%,LINDT,Emb. 0.1 KG,"2,09€","20,90€ / KG",
Shampoo Banho Rich Moisture Baby,BABY DOVE,Emb. 0.2 LT,"1,79€","8,95€ / LT",
Batatas Fritas Receita Camponesa,LAY'S,Emb. 0.25 KG,"2,38€","9,52€ / KG",
VILEDA SACO LIXO STYLE 30L FF 15UN,VILEDA,Emb. 15 UNID.,"2,24€","0,15€ / UNID.",
Patê de Atum 4x22g,PÊCHE OCÉAN,Emb. 0.088 KG,"0,99€","11,25€ / KG",
Barra Bueno Recheio Leite Avelãs Cobertura Chocolate 2 Unid.,KINDER,Emb. 0.043 KG,"0,94€","21,86€ / KG",
COMINHOS MOIDOS SAQUETA,RUSTICA,Emb. 0.05 KG,"0,83€","16,60€ / KG",
Conserva de Feijão Manteiga Cozido,NOTRE JARDIN,Frasco 0.57 KG,"0,64€","1,12€ / KG",
100% Cevada,PENSAL,Frasco 0.2 KG,"2,48€","12,40€ / KG",
Salsichas de Aves 8 Unidades,IZIDORO,Lata 0.2 KG,"1,88€","9,40€ / KG",
Feijão Verde Ultracongelado,IGLO,Emb. 0.6 KG,"2,28€","3,80€ / KG",
Mini Tostas Redondas,BIMBO,Emb. 0.1 KG,"1,68€","16,80€ / KG",
Iogurte Mix-in Smarties 73% Leite Morango 2 Unid.,NESTLÉ,Emb. 0.256 KG,"1,99€","7,77€ / KG",
Bebida de Soja 0%,SHOYCE,Emb. 1 LT,"1,16€","1,16€ / LT",
Iogurte Bifidus Líquido Morango 4 Unid.,DANONE,Emb. 0.62 KG,"1,99€","3,21€ / KG",
"ALIMENT BEBE: CENOURA, SEMOLA, BATATA DOCE, LEITE C/ PEDACOS BIO +8M 2X200G",BIO VILLAGE BEBE,Emb. 0.4 KG,"2,69€","6,73€ / KG",
After Shave Original,DENIM,Emb. 0.1 LT,"5,19€","51,90€ / LT",
IOGURTE C/ BIFIDUS CEREAIS,DÉLISSE,Emb. 0.5 KG,"1,49€","2,98€ / KG",
Biscoitos com Tablete de Chocolate Biológicos,,Emb. 0.15 KG,"2,09€","13,93€ / KG",
Pensos Higiénicos Noite Alas,EVAX,Emb. 9 UNID.,"2,58€","0,29€ / UNID.",
Rissóis Mistos 8 Unid.,,Emb. 0.35 KG,"2,39€","6,83€ / KG",
PUDIM FLAN CHOCOLATE C/ CHOCOLATE 12UN,DÉLISSE,Emb. 1.2 KG,"2,79€","2,33€ / KG",
Café Lote Clássico Moagem Grossa,SICAL,Emb. 0.25 KG,"3,28€","13,12€ / KG",
Máscara Capilar para Cabelo com Pontas Espigadas,GLISS,Emb. 0.3 LT,"3,79€","12,63€ / LT",
Banana Importada,,1 Unid. = 0.15 KG (aprox.),"0,95€/kg","0,14€ / Unid.",
Queijo Fresco Fromage Blanc,DÉLISSE,Emb. 1 KG,"2,38€","2,38€ / KG",
Café Lote Clássico Grão,SICAL,Emb. 1 KG,"13,48€","13,48€ / KG",
Vela Duo com Fragrância de Maçã,AIRWICK,Emb. 0.105 KG,"7,88€","75,05€ / KG",
Lava Tudo Universal Brilhante,SONASOL,Emb. 1.1 LT,"2,79€","2,54€ / LT",
Bombons de Chocolate Negro e Caramelo,LUTTI,Emb. 0.15 KG,"2,48€","16,53€ / KG",
Sacos para Lixo com Atilho 50L,ELEMBAL,,"1,35€",/ Unid.,
Queijo Ralado 3 Queijos,LES CROISÉS,Emb. 0.15 KG,"1,39€","9,27€ / KG",
Caldo Marisco,KNORR,Emb. 8 CUBOS,"1,39€","0,17€ / CUBOS",
Farinha Amido de Milho,MAIZENA,Emb. 0.7 KG,"3,88€","5,54€ / KG",
Vinho Rosé Frutado,CORAÇÃO DA MINHA,Garrafa 0.75 LT,"1,58€","2,11€ / LT",
Caldo de Galinha 12x10g,ECO+,Emb. 0.12 KG,"0,49€","4,08€ / KG",
Água sem Gás,LUSO,Garrafão 7 LT,"1,58€","0,23€ / LT",
Salsichão Original,ELPOZO,0.2 KG,"2,69€","13,45€ / KG",
Sumo de Toranja Rosa,JAFADEN,Emb. 1 LT,"1,76€","1,76€ / LT",
Escova Colgate 360º Advanced Média,COLGATE,Emb. 1 UNID.,"3,24€","3,24€ / UNID.",
Sobremesa de Soja C/ Café,NAT&VIE,Emb. 0.4 KG,"1,49€","3,73€ / KG",
Água sem Gás Mineral Sport,LUSO,Emb. 0.75 LT,"0,55€","0,73€ / LT",
Vinho de Mesa Branco,ECO+,Emb. 2 L,"2,69€","1,35€ / L",
DETERGENTE LIQUIDO CLASSICO 40D,EPSIL,Emb. 40 DOSES,"4,50€","0,11€ / DOSES",
Bolachas de Germen de Trigo e Pepitas de Chocolate,NAT&VIE,Emb. 0.2 KG,"1,60€","8,00€ / KG",
Café Moagem Universal Timor,DELTA,Emb. 0.22 KG,"2,39€","10,86€ / KG",
PAO HAMBURGUER BRIOCHE,EPI D'OR,Emb. 0.3 KG,"1,35€","4,50€ / KG",
Biscoitos Areados e Crocantes de Coco,P'TIT DÉLI,Emb. 0.12 KG,"0,72€","6,00€ / KG",
Massa Espirais Semi-Integrais Biológica,,Emb. 0.5 KG,"1,35€","2,70€ / KG",
Rebuçados Limão e Cidreira,MENTOLIN,Emb. 0.1 KG,"1,42€","14,20€ / KG",
Amendoins Torrados C/ Sal,TOKAPI,Emb. 0.25 KG,"1,14€","4,56€ / KG",
Café Moagem Universal Brasil,DELTA,Emb. 0.22 KG,"2,39€","10,86€ / KG",
Bolachas Cream Cracker Nova Receita,VIEIRA,Emb. 0.2 KG,"0,94€","4,70€ / KG",
Queijo Fresco para Barrar Alho e Ervas,FRESQUINHO,Emb. 0.125 KG,"1,19€","9,52€ / KG",
Biscoitos com Sal,TOKAPI,0.3 KG,"1,85€","6,17€ / KG",
Conserva de Cogumelos Inteiros,,Emb. 0.23 KG,"1,39€","6,04€ / KG",
Ervas e Especiarias P/ Bifes,MARGÃO,Emb. 0.08 KG,"1,48€","18,50€ / KG",
Vinho Regional Bairrada Tinto,MARQUES DE MARIALVA,Garrafa 0.75 LT,"19,99€","26,65€ / LT",
Conserva de Milho Doce 3x140g,NOTRE JARDIN,Emb. 0.42 KG,"1,49€","3,55€ / KG",
Bife da Pá Novilho,,1 Unid. = 0.25 KG (aprox.),"6,39€/kg","1,60€ / Unid.",
Sardinha Grande,,1 Unid. = 0.15 KG (aprox.),"4,49€/kg","0,67€ / Unid.",
CEREAIS BOLINHAS DE CHOCOLATE,ECO+,Emb. 0.75 KG,"3,17€","4,23€ / KG",
Alimento Seco P/ Gato Adulto Rico em Salmão e Cevada Integral,BEYOND,Emb. 0.85 KG,"6,29€","7,40€ / KG",
Queijo Fundido 24 Unid.,LES CROISÉS,Emb. 0.4 KG,"2,59€","6,48€ / KG",
Mistura Solúvel Sem Café,PLANTATION,Frasco 0.2 KG,"2,09€","10,45€ / KG",
Ambientador Pure Flor de Cereja da Ásia,AIRWICK,Emb. 0.25 LT,"5,98€","23,92€ / LT",
Cornetto de Morango 6x90 ml,OLÁ,Emb. 0.54 LT,"4,29€","7,94€ / LT",
Farinha de Trigo T55,ECO+,Emb. 1 KG,"0,85€","0,85€ / KG",
Ovo Kinder Surpresa Chocolate,KINDER,Emb. 0.02 KG,"1,24€","62,00€ / KG",
Martini Rosso,MARTINI,Garrafa 1 LT,"11,48€","11,48€ / LT",
Cereais de Aveia Integral,FITNESS,Emb. 0.625 KG,"4,98€","7,97€ / KG",
POSTAS DE BACALHAU ULTRACONGELADAS,ECO+,Emb. 0.8 KG,"6,29€","7,86€ / KG",
Gel Banho 1/4 Creme Hidratante,MANAVA,Emb. 0.75 LT,"1,69€","2,25€ / LT",
Tâmara Seca S/ Caroço,MARQUE REPERE,Emb. 0.2 KG,"1,77€","8,85€ / KG",
Vinho Regional Douro Tinto,VINHA GRANDE,Garrafa 0.75 LT,"8,99€","11,99€ / LT",
Refrigerante C/ Gás Gasosa,ECO+,Garrafa 2 LT,"0,65€","0,33€ / LT",
Alimento Completo Periquito,VITAKRAFT,Emb. 1 KG,"3,75€","3,75€ / KG",
Pinça P/ Depilação Prateada,,Emb. 1 UNID.,"2,09€","2,09€ / UNID.",
Balde de Pipocas Doces,TOKAPI,Emb. 0.24 KG,"2,99€","12,46€ / KG",
CAFE SOLUVEL EXPRESSO STICKS X25 - 45G 25UN,PLANTATION,Emb. 0.045 KG,"1,59€","35,33€ / KG",
Linguicinha Porco Preto,SNR,Emb. 0.2 KG,"2,82€","14,10€ / KG",
Pudim Ananás,BOCA DOCE,Emb. 0.022 KG,"0,46€","20,91€ / KG",
Preservativo Nature,CONTROL,Emb. 6 UNID.,"3,14€","0,52€ / UNID.",
Polpa de Tomate da Horta 3x210ml,COMPAL,Emb. 0.63 LT,"1,48€","2,35€ / LT",
PATE RICO VACA P/ GATO BIO 100G CV PLENIMA,PLENIMA,Emb. 0.1 KG,"0,69€","6,90€ / KG",
Queijo Roquefort,NOS RÉGIONS ONT DU TALENT,1 Unid. = 0.25 KG (aprox.),"20,90€/kg","5,23€ / Unid.",
Café Solúvel Frasco,DELTA,Frasco 0.2 KG,"3,89€","19,45€ / KG",
BATATA FRITA ONDULADA,ECO+,Emb. 0.2 KG,"0,99€","4,95€ / KG",
Salmão do Atlântico de Viveiro Fumado Bio 4 Fatias,,Emb. 0.12 KG,"6,92€","57,67€ / KG",
Concentrado de Manga,SUNQUICK,Garrafa 0.58 LT,"4,38€","7,55€ / LT",
Batatas Fritas Gourmet,POM'LISSE,Emb. 0.17 KG,"1,14€","6,71€ / KG",
Detergente Manual Loiça Ultra Limão,FAIRY,Emb. 0.48 LT,"2,14€","4,46€ / LT",
Pensos Higiénicos Maxi Super Pocket 16 Unid.,DOULYS,Emb. 16 UNID.,"1,35€","0,08€ / UNID.",
MIX APERO BEM-ESTAR,TOKAPI,Emb. 0.12 KG,"2,88€","24,00€ / KG",
Azeitona Verde Retalhada com Ervas,RUSTICA,Emb. 0.36 KG,"2,09€","5,81€ / KG",
Massa Macarrão,MILANEZA,Emb. 0.5 KG,"1,25€","2,50€ / KG",
Snacks Palitos,CHEETOS,Emb. 0.096 KG,"1,64€","17,08€ / KG",
"BOLACHA REDONDA RECHEIO DUO ""CHOCOLATE E LEITE""",P'TIT DÉLI,Emb. 0.3 KG,"1,66€","5,53€ / KG",
Queijo Curado Meio Gordo 5 Estrelas,LACTO SERRA,1 Unid. = 1 KG (aprox.),"7,99€/kg","7,99€ / Unid.",
Café Corsé Intensidade 8 Moído,PLANTATION,Emb. 48 PAST.,"3,89€","0,08€ / PAST.",
Sumo 100% de Laranja,JAFADEN,Emb. 1 LT,"1,49€","1,49€ / LT",
CHAMPO AUTO 5 L 5L TECH9,TECH9,Emb. 5 LT,"3,39€","0,68€ / LT",
Gelado Stracciatella,ESKISS,Emb. 0.9 LT,"2,89€","3,21€ / LT",
Conserva de Feijão Branco Cozido,NOTRE JARDIN,Frasco 0.57 KG,"0,64€","1,12€ / KG",
Toalhitas Secas Limpa Chão,CLAIR,Emb. 15 UNID.,"2,09€","0,14€ / UNID.",
Ambientador Pure Nenuco Frescura Colónia de Bebé,AIR WICK,Spray 0.25 LT,"5,98€","23,92€ / LT",
Sobremesa Creme de Chocolate 4x100gr,DANONE,Emb. 0.4 KG,"1,99€","4,98€ / KG",
BAGUETE DE ALHO 2UN,CÔTÉ TABLE,Emb. 0.35 KG,"1,49€","4,26€ / KG",
PENSOS HIGIENICOS U.FINOS NORMAL 16UN,DOULYS,Emb. 16 UNID.,"1,10€","0,07€ / UNID.",
Iogurte Sólido Magro Natural 6 Unid.,LONGA VIDA,Emb. 0.12 KG,"1,99€","16,58€ / KG",
Creme de Mãos SOS óleo de Argão e Ureia,BIOTEN,Emb. 0.05 L,"3,28€","65,60€ / L",
Lancheira,,1 UNID.,"5,90€","5,90€ / UNID.",
Refrigerante C/ Gás Zero Cafeína Zero Açúcar,COCA COLA ZERO,Emb. 1.75 LT,"1,79€","1,02€ / LT",
Água Tónica de Extratos Vegetais,SCHWEPPES,Garrafa 1 LT,"1,94€","1,94€ / LT",
Vinho do Porto Offley Ruby,OFFLEY,Garrafa 0.75 LT,"4,69€","6,25€ / LT",
Papa Infantil 5 Frutos,CERELAC,Emb. 0.25 KG,"3,24€","12,96€ / KG",
Cillit Bang Bolor & Sujidade,CILLIT BANG,Emb. 0.5 LT,"2,24€","4,48€ / LT",
Máscara Capilar Reparadora Color Keratina,TRESEMMÉ,Emb. 0.2 LT,"5,39€","26,95€ / LT",
Croissant Maxi Creme Sabor a Baunilha,CHIPICAO,Emb. 0.08 KG,"1,23€","15,38€ / KG",
Vinho Regional Douro,EVEL,Garrafa 0.75 LT,"4,24€","5,65€ / LT",
Chá de Cidreira,,Emb. 25 SAQ.,"0,79€","0,03€ / SAQ.",
Bolachas Sticks com Cobertura Chocolate Branco 30Unid.,P'TIT DÉLI,Emb. 0.15 KG,"1,19€","7,93€ / KG",
Vinagre de Vinho Branco,RUSTICA,Garrafa 0.5 LT,"0,51€","1,02€ / LT",
Queijo Fundido,A VACA QUE RI,Emb. 0.14 KG,"2,08€","14,86€ / KG",
SALSICHAO SECO C/ QUEIJO FATIAS,ST AZAY,Emb. 0.1 KG,"1,99€","19,90€ / KG",
MASSA PENNE RIGATE INTEGRAL,TURINI,Emb. 0.5 KG,"1,31€","2,62€ / KG",
Costeletas de Borrego,,1 Unid. = 0.5 KG (aprox.),"16,98€/kg","8,49€ / Unid.",
Pensos Higiénicos Maxi com Alas,EVAX,Emb. 11 UNID.,"1,98€","0,18€ / UNID.",
Coco Ralado,TABLIER BLANC,Emb. 0.2 KG,"1,25€","6,25€ / KG",
Leite Condensado,MIMOSA,Emb. 0.397 KG,"1,78€","4,48€ / KG",
Café Moagem Universal Angola,DELTA,Emb. 0.22 KG,"2,39€","10,86€ / KG",
Conserva de Pickles em Vinagre,FERBAR,Frasco 0.345 KG,"1,48€","4,29€ / KG",
Bag in Box ERMELINDA FREITAS ROSÉ 5L,,Emb. 5 LT,"7,98€","1,60€ / LT",
Pensos Diários Slip Maxi,AUSONIA,Emb. 30 UNID.,"1,98€","0,07€ / UNID.",
Alimento Seco para Cão Carne de Vaca e Cenoura,TOUS MES AMIS,Emb. 1 KG,"2,59€","2,59€ / KG",
Chávena de Café Vidro 16cl,ARDENCE,1 UNID.,"0,89€","0,89€ / UNID.",
Queijo Fundido 24 Porções,ECO+,Emb. 0.4 KG,"2,19€","5,48€ / KG",
Conserva de Atum em Óleo Girassol,PÊCHE OCÉAN,Emb. 0.385 KG,"2,69€","6,99€ / KG",
Pudim Baunilha,BOCA DOCE,Emb. 0.022 KG,"0,46€","20,91€ / KG",
Queijo de Cabra Rústico de Pimentão Saloio,PALHAIS DE PORTUGAL,1 Unid. = 0.25 KG (aprox.),"18,99€/kg","4,75€ / Unid.",
Bife do Lombo de Porco,,1 Unid. = 0.4 KG (aprox.),"4,49€/kg","1,80€ / Unid.",
Queijo Flamengo S/ Lactose Fatias,PAIVA,Emb. 0.15 Kg,"1,98€","13,20€ / Kg",
LOURO FOLHAS,RUSTICA,Emb. 0.007 KG,"0,62€","88,57€ / KG",
Massa Lasanha C/ Ovo,MILANEZA,Emb. 0.5 KG,"2,38€","4,76€ / KG",
Arroz Agulha,BELMONTE,Emb. 1 KG,"1,03€","1,03€ / KG",
Cremant Dalsace Brut,REBMANN,Garrafa 0.75 LT,"7,76€","10,35€ / LT",
Gel Banho Romã Natural,MANAVA,Emb. 0.75 LT,"1,69€","2,25€ / LT",
Recarga para Difusor Automático Lavanda e Jasmim,BRISE,Emb. 1 UNID.,"5,49€","5,49€ / UNID.",
Sumo 100% Maçã Bio,,Emb. 1 LT,"1,73€","1,73€ / LT",
LIMPA VIDROS AUTO 5 L 5L TECH9,TECH9,Emb. 5 LT,"2,39€","0,48€ / LT",
Manteiga Magra Baixo Teor Sal,PRÉSIDENT,Emb. 0.25 KG,"2,29€","9,16€ / KG",
FIAMBRE PERNA EXTRA FATIADO,CAMPO FINO,Emb. 0.15 KG,"1,29€","8,60€ / KG",
Amendoim C/ Casca Torrado,MARQUE REPERE,Emb. 0.5 KG,"2,61€","5,22€ / KG",
Azeite Clássico Pet,OLIVEIRA DA SERRA,Emb. 0.75 LT,"3,79€","5,05€ / LT",
Chipicao 6x57 gr,CHIPICAO,Emb. 0.342 KG,"3,78€","11,05€ / KG",
Bolachas Recheadas de Laranja,ECO+,Emb. 0.3 KG,"1,59€","5,30€ / KG",
Fraldas Bebé T3 ACTIV+ 4/9 Kg,MOTS D'ENFANTS,Emb. 47 UNID.,"8,18€","0,17€ / UNID.",
Tampa Micro-Ondas 260x60mm,,1 UNID.,"0,90€","0,90€ / UNID.",
Café Pastilhas Platinium,DELTA,Emb. 16 UNID.,"2,69€","0,17€ / UNID.",
"HEINEKEN 0%,,6x25CL",,Emb. 6 UNID.,"3,69€","0,62€ / UNID.",
Groselha,ALBERGARIA,Garrafa 1 LT,"4,18€","4,18€ / LT",
Champô Repara Azeite de Argão de Marrocos,HERBAL ESSENCES,Emb. 0.4 LT,"3,99€","9,98€ / LT",
Prato Sobremesa Branco Opaco 20cm,,1 UNID.,"0,85€","0,85€ / UNID.",
GELATINA FRUTOS TROPICAIS LIGHT CONDI 2X15,CONDI,Emb. 0.3 KG,"1,78€","5,93€ / KG",
Pipocas Coloridas,TOKAPI,Emb. 0.1 KG,"0,89€","8,90€ / KG",
Ambientador com Recarga White Bouquet,AIRWICK,Emb. 0.25 LT,"8,98€","35,92€ / LT",
Bebida soja Original 3x250ml,ALPRO,Emb. 0.75 LT,"1,79€","2,39€ / LT",
Hamburger de Porco 4 Unid. Ultracongelado,CAPITÃO IGLO,Emb. 0.3 KG,"6,49€","21,63€ / KG",
Dentífrico Expert Branqueador,DENTAMYL,Emb. 0.075 LT,"0,84€","11,20€ / LT",
Proteção de Dentes e Gengivas Menta,LISTERINE,Emb. 0.25 LT,"3,98€","15,92€ / LT",
"CHIPS AHOY! PEPITAS XL 18,184G",CHIPS AHOY,Emb. 0.184 KG,"2,48€","13,48€ / KG",
Iogurte Líquido Ananás 6 Unid.,MIMOSA,Emb. 1.05 LT,"2,09€","1,99€ / LT",
SALSA FOLHAS SAQUETA,RUSTICA,Emb. 0.01 KG,"0,56€","56,00€ / KG",
Rolo de Cozinha Maxi Absorção,RENOVA,Emb. 4 ROLOS,"2,58€","0,65€ / ROLOS",
Ervilhas e Cenouras Muito Finas,NOTRE JARDIN,Emb. 0.8 KG,"1,98€","2,48€ / KG",
Limpa Madeiras Brilhante Secagem Rápida,SONASOL,Emb. 1.1 LT,"2,79€","2,54€ / LT",
Puré de Maçã Biológico 4x100g,,Emb. 0.4 KG,"1,89€","4,73€ / KG",
"Néctar Essencial Maça, Banana, Laranja e Ananás 3x110ml",COMPAL,Emb. 0.33 LT,"1,83€","5,55€ / LT",
DETERGENTE MANUAL LOICA LIMAO HIPOALERG.ECOLOGICO 750ML,UNÍ VERT,Emb. 0.75 LT,"1,98€","2,64€ / LT",
Desodorizante Spray Sport Cool,DOVE,Emb. 0.05 LT,"2,39€","47,80€ / LT",
Massa Estrelinhas,MILANEZA,Emb. 0.25 KG,"0,59€","2,36€ / KG",
Óleo Intense 4-23 Cereja Profundo,SYOSS,,"6,24€",/ Unid.,
BLOCO SANITARIO C/LIXIVIA 2UN,SYPHON,Emb. 2 UNID.,"1,35€","0,68€ / UNID.",
SACO CONGELACAO C/ZIP MEDIO,ELEMBAL,Emb. 20 UNID.,"1,35€","0,07€ / UNID.",
Coloração Permanente Nutritiva 5.62 Vermelho Ousado,NUTRISSE,Emb. 1 UNID.,"6,16€","6,16€ / UNID.",
Toalhitas Proteção Cores,WOOLITE,Emb. 10 UNID.,"3,49€","0,35€ / UNID.",
Champô Extra Suave,MANAVA,Emb. 0.5 LT,"1,25€","2,50€ / LT",
Bolachas Maria Oro,CUÉTARA,Emb. 0.2 KG,"1,03€","5,15€ / KG",
Conhaque Royal Spirit,MACIEIRA,Garrafa 0.7 LT,"10,99€","15,70€ / LT",
Couve Flor,,1 Unid. = 1.1 KG (aprox.),"1,98€/kg","2,18€ / Unid.",
Palmiers Kids,DU BOIS DE LA ROCHE,Emb. 0.1 KG,"1,08€","10,80€ / KG",
Lixívia Frescura do Campo,NEOBLANC,Emb. 2 LT,"2,14€","1,07€ / LT",
Cenoura,,1 Unid. = 0.1 KG (aprox.),"0,69€/kg","0,07€ / Unid.",
Gin London Dry,TANQUERAY,Garrafa 0.7 LT,"21,48€","30,69€ / LT",
Vinho Tinto,M.J.FREITAS,Bag in Box 5 LT,"8,98€","1,80€ / LT",
Sidra Normand Doce,LES GOELLERIES,Garrafa 0.75 LT,"2,19€","2,92€ / LT",
Tostas de Trigo 36Unid.,EPI D'OR,Emb. 0.3 KG,"1,14€","3,80€ / KG",
Batatas Fritas Light,POM'LISSE,Emb. 0.15 KG,"1,00€","6,67€ / KG",
Néctar Vital Frutos Vermelhos,COMPAL,Emb. 1 LT,"1,58€","1,58€ / LT",
Batom Corretivo 002,RIMMEL,Emb. 1 UNID.,"7,98€","7,98€ / UNID.",
Cillit Bang Limpa Vidros 500ML x12,CILLIT BANG,Emb. 0.5 LT,"2,24€","4,48€ / LT",
PETIT GATEAU CHOCOLATE 4UN,TROFIC,Emb. 0.5 KG,"2,99€","5,98€ / KG",
Bolachas Areadas Cobertas de Chocolate,P'TIT DÉLI,Emb. 0.15 KG,"1,19€","7,93€ / KG",
16 Caps.Café Kaffa Compativeis SG Chocolate,KAFFA,Emb. 16 UNID.,"3,19€","0,20€ / UNID.",
Lenços de Bolso Menta Sensitive 4 Folhas,RENOVA,Emb. 6 UNID.,"0,98€","0,16€ / UNID.",
Sobremesa Láctea de Pêra +6 Meses 4 Unid.,BIO VILLAGE BEBE,Emb. 0.4 KG,"1,99€","4,98€ / KG",
Pacotinho de Frutas Maçã Manga S/ Glúten +6 meses,NESTLÉ BEBÉ,Emb. 0.09 KG,"0,69€","7,67€ / KG",
Iogurte Bifidus Activia Natural 4 Unid.,DANONE,Emb. 0.48 KG,"1,99€","4,15€ / KG",
Queijo Chaource DOP,NOS RÉGIONS ONT DU TALENT,Emb. 0.25 KG,"2,99€","11,96€ / KG",
Bollycao Clássico 4x57 g,PANRICO,Emb. 0.228 KG,"2,98€","13,07€ / KG",
Máquinas de Barbear Descartáveis Blue II Plus Slalom,GILLETTE,Emb. 6 UNID.,"3,78€","0,63€ / UNID.",
Chá de Frutos Vermelhos,TISÉA,Emb. 25 SAQ.,"1,19€","0,05€ / SAQ.",
AGUARDENTE CURVADA  Vínica Velha Cx. Cartão 70CL,,0.07 CL,"23,79€","339,86€ / CL",
Ice Tea de Pêssego 3x20 cl,LIPTON,Emb. 0.6 LT,"1,17€","1,95€ / LT",
QUEIJO MOZZARELLA FATIAS,QUEIJO NA TÁBUA,Emb. 0.15 KG,"1,39€","9,27€ / KG",
Queijo Fatiado Flamengo 2X200 g,TERRA NOSTRA,Emb. 0.4 KG,"4,38€","10,95€ / KG",
RECARGAS MAQ.BARBEAR 5 LAMINAS 4UN,CARRÉ HOMME,Emb. 4 UNID.,"4,50€","1,13€ / UNID.",
CARTE DOR CHOCOLATE & AVELÃ,CARTE D'OR,Emb. 1 LT,"4,48€","4,48€ / LT",
ANTI NODOAS E ANTI-DESCOLORACAO 2EM1,TEXIL,Emb. 12 UNID.,"2,49€","0,21€ / UNID.",
SNACK BACON,TOKAPI,Emb. 0.065 KG,"0,69€","10,62€ / KG",
Crackers sem Sal na Superfície,DU BOIS DE LA ROCHE,Emb. 0.5 KG,"3,08€","6,16€ / KG",
Galetes Arroz Biológicas,,Emb. 0.13 KG,"1,04€","8,00€ / KG",
Vinho Regional Douro Tinto,PORCA DE MURÇA,Garrafa 0.75 LT,"3,59€","4,79€ / LT",
Queijo Fresco Meio Gordo S/ Lactose 2x62.5gr,PAIVA,Emb. 0.125 KG,"1,24€","9,92€ / KG",
Bebida Gaseificada Aromatizada de Framboesa S/ Álcool,FESTALIE,Emb. 0.75 ML,"2,49€","3,32€ / ML",
Iogurte Líquido Frutos Tropicais 4 Unid.,YOGGI,Emb. 0.64 KG,"1,99€","3,11€ / KG",
Alimento Húmido para Gato Borrego,LYCAT,Emb. 0.1 KG,"0,55€","5,50€ / KG",
Refrigerante com Gás Ananás,SUMOL,Garrafa 1.25 LT,"1,38€","1,10€ / LT",
Farinheira Regional,SNR,Emb. 0.23 KG,"2,08€","9,04€ / KG",
CREME GORDO 1L,INELL,Emb. 1 LT,"13,64€","13,64€ / LT",
GELADO TIRAMISU,ESKISS,Emb. 0.9 LT,"2,89€","3,21€ / LT",
Covete Endivia Branca Org Esp 450G MARCA GUIA,,Emb. 0.45 KG,"2,59€","5,76€ / KG",
Recarga para Difusor Elétrico 3 Volution Nuvens de Algodão,AMBIPUR,Emb. 1 UNID.,"5,24€","5,24€ / UNID.",
Queijo de Azeitão Dop,SNR,Emb. 0.24 KG,"6,29€","26,21€ / KG",
Licor Carolans,CAROLANS,Garrafa 0.7 LT,"14,31€","20,44€ / LT",
BEBIDA COCO-AMENDOA,ALPRO,Emb. 1 LT,"2,38€","2,38€ / LT",
Galetes Arroz Cobertas de Chocolate Biológicas,,Emb. 0.09 KG,"1,45€","16,11€ / KG",
Liégeois Baunilha 8x100g,DÉLISSE,Emb. 0.8 KG,"2,74€","3,43€ / KG",
Ravioli Ricotta Espinafres Biológico,,Emb. 0.25 KG,"2,49€","9,96€ / KG",
B&J Netflix & Chill'D 465ml,,Emb. 0.465 LT,"6,78€","14,58€ / LT",
Pizza Royale Ultracongelada,TURINI,Emb. 0.4 KG,"2,19€","5,48€ / KG",
Cápsulas Kaffa Café Compatível Delta Q Forte 10 Unidades,KAFFA,Emb. 10 UNID.,"1,99€","0,20€ / UNID.",
LINGUICA PICANTE,CAMPO FINO,Emb. 0.15 KG,"1,19€","7,93€ / KG",
Chá Preto Yellow Label 100 Saquetas,LIPTON,Emb. 100 Saquetas,"4,54€","0,05€ / Saquetas",
Alimento Húmido P/ Gato de Atum,LYCAT,Emb. 0.08 G,"0,99€","12,38€ / G",
Andouillettes 3 Unid.,TRADILÈGE,Emb. 0.42 KG,"3,79€","9,02€ / KG",
Tablete de Chocolate Creme de Cacau,MILKA,Emb. 0.1 KG,"1,58€","15,80€ / KG",
Pano Suave Antibacterias,VILEDA,Emb. 1 UNID.,"2,64€","2,64€ / UNID.",
Tortellini de Queijo,KNORR,Emb. 0.25 kg,"2,07€","8,28€ / kg",
AIRWICK STICKS DELICIAS V,AIRWICK,Emb. 1 UNID.,"10,98€","10,98€ / UNID.",
Ravioli com 3 Queijos Biológico,,Emb. 0.25 KG,"2,69€","10,76€ / KG",
Nata UHT Carbonara,PARMALAT,Emb. 0.2 LT,"1,15€","5,75€ / LT",
Esfregão Salva Unhas Classic Comfort,SCOTCH BRITE,Emb. 2 UNID.,"1,44€","0,72€ / UNID.",
BEBIDA SOJA NATURAL,ALPRO,Emb. 1 LT,"1,59€","1,59€ / LT",
Alimento Seco para Gatinhos Completo,LYCAT,Emb. 0.4 KG,"1,10€","2,75€ / KG",
Leite com Chocolate UHT 4x200 ml,GRESSO,Emb. 0.8 LT,"1,38€","1,73€ / LT",
Caixa Hermética Quadrada 23cm,,1 UNID.,"6,95€","6,95€ / UNID.",
Iogurte Sólido Magro Amora Framboesa 4 Unid.,LONGA VIDA,Emb. 0.12 KG,"1,99€","16,58€ / KG",
Nata com 3 Queijos,PARMALAT,Emb. 0.2 LT,"1,15€","5,75€ / LT",
Néctar de Laranja,JAFADEN,Emb. 2 LT,"1,87€","0,94€ / LT",
SACOS P/ CONGELAR ZIP & GO 1L (15UN),VILEDA,Emb. 15 UNID.,"4,48€","0,30€ / UNID.",
Vinho do Porto Lágrima Branco,DORRÃO,Emb. 0.075 LT,"6,49€","86,53€ / LT",
Gelatina em Pó Tutti-Frutti 2x80 g,TABLIER BLANC,Emb. 0.17 KG,"0,83€","4,88€ / KG",
Sticks Dentários,PLENIMA,Emb. 0.18 G,"0,99€","5,50€ / G",
Miolo de Avelã,MARQUE REPERE,Emb. 0.15 KG,"2,51€","16,73€ / KG",
Filetes Harengs Fumés,RONDE DES MERS,Emb. 0.2 KG,"2,98€","14,90€ / KG",
Néctar Clássico Tutti Frutti 3x20 cl,COMPAL,Emb. 0.6 LT,"1,38€","2,30€ / LT",
Miolo de Amêndoa Palitada,MARQUE REPERE,Emb. 0.15 KG,"2,59€","17,27€ / KG",
Queijo Ralado,TERRA NOSTRA,Emb. 0.15 KG,"1,39€","9,27€ / KG",
Conserva de Sardinha em Tomate,RAMIREZ,,"0,99€",/ Unid.,
Farinha de Trigo Biológica,,Emb. 1 KG,"1,27€","1,27€ / KG",
Máscara de Abacate Ultra Suave,GARNIER,Emb. 0.3 LT,"6,78€","22,60€ / LT",
Caixa de Arrumação com Tampa 5L Transparente,,1 UNID.,"2,50€","2,50€ / UNID.",
Tirinhas de Bacon ao Natural 2x100g,TRADILÈGE,Emb. 0.2 KG,"2,29€","11,45€ / KG",
AirWick  Comp Pure Flor Cerejeira,AIRWICK,Emb. 1 UNID.,"7,98€","7,98€ / UNID.",
Creme Culinária Soja,SHOYCE,Emb. 0.2 L,"1,38€","6,90€ / L",
Recarga Ambientador Elétrica White Bouquet,AIR WICK,Emb. 0.019 LT,"5,98€","314,74€ / LT",
Gel Efeito Molhado Extra Forte 3,VITANOVE,Emb. 0.3 L,"2,09€","6,97€ / L",
LAMINAS DUPLO SENTIDO 10UN  10UN CARRE HOMME,CARRÉ HOMME,,"0,95€",/ Unid.,
Pérolas de Perfume para Roupa Lavish,LENOR,Emb. 0.21 KG,"6,99€","33,29€ / KG",
Coentro Fresco,,1 Unid. = 0.05 KG  (aprox.),"6,99€/kg","0,35€ / Unid.",
Dentífrico Menta Suave,AQUAFRESH,Emb. 0.075 LT,"2,28€","30,40€ / LT",
Cogumelo Branco Laminado,,Emb. 0.3 KG,"1,99€","6,63€ / KG",
Vinho Regional Alentejano Tinto,GAIAO,Garrafa 0.75 LT,"2,89€","3,85€ / LT",
Queijo Curado Apimentado Alavão,SALOIO,1 Unid. = 1.492 KG (aprox.),"9,49€/kg","14,16€ / Unid.",
Loção Sensitive,BABY DOVE,Emb. 0.2 LT,"5,39€","26,95€ / LT",
Conserva de Milho Doce Grão,ECO+,Emb. 0.3 KG,"0,65€","2,17€ / KG",
Maionese Magra,CALVÉ,Emb. 0.447 KG,"2,88€","6,44€ / KG",
Ambientador Vela Frutos Vermelhos da Montanha,AIRWICK,Emb. 0.32 KG,"3,98€","12,44€ / KG",
Vinho Regional Douro Tinto,PAPA FIGOS,Garrafa 0.75 LT,"5,79€","7,72€ / LT",
Choco com Tinta,,1 Unid. = 0.6 KG (aprox.),"10,98€/kg","6,59€ / Unid.",
Pimenta Preta Moída,RUSTICA,Frasco 0.04 KG,"1,21€","30,25€ / KG",
Caramelos Werther's Original Storck Creme 135g,JERONIMO MARTINS,Emb. 0.135 KG,"2,58€","19,11€ / KG",
Desodorizante Spray,REXONA,Emb. 0.15 LT,"2,54€","16,93€ / LT",
Café Cápsulas deQafeinatus Intensidade 1,DELTA,Emb. 10 CAPS.,"3,39€","0,34€ / CAPS.",
Sais de Fruta Digestivo Original,ENO DIGESTIVO,Emb. 10 UNID.,"5,98€","0,60€ / UNID.",
Cogumelo Pleurotus,,Emb. 0.25 KG,"1,99€","7,96€ / KG",
Café Latte Caramel 8 Unid.,NESCAFÉ,Emb. 0.136 KG,"3,18€","23,38€ / KG",
Natas Líquidas Biológicas,,Emb. 0.6 L,"4,08€","6,80€ / L",
Miolo de Camarão 80/100 Ultracongelado,PESCANOVA,Emb. 0.35 KG,"7,98€","22,80€ / KG",
Gel Banho Baunilha/Ambre,MANAVA,Emb. 0.5 LT,"2,29€","4,58€ / LT",
Chiclets de Morango 12 Unid.,CHICLETS,Emb. 0.017 KG,"0,89€","52,35€ / KG",
BEBIDA AMENDOA BIO,,Emb. 1 LT,"2,24€","2,24€ / LT",
Massa Bolonhesa,KNORR,Emb. 0.068 KG,"1,24€","18,24€ / KG",
Achocolatado em Pó,BON CHOCO,Emb. 0.45 KG,"1,79€","3,98€ / KG",
Saladeira Vidro 17cm,,1 P,"1,75€","1,75€ / P",
Leite UHT Magro,MATINAL,Emb. 1 LT,"0,94€","0,94€ / LT",
Lenços Faciais Plenitude Renova,LENÇOS RENOVA,Emb. 80 UNID.,"0,99€","0,01€ / UNID.",
Refrigerante C/ Gás Zero,COCA-COLA,Lata 0.33 LT,"0,70€","2,12€ / LT",
Alimento Seco P/ Gatos Aves Cenoura Legumes e Leite,LYCAT,Emb. 2 KG,"3,99€","2,00€ / KG",
Tostas Sabor Brioche,EPI D'OR,Emb. 0.3 KG,"1,98€","6,60€ / KG",
Gel de Banho Deeply Nourishing,DOVE,Emb. 0.75 LT,"4,19€","5,59€ / LT",
Limpeza Móveis Classic Protege,PRONTO,Spray 0.3 LT,"4,38€","14,60€ / LT",
TARTE DE CHOCOLATE,P'TIT DÉLI,Emb. 0.3 KG,"2,79€","9,30€ / KG",
Vinho Regional Alentejo Tinto,REAL LAVRADOR,Garrafa 0.75 LT,"1,84€","2,45€ / LT",
Polpa de Tomate,ECO+,Frasco 0.5 KG,"0,96€","1,92€ / KG",
Capucino Chocolate Base de Leite Magro em Pó,PLANTATION,Emb. 0.306 KG,"2,99€","9,77€ / KG",
Caderno Capa Preta Pautado A5 60p,ESQUISSE,,"0,59€",/ Unid.,
Escova de Dentes Complete Média,ORAL B,Emb. 1 UNID.,"1,64€","1,64€ / UNID.",
Salsichas C/ Feijão,CÔTÉ TABLE,Emb. 0.84 KG,"2,49€","2,96€ / KG",
GUYLIAN TEMPTATIONS CARTÃO 124g Mix,,,"3,98€",/ Unid.,
Café Descafeinado Pastilhas,PLANTATION,Emb. 36 UNID.,"3,65€","0,10€ / UNID.",
Cerveja com Álcool,CRISTAL,Garrafa 1 LT,"1,34€","1,34€ / LT",
Suporte para Rolos de Cozinha,,Emb. 1 UNID.,"6,95€","6,95€ / UNID.",
Bolachas Quadradas Recheadas com Sabor a Chocolate,ECO+,Emb. 0.3 KG,"1,09€","3,63€ / KG",
Caixa Hermética Redonda 14cm,DURALEX,1 UNID.,"2,45€","2,45€ / UNID.",
Copo de Pé 35cl,EQUIP HOME,1 UNID.,"1,19€","1,19€ / UNID.",
Refrigerante C/ Gás Maracujá S/ Adição de Açúcar,FANTA,Emb. 1.5 LT,"1,54€","1,03€ / LT",
Café Solúvel Clássico,NESCAFÉ,Emb. 10 SAQ.,"1,58€","0,16€ / SAQ.",
Limonada,SPRINK'S,Emb. 1.5 LT,"1,04€","0,69€ / LT",
DECAPANTE FORNO COM SODA CAUSTICA,CLAIR,Emb. 0.5 LT,"1,67€","3,34€ / LT",
Cerveja com Álcool 6x25cl Biológica sem Glúten,,Emb. 1.5 LT,"6,08€","4,05€ / LT",
Codornizes,,1 Unid. = 0.14 KG (aprox.),"0,95€","6,79€ / KG",
Douradinhos de Filete de Peixe 15 Unid. Ultracongelado,CAPITÃO IGLO,Emb. 0.42 KG,"5,68€","13,52€ / KG",
Espumante Reserva Meio Seco,RAPOSEIRA,Garrafa 0.75 LT,"7,74€","10,32€ / LT",
Yofu Framboesa/Amora 4x125g,ALPRO,Emb. 0.5 KG,"2,29€","4,58€ / KG",
Marinheiras Chia Original,CEM PORCENTO,Emb. 0.2 KG,"2,68€","13,40€ / KG",
Canela Moída,MARGÃO,Emb. 0.039 KG,"2,28€","58,46€ / KG",
Champô Cabelo Garnier Cereja e Amêndoa,ULTRA SUAVE,Emb. 0.25 LT,"3,58€","14,32€ / LT",
Red Bull,RED BULL,Lata 0.355 LT,"1,88€","5,30€ / LT",
Camarão Cozido Cal. 30/40,,1 Unid. = 0.1 KG (aprox.),"13,98€/kg","1,40€ / Unid.",
Abacate,,1 Unid. = 0.2 KG (aprox.),"4,98€/kg","1,00€ / Unid.",
Cereais de Trigo Integral,FITNESS,Emb. 0.375 KG,"3,08€","8,21€ / KG",
Leite de Transição 3 +6 meses,NAN,Emb. 0.8 KG,"16,48€","20,60€ / KG",
Pão Cereais,,1 Unid. = 0.1 KG,"0,59€","5,90€ / KG",
Brownie de Chocolate com Pepitas de Chocolate,P'TIT DÉLI,Emb. 0.24 KG,"1,99€","8,29€ / KG",
Dentífrico Natural Extracts Brilho Intenso,COLGATE,Emb. 0.075 LT,"3,24€","43,20€ / LT",
Verniz de Unhas 60 Segundos 323,RIMMEL,Emb. 1 UNID.,"5,34€","5,34€ / UNID.",
Água C/ Gás 6x25cl,CASTELLO,Emb. 1.5 LT,"2,14€","1,43€ / LT",
"SPRAY AMBIENTADOR ""BAUNILHA"" 2EM1 300ML",BIEN AIR,Emb. 0.3 LT,"1,04€","3,47€ / LT",
FILETES DE PESCADA,ECO+,Emb. 0.8 KG,"4,99€","6,24€ / KG",
Pescada Chilena N.º3 Congelado,,1 Unid. = 1 KG (aprox.),"9,43€/kg","9,43€ / Unid.",
Agrião,,Emb. 0.15 KG,"1,39€","9,27€ / KG",
Caixa Hermética Quadrada 17cm,,1 UNID.,"2,95€","2,95€ / UNID.",
CUECA INCONTINENCIA ABSORCAO PLUS GRANDE,CHORYS,Emb. 10 UNID.,"8,39€","0,84€ / UNID.",
Leite Confort 1,NAN,Emb. 0.8 KG  (aprox.),"20,98€","26,23€ / KG",
Vinho Regional Douro Reserva 2015,MONTES ERMOS,Garrafa 0.75 L,"4,39€","5,85€ / L",
Deo Creme Derma Care 0% Álcool,VASELINE,Emb. 0.05 LT,"2,84€","56,80€ / LT",
Licor da Nação,SNR,Garrafa 0.7 LT,"7,49€","10,70€ / LT",
Vinagre de Sidra Original,GALLO,Emb. 0.25 LT,"1,69€","6,76€ / LT",
Salsichão Seco de Porco Superior,ST AZAY,Emb. 0.25 KG,"3,69€","14,76€ / KG",
Ovos Solo L,SNR,Emb. 6 UNID.,"1,29€","0,22€ / UNID.",
LAVA TUDO AMONIACAL,CLAIR,Emb. 2 LT,"0,71€","0,36€ / LT",
Água sem Gás Mineral,LUSO,Garrafa 0.33 LT,"0,28€","0,85€ / LT",
Bebida Gaseificada Aromatizada de Uva S/ Álcool,FESTALIE,Emb. 0.75 LT,"2,49€","3,32€ / LT",
Sultana Preta,MARQUE REPERE,Emb. 0.2 KG,"1,03€","5,15€ / KG",
AGUA PEDRAS TANGERINA 4X25 CL,PEDRAS,,"2,28€",/ Unid.,
Queijo Ralado Mozzarella Especial Pizza,PRÉSIDENT,Emb. 0.15 KG,"2,54€","16,93€ / KG",
Leite Creme 4x23 g,EL MANDARIN,Emb. 0.092 KG,"1,48€","16,09€ / KG",
Refrigerante sem Gás Maçã Verde,FRUTIS,Garrafa 1.5 LT,"1,15€","0,77€ / LT",
Iced Tea Pêssego,ECO+,Emb. 1.5 LT,"0,84€","0,56€ / LT",
Preparado de Carne Bovino Picada,FERIAL,Emb. 1 KG,"8,99€","8,99€ / KG",
QUEIJO FRESCO PARA BARRAR 24%MG,LES CROISÉS,Emb. 0.15 KG,"0,79€","5,27€ / KG",
Pão de Ló,,1 Unid. = 0.575 KG (aprox.),"4,89€/kg","4,89€ / Unid.",
Pão de Forma Integral com Côdea Receita Económica,PANRICO,Emb. 0.52 KG,"1,68€","3,23€ / KG",
BATOM NUTRITIVO 2UN,INELL,Emb. 2000 UNID.,"1,77€","0,00€ / UNID.",
Guardanapos 2 Folhas,MARQUE REPERE,Emb. 100 UNID.,"1,35€","0,01€ / UNID.",
Deo Spray Tropical,REXONA,Emb. 0.15 LT,"2,54€","16,93€ / LT",
MARSHMALLOWS CHOCO,COPAÍNS COPINES,Emb. 0.16 KG,"1,96€","12,25€ / KG",
Pensos Clássicos à Prova de Água,HANSAPLAST,Emb. 20 UNID.,"1,98€","0,10€ / UNID.",
Gel de Duche Pétalas do Oriente,MANAVA,Emb. 0.25 LT,"1,19€","4,76€ / LT",
Tampa Anti-Gordura de Inox 22/26cm,ARDENCE,1 UNID.,"3,80€","3,80€ / UNID.",
Arroz Carolino,LOURO,Emb. 1 KG,"1,23€","1,23€ / KG",
Vinho Branco de Mesa,CASAL DA EIRA,Emb. 0.25 LT,"0,68€","2,72€ / LT",
Bebida em Pó Sabor Tropical,TANG,Emb. 0.03 KG,"0,82€","27,33€ / KG",
Bife de Frango,,1 Unid. = 0.35 KG (aprox.),"7,39€/kg","2,59€ / Unid.",
Fraldas Bebé T5 Doucer 11/25 Kg,MOTS D'ENFANTS,Emb. 66 UNID.,"10,60€","0,16€ / UNID.",
Conserva de Feijão Branco da Horta,COMPAL,Lata 0.845 KG,"1,88€","2,22€ / KG",
DANACOL LIQUÍDO COLESTEROL AVEIA,DANACOL,Emb. 6 UNID.,"2,99€","0,50€ / UNID.",
Gel de Banho Colónia,NATURAL HONEY,Emb. 0.65 LT,"4,58€","7,05€ / LT",
Esfregão Aço Inox,BRAVO,Emb. 1 P,"1,99€","1,99€ / P",
Líquido Sanitário Gel Lixívia,,Emb. 0.75 LT,"2,24€","2,99€ / LT",
Línguas de Veado,,Emb. 0.25 KG,"1,69€","6,76€ / KG",
Ameixa Vermelha Cal. 45/55,,1 Unid. = 0.09 KG (aprox.),"1,95€/kg","0,18€ / Unid.",
Alimento Seco P/ Cão Frango com Arroz <10kg,PURINA,Emb. 0.8 KG,"5,38€","6,73€ / KG",
Deosodorizante Spray Invisible Black & White Fresh,NIVEA MEN,Emb. 0.15 L,"4,28€","28,53€ / L",
Conserva Macedónia de Legumes,NOTRE JARDIN,Lata 0.4 KG,"0,88€","2,20€ / KG",
Panela de Inox 20cm,,1 UNID.,"7,99€","7,99€ / UNID.",
MOLHO PARA HAMBURGUER,RUSTICA,Emb. 0.255 KG,"1,31€","5,14€ / KG",
Maionese com Mostarda de Dijon,,Frasco 0.47 KG,"1,39€","2,96€ / KG",
AGUARDENTE FIM DE SÉCULO Vínica Velha Cx. de Cartão 70CL,,0.07 CL,"16,99€","242,71€ / CL",
Gelado de Chocolate Branco e Cookies,MAGNUM,Emb. 0.44 LT,"5,98€","13,59€ / LT",
Cracker com Arroz Tufado,DU BOIS DE LA ROCHE,Emb. 0.24 KG,"2,58€","10,75€ / KG",
Massa Vinha D\'Alho,RUSTICA,Frasco 0.2 KG,"0,79€","3,95€ / KG",
Fósforos de Segurança 100 unid.,SILEX,Emb. 3 UNID.,"0,80€","0,27€ / UNID.",
Bolachas Original,OREO,Emb. 0.154 KG,"1,28€","8,31€ / KG",
Panaché 10x25CL,MÍLLBRAU,Emb. 2.5 LT,"2,65€","1,06€ / LT",
Bolachas Digestivas,MCVITIES,Emb. 0.4 KG,"1,98€","4,95€ / KG",
AMACIADOR ECOLOGICO,UNÍ VERT,Emb. 0.75 LT,"1,67€","2,23€ / LT",
CARNE DE GALINHA C/ ARROZ E MOLHO DE NATAS,CÔTÉ TABLE,Emb. 0.3 KG,"2,09€","6,97€ / KG",
Body Milk Repara & Cuida 72h Pele Extra Seca,NIVEA,Emb. 0.25 LT,"4,28€","17,12€ / LT",
Sumo de Laranja,JOI,Garrafa 1.5 LT,"1,89€","1,26€ / LT",
Água Mineral Natural,PENACOVA,Garrafão 5 LT,"0,78€","0,16€ / LT",
Tagliatelles sem Glúten,CHAQUE JOUR SANS GLUTEN,Emb. 0.25 KG,"2,51€","10,04€ / KG",
Queijo de Ovelha Curado,OURO DO PASTOR,1 Unid. = 1 KG (aprox.),"14,39€/kg","14,39€ / Unid.",
BOLACHAS MEGA DUO GULLON 500G,GULLÓN,Emb. 0.5 KG,"2,98€","5,96€ / KG",
Pensos Higiénicos Maxi Normal Pocket,DOULYS,Emb. 18 UNID.,"1,21€","0,07€ / UNID.",
Batatas Fritas Light,LAY'S,Emb. 0.14 KG,"1,68€","12,00€ / KG",
COUSCOUS C/FRANGO E MERGUEZ 450G,CÔTÉ TABLE,Emb. 0.45 KG,"3,19€","7,09€ / KG",
Conjunto Borracha Mini,ESQUISSE,Emb. 2 UNID.,"0,72€","0,36€ / UNID.",
Queijo Fatiado Amanteigado de Vaca e Ovelha,LIMIANO,Emb. 0.18 KG,"2,38€","13,22€ / KG",
Pizza Casa Di Mama Salame,DR. OETKER,Emb. 0.38 LT,"5,48€","14,42€ / LT",
Sabonete Líquido Leite e Mel Recarga,PALMOLIVE,Emb. 0.3 LT,"1,79€","5,97€ / LT",
Pensos Diários Salva Slip Normal,EVAX,Emb. 50 UNID.,"3,48€","0,07€ / UNID.",
Bife do Acém Vitelão,,1 Unid. = 0.25 KG (aprox.),"6,98€/kg","1,75€ / Unid.",
QUEIJO RALADO FLAMENGO,CAMPAINHA,Emb. 0.15 KG,"1,24€","8,27€ / KG",
"CERVEJA HEINEKEN,PACK,12x25CL",,Emb. 12 UNID.,"7,58€","0,63€ / UNID.",
BLOCO SANITARIO ACTIV EFFECT MARINHO 3UN,SYPHON,Emb. 3 UNID.,"1,35€","0,45€ / UNID.",
Preparado á Base de Polpa e de Concentrado de Tomates,NOTRE JARDIN,Lata 400 KG,"1,09€","0,00€ / KG",
KIT FAJITAS 505G TABLE DU MON,TABLES DU MONDE,Emb. 0.505 KG,"3,59€","7,11€ / KG",
Inseticida Recarga Uso Doméstico,BIO KILL,Emb. 0.375 LT,"4,48€","11,95€ / LT",
Esfregona Estampada,,Emb. 2 UNID.,"3,14€","1,57€ / UNID.",
Vinho Branco de Mesa Elopack,CASAL DA EIRA,Emb. 1 LT,"1,68€","1,68€ / LT",
Vinho Regional Douro Branco,TONS DUORUM,Garrafa 0.75 LT,"4,44€","5,92€ / LT",
Bife da Pá Vitelão,,1 Unid. = 0.25 KG (aprox.),"6,98€/kg","1,75€ / Unid.",
Creme Barbear Sensitive,PALMOLIVE,Emb. 0.1 LT,"2,28€","22,80€ / LT",
Elixir Suavidade e Brilho Para Cabelo Muito Estragado,GLISS,Emb. 0.075 LT,"4,99€","66,53€ / LT",
Lava Tudo Optimal 7 Multisuperficies com Lixívia,AJAX,Emb. 0.5 LT,"1,99€","3,98€ / LT",
Pipocas Caramelizadas,TOKAPI,Emb. 0.1 KG,"0,75€","7,50€ / KG",
Pantene Grisalho Radiante & Suave Condicionador 160 ml,PANTENE PV,Emb. 0.16 LT,"4,98€","31,13€ / LT",
Saladeira Vidro 20cm,,1 P,"1,85€","1,85€ / P",
Nectar Clássico Alperce 3x20cl,COMPAL NECTAR,Emb. 0.08 LT,"1,38€","17,25€ / LT",
Ketchup Familiar XXL,CALVÉ,Emb. 0.55 KG,"2,39€","4,35€ / KG",
"Mini Pães Gache, Manteiga Pura",,Emb. 0.36 KG,"1,98€","5,50€ / KG",
Gelatina Light Tropical,ROYAL,Emb. 0.031 KG,"1,88€","60,65€ / KG",
NOODLES DE VACA,TABLES DU MONDE,Emb. 0.061 KG,"0,93€","15,25€ / KG",
Pao De Forma Cerealia 14 Cereais,PANRICO,Emb. 0.435 KG,"2,28€","5,24€ / KG",
Frango Campestre com Alho e Cebola,MAGGI,Emb. 0.03,"0,98€","32,67€ /",
Pão Saloio,,1 Unid. = 0.4 KG,"0,89€","2,23€ / KG",
Iogurte Líquido Frutos Silvestres 4 Unid.,YOGGI,Emb. 0.64 KG,"1,99€","3,11€ / KG",
Alimento Húmido para Cão Carne Vaca Massa Cenoura,ECO+,,"1,75€",/ Unid.,
CUECA INCONTINENCIA TAM L,CHORYS,Emb. 14 UNID.,"9,44€","0,67€ / UNID.",
Papa Infantil Aveia Maçã e Cenoura,CERELAC,Emb. 0.24 KG,"3,27€","13,63€ / KG",
Creme de Ovos Sabor Baunilha 4x100gr,DÉLISSE,Emb. 0.4 KG,"2,39€","5,98€ / KG",
Lula Inteira Congelada,,1 Unid. = 0.25 KG (aprox.),"5,49€/kg","1,37€ / Unid.",
Patê Bocadelia Recheio Atum,LA PIARA,Emb. 0.18 KG,"2,98€","16,56€ / KG",
Café Solúvel Clássico Intenso,NESCAFÉ,Emb. 0.1 KG,"3,98€","39,80€ / KG",
Filete Primavera com Alho e Ervas Aromáticas 2 Unid.,IGLO,Emb. 0.225 KG,"3,49€","15,51€ / KG",
Galetes de Milho com Cobertura de Chocolate Preto Biológicas,,Emb. 0.1 KG,"1,82€","18,20€ / KG",
Pensos Universais Sortidos à Prova de Água,HANSAPLAST,Emb. 20 UNID.,"2,18€","0,11€ / UNID.",
Sobremesa Gelado Chocolate Brownie,CARTE D'OR,Emb. 0.9 LT,"4,98€","5,53€ / LT",
Chá Preto,TETLEY,Emb. 10 SAQ.,"0,71€","0,07€ / SAQ.",
Snack Biscrok Original,PEDIGREE,Emb. 0.5 KG,"2,98€","5,96€ / KG",
Elixir Oral Dentes & Gengivas Menta Fresca,LISTERINE,Emb. 1 LT,"7,98€","7,98€ / LT",
Queijo Grana Padano Ralado,LES CROISÉS,Emb. 0.1 KG,"1,59€","15,90€ / KG",
Queijo Brie,,1 Unid. = 0.2 KG (aprox.),"9,48€/kg","1,90€ / Unid.",
Nuggets de Aves,ECO+,Emb. 0.5 KG,"2,99€","5,98€ / KG",
Fiambre de Peito de Frango,CHARCUTARIA,1 Unid. = 0.12 KG (aprox.),"9,98€/kg","1,20€ / Unid.",
Salsichão C/ Avelãs,ST AZAY,Emb. 0.25 KG,"3,49€","13,96€ / KG",
GELADO BAUNILHA / CARAMELO,ESKISS,Emb. 1 LT,"2,89€","2,89€ / LT",
After Shave Bálsamo Hidratante,NIVEA MEN,Emb. 0.1 LT,"6,98€","69,80€ / LT",
CREME HIDRATANTE OLEO AMENDOA DOCE,INELL,Emb. 0.2 LT,"2,09€","10,45€ / LT",
Bolacha Diet Nature Recheio Chocolate,GULLÓN,Emb. 0.25 KG,"2,43€","9,72€ / KG",
"ATUM EM AZEITE, 120G",TENÓRIO,Emb. 0.12 KG,"2,58€","21,50€ / KG",
FUSILLI COM QUEIJOS,COTE SNACK,Emb. 0.3 KG,"1,99€","6,63€ / KG",
Carvão Vegetal Artesanal,,Emb. 5 KG,"5,19€","1,04€ / KG",
Bolachas Barquettes com Recheio de Morango,P'TIT DÉLI,Emb. 0.12 KG,"1,35€","11,25€ / KG",
Sumo de Ameixa Obtido por Extração Biológico,,Emb. 1 LT,"3,85€","3,85€ / LT",
Pensos para calos,HANSAPLAST,Emb. 8 UNID.,"3,48€","0,44€ / UNID.",
Pérolas de Perfume para Roupa Dreams,LENOR,Emb. 0.21 KG,"7,69€","36,62€ / KG",
Gel Elastic Ultimate 7,NIVEA MEN,Emb. 0.15 LT,"5,58€","37,20€ / LT",
Leite Bem Essencial UHT Meio Gordo 3 Unid.,MIMOSA,Emb. 0.6 LT,"1,18€","1,97€ / LT",
Couve Coração,,1 Unid. = 0.84 KG (aprox.),"1,49€/kg","1,25€ / Unid.",
CREME DEPILATORIO PELE SENSIVEL 100ML 100ML SLISS,SLISS,,"1,84€",/ Unid.,
Gelo em Cubos,,Emb. 2 KG,"0,99€","0,50€ / KG",
Conjunto 4 Copos Gisèle 45cl,ARDENCE,4 UNID.,"7,99€","2,00€ / UNID.",
Delicias do Mar Surimi Sabor a Caranguejo,PÊCHE OCÉAN,Emb. 0.2 Kg,"1,79€","8,95€ / Kg",
Couve Roxa,,1 Unid. = 1 KG (aprox.),"1,49€/kg","1,49€ / Unid.",
Queijo de Ovelha Curado,QUEIJO DE NISA,Emb. 0.3 KG,"6,74€","22,47€ / KG",
Maçã Fuji Cal. 70/75,,1 Unid. = 0.18 KG (aprox.),"1,98€/kg","0,36€ / Unid.",
Mini Pizza Piccolinis Salsicha Frankfurt 9 Unid.,BUITONI,Emb. 0.27 KG,"2,99€","11,07€ / KG",
Cereais de Aveia Integral C/ Chocolate,FITNESS,Emb. 0.375 KG,"3,98€","10,61€ / KG",
Papel Anti-Traças,RAID,Emb. 4 UNID.,"1,68€","0,42€ / UNID.",
Refrigerante C/ Gás Uva,FANTA,Garrafa 1.5 LT,"1,54€","1,03€ / LT",
Amendoim C/ Casca Torrado,MARQUE REPERE,Emb. 1 KG,"4,71€","4,71€ / KG",
Pastilhas 60 Minutos Spearmint,TRIDENT,Emb. 0.02 KG,"0,94€","47,00€ / KG",
Sabonete Pack 4,DOVE,Emb. 0.4 KG,"4,98€","12,45€ / KG",
Farinha Fina,BRANCA DE NEVE,Emb. 1 KG,"1,19€","1,19€ / KG",
Leite Achocolatado 3x200ML,PARMALAT,Emb. 0.6 LT,"1,08€","1,80€ / LT",
Champô de Queratina Protetor da Cor,TRESEMMÉ,Emb. 0.7 LT,"6,59€","9,41€ / LT",
Dourada Cal. 300/400,,1 Unid. = 0.35 KG (aprox.),"9,98€/kg","3,49€ / Unid.",
ALIMENT BEBE: PURE DE PERA WILLIAMS BIO +4M 4x100G,BIO VILLAGE BEBE,Emb. 0.4 KG,"2,09€","5,23€ / KG",
Piri Piri Moído,MARGÃO,Emb. 0.038 KG,"1,69€","44,47€ / KG",
Faca de Cozinha Chef 15cm,ARDENCE,1 UNID.,"8,99€","8,99€ / UNID.",
Champô Cabelo Revitalizante Pelo Frágil,ELVIVE,Emb. 1.2 LT,"3,59€","2,99€ / LT",
Cápsulas Café Cappuccino,DOLCE GUSTO,Emb. 16 CAPS.,"5,98€","0,37€ / CAPS.",
Escova Gengivas e Dentes,PARODONTAX,Emb. 1 UNID.,"4,38€","4,38€ / UNID.",
Preservativo Non Stop,CONTROL,Emb. 12 UNID.,"6,99€","0,58€ / UNID.",
Alimento Seco P/ Gato C/ Frango Peru,PURINA FRISKIES,Emb. 2 KG,"5,69€","2,85€ / KG",
Papel Higiénico Cuidado Completo Original 3 em 1,SCOTTEX,Emb. 16 UNID.,"3,98€","0,25€ / UNID.",
Chá de Camomila,LIPTON,Emb. 20 SAQ.,"1,20€","0,06€ / SAQ.",
Areia Higiénica Perfumada para Gato,ECO+,Emb. 7 LT,"1,85€","0,26€ / LT",
LIXIVIA C/DETERGENTE,CLAIR,Emb. 2 LT,"1,09€","0,55€ / LT",
Tablete Chocolate Culinária,PANTAGRUEL,Emb. 0.2 KG,"2,09€","10,45€ / KG",
Queijo Manchego,DIAZ MIGUEL,Quant. Mínima = 0.2 KG (aprox.),"19,99€/kg","4,00€ / Unid.",
Cogumelos Inteiros,NOTRE JARDIN,Emb. 0.78 KG,"2,59€","3,32€ / KG",
Dove Men +Care Desodorizante Clean Comfort Spray,DOVE,Emb. 0.15 LT,"2,69€","17,93€ / LT",
Crackers Integrais,EPI D'OR,Emb. 0.5 KG,"1,98€","3,96€ / KG",
Lentilhas Amarelas,NOTRE JARDIN,Emb. 0.5 KG,"2,01€","4,02€ / KG",
COLORACAO LOURO DOURADO 7.3 1UN VITANOVE,VITANOVE,Emb. 1 UNID.,"4,07€","4,07€ / UNID.",
Maionese Magra,HELLMANN'S,Emb. 0.459 KG,"3,29€","7,17€ / KG",
Pão de Forma Grande,BIMBO,Emb. 0.375 KG,"1,58€","4,21€ / KG",
SORTIDO DE GOMAS EM MINI SAQUETAS,COPAÍNS COPINES,Emb. 0.5 KG,"4,12€","8,24€ / KG",
Iogurte de Banana 4 Unid.,IOGOLINO,Emb. 0.4 KG,"2,28€","5,70€ / KG",
MINI SPRAY FLORAL RECARGA 15ML,BIEN AIR,Emb. 0.015 LT,"1,04€","69,33€ / LT",
Moscatel do Douro Mel e Laranja,FAVILA,Garrafa 0.75 LT,"3,89€","5,19€ / LT",
Pente de Cabelo,,Emb. 1 UNID.,"1,04€","1,04€ / UNID.",
Maionese Vegan sem Glúten,CALVÉ,Emb. 0.27 KG,"3,28€","12,15€ / KG",
"Croquetes Frango, Pato e Azeitonas",TOUS MES AMIS,Emb. 2 KG,"3,99€","2,00€ / KG",
Queijo Flamengo 1/4 Bola,AGROS,Emb. 0.35 KG,"3,28€","9,37€ / KG",
Melão Branco,,1 Unid. = 3.076 KG (aprox.),"1,49€/kg","4,58€ / Unid.",
PIMENTA BRANCA MOIDA SAQUETA,RUSTICA,Emb. 0.1 KG,"2,09€","20,90€ / KG",
Tablete de chocolate Choco Chips Ahoy,MILKA,Emb. 0.1 KG,"1,58€","15,80€ / KG",
Palmiers de massa Folhada com Manteiga,P'TIT DÉLI,Emb. 0.1 KG,"0,89€","8,90€ / KG",
CHOURICAO FATIADO,CAMPO FINO,Emb. 0.15 KG,"1,56€","10,40€ / KG",
Toalhitas Activity 4x54 Unid.,DODOT,Emb. 216 UNID.,"7,43€","0,03€ / UNID.",
Champô Purificante Morango Branco e Menta Dulce,HERBAL ESSENCES,Emb. 0.4 LT,"3,99€","9,98€ / LT",
REFEICAO NOODLES SABOR CARNE,TABLES DU MONDE,Emb. 0.085,"0,65€","7,65€ /",
Avelã com Casca,,1 Unid. = 0.5 KG (aprox.),"6,99€/kg","3,50€ / Unid.",
Escova Dentes Interdental Médio,AQUAFRESH,Emb. 3 UNID.,"4,28€","1,43€ / UNID.",
Chá de Ervas Biológico,,Emb. 20 SAQ.,"1,19€","0,06€ / SAQ.",
Bolachas Crackers Original,TUC,Emb. 0.1 KG,"0,98€","9,80€ / KG",
Johnson's Baby Champô Penteia Fácil,JOHNSON'S BABY,Emb. 0.5 LT,"5,58€","11,16€ / LT",
Bloco Sanitário Lavanda,SONASOL WC,Emb. 2 UNID.,"2,99€","1,50€ / UNID.",
Peito de Peru,,1 Unid. = 0.3 KG (aprox.),"5,89€/kg","1,77€ / Unid.",
Sumo de Limão 2X125ml,RUSTICA,Emb. 0.5 LT,"1,22€","2,44€ / LT",
IOGURTE LIQUIDO FRUTOS TROPICAIS,DÉLISSE,Emb. 0.72 KG,"1,59€","2,21€ / KG",
Esparguete,TURINI,Emb. 0.5 KG,"0,89€","1,78€ / KG",
Refrigerante C/ Gás Gasosa,SPRINK'S,Garrafa 1.5 LT,"0,59€","0,39€ / LT",
RECARGA MICROF.BALDE COM PEDAL,VILEDA,,"6,99€",/ Unid.,
LUVAS DESCARTÁVEIS EXTRA LONG 10 UN MED/GR,VILEDA,Emb. 10 UNID.,"3,58€","0,36€ / UNID.",
MASCARA REPARADORA 300ML,VITANOVE,Emb. 0.3 LT,"2,09€","6,97€ / LT",
SNACKS BOLAS DE QUEIJO,TOKAPI,Emb. 0.05 KG,"0,62€","12,40€ / KG",
Alimento Completo Mistura para Caturras,INTERNUTRI,Emb. 1 KG,"1,62€","1,62€ / KG",
Recarga para Difusor Elétrico Japan Tatami,AMBIPUR,Emb. 1 UNID.,"4,04€","4,04€ / UNID.",
Fraldas Cueca Maxi G,LINDOR,Emb. 14 UNID.,"19,98€","1,43€ / UNID.",
LAVA TUDO FRESCURA PURA,CLAIR,Emb. 1.5 LT,"1,49€","0,99€ / LT",
Esferográficas de Cores Sortidas Ponta Média,ESQUISSE,Emb. 4 UNID.,"0,49€","0,12€ / UNID.",
Conserva de Feijão Preto Cozido,NOTRE JARDIN,Lata 0.425 KG,"0,75€","1,76€ / KG",
Vinho Regional Alentejano Tinto,MONTE DAS SERVAS,Garrafa 0.75 LT,"5,35€","7,13€ / LT",
Saquetas Perfumadas Azul,COMFORT,Emb. 1 P,"3,98€","3,98€ / P",
Vinho Regional Lisboa Tinto,VIDIGAL PORTA 6,Garrafa 0.75 LT,"3,89€","5,19€ / LT",
Limpa Máquinas de Loiça Desengordurante & Anti-Calcário,SUN,Emb. 0.12 KG,"3,99€","33,25€ / KG",
Miolo de Amendoim C/ Sal,MARQUE REPERE,Emb. 0.5 KG,"3,14€","6,28€ / KG",
Luvas Universais S,VILEDA,Emb. 1 UNID.,"1,98€","1,98€ / UNID.",
Mini Gelados de Chocolate 70% Preto Intenso Pack 6,MAGNUM,Emb. 0.33 LT,"3,59€","10,88€ / LT",
"SYOSS OLEO INTEN 1-10 PRET,,1P",SYOSS,,"6,24€",/ Unid.,
LIMPA LAREIRA/BARBECUE,SILEX,Emb. 0.75 LT,"3,14€","4,19€ / LT",
Entrecosto com Alho e Pimentão Doce,MAGGI,Emb. 0.03 KG,"0,74€","24,67€ / KG",
Sumo Florida sem Conservantes,SUNNY DELIGHT,Garrafa 1.25 LT,"2,18€","1,74€ / LT",
MAIONESE C/ MOSTARDA DE DIJON FRASCO,RUSTICA,Emb. 0.235 KG,"1,24€","5,28€ / KG",
Rolo de Cozinha Mega,MARQUE REPERE,Emb. 1 UNID.,"2,71€","2,71€ / UNID.",
AQUAFRESH ESC.ALL ANGLES MACIA,AQUAFRESH,,"3,19€",/ Unid.,
Refrigerante C/ Gás Laranja S/ Adição Açúcar,FANTA,Garrafa 1.5 LT,"1,54€","1,03€ / LT",
CRACKERS MINI PIZZA,TOKAPI,Emb. 0.085 KG,"1,00€","11,76€ / KG",
Iogurte Déli Light 4 Sabores 12x125g,DÉLISSE,Emb. 1.5 KG,"2,49€","1,66€ / KG",
Queijo de pasta mole com Leite Pasteurizado,LES CROISÉS,Emb. 0.2 KG,"1,79€","8,95€ / KG",
Queijo Fresco com Leite Magro,DÉLISSE,Emb. 1 KG,"1,89€","1,89€ / KG",
Recarga Mopa 20 Panos,SWIFFER,Emb. 1 P,"4,18€","4,18€ / P",
Chocolate em pó P/ Leite Saco,NESQUIK,Emb. 1 KG,"4,64€","4,64€ / KG",
Cogumelo Marron,,Emb. 0.3 KG,"1,89€","6,30€ / KG",
Conserva de Salsichas Wienerwurst 5 Unid.,NOBRE,Frasco 0.22 KG,"1,94€","8,82€ / KG",
QUEIJO FRESCO LIGHT,QUEIJO NA TÁBUA,Emb. 0.125 KG,"0,89€","7,12€ / KG",
Bolachas Plain Leite,BELVITA,Emb. 0.3 KG,"1,98€","6,60€ / KG",
Creme de Mãos Nutritivo Nourish & Protect,BIOTEN,Emb. 0.1 LT,"2,13€","21,30€ / LT",
Cereais de Chocolate Biológicos,CHOCAPIC,Emb. 0.33 KG,"3,98€","12,06€ / KG",
Queijo de Leite de Cabra Pasteurizado,LES CROISÉS,Emb. 0.18 KG,"2,29€","12,72€ / KG",
ERVILHAS CONGELADAS,ECO+,Emb. 1 KG,"1,49€","1,49€ / KG",
Vinho Branco do Tejo Chardonnay/Arinto,QUINTA DA ALORNA,Emb. 0.75 LT,"6,39€","8,52€ / LT",
"ATUM POSTA OLEO,,120G",,,"1,48€",/ Unid.,
Alimento Seco P/ Gato Bola Pelo/Esteril,PURINA ONE,Emb. 0.8 KG,"6,64€","8,30€ / KG",
Pastilha Elástica Senses Watermelon Sunrise,TRIDENT,Emb. 0.023 KG,"0,94€","40,87€ / KG",
Miolo de Amendoim C/ Sal,MARQUE REPERE,Emb. 0.25 KG,"1,56€","6,24€ / KG",
"Iogurte de Banana, Morango e Tutti Frutti 8x120g",DANONE,Emb. 0.96 KG,"1,98€","2,06€ / KG",
Vinagre de Vinho Tinto,RUSTICA,Garrafa 0.5 LT,"0,51€","1,02€ / LT",
Feijão Frade Seco,NOTRE JARDIN,Emb. 0.5 KG,"1,19€","2,38€ / KG",
Sumo Maçã,JAFADEN,Emb. 1.2 LT,"1,64€","1,37€ / LT",
Barras de Cereais Aveia e Chocolate sem Glúten 6Unid.,CHAQUE JOUR SANS GLUTEN,Emb. 0.138 KG,"2,30€","16,67€ / KG",
Queijo Fundido Light 16 Porções,PRÉSIDENT,Emb. 0.25 KG,"2,49€","9,96€ / KG",
Ice Tea Limão,LIPTON,Emb. 1 LT,"1,29€","1,29€ / LT",
Saco Congelação Grande,ELEMBAL,Emb. 25 UNID.,"0,81€","0,03€ / UNID.",
Creme Depilatório Pele Normal,SILISS,Emb. 0.2 LT,"2,89€","14,45€ / LT",
Miolo de Pinhão,,Emb. 0.1 KG,"8,89€","88,90€ / KG",
Cera Cabelo,AXE,Emb. 0.13 LT,"4,34€","33,38€ / LT",
Filetes de Atum ao Natural,PÊCHE OCÉAN,Emb. 0.19 KG,"2,99€","15,74€ / KG",
"Cacaolat Zero Açúcares Adicionados Leite Cacau UHT 4x 0,20L",CACAOLAT,Emb. 4 UNID.,"2,74€","0,69€ / UNID.",
Baked Heinz Beans Com Tomate 415g,HEINZ,Emb. 0.415 KG,"1,82€","4,39€ / KG",
Queijo Camembert,ECO+,Emb. 0.25 KG,"1,59€","6,36€ / KG",
Creme Care Hidratação Intensiva,NIVEA,Emb. 0.2 LT,"4,69€","23,45€ / LT",
Pimenta Branca Moída,MARGÃO,Emb. 0.05 KG,"2,18€","43,60€ / KG",
LEITE DESMAQUILHANTE BIO,BIONAÏA,Emb. 0.25 LT,"2,61€","10,44€ / LT",
Massa Cotovelinho Clássica,NACIONAL,Emb. 0.5 KG,"1,48€","2,96€ / KG",
Pimentão Doce Colorau,MARGÃO,Emb. 0.04 KG,"1,68€","42,00€ / KG",
Espumante Reserva Doce,FITA AZUL,Garrafa 0.75 LT,"5,68€","7,57€ / LT",
Tostas Integrais Biológicas,,Emb. 0.3 KG,"1,69€","5,63€ / KG",
Kit Roll-on Elétrico Cera Pernas e Corpo,VEET,Emb. 0.05 LT,"9,98€","199,60€ / LT",
Chouriço Mouro da Beira Baixa,SNR,Emb. 0.2 KG,"1,75€","8,75€ / KG",
Néctar Clássico Laranja do Algarve 3x20cl,COMPAL,Emb. 0.6 LT,"1,58€","2,63€ / LT",
Massa Bago,MILANEZA,Emb. 0.25 KG,"0,59€","2,36€ / KG",
Pantene Grisalho Radiante & Suave Máscara 160 ml,PANTENE PV,Emb. 0.16 LT,"5,98€","37,38€ / LT",
Gelatina Light Limão,ROYAL,Emb. 0.031 KG,"1,88€","60,65€ / KG",
Iogurte Bolacha 4 Unid.,IOGOLINO,Emb. 0.4 KG,"2,28€","5,70€ / KG",
Óleo Alimentar,VEGE,Garrafa 1 LT,"3,29€","3,29€ / LT",
FIAMBRE PERNA EXTRA S/NITRITO 4 FATIAS,TRADILÈGE,Emb. 0.14 KG,"2,39€","17,07€ / KG",
Pacotinho de Cereais e Bolacha Maria,NESTUM,Emb. 0.08 KG,"0,74€","9,25€ / KG",
Vinho Tinto,ECO+,Garrafão 5 LT,"4,99€","1,00€ / LT",
Alimento Húmido para Cão Patê com Pedaços Carne Vaca,ECO+,,"1,99€",/ Unid.,
Sumo de Manga,UM BONGO,Emb. 1 LT,"1,09€","1,09€ / LT",
QUEIJO FLAMENGO RALADO,QUEIJO NA TÁBUA,Emb. 0.15 KG,"1,19€","7,93€ / KG",
Fusilli sem Glúten,CHAQUE JOUR SANS GLUTEN,Emb. 0.4 KG,"2,06€","5,15€ / KG",
Ambientador Eléctrico Recarga I Love You,GLADE,Emb. 0.02 LT,"4,86€","243,00€ / LT",
Bolachas Tosta Rica Oceanix,CUÉTARA,Emb. 0.16 KG,"2,08€","13,00€ / KG",
Sangria Branca,D. SIMON,Garrafa 1.5 LT,"2,18€","1,45€ / LT",
Nata UHT,GRESSO,Emb. 0.2 LT,"0,74€","3,70€ / LT",
Gel Banho Aloe Vera,MANAVA,Emb. 0.75 LT,"1,69€","2,25€ / LT",
Macarrão Penne Isento de Glúten,CHAQUE JOUR SANS GLUTEN,Emb. 0.4 KG,"2,23€","5,58€ / KG",
Recarga para Difusor Elétrico 3 Volution Japan Tatami,AMBIPUR,Emb. 1 UNID.,"5,24€","5,24€ / UNID.",
"ALIMENT BEBE: SOBREMESA LACTEA SEMOLA, BAUNILHA +6M 4X100G",BIO VILLAGE BEBE,Emb. 0.4 KG,"2,29€","5,73€ / KG",
Chá de Tília,TETLEY,Emb. 10 UNID.,"0,86€","0,09€ / UNID.",
Massa de Pimentão,RUSTICA,Frasco 0.2 KG,"1,00€","5,00€ / KG",
Espremedor de Citrinos 16cm,,1 UNID.,"3,99€","3,99€ / UNID.",
Café Cápsulas Intenso Intensidade 9,PLANTATION,Emb. 10 CAPS.,"1,69€","0,17€ / CAPS.",
Arroz Carolino,BELMONTE,Emb. 1 KG,"0,94€","0,94€ / KG",
Verniz de Unhas 60 Segundos 315,RIMMEL,Emb. 1 UNID.,"5,34€","5,34€ / UNID.",
Vinho Branco Frutado,CORAÇÃO DA MINHA,Garrafa 0.75 LT,"1,38€","1,84€ / LT",
Alimento para Peixe Goldfish,ECO-VITA,Emb. 0.1 LT,"1,73€","17,30€ / LT",
MOLHO TIKKA MASSALA,TABLES DU MONDE,Emb. 0.35 KG,"1,66€","4,74€ / KG",
Iogurte Natural 4x125 g,,Emb. 0.5 KG,"0,59€","1,18€ / KG",
Vinho Regional Alentejano Tinto,TALHA REAL,Garrafa 0.75 LT,"1,99€","2,65€ / LT",
Água sem Gás,LUSO,Garrafa 0.5 LT,"0,41€","0,82€ / LT",
Preparado em Pó P/ Gelatina de Limão,ROYAL,Emb. 0.114 KG,"1,78€","15,61€ / KG",
PERA WILLIAMS EM CALDA,DOUCEUR DU VERGER,Emb. 0.225 KG,"1,39€","6,18€ / KG",
Guinness Cerveja da Irlanda Draught Stout,GUINNESS,Emb. 0.044 LT,"2,48€","56,36€ / LT",
Bolachas Digestivas Aveia Oats Choc,GULLÓN,Emb. 0.425 KG,"1,99€","4,68€ / KG",
Anis Estrelado,MARGÃO,Emb. 0.025 KG,"3,28€","131,20€ / KG",
Salada Gourmet,,Emb. 0.15 KG,"1,49€","9,93€ / KG",
Tablete de Chocolate e Leite C/ Cereais Crocantes,CRUNCH,Emb. 0.1 KG,"1,98€","19,80€ / KG",
Máscaras Liso Keratina,TRESEMMÉ,Emb. 0.3 LT,"5,39€","17,97€ / LT",
Sobremesa Panna Cotta Caramelo 4x90g,DÉLISSE,Emb. 0.36 KG,"1,99€","5,53€ / KG",
Cevada Solúvel,PLANTATION,Frasco 0.2 KG,"1,69€","8,45€ / KG",
Queijo Fresco Light 2x62.5g,PAIVA,Emb. 0.125 KG,"1,29€","10,32€ / KG",
Vinho Regional Dão Tinto,CASA DE SANTAR,Garrafa 0.75 LT,"7,48€","9,97€ / LT",
Mini Cookies com Pepitas de Chocolate 0% Açúcar,ARTIACH,Emb. 0.12 KG,"2,08€","17,33€ / KG",
Arroz Basmati Comptoir du Grain,,Emb. 1 KG,"2,40€","2,40€ / KG",
Bacalhau com Azeite e Alho,RAMIREZ,Emb. 0.12 KG,"2,49€","20,75€ / KG",
Creme Hidratante Caixa Grande,NIVEA,Emb. 0.15 LT,"4,29€","28,60€ / LT",
Massa Macarrão,MILANEZA,Emb. 0.5 KG,"1,48€","2,96€ / KG",
Sumo 100% Toranja,JAFADEN,Emb. 1 LT,"0,79€","0,79€ / LT",
FEIJOCAS FERBAR 580G,FERBAR,Emb. 0.58 KG,"1,88€","3,24€ / KG",
TOALHITAS DESMAQUILHANTES PELES SENSIVEIS COM AGUA MICELAR 25UN,INELL,Emb. 25 UNID.,"1,04€","0,04€ / UNID.",
Martini Bianco,MARTINI,Garrafa 1 LT,"11,48€","11,48€ / LT",
Molho Inglês,RUSTICA,Emb. 0.2 LT,"1,31€","6,55€ / LT",
Champô Karité Óleo Côco Cabelos Muito Secos,NATEIS,Emb. 0.25 LT,"1,56€","6,24€ / LT",
Pimenta Branca Moída,RUSTICA,Frasco 0.04 KG,"1,49€","37,25€ / KG",
Bolachinhas de Manteiga sem Glúten,CHAQUE JOUR SANS GLUTEN,Emb. 0.13 KG,"1,85€","14,23€ / KG",
Paio do Lombo,CHARCUTARIA,1 Unid. = 0.1 KG (aprox.),"10,99€/kg","1,10€ / Unid.",
ALIMENT BEBE: PURE DE MACA BANANA BIO +4M 4x100G MOTS D\'ENFANTS,BIO VILLAGE BEBE,Emb. 0.4 KG,"1,69€","4,23€ / KG",
Biscoitos de Cacau com Tablete de Chocolate Preto e Branco,P'TIT DÉLI,Emb. 0.115 KG,"1,30€","11,30€ / KG",
Café Cápsulas Máximo Intensidade 10,PLANTATION,Emb. 10 CAPS.,"1,69€","0,17€ / CAPS.",
Chá de Cidreira Mel 20 Saquetas,LIPTON,Emb. 20 SAQ.,"1,94€","0,10€ / SAQ.",
Fraldas Bebé T5 ACTIV+ 11/25 Kg,MOTS D'ENFANTS,Emb. 35 UNID.,"6,92€","0,20€ / UNID.",
TAMPAO COMPACTO NORMAL,DOULYS,Emb. 20 UNID.,"1,79€","0,09€ / UNID.",
Queijo Amanteigado Fatiado,PAIVA,Emb. 0.18 Kg,"2,18€","12,11€ / Kg",
Conserva de Feijão Branco Cozido,NOTRE JARDIN,Lata 0.85 KG,"1,04€","1,22€ / KG",
Desmaquilhante de Olhos Dupla Acção,NIVEA,Emb. 0.125 UNID.,"3,74€","29,92€ / UNID.",
Pão de Forma Multicereal,EPI D'OR,Emb. 0.45 KG,"1,39€","3,09€ / KG",
Cheetos Rolitos,CHEETOS,Emb. 0.1 KG,"1,64€","16,40€ / KG",
Presunto 6 Fatias,,Emb. 0.15 KG,"2,39€","15,93€ / KG",
Queijinhos Frescos de Fruta,DÉLISSE,Emb. 0.6 KG,"1,59€","2,65€ / KG",
Batom Lasting Finish Drop of Sherry 058,RIMMEL,Emb. 1 UNID.,"8,09€","8,09€ / UNID.",
Chávena de Café Vidro 22cl,ARDENCE,1 UNID.,"0,99€","0,99€ / UNID.",
Lixívia Tradicional,NEOBLANC,Emb. 1 LT,"0,99€","0,99€ / LT",
GUARDANAPOS LARANJA TIPO E RENOVA,GUARDANAPOS RENOVA,Emb. 70 UNID.,"0,69€","0,01€ / UNID.",
Maçã Golden Cal. 70/75,,1 Unid. = 0.21 KG (aprox.),"1,89€/kg","0,40€ / Unid.",
Guardanapos Branco Pequenos Folha Dupla,GUARDANAPOS RENOVA,Emb. 90 UNID.,"1,24€","0,01€ / UNID.",
Pão de Hambúrguer com Sementes de Sésamo 4 Unidades,BIMBO,Emb. 0.22 KG,"1,34€","6,09€ / KG",
Alimento Seco P/ Gatos Esterilizados Peru e Legumes,PURINA FRISKIES,Emb. 3 KG,"11,98€","3,99€ / KG",
BATERIA Nº 11 44/420 44/420 TECH9,TECH9,Emb. 1 UNID.,"54,99€","54,99€ / UNID.",
PEPINO FERBAR VINAGRE 345G,FERBAR,Emb. 0.345 KG,"2,08€","6,03€ / KG",
Bolachas Original Family Format,OREO,Emb. 0.44 KG,"3,98€","9,05€ / KG",
Açafrão das Índias,MARGÃO,Emb. 0.037 KG,"2,18€","58,92€ / KG",
Alimento Húmido P/ Cão Adulto Pequeno Frango e Borrego,PURINA,Emb. 0.4 KG,"2,39€","5,98€ / KG",
Penne Rigate,TRADIZIONI D'ITALIA,Emb. 0.5 KG,"1,46€","2,92€ / KG",
Café Clássico,PLANTATION,Emb. 48 PAST.,"4,95€","0,10€ / PAST.",
Conserva Salsichas Soja 5 Unid.,CEM PORCENTO,Frasco 0.39 KG,"3,98€","10,21€ / KG",
Limpeza Reparador Original,SONASOL,Emb. 1.3 LT,"2,09€","1,61€ / LT",
Iogurte Cremoso de Frutas 16x125g,DÉLISSE,Emb. 2 KG,"3,99€","2,00€ / KG",
FEIJAO VERDE M.FINO M.GUIA,NOTRE JARDIN,Emb. 0.22 KG,"1,04€","4,73€ / KG",
"AGUA FRIZE,,6x25CL",FRIZE,,"2,68€",/ Unid.,
Massa Cotovelos Grosso,MILANEZA,Emb. 0.5 KG,"1,48€","2,96€ / KG",
Detergente Máquina Roupa Líquido Sensitive,SKIP,Emb. 100 DOSES,"19,99€","0,20€ / DOSES",
Panados de Peru Cordons Bleus 8x100g Ultracongelados,ECO+,Emb. 0.8 KG,"3,99€","4,99€ / KG",
CREME P/ BARRAR CACAU C/ AVELAS 1KG NUSTIKAO,NUSTIKAO,Emb. 1 KG,"4,49€","4,49€ / KG",
Papel Higiénico 4 Folhas Creme,RENOVA,Emb. 12 ROLOS,"6,42€","0,54€ / ROLOS",
Liegeois Café 4x100g,DÉLISSE,Emb. 0.4 KG,"1,49€","3,73€ / KG",
DENTIFRICO COCO/ALOE VERA BIO,BIONAÏA,Emb. 0.075 LT,"1,84€","24,53€ / LT",
Salsichão com Alho Fumado,,Emb. 0.4 KG,"1,89€","4,73€ / KG",
Farinha De Trigo Espiga T55,ESPIGA,Emb. 1 KG,"1,14€","1,14€ / KG",
TABLETE CHOCOLATE NEGRO 72% 100G,CEMOI,Emb. 0.1,"0,99€","9,90€ /",
Chávena de Café Vidro 9cl,ARDENCE,1 UNID.,"0,75€","0,75€ / UNID.",
Vinho Bio Tinto Douro,ALTANO,Emb. 0.75 LT,"7,98€","10,64€ / LT",
Alimento Seco P/ Gato Controlo Bolas De Pelo,FRISKIES,Emb. 1.5 KG,"6,64€","4,43€ / KG",
Desodorizante Invisimax Spray Homem,NARTA,Emb. 0.2 LT,"3,68€","18,40€ / LT",
Conserva de Salsichas Naturíssimos Peru 8 Unid.,NOBRE,Lata 0.16 KG,"1,58€","9,88€ / KG",
Cebola Roxa,,Emb. 0.5 KG,"1,67€","3,34€ / KG",
Gel de Banho Naturals Oliva e Leite,PALMOLIVE,Emb. 0.5 LT,"2,69€","5,38€ / LT",
Sacos do Lixo Ultra Resistentes com Atilhos 100L,ELEMBAL,,"2,59€",/ Unid.,
Bebida Energética Ultra White Energy Zero Açúcar,MONSTER ENERGY,Emb. 0.05 LT,"1,54€","30,80€ / LT",
Condicionador Purify & Hidrate,,Emb. 0.4 LT,"4,19€","10,48€ / LT",
Esparguete Tricolor,MILANEZA,Emb. 0.5 KG,"1,94€","3,88€ / KG",
Mamão,,1 Unid. = 1.2 KG (aprox.),"5,38€/kg","6,46€ / Unid.",
Hamburguer Ultracongelado 100% de Vaca Ultracongelado,CHANTEGRIL,Emb. 1 KG,"10,79€","10,79€ / KG",
Leite Bem Especial 0% de Lactose Meio Gordo,MIMOSA,Emb. 1 LT,"1,28€","1,28€ / LT",
RECARGA P/ SABONETE LIQUIDO FLORAL 750ML,ECO+,Emb. 0.75 LT,"1,10€","1,47€ / LT",
Queijo Mistura Apimentado Três Igrejas,SALOIO,1 Unid. = 0.47 KG (aprox.),"9,90€/kg","4,65€ / Unid.",
Cillit Bang Lixívia & Higiene 500ML x12,CILLIT BANG,Emb. 0.5 LT,"2,24€","4,48€ / LT",
Courgette,,1 Unid. = 0.38 KG (aprox.),"1,49€/kg","0,57€ / Unid.",
Vinho Regional Alentejo Tinto,MONSARAZ,Garrafa 0.75 LT,"2,99€","3,99€ / LT",
Escova de Dentes 3D White,ORAL B,Emb. 1 UNID.,"1,64€","1,64€ / UNID.",
Sumo 100% 3 Citrinos,JAFADEN,Emb. 1 LT,"1,55€","1,55€ / LT",
Cream Crackers,JACOB'S,Emb. 0.2 KG,"0,65€","3,25€ / KG",
Folhado de Maça,,1 Unid. = 0.1 KG,"0,69€","6,90€ / KG",
Cápsulas Café Buondi Pack x3,DOLCE GUSTO,Emb. 48 CAPS.,"13,98€","0,29€ / CAPS.",
Chá de Tília,,Emb. 25 SAQ.,"0,99€","0,04€ / SAQ.",
Pantene Repara & Protege Ampolas Resgate,PANTENE PV,Emb. 3 UNID.,"3,48€","1,16€ / UNID.",
Cereais Granola de Aveia C/ Arandos e Sementes de Abóbora,FITNESS,Emb. 0.3 KG,"2,79€","9,30€ / KG",
Esferográficas de Cores Sortidas Ponta Fina,ESQUISSE,Emb. 4 UNID.,"0,75€","0,19€ / UNID.",
Noodles Queijo e Ervas,KNORR,Emb. 0.061 KG,"0,69€","11,31€ / KG",
Aguardente Vínica Velha,DORRÃO,Garrafa 0.7 LT,"11,99€","17,13€ / LT",
Lixívia Perfumada,NEOBLANC,Emb. 4 LT,"3,34€","0,84€ / LT",
Bife do Acém Novilho,,1 Unid. = 0.25 KG (aprox.),"7,99€/kg","2,00€ / Unid.",
Gelado de Nata,CARTE D'OR,Emb. 0.75 LT,"2,98€","3,97€ / LT",
Azeite Virgem Tradicional,SERRATA,Garrafa 0.75 LT,"3,64€","4,85€ / LT",
Alimento Húmido P/ Gato C/ Coelho,GOURMET GOLD,Emb. 0.085 KG,"0,69€","8,12€ / KG",
Champô Total Repair 5,ELVIVE,Emb. 0.25 LT,"3,98€","15,92€ / LT",
Sorvete Cassis C/ Pedaços,ESKISS,Emb. 1 LT,"2,69€","2,69€ / LT",
Café Solúvel Liofilizado,ECO+,Emb. 0.2 KG,"3,19€","15,95€ / KG",
Escova de Dentes Suave Whole Mouth Clean,COLGATE,Emb. 1 UNID.,"2,84€","2,84€ / UNID.",
Água Micelar Tudo em 1,GARNIER,Emb. 0.4 LT,"6,88€","17,20€ / LT",
Fiambre da Perna Extra,NOBRE,1 Unid. = 0.11 KG (aprox.),"12,79€/kg","1,41€ / Unid.",
Vinho Regional Alentejo Tinto,PORTA DA RAVESSA,Garrafa 0.75 LT,"1,99€","2,65€ / LT",
Saquetas Iogurte Morango,DANONE,Emb. 0.28 KG,"1,99€","7,11€ / KG",
Gel Studio Line Invisi Fix Fixação Forte 6,L'ORÉAL PARIS,Emb. 0.15 KG,"3,89€","25,93€ / KG",
Cereais de Chocolate C/ Pepitas,COOKIE CRISP,Emb. 0.375 KG,"3,88€","10,35€ / KG",
Resguardo 60x90 cm,LINDOR,Emb. 15 UNID.,"8,68€","0,58€ / UNID.",
Alimento Seco P/ Gato Salmão,PURINA ONE,Emb. 0.8 KG,"6,64€","8,30€ / KG",
Alimento Completo Cereais P/ Animais Exóticos,TOUS MES AMIS,Emb. 1 KG,"2,24€","2,24€ / KG",
MOUSSE DE MANGA CONDI 80G,CONDI,Emb. 0.8 KG,"1,63€","2,04€ / KG",
Borracha com Proteção,ESQUISSE,Emb. 2 UNID.,"1,59€","0,80€ / UNID.",
RISOTTO FRANGO E COGUMELOS,CÔTÉ TABLE,Emb. 0.28 KG,"2,75€","9,82€ / KG",
Protector de Cama CoverPro 60x90cm,AFFECTIVE,Emb. 20 UNID.,"9,49€","0,47€ / UNID.",
Mistura de Frutos de Casca Rija,MARQUE REPERE,Emb. 0.2 KG,"3,14€","15,70€ / KG",
Preparado de Sopa Juliana Portuguesa,,Emb. 0.35 KG,"1,29€","3,69€ / KG",
Refrigerante C/ Gás Vidro Pack 4,COCA COLA,Emb. 0.08 LT,"2,91€","36,38€ / LT",
Noz-Moscada Moída,RUSTICA,Frasco 0.042 KG,"1,47€","35,00€ / KG",
Azeite Virgem Extra Suave,GALLO,Garrafa 0.75 LT,"3,99€","5,32€ / LT",
Sopa Creme de Lagosta,KNORR,Emb. 0.061 KG,"1,49€","24,43€ / KG",
Lava Tudo Multisuperficies Lavanda,CIF,Emb. 1.4 LT,"1,99€","1,42€ / LT",
Snack Rodeo Carne de Vaca,PEDIGREE,Emb. 0.07 KG,"1,48€","21,14€ / KG",
TOSTAS DE TRIGO INTEGRAL,EPI D'OR,Emb. 0.5 KG,"1,49€","2,98€ / KG",
Lulas Limpas Inteiras,,Emb. 0.5 KG,"5,99€","11,98€ / KG",
Sultana Dourada,MARQUE REPERE,Emb. 0.2 KG,"1,67€","8,35€ / KG",
Sobremesa Creme Baunilha com Caramelo 4x125g,DÉLISSE,Emb. 0.5 KG,"1,49€","2,98€ / KG",
Espargos Verdes,,Emb. 0.25 KG,"2,99€","11,96€ / KG",
Pão de Forma para Canapés,EPI D'OR,Emb. 0.28 KG,"1,19€","4,25€ / KG",
Pano Microfibra Colors,VILEDA,Emb. 4 UNID.,"2,98€","0,75€ / UNID.",
Patê Terrine Campestre Confit de Figado 3x180 g,,Frasco 0.54 KG,"2,79€","5,17€ / KG",
Alimento Seco Gatos Croquetes Fígado e Legumes,TOUS MES AMIS,Emb. 4 KG,"6,99€","1,75€ / KG",
Resguardos Descartáveis 59x59cm,MOTS D'ENFANTS,Emb. 10 UNID.,"3,03€","0,30€ / UNID.",
Sumo Refrigerado Morango,SUNNY DELIGHT,Emb. 0.31 Lt,"0,78€","2,52€ / Lt",
Vinho Regional Alentejo Branco,MONSARAZ,Garrafa 0.75 LT,"2,99€","3,99€ / LT",
QUEIJO FLAMENGO FATIADO,QUEIJO NA TÁBUA,Emb. 0.5 KG,"3,99€","7,98€ / KG",
Alimento Seco P/ Gato Vaca e Frango,PURINA FRISKIES,Emb. 2 KG,"5,69€","2,85€ / KG",
Bolachas Crocantes sem Glúten 2x125g,CHAQUE JOUR SANS GLUTEN,Emb. 0.25 KG,"3,14€","12,56€ / KG",
ESPARGUETE INTEGRAL,TURINI,Emb. 0.5 KG,"1,13€","2,26€ / KG",
Nata UHT,MIMOSA,Emb. 0.2 LT,"0,88€","4,40€ / LT",
Gomas Bananas,COPAÍNS COPINES,Emb. 0.2 KG,"1,04€","5,20€ / KG",
PIRIPIRI MOIDO,RUSTICA,Emb. 0.05 KG,"0,68€","13,60€ / KG",
Amaciador Cabelo Brilho Extremo,VITANOVE,Emb. 0.2 LT,"1,25€","6,25€ / LT",
Sobremesa Láctea de Alperce +6 Meses,BIO VILLAGE BEBE,Emb.0 0.4 KG,"2,29€","5,73€ / KG",
Salmão Fumado Noruega,RONDE DES MERS,Emb. 0.14 Kg,"5,79€","41,36€ / Kg",
Pimentão Doce Colorau,MARGÃO,Emb. 0.1 KG,"1,98€","19,80€ / KG",
Bolachas Avenacol Rústica,CUÉTARA,Emb. 0.3 KG,"3,04€","10,13€ / KG",
LIEGEOIS CHOCOLATE,DÉLISSE,Emb. 1.2 KG,"3,99€","3,33€ / KG",
Wafers Sabor Baunilha,TRIUNFO,Emb. 0.146 KG,"1,28€","8,77€ / KG",
Água Tónica Original,NORDIC,Garrafa 1 LT,"1,79€","1,79€ / LT",
Barras de Cereais Special K Chocolate de Leite,SPECIAL K,Emb. 0.125 KG,"3,44€","27,52€ / KG",
Leite Bem Especial S/ Lactose Infantil Meio Gordo,MIMOSA,Emb. 1 LT,"1,78€","1,78€ / LT",
Conserva de Feijão Frade Cozido com pouco Sal,FERBAR,Emb. 0.42 KG,"1,28€","3,05€ / KG",
Champô Leite de Coco,HERBAL ESSENCES,Emb. 0.4 LT,"3,99€","9,98€ / LT",
Cereais Powerz,NACIONAL,Emb. 0.3 KG,"1,69€","5,63€ / KG",
Açúcar Branco em Pedaços,,Emb. 1 KG,"1,29€","1,29€ / KG",
"AQUAFR ELIXIR MULTIACT,,500ML",AQUAFRESH,,"5,48€",/ Unid.,
Affective Advanced Fraldas para Adulto Grande,AFFECTIVE,Emb. 20 UNID.,"11,49€","0,57€ / UNID.",
Caldo de Galinha,KNORR,Emb. 0.252 KG,"2,39€","9,48€ / KG",
Vinho Regional Douro Tinto,KOPKE,Garrafa 0.75 LT,"7,48€","9,97€ / LT",
GEL EFEITO INVISIVEL C.CREATEUR 300ML,VITANOVE,Emb. 0.3 LT,"2,09€","6,97€ / LT",
Pantene Anticaspa Champô,PANTENE PV,Emb. 0.25 LT,"3,98€","15,92€ / LT",
Cerveja Amber Lager 4x33cl,CORUJA,Emb. 1.32 L,"3,29€","2,49€ / L",
Ravioli com Legumes,,Emb. 0.7 KG,"3,48€","4,97€ / KG",
Pastilhas Máquina Loiça Platinum,FAIRY,Emb. 16 UNID.,"8,18€","0,51€ / UNID.",
Tablete de Chocolate Preto com Pedaços de Amêndoas Torradas Biológico,,Emb. 0.1 KG,"1,99€","19,90€ / KG",
Vinho Regional Alentejo Tinto,MONTE VELHO,Garrafa 0.75 LT,"3,59€","4,79€ / LT",
Iogurte Líquido Natural 0% 6 Unid.,ACTIMEL,Emb. 0.6 KG,"2,59€","4,32€ / KG",
Fio Dentário Expansivo Sabor Menta,SENSODYNE,Emb. 1 P,"3,48€","3,48€ / P",
Esparguete Fino Clássica,NACIONAL,Emb. 0.5 KG,"1,84€","3,68€ / KG",
Iogurte Natural Déli´Light 8x125g,DÉLISSE,Emb. 1 KG,"1,49€","1,49€ / KG",
Fraldas Bebé Extra Absorção Activity Tamanho 5,DODOT,Emb. 48 LT,"18,81€","0,39€ / LT",
Caixa Hermética Quadrada 20cm,,1 UNID.,"3,45€","3,45€ / UNID.",
Meloa Gália,,1 Unid. = 0.75 KG (aprox.),"2,69€/kg","2,02€ / Unid.",
Loção Spray Cocoa Radiante,VASELINE,Emb. 0.19 LT,"3,59€","18,89€ / LT",
IOGURTE BATIDO C/ PEDACOS MIRTILO BIO,,Emb. 0.46 KG,"1,59€","3,46€ / KG",
Faca de Carne,,Emb. 6 UNID.,"1,99€","0,33€ / UNID.",
Cereais Zero Flocos de Milho,NACIONAL,Emb. 0.375 KG,"1,74€","4,64€ / KG",
Creme Depilatório Peles Normais,VEET,Emb. 0.2 LT,"9,98€","49,90€ / LT",
SNACKS PREMIUM CARNE 50G LYCAT,LYCAT,Emb. 0.05 KG,"0,99€","19,80€ / KG",
Refrigerante C/ Gás Light,COCA COLA,Emb. 0.033 LT,"0,74€","22,42€ / LT",
Calippo Morango,OLÁ,Emb. 0.525 LT,"3,98€","7,58€ / LT",
Infusão de Canela e Maça,LIPTON,Emb. 0.044 KG,"1,94€","44,09€ / KG",
AREIA COMPACTA AGLOMERANTE P/ GATO 4KG 4KG P'TIT AMI,TOUS MES AMIS,Emb. 4 KG,"2,39€","0,60€ / KG",
Fraldas Incontinência Super P,LINDOR,Emb. 40 UNID.,"18,98€","0,47€ / UNID.",
BEBIDA SOJA FRUTOS VERMELHOS 3x250ML,ALPRO,Emb. 0.75 LT,"1,79€","2,39€ / LT",
Massa Cotovelinhos,ECO+,Emb. 0.5 KG,"0,65€","1,30€ / KG",
Alimento Completo Cereais P/ Porquinhos-da-Índia,TOUS MES AMIS,Emb. 2.5 KG,"4,42€","1,77€ / KG",
Escovas Júnior,AQUAFRESH,Emb. 1 UNID.,"3,08€","3,08€ / UNID.",
Iogurte de Pêra 4 Unid.,IOGOLINO,Emb. 0.4 KG,"2,28€","5,70€ / KG",
Atum Posta Pimenta&Ervas Finas,BOM PETISCO,Emb. 0.12 KG,"1,98€","16,50€ / KG",
Salpicão Tradicional,FUMEIROS DA GUARDA,Emb. 0.3 KG,"4,24€","14,13€ / KG",
Pevide de Abóbora C/ Casca C/ Sal,MARQUE REPERE,Emb. 0.2 KG,"2,49€","12,45€ / KG",
Pantene Protect & Style Laca 300ml,PANTENE PV,Emb. 0.3 LT,"3,74€","12,47€ / LT",
Gel Sanitário Anti-calcário,HARPIC,Emb. 0.75 LT,"1,94€","2,59€ / LT",
SALMAO C/ MOLHO DE AZEDAS,CÔTÉ TABLE,Emb. 0.3 KG,"2,99€","9,97€ / KG",
Alimento Seco para Cão Carne e Cereais Integrais,ECO+,Emb. 4 KG,"5,49€","1,37€ / KG",
Café Torrado Moído Nyeri Kenya Intensidade 8,SICAL,Emb. 16 UNID.,"3,78€","0,24€ / UNID.",
TOALHITAS DESMAQ.PELE NORMAL,INELL,Emb. 25 UNID.,"0,79€","0,03€ / UNID.",
Pasta Arquivo Lombada Larga Marmoreada,ESQUISSE,Emb. 1 UNID.,"1,89€","1,89€ / UNID.",
SPRAY LIMPA TABLIER 1 L 1L TECH9,TECH9,Emb. 1 LT,"3,19€","3,19€ / LT",
DETERGENTE MANUAL LOICA AMENDOAS DOCES/CALENDULA,VISIOR,Emb. 0.75 LT,"1,34€","1,79€ / LT",
Mini Sticks Salgados sem Glúten,CHAQUE JOUR,Emb. 0.1 KG,"1,77€","17,70€ / KG",
IOGURTE NATURAL OVELHA BIO,,Emb. 0.25 KG,"1,46€","5,84€ / KG",
Alimento para Peixe Friofloc,AVIPAR,Emb. 0.1 LT,"1,79€","17,90€ / LT",
Pantene Caracóis Perfeitos Champô 3 Em 1,PANTENE,Emb. 0.3 LT,"4,98€","16,60€ / LT",
Dentífrico com Flúor Fresh Gel,COLGATE,Emb. 0.075 LT,"1,99€","26,53€ / LT",
Tablete Chocolate Culinária,NESTLÉ,Emb. 0.2 KG,"2,43€","12,15€ / KG",
Pantene Superalimento Ampolas Resgate,PANTENE PV,Emb. 0.045 LT,"3,48€","77,33€ / LT",
Gel Anti-Calcário Hygiene Elimina Bactérias,CALGON,Emb. 1.5 LT,"12,74€","8,49€ / LT",
AGUA C/GAS CAMPILHO 75CL,,,"0,59€",/ Unid.,
Pipocas Pop Corn 3x90g,TOKAPI,Emb. 0.27 KG,"1,13€","4,19€ / KG",
Tostas Torradas Cereais e Sementes Biológicas,,Emb. 0.225 KG,"1,88€","8,36€ / KG",
Mistura de 3 Frutos com Calda Leve 4x120g,DOUCEUR DU VERGER,Emb. 0.48 KG,"2,58€","5,38€ / KG",
Cerveja com Álcool Radler 6x33cl,SAGRES,Emb. 1.98 LT,"3,99€","2,02€ / LT",
COTOVELOS,CAÇAROLA,Emb. 0.5 KG,"1,16€","2,32€ / KG",
Escova para Cabelo Oval,,Emb. 1 UNID.,"4,71€","4,71€ / UNID.",
Paprika,MARGÃO,Emb. 0.05 KG,"1,48€","29,60€ / KG",
Cerveja com Álcool 20x25cl,SUPER BOCK,Emb. 5 LT,"9,49€","1,90€ / LT",
Bolachas Recheadas Chocolate Biológicas,,Emb. 0.185 KG,"2,59€","14,00€ / KG",
TOMATE CONCENTRADO BISNAGA BIO,,Emb. 0.2 KG,"1,49€","7,45€ / KG",
Mini Queijos 12 Unid.,BABYBEL,Emb. 0.24 KG,"4,28€","17,83€ / KG",
Azeite Virgem Delicado,GALLO,Emb. 0.75 LT,"3,89€","5,19€ / LT",
Crepes de Chocolate 8x32g,P'TIT DÉLI,Emb. 0.256 KG,"1,99€","7,77€ / KG",
Filetes de Arenque Fumados,PÊCHE OCÉAN,Emb. 0.2 KG,"2,89€","14,45€ / KG",
Iogurte Natural,MIMOSA,Emb. 0.48 KG,"1,08€","2,25€ / KG",
Condicionador Express para Pontas Espigadas em Spray,GLISS,Emb. 0.2 LT,"3,24€","16,20€ / LT",
Gomas Sabor a Frutos,HARIBO,Emb. 0.1 KG,"1,08€","10,80€ / KG",
Conserva Choucroute Garnie,CÔTÉ TABLE,Emb. 0.8 KG,"3,06€","3,83€ / KG",
Lava Tudo Multi Superfícies Floral,CLAIR,Emb. 1.5 LT,"1,46€","0,97€ / LT",
FRALDA INCONTINENCIA MEDIA,CHORYS,Emb. 20 UNID.,"9,44€","0,47€ / UNID.",
"Alimento Húmido P/Cão Adulto C/ Gelatina de Boi, Frango e Cordeiro",,Emb. 0.4 KG,"1,89€","4,73€ / KG",
AMACIADOR ROUPA ROSAS,HYPERDOU,Emb. 4 LT,"1,69€","0,42€ / LT",
Air Wick Sticks Perfumados Flor de Cerejeira x5,AIRWICK,Emb. 0.025 LT,"10,98€","439,20€ / LT",
Cenoura Ripada,,Emb. 0.2 KG,"0,59€","2,95€ / KG",
"AGUA NAT PET,CARVALHELHO,4x1.5L",CARVALHELHOS,,"1,79€",/ Unid.,
Cassoulet C/ Salsichas de Toulouse,CÔTÉ TABLE,Emb. 0.42 KG,"1,89€","4,50€ / KG",
Alimento P/ Gato Adulto de Salmão,PURINA,Emb. 3 KG,"13,49€","4,50€ / KG",
Sobremesa de Chocolate 6x70g,DÉLISSE,Emb. 0.42 KG,"1,59€","3,79€ / KG",
MÁQUINA BARBEAR DESCARTAVEIS 2 LAMINAS,CARRÉ HOMME,Emb. 10 UNID.,"1,55€","0,16€ / UNID.",
CREME DE CENOURA,REGAL SOUPE,Emb. 0.35 KG,"1,46€","4,17€ / KG",
Óleo de Palma,GUINEA'S,Emb. 0.4 LT,"3,43€","8,58€ / LT",
Sumo Delight California,SUNNY DELIGHT,Garrafa 1.25 LT,"2,18€","1,74€ / LT",
Lasanha à Bolonhesa,CÔTÉ TABLE,Emb. 0.35 KG,"2,59€","7,40€ / KG",
Recarga Ambientador Delicias Verão,AIRWICK,Emb. 0.25 LT,"5,98€","23,92€ / LT",
Café Cápsulas Pack Intensidade,DELTA Q,Emb. 40 CAPS.,"12,99€","0,32€ / CAPS.",
Lixívia Frescura do Campo,NEOBLANC,Emb. 1 LT,"1,28€","1,28€ / LT",
MASSA P/ PIZZA BIO,,Emb. 0.26 KG,"1,79€","6,88€ / KG",
SACOS LIXO FECHO FACIL 30L,ELEMBAL,Emb. 20 UNID.,"1,29€","0,06€ / UNID.",
Champô Cabelo Cool Fresh Mentol,NIVEA MEN,Emb. 0.25 LT,"4,18€","16,72€ / LT",
Margarina Meio Gorda para Culinária,,Emb. 0.5 KG,"1,54€","3,08€ / KG",
Pota Inteira Congelado,,1 Unid. = 0.2 KG (aprox.),"4,49€/kg","0,90€ / Unid.",
Coloração Castanho Claro 5,EXCELLENCE,Emb. 1 UNID.,"7,79€","7,79€ / UNID.",
Pudim Flan Caramelo 12x100g,ECO+,Emb. 1.2 KG,"1,69€","1,41€ / KG",
Queijo Ralado Emmental,PRÉSIDENT,Emb. 0.15 KG,"2,54€","16,93€ / KG",
Recarga para Difusor Automático Japan,BIEN AIR,Lata 0.25 L,"2,29€","9,16€ / L",
Fralda Cueca T5 12/18Kg,MOTS D'ENFANTS,Emb. 20 UNID.,"4,46€","0,22€ / UNID.",
BATATAS FRITAS POM´LISSE,POM'LISSE,Emb. 0.15 KG,"1,39€","9,27€ / KG",
PALMIERS C/ COBERTURA CHOCOLATE,P'TIT DÉLI,Emb. 0.23 KG,"1,67€","7,26€ / KG",
Bebida Energética Orange Burst,POWERADE,Emb. 0.5 LT,"1,38€","2,76€ / LT",
Conserva De Cogumelos Laminados 800G ECO+,ECO+,Emb. 0.8 KG,"1,78€","2,23€ / KG",
Anti-Transferência de Cor Ultra Toalhitas,VANISH,Emb. 10 UNID.,"4,54€","0,45€ / UNID.",
AVELA EM PO,TABLIER BLANC,Emb. 0.125 KG,"2,40€","19,20€ / KG",
Vinho Verde Branco,DEU LA DEU,Garrafa 0.75 LT,"6,98€","9,31€ / LT",
Ice Tea de Limão Lata 6x25cl,LIPTON,Emb. 1.5 LT,"3,38€","2,25€ / LT",
Caprichos do Mar Ultracongelado,PESCANOVA,Emb. 0.4 KG,"3,49€","8,73€ / KG",
Saco Cubos Gelos,ELEMBAL,Emb. 15 UNID.,"0,72€","0,05€ / UNID.",
Conserva de Cassoulet de Porco,CÔTÉ TABLE,Lata 0.42 KG,"1,67€","3,98€ / KG",
Tónico Suave Peles Secas,GARNIER,Emb. 0.2 LT,"4,98€","24,90€ / LT",
Pacotinho de Multifrutas S/ Glúten +6 meses,NESTLÉ BEBÉ,Emb. 0.09 KG,"0,69€","7,67€ / KG",
Toranja Cal. 2/3,,1 Unid. = 0.32 KG (aprox.),"2,89€/kg","0,92€ / Unid.",
QUEIJO MAROILLES,NOS RÉGIONS ONT DU TALENT,Emb. 0.2 KG,"2,99€","14,95€ / KG",
Alimento Húmido P/ Gato Vários Sabores,GOURMET GOLD,Emb. 0.34 KG,"2,39€","7,03€ / KG",
Noodles Galinha,KNORR,Emb. 0.07 KG,"0,69€","9,86€ / KG",
Tagliatelles à L'ancienne Biológicas,,Emb. 0.25 KG,"1,66€","6,64€ / KG",
Miolo de Amendoim C/ Mel e Sal,MARQUE REPERE,Emb. 0.25 KG,"2,18€","8,72€ / KG",
Pimento Vermelho,,1 Unid. = 0.21 KG (aprox.),"3,98€/kg","0,84€ / Unid.",
Batatas Fritas Lisas Caseiras,SNR,Emb. 0.4 UNID.,"1,69€","4,23€ / UNID.",
Drageia Menta,MENTOS,Emb. 0.04 KG,"0,68€","17,00€ / KG",
Ketchup Heinz Top Down 220 Ml,HEINZ,Emb. 0.22 LT,"2,18€","9,91€ / LT",
Pantene Anticaspa Champô 3 Em 1,PANTENE PV,Emb. 0.3 LT,"4,98€","16,60€ / LT",
Sobremesa Creme de Baunilha 4x100gr,DANONE,Emb. 0.4 KG,"1,99€","4,98€ / KG",
Barras de Cereais de Morango 6 Unid.,FITNESS,Emb. 0.141 KG,"2,29€","16,24€ / KG",
BOLACHAS AREADAS CEREAIS C/ BASE CHOC LEITE POCKET,P'TIT DÉLI,Emb. 0.225 KG,"1,97€","8,76€ / KG",
Drageias de Chocolate Leite,SMARTIES,Emb. 0.038 KG,"0,98€","25,79€ / KG",
Alimento Húmido Bovino para Cão,ECO+,Emb. 0.3 KG,"0,55€","1,83€ / KG",
Ice Tea Manga,LIPTON,Emb. 1 LT,"1,29€","1,29€ / LT",
MIOLO DE AMEIJOA ZEBRA,PÊCHE OCÉAN,Emb. 0.25 KG,"2,69€","10,76€ / KG",
London Dry Gin,BEEFEATER,Garrafa 0.7 LT,"16,98€","24,26€ / LT",
Bloco Sanitário Desinfectante de Lima,DOMESTOS,Emb. 0.055 KG,"1,79€","32,55€ / KG",
Sabonete Líquido Naturals Pele Sensível,PALMOLIVE,Emb. 0.3 LT,"2,24€","7,47€ / LT",
"Jarro 0,5L",,1 UNID.,"1,35€","1,35€ / UNID.",
Água com Gás,PEDRAS SALGADAS,Garrafa 0.33 LT,"0,60€","1,82€ / LT",
Chipicao Multipack 4x57 g,CHIPICAO,Emb. 0.228 KG,"2,78€","12,19€ / KG",
Abrótea Inteira Fresca,,1 Unid. = 1.5 KG (aprox.),"5,99€/kg","8,99€ / Unid.",
Caldeirada de Peixe Ultracongelada,Brasmar,Emb. 0.9 KG,"2,99€","3,32€ / KG",
Gelatina Light Sabor a Frutos Vermelhos,TABLIER BLANC,Emb. 0.031 KG,"0,79€","25,48€ / KG",
Forma de Alumínio Charlotte Castanha 18cm,ARDENCE,1 UNID.,"4,90€","4,90€ / UNID.",
COOKIES COM MEGA PEPITAS CHOCOLATE E AMENDOAS CARAMELIZADAS,P'TIT DÉLI,Emb. 0.184 KG,"1,89€","10,27€ / KG",
Dentífrico Cuidado Branqueador,PARODONTAX,Emb. 0.075 LT,"5,58€","74,40€ / LT",
Sabonete Aroma da Natureza 4x90g,FENO,Emb. 0.36 KG,"3,18€","8,83€ / KG",
Queijo Amanteigado de Lamego,PAIVA,1 Unid. = 0.7 KG (aprox.),"9,90€/kg","6,93€ / Unid.",
Noz Moscada Moída,MARGÃO,Emb. 0.05 KG,"2,58€","51,60€ / KG",
Pacotinho de Frutas Maçã Banana e Aveia +6 meses,NESTLÉ BEBÉ,Emb. 0.09 KG,"0,69€","7,67€ / KG",
Café Cápsulas Intenso Intensidade 10,PLANTATION,Emb. 16 CAPS.,"2,59€","0,16€ / CAPS.",
Preparado em Pó P/ Gelatina Tutti Fruti,ROYAL,Emb. 0.114 KG,"1,78€","15,61€ / KG",
Halls Vita C sem Açúcar Cítricos,HALLS,Emb. 0.032 KG,"0,78€","24,38€ / KG",
Prato de Sobremesa 20cm Branco,ARDENCE,1 UNID.,"2,20€","2,20€ / UNID.",
Vinho Tinto,ALANDRA,Garrafa 0.75 LT,"2,98€","3,97€ / LT",
Bijou,,1 Unid. = 0.055 KG,"0,08€","1,45€ / KG",
Cápsulas Café Ristretto Ardenza Pack x3,DOLCE GUSTO,Emb. 48 CAPS.,"13,98€","0,29€ / CAPS.",
Uva Preta,,1 Unid. = 0.25 KG (aprox.),"3,89€/kg","0,97€ / Unid.",
FRESHMATIC COM RECARGA LIFE SCENTS DELÍCIAS DE VERÃO,AIRWICK,Emb. 1 UNID.,"8,98€","8,98€ / UNID.",
Bolachas Tosta Rica,CUÉTARA,Emb. 0.57 KG,"3,88€","6,81€ / KG",
Pão de Forma Integral,BIMBO,Emb. 0.48 KG,"1,27€","2,65€ / KG",
Conserva de Feijocas Verdes Extrafinas,NOTRE JARDIN,Lata 0.53 KG,"1,84€","3,47€ / KG",
"Iogurte de Manga, Morango e Pêssego 8x120g",DANONE,Emb. 0.96 KG,"1,98€","2,06€ / KG",
Néctar Essencial Manga 3x110ml,COMPAL,Emb. 0.33 LT,"1,83€","5,55€ / LT",
Bandas Cera Depilatória Facial Peles Sensíveis,VEET,Emb. 20 UNID.,"6,98€","0,35€ / UNID.",
Toalhitas WC Criança Origem Vegetal,MOTS D'ENFANTS,Emb. 60 UNID.,"1,73€","0,03€ / UNID.",
Whisky Vat 69,VAT 69,Garrafa 0.7 LT,"11,98€","17,11€ / LT",
Bolo de Especiarias,,Emb. 0.47 KG,"0,99€","2,11€ / KG",
Manteiga c/sal 250 Gr Valformoso,VALFORMOSO,Emb. 0.25 KG,"2,39€","9,56€ / KG",
Conserva de Grão da Horta,COMPAL,Lata 0.42 KG,"1,18€","2,81€ / KG",
IOGURTE LIQUIDO MORANGO,DÉLISSE,Emb. 0.72 KG,"1,59€","2,21€ / KG",
COLORACAO PRETO 1.0 1UN VITANOVE,VITANOVE,Emb. 1,"4,07€","4,07€ /",
DUREX Lubrificante Play Efeito Calor,DUREX,Emb. 0.05 LT,"9,98€","199,60€ / LT",
Couscous,,Emb. 1 KG,"2,31€","2,31€ / KG",
Broa de Milho com Chouriço,,1 Unid. = 0.5 KG (aprox.),"1,89€/kg","1,89€ / Unid.",
Baton Watermelon Shine,LABELLO,Emb. 0.055 KG,"2,98€","54,18€ / KG",
ATUM ALBACORA POSTA NATURAL,PÊCHE OCÉAN,Emb. 0.14 KG,"1,99€","14,21€ / KG",
Deo Spray Invisible para Homem,SANEX,Emb. 0.2 LT,"3,48€","17,40€ / LT",
Queijo de Barrar Alho/Ervas,LES CROISÉS,Emb. 0.25 KG,"1,99€","7,96€ / KG",
Sobremesa de Chocolate 4x125g,ECO+,Emb. 0.5 KG,"0,94€","1,88€ / KG",
Atum em Óleo,ECO+,Emb. 0.12 KG,"0,79€","6,58€ / KG",
Xarope Frutos Exóticos,FRUCCI,Garrafa 0.75 LT,"3,55€","4,73€ / LT",
SACOS LIXO C/ ATILHO 130L,ELEMBAL,Emb. 10 UNID.,"2,49€","0,25€ / UNID.",
Fraldas Incontinência Super M,LINDOR,Emb. 52 UNID.,"27,48€","0,53€ / UNID.",
Ice tea de Manga 3x20 cl,LIPTON,Emb. 0.6 LT,"1,17€","1,95€ / LT",
Erva Doce Moída,MARGÃO,Emb. 0.05 KG,"1,59€","31,80€ / KG",
Esfregão Vegetal,,Emb. 2 UNID.,"1,04€","0,52€ / UNID.",
Iogurte Natural Puro 4x120g,DANONE,Emb. 0.48 KG,"1,18€","2,46€ / KG",
Iogurte Aroma Morango 4 Unid.,LONGA VIDA,Emb. 0.125 KG,"0,89€","7,12€ / KG",
QUEIJO MOZZARELLA RALADO,QUEIJO NA TÁBUA,Emb. 0.2 KG,"1,59€","7,95€ / KG",
Escova de Dentes Slim Soft Suave,COLGATE,Emb. 1 UNID.,"2,99€","2,99€ / UNID.",
Iogurte Líquido Morango 6 Unid.,YOCO,Emb. 0.54,"2,19€","4,06€ /",
Sortido de Biscoitos Finos,EQUADOR,Emb. 0.2 KG,"1,79€","8,95€ / KG",
Preparado Sopa de Cebola,KNORR,Emb. 0.05 KG,"1,49€/kg","0,07€ / Unid.",
Bolachas Recheadas Mini,OREO,Emb. 0.16 KG,"1,98€","12,38€ / KG",
TOMATE PELADO,TURINI,Emb. 0.78 KG,"1,04€","1,33€ / KG",
Bebida de Aveia,,Emb. 1 LT,"1,29€","1,29€ / LT",
Creme de Soja P/ Culinária,NAT&VIE,Emb. 0.6 KG,"2,78€","4,63€ / KG",
Espinafres em Molhos Ultracongelados,,Emb. 0.6 KG,"1,88€","3,13€ / KG",
Leite Fresco Gordo,VIGOR,Emb. 1 LT,"1,09€","1,09€ / LT",
MAIONESE C/ MOSTARDA DE DIJON TOP DOWN,RUSTICA,Emb. 0.235 KG,"1,79€","7,62€ / KG",
Iogurte Líquido Morango 0% 6 Unid.,DANONE,Emb. 6 UNID.,"2,59€","0,43€ / UNID.",
Vodka Smirnoff Red,SMIRNOFF,Garrafa 0.7 LT,"12,48€","17,83€ / LT",
Bolachas com Pepitas Chocolate sem Açúcar,DIET NATURE,Emb. 0.125 KG,"2,13€","17,04€ / KG",
Framboesa,,Emb. 0.125 KG,"1,89€","15,12€ / KG",
Lentilhas Verdes Secas,NOTRE JARDIN,Emb. 0.5 KG,"1,82€","3,64€ / KG",
Alimento Seco P/  Gato Júnior Frango e Leite,PURINA FRISKIES,Emb. 1.5 KG,"6,64€","4,43€ / KG",
Palmiers com Maçã e Canela 6 Unid.,DU BOIS DE LA ROCHE,Emb. 0.15 KG,"1,38€","9,20€ / KG",
Vinho Regional Dão Tinto,DUQUE DE VISEU,Garrafa 0.75 LT,"4,48€","5,97€ / LT",
Creme Anti-Rugas Cuidado Noite,DERMO EXPERTISE,Emb. 0.05 LT,"10,49€","209,80€ / LT",
Mousse à la Liégeoise Baunilha 8x80g,DÉLISSE,Emb. 0.64 KG,"2,59€","4,05€ / KG",
AZEITONA VERDE COM PIMENTO,RUSTICA,Emb. 0.8 KG,"2,46€","3,08€ / KG",
"AGUA FASTIO,,2.5L",FASTIO,,"0,97€",/ Unid.,
LAVA TUDO SABAO PRETO E FLOR DE LARANJEIRA,CLAIR,Emb. 1.5 LT,"1,49€","0,99€ / LT",
Toalhitas Pele Sensível,MOTS D'ENFANTS,Emb. 63 UNID.,"1,35€","0,02€ / UNID.",
Sumo Refrigerado Frutos do Bosque,SUNNY DELIGHT,Emb. 0.31 Lt,"0,78€","2,52€ / Lt",
Beringela,,1 Unid. = 0.37 KG (aprox.),"2,99€/kg","1,11€ / Unid.",
Manteiga com Sal,TERRA NOSTRA,Emb. 0.25 KG,"2,14€","8,56€ / KG",
LENCOS BOLSO 3F,ECO+,Emb. 15 UNID.,"1,29€","0,09€ / UNID.",
Rebentos de Feijão Mungo Bio,,Frasco 0.175 KG,"1,19€","6,80€ / KG",
Gel de Barbear Sensitive,NIVEA MEN,Emb. 0.2 LT,"4,48€","22,40€ / LT",
Cracker Integral,CUÉTARA,Emb. 0.2 KG,"1,28€","6,40€ / KG",
Vinho Regional Douro Branco,PAPA FIGOS,Garrafa 0.75 LT,"5,79€","7,72€ / LT",
Pantene Purifica & Reconstrói Champô 250 ml,,Emb. 0.25 LT,"4,98€","19,92€ / LT",
SACOS P/ CONGELAR ZIP & GO 3L (10UN),VILEDA,Emb. 10 UNID.,"4,98€","0,50€ / UNID.",
CRACKERS 3X100G,TOKAPI,Emb. 0.3 KG,"1,39€","4,63€ / KG",
"ALHO EMB 250GR Org Esp, cal.50/70",,Emb. 0.25 KG,"1,35€","5,40€ / KG",
Máscara de Pestanas Preto 001,RIMMEL,Emb. 1 UNID.,"5,83€","5,83€ / UNID.",
Sementes de Abóbora,MARQUE REPERE,Emb. 0.2 KG,"1,99€","9,95€ / KG",
Pimentão Doce Colorau,RUSTICA,Frasco 0.038 KG,"0,59€","15,53€ / KG",
Xarope de Pêssego,FRUCCI,Garrafa 0.75 LT,"3,55€","4,73€ / LT",
Bolo Recheio Chocolate Clássico,BOLLYCAO,Emb. 0.057 KG,"0,94€","16,49€ / KG",
Donuts,,1 Unid. = 0.045 KG,"0,32€","7,11€ / KG",
Iogurte Líquido S/ Lactose Morango 4 Unid.,YOGGI,Emb. 0.64 KG,"2,09€","3,27€ / KG",
VINHO ALMA DE PIAS BRANCO,ALMA DE PIAS,Emb. 0.075 LT,"1,89€","25,20€ / LT",
MORTADELA MINI,CAMPO FINO,Emb. 0.35 KG,"1,79€","5,11€ / KG",
Alimento Completo Cereais P/ Porquinhos-da-Índia,TOUS MES AMIS,Emb. 0.8 kg,"1,99€","2,49€ / kg",
Ambientador P/ Máquina de Lavar Louça Odor Stop,FINISH,Emb. 1 UNID.,"3,24€","3,24€ / UNID.",
Prato Sopa Branco Opaco 22cm,,1 UNID.,"0,85€","0,85€ / UNID.",
Tampões com Aplicador Pearl Compak Regular,TAMPAX,Emb. 36 UNID.,"7,98€","0,22€ / UNID.",
Bolachas Sprits,ECO+,Emb. 0.4 KG,"1,59€","3,98€ / KG",
Bolachas de Manteiga em Saquetas 12x3Unid.,P'TIT DÉLI,Emb. 0.3 KG,"2,39€","7,97€ / KG",
Amêijoa com Casca Vietname Congelada,,1 Unid. = 0.25 KG (aprox.),"2,29€/kg","0,57€ / Unid.",
Iogurte Aroma Morango/Tutti-Frutti 8x125g,CLESA,Emb. 1 KG,"1,49€","1,49€ / KG",
Tortellini de Ricotta e Espinafres,KNORR,Emb. 0.25 KG,"2,07€","8,28€ / KG",
Alimento Seco Cão Vaca Aves,LYDOG,Emb. 14 KG,"15,59€","1,11€ / KG",
BACALHAU COM NATAS 350G,CÔTÉ TABLE,Emb. 0.35 KG,"1,99€","5,69€ / KG",
Batatas Pré-fritas Ultracongeladas,,Emb. 1 KG,"1,29€","1,29€ / KG",
Chourição,CHARCUTARIA,1 Unid. = 0.1 KG (aprox.),"6,99€/kg","0,70€ / Unid.",
Batatas Fritas Vários Sabores 6X30g,POM'LISSE,Emb. 0.18 KG,"2,17€","12,06€ / KG",
Xarope de Frutos Vermelhos,FRUCCI,Emb. 1.5 LT,"6,29€","4,19€ / LT",
AUSONIA AIRDRY NORMAL ABAS 38,AUSONIA,Emb. 38 UNID.,"4,98€","0,13€ / UNID.",
SALVA UNHAS VITROCERÂMICA 2 UN (2ª UN 50% ON PACK),VILEDA,Emb. 2 UNID.,"3,38€","1,69€ / UNID.",
MASCARA FACIAL EM TECIDO TONIFICANTE,INELL,Emb. 1 UNID.,"1,49€","1,49€ / UNID.",
Massa Farfalle Biológica,,Emb. 0.5 KG,"1,35€","2,70€ / KG",
Pão de Hambúrguer Mini,EPI D'OR,Emb. 0.25 KG,"1,25€","5,00€ / KG",
Atum Posta Azeite e Orégãos,BOM PETISCO,Emb. 0.12 KG,"1,98€","16,50€ / KG",
Couscous à Tunisina C/ Almôndegas,CÔTÉ TABLE,Emb. 0.3 KG,"2,29€","7,63€ / KG",
Croissant Recheado de Ovo,,1 UNID.,"0,65€","0,65€ / UNID.",
PANO SUAVE ULTRA FRESH 2UN,VILEDA,Emb. 2 UNID.,"2,64€","1,32€ / UNID.",
Iogurte Sólido Magro C/ Cereais e Frutos Secos 4 Unid.,LONGA VIDA,Emb. 0.12 KG,"1,99€","16,58€ / KG",
Nabo sem Rama,,1 Unid. = 0.29 KG (aprox.),"2,49€/kg","0,72€ / Unid.",
Chantilly,PRÉSIDENT,Emb. 0.25 Kg,"2,88€","11,52€ / Kg",
Pensos Higiénicos Ultrafinos Noite,AUSONIA,Emb. 9 UNID.,"1,69€","0,19€ / UNID.",
DETERGENTE MANUAL LOICA ULTRA FRAMBOESA/VINAGRE FRUTOS 500ML,VISIOR,Emb. 0.5 LT,"1,39€","2,78€ / LT",
Cillit Bang Calcário & Brilho 500ML x12,CILLIT BANG,Emb. 0.5 LT,"2,24€","4,48€ / LT",
Aerossol Air Ar Fresco,AMBIPUR,Emb. 0.3 LT,"3,98€","13,27€ / LT",
Luvas para Uso Doméstico Tamanho M,RENOVA LUVAS,Emb. 1 UNID.,"1,08€","1,08€ / UNID.",
PAPEL ALUMINIO 50M,ELEMBAL,Emb. 50 M,"4,99€","0,10€ / M",
Salsichas Cocktail,TRADILÈGE,Emb. 0.4 KG,"3,59€","8,98€ / KG",
Bolachas com Recheio de Limão Cobertura Chocolate,P'TIT DÉLI,Emb. 0.15 KG,"1,25€","8,33€ / KG",
Manteiga com Sal,PRIMOR,Emb. 0.25 KG,"2,08€","8,32€ / KG",
Champô para Cabelos Normais a Oleosos,TRESEMMÉ,Emb. 0.5 LT,"4,19€","8,38€ / LT",
Bebida Gaseificada Aromatizada de Pêssego S/ Álcool,FESTALIE,Garrafa 0.75 LT,"2,47€","3,29€ / LT",
Caracóis de Borgonha Preparados Ultracongelados,COQUILLE,Emb. 0.355 KG,"14,89€","41,94€ / KG",
Hamburguer Big Burger Iglo Vaca C/ Queijo S/Gluten 200 G,,Emb. 0.2,"3,98€","19,90€ /",
QUEIJO FETA DOP BIO,,Emb. 0.18 KG,"2,99€","16,61€ / KG",
Verniz de Unhas 60 Segundos 430,RIMMEL,Emb. 1 UNID.,"5,34€","5,34€ / UNID.",
Merenda Mista,,1 Unid. = 0.1 KG,"0,62€","6,20€ / KG",
PIZZA ATUM,TURINI,Emb. 0.355 KG,"2,19€","6,17€ / KG",
FUSILLI A CARBONARA,COTE SNACK,Emb. 0.3 KG,"1,99€","6,63€ / KG",
Refrigerante C/ Gás  Zero Açúcar Vidro Pack 4,COCA COLA ZERO,Emb. 0.08 LT,"2,65€","33,13€ / LT",
TOSTAS CROCANTES COM CEREAIS,EPI D'OR,Emb. 0.25 KG,"1,41€","5,64€ / KG",
Manteiga C/ Sal,MILHAFRE,Emb. 0.25 KG,"2,18€","8,72€ / KG",
Sumo Active Drink Manga Cenoura,SANTAL,Emb. 1.5 LT,"1,89€","1,26€ / LT",
Iogurte Líquido Pêssego 6 Unid.,MIMOSA,Emb. 1.05 LT,"2,09€","1,99€ / LT",
COGUMELOS INTEIROS,NOTRE JARDIN,Emb. 0.185 KG,"0,75€","4,05€ / KG",
Queijo Curado Apimentado,,1 Unid. = 1 KG (aprox.),"8,28€/kg","8,28€ / Unid.",
Syoss Oieo Intense 4-86 Castanho Gelado,SYOSS,,"6,24€",/ Unid.,
Queijo Fundido 10 Fatias,,Emb. 0.2 KG,"1,19€","5,95€ / KG",
Queijo Petit St Nectaire DOP,NOS RÉGIONS ONT DU TALENT,Emb. 0.6 KG,"6,59€","10,98€ / KG",
FRALDAS BEBE T4 DOUCEUR 7/18 KG 74UN,MOTS D'ENFANTS,Emb. 74 UNID.,"11,45€","0,15€ / UNID.",
Vinho do Porto Rosê,PORTO CRUZ,Garrafa 0.75 L,"7,49€","9,99€ / L",
Azeite Virgem Extra Clássico,GALLO,Garrafa 2 LT,"10,89€","5,45€ / LT",
Conserva de Feijão Manteiga,NOTRE JARDIN,Lata 0.425 KG,"0,79€","1,86€ / KG",
HAMBURGUER DE PORCO 4UN,CHANTEGRIL,Emb. 0.32 KG,"2,49€","7,78€ / KG",
Ervilhas Muito Finas,NOTRE JARDIN,Emb. 0.4 KG,"1,10€","2,75€ / KG",
Vinho do Porto 10 Anos,DORRÃO,Garrafa 0.75 LT,"9,99€","13,32€ / LT",
MASCARA DETOX BIO 100ML,BIONAÏA,Emb. 0.1 LT,"3,45€","34,50€ / LT",
Ferradura de Chocolate,,1 Unid. = 0.14 KG,"0,95€","6,79€ / KG",
Tablete de Chocolate Negro,NESTLÉ,Emb. 0.09 KG,"1,09€","12,11€ / KG",
Queijo Curado 7 meses,SÃO JORGE,Emb. 0.4 KG,"4,98€","12,45€ / KG",
Tablete Oreo,MILKA,Emb. 0.3 KG,"3,98€","13,27€ / KG",
Néctar 100% Maçã,COMPAL,Emb. 1 LT,"1,35€","1,35€ / LT",
Cápsulas Café Cappuccino P/ Dolce Gusto,STARBUCKS,Emb. 12 CAPS.,"4,64€","0,39€ / CAPS.",
Conjunto 4 Copos Champanhe Gisèle 19cl,ARDENCE,4 UNID.,"7,99€","2,00€ / UNID.",
Leite Bem Especial 0% de Lactose Chocolate 4 Unid.,MIMOSA,Emb. 0.8 LT,"1,99€","2,49€ / LT",
PIZZA FRESCA 4 ESTACOES,TURINI,Emb. 0.45 KG,"2,49€","5,53€ / KG",
"Açúcar Baunilhado 5x7,5 g",,Emb. 0.037 KG,"2,98€","80,54€ / KG",
Conserva de Feijão Manteigado Cozido Da Horta,COMPAL,Emb. 0.42 KG,"1,18€","2,81€ / KG",
Iogurte Pouch Squezzy Morango e Banana,YOCO,Emb. 0.32 KG,"2,19€","6,84€ / KG",
Máquinas de Barbear Descartáveis Blue II Plus,GILLETTE,Emb. 6 UNID.,"3,68€","0,61€ / UNID.",
Iogurte Sólido Proteico Chocolate Branco Lindahls,NESTLÉ,Emb. 0.15 KG,"1,09€","7,27€ / KG",
Chá Verde com Hortelã e Pimenta,BRITLEY,Emb. 25 SAQ.,"0,99€","0,04€ / SAQ.",
Perca Posta Congelada,,1 Unid. = 0.55 KG (aprox.),"10,48€/kg","5,76€ / Unid.",
FILETES DE CAVALA C/ MOSTARDA DE DIJON,PÊCHE OCÉAN,Emb. 0.169 KG,"1,89€","11,18€ / KG",
MASSA COTOVELINHOS C/ BACON E QUEIJO 280G,CÔTÉ TABLE,Emb. 0.28 KG,"2,19€","7,82€ / KG",
Creme de Mãos Óleo de Abacate,DOVE,Emb. 0.075 LT,"2,59€","34,53€ / LT",
Manga Aérea,,1 Unid. = 0.5 KG (aprox.),"3,98€/kg","1,99€ / Unid.",
Preparado Leite de Creme,ROYAL,Emb. 0.092 KG,"1,08€","11,74€ / KG",
Gel Limão,FINISH,Emb. 1 LT,"8,99€","8,99€ / LT",
Refrigerante S/ Gás Ananás,ECO+,Garrafa 2 LT,"0,79€","0,40€ / LT",
Biscoitos com Recheio de Figo Biológico,,Emb. 0.12 KG,"1,98€","16,50€ / KG",
Sortido Húngaro,,Emb. 0.3 KG,"2,69€","8,97€ / KG",
Pastéis de Bacalhau 10 Unid.,SNR,Emb. 0.325 KG,"2,99€","9,20€ / KG",
EMPADAO DE CARNE PICADA,CÔTÉ TABLE,Emb. 0.35 KG,"2,42€","6,91€ / KG",
Snacks Húmidos P/ Gato Esterilizado 2 de Frango e 2 de Vaca,PURINA,Emb. 0.34 KG,"2,59€","7,62€ / KG",
Café Delta Grão Lote Superior,DELTA,Emb. 1 KG,"15,48€","15,48€ / KG",
Amaciador Extra Suave Cabelos Secos Estragados,NATEIS,Emb. 0.25 LT,"1,56€","6,24€ / LT",
PERCABONATO SÓDIO,CLAIR,Emb. 0.5 KG,"3,14€","6,28€ / KG",
ÁGUA C/ GÁS CARVALHELHOS 6X50CL,CARVALHELHOS,,"2,79€",/ Unid.,
Cerveja com Álcool Mini 20x25cl,CRISTAL,Emb. 5 LT,"6,98€","1,40€ / LT",
Massa Cotovelinhos Biológica,,Emb. 0.5 KG,"1,18€","2,36€ / KG",
Gomas de Ursinhos com Vários Sabores,COPAÍNS COPINES,Emb. 0.3 KG,"1,49€","4,97€ / KG",
Desodorizante Roll On,DOVE,Emb. 0.05 LT,"2,39€","47,80€ / LT",
Pantene Espuma Caracóis 200ml,PANTENE PV,Emb. 0.2 LT,"3,74€","18,70€ / LT",
Tabuleiro de Vidro Retangular 35x23cm,ARDENCE,1 UNID.,"5,50€","5,50€ / UNID.",
Sardinha Tomate Picante,BOM PETISCO,Emb. 0.12 KG,"0,99€","8,25€ / KG",
Tira-Nódoas para Roupa de Cor,SKIP,Emb. 1 KG,"7,49€","7,49€ / KG",
Manteiga Tradicional,PRIMOR,Emb. 0.25 KG,"2,18€","8,72€ / KG",
Preservativos Nature Easy Way,CONTROL,Emb. 10 UNID.,"6,99€","0,70€ / UNID.",
Queijo de Cabra Curado,SALOIO,Emb. 0.2 KG,"3,98€","19,90€ / KG",
Luvas Universais M,VILEDA,Emb. 1 UNID.,"1,88€","1,88€ / UNID.",
Conjunto 4 Copos Vinho Gisèle 34cl,ARDENCE,4 UNID.,"7,99€","2,00€ / UNID.",
Rebuçados de Fruta,COPAÍNS COPINES,Emb. 0.25 KG,"0,99€","3,96€ / KG",
Alimento Húmido P/ Gato Vaca Borrego Salmão Legumes,LYCAT,Emb. 3 UNID.,"2,69€","0,90€ / UNID.",
Gelatina em Pó Ananás 2x85g,TABLIER BLANC,Emb. 0.17 KG,"0,83€","4,88€ / KG",
Tablete de Chocolate de Leite para Culinária,TABLETTE D'OR,Emb. 0.17 KG,"1,66€","9,76€ / KG",
GUYLIAN  FRUTOS DO MAR CARTÃO 500g,,,"13,77€",/ Unid.,
Coloração Permanente Intense 8-05 Louro Gelado,SYOSS,,"6,24€",/ Unid.,
Néctar Clássico Pera Rocha,COMPAL,Emb. 1 LT,"1,08€","1,08€ / LT",
MOUSSE DE CASTANHAS,DÉLISSE,Emb. 0.292 KG,"1,99€","6,82€ / KG",
Massa Letras,MILANEZA,Emb. 0.25 KG,"0,59€","2,36€ / KG",
Escorredor de Talheres 7 Compartimentos,,1 UNID.,"1,90€","1,90€ / UNID.",
Pensos Incontinência Discreet Maxi Night,AUSONIA,Emb. 12 LT,"5,99€","0,50€ / LT",
Iogurte Infantil Morango 6x50g,DANONINHO,Emb. 0.3 KG,"1,89€","6,30€ / KG",
Elixir 12 Horas Protection,COLGATE,Emb. 0.5 LT,"4,54€","9,08€ / LT",
"CAFE MOIDO ""CREPUSCULE NOIR"" ARABICA",PLANTATION,Emb. 0.25 KG,"2,49€","9,96€ / KG",
Pizza de Marisco Ultracongelada,TURINI,Emb. 0.4 KG,"2,89€","7,23€ / KG",
Barrinhas Periquito sabor Mel,TOUS MES AMIS,Emb. 0.06 KG,"1,28€","21,33€ / KG",
FAIRY MAO ULTRA PODER LIMAO 600ML,,Emb. 0.6 LT,"3,18€","5,30€ / LT",
"MINI SPRAY ""LIRIO DO VALE"" RECARGA 15ML",BIEN AIR,Emb. 0.015 LT,"1,04€","69,33€ / LT",
TOMATES SECOS EM OLEO GIRASSOL E AZEITE,RUSTICA,Emb. 0.28 KG,"3,37€","12,04€ / KG",
Vinho Regional Alentejano Tinto,GALITOS,Bag in Box 5 LT,"12,48€","2,50€ / LT",
Piri Piri com Azeite,GALLO,Emb. 0.05 LT,"1,86€","37,20€ / LT",
Refrigerante S/ Gás Maçã,ECO+,Garrafa 2 LT,"0,79€","0,40€ / LT",
Dourada Cal. 700/800,,1 Unid. = 0.75 KG (aprox.),"8,98€/kg","6,74€ / Unid.",
Espumante Reserva Meio Seco,FITA AZUL,Garrafa 0.75 LT,"5,68€","7,57€ / LT",
FILETES DE CAVALA COM TOMATE E MANJERICAO,PÊCHE OCÉAN,Emb. 0.16 KG,"1,43€","8,94€ / KG",
Cereais de Chocolate,CHOCAPIC,Emb. 0.375 KG,"2,09€","5,57€ / KG",
Areia P/ Gato,PURINA,Emb. 5 LT,"5,95€","1,19€ / LT",
Vinho do Porto Velhotes Ruby,CALEM,Garrafa 0.75 LT,"4,99€","6,65€ / LT",
Vinho Regional Alentejo Tinto,CONVENTO DA VILA,Garrafa 0.75 LT,"1,99€","2,65€ / LT",
Conserva de Azeitona Verde Descaroçada,RUSTICA,Emb. 0.48 KG,"2,09€","4,35€ / KG",
Creme Barbear Classic,PALMOLIVE,Emb. 0.1 LT,"2,28€","22,80€ / LT",
Palitos de La Reine Mousse d´Or,DU BOIS DE LA ROCHE,Emb. 0.2 KG,"2,73€","13,65€ / KG",
Bolachas Cobertas com Tablete de Chocolate Preto Biológicas,,Emb. 0.15 KG,"2,09€","13,93€ / KG",
Vinho Lambrusco Tinto,DELL'EMILIA,Garrafa 0.75 LT,"3,98€","5,31€ / LT",
Rissóis de Carne 8 Unid.,SNR,Emb. 0.325 KG,"2,08€","6,40€ / KG",
Bolachas com Pepitas Chocolate sem Glúten,CHAQUE JOUR,Emb. 0.15 KG,"2,40€","16,00€ / KG",
Fraldas Bebé T4 ACTIV+ 7/18 Kg,MOTS D'ENFANTS,Emb. 39 UNID.,"6,92€","0,18€ / UNID.",
Amêndoa Caramelizada,,Emb. 0.25 KG,"4,19€","16,76€ / KG",
Tábua Charcutaria Italiana,TRADIZIONI D'ITALIA,Emb. 0.12 KG,"5,49€","45,75€ / KG",
Agrião Embalado,FLORETTE,Emb. 0.125 KG,"2,19€","17,52€ / KG",
Bloco Sanitário Poder Activo Pinho,SONASOL,Emb. 0.05 KG,"1,94€","38,80€ / KG",
Café Pastilhas,PLANTATION,Emb. 36 UNID.,"3,59€","0,10€ / UNID.",
Lava Tudo Novo Brilho Ph Neutro,SONASOL,Emb. 1.3 LT,"2,09€","1,61€ / LT",
Estojo C/ Escova de Dentes e Copo Cor de Rosa 2-6 Anos,PETIT DENTAMYL,Emb. 1 UNID.,"2,61€","2,61€ / UNID.",
Pão de Forma Especial Torradas,BIMBO,Emb. 0.7 KG,"1,75€","2,50€ / KG",
Recarga para Difusor Elétrico Harmonia de Baunilha,AMBIPUR,Emb. 1 UNID.,"4,04€","4,04€ / UNID.",
Tempero Líquido Maggi,NESTLÉ,Emb. 0.125 KG,"2,09€","16,72€ / KG",
Moinho de Sal ou Pimenta,,1 UNID.,"1,99€","1,99€ / UNID.",
Abrilhantador Brilho e Proteção,FINISH,Emb. 0.4 LT,"4,84€","12,10€ / LT",
Coloração Nº 5-86 Castanho Caramelo,SYOSS,,"6,24€",/ Unid.,
Queijo Flamengo Fatiado,AGROS,Emb. 0.2 KG,"1,98€","9,90€ / KG",
Bolachas Digestive Avenacol,CUÉTARA,Emb. 0.3 KG,"2,98€","9,93€ / KG",
Cereais Special K Classic,KELLOGG'S,Emb. 0.375 KG,"2,37€","6,32€ / KG",
Lip Therapy Aloe Vera,VASELINE,Emb. 0.017 KG,"2,98€","175,29€ / KG",
Bolonhesa,NOBRE,Emb. 0.5 KG,"2,74€","5,48€ / KG",
Vinho Branco,M.J.FREITAS,Bag in Box 5 LT,"8,98€","1,80€ / LT",
Coloração Louro Escuro 6,EXCELLENCE,Emb. 1 UNID.,"7,79€","7,79€ / UNID.",
ALIMENT BEBE: PURE LEGUMES DE PROVENCA BIO +4M 2X120G,BIO VILLAGE BEBE,Emb. 0.4 KG,"1,23€","3,08€ / KG",
Desodorizante Roll On Black & White Active,NIVEA,Emb. 0.05 L,"4,28€","85,60€ / L",
Queijo Fundido 12 Unid.,LES CROISÉS,Emb. 0.24 KG,"1,99€","8,29€ / KG",
CASTANHAS CONGELADAS,,Emb. 1 KG,"10,49€","10,49€ / KG",
Whiskey,BUSHMILLS,Garrafa 0.7 LT,"19,98€","28,54€ / LT",
CAFE SOLUVEL LIOFILISADO x 25 sticks,PLANTATION,Emb. 0.05 KG,"1,69€","33,80€ / KG",
Barrinhas P/ Canários sabor a Mel,TOUS MES AMIS,Emb. 0.06 KG,"1,28€","21,33€ / KG",
COLORACAO ACAJU 5.56 S/AMONIACO,VITANOVE,Emb. 1 UNID.,"4,07€","4,07€ / UNID.",
Cinzeiro Transparente,,1 UNID.,"0,90€","0,90€ / UNID.",
Amaciador de Roupa Rosa,,Emb. 4 LT,"1,89€","0,47€ / LT",
CREME PROTESES,DENTAMYL,Emb. 0.05 KG,"4,04€","80,80€ / KG",
Lombos Tamboril Congelado,,1 Unid. = 0.2 KG (aprox.),"4,99€/kg","1,00€ / Unid.",
"OIKOS MORANGO 110G X4,,440G",OIKOS,Emb. 0.44 KG,"2,39€","5,43€ / KG",
Arroz Carolino,COMPTOÍR DU GRAIN,Emb. 1 KG,"0,99€","0,99€ / KG",
Sacos de Lixo Ultra Resistentes com Atilhos 20x30L,ELEMBAL,Emb. 20 UNID.,"1,49€","0,07€ / UNID.",
Aguardente Bagaceira,SÃO DOMINGOS,Garrafa 1 LT,"15,68€","15,68€ / LT",
Filetes de Atum em Azeite,PÊCHE OCÉAN,Emb. 0.19 KG,"3,59€","18,89€ / KG",
Vinho Regional Douro Tinto,MONTES ERMOS,Garrafa 0.75 LT,"2,99€","3,99€ / LT",
Néctar Essencial Pêssego 3x110ml,COMPAL,Emb. 0.33 LT,"1,83€","5,55€ / LT",
Toalhitas de Rosto com Óleo de Amêndoas Doces 25UNI,CORINE DE FARME,Emb. 25 UNID.,"1,48€","0,06€ / UNID.",
Acendalha 100% Natural,SILEX,Emb. 40 UNID.,"1,04€","0,03€ / UNID.",
CORANTES ALIMENTARES X3,TABLIER BLANC,Emb. 0.018 LT,"2,05€","113,89€ / LT",
Vinho Branco de Alsacia A.O.C. Riesling 2014,REBMANN,Garrafa 0.75 LT,"4,71€","6,28€ / LT",
Miolo de Amendoim Caramelizado,MARQUE REPERE,Emb. 0.25 KG,"2,08€","8,32€ / KG",
Crackers,EPI D'OR,Emb. 0.25 KG,"1,28€","5,12€ / KG",
Molhos Tripack,RUSTICA,Emb. 0.75 KG,"4,49€","5,99€ / KG",
DESODORIZANTE SPRAY INVISIBLE MEN 200ML,CARRÉ HOMME,Emb. 0.2 LT,"1,30€","6,50€ / LT",
Queijo de Vaca Meio Gordo D.Pedro,D. PEDRO,1 Unid. = 1.5 KG (aprox.),"13,90€/kg","20,85€ / Unid.",
Body Milk para Duche Nutritivo Pele Seca,NIVEA,Emb. 0.25 LT,"4,98€","19,92€ / LT",
Vinho Regional Alentejano Tinto,CONVENTUAL,Garrafa 0.75 LT,"3,69€","4,92€ / LT",
Gel Duche Leite de Coco,MANAVA,Emb. 0.25 LT,"1,39€","5,56€ / LT",
Alimento Húmido Gato Completo 6x410g,LYCAT,Emb. 6 UNID.,"4,99€","0,83€ / UNID.",
Néctar Clássico Frutos Vermelhos Uva e Maçã,JAFADEN,Emb. 1 LT,"0,98€","0,98€ / LT",
Pão Rio Maior,,1 Unid. = 0.45 KG,"1,99€","4,42€ / KG",
Lava Tudo Vinagre,CIF,Emb. 1.4 LT,"1,99€","1,42€ / LT",
Gel de Banho Excite,AXE,Emb. 0.4 LT,"3,29€","8,23€ / LT",
Maionese 434g,CALVÉ,Emb. 0.434 LT,"2,88€","6,64€ / LT",
Leite Bem Essencial C/ Chocolate UHT 4 Unid.,MIMOSA,Emb. 0.8 LT,"1,88€","2,35€ / LT",
PENSOS INCONTINENCIA ANATOMICOS X 20 + 2 CUECAS DE MALHA,CHORYS,Emb. 20 UNID.,"6,99€","0,35€ / UNID.",
Champo Karpex Manual,VANISH,Emb. 0.95 LT,"5,19€","5,46€ / LT",
Bolo Arroz com Ovos Frescos e Cobertura Caramelo 4x100gr,DÉLISSE,Emb. 0.4 KG,"2,24€","5,60€ / KG",
Costeletas de Lombo Porco,,1 Unid. = 0.3 KG (aprox.),"3,49€/kg","1,05€ / Unid.",
Óleo Brilho Keratina,TRESEMMÉ,Emb. 0.05 LT,"5,99€","119,80€ / LT",
Stiks Sortido 108g,TOUS MES AMIS,Emb. 0.104 KG,"0,49€","4,71€ / KG",
Bebida de Arroz 0% 3x200ML,SHOYCE,Emb. 0.6 LT,"1,39€","2,32€ / LT",
ALIMENT BEBE: LEGUMES MASSA E SALMAO BIO 18M,BIO VILLAGE BEBE,Emb. 0.26 KG,"1,99€","7,65€ / KG",
Massa Fettuccine,MILANEZA,Emb. 0.5 KG,"1,84€","3,68€ / KG",
BACALHAU COM ESPINAFRES 350G,CÔTÉ TABLE,Emb. 0.35 KG,"2,99€","8,54€ / KG",
Sumo Ananás,JAFADEN,Emb. 1 LT,"1,49€","1,49€ / LT",
5 em 1 Glade Vanilla,BRISE,Spray 0.3 LT,"2,48€","8,27€ / LT",
"Bolachas gérmen de Trigo, Soja e Laranja",NAT&VIE,Emb. 0.2 KG,"1,52€","7,60€ / KG",
Mini Quadrados Chocolate Preto,EQUADOR,Emb. 0.2 KG,"2,85€","14,25€ / KG",
Bolachas com Recheio de Framboesa,ECO+,Emb. 0.3 KG,"1,59€","5,30€ / KG",
Pensos Incontinência Discreet Maxi,AUSONIA,Emb. 8 UNID.,"3,74€","0,47€ / UNID.",
Desodorizante Deo Spray Bio-Eficácia 48H Narta,GARNIER,Emb. 0.2 LT,"3,98€","19,90€ / LT",
Mistura de Frutos Secos Açucarados,TOKAPI,Emb. 0.12 KG,"1,39€","11,58€ / KG",
Desodorizante Roll On Talc Soft,DOVE,Emb. 0.05 LT,"2,54€","50,80€ / LT",
Ketchup Picante,RUSTICA,Emb. 0.25 KG,"1,21€","4,84€ / KG",
Pastilhas Sabor a Frutos Silvestres,TRIDENT,Emb. 0.058 KG,"2,28€","39,31€ / KG",
Cereais Space Mix,NACIONAL,Emb. 0.375 KG,"2,17€","5,79€ / KG",
Champô Ultimate Repair,GLISS,Emb. 0.25 Lt,"2,24€","8,96€ / Lt",
Carapau Pequeno Negrão,,1 Unid. = 0.25 KG (aprox.),"0,99€/kg","0,25€ / Unid.",
Gel de Banho Rosas e Jasmim,VASELINE,Emb. 0.7 LT,"2,99€","4,27€ / LT",
Alimento Húmido Gatos Menu Completo Gelatina 4x100g,LYCAT,Emb. 4 UNID.,"1,59€","0,40€ / UNID.",
TEMPERO BARBECUE PARA CARNE DE PORCO E SACO P/ ASSAR,RUSTICA,Emb. 0.028 KG,"0,72€","25,71€ / KG",
Patê de Figado de Porco,LA PIARA,Emb. 0.08 KG,"1,48€","18,50€ / KG",
Ambientador Carro Ar Fresco,AMBIPUR,Emb. 1 UNID.,"3,48€","3,48€ / UNID.",
"GEL ÍNTIMO SUAVE, 250ML",CORINE DE FARME,Emb. 0.25 LT,"2,49€","9,96€ / LT",
PREPARADO P/ ARROZ MARISCO,PÊCHE OCÉAN,Emb. 0.4 KG,"3,49€","8,73€ / KG",
SPRAY LIMPEZA OPTICAS,CLAIR,Emb. 0.02 LT,"2,09€","104,50€ / LT",
Alimento Húmido para Cão Almôndegas de Aves,ECO+,,"1,55€",/ Unid.,
Farinha sem Fermento Integral,NACIONAL,Emb. 1 KG,"1,58€","1,58€ / KG",
Arroz Carolino,CIGALA,Emb. 1 KG,"1,14€","1,14€ / KG",
Chá de Ceilão,BRITLEY,Emb. 25 SAQ.,"0,89€","0,04€ / SAQ.",
Compota de Fruta Maçã e Pera 4x100g,DOUCEUR DU VERGER,Emb. 0.4 KG,"1,49€","3,73€ / KG",
Fraldas Bebé T4+ ACTIV+ 9/20 Kg,MOTS D'ENFANTS,Emb. 37 UNID.,"8,18€","0,22€ / UNID.",
Iogurte Sólido Suissinhos Morango Alperce,YOCO,Emb. 0.252 KG,"1,64€","6,51€ / KG",
Papa Infantil Bolacha Maria,CERELAC,Emb. 0.4 KG,"2,24€","5,60€ / KG",
Côco Seco,,1 Unid. = 0.48 KG (aprox.),"2,28€/kg","1,09€ / Unid.",
Whisky Cutty Sark,CUTTY SARK,Garrafa 0.7 LT,"14,48€","20,69€ / LT",
Conserva de Azeitona Verde Gordal,RUSTICA,Emb. 0.5 KG,"2,09€","4,18€ / KG",
Lasanha à Bolonhesa Ultracongelado,CÔTÉ TABLE,Emb. 1 KG,"3,69€","3,69€ / KG",
FAIRY MAO NATURALS BERGAMOTA 650ML,,Emb. 0.65 LT,"2,98€","4,58€ / LT",
Sumo Ananás abc 6 Unid.,JAFADEN,Emb. 1.2 LT,"2,12€","1,77€ / LT",
GELATINA MORANGO LIGHT CONDI 2X15G,CONDI,Emb. 0.3 KG,"1,78€","5,93€ / KG",
Óleo de Girassol Extra Virgem,,Emb. 0.075 LT,"3,86€","51,47€ / LT",
Iogurte Líquido Morango 6 Unid.,ACTIMEL,Emb. 0.6 KG,"2,59€","4,32€ / KG",
PATE DE FIGADO DE AVES C/ VINHO DO PORTO,CÔTÉ TABLE,Emb. 0.18 KG,"1,46€","8,11€ / KG",
CHAMPO AUTO 1 L 1L TECH9,TECH9,Emb. 1 LT,"1,69€","1,69€ / LT",
Concentrado de Fruta Tropical,SUNQUICK,Garrafa 0.7 LT,"5,28€","7,54€ / LT",
BALDE DE AZEITONAS MACANILHA MISTAS INTEIRAS,RUSTICA,Emb. 3.5 KG,"6,29€","1,80€ / KG",
Sabonete Delicado Care 4 unid.,PALMOLIVE,Emb. 0.09 KG,"3,34€","37,11€ / KG",
Caldos Legumes Desidratado Biológico 8x80g,,Emb. 0.08 KG,"1,46€","18,25€ / KG",
Algodão Activo Limpa Metais Brilho,DURAGLIT,Emb. 0.075 KG,"7,98€","106,40€ / KG",
Molho de Tomate com Legumes e Manjericão,,Emb. 0.35 KG,"1,89€","5,40€ / KG",
Pastilhas Elásticas sem Açúcar Sabor Menta,NEW'R,Emb. 70 UNID.,"1,87€","0,03€ / UNID.",
Paté Campestre Superior 2X50g,TRADILÈGE,Emb. 0.1 Kg,"1,39€","13,90€ / Kg",
Limpa Vidros Anti Embaciamento,AJAX,Spray 0.5 LT,"2,14€","4,28€ / LT",
Filetes de Sardinha com Tomate e Legumes,PÊCHE OCÉAN,Emb. 0.1 KG,"1,25€","12,50€ / KG",
Tablete Chocolate Preto Culinária,TABLETTE D'OR,Emb. 0.2 KG,"1,59€","7,95€ / KG",
Alimento Seco para Cão Croquetes Equilíbrio,LYDOG,Emb. 4 KG,"5,99€","1,50€ / KG",
Whisky,LABEL 5,Garrafa 1 LT,"13,49€","13,49€ / LT",
Cerveja com Álcool Stout Mini Preta Saca Fácil 6x20cl,SUPER BOCK,Emb. 1.2 LT,"2,99€","2,49€ / LT",
AMACIADOR CONCENTRADO LIRIOS E MORANGOS 72 DOSES,HYPERDOU,Emb. 2 LT,"1,69€","0,85€ / LT",
Ovos Solo XL,SNR,Emb. 6 UNID.,"1,89€","0,32€ / UNID.",
QUEIJO GOUDA FATIADO,ECO+,Emb. 0.2 KG,"1,59€","7,95€ / KG",
Lasanha Bolonhesa Bio,,Emb. 0.6 KG,"3,59€","5,98€ / KG",
Preparado Sopa Canja Galinha,KNORR,Emb. 0.068 KG,"1,49€","21,91€ / KG",
Conserva de Salsichas Frankfurt 8 Unid.,NOBRE,Lata 0.2 KG,"1,09€","5,45€ / KG",
Creme BB Hidratante Aperfeiçoador 5em1,NIVEA,Emb. 0.05 LT,"9,98€","199,60€ / LT",
Mousse de Figado Superior,TRADILÈGE,Emb. 0.18 Kg,"1,69€","9,39€ / Kg",
Guardanapos 2 Folhas Tipo Tecido,MARQUE REPERE,Emb. 40 UNID.,"1,04€","0,03€ / UNID.",
QUEIJO WHITE CHEDDAR 200G K.GOLD,KERRYGOLD,Emb. 0.2 KG,"2,98€","14,90€ / KG",
Azeite Pet,3 CASTELOS,Garrafa 1 LT,"4,98€","4,98€ / LT",
Pasta de Dentes Branqueadora,ORAL B,Emb. 0.075 LT,"2,99€","39,87€ / LT",
"Conjunto 3 Copos Altos Najac 33,3cl",ARDENCE,3 UNID.,"2,10€","0,70€ / UNID.",
Champô Hemp + Hydration,TRESEMMÉ,Emb. 0.4 LT,"4,79€","11,98€ / LT",
Gel de Banho Laranja e Manga,VASELINE,Emb. 0.7 LT,"2,99€","4,27€ / LT",
Sumo de Maçã à Base de Concentrado,JAFADEN,Emb. 2 LT,"1,73€","0,87€ / LT",
Bolachas Wafer de Chocolate,P'TIT DÉLI,Emb. 0.15 KG,"1,19€","7,93€ / KG",
Gel de Banho Active Clean,NIVEA MEN,Emb. 0.5 LT,"5,98€","11,96€ / LT",
Limpa Máquinas de Loiça,,Emb. 0.25 LT,"3,89€","15,56€ / LT",
Espinafres Folha Ultracongelado,PESCANOVA,Emb. 0.4 KG,"0,99€","2,48€ / KG",
Maçã Reineta Cal. 75/80,,1 Unid. = 0.2 KG (aprox.),"2,89€/kg","0,58€ / Unid.",
Bacon Fumado 2x100g,TRADILÈGE,Emb. 0.2 KG,"2,29€","11,45€ / KG",
Alimento Seco P/ Gato Premium Frango,PLENIMA,Emb. 0.45 KG,"1,59€","3,53€ / KG",
Mistura de Ervilhas e Cenouras Extrafinas Ultracongelado,NOTRE JARDIN,Emb. 1 KG,"1,89€","1,89€ / KG",
Queijo Flamengo Barra,TERRA NOSTRA,1 Unid. = 0.2 KG (aprox.),"10,90€/kg","2,18€ / Unid.",
Atum em Posta Azeite,BOM PETISCO,Emb. 0.385 KG,"5,48€","14,23€ / KG",
CREME DESCOLORANTE ROSTO/CORPO 2UN,SILISS,Emb. 0.1,"3,14€","31,40€ /",
TARTELETES PURA MANTEIGA C/ RECHEIO CARAMELO E COB CHOCOLATE LEITE,P'TIT DÉLI,Emb. 0.127,"1,59€","12,52€ /",
Marshmallow com Sabor Baunilha,COPAÍNS COPINES,Emb. 0.3 KG,"1,53€","5,10€ / KG",
Creme de Barbear Protector,NIVEA MEN,Emb. 0.1 LT,"2,48€","24,80€ / LT",
Bebida Energética,X-TENSE,Garrafa 1 LT,"0,93€","0,93€ / LT",
Escova de Dentes Extra Interdental Suave,AQUAFRESH,Emb. 1 UNID.,"3,18€","3,18€ / UNID.",
Queijo de Vaca Curado Ilha Azul,LACTAÇORES,1 Unid. = 0.25 KG (aprox.),"7,69€/kg","1,92€ / Unid.",
Lenços de bolso Renova Kids,LENÇOS RENOVA,Emb. 10 UNID.,"1,18€","0,12€ / UNID.",
Papel de Alumínio,VILEDA,Emb. 50 M,"6,90€","0,14€ / M",
Durex Gel Intense Orgasmic,DUREX,Emb. 0.01 LT,"13,48€","1 348,00€ / LT",
Gelatina em Pó Morango 2x85 g,TABLIER BLANC,Emb. 0.17 KG,"0,79€","4,65€ / KG",
Cueca de Banho Tam. S 7/12 Kg,MOTS D'ENFANTS,Emb. 12 UNID.,"4,71€","0,39€ / UNID.",
Bolacha Cream Crackers Estilo Inglês,CUÉTARA,Emb. 0.2 KG,"0,99€","4,95€ / KG",
Dentífrico Júnior,AQUAFRESH,Emb. 0.05 LT,"2,88€","57,60€ / LT",
"ATUM FILETE AZEITE BIO, 120G",TENÓRIO,Emb. 0.12 KG,"2,78€","23,17€ / KG",
Bebida em Pó Morango,TANG,Emb. 0.03 KG,"0,82€","27,33€ / KG",
Refrigerante C/ Gás Zero,COCA COLA,Garrafa 1 LT,"1,29€","1,29€ / LT",
CONE CHOCOLATE/PISTACHIO 8UN,ECO+,Emb. 8 UNID.,"2,19€","0,27€ / UNID.",
Crepes Biológicos,,Emb. 0.2 KG,"2,55€","12,75€ / KG",
Caixa Hermética Quadrada em Vidro 11cm,,1 UNID.,"1,49€","1,49€ / UNID.",
BOLACHAS AREADAS C/ RECH MACA E FRAMBOESA,P'TIT DÉLI,Emb. 0.1 KG,"1,87€","18,70€ / KG",
Bolachas Crackers Bacon,TUC,Emb. 0.1 KG,"1,08€","10,80€ / KG",
Bioten Creme para as Mãos Anti-Idade,BIOTEN,Emb. 0.1 LT,"2,13€","21,30€ / LT",
GOMAS ACIDAS COLA,COPAÍNS COPINES,Emb. 0.275 KG,"1,63€","5,93€ / KG",
Vinagre Balsâmico de Modène,RUSTICA,Garrafa 0.5 LT,"2,11€","4,22€ / LT",
CHOCOLATE PRETO C/ PEPITAS DE CARAMELO E FLOR DE SAL,EQUADOR,Emb. 0.1 KG,"1,33€","13,30€ / KG",
Atum ao Natural,BOM PETISCO,Emb. 0.12 KG,"1,39€","11,58€ / KG",
PEDACINHOS ATUM COM TOMATE 3X80G,PÊCHE OCÉAN,Emb. 0.24 KG,"2,20€","9,17€ / KG",
MOLHO CHALOTA,RUSTICA,Emb. 0.3 LT,"1,72€","5,73€ / LT",
B&J Peanut Butter Cup 465ml,,Emb. 0.465 LT,"6,78€","14,58€ / LT",
Pimentão Doce Colorau,RUSTICA,Emb. 0.05 KG,"0,50€","10,00€ / KG",
Bolachas Recheadas com Aroma a Chocolate,P'TIT DÉLI,Emb. 0.3 KG,"1,19€","3,97€ / KG",
Cone Baunilha 8x120ml,ECO+,Emb. 8 UNID.,"2,39€","0,30€ / UNID.",
Champomy,CHAMPOMY,Garrafa 0.75 LT,"3,98€","5,31€ / LT",
Líquido Sanitário Lixívia Perfumada,NEOBLANC,Emb. 0.7 LT,"2,54€","3,63€ / LT",
Pá do Lixo com Cabo Metálico,,Emb. 1 UNID.,"1,67€","1,67€ / UNID.",
CACAU EM PO SEM ACUCAR - PARA BEBER OU SOBREMESAS,EQUADOR,Emb. 0.25 KG,"1,89€","7,56€ / KG",
Champô Cabelo Ultra Suave Louros Camomila,GARNIER,Emb. 0.25 LT,"3,98€","15,92€ / LT",
Bolachas Pequeno Almoço,ECO+,Emb. 0.35 KG,"1,19€","3,40€ / KG",
Néctar Clássico Pêssego 3x200 ml,COMPAL,Emb. 0.6 LT,"1,38€","2,30€ / LT",
Salsa Fresca,,1 Unid. = 0.05 KG  (aprox.),"6,99€/kg","0,35€ / Unid.",
DETERGENTE MANUAL LOICA MACA 1L,ECO+,Emb. 1 LT,"1,13€","1,13€ / LT",
Iogurte Líquido Proteíco Tropical Lindahls,NESTLÉ,Emb. 0.33 LT,"1,89€","5,73€ / LT",
Água Tónica 6 Unid.,SPRINK'S,Garrafa 1.98 LT,"3,49€","1,76€ / LT",
CONE NATA CHOCOLATE 6UN,SMICY,Emb. 0.12 LT,"2,89€","24,08€ / LT",
MOLHO COCKTAIL 253ML,CALVÉ,Emb. 0.253,"2,38€","9,41€ /",
Sobremesa Serradura 2x85g,REINA,Emb. 0.17 KG,"2,18€","12,82€ / KG",
FRESHMATIC COM RECARGA PURE FLOR DE CEREJEIRA,AIRWICK,Emb. 1 UNID.,"8,98€","8,98€ / UNID.",
Pantene Volume Creation Laca 300ml,PANTENE PV,Emb. 0.3 LT,"3,74€","12,47€ / LT",
Ambientador Carro Brisa Marinha,AMBIPUR,Emb. 1 UNID.,"3,48€","3,48€ / UNID.",
Vinho Regional Dão Tinto Reserva 2013,QUINTA DE CABRIZ,Garrafa 0.75 LT,"9,48€","12,64€ / LT",
Salsicha Branca com Porto 3x125g,TRADILÈGE,Emb. 0.375 KG,"3,39€","9,04€ / KG",
Gelado Stracciatella,CARTE D'OR,Emb. 0.9 LT,"4,98€","5,53€ / LT",
Iogurte Líquido Banana 4 Unid.,YOGGI,Emb. 0.64 KG,"1,99€","3,11€ / KG",
Néctar Essencial Maça 3x110ml,COMPAL,Emb. 0.33 LT,"1,83€","5,55€ / LT",
Alimento Húmido Gato Menu Completo em Salsa e Molho 4x100g,LYCAT,Emb. 4 KG,"1,59€","0,40€ / KG",
Toalhitas Bebé Ecológicas,MOTS D'ENFANTS,Emb. 72 UNID.,"1,99€","0,03€ / UNID.",
Alimento Seco P/ Gato Esterilizado C/ Salmão e Trigo,PURINA,Emb. 0.8 KG,"6,64€","8,30€ / KG",
GELADO STAR FOGUETAO 8UN,SMICY,Emb. 8 UNID.,"1,69€","0,21€ / UNID.",
Iogurte de Aromas Les Zaros 16x125g,DÉLISSE,Emb. 2 KG,"2,69€","1,35€ / KG",
Pacotinho de Frutas Maçã Banana e Morango S/ Glúten +8 meses,NESTLÉ BEBÉ,Emb. 0.09 KG,"0,69€","7,67€ / KG",
Refrigerante Cola,JEAN'S,Lata 0.33 LT,"0,57€","1,73€ / LT",
Nutella,NUTELLA,Emb. 0.2 KG,"1,99€","9,95€ / KG",
Rebuçados sem Açúcar Sabor Mel e Limão 4x32g,HALLS,Emb. 0.128 KG,"2,78€","21,72€ / KG",
Néctar Clássico Pêssego 3 Unid.,JAFADEN,Emb. 0.6 LT,"0,79€","1,32€ / LT",
Refrigerante C/ Gás,COCA COLA,Garrafa 0.5 LT,"0,99€","1,98€ / LT",
Chouriço Damatta De Carne Beirão,DAMATTA,Emb. 0.225 KG,"3,54€","15,73€ / KG",
Panela de Inox 14cm,,1 UNID.,"4,99€","4,99€ / UNID.",
SYOSS COLOR 4-8 CASTANHO CHOCOLATE 16X3,SYOSS,,"4,99€",/ Unid.,
Beterraba Fresca,,1 Unid. = 0.27 KG (aprox.),"2,49€/kg","0,67€ / Unid.",
Alimento Húmido P/ Gato Vários Sabores,GOURMET GOLD,Emb. 0.34 KG,"2,09€","6,15€ / KG",
Bebida de Aveia,SHOYCE,Emb. 1 LT,"1,98€","1,98€ / LT",
Detergente Líquido Multisuperficies Lavanda,SONASOL,Emb. 1.3 LT,"2,09€","1,61€ / LT",
Snack Fruut Maça Vermelha Doce Sem Açúcar 60g,,Emb. 0.06 KG,"1,49€","24,83€ / KG",
PATE DE COELHO C/ MOSTARDA,CÔTÉ TABLE,Emb. 0.18 KG,"1,46€","8,11€ / KG",
Máquina Descartável Blue II 2 Lâminas,GILLETTE,Emb. 20 UNID.,"6,34€","0,32€ / UNID.",
MASSA QUEBRADA BIO,,Emb. 0.23 KG,"1,49€","6,48€ / KG",
"GELADO ""TYROLIA"" CAPPUCCINO",ESKISS,Emb. 0.65 LT,"2,69€","4,14€ / LT",
Pano Multiusos Amarelo,SCOTCH BRITE,Emb. 2 UNID.,"1,99€","1,00€ / UNID.",
Recarga para Difusor Elétrico Campos de Lavanda,AMBIPUR,Emb. 1 UNID.,"4,04€","4,04€ / UNID.",
Cream Cracker Pimenta Preta,VIEIRA,Emb. 0.2 KG,"1,19€","5,95€ / KG",
Detergente para a Máquina da Loiça,SUN,Emb. 1.575 KG,"12,34€","7,83€ / KG",
Limpa Vidros Cristal Recarga,AJAX,Emb. 0.5 LT,"1,49€","2,98€ / LT",
Iogurte Grego Coco 4 Unid.,YAOS,Emb. 0.44 KG,"2,19€","4,98€ / KG",
Bebida de Arroz Biológica,,Emb. 1 LT,"1,24€","1,24€ / LT",
Vinho do Porto Branco,FERREIRA,Garrafa 0.75 LT,"4,99€","6,65€ / LT",
Johnson's Baby Pó de Talco,JOHNSON'S BABY,Emb. 0.2 KG,"2,48€","12,40€ / KG",
Duvel Cerveja da Bélgica,DUVEL,Emb. 0.33 LT,"3,64€","11,03€ / LT",
Detergente Loiça Máquina Pastilhas Limão,VISIOR,Emb. 30 PAST.,"3,13€","0,10€ / PAST.",
Óleo Intense 6-80 Louro Avelã,SYOSS,,"6,24€",/ Unid.,
Creme Culinário Côco,NAT&VIE,Emb. 0.25 LT,"1,49€","5,96€ / LT",
Salada Iceberg,,Emb. 0.25 KG,"1,19€","4,76€ / KG",
Iogurte Soja Natural 6 Unid.,NAT&VIE,Emb. 0.6 KG,"1,64€","2,73€ / KG",
Tigela Branca 14cm,ARDENCE,1 UNID.,"1,30€","1,30€ / UNID.",
Café Solúvel Clássico,NESCAFÉ,Emb. 0.2 KG,"6,99€","34,95€ / KG",
LIEGEOIS FRAMBOISE DEL,DÉLISSE,Emb. 0.4 KG,"1,59€","3,98€ / KG",
Conserva de Tremoço Extra,RUSTICA,Frasco 0.87 KG,"2,30€","2,64€ / KG",
Conserva de Grão de Bico Cozido,NOTRE JARDIN,Lata 0.85 KG,"1,04€","1,22€ / KG",
Bolachas Maria sem Glúten,GULLÓN,Emb. 0.4 KG,"3,66€","9,15€ / KG",
Creme Gordo,INELL,Emb. 0.2 LT,"4,19€","20,95€ / LT",
Deo Creme Hidra Essencial 0% Álcool,VASELINE,Emb. 0.05 LT,"2,84€","56,80€ / LT",
Pantene Frizz Control & Luminosidade Condicionador 160 ml,,Emb. 0.16 LT,"4,98€","31,13€ / LT",
GLISS REPARAÇÃO PONTAS ESPIGADAS,GLISS,Emb. 0.05 LT,"3,79€","75,80€ / LT",
Tomate Cal. 67/82,,1 Unid. = 0.2 KG (aprox.),"2,59€/kg","0,52€ / Unid.",
Alimento Húmido P/ Gato Fórmula Indoor Atum e Vitela Pack 4,PURINA ONE,4 G,"2,59€","0,65€ / G",
Conserva de Azeitonas Cocktail,RUSTICA,Emb. 0.54 KG,"2,09€","3,87€ / KG",
Café Cápsulas Saboroso Intensidade 9,PLANTATION,Emb. 16 CAPS.,"2,59€","0,16€ / CAPS.",
Cereais de Chocolate e Caramelo,LION,Emb. 0.4 KG,"3,68€","9,20€ / KG",
Naco de Bacon Extra,PRIMOR,Emb. 0.2 KG,"3,58€","17,90€ / KG",
Bolachas com Cobertura Chocolate e Avelãs,P'TIT DÉLI,Emb. 0.12 KG,"1,35€","11,25€ / KG",
Miolo de Camarão Gigante Ultracongelado,PESCANOVA,Emb. 0.25 KG,"7,59€","30,36€ / KG",
"GEL HIGIENE ÍNTIMA FRESH, 250ML",CORINE DE FARME,Emb. 0.25 LT,"2,99€","11,96€ / LT",
Bollycao Clássico 2x57 g,BOLLYCAO,Emb. 0.114 KG,"1,48€","12,98€ / KG",
Bebida Energética Sugar Free,RED BULL,Lata 0.25 LT,"0,99€","3,96€ / LT",
Vinho Verde Branco,COMP DO VINHO,Garrafa 0.75 LT,"2,19€","2,92€ / LT",
Recarga Freshmatic White Bouquet,AIR WICK,Spray 0.26 KG,"5,98€","23,00€ / KG",
Cápsulas Café Ristretto Barista,DOLCE GUSTO,Emb. 30 CAPS.,"10,48€","0,35€ / CAPS.",
Água Micelar Pele Sensível,CORINE DE FARME,Emb. 0.5 LT,"6,48€","12,96€ / LT",
ROLO COZINHA COMPACTO MULTIUSOS ECO,UNÍ VERT,Emb. 1 UNID.,"3,49€","3,49€ / UNID.",
Couve Lombarda,,1 Unid. = 1.2 KG (aprox.),"1,19€/kg","1,43€ / Unid.",
MIRTILOS SELVAGENS,DOUCEUR DU VERGER,Emb. 0.65 KG,"4,49€","6,91€ / KG",
PANO MICROFIBRAS COLORS XL 4 UN,VILEDA,Emb. 4 UNID.,"3,78€","0,95€ / UNID.",
Creme de Banho Care,NIVEA,Emb. 0.75 LT,"3,49€","4,65€ / LT",
Hambúrgueres de Frango 4 Unid. Ultracongelado,PESCANOVA,Emb. 0.3 KG,"2,99€","9,97€ / KG",
Bolacha Torrada,NACIONAL,Emb. 0.175 KG,"0,94€","5,37€ / KG",
Caldo Galinha 6 Cubos,MAGGI,Emb. 0.06 KG,"0,89€","14,83€ / KG",
Gin Sapphire,BOMBAY,Garrafa 0.7 LT,"23,48€","33,54€ / LT",
Copo Baixo 28cl,EQUIP HOME,1 UNID.,"0,90€","0,90€ / UNID.",
Bagas de Goji Alto Teor em Fibra,CEM PORCENTO,Emb. 0.125 KG,"2,78€","22,24€ / KG",
"XAU LIQ FRESC PRIMAV 70D, 3.85L",XAU,Emb. 70 DOSES,"13,76€","0,20€ / DOSES",
Bolachas Digestivas Maça,TRIUNFO,Emb. 0.171 KG,"1,48€","8,66€ / KG",
Pão de Forma Integral sem Côdea,EPI D'OR,Emb. 0.45 KG,"1,49€","3,31€ / KG",
Chocolate Choco Waffel Leite,MILKA,Emb. 0.18 KG,"2,38€","13,22€ / KG",
Snacks P/ Cão 25-40Kg Dentalife Large,PURINA,Emb. 0.426 KG,"4,49€","10,54€ / KG",
Vinho Regional Tejo Branco,LEZÍRIA,Garrafa 0.75 LT,"1,58€","2,11€ / LT",
Safio Cal. 2/5,,1 Unid. = 1.5 KG (aprox.),"2,98€/kg","4,47€ / Unid.",
Durex Play Lubrificante de Morango,DUREX,Emb. 0.05 LT,"9,98€","199,60€ / LT",
Sumo 100% Laranja Biológico,,Emb. 1 LT,"1,89€","1,89€ / LT",
"AGUA C/GAS VIMEIRO PET 4x1,5L",VIMEIRO,,"3,46€",/ Unid.,
Refrigerante C/ Gás Pack 6,COCA COLA,Emb. 1.98 LT,"4,55€","2,30€ / LT",
SPRAY TIRA NODOAS PRE-LAVAGEM 500ML,TEXIL,Emb. 0.5 LT,"1,27€","2,54€ / LT",
Whisky J&B 15 Anos,J&B,Emb. 0.7 LT,"25,98€","37,11€ / LT",
Ice tea Manga 2x2lt,LIPTON,Emb. 4 LT,"4,99€","1,25€ / LT",
PREPARADO PARA BOLO FONDANT DE CHOCOLATE PRONTO A COZER,TABLIER BLANC,Emb. 0.5 KG,"3,03€","6,06€ / KG",
Óleo de Cedro,MISTOLIN,Emb. 0.36 LT,"2,78€","7,72€ / LT",
Vinho Regional Alentejano Tinto,TALHA REAL,Garrafa 0.75 LT,"2,69€","3,59€ / LT",
Pudim Caseiro Laranja,ROYAL,Emb. 0.2 KG,"1,78€","8,90€ / KG",
Sumo Multifrutos 100% Puro,JAFADEN,Emb. 1 LT,"1,49€","1,49€ / LT",
MOLHO SALADAS C/ ERVAS FINAS,RUSTICA,Emb. 0.5 LT,"1,35€","2,70€ / LT",
Dove Go Fresh Gel de Banho Chá Verde,DOVE,Emb. 0.75 LT,"4,19€","5,59€ / LT",
Vinho Regional Bairrada Tinto,S. DOMINGOS,Garrafa 0.75 LT,"2,75€","3,67€ / LT",
AGUA PENTEAR SPRAY,VITANOVE,Emb. 0.15 LT,"1,56€","10,40€ / LT",
Sumo 100% Multifrutis Biológico 6 Unid.,,Emb. 0.12 LT,"3,13€","26,08€ / LT",
Desodorizante Roll-On Narta Invisível 48H,GARNIER,Emb. 0.05 LT,"3,78€","75,60€ / LT",
OIKOS PESSEGO 110G X4,OIKOS,Emb. 0.44 KG,"2,39€","5,43€ / KG",
Conserva de Cogumelos Laminados Da Horta,COMPAL,Emb. 0.29 KG,"1,09€","3,76€ / KG",
Discos Activos Gel WC Marine,PATO,Emb. 0.036 LT,"2,24€","62,22€ / LT",
Bifidus Actifidus Muesli 4x124g,DÉLISSE,Emb. 0.5 KG,"1,19€","2,38€ / KG",
Creme Depilatório Duche Peles Sensíveis,VEET,Emb. 0.15 LT,"9,98€","66,53€ / LT",
CARNE PICADA BOVINO BIO,,Emb. 0.4 KG,"5,98€","14,95€ / KG",
Água S/ Gás Mineral,,Garrafa 1.5 LT,"0,24€","0,16€ / LT",
Espuma P/ Casa de Banho,CLAIR,Garrafa 0.6 LT,"1,88€","3,13€ / LT",
Cebola Laminada,NOTRE JARDIN,Emb. 1 KG,"1,69€","1,69€ / KG",
Chocolate Preto 70% Cacau Extra Noir,JUBILEU,Emb. 0.1 KG,"2,48€","24,80€ / KG",
Queijo Mozzarella,ECO+,Emb. 0.125 KG,"0,85€","6,80€ / KG",
Aquafresh Protecção e Caries Branqueadora 2X 75ml,AQUAFRESH,,"5,36€",/ Unid.,
COGUMELO FERBAR INTEIRO 185G,FERBAR,Emb. 0.185 KG,"1,28€","6,92€ / KG",
Vinho Tinto,LAGAR DAS PIAS,Garrafa 0.75 LT,"1,69€","2,25€ / LT",
Queijo para Barrar Nature,LES CROISÉS,Emb. 0.3 KG,"1,69€","5,63€ / KG",
BEBIDA DE ESPELTA BIO,,Emb. 1 LT,"1,99€","1,99€ / LT",
Recarga Sabonete Líquido Leite/Mel,MANAVA,Emb. 0.25 LT,"0,69€","2,76€ / LT",
Pão de Água,,1 Unid. = 0.1 KG,"0,29€","2,90€ / KG",
Iogurtes Cremosos Açucarados Frutas Amarelas 8x125g,DÉLISSE,Emb. 1 KG,"1,99€","1,99€ / KG",
Massa Estrelinha Clássica,NACIONAL,Emb. 0.25,"0,58€","2,32€ /",
Arroz Agulha,CIGALA,Emb. 1 KG,"1,24€","1,24€ / KG",
Dentífrico Anti-Tártaro +Blanqueador,COLGATE,Emb. 0.075 LT,"1,79€","23,87€ / LT",
Fita Dentária Sabor a Menta Fresca,SENSODYNE,Emb. 50 MT,"3,48€","0,07€ / MT",
Sobremesa Creme de Baunilha 4X125g,DÉLISSE,Emb. 0.5 KG,"1,49€","2,98€ / KG",
Gel Garnier Extra Forte 3 Estructurante,FRUCTIS,Emb. 0.2 LT,"4,09€","20,45€ / LT",
CREME LIMPEZA  750ML,CLAIR,Emb. 0.75 LT,"1,04€","1,39€ / LT",
Fusil em Polypropylene,,1 UNID.,"11,89€","11,89€ / UNID.",
Molho Béchamel,RUSTICA,Emb. 0.5 LT,"1,70€","3,40€ / LT",
Mini Bolos Recheados de Chocolate 7 Unidades,P'TIT DÉLI,Emb. 0.189 KG,"1,65€","8,73€ / KG",
Papel Higiénico 2 Folhas Super,RENOVA,Emb. 48 ROLOS,"8,96€","0,19€ / ROLOS",
Cereais de Chocolate e Chocolate Branco,CHOCAPIC,Emb. 0.4 KG,"3,59€","8,98€ / KG",
Mini Pizza 3 Queijos Ultracongelada 9 Unid.,PICCOLINIS,Emb. 0.27 KG,"2,99€","11,07€ / KG",
IOGURTE BIFIDUS NATURAL,DÉLISSE,Emb. 1.5 KG,"2,09€","1,39€ / KG",
Creme Dia Q10Plus Anti-Rugas Pele Mista,NIVEA,Emb. 0.05 LT,"14,98€","299,60€ / LT",
AMBIENTADOR FRESHMATIC COM RECARGA LIFE SCENTS OÁSIS TURQUESA,AIRWICK,Emb. 1 UNID.,"8,98€","8,98€ / UNID.",
Lâmina Descartável Flex 3,BIC,Emb. 6 UNID.,"4,76€","0,79€ / UNID.",
Líquido Sanitário Desincrustante,NEOBLANC,Emb. 0.7 LT,"2,54€","3,63€ / LT",
Néctar de Pêra Pack 3,SANTAL,Emb. 0.6 LT,"1,61€","2,68€ / LT",
"ATUM FILET MANJERICÃO&TOMATE SECO, 120G",TENÓRIO,Emb. 0.12 KG,"2,78€","23,17€ / KG",
Vinho do Porto Especial Reserva,DORRÃO,Emb. 0.75 LT,"7,99€","10,65€ / LT",
Mousse Liégeoise de Chocolate 8X80g,DÉLISSE,Emb. 0.64 KG,"2,59€","4,05€ / KG",
Linguiça,,Emb. 0.2 KG,"1,39€","6,95€ / KG",
EXFOLIANTE FACIAL TODO TIPO PELE 75ML,BIONAÏA,Emb. 0.075 LT,"2,12€","28,27€ / LT",
Pacotinho Fruta Hero Baby 3 Frutos 100 G,HERO BABY,Emb. 0.1 KG,"0,95€","9,50€ / KG",
CREME DE MAOS REPARADOR 100ML,INELL,Emb. 0.1 LT,"1,67€","16,70€ / LT",
Iogurte Grego Natural 4x150g,DÉLISSE,Emb. 0.6 KG,"1,54€","2,57€ / KG",
Conserva De Feijão Vermelho em Conserva 425g,NOTRE JARDIN,Lata 0.425 KG,"0,79€","1,86€ / KG",
Gel de Banho para Corpo e Cabelo,DOVE,Emb. 0.4 LT,"3,29€","8,23€ / LT",
Desodorizante Roll-On Tropical 48H,REXONA,Emb. 0.05 LT,"2,39€","47,80€ / LT",
Bigburger Vegetais 2 Unid. Ultracongelado,CAPITÃO IGLO,Emb. 0.25 KG,"4,78€","19,12€ / KG",
Abrasivo Sanitário Active Fresh Pinho,HARPIC,Emb. 0.75 LT,"1,94€","2,59€ / LT",
Vinho do Porto Velhotes Tawny,CALEM,Garrafa 0.75 LT,"4,99€","6,65€ / LT",
TARTE FRUTOS SECOS,P'TIT DÉLI,Emb. 0.3 KG,"2,79€","9,30€ / KG",
Cereais Granola de Aveia Mel,NESTLÉ,Emb. 0.3 KG,"2,79€","9,30€ / KG",
Snack Fruut Maçã Vermelho Doce Sem Açúcar 20g,,Emb. 0.02 KG,"0,79€","39,50€ / KG",
Uva Branca,,1 Unid. = 0.25 KG (aprox.),"2,29€/kg","0,57€ / Unid.",
Ambientador Máquina Loiça,FINISH,Emb. 1 UNID.,"3,24€","3,24€ / UNID.",
Ice Tea Double Maracujá e Manga,LIPTON,Garrafa 2 LT,"2,49€","1,25€ / LT",
Manteiga com Sal Guerand Dop,NOS RÉGIONS ONT DU TALENT,Emb. 0.25 KG,"2,74€","10,96€ / KG",
Água S/ Gás,ECO+,Garrafa 0.5 LT,"0,14€","0,28€ / LT",
SABONETE LIQUIDO ALPERCE/ALOE VERA BIO,BIONAÏA,Emb. 0.3 LT,"1,89€","6,30€ / LT",
Bolachas de Água e Sal,VIEIRA,Emb. 12  UNID.,"1,91€","0,16€ /  UNID.",
Vinho Rosé,ECO+,Garrafão 5 LT,"5,69€","1,14€ / LT",
OVOS FRESCOS L/M/S BIO,,Emb. 6 UNID.,"2,29€","0,38€ / UNID.",
Chá Cherry Love,LIPTON,Emb. 20 SAQS,"1,94€","0,10€ / SAQS",
Cereais de Milho S/ Glúten C/ Chocolate Corn Flakes,NESTLÉ,Emb. 0.375 KG,"2,24€","5,97€ / KG",
XAU LIMPA MAQ EXPRESS,XAU,Emb. 0.25 LT,"4,99€","19,96€ / LT",
OIKOS MANGA-PAPAIA,OIKOS,Emb. 0.44 KG,"2,39€","5,43€ / KG",
Feijoada Transmontana,NOBRE,Lata 0.42 KG,"1,76€","4,19€ / KG",
Cerveja sem Álcool 6x33cl,SUPER BOCK,Emb. 1.98 LT,"4,49€","2,27€ / LT",
SARDINHA,PÊCHE OCÉAN,Emb. 0.7 KG,"3,14€","4,49€ / KG",
Café Torrado África Ásia e Brasil Moagem Grão,SICAL,Emb. 0.25 KG,"3,28€","13,12€ / KG",
Detergente Máquina Roupa Líquido Lãs e Sedas,WOOLITE,Emb. 25 DOSES,"3,49€","0,14€ / DOSES",
Pão Especial Multicereais,EPI D'OR,Emb. 0.5 KG,"1,39€","2,78€ / KG",
Escova de Bambu Suave,COLGATE,Emb. 1 UNID.,"2,99€","2,99€ / UNID.",
Gomas Starmix,HARIBO,Emb. 0.09 KG,"1,08€","12,00€ / KG",
Vinho Cotes Du Rhone A.O.C. 2015 Cuvee Prestige Gregoire,GREGOIRE XI,Garrafa 0.75 ML,"3,14€","4,19€ / ML",
Água S/ Gás 6 Unid.,ECO+,Garrafa 9 LT,"1,22€","0,14€ / LT",
Leite Bem Essencial UHT Gordo,MIMOSA,Emb. 1 LT,"1,14€","1,14€ / LT",
Spray de Limpeza e Desengordurante Cozinha Ecológico,UNÍ VERT,Emb. 0.75 LT,"1,35€","1,80€ / LT",
Chá Menta,TETLEY,Emb. 10 SAQ.,"0,86€","0,09€ / SAQ.",
Maruca Inteira Congelada,,1 Unid. = 0.8 KG (aprox.),"9,49€/kg","7,59€ / Unid.",
Néctar Clássico Ananás,COMPAL,Emb. 1 LT,"1,58€","1,58€ / LT",
Gel Casa de Banho Limpeza Brilhante,CIF,Emb. 0.75 LT,"1,39€","1,85€ / LT",
GUACAMOLE M.REPERE,TABLES DU MONDE,Emb. 0.3,"1,99€","6,63€ /",
Ervilhas e Cenouras Extra Finas,NOTRE JARDIN,Emb. 0.8 KG,"1,99€","2,49€ / KG",
CROQUETES GATINHO PREMIUM 450G LYCAT,PLENIMA,Emb. 0.45 KG,"1,79€","3,98€ / KG",
Cillit Bang Casa de Banho 500ML x12,CILLIT BANG,Emb. 0.5 LT,"2,24€","4,48€ / LT",
Enchido Seco à Base de Carne de Porco,,Emb. 0.2 KG,"2,19€","10,95€ / KG",
Vinho Regional Douro Tons Tinto,DUORUM,Garrafa 0.75 LT,"4,44€","5,92€ / LT",
Farelo de Aveia Integral,CEM PORCENTO,Emb. 0.4 KG,"1,48€","3,70€ / KG",
RECARGAS MOPA 40,CLAIR,Emb. 40 UNID.,"3,14€","0,08€ / UNID.",
WAFFERS EXTRA FINAS CHOCOLATE E AVELA,P'TIT DÉLI,Emb. 0.16 KG,"1,55€","9,69€ / KG",
Creme de Mãos Óleo de Côco,DOVE,Emb. 0.075 LT,"2,59€","34,53€ / LT",
Iogurte Bifidus Aveia e Nozes 4 Unid.,DANONE,Emb. 0.48 KG,"2,19€","4,56€ / KG",
Queijo de Barrar Alho Ervas Finas 9x20g,LES CROISÉS,Emb. 0.18 KG,"1,29€","7,17€ / KG",
Alimento Húmido para Cão Patê Aves,ECO+,Emb. 0.3 KG,"0,55€","1,83€ / KG",
Faqueiro Conjunto 24 Peças Inox,TROQUET ANIS,1 UNID.,"8,99€","8,99€ / UNID.",
Rolo de Cozinha Maxi XXL,RENOVA,Emb. 2 ROLOS,"2,24€","1,12€ / ROLOS",
Bolo Brigadeiro,,Emb. 1 KG,"8,99€","8,99€ / KG",
Óleo de Duche Natural,NIVEA,Emb. 0.2 LT,"3,98€","19,90€ / LT",
Gelado de Noz,CARTE D'OR,Emb. 1 LT,"4,48€","4,48€ / LT",
LIMPA VIDROS ECOLOGICO 750ML UNI VERT,UNÍ VERT,Emb. 0.75 LT,"1,35€","1,80€ / LT",
Puré de Tomate Duplo Concentrado,TURINI,Emb. 0.2 KG,"0,99€","4,95€ / KG",
Xau Limpa Máquinas Limão 2Packx12,XAU,,"6,99€",/ Unid.,
Bolachas Petit Beurre C/ Chocolate Preto Pocket,P'TIT DÉLI,Emb. 0.25 KG,"2,49€","9,96€ / KG",
Café Solúvel em Saquetas,NESCAFÉ,Emb. 6 UNID.,"3,48€","0,58€ / UNID.",
Polvilho Doce Brasil,GLOBO,Emb. 0.5 KG,"1,88€","3,76€ / KG",
Conjunto 3 Copos Baixos Piana 25cl,ARDENCE,3 UNID.,"1,99€","0,66€ / UNID.",
Salsichão com Alho,TRADILÈGE,Emb. 0.3 Kg,"3,09€","10,30€ / Kg",
Caldo de Peixe,KNORR,Emb. 8 CUBOS,"1,39€","0,17€ / CUBOS",
Pipe Rigate,TRADIZIONI D'ITALIA,Emb. 0.5 KG,"1,46€","2,92€ / KG",
Creme Limpeza Lixívia e Micro-Cristais,CIF,Emb. 0.7 LT,"2,49€","3,56€ / LT",
Maionese Top Down,CALVÉ,Emb. 0.24 KG,"1,98€","8,25€ / KG",
Cerveja com Álcool Mini 30x25cl,SAGRES,Emb. 7.5 LT,"12,69€","1,69€ / LT",
Body Milk Nutritivo Pele Seca,NIVEA,Emb. 0.4 LT,"4,99€","12,48€ / LT",
"Fraco Doseador 0,25L",,1 UNID.,"0,99€","0,99€ / UNID.",
Vinho Regional Tejo Tinto,BRIDÃO,Garrafa 0.75 LT,"3,28€","4,37€ / LT",
Sobremesa Gelado Vanilla Pecan,CARTE D'OR,Emb. 0.9 LT,"4,98€","5,53€ / LT",
FIAMBRE CORRENTE FATIADO,ECO+,Emb. 0.2 KG,"1,19€","5,95€ / KG",
Iogurte Grego Natural,YAOS,Emb. 0.45 KG,"1,99€","4,42€ / KG",
Preservativo Ultrafeel,CONTROL,Emb. 10 UNID.,"6,99€","0,70€ / UNID.",
Difusor Elétrico Ultra Control,AMBIPUR,Emb. 1 UNID.,"0,99€","0,99€ / UNID.",
TREMOCOS EXTRA EM FRASCO 13/15,RUSTICA,Emb. 0.37,"1,35€","3,65€ /",
Queijo Fatiado Light -50% Gordura,TERRA NOSTRA,Emb. 0.2 KG,"2,44€","12,20€ / KG",
Polvo Congelado,,1 Unid. = 2.5 KG (aprox.),"12,98€/kg","32,45€ / Unid.",
Barrinhas P/ Canários sabor a Frutas,TOUS MES AMIS,Emb. 0.06 KG,"1,28€","21,33€ / KG",
Rebuçados Sabor Limão,HALLS,Emb. 0.032 KG,"0,78€","24,38€ / KG",
Strudel de Maçã,,Emb. 0.6 KG,"2,69€","4,48€ / KG",
Cápsulas Café Ristretto Ardenza,DOLCE GUSTO,Emb. 30 CAPS.,"10,48€","0,35€ / CAPS.",
Saladeira Vidro 26cm,,1 P,"3,00€","3,00€ / P",
Fraldas Bebé Dry Fit Advanced T6 16-30Kg,CHICCO,Emb. 14 UNID.,"5,89€","0,42€ / UNID.",
Gomas Feijões,COPAÍNS COPINES,Emb. 0.2 KG,"1,56€","7,80€ / KG",
Piri-Piri Receita Tradicional,CALVÉ,Emb. 0.05 KG,"2,18€","43,60€ / KG",
Iogurte Líquido Corpos Piña Colada 4x155g,DANONE,Emb. 0.62 KG,"1,69€","2,73€ / KG",
Dove Silk Glow Gel de Banho,DOVE,Emb. 0.75 LT,"4,19€","5,59€ / LT",
Concentrado Laranja,SUNQUICK,Garrafa 0.7 LT,"5,28€","7,54€ / LT",
Leite Achocolatado 4x200ml,AGROS,Emb. 0.8 LT,"1,43€","1,79€ / LT",
Iogurte Bifidus Cremoso Cocktail de Frutas 0% 4 Unid.,DANONE,Emb. 0.48 KG,"1,99€","4,15€ / KG",
Ratatoille Cozinhado Ultracongelado,,Emb. 0.6 KG,"2,99€","4,98€ / KG",
"SPRAY AMBIENTADOR ""CITRINOS"" ANTI-TABACO 300ML",BIEN AIR,Emb. 0.3 LT,"1,04€","3,47€ / LT",
Cápsulas Café House Blend Lungo P/ Nespresso Intensidade 8,STARBUCKS,Emb. 10 CAPS.,"3,79€","0,38€ / CAPS.",
Água sem Gás,FASTIO,Garrafa 1.5 LT,"0,61€","0,41€ / LT",
Refrigerante C/ Gás S/ Açúcar Pack 6,COCA COLA,Emb. 1.98 LT,"4,26€","2,15€ / LT",
Conserva Ervilhas Cenouras 3x130g,NOTRE JARDIN,Emb. 0.13 KG,"2,19€","16,85€ / KG",
Tablete Chocolate Branco Culinária,TABLETTE D'OR,Emb. 0.18 KG,"1,75€","9,72€ / KG",
Batata Vermelha,,1 Unid. = 1 KG   (aprox.),"1,29€/kg","1,29€ / Unid.",
Conserva de Salsichas Aves 5 Unid.,IZIDORO,Frasco 0.25 KG,"1,59€","6,36€ / KG",
Queijo Mozarella Light,GALBANI,Emb. 0.125 KG,"1,78€","14,24€ / KG",
MOLHO CESAR COM GRANA PADANO E ALHO,RUSTICA,Emb. 0.05 LT,"2,68€","53,60€ / LT",
AMENDOINS C/ PELE TORRADOS C/ SAL,TOKAPI,Emb. 0.4 KG,"3,09€","7,73€ / KG",
Queijo Apimentado de Lamego,PAIVA,1 Unid. = 1.2 KG (aprox.),"10,49€/kg","12,59€ / Unid.",
Papa Infantil 8 Cereais e Mel,NESTLÉ,Emb. 0.25 KG,"2,29€","9,16€ / KG",
Desodorizante Roll-On Original,DOVE,Emb. 0.05 LT,"2,54€","50,80€ / LT",
Bolachas Alfa,NACIONAL,Emb. 0.18 KG,"0,94€","5,22€ / KG",
Favas Fritas C/ Sal,MARQUE REPERE,Emb. 0.2 KG,"1,69€","8,45€ / KG",
DENIM DEO SPRAY ORIGINAL,DENIM,Emb. 0.15 LT,"3,54€","23,60€ / LT",
Sabonete Liquido Leite e Azeitona,,Emb. 0.3 LT,"2,24€","7,47€ / LT",
MIOLO MEXILHAO SKIN PACK,PÊCHE OCÉAN,Emb. 0.23 KG,"1,98€","8,61€ / KG",
Refeição Legumes Com Vitela,BLÉDINA,Frasco 0.2 KG,"1,93€","9,65€ / KG",
Vinho Branco Alentejo Doc Reserva,REGUENGOS,Garrafa 0.75 LT,"3,99€","5,32€ / LT",
Mistura Solúvel Chicoria,ECO+,Emb. 0.2 KG,"1,89€","9,45€ / KG",
MINI SNACKS CARNE VACA P/ GATO 60G LYCAT,TOUS MES AMIS,Emb. 0.06 KG,"0,59€","9,83€ / KG",
Pastilhas Elásticas Senses Rainforest Mint 3x23g,TRIDENT,Emb. 0.069 KG,"2,48€","35,94€ / KG",
Pêssego Paraguaio,,1 Unid. = 0.15 KG (aprox.),"1,69€/kg","0,25€ / Unid.",
Massa Lasanha,TURINI,Emb. 0.5 KG,"1,91€","3,82€ / KG",
"AQUAFRESH ELIXIR INTENSE CLN,,500ML",AQUAFRESH,,"4,98€",/ Unid.,
Maracujá Roxo,,1 Unid. = 0.1 KG (aprox.),"7,98€/kg","0,80€ / Unid.",
Biscoitos Crocantes para Cão,LYDOG,Emb. 0.5 KG,"1,49€","2,98€ / KG",
Bebida Energética,BURN,Emb. 0.5 LT,"0,88€","1,76€ / LT",
WAFFERS EXTRA FINAS MORANGO E MORANGO SILVESTRE,P'TIT DÉLI,Emb. 0.16 KG,"1,55€","9,69€ / KG",
Café Pastilhas 100% Arabica,ECO+,Emb. 48 PAST.,"3,49€","0,07€ / PAST.",
Pão de Forma Formato Familiar,BIMBO,Emb. 0.7 KG,"2,18€","3,11€ / KG",
Tablete de Chocolate Preto,TABLETTE D'OR,Emb. 0.16 KG,"1,98€","12,38€ / KG",
Iogurte Grego Stracciatella,YAOS,Emb. 0.44 KG,"2,19€","4,98€ / KG",
GEL ANTI-CALCARIO 750ML,TEXIL,Emb. 0.75 KG,"1,99€","2,65€ / KG",
Johnson's Loção para Bebé Rosto e Corpo Cotton Touch,JOHNSON'S BABY,Emb. 0.5 LT,"3,89€","7,78€ / LT",
Nata com 3 Pimentas,PARMALAT,Emb. 0.2 LT,"1,15€","5,75€ / LT",
Alimento Seco P/ Cão Croquetes Sénior,LYDOG,Emb. 3 KG,"3,99€","1,33€ / KG",
Queijo Bola Flamengo,AGROS,Emb. 1.4 KG (aprox.),"7,59€/kg","10,63€ / Unid.",
Coloração Longa Duração Belle Color 6 Louro Escuro,GARNIER,Emb. 1 UNID.,"4,49€","4,49€ / UNID.",
Cereais Starz,NACIONAL,Emb. 0.3 KG,"1,69€","5,63€ / KG",
Biscoitos Revestidos com Chocolate de Leite,P'TIT DÉLI,Emb. 0.15 KG,"0,89€","5,93€ / KG",
Pastilhas Máquina Loiça Platinum Plus,FAIRY,Emb. 20 UNID.,"5,74€","0,29€ / UNID.",
Puré Maçã Ameixa S/ Adição Açúcar 4 Unid.,DOUCEUR DU VERGER,Emb. 0.4 KG,"1,70€","4,25€ / KG",
Iogurte Líquido Tutti Frutti 8 Unid.,YOGGI,Emb. 1.28 KG,"3,74€","2,92€ / KG",
BATATAS FRITAS ONDULADAS SABOR A KETCHUP,POM'LISSE,Emb. 0.135 KG,"1,32€","9,78€ / KG",
Alimento Seco P/ Cão Frango C/ Arroz,PURINA,Emb. 1.5 KG,"7,98€","5,32€ / KG",
Prato Raso Branco Opaco 25cm,,1 UNID.,"0,90€","0,90€ / UNID.",
Sorvete de Manga,TROFIC,,"1,98€",/ Unid.,
Rebuçados de Morango,COPAÍNS COPINES,Emb. 0.25 KG,"0,99€","3,96€ / KG",
Johnson's Champô para Crianças Gotas de Força,JOHNSON'S BABY,Emb. 0.5 LT,"5,58€","11,16€ / LT",
Abrilhantador Máquina Loiça,FAIRY,Emb. 0.475 LT,"5,77€","12,15€ / LT",
Vinho Branco,COMP DO VINHO,Emb. 1 LT,"0,88€","0,88€ / LT",
Alimento Húmido P/ Gato C/ Peixe e Molho Espinafres,GOURMET GOLD,Emb. 0.085 KG,"0,69€","8,12€ / KG",
SACO LIXO ECOBAG 20L FECHO FÁCIL (15 UN),VILEDA,Emb. 15 UNID.,"1,49€","0,10€ / UNID.",
Papel Higiénico 2 Folhas,MARQUE REPERE,Emb. 24 UNID.,"4,68€","0,20€ / UNID.",
Vinagre de Álcool Cristal,ECO+,Garrafa 1.5 LT,"0,95€","0,63€ / LT",
Caixa P/ 12 Ovos Plástico,,1 UNID.,"2,49€","2,49€ / UNID.",
Creme Hidratante,NIVEA,Emb. 0.03 LT,"1,68€","56,00€ / LT",
Água C/ Gás,CASTELLO,Garrafa 0.25 LT,"0,43€","1,72€ / LT",
PEPITAS DE CHOCOLATE DE LEITE,TABLIER BLANC,Emb. 0.1 KG,"2,09€","20,90€ / KG",
Fósforos de Segurança Longos 3x40 unid.,SILEX,Emb. 3 UNID.,"2,48€","0,83€ / UNID.",
MASSA PIZZA RECTANG.T.BL,TABLIER BLANC,Emb. 0.385 KG,"1,98€","5,14€ / KG",
Conserva de Feijão Encarnado,NOTRE JARDIN,Frasco 0.57 KG,"0,64€","1,12€ / KG",
Escova Dentes Intense Clean Médio,AQUAFRESH,Emb. 1 UNID.,"3,98€","3,98€ / UNID.",
Azeitonas Verdes S/ Caroço C/ Queijo,COULEURS VIVES,Emb. 0.15 KG,"2,19€","14,60€ / KG",
Iogurte Açucarado Pêssego Biológico 4x125g,,Emb. 0.5 KG,"1,29€","2,58€ / KG",
Gel de Banho Hidratante Baby,BABY DOVE,Emb. 0.2 LT,"1,79€","8,95€ / LT",
Bebida de Soja com Baunilha Biológica,,Emb. 1 LT,"1,24€","1,24€ / LT",
Alimento P/ Gato C/ Espirulina de Frango,PURINA,Emb. 1.4 KG,"4,99€","3,56€ / KG",
Conserva de Feijão Branco Cozido Da Horta,COMPAL,Emb. 0.42 KG,"1,18€","2,81€ / KG",
Vinho Regional Tejo Branco,PLEXUS,Garrafa 0.75 LT,"2,28€","3,04€ / LT",
Madalenas longas,P'TIT DÉLI,Emb. 0.44 KG,"2,75€","6,25€ / KG",
Refrigerante C/ Gás Cola Clear,JEAN'S,Emb. 1 LT,"1,37€","1,37€ / LT",
Bolachas Recheadas C/ Frutos do Bosque,MC VITIE'S,Emb. 0.218 KG,"2,08€","9,54€ / KG",
Folhados de Frutos do Mar 4x100g,CÔTÉ TABLE,Emb. 4 UNID.,"4,29€","1,07€ / UNID.",
BEBIDA SOJA BAUNILHA,ALPRO,Emb. 1 LT,"1,89€","1,89€ / LT",
Barras Hero Muesly Cereais Linea Choco Branco 6x20g,HERO,Emb. 0.12 KG,"1,79€","14,92€ / KG",
Tampões com Aplicador Pearl Super Plus,TAMPAX,Emb. 24 UNID.,"4,98€","0,21€ / UNID.",
Cabo Universal,,Emb. 1 UNID.,"4,19€","4,19€ / UNID.",
Café Cápsulas Descafe Intensidade 2,PLANTATION,Emb. 16 CAPS.,"2,44€","0,15€ / CAPS.",
Orecchiette,TRADIZIONI D'ITALIA,Emb. 0.5 KG,"1,63€","3,26€ / KG",
Bolachas Maria Júnior,MARIA,Emb. 0.276 KG,"2,98€","10,80€ / KG",
Tomate da Horta Concentrado,COMPAL,Emb. 0.14 KG,"0,98€","7,00€ / KG",
Queijo Mozzarella Mini,SANTA LUCIA,Emb. 0.15 KG,"2,64€","17,60€ / KG",
Sumo Refrigerado Cidreira Tília Camomila Limão,PLENO TISANAS,Garrafa 1.5 LT,"1,49€","0,99€ / LT",
Espumante ASTI Doce,GANCIA,Garrafa 0.75 LT,"7,98€","10,64€ / LT",
Leite 0% Lactose,UCAL,Emb. 1 LT,"1,52€","1,52€ / LT",
Bolacha Maria sem Açúcar 12 Unid.,,Emb. 0.3 KG,"2,98€","9,93€ / KG",
Queijo Fundido Fatias Light,A VACA QUE RI,Emb. 0.2 KG,"1,94€","9,70€ / KG",
FEIJOADA DE CHOCOS,CÔTÉ TABLE,Emb. 0.25 KG,"3,29€","13,16€ / KG",
Iogurte Sólido Proteíco Limão e Cookies Lindhals,NESTLÉ,Emb. 0.15 KG,"1,09€","7,27€ / KG",
Compota de Maçã 8x100g,DOUCEUR DU VERGER,Emb. 0.8 KG,"2,99€","3,74€ / KG",
Miolo de Amêndoa C/ Pele,MARQUE REPERE,Emb. 0.225 KG,"3,05€","13,56€ / KG",
GAUFRES COM MEL BIO,,Emb. 0.175 KG,"2,09€","11,94€ / KG",
Bolachas Mini Tarteletes com Recheio de Leite,P'TIT DÉLI,Emb. 0.225 KG,"1,68€","7,47€ / KG",
Alimento Seco Cão Croquete Vaca,LYDOG,Emb. 10 KG,"11,98€","1,20€ / KG",
CREME PARA BARRAR CACAU E AVELAS SEM OLEO PALMA BIO,,Emb. 0.35 KG,"3,14€","8,97€ / KG",
ATUM EM OLEO GIRASSOL REDONDO,PÊCHE OCÉAN,Emb. 0.085 KG,"0,65€","7,65€ / KG",
Sobremesa de Soja Pistachio,NAT&VIE,Emb. 0.4 KG,"1,49€","3,73€ / KG",
Spray Limpa Vidros Tripla Ação,AJAX,Emb. 0.5 LT,"2,14€","4,28€ / LT",
Café Expresso Bar Torrado,DELTA,Emb. 1 KG,"11,98€","11,98€ / KG",
Vinho Frisante Branco,LOURINHO,Garrafa 0.75 LT,"1,64€","2,19€ / LT",
Sementes de Girassol,MARQUE REPERE,Emb. 0.2 KG,"1,04€","5,20€ / KG",
Pevides de Girassol C/ Casca C/ Sal,MARQUE REPERE,Emb. 0.2 KG,"1,49€","7,45€ / KG",
Lápis para Colorir em Caixa de Metal,ESQUISSE,Emb. 18 UNID.,"3,50€","0,19€ / UNID.",
Bolachas com Pepitas de Chocolate,ECO+,Emb. 0.2 KG,"0,79€","3,95€ / KG",
Chili C/ Carne,CÔTÉ TABLE,Emb. 0.4 KG,"1,38€","3,45€ / KG",
Brioches Redondos 12 Unid.,EPI D'OR,Emb. 0.48 KG,"1,85€","3,85€ / KG",
Caldo de Legumes 8 Cubos,KNORR,Emb. 0.08 KG,"1,49€","18,63€ / KG",
Mortadela Simples,ELPOZO,1 Unid. = 0.2 KG (aprox.),"4,99€/kg","1,00€ / Unid.",
Alimento Seco Cão Croquetes Carne e Cereais,ECO+,Emb. 10 KG,"10,79€","1,08€ / KG",
ELIXIR BOCAL DE MENTA,DENTAMYL,Emb. 0.5 LT,"1,29€","2,58€ / LT",
Canela em Pó,RUSTICA,Frasco 0.035 KG,"0,49€","14,00€ / KG",
"BEBIDA SOJA CHOCOLATE, 1L",ALPRO,Emb. 1 LT,"1,89€","1,89€ / LT",
Pacotinho de Cereais e Mel,NESTUM,Emb. 0.08 KG,"0,74€","9,25€ / KG",
Crepes de Chocolate com Cereais Crocantes,P'TIT DÉLI,Emb. 0.256 KG,"1,99€","7,77€ / KG",
OIKOS NATURAL 110G X4,OIKOS,Emb. 0.44 KG,"2,39€","5,43€ / KG",
Triguilho Biológico,,Emb. 0.5 KG,"1,59€","3,18€ / KG",
LUVAS DESCARTÁVEIS EXTRA LONG 10 UN PEQ/MED,VILEDA,Emb. 10 UNID.,"2,79€","0,28€ / UNID.",
Pargo Mulato,,1 Unid. = 0.77 KG (aprox.),"5,99€/kg","4,61€ / Unid.",
LAVA TUDO PINHO,CLAIR,Emb. 1.5 LT,"1,67€","1,11€ / LT",
Bebida de Amêndoa 0%,SHOYCE,Emb. 1 LT,"1,98€","1,98€ / LT",
Iogurte Líquido Morango,DÉLISSE,Emb. 0.85 KG,"1,09€","1,28€ / KG",
Milho Doce 3X85g,BONDUELLE,Emb. 0.255 KG,"1,59€","6,24€ / KG",
Prato Sobremesa Gourmandine Vermelho 21cm,ARDENCE,1 UNID.,"2,20€","2,20€ / UNID.",
ESPUMA CABELO ESPECIAL CARACOIS 200ML,VITANOVE,Emb. 0.2 LT,"1,14€","5,70€ / LT",
Queijo Fresco 0%,,Emb. 1 KG,"1,79€","1,79€ / KG",
Farinha Express,MAIZENA,Emb. 0.25 KG,"2,77€","11,08€ / KG",
Néctar Clássico Maracujá,COMPAL,Emb. 1 LT,"1,58€","1,58€ / LT",
Alimento Húmido para Gato Carne em Molho 24x100g,TOUS MES AMIS,Emb. 24 UNID.,"6,99€","0,29€ / UNID.",
MOLHO DE COGUMELOS DESIDRATADO,RUSTICA,Emb. 0.027 KG,"0,79€","29,26€ / KG",
Vinho A.O.C. Sauternes 2014,CHANTET BLANET,Garrafa 0.75 LT,"10,49€","13,99€ / LT",
Destop Gel Express Odor Stop 1Litro x15,DESTOP,Emb. 1 LT,"4,49€","4,49€ / LT",
Gin Premium Pink,GORDON'S,Garrafa 0.7 LT,"17,48€","24,97€ / LT",
ABRILHANTADOR P/ MAQUINA LOICA ECO,UNÍ VERT,Emb. 0.75 LT,"2,09€","2,79€ / LT",
Creme Soft Hidratante Intensivo,NIVEA,Emb. 0.2 LT,"5,69€","28,45€ / LT",
Caneca Rouge Gourmandine 38cl,ARDENCE,1 UNID.,"1,50€","1,50€ / UNID.",
Pães com Recheio a Chocolate,EPI D'OR,Emb. 1 P,"1,59€","1,59€ / P",
Mini Gelados Double Caramelo Pack 6,MAGNUM,Emb. 0.36 LT,"3,59€","9,97€ / LT",
GUARDANAPOS RED LABEL 1F RED,GUARDANAPOS RENOVA,Emb. 70 UNID.,"0,69€","0,01€ / UNID.",
MIOLO DE CAMARAO SKIN PACK 100/200,PÊCHE OCÉAN,Emb. 0.16 KG,"3,13€","19,56€ / KG",
Chouriço Sabor de Português,DAMATTA,Emb. 0.16 KG,"2,19€","13,69€ / KG",
Iogurte Mix-in Kit Kat Morango 2 Unid.,NESTLÉ,Emb. 0.115 KG,"1,99€","17,30€ / KG",
CREME VEGETAL P/ BARRAR,,Emb. 0.5 KG,"1,89€","3,78€ / KG",
Espuma de Barbear Clássica,GILLETTE,Emb. 0.2 LT,"2,88€","14,40€ / LT",
Pastis de Marseille,VIVALIS,Garrafa 0.7 LT,"10,49€","14,99€ / LT",
Conserva de Atum com Piri-piri,RAMIREZ,Emb. 0.12 KG,"1,68€","14,00€ / KG",
Rissóis de Pescada,,Emb. 8 UNID.,"1,99€","0,25€ / UNID.",
Farinha de Trigo com Fermento,ECO+,Emb. 1 KG,"0,95€","0,95€ / KG",
Café Cápsulas Vellutato Intensidade 9,PLANTATION,Emb. 10 CAPS.,"1,78€","0,18€ / CAPS.",
Pão Rústico,BIMBO,Emb. 0.45 KG,"2,28€","5,07€ / KG",
Alho em Pó,RUSTICA,Frasco 0.038 KG,"0,64€","16,84€ / KG",
Azeitona Galega,,1 Unid. = 0.1 KG (aprox.),"5,79€/kg","0,58€ / Unid.",
Barras de Cereais Light Muesly Chocolate 6x20g,HERO,Emb. 0.12 KG,"1,79€","14,92€ / KG",
Cantaril,,1 Unid. = 0.56 KG (aprox.),"3,98€/kg","2,23€ / Unid.",
Vinho Branco Frisante,MONTARRO,Garrafa 0.75 LT,"1,78€","2,37€ / LT",
Mousse de Chocolate Preto e de Leite 8X60g,DÉLISSE,Emb. 0.96 LT,"2,19€","2,28€ / LT",
Café Cápsulas XL Qalidus Intensidade 10,DELTA Q,Emb. 40 CAPS.,"12,99€","0,32€ / CAPS.",
Bolo em Barra 2x500g,,Emb. 1 KG,"2,69€","2,69€ / KG",
LIMPA MOVEIS AEROSSOL,CLAIR,Emb. 0.3 LT,"1,04€","3,47€ / LT",
Néctar Clássico Pêssego,COMPAL,Emb. 1 LT,"1,08€","1,08€ / LT",
Caixa de Arrumação com Tampa 18L Cinza,,1 UNID.,"4,19€","4,19€ / UNID.",
Gel de Banho Naturals Amêndoa e Leite,PALMOLIVE,Emb. 0.5 LT,"2,69€","5,38€ / LT",
ALGODAO DESMAQUILHANTE BOLAS,INELL,Emb. 100 UNID.,"0,83€","0,01€ / UNID.",
GUYLIAN CHOCOLATE LEITE  c/  CARAMELO SALGADO 100g,,,"2,68€",/ Unid.,
Molho Agridoce com Legumes Crocantes,RUSTICA,Frasco 0.4 KG,"1,62€","4,05€ / KG",
Conserva de Milho Doce,NOTRE JARDIN,Lata 0.285 KG,"0,83€","2,91€ / KG",
MEGA CHOCO CHOCOLATE LEITE CROCANTE,P'TIT DÉLI,Emb. 0.15 KG,"1,58€","10,53€ / KG",
Desodorizante Roll-On Invisible Care,DOVE,Emb. 0.05 LT,"2,54€","50,80€ / LT",
QUEIJO PARA BARRAR COM PIMENTA,LES CROISÉS,Emb. 0.15 KG,"1,09€","7,27€ / KG",
Sortidos de Biscoitos,ECO+,Emb. 0.5 KG,"1,99€","3,98€ / KG",
Stick P/ Gato Salmão 3X5G,LYCAT,Emb. 3 UNID.,"0,49€","0,16€ / UNID.",
Bechamel,PARMALAT,Emb. 0.2 KG,"0,99€","4,95€ / KG",
LEGUMES SALTEADOS WOK INDIANO,NOTRE JARDIN,Emb. 1 KG,"3,29€","3,29€ / KG",
Escorredor de Talheres Vertical,ARDENCE,1 UNID.,"2,99€","2,99€ / UNID.",
Conserva de Salsichas Extra Suculentas Aves 7 Unid.,NOBRE,Frasco 0.35 KG,"1,68€","4,80€ / KG",
Néctar de Tutti Frutti Clássico 3 Unid.,JAFADEN,Emb. 0.6 LT,"1,07€","1,78€ / LT",
Miolo de Noz Metades,MARQUE REPERE,Emb. 0.2 KG,"3,69€","18,45€ / KG",
Alimento Húmido Gatinhos de Coelho Vaca Aves 4x400g,LYCAT,Emb. 4 UNID.,"3,79€","0,95€ / UNID.",
FIO DENTARIO COM FLUOR E MENTOL,DENTAMYL,Emb. 50 M,"1,31€","0,03€ / M",
Néctar Clássico Tutti Frutti,COMPAL,Emb. 1 LT,"1,08€","1,08€ / LT",
Verniz de Unhas 60 Segundos 703,RIMMEL,Emb. 1 UNID.,"5,34€","5,34€ / UNID.",
Bebida Energética,X-TENSE,Lata 4 UNID.,"3,94€","0,99€ / UNID.",
Bloco WC Duo-Activo Pinho Original,SONASOL,Emb. 0.06 LT,"1,49€","24,83€ / LT",
Arroz Estufado,CAÇAROLA,Emb. 1 KG,"1,56€","1,56€ / KG",
Batatas Fritas com Sal 6x30 g,LAY'S,Emb. 0.18 KG,"2,28€","12,67€ / KG",
"Prato Fundo 19,5cm Azul Marinho",ARDENCE,1 UNID.,"2,20€","2,20€ / UNID.",
PANO SUAVE DUPLO,VILEDA,,"1,48€",/ Unid.,
Alimento Húmido P/ Gato Completo Geleia Carne 390g,LYCAT,Emb. 4 UNID.,"3,29€","0,82€ / UNID.",
Cevada Solúvel sem Café,DELTA,Frasco 0.2 KG,"1,74€","8,70€ / KG",
Rum Carta Blanca,BACARDI,Garrafa 0.7 LT,"17,08€","24,40€ / LT",
CAVALINHA EM ÓLEO VEGETAL,PITEU,Emb. 0.12 KG,"1,28€","10,67€ / KG",
GEL-CREME HIDRATANTE 50ML,INELL,Emb. 0.05 LT,"3,13€","62,60€ / LT",
DOCE TEMPORADA ABÓBORA 350G,CASA MATEUS,Emb. 0.35 KG,"3,58€","10,23€ / KG",
Preparado Sopa de Cozido,KNORR,Emb. 0.069 KG,"1,49€","21,59€ / KG",
Marcadores de Colorir Laváveis Ponta Média,ESQUISSE,Emb. 24 UNID.,"2,99€","0,12€ / UNID.",
RABANETE S/ RAMA,,Emb. 0.125,"0,79€","6,32€ /",
ALIMENT BEBE: PURE ERVILHAS BIO +4M  2X120G,BIO VILLAGE BEBE,Emb. 0.24 KG,"1,45€","6,04€ / KG",
Vinho Regional Alentejano Tinto,HERDADE S. MIGUEL,Garrafa 0.75 LT,"4,98€","6,64€ / LT",
Alimento Húmido P/ Gato C/ Carne de Vaca e Legumes,FRISKIES,Emb. 0.4 KG,"1,10€","2,75€ / KG",
Crepes com Manteiga,P'TIT DÉLI,Emb. 0.3 KG,"1,99€","6,63€ / KG",
CRAVINHO GRAO SAQUETA,RUSTICA,Emb. 0.03 KG,"1,21€","40,33€ / KG",
Queijo Apimentado Fonte da Mourisca,LACTO SERRA,1 Unid. = 0.8 KG (aprox.),"8,98€/kg","7,18€ / Unid.",
Bolo de Marmore Chocolate,P'TIT DÉLI,Emb. 0.3 KG,"1,99€","6,63€ / KG",
Folhas de Salsa,RUSTICA,Frasco 0.012 KG,"0,68€","56,67€ / KG",
Massa Linguine,MILANEZA,Emb. 0.5 KG,"1,84€","3,68€ / KG",
Rolo Cozinha Compacto,MARQUE REPERE,Emb. 2 UNID.,"1,25€","0,63€ / UNID.",
B&J Caramel Brownie Party 465ml,,Emb. 0.465 LT,"6,78€","14,58€ / LT",
Água Nascente S/ Gás,ECO+,Garrafão 6 LT,"0,79€","0,13€ / LT",
Sticks P/ Gato C/ Frango,TOUS MES AMIS,Emb. 3 UNID.,"0,49€","0,16€ / UNID.",
Whisky J&B Rare,J&B,Garrafa 0.7 LT,"15,48€","22,11€ / LT",
Crackers com Sésamo,VIEIRA,Emb. 0.2 KG,"1,13€","5,65€ / KG",
Creme Hidratante Bebé Rosto e Corpo,MOTS D'ENFANTS,Emb. 0.1 LT,"2,09€","20,90€ / LT",
Água sem Gás,VITALIS,Garrafa 0.75 LT,"0,52€","0,69€ / LT",
Vodka Premium 100% Pure,ERISTOFF,Garrafa 0.7 LT,"12,98€","18,54€ / LT",
Iogurte Líquido S/ Lactose Morango Banana 4 Unid.,YOGGI,Emb. 0.64 KG,"2,09€","3,27€ / KG",
Bife Pojadouro de Novilho,,1 Unid. = 0.25 KG (aprox.),"12,78€/kg","3,20€ / Unid.",
Iogurte Líquido Morango 4x155g,CORPOS DANONE,Emb. 0.62 KG,"1,69€","2,73€ / KG",
Alimento Húmido para Gato Patê Aves,ECO+,Emb. 0.1 KG,"0,27€","2,70€ / KG",
Bolachas com Recheio Aroma a Framboesa,P'TIT DÉLI,Emb. 0.15 KG,"1,25€","8,33€ / KG",
Açúcar Especial Compota,TÉVA,Emb. 1 KG,"1,89€","1,89€ / KG",
Mini Bolos de Mármore de Chocolate,P'TIT DÉLI,Emb. 0.378 KG,"2,49€","6,59€ / KG",
Spray de Cabelo Condicionador Smooth & Silky,SYOSS,Emb. 0.2 LT,"6,99€","34,95€ / LT",
Fiambre à italiana Fatias,TRADILÈGE,Emb. 0.12 KG,"2,59€","21,58€ / KG",
Tablete de Chocolate Preto Praline com Pepitas de Avelã,EQUADOR,Emb. 0.15 KG,"1,88€","12,53€ / KG",
Papa Infantil de Maçã,CERELAC,Emb. 0.25 KG,"3,18€","12,72€ / KG",
Mistura de Cogumelos,NOTRE JARDIN,Emb. 0.45 KG,"2,24€","4,98€ / KG",
Vinho Rosé Frutado,SALVE,Garrafa 0.75 LT,"1,29€","1,72€ / LT",
FRANCESINHA,CÔTÉ TABLE,Emb. 0.45 KG,"4,99€","11,09€ / KG",
Alho Picado,MARGÃO,Frasco 0.06 KG,"3,18€","53,00€ / KG",
Refrigerante C/ Gás Zero Açúcar Pack 4,COCA COLA,Emb. 4 LT,"4,55€","1,14€ / LT",
Massa Talharim,MILANEZA,Emb. 0.5 KG,"1,68€","3,36€ / KG",
Whisky Fin Blen,WILLIAM LAWSON'S,Garrafa 0.7 LT,"14,48€","20,69€ / LT",
QUEIJO FLAMENGO FATIADO,ECO+,Emb. 0.2 KG,"1,49€","7,45€ / KG",
Cebola,,1 Unid. = 1 KG  (aprox.),"1,49€/kg","1,49€ / Unid.",
Cereais Arroz S/ Glúten,NESTUM,Emb. 0.25 KG,"2,48€","9,92€ / KG",
Salmão Posta,,1 Unid. = 0.25 KG (aprox.),"11,98€/kg","3,00€ / Unid.",
Tablete Chocolate Fruit & Nut Dairy Milk,CADBURY,Emb. 0.11 KG,"2,38€","21,64€ / KG",
Batatas Fritas Tradicional 100% em Azeite,SNR,Emb. 0.15 KG,"1,35€","9,00€ / KG",
Ambientador Stick Perfumado Amora e Baunilha,AIRWICK,Emb. 0.025 LT,"10,98€","439,20€ / LT",
Jardineira Mistura de Vegetais Ultracongelados,IGLO,Emb. 0.65 KG,"2,98€","4,58€ / KG",
Bife de Alcatra Novilho,,1 Unid. = 0.35 KG (aprox.),"9,98€/kg","3,49€ / Unid.",
Cevada Especial Torrada Moída,DELTA,Emb. 0.25 KG,"0,88€","3,52€ / KG",
Margarina Óleo Girassol 1/2 Sal,NAT&VIE,Emb. 0.5 KG,"1,99€","3,98€ / KG",
Yofu Polpa 4x125g,,Emb. 0.5 KG,"2,29€","4,58€ / KG",
ALIMENTO HUMIDO ALMONDEGAS AVE P/ GATO,ECO+,Emb. 0.82 KG,"1,29€","1,57€ / KG",
Rigatoni,TRADIZIONI D'ITALIA,Emb. 0.5 KG,"1,56€","3,12€ / KG",
Espanador Duster + 5 Panos,SWIFFER,Emb. 1 UNID.,"4,18€","4,18€ / UNID.",
Iogurte Líquido Proteíco Framboesa e Baunilha,NESTLÉ,Emb. 0.33 LT,"1,89€","5,73€ / LT",
Bolachas Enroladas Cobertas de Chocolate Preto,P'TIT DÉLI,Emb. 0.125 KG,"1,69€","13,52€ / KG",
Corn Flakes Açucarados,,Emb. 0.75 KG,"2,15€","2,87€ / KG",
Refrigerante com Gás Ginger Ale,SCHWEPPES,Garrafa 1 LT,"1,94€","1,94€ / LT",
Feijão Branco Seco,NOTRE JARDIN,Emb. 0.5 KG,"1,10€","2,20€ / KG",
Douradinhos 30 Unid. Ultracongelado,CAPITÃO IGLO,Emb. 0.84 KG,"10,68€","12,71€ / KG",
Panela de Inox 18cm,,1 UNID.,"6,99€","6,99€ / UNID.",
Queijo de Cabra Sainte Maure,LES CROISÉS,Emb. 0.2 KG,"2,19€","10,95€ / KG",
Johnson\'s Loção para Crianças Bons Sonhos,JOHNSON'S BABY,Emb. 0.5 LT,"3,89€","7,78€ / LT",
Ice Tea Limão 2x2lt,LIPTON,Emb. 4 LT,"4,99€","1,25€ / LT",
CONDICIONADOR ALISANTE,VITANOVE,Emb. 0.2 LT,"1,25€","6,25€ / LT",
Queijo Flamengo Ralado Valformoso,VALFORMOSO,Emb. 0.15 KG,"1,35€","9,00€ / KG",
Champô Repara e Protege com Biotina,TRESEMMÉ,Emb. 0.4 LT,"4,19€","10,48€ / LT",
Creme 6 Chocolate e 6 Baunilha 12x125 g,ECO+,Emb. 1.5 KG,"2,69€","1,79€ / KG",
Bolachas de Trigo e Sementes de Sésamo,NAT&VIE,Emb. 0.2 KG,"1,69€","8,45€ / KG",
BLOCO SANITARIO ANTI-TARTARO PINHO 3UN,ECO+,Emb. 3 UNID.,"0,99€","0,33€ / UNID.",
Pantene Creme de Pentear Sem Enxaguar Cabelo ondulado 270ml,PANTENE PV,Emb. 0.27 LT,"4,49€","16,63€ / LT",
Maçã Granny Smith Cal. 75/80,,1 Unid. = 0.17 KG (aprox.),"2,69€/kg","0,46€ / Unid.",
Compota de Maçã e Pêra Biológica 4x100g,,Emb. 0.4 KG,"1,99€","4,98€ / KG",
Mil Folhas,,1 Unid. = 0.1 KG,"0,99€","9,90€ / KG",
Máscara Capilar para Cabelo Seco,TRESEMMÉ,Emb. 0.5 LT,"5,39€","10,78€ / LT",
Alimento Seco P/ Gatos Esterilizados Salmão,PURINA FRISKIES,Emb. 1.5 KG,"6,49€","4,33€ / KG",
SOBREMESA CREME CHOCOLATE/AVELA,DÉLISSE,Emb. 0.5 KG,"1,49€","2,98€ / KG",
Tâmara Seca C/ Caroço,MARQUE REPERE,Emb. 0.2 KG,"1,35€","6,75€ / KG",
Alimento Seco Gato com Atum,WHISKAS,Emb. 0.35 KG,"2,08€","5,94€ / KG",
MOLHO PIMENTA,RUSTICA,Emb. 0.3 LT,"1,39€","4,63€ / LT",
Sopa Rabo de Boi 4 Porções,KNORR,Emb. 0.071 KG,"1,49€","20,99€ / KG",
Spray Tira Nodoas Desengordurante,KH-7,Emb. 0.75 LT,"4,28€","5,71€ / LT",
Cerveja com Álcool 15x20cl,SUPER BOCK,Emb. 3 LT,"6,59€","2,20€ / LT",
Tampões com Aplicador Pearl Super,TAMPAX,Emb. 24 UNID.,"4,98€","0,21€ / UNID.",
Tomate Cacho,,1 Unid. = 0.2 KG (aprox.),"1,89€/kg","0,38€ / Unid.",
Tomato Frito,HEINZ,Emb. 0.35 KG,"1,19€","3,40€ / KG",
Manteiga Light,MATINAL,Emb. 0.25 KG,"2,38€","9,52€ / KG",
SYOSS OLEO INT. 4-18 CAST.PRALI,SYOSS,,"6,24€",/ Unid.,
Couve Penca,,1 Unid. = 1.05 KG (aprox.),"1,89€/kg","1,98€ / Unid.",
GELEIA MORANGO 345G,CASA MATEUS,Emb. 0.345 KG,"3,28€","9,51€ / KG",
QUEIJO EDAM FATIADO,ECO+,Emb. 0.5 KG,"3,55€","7,10€ / KG",
IOGURTE LIQUIDO SABOR A MORANGO 8H FORA FRIGORIFICO,DÉLISSE,Emb. 0.8 KG,"1,99€","2,49€ / KG",
IOGURTE BIFIDUS COCO,DÉLISSE,Emb. 0.5 KG,"0,99€","1,98€ / KG",
Carte D'Or Gelado Limão,CARTE D'OR,Emb. 0.9 LT,"4,98€","5,53€ / LT",
Doce de Morango Biológico,,Emb. 0.37 KG,"2,15€","5,81€ / KG",
BACALHAU A BRAS 300G,CÔTÉ TABLE,Emb. 0.25 KG,"2,28€","9,12€ / KG",
Queijo Mascarpone,GALBANI,Emb. 0.5,"6,88€","13,76€ /",
Champô Cabelos Secos,ULTRA SUAVE,Emb. 0.25 LT,"3,98€","15,92€ / LT",
Molho Whisky Cocktail,CALVÉ,Frasco 0.253 KG,"2,68€","10,59€ / KG",
Alimento Húmido P/ Gato Mixed Grill,FELIX,Emb. 0.06 KG,"1,39€","23,17€ / KG",
Penso Incontinência Discreet Extra,AUSONIA,Emb. 20 UNID.,"3,89€","0,19€ / UNID.",
Conserva de Grão,COMPAL,Lata 0.845 KG,"1,88€","2,22€ / KG",
Vinho de Mesa Tinto,ECO+,Emb. 2 LT,"2,69€","1,35€ / LT",
Leite P/ Lactentes 1,NAN,Emb. 0.8 KG,"15,99€","19,99€ / KG",
Bebida Solúvel Cereais Cevada Chicória e Café,TOFINA,Frasco 0.2 KG,"3,38€","16,90€ / KG",
Gomas Bananas,INTERDOCES,Emb. 0.15 KG,"1,29€","8,60€ / KG",
Papel Higiénico Extra XXL 2 Folhas,RENOVA,Emb. 24 ROLOS,"11,84€","0,49€ / ROLOS",
Cracker com Sal,PAVESI,Emb. 0.56 KG,"2,79€","4,98€ / KG",
Choco Inteiro Congelado,,1 Unid. = 0.2 KG (aprox.),"7,99€/kg","1,60€ / Unid.",
Alimento Húmido P/ Gato Gold Mousse Peixe,GOURMET GOLD,,"0,69€",/ Unid.,
BARQUETTES MORANGO BIO,,Emb. 0.12 KG,"1,79€","14,92€ / KG",
DANACOL LÍQUIDO COLESTEROL NOZ,DANACOL,Emb. 6 UNID.,"2,99€","0,50€ / UNID.",
Café Torrado Puro Arabica Moído,,Emb. 0.5 KG,"3,99€","7,98€ / KG",
Leite de Crescimento 1+ Cereais,NESTLÉ,Emb. 1 LT,"2,48€","2,48€ / LT",
Ovos Solo L,SNR,Emb. 12 UNID.,"2,19€","0,18€ / UNID.",
BOLACHA PALET RECEITA MADALENAS X8,P'TIT DÉLI,Emb. 0.125 KG,"1,39€","11,12€ / KG",
Inseticida Elétrico Melgas e Mosquitos + Recarga 23ML,DUM DUM,,"7,49€",/ Unid.,
VINAGRE CRISTAL BRANCO 0.75L,CRISTAL,,"1,29€",/ Unid.,
Feijão Catarino Seco,NOTRE JARDIN,Emb. 0.5 KG,"1,03€","2,06€ / KG",
Erdinger Cerveja da Alemanha Dunkel Preta,ERDINGER,Emb. 0.5 LT,"2,78€","5,56€ / LT",
Gomas Trio Açucar,COPAÍNS COPINES,Emb. 0.2 KG,"1,31€","6,55€ / KG",
Cápsulas Descafeinado Espresso P/ Nespresso Intensidade 11,STARBUCKS,Emb. 10 CAPS.,"3,79€","0,38€ / CAPS.",
Douradinho de Vegetais 10 Unid. Ultracongelados,IGLO,Emb. 0.284 KG,"2,99€","10,53€ / KG",
Patê Fiambre Sólo Natural,LA PIARA,Emb. 0.077 KG,"1,73€","22,47€ / KG",
Arroz Vaporizado,COZINHA VELHA,Emb. 1 KG,"1,48€","1,48€ / KG",
Snacks Tex-Mex,DORITOS,Emb. 0.12 KG,"1,59€","13,25€ / KG",
Creme Limpeza Original Multiusos,CIF,Emb. 0.7 LT,"2,49€","3,56€ / LT",
Crackers sem Sal na Superfície,GRAN PAVESI,Emb. 0.56 KG,"2,78€","4,96€ / KG",
Conserva de Feijão Encarnado Cozido com pouco Sal,FERBAR,Lata 0.42 KG,"1,28€","3,05€ / KG",
Pastilha Elástica sem Açúcar Morango,TRIDENT,Emb. 0.058 KG,"2,28€","39,31€ / KG",
Desodorizante Roll-On Invisible 48H,REXONA,Emb. 0.05 LT,"2,39€","47,80€ / LT",
Couve Flor Congelada,NOTRE JARDIN,Emb. 1 KG,"1,98€","1,98€ / KG",
Amaciador Concentrado Flores do Campo,HYPERDOU,Emb. 72 DOSES,"1,69€","0,02€ / DOSES",
RECARGA P/ SABONETE LIQUIDO AMENDOA/MEL 750ML,ECO+,Emb. 0.75,"1,25€","1,67€ /",
Picanha de Novilho,,1 Unid. = 2 KG (aprox.),"8,99€/kg","17,98€ / Unid.",
Rebuçados sem Açúcar Sabor Morango 4x32g,HALLS,Emb. 0.128 KG,"2,78€","21,72€ / KG",
Perca Posta,,1 Unid. = 0.3 KG (aprox.),"7,98€/kg","2,39€ / Unid.",
"Café Solúvel Cevada, Chicória e Centeio",BRASA,Frasco 0.2 KG,"2,68€","13,40€ / KG",
Area Absorvente Optimale,TOUS MES AMIS,Emb. 5 LT,"4,99€","1,00€ / LT",
Sementes de Linhaça,MARQUE REPERE,Emb. 0.2 KG,"0,83€","4,15€ / KG",
Preparado Sopa Regular Legumes,KNORR,Emb. 0.063 KG,"1,49€","23,65€ / KG",
Yofu Baunilha 500g,ALPRO,Emb. 0.5 KG,"2,98€","5,96€ / KG",
Atum Posta Caril,BOM PETISCO,Emb. 0.12 KG,"1,98€","16,50€ / KG",
Caldo Galinha Vitalie 8 Cubos,KNORR,Emb. 0.08 KG,"1,49€","18,63€ / KG",
Tarte Gelada Baunilha,VIENNETTA,Emb. 0.65 LT,"3,98€","6,12€ / LT",
"Conjunto 12 Copos Flute 15,5cl",,12 UNID.,"6,50€","0,54€ / UNID.",
5 Cereais C/ Cereais Integrais,NESTUM,Emb. 0.25 KG,"1,49€","5,96€ / KG",
Bife da Vazia Novilho,,1 Unid. = 0.55 KG (aprox.),"16,98€/kg","9,34€ / Unid.",
JULIANA DE LEGUMES BIO,,Emb. 0.6 KG,"1,69€","2,82€ / KG",
Refrigerante C/ Gás Cola Zero,JEAN'S,Garrafa 1.5 LT,"0,59€","0,39€ / LT",
Queijo Pointe de Brie,ECO+,Emb. 0.2 KG,"1,39€","6,95€ / KG",
Pão Centeio,,1 Unid. = 0.4 KG,"1,29€","3,23€ / KG",
Água Mineral C/ Gás 1L,EAU,Emb. 6 UNID.,"1,66€","0,28€ / UNID.",
Bolachas Recheadas Baunilha,P'TIT DÉLI,Emb. 0.154 KG,"0,85€","5,52€ / KG",
Fraldas Bebé T4 Ultra Confort 7/18 Kg,MOTS D'ENFANTS,Emb. 44 UNID.,"7,61€","0,17€ / UNID.",
BANDAS DEPILATORIAS CERA FRIA PELE SENSIVEL AXILA/VIRILHA 16UN,SLISS,Emb. 16 UNID.,"1,65€","0,10€ / UNID.",
Pudim Caramelo,BOCA DOCE,Emb. 0.022 KG,"0,46€","20,91€ / KG",
MINI PETIT GATEAU CHOCOLATE 8UN,AUTOUR DU DESSERT,Emb. 0.192 KG,"3,59€","18,70€ / KG",
Verificador de Cozedura de Ovo,CMP,1 UNID.,"1,99€","1,99€ / UNID.",
MANTEIGA D'ISIGNY DOP,NOS RÉGIONS ONT DU TALENT,Emb. 0.25 KG,"2,74€","10,96€ / KG",
Pensos Diários Slip Normal,AUSONIA,Emb. 40 UNID.,"1,98€","0,05€ / UNID.",
Caldo Natura de Galinha Pack 4,KNORR,Emb. 0.112 KG,"1,49€","13,30€ / KG",
Alimento Perle Húmido P/ Gato C/ Molho Frango e Vaca 4x85g,PURINA,Emb. 0.34 KG,"2,39€","7,03€ / KG",
Leite Bem Essencial UHT Magro,MIMOSA,Emb. 1 LT,"0,89€","0,89€ / LT",
FEIJOADA TRANSMONTANA IZIDORO 420G,IZIDORO,Emb. 0.42 KG,"2,94€","7,00€ / KG",
Alheira de Mirandela,ANGELINA,Emb. 0.2 KG,"1,59€","7,95€ / KG",
AUSONIA CUECAS INCONTINÊNCIA DISCREET PANTS NR TM 4X8,AUSONIA,,"5,99€",/ Unid.,
Queijo Fatiado Flamengo,TERRA NOSTRA,Emb. 0.2 KG,"2,34€","11,70€ / KG",
FEIJAO BRANCO 3X200G,NOTRE JARDIN,Emb. 0.6 KG,"1,49€","2,48€ / KG",
Caldo de Galinha,KNORR,Emb. 0.084 KG,"1,39€","16,55€ / KG",
Tostas de 6 Cereais,EPI D'OR,Emb. 0.3 KG,"1,39€","4,63€ / KG",
Little Bites,BIMBO,Emb. 0.188 KG,"1,99€","10,59€ / KG",
Escova de Dentes Macia Média Junior,DENTAMYL,,"0,79€",/ Unid.,
Conserva de Atum Albacore Inteiro 2x200g,PÊCHE OCÉAN,Emb. 0.4 KG,"3,39€","8,48€ / KG",
Ameixa Seca Descaroçada,MARQUE REPERE,Emb. 0.2 KG,"2,69€","13,45€ / KG",
Bolacha Ondulada,,Emb. 0.3 KG,"2,09€","6,97€ / KG",
Vinho Regional Dão Branco,DUQUE DE VISEU,Garrafa 0.75 LT,"4,48€","5,97€ / LT",
Iogurte Líquido Morango Banana 4 Unid.,YOGGI,Emb. 0.64 KG,"1,99€","3,11€ / KG",
Chouriço Corrente 4x100gr,PRIMOR,Emb. 0.4 KG,"2,34€","5,85€ / KG",
Panela de Inox 16cm,,1 UNID.,"5,99€","5,99€ / UNID.",
Sumo Laranja 10 Unid.,JAFADEN,Emb. 2 LT,"5,01€","2,51€ / LT",
BATATA NOVA SALTEADA C/ AZEITE E SAL MARINHO,POM'LISSE,Emb. 0.45 KG,"2,59€","5,76€ / KG",
Caldo Culinário 24 Cubos,CALVÉ,Emb. 0.24 KG,"1,94€","8,08€ / KG",
Óleo Alimentar 3L,FULA,Garrafão 3 LT,"9,98€","3,33€ / LT",
Bolachas Ovos Dinossauros,ARTIACH,Emb. 0.14 KG,"2,08€","14,86€ / KG",
Cereais de Espelta e Aveia 0% Açúcares,NESTUM,Emb. 0.25 KG,"1,49€","5,96€ / KG",
Alimento Seco P/ Cão Mini Menu Frango,PURINA FRISKIES,Emb. 1.5 KG,"4,98€","3,32€ / KG",
Caramelos de Manteiga e Nata,WERTHER'S,Emb. 0.135 KG,"2,73€","20,22€ / KG",
Molotof Caramelo,,1 Unid. = 0.7 KG  (aprox.),"10,99€","15,70€ / KG",
Salsichas Estrasburgo 10 Unid.,TRADILÈGE,Emb. 0.35 KG,"1,89€","5,40€ / KG",
Chocolate de Caramelo e Avelãs,MILKA,Emb. 0.3 KG,"3,98€","13,27€ / KG",
Coloração Longa Duração Belle Color 3 Castanho Escuro,GARNIER,Emb. 1 UNID.,"4,49€","4,49€ / UNID.",
Sumo de Laranja e Manga,JOI,Garrafa 1.5 LT,"1,89€","1,26€ / LT",
Alimento Seco P/ Gato Croquetes Salmão e Legumes,LYCAT,Emb. 2 KG,"3,99€","2,00€ / KG",
Conserva de Tomate em Pedaços,TURINI,Emb. 0.39 KG,"0,79€","2,03€ / KG",
Máquinas de Barbear Descartáveis Blue II,GILLETTE,Emb. 10 UNID.,"5,98€","0,60€ / UNID.",
LENCOS FACIAIS 2F,ECO+,Emb. 150 UNID.,"0,89€","0,01€ / UNID.",
Gel de Barbear Peles Sensíveis,GILLETTE,Emb. 0.2 LT,"3,58€","17,90€ / LT",
Fralda Cueca T4 8/15 Kg,MOTS D'ENFANTS,Emb. 22 UNID.,"4,71€","0,21€ / UNID.",
Arroz Agulha,ORIENTE,Emb. 1 KG,"1,48€","1,48€ / KG",
Alimento Seco P/ Cachorro + de 10 Kg Frango C/ Arroz,PURINA,Emb. 2.5 KG,"10,49€","4,20€ / KG",
RESGUARDO PROTECAO CAMA 80X90CM,CHORYS,Emb. 16 UNID.,"4,39€","0,27€ / UNID.",
Areias,,Emb. 0.3 KG,"2,39€","7,97€ / KG",
Banco de Apoio,,1 UNID.,"6,90€","6,90€ / UNID.",
Pargo Ruço Cal. 300/600,,1 Unid. = 0.55 KG (aprox.),"6,98€/kg","3,84€ / Unid.",
Cerveja sem Álcool Preta 6x33cl,CHEERS,Emb. 0.33 LT,"3,58€","10,85€ / LT",
Prato Raso Gourmandine Vermelho 28cm,ARDENCE,1 UNID.,"2,40€","2,40€ / UNID.",
Mini Bolos com Pepitas de Chocolate,P'TIT DÉLI,Emb. 0.15 KG,"0,99€","6,60€ / KG",
GOMAS TIJOLOS BRANCOS,COPAÍNS COPINES,Emb. 0.2,"1,31€","6,55€ /",
ANDOUILLETTE COM ERVAS 3UN,TRADILÈGE,Emb. 0.42 KG,"4,39€","10,45€ / KG",
OIKOS MAÇA CANELA 110G X4,OIKOS,Emb. 0.44 KG,"2,39€","5,43€ / KG",
Laca Elnett Latin Fixação Extra Forte,L'ORÉAL PARIS,Spray 0.3 LT,"4,49€","14,97€ / LT",
Cordon Bleu Queijo e Fiambre Ultracongelado,IGLO,Emb. 0.2 KG,"3,49€","17,45€ / KG",
Croissant Tipo Francês,,1 UNID.,"0,29€","0,29€ / UNID.",
Amaciador Concentrado Frescura 3 Unid.,HYPERDOU,Emb. 0.25 LT,"1,99€","7,96€ / LT",
Milho C/ Sal,MARQUE REPERE,Emb. 0.2 KG,"0,99€","4,95€ / KG",
Flocos de Mel,MOTS D'ENFANTS,Emb. 0.75 KG,"2,99€","3,99€ / KG",
"Água sem Gás Mineral 6x1,5L",,Emb. 9 LT,"2,47€","0,27€ / LT",
Iogurte Líquido Limonada 4 Unid.,YOGGI,Emb. 0.64 KG,"1,99€","3,11€ / KG",
SPRAY LIMPA ESTOFOS 1 L 1L TECH9,TECH9,Emb. 1 LT,"3,19€","3,19€ / LT",
Sobremesa Leite Creme com Bolacha 4x125g,REINA,Emb. 0.5 KG,"1,94€","3,88€ / KG",
Nuggets Peito de Frango e Queijo Ultracongelado,CAPITÃO IGLO,Emb. 0.208 KG,"5,98€","28,75€ / KG",
Limpa Máquinas,FAIRY,Emb. 2 UNID.,"5,27€","2,64€ / UNID.",
Vinho Regional Douro Branco,QUINTA DA PACHECA,Garrada 0.75 LT,"4,99€","6,65€ / LT",
Cereais Choco Flakes,CUÉTARA,Emb. 0.5 KG,"3,98€","7,96€ / KG",
Moscatel Branco Península de Setúbal,VALE BARRIS,Garrafa 0.75 LT,"2,88€","3,84€ / LT",
Bebida Amêndoa S/ Açúcar,NAT&VIE,Emb. 1 LT,"1,67€","1,67€ / LT",
Bolachas Cobertas de Chocolate de Leite,P'TIT DÉLI,Emb. 0.2 KG,"1,21€","6,05€ / KG",
Café Torrado Moído,PLANTATION,Emb. 0.25 KG,"1,69€","6,76€ / KG",
MIOLO DE CAMARAO 24/36,PÊCHE OCÉAN,Emb. 0.3 KG,"7,79€","25,97€ / KG",
Pano Amarelo Multiusos,SCOTCH BRITE,Emb. 1 UNID.,"1,48€","1,48€ / UNID.",
DROPS MENTA,COPAÍNS COPINES,Emb. 0.25 KG,"0,99€","3,96€ / KG",
CROQUETES CARNE DE VACA/FIGADO/LEG 400G LYCAT,LYCAT,Emb. 0.4 KG,"0,99€","2,48€ / KG",
CREME HIDRATANTE PELE SECA/SENSIVEL 50ML,INELL,Emb. 0.05 LT,"3,13€","62,60€ / LT",
2 Lombos de Salmão,,Emb. 0.25 KG,"7,99€","31,96€ / KG",
SABONETE SOLIDO F. TIARE/ORQUIDEA,MANAVA,Emb. 0.1 KG,"0,59€","5,90€ / KG",
TOALHITAS P/ADULTOS X64,CHORYS,Emb. 64 UNID.,"3,14€","0,05€ / UNID.",
Compota de Fruta de Maçã sem Adição de Açúcares 4x100g,DOUCEUR DU VERGER,Emb. 0.4 KG,"1,09€","2,73€ / KG",
Alimento Seco Cão Snack Denta Stix,PEDIGREE,Emb. 0.18 KG,"2,98€","16,56€ / KG",
Esparguete,ECO+,Emb. 0.5 KG,"0,65€","1,30€ / KG",
Iogurte Sólido Proteíco Coco Lindahls,NESTLÉ,Emb. 0.15 KG,"1,09€","7,27€ / KG",
Alimento Húmido P/ Cão Paté Borrego,TOUS MES AMIS,Emb. 0.3 KG,"0,69€","2,30€ / KG",
Refrigerante S/ Gás Laranja,ECO+,Garrafa 2 LT,"0,79€","0,40€ / LT",
Alimento Seco P/ Gato Premium Esterilizados,PLENIMA,Emb. 0.45 KG,"1,59€","3,53€ / KG",
Profiteroles com Molho de Chocolate 4x90g,DÉLISSE,Emb. 0.36 KG,"2,69€","7,47€ / KG",
BB CREAM 5EM1 CLARO 50ML,INELL,Emb. 0.05 LT,"3,66€","73,20€ / LT",
Tampa Anti-Gordura de Inox 28/32cm,ARDENCE,1 UNID.,"4,80€","4,80€ / UNID.",
Tablete Chocolate Preto Culinária,,Emb. 0.1 KG,"0,85€","8,50€ / KG",
Croissant Recheado de Chocolate,,1 UNID.,"0,45€","0,45€ / UNID.",
Compota de Frutas Maçã e Pera sem Adição de Açúcares 4x100g,DOUCEUR DU VERGER,Emb. 0.4 KG,"1,56€","3,90€ / KG",
DISCOS P/DESMAQUILHAR INELL 70U,INELL,Emb. 70 UNID.,"0,85€","0,01€ / UNID.",
Drageias Chocolate Tubo Tripack,PINTAROLAS,Emb. 0.066 KG,"1,59€","24,09€ / KG",
Ice Tea Manga Ananás,NESTEA,Emb. 1.5 LT,"1,00€","0,67€ / LT",
Pantene Repara & Protege Champô,PANTENE PV,Emb. 0.25 LT,"3,98€","15,92€ / LT",
SNACK MAÇÃ AMENDOIM FRUUT 40G,,Emb. 0.04 KG,"0,98€","24,50€ / KG",
Snack Chocolate Leite,LION,Emb. 0.042 KG,"0,69€","16,43€ / KG",
Bloco WC Active Effect,SYPHON,Emb. 1 UNID.,"1,55€","1,55€ / UNID.",
Pantene 3 Minute Miracle Repara & Protege,PANTENE PV,Emb. 0.2 LT,"5,48€","27,40€ / LT",
Dum Dum Elétrico Melgas e Mosquitos 18ml,DUM DUM,,"5,44€",/ Unid.,
Massa Argolinhas Clássica,NACIONAL,Emb. 0.25 KG,"0,78€","3,12€ / KG",
Vinho Regional Alentejo Tinto,LOIOS,Garrafa 0.75 LT,"2,99€","3,99€ / LT",
Preservativo Natural,HARMONY,Emb. 6 UNID.,"4,58€","0,76€ / UNID.",
Chá Ervas Noite Tranquila,LIPTON,Emb. 0.03 KG,"1,94€","64,67€ / KG",
Farinheira Porco Preto,SNR,Emb. 0.15,"1,75€","11,67€ /",
GRAO DE BICO LATAMGUIA,NOTRE JARDIN,Emb. 0.425 KG,"0,79€","1,86€ / KG",
Melância Preta,,1 Unid. = 2.85 KG (aprox.),"0,89€/kg","2,54€ / Unid.",
Leite Crescimento Júnior 1+ Bolacha Maria,NESTLÉ,Emb. 1 LT,"2,48€","2,48€ / LT",
Lixívia em Gel Pink,DOMESTOS,Emb. 0.75 LT,"1,79€","2,39€ / LT",
Tablete de Chocolate com Avelãs 3x100g,TABLETTE D'OR,Emb. 0.3 KG,"2,49€","8,30€ / KG",
Cápsulas Delta Q Café Qharisma 10 Unidades,DELTA Q,Emb. 10 UNID.,"2,99€","0,30€ / UNID.",
Gelado Fizz Limão 6 Unid.,OLÁ,Emb. 0.36 LT,"2,99€","8,31€ / LT",
Pizza Fresca Queijo e Fiambre,TURINI,Emb. 0.45 KG,"2,29€","5,09€ / KG",
Chá Exotic Passion,LIPTON,Emb. 20 SAQS,"1,94€","0,10€ / SAQS",
Preparado Sopa de Cebola Económica,KNORR,Emb. 0.05 KG,"1,09€","21,80€ / KG",
arroz sushi Bom Sucesso 1kg,BOM SUCESSO,,"1,92€",/ Unid.,
Amêndoas e Avelãs Torradas Trituradas e Caramelizadas,TABLIER BLANC,Emb. 0.1 KG,"1,98€","19,80€ / KG",
Puré de Batata 4x125g,POM'LISSE,Emb. 0.5 KG,"1,77€","3,54€ / KG",
Cápsulas Café Au Lait Galão,DOLCE GUSTO,Emb. 16 CAPS.,"5,98€","0,37€ / CAPS.",
Farofa de mandioca temperada,YOKI,Emb. 0.5 KG,"3,28€","6,56€ / KG",
Palmiers Biológicos,,Emb. 0.1 KG,"1,14€","11,40€ / KG",
Snack Chipz Maçã Canela FRUUT,,Emb. 0.02 KG,"0,97€","48,50€ / KG",
BISCOITOS DE CACAU,P'TIT DÉLI,Emb. 0.4 KG,"1,55€","3,88€ / KG",
Paté para Cão de Vaca e Coração,TOUS MES AMIS,Emb. 0.3 KG,"0,69€","2,30€ / KG",
Caderno Capa Preta Quadriculado A4 60p,ESQUISSE,Emb. 1 UNID.,"0,89€","0,89€ / UNID.",
Refrigerante S/ Gás Ananás,JAFADEN,Emb. 1.5 L,"0,99€","0,66€ / L",
Hamburguer de Vaca Ultracongelado,PESCANOVA,Emb. 0.3 KG,"2,99€","9,97€ / KG",
BOUIL.DESHYDRATE,RUSTICA,Emb. 0.12 KG,"0,83€","6,92€ / KG",
Açúcar em Pó 100 saquetas,TÉVA,Emb. 0.5 KG,"1,87€","3,74€ / KG",
Creme Hidratante Dupla Ação,CLEAN & CLEAR,Emb. 0.1 LT,"6,98€","69,80€ / LT",
Bolos Petit-Four de Coco,,Emb. 0.3 KG,"3,39€","11,30€ / KG",
Gel Barbear Protect e Care,NIVEA MEN,Emb. 0.2 LT,"3,98€","19,90€ / LT",
Mistura Gourmet,TOKAPI,Emb. 0.12 KG,"1,87€","15,58€ / KG",
Conserva de Atum em Óleo Girassol,PÊCHE OCÉAN,Emb. 0.12 KG,"0,99€","8,25€ / KG",
"SPRAY AMBIENTADOR ""FLORAL"" 300ML",BIEN AIR,Emb. 0.3 LT,"0,99€","3,30€ / LT",
Sobremesa de Soja Açucarada C/ Morango,NAT&VIE,Emb. 0.4 KG,"1,49€","3,73€ / KG",
"GELADO ""TYROLIA"" BAUNILHA",ESKISS,Emb. 0.65 LT,"2,39€","3,68€ / LT",
Pão de Forma sem Códea,BIMBO,Emb. 0.65 KG,"2,18€","3,35€ / KG",
Café Cápsulas aQtivus Intensidade 8,DELTA,Emb. 10 CAPS.,"2,99€","0,30€ / CAPS.",
Pet Expert Espuma de Limpeza,VANISH,Emb. 1 UNID.,"5,84€","5,84€ / UNID.",
Cerveja C/ Álcool,FALSBOURG,Lata 0.33 LT,"0,40€","1,21€ / LT",
Laca Cabelos Normais,ELNETT,Emb. 0.3 LT,"4,49€","14,97€ / LT",
Pensos Higiénicos Normal Sem Alas Fina e Segura,EVAX,Emb. 24 UNID.,"2,78€","0,12€ / UNID.",
Gel de Banho Lúcia-Lima e Limão,VASELINE,Emb. 0.7 LT,"2,99€","4,27€ / LT",
Alimento P/ Gato Adulto P/Saúde do Trato Urinário,PURINA ONE,Emb. 0.8,"6,64€","8,30€ /",
MAÇÃ AMÊNDOA E CÔCO FRUUT 30G,,Emb. 0.03 KG,"0,98€","32,67€ / KG",
Gentil Lixívia para a Roupa a Cores e Delicada,NEOBLANC,Emb. 2 LT,"4,98€","2,49€ / LT",
Tablete de Chocolate com Recheio Morango,MILKA,Emb. 0.1 KG,"1,58€","15,80€ / KG",
Caramelos Werther's Original Storck SemAçúcar 90g,JERONIMO MARTINS,Emb. 0.09 KG,"2,73€","30,33€ / KG",
BEBIDA SOJA FRUTOS VERMELHOS,ALPRO,Emb. 1 LT,"1,89€","1,89€ / LT",
Iogurte Líquido Magro Frutos Tropicais 6 Unid.,MIMOSA,Emb. 1.05 LT,"2,69€","2,56€ / LT",
Conserva de Cogumelos Laminados,FERBAR,Lata 0.29 KG,"1,28€","4,41€ / KG",
Esfregão Salva Unhas Classic,SCOTCH BRITE,Emb. 2 UNID.,"1,51€","0,76€ / UNID.",
Conserva de Tomate Pelado,TURINI,Lata 0.39 KG,"0,68€","1,74€ / KG",
"ATUM FILETE NATURAL,120G",TENÓRIO,Emb. 0.12 KG,"2,58€","21,50€ / KG",
Fígado de Porco,,1 Unid. = 0.2 KG (aprox.),"2,59€/kg","0,52€ / Unid.",
Azeite Virgem Clássico,SERRATA,Garrafa 0.75 LT,"3,99€","5,32€ / LT",
Gelatina Light de Melancia,ROYAL,Emb. 0.031 KG,"1,88€","60,65€ / KG",
Conjunto 6 Copos Vinho Sept 19cl,ARDENCE,6 UNID.,"4,95€","0,83€ / UNID.",
Café Torrado Moído África Ásia e Brasil Moagem Fina,SICAL,Emb. 0.25 KG,"3,28€","13,12€ / KG",
Bife do Lombo de Novilho,,1 Unid. = 0.25 KG (aprox.),"25,98€/kg","6,50€ / Unid.",
Arrumação de Talheres,ARDENCE,1 UNID.,"3,99€","3,99€ / UNID.",
Leite Crescimento Júnior 1+,NESTLÉ,Emb. 1 LT,"2,18€","2,18€ / LT",
Iogurte Natural 4x125g,DÉLISSE,Emb. 0.5 KG,"0,69€","1,38€ / KG",
AXE Gel de Bnaho Green Mojito 400ml,AXE,Emb. 0.4 LT,"3,29€","8,23€ / LT",
BOLACHAS VITALDAY CROCANTE CHOCOLATE 280G,GULLÓN,Emb. 0.28 KG,"2,28€","8,14€ / KG",
VINHO BRANCO CRUZEIRO MINHOTO 75CL,CRUZEIRO MINHOTO,,"1,78€",/ Unid.,
PIZZA ATUM,TURINI,Emb. 0.45 KG,"2,69€","5,98€ / KG",
3 Mini Saucisses Sèches,ST AZAY,Emb. 0.15 KG,"2,69€","17,93€ / KG",
Linguine,TRADIZIONI D'ITALIA,Emb. 0.5 KG,"1,46€","2,92€ / KG",
Detergente Manual Loiça Concentrado Limão,FAIRY,Emb. 0.78 LT,"3,18€","4,08€ / LT",
Molho de Nata Carne,MIMOSA,Emb. 0.2 LT,"0,98€","4,90€ / LT",
Vinho Verde Branco,GAZELA,Garrafa 0.75 LT,"2,99€","3,99€ / LT",
Infusão Aromático Biológico,,Emb. 0.03 KG,"0,99€","33,00€ / KG",
"Porta Talheres em Inox 13,5cm",FRANDIS,1 UNID.,"3,49€","3,49€ / UNID.",
Presunto sem Osso,PROBAR,1 Unid. = 1 KG (aprox.),"13,99€/kg","13,99€ / Unid.",
Pão de Forma,BIMBO,Emb. 0.375 KG,"1,58€","4,21€ / KG",
BOLACHAS PETIT BEURRE C/ PEPITAS POCKET,P'TIT DÉLI,Emb. 0.3 KG,"2,89€","9,63€ / KG",
Chouriço de Carne Serra da Estrela,QUINTA DE JUGAIS,Emb. 0.29 KG,"4,19€","14,45€ / KG",
Gaufrettes com Recheio de Chocolate,P'TIT DÉLI,Emb. 0.11 KG,"1,03€","9,36€ / KG",
PAIO YORK FATIADO,CAMPO FINO,Emb. 0.15 KG,"1,59€","10,60€ / KG",
TARTE MORANGO  NATA,P'TIT DÉLI,Emb. 0.3 KG,"2,79€","9,30€ / KG",
Bolinhas com Pepitas,P'TIT DÉLI,Emb. 0.24 KG,"1,29€","5,38€ / KG",
Vinho Rosé,CASAL MENDES,Garrafa 0.75 LT,"3,98€","5,31€ / LT",
Vinho do Porto 10 Anos,FERREIRA,Garrafa 0.75 LT,"14,99€","19,99€ / LT",
Amaciador Cabelo Frágeis Garnier Tesouros de Mel,ULTRA SUAVE,Emb. 0.2 LT,"3,58€","17,90€ / LT",
Areia Higiénica para Gato,ECO+,Emb. 7 LT,"1,35€","0,19€ / LT",
Cerveja sem Álcool Preta 6x33cl,SUPER BOCK,Emb. 1.98 LT,"4,49€","2,27€ / LT",
Champô,TRESEMMÉ,Emb. 0.4 LT,"4,19€","10,48€ / LT",
Dentífrico Pro Esmalte,SENSODYNE,Emb. 0.075 LT,"4,98€","66,40€ / LT",
Vinho Regional Douro Tinto,STRAVAGANZA,Garrafa 0.75 LT,"2,58€","3,44€ / LT",
Fraldas de Incontinência Plus Tam. G,LINDOR,Emb. 14 UNID.,"15,58€","1,11€ / UNID.",
Óleo Alimentar,FRIGI,Garrafa 1 LT,"2,89€","2,89€ / LT",
Papa Infantil P/ Preparar C/ Leite,CERELAC,Emb. 0.25 KG,"1,59€","6,36€ / KG",
Massa Espirais,MILANEZA,Emb. 0.5 KG,"1,09€","2,18€ / KG",
Sobremesa Gelado Salted Caramel,CARTE D'OR,Emb. 0.9 LT,"4,98€","5,53€ / LT",
Iogurte Cremoso de Frutas 16x125g,DÉLISSE,Emb. 2 KG,"3,59€","1,80€ / KG",
Guardanapos 2F 40x40,MARQUE REPERE,Emb. 90 UNID.,"2,40€","0,03€ / UNID.",
Tira Gorduras Perfumado,MISTOLIN,Emb. 0.545 LT,"2,44€","4,48€ / LT",
Pantene Liso & Sedoso Champô,PANTENE PV,Emb. 0.25 LT,"3,98€","15,92€ / LT",
PROTETOR SOLAR SPRAY IP50+ SENSITIVE 200ML,AMBRE SOLAIRE,Emb. 0.2 LT,"16,98€","84,90€ / LT",
Queijo de Cabra Rústico Saloio,PALHAIS DE PORTUGAL,1 Unid. = 0.25 KG (aprox.),"15,90€/kg","3,98€ / Unid.",
Nuggets de Frango 10 Unid.,CAPITÃO IGLO,Emb. 0.208 KG,"5,98€","28,75€ / KG",
Espanador Reutilizável e Pano Agarra Pó,SWIFFER,Emb. 1 UNID.,"0,98€","0,98€ / UNID.",
Alimento Húmido para Gato Fígado e Aves,LYCAT,Emb. 0.1 KG,"0,55€","5,50€ / KG",
Conserva de Feijão Preto da Horta,COMPAL,Lata 0.42 KG,"1,18€","2,81€ / KG",
Bebida soja Banana 3x250ml,ALPRO,Emb. 0.75 LT,"1,79€","2,39€ / LT",
Miolo de Noz Pecan,MARQUE REPERE,Emb. 0.2 KG,"6,29€","31,45€ / KG",
Vodka Black,ERISTOFF,Garrafa 0.7 LT,"12,98€","18,54€ / LT",
MANTEIGA MEIO SAL BIO,,Emb. 0.25 KG,"2,79€","11,16€ / KG",
PATE PEIXE P/ GATO 100G ECO+,ECO+,Emb. 0.1 KG,"0,27€","2,70€ / KG",
Desodorizante Dove Roll-On Fresh Touch,DOVE,Emb. 0.05 LT,"2,54€","50,80€ / LT",
Conserva de Pickles em Vinagre,RUSTICA,Emb. 0.3 KG,"2,19€","7,30€ / KG",
Cápsulas Delta Q Café Epic 10 unidades,DELTA Q,Emb. 0.055 KG,"3,39€","61,64€ / KG",
Copo de Pé 24cl,EQUIP HOME,1 UNID.,"0,99€","0,99€ / UNID.",
Alho Francês,,1 Unid. = 0.43 KG (aprox.),"2,49€/kg","1,07€ / Unid.",
Bolachas Cobertas Chocolate Leite,MILKA,Emb. 0.15 KG,"2,28€","15,20€ / KG",
Caldo Culinário 16 cubos,KNORR,Emb. 0.16 KG,"1,39€","8,69€ / KG",
Licor,SHERIDAN'S,Garrafa 0.5 LT,"17,99€","35,98€ / LT",
Bacalhau à Brás Ultracongelado,IGLO,Emb. 0.3 KG,"5,28€","17,60€ / KG",
Conserva de Azeitona Verde em Rodelas,RUSTICA,Frasco 0.36 KG,"1,46€","4,06€ / KG",
Elixir Extra Fresh,PARODONTAX,Emb. 0.5 LT,"6,58€","13,16€ / LT",
Champô Cabelos Normais Fructis Anti Caspa,GARNIER,Emb. 0.25 LT,"3,98€","15,92€ / LT",
Recarga Freshmatic Pradera Púrpura de Lavanda,AIR WICK,Spray 0.25 LT,"5,98€","23,92€ / LT",
Champô para Cabelo Pintado,TRESEMMÉ,Emb. 0.4 LT,"4,19€","10,48€ / LT",
Fermento em Pó 6Unid.,TABLIER BLANC,Emb. 0.066 KG,"0,83€","12,58€ / KG",
Vinho Regional Douro Branco,PLANALTO,Frasco 0.75 LT,"3,89€","5,19€ / LT",
Sabonete Líquido para as Mãos de Coco,DOVE,Emb. 0.25 LT,"2,59€","10,36€ / LT",
Néctar Compal Vital de Ananás e Coco,COMPAL,Emb. 1 LT,"1,58€","1,58€ / LT",
DENTIFRICO SABOR A MENTA 7-13 ANOS KIDS,DENTAMYL,Emb. 0.075 LT,"0,82€","10,93€ / LT",
Queijo Bola Flamengo,TERRA NOSTRA,Emb. 1.4 KG (aprox.),"10,49€/kg","14,69€ / Unid.",
Massa Fresca Tagliatelles,,Emb. 0.25 KG,"1,35€","5,40€ / KG",
QUEIJO PARMIGIANO REGGIANO DOP 30MESES,TRADIZIONI D'ITALIA,Emb. 0.2 KG,"5,49€","27,45€ / KG",
Paio York,CHARCUTARIA,1 Unid. = 0.1 KG (aprox.),"9,49€/kg","0,95€ / Unid.",
FUSILLI A BOLONHESA,COTE SNACK,Emb. 0.3 KG,"1,99€","6,63€ / KG",
Bloco Sanitário Poder Activo Lavanda,SONASOL,Emb. 0.05 KG,"1,94€","38,80€ / KG",
Donuts Glace,PANRICO,Emb. 6 UNID.,"3,98€","0,66€ / UNID.",
Iogurte Actifidus sabor Limão 4x125gr,DÉLISSE,Emb. 0.5 KG,"0,99€","1,98€ / KG",
Pimenta Preta Moída,RUSTICA,Emb. 0.05 KG,"0,93€","18,60€ / KG",
Conserva de Feijão Preto,COMPAL,Lata 0.845 KG,"1,59€","1,88€ / KG",
Bolachas Crackers com Azeite e Rosmaninho,DU BOIS DE LA ROCHE,Emb. 0.2 KG,"2,04€","10,20€ / KG",
REMOVEDOR VERNIZ SEM ACETONA,INELL,Emb. 0.15 LT,"1,09€","7,27€ / LT",
Alheira da Caca de Trancoso,SNR,Emb. 0.2 KG,"1,89€","9,45€ / KG",
PensosHigiénicos Cottonlike Super Plus Alas,EVAX,Emb. 10   UNID.,"2,58€","0,26€ /   UNID.",
Lápis para Colorir,ESQUISSE,,"2,29€",/ Unid.,
Iogurte Soja Baunilha 4 Unid.,NAT&VIE,Emb. 0.4 KG,"1,49€","3,73€ / KG",
Sopa de Legumes Desidratada com Massa de Azeite,REGAL SOUPE,Emb. 0.104 KG,"0,89€","8,56€ / KG",
Fraldas Bebé Extra Absorção Activity Tamanho 3,DODOT,Emb. 60 UNID.,"18,57€","0,31€ / UNID.",
Sobremesa Creme de Café 4x125g,DÉLISSE,Emb. 0.5 KG,"1,49€","2,98€ / KG",
Gel de Banho Naturals Leite e Mel,PALMOLIVE,Emb. 0.5 LT,"2,69€","5,38€ / LT",
Queijo Creme Cheddar,PRÉSIDENT,Emb. 0.125 KG,"2,44€","19,52€ / KG",
Óleo Alimentar,RUSTICA,Garrafão 3 LT,"8,25€","2,75€ / LT",
Nuggets de Frango 18 Unid.,CAPITÃO IGLO,Emb. 0.375 KG,"8,98€","23,95€ / KG",
Iogurte Soja Framboesa 4 Unid.,NAT&VIE,Emb. 0.4 KG,"1,49€","3,73€ / KG",
Aerossol Air Brisa Marinha,AMBIPUR,Emb. 0.3 LT,"3,98€","13,27€ / LT",
Creme Corporal Pele Seca Refirmante Q10,NIVEA BODY,Emb. 0.25 LT,"4,99€","19,96€ / LT",
Polpa de Tomate,ECO+,Frasco 1 KG,"1,42€","1,42€ / KG",
Queijo Brie,PRÉSIDENT,1 Unid. = 0.25 KG (aprox.),"14,90€/kg","3,73€ / Unid.",
Batatas Fritas Lisas,POM'LISSE,Emb. 0.2 KG,"1,25€","6,25€ / KG",
PAO ESPECIAL TRIGO E CENTEIO INTEGRAL,EPI D'OR,Emb. 0.4 KG,"1,37€","3,43€ / KG",
"KINDER BUENO CLASSICO, T2X4",KINDER BUENO,Emb. 0.172 KG,"2,98€","17,33€ / KG",
Rolo Massa Folhada Pronta a Desenrolar,,Emb. 0.23 KG,"0,89€","3,87€ / KG",
Mini Barras de Chocolate com Recheio de Leite 16Unid.,COPAÍNS COPINES,Emb. 0.2 KG,"2,53€","12,65€ / KG",
Mini paté em massa folhada,SAINT-AZAY,Emb. 0.45 Kg,"3,49€","7,76€ / Kg",
Batata Branca,,1 Unid. = 1 KG (aprox.),"1,29€/kg","1,29€ / Unid.",
Jardineira de 3 Legumes,,Emb. 0.4 KG,"0,59€","1,48€ / KG",
Massa Tagliatelle,TURINI,Emb. 0.5 KG,"1,35€","2,70€ / KG",
Amendoins Torrados com Sal,TOKAPI,Emb. 0.5 KG,"2,09€","4,18€ / KG",
Rosegones Biscoitos de Amêndoa,P'TIT DÉLI,Emb. 0.25 KG,"1,69€","6,76€ / KG",
AUSONIA ORG COTTON NOITE ABAS,AUSONIA,Emb. 90 UNID.,"2,54€","0,03€ / UNID.",
Lava Tudo Novo Brilho Camomila e Flor de Laranjeira,SONASOL,Emb. 1.3 LT,"2,09€","1,61€ / LT",
Fiambre da Perna,CAMPO FINO,1 Unid. = 0.12 KG (aprox.),"9,33€/kg","1,12€ / Unid.",
Bebida de Soja Fonte de Cálcio,NAT&VIE,Emb. 1 LT,"0,94€","0,94€ / LT",
Pastilhas 2 em 1 Protege e Limpa,CALGON,Emb. 15 UNID.,"6,99€","0,47€ / UNID.",
FAIRY MAO NATURALS LAVANDA 650ML,,Emb. 0.65 LT,"2,98€","4,58€ / LT",
Bebida Energética Energy Drink 4x25cl,RED BULL,Emb. 1 LT,"5,38€","5,38€ / LT",
Tampa Micro-Ondas,ARDENCE,1 UNID.,"2,50€","2,50€ / UNID.",
Leite Meio Gordo S/ Lactose 4x200ML,MIMOSA,Emb. 0.8 LT,"1,98€","2,48€ / LT",
Pão sem Côdea Especial Torradas,PANRICO,Emb. 0.51 KG,"2,68€","5,25€ / KG",
Salsichas com Lentilhas,CÔTÉ TABLE,Emb. 0.42 KG,"1,52€","3,62€ / KG",
GELATINA PÊSSEGO LIGHT CONDI 2X15G,CONDI,Emb. 0.3 KG,"1,88€","6,27€ / KG",
Queijo Pointe de Brie,LES CROISÉS,Emb. 0.2 KG,"1,39€","6,95€ / KG",
Queijo Ilha Ralado,VALFORMOSO,Emb. 0.15 KG,"1,48€","9,87€ / KG",
Cápsulas Café Macchiato Caramelo P/ Dolce Gusto,STARBUCKS,Emb. 12 CAPS.,"4,64€","0,39€ / CAPS.",
Forma de Alumínio Tarte Castanha 30cm,ARDENCE,1 UNID.,"4,50€","4,50€ / UNID.",
Mistura de Frutos Secos Torrados com Sal,TOKAPI,Emb. 0.12 KG,"1,88€","15,67€ / KG",
Camarão Aquicultura Cal. 20/30 Congelado,,1 Unid. = 0.25 KG (aprox.),"9,98€/kg","2,50€ / Unid.",
Pano Microfibra,VILEDA,Emb. 2 UNID.,"3,49€","1,75€ / UNID.",
Café Lote Bocage Moagem Única,NICOLA,Emb. 0.25 KG,"3,23€","12,92€ / KG",
Cerveja com Álcool,SAGRES,Lata 0.33 LT,"0,63€","1,91€ / LT",
Alimento Seco Cão Croquetes Carne,ECO+,Emb. 4 KG,"4,69€","1,17€ / KG",
Pao De Forma Cerealia 5 Sementes,PANRICO,Emb. 0.435 KG,"2,28€","5,24€ / KG",
Carvão Vegetal Artesanal,,Emb. 10 KG,"10,49€","1,05€ / KG",
Doce de Glila,CASA MATEUS,Frasco 0.345 KG,"3,28€","9,51€ / KG",
Alimento P/ Gato Adulto de Frango,PURINA,Emb. 3 KG,"13,49€","4,50€ / KG",
Sumo de Arando Bio,,Emb. 1 LT,"1,79€","1,79€ / LT",
Mortadela com Azeitonas,CHARCUTARIA,1 Unid. = 0.1 KG (aprox.),"4,99€/kg","0,50€ / Unid.",
RAVIOLI BOLONHESA 1/2,CÔTÉ TABLE,Emb. 0.4 KG,"1,88€","4,70€ / KG",
Duc de Borzac Armagna V.S.O.P,DUC DE BORZAC,Garrafa 0.7 LT,"14,99€","21,41€ / LT",
Água C/ Gás 6 Unid.,SAINT DIERY,Emb. 3 LT,"1,91€","0,64€ / LT",
Detergente Manual em Pó,TIDE,Emb. 0.6 KG,"1,78€","2,97€ / KG",
Cenourinhas Extra Finas,NOTRE JARDIN,Emb. 0.4 KG,"0,89€","2,23€ / KG",
Cubos de Pão Tostado Alho e Ervas Especial Saladas,EPI D'OR,Emb. 0.06 KG,"0,56€","9,33€ / KG",
Melância Riscada,,1 Unid. = 4.2 KG (aprox.),"0,89€/kg","3,74€ / Unid.",
Whisky,JAMESON,Garrafa 0.7 LT,"15,94€","22,77€ / LT",
Natas Líquidas Magra 3x20cl,DÉLISSE,Emb. 0.06 LT,"1,75€","29,17€ / LT",
Queijo Mistura Grande,ALAVÃO,1 Unid. = 1.825 KG (aprox.),"10,98€/kg","20,04€ / Unid.",
Toalhitas Íntimas Suaves,CORINE DE FARME,Emb. 10 UNID.,"1,64€","0,16€ / UNID.",
Brioche Fatiado,EPI D'OR,Emb. 0.5 KG,"2,28€","4,56€ / KG",
Chouriço Alentejano,DAMATTA,Emb. 0.225 KG,"3,54€","15,73€ / KG",
Alimento Húmido P/ Gato de Frango,LYCAT,Emb. 0.08 KG,"0,99€","12,38€ / KG",
GORGONZOLA DOP,TRADIZIONI D'ITALIA,Emb. 0.2 KG,"2,69€","13,45€ / KG",
Refrigerante C/ Gás Lima Limão,ECO+,Garrafa 2 LT,"0,79€","0,40€ / LT",
Gel de Banho Purely Pampering,DOVE,Emb. 0.75 LT,"4,79€","6,39€ / LT",
Queijo Francês,CAPRICE DES DIEUX,Emb. 0.2 KG,"4,78€","23,90€ / KG",
TOALHITAS DESMAQUILHANTES BIO 25UN,BIONAÏA,Emb. 25 UNID.,"2,09€","0,08€ / UNID.",
ESPINAFRE PICADO 1/2,NOTRE JARDIN,Emb. 0.4 KG,"0,89€","2,23€ / KG",
Sardinha Congelada,,1 Unid. = 0.25 KG (aprox.),"4,29€/kg","1,07€ / Unid.",
Dentífrico e Elixir Expert Branqueador,DENTAMYL,Emb. 0.075 LT,"1,00€","13,33€ / LT",
Snacks de Batata Sabor a Cebola,TOKAPI,Emb. 0.17 KG,"1,89€","11,12€ / KG",
Detergente em Pó p/ Máquina de Roupa,SURF,Emb. 92 DOSES,"12,49€","0,14€ / DOSES",
AZEITONA MACANILHA MISTA INTEIRA,RUSTICA,Emb. 0.37 KG,"1,56€","4,22€ / KG",
Cereais Chooks,NACIONAL,Emb. 0.3 KG,"1,69€","5,63€ / KG",
Croissant de Manteiga 8Unid.,EPI D'OR,Emb. 0.32 KG,"1,99€","6,22€ / KG",
PAEZINHOS 4X75G PRE-COZIDOS,EPI D'OR,Emb. 0.3 KG,"1,56€","5,20€ / KG",
Leite UHT Meio Gordo,GRESSO,Emb. 1 LT,"0,84€","0,84€ / LT",
CREME HIDRATANTE BIO 50ML BIO,BIONAÏA,Emb. 0.05 LT,"3,03€","60,60€ / LT",
Manteiga Fácil de Barrar,MIMOSA,Emb. 0.25 KG,"2,33€","9,32€ / KG",
Bacalhau Seleção Especial Noruega Asa Preta,,1 Unid. = 4 KG (aprox.),"14,29€/kg","57,16€ / Unid.",
Água sem Gás,VITALIS,Garrafa 1.5 LT,"0,56€","0,37€ / LT",
Ice Tea de Pêssego Lata 6x25cl,LIPTON,Emb. 1.5 LT,"3,38€","2,25€ / LT",
Dentífrico Limpeza Refrescante,ORAL B,Emb. 0.075 LT,"2,24€","29,87€ / LT",
Cebola Amarela Org. Esp. cal.50/70,,Emb. 0.5 KG,"1,43€","2,86€ / KG",
Gomas de Ovos,COPAÍNS COPINES,Emb. 0.3 KG,"1,41€","4,70€ / KG",
Snack P/ Cão Adulto Biscuit,PURINA,Emb. 0.65 KG,"2,68€","4,12€ / KG",
GLADE T&F RECARGA LAVANDER,BRISE,Emb. 0.01 LT,"3,48€","348,00€ / LT",
Elixir Total Care Zero,LISTERINE,Emb. 0.5 LT,"6,48€","12,96€ / LT",
Creme Activo com Lixívia,CIF,Emb. 0.5 LT,"1,89€","3,78€ / LT",
Cerveja sem Álcool 6X33cl,CHEERS,Emb. 1.98 LT,"3,38€","1,71€ / LT",
Iogurte Líquido Baunilha Cookies,DANONE,Emb. 0.3 KG,"1,89€","6,30€ / KG",
Vinho Regional Alentejo Tinto,REGUENGOS,Garrafa 0.75 LT,"2,39€","3,19€ / LT",
Vinho de Mesa Branco,LAGAR DAS PIAS,Bag in Box 5 LT,"7,18€","1,44€ / LT",
Toucinho Fumado,DAMATTA,Emb. 0.2 KG,"3,29€","16,45€ / KG",
Cotonetes p/ Bebé,JOHNSON'S BABY,Emb. 200 UNID.,"2,98€","0,01€ / UNID.",
Whisky Finest,BALLANTINE'S,Emb. 0.7 LT,"14,84€","21,20€ / LT",
QUEIJO EMMENTAL RALADO 28%MG,LES CROISÉS,Emb. 0.2 KG,"1,79€","8,95€ / KG",
Pistachios Torrados a Seco C/ Sal,TOKAPI,Emb. 0.075 KG,"1,65€","22,00€ / KG",
Salame Fatiado,EL POZO,Emb. 0.8 KG,"1,94€","2,43€ / KG",
Conserva de Azeitona Mista Galega,RUSTICA,Emb. 0.3 KG,"2,61€","8,70€ / KG",
Galetes de Milho Biológicas,,Emb. 0.13 KG,"1,04€","8,00€ / KG",
Café Pastilhas Lote Chávena,DELTA,Emb. 16 PAST.,"2,44€","0,15€ / PAST.",
PETINGAS EM TOMATE PICANTE GENERAL,GENERAL,Emb. 0.09 KG,"0,95€","10,56€ / KG",
Pizza com Queijo Mozzarella e Tomate Ultracongelado,BUITONI,Emb. 0.35 KG,"3,99€","11,40€ / KG",
Vinho Regional Douro Branco,ADEGA DE VILA REAL,Garrafa 0.75 LT,"3,14€","4,19€ / LT",
Cillit Bang Tira Gorduras 500ML x12,CILLIT BANG,Emb. 0.5 LT,"2,24€","4,48€ / LT",
Iogurte Natural Cremoso 16x125g,DÉLISSE,Emb. 2 KG,"2,89€","1,45€ / KG",
Recarga Máquina de Barbear Sensor Excel,GILLETTE,Emb. 5 UNID.,"10,48€","2,10€ / UNID.",
CREPES COM CHOCOLATE 6UN,TROFIC,Emb. 0.54 KG,"3,79€","7,02€ / KG",
Peixe Espada Branco Inteiro,,1 Unid. = 1 KG (aprox.),"7,98€/kg","7,98€ / Unid.",
Descascador de Madeira Éplucheur,ARDENCE,1 UNID.,"0,99€","0,99€ / UNID.",
ALIMENT BEBE: PURE LEGUMES FRANGO DO CAMPO BIO +8M 2X200G,BIO VILLAGE BEBE,Emb. 0.4 KG,"2,69€","6,73€ / KG",
Azeite Pet,OLIVEIRA DA SERRA,Emb. 0.75 LT,"4,98€","6,64€ / LT",
Creme de Mãos Reparador Repair & Care,BIOTEN,Emb. 0.1 LT,"2,13€","21,30€ / LT",
Esfregão Verde Clássico Cuide das suas Mãos,SCOTCH BRITE,Emb. 2 UNID.,"2,03€","1,02€ / UNID.",
Recarga Limpa Vidros,AJAX,Emb. 0.5 LT,"1,49€","2,98€ / LT",
Mini Taça Direita 10cl Vidro,ARDENCE,1 UNID.,"3,49€","3,49€ / UNID.",
Bolachas Plain Frutos Silvestres,BELVITA,Emb. 0.3 KG,"1,98€","6,60€ / KG",
Miolo de Caju C/ Sal,MARQUE REPERE,Emb. 0.25 KG,"4,79€","19,16€ / KG",
Luvas Finas Descartáveis Latex Tam. M,MAMISON,Emb. 100 UNID.,"15,90€","0,16€ / UNID.",
Bebida de Amêndoa,ALPRO,Emb. 1 LT,"2,38€","2,38€ / LT",
Neoblanc Gentil Higiene Lixívia,NEO BLANC,Emb. 2 LT,"5,78€","2,89€ / LT",
Chá Verde,TETLEY,Emb. 10 SAQ.,"0,89€","0,09€ / SAQ.",
Bebida à Base de Amêndoa,NAT&VIE,Emb. 1 LT,"1,46€","1,46€ / LT",
Bacalhau Seleção Crescido Asa Preta,,1 Unid. = 1.6 KG (aprox.),"12,39€/kg","19,82€ / Unid.",
Cotonetes p/ Bebé,JOHNSON'S BABY,Emb. 0.1 UNID.,"1,87€","18,70€ / UNID.",
"ARROZ MUNDO ORIENTE PAELLA,1KG",NOVARROZ,,"2,02€",/ Unid.,
Bolachas Recheadas com Chocolate Biológicas,,Emb. 0.185 KG,"2,59€","14,00€ / KG",
BARRAS CEREAIS FROSTIES 6X25G,KELLOGG'S,Emb. 6 UNID.,"2,48€","0,41€ / UNID.",
Escovas Extra Clean Médio,COLGATE,Emb. 2 UNID.,"2,29€","1,15€ / UNID.",
16 Caps.Café Kaffa Compativeis SG Vermelho,KAFFA,Emb. 16 UNID.,"3,19€","0,20€ / UNID.",
Sabonete Sólido Hidratante,MANAVA,Emb. 0.1 KG,"0,79€","7,90€ / KG",
Bolachas Cookies com Pepitas Chocolate e Côco,P'TIT DÉLI,Emb. 0.2 KG,"1,39€","6,95€ / KG",
IOG.NAT.ACU.DELISSE CANA X16,DÉLISSE,Emb. 16 UNID.,"2,99€","0,19€ / UNID.",
B&J Cookie Dough 465ml,,Emb. 0.465 LT,"6,78€","14,58€ / LT",
LAVA TUDO AMONIACAL,ECO+,Emb. 5 LT,"1,99€","0,40€ / LT",
Bolachas Digestivas Aveia,TRIUNFO,Emb. 0.171 KG,"1,48€","8,66€ / KG",
Manteiga com Grãos de Sal Pasteurizada,PRÉSIDENT,Emb. 0.25 LT,"3,88€","15,52€ / LT",
Bolachas Sementes de Sésamo Biológicas,,Emb. 0.23 KG,"2,09€","9,09€ / KG",
Amaciador Ultra Suave Óleo de Abacate,GARNIER,Emb. 0.2 LT,"3,58€","17,90€ / LT",
Chouriço com Alho Guarda,FUMEIROS DA GUARDA,Emb. 0.22 KG,"3,14€","14,27€ / KG",
Azeite Virgem,SERRATA,Garrafa 0.75 LT,"4,44€","5,92€ / LT",
Bebida Solúvel de Cereais C/ Café,MOKAMBO,Emb. 0.2 KG,"4,28€","21,40€ / KG",
Morcela,DAMATTA,Emb. 0.2 KG,"2,44€","12,20€ / KG",
Pimenta P/ Bifes C/ Moinho,MARGÃO,Emb. 0.035 KG,"3,98€","113,71€ / KG",
Creme de Banho Care & Roses,NIVEA,Emb. 0.75 LT,"5,98€","7,97€ / LT",
Bola de Berlim,,1 Unid. = 0.1 KG,"0,69€","6,90€ / KG",
Conserva de Feijão Encarnado Cozido,NOTRE JARDIN,Lata 0.85 KG,"0,99€","1,16€ / KG",
Vinho Regional Alentejo Tinto,ADEGA DE BORBA,Garrafa 0.75 LT,"2,79€","3,72€ / LT",
Vassoura Style,VILEDA,Emb. 1 UNID.,"4,33€","4,33€ / UNID.",
Champô Cabelo Strong Power,NIVEA MEN,Emb. 0.25 LT,"4,18€","16,72€ / LT",
Desodorizante Roll-On Cotton Dry 48H,REXONA,Emb. 0.05 LT,"2,39€","47,80€ / LT",
AFTERSHAVE LOCAO SOFT GREEN 100ML,CARRÉ HOMME,Emb. 0.1 LT,"2,40€","24,00€ / LT",
Alho Francês Cortado,,Emb. 0.2 KG,"0,97€","4,85€ / KG",
Desodorizante Narta Men IceMax Roll On,GARNIER,Emb. 0.05 LT,"3,98€","79,60€ / LT",
Pêra Packam´s Cal. 65/75,,1 Unid. = 0.23 KG (aprox.),"2,69€/kg","0,62€ / Unid.",
Café Torrado Moído Portugal Universal,DELTA,Emb. 0.25 KG,"2,29€","9,16€ / KG",
Fraldas Bebé Ultra Conforto T6 +16Kg,MOTS D'ENFANTS,Emb. 33 UNID.,"7,23€","0,22€ / UNID.",
LIMPA VIDROS C/ PISTOLA,CLAIR,Emb. 0.75 LT,"0,83€","1,11€ / LT",
Bolachinhas Criança,BLÉDINA,Emb. 0.125 KG,"2,53€","20,24€ / KG",
Queijo Fundido Light 16 Porções,A VACA QUE RI,Emb. 0.28 KG,"3,79€","13,54€ / KG",
Cápsulas Chocolate Quente,DOLCE GUSTO,Emb. 8 CAPS.,"5,98€","0,75€ / CAPS.",
Massa Cannelloni,MILANEZA,Emb. 0.25 KG,"1,64€","6,56€ / KG",
Pizza 4 Estações,BUITONI,Emb. 0.355 KG,"3,99€","11,24€ / KG",
Café Torrado em Grão,PLANTATION,Emb. 0.25 KG,"1,69€","6,76€ / KG",
Sais De Fruta Digestivo Laranja,ENO,Emb. 0.15 KG,"5,98€","39,87€ / KG",
TOALHITAS PARA MAOS LIMAO,CLAIR,Emb. 24 UNID.,"1,94€","0,08€ / UNID.",
Cereais Choco Krispies,KELLOGG'S,Emb. 0.375 KG,"2,29€","6,11€ / KG",
Loção Corporal Cocoa Radiance,VASELINE,Emb. 0.2 LT,"2,14€","10,70€ / LT",
Conserva Atum Albacore Natural 3x133g,PÊCHE OCÉAN,Emb. 0.399 KG,"3,39€","8,50€ / KG",
Bolachas Creme Canela,GULLÓN,Emb. 0.47 KG,"2,89€","6,15€ / KG",
Pack 4 Escovas de Dentes Média,ORAL B,Emb. 4 UNID.,"2,99€","0,75€ / UNID.",
Cereais de Chocolate,NESQUIK,Emb. 0.625 KG,"2,98€","4,77€ / KG",
SORVETE MULTIFRUTOS TWIST 5UN,SMICY,Emb. 5 UNID.,"2,69€","0,54€ / UNID.",
Madalenas em Concha,P'TIT DÉLI,Emb. 0.5 KG,"2,28€","4,56€ / KG",
Detergente Limpeza Spray Multiusos com Lixívia,CIF,Emb. 0.75 Lt,"2,49€","3,32€ / Lt",
Mini Snacks P/ Gato Controlo das Bolas de Pelo,TOUS MES AMIS,Emb. 0.06 KG,"0,59€","9,83€ / KG",
VINAGRE LIMPEZA LIMAO,CLAIR,Emb. 1 LT,"0,88€","0,88€ / LT",
Bacalhau Lombo,,Emb. 0.7 KG,"10,99€","15,70€ / KG",
Cápsulas Café Espresso P/ Nespresso Intensidade 11,STARBUCKS,Emb. 10 CAPS.,"3,79€","0,38€ / CAPS.",
Bolo de Arroz,,1 UNID.,"0,44€","0,44€ / UNID.",
"FRIZE RODELA LIMAO,,4x.25L",FRIZE,,"2,68€",/ Unid.,
Fiambre da Pá,,1 Unid. = 0.12 KG (aprox.),"4,99€/kg","0,60€ / Unid.",
Água com Gás,VIMEIRO,Garrafa 0.25 LT,"0,47€","1,88€ / LT",
"XAU LIQ. HIGIENE PROTEÇÃO,,2.53L",XAU,Emb. 46 DOSES,"14,34€","0,31€ / DOSES",
Pensos Higiénicos Normal,ECO+,Emb. 20 UNID.,"0,95€","0,05€ / UNID.",
Pantene Liso & Sedoso Laca 300ml,PANTENE PV,Spray 0.3 LT,"3,74€","12,47€ / LT",
ALIMENT BEBE: ESPARGUETE BOLONHESA BIO 12M,BIO VILLAGE BEBE,Emb. 0.23 KG,"1,69€","7,35€ / KG",
Sticks Dentários Vaca Frango Borrego 15 Unid.,TOUS MES AMIS,Emb. 0.125 KG,"0,89€","7,12€ / KG",
Leite Bem Essencial UHT Meio Gordo,MIMOSA,Emb. 1 LT,"0,84€","0,84€ / LT",
Batata Vermelha Assar,,Emb. 1 KG,"1,29€","1,29€ / KG",
ARROZ PARA SUSHI,TABLES DU MONDE,Emb. 0.5 KG,"1,25€","2,50€ / KG",
MINI SNACKS BOUCH POUL FROM 60,TOUS MES AMIS,Emb. 0.06 KG,"0,59€","9,83€ / KG",
Iogurte Grego Natural,DÉLISSE,Emb. 1 KG,"2,29€","2,29€ / KG",
Refrigerante Lima-Limão C/ Gás,SPRITE,Emb. 1 LT,"0,94€","0,94€ / LT",
Café Solúvel Cappuccino Intenso,NESCAFÉ,Emb. 0.125 KG,"3,18€","25,44€ / KG",
Fermento em Pó,ROYAL,Lata 0.226 KG,"3,23€","14,29€ / KG",
Mousse de Chocolate de Leite 4x60g,DÉLISSE,Emb. 0.48 LT,"1,19€","2,48€ / LT",
Frango Inteiro sem Miúdos,,1 Unid. = 1.2 KG (aprox.),"2,69€/kg","3,23€ / Unid.",
Tablete de Chocolate Caramelo,MILKA,Emb. 0.1 KG,"1,58€","15,80€ / KG",
KINDER DELICE CACAU T10,KINDER,Emb. 0.39 KG,"4,98€","12,77€ / KG",
Vinho Regional Douro Branco,CASA FERREIRINHA,Garrafa 0.75 LT,"38,99€","51,99€ / LT",
PREPA PAIN CEREALES,TABLIER BLANC,Emb. 1 KG,"1,80€","1,80€ / KG",
Tablete Chocolate de Leite Familiar com Avelãs,DAIRY MILK,Emb. 0.12 KG,"2,38€","19,83€ / KG",
Cerveja C/ Álcool,FALSBOURG,Garrafa 1 LT,"0,99€","0,99€ / LT",
Sobremesa Creme de Baunilha Biológico 4x95 g,,Emb. 0.38 KG,"1,69€","4,45€ / KG",
GELADO TRIUM CAFE 4UN,TRIUM,Emb. 4 UNID.,"2,69€","0,67€ / UNID.",
Miolo Amêndoa Granulada,MARQUE REPERE,Emb. 0.15 KG,"2,89€","19,27€ / KG",
Delícias do Mar Sabor a Caranguejo,,Emb. 0.4 KG,"2,49€","6,23€ / KG",
Donuts Classic 4x50 gr,DONUTS,Emb. 0.2 KG,"1,99€","9,95€ / KG",
Escorredor de Louça Vermelho,ARDENCE,1 UNID.,"4,90€","4,90€ / UNID.",
Creme de Brie,PRÉSIDENT,Emb. 0.125 KG,"2,44€","19,52€ / KG",
Alimento Húmido P/ Gato Carne de Vaca e Tomate,GOURMET GOLD,Emb. 0.085 KG,"0,69€","8,12€ / KG",
Conserva de Feijão Encarnado,COMPAL,Lata 0.845 KG,"1,88€","2,22€ / KG",
Sobremesa de Fruta Maças e Bananas 4x100gr,DOUCEUR DU VERGER,Emb. 0.4 KG,"1,69€","4,23€ / KG",
BATERIA Nº 14 74/680 74/680 TECH9,TECH9,Emb. 1 UNID.,"77,99€","77,99€ / UNID.",
GELATINA CONDI MORANGO 2X85G,CONDI,,"1,73€",/ Unid.,
Hamburgers Peito de Frango Ultracongelado,IGLO,Emb. 0.48 KG,"10,98€","22,88€ / KG",
Gel de Banho Peony & Rose,DOVE,Emb. 0.75 LT,"4,19€","5,59€ / LT",
Chicória e Café Solúvel,PLANTATION,Emb. 0.1 KG,"1,49€","14,90€ / KG",
Pão de Forma Especial Torradas com Côdea,EPI D'OR,Emb. 0.8 KG,"1,83€","2,29€ / KG",
Iogurte Original Natural Açucarado 2x135G,DANONE,Emb. 0.27 LT,"1,68€","6,22€ / LT",
Sumo Florida,SUNNY DELIGHT,Emb. 0.5 Lt,"0,89€","1,78€ / Lt",
Farinha Rainha Especial P/ Bolos,NACIONAL,Emb. 1 KG,"1,64€","1,64€ / KG",
LEITE DE COCO,TABLES DU MONDE,Emb. 0.4,"1,88€","4,70€ /",
Azeite Clássico,OLIVEIRA DA SERRA,Emb. 3 LT,"15,98€","5,33€ / LT",
Detergente Roupa Líquido Proteção Escuros,WOOLITE,Emb. 30 DOSES,"6,99€","0,23€ / DOSES",
Destop Manutenção de Canalizações Perfumado,DESTOP,Emb. 0.75,"5,98€","7,97€ /",
Spray Desembaraçador,NATEIS,Emb. 0.2 LT,"2,09€","10,45€ / LT",
Caneca Anis Gourmandine 38cl,ARDENCE,1 UNID.,"1,50€","1,50€ / UNID.",
Camarão Cal. 80/100,,1 Unid. = 0.25 KG (aprox.),"12,98€/kg","3,25€ / Unid.",
Água com Gás Groselha 4x25 cl,FRIZE,Emb. 1 LT,"2,68€","2,68€ / LT",
Manteiga Magra sem Sal,LES CROISÉS,Emb. 0.25 KG,"1,69€","6,76€ / KG",
Batata Branca P/ Assar,,Emb. 1 KG,"1,29€","1,29€ / KG",
Cerveja C/ Álcool 24 Unid.,MÍLLBRAU,Emb. 6 LT,"7,20€","1,20€ / LT",
Pasta de Arquivo A4,ESQUISSE,Emb. 1 UNID.,"2,49€","2,49€ / UNID.",
Folhas de Tomilho,RUSTICA,Frasco 0.018 KG,"0,75€","41,67€ / KG",
DESODORIZANTE ROLL-ON BIO 50ML,BIONAÏA,Emb. 0.05 LT,"2,05€","41,00€ / LT",
Penso Incontinência Discreet Normal,AUSONIA,Emb. 24 UNID.,"3,89€","0,16€ / UNID.",
AE COCKPIT 600 ML 600ML TECH9,TECH9,Emb. 0.6 LT,"3,98€","6,63€ / LT",
Salsichão de porco preto,PRIMOR,Emb. 0.07 KG,"3,99€","57,00€ / KG",
Dentífrico Herbal White,COLGATE,Emb. 0.075 LT,"1,99€","26,53€ / LT",
Iogurte Líquido Proteíco Banana e Noz Lindahls,NESTLÉ,Emb. 0.33 LT,"1,89€","5,73€ / LT",
Queijo da Serra da Estrela Dop,QUEIJOS MATIAS,1 Unid. = 0.5 KG (aprox.),"17,99€/kg","9,00€ / Unid.",
Creme Fixativo para Próteses Dentárias,POLIDENT,Emb. 0.07 KG,"7,38€","105,43€ / KG",
SALADA PARISIENNE ATUM MR,COTE SNACK,Emb. 0.25 KG,"1,99€","7,96€ / KG",
Wafers de Baunilha,,Emb. 0.17 KG,"1,35€","7,94€ / KG",
Tortellini de Carne,KNORR,Emb. 0.25 KG,"2,07€","8,28€ / KG",
Papel Higiénico 2 Folhas,MARQUE REPERE,Emb. 12 UNID.,"2,51€","0,21€ / UNID.",
Achocolatado em Pó,CANDEREL,Emb. 0.25 KG,"3,74€","14,96€ / KG",
MOLHO SOJA DOCE,TABLES DU MONDE,Emb. 0.125 LT,"1,51€","12,08€ / LT",
Moscatel do Douro,DORRÃO,Garrafa 0.75 LT,"4,49€","5,99€ / LT",
Creme Limpeza Original,CIF,Emb. 0.5 LT,"1,89€","3,78€ / LT",
Tempero de Alho Louro & Pimentão 8 Cubos,KNORR,Emb. 0.072 KG,"1,49€","20,69€ / KG",
Vinho Regional Dão Tinto,QUINTA DOS CARVALHAIS,Garrafa 0.75 LT,"8,98€","11,97€ / LT",
Fermento em Pó,ROYAL,Emb. 0.113 KG,"1,68€","14,87€ / KG",
Iogurte Líquido Banana 6 Unid.,MIMOSA,Emb. 1.05 LT,"2,09€","1,99€ / LT",
Alimento Húmido P/ Gato Carne Variada 3x400g,TOUS MES AMIS,Emb. 1 KG,"2,69€","2,69€ / KG",
FEIJÃO PRETO,FERBAR,Emb. 0.5 KG,"1,38€","2,76€ / KG",
Ananás em Calda Rodelas com Sumo Natural,DOUCEUR DU VERGER,Lata 0.565 KG,"2,43€","4,30€ / KG",
Iogurte Líquido Cremoso Pêssego e Manga,YOGGI,Emb. 0.64 KG,"1,99€","3,11€ / KG",
Gelatina Light Ananás 2x15g,CONDI,Emb. 0.03 KG,"1,78€","59,33€ / KG",
Anti-Mosquitos Elétrico Líquido 30 Noites,RAID,Emb. 0.021 LT,"5,68€","270,48€ / LT",
Marmelada Extra,,Emb. 0.45 KG,"0,99€","2,20€ / KG",
Vinho Verde Branco,MURALHAS,Garrafa 0.75 LT,"4,58€","6,11€ / LT",
Vinho Regional Alentejano Colheita Selecionada 2015,HERDADE DAS SERVAS,Garrafa 0.75 LT,"8,90€","11,87€ / LT",
Sobremesa de Soja Limão,NAT&VIE,Emb. 0.4 KG,"1,49€","3,73€ / KG",
Máquinas de Barbear Descartáves Sensor 3 Comfort,GILLETTE,Emb. 5,"7,48€","1,50€ /",
Bolachas Marinheiras Sem Sal,CEM PORCENTO,Emb. 0.2 KG,"2,68€","13,40€ / KG",
RANCHO,CÔTÉ TABLE,Emb. 0.25 KG,"2,69€","10,76€ / KG",
LENCOS BOLSO 4F ALOE VERA,CARESSE,Emb. 12 UNID.,"1,67€","0,14€ / UNID.",
Alimento Húmido para Cão Mini Adulto,PURINA ONE,Emb. 0.1 KG,"0,49€","4,90€ / KG",
Toalhitas Sensitive Máxima Proteção Sem Perfume,DODOT,Emb. 54 UNID.,"2,59€","0,05€ / UNID.",
LIMPA MAQUINA LOICA,VISIOR,Emb. 0.25 LT,"1,42€","5,68€ / LT",
SOBREMESA PUDIM DE ARROZ,DÉLISSE,Emb. 0.5 KG,"2,59€","5,18€ / KG",
Pantene Liso & Sedoso Champô 3 Em 1,,Emb. 0.3 LT,"4,98€","16,60€ / LT",
Aguardente Aldeia Velha 70cl,,,"14,98€",/ Unid.,
Caramelos de Leite,COPAÍNS COPINES,Emb. 0.25 KG,"1,01€","4,04€ / KG",
Pão de Forma sem Côdea 9 Cereais,PANRICO,Emb. 0.48 KG,"1,59€","3,31€ / KG",
Sobremesa Láctea com Caramelo 4x100g,DÉLISSE,Emb. 0.4 KG,"1,59€","3,98€ / KG",
CARNE PORCO A PORTUGUESA,CÔTÉ TABLE,Emb. 0.25 KG,"3,14€","12,56€ / KG",
Sacos de Congelação Pequeno 18x20cm,ELEMBAL,Emb. 25 SAQ.,"1,25€","0,05€ / SAQ.",
GELADO DE BAUNILHA DE MADAGASCAR 500G 1L ESKISS,ESKISS,,"2,69€",/ Unid.,
Preparado em Pó Chantilly,ROYAL,Emb. 0.072 KG,"1,78€","24,72€ / KG",
PROTETOR SOLAR IP30 200ML,AMBRE SOLAIRE,Emb. 0.2 LT,"13,98€","69,90€ / LT",
Conserva de Grão de Bico,NOTRE JARDIN,Frasco 0.57 KG,"0,64€","1,12€ / KG",
Bolos Fofos de Cacau Recheio de Leite e Coco,P'TIT DÉLI,Emb. 0.42 KG,"2,79€","6,64€ / KG",
ACHOCOLATADO EM PO 800G ECO+,ECO+,Emb. 0.8 KG,"2,69€","3,36€ / KG",
Chá de Cidreira,TETLEY,Emb. 10 UNID.,"0,86€","0,09€ / UNID.",
Recarga Sabonete Líquido Lavanda,MANAVA,Emb. 0.25 LT,"0,69€","2,76€ / LT",
"BOLACHA PEQUENO ALMOCO CHOC, CEREAIS E AVELA BIO",,Emb. 0.2 KG,"1,79€","8,95€ / KG",
QJ MINI MOZZA 150G,LES CROISÉS,Emb. 0.15 KG,"1,64€","10,93€ / KG",
RIMMEL BL_ BATON LASTING FINISH KATE MOSS 001,,Emb. 1 UNID.,"8,74€","8,74€ / UNID.",
Conjunto 3 Copos Altos Piana 27cl,ARDENCE,3 UNID.,"1,99€","0,66€ / UNID.",
Espirais,ECO+,Emb. 1 KG,"1,39€","1,39€ / KG",
Lenços de Bolso 18+6 Unid.,RENOVA,Emb. 24 UNID.,"2,97€","0,12€ / UNID.",
LIMPA MOVEIS C/CERA AEROSSOL,CLAIR,Emb. 0.3 LT,"1,55€","5,17€ / LT",
Néctar Multifruits,ECO+,Emb. 2 LT,"1,51€","0,76€ / LT",
AXE GEL DARK TEMTATION,AXE,Emb. 0.4 LT,"3,29€","8,23€ / LT",
Queijo Mascarpone,LES CROISÉS,Emb. 0.5 KG,"2,99€","5,98€ / KG",
Panaché,FALSBOURG,Lata 2.5 LT,"3,14€","1,26€ / LT",
Queijo Curado Amanteigado o Sabor Português,LES CROISÉS,1 Unid. = 1 KG (aprox.),"6,90€/kg","6,90€ / Unid.",
Pastilha Elástica Senses Berry Party,TRIDENT,Emb. 0.023 KG,"0,94€","40,87€ / KG",
Recarga Tira Nodoas Desengordurante,KH-7,Emb. 0.75 LT,"4,08€","5,44€ / LT",
Alimento Seco P/ Cão Croquetes Multicomponentes,LYDOG,Emb. 10 KG,"12,99€","1,30€ / KG",
Ambientador Automático Glade Sense & Spray Difusor e Recambio Lavanda & Jazmín,BRISE,Emb. 0.018 LT,"7,98€","443,33€ / LT",
Grão de Bico Seco,NOTRE JARDIN,Emb. 0.5 KG,"1,04€","2,08€ / KG",
Bolachas Cobertas com Chocolate Branco,OREO,Emb. 0.246 KG,"2,78€","11,30€ / KG",
Bacon em Pedaços 2x100g,ECO+,Emb. 0.2 KG,"1,49€","7,45€ / KG",
Paté para Cão de Truta e Salmão,TOUS MES AMIS,Emb. 0.3 KG,"0,69€","2,30€ / KG",
BOLACHA CEREAIS C/ COB DE CHOCOLATE E AVELA,P'TIT DÉLI,Emb. 0.2 KG,"1,89€","9,45€ / KG",
Bolos com Pepitas de Chocolate sem Glúten,CHAQUE JOUR SANS GLUTEN,Emb. 0.23 KG,"2,99€","13,00€ / KG",
AUSONIA DISCREET BOUTIQUE MINI 16,AUSONIA,Emb. 16 UNID.,"2,99€","0,19€ / UNID.",
Água com Gás 6x25 cl,PEDRAS SALGADAS,Emb. 1.5 LT,"2,73€","1,82€ / LT",
Harpic Liquído Eucalipto e Menta 750ml x12,HARPIC,Emb. 0.75 LT,"2,24€","2,99€ / LT",
FEIJAO VERMELHO SACO,NOTRE JARDIN,Emb. 1 KG,"2,05€","2,05€ / KG",
Maionese Top Down,CALVÉ,Emb. 0.238 KG,"2,18€","9,16€ / KG",
Compota de Maçã 4x100g,,Emb. 0.4 KG,"0,99€","2,48€ / KG",
Vinho do Porto Tawny,DORRÃO,Garrafa 0.75 LT,"3,99€","5,32€ / LT",
Peito de Borrego,,1 Unid. = 1 KG (aprox.),"9,14€/kg","9,14€ / Unid.",
Laca Cabelos Pintados,ELNETT,Emb. 0.3 LT,"4,49€","14,97€ / LT",
Papel Higiénico 2 Folhas Estra XXL 18=45,RENOVA,Emb. 18 ROLOS,"8,99€","0,50€ / ROLOS",
AMACIADOR CONCENTRADO SPA 72 DOSES,HYPERDOU,Emb. 2 LT,"1,69€","0,85€ / LT",
Hambúrguer C/ Cebola 10 Unid.,FERIAL,Emb. 1 KG,"8,99€","8,99€ / KG",
Iogurte Sabor Tutti-Frutti 4x120g,CLESA,Emb. 0.5 KG,"0,84€","1,68€ / KG",
Cozer de Novilho,,1 Unid. = 0.6 KG (aprox.),"7,99€/kg","4,79€ / Unid.",
Snacks Party Mix Original,FELIX,Emb. 0.06 KG,"1,39€","23,17€ / KG",
Paio Extra Porco Preto,SNR,Emb. 0.3 KG,"6,18€","20,60€ / KG",
Refrigerante C/ Gás,COCA COLA,Garrafa 1 LT,"1,50€","1,50€ / LT",
Pão de Forma Coração de Trigo,PANRICO,Emb. 0.5 KG,"1,88€","3,76€ / KG",
IOGURTE NATURAL MAGRO 0% DE MATERIA GORDA BIO,,Emb. 0.5 KG,"0,99€","1,98€ / KG",
CROISSANT CONGELADO 6UN,EPI D'OR,Emb. 0.36,"2,99€","8,31€ /",
Chouriço,DAMATTA,Emb. 0.2 KG,"2,49€","12,45€ / KG",
Massa Ondas,MILANEZA,Emb. 0.5 KG,"1,68€","3,36€ / KG",
Alimento Seco P/ Cão -10Kg Vaca e Arroz,PURINA,Emb. 3 KG,"11,99€","4,00€ / KG",
PIRIPIRI VAGEM,RUSTICA,Emb. 0.015 KG,"0,62€","41,33€ / KG",
Chá Preto Descafeinado,TETLEY,Emb. 10 UNID.,"0,89€","0,09€ / UNID.",
DETERGENTE GEL EXPRESS - TIRA NODOAS 2EM1,EPSIL,Emb. 0.25 LT,"1,77€","7,08€ / LT",
Vinho Regional Douro Tinto,VILA REGIA,Emb. 0.75 LT,"2,24€","2,99€ / LT",
Recarga Mopa Madeiras,SWIFFER,Emb. 18 UNID.,"4,18€","0,23€ / UNID.",
Nata UHT Ideal para Bater,AGROS,Emb. 0.2 LT,"0,83€","4,15€ / LT",
Chouriça de Trancoso,SNR,Emb. 1 UNID.,"2,82€","2,82€ / UNID.",
Spray Anti Bolores,CIF,Emb. 0.435 LT,"2,49€","5,72€ / LT",
Rúcula Selvagem,,Emb. 0.1 KG,"1,49€","14,90€ / KG",
Café Cápsulas XL Qharacter Intensidade 9,DELTA Q,Emb. 40 CAPS.,"12,99€","0,32€ / CAPS.",
Chá Preto de Pêssego e Manga,LIPTON,Emb. 0.036 KG,"1,74€","48,33€ / KG",
ATUM RAMIREZ AZEITE 120G,RAMIREZ,,"1,18€",/ Unid.,
"Prato Sopa Gourmandine Vermelho 19,5cm",ARDENCE,1 UNID.,"2,20€","2,20€ / UNID.",
Kit para Pizza,TABLIER BLANC,Emb. 0.6 KG,"2,59€","4,32€ / KG",
PALITOS TORCIDOS C/ COB CHOCOLATE PRETO,P'TIT DÉLI,Emb. 0.09 KG,"1,64€","18,22€ / KG",
Anti Calcário Máquina Roupa Pó 2 em 1,CALGON,Emb. 20 DOSES,"6,99€","0,35€ / DOSES",
Panadinhos de Frango,CAPITÃO IGLO,Emb. 0.2 KG,"2,99€","14,95€ / KG",
Snack de Chocolate Mini,KIT KAT,Emb. 12 UNID.,"2,09€","0,17€ / UNID.",
Máquinas de Barbear Descartáveis Blue 3 Smooth,GILLETTE,Emb. 5 UNID.,"3,94€","0,79€ / UNID.",
Bolo de Massa em Espiral,P'TIT DÉLI,Emb. 0.2 KG,"1,39€","6,95€ / KG",
Caixa Hermética Redonda 23cm,DURALEX,1 UNID.,"3,75€","3,75€ / UNID.",
Creme Depilatório Silk & Fresh,VEET,Emb. 0.2 LT,"9,98€","49,90€ / LT",
Bifidus Líquido Kiwi 4x155g,DANONE,Emb. 0.62 KG,"1,99€","3,21€ / KG",
Conjunto 6 Copos Água Sept 24cl,ARDENCE,6 UNID.,"4,95€","0,83€ / UNID.",
Alimento Lácteo Banana e Pera 0% Açúcar Bio +6 Meses,NESTLÉ,Emb. 0.36 KG,"3,24€","9,00€ / KG",
Yofu Morango 4x125g,ALPRO,Emb. 0.5 KG,"2,29€","4,58€ / KG",
Ambientador Micado Stick Up Muddle Wine,AIR WICK,Emb. 0.05 LT,"10,98€","219,60€ / LT",
Coloração Longa Duração Belle Color 4 Castanho,GARNIER,Emb. 1 UNID.,"4,49€","4,49€ / UNID.",
Bicarbonato,RUSTICA,Emb. 0.05 KG,"0,51€","10,20€ / KG",
MOLHO BARBECUE,RUSTICA,Emb. 0.28 KG,"1,22€","4,36€ / KG",
Escova de Dentes 1.2.3 Shiny Clean Média,ORAL B,Emb. 1 UNID.,"1,49€","1,49€ / UNID.",
Pão De Forma Cerealia 100% Integral,PANRICO,Emb. 0.385 KG,"2,28€","5,92€ / KG",
PIMENTA PRETA EM GRAO SAQUETA,RUSTICA,Emb. 0.05 KG,"1,52€","30,40€ / KG",
Mousse de Chocolate Preto 4x60g,DÉLISSE,Emb. 0.48 LT,"1,19€","2,48€ / LT",
Vinho Tinto,ADEGA DE MURÇA,Garrafa 0.75 LT,"1,98€","2,64€ / LT",
Ice Tea de Manga Lata 6x25cl,LIPTON,Emb. 1.5 LT,"3,38€","2,25€ / LT",
QUEIJO MOZZARELLA BUFALA CAMPANA DOP,TRADIZIONI D'ITALIA,Emb. 0.2 KG,"2,79€","13,95€ / KG",
Camarão Cal. 30/40 Congelado,,1 Unid. = 0.238 KG (aprox.),"8,99€/kg","2,14€ / Unid.",
Pantene Perfect Volume Espuma 200ml,PANTENE PV,Emb. 0.2 LT,"3,74€","18,70€ / LT",
Leite com Chocolate,UCAL,Garrafa 0.25 LT,"0,73€","2,92€ / LT",
Refrigerante com Gás Laranja,SUMOL,Garrafa 1.25 LT,"1,38€","1,10€ / LT",
Dentão,,1 Unid. = 0.25 KG (aprox.),"6,49€/kg","1,62€ / Unid.",
"Pilhas Alcalinas LR03/AAA 1,5V",FOXTER,Emb. 4 UNID.,"1,69€","0,42€ / UNID.",
FAIRY LIMÃO 340ML,FAIRY,Emb. 0.34 LT,"1,38€","4,06€ / LT",
Dentífrico Natural Extracts Frescura Máxima,COLGATE,Emb. 0.075 LT,"3,24€","43,20€ / LT",
Alimento P/ Cão Adulto De Salmão e Aveia,BEYOND,Emb. 1.4 KG,"6,34€","4,53€ / KG",
PRESUNTO FATIADO 9 MESES CURA,CAMPO FINO,Emb. 0.15 KG,"3,19€","21,27€ / KG",
PAES PITA X6,EPI D'OR,Emb. 0.4 KG,"1,45€","3,63€ / KG",
"Iogurte Bebé Banana, Laranja e Bolacha",NESTLÉ,Emb. 0.4 KG,"2,39€","5,98€ / KG",
Amêndoa em Pó,TABLIER BLANC,Emb. 0.125 KG,"2,40€","19,20€ / KG",
FOLHA DE ALUMINIO 25 M,,,"4,99€",/ Unid.,
Garoupa Legitima Cal. 1/3,,1 Unid. = 1.5 KG (aprox.),"14,99€/kg","22,49€ / Unid.",
Molho de Alho com Ervas,HEINZ,Emb. 0.22 LT,"2,28€","10,36€ / LT",
Desodorizante Roll On Invisible Black White 48H,REXONA,Emb. 0.05 LT,"2,39€","47,80€ / LT",
Azeite Virgem Extra Reserva,CONDESTÁVEL,Emb. 0.75 LT,"4,19€","5,59€ / LT",
IOGURTE LIQUIDO SABOR MORANGO BANANA,DÉLISSE,Emb. 0.85 KG,"1,09€","1,28€ / KG",
Pimenta Branca Moída,RUSTICA,Emb. 0.05 KG,"1,04€","20,80€ / KG",
Deo Roll-On Active Protection E Invisible,REXONA,Emb. 0.05 LT,"2,39€","47,80€ / LT",
NOZ DA AMAZONIA,TOKAPI,Emb. 0.1 KG,"2,09€","20,90€ / KG",
Salsichas Frankfurt,IZIDORO,Lata 0.25 KG,"1,88€","7,52€ / KG",
Maionese Verdadeira 416G,HELLMANN'S,Frasco 0.416 KG,"3,28€","7,88€ / KG",
DETERGENTE MAQ LOICA PASTILHAS TUDO EM 1,VISIOR,Emb. 30 UNID.,"2,09€","0,07€ / UNID.",
SPRAY LUSTRANTES PNEUS 1 L 1L TECH9,TECH9,Emb. 1 LT,"4,49€","4,49€ / LT",
Bolachas Ositos Sabor a Mel,ARTIACH,Emb. 4 UNID.,"2,08€","0,52€ / UNID.",
Mini Rissóis de Camarão 20 Unid.,SNR,Emb. 0.333 KG,"2,99€","8,98€ / KG",
Massa Cotovelos Fino,MILANEZA,Emb. 0.5 KG,"1,48€","2,96€ / KG",
Bacon de Peru,PRIMOR,Emb. 0.2 KG,"14,89€","74,45€ / KG",
Chocolate de Leite 3x,KIT KAT,Emb. 0.125 KG,"1,49€","11,92€ / KG",
Refrigerante sem Gás Frutas Tropicais,TRINA,Garrafa 1.5 LT,"1,54€","1,03€ / LT",
Lava Tudo Sabão Natural,CLAIR,Emb. 2 LT,"0,93€","0,47€ / LT",
Salada Aromática Embalada,VITACRESS,Emb. 0.1 KG,"1,98€","19,80€ / KG",
Pão de Forma Oroweat 12 Cereais,BIMBO,Emb. 0.68 KG,"1,99€","2,93€ / KG",
OIKOS CAFE 110G X4,OIKOS,Emb. 0.44 KG,"2,39€","5,43€ / KG",
Queijo Cabra com Leite Pasteurizado 2x60gr,LES CROISÉS,Emb. 0.12 KG,"1,89€","15,75€ / KG",
Arroz Agulha,CAÇAROLA,Emb. 1 KG,"1,14€","1,14€ / KG",
Detergente Máquina Loiça Ultra Power,FAIRY,Emb. 84 PAST.,"18,77€","0,22€ / PAST.",
Papel Higiénico 2 Folhas Extra XXL 6=15,RENOVA,Emb. 6 ROLOS,"3,94€","0,66€ / ROLOS",
"MISTURA DE LEGUMES (BROCULOS, COUVE FLOR E CENOURA)",NOTRE JARDIN,Emb. 1 KG,"1,99€","1,99€ / KG",
Frutas 100% Maçã e Manga S/ Glúten +6 meses 4 Unid.,NATURNES,Emb. 0.4 KG,"2,72€","6,80€ / KG",
Lava Tudo Multi Superfícies Limão,CLAIR,Emb. 1.5 LT,"1,46€","0,97€ / LT",
Vela fragância de laranja,AIRWICK,Emb. 0.32 KG,"3,98€","12,44€ / KG",
Polpa de Tomate 100% Português,COMPAL,Frasco 0.5 KG,"0,98€","1,96€ / KG",
Água sem Gás,FASTIO,Garrafa 6 LT,"1,42€","0,24€ / LT",
Queijo Ricotta,SANTA LUCIA,Emb. 0.25 KG,"2,18€","8,72€ / KG",
Champô para Cabelo Pintado e Proteção de Cor,GLISS,Emb. 0.25 LT,"2,24€","8,96€ / LT",
Bebida Energética Rehab,MONSTER ENERGY,Lata 0.5 LT,"1,54€","3,08€ / LT",
Snack P/ Cão Sabor Bacon e Queijo,FRISKIES,Emb. 0.175 KG,"2,28€","13,03€ / KG",
Cerveja com Álcool 24x33cl,SUPER BOCK,Emb. 7.92 LT,"15,79€","1,99€ / LT",
Snack P/ Cão Pequeno,FRISKIES,Emb. 0.35 KG,"1,99€","5,69€ / KG",
Maçã Pink Lady Cal. 70/75,,1 Unid. = 0.19 KG (aprox.),"2,98€/kg","0,57€ / Unid.",
Queijo Ricotta,LES CROISÉS,Emb. 0.25 KG,"1,09€","4,36€ / KG",
Snack P/ Cão Sticks C/ Aroma a Javali,PURINA,Emb. 0.09 KG,"1,49€","16,56€ / KG",
BOLACHAS AREADAS C/ CARAMELO,P'TIT DÉLI,Emb. 0.1 KG,"1,74€","17,40€ / KG",
Pantene 3 Minute Miracle Liso & Sedoso,PANTENE PV,Emb. 0.2 LT,"5,48€","27,40€ / LT",
Snacks Sabor a Bacon,,Emb. 0.1 KG,"1,19€","11,90€ / KG",
PELICULA ADERENTE 30M,ELEMBAL,Emb. 30 M,"0,67€","0,02€ / M",
Massa Cotovelos sem Glúten,CHAQUE JOUR SANS GLUTEN,Emb. 0.4 KG,"1,96€","4,90€ / KG",
Queijo Meio Gordo de Lamego,PAIVA,1 Unid. = 1.2 KG (aprox.),"7,49€/kg","8,99€ / Unid.",
Caixa Hermética 0.90L,,4 UNID.,"2,49€","0,62€ / UNID.",
Iogurte Mix-In Chocapic 87% Leite 2 Unid.,NESTLÉ,Emb. 0.236 KG,"1,99€","8,43€ / KG",
PENSOS HIGIENICOS MAXI NOITE 10UN,ECO+,Emb. 10 UNID.,"0,75€","0,08€ / UNID.",
Mostarda Forte de Dijon,RUSTICA,Emb. 0.44 KG,"2,09€","4,75€ / KG",
Caldo para Arroz 24 Cubos,KNORR,Emb. 0.24 KG,"2,39€","9,96€ / KG",
Água sem Gás 6x50cl,LUSO,Emb. 3 LT,"1,99€","0,66€ / LT",
APERITIVOS MILHO DINOSSAUROS SABOR KETCHUP,TOKAPI,Emb. 0.125 KG,"1,27€","10,16€ / KG",
Tablete de Chocolate de Leite,NESTLÉ,Emb. 0.09 KG,"1,09€","12,11€ / KG",
Leite de Coco,TABLES DU MONDE,Emb. 0.2 LT,"1,13€","5,65€ / LT",
Vinho Branco Meio Seco,LEZÍRIA,Garrafa 0.75 LT,"1,58€","2,11€ / LT",
Creme Dessert Baunilha 4x125g,ECO+,Emb. 0.5 KG,"0,94€","1,88€ / KG",
Arroz Agulha,,Emb. 1 KG,"0,99€","0,99€ / KG",
MANTEIGA SEM SAL BIO,,Emb. 0.25 KG,"2,79€","11,16€ / KG",
Detergente Manual Loiça Ultra,FAIRY,Emb. 0.48 LT,"2,14€","4,46€ / LT",
Cappuccino de Chocolate 8 Caps.,PLANTATION,Emb. 0.144 KG,"1,79€","12,43€ / KG",
TOSTAS CROCANTES COM CENTEIO,EPI D'OR,Emb. 0.25 KG,"1,09€","4,36€ / KG",
Cacetinho,,1 Unid. = 0.055 KG,"0,19€","3,45€ / KG",
Sabonete Sólido Flores Brancas 4 Unid.,MANAVA,Emb. 0.4 KG,"2,40€","6,00€ / KG",
COGUMELOS DE PARIS LAMINADOS BIO,,Emb. 0.6 KG,"2,39€","3,98€ / KG",
Rebuçados com Recheio de Fruta,COPAÍNS COPINES,Emb. 0.25 KG,"0,99€","3,96€ / KG",
Massa Folhada Pronta Biológica,,Emb. 0.23 KG,"1,67€","7,26€ / KG",
Leite Bem Especial Crescimento 1 a 3 anos,MIMOSA,Emb. 1 LT,"1,69€","1,69€ / LT",
CASSOULET DE CASTELNAUDARY,NOS RÉGIONS ONT DU TALENT,Emb. 0.84 KG,"4,99€","5,94€ / KG",
Penso Incontinência Discreet Micro,AUSONIA,Emb. 28 UNID.,"2,99€","0,11€ / UNID.",
Batatas Fritas Crocantes Onduladas,POM'LISSE,Emb. 0.15 KG,"1,20€","8,00€ / KG",
Alimento Húmido P/ Gato Diamante Frango,PURINA,Emb. 0.09 KG,"1,28€","14,22€ / KG",
Iogurte Sabor a Coco 4x125g,CLESA,Emb. 0.5 KG,"0,84€","1,68€ / KG",
Barras de Cereais de Chocolate 6 Unid.,FITNESS,Emb. 0.141 KG,"2,33€","16,52€ / KG",
Polpa de Tomate Biológica,,Emb. 0.5 KG,"0,99€","1,98€ / KG",
Óleo para Todos Tipos de Cabelo,ULTRA SUAVE,Emb. 0.15 LT,"8,98€","59,87€ / LT",
Alimento Húmido P/ Gato Duplo Prazer Pack 12,GOURMET,Emb. 1.02 KG,"5,84€","5,73€ / KG",
Detergente Máquina Loiça Pastilhas All in 1 27 pastilhas,FINISH,Emb. 0.457 KG,"5,99€","13,11€ / KG",
Barras de Cereais de Chocolate C/ Leite 6 Unid.,NESQUIK,Emb. 0.15 KG,"2,98€","19,87€ / KG",
PETALAS DE CAMARAO,TABLES DU MONDE,Emb. 0.05 KG,"0,79€","15,80€ / KG",
Vinho Regional Alentejo Branco,GALITOS,Garrafa 0.75 LT,"1,89€","2,52€ / LT",
Whisky Grant's,GRANT'S,Garrafa 0.7 LT,"12,90€","18,43€ / LT",
"OIKOS STRACCIATELLA 110G ,,440G",OIKOS,Emb. 0.44 KG,"2,39€","5,43€ / KG",
Iogurte Líquido Natural 6x100g,DANACOL,Emb. 0.6 KG,"2,99€","4,98€ / KG",
BANHA DE PORCO,CAMPO FINO,Emb. 0.22 KG,"0,89€","4,05€ / KG",
Pizza Casa Di Mama Fiambre e Cogumelos,DR. OETKER,Emb. 0.405 KG,"5,48€","13,53€ / KG",
DETERGENTE LIQUIDO PARA ROUPA BEBE 25D,EPSIL,Emb. 25 DOSES,"2,61€","0,10€ / DOSES",
Tampões com Aplicador Compak Regular,TAMPAX,Emb. 22 UNID.,"3,98€","0,18€ / UNID.",
Conserva Mini Pepinos,RUSTICA,Frasco 0.21 KG,"1,59€","7,57€ / KG",
Espumante Bruto Branco,TERRAS DO DEMO,Garrafa 0.75 LT,"8,48€","11,31€ / LT",
Óleo Intense 6-10 Louro Escuro,SYOSS,,"6,24€",/ Unid.,
BANZAI NOODLE CAMARAO CIGALA,BANZAI,Emb. 0.067 KG,"0,89€","13,28€ / KG",
Gelado de Chocolate,CARTE D'OR,Emb. 0.75 LT,"2,98€","3,97€ / LT",
Bolachas Sabor Limão com Amêndoas Biológicas,,Emb. 0.2 KG,"2,49€","12,45€ / KG",
Iogurte Líquido Morango Banana 4x155g,DANONE,Emb. 0.62 KG,"1,69€","2,73€ / KG",
BEBIDA SOJA CHOC LIGHT 3x250ML,ALPRO,Emb. 0.75 LT,"2,19€","2,92€ / LT",
Pataniscas 6 Unid.,SNR,Emb. 0.325 KG,"2,99€","9,20€ / KG",
Snacks Tufados à Base de Milho e Amendoim,TOKAPI,Emb. 0.09 KG,"0,68€","7,56€ / KG",
Pack 4 Escovas de Dentes Média Triple Action,COLGATE,Emb. 1 UNID.,"3,49€","3,49€ / UNID.",
Máquina de Depilar Descartável Venus Basic,GILLETTE,Emb. 4 UNID.,"2,59€","0,65€ / UNID.",
Sumo 100% Tomate Biológico,,Emb. 1 LT,"1,46€","1,46€ / LT",
LENCOS DE BOLSO 4F ECO,UNÍ VERT,Emb. 15 UNID.,"1,67€","0,11€ / UNID.",
GUARDANAPOS RENOVA OLE 1 FOLHA,GUARDANAPOS RENOVA,,"0,82€",/ Unid.,
Biscoitos de Canela,P'TIT DÉLI,Emb. 0.5 KG,"2,08€","4,16€ / KG",
Caldo Carne 16 Cubos,MAGGI,Emb. 0.16 KG,"2,09€","13,06€ / KG",
SNACKS PREMIUM PEIXE 50G LYCAT,LYCAT,Emb. 0.05 KG,"0,99€","19,80€ / KG",
Máscara Hidrata Leite de Coco,HERBAL ESSENCES,Emb. 0.25 LT,"3,99€","15,96€ / LT",
Pastilhas de Limpeza para Próteses Dentárias,,Emb. 30 UNID.,"3,98€","0,13€ / UNID.",
Petinga,,1 Unid. = 0.1 KG (aprox.),"2,99€/kg","0,30€ / Unid.",
IOGURTE NATURAL FRASCO,DÉLISSE,Emb. 1 KG,"2,05€","2,05€ / KG",
Achocolatado em Pó,ECO+,Emb. 0.4 KG,"1,39€","3,48€ / KG",
Prato 28cm Preto,ARDENCE,1 UNID.,"2,40€","2,40€ / UNID.",
Puré de Batata Ultracongelado,POM'LISSE,Emb. 0.75 KG,"1,69€","2,25€ / KG",
Deo Spray 0% Sensitive 24H,SANEX,Emb. 0.15 LT,"4,48€","29,87€ / LT",
Entremeada de Porco,,1 Unid. = 0.4 KG (aprox.),"5,10€/kg","2,04€ / Unid.",
MASSA ESPIRAIS,CAÇAROLA,Emb. 0.5 KG,"1,09€","2,18€ / KG",
Rebuçado Refrescante sem Açúcar,HALLS,Emb. 0.134 KG,"2,78€","20,75€ / KG",
Bolachas de Cacau Recheadas com Creme Baunilha,OREO,Emb. 0.154 KG,"1,28€","8,31€ / KG",
Néctar Clássico Ananás 3x200 ml,COMPAL,Emb. 0.6 LT,"1,87€","3,12€ / LT",
Gelado Strawberry Merengue,CARTE D'OR,Emb. 0.9 LT,"4,98€","5,53€ / LT",
Whisky Passport Scotch,PASSPORT,Garrafa 0.7 LT,"12,15€","17,36€ / LT",
Pão Cachorro 330g,EPI D'OR,Emb. 6 UNID.,"0,83€","0,14€ / UNID.",
Johnson\'s Baby Condicionador Penteia Fácil,JOHNSON'S BABY,Emb. 0.5 LT,"5,58€","11,16€ / LT",
Queijo de Vaca Amanteigado 5 Estrelas,LACTO SERRA,1 Unid. = 1 KG (aprox.),"7,49€/kg","7,49€ / Unid.",
Pacotinho de Frutas Maçã Cenoura e Manga S/ Glúten +6 meses,NESTLÉ BEBÉ,Emb. 0.09 KG,"0,69€","7,67€ / KG",
Ameixa Seca C/ Caroço,MARQUE REPERE,Emb. 0.25 KG,"2,08€","8,32€ / KG",
Caldo para Arroz,KNORR,Emb. 8 CUBOS,"1,39€","0,17€ / CUBOS",
Queijo Fatiado Castelões Original,CASTELÕES,Emb. 0.2 KG,"1,99€","9,95€ / KG",
Cookies de Chocolate com Pepitas Chocolate Biológicas,,Emb. 0.2 KG,"1,98€","9,90€ / KG",
Tarte Gelada Chocolate,VIENNETTA,Emb. 0.65 LT,"3,98€","6,12€ / LT",
Queijo Flamengo Fatias Redondas,PAIVA,,"1,98€",/ Unid.,
Leite Condensado Cozinha,NESTLÉ,Emb. 0.397 KG,"1,54€","3,88€ / KG",
Canela Pau,MARGÃO,Emb. 0.03 KG,"2,78€","92,67€ / KG",
PERSIL COLOR GEL 100D,PERSIL,Emb. 5.116 KG,"17,24€","3,37€ / KG",
Vinho Verde Branco,LAGOSTA,Garrafa 0.75 LT,"3,98€","5,31€ / LT",
Cereais Flakes,CUÉTARA,Emb. 0.5 KG,"3,98€","7,96€ / KG",
LENCOS DE PAPEL BRANCOS KIDS 3 FOLHAS  60UN CARESSE,CARESSE,Emb. 60 UNID.,"1,25€","0,02€ / UNID.",
Bolachas Areadas de Manteiga Pura com Coco e Recheadas,P'TIT DÉLI,Emb. 0.1 KG,"1,74€","17,40€ / KG",
Massa Macarronete GR,MILANEZA,Emb. 0.5 KG,"1,58€","3,16€ / KG",
Spray Limpa Fornos e Grelhadores,CIF,Emb. 0.435 LT,"2,49€","5,72€ / LT",
IOGURTE GREGO CAFE 4X150G,DÉLISSE,Emb. 0.6 KG,"1,88€","3,13€ / KG",
Creme Protector Muda Fraldas,MOTS D'ENFANTS,Emb. 0.1 LT,"2,92€","29,20€ / LT",
Refrigerante S/Gás Arandos Light,JAFADEN,Emb. 1 LT,"1,88€","1,88€ / LT",
Loção Corporal Advanced Repair,VASELINE,Emb. 0.2 LT,"2,14€","10,70€ / LT",
Recarga Inseticida Elétrico 45 Noites,RAID,Emb. 1 UNID.,"7,28€","7,28€ / UNID.",
Papas de Aveia com canela,NACIONAL,Emb. 0.06 KG,"1,19€","19,83€ / KG",
Sal Máquina Loiça Anti-Calcário,SUN,Emb. 1 KG,"1,49€","1,49€ / KG",
Pinha de Profiteroles com Chantilly,,Emb. 0.4 KG,"6,28€","15,70€ / KG",
GALETES BRETONNES C/PEPITAS DE CHOCOLATE,P'TIT DÉLI,Emb. 0.13 KG,"0,99€","7,62€ / KG",
SAUCE POIVRE VERT,RUSTICA,Emb. 0.03 KG,"0,79€","26,33€ / KG",
Paté para cão de Frango e Carne,TOUS MES AMIS,Emb. 0.3 KG,"0,59€","1,97€ / KG",
Iogurte Líquido Straciatella 4x155g,DANONE,Emb. 0.62 KG,"1,69€","2,73€ / KG",
Creme Hidratante Caixa Família,NIVEA,Emb. 0.25 LT,"5,59€","22,36€ / LT",
Pão de Forma com Códea Especial Torradas,PANRICO,Emb. 0.75 KG,"2,18€","2,91€ / KG",
Pão Torrado Integral Biológico,,Emb. 0.25 KG,"2,42€","9,68€ / KG",
Iogurte Bifidus Cremoso Coco 4 Unid.,DANONE,Emb. 0.48 KG,"1,99€","4,15€ / KG",
Barrinhas P/ Porquinhos-da-Índia sabor a Frutas,TOUS MES AMIS,Emb. 0.11 KG,"1,39€","12,64€ / KG",
Barrinhas Periquitos sabor a Ovos,TOUS MES AMIS,Emb. 0.06 KG,"1,28€","21,33€ / KG",
Coloração 1-4 Preto Azulado,SYOSS,,"4,99€",/ Unid.,
Espanador Duster XXL + 2 Panos,SWIFFER,Emb. 1 UNID.,"7,48€","7,48€ / UNID.",
Espuma Barbear Extra Hidratante,NIVEA MEN,Emb. 0.2 LT,"2,98€","14,90€ / LT",
POSTA PESCADA Nº5 COZER,PÊCHE OCÉAN,Emb. 0.8 KG,"4,99€","6,24€ / KG",
Alimento Seco P/ Gato Interior Frango,PURINA FRISKIES,Emb. 1.5 KG,"6,22€","4,15€ / KG",
Passador,ARDENCE,1 UNID.,"2,50€","2,50€ / UNID.",
Fiambre de Peru,EL POZO,Emb. 0.15 KG,"1,69€","11,27€ / KG",
Bife Bourguignon com Batatas,CÔTÉ TABLE,Emb. 0.3 KG,"3,11€","10,37€ / KG",
Pão de Forma Familiar,EPI D'OR,Emb. 0.8 KG,"1,21€","1,51€ / KG",
Salada de Atum à Catalane,COTE SNACK,Lata 0.25 KG,"1,99€","7,96€ / KG",
Espuma Limpa Carpetes e Estofos Tira Nódoas,VANISH,Emb. 0.6 LT,"5,19€","8,65€ / LT",
Leite Bem Essencial C/ Polpa de Morango 4 Unid.,MIMOSA,Emb. 0.8 LT,"1,88€","2,35€ / LT",
Refrigerante sem Gás Maçã,TRINA,Garrafa 1.5 LT,"1,54€","1,03€ / LT",
Gel de Banho Corpo e Zona Íntima Suave,CORINE DE FARME,Emb. 0.25 LT,"2,49€","9,96€ / LT",
JOGO 4 TAPETES EM ALCATIFA 1UN TECH9,TECH9,Emb. 1 UNID.,"11,99€","11,99€ / UNID.",
CONCHAS DO MAR 6UN,CÔTÉ TABLE,Emb. 0.66 KG,"4,85€","7,35€ / KG",
Farinha de Mandioca,GLOBO,Emb. 0.5 KG,"1,76€","3,52€ / KG",
Licor,SAFARI,Garrafa 0.7 LT,"12,89€","18,41€ / LT",
Snacks Bugles 3D,3D'S BUGLES,Emb. 0.085 KG,"1,14€","13,41€ / KG",
Afia Lápis de Maquilhagem Dupla,,Emb. 1 UNID.,"1,77€","1,77€ / UNID.",
Conserva de Azeitona Mista,RUSTICA,Emb. 0.3 KG,"2,09€","6,97€ / KG",
ERVILHAS CONGELADAS,NOTRE JARDIN,Emb. 0.4 KG,"0,59€","1,48€ / KG",
LENCOS FACIAIS 3F ALOE VERA,CARESSE,Emb. 90 UNID.,"1,00€","0,01€ / UNID.",
Café Mythiq Intensidade 15,DELTA,Emb. 10 UNID.,"2,99€","0,30€ / UNID.",
Papel Higiénico 2 Folhas Compact,MARQUE REPERE,Emb. 6 UNID.,"2,51€","0,42€ / UNID.",
IOGURTE DELILIGHT 0% IOG.NATURAL,DÉLISSE,Emb. 1.5,"1,79€","1,19€ /",
Natas Líquidas Magra 4% 3x20cl,DÉLISSE,Emb. 0.08 LT,"1,73€","21,63€ / LT",
Abóbora Cortada,,Emb. 0.45 KG,"0,98€","2,18€ / KG",
Bolo de Bolacha,,Emb. 1 KG,"9,99€","9,99€ / KG",
Snack P/ Gato Crispies C/ Sabor a Salmão e Truta,FELIX,Emb. 0.45 KG,"1,39€","3,09€ / KG",
Coloração Longa Duração Belle Color 5.3 Castanho Claro Dourado,GARNIER,Emb. 1 UNID.,"4,49€","4,49€ / UNID.",
ÓLEO BRONZEADOR CÔCO,AMBRE SOLAIRE,Emb. 0.2 LT,"11,98€","59,90€ / LT",
Faneca Média,,1 Unid. = 0.1 KG (aprox.),"3,98€/kg","0,40€ / Unid.",
Refrigerante Mini C/ Gás Zero Açúcar Zero Cafeína,COCA COLA,Emb. 0.15 LT,"0,45€","3,00€ / LT",
"Cereais de Trigo, Mel e Aveia",CHEERIOS,Emb. 0.375 KG,"3,88€","10,35€ / KG",
Cereais de Trigo Original,WEETABIX,Emb. 0.43 KG,"3,53€","8,21€ / KG",
Conserva de Salsichas Frankfurt 10 Unid.,NOBRE,Lata 0.25 KG,"1,78€","7,12€ / KG",
Cabo Universal,,Emb. 1 UNID.,"1,58€","1,58€ / UNID.",
LENCOS FACIAIS 3F MENTOL,CARESSE,Emb. 80 UNID.,"1,25€","0,02€ / UNID.",
DENTIFRICO E ELIXIR FRESCURA EXTREMA,DENTAMYL,Emb. 0.075 LT,"1,00€","13,33€ / LT",
Vinho do Porto Offley Tawny,OFFLEY,Garrafa 0.75 LT,"4,69€","6,25€ / LT",
Alimento Seco Completo P/ Cães Pequenos,TOUS MES AMIS,Emb. 1 KG,"2,19€","2,19€ / KG",
Massa Espirais Clássica,NACIONAL,Emb. 0.5 KG,"1,48€","2,96€ / KG",
Chicorée Café com Leite Instantâneo,PLANTATION,Emb. 0.4 KG,"4,45€","11,13€ / KG",
Conserva de Atum ao Natural,RAMIREZ,Emb. 0.12 KG,"1,58€","13,17€ / KG",
Sobremesa Chocolate Mix'n Croc Color Chocolate 4x120g,DÉLISSE,Emb. 0.48 KG,"1,84€","3,83€ / KG",
Alimento Seco Gato Atum Legumes,PURINA FRISKIES,Emb. 0.4 KG,"2,08€","5,20€ / KG",
Snack Batata Sabor Paprika,TOKAPI,Emb. 0.17 KG,"1,95€","11,47€ / KG",
Mini Bolos de Mármore de Chocolate,P'TIT DÉLI,Emb. 0.189 KG  (aprox.),"1,49€","7,88€ / KG",
Vinho Rosé Lancers,LANCERS,Garrafa 0.75 LT,"3,98€","5,31€ / LT",
AGUA FRIZE TANGERINA 4x25CL,FRIZE,,"2,68€",/ Unid.,
Cápsulas Café Espresso Intenso Intensidade 7,DOLCE GUSTO,Emb. 30 CAPS.,"10,48€","0,35€ / CAPS.",
Presunto de Porco Preto,PRIMOR,Emb. 0.07 KG,"8,39€","119,86€ / KG",
Queijo Flamengo Fatiado,NOVA AÇORES,Emb. 0.2 KG,"1,89€","9,45€ / KG",
CORNETTO MINI CLÁSSICO (8x60ml),CORNETTO,Emb. 8 UNID.,"4,98€","0,62€ / UNID.",
BISCOITOS DE CANELA,P'TIT DÉLI,Emb. 0.4 KG,"1,55€","3,88€ / KG",
Cereais Corn Flakes Original,KELLOGG'S,Emb. 0.5 KG,"2,24€","4,48€ / KG",
Puré de Batata Nature,POM'LISSE,Emb. 1 KG,"2,99€","2,99€ / KG",
Manteiga da Bretanha Meio-sal,LES CROISÉS,Emb. 0.25 KG,"2,19€","8,76€ / KG",
Vinho Tinto,COMP DO VINHO,Bag in Box 5 LT,"6,29€","1,26€ / LT",
Iogurte Líquido Morango 12 Unid.,ACTIMEL,Emb. 1.2 LT,"4,39€","3,66€ / LT",
Fraldas Bebé T3 Doucer 4/9Kg,MOTS D'ENFANTS,Emb. 90 UNID.,"11,11€","0,12€ / UNID.",
Caixa Hermética Quadrada em Vidro 9cm,,1 UNID.,"1,49€","1,49€ / UNID.",
Alimento Húmido P/ Gato Salmão Atum Legumes,PURINA FRISKIES,Emb. 0.4 KG,"1,33€","3,33€ / KG",
Pantene Frizz Control & Luminosidade Máscara 160 ml,PANTENE PV,Emb. 0.16,"5,98€","37,38€ /",
CUECA INCONTINENCIA XL,CHORYS,Emb. 10 UNID.,"7,76€","0,78€ / UNID.",
BEBIDA DE ARROZ E COCO BIO,,Emb. 1 KG,"1,99€","1,99€ / KG",
Ananás em Calda,FRUÍSTAR,Emb. 0.825 KG,"3,83€","4,64€ / KG",
Máscara de Pestanas Preto 001,RIMMEL,Emb. 1 UNID.,"11,88€","11,88€ / UNID.",
Massa Cuscus,TURINI,Emb. 0.25 KG,"0,55€","2,20€ / KG",
Tablete de Chocolate Cereais Crocantes 4x100g,ECO+,Emb. 0.4 KG,"1,99€","4,98€ / KG",
Bife Rabadilha de Novilho,,1 Unid. = 0.25 KG (aprox.),"8,99€/kg","2,25€ / Unid.",
Fiambre Superior,TRADILÈGE,Emb. 0.08 KG,"1,79€","22,38€ / KG",
Renovador Camurça Spray Preto,SPLENDOR,Emb. 0.2 LT,"3,60€","18,00€ / LT",
COOKIES COM MEGA PEPITAS CHOCOLATE,P'TIT DÉLI,Emb. 0.184 KG,"1,89€","10,27€ / KG",
Pastilhas Máquina Loiça All In 1 Laranja,FAIRY,Emb. 60 CAPS.,"18,98€","0,32€ / CAPS.",
Polpa de Tomate,GULOSO,Frasco 0.5 LT,"0,79€","1,58€ / LT",
Estrella Damm Cerveja de Espanha Pack 6X25CL,ESTRELLA DAMM,,"4,28€",/ Unid.,
Chá de Lúcia-Lima,LIPTON,Emb. 20 SAQ.,"1,20€","0,06€ / SAQ.",
SACO LIXO ECOBAG 50L FECHO FÁCIL (10 UN),VILEDA,Emb. 10 UNID.,"2,24€","0,22€ / UNID.",
Iogurte Líquido Tutti Frutti 6 Unid.,ACTIMEL,Emb. 0.6 KG,"2,59€","4,32€ / KG",
Cereais +Rico,NACIONAL,Emb. 0.3 KG,"2,21€","7,37€ / KG",
Massa Cotovelos Clássica,NACIONAL,Emb. 0.5 KG,"1,48€","2,96€ / KG",
Batatas Fritas Onduladas,POM'LISSE,Emb. 0.2 KG,"1,25€","6,25€ / KG",
Azeite,CONDESTÁVEL,Garrafa 0.75 LT,"3,69€","4,92€ / LT",
ESPARGUETE,ECO+,Emb. 1 KG,"1,85€","1,85€ / KG",
Tampa Anti-Gordura de Inox 16/20cm,ARDENCE,1 UNID.,"2,50€","2,50€ / UNID.",
Queijo Fatiado 2X200 g,LIMIANO,Emb. 0.4 KG,"3,79€","9,48€ / KG",
Néctar de Pera Rocha Clássico,COMPAL,Emb. 0.33 LT,"0,78€","2,36€ / LT",
Espuma Barbear Revitalizante,CARRÉ HOMME,Emb. 0.2 LT,"1,46€","7,30€ / LT",
Massa Espirais Tricolores,TURINI,Emb. 0.5 KG,"1,01€","2,02€ / KG",
Esparguete Cozedura Rápida,TURINI,Emb. 0.5 KG,"1,14€","2,28€ / KG",
"AGUA FASTIO,,6x33CL",FASTIO,,"1,48€",/ Unid.,
Whisky Bourbon,JOHN DAVON'S,Garrafa 0.7 LT,"10,99€","15,70€ / LT",
Alimento Húmido Cão Borrego e Galinha,PEDIGREE,Emb. 0.3 KG,"2,48€","8,27€ / KG",
Iogurte de Frutos Déli´light 8x125g,DÉLISSE,Emb. 1 KG,"2,19€","2,19€ / KG",
Néctar de Manga Clássico,COMPAL,Emb. 1 LT,"1,08€","1,08€ / LT",
Leite C/ Chocolate Light 4 Unid.,MIMOSA,Emb. 0.8 LT,"1,85€","2,31€ / LT",
"AGUA VIMEIRO LISA PET 4X1,5L",VIMEIRO,,"1,68€",/ Unid.,
Pimenta Branca Moída,MARGÃO,Emb. 0.04 KG,"2,58€","64,50€ / KG",
Vinho Regional Bairrada Tinto,MARQUES DE MARIALVA,Garrafa 0.75 LT,"4,98€","6,64€ / LT",
Prato de Sobremesa 21cm Preto,ARDENCE,1 UNID.,"2,20€","2,20€ / UNID.",
CAPSULAS CAFE COMP C/ DG - SUAVE INT7,PLANTATION,Emb. 16 UNID.,"2,44€","0,15€ / UNID.",
Paté Cabeça de Porco C/ Salsa.,TRADILÈGE,Emb. 0.18 KG,"2,19€","12,17€ / KG",
Alimento Seco Cão Croquetes Light,TOUS MES AMIS,Emb. 4 KG,"4,49€","1,12€ / KG",
Luvas Domésticas Duplex Tamanho M,RENOVA LUVAS,Emb. 1 UNID.,"0,88€","0,88€ / UNID.",
Aletria,MILANEZA,Emb. 0.5 KG,"1,58€","3,16€ / KG",
Spray de Limpeza Nature Cozinha Ultra Desengordurante Limão,,Emb. 0.75 LT,"3,98€","5,31€ / LT",
Tampa Universal Inox 16/20cm,ARDENCE,1 UNID.,"2,50€","2,50€ / UNID.",
GOMAS ACIDAS COLORIDAS TUB\'S,COPAÍNS COPINES,Emb. 0.2 KG,"1,28€","6,40€ / KG",
Batatas Fritas Onduladas Sabor a Presunto,POM'LISSE,Emb. 0.185 KG,"1,19€","6,43€ / KG",
LAVA TUDO FLORAL,CLAIR,Emb. 2 UNID.,"0,93€","0,47€ / UNID.",
Creme Hidratante Dia Age Perfect,DERMO EXPERTISE,Emb. 0.05 LT,"15,98€","319,60€ / LT",
Coloração 5-29 Vermelho Intenso,SYOSS,,"4,99€",/ Unid.,
"Caixa Hermética Redonda 20,5cm",DURALEX,1 UNID.,"6,95€","6,95€ / UNID.",
Café Solúvel Clássico Frasco,NESCAFÉ,Frasco 0.1 KG,"3,98€","39,80€ / KG",
Cápsulas Café Buondi,DOLCE GUSTO,Emb. 16 CAPS.,"5,98€","0,37€ / CAPS.",
Barrinhas P/ Canários sabor a Ovo,TOUS MES AMIS,Emb. 0.06 KG,"1,28€","21,33€ / KG",
Coelho Inteiro,,1 Unid. = 1.5 KG (aprox.),"5,99€/kg","8,99€ / Unid.",
Fraldas de Incontinência Plus Tam. M,LINDOR,Emb. 14 UNID.,"16,98€","1,21€ / UNID.",
Bebida Láctea para Gatinhos 3x200ml,LYCAT,Emb. 3 UNID.,"2,19€","0,73€ / UNID.",
Johnson's Baby Champô Gotas de Brilho,JOHNSON'S BABY,Emb. 0.5,"5,58€","11,16€ /",
Bacalhau Graúdo Noruega Asa Branca,,1 Unid. = 2.5 KG (aprox.),"10,48€/kg","26,20€ / Unid.",
"Chá Verde com Guaraná, Canela e Cardamono",LIPTON,Emb. 0.032 KG,"1,94€","60,63€ / KG",
Amaciador de Roupa Pure,COMFORT,Emb. 4 LT,"4,49€","1,12€ / LT",
MISTURA EXOTICA,TOKAPI,Emb. 0.12 KG,"1,19€","9,92€ / KG",
Pão com Chouriço,,1 Unid. = 0.13 KG,"0,89€","6,85€ / KG",
Ervilhas Extra Finas 3x140G,NOTRE JARDIN,Emb. 0.42 KG,"2,50€","5,95€ / KG",
"Paelha de Frango, Mexilhões e Chouriço",CÔTÉ TABLE,Emb. 0.3 KG,"2,25€","7,50€ / KG",
Salsichão Seco Porco,ECO+,Emb. 0.25 KG,"2,39€","9,56€ / KG",
Queijo Petit Brie,ECO+,Emb. 0.5 KG,"3,49€","6,98€ / KG",
Leite de Limpeza Suave Pele Seca,NIVEA,Emb. 0.2 LT,"3,89€","19,45€ / LT",
Gelatina Light Ananás,ROYAL,Emb. 0.031 KG,"1,88€","60,65€ / KG",
Atum Albacore ao Natural,PÊCHE OCÉAN,Lata 0.4 KG,"3,99€","9,98€ / KG",
Vinho Branco Frutado,FAISÃO,Garrafa 0.75 LT,"2,38€","3,17€ / LT",
Desodorizante Zero% - Spray Invisível,SANEX,Emb. 0.15 LT,"4,48€","29,87€ / LT",
Alho Granulado,RUSTICA,Emb. 0.05 KG,"0,99€","19,80€ / KG",
Chouriço Corrente 2x100gr,PRIMOR,Emb. 0.2 KG,"1,39€","6,95€ / KG",
PENSOS INCONTINENCIA MULHER MAXI,CHORYS,Emb. 12 UNID.,"2,72€","0,23€ / UNID.",
Queijo Curado Receita Original,CASTELÕES,1 Unid. = 1.25 KG (aprox.),"11,99€/kg","14,99€ / Unid.",
Dentífrico Junior,,Emb. 0.075 LT,"2,59€","34,53€ / LT",
Cápsulas Café Colombia Lungo Intensidade 5 Bio,DOLCE GUSTO,Emb. 12 CAPS.,"5,58€","0,47€ / CAPS.",
Gelado Coco,TRIUM,Emb. 4 UNID.,"2,69€","0,67€ / UNID.",
Tamboril Cal. 1/4,,1 Unid. = 2.5 KG (aprox.),"10,98€/kg","27,45€ / Unid.",
DETERGENTE MANUAL LOICA ULTRA LIMAO 750ML,VISIOR,Emb. 0.75 LT,"1,29€","1,72€ / LT",
Perna de Borrego,,1 Unid. = 1 KG (aprox.),"11,98€/kg","11,98€ / Unid.",
Batatas Fritas Palha,SNR,Emb. 0.3 KG,"1,44€","4,80€ / KG",
Azeite Virgem,RUSTICA,Garrafa 0.75 LT,"4,19€","5,59€ / LT",
Tabuleiro de Vidro Retangular 32x20cm,ARDENCE,1 UNID.,"4,50€","4,50€ / UNID.",
Entremeada de Novilho,,1 Unid. = 0.2 KG (aprox.),"6,99€/kg","1,40€ / Unid.",
Cogumelo Branco Inteiro,,Emb. 0.3 KG,"1,49€","4,97€ / KG",
Pantene Caracóis Perfeitos Champô,PANTENE PV,Emb. 0.25 LT,"3,98€","15,92€ / LT",
Pá de Porco com Osso e Courato,,1 Unid. = 1.1 KG (aprox.),"3,19€/kg","3,51€ / Unid.",
Sobremesa Láctea Natual Açúcarado +6 Meses,BIO VILLAGE BEBE,Emb. 0.4 KG,"2,29€","5,73€ / KG",
Laranja Cal. 3/4,,1 Unid. = 0.34 KG (aprox.),"0,98€/kg","0,33€ / Unid.",
SPAGHETTI A BOLONHESA,CÔTÉ TABLE,Emb. 0.3 KG,"2,29€","7,63€ / KG",
Peito de Frango,,1 Unid. = 0.35 KG (aprox.),"7,39€/kg","2,59€ / Unid.",
Café Solúvel Sélection,PLANTATION,Frasco 0.2 KG,"2,89€","14,45€ / KG",
Spray Anti-Odor,SPLENDOR,Emb. 0.15 LT,"4,08€","27,20€ / LT",
Iogurte Magro Morango Kiwi Banana E Pêssego 8 Unid.,MIMOSA,Emb. 0.96 KG,"2,49€","2,59€ / KG",
Esparguete Clássica,NACIONAL,Emb. 0.5 KG,"1,14€","2,28€ / KG",
ESPUMA BARBEAR DERMO P.SENSIVEIS 250ML,CARRÉ HOMME,Emb. 0.25 LT,"1,46€","5,84€ / LT",
Cuecas Incontinência Discreet L,AUSONIA,Emb. 7 UNID.,"5,99€","0,86€ / UNID.",
Protetor Frigedeiras,CMP,1 UNID.,"1,69€","1,69€ / UNID.",
Faca de Pão,PRADEL,1 UNID.,"2,99€","2,99€ / UNID.",
Vinho Tinto do Douro Reserva,CADÃO,Emb. 0.75 LT,"4,79€","6,39€ / LT",
ESPUMA BARBEAR HIDRATANTE/FRESCO 250ML,CARRÉ HOMME,Emb. 0.25 LT,"1,39€","5,56€ / LT",
Leite com Chocolate 6x25 cl,UCAL,Emb. 1.5 LT,"5,45€","3,63€ / LT",
Cerveja com Álcool 24x20cl,SUPER BOCK,Emb. 4.8 LT,"9,99€","2,08€ / LT",
Iogurte Líquido Frutas Exóticas 6x100g,DANACOL,Emb. 0.6 KG,"2,99€","4,98€ / KG",
"Mini Gelados de Chocolate Classic, de Amêndoas e de Branco Pack 6",MAGNUM,Emb. 0.33 LT,"2,99€","9,06€ / LT",
Recarga para Difusor Automático Delicias de Verão,AIRWICK,Emb. 0.019 LT,"5,98€","314,74€ / LT",
BARRINHAS KINDER CHOCOLATE T24 300G,KINDER,Emb. 0.3 KG,"3,98€","13,27€ / KG",
Café Solúvel,DELTA,Frasco 0.1 KG,"2,19€","21,90€ / KG",
Cereais Aveia e Morango,NESTUM,Emb. 0.25 KG,"1,49€","5,96€ / KG",
Tira-Nódoas em Spray,SKIP,Emb. 0.5 LT,"2,99€","5,98€ / LT",
Ketchup 473G,CALVÉ,Emb. 0.473 KG,"3,79€","8,01€ / KG",
Aerossol Lavanda,BRISE,Emb. 0.3 LT,"2,48€","8,27€ / LT",
Sabonete Líquido Recarga Especial Cozinha,MANAVA,Emb. 0.25 LT,"0,68€","2,72€ / LT",
Gordura 100% Vegetal,NAT&VIE,Emb. 1 KG,"5,39€","5,39€ / KG",
Conserva de Tomate em Pedaços,GULOSO,Emb. 0.39 KG,"1,58€","4,05€ / KG",
Alimento Húmido P/ Gato Menu Gatinhos 12x100g,TOUS MES AMIS,Emb. 1 KG,"3,99€","3,99€ / KG",
Azeitonas Verdes Descaroçadas,QAMPO,Emb. 0.16 KG,"1,68€","10,50€ / KG",
Creme Culinário Líquido Veggie,NAT&VIE,,"2,49€",/ Unid.,
Pão de Forma Oroweat Sementes Sésamo e Linhaça,BIMBO,Emb. 0.68 KG,"1,99€","2,93€ / KG",
PREPARADO PAO,TABLIER BLANC,Emb. 1 KG,"1,09€","1,09€ / KG",
Refrigerante C/ Gás Cola,ECO+,Garrafa 2 LT,"0,79€","0,40€ / LT",
YOFU SOJA PESSEGO/EXOTI 4x125G,ALPRO,Emb. 0.5 KG,"2,29€","4,58€ / KG",
Amaciador Cabelos Frágeis,ELVIVE,Emb. 0.2 LT,"3,98€","19,90€ / LT",
Champô Cabelo Anti-caspa Power,NIVEA MEN,Emb. 0.25 LT,"4,18€","16,72€ / LT",
Pão Roll's Bases Redondas 6 Unid.,BIMBO,Emb. 0.24 KG,"1,98€","8,25€ / KG",
Sementes Naturais Descascadas de Abóbora,CEM PORCENTO,Emb. 0.15 KG,"2,28€","15,20€ / KG",
MASCARA EXTRA COLOR 300ML,VITANOVE,Emb. 0.3 LT,"2,09€","6,97€ / LT",
Cera Depilatória Profissional Natural de Abelha,VEET,Emb. 0.3 KG,"12,48€","41,60€ / KG",
Vinho Branco JP,BACALHÔA,Garrafa 0.75 LT,"2,98€","3,97€ / LT",
NATAS LIQUIDAS UHT GARRAFA 15%MG,DÉLISSE,Emb. 0.5 KG,"1,89€","3,78€ / KG",
Alimento Seco P/ Gato Adulto C/ Digestão Sensível,PURINA ONE,Emb. 0.8 KG,"6,64€","8,30€ / KG",
Alimento Húmido P/ Gato Carne Vaca Gold,GOURMET,Emb. 0.085 KG,"0,69€","8,12€ / KG",
Limpa Máquinas da Roupa,XAU,Emb. 0.25 LT,"3,99€","15,96€ / LT",
Alimento Seco P/ Gato C/ Carne de Vaca,PURINA,Emb. 3 KG,"13,49€","4,50€ / KG",
PIZZA BOLOGNA TURINI,TURINI,Emb. 0.4 KG,"2,19€","5,48€ / KG",
"Refrigerante com Gás Ananás Lata 6x0,33L",SUMOL,Emb. 1.98 LT,"4,38€","2,21€ / LT",
Luvas P/ Uso Doméstico Tam. M,MAMISON,Emb. 1 UNID.,"0,79€","0,79€ / UNID.",
Salva Camas 60x90CM,LINDOR,Emb. 15 UNID.,"9,98€","0,67€ / UNID.",
Néctar Clássico Pera Rocha 3x20 cl,COMPAL,Emb. 0.6 LT,"1,38€","2,30€ / LT",
Vinho Regional Bairrada Tinto,MARQUES DE MARIALVA,Garrafa 0.75 LT,"8,98€","11,97€ / LT",
Azeite Virgem Extra Clássico,GALLO,Emb. 0.75 LT,"3,99€","5,32€ / LT",
Cereais de Mel,ESTRELITAS,Emb. 0.55 KG,"2,51€","4,56€ / KG",
Vinho Verde Branco,CASAL GARCIA,Garrafa 0.75 LT,"3,95€","5,27€ / LT",
Vassoura Espalmada Lisa C/ Cabo,,Emb. 1 UNID.,"2,09€","2,09€ / UNID.",
Penso Incontinência Discreet Normal,AUSONIA,Emb. 12 UNID.,"2,24€","0,19€ / UNID.",
Massa Cotovelinhos,ECO+,Emb. 1 KG,"1,84€","1,84€ / KG",
Brioches Recheados com Creme de Pasteleira,EPI D'OR,Emb. 0.3 KG,"1,59€","5,30€ / KG",
Bloco Sanitário Limão,SONASOL,Emb. 0.05 KG,"1,94€","38,80€ / KG",
Aguardente Velha,CR&F,Emb. 0.7 LT,"17,98€","25,69€ / LT",
Conserva de Tomate Triturado,TURINI,Lata 0.78 KG,"1,00€","1,28€ / KG",
Vinagre Sidra Biológico,,Garrafa 0.75 LT,"2,19€","2,92€ / LT",
COCKTAIL AZEITONAS E TREMOCOS,TOKAPI,Emb. 0.2 KG,"1,55€","7,75€ / KG",
Tigela Rouge Gourmandine 14cm,ARDENCE,1 UNID.,"1,30€","1,30€ / UNID.",
Gel Banho Termal SPA,MANAVA,Emb. 0.75 LT,"1,69€","2,25€ / LT",
Mistura de Sementes,MARQUE REPERE,Emb. 0.2 KG,"2,09€","10,45€ / KG",
Madalenas em Conchas com Ovos Frescos,P'TIT DÉLI,Emb. 0.25 KG,"1,20€","4,80€ / KG",
Vinho Branco,COMP DO VINHO,Bag in Box 5 LT,"6,29€","1,26€ / LT",
DETERGENTE MANUAL LOICA LIMAO,ECO+,Emb. 1 LT,"1,09€","1,09€ / LT",
Pastilha Elástica Canela sem Açúcar,CHICLETS,Emb. 0.017 KG,"0,89€","52,35€ / KG",
Cerveja com Álcool,SAGRES,Garrafa 1 LT,"1,69€","1,69€ / LT",
Noz Moscada C/ Moinho,MARGÃO,Emb. 0.03 KG,"4,19€","139,67€ / KG",
Pensos Higiénicos Cottonlike Super Alas,EVAX,Emb. 12 UNID.,"2,58€","0,22€ / UNID.",
Néctar Vital Frutos Vermelhos 3x20 cl,COMPAL,Emb. 0.6 LT,"1,58€","2,63€ / LT",
Alimento Húmido P/ Gato C/ Carne de Vaca e Frango,GOURMET GOLD,Emb. 0.085 KG,"0,69€","8,12€ / KG",
Hamburger de Carne de Vaca Ultracongelado,,Emb. 10 UNID.,"8,99€","0,90€ / UNID.",
Mini Patê Folhado,,Emb. 0.45 KG,"2,29€","5,09€ / KG",
Paprika Frasco,MARGÃO,Emb. 0.04 KG,"1,98€","49,50€ / KG",
Snack P/ Cão Pequeno 7-12Kg,PURINA,Emb. 0.115 KG,"1,69€","14,70€ / KG",
GLISS ULTIMATE REPAIR CONDICIONADOR,GLISS,Emb. 0.2 LT,"2,24€","11,20€ / LT",
"AGUA MICELAR DETOX BIO,,500ML",BIO,,"6,92€",/ Unid.,
PUDIM FLAN C/ CARAMELO 12UN,DÉLISSE,Emb. 1.2 KG,"2,59€","2,16€ / KG",
Barra de Cereais com Pepitas de Chocolate Biológica 6 Unid.,,Emb. 0.126 KG,"1,69€","13,41€ / KG",
Azeite Virgem Extra Clássico,GALLO,Garrafa 0.25 LT,"1,79€","7,16€ / LT",
Bacalhau Seleção Graúdo Noruega Asa Preta,,1 Unid. = 2.5 KG (aprox.),"12,99€/kg","32,48€ / Unid.",
Molho de Nata Peixe,MIMOSA,Emb. 0.2 LT,"0,98€","4,90€ / LT",
Atum em Azeite,BOM PETISCO,Emb. 0.12 KG,"1,39€","11,58€ / KG",
Folhado de Salsicha,,1 UNID.,"0,99€","0,99€ / UNID.",
Mortadela,CHARCUTARIA,1 Unid. = 0.2 KG (aprox.),"4,99€/kg","1,00€ / Unid.",
MOLHO PARA BATATAS FRITAS,RUSTICA,Emb. 0.255 KG,"1,28€","5,02€ / KG",
Recarga Sabonete Líquido Amêndoa,PALMOLIVE,Emb. 0.5 LT,"3,98€","7,96€ / LT",
TIRAS GOMAS ACIDAS FUN COLORZ,COPAÍNS COPINES,Emb. 0.2 KG,"1,56€","7,80€ / KG",
CREME VEGETAL P/ CULINARIA,,Emb. 0.25 KG,"0,84€","3,36€ / KG",
Conjunto Borracha Mista,ESQUISSE,,"0,59€",/ Unid.,
Muesli de Frutos Secos Biológico,,Emb. 0.5 KG,"3,14€","6,28€ / KG",
Ambientador Aerossol  Essências Baunilha 6 em 1,AIR WICK,Spray 0.24 LT,"2,58€","10,75€ / LT",
PASTILHAS PARA MAQUINA LAVA LOICA TUDO EM 1,UNÍ VERT,Emb. 30 UNID.,"3,77€","0,13€ / UNID.",
Kiwi,,1 Unid. = 0.11 KG (aprox.),"3,69€/kg","0,22€ / Unid.",
Gel Studio Line Indestructible Extremo 9,L'ORÉAL PARIS,Emb. 0.15 LT,"3,89€","25,93€ / LT",
Nata Levíssima,PARMALAT,Emb. 0.2 LT,"0,99€","4,95€ / LT",
SABONETE VEGETAL ALPERCE BIO,BIONAÏA,Emb. 0.1 LT,"1,63€","16,30€ / LT",
Queijo de Cabra de Seia,QUEIJOS LAGOS,1 Unid. = 1 KG (aprox.),"16,90€/kg","16,90€ / Unid.",
Néctar Essencial Pêra 3x110ml,COMPAL,Emb. 0.33 LT,"1,83€","5,55€ / LT",
Caramelos de Fruta,COPAÍNS COPINES,Emb. 0.25 KG,"0,99€","3,96€ / KG",
Conserva de Feijão Manteiga Cozido com pouco Sal,FERBAR,Lata 0.42 KG,"1,28€","3,05€ / KG",
Bolo Cake e Choc,MILKA,Emb. 0.175 KG,"2,48€","14,17€ / KG",
Bloco Sanitário power 5 duo pack lime,DOMESTOS,Emb. 0.11 KG,"2,74€","24,91€ / KG",
BEBIDA AMENDOA S/ACUCAR,ALPRO,Emb. 1 LT,"2,38€","2,38€ / LT",
SOBREMESA TIRAMISU,DÉLISSE,Emb. 0.5 KG,"3,89€","7,78€ / KG",
Creme Intensivo Corporal,DOVE,Emb. 0.15 LT,"2,59€","17,27€ / LT",
Pão Thins 8 Cereais 6 Unidades,BIMBO,Emb. 0.31 KG,"2,28€","7,35€ / KG",
BETERRABA EM VINAGRE 345G,FERBAR,Emb. 0.345 KG,"1,48€","4,29€ / KG",
Queijo Fresco Barrar Natural Valformoso 200g,VALFORMOSO,Emb. 0.2 KG,"1,58€","7,90€ / KG",
Alimento Húmido Gato Pedaços Molho 4 Unid.,LYCAT,Emb. 1.6 KG,"3,19€","1,99€ / KG",
Pastéis de Feijão,,Emb. 0.3 KG,"2,49€","8,30€ / KG",
Dentífrico Maximum Protection Caries,COLGATE,Emb. 0.075 LT,"1,99€","26,53€ / LT",
Iogurte Cremoso de Frutas 8x125g,DÉLISSE,Emb. 1 KG,"2,19€","2,19€ / KG",
Leite Creme de Café 4X100G,DÉLISSE,Emb. 0.4 KG,"2,39€","5,98€ / KG",
"CROQUETES CAO MINI ADULTO 1,5KG 1,5KG LYDOG",PLENIMA,Emb. 1.5 KG,"4,49€","2,99€ / KG",
Queijo Fatiado -50% Gordura 2X200 g,LIMIANO,Emb. 0.4 KG,"3,89€","9,73€ / KG",
Doce de Morango Baixo Teor de Açúcar,DOUCEUR DU VERGER,Frasco 0.34 KG,"1,31€","3,85€ / KG",
Tiras P/ Periquitos Sabor Fruta,TOUS MES AMIS,Emb. 0.06 KG,"1,28€","21,33€ / KG",
Prato 26cm Branco,ARDENCE,1 UNID.,"2,40€","2,40€ / UNID.",
Filetes de Arenque,PÊCHE OCÉAN,Emb. 0.2 KG,"2,29€","11,45€ / KG",
Arroz Agulha,,Emb. 1 KG,"1,04€","1,04€ / KG",
Cajú Torrado sem Sal,TOKAPI,Emb. 0.125 KG,"2,09€","16,72€ / KG",
Pastilhas Sabor a Menta,TRIDENT,Emb. 0.058 KG,"2,28€","39,31€ / KG",
Lentilhas Verdes,,Emb. 0.5 KG,"3,26€","6,52€ / KG",
Sobremesa Natas do Céu 2x90g,REINA,Emb. 0.18 KG,"2,19€","12,17€ / KG",
Pequenas Baguetes sem Glúten 2x75g,CHAQUE JOUR,Emb. 0.15 KG,"2,09€","13,93€ / KG",
GEL ALOE VERA BIO 200ML,BIONAÏA,Emb. 0.2 LT,"3,14€","15,70€ / LT",
Leite Magro em Pó,DÉLISSE,Emb. 0.3 KG,"2,79€","9,30€ / KG",
Miolo de Amêndoa S/ Pele,MARQUE REPERE,Emb. 0.225 KG,"4,08€","18,13€ / KG",
Legumes Grelhados Salteados Congelados,NOTRE JARDIN,Emb. 0.75 KG,"2,69€","3,59€ / KG",
Moinho Pimenta Preta,MARGÃO,Emb. 0.035 KG,"3,98€","113,71€ / KG",
Queijo Mistura Vaca e Ovelha Pequeno,PAIVA,Emb. 0.5 KG (aprox.),"5,68€","11,36€ / KG",
Johnson's Baby Óleo de Aloe Vera,JOHNSON'S BABY,Emb. 0.5 LT,"5,58€","11,16€ / LT",
Mostarda Dijon,MAILLE,Emb. 0.215 KG,"3,83€","17,81€ / KG",
Ambientador Eléctrico Nenuco + Recarga,AIRWICK,Emb. 0.019 LT,"7,98€","420,00€ / LT",
Refrigerante C/ Gás Laranja Pack 6,FANTA,Emb. 1.98 LT,"3,98€","2,01€ / LT",
Alimento Seco para Cão Croquetes Júnior Carne de Ave,LYDOG,Emb. 4 KG,"5,89€","1,47€ / KG",
Batatas Pré-Fritas Congeladas,POM'LISSE,Emb. 2.5 KG,"3,69€","1,48€ / KG",
Esfregão Fibra Verde Classic XXL,SCOTCH BRITE,Emb. 1 UNID.,"1,83€","1,83€ / UNID.",
Iogurte Sólido Proteíco Framboesa Lindahls,NESTLÉ,Emb. 0.15 KG,"1,09€","7,27€ / KG",
Alimento Seco P/ Gato de Salmão,PURINA,Emb. 1.5 KG,"8,39€","5,59€ / KG",
Lenços Bolso 6+2 Unidades Red Label Pure,LENÇOS RENOVA,Emb. 8 UNID.,"1,88€","0,24€ / UNID.",
TRANSPORTADORA P/CAO 48CM 1UN P'TIT AMI,P'TIT AMI,Emb. 1 UNID.,"8,99€","8,99€ / UNID.",
Johnson's Gel de Banho Bons Sonhos,JOHNSON'S BABY,Emb. 0.5,"3,89€","7,78€ /",
Máquina Descartável Twin lady Sensitive 2 Lâminas,BIC,Emb. 5 UNID.,"1,98€","0,40€ / UNID.",
Chicória e Café Solúvel,PLANTATION,Emb. 0.25 KG,"3,14€","12,56€ / KG",
"ALTAS QUINTAS 600 BRANCO 0,75",,,"6,95€",/ Unid.,
Vinho Regional Tejo Tinto Reserva,CABEÇA DE TOIRO,Garrafa 0.75 LT,"5,19€","6,92€ / LT",
Cereais Integrais com Mel Biológicos,CHEERIOS,Emb. 0.33,"3,98€","12,06€ /",
Creme Soft Hidratante Intensiva,NIVEA,Emb. 0.05 LT,"1,69€","33,80€ / LT",
Sidra Normand Brut,LES GOELLERIES,Garrafa 0.75 LT,"2,30€","3,07€ / LT",
Toalhitas Sensitive Cuidado Máximo 486 unid.,DODOT,Emb. 9 UNID.,"15,98€","1,78€ / UNID.",
Massa Cotovelos,ECO+,Emb. 0.5 KG,"0,65€","1,30€ / KG",
Creme P/ Barrar 59% M.G. Rico Omega 3,NAT&VIE,Emb. 0.5 KG,"1,99€","3,98€ / KG",
VILEDA SACOS P/CUBO DE GELO 10UN,VILEDA,Emb. 10 UNID.,"1,98€","0,20€ / UNID.",
Gomas Trio Brilho,COPAÍNS COPINES,Emb. 0.2 KG,"1,31€","6,55€ / KG",
Desodorizante Roll-On Cool Fresh,DOVE,Emb. 0.05 LT,"2,54€","50,80€ / LT",
Syoss Oieo Intense 5-54 Castanho Claro Cendré,SYOSS,,"6,24€",/ Unid.,
Caixa Hermética Quadrada 14cm,,1 UNID.,"2,45€","2,45€ / UNID.",
FEIJAO PRETO SACO MGUIA,NOTRE JARDIN,Emb. 0.5 KG,"1,04€","2,08€ / KG",
Desodorizante,REXONA,Emb. 0.05 LT,"2,69€","53,80€ / LT",
Espuma de Barbear,,,"0,99€",/ Unid.,
Tablete de Chocolate Preto com Raspa de Laranja Biológico,,Emb. 0.1 KG,"1,99€","19,90€ / KG",
Sopa Económica Rabo de Boi,KNORR,Emb. 0.06 KG,"1,09€","18,17€ / KG",
Gel De Banho Hidra Essencial,VASELINE,Emb. 0.7 LT,"3,59€","5,13€ / LT",
Ambientador Stick Perfumado Flor,AIR WICK,Emb. 0.025 LT,"10,98€","439,20€ / LT",
Paio Serra da Estrela,QUINTA DE JUGAIS,Emb. 0.38 KG,"6,89€","18,13€ / KG",
Conserva de Lulas Recheadas,PITEU,Emb. 0.12 KG,"2,78€","23,17€ / KG",
Queijo Roquefort Societé,PRÉSIDENT,1 Unid. = 0.25 KG (aprox.),"29,90€/kg","7,48€ / Unid.",
Manteiga Magra Sal,PRÉSIDENT,Emb. 0.25 KG,"2,29€","9,16€ / KG",
Alimento P/ Cão Snack Dental Frango,FRISKIES,Emb. 0.2 KG,"2,19€","10,95€ / KG",
Bolachas Cobertas com Chocolate de Leite,OREO,Emb. 0.246 KG,"2,78€","11,30€ / KG",
Conserva de Cassoulet,,Lata 0.84 KG,"2,39€","2,85€ / KG",
Conserva de Tremoço Extra,RUSTICA,Emb. 0.5 KG,"1,67€","3,34€ / KG",
Pepino,,1 Unid. = 0.37 KG (aprox.),"1,88€/kg","0,70€ / Unid.",
BACON FUMADO NACOS,ECO+,Emb. 0.2 KG,"2,39€","11,95€ / KG",
Gelatina Alimentar em Folha,TABLIER BLANC,Emb. 9 UNID.,"0,88€","0,10€ / UNID.",
Limpa Fornos,FORZA,Emb. 0.3 LT,"3,98€","13,27€ / LT",
Fraldas Incontinência com Elásticos Médio,LINDOR,Emb. 20 UNID.,"12,23€","0,61€ / UNID.",
ACUCAR DE CANA CUBOS BIO,,Emb. 0.5 KG,"1,94€","3,88€ / KG",
Iogurte Grego Açucarado,YAOS,Emb. 0.44 KG,"2,19€","4,98€ / KG",
Leite Magro em Pó,DÉLISSE,Emb. 0.75 KG,"6,29€","8,39€ / KG",
12 Caracóis Preparados Ultracongelados,,Emb. 0.089 KG,"2,98€","33,48€ / KG",
Cápsulas Infusão de Camomila e Pêssego Tetley,DELTA,Emb. 10 UNID.,"3,90€","0,39€ / UNID.",
Cereais Cookie'z Chocolate,NACIONAL,Emb. 0.3 KG,"1,69€","5,63€ / KG",
Máquina Comfort 3 Green,BIC,Emb. 1 P,"4,00€","4,00€ / P",
Conserva de Bacalhau em Azeite e Alho,PITEU,Emb. 0.12 KG,"3,08€","25,67€ / KG",
Aperitivo,RICARD,Garrafa 0.7 LT,"13,49€","19,27€ / LT",
Vinho Rosé,COMP DO VINHO,Garrafa 0.75 LT,"2,08€","2,77€ / LT",
Fonte 6L Authentic,SAN MIGUEL,Emb. 1 UNID.,"14,90€","14,90€ / UNID.",
Crocante de Frango Recheio Alho e Ervas,IGLO,Emb. 0.204 KG,"4,98€","24,41€ / KG",
Pensos Higiénicos Salvaslip Maxi,EVAX,Emb. 72 UNID.,"4,78€","0,07€ / UNID.",
Amaciador Cabelos Color Vive,ELVIVE,Emb. 0.2 LT,"3,98€","19,90€ / LT",
TIRA NODOAS OXIGENIO ACTIVO EM GEL 750ML,TEXIL,Emb. 0.75 LT,"2,19€","2,92€ / LT",
Salsichas Hot Dog 6 unid.,CÔTÉ TABLE,Emb. 0.25 KG,"1,49€","5,96€ / KG",
Champanhe Bruto,POL CARSON,Garrafa 0.75 LT,"18,14€","24,19€ / LT",
Frigideira de Alumínio 20cm,,1 UNID.,"2,79€","2,79€ / UNID.",
Polpa de Tomate com Cebola e Alho,COMPAL,Frasco 0.5 LT,"1,28€","2,56€ / LT",
LEITE AROMA MORANGO 6X200ML DELISSE,DÉLISSE,Emb. 1.2 LT,"1,59€","1,33€ / LT",
Perca Congelada,,1 Unid. = 1.7 KG (aprox.),"5,98€/kg","10,17€ / Unid.",
COGUMELO FERBAR LAMINADO 185G,FERBAR,Emb. 0.185,"0,98€","5,30€ /",
CUECA INCONTINENCIA TAM M,CHORYS,Emb. 14 UNID.,"7,33€","0,52€ / UNID.",
Desodorizante Dove Roll-On Invisible Dry Masc,DOVE,Emb. 0.05 LT,"2,54€","50,80€ / LT",
Café Moagem Universal Colombia,DELTA,Emb. 0.22 KG,"2,39€","10,86€ / KG",
MORTADELA FATIADA,CAMPO FINO,Emb. 0.2 KG,"0,99€","4,95€ / KG",
Néctar Clássico Pêssego,COMPAL,Emb. 0.33 LT,"0,78€","2,36€ / LT",
8 Tesourinhos de Peixe,IGLO,Emb. 0.24 kg,"4,29€","17,88€ / kg",
Leite Crescimento Júnior 3+,NESTLÉ,Emb. 1 LT,"2,18€","2,18€ / LT",
Vinagre Balsâmico de Modena,,Garrafa 0.05 LT,"2,39€","47,80€ / LT",
PATE VACA P/ GATO 100G,ECO+,Emb. 0.1 KG,"0,27€","2,70€ / KG",
Azeite Virgem Extra Bio Frutado,GALLO,Emb. 0.75 LT,"4,99€","6,65€ / LT",
Vinho do Porto Lágrima Branco,RAMOS PINTO,Garrafa 0.75 LT,"10,18€","13,57€ / LT",
Creme de Marisco,KNORR,Emb. 0.06 KG,"1,09€","18,17€ / KG",
Bolacha Energy Chiqui Chocs,ARTIACH,Emb. 0.14 KG,"2,08€","14,86€ / KG",
Cookies Pepitas de Chocolate Nougat,P'TIT DÉLI,Emb. 0.2 KG,"1,45€","7,25€ / KG",
Desodorizante Roll- On Dry Fresh,NIVEA,Emb. 0.05 LT,"3,78€","75,60€ / LT",
Inhame,,1 Unid. = 0.1 KG (aprox.),"4,99€/kg","0,50€ / Unid.",
Whisky,LOGAN,Garrafa 0.7 LT,"21,98€","31,40€ / LT",
Toucinho Fumado,DAMATTA,Emb. 0.2 KG,"8,98€/kg","1,80€ / Unid.",
Sobremesa de Soja Pêssego,NAT&VIE,Emb. 0.4 KG,"1,49€","3,73€ / KG",
Preparado Canja de Galinha Económica,KNORR,Emb. 0.061 KG,"1,09€","17,87€ / KG",
Halls Sem Açúcar Eucalipto,HALLS,Emb. 0.032 KG,"0,78€","24,38€ / KG",
BEBIDA SOJA CHOCOLATE 3x250ML,ALPRO,Emb. 0.75 LT,"1,79€","2,39€ / LT",
"AGUA FASTIO S/GAS GO, 50CL",FASTIO,,"0,44€",/ Unid.,
Pão de Centeio Fatiado Embalado,MUSEU DO PÃO,Emb. 0.45 KG,"1,68€","3,73€ / KG",
"Passador 2,5L",BLANC CERISE,1 UNID.,"1,49€","1,49€ / UNID.",
Café Cápsulas Pure Cevada,DELTA,Emb. 10 CAPS.,"2,47€","0,25€ / CAPS.",
Alimento Húmido P/ Gato Gold Carne de Vaca,GOURMET GOLD,Emb. 0.085 KG,"0,69€","8,12€ / KG",
Cerveja C/ Álcool 6x25cl,CARLSBERG,Emb. 1.5 LT,"3,59€","2,39€ / LT",
Papa Infantil Leite e Cereais,CERELAC,Emb. 0.4 KG,"2,33€","5,83€ / KG",
Gel Aqua Mega Forte 6,NIVEA MEN,Emb. 0.15 LT,"3,59€","23,93€ / LT",
Petit Suisse de Chocolate 6 Unid.,NESTLÉ,Emb. 0.36 KG,"2,59€","7,19€ / KG",
"Amaciador Concentrado ""Fragância de Provence"" 3 Unid.",HYPERDOU,Emb. 0.25 LT,"2,09€","8,36€ / LT",
Refrigerante C/ Gás Zero Açúcar,COCA COLA ZERO,Emb. 1 LT,"1,58€","1,58€ / LT",
Vinho Regional Tejo Tinto,QUINTA ALORNA,Garrafa 0.75 LT,"4,48€","5,97€ / LT",
Cueca de Banho Tam. M 12/18 Kg,MOTS D'ENFANTS,Emb. 11 UNID.,"4,71€","0,43€ / UNID.",
Drageia Mastigável de Mentos Frutas,MENTOS,Emb. 0.12 KG,"1,98€","16,50€ / KG",
TOALHITAS MOVEIS PERFUMADAS,CLAIR,Emb. 24 UNID.,"1,25€","0,05€ / UNID.",
Pudim Morango,BOCA DOCE,Emb. 0.022 KG,"0,46€","20,91€ / KG",
Caldo Natura de Legumes,KNORR,Emb. 0.112 KG,"1,49€","13,30€ / KG",
Café Cápsulas Double,DELTA,Emb. 10 CAPS.,"3,29€","0,33€ / CAPS.",
ARIEL PO FRESH SENSATION,ARIEL,Emb. 75 DOSES,"21,98€","0,29€ / DOSES",
Entrecosto de Porco,,1 Unid. = 0.5 KG (aprox.),"4,49€/kg","2,25€ / Unid.",
Gelatina de Manga,KOALA,Emb. 0.13 KG,"0,98€","7,54€ / KG",
JOGO 4 TAPETES UNIVERSAL 1UN TECH9,TECH9,Emb. 1 UNID.,"15,29€","15,29€ / UNID.",
Swiss Dark Chocolate Meio Amargo,TOBLERONE,Emb. 0.1 KG,"2,28€","22,80€ / KG",
"LASANHA A BOLONHESA COM AZEITE VIRGEM EXTRA (1,7%)",CÔTÉ TABLE,Emb. 0.35 KG,"2,64€","7,54€ / KG",
Prato Sobremesa 21cm Cinzento,SCANDINAVE,1 UNID.,"2,90€","2,90€ / UNID.",
Conserva Tomates Pelados Biológicos,,Lata 0.4 KG,"0,99€","2,48€ / KG",
AÇAI SPORT MORANGO 205gr demarchi,,,"2,79€",/ Unid.,
Cerveja com Álcool Mini Saca Fácil 10x20cl,SUPER BOCK,Emb. 2 LT,"4,98€","2,49€ / LT",
Iogurte Bifidus Cremoso Lima/Limão 4 Unid.,DANONE,Emb. 0.48 KG,"1,99€","4,15€ / KG",
Alimento Seco P/ Gatos Interior Frango,PURINA FRISKIES,Emb. 3 KG,"11,98€","3,99€ / KG",
Ice Tea de Limão 3x20 cl,LIPTON,Emb. 0.6 LT,"1,17€","1,95€ / LT",
CREME ANTI-RUGAS BIO 50ML,BIONAÏA,Emb. 0.05 LT,"5,76€","115,20€ / LT",
Iogurte Bifidus Líquido Framboesa e Romã 4 Unid.,ACTIVIA,Emb. 0.62 KG,"1,89€","3,05€ / KG",
Pastilhas 60 Minutos Peppermint,TRIDENT,Emb. 0.02 KG,"0,94€","47,00€ / KG",
Johnson's Baby Gold Champô,JOHNSON'S BABY,Emb. 0.5 LT,"5,58€","11,16€ / LT",
Vinho Regional Alentejo Branco,MONTE VELHO,Garrafa 0.75 LT,"3,59€","4,79€ / LT",
Pão de Forma Rústico,EPI D'OR,Emb. 0.6 KG,"1,35€","2,25€ / KG",
Máscara Repara Azeite de Argão de Marrocos,HERBAL ESSENCES,Emb. 0.25 LT,"3,99€","15,96€ / LT",
Bolachas com Aveia,TRIUNFO,Emb. 0.19 KG,"1,28€","6,74€ / KG",
Creme de Legumes,REGAL SOUPE,Emb. 1 LT,"1,67€","1,67€ / LT",
Arroz Vaporizado,COMPTOÍR DU GRAIN,Emb. 1 KG,"0,99€","0,99€ / KG",
Pudim Chocolate,BOCA DOCE,Emb. 0.022 KG,"0,46€","20,91€ / KG",
Vinho Tinto Bag in Box,ALMA DE PIAS,Emb. 5 LT,"7,12€","1,42€ / LT",
WC Frescura Contínua,NEO BLANC,Emb. 1 UNID.,"2,98€","2,98€ / UNID.",
CEBOLINHAS EM VINAGRE,RUSTICA,Emb. 0.37 LT,"1,21€","3,27€ / LT",
ACAFRAO DAS INDIAS SAQUETA,RUSTICA,Emb. 0.05 KG,"0,63€","12,60€ / KG",
Dentífrico Max White Cool Mint,COLGATE,Emb. 0.075 LT,"4,98€","66,40€ / LT",
SACO CONGELACAO PEQUENO,ELEMBAL,Emb. 50 UNID.,"0,83€","0,02€ / UNID.",
Iogurte Sólido Proteíco Stracciatella Lindahls,NESTLÉ,Emb. 0.15 KG,"1,09€","7,27€ / KG",
Vinho Regional Douro Tinto,ESTEVA,Garrafa 0.75 LT,"3,69€","4,92€ / LT",
Vinho Verde Branco,VIA LATINA,Garrafa 0.75 LT,"2,98€","3,97€ / LT",
Pérolas de Perfume para Roupa,LENOR,Emb. 0.21 KG,"7,69€","36,62€ / KG",
Vinho Regional Alentejano Tinto,PORTA DA RAVESSA,Garrafa 0.75 LT,"5,98€","7,97€ / LT",
Vinho Tinto,MONTES ERMOS,Bag in Box 5 LT,"9,98€","2,00€ / LT",
Café Moagem Universal Lote Chávena Moída 2x250g,DELTA,Emb. 0.5 KG,"4,98€","9,96€ / KG",
Pincel de Maquilhagem em Pó,,Emb. 1 UNID.,"4,19€","4,19€ / UNID.",
Sabonete Sólido Flor Laranjeira,MANAVA,Emb. 0.1 KG,"0,59€","5,90€ / KG",
Vinho do Porto Branco,DORRÃO,Garrafa 0.75 LT,"3,99€","5,32€ / LT",
Sumo de Laranja e Cenoura,SANTAL,Garrafa 1.5 LT,"1,89€","1,26€ / LT",
Bolachas Maçã,NAT&VIE,Emb. 0.2 KG,"1,83€","9,15€ / KG",
DOCE EXTRA MIRTILO LIGHT,DOUCEUR DU VERGER,Emb. 0.34 KG,"2,77€","8,15€ / KG",
Pimento Verde,,1 Unid. = 0.19 KG (aprox.),"3,89€/kg","0,74€ / Unid.",
Massa Linguine C/ Tinta de Choco,MILANEZA,Emb. 0.5 KG,"3,48€","6,96€ / KG",
Papa Infantil de Banana Laranja,CERELAC,Emb. 0.25 KG,"3,06€","12,24€ / KG",
Conserva de Azeitona Preta Inteira,RUSTICA,Frasco 0.36 KG,"0,89€","2,47€ / KG",
Pasta Pot Cogumelos,KNORR,Emb. 0.07 KG,"1,24€","17,71€ / KG",
Alface Frisada,,1 Unid. = 0.4 KG (aprox.),"1,69€/kg","0,68€ / Unid.",
Cápsulas Café Ristretto Ardenza,DOLCE GUSTO,Emb. 16 CAPS.,"5,98€","0,37€ / CAPS.",
Cravinho em Grão,MARGÃO,Emb. 0.035 KG,"2,48€","70,86€ / KG",
Forma de Alumínio Savarin Castanha 24cm,ARDENCE,1 UNID.,"4,90€","4,90€ / UNID.",
Iogurte Infantil Morango e Banana 6x50g,DANONINHO,Emb. 0.3 KG,"1,89€","6,30€ / KG",
Cebolas,,Emb. 2 KG,"1,98€","0,99€ / KG",
GEL BARBEAR REVITALIZANTE 200ML,CARRÉ HOMME,Emb. 0.2 LT,"1,49€","7,45€ / LT",
Queijo Prato Amanteigado Pequeno,PAIVA,Emb. 0.55 KG,"5,68€","10,33€ / KG",
"Bolachas gérmen de Trigo, Soja e Figo",NAT&VIE,Emb. 0.2 KG,"1,70€","8,50€ / KG",
Dentífrico Infantil 3+ Anos,ORAL B,Emb. 0.75 LT,"2,59€","3,45€ / LT",
Alface Iceberg,,1 Unid. = 0.45 KG  (aprox.),"1,99€/kg","0,90€ / Unid.",
Creme Culinário de Soja,SHOYCE,Emb. 0.2 LT,"1,28€","6,40€ / LT",
Refrigerante com Gás Laranja,FRISUMO,Garrafa 1.5 LT,"0,99€","0,66€ / LT",
LINGUICA,CAMPO FINO,Emb. 0.15 KG,"1,19€","7,93€ / KG",
Café Cápsulas Qharater Intensidade 9,DELTA,Emb. 10 CAPS.,"3,39€","0,34€ / CAPS.",
Tablete Chocolate Excellence Dark 85%,LINDT,Emb. 0.1 KG,"2,09€","20,90€ / KG",
Caserecce,TRADIZIONI D'ITALIA,Emb. 0.5 KG,"1,35€","2,70€ / KG",
BANDAS DEPILATORIAS CERA FRIA PELE SENSIVEL ROSTO 32UN,SLISS,Emb. 32 UNID.,"1,93€","0,06€ / UNID.",
Dentífrico Pro-Esmalte Júnior Menta Suave,SENSODYNE,Emb. 0.05 LT,"3,78€","75,60€ / LT",
MOLHO KEBAB,RUSTICA,Emb. 0.252 KG,"1,37€","5,44€ / KG",
Discos Ultrafinos Super Absorventes,RENOVA,Emb. 50 UNID.,"4,98€","0,10€ / UNID.",
ARROZ SUSHI,CAÇAROLA,Emb. 1 KG,"1,40€","1,40€ / KG",
Pipocas Doces,TOKAPI,Emb. 0.1 KG,"0,89€","8,90€ / KG",
ALHEIRA 200GR - ALHEIRA  ANGELINA,ANGELINA,,"1,29€",/ Unid.,
Massa Couscous Grão Médio,MILANEZA,Emb. 1 KG,"2,68€","2,68€ / KG",
Bife Picanha Novilho,,1 Unid. = 0.2 KG (aprox.),"8,99€/kg","1,80€ / Unid.",
Legumes para Sopa,NOTRE JARDIN,Emb. 1 KG,"1,59€","1,59€ / KG",
Desodorizante Roll-On Cobalt Blue,REXONA,Emb. 0.05 LT,"2,39€","47,80€ / LT",
Café Cápsulas Decaffeinato Intensidade 2,PLANTATION,Emb. 10 CAPS.,"2,09€","0,21€ / CAPS.",
Pensos Higiénicos Super Alas,EVAX,Emb. 10 UNID.,"2,98€","0,30€ / UNID.",
Tomate em Pedaços Manjerição e Orégãos,GULOSO,Emb. 0.392 KG,"2,39€","6,10€ / KG",
Mini Snacks Gato Salmão,TOUS MES AMIS,Emb. 0.06 KG,"0,59€","9,83€ / KG",
Tabs All-in-one 50 Limão Doy,SUN,Emb. 0.875 KG,"7,99€","9,13€ / KG",
Néctar Clássico Manga,COMPAL,Emb. 1 LT,"1,35€","1,35€ / LT",
PIZZA 4 FROM TURINI,TURINI,Emb. 0.4 KG,"2,19€","5,48€ / KG",
Chouriço Picante,,Emb. 0.25 KG,"2,29€","9,16€ / KG",
AGUA C/GAS CAMPILHO 4x25CL,,,"1,19€",/ Unid.,
Rissóis de Camarão,,Emb. 8 UNID.,"1,49€","0,19€ / UNID.",
Pantene Espuma Para volume 200ml,PANTENE PV,Emb. 0.2 LT,"3,74€","18,70€ / LT",
Hambúrguer de Carne de Vaca 8 Unid. Ultracongelado,IGLO,Emb. 0.64 KG,"10,98€","17,16€ / KG",
Licor Beirão,BEIRÃO,Garrafa 0.7 LT,"10,99€","15,70€ / LT",
Vinagre Balsâmico de Sidra,GALLO,Emb. 0.25 LT,"1,86€","7,44€ / LT",
Johnson's Gel de Banho Cotton Touch,JOHNSON'S BABY,Emb. 0.5,"3,89€","7,78€ /",
Bolachas Cookies Original Chocolate,CHIPS AHOY,Emb. 0.3 KG,"2,98€","9,93€ / KG",
Conserva de Cogumelos Laminados,NOTRE JARDIN,Lata 0.78 KG,"1,99€","2,55€ / KG",
"Iogurte Líquido Magro Manga, Maracujá e Goji 4x155g",CORPOS DANONE,Emb. 0.62 Kg,"1,79€","2,89€ / Kg",
Alimento Seco Cão Active Completo,PURINA FRISKIES,Emb. 4 KG,"9,58€","2,40€ / KG",
Bolachas Duplo Creme,OREO,Emb. 0.185 KG,"1,54€","8,32€ / KG",
ALIMENT BEBE: SOBREMESA LACTEA DE FRAMBOESA +6M  4X100G,BIO VILLAGE BEBE,Emb. 0.4 KG,"2,29€","5,73€ / KG",
DETERGENTE MANUAL LOICA ULTRA LIMAO 500ML,VISIOR,Emb. 0.5 LT,"0,89€","1,78€ / LT",
SPRAY LIMPA JANTES 1 L 1L TECH9,TECH9,Emb. 1 LT,"3,99€","3,99€ / LT",
Cuecas Incontinência Discreet Pants Plus,AUSONIA,Emb. 8 UNID.,"7,49€","0,94€ / UNID.",
Cápsulas Café Expresso Peru Intensidade 8 Bio,DOLCE GUSTO,Emb. 12 CAPS.,"5,58€","0,47€ / CAPS.",
Leite Hidratante Apaziguante Aveia,ULTRA SUAVE,Emb. 0.4 LT,"5,98€","14,95€ / LT",
Cerveja com Álcool 15x33cl,SUPER BOCK,Emb. 4.95 LT,"9,99€","2,02€ / LT",
Mistura de Frutos Secos e Uvas-Passas,,Emb. 0.2 KG,"1,99€","9,95€ / KG",
Queijo Meio Gordo Pequeno,PAIVA,1 Unid. = 0.55 KG  (aprox.),,,
Chocolate de Leite Choco Jelly,MILKA,Emb. 0.25 KG,"3,98€","15,92€ / KG",
Mistura de Legumes Ultracongelado c/ Saquetas Tempero,NOTRE JARDIN,Emb. 1 KG,"2,99€","2,99€ / KG",
Açúcar Mascavado,TÉVA,Emb. 0.75 KG,"1,79€","2,39€ / KG",
Gelatina Light Morango,ROYAL,Emb. 0.031 KG,"1,88€","60,65€ / KG",
Néctar Multifruits,JAFADEN,Emb. 2 LT,"1,83€","0,92€ / LT",
Amaciador Cabelos Hidra Caracóis Antifrisado,FRUCTIS,Emb. 0.2 LT,"3,98€","19,90€ / LT",
Refrigerante C/ Gás Vidro,COCA COLA,Emb. 1 LT,"1,84€","1,84€ / LT",
Cevada Solúvel com Cereais,DELTA,Emb. 0.2 KG,"2,84€","14,20€ / KG",
Johnson's Baby Óleo Regular,JOHNSON'S BABY,Emb. 0.5 LT,"5,58€","11,16€ / LT",
"ÁGUA C/ GÁS CARVALHELHOS 6X1,5L",CARVALHELHOS,,"4,58€",/ Unid.,
Vinho do Porto Ruby,FERREIRA,Garrafa 0.75 LT,"4,99€","6,65€ / LT",
Vinho Verde,3 MARIAS,Emb. 1 LT,"3,08€","3,08€ / LT",
Nata UHT Culinária,MIMOSA,Emb. 0.2 LT,"0,89€","4,45€ / LT",
Batatas Fritas Rodela,PÁLA-PÁLA,Emb. 0.3 KG,"2,29€","7,63€ / KG",
Gel de Banho Esfoliante Purifying Clay,PALMOLIVE,Emb. 0.5 LT,"4,98€","9,96€ / LT",
NUGGETS DE FRANGO 18UN,CÔTÉ CROC,Emb. 0.45 KG,"4,49€","9,98€ / KG",
Bloco Sanitário Pinho,SONASOL WC,Emb. 2 UNID.,"2,99€","1,50€ / UNID.",
Massa Pevide,MILANEZA,Emb. 0.25 KG,"0,59€","2,36€ / KG",
Caldo para Bifes 8 Cubos,KNORR,Emb. 0.08 KG,"1,39€","17,38€ / KG",
Conjunto 3 Copos Baixos Najac 27cl,ARDENCE,3 UNID.,"1,99€","0,66€ / UNID.",
Lima,,1 Unid. = 0.08 KG (aprox.),"3,49€/kg","0,28€ / Unid.",
Rolo Cozinha 2 Folhas,MARQUE REPERE,Emb. 4 UNID.,"1,56€","0,39€ / UNID.",
Sumo de Manga 3x200ml,UM BONGO,Emb. 0.6 LT,"1,38€","2,30€ / LT",
SOBREMESA PISTACHE,DÉLISSE,Emb. 0.5 KG,"1,49€","2,98€ / KG",
Desodorizante Spray Dry Comfort Plus 48h,NIVEA,Spray 0.2 LT,"3,99€","19,95€ / LT",
TAMPAO NORMAIS,DOULYS,Emb. 24 UNID.,"1,35€","0,06€ / UNID.",
Água sem Gás Original,VIMEIRO,Emb. 1.5 LT,"0,72€","0,48€ / LT",
Conserva de Feijão Manteiga,NOTRE JARDIN,Lata 0.85 KG,"1,04€","1,22€ / KG",
Refrigerante C/ Gás Pack 4,COCA COLA,Emb. 4 LT,"5,20€","1,30€ / LT",
Inseticida Moscas e Mosquitos,RAID,Emb. 0.4 LT,"4,68€","11,70€ / LT",
Iogurte Líquido Morango 4x155g,DANONE,Emb. 0.62 KG,"1,69€","2,73€ / KG",
Iogurte Líquido Danonino Bebedino Morango 4x100g,DANONE,Emb. 0.4 KG,"1,79€","4,48€ / KG",
Azeite Tradicional,SERRATA,Garrafa 0.75 LT,"3,59€","4,79€ / LT",
Arroz Agulha,BOM SUCESSO,Emb. 1 KG,"1,09€","1,09€ / KG",
Queijo Fatiado -50% Gordura 2X200 g,TERRA NOSTRA,Emb. 0.4 KG,"4,48€","11,20€ / KG",
Chantilly Light,,Spray 0.25 KG,"1,45€","5,80€ / KG",
LULAS EM CALDEIRADA,PÊCHE OCÉAN,Emb. 120 KG,"1,29€","0,01€ / KG",
Gelatina Frutos Vermelhos Light 2x15g,CONDI,Emb. 0.03 KG,"1,58€","52,67€ / KG",
Banana Frita às Rodelas,MARQUE REPERE,Emb. 0.2 KG,"1,77€","8,85€ / KG",
Brownies de Chocolate de Leite,MILKA,Emb. 0.15 KG,"2,48€","16,53€ / KG",
Leite Condensado Magro,NESTLÉ,Lata 0.387 KG,"1,49€","3,85€ / KG",
Queijo Mystère du Prieuré,LES CROISÉS,Emb. 0.34 KG,"2,99€","8,79€ / KG",
Manteiga Fácil de Barrar,PRÉSIDENT,Emb. 0.25 KG,"3,48€","13,92€ / KG",
Conserva de Sardinha em Óleo Vegetal Picante,RAMIREZ,Emb. 0.125 KG,"0,99€","7,92€ / KG",
Bolo Floresta Negra,,Emb. 1 KG,"13,63€","13,63€ / KG",
Salmão Fumado do Atlântico,RONDE DES MERS,Emb. 0.08 KG,"3,59€","44,88€ / KG",
Tablete Milka Leite,MILKA,Emb. 0.1 KG,"1,58€","15,80€ / KG",
Farfalle,TRADIZIONI D'ITALIA,Emb. 0.5 KG,"1,56€","3,12€ / KG",
WC Gel Flores de Primavera,NEOBLANC,Emb. 0.7 LT,"2,54€","3,63€ / LT",
Creme Anti-Rugas Cuidado Dia,DERMO EXPERTISE,Emb. 1 P,"10,49€","10,49€ / P",
Gelado Coco Manga Maracujá,ESKISS,Emb. 0.9 LT,"2,49€","2,77€ / LT",
Tagliatelles Fresco,TURINI,Emb. 0.35 KG,"1,35€","3,86€ / KG",
Costeletas do Cachaço Porco,,1 Unid. = 0.2 KG (aprox.),"3,99€/kg","0,80€ / Unid.",
Detergente Loiça Manual Limão,FAIRY,Emb. 2.38 LT,"6,74€","2,83€ / LT",
DESODORIZANTE SPRAY ICE BOOST MEN 200ML,CARRÉ HOMME,Emb. 0.2 LT,"1,24€","6,20€ / LT",
Couve Flor em Floretes Ultracongelado,,Emb. 1 KG,"1,29€","1,29€ / KG",
Biscoitos Recheados com Bovino,LYDOG,Emb. 0.5 KG,"1,49€","2,98€ / KG",
Ice Tea Pêssego,LIPTON,Emb. 1 LT,"1,29€","1,29€ / LT",
Saladeira Vidro 23cm,,1 P,"1,99€","1,99€ / P",
Vinho Regional Península de Setúbal Branco,ADEGA DE PEGÕES,Garrafa 0.75 LT,"2,08€","2,77€ / LT",
Conserva Cassoulet de Porco,CÔTÉ TABLE,Lata 0.84 KG,"2,99€","3,56€ / KG",
LAVA TUDO MARINHO,CLAIR,Emb. 2 LT,"0,93€","0,47€ / LT",
OIKOS NATURAL ACUCARADO 110x4,OIKOS,Emb. 0.44 KG,"2,39€","5,43€ / KG",
Batatas Fritas 6x30g,POM'LISSE,Emb. 0.18 KG,"1,79€","9,94€ / KG",
Bolachas Tosta Rica Mini Go,CUÉTARA,Emb. 0.24 KG,"2,68€","11,17€ / KG",
FIAMBRE PERNA EXTRA FINISSIMO,CAMPO FINO,Emb. 0.15 KG,"1,29€","8,60€ / KG",
PIZZA FRESCA QUEIJO E FIAMBRE FAMILIAR,ECO+,Emb. 0.8 KG,"3,69€","4,61€ / KG",
Ervilhas Ultracongelado,IGLO,Emb. 1.125 KG,"5,98€","5,32€ / KG",
