Nome,Marca,Quantidade,Preço Primário,Preço Por Unidade,Promo
Ameixa Amarela Cal. 45/55,,1 Unid. = 0.09 KG (aprox.),"2,99€/kg","0,27€ / Unid.",
Óleo Intense 5-10 Castanho Claro,SYOSS,,"6,24€",/ Unid.,
Galinha Inteira,,1 Unid. = 1.2 KG (aprox.),"1,99€/kg","2,39€ / Unid.",
Detergente para a Máquina da Roupa Cores 3 em 1,SKIP,Emb. 1.134 KG,"12,49€","11,01€ / KG",
Gel Banho Aveia,MANAVA,Emb. 0.75 LT,"1,79€","2,39€ / LT",
"BOLACHAS ""GENOISE"" MORANGO",P'TIT DÉLI,Emb. 0.15 KG,"1,19€","7,93€ / KG",
Vinho Frutado Tinto,SALVE,Garrafa 0.75 LT,"1,29€","1,72€ / LT",
Compota de Maçã Morango Biológica 4x100g,,Emb. 0.4 KG,"1,99€","4,98€ / KG",
Vinho de Mesa Tinto,CASAL DA EIRA,Emb. 0.25 LT,"0,68€","2,72€ / LT",
Bife chã de Fora de Novilho,,1 Unid. = 0.5 KG (aprox.),"9,99€/kg","5,00€ / Unid.",
DETERGENTE CAPSULAS 3 EM 1 FLORES P/ROUPA,EPSIL,,"4,99€",/ Unid.,
CHAMPO FORTIFICANTE CABELOS NORMAIS 250ML,CARRÉ HOMME,Emb. 0.25 LT,"1,49€","5,96€ / LT",
CAFE INTENSO 48 PASTILHAS,ECO+,Emb. 0.336 KG,"3,49€","10,39€ / KG",
Perna de Pau Original 6 Unid.,OLÁ,Emb. 0.3 KG,"2,49€","8,30€ / KG",
Café Solúvel Alta Rica Intenso,NESCAFÉ,Emb. 0.1 KG,"6,38€","63,80€ / KG",
Fraldas Recém Nascido T1 Ultra Confort 2/5Kg,MOTS D'ENFANTS,Emb. 23 UNID.,"2,75€","0,12€ / UNID.",
Gel De Banho Suave 500 Ml + 250 Ml Grátis,CORINE DE FARME,Emb. 0.75 LT,"4,84€","6,45€ / LT",
Mini Gelados Double Caramelo Pack 6,MAGNUM,Emb. 0.36 LT,"5,98€","16,61€ / LT",
Iogurte Líquido Lima Limão 4x155g,DANONE,Emb. 0.62 KG,"1,69€","2,73€ / KG",
Chipicao Mini Croissant Baunilha,CHIPICAO,Emb. 0.08 KG,"1,14€","14,25€ / KG",
Alimento Seco Gatos Croquetes Fígado e Legumes,TOUS MES AMIS,Emb. 4 KG,"5,89€","1,47€ / KG",
Alimento Seco P/ Gatos Esterilizados Salmão,PURINA FRISKIES,Emb. 1.5 KG,"6,98€","4,65€ / KG",
MARCADORES P/QUADRO BRANCO 4UN,ESQUISSE,Emb. 1 UNID.,"2,29€","2,29€ / UNID.",
Toalhitas para Bebé Natural Care,HUGGIES,Emb. 56 UNID.,"1,29€","0,02€ / UNID.",
Melão Verde,,1 Unid. = 2.8 KG (aprox.),"1,19€/kg","3,33€ / Unid.",
Amaciador Concentrado Aromaterapia Dourado,VERNEL,Emb. 57 DOSES,"3,29€","0,06€ / DOSES",
PIZZA MOZZARELLA MERVEILLOSA,TURINI,Emb. 0.335 KG,"1,79€","5,34€ / KG",
Vinagre Vinho Tinto,GALLO,Garrafa 0.25 LT,"1,09€","4,36€ / LT",
Luvas Domésticas Duplex Tamanho M,RENOVA LUVAS,Emb. 1 UNID.,"1,08€","1,08€ / UNID.",
Alimento Seco Cão Active Completo,PURINA FRISKIES,Emb. 4 KG,"12,78€","3,20€ / KG",
CHOCOLATE PRETO COM FLOR DE SAL,EQUADOR,Emb. 0.1 KG,"1,19€","11,90€ / KG",
PILHAS ALC.LR6X4 CLARTECH,FOXTER,Emb. 4 UNID.,"1,27€","0,32€ / UNID.",
Leite Condensado,NESTLÉ,Lata 0.37 KG,"1,49€","4,03€ / KG",
Paloco Desfiado,,Emb. 0.4 KG,"4,49€","11,23€ / KG",
Rebuçados sem Açúcar Sabor Morango 4x32g,HALLS,Emb. 0.128 KG,"2,98€","23,28€ / KG",
Iogurte Líquido Tutti Frutti 4x155g,DANONE,Emb. 0.62 KG,"1,39€","2,24€ / KG",
Detergente Loiça Manual Recarga Espuma Ativa,FAIRY,Emb. 0.375 LT,"3,58€","9,55€ / LT",
Chá de Ervas Digestão Fácil,LIPTON,Emb. 20 SAQ.,"1,94€","0,10€ / SAQ.",
Gliss Reparação Total Condicionador Express em Spray,GLISS,Emb. 0.2 LT,"3,24€","16,20€ / LT",
BACALHAU P/ CALDEIRADA,PÊCHE OCÉAN,Emb. 0.8,"3,99€","4,99€ /",
Água Tónica Mist,NORDIC,Lata 0.25 LT,"0,74€","2,96€ / LT",
Toalhitas Limpa Pó Electrostáticas,,Emb. 40 UNID.,"2,25€","0,06€ / UNID.",
Bolachas Cookies Pepitas de Chocolate,CHIPS AHOY,Emb. 0.128 KG,"1,88€","14,69€ / KG",
Água de Colónia com Glicerina e Chá Branco,HENO DE PRAVIA,Emb. 0.78 LT,"7,98€","10,23€ / LT",
Fraldas Bebé T6 Doucer +16 Kg,MOTS D'ENFANTS,Emb. 58 UNID.,"9,65€","0,17€ / UNID.",
Espumante Reserva Meio Seco,MURGANHEIRA,Garrafa 0.75 LT,"11,78€","15,71€ / LT",
Pano Microfibra,VILEDA,Emb. 2 UNID.,"3,98€","1,99€ / UNID.",
Conserva de Feijão Frade,COMPAL,Lata 0.845 KG,"1,59€","1,88€ / KG",
Pantene Repara & Protege Champô 3 Em 1,,Emb. 0.3 LT,"3,49€","11,63€ / LT",
Creme Hidratante com Água Floral de Rosa,GARNIER,Emb. 0.05 LT,"5,98€","119,60€ / LT",
Gel Banho Bebé Extra Suave 500 ml +250 ml Grátis,CORINE DE FARME,Emb. 0.75 LT,"4,84€","6,45€ / LT",
Bebida de Soja com Baunilha Biológica,,Emb. 1 LT,"1,39€","1,39€ / LT",
Manga Barco,,1 Unid. = 0.5 KG (aprox.),"2,99€/kg","1,50€ / Unid.",
Queijo Para Barrar Noz,LES CROISÉS,Emb. 0.125 KG,"1,09€","8,72€ / KG",
AUSONIA ORG COTTON SUPER ABAS,AUSONIA,Emb. 10 UNID.,"2,54€","0,25€ / UNID.",
Bebida Energética Rehab,MONSTER ENERGY,Lata 0.5 LT,"1,20€","2,40€ / LT",
Paté Campestre Superior 2X50g,TRADILÈGE,Emb. 0.1 Kg,"1,45€","14,50€ / Kg",
Pensos Higiénicos Respirare Normal,CAREFREE,Emb. 44 UNID.,"2,78€","0,06€ / UNID.",
Medalhões Pescada,PÊCHE OCÉAN,Emb. 0.4 KG,"3,29€","8,23€ / KG",
IOGURTE MORANGO/PESSEGO BISNAGA 6UN,DÉLISSE,Emb. 0.54,"2,45€","4,54€ /",
Barras de Cereais 6 Unid.,FITNESS,Emb. 0.141 KG,"2,33€","16,52€ / KG",
CRAVINHO GRAO SAQUETA,RUSTICA,Emb. 0.03 KG,"1,15€","38,33€ / KG",
Ração Húmida Gato Fantastic Banquete do Mar,FELIX,Emb. 0.34 KG,"2,58€","7,59€ / KG",
Batata Branca,,1 Unid. = 1 KG (aprox.),"0,99€/kg","0,99€ / Unid.",
Feijão Encarnado Seco,NOTRE JARDIN,Emb. 0.5 KG,"0,99€","1,98€ / KG",
Tablete de Chocolate Avelãs,MILKA,Emb. 0.1 KG,"1,68€","16,80€ / KG",
Fraldas Bebé T4+ ACTIV+ 9/20 Kg,MOTS D'ENFANTS,Emb. 37 UNID.,"7,89€","0,21€ / UNID.",
Pensos Higiénicos Normal sem Alas,EVAX,Emb. 12 UNID.,"2,98€","0,25€ / UNID.",
Papa Infantil Bolacha Maria,CERELAC,Emb. 0.25 KG,"1,79€","7,16€ / KG",
Néctar Vital Equilíbrio Manga Maracujá,COMPAL,Emb. 1 LT,"1,68€","1,68€ / LT",
Batatas Fritas no Forno,LAY'S,Emb. 0.15 KG,"2,18€","14,53€ / KG",
Alimento Seco P/ Gato C/ Carne de Vaca,PURINA,Emb. 3 KG,"22,98€","7,66€ / KG",
Torta de Morango,P'TIT DÉLI,Emb. 0.3 KG,"1,29€","4,30€ / KG",
Champô 2em1 Leite Amêndoa Extra Suave,MANAVA,Emb. 0.5 LT,"2,29€","4,58€ / LT",
QUEIJO EMMENTAL RALADO 28%MG,LES CROISÉS,Emb. 0.2 KG,"1,69€","8,45€ / KG",
FITA ADESIVA ISOLANTE ELECTRICOS 5M,ECO+,Emb. 10 UNID.,"2,99€","0,30€ / UNID.",
CHAMPO SECO TILIA/MACA 150ML,NATEIS,Emb. 0.15,"2,29€","15,27€ /",
Lâmina Descartável Flex 3,BIC,Emb. 6 UNID.,"5,53€","0,92€ / UNID.",
SPRAY LIMPA VIDROS 1 L 1L TECH9,TECH9,Emb. 1 LT,"2,99€","2,99€ / LT",
Caramelos Werther's Original Storck SemAçúcar 90g,JERONIMO MARTINS,Emb. 0.09 KG,"2,98€","33,11€ / KG",
Ração para cão c/ Vaca,ULTIMA,Emb. 7.5 KG,"43,28€","5,77€ / KG",
Pudim Flan Chino,EL MANDARIN,Emb. 0.019 KG,"1,48€","77,89€ / KG",
MISTURA PARA PASSAROS,ECO+,Emb. 3 KG,"3,99€","1,33€ / KG",
Leite Condensado Cozido,DÉLISSE,Emb. 0.397 KG,"1,39€","3,50€ / KG",
Sacos do Lixo 50 Litros,ELEMBAL,Emb. 15 UNID.,"2,19€","0,15€ / UNID.",
Filetes de Sardinha com Tomate e Legumes,PÊCHE OCÉAN,Emb. 0.1 KG,"1,39€","13,90€ / KG",
Champô Anti-Caspa Cool Sport Mentol para Todos os Tipos de Cabelo,LINIC,Emb. 0.36 LT,"4,94€","13,72€ / LT",
Barras Hero Muesly De Cereais Chocolate Negro 6x23g,HERO,Emb. 0.138,"1,79€","12,97€ /",
Bloco Sanitário Power 5 Blue Water Ocean,DOMESTOS,Emb. 0.106 KG,"2,74€","25,85€ / KG",
Alimento Seco P/ Gato Free Dc Salmão,BEYOND,Emb. 0.325 KG,"3,98€","12,25€ / KG",
Bolacha 0% Açúcar,CHIQUILÍN,Emb. 0.175 KG,"2,08€","11,89€ / KG",
Pantene Repara & Protege Champô,PANTENE PV,Emb. 0.25 LT,"3,29€","13,16€ / LT",
Refrigerante Mini C/ Gás Pack 12,COCA COLA,Emb. 1.8 LT,"6,23€","3,46€ / LT",
Vinho Regional Alentejo Tinto,TERRAS D'EL REI,Garrafa 0.75 LT,"2,78€","3,71€ / LT",
Manteiga sem Sal,LES CROISÉS,Emb. 0.25 KG,"2,35€","9,40€ / KG",
Discos Activos Gel WC Marine,PATO,Emb. 0.036 LT,"4,48€","124,44€ / LT",
Creme Depilatório Silk & Fresh,VEET,Emb. 0.2 LT,"6,64€","33,20€ / LT",
Tablete Milka Leite,MILKA,Emb. 0.1 KG,"1,68€","16,80€ / KG",
Frango Inteiro sem Miúdos,,1 Unid. = 1.2 KG (aprox.),"2,49€/kg","2,99€ / Unid.",
Champô 2em1 P/ Cabelos Muito Secas Extra Suave,MANAVA,Emb. 0.5 LT,"2,29€","4,58€ / LT",
Sumo Ananás abc 6 Unid.,JAFADEN,Emb. 1.2 LT,"1,49€","1,24€ / LT",
Gelado Super Maxi,OLÁ,Emb. 0.39 LT,"3,98€","10,21€ / LT",
Noodles com Bacon e Tomate,KNORR,Emb. 0.063 KG,"1,38€","21,90€ / KG",
BLOCO SANITARIO ACTIV EFFECT TROPICAL 2UN,SYPHON,,"1,69€",/ Unid.,
Ambientador Difusor Essential Mist Lavanda,AIR WICK,Emb. 1 UNID.,"13,19€","13,19€ / UNID.",
Crocantes de Frango Original Ultracongelado,IGLO,Emb. 0.18 KG,"3,98€","22,11€ / KG",
Iogurte Natural 8x120g,DANONE,Emb. 0.96 KG,"2,58€","2,69€ / KG",
Pães com Recheio a Chocolate,EPI D'OR,Emb. 1 P,"1,99€","1,99€ / P",
Johnson's Baby Spray para Cabelo Penteia,JOHNSON'S BABY,Emb. 0.2 LT,"4,38€","21,90€ / LT",
Elixir Listerine Menta Suave,LISTERINE,Emb. 0.75 LT,"5,98€","7,97€ / LT",
IOGURTE C/ CAMADA MIRTILO OVELHA BIO,,Emb. 0.25 KG,"1,75€","7,00€ / KG",
Café Torrado África Ásia e Brasil Moagem Grão,SICAL,Emb. 0.25 KG,"2,39€","9,56€ / KG",
Paté para cão de Frango e Carne,TOUS MES AMIS,Emb. 0.3 KG,"0,79€","2,63€ / KG",
Iogurte Líquido de Manga e Papaia 4 Unid.,ACTIVIA,Emb. 0.62 KG,"1,99€","3,21€ / KG",
Alimento Húmido Gato Saquetas Peixe,LYCAT,Emb. 12 UNID.,"3,79€","0,32€ / UNID.",
Pantene Purifica & Reconstrói Condicionador 160 ml,,Emb. 0.16 LT,"4,98€","31,13€ / LT",
Lixívia Tradicional 4 L,NEOBLANC,Emb. 4 LT,"2,84€","0,71€ / LT",
Bolachas Barquettes com Recheio de Morango,P'TIT DÉLI,Emb. 0.12 KG,"1,08€","9,00€ / KG",
Sobremesa Creme Chocolate Mix 'n Croc,DÉLISSE,Emb. 0.468 KG,"1,95€","4,17€ / KG",
Sumo de Romã 100% Bio,,Emb. 1 LT,"3,99€","3,99€ / LT",
ESPUMA CABELO EFEITO VOLUME 200ML,VITANOVE,Emb. 0.2 LT,"1,09€","5,45€ / LT",
Cereais de Espelta e Aveia 0% Açúcares,NESTUM,Emb. 0.25 KG,"2,18€","8,72€ / KG",
LAVA TUDO FLORAL,CLAIR,Emb. 2 UNID.,"0,89€","0,45€ / UNID.",
Vinho Tinto Regional Alentejano,COMP DO VINHO,Emb. 3 LT,"6,49€","2,16€ / LT",
Conserva Cogumelos Laminados,NOTRE JARDIN,Lata 0.185 KG,"0,65€","3,51€ / KG",
PIMENTO VERM./VERDE,NOTRE JARDIN,Emb. 0.6 KG,"1,30€","2,17€ / KG",
CREME VEGETAL P/ CULINARIA,,Emb. 0.25 KG,"0,79€","3,16€ / KG",
Coloração Permanente Nutritiva 5.62 Vermelho Ousado,NUTRISSE,Emb. 1 UNID.,"9,48€","9,48€ / UNID.",
Água com Gás Pet 6x33 cl,PEDRAS SALGADAS,Emb. 1.98 LT,"2,77€","1,40€ / LT",
TIRAS FRANGO PANADO,CÔTÉ CROC,Emb. 0.6 KG,"6,99€","11,65€ / KG",
PIRIPIRI VAGEM,RUSTICA,Emb. 0.015 KG,"0,59€","39,33€ / KG",
Néctar Essencial Frutos Vermelhos 3x110ml,COMPAL,Emb. 0.33 LT,"1,79€","5,42€ / LT",
Vinho Tinto,SANTA MARTA,Bag in Box 5 LT,"8,98€","1,80€ / LT",
Arroz Agulha,,Emb. 1 KG,"1,09€","1,09€ / KG",
Arroz Carolino,SALUDÃES,Emb. 1 KG,"1,13€","1,13€ / KG",
BACON EXTRA FATIADO,CAMPO FINO,Emb. 0.15 KG,"1,34€","8,93€ / KG",
Salame Palaciego,CAMPOFRIO,1 Unid. = 0.13 KG (aprox.),"15,99€/kg","2,08€ / Unid.",
Tostas de Trigo 36Unid.,EPI D'OR,Emb. 0.3 KG,"1,29€","4,30€ / KG",
Pão Embalado Hot Dog 6 Unid.,PANRICO,Emb. 0.33 KG,"1,78€","5,39€ / KG",
Strogonoff de Frango,,1 Unid. = 0.45 KG (aprox.),"5,99€/kg","2,70€ / Unid.",
MOLHO CARIL DE LEGUMES C/LEITE COCO,RUSTICA,Emb. 0.4 KG,"1,25€","3,13€ / KG",
Ambientador recarga cool mist zen lavanda,GLADE,Emb. 0.017 LT,"4,79€","281,76€ / LT",
SACOS LIXO ENTULHO 50L 5UN,ELEMBAL,Emb. 5 UNID.,"1,99€","0,40€ / UNID.",
Caldo de Carne,KNORR,Emb. 24 CUBOS,"2,39€","0,10€ / CUBOS",
Vinho Verde Tinto,MONÇÃO,Garrafa 0.75 LT,"1,99€","2,65€ / LT",
Néctar Light Laranja e Manga,JAFADEN,Emb. 1 LT,"0,89€","0,89€ / LT",
PENSOS HIGIENICOS U.FINOS NORMAL 16UN,DOULYS,Emb. 16 UNID.,"1,09€","0,07€ / UNID.",
Néctar Compal Vital de Ananás e Coco,COMPAL,Emb. 1 LT,"1,68€","1,68€ / LT",
QUEIJO FRESCO DE CABRA BIO,,Emb. 0.18 KG,"4,19€","23,28€ / KG",
DESODORIZANTE AXE AERO BLACK,AXE,Emb. 0.15 LT,"3,29€","21,93€ / LT",
"ARROZ MUNDO ORIENTE BASMATI , 1kg",ORIENTE,,"3,28€",/ Unid.,
Pernil de Porco,,1 Unid. = 1.1 KG (aprox.),"2,99€/kg","3,29€ / Unid.",
Palitos de Chocolate,P'TIT DÉLI,Emb. 0.15 KG,"1,09€","7,27€ / KG",
Farinha,MAIZENA,Emb. 0.4 KG,"2,28€","5,70€ / KG",
Guardanapos Folha Simples Reciclados,MARQUE REPERE,Emb. 100 UNID.,"0,89€","0,01€ / UNID.",
Alimento Seco P/ Gato Coelho Frango,PURINA FRISKIES,Emb. 2 KG,"7,98€","3,99€ / KG",
Deo Spray 0% Sensitive 24H,SANEX,Emb. 0.15 LT,"2,69€","17,93€ / LT",
Detergente para a Máquina da Loiça Extra Power,SUN,Emb. 76 PASTILHAS,"9,99€","0,13€ / PASTILHAS",
Vinho Regional Alentejo Tinto,HERDADE DOS GROUS,,"14,98€",/ Unid.,
Secretos de Porco,,1 Unid. = 0.2 KG (aprox.),"4,99€/kg","1,00€ / Unid.",
GELADO BAUNILHA E SORVETE F.VERMELHOS 900ML ESKISS,ESKISS,Emb. 0.9 LT,"2,49€","2,77€ / LT",
Vinho Verde Branco,TERRAS DE FELGUEIRAS,Garrafa 0.75 LT,"2,48€","3,31€ / LT",
Bebida Solúvel Cereais Cevada Chicória e Café,TOFINA,Frasco 0.2 KG,"2,24€","11,20€ / KG",
Tablete de Chocolate Daim,MILKA,Emb. 0.1 KG,"1,68€","16,80€ / KG",
Alho em Pó,MARGÃO,Emb. 0.055 KG,"3,18€","57,82€ / KG",
Batata Branca P/ Assar,,Emb. 1 KG,"1,19€","1,19€ / KG",
Gelatina Light Morango,ROYAL,Emb. 0.031 KG,"2,08€","67,10€ / KG",
Molho César para Salada,HELLMANN'S,Emb. 0.21 LT,"2,58€","12,29€ / LT",
Toucinho Fumado,DAMATTA,Emb. 0.2 KG,"3,68€","18,40€ / KG",
Ambientador Recarga Portátil Relax Zen Lavanda e Jasmim,GLADE,Emb. 3 UNID.,"10,78€","3,59€ / UNID.",
Pão Saloio,,1 Unid. = 0.4 KG,"0,99€","2,48€ / KG",
Cereais Pétalas Chocolate Leite,GRAINEA,Emb. 0.3 KG,"1,49€","4,97€ / KG",
DESODORIZANTE STICK MARINE MEN 50ML,CARRÉ HOMME,Emb. 0.05 LT,"1,85€","37,00€ / LT",
Gressinos com Creme de Avelã 3x60g,NUSTIKAO,Emb. 0.18 KG,"2,19€","12,17€ / KG",
Cera Fixadora,AXE,Emb. 0.075 LT,"3,99€","53,20€ / LT",
Barra Cereais Chocolate Preto,GRAINEA,Emb. 0.126 KG,"1,49€","11,83€ / KG",
Queijo São Jorge,QUEIJO SÃO JORGE,1 Unid. = 0.2 KG (aprox.),"11,99€/kg","2,40€ / Unid.",
Bolachas Maria sem Açúcar,GULLÓN,Emb. 0.4 KG,"2,34€","5,85€ / KG",
Bolo de Cacau,P'TIT DÉLI,Emb. 0.42 KG,"3,19€","7,60€ / KG",
Queijo Fatiado -50% Gordura,LIMIANO,Emb. 0.2 KG,"2,78€","13,90€ / KG",
Bolachas Creme Cebola,TUC,Emb. 0.1 KG,"1,18€","11,80€ / KG",
Molho de Tomate à Provençal,,Emb. 0.35 KG,"1,99€","5,69€ / KG",
Pão De Forma Rústico 0% Açúcar,PANRICO,Emb. 0.375 KG,"2,08€","5,55€ / KG",
Refrigerante S/ Gás Maracuja,ECO+,Garrafa 2 LT,"0,79€","0,40€ / LT",
Azeitona Verde Retalhada com Ervas,RUSTICA,Emb. 0.36 KG,"1,79€","4,97€ / KG",
OVOS AR LIVRE CLASSE M,OVOS DA ALDEIA,Emb. 6 UNID.,"1,39€","0,23€ / UNID.",
Polpa de Tomate,ECO+,Frasco 0.5 KG,"0,99€","1,98€ / KG",
Sumo Active Drink Frutos Exóticos / Cenoura,SANTAL,Emb. 1.5 LT,"2,13€","1,42€ / LT",
Queijo Fundido e Palitos Tostados,VACA QUE RI,Emb. 0.035 KG,"0,78€","22,29€ / KG",
NUGGETS DE FRANGO 18UN,CÔTÉ CROC,Emb. 0.45 KG,"4,29€","9,53€ / KG",
Iogurte Natural 4x125 g,,Emb. 0.5 KG,"0,65€","1,30€ / KG",
Ração P/ Gato Esterlizado C/ Salmão,ULTIMA,Emb. 0.8 KG,"7,48€","9,35€ / KG",
LAMINAS DESCARTAVEIS SENHORA 3 LAMINAS 4UN,SLISS,Emb. 4 UNID.,"2,99€","0,75€ / UNID.",
Ambientador Pure Nenuco Frescura Colónia de Bebé,AIR WICK,Spray 0.25 LT,"4,19€","16,76€ / LT",
Queijo Fatiado -50% Gordura 2X200 g,TERRA NOSTRA,Emb. 0.4 KG,"5,18€","12,95€ / KG",
"GEL DUCHE ""MATCHA/GENGIBRE"" CONCENTRADO",NATEIS,,"1,85€",/ Unid.,
Pensos Higiénicos Salvaslip MaxiPlus,EVAX,Emb. 30 UNID.,"2,98€","0,10€ / UNID.",
Vinho Regional Alentejano Tinto,GALITOS,Garrafa 0.75 LT,"2,28€","3,04€ / LT",
BOLACHA MARIA DOURADA,P'TIT DÉLI,,"1,69€",/ Unid.,
Gomas Trio Brilho,COPAÍNS COPINES,Emb. 0.2 KG,"0,99€","4,95€ / KG",
SNACK BATATA SABOR ESPECIARIAS,TOKAPI,Emb. 0.17 KG,"1,95€","11,47€ / KG",
Queijo de Barrar com Leite Pasteurizado,LES CROISÉS,Emb. 0.15 KG,"0,89€","5,93€ / KG",
AURICULARES MAOS LIVRES BRANCO,LINKSTER,Emb. 1 UNID.,"7,90€","7,90€ / UNID.",
Refrigerante sem Gás Laranja,FRUTIS,Garrafa 1.5 LT,"1,15€","0,77€ / LT",
Bebida Gaseificada Aromatizada de Pêssego S/ Álcool,FESTALIE,Garrafa 0.75 LT,"2,49€","3,32€ / LT",
Champô Volume Toranja Branca e Menta,HERBAL ESSENCES,Emb. 0.4 LT,"3,99€","9,98€ / LT",
CREPES SIMPLES 16UN,TROFIC,Emb. 1 KG,"3,99€","3,99€ / KG",
Sal Marinho Iodado,VATEL,Emb. 1 KG,"0,98€","0,98€ / KG",
OIKOS CARAMELO 110G X4,OIKOS,Emb. 0.44 KG,"2,39€","5,43€ / KG",
MIOLO DE CAMARAO 80/120,PÊCHE OCÉAN,Emb. 0.25 KG,"3,49€","13,96€ / KG",
Esparguete Cozedura Rápida,TURINI,Emb. 0.5 KG,"1,09€","2,18€ / KG",
PREPARADO P/ ARROZ MARISCO,PÊCHE OCÉAN,Emb. 0.8 KG,"6,50€","8,13€ / KG",
COPPA FATIAS FINISSIMAS,ST AZAY,Emb. 0.1 KG,"2,99€","29,90€ / KG",
PALITOS COBERTURA CHOCOLATE LEITE S/ GLUTEN,CHAQUE JOUR SANS GLUTEN,Emb. 0.125 KG,"2,55€","20,40€ / KG",
Bolachas Maria,CUÉTARA,Emb. 0.8 KG,"2,58€","3,23€ / KG",
Sabão de Marselha 4x200 g,EPSIL,,"2,89€",/ Unid.,
Macedonia de 4 Legumes,,Emb. 0.4 KG,"0,69€","1,73€ / KG",
Durex Play Lubrificante de Morango,DUREX,Emb. 0.05 LT,"7,49€","149,80€ / LT",
Vinho Tinto,ECO+,Garrafão 5 LT,"5,69€","1,14€ / LT",
FRALDA INCONTINENCIA MEDIA,CHORYS,Emb. 20 UNID.,"8,99€","0,45€ / UNID.",
Papel Higiénico 3 Folhas Acolchoado,SCOTTEX,Emb. 9 ROLOS,"5,98€","0,66€ / ROLOS",
LOMBO PORCO CURADO FATIAS,ST AZAY,Emb. 0.1 KG,"2,55€","25,50€ / KG",
Refrigerante com Gás Guarana,ANTARCTICA,Garrafa 1.5 LT,"1,98€","1,32€ / LT",
Água Tónica,SCHWEPPES,Lata 0.25 LT,"0,84€","3,36€ / LT",
BETERRABA EM VINAGRE 345G,FERBAR,Emb. 0.345 KG,"1,09€","3,16€ / KG",
Sumo Refrigerado Florida,SUNNY DELIGHT,Garrafa 0.31 LT,"0,78€","2,52€ / LT",
Bloco Sanitário Floral,SONASOL WC,Emb. 0.05 KG,"1,94€","38,80€ / KG",
Mini Pizza Piccolinis Salsicha Frankfurt 9 Unid.,BUITONI,Emb. 0.27 KG,"3,98€","14,74€ / KG",
Sardinha em Óleo Vegetal,BOM PETISCO,Emb. 0.12 KG,"0,99€","8,25€ / KG",
DETERGENTE LIQUIDO CONCENTRADO ALOE VERA ECOLOGICO 40D,UNÍ VERT,,"4,99€",/ Unid.,
Pêra Conference Cal. 60+,,1 Unid. = 0.21 KG (aprox.),"1,99€/kg","0,42€ / Unid.",
"AGUA FRIZE,,6x25CL",FRIZE,,"2,78€",/ Unid.,
Barrinhas de Pescada Panada Temperada com Limão s/ Glúten,PESCANOVA,Emb. 0.3 KG,"4,98€","16,60€ / KG",
ALGODAO DUO QUADRADO X50,INELL,Emb. 50 UNID.,"0,79€","0,02€ / UNID.",
Conserva de Cogumelos Laminados,NOTRE JARDIN,Lata 0.78 KG,"2,25€","2,88€ / KG",
Leite Bem Essencial C/ Polpa de Morango 4 Unid.,MIMOSA,Emb. 0.8 LT,"1,98€","2,48€ / LT",
Caramelo Líquido,TABLIER BLANC,Emb. 0.4 KG,"1,29€","3,23€ / KG",
Compota de Frutas Maçã e Pera sem Adição de Açúcares 4x100g,DOUCEUR DU VERGER,Emb. 0.4 KG,"1,59€","3,98€ / KG",
Patê Bocadelia Recheio Atum,LA PIARA,Emb. 0.18 KG,"2,24€","12,44€ / KG",
CROQUETES P/ GATOS SENSIVEIS E DIFICEIS PREMIUM,PLENIMA,,"1,89€",/ Unid.,
Desodorizante Roll-On Invisible,MANAVA,Emb. 0.05 LT,"0,75€","15,00€ / LT",
Cereais Muesli Chocolate,GRAINEA,Emb. 0.5 KG,"2,39€","4,78€ / KG",
Óleo Reconstrutor,AUSSIE,Emb. 0.1 LT,"7,49€","74,90€ / LT",
Alimento Húmido P/ Gato Carne Vaca Gold,GOURMET,Emb. 0.085 KG,"0,74€","8,71€ / KG",
Néctar Clássico 100% Laranja,COMPAL,Emb. 1 LT,"1,68€","1,68€ / LT",
Batata Doce,,1 Unid. = 0.29 KG (aprox.),"1,97€/kg","0,57€ / Unid.",
Champô Cabelo Ultra Suave Louros Camomila,GARNIER,Emb. 0.25 LT,"3,58€","14,32€ / LT",
Vinho de Mesa Rosé,ECO+,Emb. 2 LT,"2,69€","1,35€ / LT",
SNACKS BOLAS DE QUEIJO,TOKAPI,Emb. 0.05 KG,"0,65€","13,00€ / KG",
PENSOS INCONTINENCIA MULHER MAXI,CHORYS,Emb. 12 UNID.,"2,59€","0,22€ / UNID.",
Ervilhas Ultracongelados,IGLO,Emb. 0.375 KG,"2,28€","6,08€ / KG",
Luvas Finas Descartáveis Vinil Tam. M,,Emb. 0.45 KG,"6,89€","15,31€ / KG",
KINDER DELICE CACAU T10,KINDER,Emb. 0.39 KG,"3,69€","9,46€ / KG",
DETERGENTE LIQUIDO PERFECT CORES 25D,EPSIL,Emb. 25 DOSES,"2,79€","0,11€ / DOSES",
Gelatina em Pó Morango 2x85 g,TABLIER BLANC,Emb. 0.17 KG,"0,85€","5,00€ / KG",
Snack P/ Gato Original Maxi Pack,FELIX,Emb. 0.2 KG,"3,98€","19,90€ / KG",
Champô Anti-Caspa Cuidado Suave para Todos os Tipos de Cabelo,LINIC,Emb. 0.36 LT,"4,94€","13,72€ / LT",
PAPEL ALUMINIO 50M,ELEMBAL,Emb. 50 M,"4,49€","0,09€ / M",
Conserva de Salsichas 7 Unid. Extra Suculentas,NOBRE,Frasco 0.35 KG,"1,68€","4,80€ / KG",
Sopa de Espargos,KNORR,Emb. 0.07 KG,"1,49€","21,29€ / KG",
GEL FIXACAO BETAO 250ML,VITANOVE,Emb. 0.25 LT,"1,69€","6,76€ / LT",
PENSOS HIGIENICOS U. FINOS NORMAL+ C/ ABAS,DOULYS,Emb. 14 UNID.,"0,99€","0,07€ / UNID.",
Dentes de Alho,,Emb. 0.25 KG,"2,29€","9,16€ / KG",
Doce de Laranja Biológico,,Emb. 0.375 KG,"2,15€","5,73€ / KG",
Spray Mousse Harmonias Florais,NEOBLANC,Spray 0.7 LT,"2,59€","3,70€ / LT",
Pente Piquio Color,,Emb. 1 UNID.,"1,99€","1,99€ / UNID.",
Iogurte Bifidus Activia Cremoso Frutos Silvestres 4 Unid.,DANONE,Emb. 0.48 KG,"1,99€","4,15€ / KG",
"Mini Picadora 1,5L 500W",ELSAY,Emb. 1 UNID.,"27,90€","27,90€ / UNID.",
Drageias de Chocolate Leite,SMARTIES,Emb. 0.038 KG,"0,88€","23,16€ / KG",
Chantilly,DÉLISSE,Emb. 0.25 KG,"1,69€","6,76€ / KG",
Cerveja C/ Álcool 24x25cl,CARLSBERG,Emb. 6 LT,"12,94€","2,16€ / LT",
Recarga Sabonete Líquido Framboesa/Peonia,MANAVA,Emb. 0.25 LT,"0,65€","2,60€ / LT",
Beterraba Cozida Embalada,,Emb. 0.45 KG  (aprox.),"1,29€/kg","0,58€ / Unid.",
VAGEM DE BAUNILHA BOURBON BIO,,Emb. 1 UNID.,"3,99€","3,99€ / UNID.",
Moira Regional - PDTO Lamego,SNR,Emb. 0.17 KG,"1,49€","8,76€ / KG",
Champô,TRESEMMÉ,Emb. 0.7 LT,"6,59€","9,41€ / LT",
Papel Higiénico 4 Folhas,RENOVA,Emb. 9 ROLOS,"5,38€","0,60€ / ROLOS",
NAPERONS RECTANGULARES 40X50CM,,Emb. 3 UNID.,"0,79€","0,26€ / UNID.",
Cerveja com Álcool Mini 20x25cl,CRISTAL,Emb. 5 LT,"7,59€","1,52€ / LT",
Pastilhas Máquina Loiça Platinum Plus,FAIRY,Emb. 20 UNID.,"11,48€","0,57€ / UNID.",
LAMPADA ESPIRAL 12W E27,FOXTER,Emb. 1 UNID.,"3,99€","3,99€ / UNID.",
Néctar Multifrutos Bio,,Emb. 1.5 LT,"2,49€","1,66€ / LT",
AFTERSHAVE LOCAO OCEAN FRESH 100ML,CARRÉ HOMME,Emb. 0.1 LT,"2,29€","22,90€ / LT",
Amaciador Cabelo Normais Garnier Força e Brilho,FRUCTIS,Emb. 0.2 LT,"3,98€","19,90€ / LT",
PERSIL UNIVERSAL GEL,PERSIL,Emb. 65 DOSES,"12,49€","0,19€ / DOSES",
Pastilhas Café Descafeinado,DELTA,Emb. 16 PAST.,"3,88€","0,24€ / PAST.",
SPRAY PENTEAR DESEMBARACANTE MORANGO E CEREJA PARA CRIANCAS,PETIT MANAVA,Emb. 0.2 LT,"1,49€","7,45€ / LT",
Manteiga com Sal,PRIMOR,Emb. 0.25 KG,"2,23€","8,92€ / KG",
Madalenas sem Glúten,CHAQUE JOUR SANS GLUTEN,Emb. 0.18 KG,"2,59€","14,39€ / KG",
Atum em Azeite Biológico,BOM PETISCO,Emb. 0.12 KG,"1,67€","13,92€ / KG",
CREME P/ BARRAR PEDACOS FINOS AVELAS,EQUADOR,,"2,39€",/ Unid.,
Bolo de Arroz,,1 UNID.,"0,49€","0,49€ / UNID.",
Massa Lasanha,TURINI,Emb. 0.5 KG,"1,34€","2,68€ / KG",
Bolachas com Pepitas Chocolate Energy 5 Saquetas,CHIQUILÍN,Emb. 0.2 KG,"2,68€","13,40€ / KG",
Napolitana de Chocolate,,1 Unid. = 0.12 KG,"0,59€","4,92€ / KG",
Chiclets de Morango 12 Unid.,CHICLETS,Emb. 0.017 KG,"0,98€","57,65€ / KG",
Massa Fettuccine,MILANEZA,Emb. 0.5 KG,"1,98€","3,96€ / KG",
Vinagre Balsâmico de Modena,GALLO,Garrafa 0.25 LT,"1,69€","6,76€ / LT",
Esfregão Vegetal,,Emb. 2 UNID.,"0,99€","0,50€ / UNID.",
Chá Verde Pure,LIPTON,Emb. 20 SAQS,"1,39€","0,07€ / SAQS",
Pato Inteiro,,1 Unid. = 2.15 KG (aprox.),"4,99€/kg","10,73€ / Unid.",
Queijo Meio Gordo de Lamego,PAIVA,1 Unid. = 1.2 KG (aprox.),"10,99€/kg","13,19€ / Unid.",
Nectar Clássico Alperce 3x20cl,COMPAL NECTAR,Emb. 0.08 LT,"1,48€","18,50€ / LT",
Preservativos non stop XT Lines,CONTROL,Emb. 6 UNID.,"6,99€","1,17€ / UNID.",
Tablete de Chocolate Branco com Avelãs Inteiras,TABLETTE D'OR,Emb. 0.2 KG,"2,19€","10,95€ / KG",
Derma SPA Goodness Body Cream,DOVE,Emb. 0.3 LT,"4,99€","16,63€ / LT",
BOLACHAS C/ RECHEIO CHOCOLATE LEITE BREAK,P'TIT DÉLI,Emb. 0.135 KG,"1,59€","11,78€ / KG",
ESTENDAL VARANDA 7M,HOMESIDE,Emb. 1 UNID.,"7,99€","7,99€ / UNID.",
Sortido Húngaro,,Emb. 0.3 KG,"2,29€","7,63€ / KG",
Chá de Tília,LIPTON,Emb. 10 SAQ.,"0,69€","0,07€ / SAQ.",
Massa Linguine C/ Tinta de Choco,MILANEZA,Emb. 0.5 KG,"3,18€","6,36€ / KG",
Pensos Incontinência Lindor Lady Pad Normal 14 Un,LINDOR,,"3,36€",/ Unid.,
Queijo Curado Apimentado,,1 Unid. = 1 KG (aprox.),"8,99€/kg","8,99€ / Unid.",
Madalenas em Concha com Ovos,P'TIT DÉLI,Emb. 1 KG,"3,89€","3,89€ / KG",
Cereais Chocomax,NACIONAL,Emb. 0.3 KG,"1,69€","5,63€ / KG",
Paio do Lombo Fatiado,NOBRE,Emb. 0.1 KG,"2,68€","26,80€ / KG",
Bolachas Amanteigadas Palet breton 2x125g,P'TIT DÉLI,Emb. 0.25 KG,"1,99€","7,96€ / KG",
Ameixa Vermelha Cal. 45/55,,1 Unid. = 0.09 KG (aprox.),"2,99€/kg","0,27€ / Unid.",
Sumo de Manga 3x200ml,UM BONGO,Emb. 0.6 LT,"1,48€","2,47€ / LT",
Johnson's Baby Gel de Banho Suave,JOHNSON'S BABY,Emb. 0.75 LT,"3,89€","5,19€ / LT",
COLORACAO VEGETAL CASTANHO CLARO BIO,BIONAÏA,Emb. 1 UNID.,"6,99€","6,99€ / UNID.",
DESODORIZANTE SPRAY INVISIBLE MEN 100ML COMPACT,CARRÉ HOMME,Emb. 0.1 LT,"1,19€","11,90€ / LT",
Tarte de Fruta Variada,,1 Unid. = 0.8 KG (aprox.),"7,99€/kg","6,39€ / Unid.",
Esfregão Salva Unhas Classic Comfort,SCOTCH BRITE,Emb. 2 UNID.,"2,43€","1,22€ / UNID.",
FORMA PUDIM CANELADA 18 CM.,ECO+,Emb. 1 UNID.,"5,99€","5,99€ / UNID.",
Bolacha Maria sem Açúcar 12 Unid.,,Emb. 0.3 KG,"3,53€","11,77€ / KG",
Conjunto de 4 Recargas Desumidificador Neutras,FOXTER,Emb. 1 KG,"10,99€","10,99€ / KG",
Sobremesa Tiramisu 4x80g,DÉLISSE,Emb. 0.32 KG,"2,49€","7,78€ / KG",
Cápsula Lavazza Espresso Maestro Dek Para Máquinas De Café Nespresso,LAVAZZA,Emb. 0.055 KG,"2,99€","54,36€ / KG",
Sortido de Bolachas,CUÉTARA,Emb. 0.42 KG,"4,27€","10,17€ / KG",
Café Capsulas Decaf Intensidade 2,PLANTATION,Emb. 10 CAPS.,"1,79€","0,18€ / CAPS.",
Ambientador 5 em 1 Relax Zen,BRISE,Emb. 0.3 LT,"1,54€","5,13€ / LT",
PAPEL VEGETAL EM FOLHAS 30UN,ELEMBAL,Emb. 30 UNID.,"1,25€","0,04€ / UNID.",
Leite UHT Magro Pastagem Açores Biológico,MILHAFRE DOS AÇORES,Emb. 1 LT,"0,99€","0,99€ / LT",
Licor Anis Escarchado,BORLIDO,Garrafa 1 LT,"8,49€","8,49€ / LT",
Café Cápsulas Fortissimo Intensidade 10,PLANTATION,Emb. 10 CAPS.,"1,49€","0,15€ / CAPS.",
Alimento Seco para Cão Carne de Vaca e Cenoura,TOUS MES AMIS,Emb. 1 KG,"3,59€","3,59€ / KG",
Vinho Tinto,COMP DO VINHO,Emb. 1 LT,"0,85€","0,85€ / LT",
Nuggets de Peito de Frango,IGLO,Emb. 0.22 KG,"5,98€","27,18€ / KG",
DETERGENTE MANUAL LOICA CONCENTRADO LIMA E UVA BRANCA,VISIOR,Emb. 0.5 LT,"1,29€","2,58€ / LT",
Queijo Fundido,VACA QUE RI,Emb. 0.15 KG,"1,74€","11,60€ / KG",
Rolo de Cozinha Extra XXL,RENOVA,Emb. 1 ROLO,"1,18€","1,18€ / ROLO",
Vinho Branco,COMP DO VINHO,Bag in Box 5 LT,"4,69€","0,94€ / LT",
SACO ARRUMACAO MALEAVEL,SILLAGE,Emb. 1 UNID.,"2,49€","2,49€ / UNID.",
LEITE CÔCO LIGHT,JERÓNIMOS,Emb. 0.4 LT,"2,06€","5,15€ / LT",
Leite UHT Pastagem Magro,TERRA NOSTRA,Emb. 1 LT,"1,03€","1,03€ / LT",
CANETA VARIAS CORES 1MM,ESQUISSE,Emb. 10 UNID.,"2,69€","0,27€ / UNID.",
Couve Lombarda,,1 Unid. = 1.2 KG (aprox.),"1,09€/kg","1,31€ / Unid.",
BOLACHAS AREADAS C/ CARAMELO,P'TIT DÉLI,Emb. 0.1 KG,"1,49€","14,90€ / KG",
Hambúrguer de Atum 2x75 g,BOM PETISCO,Emb. 0.15 KG,"2,74€","18,27€ / KG",
Waffers de Caramelo -40% Açúcares,VIEIRA,Emb. 0.125 KG,"1,14€","9,12€ / KG",
Rolo Cozinha Compacto,MARQUE REPERE,Emb. 2 UNID.,"1,49€","0,75€ / UNID.",
Alimento Seco P/ Gatos Esterilizados Peru e Legumes,PURINA FRISKIES,Emb. 1.5 KG,"6,98€","4,65€ / KG",
Loção Essencial Healing,VASELINE,Emb. 0.2 LT,"2,14€","10,70€ / LT",
Detergente Liquido para a Máquina da Roupa Concentrado,SKIP,Emb. 80 DOSES,"15,99€","0,20€ / DOSES",
Vinho Regional Alentejo Branco,REAL LAVRADOR,Garrafa 0.75 LT,"2,48€","3,31€ / LT",
Fermento de Padeiro,VAHINÉ,Emb. 0.018 KG,"1,58€","87,78€ / KG",
Pasta de dentes gengivas saudáveis,COLGATE,Emb. 0.15 LT,"6,63€","44,20€ / LT",
Ração seca para gato c/ Salmão,ULTIMA,Emb. 0.75 KG,"5,39€","7,19€ / KG",
Bolacha Ondulada,,Emb. 0.3 KG,"1,69€","5,63€ / KG",
Pimento Padrão,,1 Unid. = 0.25 KG  (aprox.),"4,97€/kg","1,24€ / Unid.",
MASCARA EXTRA COLOR 300ML,VITANOVE,Emb. 0.3 LT,"2,39€","7,97€ / LT",
MOUSSE LIEGEOISE CARAMELO,DÉLISSE,Emb. 0.64 KG,"2,79€","4,36€ / KG",
Caldo Natura de Carne Pack 4,KNORR,Emb. 0.112 KG,"1,49€","13,30€ / KG",
Alheira Regional - PDTO Lamego,SNR,Emb. 0.21 KG,"1,29€","6,14€ / KG",
Batatas Fritas Doritos Tex-Mex,DORITOS,Emb. 0.26 KG,"2,88€","11,08€ / KG",
Pastilha Elástica Senses Tropical Mix,TRIDENT,Emb. 0.023 KG,"0,94€","40,87€ / KG",
Vinho Regional Península de Setúbal Tinto,ADEGA DE PEGÕES,Garrafa 0.75 LT,"1,59€","2,12€ / LT",
LENCOS FACIAIS 3F MENTOL,CARESSE,Emb. 80 UNID.,"1,19€","0,01€ / UNID.",
CAPPUCCINO SABOR BAUNILHA,PLANTATION,Emb. 0.31 KG,"2,99€","9,65€ / KG",
Ovos Solo M,SNR,Emb. 12 UNID.,"2,29€","0,19€ / UNID.",
Desodorizante Zero% - Spray Invisível,SANEX,Emb. 0.15 LT,"2,69€","17,93€ / LT",
BOLA FUTEBOL PLASTICO T4,WOODSUN,Emb. 1 UNID.,"2,99€","2,99€ / UNID.",
Miolo de Amendoim C/ Mel e Sal,MARQUE REPERE,Emb. 0.25 KG,"1,69€","6,76€ / KG",
TARTE DE MACAS CARAMELIZADAS,AUTOUR DU DESSERT,Emb. 0.6 KG,"4,35€","7,25€ / KG",
Bacalhau Especial Noruega Asa Preta,,1 Unid. = 4 KG (aprox.),"10,99€/kg","43,96€ / Unid.",
Bacalhau Graúdo Islândia Asa Preta,,1 Unid. = 2.5 KG (aprox.),"15,99€/kg","39,98€ / Unid.",
Conjunto de 8 Chaves Mistas,FOXTER,Emb. 8 UNID.,"13,99€","1,75€ / UNID.",
Bolo Chantilly com Fruta,,1 Unid. = 1 KG (aprox.),"12,99€/kg","12,99€ / Unid.",
Alimento Seco P/ Cão Mini Menu Frango,PURINA FRISKIES,Emb. 1.5 KG,"4,84€","3,23€ / KG",
Alho Francês,,1 Unid. = 0.43 KG (aprox.),"1,99€/kg","0,86€ / Unid.",
Café pur Arabica Amérique Latine em Grão Biológico,,Emb. 0.25 KG,"3,49€","13,96€ / KG",
Aquafresh Branco Intenso 2x75ml,AQUAFRESH,,"3,49€",/ Unid.,
SABONETE LIQUIDO ALPERCE/ALOE VERA BIO,BIONAÏA,Emb. 0.3 LT,"1,85€","6,17€ / LT",
POSTAS DE BACALHAU ULTRACONGELADAS,ECO+,Emb. 0.8 KG,"5,99€","7,49€ / KG",
Elixir Anti-Cáries,LISTERINE,Emb. 0.5 LT,"6,48€","12,96€ / LT",
Fraldas de Incontinência Plus Tam. M,LINDOR,Emb. 14 UNID.,"14,54€","1,04€ / UNID.",
Champô Bebé Suave 500 Ml+250 ml Grátis,CORINE DE FARME,Emb. 0.75 LT,"4,84€","6,45€ / LT",
Alimento P/ Cão de Frango C/ Mandioca S/ Glúten,BEYOND,Emb. 1.2 KG,"8,48€","7,07€ / KG",
Salsa em Folhas,MARGÃO,Emb. 0.006 KG,"1,18€","196,67€ / KG",
Máscara Multiusos Óleo Extraordinário Óleo de Coco,L'ORÉAL PARIS,Emb. 0.3 LT,"6,98€","23,27€ / LT",
Bolachas Cookies Original Chocolate,CHIPS AHOY,Emb. 0.3 KG,"3,28€","10,93€ / KG",
Vinho Regional Alentejo Tinto,ADEGA DE BORBA,Garrafa 0.75 LT,"3,88€","5,17€ / LT",
Biscoitos Recheados com Bovino,LYDOG,Emb. 0.5 KG,"1,75€","3,50€ / KG",
Desodorizante Bodyspray Gold Temptation,AXE,Emb. 0.15 LT,"3,29€","21,93€ / LT",
Champô para Homem Anticaspa Cool Sport Mentol,LINIC,Emb. 0.225 LT,"3,34€","14,84€ / LT",
ARROZ AGU.VAPORIZADO CIGALA 1KG,CIGALA,Emb. 1 KG,"1,27€","1,27€ / KG",
Alimento Húmido Gato Completo 6x410g,LYCAT,Emb. 6 UNID.,"4,25€","0,71€ / UNID.",
MOLHO PIRI-PIRI FERBAR 210G,FERBAR,Emb. 0.21 KG,"1,18€","5,62€ / KG",
Chá Verde com Gengibre Immune Support,LIPTON,Emb. 0.032 KG,"1,94€","60,63€ / KG",
Iogurte Bifidus Cremoso Frutos Silvestres 0% 4 Unid.,DANONE,Emb. 0.48 KG,"1,99€","4,15€ / KG",
Leite com Chocolate UHT 4x200 ml,GRESSO,Emb. 0.8 LT,"1,58€","1,98€ / LT",
TARTE FRUTOS SECOS,P'TIT DÉLI,Emb. 0.3 KG,"2,99€","9,97€ / KG",
Salada Camponesa,,Emb. 0.225 KG,"1,15€","5,11€ / KG",
Tomates Inteiros Pelados,ECO+,Lata 0.8 KG,"1,32€","1,65€ / KG",
COUSCOUS COMPTOIR,COMPTOÍR DU GRAIN,Emb. 1 KG,"1,89€","1,89€ / KG",
Gel de Banho Cuidado Intensivo,DOVE,Emb. 0.5 LT,"2,49€","4,98€ / LT",
Tenaz Carpinteiro 200Mm,FOXTER,Emb. 1 UNID.,"3,99€","3,99€ / UNID.",
Cola Multi-Usos S/ Solvente,FOXTER,Emb. 0.055 LT,"2,69€","48,91€ / LT",
Pastilhas de Limpeza para Próteses Dentárias,POLIDENT,Emb. 1 P,"5,48€","5,48€ / P",
Entremeada de Novilho,,1 Unid. = 0.2 KG (aprox.),"5,99€/kg","1,20€ / Unid.",
Sumo 100% Laranja Biológico 6 Unid.,,Emb. 0.12 LT,"2,69€","22,42€ / LT",
Sabonete Sólido Flores Brancas 4 Unid.,MANAVA,Emb. 0.4 KG,"2,05€","5,13€ / KG",
Carcaça Portuguesa,,1 Unid. = 0.065 KG,"0,16€","2,46€ / KG",
Desodorizante Clean Fresh Scent Stick,REXONA,Emb. 0.045 LT,"4,79€","106,44€ / LT",
Sumo 100% Laranja C/ Polpa,JAFADEN,Emb. 1 LT,"1,49€","1,49€ / LT",
Donuts,,1 Unid. = 0.045 KG,"0,49€","10,89€ / KG",
Pensos Higiénicos Normal Plus Alas,EVAX,Emb. 14 UNID.,"2,29€","0,16€ / UNID.",
Doce de Pêssego Baixo Teor de Açúcar,DOUCEUR DU VERGER,Frasco 0.34 KG,"1,25€","3,68€ / KG",
COGUMELO FERBAR LAMINADO 185G,FERBAR,Emb. 0.185,"0,74€","4,00€ /",
Deo Roll On Hidra Essencial 0% Álcool,VASELINE,Emb. 0.05 LT,"2,09€","41,80€ / LT",
Café Torrado Moído Clássico Intensidade 9,SICAL,Emb. 16 UNID.,"3,88€","0,24€ / UNID.",
Pão de Leite 8 Unid.,P'TIT DÉLI,Emb. 0.32 KG,"1,09€","3,41€ / KG",
LUVA AUTO MICROFIBRA ANTI-MOSQUITOS,TECH9,Emb. 1 UNID.,"1,99€","1,99€ / UNID.",
Creme Protector Muda Fraldas,MOTS D'ENFANTS,Emb. 0.1 LT,"2,49€","24,90€ / LT",
FOLHADOS COM QUEIJO DE CABRA 4UN,CÔTÉ TABLE,Emb. 0.4 KG,"3,65€","9,13€ / KG",
Papa Infantil Bolacha Maria,CERELAC,Emb. 0.4 KG,"1,84€","4,60€ / KG",
CREME HIDRATANTE OLEO AMENDOA DOCE,INELL,Emb. 0.2 LT,"2,29€","11,45€ / LT",
Sobremesa Gelado Mini Chocolate e Caramelo 6x60ml,MAGNUM,Emb. 0.36 LT,"5,98€","16,61€ / LT",
CLIPES COLORIDOS,ESQUISSE,Emb. 100 UNID.,"0,99€","0,01€ / UNID.",
Dentífrico Maximum Protection Caries,COLGATE,Emb. 0.075 LT,"3,08€","41,07€ / LT",
Sortido de Biscoitos Finos,EQUADOR,Emb. 0.2 KG,"1,99€","9,95€ / KG",
Papel Higiénico Cuidado Completo Original 3 em 1,SCOTTEX,Emb. 16 UNID.,"4,98€","0,31€ / UNID.",
Iogurte Líquido Morango/Framboesa,DANONE,Emb. 0.3 KG,"1,89€","6,30€ / KG",
BB CREAM 5EM1 CLARO 50ML,INELL,Emb. 0.05 LT,"3,49€","69,80€ / LT",
Amaciador Cabelos Total Repair,ELVIVE,Emb. 0.2 LT,"3,98€","19,90€ / LT",
IOG.BRAS.C/POL.FRU.DELISSE.X16,DÉLISSE,Emb. 2 KG,"3,39€","1,70€ / KG",
Pantene Volume & Brilho Champô 250 ml,,Emb. 0.25 LT,"4,98€","19,92€ / LT",
Limpa Máquinas Roupa,SKIP,Emb. 0.36 KG,"6,49€","18,03€ / KG",
Sumo de Laranja 3x20 cl,UM BONGO,Emb. 0.6 LT,"1,48€","2,47€ / LT",
Conserva de Grão de Bico Cozido,NOTRE JARDIN,Lata 0.85 KG,"0,99€","1,16€ / KG",
IOGURTE BATIDO MORANGO BIO,,,"1,35€",/ Unid.,
Bolachas de Cereais Dinosauros,ARTIACH,Emb. 0.185 KG,"2,08€","11,24€ / KG",
GRANOLA CHOCOLATE PRETO E AMENDOAS,GRAINEA,Emb. 0.35 KG,"2,99€","8,54€ / KG",
Tiras Limpiadoras Purificantes,NIVEA,Emb. 6 P,"7,98€","1,33€ / P",
Bifanas de Porco,,1 Unid. = 0.15 KG (aprox.),"4,89€/kg","0,73€ / Unid.",
MOLHO AGRIDOCE PICANTE,TABLES DU MONDE,Emb. 0.3 KG,"1,85€","6,17€ / KG",
Amendoins Torrados com Sal,TOKAPI,Emb. 0.5 KG,"1,95€","3,90€ / KG",
AGUA MICELAR CLÁSSICA 700ML,GARNIER,,"10,68€",/ Unid.,
Iogurte Líquido Morango 4x155g,DANONE,Emb. 0.62 KG,"1,39€","2,24€ / KG",
Barras Hero De Cereais Muesli Avelã 6x25g,HERO,Emb. 0.15 KG,"1,79€","11,93€ / KG",
Esfregona Suave com Cabo,VILEDA,Emb. 1 UNID.,"7,64€","7,64€ / UNID.",
Aditivo Líquido Protege Cores e Delicados,SKIP,Emb. 3 LT,"5,04€","1,68€ / LT",
Rolo de Cozinha Máxima Absorção 8+4 Unid.,RENOVA,Emb. 1 P,"6,24€","6,24€ / P",
Salsichão Fatiado,EL POZO,Emb. 0.08 KG,"1,94€","24,25€ / KG",
Recarga Ambientador Delicias Verão,AIRWICK,Emb. 0.25 LT,"3,59€","14,36€ / LT",
QUEIJO EDAM LIGHT FATIADO,QUEIJO NA TÁBUA,Emb. 0.15 KG,"1,69€","11,27€ / KG",
Snack Chocolate Leite,LION,Emb. 0.042 KG,"0,98€","23,33€ / KG",
Sortido de 9 Folhas De Lixa,FOXTER,Emb. 9 UNID.,"1,49€","0,17€ / UNID.",
Detergente Máquina Loiça Pastilhas Clássicas,VISIOR,Emb. 40 UNID.,"2,49€","0,06€ / UNID.",
Marcadores de Colorir Laváveis Ponta Média,ESQUISSE,,"2,29€",/ Unid.,
Corn Flakes Biológicos,,Emb. 0.375 KG,"1,19€","3,17€ / KG",
Pimenta Branca Moída,MARGÃO,Emb. 0.04 KG,"2,38€","59,50€ / KG",
Bolachas de Mel,VIEIRA,Emb. 0.3 KG,"2,53€","8,43€ / KG",
Peito de Frango Fatias Finas,CAMPOFRIO,Emb. 0.12 KG,"2,68€","22,33€ / KG",
Polvilho Azedo,GLOBO,Emb. 0.5 KG,"1,99€","3,98€ / KG",
Alimento Húmido P/ Gato Gold Carne de Vaca,GOURMET GOLD,Emb. 0.085 KG,"0,74€","8,71€ / KG",
Chá Menta,LIPTON,Emb. 20 SAQ.,"1,20€","0,06€ / SAQ.",
Creme de Banho Care & Roses,NIVEA,Emb. 0.75 LT,"8,48€","11,31€ / LT",
Preservativos Senso,CONTROL,Emb. 6 UNID.,"3,49€","0,58€ / UNID.",
LIMPA LAREIRA/BARBECUE,SILEX,Emb. 0.75 LT,"2,99€","3,99€ / LT",
Fralda Cueca T6 +16Kg,MOTS D'ENFANTS,Emb. 18 UNID.,"3,99€","0,22€ / UNID.",
Rebuçados de Caramelo de Fruta,CONFISÉO,Emb. 0.36 KG,"1,39€","3,86€ / KG",
Alga Sushi,MIYATA,Emb. 0.014 KG,"2,08€","148,57€ / KG",
Espumante Reserva Meio Seco,RAPOSEIRA,Garrafa 0.75 LT,"8,38€","11,17€ / LT",
Pizza Fiambre e Queijo Ultracongelado,TURINI,Emb. 0.4 KG,"1,99€","4,98€ / KG",
Fiambre da Perna Extra,NOBRE,1 Unid. = 0.11 KG (aprox.),"14,99€/kg","1,65€ / Unid.",
Ganchos Lavanda,RAID,Emb. 2 UNID.,"4,18€","2,09€ / UNID.",
Alimento Húmido P/ Cão Adulto Pequeno Frango e Borrego,PURINA,Emb. 0.4 KG,"3,18€","7,95€ / KG",
Fraldas Bebé Ultra Conforto T6 +16Kg,MOTS D'ENFANTS,Emb. 33 UNID.,"6,99€","0,21€ / UNID.",
Tablete Chocolate Preto Extrafino 74% Cacau Biológico,,Emb. 0.1 KG,"1,59€","15,90€ / KG",
Massa de Alho,RUSTICA,Frasco 0.2 KG,"0,89€","4,45€ / KG",
BLOCO NOTAS ADESIVO 75X75MM 4X100UN,ESQUISSE,Emb. 4 UNID.,"2,99€","0,75€ / UNID.",
Cereais Muesli Cereais Frutos Secos Biológicos,,Emb. 0.375 KG,"2,89€","7,71€ / KG",
"Croquetes Vaca, Legumes e Figado",LYCAT,Emb. 2 KG,"3,99€","2,00€ / KG",
Cápsulas Café Espresso Intensidade 5,DOLCE GUSTO,Emb. 16 CAPS.,"5,98€","0,37€ / CAPS.",
Deo Roll-On Active Protection E Invisible,REXONA,Emb. 0.05 LT,"2,69€","53,80€ / LT",
Maçã Jonagored Cal. 75/80,,1 Unid. = 0.245 KG (aprox.),"1,99€/kg","0,49€ / Unid.",
Forquilha de Jardim,BEAUX JOURS,Emb. 1 UNID.,"6,99€","6,99€ / UNID.",
Crepes com Cogumelos,CÔTÉ TABLE,Emb. 6 UNID.,"1,69€","0,28€ / UNID.",
Whiskey Bourbon 6 Anos,JOHN DAVON'S,Garrafa 0.75 LT,"12,99€","17,32€ / LT",
Pão de Forma Oroweat 12 Cereais,BIMBO,Emb. 0.68 KG,"2,44€","3,59€ / KG",
Alimento Húmido P/ Gato Duplo Prazer Pack 12,GOURMET,Emb. 1.02 KG,"8,78€","8,61€ / KG",
Escalopes de Novilho Embalados,,1 Unid. = 0.5 KG (aprox.),"9,99€/kg","5,00€ / Unid.",
Salsichas Frankfurt,IZIDORO,Lata 0.25 KG,"1,03€","4,12€ / KG",
AFIA INFANTIL C/DEPOSITO,ESQUISSE,Emb. 1 UNID.,"1,29€","1,29€ / UNID.",
BATERIA Nº 16 80/640 80/640 TECH9,TECH9,Emb. 1 UNID.,"99,99€","99,99€ / UNID.",
"CERVEJA HEINEKEN,PACK,24X25CL",HEINEKEN,Emb. 24 UNID.,"12,99€","0,54€ / UNID.",
Cereais de Chocolate,CRUNCH,Emb. 0.375 KG,"2,53€","6,75€ / KG",
PRESUNTO FATIADO 9 MESES CURA,CAMPO FINO,Emb. 0.15 KG,"2,99€","19,93€ / KG",
Rilletes de Mans,TRADILÈGE,Emb. 0.22 KG,"1,99€","9,05€ / KG",
Chá de Camomila e Erva Príncipe,LIPTON,Emb. 20 SAQS,"1,94€","0,10€ / SAQS",
COOKIES COM MEGA PEPITAS CHOCOLATE E AMENDOAS CARAMELIZADAS,P'TIT DÉLI,Emb. 0.184 KG,"1,49€","8,10€ / KG",
PANNA COTTA FRUITS ROUGE 4X90G,DÉLISSE,Emb. 0.36 KG,"1,99€","5,53€ / KG",
DOSSIER A4 LOMBADA 7CM,ESQUISSE,Emb. 1 UNID.,"1,79€","1,79€ / UNID.",
GALETES DE MILHO C/ COBERTURA DE CHOCOLATE LEITE BIO,,Emb. 0.1 KG,"1,79€","17,90€ / KG",
VINAGRE CRISTAL SIDRA 0.5L,CRISTAL,Emb. 0.5 LT,"1,03€","2,06€ / LT",
Ervilhas e Cenouras Muito Finas,NOTRE JARDIN,Emb. 0.4 KG,"1,25€","3,13€ / KG",
Papel Higiénico 2 Folhas Compact,MARQUE REPERE,Emb. 12 UNID.,"4,69€","0,39€ / UNID.",
Detergente Roupa Máquina Cápsulas Lavanda,PERSIL,Emb. 40 DOSES,"11,24€","0,28€ / DOSES",
Alimento Húmido P/ Gato Gold Salmão e Frango,GOURMET,Emb. 0.085 KG,"0,74€","8,71€ / KG",
Iogurte Magro Déli' light Sabor Baunilha 8x125g,DÉLISSE,Emb. 1 KG,"1,99€","1,99€ / KG",
"Néctar Essencial Maça, Banana, Laranja e Ananás 3x110ml",COMPAL,Emb. 0.33 LT,"1,79€","5,42€ / LT",
Maçã Royal Gala Cal. 70/75,,1 Unid. = 0.18 KG (aprox.),"2,19€/kg","0,39€ / Unid.",
"AZEITONA MISTA RETALH,FRAS,210G",,,"1,33€",/ Unid.,
LASANHA QUEIJO CABRA/ESPINAFRES 500G 500G COTE TABLE,CÔTÉ TABLE,Emb. 0.5 KG,"2,39€","4,78€ / KG",
AUSONIA CUECAS INCONTINÊNCIA DISCREET PANTS NR TM 4X8,AUSONIA,,"7,98€",/ Unid.,
Molho Passata Guloso C/Manjericao E Oregãos 210G,GULOSO,Emb. 0.21 KG,"0,78€","3,71€ / KG",
Fritos Tiras de Milho,MATUTANO,Emb. 0.13 KG,"1,64€","12,62€ / KG",
Crackers Salgadas de Sementes Biológicas,,Emb. 0.2 KG,"2,99€","14,95€ / KG",
Linguicinha Porco Preto,SNR,Emb. 0.2 KG,"2,89€","14,45€ / KG",
Croquetes Coelho e Legumes Verdes,TOUS MES AMIS,Emb. 2 KG,"3,99€","2,00€ / KG",
MAQUINA SELAR VACUO,ELSAY,Emb. 1 UNID.,"37,90€","37,90€ / UNID.",
Bacalhau Crescido Islândia,,1 Unid. = 1.3 KG (aprox.),"11,99€/kg","15,59€ / Unid.",
TRAVESSA INOX 35CM,ECO+,Emb. 1 UNID.,"8,99€","8,99€ / UNID.",
Vinho Regional Alentejo Tinto,PORTA DA RAVESSA,Garrafa 0.75 LT,"2,98€","3,97€ / LT",
Conserva Cogumelos Laminados,NOTRE JARDIN,Lata 0.355 KG,"1,09€","3,07€ / KG",
Capucino Chocolate Base de Leite Magro em Pó,PLANTATION,Emb. 10 SAQ.,"1,99€","0,20€ / SAQ.",
Escova Adesivo Têxteis 36 Unid.,MAMISON,Emb. 36 UNID.,"0,99€","0,03€ / UNID.",
PENSOS INCONTINENCIA,CHORYS,Emb. 24 UNID.,"3,68€","0,15€ / UNID.",
COLA GEL 30ML 2UN,ESQUISSE,Emb. 2 UNID.,"2,69€","1,35€ / UNID.",
Alimento Seco P/ Gato C/ Frango Peru,PURINA FRISKIES,Emb. 2 KG,"7,98€","3,99€ / KG",
Biscoitos Areados e Crocantes de Coco,P'TIT DÉLI,Emb. 0.12 KG,"0,79€","6,58€ / KG",
DENIM DEO SPRAY ORIGINAL,DENIM,Emb. 0.15 LT,"2,39€","15,93€ / LT",
"Rolo Removedor Pêlos+Recarga ""Kit Viagem""",SILLAGE,Emb. 1 UNID.,"1,49€","1,49€ / UNID.",
DUREX Lubrificante Play Efeito Calor,DUREX,Emb. 0.05 LT,"7,49€","149,80€ / LT",
Vinho Regional Douro Tinto,QUINTA DA PACHECA,Garrafa 0.75 LT,"6,98€","9,31€ / LT",
Café Cápsulas Classic,PLANTATION,Emb. 36 CAPS.,"2,79€","0,08€ / CAPS.",
Chouriço da Beira Baixa,SNR,Emb. 0.2 KG,"2,29€","11,45€ / KG",
PALETTE 4.6 CASTANHO MARRON,PALETTE,Emb. 1 UNID.,"4,79€","4,79€ / UNID.",
Conserva de Mini Salsichas Cocktail,NOBRE,Lata 0.18 KG,"1,39€","7,72€ / KG",
Conjunto Lápis de Cor,ESQUISSE,,"4,99€",/ Unid.,
GUARDANAPOS RENOVA OLÉ DUPLO 140U,GUARDANAPOS RENOVA,Emb. 140 UNID.,"2,04€","0,01€ / UNID.",
Cápsulas Café Lungo Intensidade 6,DOLCE GUSTO,Emb. 16 CAPS.,"5,98€","0,37€ / CAPS.",
Fiambre da Perna Extra Cuida-T,NOBRE,1 Unid. = 0.12 KG (aprox.),"14,99€/kg","1,80€ / Unid.",
Pudim Flan Caramelo 4x100g,ECO+,Emb. 0.4 KG,"0,74€","1,85€ / KG",
Red Fish Médio Congelado,,1 Unid. = 0.3 KG (aprox.),"3,99€/kg","1,20€ / Unid.",
Conjunto de 6 Chaves,FOXTER,Emb. 6 UNID.,"10,99€","1,83€ / UNID.",
Bolachas de Água e Sal com Azeite e Azeitonas Pack 12,VIEIRA,Emb. 0.192 KG,"3,13€","16,30€ / KG",
Gel de Barbear Peles Sensíveis,GILLETTE,Emb. 0.2 LT,"3,68€","18,40€ / LT",
Tablete de Chocolate Negro,NESTLÉ,Emb. 0.125 KG,"1,98€","15,84€ / KG",
Vinho Tinto,LEZÍRIA,Garrafa 0.75 LT,"1,58€","2,11€ / LT",
Mateus Rosé,MATEUS,Garrafa 0.75 LT,"4,28€","5,71€ / LT",
Pimentão Doce Colorau,MARGÃO,Emb. 0.04 KG,"1,48€","37,00€ / KG",
Pantene Perfect Volume Laca 300ml,PANTENE PV,Spray 0.3 LT,"3,74€","12,47€ / LT",
IOGURTE BIFIDUS NATURAL,DÉLISSE,Emb. 1.5 KG,"2,45€","1,63€ / KG",
Hamburguer Ultracongelado 100% de Vaca Ultracongelado,CHANTEGRIL,Emb. 1 KG,"10,29€","10,29€ / KG",
Azeite Virgem Extra Clássico,GALLO,Garrafa 2 LT,"14,98€","7,49€ / LT",
Azeite,3 CASTELOS,Garrafa 1 LT,"5,14€","5,14€ / LT",
DETERGENTE EM PO FRESCURA P/ROUPA 10D,EPSIL,,"1,59€",/ Unid.,
Paio Extra Porco Preto,SNR,Emb. 0.3 KG,"4,99€","16,63€ / KG",
Chá de Frutos Silvestres,LIPTON,Emb. 20 SAQ.,"1,74€","0,09€ / SAQ.",
Elixir Frescura Duradoura,ORAL B,Emb. 0.5 LT,"4,19€","8,38€ / LT",
KIT Escova De Dentes+Dentífrico+Copo 2-6 Anos Verde,PETIT DENTAMYL,Emb.1 1 UNID.,"2,99€","2,99€ / UNID.",
Pão Cachorro 330g,EPI D'OR,Emb. 6 UNID.,"0,99€","0,17€ / UNID.",
Lentilhas Verdes Secas,NOTRE JARDIN,Emb. 0.5 KG,"1,19€","2,38€ / KG",
Palmiers Folhados,P'TIT DÉLI,Emb. 0.23 KG,"1,49€","6,48€ / KG",
Amaciador de Roupa Azul,COMFORT,Emb. 4 LT,"4,49€","1,12€ / LT",
Hamburguer de Novilho 10 Und. Ultracongelado,,Emb. 1 KG,"7,69€","7,69€ / KG",
BOLA FUTSAL ESPUMA,WOODSUN,Emb. 1 UNID.,"4,99€","4,99€ / UNID.",
Pudim Chocolate,BOCA DOCE,Emb. 0.022 KG,"0,58€","26,36€ / KG",
Loção Corporal Summer Revive Fair,DOVE,Emb. 0.2 LT,"3,99€","19,95€ / LT",
Mostarda Forte de Dijon,RUSTICA,Emb. 0.44 KG,"2,29€","5,20€ / KG",
CABO USB/COMPATIVEL LIGHTNING 2M BRANCO nylon,LINKSTER,Emb. 1 UNID.,"14,90€","14,90€ / UNID.",
PENSOS DIARIOS U. FINOS 30UN,DOULYS,,"0,89€",/ Unid.,
Tablete Chocolate Culinária,NESTLÉ,Emb. 0.2 KG,"1,39€","6,95€ / KG",
CREME DE VINAGRE,RUSTICA,Emb. 0.025 CL,"1,59€","63,60€ / CL",
Queijo Mistura Pequeno,ALAVÃO,Emb. 0.6 KG (aprox.),"9,98€/kg","5,99€ / Unid.",
Bolachas Original,OREO,Emb. 0.22 KG,"1,98€","9,00€ / KG",
Tablete de Chocolate de Leite Biológica,,Emb. 0.1 KG,"1,49€","14,90€ / KG",
Cápsulas Café Ristretto Barista Intensidade 9,DOLCE GUSTO,Emb. 16 CAPS.,"4,79€","0,30€ / CAPS.",
COLORAÇÃO BELLADY PERMANENTE Nº 30 CASTANHO ESCURO,BELLADY,Emb. 1 UNID.,"9,98€","9,98€ / UNID.",
Esparguete,ECO+,Emb. 0.5 KG,"0,79€","1,58€ / KG",
Sidra com Álcool de Maça 15x20cl,SOMERSBY,Emb. 3 LT,"9,94€","3,31€ / LT",
QUEIJO FLAMENGO FATIADO,QUEIJO NA TÁBUA,Emb. 0.5 KG,"3,79€","7,58€ / KG",
"CANETA PRETO 0,7MM",ESQUISSE,Emb. 4 UNID.,"1,59€","0,40€ / UNID.",
Azeitonas Pretas Inteiras,RUSTICA,Emb. 0.225 LT,"1,19€","5,29€ / LT",
Pensos Higiénicos Salvaslips Fresh em Bolsas,EVAX,Emb. 40 UNID.,"2,38€","0,06€ / UNID.",
Noz Moscada Moída C/ Moinho,MARGÃO,Emb. 0.04 KG,"2,48€","62,00€ / KG",
Caderno Capa Preta Pautado A4 60p,ESQUISSE,,"0,99€",/ Unid.,
AUSONIA ORG COTTON NORMAL ABAS,AUSONIA,Emb. 12 UNID.,"2,54€","0,21€ / UNID.",
Refrigerante C/ Gás S/ Cafeína Pack 6,COCA COLA,Emb. 1.98 LT,"4,30€","2,17€ / LT",
6-PACK TOALHITAS BABY MOMENTS,CHICCO,,"6,24€",/ Unid.,
TOALHITAS P/ADULTOS X64,CHORYS,Emb. 64 UNID.,"2,99€","0,05€ / UNID.",
Espumante Bruto,CONTRI,Garrafa 0.75 LT,"2,48€","3,31€ / LT",
Chocolate Nestlé,AFTER EIGHT,Emb. 0.2 KG,"2,34€","11,70€ / KG",
Bolachas Chips de Chocolate Minis,CHIPS AHOY,Emb. 0.16 KG,"1,98€","12,38€ / KG",
Pensos Higiénicos Diários Maxi Aloe,CAREFREE,Emb. 48 UNID.,"4,78€","0,10€ / UNID.",
MOLHO COCKTAIL 253ML,CALVÉ,Emb. 0.253,"2,68€","10,59€ /",
"ATUM FILETE AZEITE BIO, 120G",TENÓRIO,Emb. 0.12 KG,"2,29€","19,08€ / KG",
Piri Piri Moído,MARGÃO,Emb. 0.038 KG,"2,18€","57,37€ / KG",
Cápsulas Café Verona P/ Nespresso,STARBUCKS,Emb. 10 CAPS.,"4,48€","0,45€ / CAPS.",
Pastéis de Bacalhau,,Emb. 12 KG,"1,99€","0,17€ / KG",
LENCOS FACIAIS 3F DECORADO,CARESSE,Emb. 70 UNID.,"1,19€","0,02€ / UNID.",
PANQUECAS,EPI D'OR,,"2,35€",/ Unid.,
Pao De Forma Cerealia 5 Sementes,PANRICO,Emb. 0.435 KG,"2,01€","4,62€ / KG",
BATERIA Nº 10 50/450 50/450 TECH9,TECH9,Emb. 1 UNID.,"56,99€","56,99€ / UNID.",
Toalhitas Peles Sensiveis,CHICCO,Emb. 72 UNID.,"1,49€","0,02€ / UNID.",
BB CREAM 5EM1 MEDIO 50ML,INELL,Emb. 0.05,"3,49€","69,80€ /",
Cereais Flocos C/ Mel,NESTUM,Emb. 0.3 KG,"2,28€","7,60€ / KG",
FILETE ATUM EM ESCABECHE 120 GR,TENÓRIO,Emb. 0.12 KG,"2,29€","19,08€ / KG",
Salsicha Branca com Porto 3x125g,TRADILÈGE,Emb. 0.375 KG,"3,35€","8,93€ / KG",
Alimento Seco P/ Cão Mini Menu Vaca,PURINA FRISKIES,Emb. 1.5 KG,"4,49€","2,99€ / KG",
Vinho Verde Branco Salvé,SALVE,Garrafa 0.75 LT,"1,79€","2,39€ / LT",
Vinho Tinto de Mesa BIB,COMP DO VINHO,Bag in box 10 LT,"10,99€","1,10€ / LT",
Cápsulas Café Ristretto Napoli,DOLCE GUSTO,Emb. 16 CAPS.,"4,79€","0,30€ / CAPS.",
Snack Queijo de Vaca,PRÉSIDENT,Emb. 0.18 KG,"3,28€","18,22€ / KG",
PREPARADO PARA PANQUECAS CONDI 400G,CONDI,Emb. 0.4 KG,"1,99€","4,98€ / KG",
Alimento Seco para Gato Sterilcat Carne Vaca,PURINA ONE,Emb. 1.5 KG,"11,98€","7,99€ / KG",
NATAS FRESCAS ESPESSAS LIGHT,DÉLISSE,Emb. 0.5 LT,"1,79€","3,58€ / LT",
Mortadela com Azeitonas,ELPOZO,1 Unid. = 0.1 KG (aprox.),"6,99€/kg","0,70€ / Unid.",
RODELAS DE PESCADA,ECO+,Emb. 0.8 KG,"5,80€","7,25€ / KG",
Néctar Clássico Laranja,COMPAL,Emb. 1 LT,"1,68€","1,68€ / LT",
Queijo Mozarella,GALBANI,Emb. 0.25,"3,08€","12,32€ /",
Conserva Grão Cozido com pouco Sal,FERBAR,Lata 0.42 KG,"0,95€","2,26€ / KG",
Leite Bem Especial S/ Lactose Infantil Meio Gordo,MIMOSA,Emb. 1 LT,"1,98€","1,98€ / LT",
B&J ND Cookie Dough 465ml,,Emb. 0.465 LT,"6,78€","14,58€ / LT",
Alimento Seco Gato Completo Salmão Legumes,LYCAT,Emb. 0.4 KG,"0,99€","2,48€ / KG",
Maionese Heinz Vidro 480 Ml,HEINZ,Emb. 0.48 LT,"3,74€","7,79€ / LT",
Vinho Branco Frisante,CASTIÇO,Garrafa 0.75 LT,"2,98€","3,97€ / LT",
Autobrilhante Creme Calçado com Esponja,BUFALO,Emb. 0.04 LT,"3,18€","79,50€ / LT",
Pastilha Elástica Senses Rainforest Mint,TRIDENT,Emb. 0.023 KG,"0,94€","40,87€ / KG",
ALIMENTO HUMIDO C/ MOLHO VACA FRANGO LEGUMES P/ CAO 4X100G,TOUS MES AMIS,Emb. 4 UNID.,"1,79€","0,45€ / UNID.",
Concentrado Laranja,SUNQUICK,Garrafa 0.7 LT,"5,78€","8,26€ / LT",
Alimento Húmido Gato Carne de Vaca,TOUS MES AMIS,Emb. 0.1 KG,"0,55€","5,50€ / KG",
Sumo Laranja S/ Adição Açúcar 6 Unid.,JAFADEN,Emb. 1.2 ML,"1,49€","1,24€ / ML",
Néctar Vital Equilíbrio Laranja Cenoura Manga,COMPAL,Emb. 1 LT,"1,68€","1,68€ / LT",
Maionese Vegan sem Glúten,CALVÉ,Emb. 0.27 KG,"4,38€","16,22€ / KG",
Açúcar Branco Cubos,TÉVA,Emb. 1 KG,"1,49€","1,49€ / KG",
IOGURTE NATURAL BIO,,Emb. 0.5 KG,"0,94€","1,88€ / KG",
Vinho Regional Alentejano Tinto,QUINTA DO CARMO,Garrafa 0.75 LT,"16,98€","22,64€ / LT",
After Shave Original Lotion,OLD SPICE,Emb. 0.1 LT,"9,98€","99,80€ / LT",
Alimento Completo Cereais P/ Canários,TOUS MES AMIS,Emb. 1 KG,"3,29€","3,29€ / KG",
Refrigerante C/ Gás Uva,FANTA,Garrafa 1.5 LT,"1,00€","0,67€ / LT",
Massa Espirais Clássica,NACIONAL,Emb. 0.5 KG,"1,58€","3,16€ / KG",
COMPASSO 3PECAS,ESQUISSE,Emb. 1 UNID.,"3,59€","3,59€ / UNID.",
Dentífrico Cuidados Completos 8 em 1,DENTAMYL,Emb. 0.075 LT,"0,95€","12,67€ / LT",
Johnson's Gel de Banho para Bebé Cuidado Completo,JOHNSON'S BABY,Emb. 0.5 LT,"3,89€","7,78€ / LT",
ELIXIR BOCAL,DENTAMYL,Emb. 0.5 LT,"1,29€","2,58€ / LT",
BACALHAU COM ESPINAFRES 350G,CÔTÉ TABLE,Emb. 0.35 KG,"3,19€","9,11€ / KG",
FEIJAO VERMELHO SACO,NOTRE JARDIN,Emb. 1 KG,"1,79€","1,79€ / KG",
Massa Ondas,MILANEZA,Emb. 0.5 KG,"1,85€","3,70€ / KG",
Bolachas com Cobertura Chocolate de Leite,P'TIT DÉLI,Emb. 0.2 KG,"1,29€","6,45€ / KG",
Água sem Gás,MONCHIQUE,Emb. 1.5 LT,"3,98€","2,65€ / LT",
Lápis para Colorir em Caixa de Metal,ESQUISSE,Emb. 18 UNID.,"4,99€","0,28€ / UNID.",
Bolacha Digestiva Coberta com Chocolate de Leite,MC VITIE'S,Emb. 0.2 KG,"2,98€","14,90€ / KG",
B&J Caramel Chew Chew 465ml,,Emb. 0.465 LT,"6,78€","14,58€ / LT",
Tomate Chucha,,1 Unid. = 0.2 KG (aprox.),"2,29€/kg","0,46€ / Unid.",
PREPARADO LACTEO PARA SANDWICH FATIAS,ECO+,Emb. 0.4 KG,"3,09€","7,73€ / KG",
Bife do Acém Vitelão,,1 Unid. = 0.25 KG (aprox.),"9,99€/kg","2,50€ / Unid.",
Sobremesa de Chocolate 6x70g,DÉLISSE,Emb. 0.42 KG,"1,75€","4,17€ / KG",
CARNE DE GALINHA C/ ARROZ E MOLHO DE NATAS,CÔTÉ TABLE,Emb. 0.3 KG,"1,99€","6,63€ / KG",
Molho Samurai,RUSTICA,Emb. 0.252 KG,"1,35€","5,36€ / KG",
GELADO CAFE,ESKISS,Emb. 1 LT,"2,49€","2,49€ / LT",
Macarrão Penne Isento de Glúten,CHAQUE JOUR SANS GLUTEN,Emb. 0.4 KG,"1,49€","3,73€ / KG",
Sumo 100% Multifrutos Biológico,,Emb. 1 LT,"2,09€","2,09€ / LT",
BOLACHAS VITALDAY CROCANTES ORIGINAIS 265G,GULLÓN,Emb. 0.265 KG,"2,28€","8,60€ / KG",
FORMAS DE ALUMINIO BAIXO 1L 10UN,ELEMBAL,Emb. 10 UNID.,"2,99€","0,30€ / UNID.",
Pão De Forma Sem Côdea Familiar,PANRICO,Emb. 0.65 KG,"2,98€","4,58€ / KG",
FEIJÃO PRETO,FERBAR,Emb. 0.5 KG,"1,04€","2,08€ / KG",
Penso Incontinência Discreet Mini,AUSONIA,Emb. 20 UNID.,"3,98€","0,20€ / UNID.",
Papel Higiénico 4 Folhas Creme,RENOVA,Emb. 12 ROLOS,"7,18€","0,60€ / ROLOS",
PURE MACA/AMEIXA SEM ADICAO ACUCAR BIO +4M,,Emb. 0.4 KG,"2,09€","5,23€ / KG",
CAÇAROLA FRITADEIRA INOX COM ASA E CESTO INTERIOR 24CM,ECO+,Emb. 1 UNID.,"13,99€","13,99€ / UNID.",
Tablete Chocolate Preto Culinária,TABLETTE D'OR,Emb. 0.2 KG,"1,65€","8,25€ / KG",
Barras Cereias com Pedaços de Morango Biológicas 6 Unid.,,Emb. 0.125 KG,"1,69€","13,52€ / KG",
DETERGENTE MANUAL LOICA MACA 1L,ECO+,Emb. 1 LT,"0,79€","0,79€ / LT",
TABUA ENCHIDOS,ST AZAY,,"2,49€",/ Unid.,
Croissant Recheio Maxi Creme Cacau,CHIPICAO,Emb. 0.08 KG,"1,23€","15,38€ / KG",
12 Caracóis Preparados Ultracongelados,,Emb. 0.089 KG,"2,99€","33,60€ / KG",
"""QUENELLES"" DE SALMAO C/ MOLHO CAMARAO",CÔTÉ TABLE,Emb. 0.4 KG,"1,79€","4,48€ / KG",
BLOCO 5 TOMADAS C/ INTERRUPTOR,ECO+,Emb. 1 UNID.,"4,99€","4,99€ / UNID.",
GELADO TRIUM PISTACHIO 4UN,TRIUM,Emb. 4 UNID.,"2,45€","0,61€ / UNID.",
Cereais de Chocolate Biológicos,CHOCAPIC,Emb. 0.33 KG,"2,99€","9,06€ / KG",
Condicionador Nourish & Replenish,TRESEMMÉ,Emb. 0.4 LT,"4,79€","11,98€ / LT",
Chá Verde com Sabor a Hortelã e Lima,LIPTON,Emb. 1 LT,"1,28€","1,28€ / LT",
Ovos Solo XL,SNR,Emb. 24 UNID.,"6,59€","0,27€ / UNID.",
Aguardente Bagaceira Portuguesa Marc Brandy,PORTUGUEZA,Emb. 1 LT,"12,48€","12,48€ / LT",
Baked Heinz Beans Com Tomate 415g,HEINZ,Emb. 0.415 KG,"1,79€","4,31€ / KG",
Ração Seca Light Frango P/ Cão,FRISKIES,Emb. 3 KG,"11,68€","3,89€ / KG",
Pantene Micelar Purifica & Revitaliza Champô,,Emb. 0.25 LT,"3,98€","15,92€ / LT",
Filete Afiambrado Mini,CHARCUTARIA,Emb. 0.35 KG,"1,85€","5,29€ / KG",
Café Moído Puro Arábica Biológico,,Emb. 0.25 KG,"3,49€","13,96€ / KG",
Champô Nourish & Replenish com Óleo de Coco e Aloe Vera,TRESEMMÉ,Emb. 0.4 LT,"4,79€","11,98€ / LT",
Chocolate de Leite Confetti,MILKA,Emb. 0.1 KG,"1,68€","16,80€ / KG",
Café Torrado Moído Lote Descafeínado Moagem Universal Intensidade 8,SICAL,Emb. 0.22 KG,"3,24€","14,73€ / KG",
Ambientador Vela Anti-Tabaco,,Emb. 2 UNID.,"5,69€","2,85€ / UNID.",
SNACK BATATA SALGADA S/ GLUTEN,CHAQUE JOUR SANS GLUTEN,Emb. 0.17 KG,"2,15€","12,65€ / KG",
Sabonete Liquido Leite e Azeitona,,Emb. 0.3 LT,"3,78€","12,60€ / LT",
Massa Espirais,MILANEZA,Emb. 0.5 KG,"1,19€","2,38€ / KG",
CARNE PICADA BOVINO BIO,,Emb. 0.4 KG,"5,79€","14,48€ / KG",
Café Solúvel Qualité Filtre,PLANTATION,Frasco 0.2 KG,"3,99€","19,95€ / KG",
VINHO TINTO REGIONAL LISBOA BIB,COMP DO VINHO,,"6,49€",/ Unid.,
Bagas de Goji,MARQUE REPERE,Emb. 0.125 KG,"2,49€","19,92€ / KG",
Lagartos,,Emb. 0.3 KG,"1,49€","4,97€ / KG",
Gel de Duche Nutritivo,DOVE,Emb. 0.75 LT,"4,79€","6,39€ / LT",
Chá de Menta e Eucalipto,LIPTON,Emb. 20 SAQS,"1,94€","0,10€ / SAQS",
Pérolas de Perfume para Roupa Spring,LENOR,Emb. 0.21 KG,"7,69€","36,62€ / KG",
Caramelos de Manteiga e Nata,WERTHER'S,Emb. 0.135 KG,"2,98€","22,07€ / KG",
QUEIJO FRESCO 20% MG,DÉLISSE,Emb. 1 KG,"1,99€","1,99€ / KG",
Salsichão C/ Avelãs,ST AZAY,Emb. 0.25 KG,"2,99€","11,96€ / KG",
Arroz Carolino,COMPTOÍR DU GRAIN,Emb. 1 KG,"0,93€","0,93€ / KG",
Bebida Energética Regular,X-TENSE,Emb. 0.25 LT,"0,49€","1,96€ / LT",
DESODORIZANTE ROLL-ON BIO 50ML,BIONAÏA,Emb. 0.05 LT,"0,99€","19,80€ / LT",
Cogumelo Pleurotus,,Emb. 0.25 KG,"2,19€","8,76€ / KG",
Garoupa Legitima Cal. 1/3,,1 Unid. = 1.5 KG (aprox.),"15,99€/kg","23,99€ / Unid.",
Vitelão para Cozer,,1 Unid. = 0.85 KG (aprox.),"6,99€/kg","5,94€ / Unid.",
PIZZA BOLONHESA 3UN,TURINI,Emb. 1.05 KG,"5,50€","5,24€ / KG",
GELEIA MORANGO 345G,CASA MATEUS,Emb. 0.345 KG,"2,47€","7,16€ / KG",
SUMO 100% UVA BIO,,Emb. 1 LT,"1,59€","1,59€ / LT",
Iogurte Natural,MIMOSA,Emb. 0.48 KG,"1,38€","2,88€ / KG",
Triguilho Biológico,,Emb. 0.5 KG,"1,49€","2,98€ / KG",
FEIJOADA DE CHOCOS,CÔTÉ TABLE,Emb. 0.25 KG,"3,69€","14,76€ / KG",
Chá Marrocos Mint & Spices,LIPTON,Emb. 20 SAQ.,"1,94€","0,10€ / SAQ.",
Desodorizante Roll-On Biorythm 48H,REXONA,Emb. 0.05 LT,"2,39€","47,80€ / LT",
Pensos Diários Slip Normal,AUSONIA,Emb. 40 UNID.,"1,49€","0,04€ / UNID.",
Sementes de Sésamo,MARQUE REPERE,Emb. 0.2 KG,"1,19€","5,95€ / KG",
FIAMBRE PERNA EXTRA LABEL ROUGE 4 FATIAS,TRADILÈGE,Emb. 0.16 KG,"3,09€","19,31€ / KG",
Salpicão Regional do Lombo - PDTO Lamego,,Emb. 0.28 KG,"5,79€","20,68€ / KG",
Caprichos do Mar Ultracongelado,PESCANOVA,Emb. 0.4 KG,"3,58€","8,95€ / KG",
Pão de Forma Especial Torradas sem Côdea,BIMBO,Emb. 0.75 KG,"1,74€","2,32€ / KG",
SOBREMESA STRACCIATTELLA,DÉLISSE,Emb. 0.48 KG,"1,75€","3,65€ / KG",
Pensos Higiénicos Super C/ Abas Eco,UNÍ VERT,Emb. 12 UNID.,"1,45€","0,12€ / UNID.",
Molho Agridoce com Legumes Crocantes,RUSTICA,Frasco 0.4 KG,"1,25€","3,13€ / KG",
Recarga Sabonete Líquido Flores Laranjeira,MANAVA,Emb. 0.25 LT,"0,65€","2,60€ / LT",
Aquafresh Protecção e Caries Branqueadora 2X 75ml,AQUAFRESH,,"5,82€",/ Unid.,
Ficha Programadora Diária,ECO+,Emb. 1 UNID.,"4,99€","4,99€ / UNID.",
"COOKIES DE CHOCOLATE BRANCO, PASSAS E MIRTILOS",P'TIT DÉLI,Emb. 0.2 KG,"1,59€","7,95€ / KG",
Chá Limão e Gengibre,LIPTON,Emb. 20 SAQ.,"1,94€","0,10€ / SAQ.",
GALETES DE MILHO C/ SEMENTES DE LINHACA BIO,,Emb. 0.15 KG,"1,29€","8,60€ / KG",
Lombinhos de Porco Embalados,,Emb. 0.5 KG (aprox.),"6,99€/kg","3,50€ / Unid.",
Whisky Bourbon Jack Daniels,JACK DANIEL'S,Garrafa 0.7 LT,"23,98€","34,26€ / LT",
PEDACOS BOVINO/FRANGO/LEGUMES P/ GATO 415G ECO+,ECO+,Emb. 0.415 KG,"0,65€","1,57€ / KG",
Desodorizante Active Fresh Spray,VASELINE,Emb. 0.25 LT,"2,19€","8,76€ / LT",
Miolo de Amendoim C/ Sal,MARQUE REPERE,Emb. 0.5 KG,"2,99€","5,98€ / KG",
Café Solúvel Seleção Premium Intensidade 6,NESCAFÉ,Frasco 0.1 KG,"5,68€","56,80€ / KG",
Bolachas de Cacau Recheadas C/ Creme Baunilha,P'TIT DÉLI,Emb. 0.176 KG,"0,99€","5,63€ / KG",
Ketchup,CALVÉ,Emb. 0.84 KG,"4,78€","5,69€ / KG",
Snack P/ Cão Médio/Grande +10kg,FRISKIES,Emb. 7 UNID.,"2,98€","0,43€ / UNID.",
Creme Barbear Classic,PALMOLIVE,Emb. 0.1 LT,"3,48€","34,80€ / LT",
Vinho Regional Península de Setúbal Branco,FONTANARIO,Garrafa 0.75 LT,"2,68€","3,57€ / LT",
Destop Turbo Gel,DESTOP,Emb. 1   UNID.,"6,74€","6,74€ /   UNID.",
FILETES DE PESCADA,PÊCHE OCÉAN,Emb. 0.4 KG,"3,49€","8,73€ / KG",
BOLACHAS TOSTADAS GULLON 4X200GR,GULLÓN,Emb. 0.2 KG,"2,78€","13,90€ / KG",
Amaciador Roupa Concentrado Intense Care Sensitive,COMFORT,Emb. 60 DOSES,"3,99€","0,07€ / DOSES",
BEBIDA SOJA BAUNILHA 3x250ML,ALPRO,Emb. 0.75 LT,"1,79€","2,39€ / LT",
Queijo Fundido para Hamburger 10 Fatias,LES CROISÉS,Emb. 0.2 KG,"1,79€","8,95€ / KG",
ALHO FRANCÊS RONDELLE,NOTRE JARDIN,Emb. 1 KG,"1,54€","1,54€ / KG",
Café Delta Em Grão Torrado Chávena,DELTA,Emb. 0.25 KG,"2,29€","9,16€ / KG",
MENU COMPLETO PARA HAMSTERS 800G,P'TIT AMI,Emb. 0.8 KG,"1,99€","2,49€ / KG",
Detergente para a Máquina da Loiça de Limão,SUN,Emb. 90 DOSES,"12,34€","0,14€ / DOSES",
Pantene Caracóis Perfeitos Champô 3 Em 1,PANTENE,Emb. 0.3 LT,"3,89€","12,97€ / LT",
APARADOR MULTIFUNCOES,ELSAY,Emb. 1 UNID.,"16,90€","16,90€ / UNID.",
Queijo Flamengo Barra,GRESSO,1 Unid. = 0.15 KG (aprox.),"8,99€/kg","1,35€ / Unid.",
Nata com 3 Pimentas,PARMALAT,Emb. 0.2 LT,"1,26€","6,30€ / LT",
Costeletas de Vitelão,,1 Unid. = 0.2 KG (aprox.),"6,99€/kg","1,40€ / Unid.",
Brandy,CONSTANTINO,Garrafa 0.7 LT,"9,48€","13,54€ / LT",
FIAMBRE PERNA EXTRA C/ COURATO 4 FATIAS,TRADILÈGE,Emb. 0.16 KG,"2,59€","16,19€ / KG",
Conserva de Tomate Triturado,TURINI,Lata 0.78 KG,"0,89€","1,14€ / KG",
Tablete de Chocolate C/ Amendoim,NESTLÉ,Emb. 0.09 KG,"1,09€","12,11€ / KG",
Açúcar em Pó 100 saquetas,TÉVA,Emb. 0.5 KG,"2,45€","4,90€ / KG",
Queijo Curado Meio Gordo 5 Estrelas,LACTO SERRA,1 Unid. = 1 KG (aprox.),"10,99€/kg","10,99€ / Unid.",
Corn Flakes Açucarados,,Emb. 0.75 KG,"2,45€","3,27€ / KG",
MIGAS PALOCO PACIFICO DESFIADO SALGADO SEMI SECO,ECO+,Emb. 0.4 KG,"3,99€","9,98€ / KG",
Cerveja sem Álcool 6x33CL,SUPER BOCK,Emb. 1.98 LT,"4,49€","2,27€ / LT",
Champô Anti-Caspa Eficácia Ativa 2 em 1 para Todos os Tipos de Cabelo,LINIC,Emb. 0.36 LT,"4,94€","13,72€ / LT",
"LASANHA A BOLONHESA COM AZEITE VIRGEM EXTRA (1,7%)",CÔTÉ TABLE,Emb. 0.35 KG,"2,19€","6,26€ / KG",
Azeite Virgem Extra Reserva,GALLO,Garrafa 0.75 LT,"4,79€","6,39€ / LT",
Snack de Alho Frito com Sabor a Pimento Picante,DORITOS,Emb. 0.15 KG,"1,64€","10,93€ / KG",
Perna para Assar de Porco,,1 Unid. = 1 KG (aprox.),"4,49€/kg","4,49€ / Unid.",
Barra de Cereais com Chocolate Preto e Amendoim,ECO+,Emb. 6 UNID.,"1,09€","0,18€ / UNID.",
TIRA NÓDOAS COLOUR PÓ,A+,Emb. 0.99 KG,"5,99€","6,05€ / KG",
Iogurte Bifidus Líquido Lima Limão 0% 4 Unid.,DANONE,Emb. 0.62 KG,"1,99€","3,21€ / KG",
Rolo de Cozinha Jumbo,SCOTTEX,Rolo 1 P,"4,48€","4,48€ / P",
Cereais Special K Frutos Vermelhos,KELLOGG'S,Emb. 0.3 KG,"2,59€","8,63€ / KG",
Bolachas com Sal Crackers,DU BOIS DE LA ROCHE,Emb. 0.5 KG,"3,08€","6,16€ / KG",
Bolacha Sortida Vegan Chocolate Negro Princesa,THINS,Emb. 0.2 KG,"2,45€","12,25€ / KG",
Bebida Energética,BURN,Emb. 0.5 LT,"1,09€","2,18€ / LT",
Café Cápsulas Qonvictus Intensidade 5,DELTA,Emb. 10 CAPS.,"2,99€","0,30€ / CAPS.",
Milho Doce Embalado,,1 Unid. = 0.4 KG  (aprox.),"1,98€/kg","0,79€ / Unid.",
Tablete de Chocolate Bolacha,MILKA,Emb. 0.3 KG,"3,98€","13,27€ / KG",
Nuggets Peito de Frango Ultracongelado,CAPITÃO IGLO,Emb. 0.208 KG,"5,98€","28,75€ / KG",
Massa Pevide,MILANEZA,Emb. 0.25 KG,"0,84€","3,36€ / KG",
Moscatel,FAVAIOS,Garrafa 0.75 LT,"5,59€","7,45€ / LT",
Alimento P/ Cão Adulto Pequeno P/ Controlo do Peso,PURINA,Emb. 0.8 KG,"5,68€","7,10€ / KG",
Barras Cereais Crunchy Caramel 6 Unid.,,Emb. 0.141 KG,"2,33€","16,52€ / KG",
SALSA E ALHO PICADO,RUSTICA,Emb. 0.25 KG,"2,45€","9,80€ / KG",
Batatas Fritas Artesanais,POM'LISSE,Emb. 0.18 KG,"0,99€","5,50€ / KG",
Sobremesa de Soja Chocolate 4 Unid.,NAT&VIE,Emb. 0.4 KG,"1,49€","3,73€ / KG",
Papel Vegetal 8 metros,VILEDA,Emb. 1 UNID.,"2,98€","2,98€ / UNID.",
Amêndoa em Pó,TABLIER BLANC,Emb. 0.125 KG,"2,19€","17,52€ / KG",
"BL1 LED FILA ESFERA R 2,1W-25W E27",FOXTER,Emb. 1 UNID.,"2,99€","2,99€ / UNID.",
Alimento Seco P/ Cão Adulto + de 10 Kg Frango C/ Arroz,PURINA,Emb. 2.5 KG,"13,98€","5,59€ / KG",
"AMBIENTADOR MECHA ""LAVANDA"" 375ML",BIEN AIR,Emb. 0.375 LT,"1,55€","4,13€ / LT",
Coco Ralado,FERBAR,Emb. 0.2 KG,"2,18€","10,90€ / KG",
CROQUETES GATINHO PREMIUM 450G LYCAT,PLENIMA,Emb. 0.45 KG,"1,59€","3,53€ / KG",
Tomate em Pedaços Manjerição e Orégãos,GULOSO,Emb. 0.392 KG,"2,28€","5,82€ / KG",
Bebida de Soja Original,SHOYCE,Emb. 1 LT,"1,68€","1,68€ / LT",
"Bolachas gérmen de Trigo, Soja e Figo",NAT&VIE,Emb. 0.2 KG,"1,69€","8,45€ / KG",
Infusão de Frutos Vermelhos,LIPTON,Emb. 0.032 KG,"0,90€","28,13€ / KG",
Néctar Light Manga e Laranja,COMPAL,Emb. 1 LT,"1,68€","1,68€ / LT",
Vinagre Balsâmico de Modena,GALLO,Emb. 0.5 LT,"2,99€","5,98€ / LT",
Pêra Rocha Cal. 65/70,,1 Unid. = 0.2 KG (aprox.),"1,69€/kg","0,34€ / Unid.",
PERSIL LAVANDA GEL,PERSIL,Emb. 50 DOSES,"9,99€","0,20€ / DOSES",
Bolacha Gullon Vitalday Crocant Fruta 300g,GULLÓN,Emb. 0.3 KG,"2,28€","7,60€ / KG",
Esparguete Fino Clássica,NACIONAL,Emb. 0.5 KG,"1,98€","3,96€ / KG",
FRESHMATIC COM RECARGA PURE FLOR DE CEREJEIRA,AIRWICK,Emb. 1 UNID.,"7,19€","7,19€ / UNID.",
Massa Margaridas com Vegetais,MILANEZA,Emb. 0.5 KG,"1,98€","3,96€ / KG",
Café Solúvel Puro Colombia Suave,NESCAFÉ,Emb. 0.1 KG,"6,38€","63,80€ / KG",
FARINHA ARROZ INTEGRAL,,,"2,15€",/ Unid.,
Queijo Emental Francês,PRÉSIDENT,Emb. 0.25 KG,"4,28€","17,12€ / KG",
Miolo de Amêndoa S/ Pele,MARQUE REPERE,Emb. 0.225 KG,"3,59€","15,96€ / KG",
Noz Moscada C/ Moinho,MARGÃO,Emb. 0.03 KG,"3,98€","132,67€ / KG",
Massa Entrefina,,Emb. 0.5 KG,"0,69€","1,38€ / KG",
Feijocas 3X200G,NOTRE JARDIN,Emb. 0.6 KG,"1,69€","2,82€ / KG",
Vinho do Porto Lágrima,RAMOS PINTO,Emb. 0.75 LT,"10,18€","13,57€ / LT",
Amêndoa Laminada,TABLIER BLANC,Emb. 0.125 KG,"2,39€","19,12€ / KG",
Tenaz Barbecue,BEAUX JOURS,Emb. 1 UNID.,"5,99€","5,99€ / UNID.",
Madalenas Longas Recheadas com Chocolate 8 Unidades,P'TIT DÉLI,Emb. 0.24 KG,"2,19€","9,13€ / KG",
PUDIM +PROTEINA CARAMELO,EHRMANN,Emb. 0.2 KG,"1,79€","8,95€ / KG",
Ketchup 473G,CALVÉ,Emb. 0.473 KG,"3,58€","7,57€ / KG",
Ambientador Eléctrico Aparelho Cider,GLADE,Emb. 0.02 LT,"5,99€","299,50€ / LT",
PIZZA BOLOGNA TURINI,TURINI,Emb. 0.4 KG,"2,05€","5,13€ / KG",
Abacaxi Sweet Gold,,1 Unid. = 1.78 KG (aprox.),"1,28€/kg","2,28€ / Unid.",
PENSOS INCONTINENCIA ANATOMICOS X 20 + 2 CUECAS DE MALHA,CHORYS,Emb. 20 UNID.,"8,49€","0,42€ / UNID.",
Café Solúvel C/ Bebida Amêndoa Vegan,NESCAFE GOLD,Emb. 0.096 KG,"3,68€","38,33€ / KG",
Champô Seco Fresh&Clean,TRESEMMÉ,Emb. 0.25 LT,"5,39€","21,56€ / LT",
Gomas Crocodil,COPAÍNS COPINES,Emb. 0.3 KG,"1,34€","4,47€ / KG",
Café Solúvel Clássico Creme,NESCAFÉ,Frasco 0.1 KG,"3,98€","39,80€ / KG",
BOLACHAS C/ PEPITAS CHOC PRETO E QUINOA BIO,,Emb. 0.16 KG,"1,89€","11,81€ / KG",
Vinagre Vinho Branco,GALLO,Garrafa 0.25 LT,"1,09€","4,36€ / LT",
PALETTE 8.2 LOURO BEGE,PALETTE,Emb. 1 UNID.,"4,79€","4,79€ / UNID.",
Manjericão,RUSTICA,Frasco 0.012 KG,"0,79€","65,83€ / KG",
Batom Corretivo 002,RIMMEL,Emb. 1 UNID.,"8,48€","8,48€ / UNID.",
Pensos Incontinência Discreet Maxi Night,AUSONIA,Emb. 12 LT,"7,98€","0,67€ / LT",
Conserva de Verde Extra Fino,NOTRE JARDIN,Lata 0.44 KG,"2,09€","4,75€ / KG",
A+ARIEL OPTIMAL LIQ 4X2.8L/56SC/PT,A+,,"8,99€",/ Unid.,
TERRA SEMENTEIRA E ESTAQUIA BIO 20L,BEAUX JOURS,Emb. 20 LT,"2,99€","0,15€ / LT",
Bolachas Digestivas Chocolate,TRIUNFO,Emb. 0.195 KG,"1,98€","10,15€ / KG",
Bigburger de Peito de Frango 2 Unid.,IGLO,Emb. 0.227 KG,"3,98€","17,53€ / KG",
Panaché,FALSBOURG,Lata 2.5 LT,"2,99€","1,20€ / LT",
Doseador Delicious Sweet Taste,CANDEREL,Emb. 1 P,"1,49€","1,49€ / P",
MASCARA CABELOS ARGAO/JASMIM ING.NATURAIS 300ML,NATEIS,Emb. 0.3 LT,"1,34€","4,47€ / LT",
Batatas Fritas HOT DOG,RUFFLES,Emb. 0.13 KG,"1,88€","14,46€ / KG",
ESTENDAL HORIZONTAL SEMI-AUTOMATICO,HOMESIDE,Emb. 1 UNID.,"35,99€","35,99€ / UNID.",
"Refrigerante com Gás Laranja Lata 6x0,33L",SUMOL,Emb. 1.98 LT,"4,38€","2,21€ / LT",
Cavala Cal. 2/3,,1 Unid. = 0.31 KG (aprox.),"4,98€/kg","1,54€ / Unid.",
SABONETE VEGETAL C/LEITE DE BURRA BIO,BIONAÏA,Emb. 0.1 KG,"1,55€","15,50€ / KG",
Limpa Vidros Cristal Recarga,AJAX,Emb. 0.5 LT,"2,98€","5,96€ / LT",
Desodorizante Spray Pedra Alumen,MANAVA,Emb. 0.2 LT,"1,34€","6,70€ / LT",
Batatas Fritas no Forno Receita Camponesa,LAY'S,Emb. 0.13 KG,"2,18€","16,77€ / KG",
Café Pastilhas Lote Chávena,DELTA,Emb. 16 PAST.,"3,48€","0,22€ / PAST.",
Carapau Médio Congelado,,1 Unid. = 0.15 KG (aprox.),"14,99€/kg","2,25€ / Unid.",
Máscara Ultra Suave Azeitona Mítica,GARNIER,Emb. 0.3 LT,"6,78€","22,60€ / LT",
Azeite Virgem Extra Dop,ROSMANINHO,Garrafão 5 LT,"24,79€","4,96€ / LT",
GUACAMOLE,PIC'EXPRESS,Emb. 0.2 KG,"2,49€","12,45€ / KG",
LENCOS FACIAIS 3F ECO,UNÍ VERT,Emb. 100 UNID.,"1,49€","0,01€ / UNID.",
Bolachas de Manteiga em Saquetas 12x3Unid.,P'TIT DÉLI,Emb. 0.3 KG,"2,45€","8,17€ / KG",
Sangria,FESTALIE,Emb. 3 LT,"4,99€","1,66€ / LT",
LIMPA VIDROS ECOLOGICO 750ML UNI VERT,UNÍ VERT,Emb. 0.75 LT,"1,29€","1,72€ / LT",
Caldo de Legumes,KNORR,Emb. 0.088 KG,"1,39€","15,80€ / KG",
PURE MACA/ALPERCE SEM ADICAO ACUCAR BIO +4M,,Emb. 0.4 KG,"2,09€","5,23€ / KG",
Queijo Mistura,PAIVA,1 Unid. = 1.2 KG (aprox.),"8,99€/kg","10,79€ / Unid.",
Polpa de Tomate da Horta 3x210ml,COMPAL,Emb. 0.63 LT,"1,68€","2,67€ / LT",
Vinho do Porto Velhotes White,CALEM,Garrafa 0.75 LT,"4,99€","6,65€ / LT",
CONE COCO 6UN,TRIUM,Emb. 6 UNID.,"2,49€","0,42€ / UNID.",
Frango para Churrasco Embalado,,Emb. 0.9 KG (aprox.),"3,49€/kg","3,14€ / Unid.",
Tablete de Chocolate com Avelãs 3x100g,TABLETTE D'OR,Emb. 0.3 KG,"2,89€","9,63€ / KG",
Ovos Solo L,SNR,Emb. 24 UNID.,"5,29€","0,22€ / UNID.",
Iogurte Líquido DanUp Melão Melancia 4x155g,DANONE,Emb. 0.62 KG,"1,69€","2,73€ / KG",
Bretzel,,1 Unid. = 0.09 KG,"0,60€","6,67€ / KG",
Pantene Liso & Sedoso Champô,,Emb. 0.1 LT,"9,98€","99,80€ / LT",
Muesli C/ Nozes,GRAINEA,Emb. 0.5 KG,"2,89€","5,78€ / KG",
ALIMENT BEBE: ESPARGUETE BOLONHESA BIO 12M,BIO VILLAGE BEBE,Emb. 0.23 KG,"1,99€","8,65€ / KG",
CARVAO VEGETAL 3KG MARCA GUIA,,Emb. 3 KG,"3,79€","1,26€ / KG",
GELADO MENTA C/ PEDACOS CHOCOLATE,ESKISS,Emb. 1 LT,"1,99€","1,99€ / LT",
BALDE PLASTICO REDONDO 12L + ESPREMEDOR,,Emb. 1 UNID.,"3,19€","3,19€ / UNID.",
Nata UHT Carbonara,PARMALAT,Emb. 0.2 LT,"1,26€","6,30€ / LT",
SPRAY IMPERMEABILIZANTE INCOLOR 250ML,LA VACHETTE,Emb. 0.25 LT,"1,99€","7,96€ / LT",
Verniz de Unhas 60 Segundos 740,RIMMEL,Emb. 1 UNID.,"5,58€","5,58€ / UNID.",
Desodorizante Vaporizador Heartbeat,B.U.,Emb. 0.15 LT,"3,09€","20,60€ / LT",
Biscoitos Multi Cereais,P'TIT DÉLI,Emb. 0.4 KG,"2,09€","5,23€ / KG",
Snacks Futebolas,CHEETOS,Emb. 0.13 KG,"1,64€","12,62€ / KG",
CREME SABOR CARAMELO,DÉLISSE,Emb. 0.4 KG,"2,39€","5,98€ / KG",
Desinfectante de Roupa,SKIP,Emb. 1.2 LT,"4,99€","4,16€ / LT",
Leite Fresco Gordo,VIGOR,Emb. 1 LT,"1,08€","1,08€ / LT",
LUVAS JARDINAGEM S ROSA,BEAUX JOURS,Emb. 1 UNID.,"1,89€","1,89€ / UNID.",
CONES DE MILHO,TOKAPI,Emb. 0.085 KG,"0,84€","9,88€ / KG",
Vinho Regional Península de Setúbal Tinto,SERRAS DE AZEITÃO,Garrafa 0.75 LT,"2,64€","3,52€ / LT",
BALDE DE AZEITONAS VERDES,RUSTICA,Emb. 3.5 KG,"6,99€","2,00€ / KG",
Whisky Blended,SHIP CHANDLER,Emb. 0.07 L,"7,99€","114,14€ / L",
Salsichão de Cervelas de Porco,TRADILÈGE,Emb. 0.3 KG,"2,49€","8,30€ / KG",
"CARREGADOR USB 2,4A + CABO USB/ COMPATIVEL LIGHTNING 1,2M BRANCO",LINKSTER,Emb. 1 UNID.,"17,90€","17,90€ / UNID.",
Queijo Fundido 16 Porções,A VACA QUE RI,Emb. 0.28 KG,"3,67€","13,11€ / KG",
Antitranspirante Maximum Protection Confidence,REXONA,Emb. 0.045 LT,"4,79€","106,44€ / LT",
Manteiga com Sal,NOVA AÇORES,Emb. 0.25 KG,"2,28€","9,12€ / KG",
Pantene Purifica & Reconstrói Máscara 160 ml,,Emb. 0.16 LT,"4,49€","28,06€ / LT",
GOMAS TIJOLOS BRANCOS,COPAÍNS COPINES,Emb. 0.2,"0,99€","4,95€ /",
TESOURA PODA DE GALHOS JARDIPRO,BEAUX JOURS,Emb. 1 UNID.,"11,90€","11,90€ / UNID.",
Desodorizante Deo Invisible,DOVE,Emb. 0.05 LT,"2,69€","53,80€ / LT",
Croissant Recheado de Ovo,,1 UNID.,"0,89€","0,89€ / UNID.",
Máquinas de Depilar Descartáveis Venus 3,GILLETTE,Emb. 6 UNID.,"5,98€","1,00€ / UNID.",
Massa Cotovelinhos,TURINI,Emb. 0.5 KG,"0,89€","1,78€ / KG",
Queijo de Cabra Rústico Saloio,PALHAIS DE PORTUGAL,1 Unid. = 0.25 KG (aprox.),"18,99€/kg","4,75€ / Unid.",
Bolachas com Creme Nocilla e Cereais,CUÉTARA,Emb. 0.175 KG,"2,14€","12,23€ / KG",
Vinho Tinto,M.J.FREITAS,Bag in Box 5 LT,"7,99€","1,60€ / LT",
Refrigerante C/ Gás Laranja S/ Adição Açúcar,FANTA,Garrafa 1.5 LT,"1,00€","0,67€ / LT",
MINI CANETA CORRETORA 3UN,ESQUISSE,Emb. 3 UNID.,"2,99€","1,00€ / UNID.",
Refrigerante Mini C/ Gás Zero Cafeína Zero Açúcar Pack 12,COCA COLA ZERO,Emb. 1.8 LT,"5,63€","3,13€ / LT",
PELE CAMURCA 28 DM2,TECH9,Emb. 1 UNID.,"9,89€","9,89€ / UNID.",
Vinho Regional Bairrada Tinto,MARQUES DE MARIALVA,Garrafa 0.75 LT,"24,98€","33,31€ / LT",
Desodorizante Dove Roll-On Fresh Touch,DOVE,Emb. 0.05 LT,"2,69€","53,80€ / LT",
Bolachas Mini Cookies Tradicionais,NACIONAL,Emb. 0.12 KG,"1,44€","12,00€ / KG",
Mirtilo,,Emb. 0.125 KG,"1,99€","15,92€ / KG",
Peixe Espada Preto Posta,,1 Unid. = 0.27 KG (aprox.),"8,59€/kg","2,32€ / Unid.",
"BOLACHAS ""GENOISES"" PERA",P'TIT DÉLI,Emb. 0.15 KG,"1,19€","7,93€ / KG",
Drageias de Amendoins C/ Chocolate de Leite,MARQUE REPERE,Emb. 0.3 KG,"1,79€","5,97€ / KG",
MOLHO DE TOMATE PROVENCAL,TURINI,Emb. 0.19 KG,"0,89€","4,68€ / KG",
Vinho Regional Tejo Meio Seco Rosé,LEZÍRIA,Garrafa 0.75 LT,"1,58€","2,11€ / LT",
Assar de Novilho,,1 Unid. = 0.87 KG (aprox.),"7,99€/kg","6,95€ / Unid.",
Cereais Bolacha Maria,NESTUM,Emb. 0.25 KG,"2,18€","8,72€ / KG",
Batatas Fritas Biológicas 6x30g,,Emb. 0.18 KG,"2,89€","16,06€ / KG",
Chá de Hortelã Pimenta e Poejo,,Emb. 25 SAQ.,"0,79€","0,03€ / SAQ.",
APERITIVO SABOR A AMENDOIM,TOKAPI,Emb. 0.16 KG,"1,19€","7,44€ / KG",
Pantene Frizz Control & Luminosidade Champô 250 ml,PANTENE PV,Emb. 0.25 LT,"4,98€","19,92€ / LT",
Secretos de Porco Preto,,1 Unid. = 0.5 KG  (aprox.),"24,80€/kg","12,40€ / Unid.",
Água sem Gás,SERRA DA ESTRELA,Garrafão 6 LT,"1,78€","0,30€ / LT",
Vinho Rosé,COMP DO VINHO,Garrafa 0.75 LT,"2,19€","2,92€ / LT",
Whisky 12 Anos,CHIVAS REGAL,Garrafa 0.7 LT,"32,98€","47,11€ / LT",
CREME DE OVOS SABOR CARAMELO,DÉLISSE,Emb. 0.4 KG,"2,19€","5,48€ / KG",
Pão De Forma Cerealia 100% Integral,PANRICO,Emb. 0.385 KG,"2,01€","5,22€ / KG",
Bolachas Recheadas Creme de Chocolate,,Emb. 0.24 KG,"0,99€","4,13€ / KG",
Alimento Húmido P/ Gato Frango e Cenoura,GOURMET GOLD,Emb. 0.085 KG,"0,74€","8,71€ / KG",
Chave Inglesa 200Mm,FOXTER,Emb. 1 UNID.,"6,99€","6,99€ / UNID.",
Queijo Ralado 4 Queijos,PRÉSIDENT,Emb. 0.15 KG,"2,54€","16,93€ / KG",
"Café Solúvel Cevada, Chicória e Centeio",BRASA,Frasco 0.2 KG,"2,78€","13,90€ / KG",
Néctar Clássico Ameixa,COMPAL,Emb. 1 LT,"1,68€","1,68€ / LT",
GEL ALOE VERA BIO 200ML,BIONAÏA,Emb. 0.2 LT,"2,99€","14,95€ / LT",
Lava Tudo Brilhante Universal,SONASOL,Emb. 1.1 LT,"2,79€","2,54€ / LT",
Aperitivo Krit Krititas,CUÉTARA,Emb. 0.35 KG,"2,68€","7,66€ / KG",
"MINAS P/LAPISEIRA HB 0,5MM 2UN",ESQUISSE,Emb. 2 UNID.,"0,99€","0,50€ / UNID.",
Champô Cabelo Criança Alperce e Flor de Algodão,ULTRA SUAVE,Emb. 0.25 LT,"3,58€","14,32€ / LT",
Gengibre moído,MARGÃO,Emb. 0.022 KG,"1,28€","58,18€ / KG",
Gelatina Light Limão,ROYAL,Emb. 0.031 KG,"2,08€","67,10€ / KG",
Creme Repara & Cuida Intensivo para Pele Extra Seca,NIVEA BODY,Emb. 0.3 LT,"6,89€","22,97€ / LT",
Gelado Coco Choco Parfait Les Dessertss,CARTE D'OR,Emb. 0.9 LT,"3,29€","3,66€ / LT",
Toalhitas Dermo 40,LINDOR,Emb. 40 UNID.,"4,48€","0,11€ / UNID.",
Néctar Vital Equilíbrio Frutos Vermelhos,COMPAL,Emb. 0.33 LT,"0,83€","2,52€ / LT",
Snack P/ Gato Crispies C/ Sabor a Frango e Carne de Vaca,FELIX,Emb. 0.45 KG,"1,88€","4,18€ / KG",
Pá Lixo,SILLAGE,Emb. 1 UNID.,"1,29€","1,29€ / UNID.",
PENSOS DIARIOS LONGOS,CHORYS,Emb. 24 UNID.,"1,59€","0,07€ / UNID.",
Pancetta Fatias,ST AZAY,Emb. 0.1 KG,"2,49€","24,90€ / KG",
SUN Tabs Classic Limão,,Emb. 32 DOSES,"3,49€","0,11€ / DOSES",
Conserva de Polvo com Alho,PITEU,Emb. 0.12 KG,"1,89€","15,75€ / KG",
Massa Farfalle Biológica,,Emb. 0.5 KG,"1,29€","2,58€ / KG",
Meloa Cantalupe,,1 Unid. = 1.34 KG (aprox.),"2,99€/kg","4,01€ / Unid.",
Pão Integral,,1 Unid. = 0.4 KG,"0,89€","2,23€ / KG",
Vela Fragrância de Baunilha,AIR WICK,Emb. 0.32 KG,"2,84€","8,88€ / KG",
QUEIJO MOZZARELLA RALADO 22% MG,LES CROISÉS,Emb. 0.15 KG,"1,39€","9,27€ / KG",
Bolachas Choco Minis,MILKA,Emb. 0.185 KG,"2,48€","13,41€ / KG",
Salsichas Estrasburgo 10 Unid.,TRADILÈGE,Emb. 0.35 KG,"1,99€","5,69€ / KG",
Refrigerante sem Gás Maçã,JOI,Garrafa 1.5 LT,"1,04€","0,69€ / LT",
CAFE EQUILIBRIO PASTILHAS BIO 18UN,,Emb. 0.125 KG,"1,99€","15,92€ / KG",
Café Cápsulas Cioccolato,PLANTATION,Emb. 16 CAPS.,"2,44€","0,15€ / CAPS.",
Detergente Loiça Manual Espuma Ativa,FAIRY,Emb. 0.375 LT,"3,88€","10,35€ / LT",
Desodorizante Roll-on Dermacare,VASELINE,Emb. 0.05 LT,"2,09€","41,80€ / LT",
MINI BOLA FUTEBOL T2,WOODSUN,Emb. 2 UNID.,"3,99€","2,00€ / UNID.",
Sabonetes Solidos Leite e Mel 4 Unid.,PALMOLIVE,Emb. 0.09 KG,"3,44€","38,22€ / KG",
Fiambre da Perna,CAMPO FINO,1 Unid. = 0.12 KG (aprox.),"7,98€/kg","0,96€ / Unid.",
Tablete Chocolate 70% Cacau Culinária,PANTAGRUEL,Emb. 0.2 KG,"2,83€","14,15€ / KG",
Licor Bailey´s,BAILEY'S,Garrafa 0.7 LT,"13,59€","19,41€ / LT",
Massa Vinha D\'Alho,RUSTICA,Frasco 0.2 KG,"0,89€","4,45€ / KG",
Caras de Bacalhau,,1 Unid. = 0.5 KG (aprox.),"5,99€/kg","3,00€ / Unid.",
Leite com Chocolate 6x25 cl,UCAL,Emb. 1.5 LT,"4,79€","3,19€ / LT",
Perninha de Peru,,1 Unid. = 0.86 KG (aprox.),"2,69€/kg","2,31€ / Unid.",
CONCHAS DE VIEIRA 4UN,CÔTÉ TABLE,Emb. 0.36 KG,"5,15€","14,31€ / KG",
Salmão Posta,,1 Unid. = 0.25 KG (aprox.),"10,99€/kg","2,75€ / Unid.",
Mousse Caramelo 4 Unid.,DÉLISSE,Emb. 0.24 KG,"1,85€","7,71€ / KG",
Tempero em Pó de Galinha,KNORR,Emb. 0.135 KG,"2,59€","19,19€ / KG",
Old Spice Restart shower gel,OLD SPICE,Emb. 0.4 LT,"4,98€","12,45€ / LT",
CERA CREME CASTANHA 75ML,LA VACHETTE,Emb. 0.075 LT,"2,15€","28,67€ / LT",
AMBIENTADOR FRESHMATIC COM RECARGA LIFE SCENTS OÁSIS TURQUESA,AIRWICK,Emb. 1 UNID.,"7,19€","7,19€ / UNID.",
Gel de Banho,DOVE,Emb. 0.5 LT,"2,49€","4,98€ / LT",
Tiras de Bacon Fumados Superior 2x100g,ECO+,Emb. 0.2 KG,"1,49€","7,45€ / KG",
Salsichão Fatias Tapas,CAMPOFRIO,Emb. 0.08 KG,"1,88€","23,50€ / KG",
Molho de Alho,CALVÉ,Frasco 0.25 KG,"2,93€","11,72€ / KG",
Gomas Trio Açucar,COPAÍNS COPINES,Emb. 0.2 KG,"0,99€","4,95€ / KG",
Alimento Húmido P/ Gato Diamante Frango,PURINA,Emb. 0.09 KG,"1,48€","16,44€ / KG",
Massa Cotovelos Fino,MILANEZA,Emb. 0.5 KG,"1,19€","2,38€ / KG",
Queijo Flamengo Barra,,1 Unid. = 0.25 KG (aprox.),"7,49€/kg","1,87€ / Unid.",
Pensos Incontinencia Anatómicos Máxima,LINDOR,Emb. 20 UNID.,"12,48€","0,62€ / UNID.",
Iogurte Líquido Sabor Framboesa 6x180g,DÉLISSE,Emb. 1.08 KG,"1,99€","1,84€ / KG",
Moelas de Pato,,1 Unid. = 1 P   (aprox.),"3,99€/kg","1,60€ / Unid.",
Chicória e Café Solúvel,PLANTATION,Emb. 0.25 KG,"2,99€","11,96€ / KG",
"APARAFUSADORA SEM FIO 3,6V",FOXTER,Emb. 1 UNID.,"22,90€","22,90€ / UNID.",
Sabonete Líquido Recarga Especial Cozinha,MANAVA,Emb. 0.25 LT,"0,65€","2,60€ / LT",
Ratatoille Cozinhado Ultracongelado,,Emb. 0.6 KG,"3,29€","5,48€ / KG",
Pantene Espuma Cabelo ondulado 200ml,PANTENE PV,Emb. 0.2 LT,"3,74€","18,70€ / LT",
Ovos Solo L,SNR,Emb. 6 UNID.,"1,19€","0,20€ / UNID.",
Massa Meada Fina,MILANEZA,Emb. 0.5 KG,"1,04€","2,08€ / KG",
Bolo Brigadeiro,,Emb. 0.5 KG,"6,59€","13,18€ / KG",
RECARGA ESFREGONA ALGODAO,SILLAGE,Emb. 1 UNID.,"1,99€","1,99€ / UNID.",
Sardinha em Óleo Picante,BOM PETISCO,Emb. 0.12 KG,"0,99€","8,25€ / KG",
Lava Tudo Marinho,CIF,Emb. 1.4 LT,"1,99€","1,42€ / LT",
Refrigerante C/ Gás Ananás,ECO+,Emb. 2 LT,"0,79€","0,40€ / LT",
"Pilhas Alcalinas LR20/D 1,5V",FOXTER,Emb. 2 UNID.,"3,84€","1,92€ / UNID.",
Fiambre de Peru Fatias,CAMPOFRIO,Emb. 0.09 KG,"1,30€","14,44€ / KG",
Alimento Seco P/ Gato Premium Esterilizados,PLENIMA,Emb. 0.45 KG,"1,99€","4,42€ / KG",
Cereais Golden Grahams,NESTLÉ,Emb. 0.375 KG,"2,53€","6,75€ / KG",
"AGUA VIMEIRO LISA PET 4X1,5L",VIMEIRO,,"2,08€",/ Unid.,
Cone Baunilha,TRIUM,Emb. 6 UNID.,"1,99€","0,33€ / UNID.",
Cebola Picada Ultracongelada,IGLO,Emb. 0.35 KG,"1,18€","3,37€ / KG",
Água Micelar Revitalift Preenchedora,L'OREAL,Emb. 0.2 LT,"7,48€","37,40€ / LT",
Lima Plana 200Mm,FOXTER,Emb. 1 UNID.,"2,39€","2,39€ / UNID.",
Orecchiette,TRADIZIONI D'ITALIA,Emb. 0.5 KG,"1,79€","3,58€ / KG",
Couscous sem Glúten,CHAQUE JOUR,Emb. 0.375 KG,"2,49€","6,64€ / KG",
Infusão SOS Cabeça,LIPTON,Emb. 20 SAQS,"1,49€","0,07€ / SAQS",
Spray Anti-calcário Perfect,CIF,Emb. 0.435 LT,"2,49€","5,72€ / LT",
Johnson's Baby Brilho Mágico Condicionador Gotas de Brilho,JOHNSON'S BABY,Emb. 0.5 LT,"5,58€","11,16€ / LT",
Fraldas Cueca Maxi G,LINDOR,Emb. 14 UNID.,"21,23€","1,52€ / UNID.",
Detergente Manual Roupa,OMO,Emb. 0.54 KG,"2,48€","4,59€ / KG",
Pensos Higiénicos Salvaslips em Bolsas,EVAX,Emb. 28 UNID.,"1,34€","0,05€ / UNID.",
Recarga Sabonete Líquido Amêndoas,MANAVA,Emb. 0.25 LT,"0,65€","2,60€ / LT",
Broa de Milho,,1 Unid. = 1.7 KG (aprox.),"1,99€/kg","3,38€ / Unid.",
Batatas Fritas Rodela,PÁLA-PÁLA,Emb. 0.3 KG,"2,18€","7,27€ / KG",
Conjunto Corretores de Fita,ESQUISSE,Emb. 2 UNID.,"1,99€","1,00€ / UNID.",
Manteiga de Amendoim Cremosa,CALVÉ,Emb. 1 KG,"8,98€","8,98€ / KG",
Tagliatelles sem Glúten,CHAQUE JOUR SANS GLUTEN,Emb. 0.25 KG,"1,89€","7,56€ / KG",
Sorvete de Manga,TROFIC,,"1,79€",/ Unid.,
Escova de Dentes Macia Média Junior,DENTAMYL,,"0,75€",/ Unid.,
Amaciador Cabelos Secos Elvive,ELVIVE,Emb. 0.2 LT,"3,78€","18,90€ / LT",
Pizza de Fiambre Queijo,CAMPOFRIO,Emb. 0.36 KG,"3,38€","9,39€ / KG",
Exfoliante Facial,INELL,Emb. 0.075 LT,"1,19€","15,87€ / LT",
Conserva de Sardinha em Tomate,PÊCHE OCÉAN,Emb. 0.12 KG,"0,99€","8,25€ / KG",
Limão Cal. 2/3,,1 Unid. = 0.16 KG (aprox.),"1,89€/kg","0,30€ / Unid.",
Gelado Feast Pack 4,OLÁ,Emb. 0.36 LT,"2,99€","8,31€ / LT",
Liégeois de Chocolate 4x100g,DÉLISSE,Emb. 0.4 KG,"1,49€","3,73€ / KG",
Biscoito de Ovos Frescos,ECO+,Emb. 0.4 KG,"1,69€","4,23€ / KG",
LENCOS DE PAPEL BRANCOS KIDS 3 FOLHAS  60UN CARESSE,CARESSE,Emb. 60 UNID.,"1,19€","0,02€ / UNID.",
MEIA BAGUETE 2X150G PRE-COZIDA,EPI D'OR,Emb. 0.3 KG,"0,79€","2,63€ / KG",
GEL MAQUINA LOICA CONCENTRADO LIMAO TUDO EM 1 ECOLOGICO 685ML 685ML UNI VERT,UNÍ VERT,Emb. 0.685 LT,"3,86€","5,64€ / LT",
Papel Higiénico 2 Folhas Original,SCOTTEX,Emb. 32 ROLOS,"9,98€","0,31€ / ROLOS",
Conserva de Sardinha Molho de Tomate,PÊCHE OCÉAN,Emb. 0.12 KG,"0,99€","8,25€ / KG",
Gelatina Light Sabor a Ananás,TABLIER BLANC,Emb. 0.031 KG,"0,79€","25,48€ / KG",
Vaseline,VASELINE,Emb. 0.05 LT,"1,49€","29,80€ / LT",
Carapau Médio,,1 Unid. = 0.28 KG (aprox.),"2,99€/kg","0,84€ / Unid.",
Conserva de Filete Cavala,PITEU,Emb. 0.12 KG,"1,69€","14,08€ / KG",
CEBOLINHAS EM VINAGRE,RUSTICA,Emb. 0.37 LT,"1,09€","2,95€ / LT",
Maionese Top Down,ECO+,Emb. 0.5 LT,"2,19€","4,38€ / LT",
"CARREGADOR ISQUEIRO 2,4A + CABO USB/USB C 1M BRANCO",LINKSTER,Emb. 1 UNID.,"9,90€","9,90€ / UNID.",
Conserva de Ravioli à Bolonhesa,CÔTÉ TABLE,Lata 0.8 KG,"2,99€","3,74€ / KG",
DESMAQUILHANTE DE OLHOS WATERPROOF BIFASICO,INELL,Emb. 0.15 LT,"1,79€","11,93€ / LT",
Conserva De Cogumelos Laminados 800G ECO+,ECO+,Emb. 0.8 KG,"1,69€","2,11€ / KG",
"Desodorizante ""Invisible Aqua"" Roll-on",REXONA,Emb. 0.05 LT,"2,39€","47,80€ / LT",
Selecção de Frutos Secos,MARQUE REPERE,Emb. 0.3 KG,"5,99€","19,97€ / KG",
Desodorizante Spray Pedra Alumen,MANAVA,Emb. 0.1 LT,"1,29€","12,90€ / LT",
Elixir Cool Mint,SENSODYNE,Emb. 0.5 LT,"5,98€","11,96€ / LT",
GELATINA MORANGO LIGHT CONDI 2X15G,CONDI,Emb. 0.3 KG,"1,88€","6,27€ / KG",
LIMPA MAQUINA LOICA,VISIOR,Emb. 0.25 LT,"1,35€","5,40€ / LT",
Maçã Reineta Cal. 75/80,,1 Unid. = 0.2 KG (aprox.),"1,99€/kg","0,40€ / Unid.",
PRESUNTO FATIAS FINISSIMAS 7M,ST AZAY,,"1,89€",/ Unid.,
Alimento Húmido P/ Gato de Atum e Camarão,TOUS MES AMIS,Emb. 0.08 KG,"0,99€","12,38€ / KG",
Vinho Regional Douro Tinto Reserva,ADEGA DE VILA REAL,Garrafa 0.75 LT,"3,28€","4,37€ / LT",
SNACK BACON,TOKAPI,Emb. 0.065 KG,"0,79€","12,15€ / KG",
Fralda Cueca T5 12/18Kg,MOTS D'ENFANTS,Emb. 20 UNID.,"3,99€","0,20€ / UNID.",
Bola de Berlim,,1 Unid. = 0.1 KG,"0,79€","7,90€ / KG",
Desodorizante Spray Rexona Men Act Prot+Invisível,REXONA,Emb. 0.2 LT,"2,54€","12,70€ / LT",
Água Mineral Natural,PENACOVA,Garrafão 5 LT,"0,98€","0,20€ / LT",
B&J Strawb CheeseCake 465ml,,Emb. 0.465 LT,"6,78€","14,58€ / LT",
DESODORIZANTE ROLL-ON INVISIBLE MEN 50ML,CARRÉ HOMME,Emb. 0.05 LT,"0,75€","15,00€ / LT",
Queijo de Vaca Meio Gordo D.Pedro,D. PEDRO,1 Unid. = 1.5 KG (aprox.),"12,99€/kg","19,49€ / Unid.",
Vinho Regional Península de Setúbal Tinto,JP,Garrafa 0.75 LT,"2,19€","2,92€ / LT",
DESODORIZANTE SPRAY ICE BOOST MEN 200ML,CARRÉ HOMME,Emb. 0.2 LT,"1,19€","5,95€ / LT",
PELICULA ADER.ELEMBAL 2E1 20M,ELEMBAL,Emb. 0.02 MT,"0,79€","39,50€ / MT",
Toalhitas Sensitive Recarga,DODOT,Emb. 216 UNID.,"7,98€","0,04€ / UNID.",
Tablete Chocolate Branco Culinária,TABLETTE D'OR,Emb. 0.18 KG,"1,45€","8,06€ / KG",
Conjunto de 3 Martelos,ECO+,Emb. 3 UNID.,"7,99€","2,66€ / UNID.",
Pequenas Baguetes sem Glúten 2x75g,CHAQUE JOUR,Emb. 0.15 KG,"2,19€","14,60€ / KG",
GEL DE LIMPEZA 3 EM 1 (ROSTO CABELO E BARBA),CARRÉ HOMME,Emb. 0.2 LT,"2,99€","14,95€ / LT",
"OIKOS MARACUJA 110G X4,,440G",OIKOS,Emb. 0.44 KG,"2,39€","5,43€ / KG",
MINI BOLA VOLEI PLASTICO,WOODSUN,Emb. 1 UNID.,"2,49€","2,49€ / UNID.",
Conserva de Atum com Piri-piri,RAMIREZ,Emb. 0.12 KG,"1,34€","11,17€ / KG",
Queijo de Ovelha Barrado Seia,QUEIJOS LAGOS,1 Unid. = 0.5 KG (aprox.),"16,99€/kg","8,50€ / Unid.",
ESPARGUETE,ECO+,Emb. 1 KG,"1,29€","1,29€ / KG",
PENSOS INCONTINENCIA U. FINOS C/ ABAS SUPER+ POCKET 14UN CHORYS,CHORYS,Emb. 14 UNID.,"2,25€","0,16€ / UNID.",
PATE RICO SALMAO P/ GATO BIO CV 100G PLENIMA,PLENIMA,Emb. 0.1 KG,"0,69€","6,90€ / KG",
Condicionador para Cabelo Encaracolado,TRESEMMÉ,Emb. 0.5 LT,"4,19€","8,38€ / LT",
Especiarias Mistura de 5 Pimentas,RUSTICA,Frasco 0.043 KG,"1,69€","39,30€ / KG",
Dodot Fralda T6 Activity Extra,DODOT,Emb. 44 UNID.,"13,29€","0,30€ / UNID.",
Tablete Chocolate Cacau 85%,LACASA,Emb. 0.1 g,"1,64€","16,40€ / g",
Óleo Alimentar,FULA,Garrafa 1 LT,"2,69€","2,69€ / LT",
Chupa Single,CHUPA CHUPS,Emb. 0.012 KG,"0,38€","31,67€ / KG",
Brioche Fatiado Clássico,,Emb. 0.5 KG,"1,59€","3,18€ / KG",
Óleo Virgem de Coco Biológico,,Emb. 0.2 LT,"2,89€","14,45€ / LT",
Arroz Perfumado Biológico,,Emb. 0.5 KG,"1,99€","3,98€ / KG",
Lenços de Bolso Pure Sensitive 4 Folhas,RENOVA,Emb. 6 UNID.,"0,98€","0,16€ / UNID.",
Refrigerante com Gás Ananás,FRISUMO,Garrafa 1 LT,"0,99€","0,99€ / LT",
Sobremesa de Soja C/ Caramelo,NAT&VIE,Emb. 0.4 KG,"1,49€","3,73€ / KG",
Bolachas Recheadas Baunilha,P'TIT DÉLI,Emb. 0.154 KG,"0,99€","6,43€ / KG",
Azeite Virgem Extra Suave,GALLO,Garrafa 0.75 LT,"4,49€","5,99€ / LT",
Refrigerante C/ Gás Lima-Limão,SPRINK'S,Garrafa 1 LT,"0,89€","0,89€ / LT",
"Bolachas gérmen de Trigo, Soja e Laranja",NAT&VIE,Emb. 0.2 KG,"1,69€","8,45€ / KG",
Gel de Banho Hidratante Baby Sensitive,BABY DOVE,Emb. 0.2 LT,"1,79€","8,95€ / LT",
Caldo para Massas,KNORR,Emb. 0.08 KG,"1,39€","17,38€ / KG",
Vagens de Baunilha,TABLIER BLANC,Emb. 2 UNID.,"4,99€","2,50€ / UNID.",
Gel Studio Line Invisi Fix Fixação Forte 6,L'ORÉAL PARIS,Emb. 0.15 KG,"5,98€","39,87€ / KG",
Syoss Oieo Intense 5-92 Vermelho Intenso,SYOSS,,"6,24€",/ Unid.,
NATAS FRESCAS,DÉLISSE,Emb. 0.2 KG,"1,19€","5,95€ / KG",
Gelado Cheesecake com Caramelo Salgado,CARTE D'OR,Emb. 0.9 LT,"3,29€","3,66€ / LT",
Bife de Frango do Campo,,1 Unid. = 0.4 KG  (aprox.),"9,98€/kg","3,99€ / Unid.",
GELADO CREME BRULEE,ESKISS,Emb. 1 LT,"2,65€","2,65€ / LT",
ICE TEA MANGA,LIPTON,Emb. 0.5 LT,"0,79€","1,58€ / LT",
Perna de Borrego,,1 Unid. = 1 KG (aprox.),"10,99€/kg","10,99€ / Unid.",
Barra Gourmet Proteica Chocolate E Avelã,PROZIS,Emb. 0.08 KG,"175,00€","2 187,50€ / KG",
Pêssego Paraguaio,,1 Unid. = 0.15 KG (aprox.),"2,99€/kg","0,45€ / Unid.",
Barras de Cereais Special K Frutos Vermelhos,KELLOGG'S,Emb. 0.132 KG,"3,78€","28,64€ / KG",
Vinho Castello DAlba Superior Tinto 2020,CASTELLO D'ALBA,Emb. 0.75 LT,"14,68€","19,57€ / LT",
DETERGENTE LIQUIDO LA E SEDA 25D,EPSIL,Emb. 25 DOSES,"2,79€","0,11€ / DOSES",
Infusão Chá Menta Bio,,Emb. 1 LT,"1,49€","1,49€ / LT",
Pizza Royale Volpone Ultracongelado,TURINI,Emb. 0.57 KG,"2,99€","5,25€ / KG",
Batatas Pré-Fritas em Cubos,POM'LISSE,Emb. 1 KG,"1,49€","1,49€ / KG",
MINI CHAMPO DE VIAGEM TILIA E MACA 100ML,NATEIS,Emb. 0.1 LT,"1,25€","12,50€ / LT",
Iogurte Aroma 12x125g,ECO+,Emb. 1.5 KG,"1,79€","1,19€ / KG",
XAU LIMP MAQ DUOPACK,XAU,Emb. 2 DOSES,"6,99€","3,50€ / DOSES",
Dourada Cal. 300/400,,1 Unid. = 0.35 KG (aprox.),"5,99€/kg","2,10€ / Unid.",
Gelados de Amêndoas,MAGNUM,Emb. 4 UNID.,"4,98€","1,25€ / UNID.",
Queijo Flamengo Barra,NOVA AÇORES,1 Unid. = 0.15 KG (aprox.),"7,49€/kg","1,12€ / Unid.",
Vinho Cotes Du Rhone A.O.C. 2015 Cuvee Prestige Gregoire,GREGOIRE XI,Garrafa 0.75 ML,"2,99€","3,99€ / ML",
Alimento Seco Gato Atum Legumes,PURINA FRISKIES,Emb. 0.4 KG,"2,18€","5,45€ / KG",
SMOOTHIE VITALIDADE,JAFADEN,,"2,29€",/ Unid.,
MARISCADA,ECO+,Emb. 0.7 KG,"4,98€","7,11€ / KG",
SALTEADO DE COGUMELOS,NOTRE JARDIN,Emb. 0.4 KG,"3,99€","9,98€ / KG",
LAVA TUDO FRESCURA PURA,CLAIR,Emb. 1.5 LT,"1,89€","1,26€ / LT",
Cerveja com Álcool Stout 6x33cl,SUPER BOCK,Emb. 1.98 LT,"4,49€","2,27€ / LT",
Vinho Verde Branco,AVELEDA,Garrafa 0.75 LT,"4,98€","6,64€ / LT",
LIXIVIA PERFUMADA FLORES DO CAMPO,CLAIR,Emb. 2 LT,"1,09€","0,55€ / LT",
Pimenta Preta Moída,RUSTICA,Frasco 0.04 KG,"0,99€","24,75€ / KG",
Pantene Caracóis Definidos Laca 300ml,PANTENE PV,Emb. 0.3 LT,"3,74€","12,47€ / LT",
Tablete de Chocolate Preto com Recheio de Menta,EQUADOR,Emb. 0.15 KG,"1,55€","10,33€ / KG",
QUEIJO MOZZARELLA FATIAS,QUEIJO NA TÁBUA,Emb. 0.15 KG,"1,49€","9,93€ / KG",
Biscoitos de Cacau com Tablete de Chocolate Preto e Branco,P'TIT DÉLI,Emb. 0.115 KG,"1,25€","10,87€ / KG",
QUEIJO DE OVELHA,LES CROISÉS,Emb. 0.2 KG,"2,29€","11,45€ / KG",
VELA NUMERO FUN 6,ARDENCE,Emb. 1 UNID.,"0,99€","0,99€ / UNID.",
Alimento Húmido P/ Gato C/ Carne de Vaca e Legumes,FRISKIES,Emb. 0.4 KG,"1,68€","4,20€ / KG",
REBUÇADOS SABOR SEIVA DE PINHEIRO,CONFISÉO,Emb. 0.25 KG,"1,65€","6,60€ / KG",
Cereais Arroz Tufado Chocolate,,Emb. 0.75 KG,"2,54€","3,39€ / KG",
Massa Letras,TURINI,Emb. 0.25 KG,"0,55€","2,20€ / KG",
Tartelettes Cobertas Morango,ECO+,Emb. 0.2 KG,"0,79€","3,95€ / KG",
CURGETES RODELAS,NOTRE JARDIN,Emb. 1 KG,"1,69€","1,69€ / KG",
Pacotinho Fruta Hero Baby 3 Frutos 100 G,HERO BABY,Emb. 0.1 KG,"0,97€","9,70€ / KG",
Queijo Fundido Palitos 4x140g,A VACA QUE RI,Emb. 0.14 KG,"2,28€","16,29€ / KG",
Strudel de Maçã,,Emb. 0.6 KG,"2,49€","4,15€ / KG",
COLORACAO LOURO CLARISSIMO 9.0 S/AMONIACO,VITANOVE,Emb. 1 UNID.,"3,89€","3,89€ / UNID.",
Iogurte Líquido Framboesa Arandos 4x155g,DANONE,Emb. 0.62 KG,"1,69€","2,73€ / KG",
Champô Cabelo Garnier Hidra Caracóis,FRUCTIS,Emb. 0.25 LT,"3,98€","15,92€ / LT",
SYOSS OLEO INT. 9-10 LOURO LUMI,SYOSS,,"6,24€",/ Unid.,
Pão de Hambúrguer Mini,EPI D'OR,Emb. 0.25 KG,"1,19€","4,76€ / KG",
PURE MACA/PERA SEM ADICAO ACUCAR BISNAGA,DOUCEUR DU VERGER,Emb. 0.36 KG,"1,99€","5,53€ / KG",
Refresco em Pó Laranja,TANG,Emb. 0.03 KG,"0,82€","27,33€ / KG",
Snacks Húmidos P/ Gato Esterilizado 2 de Frango e 2 de Vaca,PURINA,Emb. 0.34 KG,"3,48€","10,24€ / KG",
GEL-CREME HIDRATANTE 50ML,INELL,Emb. 0.05 LT,"2,99€","59,80€ / LT",
Gelatina Frutos Vermelhos Light 2x15g,CONDI,Emb. 0.03 KG,"1,88€","62,67€ / KG",
Mala de Chaves 47 Peças,ECO+,Emb. 1 UNID.,"9,99€","9,99€ / UNID.",
VELA NUMERO - 6,ARDENCE,,"0,89€",/ Unid.,
Areia Perfumada P/ Gaiola,TOUS MES AMIS,Emb. 2 KG,"1,59€","0,80€ / KG",
Iogurte Bifidus Líquido Frutos Silvestres 0% 4 Unid.,DANONE,Emb. 0.62 KG,"1,99€","3,21€ / KG",
Tomate Cal. 67/82,,1 Unid. = 0.2 KG (aprox.),"1,99€/kg","0,40€ / Unid.",
Pizza 4 Queijos,CAMPOFRIO,Emb. 0.365 KG,"3,38€","9,26€ / KG",
Infusão Chá Branco Maracujá,FRESH TEA,Emb. 1 LT,"1,39€","1,39€ / LT",
Cereais Aveia e Morango,NESTUM,Emb. 0.25 KG,"2,18€","8,72€ / KG",
Spray Depilatório Aloé Vera e Vitamina E,VEET,Spray 0.15 LT,"6,64€","44,27€ / LT",
GELATINA MANGA LARANJA LIGHT CONDI 2X15G,CONDI,Emb. 0.3 KG,"1,88€","6,27€ / KG",
"Gelados Bombons de Chocolate Classic, de Amêndoas e de Branco Pack 12",MAGNUM,Emb. 0.14 LT,"4,98€","35,57€ / LT",
CAMA EM PLASTICO PARA CAO MEDIA,P'TIT AMI,Emb. 1 UNID.,"9,99€","9,99€ / UNID.",
VASSOURA SEDA CINZENTA,SILLAGE,Emb. 1 UNID.,"2,99€","2,99€ / UNID.",
Safio Posta,,1 Unid. = 0.29 KG (aprox.),"9,99€/kg","2,90€ / Unid.",
Puré de Batata em Flocos,MAGGI,Emb. 0.25 KG,"1,85€","7,40€ / KG",
Abrilhantador P/ Máquina da Loiça Limão,FINISH,Emb. 0.8 LT,"7,44€","9,30€ / LT",
Leite de Pastagem Meio Gordo,TERRA NOSTRA,Emb. 1 LT,"1,03€","1,03€ / LT",
Batatas Pré-Fritas Congeladas,POM'LISSE,Emb. 2.5 KG,"3,99€","1,60€ / KG",
Cachorrinhos 5 Unid.,,Emb. 5 KG,"3,19€","0,64€ / KG",
GEL BANHO DERMO,ECO+,Emb. 1 LT,"1,29€","1,29€ / LT",
Iogurte com Frutos 12x125g,ECO+,Emb. 1.5 KG,"2,59€","1,73€ / KG",
ESPARREGADO DE ESPINAFRES,CÔTÉ TABLE,Emb. 0.35 KG,"1,29€","3,69€ / KG",
Bife de Alcatra Vitelão,,1 Unid. = 0.25 KG (aprox.),"8,99€/kg","2,25€ / Unid.",
Bolo Mármore,,1 Unid. = 0.5 KG  (aprox.),"5,49€","10,98€ / KG",
ELIXIR BOCAL EXPERT 8EM1,DENTAMYL,Emb. 0.5 LT,"1,29€","2,58€ / LT",
Bolachas Digestivas Aveia Oats Choc,GULLÓN,Emb. 0.425 KG,"2,93€","6,89€ / KG",
Água sem Gás Mineral,LUSO,Garrafa 0.33 LT,"0,34€","1,03€ / LT",
LAVA TUDO AMONIACAL,ECO+,Emb. 5 LT,"1,69€","0,34€ / LT",
Papel Higiénico 2 Folhas,MARQUE REPERE,Emb. 24 UNID.,"4,79€","0,20€ / UNID.",
Massa Fresca em Folhas para Lasanha,TURINI,Emb. 0.35 KG,"1,75€","5,00€ / KG",
Conserva de Ravioli de Vaca com Molho Italiano,CÔTÉ TABLE,Emb. 0.4 KG,"1,49€","3,73€ / KG",
TERRA PLANTAS,BEAUX JOURS,Emb. 10 LT,"1,69€","0,17€ / LT",
Vinagre Vinho Branco,CRISTAL,Garrafa 0.5 LT,"0,99€","1,98€ / LT",
Óleo de Corpo Coco Addiction,NATURAL HONEY,Emb. 0.3 LT,"5,19€","17,30€ / LT",
TOALHITAS DESMAQ. PELES SECAS E SENSIVEIS BIO,BIONAÏA,Emb. 25 UNID.,"1,99€","0,08€ / UNID.",
Fibra Normal Classic,SCOTCH BRITE,Emb. 1 UNID.,"1,14€","1,14€ / UNID.",
Refrigerante sem Gás Limão,FRUTIS,Emb. 1.5 LT,"1,15€","0,77€ / LT",
Bloco de Foie Gras de Pato,PIERRE DE CHAUMEYRAC,Lata 0.2 KG,"8,99€","44,95€ / KG",
Creme Limpeza Pink Flowers,CIF,Emb. 0.7 LT,"2,49€","3,56€ / LT",
Maionese Verdadeira 416G,HELLMANN'S,Frasco 0.416 KG,"4,38€","10,53€ / KG",
Puré de Batata 4x125g,POM'LISSE,Emb. 0.5 KG,"1,79€","3,58€ / KG",
Queijo Mistura Apimentado Três Igrejas,SALOIO,1 Unid. = 0.47 KG (aprox.),"16,88€/kg","7,93€ / Unid.",
Molho Piri-piri Extra Picante,PALADIN,Emb. 0.075 LT,"1,78€","23,73€ / LT",
Bolacha Torrada,NACIONAL,Emb. 0.175 KG,"1,18€","6,74€ / KG",
Escova de Dentes Suave Whole Mouth Clean,COLGATE,Emb. 1 UNID.,"3,98€","3,98€ / UNID.",
Pensos Higiénicos Maxi/Super Sem Alas Fina e Segura,EVAX,Emb. 13 UNID.,"1,69€","0,13€ / UNID.",
Água com Gás 10x25 cl TP,PEDRAS SALGADAS,Emb. 2.5 LT,"4,38€","1,75€ / LT",
Cápsulas Café Alumínio Nespresso Intenso,SEGAFREDO,Emb. 10 UN,"4,28€","0,43€ / UN",
Preparado em Pó para Bebida de Cacau Biológico,,Emb. 0.5 KG,"3,59€","7,18€ / KG",
Batatas Fritas Lisas,ECO+,Emb. 0.2 KG,"1,09€","5,45€ / KG",
IOGURTE BATIDO ACUCARADO BAUNILHA,DÉLISSE,Emb. 1 KG,"2,09€","2,09€ / KG",
IOGURTE NATURAL BIO FRASCO,,Emb. 0.5 KG,"1,69€","3,38€ / KG",
MADALENAS CONCHAS CARAMELO,NOS RÉGIONS ONT DU TALENT,Emb. 0.33 KG,"2,89€","8,76€ / KG",
GELATINA CONDI MORANGO 2X85G,CONDI,,"1,78€",/ Unid.,
Fiambre da Perna Extra,CHARCUTARIA,1 Unid. = 0.12 KG (aprox.),"10,98€/kg","1,32€ / Unid.",
Aveia C / Proteína Chocolate Avelã,PROZIS,Emb. 0.4 KG,"749,00€","1 872,50€ / KG",
Máquina de Depilar Descartável Venus Basic,GILLETTE,Emb. 4 UNID.,"3,48€","0,87€ / UNID.",
Argolas do Mar Ultracongelado,PESCANOVA,Emb. 0.4 KG,"3,98€","9,95€ / KG",
Ice Tea Pêssego 2x2lt,LIPTON,Emb. 4 LT,"4,99€","1,25€ / LT",
Rolo de Cozinha 2 Folhas Multi,RENOVA,Emb. 4 ROLOS,"2,48€","0,62€ / ROLOS",
Batatas Fritas Camponesas,LAY'S,Emb. 0.15 KG,"1,88€","12,53€ / KG",
Água Tónica Zero,SPRINK'S,Garrafa 1.5 LT,"1,39€","0,93€ / LT",
IOGURTE LIQUIDO MORANGO/BANANA,DÉLISSE,Emb. 0.72 KG,"1,18€","1,64€ / KG",
Azeitonas Verdes Descaroçadas,QAMPO,Emb. 0.16 KG,"1,39€","8,69€ / KG",
Bebida de Aveia,,Emb. 1 LT,"1,39€","1,39€ / LT",
Chá Preto Yellow,LIPTON,Emb. 20 SAQ.,"1,09€","0,05€ / SAQ.",
Salada Iceberg,,Emb. 0.25 KG,"1,29€","5,16€ / KG",
Macarrão,TURINI,Emb. 0.5 KG,"0,79€","1,58€ / KG",
Galetes de Milho com Cobertura de Chocolate Preto Biológicas,,Emb. 0.1 KG,"1,79€","17,90€ / KG",
Creme de Soja P/ Culinária,NAT&VIE,Emb. 0.6 KG,"2,65€","4,42€ / KG",
Moscatel de Setúbal 20 Anos,ALAMBRE,Emb. 0.75 LT,"24,98€","33,31€ / LT",
ARROZ SUSHI,CAÇAROLA,Emb. 1 KG,"2,08€","2,08€ / KG",
BOLACHAS C/TABLETE CHOCO PRETO,ECO+,Emb. 0.15 KG,"1,05€","7,00€ / KG",
Iogurte Natural 12x125g,ECO+,Emb. 1.5 KG,"1,65€","1,10€ / KG",
Escoras Planas Brancas 30-60Cm,ECO+,Emb. 2 UNID.,"1,29€","0,65€ / UNID.",
Bolachas Cobertas com Chocolate de Leite,OREO,Emb. 0.246 KG,"2,98€","12,11€ / KG",
VELA NUMERO - 5,ARDENCE,Emb. 1 UNID.,"0,89€","0,89€ / UNID.",
ENVELOPE SILICONE KRAFT 229X324MM,ESQUISSE,Emb. 25 UNID.,"2,99€","0,12€ / UNID.",
BEBIDA LACTEA PARA GATOS ESTERILIZADOS,LYCAT,Emb. 3 UNID.,"2,38€","0,79€ / UNID.",
BEBIDA ARROZ ORIGINAL,ALPRO,Emb. 1 LT,"2,08€","2,08€ / LT",
Água sem Gás,VITALIS,Garrafa 0.75 LT,"0,53€","0,71€ / LT",
BOLACHAS PARA GELADOS,P'TIT DÉLI,Emb. 0.1 KG,"1,35€","13,50€ / KG",
Linguiça,,Emb. 0.2 KG,"1,29€","6,45€ / KG",
Vinho Regional Douro Tinto,ADEGA DE VILA REAL,Garrafa 0.75 LT,"2,68€","3,57€ / LT",
PIZZA MARGARITA BIO,,Emb. 0.35 KG,"3,75€","10,71€ / KG",
Cereais Special K Classic,KELLOGG'S,Emb. 0.75 KG,"3,74€","4,99€ / KG",
PALMIERS COM RASPA LIMAO,P'TIT DÉLI,Emb. 0.1 KG,"0,99€","9,90€ / KG",
Gelatina em Pó Tutti-Frutti 2x80 g,TABLIER BLANC,Emb. 0.17 KG,"0,85€","5,00€ / KG",
Creme de Banho Pele Suave,NIVEA,Emb. 0.75 LT,"3,49€","4,65€ / LT",
COOKIES CHOCOLATE C/PEPITAS CHOCOLATE X12,P'TIT DÉLI,Emb. 0.2 KG,"1,39€","6,95€ / KG",
Cápsulas Café Espresso P/ Dolce Gusto Intensidade 11,STARBUCKS,Emb. 12 CAPS.,"5,38€","0,45€ / CAPS.",
AMACIADOR CONCENTRADO TALCO 72 DOSES,HYPERDOU,Emb. 2 LT,"1,75€","0,88€ / LT",
Ravioli de Vaca com cebola,TURINI,Emb. 0.3 KG,"1,79€","5,97€ / KG",
Kinder SchokobonsT.200 White,KINDER,Emb. 0.2 KG,"3,98€","19,90€ / KG",
Néctar Vital Equilíbrio Laranja Maracujá,COMPAL,Emb. 1 L,"1,68€","1,68€ / L",
Bebida Energética Blood Orange,POWERADE,Emb. 0.5 LT,"1,38€","2,76€ / LT",
Cone Leite Creme,TRIUM,Emb. 6 UNID.,"2,49€","0,42€ / UNID.",
Sopa de Tomate,KNORR,Emb. 0.085 KG,"1,49€","17,53€ / KG",
Queijo Petit Brie,ECO+,Emb. 0.5 KG,"3,59€","7,18€ / KG",
QUEIJO VACA CURADO,LES CROISÉS,Emb. 0.19 KG,"1,99€","10,47€ / KG",
Desodorizante Roll-On Narta 5 Acções Protection,GARNIER,Emb. 0.05 LT,"3,98€","79,60€ / LT",
Massa Areada,TABLIER BLANC,Emb. 0.23 KG,"1,29€","5,61€ / KG",
Massa Cotovelos sem Glúten,CHAQUE JOUR SANS GLUTEN,Emb. 0.4 KG,"1,49€","3,73€ / KG",
Roll On Narta Men InvisiMax,GARNIER,Emb. 0.05 LT,"3,98€","79,60€ / LT",
Batatas Fritas Camponesas Biológicas,,Emb. 0.125 KG,"2,19€","17,52€ / KG",
Tagliatelles Fresco,TURINI,Emb. 0.35 KG,"1,19€","3,40€ / KG",
SPRAY TIRA NODOAS PRE-LAVAGEM 500ML,TEXIL,Emb. 0.5 LT,"1,49€","2,98€ / LT",
Ketchup Picante,RUSTICA,Emb. 0.25 KG,"0,99€","3,96€ / KG",
Detergente Omo Máquina Roupa Líquido 40+15 Doses,OMO,Emb. 2.75 LT,"5,99€","2,18€ / LT",
RAVIOLI BOLONHESA 1/2,CÔTÉ TABLE,Emb. 0.4 KG,"1,79€","4,48€ / KG",
Almôndegas de Carne de Bovino Picada Ultracongelado,ECO+,Emb. 0.9 KG,"7,49€","8,32€ / KG",
Vinho Regional Península de Setúbal Branco,DONA ERMELINDA,Garrafa 0.75 LT,"3,69€","4,92€ / LT",
Madalenas longas,P'TIT DÉLI,Emb. 0.44 KG,"2,59€","5,89€ / KG",
CADERNO AGRAFADO PAUTADO C. PP A4 48F,ESQUISSE,Emb. 1 UNID.,"2,09€","2,09€ / UNID.",
Halls Vita C sem Açúcar Cítricos,HALLS,Emb. 0.032 KG,"0,88€","27,50€ / KG",
PURE MACA/ANANAS/ACEROLA SEM ADICAO ACUCAR BISNAGA,DOUCEUR DU VERGER,Emb. 0.48 KG,"2,79€","5,81€ / KG",
Noz-Moscada Moída,RUSTICA,Frasco 0.042 KG,"1,99€","47,38€ / KG",
MOLHO NAPOLITANO,TURINI,Emb. 0.19 KG,"0,79€","4,16€ / KG",
DETERGENTE MANUAL LOICA FLORAL 500ML,VISIOR,Emb. 0.5,"0,76€","1,52€ /",
Tortellini de Queijo,KNORR,Emb. 0.25 kg,"3,68€","14,72€ / kg",
Vinho Regional Alentejano Tinto,CONVENTUAL,Garrafa 0.75 LT,"3,99€","5,32€ / LT",
Espanador Pack,PRONTO,Emb. 1 P,"4,28€","4,28€ / P",
CHA VERDE BIO,,Emb. 20 UN,"1,49€","0,07€ / UN",
Frango Inteiro com Miúdos Saco,,1 Unid. = 1 KG  (aprox.),"2,69€/kg","2,69€ / Unid.",
VINHO FRIZANTE CACHO FRESCO BRANCO.75L,CACHO FRESCO,Emb. 0.075 LT,"1,69€","22,53€ / LT",
Ovas de Peixe Lapa Preto,RONDE DES MERS,Emb. 0.1 KG,"3,99€","39,90€ / KG",
Leite Prado Verde Meio Gordo Bio,AGROS,Emb. 1 LT,"1,18€","1,18€ / LT",
Gel de Banho Amêndoas Doces,VASELINE,Emb. 0.7 LT,"2,99€","4,27€ / LT",
Queijo Brique Vaca,LES CROISÉS,Emb. 0.2 KG,"1,99€","9,95€ / KG",
FEIJAO BRANCO EM TOMATE,NOTRE JARDIN,Emb. 0.8 KG,"1,49€","1,86€ / KG",
"AGUA FASTIO,6x50CL",FASTIO,,"2,38€",/ Unid.,
Molho de Tomate à Provençale,TURINI,Frasco 0.42 KG,"1,49€","3,55€ / KG",
Presunto Serrano em Fatias,CAMPOFRIO,Emb. 0.08 KG,"2,58€","32,25€ / KG",
DETERGENTE LIQUIDO ANTI-TRANSFERENCIA CORES 40D,EPSIL,,"3,69€",/ Unid.,
Crocante de Frango Recheio Queijo e Fiambre,IGLO,Emb. 0.204 KG,"4,98€","24,41€ / KG",
QUEIJO EDAM FATIADO,ECO+,Emb. 0.2 KG,"1,49€","7,45€ / KG",
Puré de Batata Nature,POM'LISSE,Emb. 1 KG,"3,19€","3,19€ / KG",
Conjunto de 4 Escovas Metálicas,ECO+,Emb. 4 UNID.,"3,83€","0,96€ / UNID.",
LINGUICA PICANTE,CAMPO FINO,Emb. 0.15 KG,"1,29€","8,60€ / KG",
Ice Tea Limão Zero Açúcar,LIPTON,Emb. 1 LT,"1,16€","1,16€ / LT",
VASSOURA BORRACHA INTER/EXT,SILLAGE,Emb. 1 UNID.,"1,99€","1,99€ / UNID.",
CEBOLINHO PICADO BIO,,Emb. 0.05 KG,"1,39€","27,80€ / KG",
Lentilhas Verdes,,Emb. 0.5 KG,"2,69€","5,38€ / KG",
VASSOURA COCO ZEBRA,SILLAGE,Emb. 1 UNID.,"2,99€","2,99€ / UNID.",
COCO RALADO,TABLIER BLANC,Emb. 0.125 KG,"0,99€","7,92€ / KG",
LAPIS DE COR 18UN,ESQUISSE,Emb. 18 UNID.,"2,59€","0,14€ / UNID.",
Champô Purify & Hidrate,TRESEMMÉ,Emb. 0.4 LT,"4,19€","10,48€ / LT",
Puré de Batata Biológico 2x125g,,Emb. 0.25 KG,"2,99€","11,96€ / KG",
COOKIES C/ PEPITAS CHOCOLATE E PEDACOS AVELA,P'TIT DÉLI,Emb. 0.2 KG,"1,45€","7,25€ / KG",
SABONETE LIQUIDO PESSEGO 500ML,ECO+,Emb. 0.5 LT,"0,79€","1,58€ / LT",
"BL1 LED ESFERA 3,2W-25W E27",FOXTER,Emb. 1 UNID.,"2,49€","2,49€ / UNID.",
DETERGENTE LÍQUIDO CÍTRICO,CIF,Emb. 1.1 LT,"1,99€","1,81€ / LT",
Atum em Óleo,ECO+,Emb. 0.12 KG,"0,64€","5,33€ / KG",
Grão de Bico Seco,NOTRE JARDIN,Emb. 0.5 KG,"0,99€","1,98€ / KG",
DENTAMYL PLANTAS,DENTAMYL,Emb. 0.075 LT,"0,85€","11,33€ / LT",
Bolachas Tosta Rica Choco Guay,CUÉTARA,Emb. 0.168 UNID.,"2,08€","12,38€ / UNID.",
Queijo Mozzarella,SANTA LUCIA,Emb. 0.125 KG,"1,74€","13,92€ / KG",
CREME SABOR CHOCOLATE,DÉLISSE,Emb. 0.4 KG,"2,39€","5,98€ / KG",
FARINHA BRANCA NEVE SUPER FINA,BRANCA DE NEVE,Emb. 1 KG,"1,69€","1,69€ / KG",
Limpa Máquinas Limão 5x Power Actions,FINISH,Emb. 1 UNID.,"3,89€","3,89€ / UNID.",
Alimento Húmido P/ Gato Completo 4x400g,LYCAT,Emb. 4 UNID.,"3,40€","0,85€ / UNID.",
Anti-Calcário Spray Brilhante,AJAX,Emb. 0.5 LT,"3,98€","7,96€ / LT",
Leite Condensado Açucarado,DÉLISSE,Lata 0.397 KG,"1,09€","2,75€ / KG",
Leite Bem Especial Cálcio Magro,MIMOSA,Emb. 1 LT,"0,98€","0,98€ / LT",
Alimento Seco P/ Gato Interior Frango,PURINA FRISKIES,Emb. 1.5 KG,"6,98€","4,65€ / KG",
PILHAS ALCALINAS LR6,FOXTER,Emb. 8 UNID.,"1,79€","0,22€ / UNID.",
Vinho Regional Bairrada Branco,MARQUES DE MARIALVA,Garrafa 0.75 LT,"4,98€","6,64€ / LT",
ESPUMA BARBEAR DERMO P.SENSIVEIS 250ML,CARRÉ HOMME,Emb. 0.25 LT,"1,49€","5,96€ / LT",
Vinho Frutado Branco,SALVE,Garrafa 0.75 LT,"1,29€","1,72€ / LT",
Seleção de Frutos Secos,MARQUE REPERE,Emb. 0.2 KG,"5,39€","26,95€ / KG",
PENSOS DIARIOS 30UN,ECO+,Emb. 30 UNID.,"0,79€","0,03€ / UNID.",
Café Torrado Moído Nyeri Kenya Intensidade 8,SICAL,Emb. 16 UNID.,"4,08€","0,26€ / UNID.",
Neoblanc Densa+,NEOBLANC,Emb. 2 LT,"2,58€","1,29€ / LT",
Desodorizante Roll On Men Cool Kick,NIVEA MEN,Emb. 0.05 LT,"2,39€","47,80€ / LT",
Óleo Cedro Líquido,PRONTO,Emb. 0.25 LT,"3,58€","14,32€ / LT",
COPOS CARTAO 35CL,HOMESIDE,Emb. 10 UNID.,"0,99€","0,10€ / UNID.",
Leite Bem Especial Crescimento a partir de 3 anos,MIMOSA,Emb. 1 LT,"1,78€","1,78€ / LT",
Pasta Arquivo com Elástico com 12 Divisórias,ESQUISSE,Emb. 1 UNID.,"2,65€","2,65€ / UNID.",
Mousse de Figado Superior,TRADILÈGE,Emb. 0.18 Kg,"1,75€","9,72€ / Kg",
AGUARDENTE FIM DE SÉCULO Vínica Velhíssima 25 Anos Cx. Cartão 70CL,,0.07 CL,"39,98€","571,14€ / CL",
Amaciador Condicionador,TRESEMMÉ,Emb. 0.5 LT,"4,19€","8,38€ / LT",
Conserva de Salsichas Aves 8 Unid.,NOBRE,Lata 0.2 KG,"1,09€","5,45€ / KG",
"SMICY TUB - SORTIDO GELADOS DE AGUA SABOR LIMAO, LARANJA, MORANGO E COLA",SMICY,Emb. 8 UNID.,"2,99€","0,37€ / UNID.",
Esfregão Aço Inox,BRAVO,Emb. 1 P,"1,28€","1,28€ / P",
Fósforos de Segurança Longos 3x40 unid.,SILEX,Emb. 3 UNID.,"2,36€","0,79€ / UNID.",
Bolachas Original,OREO,Emb. 0.154 KG,"1,38€","8,96€ / KG",
Iogurte Bolacha 4 Unid.,IOGOLINO,Emb. 0.4 KG,"2,88€","7,20€ / KG",
BLOCO SANITARIO ACTIV EFFECT LAVANDA 3UN,SYPHON,Emb. 3 UNID.,"1,29€","0,43€ / UNID.",
Carte D'Or Gelado Limão,CARTE D'OR,Emb. 0.9 LT,"3,29€","3,66€ / LT",
Queijo Raclette,,1 Unid. = 0.25 KG (aprox.),"10,99€/kg","2,75€ / Unid.",
QUEIJO MIMOLETTE 12MESES CURA,NOS RÉGIONS ONT DU TALENT,Emb. 0.2 KG,"2,99€","14,95€ / KG",
Água sem Gás Mineral Sport,LUSO,Emb. 0.75 LT,"0,68€","0,91€ / LT",
Pensos Higiénicos Noite Alas,EVAX,Emb. 9 UNID.,"2,19€","0,24€ / UNID.",
BOLACHAS C/TABLETE CHOCO LEITE,ECO+,Emb. 0.15 KG,"0,95€","6,33€ / KG",
PALMIERS DU BOIS ROCHE 150G,DU BOIS DE LA ROCHE,Emb. 0.15 KG,"1,38€","9,20€ / KG",
CADERNO CAPA DURA A4 DISC AZL 120P PAUTADO + QUADRIC.,ESQUISSE,Emb. 1 UNID.,"3,59€","3,59€ / UNID.",
Alimento Seco P/ Cão Croquetes Multicomponentes,LYDOG,Emb. 10 KG,"13,98€","1,40€ / KG",
Vinagre Vinho Tinto,CRISTAL,Garrafa 0.5 LT,"0,99€","1,98€ / LT",
"ALIMENT BEBE: IOGURTE CREMOSO COCO, MACA, ANANAS E BANANA BIO 8M",BIO VILLAGE BEBE,,"3,99€",/ Unid.,
"Água sem Gás 6x1,5L",VITALIS,Emb. 9 LT,"2,59€","0,29€ / LT",
Linguas de Gato Sabor a Canela,P'TIT DÉLI,Emb. 0.2 KG,"0,69€","3,45€ / KG",
Nível De Bolha 60Cm,FOXTER,Emb. 1 UNID.,"9,99€","9,99€ / UNID.",
Amaciador concentrado intense care repair,COMFORT,Emb. 60 DOSES,"3,99€","0,07€ / DOSES",
Alimento Seco P/ Gato Vital Coelho e Frango,PURINA FRISKIES,Emb. 0.4 KG,"2,18€","5,45€ / KG",
Champô Protecção da Cor,TRESEMMÉ,Emb. 0.5 LT,"4,19€","8,38€ / LT",
Alimento Seco P/ Gato Bacalhau,PURINA FRISKIES,Emb. 4 KG,"15,98€","4,00€ / KG",
PENSOS HIGIENICOS MAXI NOITE 10UN,ECO+,Emb. 10 UNID.,"0,95€","0,10€ / UNID.",
Vinho Regional Lisboa Branco,PROVA RÉGIA,Garrafa 0.75 LT,"3,99€","5,32€ / LT",
Caldo de Carne,KNORR,Emb. 16 CUBOS,"2,39€","0,15€ / CUBOS",
Pizza Barbecue,CAMPOFRIO,Emb. 0.41 KG,"3,38€","8,24€ / KG",
Camarão Aquicultura Cal. 60/80 Congelado,,1 Unid. = 0.25 KG (aprox.),"6,99€/kg","1,75€ / Unid.",
Arroz Carolino,,Emb. 1 KG,"0,95€","0,95€ / KG",
Refrigerante S/ Gás Laranja,JAFADEN,Garrafa 1.5 LT,"0,99€","0,66€ / LT",
Preparado em Pó Cheesecake,ROYAL,Emb. 0.325 KG,"4,28€","13,17€ / KG",
Torta de Chocolate,,1 Unid. = 0.5 KG (aprox.),"12,99€/kg","6,50€ / Unid.",
Bolachas Cobertas ChocoWafer Branco,MILKA,Emb. 0.18 KG,"2,68€","14,89€ / KG",
AirWick  Comp Pure Flor Cerejeira,AIRWICK,Emb. 1 UNID.,"5,39€","5,39€ / UNID.",
BATATAS FRITAS ONDULADAS SABOR A KETCHUP,POM'LISSE,Emb. 0.135 KG,"1,19€","8,81€ / KG",
Tostas Crocantes Integral 30 Fatias,BIMBO,Emb. 0.27 KG,"1,58€","5,85€ / KG",
"Menu Saquetas em Molho Peru, Frango, Ave e Pato",LYCAT,Emb. 12 UNID.,"3,99€","0,33€ / UNID.",
BORRACHA + AFIA C/DEPOSITO,ESQUISSE,Emb. 1 UNID.,"0,99€","0,99€ / UNID.",
Bebida à Base de Avelã,NAT&VIE,Emb. 1 LT,"1,79€","1,79€ / LT",
Pensos Higiénicos Salvaslip Maxi,EVAX,Emb. 36 UNID.,"2,98€","0,08€ / UNID.",
CHAMPO PARA ANIMAIS PERFUMADO,P'TIT AMI,Emb. 0.5 LT,"2,49€","4,98€ / LT",
Lava Tudo Gel Ativo com Lixívia,CIF,Emb. 0.75 LT,"1,39€","1,85€ / LT",
Pipocas Doces,TOKAPI,Emb. 0.1 KG,"0,80€","8,00€ / KG",
MACARONS 12UN,AUTOUR DU DESSERT,Emb. 0.154 KG,"5,79€","37,60€ / KG",
SALMAO C/ MOLHO DE AZEDAS,CÔTÉ TABLE,Emb. 0.3 KG,"3,29€","10,97€ / KG",
Vinho Tinto do Tejo Reserva,CABEÇA DE TOIRO,Emb. 0.75 LT,"7,49€","9,99€ / LT",
Pensos Higiénicos Maxi Normal Pocket,DOULYS,Emb. 18 UNID.,"1,15€","0,06€ / UNID.",
CEREAIS MUESLI 5 FRUTAS,GRAINEA,Emb. 0.5 KG,"2,39€","4,78€ / KG",
Óleo Intense 12-0 Aclarante Extremo,SYOSS,,"6,24€",/ Unid.,
Courgette,,1 Unid. = 0.38 KG (aprox.),"2,99€/kg","1,14€ / Unid.",
Fettuccini Fresco,TURINI,Emb. 0.35 KG,"1,19€","3,40€ / KG",
Alimento Completo Cereais P/ Porquinhos-da-Índia,TOUS MES AMIS,Emb. 2.5 KG,"5,99€","2,40€ / KG",
Fiambre da Pá,,1 Unid. = 0.12 KG (aprox.),"5,98€/kg","0,72€ / Unid.",
MUESLI C/ AVEIA E FRUTOS SECOS BIO E S/GLUTEN,CHAQUE JOUR SANS GLUTEN,Emb. 0.375 KG,"3,39€","9,04€ / KG",
Farinheira Regional - PDTO Lamego,SNR,Emb. 0.16 KG,"1,25€","7,81€ / KG",
CRACKERS- BOLACHAS SALGADAS CROCANTES,TOKAPI,Emb. 0.1 KG,"0,69€","6,90€ / KG",
Café Pastilhas Arábica Pure Biológico,,Emb. 18 PAST.,"2,99€","0,17€ / PAST.",
Iogurte Líquido Danonino Bebedino Tutti-Frutti 4x100g,DANONE,Emb. 0.4 KG,"1,79€","4,48€ / KG",
Favas Fritas C/ Sal,MARQUE REPERE,Emb. 0.2 KG,"1,25€","6,25€ / KG",
Legumes Grelhados Salteados Congelados,NOTRE JARDIN,Emb. 0.75 KG,"2,99€","3,99€ / KG",
Mini Tostas Redondas,BIMBO,Emb. 0.1 KG,"1,24€","12,40€ / KG",
Vinagre Balsâmico Branco,GALLO,Emb. 0.25 LT,"1,69€","6,76€ / LT",
Refrigerante S/ Gás Laranja Maracujá,JAFADEN,Garrafa 1.5 LT,"0,99€","0,66€ / LT",
Manga Aérea,,1 Unid. = 0.5 KG (aprox.),"3,89€/kg","1,95€ / Unid.",
PANO CHÃO BRANCO,SILLAGE,Emb. 1 UNID.,"1,99€","1,99€ / UNID.",
CONDICIONADOR CABELOS FRAGEIS E QUEBRADICOS 250ML,NATEIS,Emb. 0.25 LT,"1,69€","6,76€ / LT",
ELASTICOS COR/TAMANHOS SORTIDOS 50G,ESQUISSE,Emb. 1 UNID.,"0,99€","0,99€ / UNID.",
Champô Liso Asiático para Cabelo Frisado e Rebelde,GLISS,Emb. 0.25 LT,"2,24€","8,96€ / LT",
Marshmallow com Sabor Baunilha,COPAÍNS COPINES,Emb. 0.3 KG,"1,59€","5,30€ / KG",
Caldos Molho Cervejeira 8 Cubos,KNORR,Emb. 0.072 KG,"1,49€","20,69€ / KG",
Batatas Fritas Onduladas,RUFFLES,Emb. 0.18 KG,"2,28€","12,67€ / KG",
Cacetinho Integral,,1 Unid. = 0.05 KG,"0,19€","3,80€ / KG",
BOLACHAS AREADAS C/ RECH AVELAS E CACAU MAGRO,P'TIT DÉLI,Emb. 0.125 KG,"1,59€","12,72€ / KG",
Chouriço Corrente com Colorau,,Emb. 1 KG,"4,49€","4,49€ / KG",
Molho Madeira,RUSTICA,Emb. 0.3 LT,"1,39€","4,63€ / LT",
Néctar Essencial Manga 3x110ml,COMPAL,Emb. 0.33 LT,"1,79€","5,42€ / LT",
Bife do Lombo de Novilho,,1 Unid. = 0.25 KG (aprox.),"23,99€/kg","6,00€ / Unid.",
Salteado Rústico,BONDUELLE,Emb. 0.4 KG,"2,93€","7,33€ / KG",
Leite UHT S/ Lactose Magro,MIMOSA,Emb. 1 LT,"1,28€","1,28€ / LT",
ARROZ A CANTONESA,TABLES DU MONDE,Emb. 0.9 KG,"3,29€","3,66€ / KG",
Vinagre Balsâmico de Modène,RUSTICA,Garrafa 0.5 LT,"1,99€","3,98€ / LT",
Bebida em Pó Ananás,TANG,Emb. 0.03 KG,"0,82€","27,33€ / KG",
Conserva de Feijão Manteigado Cozido Da Horta,COMPAL,Emb. 0.42 KG,"1,19€","2,83€ / KG",
Champô Anti-Caspa Men Controlo De Oleosidade,LINIC,Emb. 0.225 LT,"3,34€","14,84€ / LT",
Desodorizante Pear e Aloe Vera Spray,DOVE,Emb. 0.15 LT,"2,69€","17,93€ / LT",
Chiclets de Peppermint 12 Unid.,CHICLETS,Emb. 0.017 KG,"0,98€","57,65€ / KG",
CREME P/ BARRAR CACAU C/ AVELAS 1KG NUSTIKAO,NUSTIKAO,Emb. 1 KG,"3,99€","3,99€ / KG",
Polpa de Maracuja,KOALA,Lata 0.565 LT,"4,03€","7,13€ / LT",
Leite 0% Lactose,UCAL,Emb. 1 LT,"1,66€","1,66€ / LT",
SPRAY ANTICALCARIO WC ECOLOGICO 750ML,UNÍ VERT,Emb. 0.75 LT,"1,89€","2,52€ / LT",
Eau de Toilette Homem Original Brut,BRUT,Emb. 0.1 LT,"14,98€","149,80€ / LT",
Palmier,,1 Unid. = 1 UN,"0,69€","0,69€ / UN",
Canela em Pó,RUSTICA,Frasco 0.035 KG,"0,89€","25,43€ / KG",
CUECA INCONTINENCIA TAM M,CHORYS,Emb. 14 UNID.,"6,74€","0,48€ / UNID.",
Caldo de Carne,KNORR,Emb. 8 CUBOS,"1,39€","0,17€ / CUBOS",
Chá de Maçã e Canela,TISÉA,Emb. 25 SAQ.,"1,24€","0,05€ / SAQ.",
Snack P/ Cão Médio 12-25kg,PURINA,Emb. 0.115 KG,"2,38€","20,70€ / KG",
Doce de Abóbora,CASA MATEUS,Frasco 0.345 KG,"2,47€","7,16€ / KG",
Fraldas Bebé T4 Ultra Confort 7/18 Kg,MOTS D'ENFANTS,Emb. 44 UNID.,"7,45€","0,17€ / UNID.",
Whisky The Famous Grouse,FAMOUS GROUSE,Garrafa 0.7 LT,"17,48€","24,97€ / LT",
Massa Cannelloni,MILANEZA,Emb. 0.25 KG,"1,78€","7,12€ / KG",
Sobremesa Gelado Mini Raspberry 6x60ml,MAGNUM,Emb. 0.36 LT,"5,98€","16,61€ / LT",
Azeite,OLIVEIRA DA SERRA,Garrafão 3 LT,"15,67€","5,22€ / LT",
MOLHO TIKKA MASSALA,TABLES DU MONDE,Emb. 0.35 KG,"1,99€","5,69€ / KG",
Sabonete Líquido para as Mãos,DOVE,Emb. 0.25 LT,"2,39€","9,56€ / LT",
Cerveja Aromatizada Rum,DESQUILES,Emb. 0.5 LT,"0,99€","1,98€ / LT",
Cápsulas Café Ristretto Napoli Style Intensidade 13,DOLCE GUSTO,Emb. 30 CAPS.,"10,48€","0,35€ / CAPS.",
Cereais Flakes,CUÉTARA,Emb. 0.5 KG,"2,99€","5,98€ / KG",
Cereais Muesli Chocolate e Quinoa Biológico,,Emb. 0.375 KG,"2,99€","7,97€ / KG",
Detergente Roupa Máquina Pó Skip Lavanda 66d,SKIP,,"12,49€",/ Unid.,
AGUA LIMÃO,FRIZE,Emb. 0.75 LT,"1,53€","2,04€ / LT",
Queijo Mistura o Sabor Português,LES CROISÉS,1 Unid. = 0.19 KG (aprox.),"8,59€/kg","1,63€ / Unid.",
BOLACHAS AREADAS C/ RECH MACA E FRAMBOESA,P'TIT DÉLI,Emb. 0.1 KG,"1,49€","14,90€ / KG",
Conserva de Feijão Encarnado Da Horta,COMPAL,Lata 0.42 KG,"0,99€","2,36€ / KG",
Desodorizante Cucumber & Green Tea S/ áçcool e Alumínio,DOVE,Emb. 0.15 LT,"2,84€","18,93€ / LT",
BATATA FRITA PALHA FINISSIMA,POM'LISSE,,"0,49€",/ Unid.,
Canela Moída,RUSTICA,Emb. 0.04 KG,"0,50€","12,50€ / KG",
Gel Duche S/ Sabão,MANAVA,Emb. 0.5 ML,"1,99€","3,98€ / ML",
SACO TERMICO 31L,WOODSUN,Emb. 1 UNID.,"15,90€","15,90€ / UNID.",
SARDINHA OLEO DE GIRASSOL,PÊCHE OCÉAN,Emb. 0.12 KG,"0,99€","8,25€ / KG",
PANOS DE COZINHA ABSORVENTES 5UN,MAMISON,Emb. 5 UNID.,"1,59€","0,32€ / UNID.",
Leite Reparador Tesouros de Mel,ULTRA SUAVE,Emb. 0.4 LT,"5,98€","14,95€ / LT",
Vinho Regional Douro Branco,TONS DUORUM,Garrafa 0.75 LT,"5,48€","7,31€ / LT",
CASTANHAS CONGELADAS,,Emb. 1 KG,"9,99€","9,99€ / KG",
"PEROLAS DESODORIZANTES ""PRIMAVERA NO JAPAO"" 110G",BIEN AIR,Emb. 0.11 KG,"1,59€","14,45€ / KG",
SABONETE SOLIDO BEBE BIO CORPO E CABELO,MOTS D'ENFANTS,,"1,45€",/ Unid.,
"AGUA FRIZE,,75CL",FASTIO,,"1,08€",/ Unid.,
Rissóis de Leitão 6 Unid.,SNR,Emb. 0.275 KG,"3,45€","12,55€ / KG",
Sardinhas em Tomate Biológico,BOM PETISCO,Emb. 0.12 KG,"1,39€","11,58€ / KG",
TOSTAS FINAS NATURA,EPI D'OR,Emb. 0.1 KG,"1,19€","11,90€ / KG",
BOLACHAS PETIT BEURRE C/ TABLETE CHOCOLATE LEITE POCKET,P'TIT DÉLI,Emb. 0.268 KG,"2,69€","10,04€ / KG",
Orégãos Folhas,MARGÃO,Emb. 0.008 KG,"0,98€","122,50€ / KG",
CHOUCROUTE,CÔTÉ TABLE,Emb. 0.42 KG,"1,59€","3,79€ / KG",
Balde para Esfregona,,Emb. 1 UNID.,"2,99€","2,99€ / UNID.",
PENSOS HIGIENICOS U.FINOS C/ABAS SUPER+ 12UN,DOULYS,Emb. 12 UNID.,"1,05€","0,09€ / UNID.",
Alimento Húmido P/ Gato Party Mix Picnic,FELIX,Emb. 0.06 KG,"1,88€","31,33€ / KG",
Mamão,,1 Unid. = 1.2 KG (aprox.),"4,99€/kg","5,99€ / Unid.",
Polpa de Tomate,ECO+,Emb. 0.5 KG,"0,75€","1,50€ / KG",
Loção para Corpo Hidatrante Express 48h Pele Normal a Seca,NIVEA BODY,Emb. 0.4 LT,"5,99€","14,98€ / LT",
CUECA INCONTINENCIA TAM L,CHORYS,Emb. 14 UNID.,"6,74€","0,48€ / UNID.",
Batatas Fritas Light,POM'LISSE,Emb. 0.15 KG,"0,95€","6,33€ / KG",
Iogurte Líquido Morango 6x100g,DANACOL,Emb. 0.6 KG,"2,99€","4,98€ / KG",
Raia Posta,,1 Unid. = 0.53 KG (aprox.),"6,99€/kg","3,70€ / Unid.",
Gelado de Chocolate Branco e Amêndoas Pack 4,MAGNUM,Emb. 0.44 LT,"4,98€","11,32€ / LT",
Marreta,FOXTER,Emb. 1 UNID.,"7,99€","7,99€ / UNID.",
Batido de Cacau,CACAOLAT,Emb. 4 UNID.,"2,09€","0,52€ / UNID.",
Conserva de Atum Albacore Inteiro 2x200g,PÊCHE OCÉAN,Emb. 0.4 KG,"4,29€","10,73€ / KG",
Salada Gourmet,,Emb. 0.15 KG,"1,02€","6,80€ / KG",
Conserva de Feijão Frade Cozido,NOTRE JARDIN,Frasco 0.57 KG,"0,64€","1,12€ / KG",
CANETA ROLLER APAGAVEL VARIAS CORES 3UN,ESQUISSE,Emb. 3 UNID.,"3,99€","1,33€ / UNID.",
Maionese Top Down,CALVÉ,Emb. 0.24 KG,"1,39€","5,79€ / KG",
Barras Hero De Cereais Muesli Chocolate Leite 6x25g,HERO,Emb. 0.15,"1,79€","11,93€ /",
Farfalle,TRADIZIONI D'ITALIA,Emb. 0.5 KG,"1,59€","3,18€ / KG",
100 ESPETOS BAMBU 25CM,BEAUX JOURS,Emb. 100 UNID.,"1,79€","0,02€ / UNID.",
Sumo 100% Laranja Brasil,JAFADEN,Emb. 1 LT,"1,55€","1,55€ / LT",
PAEZINHOS TRIGO TORRADOS BIO,,Emb. 0.225 KG,"1,39€","6,18€ / KG",
Tira Nódoas Gold Power Gel,VANISH,Emb. 0.2 LT,"4,54€","22,70€ / LT",
Espumante Meio Seco,COMP DO VINHO,Garrafa 0.75 LT,"3,29€","4,39€ / LT",
QUEIJO FRESCO LIGHT VACA,QUEIJO NA TÁBUA,Emb. 0.08 KG,"0,55€","6,88€ / KG",
Ervas de Provence,RUSTICA,Frasco 0.018 KG,"0,79€","43,89€ / KG",
Conserva de Cassoulet,,Lata 0.84 KG,"2,49€","2,96€ / KG",
MULTIPACK CALIPPO SUPERMIX 5X105ML,CALIPPO,Emb. 5 UNID.,"2,49€","0,50€ / UNID.",
Detergente Líquido Multisuperficies Rosas e Jasmim,SONASOL,Emb. 1.3 LT,"2,09€","1,61€ / LT",
Lápis para Colorir,ESQUISSE,,"3,69€",/ Unid.,
Massa Letras Clássica,NACIONAL,Emb. 0.25 KG,"0,84€","3,36€ / KG",
CEREAIS PETALAS NATURAL,GRAINEA,Emb. 0.44 KG,"1,49€","3,39€ / KG",
Bolachas com Cobertura de Chocolate Preto,,Emb. 0.2 KG,"1,39€","6,95€ / KG",
GRESSINOS SESAME,TOKAPI,Emb. 0.125 KG,"1,25€","10,00€ / KG",
Massa Lasanha C/ Ovo,MILANEZA,Emb. 0.5 KG,"2,58€","5,16€ / KG",
Manteiga Magra Sal,PRÉSIDENT,Emb. 0.25 KG,"2,54€","10,16€ / KG",
Torta com Cobertura Cacau e Recheio de Leite,DAN CAKE,Emb. 0.3 KG,"2,48€","8,27€ / KG",
TOALHITAS PARA MAOS LIMAO,CLAIR,Emb. 24 UNID.,"1,85€","0,08€ / UNID.",
Capucino Chocolate,PLANTATION,Emb. 0.287 KG,"2,69€","9,37€ / KG",
Champô Cabelo Ultra Suave Delicadeza de Aveia,GARNIER,Emb. 0.25 LT,"3,58€","14,32€ / LT",
Leite de Transição 2 +6 meses,NAN,Emb. 0.8 KG,"12,34€","15,43€ / KG",
Bloco Sanitário Blue Activ,SONASOL WC,Emb. 0.05 KG,"1,94€","38,80€ / KG",
Mini Rissóis de Camarão 20 Unid.,SNR,Emb. 0.333 KG,"3,30€","9,91€ / KG",
Vinho do Porto Special Reserve,PORTO CRUZ,Emb. 0.75 LT,"9,99€","13,32€ / LT",
Esses,,Emb. 0.3 KG,"1,69€","5,63€ / KG",
Bolinhas de Bacalhau 20 Unid.,SNR,Emb. 0.334 KG,"3,75€","11,23€ / KG",
Ambientador Absorve Odores Relax Zen 2x150gr,BRISE,Emb.  0.3 KG,"2,99€","9,97€ / KG",
Bebida Energética Ice Storm,POWERADE,Emb. 0.5 LT,"1,38€","2,76€ / LT",
Miolo de Caju C/ Piripiri,MARQUE REPERE,Emb. 0.25 KG,"4,19€","16,76€ / KG",
CONE CHOCOLATE/PISTACHIO 6UN,TRIUM,,"2,49€",/ Unid.,
Air Wick Sticks Perfumados Flor de Cerejeira x5,AIRWICK,Emb. 0.025 LT,"7,19€","287,60€ / LT",
Néctar Multifruits,JAFADEN,Emb. 2 LT,"1,69€","0,85€ / LT",
Aerossol Air Nuvens de Algodão,AMBIPUR,Emb. 0.3 LT,"3,98€","13,27€ / LT",
Cerveja Marigold Alemanha,MARIGOLD,Emb. 0.33 LT,"1,88€","5,70€ / LT",
DETERGENTE LIQUIDO SENSITIVE 40D,EPSIL,,"4,35€",/ Unid.,
Alimento Húmido P/ Gato C/ Coelho,GOURMET GOLD,Emb. 0.085 KG,"0,74€","8,71€ / KG",
Ice Tea Pêssego,FRESH TEA,Garrafa 1.5 LT,"1,25€","0,83€ / LT",
Massa Cotovelinhos,MILANEZA,Emb. 0.5 KG,"1,19€","2,38€ / KG",
Néctar Clássico Ananás,COMPAL,Emb. 1 LT,"1,68€","1,68€ / LT",
COLA GEL 30ML,ESQUISSE,Emb. 1 UNID.,"1,49€","1,49€ / UNID.",
PAO COM CHOCOLATE (NAPOLITANAS) X12 (SAQ INDIVIDUAL),EPI D'OR,Emb. 0.54 KG,"2,99€","5,54€ / KG",
Iogurte Bifidus Magro Líquido Activia Pêssego Maracujá 4 Unid.,ACTIVIA,Emb. 0.62 KG,"1,99€","3,21€ / KG",
AFIA 2 ENTRADAS METAL,ESQUISSE,Emb. 1 UNID.,"1,39€","1,39€ / UNID.",
BRINQUEDO VINYL P/CAO PEQ.,P'TIT AMI,Emb. 1 UNID.,"2,99€","2,99€ / UNID.",
BOLSA CATALOGO A4 50UN,ESQUISSE,Emb. 50 UNID.,"3,99€","0,08€ / UNID.",
Bolachas Cobertas com Chocolate Branco,OREO,Emb. 0.246 KG,"2,98€","12,11€ / KG",
Queijo Curado de Ovelha Amanteigado 500Gr,OURO DO PASTOR,0.5 KG,"14,39€","28,78€ / KG",
BL1 LED FILA CHAMA 2-25W E14,FOXTER,Emb. 1 UNID.,"2,99€","2,99€ / UNID.",
Sidra com Álcool Maça 4x33cl,SOMERSBY,Emb. 1.32 LT,"3,99€","3,02€ / LT",
Sumo S/ Gás Tropical,ECO+,Emb. 2 LT,"1,59€","0,80€ / LT",
Toalhitas Activity 4x54 Unid.,DODOT,Emb. 216 UNID.,"7,98€","0,04€ / UNID.",
Tarte Gelada Morango,VIENNETTA,Emb. 0.65 LT,"3,98€","6,12€ / LT",
CUBOS DE FIAMBRE 2X75G,TRADILÈGE,Emb. 0.15 KG,"1,84€","12,27€ / KG",
Tempero de Alho & Salsa 8 Cubos,KNORR,Emb. 0.072 KG,"1,49€","20,69€ / KG",
Vinagre de Álcool Cristal,ECO+,Garrafa 1.5 LT,"1,15€","0,77€ / LT",
Vinho Rosé Frutado,FAISÃO,Garrafa 0.75 LT,"2,38€","3,17€ / LT",
AUSONIA AIRDRY SUPER ABAS 30,AUSONIA,Emb. 30 UNID.,"4,19€","0,14€ / UNID.",
Sangria Don Simon,DON SIMON,Garrafa 1.5 LT,"2,18€","1,45€ / LT",
Toalhitas Limpa Óculos,CLAIR,Emb. 54 UNID.,"1,29€","0,02€ / UNID.",
Massa Macarronete Riscado,TURINI,Emb. 0.5 KG,"0,89€","1,78€ / KG",
Farinha S/ Fermento T65,NACIONAL,Emb. 1 KG,"1,04€","1,04€ / KG",
PILHAS ALCALINAS LR6 TECH+,FOXTER,Emb. 8 UNID.,"3,59€","0,45€ / UNID.",
NATAS LIQUIDAS LIGHT UHT BIO,,Emb. 0.6 KG,"3,55€","5,92€ / KG",
Queijo Le Brie,PRÉSIDENT,Emb. 0.2 KG,"3,77€","18,85€ / KG",
RECARGA MOPA SECA,,Emb. 1 UNID.,"3,80€","3,80€ / UNID.",
Iogurte Bifidus Líquido Morango e Kiwi 0% 4 Unid.,DANONE,Emb. 0.62 KG,"1,99€","3,21€ / KG",
Bolachas Wafer de Limão,VIEIRA,Emb. 0.125 KG,"1,14€","9,12€ / KG",
Néctar de Laranja,UM BONGO,Emb. 1 LT,"1,48€","1,48€ / LT",
VINHO DÃO CASA DE SANTAR RESERVA TINTO 75,CASA DE SANTAR,,"14,98€",/ Unid.,
Tira Gorduras Recarga,MISTOLIN,Emb. 0.545 LT,"2,78€","5,10€ / LT",
TRANSPORTADORA P/CAO 48CM 1UN P'TIT AMI,P'TIT AMI,Emb. 1 UNID.,"12,99€","12,99€ / UNID.",
Biscoitos Tranças com Cobertura de Chocolate de Leite,P'TIT DÉLI,Emb. 0.09 KG,"1,49€","16,56€ / KG",
PATE RICO VACA P/CAO BIO 300G CV 300G PLENIMA,PLENIMA,Emb. 0.3 KG,"1,45€","4,83€ / KG",
Batatas Pré-Fritas Finas Forno Óleo Girassol,POM'LISSE,Emb. 0.6,"1,39€","2,32€ /",
OSSOS P/ MASTIGAR RECHEADOS C/ VACA P/ CAO 2UN,TOUS MES AMIS,Emb. 2 UNID.,"1,39€","0,70€ / UNID.",
Adoçante,CANDEREL,Emb. 100 UNID.,"2,39€","0,02€ / UNID.",
Vinho Regional Dão Tinto Seleção,QUINTA DE CABRIZ,Garrafa 0.75 LT,"4,98€","6,64€ / LT",
Bolachas de Cacau Recheadas com Creme Baunilha,OREO,Emb. 0.154 KG,"1,48€","9,61€ / KG",
Palmier Coberto,,1 UNID.,"0,95€","0,95€ / UNID.",
Néctar Clássico Manga,JAFADEN,Emb. 1 LT,"0,99€","0,99€ / LT",
CASSOULET DE CASTELNAUDARY,NOS RÉGIONS ONT DU TALENT,Emb. 0.84 KG,"5,89€","7,01€ / KG",
CONDICIONADOR EXTRA COR,VITANOVE,Emb. 0.2 LT,"1,24€","6,20€ / LT",
JARRO ELECTRICO INOX 1500W 1L,ELSAY,Emb. 1 UNID.,"22,90€","22,90€ / UNID.",
Amaciador para a Roupa Pure,COMFORT,Emb. 78 DOSES,"3,99€","0,05€ / DOSES",
MINI AGRAFADOR Nº10 + 400AGRAFOS,ESQUISSE,Emb. 1 UNID.,"3,29€","3,29€ / UNID.",
Paté Cabeça de Porco C/ Salsa.,TRADILÈGE,Emb. 0.18 KG,"1,99€","11,06€ / KG",
TESOURA 16CM,ESQUISSE,Emb. 1 UNID.,"2,29€","2,29€ / UNID.",
Café Delta Em Grão Torrado Chávena,DELTA,Emb. 1 KG,"12,98€","12,98€ / KG",
Cebola Amarela Org. Esp. cal.50/70,,Emb. 0.5 KG,"1,39€","2,78€ / KG",
PILHAS BOTAO LR44,FOXTER,Emb. 5 UNID.,"1,29€","0,26€ / UNID.",
Néctar Clássico Pêssego 3 Unid.,JAFADEN,Emb. 0.6 LT,"0,89€","1,48€ / LT",
SALSICHA CHURRASCO CLASSICA,CAMPO FINO,Emb. 0.2 KG,"1,49€","7,45€ / KG",
Noodles Queijo e Ervas,KNORR,Emb. 0.061 KG,"1,38€","22,62€ / KG",
Pantene Volume & Brilho Máscara 160 ml,PANTENE PV,Emb. 0.16 LT,"5,98€","37,38€ / LT",
Esfregão Regular,BRAVO,Emb. 1 P,"0,98€","0,98€ / P",
Guardanapos 2 Folhas 33x33 cm,RENOVA,Emb. 90 UNID.,"1,38€","0,02€ / UNID.",
BL1 LED STANDARD 8W-75W E27 LUZ AMARELA,FOXTER,Emb. 1 UNID.,"6,59€","6,59€ / UNID.",
Lanche Misto,,1 Unid. = 0.09 KG,"0,89€","9,89€ / KG",
LEGUMES SALTEADOS WOK INDIANO,NOTRE JARDIN,Emb. 1 KG,"3,39€","3,39€ / KG",
FIAMBRE PERNA EXTRA MAGRO -25% TEOR SAL 4F,TRADILÈGE,Emb. 0.16 KG,"2,59€","16,19€ / KG",
Maracujá Roxo,,1 Unid. = 0.1 KG (aprox.),"7,99€/kg","0,80€ / Unid.",
Alimento Húmido Gato Saquetas Sabor Mar 4x100 g,WHISKAS,Emb. 0.4 KG,"2,74€","6,85€ / KG",
GELADO TRIUM LIMAO MERENGADO COB. CHOCO BRANCO 4UN,TRIUM,Emb. 4 UNID.,"2,25€","0,56€ / UNID.",
REFRIGERANTE S/GAS MULTIFRUTOS,JAFUN,Emb. 10 UNID.,"3,49€","0,35€ / UNID.",
Elixir Max White,COLGATE,Emb. 0.5 LT,"6,98€","13,96€ / LT",
"ALIMENT BEBE: PURE FEIJAO VERDE, BATATA BIO +4M  2X120G",BIO VILLAGE BEBE,Emb. 0.24 KG,"1,35€","5,63€ / KG",
Iogurte de Pêssego e Banana 4 Unid.,IOGOLINO,Emb. 0.4 KG,"2,88€","7,20€ / KG",
Iogurte Grego Natural,DÉLISSE,Emb. 1 KG,"2,25€","2,25€ / KG",
Preparado de Culinária de Soja Biológico 3x200ml,,Emb. 0.6 L,"3,99€","6,65€ / L",
Queijo Prato Amanteigado Pequeno,PAIVA,Emb. 0.55 KG,"7,48€","13,60€ / KG",
Água Coco 100% Natural,JAFADEN,Emb. 1 LT,"2,39€","2,39€ / LT",
DESFIADO PEIXE PREMIUM C/ MOLHO P/ GATO 4X85G,LYCAT,Emb. 4 UNID.,"1,89€","0,47€ / UNID.",
DETERGENTE MANUAL LOICA CONCENTRADO MENTA/EUCALIPTO ECOLOGICO 500ML,UNÍ VERT,Emb. 0.5 LT,"1,49€","2,98€ / LT",
TOALHITAS ANTI-DESCOLORACAO 40UN,TEXIL,Emb. 40 UNID.,"3,99€","0,10€ / UNID.",
Amendoins Torrados C/ Sal,TOKAPI,Emb. 0.25 KG,"1,09€","4,36€ / KG",
Ambientador Recarga Elétrico Lavanda e Aloé Vera,GLADE,Emb. 2 UNID.,"7,18€","3,59€ / UNID.",
Gelatina Light Sabor a Morango,TABLIER BLANC,Emb. 0.031 KG,"0,79€","25,48€ / KG",
Café Torrado Moído Lote Masaka Uganda Intensidade 11,SICAL,Emb. 0.22 KG,"3,88€","17,64€ / KG",
Carne de Porco Salgada C/ Lentilhas,CÔTÉ TABLE,Emb. 0.42 KG,"1,79€","4,26€ / KG",
BATOM NUTRITIVO 2UN,INELL,Emb. 2000 UNID.,"1,89€","0,00€ / UNID.",
CHOCOLATE C/ RECHEIO CREME LEITE,TABLETTE D'OR,,"2,15€",/ Unid.,
GOMAS ACIDAS COLA,COPAÍNS COPINES,Emb. 0.275 KG,"1,39€","5,05€ / KG",
Ice Tea Limão Zero Açúcar,LIPTON,Emb. 0.6 LT,"1,13€","1,88€ / LT",
Massa Estrelinhas,MILANEZA,Emb. 0.25 KG,"0,84€","3,36€ / KG",
Preparado de Carne Bovino Picada,FERIAL,Emb. 1 KG,"9,99€","9,99€ / KG",
Café Mistura Peninsular Moída,DELTA,Emb. 0.25 KG,"1,63€","6,52€ / KG",
IOGURTE DELILIGHT 0% IOG.NATURAL,DÉLISSE,Emb. 1.5,"1,99€","1,33€ /",
Cappuccino,NESCAFÉ,Emb. 0.25 KG,"6,38€","25,52€ / KG",
"Cuvete de Alumínio 5x1,5L",ELEMBAL,Emb. 5 UNID.,"2,49€","0,50€ / UNID.",
Esparguete,MILANEZA,Emb. 0.5 KG,"0,78€","1,56€ / KG",
Conector Mangueira Rápido 19Mm,BEAUX JOURS,Emb. 1 UNID.,"0,99€","0,99€ / UNID.",
ENROLADOR DOMESTICO 7M FOXTE,FOXTER,Emb. 1 UNID.,"13,99€","13,99€ / UNID.",
Chá Menta Anis Malva e Alcaçus Biológico,,Emb. 20 SAQ.,"0,99€","0,05€ / SAQ.",
Café Torrado Moído África e Ásia Intensidade 11,SICAL,Emb. 0.25 LT,"3,48€","13,92€ / LT",
Água S/ Gás Mineral,,Garrafa 1.5 LT,"0,40€","0,27€ / LT",
AXE GEL APOLLO,AXE,Emb. 0.4 LT,"3,29€","8,23€ / LT",
Detergente Roupa Máquina Líquido Sensitive,SKIP,Emb. 80 DOSES,"15,99€","0,20€ / DOSES",
Amaciador Concentrado Aromaterapia Violeta,VERNEL,Emb. 57 DOSES,"3,29€","0,06€ / DOSES",
Sacos de Lixo Casa de Banho com Atilho 20x10L,ELEMBAL,Emb. 20 UNID.,"0,89€","0,04€ / UNID.",
IOGURTE LIQUIDO FRUTOS TROPICAIS,DÉLISSE,Emb. 0.72 KG,"1,18€","1,64€ / KG",
Asas de Frango,,1 Unid. = 0.5 KG (aprox.),"2,49€/kg","1,25€ / Unid.",
Almôndegas proteína,IGLO,Emb. 0.24 KG,"4,78€","19,92€ / KG",
Cerveja com Álcool Green Limão 6x33cl,SUPER BOCK,Emb. 1.98 LT,"4,49€","2,27€ / LT",
Alimento Húmido P/ Gato Completo Geleia Carne 390g,LYCAT,Emb. 4 UNID.,"3,69€","0,92€ / UNID.",
BATATA FRITA LISA S/ SAL,POM'LISSE,Emb. 0.125 KG,"1,45€","11,60€ / KG",
Purina ONE Dual Nature Sterilized Vaca,PURINA,Emb. 0.4 KG,"3,98€","9,95€ / KG",
Detergente Manual Loiça Ultra Limão,FAIRY,Emb. 0.48 LT,"1,68€","3,50€ / LT",
Papel Higiénico Super Compact,RENOVA,Emb. 4 ROLOS,"2,48€","0,62€ / ROLOS",
Vinho Regional Dão Tinto,GRÃO VASCO,Garrafa 0.75 LT,"3,98€","5,31€ / LT",
Bife da Vazia Novilho,,1 Unid. = 0.55 KG (aprox.),"15,99€/kg","8,79€ / Unid.",
Espuma Barbear Revitalizante,CARRÉ HOMME,Emb. 0.2 LT,"1,49€","7,45€ / LT",
Água Natural,SERRA DA ESTRELA,Emb. 9 LT,"3,33€","0,37€ / LT",
TOURTEAU DE QUEIJO,NOS RÉGIONS ONT DU TALENT,Emb. 0.25 KG,"2,19€","8,76€ / KG",
London Dry Gin,GIBSON'S,Garrafa 0.7 LT,"9,49€","13,56€ / LT",
Creme Limpeza Micro Cristais Limão,CIF,Emb. 0.7 LT,"2,49€","3,56€ / LT",
Creme Autobrilhante Castanho Calçado com Esponja,SPLENDOR,Emb. 0.04 LT,"1,79€","44,75€ / LT",
Arroz Pot Frango E Cogumelos,KNORR,Emb. 0.075 KG,"1,98€","26,40€ / KG",
Cápsulas Leite Achocolatado Nesquik,DOLCE GUSTO,Emb. 16 CAPS.,"5,98€","0,37€ / CAPS.",
FRESHMATIC COM RECARGA LIFE SCENTS DELÍCIAS DE VERÃO,AIRWICK,Emb. 1 UNID.,"7,19€","7,19€ / UNID.",
Pensos Higiénicos Normal Alas,EVAX,Emb. 12 UNID.,"2,98€","0,25€ / UNID.",
Spray Mousse,NEOBLANC,Spray 0.7 LT,"2,59€","3,70€ / LT",
Cebola Laminada,NOTRE JARDIN,Emb. 1 KG,"1,75€","1,75€ / KG",
Mini Gelados de Chocolate Branco e de Chocolate Branco com Amêndoas Pack 6,MAGNUM,Emb. 0.33 LT,"4,98€","15,09€ / LT",
Arroz Agulha,COZINHA VELHA,Emb. 1 KG,"1,33€","1,33€ / KG",
Abóbora Batatas e Peru desde os 6 Meses S/ Glúten,NESTLÉ,Emb. 0.19 KG,"1,39€","7,32€ / KG",
"AGUA MICEL OLEO,OLH SENSI,400ML",GARNIER,,"7,98€",/ Unid.,
VELAS TEALIGHTS 100UN,ECO+,Emb. 100 UNID.,"4,99€","0,05€ / UNID.",
Azeitonas Pretas Descaroçadas,AGRODELTA,Emb. 0.16 KG,"1,49€","9,31€ / KG",
PILHAS ALCALINAS LR06,ECO+,Emb. 8 UNID.,"1,79€","0,22€ / UNID.",
Gel Banho Romã Natural,MANAVA,Emb. 0.75 LT,"1,79€","2,39€ / LT",
Pensos Incontinência Lindor Pads Mini 2 Gotas 14 Uni,LINDOR,,"3,14€",/ Unid.,
PRATOS BIODEGRADAVEIS17CM 25UN,HOMESIDE,Emb. 25 UNID.,"3,19€","0,13€ / UNID.",
Peito de Frango do Campo Embalado,,1 Unid. = 1 KG  (aprox.),"6,99€/kg","6,99€ / Unid.",
Óleo Alimentar 3L,FULA,Garrafão 3 LT,"7,89€","2,63€ / LT",
Sais De Fruta Digestivo Laranja,ENO,Emb. 0.15 KG,"6,88€","45,87€ / KG",
Dentífrico Protector Plantas Dentagard,COLGATE,Emb. 0.075 LT,"1,99€","26,53€ / LT",
Entremeada de Porco,,1 Unid. = 0.4 KG (aprox.),"4,29€/kg","1,72€ / Unid.",
Bolachas com Recheio de Limão Cobertura Chocolate,P'TIT DÉLI,Emb. 0.15 KG,"1,19€","7,93€ / KG",
Aipo,,Emb. 0.5 KG,"1,49€","2,98€ / KG",
Mistura de Pimentas 5 Bagas,MARGÃO,Emb. 0.024 KG,"3,98€","165,83€ / KG",
Maçã Reineta Cal. 70/75,,1 Unid. = 0.2 KG (aprox.),"1,99€/kg","0,40€ / Unid.",
Detergente Líquido para Máquina de Roupa,SKIP,Emb. 70 DOSES,"15,99€","0,23€ / DOSES",
Bolachas Recheadas com Aroma a Chocolate,P'TIT DÉLI,Emb. 0.3 KG,"1,20€","4,00€ / KG",
Gelado de Chocolate,CARTE D'OR,Emb. 0.75 LT,"1,94€","2,59€ / LT",
Laca Cabelos Oleosos,SUNSILK,Emb. 0.3 LT,"3,89€","12,97€ / LT",
Coloração 4-2 Castanho Avermelhado 16X3,SYOSS,,"4,99€",/ Unid.,
BOLACHA PALET RECEITA MADALENAS X8,P'TIT DÉLI,Emb. 0.125 KG,"0,99€","7,92€ / KG",
PORTFOLIO A4 80 BOLSAS,ESQUISSE,Emb. 1 UNID.,"4,19€","4,19€ / UNID.",
MASSA PIZZA RECTANG.T.BL,TABLIER BLANC,Emb. 0.385 KG,"1,79€","4,65€ / KG",
Vinho Regional Alentejo Branco,MONSARAZ,Garrafa 0.75 LT,"3,98€","5,31€ / LT",
Pão Embalado Burguer 4 Unid.,PANRICO,Emb. 0.3 KG,"1,53€","5,10€ / KG",
Bolachas com Pepitas Chocolate sem Açúcar,DIET NATURE,Emb. 0.125 KG,"1,99€","15,92€ / KG",
Iogurte Magro Líquido Morango e Kiwi 6 Unid.,MIMOSA,Emb. 0.936 LT,"2,69€","2,87€ / LT",
CANETA CORRETORA,ESQUISSE,Emb. 1 UNID.,"1,99€","1,99€ / UNID.",
Farinha Extra Fina S/ Fermento T55,NACIONAL,Emb. 1 KG,"1,08€","1,08€ / KG",
Topping Chocolate,MILKA,Emb. 0.3 KG,"3,68€","12,27€ / KG",
"BEBIDA SOJA C/CALCIO LIGHT ,1L",ALPRO,Emb. 1 LT,"1,89€","1,89€ / LT",
Queijo Emmental,,1 Unid. = 0.2 KG (aprox.),"10,99€/kg","2,20€ / Unid.",
Chá de Cidreira,LIPTON,Emb. 10 SAQ.,"0,69€","0,07€ / SAQ.",
Azeite Virgem Extra Clássico,GALLO,Emb. 0.75 LT,"4,49€","5,99€ / LT",
Conserva de Feijocas Verdes Extrafinas,NOTRE JARDIN,Lata 0.53 KG,"1,75€","3,30€ / KG",
Sriracha,PALADIN,Emb. 0.25 LT,"2,48€","9,92€ / LT",
PEITO DE FRANGO FATIADO,CAMPO FINO,Emb. 0.2 KG,"1,79€","8,95€ / KG",
Detergente Loiça Manual Concentrado Maça,SUPER POP,Emb. 0.7 LT,"1,49€","2,13€ / LT",
Conserva Cogumelos de Paris Laminados Biológicos,,Frasco 0.28 KG,"2,09€","7,46€ / KG",
Manteiguinhas,,Emb. 0.3 KG,"1,69€","5,63€ / KG",
Batatas Fritas Presunto,RUFFLES,Emb. 0.15 KG,"1,88€","12,53€ / KG",
Polvo Limpo Ultracongelado,,Emb. 0.5 KG,"6,59€","13,18€ / KG",
Lixívia Tradicional,NEOBLANC,Emb. 1 LT,"0,88€","0,88€ / LT",
Alimento Seco Cão Vaca Aves,LYDOG,Emb. 14 KG,"18,99€","1,36€ / KG",
Limonada,SPRINK'S,Emb. 1.5 LT,"1,19€","0,79€ / LT",
Vinho Regional Lisboa Tinto,VIDIGAL PORTA 6,Garrafa 0.75 LT,"3,79€","5,05€ / LT",
Mistura de Frutos Secos C/ Sal,MARQUE REPERE,Emb. 0.2 KG,"1,69€","8,45€ / KG",
MOLHO SOJA DOCE,TABLES DU MONDE,Emb. 0.125 LT,"1,19€","9,52€ / LT",
Gomas Tijolos,COPAÍNS COPINES,Emb. 0.2 KG,"0,99€","4,95€ / KG",
Pão Hamburger,EPI D'OR,Emb. 4 UNID.,"0,99€","0,25€ / UNID.",
ENVELOPE SILICONE 114X162MM,ESQUISSE,Emb. 100 UNID.,"2,99€","0,03€ / UNID.",
Caldos Legumes Desidratado Biológico 8x80g,,Emb. 0.08 KG,"1,29€","16,13€ / KG",
Champô Cuidado Clássico,TRESEMMÉ,Emb. 0.9 LT,"6,59€","7,32€ / LT",
Vassoura Espalmada Lisa C/ Cabo,,Emb. 1 UNID.,"1,99€","1,99€ / UNID.",
PRATOS QUADRADOS BIODEGRADAVEIS 26CM 10UN,HOMESIDE,Emb. 10 UNID.,"3,89€","0,39€ / UNID.",
Bolachas Duplo Creme,OREO,Emb. 0.185 KG,"1,68€","9,08€ / KG",
OIKOS AMORA 110G X4,OIKOS,Emb. 0.44 KG,"2,39€","5,43€ / KG",
Tira-Nódoas para Roupa Branca em Gel,SKIP,Emb. 1.6 LT,"6,99€","4,37€ / LT",
Alimento Seco P/ Gato Sénior +11 Anos de Frango,PURINA,Emb. 1.5 KG,"11,98€","7,99€ / KG",
Pêssego em Calda,ECO+,Emb. 0.85 KG,"1,99€","2,34€ / KG",
Fusilli sem Glúten,CHAQUE JOUR SANS GLUTEN,Emb. 0.4 KG,"1,49€","3,73€ / KG",
Queijo de Cabra Curado Pasteurizado,PALHAIS,Emb. 0.18 KG,"3,88€","21,56€ / KG",
Refrigerante S/ Gás Laranja,AQUARIUS,Garrafa 1.5 LT,"1,99€","1,33€ / LT",
BOLACHA AMENDOIM,,Emb. 0.26 KG,"2,75€","10,58€ / KG",
Conserva de Milho Doce Grão,ECO+,Emb. 0.3 KG,"0,80€","2,67€ / KG",
Desentupidor em Gel Forza Canos,MR MUSCLE,Emb. 0.1 LT,"4,09€","40,90€ / LT",
Esparguete,CAÇAROLA,Emb. 0.5 KG,"0,98€","1,96€ / KG",
Gel de Banho Black XL,AXE,Emb. 0.4 LT,"3,29€","8,23€ / LT",
Cogumelo Branco Inteiro,,1 Unid. = 0.3 KG  (aprox.),"4,99€/kg","1,50€ / Unid.",
"Carregador Usb 2,4A",LINKSTER,Emb. 1 UNID.,"7,90€","7,90€ / UNID.",
Água com Gás Limão 4x25 cl,FRIZE,Emb. 1 LT,"2,68€","2,68€ / LT",
Sementes de Abóbora,MARQUE REPERE,Emb. 0.2 KG,"1,89€","9,45€ / KG",
Lip Therapy Original,VASELINE,Emb. 0.017 KG,"2,98€","175,29€ / KG",
Mousse de Chocolate,TABLIER BLANC,Emb. 0.15 KG,"0,79€","5,27€ / KG",
Vinho Regional Bairrada Tinto,S. DOMINGOS,Garrafa 0.75 LT,"3,98€","5,31€ / LT",
NECTAR FRUTOS DO POMAR SEM ADICAO DE AÇÚCARES,JAFADEN,Emb. 1 LT,"1,40€","1,40€ / LT",
Espuma de Barbear,,,"1,29€",/ Unid.,
Vinho Verde Branco,CASAL GARCIA,Garrafa 0.75 LT,"3,19€","4,25€ / LT",
Pão de Ló de Ovar,NOS RÉGIONS ONT DU TALENT,Emb. 0.5 KG,"7,49€","14,98€ / KG",
Conserva de Cogumelos Laminados Da Horta,COMPAL,Emb. 0.29 KG,"0,99€","3,41€ / KG",
Cápsulas de Café C/ Leite Intenso,DOLCE GUSTO,Emb. 16 CAPS.,"5,98€","0,37€ / CAPS.",
Café Solúvel C/ Bebida Coco Vegan,NESCAFE GOLD,Emb. 0.09 KG,"3,68€","40,89€ / KG",
BANDAS DEPILATORIAS CERA FRIA PELE SENSIVEL ROSTO 32UN,SLISS,Emb. 32 UNID.,"1,84€","0,06€ / UNID.",
Vinho Regional Douro Tinto,TELLUS,Garrafa 0.75 LT,"4,98€","6,64€ / LT",
SALSICHA CHURRASCO ERVAS AROMATICAS,CAMPO FINO,Emb. 0.2 KG,"1,49€","7,45€ / KG",
Conserva de Grão da Horta,COMPAL,Lata 0.42 KG,"0,99€","2,36€ / KG",
TOALHITAS DESMAQUILHANTES PELES SENSIVEIS COM AGUA MICELAR 25UN,INELL,Emb. 25 UNID.,"0,99€","0,04€ / UNID.",
DETERGENTE MANUAL LOICA CONCENTRADO HIPOALERG.ECOLOGICO 500ML,UNÍ VERT,Emb. 0.5 LT,"1,49€","2,98€ / LT",
Sobremesa Creme Baunilha com Caramelo 4x125g,DÉLISSE,Emb. 0.5 KG,"1,79€","3,58€ / KG",
Spray de Limpeza Vidros e Superfícies Brilhantes Power&Shine,CIF,Emb. 0.75 LT,"2,49€","3,32€ / LT",
Asia Pot Noodles de Pato,KNORR,Emb. 0.061 KG,"1,88€","30,82€ / KG",
SACOS LIXO FECHO FACIL 20L,ELEMBAL,Emb. 20 UNID.,"1,05€","0,05€ / UNID.",
Penne Rigate,TRADIZIONI D'ITALIA,Emb. 0.5 KG,"1,59€","3,18€ / KG",
MINI SNACKS HIGIENE DENTARIA P/ GATO,TOUS MES AMIS,,"0,85€",/ Unid.,
LENCOS DE BOLSO 4F ECO,UNÍ VERT,Emb. 15 UNID.,"1,99€","0,13€ / UNID.",
Areias,,Emb. 0.3 KG,"1,69€","5,63€ / KG",
KIT DESENHO 4 PECAS INQUEBRAVEL,ESQUISSE,Emb. 1 UNID.,"2,89€","2,89€ / UNID.",
Salsichas Cocktail,TOKAPI,Lata 0.42 KG,"1,89€","4,50€ / KG",
"Gelado ""Tyrolia"" Caramelo",ESKISS,Emb. 0.65 LT,"2,25€","3,46€ / LT",
RECARGA P/ ESCOVA DENTES MACIA CABECA RECARRREGAVEL,DENTAMYL,,"1,25€",/ Unid.,
PATE RICO CARNE/PEIXE C/LEGUMES P/ GATO 4X100G 4X100G LYCAT,LYCAT,Emb. 4 UNID.,"1,89€","0,47€ / UNID.",
Vinho Tinto do Douro Reserva,CADÃO,Emb. 0.75 LT,"5,88€","7,84€ / LT",
Ervilhas Extra Finas,NOTRE JARDIN,Emb. 0.8 KG,"1,19€","1,49€ / KG",
Faca de Pintor 8Cm,FOXTER,Emb. 1 UNID.,"1,99€","1,99€ / UNID.",
MANTEIGA C/SAL,LES CROISÉS,Emb. 0.25 KG,"2,35€","9,40€ / KG",
Guardanapos 2 Folhas Gold 39x39 cm,RENOVA,Emb. 40 UNID.,"1,98€","0,05€ / UNID.",
BARRAS CEREAIS FROSTIES 6X25G,KELLOGG'S,Emb. 6 UNID.,"2,78€","0,46€ / UNID.",
Vinho Regional Minho Branco,TORRE MENAGEM,Garrafa 0.75 LT,"4,48€","5,97€ / LT",
Desodorizante Deo Stick White,OLD SPICE,Emb. 0.05 LT,"4,48€","89,60€ / LT",
Cápsulas de Café Alumínio Nespresso Decaffeinato,SEGAFREDO,Emb. 10 UN,"4,28€","0,43€ / UN",
Alimento Húmido P/ Gato Vários Sabores,GOURMET GOLD,Emb. 0.34 KG,"3,48€","10,24€ / KG",
Seleção de Frutos Secos,MARQUE REPERE,Emb. 0.33 KG,"5,39€","16,33€ / KG",
Bebida de Amêndoa,SHOYCE,Emb. 1 LT,"2,18€","2,18€ / LT",
Detergente Roupa Proteção Cores,WOOLITE,Emb. 30 DOSES,"6,99€","0,23€ / DOSES",
Queijo Pointe de Brie,LES CROISÉS,Emb. 0.2 KG,"1,69€","8,45€ / KG",
Mistura Solúvel Café,PLANTATION,Frasco 0.2 KG,"2,39€","11,95€ / KG",
Fio Dentário,COLGATE,Emb. 1 UNID.,"3,98€","3,98€ / UNID.",
Queijo Flamengo 1/4 Bola,PRIMOR,Emb. 0.35 KG,"3,48€","9,94€ / KG",
Leite Condensado Magro,DÉLISSE,Emb. 0.37 KG,"1,09€","2,95€ / KG",
Desodorizante Roll- On Dry Fresh,NIVEA,Emb. 0.05 LT,"3,98€","79,60€ / LT",
Fralda Cueca T6 +16Kg Eco,MOTS D'ENFANTS,Emb. 18 UNID.,"6,99€","0,39€ / UNID.",
Bolachas Maria Oro,CUÉTARA,Emb. 0.8 KG,"2,98€","3,73€ / KG",
Caldo de Galinha,KNORR,Emb. 0.16 KG,"2,39€","14,94€ / KG",
Manhãzitos Planetus 3x35g,PANRICO,Emb. 0.21 KG,"2,68€","12,76€ / KG",
Atum em Óleo Vegetal,BOM PETISCO,Emb. 0.12 KG,"1,26€","10,50€ / KG",
Salsicha Frankfurt,CAMPOFRIO,Emb. 0.14 KG,"0,98€","7,00€ / KG",
Refrigerante sem Gás Ananás,FRUTIS,Emb. 1.5 LT,"1,15€","0,77€ / LT",
Douradinhos Salmão Selvagem 10 Unid. Ultracongelado,IGLO,Emb. 0.28 KG,"5,68€","20,29€ / KG",
Iced Tea Limão,NESTEA,Garrafa 1.5 LT,"1,00€","0,67€ / LT",
Arroz Agulha,PATO REAL,Emb. 1 KG,"1,18€","1,18€ / KG",
Bloco de Foie Gras de Pato,PIRRE DE CHAUMEYRAC,Lata 0.2 KG,"8,99€","44,95€ / KG",
Arroz Doce com Aroma de Baunilha 4x115g,DÉLISSE,Emb. 0.46 KG,"1,79€","3,89€ / KG",
Barras de Peixe Panadas Pré-Fritas 15x30g Ultracongeladas,ECO+,Emb. 0.45 KG,"2,29€","5,09€ / KG",
Linguiça Picante,CHARCUTARIA,Emb. 0.15 KG,"1,29€","8,60€ / KG",
Toalhitas WC Criança Perfurmada,MOTS D'ENFANTS,Emb. 60 UNID.,"1,35€","0,02€ / UNID.",
Chouriça do Lavrador,SNR,Emb. 0.18 KG,"2,29€","12,72€ / KG",
Barras de Cereais Trigo Integral C/ Leite 6 Unid.,GOLDEN GRAHAMS,Emb. 0.15 KG,"3,28€","21,87€ / KG",
Caldo Galinha 16 Cubos,MAGGI,Emb. 0.16 KG,"2,09€","13,06€ / KG",
Pão de Forma Integral sem Côdea,EPI D'OR,Emb. 0.45 KG,"2,09€","4,64€ / KG",
Cotonetes Stoppers Bebé,MOTS D'ENFANTS,Emb. 50 UNID.,"0,48€","0,01€ / UNID.",
Azeite virgem,GALLO,Emb. 3 LT,"15,89€","5,30€ / LT",
Iogurte Soja Frutos Vermelhos 4 Unid.,NAT&VIE,Emb. 0.4 KG,"1,49€","3,73€ / KG",
Iogurte Líquido Cálcio 8x100 g,DÉLISSE,Emb. 0.8 KG,"1,99€","2,49€ / KG",
Ameixa Seca C/ Caroço,MARQUE REPERE,Emb. 0.25 KG,"1,99€","7,96€ / KG",
Batatas Fritas Lisas Camponesas,POM'LISSE,Emb. 0.2 KG,"1,19€","5,95€ / KG",
Esfregão Fibra Verde Classic XXL,SCOTCH BRITE,Emb. 1 UNID.,"0,99€","0,99€ / UNID.",
Vinagre Balsâmico de Modena Gourmet,GALLO,Emb. 0.25 LT,"2,16€","8,64€ / LT",
DOCE EXTRA MIRTILO LIGHT,DOUCEUR DU VERGER,Emb. 0.34 KG,"1,99€","5,85€ / KG",
Sais de Fruta Digestivo Limão,ENO,Emb. 10 UNID.,"4,98€","0,50€ / UNID.",
Sumo Active Drink Manga Cenoura,SANTAL,Emb. 1.5 LT,"2,13€","1,42€ / LT",
Desodorizante Roll-On Pepino 0%Alumínio,DOVE,Emb. 0.05 LT,"2,84€","56,80€ / LT",
Bloco sanitário power 5 duo pack ocean,DOMESTOS,Emb. 0.11 KG,"2,74€","24,91€ / KG",
Croissant de Manteiga 8Unid.,EPI D'OR,Emb. 0.32 KG,"2,29€","7,16€ / KG",
Papel Higiénico 2 Folhas Estra XXL 18=45,RENOVA,Emb. 18 ROLOS,"11,84€","0,66€ / ROLOS",
Cereais Pétalas Trigo Chocolate,P'TIT DÉLI,Emb. 0.4 KG,"1,34€","3,35€ / KG",
Vinagre de Vinho Branco,RUSTICA,Garrafa 0.75 LT,"0,65€","0,87€ / LT",
Recarga para Difusor Automático Delicias de Verão,AIRWICK,Emb. 0.019 LT,"3,59€","188,95€ / LT",
Tablete Chocolate 70% Cacau,LA CASA,Emb. 0.1 KG,"1,64€","16,40€ / KG",
VINAGRE BALSAMICO BRANCO,RUSTICA,Emb. 0.025 LT,"1,69€","67,60€ / LT",
Pudim Ananás,BOCA DOCE,Emb. 0.022 KG,"0,58€","26,36€ / KG",
CRISTAIS SODA 500G CLAIR,CLAIR,Emb. 0.5 KG,"1,99€","3,98€ / KG",
Molho de Tomate com Azeitonas e Manjericão,TURINI,Emb. 0.42 KG,"1,45€","3,45€ / KG",
Drageia de Morango Mix,MENTOS,Emb. 0.037 KG,"0,68€","18,38€ / KG",
Gelatina Light Ananás 2x15g,CONDI,Emb. 0.03 KG,"1,88€","62,67€ / KG",
Ovos Solo M,SNR,Emb. 6 UNID.,"1,09€","0,18€ / UNID.",
Batata Vermelha,,1 Unid. = 1 KG   (aprox.),"0,99€/kg","0,99€ / Unid.",
BALANCA DIGITAL BAGAGEM,RIVERSIDE,Emb. 1 UNID.,"9,99€","9,99€ / UNID.",
Gel Studio Line Indestructible Extremo 9,L'ORÉAL PARIS,Emb. 0.15 LT,"5,98€","39,87€ / LT",
Galetes de 4 Cereais Biológicas,,Emb. 0.13 KG,"0,99€","7,62€ / KG",
Detergente Manual Loiça Concentrado Original,FAIRY,Emb. 0.78 LT,"2,69€","3,45€ / LT",
Alimento P/ Gato Adulto de Salmão,PURINA,Emb. 3 KG,"22,98€","7,66€ / KG",
Massa Estrelinhas,TURINI,Emb. 0.25 KG,"0,55€","2,20€ / KG",
MUSLITOS,PÊCHE OCÉAN,Emb. 0.25 KG,"1,49€","5,96€ / KG",
Café Ricoré,DOLCE GUSTO,Emb. 16 CAPS.,"5,98€","0,37€ / CAPS.",
LUVAS JARDINAGEM L ROSA,BEAUX JOURS,Emb. 1 UNID.,"1,89€","1,89€ / UNID.",
Bolachas Wafer de Cacau -40% Açúcares,VIEIRA,Emb. 0.1 KG,"1,48€","14,80€ / KG",
Leite de Cabra UHT Meio Gordo,PRÉSIDENT,Emb. 1 LT,"2,43€","2,43€ / LT",
Beterraba Fresca,,1 Unid. = 0.27 KG (aprox.),"1,59€/kg","0,43€ / Unid.",
Spray Elimina Odores de Roupa Extra,FEBREZE,Emb. 0.5 LT,"3,98€","7,96€ / LT",
Pensos Incontinência Discreet Maxi Night,AUSONIA,Emb. 16 UNID.,"7,98€","0,50€ / UNID.",
Pão Torrado Integral Biológico,,Emb. 0.25 KG,"1,95€","7,80€ / KG",
Tempero de Alho & Coentros 8 Cubos,KNORR,Emb. 0.072 KG,"1,49€","20,69€ / KG",
Champô Sólido Bio,BIONAÏA,Emb. 0.085 KG,"4,99€","58,71€ / KG",
AE COCKPIT 600 ML 600ML TECH9,TECH9,Emb. 0.6 LT,"3,79€","6,32€ / LT",
COTONETES ALGODAO C/ CAIXA DE TAMPA,INELL,Emb. 16 UNID.,"1,15€","0,07€ / UNID.",
Puré Maçã Ameixa S/ Adição Açúcar 4 Unid.,DOUCEUR DU VERGER,Emb. 0.4 KG,"1,59€","3,98€ / KG",
Bebida Energética Zero,X-TENSE,Garrafa 1 LT,"1,49€","1,49€ / LT",
Pá 29Cm,BEAUX JOURS,Emb. 1 UNID.,"10,99€","10,99€ / UNID.",
Azeite Clássico Pet,OLIVEIRA DA SERRA,Emb. 0.75 LT,"5,58€","7,44€ / LT",
VELA NUMERO - 4,ARDENCE,Emb. 1 UNID.,"0,89€","0,89€ / UNID.",
Patê Fiambre Sólo Natural,LA PIARA,Emb. 0.077 KG,"1,29€","16,75€ / KG",
PATE RICO CARNE/PEIXE/LEGUMES P/GATO 8X100G,LYCAT,Emb. 8 UNID.,"3,55€","0,44€ / UNID.",
BOLACHA MY COOKIES AVEIA,NACIONAL,Emb. 0.15 KG,"1,78€","11,87€ / KG",
Mousse Liégeoise de Chocolate 8X80g,DÉLISSE,Emb. 0.64 KG,"2,79€","4,36€ / KG",
Batatas Fritas Receita Camponesa,LAY'S,Emb. 0.25 KG,"2,48€","9,92€ / KG",
Sumo Maçã e Pêssego C/ Gás S/ Álcool,GIBUS,Emb. 0.75 LT,"2,49€","3,32€ / LT",
Massa Mac & Cheese,KNORR,Emb. 0.062 KG,"1,88€","30,32€ / KG",
Mistura Gourmet,TOKAPI,Emb. 0.12 KG,"1,79€","14,92€ / KG",
MOLHO PARA BATATAS FRITAS,RUSTICA,Emb. 0.255 KG,"1,39€","5,45€ / KG",
"GEL DUCHE ""ROMA/PAEONIA"" CONCENTRADO",NATEIS,,"1,85€",/ Unid.,
BLOCO NOTAS  LISO 50F A5,ESQUISSE,Emb. 50 FOLHAS,"1,29€","0,03€ / FOLHAS",
Uva Preta,,1 Unid. = 0.25 KG (aprox.),"3,49€/kg","0,87€ / Unid.",
PATE PEIXE/CENOURA P/ GATO 410G,ECO+,Emb. 0.41 KG,"0,65€","1,59€ / KG",
COUVE DE BRUXELAS CONGELADAS,NOTRE JARDIN,Emb. 1 KG,"1,59€","1,59€ / KG",
Manhãzitos Planetus 9x2 Unid.,BOLLYCAO,Emb. 0.315 KG,"3,68€","11,68€ / KG",
Espuma Barbear Extra Hidratante,NIVEA MEN,Emb. 0.2 LT,"3,59€","17,95€ / LT",
Conserva de Salsichas 8 Unid.,IZIDORO,Lata 0.2 KG,"1,24€","6,20€ / KG",
Alimento Seco P/ Gatos Esterilizados Peru e Legumes,PURINA FRISKIES,Emb. 3 KG,"7,79€","2,60€ / KG",
Molho Bifana com Mostarda,CALVÉ,Emb. 0.26 KG,"2,68€","10,31€ / KG",
Desodorizante Deo Roll On Bio Eficácia,NARTA,Emb. 0.05 LT,"3,98€","79,60€ / LT",
"GELADO ""TYROLIA"" CREME BRULEE",ESKISS,Emb. 0.65 LT,"2,25€","3,46€ / LT",
Cogumelo Portobello,,Emb. 0.2 KG,"1,69€","8,45€ / KG",
Desumidificador + Recarga,FOXTER,Emb. 1 UNID.,"9,99€","9,99€ / UNID.",
Feijão Verde,,1 Unid. = 0.55 KG (aprox.),"2,99€/kg","1,64€ / Unid.",
Alimento Seco para Cães Pequenos Croquetes,LYDOG,Emb. 2 KG,"4,99€","2,50€ / KG",
LENCOS BOLSO 4F ALOE VERA,CARESSE,Emb. 12 UNID.,"1,89€","0,16€ / UNID.",
Desodorizante Creme,DOVE,Emb. 0.05 LT,"2,84€","56,80€ / LT",
Escova de Dentes Média,COLGATE,Emb. 1 UNID.,"4,38€","4,38€ / UNID.",
Bolachas de Água e Sal Integral -40% de Sal,VIEIRA,Emb. 0.186 KG,"2,95€","15,86€ / KG",
IDENTIFICADOR BAGAGEM PLASTICO 2UN,RIVERSIDE,,"2,99€",/ Unid.,
Camarão Cozido Cal. 60/80,,1 Unid. = 0.28 KG (aprox.),"10,99€/kg","3,08€ / Unid.",
Rebuçados de Morango,COPAÍNS COPINES,Emb. 0.25 KG,"1,19€","4,76€ / KG",
MIOLO DE CAMARAO SKIN PACK 100/200,PÊCHE OCÉAN,Emb. 0.16 KG,"2,99€","18,69€ / KG",
CREME SABOR PISTACHIOS,DÉLISSE,Emb. 0.4 KG,"2,39€","5,98€ / KG",
Bolachas Maçã,NAT&VIE,Emb. 0.2 KG,"1,69€","8,45€ / KG",
Fraldas Activity T4 Extra 9-15 Kg,DODOT,Emb. 52 UNID.,"13,29€","0,26€ / UNID.",
PRATO + NAPERON 32CM,,Emb. 1 UNID.,"0,69€","0,69€ / UNID.",
Sidra Normand Brut,LES GOELLERIES,Garrafa 0.75 LT,"2,19€","2,92€ / LT",
Arroz Semi Integral,,Emb. 0.5 KG,"1,19€","2,38€ / KG",
Salsichão Seco,ST AZAY,Emb. 0.3 KG,"3,99€","13,30€ / KG",
Garrafão de Moscatel em Palha,DORRÃO,Emb. 2 L,"12,99€","6,50€ / L",
FEIJAO BRANCO LATA MGUIA,NOTRE JARDIN,Emb. 0.425 KG,"0,69€","1,62€ / KG",
Preservativos Finíssimos + Gel Nature,CONTROL,Emb. 6 UNID.,"6,98€","1,16€ / UNID.",
Limpa Churrasqueiras e Recuperadores de Calor,MISTOLIN,Emb. 0.5 LT,"4,84€","9,68€ / LT",
TOALHITAS HIGIENE INTIMA,DOULYS,Emb. 20 UNID.,"0,79€","0,04€ / UNID.",
DOVE Sabonete Líquido para as Mãos Recarga,DOVE,Emb. 0.5 LT,"2,99€","5,98€ / LT",
"Alimento Húmido P/Cão Adulto C/ Gelatina de Boi, Frango e Cordeiro",,Emb. 0.4 KG,"2,58€","6,45€ / KG",
Alimento Húmido P/ Cão Paté Borrego,TOUS MES AMIS,Emb. 0.3 KG,"0,79€","2,63€ / KG",
Escova de Dentes Slim Soft Suave,COLGATE,Emb. 1 UNID.,"3,48€","3,48€ / UNID.",
Molho Big Burger,CALVÉ,Emb. 0.25 LT,"2,68€","10,72€ / LT",
Dobrada de Feijão Branco,NOBRE,Lata 0.42 KG,"1,76€","4,19€ / KG",
Vinho Verde Branco,AVELEDA,Emb. 0.075 LT,"3,39€","45,20€ / LT",
Alimento Húmido Gato Paté Salmão,TOUS MES AMIS,Emb. 0.1 KG,"0,55€","5,50€ / KG",
Menu Saquetas Carne em Gelatina 12X100G,LYCAT,Emb. 12 UNID.,"3,99€","0,33€ / UNID.",
SORVETE MULTIFRUTOS TWIST 5UN,SMICY,Emb. 5 UNID.,"2,05€","0,41€ / UNID.",
Pintarolas,EPA,Emb. 0.6 LT,"2,99€","4,98€ / LT",
Sumo 100% Toranja,JAFADEN,Emb. 1 LT,"1,99€","1,99€ / LT",
Pantene Cuidado Clássico Champô,PANTENE PV,Emb. 0.25 LT,"3,29€","13,16€ / LT",
BOLSA CATALOGO 100UN,ECO+,Emb. 100 UNID.,"3,99€","0,04€ / UNID.",
Conserva de Lulas Recheadas,PITEU,Emb. 0.12 KG,"2,98€","24,83€ / KG",
MAQ.BARBEAR 3 LAMINAS DESCARTAVEL,CARRÉ HOMME,,"3,09€",/ Unid.,
Biscoitos P/ Roedores Ovo e Fruta,TOUS MES AMIS,Emb. 6 UNID.,"1,49€","0,25€ / UNID.",
Camarão Aquicultura Cal. 20/30 Congelado,,1 Unid. = 0.25 KG (aprox.),"8,99€/kg","2,25€ / Unid.",
Iogurte Líquido Morango Framboesa 4x155g,CORPOS DANONE,Emb. 0.62 KG,"1,69€","2,73€ / KG",
PIZZA 3 QUEIJOS BIO,,Emb. 0.38 KG,"3,79€","9,97€ / KG",
Água S/ Gás 6 Unid.,ECO+,Garrafa 9 LT,"1,50€","0,17€ / LT",
Laca Elnett Latin Fixação Forte,L'ORÉAL PARIS,Spray 0.3 LT,"5,98€","19,93€ / LT",
Refrigerante C/ Gás Laranja,ECO+,Garrafa 2 LT,"0,79€","0,40€ / LT",
Douradinhos Ultracongelados de Frango Pré-Fritos,IGLO,Emb. 0.25 KG,"4,99€","19,96€ / KG",
Óleo para Bebé,JOHNSON'S BABY,Emb. 0.3 LT,"3,58€","11,93€ / LT",
Lenços de Bolso Lavanda Sensitive 4 Folhas,RENOVA,Emb. 6 UNID.,"0,98€","0,16€ / UNID.",
Iogurte Bifidus de Pessego S/ Lactose 0% 4 Unid.,DANONE,Emb. 0.48,"2,19€","4,56€ /",
Chipicao Multipack 4x57 g,CHIPICAO,Emb. 0.228 KG,"2,84€","12,46€ / KG",
MÁQUINA BARBEAR DESCARTAVEIS 2 LAMINAS,CARRÉ HOMME,Emb. 10 UNID.,"1,59€","0,16€ / UNID.",
Chá de Tília,LIPTON,Emb. 20 SAQ.,"1,20€","0,06€ / SAQ.",
MOLHO DE COGUMELOS DESIDRATADO,RUSTICA,Emb. 0.027 KG,"0,45€","16,67€ / KG",
Costeletas de Novilho,,1 Unid. = 0.2 KG (aprox.),"8,99€/kg","1,80€ / Unid.",
Champô Karité Óleo Côco Cabelos Muito Secos,NATEIS,Emb. 0.25 LT,"1,69€","6,76€ / LT",
Café Cápsulas Qalidus Intensidade 10,DELTA,Emb. 10 CAPS.,"3,39€","0,34€ / CAPS.",
Conserva de Salsichas 8 Unid.,IZIDORO,Frasco 0.65 KG,"3,14€","4,83€ / KG",
Cogumelos Laminados Embalados,,1 Unid. = 0.3 KG  (aprox.),"2,49€/kg","2,49€ / Unid.",
Maionese Top Down,CALVÉ,Emb. 0.238 KG,"3,28€","13,78€ / KG",
GELEIA MARMELO 345G,CASA MATEUS,Emb. 0.345 KG,"2,47€","7,16€ / KG",
Café Torrado Moído Vietname Moagem Universal Intensidade 10,SICAL,Emb. 0.22 KG,"3,88€","17,64€ / KG",
Croissant Brioche,,1 UNID.,"0,65€","0,65€ / UNID.",
ALICATE MULTIPLO 250 MM,FOXTER,Emb. 1 UNID.,"7,99€","7,99€ / UNID.",
Entrecosto de Porco Preto,,1 Unid. = 0.5 KG (aprox.),"4,49€/kg","2,25€ / Unid.",
Escova de Dentes 3-5 anos,ORAL B,Emb. 1 UNID.,"2,24€","2,24€ / UNID.",
Snack de Chocolate,KIT KAT,Emb. 0.041 KG,"0,74€","18,05€ / KG",
Alimento Seco para Gatinhos Completo,LYCAT,Emb. 0.4 KG,"0,99€","2,48€ / KG",
Bombons de Chocolate Leite Recheio de Marshmallow,COPAÍNS COPINES,Emb. 0.2 KG,"1,49€","7,45€ / KG",
Iogurte Natural 12x125g,DÉLISSE,Emb. 1.5 KG,"1,99€","1,33€ / KG",
Conjunto Borracha Mista,ESQUISSE,,"0,99€",/ Unid.,
Paté para Cão de Vaca e Coração,TOUS MES AMIS,Emb. 0.3 KG,"0,79€","2,63€ / KG",
Cápsulas Café Latte Macchiato P/ Dolce Gusto,STARBUCKS,Emb. 12 CAPS.,"5,48€","0,46€ / CAPS.",
Refrigerante C/ Gás Pack 6,SPRITE,,"4,13€",/ Unid.,
Pão Padeira de Trigo,,1 Unid. = 0.4 KG,"0,99€","2,48€ / KG",
DETERGENTE CAPSULAS 3 EM 1 ORIENTE P/ROUPA,EPSIL,,"4,99€",/ Unid.,
Salsichas de Aves 8 Unidades,NOBRE,Emb. 0.42 KG,"4,28€","10,19€ / KG",
GEL ANTI-CALCARIO 750ML,TEXIL,Emb. 0.75 KG,"2,28€","3,04€ / KG",
CEREAIS BOLAS DE MEL BIO,,,"1,99€",/ Unid.,
"CHUPA CHUPS ASSORT S/ACUCA,,66G",,,"2,98€",/ Unid.,
Queijo Curado Três Igrejas Mistura 2 Meses,SALOIO,1 Unid. = 0.25 KG (aprox.),"16,88€/kg","4,22€ / Unid.",
MANGUEIRA 19MMX25M,BEAUX JOURS,Emb. 1 UNID.,"29,95€","29,95€ / UNID.",
Amaciador Cabelo Camomila e Mel de Flores,ULTRA SUAVE,Emb. 0.2 LT,"3,58€","17,90€ / LT",
BOLACHA MARIA,P'TIT DÉLI,,"1,49€",/ Unid.,
ESPUMA CABELO ESPECIAL CARACOIS 200ML,VITANOVE,Emb. 0.2 LT,"1,09€","5,45€ / LT",
CORTINA DUCHE 180X200 BRANCO,SILLAGE,Emb. 1 UNID.,"5,99€","5,99€ / UNID.",
PORTFOLIO A4 40 BOLSAS,ESQUISSE,Emb. 1 UNID.,"2,59€","2,59€ / UNID.",
RECARGAS MOPA 40,CLAIR,Emb. 40 UNID.,"2,75€","0,07€ / UNID.",
Bolo Rei Seleção,,1 Unid. = 0.8 KG (aprox.),"4,99€/kg","3,99€ / Unid.",
Gelatina Light de Mirtilo 2x15g,CONDI,Emb. 0.03 KG,"1,88€","62,67€ / KG",
SUMO MACA -30% ACUCAR,JAFADEN,,"1,29€",/ Unid.,
Tablete Chocolate Preto para Culinária,TABLETTE D'OR,Emb. 0.2 KG,"1,09€","5,45€ / KG",
Mão de Borrego,,1 Unid. = 1 KG (aprox.),"8,99€/kg","8,99€ / Unid.",
Cookies de Chocolate com Pepitas Chocolate Biológicas,,Emb. 0.2 KG,"1,89€","9,45€ / KG",
ALIMENTO PARA CANARIOS,ECO+,Emb. 1 KG,"1,89€","1,89€ / KG",
Recarga para Difusor Automático Lavanda e Jasmim,BRISE,Emb. 1 UNID.,"3,59€","3,59€ / UNID.",
Pantene Volume & Brilho Condicionador 160 ml,,Emb. 0.16 LT,"4,98€","31,13€ / LT",
Migas Bacalhau da Noruega,,Emb. 0.4 KG,"5,19€","12,98€ / KG",
Ananás em Calda,FRUÍSTAR,Emb. 0.825 KG,"2,49€","3,02€ / KG",
Gel de Banho Hidratante Baby Rich Moisture,BABY DOVE,Emb. 0.4 LT,"3,29€","8,23€ / LT",
Sabão Marselha Cubo,EPSIL,,"1,59€",/ Unid.,
Alimento Húmido P/ Gato C/ Carne de Vaca e Frango,GOURMET GOLD,Emb. 0.085 KG,"0,74€","8,71€ / KG",
Bolo de Marmore Chocolate,P'TIT DÉLI,Emb. 0.3 KG,"2,19€","7,30€ / KG",
Água com Gás Levíssima 6x33cl,PEDRAS SALGADAS,Emb. 1.98 LT,"2,77€","1,40€ / LT",
VASSOURA RELVA 21 DENTES,BEAUX JOURS,Emb. 1 UNID.,"9,99€","9,99€ / UNID.",
Cerveja C/ Álcool,CARLSBERG,Lata 0.033 LT,"0,74€","22,42€ / LT",
Cereais de Milho S/ Glúten Corn Flakes,NESTLÉ,Emb. 0.375 KG,"2,24€","5,97€ / KG",
Patê Bocadelia de Caranguejo,LA PIARA,Frasco 0.17 KG,"2,24€","13,18€ / KG",
Champô Extra Suave,MANAVA,Emb. 0.5 LT,"2,29€","4,58€ / LT",
Champô Cabelos Normais Fructis Anti Caspa 2 em 1,GARNIER,Emb. 0.25 LT,"3,98€","15,92€ / LT",
Café Cápsulas Selezionato Intensidade 7,PLANTATION,Emb. 10 CAPS.,"2,09€","0,21€ / CAPS.",
Refeição Vegalia Caril de Grão Vegan,NOBRE VEGALIA,Emb. 0.42 KG,"3,34€","7,95€ / KG",
Feijão Verde Muito Fino Ultracongelados,,Emb. 1 KG,"1,29€","1,29€ / KG",
Cola Madeira Rapida Em Tubo,FOXTER,Emb. 0.055 LT,"1,99€","36,18€ / LT",
Compota de Fruta de Maçã sem Adição de Açúcares 4x100g,DOUCEUR DU VERGER,Emb. 0.4 KG,"1,39€","3,48€ / KG",
DOCE TEMPORADA ABÓBORA 350G,CASA MATEUS,Emb. 0.35 KG,"2,69€","7,69€ / KG",
Laca Elnett Latin Fixação Extra Forte,L'ORÉAL PARIS,Spray 0.3 LT,"5,98€","19,93€ / LT",
Couve Roxa,,1 Unid. = 1 KG (aprox.),"1,29€/kg","1,29€ / Unid.",
Absorvente Branco para Gato Aglomerante,TOUS MES AMIS,Emb. 4 LT,"2,99€","0,75€ / LT",
Fraldas Bebé T3 Doucer 4/9Kg,MOTS D'ENFANTS,Emb. 90 UNID.,"10,03€","0,11€ / UNID.",
ACUCAR BAUNILHA X10 SAQUETAS,TABLIER BLANC,Emb. 0.075 KG,"1,59€","21,20€ / KG",
BATOM NUTRE E PROTEGE BIO,BIONAÏA,Emb. 1 UNID.,"2,25€","2,25€ / UNID.",
Escova P/Loica C/Dispensador Detergente,SILLAGE,Emb. 1 UNID.,"1,79€","1,79€ / UNID.",
Alimento Húmido para Gato Peixes em Geleia 24x100g,TOUS MES AMIS,Emb. 24 UNID.,"6,99€","0,29€ / UNID.",
Guardanapos 2F 40x40,MARQUE REPERE,Emb. 90 UNID.,"2,39€","0,03€ / UNID.",
Pensos Higiénicos Noite Alas,EVAX,Emb. 9,"2,98€","0,33€ /",
Peito de Peru,,1 Unid. = 0.3 KG (aprox.),"7,29€/kg","2,19€ / Unid.",
ROLO COZINHA 2F COMPACTO 2=4 ECOLOGICO,UNÍ VERT,,"2,99€",/ Unid.,
Sidra com Álcool de Maça 50cl,SOMERSBY,Emb. 0.5 LT,"1,24€","2,48€ / LT",
PEITO DE PERU FATIAS FINAS,CAMPO FINO,Emb. 0.15 KG,"1,49€","9,93€ / KG",
Bolachas Recheadas Baunilha,ECO+,Emb. 0.5 KG,"1,39€","2,78€ / KG",
Wafers Enroladas Cobertas Chocolate de Leite,P'TIT DÉLI,Emb. 0.125 KG,"1,49€","11,92€ / KG",
Chá de Camomila,,Emb. 25 SAQ.,"0,79€","0,03€ / SAQ.",
Queijo Apimentado de Lamego,PAIVA,1 Unid. = 1.2 KG (aprox.),"10,99€/kg","13,19€ / Unid.",
Rissóis de Camarão 8 Unid.,SNR,Emb. 0.325 KG,"1,99€","6,12€ / KG",
Preparado de Arroz de Marisco,PESCANOVA,Emb. 0.5 KG,"4,99€","9,98€ / KG",
Bolachas Tostada com Leite 4x200gr,P'TIT DÉLI,Emb. 0.8 KG,"1,59€","1,99€ / KG",
Edulcorante de Mesa,CANDEREL,Emb. 0.09 KG,"2,99€","33,22€ / KG",
Sumo Maçã,JAFADEN,Emb. 1 LT,"0,69€","0,69€ / LT",
Papel Higiénico 4 Folhas,RENOVA,Emb. 12 ROLOS,"7,18€","0,60€ / ROLOS",
Gelatina em Pó Ananás 2x85g,TABLIER BLANC,Emb. 0.17 KG,"0,85€","5,00€ / KG",
Alimento Seco Cão Croquetes Ricos em Carnes,ECO+,Emb. 10 KG,"11,99€","1,20€ / KG",
Macarrão,ECO+,Emb. 1 KG,"1,29€","1,29€ / KG",
Dossier A4 Plástico Lombada 4Cm Argolas,ESQUISSE,Emb. 1 UNID.,"2,59€","2,59€ / UNID.",
Atum em Posta,BOM PETISCO,Emb. 0.385 KG,"4,26€","11,06€ / KG",
Snack P/ Gato Sabor do Oceano,FELIX,Emb. 0.2 KG,"3,98€","19,90€ / KG",
Tomate Pelado,GULOSO,Emb. 0.39 KG,"1,04€","2,67€ / KG",
Desodorizante Roll-On Tropical 48H,REXONA,Emb. 0.05 LT,"2,69€","53,80€ / LT",
Bolachinhas de Manteiga sem Glúten,CHAQUE JOUR SANS GLUTEN,Emb. 0.13 KG,"1,89€","14,54€ / KG",
"ATUM EM AZEITE, 120G",TENÓRIO,Emb. 0.12 KG,"2,14€","17,83€ / KG",
Manteiga C/ Sal,MILHAFRE,Emb. 0.25 KG,"2,28€","9,12€ / KG",
Vinho Regional Alentejo Branco,REGUENGOS,Garrafa 0.75 LT,"2,39€","3,19€ / LT",
Bôla de Fiambre,,1 Unid. = 1.6 KG (aprox.),"8,99€/kg","14,38€ / Unid.",
"SYOSS KERATIN MOUSSE,,250ML",SYOSS,Emb. 0.25 LT,"3,24€","12,96€ / LT",
ELIXIR BOCAL EXPERT SENSITIVE,DENTAMYL,Emb. 0.5 LT,"1,29€","2,58€ / LT",
Cápsulas Café Cortado Espresso Macchiato Intensidade 8,DOLCE GUSTO,Emb. 16 CAPS.,"5,98€","0,37€ / CAPS.",
Alimento Seco P/ Cão Adulto Carne Vaca,PURINA ONE,Emb. 1.5 KG,"8,64€","5,76€ / KG",
COGUMELOS FERBAR INTEIRO 290G,FERBAR,Emb. 0.29 KG,"1,33€","4,59€ / KG",
DENTIFRICO CARVAO BIO,BIONAÏA,Emb. 0.075 LT,"1,99€","26,53€ / LT",
MOLHO SALADAS C/ ERVAS FINAS,RUSTICA,Emb. 0.5 LT,"0,84€","1,68€ / LT",
CERA LIQUIDA CASTANHA 75ML,LA VACHETTE,Emb. 0.075 LT,"2,15€","28,67€ / LT",
Cone Baunilha e Chocolate,TRIUM,Emb. 6 UNID.,"1,99€","0,33€ / UNID.",
Verniz de Unhas 60 Segundos 203,RIMMEL,Emb. 1 UNID.,"5,58€","5,58€ / UNID.",
Chourição Gran Doblon Picante,CAMPOFRIO,1 Unid. = 0.1 KG (aprox.),"15,69€/kg","1,57€ / Unid.",
Ambientador Micado Stick Up Muddle Wine,AIR WICK,Emb. 0.05 LT,"7,19€","143,80€ / LT",
Desodorizante Roll-On Rosa e Aloe Vera,BIONAÏA,Emb. 0.05 LT,"0,99€","19,80€ / LT",
PORTFOLIO A4 160 BOLSAS,ESQUISSE,Emb. 1 UNID.,"6,29€","6,29€ / UNID.",
HAMBURGUER DE PORCO 4UN,CHANTEGRIL,Emb. 0.32 KG,"1,79€","5,59€ / KG",
SUMO MULTIFRUTOS -30% ACUCAR,JAFADEN,,"1,59€",/ Unid.,
BLOCO SANITARIO C/LIXIVIA 2UN,SYPHON,Emb. 2 UNID.,"1,29€","0,65€ / UNID.",
Madalenas em Conchas com Ovos Frescos,P'TIT DÉLI,Emb. 0.25 KG,"1,29€","5,16€ / KG",
Refrigerante S/ Gás Pêssego/Damasco,JAFUN,Emb. 2 LT,"1,89€","0,95€ / LT",
Bacalhau Seleção Especial Noruega Asa Preta,,1 Unid. = 4 KG (aprox.),"13,99€/kg","55,96€ / Unid.",
Gel Sanitário Harpic Liquido Força do Oceano,,Emb. 0.75 LT,"1,94€","2,59€ / LT",
ROLO COZINHA COMPACTO MULTIUSOS ECO,UNÍ VERT,Emb. 2 UNID.,"2,59€","1,30€ / UNID.",
SACOS P/ CONGELAR ZIP & GO 1L (15UN),VILEDA,Emb. 15 UNID.,"4,78€","0,32€ / UNID.",
Cappuccino Mocha,NESCAFÉ,Emb. 8 SAQ.,"3,18€","0,40€ / SAQ.",
CREPES SIMPLES DA BRETANHA,NOS RÉGIONS ONT DU TALENT,Emb. 0.085 KG,"1,99€","23,41€ / KG",
Conserva de Azeitona Mista Galega,RUSTICA,Emb. 0.3 KG,"1,79€","5,97€ / KG",
Alimento Húmido Gato Completo Delícias do Mar 3x400 g,TOUS MES AMIS,Emb. 3 KG,"2,69€","0,90€ / KG",
"Água sem Gás 6x1,5 L",LUSO,Emb. 9 LT,"3,09€","0,34€ / LT",
Croissants 10Unid.,ECO+,Emb. 0.4 KG,"1,65€","4,13€ / KG",
Pescada Congelada,,1 Unid. = 1.9 KG (aprox.),"4,99€/kg","9,48€ / Unid.",
Esparguete s/glúten,CHAQUE JOUR SANS GLUTEN,Emb. 0.4 KG,"1,49€","3,73€ / KG",
MORTADELA COM AZEITONA FATIADA,CAMPO FINO,Emb. 0.2 KG,"0,99€","4,95€ / KG",
Cappuccino,PLANTATION,Emb. 16 CAPS.,"2,44€","0,15€ / CAPS.",
Esparguete Tricolor,MILANEZA,Emb. 0.5 KG,"2,14€","4,28€ / KG",
Queijo Flamengo 1/4,LIMIANO,Emb. 0.325 KG,"3,84€","11,82€ / KG",
Salada Alface C/ Cenoura,,Emb. 0.18 KG,"1,19€","6,61€ / KG",
Sumo 8 Frutos 3x20 cl,UM BONGO,Emb. 0.6 LT,"1,48€","2,47€ / LT",
Fraldas Bebé T5 Doucer 11/25 Kg,MOTS D'ENFANTS,Emb. 66 UNID.,"9,14€","0,14€ / UNID.",
ABRASIVO SANITARIO MARINHO ACTIV EFFECT 750ML,SYPHON,Emb. 0.75 LT,"0,99€","1,32€ / LT",
GELADO BAUNILHA E CHOCOLATE 16UN,ECO+,Emb. 16 UNID.,"2,19€","0,14€ / UNID.",
SEPARADORES CARTAO A4 12UN,ESQUISSE,Emb. 12 UNID.,"1,69€","0,14€ / UNID.",
DETERGENTE MANUAL LOICA ULTRA FRAMBOESA/VINAGRE FRUTOS 500ML,VISIOR,Emb. 0.5 LT,"0,69€","1,38€ / LT",
Alimento Perle Húmido P/ Gato C/ Molho Salmão e Atum 4x85g,PURINA,Emb. 0.34 KG,"3,48€","10,24€ / KG",
AIRWICK AMBIENTADOR RECARGA WHITE BOUQUET,AIRWICK,Emb. 0.02 LT,"4,79€","239,50€ / LT",
Vinho Tinto,PARCELA DE PIAS,Bag in Box 5 LT,"5,48€","1,10€ / LT",
LIMPA VIDROS AUTO 1 L 1L TECH9,TECH9,Emb. 1 LT,"1,19€","1,19€ / LT",
Body Lotion Refirmante em 2 Semanas Q10,NIVEA,Emb. 0.25 LT,"4,99€","19,96€ / LT",
Toranja Cal. 2/3,,1 Unid. = 0.32 KG (aprox.),"2,29€/kg","0,73€ / Unid.",
Água Micelar Peles Sensíveis,BIOTEN,Emb. 0.1 LT,"3,18€","31,80€ / LT",
Café Delta Moido Máquina Lote Chávena,DELTA,Emb. 0.25 KG,"2,29€","9,16€ / KG",
Chá Verde e Limão Light,TISANA,Garrafa 1.5 LT,"1,49€","0,99€ / LT",
FAIRY MAO ULTRA PODER LIMAO 600ML,,Emb. 0.6 LT,"2,04€","3,40€ / LT",
LACOS SECOS,P'TIT DÉLI,Emb. 0.18 KG,"1,59€","8,83€ / KG",
Calamares,ECO+,Emb. 0.5 KG,"2,89€","5,78€ / KG",
CANETA ROLLER GEL CORES SORTIDAS 3UN,ESQUISSE,Emb. 3 UNID.,"1,65€","0,55€ / UNID.",
Limpa Móveis Spray Lavanda,PRONTO,Emb. 0.3 LT,"4,38€","14,60€ / LT",
CADERNO AGRA.CART.3COR.A4 PAUT 60P,ESQUISSE,Emb. 1 UNID.,"1,09€","1,09€ / UNID.",
Cereais Chocolate,NESTUM,Emb. 0.25 KG,"2,18€","8,72€ / KG",
TARTELETES PURA MANTEIGA C/ RECHEIO CARAMELO E COB CHOCOLATE LEITE,P'TIT DÉLI,Emb. 0.127,"1,39€","10,94€ /",
Laca Cabelos Normais,ELNETT,Emb. 0.3 LT,"5,98€","19,93€ / LT",
VINAGRE LIMPEZA LIMAO,CLAIR,Emb. 1 LT,"0,79€","0,79€ / LT",
ALGODAO DESMAQUILHANTE BOLAS,INELL,Emb. 100 UNID.,"0,79€","0,01€ / UNID.",
Rolo de Carne de Porco Picada,,1 Unid. = 0.4 KG (aprox.),"5,99€/kg","2,40€ / Unid.",
Massa Couscous Grão Médio,MILANEZA,Emb. 1 KG,"2,88€","2,88€ / KG",
CREME GORDO 1L,INELL,Emb. 1 LT,"12,99€","12,99€ / LT",
Caldo de Carne 12x10g,ECO+,Emb. 0.12 KG,"0,49€","4,08€ / KG",
MISTURA DE FRUTOS TROPICAL EM CALDA 4/4,DOUCEUR DU VERGER,Emb. 0.825 KG,"3,19€","3,87€ / KG",
PREPARADO PARA BOLO FOFO PRONTO A COZER,TABLIER BLANC,Emb. 0.5 KG,"2,89€","5,78€ / KG",
Brandy,1920,Garrafa 0.7 LT,"11,48€","16,40€ / LT",
Couscous Semi Integrais,,Emb. 0.5 KG,"1,59€","3,18€ / KG",
Vinho Regional Dão Branco,GRÃO VASCO,Garrafa 0.75 LT,"3,98€","5,31€ / LT",
5 em 1 Glade Vanilla,BRISE,Spray 0.3 LT,"1,54€","5,13€ / LT",
ALIMENTO HUMIDO CARNES C/ MOLHO P/ CAO 12X100G,TOUS MES AMIS,Emb. 12 UNID.,"4,99€","0,42€ / UNID.",
Fermento de Padeiro 6x5g,TABLIER BLANC,Emb. 0.03 KG,"1,29€","43,00€ / KG",
Batatas Fritas Lisas,POM'LISSE,Emb. 0.2 KG,"1,19€","5,95€ / KG",
Vinho Rosé Frisante,MONTARRO,Garrafa 0.75 LT,"1,78€","2,37€ / LT",
Batom Corretivo 004,RIMMEL,Emb. 1 UNID.,"8,48€","8,48€ / UNID.",
PILHAS ALCALINAS LR03 TECH+,FOXTER,Emb. 4 UNID.,"1,99€","0,50€ / UNID.",
Néctar Tutti Frutti,JAFADEN,Emb. 1 LT,"0,99€","0,99€ / LT",
LENTILHAS,NOTRE JARDIN,Emb. 0.45 KG,"0,79€","1,76€ / KG",
Sumo de Uva,ECO+,Emb. 1 LT,"0,99€","0,99€ / LT",
Vinho Verde Branco,CRUZEIRO,Garrafa 0.75 LT,"2,08€","2,77€ / LT",
Laca Cabelo Diamond Gloss Care 4,NIVEA,Spray 0.25 LT,"4,18€","16,72€ / LT",
Conserva de Salsichas Hot Dog 4 Unid.,IZIDORO,Frasco 0.25 KG,"2,19€","8,76€ / KG",
Queijo Camembert,PRÉSIDENT,Emb. 0.25 KG,"3,77€","15,08€ / KG",
Presunto Fatiado 2x75g,DAMATTA,Emb. 0.15 KG,"3,89€","25,93€ / KG",
Almôndegas Bovino Mini,FERIAL,Emb. 0.75 KG,"7,99€","10,65€ / KG",
Coloração 1-0 PRETO 16X3,SYOSS,,"4,99€",/ Unid.,
Máquinas de Barbear Descartáveis Blue II,GILLETTE,Emb. 6 UNID.,"2,98€","0,50€ / UNID.",
Regulador Ph Menos Sólido Granulado,BEAUX JOURS,Emb. 2 KG,"10,99€","5,50€ / KG",
Vinho Regional Dão Seleção Branco,CABRIZ,Garrafa 0.75 LT,"3,99€","5,32€ / LT",
Pão Cereais,,1 Unid. = 0.1 KG,"0,29€","2,90€ / KG",
Bolachas Wafer com Recheio Chocolate,ECO+,Emb. 0.19 KG,"0,79€","4,16€ / KG",
Conserva de Salsichas Bockwurst 5 Unid.,CÔTÉ TABLE,Frasco 0.25 KG,"1,49€","5,96€ / KG",
BOLINHOS IOGURTE C/ BASE CHOCOLATE 7UN POCKET,P'TIT DÉLI,Emb. 0.21 KG,"2,29€","10,90€ / KG",
Cereais de Chocolate C/ Pepitas,COOKIE CRISP,Emb. 0.375 KG,"2,92€","7,79€ / KG",
Desodorizante Bergamota e Pimenta Rosa Spray,AXE,Emb. 0.15 LT,"3,29€","21,93€ / LT",
Desodorizante Spray Mulher Biorythm,REXONA,Emb. 0.15 LT,"2,39€","15,93€ / LT",
Manteiga Tradicional,PRIMOR,Emb. 0.25 KG,"2,23€","8,92€ / KG",
"BOLACHAS C/ CANELA ""SPECULOOS"" POCKET",P'TIT DÉLI,,"0,87€",/ Unid.,
Amaciador total repair 5,ELVIVE,Emb. 0.69 LT,"9,98€","14,46€ / LT",
Caldo de Galinha sem Sal Pack 8,KNORR,Emb. 0.072 KG,"1,49€","20,69€ / KG",
EMPADAO DE CARNE PICADA,CÔTÉ TABLE,Emb. 0.35 KG,"2,29€","6,54€ / KG",
Vinho Regional Douro Tinto,PAPA FIGOS,Garrafa 0.75 LT,"7,48€","9,97€ / LT",
Creme Limpeza para Placas de Vitrocerâmica,VITROCLEN,Emb. 0.45 LT,"5,99€","13,31€ / LT",
Linguine,TRADIZIONI D'ITALIA,Emb. 0.5 KG,"1,49€","2,98€ / KG",
Cápsulas Café Latte Macchiato Caramelo,DOLCE GUSTO,Emb. 16 CAPS.,"5,98€","0,37€ / CAPS.",
Cenourinhas Extra Finas,NOTRE JARDIN,Emb. 0.4 KG,"0,99€","2,48€ / KG",
Pão Rústico,BIMBO,Emb. 0.45 KG,"1,79€","3,98€ / KG",
"LAPISEIRA 0,7MM+12MINAS+2BORRACHAS",ESQUISSE,Emb. 1 UNID.,"1,89€","1,89€ / UNID.",
Alimento Seco P/ Gato Controlo Bolas De Pelo,FRISKIES,Emb. 1.5 KG,"6,98€","4,65€ / KG",
COLORACAO LOURO DOURADO 7.3 1UN VITANOVE,VITANOVE,Emb. 1 UNID.,"3,89€","3,89€ / UNID.",
Pistola Rega,BEAUX JOURS,Emb. 1 UNID.,"5,99€","5,99€ / UNID.",
Gomas Aromatizadas Frita Vários Sabores,COPAÍNS COPINES,Emb. 0.275 KG,"1,39€","5,05€ / KG",
Conserva de Azeitona Verde Gordal,RUSTICA,Emb. 0.5 KG,"1,99€","3,98€ / KG",
Refrigerante C/ Gás Zero Cafeína Zero Açúcar,COCA COLA ZERO,Emb. 1.75 LT,"1,84€","1,05€ / LT",
Bandas Depilatórias Cera Fria,SILISS,Emb. 40 UNID.,"2,99€","0,07€ / UNID.",
Empadão de Carne,CÔTÉ TABLE,Emb. 0.3 KG,"2,89€","9,63€ / KG",
Iogurte Bifidus Sólido Natural S/ Lactose,ACTIVIA,Emb. 0.12 KG,"2,19€","18,25€ / KG",
Bebida Energética 6x25cl,X-TENSE,Emb. 1.5 LT,"2,85€","1,90€ / LT",
SALSA FOLHAS SAQUETA,RUSTICA,Emb. 0.01 KG,"0,53€","53,00€ / KG",
Pensos Higiénicos Noite Maxi Pocket 12 Unid.,DOULYS,Emb. 12 UNID.,"1,29€","0,11€ / UNID.",
Condicionador Protecção do Calor,TRESEMMÉ,Emb. 0.2 LT,"5,39€","26,95€ / LT",
Arroz Basmati Himalaia,SALUDÃES,Emb. 1 KG,"2,24€","2,24€ / KG",
Champô Cabelos Normais Fructis 2 em 1,GARNIER,Emb. 0.25 LT,"3,98€","15,92€ / LT",
Café Solúvel Descafeinado Clássico,NESCAFÉ,Emb. 10 UNID.,"1,68€","0,17€ / UNID.",
Sobremesa de Soja Pêssego,NAT&VIE,Emb. 0.4 KG,"1,40€","3,50€ / KG",
Alimento Húmido P/ Gato Salmão Atum Legumes,PURINA FRISKIES,Emb. 0.4 KG,"1,68€","4,20€ / KG",
Vaselina Jelly Baby,VASELINE,Emb. 0.1 LT,"1,49€","14,90€ / LT",
Peito de Frango,,1 Unid. = 0.35 KG (aprox.),"5,99€/kg","2,10€ / Unid.",
Palitos Salgados,ECO+,Emb. 0.25 KG,"0,79€","3,16€ / KG",
BARRA CEREAIS CHOCO LEITE COCO,GRAINEA,Emb. 0.126 KG,"1,49€","11,83€ / KG",
Orelha de Porco,,1 Unid. = 1 KG (aprox.),"4,99€/kg","4,99€ / Unid.",
BISCOITOS COM PEPITAS CHOCOLATE EM SACOS INDIVIDUAIS 16X25G,P'TIT DÉLI,Emb. 0.4 KG,"2,15€","5,38€ / KG",
Snacks Tex-Mex,DORITOS,Emb. 0.12 KG,"1,64€","13,67€ / KG",
Bolachas Recheadas C/ Frutos do Bosque,MC VITIE'S,Emb. 0.218 KG,"2,38€","10,92€ / KG",
Rolo Cozinha Compacto XXL,MARQUE REPERE,Emb. 1 UNID.,"0,99€","0,99€ / UNID.",
SOBREMESA CREME CHOCOLATE/AVELA,DÉLISSE,Emb. 0.5 KG,"1,59€","3,18€ / KG",
Água Micelar,BIOTEN,Emb. 0.4 LT,"3,94€","9,85€ / LT",
Maçã Royal Gala Cal. 75/80,,1 Unid. = 0.2 KG (aprox.),"2,19€/kg","0,44€ / Unid.",
Asas de Frango do Campo Embalado,,1 Unid. = 0.8 KG (aprox.),"2,45€/kg","1,96€ / Unid.",
Massa Capellini,TURINI,Emb. 0.5 KG,"0,89€","1,78€ / KG",
Axe Collision Gel de Banho Leather & Cookies,AXE,Emb. 0.4 LT,"3,29€","8,23€ / LT",
Leite Bem Especial Cálcio Meio Gordo,MIMOSA,Emb. 1 LT,"0,98€","0,98€ / LT",
Chocolate em pó P/ Leite,NESTLÉ,Emb. 0.39 KG,"3,14€","8,05€ / KG",
PILHAS ALCALINAS LR14 TECH+,FOXTER,Emb. 2 UNID.,"3,59€","1,80€ / UNID.",
Peito Frango Forno Lenha Fatiado,CAMPOFRIO,Emb. 0.12 KG,"2,68€","22,33€ / KG",
Sidra com Álcool Blackberry 4x33cl,SOMERSBY,Emb. 1.32 LT,"3,99€","3,02€ / LT",
CEREAIS BOLINHAS DE CHOCOLATE,ECO+,Emb. 0.75 KG,"2,49€","3,32€ / KG",
Marmelada,FERBAR,Emb. 0.4 KG,"1,98€","4,95€ / KG",
Papel Higiénico,MARQUE REPERE,Emb. 48 UNID.,"8,49€","0,18€ / UNID.",
Alimento Seco P/ Gatos Aves Cenoura Legumes e Leite,LYCAT,Emb. 2 KG,"4,65€","2,33€ / KG",
Queijo Bola Flamengo,TERRA NOSTRA,Emb. 1.4 KG (aprox.),"7,49€/kg","10,49€ / Unid.",
FAIRY ROSA E CETIM 650ML,,Emb. 0.65 LT,"1,94€","2,98€ / LT",
Crackers com Sésamo,VIEIRA,Emb. 0.2 KG,"1,48€","7,40€ / KG",
SOBREMESA PUDIM DE ARROZ,DÉLISSE,Emb. 0.5 KG,"2,55€","5,10€ / KG",
"CARREGADOR USB 2,4A + CABO USB/USB C 1,2M PRETO",LINKSTER,Emb. 1 UNID.,"14,90€","14,90€ / UNID.",
QUEIJO ROQUEFORT DOP,NOS RÉGIONS ONT DU TALENT,Emb. 0.15 KG,"2,69€","17,93€ / KG",
Fio Polietileno 85Metros,FOXTER,Emb. 1 UNID.,"1,69€","1,69€ / UNID.",
Bolacha,CHIQUILÍN,Emb. 0.175 KG,"1,53€","8,74€ / KG",
Queijo Meio Gordo o Sabor Português,LES CROISÉS,1 Unid. = 1 KG (aprox.),"8,99€/kg","8,99€ / Unid.",
Atum em Posta Azeite,BOM PETISCO,Emb. 0.385 KG,"4,24€","11,01€ / KG",
Café Pastilhas Platinium,DELTA,Emb. 16 UNID.,"3,88€","0,24€ / UNID.",
Sortido de Rebuçados,,Emb. 0.72 KG,"2,49€","3,46€ / KG",
DENTIFRICO MENTA BIO,BIONAÏA,Emb. 0 LT,"1,99€",inf€ / LT,
Espumante Bruto,COMP DO VINHO,Garrafa 0.75 LT,"3,29€","4,39€ / LT",
Bolachas Crackers Integral,DU BOIS DE LA ROCHE,Emb. 0.5 KG,"3,08€","6,16€ / KG",
Doce de Morango sem Açúcar,ST. DALFOUR,Frasco 0.284 KG,"4,38€","15,42€ / KG",
Gel de Banho Active Clean,NIVEA MEN,Emb. 0.5 LT,"6,98€","13,96€ / LT",
5 Cereais C/ Cereais Integrais,NESTUM,Emb. 0.25 KG,"2,18€","8,72€ / KG",
CARTE DOR CHOCOLATE & AVELÃ,CARTE D'OR,Emb. 1 LT,"2,89€","2,89€ / LT",
SAL DE MESA,ECO+,Emb. 0.25 KG,"0,27€","1,08€ / KG",
CARVAO PREMIUM,,Emb. 5 KG,"7,49€","1,50€ / KG",
Chamuças de Carne,,Emb. 4 UNID.,"1,99€","0,50€ / UNID.",
Pães de Leite com Pepitas Chocolate de Leite 10 Unid.,EPI D'OR,Emb. 0.35 KG,"1,99€","5,69€ / KG",
Brioches Redondas com Oepitas Chocolate 12 Unid.,EPI D'OR,Emb. 0.5 KG,"2,99€","5,98€ / KG",
BL1 LED STANDARD 14W-100W E27 LUZ AMARELA,FOXTER,Emb. 1 UNID.,"8,99€","8,99€ / UNID.",
Folhado Fiambre 4x100 g Ultracongelado,CÔTÉ TABLE,Emb. 0.4 KG,"3,45€","8,63€ / KG",
PASTEIS DE NATA 6UN,CÔTÉ TABLE,Emb. 6 UNID.,"2,49€","0,42€ / UNID.",
TRAVESSA + NAPERON N 7L,,Emb. 1 UNID.,"1,09€","1,09€ / UNID.",
Millet Painço Ramo,TOUS MES AMIS,Emb. 0.2 KG,"2,69€","13,45€ / KG",
Lasanha à Bolonhesa Ultracongelado,CÔTÉ TABLE,Emb. 1 KG,"3,59€","3,59€ / KG",
Espuma Caracóis Naturais,PANTENE,Emb. 0.2 LT,"3,74€","18,70€ / LT",
Espumante Reserva Bruto,RAPOSEIRA,Garrafa 0.75 LT,"8,38€","11,17€ / LT",
PREPARADO PARA LEITE CREME,DÉLISSE,Emb. 0.4 KG,"2,99€","7,48€ / KG",
"Cerveja Tequila 5,9% Vol. 3 Unid.",DESQUILES,Emb. 0.99 LT,"3,39€","3,42€ / LT",
AIRWICK STICKS DELICIAS V,AIRWICK,Emb. 1 UNID.,"7,19€","7,19€ / UNID.",
Miolo Amêndoa Granulada,MARQUE REPERE,Emb. 0.15 KG,"2,25€","15,00€ / KG",
Pão de Forma sem Códea,BIMBO,Emb. 0.65 KG,"1,64€","2,52€ / KG",
Cerveja com Álcool 6x33cl,SUPER BOCK,Emb. 1.98 LT,"4,48€","2,26€ / LT",
Refrigerante C/ Gás Cola Zero 6 Unid.,JEAN'S,Lata 1.98 LT,"2,10€","1,06€ / LT",
Doce de Mirtilos Biológico,,Emb. 0.375 KG,"2,65€","7,07€ / KG",
Lápis Carpintaria,ECO+,Emb. 12 UNID.,"1,52€","0,13€ / UNID.",
CAMA EM PLASTICO PARA CAO PEQ.,P'TIT AMI,Emb. 1 UNID.,"7,99€","7,99€ / UNID.",
PETIT GATEAU CHOCOLATE 4UN,TROFIC,Emb. 0.5 KG,"2,79€","5,58€ / KG",
Miolo de Caju C/ Sal,MARQUE REPERE,Emb. 0.25 KG,"3,99€","15,96€ / KG",
Jardineira de 3 Legumes,,Emb. 0.4 KG,"0,69€","1,73€ / KG",
Queijo Emmental Francês Ralado,LES CROISÉS,Emb. 0.1 KG,"1,05€","10,50€ / KG",
PEPITAS DE CHOCOLATE BIO,,Emb. 0.1 KG,"2,39€","23,90€ / KG",
Pensos Higiénicos Aloe Vera,CAREFREE,Emb. 56 UNID.,"4,48€","0,08€ / UNID.",
Sobremesa Láctea de Morango +6Meses,BIO VILLAGE BEBE,Emb. 0.4 KG,"2,29€","5,73€ / KG",
Pantene Aqua Light Champô,PANTENE PV,Emb. 0.25 LT,"3,29€","13,16€ / LT",
Fraldas de Incontinência Plus Tam. G,LINDOR,Emb. 14 UNID.,"16,98€","1,21€ / UNID.",
Vinho Rosé Emotions,MATEUS,Garrafa 0.75 LT,"4,28€","5,71€ / LT",
Arroz Carolino,BOM SUCESSO,Emb. 1 KG,"1,15€","1,15€ / KG",
BOLO ESPIRAL CHOCOLATE DE AVELA,P'TIT DÉLI,Emb. 0.15,"1,69€","11,27€ /",
SORVETE TANGERINA,TROFIC,Emb. 1 LT,"1,79€","1,79€ / LT",
Chá de Frutos Vermelhos,TETLEY,Emb. 10 SAQ.,"1,12€","0,11€ / SAQ.",
Creme para Barrar com Avelãs,NUSTIKAO,Emb. 0.4 KG,"1,99€","4,98€ / KG",
Aerossol Lavanda,BRISE,Emb. 0.3 LT,"1,54€","5,13€ / LT",
Manteiga C/ Sal,MIMOSA,Emb. 0.25 KG,"2,28€","9,12€ / KG",
Ervilhas Ultracongeladas,IGLO,Emb. 0.7 KG,"3,98€","5,69€ / KG",
Refrigerante S/ Gás Limão,AQUARIUS,Garrafa 1.5 LT,"1,99€","1,33€ / LT",
Batatas Pré-Fritas em Steak,POM'LISSE,Emb. 1 KG,"1,99€","1,99€ / KG",
Espumante de Melão,BAR ROYAL,Garrafa 0.75 LT,"3,98€","5,31€ / LT",
Cápsulas Café Alumínio Nespresso Brasil,SEGAFREDO,Emb. 10 UN,"4,48€","0,45€ / UN",
Champanhe Bruto,POL CARSON,Garrafa 0.75 LT,"17,29€","23,05€ / LT",
Chá de Camomila,TETLEY,Emb. 10 UNID.,"0,84€","0,08€ / UNID.",
Queijo Manchego,DIAZ MIGUEL,Quant. Mínima = 0.2 KG (aprox.),"22,99€/kg","4,60€ / Unid.",
Café Torrado Expresso Moído,PLANTATION,Emb. 0.25 KG,"1,69€","6,76€ / KG",
Folhado de Maça,,1 Unid. = 0.1 KG,"0,85€","8,50€ / KG",
"AZEITONA OXIDADA,FRC,210G QAMPO",,0.21 KG,"1,39€","6,62€ / KG",
LAVA TUDO AMONIACAL,CLAIR,Emb. 2 LT,"0,69€","0,35€ / LT",
CHAMPO ANTI-CASPA TODO TIPO CABELOS,CARRÉ HOMME,Emb. 0.25 LT,"1,99€","7,96€ / LT",
PERSIL SABÃO A&B GEL,PERSIL,Emb. 76 DOSES,"13,79€","0,18€ / DOSES",
Iogurte Magro Pedaços Déli´Light 16x125g,DÉLISSE,Emb. 2 KG,"4,35€","2,18€ / KG",
Óleo Motor 15W40 Gasóleo,TECH9,Emb. 5 LT,"17,99€","3,60€ / LT",
ENVELOPE SILICONE C/JANELA 110X220MM,ESQUISSE,Emb. 100 UNID.,"3,99€","0,04€ / UNID.",
TRANSPORTADORA P/CAO 55CM 1UN P\'TIT AMI,P'TIT AMI,Emb. 1 UNID.,"19,99€","19,99€ / UNID.",
Peixe Espada Preto,,1 Unid. = 1.7 KG (aprox.),"7,49€/kg","12,73€ / Unid.",
Desodorizante Roll-On Double Invisible,VASELINE,Emb. 0.05 LT,"2,09€","41,80€ / LT",
SPRAY CASA BANHO,CIF,Emb. 0.75 LT,"2,49€","3,32€ / LT",
CREME PENTEAR P/ CABELO E BARBA 75ML,CARRÉ HOMME,,"2,99€",/ Unid.,
Pão de Forma Out 10 Cereais e Sementes,PANRICO,Emb. 0.65 KG,"1,99€","3,06€ / KG",
Creme Revitalift Dia,DERMO EXPERTISE,Emb. 0.03 LT,"16,98€","566,00€ / LT",
Salsicha de Churrasco de Porco Brasileira Embalada,,Emb. 0.6 KG (aprox.),"6,98€/kg","4,19€ / Unid.",
Ananás em Fatias Inteiras em Calda Leve,,Lata 0.55 KG,"1,69€","3,07€ / KG",
MAIONESE C/ MOSTARDA DE DIJON TOP DOWN,RUSTICA,Emb. 0.415 KG,"1,89€","4,55€ / KG",
Preservativos Finíssimos,CONTROL,Emb. 12 UNID.,"6,99€","0,58€ / UNID.",
Café Solúvel Descafeinado,NESCAFÉ,Emb. 0.1 KG,"4,38€","43,80€ / KG",
FAIRY MAO NATURALS BERGAMOTA 650ML,,Emb. 0.65 LT,"2,04€","3,14€ / LT",
Wafers de Cacau,,Emb. 0.17 KG,"1,35€","7,94€ / KG",
QUEIJO RALADO 3QJ,LES CROISÉS,Emb. 0.2 KG,"1,99€","9,95€ / KG",
Queijo Coulommiers,LES CROISÉS,Emb. 0.35 KG,"2,49€","7,11€ / KG",
CAPA CARTAO C/ELASTICO LOMBADA 4CM,ESQUISSE,Emb. 1 UNID.,"2,65€","2,65€ / UNID.",
Água sem Gás 6x50cl,SERRA DA ESTRELA,Emb. 3 LT  (aprox.),"1,98€","0,66€ / LT",
Vinho Tinto de Mesa Elopack,CASAL DA EIRA,Emb. 1 LT,"1,68€","1,68€ / LT",
PERSIL COLOR GEL,PERSIL,Emb. 50 DOSES,"9,99€","0,20€ / DOSES",
Atum Posta Azeite,BOM PETISCO,Emb. 0.2 KG,"2,39€","11,95€ / KG",
COLGATE KIT VIAGEM ESCOVA + PASTA DE DENTES,COLGATE,Emb. 1 UNID.,"4,98€","4,98€ / UNID.",
Molotof Caramelo,,1 Unid. = 0.7 KG  (aprox.),"7,89€","11,27€ / KG",
Hamburguer de Vaca Ultracongelado,PESCANOVA,Emb. 0.3 KG,"3,98€","13,27€ / KG",
Pensos Diários Slip Maxi,AUSONIA,Emb. 30 UNID.,"1,49€","0,05€ / UNID.",
Conserva de Salsichas Frankfurt 10 Unid.,NOBRE,Lata 0.25 KG,"1,34€","5,36€ / KG",
BATATA DOCE EM PEDACOS BIO,,Emb. 0.6 KG,"1,99€","3,32€ / KG",
Bolachas de Manteiga com Pepitas de Chocolate,P'TIT DÉLI,Emb. 0.2 KG,"1,49€","7,45€ / KG",
Bicarbonato,RUSTICA,Emb. 0.05 KG,"0,49€","9,80€ / KG",
"ALIMENT BEBE: PURE CENOURAS, ARROZ E ABOBORA BIO +6M 2X200G",BIO VILLAGE BEBE,Emb. 0.4 KG,"2,39€","5,98€ / KG",
Cereais Granola de Aveia Chocolate,FITNESS,Emb. 0.3 KG,"2,79€","9,30€ / KG",
Empadão de Pato,NOS RÉGIONS ONT DU TALENT,Emb. 0.3 UNID.,"1,99€","6,63€ / UNID.",
Ambientador Difusor Essential Mist Citrus,AIR WICK,Emb. 1 UNID.,"13,19€","13,19€ / UNID.",
Ice Tea Pêssego,NESTEA,Garrafa 1.5 LT,"1,00€","0,67€ / LT",
PIRI SACANA C/CANNABIS,PALADIN,Emb. 0.075 LT,"3,08€","41,07€ / LT",
Ervilhas e Cenouras Extra Finas,NOTRE JARDIN,Emb. 0.4 KG,"1,29€","3,23€ / KG",
CREME HIDRATANTE 250ML,ECO+,Emb. 0.25 LT,"1,59€","6,36€ / LT",
DOURADINHOS FRANGO 18UN,CÔTÉ CROC,Emb. 0.4 KG,"3,99€","9,98€ / KG",
Alho C/ Moinho,MARGÃO,Emb. 0.028 KG,"3,98€","142,14€ / KG",
PIMENTA BRANCA MOIDA SAQUETA,RUSTICA,Emb. 0.1 KG,"1,99€","19,90€ / KG",
FIO DENTARIO COM FLUOR E MENTOL,DENTAMYL,Emb. 50 M,"1,25€","0,03€ / M",
Máquinas de Barbear Descartáves Sensor 3 Comfort,GILLETTE,Emb. 5,"7,98€","1,60€ /",
Guardanapos Folha Simples,MARQUE REPERE,Emb. 100 UNID.,"0,69€","0,01€ / UNID.",
Gomas Bananas,COPAÍNS COPINES,Emb. 0.2 KG,"0,99€","4,95€ / KG",
Bolacha Maria,CUÉTARA,Emb. 0.2 KG,"0,88€","4,40€ / KG",
Bolachas com Cobertura Chocolate Preto,P'TIT DÉLI,Emb. 0.2 KG,"1,29€","6,45€ / KG",
Pantene Frizz Control & Luminosidade Máscara 160 ml,PANTENE PV,Emb. 0.16,"4,49€","28,06€ /",
Recheio P/ BOUCHEES A LA REINE,CÔTÉ TABLE,Emb. 4 KG,"1,69€","0,42€ / KG",
Néctar de Tutti Frutti Clássico 3 Unid.,JAFADEN,Emb. 0.6 LT,"0,89€","1,48€ / LT",
Delícias do Mar Sabor a Caranguejo,,Emb. 0.4 KG,"2,25€","5,63€ / KG",
Refrigerante C/ Gás Limão,ECO+,Emb. 2 LT,"0,79€","0,40€ / LT",
Red Fish Grande Congelado,,1 Unid. = 0.5 KG (aprox.),"4,99€/kg","2,50€ / Unid.",
Alimento Seco P/ Cão -10Kg Frango e Arroz,PURINA,Emb. 3 KG,"15,98€","5,33€ / KG",
MASSA FOLHADA,TABLIER BLANC,Emb. 0.23 KG,"1,19€","5,17€ / KG",
Guardanapos 2 Folhas,MARQUE REPERE,Emb. 100 UNID.,"1,29€","0,01€ / UNID.",
Bálsamo Lábios Rosy,VASELINE,Emb. 0.017 KG,"2,98€","175,29€ / KG",
PRATO RIPPLE BIODEGRADAVEL 17CM,HOMESIDE,Emb. 10 UNID.,"1,39€","0,14€ / UNID.",
Pastel de Nata,,1 Unid. = 0.048 KG,"0,39€","8,13€ / KG",
Bolachas Maria 74% de Cereais,TRIUNFO,Emb. 0.2 KG,"1,08€","5,40€ / KG",
Penso Incontinência Discreet Normal,AUSONIA,Emb. 12 UNID.,"2,98€","0,25€ / UNID.",
Cerveja com Álcool Mini 20x25cl,SAGRES,Emb. 5 LT,"8,99€","1,80€ / LT",
CHUVEIRO CROMADO 5 JATOS STOP+TUBO FLEXIVEL 1.75M,FOXTER,Emb. 1 UNID.,"14,99€","14,99€ / UNID.",
Proteção Contra o Calcário e a Sujidade,CALGON,Emb. 1.5 LT,"11,99€","7,99€ / LT",
RECARGA MICROF.BALDE COM PEDAL,VILEDA,,"7,48€",/ Unid.,
BATATA FRITA DOCE,POM'LISSE,,"1,69€",/ Unid.,
Salsichão com Alho Fumado,TRADILÈGE,Emb. 0.3 KG,"2,69€","8,97€ / KG",
Papel Higiénico Extra XXL 2 Folhas,RENOVA,Emb. 24 ROLOS,"15,78€","0,66€ / ROLOS",
Champô Cabelo Ultra Suave Óleo de Abacate e Manteiga de Carité,GARNIER,Emb. 0.4 LT,"5,58€","13,95€ / LT",
Pensos Higiénicos Ultra Finos,ECO+,,"0,95€",/ Unid.,
Manteiga de Amendoim com Pedaços,CALVÉ,Emb. 0.35 KG,"3,48€","9,94€ / KG",
Spray Ultra Desembaraçante,CORINE DE FARME,Emb. 0.15 LT,"1,99€","13,27€ / LT",
Bife Pojadouro de Novilho,,1 Unid. = 0.25 KG (aprox.),"9,99€/kg","2,50€ / Unid.",
Biscoitos de Amêndoas,P'TIT DÉLI,Emb. 0.1 KG,"1,19€","11,90€ / KG",
Vinho Branco A.O.C. MONBAZILLAC 14,TERRASSES D'AUTAN,Garrafa 0.75 CL,"5,99€","7,99€ / CL",
Cerveja com Álcool Abadia 6x33cl,SUPER BOCK,Emb. 1.98 LT,"4,49€","2,27€ / LT",
LAPIS DE COR 18UN,ECO+,Emb. 18 UNID.,"1,59€","0,09€ / UNID.",
Bloco Sanitário 3 em 1 Atlantic,DOMESTOS,Emb. 0.04 KG,"1,19€","29,75€ / KG",
Óleo de noite Reparador Bio Cânhamo,GARNIER,Emb. 0.03 LT,"14,98€","499,33€ / LT",
Barras de Cereais de Chocolate C/ Leite 6 Unid.,CHOCAPIC,Emb. 0.15 KG,"3,28€","21,87€ / KG",
DROPS BOLAS DE NEVE M.GUIA,COPAÍNS COPINES,Emb. 0.25 KG,"1,19€","4,76€ / KG",
Iogurte Cereais e Baunilha 4 Unid.,IOGOLINO,Emb. 0.4 KG,"2,88€","7,20€ / KG",
A.O.C. Cotes Provence 2014,TERRES OCREES,Garrafa 0.75 LT,"5,99€","7,99€ / LT",
ARROZ DOCE SABOR BAUNILHA,ECO+,Emb. 0.2 KG,"0,54€","2,70€ / KG",
PASTILHAS PARA MAQUINA LAVA LOICA TUDO EM 1,UNÍ VERT,Emb. 30 UNID.,"2,99€","0,10€ / UNID.",
Ambientador com Recarga White Bouquet,AIRWICK,Emb. 0.25 LT,"7,19€","28,76€ / LT",
Snacks Bugles 3D,3D'S BUGLES,Emb. 0.085 KG,"1,64€","19,29€ / KG",
Aditivo para Roupa Gel Anti-Calcário 2 em1,CALGON,Emb. 0.75 LT,"6,99€","9,32€ / LT",
Amendoim C/ Casca Torrado,MARQUE REPERE,Emb. 0.2 KG,"0,99€","4,95€ / KG",
Alface Frisada,,1 Unid. = 0.4 KG (aprox.),"2,29€/kg","0,92€ / Unid.",
Brioche Fatiado,EPI D'OR,Emb. 0.5 KG,"2,59€","5,18€ / KG",
Conserva Cassoulet de Porco,CÔTÉ TABLE,Lata 0.84 KG,"2,54€","3,02€ / KG",
Feijão Verde Muito Fino Ultracongelado,NOTRE JARDIN,Emb. 1 KG,"1,59€","1,59€ / KG",
Chocolate de Leite com Manteiga de Amendoim,REESE'S,Emb. 0.079 KG,"1,68€","21,27€ / KG",
Chá Green Framboesa Romã,LIPTON,Emb. 20 SAQ.,"1,49€","0,07€ / SAQ.",
Café Lote Clássico Grão,SICAL,Emb. 1 KG,"13,98€","13,98€ / KG",
Leite Bem Essencial UHT Magro,MIMOSA,Emb. 1 LT,"0,94€","0,94€ / LT",
Tablete Excellence 99% Cacau,LINDT,Emb. 0.05 KG,"3,58€","71,60€ / KG",
Garnier Fructis Nutri Caracóis Creme Sem Enxaguar,GARNIER FRUCTIS,Emb. 0.4 LT,"7,98€","19,95€ / LT",
Lixívia em Gel Original,DOMESTOS,Emb. 0.75 Lt,"1,79€","2,39€ / Lt",
Detergente Loiça Máquina Pastilhas,,Emb. 50 PAST.,"2,69€","0,05€ / PAST.",
Pão Alentejano,,1 Unid. = 0.8 KG,"1,99€","2,49€ / KG",
Chá de Limão,LIPTON,Emb. 20 SAQ.,"1,74€","0,09€ / SAQ.",
Eau De Toilette Umbro Energy,UMBRO,Emb. 0.03 LT,"6,98€","232,67€ / LT",
Arroz Pot Caril,KNORR,Emb. 0.075 KG,"1,98€","26,40€ / KG",
"BL1 LED SPOT 2,5W - 20W GU5.3",FOXTER,Emb. 1 UNID.,"3,99€","3,99€ / UNID.",
PILHAS ALCALINAS LR20,ECO+,Emb. 4 UNID.,"4,99€","1,25€ / UNID.",
Whisky Vat 69,VAT 69,Garrafa 0.7 LT,"13,48€","19,26€ / LT",
Alheira,TERRAS DO DEMO,Emb. 0.2 KG,"1,24€","6,20€ / KG",
Alimento Húmido P/ Gato Mixed Grill,FELIX,Emb. 0.06 KG,"1,88€","31,33€ / KG",
Alimento P/ Gato Adulto P/Saúde do Trato Urinário,PURINA ONE,Emb. 0.8,"6,98€","8,73€ /",
Kiwi,,1 Unid. = 0.11 KG (aprox.),"3,29€/kg","0,36€ / Unid.",
Cuecas Incontinência Boutique L,AUSONIA,Emb. 8 UNID.,"11,98€","1,50€ / UNID.",
Detergente para a Roupa 3 em 1 Active Clean,SKIP,Emb. 1.134 KG,"12,49€","11,01€ / KG",
Queijo Petit Brie,LES CROISÉS,Emb. 0.5 KG,"4,29€","8,58€ / KG",
Água sem Gás Frutos Vermelhos,LUSO FRUTA,Garrafa 0.5 LT,"0,79€","1,58€ / LT",
Fraldas Bebé T5 ACTIV+ 11/25 Kg,MOTS D'ENFANTS,Emb. 35 UNID.,"7,89€","0,23€ / UNID.",
Ambientador Eléctrico Recarga I Love You,GLADE,Emb. 0.02 LT,"3,59€","179,50€ / LT",
Old Spice Captain Shower Gel & Shampoo,OLD SPICE,Emb. 0.4 LT,"4,98€","12,45€ / LT",
Torta de Ovo,,1 Unid. = 0.65 KG (aprox.),"10,99€/kg","7,14€ / Unid.",
Conserva Macedónia de Legumes,NOTRE JARDIN,Lata 0.4 KG,"0,89€","2,23€ / KG",
DETERGENTE EM GEL CONCENTRADO TUDO EM 1 MAQUINA LOICA 45 LAVAGENS,VISIOR,Emb. 0.9 LT,"4,69€","5,21€ / LT",
Café Delta Moido Saco Chavena Torrado,DELTA,Emb. 0.25 KG,"2,29€","9,16€ / KG",
RECARGA ESFREGONA MICROFIBRAS FIO AZUL,,Emb. 1 UNID.,"1,99€","1,99€ / UNID.",
Nata com Cogumelos,PARMALAT,Emb. 0.2 KG,"1,26€","6,30€ / KG",
Fiambre Superior,TRADILÈGE,Emb. 0.08 KG,"1,69€","21,13€ / KG",
CAPS CAFE COMP C/ DG XL INT9,PLANTATION,,"5,99€",/ Unid.,
MOUSSE DE MANGA CONDI 80G,CONDI,Emb. 0.8 KG,"1,34€","1,68€ / KG",
Creme de Dia Nutritivo Pele Seca Sensível,NIVEA,Emb. 0.05 LT,"5,98€","119,60€ / LT",
Bolachas com Recheio Cereja Cobertura Chocolate,P'TIT DÉLI,Emb. 0.15 KG,"1,19€","7,93€ / KG",
MIOLO DE AMEIJOA ZEBRA,PÊCHE OCÉAN,Emb. 0.25 KG,"2,75€","11,00€ / KG",
GELADO TRIUM CAFE 4UN,TRIUM,Emb. 4 UNID.,"2,25€","0,56€ / UNID.",
Maionese com Sabor a Iogurte,HELLMANN'S,Emb. 0.433 KG,"4,38€","10,12€ / KG",
Desodorizante Roll-On Pedra Alumen,MANAVA,Emb. 0.05 LT,"0,75€","15,00€ / LT",
Preparado Sopa de Agrião,,Emb. 0.6 KG,"1,74€","2,90€ / KG",
Doce Extra de Alperce Biológico,,Emb. 0.37 KG,"2,15€","5,81€ / KG",
Pães de Leite 10 Unid.,EPI D'OR,Emb. 0.35 KG,"2,19€","6,26€ / KG",
Batom Corretivo 103,RIMMEL,Emb. 1 UNID.,"8,48€","8,48€ / UNID.",
Cominhos Moídos,RUSTICA,Frasco 0.035 KG,"0,69€","19,71€ / KG",
Tomate com Rama,,1 Unid. = 0.2 KG (aprox.),"2,29€/kg","0,46€ / Unid.",
Pimenta Preta Moída,RUSTICA,Emb. 0.05 KG,"0,89€","17,80€ / KG",
Desodorizante Stick,DOVE,Emb. 0.04 LT,"2,84€","71,00€ / LT",
Kit Roll-on Elétrico Cera Pernas e Corpo,VEET,Emb. 0.05 LT,"6,99€","139,80€ / LT",
Cone Baunilha 8x120ml,ECO+,Emb. 8 UNID.,"2,19€","0,27€ / UNID.",
Feijão Frade,NOTRE JARDIN,Emb. 1 KG,"1,79€","1,79€ / KG",
PLACA INDUCAO 1 DISCO,ELSAY,Emb. 1 UNID.,"59,90€","59,90€ / UNID.",
BOLA FUTEBOL PREMIUM T5,WOODSUN,Emb. 1 UNID.,"7,99€","7,99€ / UNID.",
Saco Congelação C/ Zip Médio,ELEMBAL,Emb. 15 UNID.,"1,69€","0,11€ / UNID.",
Cassoulet C/ Salsichas de Toulouse,CÔTÉ TABLE,Emb. 0.84 KG,"2,99€","3,56€ / KG",
Ração P/ Gato Trato Urinário C/ Frango,ULTIMA,Emb. 0.75 KG,"5,39€","7,19€ / KG",
Bacalhau Crescido Asa Branca,,1 Unid. = 1.6 KG (aprox.),"12,29€/kg","19,66€ / Unid.",
DESODORIZANTE SPRAY ICE BOOST MEN 100ML COMPACT,CARRÉ HOMME,Emb. 0.1 LT,"1,19€","11,90€ / LT",
Café Solúvel Creme,NESCAFÉ,Emb. 0.2 KG,"4,49€","22,45€ / KG",
Biscoitos com Pepitas de Chocolate Preto Biológico,,Emb. 0.14 KG,"2,09€","14,93€ / KG",
Muesli Morango,GRAINEA,Emb. 0.5 KG,"2,89€","5,78€ / KG",
Vinho Regional Tejo Tinto Reserva,CABEÇA DE TOIRO,Garrafa 0.75 LT,"5,49€","7,32€ / LT",
GELADO BAUNILHA 12UN,SMICY,Emb. 12 UNID.,"2,69€","0,22€ / UNID.",
Pipocas Pop Corn 3x90g,TOKAPI,Emb. 0.27 KG,"1,08€","4,00€ / KG",
Cápsulas Café Macchiato Caramelo P/ Dolce Gusto,STARBUCKS,Emb. 12 CAPS.,"4,79€","0,40€ / CAPS.",
Alimento Húmido Gatinhos de Coelho Vaca Aves 4x400g,LYCAT,Emb. 4 UNID.,"3,99€","1,00€ / UNID.",
CREME DESCOLORANTE ROSTO/CORPO 2UN,SILISS,Emb. 0.1,"3,19€","31,90€ /",
Salsichas de Aves 8 Unidades,IZIDORO,Lata 0.2 KG,"1,19€","5,95€ / KG",
Batatas Fritas 6x30 gr,ECO+,Emb. 0.18 KG,"1,39€","7,72€ / KG",
Néctar Clássico Pêssego 3x200 ml,COMPAL,Emb. 0.6 LT,"1,48€","2,47€ / LT",
"LIQUIDIFICADORA 1,5l 600W",ELSAY,Emb. 1 UNID.,"34,90€","34,90€ / UNID.",
Spray Limpa Vidros Tripla Ação,AJAX,Emb. 0.5 LT,"3,58€","7,16€ / LT",
Massa Espirais Tricolores,MILANEZA,Emb. 0.5 KG,"1,94€","3,88€ / KG",
CONE NATA MORANGO 6UN,SMICY,Emb. 0.12 LT,"1,79€","14,92€ / LT",
MOLHO PARA HAMBURGUER,RUSTICA,Emb. 0.255 KG,"1,69€","6,63€ / KG",
Vinho Regional Península de Setúbal Branco Seco,B.S.E,Garrafa 0.75 LT,"2,99€","3,99€ / LT",
Champô Anti-Queda com Ginseng,LINIC,Emb. 0.36 LT,"4,94€","13,72€ / LT",
Caderno Agrafado Quadriculado C. PP A5 48F,ESQUISSE,Emb. 1 UNID.,"1,49€","1,49€ / UNID.",
Salame de Chocolate,,Emb. 0.45 KG,"2,99€","6,64€ / KG",
Pão de Forma com Côdea 9 Cereais,PANRICO,Emb. 0.52 KG,"1,99€","3,83€ / KG",
FERRO ENGOMAR 2200W,ELSAY,Emb. 1 UNID.,"19,90€","19,90€ / UNID.",
Conserva de Milho Doce,NOTRE JARDIN,Lata 0.285 KG,"0,89€","3,12€ / KG",
Baguete,,1 Unid. = 0.25 KG,"0,56€","2,24€ / KG",
Salsicha Peru,NOBRE,Emb. 0.16 KG,"1,39€","8,69€ / KG",
GELADO CHOCOLATE LIEGEOIS,ESKISS,Emb. 1 LT,"2,65€","2,65€ / LT",
Queijo Parmigiano Reggiano,LES CROISÉS,Emb. 0.2 KG,"4,49€","22,45€ / KG",
Caldo Verde,,Emb. 0.15 KG,"0,99€","6,60€ / KG",
CREME LIMPEZA LIMAO  750ML,ECO+,Emb. 0.75 LT,"0,95€","1,27€ / LT",
PREPARADO P/ ARROZ MARISCO,PÊCHE OCÉAN,Emb. 0.4 KG,"3,50€","8,75€ / KG",
Massa Macarrão,ECO+,Emb. 0.5 KG,"0,65€","1,30€ / KG",
Vinho Frisante Rosé,PLEXUS,Garrafa 0.75 LT,"2,19€","2,92€ / LT",
Ambientador Vela Baunilha,AIRWICK,Emb. 2 UNID.,"5,69€","2,85€ / UNID.",
Fermento em Pó 6Unid.,TABLIER BLANC,Emb. 0.066 KG,"0,79€","11,97€ / KG",
Bolachas Enroladas Cobertas de Chocolate Preto,P'TIT DÉLI,Emb. 0.125 KG,"1,49€","11,92€ / KG",
SALPICAO,CAMPO FINO,Emb. 0.28 KG,"3,29€","11,75€ / KG",
Bolachas Areadas de Manteiga Pura com Coco e Recheadas,P'TIT DÉLI,Emb. 0.1 KG,"1,49€","14,90€ / KG",
Iogurte Natural com Açúcar de Cana 4x125g,DÉLISSE,Emb. 0.5 KG,"0,75€","1,50€ / KG",
CAPA A4 EM L TRANSPARENTE,ESQUISSE,Emb. 10 UNID.,"1,49€","0,15€ / UNID.",
Pão de Forma Rústico,EPI D'OR,Emb. 0.6 KG,"1,39€","2,32€ / KG",
CHAMPO SECO CABELOS CASTANHOS 150ML,NATEIS,Emb. 0.15 LT,"2,29€","15,27€ / LT",
Massa Pevides,TURINI,Emb. 0.25 KG,"0,55€","2,20€ / KG",
SAL REGENERADOR,VISIOR,Emb. 2 KG,"0,79€","0,40€ / KG",
Recarga Pure Flor Cerejeira,AIRWICK,Emb. 1 UNID.,"3,59€","3,59€ / UNID.",
"JARRO ELETRICO 2000W 1,7L",ECO+,Emb. 1 UNID.,"14,90€","14,90€ / UNID.",
Pá do Lixo c/ Espanador,,Emb. 1 UNID.,"2,00€","2,00€ / UNID.",
Desodorizante Deo Spray Bio-Eficácia 48H Narta,GARNIER,Emb. 0.2 LT,"4,28€","21,40€ / LT",
Bolachas Cobertas Chocolate Leite,P'TIT DÉLI,Emb. 0.15 KG,"1,19€","7,93€ / KG",
Café Torrado Moído África Ásia e Brasil Moagem Fina,SICAL,Emb. 0.25 KG,"2,39€","9,56€ / KG",
Chá Baunilha e Caramelo,LIPTON,Emb. 20 SAQ.,"1,74€","0,09€ / SAQ.",
Café Solúvel Qualité Filtre,PLANTATION,Frasco 0.1 KG,"1,83€","18,30€ / KG",
Salmão do Atlântico Fumado,ECO+,Emb. 0.2 KG,"5,49€","27,45€ / KG",
Preparado Sopa Creme de Marisco,KNORR,Emb. 0.075 KG,"1,49€","19,87€ / KG",
PALITOS TORCIDOS C/ COB CHOCOLATE PRETO,P'TIT DÉLI,Emb. 0.09 KG,"1,49€","16,56€ / KG",
SALSICHAO MORTEAU,NOS RÉGIONS ONT DU TALENT,,"6,59€",/ Unid.,
Café Solúvel,DELTA,Emb. 0.02 KG,"1,13€","56,50€ / KG",
Mini Tostas,EPI D'OR,Emb. 0.35 KG,"1,99€","5,69€ / KG",
Champô Legend CR7,LINIC,Emb. 0.36 LT,"4,94€","13,72€ / LT",
Chipicao Croissant Multipack Creme de Cacau,CHIPICAO,Emb. 0.25 KG,"3,08€","12,32€ / KG",
PAIO LOMBO FATIADO,CAMPO FINO,Emb. 0.15 KG,"2,09€","13,93€ / KG",
Vinho Tinto do Douro,VALLADO,Emb. 0.75 LT,"6,19€","8,25€ / LT",
Recarga Freshmatic White Bouquet,AIR WICK,Spray 0.26 KG,"3,59€","13,81€ / KG",
Desodorizante Invisimax Spray Homem,NARTA,Emb. 0.2 LT,"4,28€","21,40€ / LT",
Bebida de Soja Original 3x200ML,SHOYCE,Emb. 0.6 LT,"1,73€","2,88€ / LT",
Conserva de Feijão Manteiga,COMPAL,Lata 0.845 KG,"1,59€","1,88€ / KG",
Ambientador recarga lavanda,GLADE,Emb. 0.02 LT,"3,59€","179,50€ / LT",
Aromatizante Máquina Loiça Limão,SUN,Emb. 1 UNID.,"2,24€","2,24€ / UNID.",
Fraldas Bebé Extra Absorção Activity Tamanho 3,DODOT,Emb. 60 UNID.,"13,29€","0,22€ / UNID.",
Chipicao Mini Croissant Pack Creme de Cacau,CHIPICAO,Emb. 0.199 KG,"2,08€","10,45€ / KG",
"VELA AROMATICA ""FRUTOS VERMELHOS"" 30H",BIEN AIR,Emb. 1 UNID.,"1,99€","1,99€ / UNID.",
Flocos de Cereais com Fibras,KELLOGG'S,Emb. 0.375 KG,"2,59€","6,91€ / KG",
Alimento Seco P/  Gato Júnior Frango e Leite,PURINA FRISKIES,Emb. 1.5 KG,"6,98€","4,65€ / KG",
ALIMENTO HUMIDO FRANGO / LEGUMES COMPLETO 1200KG,TOUS MES AMIS,Emb. 1 KG,"2,05€","2,05€ / KG",
Conserva de Atum em Óleo Vegetal,GENERAL,Emb. 0.11 KG,"0,99€","9,00€ / KG",
Gelado Double Gold Caramelo Billionaire,MAGNUM,Emb. 0.44 LT,"3,89€","8,84€ / LT",
CEREAIS PETALAS CHOCOLATE PRETO,GRAINEA,Emb. 0.3 KG,"1,69€","5,63€ / KG",
Farinha de Trigo Biológica,,Emb. 1 KG,"1,39€","1,39€ / KG",
Queijo Bola Flamengo,LIMIANO,1 Unid. = 1.6 KG (aprox.),"10,99€/kg","17,58€ / Unid.",
Papa Infantil de Maçã,CERELAC,Emb. 0.25 KG,"2,39€","9,56€ / KG",
Lombo Salmão,,1 Unid. = 0.25 KG (aprox.),"16,98€/kg","4,25€ / Unid.",
Marcadores Ponta Fina,ESQUISSE,Emb. 4 UNID.,"2,49€","0,62€ / UNID.",
Xarope de Morango Bio,,Emb. 0.6 LT,"3,85€","6,42€ / LT",
Conserva de Feijão Preto Cozido,NOTRE JARDIN,Lata 0.425 KG,"0,69€","1,62€ / KG",
VELA NUMERO FUN 7,ARDENCE,Emb. 1 UNID.,"0,99€","0,99€ / UNID.",
Queijo Fundido Light 8 Porções,A VACA QUE RI,Emb. 0.14 KG,"2,08€","14,86€ / KG",
Pão de Forma Especial Fatiado Isento de Glúten,CHAQUE JOUR SANS GLUTEN,Emb. 0.3 KG,"2,79€","9,30€ / KG",
Iogurte Líquido Corpos Morango Kiwi 4x155g,DANONE,Emb. 0.62 KG,"1,69€","2,73€ / KG",
DENTIFRICO SABOR MORANGO EM GEL JUNIOR 7-13 ANOS,DENTAMYL,Emb. 0.075 LT,"0,99€","13,20€ / LT",
Frango à Provençal C/ Ervas Aromáticas,MAGGI,Emb. 0.028 KG,"0,74€","26,43€ / KG",
Luvas para Uso Doméstico Tamanho S,RENOVA LUVAS,Emb. 1 UNID.,"1,08€","1,08€ / UNID.",
AREIA VEGETAL 10L P'TIT AMI,TOUS MES AMIS,Emb. 10 LT,"3,59€","0,36€ / LT",
Bolacha Avenacol Rustica 0% Açúcar,CUÉTARA,Emb. 0.25 KG,"2,88€","11,52€ / KG",
BOUIL.POT AU FEU DESH,RUSTICA,Emb. 0.12 KG,"0,79€","6,58€ / KG",
Café Torrado Grão,PLANTATION,Emb. 1 KG,"5,69€","5,69€ / KG",
OS BOCADINHOS EM MOLHO VACA/MASSA/CENOURA P/ CAO 1230G,LYDOG,Emb. 1 KG,"2,05€","2,05€ / KG",
COLORAÇÃO PERMANENTE CASTANHO VIOLINO 4.6,BELLADY,Emb. 1 UNID.,"9,98€","9,98€ / UNID.",
Nuggets Grelhadinhos 8 Unid.,CAPITÃO IGLO,Emb. 0.204 KG,"5,98€","29,31€ / KG",
Cereais Frosties,KELLOGG'S,Emb. 0.375 KG,"2,29€","6,11€ / KG",
Bolachas Cream Cracker,VIEIRA,Emb. 0.18 KG,"1,43€","7,94€ / KG",
Sobremesa Creme de Chocolate 4x125g,DÉLISSE,Emb. 0.5 KG,"1,59€","3,18€ / KG",
Filetes de Anchovas em Óleo Vegetal,RAMIREZ,Emb. 0.04 KG,"1,34€","33,50€ / KG",
QUEIJO FLAMENGO FATIADO,QUEIJO NA TÁBUA,Emb. 0.275 KG,"2,20€","8,00€ / KG",
Cajú Torrado e Salgado,TOKAPI,Emb. 0.125 KG,"2,49€","19,92€ / KG",
PILHA ALCALINA LR14,FOXTER,Emb. 2 UNID.,"2,99€","1,50€ / UNID.",
Carapau Pequeno Congelado,,1 Unid. = 0.12 KG (aprox.),"4,99€/kg","0,60€ / Unid.",
DETERGENTE MANUAL LOICA FRUTOS VERMELHOS/FLORES 750ML,VISIOR,Emb. 0.75 LT,"0,97€","1,29€ / LT",
Detergente Roupa Máquina Liquído Active Clean 100 Doses,SKIP,Emb. 100 DOSES,"19,99€","0,20€ / DOSES",
IOGURTE BIFIDUS BAUNILHA 12X125G DELISSE,DÉLISSE,Emb. 1.5 KG,"2,59€","1,73€ / KG",
Conjunto Borracha Mini,ESQUISSE,Emb. 2 UNID.,"0,79€","0,40€ / UNID.",
Toalhitas Bebé Ecológicas,MOTS D'ENFANTS,Emb. 72 UNID.,"1,79€","0,02€ / UNID.",
Cuecas Menina 3 aos 5 Anos,HUGGIES,Emb. 16 UN,"8,99€","0,56€ / UN",
Recarga Mopa Madeiras,SWIFFER,Emb. 18 UNID.,"4,78€","0,27€ / UNID.",
Molho Poke Bowl,PALADIN,Emb. 0.25 LT,"2,18€","8,72€ / LT",
Sabonete Líquido Hipo-Alergénio,MANAVA,Emb. 0.3 LT,"0,89€","2,97€ / LT",
Vinho Regional Tejo Branco,PLEXUS,Garrafa 0.75 LT,"2,19€","2,92€ / LT",
Arroz Carolino,LOURO,Emb. 1 KG,"1,09€","1,09€ / KG",
ACENDALHAS CUBOS 32UN,ECO+,Emb. 32 UNID.,"1,29€","0,04€ / UNID.",
DESODORIZANTE SPRAY ATTIRANT MEN 100ML COMPACT,CARRÉ HOMME,Emb. 0.1 LT,"1,29€","12,90€ / LT",
Alimento Seco para Cão Carne e Cereais Integrais,ECO+,Emb. 4 KG,"4,69€","1,17€ / KG",
B&J Chocolate Fudge Brownie 465ml,,Emb. 0.465 LT,"6,78€","14,58€ / LT",
Chá Lúcia Lima,TETLEY,Emb. 10 SAQ.,"0,86€","0,09€ / SAQ.",
Champô Cabelos Normais Fructis Força e Brilho,GARNIER,Emb. 0.25 LT,"3,98€","15,92€ / LT",
Chouriça de Trancoso,SNR,Emb. 1 UNID.,"2,49€","2,49€ / UNID.",
Pó Sabão Natural,SKIP,Emb. 100 DOSES,"14,99€","0,15€ / DOSES",
BOLA PILATES 75CM,WOODSUN,Emb. 1 UNID.,"13,49€","13,49€ / UNID.",
ALGODAO MAXI OVAL X 60 BIO,BIONAÏA,Emb. 60 UNID.,"1,59€","0,03€ / UNID.",
TRINCA DE ARROZ,LYDOG,Emb. 5 KG,"3,25€","0,65€ / KG",
Cereais Mel Zero,NESTUM,Emb. 0.25 KG,"2,18€","8,72€ / KG",
Ração seca para gato bolas de pêlo c/ Peru,ULTIMA,Emb. 0.75 LT,"5,39€","7,19€ / LT",
Pano Multiusos Amarelo,SCOTCH BRITE,Emb. 2 UNID.,"2,53€","1,27€ / UNID.",
Cogumelos de Paris Laminados Ultracongelado,NOTRE JARDIN,Emb. 1 KG,"2,19€","2,19€ / KG",
Cereais Integrais com Mel Biológicos,CHEERIOS,Emb. 0.33,"2,99€","9,06€ /",
Azeite Virgem Extra Seleção,SERRATA,Garrafa 0.75 LT,"3,99€","5,32€ / LT",
Vinho do Porto Tawny,PORTO CRUZ,Garrafa 0.75 LT,"4,99€","6,65€ / LT",
Cocktail de Soja Vegan sem Lactose e sem Glúten,NOBRE VEGALIA,Emb. 0.19 KG,"2,09€","11,00€ / KG",
Estojo C/ Escova de Dentes e Copo Cor de Rosa 2-6 Anos,PETIT DENTAMYL,Emb. 1 UNID.,"2,99€","2,99€ / UNID.",
CAPS CAFE COMP C/ NESP - EM ALUMINIO - COLOMBIA,PLANTATION,Emb. 10 UNID.,"1,99€","0,20€ / UNID.",
Chocolate de Leite,MILKA,Emb. 0.09 KG,"1,58€","17,56€ / KG",
Café Colombia P/ Nespresso Intensidade 7,STARBUCKS,Emb. 10 DOSES,"4,48€","0,45€ / DOSES",
RIMMEL BL_  BATON LASTING FINISH KATE MOSS 005,,Emb. 1 UNID.,"8,98€","8,98€ / UNID.",
Croquetes de Carne,,Emb. 8   UNID.,"1,39€","0,17€ /   UNID.",
Coentro Fresco,,1 Unid. = 0.05 KG  (aprox.),"20,00€/kg","1,00€ / Unid.",
1ª Papa Láctea Cerelac Multifrutos Sem Glúten,NESTLÉ,Emb. 0.25 KG,"2,79€","11,16€ / KG",
Snack P/ Cão Sticks C/ Aroma a Búfalo,PURINA,Emb. 0.09 KG,"1,98€","22,00€ / KG",
Toalhitas para Cozinha Biodegradável,CIF,Emb. 36 UNID.,"2,24€","0,06€ / UNID.",
Desodorizante Invisible Spray,REXONA,Emb. 0.15 LT,"2,54€","16,93€ / LT",
Refrigerante S/ Gás Limão,ECO+,Emb. 2 LT,"0,79€","0,40€ / LT",
Vinho do Porto Tawny,DORRÃO,Garrafa 0.75 LT,"4,29€","5,72€ / LT",
Néctar Clássico Laranja do Algarve 3x20cl,COMPAL,Emb. 0.6 LT,"1,68€","2,80€ / LT",
Atum Posta Pimenta&Ervas Finas,BOM PETISCO,Emb. 0.12 KG,"1,56€","13,00€ / KG",
MIOLO AMENDOA C/ PELE C/ SAL,TOKAPI,,"1,95€",/ Unid.,
Conserva de Salsichas 8 Unid.,ECO+,Lata 0.2 KG,"0,75€","3,75€ / KG",
Néctar Clássico Manga Magdalena 3x20 cl,COMPAL,Emb. 0.6 LT,"1,68€","2,80€ / LT",
Queijo Curado de Ovelha,OURO DO PASTOR,1 Unid. = 1 KG (aprox.),"14,39€/kg","14,39€ / Unid.",
Barras de Cereais Special K Chocolate de Leite,SPECIAL K,Emb. 0.125 KG,"3,78€","30,24€ / KG",
"Mini Gelados de Chocolate Classic, de Amêndoas e de Branco Pack 6",MAGNUM,Emb. 0.33 LT,"4,98€","15,09€ / LT",
Leite P/ Lactentes 1,NAN,Emb. 0.8 KG,"16,58€","20,73€ / KG",
AUSONIA AIRDRY NORMAL ABAS 38,AUSONIA,Emb. 38 UNID.,"4,24€","0,11€ / UNID.",
Desodorizante Spray Pêssego E Limão 0%Alumínio,DOVE,Emb. 0.15 LT,"2,84€","18,93€ / LT",
BATATAS SALTEADAS OLEO GIRASSOL,POM'LISSE,Emb. 1 KG,"2,25€","2,25€ / KG",
Bebida de Aveia,ALPRO SOYA,Emb. 1 LT,"2,38€","2,38€ / LT",
Recarga Sabonete Líquido Hidratante Óleo Amêndoas/Karite,MANAVA,Emb. 0.25 LT,"0,65€","2,60€ / LT",
Tosta Rica Cacau,CUÉTARA,Emb. 0.57 KG,"3,88€","6,81€ / KG",
Chocolate Preto,CRUNCH,Emb. 0.1 KG,"1,39€","13,90€ / KG",
BEBIDA SOJA CRESCIMENTO,ALPRO,Emb. 1 LT,"1,89€","1,89€ / LT",
Pantene Fixação Flexível Laca 300ml,PANTENE PV,Spray 0.3 LT,"3,74€","12,47€ / LT",
Queijo Mascarpone,LES CROISÉS,Emb. 0.25 KG,"1,49€","5,96€ / KG",
Azeite Virgem Delicado,GALLO,Emb. 0.75 LT,"3,99€","5,32€ / LT",
Fermento em Pó,ROYAL,Emb. 0.113 KG,"1,88€","16,64€ / KG",
Vinho Branco,ECO+,Garrafão 5 LT,"5,69€","1,14€ / LT",
Nata com 3 Queijos,PARMALAT,Emb. 0.2 LT,"1,26€","6,30€ / LT",
CREME DE OVOS SABOR CARAMELO,DÉLISSE,Emb. 0.8 KG,"3,99€","4,99€ / KG",
Lixívia Densa+ Harmonias Florais,NEOBLANC,Emb. 2 LT,"2,58€","1,29€ / LT",
Coelho Inteiro,,1 Unid. = 1.5 KG (aprox.),"6,99€/kg","10,49€ / Unid.",
Bolachas com Cobertura Chocolate e Avelãs,P'TIT DÉLI,Emb. 0.12 KG,"1,45€","12,08€ / KG",
Vinagre de Vinho Tinto,RUSTICA,Garrafa 0.5 LT,"0,49€","0,98€ / LT",
Iogurte de Aromas Frutas 24x50g,DÉLISSE,Emb. 1.2 KG,"2,99€","2,49€ / KG",
Alimento Húmido P/ Gato Sopa Vários Sabores,PURINA,Emb. 0.16 KG,"2,59€","16,19€ / KG",
RECARGAS ESCOVA ELETRICA CUIDADO TOTAL COMPATIVEL ORAL-B® *VER COMPATIBILIDADE,DENTAMYL,Emb. 2 UNID.,"6,99€","3,50€ / UNID.",
Ambientador Pure Flor de Cereja da Ásia,AIRWICK,Emb. 0.25 LT,"4,19€","16,76€ / LT",
"AMACIADOR  ROUPA  ESSÊNCIA TALCO  1,5LT",CHICCO,,"5,84€",/ Unid.,
Barra de Cereais com Maçã e Damasco,ECO+,Emb. 6 UNID.,"1,09€","0,18€ / UNID.",
GAUFRES COBERTOS C/ CHOCOLATE,,,"1,49€",/ Unid.,
Ice Tea Pêssego Zero Açúcar,LIPTON,Emb. 1 LT,"1,16€","1,16€ / LT",
Amaciador Cabelo Delicados Garnier Delicadeza de Aveia,ULTRA SUAVE,Emb. 0.2 LT,"3,58€","17,90€ / LT",
Cereais Bolas de Milho com Mel,,Emb. 0.75 KG,"2,75€","3,67€ / KG",
Stiks Sortido 108g,TOUS MES AMIS,Emb. 0.104 KG,"0,99€","9,52€ / KG",
Marmelada Extra,,Emb. 0.45 KG,"1,09€","2,42€ / KG",
Barquette Morango,LULU,Emb. 0.12 KG,"1,98€","16,50€ / KG",
SACOS LIXO FECHO FACIL 100L,ELEMBAL,Emb. 10 UNID.,"1,59€","0,16€ / UNID.",
CREME SABOR BAUNILHA,DÉLISSE,Emb. 0.4,"2,39€","5,98€ /",
Fraldas Bebé T4 ACTIV+ 7/18 Kg,MOTS D'ENFANTS,Emb. 39 UNID.,"7,89€","0,20€ / UNID.",
MOPA + RECARGA MICROFIBRAS,SILLAGE,Emb. 1 UNID.,"7,99€","7,99€ / UNID.",
Refrigerante C/ Gás Cola Clear,JEAN'S,Emb. 1 LT,"1,25€","1,25€ / LT",
Refrigerante C/ Gás  Zero Açúcar Vidro Pack 4,COCA COLA ZERO,Emb. 0.08 LT,"2,75€","34,38€ / LT",
Chá Verde e Limão,PLENO,Garrafa 1.5 LT,"1,49€","0,99€ / LT",
ALIMENT BEBE: FRUTA DO POMAR BIO 4M,BIO VILLAGE BEBE,Emb. 0.4 KG,"2,09€","5,23€ / KG",
VELA NUMERO - 3,ARDENCE,Emb. 1 UNID.,"0,89€","0,89€ / UNID.",
Panquecas -50% Açúcares 6x2 Unid.,MANHÃZITOS,Emb. 0.21 KG,"2,68€","12,76€ / KG",
Lasanha à Bolonhesa,CÔTÉ TABLE,Emb. 0.35 KG,"2,29€","6,54€ / KG",
Cerveja sem Álcool 6X33cl,CHEERS,Emb. 1.98 LT,"3,24€","1,64€ / LT",
Alimento Seco P/ Gato Frango,BEYOND,Emb. 0.35 g,"2,99€","8,54€ / g",
Creme Fixativo para Próteses Dentárias,POLIDENT,Emb. 0.04 KG,"6,98€","174,50€ / KG",
Escova Extra Interdental,AQUAFRESH,Emb. 2 UNID.,"3,18€","1,59€ / UNID.",
Massa Argolinhas Clássica,NACIONAL,Emb. 0.25 KG,"0,84€","3,36€ / KG",
Creme Anti-Rugas Cuidado Noite,DERMO EXPERTISE,Emb. 0.05 LT,"14,98€","299,60€ / LT",
Vinho do Porto Ruby,DORRÃO,Garrafa 0.75 LT,"4,29€","5,72€ / LT",
Bolachas com Recheio de Framboesa,ECO+,Emb. 0.3 KG,"1,39€","4,63€ / KG",
ALIMENT BEBE: PURE CENOURAS BIO +4M 2X120G,BIO VILLAGE BEBE,Emb. 0.24 KG,"1,35€","5,63€ / KG",
ALIMENT BEBE: PURE LEGUMES VERDES MASSA PERU BIO +8M 2X200G,BIO VILLAGE BEBE,Emb. 0.4 KG,"2,69€","6,73€ / KG",
ESPONJA JUMBO,TECH9,Emb. 1 UNID.,"1,99€","1,99€ / UNID.",
BOLACHAS RECHEADAS C/ CHOCO TIPO KANGO,P'TIT DÉLI,Emb. 0.225 KG,"1,59€","7,07€ / KG",
PATE CAMPESTRE PORCO BRETON IGP,NOS RÉGIONS ONT DU TALENT,Emb. 0.2 KG,"1,95€","9,75€ / KG",
Gel de Banho e Duche Flor Cerejeira/Leite/Aveia,MANAVA,Emb. 0.5 LT,"2,29€","4,58€ / LT",
Porta Fatos Pequeno,SILLAGE,Emb. 1 UNID.,"1,99€","1,99€ / UNID.",
Sacos Lixo Fecho Fácil 50L,ELEMBAL,Emb. 15 UNID.,"1,69€","0,11€ / UNID.",
Champô para Cabelos Secos e sem Brilho,TRESEMMÉ,Emb. 0.5 LT,"4,19€","8,38€ / LT",
Alperce Desidratado,,Emb. 0.25 KG  (aprox.),"3,99€/kg","1,00€ / Unid.",
INFUSAO TILIA E LIMAO,TISÉA,Emb. 25 UNID.,"1,59€","0,06€ / UNID.",
4 LAPIS GRAFITE HB,ESQUISSE,Emb. 4 UNID.,"1,29€","0,32€ / UNID.",
PATE CAMPESTRE -25% TEOR SAL 150G,TRADILÈGE,,"1,85€",/ Unid.,
"AXE GB ICE CHILL,,400ML",AXE,Emb. 0.4 LT,"3,29€","8,23€ / LT",
Raspador 16Cm,BEAUX JOURS,Emb. 1 UNID.,"6,99€","6,99€ / UNID.",
Bolachas Sabor Limão com Amêndoas Biológicas,,Emb. 0.2 KG,"2,59€","12,95€ / KG",
Sortido de Bolachas,CUÉTARA,Emb. 0.21 KG,"2,29€","10,90€ / KG",
Mopa Seca com Cabo Extensível,,Emb. 1 UNID.,"6,50€","6,50€ / UNID.",
Pincel de Maquilhagem em Pó,,Emb. 1 UNID.,"3,99€","3,99€ / UNID.",
Caderno Capa Preta Quadriculado A4 60p,ESQUISSE,Emb. 1 UNID.,"0,99€","0,99€ / UNID.",
Maçã Golden Cal. 75/80,,1 Unid. = 0.21 KG (aprox.),"1,39€/kg","0,29€ / Unid.",
Iogurte de Frutos Déli´light 8x125g,DÉLISSE,Emb. 1 KG,"2,45€","2,45€ / KG",
Sabonete Líquido Leite/Mel,MANAVA,Emb. 0.3 LT,"0,69€","2,30€ / LT",
Recarga para Difusor Automático Relex Zen,GLADE,Emb. 2 UNID.,"7,18€","3,59€ / UNID.",
Queijo Apimentado Fonte da Mourisca,LACTO SERRA,1 Unid. = 0.8 KG (aprox.),"10,99€/kg","8,79€ / Unid.",
Máquina de Depilar Descartável Oceana,GILLETTE,Emb. 4 UNID.,"8,98€","2,25€ / UNID.",
Sumo de Laranja,JOI,Garrafa 1.5 LT,"1,04€","0,69€ / LT",
Açúcar de Baunilha Biológico 6 Saquetas,,Emb. 0.045 KG,"1,99€","44,22€ / KG",
Água com Gás Limão,PEDRAS,Garrafa 1 LT,"1,49€","1,49€ / LT",
Pizza Royale Ultracongelada,TURINI,Emb. 0.4 KG,"1,89€","4,73€ / KG",
LOMBO SALMAO ATLANTICO C/ PELE SKIN 4UN,PÊCHE OCÉAN,Emb. 0.5 KG,"11,99€","23,98€ / KG",
Batatas Fritas Palha,POM'LISSE,Emb. 0.16 KG,"0,85€","5,31€ / KG",
"SOBREMESA ""FLAN"" C/OVOS",DÉLISSE,Emb. 0.4 KG,"2,45€","6,13€ / KG",
AGUA FRIZE TANGERINA 4x25CL,FRIZE,,"2,78€",/ Unid.,
Condicionador Liso Queratina Acondicinador,TRESEMMÉ,Emb. 0.7 LT,"6,59€","9,41€ / LT",
Iogurte Côco 4 Unid.,MIMOSA,Emb. 0.48 KG,"1,09€","2,27€ / KG",
Ovos Solo XL,SNR,Emb. 12 KG,"2,69€","0,22€ / KG",
ÁGUA MICELAR C/ ÁGUA DE ROSAS 400ML,GARNIER,,"7,98€",/ Unid.,
Arroz Extra longo integral negro,CAÇAROLA,Emb. 0.5 KG,"3,76€","7,52€ / KG",
Champô Hidratante,BABY DOVE,Emb. 0.4 LT,"3,29€","8,23€ / LT",
Champô Linic Anti-Caspa Fem Sakura,LINIC,Emb. 0.225 LT,"3,34€","14,84€ / LT",
Queijo de Pasta Azul com Leite Pasteurizado,LES CROISÉS,Emb. 0.25,"2,89€","11,56€ /",
Chouriço Picante,,Emb. 0.25 KG,"1,85€","7,40€ / KG",
PRATO + NAPERON 28CM,,Emb. 1 UNID.,"0,59€","0,59€ / UNID.",
Sopa de Cogumelos Selvagens Gourmet,KNORR,Emb. 0.062 KG,"1,79€","28,87€ / KG",
Máscara de Pestanas Preto 001,RIMMEL,Emb. 1 UNID.,"9,98€","9,98€ / UNID.",
Pizza Carbonara,CAMPOFRIO,Emb. 0.36 KG,"3,38€","9,39€ / KG",
Pimentão Doce Colorau,RUSTICA,Emb. 0.05 KG,"0,48€","9,60€ / KG",
FEIJAO BRANCO 3X200G,NOTRE JARDIN,Emb. 0.6 KG,"1,69€","2,82€ / KG",
Café Torrado Moagem Grossa,,Emb. 0.25 KG,"1,59€","6,36€ / KG",
Iogurtes Cremosos Açucarados Frutas Vermelhas 8x125g,DÉLISSE,Emb. 1 KG,"2,09€","2,09€ / KG",
Figo,,1 Unid. = 0.1 KG (aprox.),"8,99€/kg","0,90€ / Unid.",
BARRA CEREAL CH.KRISPIES 6X20,KELLOGG'S,Emb. 6 UNID.,"2,78€","0,46€ / UNID.",
PERSIL HIGIENE E PUREZA GEL,PERSIL,Emb. 50 DOSES,"9,99€","0,20€ / DOSES",
Anti-Calcário 3 em 1 para a Máquina da Roupa,CALGON,Emb. 45 DOSES,"13,98€","0,31€ / DOSES",
ANDOUILLETTE COM ERVAS 3UN,TRADILÈGE,Emb. 0.42 KG,"4,95€","11,79€ / KG",
Chá Verde 25 Saquetas,,Emb. 0.037 KG,"0,89€","24,05€ / KG",
Café Moagem Universal Timor,DELTA,Emb. 0.22 KG,"3,68€","16,73€ / KG",
Gelado Solero Red Berries,OLÁ,Emb. 0.27 LT,"3,98€","14,74€ / LT",
Sardinha em Tomate,BOM PETISCO,Emb. 0.12 KG,"0,99€","8,25€ / KG",
Massa Espirais Tricolores,TURINI,Emb. 0.5 KG,"0,99€","1,98€ / KG",
Pacotinho de Frutas Maçã Banana e Aveia +6 meses,NESTLÉ BEBÉ,Emb. 0.09 KG,"1,04€","11,56€ / KG",
Paté Rico Frango e Legumes Bio,PLENIMA,Emb. 0.3 KG,"1,45€","4,83€ / KG",
Conserva de Azeitona Verde Recheada,RUSTICA,Frasco 0.36 KG,"0,88€","2,44€ / KG",
Iogurte Bifidus Líquido Cereais Integrais 4 Unid.,DANONE,Emb. 0.62 KG,"1,99€","3,21€ / KG",
Papel Higiénico 2 Folhas Compact,MARQUE REPERE,Emb. 6 UNID.,"2,49€","0,42€ / UNID.",
BROWNIE CHOCOLATE C/ PEPITAS EM CAIXA,P'TIT DÉLI,Emb. 0.285 KG,"2,19€","7,68€ / KG",
OSSO PRESUNTO 2UN,TOUS MES AMIS,Emb. 2 UNID.,"2,59€","1,30€ / UNID.",
Vinho Regional Alentejano Tinto,SOVIBOR,Garrafa 0.75 LT,"2,98€","3,97€ / LT",
"ATUM C/FEIJAO FRADE,RAMIREZ,120G",RAMIREZ,,"1,29€",/ Unid.,
DESODORIZANTE P/ MQ.LOICA 2EM1 LIMAO + RECARGA,VISIOR,Emb. 2 UNID.,"1,29€","0,65€ / UNID.",
Paio York,IZIDORO,1 Unid. = 0.1 KG (aprox.),"11,99€/kg","1,20€ / Unid.",
Óleo Alimentar,FRIGI,Garrafa 1 LT,"2,39€","2,39€ / LT",
Alimento Seco Cão Croquetes Light,TOUS MES AMIS,Emb. 4 KG,"4,99€","1,25€ / KG",
Bloco Sanitário Domestos Power 5 Pinho,DOMESTOS,Emb. 0.11 KG,"2,74€","24,91€ / KG",
Azeite virgem extra lezirias,GALLO,Emb. 0.75 LT,"4,89€","6,52€ / LT",
Garfos Madeira Biodegradável,HOMESIDE,Emb. 10 UNID.,"1,19€","0,12€ / UNID.",
Bolachas Suecas Flocos de Aveia e Chocolate 150g,P'TIT DÉLI,Emb. 0.15 KG,"2,10€","14,00€ / KG",
Pao Forma Sem Codea Economico,PANRICO,Emb. 0.45 KG,"2,08€","4,62€ / KG",
Creme Hidratante Bebé Rosto e Corpo,MOTS D'ENFANTS,Emb. 0.1 LT,"1,99€","19,90€ / LT",
Gaufres com Ovos Frescos,P'TIT DÉLI,Emb. 0.26 KG,"1,39€","5,35€ / KG",
KETCHUP (BAIXO TEOR DE ACUCAR),RUSTICA,Emb. 0.535 KG,"1,69€","3,16€ / KG",
Vinho Regional Douro Branco,ADEGA DE VILA REAL,Garrafa 0.75 LT,"3,28€","4,37€ / LT",
Creme de Barbear Original,DENIM,Emb. 0.1 LT,"1,68€","16,80€ / LT",
Chicharro,,1 Unid. = 0.465 KG (aprox.),"6,99€/kg","3,25€ / Unid.",
Rebuçado Refrescante sem Açúcar,HALLS,Emb. 0.134 KG,"2,98€","22,24€ / KG",
Tablete Chocolate Excellence Dark 70%,LINDT,Emb. 0.1 KG,"2,09€","20,90€ / KG",
Shampoo Banho Rich Moisture Baby,BABY DOVE,Emb. 0.2 LT,"1,79€","8,95€ / LT",
Pensos Incontinência Discreet Maxi,AUSONIA,Emb. 8 UNID.,"4,98€","0,62€ / UNID.",
CREPES FIAMBRE E QUEIJO 20UN,,Emb. 1 KG,"2,99€","2,99€ / KG",
Snack P/ Cão Sabor Bacon e Queijo,FRISKIES,Emb. 0.175 KG,"2,98€","17,03€ / KG",
VILEDA SACO LIXO STYLE 30L FF 15UN,VILEDA,Emb. 15 UNID.,"2,24€","0,15€ / UNID.",
Ambientador Stick Perfumado Amora e Baunilha,AIRWICK,Emb. 0.025 LT,"7,19€","287,60€ / LT",
LENCOS FACIAIS 3F ALOE VERA,CARESSE,Emb. 90 UNID.,"1,19€","0,01€ / UNID.",
Conserva de Feijão Manteiga Cozido,NOTRE JARDIN,Frasco 0.57 KG,"0,64€","1,12€ / KG",
GELADO STAR FOGUETAO 8UN,SMICY,Emb. 8 UNID.,"1,59€","0,20€ / UNID.",
Tomate Chucha Embalado,,1 Unid. = 1 P   (aprox.),"1,49€","1,49€ / P",
Iogurte Líquido Sabor Bauninha 4x180g,DÉLISSE,Emb. 1.08 KG,"1,99€","1,84€ / KG",
BANZAI NOODLE CARNE CIGALA,CIGALA,Emb. 0.067 KG,"0,94€","14,03€ / KG",
Brioche Pep Choco,EPI D'OR,Emb. 0.5 KG,"2,99€","5,98€ / KG",
Detergente para a Máquina da Roupa Active Sports Líquido,SKIP,Emb. 66 DOSES,"12,49€","0,19€ / DOSES",
Iogurte Bifidus Líquido Morango 4 Unid.,DANONE,Emb. 0.62 KG,"1,99€","3,21€ / KG",
"ALIMENT BEBE: CENOURA, SEMOLA, BATATA DOCE, LEITE C/ PEDACOS BIO +8M 2X200G",BIO VILLAGE BEBE,Emb. 0.4 KG,"2,69€","6,73€ / KG",
GAUFRES SABOR A CHOCOLATE E AVELAS 8UN,P'TIT DÉLI,Emb. 0.272 KG,"1,99€","7,32€ / KG",
Desodorizante Men Spray Active Fresh 0% Alumínio,REXONA,Emb. 0.15 LT,"2,84€","18,93€ / LT",
ASPIRADOR DE MAO,ELSAY,Emb. 1 UNID.,"34,90€","34,90€ / UNID.",
Gelado Baunilha E Chocolate,CARTE D'OR,Emb. 1.7 LT,"2,99€","1,76€ / LT",
"AMBIENTADOR MECHA ACTIVA ""FLORAL""375ML",BIEN AIR,375ML 0.375 LT,"1,55€","4,13€ / LT",
PILHAS RECARGAVEIS HR6,FOXTER,Emb. 4 UNID.,"7,49€","1,87€ / UNID.",
After Shave Original,DENIM,Emb. 0.1 LT,"5,19€","51,90€ / LT",
IOGURTE C/ BIFIDUS CEREAIS,DÉLISSE,Emb. 0.5 KG,"1,49€","2,98€ / KG",
Biscoitos com Tablete de Chocolate Biológicos,,Emb. 0.15 KG,"2,09€","13,93€ / KG",
Fraldas Incontinência Super M,LINDOR,Emb. 52 UNID.,"28,73€","0,55€ / UNID.",
Maçã Granny Smith Cal. 75/80,,1 Unid. = 0.17 KG (aprox.),"3,09€/kg","0,53€ / Unid.",
Bife do Redondo Vitelão,,1 Unid. = 0.25 KG (aprox.),"8,99€/kg","2,25€ / Unid.",
Tampões com Aplicador Pearl Regular,TAMPAX,Emb. 24 UNID.,"4,98€","0,21€ / UNID.",
GRELOS FOLHAS PORCOES,NOTRE JARDIN,Emb. 0.4 KG,"0,99€","2,48€ / KG",
Azeite Virgem Extra Clássico,GALLO,Garrafa 0.25 LT,"1,91€","7,64€ / LT",
Pastilhas Elásticas Senses Rainforest Mint 3x23g,TRIDENT,Emb. 0.069 KG,"2,58€","37,39€ / KG",
Máscara Capilar para Cabelo com Pontas Espigadas,GLISS,Emb. 0.3 LT,"3,79€","12,63€ / LT",
Banana Importada,,1 Unid. = 0.15 KG (aprox.),"0,95€/kg","0,14€ / Unid.",
Espanador,SILLAGE,Emb. 1 UNID.,"2,49€","2,49€ / UNID.",
Salsichas com Lentilhas,CÔTÉ TABLE,Emb. 0.42 KG,"1,49€","3,55€ / KG",
Bolachas de Manteiga Cobertas de Tablete Chocolate de Leite,P'TIT DÉLI,Emb. 0.125 KG,"1,29€","10,32€ / KG",
Meloa Gália,,1 Unid. = 0.75 KG (aprox.),"2,99€/kg","2,24€ / Unid.",
Parte Dianteira de Borrego,,1 Unid. = 3 KG (aprox.),"8,99€/kg","26,97€ / Unid.",
Lava Tudo Universal Brilhante,SONASOL,Emb. 1.1 LT,"2,79€","2,54€ / LT",
PILHA ALCALINA 6LR3146 TECH+,FOXTER,Emb. 1 UNID.,"3,99€","3,99€ / UNID.",
Tortellini de Ricotta e Espinafres,KNORR,Emb. 0.25 KG,"3,68€","14,72€ / KG",
Bombons de Chocolate Negro e Caramelo,LUTTI,Emb. 0.15 KG,"2,48€","16,53€ / KG",
Sacos para Lixo com Atilho 50L,ELEMBAL,,"1,35€",/ Unid.,
Vinho Regional Alentejo Branco,PORTA DA RAVESSA,Garrafa 0.75 LT,"2,98€","3,97€ / LT",
APERITIVOS MILHO DINOSSAUROS SABOR KETCHUP,TOKAPI,Emb. 0.125 KG,"1,15€","9,20€ / KG",
CEBOLINHO PICADO,RUSTICA,Emb. 0.25 KG,"2,39€","9,56€ / KG",
ESCOVA LIMPA VIDROS 450 MM CLASSIC 12,TECH9,Emb. 1 UNID.,"1,59€","1,59€ / UNID.",
LAVA TUDO MARINHO,CLAIR,Emb. 2 LT,"0,89€","0,45€ / LT",
Caldo Marisco,KNORR,Emb. 8 CUBOS,"1,39€","0,17€ / CUBOS",
Cereais de Chocolate e Caramelo,LION,Emb. 0.4 KG,"2,92€","7,30€ / KG",
Vinho Rosé Frutado,CORAÇÃO DA MINHA,Garrafa 0.75 LT,"1,58€","2,11€ / LT",
Caldo de Galinha 12x10g,ECO+,Emb. 0.12 KG,"0,49€","4,08€ / KG",
PETINGAS EM TOMATE PICANTE GENERAL,GENERAL,Emb. 0.09 KG,"0,89€","9,89€ / KG",
Feijão Branco Seco,NOTRE JARDIN,Emb. 1 KG,"1,79€","1,79€ / KG",
Brócolos Ultracongelados,BONDUELLE,Emb. 0.4 KG,"1,93€","4,83€ / KG",
Salsichão Original,ELPOZO,0.2 KG,"2,69€","13,45€ / KG",
Sabonete Sólido Hidratante,MANAVA,Emb. 0.1 KG,"0,75€","7,50€ / KG",
CERA CREME PRETA 75ML,LA VACHETTE,Emb. 0.075 LT,"2,15€","28,67€ / LT",
Sobremesa de Soja C/ Café,NAT&VIE,Emb. 0.4 KG,"1,49€","3,73€ / KG",
Preparado em Pó Chantilly,ROYAL,Emb. 0.072 KG,"1,98€","27,50€ / KG",
Vinho de Mesa Branco,ECO+,Emb. 2 L,"2,69€","1,35€ / L",
SACOS P/ CONGELAR ZIP & GO 3L (10UN),VILEDA,Emb. 10 UNID.,"5,28€","0,53€ / UNID.",
Ketchup,CALVÉ,Emb. 0.25 KG,"1,29€","5,16€ / KG",
Pizza Royal Ultracongelado,VOLPONE,Emb. 0.44 KG,"2,75€","6,25€ / KG",
Pensos Higiénicos Fina e Segura Normal,EVAX,Emb. 1 P,"1,69€","1,69€ / P",
Pão Especial Campagnard Fatiado sem Glúten,CHAQUE JOUR SANS GLUTEN,Emb. 0.4 KG,"3,29€","8,23€ / KG",
MINI BOLA FUTEBOL PLASTICO,WOODSUN,Emb. 1 UNID.,"2,49€","2,49€ / UNID.",
BL1 LED STANDARD 12W-75W E27,FOXTER,Emb. 1 UNID.,"6,29€","6,29€ / UNID.",
Água sem Gás,LUSO,Garrafão 5.4 LT,"1,78€","0,33€ / LT",
Alimento Seco P/ Gato Adulto Rico em Salmão e Cevada Integral,BEYOND,Emb. 0.85 KG,"6,29€","7,40€ / KG",
Batatas Fritas Onduladas,POM'LISSE,Emb. 0.2 KG,"1,19€","5,95€ / KG",
Massa Laços Tricolores,MILANEZA,Emb. 0.5 KG,"2,14€","4,28€ / KG",
Mistura Solúvel Sem Café,PLANTATION,Frasco 0.2 KG,"2,09€","10,45€ / KG",
Cornetto de Morango 6x90 ml,OLÁ,Emb. 0.54 LT,"4,29€","7,94€ / LT",
Farinha de Trigo T55,ECO+,Emb. 1 KG,"0,85€","0,85€ / KG",
Pantene Superalimento Ampolas Resgate,PANTENE PV,Emb. 0.045 LT,"4,63€","102,89€ / LT",
Gelado de Menta com Chocolate,CARTE D'OR,Emb. 1 LT,"2,89€","2,89€ / LT",
PIZZA 4 FROM TURINI,TURINI,Emb. 0.4 KG,"2,29€","5,73€ / KG",
QUEIJO MOZZARELLA RALADO,QUEIJO NA TÁBUA,Emb. 0.2 KG,"1,49€","7,45€ / KG",
Manteiga com Sal,TERRA NOSTRA,Emb. 0.25 KG,"2,34€","9,36€ / KG",
Mistura de Frutos de Casca Rija,MARQUE REPERE,Emb. 0.2 KG,"2,99€","14,95€ / KG",
Barras de Cereais Aveia e Chocolate sem Glúten 6Unid.,CHAQUE JOUR SANS GLUTEN,Emb. 0.138 KG,"2,25€","16,30€ / KG",
Costeletas Mistas de Porco,,1 Unid. = 0.435 KG (aprox.),"3,49€/kg","1,52€ / Unid.",
"Cereais de Trigo, Mel e Aveia",CHEERIOS,Emb. 0.375 KG,"2,92€","7,79€ / KG",
Esparguete,TURINI,Emb. 0.5 KG,"0,85€","1,70€ / KG",
WAFFERS EXTRA FINAS CHOCOLATE E AVELA,P'TIT DÉLI,Emb. 0.16 KG,"1,79€","11,19€ / KG",
Refrigerante C/ Gás Gasosa,ECO+,Garrafa 2 LT,"0,65€","0,33€ / LT",
PATE CAMPESTRE C/ COGUMELOS,CÔTÉ TABLE,Emb. 0.18 KG,"1,39€","7,72€ / KG",
Aletria,NACIONAL,Emb. 0.5 KG,"1,58€","3,16€ / KG",
Alimento Seco para Cão Carne e Cereais Integrais,ECO+,Emb. 20 KG,"14,99€","0,75€ / KG",
Arroz Agulha,BOM SUCESSO,Emb. 1 KG,"1,14€","1,14€ / KG",
Conserva de Azeitonas Verdes com Recheio,RUSTICA,Emb. 0.3 KG,"1,49€","4,97€ / KG",
Alimento Seco Cão Vitafit Balance Frango e Legumes,PURINA FRISKIES,Emb. 4 KG,"12,78€","3,20€ / KG",
Balde de Pipocas Doces,TOKAPI,Emb. 0.24 KG,"2,99€","12,46€ / KG",
CAFE SOLUVEL EXPRESSO STICKS X25 - 45G 25UN,PLANTATION,Emb. 0.045 KG,"1,59€","35,33€ / KG",
Gelado Cookies & Cream Les Desserts,CARTE D'OR,Emb. 0.9 LT,"3,29€","3,66€ / LT",
Bolachas Recheadas Bocaditos Limão,CUÉTARA,Emb. 0.15 KG,"1,88€","12,53€ / KG",
PURE DE MALAGUETA,TABLES DU MONDE,Emb. 0.1 KG,"0,99€","9,90€ / KG",
Alperce Seco,MARQUE REPERE,Emb. 0.2 KG,"2,69€","13,45€ / KG",
Preservativo Nature,CONTROL,Emb. 6 UNID.,"3,14€","0,52€ / UNID.",
Vinho Regional Tejo Tinto,BRIDÃO,Garrafa 0.75 LT,"2,99€","3,99€ / LT",
PATE RICO VACA P/ GATO BIO 100G CV PLENIMA,PLENIMA,Emb. 0.1 KG,"0,69€","6,90€ / KG",
Café Solúvel Frasco,DELTA,Frasco 0.2 KG,"3,89€","19,45€ / KG",
Alimento Completo Cereais P/ Rolas,TOUS MES AMIS,Emb. 1 KG,"2,29€","2,29€ / KG",
Creme Alpro Soja Culinária 250ml,ALPRO,,"1,58€",/ Unid.,
MAIONESE C/ MOSTARDA DE DIJON FRASCO,RUSTICA,Emb. 0.235 KG,"1,39€","5,91€ / KG",
AGUARDENTE FIM DE SÉCULO Vínica Velha Cx. de Cartão 70CL,,0.07 CL,"18,98€","271,14€ / CL",
Suporte Universal Carro P/ Smartphone 2Em1,LINKSTER,Emb. 1 UNID.,"8,99€","8,99€ / UNID.",
SACOS LIXO C/ ATILHO 30L,ECO+,Emb. 20 UNID.,"0,85€","0,04€ / UNID.",
Ervilhas Muito Finas,NOTRE JARDIN,Emb. 0.4 KG,"0,79€","1,98€ / KG",
Snacks Palitos,CHEETOS,Emb. 0.096 KG,"1,64€","17,08€ / KG",
DENTIFRICO SABOR A MENTA 7-13 ANOS KIDS,DENTAMYL,Emb. 0.075 LT,"0,89€","11,87€ / LT",
Café Corsé Intensidade 8 Moído,PLANTATION,Emb. 48 PAST.,"3,89€","0,08€ / PAST.",
Sumo 100% de Laranja,JAFADEN,Emb. 1 LT,"1,49€","1,49€ / LT",
DESODORIZANTE SPRAY INVISIBLE MEN 200ML,CARRÉ HOMME,Emb. 0.2 LT,"1,19€","5,95€ / LT",
CHAMPO AUTO 5 L 5L TECH9,TECH9,Emb. 5 LT,"3,39€","0,68€ / LT",
Conserva de Feijão Branco Cozido,NOTRE JARDIN,Frasco 0.57 KG,"0,64€","1,12€ / KG",
Filete Sardinha S/ Espinhas  Molho Tomate,RAMIREZ,Emb. 0.1 KG,"1,34€","13,40€ / KG",
Sobremesa Creme de Chocolate 4x100gr,DANONE,Emb. 0.4 KG,"1,99€","4,98€ / KG",
Pasta Pot Cogumelos,KNORR,Emb. 0.07 KG,"1,88€","26,86€ / KG",
BAGUETE DE ALHO 2UN,CÔTÉ TABLE,Emb. 0.35 KG,"1,49€","4,26€ / KG",
Detergente Casa de Banho Spray Recarga,CIF,Emb. 0.07 LT,"1,89€","27,00€ / LT",
Bacalhau Crescido Pacífico,,1 Unid. = 1.3 KG (aprox.),"7,99€/kg","10,39€ / Unid.",
MÁSCARA VIAGEM,RIVERSIDE,Emb. 1 UNID.,"2,99€","2,99€ / UNID.",
BACALHAU A BRAS,CÔTÉ TABLE,Emb. 0.8 KG,"8,79€","10,99€ / KG",
Flocos de Aveia Biológicos,,Emb. 0.5 L,"1,19€","2,38€ / L",
Ovos Solo XL,SNR,Emb. 6 UNID.,"1,59€","0,27€ / UNID.",
Água Tónica de Extratos Vegetais,SCHWEPPES,Garrafa 1 LT,"1,94€","1,94€ / LT",
Vinho do Porto Offley Ruby,OFFLEY,Garrafa 0.75 LT,"4,69€","6,25€ / LT",
Bolachas Digestive Go Canela 6 Saquetas,TRIUNFO,Emb. 0.171 KG,"1,68€","9,82€ / KG",
Camarão Selvagem Cal. 60/80 Congelado,,1 Unid. = 0.25 KG (aprox.),"7,49€/kg","1,87€ / Unid.",
Chá Verde Springy Mint,LIPTON,Emb. 20 UNID.,"1,49€","0,07€ / UNID.",
Cillit Bang Bolor & Sujidade,CILLIT BANG,Emb. 0.5 LT,"2,24€","4,48€ / LT",
Máscara Capilar Reparadora Color Keratina,TRESEMMÉ,Emb. 0.2 LT,"5,39€","26,95€ / LT",
Espetadas de Peru,,1 Unid. = 0.6 KG (aprox.),"6,99€/kg","4,19€ / Unid.",
Salteado do Campo,BONDUELLE,Emb. 0.75 KG,"4,93€","6,57€ / KG",
Croissant Maxi Creme Sabor a Baunilha,CHIPICAO,Emb. 0.08 KG,"1,23€","15,38€ / KG",
Cueca de Banho Tam. M 12/18 Kg,MOTS D'ENFANTS,Emb. 11 UNID.,"4,99€","0,45€ / UNID.",
Chá de Cidreira,,Emb. 25 SAQ.,"0,79€","0,03€ / SAQ.",
Alimento Completo Cereais P/ Coelhos Anões,TOUS MES AMIS,Emb. 2.5 KG,"5,99€","2,40€ / KG",
Whisky J&B Rare,J&B,Garrafa 0.7 LT,"16,98€","24,26€ / LT",
Manteiga Magra Baixo Teor Sal,PRÉSIDENT,Emb. 0.25 KG,"2,54€","10,16€ / KG",
SALSICHAO SECO C/ QUEIJO FATIAS,ST AZAY,Emb. 0.1 KG,"1,99€","19,90€ / KG",
Azeite Maduras,OLIVEIRA DA SERRA,Emb. 0.75 LT,"6,18€","8,24€ / LT",
Sementes de Chia,MARQUE REPERE,Emb. 0.2 KG,"1,99€","9,95€ / KG",
DOSSIER A4 C/ELASTICO+RECARGA 4ARG,ESQUISSE,Emb. 1 UNID.,"4,29€","4,29€ / UNID.",
Dentífrico Cuidado Completo Sensitive Expert,DENTAMYL,Emb. 0.075 LT,"0,99€","13,20€ / LT",
Ambientador Recarga Portátil touch&fresh Relax Zen,GLADE,Emb. 2 UNID.,"7,18€","3,59€ / UNID.",
Molho Bolonhesa,TURINI,Frasco 0.68 KG,"2,49€","3,66€ / KG",
Champô Elvive Total Repair 5,L'ORÉAL PARIS,Emb. 0.4 LT,"5,98€","14,95€ / LT",
NECTAR MULTIFRUTOS SEM ADICAO DE AÇÚCARES,JAFADEN,Emb. 1 LT,"1,39€","1,39€ / LT",
Limpeza Cif Cozinha Eco Recarga Spray,CIF,Emb. 0.07 LT,"1,89€","27,00€ / LT",
Dentífrico com Flúor Fresh Gel,COLGATE,Emb. 0.075 LT,"2,48€","33,07€ / LT",
Queijo Fundido 24 Porções,ECO+,Emb. 0.4 KG,"2,19€","5,48€ / KG",
Tablete Chocolate de Leite Avelã 4x100g,ECO+,Emb. 0.4 KG,"2,45€","6,13€ / KG",
Vinho Regional Douro Branco,PORCA DE MURÇA,Garrafa 0.75 LT,"4,78€","6,37€ / LT",
Fraldas Bebé Ultra Confort Maxi +9/20 Kg,MOTS D'ENFANTS,Emb. 41 UNID.,"6,99€","0,17€ / UNID.",
Conserva de Atum em Óleo Girassol,PÊCHE OCÉAN,Emb. 0.385 KG,"2,69€","6,99€ / KG",
KINDER BUENO WHITE T2X4,KINDER BUENO,Emb. 0.16 KG,"2,44€","15,25€ / KG",
Iogurte Grego Limão 4x150g,DÉLISSE,Emb. 0.6 KG,"1,89€","3,15€ / KG",
Queijo Fatiado -50% Gordura 2X200 g,LIMIANO,Emb. 0.4 KG,"4,58€","11,45€ / KG",
Queijo de Cabra Rústico de Pimentão Saloio,PALHAIS DE PORTUGAL,1 Unid. = 0.25 KG (aprox.),"18,99€/kg","4,75€ / Unid.",
Gnocchi Fresco,TURINI,Emb. 0.375 KG,"1,49€","3,97€ / KG",
Arroz Agulha,BELMONTE,Emb. 1 KG,"1,03€","1,03€ / KG",
Açúcar Mascavado,SORES,Emb. 0.5 KG,"1,78€","3,56€ / KG",
Vinho Bordeaux Rouge A.O.C. 2014,CHANTET BLANET,Garrafa 0.75 ML,"3,49€","4,65€ / ML",
Pistácio Torrado C/ Sal,MARQUE REPERE,Emb. 0.25 KG,"5,59€","22,36€ / KG",
Água Tónica 6 Unid.,SPRINK'S,Garrafa 1.98 LT,"2,89€","1,46€ / LT",
LIMPA VIDROS AUTO 5 L 5L TECH9,TECH9,Emb. 5 LT,"2,39€","0,48€ / LT",
Pastilha Elástica Senses Sabor Melancia 3x23g,TRIDENT,Emb. 0.069 KG,"2,58€","37,39€ / KG",
Martini Rosso,MARTINI,Garrafa 1 LT,"11,98€","11,98€ / LT",
Filete Cavala em Azeite Virgem,BOM PETISCO,Emb. 0.12 KG,"2,39€","19,92€ / KG",
Queijo Picante da Beira Baixa Dop,DAMAR,1 Unid. = 0.325 KG (aprox.),"19,98€/kg","6,49€ / Unid.",
Batom Lasting Finish Drop of Sherry 058,RIMMEL,Emb. 1 UNID.,"8,98€","8,98€ / UNID.",
FIAMBRE PERNA EXTRA FATIADO,CAMPO FINO,Emb. 0.15 KG,"1,29€","8,60€ / KG",
VELA NUMERO FUN 5,ARDENCE,Emb. 1 UNID.,"0,99€","0,99€ / UNID.",
Eau De Toilette Umbro Power,UMBRO,Emb. 0.03 LT,"6,98€","232,67€ / LT",
Forma Tarte C/Fundo Solto 28Cm,ECO+,Emb. 1 UNID.,"3,99€","3,99€ / UNID.",
Massa Quebrada com Gordura Vegetal Rolo,,Emb. 0.23 KG,"0,59€","2,57€ / KG",
VELA NUMERADA N 5,,Emb. 1 UNID.,"0,59€","0,59€ / UNID.",
DESMAQUILHANTE DE OLHOS WATERPROOF BIFASICO,BIONAÏA,Emb. 0.15 LT,"2,69€","17,93€ / LT",
RECARGAS MAQ BARBEAR 3 LAMINAS,CARRÉ HOMME,Emb. 4 UNID.,"3,19€","0,80€ / UNID.",
PELICULA ADERENTE 50M,ECO+,Emb. 50 M,"0,90€","0,02€ / M",
Néctar Clássico Pera,JAFADEN,Emb. 1 LT,"0,99€","0,99€ / LT",
MIX APERO BEM-ESTAR,TOKAPI,Emb. 0.12 KG,"2,29€","19,08€ / KG",
Gelo em Cubos,,Emb. 2 KG,"1,00€","0,50€ / KG",
Verniz de Unhas 60 Segundos 315,RIMMEL,Emb. 1 UNID.,"5,58€","5,58€ / UNID.",
PIMENTA PRETA EM GRAO SAQUETA,RUSTICA,Emb. 0.05 KG,"0,89€","17,80€ / KG",
Suspiros,,Emb. 0.09 KG,"2,00€","22,22€ / KG",
Groselha,ALBERGARIA,Garrafa 1 LT,"4,18€","4,18€ / LT",
Champô Repara Azeite de Argão de Marrocos,HERBAL ESSENCES,Emb. 0.4 LT,"3,99€","9,98€ / LT",
DOCE FRAMBOESA LIGHT,DOUCEUR DU VERGER,Emb. 0.34 KG,"1,39€","4,09€ / KG",
Forno de Lenha Fatias Finas Peito de Peru,CAMPOFRIO,Emb. 0.12 KG,"2,68€","22,33€ / KG",
Pizza Fiambre Queijo 3x350g,TURINI,Emb. 1.05 KG,"4,49€","4,28€ / KG",
Mortadela de Peru com Azeitonas,,1 Unid. = 0.16 KG (aprox.),"7,99€/kg","1,28€ / Unid.",
Creme de Legumes,REGAL SOUPE,Emb. 1 LT,"1,49€","1,49€ / LT",
Toalhitas Clássicas Recarga,MOTS D'ENFANTS,Emb. 72 UNID.,"1,29€","0,02€ / UNID.",
Detergente Roupa Máquina Pó Surf Tropical,SURF,Emb. 70 DOSES,"9,99€","0,14€ / DOSES",
Álcool Canforado HIDRO 250ml,HIDRO,Emb. 0.25 LT,"2,09€","8,36€ / LT",
Proteção de Dentes e Gengivas Menta,LISTERINE,Emb. 0.25 LT,"3,98€","15,92€ / LT",
Sobremesa de Soja Pistachio,NAT&VIE,Emb. 0.4 KG,"1,34€","3,35€ / KG",
Fatias Fiambre da Perna Extra,NOBRE,Emb. 0.12 KG,"2,68€","22,33€ / KG",
Alimento Completo Cereais P/ Animais Exóticos,TOUS MES AMIS,Emb. 1 KG,"3,29€","3,29€ / KG",
Queijo de Cabra de Seia,QUEIJOS LAGOS,1 Unid. = 1 KG (aprox.),"17,99€/kg","17,99€ / Unid.",
Conserva de Tremoço Extra,RUSTICA,Frasco 0.87 KG,"2,19€","2,52€ / KG",
Bebida Espirituosa London Gin,BRIGHTON'S,Garrafa 0.7 LT,"6,99€","9,99€ / LT",
AGUA DESMINERALIZADA,,Emb. 5 LT,"0,99€","0,20€ / LT",
Pano Microfibra Colors,VILEDA,Emb. 4 UNID.,"4,48€","1,12€ / UNID.",
CONDICIONADOR REPARADOR,VITANOVE,Emb. 0.2 LT,"1,24€","6,20€ / LT",
Bolachinhas Criança,BLÉDINA,Emb. 0.125 KG,"2,68€","21,44€ / KG",
Rolo de Cozinha Maxi Absorção,RENOVA,Emb. 4 ROLOS,"2,58€","0,65€ / ROLOS",
ACENDALHAS EM BASTOES,SILEX,Emb. 24 UNID.,"2,49€","0,10€ / UNID.",
Ração seca para gato digestão sensível c/ truta,ULTIMA,Emb. 1.5 KG,"13,28€","8,85€ / KG",
Limpa Madeiras Brilhante Secagem Rápida,SONASOL,Emb. 1.1 LT,"2,79€","2,54€ / LT",
Salsichão Cumbre Real,CAMPOFRIO,1 Unid. = 0.1 KG (aprox.),"19,99€/kg","2,00€ / Unid.",
Vinho Regional Alentejo Tinto,REGUENGOS,Garrafa 0.75 LT,"5,98€","7,97€ / LT",
Aditivo roupa spray roupa branca,VANISH,Emb. 0.75 LT,"5,19€","6,92€ / LT",
Puré de Maçã Biológico 4x100g,,Emb. 0.4 KG,"1,89€","4,73€ / KG",
Crackers,EPI D'OR,Emb. 0.25 KG,"1,09€","4,36€ / KG",
Papel Higiénico 2 Folhas,MARQUE REPERE,Emb. 12 UNID.,"2,49€","0,21€ / UNID.",
TARTE DE LIMAO,P'TIT DÉLI,Emb. 0.3 KG,"2,99€","9,97€ / KG",
Camarão Selvagem Cal. 40/60 Congelado,,1 Unid. = 0.25 KG (aprox.),"9,98€/kg","2,50€ / Unid.",
Desodorizante Spray Sport Cool,DOVE,Emb. 0.05 LT,"2,39€","47,80€ / LT",
"AZEITE CLASSICO VIRGEM ≤ 0,7%",RUSTICA,Emb. 0.75 KG,"3,79€","5,05€ / KG",
Óleo Intense 4-23 Cereja Profundo,SYOSS,,"6,24€",/ Unid.,
Spray de Limpeza e Desengordurante Cozinha Ecológico,UNÍ VERT,Emb. 0.75 LT,"1,49€","1,99€ / LT",
Pente de Cabelo,,Emb. 1 UNID.,"1,99€","1,99€ / UNID.",
DETERGENTE LIQUIDO CONCENTRADO FRESCURA 28D,EPSIL,,"2,90€",/ Unid.,
Miolo de Amendoim Caramelizado,MARQUE REPERE,Emb. 0.25 KG,"1,89€","7,56€ / KG",
Toalhitas Proteção Cores,WOOLITE,Emb. 10 UNID.,"3,49€","0,35€ / UNID.",
Biscoitos Revestidos com Chocolate Branco,P'TIT DÉLI,Emb. 0.15 KG,"0,79€","5,27€ / KG",
Creme Depilatório Duche Peles Normais,VEET,Emb. 0.15 LT,"6,64€","44,27€ / LT",
Mini Pizza Queijo e Fiambre Ultracongelado 9 Unid.,PICCOLINIS,Emb. 0.27 KG,"3,98€","14,74€ / KG",
Leite Bem Essencial C/ Chocolate UHT 4 Unid.,MIMOSA,Emb. 0.8 LT,"1,98€","2,48€ / LT",
Queijo Bola Flamengo,LIMIANO,Emb. 0.6 KG (aprox.),"8,99€/kg","5,39€ / Unid.",
Bolachas Maria Oro,CUÉTARA,Emb. 0.2 KG,"1,03€","5,15€ / KG",
"Escova P/ Loiça ""Lola""",,Emb. 1 UNID.,"0,69€","0,69€ / UNID.",
CHAMPO + DUCHE ENERGIZANTE PARA HOMEM,CARRÉ HOMME,Emb. 0.25,"0,95€","3,80€ /",
Sementes de Linhaça,MARQUE REPERE,Emb. 0.2 KG,"0,99€","4,95€ / KG",
Queijo Brie,PRÉSIDENT,1 Unid. = 0.25 KG (aprox.),"16,99€/kg","4,25€ / Unid.",
Esfregona Estampada,,Emb. 2 UNID.,"3,50€","1,75€ / UNID.",
Conhaque Royal Spirit,MACIEIRA,Garrafa 0.7 LT,"10,99€","15,70€ / LT",
Açúcar Especial Compota,TÉVA,Emb. 1 KG,"1,79€","1,79€ / KG",
Alimento Seco P/ Gato Especial Pele e Pêlo,PURINA,Emb. 0.8 KG,"6,98€","8,73€ / KG",
Pão de Forma Oroweat Sementes Sésamo e Linhaça,BIMBO,Emb. 0.68 KG,"2,44€","3,59€ / KG",
Palmiers Kids,DU BOIS DE LA ROCHE,Emb. 0.1 KG,"1,08€","10,80€ / KG",
Tarte de Nata,,Emb. 0.5 KG,"5,99€","11,98€ / KG",
DESODORIZANTE AERO DARK TEMPTATION,AXE,Emb. 0.15 LT,"3,29€","21,93€ / LT",
Frango do Campo Inteiro,,1 Unid. = 2.8 KG (aprox.),"2,49€/kg","6,97€ / Unid.",
Lixívia Frescura do Campo,NEOBLANC,Emb. 2 LT,"2,14€","1,07€ / LT",
PENSOS DIARIOS MINI,CHORYS,Emb. 28 UNID.,"1,49€","0,05€ / UNID.",
Cenoura,,1 Unid. = 0.1 KG (aprox.),"0,69€/kg","0,07€ / Unid.",
Gin London Dry,TANQUERAY,Garrafa 0.7 LT,"21,48€","30,69€ / LT",
MASCARA FACIAL EM TECIDO TONIFICANTE,INELL,Emb. 1 UNID.,"2,29€","2,29€ / UNID.",
Sidra Normand Doce,LES GOELLERIES,Garrafa 0.75 LT,"2,19€","2,92€ / LT",
Presunto 6 Fatias,,Emb. 0.15 KG,"2,09€","13,93€ / KG",
CUECA INCONTINENCIA ABSORCAO PLUS MEDIA,CHORYS,Emb. 12 UNID.,"7,99€","0,67€ / UNID.",
Farinha de Trigo com Fermento,ECO+,Emb. 1 KG,"0,89€","0,89€ / KG",
Bebida Energética,X-TENSE,Lata 4 UNID.,"3,89€","0,97€ / UNID.",
Queijo Barra Flamengo,PRIMOR,1 Unid. = 0.15 KG (aprox.),"9,99€/kg","1,50€ / Unid.",
CONE LIMAO/FRAMBOESA 6UN,TRIUM,Emb. 6 UNID.,"2,49€","0,42€ / UNID.",
"ATUM COM GRAO,RAMIREZ,120G",RAMIREZ,,"1,29€",/ Unid.,
Cillit Bang Limpa Vidros 500ML x12,CILLIT BANG,Emb. 0.5 LT,"2,24€","4,48€ / LT",
Farinheira Terra de Xisto,SNR,Emb. 0.23 KG,"1,65€","7,17€ / KG",
Salsicha Fresca de Porco Picante Embalada,,Emb. 0.6 KG (aprox.),"6,98€/kg","4,19€ / Unid.",
Bolachas Areadas Cobertas de Chocolate,P'TIT DÉLI,Emb. 0.15 KG,"1,19€","7,93€ / KG",
Lenços de Bolso Menta Sensitive 4 Folhas,RENOVA,Emb. 6 UNID.,"0,98€","0,16€ / UNID.",
Ambientador Aerossol Automático Apple Winter,AIR WICK,Emb. 0.25 LT,"4,99€","19,96€ / LT",
Iogurte Bifidus Activia Natural 4 Unid.,DANONE,Emb. 0.48 KG,"1,99€","4,15€ / KG",
ACHOCOLATADO GRANULADO,BON CHOCO,0.400 0,"1,99€",inf€ /,
Pantene Fixação Ultra Forte Laca 300ml,PANTENE PV,Emb. 0.3 LT,"3,74€","12,47€ / LT",
Chá de Frutos Vermelhos,TISÉA,Emb. 25 SAQ.,"1,19€","0,05€ / SAQ.",
Piano Reserva 2016 Douro Branco,PIANO,Emb. 0.75 LT,"7,98€","10,64€ / LT",
Tablete de Chocolate Extrafino C/ Avelã,NESTLÉ,Emb. 0.123 KG,"1,88€","15,28€ / KG",
Ice Tea de Pêssego 3x20 cl,LIPTON,Emb. 0.6 LT,"1,17€","1,95€ / LT",
Broa Pequena,,1 Unid. = 0.6 KG (aprox.),"0,99€","1,65€ / KG",
Palitos de La Reine Mousse d´Or,DU BOIS DE LA ROCHE,Emb. 0.2 KG,"2,88€","14,40€ / KG",
PIMENTAO DOCE SAQUETA,RUSTICA,Emb. 0.1 KG,"0,95€","9,50€ / KG",
Discos Activos Gel WC Lime Zest,PATO,Emb. 0.036 LT,"4,48€","124,44€ / LT",
Vinagre de Sidra,RUSTICA,Garrafa 0.5 LT,"0,35€","0,70€ / LT",
ANTI NODOAS E ANTI-DESCOLORACAO 2EM1,TEXIL,Emb. 12 UNID.,"2,49€","0,21€ / UNID.",
Fraldas Bebé T4 Ultra Confort 7/18 Kg,MOTS D'ENFANTS,Emb. 26 UNID.,"4,45€","0,17€ / UNID.",
AGUA MICELAR BIO,BIONAÏA,Emb. 0.4 LT,"2,95€","7,38€ / LT",
Bebida Gaseificada Aromatizada de Framboesa S/ Álcool,FESTALIE,Emb. 0.75 ML,"2,49€","3,32€ / ML",
Alimento Húmido para Gato Borrego,LYCAT,Emb. 0.1 KG,"0,55€","5,50€ / KG",
Refrigerante com Gás Ananás,SUMOL,Garrafa 1.25 LT,"1,38€","1,10€ / LT",
COMINHOS MOIDOS SAQUETA,RUSTICA,Emb. 0.05 KG,"0,79€","15,80€ / KG",
Covete Endivia Branca Org Esp 450G MARCA GUIA,,Emb. 0.45 KG,"2,59€","5,76€ / KG",
Cápsulas Café Cappuccino P/ Dolce Gusto,STARBUCKS,Emb. 12 CAPS.,"4,79€","0,40€ / CAPS.",
Conserva de Feijão Preto da Horta,COMPAL,Lata 0.42 KG,"1,19€","2,83€ / KG",
Molho Piri Piri Sacana,PALADIN,Emb. 0.5 LT,"2,48€","4,96€ / LT",
Ravioli Ricotta Espinafres Biológico,,Emb. 0.25 KG,"2,49€","9,96€ / KG",
Cachaça Brasil 51,CACHAÇA 51,Garrafa 0.7 LT,"11,48€","16,40€ / LT",
GELADO TRIUM AMENDOIM/CARAMELO COB. CHOCO LEITE 4UN,TRIUM,Emb. 4 UNID.,"2,05€","0,51€ / UNID.",
B&J Netflix & Chill'D 465ml,,Emb. 0.465 LT,"6,78€","14,58€ / LT",
Pacotinho de Cereais e Mel,NESTUM,Emb. 0.08 KG,"0,98€","12,25€ / KG",
Maionese com Mostarda de Dijon,,Frasco 0.47 KG,"1,49€","3,17€ / KG",
Spray Desembaraçador,NATEIS,Emb. 0.2 LT,"1,99€","9,95€ / LT",
MASSA TORTELLINI RICOTTA ESPINAFRES,TURINI,Emb. 0.3 KG,"1,59€","5,30€ / KG",
Arroz Vaporizado,COMPTOÍR DU GRAIN,Emb. 1 KG,"1,25€","1,25€ / KG",
Pantene Caracóis Perfeitos Champô,PANTENE PV,Emb. 0.25 LT,"3,29€","13,16€ / LT",
Chá Preto Yellow Label 100 Saquetas,LIPTON,Emb. 100 Saquetas,"4,54€","0,05€ / Saquetas",
Creme Depilatório Peles Normais,VEET,Emb. 0.2 LT,"6,64€","33,20€ / LT",
MASSA QUEBRADA S/ GLUTEN,CHAQUE JOUR SANS GLUTEN,Emb. 0.23 KG,"2,53€","11,00€ / KG",
Pano Suave Antibacterias,VILEDA,Emb. 1 UNID.,"2,64€","2,64€ / UNID.",
Legumes para Sopa,NOTRE JARDIN,Emb. 1 KG,"1,55€","1,55€ / KG",
Alimento P/ Gato de Frango C/ Mandioca S/ Glúten,BEYOND,Emb. 1.2 KG,"11,98€","9,98€ / KG",
Néctar Clássico 100% Maçã,COMPAL,Emb. 0.33 LT,"0,83€","2,52€ / LT",
BEBIDA SOJA NATURAL,ALPRO,Emb. 1 LT,"1,59€","1,59€ / LT",
Espetadas Mistas de Porco Familiares,,1 Unid. = 0.15 KG (aprox.),"7,99€/kg","1,20€ / Unid.",
MARCADOR FLURESCENTE SORTIDO CORES PASTEL 4UN,ESQUISSE,Emb. 4 UNID.,"2,99€","0,75€ / UNID.",
Alimento P/ Gato de Salmão C/ Mandioca S/ Glúten,BEYOND,Emb. 1.2 KG,"11,98€","9,98€ / KG",
Sabonete Líquido Mão,DOVE,Emb. 0.25 LT,"2,39€","9,56€ / LT",
REDONDITAS CROCANTES tipo belgas,P'TIT DÉLI,Emb. 0.25 KG,"1,99€","7,96€ / KG",
Vinho Regional Alentejo Branco,TERRAS D'EL REI,Garrafa 0.75 LT,"2,78€","3,71€ / LT",
Molho Whisky Cocktail,CALVÉ,Frasco 0.253 KG,"2,93€","11,58€ / KG",
Fiambre da Perna Extra Fatiado,NOBRE,Emb. 0.11 KG,"2,14€","19,45€ / KG",
Vinho do Porto Lágrima Branco,DORRÃO,Emb. 0.075 LT,"6,49€","86,53€ / LT",
"BL1 LED ESFERA R 5,5W-40W E27",FOXTER,Emb. 1 UNID.,"3,99€","3,99€ / UNID.",
Limpa Multisuperficies Cif Ultra Limpeza Brilhante,CIF,Emb. 0.5 LT,"1,79€","3,58€ / LT",
Queijo de Vaca Amanteigado 5 Estrelas,LACTO SERRA,1 Unid. = 1 KG (aprox.),"10,99€/kg","10,99€ / Unid.",
MOLHO PARA HAMBURGUER,RUSTICA,Emb. 0.85 KG,"3,99€","4,69€ / KG",
Cerveja C/ Álcool,FALSBOURG,Lata 0.33 LT,"0,38€","1,15€ / LT",
Pistachios Torrados a Seco C/ Sal,TOKAPI,Emb. 0.075 KG,"1,50€","20,00€ / KG",
RIMMEL BL_ BATON LASTING FINISH 214 FIRECRACKER,,Emb. 1 UNID.,"8,09€","8,09€ / UNID.",
Cachaço com Osso Porco,,1 Unid. = 0.5 KG (aprox.),"4,39€/kg","2,20€ / Unid.",
Sementes de Quinoa,MARQUE REPERE,Emb. 0.2 KG,"1,39€","6,95€ / KG",
Tempero Esparguete à Bolonhesa,KNORR,Emb. 0.038 KG,"1,53€","40,26€ / KG",
Presunto sem Osso,,1 Unid. = 1 KG (aprox.),"11,59€/kg","11,59€ / Unid.",
Alimento Perle Húmido P/ Gato C/ Molho Frango e Vaca 4x85g,PURINA,Emb. 0.34 KG,"3,48€","10,24€ / KG",
Queijo Ralado,TERRA NOSTRA,Emb. 0.15 KG,"1,39€","9,27€ / KG",
Bijou,,1 Unid. = 0.055 KG,"0,13€","2,36€ / KG",
Máscara de Abacate Ultra Suave,GARNIER,Emb. 0.3 LT,"6,78€","22,60€ / LT",
Tirinhas de Bacon ao Natural 2x100g,TRADILÈGE,Emb. 0.2 KG,"2,29€","11,45€ / KG",
Gomas Trio Acidas,COPAÍNS COPINES,Emb. 0.2 KG,"0,99€","4,95€ / KG",
Creme Culinária Soja,SHOYCE,Emb. 0.2 L,"1,38€","6,90€ / L",
SALSICHA CHURRASCO PICANTE,CAMPO FINO,Emb. 0.2 KG,"1,49€","7,45€ / KG",
Conserva de Grão,COMPAL,Lata 0.845 KG,"1,59€","1,88€ / KG",
Mousse de Café 4x60g,DÉLISSE,Emb. 0.24 KG,"1,35€","5,63€ / KG",
Espanador Duster + 5 Panos,SWIFFER,Emb. 1 UNID.,"3,59€","3,59€ / UNID.",
LAVA TUDO CONCENTRADO ECOLOGICO,UNÍ VERT,Emb. 1 LT,"1,59€","1,59€ / LT",
Tempero para Frango,RUSTICA,Frasco 0.2 KG,"0,75€","3,75€ / KG",
Folhados de Frutos do Mar 4x100g,CÔTÉ TABLE,Emb. 4 UNID.,"4,99€","1,25€ / UNID.",
RECARGAS MAQ.BARBEAR 5 LAMINAS 4UN,CARRÉ HOMME,Emb. 4 UNID.,"4,29€","1,07€ / UNID.",
3 Mini Saucisses Sèches,ST AZAY,Emb. 0.15 KG,"2,49€","16,60€ / KG",
MIOLO DE CAMARAO 24/36,PÊCHE OCÉAN,Emb. 0.3 KG,"7,10€","23,67€ / KG",
Esparguete C/ Frango +10 Meses,NESTLÉ,Emb. 0.19 KG,"1,39€","7,32€ / KG",
Cogumelo Branco Laminado,,Emb. 0.3 KG,"1,99€","6,63€ / KG",
Loção Sensitive,BABY DOVE,Emb. 0.2 LT,"5,39€","26,95€ / LT",
"Queijo Fundido Fonte de Vitaminas A, B2, B12",LES CROISÉS,Emb. 0.2 KG,"1,35€","6,75€ / KG",
Difusor e Recarga Freshmatic Lavanda e Camomila,AIR WICK,Emb. 0.61 KG,"7,19€","11,79€ / KG",
Cremant Dalsace Brut,REBMANN,Garrafa 0.75 LT,"7,39€","9,85€ / LT",
Licor de Ginja,GINJA D' ÓBIDOS,Emb. 0.7 LT,"15,98€","22,83€ / LT",
NOODLES DE FRANGO,TABLES DU MONDE,Emb. 0.061 KG,"0,99€","16,23€ / KG",
Snack Batata Barbecue,TOKAPI,Emb. 0.17 KG,"1,95€","11,47€ / KG",
CHAMPO SECO 150ML,VITANOVE,Emb. 0.15 LT,"1,79€","11,93€ / LT",
Desodorizante Spray Peles Sensíveis,MANAVA,Emb. 0.2 LT,"1,24€","6,20€ / LT",
Desodorizante Spray,REXONA,Emb. 0.15 LT,"2,54€","16,93€ / LT",
Café Cápsulas deQafeinatus Intensidade 1,DELTA,Emb. 10 CAPS.,"3,39€","0,34€ / CAPS.",
SACO VACUO,SILLAGE,Emb. 2 UNID.,"4,99€","2,50€ / UNID.",
Iogurte de Banana 4 Unid.,IOGOLINO,Emb. 0.4 KG,"2,88€","7,20€ / KG",
Bife de Frango,,1 Unid. = 0.35 KG (aprox.),"5,99€/kg","2,10€ / Unid.",
Tablete de Chocolate Leite,NESTLÉ,Emb. 0.125 KG,"1,88€","15,04€ / KG",
Café Latte Caramel 8 Unid.,NESCAFÉ,Emb. 0.136 KG,"3,18€","23,38€ / KG",
Café Solúvel Cappuccino Descafeinado 10 Saquetas,NESCAFÉ,Emb. 0.125 KG,"3,18€","25,44€ / KG",
Gel Banho Baunilha/Ambre,MANAVA,Emb. 0.5 LT,"2,29€","4,58€ / LT",
Achocolatado em Pó,BON CHOCO,Emb. 0.45 KG,"1,79€","3,98€ / KG",
Alimento Húmido Gato Pedaços Molho 4 Unid.,LYCAT,Emb. 1.6 KG,"3,59€","2,24€ / KG",
Espumante Reserva Bruto,MURGANHEIRA,Garrafa 0.75 LT,"11,78€","15,71€ / LT",
RECARGA P/ ESCOVA DENTES MEDIA CABECA RECARRREGAVEL,DENTAMYL,,"1,25€",/ Unid.,
Gel de Banho Deeply Nourishing,DOVE,Emb. 0.75 LT,"4,19€","5,59€ / LT",
Bolacha Cream Crackers Estilo Inglês,CUÉTARA,Emb. 0.2 KG,"1,28€","6,40€ / KG",
Muelsi C/ Chocolate Leite,GRAINEA,Emb. 0.5 KG,"2,39€","4,78€ / KG",
Sais de Fruta Digestivo Laranja,ENO,Emb. 10 UNID.,"4,98€","0,50€ / UNID.",
Nata para Culinária,PARMALAT,Emb. 0.2 KG,"1,11€","5,55€ / KG",
Pacotinho de Frutas Maçã e Pêssego S/ Glúten +6 meses,NESTLÉ,Emb. 0.09 KG,"1,04€","11,56€ / KG",
Snacks Party Mix Original,FELIX,Emb. 0.06 KG,"1,88€","31,33€ / KG",
Capucino Chocolate Base de Leite Magro em Pó,PLANTATION,Emb. 0.306 KG,"2,99€","9,77€ / KG",
TESOURA PODA,BEAUX JOURS,Emb. 1 UNID.,"2,99€","2,99€ / UNID.",
IOGURTE BAUNILHA BIO FRASCO,,Emb. 0.5 KG,"1,79€","3,58€ / KG",
Maçã Pink Lady Cal. 70/75,,1 Unid. = 0.19 KG (aprox.),"2,99€/kg","0,57€ / Unid.",
Tablete de Chocolate de Leite 5x100g,ECO+,Emb. 0.5 KG,"2,75€","5,50€ / KG",
TIRAS DE BACON FUMADOS -25% TEOR SAL (LARDONS) 2X75G,TRADILÈGE,Emb. 0.15,"1,79€","11,93€ /",
Escova de Dentes Complete Média,ORAL B,Emb. 1 UNID.,"1,64€","1,64€ / UNID.",
MASCARA DETOX BIO 100ML,BIONAÏA,Emb. 0.1 LT,"3,29€","32,90€ / LT",
Néctar de Laranja,JAFADEN,Emb. 2 LT,"1,69€","0,85€ / LT",
Acendalha 100% Natural,SILEX,Emb. 40 UNID.,"0,99€","0,02€ / UNID.",
Cerveja com Álcool,CRISTAL,Garrafa 1 LT,"1,34€","1,34€ / LT",
SORVETE LIMAO,TROFIC,Emb. 1 LT,"1,79€","1,79€ / LT",
Conjunto de 10 Lâminas X-Ato 18Mm H,FOXTER,Emb. 10 UNID.,"1,29€","0,13€ / UNID.",
MOLHO CHALOTA,RUSTICA,Emb. 0.3 LT,"1,39€","4,63€ / LT",
CAPA CARTAO C/ELASTICO 3UN,ESQUISSE,Emb. 3 UNID.,"2,49€","0,83€ / UNID.",
Bolachas Quadradas Recheadas com Sabor a Chocolate,ECO+,Emb. 0.3 KG,"1,09€","3,63€ / KG",
Bolachas Recheadas de Morango,P'TIT DÉLI,Emb. 0.15 KG,"1,69€","11,27€ / KG",
Rolo Massa Folhada Pronta a Desenrolar,,Emb. 0.23 KG,"0,59€","2,57€ / KG",
Café Solúvel Clássico,NESCAFÉ,Emb. 10 SAQ.,"1,58€","0,16€ / SAQ.",
Queijo Mini Babybel Light,BABYBEL,Emb. 0.12 KG,"2,04€","17,00€ / KG",
TOMATES SECOS EM OLEO GIRASSOL E AZEITE,RUSTICA,Emb. 0.28 KG,"2,69€","9,61€ / KG",
Douradinhos de Filete de Peixe 15 Unid. Ultracongelado,CAPITÃO IGLO,Emb. 0.42 KG,"5,68€","13,52€ / KG",
Canela Moída,MARGÃO,Emb. 0.039 KG,"2,28€","58,46€ / KG",
Papa Infantil de Banana Laranja,CERELAC,Emb. 0.25 KG,"2,39€","9,56€ / KG",
Massa Macarronete Riscado,ECO+,Emb. 0.5 KG,"0,65€","1,30€ / KG",
Red Bull,RED BULL,Lata 0.355 LT,"1,88€","5,30€ / LT",
Champô Cabelo Garnier Cereja e Amêndoa,ULTRA SUAVE,Emb. 0.25 LT,"3,58€","14,32€ / LT",
Óleo Cabelo Repara e Protege,PANTENE,Emb. 0.1 LT,"9,98€","99,80€ / LT",
FEIJOCA EXTRA FINA,NOTRE JARDIN,Emb. 0.4 KG,"0,89€","2,23€ / KG",
Dentífrico Natural Extracts Brilho Intenso,COLGATE,Emb. 0.075 LT,"3,24€","43,20€ / LT",
MACEDONIA DE LEGUMES 1/4X3 3X200G,NOTRE JARDIN,Emb. 0.6 KG,"1,69€","2,82€ / KG",
Amêijoa Branca Congelada,,1 Unid. = 0.38 KG (aprox.),"4,99€/kg","1,90€ / Unid.",
Agrião,,Emb. 0.15 KG,"1,39€","9,27€ / KG",
ARROZ DOCE SABOR BAUNILHA,DÉLISSE,Emb. 0.92 KG,"2,99€","3,25€ / KG",
Massa Carbonara,KNORR,Emb. 0.062 KG,"1,88€","30,32€ / KG",
Mini Bolos com Pepitas de Chocolate,P'TIT DÉLI,Emb. 0.15 KG,"1,39€","9,27€ / KG",
Tablete de Chocolate Culinária 2x200g,TABLETTE D'OR,Emb. 0.4 KG,"3,02€","7,55€ / KG",
Erva Doce Saqueta,RUSTICA,Emb. 0.05 KG,"0,99€","19,80€ / KG",
TOMATE PELADO,TURINI,Emb. 0.78 KG,"0,99€","1,27€ / KG",
Leite Confort 1,NAN,Emb. 0.8 KG  (aprox.),"20,98€","26,23€ / KG",
MAQ.BARBEAR 5 LAMINAS + 1 RECARGA,CARRÉ HOMME,Emb. 1 UNID.,"4,95€","4,95€ / UNID.",
Vinho Regional Douro Reserva 2015,MONTES ERMOS,Garrafa 0.75 L,"4,39€","5,85€ / L",
Concentrado de Maracujá Miix,SUNQUICK,Emb. 0.58 LT,"4,78€","8,24€ / LT",
Cogumelos Inteiros,NOTRE JARDIN,Emb. 0.78 KG,"2,69€","3,45€ / KG",
Deo Creme Derma Care 0% Álcool,VASELINE,Emb. 0.05 LT,"2,84€","56,80€ / LT",
"AGUA NAT PET,CARVALHELHO,4x1.5L",CARVALHELHOS,,"2,37€",/ Unid.,
Licor da Nação,SNR,Garrafa 0.7 LT,"7,49€","10,70€ / LT",
Refrigerante S/ Gás Laranja 0 Açúcares,AQUARIUS,Emb. 1.5 LT,"1,99€","1,33€ / LT",
Gelatina Light Melancia 4 Unid.,ROYAL,Emb. 0.4 KG,"2,18€","5,45€ / KG",
"GELADO ""TYROLIA"" BAUNILHA",ESKISS,Emb. 0.65 LT,"1,79€","2,75€ / LT",
CRACKERS MINI PIZZA,TOKAPI,Emb. 0.085 KG,"1,09€","12,82€ / KG",
Atum Posta Natural,BOM PETISCO,Emb. 0.2 KG,"2,39€","11,95€ / KG",
Vinagre de Sidra Original,GALLO,Emb. 0.25 LT,"1,69€","6,76€ / LT",
Paté para Cão de Aves e Fígado,LYDOG,Emb. 0.3 KG,"0,79€","2,63€ / KG",
Gelado 3 Chocolates,TRIUM,Emb. 4 UNID.,"2,55€","0,64€ / UNID.",
Bebida Gaseificada Aromatizada de Uva S/ Álcool,FESTALIE,Emb. 0.75 LT,"2,49€","3,32€ / LT",
Massa Filo,TABLIER BLANC,Emb. 0.25 KG,"1,99€","7,96€ / KG",
Pimento Verde,,1 Unid. = 0.19 KG (aprox.),"1,79€/kg","0,34€ / Unid.",
Sabonete Líquido Leite e Mel Recarga,PALMOLIVE,Emb. 0.3 LT,"2,98€","9,93€ / LT",
Cabo Universal,,Emb. 1 UNID.,"3,99€","3,99€ / UNID.",
Leite Creme 4x23 g,EL MANDARIN,Emb. 0.092 KG,"1,48€","16,09€ / KG",
Refrigerante sem Gás Maçã Verde,FRUTIS,Garrafa 1.5 LT,"1,15€","0,77€ / LT",
Iced Tea Pêssego,ECO+,Emb. 1.5 LT,"0,84€","0,56€ / LT",
AMACIADOR ECOLOGICO,UNÍ VERT,Emb. 0.75 LT,"1,59€","2,12€ / LT",
PREPARADO PARA BOLO FONDANT DE CHOCOLATE PRONTO A COZER,TABLIER BLANC,Emb. 0.5 KG,"2,89€","5,78€ / KG",
Creme de Barbear Protector,NIVEA MEN,Emb. 0.1 LT,"3,98€","39,80€ / LT",
Paio York,CHARCUTARIA,1 Unid. = 0.1 KG (aprox.),"9,99€/kg","1,00€ / Unid.",
Pão de Forma Integral com Côdea Receita Económica,PANRICO,Emb. 0.52 KG,"1,68€","3,23€ / KG",
CUECA INCONTINENCIA XL,CHORYS,Emb. 10 UNID.,"7,39€","0,74€ / UNID.",
Moelas de Frango Embaladas,,1 Unid. = 0.4 KG (aprox.),"4,49€/kg","1,80€ / Unid.",
Deo Spray Tropical,REXONA,Emb. 0.15 LT,"2,54€","16,93€ / LT",
Gel de Duche Pétalas do Oriente,MANAVA,Emb. 0.25 LT,"1,19€","4,76€ / LT",
Spaguetti,TRADIZIONI D'ITALIA,Emb. 0.5 KG,"1,49€","2,98€ / KG",
Vinho Branco de Mesa,CASAL DA EIRA,Emb. 0.25 LT,"0,68€","2,72€ / LT",
Bebida em Pó Sabor Tropical,TANG,Emb. 0.03 KG,"0,82€","27,33€ / KG",
Toalhitas Sensitive Máxima Proteção Sem Perfume,DODOT,Emb. 54 UNID.,"1,87€","0,03€ / UNID.",
Recarga Ambientador Flor de Cereja da Ásia,AIRWICK,Emb. 0.25 LT,"3,59€","14,36€ / LT",
Sobremesa Láctea sabor Baunilha 8x100g,DÉLISSE,Emb. 0.8 KG,"2,75€","3,44€ / KG",
Toucinho Fumado,DAMATTA,Emb. 0.2 KG,"19,99€/kg","4,00€ / Unid.",
Sacos de Congelação Pequeno 18x20cm,ELEMBAL,Emb. 25 SAQ.,"0,99€","0,04€ / SAQ.",
Iogurte Líquido Framboesa,DÉLISSE,Emb. 0.85 LT,"1,25€","1,47€ / LT",
DANACOL LIQUÍDO COLESTEROL AVEIA,DANACOL,Emb. 6 UNID.,"2,99€","0,50€ / UNID.",
TABLETE CHOCOLATE NEGRO FLOR SAL 100G,CEMOI,Emb. 0.1 KG,"0,99€","9,90€ / KG",
Linguado Cal. 250/300,,1 Unid. = 0.28 KG (aprox.),"9,49€/kg","2,66€ / Unid.",
ABRASIVO SANITARIO PINHO ACTIV EFFECT 750ML,SYPHON,Emb. 0.75 LT,"0,99€","1,32€ / LT",
Mel de Flores Biológico,,Frasco 0.5 KG,"4,99€","9,98€ / KG",
Líquido Sanitário Gel Lixívia,,Emb. 0.75 LT,"2,24€","2,99€ / LT",
ESCOVA P/LOICA REDONDA C/CABO,SILLAGE,Emb. 1 UNID.,"1,29€","1,29€ / UNID.",
Conserva de Tomate em Pedaços,TURINI,Emb. 0.39 KG,"0,54€","1,38€ / KG",
MASSA GIRASOLI C/ PESTO MANJERICÃO E PINHÕES,TURINI,Emb. 0.25 KG,"2,19€","8,76€ / KG",
Massa Cotovelinho Clássica,NACIONAL,Emb. 0.5 KG,"1,58€","3,16€ / KG",
Esfregão Glitzi Power Inox,VILEDA,Emb. 2 UNID.,"3,48€","1,74€ / UNID.",
24 VELAS ANIVERSARIO BRANCAS,ARDENCE,Emb. 24 UNID.,"1,39€","0,06€ / UNID.",
Recarga Freshmatic Pradera Púrpura de Lavanda,AIR WICK,Spray 0.25 LT,"3,59€","14,36€ / LT",
Maionese,HELLMANN'S,Emb. 0.763 KG,"6,98€","9,15€ / KG",
AZEITONA MACANILHA MISTA INTEIRA,RUSTICA,Emb. 0.37 KG,"0,99€","2,68€ / KG",
Alimento Seco P/ Cão Salmão C/ Arroz,PURINA,Emb. 0.8 KG,"5,68€","7,10€ / KG",
Cracker com Arroz Tufado,DU BOIS DE LA ROCHE,Emb. 0.24 KG,"2,58€","10,75€ / KG",
Penso Incontinência Discreet Extra,AUSONIA,Emb. 10 UNID.,"2,98€","0,30€ / UNID.",
Conserva de Pickles em Vinagre,RUSTICA,Frasco 0.36 KG,"0,89€","2,47€ / KG",
GENGIBRE MOIDO FRASCO,RUSTICA,Emb. 0.027 KG,"0,79€","29,26€ / KG",
Panaché 10x25CL,MÍLLBRAU,Emb. 2.5 LT,"2,65€","1,06€ / LT",
Cerveja com Álcool,SUPER BOCK,Lata 0.33 LT,"0,59€","1,79€ / LT",
MINI BOLACHAS C/ RECHEIO MORANGO,P'TIT DÉLI,Emb. 0.168 KG,"1,19€","7,08€ / KG",
ESCOVA DENTES CRIANCA 2-6 ANOS,PETIT DENTAMYL,Emb. 1 UNID.,"0,79€","0,79€ / UNID.",
ADESIVOS PURIFICANTES X6- PELE NORMAL A MISTA,INELL,Emb. 6 UNID.,"3,39€","0,57€ / UNID.",
Café Solúvel Clássico,NESCAFÉ,Emb. 0.2 KG,"6,14€","30,70€ / KG",
Queijo de Ovelha Curado,OURO DO PASTOR,1 Unid. = 1 KG (aprox.),"14,39€/kg","14,39€ / Unid.",
BOLACHAS MEGA DUO GULLON 500G,GULLÓN,Emb. 0.5 KG,"2,98€","5,96€ / KG",
Café Moído Torrado Intensidade 12,BUONDI,Emb. 0.2 KG,"3,68€","18,40€ / KG",
Conserva de Cogumelos Inteiros,,Emb. 0.23 KG,"1,19€","5,17€ / KG",
VELA NUMERO FUN 9,ARDENCE,Emb. 1 UNID.,"0,99€","0,99€ / UNID.",
Polvo Congelado,,1 Unid. = 1.5 KG (aprox.),"12,23€/kg","18,35€ / Unid.",
Sobremesa de Soja Açucarada C/ Morango,NAT&VIE,Emb. 0.4 KG,"1,40€","3,50€ / KG",
Pizza Casa Di Mama Salame,DR. OETKER,Emb. 0.38 LT,"5,48€","14,42€ / LT",
Tiras Frango Panado,PESCANOVA,Emb. 1 KG,"9,99€","9,99€ / KG",
DETERGENTE MANUAL LOICA ULTRA SAIS E MINERAIS/FRUTOS EXOTICOS 500ML,VISIOR,Emb. 0.5,"0,77€","1,54€ /",
Rissóis de Carne,,Emb. 8   UNID.,"1,59€","0,20€ /   UNID.",
KIT FAJITAS 505G TABLE DU MON,TABLES DU MONDE,Emb. 0.505 KG,"3,59€","7,11€ / KG",
Vinho Branco de Mesa Elopack,CASAL DA EIRA,Emb. 1 LT,"1,68€","1,68€ / LT",
"ATUM FILETE NATURAL,120G",TENÓRIO,Emb. 0.12 KG,"2,14€","17,83€ / KG",
ALIMENT BEBE: IOGURTE CREMOSO MANGA E AVEIA BIO 6M,BIO VILLAGE BEBE,,"3,99€",/ Unid.,
Maruca Inteira Congelada,,1 Unid. = 0.8 KG (aprox.),"11,49€/kg","9,19€ / Unid.",
Elixir Suavidade e Brilho Para Cabelo Muito Estragado,GLISS,Emb. 0.075 LT,"4,99€","66,53€ / LT",
SABONETE VEGETAL ALPERCE BIO,BIONAÏA,Emb. 0.1 LT,"1,55€","15,50€ / LT",
Bolachas Crackers Original,TUC,Emb. 0.1 KG,"1,18€","11,80€ / KG",
"A+ COLOR LIQ 85D,,4.25L",A+,,"11,99€",/ Unid.,
Conserva de Cassoulet de Porco,CÔTÉ TABLE,Lata 0.42 KG,"1,59€","3,79€ / KG",
Legumes C/ Vitela desde os 6 Meses S/ Glúten,NESTLÉ,Emb. 0.19 KG,"1,39€","7,32€ / KG",
Escova de Dentes 3D White,ORAL B,Emb. 1 UNID.,"2,18€","2,18€ / UNID.",
GELADO EM TUBO TROFI'TUBS 20UN,SMICY,Emb. 20 UNID.,"2,69€","0,13€ / UNID.",
Escova de Dentes,AQUAFRESH,Emb. 1 UNID.,"1,98€","1,98€ / UNID.",
Gomas de Ursinhos com Vários Sabores,COPAÍNS COPINES,Emb. 0.3 KG,"1,34€","4,47€ / KG",
LIXIVIA TRADICIONAL,ECO+,Emb. 4 LT,"1,35€","0,34€ / LT",
Desodorizante Spray Invisible,MANAVA,Emb. 0.2 LT,"1,34€","6,70€ / LT",
TRINCA DE ARROZ 1KG,LYDOG,Emb. 1 KG,"0,64€","0,64€ / KG",
Molho Wok,PALADIN,Emb. 0.25 LT,"2,18€","8,72€ / LT",
Parmesão Reggiano Ralado,LES CROISÉS,Emb. 0.06 KG,"1,39€","23,17€ / KG",
DENTIFRICO SABOR PASTILHA ELASTICA 2-6 ANOS KIDS,PETIT DENTAMYL,Emb. 0.05 LT,"0,59€","11,80€ / LT",
Gomas Minhocas,COPAÍNS COPINES,Emb. 0.2 KG,"0,99€","4,95€ / KG",
AMENDOINS TORRADOS E SALGADOS,ECO+,Emb. 0.25 KG,"0,89€","3,56€ / KG",
"MINI SPRAY ""LIRIO DO VALE"" RECARGA 15ML",BIEN AIR,Emb. 0.015 LT,"0,90€","60,00€ / LT",
Azeite virgem extra aroma trufa,GALLO,Emb. 0.25 LT,"2,39€","9,56€ / LT",
Lula Inteira Congelada,,1 Unid. = 0.25 KG (aprox.),"5,49€/kg","1,37€ / Unid.",
Creme de Ovos Sabor Baunilha 4x100gr,DÉLISSE,Emb. 0.4 KG,"2,39€","5,98€ / KG",
COLORACAO VEGETAL PRETO BIO,BIONAÏA,Emb. 1 UNID.,"6,99€","6,99€ / UNID.",
SNACK RECOMPENSA QUEIJO E BOVINO,TOUS MES AMIS,Emb. 0.14 KG,"1,29€","9,21€ / KG",
ACAFRAO DAS INDIAS SAQUETA,RUSTICA,Emb. 0.05 KG,"0,60€","12,00€ / KG",
Café Solúvel Clássico Intenso,NESCAFÉ,Emb. 0.1 KG,"3,98€","39,80€ / KG",
"SALAMI DANOIS ""PUR PORC"" FATIAS",ST AZAY,Emb. 0.16 KG,"1,79€","11,19€ / KG",
Escova para Cabelo Oval,,Emb. 1 UNID.,"4,49€","4,49€ / UNID.",
Espumante Reserva Doce,RAPOSEIRA,Garrafa 0.75 LT,"8,38€","11,17€ / LT",
Pacotinho de Multifrutas S/ Glúten +6 meses,NESTLÉ BEBÉ,Emb. 0.09 KG,"1,04€","11,56€ / KG",
RECARGA ESFREGONA MICROFIBRAS,SILLAGE,Emb. 1 UNID.,"2,49€","2,49€ / UNID.",
Chá Preto,TETLEY,Emb. 10 SAQ.,"0,71€","0,07€ / SAQ.",
Rebuçados sem Açúcar Sabor Mel e Limão 4x32g,HALLS,Emb. 0.128 KG,"2,98€","23,28€ / KG",
Queijo Grana Padano Ralado,LES CROISÉS,Emb. 0.1 KG,"1,59€","15,90€ / KG",
SACO ARRUMACAO MALEAVEL,SILLAGE,Emb. 1 UNID.,"3,00€","3,00€ / UNID.",
Nuggets de Aves,ECO+,Emb. 0.5 KG,"2,99€","5,98€ / KG",
Queijo da Serra da Estrela Dop,QUEIJOS MATIAS,1 Unid. = 0.5 KG (aprox.),"29,95€/kg","14,98€ / Unid.",
PENSOS INCONTINENCIA MEDIA - HOMEM,CHORYS,Emb. 20 UNID.,"3,89€","0,19€ / UNID.",
PILHAS ALCALINAS LR03,ECO+,Emb. 8 UNID.,"1,79€","0,22€ / UNID.",
Café Solúvel de Cereais e Fibra,BOLERO,Emb. 0.2 KG,"2,98€","14,90€ / KG",
WC PARA GATO,P'TIT AMI,Emb. 1 UNID.,"15,99€","15,99€ / UNID.",
Carvão Vegetal Artesanal,,Emb. 5 KG,"5,19€","1,04€ / KG",
Sumo de Ameixa Obtido por Extração Biológico,,Emb. 1 LT,"3,85€","3,85€ / LT",
Miolo de Camarão Gigante Ultracongelado,PESCANOVA,Emb. 0.25 KG,"6,99€","27,96€ / KG",
ALGODAO DUO MINI OVALE X110,INELL,Emb. 110 UNID.,"0,89€","0,01€ / UNID.",
Strogonoff de Novilho,,1 Unid. = 0.38 KG (aprox.),"10,99€/kg","4,18€ / Unid.",
Perninha de Frango,,1 Unid. = 0.5 KG (aprox.),"2,99€/kg","1,50€ / Unid.",
Pérolas de Perfume para Roupa Dreams,LENOR,Emb. 0.21 KG,"7,69€","36,62€ / KG",
GELADO 6 BAUNILHA 6 MORANGO,SMICY,Emb. 12 UNID.,"2,69€","0,22€ / UNID.",
Leite Bem Essencial UHT Meio Gordo 3 Unid.,MIMOSA,Emb. 0.6 LT,"1,18€","1,97€ / LT",
Tortilha Batata e Cebola,TABLES DU MONDE,Emb. 0.5 KG,"3,19€","6,38€ / KG",
GELADO TARTUFO,ESKISS,,"2,95€",/ Unid.,
ARRANHADOR EM CARTAO P/GATO,P'TIT AMI,Emb. 1 UNID.,"2,69€","2,69€ / UNID.",
Alimento Seco para Cão Croquetes Júnior Carne de Ave,LYDOG,Emb. 4 KG,"6,99€","1,75€ / KG",
Maionese Formato XXL,CALVÉ,Emb. 0.753 KG,"5,48€","7,28€ / KG",
CAPA PLASTICA COLORIDA A4 C/ELASTICO,ESQUISSE,Emb. 1 UNID.,"2,59€","2,59€ / UNID.",
Salada Ibérica,,Emb. 0.15 KG,"1,29€","8,60€ / KG",
AUSCULTADORES C/MICRO PRETO,LINKSTER,Emb. 1 UNID.,"14,90€","14,90€ / UNID.",
Colheres Madeira Biodegradável,HOMESIDE,Emb. 10 UNID.,"1,09€","0,11€ / UNID.",
Bebida de Soja Chocolate,NAT&VIE,Emb. 1 LT,"1,29€","1,29€ / LT",
Mortadela de Peru,CAMPOFRIO,1 Unid. = 0.11 KG (aprox.),"7,99€/kg","0,88€ / Unid.",
Conserva de Cogumelos Laminados,FERBAR,Lata 0.29 KG,"0,95€","3,28€ / KG",
Batom de Cieiro Cereja,LABELLO,Emb. 1 UNID.,"3,48€","3,48€ / UNID.",
TAPETE MICROFIBRAS WC AZUL 50X80,SILLAGE,Emb. 1 UNID.,"6,99€","6,99€ / UNID.",
Bolachas Amanteigadas Cobertas com Tablete Chocolate Leite e Avelãs,P'TIT DÉLI,Emb. 0.15 KG,"1,20€","8,00€ / KG",
Néctar Clássico Ananás 3x200 ml,COMPAL,Emb. 0.6 LT,"1,48€","2,47€ / LT",
VELAS BRANCAS CASTICAL,ECO+,Emb. 10 UNID.,"3,99€","0,40€ / UNID.",
Pensos Higiénicos Ultrafinos Abas,AUSONIA,Emb. 12 UNID.,"1,69€","0,14€ / UNID.",
Kit de madeixas para loiras Olia Highlights,GARNIER OLIA,Emb. 0.616 LT,"11,98€","19,45€ / LT",
Bolos Fofos de Cacau Recheio de Leite e Coco,P'TIT DÉLI,Emb. 0.42 KG,"3,19€","7,60€ / KG",
Caramelos Werther's Original Storck Creme 135g,JERONIMO MARTINS,Emb. 0.135 KG,"2,98€","22,07€ / KG",
Pastilhas 60 Minutos Spearmint,TRIDENT,Emb. 0.02 KG,"0,94€","47,00€ / KG",
Sabonete Pack 4,DOVE,Emb. 0.4 KG,"4,98€","12,45€ / KG",
Champô de Queratina Protetor da Cor,TRESEMMÉ,Emb. 0.7 LT,"6,59€","9,41€ / LT",
Tostas de Trigo,EPI D'OR,Emb. 0.9 KG,"2,89€","3,21€ / KG",
GELADO TRIUM MENTA 4UN,TRIUM,Emb. 4 UNID.,"2,05€","0,51€ / UNID.",
ALIMENT BEBE: PURE DE PERA WILLIAMS BIO +4M 4x100G,BIO VILLAGE BEBE,Emb. 0.4 KG,"2,09€","5,23€ / KG",
Arroz Carolino,PATO REAL,Emb. 1 KG,"1,17€","1,17€ / KG",
Cápsulas Café Cappuccino,DOLCE GUSTO,Emb. 16 CAPS.,"5,98€","0,37€ / CAPS.",
Escova Gengivas e Dentes,PARODONTAX,Emb. 1 UNID.,"4,38€","4,38€ / UNID.",
Preservativo Non Stop,CONTROL,Emb. 12 UNID.,"6,99€","0,58€ / UNID.",
Pensos Higiénicos Cotton Extract Normal,CAREFREE,Emb. 76 UNID.,"4,48€","0,06€ / UNID.",
Sumo 100% Cenoura Biológico,,Emb. 1 LT,"1,99€","1,99€ / LT",
WC Gel Glitter Brisa do Mar,NEO BLANC,Emb. 0.7 LT,"2,09€","2,99€ / LT",
Multifunções 5 Efeitos Pastilhas 250Gr,BEAUX JOURS,Emb. 4 KG,"31,49€","7,87€ / KG",
Chá de Camomila,LIPTON,Emb. 20 SAQ.,"1,20€","0,06€ / SAQ.",
Alimento Seco para Cão Croquetes Equilíbrio,LYDOG,Emb. 4 KG,"6,99€","1,75€ / KG",
Areia Higiénica Perfumada para Gato,ECO+,Emb. 7 LT,"1,85€","0,26€ / LT",
Champô Cabelos Secos,ULTRA SUAVE,Emb. 0.25 LT,"3,58€","14,32€ / LT",
QUEIJO BRILLAT SAVARIN,NOS RÉGIONS ONT DU TALENT,Emb. 0.2 KG,"3,19€","15,95€ / KG",
LIXIVIA C/DETERGENTE,CLAIR,Emb. 2 LT,"1,09€","0,55€ / LT",
Vinho Regional Península de Setúbal Tinto,JOSE MARIA FONSECA,Garrafa 0.75,"1,99€","2,65€ /",
Batatas Fritas Caseiras Rodelas,SNR,Emb. 0.18 KG,"1,15€","6,39€ / KG",
Tablete de Chocolate com Avelãs,TABLETTE D'OR,Emb. 0.2 KG,"1,59€","7,95€ / KG",
Dove Men +Care Desodorizante Clean Comfort Spray,DOVE,Emb. 0.15 LT,"2,69€","17,93€ / LT",
COLORACAO ACAJU 5.56 S/AMONIACO,VITANOVE,Emb. 1 UNID.,"3,89€","3,89€ / UNID.",
Aipo com Rama,,1 Unid. = 0.5 KG (aprox.),"1,89€/kg","0,95€ / Unid.",
Sumo Ananás,JAFADEN,Emb. 1 LT,"1,29€","1,29€ / LT",
Bolacha Integral Integralis,VIEIRA,Emb. 0.18 KG,"1,90€","10,56€ / KG",
Mandioca,,1 Unid. = 0.54 KG (aprox.),"4,19€/kg","2,26€ / Unid.",
Pão de Forma Grande,BIMBO,Emb. 0.375 KG,"1,58€","4,21€ / KG",
MOUSSE DE MARACUJÁ CONDI 80G,CONDI,Emb. 0.8 KG,"1,34€","1,68€ / KG",
"Croquetes Frango, Pato e Azeitonas",TOUS MES AMIS,Emb. 2 KG,"3,99€","2,00€ / KG",
ARROZ MEDITERRANIO PRE COZIDO EXPRESS,COMPTOÍR DU GRAIN,Emb. 0.25 KG,"1,09€","4,36€ / KG",
Bebida de Aveia,SHOYCE,Emb. 1 LT,"2,08€","2,08€ / LT",
Tarte 3 Queijos,CÔTÉ TABLE,Emb. 0.4 KG,"2,79€","6,98€ / KG",
"CAPRICHOS DO MAR,S/GLUTEN,1KG",PESCANOVA,Emb. 1 KG,"8,58€","8,58€ / KG",
Perfume Pearls Fuchsia Passion,COMFORT,Emb. 0.375 KG,"8,49€","22,64€ / KG",
CARREGADOR HR6/HR03 + 4 PILHAS RECARREGAVEIS USB,FOXTER,Emb. 1 UNID.,"18,99€","18,99€ / UNID.",
Raia Cal. 2/5,,1 Unid. = 2.5 KG (aprox.),"5,26€/kg","13,15€ / Unid.",
"BEBIDA APERITIVA ROSSO 14,4º",GILDO,1 0,"3,19€",inf€ /,
Champô Purificante Morango Branco e Menta Dulce,HERBAL ESSENCES,Emb. 0.4 LT,"3,99€","9,98€ / LT",
Tablete Chocolate Preto com Menta,TABLETTE D'OR,Emb. 0.1 KG,"1,19€","11,90€ / KG",
Linguiça 4 Unid.,CHARCUTARIA,Emb. 0.15 KG,"1,19€","7,93€ / KG",
Chá de Ervas Biológico,,Emb. 20 SAQ.,"1,19€","0,06€ / SAQ.",
Johnson's Baby Champô Penteia Fácil,JOHNSON'S BABY,Emb. 0.5 LT,"5,58€","11,16€ / LT",
Doce de Glila,CASA MATEUS,Frasco 0.345 KG,"2,44€","7,07€ / KG",
LEITE AROMA MORANGO BIO,,,"1,59€",/ Unid.,
Snack Húmido P/ Gato Party Mix Cheezy Mix,FELIX,Emb. 0.06 KG,"1,88€","31,33€ / KG",
Yofu Baunilha 500g,ALPRO,Emb. 0.5 KG,"2,39€","4,78€ / KG",
Filetes de pescada com alho e salsa,PESCANOVA,Emb. 0.4 KG,"4,39€","10,98€ / KG",
Ice Tea Pêssego Zero,FRESH TEA,Garrafa 1.5 LT,"0,89€","0,59€ / LT",
Bloco Sanitário Lavanda,SONASOL WC,Emb. 2 UNID.,"2,99€","1,50€ / UNID.",
CUECA INCONTINENCIA ABSORCAO PLUS GRANDE,CHORYS,Emb. 10 UNID.,"5,99€","0,60€ / UNID.",
Mostarda Dijon,MAILLE,Emb. 0.215 KG,"3,88€","18,05€ / KG",
Body Lotion Hidratante Express Minerais Marinhos,NIVEA,Emb. 0.25 LT,"5,48€","21,92€ / LT",
FRANGO C/ MOLHO DE CARIL,CÔTÉ TABLE,Emb. 0.3 KG,"1,99€","6,63€ / KG",
Conjunto Formao Madeira,ECO+,Emb. 4 UNID.,"3,49€","0,87€ / UNID.",
Miolo de Amêndoa Moído,MARQUE REPERE,Emb. 0.2 KG,"3,19€","15,95€ / KG",
Conserva de Milho Doce 3x140g,NOTRE JARDIN,Emb. 0.42 KG,"1,29€","3,07€ / KG",
Iogurte Líquido Morango,DÉLISSE,Emb. 0.85 KG,"1,25€","1,47€ / KG",
Refrigerante C/ Gás Gasosa,SPRINK'S,Garrafa 1.5 LT,"0,59€","0,39€ / LT",
Maionese Magra,HELLMANN'S,Emb. 0.459 KG,"4,38€","9,54€ / KG",
CROQUETES CAO MEDIO A GRANDE SEM CEREAIS,PLENIMA,Emb. 2 KG,"5,99€","3,00€ / KG",
Cera Depilatória Profissional Natural de Abelha,VEET,Emb. 0.3 KG,"8,04€","26,80€ / KG",
Pensos Diários Ecológicos,UNÍ VERT,Emb. 30 UNID.,"1,45€","0,05€ / UNID.",
BOLACHAS MANTEIGA GALETES BRETONNES,P'TIT DÉLI,Emb. 0.25 KG,"1,75€","7,00€ / KG",
Snacks Húmidos P/ Gato Adulto 2 de Frango e 2 de Vaca,PURINA,Emb. 0.34 KG,"3,48€","10,24€ / KG",
Alimento Completo Mistura para Caturras,INTERNUTRI,Emb. 1 KG,"1,62€","1,62€ / KG",
Espinafre em Folhas,NOTRE JARDIN,Emb. 1 KG,"1,29€","1,29€ / KG",
Esferográficas de Cores Sortidas Ponta Média,ESQUISSE,Emb. 4 UNID.,"1,29€","0,32€ / UNID.",
MINI SNACKS CARNE VACA P/ GATO 60G LYCAT,TOUS MES AMIS,Emb. 0.06 KG,"0,85€","14,17€ / KG",
Carapau Grande,,1 Unid. = 0.4 KG (aprox.),"6,99€/kg","2,80€ / Unid.",
Ketchup Familiar XXL,CALVÉ,Emb. 0.55 KG,"3,88€","7,05€ / KG",
Limpa Máquinas de Loiça Desengordurante & Anti-Calcário,SUN,Emb. 0.12 KG,"3,99€","33,25€ / KG",
Queijo Ricotta Bio,,Emb. 0.25 KG,"1,69€","6,76€ / KG",
"BL1 LED SPOT 5,5W - 50W GU10",FOXTER,Emb. 1 UNID.,"4,99€","4,99€ / UNID.",
"SYOSS OLEO INTEN 1-10 PRET,,1P",SYOSS,,"6,24€",/ Unid.,
Farinha de Trigo Branca,TABLIER BLANC,Emb. 1 KG,"0,89€","0,89€ / KG",
Entrecosto com Alho e Pimentão Doce,MAGGI,Emb. 0.03 KG,"0,74€","24,67€ / KG",
Dentífrico Max White Cool Mint,COLGATE,Emb. 0.075 LT,"5,48€","73,07€ / LT",
BATATAS PRE-FRITAS PALITOS CURVOS OLEO GIRASSOL,POM'LISSE,Emb. 0.6 KG,"1,59€","2,65€ / KG",
Batatas Fritas Palha,SNR,Emb. 0.3 KG,"1,65€","5,50€ / KG",
Pastilha Elástica Canela sem Açúcar,CHICLETS,Emb. 0.017 KG,"0,98€","57,65€ / KG",
Bollycao Clássico 4x57 g,PANRICO,Emb. 0.228 KG,"1,99€","8,73€ / KG",
IOGURTE CREMOSO COCO,DÉLISSE,Emb. 0.5 KG,"1,69€","3,38€ / KG",
Alimento P/ Cão Snack Dental Frango,FRISKIES,Emb. 0.2 KG,"2,98€","14,90€ / KG",
Conserva de Feijão Encarnado Cozido com pouco Sal,FERBAR,Lata 0.42 KG,"0,95€","2,26€ / KG",
Massa Cotovelos GR,MILANEZA,Emb. 0.5 KG,"1,19€","2,38€ / KG",
Queijo Fresco com Leite Magro,DÉLISSE,Emb. 1 KG,"1,89€","1,89€ / KG",
CAPS CAFE COMP C/ DG XL INTENSO - INT10,PLANTATION,,"5,99€",/ Unid.,
Recarga Mopa 20 Panos,SWIFFER,Emb. 1 P,"4,18€","4,18€ / P",
Chocolate em pó P/ Leite Saco,NESQUIK,Emb. 1 KG,"4,64€","4,64€ / KG",
Conserva de Salsichas Wienerwurst 5 Unid.,NOBRE,Frasco 0.22 KG,"1,94€","8,82€ / KG",
SORTIDO GOMAS CAIXA PLASTICA,COPAÍNS COPINES,Emb. 0.75 KG,"3,99€","5,32€ / KG",
Gentil Lixívia para a Roupa a Cores e Delicada,NEOBLANC,Emb. 2 LT,"5,48€","2,74€ / LT",
Creme de Mãos Nutritivo Nourish & Protect,BIOTEN,Emb. 0.1 LT,"2,13€","21,30€ / LT",
"Bolachas Digestivas Finas de Aveia, Pedaços de Chocolate e Arandos",THINS,Emb. 0.27 KG,"2,93€","10,85€ / KG",
Chouriço Mouro da Beira Baixa,SNR,Emb. 0.2 KG,"1,67€","8,35€ / KG",
Água com Gás Frutos Vermelhos 4x25cl,PEDRAS,Emb. 1 LT,"2,39€","2,39€ / LT",
Cápsulas de Chá Marrakesh Style Tea,DOLCE GUSTO,Emb. 16 DOSES,"5,98€","0,37€ / DOSES",
BARRA CEREAIS CHOCO BANANA,ECO+,Emb. 0.125 KG,"1,09€","8,72€ / KG",
TERRA MUDANCA VASO BIO 20L,BEAUX JOURS,Emb. 20 LT,"2,49€","0,12€ / LT",
Amêndoa Caramelizada,,Emb. 0.25 KG,"4,29€","17,16€ / KG",
Vinho Branco do Tejo Chardonnay/Arinto,QUINTA DA ALORNA,Emb. 0.75 LT,"6,39€","8,52€ / LT",
Conserva de Feijão Branco Cozido com pouco Sal,FERBAR,Lata 0.42 KG,"0,95€","2,26€ / KG",
Queijo Fatiado 2X200 g,LIMIANO,Emb. 0.4 KG,"5,08€","12,70€ / KG",
Pastilha Elástica Senses Watermelon Sunrise,TRIDENT,Emb. 0.023 KG,"0,94€","40,87€ / KG",
Vinho Verde Branco,ADEGA DE MONÇÃO,Garrafa 0.75 LT,"2,49€","3,32€ / LT",
"Iogurte de Banana, Morango e Tutti Frutti 8x120g",DANONE,Emb. 0.96 KG,"1,98€","2,06€ / KG",
AMBIENTADOR MINI SPRAY LIRIO DOS VALES + RECARGA,BIEN AIR,Emb. 1 UNID.,"2,19€","2,19€ / UNID.",
SARDINHA,PÊCHE OCÉAN,Emb. 0.7 KG,"2,99€","4,27€ / KG",
Mini Snacks P/ Gato Controlo das Bolas de Pelo,TOUS MES AMIS,Emb. 0.06 KG,"0,85€","14,17€ / KG",
Refrigerante de Maça Gaseificado S/ Álcool,GIBUS,Garrafa 0.75 LT,"2,49€","3,32€ / LT",
Batatas Fritas Gourmet,POM'LISSE,Emb. 0.17 KG,"1,29€","7,59€ / KG",
Pão de Forma,EPI D'OR,Emb. 0.5 KG,"1,19€","2,38€ / KG",
Sumo 100% Tomate Biológico,,Emb. 1 LT,"1,49€","1,49€ / LT",
Polpa de Tomate 1Kg,GULOSO,Frasco 1 KG,"2,54€","2,54€ / KG",
Luvas P/ Uso Doméstico Tam. M,MAMISON,Emb. 1 UNID.,"0,69€","0,69€ / UNID.",
PERSIL UNIVERSAL POWERCAPS,PERSIL,Emb. 52 DOSES,"14,99€","0,29€ / DOSES",
Ice Tea Limão,LIPTON,Emb. 1 LT,"1,29€","1,29€ / LT",
Detergente Roupa Máquina Pó Lavanda,SKIP,Emb. 100 DOSES,"18,49€","0,18€ / DOSES",
ATUM RAMIREZ AZEITE 120G,RAMIREZ,,"1,19€",/ Unid.,
Strogonoff,KNORR,Emb. 0.033 KG,"1,53€","46,36€ / KG",
FOLHADOS FEUILLETINE 135G,DU BOIS DE LA ROCHE,Emb. 0.135 KG,"1,68€","12,44€ / KG",
Bolachas com Pepitas Chocolate sem Glúten,CHAQUE JOUR,Emb. 0.15 KG,"2,29€","15,27€ / KG",
Bolachas de Água e Sal,VIEIRA,Emb. 0.125 KG,"0,94€","7,52€ / KG",
Detergente Loiça Manual Concentrado Limão,CIF,Emb. 0.6 LT,"1,49€","2,48€ / LT",
Patê de Figado de Porco,LA PIARA,Emb. 0.08 KG,"0,96€","12,00€ / KG",
Amaciador para Roupa Revive Lavish Blossom Ultra Concentrado,COMFORT,Emb. 60 DOSES,"3,99€","0,07€ / DOSES",
Iogurte de Morango 4 Unid.,IOGOLINO,Emb. 0.4 KG,"2,88€","7,20€ / KG",
Cera Cabelo,AXE,Emb. 0.13 LT,"4,34€","33,38€ / LT",
Queijo Vaca e Ovelha Apimentado Serras de Penela,SERQUEIJOS,1 Unid. = 0.5 KG (aprox.),"12,99€/kg","6,50€ / Unid.",
Filetes de Atum ao Natural,PÊCHE OCÉAN,Emb. 0.19 KG,"2,99€","15,74€ / KG",
Donuts Classic 4x50 gr,DONUTS,Emb. 0.2 KG,"2,98€","14,90€ / KG",
Glade Observadores Frescos de Primavera,BRISE,Emb. 0.3 KG,"2,99€","9,97€ / KG",
TIRAS ADERENTES C/DISPENSADOR 24F 4UN,ESQUISSE,Emb. 4 UNID.,"2,09€","0,52€ / UNID.",
Paellla Royal Ultracongelado,CÔTÉ TABLE,Emb. 1 KG,"4,95€","4,95€ / KG",
BOLACHA CEREAIS C/ COB DE CHOCOLATE E AVELA,P'TIT DÉLI,Emb. 0.2 KG,"1,99€","9,95€ / KG",
COUSCOUS C/FRANGO E MERGUEZ 450G,CÔTÉ TABLE,Emb. 0.45 KG,"3,09€","6,87€ / KG",
Queijo Camembert,ECO+,Emb. 0.25 KG,"1,59€","6,36€ / KG",
Creme Care Hidratação Intensiva,NIVEA,Emb. 0.2 LT,"4,69€","23,45€ / LT",
Queijo Flamengo Bola Quarto,,Emb. 0.3 KG,"2,99€","9,97€ / KG",
Leite C/ Chocolate UHT 4 Unid.,MIMOSA,Emb. 0.8 LT,"1,68€","2,10€ / LT",
Vinho Regional Lisboa Branco Leve,MUNDUS,Garrafa 0.75 LT,"1,69€","2,25€ / LT",
PIRIPIRI MOIDO,RUSTICA,Emb. 0.05 KG,"0,65€","13,00€ / KG",
"BOLACHA REDONDA RECHEIO DUO ""CHOCOLATE E LEITE""",P'TIT DÉLI,Emb. 0.3 KG,"1,49€","4,97€ / KG",
Cozer de Novilho,,1 Unid. = 0.6 KG (aprox.),"6,99€/kg","4,19€ / Unid.",
Abóbora Cortada,,Emb. 0.45 KG,"0,89€","1,98€ / KG",
Espumante Reserva Doce,FITA AZUL,Garrafa 0.75 LT,"5,68€","7,57€ / LT",
Queijo Pointe de Brie,ECO+,Emb. 0.2 KG,"1,45€","7,25€ / KG",
PERSIL SENSITIVE GEL,PERSIL,Emb. 50 DOSES,"13,65€","0,27€ / DOSES",
Azeite Virgem Extra Gourmet,GALLO,Emb. 0.75 LT,"3,89€","5,19€ / LT",
Bálsamo Barba Suave King C,GILLETTE,Emb. 0.1 LT,"7,49€","74,90€ / LT",
Lenços Bolso,MARQUE REPERE,Emb. 18 UNID.,"2,29€","0,13€ / UNID.",
COPO CARTAO 24CL BIODEGRADAVEL,HOMESIDE,Emb. 25 UNID.,"2,49€","0,10€ / UNID.",
Desentupidor,SILLAGE,Emb. 1 UNID.,"2,59€","2,59€ / UNID.",
Alimento P/ Gato Adulto de Frango,PURINA,Emb. 3 KG,"22,98€","7,66€ / KG",
RODO LIMPA VIDROS,TECH9,Emb. 1 UNID.,"4,99€","4,99€ / UNID.",
FIAMBRE PERNA EXTRA S/NITRITO 4 FATIAS,TRADILÈGE,Emb. 0.14 KG,"2,39€","17,07€ / KG",
Alimento Húmido para Cão Patê com Pedaços Carne Vaca,ECO+,,"1,99€",/ Unid.,
Máscara de Pestanas Preto 001,RIMMEL,Emb. 1 UNID.,"12,48€","12,48€ / UNID.",
Queijo Fatiado Flamengo,LIMIANO,Emb. 0.2 KG,"2,68€","13,40€ / KG",
BLOCO NOTAS ADESIVO 75X75MM,ESQUISSE,Emb. 500 UNID.,"3,99€","0,01€ / UNID.",
Bolachas Tosta Rica Oceanix,CUÉTARA,Emb. 0.16 KG,"2,08€","13,00€ / KG",
Sangria Branca,D. SIMON,Garrafa 1.5 LT,"2,18€","1,45€ / LT",
CALCULADORA 8 DIGITOS,ESQUISSE,Emb. 1 UNID.,"3,99€","3,99€ / UNID.",
Gel Banho Aloe Vera,MANAVA,Emb. 0.75 LT,"1,69€","2,25€ / LT",
Alimento Lácteo Banana e Pera 0% Açúcar Bio +6 Meses,NESTLÉ,Emb. 0.36 KG,"2,98€","8,28€ / KG",
Vela Duo com Fragrância de Maçã,AIRWICK,Emb. 0.105 KG,"5,69€","54,19€ / KG",
Nata UHT Ideal para Bater,AGROS,Emb. 0.2 LT,"0,93€","4,65€ / LT",
Dentífrico Morango 2+ Kids,PETIT DENTAMYL,Emb. 0.05 LT,"0,59€","11,80€ / LT",
"ALIMENT BEBE: SOBREMESA LACTEA SEMOLA, BAUNILHA +6M 4X100G",BIO VILLAGE BEBE,Emb. 0.4 KG,"2,29€","5,73€ / KG",
Chá de Tília,TETLEY,Emb. 10 UNID.,"0,86€","0,09€ / UNID.",
Clementina,,1 Unid. = 0.1 KG (aprox.),"1,98€/kg","0,20€ / Unid.",
OSSOS PRENSADOS 21CM FLUOR,P'TIT AMI,Emb. 1 UNID.,"2,59€","2,59€ / UNID.",
Café Cápsulas Intenso Intensidade 9,PLANTATION,Emb. 10 CAPS.,"1,69€","0,17€ / CAPS.",
Gelatina Light Tropical,ROYAL,Emb. 0.031 KG,"2,08€","67,10€ / KG",
Escova a Pilhas Motion Kids Minion Bateria,COLGATE,Emb. 1 UNID.,"9,48€","9,48€ / UNID.",
COPPA ITALIANA FATIAS,ST AZAY,,"2,99€",/ Unid.,
Espinafre Picado Congelado,NOTRE JARDIN,Emb. 1 KG,"1,19€","1,19€ / KG",
Ovos Solo M,SNR,Emb. 24 UNID.,"4,99€","0,21€ / UNID.",
Asia Pot Noodles de Frango,KNORR,Emb. 0.065 KG,"1,88€","28,92€ / KG",
Mini Cones Chocolate e Baunilha,SMICY,Emb. 10 UNID.,"2,39€","0,24€ / UNID.",
Conserva de Caldeirada,PITEU,Emb. 0.12 KG,"1,89€","15,75€ / KG",
Intensificador Fragrância Onda De Frescura,COMFORT,Emb. 0.76 LT,"5,99€","7,88€ / LT",
Coentros em Folhas,MARGÃO,Emb. 0.007 KG,"1,78€","254,29€ / KG",
CONE CHOCOLATE/PISTACHIO 8UN,ECO+,Emb. 8 UNID.,"2,15€","0,27€ / UNID.",
PERA WILLIAMS EM CALDA,DOUCEUR DU VERGER,Emb. 0.225 KG,"1,39€","6,18€ / KG",
Iogurte Líquido Baunilha,DÉLISSE,Emb. 0.85 LT,"1,25€","1,47€ / LT",
Escova P/ Cabelo Oval Pequena,,Emb. 1 UNID.,"3,99€","3,99€ / UNID.",
DETERGENTE LIQUIDO CONCENTRADO FLORES ECOLOGICO RECARGA 30D,UNÍ VERT,,"3,69€",/ Unid.,
Pipocas Caramelizadas,TOKAPI,Emb. 0.1 KG,"0,79€","7,90€ / KG",
Anis Estrelado,MARGÃO,Emb. 0.025 KG,"3,28€","131,20€ / KG",
GRESSINOS AZEITE ROSMANINHO,TOKAPI,Emb. 0.125 KG,"1,25€","10,00€ / KG",
Tablete de Chocolate e Leite C/ Cereais Crocantes,CRUNCH,Emb. 0.1 KG,"1,98€","19,80€ / KG",
Máscaras Liso Keratina,TRESEMMÉ,Emb. 0.3 LT,"5,39€","17,97€ / LT",
Alimento Seco P/ Cão Frango C/ Arroz,PURINA,Emb. 1.5 KG,"8,64€","5,76€ / KG",
Sobremesa Panna Cotta Caramelo 4x90g,DÉLISSE,Emb. 0.36 KG,"1,99€","5,53€ / KG",
Cevada Solúvel,PLANTATION,Frasco 0.2 KG,"1,69€","8,45€ / KG",
Carne Porco Salgada C/ Lentilhas,CÔTÉ TABLE,Lata 0.84 KG,"2,99€","3,56€ / KG",
POSTA PESCADA Nº5 COZER,PÊCHE OCÉAN,Emb. 0.8 KG,"5,65€","7,06€ / KG",
Vinho Regional Dão Tinto,CASA DE SANTAR,Garrafa 0.75 LT,"7,48€","9,97€ / LT",
Mini Cookies com Pepitas de Chocolate 0% Açúcar,ARTIACH,Emb. 0.12 KG,"2,08€","17,33€ / KG",
Pensos para calos,HANSAPLAST,Emb. 8 UNID.,"3,58€","0,45€ / UNID.",
Creme Hidratante Caixa Grande,NIVEA,Emb. 0.15 LT,"4,29€","28,60€ / LT",
Alimento Húmido P/ Gato Carne de Vaca e Tomate,GOURMET GOLD,Emb. 0.085 KG,"0,74€","8,71€ / KG",
Sumo Fruta Tropical,JAFUN,Emb. 6 UNID.,"1,69€","0,28€ / UNID.",
Pensos Higiénicos Noite C/ Abas Eco,UNÍ VERT,Emb. 10 UNID.,"1,45€","0,15€ / UNID.",
Queijo Saint Albray,SAINT ALBRAY,1 Unid. = 0.25 KG (aprox.),"23,99€/kg","6,00€ / Unid.",
Cajú Torrado sem Sal,TOKAPI,Emb. 0.125 KG,"2,69€","21,52€ / KG",
Gelado Pistachio,ESKISS,Emb. 1 LT,"2,69€","2,69€ / LT",
Fiambre Peito de Frango em Forno de Lenha,CAMPOFRIO,1 Unid. = 0.11 KG (aprox.),"15,99€/kg","1,76€ / Unid.",
Champanhe Meio Seco,POL CARSON,Garrafa 0.75 LT,"17,29€","23,05€ / LT",
FOLHA DE ALUMINIO 25 M,,,"6,48€",/ Unid.,
Barrinhas P/ Coelhos Anões Frutas,TOUS MES AMIS,Emb. 0.11 KG,"1,75€","15,91€ / KG",
Pimenta Branca Moída,RUSTICA,Frasco 0.04 KG,"1,49€","37,25€ / KG",
Conjunto de 2 Cintas Catraca 7Metros,FOXTER,Emb. 2 UNID.,"9,99€","5,00€ / UNID.",
Delícias com Forma de Lagosta Ultracongelado,PESCANOVA,Emb. 0.255 KG,"2,98€","11,69€ / KG",
Alimento Seco P/ Cão Júnior,PURINA FRISKIES,Emb. 3 KG,"11,68€","3,89€ / KG",
Pêra Packam´s Cal. 65/75,,1 Unid. = 0.23 KG (aprox.),"2,49€/kg","0,57€ / Unid.",
MANTEIGA SEM SAL BIO,,Emb. 0.25 KG,"2,45€","9,80€ / KG",
Alimento Seco P/ Cão Croquetes Sénior,LYDOG,Emb. 3 KG,"5,49€","1,83€ / KG",
Café Cápsulas Máximo Intensidade 10,PLANTATION,Emb. 10 CAPS.,"1,69€","0,17€ / CAPS.",
Cereais de Mel,ESTRELITAS,Emb. 0.55 KG,"3,14€","5,71€ / KG",
Chá de Cidreira Mel 20 Saquetas,LIPTON,Emb. 20 SAQ.,"1,94€","0,10€ / SAQ.",
Tablete de Chocolate de Leite Superior com Avelãs Inteiras,TABLETTE D'OR,Emb. 0.2 KG,"1,75€","8,75€ / KG",
Penso Incontinência Discreet Extra,AUSONIA,Emb. 20 UNID.,"5,18€","0,26€ / UNID.",
Preparado para Pão Multicereais Biológico,,Emb. 1 KG,"2,29€","2,29€ / KG",
Molho Tomate Cozinhado com Legumes,TURINI,Emb. 0.18 KG,"0,89€","4,94€ / KG",
Detergente Loiça Manual Concentrado Limão,CIF,Emb. 1 LT,"1,99€","1,99€ / LT",
Balança Cozinha,ELSAY,Emb. 1 UNID.,"13,99€","13,99€ / UNID.",
Conserva de Feijão Branco da Horta,COMPAL,Lata 0.845 KG,"1,59€","1,88€ / KG",
GRAO DE BICO LATAMGUIA,NOTRE JARDIN,Emb. 0.425 KG,"0,69€","1,62€ / KG",
Néctar Clássico Pêssego,JAFADEN,Emb. 1 LT,"0,99€","0,99€ / LT",
Bolachas de Gérmen de Trigo C/ Pepitas Chocolate Leite,NAT&VIE,Emb. 0.2 KG,"1,69€","8,45€ / KG",
Cápsulas Café Alumínio Nespresso 100% Arábica,SEGAFREDO,Emb. 10 UN,"4,28€","0,43€ / UN",
Gelado Coco,TRIUM,Emb. 4 UNID.,"2,25€","0,56€ / UNID.",
Cereais de Chocolate e Chocolate Branco,CHOCAPIC,Emb. 0.4 KG,"2,92€","7,30€ / KG",
Barras de Cereais de Chocolate C/ Leite 6 Unid.,NESQUIK,Emb. 0.15 KG,"3,28€","21,87€ / KG",
Fiambre da Pá Bom Proveito,IZIDORO,1 Unid. = 0.12 KG (aprox.),"8,29€/kg","0,99€ / Unid.",
MINI BISCOITOS COM COBERTURA DE CHOCOLATE DE LEITE,P'TIT DÉLI,Emb. 0.16 KG,"1,69€","10,56€ / KG",
Pão de Forma Multicereal,EPI D'OR,Emb. 0.45 KG,"1,39€","3,09€ / KG",
Cheetos Rolitos,CHEETOS,Emb. 0.1 KG,"1,64€","16,40€ / KG",
Alimento Seco P/ Gato de Salmão,PURINA,Emb. 1.5 KG,"11,98€","7,99€ / KG",
Fiambre Peito de Peru em Forno de Lenha,CAMPOFRIO,1 Unid. = 0.11 KG (aprox.),"15,99€/kg","1,76€ / Unid.",
MASSA FOLHADA RECTANG. 230G,TABLIER BLANC,Emb. 0.23 KG,"1,29€","5,61€ / KG",
Maionese Verdadeira,HELLMANN'S,Emb. 0.208 KG,"3,28€","15,77€ / KG",
Coloração Preto Azulado 210 sem Amoníaco,CASTING,Emb. 1 UNID.,"9,98€","9,98€ / UNID.",
Queijinhos Frescos de Fruta,DÉLISSE,Emb. 0.6 KG,"1,59€","2,65€ / KG",
QUEIJO BRIE BIO,,Emb. 0.18 KG,"2,49€","13,83€ / KG",
LAVA TUDO BOSQUE,CLAIR,Emb. 2 LT,"0,89€","0,45€ / LT",
CREME DE CENOURA,REGAL SOUPE,Emb. 0.35 KG,"1,49€","4,26€ / KG",
Guardanapos Branco Pequenos Folha Dupla,GUARDANAPOS RENOVA,Emb. 90 UNID.,"1,24€","0,01€ / UNID.",
Bebida Solúvel de Cereais C/ Café,MOKAMBO,Emb. 0.2 KG,"4,48€","22,40€ / KG",
Cerveja com Álcool 24x33cl,SAGRES,Emb. 7.92 LT,"18,29€","2,31€ / LT",
Conserva de Azeitona Verde Inteira,RUSTICA,Emb. 0.5 KG,"1,79€","3,58€ / KG",
BATERIA Nº 11 44/420 44/420 TECH9,TECH9,Emb. 1 UNID.,"54,99€","54,99€ / UNID.",
Bolachas Original Family Format,OREO,Emb. 0.44 KG,"3,98€","9,05€ / KG",
Açafrão das Índias,MARGÃO,Emb. 0.037 KG,"2,18€","58,92€ / KG",
Café Clássico,PLANTATION,Emb. 48 PAST.,"4,95€","0,10€ / PAST.",
Tagliatelles à L'ancienne Biológicas,,Emb. 0.25 KG,"1,59€","6,36€ / KG",
Iogurte Cremoso de Frutas 16x125g,DÉLISSE,Emb. 2 KG,"3,99€","2,00€ / KG",
CARIL SAQUETA,RUSTICA,Emb. 0.05 KG,"0,59€","11,80€ / KG",
Alimento Seco P/ Gato Adulto C/ Digestão Sensível,PURINA ONE,Emb. 0.8 KG,"6,98€","8,73€ / KG",
Bolachas Petit Beurre C/ Chocolate Preto Pocket,P'TIT DÉLI,Emb. 0.25 KG,"2,45€","9,80€ / KG",
Ketchup Redução de Sal e Açúcar,HEINZ,Emb. 0.55 KG,"3,99€","7,25€ / KG",
Detergente Máquina Roupa Líquido Sensitive,SKIP,Emb. 100 DOSES,"19,99€","0,20€ / DOSES",
Panados de Peru Cordons Bleus 8x100g Ultracongelados,ECO+,Emb. 0.8 KG,"3,99€","4,99€ / KG",
Dentífrico Max White One,COLGATE,Emb. 0.075 LT,"3,68€","49,07€ / LT",
Batatas Fritas 6x30g,POM'LISSE,Emb. 0.18 KG,"1,49€","8,28€ / KG",
Maçã Golden Cal. 70/75,,1 Unid. = 0.21 KG (aprox.),"1,39€/kg","0,29€ / Unid.",
DETERGENTE LIQUIDO PARA ROUPA BEBE 25D,EPSIL,Emb. 25 DOSES,"2,79€","0,11€ / DOSES",
Liegeois Café 4x100g,DÉLISSE,Emb. 0.4 KG,"1,49€","3,73€ / KG",
Pimenta Branca Moída,RUSTICA,Emb. 0.05 KG,"0,99€","19,80€ / KG",
Farinha De Trigo Espiga T55,ESPIGA,Emb. 1 KG,"1,14€","1,14€ / KG",
TABLETE CHOCOLATE NEGRO 72% 100G,CEMOI,Emb. 0.1,"0,99€","9,90€ /",
Mousse à la Liégeoise Baunilha 8x80g,DÉLISSE,Emb. 0.64 KG,"2,79€","4,36€ / KG",
Vinho Bio Tinto Douro,ALTANO,Emb. 0.75 LT,"7,98€","10,64€ / LT",
Snack Fruut Maçã Verde Intenso S/ Açúcar 60g,,Emb. 0.06 KG,"1,98€","33,00€ / KG",
Pastilhas Elásticas sem Açúcar Sabor Menta Verde 70Unid.,NEW'R,Emb. 0.102 KG,"1,80€","17,65€ / KG",
Marcadores para Colorir,ECO+,Emb. 12 UNID.,"1,09€","0,09€ / UNID.",
LEITE DESMAQUILHANTE BIO,BIONAÏA,Emb. 0.25 LT,"2,69€","10,76€ / LT",
PASTILHAS ANTI-CALCARIO MAQ ROUPA 48UN,TEXIL,Emb. 48 UNID.,"3,79€","0,08€ / UNID.",
Mistura de Sementes,MARQUE REPERE,Emb. 0.2 KG,"1,99€","9,95€ / KG",
Gel de Banho Naturals Oliva e Leite,PALMOLIVE,Emb. 0.5 LT,"2,69€","5,38€ / LT",
Sacos do Lixo Ultra Resistentes com Atilhos 100L,ELEMBAL,,"2,59€",/ Unid.,
Grelos de Nabo,,1 Unid. = 0.95 KG (aprox.),"2,99€/kg","2,84€ / Unid.",
Condicionador Purify & Hidrate,,Emb. 0.4 LT,"4,19€","10,48€ / LT",
Alimento Seco P/ Cão Adulto,FRISKIES,Emb. 1.5 KG,"4,49€","2,99€ / KG",
Alimento Seco P/ Gato Vaca e Frango,PURINA FRISKIES,Emb. 2 KG,"7,98€","3,99€ / KG",
RECARGA P/ SABONETE LIQUIDO FLORAL 750ML,ECO+,Emb. 0.75 LT,"1,10€","1,47€ / LT",
Leite Bem Especial 0% de Lactose Meio Gordo,MIMOSA,Emb. 1 LT,"1,28€","1,28€ / LT",
Gelatina Sabor Melancia 2x85g,TABLIER BLANC,Emb. 0.17 KG,"0,85€","5,00€ / KG",
Penso Incontinência Discreet Micro,AUSONIA,Emb. 28 UNID.,"3,98€","0,14€ / UNID.",
Cillit Bang Lixívia & Higiene 500ML x12,CILLIT BANG,Emb. 0.5 LT,"2,24€","4,48€ / LT",
Massa Pronta para Pizza sem Glúten,CHAQUE JOUR SANS GLUTEN,Emb. 0.26 KG,"2,49€","9,58€ / KG",
BICARBONATO DE SODIO,CLAIR AUTHENTIQUE,Emb. 0.5 KG,"1,99€","3,98€ / KG",
Sumo 100% 3 Citrinos,JAFADEN,Emb. 1 LT,"1,55€","1,55€ / LT",
"BL1 LED FRIGO 1,7W-15W E14",FOXTER,Emb. 1 UNID.,"2,99€","2,99€ / UNID.",
BOLACHAS RETANGULARES COM RECHEIO DE CHOCOLATE,P'TIT DÉLI,Emb. 0.125 KG,"1,29€","10,32€ / KG",
Vinho Verde Branco,DEU LA DEU,Garrafa 0.75 LT,"5,99€","7,99€ / LT",
Chá de Tília,,Emb. 25 SAQ.,"0,99€","0,04€ / SAQ.",
Papa Infantil 8 Cereais e Mel,NESTLÉ,Emb. 0.25 KG,"1,79€","7,16€ / KG",
Alimento Húmido P/ Gato Gold Mousse C/ Frango,GOURMET,Emb. 0.085 KG,"0,74€","8,71€ / KG",
Chá de Camomila,LIPTON,Emb. 10 SAQ.,"0,69€","0,07€ / SAQ.",
Mistura de Frutos Secos Torrados com Sal,TOKAPI,Emb. 0.12 KG,"1,79€","14,92€ / KG",
Polpa de Tomate,ECO+,Frasco 1 KG,"1,49€","1,49€ / KG",
Cereais Granola de Aveia C/ Arandos e Sementes de Abóbora,FITNESS,Emb. 0.3 KG,"2,79€","9,30€ / KG",
TAPETE ANTI-DERRAPANTE WC TRANSPARENTE 52X52,SILLAGE,Emb. 1 UNID.,"5,99€","5,99€ / UNID.",
Sumo 100% Ananás Biológico,,Emb. 1 LT,"2,99€","2,99€ / LT",
CALDO GALINHA M.REPERE,RUSTICA,Emb. 0.12 KG,"0,79€","6,58€ / KG",
Aguardente Vínica Velha,DORRÃO,Garrafa 0.7 LT,"11,99€","17,13€ / LT",
Lixívia Perfumada,NEOBLANC,Emb. 4 LT,"3,34€","0,84€ / LT",
Sobremesa Láctea Natural,IOGOLINO,Emb. 4 UNID.,"2,88€","0,72€ / UNID.",
Bife do Acém Novilho,,1 Unid. = 0.25 KG (aprox.),"7,99€/kg","2,00€ / Unid.",
Creme de Mãos Godness,DOVE,Emb. 0.075 LT,"2,99€","39,87€ / LT",
Alimento Húmido para Cão Almôndegas de Carne Vaca,ECO+,Emb. 1 KG,"1,79€","1,79€ / KG",
After Shave Dark Temptation,AXE,Emb. 0.1 LT,"6,98€","69,80€ / LT",
TOSTAS BRIOCHE ESPECIAL FOIE GRAS,EPI D'OR,Emb. 0.25 KG,"1,35€","5,40€ / KG",
Champô Total Repair 5,ELVIVE,Emb. 0.25 LT,"3,98€","15,92€ / LT",
Ravioli com 3 Queijos Biológico,,Emb. 0.25 KG,"2,49€","9,96€ / KG",
Conjunto de Pintar 4 Peças,ECO+,Emb. 4 UNID.,"5,09€","1,27€ / UNID.",
ESCOVA DENTES CABECA RECARREGAVEL,DENTAMYL,,"1,25€",/ Unid.,
Sorvete Cassis C/ Pedaços,ESKISS,Emb. 1 LT,"2,69€","2,69€ / LT",
Papa Infantil Aveia Manga e Banana,CERELAC,Emb. 0.25 KG,"2,49€","9,96€ / KG",
Café Solúvel Liofilizado,ECO+,Emb. 0.2 KG,"3,19€","15,95€ / KG",
QUEIJO EMMENTAL RALADO BIO,,Emb. 0.1 KG,"1,59€","15,90€ / KG",
Água Micelar Tudo em 1,GARNIER,Emb. 0.4 LT,"6,88€","17,20€ / LT",
Xarope de Laranja,FRUCCI,Emb. 0.75 LT,"3,89€","5,19€ / LT",
Couscous,,Emb. 1 KG,"1,50€","1,50€ / KG",
Néctar Vital Frutos Vermelhos 3x20 cl,COMPAL,Emb. 0.6 LT,"1,68€","2,80€ / LT",
CREME PENTEAR CABELOS CARACOIS 200ML,VITANOVE,Emb. 0.2 LT,"2,39€","11,95€ / LT",
PERCABONATO SÓDIO,CLAIR,Emb. 0.5 KG,"2,99€","5,98€ / KG",
Saquetas Iogurte Morango,DANONE,Emb. 0.28 KG,"1,99€","7,11€ / KG",
Iogurte Soja Natural 6 Unid.,NAT&VIE,Emb. 0.6 KG,"1,49€","2,48€ / KG",
MADALENAS LONGAS,ECO+,Emb. 0.25 KG,"0,99€","3,96€ / KG",
Super Algicida,BEAUX JOURS,Emb. 5 LT,"13,99€","2,80€ / LT",
Detergente para Máquina de Roupa Active Clean Ultimate,SKIP,Emb. 70 DOSES,"15,99€","0,23€ / DOSES",
Conserva de Salsichas 6 Unid. FrankFurt,CÔTÉ TABLE,Lata 0.12 KG,"0,59€","4,92€ / KG",
DETERGENTE LIQUIDO FRESCURA 40D,EPSIL,,"4,95€",/ Unid.,
MINI RATO WIRELESS PRETO,LINKSTER,Emb. 1 UNID.,"9,90€","9,90€ / UNID.",
Recarga Esfregona Rotativa,,Emb. 1 UNID.,"2,59€","2,59€ / UNID.",
Refrigerante C/ Gás Vidro Pack 4,COCA COLA,Emb. 0.08 LT,"2,91€","36,38€ / LT",
Fios de Bacon,PRIMOR,Emb. 0.1,"2,08€","20,80€ /",
Iogurte Líquido Déli´Up Morango 10x100g,DÉLISSE,Emb. 1 KG,"2,19€","2,19€ / KG",
Lava Tudo Multisuperficies Lavanda,CIF,Emb. 1.4 LT,"1,99€","1,42€ / LT",
Sopa Creme de Lagosta,KNORR,Emb. 0.061 KG,"1,49€","24,43€ / KG",
1000 AGRAFOS N24/6,ESQUISSE,Emb. 1 UNID.,"0,55€","0,55€ / UNID.",
TOSTAS DE TRIGO INTEGRAL,EPI D'OR,Emb. 0.5 KG,"1,49€","2,98€ / KG",
ALIMENTO HUMIDO FRANGO/CENOURA P/ CAO 1240G,LYDOG,Emb. 1.4 KG,"2,05€","1,46€ / KG",
Espargos Verdes,,Emb. 0.25 KG,"2,99€","11,96€ / KG",
CREME Q10 DIA 50ML,INELL,Emb. 0.05 LT,"2,99€","59,80€ / LT",
Barra Cereais Maçã Verde,GRAINEA,Emb. 0.126 KG,"1,49€","11,83€ / KG",
PERSIL COLOR GEL,PERSIL,Emb. 65 DOSES,"12,49€","0,19€ / DOSES",
Puré de Batata Ultracongelado,POM'LISSE,Emb. 0.75 KG,"1,34€","1,79€ / KG",
OREGAOS FOLHAS SAQUETA,RUSTICA,Emb. 0.08 KG,"0,28€","3,50€ / KG",
Neoblanc Gentil Higiene Lixívia,NEO BLANC,Emb. 2 LT,"6,48€","3,24€ / LT",
Bolachas Cream Cracker Nova Receita,VIEIRA,Emb. 0.2 KG,"1,23€","6,15€ / KG",
Sumo Refrigerado Morango,SUNNY DELIGHT,Emb. 0.31 Lt,"0,78€","2,52€ / Lt",
PINCEIS Nº 8/10/12,ESQUISSE,Emb. 3 UNID.,"1,39€","0,46€ / UNID.",
Vinho Verde Branco,GAZELA,Garrafa 0.75 LT,"3,78€","5,04€ / LT",
Maionese Top Down Verdadeira,HELLMANN'S,Emb. 0.412 KG,"4,38€","10,63€ / KG",
Barra Bueno Recheio Leite Avelãs Cobertura Chocolate 2 Unid.,KINDER,Emb. 0.043 KG,"1,08€","25,12€ / KG",
DESFIADO CARNE PREMIUM P/ GATO ADULTO 4X85G,LYCAT,Emb. 4 UNID.,"1,89€","0,47€ / UNID.",
Cuscus Aves e Salsichas Merguez,CÔTÉ TABLE,Emb. 0.98 KG,"4,29€","4,38€ / KG",
Filete Primavera com Alho e Ervas Aromáticas 2 Unid.,IGLO,Emb. 0.225 KG,"3,99€","17,73€ / KG",
Bebida Energética Energy Drink,RED BULL,Lata 0.25 LT,"1,38€","5,52€ / LT",
Feijão Branco Seco,NOTRE JARDIN,Emb. 0.5 KG,"0,99€","1,98€ / KG",
Sobremesa Láctea de Alperce +6 Meses,BIO VILLAGE BEBE,Emb.0 0.4 KG,"2,29€","5,73€ / KG",
IOGURTE GREGO NATURAL BIO,,Emb. 0.3 KG,"1,59€","5,30€ / KG",
Old Spice Shower Gel Booster,OLD SPICE,Emb. 0.4 LT,"4,98€","12,45€ / LT",
Cadeado C/ Chave 35Mm,FOXTER,Emb. 1 UNID.,"2,59€","2,59€ / UNID.",
Massa de Pimentão,RUSTICA,Frasco 0.2 KG,"0,89€","4,45€ / KG",
Alimento Seco Gato Croquetes Frango e Cereais,ECO+,Emb. 4 KG,"5,79€","1,45€ / KG",
PIZZA ATUM,TURINI,Emb. 0.45 KG,"2,79€","6,20€ / KG",
Miolo Noz Pedaços,MARQUE REPERE,Emb. 0.2 KG,"2,59€","12,95€ / KG",
Alimento Seco P/ Gato Júnior Frango Leite,PURINA FRISKIES,Emb. 0.4 KG,"2,18€","5,45€ / KG",
Detergente Líquido Máquina Roupa,GAMA,Emb. 100 DOSES,"9,99€","0,10€ / DOSES",
Molho Cocktail Salsa,HEINZ,Emb. 0.22 KG,"2,38€","10,82€ / KG",
Cogumelos Laminados,ECO+,Emb. 0.23 KG,"0,79€","3,43€ / KG",
Farinha Rainha Especial P/ Bolos,NACIONAL,Emb. 1 KG,"1,23€","1,23€ / KG",
Fita Adesiva Reparação Pvc 20Metrosx50Mm,FOXTER,Emb. 1 UNID.,"3,99€","3,99€ / UNID.",
Cerveja com Álcool,SUPER BOCK,Garrafa 1 LT,"1,98€","1,98€ / LT",
"AQUAFRESH INTENSE CLEAN,,2x75ML",AQUAFRESH,,"3,99€",/ Unid.,
"KINDER BUENO CLASSICO, T2X4",KINDER BUENO,Emb. 0.172 KG,"2,44€","14,19€ / KG",
CRACKERS 3X100G,TOKAPI,Emb. 0.3 KG,"1,59€","5,30€ / KG",
Champô Leite de Coco,HERBAL ESSENCES,Emb. 0.4 LT,"3,99€","9,98€ / LT",
Snack P/ Gato de Frango,DENTALIFE,Emb. 0.04 KG,"1,98€","49,50€ / KG",
Caldo de Galinha,KNORR,Emb. 0.252 KG,"2,39€","9,48€ / KG",
Cerveja Amber Lager 4x33cl,CORUJA,Emb. 1.32 L,"3,29€","2,49€ / L",
Vinagre de Vinho Branco Chardonnay,GALLO,Emb. 0.25 LT,"1,99€","7,96€ / LT",
Lombo de Porco Preto,,1 Unid. = 0.5 KG (aprox.),"23,58€/kg","11,79€ / Unid.",
Tablete de Chocolate Preto com Pedaços de Amêndoas Torradas Biológico,,Emb. 0.1 KG,"1,99€","19,90€ / KG",
Néctar Clássico Tutti Frutti 3x20 cl,COMPAL,Emb. 0.6 LT,"1,48€","2,47€ / LT",
AMACIADOR ROUPA SUAVE,HYPERDOU,Emb. 4 LT,"2,49€","0,62€ / LT",
Desodorizante Roll On Talc Soft,DOVE,Emb. 0.05 LT,"2,69€","53,80€ / LT",
ENVELOPE SILICONE KRAFT 162X229MM,ESQUISSE,Emb. 25 UNID.,"1,99€","0,08€ / UNID.",
Vinagre de Vinho Branco,RUSTICA,Garrafa 0.5 LT,"0,49€","0,98€ / LT",
Iogurte Líquido Natural 0% 6 Unid.,ACTIMEL,Emb. 0.6 KG,"2,59€","4,32€ / KG",
BARRA CEREAIS FIGO,GRAINEA,Emb. 0.126 KG,"1,49€","11,83€ / KG",
ALGODAO DUO OVAL,INELL,Emb. 70 UNID.,"1,09€","0,02€ / UNID.",
Fio Dentário Expansivo Sabor Menta,SENSODYNE,Emb. 1 P,"3,48€","3,48€ / P",
Robalo,,1 Unid. = 1.5 KG (aprox.),"8,98€/kg","13,47€ / Unid.",
Pantene Purifica & Reconstrói Champô 250 ml,,Emb. 0.25 LT,"3,74€","14,96€ / LT",
"Cacaolat Zero Açúcares Adicionados Leite Cacau UHT 4x 0,20L",CACAOLAT,Emb. 4 UNID.,"2,09€","0,52€ / UNID.",
"Mistura de Triguilho, Quinoa Branca e Quinoa Vermelha",,Emb. 0.45 KG,"4,29€","9,53€ / KG",
Loção Spray Cocoa Radiante,VASELINE,Emb. 0.19 LT,"3,59€","18,89€ / LT",
Alimento Húmido P/ Gato Gold Mousse Peixe,GOURMET GOLD,,"0,74€",/ Unid.,
Alimento Seco P/ Gatos Interior Frango,PURINA FRISKIES,Emb. 3 KG,"12,98€","4,33€ / KG",
Physalis,,1 Unid. = 1.5 KG  (aprox.),"12,99€/kg","19,49€ / Unid.",
FITA COLA TRANSPARENTES 25M 5UN,ECO+,Emb. 5 UNID.,"1,99€","0,40€ / UNID.",
Cereais Zero Flocos de Milho,NACIONAL,Emb. 0.375 KG,"1,74€","4,64€ / KG",
Detergente em Pó BUQUÊ ROXO 120 DOSES,GAMA,Emb. 7.2 KG,"10,99€","1,53€ / KG",
Brioches com Recheio Chocolate 8Unid.,EPI D'OR,Emb. 0.31 KG,"2,29€","7,39€ / KG",
Gengibre,,1 Unid. = 0.3 KG (aprox.),"4,66€/kg","1,40€ / Unid.",
Amaciador concentrado rosa e rosmaninho,SURF,Emb. 90 DOSES,"3,49€","0,04€ / DOSES",
Amaciador Concentrado Flores do Campo,HYPERDOU,Emb. 72 DOSES,"1,75€","0,02€ / DOSES",
MACEDONIA LEGUMES COZIDOS,NOTRE JARDIN,Emb. 1 KG,"1,59€","1,59€ / KG",
Glade Automatic Spray Recarga Relax Zen,GLADE,Emb. 0.269 LT,"3,59€","13,35€ / LT",
Bebida à Base de Arroz,NAT&VIE,Emb. 1 LT,"1,39€","1,39€ / LT",
Cerveja com Álcool 6x33cl,CRISTAL,Emb. 1.98 LT,"2,89€","1,46€ / LT",
Infusão de Canela e Maça,LIPTON,Emb. 0.044 KG,"1,94€","44,09€ / KG",
Queijo Curado Amanteigado o Sabor Português,LES CROISÉS,1 Unid. = 1 KG (aprox.),"8,99€/kg","8,99€ / Unid.",
Champô Color Revitalizante,TRESEMMÉ,Emb. 0.9 LT,"6,59€","7,32€ / LT",
Queijo Amarelo da Beira Baixa Dop,DAMAR,1 Unid. = 0.45 KG (aprox.),"17,99€/kg","8,10€ / Unid.",
AUSONIA AIRDRY NOITE ABAS 24,AUSONIA,Emb. 24 UNID.,"4,24€","0,18€ / UNID.",
BEBIDA SOJA FRUTOS VERMELHOS 3x250ML,ALPRO,Emb. 0.75 LT,"1,79€","2,39€ / LT",
"ATUM FILET MANJERICÃO&TOMATE SECO, 120G",TENÓRIO,Emb. 0.12 KG,"2,29€","19,08€ / KG",
Ketchup Heinz Top Down 220 Ml,HEINZ,Emb. 0.22 LT,"2,28€","10,36€ / LT",
Massa Cotovelinhos,ECO+,Emb. 0.5 KG,"0,65€","1,30€ / KG",
BOLACHAS PEQUENO ALMOCO CHOCOLATE,P'TIT DÉLI,Emb. 0.6 KG,"2,98€","4,97€ / KG",
CAVACAS,,Emb. 0.09 KG,"2,85€","31,67€ / KG",
CREME HIDRATANTE PELE SECA/SENSIVEL 50ML,INELL,Emb. 0.05 LT,"2,99€","59,80€ / LT",
Pantene Protect & Style Laca 300ml,PANTENE PV,Emb. 0.3 LT,"3,74€","12,47€ / LT",
Bebida à Base de Aveia,NAT&VIE,Emb. 1 LT,"1,39€","1,39€ / LT",
Gel Sanitário Anti-calcário,HARPIC,Emb. 0.75 LT,"1,94€","2,59€ / LT",
CREME DEPILATORIO PELE SENSIVEL 100ML 100ML SLISS,SLISS,,"1,75€",/ Unid.,
Sacos de Lixo Ultra Resistentes com Atilhos 20x30L,ELEMBAL,Emb. 20 UNID.,"1,89€","0,09€ / UNID.",
Massa Folhada com Manteiga,TABLIER BLANC,Emb. 0.23 KG,"1,56€","6,78€ / KG",
Pasta Arquivo Lombada Larga Marmoreada,ESQUISSE,Emb. 1 UNID.,"1,89€","1,89€ / UNID.",
SPRAY LIMPA TABLIER 1 L 1L TECH9,TECH9,Emb. 1 LT,"3,19€","3,19€ / LT",
"Mini Gelados de Chocolate Classic, Amêndoa e Branco Pack 10",MAGNUM,Emb. 0.55 LT,"7,48€","13,60€ / LT",
MISTURA DE CARVAO VEGETAL,ECO+,Emb. 5 KG,"4,39€","0,88€ / KG",
PAO HAMBURGUER BRIOCHE,EPI D'OR,Emb. 0.3 KG,"1,39€","4,63€ / KG",
Patê de Atum 4x22g,PÊCHE OCÉAN,Emb. 0.088 KG,"1,19€","13,52€ / KG",
Gel Anti-Calcário Hygiene Elimina Bactérias,CALGON,Emb. 1.5 LT,"12,74€","8,49€ / LT",
Fraldas Incontinência com Elásticos Médio,LINDOR,Emb. 20 UNID.,"12,48€","0,62€ / UNID.",
Puré de Tomates Biológico,,Emb. 0.72 LT,"1,95€","2,71€ / LT",
LAPIS DE COR 12UN,ECO+,Emb. 12 UNID.,"1,39€","0,12€ / UNID.",
Bolachas de Chocolate com Pepitas de Chocolate,ECO+,Emb. 0.2 KG,"0,97€","4,85€ / KG",
CREME DE OVOS SABOR COCO,DÉLISSE,Emb. 0.4 KG,"2,45€","6,13€ / KG",
Leite Bem Essencial UHT Gordo,MIMOSA,Emb. 1 LT,"1,13€","1,13€ / LT",
Açúcar de Cana em Pó Biológico,,Emb. 0.5 KG,"1,89€","3,78€ / KG",
Desodorizante Spray Jasmim Bio,BIONAÏA,Emb. 0.1 LT,"1,83€","18,30€ / LT",
Queijo Pasta Dura Cozida,LES CROISÉS,Emb. 0.2 KG,"3,19€","15,95€ / KG",
POSTA DE PESCADA Nº3 COZER,PÊCHE OCÉAN,Emb. 0.6 KG,"4,69€","7,82€ / KG",
NOZ DA AMAZONIA,TOKAPI,Emb. 0.1 KG,"1,65€","16,50€ / KG",
BL1 LED FILA STANDARD 7W-60W E27 LUZ AMARELA,FOXTER,Emb. 1 UNID.,"4,99€","4,99€ / UNID.",
Conserva Cogumelos Inteiros,NOTRE JARDIN,Emb. 0.355 KG,"1,29€","3,63€ / KG",
Cerveja com Álcool 20x25cl,SUPER BOCK,Emb. 5 LT,"9,49€","1,90€ / LT",
STICKS RICOS BOVINO P / CAO 3UN,TOUS MES AMIS,,"0,79€",/ Unid.,
Bolachas Recheadas Chocolate Biológicas,,Emb. 0.185 KG,"2,59€","14,00€ / KG",
TOMATE CONCENTRADO BISNAGA BIO,,Emb. 0.2 KG,"1,49€","7,45€ / KG",
Pensos Higiénicos Salvaslips Multiforma,EVAX,Emb. 58 UNID.,"3,29€","0,06€ / UNID.",
Queijo Bola Flamengo,PAIVA,Emb. 1.4 KG (aprox.),"12,99€/kg","18,19€ / Unid.",
LIMPA MOVEIS AEROSSOL,CLAIR,Emb. 0.3 LT,"1,19€","3,97€ / LT",
Crepes de Chocolate 8x32g,P'TIT DÉLI,Emb. 0.256 KG,"1,99€","7,77€ / KG",
Queijo Fatiado Flamengo,TERRA NOSTRA,Emb. 0.2 KG,"2,19€","10,95€ / KG",
Pastéis de Bacalhau 10 Unid.,SNR,Emb. 0.325 KG,"3,45€","10,62€ / KG",
Bolachas Torradas,VIEIRA,Emb. 0.2 KG,"0,86€","4,30€ / KG",
Argolas do mar,PESCANOVA,Emb. 1 KG,"9,98€","9,98€ / KG",
Condicionador Express para Pontas Espigadas em Spray,GLISS,Emb. 0.2 LT,"3,24€","16,20€ / LT",
Gomas Sabor a Frutos,HARIBO,Emb. 0.1 KG,"1,08€","10,80€ / KG",
Desodorizante Spray Baunilha,MANAVA,Emb. 0.1 LT,"1,29€","12,90€ / LT",
POLPA DE TOMATE COM CEBOLA E ALHO,TURINI,Garrafa 0.5 KG,"1,29€","2,58€ / KG",
QUEIJO FRESCO COTTAGE,MATINAL,Emb. 0.18 KG,"1,88€","10,44€ / KG",
Polpa de Tomate Cebola e Alho,GULOSO,Emb. 0.5 KG,"2,08€","4,16€ / KG",
LEGUMES SALTEADOS WOK ASIATICO,NOTRE JARDIN,Emb. 1 KG,"3,45€","3,45€ / KG",
Batatas Fritas Light,LAY'S,Emb. 0.14 KG,"1,88€","13,43€ / KG",
Conserva de Feijão Branco Cozido,NOTRE JARDIN,Lata 0.85 KG,"0,99€","1,16€ / KG",
"JARRO ELECTRICO INOX 2000W 1,7L",ELSAY,Emb. 1 UNID.,"26,90€","26,90€ / UNID.",
Salsa Picada,RUSTICA,Emb. 0.25 KG,"2,39€","9,56€ / KG",
Cenoura Ripada,,Emb. 0.2 KG,"0,59€","2,95€ / KG",
Bebida Energética Ultra White Energy Zero Açúcar,MONSTER ENERGY,Emb. 0.05 LT,"1,20€","24,00€ / LT",
ALGODAO,PRIMOPLAST,Emb. 0.1 KG,"0,75€","7,50€ / KG",
Tarte de Amêndoa,,1 Unid. = 0.465 KG  (aprox.),"5,99€","12,88€ / KG",
MOUSSELINES P/ GATO 4X85G,LYCAT,Emb. 4 KG,"2,49€","0,62€ / KG",
Mácara Rosto Filme Purificante Alisante,INELL,Emb. 2 UNID.,"1,39€","0,70€ / UNID.",
PESSEGO EM CALDA,DOUCEUR DU VERGER,Emb. 0.82 KG,"2,39€","2,91€ / KG",
Old Spice Shower Gel Ultra Smooth,OLD SPICE,Emb. 0.4 LT,"4,98€","12,45€ / LT",
ESPREMEDOR CITRINOS EXPERT,ELSAY,Emb. 1 UNID.,"24,90€","24,90€ / UNID.",
Presunto Fatiado,DAMATTA,Emb. 0.07 KG,"1,98€","28,29€ / KG",
Alimento Seco P/ Gato Crunchy e Tender Salmão Atum,PURINA FRISKIES,Emb. 1.5 KG,"6,98€","4,65€ / KG",
SOBREMESA TIRAMISU,DÉLISSE,Emb. 0.5 KG,"4,29€","8,58€ / KG",
Cápsulas Café Grande P/ Dolce Gusto Intensidade 8,STARBUCKS,Emb. 12 CAPS.,"5,38€","0,45€ / CAPS.",
RAVIOLI CARNE VACA MOLHO ITALIANO,CÔTÉ TABLE,Emb. 0.8 KG,"2,19€","2,74€ / KG",
BATOM HIDRATANTE CLASSICO 2UN,INELL,Emb. 2 UNID.,"1,59€","0,80€ / UNID.",
Óleo de Palma,GUINEA'S,Emb. 0.4 LT,"3,43€","8,58€ / LT",
PALMIERS C/ COBERTURA CHOCOLATE,P'TIT DÉLI,Emb. 0.23 KG,"1,69€","7,35€ / KG",
Batata Vermelha Assar,,Emb. 1 KG,"1,19€","1,19€ / KG",
Rolo Cozinha Mega ECO 1=10,MARQUE REPERE,Emb. 1 UNID.,"2,99€","2,99€ / UNID.",
Sobremesa Gelado Chocolate Brownie,CARTE D'OR,Emb. 0.9 LT,"3,29€","3,66€ / LT",
MISTURA DE LEGUMES A VAPOR,NOTRE JARDIN,Emb. 0.4 KG,"1,59€","3,98€ / KG",
Café Cápsulas Pack Intensidade,DELTA Q,Emb. 40 CAPS.,"12,99€","0,32€ / CAPS.",
Coloração Longa Duração Belle Color 6 Louro Escuro,GARNIER,Emb. 1 UNID.,"5,98€","5,98€ / UNID.",
BLOCO NOTAS ADESIVO 75X75MM 2X100UN,ESQUISSE,Emb. 2 UNID.,"1,39€","0,70€ / UNID.",
Óleo Corporal Elixir de Argão,NATURAL HONEY,Emb. 0.3 LT,"5,19€","17,30€ / LT",
Pizza Fresca 3 Queijos,TURINI,Emb. 0.45 KG,"2,59€","5,76€ / KG",
Pacotinho de Frutas Banana Laranja e Bolacha +6 meses,NATURNES,Emb. 0.09 KG,"1,04€","11,56€ / KG",
AMACIADOR CONCENTRADO LIRIOS E MORANGOS 72 DOSES,HYPERDOU,Emb. 2 LT,"1,75€","0,88€ / LT",
Óleo de Argão,PANTENE,Emb. 0.1 LT,"9,98€","99,80€ / LT",
Massa Instantânea de Camarão Pot,KOALA,Emb. 0.065 KG,"1,08€","16,62€ / KG",
Asas de Frango Embalagem Familiar,,1 Unid. = 1 KG (aprox.),"2,79€/kg","2,79€ / Unid.",
Pota Inteira Congelado,,1 Unid. = 0.2 KG (aprox.),"4,49€/kg","0,90€ / Unid.",
"""BLANQUETTE"" DE VITELA E ARROZ",CÔTÉ TABLE,Emb. 0.285 KG,"2,49€","8,74€ / KG",
Pão de Forma sem Côdea 9 Cereais,PANRICO,Emb. 0.48 KG,"2,08€","4,33€ / KG",
Refrigerante C/ Gás Laranja,FANTA,Garrafa 1.5 LT,"1,00€","0,67€ / LT",
Pudim Flan Caramelo 12x100g,ECO+,Emb. 1.2 KG,"1,69€","1,41€ / KG",
Queijo Ralado Emmental,PRÉSIDENT,Emb. 0.15 KG,"2,54€","16,93€ / KG",
Fio de Linho 90Metros,FOXTER,Emb. 1 UNID.,"1,99€","1,99€ / UNID.",
Tiras P/ Porcos da Índia Sabor Mel,TOUS MES AMIS,Emb. 0.11 KG,"1,85€","16,82€ / KG",
Aroma de Amêndoa Líquido,CONDI,Emb. 0.025 KG,"1,53€","61,20€ / KG",
ESCADOTE 2 DEGRAUS,ECO+,Emb. 1 UNID.,"19,99€","19,99€ / UNID.",
Refrigerante S/ Gás Maçã/Cassis/Framboesa,JAFUN,Emb. 2 LT,"1,89€","0,95€ / LT",
CORANTES ALIMENTARES X3,TABLIER BLANC,Emb. 0.018 LT,"1,95€","108,33€ / LT",
Bebida Energética Orange Burst,POWERADE,Emb. 0.5 LT,"1,38€","2,76€ / LT",
Sabonete Sólido Limão Manjericão,MANAVA,Emb. 2 UNID.,"1,00€","0,50€ / UNID.",
"Infusão Time do Relax de Camomila, Lavanda, Tília e Baunilha",LIPTON,Emb. 20 SAQS,"1,94€","0,10€ / SAQS",
Chocolate Negro Sobremesas,ECO+,Emb. 0.2 KG,"0,99€","4,95€ / KG",
REBENTOS DE FEIJAO MUNGO,NOTRE JARDIN,Emb. 0.175 KG,"0,54€","3,09€ / KG",
Rissóis de Camarão,,Emb. 8 UNID.,"1,39€","0,17€ / UNID.",
Ice Tea de Limão Lata 6x25cl,LIPTON,Emb. 1.5 LT,"3,38€","2,25€ / LT",
RESGUARDO PROTECAO CAMA 90X180CM,CHORYS,Emb. 20 UNID.,"10,99€","0,55€ / UNID.",
Bolachas de Manteiga,,Emb. 0.125 KG,"1,25€","10,00€ / KG",
Pistachos Torrados Salgados,ECO+,Emb. 0.2 KG,"2,59€","12,95€ / KG",
Desodorizante Roll-On Narta Invisível 48H,GARNIER,Emb. 0.05 LT,"3,98€","79,60€ / LT",
Pão de Forma Integral,EPI D'OR,Emb. 0.5 KG,"0,99€","1,98€ / KG",
Sumo 100% Maçã,JAFADEN,Emb. 1 LT,"1,49€","1,49€ / LT",
LAMPADA STICK 8W E14,FOXTER,Emb. 1 UNID.,"2,49€","2,49€ / UNID.",
Azeite Virgem,RUSTICA,Garrafa 0.75 LT,"3,39€","4,52€ / LT",
BOLACHAS DIGESTIVE DIGESTIVE NATURE GULLON 400G,GULLÓN,Emb. 0.4 KG,"2,44€","6,10€ / KG",
ESTRUME DE CAVALO,BEAUX JOURS,Emb. 20 KG,"4,99€","0,25€ / KG",
Espumante Reserva Tinto Bruto,ALIANÇA,Garrafa 0.75 LT,"6,48€","8,64€ / LT",
Gelado de Chocolate Branco e Cookies,MAGNUM,Emb. 0.44 LT,"3,89€","8,84€ / LT",
Drageia Menta,MENTOS,Emb. 0.04 KG,"0,68€","17,00€ / KG",
Arroz Carolino,CAÇAROLA,Emb. 1 KG,"1,05€","1,05€ / KG",
Pantene Anticaspa Champô 3 Em 1,PANTENE PV,Emb. 0.3 LT,"4,98€","16,60€ / LT",
Sobremesa Creme de Baunilha 4x100gr,DANONE,Emb. 0.4 KG,"1,99€","4,98€ / KG",
Mad Chip Alho e Evas,CALVÉ,Emb. 0.26 KG,"2,68€","10,31€ / KG",
Barras de Cereais de Morango 6 Unid.,FITNESS,Emb. 0.141 KG,"2,29€","16,24€ / KG",
Cuscus Clássica,NACIONAL,Emb. 0.25 KG,"0,84€","3,36€ / KG",
LUVAS ESPECIAL LOICA -TAMANHO M - 1 PAR,MAMISON,Emb. 1 UNID.,"0,69€","0,69€ / UNID.",
Alimento Húmido Bovino para Cão,ECO+,Emb. 0.3 KG,"0,55€","1,83€ / KG",
Ice Tea Manga,LIPTON,Emb. 1 LT,"1,29€","1,29€ / LT",
Cápsulas Café Blonde Espresso P/ Dolce Gusto Intensidade 6,STARBUCKS,Emb. 12 CAPS.,"5,38€","0,45€ / CAPS.",
RECARGA P/ MAQUINA SELAR VACUO,ELSAY,Emb. 1 UNID.,"5,90€","5,90€ / UNID.",
Bloco Sanitário Desinfectante de Lima,DOMESTOS,Emb. 0.055 KG,"1,79€","32,55€ / KG",
Amaciador concentrado rubi,QUANTO,Emb. 76 DOSES,"4,89€","0,06€ / DOSES",
Verniz de Unhas 60 Segundos 703,RIMMEL,Emb. 1 UNID.,"5,58€","5,58€ / UNID.",
Mini Snack de Chocolate de Leite,LION,Emb. 11 UNID.,"2,78€","0,25€ / UNID.",
Requeijão Mistura Ovelha/Vaca/Cabra,SNR,Emb. 0.24 KG,"1,98€","8,25€ / KG",
Limonada Zero,SPRINK'S,Emb. 1.5 LT,"0,99€","0,66€ / LT",
COTONETES ALGODAO,ECO+,Emb. 200 UNID.,"0,69€","0,00€ / UNID.",
Gelatina Light Sabor a Frutos Vermelhos,TABLIER BLANC,Emb. 0.031 KG,"0,79€","25,48€ / KG",
Refrigerante S/Gás Arandos Light,JAFADEN,Emb. 1 LT,"1,55€","1,55€ / LT",
DETERGENTE MANUAL LOICA AMENDOAS DOCES/CALENDULA,VISIOR,Emb. 0.75 LT,"0,97€","1,29€ / LT",
Chocolate Preto 70% Cacau Extra Noir,JUBILEU,Emb. 0.1 KG,"2,63€","26,30€ / KG",
Creme de Pentear Hidra Caracóis,FRUCTIS,Emb. 0.2 LT,"4,98€","24,90€ / LT",
Café Cápsulas Intenso Intensidade 10,PLANTATION,Emb. 16 CAPS.,"2,59€","0,16€ / CAPS.",
Cápsulas de Café Alumínio Nespresso Ristretto,SEGAFREDO,Emb. 10 UN,"4,28€","0,43€ / UN",
"ATUM FILELETE AZEITE C/ ALCAPARRAS, 120G",TENÓRIO,Emb. 0.12 KG,"2,29€","19,08€ / KG",
PENSOS HIGIENICOS U.FINOS NORMAL C/ABAS 14UN X2,DOULYS,Emb. 28 UNID.,"1,99€","0,07€ / UNID.",
FRALDAS BEBE T5+ 12/25KG 52UN,ECO+,Emb. 52 UNID.,"6,99€","0,13€ / UNID.",
NOODLES DE VACA,TABLES DU MONDE,Emb. 0.061 KG,"0,99€","16,23€ / KG",
Vinho Tinto,ALANDRA,Garrafa 0.75 LT,"2,98€","3,97€ / LT",
Leite Fresco Meio Gordo,VIGOR,Emb. 1 LT,"0,98€","0,98€ / LT",
Queijo Fresco Magro 0% Gordura Pack 3,MATINAL,Emb. 0.216 KG,"2,28€","10,56€ / KG",
Old Spice Shower Gel Deep Sea,OLD SPICE,Emb. 0.4 LT,"4,98€","12,45€ / LT",
Compota de Banana Maçã 4x100g,ECO+,Emb. 0.4 KG,"0,99€","2,48€ / KG",
CREPES COM CHOCOLATE 6UN,TROFIC,Emb. 0.54 KG,"3,89€","7,20€ / KG",
Condicionador Reparador Flex,REVLON,Emb. 0.65 LT,"3,98€","6,12€ / LT",
Alface Iceberg,,1 Unid. = 0.45 KG  (aprox.),"2,29€/kg","1,03€ / Unid.",
Nabo sem Rama,,1 Unid. = 0.29 KG (aprox.),"1,99€/kg","0,58€ / Unid.",
Bolachas Tosta Rica,CUÉTARA,Emb. 0.57 KG,"3,88€","6,81€ / KG",
Rojões de Porco Embalado,,Emb. 0.76 KG (aprox.),"3,49€","4,59€ / KG",
"Iogurte de Manga, Morango e Pêssego 8x120g",DANONE,Emb. 0.96 KG,"1,98€","2,06€ / KG",
Detergente Loiça Manual Concentrado Limão Verde,CIF,Emb. 0.6 LT,"1,49€","2,48€ / LT",
Fita Adesiva Isolação Eletrico 4X5Metrosx15Mm,FOXTER,Emb. 1 UNID.,"1,99€","1,99€ / UNID.",
Gelado de Noz,CARTE D'OR,Emb. 1 LT,"2,89€","2,89€ / LT",
IOGURTE LIQUIDO MORANGO,DÉLISSE,Emb. 0.72 KG,"1,18€","1,64€ / KG",
ACHOCOLATADO EM PO,P'TIT DÉLI,Emb. 1 KG,"3,89€","3,89€ / KG",
Atum em Óleo,RAMIREZ,Emb. 0.12 KG,"1,09€","9,08€ / KG",
Queijo Curado Seia de Ovelha,QUEIJOS LAGOS,1 Unid. = 0.6 KG (aprox.),"17,99€/kg","10,79€ / Unid.",
Conserva de Atum ao Natural,RAMIREZ,Emb. 0.12 KG,"1,09€","9,08€ / KG",
Bolo de Especiarias,,Emb. 0.47 KG,"0,99€","2,11€ / KG",
Sumo 8 Frutos,UM BONGO,Emb. 1 LT,"1,48€","1,48€ / LT",
Alimento Seco Completo P/ Cães Pequenos,TOUS MES AMIS,Emb. 1 KG,"2,85€","2,85€ / KG",
Pensos Higiénicos Maxi Super Pocket 16 Unid.,DOULYS,Emb. 16 UNID.,"1,29€","0,08€ / UNID.",
Preparado Sopa de Espinafre,,Emb. 0.6 KG,"1,74€","2,90€ / KG",
Sticks P/ Cão,TOUS MES AMIS,Emb. 25 UNID.,"2,99€","0,12€ / UNID.",
PRATO DOURADO C/RENDA 33 CM,,Emb. 1 UNID.,"1,99€","1,99€ / UNID.",
BOLACHA REDONDA RECHEIO CHOCOLATE (3UN),,Emb. 0.72 KG,"2,79€","3,88€ / KG",
Queijo Amanteigado de Lamego,PAIVA,1 Unid. = 0.7 KG (aprox.),"10,99€/kg","7,69€ / Unid.",
Desodorizante Spray,AXE,Emb. 0.15 LT,"3,29€","21,93€ / LT",
JULIANA DE LEGUMES BIO,,Emb. 0.6 KG,"1,89€","3,15€ / KG",
ATUM ALBACORA POSTA NATURAL,PÊCHE OCÉAN,Emb. 0.14 KG,"1,99€","14,21€ / KG",
MARCADORES COLORIR LAVAVEL BEBE 12MESES,ESQUISSE,Emb. 12 UNID.,"3,99€","0,33€ / UNID.",
Preparado á Base de Polpa e de Concentrado de Tomates,NOTRE JARDIN,Lata 400 KG,"1,19€","0,00€ / KG",
Manteiga de Amendoim Cremosa sem Adição de Açúcares,CALVÉ,Emb. 0.35 KG,"3,48€","9,94€ / KG",
Snack P/ Gato Crispies C/ Sabor a Salmão e Truta,FELIX,Emb. 0.45 KG,"1,88€","4,18€ / KG",
GUYLIAN FRUTOS DO MAR CARTÃO 250g,,,"5,69€",/ Unid.,
Sardinha Congelada,,1 Unid. = 0.25 KG (aprox.),"3,95€/kg","0,99€ / Unid.",
Vinho de Mesa Branco,LAGAR DAS PIAS,Bag in Box 5 LT,"7,98€","1,60€ / LT",
Fita Adesiva Reparação Grande 25Metros,FOXTER,Emb. 1 UNID.,"3,73€","3,73€ / UNID.",
Enxada Rebitada,BEAUX JOURS,Emb. 1 UNID.,"7,99€","7,99€ / UNID.",
Ice tea de Manga 3x20 cl,LIPTON,Emb. 0.6 LT,"1,17€","1,95€ / LT",
"PAO TOSTADO ALHO LOTE DE 2 ""CROUTON"" 2X90G",EPI D'OR,Emb. 0.18 KG,"1,59€","8,83€ / KG",
Sardinhas S/Pele e S/Espinhas em Azeite Virgem Extra,BOM PETISCO,Emb. 0.12 KG,"1,99€","16,58€ / KG",
Pão Mistura,,1 Unid. = 0.4 KG,"0,99€","2,48€ / KG",
PATE DE FIGADO DE AVES C/ VINHO DO PORTO,CÔTÉ TABLE,Emb. 0.18 KG,"1,29€","7,17€ / KG",
SORTIDO GELADOS PARTY 10UN,SMICY,Emb. 10 UNID.,"2,99€","0,30€ / UNID.",
Iogurte Natural Puro 4x120g,DANONE,Emb. 0.48 KG,"1,18€","2,46€ / KG",
Mostarda de Dijon Fina e Forte,RUSTICA,Emb. 0.28 KG,"1,99€","7,11€ / KG",
Alimento Seco P/ Cão Free Vaca,BEYOND,Emb. 7 KG,"35,98€","5,14€ / KG",
Desentupidor Líquido Canos Soda,SYPHON,Emb. 1 LT,"1,59€","1,59€ / LT",
Espumante Asti,MARTINI,Garrafa 0.75 LT,"9,58€","12,77€ / LT",
Douradinhos Espinafres 10 Unid.,CAPITÃO IGLO,Emb. 0.284 KG,"3,19€","11,23€ / KG",
Massa Cotovelos Grosso,MILANEZA,Emb. 0.5 KG,"1,09€","2,18€ / KG",
Preparado Sopa de Cebola,KNORR,Emb. 0.05 KG,"1,49€/kg","0,07€ / Unid.",
Bolachas Recheadas Mini,OREO,Emb. 0.16 KG,"1,98€","12,38€ / KG",
"BL1 LED GLOBO 9,5-60W E27",FOXTER,Emb. 1 UNID.,"5,99€","5,99€ / UNID.",
Toalhitas Anti-Transferência de cor,VANISH,Emb. 1 UNID.,"4,99€","4,99€ / UNID.",
Iogurte Líquido Morango 0% 6 Unid.,DANONE,Emb. 6 UNID.,"2,59€","0,43€ / UNID.",
AROMA DE BAUNILHA,TABLIER BLANC,Emb. 0.2 LT,"2,49€","12,45€ / LT",
Queijo Francês,CAPRICE DES DIEUX,Emb. 0.2 KG,"3,99€","19,95€ / KG",
Cebola Chalota,,Emb. 0.25 KG,"1,09€","4,36€ / KG",
Framboesa,,Emb. 0.125 KG,"1,89€","15,12€ / KG",
Miolo de Amendoim C/ Piri-Piri,MARQUE REPERE,Emb. 0.25 KG,"1,29€","5,16€ / KG",
TARTELETES PURA MANTEIGA C/ COBERTURA MORANGO,P'TIT DÉLI,Emb. 0.127 KG,"1,39€","10,94€ / KG",
Pescada Argentina Nº1 Congelada,,1 Unid. = 0.6 KG (aprox.),"3,49€/kg","2,09€ / Unid.",
CEREAIS RECHEADOS C/LEITE,P'TIT DÉLI,Emb. 0.45 KG,"2,06€","4,58€ / KG",
GELATINA FRUTOS TROPICAIS LIGHT CONDI 2X15,CONDI,Emb. 0.3 KG,"1,88€","6,27€ / KG",
Palmiers com Maçã e Canela 6 Unid.,DU BOIS DE LA ROCHE,Emb. 0.15 KG,"1,38€","9,20€ / KG",
Creme Depilatório Pele Normal,SILISS,Emb. 0.2 LT,"2,75€","13,75€ / LT",
VELA NUMERO - 1,ARDENCE,Emb. 1 UNID.,"0,89€","0,89€ / UNID.",
Difusor Elétrico 3 Volution + Recarga Japan Tatami,AMBIPUR,Emb. 2 UNID.,"9,98€","4,99€ / UNID.",
Vinho Alto das Serpas Tinto,ALTO DAS SERPAS,Emb. 5 LT,"7,98€","1,60€ / LT",
CUSCUZ FINO,COMPTOÍR DU GRAIN,Emb. 0.5 KG,"1,09€","2,18€ / KG",
Beringela,,1 Unid. = 0.37 KG (aprox.),"2,99€/kg","1,11€ / Unid.",
LENCOS BOLSO 3F,ECO+,Emb. 15 UNID.,"1,29€","0,09€ / UNID.",
Conserva de Feijão Manteiga Cozido com pouco Sal,FERBAR,Lata 0.42 KG,"0,95€","2,26€ / KG",
Rebentos de Feijão Mungo Bio,,Frasco 0.175 KG,"1,19€","6,80€ / KG",
Cracker Integral,CUÉTARA,Emb. 0.2 KG,"1,28€","6,40€ / KG",
Biscoitos de Canela,,Emb. 0.3 KG,"1,69€","5,63€ / KG",
Conetor Reparador 19Mm,BEAUX JOURS,Emb. 1 UNID.,"0,99€","0,99€ / UNID.",
FILETES DE PESCADA,ECO+,Emb. 0.8 KG,"5,49€","6,86€ / KG",
RABANETE S/ RAMA,,Emb. 0.125,"0,69€","5,52€ /",
Jardineira de Novilho Embalada,,1 Unid. = 0.3 KG (aprox.),"8,72€/kg","2,62€ / Unid.",
Cereais Bola de Milho Mel,P'TIT DÉLI,Emb. 0.4 LT,"1,43€","3,58€ / LT",
Cracker com Sal,PAVESI,Emb. 0.56 KG,"3,98€","7,11€ / KG",
Pimentão Doce Colorau,RUSTICA,Frasco 0.038 KG,"0,59€","15,53€ / KG",
Caramelos de Fruta,COPAÍNS COPINES,Emb. 0.25 KG,"1,29€","5,16€ / KG",
Ferradura de Chocolate,,1 Unid. = 0.14 KG,"0,99€","7,07€ / KG",
Cuecas Incontinência Discreet Pants Plus,AUSONIA,Emb. 8 UNID.,"9,98€","1,25€ / UNID.",
Arroz Branco Longo Biológico,,Emb. 0.5 KG,"1,38€","2,76€ / KG",
QUEIJO FETA DOP BIO,,Emb. 0.18 KG,"3,29€","18,28€ / KG",
GALETES BRETONNES C/PEPITAS DE CHOCOLATE,P'TIT DÉLI,Emb. 0.13 KG,"1,19€","9,15€ / KG",
Cabo Universal,,Emb. 1 UNID.,"1,59€","1,59€ / UNID.",
Queijo Mistura Vaca e Ovelha Pequeno,PAIVA,Emb. 0.5 KG (aprox.),"7,48€","14,96€ / KG",
Luvas para Uso Doméstico Tamanho M,RENOVA LUVAS,Emb. 1 UNID.,"1,38€","1,38€ / UNID.",
BOLACHAS RECHEADAS C/ AVELA TIPO KANGO X12,P'TIT DÉLI,Emb. 0.225 KG,"1,59€","7,07€ / KG",
Alimento Completo Cereais P/ Porquinhos-da-Índia,TOUS MES AMIS,Emb. 0.8 kg,"1,99€","2,49€ / kg",
Ambientador P/ Máquina de Lavar Louça Odor Stop,FINISH,Emb. 1 UNID.,"3,24€","3,24€ / UNID.",
Pensos Incontinência Lindor Lady Pad Extra 14 Un,LINDOR,,"3,98€",/ Unid.,
ENVELOPE SILICONE 110X220MM,ESQUISSE,Emb. 100 UNID.,"2,99€","0,03€ / UNID.",
Tampões com Aplicador Pearl Compak Regular,TAMPAX,Emb. 36 UNID.,"7,98€","0,22€ / UNID.",
TERRA UNIVERSAL BIO 20L,BEAUX JOURS,Emb. 20 LT,"2,49€","0,12€ / LT",
Conserva de Azeitona Verde Descaroçada,RUSTICA,Emb. 0.48 KG,"1,49€","3,10€ / KG",
Amêijoa com Casca Vietname Congelada,,1 Unid. = 0.25 KG (aprox.),"2,29€/kg","0,57€ / Unid.",
TORRADEIRA 1 FENDA LONGA 900W,ELSAY,Emb. 1 UNID.,"24,90€","24,90€ / UNID.",
Arroz Basmati,CAÇAROLA,Emb. 0.5 KG,"1,48€","2,96€ / KG",
Queijo Brie,,1 Unid. = 0.2 KG (aprox.),"8,99€/kg","1,80€ / Unid.",
BACALHAU COM NATAS 350G,CÔTÉ TABLE,Emb. 0.35 KG,"1,99€","5,69€ / KG",
Picanha de Novilho,,1 Unid. = 2 KG (aprox.),"12,99€/kg","25,98€ / Unid.",
Queijo de Vaca Meio Gordo Fonte Mourisca,LACTO SERRA,1 Unid. = 0.25 KG (aprox.),"10,99€/kg","2,75€ / Unid.",
Tablete Chocolate Culinária,PANTAGRUEL,Emb. 0.2 KG,"1,78€","8,90€ / KG",
Infusão Chá Preto Pêssego,FRESH TEA,Emb. 1 LT,"1,39€","1,39€ / LT",
Bebida Energética,X-TENSE,Garrafa 1 LT,"1,69€","1,69€ / LT",
LIQUIDO ABRILHANTADOR,VISIOR,Emb. 0.75 LT,"1,19€","1,59€ / LT",
Crepes de Queijo e Fiambre,CÔTÉ TABLE,Emb. 6 UNID.,"1,69€","0,28€ / UNID.",
AFTER SHAVE ORIGINAL,BRUT,Emb. 1 LT,"12,89€","12,89€ / LT",
Bolachas Sticks com Cobertura Chocolate Branco 30Unid.,P'TIT DÉLI,Emb. 0.15 KG,"1,09€","7,27€ / KG",
Blocos Sanitários Power Ocean,DOMESTOS,Emb. 0.275 KG,"5,39€","19,60€ / KG",
Bolachas de Arroz Cobertura de Chocolate Biológicas,,Emb. 0.09 KG,"1,35€","15,00€ / KG",
Mexilhão Médio,,1 KG (aprox.),"2,28€/kg","2,28€ / Unid.",
MARCADOR PRETO P/QUADRO BRANCO 2UN,ESQUISSE,Emb. 2 UNID.,"1,29€","0,65€ / UNID.",
Pacotinho de Cereais e Bolacha Maria,NESTUM,Emb. 0.08 KG,"0,98€","12,25€ / KG",
Infusão Chá Verde Sabor Menta,FRESH TEA,Emb. 1 LT,"1,39€","1,39€ / LT",
Doce Framboesa sem Açúcar,ST. DALFOUR,Frasco 0.284 KG,"4,38€","15,42€ / KG",
Conserva Atum Albacore Natural 3x133g,PÊCHE OCÉAN,Emb. 0.399 KG,"3,99€","10,00€ / KG",
Antibacteriano Verde,CIF,Emb. 0.75 LT,"2,49€","3,32€ / LT",
PANO SUAVE ULTRA FRESH 2UN,VILEDA,Emb. 2 UNID.,"2,64€","1,32€ / UNID.",
Cogumelo Pleurotus,,1 Unid. = 0.2 KG  (aprox.),"2,49€/kg","2,49€ / Unid.",
ACUCAR AMARELO,TÉVA,1 0,"1,09€",inf€ /,
Espinafre Baby,,Emb. 0.17 KG,"0,99€","5,82€ / KG",
Margarina Meio Gorda para Culinária,,Emb. 0.5 KG,"1,55€","3,10€ / KG",
Pensos Higiénicos Ultrafinos Noite,AUSONIA,Emb. 9 UNID.,"1,69€","0,19€ / UNID.",
Refrigerante C/ Gás Ananás S/ Adição Açúcares,FANTA,Garrafa 1.5 LT,"1,00€","0,67€ / LT",
Cillit Bang Calcário & Brilho 500ML x12,CILLIT BANG,Emb. 0.5 LT,"2,24€","4,48€ / LT",
Bacalhau Posta,,Emb. 0.75 KG,"9,99€","13,32€ / KG",
GEL DUCHE ENERGIZANTE 250ML 250ML CARRE HOMME,CARRÉ HOMME,,"0,97€",/ Unid.,
Chourição,NOBRE,1 Unid. = 0.15 KG (aprox.),"8,23€/kg","2,10€ / Unid.",
Caldo de Carne sem Sal Pack 8,KNORR,Emb. 0.072 KG,"1,49€","20,69€ / KG",
Bebida Energética Ripper,MONSTER,Emb. 0.05 LT,"1,20€","24,00€ / LT",
FRANCESINHA,CÔTÉ TABLE,Emb. 0.45 KG,"5,49€","12,20€ / KG",
Pizza 4 Estações,BUITONI,Emb. 0.355 KG,"2,99€","8,42€ / KG",
Cereais de Aveia Integral C/ Chocolate,FITNESS,Emb. 0.375 KG,"2,99€","7,97€ / KG",
Champô para Cabelos Normais a Oleosos,TRESEMMÉ,Emb. 0.5 LT,"4,19€","8,38€ / LT",
CANELONES DE CARNE VACA C/ MOLHO DE TOMATE À NAPOLITANA,CÔTÉ TABLE,Emb. 0.8 KG,"3,69€","4,61€ / KG",
ENVELOPE SILICONE 114X162MM 100UN,ECO+,Emb. 100 UNID.,"2,29€","0,02€ / UNID.",
SACO PLASTICO P/ TABULEIRO P/GATO GM 8UN,P'TIT AMI,Emb. 8 UNID.,"1,79€","0,22€ / UNID.",
Snack P/ Cão Pequeno,FRISKIES,Emb. 0.35 KG,"3,38€","9,66€ / KG",
STICKS RICOS FRANGO P / CAO 5UN 42G LYDOG,TOUS MES AMIS,Emb. 0.042 KG,"0,79€","18,81€ / KG",
Conjunto de 8 Chaves Combinadas,ECO+,Emb. 8 UNID.,"5,99€","0,75€ / UNID.",
Hamburguer Big Burger Iglo Vaca C/ Queijo S/Gluten 200 G,,Emb. 0.2,"3,98€","19,90€ /",
Tostas com Germen de Trigo Biológicas,,Emb. 0.3 KG,"2,05€","6,83€ / KG",
AFIA C/DEPOSITO,ESQUISSE,Emb. 1 UNID.,"1,29€","1,29€ / UNID.",
Cápsulas Café Expresso Intenso Intensidade 7,DOLCE GUSTO,Emb. 16 CAPS.,"5,98€","0,37€ / CAPS.",
Margarina 1/2 Sal rica em Ómega 3,NAT&VIE,Emb. 0.5 KG,"1,99€","3,98€ / KG",
BACALHAU ESPIRITUAL 350G,CÔTÉ TABLE,Emb. 0.35 KG,"3,09€","8,83€ / KG",
Heinz Ketchup Squeezable,HEINZ,Emb. 0.342 KG,"2,98€","8,71€ / KG",
Refrigerante C/ Gás Zero Açúcar,COCA COLA ZERO,Emb. 1 LT,"1,59€","1,59€ / LT",
GELADO BAUNILHA,ESKISS,Emb. 1 LT,"1,99€","1,99€ / LT",
BARQUETTES DE CHOCOLATE/AVELA,P'TIT DÉLI,Emb. 0.24 KG,"1,89€","7,88€ / KG",
Gelatina Light de Mirtilo,ROYAL,Emb. 0.031 KG,"2,08€","67,10€ / KG",
Sardinhas em Azeite Biológico,BOM PETISCO,Emb. 0.12 KG,"1,39€","11,58€ / KG",
Strogonoff de Peru,,1 Unid. = 0.45 KG (aprox.),"7,49€/kg","3,37€ / Unid.",
Amaciador concentrado flores silvestres,QUANTO,Emb. 76 DOSES,"4,89€","0,06€ / DOSES",
COGUMELOS INTEIROS,NOTRE JARDIN,Emb. 0.185 KG,"0,75€","4,05€ / KG",
"SPRAY AMBIENTADOR ""BAUNILHA"" 2EM1 300ML",BIEN AIR,Emb. 0.3 LT,"0,99€","3,30€ / LT",
Molho Vinagrete com Mostarda,RUSTICA,Emb. 0.5 LT,"1,26€","2,52€ / LT",
Syoss Oieo Intense 4-86 Castanho Gelado,SYOSS,,"6,24€",/ Unid.,
Vinho do Porto Rosê,PORTO CRUZ,Garrafa 0.75 L,"7,49€","9,99€ / L",
Vinho Branco de Alsacia A.O.C. Riesling 2014,REBMANN,Garrafa 0.75 LT,"4,49€","5,99€ / LT",
Vinho do Porto 10 Anos,DORRÃO,Garrafa 0.75 LT,"9,99€","13,32€ / LT",
Douradinhos Forníssimo 12 Unid.,CAPITÃO IGLO,Emb. 0.3 KG,"4,49€","14,97€ / KG",
SORTIDO BISCOITOS FINOS,EQUADOR,Emb. 0.4 KG,"3,69€","9,23€ / KG",
FITA CORRETORA 10MX5MM,ESQUISSE,Emb. 1 UNID.,"1,99€","1,99€ / UNID.",
VILEDA SINTETICO C/ABRASIVO PLAST. 10\'S,VILEDA,,"2,38€",/ Unid.,
Tablete de Chocolate Negro,NESTLÉ,Emb. 0.09 KG,"1,09€","12,11€ / KG",
Tablete Oreo,MILKA,Emb. 0.3 KG,"3,98€","13,27€ / KG",
TAPETE MICROFIBRAS WC BRANCO 50X80,SILLAGE,Emb 1 UNID.,"6,99€","6,99€ / UNID.",
Esparguete Picante,MILANEZA,Emb. 0.5 KG,"2,68€","5,36€ / KG",
Ambientador Eléctrico Nenuco + Recarga,AIRWICK,Emb. 0.019 LT,"5,39€","283,68€ / LT",
Bebida Solúvel Café e Chicória,RICORÉ,Emb. 0.26 KG,"7,78€","29,92€ / KG",
Vinho Tinto do Douro Reserva,ALTANO,Emb. 0.75 LT,"9,98€","13,31€ / LT",
COOKIES C/ PEPITAS CHOCOLATE E QUINOA BIO,,,"2,09€",/ Unid.,
LENTILHA,NOTRE JARDIN,Emb. 0.8 KG,"1,69€","2,11€ / KG",
Penne Rigate Biológico,,Emb. 0.5 KG,"1,19€","2,38€ / KG",
QUICHE LORRAINE 8UN,CÔTÉ TABLE,Emb. 0.8 KG,"5,29€","6,61€ / KG",
Ambientador Stick Perfumado Flor,AIR WICK,Emb. 0.025 LT,"7,19€","287,60€ / LT",
Algodão Maxi Bebé,MOTS D'ENFANTS,Emb. 80 UNID.,"1,95€","0,02€ / UNID.",
Conserva de Mexilhão em Escabeche,PITEU,Emb. 0.115 KG,"1,83€","15,91€ / KG",
"Açúcar Baunilhado 5x7,5 g",,Emb. 0.037 KG,"2,98€","80,54€ / KG",
Detergente Loiça Manual Concentrado Limão Verde,CIF,Emb. 1 LT,"1,99€","1,99€ / LT",
Massa Macarrão,MILANEZA,Emb. 0.5 KG,"1,19€","2,38€ / KG",
ABRILHANTADOR P/ MAQUINA LOICA ECO,UNÍ VERT,Emb. 0.75 LT,"1,99€","2,65€ / LT",
Pack 4 Escovas de Dentes Média,ORAL B,Emb. 4 UNID.,"4,98€","1,25€ / UNID.",
Anona,,1 Unid. = 0.27 KG (aprox.),"4,99€/kg","1,35€ / Unid.",
Salsichão Seco de Porco Superior,ST AZAY,Emb. 0.25 KG,"3,45€","13,80€ / KG",
Bolachas de Água e Sal,VIEIRA,Emb. 12  UNID.,"2,53€","0,21€ /  UNID.",
Marcadores de Colorir Laváveis Ponta Média,ESQUISSE,Emb. 24 UNID.,"4,39€","0,18€ / UNID.",
Chá Infusão Lúcia-Lima,TISÉA,Emb. 25 KG,"1,59€","0,06€ / KG",
Máquinas de Barbear Descartáveis Blue II Plus,GILLETTE,Emb. 6 UNID.,"3,68€","0,61€ / UNID.",
Ambientador Automático Glade Sense & Spray Difusor e Recambio Lavanda & Jazmín,BRISE,Emb. 0.018 LT,"5,39€","299,44€ / LT",
ALIMENTO PARA PERIQUITOS,ECO+,Emb. 1 KG,"1,59€","1,59€ / KG",
Chá Verde com Hortelã e Pimenta,BRITLEY,Emb. 25 SAQ.,"0,99€","0,04€ / SAQ.",
Vinho Regional Tejo Branco,QUINTA DA ALORNA,Garrafa 0.75 LT,"3,49€","4,65€ / LT",
Cuecas Perdas de Urina 8-15 Anos (27-57Kg),MOTS D'ENFANTS,Emb. 12 UNID.,"8,29€","0,69€ / UNID.",
MASSA COTOVELINHOS C/ BACON E QUEIJO 280G,CÔTÉ TABLE,Emb. 0.28 KG,"2,19€","7,82€ / KG",
Creme de Mãos Óleo de Abacate,DOVE,Emb. 0.075 LT,"2,59€","34,53€ / LT",
Preparado Leite de Creme,ROYAL,Emb. 0.092 KG,"1,08€","11,74€ / KG",
COOKIES COM RECHEIO DE CREME DE AVELAS,P'TIT DÉLI,Emb. 0.2 KG,"1,59€","7,95€ / KG",
Champô 2 Em 1 500 Ml+250 Ml Grátis,CORINE DE FARME,Emb. 0.75 LT,"4,84€","6,45€ / LT",
Sua Vinha Tetra Pak Branco,SUA VINHA,Emb. 1 LT,"1,78€","1,78€ / LT",
Gel Limão,FINISH,Emb. 1 LT,"8,99€","8,99€ / LT",
Refrigerante S/ Gás Ananás,ECO+,Garrafa 2 LT,"0,79€","0,40€ / LT",
Couve Chinesa,,1 Unid. = 0.6 KG (aprox.),"1,99€/kg","1,19€ / Unid.",
Alho Seco,,Emb. 0.5 KG,"2,39€","4,78€ / KG",
Legumes Salteados Parisiense,BONDUELLE,Emb. 0.4 KG,"2,93€","7,33€ / KG",
Café Delta Grão Lote Superior,DELTA,Emb. 1 KG,"15,48€","15,48€ / KG",
Uva Cardinal,,1 Unid. = 0.25 KG (aprox.),"3,49€/kg","0,87€ / Unid.",
Cone Chocolate,TRIUM,Emb. 6 UNID.,"2,49€","0,42€ / UNID.",
QUEIJO EMMENTAL RALADO 28% MG,ECO+,Emb. 0.2 KG,"1,59€","7,95€ / KG",
Iogurtes Cremosos Açucarados Frutas Amarelas 8x125g,DÉLISSE,Emb. 1 KG,"2,09€","2,09€ / KG",
CANUDINHOS,P'TIT DÉLI,Emb. 0.18 KG,"1,19€","6,61€ / KG",
Vinho Branco,M.J.FREITAS,Bag in Box 5 LT,"7,99€","1,60€ / LT",
Desodorizante Roll On,DOVE,Emb. 0.05 LT,"2,39€","47,80€ / LT",
Pantene Espuma Caracóis 200ml,PANTENE PV,Emb. 0.2 LT,"3,74€","18,70€ / LT",
Sardinha Tomate Picante,BOM PETISCO,Emb. 0.12 KG,"0,99€","8,25€ / KG",
Spray Limpeza Ecrãs + Pano,LINKSTER,Emb. 0.03 LT,"3,90€","130,00€ / LT",
Tira-Nódoas para Roupa de Cor,SKIP,Emb. 1 KG,"7,49€","7,49€ / KG",
Ossos Prensados 21 Cm,TOUS MES AMIS,Emb. 1 UNID.,"2,59€","2,59€ / UNID.",
Bolachas Maria sem Glúten,GULLÓN,Emb. 0.4 KG,"3,78€","9,45€ / KG",
CHUVEIRO CROMADO 3 JATOS+TUBO FLEXIVEL 1.75M,FOXTER,Emb. 1 UNID.,"12,99€","12,99€ / UNID.",
Seleção de Frutos Secos,MARQUE REPERE,Emb. 0.25 KG,"5,79€","23,16€ / KG",
Sobremesa Gelado Salted Caramel,CARTE D'OR,Emb. 0.9 LT,"3,29€","3,66€ / LT",
Espargos Verdes,,1 Unid. = 0.32 KG (aprox.),"6,99€/kg","2,24€ / Unid.",
Queijo de Cabra Curado,SALOIO,Emb. 0.2 KG,"3,98€","19,90€ / KG",
Preservativos Nature Easy Way,CONTROL,Emb. 10 UNID.,"6,99€","0,70€ / UNID.",
Pudim Caramelo,BOCA DOCE,Emb. 0.022 KG,"0,58€","26,36€ / KG",
MINI BOLACHAS CRACKERS COM SAL,TOKAPI,Emb. 0.075 KG,"0,85€","11,33€ / KG",
Alimento Húmido P/ Gato Vaca Borrego Salmão Legumes,LYCAT,Emb. 3 UNID.,"2,69€","0,90€ / UNID.",
Bolachas Amanteigadas com Tablete de Chocolate Preto,P'TIT DÉLI,Emb. 0.15 KG,"1,19€","7,93€ / KG",
SACOS LIXO FECHO FACIL 30L,ELEMBAL,Emb. 20 UNID.,"1,19€","0,06€ / UNID.",
CHOCOLATE LEITE C/ PEDACOS CARAMELO 3X100G,TABLETTE D'OR,,"2,89€",/ Unid.,
Conjunto de 8 Chaves de Boca,ECO+,Emb. 8 UNID.,"4,59€","0,57€ / UNID.",
Bolachas Plain Frutos Silvestres,BELVITA,Emb. 0.3 KG,"2,48€","8,27€ / KG",
ALIMENT BEBE: PURE DE MACA BANANA BIO +4M 4x100G MOTS D\'ENFANTS,BIO VILLAGE BEBE,Emb. 0.4 KG,"2,09€","5,23€ / KG",
Vitelão para Assar,,1 Unid. = 0.87 KG (aprox.),"9,99€/kg","8,69€ / Unid.",
AZEITONAS INTEIRAS PRETAS A GREGA,RUSTICA,Emb. 0.25 KG,"1,19€","4,76€ / KG",
BARRA DE BOLACHA C/ COB CHOCOLATE E RECH DE LEITE,P'TIT DÉLI,Emb. 0.13 KG,"1,59€","12,23€ / KG",
Toalhitas para Bebé Limpa e Hidrata,DODOT,Emb. 384 UNID.,"8,68€","0,02€ / UNID.",
ESTENDAL VERTICAL 34M,HOMESIDE,Emb. 1 UNID.,"25,00€","25,00€ / UNID.",
Coloração Permanente Intense 8-05 Louro Gelado,SYOSS,,"6,24€",/ Unid.,
Madalenas longas,P'TIT DÉLI,Emb. 0.25 KG,"1,99€","7,96€ / KG",
Salva Camas 60x90CM,LINDOR,Emb. 15 UNID.,"10,73€","0,72€ / UNID.",
Nuggets Frango Panado,PESCANOVA,Emb. 1 KG,"11,99€","11,99€ / KG",
Iogurte Infantil Morango 6x50g,DANONINHO,Emb. 0.3 KG,"1,89€","6,30€ / KG",
Tablete de Chocolate Caramelo,MILKA,Emb. 0.1 KG,"1,68€","16,80€ / KG",
Galetes Arroz Biológicas,,Emb. 0.13 KG,"1,29€","9,92€ / KG",
Mini Queijos 12 Unid.,BABYBEL,Emb. 0.24 KG,"3,64€","15,17€ / KG",
"CAFE MOIDO ""CREPUSCULE NOIR"" ARABICA",PLANTATION,Emb. 0.25 KG,"2,49€","9,96€ / KG",
Caldo de Legumes sem Sal Pack 8,KNORR,Emb. 0.072 KG,"1,49€","20,69€ / KG",
MINI VASSOURA COCO,SILLAGE,Emb. 1 UNID.,"1,59€","1,59€ / UNID.",
Solha Congelada,,1 Unid. = 1 KG (aprox.),"5,99€/kg","5,99€ / Unid.",
Conserva Choucroute Garnie,CÔTÉ TABLE,Emb. 0.8 KG,"2,07€","2,59€ / KG",
Fatias Finas Peito de Peru,NOBRE,Emb. 0.11 KG,"2,14€","19,45€ / KG",
IOGURTE BAUNILHA BIO,,Emb. 0.5 KG,"1,35€","2,70€ / KG",
Cápsulas Café Espresso Intenso Intensidade 13,DOLCE GUSTO,Emb. 48 CAPS.,"14,88€","0,31€ / CAPS.",
Piri Piri com Azeite,GALLO,Emb. 0.05 LT,"1,86€","37,20€ / LT",
Refrigerante S/ Gás Maçã,ECO+,Garrafa 2 LT,"0,79€","0,40€ / LT",
COLORACAO LOURO ESCURO 6.0,VITANOVE,Emb. 1 UNID.,"3,89€","3,89€ / UNID.",
BRESAOLA,ST AZAY,Emb. 0.07 KG,"2,99€","42,71€ / KG",
Espumante Reserva Meio Seco,FITA AZUL,Garrafa 0.75 LT,"5,68€","7,57€ / LT",
MANGA PEDACOS 650G,DOUCEUR DU VERGER,Emb. 0.65 KG,"3,49€","5,37€ / KG",
FILETES DE CAVALA COM TOMATE E MANJERICAO,PÊCHE OCÉAN,Emb. 0.16 KG,"1,43€","8,94€ / KG",
"CARREGADOR USB 2,4A + CABO USB/MICRO USB 1,2M PRETO",LINKSTER,Emb. 1 UNID.,"9,90€","9,90€ / UNID.",
AMACIADOR ROUPA ROSAS,HYPERDOU,Emb. 4 LT,"2,49€","0,62€ / LT",
Toalhitas Desinfetantes,CIF,Emb. 36 UNID.,"2,24€","0,06€ / UNID.",
Spray Limpeza Seco,LINKSTER,Emb. 0.2 LT,"3,90€","19,50€ / LT",
Desodorizante Roll-On Original,DOVE,Emb. 0.05 LT,"2,69€","53,80€ / LT",
Cereais de Chocolate,CHOCAPIC,Emb. 0.375 KG,"2,09€","5,57€ / KG",
Bolachas Integral Cacau,DIESE,Emb. 0.2 KG,"2,38€","11,90€ / KG",
Vinho do Porto Velhotes Ruby,CALEM,Garrafa 0.75 LT,"4,99€","6,65€ / LT",
Vinho Regional Alentejano Branco,QUINTA DO CARMO,Garrafa 0.75 LT,"9,98€","13,31€ / LT",
TIRAS PARA HAMSTER SABOR LEGUMES,P'TIT AMI,,"1,85€",/ Unid.,
Amaciador Roupa Concentrado Ouro,QUANTO,Emb. 84 DOSES,"4,89€","0,06€ / DOSES",
GELADO BAUNILHA / SPECULOS,ESKISS,Emb. 1 LT,"2,65€","2,65€ / LT",
Dentífrico e Elixir Expert Branqueador,DENTAMYL,Emb. 0.075 LT,"0,95€","12,67€ / LT",
MAQ.BARBEAR 3 LAMINAS + 2 RECARGAS,CARRÉ HOMME,Emb. 1 UNID.,"3,19€","3,19€ / UNID.",
TOSTAS SUECAS INTEGRAIS S/ ADICAO ACUCAR,EPI D'OR,,"1,09€",/ Unid.,
Galette des Rois,,1 Unid. = 0.84 KG,"6,99€","8,32€ / KG",
Sabonete Líquido Nutritivo Recarga,PALMOLIVE,Emb. 0.3 LT,"2,98€","9,93€ / LT",
"CACAROLA 20, C/ASAS ALU.FUND. E PEANHA ALU.",ECO+,Emb. 1 UNID.,"6,99€","6,99€ / UNID.",
Óleo Barba King C,GILLETTE,Emb. 0.03 LT,"7,49€","249,67€ / LT",
PANO MICROFIBRAS SUAVE 2+1,VILEDA,,"1,98€",/ Unid.,
Aveia Instantânea Em Pó Bolacha,PROZIS,Emb. 1.25 KG,"719,00€","575,20€ / KG",
Bolachas Cobertas com Tablete de Chocolate Preto Biológicas,,Emb. 0.15 KG,"2,09€","13,93€ / KG",
Massa Macarronete GR,MILANEZA,Emb. 0.5 KG,"1,74€","3,48€ / KG",
Salsicha Fresca de Porco Embalada,,Emb. 0.6 KG (aprox.),"5,48€/kg","3,29€ / Unid.",
Massa Tomate e Mozzarella,KNORR,Emb. 0.072 KG,"2,13€","29,58€ / KG",
Bolachas Palitos com Cobertura de Chocolate Biológicas,,Emb. 0.125 KG,"2,09€","16,72€ / KG",
Fiambre Peito de peru,,1 Unid. = 0.12 KG (aprox.),"12,79€/kg","1,53€ / Unid.",
Atum em Óleo Vegetal,BOM PETISCO,Emb. 0.385 KG,"3,79€","9,84€ / KG",
Línguas de Veado,,Emb. 0.25 KG,"1,59€","6,36€ / KG",
LAVA TUDO PINHO,CLAIR,Emb. 1.5 LT,"1,89€","1,26€ / LT",
RECARGA P/ SABONETE LIQUIDO AMENDOA/MEL 750ML,ECO+,Emb. 0.75,"1,10€","1,47€ /",
Bloco Sanitário Poder Activo Pinho,SONASOL,Emb. 0.05 KG,"1,94€","38,80€ / KG",
Café Pastilhas,PLANTATION,Emb. 36 UNID.,"3,59€","0,10€ / UNID.",
Lava Tudo Novo Brilho Ph Neutro,SONASOL,Emb. 1.3 LT,"2,09€","1,61€ / LT",
Whisky Grant's,GRANT'S,Garrafa 0.7 LT,"14,78€","21,11€ / LT",
Tempero Líquido Maggi,NESTLÉ,Emb. 0.125 KG,"2,09€","16,72€ / KG",
Coloração Longa Duração Belle Color 3 Castanho Escuro,GARNIER,Emb. 1 UNID.,"5,98€","5,98€ / UNID.",
Rebuçados Limão e Cidreira,MENTOLIN,Emb. 0.1 KG,"1,39€","13,90€ / KG",
Abrilhantador Brilho e Proteção,FINISH,Emb. 0.4 LT,"4,84€","12,10€ / LT",
Coloração Nº 5-86 Castanho Caramelo,SYOSS,,"6,24€",/ Unid.,
ESCOVA DENTES MEDIA CABECA RECARREGAVEL,DENTAMYL,,"1,25€",/ Unid.,
Bolachas Digestive Avenacol,CUÉTARA,Emb. 0.3 KG,"2,98€","9,93€ / KG",
Cereais Special K Classic,KELLOGG'S,Emb. 0.375 KG,"2,37€","6,32€ / KG",
Lip Therapy Aloe Vera,VASELINE,Emb. 0.017 KG,"2,98€","175,29€ / KG",
Bolonhesa,NOBRE,Emb. 0.5 KG,"2,74€","5,48€ / KG",
Ketchup,ECO+,Emb. 0.58 KG,"1,69€","2,91€ / KG",
Arroz Risotto,CAÇAROLA,Emb. 0.5 KG,"1,50€","3,00€ / KG",
RECARGA ESFREGONA MICROFIBRAS TIRAS,,Emb. 1 UNID.,"2,29€","2,29€ / UNID.",
Água com Gás 6x33cl,CARVALHELHOS,Emb. 1.98 LT,"2,65€","1,34€ / LT",
Leite C/ Chocolate Light 4 Unid.,MIMOSA,Emb. 0.8 LT,"2,18€","2,73€ / LT",
Forma Aniversário,ECO+,Emb. 1 UNID.,"3,79€","3,79€ / UNID.",
Vinho Branco,COMP DO VINHO,Emb. 1 LT,"0,85€","0,85€ / LT",
Alho Granulado,RUSTICA,Emb. 0.05 KG,"0,65€","13,00€ / KG",
FEIJAO CATARINO SACO,NOTRE JARDIN,Emb. 1 KG,"1,79€","1,79€ / KG",
Madalenas em Concha com Ovos Frescos,,Emb. 0.5 KG,"1,89€","3,78€ / KG",
ALIMENTO PARA ROLAS,ECO+,Emb. 1 UNID.,"1,59€","1,59€ / UNID.",
RODO LIMPA VIDROS C/ LADO ANTI-MOSQUITOS,TECH9,Emb. 1 UNID.,"2,99€","2,99€ / UNID.",
Bolachas Maria Júnior,MARIA,Emb. 0.276 KG,"3,23€","11,70€ / KG",
Queijo Fundido 12 Unid.,LES CROISÉS,Emb. 0.24 KG,"1,99€","8,29€ / KG",
Fraldas Incontinência Máxima G,LINDOR,Emb. 46 UNID.,"28,73€","0,62€ / UNID.",
CAFE SOLUVEL LIOFILISADO x 25 sticks,PLANTATION,Emb. 0.05 KG,"1,69€","33,80€ / KG",
TESOURA 21CM,ESQUISSE,Emb. 1 UNID.,"3,29€","3,29€ / UNID.",
GUYLIAN FRUTOS DO MAR CARTÃO 125g,,,"3,74€",/ Unid.,
4 LAPIS GRAFITE HB C/BORRACHA,ESQUISSE,Emb. 4 UNID.,"1,09€","0,27€ / UNID.",
PIZZA ATUM,TURINI,Emb. 0.355 KG,"1,89€","5,32€ / KG",
Tablete Chocolate Branco,TABLETTE D'OR,Emb. 0.2 KG,"1,59€","7,95€ / KG",
Bolachas Digestivas de Laranja,THINS,Emb. 0.174 KG,"2,48€","14,25€ / KG",
Lombos Tamboril Congelado,,1 Unid. = 0.2 KG (aprox.),"4,99€/kg","1,00€ / Unid.",
"OIKOS MORANGO 110G X4,,440G",OIKOS,Emb. 0.44 KG,"2,39€","5,43€ / KG",
ALIMENTO HUMIDO BACALHAU/SALMAO/CENOURA P/ CAO 1240G,LYDOG,Emb. 1.24 KG,"2,05€","1,65€ / KG",
CREME MAOS ANTI MANCHAS,INELL,Emb. 0.08 LT,"2,99€","37,38€ / LT",
Refrigerante C/ Gás Laranja,SPRINK'S,Garrafa 1.5 LT,"0,74€","0,49€ / LT",
Preparado em Pó P/ Gelatina Tutti Fruti,ROYAL,Emb. 0.114 KG,"1,98€","17,37€ / KG",
Aguardente Bagaceira,SÃO DOMINGOS,Garrafa 1 LT,"15,68€","15,68€ / LT",
Filetes de Atum em Azeite,PÊCHE OCÉAN,Emb. 0.19 KG,"3,59€","18,89€ / KG",
CADERNO CAPA PRETA A4 LISO 60P,ESQUISSE,Emb. 1 UNID.,"0,99€","0,99€ / UNID.",
Camarão Cozido Cal. 40/60,,1 Unid. = 0.19 KG (aprox.),"12,99€/kg","2,47€ / Unid.",
Chá de Detox Hibisco Folha de Freixo Ulmeira,LIPTON,Emb. 20 SAQ.,"1,94€","0,10€ / SAQ.",
CUIDADO DO ROSTO E BARBA CURTA 50ML,CARRÉ HOMME,Emb. 0.05 LT,"2,99€","59,80€ / LT",
Queijo Curado Apimentado Alavão,SALOIO,1 Unid. = 1.492 KG (aprox.),"10,75€/kg","16,04€ / Unid.",
Café Solúvel,SICAL,Emb. 0.2 KG,"6,78€","33,90€ / KG",
Recarga para Difusor Elétrico 3 Volution Ar Fresco,AMBIPUR,Emb. 1 UNID.,"6,98€","6,98€ / UNID.",
COMEDOURO DUPLO PEQUENO,ECO+,Emb. 1 UNID.,"0,99€","0,99€ / UNID.",
Alimento Seco Cão Croquetes Carne e Cereais,ECO+,Emb. 10 KG,"11,99€","1,20€ / KG",
PENSOS INCONTINENCIA LIGEIRA - HOMEM,CHORYS,Emb. 20 UNID.,"3,25€","0,16€ / UNID.",
ENVELOPE SILICONE 110X220MM,ESQUISSE,Emb. 50 UNID.,"2,29€","0,05€ / UNID.",
BLOCO SANITARIO ACTIV EFFECT PINHO 2UN,SYPHON,2 0,"1,69€",inf€ /,
Galão São Lourenço,UCAL,Emb. 1 LT,"1,83€","1,83€ / LT",
Gel Duche Leite de Coco,MANAVA,Emb. 0.25 LT,"1,39€","5,56€ / LT",
Pão Rio Maior,,1 Unid. = 0.45 KG,"1,99€","4,42€ / KG",
Lava Tudo Vinagre,CIF,Emb. 1.4 LT,"1,99€","1,42€ / LT",
Bife do Lombo de Porco,,1 Unid. = 0.4 KG (aprox.),"5,99€/kg","2,40€ / Unid.",
Gel de Banho Excite,AXE,Emb. 0.4 LT,"3,29€","8,23€ / LT",
Champo Karpex Manual,VANISH,Emb. 0.95 LT,"5,19€","5,46€ / LT",
PEDACINHOS ATUM COM TOMATE 3X80G,PÊCHE OCÉAN,Emb. 0.24 KG,"1,49€","6,21€ / KG",
Destop Gel Express Odor Stop 1Litro x15,DESTOP,Emb. 1 LT,"5,99€","5,99€ / LT",
Vinho Regional Alentejo Tinto,LOIOS,Garrafa 0.75 LT,"3,98€","5,31€ / LT",
BATATA FRITA ONDULADA,ECO+,Emb. 0.2 KG,"1,09€","5,45€ / KG",
Óleo Brilho Keratina,TRESEMMÉ,Emb. 0.05 LT,"5,99€","119,80€ / LT",
Tamboril Cal. 1/4,,1 Unid. = 2.5 KG (aprox.),"11,99€/kg","29,98€ / Unid.",
Creme Culinário de Soja,SHOYCE,Emb. 0.2 LT,"1,48€","7,40€ / LT",
Bolacha Diet Nature Recheio Chocolate,GULLÓN,Emb. 0.25 KG,"2,33€","9,32€ / KG",
Desentupidor Express Gel,DESTOP,Emb. 1 LT,"5,99€","5,99€ / LT",
ALIMENT BEBE: LEGUMES MASSA E SALMAO BIO 18M,BIO VILLAGE BEBE,Emb. 0.26 KG,"1,99€","7,65€ / KG",
Bolachas com Aveia,TRIUNFO,Emb. 0.19 KG,"1,48€","7,79€ / KG",
Alimento Seco para Gato Multicroquetes Peixe,ECO+,Emb. 2 KG,"2,99€","1,50€ / KG",
GEL LIMPEZA PURIFICANTE P/ ROSTO,INELL,Emb. 0.15 LT,"1,49€","9,93€ / LT",
Conjunto de 6 Chaves Philips,FOXTER,Emb. 6 UNID.,"10,99€","1,83€ / UNID.",
PENSOS HIGIENICOS U.FINOS NOITE C/ABAS 10UN X2,DOULYS,Emb. 20 UNID.,"2,09€","0,10€ / UNID.",
BOLA VOLEI PLASTICO,WOODSUN,Emb. 1 UNID.,"3,49€","3,49€ / UNID.",
MINI GELADOS BAUNILHA COBERTOS C/SORVETE F.VERMELHOS/F.EXOTICOS,TRIUM,Emb. 8 UNID.,"1,99€","0,25€ / UNID.",
Champô Ultimate Repair,GLISS,Emb. 0.25 Lt,"2,24€","8,96€ / Lt",
EMPADAO CARNE,ECO+,Emb. 1 KG,"3,49€","3,49€ / KG",
Gel de Banho Rosas e Jasmim,VASELINE,Emb. 0.7 LT,"2,99€","4,27€ / LT",
"GELADO ""TYROLIA"" CAPPUCCINO",ESKISS,Emb. 0.65 LT,"1,79€","2,75€ / LT",
Massa Bolonhesa,KNORR,Emb. 0.068 KG,"1,88€","27,65€ / KG",
Alimento Húmido Gatos Menu Completo Gelatina 4x100g,LYCAT,Emb. 4 UNID.,"1,59€","0,40€ / UNID.",
Batatas fritas natas & cebola,PRINGLES,Emb. 0.175 KG,"1,99€","11,37€ / KG",
Doce de Alperce Baixo Teor de Açúcar,DOUCEUR DU VERGER,Frasco 0.34 KG,"1,39€","4,09€ / KG",
Parte Traseira de Borrego,,1 Unid. = 3 KG (aprox.),"9,99€/kg","29,97€ / Unid.",
IOGURTE BATIDO MORANGO,DÉLISSE,Emb. 0.5 KG,"1,19€","2,38€ / KG",
WAFFERS SABOR BAUNILHA,ECO+,Emb. 0.19 KG,"0,79€","4,16€ / KG",
Alimento Húmido P/ Gato de Frango,LYCAT,Emb. 0.08 KG,"0,75€","9,38€ / KG",
Cotonetes p/ Bebé,JOHNSON'S BABY,Emb. 0.1 UNID.,"1,98€","19,80€ / UNID.",
"GEL ÍNTIMO SUAVE, 250ML",CORINE DE FARME,Emb. 0.25 LT,"2,49€","9,96€ / LT",
Dióspiro Clássico,,1 Unid. = 0.2 KG (aprox.),"2,29€/kg","0,46€ / Unid.",
Barras de Cereais Special Chocolate,KELLOGG'S,Emb. 0.132 KG,"3,78€","28,64€ / KG",
Arroz Carolino,CIGALA,Emb. 1 KG,"1,14€","1,14€ / KG",
Chá de Ceilão,BRITLEY,Emb. 25 SAQ.,"0,89€","0,04€ / SAQ.",
Pá do Lixo com Cabo Metálico,,Emb. 1 UNID.,"1,59€","1,59€ / UNID.",
Alimento Seco P/ Cão Adulto Frango C/ Arroz,PURINA,Emb. 14 KG,"63,28€","4,52€ / KG",
ICED TEA LIMAO 6X20CL,FRESH TEA,,"1,05€",/ Unid.,
Vinho Regional Douro Tinto,PORCA DE MURÇA,Garrafa 0.75 LT,"4,78€","6,37€ / LT",
Sementes de Quinoa Biológicas,,Emb. 0.5 KG,"3,99€","7,98€ / KG",
Lombo Salmão Atlântico Bio,,Emb. 0.2 KG,"7,99€","39,95€ / KG",
Sticks Perfumados de Hortelã Marroquina e Toranja Rosa,Air Wick Botanica,Emb. 0.08 LT,"10,19€","127,38€ / LT",
Bochecha de Porco,,1 Unid. = 0.45 KG (aprox.),"8,99€/kg","4,05€ / Unid.",
Bolachas Digestivas de Maçã,THINS,Emb. 0.174 KG,"2,48€","14,25€ / KG",
Amêijoa Vietname Castanha Congelada,,1 Unid. = 0.38 KG (aprox.),"3,29€/kg","1,25€ / Unid.",
Vinho Regional Douro Tons Tinto,DUORUM,Garrafa 0.75 LT,"5,48€","7,31€ / LT",
Desodorizante Roll-On Baunilha,MANAVA,Emb. 0.05 LT,"0,75€","15,00€ / LT",
Esfregão Salva Unhas Classic,SCOTCH BRITE,Emb. 2 UNID.,"0,99€","0,50€ / UNID.",
Pastéis de Feijão,,Emb. 0.3 KG,"1,89€","6,30€ / KG",
Aclarador de Cabelo Gradual Casting Sunkiss Jelly Castanho Claro 1,L'ORÉAL PARIS,Emb. 1 UNID.,"11,98€","11,98€ / UNID.",
ALIMENTO PARA ROLAS,ECO+,Emb. 3 KG,"3,99€","1,33€ / KG",
Iogurte Líquido Morango 6 Unid.,ACTIMEL,Emb. 0.6 KG,"2,59€","4,32€ / KG",
CHAMPO AUTO 1 L 1L TECH9,TECH9,Emb. 1 LT,"1,69€","1,69€ / LT",
Lava Tudo Sabão Natural,CLAIR,Emb. 2 LT,"0,89€","0,45€ / LT",
TARTELETES FRAMBOESA,P'TIT DÉLI,Emb. 0.15 KG,"1,09€","7,27€ / KG",
Café Lote Clássico Moagem Grossa,SICAL,Emb. 0.25 KG,"2,39€","9,56€ / KG",
Molho de Tomate com Legumes e Manjericão,,Emb. 0.35 KG,"1,89€","5,40€ / KG",
Ossos Prensados 14Cm,TOUS MES AMIS,Emb. 2 UNID.,"2,19€","1,10€ / UNID.",
Refrigerante C/ Gás Maracujá S/ Adição de Açúcar,FANTA,Emb. 1.5 LT,"1,00€","0,67€ / LT",
TOALHITAS DESMAQ.PELE NORMAL,INELL,Emb. 25 UNID.,"0,75€","0,03€ / UNID.",
Polpa de Tomate,TURINI,Emb. 0.21 KG,"0,35€","1,67€ / KG",
CORTINA DUCHE 180X200 AZUL,SILLAGE,Emb. 1 UNID.,"5,99€","5,99€ / UNID.",
Espumante de Limão,BAR ROYAL,Garrafa 0.75 LT,"3,98€","5,31€ / LT",
Whisky,LABEL 5,Garrafa 1 LT,"13,49€","13,49€ / LT",
FIAMBRE PERNA EXTRA C/OURATO -25% SAL,TRADILÈGE,,"2,59€",/ Unid.,
Papel Higiénico Branco,MARQUE REPERE,Emb. 12 UNID.,"5,29€","0,44€ / UNID.",
Sumo Florida sem Conservantes,SUNNY DELIGHT,Garrafa 1.25 LT,"1,64€","1,31€ / LT",
Vodka Smirnoff Red,SMIRNOFF,Garrafa 0.7 LT,"14,48€","20,69€ / LT",
Cerveja com Álcool Stout Mini Preta Saca Fácil 6x20cl,SUPER BOCK,Emb. 1.2 LT,"2,99€","2,49€ / LT",
Crackers sem Sal na Superfície,GRAN PAVESI,Emb. 0.56 KG,"3,98€","7,11€ / KG",
Pistola Silicone,ECO+,Emb. 1 UNID.,"2,19€","2,19€ / UNID.",
CREME HIDRATANTE BIO 50ML BIO,BIONAÏA,Emb. 0.05 LT,"2,89€","57,80€ / LT",
Desodorizante Spray Homem Active Dry,VASELINE,Emb. 0.25 LT,"2,19€","8,76€ / LT",
Massa Quebrada com Manteiga,TABLIER BLANC,Emb. 0.23 KG,"1,39€","6,04€ / KG",
Queijo Bola Flamengo,AGROS,Emb. 1.4 KG (aprox.),"10,99€/kg","15,39€ / Unid.",
ACENDALHAS CUBOS SEM ODOR,SILEX,Emb. 40 UNID.,"1,59€","0,04€ / UNID.",
QUEIJO GOUDA FATIADO,ECO+,Emb. 0.2 KG,"1,59€","7,95€ / KG",
Alimento Húmido para Cão Carne Vaca Massa Cenoura,ECO+,,"1,99€",/ Unid.,
Alface Roxa,,1 Unid. = 0.4 KG (aprox.),"2,99€/kg","1,20€ / Unid.",
Preparado Sopa Canja Galinha,KNORR,Emb. 0.068 KG,"1,49€","21,91€ / KG",
Conserva de Salsichas Frankfurt 8 Unid.,NOBRE,Lata 0.2 KG,"1,09€","5,45€ / KG",
Pão Centeio,,1 Unid. = 0.4 KG,"1,89€","4,73€ / KG",
SECADOR CABELO 2000W,ELSAY,Emb. 1 UNID.,"14,90€","14,90€ / UNID.",
Centrifugadora,ELSAY,Emb. 1 UNID.,"79,90€","79,90€ / UNID.",
VELA NUMERO FUN 2,ARDENCE,Emb. 1 UNID.,"0,99€","0,99€ / UNID.",
PIZZA 4 QUEIJOS FORNO LENHA,TURINI,Emb. 0.42 KG,"2,59€","6,17€ / KG",
Vinho Regional Lisboa Rosé Leve,MUNDUS,Garrafa 0.75 LT,"1,69€","2,25€ / LT",
Champô Hemp + Hydration,TRESEMMÉ,Emb. 0.4 LT,"4,79€","11,98€ / LT",
Gel de Banho Laranja e Manga,VASELINE,Emb. 0.7 LT,"2,99€","4,27€ / LT",
Vinagre Balsâmico Rosé,GALLO,Emb. 0.25 LT,"1,86€","7,44€ / LT",
Pepino,,1 Unid. = 0.37 KG (aprox.),"2,29€/kg","0,85€ / Unid.",
Pacotinho de Frutas Banana Maçã S/ Glúten +4 meses,NESTLÉ BEBÉ,Emb. 0.09 KG,"1,04€","11,56€ / KG",
Vinho Regional Alentejo Tinto,MARQUÊS DE BORBA,Garrafa 0.75 LT,"5,49€","7,32€ / LT",
100% Cevada,PENSAL,Frasco 0.2 KG,"2,58€","12,90€ / KG",
Bolachas Wafer de Chocolate,P'TIT DÉLI,Emb. 0.15 KG,"1,19€","7,93€ / KG",
Limpa Máquinas de Loiça,,Emb. 0.25 LT,"3,89€","15,56€ / LT",
PRATOS QUADRADO BIODEGRADAVEIS 17CM 25UN,HOMESIDE,Emb. 25 UNID.,"2,80€","0,11€ / UNID.",
Salteado de Frango C/ Legumes,CÔTÉ TABLE,Emb. 0.9 KG,"4,29€","4,77€ / KG",
Conserva de Ervilhas da Horta,COMPAL,Emb. 0.42 KG,"0,99€","2,36€ / KG",
Bacon Fumado 2x100g,TRADILÈGE,Emb. 0.2 KG,"2,29€","11,45€ / KG",
TIRA NODOAS EM PO MULTIUSOS ECOLOGICO,UNÍ VERT,Emb. 0.5 KG,"2,99€","5,98€ / KG",
Refrigerante S/ Gás Laranja,AQUARIUS,Emb. 0.5 LT,"0,99€","1,98€ / LT",
Conserva de Salsichas Frankfurt 6 Unid.,NOBRE,Lata 0.12 KG,"0,89€","7,42€ / KG",
Presunto Aperitivo,DAMATTA,Emb. 0.3 KG,"5,81€","19,37€ / KG",
BATATAS FRITAS LISAS,POM'LISSE,Emb. 0.35 KG,"2,09€","5,97€ / KG",
GUARDANAPOS AMARELOS FOLHA SIMPLES RENOVA,GUARDANAPOS RENOVA,Emb. 70 UNID.,"0,78€","0,01€ / UNID.",
BLOCO SANITARIO ACTIV EFFECT AGUA AZUL 2UN,SYPHON,Emb. 2 UNID.,"1,29€","0,65€ / UNID.",
Lenços de bolso Renova Kids,LENÇOS RENOVA,Emb. 10 UNID.,"1,18€","0,12€ / UNID.",
BOLACHAS \'LES ANIMAUX\' COBERTURA DE CHOCO LEITE,P'TIT DÉLI,Emb. 0.225 KG,"1,99€","8,84€ / KG",
CADERNO AGRAFADO PAUTADO C. PP A5 48F,ESQUISSE,Emb. 1 UNID.,"1,49€","1,49€ / UNID.",
Cápsulas Café Fortíssimo - Intensidade 12,PLANTATION,Emb. 10 UNID.,"1,79€","0,18€ / UNID.",
Frutas 100% Maçã e Manga S/ Glúten +6 meses 4 Unid.,NATURNES,Emb. 0.4 KG,"2,19€","5,48€ / KG",
Arroz Thai perfumado,CAÇAROLA,Emb. 0.5 KG,"2,04€","4,08€ / KG",
ALIMENT BEBE: PURE MACA E BOLACHA BIO 6M,BIO VILLAGE BEBE,Emb. 0.4 KG,"2,09€","5,23€ / KG",
INFUSAO A FRIO FRUTOS VERMELHOS,TISÉA,,"1,85€",/ Unid.,
Kinder Bueno White,KINDER,Emb. 0.043 KG,"1,08€","25,12€ / KG",
MOEDAS CHOCOLATE LEITE,COPAÍNS COPINES,Emb. 0.1 KG,"1,25€","12,50€ / KG",
Donuts Chocolate 4x47 gr,DONUTS,Emb. 0.188 KG,"2,88€","15,32€ / KG",
VELA NUMERO FUN 0,ARDENCE,Emb. 1 UNID.,"0,99€","0,99€ / UNID.",
PANO MICROFIBRAS COLORS XL 4 UN,VILEDA,Emb. 4 UNID.,"5,68€","1,42€ / UNID.",
Sumo 100% Laranja Biológico,,Emb. 1 LT,"2,29€","2,29€ / LT",
Açúcar Branco 170 Saquetas,TÉVA,Emb. 1 KG,"2,85€","2,85€ / KG",
Bebida em Pó Morango,TANG,Emb. 0.03 KG,"0,82€","27,33€ / KG",
Pensos Diários Protegeslip,AUSONIA,Emb. 20 UNID.,"1,49€","0,07€ / UNID.",
Toalha Branca 25Metros,ECO+,Emb. 1 UNID.,"4,39€","4,39€ / UNID.",
FITA ADESIVA DE PINTOR 50MX,ECO+,Emb. 2 UNID.,"2,29€","1,15€ / UNID.",
DETERGENTE GEL EXPRESS - TIRA NODOAS 2EM1,EPSIL,Emb. 0.25 LT,"1,45€","5,80€ / LT",
Crepes Biológicos,,Emb. 0.2 KG,"2,55€","12,75€ / KG",
Gordura 100% Vegetal,NAT&VIE,Emb. 1 KG,"5,99€","5,99€ / KG",
VELA NUMERO - 2,ARDENCE,Emb. 1 UNID.,"0,89€","0,89€ / UNID.",
Vinho Regional Tejo Tinto,QUINTA ALORNA,Garrafa 0.75 LT,"3,49€","4,65€ / LT",
Bioten Creme para as Mãos Anti-Idade,BIOTEN,Emb. 0.1 LT,"2,13€","21,30€ / LT",
Atum ao Natural,BOM PETISCO,Emb. 0.12 KG,"1,39€","11,58€ / KG",
Pizza Hawaii,RISTORANTE,Emb. 0.355 KG,"3,69€","10,39€ / KG",
Halls Sem Açúcar Eucalipto,HALLS,Emb. 0.032 KG,"0,88€","27,50€ / KG",
Detergente Manual Loiça Concentrado Limão,FAIRY,Emb. 0.78 LT,"2,69€","3,45€ / LT",
B&J Peanut Butter Cup 465ml,,Emb. 0.465 LT,"6,78€","14,58€ / LT",
RACLETTE RECTANGULAR 10P 1200W,ELSAY,,"49,90€",/ Unid.,
Palmiers Cobertos com Chocolate de Leite,P'TIT DÉLI,Emb. 0.11 KG,"1,05€","9,55€ / KG",
Infusão Chá Pêssego Bio,,Emb. 1 LT,"1,49€","1,49€ / LT",
Pensos Higiénicos Ultra Finos C/ Abas,DOULYS,Emb. 24 UNID.,"2,05€","0,09€ / UNID.",
IOGURTE BATIDO C/ PEDACOS MORANGO E FRAMBOESA,DÉLISSE,Emb. 0.5 KG,"1,29€","2,58€ / KG",
Bife de Alcatra Novilho,,1 Unid. = 0.35 KG (aprox.),"9,99€/kg","3,50€ / Unid.",
Pão de Forma para Canapés,EPI D'OR,Emb. 0.28 KG,"1,29€","4,61€ / KG",
Champomy,CHAMPOMY,Garrafa 0.75 LT,"3,98€","5,31€ / LT",
Detergente Líquido Buquê Roxo 110 Doses,GAMA,Emb. 5.28 LT,"11,99€","2,27€ / LT",
Sidra com Álcool de Maça 10x33cl,SOMERSBY,Emb. 3.3 LT,"9,69€","2,94€ / LT",
Rebuçados Flocos Neve,VIEIRA,Emb. 0.1 KG,"0,88€","8,80€ / KG",
CACAU EM PO SEM ACUCAR - PARA BEBER OU SOBREMESAS,EQUADOR,Emb. 0.25 KG,"1,89€","7,56€ / KG",
SEPARADORES CARTAO A4 6UN,ESQUISSE,Emb. 6 UNID.,"0,99€","0,17€ / UNID.",
Paté de Sardinha e Cavala,PÊCHE OCÉAN,Emb. 0.065 KG,"0,69€","10,62€ / KG",
Bolachas Pequeno Almoço,ECO+,Emb. 0.35 KG,"1,19€","3,40€ / KG",
Panela 24Cm,ECO+,Emb. 1 UNID.,"12,99€","12,99€ / UNID.",
Tira Gorduras Perfumado,MISTOLIN,Emb. 0.545 LT,"3,28€","6,02€ / LT",
Mini Snacks Gato Salmão,TOUS MES AMIS,Emb. 0.06 KG,"0,85€","14,17€ / KG",
Bebida de Soja Fonte de Cálcio,NAT&VIE,Emb. 1 LT,"1,05€","1,05€ / LT",
Queijo Fatiado Castelões Original,CASTELÕES,Emb. 0.2 KG,"2,38€","11,90€ / KG",
Biscoito Wafer Framboesa,VIEIRA,Emb. 0.125 KG,"1,14€","9,12€ / KG",
Paio do Lombo,CHARCUTARIA,1 Unid. = 0.1 KG (aprox.),"12,99€/kg","1,30€ / Unid.",
Pantene Cuidado Clássico Champô 3 Em 1,PANTENE PV,Emb. 0.3 LT,"3,99€","13,30€ / LT",
CHAMPO + DUCHE TONIFICANTE PARA HOMEM,CARRÉ HOMME,Emb. 0.25 LT,"0,95€","3,80€ / LT",
Polpa de Tomate 100% Português,COMPAL,Frasco 0.5 KG,"1,08€","2,16€ / KG",
Cloro de Dissolução Rápida,BEAUX JOURS,Emb. 5 KG,"39,90€","7,98€ / KG",
MAIONESE C/ MOSTARDA DE DIJON TOP DOWN,RUSTICA,Emb. 0.235 KG,"1,55€","6,60€ / KG",
Ambientador Carro Brisa Marinha,AMBIPUR,Emb. 1 UNID.,"3,48€","3,48€ / UNID.",
Papel Anti-Traças,RAID,Emb. 4 UNID.,"1,98€","0,50€ / UNID.",
Vinho Regional Dão Tinto Reserva 2013,QUINTA DE CABRIZ,Garrafa 0.75 LT,"9,48€","12,64€ / LT",
MOLAS 24UN,HOMESIDE,Emb. 24 UNID.,"2,50€","0,10€ / UNID.",
Amaciador Surf Concentrado Jasmim E Maçã Verde 90 Doses,SURF,Emb. 1.8 LT,"3,49€","1,94€ / LT",
Escova Colgate 360º Advanced Média,COLGATE,Emb. 1 UNID.,"4,98€","4,98€ / UNID.",
GRAO DE BICO SACO,NOTRE JARDIN,Emb. 1 KG,"1,79€","1,79€ / KG",
Alimento Húmido Gato Menu Completo em Salsa e Molho 4x100g,LYCAT,Emb. 4 KG,"1,59€","0,40€ / KG",
Champô Anti-Caspa Linic Sem Controlo Oleosidade,LINIC,Emb. 0.225 LT,"3,34€","14,84€ / LT",
Regulador Ph Mais Sólido,BEAUX JOURS,Emb. 2 KG,"8,99€","4,50€ / KG",
GELADO 6 CHOCOLATE / 6 PISTACHIO,SMICY,Emb. 12 UNID.,"2,69€","0,22€ / UNID.",
Bolachas de Germen de Trigo e Pepitas de Chocolate,NAT&VIE,Emb. 0.2 KG,"1,69€","8,45€ / KG",
Sonhos com Canela,,1 Unid. = 0.06 KG,"13,99€","233,17€ / KG",
Café Moagem Universal Brasil,DELTA,Emb. 0.22 KG,"3,68€","16,73€ / KG",
Cotonetes Algodão C/ Cabo Papel Ziplock,INELL,Emb. 160 UNID.,"0,79€","0,00€ / UNID.",
Iogurte de Aromas Les Zaros 16x125g,DÉLISSE,Emb. 2 KG,"2,69€","1,35€ / KG",
Nutella,NUTELLA,Emb. 0.2 KG,"1,99€","9,95€ / KG",
AMENDOINS C/ PELE TORRADOS C/ SAL,TOKAPI,Emb. 0.4 KG,"2,45€","6,13€ / KG",
BISCOITOS DE COCO,P'TIT DÉLI,Emb. 0.4 KG,"1,55€","3,88€ / KG",
Ancinho 14 Dentes,BEAUX JOURS,Emb. 1 UNID.,"12,99€","12,99€ / UNID.",
Champô Seco Volume,TRESEMMÉ,Emb. 0.25 LT,"5,39€","21,56€ / LT",
Arroz Basmati,,Emb. 1 KG,"1,89€","1,89€ / KG",
BEBIDA AMENDOA BIO,,Emb. 1 LT,"1,99€","1,99€ / LT",
Conserva de Atum em Posta em Azeite,PÊCHE OCÉAN,Emb. 0.12 KG,"0,98€","8,17€ / KG",
Chouriço Damatta De Carne Beirão,DAMATTA,Emb. 0.225 KG,"3,54€","15,73€ / KG",
Refrigerante C/ Gás,COCA COLA,Garrafa 0.5 LT,"0,99€","1,98€ / LT",
CADERNO ESP CAP DUR AZ A4 PAU 100P,ESQUISSE,Emb. 1 UNID.,"3,29€","3,29€ / UNID.",
SUBLINHADORES SORTIDOS 4UN,ESQUISSE,Emb. 4 UNID.,"2,99€","0,75€ / UNID.",
Gelado Mini,TRIUM,Emb. 8 UNID.,"2,49€","0,31€ / UNID.",
STICK ESPIRAIS BOVINO 4UN,TOUS MES AMIS,Emb. 4 UNID.,"0,79€","0,20€ / UNID.",
Sumo de Legumes 100% BIO,,Emb. 1 CL,"2,09€","2,09€ / CL",
SYOSS COLOR 4-8 CASTANHO CHOCOLATE 16X3,SYOSS,,"4,99€",/ Unid.,
Ambientador Máquina Loiça Limão,FINISH,Emb. 2 UNID.,"4,99€","2,50€ / UNID.",
Alimento Seco P/ Gato Carne Vaca Frango Legumes,PURINA FRISKIES,Emb. 4 KG,"15,98€","4,00€ / KG",
DETERGENTE LIQUIDO CONCENTRADO PRIMAVERA 28D,EPSIL,,"2,90€",/ Unid.,
"CANETA AZUL 0,7MM",ESQUISSE,Emb. 4 UNID.,"1,59€","0,40€ / UNID.",
DESENTUPIDOR CANOS GEL 1L,SYPHON,Emb. 1 LT,"1,39€","1,39€ / LT",
"DOSSIER A4 LOMBADA 4,5CM",ESQUISSE,Emb. 1 UNID.,"2,19€","2,19€ / UNID.",
Detergente Líquido Multisuperficies Lavanda,SONASOL,Emb. 1.3 LT,"2,09€","1,61€ / LT",
"ALHO EMB 250GR Org Esp, cal.50/70",,Emb. 0.25 KG,"1,39€","5,56€ / KG",
LAVA TUDO SABAO PRETO E FLOR DE LARANJEIRA,CLAIR,Emb. 1.5 LT,"1,89€","1,26€ / LT",
Preparado Canja de Galinha C/ Aletria,MAGGI,Emb. 0.082 KG,"1,12€","13,66€ / KG",
SORTIDO APERITIVOS TUFADOS,TOKAPI,Emb. 0.1 KG,"1,19€","11,90€ / KG",
Chá Verde Wellbeing,LIPTON,Emb. 0.032 KG,"1,94€","60,63€ / KG",
Massa Cotovelinhos Chifferini,MILANEZA,Emb. 0.5 KG,"1,19€","2,38€ / KG",
ENVELOPE SILICONE 110X220MM 100UN,ECO+,Emb. 100 UNID.,"2,29€","0,02€ / UNID.",
ALIMENTO HUMIDO COELHO/RIM/BORREGO/PATO/SALMAO 4X85G,LYCAT,Emb. 0.34 KG,"2,49€","7,32€ / KG",
Leite de Limpeza Bebé,MOTS D'ENFANTS,Emb. 0.25 UNID.,"1,49€","5,96€ / UNID.",
CREME DE LEGUMES,REGAL SOUPE,Emb. 0.35,"1,49€","4,26€ /",
Vinho A.O.C. Sauternes 2014,CHANTET BLANET,Garrafa 0.75 LT,"14,49€","19,32€ / LT",
"BL1 LED ESFERA 5,5W-40W E14 LUZ AMARELA",FOXTER,Emb. 1 UNID.,"2,99€","2,99€ / UNID.",
Detergente para a Máquina da Loiça,SUN,Emb. 1.575 KG,"12,34€","7,83€ / KG",
Drageia Mastigável de Mentos Rainbow,MENTOS,Emb. 0.12 KG,"1,88€","15,67€ / KG",
GEL BARBEAR ANTI-IRRITACAO 200ML,CARRÉ HOMME,Emb. 0.2 LT,"1,89€","9,45€ / LT",
CREME PROTESES,DENTAMYL,Emb. 0.05 KG,"3,85€","77,00€ / KG",
CERA LIQUIDA INCOLOR 75ML,LA VACHETTE,Emb. 0.075 LT,"2,15€","28,67€ / LT",
Conserva de Salsichas Frankfurt 6 Unid.,IZIDORO,Lata 0.12 KG,"0,83€","6,92€ / KG",
Conserva De Feijão Vermelho em Conserva 425g,NOTRE JARDIN,Lata 0.425 KG,"0,69€","1,62€ / KG",
Creme Culinário Côco,NAT&VIE,Emb. 0.25 LT,"1,49€","5,96€ / LT",
Óleo Intense 6-80 Louro Avelã,SYOSS,,"6,24€",/ Unid.,
Galão São Lourenço 3x200 ml,UCAL,Emb. 0.6 LT,"2,28€","3,80€ / LT",
Papel Higiénico 2 Folhas Super,RENOVA,Emb. 48 ROLOS,"14,64€","0,31€ / ROLOS",
"CIF SPR ULTR HIGI LIXIV,,500ML",CIF,,"1,79€",/ Unid.,
Deo Creme Hidra Essencial 0% Álcool,VASELINE,Emb. 0.05 LT,"2,84€","56,80€ / LT",
Chá Verde de Pêssego Branco,LIPTON,Emb. 1 LT,"1,28€","1,28€ / LT",
Pantene Frizz Control & Luminosidade Condicionador 160 ml,,Emb. 0.16 LT,"4,98€","31,13€ / LT",
GLISS REPARAÇÃO PONTAS ESPIGADAS,GLISS,Emb. 0.05 LT,"3,79€","75,80€ / LT",
PIZZA ROYALE MOELLEUSE,TURINI,Emb. 0.6 KG,"2,99€","4,98€ / KG",
PORTFOLIO A4 60 BOLSAS ECO+,ECO+,Emb. 1 UNID.,"2,49€","2,49€ / UNID.",
QUEIJO VACA CURADO 4UN,LES CROISÉS,Emb. 0.2 KG,"2,69€","13,45€ / KG",
BOLACHAS PEQUENO ALMOCO MEL E PEPITAS CHOCO,P'TIT DÉLI,Emb. 0.4 KG,"1,88€","4,70€ / KG",
COGUMELOS DE PARIS LAMINADOS BIO,,Emb. 0.6 KG,"2,65€","4,42€ / KG",
AMENDOINS S/ SAL TORRADOS,TOKAPI,Emb. 0.2 KG,"0,85€","4,25€ / KG",
Conserva de Azeitonas Cocktail,RUSTICA,Emb. 0.54 KG,"2,09€","3,87€ / KG",
Café Cápsulas Saboroso Intensidade 9,PLANTATION,Emb. 16 CAPS.,"2,59€","0,16€ / CAPS.",
Bacalhau Lombo,,Emb. 0.7 KG,"12,99€","18,56€ / KG",
Massa Espirais Semi-Integrais Biológica,,Emb. 0.5 KG,"1,29€","2,58€ / KG",
REFRIGERANTE S/GAS TROPICAL,JAFUN,Emb. 10,"3,49€","0,35€ /",
"GEL HIGIENE ÍNTIMA FRESH, 250ML",CORINE DE FARME,Emb. 0.25 LT,"2,99€","11,96€ / LT",
Bollycao Clássico 2x57 g,BOLLYCAO,Emb. 0.114 KG,"1,48€","12,98€ / KG",
Conserva de Azeitona Mista,RUSTICA,Emb. 0.3 KG,"1,49€","4,97€ / KG",
Vinho Verde Branco,COMP DO VINHO,Garrafa 0.75 LT,"2,19€","2,92€ / LT",
Barrinhas Periquito sabor Mel,TOUS MES AMIS,Emb. 0.06 KG,"1,69€","28,17€ / KG",
Cápsulas Café Ristretto Barista,DOLCE GUSTO,Emb. 30 CAPS.,"10,48€","0,35€ / CAPS.",
Creme Pentear Karité Côco,NATEIS,Emb. 0.3 LT,"2,69€","8,97€ / LT",
Fatias Finas Fiambre Peito de Peru Original,NOBRE,Emb. 0.11 KG,"2,14€","19,45€ / KG",
MINI SUBLINHADORES 4UN,ESQUISSE,Emb. 4 UNID.,"2,59€","0,65€ / UNID.",
Vinho do Porto Ruby,FERREIRA,Garrafa 0.75 LT,"6,28€","8,37€ / LT",
BALDE OVAL,SILLAGE,Emb. 1 UNID.,"3,99€","3,99€ / UNID.",
Pão de Ló,,1 Unid. = 0.575 KG (aprox.),"4,98€/kg","2,86€ / Unid.",
Creme de Banho Care,NIVEA,Emb. 0.75 LT,"3,49€","4,65€ / LT",
Atum Posta Caril,BOM PETISCO,Emb. 0.12 KG,"1,56€","13,00€ / KG",
COLORACAO VEGETAL LOURO ESCURO BIO,BIONAÏA,Emb. 1 UNID.,"6,99€","6,99€ / UNID.",
ESCOVA DENTES MEDIA,DENTAMYL,Emb. 4 UNID.,"1,29€","0,32€ / UNID.",
Caldo Galinha 6 Cubos,MAGGI,Emb. 0.06 KG,"0,89€","14,83€ / KG",
Saco Congelação Grande,ELEMBAL,Emb. 25 UNID.,"0,88€","0,04€ / UNID.",
Vinho do Porto 10 Anos,FERREIRA,Garrafa 0.75 LT,"16,98€","22,64€ / LT",
Pacotinho de Frutas S/ Glúten,NESTLÉ BEBÉ,Emb. 0.09 KG,"1,04€","11,56€ / KG",
MASCARA REPARADORA 300ML,VITANOVE,Emb. 0.3 LT,"2,39€","7,97€ / LT",
CUSCUZ MEDIO,COMPTOÍR DU GRAIN,Emb. 0.5 KG,"1,09€","2,18€ / KG",
Bolachas com Recheio Aroma a Framboesa,P'TIT DÉLI,Emb. 0.15 KG,"1,19€","7,93€ / KG",
CHA PRETO CEILAO BIO,,Emb. 20 UNID.,"1,79€","0,09€ / UNID.",
FEIJOCAS FERBAR 580G,FERBAR,Emb. 0.58 KG,"1,56€","2,69€ / KG",
FLOCOS SABAO MARSELHA ECO,UNÍ VERT,,"5,39€",/ Unid.,
Chipicao 6x57 gr,CHIPICAO,Emb. 0.342 KG,"3,84€","11,23€ / KG",
Batatas Fritas Crocantes Onduladas,POM'LISSE,Emb. 0.15 KG,"1,25€","8,33€ / KG",
Fraldas Bebé Extra Absorção Activity Tamanho 5,DODOT,Emb. 48 LT,"13,29€","0,28€ / LT",
Massa Cotovelinhos,TURINI,Emb. 1 KG,"1,39€","1,39€ / KG",
Ambientador Recarga Freshmatic White Bouquet,AIR WICK,Emb. 2 UNID.,"7,09€","3,55€ / UNID.",
CONJUNTO DE 3 PANOS MICROFIBRAS,ECO+,Emb. 3 UNID.,"1,49€","0,50€ / UNID.",
Whisky J&B 15 Anos,J&B,Emb. 0.7 LT,"25,98€","37,11€ / LT",
Ice tea Manga 2x2lt,LIPTON,Emb. 4 LT,"4,99€","1,25€ / LT",
Conserva de Feijão Manteiga,NOTRE JARDIN,Lata 0.85 KG,"0,99€","1,16€ / KG",
Douradinhos 30 Unid. Ultracongelado,CAPITÃO IGLO,Emb. 0.84 KG,"7,49€","8,92€ / KG",
Café Lote Bocage Moagem Única,NICOLA,Emb. 0.25 KG,"3,63€","14,52€ / KG",
Fiambre à italiana Fatias,TRADILÈGE,Emb. 0.12 KG,"1,99€","16,58€ / KG",
Natas Líquidas Biológicas,,Emb. 0.6 L,"3,85€","6,42€ / L",
Vinho Regional Minho Branco,AVELEDA,Garrafa 0.75 LT,"5,98€","7,97€ / LT",
Limpa Vidros Anti Embaciamento,AJAX,Spray 0.5 LT,"3,58€","7,16€ / LT",
Pantene Creme de Pentear Sem Enxaguar Caracóis 270ml,PANTENE PV,Emb. 0.27 LT,"4,49€","16,63€ / LT",
Sumo Multifrutos 100% Puro,JAFADEN,Emb. 1 LT,"1,49€","1,49€ / LT",
NUGGETS FRANGO 20UN FAMILIAR,CÔTÉ CROC,Emb. 0.4 KG,"2,99€","7,48€ / KG",
COLORACAO CASTANHO CLARO 5.0 S/AMONIACO,VITANOVE,Emb. 1 UNID.,"3,89€","3,89€ / UNID.",
TORTAS DE ANIS - 12UN,P'TIT DÉLI,Emb. 0.4 KG,"1,99€","4,98€ / KG",
YOFU SOJA MIRTILO 4x125G,ALPRO,Emb. 0.5 LT,"2,88€","5,76€ / LT",
Dove Go Fresh Gel de Banho Chá Verde,DOVE,Emb. 0.75 LT,"4,19€","5,59€ / LT",
QUEIJO FRESCO CLASSICO,QUEIJO NA TÁBUA,Emb. 0.125 KG,"1,19€","9,52€ / KG",
BEBIDA SOJA C/CALCIO BIO,,Emb. 1 L,"1,19€","1,19€ / L",
BOLOS C/ RECHEIO CHOCOLATE S/ GLUTEN,CHAQUE JOUR SANS GLUTEN,Emb. 0.21 KG,"3,05€","14,52€ / KG",
Mini Pizzas Piccolinis Salame,BUITONI,Emb. 0.27 KG,"3,98€","14,74€ / KG",
Óleo de Cedro,MISTOLIN,Emb. 0.36 LT,"3,48€","9,67€ / LT",
Conserva de Azeitona Verde em Rodelas,RUSTICA,Frasco 0.36 KG,"0,88€","2,44€ / KG",
Couve Flor Congelada,NOTRE JARDIN,Emb. 1 KG,"1,85€","1,85€ / KG",
Sabonete líquido para as mãos,DOVE,Emb. 0.5 LT,"2,49€","4,98€ / LT",
Mini Gelados Baunilha C/ Drageias,SMICY,Emb. 6 UNID.,"2,99€","0,50€ / UNID.",
OIKOS PESSEGO 110G X4,OIKOS,Emb. 0.44 KG,"2,39€","5,43€ / KG",
Batatas P/ Cozer,,Emb. 3 KG,"3,39€","1,13€ / KG",
CANELA EM PO SAQUETA,RUSTICA,Emb. 0.08 KG,"0,95€","11,88€ / KG",
Água S/ Gás Mineral Natural,,Garrafão 6 LT,"1,10€","0,18€ / LT",
Leite UHT Meio Gordo,AGROS,Emb. 0.6 LT,"1,18€","1,97€ / LT",
Galetes Arroz Cobertas de Chocolate Biológicas,,Emb. 0.09 KG,"1,35€","15,00€ / KG",
Muesli,ALPEN,Emb. 0.55 KG,"4,04€","7,35€ / KG",
Café Torrado em Grão Intensidade 12,BUONDI,Emb. 0.22 KG,"3,68€","16,73€ / KG",
Queijo Mozzarella,ECO+,Emb. 0.125 KG,"0,85€","6,80€ / KG",
Bolachas Amanteigadas,P'TIT DÉLI,Emb. 0.2 KG,"1,39€","6,95€ / KG",
Queijo Flamengo S/ Lactose Fatias,PAIVA,Emb. 0.15 Kg,"2,28€","15,20€ / Kg",
Massa Instantânea de Galinha Pot,KOALA,Emb. 0.065 KG,"1,08€","16,62€ / KG",
Conjunto de 2 Colas Cyano Acrylate,ECO+,Emb. 2 UNID.,"1,49€","0,75€ / UNID.",
Barrinhas P/ Canários sabor a Mel,TOUS MES AMIS,Emb. 0.06 KG,"1,69€","28,17€ / KG",
Néctar de Pêra Pack 3,SANTAL,Emb. 0.6 LT,"1,75€","2,92€ / LT",
Recarga Sabonete Líquido Leite/Mel,MANAVA,Emb. 0.25 LT,"0,69€","2,76€ / LT",
Brioches Redondos 12 Unid.,EPI D'OR,Emb. 0.48 KG,"1,99€","4,15€ / KG",
Vinho Regional Alentejo Tinto,TRINCA BOLOTAS,Garrafa 0.75 LT,"6,98€","9,31€ / LT",
APERITIVOS SORTIDOS,TOKAPI,Emb. 0.1 KG,"1,19€","11,90€ / KG",
Detergente Manual Loiça Limão,SUPER POP,Emb. 0.7 LT,"1,49€","2,13€ / LT",
Arroz Agulha,CIGALA,Emb. 1 KG,"1,24€","1,24€ / KG",
Esparguete à Carbonara,KNORR,Emb. 0.036 KG,"1,53€","42,50€ / KG",
Presas de Porco Preto,,1 Unid. = 0.5 KG  (aprox.),"25,72€/kg","12,86€ / Unid.",
Bacalhau Especial Islândia,,1 Unid. = 3.5 KG (aprox.),"16,99€/kg","59,47€ / Unid.",
Fita Dentária Sabor a Menta Fresca,SENSODYNE,Emb. 50 MT,"3,48€","0,07€ / MT",
Sobremesa Creme de Baunilha 4X125g,DÉLISSE,Emb. 0.5 KG,"1,49€","2,98€ / KG",
PURE MACA/MIRTILO/BANANA SEM ADICAO ACUCAR BISNAGA,DOUCEUR DU VERGER,Emb. 0.48 KG,"2,79€","5,81€ / KG",
MOLHO PARA BATATAS FRITAS,RUSTICA,Emb. 0.919 KG,"3,99€","4,34€ / KG",
Alho em Pó,RUSTICA,Frasco 0.038 KG,"0,69€","18,16€ / KG",
ESPIRAIS TURINI,TURINI,Emb. 0.5 KG,"0,89€","1,78€ / KG",
Vinho do Porto Especial Reserva,DORRÃO,Emb. 0.75 LT,"7,99€","10,65€ / LT",
CLAFOUTIS- TARTE DE CEREJAS,DÉLISSE,Emb. 0.34 KG,"2,39€","7,03€ / KG",
Tablete de Chocolate Cereais Crocantes 4x100g,ECO+,Emb. 0.4 KG,"2,15€","5,38€ / KG",
Massa Entrefina,TURINI,Emb. 0.5 KG,"0,89€","1,78€ / KG",
Bolachas com Cobertura de Chocolate de Leite,,Emb. 0.2 KG,"1,79€","8,95€ / KG",
BARRINHAS KINDER CHOCOLATE T24 300G,KINDER,Emb. 0.3 KG,"4,18€","13,93€ / KG",
CHOCOLATE CULINARIA PRALINE,TABLETTE D'OR,Emb. 0.2 KG,"1,99€","9,95€ / KG",
Vinho Regional Douro Branco,PAPA FIGOS,Garrafa 0.75 LT,"7,48€","9,97€ / LT",
Sumo de Laranja e Manga,JOI,Garrafa 1.5 LT,"1,04€","0,69€ / LT",
Tablete Chocolate Branco Culinária,PANTAGRUEL,Emb. 0.2 KG,"2,58€","12,90€ / KG",
Bolacha Crunch de Aveia Coberta com Chocolate de Leite,MC VITIE'S,Emb. 0.205 KG,"2,98€","14,54€ / KG",
Fondue de Novilho,,1 Unid. = 0.46 KG  (aprox.),"11,99€/kg","5,52€ / Unid.",
Vela fragância de laranja,AIRWICK,Emb. 0.32 KG,"2,84€","8,88€ / KG",
Gel de Banho para Corpo e Cabelo,DOVE,Emb. 0.4 LT,"3,29€","8,23€ / LT",
VASSOURA SEDA PRETA 1/2,SILLAGE,Emb. 1 UNID.,"4,99€","4,99€ / UNID.",
Elixir 12 Horas Protection,COLGATE,Emb. 0.5 LT,"6,98€","13,96€ / LT",
Bigburger Vegetais 2 Unid. Ultracongelado,CAPITÃO IGLO,Emb. 0.25 KG,"4,78€","19,12€ / KG",
Abrasivo Sanitário Active Fresh Pinho,HARPIC,Emb. 0.75 LT,"1,94€","2,59€ / LT",
Vinho do Porto Velhotes Tawny,CALEM,Garrafa 0.75 LT,"4,99€","6,65€ / LT",
Cereais Granola de Aveia Mel,NESTLÉ,Emb. 0.3 KG,"2,79€","9,30€ / KG",
Uva Branca,,1 Unid. = 0.25 KG (aprox.),"2,29€/kg","0,57€ / Unid.",
Ambientador Máquina Loiça,FINISH,Emb. 1 UNID.,"3,24€","3,24€ / UNID.",
Sabonete Líquido Naturals Pele Sensível,PALMOLIVE,Emb. 0.3 LT,"3,78€","12,60€ / LT",
Pescada Posta,,1 Unid. = 0.12 KG (aprox.),"9,49€/kg","1,14€ / Unid.",
Fralda Cueca T4 8/15 Kg,MOTS D'ENFANTS,Emb. 22 UNID.,"3,99€","0,18€ / UNID.",
COMEDOURO DUPLO GRANDE,ECO+,Emb. 1 UNID.,"1,40€","1,40€ / UNID.",
Coloração Longa Duração Belle Color 5.3 Castanho Claro Dourado,GARNIER,Emb. 1 UNID.,"5,98€","5,98€ / UNID.",
Ice Tea Double Maracujá e Manga,LIPTON,Garrafa 2 LT,"2,49€","1,25€ / LT",
GEL FIX EXTREME VITANOVE 250ML,VITANOVE,Emb. 0.25 LT,"1,69€","6,76€ / LT",
Manteiga com Sal Guerand Dop,NOS RÉGIONS ONT DU TALENT,Emb. 0.25 KG,"2,74€","10,96€ / KG",
CHAMPO CABELOS GRISALHOS OU BRANCOS,NATEIS,Emb. 0.25 LT,"1,99€","7,96€ / LT",
Amaciador Roupa Concentrado Intense Care Protect,COMFORT,Emb. 60 DOSES,"3,99€","0,07€ / DOSES",
Massa Cotovelinhos,ECO+,Emb. 1 KG,"1,29€","1,29€ / KG",
LIMPA VIDROS C/ PISTOLA,CLAIR,Emb. 0.75 LT,"0,79€","1,05€ / LT",
Bebida de Arroz Original,SHOYCE,Emb. 1 LT,"1,78€","1,78€ / LT",
Vinho Rosé,ECO+,Garrafão 5 LT,"5,69€","1,14€ / LT",
Escova de Dentes Criança Unicórnio Luminoso,PETIT DENTAMYL,Emb. 1 UNID.,"2,49€","2,49€ / UNID.",
OVOS FRESCOS L/M/S BIO,,Emb. 6 UNID.,"2,29€","0,38€ / UNID.",
Chá Cherry Love,LIPTON,Emb. 20 SAQS,"1,94€","0,10€ / SAQS",
Area Absorvente Optimale,TOUS MES AMIS,Emb. 5 LT,"5,99€","1,20€ / LT",
Cereais de Milho S/ Glúten C/ Chocolate Corn Flakes,NESTLÉ,Emb. 0.375 KG,"2,24€","5,97€ / KG",
XAU LIMPA MAQ EXPRESS,XAU,Emb. 0.25 LT,"4,99€","19,96€ / LT",
CREME DE MAOS REPARADOR 100ML,INELL,Emb. 0.1 LT,"1,30€","13,00€ / LT",
Pensos Higiénicos Salvaslip Maxi,EVAX,Emb. 72 UNID.,"3,99€","0,06€ / UNID.",
OIKOS MANGA-PAPAIA,OIKOS,Emb. 0.44 KG,"2,39€","5,43€ / KG",
Metades de Frango do Campo,,1 Unid. = 0.95 KG (aprox.),"2,49€/kg","2,37€ / Unid.",
Bife de Peito de Peru,,1 Unid. = 0.15 KG (aprox.),"6,99€/kg","1,05€ / Unid.",
Açúcar Branco 50 Sticks,SIDUL,Emb. 0.25 KG,"1,25€","5,00€ / KG",
Feijoada Transmontana,NOBRE,Lata 0.42 KG,"1,76€","4,19€ / KG",
Cerveja sem Álcool 6x33cl,SUPER BOCK,Emb. 1.98 LT,"4,49€","2,27€ / LT",
Vinho Regional Douro Branco,ADEGA DE VILA REAL,Garrafa 0.75 LT,"2,68€","3,57€ / LT",
Conserva de Sardinha sem Pele sem Espinha,RAMIREZ,Emb. 0.1 KG,"1,39€","13,90€ / KG",
SACOS LIXO ALCAS 30L,ELEMBAL,Emb. 20 UNID.,"1,25€","0,06€ / UNID.",
2 Lombos de Salmão,,Emb. 0.25 KG,"9,99€","39,96€ / KG",
Detergente Máquina Roupa Líquido Lãs e Sedas,WOOLITE,Emb. 25 DOSES,"3,49€","0,14€ / DOSES",
Pão Especial Multicereais,EPI D'OR,Emb. 0.5 KG,"1,39€","2,78€ / KG",
Escova de Bambu Suave,COLGATE,Emb. 1 UNID.,"2,99€","2,99€ / UNID.",
Massa Tagliatelle,TURINI,Emb. 0.5 KG,"1,29€","2,58€ / KG",
AMACIADOR CONCENTRADO SPA 72 DOSES,HYPERDOU,Emb. 2 LT,"1,75€","0,88€ / LT",
TESOURA ROSA C/PROTECAO 13CM,ESQUISSE,Emb. 1 UNID.,"1,59€","1,59€ / UNID.",
Mil Folhas,,1 Unid. = 0.1 KG,"1,39€","13,90€ / KG",
Tenaz Russa 225 Mm,FOXTER,Emb. 1 UNID.,"4,99€","4,99€ / UNID.",
Escova de Dentes Max White,COLGATE,Emb. 1 UNID.,"3,98€","3,98€ / UNID.",
Patê de Sardinha e Cavala,PÊCHE OCÉAN,Emb. 0.088 KG,"1,19€","13,52€ / KG",
Misto de Patés 4x22g,PÊCHE OCÉAN,Emb. 0.088 KG,"1,19€","13,52€ / KG",
BACALHAU A BRAS 300G,CÔTÉ TABLE,Emb. 0.25 KG,"2,29€","9,16€ / KG",
Néctar 100% Maçã,COMPAL,Emb. 1 LT,"1,68€","1,68€ / LT",
Laca Fixação Forte 2,VITANOVE,Spray 0.075 LT,"1,05€","14,00€ / LT",
Bebida de Amêndoa 0%,SHOYCE,Emb. 1 LT,"2,18€","2,18€ / LT",
Chá Menta,TETLEY,Emb. 10 SAQ.,"0,86€","0,09€ / SAQ.",
Detergente Máquina Roupa Cápsulas Regular,A+,Emb. 38 DOSES,"8,48€","0,22€ / DOSES",
Gel Garnier Extra Forte 3 Estructurante,FRUCTIS,Emb. 0.2 LT,"5,48€","27,40€ / LT",
Gel Casa de Banho Limpeza Brilhante,CIF,Emb. 0.75 LT,"1,39€","1,85€ / LT",
Ervilhas e Cenouras Extra Finas,NOTRE JARDIN,Emb. 0.8 KG,"1,99€","2,49€ / KG",
Tablete de Chocolate de Leite para Culinária,TABLETTE D'OR,Emb. 0.17 KG,"1,45€","8,53€ / KG",
PERSIL UNIVERSAL GEL,PERSIL,Emb. 50 DOSES,"9,99€","0,20€ / DOSES",
Papa Infantil P/ Preparar C/ Leite,CERELAC,Emb. 0.25 KG,"1,49€","5,96€ / KG",
Conjunto de 4 Suportes Adesivos Brancos,ECO+,Emb. 4 UNID.,"0,59€","0,15€ / UNID.",
Atum em Tomate Biológico,BOM PETISCO,Emb. 0.12 KG,"1,67€","13,92€ / KG",
Cillit Bang Casa de Banho 500ML x12,CILLIT BANG,Emb. 0.5 LT,"2,24€","4,48€ / LT",
FITA METRICA 5M FOXTER,FOXTER,Emb. 1 UNID.,"4,99€","4,99€ / UNID.",
Tartelettes Cobertas Pessêgo,ECO+,Emb. 0.2 KG,"0,79€","3,95€ / KG",
Elixir Triple Action,COLGATE,Emb. 0.5 LT,"4,98€","9,96€ / LT",
Creme de Mãos Óleo de Côco,DOVE,Emb. 0.075 LT,"2,59€","34,53€ / LT",
Batatas Fritas Vários Sabores 6X30g,POM'LISSE,Emb. 0.18 KG,"1,79€","9,94€ / KG",
Salteado da Horta,BONDUELLE,Emb. 0.4 KG,"2,93€","7,33€ / KG",
Iogurte Bifidus Aveia e Nozes 4 Unid.,DANONE,Emb. 0.48 KG,"2,19€","4,56€ / KG",
Queijo de Barrar Alho Ervas Finas 9x20g,LES CROISÉS,Emb. 0.18 KG,"1,29€","7,17€ / KG",
Alimento Húmido para Cão Patê Aves,ECO+,Emb. 0.3 KG,"0,55€","1,83€ / KG",
"ALIMENT BEBE: IOGURTE CREMOSO AMENDOA, MACA, PESSEGO E ALPERCE BIO 6M",BIO VILLAGE BEBE,,"3,99€",/ Unid.,
CANETA ROLLER PONTA MEDIA VARIAS CORES,ESQUISSE,Emb. 3 UNID.,"1,99€","0,66€ / UNID.",
Conserva de Feijão Frade Cozido,NOTRE JARDIN,Lata 0.85 KG,"0,99€","1,16€ / KG",
Lombo de Coelho,,1 Unid. = 0.4 KG (aprox.),"5,99€/kg","2,40€ / Unid.",
Rolo de Cozinha Maxi XXL,RENOVA,Emb. 2 ROLOS,"2,24€","1,12€ / ROLOS",
Azeite Clássico,OLIVEIRA DA SERRA,Garrafa 0.75 LT,"5,18€","6,91€ / LT",
Yofu Polpa 4x125g,,Emb. 0.5 KG,"2,88€","5,76€ / KG",
PATE DE COELHO C/ MOSTARDA,CÔTÉ TABLE,Emb. 0.18 KG,"1,59€","8,83€ / KG",
Naco de Bacon Extra,PRIMOR,Emb. 0.2 KG,"3,29€","16,45€ / KG",
Gelatina de Manga,KOALA,Emb. 0.13 KG,"1,07€","8,23€ / KG",
Bolachas Cobertas Chocolate Leite,MILKA,Emb. 0.15 KG,"2,48€","16,53€ / KG",
Asas de Peru,,1 Unid. = 0.7 KG (aprox.),"2,49€/kg","1,74€ / Unid.",
Puré de Tomate Duplo Concentrado,TURINI,Emb. 0.2 KG,"0,99€","4,95€ / KG",
Xau Limpa Máquinas Limão 2Packx12,XAU,,"6,99€",/ Unid.,
Café Solúvel em Saquetas,NESCAFÉ,Emb. 6 UNID.,"3,48€","0,58€ / UNID.",
Vinho Regional Alentejo Tinto,ENCOSTA DAS PERDIZES,Garrafa 0.75 LT,"2,29€","3,05€ / LT",
Ervilhas e Cenouras Muito Finas,NOTRE JARDIN,Emb. 0.8 KG,"1,79€","2,24€ / KG",
Polvilho Doce Brasil,GLOBO,Emb. 0.5 KG,"1,88€","3,76€ / KG",
Leite Bem Especial Crescimento 1 a 3 anos,MIMOSA,Emb. 1 LT,"1,78€","1,78€ / LT",
Caldo de Peixe,KNORR,Emb. 8 CUBOS,"1,39€","0,17€ / CUBOS",
Vinho Branco JP,BACALHÔA,Garrafa 0.75 LT,"2,19€","2,92€ / LT",
Creme Limpeza Lixívia e Micro-Cristais,CIF,Emb. 0.7 LT,"2,49€","3,56€ / LT",
Bolachas Digestivas Maça,TRIUNFO,Emb. 0.171 KG,"1,68€","9,82€ / KG",
BLOCO SANITARIO ACTIV EFFECT MARINHO 3UN,SYPHON,Emb. 3 UNID.,"1,29€","0,43€ / UNID.",
Bebida de Aveia sem Açúcar,ALPRO SOYA,Emb. 1 LT,"2,38€","2,38€ / LT",
Cera Depilatória a base de Açúcar,VEET,Emb. 0.025 LT,"5,94€","237,60€ / LT",
"FRIZE RODELA LIMAO,,4x.25L",FRIZE,,"2,78€",/ Unid.,
Cerveja com Álcool Mini 30x25cl,SAGRES,Emb. 7.5 LT,"12,69€","1,69€ / LT",
Vinho do Porto Dona Antonia,FERREIRA,Emb. 0.75 LT,"11,98€","15,97€ / LT",
Ração para Gato Esterilizado Controlo de Peso de Frango,PURINA,Emb. 1.5 KG,"11,98€","7,99€ / KG",
Body Milk Nutritivo Pele Seca,NIVEA,Emb. 0.4 LT,"4,99€","12,48€ / LT",
Champô Anti-Caspa Men Limpeza Profunda,LINIC,Emb. 0.36 LT,"4,94€","13,72€ / LT",
Alimento Húmido P/ Gato Menu Gatinhos 12x100g,TOUS MES AMIS,Emb. 1 KG,"3,79€","3,79€ / KG",
Desodorizante Invisible Aqua Woman Desodorizante Spray,REXONA,Emb. 0.15 LT,"2,54€","16,93€ / LT",
Conjunto de 9 Chaves Torx,FOXTER,Emb. 9 UNID.,"6,49€","0,72€ / UNID.",
Espinafres Ultracongelados,BONDUELLE,Emb. 0.4 KG,"1,83€","4,58€ / KG",
SPRAY LIMPEZA OPTICAS,CLAIR,Emb. 0.02 LT,"1,99€","99,50€ / LT",
Chocolate de Leite Triplo Caramelo,MILKA,Emb. 0.09 KG,"1,68€","18,67€ / KG",
Queijo de Cabra Curado,QUINTA DO OLIVAL,1 Unid. = 1 KG,"19,03€/kg","19,03€ / Unid.",
Preservativo Ultrafeel,CONTROL,Emb. 10 UNID.,"6,99€","0,70€ / UNID.",
GELADO CHOCOLATE,ECO+,Emb. 1 LT,"1,69€","1,69€ / LT",
Doce de Morango Baixo Teor de Açúcar,DOUCEUR DU VERGER,Frasco 0.34 KG,"1,25€","3,68€ / KG",
PAPEL HIGIENICO 2F COMPACTO 4=12 ECO,UNÍ VERT,,"2,99€",/ Unid.,
BOLA FUTEBOL T5,WOODSUN,Emb. 1 UNID.,"5,99€","5,99€ / UNID.",
Desodorizante Roll-On Cotton Dry 48H,REXONA,Emb. 0.05 LT,"2,69€","53,80€ / LT",
Detergente para a Maquina da Roupa Active Fresh,SKIP,Emb. 1.458 KG,"14,99€","10,28€ / KG",
Alimento Seco P/ Cão Frango,FRISKIES,Emb. 1.5 KG,"4,84€","3,23€ / KG",
Forquilha Mão 3 Dentes,BEAUX JOURS,Emb. 1 UNID.,"3,99€","3,99€ / UNID.",
"Gel de Banho Rosto, Corpo e Cabelo 3 em 1 Pure Game",ADIDAS,Emb. 0.4 LT,"2,49€","6,23€ / LT",
Gel Barbear Protect e Care,NIVEA MEN,Emb. 0.2 LT,"4,39€","21,95€ / LT",
Cápsulas Café Ristretto Ardenza,DOLCE GUSTO,Emb. 30 CAPS.,"10,48€","0,35€ / CAPS.",
Bebida de Soja Baunilha,NAT&VIE,Emb. 1 LT,"1,29€","1,29€ / LT",
MOUSSE AVES E PORCO BIO P/ CAO 400G,PLENIMA,Emb. 0.4 KG,"1,85€","4,63€ / KG",
Cereais Choco Flakes,CUÉTARA,Emb. 0.5 KG,"2,99€","5,98€ / KG",
Iogurte Líquido Corpos Piña Colada 4x155g,DANONE,Emb. 0.62 KG,"1,69€","2,73€ / KG",
Dove Silk Glow Gel de Banho,DOVE,Emb. 0.75 LT,"4,19€","5,59€ / LT",
Leite Achocolatado 4x200ml,AGROS,Emb. 0.8 LT,"1,43€","1,79€ / LT",
"LAPISEIRA 0,5MM+12MINAS+2BORRACHAS",ESQUISSE,Emb. 1 UNID.,"1,69€","1,69€ / UNID.",
Iogurte Bifidus Cremoso Cocktail de Frutas 0% 4 Unid.,DANONE,Emb. 0.48 KG,"1,99€","4,15€ / KG",
Tomate Cacho,,1 Unid. = 0.2 KG (aprox.),"2,29€/kg","0,46€ / Unid.",
Alimento Seco P/ Cão Adulto Borrego,PURINA,Emb. 14 KG,"63,28€","4,52€ / KG",
Queijo Fatiado Light -50% Gordura,TERRA NOSTRA,Emb. 0.2 KG,"2,28€","11,40€ / KG",
Bebida Energética Energy,MONSTER ENERGY,Emb. 0.5 LT,"1,20€","2,40€ / LT",
Azeite Pet,OLIVEIRA DA SERRA,Emb. 0.75 LT,"3,24€","4,32€ / LT",
VELA NUMERO - 7,ARDENCE,Emb. 1 UNID.,"0,89€","0,89€ / UNID.",
Vinho Branco do Douro,CADÃO,Emb. 0.75 LT,"3,88€","5,17€ / LT",
Amaciador Roupa Sunfresh,COMFORT,Emb. 4 LT,"4,49€","1,12€ / LT",
Conserva de Salsichas Aves 5 Unid.,IZIDORO,Frasco 0.25 KG,"1,59€","6,36€ / KG",
Saint-Emilion A.O.C. 2015,CHANTET BLANET,Garrafa 0.75 LT,"8,99€","11,99€ / LT",
Sabonete Sólido Manteiga Karite,MANAVA,Emb. 2 UNID.,"1,00€","0,50€ / UNID.",
Sumo Multifrutos 6 Unid.,JAFADEN,Emb. 1200 LT,"1,65€","0,00€ / LT",
Dentífrico Menta Fresca 24H,AQUAFRESH,Emb. 0.075 LT,"2,38€","31,73€ / LT",
Patê de Atum,LA PIARA,Emb. 0.075 KG,"1,23€","16,40€ / KG",
Desodorizante Roll-On Men Dry Fresh,NIVEA MEN,Emb. 0.05 LT,"2,39€","47,80€ / LT",
Mini Gelados de Chocolate 70% Preto Intenso Pack 6,MAGNUM,Emb. 0.33 LT,"5,98€","18,12€ / LT",
HUMUS 200G,PIC'EXPRESS,Emb. 0.2 KG,"1,99€","9,95€ / KG",
Leite Hidratante Peles Sensíveis 500 Ml+250 Ml Grátis,CORINE DE FARME,Emb. 0.75 LT,"4,84€","6,45€ / LT",
GOMAS ACIDAS COLORIDAS TUB\'S,COPAÍNS COPINES,Emb. 0.2 KG,"1,39€","6,95€ / KG",
Farinha P/ Bolos C/ Fermento,NACIONAL,Emb. 1 KG,"1,18€","1,18€ / KG",
Galetes de Milho Biológicas,,Emb. 0.13 KG,"0,99€","7,62€ / KG",
CAMA EM PLASTICO PARA CAO GRANDE,P'TIT AMI,Emb. 1 UNID.,"12,99€","12,99€ / UNID.",
Rebuçados Sabor Limão,HALLS,Emb. 0.032 KG,"0,88€","27,50€ / KG",
Bolachas Wafer de Chocolate,VIEIRA,Emb. 0.125 KG,"1,14€","9,12€ / KG",
Gelado Clássico Pack 6,CORNETTO,Emb. 0.54 LT,"4,29€","7,94€ / LT",
Massa Bago,MILANEZA,Emb. 0.25 KG,"0,84€","3,36€ / KG",
Mistura Solúvel Chicoria,ECO+,Emb. 0.2 KG,"1,89€","9,45€ / KG",
Desodorizante Roll On Açaí Waterlily,DOVE,Emb. 0.05 LT,"2,69€","53,80€ / LT",
Maminha de Novilho,,1 Unid. = 1 KG (aprox.),"9,99€/kg","9,99€ / Unid.",
Queijo Curado 7 meses,SÃO JORGE,Emb. 0.4 KG,"5,98€","14,95€ / KG",
Cápsulas de Café Alumínio Nespresso Clássico,SEGAFREDO,Emb. 10 UN,"4,28€","0,43€ / UN",
MOLHO KEBAB,RUSTICA,Emb. 0.252 KG,"1,35€","5,36€ / KG",
ARDOSIA+FELTRO+ESCOVA,ESQUISSE,Emb. 1 UNID.,"2,19€","2,19€ / UNID.",
Creme Barbear Sensitive,PALMOLIVE,Emb. 0.1 LT,"3,48€","34,80€ / LT",
Água sem Gás Limão,LUSO FRUTA,Garrafa 1 LT,"1,27€","1,27€ / LT",
Ervilhas Extra Finas 3x140G,NOTRE JARDIN,Emb. 0.42 KG,"1,79€","4,26€ / KG",
Bolachas Cobertas de Chocolate de Leite,P'TIT DÉLI,Emb. 0.2 KG,"1,49€","7,45€ / KG",
DETERGENTE LIQUIDO ALOE VERA 40D,EPSIL,Emb. 40 DOSES,"4,35€","0,11€ / DOSES",
Flor Duche Cinza,SILLAGE,Emb. 1 UNID.,"1,99€","1,99€ / UNID.",
Douradinhos Peixe S/Gluten,IGLO,Emb. 0.36 KG,"5,68€","15,78€ / KG",
Batatas Finas e Crocantes,POM'LISSE,Emb. 1 KG,"1,89€","1,89€ / KG",
Tomate Mini Alongado,,Emb. 0.25 KG,"1,59€","6,36€ / KG",
Vinho Tinto,LAGAR DAS PIAS,Bag in Box 5 LT,"7,98€","1,60€ / LT",
Sumo Delight California,SUNNY DELIGHT,Garrafa 1.25 LT,"1,64€","1,31€ / LT",
DETERGENTE EM PO SABAO MARSELHA P/ROUPA 50D,XÉOR,,"5,09€",/ Unid.,
RATO S/FIO SILENCIOSO BRANCO,LINKSTER,Emb. 1 UNID.,"12,90€","12,90€ / UNID.",
Cápsulas Infusão de Camomila e Pêssego Tetley,DELTA,Emb. 10 UNID.,"2,99€","0,30€ / UNID.",
Bolacha Cereais C/ Pepitas de Chocolate Light,P'TIT DÉLI,Emb. 0.3 KG,"1,99€","6,63€ / KG",
AFTERSHAVE BALSAMO HIDRATANTE 100ML,CARRÉ HOMME,Emb. 0.1 LT,"1,89€","18,90€ / LT",
Gelado Limão Merengue,ESKISS,Emb. 1 LT,"2,49€","2,49€ / LT",
"Carregador Isqueiro 2,4A Preto",LINKSTER,Emb. 1 UNID.,"7,99€","7,99€ / UNID.",
Café Pastilhas 100% Arabica,ECO+,Emb. 48 PAST.,"3,49€","0,07€ / PAST.",
Água Com Gás,CASTELLO,Emb. 0.075 LT,"1,64€","21,87€ / LT",
VELA NUMERADA N 9,,Emb. 1 UNID.,"0,59€","0,59€ / UNID.",
Batatas Fritas York'eso,RUFFLES,Emb. 0.15 KG,"1,88€","12,53€ / KG",
MORANGOS INTEIROS 650G,DOUCEUR DU VERGER,Emb. 0.65 KG,"2,88€","4,43€ / KG",
BLOCO SANITARIO AGUA AZUL 2UN,ECO+,Emb. 2 UNID.,"0,80€","0,40€ / UNID.",
DETERGENTE LIQUIDO CLASSICO 40D,EPSIL,Emb. 40 DOSES,"4,65€","0,12€ / DOSES",
Johnson's Loção para Bebé Rosto e Corpo Cotton Touch,JOHNSON'S BABY,Emb. 0.5 LT,"3,89€","7,78€ / LT",
MINI BOLA FUTSAL ESPUMA,WOODSUN,Emb. 1 UNID.,"2,49€","2,49€ / UNID.",
Paté de Atum,PÊCHE OCÉAN,Emb. 0.065 KG,"0,69€","10,62€ / KG",
TORTILHA CHOURICO,TABLES DU MONDE,Emb. 0.5 KG,"3,49€","6,98€ / KG",
Bebida de Aveia 0% 3x200ML,SHOYCE,Emb. 0.6 LT,"2,18€","3,63€ / LT",
TABULEIRO 30*20,ECO+,Emb. 1 UNID.,"3,99€","3,99€ / UNID.",
Água com Gás Limão/Chá Verde 4x25 cl TP,PEDRAS SALGADAS,Emb. 1 LT,"2,39€","2,39€ / LT",
Espumante Doce,COMP DO VINHO,Garrafa 0.75 LT,"3,29€","4,39€ / LT",
DENTIFRICO E ELIXIR FRESCURA EXTREMA,DENTAMYL,Emb. 0.075 LT,"0,95€","12,67€ / LT",
ESPUMA BARBEAR HIDRATANTE/FRESCO 250ML,CARRÉ HOMME,Emb. 0.25 LT,"1,49€","5,96€ / LT",
Iogurte de Alperce 4 Unid.,IOGOLINO,Emb. 0.4 KG,"2,88€","7,20€ / KG",
Snacks P/ Cão 12-25Kg Dentalife Medium,PURINA,Emb. 0.345 KG,"6,68€","19,36€ / KG",
Johnson's Champô para Crianças Gotas de Força,JOHNSON'S BABY,Emb. 0.5 LT,"5,58€","11,16€ / LT",
BOLO REDONDO CHOCOLATE,,Emb. 0.5 KG,"3,99€","7,98€ / KG",
ARROZ PARA SUSHI,TABLES DU MONDE,Emb. 0.5 KG,"1,19€","2,38€ / KG",
Borrego Inteiro,,1 Unid. = 15 KG (aprox.),"9,99€/kg","149,85€ / Unid.",
MINI COOKIES POCKET,P'TIT DÉLI,Emb. 0.16 KG,"1,95€","12,19€ / KG",
Bechamel,PARMALAT,Emb. 0.5 LT,"2,18€","4,36€ / LT",
GAUFRES COM MEL BIO,,Emb. 0.175 KG,"2,29€","13,09€ / KG",
Ovos Solo L,SNR,Emb. 12 UNID.,"2,39€","0,20€ / UNID.",
Conserva de Feijão Encarnado,NOTRE JARDIN,Frasco 0.57 KG,"0,64€","1,12€ / KG",
Chocolate Milka e Oreo,MILKA,Emb. 0.1 KG,"1,68€","16,80€ / KG",
Gin Gordon´s,GORDON'S,Garrafa 0.7 LT,"16,48€","23,54€ / LT",
Creme Anti-Rugas Cuidado Dia,DERMO EXPERTISE,Emb. 1 P,"14,98€","14,98€ / P",
Gel de Banho Hidratante Baby,BABY DOVE,Emb. 0.2 LT,"1,79€","8,95€ / LT",
Cogumelo Portobello,,0.2 UN (aprox.),"2,49€","12,45€ / UN",
Cebola Roxa,,Emb. 0.5 KG,"1,79€","3,58€ / KG",
DETERGENTE MANUAL LOICA LIMAO,ECO+,Emb. 1 LT,"0,79€","0,79€ / LT",
FEIJAO VERDE M.FINO M.GUIA,NOTRE JARDIN,Emb. 0.22 KG,"0,89€","4,05€ / KG",
Perca Posta,,1 Unid. = 0.3 KG (aprox.),"7,99€/kg","2,40€ / Unid.",
BEBIDA SOJA BAUNILHA,ALPRO,Emb. 1 LT,"1,89€","1,89€ / LT",
Barras Hero Muesly Cereais Linea Choco Branco 6x20g,HERO,Emb. 0.12 KG,"1,79€","14,92€ / KG",
PERSIL HIGIENE E PUREZA GEL,PERSIL,Emb. 80 DOSES,"14,99€","0,19€ / DOSES",
Tampões com Aplicador Pearl Super Plus,TAMPAX,Emb. 24 UNID.,"4,98€","0,21€ / UNID.",
Café Cápsulas Descafe Intensidade 2,PLANTATION,Emb. 16 CAPS.,"2,44€","0,15€ / CAPS.",
Refeição Arroz de Tomate e frango,BLÉDINA,Emb. 0.2 KG,"2,08€","10,40€ / KG",
Tomate da Horta Concentrado,COMPAL,Emb. 0.14 KG,"0,98€","7,00€ / KG",
Leite Condensado Cozido,MIMOSA,Emb. 0.385 KG,"1,59€","4,13€ / KG",
Achocolatado em Pó,ECO+,Emb. 0.4 KG,"1,49€","3,73€ / KG",
Nectar Maçã Bio,,Emb. 1.5 LT,"2,49€","1,66€ / LT",
Pão de Forma Artesanal,BIMBO,Emb. 0.55 KG,"1,94€","3,53€ / KG",
Rissóis de Carne 8 Unid.,SNR,Emb. 0.325 KG,"1,99€","6,12€ / KG",
Snack P/ Cão Sticks C/ Aroma a Javali,PURINA,Emb. 0.09 KG,"1,98€","22,00€ / KG",
LASANHA SALMAO,CÔTÉ TABLE,Emb. 1 KG,"4,89€","4,89€ / KG",
Sumo Refrigerado Cidreira Tília Camomila Limão,PLENO TISANAS,Garrafa 1.5 LT,"1,49€","0,99€ / LT",
CREPES DOCE OVOS 6UN,TROFIC,Emb. 0.54 KG,"3,69€","6,83€ / KG",
CERA QUENTE DEPILACAO PROFISSIONAL 400G,SLISS,Emb. 0.4 LT,"5,49€","13,73€ / LT",
Conserva de Azeitona Preta Inteira,RUSTICA,Frasco 0.36 KG,"0,88€","2,44€ / KG",
FEIJAO MANTEIGA SACO,NOTRE JARDIN,Emb. 0.5 KG,"0,99€","1,98€ / KG",
COOKIES C/PEPITAS 3 CHOCOLATES E BASE CHOCOLATE DE LEITE,P'TIT DÉLI,Emb. 0.2 KG,"1,59€","7,95€ / KG",
OSSO PRESUNTO 1UN,TOUS MES AMIS,Emb. 1 UNID.,"1,99€","1,99€ / UNID.",
Bolachas Plain Chocolate,BELVITA,Emb. 0.3 KG,"2,48€","8,27€ / KG",
Água S/ Gás Mineral Natural,,Garrafa 0.5 LT,"0,20€","0,40€ / LT",
Polpa de Tomate 210g,GULOSO,Emb. 0.21 KG,"0,84€","4,00€ / KG",
SACO PLATICO P/TABULEIRO P/GATO PM 10UN,P'TIT AMI,Emb. 10 UNID.,"1,89€","0,19€ / UNID.",
Gelado Double Chocolate e Morango,MAGNUM,Emb. 0.264 LT,"4,98€","18,86€ / LT",
Sumo de Laranja e Cenoura,SANTAL,Garrafa 1.5 LT,"2,02€","1,35€ / LT",
Cera Signature,AXE,Emb. 0.075 LT,"3,99€","53,20€ / LT",
"CANETA ROLLER GEL RETRATIL PRETA 0,5MM",ESQUISSE,Emb. 1 UNID.,"0,59€","0,59€ / UNID.",
Alimento Seco Cão Croquete Vaca,LYDOG,Emb. 10 KG,"11,98€","1,20€ / KG",
CREME PARA BARRAR CACAU E AVELAS SEM OLEO PALMA BIO,,Emb. 0.35 KG,"3,14€","8,97€ / KG",
Elixir Oral Dentes & Gengivas Menta Fresca,LISTERINE,Emb. 1 LT,"8,98€","8,98€ / LT",
ATUM EM OLEO GIRASSOL REDONDO,PÊCHE OCÉAN,Emb. 0.085 KG,"0,65€","7,65€ / KG",
Espetadas de Porco Familiares,,1 Unid. = 0.15 KG (aprox.),"7,49€/kg","1,12€ / Unid.",
Bolachas Cobertas Chocolate,P'TIT DÉLI,Emb. 0.25 KG,"2,29€","9,16€ / KG",
Pó Compacto Stay Matte,RIMMEL,Emb. 0.014 KG,"10,48€","748,57€ / KG",
Soro Fisiológico 60ml,HIDRO,Emb. 0.06 LT,"0,73€","12,17€ / LT",
Fiambre Peito de Peru,CAMPO FINO,1 Unid. = 0.1 KG (aprox.),"10,99€/kg","1,10€ / Unid.",
Café Expresso Bar Torrado,DELTA,Emb. 1 KG,"11,98€","11,98€ / KG",
Água S/ Gás,ECO+,Garrafa 0.5 LT,"0,16€","0,32€ / LT",
Canela em Pau Especiarias,RUSTICA,Emb. 0.03 KG,"0,75€","25,00€ / KG",
Pantene Liso & Sedoso Champô,PANTENE PV,Emb. 0.25 LT,"3,29€","13,16€ / LT",
Doce de Amora,MAMIE DOUCEUR,Emb. 0.37 KG,"1,79€","4,84€ / KG",
Éclair de Chocolate,,1 Unid. = 0.08 KG,"0,99€","12,38€ / KG",
Manteiga Magra,MIMOSA,Emb. 0.25 KG,"2,23€","8,92€ / KG",
Rissóis de Pescada,,Emb. 8 UNID.,"1,19€","0,15€ / UNID.",
Vinho Regional Douro Tinto,VILA REGIA,Emb. 0.75 LT,"2,98€","3,97€ / LT",
Fraldas Bebé T5 Ultra Confort11/25 Kg,MOTS D'ENFANTS,Emb. 23 UNID.,"4,45€","0,19€ / UNID.",
TUBO FLEXIVEL CHUVEIRO INOX 2M,FOXTER,Emb. 1 UNID.,"6,99€","6,99€ / UNID.",
Néctar Clássico Pera Rocha 3x20 cl,COMPAL,Emb. 0.6 LT,"1,48€","2,47€ / LT",
CUBO SABAO DE MARSELHA 300G,UNÍ VERT,,"1,99€",/ Unid.,
VELA NUMERO FUN 4,ARDENCE,Emb. 1 UNID.,"0,99€","0,99€ / UNID.",
Caldo de Legumes 8 Cubos,KNORR,Emb. 0.08 KG,"1,49€","18,63€ / KG",
Massa Cotovelinhos Biológica,,Emb. 0.5 KG,"1,19€","2,38€ / KG",
Pão sem Côdea Especial Torradas,PANRICO,Emb. 0.51 KG,"2,07€","4,06€ / KG",
VASSOURA CRUZ LOTUS,,Emb. 1 UNID.,"2,89€","2,89€ / UNID.",
Queijo Fundido Light 16 Porções,A VACA QUE RI,Emb. 0.28 KG,"3,67€","13,11€ / KG",
Massa Folhada Pronta Biológica,,Emb. 0.23 KG,"1,59€","6,91€ / KG",
Preparado para Flan com Ovos,TABLIER BLANC,Emb. 0.72 KG,"2,59€","3,60€ / KG",
Alimento P/ Húmido Gato Seleção de Mousses,FRISKIES,Emb. 0.68 KG,"5,84€","8,59€ / KG",
ELIXIR BOCAL DE MENTA,DENTAMYL,Emb. 0.5 LT,"1,29€","2,58€ / LT",
"BEBIDA SOJA CHOCOLATE, 1L",ALPRO,Emb. 1 LT,"1,89€","1,89€ / LT",
CREPES QUEIJO 6UN,CÔTÉ TABLE,Emb. 6 UNID.,"1,69€","0,28€ / UNID.",
Cereais de Aveia Integral C/ Chocolate Preto,FITNESS,Emb. 0.375 KG,"2,99€","7,97€ / KG",
Queijo Fatiado Amanteigado de Vaca e Ovelha,LIMIANO,Emb. 0.18 KG,"2,68€","14,89€ / KG",
Vinho do Porto Fundador Tawny,COMPANHIA VELHA,Emb. 0.75 LT,"6,38€","8,51€ / LT",
Coloração Longa Duração Belle Color 4 Castanho,GARNIER,Emb. 1 UNID.,"5,98€","5,98€ / UNID.",
Água com Gás,PEDRAS SALGADAS,Emb. 0.5 LT,"0,79€","1,58€ / LT",
Crepes de Chocolate com Cereais Crocantes,P'TIT DÉLI,Emb. 0.256 KG,"1,99€","7,77€ / KG",
Cápsulas Descafeinado Espresso P/ Nespresso Intensidade 11,STARBUCKS,Emb. 10 CAPS.,"4,48€","0,45€ / CAPS.",
Sumo Maçã,JAFADEN,Emb. 1.2 LT,"1,49€","1,24€ / LT",
Rebentos Feijão Mungo,BONDUELLE,Emb. 0.6 KG,"2,98€","4,97€ / KG",
MOUSSE BOVINO E AVES P/ GATO BIO 200G,PLENIMA,Emb. 0.2 KG,"1,29€","6,45€ / KG",
OIKOS NATURAL 110G X4,OIKOS,Emb. 0.44 KG,"2,39€","5,43€ / KG",
Lenços Faciais Plenitude Renova,LENÇOS RENOVA,Emb. 80 UNID.,"0,98€","0,01€ / UNID.",
ALIMENTO HUMIDO CARNE/CENOURA P/ CAO 1240G,LYDOG,Emb. 1.24 KG,"2,05€","1,65€ / KG",
Sumo 100% Multifrutis Biológico 6 Unid.,,Emb. 0.12 LT,"2,99€","24,92€ / LT",
CREME ANTI-RUGAS BIO 50ML,BIONAÏA,Emb. 0.05 LT,"4,67€","93,40€ / LT",
TABLETE CHOCOLATE NEGRO 85% 100G,CEMOI,Emb. 0.1 KG,"0,99€","9,90€ / KG",
Bolachas Recheadas Chocolate,ECO+,Emb. 0.5 KG,"1,39€","2,78€ / KG",
Pargo Mulato,,1 Unid. = 0.77 KG (aprox.),"5,99€/kg","4,61€ / Unid.",
Tablete Chocolate Culinária,NESTLÉ,Emb. 0.2 KG,"1,79€","8,95€ / KG",
Milho Doce 3X85g,BONDUELLE,Emb. 0.255 KG,"1,59€","6,24€ / KG",
LEITE CREME 4X23G TABLIER BLANC,TABLIER BLANC,Emb. 0.092 KG,"0,49€","5,33€ / KG",
PILHAS ALCALINAS LR03,FOXTER,Emb. 8 UNID.,"3,59€","0,45€ / UNID.",
Absorvente P/ Roedores,TOUS MES AMIS,Emb. 0.6 LT,"4,99€","8,32€ / LT",
Farinha Express,MAIZENA,Emb. 0.25 KG,"2,77€","11,08€ / KG",
CHOURICO ESPANHOL FORTE,ST AZAY,Emb. 0.15 KG,"1,99€","13,27€ / KG",
MOLHO BOLONHESA,ECO+,Emb. 0.42 KG,"0,99€","2,36€ / KG",
Alimento Húmido para Gato Carne em Molho 24x100g,TOUS MES AMIS,Emb. 24 UNID.,"6,99€","0,29€ / UNID.",
Detergente para a Maquina da Roupa Active Clean,SKIP,Emb. 1.458 LT,"14,99€","10,28€ / LT",
SOBREMESA CREME BROWNIE,DÉLISSE,Emb. 0.5 KG,"1,59€","3,18€ / KG",
Conserva de Azeitona Verde Inteira,RUSTICA,Frasco 0.36 KG,"1,19€","3,31€ / KG",
ERVILHAS CONGELADAS,NOTRE JARDIN,Emb. 0.4 KG,"0,69€","1,73€ / KG",
Conserva de Azeitona Preta em Rodelas,RUSTICA,Frasco 0.36 KG,"0,88€","2,44€ / KG",
Bolo Arroz com Ovos Frescos e Cobertura Caramelo 4x100gr,DÉLISSE,Emb. 0.4 KG,"2,25€","5,63€ / KG",
Alimento Húmido P/ Gato Frango e Cenoura,PURINA FRISKIES,Emb. 0.4 KG,"1,68€","4,20€ / KG",
Queijo Mini Babybel,BABYBEL,Emb. 0.12 KG,"1,94€","16,17€ / KG",
Pinça P/ Depilação Prateada,,Emb. 1 UNID.,"2,19€","2,19€ / UNID.",
Verniz de Unhas 60 Segundos 323,RIMMEL,Emb. 1 UNID.,"5,58€","5,58€ / UNID.",
Açúcar Mascavado,TÉVA,Emb. 0.75 KG,"1,69€","2,25€ / KG",
Dióspiro Persimmon,,1 Unid. = 0.25 KG (aprox.),"2,29€/kg","0,57€ / Unid.",
Gin Premium Pink,GORDON'S,Garrafa 0.7 LT,"17,48€","24,97€ / LT",
Creme Soft Hidratante Intensivo,NIVEA,Emb. 0.2 LT,"5,69€","28,45€ / LT",
PALETTE 9.7 LOURO ACOBREADO,PALETTE,Emb. 1 UNID.,"4,79€","4,79€ / UNID.",
Pastis de Marseille,VIVALIS,Garrafa 0.7 LT,"10,49€","14,99€ / LT",
COLA BATON 20G,ESQUISSE,Emb. 1 UNID.,"0,99€","0,99€ / UNID.",
Café Cápsulas Vellutato Intensidade 9,PLANTATION,Emb. 10 CAPS.,"1,78€","0,18€ / CAPS.",
Barras de Cereais Light Muesly Chocolate 6x20g,HERO,Emb. 0.12 KG,"1,79€","14,92€ / KG",
Salpicão,CHARCUTARIA,Emb. 0.28 KG,"3,29€","11,75€ / KG",
Creme Hidratante,NIVEA,Emb. 0.03 LT,"1,98€","66,00€ / LT",
Vinho Branco Frisante,MONTARRO,Garrafa 0.75 LT,"1,78€","2,37€ / LT",
Cebola Roxa,,1 Unid. = 0.5 KG  (aprox.),"1,89€/kg","1,89€ / Unid.",
Mousse de Chocolate Preto e de Leite 8X60g,DÉLISSE,Emb. 0.96 LT,"2,19€","2,28€ / LT",
Café Cápsulas XL Qalidus Intensidade 10,DELTA Q,Emb. 40 CAPS.,"12,99€","0,32€ / CAPS.",
Wafers com Cobertura Chocolate de Leite,P'TIT DÉLI,Emb. 0.175 KG,"1,69€","9,66€ / KG",
QUEIJO FLAMENGO FATIADO LIGHT,QUEIJO NA TÁBUA,Emb. 0.2 KG,"1,89€","9,45€ / KG",
Anti-Transferência de Cor Ultra Toalhitas,VANISH,Emb. 10 UNID.,"3,49€","0,35€ / UNID.",
Gel de Banho Naturals Amêndoa e Leite,PALMOLIVE,Emb. 0.5 LT,"2,69€","5,38€ / LT",
"AGUA FASTIO S/GAS GO, 50CL",FASTIO,,"0,58€",/ Unid.,
CONCHAS DO MAR 6UN,CÔTÉ TABLE,Emb. 0.66 KG,"4,99€","7,56€ / KG",
Bacalhau em Azeite Virgem Extra e Alho,BOM PETISCO,Emb. 0.12 KG,"2,99€","24,92€ / KG",
Gelatina Alimentar em Folha,TABLIER BLANC,Emb. 9 UNID.,"0,84€","0,09€ / UNID.",
Bolacha Wafer Framboesa,VIEIRA,Emb. 0.15 KG,"1,25€","8,33€ / KG",
Bolachas com Recheio de Aroma a Laranja,P'TIT DÉLI,Emb. 0.15 KG,"1,19€","7,93€ / KG",
QUEIJO PARA BARRAR COM PIMENTA,LES CROISÉS,Emb. 0.15 KG,"1,09€","7,27€ / KG",
Esfregão Salva Unhas Comfort,SCOTCH BRITE,Emb. 2 UNID.,"2,53€","1,27€ / UNID.",
Concentrado de Fruta Tropical,SUNQUICK,Garrafa 0.7 LT,"5,78€","8,26€ / LT",
Difusor e Recarga Elétrica Lavanda e Camomila,AIR WICK,Emb. 0.019 LT,"5,39€","283,68€ / LT",
Sortidos de Biscoitos,ECO+,Emb. 0.5 KG,"1,99€","3,98€ / KG",
Stick P/ Gato Salmão 3X5G,LYCAT,Emb. 3 UNID.,"0,49€","0,16€ / UNID.",
Sacos Cozedura no Forno Elembal,ELEMBAL,Emb. 5 UNID.,"0,70€","0,14€ / UNID.",
Champô SOS,AUSSIE,Emb. 0.29 LT,"5,99€","20,66€ / LT",
Bife Picanha Novilho,,1 Unid. = 0.2 KG (aprox.),"17,99€/kg","3,60€ / Unid.",
CROISSANT CONGELADO 6UN,EPI D'OR,Emb. 0.36,"2,59€","7,19€ /",
"GEL DUCHE ""BAMBU/TORANJA"" CONCENTRADO",NATEIS,,"1,85€",/ Unid.,
Salsichas Peru Forno Lenha,IZIDORO,Emb. 5 UNID.,"2,49€","0,50€ / UNID.",
Conserva de Salsichas Extra Suculentas Aves 7 Unid.,NOBRE,Frasco 0.35 KG,"1,68€","4,80€ / KG",
Mostarda,RUSTICA,Emb. 0.225 KG,"1,19€","5,29€ / KG",
Eau De Toilette Homem Dark Temptation,AXE,Emb. 0.05 LT,"10,74€","214,80€ / LT",
Codornizes,,1 Unid. = 0.14 KG (aprox.),"0,99€","7,07€ / KG",
Saco Cubos Gelos,ELEMBAL,Emb. 15 UNID.,"0,69€","0,05€ / UNID.",
Gillette Venus Swirl Depilatória,VENUS,Emb. 1 UNID.,"10,98€","10,98€ / UNID.",
Batatas Fritas com Sal 6x30 g,LAY'S,Emb. 0.18 KG,"2,28€","12,67€ / KG",
Alimento Seco P/ Cão Active de Frango e Arroz,PURINA,Emb. 0.8 KG,"5,68€","7,10€ / KG",
Fermento em Pó,ROYAL,Lata 0.226 KG,"3,58€","15,84€ / KG",
Massa Pontinha Clássica,NACIONAL,Emb. 0.25 KG,"0,84€","3,36€ / KG",
Rum Carta Blanca,BACARDI,Garrafa 0.7 LT,"17,08€","24,40€ / LT",
Salame Fatiado Tapas,CAMPOFRIO,Emb. 0.08 KG,"1,88€","23,50€ / KG",
Preparado Sopa de Cozido,KNORR,Emb. 0.069 KG,"1,49€","21,59€ / KG",
ALIMENT BEBE: PURE ERVILHAS BIO +4M  2X120G,BIO VILLAGE BEBE,Emb. 0.24 KG,"1,45€","6,04€ / KG",
CROQUETES CAO PEQUENO SEM CEREAIS,PLENIMA,Emb. 2 KG,"5,85€","2,93€ / KG",
PILHA ALCALINA 6LR61,FOXTER,Emb. 1 UNID.,"3,29€","3,29€ / UNID.",
Desodorizante Roll-On Invisible Care,DOVE,Emb. 0.05 LT,"2,69€","53,80€ / LT",
Pasta Dentífrica Nourish Branco Saudável,SENSODYNE,Emb. 0.075 KG,"4,28€","57,07€ / KG",
Crepes com Manteiga,P'TIT DÉLI,Emb. 0.3 KG,"1,99€","6,63€ / KG",
Alimento Húmido P/ Gato Gold Salmão,GOURMET,Emb. 0.085 KG,"0,74€","8,71€ / KG",
Barrinhas P/ Canários sabor a Ovo,TOUS MES AMIS,Emb. 0.06 KG,"1,69€","28,17€ / KG",
Amaciador de Roupa Rosa,,Emb. 4 LT,"1,99€","0,50€ / LT",
Toalhitas Limpa Vidros,CLAIR,Emb. 20 UNID.,"0,89€","0,04€ / UNID.",
AGUA MICELAR,INELL,Emb. 0.5 LT,"2,59€","5,18€ / LT",
"MASSA FRESCA ""RAVIOLI"" BOLONHESA",TURINI,Emb. 0.3 KG,"2,49€","8,30€ / KG",
Pudim Caseiro Laranja,ROYAL,Emb. 0.2 KG,"1,98€","9,90€ / KG",
Líquido Sanitário Lixívia Perfumada,NEOBLANC,Emb. 0.7 LT,"2,09€","2,99€ / LT",
VELA NUMERO FUN 3,ARDENCE,Emb. 1 UNID.,"0,99€","0,99€ / UNID.",
Sumo 100% Ananás,JAFADEN,Emb. 1 LT,"1,69€","1,69€ / LT",
Vinho Tinto Titan Douro,TITAN DE DOURO,Emb. 0.75 LT,"12,98€","17,31€ / LT",
Sardinha Grande,,1 Unid. = 0.15 KG (aprox.),"5,95€/kg","0,89€ / Unid.",
QUEIJO MAROILLES,NOS RÉGIONS ONT DU TALENT,Emb. 0.2 KG,"3,09€","15,45€ / KG",
Azeite Virgem Extra Grande Escolha,GALLO,Emb. 0.5 LT,"4,99€","9,98€ / LT",
SORTIDO GOMAS BRILHO,COPAÍNS COPINES,Emb. 0.6 KG,"2,99€","4,98€ / KG",
Doce de Quatro Frutos sem Açúcar,ST. DALFOUR,Frasco 0.284 KG,"4,38€","15,42€ / KG",
Drageias Chocolate Tubo Tripack,PINTAROLAS,Emb. 0.066 KG,"1,38€","20,91€ / KG",
Cream Crackers,JACOB'S,Emb. 0.2 KG,"1,18€","5,90€ / KG",
KETCHUP TOP DOWN,RUSTICA,Emb. 0.56 KG,"1,09€","1,95€ / KG",
Tomate Cherry,,1 Unid. = 0.25 KG  (aprox.),"10,99€/kg","2,75€ / Unid.",
B&J Caramel Brownie Party 465ml,,Emb. 0.465 LT,"6,78€","14,58€ / LT",
Sticks P/ Gato C/ Frango,TOUS MES AMIS,Emb. 3 UNID.,"0,49€","0,16€ / UNID.",
MIOLO DE NOZ,TABLIER BLANC,Emb. 0.05 KG,"0,99€","19,80€ / KG",
Vodka Premium 100% Pure,ERISTOFF,Garrafa 0.7 LT,"12,98€","18,54€ / LT",
CHOURICAO FATIADO,CAMPO FINO,Emb. 0.15 KG,"1,19€","7,93€ / KG",
CAPS CAFE COMP C/ DQ XL MAXIMO - INT10,PLANTATION,40 UNID.,"6,49€","0,16€ / UNID.",
Guardanapos 2 Folhas Tipo Tecido,MARQUE REPERE,Emb. 40 UNID.,"1,49€","0,04€ / UNID.",
FIAMBRE PA EXTRA PARIS 4 FATIAS -25% SAL,TRADILÈGE,Emb. 0.14 KG,"1,99€","14,21€ / KG",
Iogurte Líquido Morango 4x155g,CORPOS DANONE,Emb. 0.62 KG,"1,69€","2,73€ / KG",
Chá Preto English Breakfast,LIPTON,Emb. 20 SAQS,"1,29€","0,06€ / SAQS",
Vinho do Porto Branco,FERREIRA,Garrafa 0.75 LT,"6,28€","8,37€ / LT",
Snack P/ Cão Adulto Biscuit,PURINA,Emb. 0.65 KG,"3,98€","6,12€ / KG",
CONJUNTO 10 CANETAS VARIAS CORES,ECO+,Emb. 10 UNID.,"1,49€","0,15€ / UNID.",
Salva Camas 60x75CM,LINDOR,Emb. 15 UNID.,"8,48€","0,57€ / UNID.",
Sticks Dentários,PLENIMA,Emb. 0.18 G,"1,79€","9,94€ / G",
"""QUENELLES"" DE VITELA C/ MOLHO ""FINANCIERE""",CÔTÉ TABLE,Emb. 0.4 KG,"1,49€","3,73€ / KG",
Bolachas Digestivas sem Açúcar,THINS,Emb. 0.174 KG,"2,48€","14,25€ / KG",
SACOS LIXO C/ ATILHO 30L,ELEMBAL,Emb. 25 UNID.,"1,19€","0,05€ / UNID.",
Papaia Aérea,,1 Unid. = 0.514 KG (aprox.),"4,99€/kg","2,56€ / Unid.",
Pão de Especiarias com Mel Biológico,,Emb. 0.3 KG,"1,99€","6,63€ / KG",
Recarga Sabonete Líquido Lavanda,MANAVA,Emb. 0.25 LT,"0,65€","2,60€ / LT",
Vinho Regional Douro Tinto,ESTEVA,Garrafa 0.75 LT,"4,98€","6,64€ / LT",
Massa Letras,MILANEZA,Emb. 0.25 KG,"0,84€","3,36€ / KG",
Vinho Rosé Frutado,SALVE,Garrafa 0.75 LT,"1,29€","1,72€ / LT",
Gelado Romântica Original,CARTE D'OR,Emb. 0.75 LT,"4,84€","6,45€ / LT",
Sumo de Maçã à Base de Concentrado,JAFADEN,Emb. 2 LT,"1,29€","0,65€ / LT",
Alho Picado,MARGÃO,Frasco 0.06 KG,"3,18€","53,00€ / KG",
Refrigerante C/ Gás Zero Açúcar Pack 4,COCA COLA,Emb. 4 LT,"4,55€","1,14€ / LT",
Espinafres em Molhos Ultracongelados,,Emb. 0.6 KG,"1,69€","2,82€ / KG",
QUEIJO FLAMENGO FATIADO,ECO+,Emb. 0.2 KG,"1,49€","7,45€ / KG",
Bolachinhas P/ Bebé +6 meses,NESTLÉ,Emb. 0.18 KG,"2,49€","13,83€ / KG",
TERRA UNIVERSAL,ECO+,Emb. 40 LT,"3,29€","0,08€ / LT",
Cereais Arroz S/ Glúten,NESTUM,Emb. 0.25 KG,"2,48€","9,92€ / KG",
Conserva De Feijão Frade 425g,NOTRE JARDIN,Lata 0.425 KG,"0,69€","1,62€ / KG",
Cinta C/ Fivela 5Metros,ECO+,Emb. 2 UNID.,"2,50€","1,25€ / UNID.",
Caramelo Líquido,ROYAL,Emb. 0.4 KG,"2,68€","6,70€ / KG",
Fígado de Porco,,1 Unid. = 0.2 KG (aprox.),"2,79€/kg","0,56€ / Unid.",
Cevada Especial Torrada Moída,DELTA,Emb. 0.25 KG,"0,88€","3,52€ / KG",
Margarina Óleo Girassol 1/2 Sal,NAT&VIE,Emb. 0.5 KG,"1,99€","3,98€ / KG",
Bechamel,PARMALAT,Emb. 0.2 KG,"1,05€","5,25€ / KG",
ALIMENTO HUMIDO ALMONDEGAS AVE P/ GATO,ECO+,Emb. 0.82 KG,"1,29€","1,57€ / KG",
Vinho Regional Douro Tinto,VINHA GRANDE,Garrafa 0.75 LT,"9,98€","13,31€ / LT",
Mini Tostas Normais Retangulares,BIMBO,Emb. 0.1 KG,"1,24€","12,40€ / KG",
Pimenta Preta Grãos,RUSTICA,Frasco 0.04 KG,"1,50€","37,50€ / KG",
"BL1 LED CAPS G9 2,8-25W",FOXTER,Emb. 1 UNID.,"3,99€","3,99€ / UNID.",
PERSIL COLOR GEL,PERSIL,Emb. 80 DOSES,"14,99€","0,19€ / DOSES",
Refrigerante com Gás Ginger Ale,SCHWEPPES,Garrafa 1 LT,"1,94€","1,94€ / LT",
Deo Spray Invisible para Homem,SANEX,Emb. 0.2 LT,"2,39€","11,95€ / LT",
VARINHA MAGICA 600W C/ACESSORIOS,ELSAY,Emb. 1 UNID.,"29,90€","29,90€ / UNID.",
CHOCOLATE PRETO C/ PEPITAS DE CARAMELO E FLOR DE SAL,EQUADOR,Emb. 0.1 KG,"1,19€","11,90€ / KG",
Johnson\'s Loção para Crianças Bons Sonhos,JOHNSON'S BABY,Emb. 0.5 LT,"3,89€","7,78€ / LT",
AMBIENTADOR GEL LIRIO VALE,BIEN AIR,Emb. 0.15 KG,"0,89€","5,93€ / KG",
Ice Tea Limão 2x2lt,LIPTON,Emb. 4 LT,"4,99€","1,25€ / LT",
Molho Vinagrete com Ervas Aromáticas,RUSTICA,Emb. 0.5 LT,"1,26€","2,52€ / LT",
Faneca Média,,1 Unid. = 0.1 KG (aprox.),"4,10€/kg","0,41€ / Unid.",
Sabonete Moisture Care 4 unid.,PALMOLIVE,Emb. 0.09 KG,"4,48€","49,78€ / KG",
Bolachas Crocantes sem Glúten 2x125g,CHAQUE JOUR SANS GLUTEN,Emb. 0.25 KG,"2,99€","11,96€ / KG",
Champô Repara e Protege com Biotina,TRESEMMÉ,Emb. 0.4 LT,"4,19€","10,48€ / LT",
Xarope de Limão,FRUCCI,Garrafa 0.75 LT,"3,89€","5,19€ / LT",
"Requeijão de Vaca, Cabra e Ovelha",SALOIO,Emb. 0.17 KG,"1,78€","10,47€ / KG",
Creme 6 Chocolate e 6 Baunilha 12x125 g,ECO+,Emb. 1.5 KG,"2,69€","1,79€ / KG",
Bolachas de Trigo e Sementes de Sésamo,NAT&VIE,Emb. 0.2 KG,"1,69€","8,45€ / KG",
BLOCO SANITARIO ANTI-TARTARO PINHO 3UN,ECO+,Emb. 3 UNID.,"0,99€","0,33€ / UNID.",
Pantene Creme de Pentear Sem Enxaguar Cabelo ondulado 270ml,PANTENE PV,Emb. 0.27 LT,"4,49€","16,63€ / LT",
Pá Mão,BEAUX JOURS,Emb. 1 UNID.,"2,99€","2,99€ / UNID.",
Compota de Maçã e Pêra Biológica 4x100g,,Emb. 0.4 KG,"1,99€","4,98€ / KG",
PENSOS INCONTINENCIA U. FINOS NORMAL POCKET,CHORYS,Emb. 16 UNID.,"1,99€","0,12€ / UNID.",
PERSIL SABAO A&B GEL,PERSIL,Emb. 60 DOSES,"9,99€","0,17€ / DOSES",
SNACKS PREMIUM CARNE 50G LYCAT,LYCAT,Emb. 0.05 KG,"1,29€","25,80€ / KG",
ARROZ REDONDO ESPECIAL RISOTTO,COMPTOÍR DU GRAIN,Emb. 0.5 KG,"0,99€","1,98€ / KG",
MOLHO PIMENTA,RUSTICA,Emb. 0.3 LT,"1,39€","4,63€ / LT",
Sopa Rabo de Boi 4 Porções,KNORR,Emb. 0.071 KG,"1,49€","20,99€ / KG",
Jardineira Vitelão Embalada,,1 Unid. = 0.35 KG (aprox.),"6,99€/kg","2,45€ / Unid.",
Cerveja com Álcool 15x20cl,SUPER BOCK,Emb. 3 LT,"6,59€","2,20€ / LT",
Tampões com Aplicador Pearl Super,TAMPAX,Emb. 24 UNID.,"4,98€","0,21€ / UNID.",
Pães de Leite 10Unid.,ECO+,Emb. 0.4 KG,"1,45€","3,63€ / KG",
Bacalhau Graúdo Noruega Asa Preta,,1 Unid. = 2.5 KG,"12,79€/kg","31,98€ / Unid.",
Tortellini de Carne,KNORR,Emb. 0.25 KG,"3,68€","14,72€ / KG",
Tomato Frito,HEINZ,Emb. 0.35 KG,"1,19€","3,40€ / KG",
Manteiga Light,MATINAL,Emb. 0.25 KG,"2,38€","9,52€ / KG",
SYOSS OLEO INT. 4-18 CAST.PRALI,SYOSS,,"6,24€",/ Unid.,
Filetes Primavera Alecrim & Sal Marinho,IGLO,Emb. 0.225 KG,"3,99€","17,73€ / KG",
Alimento Húmido P/ Gato Fórmula Indoor Atum e Vitela Pack 4,PURINA ONE,4 G,"3,48€","0,87€ / G",
PERSIL LAVANDA GEL,PERSIL,Emb. 80 DOSES,"14,99€","0,19€ / DOSES",
QUEIJO EDAM FATIADO,ECO+,Emb. 0.5 KG,"3,55€","7,10€ / KG",
Ancinho Mão,BEAUX JOURS,Emb. 1 UNID.,"3,49€","3,49€ / UNID.",
IOGURTE LIQUIDO SABOR A MORANGO 8H FORA FRIGORIFICO,DÉLISSE,Emb. 0.8 KG,"1,99€","2,49€ / KG",
IOGURTE BIFIDUS COCO,DÉLISSE,Emb. 0.5 KG,"0,99€","1,98€ / KG",
VASSOURA RELVA FIXO ECO+,ECO+,Emb. 1 UNID.,"3,99€","3,99€ / UNID.",
Doce de Morango Biológico,,Emb. 0.37 KG,"2,15€","5,81€ / KG",
Drageia Mastigável de Mentos Frutas,MENTOS,Emb. 0.12 KG,"1,88€","15,67€ / KG",
Peito de Pato,,1 Unid. = 0.35 KG  (aprox.),"2,89€/kg","1,01€ / Unid.",
Alimento Húmido P/ Gatinhos C/ Vitela,GOURMET,Emb. 0.085 KG,"0,74€","8,71€ / KG",
Bolo de Gema,,1 Unid. = 0.25 KG  (aprox.),"2,19€","8,76€ / KG",
PANNA COTA COM BASE DE FRAMBOESA,EQUADOR,Emb. 0.24 KG,"1,99€","8,29€ / KG",
SACO CONGELACAO PEQUENO,ELEMBAL,Emb. 50 UNID.,"0,79€","0,02€ / UNID.",
TARTE DE MACA,P'TIT DÉLI,Emb. 0.3 KG,"2,99€","9,97€ / KG",
Vinho D'Alsace Pinot Gris A.O.C. 2014,REBMANN,Garrafa 0.75 LT,"5,99€","7,99€ / LT",
CANETA FELTRO PONTA FINA VARIAS CORES 12UN,ESQUISSE,Emb. 12 UNID.,"4,49€","0,37€ / UNID.",
"GEL DUCHE ""CACTO/BANANA"" CONCENTRADO",NATEIS,,"1,85€",/ Unid.,
Barrinhas P/ Canários sabor a Frutas,TOUS MES AMIS,Emb. 0.06 KG,"1,69€","28,17€ / KG",
Vinho de Mesa Tinto,ECO+,Emb. 2 LT,"2,69€","1,35€ / LT",
Destop Manutenção de Canalizações Perfumado,DESTOP,Emb. 0.75,"5,99€","7,99€ /",
DOSSIER A4 PLÁSTICO 4ARG,ESQUISSE,Emb. 1 UNID.,"2,19€","2,19€ / UNID.",
Vinho Branco Frutado,CORAÇÃO DA MINHA,Garrafa 0.75 LT,"1,58€","2,11€ / LT",
Máquinas de Barbear Descartáveis Blue II Plus Mulher,GILLETTE,Emb. 6 UNID.,"2,98€","0,50€ / UNID.",
Bolachas Cookies com Drageias de Chocolate de Leite e Pepitas,P'TIT DÉLI,Emb. 0.15 KG,"1,39€","9,27€ / KG",
PILHAS ALCALINAS LR3 TECH+,FOXTER,Emb. 8 UNID.,"3,59€","0,45€ / UNID.",
Leite Bem Essencial UHT Meio Gordo,MIMOSA,Emb. 1 LT,"0,94€","0,94€ / LT",
BARQUETTES MORANGO BIO,,Emb. 0.12 KG,"1,79€","14,92€ / KG",
DANACOL LÍQUIDO COLESTEROL NOZ,DANACOL,Emb. 6 UNID.,"2,99€","0,50€ / UNID.",
Café Torrado Puro Arabica Moído,,Emb. 0.5 KG,"3,99€","7,98€ / KG",
Leite de Crescimento 1+ Cereais,NESTLÉ,Emb. 1 LT,"2,48€","2,48€ / LT",
EXFOLIANTE FACIAL TODO TIPO PELE 75ML,BIONAÏA,Emb. 0.075 LT,"2,49€","33,20€ / LT",
Recargas Elétricas para Ambientador,AIR WICK,Emb. 0.019 LT,"10,64€","560,00€ / LT",
Broa de Milho com Chouriço,,1 Unid. = 0.5 KG (aprox.),"4,59€/kg","2,30€ / Unid.",
VINAGRE CRISTAL BRANCO 0.75L,CRISTAL,,"1,29€",/ Unid.,
Tiras de Entrecosto Porco Embalado,,Emb. 0.5 KG (aprox.),"5,19€","10,38€ / KG",
Chá Preto Immune Support de Gengibre e Cúrcuma,LIPTON,Emb. 20 SAQS,"1,74€","0,09€ / SAQS",
Feijão Frade Seco,NOTRE JARDIN,Emb. 0.5 KG,"0,99€","1,98€ / KG",
Alimento Seco Cão Júnior,PURINA FRISKIES,Emb. 1.5 KG,"6,48€","4,32€ / KG",
Sabonete Delicado Care 4 unid.,PALMOLIVE,Emb. 0.09 KG,"4,48€","49,78€ / KG",
Arroz Vaporizado,COZINHA VELHA,Emb. 1 KG,"1,48€","1,48€ / KG",
Abrilhantador Loiça 0%,FINISH,Emb. 0.4 LT,"5,19€","12,98€ / LT",
Aguardente Velha,CR&F,Emb. 0.7 LT,"18,98€","27,11€ / LT",
Creme Limpeza Original Multiusos,CIF,Emb. 0.7 LT,"2,49€","3,56€ / LT",
BL2 LED SPOT 3-35W GU10,FOXTER,Emb. 2 UNID.,"6,99€","3,50€ / UNID.",
LIEGEOIS FRAMBOISE DEL,DÉLISSE,Emb. 0.4 KG,"1,89€","4,73€ / KG",
Desodorizante Roll-On Invisible 48H,REXONA,Emb. 0.05 LT,"2,39€","47,80€ / LT",
Sticks Dentários Cão Pequeno 7 Unid.,PLENIMA,Emb. 0.11 KG,"1,09€","9,91€ / KG",
Cápsulas Café Blonde P/ Nespresso Intensidade 6,STARBUCKS,Emb. 10 CAPS.,"4,48€","0,45€ / CAPS.",
Sumo 100% Maçã Bio,,Emb. 1 LT,"1,19€","1,19€ / LT",
Sementes de Girassol,MARQUE REPERE,Emb. 0.2 KG,"0,99€","4,95€ / KG",
Preparado Sopa Regular Legumes,KNORR,Emb. 0.063 KG,"1,49€","23,65€ / KG",
Luvas para Uso Doméstico Tamanho L,MAMISON,Emb. 1 UNID.,"0,69€","0,69€ / UNID.",
ChuChu,,1 Unid. = 0.29 KG (aprox.),"2,89€/kg","0,84€ / Unid.",
Bolachas Maria Dorada,GULLÓN,Emb. 0.6 KG,"3,43€","5,72€ / KG",
IOGURTES EM TUBO C/FRUTAS X12,DÉLISSE,Emb. 0.48 KG,"2,15€","4,48€ / KG",
Tarte Gelada Baunilha,VIENNETTA,Emb. 0.65 LT,"3,98€","6,12€ / LT",
DETERGENTE LIQUIDO PERFECT PRETO 25D,EPSIL,Emb. 25 DOSES,"1,89€","0,08€ / DOSES",
FRALDA INCONTINENCIA GRANDE,CHORYS,Emb. 20 UNID.,"10,99€","0,55€ / UNID.",
BL1 LED CHAMA 3.2W - 25W E14,FOXTER,Emb. 1 UNID.,"2,49€","2,49€ / UNID.",
Bolachas Mini Dinosauros Cereais Saquetas,ARTIACH,Emb. 0.12 KG,"1,88€","15,67€ / KG",
Esfregona de Algodão,,Emb. 1 UNID.,"0,90€","0,90€ / UNID.",
Refrigerante C/ Gás Cola Zero,JEAN'S,Garrafa 1.5 LT,"0,59€","0,39€ / LT",
ACETONA,ECO+,Emb. 0.25 LT,"1,09€","4,36€ / LT",
BANDAS DEPILATORIAS CERA FRIA PELE SENSIVEL AXILA/VIRILHA 16UN,SLISS,Emb. 16 UNID.,"1,65€","0,10€ / UNID.",
AZEITONA VERDE S/CAROCO -25% TEOR SAL,RUSTICA,Emb. 0.335 KG,"1,39€","4,15€ / KG",
CADERNO ESPIRAL PAUTADO C. PP A4 120F,ESQUISSE,Emb. 1 UNID.,"3,19€","3,19€ / UNID.",
MANTEIGA D'ISIGNY DOP,NOS RÉGIONS ONT DU TALENT,Emb. 0.25 KG,"2,74€","10,96€ / KG",
Caldo Natura de Galinha Pack 4,KNORR,Emb. 0.112 KG,"1,49€","13,30€ / KG",
Fiambre da Perna Extra Finíssimos,NOBRE,Emb. 0.12 KG,"2,68€","22,33€ / KG",
Alimento Seco P/ Gato Sénior +11 Frango,PURINA ONE,Emb. 0.8 KG,"6,98€","8,73€ / KG",
Uva Red Globe,,1 Unid. = 0.25 KG (aprox.),"2,29€/kg","0,57€ / Unid.",
FILETES DE CAVALA C/ MOSTARDA A L'ANCIENNE,PÊCHE OCÉAN,Emb. 0.169,"1,69€","10,00€ /",
Pensos Incontinência Anatómicos Plus,LINDOR,Emb. 20 UNID.,"10,98€","0,55€ / UNID.",
Camarão Cozido Cal. 20/30,,1 Unid. = 0.19 KG (aprox.),"14,99€/kg","2,85€ / Unid.",
Néctar de Pera Clássico 3 Unid.,JAFADEN,Emb. 0.6 LT,"0,89€","1,48€ / LT",
Sumo de Toranja Rosa,JAFADEN,Emb. 1 LT,"1,39€","1,39€ / LT",
Aveia Instantânea Natural,PROZIS,Emb. 1.25 KG,"349,00€","279,20€ / KG",
ESCOVA DE DENTES CRIANCA COM LUZ  +3 ANOS,PETIT DENTAMYL,Emb. 1 UNID.,"2,49€","2,49€ / UNID.",
Caldo de Galinha,KNORR,Emb. 0.084 KG,"1,39€","16,55€ / KG",
Pizza Fresca Queijo e Fiambre,TURINI,Emb. 0.45 KG,"2,49€","5,53€ / KG",
Almôndegas,NOBRE,Emb. 0.42 KG,"2,74€","6,52€ / KG",
DENTIFRICO PROTECAO CARIE,DENTAMYL,Emb. 0.075 LT,"0,99€","13,20€ / LT",
Vinho Regional Dão Branco,DUQUE DE VISEU,Garrafa 0.75 LT,"4,48€","5,97€ / LT",
Chouriço Corrente 4x100gr,PRIMOR,Emb. 0.4 KG,"2,34€","5,85€ / KG",
Tempero Chili com Carne 4 porções,KNORR,Emb. 0.042 KG,"1,53€","36,43€ / KG",
Gomas Bananas,INTERDOCES,Emb. 0.15 KG,"1,88€","12,53€ / KG",
Cola Cyano Líquida,FOXTER,Emb. 0.003 KG,"1,59€","530,00€ / KG",
Caldo Culinário 24 Cubos,CALVÉ,Emb. 0.24 KG,"1,94€","8,08€ / KG",
QUEIJO PARMIGIANO REGGIANO DOP 30MESES,TRADIZIONI D'ITALIA,Emb. 0.2 KG,"5,99€","29,95€ / KG",
Bolachas Ovos Dinossauros,ARTIACH,Emb. 0.14 KG,"2,08€","14,86€ / KG",
Mortadela Simples,ELPOZO,1 Unid. = 0.2 KG (aprox.),"6,99€/kg","1,40€ / Unid.",
Azeite Virgem Extra Seleção Ouro,OLIVEIRA DA SERRA,Garrafa 0.75 LT,"4,89€","6,52€ / LT",
Alimento Seco P/ Gato Bola Pelo/Esteril,PURINA ONE,Emb. 0.8 KG,"6,98€","8,73€ / KG",
LAMINAS DUPLO SENTIDO 10UN  10UN CARRE HOMME,CARRÉ HOMME,,"0,90€",/ Unid.,
MUESLI CHOCOLATE E AVELA TEOR ACUCAR REDUZIDO,GRAINEA,Emb. 0.35 KG,"2,69€","7,69€ / KG",
Papel Higiénico Decorado,MARQUE REPERE,Emb. 12 UNID.,"3,99€","0,33€ / UNID.",
COBERTURA TABUA DE ENGOMAR 122x45,ECO+,Emb. 1 UNID.,"4,49€","4,49€ / UNID.",
Azeites Verdes,OLIVEIRA DA SERRA,Garrafa 0.75 LT,"4,26€","5,68€ / LT",
Espuma de Barbear Clássica,GILLETTE,Emb. 0.2 LT,"2,98€","14,90€ / LT",
BARRA CEREAIS ALPERCE,GRAINEA,Emb. 0.13 KG,"1,49€","11,46€ / KG",
Chocolate de Caramelo e Avelãs,MILKA,Emb. 0.3 KG,"3,98€","13,27€ / KG",
Alimento Seco P/ Gato Croquetes Salmão e Legumes,LYCAT,Emb. 2 KG,"3,99€","2,00€ / KG",
ABRASIVO SANITARIO MENTA/EUCALIPTO ECO 750ML,UNÍ VERT,Emb. 0.75 LT,"1,19€","1,59€ / LT",
ESPARGUETE INTEGRAL,TURINI,Emb. 0.5 KG,"1,39€","2,78€ / KG",
Queijo Roquefort,NOS RÉGIONS ONT DU TALENT,1 Unid. = 0.25 KG (aprox.),"22,99€/kg","5,75€ / Unid.",
Vinho Regional Alentejo Tinto,MONSARAZ,Garrafa 0.75 LT,"3,98€","5,31€ / LT",
Máquinas de Barbear Descartáveis Blue II,GILLETTE,Emb. 10 UNID.,"5,98€","0,60€ / UNID.",
LENCOS FACIAIS 2F,ECO+,Emb. 150 UNID.,"0,89€","0,01€ / UNID.",
Água C/ Gás 6x25cl,CASTELLO,Emb. 1.5 LT,"2,78€","1,85€ / LT",
Água com Gás Groselha 4x25 cl,FRIZE,Emb. 1 LT,"2,78€","2,78€ / LT",
Arroz Agulha,ORIENTE,Emb. 1 KG,"1,48€","1,48€ / KG",
PREPA PAIN CEREALES,TABLIER BLANC,Emb. 1 KG,"1,98€","1,98€ / KG",
Amaciador Roupa Concentrado Lírios e Frutos Vermelhos,QUANTO,Emb. 84 DOSES,"4,89€","0,06€ / DOSES",
Bolachas Maria Doces,VIEIRA,Emb. 0.3 KG,"2,53€","8,43€ / KG",
PURE MACA/RUIBARBO BAIXO TEOR ACUCAR,DOUCEUR DU VERGER,Emb. 0.4 KG,"1,59€","3,98€ / KG",
Cerveja sem Álcool Preta 6x33cl,CHEERS,Emb. 0.33 LT,"3,58€","10,85€ / LT",
Costeletas do Cachaço Porco,,1 Unid. = 0.2 KG (aprox.),"4,39€/kg","0,88€ / Unid.",
OIKOS MAÇA CANELA 110G X4,OIKOS,Emb. 0.44 KG,"2,39€","5,43€ / KG",
DETERGENTE MAQ LOICA PASTILHAS TOTAL+ 45UN,VISIOR,Emb. 45 UNID.,"4,49€","0,10€ / UNID.",
Queijo Regional Vaca Cabra Ovelha Curado,SALOIO,Emb. 0.19 KG,"3,78€","19,89€ / KG",
Pão Bimbo Familiar,BIMBO,Emb. 0.7 KG,"2,08€","2,97€ / KG",
Iogurte Soja Baunilha 4 Unid.,NAT&VIE,Emb. 0.4 KG,"1,34€","3,35€ / KG",
Amaciador Concentrado Frescura 3 Unid.,HYPERDOU,Emb. 0.25 LT,"1,99€","7,96€ / LT",
PORTFOLIO A4 120 BOLSAS,ESQUISSE,Emb. 120 UNID.,"5,19€","0,04€ / UNID.",
Milho C/ Sal,MARQUE REPERE,Emb. 0.2 KG,"0,99€","4,95€ / KG",
Flocos de Mel,MOTS D'ENFANTS,Emb. 0.75 KG,"2,99€","3,99€ / KG",
CONJUNTO ESFREGONA ROTATIVA,,Emb. 1 UNID.,"19,99€","19,99€ / UNID.",
SPRAY LIMPA ESTOFOS 1 L 1L TECH9,TECH9,Emb. 1 LT,"3,19€","3,19€ / LT",
Água sem Gás,VITALIS,Garrafa 0.5 LT,"0,30€","0,60€ / LT",
Queijo Ralado 3 Queijos,LES CROISÉS,Emb. 0.15 KG,"1,69€","11,27€ / KG",
Nuggets Peito de Frango e Queijo Ultracongelado,CAPITÃO IGLO,Emb. 0.208 KG,"5,98€","28,75€ / KG",
Conserva de Salsichas 8 Unid.,CÔTÉ TABLE,Lata 0.2 KG,"0,79€","3,95€ / KG",
Toalhitas Pele Sensível,MOTS D'ENFANTS,Emb. 63 UNID.,"1,29€","0,02€ / UNID.",
SNACKS PREMIUM PEIXE 50G LYCAT,LYCAT,Emb. 0.05 KG,"1,29€","25,80€ / KG",
Aparas de Madeira Perfumadas Limão Roedores,TOUS MES AMIS,Emb. 15 LT,"2,69€","0,18€ / LT",
Café Torrado Moído,PLANTATION,Emb. 0.25 KG,"1,69€","6,76€ / KG",
CREPES DA BRETANHA COM CHOCOLATE PRETO,NOS RÉGIONS ONT DU TALENT,Emb. 0.1 KG,"1,49€","14,90€ / KG",
BLOCO NOTAS  LISO 50F A4,ESQUISSE,Emb. 50 FOLHAS,"1,59€","0,03€ / FOLHAS",
Maionese Magra,CALVÉ,Emb. 0.447 KG,"3,48€","7,79€ / KG",
SABONETE SOLIDO F. TIARE/ORQUIDEA,MANAVA,Emb. 0.1 KG,"0,59€","5,90€ / KG",
Pão de Forma com Códea Receita Económica,PANRICO,Emb. 0.475 KG,"1,73€","3,64€ / KG",
Água sem Gás,FASTIO,Garrafa 6 LT,"1,88€","0,31€ / LT",
Desodorizante Roll-On Shower Fresh,REXONA,Emb. 0.05 LT,"2,69€","53,80€ / LT",
Refrigerante S/ Gás Laranja,ECO+,Garrafa 2 LT,"0,79€","0,40€ / LT",
Dentrífico Frescura Extrema Doseador,DENTAMYL,Emb. 0.1 LT,"2,15€","21,50€ / LT",
Profiteroles com Molho de Chocolate 4x90g,DÉLISSE,Emb. 0.36 KG,"2,69€","7,47€ / KG",
Tablete Chocolate Preto Culinária,,Emb. 0.1 KG,"0,85€","8,50€ / KG",
FOGUETES P/BOLO,,Emb. 10 UNID.,"1,55€","0,16€ / UNID.",
Snack P/ Cão Sticks C/ Aroma a Veado,PURINA,Emb. 0.09 KG,"1,98€","22,00€ / KG",
Salsichas C/ Feijão,CÔTÉ TABLE,Emb. 0.84 KG,"2,85€","3,39€ / KG",
"GEL DUCHE ""SEDUCAO"" 250ML CARRE HOMME",CARRÉ HOMME,,"0,97€",/ Unid.,
DISCOS P/DESMAQUILHAR INELL 70U,INELL,Emb. 70 UNID.,"0,85€","0,01€ / UNID.",
Ice Tea Manga Ananás,NESTEA,Emb. 1.5 LT,"1,00€","0,67€ / LT",
Vinho Branco Adamado,FAISÃO,Garrafa 1 LT,"2,48€","2,48€ / LT",
GLADE T&F RECARGA LAVANDER,BRISE,Emb. 0.01 LT,"2,09€","209,00€ / LT",
Pantene 3 Minute Miracle Repara & Protege,PANTENE PV,Emb. 0.2 LT,"5,48€","27,40€ / LT",
Bolachas com Pepitas de Chocolate,ECO+,Emb. 0.2 KG,"0,89€","4,45€ / KG",
Massa Macarronete Riscado,MILANEZA,Emb. 0.5 KG,"1,19€","2,38€ / KG",
A.O.C. Costieres de Nimes Rose,RIVES ET TERRASSES,Garrafa 0.75 LT,"3,89€","5,19€ / LT",
ALICATE UNIVERSAL 180MM,FOXTER,Emb. 1 UNID.,"4,99€","4,99€ / UNID.",
Vinho Regional Alentejo Branco,ADEGA DE BORBA,Garrafa 0.75 LT,"3,88€","5,17€ / LT",
RIMMEL BL_  BATON LASTING FINISH KATE MOSS 008,,Emb. 1 UNID.,"8,98€","8,98€ / UNID.",
TAMPAO COMPACTO SUPER,DOULYS,,"2,29€",/ Unid.,
Feijão Verde Extra Finos Ultracongeladas,NOTRE JARDIN,Emb. 1 KG,"1,95€","1,95€ / KG",
Chá Ervas Noite Tranquila,LIPTON,Emb. 0.03 KG,"1,94€","64,67€ / KG",
Pacotinho de Frutas Maçã Cenoura e Manga S/ Glúten +6 meses,NESTLÉ BEBÉ,Emb. 0.09 KG,"1,04€","11,56€ / KG",
Esparguete Clássica,NACIONAL,Emb. 0.5 KG,"0,78€","1,56€ / KG",
Leite Crescimento Júnior 1+ Bolacha Maria,NESTLÉ,Emb. 1 LT,"2,48€","2,48€ / LT",
Lixívia em Gel Pink,DOMESTOS,Emb. 0.75 LT,"1,79€","2,39€ / LT",
CREME DEPILATORIO DE DUCHE,SLISS,Emb. 0.25 LT,"3,99€","15,96€ / LT",
Bebida de Soja 0%,SHOYCE,Emb. 1 LT,"1,48€","1,48€ / LT",
Refrigerante S/ Gás Romã,JAFADEN,Emb. 1 LT,"1,85€","1,85€ / LT",
Cápsulas Delta Q Café Qharisma 10 Unidades,DELTA Q,Emb. 10 UNID.,"2,99€","0,30€ / UNID.",
Gelado Fizz Limão 6 Unid.,OLÁ,Emb. 0.36 LT,"2,99€","8,31€ / LT",
Chá Exotic Passion,LIPTON,Emb. 20 SAQS,"1,94€","0,10€ / SAQS",
Caderno Capa Preta Pautado A5 60p,ESQUISSE,,"0,79€",/ Unid.,
Toalhitas Sensitive Cuidado Máximo 486 unid.,DODOT,Emb. 9 UNID.,"11,59€","1,29€ / UNID.",
Cream Cracker Pimenta Preta,VIEIRA,Emb. 0.2 KG,"1,48€","7,40€ / KG",
Creme Depilatório Pele Sensível,SILISS,Emb. 0.2 LT,"2,75€","13,75€ / LT",
Perna de Coelho,,1 Unid. = 0.5 KG (aprox.),"5,59€/kg","2,80€ / Unid.",
Vinho Regional Alentejano Branco,LOIOS,Garrafa 0.75 LT,"3,98€","5,31€ / LT",
Cápsulas Café Au Lait Galão,DOLCE GUSTO,Emb. 16 CAPS.,"5,98€","0,37€ / CAPS.",
Massa Concha,MILANEZA,Emb. 0.5 KG,"1,19€","2,38€ / KG",
COLORACAO VEGETAL CASTANHO ESCURO BIO,BIONAÏA,Emb. 1 UNID.,"6,99€","6,99€ / UNID.",
Miolo de Camarão 80/100 Ultracongelado,PESCANOVA,Emb. 0.35 KG,"7,19€","20,54€ / KG",
Azeite virgem extra aroma manjericão,GALLO,Emb. 0.25 LT,"2,39€","9,56€ / LT",
PATE CARNE DE VACA/CENOURA P/ GATO 410G,ECO+,Emb. 0.41 KG,"0,65€","1,59€ / KG",
Farofa de mandioca temperada,YOKI,Emb. 0.5 KG,"3,28€","6,56€ / KG",
Vinho Regional Alentejano Tinto,PORTA DA RAVESSA,Garrafa 0.75 LT,"4,98€","6,64€ / LT",
Galettes de Arroz com Recheio de Chocolate e Avelã Biológicas,,Emb. 0.12 KG,"2,69€","22,42€ / KG",
BISCOITOS DE CACAU,P'TIT DÉLI,Emb. 0.4 KG,"1,55€","3,88€ / KG",
Nectar Laranja e Banana,JAFADEN,Emb. 2 LT,"1,99€","1,00€ / LT",
Detergente Loiça Manual Original Ultra,FAIRY,Emb. 1.41 LT,"4,19€","2,97€ / LT",
Arroz Tufado Chocolate,P'TIT DÉLI,,"1,38€",/ Unid.,
VASSOURA,SILLAGE,Emb. 1 UNID.,"1,99€","1,99€ / UNID.",
Lulas Limpas Inteiras,,Emb. 0.5 KG,"6,99€","13,98€ / KG",
FAIRY LIMÃO 340ML,FAIRY,Emb. 0.34 LT,"1,28€","3,76€ / LT",
GELADO TRIUM NOUGAT 4UN,TRIUM,Emb. 4 UNID.,"2,25€","0,56€ / UNID.",
Dentífrico Anti-Tártaro +Blanqueador,COLGATE,Emb. 0.075 LT,"2,23€","29,73€ / LT",
Refrigerante S/ Gás Ananás,JAFADEN,Emb. 1.5 L,"0,99€","0,66€ / L",
Creme Hidratante Dupla Ação,CLEAN & CLEAR,Emb. 0.1 LT,"6,98€","69,80€ / LT",
Álcool Desnaturado,,Emb. 1 LT,"2,99€","2,99€ / LT",
Madalenas em Concha,P'TIT DÉLI,Emb. 0.5 KG,"2,09€","4,18€ / KG",
Água Pura Micelar Peles Secas e Sensíveis,CORINE DE FARME,Emb. 0.5 LT,"4,69€","9,38€ / LT",
Chouriço Extra,DAMATTA,Emb. 0.2 KG,"2,99€","14,95€ / KG",
Conserva de Atum em Óleo Girassol,PÊCHE OCÉAN,Emb. 0.12 KG,"0,99€","8,25€ / KG",
Champô Color-Vive Cabelos Pintados,ELVIVE,Emb. 0.4 LT,"5,98€","14,95€ / LT",
BATATAS FRITAS NO FORNO C/ OLEO GIRASSOL BIO,,Emb. 0.6 KG,"2,19€","3,65€ / KG",
Creme de Chocolate Preto 4x125g,DÉLISSE,Emb. 0.5 KG,"1,59€","3,18€ / KG",
PILHAS ALCALINAS LR6 TECH+,FOXTER,Emb. 4 UNID.,"1,99€","0,50€ / UNID.",
FILETE AFIAMBRADO MINI,CAMPO FINO,Emb. 0.35 KG,"1,85€","5,29€ / KG",
"SPRAY AMBIENTADOR ""FLORAL"" 300ML",BIEN AIR,Emb. 0.3 LT,"0,99€","3,30€ / LT",
PERSIL UNIVERSAL PÓ,PERSIL,Emb. 100 DOSES,"17,19€","0,17€ / DOSES",
Ice Tea Melância Hortelã,LIPTON,Emb. 2 LT,"2,49€","1,25€ / LT",
Refrigerante Lima-Limão C/ Gás,SPRITE,Emb. 1 LT,"0,98€","0,98€ / LT",
Champô Anti-Caspa Controlo de Oleosidade de Citrinos,LINIC,Emb. 0.36 LT,"4,94€","13,72€ / LT",
Conserva de Atum Assado à Algarvia,RAMIREZ,Emb. 0.12 KG,"1,49€","12,42€ / KG",
Ravioli com Fiambre,TURINI,Emb. 0.3 KG,"1,79€","5,97€ / KG",
CONJUNTO CAPA AUTO  MELHOARRA,ECO+,Emb. 1 UNID.,"19,90€","19,90€ / UNID.",
Vinagre de Vinho Branco,ECO+,Garrafa 1 LT,"0,59€","0,59€ / LT",
Café Cápsulas aQtivus Intensidade 8,DELTA,Emb. 10 CAPS.,"2,99€","0,30€ / CAPS.",
Pet Expert Espuma de Limpeza,VANISH,Emb. 1 UNID.,"5,84€","5,84€ / UNID.",
Chupas de Sabores Sortidos,CHUPA CHUPS,Emb. 0.12 KG,"2,98€","24,83€ / KG",
Vinho Tinto,COMP DO VINHO,Bag in Box 5 LT,"4,69€","0,94€ / LT",
Vinho Regional Alentejano Tinto,DOM MARTINHO,Garrafa 0.75 LT,"5,98€","7,97€ / LT",
DETERGENTE CAPSULAS 3 EM 1 FRESCURA P/ROUPA,EPSIL,,"4,89€",/ Unid.,
Gel de Banho Lúcia-Lima e Limão,VASELINE,Emb. 0.7 LT,"2,99€","4,27€ / LT",
Alimento Completo Periquito,VITAKRAFT,Emb. 1 KG,"3,98€","3,98€ / KG",
Pantene Anticaspa Champô,PANTENE PV,Emb. 0.25 LT,"3,29€","13,16€ / LT",
PAPEL HIGIENICO COMPACTO ECO,UNÍ VERT,Emb. 4 UNID.,"3,19€","0,80€ / UNID.",
Alimento Seco P/ Cão S/ Cereais Frango,BEYOND,Emb. 7 KG,"35,98€","5,14€ / KG",
Queijo Roquefort Societé,PRÉSIDENT,1 Unid. = 0.25 KG (aprox.),"29,98€/kg","7,50€ / Unid.",
Caserecce,TRADIZIONI D'ITALIA,Emb. 0.5 KG,"1,59€","3,18€ / KG",
Champô Cabelo Anti-caspa Power,NIVEA MEN,Emb. 0.25 LT,"4,38€","17,52€ / LT",
Bolachas Digestivas Tradicionais,THINS,Emb. 0.174 KG,"2,38€","13,68€ / KG",
Champô Anti-Caspa Frescura Diária de Menta e Limão para Todos os Tipos de Cabelo,LINIC,Emb. 0.36 LT,"4,94€","13,72€ / LT",
Alimento P/ Cão Médio Controlo de Peso +10 Kg Peru C/ Arroz,PURINA,Emb. 2.5 KG,"13,98€","5,59€ / KG",
Intensificador Fragrância Comfort Explosão Floral,COMFORT,Emb. 0.76 UNID.,"5,99€","7,88€ / UNID.",
Maionese com Alho Top Down,CALVÉ,Emb. 0.25 KG,"2,68€","10,72€ / KG",
Alimento Seco para Gato Carne e Cereais,ECO+,Emb. 2 KG,"2,99€","1,50€ / KG",
Bolachas de Diet-Fibra sem Açúcar,GULLÓN,Emb. 0.25 KG,"2,33€","9,32€ / KG",
Recarga Ambientador Smooth Satin & Moon Lilly,AIRWICK,Emb. 1 UNID.,"3,59€","3,59€ / UNID.",
Pão de Forma com Códea Especial Torradas,PANRICO,Emb. 0.75 KG,"1,59€","2,12€ / KG",
Conserva de Feijão Frade da Horta,COMPAL,Lata 0.42 KG,"0,99€","2,36€ / KG",
Gelado Stracciatella,CARTE D'OR,Emb. 0.9 LT,"3,29€","3,66€ / LT",
REFEICAO NOODLES SABOR FRANGO,TABLES DU MONDE,Emb. 0.085 KG,"0,59€","6,94€ / KG",
Água Perfumada para Engomar,COMFORT,Emb. 1 LT,"1,49€","1,49€ / LT",
Pepitas de Chocolate,TABLIER BLANC,Emb. 0.1 KG,"1,99€","19,90€ / KG",
Arroz Carolino,BELMONTE,Emb. 1 KG,"0,99€","0,99€ / KG",
Leite Crescimento Júnior 1+,NESTLÉ,Emb. 1 LT,"2,18€","2,18€ / LT",
Iogurte Natural 4x125g,DÉLISSE,Emb. 0.5 KG,"0,69€","1,38€ / KG",
Cápsulas Café House Blend Lungo P/ Nespresso Intensidade 8,STARBUCKS,Emb. 10 CAPS.,"4,48€","0,45€ / CAPS.",
Farinha Láctea,MOTS D'ENFANTS,Emb. 1 KG,"4,49€","4,49€ / KG",
AXE Gel de Bnaho Green Mojito 400ml,AXE,Emb. 0.4 LT,"3,29€","8,23€ / LT",
BOLACHAS VITALDAY CROCANTE CHOCOLATE 280G,GULLÓN,Emb. 0.28 KG,"2,28€","8,14€ / KG",
"SOBREM. SOJA BAUNILHA,,4x125G",ALPRO,Emb. 0.5 LT,"2,88€","5,76€ / LT",
Infusão Aromático Biológico,,Emb. 0.03 KG,"0,99€","33,00€ / KG",
Pão de Forma,BIMBO,Emb. 0.375 KG,"1,58€","4,21€ / KG",
Infusão Framboesa,LIPTON,Emb. 20 UN,"1,94€","0,10€ / UN",
FORMA DE QUEQUE Nº 04 - PACK 06 UNID.,ECO+,Emb. 1 UNID.,"2,49€","2,49€ / UNID.",
Néctar Clássico Manga,COMPAL,Emb. 1 LT,"1,68€","1,68€ / LT",
PAIO YORK FATIADO,CAMPO FINO,Emb. 0.15 KG,"1,59€","10,60€ / KG",
Bolinhas com Pepitas,P'TIT DÉLI,Emb. 0.24 KG,"1,29€","5,38€ / KG",
PERSIL HIGIENE E PUREZA GEL,PERSIL,Emb. 65 DOSES,"12,49€","0,19€ / DOSES",
GUARDANAPOS AZUL FOLHA SIMPLES RENOVA,GUARDANAPOS RENOVA,Emb. 70 UNID.,"0,78€","0,01€ / UNID.",
Areia Higiénica para Gato,ECO+,Emb. 7 LT,"1,35€","0,19€ / LT",
Esparguete,TURINI,Emb. 1 KG,"1,39€","1,39€ / KG",
Cerveja sem Álcool Preta 6x33cl,SUPER BOCK,Emb. 1.98 LT,"4,49€","2,27€ / LT",
Néctar Vital Equilíbrio Manga Laranja,COMPAL,Emb. 0.33 LT,"0,83€","2,52€ / LT",
Farinha sem Fermento Integral,NACIONAL,Emb. 1 KG,"1,19€","1,19€ / KG",
Espirais,ECO+,Emb. 1 KG,"1,29€","1,29€ / KG",
Bacalhau Graúdo Noruega Asa Branca,,1 Unid. = 2.5 KG (aprox.),"12,99€/kg","32,48€ / Unid.",
SUBLINHADOR AMARELO,ESQUISSE,Emb. 1 UNID.,"0,99€","0,99€ / UNID.",
"Compal veggie cenoura, maça 1L",COMPAL,1 LT,"1,68€","1,68€ / LT",
Bebida Láctea para Gatinhos 3x200ml,LYCAT,Emb. 3 UNID.,"2,38€","0,79€ / UNID.",
Desinfetante Mãos Hidratante,DOVE,Emb. 0.05 LT,"1,88€","37,60€ / LT",
MASSA QUEBRADA BIO,,Emb. 0.23 KG,"1,59€","6,91€ / KG",
Papa Infantil Leite e 8 Cereais e Mel,CERELAC,Emb. 0.4 KG,"1,84€","4,60€ / KG",
Escova Esqueleto Grande,,Emb. 1 UNID.,"3,99€","3,99€ / UNID.",
Queijo Gruyère,NOS RÉGIONS ONT DU TALENT,Emb. 0.25 KG,"4,19€","16,76€ / KG",
SAUCE POIVRE VERT,RUSTICA,Emb. 0.03 KG,"0,45€","15,00€ / KG",
Bolo Floresta Negra,,Emb. 1 KG,"12,99€","12,99€ / KG",
AGRAFADOR Nº26/6 + 400AGRAFOS,ESQUISSE,Emb. 1 UNID.,"2,89€","2,89€ / UNID.",
Alimento Húmido para Gato Fígado e Aves,LYCAT,Emb. 0.1 KG,"0,55€","5,50€ / KG",
Caramelos de Leite,COPAÍNS COPINES,Emb. 0.25 KG,"1,19€","4,76€ / KG",
Bebida à Base de Amêndoa,NAT&VIE,Emb. 1 LT,"1,59€","1,59€ / LT",
Mistura C/ Goji,MARQUE REPERE,Emb. 0.2 KG,"2,99€","14,95€ / KG",
Molho Bechamel Desidratado,RUSTICA,Emb. 0.06 KG,"0,69€","11,50€ / KG",
Snack Batata Frita Sabor Bacon,TOKAPI,Emb. 0.17 KG,"1,95€","11,47€ / KG",
Snack P/ Cão Pequeno 7-12Kg,PURINA,Emb. 0.115 KG,"2,38€","20,70€ / KG",
Vodka Black,ERISTOFF,Garrafa 0.7 LT,"12,98€","18,54€ / LT",
Perca Congelada,,1 Unid. = 1.7 KG (aprox.),"10,44€/kg","17,75€ / Unid.",
Detergente Roupa Máquina Líquido A+ Essência Da Provença,A+,Emb. 100 DOSES,"11,99€","0,12€ / DOSES",
"SALSICHAO SECO ""PUR PORC"" MINI",ST AZAY,Emb. 0.075 KG,"1,39€","18,53€ / KG",
PATE PEIXE P/ GATO 100G ECO+,ECO+,Emb. 0.1 KG,"0,27€","2,70€ / KG",
Tiras P/ Coelhos Legumes,TOUS MES AMIS,Emb. 0.11 KG,"1,75€","15,91€ / KG",
AGRAFADOR Nº10 + 400AGRAFOS,ESQUISSE,Emb. 1 UNID.,"3,89€","3,89€ / UNID.",
Papa Infantil,CERELAC,Emb. 0.5 KG,"2,88€","5,76€ / KG",
Molhos Tripack,RUSTICA,Emb. 0.75 KG,"3,99€","5,32€ / KG",
Cápsulas Delta Q Café Epic 10 unidades,DELTA Q,Emb. 0.055 KG,"3,39€","61,64€ / KG",
Mini Barras de Chocolate com Recheio de Leite 16Unid.,COPAÍNS COPINES,Emb. 0.2 KG,"1,99€","9,95€ / KG",
Queijo Flamengo Light Fatiado,AGROS,Emb. 0.17 KG,"2,18€","12,82€ / KG",
Brioche Fatiado Familiar,EPI D'OR,Emb. 0.7 KG,"2,79€","3,99€ / KG",
MINI VASSOURA VINIL,SILLAGE,Emb. 1 UNID.,"1,19€","1,19€ / UNID.",
2 PILHAS RECARREGAVEIS R20 3000MAH,FOXTER,Emb. 2 UNID.,"6,99€","3,50€ / UNID.",
Bolachas Integrais de Goji,DIESE,Emb. 0.2 KG,"2,48€","12,40€ / KG",
MEGA CHOCO CHOCOLATE LEITE CROCANTE,P'TIT DÉLI,Emb. 0.15 KG,"1,59€","10,60€ / KG",
MINI SPRAY BRISA MARINHA RECARGA 15ML,BIEN AIR,Emb. 0.015 LT,"0,90€","60,00€ / LT",
Licor,SHERIDAN'S,Garrafa 0.5 LT,"17,99€","35,98€ / LT",
Bacalhau à Brás Ultracongelado,IGLO,Emb. 0.3 KG,"5,28€","17,60€ / KG",
Chantilly Light,DÉLISSE,Emb. 0.25 KG,"1,69€","6,76€ / KG",
Champô Cabelos Normais Fructis Anti Caspa,GARNIER,Emb. 0.25 LT,"3,98€","15,92€ / LT",
Conserva de Atum em Posta Natural,PÊCHE OCÉAN,Emb. 0.12 KG,"0,79€","6,58€ / KG",
Champô para Cabelo Pintado,TRESEMMÉ,Emb. 0.4 LT,"4,19€","10,48€ / LT",
Sabonete Líquido para as Mãos de Coco,DOVE,Emb. 0.25 LT,"2,59€","10,36€ / LT",
VELA NUMERO FUN 8,ARDENCE,Emb. 1 UNID.,"0,99€","0,99€ / UNID.",
Suspiro,,1 Unid. = 0.09 KG,"1,99€","22,11€ / KG",
Cápsulas Café Espresso P/ Nespresso Intensidade 11,STARBUCKS,Emb. 10 CAPS.,"4,48€","0,45€ / CAPS.",
Pá de Porco com Osso Sem Courato Embalado,,1 Unid. = 2.7 KG (aprox.),"2,99€/kg","8,07€ / Unid.",
PRATOS CARTAO BRANCOS 22CM,ECO+,Emb. 100 UNID.,"4,90€","0,05€ / UNID.",
Cogumelo Branco Inteiro,,Emb. 0.3 KG,"1,69€","5,63€ / KG",
Bloco Sanitário Poder Activo Lavanda,SONASOL,Emb. 0.05 KG,"1,94€","38,80€ / KG",
Cuecas Incontinência Discreet L,AUSONIA,Emb. 7 UNID.,"7,98€","1,14€ / UNID.",
Alimento Seco P/ Gato Salmão,PURINA ONE,Emb. 0.8 KG,"6,98€","8,73€ / KG",
QUEIJO RALADO FLAMENGO,CAMPAINHA,Emb. 0.15 KG,"1,58€","10,53€ / KG",
Conserva de Feijão Preto,COMPAL,Lata 0.845 KG,"1,59€","1,88€ / KG",
Bolachas Crackers com Azeite e Rosmaninho,DU BOIS DE LA ROCHE,Emb. 0.2 KG,"2,04€","10,20€ / KG",
Alheira da Caca de Trancoso,SNR,Emb. 0.2 KG,"1,89€","9,45€ / KG",
Fiambre Peito de Frango,CAMPOFRIO,1 Unid. = 0.1 KG (aprox.),"9,98€/kg","1,00€ / Unid.",
PensosHigiénicos Cottonlike Super Plus Alas,EVAX,Emb. 10   UNID.,"2,58€","0,26€ /   UNID.",
Bebida de Arroz 0% 3x200ML,SHOYCE,Emb. 0.6 LT,"1,78€","2,97€ / LT",
DISTRIBUIDOR AGUA E CROQUETES,P'TIT AMI,Emb. 1 UNID.,"4,99€","4,99€ / UNID.",
CERA LIQUIDA PRETA 75ML,LA VACHETTE,Emb. 0.075 LT,"2,15€","28,67€ / LT",
Bolachas Cookies XL Pedaços de Choco,MILKA,Emb. 0.184 KG,"2,68€","14,57€ / KG",
NOODLES DE CARIL,TABLES DU MONDE,Emb. 0.061 KG,"0,99€","16,23€ / KG",
Queijo Fundido Light 16 Porções,PRÉSIDENT,Emb. 0.25 KG,"3,18€","12,72€ / KG",
Pipe Rigate,TRADIZIONI D'ITALIA,Emb. 0.5 KG,"1,59€","3,18€ / KG",
Sombrinhas Chocolate Leite,MAURI,Emb. 5 UNID.,"2,38€","0,48€ / UNID.",
GUARDANAPOS RED LABEL 1F RED,GUARDANAPOS RENOVA,Emb. 70 UNID.,"0,78€","0,01€ / UNID.",
Refrigerante C/ Gás Laranja Pack 6,FANTA,Emb. 1.98 LT,"4,13€","2,09€ / LT",
Gel de Banho Skin Defense Hidratante,DOVE MEN,Emb. 0.4 LT,"4,98€","12,45€ / LT",
PURE MACA/FRAMBOESA/ARANDO SEM ADICAO ACUCAR BISNAGA,DOUCEUR DU VERGER,Emb. 0.48 KG,"2,79€","5,81€ / KG",
Gel de Banho Naturals Leite e Mel,PALMOLIVE,Emb. 0.5 LT,"2,69€","5,38€ / LT",
Óleo Alimentar,RUSTICA,Garrafão 3 LT,"8,25€","2,75€ / LT",
Nuggets de Frango 18 Unid.,CAPITÃO IGLO,Emb. 0.375 KG,"8,98€","23,95€ / KG",
After Shave WHITEWATER 100 ml,,,"9,98€",/ Unid.,
Azeite Virgem,RUSTICA,Garrafão 3 LT,"12,69€","4,23€ / LT",
Iogurte Soja Framboesa 4 Unid.,NAT&VIE,Emb. 0.4 KG,"1,49€","3,73€ / KG",
Pão Rústico,,1 Unid. = 0.4 KG (aprox.),"2,49€/kg","1,00€ / Unid.",
Aerossol Air Brisa Marinha,AMBIPUR,Emb. 0.3 LT,"3,98€","13,27€ / LT",
FECULA DE MILHO,TABLIER BLANC,Emb. 0.4 KG,"1,29€","3,23€ / KG",
Creme Corporal Pele Seca Refirmante Q10,NIVEA BODY,Emb. 0.25 LT,"4,99€","19,96€ / LT",
Bicabornato de Sódio,MARGÃO,Emb. 0.06 KG,"0,88€","14,67€ / KG",
RECARGA P/ ESCOVA DENTES CABECA RECARRREGAVEL,DENTAMYL,,"1,25€",/ Unid.,
Escova Multiusos,SILLAGE,Emb. 1 UNID.,"1,99€","1,99€ / UNID.",
BORRACHA BRANCA 1UN,ESQUISSE,Emb. 1 UNID.,"0,79€","0,79€ / UNID.",
Bife Bourguignon com Batatas,CÔTÉ TABLE,Emb. 0.3 KG,"2,49€","8,30€ / KG",
Refrigerante com Gás Lata 6x33CL,7UP,Emb. 1.98 LT,"4,38€","2,21€ / LT",
"SPRAY AMBIENTADOR ""FRUTOS VERMELHOS"" 300ML",BIEN AIR,Emb. 0.3 LT,"0,99€","3,30€ / LT",
Rosegones Biscoitos de Amêndoa,P'TIT DÉLI,Emb. 0.25 KG,"1,69€","6,76€ / KG",
Alimento Seco P/ Cachorro + de 10 Kg Frango C/ Arroz,PURINA,Emb. 2.5 KG,"13,98€","5,59€ / KG",
Cereais de Aveia Integral,FITNESS,Emb. 0.625 KG,"4,19€","6,70€ / KG",
AUSONIA ORG COTTON NOITE ABAS,AUSONIA,Emb. 90 UNID.,"2,54€","0,03€ / UNID.",
Lava Tudo Novo Brilho Camomila e Flor de Laranjeira,SONASOL,Emb. 1.3 LT,"2,09€","1,61€ / LT",
Pastilhas 2 em 1 Protege e Limpa,CALGON,Emb. 15 UNID.,"6,99€","0,47€ / UNID.",
Vinho Verde Branco,CAMPELO,Garrafa 1 LT,"2,98€","2,98€ / LT",
LEITE DE COCO,TABLES DU MONDE,Emb. 0.4,"1,49€","3,73€ /",
Bebida Energética Energy Drink 4x25cl,RED BULL,Emb. 1 LT,"5,38€","5,38€ / LT",
Leite Meio Gordo S/ Lactose 4x200ML,MIMOSA,Emb. 0.8 LT,"1,98€","2,48€ / LT",
Esponja Ativa,,Emb. 1 UNID.,"0,99€","0,99€ / UNID.",
GELATINA PÊSSEGO LIGHT CONDI 2X15G,CONDI,Emb. 0.3 KG,"1,88€","6,27€ / KG",
Vinho Regional Alentejo Tinto,MONTE VELHO,Garrafa 0.75 LT,"3,69€","4,92€ / LT",
Whisky Cutty Sark,CUTTY SARK,Garrafa 0.7 LT,"11,49€","16,41€ / LT",
Alimento Seco Cão Croquetes Carne,ECO+,Emb. 4 KG,"4,69€","1,17€ / KG",
"BL1 LED ESFERA 3,2W-25W E14",FOXTER,Emb. 1 UNID.,"2,99€","2,99€ / UNID.",
Ice Tea Pêssego Zero Açúcar,LIPTON,Emb. 0.6 LT,"1,13€","1,88€ / LT",
AURICULARES MAOS LIVRES PRETO,LINKSTER,Emb. 1 UNID.,"7,90€","7,90€ / UNID.",
TARTE MORANGO  NATA,P'TIT DÉLI,Emb. 0.3 KG,"2,99€","9,97€ / KG",
Favas Ultracongelados,IGLO,Emb. 0.7 KG,"3,98€","5,69€ / KG",
Mortadela com Azeitonas,CHARCUTARIA,1 Unid. = 0.1 KG (aprox.),"4,99€/kg","0,50€ / Unid.",
Pão com Chouriço,,1 Unid. = 0.13 KG,"0,99€","7,62€ / KG",
Preparado em Pó P/ Gelatina de Limão,ROYAL,Emb. 0.114 KG,"1,98€","17,37€ / KG",
Recarga Ambientador Elétrica White Bouquet,AIR WICK,Emb. 0.019 LT,"3,59€","188,95€ / LT",
BALDE DE TREMOCOS,RUSTICA,Emb. 3.5 KG,"5,45€","1,56€ / KG",
Duc de Borzac Armagna V.S.O.P,DUC DE BORZAC,Garrafa 0.7 LT,"14,99€","21,41€ / LT",
Detergente Manual em Pó,TIDE,Emb. 0.6 KG,"1,78€","2,97€ / KG",
Sacos Lixo para Casa de Banho 30x10L,ECO+,Emb. 30 UNID.,"0,69€","0,02€ / UNID.",
Tablete de Chocolate Preto Praline com Pepitas de Avelã,EQUADOR,Emb. 0.15 KG,"1,55€","10,33€ / KG",
Toalhitas Íntimas Suaves,CORINE DE FARME,Emb. 10 UNID.,"1,64€","0,16€ / UNID.",
Refrigerante C/Gás Cola 6 Unid.,JEAN'S,Lata 1.98 ML,"2,89€","1,46€ / ML",
Alimento Húmido para Gato com Fígado e Carne de Aves,LYCAT,Emb. 0.81 KG,"1,45€","1,79€ / KG",
TOALHITAS ANTI-DESCOLORACAO 25UN,TEXIL,Emb. 25 UNID.,"1,85€","0,07€ / UNID.",
Gelado de Yoghurt & Forest Fruit,CARTE D'OR,Emb. 1 LT,"3,29€","3,29€ / LT",
FORMA PAO DE LÓ C/ CANO Nº. 26,ECO+,Emb. 1 UNID.,"3,99€","3,99€ / UNID.",
Refrigerante C/ Gás Lima Limão,ECO+,Garrafa 2 LT,"0,79€","0,40€ / LT",
Gel de Banho Purely Pampering,DOVE,Emb. 0.75 LT,"4,79€","6,39€ / LT",
Água de Nascente S/ Gás,ECO+,Garrafa 1.5 LT,"0,25€","0,17€ / LT",
ESPINAFRE PICADO 1/2,NOTRE JARDIN,Emb. 0.4 KG,"0,89€","2,23€ / KG",
Gelado Tyrolia Frutos Vermelhos,ESKISS,Emb. 0.65 LT,"2,25€","3,46€ / LT",
Conserva de Milho Doce,BONDUELLE,Lata 0.3 KG,"1,58€","5,27€ / KG",
Detergente em Pó p/ Máquina de Roupa,SURF,Emb. 92 DOSES,"12,49€","0,14€ / DOSES",
Salpicão de Trancoso,SNR,Emb. 0.275 KG,"3,99€","14,51€ / KG",
Creme de Mãos Derma Spa Intensive,DOVE,Emb. 0.075 LT,"5,98€","79,73€ / LT",
Massa Pérolas,MILANEZA,Emb. 0.25 KG,"0,72€","2,88€ / KG",
"Tisana Silhueta de Cavalinha, Erva Príncipe e Gengibre",LIPTON,Emb. 0.028 KG,"1,94€","69,29€ / KG",
Alimento Seco P/ Cão Adulto Rica em Borrego C/ Cevada Integral,BEYOND,Emb. 1.4 KG,"6,34€","4,53€ / KG",
Leite UHT Meio Gordo,GRESSO,Emb. 1 LT,"0,84€","0,84€ / LT",
Pão de Avó,,1 Unid. = 0.08 KG (aprox.),"2,49€/kg","0,20€ / Unid.",
Conserva Macedónia de Legumes,NOTRE JARDIN,Lata 0.53 KG,"1,59€","3,00€ / KG",
CABIDE PLASTICO CRIANCA AZUL,SILLAGE,Emb. 4 UNID.,"1,99€","0,50€ / UNID.",
Manteiga Fácil de Barrar,MIMOSA,Emb. 0.25 KG,"2,33€","9,32€ / KG",
Ice Tea de Pêssego Lata 6x25cl,LIPTON,Emb. 1.5 LT,"3,38€","2,25€ / LT",
Bolachas Digestivas,MCVITIES,Emb. 0.4 KG,"2,28€","5,70€ / KG",
Doseador Sabão Líquido Cinza,SILLAGE,Emb. 1 UNID.,"2,99€","2,99€ / UNID.",
DETERGENTE MANUAL LOICA ULTRA LIMAO 750ML,VISIOR,Emb. 0.75 LT,"1,01€","1,35€ / LT",
"ASPIRADOR C/SACO 500W 3,5L",ELSAY,Emb. 1 UNID.,"59,90€","59,90€ / UNID.",
Cone Manga e Maracujá,TRIUM,Emb. 6 UNID.,"2,15€","0,36€ / UNID.",
COOKIES COM MEGA PEPITAS CHOCOLATE,P'TIT DÉLI,Emb. 0.184 KG,"1,49€","8,10€ / KG",
Conserva de Tremoço Extra,RUSTICA,Emb. 0.5 KG,"1,99€","3,98€ / KG",
Elixir Total Care Zero,LISTERINE,Emb. 0.5 LT,"6,48€","12,96€ / LT",
Suporte Universal Carro P/ Smartphone,LINKSTER,Emb. 1 UNID.,"5,99€","5,99€ / UNID.",
PALMIERS ESTALADICOS,ECO+,Emb. 0.1 KG,"0,55€","5,50€ / KG",
PORTFOLIO A4 60 BOLSAS,ESQUISSE,Emb. 60 UNID.,"3,09€","0,05€ / UNID.",
Iogurte Líquido Baunilha Cookies,DANONE,Emb. 0.3 KG,"1,89€","6,30€ / KG",
Vinho Regional Península de Setúbal Branco,ADEGA DE PEGÕES,Garrafa 0.75 LT,"1,59€","2,12€ / LT",
MANTEIGA MEIO SAL BIO,,Emb. 0.25 KG,"2,45€","9,80€ / KG",
Espumante Doce,SALVE,Garrafa 0.75 LT,"2,79€","3,72€ / LT",
SALSICHAO SECO PORCO QS,ST AZAY,Emb. 0.25 KG,"3,99€","15,96€ / KG",
Conjunto De 2 Mini Cadeados,ECO+,Emb. 2 UNID.,"2,19€","1,10€ / UNID.",
Vinho Regional Alentejo Tinto,REGUENGOS,Garrafa 0.75 LT,"2,39€","3,19€ / LT",
Cotonetes p/ Bebé,JOHNSON'S BABY,Emb. 200 UNID.,"2,98€","0,01€ / UNID.",
Néctar Clássico Pera Rocha,COMPAL,Emb. 1 LT,"0,99€","0,99€ / LT",
Pensos Higiénicos Maxi com Alas,EVAX,Emb. 11 UNID.,"1,69€","0,15€ / UNID.",
Atum Posta Azeite e Orégãos,BOM PETISCO,Emb. 0.12 KG,"1,56€","13,00€ / KG",
Licor Creme Pastel Nata,35,Garrafa 0.7 LT,"11,99€","17,13€ / LT",
Refrigerante S/ Gás Tropical Cenoura,JAFADEN,Garrafa 1.5 LT,"1,25€","0,83€ / LT",
Salame Fatiado,EL POZO,Emb. 0.8 KG,"1,94€","2,43€ / KG",
GLADE RECARGA SANDALWOOD & JASMINE 10ML,GLADE,,"2,09€",/ Unid.,
COLORACAO CASTANHO 4.45 S/AMONIACO 1UN VITANOVE,VITANOVE,Emb. 1 UNID.,"3,89€","3,89€ / UNID.",
Queijo Fatiado Flamengo 2X200 g,TERRA NOSTRA,Emb. 0.4 KG,"4,48€","11,20€ / KG",
Aroma de Morango Líquido,CONDI,Emb. 0.025 LT,"1,53€","61,20€ / LT",
Perna de Frango Embalada,,1 Unid. = 1 KG (aprox.),"3,99€/kg","3,99€ / Unid.",
Cillit Bang Tira Gorduras 500ML x12,CILLIT BANG,Emb. 0.5 LT,"2,24€","4,48€ / LT",
Recarga Máquina de Barbear Sensor Excel,GILLETTE,Emb. 5 UNID.,"10,48€","2,10€ / UNID.",
Couve Coração,,1 Unid. = 0.84 KG (aprox.),"0,89€/kg","0,75€ / Unid.",
Créme Dessert Praliné 4x125g,DÉLISSE,Emb. 0.5 KG,"1,59€","3,18€ / KG",
Alimento Húmido P/ Cão Adulto Pequeno C/ Carne de Vaca e Pato,PURINA,Emb. 0.4 KG,"3,18€","7,95€ / KG",
LONA PLASTICO 4X6M,ECO+,,"12,99€",/ Unid.,
ALIMENT BEBE: PURE LEGUMES FRANGO DO CAMPO BIO +8M 2X200G,BIO VILLAGE BEBE,Emb. 0.4 KG,"2,69€","6,73€ / KG",
Creme de Mãos Reparador Repair & Care,BIOTEN,Emb. 0.1 LT,"2,13€","21,30€ / LT",
Farinha de Mandioca,GLOBO,Emb. 0.5 KG,"1,79€","3,58€ / KG",
"MAQUINA CAFE FILTRO 1,25L 1000W",ELSAY,Emb. 1 UNID.,"26,90€","26,90€ / UNID.",
Alimento Seco P/ Cão Frango com Arroz <10kg,PURINA,Emb. 0.8 KG,"5,68€","7,10€ / KG",
Luvas Finas Descartáveis Latex Tam. M,MAMISON,Emb. 100 UNID.,"15,90€","0,16€ / UNID.",
Chouriço Porco Preto,SNR,Emb. 0.2 KG,"2,89€","14,45€ / KG",
Bebida de Amêndoa,ALPRO,Emb. 1 LT,"2,38€","2,38€ / LT",
MARSHMALLOWS CHOCO,COPAÍNS COPINES,Emb. 0.16 KG,"1,69€","10,56€ / KG",
Chá Verde,TETLEY,Emb. 10 SAQ.,"0,89€","0,09€ / SAQ.",
Pá de Porco com Osso e Courato,,1 Unid. = 1.1 KG (aprox.),"2,99€/kg","3,29€ / Unid.",
Cogumelo Marron,,Emb. 0.3 KG,"1,69€","5,63€ / KG",
Bolachas Recheadas com Chocolate Biológicas,,Emb. 0.185 KG,"2,59€","14,00€ / KG",
Tomate Triturado 390 g,TURINI,Lata 0.5 KG,"0,49€","0,98€ / KG",
BOUIL.POULE DESHY RUSTICA,RUSTICA,Emb. 0.12 KG,"0,79€","6,58€ / KG",
ALIMENTO HUMIDO BORREGO/FRANGO/VITELA P/ CAO 3X410G,LYDOG,Emb. 3 UNID.,"2,37€","0,79€ / UNID.",
Sal Refinado Mesa,VATEL,Emb. 0.25 KG,"0,48€","1,92€ / KG",
Gelatina Light de Melancia,ROYAL,Emb. 0.031 KG,"2,08€","67,10€ / KG",
Airwick Le Comp Aconchego da Lareira,AIR WICK,Emb. 1 UNID.,"4,49€","4,49€ / UNID.",
Conserva Ervilhas Cenouras 3x130g,NOTRE JARDIN,Emb. 0.13 KG,"1,95€","15,00€ / KG",
Bolachas Cookies com Pepitas Chocolate e Côco,P'TIT DÉLI,Emb. 0.2 KG,"1,39€","6,95€ / KG",
Detergente Loiça Manual Original Ultra,FAIRY,Emb. 1.5 LT,"5,64€","3,76€ / LT",
IOG.NAT.ACU.DELISSE CANA X16,DÉLISSE,Emb. 16 UNID.,"2,99€","0,19€ / UNID.",
B&J Cookie Dough 465ml,,Emb. 0.465 LT,"6,78€","14,58€ / LT",
Molho Vinagrete Natural,RUSTICA,Emb. 0.05 LT,"1,49€","29,80€ / LT",
Manteiga com Grãos de Sal Pasteurizada,PRÉSIDENT,Emb. 0.25 LT,"3,88€","15,52€ / LT",
"BL1 LED STANDARD 9,5W-60W E27",FOXTER,Emb. 1 UNID.,"3,69€","3,69€ / UNID.",
Bolachas Sementes de Sésamo Biológicas,,Emb. 0.23 KG,"2,09€","9,09€ / KG",
Ambientador Recarga Spray Lavanda,GLADE,Emb. 2 UNID.,"7,18€","3,59€ / UNID.",
Amaciador Ultra Suave Óleo de Abacate,GARNIER,Emb. 0.2 LT,"3,58€","17,90€ / LT",
"MINAS P/LAPISEIRA HB 0,7MM 2UN",ESQUISSE,Emb. 2 UNID.,"0,99€","0,50€ / UNID.",
Pimenta P/ Bifes C/ Moinho,MARGÃO,Emb. 0.035 KG,"3,98€","113,71€ / KG",
SALSA PICADA BIO,,Emb. 0.05 KG,"1,09€","21,80€ / KG",
OLEO BARBA LONGA 50ML,CARRÉ HOMME,,"2,99€",/ Unid.,
Conserva de Feijão Encarnado Cozido,NOTRE JARDIN,Lata 0.85 KG,"0,99€","1,16€ / KG",
ICE TEA LIMÃO,LIPTON,Emb. 0.5 LT,"0,79€","1,58€ / LT",
Fraldas Incontinência Super P,LINDOR,Emb. 40 UNID.,"20,98€","0,52€ / UNID.",
COLORACAO CHOCOLATE 5.51 S/AMONIACO,VITANOVE,Emb. 1,"3,89€","3,89€ /",
Champô Citrinos Extra Suave,MANAVA,Emb. 0.5 LT,"2,29€","4,58€ / LT",
Snacks Húmidos P/ Gatos De Casa Peru e Cereais Integrais,PURINA,Emb. 0.8 KG,"6,98€","8,73€ / KG",
COLORACAO LOURO CINZENTO 7.1 S/AMONIACO,VITANOVE,Emb. 1 UNID.,"3,89€","3,89€ / UNID.",
Café Torrado Moído Portugal Universal,DELTA,Emb. 0.25 KG,"2,29€","9,16€ / KG",
BOUIL.DESHYDRATE,RUSTICA,Emb. 0.12 KG,"0,59€","4,92€ / KG",
Bebida Energética Absolutely Zero,MONSTER ENERGY,Emb. 0.5 LT,"1,20€","2,40€ / LT",
PURE MACA/MANGA SEM ADICAO ACUCAR BISNAGA BIO,,Emb. 0.36 KG,"2,39€","6,64€ / KG",
Tomates Inteiros Pelados C/ Sumo,ECO+,Emb. 0.449 KG,"0,70€","1,56€ / KG",
ALCOOL ETILICO 70º,PRIMOPLAST,Emb. 0.25 LT,"0,75€","3,00€ / LT",
Pastilha Elástica Senses Frutos Vermelhos 3x23g,TRIDENT,Emb. 0.069 KG,"2,58€","37,39€ / KG",
Miolo de Amendoim C/ Sal,MARQUE REPERE,Emb. 0.25 KG,"1,19€","4,76€ / KG",
Café Torrado em Grão,PLANTATION,Emb. 0.25 KG,"1,69€","6,76€ / KG",
Papa Infantil Não Láctea Multicereais,CERELAC,Emb. 0.25 KG,"1,79€","7,16€ / KG",
Alimento Húmido Gato Ave e Legumes,LYCAT,,"1,55€",/ Unid.,
Fósforos de Segurança 100 unid.,SILEX,Emb. 3 UNID.,"0,76€","0,25€ / UNID.",
Cereais Choco Krispies,KELLOGG'S,Emb. 0.375 KG,"2,29€","6,11€ / KG",
Loção Corporal Cocoa Radiance,VASELINE,Emb. 0.2 LT,"2,14€","10,70€ / LT",
Açúcar Fino Granulado,SIDUL,Emb. 1 KG,"1,78€","1,78€ / KG",
Couve Brócolo,,1 Unid. = 0.27 KG (aprox.),"2,69€/kg","0,73€ / Unid.",
Bacalhau Seleção Crescido Asa Preta,,1 Unid. = 1.6 KG (aprox.),"11,99€/kg","19,18€ / Unid.",
Vinho Branco Alentejo Doc Reserva,REGUENGOS,Garrafa 0.75 LT,"5,98€","7,97€ / LT",
PEPINO FERBAR VINAGRE 345G,FERBAR,Emb. 0.345 KG,"1,56€","4,52€ / KG",
Pão de Forma com Códea Familiar,PANRICO,Emb. 0.75 KG,"1,59€","2,12€ / KG",
Sobremesa Sabor a Baunilha Bolas Chocolate Mix'n Croc 4x117g,DÉLISSE,Emb. 0.468 KG,"1,95€","4,17€ / KG",
Molho Béchamel,RUSTICA,Emb. 0.5 LT,"1,17€","2,34€ / LT",
Ambientador bougie edition,AIR WICK,Emb. 0.105 LT,"2,99€","28,48€ / LT",
Detergente Limpeza Spray Multiusos com Lixívia,CIF,Emb. 0.75 Lt,"2,49€","3,32€ / Lt",
Bebida Isotónica Citrus,POWERADE,Emb. 0.05 LT,"1,38€","27,60€ / LT",
Néctar Clássico Laranja,COMPAL,Emb. 1 LT,"0,99€","0,99€ / LT",
WC Brisa Marinha,NEO BLANC,Emb. 2 UNID.,"4,49€","2,25€ / UNID.",
Merenda Mista,,1 Unid. = 0.1 KG,"0,65€","6,50€ / KG",
Fiambre Perna Extra Fatiado Finíssimas,CAMPO FINO,Emb. 0.15 KG,"1,29€","8,60€ / KG",
Pensos Higiénicos Normal,ECO+,Emb. 20 UNID.,"0,95€","0,05€ / UNID.",
Conserva de Tomate Pelado,TURINI,Lata 0.39 KG,"0,75€","1,92€ / KG",
Pantene Liso & Sedoso Laca 300ml,PANTENE PV,Spray 0.3 LT,"3,74€","12,47€ / LT",
Café Torrado Moído Brasil Moagem Universal Intensidade 7,SICAL,Emb. 0.22 KG,"3,88€","17,64€ / KG",
Sobremesa Gelado Morango e Chocolate Branco 4x110ml,MAGNUM,Emb. 0.44 LT,"4,98€","11,32€ / LT",
Água sem Gás,LUSO,Garrafão 7 LT,"2,04€","0,29€ / LT",
Leite de Pastagem Magro,MILHAFRE DOS AÇORES,Emb. 1 LT,"0,89€","0,89€ / LT",
Água sem Gás Frutos Vermelhos,LUSO FRUTA,Garrafa 1 LT,"1,27€","1,27€ / LT",
Café Solúvel Cappuccino Intenso,NESCAFÉ,Emb. 0.125 KG,"3,18€","25,44€ / KG",
Champô Anti-Caspa Men Eficácia Activa,LINIC,Emb. 0.225 LT,"3,34€","14,84€ / LT",
Fiambre de Peito de Frango,CHARCUTARIA,1 Unid. = 0.12 KG (aprox.),"9,99€/kg","1,20€ / Unid.",
Verniz de Unhas 60 Segundos 210,RIMMEL,Emb. 1 UNID.,"5,58€","5,58€ / UNID.",
Ração para cão c/ Frango e Arroz,ULTIMA,Emb. 7.5 KG,"43,28€","5,77€ / KG",
Novilho Embalado para Estufar,,1 Unid. = 0.5 KG (aprox.),"6,99€/kg","3,50€ / Unid.",
Croissant Recheado de Chocolate,,1 UNID.,"0,89€","0,89€ / UNID.",
Cápsulas Cafe Lavazza Expresso Clássico,LAVAZZA,Emb. 0.165 KG,"8,09€","49,03€ / KG",
AGUARDENTE CURVADA  Vínica Velha Cx. Cartão 70CL,,0.07 CL,"28,98€","414,00€ / CL",
MINI MARCADOR FLURESCENTE SORTIDO CORES PASTEL 4UN,ESQUISSE,Emb. 4 UNID.,"2,29€","0,57€ / UNID.",
Cerveja C/ Álcool,FALSBOURG,Garrafa 1 LT,"0,99€","0,99€ / LT",
Spray Anti-Odor,SPLENDOR,Emb. 0.15 LT,"2,84€","18,93€ / LT",
CAPA PLASTICA A4 C/ELASTICO 1UN,ESQUISSE,Emb. 1 UNID.,"1,99€","1,99€ / UNID.",
PA P/TABULEIRO P/GATO 1UN,P'TIT AMI,Emb. 1 UNID.,"0,89€","0,89€ / UNID.",
ROLO DE MASSA FOLHADA 2X230G,TABLIER BLANC,Emb. 0.46 KG,"1,99€","4,33€ / KG",
Fruta 100% Maçã e Banana 4 Unid.,NESTLÉ,Emb. 0.4 KG,"2,19€","5,48€ / KG",
Mostarda,CALVÉ,Emb. 0.257 KG,"1,49€","5,80€ / KG",
Cápsulas Café Colombia P/ Dolce Gusto Intensidade 7,DOLCE GUSTO,Emb. 12 CAPS.,"4,79€","0,40€ / CAPS.",
Queijo Mozzarella,LES CROISÉS,Emb. 0.125 KG,"0,95€","7,60€ / KG",
VELA NUMERO FUN 1,ARDENCE,Emb. 1 UNID.,"0,99€","0,99€ / UNID.",
BATERIA Nº 14 74/680 74/680 TECH9,TECH9,Emb. 1 UNID.,"77,99€","77,99€ / UNID.",
Folhas de Tomilho,RUSTICA,Frasco 0.018 KG,"0,80€","44,44€ / KG",
Hamburgers Peito de Frango Ultracongelado,IGLO,Emb. 0.48 KG,"10,98€","22,88€ / KG",
Gel de Banho Peony & Rose,DOVE,Emb. 0.75 LT,"4,19€","5,59€ / LT",
Aditivo Máquina Loiça Sal,CALGON,Emb. 1 KG,"2,48€","2,48€ / KG",
Sabonete Líquido Aloe Vera,DETTOL,Emb. 0.25 LT,"2,64€","10,56€ / LT",
Chicória e Café Solúvel,PLANTATION,Emb. 0.1 KG,"1,49€","14,90€ / KG",
Perna Peru,,1 Unid. = 2.45 KG (aprox.),"3,99€/kg","9,78€ / Unid.",
Iogurte Original Natural Açucarado 2x135G,DANONE,Emb. 0.27 LT,"1,68€","6,22€ / LT",
"FRIZE LIMA PEPIN GENGIB,,4x.25L",FRIZE,,"2,78€",/ Unid.,
Sumo Florida,SUNNY DELIGHT,Emb. 0.5 Lt,"0,89€","1,78€ / Lt",
Óleo Alimentar,RUSTICA,Garrafa 1 LT,"2,93€","2,93€ / LT",
Yofu Morango 4x125g,ALPRO,Emb. 0.5 KG,"2,88€","5,76€ / KG",
Néctar Clássico Frutos Vermelhos Uva e Maçã,JAFADEN,Emb. 1 LT,"0,99€","0,99€ / LT",
RACLETTE REDONDA 8P,ELSAY,Emb. 1 UNID.,"29,90€","29,90€ / UNID.",
ARROZ DE PATO,CÔTÉ TABLE,Emb. 0.8 KG,"6,79€","8,49€ / KG",
SALAME C/PIMENTA,ST AZAY,Emb. 0.15 KG,"2,49€","16,60€ / KG",
Detergente Roupa Líquido Proteção Escuros,WOOLITE,Emb. 30 DOSES,"6,99€","0,23€ / DOSES",
Facas Madeira Biodegradável,HOMESIDE,Emb. 10 UNID.,"1,09€","0,11€ / UNID.",
COOKIES C/ MEGA PEPITAS DE CHOCOLATE E AVELAS,P'TIT DÉLI,Emb. 0.184 KG,"1,49€","8,10€ / KG",
Leite UHT Magro,MATINAL,Emb. 1 LT,"1,08€","1,08€ / LT",
PÁ E VASSOURINHA,SILLAGE,Emb. 1 UNID.,"2,99€","2,99€ / UNID.",
"SPRAY AMBIENTADOR ""CITRINOS"" ANTI-TABACO 300ML",BIEN AIR,Emb. 0.3 LT,"0,99€","3,30€ / LT",
CREME SOJA P/ CULINARIA BIO,,Emb. 0.25 KG,"1,49€","5,96€ / KG",
Bife do Pojadouro Vitelão,,1 Unid. = 0.25 KG (aprox.),"10,49€/kg","2,62€ / Unid.",
Papel Higiénico Triple Confort,SCOTTEX,Emb. 24 UNID.,"8,79€","0,37€ / UNID.",
Queijo Meio Gordo Pequeno,PAIVA,1 Unid. = 0.55 KG  (aprox.),"5,69€/kg","7,48€ / Unid.",
SPRAY FIXACAO EXTREMA,VITANOVE,Emb. 0.25 LT,"1,65€","6,60€ / LT",
Cerveja C/ Álcool 24 Unid.,MÍLLBRAU,Emb. 6 LT,"7,20€","1,20€ / LT",
Condicionador Cabelo Cor Revitalizante,TRESEMMÉ,Emb. 0.9 LT,"6,59€","7,32€ / LT",
Amendoins Torrados e Salgados 3x120g,TOKAPI,Emb. 0.36 KG,"1,65€","4,58€ / KG",
Alimento Húmido P/ Gato C/ Peixe e Molho Espinafres,GOURMET GOLD,Emb. 0.085 KG,"0,74€","8,71€ / KG",
Néctar Essencial Pêra 3x110ml,COMPAL,Emb. 0.33 LT,"1,79€","5,42€ / LT",
Queijo Ovale Double Crème,ECO+,Emb. 0.3 KG,"2,99€","9,97€ / KG",
Champô Cabelo Ultra Suave Delicadeza de Aveia,GARNIER,Emb. 0.4 LT,"5,58€","13,95€ / LT",
Maçã Starking Cal. 70/75,,1 Unid. = 0.2 KG (aprox.),"1,69€/kg","0,34€ / Unid.",
MASSA PENNE RIGATE INTEGRAL,TURINI,Emb. 0.5 KG,"1,39€","2,78€ / KG",
Corvina Congelada,,1 Unid. = 0.5 KG (aprox.),"9,69€/kg","4,85€ / Unid.",
ESCOVA DENTES BAMBU MEDIA,DENTAMYL,Emb. 1 UNID.,"1,99€","1,99€ / UNID.",
Afia Lápis de Maquilhagem Dupla,,Emb. 1 UNID.,"2,29€","2,29€ / UNID.",
Alimento Seco P/ Cão Adulto com Carne de Vaca e Peixe,FRISKIES,Emb. 3 KG,"11,68€","3,89€ / KG",
SALADA PARISIENNE ATUM MR,COTE SNACK,Emb. 0.25 KG,"1,99€","7,96€ / KG",
Wafers de Baunilha,,Emb. 0.17 KG,"1,35€","7,94€ / KG",
Corda P/ Roupa Cinza 20Metros,SILLAGE,Emb. 1 UNID.,"1,49€","1,49€ / UNID.",
Croissant Tipo Francês,,1 UNID.,"0,79€","0,79€ / UNID.",
Spray Limpeza Ecrãs,LINKSTER,Emb. 0.2 LT,"5,90€","29,50€ / LT",
Recarga Ambientador Freshmatic Oasis Turquesa,AIR WICK,Emb. 0.25 LT,"3,59€","14,36€ / LT",
Refrigerante C/ Gás Ananás,SPRINK'S,Garrafa 1.5 LT,"0,74€","0,49€ / LT",
Crackers sem Sal na Superfície,DU BOIS DE LA ROCHE,Emb. 0.5 KG,"3,28€","6,56€ / KG",
Gel de Barbear Sensitive,NIVEA MEN,Emb. 0.2 LT,"5,98€","29,90€ / LT",
Café Torrado Moído Intensidade 10,BUONDI,Emb. 0.22 KG,"3,68€","16,73€ / KG",
Água sem Gás 4x1.5 L,FASTIO,Garrafa 6 LT,"2,38€","0,40€ / LT",
Favas Ultracongeladas,,Emb. 0.4 KG,"1,09€","2,73€ / KG",
Achocolatado em Pó,CANDEREL,Emb. 0.25 KG,"3,74€","14,96€ / KG",
Recargas para Ambientador Cítrico,AIR WICK,Emb. 0.02 LT,"4,79€","239,50€ / LT",
Moscatel do Douro,DORRÃO,Garrafa 0.75 LT,"4,49€","5,99€ / LT",
Creme Limpeza Original,CIF,Emb. 0.5 LT,"1,89€","3,78€ / LT",
Creme de Camembert,PRÉSIDENT,Emb. 0.125 KG,"2,44€","19,52€ / KG",
Tempero de Alho Louro & Pimentão 8 Cubos,KNORR,Emb. 0.072 KG,"1,49€","20,69€ / KG",
Vinho Regional Dão Tinto,QUINTA DOS CARVALHAIS,Garrafa 0.75 LT,"8,98€","11,97€ / LT",
Lasanha Bolonhesa Bio,,Emb. 0.6 KG,"3,90€","6,50€ / KG",
MASSA FRESCA ESPARGUETES,TURINI,Emb. 0.35 KG,"1,19€","3,40€ / KG",
Néctar Clássico Tutti Frutti,COMPAL,Emb. 1 LT,"0,99€","0,99€ / LT",
Alimento Húmido P/ Gato Carne Variada 3x400g,TOUS MES AMIS,Emb. 1 KG,"2,69€","2,69€ / KG",
Bolachas Wafer Chocolate,VIEIRA,Emb. 0.15 KG,"1,25€","8,33€ / KG",
PENSOS INCONTINENCIA MINI,CHORYS,Emb. 20 UNID.,"1,99€","0,10€ / UNID.",
Frango para Churrasco Temperado Embalado,,1 Unid. = 0.9 KG (aprox.),"4,39€/kg","3,95€ / Unid.",
CONE CAFE 6UN,TRIUM,Emb. 6 UNID.,"2,49€","0,42€ / UNID.",
Gelado de Morango,CARTE D'OR,Emb. 0.75 LT,"1,94€","2,59€ / LT",
Bolachas de Frutos Silvestres,THINS,Emb. 0.174 KG,"2,48€","14,25€ / KG",
Banana Frita às Rodelas,MARQUE REPERE,Emb. 0.2 KG,"1,69€","8,45€ / KG",
Cebola,,1 Unid. = 1 KG  (aprox.),"1,39€/kg","1,39€ / Unid.",
Vinho Verde Branco,MURALHAS,Garrafa 0.75 LT,"4,58€","6,11€ / LT",
ERVILHAS CONGELADAS,ECO+,Emb. 1 KG,"1,39€","1,39€ / KG",
Cereais C/ Aveia e Maçã,NESTUM,Emb. 0.25 KG,"2,18€","8,72€ / KG",
Sobremesa de Soja Limão,NAT&VIE,Emb. 0.4 KG,"1,49€","3,73€ / KG",
Arroz Agulha,SALUDÃES,Emb. 1 KG,"1,18€","1,18€ / KG",
Sortido de Biscoitos Salgados,ECO+,Emb. 0.35 KG,"1,49€","4,26€ / KG",
Interruptor 2P+Proteção,ECO+,Emb. 1 UNID.,"3,49€","3,49€ / UNID.",
Fusilli,TRADIZIONI D'ITALIA,Emb. 0.5 KG,"1,59€","3,18€ / KG",
PILHAS ALCALINAS LR14,ECO+,Emb. 8 UNID.,"4,99€","0,62€ / UNID.",
Pantene Liso & Sedoso Champô 3 Em 1,,Emb. 0.3 LT,"4,98€","16,60€ / LT",
Resguardo 60x90 cm,LINDOR,Emb. 15 UNID.,"8,98€","0,60€ / UNID.",
Queijo Amanteigado Mistura,ALVELHE,1 Unid. = 1.2 KG (aprox.),"13,99€/kg","16,79€ / Unid.",
"SALSICHAO SECO ""LABEL ROUGE""",ST AZAY,Emb. 0.25 KG,"4,29€","17,16€ / KG",
Queijo Flamengo Barra,TERRA NOSTRA,1 Unid. = 0.2 KG (aprox.),"9,99€/kg","2,00€ / Unid.",
TARTE DE BRIGADEIRO,P'TIT DÉLI,Emb. 0.3 KG,"2,99€","9,97€ / KG",
Biscoitos Revestidos com Chocolate de Leite,P'TIT DÉLI,Emb. 0.15 KG,"0,79€","5,27€ / KG",
Chipicao Original,CHIPICAO,Emb. 0.057 KG,"0,94€","16,49€ / KG",
Vinho do Porto Branco,DORRÃO,Garrafa 0.75 LT,"4,29€","5,72€ / LT",
CUSCUZ MEDIO 5X100G,COMPTOÍR DU GRAIN,Emb. 0.5 KG,"1,29€","2,58€ / KG",
Noodles Galinha,KNORR,Emb. 0.07 KG,"1,38€","19,71€ / KG",
GRANOLA NOZES,GRAINEA,Emb. 0.35 KG,"2,99€","8,54€ / KG",
QUEIJO FRESCO LIGHT,QUEIJO NA TÁBUA,Emb. 0.125 KG,"1,19€","9,52€ / KG",
GELADO DE BAUNILHA DE MADAGASCAR 500G 1L ESKISS,ESKISS,,"2,69€",/ Unid.,
Recarga Ambientador Freshmatic Pure Oasis e Lavanda,AIRWICK,Emb. 3 UNID.,"10,64€","3,55€ / UNID.",
CABIDE MADEIRA C/BARRA 4UN,SILLAGE,Emb. 4 UNID.,"4,49€","1,12€ / UNID.",
Natas Culinária 0% Lactose,PARMALAT,Emb. 0.2 LT,"1,31€","6,55€ / LT",
Conserva de Grão de Bico,NOTRE JARDIN,Frasco 0.57 KG,"0,64€","1,12€ / KG",
ACHOCOLATADO EM PO 800G ECO+,ECO+,Emb. 0.8 KG,"2,69€","3,36€ / KG",
Água sem Gás,,Garrafa 0.33 LT,"0,14€","0,42€ / LT",
Chá de Cidreira,TETLEY,Emb. 10 UNID.,"0,86€","0,09€ / UNID.",
IOGURTE BATIDO NATURAL,DÉLISSE,Emb. 0.5 KG,"0,79€","1,58€ / KG",
Óleo de Girassol Extra Virgem,,Emb. 0.075 LT,"3,29€","43,87€ / LT",
Ervilhas Extra Finas,NOTRE JARDIN,Emb. 0.4 KG,"0,99€","2,48€ / KG",
"BOLACHA PEQUENO ALMOCO CHOC, CEREAIS E AVELA BIO",,Emb. 0.2 KG,"1,79€","8,95€ / KG",
Dentífrico Herbal White,COLGATE,Emb. 0.075 LT,"2,48€","33,07€ / LT",
Osso C/ 2 Nós 14 Cm,TOUS MES AMIS,Emb. 2 UNID.,"2,19€","1,10€ / UNID.",
Ossos Prensados 8/10Cm Flúor,TOUS MES AMIS,Emb. 4 UNID.,"1,79€","0,45€ / UNID.",
Maionese Heinz Cebola E Alho Td 400ml,HEINZ,Emb. 0.4 LT,"3,78€","9,45€ / LT",
Lenços de Bolso 18+6 Unid.,RENOVA,Emb. 24 UNID.,"2,97€","0,12€ / UNID.",
AXE GEL DARK TEMTATION,AXE,Emb. 0.4 LT,"3,29€","8,23€ / LT",
Pizza Margarita na Pedra 3X300G,ECO+,Emb. 0.9 KG,"3,19€","3,54€ / KG",
Pastilha Elástica Senses Berry Party,TRIDENT,Emb. 0.023 KG,"0,94€","40,87€ / KG",
Dourada Cal. 700/800,,1 Unid. = 0.75 KG (aprox.),"9,98€/kg","7,49€ / Unid.",
Mistura de Cogumelos,NOTRE JARDIN,Emb. 0.45 KG,"2,69€","5,98€ / KG",
DOCE MORANGO 350G,CASA MATEUS,Emb. 0.35 KG,"2,69€","7,69€ / KG",
Bacon em Pedaços 2x100g,ECO+,Emb. 0.2 KG,"1,49€","7,45€ / KG",
Queijo Curado da Granja,SALOIO,1 Unid. = 0.5 KG (aprox.),"10,99€/kg","5,50€ / Unid.",
Bolos com Pepitas de Chocolate sem Glúten,CHAQUE JOUR SANS GLUTEN,Emb. 0.23 KG,"2,99€","13,00€ / KG",
Vinho Branco A.O.C. Gewurztramin 2014,REBMANN,Garrafa 0.75 LT,"6,49€","8,65€ / LT",
Conserva de Azeitona Preta Descaroçada,RUSTICA,Frasco 0.36 KG,"0,88€","2,44€ / KG",
Bolachas Amanteigadas com Tablete de Chocolate Branco 2x6 Unid.,P'TIT DÉLI,Emb. 0.15 KG,"1,19€","7,93€ / KG",
Crackers sem Sal,EPI D'OR,Emb. 0.5 KG,"1,69€","3,38€ / KG",
POSTA PESCADA Nº3 PARA FRITAR,ECO+,Emb. 0.8 KG,"4,59€","5,74€ / KG",
Alimento P/ Cão Adulto Pequeno Carne de Vaca C/ Arroz,PURINA,Emb. 0.8 KG,"5,68€","7,10€ / KG",
Fraldas Incontinência Máxima G,LINDOR,Emb. 20 UNID.,"13,73€","0,69€ / UNID.",
Água com Gás 6x25 cl,PEDRAS SALGADAS,Emb. 1.5 LT,"2,73€","1,82€ / LT",
Harpic Liquído Eucalipto e Menta 750ml x12,HARPIC,Emb. 0.75 LT,"2,24€","2,99€ / LT",
Bloco Sanitário Poder Activo Aqua,SONASOL,Emb. 0.05 KG,"1,94€","38,80€ / KG",
Hambúrguer C/ Cebola 10 Unid.,FERIAL,Emb. 1 KG,"8,99€","8,99€ / KG",
Puré Maçã S/ Açúcar 12 Unid.,DOUCEUR DU VERGER,Emb. 1.08 KG,"4,89€","4,53€ / KG",
ESPARGUETE GRAO DE BICO BIO,,Emb. 0.25 KG,"1,79€","7,16€ / KG",
Snack Batata Frita Sabor Queijo,TOKAPI,Emb. 0.17 KG,"1,95€","11,47€ / KG",
Vodka Preta,NOVOTNA,Garrafa 0.7 LT,"6,99€","9,99€ / LT",
Pão de Forma Coração de Trigo,PANRICO,Emb. 0.5 KG,"1,88€","3,76€ / KG",
IOGURTE NATURAL MAGRO 0% DE MATERIA GORDA BIO,,Emb. 0.5 KG,"0,99€","1,98€ / KG",
FOLHADOS SALMAO 4UN,CÔTÉ TABLE,Emb. 0.4 KG,"3,85€","9,63€ / KG",
TREMOCOS EXTRA EM FRASCO 13/15,RUSTICA,Emb. 0.37,"1,29€","3,49€ /",
TOSTAS INTEGRAIS S/ SAL S/ ACUCARES BIO,,Emb. 0.3 KG,"2,05€","6,83€ / KG",
Recarga Limpa Vidros,AJAX,Emb. 0.5 LT,"2,98€","5,96€ / LT",
Café Moído Torrado Moagem Universal Dak Lak,SICAL,Emb. 0.22 KG,"3,88€","17,64€ / KG",
Amaciador concentrado peónia azul e citrus,SURF,Emb. 90 DOSES,"3,49€","0,04€ / DOSES",
Ervilhas Ultracongeladas,NOTRE JARDIN,Emb. 1 KG,"1,59€","1,59€ / KG",
Massa Pevide Clássica,NACIONAL,Emb. 0.25 KG,"0,84€","3,36€ / KG",
GELADO BAUNILHA / NOZ PECAN,ESKISS,Emb. 1 LT,"2,65€","2,65€ / LT",
Domestos WC Power 5 Romantic Rose 3x55g,DOMESTOS,,"3,59€",/ Unid.,
FEIJAO ENCARNADO 3X200G,NOTRE JARDIN,Emb. 0.6,"1,75€","2,92€ /",
Chá Preto Descafeinado,TETLEY,Emb. 10 UNID.,"0,89€","0,09€ / UNID.",
Detergente para a Máquina da Roupa Sensitive 3 em 1,SKIP,Emb. 1.134,"12,49€","11,01€ /",
Mirtilo,,1 Unid. = 0.125 KG  (aprox.),"2,99€/kg","0,37€ / Unid.",
Whisky Passport Scotch,PASSPORT,Garrafa 0.7 LT,"10,48€","14,97€ / LT",
Cerveja com Álcool 6x20cl,CRISTAL,Emb. 1.2 LT,"2,29€","1,91€ / LT",
Refeição Legumes Com Vitela,BLÉDINA,Frasco 0.2 KG,"2,08€","10,40€ / KG",
ALIMENTO PÁSSAROS EXOTICOS,ECO+,Emb. 1 KG,"2,39€","2,39€ / KG",
Farinheira Porco Preto,SNR,Emb. 0.15,"1,49€","9,93€ /",
Rolo de Cozinha Green XXL,RENOVA,Emb. 2 ROLOS,"1,64€","0,82€ / ROLOS",
TENTACULOS DE POTA,PÊCHE OCÉAN,Emb. 0.8 KG,"4,99€","6,24€ / KG",
Tiras P/ Coelho Mel,TOUS MES AMIS,Emb. 2 UNID.,"1,75€","0,88€ / UNID.",
Concentrado de Manga,SUNQUICK,Garrafa 0.58 LT,"4,78€","8,24€ / LT",
TESOURA 16CM,ESQUISSE,Emb. 1 UNID.,"1,79€","1,79€ / UNID.",
Spray Anti Bolores,CIF,Emb. 0.435 LT,"2,49€","5,72€ / LT",
Chiclets Spearmint 12 Unid.,CHICLETS,Emb. 0.017 KG,"0,98€","57,65€ / KG",
Azeite Subtil,GALLO,Emb. 0.75 LT,"3,99€","5,32€ / LT",
Champô Bebé Bons Sonhos,JOHNSON'S BABY,Emb. 0.5 LT,"5,58€","11,16€ / LT",
Conserva de Feijão Verde Muito Fino,NOTRE JARDIN,Lata 0.8 KG,"1,69€","2,11€ / KG",
Conserva de Feijão Frade Cozido com pouco Sal,FERBAR,Emb. 0.42 KG,"0,95€","2,26€ / KG",
VASSOURA RELVA FIXO 20 DENTES,BEAUX JOURS,Emb. 1 UNID.,"12,99€","12,99€ / UNID.",
Massa Instantânea de Carne Pot,KOALA,Emb. 0.065 KG,"1,08€","16,62€ / KG",
TERRINA VACA/CENOURA P/ CAO 1230G,LYDOG,Emb. 1.23 KG,"2,55€","2,07€ / KG",
Café Cápsulas XL Qharacter Intensidade 9,DELTA Q,Emb. 40 CAPS.,"12,99€","0,32€ / CAPS.",
Vinho Regional Península de Setúbal Tinto,DONA ERMELINDA,Garrafa 0.75 LT,"3,69€","4,92€ / LT",
Chá Preto de Pêssego e Manga,LIPTON,Emb. 0.036 KG,"1,74€","48,33€ / KG",
Gelado com Amêndoas,MAGNUM,Emb. 0.44 LT,"3,89€","8,84€ / LT",
Kit para Pizza,TABLIER BLANC,Emb. 0.6 KG,"2,59€","4,32€ / KG",
CENOURAS 3X200G,NOTRE JARDIN,Emb. 0.6 KG,"1,69€","2,82€ / KG",
Couve Penca,,1 Unid. = 1.05 KG (aprox.),"1,69€/kg","1,77€ / Unid.",
Anti Calcário Máquina Roupa Pó 2 em 1,CALGON,Emb. 20 DOSES,"6,99€","0,35€ / DOSES",
MULTICROQUETES CARNE P/GATO,ECO+,,"2,59€",/ Unid.,
Gelatina Light Ananás,ROYAL,Emb. 0.031 KG,"2,08€","67,10€ / KG",
Snack de Chocolate Mini,KIT KAT,Emb. 12 UNID.,"2,09€","0,17€ / UNID.",
Recarga Sabonete Líquido Hipo-Alergénio,MANAVA,Emb. 0.25 LT,"0,65€","2,60€ / LT",
Bolo de Massa em Espiral,P'TIT DÉLI,Emb. 0.2 KG,"1,39€","6,95€ / KG",
MARCADOR PERMANENTE VARIAS CORES,ESQUISSE,Emb. 4 UNID.,"1,99€","0,50€ / UNID.",
Desodorizante para Pele Sensível Roll-On,SANEX,Emb. 0.05 LT,"2,39€","47,80€ / LT",
Refrigerante com Gás Lima-Limão,7UP,Garrafa 1.25 LT,"1,48€","1,18€ / LT",
Bifidus Líquido Kiwi 4x155g,DANONE,Emb. 0.62 KG,"1,99€","3,21€ / KG",
Chocolate Preto,ECO+,Emb. 0.5 KG,"2,80€","5,60€ / KG",
Queijo de Cabra Curado Extra,QUINTA DO OLIVAL,1 Unid. = 0.91 KG (aprox.),"19,03€/kg","17,32€ / Unid.",
Conjunto de 3 X-Atos,ECO+,Emb. 3 UNID.,"1,49€","0,50€ / UNID.",
Salteado Camponês,CÔTÉ TABLE,Emb. 0.9 KG,"3,99€","4,43€ / KG",
Tablete de Chocolate de Leite Bubbly Caramel,MILKA,Emb. 0.25 KG,"3,98€","15,92€ / KG",
Gelado Magic,SMICY,Emb. 8 UNID.,"1,59€","0,20€ / UNID.",
Couve Flor,,1 Unid. = 1.1 KG (aprox.),"2,69€/kg","2,96€ / Unid.",
Cordon Bleu Queijo e Fiambre Ultracongelado,IGLO,Emb. 0.2 KG,"3,99€","19,95€ / KG",
BOLACHAS PETIT BEURRE C/ PEPITAS POCKET,P'TIT DÉLI,Emb. 0.3 KG,"2,69€","8,97€ / KG",
FOIE BACALHAU FUMADO,PÊCHE OCÉAN,,"1,99€",/ Unid.,
Lava Tudo Optimal 7 Multisuperficies com Lixívia,AJAX,Emb. 0.5 LT,"3,98€","7,96€ / LT",
Vinho Tinto,ADEGA DE MURÇA,Garrafa 0.75 LT,"1,98€","2,64€ / LT",
Bolachas Mini Tarteletes com Recheio de Leite,P'TIT DÉLI,Emb. 0.225 KG,"1,69€","7,51€ / KG",
Queijo Mistura Grande,ALAVÃO,1 Unid. = 1.825 KG (aprox.),"7,99€/kg","14,58€ / Unid.",
PAO RALADO,TABLIER BLANC,Emb. 0.25 KG,"0,49€","1,96€ / KG",
Ice Tea de Manga Lata 6x25cl,LIPTON,Emb. 1.5 LT,"3,38€","2,25€ / LT",
Alimento Húmido Gato P/ Gold,GOURMET,Emb. 0.085 KG,"0,74€","8,71€ / KG",
Pantene Repara & Protege Ampolas Resgate,PANTENE PV,Emb. 3 UNID.,"4,63€","1,54€ / UNID.",
Gelatina em Pó Pêssego,TABLIER BLANC,Emb. 0.17 KG,"0,85€","5,00€ / KG",
Miolo de Camarão Ultracongelado,PESCANOVA,Emb. 0.2 KG,"4,99€","24,95€ / KG",
CHOCOLATE PRETO RECHEIO DE COCO,EQUADOR,Emb. 0.125 KG,"1,89€","15,12€ / KG",
Sabonete Aroma da Natureza 4x90g,FENO,Emb. 0.36 KG,"3,88€","10,78€ / KG",
Creme Culinário Líquido Veggie,NAT&VIE,,"2,25€",/ Unid.,
LENCOS FACIAIS 4F,CARESSE,Emb. 80 UNID.,"1,29€","0,02€ / UNID.",
Farinha Amido de Milho,MAIZENA,Emb. 0.7 KG,"4,48€","6,40€ / KG",
MULTI USOS,CLAIR,Emb. 0.75 LT,"0,82€","1,09€ / LT",
DETERGENTE LIQUIDO PRIMAVERA 40D,EPSIL,,"4,95€",/ Unid.,
PUDIM +PROTEINA CAFE COLOMBIANO,EHRMANN,Emb. 0.2 KG,"1,79€","8,95€ / KG",
Camarão Cal. 30/40 Congelado,,1 Unid. = 0.238 KG (aprox.),"8,99€/kg","2,14€ / Unid.",
Papa Infantil Leite e Cereais,CERELAC,Emb. 0.4 KG,"1,84€","4,60€ / KG",
LIXIVIA TRADICIONAL,CLAIR,Emb. 4 LT,"1,43€","0,36€ / LT",
Refrigerante com Gás Laranja,SUMOL,Garrafa 1.25 LT,"1,38€","1,10€ / LT",
CABIDE MADEIRA RECTA X6,,Emb. 1 UNID.,"6,99€","6,99€ / UNID.",
PAO CHOCOLATE 6UN,EPI D'OR,Emb. 6 UNID.,"3,25€","0,54€ / UNID.",
"Pilhas Alcalinas LR03/AAA 1,5V",FOXTER,Emb. 4 UNID.,"1,69€","0,42€ / UNID.",
Preparado para Tarte Oreo,ROYAL,Emb. 0.215 KG,"3,98€","18,51€ / KG",
"VELA AROMATICA ""MACA/CANELA"" 30H",BIEN AIR,Emb. 1 UNID.,"1,99€","1,99€ / UNID.",
Dentífrico Natural Extracts Frescura Máxima,COLGATE,Emb. 0.075 LT,"3,24€","43,20€ / LT",
Alimento P/ Cão Adulto De Salmão e Aveia,BEYOND,Emb. 1.4 KG,"6,34€","4,53€ / KG",
PAES PITA X6,EPI D'OR,Emb. 0.4 KG,"1,45€","3,63€ / KG",
Vinho Regional Península de Setúbal Tinto,DONA ERMELINDA,Garrafa 0.75 LT,"6,99€","9,32€ / LT",
Papel de Alumínio,VILEDA,Emb. 50 M,"9,88€","0,20€ / M",
Desodorizante Roll On Invisible Black White 48H,REXONA,Emb. 0.05 LT,"2,39€","47,80€ / LT",
Leite UHT Meio Gordo,MATINAL,Emb. 1 LT,"1,08€","1,08€ / LT",
Azeite Virgem Extra Reserva,CONDESTÁVEL,Emb. 0.75 LT,"4,19€","5,59€ / LT",
LOURO FOLHAS,RUSTICA,Emb. 0.007 KG,"0,40€","57,14€ / KG",
Massa Cotovelos Clássica,NACIONAL,Emb. 0.5 KG,"1,58€","3,16€ / KG",
Rebuçados com Recheio de Fruta,COPAÍNS COPINES,Emb. 0.25 KG,"1,19€","4,76€ / KG",
Molho Piripíri Extraforte,RUSTICA,Emb. 0.21 KG,"0,65€","3,10€ / KG",
Tablete de Chocolate Branco 4x100g,,Emb. 0.4 KG,"2,29€","5,73€ / KG",
DOCE CASTANHA C/ BAUNILHA,MAMIE DOUCEUR,,"1,89€",/ Unid.,
Iogurte Cremoso de Frutas 8x125g,DÉLISSE,Emb. 1 KG,"2,09€","2,09€ / KG",
Favas Congeladas,NOTRE JARDIN,Emb. 1 KG,"2,29€","2,29€ / KG",
Bife da Pá Novilho,,1 Unid. = 0.25 KG (aprox.),"7,99€/kg","2,00€ / Unid.",
DETERGENTE MAQ LOICA PASTILHAS TUDO EM 1,VISIOR,Emb. 30 UNID.,"2,09€","0,07€ / UNID.",
SPRAY LUSTRANTES PNEUS 1 L 1L TECH9,TECH9,Emb. 1 LT,"4,49€","4,49€ / LT",
Bolachas Ositos Sabor a Mel,ARTIACH,Emb. 4 UNID.,"2,08€","0,52€ / UNID.",
Desodorizante Dove Roll-On Invisible Dry Masc,DOVE,Emb. 0.05 LT,"2,69€","53,80€ / LT",
Piri-Piri Receita Tradicional,CALVÉ,Emb. 0.05 KG,"2,38€","47,60€ / KG",
Tablete de Chocolate com Recheio Morango,MILKA,Emb. 0.1 KG,"1,68€","16,80€ / KG",
VASSOURINHA PARA PA LIXIO,,Emb. 1 UNID.,"0,89€","0,89€ / UNID.",
FEIJAO PRETO SACO MGUIA,NOTRE JARDIN,Emb. 0.5 KG,"0,99€","1,98€ / KG",
Rolo de Cozinha Mega,MARQUE REPERE,Emb. 1 UNID.,"3,39€","3,39€ / UNID.",
Bacon de Peru,PRIMOR,Emb. 0.2 KG,"14,89€","74,45€ / KG",
PURE FRUTA VARIOS SABORES SEM ADICAO ACUCAR BISNAGA BIO,,Emb. 1.08 KG,"6,99€","6,47€ / KG",
Detergente para a Roupa 3 em 1 Active Fresh,SKIP,Emb. 1.134 KG,"12,49€","11,01€ / KG",
Chocolate de Leite 3x,KIT KAT,Emb. 0.125 KG,"1,49€","11,92€ / KG",
FITA ADESIVA 66MX5,ECO+,Emb. 2 UNID.,"1,99€","1,00€ / UNID.",
QUEIJO EMENTAL FATIADO ESPECIAL TOSTA MISTA,LES CROISÉS,Emb. 0.2 KG,"1,79€","8,95€ / KG",
OIKOS CAFE 110G X4,OIKOS,Emb. 0.44 KG,"2,39€","5,43€ / KG",
CAFE INTENSO PASTILHAS BIO 18UN,,Emb. 0.125 KG,"2,49€","19,92€ / KG",
Arroz Agulha,CAÇAROLA,Emb. 1 KG,"1,14€","1,14€ / KG",
Coco Ralado,TABLIER BLANC,Emb. 0.2 KG,"1,19€","5,95€ / KG",
SACO CONGELACAO C/ZIP MEDIO,ELEMBAL,Emb. 20 UNID.,"1,29€","0,06€ / UNID.",
Bolachas Areadas de Framboesa,CHAQUE JOUR SANS GLUTEN,Emb. 0.14 KG,"2,69€","19,21€ / KG",
Queijo de Ovelha Barrado Cerrado do Vale,SANTIAGO,1 Unid. = 0.45 KG (aprox.),"18,99€/kg","8,55€ / Unid.",
Tronco de Natal,,1 Unid. = 1 KG (aprox.),"11,99€/kg","11,99€ / Unid.",
Iogurte de Pêra 4 Unid.,IOGOLINO,Emb. 0.4 KG,"2,88€","7,20€ / KG",
Papel Higiénico 2 Folhas Extra XXL 6=15,RENOVA,Emb. 6 ROLOS,"3,94€","0,66€ / ROLOS",
"MISTURA DE LEGUMES (BROCULOS, COUVE FLOR E CENOURA)",NOTRE JARDIN,Emb. 1 KG,"1,99€","1,99€ / KG",
DOCE TOMATE 345G,CASA MATEUS,Emb. 0.345 KG,"2,24€","6,49€ / KG",
Queijo Ricotta,SANTA LUCIA,Emb. 0.25 KG,"2,18€","8,72€ / KG",
Champô para Cabelo Pintado e Proteção de Cor,GLISS,Emb. 0.25 LT,"2,24€","8,96€ / LT",
Detergente Máquina Loiça Tudo Em Um Limão,FAIRY,Emb. 28 CAPS.,"5,74€","0,21€ / CAPS.",
Pacotinho de Frutas Maçã Banana e Morango S/ Glúten +8 meses,NESTLÉ BEBÉ,Emb. 0.09 KG,"1,04€","11,56€ / KG",
Cerveja com Álcool 24x33cl,SUPER BOCK,Emb. 7.92 LT,"15,79€","1,99€ / LT",
Sobremesa Creme de Baunilha Biológico 4x95 g,,Emb. 0.38 KG,"1,79€","4,71€ / KG",
Espumante Super Reserva Bruto,MURGANHEIRA,Garrafa 0.75 LT,"14,28€","19,04€ / LT",
Rúcula Selvagem,,Emb. 0.1 KG,"0,99€","9,90€ / KG",
Pantene Grisalho Radiante & Suave Condicionador 160 ml,PANTENE PV,Emb. 0.16 LT,"3,74€","23,38€ / LT",
Mão de Coelho,,1 Unid. = 0.5 KG (aprox.),"4,99€/kg","2,50€ / Unid.",
Esferográficas de Cores Sortidas Ponta Fina,ESQUISSE,Emb. 4 UNID.,"1,29€","0,32€ / UNID.",
Pantene 3 Minute Miracle Liso & Sedoso,PANTENE PV,Emb. 0.2 LT,"5,48€","27,40€ / LT",
Snacks Sabor a Bacon,,Emb. 0.1 KG,"1,19€","11,90€ / KG",
FITA COLA INVISIVEL 25M,ESQUISSE,Emb. 1 UNID.,"1,85€","1,85€ / UNID.",
Conserva de Ervilhas com Cenoura Cozidas,,Lata 0.53 KG,"1,59€","3,00€ / KG",
BACON FUMADO NACOS,ECO+,Emb. 0.2 KG,"2,19€","10,95€ / KG",
Pincel de Maquilhagem em Pó de Bolso,,Emb. 1 UNID.,"4,99€","4,99€ / UNID.",
Morcela de Assar da Beira Baixa,SNR,Emb. 0.23 KG,"1,89€","8,22€ / KG",
Fita Adesiva De Pintor 50Metrosx50Mm,FOXTER,Emb. 1 UNID.,"3,49€","3,49€ / UNID.",
Palmiers de massa Folhada com Manteiga,P'TIT DÉLI,Emb. 0.1 KG,"0,99€","9,90€ / KG",
Ambientador Automático Recarga Berry Pack 3,GLADE,Emb. 0.269 LT,"11,68€","43,42€ / LT",
Conserva Lentilhas com Salsichas,CÔTÉ TABLE,Emb. 0.84 KG,"2,65€","3,15€ / KG",
QUEIJO FRESCO NATURAL VACA,QUEIJO NA TÁBUA,Emb. 0.2 KG,"1,19€","5,95€ / KG",
Papa Infantil Aveia Maçã e Cenoura,CERELAC,Emb. 0.24 KG,"2,49€","10,38€ / KG",
Caldo para Arroz 24 Cubos,KNORR,Emb. 0.24 KG,"2,39€","9,96€ / KG",
REFRIGERANTE S/GAS LARANJA,JAFUN,,"3,49€",/ Unid.,
TAMPAO MINI,DOULYS,Emb. 24 UNID.,"1,35€","0,06€ / UNID.",
TOSTAS CROCANTES COM CEREAIS,EPI D'OR,Emb. 0.25 KG,"1,09€","4,36€ / KG",
COPOS BIODEGRADAVEIS 25CL 12UN,HOMESIDE,Emb. 12 UNID.,"2,50€","0,21€ / UNID.",
Tablete de Chocolate de Leite,NESTLÉ,Emb. 0.09 KG,"1,09€","12,11€ / KG",
DETERGENTE MANUAL LOICA LIMAO HIPOALERG.ECOLOGICO 750ML,UNÍ VERT,Emb. 0.75 LT,"1,89€","2,52€ / LT",
SMOOTHIE BOOST,JAFADEN,,"2,29€",/ Unid.,
Arroz Agulha,,Emb. 1 KG,"0,99€","0,99€ / KG",
Vinho Branco Meio Seco,LEZÍRIA,Garrafa 0.75 LT,"1,58€","2,11€ / LT",
"ASPIRADOR S/SACO 600W 2,7L",ELSAY,Emb. 1 UNID.,"59,90€","59,90€ / UNID.",
Cajus no Forno,MATUTANO,Emb. 0.17 KG,"4,98€","29,29€ / KG",
Biscoitos Crocantes para Cão,LYDOG,Emb. 0.5 KG,"1,65€","3,30€ / KG",
Sumo de Limão 2X125ml,RUSTICA,Emb. 0.5 LT,"0,99€","1,98€ / LT",
Detergente Manual Loiça Ultra,FAIRY,Emb. 0.48 LT,"2,14€","4,46€ / LT",
Cappuccino de Chocolate 8 Caps.,PLANTATION,Emb. 0.144 KG,"1,79€","12,43€ / KG",
Bolachas Crackers Bacon,TUC,Emb. 0.1 KG,"1,18€","11,80€ / KG",
Rebuçados de Fruta,COPAÍNS COPINES,Emb. 0.25 KG,"1,19€","4,76€ / KG",
BLOCO NOTAS ADESIVO 75X75MM 2X100UN,ESQUISSE,Emb. 2 UNID.,"1,29€","0,65€ / UNID.",
Cacetinho,,1 Unid. = 0.055 KG,"0,19€","3,45€ / KG",
Bombay Dry Gin Original,BOMBAY,Garrafa 0.7 LT,"16,58€","23,69€ / LT",
VINHO CALLABRIGA MAGNUM,Magnum Callabriga,Emb. 1.5 LT,"42,99€","28,66€ / LT",
Iced Tea Limão,ECO+,Emb. 1.5 LT,"0,84€","0,56€ / LT",
Lasanha à Bolonhesa,CÔTÉ TABLE,Emb. 1 KG,"4,99€","4,99€ / KG",
TABULEIRO P/AREIA + PA P/GATO,ECO+,Emb. 1 UNID.,"3,99€","3,99€ / UNID.",
AGULHA P/BOLA 3UN,WOODSUN,Emb. 3 UNID.,"0,99€","0,33€ / UNID.",
Bolo de Aniversário,,1 Unid. = 1.2 KG (aprox.),"12,99€/kg","15,59€ / Unid.",
Polpa de Tomate Biológica,,Emb. 0.5 KG,"0,99€","1,98€ / KG",
Barras de Cereais de Chocolate 6 Unid.,FITNESS,Emb. 0.141 KG,"2,33€","16,52€ / KG",
Óleo para Todos Tipos de Cabelo,ULTRA SUAVE,Emb. 0.15 LT,"8,98€","59,87€ / LT",
Lentilhas Amarelas,NOTRE JARDIN,Emb. 0.5 KG,"1,25€","2,50€ / KG",
Cápsulas Café Latte Macchiato,DOLCE GUSTO,Emb. 16 CAPS.,"5,98€","0,37€ / CAPS.",
Detergente Máquina Loiça Pastilhas All in 1 27 pastilhas,FINISH,Emb. 0.457 KG,"5,99€","13,11€ / KG",
Andouillettes 3 Unid.,TRADILÈGE,Emb. 0.42 KG,"4,49€","10,69€ / KG",
Côco Seco,,1 Unid. = 0.48 KG (aprox.),"2,19€/kg","1,05€ / Unid.",
Duvel Cerveja da Bélgica,DUVEL,Emb. 0.33 LT,"2,89€","8,76€ / LT",
Desodorizante Roll-On Coco e Aloe Vera,BIONAÏA,Emb. 0.05 LT,"0,99€","19,80€ / LT",
"OIKOS STRACCIATELLA 110G ,,440G",OIKOS,Emb. 0.44 KG,"2,39€","5,43€ / KG",
Anti-Mosquitos Elétrico Líquido 30 Noites,RAID,Emb. 0.021 LT,"6,28€","299,05€ / LT",
Iogurte Líquido Natural 6x100g,DANACOL,Emb. 0.6 KG,"2,99€","4,98€ / KG",
BANHA DE PORCO,CAMPO FINO,Emb. 0.22 KG,"0,89€","4,05€ / KG",
Pizza Casa Di Mama Fiambre e Cogumelos,DR. OETKER,Emb. 0.405 KG,"5,48€","13,53€ / KG",
Tampões com Aplicador Compak Regular,TAMPAX,Emb. 22 UNID.,"3,98€","0,18€ / UNID.",
PEPITAS DE CHOCOLATE DE LEITE,TABLIER BLANC,Emb. 0.1 KG,"1,99€","19,90€ / KG",
Óleo Intense 6-10 Louro Escuro,SYOSS,,"6,24€",/ Unid.,
Conserva de Pickles em Vinagre,FERBAR,Frasco 0.345 KG,"1,09€","3,16€ / KG",
CONE CARAMELO/BAUNILHA/ MANTEIGA SALG 6UN,TRIUM,Emb. 6 UNID.,"2,49€","0,42€ / UNID.",
Bolachas Sortido,PRINCESA,Emb. 0.2 KG,"2,18€","10,90€ / KG",
Néctar Clássico Pêssego,COMPAL,Emb. 1 LT,"0,99€","0,99€ / LT",
Iogurte Líquido Morango Banana 4x155g,DANONE,Emb. 0.62 KG,"1,69€","2,73€ / KG",
Batatas Fritas Doritos Pizza,DORITOS,Emb. 0.14 KG,"1,64€","11,71€ / KG",
BEBIDA SOJA CHOC LIGHT 3x250ML,ALPRO,Emb. 0.75 LT,"2,19€","2,92€ / LT",
Pataniscas 6 Unid.,SNR,Emb. 0.325 KG,"2,99€","9,20€ / KG",
Ovos Moles,,Emb. 0.25 KG,"4,94€/kg","1,24€ / Unid.",
Brownie de Chocolate com Pepitas de Chocolate,P'TIT DÉLI,Emb. 0.24 KG,"2,19€","9,13€ / KG",
LENCOS FACIAIS 3F,CARESSE,Emb. 150 UNID.,"1,49€","0,01€ / UNID.",
CAPA PLASTICA C/ELASTICO LOMBADA,ESQUISSE,Emb. 1 UNID.,"1,99€","1,99€ / UNID.",
Caldo Carne 16 Cubos,MAGGI,Emb. 0.16 KG,"2,09€","13,06€ / KG",
PICKLES EM VINAGRE FERBAR 680G,FERBAR,Emb. 0.68 KG,"1,69€","2,49€ / KG",
Moscatel de Setúbal,BACALHÔA,Garrafa 0.75 LT,"5,98€","7,97€ / LT",
Máscara Hidrata Leite de Coco,HERBAL ESSENCES,Emb. 0.25 LT,"3,99€","15,96€ / LT",
PAEZINHOS 4X75G PRE-COZIDOS,EPI D'OR,Emb. 0.3 KG,"1,49€","4,97€ / KG",
Perna de Frango do Campo Embalado,,1 Unid. = 1 KG  (aprox.),"3,99€/kg","3,99€ / Unid.",
Chourição Gran Doblon,CAMPOFRIO,1 Unid. = 0.1 KG (aprox.),"19,99€/kg","2,00€ / Unid.",
Pastilhas de Limpeza para Próteses Dentárias,,Emb. 30 UNID.,"3,98€","0,13€ / UNID.",
Xarope de Groselha,FRUCCI,Garrafa 1 LT,"2,49€","2,49€ / LT",
Esparregado,IGLO,Emb. 0.75 KG,"3,99€","5,32€ / KG",
Verniz de Unhas 60 Segundos 430,RIMMEL,Emb. 1 UNID.,"5,58€","5,58€ / UNID.",
MASSA ESPIRAIS,CAÇAROLA,Emb. 0.5 KG,"1,09€","2,18€ / KG",
Conjunto de 4 Ponteiras de Sobrepor 25Mm,FOXTER,Emb. 4 UNID.,"2,29€","0,57€ / UNID.",
Máquinas de Barbear Descartáveis Blue 3 Smooth,GILLETTE,Emb. 5 UNID.,"5,28€","1,06€ / UNID.",
Queijo de Vaca Light,PAIVA,1 Unid. = 2 KG (aprox.),"9,69€/kg","19,38€ / Unid.",
Strogonoff de Porco,,1 Unid. = 0.2 KG (aprox.),"5,99€/kg","1,20€ / Unid.",
LUVAS ROSEIRAS S ROSA,BEAUX JOURS,Emb. 1 UNID.,"1,89€","1,89€ / UNID.",
Cerveja com Álcool Lata,SUPER BOCK,Emb. 0.5 LT,"1,58€","3,16€ / LT",
FORMAS DE ALUMINIO 2 L 5UN,ELEMBAL,Emb. 5 UNID.,"3,99€","0,80€ / UNID.",
Chocolate de Leite com Amêndoas 3 Chocolates,REGINA,Emb. 0.072 KG,"1,93€","26,81€ / KG",
Johnson\'s Baby Condicionador Penteia Fácil,JOHNSON'S BABY,Emb. 0.5 LT,"5,58€","11,16€ / LT",
DETERGENTE LÍQUIDO BABY,SKIP,Emb. 1.1 LT,"4,99€","4,54€ / LT",
ALCOOL ETILICO 96º,PRIMOPLAST,Emb. 0.25 LT,"0,79€","3,16€ / LT",
Escovas Extra Clean Médio,COLGATE,Emb. 2 UNID.,"3,03€","1,52€ / UNID.",
Caldo para Arroz,KNORR,Emb. 8 CUBOS,"1,39€","0,17€ / CUBOS",
Óleo Girassol,RUSTICA,Garrafa 1 LT,"2,49€","2,49€ / LT",
Bolachas de Água e Sal,VIEIRA,Emb. 0.375 KG,"2,63€","7,01€ / KG",
Tablete Chocolate 40% Cacau Biológica,,Emb. 0.1 KG,"1,49€","14,90€ / KG",
Tarte Gelada Chocolate,VIENNETTA,Emb. 0.65 LT,"3,98€","6,12€ / LT",
TAMPAO COMPACTO NORMAL,DOULYS,Emb. 20 UNID.,"2,29€","0,11€ / UNID.",
Queijo Flamengo Fatias Redondas,PAIVA,,"1,98€",/ Unid.,
Leite Condensado Cozinha,NESTLÉ,Emb. 0.397 KG,"1,54€","3,88€ / KG",
Esparguete Carbonara,CÔTÉ TABLE,Emb. 0.33 KG,"2,85€","8,64€ / KG",
Crackers Integrais,EPI D'OR,Emb. 0.5 KG,"1,69€","3,38€ / KG",
PERSIL COLOR GEL 100D,PERSIL,Emb. 5.116 KG,"17,24€","3,37€ / KG",
Mini Pizza 3 Queijos Ultracongelada 9 Unid.,PICCOLINIS,Emb. 0.27 KG,"3,98€","14,74€ / KG",
Néctar Vital Frutos Vermelhos,COMPAL,Emb. 1 LT,"1,68€","1,68€ / LT",
Pack 4 Escovas de Dentes Média Triple Action,COLGATE,Emb. 1 UNID.,"3,68€","3,68€ / UNID.",
Nata UHT,GRESSO,Emb. 0.2 LT,"0,83€","4,15€ / LT",
"V DOURO TELLUS BCO,,75CL",TELLUS,,"4,98€",/ Unid.,
Spray Limpa Fornos e Grelhadores,CIF,Emb. 0.435 LT,"2,49€","5,72€ / LT",
Mistura de Ervilhas e Cenouras Extrafinas Ultracongelado,NOTRE JARDIN,Emb. 1 KG,"1,72€","1,72€ / KG",
BOLACHA QUAD. RECHEADA C/ MORANGO X16,P'TIT DÉLI,Emb. 0.295 KG,"0,95€","3,22€ / KG",
Maionese,RUSTICA,Emb. 0.225 LT,"1,19€","5,29€ / LT",
Conserva de Pickles em Vinagre,RUSTICA,Emb. 0.3 KG,"1,89€","6,30€ / KG",
Iogurte Líquido Sabor a Morango 6x180g,DÉLISSE,Emb. 1.08 KG,"1,99€","1,84€ / KG",
Vinho Rosé,FAISÃO,Emb. 1 LT,"2,48€","2,48€ / LT",
Ficha Tripla 2X10X16A+1X6A,ECO+,Emb. 1 UNID.,"1,79€","1,79€ / UNID.",
Sticks Dentários Vaca Frango Borrego 15 Unid.,TOUS MES AMIS,Emb. 0.125 KG,"1,39€","11,12€ / KG",
Vinho Regional Douro Tinto,MONTES ERMOS,Garrafa 0.75 LT,"4,48€","5,97€ / LT",
Iogurte Líquido DanUp Manga Tangerina 4x155g,DANONE,Emb. 0.62 KG,"1,69€","2,73€ / KG",
Conserva de Feijão Encarnado,COMPAL,Lata 0.845 KG,"1,59€","1,88€ / KG",
Creme Hidratante,NIVEA,Emb. 0.075 LT,"2,49€","33,20€ / LT",
Loção Corporal Advanced Repair,VASELINE,Emb. 0.2 LT,"2,14€","10,70€ / LT",
Amendoins Sal e Mel,MATUTANO,Emb. 0.15 KG,"2,58€","17,20€ / KG",
Sal Máquina Loiça Anti-Calcário,SUN,Emb. 1 KG,"1,49€","1,49€ / KG",
Papas de Aveia com canela,NACIONAL,Emb. 0.06 KG,"1,19€","19,83€ / KG",
ARROZ BASMATI PRE COZIDO EXPRESS,COMPTOÍR DU GRAIN,Emb. 0.25 KG,"1,09€","4,36€ / KG",
Iogurte Líquido Straciatella 4x155g,DANONE,Emb. 0.62 KG,"1,69€","2,73€ / KG",
Creme Hidratante Caixa Família,NIVEA,Emb. 0.25 LT,"5,59€","22,36€ / LT",
TARTE DE COCO,P'TIT DÉLI,Emb. 0.3 KG,"2,99€","9,97€ / KG",
QUEIJINHOS CHOCOLATE C/SABOR CARAMELO,DÉLISSE,,"1,65€",/ Unid.,
Iogurte Bifidus Cremoso Coco 4 Unid.,DANONE,Emb. 0.48 KG,"1,99€","4,15€ / KG",
Perna de Pato,,1 Unid. = 0.39 KG  (aprox.),"19,21€/kg","7,49€ / Unid.",
PENSOS HIGIENICOS NORMAL C/ ALAS ECOLOGICOS 14UN,UNÍ VERT,Emb. 14 UNID.,"1,45€","0,10€ / UNID.",
PILHAS RECARGAVEIS HR03,FOXTER,Emb. 4 UNID.,"4,89€","1,22€ / UNID.",
Coloração 1-4 Preto Azulado,SYOSS,,"4,99€",/ Unid.,
"Gel Duche ""Petalas""",MANAVA,Emb. 0.25 LT,"1,19€","4,76€ / LT",
BOMBA MANUAL P/BOLA + AGULHA,WOODSUN,Emb. 1 UNID.,"2,99€","2,99€ / UNID.",
Pescada Branca,,1 Unid. = 1 KG (aprox.),"5,23€/kg","5,23€ / Unid.",
TOALHITAS DESMAQUILHANTES BIO 25UN,BIONAÏA,Emb. 25 UNID.,"1,99€","0,08€ / UNID.",
"Amaciador Concentrado ""Fragância de Provence"" 3 Unid.",HYPERDOU,Emb. 0.25 LT,"1,19€","4,76€ / LT",
Guardanapos Duplos,RENOVA,Emb. 140 UNID.,"1,57€","0,01€ / UNID.",
BLOCO SANITARIO FRESCURA VERDE ECO 1UN,UNÍ VERT,Emb. 1 UNID,"1,99€","1,99€ / UNID",
Salada de Atum à Catalane,COTE SNACK,Lata 0.25 KG,"1,99€","7,96€ / KG",
Espuma Limpa Carpetes e Estofos Tira Nódoas,VANISH,Emb. 0.6 LT,"5,19€","8,65€ / LT",
TABULEIRO 40*25,ECO+,Emb. 1 UNID.,"6,99€","6,99€ / UNID.",
BALDE DE AZEITONAS MACANILHA MISTAS INTEIRAS,RUSTICA,Emb. 3.5 KG,"5,99€","1,71€ / KG",
Gel de Banho Corpo e Zona Íntima Suave,CORINE DE FARME,Emb. 0.25 LT,"2,49€","9,96€ / LT",
JOGO 4 TAPETES EM ALCATIFA 1UN TECH9,TECH9,Emb. 1 UNID.,"11,99€","11,99€ / UNID.",
"AGUA FASTIO,,2.5L",FASTIO,,"1,28€",/ Unid.,
Lasanha à Bolonhesa,,Emb. 1 KG,"3,99€","3,99€ / KG",
AGUA PEDRAS TANGERINA 4X25 CL,PEDRAS,,"2,39€",/ Unid.,
Torta de Chocolate,P'TIT DÉLI,Emb. 0.3 KG,"1,29€","4,30€ / KG",
COLORACAO CASTANHO ESCURO 3.0 S/AMONIACO,VITANOVE,Emb. 1 UNID.,"3,89€","3,89€ / UNID.",
Folhas de Orégãos,RUSTICA,Frasco 0.008 KG,"0,55€","68,75€ / KG",
TORTILLAS CHIPS NATURE,ECO+,Emb. 0.3 KG,"1,59€","5,30€ / KG",
Café Mythiq Intensidade 15,DELTA,Emb. 10 UNID.,"2,99€","0,30€ / UNID.",
Néctar Clássico Maracujá,COMPAL,Emb. 1 LT,"1,68€","1,68€ / LT",
DETERGENTE LIQUIDO CONCENTRADO ALOE VERA ECOLOGICO RECARGA 30D,UNÍ VERT,,"3,69€",/ Unid.,
Máquina Descartável Blue II 2 Lâminas,GILLETTE,Emb. 20 UNID.,"8,48€","0,42€ / UNID.",
Alimento P/ Gato C/ Espirulina de Frango,PURINA,Emb. 1.4 KG,"6,68€","4,77€ / KG",
Rum Spice Gold,CAPTAIN MORGAN,Garrafa 0.7 LT,"15,98€","22,83€ / LT",
Camarão Selvagem Argentina Cal. 20/30 Congelado,,1 Unid. = 0.1 KG (aprox.),"11,99€/kg","1,20€ / Unid.",
PISTACHIOS TORRADO S/SAL,TOKAPI,Emb. 0.125 KG,"2,19€","17,52€ / KG",
Alimento Húmido para Cão Almôndegas de Aves,ECO+,,"1,79€",/ Unid.,
FLOR DE SAL MARINHO DE COZINHA DA ILHA DE RE (FRANCA),NOS RÉGIONS ONT DU TALENT,Emb. 0.125 KG,"2,39€","19,12€ / KG",
Bolachas Sprits,ECO+,Emb. 0.4 KG,"1,79€","4,48€ / KG",
Toalhitas Secas Limpa Chão,CLAIR,Emb. 15 UNID.,"1,99€","0,13€ / UNID.",
ÓLEO BRONZEADOR CÔCO,AMBRE SOLAIRE,Emb. 0.2 LT,"11,98€","59,90€ / LT",
Cuecas Menino 3 aos 5 Anos 16-23 kg,HUGGIES,Emb. 16 UN,"8,99€","0,56€ / UN",
"ALTAS QUINTAS 600 TINTO 0,75",ALTAS QUINTAS 600,,"7,98€",/ Unid.,
Miolo de Avelã,MARQUE REPERE,Emb. 0.15 KG,"2,24€","14,93€ / KG",
Cereais de Trigo Original,WEETABIX,Emb. 0.43 KG,"3,53€","8,21€ / KG",
Picanha de Porco,,1 Unid. = 0.2 KG (aprox.),"12,99€/kg","2,60€ / Unid.",
Peito de Borrego,,1 Unid. = 1 KG (aprox.),"6,99€/kg","6,99€ / Unid.",
ESTENDAL HORIZONTAL SEMI-AUTOMATICO 24,HOMESIDE,Emb. 1 UNID.,"25,99€","25,99€ / UNID.",
Puré Maçã S/ Adição de Açúcar,DOUCEUR DU VERGER,Emb. 1.6 KG,"3,99€","2,49€ / KG",
FRICASSE FRANGO C/ARROZ E LEGUMES,CÔTÉ TABLE,Emb. 0.9 KG,"4,75€","5,28€ / KG",
PERSIL LAVANDA GEL,PERSIL,Emb. 65 DOSES,"12,49€","0,19€ / DOSES",
Vinho do Porto Offley Tawny,OFFLEY,Garrafa 0.75 LT,"4,69€","6,25€ / LT",
WC Explosão Cítrica,NEO BLANC,Emb. 2 UNID.,"4,49€","2,25€ / UNID.",
COUVE FLOR,RUSTICA,Emb. 0.36 KG,"0,99€","2,75€ / KG",
Chicorée Café com Leite Instantâneo,PLANTATION,Emb. 0.4 KG,"4,45€","11,13€ / KG",
SOBREMESA TIRAMISU LIMAO,DÉLISSE,,"2,19€",/ Unid.,
Coxa de Peru,,1 Unid. = 0.86 KG (aprox.),"7,91€/kg","6,80€ / Unid.",
Snack Batata Sabor Paprika,TOKAPI,Emb. 0.17 KG,"1,95€","11,47€ / KG",
Vinho Rosé Lancers,LANCERS,Garrafa 0.75 LT,"3,98€","5,31€ / LT",
Barrinhas Periquitos sabor a Ovos,TOUS MES AMIS,Emb. 0.06 KG,"1,69€","28,17€ / KG",
Papa Infantil 5 Frutos,CERELAC,Emb. 0.25 KG,"2,39€","9,56€ / KG",
FORMA P/BOLO MEDIA,,Emb. 100 UNID.,"0,99€","0,01€ / UNID.",
Cápsulas Café Espresso Intenso Intensidade 7,DOLCE GUSTO,Emb. 30 CAPS.,"10,48€","0,35€ / CAPS.",
PELICULA ADERENTE 30M,ELEMBAL,Emb. 30 M,"0,64€","0,02€ / M",
Queijo Flamengo Fatiado,NOVA AÇORES,Emb. 0.2 KG,"1,89€","9,45€ / KG",
BISCOITOS DE CANELA,P'TIT DÉLI,Emb. 0.4 KG,"1,55€","3,88€ / KG",
Cereais Corn Flakes Original,KELLOGG'S,Emb. 0.5 KG,"2,24€","4,48€ / KG",
Leite Proteíco Stay Strong,MINUS L,Emb. 1 LT,"2,19€","2,19€ / LT",
TABUA ENGOMAR,ECO+,Emb. 1 UNID.,"22,99€","22,99€ / UNID.",
Refrigerante C/ Gás Mini Cola 12 Unid.,JEAN'S,Emb. 1.8 LT,"3,99€","2,22€ / LT",
Iogurte Líquido Morango 12 Unid.,ACTIMEL,Emb. 1.2 LT,"4,39€","3,66€ / LT",
Pão de Forma Especial Torradas com Côdea,EPI D'OR,Emb. 0.8 KG,"1,74€","2,18€ / KG",
ESTENDAL VERTICAL 45M,HOMESIDE,Emb. 1 UNID.,"49,99€","49,99€ / UNID.",
Massa Folhada Pronta a Desenrolar sem Glúten,CHAQUE JOUR SANS GLUTEN,Emb. 0.28 KG,"2,53€","9,04€ / KG",
PAPEL ALUMINIO 20M,ELEMBAL,Emb. 20 M,"1,99€","0,10€ / M",
SORTIDO MINI PAES/CROISSANTS CHOCOLATE 12UN,EPI D'OR,Emb. 0.372,"3,59€","9,65€ /",
Pinhões,TABLIER BLANC,Emb. 0.05 KG,"3,49€","69,80€ / KG",
Massa Farfalle,TURINI,Emb. 0.5 KG,"0,99€","1,98€ / KG",
BEBIDA DE ARROZ E COCO BIO,,Emb. 1 KG,"1,99€","1,99€ / KG",
Bolo Rectangular de Ovo,,1 Unid. = 1 KG (aprox.),"12,99€/kg","12,99€ / Unid.",
Gomas de Ovos,COPAÍNS COPINES,Emb. 0.3 KG,"1,34€","4,47€ / KG",
Massa Cuscus,TURINI,Emb. 0.25 KG,"0,55€","2,20€ / KG",
Vinho Regional Alentejo Branco,GALITOS,Garrafa 0.75 LT,"2,28€","3,04€ / LT",
Patê Terrine Campestre Confit de Figado 3x180 g,,Frasco 0.54 KG,"2,89€","5,35€ / KG",
BATATA NOVA SALTEADA C/ AZEITE E SAL MARINHO,POM'LISSE,Emb. 0.45 KG,"2,55€","5,67€ / KG",
Bolachas Uva,NAT&VIE,Emb. 0.2 KG,"1,69€","8,45€ / KG",
Fraldas Bebé T3 ACTIV+ 4/9 Kg,MOTS D'ENFANTS,Emb. 47 UNID.,"7,89€","0,17€ / UNID.",
MINI PIZZAS QUEIJO E FIAMBRE 9UN,TURINI,Emb. 0.27,"2,39€","8,85€ /",
VASSOURA CANTONEIRO,SILLAGE,Emb. 1 UNID.,"2,99€","2,99€ / UNID.",
Polpa de Tomate,GULOSO,Frasco 0.5 LT,"0,79€","1,58€ / LT",
Porta Fatos Grande,SILLAGE,Emb. 1 UNID.,"2,49€","2,49€ / UNID.",
Chá de Lúcia-Lima,LIPTON,Emb. 20 SAQ.,"1,20€","0,06€ / SAQ.",
Batatas Fritas Lay\'s Vinagreta,LAY'S,Emb. 0.15 KG,"1,88€","12,53€ / KG",
Rigatoni,TRADIZIONI D'ITALIA,Emb. 0.5 KG,"1,59€","3,18€ / KG",
Tarte de Alho Frances,CÔTÉ TABLE,Emb. 0.4 KG,"2,25€","5,63€ / KG",
Desodorizante Roll-On Cool Fresh,DOVE,Emb. 0.05 LT,"2,69€","53,80€ / LT",
Iogurte Líquido Tutti Frutti 6 Unid.,ACTIMEL,Emb. 0.6 KG,"2,59€","4,32€ / KG",
Bebida Energética Mango Loco Energy Juiced,MONSTER ENERGY,Emb. 0.05 LT,"1,20€","24,00€ / LT",
RATO PRETO COMPATIVEL PC/MAC,LINKSTER,Emb. 1 UNID.,"5,90€","5,90€ / UNID.",
FOSFOROS 3X240,SILEX,Emb. 3 UNID.,"0,99€","0,33€ / UNID.",
FILETES DE BACALHAU PANADOS 4UN,PÊCHE OCÉAN,Emb. 0.5 KG,"6,45€","12,90€ / KG",
Mini Bolos de Mármore de Chocolate,P'TIT DÉLI,Emb. 0.378 KG,"2,95€","7,80€ / KG",
Batatas Fritas Onduladas,POM'LISSE,Emb. 0.18 KG,"1,79€","9,94€ / KG",
AZEITONA VERDE COM PIMENTO,RUSTICA,Emb. 0.8 KG,"2,34€","2,93€ / KG",
Amaciador para Roupa Nature Rosa & Maçã Verde Ultra Concentrado,COMFORT,Emb. 60 DOSES,"3,99€","0,07€ / DOSES",
Néctar de Pera Rocha Clássico,COMPAL,Emb. 0.33 LT,"0,78€","2,36€ / LT",
CARTE D'OR BAUNILHA 1L,CARTE D'OR,Emb. 1 LT,"2,89€","2,89€ / LT",
Estrella Damm Cerveja de Espanha Pack 6X25CL,ESTRELLA DAMM,,"3,19€",/ Unid.,
Whisky Bourbon,JOHN DAVON'S,Garrafa 0.7 LT,"10,99€","15,70€ / LT",
STICKS FLUOR CALCIO P/ CAO 10UN,P'TIT AMI,Emb. 1 UNID.,"1,25€","1,25€ / UNID.",
Conserva de Bacalhau em Azeite e Alho,PITEU,Emb. 0.12 KG,"2,39€","19,92€ / KG",
Costeletas do Acém Novilho,,1 Unid. = 0.4 KG (aprox.),"7,99€/kg","3,20€ / Unid.",
Néctar Vital Equilíbrio Manga Laranja 3x20cl,COMPAL,Emb. 0.6 LT,"1,68€","2,80€ / LT",
Cápsulas Café Ristretto Ardenza Pack x3,DOLCE GUSTO,Emb. 48 CAPS.,"12,27€","0,26€ / CAPS.",
Vinho Regional Bairrada Tinto,MARQUES DE MARIALVA,Garrafa 0.75 LT,"4,98€","6,64€ / LT",
Tira Gorduras Misto,MISTOLIN,Emb. 0.545 LT,"2,98€","5,47€ / LT",
CHA PRETO PEQUENO-ALMOCO BIO,,Emb. 20 UNID.,"1,39€","0,07€ / UNID.",
NATAS GORDAS UHT SEMI-ESPESSAS COM 30 % M.G.,DÉLISSE,Emb. 0.6 KG,"2,35€","3,92€ / KG",
Bebida de Soja,NAT&VIE,Emb. 1 LT,"0,99€","0,99€ / LT",
CAPSULAS CAFE COMP C/ DG - SUAVE INT7,PLANTATION,Emb. 16 UNID.,"2,44€","0,15€ / UNID.",
CORN FLAKES NATURE,,,"1,85€",/ Unid.,
Perninha de Frango,,1 Unid. = 0.25 KG (aprox.),"2,99€/kg","0,75€ / Unid.",
Néctar Essencial Pêssego 3x110ml,COMPAL,Emb. 0.33 LT,"1,79€","5,42€ / LT",
Bolachas Recheadas de Laranja,ECO+,Emb. 0.3 KG,"1,39€","4,63€ / KG",
Vinho Tinto do Douro,DUAS QUINTAS,Emb. 0.75 LT,"12,98€","17,31€ / LT",
Café Solúvel Cappuccino Mocha,NESCAFÉ,Emb. 0.306 KG,"6,38€","20,85€ / KG",
RECARGA LIMPA VIDROS ECOLOGICO,UNÍ VERT,Emb. 0.75 LT,"1,49€","1,99€ / LT",
BL1 LED FILA CHAMA 4-40W E14,FOXTER,Emb. 1 UNID.,"3,59€","3,59€ / UNID.",
"PEITO PERU FATIAS FINAS Teor Sal Reduzido,110G",IZIDORO,Emb. 0.11 KG,"2,44€","22,18€ / KG",
Água Nascente S/ Gás,ECO+,Garrafão 6 LT,"0,75€","0,13€ / LT",
Batatas Fritas Onduladas Sabor a Presunto,POM'LISSE,Emb. 0.185 KG,"1,19€","6,43€ / KG",
DESODORIZANTE SPRAY SEDUCTION MEN 200ML,CARRÉ HOMME,Emb. 0.2 LT,"1,19€","5,95€ / LT",
Queijo Flamengo Barra,MIMOSA,Emb. 0.15 KG (aprox.),"9,79€/kg","1,47€ / Unid.",
Creme Hidratante Dia Age Perfect,DERMO EXPERTISE,Emb. 0.05 LT,"15,98€","319,60€ / LT",
Açúcar Branco,TÉVA,Emb. 1 KG,"1,49€","1,49€ / KG",
Coloração 5-29 Vermelho Intenso,SYOSS,,"4,99€",/ Unid.,
Folhado de Salsicha,,1 UNID.,"0,79€","0,79€ / UNID.",
Liegeois Chocolate e Café 4x100g,DÉLISSE,Emb. 0.8 KG,"2,75€","3,44€ / KG",
CREME REVITALIZANTE Q10 MEN 50ML,CARRÉ HOMME,Emb. 0.05 LT,"2,29€","45,80€ / LT",
Garoupa Posta,,1 Unid. = 0.3 KG (aprox.),"2,29€/kg","2,29€ / Unid.",
Alho Seco,,1 Unid. = 0.1 KG (aprox.),"4,99€/kg","0,50€ / Unid.",
LUVAS ROSEIRAS XL ROSA,BEAUX JOURS,Emb. 1 UNID.,"1,89€","1,89€ / UNID.",
Café Solúvel Clássico Frasco,NESCAFÉ,Frasco 0.1 KG,"3,98€","39,80€ / KG",
Alimento P/ Cão de Boi C/ Mandioca S/ Glúten,BEYOND,Emb. 1.2 KG,"8,48€","7,07€ / KG",
Johnson's Baby Champô Gotas de Brilho,JOHNSON'S BABY,Emb. 0.5,"5,58€","11,16€ /",
"Chá Verde com Guaraná, Canela e Cardamono",LIPTON,Emb. 0.032 KG,"1,94€","60,63€ / KG",
Amaciador de Roupa Pure,COMFORT,Emb. 4 LT,"4,49€","1,12€ / LT",
Ambientador Pure Happiness Laranja e Neroli Aromatherapy,GLADE,Emb. 0.08 LT,"8,39€","104,88€ / LT",
Miolo de Amêndoa Torrada com Sal,,Emb. 0.2 KG,"3,99€","19,95€ / KG",
Gel Duche + Champô Boise,MANAVA,Emb. 0.25 LT,"1,29€","5,16€ / LT",
MISTURA EXOTICA,TOKAPI,Emb. 0.12 KG,"1,19€","9,92€ / KG",
Nata para Bater,PARMALAT,Emb. 0.2 KG,"1,11€","5,55€ / KG",
Pacotinho de Frutas Maçã Manga S/ Glúten +6 meses,NESTLÉ BEBÉ,Emb. 0.09 KG,"1,04€","11,56€ / KG",
Salsichão Seco Porco,ECO+,Emb. 0.25 KG,"2,39€","9,56€ / KG",
"CAPA CARTAO C/ELASTICO LOMBADA 2,5CM",ESQUISSE,Emb. 1 UNID.,"2,49€","2,49€ / UNID.",
Atum Albacore ao Natural,PÊCHE OCÉAN,Lata 0.4 KG,"3,99€","9,98€ / KG",
Vinho Branco Frutado,FAISÃO,Garrafa 0.75 LT,"2,38€","3,17€ / LT",
Chouriço Corrente 2x100gr,PRIMOR,Emb. 0.2 KG,"1,39€","6,95€ / KG",
Queijo Curado Receita Original,CASTELÕES,1 Unid. = 1.25 KG (aprox.),"11,99€/kg","14,99€ / Unid.",
Dentífrico Junior,,Emb. 0.075 LT,"2,59€","34,53€ / LT",
Cápsulas Café Colombia Lungo Intensidade 5 Bio,DOLCE GUSTO,Emb. 12 CAPS.,"5,58€","0,47€ / CAPS.",
GEL DEPILATORIO SENHORA PELE SENSIVEL 200ML,SILISS,Emb. 200 ML,"1,99€","0,01€ / ML",
Champo Bebé Extra Suave 500 Ml+250ml Grátis,CORINE DE FARME,Emb. 0.75 LT,"4,84€","6,45€ / LT",
Alimento Seco P/ Gato Esterilizado C/ Salmão e Trigo,PURINA,Emb. 0.8 KG,"6,98€","8,73€ / KG",
Azeite Clássico,OLIVEIRA DA SERRA,Emb. 3 LT,"16,98€","5,66€ / LT",
Aguardente Vínica Velha,SÃO DOMINGOS,Emb. 0.7 LT,"12,78€","18,26€ / LT",
Couve Nabiça,,1 Unid. = 0.95 KG (aprox.),"3,59€/kg","3,59€ / Unid.",
Vinagre de Vinho Tinto Cabernet Sauvignon,GALLO,Emb. 0.25 LT,"1,99€","7,96€ / LT",
Chocolate Choco Waffel Leite,MILKA,Emb. 0.18 KG,"2,68€","14,89€ / KG",
Sobremesa Láctea Natual Açúcarado +6 Meses,BIO VILLAGE BEBE,Emb. 0.4 KG,"2,29€","5,73€ / KG",
SALSICHAO SECO FATIAS,ST AZAY,Emb. 0.15 KG,"1,89€","12,60€ / KG",
Sobremesa Láctea de Pêra +6 Meses 4 Unid.,BIO VILLAGE BEBE,Emb. 0.4 KG,"2,29€","5,73€ / KG",
SPAGHETTI A BOLONHESA,CÔTÉ TABLE,Emb. 0.3 KG,"2,29€","7,63€ / KG",
TAMPAO NORMAL,UNÍ VERT,Emb. 16 UNID.,"1,55€","0,10€ / UNID.",
Conjunto de 4 Recargas P/ Desumidificador Lavanda,FOXTER,Emb. 4 UNID.,"10,99€","2,75€ / UNID.",
DENTRIFICO EXPERT ULTRA BRANQUEADOR,DENTAMYL,Emb. 0.075 LT,"0,95€","12,67€ / LT",
Café Solúvel Sélection,PLANTATION,Frasco 0.2 KG,"2,89€","14,45€ / KG",
Iogurte Magro Morango Kiwi Banana E Pêssego 8 Unid.,MIMOSA,Emb. 0.96 KG,"2,49€","2,59€ / KG",
Sabonete Sólido Amêndoa Doce 6 Unid.,MANAVA,Emb. 6 UNID.,"3,29€","0,55€ / UNID.",
Ketchup Top Down,HEINZ,Emb. 0.46 KG,"3,68€","8,00€ / KG",
Cerveja com Álcool 24x20cl,SUPER BOCK,Emb. 4.8 LT,"9,99€","2,08€ / LT",
Sais de Fruta Digestivo Original,ENO DIGESTIVO,Emb. 10 UNID.,"4,98€","0,50€ / UNID.",
Iogurte Líquido Frutas Exóticas 6x100g,DANACOL,Emb. 0.6 KG,"2,99€","4,98€ / KG",
Ovas de Peixe Lapa vermelho,RONDE DES MERS,Emb. 0.1 KG,"3,99€","39,90€ / KG",
YOFU SOJA NATURAL 4X125G,ALPRO SOYA,Emb. 0.5 KG,"2,88€","5,76€ / KG",
FITA COLA DUPLA FACE 25M X 50MM,FOXTER,Emb. 1 UNID.,"4,99€","4,99€ / UNID.",
Café Solúvel,DELTA,Frasco 0.1 KG,"2,19€","21,90€ / KG",
Tira-Nódoas em Spray,SKIP,Emb. 0.5 LT,"2,99€","5,98€ / LT",
Queijo Curado Meio Gordo Fonte Mouisca,LACTO SERRA,1 Unid. = 0.25 KG (aprox.),"10,99€/kg","2,75€ / Unid.",
Chispalhada S/ Corantes,NOBRE,Lata 0.42 KG,"1,76€","4,19€ / KG",
Marmelada Extra,,Emb. 0.9 KG,"1,99€","2,21€ / KG",
Calippo Morango,OLÁ,Emb. 0.525 LT,"2,49€","4,74€ / LT",
Conserva de Tomate em Pedaços,GULOSO,Emb. 0.39 KG,"1,58€","4,05€ / KG",
MOUSSE MAGRO 0%MG MORANGO / PESSEGO,DÉLISSE,Emb. 0.46 KG,"1,75€","3,80€ / KG",
Toalhitas WC Criança Origem Vegetal,MOTS D'ENFANTS,Emb. 60 UNID.,"1,65€","0,03€ / UNID.",
Refrigerante C/ Gás Cola,ECO+,Garrafa 2 LT,"0,79€","0,40€ / LT",
Gel Efeito Molhado Extra Forte 3,VITANOVE,Emb. 0.3 L,"2,29€","7,63€ / L",
Bolo com Recheio de Morango 14 Unid.,,Emb. 0.42 KG,"2,15€","5,12€ / KG",
Molho Francesinha,GULOSO,Frasco 0.5 KG,"4,18€","8,36€ / KG",
Massa Talharim,MILANEZA,Emb. 0.5 KG,"1,84€","3,68€ / KG",
Abacate,,1 Unid. = 0.2 KG (aprox.),"3,69€/kg","0,74€ / Unid.",
Amaciador Cabelos Frágeis,ELVIVE,Emb. 0.2 LT,"3,98€","19,90€ / LT",
ALIMENT BEBE: PURE LEGUMES DE PROVENCA BIO +4M 2X120G,BIO VILLAGE BEBE,Emb. 0.4 KG,"1,45€","3,63€ / KG",
Batatas Fritas Lay\'s Gourmet,LAY'S,Emb. 0.17 KG,"2,28€","13,41€ / KG",
Pão Roll's Bases Redondas 6 Unid.,BIMBO,Emb. 0.24 KG,"1,98€","8,25€ / KG",
Pimento Vermelho,,1 Unid. = 0.21 KG (aprox.),"2,79€/kg","0,59€ / Unid.",
MORTADELA ITALIANA C/ PISTACHIOS,ST AZAY,,"1,99€",/ Unid.,
Iogurte Grego Natural 4x150g,DÉLISSE,Emb. 0.6 KG,"1,55€","2,58€ / KG",
NATAS LIQUIDAS UHT GARRAFA 15%MG,DÉLISSE,Emb. 0.5 KG,"1,89€","3,78€ / KG",
Palmiers Biológicos,,Emb. 0.1 KG,"1,09€","10,90€ / KG",
Sobremesa Láctea com Coco e Ovos 4x100g,DÉLISSE,Emb. 0.4 KG,"2,39€","5,98€ / KG",
Limpa Máquinas da Roupa,XAU,Emb. 0.25 LT,"3,99€","15,96€ / LT",
Coxa de Frango,,1 Unid. = 0.5 KG (aprox.),"2,99€/kg","1,50€ / Unid.",
Óleo Motor 5W30 FAP C4,TECH9,Emb. 5 LT,"29,99€","6,00€ / LT",
"Refrigerante com Gás Ananás Lata 6x0,33L",SUMOL,Emb. 1.98 LT,"4,38€","2,21€ / LT",
Vinho Tinto Bag in Box,ALMA DE PIAS,Emb. 5 LT,"6,79€","1,36€ / LT",
Batatas Fritas Lisas Caseiras,SNR,Emb. 0.4 UNID.,"1,99€","4,98€ / UNID.",
Água Tónica Original,NORDIC,Garrafa 1 LT,"1,84€","1,84€ / LT",
Café Solúvel Black Roast,NESCAFÉ,Emb. 0.2 KG,"4,79€","23,95€ / KG",
Vinho Regional Bairrada Tinto,MARQUES DE MARIALVA,Garrafa 0.75 LT,"8,98€","11,97€ / LT",
Batata Noisettes,POM'LISSE,Emb. 1 KG,"1,79€","1,79€ / KG",
Bloco Sanitário Limão,SONASOL,Emb. 0.05 KG,"1,94€","38,80€ / KG",
Refrigerante C/ Gás S/ Açúcar Pack 6,COCA COLA,Emb. 1.98 LT,"4,30€","2,17€ / LT",
Morcela Preta com Cebola,TRADILÈGE,Emb. 0.375 KG,"2,99€","7,97€ / KG",
Água Tónica,SPRINK'S,Garrafa 1.5 LT,"1,39€","0,93€ / LT",
Frango Inteiro com Miúdos Saco de 2 Unidades,,1 Unid. = 1 KG  (aprox.),"2,69€/kg","2,69€ / Unid.",
Cone Menta e Chocolate,TRIUM,Emb. 6 UNID.,"2,15€","0,36€ / UNID.",
Gel Banho Termal SPA,MANAVA,Emb. 0.75 LT,"1,69€","2,25€ / LT",
Alecrim,MARGÃO,Emb. 0.015 KG,"0,98€","65,33€ / KG",
MIRTILOS SELVAGENS,DOUCEUR DU VERGER,Emb. 0.65 KG,"4,99€","7,68€ / KG",
Alimento Húmido para Cão Mini Adulto,PURINA ONE,Emb. 0.1 KG,"0,68€","6,80€ / KG",
Cebolas,,Emb. 2 KG,"2,18€","1,09€ / KG",
Cerveja com Álcool,SAGRES,Garrafa 1 LT,"1,69€","1,69€ / LT",
CHAMPO CABELOS FRAGEIS E QUEBRADICOS 250ML,NATEIS,Emb. 0.25 LT,"1,69€","6,76€ / LT",
Pensos Higiénicos Cottonlike Super Alas,EVAX,Emb. 12 UNID.,"2,58€","0,22€ / UNID.",
Leite Fresco Magro,VIGOR,Emb. 1 LT,"0,98€","0,98€ / LT",
Plumas de Porco Preto,,1 Unid. = 0.5 KG  (aprox.),"12,99€/kg","6,50€ / Unid.",
Body Milk para Duche Nutritivo Pele Seca,NIVEA,Emb. 0.25 LT,"5,48€","21,92€ / LT",
Pão de Forma sem Codea,EPI D'OR,Emb. 0.45 KG,"1,49€","3,31€ / KG",
TORRADEIRA 2 FENDAS 800W,ELSAY,Emb. 1 UNID.,"22,90€","22,90€ / UNID.",
Hamburger de Carne de Vaca Ultracongelado,,Emb. 10 UNID.,"8,99€","0,90€ / UNID.",
Paprika Frasco,MARGÃO,Emb. 0.04 KG,"1,98€","49,50€ / KG",
GLISS ULTIMATE REPAIR CONDICIONADOR,GLISS,Emb. 0.2 LT,"2,24€","11,20€ / LT",
Conjunto de 5 Chaves De Fendas,ECO+,Emb. 5 UNID.,"1,99€","0,40€ / UNID.",
Mini Rissóis de Carne 20 Unid.,SNR,Emb. 0.4 KG,"3,30€","8,25€ / KG",
PUDIM FLAN C/ CARAMELO 12UN,DÉLISSE,Emb. 1.2 KG,"2,59€","2,16€ / KG",
Barra de Cereais com Pepitas de Chocolate Biológica 6 Unid.,,Emb. 0.126 KG,"1,69€","13,41€ / KG",
BANDAS DEPILATORIAS CERA FRIA PELE SENSIVEL VIAGEM 20UN,SLISS,Emb. 0.2 LT,"1,95€","9,75€ / LT",
COLA BATON 10G,ESQUISSE,Emb. 2 UNID.,"1,19€","0,60€ / UNID.",
TEMPERO BARBECUE PARA CARNE DE PORCO E SACO P/ ASSAR,RUSTICA,Emb. 0.028 KG,"0,75€","26,79€ / KG",
Bacalhau Seleção Graúdo Noruega Asa Preta,,1 Unid. = 2.5 KG (aprox.),"12,99€/kg","32,48€ / Unid.",
Atum em Azeite,BOM PETISCO,Emb. 0.12 KG,"1,39€","11,58€ / KG",
Desodorizante Spray Invisible,MANAVA,Emb. 0.1 LT,"1,29€","12,90€ / LT",
Mortadela,CHARCUTARIA,1 Unid. = 0.2 KG (aprox.),"4,99€/kg","1,00€ / Unid.",
Saqueta Multifrutos com Bolacha,HERO BABY,Emb. 0.1 KG,"0,97€","9,70€ / KG",
Bolacha B-ready 6Unid.,NUTELLA,Emb. 0.132 KG,"2,64€","20,00€ / KG",
Fita Adesiva Embalamento 66Metrosx50Mm,FOXTER,Emb. 1 UNID.,"1,99€","1,99€ / UNID.",
Café Descafeinado Seleção Premium Intensidade 7,NESCAFE GOLD,Emb. 0.1 KG,"5,98€","59,80€ / KG",
Liégeois Baunilha 8x100g,DÉLISSE,Emb. 0.8 KG,"2,75€","3,44€ / KG",
Ração Para Gato Ultima Esterilizado Bola De Pêlo Com Perú,ULTIMA,Emb. 3 KG,"24,28€","8,09€ / KG",
Costeletas de Borrego,,1 Unid. = 0.5 KG (aprox.),"15,99€/kg","8,00€ / Unid.",
Cubos de Pão Tostado Alho e Ervas Especial Saladas,EPI D'OR,Emb. 0.06 KG,"0,59€","9,83€ / KG",
"DELICIA ""NAPOLITAIN"" 10UN",P'TIT DÉLI,Emb. 0.35 KG,"2,99€","8,54€ / KG",
MOLHO BARBECUE,RUSTICA,Emb. 0.28 KG,"1,19€","4,25€ / KG",
CAPS CAFE COMP C/ NESP XL FORTISSIMO,PLANTATION,40 UNID.,"7,49€","0,19€ / UNID.",
Bolo Cake e Choc,MILKA,Emb. 0.175 KG,"2,48€","14,17€ / KG",
Maionese com Mostarda de Dijon com Baixo Teor de Gordura,RUSTICA,Emb. 0.45 KG,"1,35€","3,00€ / KG",
Snack Chocolate Leite,LION,Emb. 3 UNID.,"2,18€","0,73€ / UNID.",
Bloco Sanitário power 5 duo pack lime,DOMESTOS,Emb. 0.11 KG,"2,74€","24,91€ / KG",
CAVALINHA EM ÓLEO VEGETAL,PITEU,Emb. 0.12 KG,"0,96€","8,00€ / KG",
BEBIDA AMENDOA S/ACUCAR,ALPRO,Emb. 1 LT,"2,38€","2,38€ / LT",
Creme Intensivo Corporal,DOVE,Emb. 0.15 LT,"2,59€","17,27€ / LT",
Cereais de Chocolate,CHOCAPIC,Emb. 0.625 KG,"3,52€","5,63€ / KG",
CHOCOLATE PRETO C/ CASCA DE LARANJA,TABLETTE D'OR,Emb. 0.2 KG,"1,89€","9,45€ / KG",
Massa Linguine,MILANEZA,Emb. 0.5 KG,"1,98€","3,96€ / KG",
Pão Thins 8 Cereais 6 Unidades,BIMBO,Emb. 0.31 KG,"2,28€","7,35€ / KG",
CROQUETES CARNE DE VACA/FIGADO/LEG 400G LYCAT,LYCAT,Emb. 0.4 KG,"1,10€","2,75€ / KG",
TUBO FLEXIVEL CHUVEIRO EXTENSIVEL INOX 1.5-2M,FOXTER,Emb. 1 UNID.,"5,99€","5,99€ / UNID.",
Biscoitos com Sal,TOKAPI,0.3 KG,"1,69€","5,63€ / KG",
Leite Creme de Café 4X100G,DÉLISSE,Emb. 0.4 KG,"2,39€","5,98€ / KG",
Eau De Toilette Umbro Action,UMBRO,Emb. 0.03 LT,"6,98€","232,67€ / LT",
"CROQUETES CAO MINI ADULTO 1,5KG 1,5KG LYDOG",PLENIMA,Emb. 1.5 KG,"4,49€","2,99€ / KG",
Tequila Gold,TISCAZ,Emb. 0.7 LT,"16,48€","23,54€ / LT",
Chispe de Porco,,1 Unid. = 0.5 KG (aprox.),"7,99€/kg","4,00€ / Unid.",
"AMBIENTADOR MECHA ""FRUTOS VERMELHOS"" 375ML",BIEN AIR,Emb. 0.375 LT,"1,55€","4,13€ / LT",
Bolo com Recheio de Creme de Cacau e Leite 228 g,BOLLYCAO,Emb. 4 UNID.,"1,99€","0,50€ / UNID.",
Champanhe Bruto,POL CARSON,Garrafa 0.375 LT,"9,89€","26,37€ / LT",
Gelado de Nata,CARTE D'OR,Emb. 0.75 LT,"1,94€","2,59€ / LT",
Gel Banho 1/4 Creme Hidratante,MANAVA,Emb. 0.75 LT,"1,79€","2,39€ / LT",
Creme Remodelador Q10 Plus,NIVEA,Emb. 0.3 LT,"11,98€","39,93€ / LT",
DESODORIZANTE SPRAY ATTIRANT MEN 200ML,CARRÉ HOMME,Emb. 0.2 LT,"1,19€","5,95€ / LT",
Pevide de Abóbora C/ Casca C/ Sal,MARQUE REPERE,Emb. 0.2 KG,"1,99€","9,95€ / KG",
SACOS LIXO C/ ATILHO 130L,ELEMBAL,Emb. 10 UNID.,"2,39€","0,24€ / UNID.",
ALMOFADA INSUFLAVEL VIAGEM,RIVERSIDE,Emb. 1 UNID.,"8,99€","8,99€ / UNID.",
VELAS TEALIGHTS 25UN,ARDENCE,Emb. 25 UNID.,"2,99€","0,12€ / UNID.",
Conserva de Feijão Manteiga,NOTRE JARDIN,Lata 0.425 KG,"0,69€","1,62€ / KG",
FARINHA DE TRIGO SEMI-INTEGRAL BIO,,Emb. 1 KG,"1,49€","1,49€ / KG",
Tomate Cherry,,Emb. 0.25 KG,"1,19€","4,76€ / KG",
LENCOS BOLSO 4F MENTOL,CARESSE,Emb. 15 UNID.,"1,69€","0,11€ / UNID.",
LIMPA MOVEIS C/CERA AEROSSOL,CLAIR,Emb. 0.3 LT,"1,69€","5,63€ / LT",
ALIMENTO HUMIDO EM GELEIA FRANGO/FIGADO/CENOURA P/ CAO 1230G,LYDOG,Emb. 1 KG,"2,05€","2,05€ / KG",
Ramen Caril Japonês,NISSIN,Emb. 0.1 KG,"1,48€","14,80€ / KG",
Snack de Batatas Finas Natural,TOKAPI,Emb. 0.17 KG,"1,95€","11,47€ / KG",
QUEIJO FLAMENGO RALADO,QUEIJO NA TÁBUA,Emb. 0.15 KG,"1,25€","8,33€ / KG",
Leite Magro em Pó,DÉLISSE,Emb. 0.3 KG,"2,79€","9,30€ / KG",
Pensos Higiénicos Normal Sem Alas Fina e Segura,EVAX,Emb. 24 UNID.,"2,37€","0,10€ / UNID.",
HAMBURGUER DE PERU 4UN,CHANTEGRIL,Emb. 0.32 KG,"1,99€","6,22€ / KG",
Moinho Pimenta Preta,MARGÃO,Emb. 0.035 KG,"3,98€","113,71€ / KG",
Leite Achocolatado Light 6x250ml,UCAL,Emb. 1.5 LT,"5,75€","3,83€ / LT",
Forma Pudim Canelada 16cm,ECO+,Emb. 1 UNID.,"3,99€","3,99€ / UNID.",
Johnson's Baby Óleo de Aloe Vera,JOHNSON'S BABY,Emb. 0.5 LT,"5,58€","11,16€ / LT",
FRALDAS BEBE T4 DOUCEUR 7/18 KG 74UN,MOTS D'ENFANTS,Emb. 74 UNID.,"9,46€","0,13€ / UNID.",
MEXEDORES CAFE MADEIRA,HOMESIDE,Emb. 100 UNID.,"2,19€","0,02€ / UNID.",
LUVA AUTO MOPA ANTI-MOSQUITOS,TECH9,Emb. 1 UNID.,"2,59€","2,59€ / UNID.",
SACOS LIXO WC C/ATILHO 5L,ELEMBAL,Emb. 40 UNID.,"1,19€","0,03€ / UNID.",
Chourição,CHARCUTARIA,1 Unid. = 0.1 KG (aprox.),"5,99€/kg","0,60€ / Unid.",
Lenços Bolso 6+2 Unidades Red Label Pure,LENÇOS RENOVA,Emb. 8 UNID.,"1,88€","0,24€ / UNID.",
TOALHITAS MOVEIS PERFUMADAS,CLAIR,Emb. 24 UNID.,"1,19€","0,05€ / UNID.",
Johnson's Gel de Banho Bons Sonhos,JOHNSON'S BABY,Emb. 0.5,"3,89€","7,78€ /",
Café Moagem Universal Colombia,DELTA,Emb. 0.22 KG,"3,68€","16,73€ / KG",
Rabanete sem Rama,,1 Unid. = 0.125 KG  (aprox.),"2,59€/kg","0,32€ / Unid.",
Gomas Feijões,COPAÍNS COPINES,Emb. 0.2 KG,"1,49€","7,45€ / KG",
Lasanha Bolonhesa à Ultracongelada,CÔTÉ TABLE,Emb. 0.6 KG,"2,69€","4,48€ / KG",
NAPOLITANAS CHOCOLATE 10UN,ECO+,Emb. 0.45 KG,"2,19€","4,87€ / KG",
CEREAIS RECHEADOS C/ CHOCO,P'TIT DÉLI,Emb. 0.65 KG,"2,89€","4,45€ / KG",
Bacalhau Crescido Asa Preta,,1 Unid. = 1.6 KG,"11,99€/kg","19,18€ / Unid.",
Massa Cotovelos,ECO+,Emb. 0.5 KG,"0,65€","1,30€ / KG",
Creme P/ Barrar 59% M.G. Rico Omega 3,NAT&VIE,Emb. 0.5 KG,"1,99€","3,98€ / KG",
Banana da Madeira,,1 Unid. = 0.18 KG (aprox.),"2,99€/kg","0,54€ / Unid.",
VILEDA SACOS P/CUBO DE GELO 10UN,VILEDA,Emb. 10 UNID.,"1,98€","0,20€ / UNID.",
Vinho Regional Douro,EVEL,Garrafa 0.75 LT,"5,68€","7,57€ / LT",
VELA NUMERO - 0,ARDENCE,Emb. 1 UNID.,"0,89€","0,89€ / UNID.",
Cereais Integrais e Mel,NESTUM,Emb. 0.25 KG,"2,18€","8,72€ / KG",
Syoss Oieo Intense 5-54 Castanho Claro Cendré,SYOSS,,"6,24€",/ Unid.,
Desodorizante,REXONA,Emb. 0.05 LT,"2,69€","53,80€ / LT",
Tablete de Chocolate Preto com Raspa de Laranja Biológico,,Emb. 0.1 KG,"1,99€","19,90€ / KG",
Água C/ Gás 6 Unid.,SAINT DIERY,Emb. 3 LT,"1,59€","0,53€ / LT",
Sopa Económica Rabo de Boi,KNORR,Emb. 0.06 KG,"1,09€","18,17€ / KG",
SACO CONGELACAO C/ZIP GRANDE,ELEMBAL,Emb. 15 UNID.,"1,49€","0,10€ / UNID.",
Arroz Estufado,CAÇAROLA,Emb. 1 KG,"1,24€","1,24€ / KG",
Gel De Banho Hidra Essencial,VASELINE,Emb. 0.7 LT,"3,59€","5,13€ / LT",
MASSA P/ PIZZA BIO,,Emb. 0.26 KG,"1,99€","7,65€ / KG",
"Alimento Húmido P/ Cão Adulto em Molho de Vaca, Borrego",FRISKIES,Emb. 1.2 KG,"7,28€","6,07€ / KG",
Azeite Virgem,OLIVEIRA DA SERRA,Garrafa 0.75 LT,"3,58€","4,77€ / LT",
Canjinha de Frango Embalada,,1 Unid. = 1 KG  (aprox.),"3,49€/kg","3,49€ / Unid.",
Alimento Seco P/ Gato Adulto Frango e Cereais,PURINA ONE,Emb. 0.8 KG,"6,98€","8,73€ / KG",
CABIDE C/ GANCHO CINZA 6UN,SILLAGE,Emb. 6 UNID.,"2,00€","0,33€ / UNID.",
Salsichas Cocktail,TRADILÈGE,Emb. 0.4 KG,"3,39€","8,48€ / KG",
COLORACAO VEGETAL HENA COBRE BIO,BIONAÏA,Emb. 1 UNID.,"6,99€","6,99€ / UNID.",
MINI SPRAY FLORAL RECARGA 15ML,BIEN AIR,Emb. 0.015 LT,"0,90€","60,00€ / LT",
Máscara Alonga e Define Extra Super Lash,RIMMEL,Emb. 1 UNID.,"9,98€","9,98€ / UNID.",
Chantilly,PRÉSIDENT,Emb. 0.25 Kg,"2,59€","10,36€ / Kg",
Biscoitos de Canela,P'TIT DÉLI,Emb. 0.5 KG,"1,78€","3,56€ / KG",
SACOS P/ CONTENTORES DO LIXO 240L,ELEMBAL,Emb. 10 UNID.,"3,49€","0,35€ / UNID.",
Ração seca para gato junior c/ Frango,ULTIMA,Emb. 1.5 KG,"13,28€","8,85€ / KG",
Champô Cabelo Revitalizante Pelo Frágil,ELVIVE,Emb. 1.2 LT,"5,98€","4,98€ / LT",
CONDICIONADOR ALISANTE,VITANOVE,Emb. 0.2 LT,"1,24€","6,20€ / LT",
Leite Magro em Pó,DÉLISSE,Emb. 0.75 KG,"6,29€","8,39€ / KG",
Manteiga de Bretagne Doux,LES CROISÉS,Emb. 0.25 KG,"2,25€","9,00€ / KG",
Cereais Cookie'z Chocolate,NACIONAL,Emb. 0.3 KG,"1,69€","5,63€ / KG",
10 ESPETOS INOX,BEAUX JOURS,Emb. 10 UNID.,"5,99€","0,60€ / UNID.",
Sobremesa Ilha Flutuante 4x100g,DÉLISSE,Emb. 0.4 KG,"2,65€","6,63€ / KG",
ESCOVAS INTERDENTAIS X5,DENTAMYL,Emb. 5 UNID.,"1,24€","0,25€ / UNID.",
Aperitivo,RICARD,Garrafa 0.7 LT,"13,49€","19,27€ / LT",
PANO MICROFIBRAS MULTI-USO PRO,TECH9,Emb. 1 UNID.,"1,09€","1,09€ / UNID.",
Molho de Alho com Ervas,HEINZ,Emb. 0.22 LT,"2,38€","10,82€ / LT",
Refrigerante C/ Gás Cola,JEAN'S,Garrafa 1.5 LT,"1,05€","0,70€ / LT",
PEITO DE PERU FATIADO,CAMPO FINO,Emb. 0.2 KG,"2,25€","11,25€ / KG",
PRATO FUNDO BIODEGRADAVEL 18CM,HOMESIDE,Emb. 10 UNID.,"1,59€","0,16€ / UNID.",
Alimento Húmido P/ Gato Diamante Atum C/ Camarões,PURINA,Emb. 0.09 KG,"1,48€","16,44€ / KG",
Barra de Cereais Croffee Aveia/Amêndoa e Canela,CROFFEE,Emb. 0.11 KG,"1,99€","18,09€ / KG",
Vitelão para Estufar,,1 Unid. = 0.85 KG (aprox.),"6,99€/kg","5,94€ / Unid.",
Feijão Catarino Seco,NOTRE JARDIN,Emb. 0.5 KG,"1,09€","2,18€ / KG",
DOSSIER A4 LOMBADA 5CM,ESQUISSE,Emb. 1 UNID.,"2,09€","2,09€ / UNID.",
Crocante de Frango Recheio Alho e Ervas,IGLO,Emb. 0.204 KG,"4,98€","24,41€ / KG",
Champô Cabelos Pintados,ELVIVE,Emb. 0.25 LT,"3,98€","15,92€ / LT",
Amaciador Cabelos Color Vive,ELVIVE,Emb. 0.2 LT,"3,98€","19,90€ / LT",
VELA NUMERADA N 6,,Emb. 1 UNID.,"0,59€","0,59€ / UNID.",
TIRA NODOAS OXIGENIO ACTIVO EM GEL 750ML,TEXIL,Emb. 0.75 LT,"2,19€","2,92€ / LT",
Salsichas Hot Dog 6 unid.,CÔTÉ TABLE,Emb. 0.25 KG,"1,49€","5,96€ / KG",
RATO S/FIO PRETO,LINKSTER,Emb. 1 UNID.,"9,90€","9,90€ / UNID.",
LEITE AROMA MORANGO 6X200ML DELISSE,DÉLISSE,Emb. 1.2 LT,"1,59€","1,33€ / LT",
Ketchup 100% Natural,HELLMANN'S,Emb. 0.486 KG,"3,68€","7,57€ / KG",
GRANOLA BAGAS GOJI E GROSELHA PRETA,GRAINEA,Emb. 0.35 KG,"2,99€","8,54€ / KG",
Mel Top Down,NID D'ABEILLE,Emb. 0.5 KG,"3,49€","6,98€ / KG",
Fraldas Bebé T4+ Doucer 9/20Kg,MOTS D'ENFANTS,Emb. 70 UNID.,"9,55€","0,14€ / UNID.",
Alimento Seco P/ Gato Adulto Salmão,BEYOND,Emb. 0.35 KG,"2,99€","8,54€ / KG",
Mini Quadrados Chocolate Preto,EQUADOR,Emb. 0.2 KG,"2,79€","13,95€ / KG",
Rolo Cozinha 2 Folhas,MARQUE REPERE,Emb. 4 UNID.,"2,49€","0,62€ / UNID.",
Queijo de Ovelha Amanteigado Cerrado do Vale,SANTIAGO,1 Unid. = 1.2 KG (aprox.),"17,49€/kg","20,99€ / Unid.",
Alimento Seco para Cão Frango e Arroz,ECO+,Emb. 4 KG,"6,49€","1,62€ / KG",
MORTADELA FATIADA,CAMPO FINO,Emb. 0.2 KG,"0,99€","4,95€ / KG",
Néctar Clássico Pêssego,COMPAL,Emb. 0.33 LT,"0,78€","2,36€ / LT",
Iogurte Líquido Morango Banana 4x155g,DANONE,Emb. 0.62 KG,"1,39€","2,24€ / KG",
Tomate Triturado da Horta,COMPAL,Emb. 0.5 LT,"1,48€","2,96€ / LT",
Fralda Cueca T5 12/18KG Eco,MOTS D'ENFANTS,Emb. 20 UNID.,"6,99€","0,35€ / UNID.",
Leite Crescimento Júnior 3+,NESTLÉ,Emb. 1 LT,"2,18€","2,18€ / LT",
Vinagre Balsâmico de Modena,,Garrafa 0.05 LT,"2,39€","47,80€ / LT",
PATE VACA P/ GATO 100G,ECO+,Emb. 0.1 KG,"0,27€","2,70€ / KG",
Azeite Virgem Extra Bio Frutado,GALLO,Emb. 0.75 LT,"4,99€","6,65€ / LT",
Gomas Amoras,COPAÍNS COPINES,Emb. 0.2 KG,"0,99€","4,95€ / KG",
"CABO USB/COMPATIVEL LIGHTNING 1,2M BRANCO",LINKSTER,Emb. 1 UNID.,"12,90€","12,90€ / UNID.",
PAO ESPECIAL TRIGO E CENTEIO INTEGRAL,EPI D'OR,Emb. 0.4 KG,"1,30€","3,25€ / KG",
Vinho do Porto Lágrima Branco,RAMOS PINTO,Garrafa 0.75 LT,"10,18€","13,57€ / LT",
CREME LIMPEZA  750ML,CLAIR,Emb. 0.75 LT,"0,79€","1,05€ / LT",
Creme de Marisco,KNORR,Emb. 0.06 KG,"1,09€","18,17€ / KG",
Vodka Branca,NOVOTNA,Garrafa 0.7 LT,"7,99€","11,41€ / LT",
Bolacha Energy Chiqui Chocs,ARTIACH,Emb. 0.14 KG,"2,08€","14,86€ / KG",
CARREGADOR HR6/HR3 + 4 PILHAS RECARREGAVEIS,FOXTER,Emb. 1 UNID.,"21,99€","21,99€ / UNID.",
Cookies Pepitas de Chocolate Nougat,P'TIT DÉLI,Emb. 0.2 KG,"1,45€","7,25€ / KG",
Espátula P/ Gesso 14Cm,FOXTER,Emb. 1 UNID.,"2,49€","2,49€ / UNID.",
Inhame,,1 Unid. = 0.1 KG (aprox.),"4,99€/kg","0,50€ / Unid.",
FAIRY MAO NATURALS LAVANDA 650ML,,Emb. 0.65 LT,"2,54€","3,91€ / LT",
Vinho Regional Douro Branco,PLANALTO,Frasco 0.75 LT,"4,98€","6,64€ / LT",
Amaciador Roupa Concentrado Elixir Lírios Azuis,QUANTO,Emb. 62 DOSES,"4,49€","0,07€ / DOSES",
Leite de Coco,TABLES DU MONDE,Emb. 0.2 LT,"1,09€","5,45€ / LT",
Fruta 100% Maçã Pêra +4 meses 4 Unid.,NESTLÉ,Emb. 0.4 KG,"2,19€","5,48€ / KG",
Preparado Canja de Galinha Económica,KNORR,Emb. 0.061 KG,"1,09€","17,87€ / KG",
Bolos com Recheio de Chocolate 14Unid.,,Emb. 0.42 KG,"2,15€","5,12€ / KG",
Café Original Moído,BUONDI,Emb. 0.22 KG,"3,68€","16,73€ / KG",
BEBIDA SOJA CHOCOLATE 3x250ML,ALPRO,Emb. 0.75 LT,"1,79€","2,39€ / LT",
Bife da Pá Vitelão,,1 Unid. = 0.25 KG (aprox.),"7,99€/kg","2,00€ / Unid.",
MANJERICAO PICADO,RUSTICA,Emb. 0.05 KG,"1,29€","25,80€ / KG",
MINI BOLOS DE CHOCOLATE COM PEPITAS E COBERTURA DE CHOCOLATE,P'TIT DÉLI,Emb. 0.21 KG,"2,29€","10,90€ / KG",
Cookies Sem Gluten,GULLÓN,Emb. 0.2 KG,"2,68€","13,40€ / KG",
Café Cápsulas Pure Cevada,DELTA,Emb. 10 CAPS.,"2,47€","0,25€ / CAPS.",
MINI PIZZAS 3 QUEIJOS 9UN,TURINI,Emb. 0.27 KG,"2,39€","8,85€ / KG",
GEL EFEITO INVISIVEL C.CREATEUR 300ML,VITANOVE,Emb. 0.3 LT,"2,29€","7,63€ / LT",
Gelado Vegan de Amêndoas Pack 3,MAGNUM,Emb. 0.216 LT,"4,98€","23,06€ / LT",
Cerveja C/ Álcool 6x25cl,CARLSBERG,Emb. 1.5 LT,"3,59€","2,39€ / LT",
Vinho Regional Península de Setúbal Tinto,PERIQUITA,Garrafa 0.75 LT,"3,59€","4,79€ / LT",
Bife do Acém Redondo Novilho,,1 Unid. = 0.25 KG (aprox.),"7,99€/kg","2,00€ / Unid.",
Bombocas de Morango,NEGRETTINO,Emb. 0.12 KG,"1,48€","12,33€ / KG",
Limpa Móveis Óleo de Cedro,PRONTO,Spray 0.25 LT,"4,78€","19,12€ / LT",
REQUEIJAO NATURAL VACA,QUEIJO NA TÁBUA,Emb. 0.17 KG,"0,95€","5,59€ / KG",
DETERGENTE EM PO ATIVOS VEGETAIS 50D,XÉOR,,"5,09€",/ Unid.,
"CANETA ROLLER GEL RETRATIL AZUL 0,5MM",ESQUISSE,Emb. 1 UNID.,"0,59€","0,59€ / UNID.",
Molho Inglês,RUSTICA,Emb. 0.2 LT,"0,90€","4,50€ / LT",
Caldo Natura de Legumes,KNORR,Emb. 0.112 KG,"1,49€","13,30€ / KG",
LIMPA TAPETE E ALCATIFA,CLAIR,Emb. 0.6 LT,"2,39€","3,98€ / LT",
Pizza com Queijo Mozzarella e Tomate Ultracongelado,BUITONI,Emb. 0.35 KG,"2,99€","8,54€ / KG",
Café Cápsulas Double,DELTA,Emb. 10 CAPS.,"3,29€","0,33€ / CAPS.",
Vinho do Porto Tawny,FERREIRA,Emb. 0.75 LT,"6,28€","8,37€ / LT",
Massa Laços,MILANEZA,Emb. 0.5 KG,"1,85€","3,70€ / KG",
Entrecosto de Porco,,1 Unid. = 0.5 KG (aprox.),"4,49€/kg","2,25€ / Unid.",
MINI PETIT GATEAU CHOCOLATE 8UN,AUTOUR DU DESSERT,Emb. 0.192 KG,"3,99€","20,78€ / KG",
JOGO 4 TAPETES UNIVERSAL 1UN TECH9,TECH9,Emb. 1 UNID.,"15,29€","15,29€ / UNID.",
Concentrado de Menta,FRUCCI,Garrafa 0.75 LT,"3,99€","5,32€ / LT",
Bife Rabadilha de Novilho,,1 Unid. = 0.25 KG (aprox.),"9,99€/kg","2,50€ / Unid.",
Conserva Tomates Pelados Biológicos,,Lata 0.4 KG,"0,99€","2,48€ / KG",
DOSSIER A4 LOMBADA 4CM 4ARG,ESQUISSE,Emb. 1 UNID.,"3,19€","3,19€ / UNID.",
PERSIL UNIVERSAL GEL,PERSIL,Emb. 80 DOSES,"14,99€","0,19€ / DOSES",
Sumo de Manga,UM BONGO,Emb. 1 LT,"1,48€","1,48€ / LT",
DENTIFRICO COCO/ALOE VERA BIO,BIONAÏA,Emb. 0.075 LT,"1,99€","26,53€ / LT",
Sabonete Liquido Recarga Leite e Mel,PALMOLIVE,Emb. 0.3 LT,"3,18€","10,60€ / LT",
Cerveja com Álcool Mini Saca Fácil 10x20cl,SUPER BOCK,Emb. 2 LT,"4,98€","2,49€ / LT",
Iogurte Bifidus Cremoso Lima/Limão 4 Unid.,DANONE,Emb. 0.48 KG,"1,99€","4,15€ / KG",
Folhas de Salsa,RUSTICA,Frasco 0.012 KG,"0,54€","45,00€ / KG",
Bebida Côco,NAT&VIE,Emb. 1 LT,"1,79€","1,79€ / LT",
Douradinho de Vegetais 10 Unid. Ultracongelados,IGLO,Emb. 0.284 KG,"3,29€","11,58€ / KG",
Eau De Toilette Umbro Ice,UMBRO,Emb. 0.03 LT,"6,98€","232,67€ / LT",
Ice Tea de Limão 3x20 cl,LIPTON,Emb. 0.6 LT,"1,17€","1,95€ / LT",
Iogurte Bifidus Líquido Framboesa e Romã 4 Unid.,ACTIVIA,Emb. 0.62 KG,"1,89€","3,05€ / KG",
Bijou Mistura,,1 Unid. = 0.06 KG,"0,14€","2,33€ / KG",
Iogurte Morango e Banana 0% Açúcar 4 Unid.,IOGOLINO,Emb. 0.4 KG,"2,88€","7,20€ / KG",
Pastilhas 60 Minutos Peppermint,TRIDENT,Emb. 0.02 KG,"0,94€","47,00€ / KG",
Tostas Briochés Nature,EPI D'OR,Emb. 0.125 KG,"1,25€","10,00€ / KG",
Molho Picante,TABASCO,Emb. 0.06 L,"2,94€","49,00€ / L",
Gel Depilação P/ Pele Sensível C/ Aloe Vera,GILLETTE,Emb. 0.2 LT,"4,98€","24,90€ / LT",
Ambientador Vela Frutos Vermelhos da Montanha,AIRWICK,Emb. 0.32 KG,"2,84€","8,88€ / KG",
Manteiga Salsa e Alho,MIMOSA,Emb. 0.125 KG,"1,68€","13,44€ / KG",
Laca Cabelos Pintados,ELNETT,Emb. 0.3 LT,"5,98€","19,93€ / LT",
Rebuçados Ácidos 4 Frutos,CONFISÉO,Emb. 0.4 KG,"2,09€","5,23€ / KG",
Detergente de Lavagem à Mão Antibacteriano Concentrado,CIF,Emb. 0.6 LT,"1,49€","2,48€ / LT",
Luva Limpeza Tamanho S,MAMISON,Emb. 1 UNID.,"0,69€","0,69€ / UNID.",
Salsichas de Toulouse com Lentilhas Verdes,NOS RÉGIONS ONT DU TALENT,Emb. 0.3,"2,59€","8,63€ /",
Máscara Repara Azeite de Argão de Marrocos,HERBAL ESSENCES,Emb. 0.25 LT,"3,99€","15,96€ / LT",
Açúcar Branco em Pedaços,,Emb. 1 KG,"1,19€","1,19€ / KG",
Durex Gel Intense Orgasmic,DUREX,Emb. 0.01 LT,"10,49€","1 049,00€ / LT",
Vinho Regional Alentejo Tinto,CONVENTO DA VILA,Garrafa 0.75 LT,"2,68€","3,57€ / LT",
Vinho Regional Alentejo Tinto,REAL LAVRADOR,Garrafa 0.75 LT,"2,48€","3,31€ / LT",
Conserva de Azeitona Verde Descaroçada,RUSTICA,Frasco 0.36 KG,"0,88€","2,44€ / KG",
Toalhitas Limpeza P/ Ecrãs,LINKSTER,Emb. 80 UNID.,"4,90€","0,06€ / UNID.",
GRAO DE BICO  3X200G,NOTRE JARDIN,Emb. 0.6 KG,"1,69€","2,82€ / KG",
Caixa de Ferramentas 94 Peças,FOXTER,Emb. 1 UNID.,"69,90€","69,90€ / UNID.",
Café Torrado Moído Lote Nyeri Kenya Intensidade 8,SICAL,Emb. 0.22 KG,"3,88€","17,64€ / KG",
Papel Higiénico 2 Folhas,RENOVA,Emb. 48 ROLOS,"12,99€","0,27€ / ROLOS",
Gelado de Caramelo Salgado e Amêndoas Pack 3,MAGNUM,Emb. 0.27 LT,"4,98€","18,44€ / LT",
Chocolate Branco com Coco Torrado,TABLETTE D'OR,Emb. 0.2 KG,"2,19€","10,95€ / KG",
Vinho Verde Branco,VIA LATINA,Garrafa 0.75 LT,"2,98€","3,97€ / LT",
Pérolas de Perfume para Roupa,LENOR,Emb. 0.21 KG,"7,69€","36,62€ / KG",
Sumo de Arando Bio,,Emb. 1 LT,"2,59€","2,59€ / LT",
Deosodorizante Spray Invisible Black & White Fresh,NIVEA MEN,Emb. 0.15 L,"2,79€","18,60€ / L",
Vinho Regional Alentejano Tinto,PORTA DA RAVESSA,Garrafa 0.75 LT,"5,98€","7,97€ / LT",
CANETA FELTRO PONTA FINA VARIAS CORES 18UN,ESQUISSE,Emb. 18 UNID.,"2,36€","0,13€ / UNID.",
Vinho Tinto,MONTES ERMOS,Bag in Box 5 LT,"9,98€","2,00€ / LT",
Café Moagem Universal Lote Chávena Moída 2x250g,DELTA,Emb. 0.5 KG,"4,98€","9,96€ / KG",
Sabonete Sólido Flor Laranjeira,MANAVA,Emb. 0.1 KG,"0,59€","5,90€ / KG",
Sardinha em Azeite,BOM PETISCO,Emb. 0.12 KG,"1,08€","9,00€ / KG",
Chouriço Terra de Xisto,SNR,Emb. 0.25 KG,"3,49€","13,96€ / KG",
VELA NUMERO - 8,ARDENCE,Emb. 1 UNID.,"0,89€","0,89€ / UNID.",
Bloco Sanitário Power 5 Blue Water Pink,DOMESTOS,Emb. 0.106 LT,"2,74€","25,85€ / LT",
Toalhitas Casa de Banho,CIF,Emb. 36 UNID.,"2,24€","0,06€ / UNID.",
Gelado Strawberry Merengue,CARTE D'OR,Emb. 0.9 LT,"3,29€","3,66€ / LT",
COCKTAIL 4 FRUTOS EM CALDA,DOUCEUR DU VERGER,Emb. 0.25 KG,"0,99€","3,96€ / KG",
PREPARADO PAO,TABLIER BLANC,Emb. 1 KG,"1,56€","1,56€ / KG",
Conjunto de 4 Recargas Desumidificador Saqueta Clorofila,FOXTER,Emb. 1 KG,"10,99€","10,99€ / KG",
SACOS LIXO ALTOS FECHO FACIL 50L,ELEMBAL,Emb. 15 UNID.,"1,89€","0,13€ / UNID.",
DENTIFRICO ANTI.TARTARO,DENTAMYL,Emb. 0.075 LT,"0,99€","13,20€ / LT",
AFTERSHAVE LOCAO SOFT GREEN 100ML,CARRÉ HOMME,Emb. 0.1 LT,"2,29€","22,90€ / LT",
Toalhitas Desmaquilhantes Pele Seca,INELL,Emb. 25 UNID.,"0,75€","0,03€ / UNID.",
GRELHADOR REDONDO ANTIADERENTE 25CM,ECO+,Emb. 1 UNID.,"6,99€","6,99€ / UNID.",
Amaciador Roupa Concentrado Supreme Pleasure,VERNEL,Emb. 52 DOSES,"3,99€","0,08€ / DOSES",
Toalhitas de Bolso Bebé,MOTS D'ENFANTS,Emb. 20 UNID.,"0,75€","0,04€ / UNID.",
Bifanas de Porco Finíssimas,,1 Unid. = 0.2 KG (aprox.),"4,89€/kg","0,98€ / Unid.",
Pipocas Coloridas,TOKAPI,Emb. 0.1 KG,"0,79€","7,90€ / KG",
Gelado de Chocolate Pack 6,CORNETTO,Emb. 0.54 LT,"4,29€","7,94€ / LT",
Iogurte Infantil Morango e Banana 6x50g,DANONINHO,Emb. 0.3 KG,"1,89€","6,30€ / KG",
Queijo de Ovelha Amanteigado Seia,MARTINS & REBELLO,1 Unid. = 0.5 KG (aprox.),"14,99€/kg","7,50€ / Unid.",
Rissóis Mistos 8 Unid.,,Emb. 0.35 KG,"2,15€","6,14€ / KG",
Cola Pvc,FOXTER,Emb. 0.125 LT,"2,49€","19,92€ / LT",
Pão Cachorro Quente 6 Unidades,BIMBO,Emb. 0.33 KG,"1,46€","4,42€ / KG",
Alimento Húmido Geleia 4x390g,LYCAT,Emb. 4 KG,"3,69€","0,92€ / KG",
Doseador Sabão Líquido Branco,SILLAGE,Emb. 1 UNID.,"2,99€","2,99€ / UNID.",
Pasta de Dentes Pack 2,COLGATE,Emb. 0.15 LT,"6,63€","44,20€ / LT",
CALDO DE AVES 8 CUBOS BIO,,Emb. 0.08,"1,39€","17,38€ /",
Chocolate Culinária Preto Biológico,,Emb. 0.2 KG,"2,45€","12,25€ / KG",
Dentífrico Infantil 3+ Anos,ORAL B,Emb. 0.75 LT,"2,59€","3,45€ / LT",
Café Moagem Universal Angola,DELTA,Emb. 0.22 KG,"3,68€","16,73€ / KG",
ACUCAR DE PALMA DE COCO BIO,,,"2,59€",/ Unid.,
Manteiga Pasteurizada com Sal Cuvete,LORETO,Emb. 0.25 KG,"2,34€","9,36€ / KG",
Cabrito Inteiro/Metades,,1 Unid. = 2.5 KG (aprox.),"14,49€/kg","36,23€ / Unid.",
Vaporizador de Mão,ELSAY,Emb. 1 UNID.,"24,90€","24,90€ / UNID.",
Pizza Legumes Queijo,NOBRE VEGALIA,Emb. 0.36 KG,"4,38€","12,17€ / KG",
Refrigerante com Gás Laranja,FRISUMO,Garrafa 1.5 LT,"0,99€","0,66€ / LT",
GELADO 6 BAUNILHA / 6 CHOCOLATE,SMICY,Emb. 12 UNID.,"2,69€","0,22€ / UNID.",
Ambientador Absorve Odores Marinho 2x150gr,BRISE,Emb. 0.3 KG,"2,99€","9,97€ / KG",
LINGUICA,CAMPO FINO,Emb. 0.15 KG,"1,19€","7,93€ / KG",
Bolacha Redonda Recheio Chocolate,P'TIT DÉLI,Emb. 0.3 KG,"1,49€","4,97€ / KG",
Bolachas Plain Leite,BELVITA,Emb. 0.3 KG,"2,48€","8,27€ / KG",
Café Cápsulas Qharater Intensidade 9,DELTA,Emb. 10 CAPS.,"3,39€","0,34€ / CAPS.",
Tablete Chocolate Excellence Dark 85%,LINDT,Emb. 0.1 KG,"2,09€","20,90€ / KG",
ESPIRAIS,TURINI,Emb. 1 KG,"1,39€","1,39€ / KG",
Pão de Hambúrguer com Sementes de Sésamo 4 Unidades,BIMBO,Emb. 0.22 KG,"1,24€","5,64€ / KG",
MÁQUINA BARBEAR 3 LAMINAS DESCARTAVEL,CARRÉ HOMME,Emb. 8 UNID.,"4,99€","0,62€ / UNID.",
Bolacha Waffer Rollitos,CUÉTARA,Emb. 0.225 KG,"3,68€","16,36€ / KG",
Cereais de Chocolate,NESQUIK,Emb. 0.625 KG,"3,44€","5,50€ / KG",
LEGUMES PRIMAVERA,BONDUELLE,Emb. 0.6 KG,"2,26€","3,77€ / KG",
Costeletão de Vitelão,,1 Unid. = 0.35 KG (aprox.),"7,99€/kg","2,80€ / Unid.",
Vinho Regional Alentejo Branco,MONTE VELHO,Garrafa 0.75 LT,"3,69€","4,92€ / LT",
Líquido Sanitário Desincrustante,NEOBLANC,Emb. 0.7 LT,"2,09€","2,99€ / LT",
Laranja Cal. 3/4,,1 Unid. = 0.34 KG (aprox.),"1,28€/kg","0,44€ / Unid.",
Bolo de Bolacha,,Emb. 0.5 KG,"5,69€","11,38€ / KG",
Conserva de Feijão Branco Cozido Da Horta,COMPAL,Emb. 0.42 KG,"0,99€","2,36€ / KG",
Couve Branca,,1 Unid. = 1.28 KG (aprox.),"1,09€/kg","1,40€ / Unid.",
Pão de Forma Familiar,EPI D'OR,Emb. 0.8 KG,"1,29€","1,61€ / KG",
Alimento Seco P/ Gato C/ Carne de Vaca,PURINA,Emb. 0.8 KG,"6,98€","8,73€ / KG",
DECAPANTE FORNO COM SODA CAUSTICA,CLAIR,Emb. 0.5 LT,"1,79€","3,58€ / LT",
Tostas Integrais Biológicas,,Emb. 0.3 KG,"1,79€","5,97€ / KG",
CORTINA DUCHE 180X200 CINZENTO,SILLAGE,Emb. 1 UNID.,"5,99€","5,99€ / UNID.",
Snacks de Batata Sabor a Cebola,TOKAPI,Emb. 0.17 KG,"1,95€","11,47€ / KG",
Miolo Camarão Grande Cozido 40/60 Ultracongelado,PESCANOVA,Emb. 0.2 KG,"4,99€","24,95€ / KG",
Desodorizante Roll-On Cobalt Blue,REXONA,Emb. 0.05 LT,"2,39€","47,80€ / LT",
KIT RECIPIENTES VIAGEM,RIVERSIDE,Emb. 1 UNID.,"4,99€","4,99€ / UNID.",
Café Cápsulas Decaffeinato Intensidade 2,PLANTATION,Emb. 10 CAPS.,"2,09€","0,21€ / CAPS.",
ENVELOPE ALMOFADADO 170X225MM,ESQUISSE,Emb. 5 UNID.,"0,99€","0,20€ / UNID.",
Pensos Higiénicos Super Alas,EVAX,Emb. 10 UNID.,"2,98€","0,30€ / UNID.",
Cueca de Banho Tam. S 7/12 Kg,MOTS D'ENFANTS,Emb. 12 UNID.,"4,99€","0,42€ / UNID.",
Yofu de Soja e Manga sem Açúcar,ALPRO,Emb. 0.4 KG,"2,39€","5,98€ / KG",
Gomas Aromatizadas Planch Acide Fruits,COPAÍNS COPINES,Emb. 0.225 KG,"1,39€","6,18€ / KG",
PILHAS LITIO CR2032,FOXTER,Emb. 5 UNID.,"2,49€","0,50€ / UNID.",
FIAMBRE CORRENTE FATIADO,ECO+,Emb. 0.2 KG,"1,29€","6,45€ / KG",
Licor Beirão,BEIRÃO,Garrafa 0.7 LT,"10,99€","15,70€ / LT",
Vinagre Balsâmico de Sidra,GALLO,Emb. 0.25 LT,"1,86€","7,44€ / LT",
Johnson's Gel de Banho Cotton Touch,JOHNSON'S BABY,Emb. 0.5,"3,89€","7,78€ /",
"BL1 LED FILA ESFERA R 2,1W-25W E14",FOXTER,Emb. 1 UNID.,"2,99€","2,99€ / UNID.",
Lápis para Colorir,ESQUISSE,Emb. 12 UNID.,"1,99€","0,17€ / UNID.",
Molho de Soja,BLUE DRAGON,Emb. 0.15 LT,"1,98€","13,20€ / LT",
Refrigerante S/ Gás Tropical Zero,JAFUN,Emb. 2 LT,"1,55€","0,78€ / LT",
Limpeza Móveis Classic Protege,PRONTO,Spray 0.3 LT,"4,78€","15,93€ / LT",
Snack P/ Gato de Salmão,DENTALIFE,Emb. 0.04 KG,"1,98€","49,50€ / KG",
"Iogurte Líquido Magro Manga, Maracujá e Goji 4x155g",CORPOS DANONE,Emb. 0.62 Kg,"1,79€","2,89€ / Kg",
Snack Húmido P/ Gato Party Mix Ocean,FELIX,Emb. 0.06 KG,"1,88€","31,33€ / KG",
PEDACOS ATUM/SALMAO LEGUMES P/ GATO  410G,ECO+,Emb. 0.415 KG,"0,65€","1,57€ / KG",
SPRAY LIMPA JANTES 1 L 1L TECH9,TECH9,Emb. 1 LT,"3,99€","3,99€ / LT",
ALIMENT BEBE: SOBREMESA LACTEA DE FRAMBOESA +6M  4X100G,BIO VILLAGE BEBE,Emb. 0.4 KG,"2,29€","5,73€ / KG",
DETERGENTE MANUAL LOICA ULTRA LIMAO 500ML,VISIOR,Emb. 0.5 LT,"0,89€","1,78€ / LT",
Queijo Camembert,LES CROISÉS,Emb. 0.25 KG,"1,79€","7,16€ / KG",
PASTILHA ELASTICA MORANGO BOX x70,NEW'R,Emb. 0.1 KG,"1,80€","18,00€ / KG",
Batido de Cacau S/ Lactose,CACAOLAT,Emb. 1 LT,"1,54€","1,54€ / LT",
Cápsulas Café Expresso Peru Intensidade 8 Bio,DOLCE GUSTO,Emb. 12 CAPS.,"5,58€","0,47€ / CAPS.",
Água de Nascente,CARAMULO,Emb. 6 LT,"1,38€","0,23€ / LT",
Infusão SOS Garganta,LIPTON,Emb. 20 SAQS,"1,49€","0,07€ / SAQS",
Tostas com Baixo teor de Sal 36Unid.,EPI D'OR,Emb. 0.3 KG,"1,39€","4,63€ / KG",
Cerveja com Álcool 15x33cl,SUPER BOCK,Emb. 4.95 LT,"9,99€","2,02€ / LT",
Leite Hidratante Apaziguante Aveia,ULTRA SUAVE,Emb. 0.4 LT,"5,98€","14,95€ / LT",
Recarga Sabonete Líquido Amêndoa,PALMOLIVE,Emb. 0.5 LT,"4,98€","9,96€ / LT",
Sumo de Laranja S/ Polpa 100%,JAFADEN,Emb. 2 LT,"2,75€","1,38€ / LT",
Sobremesa Creme de Café 4x125g,DÉLISSE,Emb. 0.5 KG,"1,59€","3,18€ / KG",
Mistura de Frutos Secos e Uvas-Passas,,Emb. 0.2 KG,"1,99€","9,95€ / KG",
ESCOVA DE DENTES A PILHAS,DENTAMYL,Emb. 1 UNID.,"5,10€","5,10€ / UNID.",
Carregador Universal,FOXTER,Emb. 1 UNID.,"25,99€","25,99€ / UNID.",
Chocolate de Leite Choco Jelly,MILKA,Emb. 0.25 KG,"3,98€","15,92€ / KG",
Mistura de Legumes Ultracongelado c/ Saquetas Tempero,NOTRE JARDIN,Emb. 1 KG,"2,99€","2,99€ / KG",
Dentífrico Limpeza Refrescante,ORAL B,Emb. 0.075 LT,"1,94€","25,87€ / LT",
Nata Levíssima,PARMALAT,Emb. 0.2 LT,"1,11€","5,55€ / LT",
Refrigerante com Gás,GUARANÁ BRASIL,Garrafa 1.5 LT,"1,19€","0,79€ / LT",
CHOCOLATE AVELAS E PASSAS,TABLETTE D'OR,Emb. 0.2 KG,"1,79€","8,95€ / KG",
Costeletas de Lombo Porco,,1 Unid. = 0.3 KG (aprox.),"3,99€/kg","1,20€ / Unid.",
Amaciador Cabelos Hidra Caracóis Antifrisado,FRUCTIS,Emb. 0.2 LT,"3,98€","19,90€ / LT",
Robalo Cal. 200/300,,1 Unid. = 0.4 KG (aprox.),"8,49€/kg","3,40€ / Unid.",
Refrigerante C/ Gás Vidro,COCA COLA,Emb. 1 LT,"1,84€","1,84€ / LT",
Cevada Solúvel com Cereais,DELTA,Emb. 0.2 KG,"2,84€","14,20€ / KG",
WC Gel Flores de Primavera,NEOBLANC,Emb. 0.7 LT,"2,09€","2,99€ / LT",
Lombo de Porco Embalado,,1 Unid. = 1.8 KG (aprox.),"3,99€/kg","7,18€ / Unid.",
Johnson's Baby Óleo Regular,JOHNSON'S BABY,Emb. 0.5 LT,"5,58€","11,16€ / LT",
Pensos Higiénicos Protege-Slip Long,CAREFREE,Emb. 40 UNID.,"4,48€","0,11€ / UNID.",
Pão Tostado Integral,EPI D'OR,Emb. 0.2 KG,"0,99€","4,95€ / KG",
BETERRABAS VERMELHAS X3 3X200G,NOTRE JARDIN,Emb. 0.6 KG,"1,39€","2,32€ / KG",
BRIOCHE FATIADO C/CHOCOLATE,EPI D'OR,Emb. 0.5 KG,"2,79€","5,58€ / KG",
Tostas de 6 Cereais,EPI D'OR,Emb. 0.3 KG,"1,45€","4,83€ / KG",
Nata UHT Culinária,MIMOSA,Emb. 0.2 LT,"0,89€","4,45€ / LT",
Ambientador gel ocean adventure,GLADE,Emb. 0.18 LT,"2,99€","16,61€ / LT",
Pudim Baunilha,BOCA DOCE,Emb. 0.022 KG,"0,58€","26,36€ / KG",
MARCADORES COLORIR LAVAVEL PONTA MEDIA 36UN,ESQUISSE,Emb. 36 UNID.,"6,59€","0,18€ / UNID.",
Manteiga sem Sal,PRIMOR,Emb. 0.25 KG,"2,23€","8,92€ / KG",
Polpa de Tomate com Cebola e Alho,COMPAL,Frasco 0.5 LT,"1,48€","2,96€ / LT",
IOGURTE LIQUIDO 3 SABORES 8H FORA FRIGORIFICO,DÉLISSE,Emb. 1.08 KG,"1,99€","1,84€ / KG",
Bolachas Digestivas Aveia,TRIUNFO,Emb. 0.171 KG,"1,68€","9,82€ / KG",
Pão de Água,,1 Unid. = 0.1 KG,"0,99€","9,90€ / KG",
Bloco Sanitário Pinho,SONASOL WC,Emb. 2 UNID.,"2,99€","1,50€ / UNID.",
LOTE DE 3 ALICATES,FOXTER,Emb. 1 UNID.,"15,90€","15,90€ / UNID.",
Bolachas Digestivas Aveia,VIEIRA,Emb. 0.258 KG,"2,28€","8,84€ / KG",
Caldo para Bifes 8 Cubos,KNORR,Emb. 0.08 KG,"1,39€","17,38€ / KG",
Mini Bolos de Mármore de Chocolate,P'TIT DÉLI,Emb. 0.189 KG  (aprox.),"1,55€","8,20€ / KG",
ACHOCOLATADO GRANULADO,TABLETTE D'OR,Emb. 0.8 KG,"2,99€","3,74€ / KG",
PAO DE FORMA INTEGRAL S/ ACUCAR ADICIONADO,EPI D'OR,Emb. 0.5 KG,"1,49€","2,98€ / KG",
Caldo de Galinha,KNORR,Emb. 0.36 KG,"4,54€","12,61€ / KG",
Lima,,1 Unid. = 0.08 KG (aprox.),"3,49€/kg","0,28€ / Unid.",
BACALHAU A BRAS,CÔTÉ TABLE,Emb. 0.25 KG,"2,99€","11,96€ / KG",
TAMPAO NORMAIS,DOULYS,Emb. 24 UNID.,"1,35€","0,06€ / UNID.",
Ovo Kinder Surpresa Chocolate,KINDER,Emb. 0.02 KG,"1,34€","67,00€ / KG",
CONJUNTO 4 CANETAS AZUL 1MM,ESQUISSE,Emb. 4 UNID.,"1,59€","0,40€ / UNID.",
Puré Fruta Vários Sabores S/ Adição Açúcares,DOUCEUR DU VERGER,Emb. 1.6 KG,"3,99€","2,49€ / KG",
Pastilhas Elásticas sem Açúcar Sabor Menta,NEW'R,Emb. 70 UNID.,"1,80€","0,03€ / UNID.",
"CANETA ROLLER GEL PRETA 0,5MM",ESQUISSE,Emb. 2 UNID.,"1,25€","0,63€ / UNID.",
Refrigerante C/ Gás Pack 4,COCA COLA,Emb. 4 LT,"5,20€","1,30€ / LT",
Cereais de Trigo Integral,FITNESS,Emb. 0.375 KG,"2,69€","7,17€ / KG",
ACUCAR DE CANA CUBOS BIO,,Emb. 0.5 KG,"1,85€","3,70€ / KG",
Iogurte Líquido Morango 4x155g,DANONE,Emb. 0.62 KG,"1,69€","2,73€ / KG",
Iogurte Líquido Danonino Bebedino Morango 4x100g,DANONE,Emb. 0.4 KG,"1,79€","4,48€ / KG",
Café Solúvel Galão em Saquetas,NESCAFÉ,Emb. 8 UNID.,"2,98€","0,37€ / UNID.",
Toucinho Fumado,,1 Unid. = 0.12 KG (aprox.),"9,49€/kg","1,14€ / Unid.",
LULAS EM CALDEIRADA,PÊCHE OCÉAN,Emb. 120 KG,"1,29€","0,01€ / KG",
Chantilly Light,,Spray 0.25 KG,"1,45€","5,80€ / KG",
Gelado After Dinner,MAGNUM,Emb. 10 UNID.,"5,48€","0,55€ / UNID.",
BOLACHAS AREADAS CEREAIS C/ BASE CHOC LEITE POCKET,P'TIT DÉLI,Emb. 0.225 KG,"2,19€","9,73€ / KG",
Tiras P/ Periquitos Sabor Fruta,TOUS MES AMIS,Emb. 0.06 KG,"1,69€","28,17€ / KG",
Brownies de Chocolate de Leite,MILKA,Emb. 0.15 KG,"2,48€","16,53€ / KG",
Leite Condensado Magro,NESTLÉ,Lata 0.387 KG,"1,49€","3,85€ / KG",
WAFFERS EXTRA FINAS MORANGO E MORANGO SILVESTRE,P'TIT DÉLI,Emb. 0.16 KG,"1,79€","11,19€ / KG",
Orégãos Folhas,MARGÃO,Emb. 0.01 KG,"1,68€","168,00€ / KG",
Acendalhas de Madeira Cubos,SILEX,Emb. 28 UNID.,"0,79€","0,03€ / UNID.",
BEBIDA DE ESPELTA BIO,,Emb. 1 LT,"1,79€","1,79€ / LT",
ESCOVA DENTES MACIA CABECA RECARREGAVEL,DENTAMYL,,"1,25€",/ Unid.,
FIO DENTARIO EM ARCO 50UN,DENTAMYL,Emb. 50 UNID.,"1,49€","0,03€ / UNID.",
Queijo Curado Fatiado S/ Lactose,CASTELÕES,Emb. 0.15 KG,"2,14€","14,27€ / KG",
Chourição Fatiado Tapas,CAMPOFRIO,Emb. 0.08 KG,"1,88€","23,50€ / KG",
Molho de Bolonhesa,TURINI,Emb. 0.19 KG,"1,19€","6,26€ / KG",
WC Frescura Contínua,NEO BLANC,Emb. 1 UNID.,"2,24€","2,24€ / UNID.",
RECARGA A4 100GR QUAD 100P,ESQUISSE,Emb. 1 UNID.,"2,19€","2,19€ / UNID.",
Pao De Forma Cerealia 14 Cereais,PANRICO,Emb. 0.435 KG,"2,01€","4,62€ / KG",
Queijo Petit St Nectaire DOP,NOS RÉGIONS ONT DU TALENT,Emb. 0.6 KG,"6,99€","11,65€ / KG",
Cola Cyano,FOXTER,Emb. 0.01 KG,"2,49€","249,00€ / KG",
Amendoins no Forno,MATUTANO,Emb. 0.2 KG,"2,28€","11,40€ / KG",
Couve Flor em Floretes Ultracongelado,,Emb. 1 KG,"1,29€","1,29€ / KG",
Ice Tea Pêssego,LIPTON,Emb. 1 LT,"1,29€","1,29€ / LT",
Paté para Cão de Truta e Salmão,TOUS MES AMIS,Emb. 0.3 KG,"0,79€","2,63€ / KG",
Ervilhas Ultracongeladas,BONDUELLE,Emb. 0.4 KG,"1,93€","4,83€ / KG",
OIKOS NATURAL ACUCARADO 110x4,OIKOS,Emb. 0.44 KG,"2,39€","5,43€ / KG",
Desodorizante Aloe Sensitive Spray,VASELINE,Emb. 0.25 LT,"2,19€","8,76€ / LT",
Maçã Fuji Cal. 70/75,,1 Unid. = 0.18 KG (aprox.),"1,59€/kg","0,29€ / Unid.",
Bolachas Tosta Rica Mini Go,CUÉTARA,Emb. 0.24 KG,"2,68€","11,17€ / KG",
CABIDE PLASTICO CRIANCA ROSA 4UN,SILLAGE,Emb. 4 UNID.,"1,99€","0,50€ / UNID.",
Vinagre Sidra Biológico,,Garrafa 0.75 LT,"2,24€","2,99€ / LT",
RATO S/FIO SILENCIOSO PRETO,LINKSTER,Emb. 1 UNID.,"12,90€","12,90€ / UNID.",
FIAMBRE PERNA EXTRA FINISSIMO,CAMPO FINO,Emb. 0.15 KG,"1,29€","8,60€ / KG",
CONE NATA CHOCOLATE 6UN,SMICY,Emb. 0.12 LT,"1,79€","14,92€ / LT",
Ervilhas Ultracongelado,IGLO,Emb. 1.125 KG,"5,98€","5,32€ / KG",
