Nome,Marca,Quantidade,Preço Primário,Preço Por Unidade,Promo
Couve Brócolo,,1 Unid. = 0.27 KG (aprox.),"2,19€/kg","0,59€ / Unid.",
Vinho Tinto,ADEGA DE MURÇA,Garrafa 0.75 LT,"1,99€","2,65€ / LT",
Óleo Intense 5-10 Castanho Claro,SYOSS,,"6,24€",/ Unid.,
Pimenta Branca Moída,MARGÃO,Emb. 0.04 KG,"2,39€","59,75€ / KG",
Detergente para a Máquina da Roupa Cores 3 em 1,SKIP,Emb. 1.134 KG,"12,49€","11,01€ / KG",
Massa Bago,MILANEZA,Emb. 0.25 KG,"0,85€","3,40€ / KG",
Gel Banho Aveia,MANAVA,Emb. 0.75 LT,"1,79€","2,39€ / LT",
Fiambre da Perna Extra Finíssimos,NOBRE,Emb. 0.12 KG,"2,69€","22,42€ / KG",
Pensos Higiénicos Normal Sem Alas Fina e Segura,EVAX,Emb. 24 UNID.,"2,79€","0,12€ / UNID.",
"BOLACHAS ""GENOISE"" MORANGO",P'TIT DÉLI,Emb. 0.15 KG,"1,19€","7,93€ / KG",
Vinho Frutado Tinto,SALVE,Garrafa 0.75 LT,"1,29€","1,72€ / LT",
ENVELOPE ALMOFADADO 250X350MM,ESQUISSE,Emb. 5 UNID.,"2,59€","0,52€ / UNID.",
Compota de Maçã Morango Biológica 4x100g,,Emb. 0.4 KG,"1,99€","4,98€ / KG",
DETERGENTE CAPSULAS 3 EM 1 FLORES P/ROUPA,EPSIL,,"4,99€",/ Unid.,
CHAMPO FORTIFICANTE CABELOS NORMAIS 250ML,CARRÉ HOMME,Emb. 0.25 LT,"1,49€","5,96€ / LT",
CAFE INTENSO 48 PASTILHAS,ECO+,Emb. 0.336 KG,"3,49€","10,39€ / KG",
Perna de Pau Original 6 Unid.,OLÁ,Emb. 0.3 KG,"2,49€","8,30€ / KG",
Fraldas Recém Nascido T1 Ultra Confort 2/5Kg,MOTS D'ENFANTS,Emb. 23 UNID.,"2,75€","0,12€ / UNID.",
Iogurte Líquido Lima Limão 4x155g,DANONE,Emb. 0.62 KG,"1,69€","2,73€ / KG",
Alimento Seco Gatos Croquetes Fígado e Legumes,TOUS MES AMIS,Emb. 4 KG,"5,89€","1,47€ / KG",
MARCADORES P/QUADRO BRANCO 4UN,ESQUISSE,Emb. 1 UNID.,"2,29€","2,29€ / UNID.",
Toalhitas para Bebé Natural Care,HUGGIES,Emb. 56 UNID.,"1,29€","0,02€ / UNID.",
Cápsulas Café Espresso Intenso Intensidade 7,DOLCE GUSTO,Emb. 30 CAPS.,"10,49€","0,35€ / CAPS.",
Amaciador Concentrado Aromaterapia Dourado,VERNEL,Emb. 57 DOSES,"3,29€","0,06€ / DOSES",
PIZZA MOZZARELLA MERVEILLOSA,TURINI,Emb. 0.335 KG,"1,79€","5,34€ / KG",
Champô Cabelo Ultra Suave Delicadeza de Aveia,GARNIER,Emb. 0.4 LT,"5,59€","13,98€ / LT",
Vinagre Vinho Tinto,GALLO,Garrafa 0.25 LT,"1,09€","4,36€ / LT",
Queijo Mozzarella Ralado Valformoso,VALFORMOSO,Emb. 0.15 KG,"1,49€","9,93€ / KG",
Palhinhas Cartão,HOMESIDE,Emb. 25 UNID.,"1,79€","0,07€ / UNID.",
CHOCOLATE PRETO COM FLOR DE SAL,EQUADOR,Emb. 0.1 KG,"1,19€","11,90€ / KG",
PILHAS ALC.LR6X4 CLARTECH,FOXTER,Emb. 4 UNID.,"1,27€","0,32€ / UNID.",
Leite Condensado,NESTLÉ,Lata 0.37 KG,"1,49€","4,03€ / KG",
Sabonete Líquido Leite e Mel Recarga,PALMOLIVE,Emb. 0.3 LT,"2,99€","9,97€ / LT",
Iogurte Líquido Tutti Frutti 4x155g,DANONE,Emb. 0.62 KG,"1,39€","2,24€ / KG",
Chá de Ervas Digestão Fácil,LIPTON,Emb. 20 SAQ.,"1,94€","0,10€ / SAQ.",
GELADO BAUNILHA / CARAMELO,ESKISS,Emb. 1 LT,"2,49€","2,49€ / LT",
Gliss Reparação Total Condicionador Express em Spray,GLISS,Emb. 0.2 LT,"3,24€","16,20€ / LT",
BACALHAU P/ CALDEIRADA,PÊCHE OCÉAN,Emb. 0.8,"3,99€","4,99€ /",
Whisky The Famous Grouse,FAMOUS GROUSE,Garrafa 0.7 LT,"17,49€","24,99€ / LT",
Toalhitas Limpa Pó Electrostáticas,,Emb. 40 UNID.,"2,25€","0,06€ / UNID.",
Cenourinhas Extra Finas,NOTRE JARDIN,Emb. 0.4 KG,"1,09€","2,73€ / KG",
Cápsula e pastilha de café DGC ESPRESSO CREMOSO 16UN,LAVAZZA,Emb. 16 UNID.,"4,49€","0,28€ / UNID.",
Fraldas Bebé T6 Doucer +16 Kg,MOTS D'ENFANTS,Emb. 58 UNID.,"9,65€","0,17€ / UNID.",
AGUARDENTE FIM DE SÉCULO Vínica Velhíssima 25 Anos Cx. Cartão 70CL,,0.07 CL,"39,99€","571,29€ / CL",
Iogurte Mix-in Nesquik 84% Leite Cereais 2 Unid.,NESTLÉ,Emb. 0.232 KG,"2,09€","9,01€ / KG",
Piano Reserva 2016 Douro Branco,PIANO,Emb. 0.75 LT,"6,49€","8,65€ / LT",
Conserva de Feijão Frade,COMPAL,Lata 0.845 KG,"1,59€","1,88€ / KG",
Bolachas Creme Cebola,TUC,Emb. 0.1 KG,"1,19€","11,90€ / KG",
Café Torrado Moído Vietname Moagem Universal Intensidade 10,SICAL,Emb. 0.22 KG,"3,89€","17,68€ / KG",
Bebida de Soja com Baunilha Biológica,,Emb. 1 LT,"1,39€","1,39€ / LT",
Bolachas Plain Chocolate,BELVITA,Emb. 0.3 KG,"2,49€","8,30€ / KG",
Queijo Para Barrar Noz,LES CROISÉS,Emb. 0.125 KG,"1,09€","8,72€ / KG",
AUSONIA ORG COTTON SUPER ABAS,AUSONIA,Emb. 10 UNID.,"2,54€","0,25€ / UNID.",
Máquina de Depilar Descartável Venus Basic,GILLETTE,Emb. 4 UNID.,"3,49€","0,87€ / UNID.",
Água sem Gás,MONCHIQUE,Emb. 1.5 LT,"3,99€","2,66€ / LT",
Bebida Energética Rehab,MONSTER ENERGY,Lata 0.5 LT,"1,20€","2,40€ / LT",
Paté Campestre Superior 2X50g,TRADILÈGE,Emb. 0.1 Kg,"1,45€","14,50€ / Kg",
Medalhões Pescada,PÊCHE OCÉAN,Emb. 0.4 KG,"3,29€","8,23€ / KG",
Barras de Cereais 6 Unid.,FITNESS,Emb. 0.141 KG,"2,33€","16,52€ / KG",
CRAVINHO GRAO SAQUETA,RUSTICA,Emb. 0.03 KG,"1,15€","38,33€ / KG",
Torta com Cobertura Cacau e Recheio de Leite,DAN CAKE,Emb. 0.3 KG,"2,49€","8,30€ / KG",
Feijão Encarnado Seco,NOTRE JARDIN,Emb. 0.5 KG,"0,99€","1,98€ / KG",
Fraldas Bebé T4+ ACTIV+ 9/20 Kg,MOTS D'ENFANTS,Emb. 37 UNID.,"7,89€","0,21€ / UNID.",
Papa Infantil Bolacha Maria,CERELAC,Emb. 0.25 KG,"1,79€","7,16€ / KG",
Preparado em Pó P/ Gelatina de Limão,ROYAL,Emb. 0.114 KG,"1,99€","17,46€ / KG",
Café Solúvel Cappuccino Mocha,NESCAFÉ,Emb. 0.306 KG,"6,39€","20,88€ / KG",
Barras de Biscoitos Cobertura de Caramelo Chocolate,ECO+,Emb. 0.348 KG,"1,89€","5,43€ / KG",
Bolos Petit-Four de Coco,,Emb. 0.3 KG,"2,79€","9,30€ / KG",
Galão São Lourenço,UCAL,Emb. 1 LT,"1,84€","1,84€ / LT",
Torta de Morango,P'TIT DÉLI,Emb. 0.3 KG,"1,29€","4,30€ / KG",
Noodles com Bacon e Tomate,KNORR,Emb. 0.063 KG,"1,39€","22,06€ / KG",
Champô 2em1 Leite Amêndoa Extra Suave,MANAVA,Emb. 0.5 LT,"2,29€","4,58€ / LT",
QUEIJO EMMENTAL RALADO 28%MG,LES CROISÉS,Emb. 0.2 KG,"1,69€","8,45€ / KG",
FITA ADESIVA ISOLANTE ELECTRICOS 5M,ECO+,Emb. 10 UNID.,"2,99€","0,30€ / UNID.",
Alimento Seco P/ Cão Salmão C/ Arroz,PURINA,Emb. 0.8 KG,"5,72€","7,15€ / KG",
CHAMPO SECO TILIA/MACA 150ML,NATEIS,Emb. 0.15,"2,29€","15,27€ /",
SPRAY LIMPA VIDROS 1 L 1L TECH9,TECH9,Emb. 1 LT,"2,99€","2,99€ / LT",
Refrigerante C/ Gás Vidro Pack 4,COCA COLA,Emb. 0.08 LT,"2,92€","36,50€ / LT",
Leite Condensado Cozido,DÉLISSE,Emb. 0.397 KG,"1,39€","3,50€ / KG",
Massa Letras,MILANEZA,Emb. 0.25 KG,"0,85€","3,40€ / KG",
Sacos do Lixo 50 Litros,ELEMBAL,Emb. 15 UNID.,"2,19€","0,15€ / UNID.",
Champô Anti-Caspa Cool Sport Mentol para Todos os Tipos de Cabelo,LINIC,Emb. 0.36 LT,"4,94€","13,72€ / LT",
Barras Hero Muesly De Cereais Chocolate Negro 6x23g,HERO,Emb. 0.138,"1,79€","12,97€ /",
Bloco Sanitário Power 5 Blue Water Ocean,DOMESTOS,Emb. 0.106 KG,"2,74€","25,85€ / KG",
Polpa de Tomate Biológica,,Emb. 0.5 KG,"1,19€","2,38€ / KG",
Chocolate de Leite com Amêndoas 3 Chocolates,REGINA,Emb. 0.072 KG,"1,99€","27,64€ / KG",
Mini Pizza 3 Queijos Ultracongelada 9 Unid.,PICCOLINIS,Emb. 0.27 KG,"3,99€","14,78€ / KG",
Bloco Sanitário Água Turquesa Activa de Limão,DOMESTOS,Emb. 0.053 KG,"2,09€","39,43€ / KG",
Tampões com Aplicador Pearl Super Plus,TAMPAX,Emb. 24 UNID.,"4,99€","0,21€ / UNID.",
Creme Depilatório Silk & Fresh,VEET,Emb. 0.2 LT,"6,64€","33,20€ / LT",
Água com Gás 6x50cl,VIMEIRO,Emb. 3 LT,"3,19€","1,06€ / LT",
Sumo Ananás abc 6 Unid.,JAFADEN,Emb. 1.2 LT,"1,49€","1,24€ / LT",
Vinho Regional Alentejano Tinto,PORTA DA RAVESSA,Garrafa 0.75 LT,"4,99€","6,65€ / LT",
Pepino,,1 Unid. = 0.37 KG (aprox.),"2,49€/kg","0,92€ / Unid.",
Drageia Menta,MENTOS,Emb. 0.04 KG,"0,69€","17,25€ / KG",
Leite Condensado,MIMOSA,Emb. 0.397 KG,"1,79€","4,51€ / KG",
Ambientador Difusor Essential Mist Lavanda,AIR WICK,Emb. 1 UNID.,"13,19€","13,19€ / UNID.",
Pães com Recheio a Chocolate,EPI D'OR,Emb. 1 P,"1,99€","1,99€ / P",
Café Torrado África Ásia e Brasil Moagem Grão,SICAL,Emb. 0.25 KG,"2,39€","9,56€ / KG",
Paté para cão de Frango e Carne,TOUS MES AMIS,Emb. 0.3 KG,"0,79€","2,63€ / KG",
Iogurte Líquido de Manga e Papaia 4 Unid.,ACTIVIA,Emb. 0.62 KG,"1,99€","3,21€ / KG",
Lixívia Tradicional 4 L,NEOBLANC,Emb. 4 LT,"2,84€","0,71€ / LT",
Xau Limpa Máquinas Limão 250ml,XAU,Emb. 0.25 LT,"3,99€","15,96€ / LT",
Bolachas Barquettes com Recheio de Morango,P'TIT DÉLI,Emb. 0.12 KG,"1,08€","9,00€ / KG",
Sumo de Romã 100% Bio,,Emb. 1 LT,"3,99€","3,99€ / LT",
Cápsulas Café Latte Macchiato P/ Dolce Gusto,STARBUCKS,Emb. 12 CAPS.,"5,49€","0,46€ / CAPS.",
ESPUMA CABELO EFEITO VOLUME 200ML,VITANOVE,Emb. 0.2 LT,"1,09€","5,45€ / LT",
Água de Nascente,CARAMULO,Emb. 6 LT,"1,39€","0,23€ / LT",
LAVA TUDO FLORAL,CLAIR,Emb. 2 UNID.,"0,89€","0,45€ / UNID.",
Vinho Tinto Regional Alentejano,COMP DO VINHO,Emb. 3 LT,"6,49€","2,16€ / LT",
Conserva Cogumelos Laminados,NOTRE JARDIN,Lata 0.185 KG,"0,65€","3,51€ / KG",
PIMENTO VERM./VERDE,NOTRE JARDIN,Emb. 0.6 KG,"1,30€","2,17€ / KG",
CREME VEGETAL P/ CULINARIA,,Emb. 0.25 KG,"0,79€","3,16€ / KG",
Água com Gás Pet 6x33 cl,PEDRAS SALGADAS,Emb. 1.98 LT,"2,77€","1,40€ / LT",
TIRAS FRANGO PANADO,CÔTÉ CROC,Emb. 0.6 KG,"6,99€","11,65€ / KG",
Yofu Polpa 4x125g,,Emb. 0.5 KG,"2,89€","5,78€ / KG",
PIRIPIRI VAGEM,RUSTICA,Emb. 0.015 KG,"0,59€","39,33€ / KG",
Néctar Essencial Frutos Vermelhos 3x110ml,COMPAL,Emb. 0.33 LT,"1,79€","5,42€ / LT",
Arroz Agulha,,Emb. 1 KG,"1,09€","1,09€ / KG",
Arroz Carolino,SALUDÃES,Emb. 1 KG,"1,13€","1,13€ / KG",
BACON EXTRA FATIADO,CAMPO FINO,Emb. 0.15 KG,"1,34€","8,93€ / KG",
Tostas de Trigo 36Unid.,EPI D'OR,Emb. 0.3 KG,"1,29€","4,30€ / KG",
MOLHO CARIL DE LEGUMES C/LEITE COCO,RUSTICA,Emb. 0.4 KG,"1,25€","3,13€ / KG",
Ambientador recarga cool mist zen lavanda,GLADE,Emb. 0.017 LT,"4,79€","281,76€ / LT",
SACOS LIXO ENTULHO 50L 5UN,ELEMBAL,Emb. 5 UNID.,"1,99€","0,40€ / UNID.",
Vinho Regional Bairrada Tinto,MARQUES DE MARIALVA,Garrafa 0.75 LT,"24,99€","33,32€ / LT",
Caldo de Carne,KNORR,Emb. 24 CUBOS,"2,39€","0,10€ / CUBOS",
ESPINAFRE PICADO 1/2,NOTRE JARDIN,Emb. 0.4 KG,"0,99€","2,48€ / KG",
Vinho Verde Tinto,MONÇÃO,Garrafa 0.75 LT,"1,99€","2,65€ / LT",
Gelado Solero Red Berries,OLÁ,Emb. 0.27 LT,"3,99€","14,78€ / LT",
Ambientador Gel Lavanda,,Emb. 1 UNID.,"0,79€","0,79€ / UNID.",
Néctar Light Laranja e Manga,JAFADEN,Emb. 1 LT,"0,89€","0,89€ / LT",
PENSOS HIGIENICOS U.FINOS NORMAL 16UN,DOULYS,Emb. 16 UNID.,"1,09€","0,07€ / UNID.",
Aletria,NACIONAL,Emb. 0.5 KG,"1,59€","3,18€ / KG",
DESODORIZANTE AXE AERO BLACK,AXE,Emb. 0.15 LT,"3,29€","21,93€ / LT",
Vinho Regional Alentejano Tinto,CONVENTUAL,Garrafa 0.75 LT,"4,99€","6,65€ / LT",
Vinho Regional Douro,EVEL,Garrafa 0.75 LT,"5,69€","7,59€ / LT",
Palitos de Chocolate,P'TIT DÉLI,Emb. 0.15 KG,"1,09€","7,27€ / KG",
Farinha Fina,BRANCA DE NEVE,Emb. 1 KG,"1,29€","1,29€ / KG",
Guardanapos Folha Simples Reciclados,MARQUE REPERE,Emb. 100 UNID.,"0,89€","0,01€ / UNID.",
Alimento Seco P/ Gatos Esterilizados Peru e Legumes,PURINA FRISKIES,Emb. 1.5 KG,"6,99€","4,66€ / KG",
Deo Spray 0% Sensitive 24H,SANEX,Emb. 0.15 LT,"2,69€","17,93€ / LT",
Detergente para a Máquina da Loiça Extra Power,SUN,Emb. 76 PASTILHAS,"9,99€","0,13€ / PASTILHAS",
GELADO BAUNILHA E SORVETE F.VERMELHOS 900ML ESKISS,ESKISS,Emb. 0.9 LT,"2,49€","2,77€ / LT",
Vinho Branco Alentejo Doc Reserva,REGUENGOS,Garrafa 0.75 LT,"5,99€","7,99€ / LT",
Bebida Solúvel Cereais Cevada Chicória e Café,TOFINA,Frasco 0.2 KG,"2,24€","11,20€ / KG",
Bebida de Arroz Original,SHOYCE,Emb. 1 LT,"1,79€","1,79€ / LT",
Batata Branca P/ Assar,,Emb. 1 KG,"1,19€","1,19€ / KG",
Snack Rodeo Carne de Vaca,PEDIGREE,Emb. 0.07 KG,"1,69€","24,14€ / KG",
Ambientador Recarga Portátil Relax Zen Lavanda e Jasmim,GLADE,Emb. 3 UNID.,"10,78€","3,59€ / UNID.",
Molho Piri-piri Extra Picante,PALADIN,Emb. 0.075 LT,"1,79€","23,87€ / LT",
Esfregão Salva Unhas Classic Comfort,SCOTCH BRITE,Emb. 2 UNID.,"2,44€","1,22€ / UNID.",
Cereais Pétalas Chocolate Leite,GRAINEA,Emb. 0.3 KG,"1,49€","4,97€ / KG",
DESODORIZANTE STICK MARINE MEN 50ML,CARRÉ HOMME,Emb. 0.05 LT,"1,85€","37,00€ / LT",
Ração para cão c/ Frango e Arroz,ULTIMA,Emb. 7.5 KG,"43,29€","5,77€ / KG",
Lentilhas Verdes Secas,NOTRE JARDIN,Emb. 0.5 KG,"1,49€","2,98€ / KG",
Escova de Dentes 3D White,ORAL B,Emb. 1 UNID.,"2,19€","2,19€ / UNID.",
Alimento Húmido P/ Gato C/ Carne de Vaca e Legumes,FRISKIES,Emb. 0.4 KG,"1,69€","4,23€ / KG",
Gressinos com Creme de Avelã 3x60g,NUSTIKAO,Emb. 0.18 KG,"2,19€","12,17€ / KG",
Cera Fixadora,AXE,Emb. 0.075 LT,"3,99€","53,20€ / LT",
Barra Cereais Chocolate Preto,GRAINEA,Emb. 0.126 KG,"1,49€","11,83€ / KG",
Doce de Framboesa,CASA MATEUS,Frasco 0.345 KG,"2,69€","7,80€ / KG",
Penso Incontinência Discreet Normal,AUSONIA,Emb. 12 UNID.,"2,99€","0,25€ / UNID.",
Bolachas Maria sem Açúcar,GULLÓN,Emb. 0.4 KG,"2,34€","5,85€ / KG",
Barquette Morango,LULU,Emb. 0.12 KG,"1,99€","16,58€ / KG",
Vinho Regional Douro Tinto,ESTEVA,Garrafa 0.75 LT,"4,99€","6,65€ / LT",
Bolo de Cacau,P'TIT DÉLI,Emb. 0.42 KG,"3,19€","7,60€ / KG",
Molho de Tomate à Provençal,,Emb. 0.35 KG,"1,99€","5,69€ / KG",
Refrigerante S/ Gás Maracuja,ECO+,Garrafa 2 LT,"0,79€","0,40€ / LT",
Azeitona Verde Retalhada com Ervas,RUSTICA,Emb. 0.36 KG,"1,79€","4,97€ / KG",
OVOS AR LIVRE CLASSE M,OVOS DA ALDEIA,Emb. 6 UNID.,"1,39€","0,23€ / UNID.",
Polpa de Tomate,ECO+,Frasco 0.5 KG,"0,99€","1,98€ / KG",
Conserva de Atum em Posta em Azeite,PÊCHE OCÉAN,Emb. 0.12 KG,"1,09€","9,08€ / KG",
NUGGETS DE FRANGO 18UN,CÔTÉ CROC,Emb. 0.45 KG,"4,29€","9,53€ / KG",
Iogurte Natural 4x125 g,,Emb. 0.5 KG,"0,65€","1,30€ / KG",
Pacotinho de Cereais e Mel,NESTUM,Emb. 0.08 KG,"0,99€","12,38€ / KG",
LAMINAS DESCARTAVEIS SENHORA 3 LAMINAS 4UN,SLISS,Emb. 4 UNID.,"2,99€","0,75€ / UNID.",
Ambientador Pure Nenuco Frescura Colónia de Bebé,AIR WICK,Spray 0.25 LT,"4,19€","16,76€ / LT",
"GEL DUCHE ""MATCHA/GENGIBRE"" CONCENTRADO",NATEIS,,"1,85€",/ Unid.,
ATRIX CR PROTECCAO SUAVE,ATRIX,Emb. 0.1 LT,"4,99€","49,90€ / LT",
Vinho Verde Branco,AVELEDA,Garrafa 0.75 LT,"4,99€","6,65€ / LT",
BOLACHA MARIA DOURADA,P'TIT DÉLI,,"1,69€",/ Unid.,
Gomas Trio Brilho,COPAÍNS COPINES,Emb. 0.2 KG,"0,99€","4,95€ / KG",
SNACK BATATA SABOR ESPECIARIAS,TOKAPI,Emb. 0.17 KG,"1,95€","11,47€ / KG",
Queijo de Barrar com Leite Pasteurizado,LES CROISÉS,Emb. 0.15 KG,"0,89€","5,93€ / KG",
Refrigerante sem Gás Laranja,FRUTIS,Garrafa 1.5 LT,"1,15€","0,77€ / LT",
Aguardente Vínica Velha,Quinta De S.Francisco,Emb. 0.7 LT,"34,99€","49,99€ / LT",
Bebida Gaseificada Aromatizada de Pêssego S/ Álcool,FESTALIE,Garrafa 0.75 LT,"2,49€","3,32€ / LT",
Alimento Seco P/ Gato C/ Frango Peru,PURINA FRISKIES,Emb. 2 KG,"7,99€","4,00€ / KG",
Champô Volume Toranja Branca e Menta,HERBAL ESSENCES,Emb. 0.4 LT,"3,99€","9,98€ / LT",
CREPES SIMPLES 16UN,TROFIC,Emb. 1 KG,"3,99€","3,99€ / KG",
BATATA FRITA PALHA FINISSIMA,POM'LISSE,,"1,39€",/ Unid.,
Limpa Vidros Anti Embaciamento,AJAX,Spray 0.5 LT,"3,59€","7,18€ / LT",
OIKOS CARAMELO 110G X4,OIKOS,Emb. 0.44 KG,"2,39€","5,43€ / KG",
MIOLO DE CAMARAO 80/120,PÊCHE OCÉAN,Emb. 0.25 KG,"3,49€","13,96€ / KG",
Chocolate de Leite Oreo,MILKA,Emb. 0.037 KG,"0,99€","26,76€ / KG",
Esparguete Cozedura Rápida,TURINI,Emb. 0.5 KG,"1,09€","2,18€ / KG",
Iogurte Sólido Magro Tutti-Frutti e Coco 6x120g,LONGA VIDA,,"2,09€",/ Unid.,
PREPARADO P/ ARROZ MARISCO,PÊCHE OCÉAN,Emb. 0.8 KG,"6,50€","8,13€ / KG",
LENCOS FACIAIS 3F ECO,UNÍ VERT,Emb. 100 UNID.,"1,69€","0,02€ / UNID.",
Tablete de Chocolate Negro,NESTLÉ,Emb. 0.125 KG,"1,99€","15,92€ / KG",
Queijo de Vaca Amanteigado 5 Estrelas,LACTO SERRA,1 Unid. = 1 KG (aprox.),"6,98€/kg","6,98€ / Unid.",
PALITOS COBERTURA CHOCOLATE LEITE S/ GLUTEN,CHAQUE JOUR SANS GLUTEN,Emb. 0.125 KG,"2,55€","20,40€ / KG",
Sabão de Marselha 4x200 g,EPSIL,,"2,89€",/ Unid.,
Macedonia de 4 Legumes,,Emb. 0.4 KG,"0,69€","1,73€ / KG",
Durex Play Lubrificante de Morango,DUREX,Emb. 0.05 LT,"7,49€","149,80€ / LT",
Vinho Tinto,ECO+,Garrafão 5 LT,"5,69€","1,14€ / LT",
Ravioli Ricotta Espinafres Biológico,,Emb. 0.25 KG,"2,29€","9,16€ / KG",
FRALDA INCONTINENCIA MEDIA,CHORYS,Emb. 20 UNID.,"8,99€","0,45€ / UNID.",
Toffee Crisp 4x38g,NESTLÉ,Emb. 0.152 KG,"3,39€","22,30€ / KG",
Chipicao Mini Croissant Pack Creme de Cacau,CHIPICAO,Emb. 0.199 KG,"2,09€","10,50€ / KG",
Queijo Emmental,LES CROISÉS,Emb. 0.25 KG,"1,89€","7,56€ / KG",
Máquina de Depilar Descartável Oceana,GILLETTE,Emb. 4 UNID.,"8,99€","2,25€ / UNID.",
BETERRABA EM VINAGRE 345G,FERBAR,Emb. 0.345 KG,"1,09€","3,16€ / KG",
Sumo Refrigerado Florida,SUNNY DELIGHT,Garrafa 0.31 LT,"0,78€","2,52€ / LT",
Bloco Sanitário Floral,SONASOL WC,Emb. 0.05 KG,"1,94€","38,80€ / KG",
Massa Argolinhas Clássica,NACIONAL,Emb. 0.25 KG,"0,85€","3,40€ / KG",
QUEIJO FRESCO COTTAGE,MATINAL,Emb. 0.18 KG,"1,89€","10,50€ / KG",
DETERGENTE LIQUIDO CONCENTRADO ALOE VERA ECOLOGICO 40D,UNÍ VERT,,"4,99€",/ Unid.,
Pensos Diários Salva Slip Adapt,EVAX,Emb. 30 UNID.,"1,94€","0,06€ / UNID.",
Arroz Agulha,LOURO,Emb. 1 KG,"1,39€","1,39€ / KG",
Pensos Higiénicos Normal Alas,AUSONIA,Emb. 14 UNID.,"1,69€","0,12€ / UNID.",
Conserva de Cogumelos Laminados,NOTRE JARDIN,Lata 0.78 KG,"2,25€","2,88€ / KG",
Caramelo Líquido,TABLIER BLANC,Emb. 0.4 KG,"1,29€","3,23€ / KG",
Gelatina Light Tropical 4 Unid.,ROYAL,Emb. 0.4 KG,"2,19€","5,48€ / KG",
Compota de Frutas Maçã e Pera sem Adição de Açúcares 4x100g,DOUCEUR DU VERGER,Emb. 0.4 KG,"1,59€","3,98€ / KG",
Patê Bocadelia Recheio Atum,LA PIARA,Emb. 0.18 KG,"2,24€","12,44€ / KG",
Desodorizante Roll-On Invisible,MANAVA,Emb. 0.05 LT,"0,75€","15,00€ / LT",
Refrigerante C/ Gás,COCA COLA,Garrafa 0.5 LT,"1,00€","2,00€ / LT",
Cereais Muesli Chocolate,GRAINEA,Emb. 0.5 KG,"2,39€","4,78€ / KG",
SORVETE MACA C/ PEDACOS,ESKISS,Emb. 1 LT,"2,69€","2,69€ / LT",
Cuecas Incontinência Discreet L,AUSONIA,Emb. 7 UNID.,"7,99€","1,14€ / UNID.",
Óleo Reconstrutor,AUSSIE,Emb. 0.1 LT,"7,49€","74,90€ / LT",
Cornetto de Morango 6x90 ml,OLÁ,Emb. 0.54 LT,"4,99€","9,24€ / LT",
Vinho de Mesa Rosé,ECO+,Emb. 2 LT,"2,69€","1,35€ / LT",
SNACKS BOLAS DE QUEIJO,TOKAPI,Emb. 0.05 KG,"0,65€","13,00€ / KG",
PENSOS INCONTINENCIA MULHER MAXI,CHORYS,Emb. 12 UNID.,"2,59€","0,22€ / UNID.",
Sais de Fruta Digestivo Original,ENO DIGESTIVO,Emb. 10 UNID.,"4,99€","0,50€ / UNID.",
Bolachas Mini Cookies Tradicionais,NACIONAL,Emb. 0.12 KG,"1,45€","12,08€ / KG",
Loção para Corpo Suavizante 48h Pele Seca,NIVEA BODY,Emb. 0.4 LT,"5,99€","14,98€ / LT",
KINDER DELICE CACAU T10,KINDER,Emb. 0.39 KG,"3,69€","9,46€ / KG",
Chocolate de Caramelo e Avelãs,MILKA,Emb. 0.3 KG,"3,99€","13,30€ / KG",
DETERGENTE LIQUIDO PERFECT CORES 25D,EPSIL,Emb. 25 DOSES,"2,79€","0,11€ / DOSES",
Manteiga de Amendoim Cremosa sem Adição de Açúcares,CALVÉ,Emb. 0.35 KG,"3,49€","9,97€ / KG",
Gelatina em Pó Morango 2x85 g,TABLIER BLANC,Emb. 0.17 KG,"0,85€","5,00€ / KG",
Gelado Stracciatella,ESKISS,Emb. 0.9 LT,"2,65€","2,94€ / LT",
Café Pastilhas Platinium,DELTA,Emb. 16 UNID.,"3,89€","0,24€ / UNID.",
Tempero Chili com Carne 4 porções,KNORR,Emb. 0.042 KG,"1,54€","36,67€ / KG",
Champô Anti-Caspa Cuidado Suave para Todos os Tipos de Cabelo,LINIC,Emb. 0.36 LT,"4,94€","13,72€ / LT",
PAPEL ALUMINIO 50M,ELEMBAL,Emb. 50 M,"4,49€","0,09€ / M",
Tónica Suave Pele Seca,NIVEA,Emb. 0.2 LT,"5,99€","29,95€ / LT",
Conserva de Salsichas 7 Unid. Extra Suculentas,NOBRE,Frasco 0.35 KG,"1,68€","4,80€ / KG",
Sopa de Espargos,KNORR,Emb. 0.07 KG,"1,49€","21,29€ / KG",
GEL FIXACAO BETAO 250ML,VITANOVE,Emb. 0.25 LT,"1,69€","6,76€ / LT",
PENSOS HIGIENICOS U. FINOS NORMAL+ C/ ABAS,DOULYS,Emb. 14 UNID.,"0,99€","0,07€ / UNID.",
Dentes de Alho,,Emb. 0.25 KG,"2,29€","9,16€ / KG",
Chocolate de Leite Choco Jelly,MILKA,Emb. 0.25 KG,"3,99€","15,96€ / KG",
Cápsulas Café Latte Macchiato Caramelo,DOLCE GUSTO,Emb. 16 CAPS.,"5,99€","0,37€ / CAPS.",
Spray Mousse Harmonias Florais,NEOBLANC,Spray 0.7 LT,"2,59€","3,70€ / LT",
Pente Piquio Color,,Emb. 1 UNID.,"1,99€","1,99€ / UNID.",
Iogurte Bifidus Activia Cremoso Frutos Silvestres 4 Unid.,DANONE,Emb. 0.48 KG,"1,99€","4,15€ / KG",
"Mini Picadora 1,5L 500W",ELSAY,Emb. 1 UNID.,"27,90€","27,90€ / UNID.",
Snack P/ Gato de Salmão,DENTALIFE,Emb. 0.04 KG,"1,99€","49,75€ / KG",
Chantilly,DÉLISSE,Emb. 0.25 KG,"1,69€","6,76€ / KG",
Pensos Higiénicos Aloe Vera,CAREFREE,Emb. 56 UNID.,"4,49€","0,08€ / UNID.",
Cerveja C/ Álcool 24x25cl,CARLSBERG,Emb. 6 LT,"12,94€","2,16€ / LT",
Recarga Sabonete Líquido Framboesa/Peonia,MANAVA,Emb. 0.25 LT,"0,65€","2,60€ / LT",
MOZZARELLA BUFALA,LES CROISÉS,Emb. 0.125 KG,"1,69€","13,52€ / KG",
Molho Bifana com Mostarda,CALVÉ,Emb. 0.26 KG,"2,69€","10,35€ / KG",
VAGEM DE BAUNILHA BOURBON BIO,,Emb. 1 UNID.,"3,99€","3,99€ / UNID.",
Champô,TRESEMMÉ,Emb. 0.7 LT,"6,59€","9,41€ / LT",
COLGATE KIT VIAGEM ESCOVA + PASTA DE DENTES,COLGATE,Emb. 1 UNID.,"4,99€","4,99€ / UNID.",
NAPERONS RECTANGULARES 40X50CM,,Emb. 3 UNID.,"0,79€","0,26€ / UNID.",
Cerveja com Álcool Mini 20x25cl,CRISTAL,Emb. 5 LT,"7,59€","1,52€ / LT",
Chouriça do Lavrador,SNR,Emb. 0.18 KG,"2,49€","13,83€ / KG",
Néctar Multifrutos Bio,,Emb. 1.5 LT,"2,49€","1,66€ / LT",
AFTERSHAVE LOCAO OCEAN FRESH 100ML,CARRÉ HOMME,Emb. 0.1 LT,"2,29€","22,90€ / LT",
GUARDANAPOS AMARELOS FOLHA SIMPLES RENOVA,GUARDANAPOS RENOVA,Emb. 70 UNID.,"0,79€","0,01€ / UNID.",
Água Micelar Tudo em 1,GARNIER,Emb. 0.4 LT,"6,89€","17,23€ / LT",
SPRAY PENTEAR DESEMBARACANTE MORANGO E CEREJA PARA CRIANCAS,PETIT MANAVA,Emb. 0.2 LT,"1,49€","7,45€ / LT",
SALSICHAO SECO PORCO QS,ST AZAY,Emb. 0.25 KG,"3,69€","14,76€ / KG",
Madalenas sem Glúten,CHAQUE JOUR SANS GLUTEN,Emb. 0.18 KG,"2,59€","14,39€ / KG",
Atum em Azeite Biológico,BOM PETISCO,Emb. 0.12 KG,"1,67€","13,92€ / KG",
Alho Picado,MARGÃO,Frasco 0.06 KG,"3,19€","53,17€ / KG",
CREME P/ BARRAR PEDACOS FINOS AVELAS,EQUADOR,,"2,39€",/ Unid.,
Massa Lasanha,TURINI,Emb. 0.5 KG,"1,34€","2,68€ / KG",
Vinagre Balsâmico de Modena,GALLO,Garrafa 0.25 LT,"1,69€","6,76€ / LT",
Pano Multiusos Amarelo,SCOTCH BRITE,Emb. 2 UNID.,"2,54€","1,27€ / UNID.",
ACENDALHAS CUBOS 32UN,ECO+,Emb. 32 UNID.,"1,39€","0,04€ / UNID.",
Esfregão Vegetal,,Emb. 2 UNID.,"0,99€","0,50€ / UNID.",
Chá Verde Pure,LIPTON,Emb. 20 SAQS,"1,39€","0,07€ / SAQS",
Pensos Higiénicos Normal Plus Alas,EVAX,Emb. 14 UNID.,"2,59€","0,19€ / UNID.",
Tablete de Chocolate Branco com Avelãs Inteiras,TABLETTE D'OR,Emb. 0.2 KG,"2,19€","10,95€ / KG",
BOLACHAS C/ RECHEIO CHOCOLATE LEITE BREAK,P'TIT DÉLI,Emb. 0.135 KG,"1,59€","11,78€ / KG",
ESTENDAL VARANDA 7M,HOMESIDE,Emb. 1 UNID.,"7,99€","7,99€ / UNID.",
Sortido Húngaro,,Emb. 0.3 KG,"2,29€","7,63€ / KG",
Chá de Tília,LIPTON,Emb. 10 SAQ.,"0,69€","0,07€ / SAQ.",
Madalenas em Concha com Ovos,P'TIT DÉLI,Emb. 1 KG,"3,89€","3,89€ / KG",
Cereais Chocomax,NACIONAL,Emb. 0.3 KG,"1,69€","5,63€ / KG",
GELATINA MORANGO LIGHT CONDI 2X15G,CONDI,Emb. 0.3 KG,"1,89€","6,30€ / KG",
Bolachas Amanteigadas Palet breton 2x125g,P'TIT DÉLI,Emb. 0.25 KG,"1,99€","7,96€ / KG",
Água Tónica de Extratos Vegetais,SCHWEPPES,Garrafa 1 LT,"1,95€","1,95€ / LT",
Empadão de Pato,NOS RÉGIONS ONT DU TALENT,Emb. 0.3 UNID.,"2,99€","9,97€ / UNID.",
Johnson's Baby Gel de Banho Suave,JOHNSON'S BABY,Emb. 0.75 LT,"3,89€","5,19€ / LT",
COLORACAO VEGETAL CASTANHO CLARO BIO,BIONAÏA,Emb. 1 UNID.,"6,99€","6,99€ / UNID.",
DESODORIZANTE SPRAY INVISIBLE MEN 100ML COMPACT,CARRÉ HOMME,Emb. 0.1 LT,"1,19€","11,90€ / LT",
Alimento Seco Cão Júnior,PURINA FRISKIES,Emb. 1.5 KG,"6,49€","4,33€ / KG",
FORMA PUDIM CANELADA 18 CM.,ECO+,Emb. 1 UNID.,"5,99€","5,99€ / UNID.",
LENCOS BOLSO 4F MENTOL,CARESSE,Emb. 15 UNID.,"1,59€","0,11€ / UNID.",
Conjunto de 4 Recargas Desumidificador Neutras,FOXTER,Emb. 1 KG,"10,99€","10,99€ / KG",
Sobremesa Tiramisu 4x80g,DÉLISSE,Emb. 0.32 KG,"2,49€","7,78€ / KG",
Melância Riscada,,1 Unid. = 4.2 KG (aprox.),"1,49€/kg","6,26€ / Unid.",
Café Capsulas Decaf Intensidade 2,PLANTATION,Emb. 10 CAPS.,"1,79€","0,18€ / CAPS.",
AUSONIA CUECAS INCONTINÊNCIA DISCREET PANTS NR TM 4X8,AUSONIA,,"7,99€",/ Unid.,
Ambientador 5 em 1 Relax Zen,BRISE,Emb. 0.3 LT,"1,54€","5,13€ / LT",
PAPEL VEGETAL EM FOLHAS 30UN,ELEMBAL,Emb. 30 UNID.,"1,25€","0,04€ / UNID.",
Licor Anis Escarchado,BORLIDO,Garrafa 1 LT,"8,49€","8,49€ / LT",
Pensos Incontinência Anatómicos Plus,LINDOR,Emb. 20 UNID.,"11,79€","0,59€ / UNID.",
Café Cápsulas Fortissimo Intensidade 10,PLANTATION,Emb. 10 CAPS.,"1,49€","0,15€ / CAPS.",
Alimento Seco para Cão Carne de Vaca e Cenoura,TOUS MES AMIS,Emb. 1 KG,"3,59€","3,59€ / KG",
Vinho Tinto,COMP DO VINHO,Emb. 1 LT,"0,85€","0,85€ / LT",
Bolachas Original,OREO,Emb. 0.22 KG,"1,99€","9,05€ / KG",
DETERGENTE MANUAL LOICA CONCENTRADO LIMA E UVA BRANCA,VISIOR,Emb. 0.5 LT,"1,29€","2,58€ / LT",
Queijo Fundido,VACA QUE RI,Emb. 0.15 KG,"1,74€","11,60€ / KG",
Vinho Branco,COMP DO VINHO,Bag in Box 5 LT,"4,69€","0,94€ / LT",
Gelatina Light Morango,ROYAL,Emb. 0.031 KG,"2,09€","67,42€ / KG",
CANETA VARIAS CORES 1MM,ESQUISSE,Emb. 10 UNID.,"2,69€","0,27€ / UNID.",
Alimento Seco P/ Cão Adulto Frango C/ Arroz,PURINA,Emb. 14 KG,"63,29€","4,52€ / KG",
BOLACHAS AREADAS C/ CARAMELO,P'TIT DÉLI,Emb. 0.1 KG,"1,49€","14,90€ / KG",
"Requeijão de Vaca, Cabra e Ovelha",SALOIO,Emb. 0.17 KG,"1,79€","10,53€ / KG",
Desodorizante Roll-On Protect & Care 0% 48h,NIVEA,Emb. 0.05 LT,"4,29€","85,80€ / LT",
Rolo Cozinha Compacto,MARQUE REPERE,Emb. 2 UNID.,"1,49€","0,75€ / UNID.",
Loção Essencial Healing,VASELINE,Emb. 0.2 LT,"2,14€","10,70€ / LT",
Pantene Repara & Protege Champô 3 Em 1,,Emb. 0.3 LT,"4,99€","16,63€ / LT",
Detergente Liquido para a Máquina da Roupa Concentrado,SKIP,Emb. 80 DOSES,"15,99€","0,20€ / DOSES",
Alimento para peixe lago,TETRA,Emb. 1,"5,79€","5,79€ /",
Ração seca para gato c/ Salmão,ULTIMA,Emb. 0.75 KG,"5,39€","7,19€ / KG",
Bolacha Ondulada,,Emb. 0.3 KG,"1,69€","5,63€ / KG",
MASCARA EXTRA COLOR 300ML,VITANOVE,Emb. 0.3 LT,"2,39€","7,97€ / LT",
Caldo Natura de Carne Pack 4,KNORR,Emb. 0.112 KG,"1,49€","13,30€ / KG",
LENCOS FACIAIS 3F MENTOL,CARESSE,Emb. 80 UNID.,"1,19€","0,01€ / UNID.",
Vinho Regional Península de Setúbal Tinto,ADEGA DE PEGÕES,Garrafa 0.75 LT,"1,59€","2,12€ / LT",
CAPPUCCINO SABOR BAUNILHA,PLANTATION,Emb. 0.31 KG,"2,99€","9,65€ / KG",
Ovos Solo M,SNR,Emb. 12 UNID.,"2,29€","0,19€ / UNID.",
Desodorizante Zero% - Spray Invisível,SANEX,Emb. 0.15 LT,"2,69€","17,93€ / LT",
Batatas Fritas Rodela,PÁLA-PÁLA,Emb. 0.3 KG,"2,19€","7,30€ / KG",
BOLA FUTEBOL PLASTICO T4,WOODSUN,Emb. 1 UNID.,"2,99€","2,99€ / UNID.",
Miolo de Amendoim C/ Mel e Sal,MARQUE REPERE,Emb. 0.25 KG,"1,69€","6,76€ / KG",
Néctar Vital Frutos Vermelhos 3x20 cl,COMPAL,Emb. 0.6 LT,"1,69€","2,82€ / LT",
"FRIZE LIMA PEPIN GENGIB,,4x.25L",FRIZE,,"2,79€",/ Unid.,
TARTE DE MACAS CARAMELIZADAS,AUTOUR DU DESSERT,Emb. 0.6 KG,"4,35€","7,25€ / KG",
PAPEL HIGIENICO COMPACTO ECO,UNÍ VERT,Emb. 4 UNID.,"3,49€","0,87€ / UNID.",
Bacalhau Especial Noruega Asa Preta,,1 Unid. = 4 KG (aprox.),"10,99€/kg","43,96€ / Unid.",
Alimento Seco P/ Cão Mini Menu Frango,PURINA FRISKIES,Emb. 1.5 KG,"4,84€","3,23€ / KG",
Alho Francês,,1 Unid. = 0.43 KG (aprox.),"1,99€/kg","0,86€ / Unid.",
Snack P/ Gato de Frango,DENTALIFE,Emb. 0.04 KG,"1,99€","49,75€ / KG",
Café Solúvel Seleção Premium Intensidade 6,NESCAFÉ,Frasco 0.1 KG,"5,69€","56,90€ / KG",
Vinho Regional Alentejo Tinto,TERRAS D'EL REI,Garrafa 0.75 LT,"2,79€","3,72€ / LT",
Aquafresh Branco Intenso 2x75ml,AQUAFRESH,,"3,49€",/ Unid.,
SABONETE LIQUIDO ALPERCE/ALOE VERA BIO,BIONAÏA,Emb. 0.3 LT,"1,85€","6,17€ / LT",
POSTAS DE BACALHAU ULTRACONGELADAS,ECO+,Emb. 0.8 KG,"5,99€","7,49€ / KG",
Água Tónica,SCHWEPPES,Lata 0.25 LT,"0,85€","3,40€ / LT",
BACALHAU COM NATAS,CÔTÉ TABLE,Emb. 0.25 KG,"2,99€","11,96€ / KG",
Biscoitos Recheados com Bovino,LYDOG,Emb. 0.5 KG,"1,75€","3,50€ / KG",
Desodorizante Bodyspray Gold Temptation,AXE,Emb. 0.15 LT,"3,29€","21,93€ / LT",
Gelado Phish food,BEN & JERRY'S,Emb. 0.465 LT,"6,79€","14,60€ / LT",
Champô para Homem Anticaspa Cool Sport Mentol,LINIC,Emb. 0.225 LT,"3,34€","14,84€ / LT",
ARROZ AGU.VAPORIZADO CIGALA 1KG,CIGALA,Emb. 1 KG,"1,27€","1,27€ / KG",
Conserva De Feijão Vermelho em Conserva 425g,NOTRE JARDIN,Lata 0.425 KG,"0,75€","1,76€ / KG",
RANCHO,CÔTÉ TABLE,Emb. 0.25 KG,"2,99€","11,96€ / KG",
Alimento Húmido Gato Completo 6x410g,LYCAT,Emb. 6 UNID.,"4,25€","0,71€ / UNID.",
Chá Verde com Gengibre Immune Support,LIPTON,Emb. 0.032 KG,"1,94€","60,63€ / KG",
Iogurte Bifidus Cremoso Frutos Silvestres 0% 4 Unid.,DANONE,Emb. 0.48 KG,"1,99€","4,15€ / KG",
Vinho Regional Tejo Meio Seco Rosé,LEZÍRIA,Garrafa 0.75 LT,"1,59€","2,12€ / LT",
Preparado em Pó Chantilly,ROYAL,Emb. 0.072 KG,"1,99€","27,64€ / KG",
Tomates Inteiros Pelados,ECO+,Lata 0.8 KG,"1,32€","1,65€ / KG",
YOFU SOJA NATURAL 4X125G,ALPRO SOYA,Emb. 0.5 KG,"2,89€","5,78€ / KG",
Gel de Banho Cuidado Intensivo,DOVE,Emb. 0.5 LT,"2,49€","4,98€ / LT",
Cola Multi-Usos S/ Solvente,FOXTER,Emb. 0.055 LT,"2,69€","48,91€ / LT",
Ervilhas Extra Finas,NOTRE JARDIN,Emb. 0.4 KG,"1,19€","2,98€ / KG",
Sabonete Sólido Flores Brancas 4 Unid.,MANAVA,Emb. 0.4 KG,"2,05€","5,13€ / KG",
Martini Rosso,MARTINI,Garrafa 1 LT,"11,99€","11,99€ / LT",
Bigburger Vegetais 2 Unid. Ultracongelado,CAPITÃO IGLO,Emb. 0.25 KG,"4,79€","19,16€ / KG",
Desodorizante Clean Fresh Scent Stick,REXONA,Emb. 0.045 LT,"4,79€","106,44€ / LT",
Sumo 100% Laranja C/ Polpa,JAFADEN,Emb. 1 LT,"1,49€","1,49€ / LT",
Doce de Pêssego Baixo Teor de Açúcar,DOUCEUR DU VERGER,Frasco 0.34 KG,"1,25€","3,68€ / KG",
COGUMELO FERBAR LAMINADO 185G,FERBAR,Emb. 0.185,"0,74€","4,00€ /",
Deo Roll On Hidra Essencial 0% Álcool,VASELINE,Emb. 0.05 LT,"2,09€","41,80€ / LT",
Bolachas Recheadas Bocaditos Limão,CUÉTARA,Emb. 0.15 KG,"1,89€","12,60€ / KG",
Iogurte Liquido Lindahls Caramelo + Proteina,LINDAHLS,Emb. 0.33 LT,"1,89€","5,73€ / LT",
Conserva de Feijão Branco Cozido,NOTRE JARDIN,Frasco 0.57 KG,"0,69€","1,21€ / KG",
Pão de Leite 8 Unid.,P'TIT DÉLI,Emb. 0.32 KG,"1,09€","3,41€ / KG",
LUVA AUTO MICROFIBRA ANTI-MOSQUITOS,TECH9,Emb. 1 UNID.,"1,99€","1,99€ / UNID.",
Creme Protector Muda Fraldas,MOTS D'ENFANTS,Emb. 0.1 LT,"2,49€","24,90€ / LT",
ROLO COZINHA COMPACTO MULTIUSOS ECO,UNÍ VERT,Emb. 1 UNID.,"4,69€","4,69€ / UNID.",
FOLHADOS COM QUEIJO DE CABRA 4UN,CÔTÉ TABLE,Emb. 0.4 KG,"3,65€","9,13€ / KG",
Papa Infantil Bolacha Maria,CERELAC,Emb. 0.4 KG,"1,84€","4,60€ / KG",
CREME HIDRATANTE OLEO AMENDOA DOCE,INELL,Emb. 0.2 LT,"2,29€","11,45€ / LT",
Champomy,CHAMPOMY,Garrafa 0.75 LT,"3,99€","5,32€ / LT",
CLIPES COLORIDOS,ESQUISSE,Emb. 100 UNID.,"0,99€","0,01€ / UNID.",
Creme Vegetal Óleo Girassol 60% MG S/ Sal,NAT&VIE,Emb. 0.5 KG,"1,99€","3,98€ / KG",
Sortido de Biscoitos Finos,EQUADOR,Emb. 0.2 KG,"1,99€","9,95€ / KG",
Iogurte Líquido Morango/Framboesa,DANONE,Emb. 0.3 KG,"1,89€","6,30€ / KG",
BB CREAM 5EM1 CLARO 50ML,INELL,Emb. 0.05 LT,"3,49€","69,80€ / LT",
Papel Higiénico 3 Folhas Acolchoado,SCOTTEX,Emb. 9 ROLOS,"5,99€","0,67€ / ROLOS",
Limpa Máquinas Roupa,SKIP,Emb. 0.36 KG,"6,49€","18,03€ / KG",
AGUA LIMÃO,FRIZE,Emb. 0.75 LT,"1,54€","2,05€ / LT",
Conserva de Grão de Bico Cozido,NOTRE JARDIN,Lata 0.85 KG,"0,99€","1,16€ / KG",
GRANOLA CHOCOLATE PRETO E AMENDOAS,GRAINEA,Emb. 0.35 KG,"2,99€","8,54€ / KG",
Lichias em Calda,DOUCEUR DU VERGER,Emb. 0.565 KG,"2,39€","4,23€ / KG",
Néctar Vital Equilíbrio Manga Laranja,COMPAL,Emb. 0.33 LT,"0,84€","2,55€ / LT",
MOLHO AGRIDOCE PICANTE,TABLES DU MONDE,Emb. 0.3 KG,"1,85€","6,17€ / KG",
Amendoins Torrados com Sal,TOKAPI,Emb. 0.5 KG,"1,95€","3,90€ / KG",
Hamburguer Big Burger Iglo Vaca C/ Queijo S/Gluten 200 G,,Emb. 0.2,"3,99€","19,95€ /",
Iogurte Líquido Morango 4x155g,DANONE,Emb. 0.62 KG,"1,39€","2,24€ / KG",
Barras Hero De Cereais Muesli Avelã 6x25g,HERO,Emb. 0.15 KG,"1,79€","11,93€ / KG",
Bolos com Recheio de Morango Isento de Glúten,CHAQUE JOUR SANS GLUTEN,Emb. 0.21 KG,"3,05€","14,52€ / KG",
Aditivo Líquido Protege Cores e Delicados,SKIP,Emb. 3 LT,"5,04€","1,68€ / LT",
TOSTAS FINAS SESAMO,EPI D'OR,Emb. 0.1 KG,"1,19€","11,90€ / KG",
Bolachas Digestivas Aveia,TRIUNFO,Emb. 0.171 KG,"1,69€","9,88€ / KG",
Detergente Máquina Loiça Pastilhas Clássicas,VISIOR,Emb. 40 UNID.,"2,49€","0,06€ / UNID.",
Marcadores de Colorir Laváveis Ponta Média,ESQUISSE,,"2,29€",/ Unid.,
Café Solúvel C/ Bebida Amêndoa Vegan,NESCAFE GOLD,Emb. 0.096 KG,"3,69€","38,44€ / KG",
Corn Flakes Biológicos,,Emb. 0.375 KG,"1,19€","3,17€ / KG",
FEIJAO VERMELHO SACO,NOTRE JARDIN,Emb. 1 KG,"1,89€","1,89€ / KG",
Massa Mac & Cheese,KNORR,Emb. 0.062 KG,"1,89€","30,48€ / KG",
B&J Caramel Brownie Party 465ml,,Emb. 0.465 LT,"6,79€","14,60€ / LT",
MOLHO SOJA,TABLES DU MONDE,Emb. 0.125 LT,"0,89€","7,12€ / LT",
Água com Gás 6x25cl,VIMEIRO,Emb. 1.5 LT,"2,75€","1,83€ / LT",
Chá Menta,LIPTON,Emb. 20 SAQ.,"1,20€","0,06€ / SAQ.",
Snack Húmido P/ Gato Party Mix Cheezy Mix,FELIX,Emb. 0.06 KG,"1,89€","31,50€ / KG",
LIXIVIA TRADICIONAL,CLAIR,Emb. 2 LT,"0,89€","0,45€ / LT",
Tâmara Seca S/ Caroço,MARQUE REPERE,Emb. 0.2 KG,"1,29€","6,45€ / KG",
LIMPA LAREIRA/BARBECUE,SILEX,Emb. 0.75 LT,"2,99€","3,99€ / LT",
Preservativos Senso,CONTROL,Emb. 6 UNID.,"3,49€","0,58€ / UNID.",
Cenoura Ripada,,Emb. 0.2 KG,"0,69€","3,45€ / KG",
Pacotinho de Frutas Maçã Banana e Aveia +6 meses,NESTLÉ BEBÉ,Emb. 0.09 KG,"1,05€","11,67€ / KG",
Fraldas Bebé Ultra Conforto T6 +16Kg,MOTS D'ENFANTS,Emb. 33 UNID.,"6,99€","0,21€ / UNID.",
Tablete Chocolate Preto Extrafino 74% Cacau Biológico,,Emb. 0.1 KG,"1,59€","15,90€ / KG",
Massa de Alho,RUSTICA,Frasco 0.2 KG,"0,89€","4,45€ / KG",
BLOCO NOTAS ADESIVO 75X75MM 4X100UN,ESQUISSE,Emb. 4 UNID.,"2,99€","0,75€ / UNID.",
Iogurte Líquido Morango Banana 4 Unid.,YOGGI,Emb. 0.64 KG,"2,09€","3,27€ / KG",
Chiclets de Morango 12 Unid.,CHICLETS,Emb. 0.017 KG,"0,99€","58,24€ / KG",
Cereais Muesli Cereais Frutos Secos Biológicos,,Emb. 0.375 KG,"2,89€","7,71€ / KG",
"Croquetes Vaca, Legumes e Figado",LYCAT,Emb. 2 KG,"3,99€","2,00€ / KG",
Deo Roll-On Active Protection E Invisible,REXONA,Emb. 0.05 LT,"2,69€","53,80€ / LT",
Massa Couscous Grão Médio,MILANEZA,Emb. 1 KG,"2,89€","2,89€ / KG",
Crepes com Cogumelos,CÔTÉ TABLE,Emb. 6 UNID.,"1,69€","0,28€ / UNID.",
Ervilhas Ultracongeladas,BONDUELLE,Emb. 0.4 KG,"1,94€","4,85€ / KG",
Açafrão das Índias,MARGÃO,Emb. 0.037 KG,"2,19€","59,19€ / KG",
Whiskey Bourbon 6 Anos,JOHN DAVON'S,Garrafa 0.75 LT,"12,99€","17,32€ / LT",
Ambientador gel cherry e peony,GLADE,Emb. 0.18 LT,"2,99€","16,61€ / LT",
Conserva de Pickles em Vinagre,RUSTICA,Frasco 0.36 KG,"0,95€","2,64€ / KG",
Salsichas Frankfurt,IZIDORO,Lata 0.25 KG,"1,03€","4,12€ / KG",
BATERIA Nº 16 80/640 80/640 TECH9,TECH9,Emb. 1 UNID.,"99,99€","99,99€ / UNID.",
"CERVEJA HEINEKEN,PACK,24X25CL",HEINEKEN,Emb. 24 UNID.,"12,99€","0,54€ / UNID.",
Cereais de Chocolate,CRUNCH,Emb. 0.375 KG,"2,53€","6,75€ / KG",
Douradinhos de Filete de Peixe 15 Unid. Ultracongelado,CAPITÃO IGLO,Emb. 0.42 KG,"5,69€","13,55€ / KG",
Azeite Virgem Delicado,GALLO,Emb. 0.75 LT,"5,94€","7,92€ / LT",
Vinho do Porto Branco,FERREIRA,Garrafa 0.75 LT,"6,29€","8,39€ / LT",
Pacotinho de Frutas Maçã Cenoura e Manga S/ Glúten +6 meses,NESTLÉ BEBÉ,Emb. 0.09 KG,"1,05€","11,67€ / KG",
Chá de Camomila e Erva Príncipe,LIPTON,Emb. 20 SAQS,"1,94€","0,10€ / SAQS",
PANNA COTTA FRUITS ROUGE 4X90G,DÉLISSE,Emb. 0.36 KG,"1,99€","5,53€ / KG",
SACOS LIXO FECHO FACIL TRI 50L,ELEMBAL,Emb. 10 UNID.,"1,69€","0,17€ / UNID.",
DOSSIER A4 LOMBADA 7CM,ESQUISSE,Emb. 1 UNID.,"1,79€","1,79€ / UNID.",
GALETES DE MILHO C/ COBERTURA DE CHOCOLATE LEITE BIO,,Emb. 0.1 KG,"1,79€","17,90€ / KG",
VINAGRE CRISTAL SIDRA 0.5L,CRISTAL,Emb. 0.5 LT,"1,03€","2,06€ / LT",
Ervilhas e Cenouras Muito Finas,NOTRE JARDIN,Emb. 0.4 KG,"1,25€","3,13€ / KG",
Papel Higiénico 2 Folhas Compact,MARQUE REPERE,Emb. 12 UNID.,"4,69€","0,39€ / UNID.",
Pantene Volume & Brilho Champô 250 ml,,Emb. 0.25 LT,"4,99€","19,96€ / LT",
Feijão Verde,,1 Unid. = 0.55 KG (aprox.),"4,99€/kg","2,74€ / Unid.",
Coxa de Frango,,1 Unid. = 0.5 KG (aprox.),"3,49€/kg","1,75€ / Unid.",
Iogurte Magro Déli' light Sabor Baunilha 8x125g,DÉLISSE,Emb. 1 KG,"1,99€","1,99€ / KG",
Conserva de Azeitona Mista,RUSTICA,Emb. 0.3 KG,"1,89€","6,30€ / KG",
"AZEITONA MISTA RETALH,FRAS,210G",,,"1,33€",/ Unid.,
Cuecas Incontinência Boutique L,AUSONIA,Emb. 8 UNID.,"11,99€","1,50€ / UNID.",
BACALHAU A BRAS,CÔTÉ TABLE,Emb. 0.8 KG,"9,99€","12,49€ / KG",
SACOS LIXO FECHO FACIL 50L,ELEMBAL,,"4,29€",/ Unid.,
Crackers Salgadas de Sementes Biológicas,,Emb. 0.2 KG,"2,99€","14,95€ / KG",
Croquetes Coelho e Legumes Verdes,TOUS MES AMIS,Emb. 2 KG,"3,99€","2,00€ / KG",
MAQUINA SELAR VACUO,ELSAY,Emb. 1 UNID.,"37,90€","37,90€ / UNID.",
LAVA TUDO CONCENTRADO ECOLOGICO,UNÍ VERT,Emb. 1 LT,"1,19€","1,19€ / LT",
Manteiga Magra sem Sal,LES CROISÉS,Emb. 0.25 KG,"1,75€","7,00€ / KG",
Capucino Chocolate Base de Leite Magro em Pó,PLANTATION,Emb. 10 SAQ.,"1,99€","0,20€ / SAQ.",
Conserva Cogumelos Laminados,NOTRE JARDIN,Lata 0.355 KG,"1,09€","3,07€ / KG",
COLA GEL 30ML 2UN,ESQUISSE,Emb. 2 UNID.,"2,69€","1,35€ / UNID.",
Tablete Chocolate 70% Cacau Culinária,PANTAGRUEL,Emb. 0.2 KG,"2,84€","14,20€ / KG",
Biscoitos Areados e Crocantes de Coco,P'TIT DÉLI,Emb. 0.12 KG,"0,79€","6,58€ / KG",
Rebuçados Sabor Limão,HALLS,Emb. 0.032 KG,"0,89€","27,81€ / KG",
MANGUEIRA 19MMX25M,BEAUX JOURS,Emb. 1 UNID.,"22,99€","22,99€ / UNID.",
DUREX Lubrificante Play Efeito Calor,DUREX,Emb. 0.05 LT,"7,49€","149,80€ / LT",
Iogurte Bifidus Líquido Frutos Silvestres 4 Unid.,DANONE,Emb. 0.62 KG,"1,99€","3,21€ / KG",
Café Cápsulas Classic,PLANTATION,Emb. 36 CAPS.,"2,79€","0,08€ / CAPS.",
Tablete de Chocolate Creme de Cacau,MILKA,Emb. 0.1 KG,"1,69€","16,90€ / KG",
Leite UHT Meio Gordo,AGROS,Emb. 1 LT,"0,79€","0,79€ / LT",
Conserva de Mini Salsichas Cocktail,NOBRE,Lata 0.18 KG,"1,39€","7,72€ / KG",
Vinho Branco Meio Seco,LEZÍRIA,Garrafa 0.75 LT,"1,59€","2,12€ / LT",
Bolachas Ricanela +100g,CUÉTARA,Emb. 0.4 KG,"1,99€","4,98€ / KG",
Pudim Flan Caramelo 4x100g,ECO+,Emb. 0.4 KG,"0,74€","1,85€ / KG",
Topping Chocolate,MILKA,Emb. 0.3 KG,"3,69€","12,30€ / KG",
Red Fish Médio Congelado,,1 Unid. = 0.3 KG (aprox.),"3,99€/kg","1,20€ / Unid.",
Néctar Vital Equilíbrio Laranja Maracujá,COMPAL,Emb. 1 L,"1,69€","1,69€ / L",
Desmaquilhante de Olhos Dupla Acção,NIVEA,Emb. 0.125 UNID.,"4,99€","39,92€ / UNID.",
Iogurte Natural,MIMOSA,Emb. 0.48 KG,"1,39€","2,90€ / KG",
VINHO CALLABRIGA MAGNUM,Magnum Callabriga,Emb. 1.5 LT,"43,00€","28,67€ / LT",
Queijo Apimentado Fonte da Mourisca,LACTO SERRA,1 Unid. = 0.8 KG (aprox.),"8,65€/kg","6,92€ / Unid.",
Pantene Perfect Volume Laca 300ml,PANTENE PV,Spray 0.3 LT,"3,74€","12,47€ / LT",
Recarga Limpa Vidros,AJAX,Emb. 0.5 LT,"2,99€","5,98€ / LT",
"BASE INFALLIBLE 300,,1P",L'ORÉAL PARIS,,"18,49€",/ Unid.,
Hamburguer Ultracongelado 100% de Vaca Ultracongelado,CHANTEGRIL,Emb. 1 KG,"10,29€","10,29€ / KG",
Salpicão de Trancoso,SNR,Emb. 0.275 KG,"4,19€","15,24€ / KG",
Azeite,3 CASTELOS,Garrafa 1 LT,"5,14€","5,14€ / LT",
DETERGENTE EM PO FRESCURA P/ROUPA 10D,EPSIL,,"1,59€",/ Unid.,
Chá de Frutos Silvestres,LIPTON,Emb. 20 SAQ.,"1,74€","0,09€ / SAQ.",
Elixir Frescura Duradoura,ORAL B,Emb. 0.5 LT,"4,19€","8,38€ / LT",
KIT Escova De Dentes+Dentífrico+Copo 2-6 Anos Verde,PETIT DENTAMYL,Emb.1 1 UNID.,"2,99€","2,99€ / UNID.",
Body Milk para Duche Nutritivo Pele Seca,NIVEA,Emb. 0.25 LT,"5,49€","21,96€ / LT",
Pão Cachorro 330g,EPI D'OR,Emb. 6 UNID.,"0,99€","0,17€ / UNID.",
Palmiers Folhados,P'TIT DÉLI,Emb. 0.23 KG,"1,49€","6,48€ / KG",
Amaciador de Roupa Azul,COMFORT,Emb. 4 LT,"4,49€","1,12€ / LT",
Cereais Chocolate,NESTUM,Emb. 0.25 KG,"2,19€","8,76€ / KG",
Loção Corporal Summer Revive Fair,DOVE,Emb. 0.2 LT,"3,99€","19,95€ / LT",
PENSOS DIARIOS U. FINOS 30UN,DOULYS,,"0,89€",/ Unid.,
Tablete Chocolate Culinária,NESTLÉ,Emb. 0.2 KG,"1,39€","6,95€ / KG",
Cápsula e pastilha de café DGC ESPRESSO INTENSO 16UN,LAVAZZA,Emb. 16 UNID.,"4,49€","0,28€ / UNID.",
CREME DE VINAGRE,RUSTICA,Emb. 0.025 CL,"1,59€","63,60€ / CL",
Pensos Higiénicos Noite Alas,EVAX,Emb. 9,"2,99€","0,33€ /",
Bolachas Cream Cracker Nova Receita,VIEIRA,Emb. 0.2 KG,"1,25€","6,25€ / KG",
Bolachas com Pepitas Chocolate sem Açúcar,DIET NATURE,Emb. 0.125 KG,"2,29€","18,32€ / KG",
Cápsulas Café Ristretto Barista Intensidade 9,DOLCE GUSTO,Emb. 16 CAPS.,"4,79€","0,30€ / CAPS.",
Nata com Cogumelos,PARMALAT,Emb. 0.2 KG,"1,27€","6,35€ / KG",
Ervilhas e Cenouras Extra Finas,NOTRE JARDIN,Emb. 0.8 KG,"2,15€","2,69€ / KG",
Sidra com Álcool de Maça 15x20cl,SOMERSBY,Emb. 3 LT,"9,94€","3,31€ / LT",
QUEIJO FLAMENGO FATIADO,QUEIJO NA TÁBUA,Emb. 0.5 KG,"3,79€","7,58€ / KG",
Leite de Limpeza Suave Pele Seca,NIVEA,Emb. 0.2 LT,"5,99€","29,95€ / LT",
Caderno Capa Preta Pautado A4 60p,ESQUISSE,,"0,99€",/ Unid.,
AUSONIA ORG COTTON NORMAL ABAS,AUSONIA,Emb. 12 UNID.,"2,54€","0,21€ / UNID.",
Refrigerante C/ Gás S/ Cafeína Pack 6,COCA COLA,Emb. 1.98 LT,"4,30€","2,17€ / LT",
TOALHITAS P/ADULTOS X64,CHORYS,Emb. 64 UNID.,"2,99€","0,05€ / UNID.",
Mexilhão Médio,,1 KG (aprox.),"1,99€/kg","1,99€ / Unid.",
Queijo Ricotta,SANTA LUCIA,Emb. 0.25 KG,"2,19€","8,76€ / KG",
Bolachas Maria,CUÉTARA,Emb. 0.8 KG,"2,59€","3,24€ / KG",
Chocolate Nestlé,AFTER EIGHT,Emb. 0.2 KG,"2,34€","11,70€ / KG",
Pensos Higiénicos Maxi/Super Sem Alas Fina e Segura,EVAX,Emb. 13 UNID.,"1,99€","0,15€ / UNID.",
"ATUM FILETE AZEITE BIO, 120G",TENÓRIO,Emb. 0.12 KG,"2,29€","19,08€ / KG",
Gelado Coco Manga Maracujá,ESKISS,Emb. 0.9 LT,"2,65€","2,94€ / LT",
Pastéis de Bacalhau,,Emb. 12 KG,"1,99€","0,17€ / KG",
LENCOS FACIAIS 3F DECORADO,CARESSE,Emb. 70 UNID.,"1,19€","0,02€ / UNID.",
Bolachas Cobertas Chocolate Leite,MILKA,Emb. 0.15 KG,"2,49€","16,60€ / KG",
BATERIA Nº 10 50/450 50/450 TECH9,TECH9,Emb. 1 UNID.,"56,99€","56,99€ / UNID.",
Vinho do Porto Ruby,FERREIRA,Garrafa 0.75 LT,"6,29€","8,39€ / LT",
Toalhitas Peles Sensiveis,CHICCO,Emb. 72 UNID.,"1,49€","0,02€ / UNID.",
BB CREAM 5EM1 MEDIO 50ML,INELL,Emb. 0.05,"3,49€","69,80€ /",
FILETE ATUM EM ESCABECHE 120 GR,TENÓRIO,Emb. 0.12 KG,"2,29€","19,08€ / KG",
Vinho Tinto,SANTA MARTA,Bag in Box 5 LT,"8,99€","1,80€ / LT",
Salsicha Branca com Porto 3x125g,TRADILÈGE,Emb. 0.375 KG,"3,35€","8,93€ / KG",
Alimento Seco P/ Cão Mini Menu Vaca,PURINA FRISKIES,Emb. 1.5 KG,"4,49€","2,99€ / KG",
Vinho Verde Branco Salvé,SALVE,Garrafa 0.75 LT,"1,79€","2,39€ / LT",
Johnson's Baby Óleo de Aloe Vera,JOHNSON'S BABY,Emb. 0.5 LT,"5,59€","11,18€ / LT",
Vinho Tinto de Mesa BIB,COMP DO VINHO,Bag in box 10 LT,"10,99€","1,10€ / LT",
Cápsulas Café Ristretto Napoli,DOLCE GUSTO,Emb. 16 CAPS.,"4,79€","0,30€ / CAPS.",
PREPARADO PARA PANQUECAS CONDI 400G,CONDI,Emb. 0.4 KG,"1,99€","4,98€ / KG",
PENSOS INCONTINENCIA U. FINOS NORMAL POCKET,CHORYS,Emb. 16 UNID.,"2,09€","0,13€ / UNID.",
NATAS FRESCAS ESPESSAS LIGHT,DÉLISSE,Emb. 0.5 LT,"1,79€","3,58€ / LT",
Cerveja com Álcool Lata,SUPER BOCK,Emb. 0.5 LT,"1,59€","3,18€ / LT",
Massa Pontinha Clássica,NACIONAL,Emb. 0.25 KG,"0,85€","3,40€ / KG",
RODELAS DE PESCADA,ECO+,Emb. 0.8 KG,"5,80€","7,25€ / KG",
Conserva de Grão de Bico,NOTRE JARDIN,Frasco 0.57 KG,"0,69€","1,21€ / KG",
Conserva Grão Cozido com pouco Sal,FERBAR,Lata 0.42 KG,"0,95€","2,26€ / KG",
Alimento Seco Gato Completo Salmão Legumes,LYCAT,Emb. 0.4 KG,"0,99€","2,48€ / KG",
Sabonete Pack 4,DOVE,Emb. 0.4 KG,"4,99€","12,48€ / KG",
"Açúcar Baunilhado 5x7,5 g",,Emb. 0.037 KG,"2,99€","80,81€ / KG",
Bebida de Aveia sem Açúcar,ALPRO SOYA,Emb. 1 LT,"2,39€","2,39€ / LT",
Água com Gás 6x25 cl,PEDRAS SALGADAS,Emb. 1.5 LT,"2,74€","1,83€ / LT",
Alimento Húmido Gato Carne de Vaca,TOUS MES AMIS,Emb. 0.1 KG,"0,55€","5,50€ / KG",
Sumo Laranja S/ Adição Açúcar 6 Unid.,JAFADEN,Emb. 1.2 ML,"1,49€","1,24€ / ML",
IOGURTE NATURAL BIO,,Emb. 0.5 KG,"0,94€","1,88€ / KG",
Nabo sem Rama,,1 Unid. = 0.29 KG (aprox.),"1,78€/kg","0,52€ / Unid.",
Alimento Completo Cereais P/ Canários,TOUS MES AMIS,Emb. 1 KG,"3,29€","3,29€ / KG",
Refrigerante C/ Gás Uva,FANTA,Garrafa 1.5 LT,"1,00€","0,67€ / LT",
Johnson's Baby Champô Penteia Fácil,JOHNSON'S BABY,Emb. 0.5 LT,"5,59€","11,18€ / LT",
COMPASSO 3PECAS,ESQUISSE,Emb. 1 UNID.,"3,59€","3,59€ / UNID.",
Pastilha Elástica Senses Tropical Mix,TRIDENT,Emb. 0.023 KG,"0,95€","41,30€ / KG",
Dentífrico Cuidados Completos 8 em 1,DENTAMYL,Emb. 0.075 LT,"0,95€","12,67€ / LT",
Johnson's Gel de Banho para Bebé Cuidado Completo,JOHNSON'S BABY,Emb. 0.5 LT,"3,89€","7,78€ / LT",
ELIXIR BOCAL,DENTAMYL,Emb. 0.5 LT,"1,29€","2,58€ / LT",
BACALHAU COM ESPINAFRES 350G,CÔTÉ TABLE,Emb. 0.35 KG,"3,19€","9,11€ / KG",
Bolachas com Cobertura Chocolate de Leite,P'TIT DÉLI,Emb. 0.2 KG,"1,29€","6,45€ / KG",
Lápis para Colorir em Caixa de Metal,ESQUISSE,Emb. 18 UNID.,"4,99€","0,28€ / UNID.",
Esfregão Salva Unhas Comfort,SCOTCH BRITE,Emb. 2 UNID.,"2,54€","1,27€ / UNID.",
Pão sem Côdea Especial Torradas,PANRICO,Emb. 0.51 KG,"2,69€","5,27€ / KG",
Tomate Chucha,,1 Unid. = 0.2 KG (aprox.),"2,29€/kg","0,46€ / Unid.",
"AGUA FASTIO S/GAS GO, 50CL",FASTIO,,"0,59€",/ Unid.,
PREPARADO LACTEO PARA SANDWICH FATIAS,ECO+,Emb. 0.4 KG,"3,09€","7,73€ / KG",
Arroz Extra longo integral negro,CAÇAROLA,Emb. 0.5 KG,"3,77€","7,54€ / KG",
Pastilhas Café Descafeinado,DELTA,Emb. 16 PAST.,"3,89€","0,24€ / PAST.",
Natas Cremosas Light,MIMOSA,Emb. 0.2 LT,"0,89€","4,45€ / LT",
CARNE DE GALINHA C/ ARROZ E MOLHO DE NATAS,CÔTÉ TABLE,Emb. 0.3 KG,"1,99€","6,63€ / KG",
Molho Samurai,RUSTICA,Emb. 0.252 KG,"1,35€","5,36€ / KG",
Aquafresh MultiAction  2x75 ml,AQUAFRESH,,"6,60€",/ Unid.,
Macarrão Penne Isento de Glúten,CHAQUE JOUR SANS GLUTEN,Emb. 0.4 KG,"1,49€","3,73€ / KG",
Sumo 100% Multifrutos Biológico,,Emb. 1 LT,"2,09€","2,09€ / LT",
FORMAS DE ALUMINIO BAIXO 1L 10UN,ELEMBAL,Emb. 10 UNID.,"2,99€","0,30€ / UNID.",
FEIJÃO PRETO,FERBAR,Emb. 0.5 KG,"1,04€","2,08€ / KG",
Café Solúvel Descafeinado,NESCAFÉ,Emb. 0.1 KG,"4,39€","43,90€ / KG",
Preparado Leite de Creme,ROYAL,Emb. 0.092 KG,"1,09€","11,85€ / KG",
PURE MACA/AMEIXA SEM ADICAO ACUCAR BIO +4M,,Emb. 0.4 KG,"2,09€","5,23€ / KG",
CAÇAROLA FRITADEIRA INOX COM ASA E CESTO INTERIOR 24CM,ECO+,Emb. 1 UNID.,"13,99€","13,99€ / UNID.",
Tablete Chocolate Preto Culinária,TABLETTE D'OR,Emb. 0.2 KG,"1,65€","8,25€ / KG",
Barras Cereias com Pedaços de Morango Biológicas 6 Unid.,,Emb. 0.125 KG,"1,69€","13,52€ / KG",
"""QUENELLES"" DE SALMAO C/ MOLHO CAMARAO",CÔTÉ TABLE,Emb. 0.4 KG,"1,79€","4,48€ / KG",
BLOCO 5 TOMADAS C/ INTERRUPTOR,ECO+,Emb. 1 UNID.,"4,99€","4,99€ / UNID.",
GELADO TRIUM PISTACHIO 4UN,TRIUM,Emb. 4 UNID.,"2,45€","0,61€ / UNID.",
Cereais de Chocolate Biológicos,CHOCAPIC,Emb. 0.33 KG,"2,99€","9,06€ / KG",
Champô Cabelos Pintados,ELVIVE,Emb. 0.25 LT,"3,99€","15,96€ / LT",
Condicionador Nourish & Replenish,TRESEMMÉ,Emb. 0.4 LT,"4,79€","11,98€ / LT",
Chá Verde com Sabor a Hortelã e Lima,LIPTON,Emb. 1 LT,"1,28€","1,28€ / LT",
Sobremesa Chocolate Mix'n Croc Color Chocolate 4x120g,DÉLISSE,Emb. 0.48 KG,"1,95€","4,06€ / KG",
Baked Heinz Beans Com Tomate 415g,HEINZ,Emb. 0.415 KG,"1,79€","4,31€ / KG",
Café Moído Puro Arábica Biológico,,Emb. 0.25 KG,"3,49€","13,96€ / KG",
Champô Nourish & Replenish com Óleo de Coco e Aloe Vera,TRESEMMÉ,Emb. 0.4 LT,"4,79€","11,98€ / LT",
Alimento Húmido P/ Cão Adulto Pequeno C/ Carne de Vaca e Pato,PURINA,Emb. 0.4 KG,"3,19€","7,98€ / KG",
Café Torrado Moído Lote Descafeínado Moagem Universal Intensidade 8,SICAL,Emb. 0.22 KG,"3,24€","14,73€ / KG",
Regulador Ph Mais Solido,BEAUX JOURS,Emb. 6 KG,"21,55€","3,59€ / KG",
Queijo Ralado 4 Queijos,PRÉSIDENT,Emb. 0.15 KG,"2,55€","17,00€ / KG",
Chocolate Preto C/ Casca de Laranja Cristalizada,EQUADOR,Emb. 0.1 KG,"1,19€","11,90€ / KG",
Ambientador Vela Anti-Tabaco,,Emb. 2 UNID.,"5,69€","2,85€ / UNID.",
SNACK BATATA SALGADA S/ GLUTEN,CHAQUE JOUR SANS GLUTEN,Emb. 0.17 KG,"2,15€","12,65€ / KG",
Massa Espirais,MILANEZA,Emb. 0.5 KG,"1,19€","2,38€ / KG",
Fralda Cueca T6 +16Kg,MOTS D'ENFANTS,Emb. 18 UNID.,"4,11€","0,23€ / UNID.",
CARNE PICADA BOVINO BIO,,Emb. 0.4 KG,"5,79€","14,48€ / KG",
Café Solúvel Qualité Filtre,PLANTATION,Frasco 0.2 KG,"3,99€","19,95€ / KG",
Gin Premium Pink,GORDON'S,Garrafa 0.7 LT,"18,99€","27,13€ / LT",
Recarga Sabonete Líquido Amêndoa,PALMOLIVE,Emb. 0.5 LT,"4,99€","9,98€ / LT",
AZEITONAS INTEIRAS PRETAS A GREGA,RUSTICA,Emb. 0.25 KG,"1,29€","5,16€ / KG",
Mini Pizza Piccolinis Salsicha Frankfurt 9 Unid.,BUITONI,Emb. 0.27 KG,"3,99€","14,78€ / KG",
Verniz de Unhas 60 Segundos 323,RIMMEL,Emb. 1 UNID.,"5,59€","5,59€ / UNID.",
VINHO TINTO REGIONAL LISBOA BIB,COMP DO VINHO,,"6,49€",/ Unid.,
Bagas de Goji,MARQUE REPERE,Emb. 0.125 KG,"2,49€","19,92€ / KG",
Lagartos,,Emb. 0.3 KG,"1,49€","4,97€ / KG",
Gel de Duche Nutritivo,DOVE,Emb. 0.75 LT,"4,79€","6,39€ / LT",
Café Latte Caramel 8 Unid.,NESCAFÉ,Emb. 0.136 KG,"3,19€","23,46€ / KG",
Chá de Menta e Eucalipto,LIPTON,Emb. 20 SAQS,"1,94€","0,10€ / SAQS",
Vinho Tinto Meandro Douro,MEANDRO,Emb. 0.75 LT,"14,69€","19,59€ / LT",
Pérolas de Perfume para Roupa Spring,LENOR,Emb. 0.21 KG,"7,69€","36,62€ / KG",
Elixir Max White,COLGATE,Emb. 0.5 LT,"6,99€","13,98€ / LT",
QUEIJO FRESCO 20% MG,DÉLISSE,Emb. 1 KG,"1,99€","1,99€ / KG",
Salsichão C/ Avelãs,ST AZAY,Emb. 0.25 KG,"2,99€","11,96€ / KG",
Arroz Carolino,COMPTOÍR DU GRAIN,Emb. 1 KG,"0,93€","0,93€ / KG",
Bebida Energética Regular,X-TENSE,Emb. 0.25 LT,"0,49€","1,96€ / LT",
DESODORIZANTE ROLL-ON BIO 50ML,BIONAÏA,Emb. 0.05 LT,"0,99€","19,80€ / LT",
Papel Higiénico 4 Folhas,RENOVA,Emb. 9 ROLOS,"5,39€","0,60€ / ROLOS",
Néctar Clássico Pera Rocha 3x20 cl,COMPAL,Emb. 0.6 LT,"1,49€","2,48€ / LT",
Piri Piri Moído,MARGÃO,Emb. 0.038 KG,"2,19€","57,63€ / KG",
Café Original Moído,BUONDI,Emb. 0.22 KG,"3,69€","16,77€ / KG",
GELEIA MORANGO 345G,CASA MATEUS,Emb. 0.345 KG,"2,47€","7,16€ / KG",
SUMO 100% UVA BIO,,Emb. 1 LT,"1,59€","1,59€ / LT",
Triguilho Biológico,,Emb. 0.5 KG,"1,49€","2,98€ / KG",
FEIJOADA DE CHOCOS,CÔTÉ TABLE,Emb. 0.25 KG,"3,69€","14,76€ / KG",
Chá Marrocos Mint & Spices,LIPTON,Emb. 20 SAQ.,"1,94€","0,10€ / SAQ.",
Desodorizante Roll-On Biorythm 48H,REXONA,Emb. 0.05 LT,"2,39€","47,80€ / LT",
Bolachas Choco Minis,MILKA,Emb. 0.185 KG,"2,49€","13,46€ / KG",
Pensos Diários Slip Normal,AUSONIA,Emb. 40 UNID.,"1,49€","0,04€ / UNID.",
Sementes de Sésamo,MARQUE REPERE,Emb. 0.2 KG,"1,19€","5,95€ / KG",
FIAMBRE PERNA EXTRA LABEL ROUGE 4 FATIAS,TRADILÈGE,Emb. 0.16 KG,"3,09€","19,31€ / KG",
SOBREMESA STRACCIATTELLA,DÉLISSE,Emb. 0.48 KG,"1,75€","3,65€ / KG",
Pensos Higiénicos Super C/ Abas Eco,UNÍ VERT,Emb. 12 UNID.,"1,45€","0,12€ / UNID.",
Molho Agridoce com Legumes Crocantes,RUSTICA,Frasco 0.4 KG,"1,25€","3,13€ / KG",
Palitos de La Reine Mousse d´Or,DU BOIS DE LA ROCHE,Emb. 0.2 KG,"2,89€","14,45€ / KG",
Recarga Sabonete Líquido Flores Laranjeira,MANAVA,Emb. 0.25 LT,"0,65€","2,60€ / LT",
Whisky,JAMESON,Garrafa 0.7 LT,"20,99€","29,99€ / LT",
Ficha Programadora Diária,ECO+,Emb. 1 UNID.,"4,99€","4,99€ / UNID.",
LOMBO SALMAO ATLANTICO C/ PELE SKIN 4UN,PÊCHE OCÉAN,Emb. 0.5 KG,"10,99€","21,98€ / KG",
"COOKIES DE CHOCOLATE BRANCO, PASSAS E MIRTILOS",P'TIT DÉLI,Emb. 0.2 KG,"1,59€","7,95€ / KG",
Chá Limão e Gengibre,LIPTON,Emb. 20 SAQ.,"1,94€","0,10€ / SAQ.",
GALETES DE MILHO C/ SEMENTES DE LINHACA BIO,,Emb. 0.15 KG,"1,29€","8,60€ / KG",
Desodorizante Active Fresh Spray,VASELINE,Emb. 0.25 LT,"2,19€","8,76€ / LT",
Miolo de Amendoim C/ Sal,MARQUE REPERE,Emb. 0.5 KG,"2,99€","5,98€ / KG",
Bolachas de Cacau Recheadas C/ Creme Baunilha,P'TIT DÉLI,Emb. 0.176 KG,"0,99€","5,63€ / KG",
Destop Turbo Gel,DESTOP,Emb. 1   UNID.,"6,74€","6,74€ /   UNID.",
Cerveja com Álcool,SUPER BOCK,Garrafa 1 LT,"1,99€","1,99€ / LT",
FILETES DE PESCADA,PÊCHE OCÉAN,Emb. 0.4 KG,"3,49€","8,73€ / KG",
Néctar Light Tropical Cenoura,JAFADEN,Emb. 1 LT,"0,89€","0,89€ / LT",
BEBIDA SOJA BAUNILHA 3x250ML,ALPRO,Emb. 0.75 LT,"1,79€","2,39€ / LT",
Queijo Fundido para Hamburger 10 Fatias,LES CROISÉS,Emb. 0.2 KG,"1,79€","8,95€ / KG",
Café Delta Em Grão Torrado Chávena,DELTA,Emb. 0.25 KG,"2,29€","9,16€ / KG",
MENU COMPLETO PARA HAMSTERS 800G,P'TIT AMI,Emb. 0.8 KG,"1,99€","2,49€ / KG",
Detergente para a Máquina da Loiça de Limão,SUN,Emb. 90 DOSES,"12,34€","0,14€ / DOSES",
APARADOR MULTIFUNCOES,ELSAY,Emb. 1 UNID.,"16,90€","16,90€ / UNID.",
Verniz de Unhas 60 Segundos 703,RIMMEL,Emb. 1 UNID.,"5,59€","5,59€ / UNID.",
FIAMBRE PERNA EXTRA C/ COURATO 4 FATIAS,TRADILÈGE,Emb. 0.16 KG,"2,59€","16,19€ / KG",
Conserva de Tomate Triturado,TURINI,Lata 0.78 KG,"0,89€","1,14€ / KG",
Tablete de Chocolate C/ Amendoim,NESTLÉ,Emb. 0.09 KG,"1,09€","12,11€ / KG",
Máquinas de Barbear Descartáveis Blue 3 Smooth,GILLETTE,Emb. 5 UNID.,"5,29€","1,06€ / UNID.",
Açúcar em Pó 100 saquetas,TÉVA,Emb. 0.5 KG,"2,45€","4,90€ / KG",
Cerveja sem Álcool 6x33CL,SUPER BOCK,Emb. 1.98 LT,"4,49€","2,27€ / LT",
Champô Anti-Caspa Eficácia Ativa 2 em 1 para Todos os Tipos de Cabelo,LINIC,Emb. 0.36 LT,"4,94€","13,72€ / LT",
"LASANHA A BOLONHESA COM AZEITE VIRGEM EXTRA (1,7%)",CÔTÉ TABLE,Emb. 0.35 KG,"2,19€","6,26€ / KG",
Azeite Virgem Extra Reserva,GALLO,Garrafa 0.75 LT,"4,79€","6,39€ / LT",
Pastilha Elástica Senses Rainforest Mint,TRIDENT,Emb. 0.023 KG,"0,95€","41,30€ / KG",
Barra de Cereais com Chocolate Preto e Amendoim,ECO+,Emb. 6 UNID.,"1,09€","0,18€ / UNID.",
TIRA NÓDOAS COLOUR PÓ,A+,Emb. 0.99 KG,"5,99€","6,05€ / KG",
Iogurte Bifidus Líquido Lima Limão 0% 4 Unid.,DANONE,Emb. 0.62 KG,"1,99€","3,21€ / KG",
Cereais Special K Frutos Vermelhos,KELLOGG'S,Emb. 0.3 KG,"2,59€","8,63€ / KG",
Bolachas Cobertas com Chocolate Branco,OREO,Emb. 0.246 KG,"2,99€","12,15€ / KG",
Café Cápsulas Qonvictus Intensidade 5,DELTA,Emb. 10 CAPS.,"2,99€","0,30€ / CAPS.",
Café Solúvel Descafeinado Clássico,NESCAFÉ,Emb. 10 UNID.,"1,69€","0,17€ / UNID.",
Moscatel,FAVAIOS,Garrafa 0.75 LT,"5,59€","7,45€ / LT",
Barras Cereais Crunchy Caramel 6 Unid.,,Emb. 0.141 KG,"2,33€","16,52€ / KG",
SALSA E ALHO PICADO,RUSTICA,Emb. 0.25 KG,"2,45€","9,80€ / KG",
Batatas Fritas Artesanais,POM'LISSE,Emb. 0.18 KG,"0,99€","5,50€ / KG",
Sobremesa de Soja Chocolate 4 Unid.,NAT&VIE,Emb. 0.4 KG,"1,49€","3,73€ / KG",
AMBIENTADOR GEL LIRIO VALE,BIEN AIR,Emb. 0.15 KG,"0,99€","6,60€ / KG",
Amêndoa em Pó,TABLIER BLANC,Emb. 0.125 KG,"2,19€","17,52€ / KG",
"AMBIENTADOR MECHA ""LAVANDA"" 375ML",BIEN AIR,Emb. 0.375 LT,"1,55€","4,13€ / LT",
Anis Estrelado,MARGÃO,Emb. 0.025 KG,"3,29€","131,60€ / KG",
Vinho do Porto Dona Antonia,FERREIRA,Emb. 0.75 LT,"11,99€","15,99€ / LT",
Ração para Gato Esterilizado Controlo de Peso de Frango,PURINA,Emb. 1.5 KG,"11,99€","7,99€ / KG",
CROQUETES GATINHO PREMIUM 450G LYCAT,PLENIMA,Emb. 0.45 KG,"1,59€","3,53€ / KG",
Vinho Rosé,FAISÃO,Emb. 1 LT,"2,49€","2,49€ / LT",
MAÇÃ AMÊNDOA E CÔCO FRUUT 30G,,Emb. 0.03 KG,"0,99€","33,00€ / KG",
"Bolachas gérmen de Trigo, Soja e Figo",NAT&VIE,Emb. 0.2 KG,"1,69€","8,45€ / KG",
Infusão de Frutos Vermelhos,LIPTON,Emb. 0.032 KG,"0,90€","28,13€ / KG",
Vinagre Balsâmico de Modena,GALLO,Emb. 0.5 LT,"2,99€","5,98€ / LT",
Pasta de dentes,SENSODYNE,Emb. 0.075 LT,"4,99€","66,53€ / LT",
SACO LIXO ECOBAG PERFUMADO LAVANDA 30L FECHO FÁCIL (15 UN),VILEDA,Emb. 15 UNID.,"2,99€","0,20€ / UNID.",
FRESHMATIC COM RECARGA PURE FLOR DE CEREJEIRA,AIRWICK,Emb. 1 UNID.,"7,19€","7,19€ / UNID.",
FARINHA ARROZ INTEGRAL,,,"2,15€",/ Unid.,
Miolo de Amêndoa S/ Pele,MARQUE REPERE,Emb. 0.225 KG,"3,59€","15,96€ / KG",
Massa Entrefina,,Emb. 0.5 KG,"0,69€","1,38€ / KG",
Amêndoa Laminada,TABLIER BLANC,Emb. 0.125 KG,"2,39€","19,12€ / KG",
Tenaz Barbecue,BEAUX JOURS,Emb. 1 UNID.,"5,99€","5,99€ / UNID.",
Madalenas Longas Recheadas com Chocolate 8 Unidades,P'TIT DÉLI,Emb. 0.24 KG,"2,19€","9,13€ / KG",
PUDIM +PROTEINA CARAMELO,EHRMANN,Emb. 0.2 KG,"1,79€","8,95€ / KG",
"Refrigerante com Gás Ananás Lata 6x0,33L",SUMOL,Emb. 1.98 LT,"4,39€","2,22€ / LT",
PENSOS INCONTINENCIA ANATOMICOS X 20 + 2 CUECAS DE MALHA,CHORYS,Emb. 20 UNID.,"8,49€","0,42€ / UNID.",
Champô Seco Fresh&Clean,TRESEMMÉ,Emb. 0.25 LT,"5,39€","21,56€ / LT",
BOLACHAS C/ PEPITAS CHOC PRETO E QUINOA BIO,,Emb. 0.16 KG,"1,89€","11,81€ / KG",
Fibra Normal Classic,SCOTCH BRITE,Emb. 1 UNID.,"1,15€","1,15€ / UNID.",
Cachaço com Osso Porco,,1 Unid. = 0.5 KG (aprox.),"3,99€/kg","2,00€ / Unid.",
Vinagre Vinho Branco,GALLO,Garrafa 0.25 LT,"1,09€","4,36€ / LT",
Nuggets Grelhadinhos 8 Unid.,CAPITÃO IGLO,Emb. 0.204 KG,"5,99€","29,36€ / KG",
Vinho Regional Alentejo Tinto,CONVENTO DA VILA,Garrafa 0.75 LT,"2,69€","3,59€ / LT",
A+ARIEL OPTIMAL LIQ 4X2.8L/56SC/PT,A+,,"8,99€",/ Unid.,
Panaché,FALSBOURG,Lata 2.5 LT,"2,99€","1,20€ / LT",
Queijo de Ovelha Curado,LAGOS,Emb. 0.5 KG (aprox.),"8,99€","17,98€ / KG",
Doseador Delicious Sweet Taste,CANDEREL,Emb. 1 P,"1,49€","1,49€ / P",
MASCARA CABELOS ARGAO/JASMIM ING.NATURAIS 300ML,NATEIS,Emb. 0.3 LT,"1,34€","4,47€ / LT",
ESTENDAL HORIZONTAL SEMI-AUTOMATICO,HOMESIDE,Emb. 1 UNID.,"35,99€","35,99€ / UNID.",
Cerveja sem Álcool Preta 6x33cl,CHEERS,Emb. 0.33 LT,"3,59€","10,88€ / LT",
SABONETE VEGETAL C/LEITE DE BURRA BIO,BIONAÏA,Emb. 0.1 KG,"1,55€","15,50€ / KG",
Desodorizante Spray Pedra Alumen,MANAVA,Emb. 0.2 LT,"1,34€","6,70€ / LT",
Azeite Virgem Extra Dop,ROSMANINHO,Garrafão 5 LT,"24,79€","4,96€ / LT",
GUACAMOLE,PIC'EXPRESS,Emb. 0.2 KG,"2,49€","12,45€ / KG",
Bolachas de Manteiga em Saquetas 12x3Unid.,P'TIT DÉLI,Emb. 0.3 KG,"2,45€","8,17€ / KG",
Sangria,FESTALIE,Emb. 3 LT,"4,99€","1,66€ / LT",
LIMPA VIDROS ECOLOGICO 750ML UNI VERT,UNÍ VERT,Emb. 0.75 LT,"1,29€","1,72€ / LT",
Caldo de Legumes,KNORR,Emb. 0.088 KG,"1,39€","15,80€ / KG",
Café Solúvel Clássico Frasco,NESCAFÉ,Frasco 0.1 KG,"3,99€","39,90€ / KG",
PURE MACA/ALPERCE SEM ADICAO ACUCAR BIO +4M,,Emb. 0.4 KG,"2,09€","5,23€ / KG",
CANETA FELTRO PONTA FINA VARIAS CORES 18UN,ESQUISSE,Emb. 18 UNID.,"5,49€","0,31€ / UNID.",
Vinho do Porto Velhotes White,CALEM,Garrafa 0.75 LT,"4,99€","6,65€ / LT",
Iced Tea Pessego 6 Unid.,FRESH TEA,Emb. 1.98 LT,"2,70€","1,36€ / LT",
Tomate Pelado,GULOSO,Emb. 0.39 KG,"1,09€","2,79€ / KG",
CONE COCO 6UN,TRIUM,Emb. 6 UNID.,"2,49€","0,42€ / UNID.",
Tablete de Chocolate com Avelãs 3x100g,TABLETTE D'OR,Emb. 0.3 KG,"2,89€","9,63€ / KG",
Absorvente Gato,TOUS MES AMIS,Emb. 10 LT,"4,59€","0,46€ / LT",
Ovos Solo L,SNR,Emb. 24 UNID.,"5,29€","0,22€ / UNID.",
Johnson\'s Baby Condicionador Penteia Fácil,JOHNSON'S BABY,Emb. 0.5 LT,"5,59€","11,18€ / LT",
Muesli C/ Nozes,GRAINEA,Emb. 0.5 KG,"2,89€","5,78€ / KG",
ALIMENT BEBE: ESPARGUETE BOLONHESA BIO 12M,BIO VILLAGE BEBE,Emb. 0.23 KG,"1,99€","8,65€ / KG",
CARVAO VEGETAL 3KG MARCA GUIA,,Emb. 3 KG,"3,79€","1,26€ / KG",
GELADO MENTA C/ PEDACOS CHOCOLATE,ESKISS,Emb. 1 LT,"1,99€","1,99€ / LT",
Bolachas Cookies Pepitas de Chocolate,CHIPS AHOY,Emb. 0.128 KG,"1,89€","14,77€ / KG",
BALDE PLASTICO REDONDO 12L + ESPREMEDOR,,Emb. 1 UNID.,"3,19€","3,19€ / UNID.",
SPRAY IMPERMEABILIZANTE INCOLOR 250ML,LA VACHETTE,Emb. 0.25 LT,"1,99€","7,96€ / LT",
Toalhitas Sensitive Recarga,DODOT,Emb. 216 UNID.,"7,99€","0,04€ / UNID.",
TARTE DE CHOCOLATE,P'TIT DÉLI,Emb. 0.3 KG,"2,99€","9,97€ / KG",
Biscoitos Multi Cereais,P'TIT DÉLI,Emb. 0.4 KG,"2,09€","5,23€ / KG",
Gel de Banho Skin Defense Hidratante,DOVE MEN,Emb. 0.4 LT,"4,99€","12,48€ / LT",
Desinfectante de Roupa,SKIP,Emb. 1.2 LT,"4,99€","4,16€ / LT",
CONES DE MILHO,TOKAPI,Emb. 0.085 KG,"0,84€","9,88€ / KG",
Preparado em Pó P/ Gelatina Tutti Fruti,ROYAL,Emb. 0.114 KG,"1,99€","17,46€ / KG",
BALDE DE AZEITONAS VERDES,RUSTICA,Emb. 3.5 KG,"6,99€","2,00€ / KG",
Whisky Blended,SHIP CHANDLER,Emb. 0.07 L,"7,99€","114,14€ / L",
Salsichão de Cervelas de Porco,TRADILÈGE,Emb. 0.3 KG,"2,49€","8,30€ / KG",
Limão Cal. 2/3,,1 Unid. = 0.16 KG (aprox.),"1,99€/kg","0,32€ / Unid.",
Ketchup,CALVÉ,Emb. 0.84 KG,"4,79€","5,70€ / KG",
Antitranspirante Maximum Protection Confidence,REXONA,Emb. 0.045 LT,"4,79€","106,44€ / LT",
Queijo Bola Flamengo,LIMIANO,1 Unid. = 1.6 KG (aprox.),"8,98€/kg","14,37€ / Unid.",
Snacks Húmidos P/ Gato Esterilizado 2 de Frango e 2 de Vaca,PURINA,Emb. 0.34 KG,"3,49€","10,26€ / KG",
GOMAS TIJOLOS BRANCOS,COPAÍNS COPINES,Emb. 0.2,"0,99€","4,95€ /",
TESOURA PODA DE GALHOS JARDIPRO,BEAUX JOURS,Emb. 1 UNID.,"11,90€","11,90€ / UNID.",
Desodorizante Deo Invisible,DOVE,Emb. 0.05 LT,"2,69€","53,80€ / LT",
Aftershave Loção Sensitive Pro Ultra-Calming,NIVEA,Emb. 0.1 LT,"8,49€","84,90€ / LT",
Massa Cotovelinhos,TURINI,Emb. 0.5 KG,"0,89€","1,78€ / KG",
Bolachas com Creme Nocilla e Cereais,CUÉTARA,Emb. 0.175 KG,"2,14€","12,23€ / KG",
Vinho Tinto,M.J.FREITAS,Bag in Box 5 LT,"7,99€","1,60€ / LT",
Snack P/ Cão Sticks C/ Aroma a Búfalo,PURINA,Emb. 0.09 KG,"1,99€","22,11€ / KG",
Refrigerante C/ Gás Laranja S/ Adição Açúcar,FANTA,Garrafa 1.5 LT,"1,00€","0,67€ / LT",
MINI CANETA CORRETORA 3UN,ESQUISSE,Emb. 3 UNID.,"2,99€","1,00€ / UNID.",
Iogurte Sólido Magro Natural 6 Unid.,LONGA VIDA,Emb. 0.12 KG,"2,09€","17,42€ / KG",
Alimento Húmido P/ Gato C/ Coelho,GOURMET GOLD,Emb. 0.085 KG,"0,75€","8,82€ / KG",
Máscara Repara & Fortalece Capilar com Biotina,TRESEMMÉ,Emb. 0.3 LT,"5,39€","17,97€ / LT",
Nuggets de Frango 10 Unid.,CAPITÃO IGLO,Emb. 0.208 KG,"3,49€","16,78€ / KG",
"Alimento Húmido P/ Cão Adulto em Molho de Vaca, Borrego",FRISKIES,Emb. 0.4 KG,"2,59€","6,48€ / KG",
Desodorizante Dove Roll-On Fresh Touch,DOVE,Emb. 0.05 LT,"2,69€","53,80€ / LT",
ASPIRADOR S/SACO ECO+,ECO+,Emb. 1 UNID.,"54,90€","54,90€ / UNID.",
Mirtilo,,Emb. 0.125 KG,"1,99€","15,92€ / KG",
"BOLACHAS ""GENOISES"" PERA",P'TIT DÉLI,Emb. 0.15 KG,"1,19€","7,93€ / KG",
Sumo 8 Frutos,UM BONGO,Emb. 1 LT,"1,49€","1,49€ / LT",
Iogurte Mix-in Kit Kat 2x115g,NESTLÉ,Emb. 0.23 KG,"2,09€","9,09€ / KG",
Drageias de Amendoins C/ Chocolate de Leite,MARQUE REPERE,Emb. 0.3 KG,"1,79€","5,97€ / KG",
MOLHO DE TOMATE PROVENCAL,TURINI,Emb. 0.19 KG,"0,89€","4,68€ / KG",
Alimento Perle Húmido P/ Gato C/ Molho Frango e Vaca 4x85g,PURINA,Emb. 0.34 KG,"3,49€","10,26€ / KG",
Café Torrado em Grão Intensidade 12,BUONDI,Emb. 0.22 KG,"3,69€","16,77€ / KG",
Vinho Branco Frutado,FAISÃO,Garrafa 0.75 LT,"2,39€","3,19€ / LT",
Creme de Pentear Hidra Caracóis,FRUCTIS,Emb. 0.2 LT,"4,99€","24,95€ / LT",
Chá de Hortelã Pimenta e Poejo,,Emb. 25 SAQ.,"0,79€","0,03€ / SAQ.",
APERITIVO SABOR A AMENDOIM,TOKAPI,Emb. 0.16 KG,"1,19€","7,44€ / KG",
Queijo Mascarpone,GALBANI,Emb. 0.5,"6,89€","13,78€ /",
Vinho Rosé,COMP DO VINHO,Garrafa 0.75 LT,"2,19€","2,92€ / LT",
CREME DE OVOS SABOR CARAMELO,DÉLISSE,Emb. 0.4 KG,"2,19€","5,48€ / KG",
Bolachas Recheadas Creme de Chocolate,,Emb. 0.24 KG,"0,99€","4,13€ / KG",
Toalhitas Viagem,MOTS D'ENFANTS,Emb. 24 UNID.,"0,43€","0,02€ / UNID.",
GEL ALOE VERA BIO 200ML,BIONAÏA,Emb. 0.2 LT,"2,99€","14,95€ / LT",
Vinho Rosé Emotions,MATEUS,Garrafa 0.75 LT,"4,29€","5,72€ / LT",
Lava Tudo Brilhante Universal,SONASOL,Emb. 1.1 LT,"2,79€","2,54€ / LT",
"MINAS P/LAPISEIRA HB 0,5MM 2UN",ESQUISSE,Emb. 2 UNID.,"0,99€","0,50€ / UNID.",
Espuma de Barbear Clássica,GILLETTE,Emb. 0.2 LT,"2,99€","14,95€ / LT",
COLORACAO PRETO 1.0 1UN VITANOVE,VITANOVE,Emb. 1,"3,89€","3,89€ /",
"Gelados Bombons de Chocolate Classic, de Amêndoas e de Branco Pack 12",MAGNUM,Emb. 0.14 LT,"4,99€","35,64€ / LT",
Pantene Repara & Protege Ampolas Resgate,PANTENE PV,Emb. 3 UNID.,"4,64€","1,55€ / UNID.",
DETERGENTE CAPSULAS SABAO MARSELHA P/ ROUPA ATIVOS VEGETAIS 30D,XÉOR,,"4,99€",/ Unid.,
Creme Repara & Cuida Intensivo para Pele Extra Seca,NIVEA BODY,Emb. 0.3 LT,"6,89€","22,97€ / LT",
Creme de Banho Care & Roses,NIVEA,Emb. 0.75 LT,"8,49€","11,32€ / LT",
Gelado Coco Choco Parfait Les Dessertss,CARTE D'OR,Emb. 0.9 LT,"3,29€","3,66€ / LT",
Desinfetante Mãos Hidratante,DOVE,Emb. 0.05 LT,"1,89€","37,80€ / LT",
Cereais de Espelta e Aveia 0% Açúcares,NESTUM,Emb. 0.25 KG,"2,19€","8,76€ / KG",
SUN Tabs Classic Limão,,Emb. 32 DOSES,"3,49€","0,11€ / DOSES",
Conserva de Polvo com Alho,PITEU,Emb. 0.12 KG,"1,89€","15,75€ / KG",
Massa Farfalle Biológica,,Emb. 0.5 KG,"1,29€","2,58€ / KG",
Refrigerante sem Gás Maçã,JOI,Garrafa 1.5 LT,"1,04€","0,69€ / LT",
Café Torrado Moído África e Ásia Intensidade 11,SICAL,Emb. 0.25 LT,"3,49€","13,96€ / LT",
Café Cápsulas Cioccolato,PLANTATION,Emb. 16 CAPS.,"2,44€","0,15€ / CAPS.",
Pizza 4 Queijos,CAMPOFRIO,Emb. 0.365 KG,"3,39€","9,29€ / KG",
Spray Elimina Odores de Roupa Extra,FEBREZE,Emb. 0.5 LT,"3,99€","7,98€ / LT",
Desodorizante Roll-on Dermacare,VASELINE,Emb. 0.05 LT,"2,09€","41,80€ / LT",
MINI BOLA FUTEBOL T2,WOODSUN,Emb. 2 UNID.,"3,99€","2,00€ / UNID.",
Esferográficas de Cores sortidas,ESQUISSE,Emb. 10 UNID.,"2,69€","0,27€ / UNID.",
Bolachas Digestivas Aveia,VIEIRA,Emb. 0.258 KG,"2,29€","8,88€ / KG",
Licor Bailey´s,BAILEY'S,Garrafa 0.7 LT,"13,59€","19,41€ / LT",
Massa Vinha D\'Alho,RUSTICA,Frasco 0.2 KG,"0,89€","4,45€ / KG",
Tablete Excellence 99% Cacau,LINDT,Emb. 0.05 KG,"3,59€","71,80€ / KG",
CONCHAS DE VIEIRA 4UN,CÔTÉ TABLE,Emb. 0.36 KG,"5,15€","14,31€ / KG",
Tempero em Pó de Galinha,KNORR,Emb. 0.135 KG,"2,59€","19,19€ / KG",
CERA CREME CASTANHA 75ML,LA VACHETTE,Emb. 0.075 LT,"2,15€","28,67€ / LT",
AMBIENTADOR FRESHMATIC COM RECARGA LIFE SCENTS OÁSIS TURQUESA,AIRWICK,Emb. 1 UNID.,"7,19€","7,19€ / UNID.",
Gel de Banho,DOVE,Emb. 0.5 LT,"2,49€","4,98€ / LT",
Tiras de Bacon Fumados Superior 2x100g,ECO+,Emb. 0.2 KG,"1,49€","7,45€ / KG",
Barrinhas de Chocolate T-16,KINDER,Emb. 0.2 KG,"3,19€","15,95€ / KG",
Gomas Trio Açucar,COPAÍNS COPINES,Emb. 0.2 KG,"0,99€","4,95€ / KG",
Massa Cotovelos Fino,MILANEZA,Emb. 0.5 KG,"1,19€","2,38€ / KG",
Iogurte Líquido Sabor Framboesa 6x180g,DÉLISSE,Emb. 1.08 KG,"1,99€","1,84€ / KG",
Chicória e Café Solúvel,PLANTATION,Emb. 0.25 KG,"2,99€","11,96€ / KG",
Vinho Rosé Frutado,FAISÃO,Garrafa 0.75 LT,"2,39€","3,19€ / LT",
"APARAFUSADORA SEM FIO 3,6V",FOXTER,Emb. 1 UNID.,"22,90€","22,90€ / UNID.",
Cereais Trigo Tufado C/ Caramelo,P'TIT DÉLI,Emb. 0.4 KG,"1,89€","4,73€ / KG",
Sabonete Líquido Recarga Especial Cozinha,MANAVA,Emb. 0.25 LT,"0,65€","2,60€ / LT",
Ratatoille Cozinhado Ultracongelado,,Emb. 0.6 KG,"3,29€","5,48€ / KG",
Creme Anti-Rugas Cuidado Dia,DERMO EXPERTISE,Emb. 1 P,"14,99€","14,99€ / P",
Pantene Espuma Cabelo ondulado 200ml,PANTENE PV,Emb. 0.2 LT,"3,74€","18,70€ / LT",
Strudel de Maçã,,Emb. 0.6 KG,"1,99€","3,32€ / KG",
Chourição Fatiado Tapas,CAMPOFRIO,Emb. 0.08 KG,"1,89€","23,63€ / KG",
Bolachas Maria Dorada,GULLÓN,Emb. 0.6 KG,"3,44€","5,73€ / KG",
Bebida de Soja Choco 3x200ML,SHOYCE,Emb. 0.6 LT,"1,79€","2,98€ / LT",
Massa Meada Fina,MILANEZA,Emb. 0.5 KG,"1,04€","2,08€ / KG",
Bolo Brigadeiro,,Emb. 0.5 KG,"6,59€","13,18€ / KG",
GEL BARBEAR FRESCURA,CARRÉ HOMME,Emb. 0.2 LT,"1,89€","9,45€ / LT",
Lixívia Tradicional 2 L,NEOBLANC,Emb. 2 LT,"1,64€","0,82€ / LT",
Manteiga com Grãos de Sal Pasteurizada,PRÉSIDENT,Emb. 0.25 LT,"3,89€","15,56€ / LT",
Aerossol Air Japan Tatami,AMBIPUR,Emb. 0.3 LT,"3,99€","13,30€ / LT",
Lava Tudo Marinho,CIF,Emb. 1.4 LT,"1,99€","1,42€ / LT",
Alimento Seco P/ Gato Júnior Frango Leite,PURINA FRISKIES,Emb. 0.4 KG,"2,19€","5,48€ / KG",
Refrigerante C/ Gás Ananás,ECO+,Emb. 2 LT,"0,79€","0,40€ / LT",
Pack 4 Escovas de Dentes Média,ORAL B,Emb. 4 UNID.,"4,99€","1,25€ / UNID.",
"Pilhas Alcalinas LR20/D 1,5V",FOXTER,Emb. 2 UNID.,"3,84€","1,92€ / UNID.",
Fiambre de Peru Fatias,CAMPOFRIO,Emb. 0.09 KG,"1,30€","14,44€ / KG",
Alimento Seco P/ Gato Premium Esterilizados,PLENIMA,Emb. 0.45 KG,"1,99€","4,42€ / KG",
Cereais Golden Grahams,NESTLÉ,Emb. 0.375 KG,"2,53€","6,75€ / KG",
Bife de Alcatra Novilho,,1 Unid. = 0.35 KG (aprox.),"6,49€/kg","2,27€ / Unid.",
Cone Baunilha,TRIUM,Emb. 6 UNID.,"1,99€","0,33€ / UNID.",
Pastilhas 60 Minutos Peppermint,TRIDENT,Emb. 0.02 KG,"0,95€","47,50€ / KG",
Gelatina Light de Mirtilo 2x15g,CONDI,Emb. 0.03 KG,"1,89€","63,00€ / KG",
WC Brisa Marinha,NEO BLANC,Emb. 1 UNID.,"2,24€","2,24€ / UNID.",
Couscous sem Glúten,CHAQUE JOUR,Emb. 0.375 KG,"2,49€","6,64€ / KG",
Infusão SOS Cabeça,LIPTON,Emb. 20 SAQS,"1,49€","0,07€ / SAQS",
Spray Anti-calcário Perfect,CIF,Emb. 0.435 LT,"2,49€","5,72€ / LT",
Batatas Fritas Light,LAY'S,Emb. 0.14 KG,"1,89€","13,50€ / KG",
Salame Fatiado Tapas,CAMPOFRIO,Emb. 0.08 KG,"1,89€","23,63€ / KG",
Nata com 3 Pimentas,PARMALAT,Emb. 0.2 LT,"1,27€","6,35€ / LT",
Pensos Higiénicos Salvaslips em Bolsas,EVAX,Emb. 28 UNID.,"1,34€","0,05€ / UNID.",
RATO PRETO COMPATIVEL PC/MAC,LINKSTER,Emb. 1 UNID.,"6,90€","6,90€ / UNID.",
Recarga Sabonete Líquido Amêndoas,MANAVA,Emb. 0.25 LT,"0,65€","2,60€ / LT",
Conjunto Corretores de Fita,ESQUISSE,Emb. 2 UNID.,"1,99€","1,00€ / UNID.",
Hambúrgueres de Frango 4 Unid. Ultracongelado,PESCANOVA,Emb. 0.3 KG,"3,99€","13,30€ / KG",
Alimento P/ Gato C/ Espirulina de Frango,PURINA,Emb. 1.4 KG,"6,69€","4,78€ / KG",
Tagliatelles sem Glúten,CHAQUE JOUR SANS GLUTEN,Emb. 0.25 KG,"1,89€","7,56€ / KG",
Escova de Dentes Macia Média Junior,DENTAMYL,,"0,75€",/ Unid.,
Exfoliante Facial,INELL,Emb. 0.075 LT,"1,19€","15,87€ / LT",
Conserva de Sardinha em Tomate,PÊCHE OCÉAN,Emb. 0.12 KG,"0,99€","8,25€ / KG",
Gelado Feast Pack 4,OLÁ,Emb. 0.36 LT,"2,99€","8,31€ / LT",
Biscoito de Ovos Frescos,ECO+,Emb. 0.4 KG,"1,69€","4,23€ / KG",
LENCOS DE PAPEL BRANCOS KIDS 3 FOLHAS  60UN CARESSE,CARESSE,Emb. 60 UNID.,"1,19€","0,02€ / UNID.",
Snacks Tex-Mex,DORITOS,Emb. 0.12 KG,"1,65€","13,75€ / KG",
Néctar Clássico Ananás 3x200 ml,COMPAL,Emb. 0.6 LT,"1,49€","2,48€ / LT",
GEL MAQUINA LOICA CONCENTRADO LIMAO TUDO EM 1 ECOLOGICO 685ML 685ML UNI VERT,UNÍ VERT,Emb. 0.685 LT,"3,86€","5,64€ / LT",
Conserva de Sardinha Molho de Tomate,PÊCHE OCÉAN,Emb. 0.12 KG,"0,99€","8,25€ / KG",
Gelatina Light Sabor a Ananás,TABLIER BLANC,Emb. 0.031 KG,"0,79€","25,48€ / KG",
Vaseline,VASELINE,Emb. 0.05 LT,"1,49€","29,80€ / LT",
Uva Cardinal,,1 Unid. = 0.25 KG (aprox.),"2,98€/kg","0,75€ / Unid.",
Conserva de Filete Cavala,PITEU,Emb. 0.12 KG,"1,69€","14,08€ / KG",
Maionese Top Down,ECO+,Emb. 0.5 LT,"2,19€","4,38€ / LT",
"CARREGADOR ISQUEIRO 2,4A + CABO USB/USB C 1M BRANCO",LINKSTER,Emb. 1 UNID.,"9,90€","9,90€ / UNID.",
Conserva de Ravioli à Bolonhesa,CÔTÉ TABLE,Lata 0.8 KG,"2,99€","3,74€ / KG",
DESMAQUILHANTE DE OLHOS WATERPROOF BIFASICO,INELL,Emb. 0.15 LT,"1,79€","11,93€ / LT",
Pêssego Amarelo,,1 Unid. = 0.17 KG (aprox.),"1,99€/kg","0,34€ / Unid.",
"Desodorizante ""Invisible Aqua"" Roll-on",REXONA,Emb. 0.05 LT,"2,39€","47,80€ / LT",
LIMPA MAQUINA LOICA,VISIOR,Emb. 0.25 LT,"1,35€","5,40€ / LT",
Pão de Forma com Códea Receita Económica,PANRICO,Emb. 0.475 KG,"1,74€","3,66€ / KG",
SNACK BACON,TOKAPI,Emb. 0.065 KG,"0,79€","12,15€ / KG",
Fralda Cueca T5 12/18Kg,MOTS D'ENFANTS,Emb. 20 UNID.,"3,99€","0,20€ / UNID.",
Desodorizante Spray Rexona Men Act Prot+Invisível,REXONA,Emb. 0.2 LT,"2,54€","12,70€ / LT",
Sabonete Líquido Nutritivo Recarga,PALMOLIVE,Emb. 0.3 LT,"2,99€","9,97€ / LT",
Nuggets de Peito de Frango,IGLO,Emb. 0.22 KG,"5,99€","27,23€ / KG",
DESODORIZANTE ROLL-ON INVISIBLE MEN 50ML,CARRÉ HOMME,Emb. 0.05 LT,"0,75€","15,00€ / LT",
Mini Gelados de Chocolate Branco e de Chocolate Branco com Amêndoas Pack 6,MAGNUM,Emb. 0.33 LT,"4,99€","15,12€ / LT",
Vinho Regional Península de Setúbal Tinto,JP,Garrafa 0.75 LT,"2,19€","2,92€ / LT",
DESODORIZANTE SPRAY ICE BOOST MEN 200ML,CARRÉ HOMME,Emb. 0.2 LT,"1,19€","5,95€ / LT",
Farinheira Regional - PDTO Lamego,SNR,Emb. 0.16 KG,"1,30€","8,13€ / KG",
BOLACHAS VITALDAY CROCANTES ORIGINAIS 265G,GULLÓN,Emb. 0.265 KG,"2,29€","8,64€ / KG",
PELICULA ADER.ELEMBAL 2E1 20M,ELEMBAL,Emb. 0.02 MT,"0,79€","39,50€ / MT",
Alimento Húmido P/ Gato Diamante Frango,PURINA,Emb. 0.09 KG,"1,49€","16,56€ / KG",
Néctar de Pêra Pack 3,SANTAL,Emb. 0.6 LT,"1,76€","2,93€ / LT",
Tablete Chocolate Branco Culinária,TABLETTE D'OR,Emb. 0.18 KG,"1,45€","8,06€ / KG",
Pequenas Baguetes sem Glúten 2x75g,CHAQUE JOUR,Emb. 0.15 KG,"2,19€","14,60€ / KG",
GEL DE LIMPEZA 3 EM 1 (ROSTO CABELO E BARBA),CARRÉ HOMME,Emb. 0.2 LT,"2,99€","14,95€ / LT",
"OIKOS MARACUJA 110G X4,,440G",OIKOS,Emb. 0.44 KG,"2,39€","5,43€ / KG",
Conserva de Atum com Piri-piri,RAMIREZ,Emb. 0.12 KG,"1,34€","11,17€ / KG",
Grelos de Nabo,,1 Unid. = 0.95 KG (aprox.),"2,69€/kg","2,56€ / Unid.",
ESPARGUETE,ECO+,Emb. 1 KG,"1,29€","1,29€ / KG",
PATE RICO SALMAO P/ GATO BIO CV 100G PLENIMA,PLENIMA,Emb. 0.1 KG,"0,69€","6,90€ / KG",
IOGURTE GREGO COCO,DÉLISSE,Emb. 0.6 KG,"1,99€","3,32€ / KG",
Condicionador para Cabelo Encaracolado,TRESEMMÉ,Emb. 0.5 LT,"4,19€","8,38€ / LT",
Creme Fixativo para Próteses Dentárias,POLIDENT,Emb. 0.07 KG,"7,39€","105,57€ / KG",
Especiarias Mistura de 5 Pimentas,RUSTICA,Frasco 0.043 KG,"1,69€","39,30€ / KG",
Tablete Chocolate Cacau 85%,LACASA,Emb. 0.1 g,"1,64€","16,40€ / g",
Queijo Roquefort,NOS RÉGIONS ONT DU TALENT,1 Unid. = 0.25 KG (aprox.),"18,98€/kg","4,75€ / Unid.",
Óleo Alimentar,FULA,Garrafa 1 LT,"2,69€","2,69€ / LT",
Laca Elnett Latin Fixação Extra Forte,L'ORÉAL PARIS,Spray 0.3 LT,"5,99€","19,97€ / LT",
Óleo Virgem de Coco Biológico,,Emb. 0.2 LT,"2,89€","14,45€ / LT",
Arroz Perfumado Biológico,,Emb. 0.5 KG,"1,99€","3,98€ / KG",
Refrigerante com Gás Ananás,FRISUMO,Garrafa 1 LT,"0,99€","0,99€ / LT",
Óleo de Duche Natural,NIVEA,Emb. 0.2 LT,"3,99€","19,95€ / LT",
Sobremesa de Soja C/ Caramelo,NAT&VIE,Emb. 0.4 KG,"1,49€","3,73€ / KG",
Bolachas Recheadas Baunilha,P'TIT DÉLI,Emb. 0.154 KG,"0,99€","6,43€ / KG",
Azeite Virgem Extra Suave,GALLO,Garrafa 0.75 LT,"4,49€","5,99€ / LT",
Refrigerante C/ Gás Lima-Limão,SPRINK'S,Garrafa 1 LT,"0,89€","0,89€ / LT",
Pao Forma Sem Codea Economico,PANRICO,Emb. 0.45 KG,"2,09€","4,64€ / KG",
"Bolachas gérmen de Trigo, Soja e Laranja",NAT&VIE,Emb. 0.2 KG,"1,69€","8,45€ / KG",
Autobrilhante Creme Calçado com Esponja,BUFALO,Emb. 0.04 LT,"3,19€","79,75€ / LT",
Gel de Banho Hidratante Baby Sensitive,BABY DOVE,Emb. 0.2 LT,"1,79€","8,95€ / LT",
Penso Incontinência Discreet Micro,AUSONIA,Emb. 28 UNID.,"3,99€","0,14€ / UNID.",
Caldo para Massas,KNORR,Emb. 0.08 KG,"1,39€","17,38€ / KG",
Bolachas Integral Cacau,DIESE,Emb. 0.2 KG,"2,39€","11,95€ / KG",
Vagens de Baunilha,TABLIER BLANC,Emb. 2 UNID.,"4,99€","2,50€ / UNID.",
Syoss Oieo Intense 5-92 Vermelho Intenso,SYOSS,,"6,24€",/ Unid.,
Água sem Gás,SERRA DA ESTRELA,Garrafão 6 LT,"1,79€","0,30€ / LT",
NATAS FRESCAS,DÉLISSE,Emb. 0.2 KG,"1,19€","5,95€ / KG",
Cápsulas Café House Blend Lungo P/ Nespresso Intensidade 8,STARBUCKS,Emb. 10 CAPS.,"4,49€","0,45€ / CAPS.",
Gelado Cheesecake com Caramelo Salgado,CARTE D'OR,Emb. 0.9 LT,"3,29€","3,66€ / LT",
GELADO CREME BRULEE,ESKISS,Emb. 1 LT,"2,65€","2,65€ / LT",
ICE TEA MANGA,LIPTON,Emb. 0.5 LT,"0,79€","1,58€ / LT",
Barra Gourmet Proteica Chocolate E Avelã,PROZIS,Emb. 0.08 KG,"175,00€","2 187,50€ / KG",
DETERGENTE LIQUIDO LA E SEDA 25D,EPSIL,Emb. 25 DOSES,"2,79€","0,11€ / DOSES",
Infusão Chá Menta Bio,,Emb. 1 LT,"1,49€","1,49€ / LT",
Batatas Pré-Fritas em Cubos,POM'LISSE,Emb. 1 KG,"1,49€","1,49€ / KG",
Salpicão Regional do Lombo - PDTO Lamego,,Emb. 0.28 KG,"5,89€","21,04€ / KG",
MINI CHAMPO DE VIAGEM TILIA E MACA 100ML,NATEIS,Emb. 0.1 LT,"1,25€","12,50€ / LT",
GUARDANAPOS AZUL FOLHA SIMPLES RENOVA,GUARDANAPOS RENOVA,Emb. 70 UNID.,"0,79€","0,01€ / UNID.",
Vodka Premium 100% Pure,ERISTOFF,Garrafa 0.7 LT,"12,99€","18,56€ / LT",
Sumo de Manga 3x200ml,UM BONGO,Emb. 0.6 LT,"1,49€","2,48€ / LT",
AVELA EM PO,TABLIER BLANC,Emb. 0.125 KG,"2,29€","18,32€ / KG",
Feno Roedores,TOUS MES AMIS,Emb. 1 KG,"2,59€","2,59€ / KG",
SMOOTHIE VITALIDADE,JAFADEN,,"2,29€",/ Unid.,
MARISCADA,ECO+,Emb. 0.7 KG,"4,98€","7,11€ / KG",
LAVA TUDO FRESCURA PURA,CLAIR,Emb. 1.5 LT,"1,89€","1,26€ / LT",
Cerveja com Álcool Stout 6x33cl,SUPER BOCK,Emb. 1.98 LT,"4,49€","2,27€ / LT",
Queijo Fundido Light 8 Porções,A VACA QUE RI,Emb. 0.14 KG,"2,09€","14,93€ / KG",
LIXIVIA PERFUMADA FLORES DO CAMPO,CLAIR,Emb. 2 LT,"1,09€","0,55€ / LT",
Pantene Caracóis Definidos Laca 300ml,PANTENE PV,Emb. 0.3 LT,"3,74€","12,47€ / LT",
Tablete de Chocolate Preto com Recheio de Menta,EQUADOR,Emb. 0.15 KG,"1,55€","10,33€ / KG",
QUEIJO MOZZARELLA FATIAS,QUEIJO NA TÁBUA,Emb. 0.15 KG,"1,49€","9,93€ / KG",
Peito Frango Forno Lenha Fatiado,CAMPOFRIO,Emb. 0.12 KG,"2,69€","22,42€ / KG",
Biscoitos de Cacau com Tablete de Chocolate Preto e Branco,P'TIT DÉLI,Emb. 0.115 KG,"1,25€","10,87€ / KG",
VELA NUMERO FUN 6,ARDENCE,Emb. 1 UNID.,"0,99€","0,99€ / UNID.",
Couve Penca,,1 Unid. = 1.05 KG (aprox.),"1,29€/kg","1,35€ / Unid.",
Concentrado Laranja,SUNQUICK,Garrafa 0.7 LT,"5,79€","8,27€ / LT",
Cereais Arroz Tufado Chocolate,,Emb. 0.75 KG,"2,54€","3,39€ / KG",
Massa Letras,TURINI,Emb. 0.25 KG,"0,55€","2,20€ / KG",
Tartelettes Cobertas Morango,ECO+,Emb. 0.2 KG,"0,79€","3,95€ / KG",
CURGETES RODELAS,NOTRE JARDIN,Emb. 1 KG,"1,69€","1,69€ / KG",
Bebida Energética Ice Storm,POWERADE,Emb. 0.5 LT,"1,39€","2,78€ / LT",
Creme de Mãos Derma Spa Intensive,DOVE,Emb. 0.075 LT,"5,99€","79,87€ / LT",
Frango Inteiro sem Miúdos,,1 Unid. = 1.2 KG (aprox.),"1,98€/kg","2,38€ / Unid.",
COLORACAO LOURO CLARISSIMO 9.0 S/AMONIACO,VITANOVE,Emb. 1 UNID.,"3,89€","3,89€ / UNID.",
Iogurte Líquido Framboesa Arandos 4x155g,DANONE,Emb. 0.62 KG,"1,69€","2,73€ / KG",
SYOSS OLEO INT. 9-10 LOURO LUMI,SYOSS,,"6,24€",/ Unid.,
Snack P/ Cão Adulto Biscuit,PURINA,Emb. 0.65 KG,"3,99€","6,14€ / KG",
Bolacha Torrada,NACIONAL,Emb. 0.175 KG,"1,19€","6,80€ / KG",
LACA FIXACAO NORMAL STYLING 300ML,VITANOVE,Emb. 0.3 LT,"1,55€","5,17€ / LT",
Queijo Fatiado -50% Gordura,LIMIANO,Emb. 0.2 KG,"2,79€","13,95€ / KG",
Bolachas Chips de Chocolate Minis,CHIPS AHOY,Emb. 0.16 KG,"1,99€","12,44€ / KG",
GEL-CREME HIDRATANTE 50ML,INELL,Emb. 0.05 LT,"2,99€","59,80€ / LT",
VELA NUMERO - 6,ARDENCE,,"0,89€",/ Unid.,
Iogurte Bifidus Líquido Frutos Silvestres 0% 4 Unid.,DANONE,Emb. 0.62 KG,"1,99€","3,21€ / KG",
Infusão Chá Branco Maracujá,FRESH TEA,Emb. 1 LT,"1,39€","1,39€ / LT",
Spray Depilatório Aloé Vera e Vitamina E,VEET,Spray 0.15 LT,"6,64€","44,27€ / LT",
Molho Cocktail Salsa,HEINZ,Emb. 0.22 KG,"2,39€","10,86€ / KG",
Amaciador Cabelo Camomila e Mel de Flores,ULTRA SUAVE,Emb. 0.2 LT,"3,59€","17,95€ / LT",
Alimento Seco P/ Gato Interior Frango,PURINA FRISKIES,Emb. 1.5 KG,"6,99€","4,66€ / KG",
Queijo Bola Flamengo,AGROS,Emb. 1.4 KG (aprox.),"8,98€/kg","12,57€ / Unid.",
Polpa de Maracuja,KOALA,Lata 0.565 LT,"4,19€","7,42€ / LT",
Puré de Batata em Flocos,MAGGI,Emb. 0.25 KG,"1,85€","7,40€ / KG",
Abrilhantador P/ Máquina da Loiça Limão,FINISH,Emb. 0.8 LT,"7,44€","9,30€ / LT",
Café Fortíssimo Intensidade 12,KAFFA,Emb. 12 PASTILHAS,"2,49€","0,21€ / PASTILHAS",
Cachorrinhos 5 Unid.,,Emb. 5 KG,"3,19€","0,64€ / KG",
"AQUAFRESH ELIXIR INTENSE CLN,,500ML",AQUAFRESH,,"4,99€",/ Unid.,
ESPARREGADO DE ESPINAFRES,CÔTÉ TABLE,Emb. 0.35 KG,"1,29€","3,69€ / KG",
Arroz Vaporizado,COZINHA VELHA,Emb. 1 KG,"1,49€","1,49€ / KG",
Pêra Rocha Cal. 65/70,,1 Unid. = 0.2 KG (aprox.),,,
Laca Cabelos Normais,ELNETT,Emb. 0.3 LT,"5,99€","19,97€ / LT",
ELIXIR BOCAL EXPERT 8EM1,DENTAMYL,Emb. 0.5 LT,"1,29€","2,58€ / LT",
LAVA TUDO AMONIACAL,ECO+,Emb. 5 LT,"1,69€","0,34€ / LT",
Papel Higiénico 2 Folhas,MARQUE REPERE,Emb. 24 UNID.,"4,79€","0,20€ / UNID.",
Massa Fresca em Folhas para Lasanha,TURINI,Emb. 0.35 KG,"1,75€","5,00€ / KG",
Conserva de Ravioli de Vaca com Molho Italiano,CÔTÉ TABLE,Emb. 0.4 KG,"1,49€","3,73€ / KG",
Pacotinho de Multifrutas S/ Glúten +6 meses,NESTLÉ BEBÉ,Emb. 0.09 KG,"1,05€","11,67€ / KG",
TERRA PLANTAS,BEAUX JOURS,Emb. 10 LT,"1,69€","0,17€ / LT",
Vinagre Vinho Branco,CRISTAL,Garrafa 0.5 LT,"0,99€","1,98€ / LT",
Óleo de Corpo Coco Addiction,NATURAL HONEY,Emb. 0.3 LT,"5,19€","17,30€ / LT",
TOALHITAS DESMAQ. PELES SECAS E SENSIVEIS BIO,BIONAÏA,Emb. 25 UNID.,"1,99€","0,08€ / UNID.",
Refrigerante sem Gás Limão,FRUTIS,Emb. 1.5 LT,"1,15€","0,77€ / LT",
Creme Limpeza Pink Flowers,CIF,Emb. 0.7 LT,"2,49€","3,56€ / LT",
YOFU SOJA MIRTILO 4x125G,ALPRO,Emb. 0.5 LT,"2,89€","5,78€ / LT",
Sorvete Pera C/ Pedaços,ESKISS,Emb. 1 LT,"2,69€","2,69€ / LT",
Puré de Batata 4x125g,POM'LISSE,Emb. 0.5 KG,"1,79€","3,58€ / KG",
Rolo de Cozinha 2 Folhas Multi,RENOVA,Emb. 4 ROLOS,"2,49€","0,62€ / ROLOS",
Café Moagem Universal Timor,DELTA,Emb. 0.22 KG,"3,69€","16,77€ / KG",
BORRACHA INFANTIL FUN 4UN,ESQUISSE,Emb. 4 UNID.,"1,69€","0,42€ / UNID.",
Preparado em Pó para Bebida de Cacau Biológico,,Emb. 0.5 KG,"3,59€","7,18€ / KG",
Batatas Fritas Lisas,ECO+,Emb. 0.2 KG,"1,09€","5,45€ / KG",
AURICULARES PRETO intra-auriculares,LINKSTER,Emb. 1 UNID.,"5,90€","5,90€ / UNID.",
IOGURTE BATIDO ACUCARADO BAUNILHA,DÉLISSE,Emb. 1 KG,"2,09€","2,09€ / KG",
Camarão Cozido Cal. 40/60,,1 Unid. = 0.19 KG (aprox.),"9,99€/kg","1,90€ / Unid.",
Manteiga Magra Baixo Teor Sal,PRÉSIDENT,Emb. 0.25 KG,"2,55€","10,20€ / KG",
MADALENAS CONCHAS CARAMELO,NOS RÉGIONS ONT DU TALENT,Emb. 0.33 KG,"2,89€","8,76€ / KG",
Chá de Cidreira,LIPTON,Emb. 20 SAQ.,"1,20€","0,06€ / SAQ.",
Aveia C / Proteína Chocolate Avelã,PROZIS,Emb. 0.4 KG,"749,00€","1 872,50€ / KG",
Pantene Aqua Light Champô,PANTENE PV,Emb. 0.25 LT,"3,99€","15,96€ / LT",
Ice Tea Pêssego 2x2lt,LIPTON,Emb. 4 LT,"4,99€","1,25€ / LT",
Arroz Risotto,CAÇAROLA,Emb. 0.5 KG,"1,51€","3,02€ / KG",
Coloração Longa Duração Belle Color 6 Louro Escuro,GARNIER,Emb. 1 UNID.,"5,99€","5,99€ / UNID.",
Conserva de Feijão Encarnado,NOTRE JARDIN,Frasco 0.57 KG,"0,69€","1,21€ / KG",
Água Tónica Zero,SPRINK'S,Garrafa 1.5 LT,"1,39€","0,93€ / LT",
PANO SUAVE ULTRA FRESH 2UN,VILEDA,Emb. 2 UNID.,"2,65€","1,33€ / UNID.",
IOGURTE GREGO CARAMELO SALGADO,DÉLISSE,Emb. 0.6 KG,"1,99€","3,32€ / KG",
Bebida de Aveia,,Emb. 1 LT,"1,39€","1,39€ / LT",
Café Solúvel,DELTA,Emb. 0.02 KG,"1,14€","57,00€ / KG",
Chá Preto Yellow,LIPTON,Emb. 20 SAQ.,"1,09€","0,05€ / SAQ.",
GELATINA FRUTOS TROPICAIS LIGHT CONDI 2X15,CONDI,Emb. 0.3 KG,"1,89€","6,30€ / KG",
PANO SUAVE DUPLO,VILEDA,,"1,99€",/ Unid.,
Galetes de Milho com Cobertura de Chocolate Preto Biológicas,,Emb. 0.1 KG,"1,79€","17,90€ / KG",
Creme de Soja P/ Culinária,NAT&VIE,Emb. 0.6 KG,"2,65€","4,42€ / KG",
PROTETOR SOLAR IP30 200ML,AMBRE SOLAIRE,Emb. 0.2 LT,"13,99€","69,95€ / LT",
Néctar Multifruits,ECO+,Emb. 2 LT,"1,39€","0,70€ / LT",
After Shave Bálsamo Hidratante,NIVEA MEN,Emb. 0.1 LT,"5,99€","59,90€ / LT",
BOLACHAS C/TABLETE CHOCO PRETO,ECO+,Emb. 0.15 KG,"1,05€","7,00€ / KG",
ESCOVA DENTES BAMBU MACIA 1UN DENTAMYL,DENTAMYL,,"1,99€",/ Unid.,
Iogurte Natural 12x125g,ECO+,Emb. 1.5 KG,"1,65€","1,10€ / KG",
Bolo Cake e Choc,MILKA,Emb. 0.175 KG,"2,49€","14,23€ / KG",
VELA NUMERO - 5,ARDENCE,Emb. 1 UNID.,"0,89€","0,89€ / UNID.",
ENVELOPE SILICONE KRAFT 229X324MM,ESQUISSE,Emb. 25 UNID.,"2,99€","0,12€ / UNID.",
BEBIDA LACTEA PARA GATOS ESTERILIZADOS,LYCAT,Emb. 3 UNID.,"2,38€","0,79€ / UNID.",
Água sem Gás,VITALIS,Garrafa 0.75 LT,"0,53€","0,71€ / LT",
BOLACHAS PARA GELADOS,P'TIT DÉLI,Emb. 0.1 KG,"1,35€","13,50€ / KG",
PIZZA MARGARITA BIO,,Emb. 0.35 KG,"3,75€","10,71€ / KG",
Chá sem Barriga,DIESE,Emb. 10 UNID.,"0,89€","0,09€ / UNID.",
Cereais Special K Classic,KELLOGG'S,Emb. 0.75 KG,"3,74€","4,99€ / KG",
PALMIERS COM RASPA LIMAO,P'TIT DÉLI,Emb. 0.1 KG,"0,99€","9,90€ / KG",
Gelatina em Pó Tutti-Frutti 2x80 g,TABLIER BLANC,Emb. 0.17 KG,"0,85€","5,00€ / KG",
Vinho Tinto,LEZÍRIA,Garrafa 0.75 LT,"1,59€","2,12€ / LT",
Creme de Banho Pele Suave,NIVEA,Emb. 0.75 LT,"3,49€","4,65€ / LT",
COOKIES CHOCOLATE C/PEPITAS CHOCOLATE X12,P'TIT DÉLI,Emb. 0.2 KG,"1,39€","6,95€ / KG",
Queijo Vaca e Ovelha Apimentado Serras de Penela,SERQUEIJOS,1 Unid. = 0.5 KG (aprox.),"8,98€/kg","4,49€ / Unid.",
AMACIADOR CONCENTRADO TALCO 72 DOSES,HYPERDOU,Emb. 2 LT,"1,75€","0,88€ / LT",
ARMBAND PARA TELEMOVEL,WOODSUN,Emb. 1 UNID.,"10,99€","10,99€ / UNID.",
Sabonete Delicado Care 4 unid.,PALMOLIVE,Emb. 0.09 KG,"4,49€","49,89€ / KG",
Ravioli de Vaca com cebola,TURINI,Emb. 0.3 KG,"1,79€","5,97€ / KG",
REFEICAO NOODLES SABOR CAMARAO,TABLES DU MONDE,Emb. 0.085 KG,"0,59€","6,94€ / KG",
Bebida de Arroz 0% 3x200ML,SHOYCE,Emb. 0.6 LT,"1,79€","2,98€ / LT",
Nata UHT Carbonara,PARMALAT,Emb. 0.2 LT,"1,27€","6,35€ / LT",
Cone Leite Creme,TRIUM,Emb. 6 UNID.,"2,49€","0,42€ / UNID.",
Spray Multiusos,NEOBLANC,Spray 0.65 LT,"2,39€","3,68€ / LT",
Sopa de Tomate,KNORR,Emb. 0.085 KG,"1,49€","17,53€ / KG",
Queijo Petit Brie,ECO+,Emb. 0.5 KG,"3,59€","7,18€ / KG",
QUEIJO VACA CURADO,LES CROISÉS,Emb. 0.19 KG,"1,99€","10,47€ / KG",
Pão Embalado Burguer 4 Unid.,PANRICO,Emb. 0.3 KG,"1,54€","5,13€ / KG",
Massa Areada,TABLIER BLANC,Emb. 0.23 KG,"1,29€","5,61€ / KG",
Massa Cotovelos sem Glúten,CHAQUE JOUR SANS GLUTEN,Emb. 0.4 KG,"1,49€","3,73€ / KG",
Tagliatelles Fresco,TURINI,Emb. 0.35 KG,"1,19€","3,40€ / KG",
SPRAY TIRA NODOAS PRE-LAVAGEM 500ML,TEXIL,Emb. 0.5 LT,"1,49€","2,98€ / LT",
Massa Margaridas com Vegetais,MILANEZA,Emb. 0.5 KG,"1,99€","3,98€ / KG",
Ketchup Picante,RUSTICA,Emb. 0.25 KG,"0,99€","3,96€ / KG",
RAVIOLI BOLONHESA 1/2,CÔTÉ TABLE,Emb. 0.4 KG,"1,79€","4,48€ / KG",
Almôndegas de Carne de Bovino Picada Ultracongelado,ECO+,Emb. 0.9 KG,"7,49€","8,32€ / KG",
Aguardente Velha,CR&F,Emb. 0.7 LT,"17,99€","25,70€ / LT",
Madalenas longas,P'TIT DÉLI,Emb. 0.44 KG,"2,59€","5,89€ / KG",
Chipicao Multipack 4x57 g,CHIPICAO,Emb. 0.228 KG,"2,85€","12,50€ / KG",
CADERNO AGRAFADO PAUTADO C. PP A4 48F,ESQUISSE,Emb. 1 UNID.,"2,09€","2,09€ / UNID.",
PURE MACA/ANANAS/ACEROLA SEM ADICAO ACUCAR BISNAGA,DOUCEUR DU VERGER,Emb. 0.48 KG,"2,79€","5,81€ / KG",
Bebida de Amêndoa,SHOYCE,Emb. 1 LT,"2,19€","2,19€ / LT",
Maçã Jonagored Cal. 75/80,,1 Unid. = 0.245 KG (aprox.),"1,49€/kg","0,37€ / Unid.",
Conserva de Feijão Manteigado Cozido Da Horta,COMPAL,Emb. 0.42 KG,"1,29€","3,07€ / KG",
DETERGENTE MANUAL LOICA FLORAL 500ML,VISIOR,Emb. 0.5,"0,76€","1,52€ /",
Pantene Liso & Sedoso Champô,PANTENE PV,Emb. 0.25 LT,"3,99€","15,96€ / LT",
VINHO FRIZANTE CACHO FRESCO BRANCO.75L,CACHO FRESCO,Emb. 0.075 LT,"1,69€","22,53€ / LT",
Ovas de Peixe Lapa Preto,RONDE DES MERS,Emb. 0.1 KG,"3,99€","39,90€ / KG",
Gel de Banho Amêndoas Doces,VASELINE,Emb. 0.7 LT,"2,99€","4,27€ / LT",
Queijo Brique Vaca,LES CROISÉS,Emb. 0.2 KG,"1,99€","9,95€ / KG",
Alga Sushi,MIYATA,Emb. 0.014 KG,"2,09€","149,29€ / KG",
CUBOS DE FIAMBRE 2X75G,TRADILÈGE,Emb. 0.15 KG,"1,59€","10,60€ / KG",
DETERGENTE LIQUIDO ANTI-TRANSFERENCIA CORES 40D,EPSIL,,"3,69€",/ Unid.,
Néctar Clássico Laranja do Algarve 3x20cl,COMPAL,Emb. 0.6 LT,"1,69€","2,82€ / LT",
QUEIJO EDAM FATIADO,ECO+,Emb. 0.2 KG,"1,49€","7,45€ / KG",
ERVILHAS S /ADICÃO ACUCAR,BONDUELLE,Emb. 0.6 KG,"2,43€","4,05€ / KG",
Iogurte Grego Stracciatella,YAOS,Emb. 0.44 KG,"2,29€","5,20€ / KG",
Puré de Batata Nature,POM'LISSE,Emb. 1 KG,"3,19€","3,19€ / KG",
Desodorizante Spray Fresia/Orquídea,MANAVA,Emb. 0.1 LT,"1,29€","12,90€ / LT",
Conjunto de 4 Escovas Metálicas,ECO+,Emb. 4 UNID.,"3,83€","0,96€ / UNID.",
LINGUICA PICANTE,CAMPO FINO,Emb. 0.15 KG,"1,29€","8,60€ / KG",
Ice Tea Limão Zero Açúcar,LIPTON,Emb. 1 LT,"1,16€","1,16€ / LT",
Massa Macarronete Riscado,TURINI,Emb. 0.5 KG,"0,82€","1,64€ / KG",
Bigburger de Peito de Frango 2 Unid.,IGLO,Emb. 0.227 KG,"3,99€","17,58€ / KG",
CEBOLINHO PICADO BIO,,Emb. 0.05 KG,"1,39€","27,80€ / KG",
Whisky Finest,BALLANTINE'S,Emb. 0.7 LT,"15,99€","22,84€ / LT",
Mix Frutos do Bosque,,Emb. 0.135 KG,"2,37€","17,56€ / KG",
COCO RALADO,TABLIER BLANC,Emb. 0.125 KG,"0,99€","7,92€ / KG",
Aperitivo Krit Krititas,CUÉTARA,Emb. 0.35 KG,"2,69€","7,69€ / KG",
LAPIS DE COR 18UN,ESQUISSE,Emb. 18 UNID.,"2,59€","0,14€ / UNID.",
Iogurte Aroma Tutti-Frutti 4 Unid.,LONGA VIDA,Emb. 0.125 KG,"0,89€","7,12€ / KG",
Champô Purify & Hidrate,TRESEMMÉ,Emb. 0.4 LT,"4,19€","10,48€ / LT",
Puré de Batata Biológico 2x125g,,Emb. 0.25 KG,"2,99€","11,96€ / KG",
Pensos Higiénicos Salvaslip Maxi,EVAX,Emb. 36 UNID.,"2,99€","0,08€ / UNID.",
Bolachas Plain Leite,BELVITA,Emb. 0.3 KG,"2,49€","8,30€ / KG",
COOKIES C/ PEPITAS CHOCOLATE E PEDACOS AVELA,P'TIT DÉLI,Emb. 0.2 KG,"1,45€","7,25€ / KG",
Água Micelar Peles Sensíveis,BIOTEN,Emb. 0.1 LT,"3,19€","31,90€ / LT",
SABONETE LIQUIDO PESSEGO 500ML,ECO+,Emb. 0.5 LT,"0,79€","1,58€ / LT",
Leite de Pastagem Meio Gordo,TERRA NOSTRA,Emb. 1 LT,"1,04€","1,04€ / LT",
PURE MACA/PERA SEM ADICAO ACUCAR,DOUCEUR DU VERGER,Emb. 0.388 KG,"1,24€","3,20€ / KG",
DETERGENTE LÍQUIDO CÍTRICO,CIF,Emb. 1.1 LT,"1,99€","1,81€ / LT",
Atum em Óleo,ECO+,Emb. 0.12 KG,"0,64€","5,33€ / KG",
Uva Red Globe,,1 Unid. = 0.25 KG (aprox.),"3,49€/kg","0,87€ / Unid.",
Grão de Bico Seco,NOTRE JARDIN,Emb. 0.5 KG,"0,99€","1,98€ / KG",
DENTAMYL PLANTAS,DENTAMYL,Emb. 0.075 LT,"0,85€","11,33€ / LT",
Leite Bem Especial 0% de Lactose Meio Gordo,MIMOSA,Emb. 1 LT,"1,29€","1,29€ / LT",
Limpa Máquinas Limão 5x Power Actions,FINISH,Emb. 1 UNID.,"3,89€","3,89€ / UNID.",
FOLHADOS FEUILLETINE 135G,DU BOIS DE LA ROCHE,Emb. 0.135 KG,"1,84€","13,63€ / KG",
Alimento Húmido P/ Gato Completo 4x400g,LYCAT,Emb. 4 UNID.,"3,40€","0,85€ / UNID.",
Vinho Regional Douro Tons Tinto,DUORUM,Garrafa 0.75 LT,"5,49€","7,32€ / LT",
Leite Bem Especial Cálcio Magro,MIMOSA,Emb. 1 LT,"0,98€","0,98€ / LT",
PILHAS ALCALINAS LR6,FOXTER,Emb. 8 UNID.,"1,79€","0,22€ / UNID.",
ESPUMA BARBEAR DERMO P.SENSIVEIS 250ML,CARRÉ HOMME,Emb. 0.25 LT,"1,49€","5,96€ / LT",
Vinho Frutado Branco,SALVE,Garrafa 0.75 LT,"1,29€","1,72€ / LT",
Seleção de Frutos Secos,MARQUE REPERE,Emb. 0.2 KG,"5,39€","26,95€ / KG",
PENSOS DIARIOS 30UN,ECO+,Emb. 30 UNID.,"0,79€","0,03€ / UNID.",
Neoblanc Densa+,NEOBLANC,Emb. 2 LT,"2,58€","1,29€ / LT",
Papel Anti-Traças,RAID,Emb. 4 UNID.,"1,99€","0,50€ / UNID.",
IOGURTE BAUNILHA FRASCO,DÉLISSE,Emb. 0.5 KG,"1,39€","2,78€ / KG",
COPOS CARTAO 35CL,HOMESIDE,Emb. 10 UNID.,"0,99€","0,10€ / UNID.",
Refrigerante S/ Gás Laranja,AQUARIUS,Emb. 0.5 LT,"1,00€","2,00€ / LT",
Queijo de Cabra Rústico de Pimentão Saloio,PALHAIS DE PORTUGAL,1 Unid. = 0.25 KG (aprox.),"14,98€/kg","3,75€ / Unid.",
CHA PRETO PEQUENO-ALMOCO BIO,,Emb. 20 UNID.,"1,49€","0,07€ / UNID.",
Pasta Arquivo com Elástico com 12 Divisórias,ESQUISSE,Emb. 1 UNID.,"2,65€","2,65€ / UNID.",
Cápsulas de Chá Marrakesh Style Tea,DOLCE GUSTO,Emb. 16 DOSES,"5,99€","0,37€ / DOSES",
Mousse de Figado Superior,TRADILÈGE,Emb. 0.18 Kg,"1,75€","9,72€ / Kg",
Amaciador Condicionador,TRESEMMÉ,Emb. 0.5 LT,"4,19€","8,38€ / LT",
Conserva de Salsichas Aves 8 Unid.,NOBRE,Lata 0.2 KG,"1,09€","5,45€ / KG",
"SMICY TUB - SORTIDO GELADOS DE AGUA SABOR LIMAO, LARANJA, MORANGO E COLA",SMICY,Emb. 8 UNID.,"2,99€","0,37€ / UNID.",
Nata UHT Ideal para Bater,AGROS,Emb. 0.2 LT,"0,94€","4,70€ / LT",
Fósforos de Segurança Longos 3x40 unid.,SILEX,Emb. 3 UNID.,"2,36€","0,79€ / UNID.",
BLOCO SANITARIO ACTIV EFFECT LAVANDA 3UN,SYPHON,Emb. 3 UNID.,"1,29€","0,43€ / UNID.",
Carte D'Or Gelado Limão,CARTE D'OR,Emb. 0.9 LT,"3,29€","3,66€ / LT",
Leite Fresco Magro,VIGOR,Emb. 1 LT,"0,99€","0,99€ / LT",
Pantene Cuidado Clássico Champô 3 Em 1,PANTENE PV,Emb. 0.3 LT,"4,99€","16,63€ / LT",
BOLACHAS C/TABLETE CHOCO LEITE,ECO+,Emb. 0.15 KG,"0,95€","6,33€ / KG",
CADERNO CAPA DURA A4 DISC AZL 120P PAUTADO + QUADRIC.,ESQUISSE,Emb. 1 UNID.,"3,59€","3,59€ / UNID.",
Vinagre Vinho Tinto,CRISTAL,Garrafa 0.5 LT,"0,99€","1,98€ / LT",
"ALIMENT BEBE: IOGURTE CREMOSO COCO, MACA, ANANAS E BANANA BIO 8M",BIO VILLAGE BEBE,,"3,99€",/ Unid.,
AFTER SHAVE ORIGINAL,BRUT,Emb. 1 LT,"12,90€","12,90€ / LT",
"Água sem Gás 6x1,5L",VITALIS,Emb. 9 LT,"2,59€","0,29€ / LT",
Azeitonas Pretas Inteiras,RUSTICA,Emb. 0.225 LT,"0,99€","4,40€ / LT",
Linguas de Gato Sabor a Canela,P'TIT DÉLI,Emb. 0.2 KG,"0,69€","3,45€ / KG",
Amaciador concentrado intense care repair,COMFORT,Emb. 60 DOSES,"3,99€","0,07€ / DOSES",
Champô Protecção da Cor,TRESEMMÉ,Emb. 0.5 LT,"4,19€","8,38€ / LT",
Batatas Fritas Onduladas,RUFFLES,Emb. 0.18 KG,"2,29€","12,72€ / KG",
PENSOS HIGIENICOS MAXI NOITE 10UN,ECO+,Emb. 10 UNID.,"0,95€","0,10€ / UNID.",
Vinho Regional Lisboa Branco,PROVA RÉGIA,Garrafa 0.75 LT,"3,99€","5,32€ / LT",
Caldo de Carne,KNORR,Emb. 16 CUBOS,"2,39€","0,15€ / CUBOS",
Arroz Carolino,,Emb. 1 KG,"0,95€","0,95€ / KG",
Refrigerante S/ Gás Laranja,JAFADEN,Garrafa 1.5 LT,"0,99€","0,66€ / LT",
AirWick  Comp Pure Flor Cerejeira,AIRWICK,Emb. 1 UNID.,"5,39€","5,39€ / UNID.",
BATATAS FRITAS ONDULADAS SABOR A KETCHUP,POM'LISSE,Emb. 0.135 KG,"1,19€","8,81€ / KG",
"Menu Saquetas em Molho Peru, Frango, Ave e Pato",LYCAT,Emb. 12 UNID.,"3,99€","0,33€ / UNID.",
Caldo de Carne Menos 30% Sal,KNORR,Emb. 0.08 KG,"1,49€","18,63€ / KG",
Molho de Alho com Ervas,HEINZ,Emb. 0.22 LT,"2,39€","10,86€ / LT",
BORRACHA + AFIA C/DEPOSITO,ESQUISSE,Emb. 1 UNID.,"0,99€","0,99€ / UNID.",
Bebida à Base de Avelã,NAT&VIE,Emb. 1 LT,"1,79€","1,79€ / LT",
CHAMPO PARA ANIMAIS PERFUMADO,P'TIT AMI,Emb. 0.5 LT,"2,49€","4,98€ / LT",
Lava Tudo Gel Ativo com Lixívia,CIF,Emb. 0.75 LT,"1,39€","1,85€ / LT",
Bolachas Duplo Creme,OREO,Emb. 0.185 KG,"1,69€","9,14€ / KG",
Pipocas Doces,TOKAPI,Emb. 0.1 KG,"0,80€","8,00€ / KG",
MACARONS 12UN,AUTOUR DU DESSERT,Emb. 0.154 KG,"5,79€","37,60€ / KG",
Drageia de Morango Mix,MENTOS,Emb. 0.037 KG,"0,69€","18,65€ / KG",
ACENDALHAS CUBOS SEM ODOR,SILEX,Emb. 40 UNID.,"1,89€","0,05€ / UNID.",
SALMAO C/ MOLHO DE AZEDAS,CÔTÉ TABLE,Emb. 0.3 KG,"3,29€","10,97€ / KG",
Vinho Tinto do Tejo Reserva,CABEÇA DE TOIRO,Emb. 0.75 LT,"7,49€","9,99€ / LT",
Vinho Verde Branco,VIA LATINA,Garrafa 0.75 LT,"2,99€","3,99€ / LT",
Pensos Higiénicos Maxi Normal Pocket,DOULYS,Emb. 18 UNID.,"1,15€","0,06€ / UNID.",
Sultana Dourada,MARQUE REPERE,Emb. 0.2 KG,"1,49€","7,45€ / KG",
CEREAIS MUESLI 5 FRUTAS,GRAINEA,Emb. 0.5 KG,"2,39€","4,78€ / KG",
Óleo Intense 12-0 Aclarante Extremo,SYOSS,,"6,24€",/ Unid.,
Courgette,,1 Unid. = 0.38 KG (aprox.),"2,99€/kg","1,14€ / Unid.",
Fettuccini Fresco,TURINI,Emb. 0.35 KG,"1,19€","3,40€ / KG",
Alimento Completo Cereais P/ Porquinhos-da-Índia,TOUS MES AMIS,Emb. 2.5 KG,"5,99€","2,40€ / KG",
Conserva de Verde Extra Fino,NOTRE JARDIN,Lata 0.44 KG,"2,19€","4,98€ / KG",
MUESLI C/ AVEIA E FRUTOS SECOS BIO E S/GLUTEN,CHAQUE JOUR SANS GLUTEN,Emb. 0.375 KG,"3,39€","9,04€ / KG",
Johnson's Baby Champô Gotas de Brilho,JOHNSON'S BABY,Emb. 0.5,"5,59€","11,18€ /",
Pastilhas Elásticas Senses Rainforest Mint 3x23g,TRIDENT,Emb. 0.069 KG,"2,59€","37,54€ / KG",
CRACKERS- BOLACHAS SALGADAS CROCANTES,TOKAPI,Emb. 0.1 KG,"0,69€","6,90€ / KG",
Iogurte Líquido Danonino Bebedino Tutti-Frutti 4x100g,DANONE,Emb. 0.4 KG,"1,79€","4,48€ / KG",
Favas Fritas C/ Sal,MARQUE REPERE,Emb. 0.2 KG,"1,25€","6,25€ / KG",
Azeite Clássico,OLIVEIRA DA SERRA,Garrafa 0.75 LT,"5,69€","7,59€ / LT",
Cápsulas Café Cappuccino,DOLCE GUSTO,Emb. 16 CAPS.,"5,99€","0,37€ / CAPS.",
Legumes Grelhados Salteados Congelados,NOTRE JARDIN,Emb. 0.75 KG,"2,99€","3,99€ / KG",
Mini Tostas Redondas,BIMBO,Emb. 0.1 KG,"1,24€","12,40€ / KG",
Pacotinho Fruta Hero Baby 3 Frutos 100 G,HERO BABY,Emb. 0.1 KG,"0,98€","9,80€ / KG",
Gelatina Light Morango 4 Unid.,ROYAL,Emb. 0.4 KG,"2,19€","5,48€ / KG",
Vinagre Balsâmico Branco,GALLO,Emb. 0.25 LT,"1,69€","6,76€ / LT",
Refrigerante S/ Gás Laranja Maracujá,JAFADEN,Garrafa 1.5 LT,"0,99€","0,66€ / LT",
Fraldas Incontinência Máxima G,LINDOR,Emb. 46 UNID.,"28,74€","0,62€ / UNID.",
CONDICIONADOR CABELOS FRAGEIS E QUEBRADICOS 250ML,NATEIS,Emb. 0.25 LT,"1,69€","6,76€ / LT",
ELASTICOS COR/TAMANHOS SORTIDOS 50G,ESQUISSE,Emb. 1 UNID.,"0,99€","0,99€ / UNID.",
Champô Liso Asiático para Cabelo Frisado e Rebelde,GLISS,Emb. 0.25 LT,"2,24€","8,96€ / LT",
Marshmallow com Sabor Baunilha,COPAÍNS COPINES,Emb. 0.3 KG,"1,59€","5,30€ / KG",
Caldos Molho Cervejeira 8 Cubos,KNORR,Emb. 0.072 KG,"1,49€","20,69€ / KG",
BOLACHAS AREADAS C/ RECH AVELAS E CACAU MAGRO,P'TIT DÉLI,Emb. 0.125 KG,"1,59€","12,72€ / KG",
Chouriço Corrente com Colorau,,Emb. 1 KG,"4,49€","4,49€ / KG",
Molho Madeira,RUSTICA,Emb. 0.3 LT,"1,39€","4,63€ / LT",
Whisky Classic Black 5,LABEL 5,Garrafa 0.7 LT,"9,99€","14,27€ / LT",
Néctar Essencial Manga 3x110ml,COMPAL,Emb. 0.33 LT,"1,79€","5,42€ / LT",
Água Micelar Revitalift Preenchedora,L'OREAL,Emb. 0.2 LT,"7,49€","37,45€ / LT",
Café em Grão,LAVAZZA,Emb. 0.5 KG,"6,22€","12,44€ / KG",
B&J Netflix & Chill'D 465ml,,Emb. 0.465 LT,"6,79€","14,60€ / LT",
ARROZ A CANTONESA,TABLES DU MONDE,Emb. 0.9 KG,"3,29€","3,66€ / KG",
Vinagre Balsâmico de Modène,RUSTICA,Garrafa 0.5 LT,"1,99€","3,98€ / LT",
Champô Anti-Caspa Men Controlo De Oleosidade,LINIC,Emb. 0.225 LT,"3,34€","14,84€ / LT",
Desodorizante Pear e Aloe Vera Spray,DOVE,Emb. 0.15 LT,"2,69€","17,93€ / LT",
CREME P/ BARRAR CACAU C/ AVELAS 1KG NUSTIKAO,NUSTIKAO,Emb. 1 KG,"3,99€","3,99€ / KG",
SPRAY ANTICALCARIO WC ECOLOGICO 750ML,UNÍ VERT,Emb. 0.75 LT,"1,89€","2,52€ / LT",
CUECA INCONTINENCIA TAM M,CHORYS,Emb. 14 UNID.,"6,74€","0,48€ / UNID.",
Caldo de Carne,KNORR,Emb. 8 CUBOS,"1,39€","0,17€ / CUBOS",
Chá de Maçã e Canela,TISÉA,Emb. 25 SAQ.,"1,24€","0,05€ / SAQ.",
Doce de Abóbora,CASA MATEUS,Frasco 0.345 KG,"2,47€","7,16€ / KG",
Fraldas Bebé T4 Ultra Confort 7/18 Kg,MOTS D'ENFANTS,Emb. 44 UNID.,"7,45€","0,17€ / UNID.",
Azeite,OLIVEIRA DA SERRA,Garrafão 3 LT,"15,67€","5,22€ / LT",
MOLHO TIKKA MASSALA,TABLES DU MONDE,Emb. 0.35 KG,"1,99€","5,69€ / KG",
Sabonete Líquido para as Mãos,DOVE,Emb. 0.25 LT,"2,39€","9,56€ / LT",
Bolachas Maria Doces,VIEIRA,Emb. 0.3 KG,"2,54€","8,47€ / KG",
Cerveja Aromatizada Rum,DESQUILES,Emb. 0.5 LT,"0,99€","1,98€ / LT",
Hambúrguer de Carne de Vaca 8 Unid. Ultracongelado,IGLO,Emb. 0.64 KG,"8,49€","13,27€ / KG",
Cereais Flakes,CUÉTARA,Emb. 0.5 KG,"2,99€","5,98€ / KG",
Cereais Muesli Chocolate e Quinoa Biológico,,Emb. 0.375 KG,"2,99€","7,97€ / KG",
Salsichão Cumbre Real,CAMPOFRIO,1 Unid. = 0.1 KG (aprox.),"9,98€/kg","1,00€ / Unid.",
Lenços de Bolso Menta Sensitive 4 Folhas,RENOVA,Emb. 6 UNID.,"0,99€","0,17€ / UNID.",
Alimento Completo Cereais P/ Coelhos Anões,TOUS MES AMIS,Emb. 0.8 KG,"1,99€","2,49€ / KG",
Regulador Ph Mais Líquido,BEAUX JOURS,Emb. 6 LT,"17,90€","2,98€ / LT",
BOLACHAS AREADAS C/ RECH MACA E FRAMBOESA,P'TIT DÉLI,Emb. 0.1 KG,"1,49€","14,90€ / KG",
Conserva de Feijão Encarnado Da Horta,COMPAL,Lata 0.42 KG,"0,99€","2,36€ / KG",
SALVA UNHAS VITROCERÂMICA 2 UN (2ª UN 50% ON PACK),VILEDA,Emb. 2 UNID.,"3,39€","1,70€ / UNID.",
Desodorizante Cucumber & Green Tea S/ áçcool e Alumínio,DOVE,Emb. 0.15 LT,"2,84€","18,93€ / LT",
Manteiga de Amendoim com Pedaços,CALVÉ,Emb. 0.35 KG,"3,49€","9,97€ / KG",
Canela Moída,RUSTICA,Emb. 0.04 KG,"0,50€","12,50€ / KG",
SACO TERMICO 31L,WOODSUN,Emb. 1 UNID.,"15,90€","15,90€ / UNID.",
TORRADEIRA 2 FENDAS,ECO+,Emb. 1 UNID.,"14,90€","14,90€ / UNID.",
SARDINHA OLEO DE GIRASSOL,PÊCHE OCÉAN,Emb. 0.12 KG,"0,99€","8,25€ / KG",
PANOS DE COZINHA ABSORVENTES 5UN,MAMISON,Emb. 5 UNID.,"1,59€","0,32€ / UNID.",
SACOS P/ CONGELAR ZIP & GO 3L (10UN),VILEDA,Emb. 10 UNID.,"5,29€","0,53€ / UNID.",
Borracha com Proteção,ESQUISSE,Emb. 2 UNID.,"1,89€","0,95€ / UNID.",
5 Cereais C/ Cereais Integrais,NESTUM,Emb. 0.25 KG,"2,19€","8,76€ / KG",
Maionese Magra,HELLMANN'S,Emb. 0.459 KG,"4,39€","9,56€ / KG",
CASTANHAS CONGELADAS,,Emb. 1 KG,"9,99€","9,99€ / KG",
SABONETE SOLIDO BEBE BIO CORPO E CABELO,MOTS D'ENFANTS,,"1,45€",/ Unid.,
Rissóis de Leitão 6 Unid.,SNR,Emb. 0.275 KG,"3,45€","12,55€ / KG",
Néctar Light Manga e Laranja,COMPAL,Emb. 1 LT,"1,69€","1,69€ / LT",
Sardinhas em Tomate Biológico,BOM PETISCO,Emb. 0.12 KG,"1,39€","11,58€ / KG",
CUECA INCONTINENCIA XL,CHORYS,Emb. 10 UNID.,"8,39€","0,84€ / UNID.",
Cápsulas Café Espresso Intenso Descafeinado,DOLCE GUSTO,Emb. 16 CAPS.,"4,79€","0,30€ / CAPS.",
TOSTAS FINAS NATURA,EPI D'OR,Emb. 0.1 KG,"1,19€","11,90€ / KG",
BOLACHAS PETIT BEURRE C/ TABLETE CHOCOLATE LEITE POCKET,P'TIT DÉLI,Emb. 0.268 KG,"2,69€","10,04€ / KG",
Balde para Esfregona,,Emb. 1 UNID.,"2,99€","2,99€ / UNID.",
CHOUCROUTE,CÔTÉ TABLE,Emb. 0.42 KG,"1,59€","3,79€ / KG",
Esparguete à Carbonara,KNORR,Emb. 0.036 KG,"1,54€","42,78€ / KG",
Polpa de Tomate,ECO+,Emb. 0.5 KG,"0,75€","1,50€ / KG",
Pimenta P/ Bifes C/ Moinho,MARGÃO,Emb. 0.035 KG,"3,99€","114,00€ / KG",
Loção para Corpo Hidatrante Express 48h Pele Normal a Seca,NIVEA BODY,Emb. 0.4 LT,"5,99€","14,98€ / LT",
IOGURTE GREGO STRACCIATELLA,DÉLISSE,Emb. 0.6 KG,"1,99€","3,32€ / KG",
CUECA INCONTINENCIA TAM L,CHORYS,Emb. 14 UNID.,"6,74€","0,48€ / UNID.",
Batatas Fritas Light,POM'LISSE,Emb. 0.15 KG,"0,95€","6,33€ / KG",
Iogurte Líquido Morango 6x100g,DANACOL,Emb. 0.6 KG,"2,99€","4,98€ / KG",
Marreta,FOXTER,Emb. 1 UNID.,"7,99€","7,99€ / UNID.",
GEL BARBEAR REVITALIZANTE 200ML,CARRÉ HOMME,Emb. 0.2 LT,"1,75€","8,75€ / LT",
Gelatina Light de Melancia,ROYAL,Emb. 0.031 KG,"2,09€","67,42€ / KG",
Mortadela de Peru,CAMPOFRIO,1 Unid. = 0.11 KG (aprox.),"7,98€/kg","0,88€ / Unid.",
Massa Estrelinhas,MILANEZA,Emb. 0.25 KG,"0,85€","3,40€ / KG",
Johnson's Baby Spray para Cabelo Penteia,JOHNSON'S BABY,Emb. 0.2 LT,"4,39€","21,95€ / LT",
Cápsulas Café Colombia Lungo Intensidade 5 Bio,DOLCE GUSTO,Emb. 12 CAPS.,"5,59€","0,47€ / CAPS.",
Conserva de Atum Albacore Inteiro 2x200g,PÊCHE OCÉAN,Emb. 0.4 KG,"4,29€","10,73€ / KG",
Alimento Seco P/ Cachorro + de 10 Kg Frango C/ Arroz,PURINA,Emb. 2.5 KG,"13,99€","5,60€ / KG",
Café Solúvel Clássico Intenso,NESCAFÉ,Emb. 0.1 KG,"3,99€","39,90€ / KG",
Maionese Top Down,CALVÉ,Emb. 0.24 KG,"1,39€","5,79€ / KG",
Barras Hero De Cereais Muesli Chocolate Leite 6x25g,HERO,Emb. 0.15,"1,79€","11,93€ /",
Bebida Solúvel de Cereais C/ Café,MOKAMBO,Emb. 0.2 KG,"4,49€","22,45€ / KG",
Fermento em Pó,ROYAL,Emb. 0.113 KG,"1,89€","16,73€ / KG",
Iogurte Grego Framboesa Amora 4x150g,DÉLISSE,Emb. 0.6 KG,"1,99€","3,32€ / KG",
100 ESPETOS BAMBU 25CM,BEAUX JOURS,Emb. 100 UNID.,"1,79€","0,02€ / UNID.",
Sumo 100% Laranja Brasil,JAFADEN,Emb. 1 LT,"1,55€","1,55€ / LT",
PAEZINHOS TRIGO TORRADOS BIO,,Emb. 0.225 KG,"1,39€","6,18€ / KG",
Tira Nódoas Gold Power Gel,VANISH,Emb. 0.2 LT,"4,54€","22,70€ / LT",
Tortellini de Ricotta e Espinafres,KNORR,Emb. 0.25 KG,"3,69€","14,76€ / KG",
Alimento Seco P/ Cão Active de Frango e Arroz,PURINA,Emb. 0.8 KG,"5,69€","7,11€ / KG",
Espumante Meio Seco,COMP DO VINHO,Garrafa 0.75 LT,"3,29€","4,39€ / LT",
GEL BARBEAR DERMO P.SENSIVEIS 200ML,CARRÉ HOMME,Emb. 0.2 LT,"1,49€","7,45€ / LT",
Ervas de Provence,RUSTICA,Frasco 0.018 KG,"0,79€","43,89€ / KG",
MULTIPACK CALIPPO SUPERMIX 5X105ML,CALIPPO,Emb. 5 UNID.,"2,49€","0,50€ / UNID.",
Brandy,CONSTANTINO,Garrafa 0.7 LT,"9,49€","13,56€ / LT",
Detergente Líquido Multisuperficies Rosas e Jasmim,SONASOL,Emb. 1.3 LT,"2,09€","1,61€ / LT",
Lápis para Colorir,ESQUISSE,,"3,69€",/ Unid.,
"Iogurte de Banana, Morango e Tutti Frutti 8x120g",DANONE,Emb. 0.96 KG,"1,99€","2,07€ / KG",
Concentrado de Fruta Tropical,SUNQUICK,Garrafa 0.7 LT,"5,79€","8,27€ / LT",
CEREAIS PETALAS NATURAL,GRAINEA,Emb. 0.44 KG,"1,49€","3,39€ / KG",
Nata Levíssima,PARMALAT,Emb. 0.2 LT,"1,12€","5,60€ / LT",
GRESSINOS SESAME,TOKAPI,Emb. 0.125 KG,"1,25€","10,00€ / KG",
Bolachas com Cobertura de Chocolate Preto,,Emb. 0.2 KG,"1,39€","6,95€ / KG",
TOALHITAS PARA MAOS LIMAO,CLAIR,Emb. 24 UNID.,"1,85€","0,08€ / UNID.",
Capucino Chocolate,PLANTATION,Emb. 0.287 KG,"2,69€","9,37€ / KG",
Molho Picante,TABASCO,Emb. 0.06 L,"2,95€","49,17€ / L",
Leite de Transição 2 +6 meses,NAN,Emb. 0.8 KG,"12,34€","15,43€ / KG",
Bloco Sanitário Blue Activ,SONASOL WC,Emb. 0.05 KG,"1,94€","38,80€ / KG",
Mini Rissóis de Camarão 20 Unid.,SNR,Emb. 0.333 KG,"3,30€","9,91€ / KG",
Vinho do Porto Special Reserve,PORTO CRUZ,Emb. 0.75 LT,"9,99€","13,32€ / LT",
Bolinhas de Bacalhau 20 Unid.,SNR,Emb. 0.334 KG,"3,75€","11,23€ / KG",
Pantene Volume & Brilho Máscara 160 ml,PANTENE PV,Emb. 0.16 LT,"5,99€","37,44€ / LT",
Ambientador Absorve Odores Relax Zen 2x150gr,BRISE,Emb.  0.3 KG,"2,99€","9,97€ / KG",
Creme Limpeza Lemon,CIF,Emb. 0.5 LT,"1,89€","3,78€ / LT",
CONE FRUTOS VERMELHOS 6UN,TRIUM,Emb. 6 UNID.,"2,15€","0,36€ / UNID.",
Toalhitas Bebé,ECO+,Emb. 72 UNID.,"0,75€","0,01€ / UNID.",
Miolo de Caju C/ Piripiri,MARQUE REPERE,Emb. 0.25 KG,"4,19€","16,76€ / KG",
Café Mistura Peninsular Moída,DELTA,Emb. 0.25 KG,"1,64€","6,56€ / KG",
CONE CHOCOLATE/PISTACHIO 6UN,TRIUM,,"2,49€",/ Unid.,
Air Wick Sticks Perfumados Flor de Cerejeira x5,AIRWICK,Emb. 0.025 LT,"7,19€","287,60€ / LT",
Néctar Multifruits,JAFADEN,Emb. 2 LT,"1,69€","0,85€ / LT",
Pasta Pot Noodles de Pesto,KNORR,Emb. 0.068 KG,"1,91€","28,09€ / KG",
PENSOS DIARIOS MINI,CHORYS,Emb. 28 UNID.,"1,69€","0,06€ / UNID.",
DETERGENTE LIQUIDO SENSITIVE 40D,EPSIL,,"4,35€",/ Unid.,
Vinho Regional Alentejo Branco,ADEGA DE BORBA,Garrafa 0.75 LT,"3,89€","5,19€ / LT",
Ice Tea Pêssego,FRESH TEA,Garrafa 1.5 LT,"1,25€","0,83€ / LT",
Massa Cotovelinhos,MILANEZA,Emb. 0.5 KG,"1,19€","2,38€ / KG",
Banana da Madeira,,1 Unid. = 0.18 KG (aprox.),"2,69€/kg","0,48€ / Unid.",
FEIJAO CATARINO SACO,NOTRE JARDIN,Emb. 1 KG,"1,89€","1,89€ / KG",
Iced Tea Manga,ECO+,Emb. 1.5 LT,"0,84€","0,56€ / LT",
COLA GEL 30ML,ESQUISSE,Emb. 1 UNID.,"1,49€","1,49€ / UNID.",
PAO COM CHOCOLATE (NAPOLITANAS) X12 (SAQ INDIVIDUAL),EPI D'OR,Emb. 0.54 KG,"2,99€","5,54€ / KG",
Iogurte Bifidus Magro Líquido Activia Pêssego Maracujá 4 Unid.,ACTIVIA,Emb. 0.62 KG,"1,99€","3,21€ / KG",
AFIA 2 ENTRADAS METAL,ESQUISSE,Emb. 1 UNID.,"1,39€","1,39€ / UNID.",
BRINQUEDO VINYL P/CAO PEQ.,P'TIT AMI,Emb. 1 UNID.,"2,99€","2,99€ / UNID.",
BOLSA CATALOGO A4 50UN,ESQUISSE,Emb. 50 UNID.,"3,99€","0,08€ / UNID.",
Iogurte Liquido Yoggi Melão E Meloa,YOGGI,Emb. 0.64 KG,"2,09€","3,27€ / KG",
Drageia Mastigável de Mentos Rainbow,MENTOS,Emb. 0.12 KG,"1,99€","16,58€ / KG",
Massa Pérolas,MILANEZA,Emb. 0.25 KG,"0,73€","2,92€ / KG",
BL1 LED FILA CHAMA 2-25W E14,FOXTER,Emb. 1 UNID.,"2,99€","2,99€ / UNID.",
Sidra com Álcool Maça 4x33cl,SOMERSBY,Emb. 1.32 LT,"3,99€","3,02€ / LT",
Sumo S/ Gás Tropical,ECO+,Emb. 2 LT,"1,59€","0,80€ / LT",
Tempero de Alho & Salsa 8 Cubos,KNORR,Emb. 0.072 KG,"1,49€","20,69€ / KG",
Leite Bem Especial Crescimento a partir de 3 anos,MIMOSA,Emb. 1 LT,"1,79€","1,79€ / LT",
Vinagre de Álcool Cristal,ECO+,Garrafa 1.5 LT,"1,15€","0,77€ / LT",
AUSONIA AIRDRY SUPER ABAS 30,AUSONIA,Emb. 30 UNID.,"4,19€","0,14€ / UNID.",
Toalhitas Limpa Óculos,CLAIR,Emb. 54 UNID.,"1,29€","0,02€ / UNID.",
Farinha S/ Fermento T65,NACIONAL,Emb. 1 KG,"1,04€","1,04€ / KG",
PILHAS ALCALINAS LR6 TECH+,FOXTER,Emb. 8 UNID.,"3,59€","0,45€ / UNID.",
Pizza Barbecue,CAMPOFRIO,Emb. 0.41 KG,"3,39€","8,27€ / KG",
NATAS LIQUIDAS LIGHT UHT BIO,,Emb. 0.6 KG,"3,55€","5,92€ / KG",
Rolo de Cozinha Extra XXL,RENOVA,Emb. 1 ROLO,"1,19€","1,19€ / ROLO",
Tortellini de Carne,KNORR,Emb. 0.25 KG,"3,69€","14,76€ / KG",
Óleo de Palma,GUINEA'S,Emb. 0.4 LT,"3,44€","8,60€ / LT",
RECARGA MOPA SECA,,Emb. 1 UNID.,"3,80€","3,80€ / UNID.",
Iogurte Bifidus Líquido Morango e Kiwi 0% 4 Unid.,DANONE,Emb. 0.62 KG,"1,99€","3,21€ / KG",
TRANSPORTADORA P/CAO 48CM 1UN P'TIT AMI,P'TIT AMI,Emb. 1 UNID.,"12,99€","12,99€ / UNID.",
Biscoitos Tranças com Cobertura de Chocolate de Leite,P'TIT DÉLI,Emb. 0.09 KG,"1,49€","16,56€ / KG",
PATE RICO VACA P/CAO BIO 300G CV 300G PLENIMA,PLENIMA,Emb. 0.3 KG,"1,45€","4,83€ / KG",
Batatas Pré-Fritas Finas Forno Óleo Girassol,POM'LISSE,Emb. 0.6,"1,39€","2,32€ /",
Adoçante,CANDEREL,Emb. 100 UNID.,"2,39€","0,02€ / UNID.",
OSSOS P/ MASTIGAR RECHEADOS C/ VACA P/ CAO 2UN,TOUS MES AMIS,Emb. 2 UNID.,"1,39€","0,70€ / UNID.",
Néctar Clássico Manga,JAFADEN,Emb. 1 LT,"0,99€","0,99€ / LT",
CONDICIONADOR EXTRA COR,VITANOVE,Emb. 0.2 LT,"1,24€","6,20€ / LT",
Pensos Clássicos à Prova de Água,HANSAPLAST,Emb. 20 UNID.,"2,09€","0,10€ / UNID.",
Papel Vegetal 8 metros,VILEDA,Emb. 1 UNID.,"2,99€","2,99€ / UNID.",
Mortadela de Peru com Azeitonas,,1 Unid. = 0.16 KG (aprox.),"7,98€/kg","1,28€ / Unid.",
Amaciador para a Roupa Pure,COMFORT,Emb. 78 DOSES,"3,99€","0,05€ / DOSES",
MINI AGRAFADOR Nº10 + 400AGRAFOS,ESQUISSE,Emb. 1 UNID.,"3,29€","3,29€ / UNID.",
TESOURA 16CM,ESQUISSE,Emb. 1 UNID.,"2,29€","2,29€ / UNID.",
Cebola Amarela Org. Esp. cal.50/70,,Emb. 0.5 KG,"1,39€","2,78€ / KG",
PILHAS BOTAO LR44,FOXTER,Emb. 5 UNID.,"1,29€","0,26€ / UNID.",
Alimento Húmido P/ Gatinhos C/ Vitela,GOURMET,Emb. 0.085 KG,"0,75€","8,82€ / KG",
Néctar Clássico Pêssego 3 Unid.,JAFADEN,Emb. 0.6 LT,"0,89€","1,48€ / LT",
Manteiga Magra Sal,PRÉSIDENT,Emb. 0.25 KG,"2,55€","10,20€ / KG",
SALSICHA CHURRASCO CLASSICA,CAMPO FINO,Emb. 0.2 KG,"1,49€","7,45€ / KG",
Aquafresh Active White  125ml,AQUAFRESH,,"2,79€",/ Unid.,
Coco Ralado,FERBAR,Emb. 0.2 KG,"2,19€","10,95€ / KG",
Refrigerante com Gás Ananás,SUMOL,Garrafa 1.25 LT,"1,39€","1,11€ / LT",
Queijo São Jorge,QUEIJO SÃO JORGE,1 Unid. = 0.2 KG (aprox.),"10,98€/kg","2,20€ / Unid.",
BL1 LED STANDARD 8W-75W E27 LUZ AMARELA,FOXTER,Emb. 1 UNID.,"6,59€","6,59€ / UNID.",
FIAMBRE PERNA EXTRA MAGRO -25% TEOR SAL 4F,TRADILÈGE,Emb. 0.16 KG,"2,59€","16,19€ / KG",
Bebida Energética,BURN,Emb. 0.5 LT,"1,10€","2,20€ / LT",
GELADO TRIUM LIMAO MERENGADO COB. CHOCO BRANCO 4UN,TRIUM,Emb. 4 UNID.,"2,25€","0,56€ / UNID.",
REFRIGERANTE S/GAS MULTIFRUTOS,JAFUN,Emb. 10 UNID.,"3,49€","0,35€ / UNID.",
Manteiga Tradicional,PRIMOR,Emb. 0.25 KG,"2,29€","9,16€ / KG",
Mistura de Frutos do Bosque,MARQUE REPERE,Emb. 0.2 KG,"2,99€","14,95€ / KG",
"ALIMENT BEBE: PURE FEIJAO VERDE, BATATA BIO +4M  2X120G",BIO VILLAGE BEBE,Emb. 0.24 KG,"1,35€","5,63€ / KG",
Refrigerante com Gás Guarana,ANTARCTICA,Garrafa 1.5 LT,"1,99€","1,33€ / LT",
Recarga Máquina de Barbear Sensor Excel,GILLETTE,Emb. 5 UNID.,"10,49€","2,10€ / UNID.",
Iogurte Grego Natural,DÉLISSE,Emb. 1 KG,"2,25€","2,25€ / KG",
Vinho Alto das Serpas Tinto,ALTO DAS SERPAS,Emb. 5 LT,"7,99€","1,60€ / LT",
Água Coco 100% Natural,JAFADEN,Emb. 1 LT,"2,39€","2,39€ / LT",
"AGUA FRIZE,,6x25CL",FRIZE,,"2,79€",/ Unid.,
Batatas P/ Fritar,,Emb. 3 KG,"3,39€","1,13€ / KG",
Alimento Húmido P/ Gato Carne Vaca Gold,GOURMET,Emb. 0.085 KG,"0,75€","8,82€ / KG",
DETERGENTE MANUAL LOICA CONCENTRADO MENTA/EUCALIPTO ECOLOGICO 500ML,UNÍ VERT,Emb. 0.5 LT,"1,49€","2,98€ / LT",
Amendoins Torrados C/ Sal,TOKAPI,Emb. 0.25 KG,"1,09€","4,36€ / KG",
Vinho Tinto,ALANDRA,Garrafa 0.75 LT,"2,99€","3,99€ / LT",
Ambientador Recarga Elétrico Lavanda e Aloé Vera,GLADE,Emb. 2 UNID.,"7,18€","3,59€ / UNID.",
Gelatina Light Sabor a Morango,TABLIER BLANC,Emb. 0.031 KG,"0,79€","25,48€ / KG",
Queijo Camembert,PRÉSIDENT,Emb. 0.25 KG,"3,78€","15,12€ / KG",
Carne de Porco Salgada C/ Lentilhas,CÔTÉ TABLE,Emb. 0.42 KG,"1,79€","4,26€ / KG",
BATOM NUTRITIVO 2UN,INELL,Emb. 2000 UNID.,"1,89€","0,00€ / UNID.",
Bolachas Digestivas Maça,TRIUNFO,Emb. 0.171 KG,"1,69€","9,88€ / KG",
Conserva de Pickles em Vinagre,RUSTICA,Emb. 0.3 KG,"1,99€","6,63€ / KG",
Conserva Macedónia de Legumes,NOTRE JARDIN,Lata 0.4 KG,"0,99€","2,48€ / KG",
GOMAS ACIDAS COLA,COPAÍNS COPINES,Emb. 0.275 KG,"1,39€","5,05€ / KG",
Ice Tea Limão Zero Açúcar,LIPTON,Emb. 0.6 LT,"1,13€","1,88€ / LT",
Bebida de Soja Baunilha,VIVESOY,Emb. 1 LT,"2,25€","2,25€ / LT",
Preparado de Carne Bovino Picada,FERIAL,Emb. 1 KG,"9,99€","9,99€ / KG",
IOGURTE DELILIGHT 0% IOG.NATURAL,DÉLISSE,Emb. 1.5,"1,99€","1,33€ /",
Fio Dentário Expansivo Sabor Menta,SENSODYNE,Emb. 1 P,"3,49€","3,49€ / P",
Bolachas Digestive Go Canela 6 Saquetas,TRIUNFO,Emb. 0.171 KG,"1,69€","9,88€ / KG",
"Cuvete de Alumínio 5x1,5L",ELEMBAL,Emb. 5 UNID.,"2,49€","0,50€ / UNID.",
Esparguete,MILANEZA,Emb. 0.5 KG,"0,78€","1,56€ / KG",
Conector Mangueira Rápido 19Mm,BEAUX JOURS,Emb. 1 UNID.,"0,99€","0,99€ / UNID.",
ENROLADOR DOMESTICO 7M FOXTE,FOXTER,Emb. 1 UNID.,"13,99€","13,99€ / UNID.",
Chá Menta Anis Malva e Alcaçus Biológico,,Emb. 20 SAQ.,"0,99€","0,05€ / SAQ.",
Morcela de Assar da Beira Baixa,SNR,Emb. 0.23 KG,"1,99€","8,65€ / KG",
Tampões com Aplicador Pearl Compak Regular,TAMPAX,Emb. 36 UNID.,"7,99€","0,22€ / UNID.",
Água S/ Gás Mineral,,Garrafa 1.5 LT,"0,40€","0,27€ / LT",
Laca Cabelos Pintados,ELNETT,Emb. 0.3 LT,"5,99€","19,97€ / LT",
AXE GEL APOLLO,AXE,Emb. 0.4 LT,"3,29€","8,23€ / LT",
Detergente Roupa Máquina Líquido Sensitive,SKIP,Emb. 80 DOSES,"15,99€","0,20€ / DOSES",
Amaciador Concentrado Aromaterapia Violeta,VERNEL,Emb. 57 DOSES,"3,29€","0,06€ / DOSES",
Sacos de Lixo Casa de Banho com Atilho 20x10L,ELEMBAL,Emb. 20 UNID.,"0,89€","0,04€ / UNID.",
Snack Húmido P/ Gato Party Mix Ocean,FELIX,Emb. 0.06 KG,"1,89€","31,50€ / KG",
Cerveja com Álcool Green Limão 6x33cl,SUPER BOCK,Emb. 1.98 LT,"4,49€","2,27€ / LT",
BATATA FRITA LISA S/ SAL,POM'LISSE,Emb. 0.125 KG,"1,45€","11,60€ / KG",
Escova Dentes Intense Clean Médio,AQUAFRESH,Emb. 1 UNID.,"3,99€","3,99€ / UNID.",
TAMPAO SUPER,DOULYS,Emb. 24 UNID.,"1,35€","0,06€ / UNID.",
Café Pastilhas Lote Chávena,DELTA,Emb. 16 PAST.,"3,49€","0,22€ / PAST.",
Bebida Refrescante Chá Verde e Menta,FRESH TEA,Garrafa 1.5 LT,"1,35€","0,90€ / LT",
Espuma Barbear Revitalizante,CARRÉ HOMME,Emb. 0.2 LT,"1,49€","7,45€ / LT",
Yofu Morango 4x125g,ALPRO,Emb. 0.5 KG,"2,89€","5,78€ / KG",
Pêra Conference Cal. 60+,,1 Unid. = 0.21 KG (aprox.),"2,03€/kg","0,43€ / Unid.",
London Dry Gin,GIBSON'S,Garrafa 0.7 LT,"9,49€","13,56€ / LT",
Aguardente Vínica Velha Marquês de Marialva X 20 Anos,MARQUÊS MARIALVA,Emb. 0.5 LT,"44,99€","89,98€ / LT",
Creme Limpeza Micro Cristais Limão,CIF,Emb. 0.7 LT,"2,49€","3,56€ / LT",
Creme Autobrilhante Castanho Calçado com Esponja,SPLENDOR,Emb. 0.04 LT,"1,79€","44,75€ / LT",
FRESHMATIC COM RECARGA LIFE SCENTS DELÍCIAS DE VERÃO,AIRWICK,Emb. 1 UNID.,"7,19€","7,19€ / UNID.",
Spray Mousse,NEOBLANC,Spray 0.7 LT,"2,59€","3,70€ / LT",
Cebola Laminada,NOTRE JARDIN,Emb. 1 KG,"1,75€","1,75€ / KG",
AURICULARES MAOS LIVRES BRANCO,LINKSTER,Emb. 1 UNID.,"6,90€","6,90€ / UNID.",
Abóbora Batatas e Peru desde os 6 Meses S/ Glúten,NESTLÉ,Emb. 0.19 KG,"1,39€","7,32€ / KG",
PILHAS ALCALINAS LR06,ECO+,Emb. 8 UNID.,"1,79€","0,22€ / UNID.",
Gel Banho Romã Natural,MANAVA,Emb. 0.75 LT,"1,79€","2,39€ / LT",
BOLO BRETANHA,P'TIT DÉLI,Emb. 0.8 KG,"2,25€","2,81€ / KG",
Óleo Alimentar 3L,FULA,Garrafão 3 LT,"7,89€","2,63€ / LT",
Dentífrico Protector Plantas Dentagard,COLGATE,Emb. 0.075 LT,"1,99€","26,53€ / LT",
"Iogurte de Manga, Morango e Pêssego 8x120g",DANONE,Emb. 0.96 KG,"1,99€","2,07€ / KG",
Aipo,,Emb. 0.5 KG,"1,49€","2,98€ / KG",
Bolachas com Recheio de Limão Cobertura Chocolate,P'TIT DÉLI,Emb. 0.15 KG,"1,19€","7,93€ / KG",
Bolachas Recheadas com Aroma a Chocolate,P'TIT DÉLI,Emb. 0.3 KG,"1,20€","4,00€ / KG",
Gelado de Chocolate,CARTE D'OR,Emb. 0.75 LT,"1,94€","2,59€ / LT",
Laca Cabelos Oleosos,SUNSILK,Emb. 0.3 LT,"3,89€","12,97€ / LT",
Coloração 4-2 Castanho Avermelhado 16X3,SYOSS,,"4,99€",/ Unid.,
Bolachas de Mel,VIEIRA,Emb. 0.3 KG,"2,54€","8,47€ / KG",
BOLACHA PALET RECEITA MADALENAS X8,P'TIT DÉLI,Emb. 0.125 KG,"0,99€","7,92€ / KG",
PORTFOLIO A4 80 BOLSAS,ESQUISSE,Emb. 1 UNID.,"4,19€","4,19€ / UNID.",
MASSA PIZZA RECTANG.T.BL,TABLIER BLANC,Emb. 0.385 KG,"1,79€","4,65€ / KG",
Pimento Verde,,1 Unid. = 0.19 KG (aprox.),"2,85€/kg","0,54€ / Unid.",
Amêijoa Branca Congelada,,1 Unid. = 0.38 KG (aprox.),"1,99€/kg","0,76€ / Unid.",
Iogurte Aroma Coco 4 Unid.,LONGA VIDA,Emb. 0.125 KG,"0,89€","7,12€ / KG",
CANETA CORRETORA,ESQUISSE,Emb. 1 UNID.,"1,99€","1,99€ / UNID.",
Farinha Extra Fina S/ Fermento T55,NACIONAL,Emb. 1 KG,"1,08€","1,08€ / KG",
SACO LIXO ECOBAG 50L FECHO FÁCIL (10 UN),VILEDA,Emb. 10 UNID.,"2,89€","0,29€ / UNID.",
SACOS LIXO C/ ATILHO 20L,ELEMBAL,Emb. 20 UNID.,"0,89€","0,04€ / UNID.",
Paio do Lombo,CHARCUTARIA,1 Unid. = 0.1 KG (aprox.),"9,69€/kg","0,97€ / Unid.",
Vinho Regional Dão Seleção Branco,CABRIZ,Garrafa 0.75 LT,"4,99€","6,65€ / LT",
Barras de Cereais Trigo Integral C/ Leite 6 Unid.,GOLDEN GRAHAMS,Emb. 0.15 KG,"3,29€","21,93€ / KG",
Bolachas Crackers Integral,DU BOIS DE LA ROCHE,Emb. 0.5 KG,"3,09€","6,18€ / KG",
"BEBIDA SOJA C/CALCIO LIGHT ,1L",ALPRO,Emb. 1 LT,"1,89€","1,89€ / LT",
Chá de Cidreira,LIPTON,Emb. 10 SAQ.,"0,69€","0,07€ / SAQ.",
Azeite Virgem Extra Clássico,GALLO,Emb. 0.75 LT,"4,49€","5,99€ / LT",
Espumante Reserva Meio Seco,MURGANHEIRA,Garrafa 0.75 LT,"11,79€","15,72€ / LT",
Conserva de Feijocas Verdes Extrafinas,NOTRE JARDIN,Lata 0.53 KG,"1,75€","3,30€ / KG",
Feijão Verde Ultracongelado,IGLO,Emb. 0.6 KG,"2,29€","3,82€ / KG",
PEITO DE FRANGO FATIADO,CAMPO FINO,Emb. 0.2 KG,"1,79€","8,95€ / KG",
Hamburguer de Vaca Ultracongelado,PESCANOVA,Emb. 0.3 KG,"3,99€","13,30€ / KG",
Detergente Loiça Manual Concentrado Maça,SUPER POP,Emb. 0.7 LT,"1,49€","2,13€ / LT",
Conserva Cogumelos de Paris Laminados Biológicos,,Frasco 0.28 KG,"2,09€","7,46€ / KG",
Leite Bem Essencial UHT Meio Gordo 3 Unid.,MIMOSA,Emb. 0.6 LT,"1,19€","1,98€ / LT",
Manteiguinhas,,Emb. 0.3 KG,"1,69€","5,63€ / KG",
PRESUNTO FATIADO 9 MESES CURA,CAMPO FINO,Emb. 0.15 KG,"2,19€","14,60€ / KG",
Massa Cannelloni,MILANEZA,Emb. 0.25 KG,"1,79€","7,16€ / KG",
Polvo Limpo Ultracongelado,,Emb. 0.5 KG,"6,59€","13,18€ / KG",
Alimento Seco Cão Vaca Aves,LYDOG,Emb. 14 KG,"18,99€","1,36€ / KG",
Limonada,SPRINK'S,Emb. 1.5 LT,"1,19€","0,79€ / LT",
Vinho Regional Lisboa Tinto,VIDIGAL PORTA 6,Garrafa 0.75 LT,"3,79€","5,05€ / LT",
Mistura de Frutos Secos C/ Sal,MARQUE REPERE,Emb. 0.2 KG,"1,69€","8,45€ / KG",
MOLHO SOJA DOCE,TABLES DU MONDE,Emb. 0.125 LT,"1,19€","9,52€ / LT",
Gomas Tijolos,COPAÍNS COPINES,Emb. 0.2 KG,"0,99€","4,95€ / KG",
Pão Hamburger,EPI D'OR,Emb. 4 UNID.,"0,99€","0,25€ / UNID.",
ENVELOPE SILICONE 114X162MM,ESQUISSE,Emb. 100 UNID.,"2,99€","0,03€ / UNID.",
Champô Cuidado Clássico,TRESEMMÉ,Emb. 0.9 LT,"6,59€","7,32€ / LT",
Vassoura Espalmada Lisa C/ Cabo,,Emb. 1 UNID.,"1,99€","1,99€ / UNID.",
PRATOS QUADRADOS BIODEGRADAVEIS 26CM 10UN,HOMESIDE,Emb. 10 UNID.,"3,89€","0,39€ / UNID.",
OIKOS AMORA 110G X4,OIKOS,Emb. 0.44 KG,"2,39€","5,43€ / KG",
Bolacha 0% Açúcar,CHIQUILÍN,Emb. 0.175 KG,"2,09€","11,94€ / KG",
Tira-Nódoas para Roupa Branca em Gel,SKIP,Emb. 1.6 LT,"6,99€","4,37€ / LT",
Lâmina Descartável Flex 3,BIC,Emb. 6 UNID.,"5,54€","0,92€ / UNID.",
Pensos Incontinência Discreet Maxi,AUSONIA,Emb. 8 UNID.,"4,99€","0,62€ / UNID.",
Alimento Seco P/ Cão Júnior,PURINA FRISKIES,Emb. 3 KG,"11,69€","3,90€ / KG",
Pêssego em Calda,ECO+,Emb. 0.85 KG,"1,99€","2,34€ / KG",
Máquinas de Barbear Descartáveis Blue II Plus,GILLETTE,Emb. 6 UNID.,"3,69€","0,62€ / UNID.",
Fusilli sem Glúten,CHAQUE JOUR SANS GLUTEN,Emb. 0.4 KG,"1,49€","3,73€ / KG",
Alimento Húmido P/ Gato Gold Mousse Peixe,GOURMET GOLD,,"0,75€",/ Unid.,
BOLACHA AMENDOIM,,Emb. 0.26 KG,"2,75€","10,58€ / KG",
Conserva de Milho Doce Grão,ECO+,Emb. 0.3 KG,"0,80€","2,67€ / KG",
Desentupidor em Gel Forza Canos,MR MUSCLE,Emb. 0.1 LT,"4,09€","40,90€ / LT",
Neoblanc Gentil Higiene Lixívia,NEO BLANC,Emb. 2 LT,"6,49€","3,25€ / LT",
LENCOS DE BOLSO 4F ECO,UNÍ VERT,Emb. 15 UNID.,"2,39€","0,16€ / UNID.",
Gelatina Light Ananás,ROYAL,Emb. 0.031 KG,"2,09€","67,42€ / KG",
Gel de Banho Black XL,AXE,Emb. 0.4 LT,"3,29€","8,23€ / LT",
Sementes de Abóbora,MARQUE REPERE,Emb. 0.2 KG,"1,89€","9,45€ / KG",
Mousse de Chocolate,TABLIER BLANC,Emb. 0.15 KG,"0,79€","5,27€ / KG",
NECTAR FRUTOS DO POMAR SEM ADICAO DE AÇÚCARES,JAFADEN,Emb. 1 LT,"1,40€","1,40€ / LT",
Espuma de Barbear,,,"1,29€",/ Unid.,
Desodorizante Deo Roll On Bio Eficácia,NARTA,Emb. 0.05 LT,"3,99€","79,80€ / LT",
Conserva de Cogumelos Laminados Da Horta,COMPAL,Emb. 0.29 KG,"0,99€","3,41€ / KG",
BANDAS DEPILATORIAS CERA FRIA PELE SENSIVEL ROSTO 32UN,SLISS,Emb. 32 UNID.,"1,84€","0,06€ / UNID.",
Mini Cookies com Pepitas de Chocolate 0% Açúcar,ARTIACH,Emb. 0.12 KG,"2,09€","17,42€ / KG",
Mini Gelados Double Caramelo Pack 6,MAGNUM,Emb. 0.36 LT,"5,99€","16,64€ / LT",
SALSICHA CHURRASCO ERVAS AROMATICAS,CAMPO FINO,Emb. 0.2 KG,"1,49€","7,45€ / KG",
Conserva de Grão da Horta,COMPAL,Lata 0.42 KG,"0,99€","2,36€ / KG",
TOALHITAS DESMAQUILHANTES PELES SENSIVEIS COM AGUA MICELAR 25UN,INELL,Emb. 25 UNID.,"0,99€","0,04€ / UNID.",
DETERGENTE MANUAL LOICA CONCENTRADO HIPOALERG.ECOLOGICO 500ML,UNÍ VERT,Emb. 0.5 LT,"1,49€","2,98€ / LT",
Sobremesa Creme Baunilha com Caramelo 4x125g,DÉLISSE,Emb. 0.5 KG,"1,79€","3,58€ / KG",
Café Solúvel em Saquetas,NESCAFÉ,Emb. 6 UNID.,"3,49€","0,58€ / UNID.",
Brandy,1920,Garrafa 0.7 LT,"11,49€","16,41€ / LT",
Spray de Limpeza Vidros e Superfícies Brilhantes Power&Shine,CIF,Emb. 0.75 LT,"2,49€","3,32€ / LT",
Nata para Bater,PARMALAT,Emb. 0.2 KG,"1,12€","5,60€ / KG",
Escova de Dentes Suave Whole Mouth Clean,COLGATE,Emb. 1 UNID.,"3,99€","3,99€ / UNID.",
CROQUETES P/ GATOS SALMAO E ARROZ PREMIUM,PLENIMA,,"1,69€",/ Unid.,
MINI SNACKS HIGIENE DENTARIA P/ GATO,TOUS MES AMIS,,"0,85€",/ Unid.,
KIT DESENHO 4 PECAS INQUEBRAVEL,ESQUISSE,Emb. 1 UNID.,"2,89€","2,89€ / UNID.",
Salsichas Cocktail,TOKAPI,Lata 0.42 KG,"1,89€","4,50€ / KG",
"Gelado ""Tyrolia"" Caramelo",ESKISS,Emb. 0.65 LT,"2,25€","3,46€ / LT",
RECARGA P/ ESCOVA DENTES MACIA CABECA RECARRREGAVEL,DENTAMYL,,"1,25€",/ Unid.,
Faca de Pintor 8Cm,FOXTER,Emb. 1 UNID.,"1,99€","1,99€ / UNID.",
Chupas de Sabores Sortidos,CHUPA CHUPS,Emb. 0.12 KG,"2,99€","24,92€ / KG",
Conserva de Azeitonas Cocktail,RUSTICA,Emb. 0.54 KG,"2,19€","4,06€ / KG",
Conserva Macedónia de Legumes,NOTRE JARDIN,Lata 0.53 KG,"1,89€","3,57€ / KG",
Bolachas com Sal Crackers,DU BOIS DE LA ROCHE,Emb. 0.5 KG,"3,29€","6,58€ / KG",
Kiwi,,1 Unid. = 0.11 KG (aprox.),"2,29€/kg","0,25€ / Unid.",
Seleção de Frutos Secos,MARQUE REPERE,Emb. 0.33 KG,"5,39€","16,33€ / KG",
Couve Flor,,1 Unid. = 1.1 KG (aprox.),"1,99€/kg","2,19€ / Unid.",
Detergente Roupa Proteção Cores,WOOLITE,Emb. 30 DOSES,"6,99€","0,23€ / DOSES",
Queijo Pointe de Brie,LES CROISÉS,Emb. 0.2 KG,"1,69€","8,45€ / KG",
Mistura Solúvel Café,PLANTATION,Frasco 0.2 KG,"2,39€","11,95€ / KG",
CONE NATA MORANGO 6UN,SMICY,Emb. 0.12 LT,"1,69€","14,08€ / LT",
Caldo de Galinha,KNORR,Emb. 0.16 KG,"2,39€","14,94€ / KG",
Atum em Óleo Vegetal,BOM PETISCO,Emb. 0.12 KG,"1,26€","10,50€ / KG",
Sua Vinha Tetra Pak Branco,SUA VINHA,Emb. 1 LT,"1,79€","1,79€ / LT",
Vinho Verde Branco,TERRAS DE FELGUEIRAS,Garrafa 0.75 LT,"2,49€","3,32€ / LT",
Leite UHT Magro,MATINAL,Emb. 1 LT,"1,09€","1,09€ / LT",
Refrigerante sem Gás Ananás,FRUTIS,Emb. 1.5 LT,"1,15€","0,77€ / LT",
Iced Tea Limão,NESTEA,Garrafa 1.5 LT,"1,00€","0,67€ / LT",
Arroz Agulha,PATO REAL,Emb. 1 KG,"1,18€","1,18€ / KG",
Molho Whisky Cocktail,CALVÉ,Frasco 0.253 KG,"2,94€","11,62€ / KG",
Leite Crescimento Júnior 3+,NESTLÉ,Emb. 1 LT,"2,19€","2,19€ / LT",
Arroz Doce com Aroma de Baunilha 4x115g,DÉLISSE,Emb. 0.46 KG,"1,79€","3,89€ / KG",
Barras de Peixe Panadas Pré-Fritas 15x30g Ultracongeladas,ECO+,Emb. 0.45 KG,"2,29€","5,09€ / KG",
Caldo Galinha 16 Cubos,MAGGI,Emb. 0.16 KG,"2,09€","13,06€ / KG",
Pão de Forma Integral sem Côdea,EPI D'OR,Emb. 0.45 KG,"2,09€","4,64€ / KG",
Cotonetes Stoppers Bebé,MOTS D'ENFANTS,Emb. 50 UNID.,"0,48€","0,01€ / UNID.",
Doce de Morango sem Açúcar,ST. DALFOUR,Frasco 0.284 KG,"4,39€","15,46€ / KG",
Azeite virgem,GALLO,Emb. 3 LT,"15,89€","5,30€ / LT",
Chipicao Mini Croissant Baunilha,CHIPICAO,Emb. 0.08 KG,"1,15€","14,38€ / KG",
Iogurte Soja Frutos Vermelhos 4 Unid.,NAT&VIE,Emb. 0.4 KG,"1,49€","3,73€ / KG",
Iogurte Líquido Cálcio 8x100 g,DÉLISSE,Emb. 0.8 KG,"1,99€","2,49€ / KG",
Ameixa Seca C/ Caroço,MARQUE REPERE,Emb. 0.25 KG,"1,99€","7,96€ / KG",
Batatas Fritas Lisas Camponesas,POM'LISSE,Emb. 0.2 KG,"1,19€","5,95€ / KG",
Bolachas Digestive Go,TRIUNFO,Emb. 0.16 KG,"1,69€","10,56€ / KG",
Cápsulas Café Blonde Espresso P/ Dolce Gusto Intensidade 6,STARBUCKS,Emb. 12 CAPS.,"5,39€","0,45€ / CAPS.",
Aguardente Bagaceira Portuguesa Marc Brandy,PORTUGUEZA,Emb. 1 LT,"12,49€","12,49€ / LT",
Vinagre Balsâmico de Modena Gourmet,GALLO,Emb. 0.25 LT,"2,16€","8,64€ / LT",
Johnson's Baby Champô de Camomila,JOHNSON'S BABY,Emb. 0.75 LT,"6,61€","8,81€ / LT",
DOCE EXTRA MIRTILO LIGHT,DOUCEUR DU VERGER,Emb. 0.34 KG,"1,99€","5,85€ / KG",
DETERGENTE LIQUIDO F. LARANJEIRA /ALOE VERA ATIVOS VEGETAIS 50D,XÉOR,,"4,99€",/ Unid.,
Biscoitos de Canela,P'TIT DÉLI,Emb. 0.5 KG,"1,98€","3,96€ / KG",
Bloco sanitário power 5 duo pack ocean,DOMESTOS,Emb. 0.11 KG,"2,74€","24,91€ / KG",
Café Moído Torrado Moagem Universal Dak Lak,SICAL,Emb. 0.22 KG,"3,89€","17,68€ / KG",
Alimento Seco P/ Gato Coelho Frango,PURINA FRISKIES,Emb. 2 KG,"7,99€","4,00€ / KG",
Vinho Regional Alentejo Tinto,PORTA DA RAVESSA,Garrafa 0.75 LT,"2,99€","3,99€ / LT",
Escova de Dentes Slim Soft Suave,COLGATE,Emb. 1 UNID.,"3,49€","3,49€ / UNID.",
Papel Higiénico 2 Folhas Super,RENOVA,Emb. 48 ROLOS,"14,65€","0,31€ / ROLOS",
Cereais Pétalas Trigo Chocolate,P'TIT DÉLI,Emb. 0.4 KG,"1,34€","3,35€ / KG",
Vinagre de Vinho Branco,RUSTICA,Garrafa 0.75 LT,"0,65€","0,87€ / LT",
Recarga para Difusor Automático Delicias de Verão,AIRWICK,Emb. 0.019 LT,"3,59€","188,95€ / LT",
Tablete Chocolate 70% Cacau,LA CASA,Emb. 0.1 KG,"1,64€","16,40€ / KG",
VINAGRE BALSAMICO BRANCO,RUSTICA,Emb. 0.025 LT,"1,69€","67,60€ / LT",
CRISTAIS SODA 500G CLAIR,CLAIR,Emb. 0.5 KG,"1,99€","3,98€ / KG",
Molho de Tomate com Azeitonas e Manjericão,TURINI,Emb. 0.42 KG,"1,45€","3,45€ / KG",
Tomate da Horta Concentrado,COMPAL,Emb. 0.14 KG,"0,99€","7,07€ / KG",
Água C/ Gás 6x25cl,CASTELLO,Emb. 1.5 LT,"2,79€","1,86€ / LT",
BALANCA DIGITAL BAGAGEM,RIVERSIDE,Emb. 1 UNID.,"9,99€","9,99€ / UNID.",
Galetes de 4 Cereais Biológicas,,Emb. 0.13 KG,"0,99€","7,62€ / KG",
Detergente Manual Loiça Concentrado Original,FAIRY,Emb. 0.78 LT,"2,69€","3,45€ / LT",
"AQUAFR ELIXIR MULTIACT,,500ML",AQUAFRESH,,"5,49€",/ Unid.,
Queijo Ralado,VALFORMOSO,Emb. 0.15 KG,"1,19€","7,93€ / KG",
Massa Estrelinhas,TURINI,Emb. 0.25 KG,"0,55€","2,20€ / KG",
Hamburgers de Peito de Frango sem Glúten Ultracongelado,IGLO,Emb. 0.24 KG,"4,29€","17,88€ / KG",
Iogurte Grego Pêssego Maracujá 4x150g,DÉLISSE,Emb. 0.6 KG,"1,89€","3,15€ / KG",
Barrinhas P/ Porquinhos-da-Índia sabor a Frutas,TOUS MES AMIS,Emb. 0.11 KG,"1,85€","16,82€ / KG",
Beterraba Fresca,,1 Unid. = 0.27 KG (aprox.),"1,59€/kg","0,43€ / Unid.",
Leite Bem Essencial C/ Sabor a Cereais,MIMOSA,Emb. 0.8 LT,"1,69€","2,11€ / LT",
Amaciador Roupa Concentrado Revival Jasmim Azul,QUANTO,Emb. 62 DOSES,"4,49€","0,07€ / DOSES",
Limpa Móveis Óleo de Cedro,PRONTO,Spray 0.25 LT,"4,79€","19,16€ / LT",
Pão Torrado Integral Biológico,,Emb. 0.25 KG,"1,95€","7,80€ / KG",
Tempero de Alho & Coentros 8 Cubos,KNORR,Emb. 0.072 KG,"1,49€","20,69€ / KG",
Miolo Camarão Grande Cozido 40/60 Ultracongelado,PESCANOVA,Emb. 0.2 KG,"8,99€","44,95€ / KG",
Champô Sólido Bio,BIONAÏA,Emb. 0.085 KG,"4,99€","58,71€ / KG",
COTONETES ALGODAO C/ CAIXA DE TAMPA,INELL,Emb. 16 UNID.,"1,15€","0,07€ / UNID.",
AE COCKPIT 600 ML 600ML TECH9,TECH9,Emb. 0.6 LT,"3,79€","6,32€ / LT",
Puré Maçã Ameixa S/ Adição Açúcar 4 Unid.,DOUCEUR DU VERGER,Emb. 0.4 KG,"1,59€","3,98€ / KG",
Bebida Energética Zero,X-TENSE,Garrafa 1 LT,"1,49€","1,49€ / LT",
Pá 29Cm,BEAUX JOURS,Emb. 1 UNID.,"10,99€","10,99€ / UNID.",
Queijo de Vaca e Ovelha Curado,ALVELHE,Emb. 0.5 KG,"5,85€","11,70€ / KG",
VELA NUMERO - 4,ARDENCE,Emb. 1 UNID.,"0,89€","0,89€ / UNID.",
Patê Fiambre Sólo Natural,LA PIARA,Emb. 0.077 KG,"1,29€","16,75€ / KG",
Mousse Liégeoise de Chocolate 8X80g,DÉLISSE,Emb. 0.64 KG,"2,79€","4,36€ / KG",
Sumo Maçã e Pêssego C/ Gás S/ Álcool,GIBUS,Emb. 0.75 LT,"2,49€","3,32€ / LT",
MOLHO PARA BATATAS FRITAS,RUSTICA,Emb. 0.255 KG,"1,39€","5,45€ / KG",
Mistura Gourmet,TOKAPI,Emb. 0.12 KG,"1,79€","14,92€ / KG",
"GEL DUCHE ""ROMA/PAEONIA"" CONCENTRADO",NATEIS,,"1,85€",/ Unid.,
BOLACHAS MEGA DUO GULLON 500G,GULLÓN,Emb. 0.5 KG,"2,99€","5,98€ / KG",
PATE PEIXE/CENOURA P/ GATO 410G,ECO+,Emb. 0.41 KG,"0,65€","1,59€ / KG",
COUVE DE BRUXELAS CONGELADAS,NOTRE JARDIN,Emb. 1 KG,"1,59€","1,59€ / KG",
Espuma Barbear Extra Hidratante,NIVEA MEN,Emb. 0.2 LT,"3,59€","17,95€ / LT",
Cápsulas Café Grande P/ Dolce Gusto Intensidade 8,STARBUCKS,Emb. 12 CAPS.,"5,39€","0,45€ / CAPS.",
Alimento Seco P/ Gatos Esterilizados Peru e Legumes,PURINA FRISKIES,Emb. 3 KG,"7,79€","2,60€ / KG",
"GELADO ""TYROLIA"" CREME BRULEE",ESKISS,Emb. 0.65 LT,"2,25€","3,46€ / LT",
Espumante Reserva Bruto,RAPOSEIRA,Garrafa 0.75 LT,"8,39€","11,19€ / LT",
Desumidificador + Recarga,FOXTER,Emb. 1 UNID.,"9,99€","9,99€ / UNID.",
Alimento Seco para Cães Pequenos Croquetes,LYDOG,Emb. 2 KG,"4,99€","2,50€ / KG",
Tomate Coração de Boi,,1 Unid. = 0.2 KG (aprox.),"1,95€/kg","2,99€ / Unid.",
Rebuçados de Morango,COPAÍNS COPINES,Emb. 0.25 KG,"1,19€","4,76€ / KG",
MIOLO DE CAMARAO SKIN PACK 100/200,PÊCHE OCÉAN,Emb. 0.16 KG,"2,99€","18,69€ / KG",
Fraldas Activity T4 Extra 9-15 Kg,DODOT,Emb. 52 UNID.,"13,29€","0,26€ / UNID.",
Bolachas Maçã,NAT&VIE,Emb. 0.2 KG,"1,69€","8,45€ / KG",
Escova Colgate 360º Advanced Média,COLGATE,Emb. 1 UNID.,"4,99€","4,99€ / UNID.",
PRATO + NAPERON 32CM,,Emb. 1 UNID.,"0,69€","0,69€ / UNID.",
Halls Sem Açúcar Eucalipto,HALLS,Emb. 0.032 KG,"0,89€","27,81€ / KG",
Sidra Normand Brut,LES GOELLERIES,Garrafa 0.75 LT,"2,19€","2,92€ / LT",
Garrafão de Moscatel em Palha,DORRÃO,Emb. 2 L,"12,99€","6,50€ / L",
Limpa Churrasqueiras e Recuperadores de Calor,MISTOLIN,Emb. 0.5 LT,"4,84€","9,68€ / LT",
TOALHITAS HIGIENE INTIMA,DOULYS,Emb. 20 UNID.,"0,79€","0,04€ / UNID.",
DOVE Sabonete Líquido para as Mãos Recarga,DOVE,Emb. 0.5 LT,"2,99€","5,98€ / LT",
AURICULARES MAOS LIVRES PRETO,LINKSTER,Emb. 1 UNID.,"6,90€","6,90€ / UNID.",
Pantene Purifica & Reconstrói Condicionador 160 ml,,Emb. 0.16 LT,"4,99€","31,19€ / LT",
Alimento Húmido P/ Cão Paté Borrego,TOUS MES AMIS,Emb. 0.3 KG,"0,79€","2,63€ / KG",
Dobrada de Feijão Branco,NOBRE,Lata 0.42 KG,"1,76€","4,19€ / KG",
Vinho Verde Branco,AVELEDA,Emb. 0.075 LT,"3,39€","45,20€ / LT",
Alimento Húmido Gato Paté Salmão,TOUS MES AMIS,Emb. 0.1 KG,"0,55€","5,50€ / KG",
Laranja Cal. 3/4,,1 Unid. = 0.34 KG (aprox.),"1,19€/kg","0,40€ / Unid.",
SORVETE MULTIFRUTOS TWIST 5UN,SMICY,Emb. 5 UNID.,"2,05€","0,41€ / UNID.",
Menu Saquetas Carne em Gelatina 12X100G,LYCAT,Emb. 12 UNID.,"3,99€","0,33€ / UNID.",
Sumo 100% Toranja,JAFADEN,Emb. 1 LT,"1,99€","1,99€ / LT",
BOLSA CATALOGO 100UN,ECO+,Emb. 100 UNID.,"3,99€","0,04€ / UNID.",
MAQ.BARBEAR 3 LAMINAS DESCARTAVEL,CARRÉ HOMME,,"3,09€",/ Unid.,
Biscoitos P/ Roedores Ovo e Fruta,TOUS MES AMIS,Emb. 6 UNID.,"1,49€","0,25€ / UNID.",
Leite Creme 4x23 g,EL MANDARIN,Emb. 0.092 KG,"1,49€","16,20€ / KG",
Iogurte Líquido Morango Framboesa 4x155g,CORPOS DANONE,Emb. 0.62 KG,"1,69€","2,73€ / KG",
PIZZA 3 QUEIJOS BIO,,Emb. 0.38 KG,"3,79€","9,97€ / KG",
Água S/ Gás 6 Unid.,ECO+,Garrafa 9 LT,"1,50€","0,17€ / LT",
Refrigerante C/ Gás Laranja,ECO+,Garrafa 2 LT,"0,79€","0,40€ / LT",
Douradinhos Ultracongelados de Frango Pré-Fritos,IGLO,Emb. 0.25 KG,"4,99€","19,96€ / KG",
Pêra Nashi Cal. 45+,,1 Unid. = 0.2 KG (aprox.),"2,99€/kg","0,60€ / Unid.",
Aguardente Aldeia Velha 70cl,,,"14,99€",/ Unid.,
Iogurte Bifidus de Pessego S/ Lactose 0% 4 Unid.,DANONE,Emb. 0.48,"2,19€","4,56€ /",
Ração para cão c/ Vaca,ULTIMA,Emb. 7.5 KG,"43,29€","5,77€ / KG",
Chá de Tília,LIPTON,Emb. 20 SAQ.,"1,20€","0,06€ / SAQ.",
Champô Karité Óleo Côco Cabelos Muito Secos,NATEIS,Emb. 0.25 LT,"1,69€","6,76€ / LT",
"CARREGADOR USB 2,4A + CABO USB/MICRO USB 1,2M PRETO",LINKSTER,Emb. 1 UNID.,"13,90€","13,90€ / UNID.",
Café Cápsulas Qalidus Intensidade 10,DELTA,Emb. 10 CAPS.,"3,39€","0,34€ / CAPS.",
Conserva de Salsichas 8 Unid.,IZIDORO,Frasco 0.65 KG,"3,14€","4,83€ / KG",
Carvão Vegetal Artesanal,,Emb. 10 KG,"9,99€","1,00€ / KG",
GELEIA MARMELO 345G,CASA MATEUS,Emb. 0.345 KG,"2,47€","7,16€ / KG",
Pensos Higiénicos Normal Alas,EVAX,Emb. 12 UNID.,"2,99€","0,25€ / UNID.",
ALICATE MULTIPLO 250 MM,FOXTER,Emb. 1 UNID.,"7,99€","7,99€ / UNID.",
Escova de Dentes 3-5 anos,ORAL B,Emb. 1 UNID.,"2,24€","2,24€ / UNID.",
Snack de Chocolate,KIT KAT,Emb. 0.041 KG,"0,74€","18,05€ / KG",
Alimento Seco para Gatinhos Completo,LYCAT,Emb. 0.4 KG,"0,99€","2,48€ / KG",
Bombons de Chocolate Leite Recheio de Marshmallow,COPAÍNS COPINES,Emb. 0.2 KG,"1,49€","7,45€ / KG",
Abacate,,1 Unid. = 0.2 KG (aprox.),"3,99€/kg","0,80€ / Unid.",
Tiras Limpiadoras Purificantes,NIVEA,Emb. 6 P,"7,99€","1,33€ / P",
Iogurte Natural 12x125g,DÉLISSE,Emb. 1.5 KG,"1,99€","1,33€ / KG",
Conjunto Borracha Mista,ESQUISSE,,"0,99€",/ Unid.,
Paté para Cão de Vaca e Coração,TOUS MES AMIS,Emb. 0.3 KG,"0,79€","2,63€ / KG",
DETERGENTE CAPSULAS 3 EM 1 ORIENTE P/ROUPA,EPSIL,,"4,99€",/ Unid.,
GEL ANTI-CALCARIO 750ML,TEXIL,Emb. 0.75 KG,"2,28€","3,04€ / KG",
MIOLO MEXILHAO SKIN PACK,PÊCHE OCÉAN,Emb. 0.23 KG,"1,65€","7,17€ / KG",
CEREAIS BOLAS DE MEL BIO,,,"1,99€",/ Unid.,
Bebida de Coco 0%,SHOYCE,Emb. 1 LT,"2,39€","2,39€ / LT",
Queijo de Ovelha Curado,QUEIJO DE NISA,Emb. 0.3 KG,"8,99€","29,97€ / KG",
BOLACHA MARIA,P'TIT DÉLI,,"1,49€",/ Unid.,
ESPUMA CABELO ESPECIAL CARACOIS 200ML,VITANOVE,Emb. 0.2 LT,"1,09€","5,45€ / LT",
PORTFOLIO A4 40 BOLSAS,ESQUISSE,Emb. 1 UNID.,"2,59€","2,59€ / UNID.",
RECARGAS MOPA 40,CLAIR,Emb. 40 UNID.,"2,75€","0,07€ / UNID.",
SUMO MACA -30% ACUCAR,JAFADEN,,"1,29€",/ Unid.,
Tablete Chocolate Preto para Culinária,TABLETTE D'OR,Emb. 0.2 KG,"1,09€","5,45€ / KG",
Bolachas Original,OREO,Emb. 0.154 KG,"1,39€","9,03€ / KG",
Cookies de Chocolate com Pepitas Chocolate Biológicas,,Emb. 0.2 KG,"1,89€","9,45€ / KG",
Recarga para Difusor Automático Lavanda e Jasmim,BRISE,Emb. 1 UNID.,"3,59€","3,59€ / UNID.",
Heinz Ketchup Squeezable,HEINZ,Emb. 0.342 KG,"2,99€","8,74€ / KG",
Cápsulas Café Expresso Intenso Intensidade 7,DOLCE GUSTO,Emb. 16 CAPS.,"5,99€","0,37€ / CAPS.",
Migas Bacalhau da Noruega,,Emb. 0.4 KG,"5,19€","12,98€ / KG",
Ananás em Calda,FRUÍSTAR,Emb. 0.825 KG,"2,49€","3,02€ / KG",
Gel de Banho Hidratante Baby Rich Moisture,BABY DOVE,Emb. 0.4 LT,"3,29€","8,23€ / LT",
Difusor Elétrico 3 Volution + Recarga Japan Tatami,AMBIPUR,Emb. 2 UNID.,"9,99€","5,00€ / UNID.",
Sabão Marselha Cubo,EPSIL,,"1,59€",/ Unid.,
Rum Carta Blanca,BACARDI,Garrafa 0.7 LT,"17,09€","24,41€ / LT",
Bolo de Marmore Chocolate,P'TIT DÉLI,Emb. 0.3 KG,"2,19€","7,30€ / KG",
Água com Gás Levíssima 6x33cl,PEDRAS SALGADAS,Emb. 1.98 LT,"2,77€","1,40€ / LT",
Cerveja C/ Álcool,CARLSBERG,Lata 0.033 LT,"0,74€","22,42€ / LT",
Cereais de Milho S/ Glúten Corn Flakes,NESTLÉ,Emb. 0.375 KG,"2,24€","5,97€ / KG",
Patê Bocadelia de Caranguejo,LA PIARA,Frasco 0.17 KG,"2,24€","13,18€ / KG",
Champô Extra Suave,MANAVA,Emb. 0.5 LT,"2,29€","4,58€ / LT",
Tarte Gelada Chocolate,VIENNETTA,Emb. 0.65 LT,"3,99€","6,14€ / LT",
Coentros em Folhas,MARGÃO,Emb. 0.007 KG,"1,79€","255,71€ / KG",
Pensos Higiénicos Super Alas,EVAX,Emb. 10 UNID.,"2,99€","0,30€ / UNID.",
Café Cápsulas Selezionato Intensidade 7,PLANTATION,Emb. 10 CAPS.,"2,09€","0,21€ / CAPS.",
Feijão Verde Muito Fino Ultracongelados,,Emb. 1 KG,"1,29€","1,29€ / KG",
Iogurte Déli Light 4 Sabores 12x125g,DÉLISSE,Emb. 1.5 KG,"2,69€","1,79€ / KG",
Vinho Regional Alentejo Tinto,REGUENGOS,Garrafa 0.75 LT,"5,99€","7,99€ / LT",
Cola Madeira Rapida Em Tubo,FOXTER,Emb. 0.055 LT,"1,99€","36,18€ / LT",
Compota de Fruta de Maçã sem Adição de Açúcares 4x100g,DOUCEUR DU VERGER,Emb. 0.4 KG,"1,39€","3,48€ / KG",
DOCE TEMPORADA ABÓBORA 350G,CASA MATEUS,Emb. 0.35 KG,"2,69€","7,69€ / KG",
Alimento P/ Bebé Natural +6 meses 4 Unid.,NESTLÉ BEBÉ,Emb. 0.4 KG,"2,39€","5,98€ / KG",
Absorvente Branco para Gato Aglomerante,TOUS MES AMIS,Emb. 4 LT,"2,99€","0,75€ / LT",
Fraldas Bebé T3 Doucer 4/9Kg,MOTS D'ENFANTS,Emb. 90 UNID.,"10,03€","0,11€ / UNID.",
Água sem Gás,LUSO,Garrafão 7 LT,"2,05€","0,29€ / LT",
ACUCAR BAUNILHA X10 SAQUETAS,TABLIER BLANC,Emb. 0.075 KG,"1,59€","21,20€ / KG",
BATOM NUTRE E PROTEGE BIO,BIONAÏA,Emb. 1 UNID.,"2,25€","2,25€ / UNID.",
Alimento Seco Cão Vitafit Balance Frango e Legumes,PURINA FRISKIES,Emb. 4 KG,"12,79€","3,20€ / KG",
Aguardente Vínica Velha,SÃO DOMINGOS,Emb. 0.7 LT,"12,79€","18,27€ / LT",
Tablete de Chocolate Culinária 70% Cacau,NESTLÉ,Emb. 0.17 KG,"1,94€","11,41€ / KG",
Creme Remodelador Q10 Plus,NIVEA,Emb. 0.3 LT,"11,99€","39,97€ / LT",
ROLO COZINHA 2F COMPACTO 2=4 ECOLOGICO,UNÍ VERT,,"2,99€",/ Unid.,
Sidra com Álcool de Maça 50cl,SOMERSBY,Emb. 0.5 LT,"1,24€","2,48€ / LT",
PEITO DE PERU FATIAS FINAS,CAMPO FINO,Emb. 0.15 KG,"1,49€","9,93€ / KG",
Bolachas Recheadas Baunilha,ECO+,Emb. 0.5 KG,"1,39€","2,78€ / KG",
Pizza Carbonara,CAMPOFRIO,Emb. 0.36 KG,"3,39€","9,42€ / KG",
Wafers Enroladas Cobertas Chocolate de Leite,P'TIT DÉLI,Emb. 0.125 KG,"1,49€","11,92€ / KG",
Chá de Camomila,,Emb. 25 SAQ.,"0,79€","0,03€ / SAQ.",
Rissóis de Camarão 8 Unid.,SNR,Emb. 0.325 KG,"1,99€","6,12€ / KG",
Chouriço Mouro Terras de Xisto,SNR,Emb. 0.25 KG,"2,79€","11,16€ / KG",
Preparado de Arroz de Marisco,PESCANOVA,Emb. 0.5 KG,"4,99€","9,98€ / KG",
Gengibre,,1 Unid. = 0.3 KG (aprox.),"4,49€/kg","1,35€ / Unid.",
Bolachas Tostada com Leite 4x200gr,P'TIT DÉLI,Emb. 0.8 KG,"1,59€","1,99€ / KG",
Cereais de Trigo Original,WEETABIX,Emb. 0.43 KG,"3,54€","8,23€ / KG",
Edulcorante de Mesa,CANDEREL,Emb. 0.09 KG,"2,99€","33,22€ / KG",
Néctar de Pera Rocha Clássico,COMPAL,Emb. 0.33 LT,"0,79€","2,39€ / LT",
Água sem Gás 6x50cl,SERRA DA ESTRELA,Emb. 3 LT  (aprox.),"1,99€","0,66€ / LT",
Sumo Maçã,JAFADEN,Emb. 1 LT,"0,69€","0,69€ / LT",
Gelatina em Pó Ananás 2x85g,TABLIER BLANC,Emb. 0.17 KG,"0,85€","5,00€ / KG",
Vinho de Mesa Tinto,CASAL DA EIRA,Emb. 0.25 LT,"0,69€","2,76€ / LT",
Macarrão,ECO+,Emb. 1 KG,"1,29€","1,29€ / KG",
Dossier A4 Plástico Lombada 4Cm Argolas,ESQUISSE,Emb. 1 UNID.,"2,59€","2,59€ / UNID.",
Tomate Cal. 67/82,,1 Unid. = 0.2 KG (aprox.),"2,29€/kg","0,46€ / Unid.",
Batom de Cieiro com Óleo de Jojoba e Manteiga de Karité,LABELLO,Emb. 1 UNID.,"2,29€","2,29€ / UNID.",
Desodorizante Roll-On Tropical 48H,REXONA,Emb. 0.05 LT,"2,69€","53,80€ / LT",
Bolachinhas de Manteiga sem Glúten,CHAQUE JOUR SANS GLUTEN,Emb. 0.13 KG,"1,89€","14,54€ / KG",
"ATUM EM AZEITE, 120G",TENÓRIO,Emb. 0.12 KG,"2,14€","17,83€ / KG",
Vinho Regional Alentejo Branco,REGUENGOS,Garrafa 0.75 LT,"2,39€","3,19€ / LT",
Champô Cabelo Secos Garnier Maravilhoso,ULTRA SUAVE,Emb. 0.25 LT,"3,59€","14,36€ / LT",
Café Solúvel Clássico Creme,NESCAFÉ,Frasco 0.1 KG,"3,99€","39,90€ / KG",
Massa Cotovelinho Clássica,NACIONAL,Emb. 0.5 KG,"1,59€","3,18€ / KG",
"SYOSS KERATIN MOUSSE,,250ML",SYOSS,Emb. 0.25 LT,"3,24€","12,96€ / LT",
ELIXIR BOCAL EXPERT SENSITIVE,DENTAMYL,Emb. 0.5 LT,"1,29€","2,58€ / LT",
COGUMELOS FERBAR INTEIRO 290G,FERBAR,Emb. 0.29 KG,"1,33€","4,59€ / KG",
DENTIFRICO CARVAO BIO,BIONAÏA,Emb. 0.075 LT,"1,99€","26,53€ / LT",
MOLHO SALADAS C/ ERVAS FINAS,RUSTICA,Emb. 0.5 LT,"0,84€","1,68€ / LT",
BEBIDA AMENDOA S/ACUCAR,ALPRO,Emb. 1 LT,"2,39€","2,39€ / LT",
Cone Baunilha e Chocolate,TRIUM,Emb. 6 UNID.,"1,99€","0,33€ / UNID.",
QUEIJO P/ BARRAR LIGHT,LES CROISÉS,Emb. 0.15 KG,"0,79€","5,27€ / KG",
Ambientador Micado Stick Up Muddle Wine,AIR WICK,Emb. 0.05 LT,"7,19€","143,80€ / LT",
Desodorizante Roll-On Rosa e Aloe Vera,BIONAÏA,Emb. 0.05 LT,"0,99€","19,80€ / LT",
Vinho Branco Frutado,CORAÇÃO DA MINHA,Garrafa 0.75 LT,"1,59€","2,12€ / LT",
HAMBURGUER DE PORCO 4UN,CHANTEGRIL,Emb. 0.32 KG,"1,79€","5,59€ / KG",
SUMO MULTIFRUTOS -30% ACUCAR,JAFADEN,,"1,59€",/ Unid.,
BLOCO SANITARIO C/LIXIVIA 2UN,SYPHON,Emb. 2 UNID.,"1,29€","0,65€ / UNID.",
Maionese Heinz Cebola E Alho Td 400ml,HEINZ,Emb. 0.4 LT,"3,79€","9,48€ / LT",
Vinho Regional Dão Tinto Reserva 2013,QUINTA DE CABRIZ,Garrafa 0.75 LT,"9,49€","12,65€ / LT",
Grelos Mil Folhas Ultracongelados,BONDUELLE,Emb. 0.4 KG,"2,24€","5,60€ / KG",
Refrigerante S/ Gás Pêssego/Damasco,JAFUN,Emb. 2 LT,"1,89€","0,95€ / LT",
Cuecas Incontinência Discreet M,AUSONIA,Emb. 9 UNID.,"9,99€","1,11€ / UNID.",
Mousse de Chocolate de Leite 4x60g,DÉLISSE,Emb. 0.48 LT,"0,99€","2,06€ / LT",
Gel Sanitário Harpic Liquido Força do Oceano,,Emb. 0.75 LT,"1,94€","2,59€ / LT",
Papel de Alumínio,VILEDA,Emb. 50 M,"9,89€","0,20€ / M",
ROLO COZINHA COMPACTO MULTIUSOS ECO,UNÍ VERT,Emb. 2 UNID.,"2,59€","1,30€ / UNID.",
VILEDA FIBRA SINTETICA C/ABRASIVO PLAST. 1\\\'S,VILEDA,,"1,99€",/ Unid.,
Kefir Natural Pack Promo,KÉFIR,Emb. 1.2 KG,"4,39€","3,66€ / KG",
CREPES SIMPLES DA BRETANHA,NOS RÉGIONS ONT DU TALENT,Emb. 0.085 KG,"1,99€","23,41€ / KG",
Nata UHT,GRESSO,Emb. 0.2 LT,"0,84€","4,20€ / LT",
Alimento Húmido Gato Completo Delícias do Mar 3x400 g,TOUS MES AMIS,Emb. 3 KG,"2,69€","0,90€ / KG",
"Água sem Gás 6x1,5 L",LUSO,Emb. 9 LT,"3,09€","0,34€ / LT",
Miolo de Camarão Ultracongelado,PESCANOVA,Emb. 0.2 KG,"7,19€","35,95€ / KG",
Croissants 10Unid.,ECO+,Emb. 0.4 KG,"1,65€","4,13€ / KG",
Esparguete s/glúten,CHAQUE JOUR SANS GLUTEN,Emb. 0.4 KG,"1,49€","3,73€ / KG",
MORTADELA COM AZEITONA FATIADA,CAMPO FINO,Emb. 0.2 KG,"0,99€","4,95€ / KG",
Cappuccino,PLANTATION,Emb. 16 CAPS.,"2,44€","0,15€ / CAPS.",
Esparguete Fino Clássica,NACIONAL,Emb. 0.5 KG,"1,99€","3,98€ / KG",
Alho em Pó,MARGÃO,Emb. 0.055 KG,"3,19€","58,00€ / KG",
Swiss Dark Chocolate Meio Amargo,TOBLERONE,Emb. 0.1 KG,"2,49€","24,90€ / KG",
Iogurte Sólido Suissinhos Morango Alperce,YOCO,Emb. 0.252 KG,"1,74€","6,90€ / KG",
Fraldas Bebé T5 Doucer 11/25 Kg,MOTS D'ENFANTS,Emb. 66 UNID.,"9,14€","0,14€ / UNID.",
ABRASIVO SANITARIO MARINHO ACTIV EFFECT 750ML,SYPHON,Emb. 0.75 LT,"0,99€","1,32€ / LT",
Canela Pau,MARGÃO,Emb. 0.03 KG,"2,79€","93,00€ / KG",
GELADO BAUNILHA E CHOCOLATE 16UN,ECO+,Emb. 16 UNID.,"2,19€","0,14€ / UNID.",
SEPARADORES CARTAO A4 12UN,ESQUISSE,Emb. 12 UNID.,"1,69€","0,14€ / UNID.",
DETERGENTE MANUAL LOICA ULTRA FRAMBOESA/VINAGRE FRUTOS 500ML,VISIOR,Emb. 0.5 LT,"0,69€","1,38€ / LT",
AIRWICK AMBIENTADOR RECARGA WHITE BOUQUET,AIRWICK,Emb. 0.02 LT,"4,79€","239,50€ / LT",
LIMPA VIDROS AUTO 1 L 1L TECH9,TECH9,Emb. 1 LT,"1,19€","1,19€ / LT",
Body Lotion Refirmante em 2 Semanas Q10,NIVEA,Emb. 0.25 LT,"4,99€","19,96€ / LT",
Queijo Flamengo Light Fatiado,MIMOSA,Emb. 0.2 KG,"2,49€","12,45€ / KG",
Bolacha Cream Crackers Estilo Inglês,CUÉTARA,Emb. 0.2 KG,"1,29€","6,45€ / KG",
Leite P/ Lactentes 1,NAN,Emb. 0.8 KG,"16,59€","20,74€ / KG",
Café Delta Moido Máquina Lote Chávena,DELTA,Emb. 0.25 KG,"2,29€","9,16€ / KG",
Chá Verde e Limão Light,TISANA,Garrafa 1.5 LT,"1,49€","0,99€ / LT",
FAIRY MAO ULTRA PODER LIMAO 600ML,,Emb. 0.6 LT,"2,04€","3,40€ / LT",
Creme Culinária Soja,SHOYCE,Emb. 0.2 L,"1,39€","6,95€ / L",
Barras de Cereais de Chocolate C/ Leite 6 Unid.,CHOCAPIC,Emb. 0.15 KG,"3,29€","21,93€ / KG",
Lip Therapy Original,VASELINE,Emb. 0.017 KG,"2,99€","175,88€ / KG",
LACOS SECOS,P'TIT DÉLI,Emb. 0.18 KG,"1,59€","8,83€ / KG",
Calamares,ECO+,Emb. 0.5 KG,"2,89€","5,78€ / KG",
CANETA ROLLER GEL CORES SORTIDAS 3UN,ESQUISSE,Emb. 3 UNID.,"1,65€","0,55€ / UNID.",
Asia Pot Noodles de Frango,KNORR,Emb. 0.065 KG,"1,89€","29,08€ / KG",
Cápsulas Café Expresso Peru Intensidade 8 Bio,DOLCE GUSTO,Emb. 12 CAPS.,"5,59€","0,47€ / CAPS.",
CADERNO AGRA.CART.3COR.A4 PAUT 60P,ESQUISSE,Emb. 1 UNID.,"1,09€","1,09€ / UNID.",
Bebida Energética Energy Drink 4x25cl,RED BULL,Emb. 1 LT,"5,56€","5,56€ / LT",
TARTELETES PURA MANTEIGA C/ RECHEIO CARAMELO E COB CHOCOLATE LEITE,P'TIT DÉLI,Emb. 0.127,"1,39€","10,94€ /",
Preparado em Pó P/ Gelatina de Ananás,ROYAL,Emb. 0.114 KG,"1,99€","17,46€ / KG",
VINAGRE LIMPEZA LIMAO,CLAIR,Emb. 1 LT,"0,79€","0,79€ / LT",
ALGODAO DESMAQUILHANTE BOLAS,INELL,Emb. 100 UNID.,"0,79€","0,01€ / UNID.",
Acendalhas de Madeira Cubos,SILEX,Emb. 28 UNID.,"0,89€","0,03€ / UNID.",
Manga Barco,,1 Unid. = 0.5 KG (aprox.),"1,99€/kg","1,00€ / Unid.",
Argolas do Mar Ultracongelado,PESCANOVA,Emb. 0.4 KG,"3,99€","9,98€ / KG",
Bolachas de Cereais Dinosauros,ARTIACH,Emb. 0.185 KG,"2,09€","11,30€ / KG",
CREME GORDO 1L,INELL,Emb. 1 LT,"12,99€","12,99€ / LT",
MISTURA DE FRUTOS TROPICAL EM CALDA 4/4,DOUCEUR DU VERGER,Emb. 0.825 KG,"3,19€","3,87€ / KG",
PREPARADO PARA BOLO FOFO PRONTO A COZER,TABLIER BLANC,Emb. 0.5 KG,"2,89€","5,78€ / KG",
Couscous Semi Integrais,,Emb. 0.5 KG,"1,59€","3,18€ / KG",
5 em 1 Glade Vanilla,BRISE,Spray 0.3 LT,"1,54€","5,13€ / LT",
Tarte Gelada Morango,VIENNETTA,Emb. 0.65 LT,"3,99€","6,14€ / LT",
ALIMENTO HUMIDO CARNES C/ MOLHO P/ CAO 12X100G,TOUS MES AMIS,Emb. 12 UNID.,"4,99€","0,42€ / UNID.",
Fermento de Padeiro 6x5g,TABLIER BLANC,Emb. 0.03 KG,"1,29€","43,00€ / KG",
Batatas Fritas Lisas,POM'LISSE,Emb. 0.2 KG,"1,19€","5,95€ / KG",
Néctar Tutti Frutti,JAFADEN,Emb. 1 LT,"0,99€","0,99€ / LT",
FEIJAO BRANCO LATA MGUIA,NOTRE JARDIN,Emb. 0.425 KG,"0,75€","1,76€ / KG",
Vinho Verde Branco,LAGOSTA,Garrafa 0.75 LT,"3,99€","5,32€ / LT",
Red Bull,RED BULL,Lata 0.355 LT,"1,89€","5,32€ / LT",
Refrigerante C/ Gás Laranja Pack 6,FANTA,Emb. 1.98 LT,"4,14€","2,09€ / LT",
Queijo de Ovelha Barrado Seia,QUEIJOS LAGOS,1 Unid. = 0.5 KG (aprox.),"14,98€/kg","7,49€ / Unid.",
Sumo de Uva,ECO+,Emb. 1 LT,"0,99€","0,99€ / LT",
Conserva de Salsichas Hot Dog 4 Unid.,IZIDORO,Frasco 0.25 KG,"2,19€","8,76€ / KG",
Creme Revitalift Dia,DERMO EXPERTISE,Emb. 0.03 LT,"16,99€","566,33€ / LT",
MOLHO COCKTAIL 253ML,CALVÉ,Emb. 0.253,"2,69€","10,63€ /",
Coloração 1-0 PRETO 16X3,SYOSS,,"4,99€",/ Unid.,
Presunto Fatiado 2x75g,DAMATTA,Emb. 0.15 KG,"3,89€","25,93€ / KG",
Almôndegas Bovino Mini,FERIAL,Emb. 0.75 KG,"7,99€","10,65€ / KG",
Regulador Ph Menos Sólido Granulado,BEAUX JOURS,Emb. 2 KG,"10,99€","5,50€ / KG",
Cereais C/ Aveia e Maçã,NESTUM,Emb. 0.25 KG,"2,19€","8,76€ / KG",
Bolachas Wafer com Recheio Chocolate,ECO+,Emb. 0.19 KG,"0,79€","4,16€ / KG",
Conserva de Salsichas Bockwurst 5 Unid.,CÔTÉ TABLE,Frasco 0.25 KG,"1,49€","5,96€ / KG",
BOLINHOS IOGURTE C/ BASE CHOCOLATE 7UN POCKET,P'TIT DÉLI,Emb. 0.21 KG,"2,29€","10,90€ / KG",
Cereais de Chocolate C/ Pepitas,COOKIE CRISP,Emb. 0.375 KG,"2,92€","7,79€ / KG",
Gomas Sabor a Frutos,HARIBO,Emb. 0.1 KG,"1,09€","10,90€ / KG",
Algodão Activo Limpa Metais Brilho,DURAGLIT,Emb. 0.075 KG,"8,99€","119,87€ / KG",
FILETES DE CAVALA COM TOMATE E MANJERICAO,PÊCHE OCÉAN,Emb. 0.16 KG,"1,59€","9,94€ / KG",
Desodorizante Spray Mulher Biorythm,REXONA,Emb. 0.15 LT,"2,39€","15,93€ / LT",
Caldo de Galinha sem Sal Pack 8,KNORR,Emb. 0.072 KG,"1,49€","20,69€ / KG",
Limpeza Móveis Classic Protege,PRONTO,Spray 0.3 LT,"4,79€","15,97€ / LT",
EMPADAO DE CARNE PICADA,CÔTÉ TABLE,Emb. 0.35 KG,"2,29€","6,54€ / KG",
Escova de Dentes Média,COLGATE,Emb. 1 UNID.,"4,39€","4,39€ / UNID.",
Creme Limpeza para Placas de Vitrocerâmica,VITROCLEN,Emb. 0.45 LT,"5,99€","13,31€ / LT",
Vinho Regional Dão Tinto,CASA DE SANTAR,Garrafa 0.75 LT,"7,49€","9,99€ / LT",
Refrigerante sem Gás Laranja Maracujá,FRUTIS,Emb. 1.5 LT,"1,15€","0,77€ / LT",
Dentífrico Max White Cool Mint,COLGATE,Emb. 0.075 LT,"5,49€","73,20€ / LT",
Alimento P/ Húmido Gato Seleção de Mousses,FRISKIES,Emb. 0.68 KG,"5,85€","8,60€ / KG",
"LAPISEIRA 0,7MM+12MINAS+2BORRACHAS",ESQUISSE,Emb. 1 UNID.,"1,89€","1,89€ / UNID.",
Gelados de Amêndoas,MAGNUM,Emb. 4 UNID.,"4,99€","1,25€ / UNID.",
"Mini Gelados de Chocolate Classic, de Amêndoas e de Branco Pack 6",MAGNUM,Emb. 0.33 LT,"4,99€","15,12€ / LT",
COLORACAO LOURO DOURADO 7.3 1UN VITANOVE,VITANOVE,Emb. 1 UNID.,"3,89€","3,89€ / UNID.",
Rebuçados sem Açúcar Sabor Morango 4x32g,HALLS,Emb. 0.128 KG,"2,99€","23,36€ / KG",
Alface Frisada,,1 Unid. = 0.4 KG (aprox.),"2,04€/kg","0,82€ / Unid.",
RIMMEL BL_ BATON LASTING FINISH 214 FIRECRACKER,,Emb. 1 UNID.,"8,10€","8,10€ / UNID.",
Gomas Aromatizadas Frita Vários Sabores,COPAÍNS COPINES,Emb. 0.275 KG,"1,39€","5,05€ / KG",
Bandas Depilatórias Cera Fria,SILISS,Emb. 40 UNID.,"2,99€","0,07€ / UNID.",
CALDEIRADA DE PEIXE,PÊCHE OCÉAN,Emb. 0.9 KG,"4,99€","5,54€ / KG",
Empadão de Carne,CÔTÉ TABLE,Emb. 0.3 KG,"2,89€","9,63€ / KG",
Iogurte Bifidus Sólido Natural S/ Lactose,ACTIVIA,Emb. 0.12 KG,"2,19€","18,25€ / KG",
Pensos Higiénicos Noite Maxi Pocket 12 Unid.,DOULYS,Emb. 12 UNID.,"1,29€","0,11€ / UNID.",
Condicionador Protecção do Calor,TRESEMMÉ,Emb. 0.2 LT,"5,39€","26,95€ / LT",
COGUMELO FERBAR INTEIRO 185G,FERBAR,Emb. 0.185 KG,"0,96€","5,19€ / KG",
Arroz Basmati Himalaia,SALUDÃES,Emb. 1 KG,"2,24€","2,24€ / KG",
Sobremesa de Soja Pêssego,NAT&VIE,Emb. 0.4 KG,"1,40€","3,50€ / KG",
Vaselina Jelly Baby,VASELINE,Emb. 0.1 LT,"1,49€","14,90€ / LT",
Queijo Fundido e Palitos Tostados,VACA QUE RI,Emb. 0.035 KG,"0,79€","22,57€ / KG",
Palitos Salgados,ECO+,Emb. 0.25 KG,"0,79€","3,16€ / KG",
BARRA CEREAIS CHOCO LEITE COCO,GRAINEA,Emb. 0.126 KG,"1,49€","11,83€ / KG",
BISCOITOS COM PEPITAS CHOCOLATE EM SACOS INDIVIDUAIS 16X25G,P'TIT DÉLI,Emb. 0.4 KG,"2,15€","5,38€ / KG",
Queijo Ralado Mozzarella Especial Pizza,PRÉSIDENT,Emb. 0.15 KG,"2,55€","17,00€ / KG",
Rolo Cozinha Compacto XXL,MARQUE REPERE,Emb. 1 UNID.,"0,99€","0,99€ / UNID.",
Massa Capellini,TURINI,Emb. 0.5 KG,"0,89€","1,78€ / KG",
Axe Collision Gel de Banho Leather & Cookies,AXE,Emb. 0.4 LT,"3,29€","8,23€ / LT",
Leite Bem Especial Cálcio Meio Gordo,MIMOSA,Emb. 1 LT,"0,98€","0,98€ / LT",
Chocolate em pó P/ Leite,NESTLÉ,Emb. 0.39 KG,"3,14€","8,05€ / KG",
Alimento Completo Periquito,VITAKRAFT,Emb. 1 KG,"3,99€","3,99€ / KG",
PILHAS ALCALINAS LR14 TECH+,FOXTER,Emb. 2 UNID.,"3,59€","1,80€ / UNID.",
Sidra com Álcool Blackberry 4x33cl,SOMERSBY,Emb. 1.32 LT,"3,99€","3,02€ / LT",
Vinho Rosé Lancers,LANCERS,Garrafa 0.75 LT,"3,99€","5,32€ / LT",
CEREAIS BOLINHAS DE CHOCOLATE,ECO+,Emb. 0.75 KG,"2,49€","3,32€ / KG",
Papel Higiénico,MARQUE REPERE,Emb. 48 UNID.,"8,49€","0,18€ / UNID.",
Alimento Seco P/ Gatos Aves Cenoura Legumes e Leite,LYCAT,Emb. 2 KG,"4,65€","2,33€ / KG",
Rum de Coco,MALIBU,Garrafa 0.7 LT,"16,49€","23,56€ / LT",
FAIRY ROSA E CETIM 650ML,,Emb. 0.65 LT,"1,94€","2,98€ / LT",
Alimento P/ Bebé Frutas Variadas +6 meses 4 Unid.,NESTLÉ BEBÉ,Emb. 0.4 KG,"2,39€","5,98€ / KG",
QUEIJO ROQUEFORT DOP,NOS RÉGIONS ONT DU TALENT,Emb. 0.15 KG,"2,69€","17,93€ / KG",
Pêssego Paraguaio,,1 Unid. = 0.15 KG (aprox.),"2,49€/kg","0,37€ / Unid.",
Água com Gás Limão 4x25 cl,FRIZE,Emb. 1 LT,"2,69€","2,69€ / LT",
PATE DE FIGADO DE AVES C/ VINHO DO PORTO,CÔTÉ TABLE,Emb. 0.18 KG,"1,39€","7,72€ / KG",
Queijo Fatiado 2X200 g,LIMIANO,Emb. 0.4 KG,"5,28€","13,20€ / KG",
Atum em Posta Azeite,BOM PETISCO,Emb. 0.385 KG,"4,24€","11,01€ / KG",
DENTIFRICO MENTA BIO,BIONAÏA,Emb. 0 LT,"1,99€",inf€ / LT,
Nata UHT,MIMOSA,Emb. 0.2 LT,"0,99€","4,95€ / LT",
Whisky 12 Anos,CHIVAS REGAL,Garrafa 0.7 LT,"32,99€","47,13€ / LT",
Espumante Bruto,COMP DO VINHO,Garrafa 0.75 LT,"3,29€","4,39€ / LT",
CARTE DOR CHOCOLATE & AVELÃ,CARTE D'OR,Emb. 1 LT,"2,89€","2,89€ / LT",
Saqueta Multifrutos com Bolacha,HERO BABY,Emb. 0.1 KG,"0,98€","9,80€ / KG",
SAL DE MESA,ECO+,Emb. 0.25 KG,"0,27€","1,08€ / KG",
CARVAO PREMIUM,,Emb. 5 KG,"7,49€","1,50€ / KG",
Chamuças de Carne,,Emb. 4 UNID.,"1,99€","0,50€ / UNID.",
Pães de Leite com Pepitas Chocolate de Leite 10 Unid.,EPI D'OR,Emb. 0.35 KG,"1,99€","5,69€ / KG",
BL1 LED STANDARD 14W-100W E27 LUZ AMARELA,FOXTER,Emb. 1 UNID.,"8,99€","8,99€ / UNID.",
ERVILHAS CONGELADAS,ECO+,Emb. 1 KG,"1,19€","1,19€ / KG",
Alimento Seco P/ Gato de Salmão,PURINA,Emb. 1.5 KG,"11,99€","7,99€ / KG",
TRAVESSA + NAPERON N 7L,,Emb. 1 UNID.,"1,09€","1,09€ / UNID.",
Lasanha à Bolonhesa Ultracongelado,CÔTÉ TABLE,Emb. 1 KG,"3,59€","3,59€ / KG",
PREPARADO PARA LEITE CREME,DÉLISSE,Emb. 0.4 KG,"2,99€","7,48€ / KG",
"Cerveja Tequila 5,9% Vol. 3 Unid.",DESQUILES,Emb. 0.99 LT,"3,39€","3,42€ / LT",
Coloração Longa Duração Belle Color 4 Castanho,GARNIER,Emb. 1 UNID.,"5,99€","5,99€ / UNID.",
Ovos Solo M,SNR,Emb. 6 UNID.,"1,19€","0,20€ / UNID.",
AIRWICK STICKS DELICIAS V,AIRWICK,Emb. 1 UNID.,"7,19€","7,19€ / UNID.",
Miolo Amêndoa Granulada,MARQUE REPERE,Emb. 0.15 KG,"2,25€","15,00€ / KG",
Refrigerante C/ Gás Cola Zero 6 Unid.,JEAN'S,Lata 1.98 LT,"2,10€","1,06€ / LT",
Maçã Royal Gala Cal. 70/75,,1 Unid. = 0.18 KG (aprox.),"1,99€/kg","0,36€ / Unid.",
B&J Peanut Butter Cup 465ml,,Emb. 0.465 LT,"6,79€","14,60€ / LT",
Feijão Frade,NOTRE JARDIN,Emb. 1 KG,"1,89€","1,89€ / KG",
Doce de Mirtilos Biológico,,Emb. 0.375 KG,"2,65€","7,07€ / KG",
Lápis Carpintaria,ECO+,Emb. 12 UNID.,"1,52€","0,13€ / UNID.",
PETIT GATEAU CHOCOLATE 4UN,TROFIC,Emb. 0.5 KG,"2,79€","5,58€ / KG",
Miolo de Caju C/ Sal,MARQUE REPERE,Emb. 0.25 KG,"3,99€","15,96€ / KG",
Jardineira de 3 Legumes,,Emb. 0.4 KG,"0,69€","1,73€ / KG",
Massa Espirais Clássica,NACIONAL,Emb. 0.5 KG,"1,59€","3,18€ / KG",
Queijo Emmental Francês Ralado,LES CROISÉS,Emb. 0.1 KG,"1,05€","10,50€ / KG",
DOSSIER A4,ECO+,Emb. 1 UNID.,"1,69€","1,69€ / UNID.",
PEPITAS DE CHOCOLATE BIO,,Emb. 0.1 KG,"2,39€","23,90€ / KG",
WC Frescura Continua,NEO BLANC,Emb. 2 UNID.,"4,19€","2,10€ / UNID.",
Sobremesa Láctea de Morango +6Meses,BIO VILLAGE BEBE,Emb. 0.4 KG,"2,29€","5,73€ / KG",
Vinho Verde Branco,GAZELA,Garrafa 0.75 LT,"3,79€","5,05€ / LT",
Dentífrico Anti-Tártaro +Blanqueador,COLGATE,Emb. 0.075 LT,"2,24€","29,87€ / LT",
Whisky Grant's,GRANT'S,Garrafa 0.7 LT,"14,79€","21,13€ / LT",
Vinho Regional Douro Tinto,ADEGA DE VILA REAL,Garrafa 0.75 LT,"2,69€","3,59€ / LT",
Alimento Húmido P/ Gato Mixed Grill,FELIX,Emb. 0.06 KG,"1,89€","31,50€ / KG",
Arroz Carolino,BOM SUCESSO,Emb. 1 KG,"1,15€","1,15€ / KG",
Johnson's Baby Pó de Talco,JOHNSON'S BABY,Emb. 0.2 KG,"2,49€","12,45€ / KG",
BOLO ESPIRAL CHOCOLATE DE AVELA,P'TIT DÉLI,Emb. 0.15,"1,69€","11,27€ /",
Dentífrico Branqueadora Branco Intenso,AQUAFRESH,Emb. 0.075 LT,"3,19€","42,53€ / LT",
Salame Palaciego,CAMPOFRIO,1 Unid. = 0.13 KG (aprox.),"19,98€/kg","2,60€ / Unid.",
Barra Bueno Recheio Leite Avelãs Cobertura Chocolate 2 Unid.,KINDER,Emb. 0.043 KG,"1,09€","25,35€ / KG",
SORVETE TANGERINA,TROFIC,Emb. 1 LT,"1,79€","1,79€ / LT",
Chá de Frutos Vermelhos,TETLEY,Emb. 10 SAQ.,"1,12€","0,11€ / SAQ.",
Creme para Barrar com Avelãs,NUSTIKAO,Emb. 0.4 KG,"1,99€","4,98€ / KG",
Aerossol Lavanda,BRISE,Emb. 0.3 LT,"1,54€","5,13€ / LT",
FRALDAS BEBE T4 DOUCEUR 7/18 KG 74UN,MOTS D'ENFANTS,Emb. 74 UNID.,"10,98€","0,15€ / UNID.",
Batatas Pré-Fritas em Steak,POM'LISSE,Emb. 1 KG,"1,99€","1,99€ / KG",
Hamburgers de Vaca sem Glúten Ultracongelado,CAPITÃO IGLO,Emb. 0.32 KG,"3,99€","12,47€ / KG",
Champanhe Bruto,POL CARSON,Garrafa 0.75 LT,"17,29€","23,05€ / LT",
Chá de Camomila,TETLEY,Emb. 10 UNID.,"0,84€","0,08€ / UNID.",
Café Torrado Expresso Moído,PLANTATION,Emb. 0.25 KG,"1,69€","6,76€ / KG",
Néctar Vital Equilíbrio Manga Maracujá,COMPAL,Emb. 1 LT,"1,69€","1,69€ / LT",
Limpa Vidros Cristal Recarga,AJAX,Emb. 0.5 LT,"2,99€","5,98€ / LT",
"AZEITONA OXIDADA,FRC,210G QAMPO",,0.21 KG,"1,39€","6,62€ / KG",
LAVA TUDO AMONIACAL,CLAIR,Emb. 2 LT,"0,69€","0,35€ / LT",
CHAMPO ANTI-CASPA TODO TIPO CABELOS,CARRÉ HOMME,Emb. 0.25 LT,"1,99€","7,96€ / LT",
Vinho do Porto Lágrima Branco,RAMOS PINTO,Garrafa 0.75 LT,"10,19€","13,59€ / LT",
Iogurte Magro Pedaços Déli´Light 16x125g,DÉLISSE,Emb. 2 KG,"4,35€","2,18€ / KG",
TRANSPORTADORA P/CAO 55CM 1UN P\'TIT AMI,P'TIT AMI,Emb. 1 UNID.,"19,99€","19,99€ / UNID.",
Cereais Bolacha Maria,NESTUM,Emb. 0.25 KG,"2,19€","8,76€ / KG",
Desodorizante Roll-On Double Invisible,VASELINE,Emb. 0.05 LT,"2,09€","41,80€ / LT",
Donuts Classic 4x50 gr,DONUTS,Emb. 0.2 KG,"2,99€","14,95€ / KG",
SPRAY CASA BANHO,CIF,Emb. 0.75 LT,"2,49€","3,32€ / LT",
CREME PENTEAR P/ CABELO E BARBA 75ML,CARRÉ HOMME,,"2,99€",/ Unid.,
Penso Incontinência Discreet Normal,AUSONIA,Emb. 24 UNID.,"5,19€","0,22€ / UNID.",
Cápsulas Café Verona P/ Nespresso,STARBUCKS,Emb. 10 CAPS.,"4,49€","0,45€ / CAPS.",
MAIONESE C/ MOSTARDA DE DIJON TOP DOWN,RUSTICA,Emb. 0.415 KG,"1,89€","4,55€ / KG",
Preservativos Finíssimos,CONTROL,Emb. 12 UNID.,"6,99€","0,58€ / UNID.",
FAIRY MAO NATURALS BERGAMOTA 650ML,,Emb. 0.65 LT,"2,04€","3,14€ / LT",
Wafers de Cacau,,Emb. 0.17 KG,"1,35€","7,94€ / KG",
QUEIJO RALADO 3QJ,LES CROISÉS,Emb. 0.2 KG,"1,99€","9,95€ / KG",
Sardinha Congelada,,1 Unid. = 0.25 KG (aprox.),"3,49€/kg","0,87€ / Unid.",
Iogurte Líquido Morango 8 Unid.,YOGGI,Emb. 1.28 KG,"3,94€","3,08€ / KG",
CAPA CARTAO C/ELASTICO LOMBADA 4CM,ESQUISSE,Emb. 1 UNID.,"2,65€","2,65€ / UNID.",
Verniz de Unhas 60 Segundos 210,RIMMEL,Emb. 1 UNID.,"5,59€","5,59€ / UNID.",
Cominhos Moídos,MARGÃO,Emb. 0.05 KG,"1,49€","29,80€ / KG",
Queijo Bola Flamengo,TERRA NOSTRA,Emb. 1.4 KG (aprox.),"7,98€/kg","11,17€ / Unid.",
Atum Posta Azeite,BOM PETISCO,Emb. 0.2 KG,"2,39€","11,95€ / KG",
Molho Big Burger,CALVÉ,Emb. 0.25 LT,"2,69€","10,76€ / LT",
Pensos Diários Slip Maxi,AUSONIA,Emb. 30 UNID.,"1,49€","0,05€ / UNID.",
Massa Tomate e Mozzarella,KNORR,Emb. 0.072 KG,"2,15€","29,86€ / KG",
Conserva de Salsichas Frankfurt 10 Unid.,NOBRE,Lata 0.25 KG,"1,34€","5,36€ / KG",
BATATA DOCE EM PEDACOS BIO,,Emb. 0.6 KG,"1,99€","3,32€ / KG",
Bolachas de Manteiga com Pepitas de Chocolate,P'TIT DÉLI,Emb. 0.2 KG,"1,49€","7,45€ / KG",
Bicarbonato,RUSTICA,Emb. 0.05 KG,"0,49€","9,80€ / KG",
Conserva de Feijão Manteiga Cozido,NOTRE JARDIN,Frasco 0.57 KG,"0,69€","1,21€ / KG",
"ALIMENT BEBE: PURE CENOURAS, ARROZ E ABOBORA BIO +6M 2X200G",BIO VILLAGE BEBE,Emb. 0.4 KG,"2,39€","5,98€ / KG",
Cereais Granola de Aveia Chocolate,FITNESS,Emb. 0.3 KG,"2,79€","9,30€ / KG",
Bife do Acém Vitelão,,1 Unid. = 0.25 KG (aprox.),"6,99€/kg","1,75€ / Unid.",
Alimento Seco P/ Gato Bacalhau,PURINA FRISKIES,Emb. 4 KG,"15,99€","4,00€ / KG",
Ambientador Difusor Essential Mist Citrus,AIR WICK,Emb. 1 UNID.,"13,19€","13,19€ / UNID.",
Vinho Regional Douro Tinto,MONTES ERMOS,Garrafa 0.75 LT,"4,49€","5,99€ / LT",
Ice Tea Pêssego,NESTEA,Garrafa 1.5 LT,"1,00€","0,67€ / LT",
Leite UHT Meio Gordo,MATINAL,Emb. 1 LT,"1,09€","1,09€ / LT",
Ervilhas e Cenouras Extra Finas,NOTRE JARDIN,Emb. 0.4 KG,"1,29€","3,23€ / KG",
CREME HIDRATANTE 250ML,ECO+,Emb. 0.25 LT,"1,59€","6,36€ / LT",
DOURADINHOS FRANGO 18UN,CÔTÉ CROC,Emb. 0.4 KG,"3,99€","9,98€ / KG",
Guardanapos Folha Simples,MARQUE REPERE,Emb. 100 UNID.,"0,69€","0,01€ / UNID.",
Spray Tira Nodoas Desengordurante,KH-7,Emb. 0.75 LT,"4,89€","6,52€ / LT",
Soro Fisiológico 60ml,HIDRO,Emb. 0.06 LT,"0,74€","12,33€ / LT",
Cápsulas Café Cortado Espresso Macchiato Intensidade 8,DOLCE GUSTO,Emb. 16 CAPS.,"5,99€","0,37€ / CAPS.",
Gomas Bananas,COPAÍNS COPINES,Emb. 0.2 KG,"0,99€","4,95€ / KG",
Bolachas com Cobertura Chocolate Preto,P'TIT DÉLI,Emb. 0.2 KG,"1,29€","6,45€ / KG",
AUSCULTADORES C/MICRO PRETO,LINKSTER,Emb. 1 UNID.,"11,90€","11,90€ / UNID.",
Conserva de Atum em Posta Natural,PÊCHE OCÉAN,Emb. 0.12 KG,"0,99€","8,25€ / KG",
Cerveja com Álcool,CRISTAL,Garrafa 1 LT,"1,35€","1,35€ / LT",
Leite de Crescimento 1+ Cereais,NESTLÉ,Emb. 1 LT,"2,49€","2,49€ / LT",
Recheio P/ BOUCHEES A LA REINE,CÔTÉ TABLE,Emb. 4 KG,"1,69€","0,42€ / KG",
Néctar de Tutti Frutti Clássico 3 Unid.,JAFADEN,Emb. 0.6 LT,"0,89€","1,48€ / LT",
Delícias do Mar Sabor a Caranguejo,,Emb. 0.4 KG,"2,25€","5,63€ / KG",
Refrigerante C/ Gás Limão,ECO+,Emb. 2 LT,"0,79€","0,40€ / LT",
Whisky Malte 12 Anos,CARDHU,Garrafa 0.7 LT,"35,99€","51,41€ / LT",
Cebola Picada Ultracongelada,IGLO,Emb. 0.35 KG,"1,19€","3,40€ / KG",
Red Fish Grande Congelado,,1 Unid. = 0.5 KG (aprox.),"4,99€/kg","2,50€ / Unid.",
MASSA FOLHADA,TABLIER BLANC,Emb. 0.23 KG,"1,19€","5,17€ / KG",
Guardanapos 2 Folhas,MARQUE REPERE,Emb. 100 UNID.,"1,29€","0,01€ / UNID.",
Café Solúvel Alta Rica Intenso,NESCAFÉ,Emb. 0.1 KG,"6,39€","63,90€ / KG",
Queijo de Cabra Curado,SALOIO,Emb. 0.2 KG,"3,99€","19,95€ / KG",
Noz C/ Casca,MARQUE REPERE,Emb. 0.5 KG,"3,19€","6,38€ / KG",
Amaciador Ultra Suave Óleo de Abacate,GARNIER,Emb. 0.2 LT,"3,59€","17,95€ / LT",
Cerveja com Álcool Mini 20x25cl,SAGRES,Emb. 5 LT,"8,99€","1,80€ / LT",
CHUVEIRO CROMADO 5 JATOS STOP+TUBO FLEXIVEL 1.75M,FOXTER,Emb. 1 UNID.,"14,99€","14,99€ / UNID.",
Proteção Contra o Calcário e a Sujidade,CALGON,Emb. 1.5 LT,"11,99€","7,99€ / LT",
BATATA FRITA DOCE,POM'LISSE,,"1,69€",/ Unid.,
Salsichão com Alho Fumado,TRADILÈGE,Emb. 0.3 KG,"2,69€","8,97€ / KG",
Vinho Tinto Quinta Do Vallado Douro,QUINTA DO VALLADO,Emb. 0.75 LT,"7,75€","10,33€ / LT",
Pensos Higiénicos Ultra Finos,ECO+,,"0,95€",/ Unid.,
Spray Ultra Desembaraçante,CORINE DE FARME,Emb. 0.15 LT,"1,99€","13,27€ / LT",
Vinho Branco A.O.C. MONBAZILLAC 14,TERRASSES D'AUTAN,Garrafa 0.75 CL,"5,99€","7,99€ / CL",
Cerveja com Álcool Abadia 6x33cl,SUPER BOCK,Emb. 1.98 LT,"4,49€","2,27€ / LT",
LAPIS DE COR 18UN,ECO+,Emb. 18 UNID.,"1,59€","0,09€ / UNID.",
Fiambre da Perna Extra,NOBRE,1 Unid. = 0.11 KG (aprox.),"12,98€/kg","1,43€ / Unid.",
Bloco Sanitário 3 em 1 Atlantic,DOMESTOS,Emb. 0.04 KG,"1,19€","29,75€ / KG",
DROPS BOLAS DE NEVE M.GUIA,COPAÍNS COPINES,Emb. 0.25 KG,"1,19€","4,76€ / KG",
A.O.C. Cotes Provence 2014,TERRES OCREES,Garrafa 0.75 LT,"5,99€","7,99€ / LT",
ARROZ DOCE SABOR BAUNILHA,ECO+,Emb. 0.2 KG,"0,54€","2,70€ / KG",
PASTILHAS PARA MAQUINA LAVA LOICA TUDO EM 1,UNÍ VERT,Emb. 30 UNID.,"2,99€","0,10€ / UNID.",
Ambientador com Recarga White Bouquet,AIRWICK,Emb. 0.25 LT,"7,19€","28,76€ / LT",
Bebida Energética 6x25cl,X-TENSE,Emb. 1.5 LT,"2,94€","1,96€ / LT",
Aditivo para Roupa Gel Anti-Calcário 2 em1,CALGON,Emb. 0.75 LT,"6,99€","9,32€ / LT",
Amendoim C/ Casca Torrado,MARQUE REPERE,Emb. 0.2 KG,"0,99€","4,95€ / KG",
Drageias de Chocolate Leite,SMARTIES,Emb. 0.038 KG,"0,99€","26,05€ / KG",
Queijo Regional Vaca Cabra Ovelha Curado,SALOIO,Emb. 0.19 KG,"3,79€","19,95€ / KG",
SUMO 100% LARANJA C/POLPA REFRIGERADO,ECO+,Emb. 1 LT,"1,55€","1,55€ / LT",
Brioche Fatiado,EPI D'OR,Emb. 0.5 KG,"2,59€","5,18€ / KG",
Conserva Cassoulet de Porco,CÔTÉ TABLE,Lata 0.84 KG,"2,54€","3,02€ / KG",
Café Solúvel Galão em Saquetas,NESCAFÉ,Emb. 8 UNID.,"2,99€","0,37€ / UNID.",
Vinho Regional Alentejo Branco,PORTA DA RAVESSA,Garrafa 0.75 LT,"2,99€","3,99€ / LT",
Feijão Verde Muito Fino Ultracongelado,NOTRE JARDIN,Emb. 1 KG,"1,59€","1,59€ / KG",
Melância Preta,,1 Unid. = 2.85 KG (aprox.),"0,99€/kg","2,82€ / Unid.",
Chá Green Framboesa Romã,LIPTON,Emb. 20 SAQ.,"1,49€","0,07€ / SAQ.",
Lixívia em Gel Original,DOMESTOS,Emb. 0.75 Lt,"1,79€","2,39€ / Lt",
Detergente Loiça Máquina Pastilhas,,Emb. 50 PAST.,"2,69€","0,05€ / PAST.",
Chá de Limão,LIPTON,Emb. 20 SAQ.,"1,74€","0,09€ / SAQ.",
Óleo Alimentar,VEGE,Garrafa 1 LT,"3,49€","3,49€ / LT",
Vodka Black,ERISTOFF,Garrafa 0.7 LT,"12,99€","18,56€ / LT",
Fio Dentário,COLGATE,Emb. 1 UNID.,"3,99€","3,99€ / UNID.",
Bolachas de Água e Sal,VIEIRA,Emb. 12  UNID.,"2,54€","0,21€ /  UNID.",
PILHAS ALCALINAS LR20,ECO+,Emb. 4 UNID.,"4,99€","1,25€ / UNID.",
Bolacha Waffer Rollitos,CUÉTARA,Emb. 0.225 KG,"3,69€","16,40€ / KG",
Vinho Regional Alentejo Tinto,REAL LAVRADOR,Garrafa 0.75 LT,"2,49€","3,32€ / LT",
BACALHAU A BRAS,CÔTÉ TABLE,Emb. 0.25 KG,"3,59€","14,36€ / KG",
Detergente para a Roupa 3 em 1 Active Clean,SKIP,Emb. 1.134 KG,"12,49€","11,01€ / KG",
Queijo Petit Brie,LES CROISÉS,Emb. 0.5 KG,"4,29€","8,58€ / KG",
Água sem Gás Frutos Vermelhos,LUSO FRUTA,Garrafa 0.5 LT,"0,79€","1,58€ / LT",
Refrigerante S/ Gás Laranja,AQUARIUS,Garrafa 1.5 LT,"2,00€","1,33€ / LT",
Sumo Active Drink Manga Cenoura,SANTAL,Emb. 1.5 LT,"2,14€","1,43€ / LT",
Queijo Fatiado -50% Gordura 2X200 g,LIMIANO,Emb. 0.4 KG,"4,59€","11,48€ / KG",
Arroz Pot Frango E Cogumelos,KNORR,Emb. 0.075 KG,"1,99€","26,53€ / KG",
Fraldas Bebé T5 ACTIV+ 11/25 Kg,MOTS D'ENFANTS,Emb. 35 UNID.,"7,89€","0,23€ / UNID.",
DETERGENTE EM GEL CONCENTRADO TUDO EM 1 MAQUINA LOICA 45 LAVAGENS,VISIOR,Emb. 0.9 LT,"4,69€","5,21€ / LT",
RECARGA ESFREGONA MICROFIBRAS FIO AZUL,,Emb. 1 UNID.,"1,99€","1,99€ / UNID.",
Farinha Express,MAIZENA,Emb. 0.25 KG,"2,78€","11,12€ / KG",
Farinheira Porco Preto,SNR,Emb. 0.15,"1,68€","11,20€ /",
Fiambre Superior,TRADILÈGE,Emb. 0.08 KG,"1,69€","21,13€ / KG",
CAPS CAFE COMP C/ DG XL INT9,PLANTATION,,"5,99€",/ Unid.,
MOUSSE DE MANGA CONDI 80G,CONDI,Emb. 0.8 KG,"1,34€","1,68€ / KG",
Vinho Branco de Mesa,CASAL DA EIRA,Emb. 0.25 LT,"0,69€","2,76€ / LT",
Crocante de Frango Recheio Alho e Ervas,IGLO,Emb. 0.204 KG,"4,99€","24,46€ / KG",
Bolachas com Recheio Cereja Cobertura Chocolate,P'TIT DÉLI,Emb. 0.15 KG,"1,19€","7,93€ / KG",
MIOLO DE AMEIJOA ZEBRA,PÊCHE OCÉAN,Emb. 0.25 KG,"2,75€","11,00€ / KG",
GELADO TRIUM CAFE 4UN,TRIUM,Emb. 4 UNID.,"2,25€","0,56€ / UNID.",
Cápsulas Café Sical Pack x3,DOLCE GUSTO,Emb. 48 CAPS.,"14,89€","0,31€ / CAPS.",
Doce Extra de Alperce Biológico,,Emb. 0.37 KG,"2,15€","5,81€ / KG",
Pimenta Preta Moída,RUSTICA,Emb. 0.05 KG,"0,89€","17,80€ / KG",
Cogumelos Laminados,ECO+,Emb. 0.23 KG,"0,86€","3,74€ / KG",
Mostarda Dijon,MAILLE,Emb. 0.215 KG,"3,89€","18,09€ / KG",
Desodorizante Stick,DOVE,Emb. 0.04 LT,"2,84€","71,00€ / LT",
Abóbora Cortada,,Emb. 0.45 KG,"0,99€","2,20€ / KG",
Fatias Fiambre da Perna Extra,NOBRE,Emb. 0.12 KG,"2,69€","22,42€ / KG",
Kit Roll-on Elétrico Cera Pernas e Corpo,VEET,Emb. 0.05 LT,"6,99€","139,80€ / LT",
Cone Baunilha 8x120ml,ECO+,Emb. 8 UNID.,"2,19€","0,27€ / UNID.",
PLACA INDUCAO 1 DISCO,ELSAY,Emb. 1 UNID.,"59,90€","59,90€ / UNID.",
Café Solúvel de Cereais e Fibra,BOLERO,Emb. 0.2 KG,"2,99€","14,95€ / KG",
Bolachas Maria sem Glúten,GULLÓN,Emb. 0.4 KG,"3,79€","9,48€ / KG",
BOLA FUTEBOL PREMIUM T5,WOODSUN,Emb. 1 UNID.,"7,99€","7,99€ / UNID.",
Cassoulet C/ Salsichas de Toulouse,CÔTÉ TABLE,Emb. 0.84 KG,"2,99€","3,56€ / KG",
Ração P/ Gato Trato Urinário C/ Frango,ULTIMA,Emb. 0.75 KG,"5,39€","7,19€ / KG",
DESODORIZANTE SPRAY ICE BOOST MEN 100ML COMPACT,CARRÉ HOMME,Emb. 0.1 LT,"1,19€","11,90€ / LT",
Café Solúvel Creme,NESCAFÉ,Emb. 0.2 KG,"4,49€","22,45€ / KG",
Biscoitos com Pepitas de Chocolate Preto Biológico,,Emb. 0.14 KG,"2,09€","14,93€ / KG",
Muesli Morango,GRAINEA,Emb. 0.5 KG,"2,89€","5,78€ / KG",
Aletria,MILANEZA,Emb. 0.5 KG,"1,19€","2,38€ / KG",
Vinho Regional Tejo Tinto Reserva,CABEÇA DE TOIRO,Garrafa 0.75 LT,"5,49€","7,32€ / LT",
GELADO BAUNILHA 12UN,SMICY,Emb. 12 UNID.,"2,69€","0,22€ / UNID.",
Pipocas Pop Corn 3x90g,TOKAPI,Emb. 0.27 KG,"1,08€","4,00€ / KG",
Pano Microfibra Colors,VILEDA,Emb. 4 UNID.,"4,49€","1,12€ / UNID.",
GRESSINOS - receita italiana,TRADIZIONI D'ITALIA,Emb. 0.25 KG,"1,69€","6,76€ / KG",
Alimento Húmido Gatinhos de Coelho Vaca Aves 4x400g,LYCAT,Emb. 4 UNID.,"3,99€","1,00€ / UNID.",
CREME DESCOLORANTE ROSTO/CORPO 2UN,SILISS,Emb. 0.1,"3,19€","31,90€ /",
Salsichas de Aves 8 Unidades,IZIDORO,Lata 0.2 KG,"1,19€","5,95€ / KG",
Batatas Fritas 6x30 gr,ECO+,Emb. 0.18 KG,"1,39€","7,72€ / KG",
Pano Microfibra,VILEDA,Emb. 2 UNID.,"3,99€","2,00€ / UNID.",
"LIQUIDIFICADORA 1,5l 600W",ELSAY,Emb. 1 UNID.,"34,90€","34,90€ / UNID.",
Bebida de Aveia 0% 3x200ML,SHOYCE,Emb. 0.6 LT,"2,19€","3,65€ / LT",
MOLHO PARA HAMBURGUER,RUSTICA,Emb. 0.255 KG,"1,69€","6,63€ / KG",
Vinho Regional Península de Setúbal Branco Seco,B.S.E,Garrafa 0.75 LT,"2,99€","3,99€ / LT",
Champô Anti-Queda com Ginseng,LINIC,Emb. 0.36 LT,"4,94€","13,72€ / LT",
Caderno Agrafado Quadriculado C. PP A5 48F,ESQUISSE,Emb. 1 UNID.,"1,49€","1,49€ / UNID.",
Pensos Higiénicos Diários Maxi Aloe,CAREFREE,Emb. 48 UNID.,"4,79€","0,10€ / UNID.",
FERRO ENGOMAR 2200W,ELSAY,Emb. 1 UNID.,"19,90€","19,90€ / UNID.",
Molho Passata Guloso C/Manjericao E Oregãos 210G,GULOSO,Emb. 0.21 KG,"0,79€","3,76€ / KG",
Salsicha Peru,NOBRE,Emb. 0.16 KG,"1,39€","8,69€ / KG",
Bolachas Original Family Format,OREO,Emb. 0.44 KG,"3,99€","9,07€ / KG",
Amêndoas e Avelãs Torradas Trituradas e Caramelizadas,TABLIER BLANC,Emb. 0.1 KG,"1,99€","19,90€ / KG",
LEGUMES SALTEADOS WOK INDIANO,NOTRE JARDIN,Emb. 1 KG,"3,45€","3,45€ / KG",
Nabiça,,1 Unid. = 0.79 KG (aprox.),"1,99€/kg","1,57€ / Unid.",
GELADO CHOCOLATE LIEGEOIS,ESKISS,Emb. 1 LT,"2,65€","2,65€ / LT",
CREME LIMPEZA LIMAO  750ML,ECO+,Emb. 0.75 LT,"0,95€","1,27€ / LT",
Gelatina Frutos Vermelhos Light 2x15g,CONDI,Emb. 0.03 KG,"1,89€","63,00€ / KG",
PREPARADO P/ ARROZ MARISCO,PÊCHE OCÉAN,Emb. 0.4 KG,"3,50€","8,75€ / KG",
Massa Macarrão,ECO+,Emb. 0.5 KG,"0,65€","1,30€ / KG",
Vinho Frisante Rosé,PLEXUS,Garrafa 0.75 LT,"2,19€","2,92€ / LT",
Creme de Protecção Intensiva Camomila,ATRIX,Emb. 0.15 LT,"4,99€","33,27€ / LT",
Ambientador Vela Baunilha,AIRWICK,Emb. 2 UNID.,"5,69€","2,85€ / UNID.",
Fermento em Pó 6Unid.,TABLIER BLANC,Emb. 0.066 KG,"0,79€","11,97€ / KG",
Bolachas Enroladas Cobertas de Chocolate Preto,P'TIT DÉLI,Emb. 0.125 KG,"1,49€","11,92€ / KG",
SALPICAO,CAMPO FINO,Emb. 0.28 KG,"3,29€","11,75€ / KG",
Bolachas Areadas de Manteiga Pura com Coco e Recheadas,P'TIT DÉLI,Emb. 0.1 KG,"1,49€","14,90€ / KG",
Iogurte Natural com Açúcar de Cana 4x125g,DÉLISSE,Emb. 0.5 KG,"0,75€","1,50€ / KG",
CAPA A4 EM L TRANSPARENTE,ESQUISSE,Emb. 10 UNID.,"1,49€","0,15€ / UNID.",
Pão de Forma Rústico,EPI D'OR,Emb. 0.6 KG,"1,39€","2,32€ / KG",
CHAMPO SECO CABELOS CASTANHOS 150ML,NATEIS,Emb. 0.15 LT,"2,29€","15,27€ / LT",
Massa Pevides,TURINI,Emb. 0.25 KG,"0,55€","2,20€ / KG",
SAL REGENERADOR,VISIOR,Emb. 2 KG,"0,79€","0,40€ / KG",
Vinho Branco Adamado,FAISÃO,Garrafa 1 LT,"2,49€","2,49€ / LT",
Conserva de Tomate em Pedaços,GULOSO,Emb. 0.39 KG,"1,59€","4,08€ / KG",
Vinho Regional Dão Tinto,GRÃO VASCO,Garrafa 0.75 LT,"3,99€","5,32€ / LT",
Pensos Higiénicos Normal sem Alas,EVAX,Emb. 12 UNID.,"2,99€","0,25€ / UNID.",
Recarga Pure Flor Cerejeira,AIRWICK,Emb. 1 UNID.,"3,59€","3,59€ / UNID.",
"JARRO ELETRICO 2000W 1,7L",ECO+,Emb. 1 UNID.,"14,90€","14,90€ / UNID.",
Pá do Lixo c/ Espanador,,Emb. 1 UNID.,"2,00€","2,00€ / UNID.",
Iogurte de Banana 4 Unid.,IOGOLINO,Emb. 0.4 KG,"2,89€","7,23€ / KG",
Bolachas Cobertas Chocolate Leite,P'TIT DÉLI,Emb. 0.15 KG,"1,19€","7,93€ / KG",
Tortellini de Queijo,KNORR,Emb. 0.25 kg,"3,69€","14,76€ / kg",
Café Torrado Moído África Ásia e Brasil Moagem Fina,SICAL,Emb. 0.25 KG,"2,39€","9,56€ / KG",
Chá Baunilha e Caramelo,LIPTON,Emb. 20 SAQ.,"1,74€","0,09€ / SAQ.",
Café Solúvel Qualité Filtre,PLANTATION,Frasco 0.1 KG,"1,83€","18,30€ / KG",
Salmão do Atlântico Fumado,ECO+,Emb. 0.2 KG,"5,49€","27,45€ / KG",
Preparado Sopa Creme de Marisco,KNORR,Emb. 0.075 KG,"1,49€","19,87€ / KG",
Café Moagem Universal Lote Chávena Moída 2x250g,DELTA,Emb. 0.5 KG,"4,99€","9,98€ / KG",
PALITOS TORCIDOS C/ COB CHOCOLATE PRETO,P'TIT DÉLI,Emb. 0.09 KG,"1,49€","16,56€ / KG",
Saqueta Bombons Jacquot Creme 100g,JACQUOT,Emb. 0.1 KG,"1,49€","14,90€ / KG",
Máquina Descartável Blue II 2 Lâminas,GILLETTE,Emb. 20 UNID.,"8,49€","0,42€ / UNID.",
Leite Crescimento Júnior 1+ Bolacha Maria,NESTLÉ,Emb. 1 LT,"2,49€","2,49€ / LT",
Mini Tostas,EPI D'OR,Emb. 0.35 KG,"1,99€","5,69€ / KG",
Champô Legend CR7,LINIC,Emb. 0.36 LT,"4,94€","13,72€ / LT",
VILEDA SACOS P/CUBO DE GELO 10UN,VILEDA,Emb. 10 UNID.,"1,99€","0,20€ / UNID.",
PAIO LOMBO FATIADO,CAMPO FINO,Emb. 0.15 KG,"2,09€","13,93€ / KG",
Cookies Sem Gluten,GULLÓN,Emb. 0.2 KG,"2,69€","13,45€ / KG",
Recarga Freshmatic White Bouquet,AIR WICK,Spray 0.26 KG,"3,59€","13,81€ / KG",
Conserva de Feijão Manteiga,COMPAL,Lata 0.845 KG,"1,59€","1,88€ / KG",
Pot Puré Bacon E Cebola,KNORR,Emb. 0.051 KG,"1,91€","37,45€ / KG",
Ambientador recarga lavanda,GLADE,Emb. 0.02 LT,"3,59€","179,50€ / LT",
Fraldas Bebé Extra Absorção Activity Tamanho 3,DODOT,Emb. 60 UNID.,"13,29€","0,22€ / UNID.",
Aromatizante Máquina Loiça Limão,SUN,Emb. 1 UNID.,"2,24€","2,24€ / UNID.",
Flocos de Cereais com Fibras,KELLOGG'S,Emb. 0.375 KG,"2,59€","6,91€ / KG",
ALIMENTO HUMIDO FRANGO / LEGUMES COMPLETO 1200KG,TOUS MES AMIS,Emb. 1 KG,"2,05€","2,05€ / KG",
Conserva de Atum em Óleo Vegetal,GENERAL,Emb. 0.11 KG,"0,99€","9,00€ / KG",
Gelado Double Gold Caramelo Billionaire,MAGNUM,Emb. 0.44 LT,"3,89€","8,84€ / LT",
CEREAIS PETALAS CHOCOLATE PRETO,GRAINEA,Emb. 0.3 KG,"1,69€","5,63€ / KG",
Caprichos do Mar Ultracongelado,PESCANOVA,Emb. 0.4 KG,"3,59€","8,98€ / KG",
Farinha de Trigo Biológica,,Emb. 1 KG,"1,39€","1,39€ / KG",
Papa Infantil de Maçã,CERELAC,Emb. 0.25 KG,"2,39€","9,56€ / KG",
Marcadores Ponta Fina,ESQUISSE,Emb. 4 UNID.,"2,49€","0,62€ / UNID.",
Aerossol Air Nuvens de Algodão,AMBIPUR,Emb. 0.3 LT,"3,99€","13,30€ / LT",
Xarope de Morango Bio,,Emb. 0.6 LT,"3,85€","6,42€ / LT",
Bolacha B-ready 6Unid.,NUTELLA,Emb. 0.132 KG,"2,65€","20,08€ / KG",
VELA NUMERO FUN 7,ARDENCE,Emb. 1 UNID.,"0,99€","0,99€ / UNID.",
Pão de Forma Especial Fatiado Isento de Glúten,CHAQUE JOUR SANS GLUTEN,Emb. 0.3 KG,"2,79€","9,30€ / KG",
Iogurte Líquido Corpos Morango Kiwi 4x155g,DANONE,Emb. 0.62 KG,"1,69€","2,73€ / KG",
DENTIFRICO SABOR MORANGO EM GEL JUNIOR 7-13 ANOS,DENTAMYL,Emb. 0.075 LT,"0,99€","13,20€ / LT",
Frango à Provençal C/ Ervas Aromáticas,MAGGI,Emb. 0.028 KG,"0,74€","26,43€ / KG",
AREIA VEGETAL 10L P'TIT AMI,TOUS MES AMIS,Emb. 10 LT,"3,59€","0,36€ / LT",
Cápsulas Infusão de Camomila e Pêssego Tetley,DELTA,Emb. 10 UNID.,"3,99€","0,40€ / UNID.",
Vinho Douro Vallado Branco 2021,QUINTA DO VALLADO,Emb. 0.75 LT,"7,75€","10,33€ / LT",
BOUIL.POT AU FEU DESH,RUSTICA,Emb. 0.12 KG,"0,79€","6,58€ / KG",
Café Torrado Grão,PLANTATION,Emb. 1 KG,"5,69€","5,69€ / KG",
OS BOCADINHOS EM MOLHO VACA/MASSA/CENOURA P/ CAO 1230G,LYDOG,Emb. 1 KG,"2,05€","2,05€ / KG",
Pao De Forma Cerealia 14 Cereais,PANRICO,Emb. 0.435 KG,"2,02€","4,64€ / KG",
Cereais Frosties,KELLOGG'S,Emb. 0.375 KG,"2,29€","6,11€ / KG",
Sobremesa Creme de Chocolate 4x125g,DÉLISSE,Emb. 0.5 KG,"1,59€","3,18€ / KG",
Alimento Seco P/ Gato Vaca e Frango,PURINA FRISKIES,Emb. 2 KG,"7,99€","4,00€ / KG",
QUEIJO FLAMENGO FATIADO,QUEIJO NA TÁBUA,Emb. 0.275 KG,"2,20€","8,00€ / KG",
Cajú Torrado e Salgado,TOKAPI,Emb. 0.125 KG,"2,49€","19,92€ / KG",
PILHA ALCALINA LR14,FOXTER,Emb. 2 UNID.,"2,99€","1,50€ / UNID.",
DETERGENTE MANUAL LOICA FRUTOS VERMELHOS/FLORES 750ML,VISIOR,Emb. 0.75 LT,"0,97€","1,29€ / LT",
Detergente Roupa Máquina Liquído Active Clean 100 Doses,SKIP,Emb. 100 DOSES,"19,99€","0,20€ / DOSES",
IOGURTE BIFIDUS BAUNILHA 12X125G DELISSE,DÉLISSE,Emb. 1.5 KG,"2,59€","1,73€ / KG",
Conjunto Borracha Mini,ESQUISSE,Emb. 2 UNID.,"0,79€","0,40€ / UNID.",
Toalhitas Bebé Ecológicas,MOTS D'ENFANTS,Emb. 72 UNID.,"1,79€","0,02€ / UNID.",
Massa Linguine C/ Tinta de Choco,MILANEZA,Emb. 0.5 KG,"3,19€","6,38€ / KG",
Sabonete Líquido Hipo-Alergénio,MANAVA,Emb. 0.3 LT,"0,89€","2,97€ / LT",
Vinho Regional Tejo Branco,PLEXUS,Garrafa 0.75 LT,"2,19€","2,92€ / LT",
Arroz Carolino,LOURO,Emb. 1 KG,"1,09€","1,09€ / KG",
DESODORIZANTE SPRAY ATTIRANT MEN 100ML COMPACT,CARRÉ HOMME,Emb. 0.1 LT,"1,29€","12,90€ / LT",
Alimento Seco para Cão Carne e Cereais Integrais,ECO+,Emb. 4 KG,"4,69€","1,17€ / KG",
Cereja Cal. 22/24,,1 Unid. = 0.125 KG (aprox.),"5,90€/kg","0,74€ / Unid.",
Chá Lúcia Lima,TETLEY,Emb. 10 SAQ.,"0,86€","0,09€ / SAQ.",
GELATINA MARACUJÁ,GELLIMIX,Emb. 0.4 KG,"0,84€","2,10€ / KG",
Pó Sabão Natural,SKIP,Emb. 100 DOSES,"14,99€","0,15€ / DOSES",
ALGODAO MAXI OVAL X 60 BIO,BIONAÏA,Emb. 60 UNID.,"1,59€","0,03€ / UNID.",
TRINCA DE ARROZ,LYDOG,Emb. 5 KG,"3,25€","0,65€ / KG",
Ração seca para gato bolas de pêlo c/ Peru,ULTIMA,Emb. 0.75 LT,"5,39€","7,19€ / LT",
Cogumelos de Paris Laminados Ultracongelado,NOTRE JARDIN,Emb. 1 KG,"2,19€","2,19€ / KG",
Mini Pizzas Piccolinis Salame,BUITONI,Emb. 0.27 KG,"3,99€","14,78€ / KG",
LACA FIXACAO FORTE STYLING 300ML,VITANOVE,Emb. 300 LT,"1,95€","0,01€ / LT",
Cereais Integrais com Mel Biológicos,CHEERIOS,Emb. 0.33,"2,99€","9,06€ /",
Azeite Virgem Extra Seleção,SERRATA,Garrafa 0.75 LT,"3,99€","5,32€ / LT",
Vinho do Porto Tawny,PORTO CRUZ,Garrafa 0.75 LT,"4,99€","6,65€ / LT",
Estojo C/ Escova de Dentes e Copo Cor de Rosa 2-6 Anos,PETIT DENTAMYL,Emb. 1 UNID.,"2,99€","2,99€ / UNID.",
CAPS CAFE COMP C/ NESP - EM ALUMINIO - COLOMBIA,PLANTATION,Emb. 10 UNID.,"1,99€","0,20€ / UNID.",
Cápsulas Leite Achocolatado Nesquik,DOLCE GUSTO,Emb. 16 CAPS.,"5,99€","0,37€ / CAPS.",
Johnson's Baby Brilho Mágico Condicionador Gotas de Brilho,JOHNSON'S BABY,Emb. 0.5 LT,"5,59€","11,18€ / LT",
Doce de Quatro Frutos sem Açúcar,ST. DALFOUR,Frasco 0.284 KG,"4,39€","15,46€ / KG",
Croquetes de Carne,,Emb. 8   UNID.,"1,39€","0,17€ /   UNID.",
Queijo de Cabra Sainte Maure,LES CROISÉS,Emb. 0.2 KG,"2,10€","10,50€ / KG",
Máscara Multiusos Óleo Extraordinário Óleo de Coco,L'ORÉAL PARIS,Emb. 0.3 LT,"6,99€","23,30€ / LT",
1ª Papa Láctea Cerelac Multifrutos Sem Glúten,NESTLÉ,Emb. 0.25 KG,"2,79€","11,16€ / KG",
Toalhitas para Cozinha Biodegradável,CIF,Emb. 36 UNID.,"2,24€","0,06€ / UNID.",
Escovas Júnior,AQUAFRESH,Emb. 1 UNID.,"3,09€","3,09€ / UNID.",
Desodorizante Invisible Spray,REXONA,Emb. 0.15 LT,"2,54€","16,93€ / LT",
CEREAIS RECHEADOS CHOCOLATE AVELA,P'TIT DÉLI,Emb. 0.45 KG,"1,69€","3,76€ / KG",
Água sem Gás Mineral Sport,LUSO,Emb. 0.75 LT,"0,69€","0,92€ / LT",
Refrigerante S/ Gás Limão,ECO+,Emb. 2 LT,"0,79€","0,40€ / LT",
Vinho do Porto Tawny,DORRÃO,Garrafa 0.75 LT,"4,29€","5,72€ / LT",
Atum Posta Pimenta&Ervas Finas,BOM PETISCO,Emb. 0.12 KG,"1,56€","13,00€ / KG",
MIOLO AMENDOA C/ PELE C/ SAL,TOKAPI,,"1,95€",/ Unid.,
Conserva de Salsichas 8 Unid.,ECO+,Lata 0.2 KG,"0,75€","3,75€ / KG",
Bombons de Chocolate Negro e Caramelo,LUTTI,Emb. 0.15 KG,"2,49€","16,60€ / KG",
AUSONIA AIRDRY NORMAL ABAS 38,AUSONIA,Emb. 38 UNID.,"4,24€","0,11€ / UNID.",
Desodorizante Spray Pêssego E Limão 0%Alumínio,DOVE,Emb. 0.15 LT,"2,84€","18,93€ / LT",
BATATAS SALTEADAS OLEO GIRASSOL,POM'LISSE,Emb. 1 KG,"2,25€","2,25€ / KG",
Recarga Sabonete Líquido Hidratante Óleo Amêndoas/Karite,MANAVA,Emb. 0.25 LT,"0,65€","2,60€ / LT",
Chocolate Preto,CRUNCH,Emb. 0.1 KG,"1,39€","13,90€ / KG",
Pantene Fixação Flexível Laca 300ml,PANTENE PV,Spray 0.3 LT,"3,74€","12,47€ / LT",
Alimento P/ Cão Adulto Pequeno Carne de Vaca C/ Arroz,PURINA,Emb. 0.8 KG,"5,72€","7,15€ / KG",
Pantene Caracóis Definidos Espuma 200ml,PANTENE PV,Emb. 0.2 LT,"3,74€","18,70€ / LT",
Vinho Branco,ECO+,Garrafão 5 LT,"5,69€","1,14€ / LT",
MACEDONIA DE LEGUMES 1/4X3 3X200G,NOTRE JARDIN,Emb. 0.6 KG,"1,79€","2,98€ / KG",
Alimento P/ Gato de Salmão C/ Mandioca S/ Glúten,BEYOND,Emb. 1.2 KG,"11,99€","9,99€ / KG",
Papaia Aérea,,1 Unid. = 0.514 KG (aprox.),"3,95€/kg","2,03€ / Unid.",
Lixívia Densa+ Harmonias Florais,NEOBLANC,Emb. 2 LT,"2,58€","1,29€ / LT",
Gelatina Light Ananás 2x15g,CONDI,Emb. 0.03 KG,"1,89€","63,00€ / KG",
Bolachas com Cobertura Chocolate e Avelãs,P'TIT DÉLI,Emb. 0.12 KG,"1,45€","12,08€ / KG",
Tablete de Chocolate com Recheio Morango,MILKA,Emb. 0.1 KG,"1,69€","16,90€ / KG",
SORVETE LIMA C/PEDACOS,ESKISS,Emb. 1 LT,"2,69€","2,69€ / LT",
Vinagre de Vinho Tinto,RUSTICA,Garrafa 0.5 LT,"0,49€","0,98€ / LT",
Leite Bem Essencial UHT Magro,MIMOSA,Emb. 1 LT,"0,95€","0,95€ / LT",
Queijo Flamengo 1/4 Bola,PRIMOR,Emb. 0.35 KG,"3,49€","9,97€ / KG",
Iogurte Bolacha 4 Unid.,IOGOLINO,Emb. 0.4 KG,"2,89€","7,23€ / KG",
Iogurte de Aromas Frutas 24x50g,DÉLISSE,Emb. 1.2 KG,"2,99€","2,49€ / KG",
Alimento Húmido P/ Gato Sopa Vários Sabores,PURINA,Emb. 0.16 KG,"2,59€","16,19€ / KG",
Ambientador Pure Flor de Cereja da Ásia,AIRWICK,Emb. 0.25 LT,"4,19€","16,76€ / LT",
Feijocas 3X200G,NOTRE JARDIN,Emb. 0.6 KG,"1,79€","2,98€ / KG",
"AMACIADOR  ROUPA  ESSÊNCIA TALCO  1,5LT",CHICCO,,"5,84€",/ Unid.,
Barra de Cereais com Maçã e Damasco,ECO+,Emb. 6 UNID.,"1,09€","0,18€ / UNID.",
Ice Tea Pêssego Zero Açúcar,LIPTON,Emb. 1 LT,"1,16€","1,16€ / LT",
Óleo Cabelo Repara e Protege,PANTENE,Emb. 0.1 LT,"9,99€","99,90€ / LT",
Stiks Sortido 108g,TOUS MES AMIS,Emb. 0.104 KG,"0,99€","9,52€ / KG",
Marmelada Extra,,Emb. 0.45 KG,"1,09€","2,42€ / KG",
SACOS LIXO FECHO FACIL 100L,ELEMBAL,Emb. 10 UNID.,"1,59€","0,16€ / UNID.",
CREME SABOR BAUNILHA,DÉLISSE,Emb. 0.4,"2,39€","5,98€ /",
Fraldas Bebé T4 ACTIV+ 7/18 Kg,MOTS D'ENFANTS,Emb. 39 UNID.,"7,89€","0,20€ / UNID.",
Chá Verde e Limão,PLENO,Garrafa 1.5 LT,"1,49€","0,99€ / LT",
LINGUICA,CAMPO FINO,Emb. 0.15 KG,"1,29€","8,60€ / KG",
ALIMENT BEBE: FRUTA DO POMAR BIO 4M,BIO VILLAGE BEBE,Emb. 0.4 KG,"2,09€","5,23€ / KG",
"AGUA FASTIO,6x50CL",FASTIO,,"2,39€",/ Unid.,
Queijo Flamengo 1/2,TERRA NOSTRA,Emb. 0.7 KG,"6,59€","9,41€ / KG",
VELA NUMERO - 3,ARDENCE,Emb. 1 UNID.,"0,89€","0,89€ / UNID.",
Cerveja sem Álcool 6X33cl,CHEERS,Emb. 1.98 LT,"3,24€","1,64€ / LT",
Preparado Sopa de Agrião,,Emb. 0.6 KG,"1,99€","3,32€ / KG",
Pastilhas 60 Minutos Spearmint,TRIDENT,Emb. 0.02 KG,"0,95€","47,50€ / KG",
Alimento Seco P/ Gato Frango,BEYOND,Emb. 0.35 g,"2,99€","8,54€ / g",
Queijo Fatiado Flamengo 2X200 g,TERRA NOSTRA,Emb. 0.4 KG,"5,28€","13,20€ / KG",
Cracker Integral,CUÉTARA,Emb. 0.2 KG,"1,29€","6,45€ / KG",
Vinho do Porto Ruby,DORRÃO,Garrafa 0.75 LT,"4,29€","5,72€ / LT",
Bolachas com Recheio de Framboesa,ECO+,Emb. 0.3 KG,"1,39€","4,63€ / KG",
Café Moagem Universal Colombia,DELTA,Emb. 0.22 KG,"3,69€","16,77€ / KG",
ALIMENT BEBE: PURE CENOURAS BIO +4M 2X120G,BIO VILLAGE BEBE,Emb. 0.24 KG,"1,35€","5,63€ / KG",
ALIMENT BEBE: PURE LEGUMES VERDES MASSA PERU BIO +8M 2X200G,BIO VILLAGE BEBE,Emb. 0.4 KG,"2,69€","6,73€ / KG",
ESPONJA JUMBO,TECH9,Emb. 1 UNID.,"1,99€","1,99€ / UNID.",
Snack P/ Gato Crispies C/ Sabor a Frango e Carne de Vaca,FELIX,Emb. 0.45 KG,"1,89€","4,20€ / KG",
BOLACHAS RECHEADAS C/ CHOCO TIPO KANGO,P'TIT DÉLI,Emb. 0.225 KG,"1,59€","7,07€ / KG",
SACO ASPIRADOR S1201,ELSAY,Emb. 1 UNID.,"3,90€","3,90€ / UNID.",
PATE CAMPESTRE PORCO BRETON IGP,NOS RÉGIONS ONT DU TALENT,Emb. 0.2 KG,"1,95€","9,75€ / KG",
Gel de Banho e Duche Flor Cerejeira/Leite/Aveia,MANAVA,Emb. 0.5 LT,"2,29€","4,58€ / LT",
Sacos Lixo Fecho Fácil 50L,ELEMBAL,Emb. 15 UNID.,"1,69€","0,11€ / UNID.",
Champô para Cabelos Secos e sem Brilho,TRESEMMÉ,Emb. 0.5 LT,"4,19€","8,38€ / LT",
INFUSAO TILIA E LIMAO,TISÉA,Emb. 25 UNID.,"1,59€","0,06€ / UNID.",
Linguicinha Porco Preto,SNR,Emb. 0.2 KG,"2,79€","13,95€ / KG",
4 LAPIS GRAFITE HB,ESQUISSE,Emb. 4 UNID.,"1,29€","0,32€ / UNID.",
Azeite Clássico Pet,OLIVEIRA DA SERRA,Emb. 0.75 LT,"5,59€","7,45€ / LT",
ARROZ SUSHI,CAÇAROLA,Emb. 1 KG,"2,09€","2,09€ / KG",
"AXE GB ICE CHILL,,400ML",AXE,Emb. 0.4 LT,"3,29€","8,23€ / LT",
Conserva de Lulas Recheadas,PITEU,Emb. 0.12 KG,"2,99€","24,92€ / KG",
Arroz Thai perfumado,CAÇAROLA,Emb. 0.5 KG,"2,05€","4,10€ / KG",
Creme Hidratante com Água Floral de Rosa,GARNIER,Emb. 0.05 LT,"5,99€","119,80€ / LT",
Aroma de Amêndoa Líquido,CONDI,Emb. 0.025 KG,"1,54€","61,60€ / KG",
Bolachas Sabor Limão com Amêndoas Biológicas,,Emb. 0.2 KG,"2,59€","12,95€ / KG",
Sortido de Bolachas,CUÉTARA,Emb. 0.21 KG,"2,29€","10,90€ / KG",
Mopa Seca com Cabo Extensível,,Emb. 1 UNID.,"6,50€","6,50€ / UNID.",
Pincel de Maquilhagem em Pó,,Emb. 1 UNID.,"3,99€","3,99€ / UNID.",
Caderno Capa Preta Quadriculado A4 60p,ESQUISSE,Emb. 1 UNID.,"0,99€","0,99€ / UNID.",
Azeite Virgem Extra Clássico,GALLO,Garrafa 2 LT,"14,99€","7,50€ / LT",
Cápsulas de Café C/ Leite Intenso,DOLCE GUSTO,Emb. 16 CAPS.,"5,99€","0,37€ / CAPS.",
Iogurte de Frutos Déli´light 8x125g,DÉLISSE,Emb. 1 KG,"2,45€","2,45€ / KG",
Sabonete Líquido Flor Laranjeira,MANAVA,Emb. 0.3 LT,"0,89€","2,97€ / LT",
Recarga para Difusor Automático Relex Zen,GLADE,Emb. 2 UNID.,"7,18€","3,59€ / UNID.",
Esfregão Regular,BRAVO,Emb. 1 P,"0,99€","0,99€ / P",
Iogurte Líquido Morango 4 Unid.,YOGGI,Emb. 0.64 KG,"2,09€","3,27€ / KG",
Natas Culinária 0% Lactose,PARMALAT,Emb. 0.2 LT,"1,32€","6,60€ / LT",
Sumo de Laranja,JOI,Garrafa 1.5 LT,"1,04€","0,69€ / LT",
Bolachas de Manteiga,TRIUNFO,Emb. 0.168 KG,"1,89€","11,25€ / KG",
Água com Gás Limão,PEDRAS,Garrafa 1 LT,"1,49€","1,49€ / LT",
RESGUARDO PROTECAO CAMA 80X90CM,CHORYS,Emb. 16 UNID.,"5,59€","0,35€ / UNID.",
Pizza Royale Ultracongelada,TURINI,Emb. 0.4 KG,"1,89€","4,73€ / KG",
Azeite Clássico,OLIVEIRA DA SERRA,Emb. 3 LT,"16,99€","5,66€ / LT",
Batatas Fritas Palha,POM'LISSE,Emb. 0.16 KG,"0,85€","5,31€ / KG",
GELATINA PÊSSEGO LIGHT CONDI 2X15G,CONDI,Emb. 0.3 KG,"1,89€","6,30€ / KG",
Condicionador Liso Queratina Acondicinador,TRESEMMÉ,Emb. 0.7 LT,"6,59€","9,41€ / LT",
Iogurte Côco 4 Unid.,MIMOSA,Emb. 0.48 KG,"1,09€","2,27€ / KG",
Ovos Solo XL,SNR,Emb. 12 KG,"2,69€","0,22€ / KG",
Champô Hidratante,BABY DOVE,Emb. 0.4 LT,"3,29€","8,23€ / LT",
Champô Linic Anti-Caspa Fem Sakura,LINIC,Emb. 0.225 LT,"3,34€","14,84€ / LT",
Queijo de Pasta Azul com Leite Pasteurizado,LES CROISÉS,Emb. 0.25,"2,89€","11,56€ /",
PRATO + NAPERON 28CM,,Emb. 1 UNID.,"0,59€","0,59€ / UNID.",
Sopa de Cogumelos Selvagens Gourmet,KNORR,Emb. 0.062 KG,"1,79€","28,87€ / KG",
Pimentão Doce Colorau,RUSTICA,Emb. 0.05 KG,"0,48€","9,60€ / KG",
Café Torrado Moagem Grossa,,Emb. 0.25 KG,"1,59€","6,36€ / KG",
POSTA PESCADA Nº3 COZ,ECO+,Emb. 0.8 KG,"4,65€","5,81€ / KG",
Cápsulas Café Espresso Intenso Intensidade 13,DOLCE GUSTO,Emb. 48 CAPS.,"14,89€","0,31€ / CAPS.",
Anti-Calcário 3 em 1 para a Máquina da Roupa,CALGON,Emb. 45 DOSES,"13,98€","0,31€ / DOSES",
Crocantes de Frango Original Ultracongelado,IGLO,Emb. 0.18 KG,"3,99€","22,17€ / KG",
Chá Verde 25 Saquetas,,Emb. 0.037 KG,"0,89€","24,05€ / KG",
Sabonete Liquido Leite e Azeitona,,Emb. 0.3 LT,"3,79€","12,63€ / LT",
Cápsulas Café Blonde P/ Nespresso Intensidade 6,STARBUCKS,Emb. 10 CAPS.,"4,49€","0,45€ / CAPS.",
Iogurte Bifidus Líquido Cereais Integrais 4 Unid.,DANONE,Emb. 0.62 KG,"1,99€","3,21€ / KG",
Maionese Verdadeira 416G,HELLMANN'S,Frasco 0.416 KG,"4,39€","10,55€ / KG",
Papel Higiénico 2 Folhas Compact,MARQUE REPERE,Emb. 6 UNID.,"2,49€","0,42€ / UNID.",
BROWNIE CHOCOLATE C/ PEPITAS EM CAIXA,P'TIT DÉLI,Emb. 0.285 KG,"2,19€","7,68€ / KG",
Bálsamo Aftershave active energy 2 em 1 shave,NIVEA,Emb. 0.1 LT,"8,99€","89,90€ / LT",
PAPEL VEGETAL 8 MT,ELEMBAL,Emb. 8 MT,"0,99€","0,12€ / MT",
DESODORIZANTE P/ MQ.LOICA 2EM1 LIMAO + RECARGA,VISIOR,Emb. 2 UNID.,"1,29€","0,65€ / UNID.",
Óleo Alimentar,FRIGI,Garrafa 1 LT,"2,39€","2,39€ / LT",
Alimento Seco Cão Croquetes Light,TOUS MES AMIS,Emb. 4 KG,"4,99€","1,25€ / KG",
Bloco Sanitário Domestos Power 5 Pinho,DOMESTOS,Emb. 0.11 KG,"2,74€","24,91€ / KG",
Azeite virgem extra lezirias,GALLO,Emb. 0.75 LT,"4,89€","6,52€ / LT",
Batatas Fritas com Sal 6x30 g,LAY'S,Emb. 0.18 KG,"2,29€","12,72€ / KG",
Garfos Madeira Biodegradável,HOMESIDE,Emb. 10 UNID.,"1,19€","0,12€ / UNID.",
Bolachas Suecas Flocos de Aveia e Chocolate 150g,P'TIT DÉLI,Emb. 0.15 KG,"2,10€","14,00€ / KG",
Creme Hidratante Bebé Rosto e Corpo,MOTS D'ENFANTS,Emb. 0.1 LT,"1,99€","19,90€ / LT",
KETCHUP (BAIXO TEOR DE ACUCAR),RUSTICA,Emb. 0.535 KG,"1,69€","3,16€ / KG",
Creme de Barbear Original,DENIM,Emb. 0.1 LT,"1,68€","16,80€ / LT",
Tablete Chocolate Excellence Dark 70%,LINDT,Emb. 0.1 KG,"2,09€","20,90€ / KG",
Shampoo Banho Rich Moisture Baby,BABY DOVE,Emb. 0.2 LT,"1,79€","8,95€ / LT",
CREPES FIAMBRE E QUEIJO 20UN,,Emb. 1 KG,"2,99€","2,99€ / KG",
Ambientador Stick Perfumado Amora e Baunilha,AIRWICK,Emb. 0.025 LT,"7,19€","287,60€ / LT",
LENCOS FACIAIS 3F ALOE VERA,CARESSE,Emb. 90 UNID.,"1,19€","0,01€ / UNID.",
GELADO STAR FOGUETAO 8UN,SMICY,Emb. 8 UNID.,"1,59€","0,20€ / UNID.",
Iogurte Líquido Sabor Bauninha 4x180g,DÉLISSE,Emb. 1.08 KG,"1,99€","1,84€ / KG",
Lima,,1 Unid. = 0.08 KG (aprox.),"3,08€/kg","0,25€ / Unid.",
BANZAI NOODLE CARNE CIGALA,CIGALA,Emb. 0.067 KG,"0,94€","14,03€ / KG",
Brioche Pep Choco,EPI D'OR,Emb. 0.5 KG,"2,99€","5,98€ / KG",
Detergente para a Máquina da Roupa Active Sports Líquido,SKIP,Emb. 66 DOSES,"12,49€","0,19€ / DOSES",
Iogurte Bifidus Líquido Morango 4 Unid.,DANONE,Emb. 0.62 KG,"1,99€","3,21€ / KG",
"ALIMENT BEBE: CENOURA, SEMOLA, BATATA DOCE, LEITE C/ PEDACOS BIO +8M 2X200G",BIO VILLAGE BEBE,Emb. 0.4 KG,"2,69€","6,73€ / KG",
Desodorizante Men Spray Active Fresh 0% Alumínio,REXONA,Emb. 0.15 LT,"2,84€","18,93€ / LT",
ASPIRADOR DE MAO,ELSAY,Emb. 1 UNID.,"34,90€","34,90€ / UNID.",
Gelado Baunilha E Chocolate,CARTE D'OR,Emb. 1.7 LT,"2,99€","1,76€ / LT",
"AMBIENTADOR MECHA ACTIVA ""FLORAL""375ML",BIEN AIR,375ML 0.375 LT,"1,55€","4,13€ / LT",
PILHAS RECARGAVEIS HR6,FOXTER,Emb. 4 UNID.,"7,49€","1,87€ / UNID.",
Bolachas Maria Oro,CUÉTARA,Emb. 0.8 KG,"2,99€","3,74€ / KG",
IOGURTE C/ BIFIDUS CEREAIS,DÉLISSE,Emb. 0.5 KG,"1,49€","2,98€ / KG",
After Shave Original,DENIM,Emb. 0.1 LT,"5,19€","51,90€ / LT",
Biscoitos com Tablete de Chocolate Biológicos,,Emb. 0.15 KG,"2,09€","13,93€ / KG",
Sobremesa Gelado Vanilla Pecan,CARTE D'OR,Emb. 0.9 LT,"3,29€","3,66€ / LT",
Bolachas Tosta Rica Choco Guay,CUÉTARA,Emb. 0.168 UNID.,"2,09€","12,44€ / UNID.",
GRELOS FOLHAS PORCOES,NOTRE JARDIN,Emb. 0.4 KG,"0,99€","2,48€ / KG",
Máscara Capilar para Cabelo com Pontas Espigadas,GLISS,Emb. 0.3 LT,"3,79€","12,63€ / LT",
Banana Importada,,1 Unid. = 0.15 KG (aprox.),"0,95€/kg","0,14€ / Unid.",
Gelado Vegan de Amêndoas Pack 3,MAGNUM,Emb. 0.216 LT,"4,99€","23,10€ / LT",
Salsichas com Lentilhas,CÔTÉ TABLE,Emb. 0.42 KG,"1,49€","3,55€ / KG",
Bolachas de Manteiga Cobertas de Tablete Chocolate de Leite,P'TIT DÉLI,Emb. 0.125 KG,"1,29€","10,32€ / KG",
Preservativo Sensitive,HARMONY,Emb. 6 UNID.,"4,73€","0,79€ / UNID.",
Queijo Fresco Meio Gordo Médio,SANTIAGO,Emb. 0.2 KG,"1,79€","8,95€ / KG",
Refrigerante Lima-Limão C/ Gás,SPRITE,Emb. 1 LT,"0,99€","0,99€ / LT",
Lava Tudo Universal Brilhante,SONASOL,Emb. 1.1 LT,"2,79€","2,54€ / LT",
FEIJAO BRANCO EM TOMATE,NOTRE JARDIN,Emb. 0.8 KG,"1,59€","1,99€ / KG",
PILHA ALCALINA 6LR3146 TECH+,FOXTER,Emb. 1 UNID.,"3,99€","3,99€ / UNID.",
Sacos para Lixo com Atilho 50L,ELEMBAL,,"1,35€",/ Unid.,
APERITIVOS MILHO DINOSSAUROS SABOR KETCHUP,TOKAPI,Emb. 0.125 KG,"1,15€","9,20€ / KG",
ESCOVA LIMPA VIDROS 450 MM CLASSIC 12,TECH9,Emb. 1 UNID.,"1,59€","1,59€ / UNID.",
Hamburguer de Novilho 10 Und. Ultracongelado,,Emb. 1 KG,"7,99€","7,99€ / KG",
LAVA TUDO MARINHO,CLAIR,Emb. 2 LT,"0,89€","0,45€ / LT",
Caldo Marisco,KNORR,Emb. 8 CUBOS,"1,39€","0,17€ / CUBOS",
Cereais de Chocolate e Caramelo,LION,Emb. 0.4 KG,"2,92€","7,30€ / KG",
PETINGAS EM TOMATE PICANTE GENERAL,GENERAL,Emb. 0.09 KG,"0,89€","9,89€ / KG",
Desinfectante Multiusos Spray Recarga,CIF,Emb. 0 LT,"1,89€",inf€ / LT,
Salsichão Original,ELPOZO,0.2 KG,"2,69€","13,45€ / KG",
Sabonete Sólido Hidratante,MANAVA,Emb. 0.1 KG,"0,75€","7,50€ / KG",
Queijo de Cabra de Seia,QUEIJOS LAGOS,1 Unid. = 1 KG (aprox.),"11,98€/kg","11,98€ / Unid.",
Grelos de Couve,,1 Unid. = 1 KG (aprox.),"2,69€/kg","2,69€ / Unid.",
CERA CREME PRETA 75ML,LA VACHETTE,Emb. 0.075 LT,"2,15€","28,67€ / LT",
Sobremesa de Soja C/ Café,NAT&VIE,Emb. 0.4 KG,"1,49€","3,73€ / KG",
Cereais Integrais e Mel,NESTUM,Emb. 0.25 KG,"2,19€","8,76€ / KG",
Vinho de Mesa Branco,ECO+,Emb. 2 L,"2,69€","1,35€ / L",
Amaciador Cabelos Color Vive,ELVIVE,Emb. 0.2 LT,"3,99€","19,95€ / LT",
Ketchup,CALVÉ,Emb. 0.25 KG,"1,29€","5,16€ / KG",
Pizza Royal Ultracongelado,VOLPONE,Emb. 0.44 KG,"2,75€","6,25€ / KG",
Bolacha Maria sem Açúcar 12 Unid.,,Emb. 0.3 KG,"3,54€","11,80€ / KG",
Crocante de Frango Recheio Queijo e Fiambre,IGLO,Emb. 0.204 KG,"4,99€","24,46€ / KG",
Bebida de Soja 0%,SHOYCE,Emb. 1 LT,"1,49€","1,49€ / LT",
Pão Especial Campagnard Fatiado sem Glúten,CHAQUE JOUR SANS GLUTEN,Emb. 0.4 KG,"3,29€","8,23€ / KG",
BL1 LED STANDARD 12W-75W E27,FOXTER,Emb. 1 UNID.,"6,29€","6,29€ / UNID.",
Alimento Seco P/ Gato Adulto Rico em Salmão e Cevada Integral,BEYOND,Emb. 0.85 KG,"6,29€","7,40€ / KG",
Gel Aqua Mega Forte 6,NIVEA MEN,Emb. 0.15 LT,"5,59€","37,27€ / LT",
Batatas Fritas Onduladas,POM'LISSE,Emb. 0.2 KG,"1,19€","5,95€ / KG",
Desodorizante Spray Colonia,MANAVA,Emb. 0.1 LT,"1,29€","12,90€ / LT",
Mistura Solúvel Sem Café,PLANTATION,Frasco 0.2 KG,"2,09€","10,45€ / KG",
Farinha de Trigo T55,ECO+,Emb. 1 KG,"0,85€","0,85€ / KG",
Gelado de Menta com Chocolate,CARTE D'OR,Emb. 1 LT,"2,89€","2,89€ / LT",
PIZZA 4 FROM TURINI,TURINI,Emb. 0.4 KG,"2,29€","5,73€ / KG",
Fruta 100% 7 Frutos 4 Unid.,NESTLÉ,Emb. 0.4 KG,"2,19€","5,48€ / KG",
Penso Incontinência Discreet Mini,AUSONIA,Emb. 20 UNID.,"3,99€","0,20€ / UNID.",
QUEIJO MOZZARELLA RALADO,QUEIJO NA TÁBUA,Emb. 0.2 KG,"1,49€","7,45€ / KG",
Cubos Ambientador para Armario de Lavanda e Alfazema,BONODOR,Emb. 20 UNID.,"3,99€","0,20€ / UNID.",
Sombrinhas Chocolate Leite,MAURI,Emb. 5 UNID.,"2,39€","0,48€ / UNID.",
Mistura de Frutos de Casca Rija,MARQUE REPERE,Emb. 0.2 KG,"2,99€","14,95€ / KG",
Lip Therapy Aloe Vera,VASELINE,Emb. 0.017 KG,"2,99€","175,88€ / KG",
Barras de Cereais Aveia e Chocolate sem Glúten 6Unid.,CHAQUE JOUR SANS GLUTEN,Emb. 0.138 KG,"2,25€","16,30€ / KG",
Alimento Lácteo Banana e Pera 0% Açúcar Bio +6 Meses,NESTLÉ,Emb. 0.36 KG,"2,99€","8,31€ / KG",
"Cereais de Trigo, Mel e Aveia",CHEERIOS,Emb. 0.375 KG,"2,92€","7,79€ / KG",
Esparguete,TURINI,Emb. 0.5 KG,"0,85€","1,70€ / KG",
WAFFERS EXTRA FINAS CHOCOLATE E AVELA,P'TIT DÉLI,Emb. 0.16 KG,"1,79€","11,19€ / KG",
Pantene Grisalho Radiante & Suave Máscara 160 ml,PANTENE PV,Emb. 0.16 LT,"5,99€","37,44€ / LT",
Refrigerante C/ Gás Gasosa,ECO+,Garrafa 2 LT,"0,65€","0,33€ / LT",
PATE CAMPESTRE C/ COGUMELOS,CÔTÉ TABLE,Emb. 0.18 KG,"1,39€","7,72€ / KG",
Alimento Seco para Cão Carne e Cereais Integrais,ECO+,Emb. 20 KG,"14,99€","0,75€ / KG",
Massa Laços,MILANEZA,Emb. 0.5 KG,"1,86€","3,72€ / KG",
Arroz Agulha,BOM SUCESSO,Emb. 1 KG,"1,14€","1,14€ / KG",
Balde de Pipocas Doces,TOKAPI,Emb. 0.24 KG,"2,99€","12,46€ / KG",
CAFE SOLUVEL EXPRESSO STICKS X25 - 45G 25UN,PLANTATION,Emb. 0.045 KG,"1,59€","35,33€ / KG",
Gelado Cookies & Cream Les Desserts,CARTE D'OR,Emb. 0.9 LT,"3,29€","3,66€ / LT",
PURE DE MALAGUETA,TABLES DU MONDE,Emb. 0.1 KG,"0,99€","9,90€ / KG",
Alperce Seco,MARQUE REPERE,Emb. 0.2 KG,"2,69€","13,45€ / KG",
Preservativo Nature,CONTROL,Emb. 6 UNID.,"3,14€","0,52€ / UNID.",
Vinho Regional Tejo Tinto,BRIDÃO,Garrafa 0.75 LT,"2,99€","3,99€ / LT",
PATE RICO VACA P/ GATO BIO 100G CV PLENIMA,PLENIMA,Emb. 0.1 KG,"0,69€","6,90€ / KG",
Café Solúvel Frasco,DELTA,Frasco 0.2 KG,"3,89€","19,45€ / KG",
Alimento Completo Cereais P/ Rolas,TOUS MES AMIS,Emb. 1 KG,"2,29€","2,29€ / KG",
Refrigerante sem Gás Frutas Tropicais,TRINA,Garrafa 1.5 LT,"1,94€","1,29€ / LT",
MAIONESE C/ MOSTARDA DE DIJON FRASCO,RUSTICA,Emb. 0.235 KG,"1,39€","5,91€ / KG",
Molho de Alho,CALVÉ,Frasco 0.25 KG,"2,94€","11,76€ / KG",
Suporte Universal Carro P/ Smartphone 2Em1,LINKSTER,Emb. 1 UNID.,"8,99€","8,99€ / UNID.",
Queijo Mistura Vaca e Ovelha Pequeno,PAIVA,Emb. 0.5 KG (aprox.),"7,49€","14,98€ / KG",
Pudim Chocolate,BOCA DOCE,Emb. 0.022 KG,"0,59€","26,82€ / KG",
Alecrim,MARGÃO,Emb. 0.015 KG,"0,99€","66,00€ / KG",
Bolacha Energy Chiqui Chocs,ARTIACH,Emb. 0.14 KG,"2,09€","14,93€ / KG",
Conserva de Feijão Preto,NOTRE JARDIN,Lata 0.85 KG,"0,99€","1,16€ / KG",
SACOS LIXO C/ ATILHO 30L,ECO+,Emb. 20 UNID.,"0,85€","0,04€ / UNID.",
Ervilhas Muito Finas,NOTRE JARDIN,Emb. 0.4 KG,"0,79€","1,98€ / KG",
DENTIFRICO SABOR A MENTA 7-13 ANOS KIDS,DENTAMYL,Emb. 0.075 LT,"0,89€","11,87€ / LT",
Café Corsé Intensidade 8 Moído,PLANTATION,Emb. 48 PAST.,"3,89€","0,08€ / PAST.",
Sumo 100% de Laranja,JAFADEN,Emb. 1 LT,"1,49€","1,49€ / LT",
DESODORIZANTE SPRAY INVISIBLE MEN 200ML,CARRÉ HOMME,Emb. 0.2 LT,"1,19€","5,95€ / LT",
CHAMPO AUTO 5 L 5L TECH9,TECH9,Emb. 5 LT,"3,39€","0,68€ / LT",
GUARDANAPOS RED LABEL 1F RED,GUARDANAPOS RENOVA,Emb. 70 UNID.,"0,79€","0,01€ / UNID.",
Sobremesa Creme de Chocolate 4x100gr,DANONE,Emb. 0.4 KG,"1,99€","4,98€ / KG",
BAGUETE DE ALHO 2UN,CÔTÉ TABLE,Emb. 0.35 KG,"1,49€","4,26€ / KG",
Detergente Casa de Banho Spray Recarga,CIF,Emb. 0.07 LT,"1,89€","27,00€ / LT",
Café Moagem Universal Angola,DELTA,Emb. 0.22 KG,"3,69€","16,77€ / KG",
Pensos Higiénicos Salvaslip Maxi,EVAX,Emb. 72 UNID.,"4,99€","0,07€ / UNID.",
GUARDANAPOS FOLHA SIMPLES,ECO+,Emb. 200 UNID.,"1,15€","0,01€ / UNID.",
LENTILHAS,NOTRE JARDIN,Emb. 0.45 KG,"0,89€","1,98€ / KG",
Ovos Solo XL,SNR,Emb. 6 UNID.,"1,59€","0,27€ / UNID.",
Vinho do Porto Offley Ruby,OFFLEY,Garrafa 0.75 LT,"4,69€","6,25€ / LT",
Óleo de Cedro,MISTOLIN,Emb. 0.36 LT,"3,49€","9,69€ / LT",
Chá Verde Springy Mint,LIPTON,Emb. 20 UNID.,"1,49€","0,07€ / UNID.",
Cillit Bang Bolor & Sujidade,CILLIT BANG,Emb. 0.5 LT,"2,24€","4,48€ / LT",
Máscara Capilar Reparadora Color Keratina,TRESEMMÉ,Emb. 0.2 LT,"5,39€","26,95€ / LT",
Néctar Vital Equilíbrio Laranja Cenoura Manga,COMPAL,Emb. 1 LT,"1,69€","1,69€ / LT",
Cueca de Banho Tam. M 12/18 Kg,MOTS D'ENFANTS,Emb. 11 UNID.,"4,99€","0,45€ / UNID.",
Chá de Cidreira,,Emb. 25 SAQ.,"0,79€","0,03€ / SAQ.",
Alimento Completo Cereais P/ Coelhos Anões,TOUS MES AMIS,Emb. 2.5 KG,"5,99€","2,40€ / KG",
Paprika Frasco,MARGÃO,Emb. 0.04 KG,"1,99€","49,75€ / KG",
Cappuccino Mocha,NESCAFÉ,Emb. 8 SAQ.,"3,19€","0,40€ / SAQ.",
Espinafres Ultracongelados,BONDUELLE,Emb. 0.4 KG,"1,84€","4,60€ / KG",
SALSICHAO SECO C/ QUEIJO FATIAS,ST AZAY,Emb. 0.1 KG,"1,99€","19,90€ / KG",
Sementes de Chia,MARQUE REPERE,Emb. 0.2 KG,"1,99€","9,95€ / KG",
Chocolate Preto 70% Cacau Extra Noir,JUBILEU,Emb. 0.1 KG,"2,64€","26,40€ / KG",
Cápsulas Café Cappuccino P/ Dolce Gusto,STARBUCKS,Emb. 12 CAPS.,"5,49€","0,46€ / CAPS.",
Camarão Cal. 30/40 Congelado,,1 Unid. = 0.238 KG (aprox.),"11,99€/kg","2,85€ / Unid.",
Alimento Seco P/ Gato Esterilizado C/ Salmão e Trigo,PURINA,Emb. 0.8 KG,"6,99€","8,74€ / KG",
DOSSIER A4 C/ELASTICO+RECARGA 4ARG,ESQUISSE,Emb. 1 UNID.,"4,29€","4,29€ / UNID.",
Ambientador Recarga Portátil touch&fresh Relax Zen,GLADE,Emb. 2 UNID.,"7,18€","3,59€ / UNID.",
Detergente Manual Loiça Ultra Limão,FAIRY,Emb. 0.48 LT,"1,69€","3,52€ / LT",
Palmiers,,Emb. 0.3 KG,"1,69€","5,63€ / KG",
Molho Bolonhesa,TURINI,Frasco 0.68 KG,"2,49€","3,66€ / KG",
Sumo 8 Frutos 3x20 cl,UM BONGO,Emb. 0.6 LT,"1,49€","2,48€ / LT",
NECTAR MULTIFRUTOS SEM ADICAO DE AÇÚCARES,JAFADEN,Emb. 1 LT,"1,39€","1,39€ / LT",
Limpeza Cif Cozinha Eco Recarga Spray,CIF,Emb. 0.07 LT,"1,89€","27,00€ / LT",
Queijo Fundido 24 Porções,ECO+,Emb. 0.4 KG,"2,19€","5,48€ / KG",
Puré de Batata em Flocos 4x125g,,Emb. 0.5 UNID.,"1,35€","2,70€ / UNID.",
Fraldas Bebé Ultra Confort Maxi +9/20 Kg,MOTS D'ENFANTS,Emb. 41 UNID.,"6,99€","0,17€ / UNID.",
Conserva de Atum em Óleo Girassol,PÊCHE OCÉAN,Emb. 0.385 KG,"2,69€","6,99€ / KG",
KINDER BUENO WHITE T2X4,KINDER BUENO,Emb. 0.16 KG,"2,44€","15,25€ / KG",
Iogurte Grego Limão 4x150g,DÉLISSE,Emb. 0.6 KG,"1,89€","3,15€ / KG",
Champô Cabelos Secos,ULTRA SUAVE,Emb. 0.25 LT,"3,59€","14,36€ / LT",
FEIJAO VERDE M.FINO M.GUIA,NOTRE JARDIN,Emb. 0.22 KG,"0,99€","4,50€ / KG",
Gnocchi Fresco,TURINI,Emb. 0.375 KG,"1,49€","3,97€ / KG",
Pacotinho de Frutas S/ Glúten,NESTLÉ BEBÉ,Emb. 0.09 KG,"1,05€","11,67€ / KG",
Arroz Agulha,BELMONTE,Emb. 1 KG,"1,03€","1,03€ / KG",
Pistácio Torrado C/ Sal,MARQUE REPERE,Emb. 0.25 KG,"5,59€","22,36€ / KG",
Vinho Bordeaux Rouge A.O.C. 2014,CHANTET BLANET,Garrafa 0.75 ML,"3,49€","4,65€ / ML",
Iogurte Grego Yaos Caramelo,YAOS,Emb. 0.44 KG,"2,29€","5,20€ / KG",
Água Tónica 6 Unid.,SPRINK'S,Garrafa 1.98 LT,"2,89€","1,46€ / LT",
LIMPA VIDROS AUTO 5 L 5L TECH9,TECH9,Emb. 5 LT,"2,39€","0,48€ / LT",
Óleo Cedro Líquido,PRONTO,Emb. 0.25 LT,"3,59€","14,36€ / LT",
Filete Cavala em Azeite Virgem,BOM PETISCO,Emb. 0.12 KG,"2,39€","19,92€ / KG",
Café Descafeinado Seleção Premium Intensidade 7,NESCAFE GOLD,Emb. 0.1 KG,"5,99€","59,90€ / KG",
PENSOS INCONTINENCIA,CHORYS,Emb. 24 UNID.,"3,75€","0,16€ / UNID.",
Amaciador Cabelos Frágeis,ELVIVE,Emb. 0.2 LT,"3,99€","19,95€ / LT",
FIAMBRE PERNA EXTRA FATIADO,CAMPO FINO,Emb. 0.15 KG,"1,29€","8,60€ / KG",
Chocolate de Leite Triplo Caramelo,MILKA,Emb. 0.09 KG,"1,69€","18,78€ / KG",
VELA NUMERO FUN 5,ARDENCE,Emb. 1 UNID.,"0,99€","0,99€ / UNID.",
Alimento Húmido para Cão Mini Adulto,PURINA ONE,Emb. 0.1 KG,"0,69€","6,90€ / KG",
Escova Dentes Interdental Médio,AQUAFRESH,Emb. 3 UNID.,"4,29€","1,43€ / UNID.",
Forma Tarte C/Fundo Solto 28Cm,ECO+,Emb. 1 UNID.,"3,99€","3,99€ / UNID.",
Massa Quebrada com Gordura Vegetal Rolo,,Emb. 0.23 KG,"0,59€","2,57€ / KG",
VELA NUMERADA N 5,,Emb. 1 UNID.,"0,59€","0,59€ / UNID.",
DESMAQUILHANTE DE OLHOS WATERPROOF BIFASICO,BIONAÏA,Emb. 0.15 LT,"2,69€","17,93€ / LT",
RECARGAS MAQ BARBEAR 3 LAMINAS,CARRÉ HOMME,Emb. 4 UNID.,"3,19€","0,80€ / UNID.",
PELICULA ADERENTE 50M,ECO+,Emb. 50 M,"0,90€","0,02€ / M",
Néctar Clássico Pera,JAFADEN,Emb. 1 LT,"0,99€","0,99€ / LT",
Gelo em Cubos,,Emb. 2 KG,"1,00€","0,50€ / KG",
PIMENTA PRETA EM GRAO SAQUETA,RUSTICA,Emb. 0.05 KG,"0,89€","17,80€ / KG",
Iogurte Queijo Fresco Açucarado com Frutos 6x100g,DÉLISSE,Emb. 0.6 KG,"1,95€","3,25€ / KG",
Champô Repara Azeite de Argão de Marrocos,HERBAL ESSENCES,Emb. 0.4 LT,"3,99€","9,98€ / LT",
DOCE FRAMBOESA LIGHT,DOUCEUR DU VERGER,Emb. 0.34 KG,"1,39€","4,09€ / KG",
Fraldas Incontinência Super M,LINDOR,Emb. 52 UNID.,"28,74€","0,55€ / UNID.",
Pizza Fiambre Queijo 3x350g,TURINI,Emb. 1.05 KG,"4,49€","4,28€ / KG",
Fiambre da Perna Extra Cuida-T,NOBRE,1 Unid. = 0.12 KG (aprox.),"9,98€/kg","1,20€ / Unid.",
Creme de Legumes,REGAL SOUPE,Emb. 1 LT,"1,59€","1,59€ / LT",
Café Moagem Universal Brasil,DELTA,Emb. 0.22 KG,"3,69€","16,77€ / KG",
Bebida soja Original 3x250ml,ALPRO,Emb. 0.75 LT,"1,79€","2,39€ / LT",
Bebida em Pó Ananás,TANG,Emb. 0.03 KG,"0,83€","27,67€ / KG",
Álcool Canforado HIDRO 250ml,HIDRO,Emb. 0.25 LT,"2,09€","8,36€ / LT",
Sobremesa de Soja Pistachio,NAT&VIE,Emb. 0.4 KG,"1,34€","3,35€ / KG",
Alimento Completo Cereais P/ Animais Exóticos,TOUS MES AMIS,Emb. 1 KG,"3,29€","3,29€ / KG",
Conserva de Tremoço Extra,RUSTICA,Frasco 0.87 KG,"2,19€","2,52€ / KG",
Bebida Espirituosa London Gin,BRIGHTON'S,Garrafa 0.7 LT,"6,99€","9,99€ / LT",
AGUA DESMINERALIZADA,,Emb. 5 LT,"0,99€","0,20€ / LT",
Massa Espirais Tricolores,MILANEZA,Emb. 0.5 KG,"1,95€","3,90€ / KG",
CONDICIONADOR REPARADOR,VITANOVE,Emb. 0.2 LT,"1,24€","6,20€ / LT",
Aquafresh Protecção e Caries Branqueadora 2X 75ml,AQUAFRESH,,"5,83€",/ Unid.,
Limpa Madeiras Brilhante Secagem Rápida,SONASOL,Emb. 1.1 LT,"2,79€","2,54€ / LT",
Aditivo roupa spray roupa branca,VANISH,Emb. 0.75 LT,"5,19€","6,92€ / LT",
Puré de Maçã Biológico 4x100g,,Emb. 0.4 KG,"1,89€","4,73€ / KG",
Vinho Regional Dão Branco,GRÃO VASCO,Garrafa 0.75 LT,"3,99€","5,32€ / LT",
Crackers,EPI D'OR,Emb. 0.25 KG,"1,09€","4,36€ / KG",
Bifanas de Porco,,1 Unid. = 0.15 KG (aprox.),"4,29€/kg","0,64€ / Unid.",
Papel Higiénico 2 Folhas,MARQUE REPERE,Emb. 12 UNID.,"2,49€","0,21€ / UNID.",
TARTE DE LIMAO,P'TIT DÉLI,Emb. 0.3 KG,"2,99€","9,97€ / KG",
"AZEITE CLASSICO VIRGEM ≤ 0,7%",RUSTICA,Emb. 0.75 KG,"3,79€","5,05€ / KG",
Óleo Intense 4-23 Cereja Profundo,SYOSS,,"6,24€",/ Unid.,
Cuecas Incontinência Discreet Pants Plus,AUSONIA,Emb. 8 UNID.,"9,99€","1,25€ / UNID.",
Spray de Limpeza e Desengordurante Cozinha Ecológico,UNÍ VERT,Emb. 0.75 LT,"1,49€","1,99€ / LT",
Pente de Cabelo,,Emb. 1 UNID.,"1,99€","1,99€ / UNID.",
DETERGENTE LIQUIDO CONCENTRADO FRESCURA 28D,EPSIL,,"2,90€",/ Unid.,
Miolo de Amendoim Caramelizado,MARQUE REPERE,Emb. 0.25 KG,"1,89€","7,56€ / KG",
Toalhitas Proteção Cores,WOOLITE,Emb. 10 UNID.,"3,49€","0,35€ / UNID.",
Biscoitos Revestidos com Chocolate Branco,P'TIT DÉLI,Emb. 0.15 KG,"0,79€","5,27€ / KG",
Creme Depilatório Duche Peles Normais,VEET,Emb. 0.15 LT,"6,64€","44,27€ / LT",
Pudim Flan Chino,EL MANDARIN,Emb. 0.019 KG,"1,49€","78,42€ / KG",
"Escova P/ Loiça ""Lola""",,Emb. 1 UNID.,"0,69€","0,69€ / UNID.",
Snacks Party Mix Original,FELIX,Emb. 0.06 KG,"1,89€","31,50€ / KG",
CHAMPO + DUCHE ENERGIZANTE PARA HOMEM,CARRÉ HOMME,Emb. 0.25,"0,95€","3,80€ /",
Elixir Triple Action,COLGATE,Emb. 0.5 LT,"4,99€","9,98€ / LT",
Sementes de Linhaça,MARQUE REPERE,Emb. 0.2 KG,"0,99€","4,95€ / KG",
Esfregona Estampada,,Emb. 2 UNID.,"3,50€","1,75€ / UNID.",
Conhaque Royal Spirit,MACIEIRA,Garrafa 0.7 LT,"10,99€","15,70€ / LT",
Açúcar Especial Compota,TÉVA,Emb. 1 KG,"1,79€","1,79€ / KG",
Polpa de Tomate da Horta 3x210ml,COMPAL,Emb. 0.63 LT,"1,69€","2,68€ / LT",
Alimento Seco P/ Gato Adulto Frango e Cereais,PURINA ONE,Emb. 0.8 KG,"6,99€","8,74€ / KG",
DESODORIZANTE AERO DARK TEMPTATION,AXE,Emb. 0.15 LT,"3,29€","21,93€ / LT",
Lixívia Frescura do Campo,NEOBLANC,Emb. 2 LT,"2,14€","1,07€ / LT",
COUVE FLOR,RUSTICA,Emb. 0.36 KG,"1,09€","3,03€ / KG",
Miolo de Caju C/ Sal,MARQUE REPERE,Emb. 0.15 KG,"2,59€","17,27€ / KG",
Cenoura,,1 Unid. = 0.1 KG (aprox.),"0,69€/kg","0,07€ / Unid.",
MASCARA FACIAL EM TECIDO TONIFICANTE,INELL,Emb. 1 UNID.,"2,29€","2,29€ / UNID.",
Acendalha 100% Natural,SILEX,Emb. 40 UNID.,"1,19€","0,03€ / UNID.",
Sidra Normand Doce,LES GOELLERIES,Garrafa 0.75 LT,"2,19€","2,92€ / LT",
Presunto 6 Fatias,,Emb. 0.15 KG,"2,09€","13,93€ / KG",
Couve Coração,,1 Unid. = 0.84 KG (aprox.),"1,19€/kg","1,00€ / Unid.",
CUECA INCONTINENCIA ABSORCAO PLUS MEDIA,CHORYS,Emb. 12 UNID.,"7,99€","0,67€ / UNID.",
Farinha de Trigo com Fermento,ECO+,Emb. 1 KG,"0,89€","0,89€ / KG",
Toucinho Fumado,DAMATTA,Emb. 0.2 KG,"9,98€/kg","2,00€ / Unid.",
Bebida Energética,X-TENSE,Lata 4 UNID.,"3,89€","0,97€ / UNID.",
CONE LIMAO/FRAMBOESA 6UN,TRIUM,Emb. 6 UNID.,"2,49€","0,42€ / UNID.",
"ATUM COM GRAO,RAMIREZ,120G",RAMIREZ,,"1,29€",/ Unid.,
Cillit Bang Limpa Vidros 500ML x12,CILLIT BANG,Emb. 0.5 LT,"2,24€","4,48€ / LT",
Donuts Chocolate 4x47 gr,DONUTS,Emb. 0.188 KG,"2,99€","15,90€ / KG",
Farinheira Terra de Xisto,SNR,Emb. 0.23 KG,"1,65€","7,17€ / KG",
Preparado em Pó Cheesecake,ROYAL,Emb. 0.325 KG,"4,29€","13,20€ / KG",
DESODORIZANTE SPRAY SEDUCTION MEN 100ML COMPACT,CARRÉ HOMME,Emb. 0.1 LT,"1,19€","11,90€ / LT",
Chupa Single,CHUPA CHUPS,Emb. 0.012 KG,"0,39€","32,50€ / KG",
Bolachas Areadas Cobertas de Chocolate,P'TIT DÉLI,Emb. 0.15 KG,"1,19€","7,93€ / KG",
Iogurte Líquido S/ Lactose Morango Banana 4 Unid.,YOGGI,Emb. 0.64 KG,"2,19€","3,42€ / KG",
Polpa de Tomate 100% Português,COMPAL,Frasco 0.5 KG,"1,09€","2,18€ / KG",
Iogurte Bifidus Activia Natural 4 Unid.,DANONE,Emb. 0.48 KG,"1,99€","4,15€ / KG",
Caramelos Werther's Original Storck Creme 135g,JERONIMO MARTINS,Emb. 0.135 KG,"2,99€","22,15€ / KG",
ACHOCOLATADO GRANULADO,BON CHOCO,0.400 0,"1,99€",inf€ /,
Pantene Fixação Ultra Forte Laca 300ml,PANTENE PV,Emb. 0.3 LT,"3,74€","12,47€ / LT",
Chá de Frutos Vermelhos,TISÉA,Emb. 25 SAQ.,"1,19€","0,05€ / SAQ.",
Conserva de Azeitona Verde Recheada,RUSTICA,Frasco 0.36 KG,"1,15€","3,19€ / KG",
Costeletas de Vitelão,,1 Unid. = 0.2 KG (aprox.),"8,99€/kg","1,80€ / Unid.",
Ice Tea de Pêssego 3x20 cl,LIPTON,Emb. 0.6 LT,"1,17€","1,95€ / LT",
PIMENTAO DOCE SAQUETA,RUSTICA,Emb. 0.1 KG,"0,95€","9,50€ / KG",
Nata com 3 Queijos,PARMALAT,Emb. 0.2 LT,"1,27€","6,35€ / LT",
Vinagre de Sidra,RUSTICA,Garrafa 0.5 LT,"0,35€","0,70€ / LT",
ANTI NODOAS E ANTI-DESCOLORACAO 2EM1,TEXIL,Emb. 12 UNID.,"2,49€","0,21€ / UNID.",
Conserva De Cogumelos Laminados 800G ECO+,ECO+,Emb. 0.8 KG,"1,79€","2,24€ / KG",
Fraldas Bebé T4 Ultra Confort 7/18 Kg,MOTS D'ENFANTS,Emb. 26 UNID.,"4,45€","0,17€ / UNID.",
AGUA MICELAR BIO,BIONAÏA,Emb. 0.4 LT,"2,95€","7,38€ / LT",
Bebida Gaseificada Aromatizada de Framboesa S/ Álcool,FESTALIE,Emb. 0.75 ML,"2,49€","3,32€ / ML",
Alimento Húmido para Gato Borrego,LYCAT,Emb. 0.1 KG,"0,55€","5,50€ / KG",
COMINHOS MOIDOS SAQUETA,RUSTICA,Emb. 0.05 KG,"0,79€","15,80€ / KG",
Covete Endivia Branca Org Esp 450G MARCA GUIA,,Emb. 0.45 KG,"2,59€","5,76€ / KG",
Bebida de Soja Original,SHOYCE,Emb. 1 LT,"1,69€","1,69€ / LT",
Barras de Cereais Special K Frutos Vermelhos,KELLOGG'S,Emb. 0.132 KG,"3,79€","28,71€ / KG",
GELADO TRIUM AMENDOIM/CARAMELO COB. CHOCO LEITE 4UN,TRIUM,Emb. 4 UNID.,"2,05€","0,51€ / UNID.",
Pantene Frizz Control & Luminosidade Champô 250 ml,PANTENE PV,Emb. 0.25 LT,"4,99€","19,96€ / LT",
Maionese com Mostarda de Dijon,,Frasco 0.47 KG,"1,49€","3,17€ / KG",
Spray Desembaraçador,NATEIS,Emb. 0.2 LT,"1,99€","9,95€ / LT",
Mini caramelo duro con palo,CHUPA CHUPS,,"2,99€",/ Unid.,
Arroz Vaporizado,COMPTOÍR DU GRAIN,Emb. 1 KG,"1,25€","1,25€ / KG",
Vinho Tinto de Mesa Elopack,CASAL DA EIRA,Emb. 1 LT,"1,69€","1,69€ / LT",
Vinho Rosé Frisante,MONTARRO,Garrafa 0.75 LT,"1,79€","2,39€ / LT",
Chá Preto Yellow Label 100 Saquetas,LIPTON,Emb. 100 Saquetas,"4,54€","0,05€ / Saquetas",
Creme Depilatório Peles Normais,VEET,Emb. 0.2 LT,"6,64€","33,20€ / LT",
Legumes para Sopa,NOTRE JARDIN,Emb. 1 KG,"1,55€","1,55€ / KG",
BEBIDA SOJA NATURAL,ALPRO,Emb. 1 LT,"1,59€","1,59€ / LT",
MARCADOR FLURESCENTE SORTIDO CORES PASTEL 4UN,ESQUISSE,Emb. 4 UNID.,"2,99€","0,75€ / UNID.",
Pensos Higiénicos Salvaslip MaxiPlus,EVAX,Emb. 30 UNID.,"2,99€","0,10€ / UNID.",
Romã,,1 Unid. = 0.3 KG (aprox.),"2,99€/kg","0,90€ / Unid.",
Conserva de Azeitona Mista Galega,RUSTICA,Emb. 0.3 KG,"1,99€","6,63€ / KG",
Bolachas com Pepitas Chocolate Energy 5 Saquetas,CHIQUILÍN,Emb. 0.2 KG,"2,69€","13,45€ / KG",
Tomate Triturado da Horta,COMPAL,Emb. 0.5 LT,"1,49€","2,98€ / LT",
REDONDITAS CROCANTES tipo belgas,P'TIT DÉLI,Emb. 0.25 KG,"1,99€","7,96€ / KG",
Linguiça,,Emb. 0.2 KG,"1,35€","6,75€ / KG",
Fiambre da Perna Extra,CHARCUTARIA,1 Unid. = 0.12 KG (aprox.),"9,49€/kg","1,14€ / Unid.",
Fiambre da Perna Extra Fatiado,NOBRE,Emb. 0.11 KG,"2,14€","19,45€ / KG",
Vinho do Porto Lágrima Branco,DORRÃO,Emb. 0.075 LT,"6,49€","86,53€ / LT",
"BL1 LED ESFERA R 5,5W-40W E27",FOXTER,Emb. 1 UNID.,"3,99€","3,99€ / UNID.",
BEBIDA ARROZ ORIGINAL,ALPRO,Emb. 1 LT,"2,09€","2,09€ / LT",
MOLHO PARA HAMBURGUER,RUSTICA,Emb. 0.85 KG,"3,99€","4,69€ / KG",
"AGUA LISA VIMEIRO ORIGINAL 4X1,5L",VIMEIRO,,"2,89€",/ Unid.,
Pistachios Torrados a Seco C/ Sal,TOKAPI,Emb. 0.075 KG,"1,50€","20,00€ / KG",
Cerveja C/ Álcool,FALSBOURG,Lata 0.33 LT,"0,38€","1,15€ / LT",
Champô Cabelos Normais Fructis Força e Brilho,GARNIER,Emb. 0.25 LT,"3,99€","15,96€ / LT",
Sementes de Quinoa,MARQUE REPERE,Emb. 0.2 KG,"1,39€","6,95€ / KG",
Pantene Liso & Sedoso Champô 3 Em 1,,Emb. 0.3 LT,"4,99€","16,63€ / LT",
Queijo Ralado,TERRA NOSTRA,Emb. 0.15 KG,"1,39€","9,27€ / KG",
Gomas Trio Acidas,COPAÍNS COPINES,Emb. 0.2 KG,"0,99€","4,95€ / KG",
SALSICHA CHURRASCO PICANTE,CAMPO FINO,Emb. 0.2 KG,"1,49€","7,45€ / KG",
Conserva de Grão,COMPAL,Lata 0.845 KG,"1,59€","1,88€ / KG",
Mousse de Café 4x60g,DÉLISSE,Emb. 0.24 KG,"1,35€","5,63€ / KG",
Espanador Duster + 5 Panos,SWIFFER,Emb. 1 UNID.,"3,59€","3,59€ / UNID.",
Tempero para Frango,RUSTICA,Frasco 0.2 KG,"0,75€","3,75€ / KG",
Elixir Extra Fresh,PARODONTAX,Emb. 0.5 LT,"6,59€","13,18€ / LT",
Conjunto de 3 Recargas Desumidificador Neutra,FOXTER,Emb. 0.5 KG,"5,99€","11,98€ / KG",
Costeletão de Vitelão,,1 Unid. = 0.35 KG (aprox.),"5,19€/kg","3,99€ / Unid.",
CORNETTO MINI CLÁSSICO (8x60ml),CORNETTO,Emb. 8 UNID.,"4,99€","0,62€ / UNID.",
Folhados de Frutos do Mar 4x100g,CÔTÉ TABLE,Emb. 4 UNID.,"4,99€","1,25€ / UNID.",
RECARGAS MAQ.BARBEAR 5 LAMINAS 4UN,CARRÉ HOMME,Emb. 4 UNID.,"4,29€","1,07€ / UNID.",
3 Mini Saucisses Sèches,ST AZAY,Emb. 0.15 KG,"2,49€","16,60€ / KG",
MIOLO DE CAMARAO 24/36,PÊCHE OCÉAN,Emb. 0.3 KG,"7,10€","23,67€ / KG",
Esparguete C/ Frango +10 Meses,NESTLÉ,Emb. 0.19 KG,"1,39€","7,32€ / KG",
Cogumelo Branco Laminado,,Emb. 0.3 KG,"1,99€","6,63€ / KG",
Fatias Clássicas de Frango,CAMPOFRIO,Emb. 0.09 KG,"1,30€","14,44€ / KG",
Loção Sensitive,BABY DOVE,Emb. 0.2 LT,"5,39€","26,95€ / LT",
"Queijo Fundido Fonte de Vitaminas A, B2, B12",LES CROISÉS,Emb. 0.2 KG,"1,35€","6,75€ / KG",
Difusor e Recarga Freshmatic Lavanda e Camomila,AIR WICK,Emb. 0.61 KG,"7,19€","11,79€ / KG",
Cremant Dalsace Brut,REBMANN,Garrafa 0.75 LT,"7,39€","9,85€ / LT",
Alimento Húmido P/ Gato Party Mix Picnic,FELIX,Emb. 0.06 KG,"1,89€","31,50€ / KG",
Snack Batata Barbecue,TOKAPI,Emb. 0.17 KG,"1,95€","11,47€ / KG",
CREME DE CENOURA,REGAL SOUPE,Emb. 0.35 KG,"1,75€","5,00€ / KG",
Desodorizante Spray,REXONA,Emb. 0.15 LT,"2,54€","16,93€ / LT",
Café Cápsulas deQafeinatus Intensidade 1,DELTA,Emb. 10 CAPS.,"3,39€","0,34€ / CAPS.",
Bolachas Torradas,VIEIRA,Emb. 0.2 KG,"0,87€","4,35€ / KG",
Recarga Mopa 20 Panos,SWIFFER,Emb. 1 P,"4,79€","4,79€ / P",
Gel De Argila,DOVE,Emb. 0.5 LT,"2,99€","5,98€ / LT",
Água Refrescante Biológica,CORINE DE FARME,Emb. 0.15 LT,"4,84€","32,27€ / LT",
Gel Banho Baunilha/Ambre,MANAVA,Emb. 0.5 LT,"2,29€","4,58€ / LT",
Dentifrico Cuidado Extra Fresco,PARODONTAX,Emb. 0.075 LT,"5,59€","74,53€ / LT",
Achocolatado em Pó,BON CHOCO,Emb. 0.45 KG,"1,79€","3,98€ / KG",
BARRINHAS KINDER CHOCOLATE T24 300G,KINDER,Emb. 0.3 KG,"4,19€","13,97€ / KG",
Lenços Faciais Plenitude Renova,LENÇOS RENOVA,Emb. 80 UNID.,"0,99€","0,01€ / UNID.",
RECARGA P/ ESCOVA DENTES MEDIA CABECA RECARRREGAVEL,DENTAMYL,,"1,25€",/ Unid.,
Gel de Banho Deeply Nourishing,DOVE,Emb. 0.75 LT,"4,19€","5,59€ / LT",
Muelsi C/ Chocolate Leite,GRAINEA,Emb. 0.5 KG,"2,39€","4,78€ / KG",
Capucino Chocolate Base de Leite Magro em Pó,PLANTATION,Emb. 0.306 KG,"2,99€","9,77€ / KG",
Toldo Proteção P/Pintura Plástico 2X3Metros,ECO+,Emb. 1 UNID.,"3,99€","3,99€ / UNID.",
TESOURA PODA,BEAUX JOURS,Emb. 1 UNID.,"2,99€","2,99€ / UNID.",
IOGURTE BAUNILHA BIO FRASCO,,Emb. 0.5 KG,"1,79€","3,58€ / KG",
Presunto Fatiado,PROBAR,Emb. 0.09 KG,"1,99€","22,11€ / KG",
Néctar Clássico Pêssego 3x200 ml,COMPAL,Emb. 0.6 LT,"1,49€","2,48€ / LT",
Maçã Pink Lady Cal. 70/75,,1 Unid. = 0.19 KG (aprox.),"2,99€/kg","0,57€ / Unid.",
Tablete de Chocolate de Leite 5x100g,ECO+,Emb. 0.5 KG,"2,75€","5,50€ / KG",
TIRAS DE BACON FUMADOS -25% TEOR SAL (LARDONS) 2X75G,TRADILÈGE,Emb. 0.15,"1,79€","11,93€ /",
Escova de Dentes Complete Média,ORAL B,Emb. 1 UNID.,"1,64€","1,64€ / UNID.",
Néctar de Laranja,JAFADEN,Emb. 2 LT,"1,69€","0,85€ / LT",
Alimento Húmido P/ Gato Duplo Prazer Pack 12,GOURMET,Emb. 1.02 KG,"8,79€","8,62€ / KG",
Espumante ASTI Doce,GANCIA,Garrafa 0.75 LT,"8,69€","11,59€ / LT",
SORVETE LIMAO,TROFIC,Emb. 1 LT,"1,79€","1,79€ / LT",
Camarão Cozido Cal. 20/30,,1 Unid. = 0.19 KG (aprox.),"14,99€/kg","16,99€ / Unid.",
Néctar Compal Vital de Ananás e Coco,COMPAL,Emb. 1 LT,"1,69€","1,69€ / LT",
CAPA CARTAO C/ELASTICO 3UN,ESQUISSE,Emb. 3 UNID.,"2,49€","0,83€ / UNID.",
Conjunto de 10 Lâminas X-Ato 18Mm H,FOXTER,Emb. 10 UNID.,"1,29€","0,13€ / UNID.",
Bife da Pá Novilho,,1 Unid. = 0.25 KG (aprox.),"4,99€/kg","1,25€ / Unid.",
Snack P/ Cão Sticks C/ Aroma a Javali,PURINA,Emb. 0.09 KG,"1,99€","22,11€ / KG",
Bolachas Quadradas Recheadas com Sabor a Chocolate,ECO+,Emb. 0.3 KG,"1,09€","3,63€ / KG",
Bolachas Recheadas de Morango,P'TIT DÉLI,Emb. 0.15 KG,"1,69€","11,27€ / KG",
Dentífrico Dentes Leite,AQUAFRESH,Emb. 0.05 LT,"2,89€","57,80€ / LT",
Rolo Massa Folhada Pronta a Desenrolar,,Emb. 0.23 KG,"0,59€","2,57€ / KG",
Espumante de Melão,BAR ROYAL,Garrafa 0.75 LT,"3,99€","5,32€ / LT",
Queijo Mini Babybel Light,BABYBEL,Emb. 0.12 KG,"2,04€","17,00€ / KG",
Massa Pevide,MILANEZA,Emb. 0.25 KG,"0,85€","3,40€ / KG",
TOMATES SECOS EM OLEO GIRASSOL E AZEITE,RUSTICA,Emb. 0.28 KG,"2,69€","9,61€ / KG",
Vinho Regional Dão Tinto Seleção,QUINTA DE CABRIZ,Garrafa 0.75 LT,"4,99€","6,65€ / LT",
Passas de Uva,TABLIER BLANC,Emb. 0.25 KG,"1,39€","5,56€ / KG",
Papa Infantil de Banana Laranja,CERELAC,Emb. 0.25 KG,"2,39€","9,56€ / KG",
Massa Macarronete Riscado,ECO+,Emb. 0.5 KG,"0,65€","1,30€ / KG",
Ração seca para gato digestão sensível c/ truta,ULTIMA,Emb. 1.5 KG,"13,29€","8,86€ / KG",
Amarguinha 700 ml,AMARGUINHA,Emb. 0.07 LT,"9,99€","142,71€ / LT",
PALMIERS DU BOIS ROCHE 150G,DU BOIS DE LA ROCHE,Emb. 0.15 KG,"1,49€","9,93€ / KG",
Leite 0% Lactose,UCAL,Emb. 1 LT,"1,67€","1,67€ / LT",
Sangria Don Simon,DON SIMON,Garrafa 1.5 LT,"2,19€","1,46€ / LT",
Dentífrico Natural Extracts Brilho Intenso,COLGATE,Emb. 0.075 LT,"3,24€","43,20€ / LT",
Queijo Coulommiers 50%MG,,Emb. 0.35 KG,"2,29€","6,54€ / KG",
Bolachas Integrais de Goji,DIESE,Emb. 0.2 KG,"2,49€","12,45€ / KG",
PANO MICROFIBRAS SUAVE 2+1,VILEDA,,"1,99€",/ Unid.,
Alheira Regional - PDTO Lamego,SNR,Emb. 0.21 KG,"1,49€","7,10€ / KG",
ARROZ DOCE SABOR BAUNILHA,DÉLISSE,Emb. 0.92 KG,"2,99€","3,25€ / KG",
Mini Bolos com Pepitas de Chocolate,P'TIT DÉLI,Emb. 0.15 KG,"1,39€","9,27€ / KG",
Champô Bebé Bons Sonhos,JOHNSON'S BABY,Emb. 0.5 LT,"5,59€","11,18€ / LT",
Iogurte Líquido Limonada 4 Unid.,YOGGI,Emb. 0.64 KG,"2,09€","3,27€ / KG",
Bolachas Cookies XL Pedaços de Choco,MILKA,Emb. 0.184 KG,"2,69€","14,62€ / KG",
TOMATE PELADO,TURINI,Emb. 0.78 KG,"0,99€","1,27€ / KG",
MAQ.BARBEAR 5 LAMINAS + 1 RECARGA,CARRÉ HOMME,Emb. 1 UNID.,"4,95€","4,95€ / UNID.",
Vinho Regional Douro Reserva 2015,MONTES ERMOS,Garrafa 0.75 L,"4,39€","5,85€ / L",
Natas Pasteurizadas,LONGA VIDA,Emb. 0.2 LT,"1,99€","9,95€ / LT",
Cogumelos Inteiros,NOTRE JARDIN,Emb. 0.78 KG,"2,69€","3,45€ / KG",
Deo Creme Derma Care 0% Álcool,VASELINE,Emb. 0.05 LT,"2,84€","56,80€ / LT",
Beringela,,1 Unid. = 0.37 KG (aprox.),"2,39€/kg","0,88€ / Unid.",
Licor da Nação,SNR,Garrafa 0.7 LT,"7,49€","10,70€ / LT",
"GELADO ""TYROLIA"" BAUNILHA",ESKISS,Emb. 0.65 LT,"1,79€","2,75€ / LT",
CRACKERS MINI PIZZA,TOKAPI,Emb. 0.085 KG,"1,09€","12,82€ / KG",
Atum Posta Natural,BOM PETISCO,Emb. 0.2 KG,"2,39€","11,95€ / KG",
Vinagre de Sidra Original,GALLO,Emb. 0.25 LT,"1,69€","6,76€ / LT",
Ovos Solo L,SNR,Emb. 6 UNID.,"1,29€","0,22€ / UNID.",
Paté para Cão de Aves e Fígado,LYDOG,Emb. 0.3 KG,"0,79€","2,63€ / KG",
Gelado 3 Chocolates,TRIUM,Emb. 4 UNID.,"2,55€","0,64€ / UNID.",
Bebida Gaseificada Aromatizada de Uva S/ Álcool,FESTALIE,Emb. 0.75 LT,"2,49€","3,32€ / LT",
Massa Filo,TABLIER BLANC,Emb. 0.25 KG,"1,99€","7,96€ / KG",
Cabo Universal,,Emb. 1 UNID.,"3,99€","3,99€ / UNID.",
Refrigerante sem Gás Maçã Verde,FRUTIS,Garrafa 1.5 LT,"1,15€","0,77€ / LT",
Iced Tea Pêssego,ECO+,Emb. 1.5 LT,"0,84€","0,56€ / LT",
AMACIADOR ECOLOGICO,UNÍ VERT,Emb. 0.75 LT,"1,59€","2,12€ / LT",
PREPARADO PARA BOLO FONDANT DE CHOCOLATE PRONTO A COZER,TABLIER BLANC,Emb. 0.5 KG,"2,89€","5,78€ / KG",
QUEIJO FRESCO PARA BARRAR 24%MG,LES CROISÉS,Emb. 0.15 KG,"0,79€","5,27€ / KG",
Toranja Cal. 2/3,,1 Unid. = 0.32 KG (aprox.),"1,69€/kg","0,54€ / Unid.",
Deo Spray Tropical,REXONA,Emb. 0.15 LT,"2,54€","16,93€ / LT",
Vinho Regional Douro Tinto,CISTUS,Garrafa 0.75 LT,"5,59€","7,45€ / LT",
SACOS LIXO FECHO FACIL 100% RECICLADO 50L,ECO+,Emb. 25 UNID.,"2,29€","0,09€ / UNID.",
Gel de Duche Pétalas do Oriente,MANAVA,Emb. 0.25 LT,"1,19€","4,76€ / LT",
Conserva de Azeitona Verde Inteira,RUSTICA,Emb. 0.5 KG,"1,99€","3,98€ / KG",
Spaguetti,TRADIZIONI D'ITALIA,Emb. 0.5 KG,"1,49€","2,98€ / KG",
Farinha,MAIZENA,Emb. 0.4 KG,"2,29€","5,73€ / KG",
B&J Chocolate Fudge Brownie 465ml,,Emb. 0.465 LT,"6,79€","14,60€ / LT",
Iogurte Líquido Frutos Tropicais 4 Unid.,YOGGI,Emb. 0.64 KG,"2,09€","3,27€ / KG",
Gelatina de Manga,KOALA,Emb. 0.13 KG,"1,08€","8,31€ / KG",
Sacos de Congelação Pequeno 18x20cm,ELEMBAL,Emb. 25 SAQ.,"0,99€","0,04€ / SAQ.",
Iogurte Líquido Framboesa,DÉLISSE,Emb. 0.85 LT,"1,25€","1,47€ / LT",
DANACOL LIQUÍDO COLESTEROL AVEIA,DANACOL,Emb. 6 UNID.,"2,99€","0,50€ / UNID.",
TABLETE CHOCOLATE NEGRO FLOR SAL 100G,CEMOI,Emb. 0.1 KG,"0,99€","9,90€ / KG",
ABRASIVO SANITARIO PINHO ACTIV EFFECT 750ML,SYPHON,Emb. 0.75 LT,"0,99€","1,32€ / LT",
Conserva de Tomate em Pedaços,TURINI,Emb. 0.39 KG,"0,54€","1,38€ / KG",
Iogurte de Pêra 4 Unid.,IOGOLINO,Emb. 0.4 KG,"2,89€","7,23€ / KG",
Anti-Calcário Spray Brilhante,AJAX,Emb. 0.5 LT,"3,99€","7,98€ / LT",
24 VELAS ANIVERSARIO BRANCAS,ARDENCE,Emb. 24 UNID.,"1,39€","0,06€ / UNID.",
Conserva De Feijão Frade 425g,NOTRE JARDIN,Lata 0.425 KG,"0,75€","1,76€ / KG",
Pacotinho de Frutas Maçã e Pêssego S/ Glúten +6 meses,NESTLÉ,Emb. 0.09 KG,"1,05€","11,67€ / KG",
Recarga Freshmatic Pradera Púrpura de Lavanda,AIR WICK,Spray 0.25 LT,"3,59€","14,36€ / LT",
AZEITONA MACANILHA MISTA INTEIRA,RUSTICA,Emb. 0.37 KG,"0,99€","2,68€ / KG",
GENGIBRE MOIDO FRASCO,RUSTICA,Emb. 0.027 KG,"0,79€","29,26€ / KG",
Panaché 10x25CL,MÍLLBRAU,Emb. 2.5 LT,"2,65€","1,06€ / LT",
Cerveja com Álcool,SUPER BOCK,Lata 0.33 LT,"0,59€","1,79€ / LT",
"AGUA MICEL OLEO,OLH SENSI,400ML",GARNIER,,"7,99€",/ Unid.,
MINI BOLACHAS C/ RECHEIO MORANGO,P'TIT DÉLI,Emb. 0.168 KG,"1,19€","7,08€ / KG",
ESCOVA DENTES CRIANCA 2-6 ANOS,PETIT DENTAMYL,Emb. 1 UNID.,"0,79€","0,79€ / UNID.",
ADESIVOS PURIFICANTES X6- PELE NORMAL A MISTA,INELL,Emb. 6 UNID.,"3,39€","0,57€ / UNID.",
Café Solúvel Clássico,NESCAFÉ,Emb. 0.2 KG,"6,14€","30,70€ / KG",
VELA NUMERO FUN 9,ARDENCE,Emb. 1 UNID.,"0,99€","0,99€ / UNID.",
Pensos Universais Sortidos à Prova de Água,HANSAPLAST,Emb. 20 UNID.,"2,19€","0,11€ / UNID.",
Sobremesa de Soja Açucarada C/ Morango,NAT&VIE,Emb. 0.4 KG,"1,40€","3,50€ / KG",
DETERGENTE MANUAL LOICA ULTRA SAIS E MINERAIS/FRUTOS EXOTICOS 500ML,VISIOR,Emb. 0.5,"0,77€","1,54€ /",
Rissóis de Carne,,Emb. 8   UNID.,"1,59€","0,20€ /   UNID.",
KIT FAJITAS 505G TABLE DU MON,TABLES DU MONDE,Emb. 0.505 KG,"3,59€","7,11€ / KG",
"ATUM FILETE NATURAL,120G",TENÓRIO,Emb. 0.12 KG,"2,14€","17,83€ / KG",
ALIMENT BEBE: IOGURTE CREMOSO MANGA E AVEIA BIO 6M,BIO VILLAGE BEBE,,"3,99€",/ Unid.,
Massa Laços Tricolores,MILANEZA,Emb. 0.5 KG,"2,15€","4,30€ / KG",
Dentífrico Pro Esmalte,SENSODYNE,Emb. 0.075 LT,"4,99€","66,53€ / LT",
Queijo de Cabra Rústico Saloio,PALHAIS DE PORTUGAL,1 Unid. = 0.25 KG (aprox.),"14,98€/kg","3,75€ / Unid.",
Elixir Suavidade e Brilho Para Cabelo Muito Estragado,GLISS,Emb. 0.075 LT,"4,99€","66,53€ / LT",
SABONETE VEGETAL ALPERCE BIO,BIONAÏA,Emb. 0.1 LT,"1,55€","15,50€ / LT",
Tablete de Chocolate e Leite C/ Cereais Crocantes,CRUNCH,Emb. 0.1 KG,"1,99€","19,90€ / KG",
Dentífrico Menta Suave,AQUAFRESH,Emb. 0.075 LT,"2,39€","31,87€ / LT",
"A+ COLOR LIQ 85D,,4.25L",A+,,"11,99€",/ Unid.,
Conserva de Cassoulet de Porco,CÔTÉ TABLE,Lata 0.42 KG,"1,59€","3,79€ / KG",
Legumes C/ Vitela desde os 6 Meses S/ Glúten,NESTLÉ,Emb. 0.19 KG,"1,39€","7,32€ / KG",
Gelado After Dinner,MAGNUM,Emb. 10 UNID.,"5,49€","0,55€ / UNID.",
GELADO EM TUBO TROFI'TUBS 20UN,SMICY,Emb. 20 UNID.,"2,69€","0,13€ / UNID.",
Água Tónica Mist,NORDIC,Lata 0.25 LT,"0,75€","3,00€ / LT",
Dentífrico Júnior,AQUAFRESH,Emb. 0.05 LT,"2,89€","57,80€ / LT",
Gomas de Ursinhos com Vários Sabores,COPAÍNS COPINES,Emb. 0.3 KG,"1,34€","4,47€ / KG",
LIXIVIA TRADICIONAL,ECO+,Emb. 4 LT,"1,35€","0,34€ / LT",
Strogonoff,KNORR,Emb. 0.033 KG,"1,54€","46,67€ / KG",
Desodorizante Spray Invisible,MANAVA,Emb. 0.2 LT,"1,34€","6,70€ / LT",
Leite com Chocolate UHT 4x200 ml,GRESSO,Emb. 0.8 LT,"1,59€","1,99€ / LT",
Bolachas Plain Frutos Silvestres,BELVITA,Emb. 0.3 KG,"2,49€","8,30€ / KG",
Parmesão Reggiano Ralado,LES CROISÉS,Emb. 0.06 KG,"1,39€","23,17€ / KG",
Gomas Minhocas,COPAÍNS COPINES,Emb. 0.2 KG,"0,99€","4,95€ / KG",
AMENDOINS TORRADOS E SALGADOS,ECO+,Emb. 0.25 KG,"0,89€","3,56€ / KG",
"MINI SPRAY ""LIRIO DO VALE"" RECARGA 15ML",BIEN AIR,Emb. 0.015 LT,"0,90€","60,00€ / LT",
Azeite virgem extra aroma trufa,GALLO,Emb. 0.25 LT,"2,39€","9,56€ / LT",
Lula Inteira Congelada,,1 Unid. = 0.25 KG (aprox.),"5,49€/kg","1,37€ / Unid.",
Creme de Ovos Sabor Baunilha 4x100gr,DÉLISSE,Emb. 0.4 KG,"2,39€","5,98€ / KG",
Vinho Castello DAlba Superior Tinto 2020,CASTELLO D'ALBA,Emb. 0.75 LT,"14,69€","19,59€ / LT",
Refeição Arroz de Tomate e frango,BLÉDINA,Emb. 0.2 KG,"2,09€","10,45€ / KG",
COLORACAO VEGETAL PRETO BIO,BIONAÏA,Emb. 1 UNID.,"6,99€","6,99€ / UNID.",
Pantene 3 Minute Miracle Repara & Protege,PANTENE PV,Emb. 0.2 LT,"5,99€","29,95€ / LT",
SNACK RECOMPENSA QUEIJO E BOVINO,TOUS MES AMIS,Emb. 0.14 KG,"1,29€","9,21€ / KG",
ACAFRAO DAS INDIAS SAQUETA,RUSTICA,Emb. 0.05 KG,"0,60€","12,00€ / KG",
Manteiga Fácil de Barrar,MIMOSA,Emb. 0.25 KG,"2,34€","9,36€ / KG",
Chá Preto,TETLEY,Emb. 10 SAQ.,"0,71€","0,07€ / SAQ.",
FOLHA DE ALUMINIO 25 M,,,"6,49€",/ Unid.,
Queijo Grana Padano Ralado,LES CROISÉS,Emb. 0.1 KG,"1,59€","15,90€ / KG",
SACO ARRUMACAO MALEAVEL,SILLAGE,Emb. 1 UNID.,"3,00€","3,00€ / UNID.",
Nuggets de Aves,ECO+,Emb. 0.5 KG,"2,99€","5,98€ / KG",
PENSOS INCONTINENCIA MEDIA - HOMEM,CHORYS,Emb. 20 UNID.,"3,89€","0,19€ / UNID.",
PILHAS ALCALINAS LR03,ECO+,Emb. 8 UNID.,"1,79€","0,22€ / UNID.",
SACO ASPIRADOR ROWENTA PWR,ELSAY,Emb. 1 UNID.,"3,90€","3,90€ / UNID.",
Massa Letras Clássica,NACIONAL,Emb. 0.25 KG,"0,85€","3,40€ / KG",
BACALHAU COM NATAS,CÔTÉ TABLE,Emb. 0.8 KG,"6,99€","8,74€ / KG",
Almôndegas proteína,IGLO,Emb. 0.24 KG,"4,79€","19,96€ / KG",
WC PARA GATO,P'TIT AMI,Emb. 1 UNID.,"15,99€","15,99€ / UNID.",
Carvão Vegetal Artesanal,,Emb. 5 KG,"5,19€","1,04€ / KG",
Sumo de Ameixa Obtido por Extração Biológico,,Emb. 1 LT,"3,85€","3,85€ / LT",
Miolo de Camarão Gigante Ultracongelado,PESCANOVA,Emb. 0.25 KG,"6,99€","27,96€ / KG",
ALGODAO DUO MINI OVALE X110,INELL,Emb. 110 UNID.,"0,89€","0,01€ / UNID.",
Pérolas de Perfume para Roupa Dreams,LENOR,Emb. 0.21 KG,"7,69€","36,62€ / KG",
GELADO 6 BAUNILHA 6 MORANGO,SMICY,Emb. 12 UNID.,"2,69€","0,22€ / UNID.",
Limpa Móveis Spray Lavanda,PRONTO,Emb. 0.3 LT,"4,79€","15,97€ / LT",
GELADO TARTUFO,ESKISS,,"2,95€",/ Unid.,
ARRANHADOR EM CARTAO P/GATO,P'TIT AMI,Emb. 1 UNID.,"2,69€","2,69€ / UNID.",
Alimento Seco para Cão Croquetes Júnior Carne de Ave,LYDOG,Emb. 4 KG,"6,99€","1,75€ / KG",
Maçã Golden Cal. 70/75,,1 Unid. = 0.21 KG (aprox.),"1,29€/kg","0,27€ / Unid.",
Néctar Clássico Ameixa,COMPAL,Emb. 1 LT,"1,69€","1,69€ / LT",
Salada Ibérica,,Emb. 0.15 KG,"1,29€","8,60€ / KG",
CAPA PLASTICA COLORIDA A4 C/ELASTICO,ESQUISSE,Emb. 1 UNID.,"2,59€","2,59€ / UNID.",
Vinho Tinto do Alentejo,MONTE DAS ANFORAS,Emb. 0.75 LT,"3,99€","5,32€ / LT",
Gelado Baunilha Morango,CARTE D'OR,Emb. 1.7 LT,"2,99€","1,76€ / LT",
Esponja Glitzi Plus,VILEDA,Emb. 3 UNID.,"3,19€","1,06€ / UNID.",
Bebida de Soja Chocolate,NAT&VIE,Emb. 1 LT,"1,29€","1,29€ / LT",
Conserva de Cogumelos Laminados,FERBAR,Lata 0.29 KG,"0,95€","3,28€ / KG",
Vinho Regional Alentejo Branco,TERRAS D'EL REI,Garrafa 0.75 LT,"2,79€","3,72€ / LT",
Bolachas Amanteigadas Cobertas com Tablete Chocolate Leite e Avelãs,P'TIT DÉLI,Emb. 0.15 KG,"1,20€","8,00€ / KG",
Arroz Pot Caril,KNORR,Emb. 0.075 KG,"1,99€","26,53€ / KG",
100% Cevada,PENSAL,Frasco 0.2 KG,"2,59€","12,95€ / KG",
Pensos Higiénicos Ultrafinos Abas,AUSONIA,Emb. 12 UNID.,"1,69€","0,14€ / UNID.",
Bebida de Aveia,ALPRO SOYA,Emb. 1 LT,"2,39€","2,39€ / LT",
Bolos Fofos de Cacau Recheio de Leite e Coco,P'TIT DÉLI,Emb. 0.42 KG,"3,19€","7,60€ / KG",
Cuvete de Alumínio 10x1L,ELEMBAL,Emb. 10 UNID.,"2,99€","0,30€ / UNID.",
Champô de Queratina Protetor da Cor,TRESEMMÉ,Emb. 0.7 LT,"6,59€","9,41€ / LT",
"AGUARDENTE VINICA VELHA,,70CL",,0.07 CL,"18,99€","271,29€ / CL",
GELADO TRIUM MENTA 4UN,TRIUM,Emb. 4 UNID.,"2,05€","0,51€ / UNID.",
Miolo de Pinhão,,Emb. 0.1 KG,"8,49€","84,90€ / KG",
ALIMENT BEBE: PURE DE PERA WILLIAMS BIO +4M 4x100G,BIO VILLAGE BEBE,Emb. 0.4 KG,"2,09€","5,23€ / KG",
Ananás em Calda Rodelas com Sumo Natural,DOUCEUR DU VERGER,Lata 0.565 KG,"1,79€","3,17€ / KG",
Cápsulas Café Au Lait Galão,DOLCE GUSTO,Emb. 16 CAPS.,"5,99€","0,37€ / CAPS.",
Arroz Carolino,PATO REAL,Emb. 1 KG,"1,17€","1,17€ / KG",
Pantene Caracóis Perfeitos Champô 3 Em 1,PANTENE,Emb. 0.3 LT,"4,99€","16,63€ / LT",
Preservativo Non Stop,CONTROL,Emb. 12 UNID.,"6,99€","0,58€ / UNID.",
Couve Roxa,,1 Unid. = 1 KG (aprox.),"0,99€/kg","0,99€ / Unid.",
Sumo 100% Cenoura Biológico,,Emb. 1 LT,"1,99€","1,99€ / LT",
WC Gel Glitter Brisa do Mar,NEO BLANC,Emb. 0.7 LT,"2,09€","2,99€ / LT",
Papel Higiénico 4 Folhas,RENOVA,Emb. 12 ROLOS,"7,19€","0,60€ / ROLOS",
Multifunções 5 Efeitos Pastilhas 250Gr,BEAUX JOURS,Emb. 4 KG,"31,49€","7,87€ / KG",
Chá de Camomila,LIPTON,Emb. 20 SAQ.,"1,20€","0,06€ / SAQ.",
Alimento Seco para Cão Croquetes Equilíbrio,LYDOG,Emb. 4 KG,"6,99€","1,75€ / KG",
Areia Higiénica Perfumada para Gato,ECO+,Emb. 7 LT,"1,85€","0,26€ / LT",
QUEIJO BRILLAT SAVARIN,NOS RÉGIONS ONT DU TALENT,Emb. 0.2 KG,"3,19€","15,95€ / KG",
LIXIVIA C/DETERGENTE,CLAIR,Emb. 2 LT,"1,09€","0,55€ / LT",
Vinho Regional Península de Setúbal Tinto,JOSE MARIA FONSECA,Garrafa 0.75,"1,99€","2,65€ /",
Batatas Fritas Caseiras Rodelas,SNR,Emb. 0.18 KG,"1,15€","6,39€ / KG",
Tablete de Chocolate com Avelãs,TABLETTE D'OR,Emb. 0.2 KG,"1,59€","7,95€ / KG",
Dove Men +Care Desodorizante Clean Comfort Spray,DOVE,Emb. 0.15 LT,"2,69€","17,93€ / LT",
10 LAPIS GRAFITE HB,ECO+,Emb. 10 UNID.,"1,09€","0,11€ / UNID.",
COLORACAO ACAJU 5.56 S/AMONIACO,VITANOVE,Emb. 1 UNID.,"3,89€","3,89€ / UNID.",
Chouriça de Trancoso,SNR,Emb. 1 UNID.,"2,69€","2,69€ / UNID.",
Sumo Ananás,JAFADEN,Emb. 1 LT,"1,29€","1,29€ / LT",
MOUSSE DE MARACUJÁ CONDI 80G,CONDI,Emb. 0.8 KG,"1,34€","1,68€ / KG",
"Croquetes Frango, Pato e Azeitonas",TOUS MES AMIS,Emb. 2 KG,"3,99€","2,00€ / KG",
Elixir Listerine Menta Suave,LISTERINE,Emb. 0.75 LT,"5,99€","7,99€ / LT",
ARROZ MEDITERRANIO PRE COZIDO EXPRESS,COMPTOÍR DU GRAIN,Emb. 0.25 KG,"1,09€","4,36€ / KG",
BARRAS CEREAIS FROSTIES 6X25G,KELLOGG'S,Emb. 6 UNID.,"2,79€","0,47€ / UNID.",
Ambientador Carro Flores Elegantes,AMBIPUR,Emb. 1 UNID.,"3,49€","3,49€ / UNID.",
Perfume Pearls Fuchsia Passion,COMFORT,Emb. 0.375 KG,"8,49€","22,64€ / KG",
Gel Garnier Extra Forte 3 Estructurante,FRUCTIS,Emb. 0.2 LT,"5,49€","27,45€ / LT",
LANTERNA FRONTAL,FOXTER,Emb. 1 UNID.,"6,59€","6,59€ / UNID.",
CARREGADOR HR6/HR03 + 4 PILHAS RECARREGAVEIS USB,FOXTER,Emb. 1 UNID.,"18,99€","18,99€ / UNID.",
Ketchup Top Down,HEINZ,Emb. 0.46 KG,"3,69€","8,02€ / KG",
Spray Tira-Nódoas Multiuso,KH-7,Emb. 0.75 LT,"4,99€","6,65€ / LT",
Mateus Rosé,MATEUS,Garrafa 0.75 LT,"4,29€","5,72€ / LT",
B&J Cookie Dough 465ml,,Emb. 0.465 LT,"6,79€","14,60€ / LT",
"BEBIDA APERITIVA ROSSO 14,4º",GILDO,1 0,"3,19€",inf€ /,
Champô Purificante Morango Branco e Menta Dulce,HERBAL ESSENCES,Emb. 0.4 LT,"3,99€","9,98€ / LT",
Tablete Chocolate Preto com Menta,TABLETTE D'OR,Emb. 0.1 KG,"1,19€","11,90€ / KG",
Vinho Regional Alentejo Tinto,LOIOS,Garrafa 0.75 LT,"3,99€","5,32€ / LT",
"MAQUINA CREPES L2312,ECO+,1P",ECO+,Emb. 1 UNID.,"29,90€","29,90€ / UNID.",
Iogurte Morango e Banana 0% Açúcar 4 Unid.,IOGOLINO,Emb. 0.4 KG,"2,89€","7,23€ / KG",
Chá de Ervas Biológico,,Emb. 20 SAQ.,"1,19€","0,06€ / SAQ.",
Doce de Glila,CASA MATEUS,Frasco 0.345 KG,"2,44€","7,07€ / KG",
Gelatina Morango 8 Unid.,ROYAL,Emb. 0.8 KG,"3,85€","4,81€ / KG",
Snack Fruut Maçã Verde Intenso S/ Açúcar 60g,,Emb. 0.06 KG,"1,99€","33,17€ / KG",
Sobremesa Gelado Morango e Chocolate Branco 4x110ml,MAGNUM,Emb. 0.44 LT,"4,99€","11,34€ / LT",
Yofu Baunilha 500g,ALPRO,Emb. 0.5 KG,"2,39€","4,78€ / KG",
Filetes de pescada com alho e salsa,PESCANOVA,Emb. 0.4 KG,"4,39€","10,98€ / KG",
Ice Tea Pêssego Zero,FRESH TEA,Garrafa 1.5 LT,"0,89€","0,59€ / LT",
Bloco Sanitário Lavanda,SONASOL WC,Emb. 2 UNID.,"2,99€","1,50€ / UNID.",
CUECA INCONTINENCIA ABSORCAO PLUS GRANDE,CHORYS,Emb. 10 UNID.,"5,99€","0,60€ / UNID.",
FRANGO C/ MOLHO DE CARIL,CÔTÉ TABLE,Emb. 0.3 KG,"1,99€","6,63€ / KG",
Conjunto Formao Madeira,ECO+,Emb. 4 UNID.,"3,49€","0,87€ / UNID.",
DROPS MENTA,COPAÍNS COPINES,Emb. 0.25 KG,"1,29€","5,16€ / KG",
Miolo de Amêndoa Moído,MARQUE REPERE,Emb. 0.2 KG,"3,19€","15,95€ / KG",
Refrigerante C/ Gás Gasosa,SPRINK'S,Garrafa 1.5 LT,"0,59€","0,39€ / LT",
Elixir 12 Horas Protection,COLGATE,Emb. 0.5 LT,"6,99€","13,98€ / LT",
CROQUETES CAO MEDIO A GRANDE SEM CEREAIS,PLENIMA,Emb. 2 KG,"5,99€","3,00€ / KG",
Cera Depilatória Profissional Natural de Abelha,VEET,Emb. 0.3 KG,"8,04€","26,80€ / KG",
Pensos Diários Ecológicos,UNÍ VERT,Emb. 30 UNID.,"1,45€","0,05€ / UNID.",
Espinafre em Folhas,NOTRE JARDIN,Emb. 1 KG,"1,29€","1,29€ / KG",
Tablete de Chocolate Caramelo,MILKA,Emb. 0.1 KG,"1,69€","16,90€ / KG",
Alimento Seco Gato Croquetes,TOUS MES AMIS,Emb. 2 KG,"5,59€","2,80€ / KG",
Noodles Galinha,KNORR,Emb. 0.07 KG,"1,39€","19,86€ / KG",
Manteiga sem Sal,PRIMOR,Emb. 0.25 KG,"2,24€","8,96€ / KG",
Esferográficas de Cores Sortidas Ponta Média,ESQUISSE,Emb. 4 UNID.,"1,29€","0,32€ / UNID.",
Conserva de Feijão Preto Cozido,NOTRE JARDIN,Lata 0.425 KG,"0,75€","1,76€ / KG",
MINI SNACKS CARNE VACA P/ GATO 60G LYCAT,TOUS MES AMIS,Emb. 0.06 KG,"0,85€","14,17€ / KG",
Limpa Máquinas de Loiça Desengordurante & Anti-Calcário,SUN,Emb. 0.12 KG,"3,99€","33,25€ / KG",
Johnson's Champô para Crianças Gotas de Força,JOHNSON'S BABY,Emb. 0.5 LT,"5,59€","11,18€ / LT",
"BL1 LED SPOT 5,5W - 50W GU10",FOXTER,Emb. 1 UNID.,"4,99€","4,99€ / UNID.",
"SYOSS OLEO INTEN 1-10 PRET,,1P",SYOSS,,"6,24€",/ Unid.,
Farinha de Trigo Branca,TABLIER BLANC,Emb. 1 KG,"0,89€","0,89€ / KG",
Entrecosto com Alho e Pimentão Doce,MAGGI,Emb. 0.03 KG,"0,74€","24,67€ / KG",
Noz Moscada Moída C/ Moinho,MARGÃO,Emb. 0.04 KG,"2,49€","62,25€ / KG",
BATATAS PRE-FRITAS PALITOS CURVOS OLEO GIRASSOL,POM'LISSE,Emb. 0.6 KG,"1,59€","2,65€ / KG",
Batatas Fritas Palha,SNR,Emb. 0.3 KG,"1,65€","5,50€ / KG",
Conserva de Feijão Encarnado Cozido com pouco Sal,FERBAR,Lata 0.42 KG,"0,95€","2,26€ / KG",
Massa Cotovelos GR,MILANEZA,Emb. 0.5 KG,"1,19€","2,38€ / KG",
Queijo Fresco com Leite Magro,DÉLISSE,Emb. 1 KG,"1,89€","1,89€ / KG",
CAPS CAFE COMP C/ DG XL INTENSO - INT10,PLANTATION,,"5,99€",/ Unid.,
Chocolate em pó P/ Leite Saco,NESQUIK,Emb. 1 KG,"4,64€","4,64€ / KG",
CHOCOLATE PRETO 99% CACAU,EQUADOR,Emb. 0.08 KG,"1,39€","17,38€ / KG",
Rebuçados sem Açúcar Sabor Mel e Limão 4x32g,HALLS,Emb. 0.128 KG,"2,99€","23,36€ / KG",
Conserva de Salsichas Wienerwurst 5 Unid.,NOBRE,Frasco 0.22 KG,"1,94€","8,82€ / KG",
SORTIDO GOMAS CAIXA PLASTICA,COPAÍNS COPINES,Emb. 0.75 KG,"3,99€","5,32€ / KG",
Creme de Mãos Nutritivo Nourish & Protect,BIOTEN,Emb. 0.1 LT,"2,13€","21,30€ / LT",
Bebida de Soja Original 3x200ML,SHOYCE,Emb. 0.6 LT,"1,74€","2,90€ / LT",
Chouriço Mouro da Beira Baixa,SNR,Emb. 0.2 KG,"1,67€","8,35€ / KG",
BARRA CEREAIS CHOCO BANANA,ECO+,Emb. 0.125 KG,"1,09€","8,72€ / KG",
Amêndoa Caramelizada,,Emb. 0.25 KG,"4,29€","17,16€ / KG",
Vinho Branco do Tejo Chardonnay/Arinto,QUINTA DA ALORNA,Emb. 0.75 LT,"6,39€","8,52€ / LT",
Conserva de Feijão Branco Cozido com pouco Sal,FERBAR,Lata 0.42 KG,"0,95€","2,26€ / KG",
Sumo de Manga,UM BONGO,Emb. 1 LT,"1,49€","1,49€ / LT",
Desodorizante Narta Men IceMax Roll On,GARNIER,Emb. 0.05 LT,"3,99€","79,80€ / LT",
AMBIENTADOR MINI SPRAY LIRIO DOS VALES + RECARGA,BIEN AIR,Emb. 1 UNID.,"2,19€","2,19€ / UNID.",
SARDINHA,PÊCHE OCÉAN,Emb. 0.7 KG,"2,99€","4,27€ / KG",
Mini Snacks P/ Gato Controlo das Bolas de Pelo,TOUS MES AMIS,Emb. 0.06 KG,"0,85€","14,17€ / KG",
Refrigerante de Maça Gaseificado S/ Álcool,GIBUS,Garrafa 0.75 LT,"2,49€","3,32€ / LT",
After Shave Dark Temptation,AXE,Emb. 0.1 LT,"6,99€","69,90€ / LT",
Batatas Fritas Gourmet,POM'LISSE,Emb. 0.17 KG,"1,29€","7,59€ / KG",
Pão de Forma,EPI D'OR,Emb. 0.5 KG,"1,19€","2,38€ / KG",
Sumo 100% Tomate Biológico,,Emb. 1 LT,"1,49€","1,49€ / LT",
Mini Pizza Queijo e Fiambre Ultracongelado 9 Unid.,PICCOLINIS,Emb. 0.27 KG,"3,99€","14,78€ / KG",
Ice Tea Limão,LIPTON,Emb. 1 LT,"1,29€","1,29€ / LT",
ATUM RAMIREZ AZEITE 120G,RAMIREZ,,"1,19€",/ Unid.,
Creme Barbear Classic,PALMOLIVE,Emb. 0.1 LT,"3,49€","34,90€ / LT",
Bolachas Crackers Original,TUC,Emb. 0.1 KG,"1,19€","11,90€ / KG",
Leite UHT Pastagem Magro,TERRA NOSTRA,Emb. 1 LT,"1,04€","1,04€ / LT",
Ketchup 100% Natural,HELLMANN'S,Emb. 0.486 KG,"3,69€","7,59€ / KG",
Bolachas com Pepitas Chocolate sem Glúten,CHAQUE JOUR,Emb. 0.15 KG,"2,29€","15,27€ / KG",
Detergente Loiça Manual Concentrado Limão,CIF,Emb. 0.6 LT,"1,49€","2,48€ / LT",
Patê de Figado de Porco,LA PIARA,Emb. 0.08 KG,"0,96€","12,00€ / KG",
Amaciador para Roupa Revive Lavish Blossom Ultra Concentrado,COMFORT,Emb. 60 DOSES,"3,99€","0,07€ / DOSES",
Tarte Gelada Baunilha,VIENNETTA,Emb. 0.65 LT,"3,99€","6,14€ / LT",
Cera Cabelo,AXE,Emb. 0.13 LT,"4,34€","33,38€ / LT",
Johnson's Baby Gold Champô,JOHNSON'S BABY,Emb. 0.5 LT,"4,93€","9,86€ / LT",
Creme de Camembert,PRÉSIDENT,Emb. 0.125 KG,"2,45€","19,60€ / KG",
Glade Observadores Frescos de Primavera,BRISE,Emb. 0.3 KG,"2,99€","9,97€ / KG",
TIRAS ADERENTES C/DISPENSADOR 24F 4UN,ESQUISSE,Emb. 4 UNID.,"2,09€","0,52€ / UNID.",
Paellla Royal Ultracongelado,CÔTÉ TABLE,Emb. 1 KG,"4,95€","4,95€ / KG",
BOLACHA CEREAIS C/ COB DE CHOCOLATE E AVELA,P'TIT DÉLI,Emb. 0.2 KG,"1,99€","9,95€ / KG",
Creme Care Hidratação Intensiva,NIVEA,Emb. 0.2 LT,"4,69€","23,45€ / LT",
Vinho Regional Lisboa Branco Leve,MUNDUS,Garrafa 0.75 LT,"1,69€","2,25€ / LT",
PIRIPIRI MOIDO,RUSTICA,Emb. 0.05 KG,"0,65€","13,00€ / KG",
"BOLACHA REDONDA RECHEIO DUO ""CHOCOLATE E LEITE""",P'TIT DÉLI,Emb. 0.3 KG,"1,49€","4,97€ / KG",
Queijo Pointe de Brie,ECO+,Emb. 0.2 KG,"1,45€","7,25€ / KG",
Azeite Virgem Extra Gourmet,GALLO,Emb. 0.75 LT,"3,89€","5,19€ / LT",
Bálsamo Barba Suave King C,GILLETTE,Emb. 0.1 LT,"7,49€","74,90€ / LT",
Lenços Bolso,MARQUE REPERE,Emb. 18 UNID.,"2,29€","0,13€ / UNID.",
Maçã Fuji Cal. 70/75,,1 Unid. = 0.18 KG (aprox.),"1,99€/kg","0,36€ / Unid.",
Maionese Top Down Verdadeira,HELLMANN'S,Emb. 0.412 KG,"4,39€","10,66€ / KG",
FIAMBRE PERNA EXTRA S/NITRITO 4 FATIAS,TRADILÈGE,Emb. 0.14 KG,"2,39€","17,07€ / KG",
Alimento Húmido para Cão Patê com Pedaços Carne Vaca,ECO+,,"1,99€",/ Unid.,
CALCULADORA 8 DIGITOS,ESQUISSE,Emb. 1 UNID.,"3,99€","3,99€ / UNID.",
Gel Banho Aloe Vera,MANAVA,Emb. 0.75 LT,"1,69€","2,25€ / LT",
Vela Duo com Fragrância de Maçã,AIRWICK,Emb. 0.105 KG,"5,69€","54,19€ / KG",
"ALIMENT BEBE: SOBREMESA LACTEA SEMOLA, BAUNILHA +6M 4X100G",BIO VILLAGE BEBE,Emb. 0.4 KG,"2,29€","5,73€ / KG",
Chá de Tília,TETLEY,Emb. 10 UNID.,"0,86€","0,09€ / UNID.",
Atum Albacore ao Natural,PÊCHE OCÉAN,Lata 0.4 KG,"4,19€","10,48€ / KG",
Conserva de Azeitonas Verdes com Recheio,RUSTICA,Emb. 0.3 KG,"1,65€","5,50€ / KG",
OSSOS PRENSADOS 21CM FLUOR,P'TIT AMI,Emb. 1 UNID.,"2,59€","2,59€ / UNID.",
Café Cápsulas Intenso Intensidade 9,PLANTATION,Emb. 10 CAPS.,"1,69€","0,17€ / CAPS.",
Espinafre Picado Congelado,NOTRE JARDIN,Emb. 1 KG,"1,19€","1,19€ / KG",
Bolachas Tosta Rica Oceanix,CUÉTARA,Emb. 0.16 KG,"2,09€","13,06€ / KG",
ÓLEO BRONZEADOR CÔCO,AMBRE SOLAIRE,Emb. 0.2 LT,"11,99€","59,95€ / LT",
Vinho Regional Douro Branco,ADEGA DE VILA REAL,Garrafa 0.75 LT,"2,69€","3,59€ / LT",
Ovos Solo M,SNR,Emb. 24 UNID.,"4,99€","0,21€ / UNID.",
Mini Cones Chocolate e Baunilha,SMICY,Emb. 10 UNID.,"2,39€","0,24€ / UNID.",
Tablete de Chocolate Avelãs,MILKA,Emb. 0.1 KG,"1,69€","16,90€ / KG",
CONE CHOCOLATE/PISTACHIO 8UN,ECO+,Emb. 8 UNID.,"2,15€","0,27€ / UNID.",
PERA WILLIAMS EM CALDA,DOUCEUR DU VERGER,Emb. 0.225 KG,"1,39€","6,18€ / KG",
Iogurte Líquido Baunilha,DÉLISSE,Emb. 0.85 LT,"1,25€","1,47€ / LT",
Escova P/ Cabelo Oval Pequena,,Emb. 1 UNID.,"3,99€","3,99€ / UNID.",
DETERGENTE LIQUIDO CONCENTRADO FLORES ECOLOGICO RECARGA 30D,UNÍ VERT,,"3,69€",/ Unid.,
Snack P/ Cão Sticks C/ Aroma a Veado,PURINA,Emb. 0.09 KG,"1,99€","22,11€ / KG",
Pipocas Caramelizadas,TOKAPI,Emb. 0.1 KG,"0,79€","7,90€ / KG",
GRESSINOS AZEITE ROSMANINHO,TOKAPI,Emb. 0.125 KG,"1,25€","10,00€ / KG",
"Açúcar Baunilhado 10x7,5 g",TABLIER BLANC,Emb. 0.075 KG,"1,59€","21,20€ / KG",
Máscaras Liso Keratina,TRESEMMÉ,Emb. 0.3 LT,"5,39€","17,97€ / LT",
Sobremesa Panna Cotta Caramelo 4x90g,DÉLISSE,Emb. 0.36 KG,"1,99€","5,53€ / KG",
Papel Higiénico 2 Folhas,RENOVA,Emb. 48 ROLOS,"13,49€","0,28€ / ROLOS",
Cevada Solúvel,PLANTATION,Frasco 0.2 KG,"1,69€","8,45€ / KG",
Carne Porco Salgada C/ Lentilhas,CÔTÉ TABLE,Lata 0.84 KG,"2,99€","3,56€ / KG",
Espumante Reserva Doce,RAPOSEIRA,Garrafa 0.75 LT,"8,39€","11,19€ / LT",
POSTA PESCADA Nº5 COZER,PÊCHE OCÉAN,Emb. 0.8 KG,"5,65€","7,06€ / KG",
Creme Hidratante Caixa Grande,NIVEA,Emb. 0.15 LT,"4,29€","28,60€ / LT",
Sumo Fruta Tropical,JAFUN,Emb. 6 UNID.,"1,69€","0,28€ / UNID.",
Sangria Branca,D. SIMON,Garrafa 1.5 LT,"2,19€","1,46€ / LT",
Pensos Higiénicos Noite C/ Abas Eco,UNÍ VERT,Emb. 10 UNID.,"1,45€","0,15€ / UNID.",
Melão Verde,,1 Unid. = 2.8 KG (aprox.),"1,99€/kg","5,57€ / Unid.",
Cajú Torrado sem Sal,TOKAPI,Emb. 0.125 KG,"2,69€","21,52€ / KG",
Maionese 434g,CALVÉ,Emb. 0.434 LT,"2,66€","6,13€ / LT",
Gelado Pistachio,ESKISS,Emb. 1 LT,"2,69€","2,69€ / LT",
Champanhe Meio Seco,POL CARSON,Garrafa 0.75 LT,"17,29€","23,05€ / LT",
Barrinhas P/ Coelhos Anões Frutas,TOUS MES AMIS,Emb. 0.11 KG,"1,75€","15,91€ / KG",
Pimenta Branca Moída,RUSTICA,Frasco 0.04 KG,"1,49€","37,25€ / KG",
Conjunto de 2 Cintas Catraca 7Metros,FOXTER,Emb. 2 UNID.,"9,99€","5,00€ / UNID.",
Alimento Húmido P/ Gato Vários Sabores,GOURMET GOLD,Emb. 0.34 KG,"3,49€","10,26€ / KG",
Nata para Culinária,PARMALAT,Emb. 0.2 KG,"1,12€","5,60€ / KG",
Pêra Packam´s Cal. 65/75,,1 Unid. = 0.23 KG (aprox.),"2,49€/kg","0,57€ / Unid.",
Alimento Seco P/ Cão Croquetes Sénior,LYDOG,Emb. 3 KG,"5,49€","1,83€ / KG",
Café Cápsulas Máximo Intensidade 10,PLANTATION,Emb. 10 CAPS.,"1,69€","0,17€ / CAPS.",
Cereais de Mel,ESTRELITAS,Emb. 0.55 KG,"3,14€","5,71€ / KG",
Pasta Pot Cogumelos,KNORR,Emb. 0.07 KG,"1,89€","27,00€ / KG",
Fraldas Bebé T4+ Doucer 9/20Kg,MOTS D'ENFANTS,Emb. 70 UNID.,"10,98€","0,16€ / UNID.",
Chá de Cidreira Mel 20 Saquetas,LIPTON,Emb. 20 SAQ.,"1,94€","0,10€ / SAQ.",
Tablete de Chocolate de Leite Superior com Avelãs Inteiras,TABLETTE D'OR,Emb. 0.2 KG,"1,75€","8,75€ / KG",
Máscara Alonga e Define Extra Super Lash,RIMMEL,Emb. 1 UNID.,"9,99€","9,99€ / UNID.",
Conserva de Azeitona Verde Descaroçada,RUSTICA,Emb. 0.48 KG,"1,60€","3,33€ / KG",
SORTIDO DE GOMAS EM MINI SAQUETAS,COPAÍNS COPINES,Emb. 0.5 KG,"3,49€","6,98€ / KG",
Detergente Loiça Manual Concentrado Limão,CIF,Emb. 1 LT,"1,99€","1,99€ / LT",
Conserva de Feijão Branco da Horta,COMPAL,Lata 0.845 KG,"1,59€","1,88€ / KG",
Iogurte Sólido Magro Amora Framboesa 4 Unid.,LONGA VIDA,Emb. 0.12 KG,"2,09€","17,42€ / KG",
Néctar Clássico Pêssego,JAFADEN,Emb. 1 LT,"0,99€","0,99€ / LT",
Bolachas de Gérmen de Trigo C/ Pepitas Chocolate Leite,NAT&VIE,Emb. 0.2 KG,"1,69€","8,45€ / KG",
Tomate em Pedaços Manjerição e Orégãos,GULOSO,Emb. 0.392 KG,"2,29€","5,84€ / KG",
Gelado Coco,TRIUM,Emb. 4 UNID.,"2,25€","0,56€ / UNID.",
Champô Cabelo Revitalizante Pelo Frágil,ELVIVE,Emb. 1.2 LT,"5,99€","4,99€ / LT",
Cereais de Chocolate e Chocolate Branco,CHOCAPIC,Emb. 0.4 KG,"2,92€","7,30€ / KG",
Bolachas Ovos Dinossauros,ARTIACH,Emb. 0.14 KG,"2,09€","14,93€ / KG",
Batata Doce,,1 Unid. = 0.29 KG (aprox.),"1,19€/kg","0,35€ / Unid.",
MINI BISCOITOS COM COBERTURA DE CHOCOLATE DE LEITE,P'TIT DÉLI,Emb. 0.16 KG,"1,69€","10,56€ / KG",
Pão de Forma Multicereal,EPI D'OR,Emb. 0.45 KG,"1,39€","3,09€ / KG",
Dentífrico Pro-Esmalte Júnior Menta Suave,SENSODYNE,Emb. 0.05 LT,"3,79€","75,80€ / LT",
Queijinhos Frescos de Fruta,DÉLISSE,Emb. 0.6 KG,"1,59€","2,65€ / KG",
QUEIJO BRIE BIO,,Emb. 0.18 KG,"2,49€","13,83€ / KG",
LAVA TUDO BOSQUE,CLAIR,Emb. 2 LT,"0,89€","0,45€ / LT",
Cerveja com Álcool 24x33cl,SAGRES,Emb. 7.92 LT,"18,29€","2,31€ / LT",
Café Delta Grão Lote Superior,DELTA,Emb. 1 KG,"15,49€","15,49€ / KG",
Maionese,RUSTICA,Frasco 0.47 KG,"1,69€","3,60€ / KG",
Creme Nutritivo de Dia FP 30 Pele Seca e Sensível,NIVEA,Emb. 0.05 LT,"8,99€","179,80€ / LT",
BATERIA Nº 11 44/420 44/420 TECH9,TECH9,Emb. 1 UNID.,"54,99€","54,99€ / UNID.",
Limpeza Reparador Original,SONASOL,Emb. 1.3 LT,"2,09€","1,61€ / LT",
Café Clássico,PLANTATION,Emb. 48 PAST.,"4,95€","0,10€ / PAST.",
Alimento Húmido P/ Gato Frango e Cenoura,PURINA FRISKIES,Emb. 0.4 KG,"1,69€","4,23€ / KG",
Iogurte Cremoso de Frutas 16x125g,DÉLISSE,Emb. 2 KG,"3,99€","2,00€ / KG",
CARIL SAQUETA,RUSTICA,Emb. 0.05 KG,"0,59€","11,80€ / KG",
Pastilha Elástica Canela sem Açúcar,CHICLETS,Emb. 0.017 KG,"0,99€","58,24€ / KG",
Detergente Máquina Roupa Líquido Sensitive,SKIP,Emb. 100 DOSES,"19,99€","0,20€ / DOSES",
Panados de Peru Cordons Bleus 8x100g Ultracongelados,ECO+,Emb. 0.8 KG,"3,99€","4,99€ / KG",
Batatas Fritas 6x30g,POM'LISSE,Emb. 0.18 KG,"1,49€","8,28€ / KG",
Alimento Seco P/ Gato Bola Pelo/Esteril,PURINA ONE,Emb. 0.8 KG,"6,99€","8,74€ / KG",
DETERGENTE LIQUIDO PARA ROUPA BEBE 25D,EPSIL,Emb. 25 DOSES,"2,79€","0,11€ / DOSES",
Miolo de Amêndoa Palitada,MARQUE REPERE,Emb. 0.15 KG,"1,99€","13,27€ / KG",
Liegeois Café 4x100g,DÉLISSE,Emb. 0.4 KG,"1,49€","3,73€ / KG",
Pimenta Branca Moída,RUSTICA,Emb. 0.05 KG,"0,99€","19,80€ / KG",
Farinha De Trigo Espiga T55,ESPIGA,Emb. 1 KG,"1,14€","1,14€ / KG",
TABLETE CHOCOLATE NEGRO 72% 100G,CEMOI,Emb. 0.1,"0,99€","9,90€ /",
AGUA MICELAR CLÁSSICA 700ML,GARNIER,,"10,69€",/ Unid.,
Cracker com Sal,PAVESI,Emb. 0.56 KG,"3,99€","7,13€ / KG",
Mad Chip Alho e Evas,CALVÉ,Emb. 0.26 KG,"2,69€","10,35€ / KG",
Pastilhas Elásticas sem Açúcar Sabor Menta Verde 70Unid.,NEW'R,Emb. 0.102 KG,"1,80€","17,65€ / KG",
Pacotinho de Frutas Maçã Banana e Morango S/ Glúten +8 meses,NESTLÉ BEBÉ,Emb. 0.09 KG,"1,05€","11,67€ / KG",
BOLACHAS VITALDAY CROCANTE CHOCOLATE 280G,GULLÓN,Emb. 0.28 KG,"2,29€","8,18€ / KG",
Marcadores para Colorir,ECO+,Emb. 12 UNID.,"1,09€","0,09€ / UNID.",
LEITE DESMAQUILHANTE BIO,BIONAÏA,Emb. 0.25 LT,"2,69€","10,76€ / LT",
Mistura de Sementes,MARQUE REPERE,Emb. 0.2 KG,"1,99€","9,95€ / KG",
Gel de Banho Naturals Oliva e Leite,PALMOLIVE,Emb. 0.5 LT,"2,69€","5,38€ / LT",
Sacos do Lixo Ultra Resistentes com Atilhos 100L,ELEMBAL,,"2,59€",/ Unid.,
Condicionador Purify & Hidrate,,Emb. 0.4 LT,"4,19€","10,48€ / LT",
Maracujá Roxo,,1 Unid. = 0.1 KG (aprox.),"9,99€/kg","1,00€ / Unid.",
Alimento Seco P/ Cão Adulto,FRISKIES,Emb. 1.5 KG,"4,49€","2,99€ / KG",
RECARGA P/ SABONETE LIQUIDO FLORAL 750ML,ECO+,Emb. 0.75 LT,"1,10€","1,47€ / LT",
Gelatina Sabor Melancia 2x85g,TABLIER BLANC,Emb. 0.17 KG,"0,85€","5,00€ / KG",
Bolachas Alfa,NACIONAL,Emb. 0.18 KG,"1,45€","8,06€ / KG",
Tablete de Chocolate Extrafino C/ Avelã,NESTLÉ,Emb. 0.123 KG,"1,89€","15,37€ / KG",
Cápsulas Café Lungo Intensidade 6,DOLCE GUSTO,Emb. 16 CAPS.,"5,99€","0,37€ / CAPS.",
Cillit Bang Lixívia & Higiene 500ML x12,CILLIT BANG,Emb. 0.5 LT,"2,24€","4,48€ / LT",
FEIJAO MANTEIGA SACO,NOTRE JARDIN,Emb. 0.5 KG,"1,09€","2,18€ / KG",
BICARBONATO DE SODIO,CLAIR AUTHENTIQUE,Emb. 0.5 KG,"1,99€","3,98€ / KG",
Sumo 100% 3 Citrinos,JAFADEN,Emb. 1 LT,"1,55€","1,55€ / LT",
Manteiga C/ Sal,MIMOSA,Emb. 0.25 KG,"2,29€","9,16€ / KG",
BOLACHAS RETANGULARES COM RECHEIO DE CHOCOLATE,P'TIT DÉLI,Emb. 0.125 KG,"1,29€","10,32€ / KG",
Vinho Verde Branco,DEU LA DEU,Garrafa 0.75 LT,"5,99€","7,99€ / LT",
Chá de Tília,,Emb. 25 SAQ.,"0,99€","0,04€ / SAQ.",
Papa Infantil 8 Cereais e Mel,NESTLÉ,Emb. 0.25 KG,"1,79€","7,16€ / KG",
Chá de Camomila,LIPTON,Emb. 10 SAQ.,"0,69€","0,07€ / SAQ.",
Manteiga Pasteurizada com Sal Cuvete,LORETO,Emb. 0.25 KG,"2,35€","9,40€ / KG",
Mistura de Frutos Secos Torrados com Sal,TOKAPI,Emb. 0.12 KG,"1,79€","14,92€ / KG",
Esfregão Aço Inox,BRAVO,Emb. 1 P,"1,29€","1,29€ / P",
Queijo Fundido Palitos 4x140g,A VACA QUE RI,Emb. 0.14 KG,"2,29€","16,36€ / KG",
Cereais Granola de Aveia C/ Arandos e Sementes de Abóbora,FITNESS,Emb. 0.3 KG,"2,79€","9,30€ / KG",
Sumo 100% Ananás Biológico,,Emb. 1 LT,"2,99€","2,99€ / LT",
Vinho Regional Douro Tinto,TELLUS,Garrafa 0.75 LT,"4,99€","6,65€ / LT",
CALDO GALINHA M.REPERE,RUSTICA,Emb. 0.12 KG,"0,79€","6,58€ / KG",
Aguardente Vínica Velha,DORRÃO,Garrafa 0.7 LT,"11,99€","17,13€ / LT",
Lixívia Perfumada,NEOBLANC,Emb. 4 LT,"3,34€","0,84€ / LT",
SALSICHAS COCKTAIL C/ BACON 300G,TRADILÈGE,Emb. 0.3 KG,"3,39€","11,30€ / KG",
Coloração Permanente Nutritiva 5.62 Vermelho Ousado,NUTRISSE,Emb. 1 UNID.,"9,49€","9,49€ / UNID.",
Creme de Mãos Godness,DOVE,Emb. 0.075 LT,"2,99€","39,87€ / LT",
Alimento Húmido para Cão Almôndegas de Carne Vaca,ECO+,Emb. 1 KG,"1,79€","1,79€ / KG",
Vinho Regional Dão Branco,DUQUE DE VISEU,Garrafa 0.75 LT,"4,49€","5,99€ / LT",
Conjunto de Pintar 4 Peças,ECO+,Emb. 4 UNID.,"5,09€","1,27€ / UNID.",
ESCOVA DENTES CABECA RECARREGAVEL,DENTAMYL,,"1,25€",/ Unid.,
Sorvete Cassis C/ Pedaços,ESKISS,Emb. 1 LT,"2,69€","2,69€ / LT",
Cajus no Forno,MATUTANO,Emb. 0.17 KG,"4,99€","29,35€ / KG",
Papa Infantil Aveia Manga e Banana,CERELAC,Emb. 0.25 KG,"2,49€","9,96€ / KG",
Café Solúvel Liofilizado,ECO+,Emb. 0.2 KG,"3,19€","15,95€ / KG",
Gelado Bomboniera Pack 6,MAGNUM,Emb. 0.07 LT,"1,99€","28,43€ / LT",
Xarope de Laranja,FRUCCI,Emb. 0.75 LT,"3,89€","5,19€ / LT",
Couscous,,Emb. 1 KG,"1,50€","1,50€ / KG",
Massa Farfalle,TURINI,Emb. 0.5 KG,"0,76€","1,52€ / KG",
CREME PENTEAR CABELOS CARACOIS 200ML,VITANOVE,Emb. 0.2 LT,"2,39€","11,95€ / LT",
PERCABONATO SÓDIO,CLAIR,Emb. 0.5 KG,"2,99€","5,98€ / KG",
Saquetas Iogurte Morango,DANONE,Emb. 0.28 KG,"1,99€","7,11€ / KG",
Tablete de Chocolate Leite,NESTLÉ,Emb. 0.125 KG,"1,89€","15,12€ / KG",
Néctar Clássico Manga,COMPAL,Emb. 1 LT,"1,69€","1,69€ / LT",
MADALENAS LONGAS,ECO+,Emb. 0.25 KG,"0,99€","3,96€ / KG",
Nuggets Peito de Frango Ultracongelado,CAPITÃO IGLO,Emb. 0.208 KG,"5,99€","28,80€ / KG",
Gelado de Caramelo Salgado e Amêndoas Pack 3,MAGNUM,Emb. 0.27 LT,"4,99€","18,48€ / LT",
Taça Cartão P/ Sobremesa,HOMESIDE,Emb. 10 UNID.,"1,99€","0,20€ / UNID.",
Pastilha Elástica Senses Berry Party,TRIDENT,Emb. 0.023 KG,"0,95€","41,30€ / KG",
Conserva de Salsichas 6 Unid. FrankFurt,CÔTÉ TABLE,Lata 0.12 KG,"0,59€","4,92€ / KG",
DETERGENTE LIQUIDO FRESCURA 40D,EPSIL,,"4,95€",/ Unid.,
RISOTTO FRANGO E COGUMELOS,CÔTÉ TABLE,Emb. 0.28 KG,"2,75€","9,82€ / KG",
Dentífrico Max White One,COLGATE,Emb. 0.075 LT,"2,70€","36,00€ / LT",
Recarga Esfregona Rotativa,,Emb. 1 UNID.,"2,59€","2,59€ / UNID.",
Palmiers Kids,DU BOIS DE LA ROCHE,Emb. 0.1 KG,"1,09€","10,90€ / KG",
Fios de Bacon,PRIMOR,Emb. 0.1,"2,08€","20,80€ /",
Iogurte Líquido Déli´Up Morango 10x100g,DÉLISSE,Emb. 1 KG,"2,19€","2,19€ / KG",
Vodka Smirnoff Red,SMIRNOFF,Garrafa 0.7 LT,"14,49€","20,70€ / LT",
Lava Tudo Multisuperficies Lavanda,CIF,Emb. 1.4 LT,"1,99€","1,42€ / LT",
Gelatina Light Tropical,ROYAL,Emb. 0.031 KG,"2,09€","67,42€ / KG",
Sopa Creme de Lagosta,KNORR,Emb. 0.061 KG,"1,49€","24,43€ / KG",
1000 AGRAFOS N24/6,ESQUISSE,Emb. 1 UNID.,"0,55€","0,55€ / UNID.",
TOSTAS DE TRIGO INTEGRAL,EPI D'OR,Emb. 0.5 KG,"1,49€","2,98€ / KG",
ALIMENTO HUMIDO FRANGO/CENOURA P/ CAO 1240G,LYDOG,Emb. 1.4 KG,"2,05€","1,46€ / KG",
Alimento Húmido P/ Gato Gold Carne de Vaca,GOURMET GOLD,Emb. 0.085 KG,"0,75€","8,82€ / KG",
Óleo Alimentar,RUSTICA,Garrafa 1 LT,"2,79€","2,79€ / LT",
Detergente Loiça Manual Recarga Espuma Ativa,FAIRY,Emb. 0.375 LT,"3,59€","9,57€ / LT",
Espargos Verdes,,Emb. 0.25 KG,"2,99€","11,96€ / KG",
Queijo Curado Fatiado S/ Lactose,CASTELÕES,Emb. 0.15 KG,"2,15€","14,33€ / KG",
CREME Q10 DIA 50ML,INELL,Emb. 0.05 LT,"2,99€","59,80€ / LT",
Barra Cereais Maçã Verde,GRAINEA,Emb. 0.126 KG,"1,49€","11,83€ / KG",
Puré de Batata Ultracongelado,POM'LISSE,Emb. 0.75 KG,"1,34€","1,79€ / KG",
Alimento Seco P/ Cão Free Vaca,BEYOND,Emb. 7 KG,"35,99€","5,14€ / KG",
Papel Higiénico Super Compact,RENOVA,Emb. 4 ROLOS,"2,49€","0,62€ / ROLOS",
LUVA AUTO MOPA ANTI-MOSQUITOS,TECH9,Emb. 1 UNID.,"1,99€","1,99€ / UNID.",
Gelatina Frutos Do Bosque 4 Unid.,ROYAL,Emb. 0.4 KG,"2,19€","5,48€ / KG",
OREGAOS FOLHAS SAQUETA,RUSTICA,Emb. 0.08 KG,"0,28€","3,50€ / KG",
Pensos Higiénicos Salvaslips em Bolsas,EVAX,Emb. 40 UNID.,"1,89€","0,05€ / UNID.",
Peito de Frango Fatias Finas,CAMPOFRIO,Emb. 0.12 KG,"2,69€","22,42€ / KG",
Bacalhau Graúdo Noruega Asa Preta,,1 Unid. = 2.5 KG,"9,99€/kg","24,98€ / Unid.",
Sumo Refrigerado Morango,SUNNY DELIGHT,Emb. 0.31 Lt,"0,78€","2,52€ / Lt",
PINCEIS Nº 8/10/12,ESQUISSE,Emb. 3 UNID.,"1,39€","0,46€ / UNID.",
Queijo Fatiado Castelões Original,CASTELÕES,Emb. 0.2 KG,"2,39€","11,95€ / KG",
Cuscus Aves e Salsichas Merguez,CÔTÉ TABLE,Emb. 0.98 KG,"4,29€","4,38€ / KG",
Filete Primavera com Alho e Ervas Aromáticas 2 Unid.,IGLO,Emb. 0.225 KG,"3,99€","17,73€ / KG",
IOGURTES DE LEITE GORDO VARIOS AROMAS,DÉLISSE,Emb. 1 KG,"2,65€","2,65€ / KG",
Feijão Branco Seco,NOTRE JARDIN,Emb. 0.5 KG,"0,99€","1,98€ / KG",
Sobremesa Láctea de Alperce +6 Meses,BIO VILLAGE BEBE,Emb.0 0.4 KG,"2,29€","5,73€ / KG",
Queijo Fatiado Amanteigado de Vaca e Ovelha,LIMIANO,Emb. 0.18 KG,"2,69€","14,94€ / KG",
Tablete de Chocolate Daim,MILKA,Emb. 0.1 KG,"1,69€","16,90€ / KG",
Cadeado C/ Chave 35Mm,FOXTER,Emb. 1 UNID.,"2,59€","2,59€ / UNID.",
Massa de Pimentão,RUSTICA,Frasco 0.2 KG,"0,89€","4,45€ / KG",
Alimento Seco Gato Croquetes Frango e Cereais,ECO+,Emb. 4 KG,"5,79€","1,45€ / KG",
Desodorizante Spray Sport Cool,REXONA,Emb. 0.15 LT,"2,54€","16,93€ / LT",
PIZZA ATUM,TURINI,Emb. 0.45 KG,"2,79€","6,20€ / KG",
Miolo Noz Pedaços,MARQUE REPERE,Emb. 0.2 KG,"2,59€","12,95€ / KG",
Creme de Cabra,PRÉSIDENT,Emb. 0.125 LT,"2,45€","19,60€ / LT",
Mini Magnum de Amêndoa 6x55ml,MAGNUM,Emb. 0.33 LT,"4,99€","15,12€ / LT",
Farinha Rainha Especial P/ Bolos,NACIONAL,Emb. 1 KG,"1,23€","1,23€ / KG",
Fita Adesiva Reparação Pvc 20Metrosx50Mm,FOXTER,Emb. 1 UNID.,"3,99€","3,99€ / UNID.",
Alimento Seco P/ Gatos Interior Frango,PURINA FRISKIES,Emb. 3 KG,"12,99€","4,33€ / KG",
"AQUAFRESH INTENSE CLEAN,,2x75ML",AQUAFRESH,,"3,99€",/ Unid.,
"KINDER BUENO CLASSICO, T2X4",KINDER BUENO,Emb. 0.172 KG,"2,44€","14,19€ / KG",
Kinder Bueno White,KINDER,Emb. 0.043 KG,"1,09€","25,35€ / KG",
CARREGADOR +2 PILHAS R03 AAA850MAH,FOXTER,Emb. 1 UNID.,"11,99€","11,99€ / UNID.",
CRACKERS 3X100G,TOKAPI,Emb. 0.3 KG,"1,59€","5,30€ / KG",
Champô Leite de Coco,HERBAL ESSENCES,Emb. 0.4 LT,"3,99€","9,98€ / LT",
Cogumelo Pleurotus,,Emb. 0.25 KG,"2,35€","9,40€ / KG",
Miolo de Amêndoa Torrada,MARQUE REPERE,Emb. 0.2 KG,"3,99€","19,95€ / KG",
Mostarda de Dijon Forte,,Frasco 0.85 KG,"2,69€","3,16€ / KG",
Caldo de Galinha,KNORR,Emb. 0.252 KG,"2,39€","9,48€ / KG",
Alimento Seco P/ Cão -10Kg Frango e Arroz,PURINA,Emb. 3 KG,"15,99€","5,33€ / KG",
Coloração Preto Azulado 210 sem Amoníaco,CASTING,Emb. 1 UNID.,"9,99€","9,99€ / UNID.",
Bolachas Maria 74% de Cereais,TRIUNFO,Emb. 0.2 KG,"1,09€","5,45€ / KG",
Máquinas de Barbear Descartáves Sensor 3 Comfort,GILLETTE,Emb. 5,"7,99€","1,60€ /",
Desodorizante Invisimax Spray Homem,NARTA,Emb. 0.2 LT,"4,29€","21,45€ / LT",
Cerveja Amber Lager 4x33cl,CORUJA,Emb. 1.32 L,"3,29€","2,49€ / L",
Tablete de Chocolate Preto com Pedaços de Amêndoas Torradas Biológico,,Emb. 0.1 KG,"1,99€","19,90€ / KG",
AMACIADOR ROUPA SUAVE,HYPERDOU,Emb. 4 LT,"2,49€","0,62€ / LT",
Desodorizante Roll On Talc Soft,DOVE,Emb. 0.05 LT,"2,69€","53,80€ / LT",
Cápsulas Café Macchiato Caramelo P/ Dolce Gusto,STARBUCKS,Emb. 12 CAPS.,"5,49€","0,46€ / CAPS.",
Vinagre de Vinho Branco,RUSTICA,Garrafa 0.5 LT,"0,49€","0,98€ / LT",
ALGODAO DUO OVAL,INELL,Emb. 70 UNID.,"1,09€","0,02€ / UNID.",
"Mistura de Triguilho, Quinoa Branca e Quinoa Vermelha",,Emb. 0.45 KG,"4,29€","9,53€ / KG",
ACENDALHAS EM BASTOES,SILEX,Emb. 24 UNID.,"2,59€","0,11€ / UNID.",
Loção Spray Cocoa Radiante,VASELINE,Emb. 0.19 LT,"3,59€","18,89€ / LT",
Caldo de Carne 12x10g,ECO+,Emb. 0.12 KG,"0,55€","4,58€ / KG",
FITA COLA TRANSPARENTES 25M 5UN,ECO+,Emb. 5 UNID.,"1,99€","0,40€ / UNID.",
Queijo Fundido,A VACA QUE RI,Emb. 0.14 KG,"2,19€","15,64€ / KG",
Cereais Zero Flocos de Milho,NACIONAL,Emb. 0.375 KG,"1,74€","4,64€ / KG",
Detergente em Pó BUQUÊ ROXO 120 DOSES,GAMA,Emb. 7.2 KG,"10,99€","1,53€ / KG",
Proteção de Dentes e Gengivas Menta,LISTERINE,Emb. 0.25 LT,"3,99€","15,96€ / LT",
Amaciador concentrado rosa e rosmaninho,SURF,Emb. 90 DOSES,"3,49€","0,04€ / DOSES",
Amaciador Concentrado Flores do Campo,HYPERDOU,Emb. 72 DOSES,"1,75€","0,02€ / DOSES",
Vinho Regional Douro Branco,PLANALTO,Frasco 0.75 LT,"4,99€","6,65€ / LT",
Glade Automatic Spray Recarga Relax Zen,GLADE,Emb. 0.269 LT,"3,59€","13,35€ / LT",
Manteiga com Sal,PRIMOR,Emb. 0.25 KG,"2,24€","8,96€ / KG",
Bebida à Base de Arroz,NAT&VIE,Emb. 1 LT,"1,39€","1,39€ / LT",
Cerveja com Álcool 6x33cl,CRISTAL,Emb. 1.98 LT,"2,89€","1,46€ / LT",
Infusão de Canela e Maça,LIPTON,Emb. 0.044 KG,"1,94€","44,09€ / KG",
Pensos Incontinencia Anatómicos Máxima,LINDOR,Emb. 20 UNID.,"12,49€","0,62€ / UNID.",
Iogurte Grego Natural 4 Unid.,YAOS,Emb. 0.44,"2,29€","5,20€ /",
Bálsamo Lábios Rosy,VASELINE,Emb. 0.017 KG,"2,99€","175,88€ / KG",
Champô Color Revitalizante,TRESEMMÉ,Emb. 0.9 LT,"6,59€","7,32€ / LT",
AUSONIA AIRDRY NOITE ABAS 24,AUSONIA,Emb. 24 UNID.,"4,24€","0,18€ / UNID.",
BEBIDA SOJA FRUTOS VERMELHOS 3x250ML,ALPRO,Emb. 0.75 LT,"1,79€","2,39€ / LT",
"ATUM FILET MANJERICÃO&TOMATE SECO, 120G",TENÓRIO,Emb. 0.12 KG,"2,29€","19,08€ / KG",
Massa Cotovelinhos,ECO+,Emb. 0.5 KG,"0,65€","1,30€ / KG",
"CARREGADOR USB 2,4A + CABO USB/ COMPATIVEL LIGHTNING 1,2M BRANCO",LINKSTER,Emb. 1 UNID.,"16,90€","16,90€ / UNID.",
BOLACHAS PEQUENO ALMOCO CHOCOLATE,P'TIT DÉLI,Emb. 0.6 KG,"2,98€","4,97€ / KG",
Pastilha Elástica Senses Frutos Vermelhos 3x23g,TRIDENT,Emb. 0.069 KG,"2,59€","37,54€ / KG",
CREME HIDRATANTE PELE SECA/SENSIVEL 50ML,INELL,Emb. 0.05 LT,"2,99€","59,80€ / LT",
Pantene Protect & Style Laca 300ml,PANTENE PV,Emb. 0.3 LT,"3,74€","12,47€ / LT",
Bebida à Base de Aveia,NAT&VIE,Emb. 1 LT,"1,39€","1,39€ / LT",
Toalhitas Bebé Limpa e Hidrata,DODOT,Emb. 64 UNID.,"1,49€","0,02€ / UNID.",
Gel Sanitário Anti-calcário,HARPIC,Emb. 0.75 LT,"1,94€","2,59€ / LT",
CREME DEPILATORIO PELE SENSIVEL 100ML 100ML SLISS,SLISS,,"1,75€",/ Unid.,
Sacos de Lixo Ultra Resistentes com Atilhos 20x30L,ELEMBAL,Emb. 20 UNID.,"1,89€","0,09€ / UNID.",
BLOCO SANITARIO ANTI-TARTARO PINHO 3UN,ECO+,Emb. 3 UNID.,"1,09€","0,36€ / UNID.",
Pasta Arquivo Lombada Larga Marmoreada,ESQUISSE,Emb. 1 UNID.,"1,89€","1,89€ / UNID.",
SPRAY LIMPA TABLIER 1 L 1L TECH9,TECH9,Emb. 1 LT,"3,19€","3,19€ / LT",
GRAO DE BICO LATAMGUIA,NOTRE JARDIN,Emb. 0.425 KG,"0,75€","1,76€ / KG",
MISTURA DE CARVAO VEGETAL,ECO+,Emb. 5 KG,"4,39€","0,88€ / KG",
PAO HAMBURGUER BRIOCHE,EPI D'OR,Emb. 0.3 KG,"1,39€","4,63€ / KG",
Esparguete Picante,MILANEZA,Emb. 0.5 KG,"2,69€","5,38€ / KG",
Patê de Atum 4x22g,PÊCHE OCÉAN,Emb. 0.088 KG,"1,19€","13,52€ / KG",
Fraldas de Incontinência Plus Tam. G,LINDOR,Emb. 14 UNID.,"17,13€","1,22€ / UNID.",
Gel Anti-Calcário Hygiene Elimina Bactérias,CALGON,Emb. 1.5 LT,"12,74€","8,49€ / LT",
Leite Prado Verde Meio Gordo Bio,AGROS,Emb. 1 LT,"1,19€","1,19€ / LT",
Iogurte Líquido Morango 6 Unid.,YOCO,Emb. 0.54,"2,29€","4,24€ /",
IOGURTE LIQUIDO MORANGO,DÉLISSE,Emb. 0.72 KG,"1,00€","1,39€ / KG",
Cevada Especial Torrada Moída,DELTA,Emb. 0.25 KG,"0,89€","3,56€ / KG",
Fiambre Peito de Peru em Forno de Lenha,CAMPOFRIO,1 Unid. = 0.11 KG (aprox.),"13,98€/kg","1,54€ / Unid.",
Queijo Fundido Light 16 Porções,PRÉSIDENT,Emb. 0.25 KG,"3,19€","12,76€ / KG",
Cerveja com Álcool Mini Saca Fácil 10x20cl,SUPER BOCK,Emb. 2 LT,"4,99€","2,50€ / LT",
Puré de Tomates Biológico,,Emb. 0.72 LT,"1,95€","2,71€ / LT",
LAPIS DE COR 12UN,ECO+,Emb. 12 UNID.,"1,39€","0,12€ / UNID.",
Bolachas de Chocolate com Pepitas de Chocolate,ECO+,Emb. 0.2 KG,"0,97€","4,85€ / KG",
Açúcar de Cana em Pó Biológico,,Emb. 0.5 KG,"1,89€","3,78€ / KG",
Desodorizante Spray Jasmim Bio,BIONAÏA,Emb. 0.1 LT,"1,83€","18,30€ / LT",
Queijo Pasta Dura Cozida,LES CROISÉS,Emb. 0.2 KG,"3,19€","15,95€ / KG",
POSTA DE PESCADA Nº3 COZER,PÊCHE OCÉAN,Emb. 0.6 KG,"4,69€","7,82€ / KG",
NOZ DA AMAZONIA,TOKAPI,Emb. 0.1 KG,"1,65€","16,50€ / KG",
Body Lotion Hidratante Express Minerais Marinhos,NIVEA,Emb. 0.25 LT,"5,49€","21,96€ / LT",
BL1 LED FILA STANDARD 7W-60W E27 LUZ AMARELA,FOXTER,Emb. 1 UNID.,"4,99€","4,99€ / UNID.",
Conserva Cogumelos Inteiros,NOTRE JARDIN,Emb. 0.355 KG,"1,29€","3,63€ / KG",
Cerveja com Álcool 20x25cl,SUPER BOCK,Emb. 5 LT,"9,49€","1,90€ / LT",
STICKS RICOS BOVINO P / CAO 3UN,TOUS MES AMIS,,"0,79€",/ Unid.,
Fraldas de Incontinência Plus Tam. M,LINDOR,Emb. 14 UNID.,"18,55€","1,33€ / UNID.",
TOMATE CONCENTRADO BISNAGA BIO,,Emb. 0.2 KG,"1,49€","7,45€ / KG",
Milho P/ Pipocas,MARQUE REPERE,Emb. 0.25 KG,"0,49€","1,96€ / KG",
LIMPA MOVEIS AEROSSOL,CLAIR,Emb. 0.3 LT,"1,19€","3,97€ / LT",
Laca Elnett Latin Fixação Forte,L'ORÉAL PARIS,Spray 0.3 LT,"5,99€","19,97€ / LT",
Crepes de Chocolate 8x32g,P'TIT DÉLI,Emb. 0.256 KG,"1,99€","7,77€ / KG",
Queijo Fatiado Flamengo,TERRA NOSTRA,Emb. 0.2 KG,"2,19€","10,95€ / KG",
Pastéis de Bacalhau 10 Unid.,SNR,Emb. 0.325 KG,"3,45€","10,62€ / KG",
Condicionador Express para Pontas Espigadas em Spray,GLISS,Emb. 0.2 LT,"3,24€","16,20€ / LT",
Desodorizante Spray Baunilha,MANAVA,Emb. 0.1 LT,"1,29€","12,90€ / LT",
POLPA DE TOMATE COM CEBOLA E ALHO,TURINI,Garrafa 0.5 KG,"1,29€","2,58€ / KG",
"Alimento Húmido P/Cão Adulto C/ Gelatina de Boi, Frango e Cordeiro",,Emb. 0.4 KG,"2,59€","6,48€ / KG",
Conserva de Feijão Branco Cozido,NOTRE JARDIN,Lata 0.85 KG,"0,99€","1,16€ / KG",
Papel Higiénico 4 Folhas Creme,RENOVA,Emb. 12 ROLOS,"7,19€","0,60€ / ROLOS",
Salsa Picada,RUSTICA,Emb. 0.25 KG,"2,39€","9,56€ / KG",
Penso Incontinência Discreet Extra,AUSONIA,Emb. 20 UNID.,"5,19€","0,26€ / UNID.",
Bebida Energética Blood Orange,POWERADE,Emb. 0.5 LT,"1,39€","2,78€ / LT",
Rebuçado Refrescante sem Açúcar,HALLS,Emb. 0.134 KG,"2,99€","22,31€ / KG",
Bebida Energética Ultra White Energy Zero Açúcar,MONSTER ENERGY,Emb. 0.05 LT,"1,20€","24,00€ / LT",
Creme Anti-Rugas Cuidado Noite,DERMO EXPERTISE,Emb. 0.05 LT,"14,99€","299,80€ / LT",
ALGODAO,PRIMOPLAST,Emb. 0.1 KG,"0,75€","7,50€ / KG",
Mácara Rosto Filme Purificante Alisante,INELL,Emb. 2 UNID.,"1,39€","0,70€ / UNID.",
PESSEGO EM CALDA,DOUCEUR DU VERGER,Emb. 0.82 KG,"2,39€","2,91€ / KG",
ESPREMEDOR CITRINOS EXPERT,ELSAY,Emb. 1 UNID.,"24,90€","24,90€ / UNID.",
Presunto Fatiado,DAMATTA,Emb. 0.07 KG,"1,98€","28,29€ / KG",
RAVIOLI CARNE VACA MOLHO ITALIANO,CÔTÉ TABLE,Emb. 0.8 KG,"2,19€","2,74€ / KG",
BATOM HIDRATANTE CLASSICO 2UN,INELL,Emb. 2 UNID.,"1,59€","0,80€ / UNID.",
PALMIERS C/ COBERTURA CHOCOLATE,P'TIT DÉLI,Emb. 0.23 KG,"1,69€","7,35€ / KG",
Néctar Essencial Maça 3x110ml,COMPAL,Emb. 0.33 LT,"1,79€","5,42€ / LT",
Batata Vermelha Assar,,Emb. 1 KG,"1,19€","1,19€ / KG",
Rolo Cozinha Mega ECO 1=10,MARQUE REPERE,Emb. 1 UNID.,"2,99€","2,99€ / UNID.",
Tempero Esparguete à Bolonhesa,KNORR,Emb. 0.038 KG,"1,54€","40,53€ / KG",
Fatias Finas Fiambre Extra Suculento,NOBRE,Emb. 0.1 KG,"1,29€","12,90€ / KG",
Sobremesa Gelado Chocolate Brownie,CARTE D'OR,Emb. 0.9 LT,"3,29€","3,66€ / LT",
MISTURA DE LEGUMES A VAPOR,NOTRE JARDIN,Emb. 0.4 KG,"1,59€","3,98€ / KG",
Café Cápsulas Pack Intensidade,DELTA Q,Emb. 40 CAPS.,"12,99€","0,32€ / CAPS.",
RECARGA MICROF.BALDE COM PEDAL,VILEDA,,"7,49€",/ Unid.,
BLOCO NOTAS ADESIVO 75X75MM 2X100UN,ESQUISSE,Emb. 2 UNID.,"1,39€","0,70€ / UNID.",
Óleo Corporal Elixir de Argão,NATURAL HONEY,Emb. 0.3 LT,"5,19€","17,30€ / LT",
Pizza Fresca 3 Queijos,TURINI,Emb. 0.45 KG,"2,59€","5,76€ / KG",
AMACIADOR CONCENTRADO LIRIOS E MORANGOS 72 DOSES,HYPERDOU,Emb. 2 LT,"1,75€","0,88€ / LT",
Pota Inteira Congelado,,1 Unid. = 0.2 KG (aprox.),"4,49€/kg","0,90€ / Unid.",
Cápsulas Café Espresso Intensidade 5,DOLCE GUSTO,Emb. 16 CAPS.,"5,99€","0,37€ / CAPS.",
"""BLANQUETTE"" DE VITELA E ARROZ",CÔTÉ TABLE,Emb. 0.285 KG,"2,49€","8,74€ / KG",
IOGURTE LIQUIDO FRUTOS TROPICAIS,DÉLISSE,Emb. 0.72 KG,"1,00€","1,39€ / KG",
Refrigerante C/ Gás Laranja,FANTA,Garrafa 1.5 LT,"1,00€","0,67€ / LT",
Pudim Flan Caramelo 12x100g,ECO+,Emb. 1.2 KG,"1,69€","1,41€ / KG",
Fio de Linho 90Metros,FOXTER,Emb. 1 UNID.,"1,99€","1,99€ / UNID.",
Tiras P/ Porcos da Índia Sabor Mel,TOUS MES AMIS,Emb. 0.11 KG,"1,85€","16,82€ / KG",
PensosHigiénicos Cottonlike Super Plus Alas,EVAX,Emb. 10   UNID.,"2,59€","0,26€ /   UNID.",
Farinha de Milho Flocão,YOKI,Emb. 0.5 KG,"2,39€","4,78€ / KG",
ESCADOTE 2 DEGRAUS,ECO+,Emb. 1 UNID.,"19,99€","19,99€ / UNID.",
Refrigerante S/ Gás Maçã/Cassis/Framboesa,JAFUN,Emb. 2 LT,"1,89€","0,95€ / LT",
CORANTES ALIMENTARES X3,TABLIER BLANC,Emb. 0.018 LT,"1,95€","108,33€ / LT",
Sabonete Sólido Limão Manjericão,MANAVA,Emb. 2 UNID.,"1,00€","0,50€ / UNID.",
Conserva de Azeitona Preta em Rodelas,RUSTICA,Frasco 0.36 KG,"0,99€","2,75€ / KG",
"Infusão Time do Relax de Camomila, Lavanda, Tília e Baunilha",LIPTON,Emb. 20 SAQS,"1,94€","0,10€ / SAQS",
Leite Bem Especial S/ Lactose Infantil Meio Gordo,MIMOSA,Emb. 1 LT,"1,99€","1,99€ / LT",
Chocolate Negro Sobremesas,ECO+,Emb. 0.2 KG,"0,99€","4,95€ / KG",
REBENTOS DE FEIJAO MUNGO,NOTRE JARDIN,Emb. 0.175 KG,"0,54€","3,09€ / KG",
Rissóis de Camarão,,Emb. 8 UNID.,"1,39€","0,17€ / UNID.",
Ice Tea de Limão Lata 6x25cl,LIPTON,Emb. 1.5 LT,"3,38€","2,25€ / LT",
RESGUARDO PROTECAO CAMA 90X180CM,CHORYS,Emb. 20 UNID.,"10,99€","0,55€ / UNID.",
Preservativo Natural,HARMONY,Emb. 6 UNID.,"4,73€","0,79€ / UNID.",
Bolachas de Manteiga,,Emb. 0.125 KG,"1,25€","10,00€ / KG",
Pistachos Torrados Salgados,ECO+,Emb. 0.2 KG,"2,59€","12,95€ / KG",
Pão de Forma Integral,EPI D'OR,Emb. 0.5 KG,"0,99€","1,98€ / KG",
Sumo 100% Maçã,JAFADEN,Emb. 1 LT,"1,49€","1,49€ / LT",
Azeite Virgem,RUSTICA,Garrafa 0.75 LT,"3,39€","4,52€ / LT",
BOLACHAS DIGESTIVE DIGESTIVE NATURE GULLON 400G,GULLÓN,Emb. 0.4 KG,"2,44€","6,10€ / KG",
Gelado de Chocolate Branco e Cookies,MAGNUM,Emb. 0.44 LT,"3,89€","8,84€ / LT",
Arroz Carolino,CAÇAROLA,Emb. 1 KG,"1,05€","1,05€ / KG",
Sobremesa Creme de Baunilha 4x100gr,DANONE,Emb. 0.4 KG,"1,99€","4,98€ / KG",
Barras de Cereais de Morango 6 Unid.,FITNESS,Emb. 0.141 KG,"2,29€","16,24€ / KG",
GELATINA CONDI MORANGO 2X85G,CONDI,,"1,79€",/ Unid.,
Alimento Húmido Bovino para Cão,ECO+,Emb. 0.3 KG,"0,55€","1,83€ / KG",
Ice Tea Manga,LIPTON,Emb. 1 LT,"1,29€","1,29€ / LT",
Alimento P/ Cão Médio Controlo de Peso +10 Kg Peru C/ Arroz,PURINA,Emb. 2.5 KG,"13,99€","5,60€ / KG",
VILEDA SACO LIXO STYLE 30L FF 15UN,VILEDA,Emb. 15 UNID.,"2,25€","0,15€ / UNID.",
Bloco Sanitário Desinfectante de Lima,DOMESTOS,Emb. 0.055 KG,"1,79€","32,55€ / KG",
Amaciador concentrado rubi,QUANTO,Emb. 76 DOSES,"4,89€","0,06€ / DOSES",
Snack P/ Cão Pequeno,FRISKIES,Emb. 0.35 KG,"3,39€","9,69€ / KG",
Requeijão Mistura Ovelha/Vaca/Cabra,SNR,Emb. 0.24 KG,"1,98€","8,25€ / KG",
Limonada Zero,SPRINK'S,Emb. 1.5 LT,"0,99€","0,66€ / LT",
Arroz Agulha,COZINHA VELHA,Emb. 1 KG,"1,34€","1,34€ / KG",
COTONETES ALGODAO,ECO+,Emb. 200 UNID.,"0,69€","0,00€ / UNID.",
Gelatina Light Sabor a Frutos Vermelhos,TABLIER BLANC,Emb. 0.031 KG,"0,79€","25,48€ / KG",
Refrigerante S/Gás Arandos Light,JAFADEN,Emb. 1 LT,"1,55€","1,55€ / LT",
DETERGENTE MANUAL LOICA AMENDOAS DOCES/CALENDULA,VISIOR,Emb. 0.75 LT,"0,97€","1,29€ / LT",
Alimento Seco Cão Active Completo,PURINA FRISKIES,Emb. 4 KG,"12,79€","3,20€ / KG",
Bolachas Crackers com Azeite e Rosmaninho,DU BOIS DE LA ROCHE,Emb. 0.2 KG,"2,14€","10,70€ / KG",
Café Cápsulas Intenso Intensidade 10,PLANTATION,Emb. 16 CAPS.,"2,59€","0,16€ / CAPS.",
SACO ASPIRADOR S1203,ELSAY,Emb. 1 UNID.,"3,90€","3,90€ / UNID.",
"ATUM FILELETE AZEITE C/ ALCAPARRAS, 120G",TENÓRIO,Emb. 0.12 KG,"2,29€","19,08€ / KG",
PENSOS HIGIENICOS U.FINOS NORMAL C/ABAS 14UN X2,DOULYS,Emb. 28 UNID.,"1,99€","0,07€ / UNID.",
FRALDAS BEBE T5+ 12/25KG 52UN,ECO+,Emb. 52 UNID.,"6,99€","0,13€ / UNID.",
NOODLES DE VACA,TABLES DU MONDE,Emb. 0.061 KG,"0,99€","16,23€ / KG",
Compota de Banana Maçã 4x100g,ECO+,Emb. 0.4 KG,"0,99€","2,48€ / KG",
CREPES COM CHOCOLATE 6UN,TROFIC,Emb. 0.54 KG,"3,89€","7,20€ / KG",
Tablete de Chocolate Bolacha,MILKA,Emb. 0.3 KG,"3,99€","13,30€ / KG",
Detergente Loiça Manual Concentrado Limão Verde,CIF,Emb. 0.6 LT,"1,49€","2,48€ / LT",
Fita Adesiva Isolação Eletrico 4X5Metrosx15Mm,FOXTER,Emb. 1 UNID.,"1,99€","1,99€ / UNID.",
Gelado de Noz,CARTE D'OR,Emb. 1 LT,"2,89€","2,89€ / LT",
ACHOCOLATADO EM PO,P'TIT DÉLI,Emb. 1 KG,"3,89€","3,89€ / KG",
Atum em Óleo,RAMIREZ,Emb. 0.12 KG,"1,09€","9,08€ / KG",
Conserva de Atum ao Natural,RAMIREZ,Emb. 0.12 KG,"1,09€","9,08€ / KG",
Bolo de Especiarias,,Emb. 0.47 KG,"0,99€","2,11€ / KG",
Alimento Seco Completo P/ Cães Pequenos,TOUS MES AMIS,Emb. 1 KG,"2,85€","2,85€ / KG",
Pensos Higiénicos Maxi Super Pocket 16 Unid.,DOULYS,Emb. 16 UNID.,"1,29€","0,08€ / UNID.",
Fiambre da Pá Bom Proveito,IZIDORO,1 Unid. = 0.12 KG (aprox.),"5,32€/kg","0,64€ / Unid.",
PRATO DOURADO C/RENDA 33 CM,,Emb. 1 UNID.,"1,99€","1,99€ / UNID.",
BOLACHA REDONDA RECHEIO CHOCOLATE (3UN),,Emb. 0.72 KG,"2,79€","3,88€ / KG",
Desodorizante Spray,AXE,Emb. 0.15 LT,"3,29€","21,93€ / LT",
JULIANA DE LEGUMES BIO,,Emb. 0.6 KG,"1,89€","3,15€ / KG",
Conserva de Azeitona Verde Descaroçada,RUSTICA,Frasco 0.36 KG,"0,99€","2,75€ / KG",
Preparado á Base de Polpa e de Concentrado de Tomates,NOTRE JARDIN,Lata 400 KG,"1,19€","0,00€ / KG",
GUYLIAN FRUTOS DO MAR CARTÃO 250g,,,"5,69€",/ Unid.,
Sobremesa de Chocolate 4x125g,ECO+,Emb. 0.5 KG,"0,94€","1,88€ / KG",
Aguardente Bagaceira,SÃO DOMINGOS,Garrafa 1 LT,"15,69€","15,69€ / LT",
Rolo de Cozinha Maxi XXL,RENOVA,Emb. 2 ROLOS,"2,25€","1,13€ / ROLOS",
Fita Adesiva Reparação Grande 25Metros,FOXTER,Emb. 1 UNID.,"3,73€","3,73€ / UNID.",
Enxada Rebitada,BEAUX JOURS,Emb. 1 UNID.,"7,99€","7,99€ / UNID.",
Ice tea de Manga 3x20 cl,LIPTON,Emb. 0.6 LT,"1,17€","1,95€ / LT",
"PAO TOSTADO ALHO LOTE DE 2 ""CROUTON"" 2X90G",EPI D'OR,Emb. 0.18 KG,"1,59€","8,83€ / KG",
Cápsulas Café Decaffeinato Espresso,DOLCE GUSTO,Emb. 16 CAPS.,"4,79€","0,30€ / CAPS.",
Sardinhas S/Pele e S/Espinhas em Azeite Virgem Extra,BOM PETISCO,Emb. 0.12 KG,"1,99€","16,58€ / KG",
AGUARDENTE CURVADA  Vínica Velha Cx. Cartão 70CL,,0.07 CL,"28,99€","414,14€ / CL",
Creme de Dia Nutritivo Pele Seca Sensível,NIVEA,Emb. 0.05 LT,"5,99€","119,80€ / LT",
SORTIDO GELADOS PARTY 10UN,SMICY,Emb. 10 UNID.,"2,99€","0,30€ / UNID.",
Iogurte Natural Puro 4x120g,DANONE,Emb. 0.48 KG,"1,18€","2,46€ / KG",
Iogurte Aroma Morango 4 Unid.,LONGA VIDA,Emb. 0.125 KG,"0,89€","7,12€ / KG",
Pacotinho de Frutas Banana Laranja e Bolacha +6 meses,NATURNES,Emb. 0.09 KG,"1,05€","11,67€ / KG",
Ambientador Carro Brisa Marinha,AMBIPUR,Emb. 1 UNID.,"3,49€","3,49€ / UNID.",
Desentupidor Líquido Canos Soda,SYPHON,Emb. 1 LT,"1,59€","1,59€ / LT",
Douradinhos Espinafres 10 Unid.,CAPITÃO IGLO,Emb. 0.284 KG,"3,19€","11,23€ / KG",
Massa Cotovelos Grosso,MILANEZA,Emb. 0.5 KG,"1,09€","2,18€ / KG",
Ervilhas e Cenouras Muito Finas,NOTRE JARDIN,Emb. 0.8 KG,"1,89€","2,36€ / KG",
Preparado Sopa de Cebola,KNORR,Emb. 0.05 KG,"1,49€/kg","0,07€ / Unid.",
"BL1 LED GLOBO 9,5-60W E27",FOXTER,Emb. 1 UNID.,"5,99€","5,99€ / UNID.",
Vinho Verde Branco,CRUZEIRO,Garrafa 0.75 LT,"2,09€","2,79€ / LT",
Toalhitas Anti-Transferência de cor,VANISH,Emb. 1 UNID.,"4,99€","4,99€ / UNID.",
Leite Fresco Gordo,VIGOR,Emb. 1 LT,"1,09€","1,09€ / LT",
Iogurte Líquido Morango 0% 6 Unid.,DANONE,Emb. 6 UNID.,"2,59€","0,43€ / UNID.",
Groselha,ALBERGARIA,Garrafa 1 LT,"4,19€","4,19€ / LT",
AROMA DE BAUNILHA,TABLIER BLANC,Emb. 0.2 LT,"2,49€","12,45€ / LT",
Vinho Branco de Mesa Elopack,CASAL DA EIRA,Emb. 1 LT,"1,69€","1,69€ / LT",
Queijo Francês,CAPRICE DES DIEUX,Emb. 0.2 KG,"3,99€","19,95€ / KG",
SACOS P/ CONGELAR ZIP & GO 1L (15UN),VILEDA,Emb. 15 UNID.,"4,79€","0,32€ / UNID.",
Cebola Chalota,,Emb. 0.25 KG,"1,09€","4,36€ / KG",
Miolo de Amendoim C/ Piri-Piri,MARQUE REPERE,Emb. 0.25 KG,"1,29€","5,16€ / KG",
TARTELETES PURA MANTEIGA C/ COBERTURA MORANGO,P'TIT DÉLI,Emb. 0.127 KG,"1,39€","10,94€ / KG",
CEREAIS RECHEADOS C/LEITE,P'TIT DÉLI,Emb. 0.45 KG,"2,06€","4,58€ / KG",
Creme Depilatório Pele Normal,SILISS,Emb. 0.2 LT,"2,75€","13,75€ / LT",
Leite UHT Magro,,Emb. 1 LT,"0,89€","0,89€ / LT",
VELA NUMERO - 1,ARDENCE,Emb. 1 UNID.,"0,89€","0,89€ / UNID.",
Vinho Regional Dão Tinto,QUINTA DOS CARVALHAIS,Garrafa 0.75 LT,"8,99€","11,99€ / LT",
QUEIJO RALADO FLAMENGO,CAMPAINHA,Emb. 0.15 KG,"1,79€","11,93€ / KG",
Óleo corpo refirmante+anti-estrias q10,NIVEA,Emb. 0.1 LT,"9,99€","99,90€ / LT",
CUSCUZ FINO,COMPTOÍR DU GRAIN,Emb. 0.5 KG,"1,09€","2,18€ / KG",
Whisky William Lawson\'s,WILLIAM LAWSON'S,Garrafa 1 LT,"20,09€","20,09€ / LT",
SACO ASPIRADOR S2000,ELSAY,Emb. 1 UNID.,"3,90€","3,90€ / UNID.",
LENCOS BOLSO 3F,ECO+,Emb. 15 UNID.,"1,29€","0,09€ / UNID.",
Conserva de Feijão Manteiga Cozido com pouco Sal,FERBAR,Lata 0.42 KG,"0,95€","2,26€ / KG",
Rebentos de Feijão Mungo Bio,,Frasco 0.175 KG,"1,19€","6,80€ / KG",
Biscoitos de Canela,,Emb. 0.3 KG,"1,69€","5,63€ / KG",
Pudim Caseiro Laranja,ROYAL,Emb. 0.2 KG,"1,99€","9,95€ / KG",
Conetor Reparador 19Mm,BEAUX JOURS,Emb. 1 UNID.,"0,99€","0,99€ / UNID.",
Queijo Fresco Meio Gordo,CAMPAINHA,Emb. 0.2 KG,"1,79€","8,95€ / KG",
RABANETE S/ RAMA,,Emb. 0.125,"0,69€","5,52€ /",
Bebida em Pó Morango,TANG,Emb. 0.03 KG,"0,83€","27,67€ / KG",
"Alimento Húmido P/ Cão Adulto em Molho de Vaca, Borrego",FRISKIES,Emb. 1.2 KG,"7,29€","6,08€ / KG",
Cereais Bola de Milho Mel,P'TIT DÉLI,Emb. 0.4 LT,"1,43€","3,58€ / LT",
Pimentão Doce Colorau,RUSTICA,Frasco 0.038 KG,"0,59€","15,53€ / KG",
Alimento Húmido P/ Gato Gold Salmão,GOURMET,Emb. 0.085 KG,"0,75€","8,82€ / KG",
Caramelos de Fruta,COPAÍNS COPINES,Emb. 0.25 KG,"1,29€","5,16€ / KG",
Refrigerante com Gás Ginger Ale,SCHWEPPES,Garrafa 1 LT,"1,95€","1,95€ / LT",
Arroz Branco Longo Biológico,,Emb. 0.5 KG,"1,38€","2,76€ / KG",
QUEIJO FETA DOP BIO,,Emb. 0.18 KG,"3,29€","18,28€ / KG",
GALETES BRETONNES C/PEPITAS DE CHOCOLATE,P'TIT DÉLI,Emb. 0.13 KG,"1,19€","9,15€ / KG",
Alimento Seco P/ Gato Salmão,PURINA ONE,Emb. 0.8 KG,"6,99€","8,74€ / KG",
BOLACHAS RECHEADAS C/ AVELA TIPO KANGO X12,P'TIT DÉLI,Emb. 0.225 KG,"1,59€","7,07€ / KG",
Alimento Completo Cereais P/ Porquinhos-da-Índia,TOUS MES AMIS,Emb. 0.8 kg,"1,99€","2,49€ / kg",
Ambientador P/ Máquina de Lavar Louça Odor Stop,FINISH,Emb. 1 UNID.,"3,24€","3,24€ / UNID.",
Bolachas Cobertas ChocoWafer Branco,MILKA,Emb. 0.18 KG,"2,69€","14,94€ / KG",
ENVELOPE SILICONE 110X220MM,ESQUISSE,Emb. 100 UNID.,"2,99€","0,03€ / UNID.",
TERRA UNIVERSAL BIO 20L,BEAUX JOURS,Emb. 20 LT,"2,49€","0,12€ / LT",
TORRADEIRA 1 FENDA LONGA 900W,ELSAY,Emb. 1 UNID.,"24,90€","24,90€ / UNID.",
Moira Regional - PDTO Lamego,SNR,Emb. 0.17 KG,"1,65€","9,71€ / KG",
Creme de Brie,PRÉSIDENT,Emb. 0.125 KG,"2,45€","19,60€ / KG",
BACALHAU COM NATAS 350G,CÔTÉ TABLE,Emb. 0.35 KG,"1,99€","5,69€ / KG",
Discos Activos Gel WC Lime Zest,PATO,Emb. 0.036 LT,"4,49€","124,72€ / LT",
Infusão Chá Preto Pêssego,FRESH TEA,Emb. 1 LT,"1,39€","1,39€ / LT",
Cracker com Arroz Tufado,DU BOIS DE LA ROCHE,Emb. 0.24 KG,"2,59€","10,79€ / KG",
Bebida Energética,X-TENSE,Garrafa 1 LT,"1,69€","1,69€ / LT",
LIQUIDO ABRILHANTADOR,VISIOR,Emb. 0.75 LT,"1,19€","1,59€ / LT",
Crepes de Queijo e Fiambre,CÔTÉ TABLE,Emb. 6 UNID.,"1,69€","0,28€ / UNID.",
Bolachas Sticks com Cobertura Chocolate Branco 30Unid.,P'TIT DÉLI,Emb. 0.15 KG,"1,09€","7,27€ / KG",
Blocos Sanitários Power Ocean,DOMESTOS,Emb. 0.275 KG,"5,39€","19,60€ / KG",
Bolachas de Arroz Cobertura de Chocolate Biológicas,,Emb. 0.09 KG,"1,35€","15,00€ / KG",
MARCADOR PRETO P/QUADRO BRANCO 2UN,ESQUISSE,Emb. 2 UNID.,"1,29€","0,65€ / UNID.",
Infusão Chá Verde Sabor Menta,FRESH TEA,Emb. 1 LT,"1,39€","1,39€ / LT",
Fermento de Padeiro,VAHINÉ,Emb. 0.018 KG,"1,59€","88,33€ / KG",
Antibacteriano Verde,CIF,Emb. 0.75 LT,"2,49€","3,32€ / LT",
Cápsulas Café Latte Macchiato,DOLCE GUSTO,Emb. 16 CAPS.,"5,99€","0,37€ / CAPS.",
ACUCAR AMARELO,TÉVA,1 0,"1,09€",inf€ /,
Espinafre Baby,,Emb. 0.17 KG,"0,99€","5,82€ / KG",
Leite Bem Essencial C/ Chocolate UHT 4 Unid.,MIMOSA,Emb. 0.8 LT,"1,99€","2,49€ / LT",
Pensos Higiénicos Ultrafinos Noite,AUSONIA,Emb. 9 UNID.,"1,69€","0,19€ / UNID.",
Massa Fettuccine,MILANEZA,Emb. 0.5 KG,"1,99€","3,98€ / KG",
Refrigerante C/ Gás Ananás S/ Adição Açúcares,FANTA,Garrafa 1.5 LT,"1,00€","0,67€ / LT",
Cillit Bang Calcário & Brilho 500ML x12,CILLIT BANG,Emb. 0.5 LT,"2,24€","4,48€ / LT",
Bacalhau Posta,,Emb. 0.75 KG,"9,99€","13,32€ / KG",
Whisky Bourbon Jack Daniels,JACK DANIEL'S,Garrafa 0.7 LT,"23,99€","34,27€ / LT",
Pantene Anticaspa Champô 3 Em 1,PANTENE PV,Emb. 0.3 LT,"4,99€","16,63€ / LT",
Detergente Loiça Manual Espuma Ativa,FAIRY,Emb. 0.375 LT,"3,89€","10,37€ / LT",
Rum Spice Gold,CAPTAIN MORGAN,Garrafa 0.7 LT,"15,99€","22,84€ / LT",
GEL DUCHE ENERGIZANTE 250ML 250ML CARRE HOMME,CARRÉ HOMME,,"0,97€",/ Unid.,
Caldo de Carne sem Sal Pack 8,KNORR,Emb. 0.072 KG,"1,49€","20,69€ / KG",
FRANCESINHA,CÔTÉ TABLE,Emb. 0.45 KG,"5,49€","12,20€ / KG",
Conserva de Cassoulet,,Lata 0.84 KG,"2,59€","3,08€ / KG",
Pizza 4 Estações,BUITONI,Emb. 0.355 KG,"2,99€","8,42€ / KG",
Cereais de Aveia Integral C/ Chocolate,FITNESS,Emb. 0.375 KG,"2,99€","7,97€ / KG",
Licor Carolans,CAROLANS,Garrafa 0.7 LT,"14,79€","21,13€ / LT",
Champô para Cabelos Normais a Oleosos,TRESEMMÉ,Emb. 0.5 LT,"4,19€","8,38€ / LT",
CANELONES DE CARNE VACA C/ MOLHO DE TOMATE À NAPOLITANA,CÔTÉ TABLE,Emb. 0.8 KG,"3,69€","4,61€ / KG",
ENVELOPE SILICONE 114X162MM 100UN,ECO+,Emb. 100 UNID.,"2,29€","0,02€ / UNID.",
Café Solúvel Cappuccino Descafeinado 10 Saquetas,NESCAFÉ,Emb. 0.125 KG,"3,19€","25,52€ / KG",
SACO PLASTICO P/ TABULEIRO P/GATO GM 8UN,P'TIT AMI,Emb. 8 UNID.,"1,79€","0,22€ / UNID.",
STICKS RICOS FRANGO P / CAO 5UN 42G LYDOG,TOUS MES AMIS,Emb. 0.042 KG,"0,79€","18,81€ / KG",
Conjunto de 8 Chaves Combinadas,ECO+,Emb. 8 UNID.,"5,99€","0,75€ / UNID.",
Queijo de Ovelha Barrado Cerrado do Vale,SANTIAGO,1 Unid. = 0.45 KG (aprox.),"17,98€/kg","8,09€ / Unid.",
Snack P/ Cão Médio 12-25kg,PURINA,Emb. 0.115 KG,"2,39€","20,78€ / KG",
Bolachas Soft Bakes Cereais,BELVITA,Emb. 0.25 KG,"2,99€","11,96€ / KG",
Bolacha Crunch de Aveia Coberta com Chocolate de Leite,MC VITIE'S,Emb. 0.205 KG,"2,99€","14,59€ / KG",
Nectarina,,1 Unid. = 0.15 KG (aprox.),"2,49€/kg","0,37€ / Unid.",
AFIA C/DEPOSITO,ESQUISSE,Emb. 1 UNID.,"1,29€","1,29€ / UNID.",
Bolachas Crackers Bacon,TUC,Emb. 0.1 KG,"1,19€","11,90€ / KG",
CREME DE LEGUMES,REGAL SOUPE,Emb. 0.35,"1,75€","5,00€ /",
Água sem Gás 4x1.5 L,FASTIO,Garrafa 6 LT,"2,40€","0,40€ / LT",
Néctar Vital Equilíbrio Manga Laranja 3x20cl,COMPAL,Emb. 0.6 LT,"1,69€","2,82€ / LT",
Arroz Agulha,ORIENTE,Emb. 1 KG,"1,49€","1,49€ / KG",
Pantene Purifica & Reconstrói Champô 250 ml,,Emb. 0.25 LT,"4,99€","19,96€ / LT",
Snack de Chocolate e Toffee,TOFFE CRISP,Emb. 0.038 KG,"0,99€","26,05€ / KG",
Bife Rabadilha de Novilho,,1 Unid. = 0.25 KG (aprox.),"6,49€/kg","1,62€ / Unid.",
GELADO BAUNILHA,ESKISS,Emb. 1 LT,"1,99€","1,99€ / LT",
BARQUETTES DE CHOCOLATE/AVELA,P'TIT DÉLI,Emb. 0.24 KG,"1,89€","7,88€ / KG",
Sardinhas em Azeite Biológico,BOM PETISCO,Emb. 0.12 KG,"1,39€","11,58€ / KG",
Crackers sem Sal na Superfície,DU BOIS DE LA ROCHE,Emb. 0.5 KG,"3,29€","6,58€ / KG",
Gelado de Chocolate Pack 6,CORNETTO,Emb. 0.54 LT,"4,99€","9,24€ / LT",
Manteiga S/ Sal,MIMOSA,Emb. 0.25 KG,"2,29€","9,16€ / KG",
Amaciador concentrado flores silvestres,QUANTO,Emb. 76 DOSES,"4,89€","0,06€ / DOSES",
COGUMELOS INTEIROS,NOTRE JARDIN,Emb. 0.185 KG,"0,75€","4,05€ / KG",
"SPRAY AMBIENTADOR ""BAUNILHA"" 2EM1 300ML",BIEN AIR,Emb. 0.3 LT,"0,99€","3,30€ / LT",
BARRA CEREAL CH.KRISPIES 6X20,KELLOGG'S,Emb. 6 UNID.,"2,79€","0,47€ / UNID.",
Syoss Oieo Intense 4-86 Castanho Gelado,SYOSS,,"6,24€",/ Unid.,
Iogurte Natural Déli´Light 8x125g,DÉLISSE,Emb. 1 KG,"1,59€","1,59€ / KG",
Vinho do Porto Rosê,PORTO CRUZ,Garrafa 0.75 L,"7,49€","9,99€ / L",
Vinho Branco de Alsacia A.O.C. Riesling 2014,REBMANN,Garrafa 0.75 LT,"4,49€","5,99€ / LT",
Vinho do Porto 10 Anos,DORRÃO,Garrafa 0.75 LT,"9,99€","13,32€ / LT",
Verniz de Unhas 60 Segundos 500,RIMMEL,Emb. 1 UNID.,"5,59€","5,59€ / UNID.",
Douradinhos Forníssimo 12 Unid.,CAPITÃO IGLO,Emb. 0.3 KG,"4,49€","14,97€ / KG",
SORTIDO BISCOITOS FINOS,EQUADOR,Emb. 0.4 KG,"3,69€","9,23€ / KG",
FITA CORRETORA 10MX5MM,ESQUISSE,Emb. 1 UNID.,"1,99€","1,99€ / UNID.",
Tablete de Chocolate Negro,NESTLÉ,Emb. 0.09 KG,"1,09€","12,11€ / KG",
Ambientador Eléctrico Nenuco + Recarga,AIRWICK,Emb. 0.019 LT,"5,39€","283,68€ / LT",
COOKIES C/ PEPITAS CHOCOLATE E QUINOA BIO,,,"2,09€",/ Unid.,
Penne Rigate Biológico,,Emb. 0.5 KG,"1,19€","2,38€ / KG",
QUICHE LORRAINE 8UN,CÔTÉ TABLE,Emb. 0.8 KG,"5,29€","6,61€ / KG",
Amaciador total repair 5,ELVIVE,Emb. 0.69 LT,"9,99€","14,48€ / LT",
Ambientador Stick Perfumado Flor,AIR WICK,Emb. 0.025 LT,"7,19€","287,60€ / LT",
Algodão Maxi Bebé,MOTS D'ENFANTS,Emb. 80 UNID.,"1,95€","0,02€ / UNID.",
Leite Bem Especial 0% de Lactose Chocolate 4 Unid.,MIMOSA,Emb. 0.8 LT,"1,99€","2,49€ / LT",
Pensos Higiénicos Fina e Segura Normal,EVAX,Emb. 1 P,"1,99€","1,99€ / P",
Conserva de Mexilhão em Escabeche,PITEU,Emb. 0.115 KG,"1,83€","15,91€ / KG",
AGUA FRIZE TANGERINA 4x25CL,FRIZE,,"2,79€",/ Unid.,
Iogurte Magro + Gelatina Framboesa 4 Unid.,MIMOSA,Emb. 0.48 KG,"1,69€","3,52€ / KG",
Massa Macarrão,MILANEZA,Emb. 0.5 KG,"1,19€","2,38€ / KG",
ABRILHANTADOR P/ MAQUINA LOICA ECO,UNÍ VERT,Emb. 0.75 LT,"1,99€","2,65€ / LT",
Bolacha Diet Nature Recheio Chocolate,GULLÓN,Emb. 0.25 KG,"2,34€","9,36€ / KG",
Vinho Rosé Frutado,CORAÇÃO DA MINHA,Garrafa 0.75 LT,"1,59€","2,12€ / LT",
Salsichão Seco de Porco Superior,ST AZAY,Emb. 0.25 KG,"3,45€","13,80€ / KG",
Marcadores de Colorir Laváveis Ponta Média,ESQUISSE,Emb. 24 UNID.,"4,39€","0,18€ / UNID.",
Chá Infusão Lúcia-Lima,TISÉA,Emb. 25 KG,"1,59€","0,06€ / KG",
VILEDA SINTETICO C/ABRASIVO PLAST. 10\'S,VILEDA,,"2,39€",/ Unid.,
Iogurte Sólido Proteico Chocolate Branco Lindahls,NESTLÉ,Emb. 0.15 KG,"1,09€","7,27€ / KG",
Ambientador Automático Glade Sense & Spray Difusor e Recambio Lavanda & Jazmín,BRISE,Emb. 0.018 LT,"5,39€","299,44€ / LT",
Mel de Flores Biológico,,Frasco 0.5 KG,"5,29€","10,58€ / KG",
Chá Verde com Hortelã e Pimenta,BRITLEY,Emb. 25 SAQ.,"0,99€","0,04€ / SAQ.",
Vinho Regional Tejo Branco,QUINTA DA ALORNA,Garrafa 0.75 LT,"3,49€","4,65€ / LT",
Creme de Mãos Óleo de Abacate,DOVE,Emb. 0.075 LT,"2,59€","34,53€ / LT",
Pantene Volume & Brilho Condicionador 160 ml,,Emb. 0.16 LT,"4,99€","31,19€ / LT",
Papel Higiénico Cuidado Completo Original 3 em 1,SCOTTEX,Emb. 16 UNID.,"4,99€","0,31€ / UNID.",
COOKIES COM RECHEIO DE CREME DE AVELAS,P'TIT DÉLI,Emb. 0.2 KG,"1,59€","7,95€ / KG",
Croissant Recheio Maxi Creme Cacau,CHIPICAO,Emb. 0.08 KG,"1,24€","15,50€ / KG",
Gel Limão,FINISH,Emb. 1 LT,"8,99€","8,99€ / LT",
Refrigerante S/ Gás Ananás,ECO+,Garrafa 2 LT,"0,79€","0,40€ / LT",
Alho Seco,,Emb. 0.5 KG,"2,39€","4,78€ / KG",
Cotonetes p/ Bebé,JOHNSON'S BABY,Emb. 0.1 UNID.,"1,99€","19,90€ / UNID.",
SACOS LIXO FECHO FACIL 100% RECICLADO 30L,ECO+,Emb. 20 UNID.,"1,29€","0,06€ / UNID.",
Alimento Seco P/ Gato Crunchy e Tender Salmão Atum,PURINA FRISKIES,Emb. 1.5 KG,"6,99€","4,66€ / KG",
Ameixa Vermelha Cal. 45/55,,1 Unid. = 0.09 KG (aprox.),"2,49€/kg","0,22€ / Unid.",
Vinho Regional Douro Tinto,QUINTA DA PACHECA,Garrafa 0.75 LT,"6,99€","9,32€ / LT",
Cone Chocolate,TRIUM,Emb. 6 UNID.,"2,49€","0,42€ / UNID.",
QUEIJO EMMENTAL RALADO 28% MG,ECO+,Emb. 0.2 KG,"1,59€","7,95€ / KG",
Iogurtes Cremosos Açucarados Frutas Amarelas 8x125g,DÉLISSE,Emb. 1 KG,"2,09€","2,09€ / KG",
CANUDINHOS,P'TIT DÉLI,Emb. 0.18 KG,"1,19€","6,61€ / KG",
Néctar Multifrutas 6x20 cl,ECO+,Emb. 1.2 LT,"1,35€","1,13€ / LT",
Vinho Branco,M.J.FREITAS,Bag in Box 5 LT,"7,99€","1,60€ / LT",
Rolo de Cozinha Jumbo,SCOTTEX,Rolo 1 P,"4,49€","4,49€ / P",
Desodorizante Roll On,DOVE,Emb. 0.05 LT,"2,39€","47,80€ / LT",
Pantene Espuma Caracóis 200ml,PANTENE PV,Emb. 0.2 LT,"3,74€","18,70€ / LT",
Bolachas Tosta Rica,CUÉTARA,Emb. 0.57 KG,"3,89€","6,82€ / KG",
CEBOLINHAS EM VINAGRE,RUSTICA,Emb. 0.37 LT,"1,15€","3,11€ / LT",
Tira-Nódoas para Roupa de Cor,SKIP,Emb. 1 KG,"7,49€","7,49€ / KG",
Seleção de Frutos Secos,MARQUE REPERE,Emb. 0.25 KG,"5,79€","23,16€ / KG",
Refrigerante C/ Gás  Zero Açúcar Vidro Pack 4,COCA COLA ZERO,Emb. 0.08 LT,"2,76€","34,50€ / LT",
Sobremesa Gelado Salted Caramel,CARTE D'OR,Emb. 0.9 LT,"3,29€","3,66€ / LT",
MINI BOLACHAS CRACKERS COM SAL,TOKAPI,Emb. 0.075 KG,"0,85€","11,33€ / KG",
Alimento Húmido P/ Gato Vaca Borrego Salmão Legumes,LYCAT,Emb. 3 UNID.,"2,69€","0,90€ / UNID.",
Bolachas Amanteigadas com Tablete de Chocolate Preto,P'TIT DÉLI,Emb. 0.15 KG,"1,19€","7,93€ / KG",
Douradinhos Salmão Selvagem 10 Unid. Ultracongelado,IGLO,Emb. 0.28 KG,"5,69€","20,32€ / KG",
Dentífrico Cuidado Branqueador,PARODONTAX,Emb. 0.075 LT,"5,59€","74,53€ / LT",
Conjunto de 8 Chaves de Boca,ECO+,Emb. 8 UNID.,"4,59€","0,57€ / UNID.",
ALIMENT BEBE: PURE DE MACA BANANA BIO +4M 4x100G MOTS D\'ENFANTS,BIO VILLAGE BEBE,Emb. 0.4 KG,"2,09€","5,23€ / KG",
Noodles Queijo e Ervas,KNORR,Emb. 0.061 KG,"1,39€","22,79€ / KG",
BARRA DE BOLACHA C/ COB CHOCOLATE E RECH DE LEITE,P'TIT DÉLI,Emb. 0.13 KG,"1,59€","12,23€ / KG",
ESTENDAL VERTICAL 34M,HOMESIDE,Emb. 1 UNID.,"25,00€","25,00€ / UNID.",
Coloração Permanente Intense 8-05 Louro Gelado,SYOSS,,"6,24€",/ Unid.,
MOUSSE DE CASTANHAS,DÉLISSE,Emb. 0.292 KG,"1,99€","6,82€ / KG",
Madalenas longas,P'TIT DÉLI,Emb. 0.25 KG,"1,99€","7,96€ / KG",
Pantene Purifica & Reconstrói Máscara 160 ml,,Emb. 0.16 LT,"5,99€","37,44€ / LT",
Galetes Arroz Biológicas,,Emb. 0.13 KG,"1,29€","9,92€ / KG",
Mini Queijos 12 Unid.,BABYBEL,Emb. 0.24 KG,"3,64€","15,17€ / KG",
"CAFE MOIDO ""CREPUSCULE NOIR"" ARABICA",PLANTATION,Emb. 0.25 KG,"2,49€","9,96€ / KG",
Caldo de Legumes sem Sal Pack 8,KNORR,Emb. 0.072 KG,"1,49€","20,69€ / KG",
Lixívia Tradicional,NEOBLANC,Emb. 1 LT,"0,89€","0,89€ / LT",
Pastilhas Máquina Loiça Platinum Plus,FAIRY,Emb. 20 UNID.,"11,49€","0,57€ / UNID.",
Queijo Flamengo S/ Lactose Fatias,PAIVA,Emb. 0.15 Kg,"2,29€","15,27€ / Kg",
Conserva Choucroute Garnie,CÔTÉ TABLE,Emb. 0.8 KG,"2,07€","2,59€ / KG",
Fatias Finas Peito de Peru,NOBRE,Emb. 0.11 KG,"2,14€","19,45€ / KG",
IOGURTE BAUNILHA BIO,,Emb. 0.5 KG,"1,35€","2,70€ / KG",
Alimento P/ Gato de Frango C/ Mandioca S/ Glúten,BEYOND,Emb. 1.2 KG,"11,99€","9,99€ / KG",
Piri Piri com Azeite,GALLO,Emb. 0.05 LT,"1,86€","37,20€ / LT",
Refrigerante S/ Gás Maçã,ECO+,Garrafa 2 LT,"0,79€","0,40€ / LT",
COLORACAO LOURO ESCURO 6.0,VITANOVE,Emb. 1 UNID.,"3,89€","3,89€ / UNID.",
Snacks Húmidos P/ Gatos De Casa Peru e Cereais Integrais,PURINA,Emb. 0.8 KG,"6,99€","8,74€ / KG",
Cápsulas Café Espresso P/ Dolce Gusto Intensidade 11,STARBUCKS,Emb. 12 CAPS.,"5,39€","0,45€ / CAPS.",
MANGA PEDACOS 650G,DOUCEUR DU VERGER,Emb. 0.65 KG,"3,49€","5,37€ / KG",
Pantene Caracóis Perfeitos Champô,PANTENE PV,Emb. 0.25 LT,"3,99€","15,96€ / LT",
Iogurte de Alperce 4 Unid.,IOGOLINO,Emb. 0.4 KG,"2,89€","7,23€ / KG",
AMACIADOR ROUPA ROSAS,HYPERDOU,Emb. 4 LT,"2,49€","0,62€ / LT",
Toalhitas Desinfetantes,CIF,Emb. 36 UNID.,"2,24€","0,06€ / UNID.",
Detergente Líquido para Madeiras Spray,CIF,Emb. 0.435 LT,"2,49€","5,72€ / LT",
Desodorizante Roll-On Original,DOVE,Emb. 0.05 LT,"2,69€","53,80€ / LT",
Cereais de Chocolate,CHOCAPIC,Emb. 0.375 KG,"2,09€","5,57€ / KG",
Vinho do Porto Velhotes Ruby,CALEM,Garrafa 0.75 LT,"4,99€","6,65€ / LT",
TIRAS PARA HAMSTER SABOR LEGUMES,P'TIT AMI,,"1,85€",/ Unid.,
Amaciador Roupa Concentrado Ouro,QUANTO,Emb. 84 DOSES,"4,89€","0,06€ / DOSES",
Ambientador Absorbeolores Glade Lavanda,BRISE,Emb. 2 UNID.,"2,99€","1,50€ / UNID.",
GELADO BAUNILHA / SPECULOS,ESKISS,Emb. 1 LT,"2,65€","2,65€ / LT",
Spray Limpeza Ecrãs + Pano,LINKSTER,Emb. 0.03 LT,"2,90€","96,67€ / LT",
MAQ.BARBEAR 3 LAMINAS + 2 RECARGAS,CARRÉ HOMME,Emb. 1 UNID.,"3,19€","3,19€ / UNID.",
Rebuçados de Frutas,MENTOS,Emb. 10 UNID.,"0,70€","0,07€ / UNID.",
TOSTAS SUECAS INTEGRAIS S/ ADICAO ACUCAR,EPI D'OR,,"1,09€",/ Unid.,
"CACAROLA 20, C/ASAS ALU.FUND. E PEANHA ALU.",ECO+,Emb. 1 UNID.,"6,99€","6,99€ / UNID.",
Óleo Barba King C,GILLETTE,Emb. 0.03 LT,"7,49€","249,67€ / LT",
Aveia Instantânea Em Pó Bolacha,PROZIS,Emb. 1.25 KG,"719,00€","575,20€ / KG",
Bolachas Cobertas com Tablete de Chocolate Preto Biológicas,,Emb. 0.15 KG,"2,09€","13,93€ / KG",
Iogurte Pouch Squezzy Morango e Banana,YOCO,Emb. 0.32 KG,"2,29€","7,16€ / KG",
Bolachas Palitos com Cobertura de Chocolate Biológicas,,Emb. 0.125 KG,"2,09€","16,72€ / KG",
Atum em Óleo Vegetal,BOM PETISCO,Emb. 0.385 KG,"3,79€","9,84€ / KG",
Línguas de Veado,,Emb. 0.25 KG,"1,59€","6,36€ / KG",
LAVA TUDO PINHO,CLAIR,Emb. 1.5 LT,"1,89€","1,26€ / LT",
Champô Color-Vive Cabelos Pintados,ELVIVE,Emb. 0.4 LT,"5,99€","14,98€ / LT",
RECARGA P/ SABONETE LIQUIDO AMENDOA/MEL 750ML,ECO+,Emb. 0.75,"1,10€","1,47€ /",
Bloco Sanitário Poder Activo Pinho,SONASOL,Emb. 0.05 KG,"1,94€","38,80€ / KG",
Barrinhas de Pescada Panada Temperada com Limão s/ Glúten,PESCANOVA,Emb. 0.3 KG,"4,99€","16,63€ / KG",
Café Pastilhas,PLANTATION,Emb. 36 UNID.,"3,59€","0,10€ / UNID.",
Lava Tudo Novo Brilho Ph Neutro,SONASOL,Emb. 1.3 LT,"2,09€","1,61€ / LT",
Vinho Regional Douro Tinto,VINHA GRANDE,Garrafa 0.75 LT,"9,99€","13,32€ / LT",
Tempero Líquido Maggi,NESTLÉ,Emb. 0.125 KG,"2,09€","16,72€ / KG",
Manteiga com Sal,NOVA AÇORES,Emb. 0.25 KG,"2,29€","9,16€ / KG",
Rebuçados Limão e Cidreira,MENTOLIN,Emb. 0.1 KG,"1,39€","13,90€ / KG",
Abrilhantador Brilho e Proteção,FINISH,Emb. 0.4 LT,"4,84€","12,10€ / LT",
Coloração Nº 5-86 Castanho Caramelo,SYOSS,,"6,24€",/ Unid.,
ESCOVA DENTES MEDIA CABECA RECARREGAVEL,DENTAMYL,,"1,25€",/ Unid.,
Cereais Special K Classic,KELLOGG'S,Emb. 0.375 KG,"2,37€","6,32€ / KG",
Bolonhesa,NOBRE,Emb. 0.5 KG,"2,74€","5,48€ / KG",
Ketchup,ECO+,Emb. 0.58 KG,"1,69€","2,91€ / KG",
RECARGA ESFREGONA MICROFIBRAS TIRAS,,Emb. 1 UNID.,"2,29€","2,29€ / UNID.",
Forma Aniversário,ECO+,Emb. 1 UNID.,"3,79€","3,79€ / UNID.",
Vinho Branco,COMP DO VINHO,Emb. 1 LT,"0,85€","0,85€ / LT",
Gelatina Light de Mirtilo,ROYAL,Emb. 0.031 KG,"2,09€","67,42€ / KG",
Alho Granulado,RUSTICA,Emb. 0.05 KG,"0,65€","13,00€ / KG",
Pantene Liso & Sedoso Champô,,Emb. 0.1 LT,"9,99€","99,90€ / LT",
Madalenas em Concha com Ovos Frescos,,Emb. 0.5 KG,"1,89€","3,78€ / KG",
ALIMENTO PARA ROLAS,ECO+,Emb. 1 UNID.,"1,59€","1,59€ / UNID.",
ÁGUA MICELAR C/ ÁGUA DE ROSAS 400ML,GARNIER,,"7,99€",/ Unid.,
CAFE SOLUVEL LIOFILISADO x 25 sticks,PLANTATION,Emb. 0.05 KG,"1,69€","33,80€ / KG",
GUYLIAN FRUTOS DO MAR CARTÃO 125g,,,"3,74€",/ Unid.,
4 LAPIS GRAFITE HB C/BORRACHA,ESQUISSE,Emb. 4 UNID.,"1,09€","0,27€ / UNID.",
Cream Crackers,JACOB'S,Emb. 0.2 KG,"1,19€","5,95€ / KG",
Tablete Chocolate Branco,TABLETTE D'OR,Emb. 0.2 KG,"1,59€","7,95€ / KG",
Cereais Arroz S/ Glúten,NESTUM,Emb. 0.25 KG,"2,49€","9,96€ / KG",
Maionese Vegan sem Glúten,CALVÉ,Emb. 0.27 KG,"4,39€","16,26€ / KG",
"OIKOS MORANGO 110G X4,,440G",OIKOS,Emb. 0.44 KG,"2,39€","5,43€ / KG",
Conserva Atum Albacore Natural 3x133g,PÊCHE OCÉAN,Emb. 0.399 KG,"4,29€","10,75€ / KG",
ALIMENTO HUMIDO BACALHAU/SALMAO/CENOURA P/ CAO 1240G,LYDOG,Emb. 1.24 KG,"2,05€","1,65€ / KG",
CREME MAOS ANTI MANCHAS,INELL,Emb. 0.08 LT,"2,99€","37,38€ / LT",
Refrigerante C/ Gás Laranja,SPRINK'S,Garrafa 1.5 LT,"0,74€","0,49€ / LT",
Alimento Húmido Gato P/ Gold,GOURMET,Emb. 0.085 KG,"0,75€","8,82€ / KG",
Filetes de Atum em Azeite,PÊCHE OCÉAN,Emb. 0.19 KG,"3,59€","18,89€ / KG",
CREME VEGETAL P/ BARRAR,,Emb. 0.5 KG,"1,79€","3,58€ / KG",
CADERNO CAPA PRETA A4 LISO 60P,ESQUISSE,Emb. 1 UNID.,"0,99€","0,99€ / UNID.",
Chá de Detox Hibisco Folha de Freixo Ulmeira,LIPTON,Emb. 20 SAQ.,"1,94€","0,10€ / SAQ.",
Toalhitas de Rosto com Óleo de Amêndoas Doces 25UNI,CORINE DE FARME,Emb. 25 UNID.,"1,48€","0,06€ / UNID.",
CUIDADO DO ROSTO E BARBA CURTA 50ML,CARRÉ HOMME,Emb. 0.05 LT,"2,99€","59,80€ / LT",
Perca Congelada,,1 Unid. = 1.7 KG (aprox.),"8,99€/kg","15,28€ / Unid.",
Champô Cabelo Ultra Suave Louros Camomila,GARNIER,Emb. 0.25 LT,"3,59€","14,36€ / LT",
SACOS LIXO FECHO FACIL LAVANDA 30L,ELEMBAL,Emb. 20 UNID.,"1,09€","0,05€ / UNID.",
COMEDOURO DUPLO PEQUENO,ECO+,Emb. 1 UNID.,"0,99€","0,99€ / UNID.",
Alimento P/ Cão Snack Dental Frango,FRISKIES,Emb. 0.2 KG,"2,99€","14,95€ / KG",
Alimento Seco Cão Croquetes Carne e Cereais,ECO+,Emb. 10 KG,"11,99€","1,20€ / KG",
Conserva de Azeitona Verde Gordal,RUSTICA,Emb. 0.5 KG,"2,19€","4,38€ / KG",
PENSOS INCONTINENCIA LIGEIRA - HOMEM,CHORYS,Emb. 20 UNID.,"3,25€","0,16€ / UNID.",
Snack P/ Cão Sabor Bacon e Queijo,FRISKIES,Emb. 0.175 KG,"2,99€","17,09€ / KG",
BLOCO SANITARIO ACTIV EFFECT PINHO 2UN,SYPHON,2 0,"1,69€",inf€ /,
Gel Duche Leite de Coco,MANAVA,Emb. 0.25 LT,"1,39€","5,56€ / LT",
Caramelos de Manteiga e Nata,WERTHER'S,Emb. 0.135 KG,"2,99€","22,15€ / KG",
Lava Tudo Vinagre,CIF,Emb. 1.4 LT,"1,99€","1,42€ / LT",
Gel de Banho Excite,AXE,Emb. 0.4 LT,"3,29€","8,23€ / LT",
Champo Karpex Manual,VANISH,Emb. 0.95 LT,"5,19€","5,46€ / LT",
Destop Gel Express Odor Stop 1Litro x15,DESTOP,Emb. 1 LT,"5,99€","5,99€ / LT",
BATATA FRITA ONDULADA,ECO+,Emb. 0.2 KG,"1,09€","5,45€ / KG",
Crackers sem Sal na Superfície,GRAN PAVESI,Emb. 0.56 KG,"3,99€","7,13€ / KG",
Desentupidor Express Gel,DESTOP,Emb. 1 LT,"5,99€","5,99€ / LT",
BANZAI NOODLE CARIL CIGALA,CIGALA,Emb. 0.067 KG,"0,94€","14,03€ / KG",
ALIMENT BEBE: LEGUMES MASSA E SALMAO BIO 18M,BIO VILLAGE BEBE,Emb. 0.26 KG,"1,99€","7,65€ / KG",
Farinha Amido de Milho,MAIZENA,Emb. 0.7 KG,"4,49€","6,41€ / KG",
Alimento Seco para Gato Multicroquetes Peixe,ECO+,Emb. 2 KG,"2,99€","1,50€ / KG",
GEL LIMPEZA PURIFICANTE P/ ROSTO,INELL,Emb. 0.15 LT,"1,49€","9,93€ / LT",
Johnson's Baby Óleo Regular,JOHNSON'S BABY,Emb. 0.5 LT,"5,59€","11,18€ / LT",
Conjunto de 6 Chaves Philips,FOXTER,Emb. 6 UNID.,"10,99€","1,83€ / UNID.",
PENSOS HIGIENICOS U.FINOS NOITE C/ABAS 10UN X2,DOULYS,Emb. 20 UNID.,"2,09€","0,10€ / UNID.",
Cereais Aveia e Morango,NESTUM,Emb. 0.25 KG,"2,19€","8,76€ / KG",
Vinho Tinto do Douro,DUAS QUINTAS,Emb. 0.75 LT,"12,99€","17,32€ / LT",
FITA COLA COLORIDA 3UN,ESQUISSE,Emb. 3 UNID.,"3,49€","1,16€ / UNID.",
BOLA VOLEI PLASTICO,WOODSUN,Emb. 1 UNID.,"3,49€","3,49€ / UNID.",
Champô Ultimate Repair,GLISS,Emb. 0.25 Lt,"2,24€","8,96€ / Lt",
EMPADAO CARNE,ECO+,Emb. 1 KG,"3,49€","3,49€ / KG",
Queijo Flamengo Barra,,1 Unid. = 0.25 KG (aprox.),"7,48€/kg","1,87€ / Unid.",
Gel de Banho Rosas e Jasmim,VASELINE,Emb. 0.7 LT,"2,99€","4,27€ / LT",
"GELADO ""TYROLIA"" CAPPUCCINO",ESKISS,Emb. 0.65 LT,"1,79€","2,75€ / LT",
Maçã Starking Cal. 70/75,,1 Unid. = 0.2 KG (aprox.),"1,79€/kg","0,36€ / Unid.",
Queijo Flamengo Barra,DA FLORESTA,1 Unid. = 0.25 KG (aprox.),"6,98€/kg","1,75€ / Unid.",
Batatas fritas natas & cebola,PRINGLES,Emb. 0.175 KG,"1,99€","11,37€ / KG",
Doce de Alperce Baixo Teor de Açúcar,DOUCEUR DU VERGER,Frasco 0.34 KG,"1,39€","4,09€ / KG",
"SOBREM. SOJA BAUNILHA,,4x125G",ALPRO,Emb. 0.5 LT,"2,89€","5,78€ / LT",
IOGURTE BATIDO MORANGO,DÉLISSE,Emb. 0.5 KG,"1,19€","2,38€ / KG",
WAFFERS SABOR BAUNILHA,ECO+,Emb. 0.19 KG,"0,79€","4,16€ / KG",
Snack P/ Gato Sabor do Oceano,FELIX,Emb. 0.2 KG,"3,99€","19,95€ / KG",
Alimento Húmido P/ Gato de Frango,LYCAT,Emb. 0.08 KG,"0,75€","9,38€ / KG",
"GEL ÍNTIMO SUAVE, 250ML",CORINE DE FARME,Emb. 0.25 LT,"2,49€","9,96€ / LT",
Arroz Carolino,CIGALA,Emb. 1 KG,"1,14€","1,14€ / KG",
Chá de Ceilão,BRITLEY,Emb. 25 SAQ.,"0,89€","0,04€ / SAQ.",
Verniz de Unhas 60 Segundos 740,RIMMEL,Emb. 1 UNID.,"5,59€","5,59€ / UNID.",
Pá do Lixo com Cabo Metálico,,Emb. 1 UNID.,"1,59€","1,59€ / UNID.",
ATUM ALBACORA POSTA NATURAL,PÊCHE OCÉAN,Emb. 0.14 KG,"2,59€","18,50€ / KG",
ICED TEA LIMAO 6X20CL,FRESH TEA,,"1,05€",/ Unid.,
Bolachas Digestivas,MCVITIES,Emb. 0.4 KG,"2,29€","5,73€ / KG",
Papa Infantil,CERELAC,Emb. 1 KG,"4,99€","4,99€ / KG",
Alimento P/ Cão Adulto Pequeno P/ Controlo do Peso,PURINA,Emb. 0.8 KG,"5,72€","7,15€ / KG",
Sementes de Quinoa Biológicas,,Emb. 0.5 KG,"3,99€","7,98€ / KG",
Lombo Salmão Atlântico Bio,,Emb. 0.2 KG,"7,99€","39,95€ / KG",
Sticks Perfumados de Hortelã Marroquina e Toranja Rosa,Air Wick Botanica,Emb. 0.08 LT,"10,19€","127,38€ / LT",
Amêijoa Vietname Castanha Congelada,,1 Unid. = 0.38 KG (aprox.),"3,29€/kg","1,25€ / Unid.",
Esfregão Salva Unhas Classic,SCOTCH BRITE,Emb. 2 UNID.,"0,99€","0,50€ / UNID.",
Pastéis de Feijão,,Emb. 0.3 KG,"1,89€","6,30€ / KG",
Maionese,HELLMANN'S,Emb. 0.763 KG,"6,99€","9,16€ / KG",
ALIMENTO PARA ROLAS,ECO+,Emb. 3 KG,"3,99€","1,33€ / KG",
Iogurte Líquido Morango 6 Unid.,ACTIMEL,Emb. 0.6 KG,"2,59€","4,32€ / KG",
CHAMPO AUTO 1 L 1L TECH9,TECH9,Emb. 1 LT,"1,69€","1,69€ / LT",
Lava Tudo Sabão Natural,CLAIR,Emb. 2 LT,"0,89€","0,45€ / LT",
TARTELETES FRAMBOESA,P'TIT DÉLI,Emb. 0.15 KG,"1,09€","7,27€ / KG",
Costeletas de Novilho,,1 Unid. = 0.2 KG (aprox.),"9,99€/kg","2,00€ / Unid.",
Caramelos Werther's Original Storck SemAçúcar 90g,JERONIMO MARTINS,Emb. 0.09 KG,"2,99€","33,22€ / KG",
Café Lote Clássico Moagem Grossa,SICAL,Emb. 0.25 KG,"2,39€","9,56€ / KG",
Molho de Tomate com Legumes e Manjericão,,Emb. 0.35 KG,"1,89€","5,40€ / KG",
Chiclets de Peppermint 12 Unid.,CHICLETS,Emb. 0.017 KG,"0,99€","58,24€ / KG",
Ossos Prensados 14Cm,TOUS MES AMIS,Emb. 2 UNID.,"2,19€","1,10€ / UNID.",
Mix de Aperitivos Temperados,TOKAPI,Emb. 0.4 KG,"3,99€","9,98€ / KG",
GELADO TIRAMISU,ESKISS,Emb. 0.9 LT,"2,95€","3,28€ / LT",
Café Expresso Bar Torrado,DELTA,Emb. 1 KG,"11,99€","11,99€ / KG",
Refrigerante C/ Gás Maracujá S/ Adição de Açúcar,FANTA,Emb. 1.5 LT,"1,00€","0,67€ / LT",
TOALHITAS DESMAQ.PELE NORMAL,INELL,Emb. 25 UNID.,"0,75€","0,03€ / UNID.",
Polpa de Tomate,TURINI,Emb. 0.21 KG,"0,35€","1,67€ / KG",
Ampolas anti-rugas Q10 energy,NIVEA,Emb. 7 UNID.,"19,99€","2,86€ / UNID.",
Whisky,LABEL 5,Garrafa 1 LT,"13,49€","13,49€ / LT",
FIAMBRE PERNA EXTRA C/OURATO -25% SAL,TRADILÈGE,,"2,59€",/ Unid.,
Papel Higiénico Branco,MARQUE REPERE,Emb. 12 UNID.,"5,29€","0,44€ / UNID.",
Amaciador Cabelo Frágeis Garnier Tesouros de Mel,ULTRA SUAVE,Emb. 0.2 LT,"3,59€","17,95€ / LT",
Iogurte Mix-In Chocapic 87% Leite 2 Unid.,NESTLÉ,Emb. 0.236 KG,"2,09€","8,86€ / KG",
Queijo Meio Gordo de Lamego,PAIVA,1 Unid. = 1.2 KG (aprox.),"8,98€/kg","10,78€ / Unid.",
Sumo Florida sem Conservantes,SUNNY DELIGHT,Garrafa 1.25 LT,"1,64€","1,31€ / LT",
Cerveja com Álcool Stout Mini Preta Saca Fácil 6x20cl,SUPER BOCK,Emb. 1.2 LT,"2,99€","2,49€ / LT",
Pistola Silicone,ECO+,Emb. 1 UNID.,"2,19€","2,19€ / UNID.",
Ovos Solo XL,SNR,Emb. 6 UNID.,"1,89€","0,32€ / UNID.",
CREME HIDRATANTE BIO 50ML BIO,BIONAÏA,Emb. 0.05 LT,"2,89€","57,80€ / LT",
Camarão Cozido Cal. 60/80,,1 Unid. = 0.28 KG (aprox.),"8,99€/kg","2,52€ / Unid.",
QUEIJO GOUDA FATIADO,ECO+,Emb. 0.2 KG,"1,59€","7,95€ / KG",
Alimento Húmido para Cão Carne Vaca Massa Cenoura,ECO+,,"1,99€",/ Unid.,
Preparado Sopa Canja Galinha,KNORR,Emb. 0.068 KG,"1,49€","21,91€ / KG",
Leite C/ Chocolate Light 4 Unid.,MIMOSA,Emb. 0.8 LT,"2,19€","2,74€ / LT",
Conserva de Salsichas Frankfurt 8 Unid.,NOBRE,Lata 0.2 KG,"1,09€","5,45€ / KG",
Tampões com Aplicador Pearl Super,TAMPAX,Emb. 24 UNID.,"4,99€","0,21€ / UNID.",
Ketchup Redução de Sal e Açúcar,HEINZ,Emb. 0.55 KG,"4,29€","7,80€ / KG",
MINI RATO WIRELESS PRETO,LINKSTER,Emb. 1 UNID.,"10,90€","10,90€ / UNID.",
Centrifugadora,ELSAY,Emb. 1 UNID.,"79,90€","79,90€ / UNID.",
VELA NUMERO FUN 2,ARDENCE,Emb. 1 UNID.,"0,99€","0,99€ / UNID.",
Azeite Pet,3 CASTELOS,Garrafa 1 LT,"4,98€","4,98€ / LT",
PIZZA 4 QUEIJOS FORNO LENHA,TURINI,Emb. 0.42 KG,"2,59€","6,17€ / KG",
TIRAS FINISSIMAS BACON FUMADAS (LARDONS) 2X100G,ECO+,Emb. 2 UNID.,"1,95€","0,98€ / UNID.",
Caramelos Cobertos com Chocolate Pretos,CONFISÉO,Emb. 0.28 KG,"1,99€","7,11€ / KG",
Vinho Regional Lisboa Rosé Leve,MUNDUS,Garrafa 0.75 LT,"1,69€","2,25€ / LT",
Champô Hemp + Hydration,TRESEMMÉ,Emb. 0.4 LT,"4,79€","11,98€ / LT",
Gel de Banho Laranja e Manga,VASELINE,Emb. 0.7 LT,"2,99€","4,27€ / LT",
Vinagre Balsâmico Rosé,GALLO,Emb. 0.25 LT,"1,86€","7,44€ / LT",
Bolachas Digestive Avenacol,CUÉTARA,Emb. 0.3 KG,"2,99€","9,97€ / KG",
Vinho Regional Alentejo Tinto,MARQUÊS DE BORBA,Garrafa 0.75 LT,"5,49€","7,32€ / LT",
ACUCAR CANA CUBOS,TÉVA,Emb. 1 KG,"2,45€","2,45€ / KG",
Bolachas Wafer de Chocolate,P'TIT DÉLI,Emb. 0.15 KG,"1,19€","7,93€ / KG",
Sal Refinado Mesa,VATEL,Emb. 0.25 KG,"0,49€","1,96€ / KG",
Limpa Máquinas de Loiça,,Emb. 0.25 LT,"3,89€","15,56€ / LT",
Salteado de Frango C/ Legumes,CÔTÉ TABLE,Emb. 0.9 KG,"4,29€","4,77€ / KG",
Conserva de Ervilhas da Horta,COMPAL,Emb. 0.42 KG,"0,99€","2,36€ / KG",
Champô Cabelo Garnier Cereja e Amêndoa,ULTRA SUAVE,Emb. 0.25 LT,"3,59€","14,36€ / LT",
TIRA NODOAS EM PO MULTIUSOS ECOLOGICO,UNÍ VERT,Emb. 0.5 KG,"2,99€","5,98€ / KG",
Massa Bolonhesa,KNORR,Emb. 0.068 KG,"1,89€","27,79€ / KG",
Conserva de Salsichas Frankfurt 6 Unid.,NOBRE,Lata 0.12 KG,"0,89€","7,42€ / KG",
BATATAS FRITAS LISAS,POM'LISSE,Emb. 0.35 KG,"2,09€","5,97€ / KG",
Queijo de Vaca Curado Ilha Azul,LACTAÇORES,1 Unid. = 0.25 KG (aprox.),"7,69€/kg","1,92€ / Unid.",
SACO ASPIRADOR S201,ELSAY,Emb. 1 UNID.,"3,90€","3,90€ / UNID.",
CADERNO AGRAFADO PAUTADO C. PP A5 48F,ESQUISSE,Emb. 1 UNID.,"1,49€","1,49€ / UNID.",
Cápsulas Café Fortíssimo - Intensidade 12,PLANTATION,Emb. 10 UNID.,"1,79€","0,18€ / UNID.",
Frutas 100% Maçã e Manga S/ Glúten +6 meses 4 Unid.,NATURNES,Emb. 0.4 KG,"2,19€","5,48€ / KG",
ALIMENT BEBE: PURE MACA E BOLACHA BIO 6M,BIO VILLAGE BEBE,Emb. 0.4 KG,"2,09€","5,23€ / KG",
Pantene Superalimento Ampolas Resgate,PANTENE PV,Emb. 0.045 LT,"4,64€","103,11€ / LT",
INFUSAO A FRIO FRUTOS VERMELHOS,TISÉA,,"1,85€",/ Unid.,
MOEDAS CHOCOLATE LEITE,COPAÍNS COPINES,Emb. 0.1 KG,"1,25€","12,50€ / KG",
VELA NUMERO FUN 0,ARDENCE,Emb. 1 UNID.,"0,99€","0,99€ / UNID.",
Snack Chocolate Leite,LION,Emb. 0.042 KG,"0,99€","23,57€ / KG",
Refrigerante Mini C/ Gás Zero Cafeína Zero Açúcar Pack 12,COCA COLA ZERO,Emb. 1.8 LT,"5,64€","3,13€ / LT",
Água Mineral Natural,PENACOVA,Garrafão 5 LT,"0,99€","0,20€ / LT",
Açúcar Branco 170 Saquetas,TÉVA,Emb. 1 KG,"2,85€","2,85€ / KG",
Pensos Diários Protegeslip,AUSONIA,Emb. 20 UNID.,"1,49€","0,07€ / UNID.",
FITA ADESIVA DE PINTOR 50MX,ECO+,Emb. 2 UNID.,"2,29€","1,15€ / UNID.",
Suspiros,,Emb. 0.09 KG,"2,09€","23,22€ / KG",
DETERGENTE GEL EXPRESS - TIRA NODOAS 2EM1,EPSIL,Emb. 0.25 LT,"1,45€","5,80€ / LT",
Crepes Biológicos,,Emb. 0.2 KG,"2,55€","12,75€ / KG",
Gordura 100% Vegetal,NAT&VIE,Emb. 1 KG,"5,99€","5,99€ / KG",
VELA NUMERO - 2,ARDENCE,Emb. 1 UNID.,"0,89€","0,89€ / UNID.",
Vinho Regional Tejo Tinto,QUINTA ALORNA,Garrafa 0.75 LT,"3,49€","4,65€ / LT",
Bioten Creme para as Mãos Anti-Idade,BIOTEN,Emb. 0.1 LT,"2,13€","21,30€ / LT",
Refrigerante com Gás Laranja,SUMOL,Garrafa 1.25 LT,"1,39€","1,11€ / LT",
Atum ao Natural,BOM PETISCO,Emb. 0.12 KG,"1,39€","11,58€ / KG",
Detergente Manual Loiça Concentrado Limão,FAIRY,Emb. 0.78 LT,"2,69€","3,45€ / LT",
Palmiers Cobertos com Chocolate de Leite,P'TIT DÉLI,Emb. 0.11 KG,"1,05€","9,55€ / KG",
Infusão Chá Pêssego Bio,,Emb. 1 LT,"1,49€","1,49€ / LT",
Pensos Higiénicos Ultra Finos C/ Abas,DOULYS,Emb. 24 UNID.,"2,05€","0,09€ / UNID.",
Detergente Líquido Buquê Roxo 110 Doses,GAMA,Emb. 5.28 LT,"11,99€","2,27€ / LT",
Sidra com Álcool de Maça 10x33cl,SOMERSBY,Emb. 3.3 LT,"9,69€","2,94€ / LT",
CACAU EM PO SEM ACUCAR - PARA BEBER OU SOBREMESAS,EQUADOR,Emb. 0.25 KG,"1,89€","7,56€ / KG",
SEPARADORES CARTAO A4 6UN,ESQUISSE,Emb. 6 UNID.,"0,99€","0,17€ / UNID.",
Bebida de Aveia,SHOYCE,Emb. 1 LT,"2,09€","2,09€ / LT",
Pantene 3 Minute Miracle Liso & Sedoso,PANTENE PV,Emb. 0.2 LT,"5,49€","27,45€ / LT",
Paté de Sardinha e Cavala,PÊCHE OCÉAN,Emb. 0.065 KG,"0,69€","10,62€ / KG",
Creme de Barbear Protector,NIVEA MEN,Emb. 0.1 LT,"3,99€","39,90€ / LT",
Panela 24Cm,ECO+,Emb. 1 UNID.,"12,99€","12,99€ / UNID.",
Pantene Frizz Control & Luminosidade Máscara 160 ml,PANTENE PV,Emb. 0.16,"5,99€","37,44€ /",
Mini Snacks Gato Salmão,TOUS MES AMIS,Emb. 0.06 KG,"0,85€","14,17€ / KG",
Vinho do Porto Tawny,FERREIRA,Emb. 0.75 LT,"6,29€","8,39€ / LT",
Bebida de Soja Fonte de Cálcio,NAT&VIE,Emb. 1 LT,"1,05€","1,05€ / LT",
Bolachas Soft Bakes Frutos Vermelhos,BELVITA,Emb. 0.25 KG,"2,99€","11,96€ / KG",
Bolachas de Diet-Fibra sem Açúcar,GULLÓN,Emb. 0.25 KG,"2,49€","9,96€ / KG",
Recarga Mopa Madeiras,SWIFFER,Emb. 18 UNID.,"4,79€","0,27€ / UNID.",
CHAMPO + DUCHE TONIFICANTE PARA HOMEM,CARRÉ HOMME,Emb. 0.25 LT,"0,95€","3,80€ / LT",
Cloro de Dissolução Rápida,BEAUX JOURS,Emb. 5 KG,"39,90€","7,98€ / KG",
MAIONESE C/ MOSTARDA DE DIJON TOP DOWN,RUSTICA,Emb. 0.235 KG,"1,55€","6,60€ / KG",
Alimento Seco P/ Cão S/ Cereais Frango,BEYOND,Emb. 7 KG,"35,99€","5,14€ / KG",
REFEICAO NOODLES SABOR CARIL,TABLES DU MONDE,Emb. 0.085 KG,"0,59€","6,94€ / KG",
Purina ONE Dual Nature Sterilized Vaca,PURINA,Emb. 0.4 KG,"3,99€","9,98€ / KG",
Amaciador Surf Concentrado Jasmim E Maçã Verde 90 Doses,SURF,Emb. 1.8 LT,"3,49€","1,94€ / LT",
Vinho Branco Frisante,CASTIÇO,Garrafa 0.75 LT,"2,99€","3,99€ / LT",
AREIA COMPACTA AGLOMERANTE P/ GATO 4KG 4KG P'TIT AMI,TOUS MES AMIS,Emb. 4 KG,"2,55€","0,64€ / KG",
Alimento Húmido Gato Menu Completo em Salsa e Molho 4x100g,LYCAT,Emb. 4 KG,"1,59€","0,40€ / KG",
Champô Anti-Caspa Linic Sem Controlo Oleosidade,LINIC,Emb. 0.225 LT,"3,34€","14,84€ / LT",
Regulador Ph Mais Sólido,BEAUX JOURS,Emb. 2 KG,"8,99€","4,50€ / KG",
GELADO 6 CHOCOLATE / 6 PISTACHIO,SMICY,Emb. 12 UNID.,"2,69€","0,22€ / UNID.",
Bolachas de Germen de Trigo e Pepitas de Chocolate,NAT&VIE,Emb. 0.2 KG,"1,69€","8,45€ / KG",
PEDACINHOS ATUM COM TOMATE 3X80G,PÊCHE OCÉAN,Emb. 0.24 KG,"1,75€","7,29€ / KG",
Cotonetes Algodão C/ Cabo Papel Ziplock,INELL,Emb. 160 UNID.,"0,79€","0,00€ / UNID.",
Iogurte de Aromas Les Zaros 16x125g,DÉLISSE,Emb. 2 KG,"2,69€","1,35€ / KG",
Manteiga Light,MATINAL,Emb. 0.25 KG,"2,39€","9,56€ / KG",
Nutella,NUTELLA,Emb. 0.2 KG,"1,99€","9,95€ / KG",
Cápsulas Café Sical,DOLCE GUSTO,Emb. 30 CAPS.,"10,49€","0,35€ / CAPS.",
BISCOITOS DE COCO,P'TIT DÉLI,Emb. 0.4 KG,"1,55€","3,88€ / KG",
Lenços Bolso 6+2 Unidades Red Label Pure,LENÇOS RENOVA,Emb. 8 UNID.,"1,89€","0,24€ / UNID.",
Pão De Forma Cerealia 100% Integral,PANRICO,Emb. 0.385 KG,"2,29€","5,95€ / KG",
Cápsulas Café Ristretto Ardenza,DOLCE GUSTO,Emb. 16 CAPS.,"5,99€","0,37€ / CAPS.",
Champô Seco Volume,TRESEMMÉ,Emb. 0.25 LT,"5,39€","21,56€ / LT",
Arroz Basmati,,Emb. 1 KG,"1,89€","1,89€ / KG",
BEBIDA AMENDOA BIO,,Emb. 1 LT,"1,99€","1,99€ / LT",
Chouriço Damatta De Carne Beirão,DAMATTA,Emb. 0.225 KG,"3,54€","15,73€ / KG",
Água com Gás Groselha 4x25 cl,FRIZE,Emb. 1 LT,"2,79€","2,79€ / LT",
CADERNO ESP CAP DUR AZ A4 PAU 100P,ESQUISSE,Emb. 1 UNID.,"3,29€","3,29€ / UNID.",
SUBLINHADORES SORTIDOS 4UN,ESQUISSE,Emb. 4 UNID.,"2,99€","0,75€ / UNID.",
Gelado Mini,TRIUM,Emb. 8 UNID.,"2,49€","0,31€ / UNID.",
STICK ESPIRAIS BOVINO 4UN,TOUS MES AMIS,Emb. 4 UNID.,"0,79€","0,20€ / UNID.",
Sumo de Legumes 100% BIO,,Emb. 1 CL,"2,09€","2,09€ / CL",
SYOSS COLOR 4-8 CASTANHO CHOCOLATE 16X3,SYOSS,,"4,99€",/ Unid.,
Ambientador Máquina Loiça Limão,FINISH,Emb. 2 UNID.,"4,99€","2,50€ / UNID.",
DETERGENTE LIQUIDO CONCENTRADO PRIMAVERA 28D,EPSIL,,"2,90€",/ Unid.,
"CANETA AZUL 0,7MM",ESQUISSE,Emb. 4 UNID.,"1,59€","0,40€ / UNID.",
DESENTUPIDOR CANOS GEL 1L,SYPHON,Emb. 1 LT,"1,39€","1,39€ / LT",
"DOSSIER A4 LOMBADA 4,5CM",ESQUISSE,Emb. 1 UNID.,"2,19€","2,19€ / UNID.",
Detergente Líquido Multisuperficies Lavanda,SONASOL,Emb. 1.3 LT,"2,09€","1,61€ / LT",
LAVA TUDO SABAO PRETO E FLOR DE LARANJEIRA,CLAIR,Emb. 1.5 LT,"1,89€","1,26€ / LT",
SORTIDO APERITIVOS TUFADOS,TOKAPI,Emb. 0.1 KG,"1,19€","11,90€ / KG",
Massa Cotovelinhos Chifferini,MILANEZA,Emb. 0.5 KG,"1,19€","2,38€ / KG",
ENVELOPE SILICONE 110X220MM 100UN,ECO+,Emb. 100 UNID.,"2,29€","0,02€ / UNID.",
Leite de Limpeza Bebé,MOTS D'ENFANTS,Emb. 0.25 UNID.,"1,49€","5,96€ / UNID.",
Aerossol Air Brisa Marinha,AMBIPUR,Emb. 0.3 LT,"3,99€","13,30€ / LT",
Vinho A.O.C. Sauternes 2014,CHANTET BLANET,Garrafa 0.75 LT,"14,49€","19,32€ / LT",
Detergente para a Máquina da Loiça,SUN,Emb. 1.575 KG,"12,34€","7,83€ / KG",
GEL BARBEAR ANTI-IRRITACAO 200ML,CARRÉ HOMME,Emb. 0.2 LT,"1,89€","9,45€ / LT",
CREME PROTESES,DENTAMYL,Emb. 0.05 KG,"3,85€","77,00€ / KG",
CERA LIQUIDA INCOLOR 75ML,LA VACHETTE,Emb. 0.075 LT,"2,15€","28,67€ / LT",
Aclarador de Cabelo Gradual Casting Sunkiss Jelly Castanho Claro 1,L'ORÉAL PARIS,Emb. 1 UNID.,"11,99€","11,99€ / UNID.",
Fraldas Cueca Maxi G,LINDOR,Emb. 14 UNID.,"21,27€","1,52€ / UNID.",
Conserva de Salsichas Frankfurt 6 Unid.,IZIDORO,Lata 0.12 KG,"0,83€","6,92€ / KG",
Óleo Intense 6-80 Louro Avelã,SYOSS,,"6,24€",/ Unid.,
Vinho Verde Branco,MURALHAS,Garrafa 0.75 LT,"4,59€","6,12€ / LT",
Bloco de Foie Gras de Pato,PIERRE DE CHAUMEYRAC,Lata 0.2 KG,"6,79€","33,95€ / KG",
Snack Chocolate Leite,LION,Emb. 3 UNID.,"2,19€","0,73€ / UNID.",
CONE NATA CHOCOLATE 6UN,SMICY,Emb. 0.12 LT,"1,69€","14,08€ / LT",
Deo Creme Hidra Essencial 0% Álcool,VASELINE,Emb. 0.05 LT,"2,84€","56,80€ / LT",
Queijo Amanteigado de Lamego,PAIVA,1 Unid. = 0.7 KG (aprox.),"8,98€/kg","6,29€ / Unid.",
Chá Verde de Pêssego Branco,LIPTON,Emb. 1 LT,"1,28€","1,28€ / LT",
Alimento Seco Cão Croquete Vaca,LYDOG,Emb. 10 KG,"9,49€","0,95€ / KG",
GLISS REPARAÇÃO PONTAS ESPIGADAS,GLISS,Emb. 0.05 LT,"3,79€","75,80€ / LT",
PIZZA ROYALE MOELLEUSE,TURINI,Emb. 0.6 KG,"2,99€","4,98€ / KG",
PORTFOLIO A4 60 BOLSAS ECO+,ECO+,Emb. 1 UNID.,"2,49€","2,49€ / UNID.",
BOLACHAS PEQUENO ALMOCO MEL E PEPITAS CHOCO,P'TIT DÉLI,Emb. 0.4 KG,"1,88€","4,70€ / KG",
COGUMELOS DE PARIS LAMINADOS BIO,,Emb. 0.6 KG,"2,65€","4,42€ / KG",
AMENDOINS S/ SAL TORRADOS,TOKAPI,Emb. 0.2 KG,"0,85€","4,25€ / KG",
Café Cápsulas Saboroso Intensidade 9,PLANTATION,Emb. 16 CAPS.,"2,59€","0,16€ / CAPS.",
Bacalhau Lombo,,Emb. 0.7 KG,"12,99€","18,56€ / KG",
Bolachas Recheadas Mini,OREO,Emb. 0.16 KG,"1,99€","12,44€ / KG",
Massa Espirais Semi-Integrais Biológica,,Emb. 0.5 KG,"1,29€","2,58€ / KG",
REFRIGERANTE S/GAS TROPICAL,JAFUN,Emb. 10,"3,49€","0,35€ /",
Queijo Barra Flamengo,PRIMOR,1 Unid. = 0.15 KG (aprox.),"8,98€/kg","1,35€ / Unid.",
"GEL HIGIENE ÍNTIMA FRESH, 250ML",CORINE DE FARME,Emb. 0.25 LT,"2,99€","11,96€ / LT",
Vinho Verde Branco,COMP DO VINHO,Garrafa 0.75 LT,"2,19€","2,92€ / LT",
Luvas para Uso Doméstico Tamanho S,RENOVA LUVAS,Emb. 1 UNID.,"1,09€","1,09€ / UNID.",
Barrinhas Periquito sabor Mel,TOUS MES AMIS,Emb. 0.06 KG,"1,69€","28,17€ / KG",
Creme Pentear Karité Côco,NATEIS,Emb. 0.3 LT,"2,69€","8,97€ / LT",
Fatias Finas Fiambre Peito de Peru Original,NOBRE,Emb. 0.11 KG,"2,14€","19,45€ / KG",
Fraldas Incontinência Máxima G,LINDOR,Emb. 20 UNID.,"13,74€","0,69€ / UNID.",
MINI SUBLINHADORES 4UN,ESQUISSE,Emb. 4 UNID.,"2,59€","0,65€ / UNID.",
Couve Lombarda,,1 Unid. = 1.2 KG (aprox.),"1,19€/kg","1,43€ / Unid.",
Queijo Fundido 10 Fatias,,Emb. 0.2 KG,"1,09€","5,45€ / KG",
Creme de Banho Care,NIVEA,Emb. 0.75 LT,"3,49€","4,65€ / LT",
Atum Posta Caril,BOM PETISCO,Emb. 0.12 KG,"1,56€","13,00€ / KG",
COLORACAO VEGETAL LOURO ESCURO BIO,BIONAÏA,Emb. 1 UNID.,"6,99€","6,99€ / UNID.",
BOUIL.DESHYDRATE,RUSTICA,Emb. 0.12 KG,"0,79€","6,58€ / KG",
ESCOVA DENTES MEDIA,DENTAMYL,Emb. 4 UNID.,"1,29€","0,32€ / UNID.",
Caldo Galinha 6 Cubos,MAGGI,Emb. 0.06 KG,"0,89€","14,83€ / KG",
SEMENTES DE GIRASSOL,ECO+,Emb. 2.5 KG,"6,99€","2,80€ / KG",
Saco Congelação Grande,ELEMBAL,Emb. 25 UNID.,"0,88€","0,04€ / UNID.",
MASCARA REPARADORA 300ML,VITANOVE,Emb. 0.3 LT,"2,39€","7,97€ / LT",
CUSCUZ MEDIO,COMPTOÍR DU GRAIN,Emb. 0.5 KG,"1,09€","2,18€ / KG",
Bolachas com Recheio Aroma a Framboesa,P'TIT DÉLI,Emb. 0.15 KG,"1,19€","7,93€ / KG",
CHA PRETO CEILAO BIO,,Emb. 20 UNID.,"1,79€","0,09€ / UNID.",
FEIJOCAS FERBAR 580G,FERBAR,Emb. 0.58 KG,"1,56€","2,69€ / KG",
Iogurte Original Natural Açucarado 2x135G,DANONE,Emb. 0.27 LT,"1,69€","6,26€ / LT",
Água sem Gás,FASTIO,Garrafa 6 LT,"1,89€","0,32€ / LT",
Alimento Seco P/ Gato Adulto C/ Digestão Sensível,PURINA ONE,Emb. 0.8 KG,"6,99€","8,74€ / KG",
FLOCOS SABAO MARSELHA ECO,UNÍ VERT,,"5,39€",/ Unid.,
Escova Dentes Extra Interdental Média,AQUAFRESH,Emb. 1 UNID.,"3,19€","3,19€ / UNID.",
Vinho Regional Minho Branco,TORRE MENAGEM,Garrafa 0.75 LT,"4,49€","5,99€ / LT",
Desodorizante Roll-On Narta Invisível 48H,GARNIER,Emb. 0.05 LT,"3,99€","79,80€ / LT",
Batatas Fritas Crocantes Onduladas,POM'LISSE,Emb. 0.15 KG,"1,25€","8,33€ / KG",
Drageias Chocolate Tubo Tripack,PINTAROLAS,Emb. 0.066 KG,"1,39€","21,06€ / KG",
Vinho Regional Alentejo Branco,MONSARAZ,Garrafa 0.75 LT,"3,99€","5,32€ / LT",
Rolo de Cozinha Máxima Absorção 8+4 Unid.,RENOVA,Emb. 1 P,"6,25€","6,25€ / P",
COLD INFUSÃO MENTA LIMA,LIPTON,Emb. 0.034 KG,"3,28€","96,47€ / KG",
Fraldas Bebé Extra Absorção Activity Tamanho 5,DODOT,Emb. 48 LT,"13,29€","0,28€ / LT",
Pão De Forma Sem Côdea Familiar,PANRICO,Emb. 0.65 KG,"2,99€","4,60€ / KG",
Ambientador Recarga Freshmatic White Bouquet,AIR WICK,Emb. 2 UNID.,"7,09€","3,55€ / UNID.",
Iogurte Mix-in Smarties 73% Leite Morango 2 Unid.,NESTLÉ,Emb. 0.256 KG,"2,09€","8,16€ / KG",
Ice tea Manga 2x2lt,LIPTON,Emb. 4 LT,"4,99€","1,25€ / LT",
Alho Seco,,1 Unid. = 0.1 KG (aprox.),"5,39€/kg","0,54€ / Unid.",
Pantene Repara & Protege Champô,,Emb. 0.1 LT,"9,99€","99,90€ / LT",
Verniz de Unhas 60 Segundos 430,RIMMEL,Emb. 1 UNID.,"5,59€","5,59€ / UNID.",
Whisky Fin Blen,WILLIAM LAWSON'S,Garrafa 0.7 LT,"14,79€","21,13€ / LT",
Conserva de Cogumelos Inteiros,,Emb. 0.23 KG,"1,25€","5,43€ / KG",
Recarga para Difusor Elétrico 3 Volution Ar Fresco,AMBIPUR,Emb. 1 UNID.,"6,99€","6,99€ / UNID.",
Conserva de Feijão Manteiga,NOTRE JARDIN,Lata 0.85 KG,"0,99€","1,16€ / KG",
Vinho Regional Douro Branco,PORCA DE MURÇA,Garrafa 0.75 LT,"4,79€","6,39€ / LT",
Douradinhos 30 Unid. Ultracongelado,CAPITÃO IGLO,Emb. 0.84 KG,"7,49€","8,92€ / KG",
Fiambre à italiana Fatias,TRADILÈGE,Emb. 0.12 KG,"1,99€","16,58€ / KG",
Pantene Creme de Pentear Sem Enxaguar Caracóis 270ml,PANTENE PV,Emb. 0.27 LT,"4,49€","16,63€ / LT",
Sumo Multifrutos 100% Puro,JAFADEN,Emb. 1 LT,"1,49€","1,49€ / LT",
COLORACAO CASTANHO CLARO 5.0 S/AMONIACO,VITANOVE,Emb. 1 UNID.,"3,89€","3,89€ / UNID.",
Detergente Manual Loiça Ultra,FAIRY,Emb. 0.48 LT,"2,15€","4,48€ / LT",
TORTAS DE ANIS - 12UN,P'TIT DÉLI,Emb. 0.4 KG,"1,99€","4,98€ / KG",
Dove Go Fresh Gel de Banho Chá Verde,DOVE,Emb. 0.75 LT,"4,19€","5,59€ / LT",
QUEIJO FRESCO CLASSICO,QUEIJO NA TÁBUA,Emb. 0.125 KG,"1,19€","9,52€ / KG",
Pensos para calos,HANSAPLAST,Emb. 8 UNID.,"3,59€","0,45€ / UNID.",
Couve Flor Congelada,NOTRE JARDIN,Emb. 1 KG,"1,85€","1,85€ / KG",
Sabonete líquido para as mãos,DOVE,Emb. 0.5 LT,"2,49€","4,98€ / LT",
Mini Gelados Baunilha C/ Drageias,SMICY,Emb. 6 UNID.,"2,99€","0,50€ / UNID.",
Amendoim C/ Casca Torrado,MARQUE REPERE,Emb. 1 KG,"3,89€","3,89€ / KG",
OIKOS PESSEGO 110G X4,OIKOS,Emb. 0.44 KG,"2,39€","5,43€ / KG",
Batatas P/ Cozer,,Emb. 3 KG,"3,39€","1,13€ / KG",
CANELA EM PO SAQUETA,RUSTICA,Emb. 0.08 KG,"0,95€","11,88€ / KG",
Vinho Tinto,LAGAR DAS PIAS,Bag in Box 5 LT,"7,99€","1,60€ / LT",
Água S/ Gás Mineral Natural,,Garrafão 6 LT,"1,10€","0,18€ / LT",
Iogurte Cereais e Baunilha 4 Unid.,IOGOLINO,Emb. 0.4 KG,"2,89€","7,23€ / KG",
Bolachas de Cacau Recheadas com Creme Baunilha,OREO,Emb. 0.154 KG,"1,49€","9,68€ / KG",
Bifidus Actifidus Muesli 4x124g,DÉLISSE,Emb. 0.5 KG,"1,19€","2,38€ / KG",
Galetes Arroz Cobertas de Chocolate Biológicas,,Emb. 0.09 KG,"1,35€","15,00€ / KG",
Muesli,ALPEN,Emb. 0.55 KG,"4,04€","7,35€ / KG",
FEIJOCA EXTRA FINA,NOTRE JARDIN,Emb. 0.4 KG,"0,95€","2,38€ / KG",
Queijo Mozzarella,ECO+,Emb. 0.125 KG,"0,85€","6,80€ / KG",
Bolachas Amanteigadas,P'TIT DÉLI,Emb. 0.2 KG,"1,39€","6,95€ / KG",
Tábua Engomar Caldeira,VILEDA,Emb. 1 UNID.,"49,99€","49,99€ / UNID.",
Conjunto de 2 Colas Cyano Acrylate,ECO+,Emb. 2 UNID.,"1,49€","0,75€ / UNID.",
Barrinhas P/ Canários sabor a Mel,TOUS MES AMIS,Emb. 0.06 KG,"1,69€","28,17€ / KG",
Recarga Sabonete Líquido Leite/Mel,MANAVA,Emb. 0.25 LT,"0,69€","2,76€ / LT",
APERITIVOS SORTIDOS,TOKAPI,Emb. 0.1 KG,"1,19€","11,90€ / KG",
Detergente Manual Loiça Limão,SUPER POP,Emb. 0.7 LT,"1,49€","2,13€ / LT",
Arroz Agulha,CIGALA,Emb. 1 KG,"1,24€","1,24€ / KG",
Anti-Mosquitos Elétrico Líquido 30 Noites,RAID,Emb. 0.021 LT,"6,29€","299,52€ / LT",
Sobremesa Creme de Baunilha 4X125g,DÉLISSE,Emb. 0.5 KG,"1,49€","2,98€ / KG",
IOGURTE GREGO CAFE 4X150G,DÉLISSE,Emb. 0.6 KG,"1,89€","3,15€ / KG",
Água sem Gás 6x50cl,LUSO,Emb. 3 LT,"2,74€","0,91€ / LT",
Cápsulas Café Ristretto Napoli Style Intensidade 13,DOLCE GUSTO,Emb. 30 CAPS.,"10,49€","0,35€ / CAPS.",
PURE MACA/MIRTILO/BANANA SEM ADICAO ACUCAR BISNAGA,DOUCEUR DU VERGER,Emb. 0.48 KG,"2,79€","5,81€ / KG",
Elixir Cool Mint,SENSODYNE,Emb. 0.5 LT,"5,99€","11,98€ / LT",
Alho em Pó,RUSTICA,Frasco 0.038 KG,"0,69€","18,16€ / KG",
Vinho Regional Bairrada Tinto,S. DOMINGOS,Garrafa 0.75 LT,"3,99€","5,32€ / LT",
Vinho do Porto Especial Reserva,DORRÃO,Emb. 0.75 LT,"7,99€","10,65€ / LT",
Tablete de Chocolate Cereais Crocantes 4x100g,ECO+,Emb. 0.4 KG,"2,15€","5,38€ / KG",
Cream Cracker Pimenta Preta,VIEIRA,Emb. 0.2 KG,"1,49€","7,45€ / KG",
Massa Entrefina,TURINI,Emb. 0.5 KG,"0,89€","1,78€ / KG",
Bolachas com Cobertura de Chocolate de Leite,,Emb. 0.2 KG,"1,79€","8,95€ / KG",
CHOCOLATE CULINARIA PRALINE,TABLETTE D'OR,Emb. 0.2 KG,"1,99€","9,95€ / KG",
Sumo de Laranja e Manga,JOI,Garrafa 1.5 LT,"1,04€","0,69€ / LT",
Champô Total Repair 5,ELVIVE,Emb. 0.25 LT,"3,99€","15,96€ / LT",
Brownies de Chocolate de Leite,MILKA,Emb. 0.15 KG,"2,49€","16,60€ / KG",
Gel de Banho para Corpo e Cabelo,DOVE,Emb. 0.4 LT,"3,29€","8,23€ / LT",
Abrasivo Sanitário Active Fresh Pinho,HARPIC,Emb. 0.75 LT,"1,94€","2,59€ / LT",
Vinho do Porto Velhotes Tawny,CALEM,Garrafa 0.75 LT,"4,99€","6,65€ / LT",
Cereais Granola de Aveia Mel,NESTLÉ,Emb. 0.3 KG,"2,79€","9,30€ / KG",
Alimento Húmido P/ Gato Fórmula Indoor Atum e Vitela Pack 4,PURINA ONE,4 G,"3,49€","0,87€ / G",
Uva Branca,,1 Unid. = 0.25 KG (aprox.),"2,29€/kg","0,57€ / Unid.",
Ambientador Máquina Loiça,FINISH,Emb. 1 UNID.,"3,24€","3,24€ / UNID.",
COMEDOURO DUPLO GRANDE,ECO+,Emb. 1 UNID.,"1,40€","1,40€ / UNID.",
Fralda Cueca T4 8/15 Kg,MOTS D'ENFANTS,Emb. 22 UNID.,"3,99€","0,18€ / UNID.",
Ice Tea Double Maracujá e Manga,LIPTON,Garrafa 2 LT,"2,49€","1,25€ / LT",
GEL FIX EXTREME VITANOVE 250ML,VITANOVE,Emb. 0.25 LT,"1,69€","6,76€ / LT",
CHAMPO CABELOS GRISALHOS OU BRANCOS,NATEIS,Emb. 0.25 LT,"1,99€","7,96€ / LT",
Amaciador Roupa Concentrado Intense Care Protect,COMFORT,Emb. 60 DOSES,"3,99€","0,07€ / DOSES",
Massa Cotovelinhos,ECO+,Emb. 1 KG,"1,29€","1,29€ / KG",
"PULVERIZADOR MANUAL 1,5L",BEAUX JOURS,Emb. 1 UNID.,"2,99€","2,99€ / UNID.",
Vinho Tinto,PARCELA DE PIAS,Bag in Box 5 LT,"5,96€","1,19€ / LT",
LIMPA VIDROS C/ PISTOLA,CLAIR,Emb. 0.75 LT,"0,79€","1,05€ / LT",
Vinho Rosé,ECO+,Garrafão 5 LT,"5,69€","1,14€ / LT",
Carapau Pequeno Congelado,,1 Unid. = 0.12 KG (aprox.),"3,99€/kg","0,48€ / Unid.",
Iogurte Líquido Pinacolada 6 Unid.,MIMOSA,Emb. 0.936 LT,"2,09€","2,23€ / LT",
Escova de Dentes Criança Unicórnio Luminoso,PETIT DENTAMYL,Emb. 1 UNID.,"2,49€","2,49€ / UNID.",
OVOS FRESCOS L/M/S BIO,,Emb. 6 UNID.,"2,29€","0,38€ / UNID.",
Chá Cherry Love,LIPTON,Emb. 20 SAQS,"1,94€","0,10€ / SAQS",
Tomate Cacho,,1 Unid. = 0.2 KG (aprox.),"1,99€/kg","0,40€ / Unid.",
"CABO USB/COMPATIVEL LIGHTNING 1,2M BRANCO",LINKSTER,Emb. 1 UNID.,"11,90€","11,90€ / UNID.",
Alimento Seco P/ Gato C/ Carne de Vaca,PURINA,Emb. 3 KG,"22,99€","7,66€ / KG",
Area Absorvente Optimale,TOUS MES AMIS,Emb. 5 LT,"5,99€","1,20€ / LT",
Cereais de Milho S/ Glúten C/ Chocolate Corn Flakes,NESTLÉ,Emb. 0.375 KG,"2,24€","5,97€ / KG",
XAU LIMPA MAQ EXPRESS,XAU,Emb. 0.25 LT,"4,99€","19,96€ / LT",
CREME DE MAOS REPARADOR 100ML,INELL,Emb. 0.1 LT,"1,30€","13,00€ / LT",
OIKOS MANGA-PAPAIA,OIKOS,Emb. 0.44 KG,"2,39€","5,43€ / KG",
Feijoada Transmontana,NOBRE,Lata 0.42 KG,"1,76€","4,19€ / KG",
Cerveja sem Álcool 6x33cl,SUPER BOCK,Emb. 1.98 LT,"4,49€","2,27€ / LT",
Vinho Regional Alentejano Tinto,DOM MARTINHO,Garrafa 0.75 LT,"5,99€","7,99€ / LT",
GELATINA MANGA LARANJA LIGHT CONDI 2X15G,CONDI,Emb. 0.3 KG,"1,89€","6,30€ / KG",
Azeite Virgem Extra Colheita Madura,GALLO,Emb. 0.5 LT,"4,99€","9,98€ / LT",
Néctar Vital Frutos Vermelhos,COMPAL,Emb. 1 LT,"1,69€","1,69€ / LT",
SACOS LIXO ALCAS 30L,ELEMBAL,Emb. 20 UNID.,"1,25€","0,06€ / UNID.",
2 Lombos de Salmão,,Emb. 0.25 KG,"9,99€","39,96€ / KG",
Gelado Clássico Pack 6,CORNETTO,Emb. 0.54 LT,"4,99€","9,24€ / LT",
Detergente Máquina Roupa Líquido Lãs e Sedas,WOOLITE,Emb. 25 DOSES,"3,49€","0,14€ / DOSES",
CAPA PLASTICA C/ELASTICO A4 3UN,ESQUISSE,Emb. 3 UNID.,"2,99€","1,00€ / UNID.",
Pão Especial Multicereais,EPI D'OR,Emb. 0.5 KG,"1,39€","2,78€ / KG",
Escova de Bambu Suave,COLGATE,Emb. 1 UNID.,"2,99€","2,99€ / UNID.",
Massa Tagliatelle,TURINI,Emb. 0.5 KG,"1,29€","2,58€ / KG",
AMACIADOR CONCENTRADO SPA 72 DOSES,HYPERDOU,Emb. 2 LT,"1,75€","0,88€ / LT",
TESOURA ROSA C/PROTECAO 13CM,ESQUISSE,Emb. 1 UNID.,"1,59€","1,59€ / UNID.",
Esfregão Verde Clássico Cuide das suas Mãos,SCOTCH BRITE,Emb. 2 UNID.,"2,04€","1,02€ / UNID.",
Sobremesa Gelado Mini Chocolate e Caramelo 6x60ml,MAGNUM,Emb. 0.36 LT,"5,99€","16,64€ / LT",
Loção Corporal Derma Spa Summer Revived,DOVE,Emb. 0.2 LT,"3,99€","19,95€ / LT",
Leite Bem Essencial UHT Gordo,MIMOSA,Emb. 1 LT,"1,14€","1,14€ / LT",
Patê de Sardinha e Cavala,PÊCHE OCÉAN,Emb. 0.088 KG,"1,19€","13,52€ / KG",
Misto de Patés 4x22g,PÊCHE OCÉAN,Emb. 0.088 KG,"1,19€","13,52€ / KG",
Wafers de Chocolate,TRIUNFO,Emb. 0.146 KG,"1,49€","10,21€ / KG",
Pizza de Fiambre Queijo,CAMPOFRIO,Emb. 0.36 KG,"3,39€","9,42€ / KG",
Laca Fixação Forte 2,VITANOVE,Spray 0.075 LT,"1,05€","14,00€ / LT",
SECADOR CABELO 2000W,ELSAY,Emb. 1 UNID.,"12,90€","12,90€ / UNID.",
Chá Menta,TETLEY,Emb. 10 SAQ.,"0,86€","0,09€ / SAQ.",
Detergente Máquina Roupa Cápsulas Regular,A+,Emb. 38 DOSES,"8,48€","0,22€ / DOSES",
Espanador Pack,PRONTO,Emb. 1 P,"4,29€","4,29€ / P",
Gel Casa de Banho Limpeza Brilhante,CIF,Emb. 0.75 LT,"1,39€","1,85€ / LT",
GUACAMOLE M.REPERE,TABLES DU MONDE,Emb. 0.3,"1,99€","6,63€ /",
Tablete de Chocolate de Leite para Culinária,TABLETTE D'OR,Emb. 0.17 KG,"1,45€","8,53€ / KG",
Papa Infantil P/ Preparar C/ Leite,CERELAC,Emb. 0.25 KG,"1,49€","5,96€ / KG",
FITA METRICA 5M FOXTER,FOXTER,Emb. 1 UNID.,"4,99€","4,99€ / UNID.",
Atum em Tomate Biológico,BOM PETISCO,Emb. 0.12 KG,"1,67€","13,92€ / KG",
Cillit Bang Casa de Banho 500ML x12,CILLIT BANG,Emb. 0.5 LT,"2,24€","4,48€ / LT",
Massa Cotovelos Clássica,NACIONAL,Emb. 0.5 KG,"1,59€","3,18€ / KG",
Tartelettes Cobertas Pessêgo,ECO+,Emb. 0.2 KG,"0,79€","3,95€ / KG",
Snacks Bugles 3D,3D'S BUGLES,Emb. 0.085 KG,"1,65€","19,41€ / KG",
Bacalhau Crescido Asa Preta,,1 Unid. = 1.6 KG,"10,99€/kg","17,58€ / Unid.",
Chouriço da Beira Baixa,SNR,Emb. 0.2 KG,"2,40€","12,00€ / KG",
Detergente Manual Roupa,OMO,Emb. 0.54 KG,"2,49€","4,61€ / KG",
Refeição Legumes Com Vitela,BLÉDINA,Frasco 0.2 KG,"2,09€","10,45€ / KG",
Creme de Mãos Óleo de Côco,DOVE,Emb. 0.075 LT,"2,59€","34,53€ / LT",
Iogurte Bifidus Aveia e Nozes 4 Unid.,DANONE,Emb. 0.48 KG,"2,19€","4,56€ / KG",
Chouriço Picante,,Emb. 0.25 KG,"1,95€","7,80€ / KG",
Body Milk Repara & Cuida 72h Pele Extra Seca,NIVEA,Emb. 0.25 LT,"6,59€","26,36€ / LT",
Alimento Húmido para Cão Patê Aves,ECO+,Emb. 0.3 KG,"0,55€","1,83€ / KG",
Polpa de Tomate Cebola e Alho,GULOSO,Emb. 0.5 KG,"2,09€","4,18€ / KG",
Vinho Branco Frisante,MONTARRO,Garrafa 0.75 LT,"1,79€","2,39€ / LT",
VINHO DÃO CASA DE SANTAR RESERVA TINTO 75,CASA DE SANTAR,,"14,99€",/ Unid.,
Conserva de Feijão Frade Cozido,NOTRE JARDIN,Lata 0.85 KG,"0,99€","1,16€ / KG",
"ALIMENT BEBE: IOGURTE CREMOSO AMENDOA, MACA, PESSEGO E ALPERCE BIO 6M",BIO VILLAGE BEBE,,"3,99€",/ Unid.,
CANETA ROLLER PONTA MEDIA VARIAS CORES,ESQUISSE,Emb. 3 UNID.,"1,99€","0,66€ / UNID.",
Papel Higiénico 2 Folhas Original,SCOTTEX,Emb. 32 ROLOS,"9,99€","0,31€ / ROLOS",
PATE DE COELHO C/ MOSTARDA,CÔTÉ TABLE,Emb. 0.18 KG,"1,59€","8,83€ / KG",
Naco de Bacon Extra,PRIMOR,Emb. 0.2 KG,"3,29€","16,45€ / KG",
ATUM EM OLEO GIRASSOL REDONDO,PÊCHE OCÉAN,Emb. 0.085 KG,"0,69€","8,12€ / KG",
Xau Limpa Máquinas Limão 2Packx12,XAU,,"6,99€",/ Unid.,
Vinho Regional Alentejo Tinto,ENCOSTA DAS PERDIZES,Garrafa 0.75 LT,"2,29€","3,05€ / LT",
SACO CONGELACAO MEDIO 22X35,ELEMBAL,Emb. 50 UNID.,"1,19€","0,02€ / UNID.",
Caldo de Peixe,KNORR,Emb. 8 CUBOS,"1,39€","0,17€ / CUBOS",
Vinho Branco JP,BACALHÔA,Garrafa 0.75 LT,"2,19€","2,92€ / LT",
Creme Limpeza Lixívia e Micro-Cristais,CIF,Emb. 0.7 LT,"2,49€","3,56€ / LT",
Bolachas Cookies Original Chocolate,CHIPS AHOY,Emb. 0.3 KG,"3,29€","10,97€ / KG",
Queijo de Cabra Curado Extra,QUINTA DO OLIVAL,1 Unid. = 0.91 KG (aprox.),"15,98€/kg","14,54€ / Unid.",
BLOCO SANITARIO ACTIV EFFECT MARINHO 3UN,SYPHON,Emb. 3 UNID.,"1,29€","0,43€ / UNID.",
Cera Depilatória a base de Açúcar,VEET,Emb. 0.025 LT,"5,94€","237,60€ / LT",
Cerveja com Álcool Mini 30x25cl,SAGRES,Emb. 7.5 LT,"12,69€","1,69€ / LT",
Escova a Pilhas Motion Kids Minion Bateria,COLGATE,Emb. 1 UNID.,"9,49€","9,49€ / UNID.",
Concentrado de Morango,FRUCCI,Garrafa 0.75 LT,"3,99€","5,32€ / LT",
Pensos Higiénicos Salvaslips Fresh em Bolsas,EVAX,Emb. 40 UNID.,"2,39€","0,06€ / UNID.",
Body Milk Nutritivo Pele Seca,NIVEA,Emb. 0.4 LT,"4,99€","12,48€ / LT",
Pantene Anticaspa Champô,PANTENE PV,Emb. 0.25 LT,"3,99€","15,96€ / LT",
Champô Anti-Caspa Men Limpeza Profunda,LINIC,Emb. 0.36 LT,"4,94€","13,72€ / LT",
Shampoo Fortificante Arginina e Proteína,ELVIVE,Emb. 0.25 LT,"3,99€","15,96€ / LT",
Desodorizante Invisible Aqua Woman Desodorizante Spray,REXONA,Emb. 0.15 LT,"2,54€","16,93€ / LT",
FIAMBRE CORRENTE FATIADO,ECO+,Emb. 0.2 KG,"1,19€","5,95€ / KG",
SPRAY LIMPEZA OPTICAS,CLAIR,Emb. 0.02 LT,"1,99€","99,50€ / LT",
Iogurte Grego Natural,YAOS,Emb. 0.45 KG,"1,99€","4,42€ / KG",
Batom Corretivo 002,RIMMEL,Emb. 1 UNID.,"8,49€","8,49€ / UNID.",
Preservativo Ultrafeel,CONTROL,Emb. 10 UNID.,"6,99€","0,70€ / UNID.",
FUSILLI A CARBONARA,COTE SNACK,Emb. 0.3 KG,"2,29€","7,63€ / KG",
GELADO CHOCOLATE,ECO+,Emb. 1 LT,"1,69€","1,69€ / LT",
Doce de Morango Baixo Teor de Açúcar,DOUCEUR DU VERGER,Frasco 0.34 KG,"1,25€","3,68€ / KG",
PAPEL HIGIENICO 2F COMPACTO 4=12 ECO,UNÍ VERT,,"2,99€",/ Unid.,
BOLA FUTEBOL T5,WOODSUN,Emb. 1 UNID.,"5,99€","5,99€ / UNID.",
Desodorizante Roll-On Cotton Dry 48H,REXONA,Emb. 0.05 LT,"2,69€","53,80€ / LT",
Detergente para a Maquina da Roupa Active Fresh,SKIP,Emb. 1.458 KG,"14,99€","10,28€ / KG",
Alimento Seco P/ Cão Frango,FRISKIES,Emb. 1.5 KG,"4,84€","3,23€ / KG",
Chiclets Spearmint 12 Unid.,CHICLETS,Emb. 0.017 KG,"0,99€","58,24€ / KG",
Forquilha Mão 3 Dentes,BEAUX JOURS,Emb. 1 UNID.,"3,99€","3,99€ / UNID.",
Espuma Cabelo Styling Flexible Curls,NIVEA,Emb. 0.15 LT,"4,19€","27,93€ / LT",
"Gel de Banho Rosto, Corpo e Cabelo 3 em 1 Pure Game",ADIDAS,Emb. 0.4 LT,"2,49€","6,23€ / LT",
Café Torrado Moído Nyeri Kenya Intensidade 8,SICAL,Emb. 16 UNID.,"4,09€","0,26€ / UNID.",
Gel Barbear Protect e Care,NIVEA MEN,Emb. 0.2 LT,"4,39€","21,95€ / LT",
Bebida de Soja Baunilha,NAT&VIE,Emb. 1 LT,"1,29€","1,29€ / LT",
Azeite extra virgem bio suave,GALLO,Emb. 0.75,"4,99€","6,65€ /",
MOUSSE AVES E PORCO BIO P/ CAO 400G,PLENIMA,Emb. 0.4 KG,"1,85€","4,63€ / KG",
Cereais Choco Flakes,CUÉTARA,Emb. 0.5 KG,"2,99€","5,98€ / KG",
GRAO DE BICO SACO,NOTRE JARDIN,Emb. 1 KG,"1,89€","1,89€ / KG",
Iogurte Líquido Corpos Piña Colada 4x155g,DANONE,Emb. 0.62 KG,"1,69€","2,73€ / KG",
Dove Silk Glow Gel de Banho,DOVE,Emb. 0.75 LT,"4,19€","5,59€ / LT",
Leite Achocolatado 4x200ml,AGROS,Emb. 0.8 LT,"1,43€","1,79€ / LT",
Iogurte Bifidus Cremoso Cocktail de Frutas 0% 4 Unid.,DANONE,Emb. 0.48 KG,"1,99€","4,15€ / KG",
Queijo Fatiado Light -50% Gordura,TERRA NOSTRA,Emb. 0.2 KG,"2,28€","11,40€ / KG",
Bebida de Amêndoa 0%,SHOYCE,Emb. 1 LT,"2,19€","2,19€ / LT",
Bebida Energética Energy,MONSTER ENERGY,Emb. 0.5 LT,"1,20€","2,40€ / LT",
Azeite Pet,OLIVEIRA DA SERRA,Emb. 0.75 LT,"3,24€","4,32€ / LT",
VELA NUMERO - 7,ARDENCE,Emb. 1 UNID.,"0,89€","0,89€ / UNID.",
Snack Fruut Maçã Verde Intenso Sem Açúcar,,Emb. 0.02 KG,"0,85€","42,50€ / KG",
Amaciador Roupa Sunfresh,COMFORT,Emb. 4 LT,"4,49€","1,12€ / LT",
Conserva de Salsichas Aves 5 Unid.,IZIDORO,Frasco 0.25 KG,"1,59€","6,36€ / KG",
Saint-Emilion A.O.C. 2015,CHANTET BLANET,Garrafa 0.75 LT,"8,99€","11,99€ / LT",
Batatas Fritas no Forno Receita Camponesa,LAY'S,Emb. 0.13 KG,"2,19€","16,85€ / KG",
GOMAS FIOS,COPAÍNS COPINES,Emb. 0.2 KG,"1,35€","6,75€ / KG",
Sabonete Sólido Manteiga Karite,MANAVA,Emb. 2 UNID.,"1,00€","0,50€ / UNID.",
Sumo Multifrutos 6 Unid.,JAFADEN,Emb. 1200 LT,"1,65€","0,00€ / LT",
Bebida Solúvel Café e Chicória,RICORÉ,Emb. 0.26 KG,"7,79€","29,96€ / KG",
Patê de Atum,LA PIARA,Emb. 0.075 KG,"1,23€","16,40€ / KG",
Desodorizante Roll-On Men Dry Fresh,NIVEA MEN,Emb. 0.05 LT,"2,39€","47,80€ / LT",
Elixir Anti-Cáries,LISTERINE,Emb. 0.5 LT,"6,49€","12,98€ / LT",
REMOVEDOR VERNIZ SEM ACETONA,INELL,Emb. 0.15 LT,"1,19€","7,93€ / LT",
GOMAS ACIDAS COLORIDAS TUB\'S,COPAÍNS COPINES,Emb. 0.2 KG,"1,39€","6,95€ / KG",
Entrecosto de Porco,,1 Unid. = 0.5 KG (aprox.),"3,74€/kg","1,87€ / Unid.",
Farinha P/ Bolos C/ Fermento,NACIONAL,Emb. 1 KG,"1,18€","1,18€ / KG",
Pimentão Doce Colorau,MARGÃO,Emb. 0.04 KG,"1,49€","37,25€ / KG",
Galetes de Milho Biológicas,,Emb. 0.13 KG,"0,99€","7,62€ / KG",
Inhame,,1 Unid. = 0.1 KG (aprox.),"4,49€/kg","0,45€ / Unid.",
Vinho Regional Alentejo Tinto,ADEGA DE BORBA,Garrafa 0.75 LT,"3,89€","5,19€ / LT",
Vinho Regional Alentejo Branco,GALITOS,Garrafa 0.75 LT,"2,29€","3,05€ / LT",
Sais De Fruta Digestivo Laranja,ENO,Emb. 0.15 KG,"6,89€","45,93€ / KG",
Bolachas Wafer de Chocolate,VIEIRA,Emb. 0.125 KG,"1,14€","9,12€ / KG",
PANO MICROFIBRAS COLORS XL 4 UN,VILEDA,Emb. 4 UNID.,"5,69€","1,42€ / UNID.",
Mistura Solúvel Chicoria,ECO+,Emb. 0.2 KG,"1,89€","9,45€ / KG",
Desodorizante Roll On Açaí Waterlily,DOVE,Emb. 0.05 LT,"2,69€","53,80€ / LT",
MOLHO KEBAB,RUSTICA,Emb. 0.252 KG,"1,35€","5,36€ / KG",
ARDOSIA+FELTRO+ESCOVA,ESQUISSE,Emb. 1 UNID.,"2,19€","2,19€ / UNID.",
Água sem Gás Limão,LUSO FRUTA,Garrafa 1 LT,"1,27€","1,27€ / LT",
MORTADELA MINI,CAMPO FINO,Emb. 0.35 KG,"1,99€","5,69€ / KG",
Ervilhas Extra Finas 3x140G,NOTRE JARDIN,Emb. 0.42 KG,"1,79€","4,26€ / KG",
Bolachas Cobertas de Chocolate de Leite,P'TIT DÉLI,Emb. 0.2 KG,"1,49€","7,45€ / KG",
DETERGENTE LIQUIDO ALOE VERA 40D,EPSIL,Emb. 40 DOSES,"4,35€","0,11€ / DOSES",
Maçã Granny Smith Cal. 75/80,,1 Unid. = 0.17 KG (aprox.),"2,49€/kg","0,42€ / Unid.",
Tomate Mini Alongado,,Emb. 0.25 KG,"1,59€","6,36€ / KG",
Queijo Curado Três Igrejas Mistura 2 Meses,SALOIO,1 Unid. = 0.25 KG (aprox.),"9,98€/kg","2,50€ / Unid.",
Sumo Delight California,SUNNY DELIGHT,Garrafa 1.25 LT,"1,64€","1,31€ / LT",
DETERGENTE EM PO SABAO MARSELHA P/ROUPA 50D,XÉOR,,"5,09€",/ Unid.,
RATO S/FIO SILENCIOSO BRANCO,LINKSTER,Emb. 1 UNID.,"12,90€","12,90€ / UNID.",
Maionese com Alho Top Down,CALVÉ,Emb. 0.25 KG,"2,69€","10,76€ / KG",
AFTERSHAVE BALSAMO HIDRATANTE 100ML,CARRÉ HOMME,Emb. 0.1 LT,"1,89€","18,90€ / LT",
Gelado Limão Merengue,ESKISS,Emb. 1 LT,"2,49€","2,49€ / LT",
"Carregador Isqueiro 2,4A Preto",LINKSTER,Emb. 1 UNID.,"7,99€","7,99€ / UNID.",
Café Pastilhas 100% Arabica,ECO+,Emb. 48 PAST.,"3,49€","0,07€ / PAST.",
VELA NUMERADA N 9,,Emb. 1 UNID.,"0,59€","0,59€ / UNID.",
PEITO DE FRANGO FATIAS FINAS,CAMPO FINO,Emb. 0.15 KG,"1,29€","8,60€ / KG",
Vinho Regional Douro Branco,PAPA FIGOS,Garrafa 0.75 LT,"7,49€","9,99€ / LT",
BLOCO SANITARIO AGUA AZUL 2UN,ECO+,Emb. 2 UNID.,"0,80€","0,40€ / UNID.",
DETERGENTE LIQUIDO CLASSICO 40D,EPSIL,Emb. 40 DOSES,"4,65€","0,12€ / DOSES",
Johnson's Loção para Bebé Rosto e Corpo Cotton Touch,JOHNSON'S BABY,Emb. 0.5 LT,"3,89€","7,78€ / LT",
Paté de Atum,PÊCHE OCÉAN,Emb. 0.065 KG,"0,69€","10,62€ / KG",
Molho Francesinha,GULOSO,Frasco 0.5 KG,"4,19€","8,38€ / KG",
Ervilhas Ultracongelado,IGLO,Emb. 1.125 KG,"5,99€","5,32€ / KG",
TABULEIRO 30*20,ECO+,Emb. 1 UNID.,"3,99€","3,99€ / UNID.",
Água com Gás Limão/Chá Verde 4x25 cl TP,PEDRAS SALGADAS,Emb. 1 LT,"2,39€","2,39€ / LT",
Espumante Doce,COMP DO VINHO,Garrafa 0.75 LT,"3,29€","4,39€ / LT",
Croissant Maxi Creme Sabor a Baunilha,CHIPICAO,Emb. 0.08 KG,"1,24€","15,50€ / KG",
DENTIFRICO E ELIXIR FRESCURA EXTREMA,DENTAMYL,Emb. 0.075 LT,"0,95€","12,67€ / LT",
ESPUMA BARBEAR HIDRATANTE/FRESCO 250ML,CARRÉ HOMME,Emb. 0.25 LT,"1,49€","5,96€ / LT",
Leite Crescimento Júnior 1+,NESTLÉ,Emb. 1 LT,"2,19€","2,19€ / LT",
Refresco em Pó Laranja,TANG,Emb. 0.03 KG,"0,83€","27,67€ / KG",
Spray Limpa Vidros Tripla Ação,AJAX,Emb. 0.5 LT,"3,59€","7,18€ / LT",
Café Torrado Moído Lote Nyeri Kenya Intensidade 8,SICAL,Emb. 0.22 KG,"3,89€","17,68€ / KG",
Tostas Crocantes Integral 30 Fatias,BIMBO,Emb. 0.27 KG,"1,59€","5,89€ / KG",
ARROZ PARA SUSHI,TABLES DU MONDE,Emb. 0.5 KG,"1,19€","2,38€ / KG",
Gelado Super Maxi,OLÁ,Emb. 0.39 LT,"3,99€","10,23€ / LT",
MINI COOKIES POCKET,P'TIT DÉLI,Emb. 0.16 KG,"1,95€","12,19€ / KG",
GAUFRES COM MEL BIO,,Emb. 0.175 KG,"2,29€","13,09€ / KG",
Ovos Solo L,SNR,Emb. 12 UNID.,"2,39€","0,20€ / UNID.",
MASSA ADESIVA 2X80UN,ESQUISSE,Emb. 2 UNID.,"2,29€","1,15€ / UNID.",
Feijão Branco Seco,NOTRE JARDIN,Emb. 1 KG,"1,89€","1,89€ / KG",
Espumante Reserva Bruto,MURGANHEIRA,Garrafa 0.75 LT,"11,79€","15,72€ / LT",
Gel de Banho Hidratante Baby,BABY DOVE,Emb. 0.2 LT,"1,79€","8,95€ / LT",
Cebola Roxa,,Emb. 0.5 KG,"1,79€","3,58€ / KG",
Iogurte Mix-in Kit Kat Morango 2 Unid.,NESTLÉ,Emb. 0.115 KG,"2,09€","18,17€ / KG",
Mousse de Chocolate Preto 4x60g,DÉLISSE,Emb. 0.48 LT,"1,25€","2,60€ / LT",
BEBIDA SOJA BAUNILHA,ALPRO,Emb. 1 LT,"1,89€","1,89€ / LT",
Barras Hero Muesly Cereais Linea Choco Branco 6x20g,HERO,Emb. 0.12 KG,"1,79€","14,92€ / KG",
Presunto Aperitivo,DAMATTA,Emb. 0.3 KG,"5,82€","19,40€ / KG",
Café Cápsulas Descafe Intensidade 2,PLANTATION,Emb. 16 CAPS.,"2,44€","0,15€ / CAPS.",
Leite Condensado Cozido,MIMOSA,Emb. 0.385 KG,"1,59€","4,13€ / KG",
Achocolatado em Pó,ECO+,Emb. 0.4 KG,"1,49€","3,73€ / KG",
Rissóis de Carne 8 Unid.,SNR,Emb. 0.325 KG,"1,99€","6,12€ / KG",
LASANHA SALMAO,CÔTÉ TABLE,Emb. 1 KG,"4,89€","4,89€ / KG",
Sumo Refrigerado Cidreira Tília Camomila Limão,PLENO TISANAS,Garrafa 1.5 LT,"1,49€","0,99€ / LT",
CREPES DOCE OVOS 6UN,TROFIC,Emb. 0.54 KG,"3,69€","6,83€ / KG",
CERA QUENTE DEPILACAO PROFISSIONAL 400G,SLISS,Emb. 0.4 LT,"5,49€","13,73€ / LT",
Sobremesa Láctea Natural,IOGOLINO,Emb. 4 UNID.,"2,89€","0,72€ / UNID.",
Queijo Fundido Fatias Light,A VACA QUE RI,Emb. 0.2 KG,"1,94€","9,70€ / KG",
COOKIES C/PEPITAS 3 CHOCOLATES E BASE CHOCOLATE DE LEITE,P'TIT DÉLI,Emb. 0.2 KG,"1,59€","7,95€ / KG",
Iogurte Sólido Proteíco Limão e Cookies Lindhals,NESTLÉ,Emb. 0.15 KG,"1,09€","7,27€ / KG",
Água S/ Gás Mineral Natural,,Garrafa 0.5 LT,"0,20€","0,40€ / LT",
SACO PLATICO P/TABULEIRO P/GATO PM 10UN,P'TIT AMI,Emb. 10 UNID.,"1,89€","0,19€ / UNID.",
Néctar Clássico 100% Maçã,COMPAL,Emb. 0.33 LT,"0,84€","2,55€ / LT",
Néctar Clássico 100% Laranja,COMPAL,Emb. 1 LT,"1,69€","1,69€ / LT",
Cera Signature,AXE,Emb. 0.075 LT,"3,99€","53,20€ / LT",
TIRAS FINISSIMAS BACON EXTRA FUMADO -25% SAL 2X75G,TRADILÈGE,Emb. 2 UNID.,"1,85€","0,93€ / UNID.",
"CANETA ROLLER GEL RETRATIL PRETA 0,5MM",ESQUISSE,Emb. 1 UNID.,"0,59€","0,59€ / UNID.",
Vinho Regional Bairrada Tinto,MARQUES DE MARIALVA,Garrafa 0.75 LT,"8,99€","11,99€ / LT",
Bolachas Cobertas Chocolate,P'TIT DÉLI,Emb. 0.25 KG,"2,29€","9,16€ / KG",
SKYR NATURAL 450G,DÉLISSE,Emb. 0.45 KG,"1,75€","3,89€ / KG",
Água S/ Gás,ECO+,Garrafa 0.5 LT,"0,16€","0,32€ / LT",
Canela em Pau Especiarias,RUSTICA,Emb. 0.03 KG,"0,75€","25,00€ / KG",
Ambientador bougie edition,AIR WICK,Emb. 0.105 LT,"4,99€","47,52€ / LT",
Batatas Fritas no Forno,LAY'S,Emb. 0.15 KG,"2,19€","14,60€ / KG",
Rissóis de Pescada,,Emb. 8 UNID.,"1,19€","0,15€ / UNID.",
Fraldas Bebé T5 Ultra Confort11/25 Kg,MOTS D'ENFANTS,Emb. 23 UNID.,"4,45€","0,19€ / UNID.",
Champô Cabelos Normais Fructis 2 em 1,GARNIER,Emb. 0.25 LT,"3,99€","15,96€ / LT",
VELA NUMERO FUN 4,ARDENCE,Emb. 1 UNID.,"0,99€","0,99€ / UNID.",
Maionese Magra,CALVÉ,Emb. 0.447 KG,"3,49€","7,81€ / KG",
Conserva de Milho Doce,NOTRE JARDIN,Lata 0.285 KG,"0,99€","3,47€ / KG",
Pensos Diários Finos Pocket,DOULYS,Emb. 30 UNID.,"0,95€","0,03€ / UNID.",
Caldo de Legumes 8 Cubos,KNORR,Emb. 0.08 KG,"1,49€","18,63€ / KG",
Massa Cotovelinhos Biológica,,Emb. 0.5 KG,"1,19€","2,38€ / KG",
VASSOURA CRUZ LOTUS,,Emb. 1 UNID.,"2,89€","2,89€ / UNID.",
ELIXIR BOCAL DE MENTA,DENTAMYL,Emb. 0.5 LT,"1,29€","2,58€ / LT",
Óleo de noite Reparador Bio Cânhamo,GARNIER,Emb. 0.03 LT,"14,99€","499,67€ / LT",
"BEBIDA SOJA CHOCOLATE, 1L",ALPRO,Emb. 1 LT,"1,89€","1,89€ / LT",
CREPES QUEIJO 6UN,CÔTÉ TABLE,Emb. 6 UNID.,"1,69€","0,28€ / UNID.",
Cereais de Aveia Integral C/ Chocolate Preto,FITNESS,Emb. 0.375 KG,"2,99€","7,97€ / KG",
Sumo de Laranja e Cenoura,SANTAL,Garrafa 1.5 LT,"2,14€","1,43€ / LT",
Aroma de Morango Líquido,CONDI,Emb. 0.025 LT,"1,54€","61,60€ / LT",
Sumo Maçã,JAFADEN,Emb. 1.2 LT,"1,49€","1,24€ / LT",
MOUSSE BOVINO E AVES P/ GATO BIO 200G,PLENIMA,Emb. 0.2 KG,"1,29€","6,45€ / KG",
OIKOS NATURAL 110G X4,OIKOS,Emb. 0.44 KG,"2,39€","5,43€ / KG",
ALIMENTO HUMIDO CARNE/CENOURA P/ CAO 1240G,LYDOG,Emb. 1.24 KG,"2,05€","1,65€ / KG",
Sumo 100% Multifrutis Biológico 6 Unid.,,Emb. 0.12 LT,"2,99€","24,92€ / LT",
CREME ANTI-RUGAS BIO 50ML,BIONAÏA,Emb. 0.05 LT,"4,67€","93,40€ / LT",
DETERGENTE LIQUIDO FRESCURA ATIVOS VEGETAIS 50D,XÉOR,,"4,99€",/ Unid.,
TABLETE CHOCOLATE NEGRO 85% 100G,CEMOI,Emb. 0.1 KG,"0,99€","9,90€ / KG",
Bolachas Recheadas Chocolate,ECO+,Emb. 0.5 KG,"1,39€","2,78€ / KG",
Tablete Chocolate Culinária,NESTLÉ,Emb. 0.2 KG,"1,79€","8,95€ / KG",
Milho Doce 3X85g,BONDUELLE,Emb. 0.255 KG,"1,59€","6,24€ / KG",
LEITE CREME 4X23G TABLIER BLANC,TABLIER BLANC,Emb. 0.092 KG,"0,49€","5,33€ / KG",
Lava Tudo Optimal 7 Multisuperficies com Lixívia,AJAX,Emb. 0.5 LT,"3,99€","7,98€ / LT",
PILHAS ALCALINAS LR03,FOXTER,Emb. 8 UNID.,"3,59€","0,45€ / UNID.",
Detergente para a Maquina da Roupa Active Clean,SKIP,Emb. 1.458 LT,"14,99€","10,28€ / LT",
Conserva de Azeitona Verde Inteira,RUSTICA,Frasco 0.36 KG,"1,19€","3,31€ / KG",
MOLHO DE COGUMELOS DESIDRATADO,RUSTICA,Emb. 0.027 KG,"0,79€","29,26€ / KG",
Gel Elastic Ultimate 7,NIVEA MEN,Emb. 0.15 LT,"5,59€","37,27€ / LT",
ERVILHAS CONGELADAS,NOTRE JARDIN,Emb. 0.4 KG,"0,69€","1,73€ / KG",
Bechamel,PARMALAT,Emb. 0.2 KG,"1,06€","5,30€ / KG",
Bechamel,PARMALAT,Emb. 0.5 LT,"2,19€","4,38€ / LT",
Queijo Mini Babybel,BABYBEL,Emb. 0.12 KG,"1,94€","16,17€ / KG",
Pinça P/ Depilação Prateada,,Emb. 1 UNID.,"2,19€","2,19€ / UNID.",
Açúcar Mascavado,TÉVA,Emb. 0.75 KG,"1,69€","2,25€ / KG",
Água sem Gás Mineral,LUSO,Garrafa 0.33 LT,"0,35€","1,06€ / LT",
Cápsulas Café Ristretto Ardenza,DOLCE GUSTO,Emb. 30 CAPS.,"10,49€","0,35€ / CAPS.",
Camarão Aquicultura Cal. 60/80 Congelado,,1 Unid. = 0.25 KG (aprox.),"7,99€/kg","2,00€ / Unid.",
Creme Soft Hidratante Intensivo,NIVEA,Emb. 0.2 LT,"5,69€","28,45€ / LT",
Leite Bem Especial Crescimento 1 a 3 anos,MIMOSA,Emb. 1 LT,"1,79€","1,79€ / LT",
"Carregador Usb 2,4A",LINKSTER,Emb. 1 UNID.,"9,90€","9,90€ / UNID.",
Miolo de Amêndoa Laminada,MARQUE REPERE,Emb. 0.15 KG,"1,99€","13,27€ / KG",
Espumante Reserva Meio Seco,RAPOSEIRA,Garrafa 0.75 LT,"8,39€","11,19€ / LT",
Vinho do Porto Fundador Tawny,COMPANHIA VELHA,Emb. 0.75 LT,"6,39€","8,52€ / LT",
Pastis de Marseille,VIVALIS,Garrafa 0.7 LT,"10,49€","14,99€ / LT",
Conserva de Milho Doce 3x140g,NOTRE JARDIN,Emb. 0.42 KG,"1,56€","3,71€ / KG",
COLA BATON 20G,ESQUISSE,Emb. 1 UNID.,"0,99€","0,99€ / UNID.",
Iogurte de Morango 4 Unid.,IOGOLINO,Emb. 0.4 KG,"2,89€","7,23€ / KG",
Café Cápsulas Vellutato Intensidade 9,PLANTATION,Emb. 10 CAPS.,"1,78€","0,18€ / CAPS.",
Barras de Cereais Light Muesly Chocolate 6x20g,HERO,Emb. 0.12 KG,"1,79€","14,92€ / KG",
Mousse de Chocolate Preto e de Leite 8X60g,DÉLISSE,Emb. 0.96 LT,"2,19€","2,28€ / LT",
Pizza Casa Di Mama Fiambre e Cogumelos,DR. OETKER,Emb. 0.405 KG,"5,49€","13,56€ / KG",
Café Moído Torrado Intensidade 12,BUONDI,Emb. 0.2 KG,"3,69€","18,45€ / KG",
Café Cápsulas XL Qalidus Intensidade 10,DELTA Q,Emb. 40 CAPS.,"12,99€","0,32€ / CAPS.",
Wafers com Cobertura Chocolate de Leite,P'TIT DÉLI,Emb. 0.175 KG,"1,69€","9,66€ / KG",
Bolo em Barra 2x500g,,Emb. 1 KG,"2,69€","2,69€ / KG",
CANETA MARCADOR FLURESCENTE SORTIDO 4UN,ESQUISSE,Emb. 4 UNID.,"1,99€","0,50€ / UNID.",
Queijo Curado Apimentado Alavão,SALOIO,1 Unid. = 1.492 KG (aprox.),"6,99€/kg","10,43€ / Unid.",
QUEIJO FLAMENGO FATIADO LIGHT,QUEIJO NA TÁBUA,Emb. 0.2 KG,"1,89€","9,45€ / KG",
Anti-Transferência de Cor Ultra Toalhitas,VANISH,Emb. 10 UNID.,"3,49€","0,35€ / UNID.",
Gel de Banho Naturals Amêndoa e Leite,PALMOLIVE,Emb. 0.5 LT,"2,69€","5,38€ / LT",
Leite Reparador Tesouros de Mel,ULTRA SUAVE,Emb. 0.4 LT,"5,99€","14,98€ / LT",
Whisky J&B 15 Anos,J&B,Emb. 0.7 LT,"28,49€","40,70€ / LT",
CONCHAS DO MAR 6UN,CÔTÉ TABLE,Emb. 0.66 KG,"4,99€","7,56€ / KG",
Bacalhau em Azeite Virgem Extra e Alho,BOM PETISCO,Emb. 0.12 KG,"2,99€","24,92€ / KG",
Gelatina Alimentar em Folha,TABLIER BLANC,Emb. 9 UNID.,"0,84€","0,09€ / UNID.",
Bolacha Wafer Framboesa,VIEIRA,Emb. 0.15 KG,"1,25€","8,33€ / KG",
QUEIJO PARA BARRAR COM PIMENTA,LES CROISÉS,Emb. 0.15 KG,"1,09€","7,27€ / KG",
Pó Compacto Stay Matte,RIMMEL,Emb. 0.014 KG,"10,49€","749,29€ / KG",
Difusor e Recarga Elétrica Lavanda e Camomila,AIR WICK,Emb. 0.019 LT,"5,39€","283,68€ / LT",
Sortidos de Biscoitos,ECO+,Emb. 0.5 KG,"1,99€","3,98€ / KG",
Stick P/ Gato Salmão 3X5G,LYCAT,Emb. 3 UNID.,"0,49€","0,16€ / UNID.",
Sacos Cozedura no Forno Elembal,ELEMBAL,Emb. 5 UNID.,"0,70€","0,14€ / UNID.",
Alimento Húmido P/ Gato Carne de Vaca e Tomate,GOURMET GOLD,Emb. 0.085 KG,"0,75€","8,82€ / KG",
Champô SOS,AUSSIE,Emb. 0.29 LT,"5,99€","20,66€ / LT",
CROISSANT CONGELADO 6UN,EPI D'OR,Emb. 0.36,"2,59€","7,19€ /",
"GEL DUCHE ""BAMBU/TORANJA"" CONCENTRADO",NATEIS,,"1,85€",/ Unid.,
Conserva de Salsichas Extra Suculentas Aves 7 Unid.,NOBRE,Frasco 0.35 KG,"1,68€","4,80€ / KG",
LENCOS BOLSO 4F ALOE VERA,CARESSE,Emb. 12 UNID.,"1,99€","0,17€ / UNID.",
Condicionador Reparador Flex,REVLON,Emb. 0.65 LT,"3,99€","6,14€ / LT",
Guardanapos 2 Folhas 33x33 cm,RENOVA,Emb. 90 UNID.,"1,39€","0,02€ / UNID.",
QJ MINI MOZZA 150G,LES CROISÉS,Emb. 0.15 KG,"1,38€","9,20€ / KG",
Saco Cubos Gelos,ELEMBAL,Emb. 15 UNID.,"0,69€","0,05€ / UNID.",
Vinho Regional Alentejano Tinto,GALITOS,Garrafa 0.75 LT,"2,29€","3,05€ / LT",
Leite Condensado Açucarado,DÉLISSE,Lata 0.397 KG,"1,29€","3,25€ / KG",
Cevada Solúvel sem Café,DELTA,Frasco 0.2 KG,"1,74€","8,70€ / KG",
Lenços de Bolso Lavanda Sensitive 4 Folhas,RENOVA,Emb. 6 UNID.,"0,99€","0,17€ / UNID.",
Preparado Sopa de Cozido,KNORR,Emb. 0.069 KG,"1,49€","21,59€ / KG",
ALIMENT BEBE: PURE ERVILHAS BIO +4M  2X120G,BIO VILLAGE BEBE,Emb. 0.24 KG,"1,45€","6,04€ / KG",
CROQUETES CAO PEQUENO SEM CEREAIS,PLENIMA,Emb. 2 KG,"5,85€","2,93€ / KG",
PILHA ALCALINA 6LR61,FOXTER,Emb. 1 UNID.,"3,29€","3,29€ / UNID.",
Desodorizante Roll-On Invisible Care,DOVE,Emb. 0.05 LT,"2,69€","53,80€ / LT",
Vinho Regional Dão Tinto,DUQUE DE VISEU,Garrafa 0.75 LT,"4,49€","5,99€ / LT",
Crepes com Manteiga,P'TIT DÉLI,Emb. 0.3 KG,"1,99€","6,63€ / KG",
Barrinhas P/ Canários sabor a Ovo,TOUS MES AMIS,Emb. 0.06 KG,"1,69€","28,17€ / KG",
Toalhitas Limpa Vidros,CLAIR,Emb. 20 UNID.,"0,89€","0,04€ / UNID.",
Amaciador de Roupa Rosa,,Emb. 4 LT,"1,99€","0,50€ / LT",
Fralda Cueca T5 12/18KG Eco,MOTS D'ENFANTS,Emb. 20 UNID.,"7,49€","0,37€ / UNID.",
AGUA MICELAR,INELL,Emb. 0.5 LT,"2,59€","5,18€ / LT",
Líquido Sanitário Lixívia Perfumada,NEOBLANC,Emb. 0.7 LT,"2,09€","2,99€ / LT",
VELA NUMERO FUN 3,ARDENCE,Emb. 1 UNID.,"0,99€","0,99€ / UNID.",
Sumo 100% Ananás,JAFADEN,Emb. 1 LT,"1,69€","1,69€ / LT",
QUEIJO MAROILLES,NOS RÉGIONS ONT DU TALENT,Emb. 0.2 KG,"3,09€","15,45€ / KG",
Azeite Virgem Extra Grande Escolha,GALLO,Emb. 0.5 LT,"4,99€","9,98€ / LT",
SORTIDO GOMAS BRILHO,COPAÍNS COPINES,Emb. 0.6 KG,"2,99€","4,98€ / KG",
Snacks Húmidos P/ Gato Adulto 2 de Frango e 2 de Vaca,PURINA,Emb. 0.34 KG,"3,49€","10,26€ / KG",
Concentrado de Manga,SUNQUICK,Garrafa 0.58 LT,"4,79€","8,26€ / LT",
Sticks P/ Gato C/ Frango,TOUS MES AMIS,Emb. 3 UNID.,"0,49€","0,16€ / UNID.",
Coloração Longa Duração Belle Color 5.3 Castanho Claro Dourado,GARNIER,Emb. 1 UNID.,"5,99€","5,99€ / UNID.",
Champô Cabelos Normais Fructis Anti Caspa 2 em 1,GARNIER,Emb. 0.25 LT,"3,99€","15,96€ / LT",
Maionese Verdadeira,HELLMANN'S,Emb. 0.208 KG,"3,29€","15,82€ / KG",
MIOLO DE NOZ,TABLIER BLANC,Emb. 0.05 KG,"0,99€","19,80€ / KG",
CHOURICAO FATIADO,CAMPO FINO,Emb. 0.15 KG,"1,19€","7,93€ / KG",
CAPS CAFE COMP C/ DQ XL MAXIMO - INT10,PLANTATION,40 UNID.,"6,49€","0,16€ / UNID.",
Guardanapos 2 Folhas Tipo Tecido,MARQUE REPERE,Emb. 40 UNID.,"1,49€","0,04€ / UNID.",
Queijo Curado da Granja,SALOIO,1 Unid. = 0.5 KG (aprox.),"14,49€/kg","7,25€ / Unid.",
FIAMBRE PA EXTRA PARIS 4 FATIAS -25% SAL,TRADILÈGE,Emb. 0.14 KG,"1,99€","14,21€ / KG",
Iogurte Líquido Morango 4x155g,CORPOS DANONE,Emb. 0.62 KG,"1,69€","2,73€ / KG",
Alimento Húmido para Gato Patê Aves,ECO+,Emb. 0.1 KG,"0,27€","2,70€ / KG",
Chá Preto English Breakfast,LIPTON,Emb. 20 SAQS,"1,29€","0,06€ / SAQS",
CONJUNTO 10 CANETAS VARIAS CORES,ECO+,Emb. 10 UNID.,"1,49€","0,15€ / UNID.",
Bife de Alcatra Vitelão,,1 Unid. = 0.25 KG (aprox.),"9,98€/kg","2,50€ / Unid.",
Sticks Dentários,PLENIMA,Emb. 0.18 G,"1,79€","9,94€ / G",
"""QUENELLES"" DE VITELA C/ MOLHO ""FINANCIERE""",CÔTÉ TABLE,Emb. 0.4 KG,"1,49€","3,73€ / KG",
Néctar de Manga Clássico,COMPAL,Emb. 1 LT,"1,09€","1,09€ / LT",
LUVAS EXTRA SENSATION M,VILEDA,Emb. 1 UNID.,"1,99€","1,99€ / UNID.",
Sal Marinho Iodado,VATEL,Emb. 1 KG,"0,99€","0,99€ / KG",
Pão de Especiarias com Mel Biológico,,Emb. 0.3 KG,"1,99€","6,63€ / KG",
Recarga Sabonete Líquido Lavanda,MANAVA,Emb. 0.25 LT,"0,65€","2,60€ / LT",
Vinho Rosé Frutado,SALVE,Garrafa 0.75 LT,"1,29€","1,72€ / LT",
Vinho Regional Douro Tinto,PAPA FIGOS,Garrafa 0.75 LT,"7,49€","9,99€ / LT",
Gelado Romântica Original,CARTE D'OR,Emb. 0.75 LT,"4,84€","6,45€ / LT",
Sumo de Maçã à Base de Concentrado,JAFADEN,Emb. 2 LT,"1,29€","0,65€ / LT",
Refrigerante C/ Gás Zero Açúcar Pack 4,COCA COLA,Emb. 4 LT,"4,55€","1,14€ / LT",
Máquinas de Barbear Descartáveis Blue II,GILLETTE,Emb. 6 UNID.,"2,99€","0,50€ / UNID.",
Bolachinhas P/ Bebé +6 meses,NESTLÉ,Emb. 0.18 KG,"2,49€","13,83€ / KG",
QUEIJO FLAMENGO FATIADO,ECO+,Emb. 0.2 KG,"1,49€","7,45€ / KG",
TERRA UNIVERSAL,ECO+,Emb. 40 LT,"3,29€","0,08€ / LT",
Margarina Óleo Girassol 1/2 Sal,NAT&VIE,Emb. 0.5 KG,"1,99€","3,98€ / KG",
ALIMENTO HUMIDO ALMONDEGAS AVE P/ GATO,ECO+,Emb. 0.82 KG,"1,29€","1,57€ / KG",
Iogurte Sólido Magro C/ Cereais e Frutos Secos 4 Unid.,LONGA VIDA,Emb. 0.12 KG,"2,09€","17,42€ / KG",
Elixir Total Care Zero,LISTERINE,Emb. 0.5 LT,"6,49€","12,98€ / LT",
Iogurte Líquido Proteíco Framboesa e Baunilha,NESTLÉ,Emb. 0.33 LT,"1,89€","5,73€ / LT",
Mini Tostas Normais Retangulares,BIMBO,Emb. 0.1 KG,"1,24€","12,40€ / KG",
Pimenta Preta Grãos,RUSTICA,Frasco 0.04 KG,"1,50€","37,50€ / KG",
"BL1 LED CAPS G9 2,8-25W",FOXTER,Emb. 1 UNID.,"3,99€","3,99€ / UNID.",
Alimento Seco P/ Gato C/ Carne de Vaca,PURINA,Emb. 0.8 KG,"6,99€","8,74€ / KG",
Deo Spray Invisible para Homem,SANEX,Emb. 0.2 LT,"2,39€","11,95€ / LT",
VARINHA MAGICA 600W C/ACESSORIOS,ELSAY,Emb. 1 UNID.,"29,90€","29,90€ / UNID.",
CHOCOLATE PRETO C/ PEPITAS DE CARAMELO E FLOR DE SAL,EQUADOR,Emb. 0.1 KG,"1,19€","11,90€ / KG",
Johnson\'s Loção para Crianças Bons Sonhos,JOHNSON'S BABY,Emb. 0.5 LT,"3,89€","7,78€ / LT",
Alimento Húmido P/ Gato Gold Mousse C/ Frango,GOURMET,Emb. 0.085 KG,"0,75€","8,82€ / KG",
Ice Tea Limão 2x2lt,LIPTON,Emb. 4 LT,"4,99€","1,25€ / LT",
Molho Vinagrete com Ervas Aromáticas,RUSTICA,Emb. 0.5 LT,"1,26€","2,52€ / LT",
Bolachas Crocantes sem Glúten 2x125g,CHAQUE JOUR SANS GLUTEN,Emb. 0.25 KG,"2,99€","11,96€ / KG",
Cappuccino,NESCAFÉ,Emb. 0.25 KG,"6,39€","25,56€ / KG",
ARROZ CANTONES PRE COZIDO EXPRESS,COMPTOÍR DU GRAIN,Emb. 0.25 KG,"1,09€","4,36€ / KG",
Xarope de Limão,FRUCCI,Garrafa 0.75 LT,"3,89€","5,19€ / LT",
Creme 6 Chocolate e 6 Baunilha 12x125 g,ECO+,Emb. 1.5 KG,"2,69€","1,79€ / KG",
Pantene Creme de Pentear Sem Enxaguar Cabelo ondulado 270ml,PANTENE PV,Emb. 0.27 LT,"4,49€","16,63€ / LT",
Queijo Mistura Apimentado Três Igrejas,SALOIO,1 Unid. = 0.47 KG (aprox.),"9,98€/kg","4,69€ / Unid.",
Pá Mão,BEAUX JOURS,Emb. 1 UNID.,"2,99€","2,99€ / UNID.",
CARNE PORCO A PORTUGUESA,CÔTÉ TABLE,Emb. 0.25 KG,"2,99€","11,96€ / KG",
Compota de Maçã e Pêra Biológica 4x100g,,Emb. 0.4 KG,"1,99€","4,98€ / KG",
Máscara Capilar para Cabelo Seco,TRESEMMÉ,Emb. 0.5 LT,"5,39€","10,78€ / LT",
Alimento P/ Gato Adulto de Salmão,PURINA,Emb. 3 KG,"22,99€","7,66€ / KG",
Café Torrado Moído Lote Masaka Uganda Intensidade 11,SICAL,Emb. 0.22 KG,"3,89€","17,68€ / KG",
ARROZ REDONDO ESPECIAL RISOTTO,COMPTOÍR DU GRAIN,Emb. 0.5 KG,"0,99€","1,98€ / KG",
Fiambre da Pá Fatiado,,Emb. 0.2 KG,"1,39€","6,95€ / KG",
MOLHO PIMENTA,RUSTICA,Emb. 0.3 LT,"1,39€","4,63€ / LT",
Sopa Rabo de Boi 4 Porções,KNORR,Emb. 0.071 KG,"1,49€","20,99€ / KG",
Cerveja com Álcool 15x20cl,SUPER BOCK,Emb. 3 LT,"6,59€","2,20€ / LT",
Espuma de Barbear Pele Sensível,GILLETTE,Emb. 0.2 LT,"2,99€","14,95€ / LT",
Pães de Leite 10Unid.,ECO+,Emb. 0.4 KG,"1,45€","3,63€ / KG",
SACO ASPIRADOR S100,ELSAY,Emb. 1 UNID.,"3,90€","3,90€ / UNID.",
Tomato Frito,HEINZ,Emb. 0.35 KG,"1,19€","3,40€ / KG",
SYOSS OLEO INT. 4-18 CAST.PRALI,SYOSS,,"6,24€",/ Unid.,
Filetes Primavera Alecrim & Sal Marinho,IGLO,Emb. 0.225 KG,"3,99€","17,73€ / KG",
Café Colombia P/ Nespresso Intensidade 7,STARBUCKS,Emb. 10 DOSES,"4,49€","0,45€ / DOSES",
QUEIJO EDAM FATIADO,ECO+,Emb. 0.5 KG,"3,55€","7,10€ / KG",
Favas Ultracongelados,IGLO,Emb. 0.7 KG,"3,99€","5,70€ / KG",
Ancinho Mão,BEAUX JOURS,Emb. 1 UNID.,"3,49€","3,49€ / UNID.",
IOGURTE LIQUIDO SABOR A MORANGO 8H FORA FRIGORIFICO,DÉLISSE,Emb. 0.8 KG,"1,99€","2,49€ / KG",
IOGURTE BIFIDUS COCO,DÉLISSE,Emb. 0.5 KG,"0,99€","1,98€ / KG",
Doce de Morango Biológico,,Emb. 0.37 KG,"2,15€","5,81€ / KG",
Máscara de Pestanas Preto 001,RIMMEL,Emb. 1 UNID.,"9,99€","9,99€ / UNID.",
Ameixa Seca Descaroçada,MARQUE REPERE,Emb. 0.2 KG,"2,19€","10,95€ / KG",
Creme Hidratante Dupla Ação,CLEAN & CLEAR,Emb. 0.1 LT,"6,99€","69,90€ / LT",
PANNA COTA COM BASE DE FRAMBOESA,EQUADOR,Emb. 0.24 KG,"1,99€","8,29€ / KG",
SACO CONGELACAO PEQUENO,ELEMBAL,Emb. 50 UNID.,"0,79€","0,02€ / UNID.",
Néctar 100% Maçã,COMPAL,Emb. 1 LT,"1,69€","1,69€ / LT",
TARTE DE MACA,P'TIT DÉLI,Emb. 0.3 KG,"2,99€","9,97€ / KG",
Vinho D'Alsace Pinot Gris A.O.C. 2014,REBMANN,Garrafa 0.75 LT,"5,99€","7,99€ / LT",
CANETA FELTRO PONTA FINA VARIAS CORES 12UN,ESQUISSE,Emb. 12 UNID.,"4,49€","0,37€ / UNID.",
"GEL DUCHE ""CACTO/BANANA"" CONCENTRADO",NATEIS,,"1,85€",/ Unid.,
Batatas Fritas Receita Camponesa,LAY'S,Emb. 0.25 KG,"2,49€","9,96€ / KG",
Filetes de Atum ao Natural,PÊCHE OCÉAN,Emb. 0.19 KG,"3,59€","18,89€ / KG",
Moinho Pimenta Preta,MARGÃO,Emb. 0.035 KG,"3,99€","114,00€ / KG",
Barrinhas P/ Canários sabor a Frutas,TOUS MES AMIS,Emb. 0.06 KG,"1,69€","28,17€ / KG",
Vinho de Mesa Tinto,ECO+,Emb. 2 LT,"2,69€","1,35€ / LT",
Destop Manutenção de Canalizações Perfumado,DESTOP,Emb. 0.75,"5,99€","7,99€ /",
DOSSIER A4 PLÁSTICO 4ARG,ESQUISSE,Emb. 1 UNID.,"2,19€","2,19€ / UNID.",
Manteiga com Sal,TERRA NOSTRA,Emb. 0.25 KG,"2,35€","9,40€ / KG",
Pantene Grisalho Radiante & Suave Condicionador 160 ml,PANTENE PV,Emb. 0.16 LT,"4,99€","31,19€ / LT",
PILHAS ALCALINAS LR3 TECH+,FOXTER,Emb. 8 UNID.,"3,59€","0,45€ / UNID.",
Gelatina Ananás Light 4 Unid.,ROYAL,Emb. 0.4 KG,"2,19€","5,48€ / KG",
BARQUETTES MORANGO BIO,,Emb. 0.12 KG,"1,79€","14,92€ / KG",
DANACOL LÍQUIDO COLESTEROL NOZ,DANACOL,Emb. 6 UNID.,"2,99€","0,50€ / UNID.",
Alimento Seco Gato Atum Legumes,PURINA FRISKIES,Emb. 0.4 KG,"2,19€","5,48€ / KG",
Café Torrado Puro Arabica Moído,,Emb. 0.5 KG,"3,99€","7,98€ / KG",
EXFOLIANTE FACIAL TODO TIPO PELE 75ML,BIONAÏA,Emb. 0.075 LT,"2,49€","33,20€ / LT",
Recargas Elétricas para Ambientador,AIR WICK,Emb. 0.019 LT,"10,64€","560,00€ / LT",
VINAGRE CRISTAL BRANCO 0.75L,CRISTAL,,"1,29€",/ Unid.,
Conserva de Feijocas Verdes Finas,,Lata 0.8 KG,"1,49€","1,86€ / KG",
Pantene Cuidado Clássico Champô,PANTENE PV,Emb. 0.25 LT,"3,99€","15,96€ / LT",
Chá Preto Immune Support de Gengibre e Cúrcuma,LIPTON,Emb. 20 SAQS,"1,74€","0,09€ / SAQS",
Feijão Frade Seco,NOTRE JARDIN,Emb. 0.5 KG,"0,99€","1,98€ / KG",
Camarão Aquicultura Cal. 20/30 Congelado,,1 Unid. = 0.25 KG (aprox.),"12,99€/kg","3,25€ / Unid.",
CASSOULET DE CASTELNAUDARY,NOS RÉGIONS ONT DU TALENT,Emb. 0.84 KG,"5,99€","7,13€ / KG",
Abrilhantador Loiça 0%,FINISH,Emb. 0.4 LT,"5,19€","12,98€ / LT",
Creme Limpeza Original Multiusos,CIF,Emb. 0.7 LT,"2,49€","3,56€ / LT",
BL2 LED SPOT 3-35W GU10,FOXTER,Emb. 2 UNID.,"6,99€","3,50€ / UNID.",
LIEGEOIS FRAMBOISE DEL,DÉLISSE,Emb. 0.4 KG,"1,89€","4,73€ / KG",
Iogurte Grego Yaos Morango,YAOS,Emb. 0.44 KG,"2,29€","5,20€ / KG",
Desodorizante Roll-On Invisible 48H,REXONA,Emb. 0.05 LT,"2,39€","47,80€ / LT",
Sticks Dentários Cão Pequeno 7 Unid.,PLENIMA,Emb. 0.11 KG,"1,09€","9,91€ / KG",
Sumo 100% Maçã Bio,,Emb. 1 LT,"1,19€","1,19€ / LT",
AGUA PENTEAR SPRAY,VITANOVE,Emb. 0.15 LT,"1,49€","9,93€ / LT",
Sementes de Girassol,MARQUE REPERE,Emb. 0.2 KG,"0,99€","4,95€ / KG",
Preparado Sopa Regular Legumes,KNORR,Emb. 0.063 KG,"1,49€","23,65€ / KG",
Luvas para Uso Doméstico Tamanho L,MAMISON,Emb. 1 UNID.,"0,69€","0,69€ / UNID.",
Caldo Galinha Vitalie 8 Cubos,KNORR,Emb. 0.08 KG,"1,49€","18,63€ / KG",
IOGURTES EM TUBO C/FRUTAS X12,DÉLISSE,Emb. 0.48 KG,"2,15€","4,48€ / KG",
Café Torrado Moído Intensidade 10,BUONDI,Emb. 0.22 KG,"3,69€","16,77€ / KG",
DETERGENTE LIQUIDO PERFECT PRETO 25D,EPSIL,Emb. 25 DOSES,"1,89€","0,08€ / DOSES",
FRALDA INCONTINENCIA GRANDE,CHORYS,Emb. 20 UNID.,"10,99€","0,55€ / UNID.",
BL1 LED CHAMA 3.2W - 25W E14,FOXTER,Emb. 1 UNID.,"2,49€","2,49€ / UNID.",
Esfregona de Algodão,,Emb. 1 UNID.,"0,90€","0,90€ / UNID.",
Vinho do Porto Lágrima,RAMOS PINTO,Emb. 0.75 LT,"10,19€","13,59€ / LT",
Refrigerante C/ Gás Cola Zero,JEAN'S,Garrafa 1.5 LT,"0,59€","0,39€ / LT",
IOGURTE LIQUIDO MORANGO/BANANA,DÉLISSE,Emb. 0.72 KG,"1,00€","1,39€ / KG",
Refrigerante C/ Gás Zero Açúcar,COCA COLA ZERO,Emb. 1 LT,"1,60€","1,60€ / LT",
BANDAS DEPILATORIAS CERA FRIA PELE SENSIVEL AXILA/VIRILHA 16UN,SLISS,Emb. 16 UNID.,"1,65€","0,10€ / UNID.",
AZEITONA VERDE S/CAROCO -25% TEOR SAL,RUSTICA,Emb. 0.335 KG,"1,39€","4,15€ / KG",
Bolachas Recheadas C/ Frutos do Bosque,MC VITIE'S,Emb. 0.218 KG,"2,39€","10,96€ / KG",
Ketchup Heinz Top Down 220 Ml,HEINZ,Emb. 0.22 LT,"2,29€","10,41€ / LT",
CADERNO ESPIRAL PAUTADO C. PP A4 120F,ESQUISSE,Emb. 1 UNID.,"3,19€","3,19€ / UNID.",
Caldo Natura de Galinha Pack 4,KNORR,Emb. 0.112 KG,"1,49€","13,30€ / KG",
Palmiers com Maçã e Canela 6 Unid.,DU BOIS DE LA ROCHE,Emb. 0.15 KG,"1,39€","9,27€ / KG",
Gel Studio Line Invisi Fix Fixação Forte 6,L'ORÉAL PARIS,Emb. 0.15 KG,"5,99€","39,93€ / KG",
Néctar de Pera Clássico 3 Unid.,JAFADEN,Emb. 0.6 LT,"0,89€","1,48€ / LT",
Gelatina Light Melancia 4 Unid.,ROYAL,Emb. 0.4 KG,"2,19€","5,48€ / KG",
Tampões com Aplicador Compak Regular,TAMPAX,Emb. 22 UNID.,"3,99€","0,18€ / UNID.",
Leite Bem Essencial UHT Meio Gordo,MIMOSA,Emb. 1 LT,"0,95€","0,95€ / LT",
Sumo de Toranja Rosa,JAFADEN,Emb. 1 LT,"1,39€","1,39€ / LT",
Aveia Instantânea Natural,PROZIS,Emb. 1.25 KG,"349,00€","279,20€ / KG",
ESCOVA DE DENTES CRIANCA COM LUZ  +3 ANOS,PETIT DENTAMYL,Emb. 1 UNID.,"2,49€","2,49€ / UNID.",
Caldo de Galinha,KNORR,Emb. 0.084 KG,"1,39€","16,55€ / KG",
Refrigerante Mini C/ Gás Pack 12,COCA COLA,Emb. 1.8 LT,"6,24€","3,47€ / LT",
Almôndegas,NOBRE,Emb. 0.42 KG,"2,74€","6,52€ / KG",
DENTIFRICO PROTECAO CARIE,DENTAMYL,Emb. 0.075 LT,"0,99€","13,20€ / LT",
Bebida em Pó Sabor Tropical,TANG,Emb. 0.03 KG,"0,83€","27,67€ / KG",
Chouriço Corrente 4x100gr,PRIMOR,Emb. 0.4 KG,"2,34€","5,85€ / KG",
Cotonetes p/ Bebé,JOHNSON'S BABY,Emb. 200 UNID.,"2,99€","0,02€ / UNID.",
Cola Cyano Líquida,FOXTER,Emb. 0.003 KG,"1,59€","530,00€ / KG",
Caldo Culinário 24 Cubos,CALVÉ,Emb. 0.24 KG,"1,94€","8,08€ / KG",
QUEIJO PARMIGIANO REGGIANO DOP 30MESES,TRADIZIONI D'ITALIA,Emb. 0.2 KG,"5,99€","29,95€ / KG",
LUVAS JARDINAGEM L CINZA,BEAUX JOURS,Emb. 1 UNID.,"1,89€","1,89€ / UNID.",
Azeite Virgem Extra Seleção Ouro,OLIVEIRA DA SERRA,Garrafa 0.75 LT,"4,89€","6,52€ / LT",
LAMINAS DUPLO SENTIDO 10UN  10UN CARRE HOMME,CARRÉ HOMME,,"0,90€",/ Unid.,
MUESLI CHOCOLATE E AVELA TEOR ACUCAR REDUZIDO,GRAINEA,Emb. 0.35 KG,"2,69€","7,69€ / KG",
Pastilhas de Limpeza para Próteses Dentárias,,Emb. 30 UNID.,"3,99€","0,13€ / UNID.",
Papel Higiénico Decorado,MARQUE REPERE,Emb. 12 UNID.,"3,99€","0,33€ / UNID.",
COBERTURA TABUA DE ENGOMAR 122x45,ECO+,Emb. 1 UNID.,"4,49€","4,49€ / UNID.",
Azeites Verdes,OLIVEIRA DA SERRA,Garrafa 0.75 LT,"4,26€","5,68€ / LT",
Snack P/ Gato Original Maxi Pack,FELIX,Emb. 0.2 KG,"3,99€","19,95€ / KG",
B&J ND Cookie Dough 465ml,,Emb. 0.465 LT,"6,79€","14,60€ / LT",
Cápsulas Café Ristretto Barista,DOLCE GUSTO,Emb. 30 CAPS.,"10,49€","0,35€ / CAPS.",
Chouriço Terra de Xisto,SNR,Emb. 0.25 KG,"3,65€","14,60€ / KG",
Gelado Double Chocolate e Morango,MAGNUM,Emb. 0.264 LT,"4,99€","18,90€ / LT",
FILETES DE PESCADA,ECO+,Emb. 0.8 KG,"5,99€","7,49€ / KG",
BARRA CEREAIS ALPERCE,GRAINEA,Emb. 0.13 KG,"1,49€","11,46€ / KG",
Barras de Cereais Special K Chocolate de Leite,SPECIAL K,Emb. 0.125 KG,"3,79€","30,32€ / KG",
Alimento Seco P/ Gato Croquetes Salmão e Legumes,LYCAT,Emb. 2 KG,"3,99€","2,00€ / KG",
Queijo Flamengo Fatiado,AGROS,Emb. 0.2 KG,"2,19€","10,95€ / KG",
ABRASIVO SANITARIO MENTA/EUCALIPTO ECO 750ML,UNÍ VERT,Emb. 0.75 LT,"1,19€","1,59€ / LT",
Pensos Incontinência Discreet Maxi Night,AUSONIA,Emb. 12 LT,"7,99€","0,67€ / LT",
ESPARGUETE INTEGRAL,TURINI,Emb. 0.5 KG,"1,39€","2,78€ / KG",
Amaciador Cabelos Hidra Caracóis Antifrisado,FRUCTIS,Emb. 0.2 LT,"3,99€","19,95€ / LT",
LENCOS FACIAIS 2F,ECO+,Emb. 150 UNID.,"0,89€","0,01€ / UNID.",
Pão de Forma com Côdea 9 Cereais,PANRICO,Emb. 0.52 KG,"2,39€","4,60€ / KG",
PREPA PAIN CEREALES,TABLIER BLANC,Emb. 1 KG,"1,98€","1,98€ / KG",
Amaciador Roupa Concentrado Lírios e Frutos Vermelhos,QUANTO,Emb. 84 DOSES,"4,89€","0,06€ / DOSES",
PURE MACA/RUIBARBO BAIXO TEOR ACUCAR,DOUCEUR DU VERGER,Emb. 0.4 KG,"1,59€","3,98€ / KG",
Leite Bem Essencial C/ Polpa de Morango 4 Unid.,MIMOSA,Emb. 0.8 LT,"1,99€","2,49€ / LT",
Limpeza Paredes Piscina Desincrustante,BEAUX JOURS,Emb. 5 LT,"13,99€","2,80€ / LT",
Chocolate Choco Waffel Leite,MILKA,Emb. 0.18 KG,"2,69€","14,94€ / KG",
Espumante de Limão,BAR ROYAL,Garrafa 0.75 LT,"3,99€","5,32€ / LT",
Bolachas Digestivas Aveia Oats Choc,GULLÓN,Emb. 0.425 KG,"2,94€","6,92€ / KG",
OIKOS MAÇA CANELA 110G X4,OIKOS,Emb. 0.44 KG,"2,39€","5,43€ / KG",
DETERGENTE MAQ LOICA PASTILHAS TOTAL+ 45UN,VISIOR,Emb. 45 UNID.,"4,49€","0,10€ / UNID.",
Esfregão Glitzi Power Inox,VILEDA,Emb. 2 UNID.,"3,49€","1,75€ / UNID.",
Iogurte Soja Baunilha 4 Unid.,NAT&VIE,Emb. 0.4 KG,"1,34€","3,35€ / KG",
Amaciador Concentrado Frescura 3 Unid.,HYPERDOU,Emb. 0.25 LT,"1,99€","7,96€ / LT",
Milho C/ Sal,MARQUE REPERE,Emb. 0.2 KG,"0,99€","4,95€ / KG",
Flocos de Mel,MOTS D'ENFANTS,Emb. 0.75 KG,"2,99€","3,99€ / KG",
CONJUNTO ESFREGONA ROTATIVA,,Emb. 1 UNID.,"19,99€","19,99€ / UNID.",
Champô Cabelo Strong Power,NIVEA MEN,Emb. 0.25 LT,"4,39€","17,56€ / LT",
SPRAY LIMPA ESTOFOS 1 L 1L TECH9,TECH9,Emb. 1 LT,"3,19€","3,19€ / LT",
Barras de Cereais de Chocolate C/ Leite 6 Unid.,NESQUIK,Emb. 0.15 KG,"3,29€","21,93€ / KG",
Água sem Gás,VITALIS,Garrafa 0.5 LT,"0,30€","0,60€ / LT",
Queijo Ralado 3 Queijos,LES CROISÉS,Emb. 0.15 KG,"1,69€","11,27€ / KG",
Bebida de Amêndoa,ALPRO,Emb. 1 LT,"2,39€","2,39€ / LT",
Conserva de Salsichas 8 Unid.,CÔTÉ TABLE,Lata 0.2 KG,"0,79€","3,95€ / KG",
Toalhitas Pele Sensível,MOTS D'ENFANTS,Emb. 63 UNID.,"1,29€","0,02€ / UNID.",
Aparas de Madeira Perfumadas Limão Roedores,TOUS MES AMIS,Emb. 15 LT,"2,69€","0,18€ / LT",
Café Torrado Moído,PLANTATION,Emb. 0.25 KG,"1,69€","6,76€ / KG",
Água Com Gás,CASTELLO,Emb. 0.075 LT,"1,65€","22,00€ / LT",
SABONETE SOLIDO F. TIARE/ORQUIDEA,MANAVA,Emb. 0.1 KG,"0,59€","5,90€ / KG",
Mini Gelados de Chocolate 70% Preto Intenso Pack 6,MAGNUM,Emb. 0.33 LT,"5,99€","18,15€ / LT",
Iogurte Sólido Proteíco Coco Lindahls,NESTLÉ,Emb. 0.15 KG,"1,09€","7,27€ / KG",
Refrigerante S/ Gás Laranja,ECO+,Garrafa 2 LT,"0,79€","0,40€ / LT",
Ração P/ Gato Esterlizado C/ Salmão,ULTIMA,Emb. 0.8 KG,"7,49€","9,36€ / KG",
Profiteroles com Molho de Chocolate 4x90g,DÉLISSE,Emb. 0.36 KG,"2,69€","7,47€ / KG",
Tablete Chocolate Preto Culinária,,Emb. 0.1 KG,"0,85€","8,50€ / KG",
FOGUETES P/BOLO,,Emb. 10 UNID.,"1,55€","0,16€ / UNID.",
Salsichas C/ Feijão,CÔTÉ TABLE,Emb. 0.84 KG,"2,85€","3,39€ / KG",
"GEL DUCHE ""SEDUCAO"" 250ML CARRE HOMME",CARRÉ HOMME,,"0,97€",/ Unid.,
Pão de Forma sem Côdea 9 Cereais,PANRICO,Emb. 0.48 KG,"2,49€","5,19€ / KG",
DISCOS P/DESMAQUILHAR INELL 70U,INELL,Emb. 70 UNID.,"0,85€","0,01€ / UNID.",
Ice Tea Manga Ananás,NESTEA,Emb. 1.5 LT,"1,00€","0,67€ / LT",
Óleo de Argão,PANTENE,Emb. 0.1 LT,"9,99€","99,90€ / LT",
GLADE T&F RECARGA LAVANDER,BRISE,Emb. 0.01 LT,"2,09€","209,00€ / LT",
Bolachas com Pepitas de Chocolate,ECO+,Emb. 0.2 KG,"0,89€","4,45€ / KG",
Massa Macarronete Riscado,MILANEZA,Emb. 0.5 KG,"1,19€","2,38€ / KG",
A.O.C. Costieres de Nimes Rose,RIVES ET TERRASSES,Garrafa 0.75 LT,"3,89€","5,19€ / LT",
Alimento Seco para Gato Sterilcat Carne Vaca,PURINA ONE,Emb. 1.5 KG,"11,99€","7,99€ / KG",
TIRAS FINISSIMAS BACON EXTRA FUMADO -30% MG 2X75G,TRADILÈGE,Emb. 2 UNID.,"1,99€","1,00€ / UNID.",
ALICATE UNIVERSAL 180MM,FOXTER,Emb. 1 UNID.,"4,99€","4,99€ / UNID.",
Tablete Chocolate Culinária,PANTAGRUEL,Emb. 0.2 KG,"1,79€","8,95€ / KG",
TAMPAO COMPACTO SUPER,DOULYS,,"2,29€",/ Unid.,
Alimento Húmido P/ Gato C/ Carne de Vaca e Frango,GOURMET GOLD,Emb. 0.085 KG,"0,75€","8,82€ / KG",
Feijão Verde Extra Finos Ultracongeladas,NOTRE JARDIN,Emb. 1 KG,"1,95€","1,95€ / KG",
Chá Ervas Noite Tranquila,LIPTON,Emb. 0.03 KG,"1,94€","64,67€ / KG",
Esparguete Clássica,NACIONAL,Emb. 0.5 KG,"0,78€","1,56€ / KG",
Lixívia em Gel Pink,DOMESTOS,Emb. 0.75 LT,"1,79€","2,39€ / LT",
CREME DEPILATORIO DE DUCHE,SLISS,Emb. 0.25 LT,"3,99€","15,96€ / LT",
Refrigerante S/ Gás Romã,JAFADEN,Emb. 1 LT,"1,85€","1,85€ / LT",
Cápsulas Delta Q Café Qharisma 10 Unidades,DELTA Q,Emb. 10 UNID.,"2,99€","0,30€ / UNID.",
Gelado Fizz Limão 6 Unid.,OLÁ,Emb. 0.36 LT,"2,99€","8,31€ / LT",
Chá Exotic Passion,LIPTON,Emb. 20 SAQS,"1,94€","0,10€ / SAQS",
Caderno Capa Preta Pautado A5 60p,ESQUISSE,,"0,79€",/ Unid.,
Queijo de Cabra Curado Pasteurizado,PALHAIS,Emb. 0.18 KG,"3,89€","21,61€ / KG",
MADALENAS CONCHAS,NOS RÉGIONS ONT DU TALENT,Emb. 0.33,"2,59€","7,85€ /",
Preparado Sopa de Cebola Económica,KNORR,Emb. 0.05 KG,"1,09€","21,80€ / KG",
Toalhitas Sensitive Cuidado Máximo 486 unid.,DODOT,Emb. 9 UNID.,"11,59€","1,29€ / UNID.",
Creme Depilatório Pele Sensível,SILISS,Emb. 0.2 LT,"2,75€","13,75€ / LT",
Massa Concha,MILANEZA,Emb. 0.5 KG,"1,19€","2,38€ / KG",
SUMO NATURAL MULTIFRUTOS,JAFADEN,,"1,69€",/ Unid.,
Azeite virgem extra aroma manjericão,GALLO,Emb. 0.25 LT,"2,39€","9,56€ / LT",
Macarrão,TURINI,Emb. 0.5 KG,"0,52€","1,04€ / KG",
PATE CARNE DE VACA/CENOURA P/ GATO 410G,ECO+,Emb. 0.41 KG,"0,65€","1,59€ / KG",
BISCOITOS DE CACAU,P'TIT DÉLI,Emb. 0.4 KG,"1,55€","3,88€ / KG",
Detergente Loiça Manual Original Ultra,FAIRY,Emb. 1.41 LT,"4,19€","2,97€ / LT",
Nectar Laranja e Banana,JAFADEN,Emb. 2 LT,"1,99€","1,00€ / LT",
Snacks P/ Cão 12-25Kg Dentalife Medium,PURINA,Emb. 0.345 KG,"6,69€","19,39€ / KG",
Arroz Tufado Chocolate,P'TIT DÉLI,,"1,38€",/ Unid.,
Lulas Limpas Inteiras,,Emb. 0.5 KG,"6,99€","13,98€ / KG",
Escova de Dentes Max White,COLGATE,Emb. 1 UNID.,"3,99€","3,99€ / UNID.",
FAIRY LIMÃO 340ML,FAIRY,Emb. 0.34 LT,"1,28€","3,76€ / LT",
Néctar de Laranja,UM BONGO,Emb. 1 LT,"1,49€","1,49€ / LT",
GELADO TRIUM NOUGAT 4UN,TRIUM,Emb. 4 UNID.,"2,25€","0,56€ / UNID.",
Refrigerante S/ Gás Ananás,JAFADEN,Emb. 1.5 L,"0,99€","0,66€ / L",
Creme Dia Q10Plus Anti-Rugas Pele Mista,NIVEA,Emb. 0.05 LT,"15,99€","319,80€ / LT",
Álcool Desnaturado,,Emb. 1 LT,"2,99€","2,99€ / LT",
Açúcar Branco de Cana,SIDUL,Emb. 1 KG,"1,79€","1,79€ / KG",
Madalenas em Concha,P'TIT DÉLI,Emb. 0.5 KG,"2,09€","4,18€ / KG",
Água Pura Micelar Peles Secas e Sensíveis,CORINE DE FARME,Emb. 0.5 LT,"4,69€","9,38€ / LT",
PERA ROCHA 55/60,,Emb. 1.5 KG,"1,80€","1,20€ / KG",
Chouriço Extra,DAMATTA,Emb. 0.2 KG,"2,99€","14,95€ / KG",
Conserva de Atum em Óleo Girassol,PÊCHE OCÉAN,Emb. 0.12 KG,"0,99€","8,25€ / KG",
"ARROZ MUNDO ORIENTE BASMATI , 1kg",ORIENTE,,"3,29€",/ Unid.,
BATATAS FRITAS NO FORNO C/ OLEO GIRASSOL BIO,,Emb. 0.6 KG,"2,19€","3,65€ / KG",
Creme de Chocolate Preto 4x125g,DÉLISSE,Emb. 0.5 KG,"1,59€","3,18€ / KG",
FILETE AFIAMBRADO MINI,CAMPO FINO,Emb. 0.35 KG,"1,85€","5,29€ / KG",
"SPRAY AMBIENTADOR ""FLORAL"" 300ML",BIEN AIR,Emb. 0.3 LT,"0,99€","3,30€ / LT",
Ice Tea Melância Hortelã,LIPTON,Emb. 2 LT,"2,49€","1,25€ / LT",
Champô Anti-Caspa Controlo de Oleosidade de Citrinos,LINIC,Emb. 0.36 LT,"4,94€","13,72€ / LT",
Conserva de Atum Assado à Algarvia,RAMIREZ,Emb. 0.12 KG,"1,49€","12,42€ / KG",
Ravioli com Fiambre,TURINI,Emb. 0.3 KG,"1,79€","5,97€ / KG",
CONJUNTO CAPA AUTO  MELHOARRA,ECO+,Emb. 1 UNID.,"19,90€","19,90€ / UNID.",
Vinagre de Vinho Branco,ECO+,Garrafa 1 LT,"0,59€","0,59€ / LT",
Café Cápsulas aQtivus Intensidade 8,DELTA,Emb. 10 CAPS.,"2,99€","0,30€ / CAPS.",
Pet Expert Espuma de Limpeza,VANISH,Emb. 1 UNID.,"5,84€","5,84€ / UNID.",
Iogurte Natural 8x120g,DANONE,Emb. 0.96 KG,"2,59€","2,70€ / KG",
Café Solúvel C/ Bebida Coco Vegan,NESCAFE GOLD,Emb. 0.09 KG,"3,69€","41,00€ / KG",
Vinho Tinto,COMP DO VINHO,Bag in Box 5 LT,"4,69€","0,94€ / LT",
DETERGENTE CAPSULAS 3 EM 1 FRESCURA P/ROUPA,EPSIL,,"4,89€",/ Unid.,
Gel de Banho Lúcia-Lima e Limão,VASELINE,Emb. 0.7 LT,"2,99€","4,27€ / LT",
Nuggets Peito de Frango e Queijo Ultracongelado,CAPITÃO IGLO,Emb. 0.208 KG,"5,99€","28,80€ / KG",
Mini Snack de Chocolate de Leite,LION,Emb. 11 UNID.,"2,79€","0,25€ / UNID.",
Iogurte Líquido Magro Frutos Tropicais 6 Unid.,MIMOSA,Emb. 1.05 LT,"2,69€","2,56€ / LT",
Champô Anti-Caspa Frescura Diária de Menta e Limão para Todos os Tipos de Cabelo,LINIC,Emb. 0.36 LT,"4,94€","13,72€ / LT",
COOKIES COM MEGA PEPITAS CHOCOLATE,P'TIT DÉLI,Emb. 0.276 KG,"2,19€","7,93€ / KG",
Alimento Seco para Gato Carne e Cereais,ECO+,Emb. 2 KG,"2,99€","1,50€ / KG",
Pastilha Elástica Senses Sabor Melancia 3x23g,TRIDENT,Emb. 0.069 KG,"2,59€","37,54€ / KG",
Recarga Ambientador Smooth Satin & Moon Lilly,AIRWICK,Emb. 1 UNID.,"3,59€","3,59€ / UNID.",
Pão de Forma com Códea Especial Torradas,PANRICO,Emb. 0.75 KG,"1,59€","2,12€ / KG",
Conserva de Feijão Frade da Horta,COMPAL,Lata 0.42 KG,"0,99€","2,36€ / KG",
Mamão,,1 Unid. = 1.2 KG (aprox.),"3,35€/kg","4,02€ / Unid.",
Gelado Stracciatella,CARTE D'OR,Emb. 0.9 LT,"3,29€","3,66€ / LT",
Água Perfumada para Engomar,COMFORT,Emb. 1 LT,"1,49€","1,49€ / LT",
Pepitas de Chocolate,TABLIER BLANC,Emb. 0.1 KG,"1,99€","19,90€ / KG",
Arroz Carolino,BELMONTE,Emb. 1 KG,"0,99€","0,99€ / KG",
Iogurte Natural 4x125g,DÉLISSE,Emb. 0.5 KG,"0,69€","1,38€ / KG",
Bebida Energética Energy Drink,RED BULL,Lata 0.25 LT,"1,39€","5,56€ / LT",
Farinha Láctea,MOTS D'ENFANTS,Emb. 1 KG,"4,49€","4,49€ / KG",
AXE Gel de Bnaho Green Mojito 400ml,AXE,Emb. 0.4 LT,"3,29€","8,23€ / LT",
Moscatel de Setúbal,BACALHÔA,Garrafa 0.75 LT,"5,99€","7,99€ / LT",
Molho de Nata Carne,MIMOSA,Emb. 0.2 LT,"0,98€","4,90€ / LT",
Infusão Aromático Biológico,,Emb. 0.03 KG,"0,99€","33,00€ / KG",
Infusão Framboesa,LIPTON,Emb. 20 UN,"1,94€","0,10€ / UN",
FORMA DE QUEQUE Nº 04 - PACK 06 UNID.,ECO+,Emb. 1 UNID.,"2,49€","2,49€ / UNID.",
PAIO YORK FATIADO,CAMPO FINO,Emb. 0.15 KG,"1,59€","10,60€ / KG",
Bolinhas com Pepitas,P'TIT DÉLI,Emb. 0.24 KG,"1,29€","5,38€ / KG",
Areia Higiénica para Gato,ECO+,Emb. 7 LT,"1,35€","0,19€ / LT",
Esparguete,TURINI,Emb. 1 KG,"1,39€","1,39€ / KG",
PAPEL VEGETAL 15 MT,ELEMBAL,Emb. 15 MT,"1,55€","0,10€ / MT",
Cerveja sem Álcool Preta 6x33cl,SUPER BOCK,Emb. 1.98 LT,"4,49€","2,27€ / LT",
Farinha sem Fermento Integral,NACIONAL,Emb. 1 KG,"1,19€","1,19€ / KG",
Fraldas Incontinência Super P,LINDOR,Emb. 40 UNID.,"20,99€","0,52€ / UNID.",
Espirais,ECO+,Emb. 1 KG,"1,29€","1,29€ / KG",
Bacalhau Graúdo Noruega Asa Branca,,1 Unid. = 2.5 KG (aprox.),"12,99€/kg","32,48€ / Unid.",
SUBLINHADOR AMARELO,ESQUISSE,Emb. 1 UNID.,"0,99€","0,99€ / UNID.",
Bebida Láctea para Gatinhos 3x200ml,LYCAT,Emb. 3 UNID.,"2,38€","0,79€ / UNID.",
Alimento Seco P/ Cão Frango com Arroz <10kg,PURINA,Emb. 0.8 KG,"5,72€","7,15€ / KG",
Papa Infantil Leite e 8 Cereais e Mel,CERELAC,Emb. 0.4 KG,"1,84€","4,60€ / KG",
Iogurte Cremoso de Frutas 16x125g,DÉLISSE,Emb. 2 KG,"3,59€","1,80€ / KG",
Escova Esqueleto Grande,,Emb. 1 UNID.,"3,99€","3,99€ / UNID.",
Bife do Pojadouro Vitelão,,1 Unid. = 0.25 KG (aprox.),"8,99€/kg","2,25€ / Unid.",
Queijo Gruyère,NOS RÉGIONS ONT DU TALENT,Emb. 0.25 KG,"4,19€","16,76€ / KG",
Aerossol Air Flores Elegantes,AMBIPUR,Emb. 0.3 LT,"3,99€","13,30€ / LT",
SAUCE POIVRE VERT,RUSTICA,Emb. 0.03 KG,"0,45€","15,00€ / KG",
Bolo Floresta Negra,,Emb. 1 KG,"12,99€","12,99€ / KG",
AGRAFADOR Nº26/6 + 400AGRAFOS,ESQUISSE,Emb. 1 UNID.,"2,89€","2,89€ / UNID.",
Conserva de Feijão Preto da Horta,COMPAL,Lata 0.42 KG,"1,29€","3,07€ / KG",
Alimento Húmido para Gato Fígado e Aves,LYCAT,Emb. 0.1 KG,"0,55€","5,50€ / KG",
Caramelos de Leite,COPAÍNS COPINES,Emb. 0.25 KG,"1,19€","4,76€ / KG",
Bebida à Base de Amêndoa,NAT&VIE,Emb. 1 LT,"1,59€","1,59€ / LT",
Cápsulas Descafeinado Espresso P/ Nespresso Intensidade 11,STARBUCKS,Emb. 10 CAPS.,"4,49€","0,45€ / CAPS.",
Mistura C/ Goji,MARQUE REPERE,Emb. 0.2 KG,"2,99€","14,95€ / KG",
Molho Bechamel Desidratado,RUSTICA,Emb. 0.06 KG,"0,69€","11,50€ / KG",
Snack Batata Frita Sabor Bacon,TOKAPI,Emb. 0.17 KG,"1,95€","11,47€ / KG",
"SALSICHAO SECO ""PUR PORC"" MINI",ST AZAY,Emb. 0.075 KG,"1,39€","18,53€ / KG",
Farinheira Regional,SNR,Emb. 0.23 KG,"1,55€","6,74€ / KG",
PATE PEIXE P/ GATO 100G ECO+,ECO+,Emb. 0.1 KG,"0,27€","2,70€ / KG",
Tiras P/ Coelhos Legumes,TOUS MES AMIS,Emb. 0.11 KG,"1,75€","15,91€ / KG",
Doce Framboesa sem Açúcar,ST. DALFOUR,Frasco 0.284 KG,"4,39€","15,46€ / KG",
AGRAFADOR Nº10 + 400AGRAFOS,ESQUISSE,Emb. 1 UNID.,"3,89€","3,89€ / UNID.",
Papa Infantil,CERELAC,Emb. 0.5 KG,"2,88€","5,76€ / KG",
Molhos Tripack,RUSTICA,Emb. 0.75 KG,"3,99€","5,32€ / KG",
Cápsulas Delta Q Café Epic 10 unidades,DELTA Q,Emb. 0.055 KG,"3,39€","61,64€ / KG",
Mini Barras de Chocolate com Recheio de Leite 16Unid.,COPAÍNS COPINES,Emb. 0.2 KG,"1,99€","9,95€ / KG",
Brioche Fatiado Familiar,EPI D'OR,Emb. 0.7 KG,"2,79€","3,99€ / KG",
2 PILHAS RECARREGAVEIS R20 3000MAH,FOXTER,Emb. 2 UNID.,"6,99€","3,50€ / UNID.",
Máquinas de Barbear Descartáveis Blue II Plus Mulher,GILLETTE,Emb. 6 UNID.,"2,99€","0,50€ / UNID.",
MEGA CHOCO CHOCOLATE LEITE CROCANTE,P'TIT DÉLI,Emb. 0.15 KG,"1,59€","10,60€ / KG",
Caldo Culinário 16 cubos,KNORR,Emb. 0.16 KG,"1,39€","8,69€ / KG",
Molho de Soja,BLUE DRAGON,Emb. 0.15 LT,"1,99€","13,27€ / LT",
Licor,SHERIDAN'S,Garrafa 0.5 LT,"17,99€","35,98€ / LT",
MINI SPRAY BRISA MARINHA RECARGA 15ML,BIEN AIR,Emb. 0.015 LT,"0,90€","60,00€ / LT",
Alimento Seco P/ Gato Vital Coelho e Frango,PURINA FRISKIES,Emb. 0.4 KG,"2,19€","5,48€ / KG",
Chantilly Light,DÉLISSE,Emb. 0.25 KG,"1,69€","6,76€ / KG",
Chouriço Porco Preto,SNR,Emb. 0.2 KG,"2,99€","14,95€ / KG",
Champô para Cabelo Pintado,TRESEMMÉ,Emb. 0.4 LT,"4,19€","10,48€ / LT",
Papel Higiénico Extra XXL 2 Folhas,RENOVA,Emb. 24 ROLOS,"15,79€","0,66€ / ROLOS",
Sabonete Líquido para as Mãos de Coco,DOVE,Emb. 0.25 LT,"2,59€","10,36€ / LT",
VELA NUMERO FUN 8,ARDENCE,Emb. 1 UNID.,"0,99€","0,99€ / UNID.",
Ração Seca Light Frango P/ Cão,FRISKIES,Emb. 3 KG,"11,69€","3,90€ / KG",
Alho C/ Moinho,MARGÃO,Emb. 0.028 KG,"3,99€","142,50€ / KG",
Bloco Sanitário Poder Activo Lavanda,SONASOL,Emb. 0.05 KG,"1,94€","38,80€ / KG",
Conserva de Feijão Preto,COMPAL,Lata 0.845 KG,"1,59€","1,88€ / KG",
Chocolate de Leite,MILKA,Emb. 0.09 KG,"1,69€","18,78€ / KG",
ChuChu,,1 Unid. = 0.29 KG (aprox.),"2,59€/kg","0,75€ / Unid.",
Alheira da Caca de Trancoso,SNR,Emb. 0.2 KG,"1,89€","9,45€ / KG",
Flocos de Aveia,GRAINEA,Emb. 0.5 KG,"1,26€","2,52€ / KG",
NOODLES DE CARIL,TABLES DU MONDE,Emb. 0.061 KG,"0,99€","16,23€ / KG",
"Mini Gelados de Chocolate Classic, Amêndoa e Branco Pack 10",MAGNUM,Emb. 0.55 LT,"7,49€","13,62€ / LT",
Tablete Milka Leite,MILKA,Emb. 0.1 KG,"1,69€","16,90€ / KG",
Pipe Rigate,TRADIZIONI D'ITALIA,Emb. 0.5 KG,"1,59€","3,18€ / KG",
QUALITA ROSSA CAFE MOIDO,LAVAZZA,Emb. 0.25 KG,"2,62€","10,48€ / KG",
Fiambre Peito de Frango em Forno de Lenha,CAMPOFRIO,1 Unid. = 0.11 KG (aprox.),"13,91€/kg","1,53€ / Unid.",
PURE MACA/FRAMBOESA/ARANDO SEM ADICAO ACUCAR BISNAGA,DOUCEUR DU VERGER,Emb. 0.48 KG,"2,79€","5,81€ / KG",
Gel de Banho Naturals Leite e Mel,PALMOLIVE,Emb. 0.5 LT,"2,69€","5,38€ / LT",
Óleo Alimentar,RUSTICA,Garrafão 3 LT,"8,25€","2,75€ / LT",
Azeite Virgem,RUSTICA,Garrafão 3 LT,"12,69€","4,23€ / LT",
Mandioca,,1 Unid. = 0.54 KG (aprox.),"2,98€/kg","1,61€ / Unid.",
Água sem Gás,LUSO,Garrafão 5.4 LT,"1,69€","0,31€ / LT",
Máscara de Abacate Ultra Suave,GARNIER,Emb. 0.3 LT,"6,79€","22,63€ / LT",
Iogurte Soja Framboesa 4 Unid.,NAT&VIE,Emb. 0.4 KG,"1,49€","3,73€ / KG",
FECULA DE MILHO,TABLIER BLANC,Emb. 0.4 KG,"1,29€","3,23€ / KG",
Creme Corporal Pele Seca Refirmante Q10,NIVEA BODY,Emb. 0.25 LT,"4,99€","19,96€ / LT",
Vinho Regional Douro Branco,ADEGA DE VILA REAL,Garrafa 0.75 LT,"3,29€","4,39€ / LT",
RECARGA P/ ESCOVA DENTES CABECA RECARRREGAVEL,DENTAMYL,,"1,25€",/ Unid.,
Leite UHT S/ Lactose Magro,MIMOSA,Emb. 1 LT,"1,29€","1,29€ / LT",
Bolachas Digestivas Chocolate,TRIUNFO,Emb. 0.195 KG,"1,99€","10,21€ / KG",
BORRACHA BRANCA 1UN,ESQUISSE,Emb. 1 UNID.,"0,79€","0,79€ / UNID.",
Bife Bourguignon com Batatas,CÔTÉ TABLE,Emb. 0.3 KG,"2,49€","8,30€ / KG",
Rosegones Biscoitos de Amêndoa,P'TIT DÉLI,Emb. 0.25 KG,"1,69€","6,76€ / KG",
Cereais de Aveia Integral,FITNESS,Emb. 0.625 KG,"4,19€","6,70€ / KG",
AUSONIA ORG COTTON NOITE ABAS,AUSONIA,Emb. 90 UNID.,"2,54€","0,03€ / UNID.",
Lava Tudo Novo Brilho Camomila e Flor de Laranjeira,SONASOL,Emb. 1.3 LT,"2,09€","1,61€ / LT",
Alimento Húmido P/ Gato Salmão Atum Legumes,PURINA FRISKIES,Emb. 0.4 KG,"1,69€","4,23€ / KG",
Guardanapos 2 Folhas Gold 39x39 cm,RENOVA,Emb. 40 UNID.,"1,99€","0,05€ / UNID.",
Pastilhas 2 em 1 Protege e Limpa,CALGON,Emb. 15 UNID.,"6,99€","0,47€ / UNID.",
Leite Meio Gordo S/ Lactose 4x200ML,MIMOSA,Emb. 0.8 LT,"1,99€","2,49€ / LT",
LEITE DE COCO,TABLES DU MONDE,Emb. 0.4,"1,49€","3,73€ /",
Vinho Regional Alentejo Tinto,MONTE VELHO,Garrafa 0.75 LT,"3,69€","4,92€ / LT",
Entremeada de Porco,,1 Unid. = 0.4 KG (aprox.),"3,99€/kg","1,60€ / Unid.",
Alimento Seco P/ Gato Sénior +11 Anos de Frango,PURINA,Emb. 1.5 KG,"11,99€","7,99€ / KG",
Café Lote Bocage Moagem Única,NICOLA,Emb. 0.25 KG,"3,64€","14,56€ / KG",
Dentífrico Cuidado Diário,PARODONTAX,Emb. 0.075 LT,"5,59€","74,53€ / LT",
Whisky Cutty Sark,CUTTY SARK,Garrafa 0.7 LT,"11,49€","16,41€ / LT",
Alimento Seco Cão Croquetes Carne,ECO+,Emb. 4 KG,"4,69€","1,17€ / KG",
Ice Tea Pêssego Zero Açúcar,LIPTON,Emb. 0.6 LT,"1,13€","1,88€ / LT",
TARTE MORANGO  NATA,P'TIT DÉLI,Emb. 0.3 KG,"2,99€","9,97€ / KG",
Recarga Ambientador Elétrica White Bouquet,AIR WICK,Emb. 0.019 LT,"3,59€","188,95€ / LT",
BALDE DE TREMOCOS,RUSTICA,Emb. 3.5 KG,"5,45€","1,56€ / KG",
Duc de Borzac Armagna V.S.O.P,DUC DE BORZAC,Garrafa 0.7 LT,"14,99€","21,41€ / LT",
Detergente Manual em Pó,TIDE,Emb. 0.6 KG,"1,78€","2,97€ / KG",
Alimento Seco P/ Cão -10Kg Vaca e Arroz,PURINA,Emb. 3 KG,"15,99€","5,33€ / KG",
Tablete de Chocolate Preto Praline com Pepitas de Avelã,EQUADOR,Emb. 0.15 KG,"1,55€","10,33€ / KG",
Natas Líquidas Magra 3x20cl,DÉLISSE,Emb. 0.06 LT,"1,75€","29,17€ / LT",
Queijo Brie,,1 Unid. = 0.2 KG (aprox.),"12,49€/kg","2,50€ / Unid.",
Toalhitas Íntimas Suaves,CORINE DE FARME,Emb. 10 UNID.,"1,64€","0,16€ / UNID.",
Refrigerante C/Gás Cola 6 Unid.,JEAN'S,Lata 1.98 ML,"2,89€","1,46€ / ML",
TOALHITAS ANTI-DESCOLORACAO 25UN,TEXIL,Emb. 25 UNID.,"1,85€","0,07€ / UNID.",
Gelado de Yoghurt & Forest Fruit,CARTE D'OR,Emb. 1 LT,"3,29€","3,29€ / LT",
FORMA PAO DE LÓ C/ CANO Nº. 26,ECO+,Emb. 1 UNID.,"3,99€","3,99€ / UNID.",
Pensos Diários Salva Slip Normal,EVAX,Emb. 50 UNID.,"2,59€","0,05€ / UNID.",
Caramelo Líquido,ROYAL,Emb. 0.4 KG,"2,69€","6,73€ / KG",
Refrigerante C/ Gás Lima Limão,ECO+,Garrafa 2 LT,"0,79€","0,40€ / LT",
Gel de Banho Purely Pampering,DOVE,Emb. 0.75 LT,"4,79€","6,39€ / LT",
Pão de Forma Integral com Côdea Receita Económica,PANRICO,Emb. 0.52 KG,"1,69€","3,25€ / KG",
Água de Nascente S/ Gás,ECO+,Garrafa 1.5 LT,"0,25€","0,17€ / LT",
Gelado Tyrolia Frutos Vermelhos,ESKISS,Emb. 0.65 LT,"2,25€","3,46€ / LT",
Conserva de Milho Doce,BONDUELLE,Lata 0.3 KG,"1,58€","5,27€ / KG",
Sabonete Liquido Recarga Leite e Mel,PALMOLIVE,Emb. 0.3 LT,"3,19€","10,63€ / LT",
Detergente em Pó p/ Máquina de Roupa,SURF,Emb. 92 DOSES,"12,49€","0,14€ / DOSES",
Espumante Reserva Meio Seco,FITA AZUL,Garrafa 0.75 LT,"5,69€","7,59€ / LT",
"Tisana Silhueta de Cavalinha, Erva Príncipe e Gengibre",LIPTON,Emb. 0.028 KG,"1,94€","69,29€ / KG",
Alimento Seco P/ Cão Adulto Rica em Borrego C/ Cevada Integral,BEYOND,Emb. 1.4 KG,"6,34€","4,53€ / KG",
Leite UHT Meio Gordo,GRESSO,Emb. 1 LT,"0,84€","0,84€ / LT",
Ice Tea de Pêssego Lata 6x25cl,LIPTON,Emb. 1.5 LT,"3,38€","2,25€ / LT",
Creme Smooth Milk Pele Seca,NIVEA,Emb. 0.25 LT,"5,49€","21,96€ / LT",
Creme Barbear Sensitive,PALMOLIVE,Emb. 0.1 LT,"3,49€","34,90€ / LT",
Vinho Tinto,MONTES ERMOS,Bag in Box 5 LT,"9,99€","2,00€ / LT",
DETERGENTE MANUAL LOICA ULTRA LIMAO 750ML,VISIOR,Emb. 0.75 LT,"1,01€","1,35€ / LT",
"ASPIRADOR C/SACO 500W 3,5L",ELSAY,Emb. 1 UNID.,"59,90€","59,90€ / UNID.",
Cone Manga e Maracujá,TRIUM,Emb. 6 UNID.,"2,15€","0,36€ / UNID.",
COOKIES COM MEGA PEPITAS CHOCOLATE,P'TIT DÉLI,Emb. 0.184 KG,"1,49€","8,10€ / KG",
Pevides de Girassol C/ Casca C/ Sal,MARQUE REPERE,Emb. 0.2 KG,"1,25€","6,25€ / KG",
Fermento em Pó,ROYAL,Lata 0.226 KG,"3,59€","15,89€ / KG",
Refrigerante C/ Gás Vidro,COCA COLA,Emb. 1 LT,"1,85€","1,85€ / LT",
Conserva de Tremoço Extra,RUSTICA,Emb. 0.5 KG,"1,99€","3,98€ / KG",
Vinho de Mesa Branco,LAGAR DAS PIAS,Bag in Box 5 LT,"7,99€","1,60€ / LT",
Suporte Universal Carro P/ Smartphone,LINKSTER,Emb. 1 UNID.,"5,99€","5,99€ / UNID.",
PALMIERS ESTALADICOS,ECO+,Emb. 0.1 KG,"0,55€","5,50€ / KG",
Queijo Amanteigado Fatiado,PAIVA,Emb. 0.18 Kg,"2,79€","15,50€ / Kg",
COLORAÇÃO PERMANENTE CASTANHO VIOLINO 4.6,BELLADY,Emb. 1 UNID.,"9,99€","9,99€ / UNID.",
MOLHO FRANCESINHA,RUSTICA,Emb. 0.5 KG,"1,99€","3,98€ / KG",
PORTFOLIO A4 60 BOLSAS,ESQUISSE,Emb. 60 UNID.,"3,09€","0,05€ / UNID.",
Gelatina Morango 4 Unid.,ROYAL,Emb. 0.4 KG,"1,99€","4,98€ / KG",
Iogurte Líquido Baunilha Cookies,DANONE,Emb. 0.3 KG,"1,89€","6,30€ / KG",
Vinho Verde Branco,CAMPELO,Garrafa 1 LT,"2,99€","2,99€ / LT",
Vinho Regional Península de Setúbal Branco,ADEGA DE PEGÕES,Garrafa 0.75 LT,"1,59€","2,12€ / LT",
Espumante Doce,SALVE,Garrafa 0.75 LT,"2,79€","3,72€ / LT",
Conjunto De 2 Mini Cadeados,ECO+,Emb. 2 UNID.,"2,19€","1,10€ / UNID.",
Vinho Regional Alentejo Tinto,REGUENGOS,Garrafa 0.75 LT,"2,39€","3,19€ / LT",
Toucinho Fumado,DAMATTA,Emb. 0.2 KG,"3,29€","16,45€ / KG",
Pacotinho de Cereais e Bolacha Maria,NESTUM,Emb. 0.08 KG,"0,99€","12,38€ / KG",
Néctar Clássico Pera Rocha,COMPAL,Emb. 1 LT,"0,99€","0,99€ / LT",
Maçã Reineta Cal. 70/75,,1 Unid. = 0.2 KG (aprox.),"1,58€/kg","0,32€ / Unid.",
Película Aderente Flexível e Extra Aderente,VILEDA,Emb. 25 MT,"2,65€","0,11€ / MT",
Licor Creme Pastel Nata,35,Garrafa 0.7 LT,"11,99€","17,13€ / LT",
Mistura de Pimentas 5 Bagas,MARGÃO,Emb. 0.024 KG,"3,99€","166,25€ / KG",
Refrigerante S/ Gás Tropical Cenoura,JAFADEN,Garrafa 1.5 LT,"1,25€","0,83€ / LT",
Meloa Cantalupe,,1 Unid. = 1.34 KG (aprox.),"2,49€/kg","3,34€ / Unid.",
Ervilhas Extra Finas,NOTRE JARDIN,Emb. 0.8 KG,"1,39€","1,74€ / KG",
Nectar Clássico Alperce 3x20cl,COMPAL NECTAR,Emb. 0.08 LT,"1,49€","18,63€ / LT",
GLADE RECARGA SANDALWOOD & JASMINE 10ML,GLADE,,"2,09€",/ Unid.,
COLORACAO CASTANHO 4.45 S/AMONIACO 1UN VITANOVE,VITANOVE,Emb. 1 UNID.,"3,89€","3,89€ / UNID.",
Conserva de Azeitona Verde em Rodelas,RUSTICA,Frasco 0.36 KG,"1,39€","3,86€ / KG",
PENSOS INCONTINENCIA U. FINOS C/ ABAS SUPER+ POCKET 14UN CHORYS,CHORYS,Emb. 14 UNID.,"2,45€","0,18€ / UNID.",
Leite com Chocolate 6x25 cl,UCAL,Emb. 1.5 LT,"5,76€","3,84€ / LT",
Cillit Bang Tira Gorduras 500ML x12,CILLIT BANG,Emb. 0.5 LT,"2,24€","4,48€ / LT",
Sobremesa Creme de Caramelo 4x125g,DÉLISSE,Emb. 0.5 KG,"1,59€","3,18€ / KG",
Créme Dessert Praliné 4x125g,DÉLISSE,Emb. 0.5 KG,"1,59€","3,18€ / KG",
Alimento P/ Gato Adulto P/Saúde do Trato Urinário,PURINA ONE,Emb. 0.8,"6,99€","8,74€ /",
Máquinas de Depilar Descartáveis Venus 3,GILLETTE,Emb. 6 UNID.,"5,99€","1,00€ / UNID.",
Anona,,1 Unid. = 0.27 KG (aprox.),"2,99€/kg","0,81€ / Unid.",
LONA PLASTICO 4X6M,ECO+,,"12,99€",/ Unid.,
Hamburgers Peito de Frango Ultracongelado,IGLO,Emb. 0.48 KG,"10,99€","22,90€ / KG",
ALIMENT BEBE: PURE LEGUMES FRANGO DO CAMPO BIO +8M 2X200G,BIO VILLAGE BEBE,Emb. 0.4 KG,"2,69€","6,73€ / KG",
Vinho Bio Tinto Douro,ALTANO,Emb. 0.75 LT,"7,99€","10,65€ / LT",
Creme de Mãos Reparador Repair & Care,BIOTEN,Emb. 0.1 LT,"2,13€","21,30€ / LT",
"MAQUINA CAFE FILTRO 1,25L 1000W",ELSAY,Emb. 1 UNID.,"26,90€","26,90€ / UNID.",
Queijo Flamengo Barra,GRESSO,1 Unid. = 0.15 KG (aprox.),"6,98€/kg","1,05€ / Unid.",
Creme Culinário de Soja,SHOYCE,Emb. 0.2 LT,"1,49€","7,45€ / LT",
Maionese Formato XXL,CALVÉ,Emb. 0.753 KG,"5,49€","7,29€ / KG",
Leite de Cabra UHT Meio Gordo,PRÉSIDENT,Emb. 1 LT,"2,44€","2,44€ / LT",
Salada Iceberg,,Emb. 0.25 KG,"0,99€","3,96€ / KG",
Luvas Finas Descartáveis Latex Tam. M,MAMISON,Emb. 100 UNID.,"15,90€","0,16€ / UNID.",
MARSHMALLOWS CHOCO,COPAÍNS COPINES,Emb. 0.16 KG,"1,69€","10,56€ / KG",
Chá Verde,TETLEY,Emb. 10 SAQ.,"0,89€","0,09€ / SAQ.",
Gin Gordon´s,GORDON'S,Garrafa 0.7 LT,"16,49€","23,56€ / LT",
Tomate Triturado 390 g,TURINI,Lata 0.5 KG,"0,49€","0,98€ / KG",
Ketchup 473G,CALVÉ,Emb. 0.473 KG,"3,59€","7,59€ / KG",
Conserva Ervilhas Cenouras 3x130g,NOTRE JARDIN,Emb. 0.13 KG,"1,95€","15,00€ / KG",
Bolachas Cookies com Pepitas Chocolate e Côco,P'TIT DÉLI,Emb. 0.2 KG,"1,39€","6,95€ / KG",
Detergente Loiça Manual Original Ultra,FAIRY,Emb. 1.5 LT,"5,64€","3,76€ / LT",
IOG.NAT.ACU.DELISSE CANA X16,DÉLISSE,Emb. 16 UNID.,"2,99€","0,19€ / UNID.",
Bolachas Sementes de Sésamo Biológicas,,Emb. 0.23 KG,"2,09€","9,09€ / KG",
Ambientador Recarga Spray Lavanda,GLADE,Emb. 2 UNID.,"7,18€","3,59€ / UNID.",
RECARGA ESFREGONA UNIVERSAL,VILEDA,,"2,49€",/ Unid.,
Manteiga C/ Sal,MILHAFRE,Emb. 0.25 KG,"2,29€","9,16€ / KG",
"MINAS P/LAPISEIRA HB 0,7MM 2UN",ESQUISSE,Emb. 2 UNID.,"0,99€","0,50€ / UNID.",
Alimento Seco P/ Gato Controlo Bolas De Pelo,FRISKIES,Emb. 1.5 KG,"6,99€","4,66€ / KG",
Papel Higiénico 2 Folhas Estra XXL 18=45,RENOVA,Emb. 18 ROLOS,"11,85€","0,66€ / ROLOS",
SALSA PICADA BIO,,Emb. 0.05 KG,"1,09€","21,80€ / KG",
After shave loção fresh kick,NIVEA MEN,Emb. 0.1 LT,"8,99€","89,90€ / LT",
OLEO BARBA LONGA 50ML,CARRÉ HOMME,,"2,99€",/ Unid.,
Conserva de Feijão Encarnado Cozido,NOTRE JARDIN,Lata 0.85 KG,"0,99€","1,16€ / KG",
ICE TEA LIMÃO,LIPTON,Emb. 0.5 LT,"0,79€","1,58€ / LT",
PIZZA ESPECIAL MERVEILLOSA,TURINI,Emb. 0.33 KG,"2,26€","6,85€ / KG",
"AGUA FASTIO,,6x33CL",FASTIO,,"1,89€",/ Unid.,
"AGUA VIMEIRO LISA PET 4X1,5L",VIMEIRO,,"2,09€",/ Unid.,
Sumo 100% Laranja,JAFADEN,Emb. 2 LT,"2,85€","1,43€ / LT",
Champô Citrinos Extra Suave,MANAVA,Emb. 0.5 LT,"2,29€","4,58€ / LT",
Leite Confort 1,NAN,Emb. 0.8 KG  (aprox.),"20,99€","26,24€ / KG",
Champô Cabelo Ultra Suave Delicadeza de Aveia,GARNIER,Emb. 0.25 LT,"3,59€","14,36€ / LT",
COLORACAO LOURO CINZENTO 7.1 S/AMONIACO,VITANOVE,Emb. 1 UNID.,"3,89€","3,89€ / UNID.",
Café Torrado Moído Portugal Universal,DELTA,Emb. 0.25 KG,"2,29€","9,16€ / KG",
MASCARA DETOX BIO 100ML,BIONAÏA,Emb. 0.1 LT,"3,49€","34,90€ / LT",
Bebida Energética Absolutely Zero,MONSTER ENERGY,Emb. 0.5 LT,"1,20€","2,40€ / LT",
PURE MACA/MANGA SEM ADICAO ACUCAR BISNAGA BIO,,Emb. 0.36 KG,"2,39€","6,64€ / KG",
Ketchup Familiar XXL,CALVÉ,Emb. 0.55 KG,"3,89€","7,07€ / KG",
Conserva de Feijão Verde Muito Fino,NOTRE JARDIN,Lata 0.8 KG,"1,79€","2,24€ / KG",
Tomates Inteiros Pelados C/ Sumo,ECO+,Emb. 0.449 KG,"0,70€","1,56€ / KG",
ALCOOL ETILICO 70º,PRIMOPLAST,Emb. 0.25 LT,"0,75€","3,00€ / LT",
Miolo de Amendoim C/ Sal,MARQUE REPERE,Emb. 0.25 KG,"1,19€","4,76€ / KG",
Café Torrado em Grão,PLANTATION,Emb. 0.25 KG,"1,69€","6,76€ / KG",
Papa Infantil Não Láctea Multicereais,CERELAC,Emb. 0.25 KG,"1,79€","7,16€ / KG",
Vinho Regional Bairrada Branco,MARQUES DE MARIALVA,Garrafa 0.75 LT,"4,99€","6,65€ / LT",
Alimento Húmido Gato Ave e Legumes,LYCAT,,"1,55€",/ Unid.,
Pastilha Elástica Senses Watermelon Sunrise,TRIDENT,Emb. 0.023 KG,"0,95€","41,30€ / KG",
Fósforos de Segurança 100 unid.,SILEX,Emb. 3 UNID.,"0,76€","0,25€ / UNID.",
Cereais Choco Krispies,KELLOGG'S,Emb. 0.375 KG,"2,29€","6,11€ / KG",
Loção Corporal Cocoa Radiance,VASELINE,Emb. 0.2 LT,"2,14€","10,70€ / LT",
Paio Extra Porco Preto,SNR,Emb. 0.3 KG,"5,99€","19,97€ / KG",
PEPINO FERBAR VINAGRE 345G,FERBAR,Emb. 0.345 KG,"1,56€","4,52€ / KG",
Pão de Forma com Códea Familiar,PANRICO,Emb. 0.75 KG,"1,59€","2,12€ / KG",
Sobremesa Sabor a Baunilha Bolas Chocolate Mix'n Croc 4x117g,DÉLISSE,Emb. 0.468 KG,"1,95€","4,17€ / KG",
Molho Béchamel,RUSTICA,Emb. 0.5 LT,"1,17€","2,34€ / LT",
Detergente Limpeza Spray Multiusos com Lixívia,CIF,Emb. 0.75 Lt,"2,49€","3,32€ / Lt",
Queijo de Ovelha Amanteigado Seia,MARTINS & REBELLO,1 Unid. = 0.5 KG (aprox.),"14,98€/kg","7,49€ / Unid.",
RIMMEL BL_  BATON LASTING FINISH KATE MOSS 008,,Emb. 1 UNID.,"8,99€","8,99€ / UNID.",
Muesli de Frutos Secos Biológico,,Emb. 0.5 KG,"2,99€","5,98€ / KG",
Néctar Clássico Laranja,COMPAL,Emb. 1 LT,"0,99€","0,99€ / LT",
WC Brisa Marinha,NEO BLANC,Emb. 2 UNID.,"4,49€","2,25€ / UNID.",
Pensos Higiénicos Normal,ECO+,Emb. 20 UNID.,"0,95€","0,05€ / UNID.",
Conserva de Tomate Pelado,TURINI,Lata 0.39 KG,"0,75€","1,92€ / KG",
Pantene Liso & Sedoso Laca 300ml,PANTENE PV,Spray 0.3 LT,"3,74€","12,47€ / LT",
Vinho Regional Alentejo Tinto,TRINCA BOLOTAS,Garrafa 0.75 LT,"6,99€","9,32€ / LT",
Água sem Gás Frutos Vermelhos,LUSO FRUTA,Garrafa 1 LT,"1,27€","1,27€ / LT",
Bolacha Gullon Vitalday Crocant Fruta 300g,GULLÓN,Emb. 0.3 KG,"2,29€","7,63€ / KG",
Champô Anti-Caspa Men Eficácia Activa,LINIC,Emb. 0.225 LT,"3,34€","14,84€ / LT",
Néctar Clássico Pêssego,COMPAL,Emb. 0.33 LT,"0,79€","2,39€ / LT",
LUVAS JARDINAGEM S CINZA,BEAUX JOURS,Emb. 1 UNID.,"1,89€","1,89€ / UNID.",
Cuecas Incontinência Boutique M,AUSONIA,Emb. 9 UNID.,"11,99€","1,33€ / UNID.",
MACA GALA 65/70 IGP ALCOBACA,,Emb. 1 KG,"1,99€","1,99€ / KG",
Nectarina,,1 Unid. = 0.12 KG (aprox.),"2,49€/kg","0,30€ / Unid.",
MINI MARCADOR FLURESCENTE SORTIDO CORES PASTEL 4UN,ESQUISSE,Emb. 4 UNID.,"2,29€","0,57€ / UNID.",
Cerveja C/ Álcool,FALSBOURG,Garrafa 1 LT,"0,99€","0,99€ / LT",
Spray Anti-Odor,SPLENDOR,Emb. 0.15 LT,"2,84€","18,93€ / LT",
CAPA PLASTICA A4 C/ELASTICO 1UN,ESQUISSE,Emb. 1 UNID.,"1,99€","1,99€ / UNID.",
PA P/TABULEIRO P/GATO 1UN,P'TIT AMI,Emb. 1 UNID.,"0,89€","0,89€ / UNID.",
BOLACHAS TOSTADAS GULLON 4X200GR,GULLÓN,Emb. 0.2 KG,"2,79€","13,95€ / KG",
Fruta 100% Maçã e Banana 4 Unid.,NESTLÉ,Emb. 0.4 KG,"2,19€","5,48€ / KG",
Bacalhau Seleção Crescido Asa Preta,,1 Unid. = 1.6 KG (aprox.),"12,99€/kg","20,78€ / Unid.",
Mostarda,CALVÉ,Emb. 0.257 KG,"1,49€","5,80€ / KG",
VELA NUMERO FUN 1,ARDENCE,Emb. 1 UNID.,"0,99€","0,99€ / UNID.",
Fralda Cueca T6 +16Kg Eco,MOTS D'ENFANTS,Emb. 18 UNID.,"7,49€","0,42€ / UNID.",
BATERIA Nº 14 74/680 74/680 TECH9,TECH9,Emb. 1 UNID.,"77,99€","77,99€ / UNID.",
Queijo Fresco em Forma,NOS RÉGIONS ONT DU TALENT,Emb. 1 KG,"2,90€","2,90€ / KG",
Folhas de Tomilho,RUSTICA,Frasco 0.018 KG,"0,80€","44,44€ / KG",
Creme Fixativo para Próteses Dentárias,POLIDENT,Emb. 0.04 KG,"6,99€","174,75€ / KG",
Gel de Banho Peony & Rose,DOVE,Emb. 0.75 LT,"4,19€","5,59€ / LT",
Sabonete Líquido Aloe Vera,DETTOL,Emb. 0.25 LT,"2,64€","10,56€ / LT",
Chicória e Café Solúvel,PLANTATION,Emb. 0.1 KG,"1,49€","14,90€ / KG",
Gelatina Light Limão,ROYAL,Emb. 0.031 KG,"2,09€","67,42€ / KG",
Leite C/ Chocolate UHT 4 Unid.,MIMOSA,Emb. 0.8 LT,"1,69€","2,11€ / LT",
"Café Solúvel Cevada, Chicória e Centeio",BRASA,Frasco 0.2 KG,"2,79€","13,95€ / KG",
Sumo Florida,SUNNY DELIGHT,Emb. 0.5 Lt,"0,89€","1,78€ / Lt",
Néctar Clássico Frutos Vermelhos Uva e Maçã,JAFADEN,Emb. 1 LT,"0,99€","0,99€ / LT",
RACLETTE REDONDA 8P,ELSAY,Emb. 1 UNID.,"29,90€","29,90€ / UNID.",
ARROZ DE PATO,CÔTÉ TABLE,Emb. 0.8 KG,"6,79€","8,49€ / KG",
Gelatina Light Mirtilo 4 Unid.,ROYAL,Emb. 0.4 KG,"2,19€","5,48€ / KG",
"CAPRICHOS DO MAR,S/GLUTEN,1KG",PESCANOVA,Emb. 1 KG,"8,59€","8,59€ / KG",
Detergente Roupa Líquido Proteção Escuros,WOOLITE,Emb. 30 DOSES,"6,99€","0,23€ / DOSES",
Facas Madeira Biodegradável,HOMESIDE,Emb. 10 UNID.,"1,09€","0,11€ / UNID.",
COOKIES C/ MEGA PEPITAS DE CHOCOLATE E AVELAS,P'TIT DÉLI,Emb. 0.184 KG,"1,49€","8,10€ / KG",
Café Solúvel Puro Colombia Suave,NESCAFÉ,Emb. 0.1 KG,"6,39€","63,90€ / KG",
CREME SOJA P/ CULINARIA BIO,,Emb. 0.25 KG,"1,49€","5,96€ / KG",
Papel Higiénico Triple Confort,SCOTTEX,Emb. 24 UNID.,"8,79€","0,37€ / UNID.",
SPRAY FIXACAO EXTREMA,VITANOVE,Emb. 0.25 LT,"1,65€","6,60€ / LT",
Cerveja C/ Álcool 24 Unid.,MÍLLBRAU,Emb. 6 LT,"7,20€","1,20€ / LT",
Bolachas de Água e Sal Integral -40% de Sal,VIEIRA,Emb. 0.186 KG,"2,96€","15,91€ / KG",
Cuscus Clássica,NACIONAL,Emb. 0.25 KG,"0,85€","3,40€ / KG",
Condicionador Cabelo Cor Revitalizante,TRESEMMÉ,Emb. 0.9 LT,"6,59€","7,32€ / LT",
Balança Cozinha,ELSAY,Emb. 1 UNID.,"13,90€","13,90€ / UNID.",
Amendoins Torrados e Salgados 3x120g,TOKAPI,Emb. 0.36 KG,"1,65€","4,58€ / KG",
Néctar Essencial Pêra 3x110ml,COMPAL,Emb. 0.33 LT,"1,79€","5,42€ / LT",
Snack Queijo de Vaca,PRÉSIDENT,Emb. 0.18 KG,"3,29€","18,28€ / KG",
Alimento Perle Húmido P/ Gato C/ Molho Salmão e Atum 4x85g,PURINA,Emb. 0.34 KG,"3,49€","10,26€ / KG",
Iogurte Grego Natural,YAOS,Emb. 1 KG,"3,99€","3,99€ / KG",
MASSA PENNE RIGATE INTEGRAL,TURINI,Emb. 0.5 KG,"1,39€","2,78€ / KG",
Penso Incontinência Discreet Extra,AUSONIA,Emb. 10 UNID.,"2,99€","0,30€ / UNID.",
Abacaxi Sweet Gold,,1 Unid. = 1.78 KG (aprox.),"1,39€/kg","2,47€ / Unid.",
Nuggets de Frango 18 Unid.,CAPITÃO IGLO,Emb. 0.375 KG,"8,99€","23,97€ / KG",
ESCOVA DENTES BAMBU MEDIA,DENTAMYL,Emb. 1 UNID.,"1,99€","1,99€ / UNID.",
"AGUA NAT PET,CARVALHELHO,4x1.5L",CARVALHELHOS,,"2,38€",/ Unid.,
Afia Lápis de Maquilhagem Dupla,,Emb. 1 UNID.,"2,29€","2,29€ / UNID.",
SALADA PARISIENNE ATUM MR,COTE SNACK,Emb. 0.25 KG,"1,99€","7,96€ / KG",
Wafers de Baunilha,,Emb. 0.17 KG,"1,35€","7,94€ / KG",
Fritos Tiras de Milho,MATUTANO,Emb. 0.13 KG,"1,65€","12,69€ / KG",
Recarga Ambientador Freshmatic Oasis Turquesa,AIR WICK,Emb. 0.25 LT,"3,59€","14,36€ / LT",
Refrigerante C/ Gás Ananás,SPRINK'S,Garrafa 1.5 LT,"0,74€","0,49€ / LT",
"BEBIDA APERITIVA BIANCO 14,4º",GILDO,1 0,"3,19€",inf€ /,
Favas Ultracongeladas,,Emb. 0.4 KG,"1,09€","2,73€ / KG",
Achocolatado em Pó,CANDEREL,Emb. 0.25 KG,"3,74€","14,96€ / KG",
Óleo para Todos Tipos de Cabelo,ULTRA SUAVE,Emb. 0.15 LT,"8,99€","59,93€ / LT",
Recargas para Ambientador Cítrico,AIR WICK,Emb. 0.02 LT,"4,79€","239,50€ / LT",
Moscatel do Douro,DORRÃO,Garrafa 0.75 LT,"4,49€","5,99€ / LT",
Creme Limpeza Original,CIF,Emb. 0.5 LT,"1,89€","3,78€ / LT",
Tempero de Alho Louro & Pimentão 8 Cubos,KNORR,Emb. 0.072 KG,"1,49€","20,69€ / KG",
Lasanha Bolonhesa Bio,,Emb. 0.6 KG,"3,90€","6,50€ / KG",
MASSA FRESCA ESPARGUETES,TURINI,Emb. 0.35 KG,"1,19€","3,40€ / KG",
Néctar Clássico Tutti Frutti,COMPAL,Emb. 1 LT,"0,99€","0,99€ / LT",
Alimento Húmido P/ Gato Carne Variada 3x400g,TOUS MES AMIS,Emb. 1 KG,"2,69€","2,69€ / KG",
Nata com Ervas Aromáticas,PARMALAT,Emb. 0.2 LT,"1,27€","6,35€ / LT",
Bolachas Wafer Chocolate,VIEIRA,Emb. 0.15 KG,"1,25€","8,33€ / KG",
Luvas Universais S,VILEDA,Emb. 1 UNID.,"1,99€","1,99€ / UNID.",
PENSOS INCONTINENCIA MINI,CHORYS,Emb. 20 UNID.,"1,99€","0,10€ / UNID.",
Gelado de Morango,CARTE D'OR,Emb. 0.75 LT,"1,94€","2,59€ / LT",
Banana Frita às Rodelas,MARQUE REPERE,Emb. 0.2 KG,"1,69€","8,45€ / KG",
Cebola,,1 Unid. = 1 KG  (aprox.),"1,39€/kg","1,39€ / Unid.",
Néctar Clássico Manga Magdalena 3x20 cl,COMPAL,Emb. 0.6 LT,"1,69€","2,82€ / LT",
Tablete Oreo,MILKA,Emb. 0.3 KG,"3,99€","13,30€ / KG",
Sobremesa de Soja Limão,NAT&VIE,Emb. 0.4 KG,"1,49€","3,73€ / KG",
Arroz Agulha,SALUDÃES,Emb. 1 KG,"1,18€","1,18€ / KG",
Sortido de Biscoitos Salgados,ECO+,Emb. 0.35 KG,"1,49€","4,26€ / KG",
PILHAS ALCALINAS LR14,ECO+,Emb. 8 UNID.,"4,99€","0,62€ / UNID.",
Alimento P/ Cão de Frango C/ Mandioca S/ Glúten,BEYOND,Emb. 1.2 KG,"8,49€","7,08€ / KG",
Cereais Mel Zero,NESTUM,Emb. 0.25 KG,"2,19€","8,76€ / KG",
"SALSICHAO SECO ""LABEL ROUGE""",ST AZAY,Emb. 0.25 KG,"4,29€","17,16€ / KG",
Alimento Seco P/ Cão Adulto Borrego,PURINA,Emb. 14 KG,"63,29€","4,52€ / KG",
Salsichão Fatias Tapas,CAMPOFRIO,Emb. 0.08 KG,"1,89€","23,63€ / KG",
TARTE DE BRIGADEIRO,P'TIT DÉLI,Emb. 0.3 KG,"2,99€","9,97€ / KG",
Biscoitos Revestidos com Chocolate de Leite,P'TIT DÉLI,Emb. 0.15 KG,"0,79€","5,27€ / KG",
Luvas Universais M,VILEDA,Emb. 1 UNID.,"1,99€","1,99€ / UNID.",
Conserva de Azeitona Preta Descaroçada,RUSTICA,Frasco 0.36 KG,"0,89€","2,47€ / KG",
Drageia Mastigável de Mentos Frutas,MENTOS,Emb. 0.12 KG,"1,99€","16,58€ / KG",
Recarga Ambientador Oasis Turquesa,AIRWICK,Emb. 2 UNID.,"7,09€","3,55€ / UNID.",
Whisky 12 Anos,GRAND OLD PARR,Emb. 1 LT,"52,99€","52,99€ / LT",
Vinho do Porto Branco,DORRÃO,Garrafa 0.75 LT,"4,29€","5,72€ / LT",
CUSCUZ MEDIO 5X100G,COMPTOÍR DU GRAIN,Emb. 0.5 KG,"1,29€","2,58€ / KG",
GRANOLA NOZES,GRAINEA,Emb. 0.35 KG,"2,99€","8,54€ / KG",
QUEIJO FRESCO LIGHT,QUEIJO NA TÁBUA,Emb. 0.125 KG,"1,19€","9,52€ / KG",
LUVAS EXTRA SENSATION P/M,VILEDA,,"1,99€",/ Unid.,
Gillette Venus Swirl Depilatória,VENUS,Emb. 1 UNID.,"10,99€","10,99€ / UNID.",
GELADO DE BAUNILHA DE MADAGASCAR 500G 1L ESKISS,ESKISS,,"2,69€",/ Unid.,
Recarga Ambientador Freshmatic Pure Oasis e Lavanda,AIRWICK,Emb. 3 UNID.,"10,64€","3,55€ / UNID.",
Gel Studio Line Indestructible Extremo 9,L'ORÉAL PARIS,Emb. 0.15 LT,"5,99€","39,93€ / LT",
Pantene Repara & Protege Champô,PANTENE PV,Emb. 0.25 LT,"3,99€","15,96€ / LT",
Queijo Emental Francês,PRÉSIDENT,Emb. 0.25 KG,"4,29€","17,16€ / KG",
Tablete Chocolate Fruit & Nut Dairy Milk,CADBURY,Emb. 0.11 KG,"2,59€","23,55€ / KG",
ACHOCOLATADO EM PO 800G ECO+,ECO+,Emb. 0.8 KG,"2,69€","3,36€ / KG",
Água sem Gás,,Garrafa 0.33 LT,"0,14€","0,42€ / LT",
Chá de Cidreira,TETLEY,Emb. 10 UNID.,"0,86€","0,09€ / UNID.",
Pensos Higiénicos Noite Alas,EVAX,Emb. 9 UNID.,"2,59€","0,29€ / UNID.",
IOGURTE BATIDO NATURAL,DÉLISSE,Emb. 0.5 KG,"0,79€","1,58€ / KG",
Óleo de Girassol Extra Virgem,,Emb. 0.075 LT,"3,29€","43,87€ / LT",
"BOLACHA PEQUENO ALMOCO CHOC, CEREAIS E AVELA BIO",,Emb. 0.2 KG,"1,79€","8,95€ / KG",
Osso C/ 2 Nós 14 Cm,TOUS MES AMIS,Emb. 2 UNID.,"2,19€","1,10€ / UNID.",
Ossos Prensados 8/10Cm Flúor,TOUS MES AMIS,Emb. 4 UNID.,"1,79€","0,45€ / UNID.",
AXE GEL DARK TEMTATION,AXE,Emb. 0.4 LT,"3,29€","8,23€ / LT",
SNACK MAÇÃ AMENDOIM FRUUT 40G,,Emb. 0.04 KG,"0,99€","24,75€ / KG",
Queijo Bola Flamengo,LIMIANO,Emb. 0.6 KG (aprox.),"9,98€/kg","5,99€ / Unid.",
Pão de Forma Coração de Trigo,PANRICO,Emb. 0.5 KG,"1,89€","3,78€ / KG",
Gel de Barbear Sensitive,NIVEA MEN,Emb. 0.2 LT,"5,99€","29,95€ / LT",
DOCE MORANGO 350G,CASA MATEUS,Emb. 0.35 KG,"2,69€","7,69€ / KG",
Galão São Lourenço 3x200 ml,UCAL,Emb. 0.6 LT,"2,29€","3,82€ / LT",
Bacon em Pedaços 2x100g,ECO+,Emb. 0.2 KG,"1,49€","7,45€ / KG",
Alimento Húmido P/ Cão Adulto Pequeno Frango e Borrego,PURINA,Emb. 0.4 KG,"3,19€","7,98€ / KG",
Bolos com Pepitas de Chocolate sem Glúten,CHAQUE JOUR SANS GLUTEN,Emb. 0.23 KG,"2,99€","13,00€ / KG",
Douradinhos Peixe S/Gluten,IGLO,Emb. 0.36 KG,"5,69€","15,81€ / KG",
Bolachas Amanteigadas com Tablete de Chocolate Branco 2x6 Unid.,P'TIT DÉLI,Emb. 0.15 KG,"1,19€","7,93€ / KG",
Rolo de Cozinha Maxi Absorção,RENOVA,Emb. 4 ROLOS,"2,59€","0,65€ / ROLOS",
Crackers sem Sal,EPI D'OR,Emb. 0.5 KG,"1,69€","3,38€ / KG",
POSTA PESCADA Nº3 PARA FRITAR,ECO+,Emb. 0.8 KG,"4,59€","5,74€ / KG",
Refrigerante S/ Gás Limão,AQUARIUS,Garrafa 1.5 LT,"2,00€","1,33€ / LT",
Conserva de Feijão Frade Cozido,NOTRE JARDIN,Frasco 0.57 KG,"0,69€","1,21€ / KG",
Harpic Liquído Eucalipto e Menta 750ml x12,HARPIC,Emb. 0.75 LT,"2,24€","2,99€ / LT",
Compota de Maçã 4x100g,,Emb. 0.4 KG,"0,99€","2,48€ / KG",
Bloco Sanitário Poder Activo Aqua,SONASOL,Emb. 0.05 KG,"1,94€","38,80€ / KG",
Hambúrguer C/ Cebola 10 Unid.,FERIAL,Emb. 1 KG,"8,99€","8,99€ / KG",
Puré Maçã S/ Açúcar 12 Unid.,DOUCEUR DU VERGER,Emb. 1.08 KG,"4,89€","4,53€ / KG",
ESPARGUETE GRAO DE BICO BIO,,Emb. 0.25 KG,"1,79€","7,16€ / KG",
Amendoim C/ Casca Torrado,MARQUE REPERE,Emb. 0.5 KG,"1,99€","3,98€ / KG",
Snack Batata Frita Sabor Queijo,TOKAPI,Emb. 0.17 KG,"1,95€","11,47€ / KG",
Pizza Casa Di Mama Salame,DR. OETKER,Emb. 0.38 LT,"5,49€","14,45€ / LT",
Refrigerante C/ Gás Pack 6,SPRITE,,"4,14€",/ Unid.,
Vodka Preta,NOVOTNA,Garrafa 0.7 LT,"6,99€","9,99€ / LT",
IOGURTE NATURAL MAGRO 0% DE MATERIA GORDA BIO,,Emb. 0.5 KG,"0,99€","1,98€ / KG",
FOLHADOS SALMAO 4UN,CÔTÉ TABLE,Emb. 0.4 KG,"3,85€","9,63€ / KG",
TREMOCOS EXTRA EM FRASCO 13/15,RUSTICA,Emb. 0.37,"1,29€","3,49€ /",
Cerveja com Álcool 6x33cl,SUPER BOCK,Emb. 1.98 LT,"4,49€","2,27€ / LT",
Amaciador concentrado peónia azul e citrus,SURF,Emb. 90 DOSES,"3,49€","0,04€ / DOSES",
MINI GELADOS BAUNILHA COBERTOS C/SORVETE F.VERMELHOS/F.EXOTICOS,TRIUM,Emb. 8 UNID.,"1,79€","0,22€ / UNID.",
Ervilhas Ultracongeladas,NOTRE JARDIN,Emb. 1 KG,"1,59€","1,59€ / KG",
GELADO BAUNILHA / NOZ PECAN,ESKISS,Emb. 1 LT,"2,65€","2,65€ / LT",
Azeite Maduras,OLIVEIRA DA SERRA,Emb. 0.75 LT,"6,19€","8,25€ / LT",
Refrigerante C/ Gás Zero Cafeína Zero Açúcar,COCA COLA ZERO,Emb. 1.75 LT,"1,85€","1,06€ / LT",
Chocolate Milka e Oreo,MILKA,Emb. 0.1 KG,"1,69€","16,90€ / KG",
FEIJAO ENCARNADO 3X200G,NOTRE JARDIN,Emb. 0.6,"1,75€","2,92€ /",
Chá Preto Descafeinado,TETLEY,Emb. 10 UNID.,"0,89€","0,09€ / UNID.",
Detergente para a Máquina da Roupa Sensitive 3 em 1,SKIP,Emb. 1.134,"12,49€","11,01€ /",
Iogurte Líquido Frutos Silvestres 4 Unid.,YOGGI,Emb. 0.64 KG,"2,09€","3,27€ / KG",
Cerveja com Álcool 6x20cl,CRISTAL,Emb. 1.2 LT,"2,29€","1,91€ / LT",
ALIMENTO PÁSSAROS EXOTICOS,ECO+,Emb. 1 KG,"2,39€","2,39€ / KG",
TENTACULOS DE POTA,PÊCHE OCÉAN,Emb. 0.8 KG,"4,99€","6,24€ / KG",
CAVACAS,,Emb. 0.09 KG,"2,89€","32,11€ / KG",
Tiras P/ Coelho Mel,TOUS MES AMIS,Emb. 2 UNID.,"1,75€","0,88€ / UNID.",
TESOURA 16CM,ESQUISSE,Emb. 1 UNID.,"1,79€","1,79€ / UNID.",
Alimento Seco P/ Gato Sénior +11 Frango,PURINA ONE,Emb. 0.8 KG,"6,99€","8,74€ / KG",
Spray Anti Bolores,CIF,Emb. 0.435 LT,"2,49€","5,72€ / LT",
Azeite Subtil,GALLO,Emb. 0.75 LT,"3,99€","5,32€ / LT",
Conserva de Feijão Frade Cozido com pouco Sal,FERBAR,Emb. 0.42 KG,"0,95€","2,26€ / KG",
VASSOURA RELVA FIXO 20 DENTES,BEAUX JOURS,Emb. 1 UNID.,"12,99€","12,99€ / UNID.",
Fatias Finas Peito de Frango,NOBRE,Emb. 0.11 KG,"2,14€","19,45€ / KG",
TERRINA VACA/CENOURA P/ CAO 1230G,LYDOG,Emb. 1.23 KG,"2,55€","2,07€ / KG",
Café Cápsulas XL Qharacter Intensidade 9,DELTA Q,Emb. 40 CAPS.,"12,99€","0,32€ / CAPS.",
Chá Preto de Pêssego e Manga,LIPTON,Emb. 0.036 KG,"1,74€","48,33€ / KG",
Salsicha Fresca de Porco Embalada,,Emb. 0.6 KG (aprox.),"3,99€/kg","2,39€ / Unid.",
Gelado com Amêndoas,MAGNUM,Emb. 0.44 LT,"3,89€","8,84€ / LT",
Kit para Pizza,TABLIER BLANC,Emb. 0.6 KG,"2,59€","4,32€ / KG",
Anti Calcário Máquina Roupa Pó 2 em 1,CALGON,Emb. 20 DOSES,"6,99€","0,35€ / DOSES",
Snack de Chocolate Mini,KIT KAT,Emb. 12 UNID.,"2,09€","0,17€ / UNID.",
TIRAS GOMAS ACIDAS FUN COLORZ,COPAÍNS COPINES,Emb. 0.2 KG,"1,39€","6,95€ / KG",
Recarga Sabonete Líquido Hipo-Alergénio,MANAVA,Emb. 0.25 LT,"0,65€","2,60€ / LT",
Bolo de Massa em Espiral,P'TIT DÉLI,Emb. 0.2 KG,"1,39€","6,95€ / KG",
MARCADOR PERMANENTE VARIAS CORES,ESQUISSE,Emb. 4 UNID.,"1,99€","0,50€ / UNID.",
Bifidus Líquido Kiwi 4x155g,DANONE,Emb. 0.62 KG,"1,99€","3,21€ / KG",
Chocolate Preto,ECO+,Emb. 0.5 KG,"2,80€","5,60€ / KG",
PENSOS DIARIOS LONGOS,CHORYS,Emb. 24 UNID.,"1,79€","0,07€ / UNID.",
Conjunto de 3 X-Atos,ECO+,Emb. 3 UNID.,"1,49€","0,50€ / UNID.",
Barras de Cereais Special Chocolate,KELLOGG'S,Emb. 0.132 KG,"3,79€","28,71€ / KG",
Gelado Magic,SMICY,Emb. 8 UNID.,"1,59€","0,20€ / UNID.",
Cordon Bleu Queijo e Fiambre Ultracongelado,IGLO,Emb. 0.2 KG,"3,99€","19,95€ / KG",
BOLACHAS PETIT BEURRE C/ PEPITAS POCKET,P'TIT DÉLI,Emb. 0.3 KG,"2,69€","8,97€ / KG",
FOIE BACALHAU FUMADO,PÊCHE OCÉAN,,"1,99€",/ Unid.,
Bolachas com Aveia,TRIUNFO,Emb. 0.19 KG,"1,49€","7,84€ / KG",
Iogurte de Pêssego e Banana 4 Unid.,IOGOLINO,Emb. 0.4 KG,"2,89€","7,23€ / KG",
Bolachas Mini Tarteletes com Recheio de Leite,P'TIT DÉLI,Emb. 0.225 KG,"1,69€","7,51€ / KG",
PAO RALADO,TABLIER BLANC,Emb. 0.25 KG,"0,49€","1,96€ / KG",
Ice Tea de Manga Lata 6x25cl,LIPTON,Emb. 1.5 LT,"3,38€","2,25€ / LT",
Whisky Vat 69,VAT 69,Garrafa 0.7 LT,"13,49€","19,27€ / LT",
Gelado Solero Ananás 65%,OLÁ,Emb. 5 UNID.,"3,99€","0,80€ / UNID.",
Gelatina em Pó Pêssego,TABLIER BLANC,Emb. 0.17 KG,"0,85€","5,00€ / KG",
CHOCOLATE PRETO RECHEIO DE COCO,EQUADOR,Emb. 0.125 KG,"1,89€","15,12€ / KG",
Néctar Clássico Laranja,COMPAL,Emb. 1 LT,"1,69€","1,69€ / LT",
Creme Culinário Líquido Veggie,NAT&VIE,,"2,25€",/ Unid.,
Fraldas Incontinência com Elásticos Médio,LINDOR,Emb. 20 UNID.,"12,49€","0,62€ / UNID.",
MULTI USOS,CLAIR,Emb. 0.75 LT,"0,82€","1,09€ / LT",
DETERGENTE LIQUIDO PRIMAVERA 40D,EPSIL,,"4,95€",/ Unid.,
PUDIM +PROTEINA CAFE COLOMBIANO,EHRMANN,Emb. 0.2 KG,"1,79€","8,95€ / KG",
Pantene Perfect Volume Espuma 200ml,PANTENE PV,Emb. 0.2 LT,"3,74€","18,70€ / LT",
Papa Infantil Leite e Cereais,CERELAC,Emb. 0.4 KG,"1,84€","4,60€ / KG",
LIXIVIA TRADICIONAL,CLAIR,Emb. 4 LT,"1,43€","0,36€ / LT",
Queijo Ralado Emmental,PRÉSIDENT,Emb. 0.15 KG,"2,55€","17,00€ / KG",
CABIDE MADEIRA RECTA X6,,Emb. 1 UNID.,"6,99€","6,99€ / UNID.",
"Pilhas Alcalinas LR03/AAA 1,5V",FOXTER,Emb. 4 UNID.,"1,69€","0,42€ / UNID.",
Dentífrico Natural Extracts Frescura Máxima,COLGATE,Emb. 0.075 LT,"3,24€","43,20€ / LT",
Alimento P/ Cão Adulto De Salmão e Aveia,BEYOND,Emb. 1.4 KG,"6,34€","4,53€ / KG",
PAES PITA X6,EPI D'OR,Emb. 0.4 KG,"1,45€","3,63€ / KG",
Pao De Forma Cerealia 5 Sementes,PANRICO,Emb. 0.435 KG,"2,29€","5,26€ / KG",
"Iogurte Bebé Banana, Laranja e Bolacha",NESTLÉ,Emb. 0.4 KG,"2,39€","5,98€ / KG",
Paio York,CHARCUTARIA,1 Unid. = 0.1 KG (aprox.),"9,98€/kg","1,00€ / Unid.",
Desodorizante Roll On Invisible Black White 48H,REXONA,Emb. 0.05 LT,"2,39€","47,80€ / LT",
LOURO FOLHAS,RUSTICA,Emb. 0.007 KG,"0,40€","57,14€ / KG",
"Compal veggie cenoura, maça 1L",COMPAL,1 LT,"1,69€","1,69€ / LT",
Rebuçados com Recheio de Fruta,COPAÍNS COPINES,Emb. 0.25 KG,"1,19€","4,76€ / KG",
Molho Piripíri Extraforte,RUSTICA,Emb. 0.21 KG,"0,65€","3,10€ / KG",
Bolachas Mini Dinosauros Cereais Saquetas,ARTIACH,Emb. 0.12 KG,"1,89€","15,75€ / KG",
Tablete de Chocolate Branco 4x100g,,Emb. 0.4 KG,"2,29€","5,73€ / KG",
Champô Cabelo Anti-caspa Power,NIVEA MEN,Emb. 0.25 LT,"4,39€","17,56€ / LT",
Melão Branco,,1 Unid. = 3.076 KG (aprox.),"0,99€/kg","3,05€ / Unid.",
Roll On Narta Men InvisiMax,GARNIER,Emb. 0.05 LT,"3,99€","79,80€ / LT",
Favas Congeladas,NOTRE JARDIN,Emb. 1 KG,"2,29€","2,29€ / KG",
DETERGENTE MAQ LOICA PASTILHAS TUDO EM 1,VISIOR,Emb. 30 UNID.,"2,09€","0,07€ / UNID.",
SPRAY LUSTRANTES PNEUS 1 L 1L TECH9,TECH9,Emb. 1 LT,"4,49€","4,49€ / LT",
Cápsulas Café Espresso P/ Nespresso Intensidade 11,STARBUCKS,Emb. 10 CAPS.,"4,49€","0,45€ / CAPS.",
Leite Condensado Magro,DÉLISSE,Emb. 0.37 KG,"1,29€","3,49€ / KG",
Desodorizante Dove Roll-On Invisible Dry Masc,DOVE,Emb. 0.05 LT,"2,69€","53,80€ / LT",
Polpa de Tomate com Cebola e Alho,COMPAL,Frasco 0.5 LT,"1,49€","2,98€ / LT",
Queijo Fatiado -50% Gordura 2X200 g,TERRA NOSTRA,Emb. 0.4 KG,"5,19€","12,98€ / KG",
Champô Cabelo Garnier Hidra Caracóis,FRUCTIS,Emb. 0.25 LT,"3,99€","15,96€ / LT",
VASSOURINHA PARA PA LIXIO,,Emb. 1 UNID.,"0,89€","0,89€ / UNID.",
FEIJAO PRETO SACO MGUIA,NOTRE JARDIN,Emb. 0.5 KG,"0,99€","1,98€ / KG",
Rolo de Cozinha Mega,MARQUE REPERE,Emb. 1 UNID.,"3,39€","3,39€ / UNID.",
MOLHO PIRI-PIRI FERBAR 210G,FERBAR,Emb. 0.21 KG,"1,19€","5,67€ / KG",
Bacon de Peru,PRIMOR,Emb. 0.2 KG,"14,89€","74,45€ / KG",
Detergente para a Roupa 3 em 1 Active Fresh,SKIP,Emb. 1.134 KG,"12,49€","11,01€ / KG",
Chocolate de Leite 3x,KIT KAT,Emb. 0.125 KG,"1,49€","11,92€ / KG",
FITA ADESIVA 66MX5,ECO+,Emb. 2 UNID.,"1,99€","1,00€ / UNID.",
Tira Gorduras Recarga,MISTOLIN,Emb. 0.545 LT,"2,79€","5,12€ / LT",
QUEIJO EMENTAL FATIADO ESPECIAL TOSTA MISTA,LES CROISÉS,Emb. 0.2 KG,"1,79€","8,95€ / KG",
OIKOS CAFE 110G X4,OIKOS,Emb. 0.44 KG,"2,39€","5,43€ / KG",
Pensos Incontinência Discreet Maxi Night,AUSONIA,Emb. 16 UNID.,"7,99€","0,50€ / UNID.",
Arroz Agulha,CAÇAROLA,Emb. 1 KG,"1,14€","1,14€ / KG",
Coco Ralado,TABLIER BLANC,Emb. 0.2 KG,"1,19€","5,95€ / KG",
SACO CONGELACAO C/ZIP MEDIO,ELEMBAL,Emb. 20 UNID.,"1,29€","0,06€ / UNID.",
Bacon Fumado 2x100g,TRADILÈGE,Emb. 0.2 KG,"2,19€","10,95€ / KG",
Empadas de Galinha,,Emb. 6 UNID.,"1,99€","0,33€ / UNID.",
"MISTURA DE LEGUMES (BROCULOS, COUVE FLOR E CENOURA)",NOTRE JARDIN,Emb. 1 KG,"1,99€","1,99€ / KG",
Vinho Regional Alentejano Tinto,PORTA DA RAVESSA,Garrafa 0.75 LT,"5,99€","7,99€ / LT",
Desodorizante Roll-On Pele Sensível,MANAVA,Emb. 0.05 LT,"0,75€","15,00€ / LT",
DOCE TOMATE 345G,CASA MATEUS,Emb. 0.345 KG,"2,24€","6,49€ / KG",
Champô para Cabelo Pintado e Proteção de Cor,GLISS,Emb. 0.25 LT,"2,24€","8,96€ / LT",
Detergente Máquina Loiça Tudo Em Um Limão,FAIRY,Emb. 28 CAPS.,"5,74€","0,21€ / CAPS.",
Cerveja com Álcool 24x33cl,SUPER BOCK,Emb. 7.92 LT,"15,79€","1,99€ / LT",
Rúcula Selvagem,,Emb. 0.1 KG,"0,99€","9,90€ / KG",
Sabonetes Solidos Leite e Mel 4 Unid.,PALMOLIVE,Emb. 0.09 KG,"3,45€","38,33€ / KG",
Discos Activos Gel WC Marine,PATO,Emb. 0.036 LT,"4,49€","124,72€ / LT",
Escova Dentes Leite,AQUAFRESH,Emb. 1 UNID.,"3,09€","3,09€ / UNID.",
Snacks Sabor a Bacon,,Emb. 0.1 KG,"1,19€","11,90€ / KG",
FITA COLA INVISIVEL 25M,ESQUISSE,Emb. 1 UNID.,"1,85€","1,85€ / UNID.",
BACON FUMADO NACOS,ECO+,Emb. 0.2 KG,"2,19€","10,95€ / KG",
Pincel de Maquilhagem em Pó de Bolso,,Emb. 1 UNID.,"4,99€","4,99€ / UNID.",
Sobremesa Gelado Mini Raspberry 6x60ml,MAGNUM,Emb. 0.36 LT,"5,99€","16,64€ / LT",
Fita Adesiva De Pintor 50Metrosx50Mm,FOXTER,Emb. 1 UNID.,"3,49€","3,49€ / UNID.",
Palmiers de massa Folhada com Manteiga,P'TIT DÉLI,Emb. 0.1 KG,"0,99€","9,90€ / KG",
Conserva Lentilhas com Salsichas,CÔTÉ TABLE,Emb. 0.84 KG,"2,65€","3,15€ / KG",
QUEIJO FRESCO NATURAL VACA,QUEIJO NA TÁBUA,Emb. 0.2 KG,"1,19€","5,95€ / KG",
Papa Infantil Aveia Maçã e Cenoura,CERELAC,Emb. 0.24 KG,"2,49€","10,38€ / KG",
Caldo para Arroz 24 Cubos,KNORR,Emb. 0.24 KG,"2,39€","9,96€ / KG",
REFRIGERANTE S/GAS LARANJA,JAFUN,,"3,49€",/ Unid.,
TAMPAO MINI,DOULYS,Emb. 24 UNID.,"1,35€","0,06€ / UNID.",
TOSTAS CROCANTES COM CEREAIS,EPI D'OR,Emb. 0.25 KG,"1,09€","4,36€ / KG",
Queijo Mozarella,GALBANI,Emb. 0.25,"3,09€","12,36€ /",
COPOS BIODEGRADAVEIS 25CL 12UN,HOMESIDE,Emb. 12 UNID.,"2,50€","0,21€ / UNID.",
Tablete de Chocolate de Leite,NESTLÉ,Emb. 0.09 KG,"1,09€","12,11€ / KG",
Espumante Asti,MARTINI,Garrafa 0.75 LT,"9,59€","12,79€ / LT",
DETERGENTE MANUAL LOICA LIMAO HIPOALERG.ECOLOGICO 750ML,UNÍ VERT,Emb. 0.75 LT,"1,89€","2,52€ / LT",
SMOOTHIE BOOST,JAFADEN,,"2,29€",/ Unid.,
Creme Dessert Baunilha 4x125g,ECO+,Emb. 0.5 KG,"0,94€","1,88€ / KG",
Arroz Agulha,,Emb. 1 KG,"0,99€","0,99€ / KG",
"ASPIRADOR S/SACO 600W 2,7L",ELSAY,Emb. 1 UNID.,"59,90€","59,90€ / UNID.",
Biscoitos Crocantes para Cão,LYDOG,Emb. 0.5 KG,"1,65€","3,30€ / KG",
Queijo de Ovelha Curado Cerrado do Vale,SANTIAGO,1 Unid. = 0.2 KG (aprox.),"17,98€/kg","3,60€ / Unid.",
Salva Camas 60x90CM,LINDOR,Emb. 15 UNID.,"10,74€","0,72€ / UNID.",
Sumo de Limão 2X125ml,RUSTICA,Emb. 0.5 LT,"0,99€","1,98€ / LT",
Escovas Extra Clean Médio,COLGATE,Emb. 2 UNID.,"3,05€","1,53€ / UNID.",
Cappuccino de Chocolate 8 Caps.,PLANTATION,Emb. 0.144 KG,"1,79€","12,43€ / KG",
Rebuçados de Fruta,COPAÍNS COPINES,Emb. 0.25 KG,"1,19€","4,76€ / KG",
BLOCO NOTAS ADESIVO 75X75MM 2X100UN,ESQUISSE,Emb. 2 UNID.,"1,29€","0,65€ / UNID.",
Queijo Mystère du Prieuré,LES CROISÉS,Emb. 0.34 KG,"2,79€","8,21€ / KG",
TOSTAS CROCANTES COM CENTEIO,EPI D'OR,Emb. 0.25 KG,"1,09€","4,36€ / KG",
Bolacha Integral Integralis,VIEIRA,Emb. 0.18 KG,"1,91€","10,61€ / KG",
Cogumelo Portobello,,Emb. 0.2 KG,"1,89€","9,45€ / KG",
Vinho Regional Alentejano Tinto,SOVIBOR,Garrafa 0.75 LT,"2,99€","3,99€ / LT",
Iced Tea Limão,ECO+,Emb. 1.5 LT,"0,84€","0,56€ / LT",
Vinho Regional Alentejo Branco,REAL LAVRADOR,Garrafa 0.75 LT,"2,49€","3,32€ / LT",
Sumo de Laranja 3x20 cl,UM BONGO,Emb. 0.6 LT,"1,49€","2,48€ / LT",
TABULEIRO P/AREIA + PA P/GATO,ECO+,Emb. 1 UNID.,"3,99€","3,99€ / UNID.",
LAPIS DE COR BICOLOR 12=24UN,ESQUISSE,Emb. 12 UNID.,"2,99€","0,25€ / UNID.",
Barras de Cereais de Chocolate 6 Unid.,FITNESS,Emb. 0.141 KG,"2,33€","16,52€ / KG",
Lentilhas Amarelas,NOTRE JARDIN,Emb. 0.5 KG,"1,25€","2,50€ / KG",
Detergente Máquina Loiça Pastilhas All in 1 27 pastilhas,FINISH,Emb. 0.457 KG,"5,99€","13,11€ / KG",
Duvel Cerveja da Bélgica,DUVEL,Emb. 0.33 LT,"2,89€","8,76€ / LT",
Desodorizante Roll-On Coco e Aloe Vera,BIONAÏA,Emb. 0.05 LT,"0,99€","19,80€ / LT",
"OIKOS STRACCIATELLA 110G ,,440G",OIKOS,Emb. 0.44 KG,"2,39€","5,43€ / KG",
Alimento Húmido P/ Gato Gold Salmão e Frango,GOURMET,Emb. 0.085 KG,"0,75€","8,82€ / KG",
Iogurte Líquido Natural 6x100g,DANACOL,Emb. 0.6 KG,"2,99€","4,98€ / KG",
BANHA DE PORCO,CAMPO FINO,Emb. 0.22 KG,"0,89€","4,05€ / KG",
Bolachinhas Criança,BLÉDINA,Emb. 0.125 KG,"2,69€","21,52€ / KG",
PEPITAS DE CHOCOLATE DE LEITE,TABLIER BLANC,Emb. 0.1 KG,"1,99€","19,90€ / KG",
Vinho Regional Bairrada Tinto,MARQUES DE MARIALVA,Garrafa 0.75 LT,"4,99€","6,65€ / LT",
Óleo Intense 6-10 Louro Escuro,SYOSS,,"6,24€",/ Unid.,
Conserva de Pickles em Vinagre,FERBAR,Frasco 0.345 KG,"1,09€","3,16€ / KG",
Maionese Heinz Vidro 480 Ml,HEINZ,Emb. 0.48 LT,"3,75€","7,81€ / LT",
CONE CARAMELO/BAUNILHA/ MANTEIGA SALG 6UN,TRIUM,Emb. 6 UNID.,"2,49€","0,42€ / UNID.",
Alimento Húmido P/ Gato C/ Peixe e Molho Espinafres,GOURMET GOLD,Emb. 0.085 KG,"0,75€","8,82€ / KG",
Néctar Clássico Pêssego,COMPAL,Emb. 1 LT,"0,99€","0,99€ / LT",
Iogurte Líquido Morango Banana 4x155g,DANONE,Emb. 0.62 KG,"1,69€","2,73€ / KG",
BEBIDA SOJA CHOC LIGHT 3x250ML,ALPRO,Emb. 0.75 LT,"2,19€","2,92€ / LT",
Meloa Gália,,1 Unid. = 0.75 KG (aprox.),"2,49€/kg","1,87€ / Unid.",
Pataniscas 6 Unid.,SNR,Emb. 0.325 KG,"2,99€","9,20€ / KG",
Cápsulas Café Colombia P/ Dolce Gusto Intensidade 7,DOLCE GUSTO,Emb. 12 CAPS.,"5,39€","0,45€ / CAPS.",
Lenços de bolso Renova Kids,LENÇOS RENOVA,Emb. 10 UNID.,"1,19€","0,12€ / UNID.",
TAPETE RETANGULAR 70CM,P'TIT AMI,Emb. 1 UNID.,"8,49€","8,49€ / UNID.",
Brownie de Chocolate com Pepitas de Chocolate,P'TIT DÉLI,Emb. 0.24 KG,"2,19€","9,13€ / KG",
LENCOS FACIAIS 3F,CARESSE,Emb. 150 UNID.,"1,49€","0,01€ / UNID.",
CAPA PLASTICA C/ELASTICO LOMBADA,ESQUISSE,Emb. 1 UNID.,"1,99€","1,99€ / UNID.",
MINI SNACKS BOUCH POUL FROM 60,TOUS MES AMIS,Emb. 0.06 KG,"0,85€","14,17€ / KG",
Caldo Carne 16 Cubos,MAGGI,Emb. 0.16 KG,"2,09€","13,06€ / KG",
PICKLES EM VINAGRE FERBAR 680G,FERBAR,Emb. 0.68 KG,"1,69€","2,49€ / KG",
Máscara Hidrata Leite de Coco,HERBAL ESSENCES,Emb. 0.25 LT,"3,99€","15,96€ / LT",
Alho Francês Cortado,,Emb. 0.2 KG,"1,39€","6,95€ / KG",
IOGURTE NATURAL FRASCO,DÉLISSE,Emb. 1 KG,"2,05€","2,05€ / KG",
Xarope de Groselha,FRUCCI,Garrafa 1 LT,"2,49€","2,49€ / LT",
Esparregado,IGLO,Emb. 0.75 KG,"3,99€","5,32€ / KG",
MASSA ESPIRAIS,CAÇAROLA,Emb. 0.5 KG,"1,09€","2,18€ / KG",
Carapau Médio Congelado,,1 Unid. = 0.15 KG (aprox.),"2,99€/kg","0,45€ / Unid.",
YOFU SOJA PESSEGO/EXOTI 4x125G,ALPRO,Emb. 0.5 KG,"2,89€","5,78€ / KG",
LUVAS ROSEIRAS S ROSA,BEAUX JOURS,Emb. 1 UNID.,"1,89€","1,89€ / UNID.",
FORMAS DE ALUMINIO 2 L 5UN,ELEMBAL,Emb. 5 UNID.,"3,99€","0,80€ / UNID.",
Gel Depilação P/ Pele Sensível C/ Aloe Vera,GILLETTE,Emb. 0.2 LT,"4,99€","24,95€ / LT",
DETERGENTE LÍQUIDO BABY,SKIP,Emb. 1.1 LT,"4,99€","4,54€ / LT",
ALCOOL ETILICO 96º,PRIMOPLAST,Emb. 0.25 LT,"0,79€","3,16€ / LT",
Caldo para Arroz,KNORR,Emb. 8 CUBOS,"1,39€","0,17€ / CUBOS",
TAMPAO COMPACTO NORMAL,DOULYS,Emb. 20 UNID.,"2,29€","0,11€ / UNID.",
Vinho Regional Douro Tinto,PORCA DE MURÇA,Garrafa 0.75 LT,"4,79€","6,39€ / LT",
Leite Condensado Cozinha,NESTLÉ,Emb. 0.397 KG,"1,54€","3,88€ / KG",
ALIMENTO HUMIDO COELHO/RIM/BORREGO/PATO/SALMAO 4X85G,LYCAT,Emb. 0.34 KG,"1,89€","5,56€ / KG",
Esparguete Carbonara,CÔTÉ TABLE,Emb. 0.33 KG,"2,85€","8,64€ / KG",
Chocolate de Leite Confetti,MILKA,Emb. 0.1 KG,"1,69€","16,90€ / KG",
Crackers Integrais,EPI D'OR,Emb. 0.5 KG,"1,69€","3,38€ / KG",
Desodorizante Spray Romã/Lichia,MANAVA,Emb. 0.1 LT,"1,29€","12,90€ / LT",
Tampões com Aplicador Pearl Regular,TAMPAX,Emb. 24 UNID.,"4,99€","0,21€ / UNID.",
BLEU AUVERGNE AOC,NOS RÉGIONS ONT DU TALENT,Emb. 0.125,"1,69€","13,52€ /",
Gelado de Chocolate Branco e Amêndoas Pack 4,MAGNUM,Emb. 0.44 LT,"4,99€","11,34€ / LT",
Spray Limpa Fornos e Grelhadores,CIF,Emb. 0.435 LT,"2,49€","5,72€ / LT",
Mistura de Ervilhas e Cenouras Extrafinas Ultracongelado,NOTRE JARDIN,Emb. 1 KG,"1,72€","1,72€ / KG",
BOLACHA QUAD. RECHEADA C/ MORANGO X16,P'TIT DÉLI,Emb. 0.295 KG,"0,95€","3,22€ / KG",
Maionese,RUSTICA,Emb. 0.225 LT,"1,19€","5,29€ / LT",
Iogurte Sólido Suissinho Duo Mix Banana Morango,YOCO,Emb. 0.36 KG,"2,29€","6,36€ / KG",
Iogurte Líquido Sabor a Morango 6x180g,DÉLISSE,Emb. 1.08 KG,"1,99€","1,84€ / KG",
Iogurte Grego Coco 4 Unid.,YAOS,Emb. 0.44 KG,"2,29€","5,20€ / KG",
Alimento Seco P/ Cão Frango C/ Arroz,PURINA,Emb. 1.5 KG,"8,65€","5,77€ / KG",
Ficha Tripla 2X10X16A+1X6A,ECO+,Emb. 1 UNID.,"1,79€","1,79€ / UNID.",
Sticks Dentários Vaca Frango Borrego 15 Unid.,TOUS MES AMIS,Emb. 0.125 KG,"1,39€","11,12€ / KG",
Conserva de Feijão Encarnado,COMPAL,Lata 0.845 KG,"1,59€","1,88€ / KG",
Creme Hidratante,NIVEA,Emb. 0.075 LT,"2,49€","33,20€ / LT",
Loção Corporal Advanced Repair,VASELINE,Emb. 0.2 LT,"2,14€","10,70€ / LT",
Sal Máquina Loiça Anti-Calcário,SUN,Emb. 1 KG,"1,49€","1,49€ / KG",
ARROZ BASMATI PRE COZIDO EXPRESS,COMPTOÍR DU GRAIN,Emb. 0.25 KG,"1,09€","4,36€ / KG",
Iogurte Líquido Straciatella 4x155g,DANONE,Emb. 0.62 KG,"1,69€","2,73€ / KG",
Creme Hidratante Caixa Família,NIVEA,Emb. 0.25 LT,"5,59€","22,36€ / LT",
TARTE DE COCO,P'TIT DÉLI,Emb. 0.3 KG,"2,99€","9,97€ / KG",
Iogurte Bifidus Cremoso Coco 4 Unid.,DANONE,Emb. 0.48 KG,"1,99€","4,15€ / KG",
Alimento Seco P/ Gato Carne Vaca Frango Legumes,PURINA FRISKIES,Emb. 4 KG,"15,99€","4,00€ / KG",
PENSOS HIGIENICOS NORMAL C/ ALAS ECOLOGICOS 14UN,UNÍ VERT,Emb. 14 UNID.,"1,45€","0,10€ / UNID.",
PILHAS RECARGAVEIS HR03,FOXTER,Emb. 4 UNID.,"4,89€","1,22€ / UNID.",
Noz Moscada C/ Moinho,MARGÃO,Emb. 0.03 KG,"3,99€","133,00€ / KG",
Coloração 1-4 Preto Azulado,SYOSS,,"4,99€",/ Unid.,
"Gel Duche ""Petalas""",MANAVA,Emb. 0.25 LT,"1,19€","4,76€ / LT",
BOMBA MANUAL P/BOLA + AGULHA,WOODSUN,Emb. 1 UNID.,"2,99€","2,99€ / UNID.",
TOALHITAS DESMAQUILHANTES BIO 25UN,BIONAÏA,Emb. 25 UNID.,"1,99€","0,08€ / UNID.",
Ameixa Amarela Cal. 45/55,,1 Unid. = 0.09 KG (aprox.),"2,49€/kg","0,22€ / Unid.",
"Amaciador Concentrado ""Fragância de Provence"" 3 Unid.",HYPERDOU,Emb. 0.25 LT,"1,19€","4,76€ / LT",
BLOCO SANITARIO FRESCURA VERDE ECO 1UN,UNÍ VERT,Emb. 1 UNID,"1,99€","1,99€ / UNID",
Salada de Atum à Catalane,COTE SNACK,Lata 0.25 KG,"1,99€","7,96€ / KG",
Espuma Limpa Carpetes e Estofos Tira Nódoas,VANISH,Emb. 0.6 LT,"5,19€","8,65€ / LT",
TABULEIRO 40*25,ECO+,Emb. 1 UNID.,"6,99€","6,99€ / UNID.",
BALDE DE AZEITONAS MACANILHA MISTAS INTEIRAS,RUSTICA,Emb. 3.5 KG,"5,99€","1,71€ / KG",
JOGO 4 TAPETES EM ALCATIFA 1UN TECH9,TECH9,Emb. 1 UNID.,"11,99€","11,99€ / UNID.",
Sais de Fruta Digestivo Laranja,ENO,Emb. 10 UNID.,"4,99€","0,50€ / UNID.",
Molho César para Salada,HELLMANN'S,Emb. 0.21 LT,"2,59€","12,33€ / LT",
Lasanha à Bolonhesa,,Emb. 1 KG,"3,99€","3,99€ / KG",
2000 AGRAFOS N°10,ESQUISSE,,"1,09€",/ Unid.,
AGUA PEDRAS TANGERINA 4X25 CL,PEDRAS,,"2,39€",/ Unid.,
Luvas para Uso Doméstico Tamanho M,RENOVA LUVAS,Emb. 1 UNID.,"1,43€","1,43€ / UNID.",
Resguardo 60x90 cm,LINDOR,Emb. 15 UNID.,"8,99€","0,60€ / UNID.",
Argolas do mar,PESCANOVA,Emb. 1 KG,"9,99€","9,99€ / KG",
COLORACAO CASTANHO ESCURO 3.0 S/AMONIACO,VITANOVE,Emb. 1 UNID.,"3,89€","3,89€ / UNID.",
Folhas de Orégãos,RUSTICA,Frasco 0.008 KG,"0,55€","68,75€ / KG",
TORTILLAS CHIPS NATURE,ECO+,Emb. 0.3 KG,"1,59€","5,30€ / KG",
Alimento Seco P/ Cão Adulto com Carne de Vaca e Peixe,FRISKIES,Emb. 3 KG,"11,69€","3,90€ / KG",
Clementina,,1 Unid. = 0.1 KG (aprox.),"1,99€/kg","0,20€ / Unid.",
Dentífrico com Flúor Fresh Gel,COLGATE,Emb. 0.075 LT,"2,49€","33,20€ / LT",
Café Mythiq Intensidade 15,DELTA,Emb. 10 UNID.,"2,99€","0,30€ / UNID.",
DETERGENTE LIQUIDO CONCENTRADO ALOE VERA ECOLOGICO RECARGA 30D,UNÍ VERT,,"3,69€",/ Unid.,
Rosette de Porco,,Emb. 0.15 KG,"1,69€","11,27€ / KG",
Snacks Futebolas,CHEETOS,Emb. 0.13 KG,"1,65€","12,69€ / KG",
Manteiga de Amendoim Cremosa,CALVÉ,Emb. 1 KG,"8,99€","8,99€ / KG",
PISTACHIOS TORRADO S/SAL,TOKAPI,Emb. 0.125 KG,"2,19€","17,52€ / KG",
Alimento Húmido para Cão Almôndegas de Aves,ECO+,,"1,79€",/ Unid.,
Piri-Piri Receita Tradicional,CALVÉ,Emb. 0.05 KG,"2,39€","47,80€ / KG",
Bolachas Sprits,ECO+,Emb. 0.4 KG,"1,79€","4,48€ / KG",
Toalhitas Secas Limpa Chão,CLAIR,Emb. 15 UNID.,"1,99€","0,13€ / UNID.",
Miolo de Avelã,MARQUE REPERE,Emb. 0.15 KG,"2,24€","14,93€ / KG",
Puré Maçã S/ Adição de Açúcar,DOUCEUR DU VERGER,Emb. 1.6 KG,"3,99€","2,49€ / KG",
FRICASSE FRANGO C/ARROZ E LEGUMES,CÔTÉ TABLE,Emb. 0.9 KG,"4,75€","5,28€ / KG",
Tâmara Seca C/ Caroço,MARQUE REPERE,Emb. 0.2 KG,"1,19€","5,95€ / KG",
Iogurte Sólido Suissinhos Duo Morango e Baunilha 4 Unid.,NESTLÉ,Emb. 0.36 KG,"2,29€","6,36€ / KG",
Café Torrado Moído Brasil Moagem Universal Intensidade 7,SICAL,Emb. 0.22 KG,"3,89€","17,68€ / KG",
Tablete Chocolate Branco Culinária,PANTAGRUEL,Emb. 0.2 KG,"2,59€","12,95€ / KG",
Vinho do Porto Offley Tawny,OFFLEY,Garrafa 0.75 LT,"4,69€","6,25€ / LT",
WC Explosão Cítrica,NEO BLANC,Emb. 2 UNID.,"4,49€","2,25€ / UNID.",
Vinho Verde,3 MARIAS,Emb. 1 LT,"2,39€","2,39€ / LT",
Pão Embalado Hot Dog 6 Unid.,PANRICO,Emb. 0.33 KG,"1,79€","5,42€ / KG",
Chicorée Café com Leite Instantâneo,PLANTATION,Emb. 0.4 KG,"4,45€","11,13€ / KG",
Máquinas de Barbear Descartáveis Blue II,GILLETTE,Emb. 10 UNID.,"5,99€","0,60€ / UNID.",
"CANETA ROLLER GEL AZUL 0,5MM 2UN",ESQUISSE,Emb. 2 UNID.,"1,25€","0,63€ / UNID.",
Couve Branca,,1 Unid. = 1.28 KG (aprox.),"1,19€/kg","1,52€ / Unid.",
Snack Batata Sabor Paprika,TOKAPI,Emb. 0.17 KG,"1,95€","11,47€ / KG",
Barrinhas Periquitos sabor a Ovos,TOUS MES AMIS,Emb. 0.06 KG,"1,69€","28,17€ / KG",
Batom Lasting Finish Drop of Sherry 058,RIMMEL,Emb. 1 UNID.,"8,99€","8,99€ / UNID.",
Papa Infantil 5 Frutos,CERELAC,Emb. 0.25 KG,"2,39€","9,56€ / KG",
FORMA P/BOLO MEDIA,,Emb. 100 UNID.,"0,99€","0,01€ / UNID.",
Marmelada,FERBAR,Emb. 0.4 KG,"1,99€","4,98€ / KG",
Vinho Regional Douro Tinto Reserva,ADEGA DE VILA REAL,Garrafa 0.75 LT,"3,29€","4,39€ / LT",
Queijo Flamengo Fatiado,NOVA AÇORES,Emb. 0.2 KG,"1,89€","9,45€ / KG",
BISCOITOS DE CANELA,P'TIT DÉLI,Emb. 0.4 KG,"1,55€","3,88€ / KG",
Cereais Corn Flakes Original,KELLOGG'S,Emb. 0.5 KG,"2,24€","4,48€ / KG",
Camarão Cal. 80/100,,1 Unid. = 0.25 KG (aprox.),"8,79€/kg","2,20€ / Unid.",
TABUA ENGOMAR,ECO+,Emb. 1 UNID.,"22,99€","22,99€ / UNID.",
Refrigerante C/ Gás Mini Cola 12 Unid.,JEAN'S,Emb. 1.8 LT,"3,99€","2,22€ / LT",
Vinho Regional Alentejano Branco,LOIOS,Garrafa 0.75 LT,"3,99€","5,32€ / LT",
Iogurte Líquido Morango 12 Unid.,ACTIMEL,Emb. 1.2 LT,"4,39€","3,66€ / LT",
B&J Caramel Chew Chew 465ml,,Emb. 0.465 LT,"6,79€","14,60€ / LT",
Halls Vita C sem Açúcar Cítricos,HALLS,Emb. 0.032 KG,"0,89€","27,81€ / KG",
Pão de Forma Especial Torradas com Côdea,EPI D'OR,Emb. 0.8 KG,"1,74€","2,18€ / KG",
Pinhões,TABLIER BLANC,Emb. 0.05 KG,"3,49€","69,80€ / KG",
BEBIDA DE ARROZ E COCO BIO,,Emb. 1 KG,"1,99€","1,99€ / KG",
Gomas de Ovos,COPAÍNS COPINES,Emb. 0.3 KG,"1,34€","4,47€ / KG",
Cápsulas Café Sical,DOLCE GUSTO,Emb. 16 CAPS.,"5,99€","0,37€ / CAPS.",
Massa Cuscus,TURINI,Emb. 0.25 KG,"0,55€","2,20€ / KG",
Patê Terrine Campestre Confit de Figado 3x180 g,,Frasco 0.54 KG,"2,89€","5,35€ / KG",
BATATA NOVA SALTEADA C/ AZEITE E SAL MARINHO,POM'LISSE,Emb. 0.45 KG,"2,55€","5,67€ / KG",
Queijo Prato Amanteigado Pequeno,PAIVA,Emb. 0.55 KG,"7,49€","13,62€ / KG",
Bolachas Uva,NAT&VIE,Emb. 0.2 KG,"1,69€","8,45€ / KG",
Fraldas Bebé T3 ACTIV+ 4/9 Kg,MOTS D'ENFANTS,Emb. 47 UNID.,"7,89€","0,17€ / UNID.",
MINI PIZZAS QUEIJO E FIAMBRE 9UN,TURINI,Emb. 0.27,"2,39€","8,85€ /",
Polpa de Tomate,GULOSO,Frasco 0.5 LT,"0,79€","1,58€ / LT",
Chá de Lúcia-Lima,LIPTON,Emb. 20 SAQ.,"1,20€","0,06€ / SAQ.",
MOLHO CESAR COM GRANA PADANO E ALHO,RUSTICA,Emb. 0.05 LT,"2,29€","45,80€ / LT",
Tarte de Alho Frances,CÔTÉ TABLE,Emb. 0.4 KG,"2,25€","5,63€ / KG",
Desodorizante Roll-On Cool Fresh,DOVE,Emb. 0.05 LT,"2,69€","53,80€ / LT",
Iogurte Líquido Tutti Frutti 6 Unid.,ACTIMEL,Emb. 0.6 KG,"2,59€","4,32€ / KG",
Bebida Energética Mango Loco Energy Juiced,MONSTER ENERGY,Emb. 0.05 LT,"1,20€","24,00€ / LT",
Mini Bolos de Mármore de Chocolate,P'TIT DÉLI,Emb. 0.378 KG,"2,95€","7,80€ / KG",
Azeite,CONDESTÁVEL,Garrafa 0.75 LT,"3,69€","4,92€ / LT",
Batatas Fritas Onduladas,POM'LISSE,Emb. 0.18 KG,"1,79€","9,94€ / KG",
Queijo Fresco Magro,SANTIAGO,Emb. 0.2 KG,"1,79€","8,95€ / KG",
AZEITONA VERDE COM PIMENTO,RUSTICA,Emb. 0.8 KG,"2,34€","2,93€ / KG",
Amaciador para Roupa Nature Rosa & Maçã Verde Ultra Concentrado,COMFORT,Emb. 60 DOSES,"3,99€","0,07€ / DOSES",
CARTE D'OR BAUNILHA 1L,CARTE D'OR,Emb. 1 LT,"2,89€","2,89€ / LT",
Yofu Natural Sem Açúcar 500g,,Emb. 0.5 KG,"2,39€","4,78€ / KG",
Estrella Damm Cerveja de Espanha Pack 6X25CL,ESTRELLA DAMM,,"3,19€",/ Unid.,
Whisky Bourbon,JOHN DAVON'S,Garrafa 0.7 LT,"10,99€","15,70€ / LT",
Bebida Amêndoa S/ Açúcar,NAT&VIE,Emb. 1 LT,"1,69€","1,69€ / LT",
STICKS FLUOR CALCIO P/ CAO 10UN,P'TIT AMI,Emb. 1 UNID.,"1,25€","1,25€ / UNID.",
Conserva de Bacalhau em Azeite e Alho,PITEU,Emb. 0.12 KG,"2,39€","19,92€ / KG",
Água com Gás 10x25 cl TP,PEDRAS SALGADAS,Emb. 2.5 LT,"4,60€","1,84€ / LT",
NATAS GORDAS UHT SEMI-ESPESSAS COM 30 % M.G.,DÉLISSE,Emb. 0.6 KG,"2,35€","3,92€ / KG",
Bebida de Soja,NAT&VIE,Emb. 1 LT,"0,99€","0,99€ / LT",
CAPSULAS CAFE COMP C/ DG - SUAVE INT7,PLANTATION,Emb. 16 UNID.,"2,44€","0,15€ / UNID.",
CORN FLAKES NATURE,,,"1,85€",/ Unid.,
Aditivo Máquina Loiça Sal,CALGON,Emb. 1 KG,"2,49€","2,49€ / KG",
Maionese Top Down,CALVÉ,Emb. 0.238 KG,"3,29€","13,82€ / KG",
Néctar Essencial Pêssego 3x110ml,COMPAL,Emb. 0.33 LT,"1,79€","5,42€ / LT",
Bolachas Recheadas de Laranja,ECO+,Emb. 0.3 KG,"1,39€","4,63€ / KG",
Creme Hidratante,NIVEA,Emb. 0.03 LT,"1,99€","66,33€ / LT",
Máscara Ultra Suave Azeitona Mítica,GARNIER,Emb. 0.3 LT,"6,79€","22,63€ / LT",
Costeletas Mistas de Porco,,1 Unid. = 0.435 KG (aprox.),"3,99€/kg","1,74€ / Unid.",
RECARGA LIMPA VIDROS ECOLOGICO,UNÍ VERT,Emb. 0.75 LT,"1,49€","1,99€ / LT",
BL1 LED FILA CHAMA 4-40W E14,FOXTER,Emb. 1 UNID.,"3,59€","3,59€ / UNID.",
Leite Hidratante Apaziguante Aveia,ULTRA SUAVE,Emb. 0.4 LT,"5,99€","14,98€ / LT",
Pensos Higiénicos Cottonlike Normal Alas,EVAX,Emb. 1 P,"2,59€","2,59€ / P",
Água Nascente S/ Gás,ECO+,Garrafão 6 LT,"0,75€","0,13€ / LT",
Batatas Fritas Onduladas Sabor a Presunto,POM'LISSE,Emb. 0.185 KG,"1,19€","6,43€ / KG",
DESODORIZANTE SPRAY SEDUCTION MEN 200ML,CARRÉ HOMME,Emb. 0.2 LT,"1,19€","5,95€ / LT",
Pantene Micelar Purifica & Revitaliza Champô,,Emb. 0.25 LT,"3,99€","15,96€ / LT",
Açúcar Branco,TÉVA,Emb. 1 KG,"1,49€","1,49€ / KG",
Coloração 5-29 Vermelho Intenso,SYOSS,,"4,99€",/ Unid.,
Liegeois Chocolate e Café 4x100g,DÉLISSE,Emb. 0.8 KG,"2,75€","3,44€ / KG",
CREME REVITALIZANTE Q10 MEN 50ML,CARRÉ HOMME,Emb. 0.05 LT,"2,29€","45,80€ / LT",
"Chá Verde com Guaraná, Canela e Cardamono",LIPTON,Emb. 0.032 KG,"1,94€","60,63€ / KG",
Amaciador de Roupa Pure,COMFORT,Emb. 4 LT,"4,49€","1,12€ / LT",
Ambientador Pure Happiness Laranja e Neroli Aromatherapy,GLADE,Emb. 0.08 LT,"8,39€","104,88€ / LT",
Miolo de Amêndoa Torrada com Sal,,Emb. 0.2 KG,"3,99€","19,95€ / KG",
BATATAS FRITAS POM´LISSE,POM'LISSE,Emb. 0.15 KG,"1,09€","7,27€ / KG",
Gel Duche + Champô Boise,MANAVA,Emb. 0.25 LT,"1,29€","5,16€ / LT",
MISTURA EXOTICA,TOKAPI,Emb. 0.12 KG,"1,19€","9,92€ / KG",
Tablete de Chocolate de Leite Bubbly Caramel,MILKA,Emb. 0.25 KG,"3,99€","15,96€ / KG",
Guardanapos Branco Pequenos Folha Dupla,GUARDANAPOS RENOVA,Emb. 90 UNID.,"1,25€","0,01€ / UNID.",
Salsichão Seco Porco,ECO+,Emb. 0.25 KG,"2,39€","9,56€ / KG",
"CAPA CARTAO C/ELASTICO LOMBADA 2,5CM",ESQUISSE,Emb. 1 UNID.,"2,49€","2,49€ / UNID.",
Chouriço Corrente 2x100gr,PRIMOR,Emb. 0.2 KG,"1,39€","6,95€ / KG",
Salva Camas 60x75CM,LINDOR,Emb. 15 UNID.,"8,49€","0,57€ / UNID.",
Dentífrico Junior,,Emb. 0.075 LT,"2,59€","34,53€ / LT",
Néctar Clássico Ananás,COMPAL,Emb. 1 LT,"1,69€","1,69€ / LT",
Espumante Bruto,CONTRI,Garrafa 0.75 LT,"2,49€","3,32€ / LT",
B&J Strawb CheeseCake 465ml,,Emb. 0.465 LT,"6,79€","14,60€ / LT",
Sobremesa Láctea Natual Açúcarado +6 Meses,BIO VILLAGE BEBE,Emb. 0.4 KG,"2,29€","5,73€ / KG",
Toalhitas para Bebé Básico,DODOT,Emb. 54 UNID.,"1,15€","0,02€ / UNID.",
Sobremesa Láctea de Pêra +6 Meses 4 Unid.,BIO VILLAGE BEBE,Emb. 0.4 KG,"2,29€","5,73€ / KG",
TAMPAO NORMAL,UNÍ VERT,Emb. 16 UNID.,"1,55€","0,10€ / UNID.",
Conjunto de 4 Recargas P/ Desumidificador Lavanda,FOXTER,Emb. 4 UNID.,"10,99€","2,75€ / UNID.",
Gelatina Ananás 4 Unid.,ROYAL,Emb. 0.4 KG,"1,99€","4,98€ / KG",
DENTRIFICO EXPERT ULTRA BRANQUEADOR,DENTAMYL,Emb. 0.075 LT,"0,95€","12,67€ / LT",
Café Solúvel Sélection,PLANTATION,Frasco 0.2 KG,"2,89€","14,45€ / KG",
Iogurte Magro Morango Kiwi Banana E Pêssego 8 Unid.,MIMOSA,Emb. 0.96 KG,"2,49€","2,59€ / KG",
Sabonete Sólido Amêndoa Doce 6 Unid.,MANAVA,Emb. 6 UNID.,"3,29€","0,55€ / UNID.",
Sultana Preta,MARQUE REPERE,Emb. 0.2 KG,"0,79€","3,95€ / KG",
Bolacha Digestiva Coberta com Chocolate de Leite,MC VITIE'S,Emb. 0.2 KG,"2,99€","14,95€ / KG",
Papel Higiénico 2 Folhas Extra XXL 6=15,RENOVA,Emb. 6 ROLOS,"3,95€","0,66€ / ROLOS",
Cerveja com Álcool 24x20cl,SUPER BOCK,Emb. 4.8 LT,"9,99€","2,08€ / LT",
Iogurte Líquido Frutas Exóticas 6x100g,DANACOL,Emb. 0.6 KG,"2,99€","4,98€ / KG",
Ovas de Peixe Lapa vermelho,RONDE DES MERS,Emb. 0.1 KG,"3,99€","39,90€ / KG",
Sumo Active Drink Frutos Exóticos / Cenoura,SANTAL,Emb. 1.5 LT,"2,14€","1,43€ / LT",
FITA COLA DUPLA FACE 25M X 50MM,FOXTER,Emb. 1 UNID.,"4,99€","4,99€ / UNID.",
Café Solúvel,DELTA,Frasco 0.1 KG,"2,19€","21,90€ / KG",
Snack P/ Cão Pequeno 7-12Kg,PURINA,Emb. 0.115 KG,"2,39€","20,78€ / KG",
Tira-Nódoas em Spray,SKIP,Emb. 0.5 LT,"2,99€","5,98€ / LT",
Iogurte Líquido Frutos Variados,YOCO,Emb. 0.54 KG,"2,29€","4,24€ / KG",
Chispalhada S/ Corantes,NOBRE,Lata 0.42 KG,"1,76€","4,19€ / KG",
Marmelada Extra,,Emb. 0.9 KG,"1,99€","2,21€ / KG",
Calippo Morango,OLÁ,Emb. 0.525 LT,"2,49€","4,74€ / LT",
Miolo de Amêndoa C/ Pele,MARQUE REPERE,Emb. 0.225 KG,"2,90€","12,89€ / KG",
Preparado para Bolo Fondant de Chocolate sem Glúten,CHAQUE JOUR SANS GLUTEN,Emb. 0.5 KG,"3,39€","6,78€ / KG",
MOUSSE MAGRO 0%MG MORANGO / PESSEGO,DÉLISSE,Emb. 0.46 KG,"1,75€","3,80€ / KG",
Água Micelar Desmaquilhante Tudo em 1,NIVEA,Emb. 0.4 LT,"6,89€","17,23€ / LT",
Bombay Dry Gin Original,BOMBAY,Garrafa 0.7 LT,"16,59€","23,70€ / LT",
Refrigerante C/ Gás Cola,ECO+,Garrafa 2 LT,"0,79€","0,40€ / LT",
Gel Efeito Molhado Extra Forte 3,VITANOVE,Emb. 0.3 L,"2,29€","7,63€ / L",
Bolo com Recheio de Morango 14 Unid.,,Emb. 0.42 KG,"2,15€","5,12€ / KG",
Desodorizante Roll On Black & White Active,NIVEA,Emb. 0.05 L,"4,49€","89,80€ / L",
ALIMENT BEBE: PURE LEGUMES DE PROVENCA BIO +4M 2X120G,BIO VILLAGE BEBE,Emb. 0.4 KG,"1,45€","3,63€ / KG",
Luvas Domésticas Duplex Tamanho M,RENOVA LUVAS,Emb. 1 UNID.,"1,09€","1,09€ / UNID.",
Pimento Vermelho,,1 Unid. = 0.21 KG (aprox.),"2,79€/kg","0,59€ / Unid.",
Alimento Seco P/ Gatos Esterilizados Salmão,PURINA FRISKIES,Emb. 1.5 KG,"6,99€","4,66€ / KG",
ALHO FRANCÊS RONDELLE,NOTRE JARDIN,Emb. 1 KG,"1,19€","1,19€ / KG",
Iogurte Grego Natural 4x150g,DÉLISSE,Emb. 0.6 KG,"1,55€","2,58€ / KG",
NATAS LIQUIDAS UHT GARRAFA 15%MG,DÉLISSE,Emb. 0.5 KG,"1,89€","3,78€ / KG",
Palmiers Biológicos,,Emb. 0.1 KG,"1,09€","10,90€ / KG",
Óleo Motor 5W30 FAP C4,TECH9,Emb. 5 LT,"29,99€","6,00€ / LT",
Vinho Tinto Bag in Box,ALMA DE PIAS,Emb. 5 LT,"6,79€","1,36€ / LT",
Batatas Fritas Lisas Caseiras,SNR,Emb. 0.4 UNID.,"1,99€","4,98€ / UNID.",
Café Solúvel Black Roast,NESCAFÉ,Emb. 0.2 KG,"4,79€","23,95€ / KG",
IOGURTE C/PEDACOS VARIOS SABORES,DÉLISSE,Emb. 2 KG,"4,19€","2,10€ / KG",
Alimento Seco P/  Gato Júnior Frango e Leite,PURINA FRISKIES,Emb. 1.5 KG,"6,99€","4,66€ / KG",
Batata Noisettes,POM'LISSE,Emb. 1 KG,"1,79€","1,79€ / KG",
Bloco Sanitário Limão,SONASOL,Emb. 0.05 KG,"1,94€","38,80€ / KG",
Refrigerante C/ Gás S/ Açúcar Pack 6,COCA COLA,Emb. 1.98 LT,"4,30€","2,17€ / LT",
Morcela Preta com Cebola,TRADILÈGE,Emb. 0.375 KG,"2,99€","7,97€ / KG",
Ervilhas Ultracongeladas,IGLO,Emb. 0.7 KG,"3,99€","5,70€ / KG",
Água Tónica,SPRINK'S,Garrafa 1.5 LT,"1,39€","0,93€ / LT",
Cone Menta e Chocolate,TRIUM,Emb. 6 UNID.,"2,15€","0,36€ / UNID.",
Gel Banho Termal SPA,MANAVA,Emb. 0.75 LT,"1,69€","2,25€ / LT",
Azeite Subtil,GALLO,Garrafa 2 LT,"10,39€","5,20€ / LT",
Gentil Lixívia para a Roupa a Cores e Delicada,NEOBLANC,Emb. 2 LT,"5,49€","2,75€ / LT",
MIRTILOS SELVAGENS,DOUCEUR DU VERGER,Emb. 0.65 KG,"4,99€","7,68€ / KG",
Cebolas,,Emb. 2 KG,"2,18€","1,09€ / KG",
Cerveja com Álcool,SAGRES,Garrafa 1 LT,"1,69€","1,69€ / LT",
CHAMPO CABELOS FRAGEIS E QUEBRADICOS 250ML,NATEIS,Emb. 0.25 LT,"1,69€","6,76€ / LT",
Pão de Forma sem Codea,EPI D'OR,Emb. 0.45 KG,"1,49€","3,31€ / KG",
SACOS P/ CONTENTORES DO LIXO 240L,ELEMBAL,Emb. 10 UNID.,"3,89€","0,39€ / UNID.",
Hamburger de Carne de Vaca Ultracongelado,,Emb. 10 UNID.,"8,99€","0,90€ / UNID.",
Alimento Seco P/ Cão Adulto Carne Vaca,PURINA ONE,Emb. 1.5 KG,"8,65€","5,77€ / KG",
GLISS ULTIMATE REPAIR CONDICIONADOR,GLISS,Emb. 0.2 LT,"2,24€","11,20€ / LT",
Conjunto de 5 Chaves De Fendas,ECO+,Emb. 5 UNID.,"1,99€","0,40€ / UNID.",
Mini Rissóis de Carne 20 Unid.,SNR,Emb. 0.4 KG,"3,30€","8,25€ / KG",
"AGUA FRIZE,,75CL",FASTIO,,"1,09€",/ Unid.,
Pacotinho de Frutas Maçã Manga S/ Glúten +6 meses,NESTLÉ BEBÉ,Emb. 0.09 KG,"1,05€","11,67€ / KG",
Barra de Cereais com Pepitas de Chocolate Biológica 6 Unid.,,Emb. 0.126 KG,"1,69€","13,41€ / KG",
BANDAS DEPILATORIAS CERA FRIA PELE SENSIVEL VIAGEM 20UN,SLISS,Emb. 0.2 LT,"1,95€","9,75€ / LT",
COLA BATON 10G,ESQUISSE,Emb. 2 UNID.,"1,19€","0,60€ / UNID.",
PIRI SACANA C/CANNABIS,PALADIN,Emb. 0.075 LT,"3,09€","41,20€ / LT",
TEMPERO BARBECUE PARA CARNE DE PORCO E SACO P/ ASSAR,RUSTICA,Emb. 0.028 KG,"0,75€","26,79€ / KG",
Bacalhau Seleção Graúdo Noruega Asa Preta,,1 Unid. = 2.5 KG (aprox.),"12,99€/kg","32,48€ / Unid.",
"CHUPA CHUPS ASSORT S/ACUCA,,66G",,,"2,99€",/ Unid.,
Molho de Nata Peixe,MIMOSA,Emb. 0.2 LT,"0,98€","4,90€ / LT",
Atum em Azeite,BOM PETISCO,Emb. 0.12 KG,"1,39€","11,58€ / KG",
Desodorizante Spray Invisible,MANAVA,Emb. 0.1 LT,"1,29€","12,90€ / LT",
Bolachas de Água e Sal,VIEIRA,Emb. 0.125 KG,"0,95€","7,60€ / KG",
Queijo Fatiado Flamengo,LIMIANO,Emb. 0.2 KG,"2,69€","13,45€ / KG",
Champô Cabelo Cool Fresh Mentol,NIVEA MEN,Emb. 0.25 LT,"4,39€","17,56€ / LT",
Fita Adesiva Embalamento 66Metrosx50Mm,FOXTER,Emb. 1 UNID.,"1,99€","1,99€ / UNID.",
Liégeois Baunilha 8x100g,DÉLISSE,Emb. 0.8 KG,"2,75€","3,44€ / KG",
Bolacha Maria,CUÉTARA,Emb. 0.2 KG,"0,89€","4,45€ / KG",
Cubos de Pão Tostado Alho e Ervas Especial Saladas,EPI D'OR,Emb. 0.06 KG,"0,59€","9,83€ / KG",
Rolo de Cozinha Green XXL,RENOVA,Emb. 2 ROLOS,"1,65€","0,83€ / ROLOS",
"DELICIA ""NAPOLITAIN"" 10UN",P'TIT DÉLI,Emb. 0.35 KG,"2,99€","8,54€ / KG",
MOLHO BARBECUE,RUSTICA,Emb. 0.28 KG,"1,19€","4,25€ / KG",
CAPS CAFE COMP C/ NESP XL FORTISSIMO,PLANTATION,40 UNID.,"7,49€","0,19€ / UNID.",
Iogurte Grego Natural 4 Unid.,YAOS,Emb. 0.44 KG,"2,29€","5,20€ / KG",
Tira Gorduras Misto,MISTOLIN,Emb. 0.545 LT,"2,99€","5,49€ / LT",
Amendoins no Forno,MATUTANO,Emb. 0.2 KG,"2,29€","11,45€ / KG",
Maionese com Mostarda de Dijon com Baixo Teor de Gordura,RUSTICA,Emb. 0.45 KG,"1,35€","3,00€ / KG",
Bloco Sanitário power 5 duo pack lime,DOMESTOS,Emb. 0.11 KG,"2,74€","24,91€ / KG",
CAVALINHA EM ÓLEO VEGETAL,PITEU,Emb. 0.12 KG,"0,96€","8,00€ / KG",
Crackers com Sésamo,VIEIRA,Emb. 0.2 KG,"1,49€","7,45€ / KG",
Creme Intensivo Corporal,DOVE,Emb. 0.15 LT,"2,59€","17,27€ / LT",
Cereais de Chocolate,CHOCAPIC,Emb. 0.625 KG,"3,52€","5,63€ / KG",
ROLO DE MASSA FOLHADA 2X230G,TABLIER BLANC,Emb. 0.46 KG,"1,89€","4,11€ / KG",
CHOCOLATE PRETO C/ CASCA DE LARANJA,TABLETTE D'OR,Emb. 0.2 KG,"1,89€","9,45€ / KG",
Vinho do Porto 10 Anos,FERREIRA,Garrafa 0.75 LT,"16,99€","22,65€ / LT",
Canela Moída,MARGÃO,Emb. 0.039 KG,"2,29€","58,72€ / KG",
CROQUETES CARNE DE VACA/FIGADO/LEG 400G LYCAT,LYCAT,Emb. 0.4 KG,"1,10€","2,75€ / KG",
Caramelo duro con palo,CHUPA CHUPS,,"2,29€",/ Unid.,
Biscoitos com Sal,TOKAPI,0.3 KG,"1,69€","5,63€ / KG",
Leite Creme de Café 4X100G,DÉLISSE,Emb. 0.4 KG,"2,39€","5,98€ / KG",
"CROQUETES CAO MINI ADULTO 1,5KG 1,5KG LYDOG",PLENIMA,Emb. 1.5 KG,"4,49€","2,99€ / KG",
Vinho Regional Península de Setúbal Branco,FONTANARIO,Garrafa 0.75 LT,"2,69€","3,59€ / LT",
Queijo Curado 7 meses,SÃO JORGE,Emb. 0.4 KG,"6,19€","15,48€ / KG",
"AMBIENTADOR MECHA ""FRUTOS VERMELHOS"" 375ML",BIEN AIR,Emb. 0.375 LT,"1,55€","4,13€ / LT",
Champanhe Bruto,POL CARSON,Garrafa 0.375 LT,"9,89€","26,37€ / LT",
Gelado de Nata,CARTE D'OR,Emb. 0.75 LT,"1,94€","2,59€ / LT",
Gel Banho 1/4 Creme Hidratante,MANAVA,Emb. 0.75 LT,"1,79€","2,39€ / LT",
DESODORIZANTE SPRAY ATTIRANT MEN 200ML,CARRÉ HOMME,Emb. 0.2 LT,"1,19€","5,95€ / LT",
Pevide de Abóbora C/ Casca C/ Sal,MARQUE REPERE,Emb. 0.2 KG,"1,99€","9,95€ / KG",
SACOS LIXO C/ ATILHO 130L,ELEMBAL,Emb. 10 UNID.,"2,39€","0,24€ / UNID.",
VELAS TEALIGHTS 25UN,ARDENCE,Emb. 25 UNID.,"2,99€","0,12€ / UNID.",
FARINHA DE TRIGO SEMI-INTEGRAL BIO,,Emb. 1 KG,"1,49€","1,49€ / KG",
Tomate Cherry,,Emb. 0.25 KG,"1,19€","4,76€ / KG",
LIMPA MOVEIS C/CERA AEROSSOL,CLAIR,Emb. 0.3 LT,"1,69€","5,63€ / LT",
ALIMENTO HUMIDO EM GELEIA FRANGO/FIGADO/CENOURA P/ CAO 1230G,LYDOG,Emb. 1 KG,"2,05€","2,05€ / KG",
Vinho Regional Alentejo Tinto,MONSARAZ,Garrafa 0.75 LT,"3,99€","5,32€ / LT",
Snack de Batatas Finas Natural,TOKAPI,Emb. 0.17 KG,"1,95€","11,47€ / KG",
QUEIJO FLAMENGO RALADO,QUEIJO NA TÁBUA,Emb. 0.15 KG,"1,25€","8,33€ / KG",
SACO ASPIRADOR FREE 4X,ELSAY,Emb. 1 UNID.,"3,90€","3,90€ / UNID.",
Leite Magro em Pó,DÉLISSE,Emb. 0.3 KG,"2,79€","9,30€ / KG",
Pantene Frizz Control & Luminosidade Condicionador 160 ml,,Emb. 0.16 LT,"4,99€","31,19€ / LT",
HAMBURGUER DE PERU 4UN,CHANTEGRIL,Emb. 0.32 KG,"1,99€","6,22€ / KG",
Forma Pudim Canelada 16cm,ECO+,Emb. 1 UNID.,"3,99€","3,99€ / UNID.",
Amaciador Cabelo Normais Garnier Força e Brilho,FRUCTIS,Emb. 0.2 LT,"3,99€","19,95€ / LT",
Champô Elvive Total Repair 5,L'ORÉAL PARIS,Emb. 0.4 LT,"5,99€","14,98€ / LT",
MEXEDORES CAFE MADEIRA,HOMESIDE,Emb. 100 UNID.,"2,19€","0,02€ / UNID.",
Bacalhau à Brás Ultracongelado,IGLO,Emb. 0.3 KG,"5,29€","17,63€ / KG",
LUVA AUTO MOPA ANTI-MOSQUITOS,TECH9,Emb. 1 UNID.,"2,59€","2,59€ / UNID.",
SACOS LIXO WC C/ATILHO 5L,ELEMBAL,Emb. 40 UNID.,"1,19€","0,03€ / UNID.",
Salsicha Frankfurt,CAMPOFRIO,Emb. 0.14 KG,"0,99€","7,07€ / KG",
Miolo de Noz Metades,MARQUE REPERE,Emb. 0.2 KG,"2,99€","14,95€ / KG",
Leite Fresco Meio Gordo,VIGOR,Emb. 1 LT,"0,99€","0,99€ / LT",
Alimento P/ Cão de Boi C/ Mandioca S/ Glúten,BEYOND,Emb. 1.2 KG,"8,49€","7,08€ / KG",
Orégãos Folhas,MARGÃO,Emb. 0.01 KG,"1,69€","169,00€ / KG",
Iogurte Sólido Proteíco Framboesa Lindahls,NESTLÉ,Emb. 0.15 KG,"1,09€","7,27€ / KG",
TOALHITAS MOVEIS PERFUMADAS,CLAIR,Emb. 24 UNID.,"1,19€","0,05€ / UNID.",
Johnson's Gel de Banho Bons Sonhos,JOHNSON'S BABY,Emb. 0.5,"3,89€","7,78€ /",
"Refrigerante com Gás Laranja Lata 6x0,33L",SUMOL,Emb. 1.98 LT,"4,39€","2,22€ / LT",
Batom Corretivo 103,RIMMEL,Emb. 1 UNID.,"8,49€","8,49€ / UNID.",
Gomas Feijões,COPAÍNS COPINES,Emb. 0.2 KG,"1,49€","7,45€ / KG",
Lasanha Bolonhesa à Ultracongelada,CÔTÉ TABLE,Emb. 0.6 KG,"2,69€","4,48€ / KG",
Champô Cabelos Normais Fructis Anti Caspa,GARNIER,Emb. 0.25 LT,"3,99€","15,96€ / LT",
CEREAIS RECHEADOS C/ CHOCO,P'TIT DÉLI,Emb. 0.65 KG,"2,89€","4,45€ / KG",
Massa Cotovelos,ECO+,Emb. 0.5 KG,"0,65€","1,30€ / KG",
Creme P/ Barrar 59% M.G. Rico Omega 3,NAT&VIE,Emb. 0.5 KG,"1,99€","3,98€ / KG",
Bolachas Cobertas com Chocolate de Leite,OREO,Emb. 0.246 KG,"2,99€","12,15€ / KG",
VELA NUMERO - 0,ARDENCE,Emb. 1 UNID.,"0,89€","0,89€ / UNID.",
Syoss Oieo Intense 5-54 Castanho Claro Cendré,SYOSS,,"6,24€",/ Unid.,
Desodorizante,REXONA,Emb. 0.05 LT,"2,69€","53,80€ / LT",
Água C/ Gás 6 Unid.,SAINT DIERY,Emb. 3 LT,"1,59€","0,53€ / LT",
Café Lote Clássico Grão,SICAL,Emb. 1 KG,"13,99€","13,99€ / KG",
Sopa Económica Rabo de Boi,KNORR,Emb. 0.06 KG,"1,09€","18,17€ / KG",
Arroz Estufado,CAÇAROLA,Emb. 1 KG,"1,24€","1,24€ / KG",
Gel De Banho Hidra Essencial,VASELINE,Emb. 0.7 LT,"3,59€","5,13€ / LT",
Amaciador Cabelos Secos Elvive,ELVIVE,Emb. 0.2 LT,"3,79€","18,95€ / LT",
Azeite Virgem,OLIVEIRA DA SERRA,Garrafa 0.75 LT,"3,58€","4,77€ / LT",
Salsichas Cocktail,TRADILÈGE,Emb. 0.4 KG,"3,39€","8,48€ / KG",
COLORACAO VEGETAL HENA COBRE BIO,BIONAÏA,Emb. 1 UNID.,"6,99€","6,99€ / UNID.",
Alimento Seco P/ Cão Adulto + de 10 Kg Frango C/ Arroz,PURINA,Emb. 2.5 KG,"13,99€","5,60€ / KG",
MINI SPRAY FLORAL RECARGA 15ML,BIEN AIR,Emb. 0.015 LT,"0,90€","60,00€ / LT",
Chantilly,PRÉSIDENT,Emb. 0.25 Kg,"2,59€","10,36€ / Kg",
ASPIRADOR C/SACO ECO+,ECO+,Emb. 1 UNID.,"54,90€","54,90€ / UNID.",
Orégãos Folhas,MARGÃO,Emb. 0.008 KG,"0,99€","123,75€ / KG",
Bic Lâminas Descartáveis Miss Soleil 3 + 1 Unidades,BIC,Emb. 3 UNID.,"4,29€","1,43€ / UNID.",
Verniz de Unhas 60 Segundos 315,RIMMEL,Emb. 1 UNID.,"5,59€","5,59€ / UNID.",
CONDICIONADOR ALISANTE,VITANOVE,Emb. 0.2 LT,"1,24€","6,20€ / LT",
Champô Cabelo Ultra Suave Óleo de Abacate e Manteiga de Carité,GARNIER,Emb. 0.4 LT,"5,59€","13,98€ / LT",
Cereais Cookie'z Chocolate,NACIONAL,Emb. 0.3 KG,"1,69€","5,63€ / KG",
10 ESPETOS INOX,BEAUX JOURS,Emb. 10 UNID.,"5,99€","0,60€ / UNID.",
Sobremesa Ilha Flutuante 4x100g,DÉLISSE,Emb. 0.4 KG,"2,65€","6,63€ / KG",
Aperitivo,RICARD,Garrafa 0.7 LT,"13,49€","19,27€ / LT",
Queijo de Ovelha Amanteigado Cerrado do Vale,SANTIAGO,1 Unid. = 1.2 KG (aprox.),"15,98€/kg","19,18€ / Unid.",
PANO MICROFIBRAS MULTI-USO PRO,TECH9,Emb. 1 UNID.,"1,09€","1,09€ / UNID.",
Refrigerante C/ Gás Cola,JEAN'S,Garrafa 1.5 LT,"1,05€","0,70€ / LT",
PEITO DE PERU FATIADO,CAMPO FINO,Emb. 0.2 KG,"2,25€","11,25€ / KG",
PRATO FUNDO BIODEGRADAVEL 18CM,HOMESIDE,Emb. 10 UNID.,"1,59€","0,16€ / UNID.",
Desodorizante Roll- On Dry Fresh,NIVEA,Emb. 0.05 LT,"3,99€","79,80€ / LT",
Feijão Catarino Seco,NOTRE JARDIN,Emb. 0.5 KG,"1,09€","2,18€ / KG",
DOSSIER A4 LOMBADA 5CM,ESQUISSE,Emb. 1 UNID.,"2,09€","2,09€ / UNID.",
Tirinhas de Bacon ao Natural 2x100g,TRADILÈGE,Emb. 0.2 KG,"2,19€","10,95€ / KG",
Queijo Apimentado de Lamego,PAIVA,1 Unid. = 1.2 KG (aprox.),"8,98€/kg","10,78€ / Unid.",
Bolachas Maria Oro,CUÉTARA,Emb. 0.2 KG,"1,04€","5,20€ / KG",
VELA NUMERADA N 6,,Emb. 1 UNID.,"0,59€","0,59€ / UNID.",
TIRA NODOAS OXIGENIO ACTIVO EM GEL 750ML,TEXIL,Emb. 0.75 LT,"2,19€","2,92€ / LT",
Massa Carbonara,KNORR,Emb. 0.062 KG,"1,89€","30,48€ / KG",
Salsichas Hot Dog 6 unid.,CÔTÉ TABLE,Emb. 0.25 KG,"1,49€","5,96€ / KG",
RATO S/FIO PRETO,LINKSTER,Emb. 1 UNID.,"9,90€","9,90€ / UNID.",
FRITADEIRA 2000W 3L,ELSAY,Emb. 1 UNID.,"49,90€","49,90€ / UNID.",
LEITE AROMA MORANGO 6X200ML DELISSE,DÉLISSE,Emb. 1.2 LT,"1,59€","1,33€ / LT",
Mel Top Down,NID D'ABEILLE,Emb. 0.5 KG,"3,49€","6,98€ / KG",
GRANOLA BAGAS GOJI E GROSELHA PRETA,GRAINEA,Emb. 0.35 KG,"2,99€","8,54€ / KG",
Alimento Seco P/ Gato Adulto Salmão,BEYOND,Emb. 0.35 KG,"2,99€","8,54€ / KG",
Mini Quadrados Chocolate Preto,EQUADOR,Emb. 0.2 KG,"2,79€","13,95€ / KG",
Rolo Cozinha 2 Folhas,MARQUE REPERE,Emb. 4 UNID.,"2,49€","0,62€ / UNID.",
Água com Gás 6x33cl,CARVALHELHOS,Emb. 1.98 LT,"2,66€","1,34€ / LT",
Esparguete Tricolor,MILANEZA,Emb. 0.5 KG,"2,15€","4,30€ / KG",
Bebida Energética Orange Burst,POWERADE,Emb. 0.5 LT,"1,39€","2,78€ / LT",
Alimento Seco para Cão Frango e Arroz,ECO+,Emb. 4 KG,"6,49€","1,62€ / KG",
MORTADELA FATIADA,CAMPO FINO,Emb. 0.2 KG,"0,99€","4,95€ / KG",
"FRIZE RODELA LIMAO,,4x.25L",FRIZE,,"2,79€",/ Unid.,
LUVAS ULTRA-RESISTENTES- TAMANHO L - 1 PAR,MAMISON,,"1,69€",/ Unid.,
Iogurte Líquido Morango Banana 4x155g,DANONE,Emb. 0.62 KG,"1,39€","2,24€ / KG",
Amendoins Sal e Mel,MATUTANO,Emb. 0.15 KG,"2,59€","17,27€ / KG",
Vinagre Balsâmico de Modena,,Garrafa 0.05 LT,"2,39€","47,80€ / LT",
PATE VACA P/ GATO 100G,ECO+,Emb. 0.1 KG,"0,27€","2,70€ / KG",
Azeite Virgem Extra Bio Frutado,GALLO,Emb. 0.75 LT,"4,99€","6,65€ / LT",
Gomas Amoras,COPAÍNS COPINES,Emb. 0.2 KG,"0,99€","4,95€ / KG",
PAO ESPECIAL TRIGO E CENTEIO INTEGRAL,EPI D'OR,Emb. 0.4 KG,"1,30€","3,25€ / KG",
SNACK CHIPZ MAÇÃ FRUUT 20G,,Emb. 0.02 KG,"0,85€","42,50€ / KG",
CREME LIMPEZA  750ML,CLAIR,Emb. 0.75 LT,"0,79€","1,05€ / LT",
Creme de Marisco,KNORR,Emb. 0.06 KG,"1,09€","18,17€ / KG",
Vodka Branca,NOVOTNA,Garrafa 0.7 LT,"7,99€","11,41€ / LT",
CARREGADOR HR6/HR3 + 4 PILHAS RECARREGAVEIS,FOXTER,Emb. 1 UNID.,"21,99€","21,99€ / UNID.",
Cookies Pepitas de Chocolate Nougat,P'TIT DÉLI,Emb. 0.2 KG,"1,45€","7,25€ / KG",
FAIRY MAO NATURALS LAVANDA 650ML,,Emb. 0.65 LT,"2,54€","3,91€ / LT",
Cápsulas Café Ristretto Ardenza Pack x3,DOLCE GUSTO,Emb. 48 CAPS.,"14,89€","0,31€ / CAPS.",
Amaciador Roupa Concentrado Elixir Lírios Azuis,QUANTO,Emb. 62 DOSES,"4,49€","0,07€ / DOSES",
Leite de Coco,TABLES DU MONDE,Emb. 0.2 LT,"1,09€","5,45€ / LT",
Fruta 100% Maçã Pêra +4 meses 4 Unid.,NESTLÉ,Emb. 0.4 KG,"2,19€","5,48€ / KG",
Preparado Canja de Galinha Económica,KNORR,Emb. 0.061 KG,"1,09€","17,87€ / KG",
Bolos com Recheio de Chocolate 14Unid.,,Emb. 0.42 KG,"2,15€","5,12€ / KG",
BEBIDA SOJA CHOCOLATE 3x250ML,ALPRO,Emb. 0.75 LT,"1,79€","2,39€ / LT",
MANJERICAO PICADO,RUSTICA,Emb. 0.05 KG,"1,29€","25,80€ / KG",
MINI BOLOS DE CHOCOLATE COM PEPITAS E COBERTURA DE CHOCOLATE,P'TIT DÉLI,Emb. 0.21 KG,"2,29€","10,90€ / KG",
Tablete Chocolate de Leite Familiar com Avelãs,DAIRY MILK,Emb. 0.12 KG,"2,59€","21,58€ / KG",
Rebuçados Sabor a Menta,ECO+,Emb. 0.24 KG,"0,89€","3,71€ / KG",
Café Cápsulas Pure Cevada,DELTA,Emb. 10 CAPS.,"2,47€","0,25€ / CAPS.",
MINI PIZZAS 3 QUEIJOS 9UN,TURINI,Emb. 0.27 KG,"2,39€","8,85€ / KG",
GEL EFEITO INVISIVEL C.CREATEUR 300ML,VITANOVE,Emb. 0.3 LT,"2,29€","7,63€ / LT",
Cerveja C/ Álcool 6x25cl,CARLSBERG,Emb. 1.5 LT,"3,59€","2,39€ / LT",
Petit Suisse de Chocolate 6 Unid.,NESTLÉ,Emb. 0.36 KG,"2,59€","7,19€ / KG",
Alimento Seco P/ Gato Free Dc Salmão,BEYOND,Emb. 0.325 KG,"3,99€","12,28€ / KG",
Café Delta Em Grão Torrado Chávena,DELTA,Emb. 1 KG,"12,99€","12,99€ / KG",
Néctar Clássico Tutti Frutti 3x20 cl,COMPAL,Emb. 0.6 LT,"1,49€","2,48€ / LT",
REQUEIJAO NATURAL VACA,QUEIJO NA TÁBUA,Emb. 0.17 KG,"0,95€","5,59€ / KG",
"CANETA ROLLER GEL RETRATIL AZUL 0,5MM",ESQUISSE,Emb. 1 UNID.,"0,59€","0,59€ / UNID.",
Molho Inglês,RUSTICA,Emb. 0.2 LT,"0,90€","4,50€ / LT",
Pensos,HANSAPLAST,Emb. 10 UNID.,"2,99€","0,30€ / UNID.",
Néctar Vital Equilíbrio Frutos Vermelhos,COMPAL,Emb. 0.33 LT,"0,84€","2,55€ / LT",
Caldo Natura de Legumes,KNORR,Emb. 0.112 KG,"1,49€","13,30€ / KG",
LIMPA TAPETE E ALCATIFA,CLAIR,Emb. 0.6 LT,"2,39€","3,98€ / LT",
Pizza com Queijo Mozzarella e Tomate Ultracongelado,BUITONI,Emb. 0.35 KG,"2,99€","8,54€ / KG",
Óleo para Bebé,JOHNSON'S BABY,Emb. 0.3 LT,"3,59€","11,97€ / LT",
Café Cápsulas Double,DELTA,Emb. 10 CAPS.,"3,29€","0,33€ / CAPS.",
MINI PETIT GATEAU CHOCOLATE 8UN,AUTOUR DU DESSERT,Emb. 0.192 KG,"3,99€","20,78€ / KG",
Amaciador Cabelos Total Repair,ELVIVE,Emb. 0.2 LT,"3,99€","19,95€ / LT",
JOGO 4 TAPETES UNIVERSAL 1UN TECH9,TECH9,Emb. 1 UNID.,"15,29€","15,29€ / UNID.",
Concentrado de Menta,FRUCCI,Garrafa 0.75 LT,"3,99€","5,32€ / LT",
Conserva Tomates Pelados Biológicos,,Lata 0.4 KG,"0,99€","2,48€ / KG",
Iogurte Mix-in Smarties 80% Leite 2 Unid.,NESTLÉ,Emb. 0.256 KG,"2,09€","8,16€ / KG",
DENTIFRICO COCO/ALOE VERA BIO,BIONAÏA,Emb. 0.075 LT,"1,99€","26,53€ / LT",
Iogurte Bifidus Cremoso Lima/Limão 4 Unid.,DANONE,Emb. 0.48 KG,"1,99€","4,15€ / KG",
Folhas de Salsa,RUSTICA,Frasco 0.012 KG,"0,54€","45,00€ / KG",
Bebida Côco,NAT&VIE,Emb. 1 LT,"1,79€","1,79€ / LT",
Douradinho de Vegetais 10 Unid. Ultracongelados,IGLO,Emb. 0.284 KG,"3,29€","11,58€ / KG",
Bolachas Tosta Rica Mini Go,CUÉTARA,Emb. 0.24 KG,"2,69€","11,21€ / KG",
Ice Tea de Limão 3x20 cl,LIPTON,Emb. 0.6 LT,"1,17€","1,95€ / LT",
Iogurte Bifidus Líquido Framboesa e Romã 4 Unid.,ACTIVIA,Emb. 0.62 KG,"1,89€","3,05€ / KG",
Tostas Briochés Nature,EPI D'OR,Emb. 0.125 KG,"1,25€","10,00€ / KG",
Gelatina Light Limão 4 Unid.,ROYAL,Emb. 0.4 KG,"2,19€","5,48€ / KG",
Ambientador Vela Frutos Vermelhos da Montanha,AIRWICK,Emb. 0.32 KG,"2,84€","8,88€ / KG",
MOUSSELINES P/ GATO 4X85G,LYCAT,Emb. 4 KG,"1,89€","0,47€ / KG",
Spray Limpeza Ecrãs,LINKSTER,Emb. 0.2 LT,"3,90€","19,50€ / LT",
Detergente de Lavagem à Mão Antibacteriano Concentrado,CIF,Emb. 0.6 LT,"1,49€","2,48€ / LT",
FEIJAO BRANCO 3X200G,NOTRE JARDIN,Emb. 0.6 KG,"1,75€","2,92€ / KG",
Luva Limpeza Tamanho S,MAMISON,Emb. 1 UNID.,"0,69€","0,69€ / UNID.",
Salsichas de Toulouse com Lentilhas Verdes,NOS RÉGIONS ONT DU TALENT,Emb. 0.3,"2,59€","8,63€ /",
Iogurte Magro + Gelatina Maracujá 4 Unid.,MIMOSA,Emb. 0.48 KG,"1,69€","3,52€ / KG",
Máscara Repara Azeite de Argão de Marrocos,HERBAL ESSENCES,Emb. 0.25 LT,"3,99€","15,96€ / LT",
Bolachas Cream Cracker,VIEIRA,Emb. 0.18 KG,"1,44€","8,00€ / KG",
Costeletas do Cachaço Porco,,1 Unid. = 0.2 KG (aprox.),"4,29€/kg","0,86€ / Unid.",
Açúcar Branco em Pedaços,,Emb. 1 KG,"1,19€","1,19€ / KG",
Durex Gel Intense Orgasmic,DUREX,Emb. 0.01 LT,"10,49€","1 049,00€ / LT",
Gin London Dry,TANQUERAY,Garrafa 0.7 LT,"24,49€","34,99€ / LT",
Pensos Higiénicos Maxi com Alas,EVAX,Emb. 11 UNID.,"1,99€","0,18€ / UNID.",
Alimento P/ Gato Adulto de Frango,PURINA,Emb. 3 KG,"22,99€","7,66€ / KG",
Cheetos Rolitos,CHEETOS,Emb. 0.1 KG,"1,65€","16,50€ / KG",
Iogurte Sólido Proteíco Stracciatella Lindahls,NESTLÉ,Emb. 0.15 KG,"1,09€","7,27€ / KG",
Chocolate Branco com Coco Torrado,TABLETTE D'OR,Emb. 0.2 KG,"2,19€","10,95€ / KG",
Pérolas de Perfume para Roupa,LENOR,Emb. 0.21 KG,"7,69€","36,62€ / KG",
Sumo de Arando Bio,,Emb. 1 LT,"2,59€","2,59€ / LT",
Deosodorizante Spray Invisible Black & White Fresh,NIVEA MEN,Emb. 0.15 L,"2,79€","18,60€ / L",
"AGUA FASTIO,,2.5L",FASTIO,,"1,29€",/ Unid.,
COLORAÇÃO BELLADY PERMANENTE Nº 30 CASTANHO ESCURO,BELLADY,Emb. 1 UNID.,"9,99€","9,99€ / UNID.",
Sabonete Sólido Flor Laranjeira,MANAVA,Emb. 0.1 KG,"0,59€","5,90€ / KG",
Alimento Completo Mistura para Caturras,INTERNUTRI,Emb. 1 KG,"1,63€","1,63€ / KG",
Salada Camponesa,,Emb. 0.225 KG,"1,07€","4,76€ / KG",
Conserva de Feijão Manteiga,NOTRE JARDIN,Lata 0.425 KG,"0,75€","1,76€ / KG",
Alimento Húmido P/ Gato Frango e Cenoura,GOURMET GOLD,Emb. 0.085 KG,"0,75€","8,82€ / KG",
VELA NUMERO - 8,ARDENCE,Emb. 1 UNID.,"0,89€","0,89€ / UNID.",
Bloco Sanitário Power 5 Blue Water Pink,DOMESTOS,Emb. 0.106 LT,"2,74€","25,85€ / LT",
Toalhitas Casa de Banho,CIF,Emb. 36 UNID.,"2,24€","0,06€ / UNID.",
Gelado Strawberry Merengue,CARTE D'OR,Emb. 0.9 LT,"3,29€","3,66€ / LT",
COCKTAIL 4 FRUTOS EM CALDA,DOUCEUR DU VERGER,Emb. 0.25 KG,"0,99€","3,96€ / KG",
PREPARADO PAO,TABLIER BLANC,Emb. 1 KG,"1,56€","1,56€ / KG",
Massa Macarronete GR,MILANEZA,Emb. 0.5 KG,"1,75€","3,50€ / KG",
Conjunto de 4 Recargas Desumidificador Saqueta Clorofila,FOXTER,Emb. 1 KG,"10,99€","10,99€ / KG",
QUEIJO FRESCO FRAMBOESA,DÉLISSE,Emb. 0.5 KG,"1,99€","3,98€ / KG",
SACOS LIXO ALTOS FECHO FACIL 50L,ELEMBAL,Emb. 15 UNID.,"1,89€","0,13€ / UNID.",
Conserva de Azeitona Preta Inteira,RUSTICA,Frasco 0.36 KG,"0,89€","2,47€ / KG",
DENTIFRICO ANTI.TARTARO,DENTAMYL,Emb. 0.075 LT,"0,99€","13,20€ / LT",
Mini Gelados Double Gold Caramelo Billionaire Pack 6,MAGNUM,Emb. 0.33 LT,"5,99€","18,15€ / LT",
Bolachas Ositos Sabor a Mel,ARTIACH,Emb. 4 UNID.,"2,09€","0,52€ / UNID.",
Polpa de Tomate 1Kg,GULOSO,Frasco 1 KG,"2,55€","2,55€ / KG",
AFTERSHAVE LOCAO SOFT GREEN 100ML,CARRÉ HOMME,Emb. 0.1 LT,"2,29€","22,90€ / LT",
Toalhitas Desmaquilhantes Pele Seca,INELL,Emb. 25 UNID.,"0,75€","0,03€ / UNID.",
GRELHADOR REDONDO ANTIADERENTE 25CM,ECO+,Emb. 1 UNID.,"6,99€","6,99€ / UNID.",
Amaciador Roupa Concentrado Supreme Pleasure,VERNEL,Emb. 52 DOSES,"3,99€","0,08€ / DOSES",
Toalhitas de Bolso Bebé,MOTS D'ENFANTS,Emb. 20 UNID.,"0,75€","0,04€ / UNID.",
Pipocas Coloridas,TOKAPI,Emb. 0.1 KG,"0,79€","7,90€ / KG",
Asia Pot Noodles de Pato,KNORR,Emb. 0.061 KG,"1,89€","30,98€ / KG",
Cola Pvc,FOXTER,Emb. 0.125 LT,"2,49€","19,92€ / LT",
Iogurte Líquido S/ Lactose Morango 4 Unid.,YOGGI,Emb. 0.64 KG,"2,19€","3,42€ / KG",
Néctar Clássico Maracujá,COMPAL,Emb. 1 LT,"1,69€","1,69€ / LT",
Dentífrico Infantil 3+ Anos,ORAL B,Emb. 0.75 LT,"2,59€","3,45€ / LT",
Snacks Palitos,CHEETOS,Emb. 0.096 KG,"1,65€","17,19€ / KG",
Iogurte Líquido Tutti Frutti 8 Unid.,YOGGI,Emb. 1.28 KG,"3,94€","3,08€ / KG",
Café Solúvel Cappuccino Intenso,NESCAFÉ,Emb. 0.125 KG,"3,19€","25,52€ / KG",
Vaporizador de Mão,ELSAY,Emb. 1 UNID.,"24,90€","24,90€ / UNID.",
Massa Lasanha C/ Ovo,MILANEZA,Emb. 0.5 KG,"2,59€","5,18€ / KG",
Refrigerante com Gás Laranja,FRISUMO,Garrafa 1.5 LT,"0,99€","0,66€ / LT",
GELADO 6 BAUNILHA / 6 CHOCOLATE,SMICY,Emb. 12 UNID.,"2,69€","0,22€ / UNID.",
Ambientador Absorve Odores Marinho 2x150gr,BRISE,Emb. 0.3 KG,"2,99€","9,97€ / KG",
Bolacha Redonda Recheio Chocolate,P'TIT DÉLI,Emb. 0.3 KG,"1,49€","4,97€ / KG",
Café Cápsulas Qharater Intensidade 9,DELTA,Emb. 10 CAPS.,"3,39€","0,34€ / CAPS.",
Tablete Chocolate Excellence Dark 85%,LINDT,Emb. 0.1 KG,"2,09€","20,90€ / KG",
ESPIRAIS,TURINI,Emb. 1 KG,"1,39€","1,39€ / KG",
MÁQUINA BARBEAR 3 LAMINAS DESCARTAVEL,CARRÉ HOMME,Emb. 8 UNID.,"4,99€","0,62€ / UNID.",
Whisky J&B Rare,J&B,Garrafa 0.7 LT,"16,99€","24,27€ / LT",
Cereais de Chocolate,NESQUIK,Emb. 0.625 KG,"3,44€","5,50€ / KG",
LEGUMES PRIMAVERA,BONDUELLE,Emb. 0.6 KG,"2,26€","3,77€ / KG",
Vinho Regional Alentejo Branco,MONTE VELHO,Garrafa 0.75 LT,"3,69€","4,92€ / LT",
Líquido Sanitário Desincrustante,NEOBLANC,Emb. 0.7 LT,"2,09€","2,99€ / LT",
Ração seca para gato junior c/ Frango,ULTIMA,Emb. 1.5 KG,"13,29€","8,86€ / KG",
Bolo de Bolacha,,Emb. 0.5 KG,"5,69€","11,38€ / KG",
Café Solúvel Clássico,NESCAFÉ,Emb. 10 SAQ.,"1,59€","0,16€ / SAQ.",
Conserva de Feijão Branco Cozido Da Horta,COMPAL,Emb. 0.42 KG,"0,99€","2,36€ / KG",
Pão de Forma Familiar,EPI D'OR,Emb. 0.8 KG,"1,29€","1,61€ / KG",
DECAPANTE FORNO COM SODA CAUSTICA,CLAIR,Emb. 0.5 LT,"1,79€","3,58€ / LT",
Tostas Integrais Biológicas,,Emb. 0.3 KG,"1,79€","5,97€ / KG",
Snacks de Batata Sabor a Cebola,TOKAPI,Emb. 0.17 KG,"1,95€","11,47€ / KG",
Desodorizante Roll-On Cobalt Blue,REXONA,Emb. 0.05 LT,"2,39€","47,80€ / LT",
KIT RECIPIENTES VIAGEM,RIVERSIDE,Emb. 1 UNID.,"4,99€","4,99€ / UNID.",
Café Cápsulas Decaffeinato Intensidade 2,PLANTATION,Emb. 10 CAPS.,"2,09€","0,21€ / CAPS.",
Martelo Arranca Pregos,FOXTER,Emb. 1 UNID.,"5,99€","5,99€ / UNID.",
Massa Talharim,MILANEZA,Emb. 0.5 KG,"1,85€","3,70€ / KG",
Snack Fruut Maça Vermelha Doce Sem Açúcar 60g,,Emb. 0.06 KG,"1,99€","33,17€ / KG",
Cueca de Banho Tam. S 7/12 Kg,MOTS D'ENFANTS,Emb. 12 UNID.,"4,99€","0,42€ / UNID.",
Tabs All-in-one 50 Limão Doy,SUN,Emb. 0.875 KG,"7,99€","9,13€ / KG",
Maionese com Sabor a Iogurte,HELLMANN'S,Emb. 0.433 KG,"4,39€","10,14€ / KG",
Miolo de Caju Cru,MARQUE REPERE,Emb. 0.25 KG,"3,55€","14,20€ / KG",
Gomas Aromatizadas Planch Acide Fruits,COPAÍNS COPINES,Emb. 0.225 KG,"1,39€","6,18€ / KG",
PILHAS LITIO CR2032,FOXTER,Emb. 5 UNID.,"2,49€","0,50€ / UNID.",
IOGURTE LIQUIDO NATURAL ACUCARADO,DÉLISSE,Emb. 1 KG,"2,19€","2,19€ / KG",
Licor Beirão,BEIRÃO,Garrafa 0.7 LT,"10,99€","15,70€ / LT",
Vinagre Balsâmico de Sidra,GALLO,Emb. 0.25 LT,"1,86€","7,44€ / LT",
Johnson's Gel de Banho Cotton Touch,JOHNSON'S BABY,Emb. 0.5,"3,89€","7,78€ /",
Queijo Bola Pequenina,LIMIANO,Emb. 0.6 KG,"5,69€","9,48€ / KG",
Lápis para Colorir,ESQUISSE,Emb. 12 UNID.,"1,99€","0,17€ / UNID.",
Tostas Crocantes de Trigo,EPI D'OR,Emb. 0.25 KG,"1,19€","4,76€ / KG",
Refrigerante S/ Gás Tropical Zero,JAFUN,Emb. 2 LT,"1,55€","0,78€ / LT",
Pão De Forma Rústico 0% Açúcar,PANRICO,Emb. 0.375 KG,"2,09€","5,57€ / KG",
"Iogurte Líquido Magro Manga, Maracujá e Goji 4x155g",CORPOS DANONE,Emb. 0.62 Kg,"1,79€","2,89€ / Kg",
Esfregona Suave com Cabo,VILEDA,Emb. 1 UNID.,"8,00€","8,00€ / UNID.",
Pack 4 Escovas de Dentes Média Triple Action,COLGATE,Emb. 1 UNID.,"3,69€","3,69€ / UNID.",
Alimento Seco P/ Gato Especial Pele e Pêlo,PURINA,Emb. 0.8 KG,"6,99€","8,74€ / KG",
PEDACOS ATUM/SALMAO LEGUMES P/ GATO  410G,ECO+,Emb. 0.415 KG,"0,65€","1,57€ / KG",
SPRAY LIMPA JANTES 1 L 1L TECH9,TECH9,Emb. 1 LT,"3,99€","3,99€ / LT",
DETERGENTE MANUAL LOICA ULTRA LIMAO 500ML,VISIOR,Emb. 0.5 LT,"0,89€","1,78€ / LT",
ALIMENT BEBE: SOBREMESA LACTEA DE FRAMBOESA +6M  4X100G,BIO VILLAGE BEBE,Emb. 0.4 KG,"2,29€","5,73€ / KG",
Pacotinho de Frutas Banana Maçã S/ Glúten +4 meses,NESTLÉ BEBÉ,Emb. 0.09 KG,"1,05€","11,67€ / KG",
PASTILHA ELASTICA MORANGO BOX x70,NEW'R,Emb. 0.1 KG,"1,80€","18,00€ / KG",
Batido de Cacau S/ Lactose,CACAOLAT,Emb. 1 LT,"1,54€","1,54€ / LT",
Snack P/ Gato Crispies C/ Sabor a Salmão e Truta,FELIX,Emb. 0.45 KG,"1,89€","4,20€ / KG",
Infusão SOS Garganta,LIPTON,Emb. 20 SAQS,"1,49€","0,07€ / SAQS",
Tostas com Baixo teor de Sal 36Unid.,EPI D'OR,Emb. 0.3 KG,"1,39€","4,63€ / KG",
Cerveja com Álcool 15x33cl,SUPER BOCK,Emb. 4.95 LT,"9,99€","2,02€ / LT",
Sumo de Laranja S/ Polpa 100%,JAFADEN,Emb. 2 LT,"2,75€","1,38€ / LT",
Mistura de Frutos Secos e Uvas-Passas,,Emb. 0.2 KG,"1,99€","9,95€ / KG",
ESCOVA DE DENTES A PILHAS,DENTAMYL,Emb. 1 UNID.,"5,10€","5,10€ / UNID.",
Carregador Universal,FOXTER,Emb. 1 UNID.,"25,99€","25,99€ / UNID.",
Queijo Meio Gordo Pequeno,PAIVA,1 Unid. = 0.55 KG  (aprox.),,,
Mistura de Legumes Ultracongelado c/ Saquetas Tempero,NOTRE JARDIN,Emb. 1 KG,"2,99€","2,99€ / KG",
Dentífrico Limpeza Refrescante,ORAL B,Emb. 0.075 LT,"1,94€","25,87€ / LT",
CHOCOLATE AVELAS E PASSAS,TABLETTE D'OR,Emb. 0.2 KG,"1,79€","8,95€ / KG",
Chipicao Croissant Multipack Creme de Cacau,CHIPICAO,Emb. 0.25 KG,"3,09€","12,36€ / KG",
Costeletas de Lombo Porco,,1 Unid. = 0.3 KG (aprox.),"3,99€/kg","1,20€ / Unid.",
Cevada Solúvel com Cereais,DELTA,Emb. 0.2 KG,"2,84€","14,20€ / KG",
WC Gel Flores de Primavera,NEOBLANC,Emb. 0.7 LT,"2,09€","2,99€ / LT",
Pão Tostado Integral,EPI D'OR,Emb. 0.2 KG,"0,99€","4,95€ / KG",
Tostas de 6 Cereais,EPI D'OR,Emb. 0.3 KG,"1,45€","4,83€ / KG",
Queijo Le Brie,PRÉSIDENT,Emb. 0.2 KG,"3,78€","18,90€ / KG",
Nata UHT Culinária,MIMOSA,Emb. 0.2 LT,"0,89€","4,45€ / LT",
Amaciador Roupa Concentrado Jasmim Fresco e Lavanda Selvagem,BOTANICAL ORIGIN,Emb. 45 DOSES,"3,99€","0,09€ / DOSES",
Ambientador gel ocean adventure,GLADE,Emb. 0.18 LT,"2,99€","16,61€ / LT",
Vinho Regional Douro Branco,TONS DUORUM,Garrafa 0.75 LT,"5,49€","7,32€ / LT",
FUSILLI A BOLONHESA,COTE SNACK,Emb. 0.3 KG,"2,29€","7,63€ / KG",
Terrina Campestre Biológica,,Emb. 0.18 KG,"2,59€","14,39€ / KG",
Refrigerante S/ Gás Laranja 0 Açúcares,AQUARIUS,Emb. 1.5 LT,"2,00€","1,33€ / LT",
Caldo para Bifes 8 Cubos,KNORR,Emb. 0.08 KG,"1,39€","17,38€ / KG",
Mini Bolos de Mármore de Chocolate,P'TIT DÉLI,Emb. 0.189 KG  (aprox.),"1,55€","8,20€ / KG",
ACHOCOLATADO GRANULADO,TABLETTE D'OR,Emb. 0.8 KG,"2,99€","3,74€ / KG",
Yofu Framboesa/Amora 4x125g,ALPRO,Emb. 0.5 KG,"2,89€","5,78€ / KG",
Caldo de Galinha,KNORR,Emb. 0.36 KG,"4,54€","12,61€ / KG",
Alimento Húmido P/ Gato Diamante Atum C/ Camarões,PURINA,Emb. 0.09 KG,"1,49€","16,56€ / KG",
CONJUNTO 4 CANETAS AZUL 1MM,ESQUISSE,Emb. 4 UNID.,"1,59€","0,40€ / UNID.",
Puré Fruta Vários Sabores S/ Adição Açúcares,DOUCEUR DU VERGER,Emb. 1.6 KG,"3,99€","2,49€ / KG",
Pastilhas Elásticas sem Açúcar Sabor Menta,NEW'R,Emb. 70 UNID.,"1,80€","0,03€ / UNID.",
"CANETA ROLLER GEL PRETA 0,5MM",ESQUISSE,Emb. 2 UNID.,"1,25€","0,63€ / UNID.",
Refrigerante C/ Gás Pack 4,COCA COLA,Emb. 4 LT,"5,20€","1,30€ / LT",
Cereais de Trigo Integral,FITNESS,Emb. 0.375 KG,"2,69€","7,17€ / KG",
Iogurte Líquido Morango 4x155g,DANONE,Emb. 0.62 KG,"1,69€","2,73€ / KG",
Iogurte Líquido Danonino Bebedino Morango 4x100g,DANONE,Emb. 0.4 KG,"1,79€","4,48€ / KG",
Detergente Líquido p/ Máquina de Roupa,SKIP,Emb. 70 DOSES,"19,99€","0,29€ / DOSES",
Azeite Tradicional,SERRATA,Garrafa 0.75 LT,"3,59€","4,79€ / LT",
Tiras P/ Periquitos Sabor Fruta,TOUS MES AMIS,Emb. 0.06 KG,"1,69€","28,17€ / KG",
Chantilly Light,,Spray 0.25 KG,"1,45€","5,80€ / KG",
BOLACHAS AREADAS CEREAIS C/ BASE CHOC LEITE POCKET,P'TIT DÉLI,Emb. 0.225 KG,"2,19€","9,73€ / KG",
LULAS EM CALDEIRADA,PÊCHE OCÉAN,Emb. 120 KG,"1,29€","0,01€ / KG",
Manga Aérea,,1 Unid. = 0.5 KG (aprox.),"4,49€/kg","2,25€ / Unid.",
PURE MACA/PERA SEM ADICAO ACUCAR BISNAGA BIO,,Emb. 0.36 KG,"2,39€","6,64€ / KG",
Leite Condensado Magro,NESTLÉ,Lata 0.387 KG,"1,49€","3,85€ / KG",
WAFFERS EXTRA FINAS MORANGO E MORANGO SILVESTRE,P'TIT DÉLI,Emb. 0.16 KG,"1,79€","11,19€ / KG",
Sabonete Líquido Naturals Pele Sensível,PALMOLIVE,Emb. 0.3 LT,"3,79€","12,63€ / LT",
ESCOVA DENTES MACIA CABECA RECARREGAVEL,DENTAMYL,,"1,25€",/ Unid.,
FIO DENTARIO EM ARCO 50UN,DENTAMYL,Emb. 50 UNID.,"1,49€","0,03€ / UNID.",
WC Frescura Contínua,NEO BLANC,Emb. 1 UNID.,"2,24€","2,24€ / UNID.",
RECARGA A4 100GR QUAD 100P,ESQUISSE,Emb. 1 UNID.,"2,19€","2,19€ / UNID.",
Bacalhau Seleção Especial Noruega Asa Preta,,1 Unid. = 4 KG (aprox.),"14,99€/kg","59,96€ / Unid.",
Queijo Petit St Nectaire DOP,NOS RÉGIONS ONT DU TALENT,Emb. 0.6 KG,"6,99€","11,65€ / KG",
Delícias com Forma de Lagosta Ultracongelado,PESCANOVA,Emb. 0.255 KG,"2,99€","11,73€ / KG",
Cola Cyano,FOXTER,Emb. 0.01 KG,"2,49€","249,00€ / KG",
Café Ricoré,DOLCE GUSTO,Emb. 16 CAPS.,"5,99€","0,37€ / CAPS.",
Massa Ondas,MILANEZA,Emb. 0.5 KG,"1,86€","3,72€ / KG",
Detergente Loiça Manual Limão,FAIRY,Emb. 2.38 LT,"6,74€","2,83€ / LT",
Dentífrico Herbal White,COLGATE,Emb. 0.075 LT,"2,49€","33,20€ / LT",
Vinho Regional Douro Tinto,VILA REGIA,Emb. 0.75 LT,"2,99€","3,99€ / LT",
Bife Pojadouro de Novilho,,1 Unid. = 0.25 KG (aprox.),"6,49€/kg","1,62€ / Unid.",
Couve Flor em Floretes Ultracongelado,,Emb. 1 KG,"1,29€","1,29€ / KG",
Queijo Fresco Meio Gordo,SANTIAGO,Emb. 0.08 KG,"0,79€","9,88€ / KG",
Ice Tea Pêssego,LIPTON,Emb. 1 LT,"1,29€","1,29€ / LT",
Paté para Cão de Truta e Salmão,TOUS MES AMIS,Emb. 0.3 KG,"0,79€","2,63€ / KG",
OIKOS NATURAL ACUCARADO 110x4,OIKOS,Emb. 0.44 KG,"2,39€","5,43€ / KG",
Desodorizante Aloe Sensitive Spray,VASELINE,Emb. 0.25 LT,"2,19€","8,76€ / LT",
Whisky Passport Scotch,PASSPORT,Garrafa 0.7 LT,"10,49€","14,99€ / LT",
Vinagre Sidra Biológico,,Garrafa 0.75 LT,"2,24€","2,99€ / LT",
RATO S/FIO SILENCIOSO PRETO,LINKSTER,Emb. 1 UNID.,"12,90€","12,90€ / UNID.",
FIAMBRE PERNA EXTRA FINISSIMO,CAMPO FINO,Emb. 0.15 KG,"1,29€","8,60€ / KG",
